tradeTime,cusip,issueSymbolIdentifier,priceType,reportingSideCode,contraPartyTypeCode,tradeDate,reportedTradeVolume,lastSaleYield,lastSalePrice
08:00:07,91282CKS9,TSRYS5814779,D,S,D,2024-05-29,4000000.00,4.963221,99.833984375
08:00:07,91282CKS9,TSRYS5814779,D,S,D,2024-05-29,2000000.00,4.963221,99.833984375
08:00:07,91282CKS9,TSRYS5814779,D,S,D,2024-05-29,1000000.00,4.963221,99.833984375
08:00:07,91282CKS9,TSRYS5814779,D,S,D,2024-05-29,2000000.00,4.963221,99.833984375
08:00:07,91282CKS9,TSRYS5814779,D,S,D,2024-05-29,3000000.00,4.959065,99.841796875
08:00:07,91282CKS9,TSRYS5814779,D,S,D,2024-05-29,1000000.00,4.959065,99.841796875
08:00:07,91282CKS9,TSRYS5814779,D,S,D,2024-05-29,1000000.00,4.959065,99.841796875
08:00:07,91282CKS9,TSRYS5814779,D,S,T,2024-05-29,1000000.00,4.959065,99.841796875
08:00:07,91282CKS9,TSRYS5814779,D,S,D,2024-05-29,3000000.00,4.959065,99.841796875
08:00:07,91282CKS9,TSRYS5814779,D,S,T,2024-05-29,1000000.00,4.959065,99.841796875
08:00:07,91282CKS9,TSRYS5814779,D,S,D,2024-05-29,4000000.00,4.959065,99.841796875
08:00:07,91282CKS9,TSRYS5814779,D,S,D,2024-05-29,1000000.00,4.959065,99.841796875
08:00:07,91282CKS9,TSRYS5814779,D,S,D,2024-05-29,4000000.00,4.959065,99.841796875
08:00:07,91282CKS9,TSRYS5814779,D,S,T,2024-05-29,1000000.00,4.959065,99.841796875
08:00:07,91282CKS9,TSRYS5814779,D,S,D,2024-05-29,4000000.00,4.959065,99.841796875
08:00:07,91282CKS9,TSRYS5814779,D,S,T,2024-05-29,4000000.00,4.959065,99.841796875
08:00:07,91282CKS9,TSRYS5814779,D,S,D,2024-05-29,1000000.00,4.959065,99.841796875
08:00:07,91282CKS9,TSRYS5814779,D,S,D,2024-05-29,1000000.00,4.959065,99.841796875
08:00:07,91282CKS9,TSRYS5814779,D,S,D,2024-05-29,1000000.00,4.959065,99.841796875
08:00:07,91282CKS9,TSRYS5814779,D,S,D,2024-05-29,1000000.00,4.959065,99.841796875
08:00:07,91282CKS9,TSRYS5814779,D,S,D,2024-05-29,1000000.00,4.959065,99.841796875
08:00:07,91282CKS9,TSRYS5814779,D,S,D,2024-05-29,1000000.00,4.959065,99.841796875
08:00:07,91282CKS9,TSRYS5814779,D,S,D,2024-05-29,1000000.00,4.959065,99.841796875
08:00:07,91282CKS9,TSRYS5814779,D,S,D,2024-05-29,4000000.00,4.961143,99.837890625
08:00:07,91282CKS9,TSRYS5814779,D,S,D,2024-05-29,1000000.00,4.961143,99.837890625
08:00:07,91282CKS9,TSRYS5814779,D,S,D,2024-05-29,4000000.00,4.961143,99.837890625
08:00:07,91282CKS9,TSRYS5814779,D,S,D,2024-05-29,1000000.00,4.961143,99.837890625
08:00:07,91282CKS9,TSRYS5814779,D,S,D,2024-05-29,1000000.00,4.961143,99.837890625
08:00:07,91282CKS9,TSRYS5814779,D,S,T,2024-05-29,2000000.00,4.962182,99.8359375
08:00:07,91282CKS9,TSRYS5814779,D,S,D,2024-05-29,1000000.00,4.962182,99.8359375
08:00:07,91282CKS9,TSRYS5814779,D,S,D,2024-05-29,1000000.00,4.962182,99.8359375
08:00:07,91282CKS9,TSRYS5814779,D,S,D,2024-05-29,4000000.00,4.962182,99.8359375
08:00:07,91282CKS9,TSRYS5814779,D,S,D,2024-05-29,4000000.00,4.962182,99.8359375
08:00:07,91282CKS9,TSRYS5814779,D,S,D,2024-05-29,1000000.00,4.962182,99.8359375
08:00:07,91282CKS9,TSRYS5814779,D,S,D,2024-05-29,4000000.00,4.962182,99.8359375
08:00:07,91282CKS9,TSRYS5814779,D,S,T,2024-05-29,1000000.00,4.958026,99.84375
08:00:07,91282CKS9,TSRYS5814779,D,S,D,2024-05-29,4000000.00,4.950755,99.857421875
08:00:07,91282CKS9,TSRYS5814779,D,S,D,2024-05-29,3000000.00,4.95491,99.849609375
08:00:07,91282CKS9,TSRYS5814779,D,S,D,2024-05-29,3000000.00,4.955948,99.84765625
08:00:07,91282CKS9,TSRYS5814779,D,S,D,2024-05-29,3000000.00,4.955948,99.84765625
08:00:07,91282CKS9,TSRYS5814779,D,S,D,2024-05-29,3000000.00,4.955948,99.84765625
08:00:07,91282CKS9,TSRYS5814779,D,S,T,2024-05-29,3000000.00,4.955948,99.84765625
08:00:07,91282CKS9,TSRYS5814779,D,S,T,2024-05-29,1000000.00,4.955948,99.84765625
08:00:07,91282CKS9,TSRYS5814779,D,S,T,2024-05-29,2000000.00,4.955948,99.84765625
08:00:07,91282CKS9,TSRYS5814779,D,S,D,2024-05-29,2000000.00,4.955948,99.84765625
08:00:07,91282CKS9,TSRYS5814779,D,S,D,2024-05-29,3000000.00,4.955948,99.84765625
08:00:07,91282CKS9,TSRYS5814779,D,S,D,2024-05-29,1000000.00,4.95491,99.849609375
08:00:07,91282CKS9,TSRYS5814779,D,S,D,2024-05-29,2000000.00,4.952832,99.853515625
08:00:07,91282CKS9,TSRYS5814779,D,S,T,2024-05-29,1000000.00,4.958026,99.84375
08:00:07,91282CKS9,TSRYS5814779,D,S,T,2024-05-29,1000000.00,4.958026,99.84375
08:00:07,91282CKS9,TSRYS5814779,D,S,T,2024-05-29,3000000.00,4.961143,99.837890625
08:00:07,91282CKS9,TSRYS5814779,D,S,D,2024-05-29,1850000.00,4.966338,99.828125
08:00:07,91282CKS9,TSRYS5814779,D,S,D,2024-05-29,1000000.00,4.969455,99.822265625
08:00:07,91282CKS9,TSRYS5814779,D,S,D,2024-05-29,1000000.00,4.969455,99.822265625
08:00:07,91282CKS9,TSRYS5814779,D,S,D,2024-05-29,1000000.00,4.969455,99.822265625
08:00:07,91282CKS9,TSRYS5814779,D,S,D,2024-05-29,1000000.00,4.969455,99.822265625
08:00:07,91282CKS9,TSRYS5814779,D,S,D,2024-05-29,1000000.00,4.969455,99.822265625
08:00:07,91282CKS9,TSRYS5814779,D,S,D,2024-05-29,1000000.00,4.969455,99.822265625
08:00:07,91282CKS9,TSRYS5814779,D,S,D,2024-05-29,1000000.00,4.969455,99.822265625
08:00:07,91282CKS9,TSRYS5814779,D,S,D,2024-05-29,1000000.00,4.969455,99.822265625
08:00:07,91282CKS9,TSRYS5814779,D,S,D,2024-05-29,1000000.00,4.969455,99.822265625
08:00:07,91282CKS9,TSRYS5814779,D,S,D,2024-05-29,1000000.00,4.969455,99.822265625
08:00:07,91282CKS9,TSRYS5814779,D,S,D,2024-05-29,1000000.00,4.967377,99.826171875
08:00:07,91282CKS9,TSRYS5814779,D,S,D,2024-05-29,24050000.00,4.941408,99.875
08:00:07,91282CKS9,TSRYS5814779,D,S,D,2024-05-29,96100000.00,4.941408,99.875
08:00:07,91282CKS9,TSRYS5814779,D,S,D,2024-05-29,250MM+,4.941408,99.875
08:00:07,91282CKS9,TSRYS5814779,D,S,D,2024-05-29,22900000.00,4.941408,99.875
08:00:07,91282CKS9,TSRYS5814779,D,S,T,2024-05-29,1000000.00,4.960104,99.83984375
08:00:07,91282CKS9,TSRYS5814779,D,S,T,2024-05-29,1000000.00,4.958026,99.84375
08:00:07,91282CKS9,TSRYS5814779,D,S,T,2024-05-29,1000000.00,4.951793,99.85546875
08:00:07,91282CKS9,TSRYS5814779,D,S,T,2024-05-29,1000000.00,4.955948,99.84765625
08:00:07,91282CKS9,TSRYS5814779,D,S,T,2024-05-29,2000000.00,4.958026,99.84375
08:00:07,91282CKS9,TSRYS5814779,D,S,D,2024-05-29,46150000.00,4.941408,99.875
08:00:07,91282CKS9,TSRYS5814779,D,S,T,2024-05-29,2000000.00,4.959065,99.841796875
08:00:07,91282CKS9,TSRYS5814779,D,S,T,2024-05-29,2000000.00,4.959065,99.841796875
08:00:08,91282CKS9,TSRYS5814779,D,S,T,2024-05-29,2000000.00,4.960104,99.83984375
08:00:08,91282CKS9,TSRYS5814779,D,S,T,2024-05-29,2000000.00,4.960104,99.83984375
08:00:08,91282CKS9,TSRYS5814779,D,S,T,2024-05-29,2000000.00,4.959065,99.841796875
08:00:08,91282CKS9,TSRYS5814779,D,S,T,2024-05-29,1000000.00,4.960104,99.83984375
08:00:08,91282CKS9,TSRYS5814779,D,S,T,2024-05-29,1000000.00,4.960104,99.83984375
08:00:08,91282CKS9,TSRYS5814779,D,S,T,2024-05-29,1000000.00,4.960104,99.83984375
08:00:08,91282CKS9,TSRYS5814779,D,S,T,2024-05-29,1000000.00,4.960104,99.83984375
08:00:08,91282CKS9,TSRYS5814779,D,S,T,2024-05-29,2000000.00,4.961143,99.837890625
08:00:08,91282CKS9,TSRYS5814779,D,S,T,2024-05-29,1000000.00,4.961143,99.837890625
08:00:08,91282CKS9,TSRYS5814779,D,S,T,2024-05-29,1000000.00,4.961143,99.837890625
08:00:09,91282CKS9,TSRYS5814779,D,S,A,2024-05-29,125800000.00,4.958026,99.84375
08:00:11,91282CKS9,TSRYS5814779,D,S,T,2024-05-29,1000000.00,4.953871,99.8515625
08:00:11,91282CKS9,TSRYS5814779,D,S,T,2024-05-29,1000000.00,4.953871,99.8515625
08:00:11,91282CKS9,TSRYS5814779,D,S,T,2024-05-29,1000000.00,4.953871,99.8515625
08:00:11,91282CKS9,TSRYS5814779,D,S,D,2024-05-29,1000000.00,4.956987,99.845703125
08:00:11,91282CKS9,TSRYS5814779,D,S,D,2024-05-29,1000000.00,4.959065,99.841796875
08:00:11,91282CKS9,TSRYS5814779,D,S,D,2024-05-29,1000000.00,4.959065,99.841796875
08:00:11,91282CKS9,TSRYS5814779,D,S,D,2024-05-29,1000000.00,4.959065,99.841796875
08:00:11,91282CKS9,TSRYS5814779,D,S,D,2024-05-29,1000000.00,4.959065,99.841796875
08:00:11,91282CKS9,TSRYS5814779,D,S,D,2024-05-29,1000000.00,4.959065,99.841796875
08:00:11,91282CKS9,TSRYS5814779,D,S,D,2024-05-29,1000000.00,4.959065,99.841796875
08:00:12,91282CKS9,TSRYS5814779,D,S,T,2024-05-29,1000000.00,4.961143,99.837890625
08:00:12,91282CKS9,TSRYS5814779,D,S,T,2024-05-29,1000000.00,4.961143,99.837890625
08:00:12,91282CKS9,TSRYS5814779,D,S,T,2024-05-29,1000000.00,4.962182,99.8359375
08:00:12,91282CKS9,TSRYS5814779,D,S,T,2024-05-29,2000000.00,4.96426,99.83203125
08:00:12,91282CKS9,TSRYS5814779,D,S,T,2024-05-29,1000000.00,4.96426,99.83203125
08:00:12,91282CKS9,TSRYS5814779,D,S,T,2024-05-29,1000000.00,4.962182,99.8359375
08:00:12,91282CKS9,TSRYS5814779,D,S,T,2024-05-29,1000000.00,4.961143,99.837890625
08:00:12,91282CKS9,TSRYS5814779,D,S,T,2024-05-29,1000000.00,4.962182,99.8359375
08:00:12,91282CKS9,TSRYS5814779,D,S,D,2024-05-29,1000000.00,4.961143,99.837890625
08:00:12,91282CKS9,TSRYS5814779,D,S,T,2024-05-29,1000000.00,4.961143,99.837890625
08:00:12,91282CKS9,TSRYS5814779,D,S,T,2024-05-29,4000000.00,4.962182,99.8359375
08:00:12,91282CKS9,TSRYS5814779,D,S,T,2024-05-29,3000000.00,4.962182,99.8359375
08:00:12,91282CKS9,TSRYS5814779,D,S,T,2024-05-29,1000000.00,4.970494,99.8203125
08:00:12,91282CKS9,TSRYS5814779,D,S,T,2024-05-29,5000000.00,4.970494,99.8203125
08:00:12,91282CKS9,TSRYS5814779,D,S,T,2024-05-29,1000000.00,4.970494,99.8203125
08:00:12,91282CKS9,TSRYS5814779,D,S,T,2024-05-29,1000000.00,4.975691,99.810546875
08:00:12,91282CKS9,TSRYS5814779,D,S,T,2024-05-29,1000000.00,4.972573,99.81640625
08:00:12,91282CKS9,TSRYS5814779,D,S,T,2024-05-29,5000000.00,4.972573,99.81640625
08:00:12,91282CKS9,TSRYS5814779,D,S,T,2024-05-29,1000000.00,4.972573,99.81640625
08:00:12,91282CKS9,TSRYS5814779,D,S,T,2024-05-29,1000000.00,4.972573,99.81640625
08:00:12,91282CKS9,TSRYS5814779,D,S,T,2024-05-29,1000000.00,4.966338,99.828125
08:00:12,91282CKS9,TSRYS5814779,D,S,D,2024-05-29,1000000.00,4.965299,99.830078125
08:00:12,91282CKS9,TSRYS5814779,D,S,T,2024-05-29,1000000.00,4.965299,99.830078125
08:00:12,91282CKS9,TSRYS5814779,D,S,T,2024-05-29,1000000.00,4.965299,99.830078125
08:00:12,91282CKS9,TSRYS5814779,D,S,T,2024-05-29,1000000.00,4.965299,99.830078125
08:00:12,91282CKS9,TSRYS5814779,D,S,T,2024-05-29,1000000.00,4.96426,99.83203125
08:00:12,91282CKS9,TSRYS5814779,D,S,T,2024-05-29,1000000.00,4.958026,99.84375
08:00:12,91282CKS9,TSRYS5814779,D,S,T,2024-05-29,1000000.00,4.961143,99.837890625
08:00:12,91282CKS9,TSRYS5814779,D,S,T,2024-05-29,1000000.00,4.959065,99.841796875
08:00:12,91282CKS9,TSRYS5814779,D,S,T,2024-05-29,1000000.00,4.959065,99.841796875
08:00:12,91282CKS9,TSRYS5814779,D,S,T,2024-05-29,1000000.00,4.959065,99.841796875
08:00:12,91282CKS9,TSRYS5814779,D,S,T,2024-05-29,1000000.00,4.959065,99.841796875
08:00:12,91282CKS9,TSRYS5814779,D,S,T,2024-05-29,1000000.00,4.959065,99.841796875
08:00:12,91282CKS9,TSRYS5814779,D,S,T,2024-05-29,1000000.00,4.959065,99.841796875
08:00:12,91282CKS9,TSRYS5814779,D,S,T,2024-05-29,1000000.00,4.959065,99.841796875
08:00:12,91282CKS9,TSRYS5814779,D,S,T,2024-05-29,1000000.00,4.959065,99.841796875
08:00:12,91282CKS9,TSRYS5814779,D,S,D,2024-05-29,1000000.00,4.959065,99.841796875
08:00:12,91282CKS9,TSRYS5814779,D,S,D,2024-05-29,1000000.00,4.959065,99.841796875
08:00:12,91282CKS9,TSRYS5814779,D,S,D,2024-05-29,1000000.00,4.959065,99.841796875
08:00:12,91282CKS9,TSRYS5814779,D,S,D,2024-05-29,1000000.00,4.959065,99.841796875
08:00:12,91282CKS9,TSRYS5814779,D,S,D,2024-05-29,1000000.00,4.959065,99.841796875
08:00:12,91282CKS9,TSRYS5814779,D,S,D,2024-05-29,1000000.00,4.959065,99.841796875
08:00:12,91282CKS9,TSRYS5814779,D,S,D,2024-05-29,1000000.00,4.959065,99.841796875
08:00:12,91282CKS9,TSRYS5814779,D,S,T,2024-05-29,1000000.00,4.959065,99.841796875
08:00:12,91282CKS9,TSRYS5814779,D,S,T,2024-05-29,1000000.00,4.959065,99.841796875
08:00:12,91282CKS9,TSRYS5814779,D,S,T,2024-05-29,1000000.00,4.959065,99.841796875
08:00:12,91282CKS9,TSRYS5814779,D,S,T,2024-05-29,1000000.00,4.959065,99.841796875
08:00:12,91282CKS9,TSRYS5814779,D,S,T,2024-05-29,1000000.00,4.959065,99.841796875
08:00:12,91282CKS9,TSRYS5814779,D,S,T,2024-05-29,1000000.00,4.959065,99.841796875
08:00:12,91282CKS9,TSRYS5814779,D,S,T,2024-05-29,1000000.00,4.959065,99.841796875
08:00:12,91282CKS9,TSRYS5814779,D,S,D,2024-05-29,1000000.00,4.958026,99.84375
08:00:12,91282CKS9,TSRYS5814779,D,S,D,2024-05-29,1000000.00,4.959065,99.841796875
08:00:12,91282CKS9,TSRYS5814779,D,S,D,2024-05-29,1000000.00,4.959065,99.841796875
08:00:12,91282CKS9,TSRYS5814779,D,S,T,2024-05-29,1000000.00,4.960104,99.83984375
08:00:12,91282CKS9,TSRYS5814779,D,S,T,2024-05-29,1000000.00,4.961143,99.837890625
08:00:12,91282CKS9,TSRYS5814779,D,S,T,2024-05-29,1000000.00,4.958026,99.84375
08:00:12,91282CKS9,TSRYS5814779,D,S,T,2024-05-29,11000000.00,4.958026,99.84375
08:00:12,91282CKS9,TSRYS5814779,D,S,T,2024-05-29,1000000.00,4.962182,99.8359375
08:00:12,91282CKS9,TSRYS5814779,D,S,T,2024-05-29,1000000.00,4.960104,99.83984375
08:00:12,91282CKS9,TSRYS5814779,D,S,T,2024-05-29,1000000.00,4.960104,99.83984375
08:00:12,91282CKS9,TSRYS5814779,D,S,T,2024-05-29,1000000.00,4.960104,99.83984375
08:00:12,91282CKS9,TSRYS5814779,D,S,D,2024-05-29,1000000.00,4.961143,99.837890625
08:00:12,91282CKS9,TSRYS5814779,D,S,D,2024-05-29,1000000.00,4.961143,99.837890625
08:00:12,91282CKS9,TSRYS5814779,D,S,T,2024-05-29,1000000.00,4.961143,99.837890625
08:00:12,91282CKS9,TSRYS5814779,D,S,T,2024-05-29,1000000.00,4.961143,99.837890625
08:00:12,91282CKS9,TSRYS5814779,D,S,T,2024-05-29,1000000.00,4.962182,99.8359375
08:00:12,91282CKS9,TSRYS5814779,D,S,T,2024-05-29,1000000.00,4.962182,99.8359375
08:00:12,91282CKS9,TSRYS5814779,D,S,T,2024-05-29,1000000.00,4.962182,99.8359375
08:00:12,91282CKS9,TSRYS5814779,D,S,T,2024-05-29,1000000.00,4.962182,99.8359375
08:00:12,91282CKS9,TSRYS5814779,D,S,T,2024-05-29,1000000.00,4.963221,99.833984375
08:00:12,91282CKS9,TSRYS5814779,D,S,T,2024-05-29,1000000.00,4.962182,99.8359375
08:00:12,91282CKS9,TSRYS5814779,D,S,D,2024-05-29,2000000.00,4.955948,99.84765625
08:00:12,91282CKS9,TSRYS5814779,D,S,T,2024-05-29,1000000.00,4.958026,99.84375
08:00:12,91282CKS9,TSRYS5814779,D,S,T,2024-05-29,1000000.00,4.960104,99.83984375
08:00:12,91282CKS9,TSRYS5814779,D,S,D,2024-05-29,1000000.00,4.956987,99.845703125
08:00:12,91282CKS9,TSRYS5814779,D,S,T,2024-05-29,1000000.00,4.95491,99.849609375
08:00:12,91282CKS9,TSRYS5814779,D,S,D,2024-05-29,1000000.00,4.950755,99.857421875
08:00:12,91282CKS9,TSRYS5814779,D,S,T,2024-05-29,1000000.00,4.952832,99.853515625
08:00:12,91282CKS9,TSRYS5814779,D,S,D,2024-05-29,1000000.00,4.956987,99.845703125
08:00:12,91282CKS9,TSRYS5814779,D,S,T,2024-05-29,1000000.00,4.962182,99.8359375
08:00:12,91282CKS9,TSRYS5814779,D,S,T,2024-05-29,1000000.00,4.959065,99.841796875
08:00:12,91282CKS9,TSRYS5814779,D,S,T,2024-05-29,1000000.00,4.961143,99.837890625
08:00:12,91282CKS9,TSRYS5814779,D,S,D,2024-05-29,1000000.00,4.955948,99.84765625
08:00:12,91282CKS9,TSRYS5814779,D,S,D,2024-05-29,1000000.00,4.955948,99.84765625
08:00:12,91282CKS9,TSRYS5814779,D,S,D,2024-05-29,1000000.00,4.955948,99.84765625
08:00:12,91282CKS9,TSRYS5814779,D,S,T,2024-05-29,1000000.00,4.955948,99.84765625
08:00:12,91282CKS9,TSRYS5814779,D,S,T,2024-05-29,1000000.00,4.955948,99.84765625
08:00:12,91282CKS9,TSRYS5814779,D,S,T,2024-05-29,1000000.00,4.960104,99.83984375
08:00:12,91282CKS9,TSRYS5814779,D,S,T,2024-05-29,4000000.00,4.955948,99.84765625
08:00:12,91282CKS9,TSRYS5814779,D,S,T,2024-05-29,1000000.00,4.955948,99.84765625
08:00:13,91282CKS9,TSRYS5814779,D,S,T,2024-05-29,5000000.00,4.962182,99.8359375
08:00:13,91282CKS9,TSRYS5814779,D,S,T,2024-05-29,1000000.00,4.962182,99.8359375
08:00:13,91282CKS9,TSRYS5814779,D,S,D,2024-05-29,7000000.00,4.955948,99.84765625
08:00:13,91282CKS9,TSRYS5814779,D,S,T,2024-05-29,1000000.00,4.962182,99.8359375
08:00:13,91282CKS9,TSRYS5814779,D,S,D,2024-05-29,3000000.00,4.955948,99.84765625
08:00:13,91282CKS9,TSRYS5814779,D,S,D,2024-05-29,2000000.00,4.955948,99.84765625
08:00:13,91282CKS9,TSRYS5814779,D,S,D,2024-05-29,1000000.00,4.955948,99.84765625
08:00:13,91282CKS9,TSRYS5814779,D,S,D,2024-05-29,5000000.00,4.955948,99.84765625
08:00:13,91282CKS9,TSRYS5814779,D,S,D,2024-05-29,3000000.00,4.955948,99.84765625
08:00:13,91282CKS9,TSRYS5814779,D,S,D,2024-05-29,2000000.00,4.955948,99.84765625
08:00:13,91282CKS9,TSRYS5814779,D,S,D,2024-05-29,2000000.00,4.955948,99.84765625
08:00:13,91282CKS9,TSRYS5814779,D,S,D,2024-05-29,5000000.00,4.955948,99.84765625
08:00:13,91282CKS9,TSRYS5814779,D,S,D,2024-05-29,2000000.00,4.955948,99.84765625
08:00:13,91282CKS9,TSRYS5814779,D,S,D,2024-05-29,1000000.00,4.955948,99.84765625
08:00:13,91282CKS9,TSRYS5814779,D,S,T,2024-05-29,4000000.00,4.962182,99.8359375
08:00:13,91282CKS9,TSRYS5814779,D,S,T,2024-05-29,1000000.00,4.962182,99.8359375
08:00:13,91282CKS9,TSRYS5814779,D,S,T,2024-05-29,2000000.00,4.962182,99.8359375
08:00:14,91282CKS9,TSRYS5814779,D,S,T,2024-05-29,1000000.00,4.962182,99.8359375
08:00:14,91282CKS9,TSRYS5814779,D,S,T,2024-05-29,2000000.00,4.962182,99.8359375
08:00:14,91282CKS9,TSRYS5814779,D,S,T,2024-05-29,1000000.00,4.962182,99.8359375
08:00:14,91282CKS9,TSRYS5814779,D,S,T,2024-05-29,3000000.00,4.962182,99.8359375
08:00:14,91282CKS9,TSRYS5814779,D,S,T,2024-05-29,3000000.00,4.962182,99.8359375
08:00:14,91282CKS9,TSRYS5814779,D,S,T,2024-05-29,2000000.00,4.962182,99.8359375
08:00:14,91282CKS9,TSRYS5814779,D,S,T,2024-05-29,4000000.00,4.962182,99.8359375
08:00:14,91282CKS9,TSRYS5814779,D,S,T,2024-05-29,3000000.00,4.962182,99.8359375
08:00:14,91282CKS9,TSRYS5814779,D,S,T,2024-05-29,2000000.00,4.962182,99.8359375
08:00:15,91282CKS9,TSRYS5814779,D,S,T,2024-05-29,1000000.00,4.962182,99.8359375
08:00:15,91282CKS9,TSRYS5814779,D,S,T,2024-05-29,1000000.00,4.962182,99.8359375
08:00:15,91282CKS9,TSRYS5814779,D,B,C,2024-05-29,1200000.00,4.962182,99.8359375
08:00:15,91282CKS9,TSRYS5814779,D,S,T,2024-05-29,1000000.00,4.962182,99.8359375
08:00:15,91282CKS9,TSRYS5814779,D,S,C,2024-05-29,2000000.00,4.959065,99.841796875
08:00:15,91282CKS9,TSRYS5814779,D,S,C,2024-05-29,1000000.00,4.959065,99.841796875
08:00:15,91282CKS9,TSRYS5814779,D,S,C,2024-05-29,1000000.00,4.959065,99.841796875
08:00:15,91282CKS9,TSRYS5814779,D,S,C,2024-05-29,2000000.00,4.959065,99.841796875
08:00:15,91282CKS9,TSRYS5814779,D,S,C,2024-05-29,1000000.00,4.959065,99.841796875
08:00:15,91282CKS9,TSRYS5814779,D,S,C,2024-05-29,1000000.00,4.959065,99.841796875
08:00:15,91282CKS9,TSRYS5814779,D,S,C,2024-05-29,1000000.00,4.959065,99.841796875
08:00:15,91282CKS9,TSRYS5814779,D,S,C,2024-05-29,1000000.00,4.959065,99.841796875
08:00:15,91282CKS9,TSRYS5814779,D,S,C,2024-05-29,1000000.00,4.959065,99.841796875
08:00:15,91282CKS9,TSRYS5814779,D,S,C,2024-05-29,1000000.00,4.959065,99.841796875
08:00:15,91282CKS9,TSRYS5814779,D,S,C,2024-05-29,1000000.00,4.959065,99.841796875
08:00:15,91282CKS9,TSRYS5814779,D,S,C,2024-05-29,1000000.00,4.959065,99.841796875
08:00:15,91282CKS9,TSRYS5814779,D,S,C,2024-05-29,1000000.00,4.959065,99.841796875
08:00:15,91282CKS9,TSRYS5814779,D,S,C,2024-05-29,1000000.00,4.959065,99.841796875
08:00:15,91282CKS9,TSRYS5814779,D,S,C,2024-05-29,1000000.00,4.959065,99.841796875
08:00:15,91282CKS9,TSRYS5814779,D,S,C,2024-05-29,1000000.00,4.959065,99.841796875
08:00:15,91282CKS9,TSRYS5814779,D,S,C,2024-05-29,1000000.00,4.959065,99.841796875
08:00:15,91282CKS9,TSRYS5814779,D,S,C,2024-05-29,1000000.00,4.959065,99.841796875
08:00:15,91282CKS9,TSRYS5814779,D,S,C,2024-05-29,1000000.00,4.959065,99.841796875
08:00:15,91282CKS9,TSRYS5814779,D,S,C,2024-05-29,1000000.00,4.959065,99.841796875
08:00:15,91282CKS9,TSRYS5814779,D,S,C,2024-05-29,1000000.00,4.959065,99.841796875
08:00:15,91282CKS9,TSRYS5814779,D,S,D,2024-05-29,1000000.00,4.958026,99.84375
08:00:15,91282CKS9,TSRYS5814779,D,S,C,2024-05-29,2000000.00,4.959065,99.841796875
08:00:15,91282CKS9,TSRYS5814779,D,S,C,2024-05-29,1000000.00,4.959065,99.841796875
08:00:15,91282CKS9,TSRYS5814779,D,S,C,2024-05-29,1000000.00,4.959065,99.841796875
08:00:15,91282CKS9,TSRYS5814779,D,S,C,2024-05-29,1000000.00,4.959065,99.841796875
08:00:17,91282CKS9,TSRYS5814779,D,S,T,2024-05-29,1000000.00,4.968416,99.82421875
08:00:17,91282CKS9,TSRYS5814779,D,S,C,2024-05-29,7200000.00,4.96426,99.83203125
08:00:17,91282CKS9,TSRYS5814779,D,S,C,2024-05-29,1000000.00,4.959065,99.841796875
08:00:17,91282CKS9,TSRYS5814779,D,S,C,2024-05-29,1000000.00,4.959065,99.841796875
08:00:17,91282CKS9,TSRYS5814779,D,S,C,2024-05-29,1000000.00,4.959065,99.841796875
08:00:17,91282CKS9,TSRYS5814779,D,S,C,2024-05-29,1000000.00,4.959065,99.841796875
08:00:17,91282CKS9,TSRYS5814779,D,S,C,2024-05-29,1000000.00,4.959065,99.841796875
08:00:17,91282CKS9,TSRYS5814779,D,S,C,2024-05-29,1000000.00,4.959065,99.841796875
08:00:17,91282CKS9,TSRYS5814779,D,S,C,2024-05-29,1000000.00,4.959065,99.841796875
08:00:17,91282CKS9,TSRYS5814779,D,S,C,2024-05-29,1000000.00,4.959065,99.841796875
08:00:17,91282CKS9,TSRYS5814779,D,S,C,2024-05-29,1000000.00,4.959065,99.841796875
08:00:17,91282CKS9,TSRYS5814779,D,S,C,2024-05-29,1000000.00,4.959065,99.841796875
08:00:17,91282CKS9,TSRYS5814779,D,S,C,2024-05-29,1000000.00,4.959065,99.841796875
08:00:17,91282CKS9,TSRYS5814779,D,S,C,2024-05-29,1000000.00,4.959065,99.841796875
08:00:17,91282CKS9,TSRYS5814779,D,S,C,2024-05-29,1000000.00,4.959065,99.841796875
08:00:17,91282CKS9,TSRYS5814779,D,S,T,2024-05-29,1000000.00,4.960104,99.83984375
08:00:17,91282CKS9,TSRYS5814779,D,S,T,2024-05-29,2000000.00,4.960104,99.83984375
08:00:17,91282CKS9,TSRYS5814779,D,S,T,2024-05-29,1000000.00,4.960104,99.83984375
08:00:17,91282CKS9,TSRYS5814779,D,S,T,2024-05-29,1000000.00,4.960104,99.83984375
08:00:17,91282CKS9,TSRYS5814779,D,S,T,2024-05-29,1000000.00,4.959065,99.841796875
08:00:19,91282CKS9,TSRYS5814779,D,S,A,2024-05-29,1000000.00,4.963221,99.833984375
08:00:21,91282CKS9,TSRYS5814779,D,S,T,2024-05-29,1000000.00,4.962182,99.8359375
08:00:22,91282CKS9,TSRYS5814779,D,S,T,2024-05-29,1000000.00,4.962182,99.8359375
08:00:22,91282CKS9,TSRYS5814779,D,S,T,2024-05-29,1000000.00,4.962182,99.8359375
08:00:22,91282CKS9,TSRYS5814779,D,S,T,2024-05-29,1000000.00,4.972573,99.81640625
08:00:22,91282CKS9,TSRYS5814779,D,S,T,2024-05-29,1000000.00,4.972573,99.81640625
08:00:22,91282CKS9,TSRYS5814779,D,S,T,2024-05-29,1000000.00,4.972573,99.81640625
08:00:23,91282CKS9,TSRYS5814779,D,S,T,2024-05-29,1000000.00,4.962182,99.8359375
08:00:23,91282CKS9,TSRYS5814779,D,S,T,2024-05-29,2000000.00,4.962182,99.8359375
08:00:23,91282CKS9,TSRYS5814779,D,S,T,2024-05-29,1000000.00,4.963221,99.833984375
08:00:23,91282CKS9,TSRYS5814779,D,S,T,2024-05-29,2000000.00,4.962182,99.8359375
08:00:24,91282CKS9,TSRYS5814779,D,S,T,2024-05-29,2000000.00,4.962182,99.8359375
08:00:24,91282CKS9,TSRYS5814779,D,S,T,2024-05-29,1000000.00,4.962182,99.8359375
08:00:24,91282CKS9,TSRYS5814779,D,S,T,2024-05-29,2000000.00,4.962182,99.8359375
08:00:25,91282CKS9,TSRYS5814779,D,S,T,2024-05-29,1000000.00,4.962182,99.8359375
08:00:26,91282CKS9,TSRYS5814779,D,S,T,2024-05-29,1000000.00,4.962182,99.8359375
08:00:26,91282CKS9,TSRYS5814779,D,S,T,2024-05-29,1000000.00,4.962182,99.8359375
08:00:27,91282CKS9,TSRYS5814779,D,S,T,2024-05-29,2000000.00,4.962182,99.8359375
08:00:27,91282CKS9,TSRYS5814779,D,S,D,2024-05-29,63000000.00,4.963399,99.83365
08:00:27,91282CKS9,TSRYS5814779,D,S,D,2024-05-29,3000000.00,4.96426,99.83203125
08:00:28,91282CKS9,TSRYS5814779,D,S,D,2024-05-29,1000000.00,4.96426,99.83203125
08:00:30,91282CKS9,TSRYS5814779,D,S,D,2024-05-29,3000000.00,4.955948,99.84765625
08:00:30,91282CKS9,TSRYS5814779,D,S,D,2024-05-29,1000000.00,4.955948,99.84765625
08:00:30,91282CKS9,TSRYS5814779,D,S,T,2024-05-29,3000000.00,4.955948,99.84765625
08:00:30,91282CKS9,TSRYS5814779,D,S,T,2024-05-29,1000000.00,4.955948,99.84765625
08:00:30,91282CKS9,TSRYS5814779,D,S,T,2024-05-29,1000000.00,4.955948,99.84765625
08:00:30,91282CKS9,TSRYS5814779,D,S,T,2024-05-29,1000000.00,4.958026,99.84375
08:00:30,91282CKS9,TSRYS5814779,D,S,T,2024-05-29,1000000.00,4.958026,99.84375
08:00:30,91282CKS9,TSRYS5814779,D,S,D,2024-05-29,1000000.00,4.958026,99.84375
08:00:30,91282CKS9,TSRYS5814779,D,S,T,2024-05-29,1000000.00,4.958026,99.84375
08:00:30,91282CKS9,TSRYS5814779,D,S,T,2024-05-29,1000000.00,4.959065,99.841796875
08:00:30,91282CKS9,TSRYS5814779,D,S,T,2024-05-29,1000000.00,4.958026,99.84375
08:00:30,91282CKS9,TSRYS5814779,D,S,T,2024-05-29,1000000.00,4.958026,99.84375
08:00:30,91282CKS9,TSRYS5814779,D,S,T,2024-05-29,1000000.00,4.958026,99.84375
08:00:30,91282CKS9,TSRYS5814779,D,S,T,2024-05-29,1000000.00,4.958026,99.84375
08:00:30,91282CKS9,TSRYS5814779,D,S,T,2024-05-29,1000000.00,4.956987,99.845703125
08:00:30,91282CKS9,TSRYS5814779,D,S,T,2024-05-29,1000000.00,4.956987,99.845703125
08:00:30,91282CKS9,TSRYS5814779,D,S,T,2024-05-29,3000000.00,4.960104,99.83984375
08:00:30,91282CKS9,TSRYS5814779,D,S,T,2024-05-29,1000000.00,4.960104,99.83984375
08:00:30,91282CKS9,TSRYS5814779,D,S,T,2024-05-29,1000000.00,4.960104,99.83984375
08:00:30,91282CKS9,TSRYS5814779,D,S,T,2024-05-29,1000000.00,4.960104,99.83984375
08:00:30,91282CKS9,TSRYS5814779,D,S,T,2024-05-29,1000000.00,4.96426,99.83203125
08:00:30,91282CKS9,TSRYS5814779,D,S,T,2024-05-29,1000000.00,4.96426,99.83203125
08:00:30,91282CKS9,TSRYS5814779,D,S,T,2024-05-29,2000000.00,4.962182,99.8359375
08:00:30,91282CKS9,TSRYS5814779,D,S,T,2024-05-29,2000000.00,4.962182,99.8359375
08:00:30,91282CKS9,TSRYS5814779,D,S,T,2024-05-29,2000000.00,4.962182,99.8359375
08:00:30,91282CKS9,TSRYS5814779,D,S,T,2024-05-29,2000000.00,4.962182,99.8359375
08:00:30,91282CKS9,TSRYS5814779,D,S,T,2024-05-29,2000000.00,4.962182,99.8359375
08:00:30,91282CKS9,TSRYS5814779,D,S,T,2024-05-29,2000000.00,4.962182,99.8359375
08:00:30,91282CKS9,TSRYS5814779,D,S,T,2024-05-29,2000000.00,4.962182,99.8359375
08:00:30,91282CKS9,TSRYS5814779,D,S,T,2024-05-29,2000000.00,4.962182,99.8359375
08:00:30,91282CKS9,TSRYS5814779,D,S,T,2024-05-29,2000000.00,4.962182,99.8359375
08:00:30,91282CKS9,TSRYS5814779,D,S,T,2024-05-29,1000000.00,4.962182,99.8359375
08:00:30,91282CKS9,TSRYS5814779,D,S,T,2024-05-29,1000000.00,4.962182,99.8359375
08:00:30,91282CKS9,TSRYS5814779,D,S,T,2024-05-29,2000000.00,4.962182,99.8359375
08:00:30,91282CKS9,TSRYS5814779,D,S,T,2024-05-29,1000000.00,4.962182,99.8359375
08:00:30,91282CKS9,TSRYS5814779,D,S,T,2024-05-29,2000000.00,4.962182,99.8359375
08:00:30,91282CKS9,TSRYS5814779,D,S,T,2024-05-29,1000000.00,4.963221,99.833984375
08:00:30,91282CKS9,TSRYS5814779,D,S,T,2024-05-29,1000000.00,4.96426,99.83203125
08:00:30,91282CKS9,TSRYS5814779,D,S,T,2024-05-29,1000000.00,4.96426,99.83203125
08:00:30,91282CKS9,TSRYS5814779,D,S,T,2024-05-29,1000000.00,4.96426,99.83203125
08:00:30,91282CKS9,TSRYS5814779,D,S,T,2024-05-29,1000000.00,4.96426,99.83203125
08:00:30,91282CKS9,TSRYS5814779,D,S,T,2024-05-29,1000000.00,4.96426,99.83203125
08:00:30,91282CKS9,TSRYS5814779,D,S,T,2024-05-29,4000000.00,4.96426,99.83203125
08:00:30,91282CKS9,TSRYS5814779,D,S,T,2024-05-29,2000000.00,4.962182,99.8359375
08:00:30,91282CKS9,TSRYS5814779,D,S,T,2024-05-29,1000000.00,4.961143,99.837890625
08:00:30,91282CKS9,TSRYS5814779,D,S,T,2024-05-29,2000000.00,4.962182,99.8359375
08:00:30,91282CKS9,TSRYS5814779,D,S,T,2024-05-29,1000000.00,4.962182,99.8359375
08:00:30,91282CKS9,TSRYS5814779,D,S,T,2024-05-29,1000000.00,4.962182,99.8359375
08:00:30,91282CKS9,TSRYS5814779,D,S,T,2024-05-29,2000000.00,4.962182,99.8359375
08:00:30,91282CKS9,TSRYS5814779,D,S,T,2024-05-29,2000000.00,4.963221,99.833984375
08:00:30,91282CKS9,TSRYS5814779,D,S,T,2024-05-29,3000000.00,4.963221,99.833984375
08:00:30,91282CKS9,TSRYS5814779,D,S,T,2024-05-29,3000000.00,4.963221,99.833984375
08:00:30,91282CKS9,TSRYS5814779,D,S,T,2024-05-29,1000000.00,4.96426,99.83203125
08:00:30,91282CKS9,TSRYS5814779,D,S,T,2024-05-29,2000000.00,4.96426,99.83203125
08:00:30,91282CKS9,TSRYS5814779,D,S,T,2024-05-29,3000000.00,4.96426,99.83203125
08:00:30,91282CKS9,TSRYS5814779,D,S,T,2024-05-29,2000000.00,4.96426,99.83203125
08:00:30,91282CKS9,TSRYS5814779,D,S,T,2024-05-29,1000000.00,4.96426,99.83203125
08:00:30,91282CKS9,TSRYS5814779,D,S,T,2024-05-29,1000000.00,4.96426,99.83203125
08:00:30,91282CKS9,TSRYS5814779,D,S,T,2024-05-29,1000000.00,4.96426,99.83203125
08:00:30,91282CKS9,TSRYS5814779,D,S,T,2024-05-29,1000000.00,4.96426,99.83203125
08:00:30,91282CKS9,TSRYS5814779,D,S,T,2024-05-29,4000000.00,4.966338,99.828125
08:00:33,91282CKS9,TSRYS5814779,D,S,T,2024-05-29,2000000.00,4.966338,99.828125
08:00:33,91282CKS9,TSRYS5814779,D,S,T,2024-05-29,2000000.00,4.965299,99.830078125
08:00:33,91282CKS9,TSRYS5814779,D,S,T,2024-05-29,1000000.00,4.965299,99.830078125
08:00:33,91282CKS9,TSRYS5814779,D,S,T,2024-05-29,5000000.00,4.970494,99.8203125
08:00:33,91282CKS9,TSRYS5814779,D,S,T,2024-05-29,1000000.00,4.970494,99.8203125
08:00:33,91282CKS9,TSRYS5814779,D,S,T,2024-05-29,1000000.00,4.970494,99.8203125
08:00:33,91282CKS9,TSRYS5814779,D,S,T,2024-05-29,2000000.00,4.970494,99.8203125
08:00:33,91282CKS9,TSRYS5814779,D,S,T,2024-05-29,1000000.00,4.970494,99.8203125
08:00:33,91282CKS9,TSRYS5814779,D,S,T,2024-05-29,5000000.00,4.970494,99.8203125
08:00:33,91282CKS9,TSRYS5814779,D,S,T,2024-05-29,1000000.00,4.970494,99.8203125
08:00:33,91282CKS9,TSRYS5814779,D,S,T,2024-05-29,1000000.00,4.970494,99.8203125
08:00:33,91282CKS9,TSRYS5814779,D,S,T,2024-05-29,1000000.00,4.970494,99.8203125
08:00:33,91282CKS9,TSRYS5814779,D,S,T,2024-05-29,1000000.00,4.970494,99.8203125
08:00:33,91282CKS9,TSRYS5814779,D,S,T,2024-05-29,2000000.00,4.970494,99.8203125
08:00:33,91282CKS9,TSRYS5814779,D,S,T,2024-05-29,2000000.00,4.970494,99.8203125
08:00:33,91282CKS9,TSRYS5814779,D,S,T,2024-05-29,5000000.00,4.972573,99.81640625
08:00:33,91282CKS9,TSRYS5814779,D,S,T,2024-05-29,2000000.00,4.972573,99.81640625
08:00:33,91282CKS9,TSRYS5814779,D,S,T,2024-05-29,1000000.00,4.972573,99.81640625
08:00:33,91282CKS9,TSRYS5814779,D,S,T,2024-05-29,1000000.00,4.972573,99.81640625
08:00:33,91282CKS9,TSRYS5814779,D,S,T,2024-05-29,11000000.00,4.972573,99.81640625
08:00:33,91282CKS9,TSRYS5814779,D,S,T,2024-05-29,2000000.00,4.972573,99.81640625
08:00:33,91282CKS9,TSRYS5814779,D,S,T,2024-05-29,2000000.00,4.972573,99.81640625
08:00:33,91282CKS9,TSRYS5814779,D,S,T,2024-05-29,3000000.00,4.972573,99.81640625
08:00:33,91282CKS9,TSRYS5814779,D,S,T,2024-05-29,3000000.00,4.972573,99.81640625
08:00:33,91282CKS9,TSRYS5814779,D,S,T,2024-05-29,3000000.00,4.972573,99.81640625
08:00:33,91282CKS9,TSRYS5814779,D,S,T,2024-05-29,1000000.00,4.973612,99.814453125
08:00:33,91282CKS9,TSRYS5814779,D,S,T,2024-05-29,1000000.00,4.974651,99.8125
08:00:33,91282CKS9,TSRYS5814779,D,S,T,2024-05-29,1000000.00,4.974651,99.8125
08:00:33,91282CKS9,TSRYS5814779,D,S,T,2024-05-29,1000000.00,4.974651,99.8125
08:00:33,91282CKS9,TSRYS5814779,D,S,T,2024-05-29,1000000.00,4.974651,99.8125
08:00:33,91282CKS9,TSRYS5814779,D,S,T,2024-05-29,2000000.00,4.973612,99.814453125
08:00:33,91282CKS9,TSRYS5814779,D,S,T,2024-05-29,2000000.00,4.972573,99.81640625
08:00:33,91282CKS9,TSRYS5814779,D,S,T,2024-05-29,2000000.00,4.972573,99.81640625
08:00:33,91282CKS9,TSRYS5814779,D,S,T,2024-05-29,2000000.00,4.972573,99.81640625
08:00:33,91282CKS9,TSRYS5814779,D,S,T,2024-05-29,2000000.00,4.972573,99.81640625
08:00:33,91282CKS9,TSRYS5814779,D,S,T,2024-05-29,5000000.00,4.972573,99.81640625
08:00:33,91282CKS9,TSRYS5814779,D,S,T,2024-05-29,3000000.00,4.972573,99.81640625
08:00:33,91282CKS9,TSRYS5814779,D,S,T,2024-05-29,2000000.00,4.972573,99.81640625
08:00:33,91282CKS9,TSRYS5814779,D,S,T,2024-05-29,1000000.00,4.972573,99.81640625
08:00:33,91282CKS9,TSRYS5814779,D,S,T,2024-05-29,1000000.00,4.972573,99.81640625
08:00:33,91282CKS9,TSRYS5814779,D,S,T,2024-05-29,3000000.00,4.972573,99.81640625
08:00:33,91282CKS9,TSRYS5814779,D,S,T,2024-05-29,2000000.00,4.966338,99.828125
08:00:33,91282CKS9,TSRYS5814779,D,S,T,2024-05-29,1000000.00,4.966338,99.828125
08:00:33,91282CKS9,TSRYS5814779,D,S,T,2024-05-29,1000000.00,4.965299,99.830078125
08:00:33,91282CKS9,TSRYS5814779,D,S,T,2024-05-29,2000000.00,4.965299,99.830078125
08:00:33,91282CKS9,TSRYS5814779,D,S,T,2024-05-29,1000000.00,4.963221,99.833984375
08:00:33,91282CKS9,TSRYS5814779,D,S,T,2024-05-29,1000000.00,4.963221,99.833984375
08:00:33,91282CKS9,TSRYS5814779,D,S,T,2024-05-29,2000000.00,4.96426,99.83203125
08:00:33,91282CKS9,TSRYS5814779,D,S,T,2024-05-29,1000000.00,4.965299,99.830078125
08:00:33,91282CKS9,TSRYS5814779,D,S,T,2024-05-29,1000000.00,4.965299,99.830078125
08:00:33,91282CKS9,TSRYS5814779,D,S,T,2024-05-29,2000000.00,4.96426,99.83203125
08:00:33,91282CKS9,TSRYS5814779,D,S,T,2024-05-29,1000000.00,4.96426,99.83203125
08:00:33,91282CKS9,TSRYS5814779,D,S,T,2024-05-29,1000000.00,4.96426,99.83203125
08:00:33,91282CKS9,TSRYS5814779,D,S,T,2024-05-29,1000000.00,4.96426,99.83203125
08:00:33,91282CKS9,TSRYS5814779,D,S,T,2024-05-29,1000000.00,4.96426,99.83203125
08:00:33,91282CKS9,TSRYS5814779,D,S,T,2024-05-29,1000000.00,4.96426,99.83203125
08:00:33,91282CKS9,TSRYS5814779,D,S,T,2024-05-29,1000000.00,4.962182,99.8359375
08:00:33,91282CKS9,TSRYS5814779,D,S,T,2024-05-29,1000000.00,4.962182,99.8359375
08:00:33,91282CKS9,TSRYS5814779,D,S,T,2024-05-29,1000000.00,4.958026,99.84375
08:00:33,91282CKS9,TSRYS5814779,D,S,T,2024-05-29,1000000.00,4.958026,99.84375
08:00:33,91282CKS9,TSRYS5814779,D,S,T,2024-05-29,1000000.00,4.958026,99.84375
08:00:33,91282CKS9,TSRYS5814779,D,S,T,2024-05-29,2000000.00,4.958026,99.84375
08:00:33,91282CKS9,TSRYS5814779,D,S,T,2024-05-29,1000000.00,4.958026,99.84375
08:00:33,91282CKS9,TSRYS5814779,D,S,T,2024-05-29,1000000.00,4.960104,99.83984375
08:00:33,91282CKS9,TSRYS5814779,D,S,T,2024-05-29,2000000.00,4.960104,99.83984375
08:00:33,91282CKS9,TSRYS5814779,D,S,T,2024-05-29,2000000.00,4.960104,99.83984375
08:00:33,91282CKS9,TSRYS5814779,D,S,T,2024-05-29,2000000.00,4.960104,99.83984375
08:00:33,91282CKS9,TSRYS5814779,D,S,T,2024-05-29,2000000.00,4.962182,99.8359375
08:00:33,91282CKS9,TSRYS5814779,D,S,T,2024-05-29,1000000.00,4.960104,99.83984375
08:00:33,91282CKS9,TSRYS5814779,D,S,T,2024-05-29,1000000.00,4.960104,99.83984375
08:00:33,91282CKS9,TSRYS5814779,D,S,T,2024-05-29,1000000.00,4.960104,99.83984375
08:00:33,91282CKS9,TSRYS5814779,D,S,T,2024-05-29,2000000.00,4.958026,99.84375
08:00:33,91282CKS9,TSRYS5814779,D,S,T,2024-05-29,2000000.00,4.958026,99.84375
08:00:33,91282CKS9,TSRYS5814779,D,S,T,2024-05-29,2000000.00,4.958026,99.84375
08:00:33,91282CKS9,TSRYS5814779,D,S,T,2024-05-29,2000000.00,4.958026,99.84375
08:00:33,91282CKS9,TSRYS5814779,D,S,T,2024-05-29,1000000.00,4.958026,99.84375
08:00:33,91282CKS9,TSRYS5814779,D,S,T,2024-05-29,1000000.00,4.958026,99.84375
08:00:33,91282CKS9,TSRYS5814779,D,S,T,2024-05-29,1000000.00,4.959065,99.841796875
08:00:33,91282CKS9,TSRYS5814779,D,S,T,2024-05-29,2000000.00,4.958026,99.84375
08:00:33,91282CKS9,TSRYS5814779,D,S,T,2024-05-29,4000000.00,4.958026,99.84375
08:00:33,91282CKS9,TSRYS5814779,D,S,T,2024-05-29,1000000.00,4.958026,99.84375
08:00:33,91282CKS9,TSRYS5814779,D,S,T,2024-05-29,1000000.00,4.958026,99.84375
08:00:33,91282CKS9,TSRYS5814779,D,S,T,2024-05-29,2000000.00,4.958026,99.84375
08:00:33,91282CKS9,TSRYS5814779,D,S,T,2024-05-29,1000000.00,4.958026,99.84375
08:00:33,91282CKS9,TSRYS5814779,D,S,T,2024-05-29,1000000.00,4.958026,99.84375
08:00:33,91282CKS9,TSRYS5814779,D,S,T,2024-05-29,2000000.00,4.958026,99.84375
08:00:33,91282CKS9,TSRYS5814779,D,S,T,2024-05-29,6000000.00,4.960104,99.83984375
08:00:33,91282CKS9,TSRYS5814779,D,S,T,2024-05-29,2000000.00,4.960104,99.83984375
08:00:33,91282CKS9,TSRYS5814779,D,S,T,2024-05-29,6000000.00,4.960104,99.83984375
08:00:33,91282CKS9,TSRYS5814779,D,S,T,2024-05-29,6000000.00,4.960104,99.83984375
08:00:33,91282CKS9,TSRYS5814779,D,S,T,2024-05-29,1000000.00,4.960104,99.83984375
08:00:33,91282CKS9,TSRYS5814779,D,S,T,2024-05-29,1000000.00,4.960104,99.83984375
08:00:33,91282CKS9,TSRYS5814779,D,S,T,2024-05-29,1000000.00,4.960104,99.83984375
08:00:33,91282CKS9,TSRYS5814779,D,S,T,2024-05-29,1000000.00,4.960104,99.83984375
08:00:33,91282CKS9,TSRYS5814779,D,S,T,2024-05-29,3000000.00,4.960104,99.83984375
08:00:33,91282CKS9,TSRYS5814779,D,S,T,2024-05-29,2000000.00,4.960104,99.83984375
08:00:33,91282CKS9,TSRYS5814779,D,S,T,2024-05-29,6000000.00,4.959065,99.841796875
08:00:33,91282CKS9,TSRYS5814779,D,S,T,2024-05-29,1000000.00,4.958026,99.84375
08:00:33,91282CKS9,TSRYS5814779,D,S,T,2024-05-29,2000000.00,4.959065,99.841796875
08:00:33,91282CKS9,TSRYS5814779,D,S,T,2024-05-29,4000000.00,4.958026,99.84375
08:00:33,91282CKS9,TSRYS5814779,D,S,T,2024-05-29,2000000.00,4.960104,99.83984375
08:00:33,91282CKS9,TSRYS5814779,D,S,T,2024-05-29,2000000.00,4.962182,99.8359375
08:00:33,91282CKS9,TSRYS5814779,D,S,T,2024-05-29,2000000.00,4.963221,99.833984375
08:00:33,91282CKS9,TSRYS5814779,D,S,T,2024-05-29,1000000.00,4.963221,99.833984375
08:00:33,91282CKS9,TSRYS5814779,D,S,T,2024-05-29,1000000.00,4.963221,99.833984375
08:00:33,91282CKS9,TSRYS5814779,D,S,T,2024-05-29,1000000.00,4.963221,99.833984375
08:00:33,91282CKS9,TSRYS5814779,D,S,T,2024-05-29,1000000.00,4.963221,99.833984375
08:00:33,91282CKS9,TSRYS5814779,D,S,T,2024-05-29,1000000.00,4.96426,99.83203125
08:00:33,91282CKS9,TSRYS5814779,D,S,T,2024-05-29,1000000.00,4.96426,99.83203125
08:00:34,91282CKS9,TSRYS5814779,D,S,C,2024-05-29,20000000.00,4.962182,99.8359375
08:00:34,91282CKS9,TSRYS5814779,D,S,T,2024-05-29,2000000.00,4.958026,99.84375
08:00:34,91282CKS9,TSRYS5814779,D,S,T,2024-05-29,2000000.00,4.951793,99.85546875
08:00:34,91282CKS9,TSRYS5814779,D,S,T,2024-05-29,3000000.00,4.95491,99.849609375
08:00:34,91282CKS9,TSRYS5814779,D,S,T,2024-05-29,2000000.00,4.95491,99.849609375
08:00:34,91282CKS9,TSRYS5814779,D,S,T,2024-05-29,2000000.00,4.960104,99.83984375
08:00:34,91282CKS9,TSRYS5814779,D,S,T,2024-05-29,2000000.00,4.953871,99.8515625
08:00:34,91282CKS9,TSRYS5814779,D,S,T,2024-05-29,2000000.00,4.955948,99.84765625
08:00:34,91282CKS9,TSRYS5814779,D,S,T,2024-05-29,4000000.00,4.955948,99.84765625
08:00:34,91282CKS9,TSRYS5814779,D,S,T,2024-05-29,2000000.00,4.955948,99.84765625
08:00:34,91282CKS9,TSRYS5814779,D,S,T,2024-05-29,4000000.00,4.955948,99.84765625
08:00:34,91282CKS9,TSRYS5814779,D,S,T,2024-05-29,4000000.00,4.955948,99.84765625
08:00:34,91282CKS9,TSRYS5814779,D,S,T,2024-05-29,4000000.00,4.955948,99.84765625
08:00:34,91282CKS9,TSRYS5814779,D,S,T,2024-05-29,2000000.00,4.955948,99.84765625
08:00:34,91282CKS9,TSRYS5814779,D,S,T,2024-05-29,2000000.00,4.955948,99.84765625
08:00:34,91282CKS9,TSRYS5814779,D,S,T,2024-05-29,2000000.00,4.955948,99.84765625
08:00:34,91282CKS9,TSRYS5814779,D,S,T,2024-05-29,2000000.00,4.956987,99.845703125
08:00:34,91282CKS9,TSRYS5814779,D,S,T,2024-05-29,2000000.00,4.955948,99.84765625
08:00:34,91282CKS9,TSRYS5814779,D,S,T,2024-05-29,2000000.00,4.955948,99.84765625
08:00:34,91282CKS9,TSRYS5814779,D,S,T,2024-05-29,7000000.00,4.955948,99.84765625
08:00:34,91282CKS9,TSRYS5814779,D,S,T,2024-05-29,1000000.00,4.955948,99.84765625
08:00:34,91282CKS9,TSRYS5814779,D,S,T,2024-05-29,2000000.00,4.951793,99.85546875
08:00:34,91282CKS9,TSRYS5814779,D,S,T,2024-05-29,5000000.00,4.955948,99.84765625
08:00:34,91282CKS9,TSRYS5814779,D,S,T,2024-05-29,5000000.00,4.955948,99.84765625
08:00:34,91282CKS9,TSRYS5814779,D,S,T,2024-05-29,5000000.00,4.955948,99.84765625
08:00:34,91282CKS9,TSRYS5814779,D,S,T,2024-05-29,1000000.00,4.955948,99.84765625
08:00:34,91282CKS9,TSRYS5814779,D,S,T,2024-05-29,2000000.00,4.955948,99.84765625
08:00:34,91282CKS9,TSRYS5814779,D,S,T,2024-05-29,1000000.00,4.958026,99.84375
08:00:34,91282CKS9,TSRYS5814779,D,S,T,2024-05-29,1000000.00,4.958026,99.84375
08:00:34,91282CKS9,TSRYS5814779,D,S,T,2024-05-29,1000000.00,4.958026,99.84375
08:00:34,91282CKS9,TSRYS5814779,D,S,T,2024-05-29,1000000.00,4.958026,99.84375
08:00:34,91282CKS9,TSRYS5814779,D,S,T,2024-05-29,1000000.00,4.958026,99.84375
08:00:34,91282CKS9,TSRYS5814779,D,S,T,2024-05-29,1000000.00,4.958026,99.84375
08:00:34,91282CKS9,TSRYS5814779,D,S,T,2024-05-29,3000000.00,4.956987,99.845703125
08:00:34,91282CKS9,TSRYS5814779,D,S,T,2024-05-29,3000000.00,4.956987,99.845703125
08:00:34,91282CKS9,TSRYS5814779,D,S,T,2024-05-29,1000000.00,4.953871,99.8515625
08:00:34,91282CKS9,TSRYS5814779,D,S,T,2024-05-29,1000000.00,4.953871,99.8515625
08:00:34,91282CKS9,TSRYS5814779,D,S,T,2024-05-29,1000000.00,4.953871,99.8515625
08:00:34,91282CKS9,TSRYS5814779,D,S,T,2024-05-29,1000000.00,4.95491,99.849609375
08:00:34,91282CKS9,TSRYS5814779,D,S,T,2024-05-29,1000000.00,4.95491,99.849609375
08:00:34,91282CKS9,TSRYS5814779,D,S,T,2024-05-29,3000000.00,4.953871,99.8515625
08:00:34,91282CKS9,TSRYS5814779,D,S,T,2024-05-29,2000000.00,4.958026,99.84375
08:00:34,91282CKS9,TSRYS5814779,D,S,T,2024-05-29,1000000.00,4.95491,99.849609375
08:00:34,91282CKS9,TSRYS5814779,D,S,T,2024-05-29,1000000.00,4.955948,99.84765625
08:00:34,91282CKS9,TSRYS5814779,D,S,T,2024-05-29,2000000.00,4.958026,99.84375
08:00:34,91282CKS9,TSRYS5814779,D,S,T,2024-05-29,1000000.00,4.958026,99.84375
08:00:34,91282CKS9,TSRYS5814779,D,S,T,2024-05-29,2000000.00,4.958026,99.84375
08:00:34,91282CKS9,TSRYS5814779,D,S,T,2024-05-29,1000000.00,4.958026,99.84375
08:00:34,91282CKS9,TSRYS5814779,D,S,T,2024-05-29,2000000.00,4.958026,99.84375
08:00:34,91282CKS9,TSRYS5814779,D,S,T,2024-05-29,1000000.00,4.958026,99.84375
08:00:34,91282CKS9,TSRYS5814779,D,S,T,2024-05-29,2000000.00,4.955948,99.84765625
08:00:34,91282CKS9,TSRYS5814779,D,S,T,2024-05-29,1000000.00,4.956987,99.845703125
08:00:34,91282CKS9,TSRYS5814779,D,S,T,2024-05-29,1000000.00,4.956987,99.845703125
08:00:34,91282CKS9,TSRYS5814779,D,S,T,2024-05-29,2000000.00,4.958026,99.84375
08:00:34,91282CKS9,TSRYS5814779,D,S,T,2024-05-29,3000000.00,4.955948,99.84765625
08:00:34,91282CKS9,TSRYS5814779,D,S,T,2024-05-29,2000000.00,4.955948,99.84765625
08:00:34,91282CKS9,TSRYS5814779,D,S,T,2024-05-29,1000000.00,4.95491,99.849609375
08:00:34,91282CKS9,TSRYS5814779,D,S,T,2024-05-29,4000000.00,4.955948,99.84765625
08:00:34,91282CKS9,TSRYS5814779,D,S,T,2024-05-29,1000000.00,4.955948,99.84765625
08:00:34,91282CKS9,TSRYS5814779,D,S,T,2024-05-29,1000000.00,4.955948,99.84765625
08:00:34,91282CKS9,TSRYS5814779,D,S,T,2024-05-29,1000000.00,4.955948,99.84765625
08:00:34,91282CKS9,TSRYS5814779,D,S,T,2024-05-29,4000000.00,4.955948,99.84765625
08:00:34,91282CKS9,TSRYS5814779,D,S,T,2024-05-29,4000000.00,4.955948,99.84765625
08:00:34,91282CKS9,TSRYS5814779,D,S,T,2024-05-29,4000000.00,4.955948,99.84765625
08:00:34,91282CKS9,TSRYS5814779,D,S,T,2024-05-29,4000000.00,4.955948,99.84765625
08:00:34,91282CKS9,TSRYS5814779,D,S,T,2024-05-29,1000000.00,4.955948,99.84765625
08:00:34,91282CKS9,TSRYS5814779,D,S,T,2024-05-29,7000000.00,4.955948,99.84765625
08:00:34,91282CKS9,TSRYS5814779,D,S,T,2024-05-29,1000000.00,4.958026,99.84375
08:00:34,91282CKS9,TSRYS5814779,D,S,T,2024-05-29,2000000.00,4.958026,99.84375
08:00:34,91282CKS9,TSRYS5814779,D,S,T,2024-05-29,2000000.00,4.958026,99.84375
08:00:34,91282CKS9,TSRYS5814779,D,S,T,2024-05-29,3000000.00,4.958026,99.84375
08:00:34,91282CKS9,TSRYS5814779,D,S,T,2024-05-29,3000000.00,4.958026,99.84375
08:00:34,91282CKS9,TSRYS5814779,D,S,T,2024-05-29,5000000.00,4.958026,99.84375
08:00:34,91282CKS9,TSRYS5814779,D,S,T,2024-05-29,4000000.00,4.958026,99.84375
08:00:34,91282CKS9,TSRYS5814779,D,S,T,2024-05-29,2000000.00,4.958026,99.84375
08:00:34,91282CKS9,TSRYS5814779,D,S,T,2024-05-29,4000000.00,4.958026,99.84375
08:00:34,91282CKS9,TSRYS5814779,D,S,T,2024-05-29,2000000.00,4.958026,99.84375
08:00:34,91282CKS9,TSRYS5814779,D,S,T,2024-05-29,1000000.00,4.955948,99.84765625
08:00:34,91282CKS9,TSRYS5814779,D,S,T,2024-05-29,1000000.00,4.955948,99.84765625
08:00:34,91282CKS9,TSRYS5814779,D,S,T,2024-05-29,1000000.00,4.955948,99.84765625
08:00:34,91282CKS9,TSRYS5814779,D,S,T,2024-05-29,2000000.00,4.962182,99.8359375
08:00:34,91282CKS9,TSRYS5814779,D,S,T,2024-05-29,2000000.00,4.962182,99.8359375
08:00:34,91282CKS9,TSRYS5814779,D,S,T,2024-05-29,3000000.00,4.963221,99.833984375
08:00:34,91282CKS9,TSRYS5814779,D,S,T,2024-05-29,3000000.00,4.963221,99.833984375
08:00:34,91282CKS9,TSRYS5814779,D,S,T,2024-05-29,3000000.00,4.962182,99.8359375
08:00:34,91282CKS9,TSRYS5814779,D,S,T,2024-05-29,3000000.00,4.961143,99.837890625
08:00:34,91282CKS9,TSRYS5814779,D,S,T,2024-05-29,2000000.00,4.962182,99.8359375
08:00:34,91282CKS9,TSRYS5814779,D,S,T,2024-05-29,3000000.00,4.961143,99.837890625
08:00:34,91282CKS9,TSRYS5814779,D,S,T,2024-05-29,3000000.00,4.962182,99.8359375
08:00:34,91282CKS9,TSRYS5814779,D,S,T,2024-05-29,2000000.00,4.962182,99.8359375
08:00:34,91282CKS9,TSRYS5814779,D,S,T,2024-05-29,4000000.00,4.962182,99.8359375
08:00:34,91282CKS9,TSRYS5814779,D,S,T,2024-05-29,2000000.00,4.962182,99.8359375
08:00:34,91282CKS9,TSRYS5814779,D,S,T,2024-05-29,1000000.00,4.966338,99.828125
08:00:34,91282CKS9,TSRYS5814779,D,S,T,2024-05-29,1000000.00,4.966338,99.828125
08:00:34,91282CKS9,TSRYS5814779,D,S,T,2024-05-29,1000000.00,4.968416,99.82421875
08:00:34,91282CKS9,TSRYS5814779,D,S,D,2024-05-29,3000000.00,4.956987,99.845703125
08:00:34,91282CKS9,TSRYS5814779,D,S,D,2024-05-29,3000000.00,4.955948,99.84765625
08:00:34,91282CKS9,TSRYS5814779,D,S,D,2024-05-29,3000000.00,4.955948,99.84765625
08:00:34,91282CKS9,TSRYS5814779,D,S,D,2024-05-29,3000000.00,4.955948,99.84765625
08:00:34,91282CKS9,TSRYS5814779,D,S,D,2024-05-29,1000000.00,4.955948,99.84765625
08:00:34,91282CKS9,TSRYS5814779,D,S,D,2024-05-29,2000000.00,4.955948,99.84765625
08:00:34,91282CKS9,TSRYS5814779,D,S,D,2024-05-29,3000000.00,4.958026,99.84375
08:00:34,91282CKS9,TSRYS5814779,D,S,D,2024-05-29,2000000.00,4.958026,99.84375
08:00:34,91282CKS9,TSRYS5814779,D,S,D,2024-05-29,1000000.00,4.958026,99.84375
08:00:34,91282CKS9,TSRYS5814779,D,S,D,2024-05-29,2000000.00,4.958026,99.84375
08:00:34,91282CKS9,TSRYS5814779,D,S,D,2024-05-29,1000000.00,4.959065,99.841796875
08:00:34,91282CKS9,TSRYS5814779,D,S,D,2024-05-29,1000000.00,4.959065,99.841796875
08:00:34,91282CKS9,TSRYS5814779,D,S,D,2024-05-29,1000000.00,4.959065,99.841796875
08:00:34,91282CKS9,TSRYS5814779,D,S,D,2024-05-29,1000000.00,4.959065,99.841796875
08:00:34,91282CKS9,TSRYS5814779,D,S,D,2024-05-29,1000000.00,4.959065,99.841796875
08:00:34,91282CKS9,TSRYS5814779,D,S,D,2024-05-29,2000000.00,4.959065,99.841796875
08:00:34,91282CKS9,TSRYS5814779,D,S,D,2024-05-29,2000000.00,4.959065,99.841796875
08:00:34,91282CKS9,TSRYS5814779,D,S,D,2024-05-29,3000000.00,4.972573,99.81640625
08:00:34,91282CKS9,TSRYS5814779,D,S,D,2024-05-29,2000000.00,4.972573,99.81640625
08:00:34,91282CKS9,TSRYS5814779,D,S,D,2024-05-29,3000000.00,4.965299,99.830078125
08:00:34,91282CKS9,TSRYS5814779,D,S,D,2024-05-29,2000000.00,4.959065,99.841796875
08:00:34,91282CKS9,TSRYS5814779,D,S,D,2024-05-29,2000000.00,4.959065,99.841796875
08:00:34,91282CKS9,TSRYS5814779,D,S,D,2024-05-29,1000000.00,4.958026,99.84375
08:00:34,91282CKS9,TSRYS5814779,D,S,D,2024-05-29,1000000.00,4.959065,99.841796875
08:00:34,91282CKS9,TSRYS5814779,D,S,D,2024-05-29,1000000.00,4.959065,99.841796875
08:00:34,91282CKS9,TSRYS5814779,D,S,D,2024-05-29,1000000.00,4.959065,99.841796875
08:00:34,91282CKS9,TSRYS5814779,D,S,D,2024-05-29,1000000.00,4.959065,99.841796875
08:00:34,91282CKS9,TSRYS5814779,D,S,D,2024-05-29,1000000.00,4.959065,99.841796875
08:00:34,91282CKS9,TSRYS5814779,D,S,D,2024-05-29,1000000.00,4.959065,99.841796875
08:00:34,91282CKS9,TSRYS5814779,D,S,D,2024-05-29,1000000.00,4.959065,99.841796875
08:00:34,91282CKS9,TSRYS5814779,D,S,D,2024-05-29,1000000.00,4.959065,99.841796875
08:00:34,91282CKS9,TSRYS5814779,D,S,D,2024-05-29,1000000.00,4.963221,99.833984375
08:00:34,91282CKS9,TSRYS5814779,D,S,D,2024-05-29,1000000.00,4.963221,99.833984375
08:00:34,91282CKS9,TSRYS5814779,D,S,D,2024-05-29,1000000.00,4.955948,99.84765625
08:00:34,91282CKS9,TSRYS5814779,D,S,D,2024-05-29,1000000.00,4.958026,99.84375
08:00:34,91282CKS9,TSRYS5814779,D,S,D,2024-05-29,3000000.00,4.955948,99.84765625
08:00:34,91282CKS9,TSRYS5814779,D,S,D,2024-05-29,3000000.00,4.955948,99.84765625
08:00:34,91282CKS9,TSRYS5814779,D,S,D,2024-05-29,1000000.00,4.962182,99.8359375
08:00:34,91282CKS9,TSRYS5814779,D,S,D,2024-05-29,3000000.00,4.962182,99.8359375
08:00:34,91282CKS9,TSRYS5814779,D,S,D,2024-05-29,1000000.00,4.959065,99.841796875
08:00:34,91282CKS9,TSRYS5814779,D,S,D,2024-05-29,1000000.00,4.959065,99.841796875
08:00:34,91282CKS9,TSRYS5814779,D,S,D,2024-05-29,1000000.00,4.959065,99.841796875
08:00:34,91282CKS9,TSRYS5814779,D,S,D,2024-05-29,1000000.00,4.959065,99.841796875
08:00:34,91282CKS9,TSRYS5814779,D,S,D,2024-05-29,1000000.00,4.959065,99.841796875
08:00:34,91282CKS9,TSRYS5814779,D,S,D,2024-05-29,3000000.00,4.958026,99.84375
08:00:34,91282CKS9,TSRYS5814779,D,S,D,2024-05-29,3000000.00,4.956987,99.845703125
08:00:34,91282CKS9,TSRYS5814779,D,S,D,2024-05-29,1000000.00,4.959065,99.841796875
08:00:34,91282CKS9,TSRYS5814779,D,S,D,2024-05-29,1000000.00,4.959065,99.841796875
08:00:34,91282CKS9,TSRYS5814779,D,S,D,2024-05-29,1000000.00,4.959065,99.841796875
08:00:34,91282CKS9,TSRYS5814779,D,S,D,2024-05-29,1000000.00,4.959065,99.841796875
08:00:34,91282CKS9,TSRYS5814779,D,S,D,2024-05-29,1000000.00,4.959065,99.841796875
08:00:34,91282CKS9,TSRYS5814779,D,S,D,2024-05-29,1000000.00,4.959065,99.841796875
08:00:34,91282CKS9,TSRYS5814779,D,S,D,2024-05-29,1000000.00,4.959065,99.841796875
08:00:34,91282CKS9,TSRYS5814779,D,S,D,2024-05-29,1000000.00,4.959065,99.841796875
08:00:34,91282CKS9,TSRYS5814779,D,S,D,2024-05-29,2000000.00,4.961143,99.837890625
08:00:34,91282CKS9,TSRYS5814779,D,S,D,2024-05-29,3000000.00,4.961143,99.837890625
08:00:34,91282CKS9,TSRYS5814779,D,S,D,2024-05-29,5000000.00,4.961143,99.837890625
08:00:34,91282CKS9,TSRYS5814779,D,S,D,2024-05-29,3000000.00,4.962182,99.8359375
08:00:34,91282CKS9,TSRYS5814779,D,S,D,2024-05-29,1000000.00,4.963221,99.833984375
08:00:34,91282CKS9,TSRYS5814779,D,S,D,2024-05-29,1000000.00,4.963221,99.833984375
08:00:34,91282CKS9,TSRYS5814779,D,S,D,2024-05-29,1000000.00,4.963221,99.833984375
08:00:34,91282CKS9,TSRYS5814779,D,S,D,2024-05-29,1000000.00,4.963221,99.833984375
08:00:34,91282CKS9,TSRYS5814779,D,S,D,2024-05-29,1000000.00,4.963221,99.833984375
08:00:34,91282CKS9,TSRYS5814779,D,S,D,2024-05-29,1000000.00,4.956987,99.845703125
08:00:34,91282CKS9,TSRYS5814779,D,S,D,2024-05-29,1000000.00,4.950755,99.857421875
08:00:34,91282CKS9,TSRYS5814779,D,S,D,2024-05-29,2000000.00,4.950755,99.857421875
08:00:34,91282CKS9,TSRYS5814779,D,S,D,2024-05-29,1000000.00,4.955948,99.84765625
08:00:34,91282CKS9,TSRYS5814779,D,S,D,2024-05-29,1000000.00,4.955948,99.84765625
08:00:34,91282CKS9,TSRYS5814779,D,S,D,2024-05-29,1000000.00,4.955948,99.84765625
08:00:34,91282CKS9,TSRYS5814779,D,S,D,2024-05-29,1000000.00,4.958026,99.84375
08:00:34,91282CKS9,TSRYS5814779,D,S,D,2024-05-29,1000000.00,4.958026,99.84375
08:00:34,91282CKS9,TSRYS5814779,D,S,D,2024-05-29,1000000.00,4.958026,99.84375
08:00:34,91282CKS9,TSRYS5814779,D,S,D,2024-05-29,1000000.00,4.960104,99.83984375
08:00:34,91282CKS9,TSRYS5814779,D,S,D,2024-05-29,3000000.00,4.955948,99.84765625
08:00:34,91282CKS9,TSRYS5814779,D,S,D,2024-05-29,3000000.00,4.955948,99.84765625
08:00:34,91282CKS9,TSRYS5814779,D,S,D,2024-05-29,1000000.00,4.955948,99.84765625
08:00:34,91282CKS9,TSRYS5814779,D,S,D,2024-05-29,2000000.00,4.955948,99.84765625
08:00:34,91282CKS9,TSRYS5814779,D,S,D,2024-05-29,1000000.00,4.955948,99.84765625
08:00:34,91282CKS9,TSRYS5814779,D,S,D,2024-05-29,2000000.00,4.955948,99.84765625
08:00:34,91282CKS9,TSRYS5814779,D,S,D,2024-05-29,2000000.00,4.955948,99.84765625
08:00:34,91282CKS9,TSRYS5814779,D,S,D,2024-05-29,1000000.00,4.955948,99.84765625
08:00:34,91282CKS9,TSRYS5814779,D,S,D,2024-05-29,2000000.00,4.955948,99.84765625
08:00:34,91282CKS9,TSRYS5814779,D,S,D,2024-05-29,5000000.00,4.955948,99.84765625
08:00:34,91282CKS9,TSRYS5814779,D,S,D,2024-05-29,1000000.00,4.967377,99.826171875
08:00:34,91282CKS9,TSRYS5814779,D,S,D,2024-05-29,1000000.00,4.967377,99.826171875
08:00:34,91282CKS9,TSRYS5814779,D,S,D,2024-05-29,1000000.00,4.967377,99.826171875
08:00:34,91282CKS9,TSRYS5814779,D,S,D,2024-05-29,1000000.00,4.967377,99.826171875
08:00:34,91282CKS9,TSRYS5814779,D,S,D,2024-05-29,1000000.00,4.967377,99.826171875
08:00:34,91282CKS9,TSRYS5814779,D,S,D,2024-05-29,2000000.00,4.956987,99.845703125
08:00:34,91282CKS9,TSRYS5814779,D,S,T,2024-05-29,3000000.00,4.956987,99.845703125
08:00:34,91282CKS9,TSRYS5814779,D,S,T,2024-05-29,1000000.00,4.955948,99.84765625
08:00:34,91282CKS9,TSRYS5814779,D,S,D,2024-05-29,3000000.00,4.955948,99.84765625
08:00:34,91282CKS9,TSRYS5814779,D,S,D,2024-05-29,2000000.00,4.955948,99.84765625
08:00:34,91282CKS9,TSRYS5814779,D,S,D,2024-05-29,3000000.00,4.955948,99.84765625
08:00:34,91282CKS9,TSRYS5814779,D,S,D,2024-05-29,3000000.00,4.955948,99.84765625
08:00:34,91282CKS9,TSRYS5814779,D,S,D,2024-05-29,3000000.00,4.955948,99.84765625
08:00:34,91282CKS9,TSRYS5814779,D,S,D,2024-05-29,3000000.00,4.955948,99.84765625
08:00:34,91282CKS9,TSRYS5814779,D,S,D,2024-05-29,2000000.00,4.955948,99.84765625
08:00:34,91282CKS9,TSRYS5814779,D,S,D,2024-05-29,3000000.00,4.955948,99.84765625
08:00:34,91282CKS9,TSRYS5814779,D,S,D,2024-05-29,1000000.00,4.955948,99.84765625
08:00:34,91282CKS9,TSRYS5814779,D,S,T,2024-05-29,3000000.00,4.955948,99.84765625
08:00:34,91282CKS9,TSRYS5814779,D,S,T,2024-05-29,1000000.00,4.955948,99.84765625
08:00:34,91282CKS9,TSRYS5814779,D,S,D,2024-05-29,3000000.00,4.955948,99.84765625
08:00:34,91282CKS9,TSRYS5814779,D,S,D,2024-05-29,1000000.00,4.955948,99.84765625
08:00:34,91282CKS9,TSRYS5814779,D,S,D,2024-05-29,7000000.00,4.955948,99.84765625
08:00:34,91282CKS9,TSRYS5814779,D,S,D,2024-05-29,5000000.00,4.958026,99.84375
08:00:34,91282CKS9,TSRYS5814779,D,S,T,2024-05-29,3000000.00,4.958026,99.84375
08:00:34,91282CKS9,TSRYS5814779,D,S,T,2024-05-29,3000000.00,4.958026,99.84375
08:00:34,91282CKS9,TSRYS5814779,D,S,D,2024-05-29,6000000.00,4.958026,99.84375
08:00:34,91282CKS9,TSRYS5814779,D,S,D,2024-05-29,2000000.00,4.958026,99.84375
08:00:34,91282CKS9,TSRYS5814779,D,S,D,2024-05-29,1000000.00,4.958026,99.84375
08:00:34,91282CKS9,TSRYS5814779,D,S,T,2024-05-29,1000000.00,4.959065,99.841796875
08:00:34,91282CKS9,TSRYS5814779,D,S,T,2024-05-29,1000000.00,4.959065,99.841796875
08:00:34,91282CKS9,TSRYS5814779,D,S,T,2024-05-29,1000000.00,4.959065,99.841796875
08:00:34,91282CKS9,TSRYS5814779,D,S,T,2024-05-29,1000000.00,4.959065,99.841796875
08:00:34,91282CKS9,TSRYS5814779,D,S,T,2024-05-29,1000000.00,4.959065,99.841796875
08:00:34,91282CKS9,TSRYS5814779,D,S,T,2024-05-29,1000000.00,4.959065,99.841796875
08:00:34,91282CKS9,TSRYS5814779,D,S,T,2024-05-29,1000000.00,4.959065,99.841796875
08:00:34,91282CKS9,TSRYS5814779,D,S,T,2024-05-29,1000000.00,4.959065,99.841796875
08:00:34,91282CKS9,TSRYS5814779,D,S,T,2024-05-29,1000000.00,4.959065,99.841796875
08:00:34,91282CKS9,TSRYS5814779,D,S,T,2024-05-29,1000000.00,4.959065,99.841796875
08:00:34,91282CKS9,TSRYS5814779,D,S,T,2024-05-29,1000000.00,4.959065,99.841796875
08:00:34,91282CKS9,TSRYS5814779,D,S,T,2024-05-29,3000000.00,4.961143,99.837890625
08:00:34,91282CKS9,TSRYS5814779,D,S,T,2024-05-29,1000000.00,4.961143,99.837890625
08:00:34,91282CKS9,TSRYS5814779,D,S,T,2024-05-29,1000000.00,4.95491,99.849609375
08:00:34,91282CKS9,TSRYS5814779,D,S,T,2024-05-29,1000000.00,4.95491,99.849609375
08:00:34,91282CKS9,TSRYS5814779,D,S,T,2024-05-29,2000000.00,4.95491,99.849609375
08:00:34,91282CKS9,TSRYS5814779,D,S,T,2024-05-29,2000000.00,4.958026,99.84375
08:00:34,91282CKS9,TSRYS5814779,D,S,T,2024-05-29,1000000.00,4.959065,99.841796875
08:00:34,91282CKS9,TSRYS5814779,D,S,T,2024-05-29,1000000.00,4.959065,99.841796875
08:00:34,91282CKS9,TSRYS5814779,D,S,T,2024-05-29,1000000.00,4.959065,99.841796875
08:00:34,91282CKS9,TSRYS5814779,D,S,T,2024-05-29,1000000.00,4.959065,99.841796875
08:00:34,91282CKS9,TSRYS5814779,D,S,T,2024-05-29,1000000.00,4.959065,99.841796875
08:00:34,91282CKS9,TSRYS5814779,D,S,T,2024-05-29,1000000.00,4.959065,99.841796875
08:00:34,91282CKS9,TSRYS5814779,D,S,T,2024-05-29,1000000.00,4.959065,99.841796875
08:00:34,91282CKS9,TSRYS5814779,D,S,T,2024-05-29,1000000.00,4.959065,99.841796875
08:00:34,91282CKS9,TSRYS5814779,D,S,T,2024-05-29,1000000.00,4.959065,99.841796875
08:00:34,91282CKS9,TSRYS5814779,D,S,T,2024-05-29,1000000.00,4.958026,99.84375
08:00:34,91282CKS9,TSRYS5814779,D,S,T,2024-05-29,1000000.00,4.959065,99.841796875
08:00:34,91282CKS9,TSRYS5814779,D,S,T,2024-05-29,1000000.00,4.959065,99.841796875
08:00:34,91282CKS9,TSRYS5814779,D,S,T,2024-05-29,1000000.00,4.959065,99.841796875
08:00:34,91282CKS9,TSRYS5814779,D,S,T,2024-05-29,1000000.00,4.959065,99.841796875
08:00:34,91282CKS9,TSRYS5814779,D,S,T,2024-05-29,1000000.00,4.959065,99.841796875
08:00:34,91282CKS9,TSRYS5814779,D,S,T,2024-05-29,1000000.00,4.959065,99.841796875
08:00:34,91282CKS9,TSRYS5814779,D,S,T,2024-05-29,1000000.00,4.959065,99.841796875
08:00:34,91282CKS9,TSRYS5814779,D,S,T,2024-05-29,1000000.00,4.959065,99.841796875
08:00:34,91282CKS9,TSRYS5814779,D,S,T,2024-05-29,1000000.00,4.959065,99.841796875
08:00:34,91282CKS9,TSRYS5814779,D,S,T,2024-05-29,1000000.00,4.959065,99.841796875
08:00:34,91282CKS9,TSRYS5814779,D,S,T,2024-05-29,4000000.00,4.959065,99.841796875
08:00:34,91282CKS9,TSRYS5814779,D,S,T,2024-05-29,1000000.00,4.962182,99.8359375
08:00:34,91282CKS9,TSRYS5814779,D,S,T,2024-05-29,1000000.00,4.962182,99.8359375
08:00:34,91282CKS9,TSRYS5814779,D,S,T,2024-05-29,1000000.00,4.963221,99.833984375
08:00:34,91282CKS9,TSRYS5814779,D,S,T,2024-05-29,1000000.00,4.963221,99.833984375
08:00:34,91282CKS9,TSRYS5814779,D,S,T,2024-05-29,1000000.00,4.955948,99.84765625
08:00:34,91282CKS9,TSRYS5814779,D,S,T,2024-05-29,1000000.00,4.955948,99.84765625
08:00:34,91282CKS9,TSRYS5814779,D,S,T,2024-05-29,1000000.00,4.955948,99.84765625
08:00:34,91282CKS9,TSRYS5814779,D,S,T,2024-05-29,3000000.00,4.962182,99.8359375
08:00:34,91282CKS9,TSRYS5814779,D,S,T,2024-05-29,1000000.00,4.962182,99.8359375
08:00:34,91282CKS9,TSRYS5814779,D,S,T,2024-05-29,1000000.00,4.962182,99.8359375
08:00:34,91282CKS9,TSRYS5814779,D,S,T,2024-05-29,1000000.00,4.963221,99.833984375
08:00:34,91282CKS9,TSRYS5814779,D,S,D,2024-05-29,3000000.00,4.972573,99.81640625
08:00:34,91282CKS9,TSRYS5814779,D,S,D,2024-05-29,1000000.00,4.962182,99.8359375
08:00:34,91282CKS9,TSRYS5814779,D,S,D,2024-05-29,2000000.00,4.972573,99.81640625
08:00:34,91282CKS9,TSRYS5814779,D,S,D,2024-05-29,1000000.00,4.973612,99.814453125
08:00:37,91282CKS9,TSRYS5814779,D,B,A,2024-05-29,53000000.00,4.961143,99.837891
08:00:37,91282CKS9,TSRYS5814779,D,S,A,2024-05-29,1000000.00,4.955948,99.84765625
08:00:37,91282CKS9,TSRYS5814779,D,B,A,2024-05-29,3000000.00,4.96426,99.83203125
08:00:37,91282CKS9,TSRYS5814779,D,S,T,2024-05-29,1000000.00,4.963274,99.833884375
08:00:37,91282CKS9,TSRYS5814779,D,B,A,2024-05-29,5000000.00,4.96426,99.83203125
08:00:37,91282CKS9,TSRYS5814779,D,B,A,2024-05-29,1000000.00,4.96426,99.83203125
08:00:37,91282CKS9,TSRYS5814779,D,S,T,2024-05-29,1000000.00,4.963274,99.833884375
08:00:37,91282CKS9,TSRYS5814779,D,S,T,2024-05-29,1000000.00,4.963274,99.833884375
08:00:37,91282CKS9,TSRYS5814779,D,S,T,2024-05-29,1000000.00,4.963274,99.833884375
08:00:37,91282CKS9,TSRYS5814779,D,S,T,2024-05-29,3000000.00,4.963274,99.833884375
08:00:37,91282CKS9,TSRYS5814779,D,S,T,2024-05-29,2000000.00,4.963274,99.833884375
08:00:37,91282CKS9,TSRYS5814779,D,B,A,2024-05-29,2000000.00,4.962182,99.8359375
08:00:37,91282CKS9,TSRYS5814779,D,S,T,2024-05-29,1000000.00,4.962235,99.8358375
08:00:37,91282CKS9,TSRYS5814779,D,S,T,2024-05-29,1000000.00,4.961196,99.837790625
08:00:37,91282CKS9,TSRYS5814779,D,S,T,2024-05-29,1000000.00,4.969508,99.822165625
08:00:37,91282CKS9,TSRYS5814779,D,S,A,2024-05-29,25900000.00,4.941408,99.875
08:00:37,91282CKS9,TSRYS5814779,D,B,A,2024-05-29,3000000.00,4.968416,99.82421875
08:00:37,91282CKS9,TSRYS5814779,D,S,T,2024-05-29,1000000.00,4.968469,99.82411875
08:00:37,91282CKS9,TSRYS5814779,D,S,T,2024-05-29,2000000.00,4.968416,99.82421875
08:00:37,91282CKS9,TSRYS5814779,D,S,D,2024-05-29,3000000.00,4.965299,99.830078125
08:00:38,91282CKS9,TSRYS5814779,D,S,A,2024-05-29,2000000.00,4.962182,99.8359375
08:00:38,91282CKS9,TSRYS5814779,D,B,A,2024-05-29,51074000.00,4.96426,99.83203125
08:00:39,91282CKS9,TSRYS5814779,D,S,T,2024-05-29,5000000.00,4.96426,99.83203125
08:00:39,91282CKS9,TSRYS5814779,D,S,T,2024-05-29,1000000.00,4.962182,99.8359375
08:00:39,91282CKS9,TSRYS5814779,D,S,T,2024-05-29,2000000.00,4.96426,99.83203125
08:00:39,91282CKS9,TSRYS5814779,D,S,T,2024-05-29,1000000.00,4.96426,99.83203125
08:00:39,91282CKS9,TSRYS5814779,D,S,C,2024-05-29,57700000.00,4.96426,99.83203125
08:00:39,91282CKS9,TSRYS5814779,D,S,T,2024-05-29,7000000.00,4.96426,99.83203125
08:00:39,91282CKS9,TSRYS5814779,D,S,T,2024-05-29,1000000.00,4.96426,99.83203125
08:00:39,91282CKS9,TSRYS5814779,D,S,T,2024-05-29,1000000.00,4.96426,99.83203125
08:00:39,91282CKS9,TSRYS5814779,D,S,T,2024-05-29,1000000.00,4.96426,99.83203125
08:00:39,91282CKS9,TSRYS5814779,D,S,T,2024-05-29,1000000.00,4.962182,99.8359375
08:00:40,91282CKS9,TSRYS5814779,D,S,T,2024-05-29,1000000.00,4.972573,99.81640625
08:00:40,91282CKS9,TSRYS5814779,D,B,A,2024-05-29,187720000.00,4.972751,99.81607125
08:00:40,91282CKS9,TSRYS5814779,D,S,T,2024-05-29,1000000.00,4.972573,99.81640625
08:00:40,91282CKS9,TSRYS5814779,D,S,T,2024-05-29,6000000.00,4.972573,99.81640625
08:00:40,91282CKS9,TSRYS5814779,D,S,T,2024-05-29,1000000.00,4.972573,99.81640625
08:00:40,91282CKS9,TSRYS5814779,D,S,T,2024-05-29,2000000.00,4.96426,99.83203125
08:00:40,91282CKS9,TSRYS5814779,D,S,T,2024-05-29,1000000.00,4.96426,99.83203125
08:00:40,91282CKS9,TSRYS5814779,D,S,T,2024-05-29,1000000.00,4.96426,99.83203125
08:00:40,91282CKS9,TSRYS5814779,D,S,T,2024-05-29,1000000.00,4.960104,99.83984375
08:00:40,91282CKS9,TSRYS5814779,D,S,T,2024-05-29,1000000.00,4.960104,99.83984375
08:00:40,91282CKS9,TSRYS5814779,D,S,T,2024-05-29,1000000.00,4.960104,99.83984375
08:00:40,91282CKS9,TSRYS5814779,D,S,T,2024-05-29,1000000.00,4.960104,99.83984375
08:00:40,91282CKS9,TSRYS5814779,D,S,T,2024-05-29,1000000.00,4.960104,99.83984375
08:00:44,91282CKS9,TSRYS5814779,D,S,T,2024-05-29,1000000.00,4.972573,99.81640625
08:00:44,91282CKS9,TSRYS5814779,D,S,T,2024-05-29,4000000.00,4.962182,99.8359375
08:00:44,91282CKS9,TSRYS5814779,D,S,T,2024-05-29,1000000.00,4.972573,99.81640625
08:00:44,91282CKS9,TSRYS5814779,D,S,T,2024-05-29,1000000.00,4.972573,99.81640625
08:00:44,91282CKS9,TSRYS5814779,D,S,T,2024-05-29,1000000.00,4.972573,99.81640625
08:00:44,91282CKS9,TSRYS5814779,D,S,T,2024-05-29,1000000.00,4.972573,99.81640625
08:00:44,91282CKS9,TSRYS5814779,D,S,T,2024-05-29,1000000.00,4.972573,99.81640625
08:00:44,91282CKS9,TSRYS5814779,D,S,T,2024-05-29,1000000.00,4.966338,99.828125
08:00:44,91282CKS9,TSRYS5814779,D,S,T,2024-05-29,16000000.00,4.968416,99.82421875
08:00:44,91282CKS9,TSRYS5814779,D,S,T,2024-05-29,2000000.00,4.966338,99.828125
08:00:44,91282CKS9,TSRYS5814779,D,S,T,2024-05-29,1000000.00,4.966338,99.828125
08:00:44,91282CKS9,TSRYS5814779,D,S,T,2024-05-29,2000000.00,4.966338,99.828125
08:00:44,91282CKS9,TSRYS5814779,D,S,T,2024-05-29,1000000.00,4.966338,99.828125
08:00:44,91282CKS9,TSRYS5814779,D,S,D,2024-05-29,2000000.00,4.963221,99.833984375
08:00:44,91282CKS9,TSRYS5814779,D,S,D,2024-05-29,3000000.00,4.961143,99.837890625
08:00:44,91282CKS9,TSRYS5814779,D,S,T,2024-05-29,2000000.00,4.959065,99.841796875
08:00:44,91282CKS9,TSRYS5814779,D,S,T,2024-05-29,1000000.00,4.959065,99.841796875
08:00:44,91282CKS9,TSRYS5814779,D,S,T,2024-05-29,1000000.00,4.959065,99.841796875
08:00:44,91282CKS9,TSRYS5814779,D,S,T,2024-05-29,2000000.00,4.959065,99.841796875
08:00:44,91282CKS9,TSRYS5814779,D,S,T,2024-05-29,1000000.00,4.959065,99.841796875
08:00:44,91282CKS9,TSRYS5814779,D,S,T,2024-05-29,1000000.00,4.955948,99.84765625
08:00:44,91282CKS9,TSRYS5814779,D,S,T,2024-05-29,1000000.00,4.959065,99.841796875
08:00:44,91282CKS9,TSRYS5814779,D,S,T,2024-05-29,1000000.00,4.959065,99.841796875
08:00:44,91282CKS9,TSRYS5814779,D,S,D,2024-05-29,1000000.00,4.959065,99.841796875
08:00:44,91282CKS9,TSRYS5814779,D,S,D,2024-05-29,1000000.00,4.959065,99.841796875
08:00:44,91282CKS9,TSRYS5814779,D,S,D,2024-05-29,1000000.00,4.959065,99.841796875
08:00:44,91282CKS9,TSRYS5814779,D,S,D,2024-05-29,1000000.00,4.959065,99.841796875
08:00:44,91282CKS9,TSRYS5814779,D,S,D,2024-05-29,1000000.00,4.959065,99.841796875
08:00:44,91282CKS9,TSRYS5814779,D,S,D,2024-05-29,1000000.00,4.959065,99.841796875
08:00:44,91282CKS9,TSRYS5814779,D,S,D,2024-05-29,1000000.00,4.959065,99.841796875
08:00:44,91282CKS9,TSRYS5814779,D,S,D,2024-05-29,1000000.00,4.959065,99.841796875
08:00:44,91282CKS9,TSRYS5814779,D,S,D,2024-05-29,1000000.00,4.959065,99.841796875
08:00:44,91282CKS9,TSRYS5814779,D,S,D,2024-05-29,1000000.00,4.959065,99.841796875
08:00:44,91282CKS9,TSRYS5814779,D,S,D,2024-05-29,1000000.00,4.959065,99.841796875
08:00:44,91282CKS9,TSRYS5814779,D,S,D,2024-05-29,1000000.00,4.959065,99.841796875
08:00:44,91282CKS9,TSRYS5814779,D,S,D,2024-05-29,1000000.00,4.959065,99.841796875
08:00:44,91282CKS9,TSRYS5814779,D,S,D,2024-05-29,1000000.00,4.959065,99.841796875
08:00:44,91282CKS9,TSRYS5814779,D,S,D,2024-05-29,1000000.00,4.959065,99.841796875
08:00:44,91282CKS9,TSRYS5814779,D,S,D,2024-05-29,1000000.00,4.959065,99.841796875
08:00:44,91282CKS9,TSRYS5814779,D,S,D,2024-05-29,1000000.00,4.959065,99.841796875
08:00:44,91282CKS9,TSRYS5814779,D,S,D,2024-05-29,1000000.00,4.959065,99.841796875
08:00:44,91282CKS9,TSRYS5814779,D,S,D,2024-05-29,1000000.00,4.959065,99.841796875
08:00:44,91282CKS9,TSRYS5814779,D,S,D,2024-05-29,1000000.00,4.959065,99.841796875
08:00:44,91282CKS9,TSRYS5814779,D,S,D,2024-05-29,1000000.00,4.959065,99.841796875
08:00:44,91282CKS9,TSRYS5814779,D,B,C,2024-05-29,186091000.00,4.96426,99.83203125
08:00:44,91282CKS9,TSRYS5814779,D,S,T,2024-05-29,1000000.00,4.959065,99.841796875
08:00:44,91282CKS9,TSRYS5814779,D,S,T,2024-05-29,1000000.00,4.962182,99.8359375
08:00:44,91282CKS9,TSRYS5814779,D,S,T,2024-05-29,2000000.00,4.962182,99.8359375
08:00:44,91282CKS9,TSRYS5814779,D,S,T,2024-05-29,1000000.00,4.968416,99.82421875
08:00:44,91282CKS9,TSRYS5814779,D,S,T,2024-05-29,2000000.00,4.972573,99.81640625
08:00:44,91282CKS9,TSRYS5814779,D,S,C,2024-05-29,1000000.00,4.958026,99.84375
08:00:44,91282CKS9,TSRYS5814779,D,S,T,2024-05-29,1000000.00,4.962182,99.8359375
08:00:44,91282CKS9,TSRYS5814779,D,S,T,2024-05-29,1000000.00,4.962182,99.8359375
08:00:44,91282CKS9,TSRYS5814779,D,S,T,2024-05-29,1000000.00,4.962182,99.8359375
08:00:44,91282CKS9,TSRYS5814779,D,S,D,2024-05-29,2000000.00,4.959065,99.841796875
08:00:44,91282CKS9,TSRYS5814779,D,S,T,2024-05-29,2000000.00,4.958026,99.84375
08:00:44,91282CKS9,TSRYS5814779,D,S,T,2024-05-29,1000000.00,4.960104,99.83984375
08:00:44,91282CKS9,TSRYS5814779,D,S,T,2024-05-29,1000000.00,4.962182,99.8359375
08:00:44,91282CKS9,TSRYS5814779,D,B,C,2024-05-29,6000000.00,4.96426,99.83203125
08:00:44,91282CKS9,TSRYS5814779,D,B,C,2024-05-29,1500000.00,4.966338,99.828125
08:00:44,91282CKS9,TSRYS5814779,D,S,T,2024-05-29,4000000.00,4.971534,99.818359375
08:00:44,91282CKS9,TSRYS5814779,D,S,T,2024-05-29,1000000.00,4.972573,99.81640625
08:00:44,91282CKS9,TSRYS5814779,D,S,T,2024-05-29,1000000.00,4.972573,99.81640625
08:00:44,91282CKS9,TSRYS5814779,D,S,T,2024-05-29,1000000.00,4.972573,99.81640625
08:00:44,91282CKS9,TSRYS5814779,D,S,T,2024-05-29,1000000.00,4.972573,99.81640625
08:00:44,91282CKS9,TSRYS5814779,D,S,T,2024-05-29,1000000.00,4.972573,99.81640625
08:00:44,91282CKS9,TSRYS5814779,D,S,T,2024-05-29,1000000.00,4.972573,99.81640625
08:00:44,91282CKS9,TSRYS5814779,D,S,T,2024-05-29,14000000.00,4.972573,99.81640625
08:00:44,91282CKS9,TSRYS5814779,D,S,T,2024-05-29,1000000.00,4.972573,99.81640625
08:00:44,91282CKS9,TSRYS5814779,D,S,T,2024-05-29,1000000.00,4.972573,99.81640625
08:00:44,91282CKS9,TSRYS5814779,D,S,T,2024-05-29,1000000.00,4.972573,99.81640625
08:00:44,91282CKS9,TSRYS5814779,D,S,T,2024-05-29,3000000.00,4.972573,99.81640625
08:00:44,91282CKS9,TSRYS5814779,D,S,T,2024-05-29,1000000.00,4.972573,99.81640625
08:00:44,91282CKS9,TSRYS5814779,D,S,T,2024-05-29,1000000.00,4.972573,99.81640625
08:00:44,91282CKS9,TSRYS5814779,D,S,T,2024-05-29,1000000.00,4.972573,99.81640625
08:00:44,91282CKS9,TSRYS5814779,D,S,T,2024-05-29,1000000.00,4.972573,99.81640625
08:00:44,91282CKS9,TSRYS5814779,D,S,T,2024-05-29,1000000.00,4.972573,99.81640625
08:00:44,91282CKS9,TSRYS5814779,D,S,T,2024-05-29,1000000.00,4.972573,99.81640625
08:00:44,91282CKS9,TSRYS5814779,D,S,T,2024-05-29,1000000.00,4.972573,99.81640625
08:00:44,91282CKS9,TSRYS5814779,D,S,T,2024-05-29,1000000.00,4.972573,99.81640625
08:00:44,91282CKS9,TSRYS5814779,D,S,T,2024-05-29,4000000.00,4.972573,99.81640625
08:00:44,91282CKS9,TSRYS5814779,D,S,T,2024-05-29,4000000.00,4.972573,99.81640625
08:00:44,91282CKS9,TSRYS5814779,D,S,T,2024-05-29,1000000.00,4.972573,99.81640625
08:00:44,91282CKS9,TSRYS5814779,D,S,T,2024-05-29,2000000.00,4.972573,99.81640625
08:00:44,91282CKS9,TSRYS5814779,D,S,T,2024-05-29,1000000.00,4.972573,99.81640625
08:00:44,91282CKS9,TSRYS5814779,D,S,T,2024-05-29,1000000.00,4.972573,99.81640625
08:00:44,91282CKS9,TSRYS5814779,D,B,C,2024-05-29,190189000.00,4.972573,99.81640625
08:00:44,91282CKS9,TSRYS5814779,D,S,T,2024-05-29,2000000.00,4.956987,99.845703125
08:00:44,91282CKS9,TSRYS5814779,D,S,C,2024-05-29,2000000.00,4.953871,99.8515625
08:00:44,91282CKS9,TSRYS5814779,D,S,T,2024-05-29,2000000.00,4.956987,99.845703125
08:00:44,91282CKS9,TSRYS5814779,D,S,T,2024-05-29,2000000.00,4.956987,99.845703125
08:00:44,91282CKS9,TSRYS5814779,D,S,T,2024-05-29,1000000.00,4.973612,99.814453125
08:00:44,91282CKS9,TSRYS5814779,D,S,C,2024-05-29,3800000.00,4.972573,99.81640625
08:00:44,91282CKS9,TSRYS5814779,D,S,C,2024-05-29,5300000.00,4.968416,99.82421875
08:00:44,91282CKS9,TSRYS5814779,D,S,C,2024-05-29,100000.00,4.96426,99.83203125
08:00:44,91282CKS9,TSRYS5814779,D,S,A,2024-05-29,1200000.00,4.962182,99.8359375
08:00:44,91282CKS9,TSRYS5814779,D,S,A,2024-05-29,8000000.00,4.958026,99.84375
08:00:44,91282CKS9,TSRYS5814779,D,S,D,2024-05-29,250MM+,4.941408,99.875
08:00:44,91282CKS9,TSRYS5814779,D,S,A,2024-05-29,22000000.00,4.958026,99.84375
08:00:44,91282CKS9,TSRYS5814779,D,S,T,2024-05-29,1000000.00,4.960104,99.83984375
08:00:44,91282CKS9,TSRYS5814779,D,S,T,2024-05-29,5000000.00,4.960104,99.83984375
08:00:44,91282CKS9,TSRYS5814779,D,S,T,2024-05-29,1000000.00,4.960104,99.83984375
08:00:44,91282CKS9,TSRYS5814779,D,S,T,2024-05-29,3000000.00,4.960104,99.83984375
08:00:44,91282CKS9,TSRYS5814779,D,S,T,2024-05-29,1000000.00,4.960104,99.83984375
08:00:44,91282CKS9,TSRYS5814779,D,S,T,2024-05-29,1000000.00,4.961143,99.837890625
08:00:44,91282CKS9,TSRYS5814779,D,S,T,2024-05-29,1000000.00,4.961143,99.837890625
08:00:44,91282CKS9,TSRYS5814779,D,S,T,2024-05-29,1000000.00,4.962182,99.8359375
08:00:44,91282CKS9,TSRYS5814779,D,S,C,2024-05-29,150000.00,4.962182,99.8359375
08:00:44,91282CKS9,TSRYS5814779,D,S,T,2024-05-29,5000000.00,4.951793,99.85546875
08:00:44,91282CKS9,TSRYS5814779,D,S,T,2024-05-29,1000000.00,4.951793,99.85546875
08:00:44,91282CKS9,TSRYS5814779,D,S,T,2024-05-29,1000000.00,4.951793,99.85546875
08:00:44,91282CKS9,TSRYS5814779,D,S,T,2024-05-29,9000000.00,4.951793,99.85546875
08:00:44,91282CKS9,TSRYS5814779,D,S,T,2024-05-29,1000000.00,4.951793,99.85546875
08:00:44,91282CKS9,TSRYS5814779,D,S,T,2024-05-29,1000000.00,4.951793,99.85546875
08:00:44,91282CKS9,TSRYS5814779,D,S,T,2024-05-29,9000000.00,4.951793,99.85546875
08:00:44,91282CKS9,TSRYS5814779,D,S,T,2024-05-29,2000000.00,4.951793,99.85546875
08:00:44,91282CKS9,TSRYS5814779,D,S,T,2024-05-29,1000000.00,4.951793,99.85546875
08:00:44,91282CKS9,TSRYS5814779,D,S,T,2024-05-29,1000000.00,4.951793,99.85546875
08:00:44,91282CKS9,TSRYS5814779,D,S,T,2024-05-29,2000000.00,4.951793,99.85546875
08:00:44,91282CKS9,TSRYS5814779,D,S,T,2024-05-29,2000000.00,4.951793,99.85546875
08:00:44,91282CKS9,TSRYS5814779,D,S,A,2024-05-29,10000000.00,4.951793,99.85546875
08:00:44,91282CKS9,TSRYS5814779,D,B,C,2024-05-29,117004000.00,4.955948,99.84765625
08:00:44,91282CKS9,TSRYS5814779,D,S,T,2024-05-29,1000000.00,4.955948,99.84765625
08:00:44,91282CKS9,TSRYS5814779,D,S,T,2024-05-29,1000000.00,4.955948,99.84765625
08:00:44,91282CKS9,TSRYS5814779,D,S,T,2024-05-29,1000000.00,4.955948,99.84765625
08:00:44,91282CKS9,TSRYS5814779,D,S,T,2024-05-29,1000000.00,4.955948,99.84765625
08:00:44,91282CKS9,TSRYS5814779,D,S,T,2024-05-29,1000000.00,4.955948,99.84765625
08:00:44,91282CKS9,TSRYS5814779,D,S,T,2024-05-29,1000000.00,4.955948,99.84765625
08:00:44,91282CKS9,TSRYS5814779,D,S,T,2024-05-29,1000000.00,4.955948,99.84765625
08:00:44,91282CKS9,TSRYS5814779,D,S,T,2024-05-29,9000000.00,4.955948,99.84765625
08:00:44,91282CKS9,TSRYS5814779,D,S,T,2024-05-29,1000000.00,4.955948,99.84765625
08:00:44,91282CKS9,TSRYS5814779,D,S,T,2024-05-29,1000000.00,4.955948,99.84765625
08:00:44,91282CKS9,TSRYS5814779,D,S,T,2024-05-29,2000000.00,4.955948,99.84765625
08:00:44,91282CKS9,TSRYS5814779,D,S,T,2024-05-29,2000000.00,4.955948,99.84765625
08:00:44,91282CKS9,TSRYS5814779,D,S,T,2024-05-29,3000000.00,4.955948,99.84765625
08:00:44,91282CKS9,TSRYS5814779,D,S,T,2024-05-29,2000000.00,4.955948,99.84765625
08:00:44,91282CKS9,TSRYS5814779,D,S,T,2024-05-29,1000000.00,4.955948,99.84765625
08:00:44,91282CKS9,TSRYS5814779,D,S,T,2024-05-29,1000000.00,4.955948,99.84765625
08:00:44,91282CKS9,TSRYS5814779,D,S,T,2024-05-29,1000000.00,4.955948,99.84765625
08:00:44,91282CKS9,TSRYS5814779,D,S,T,2024-05-29,2000000.00,4.955948,99.84765625
08:00:44,91282CKS9,TSRYS5814779,D,S,T,2024-05-29,2000000.00,4.955948,99.84765625
08:00:44,91282CKS9,TSRYS5814779,D,S,T,2024-05-29,1000000.00,4.955948,99.84765625
08:00:44,91282CKS9,TSRYS5814779,D,S,T,2024-05-29,1000000.00,4.955948,99.84765625
08:00:44,91282CKS9,TSRYS5814779,D,S,T,2024-05-29,1000000.00,4.955948,99.84765625
08:00:44,91282CKS9,TSRYS5814779,D,S,T,2024-05-29,1000000.00,4.955948,99.84765625
08:00:44,91282CKS9,TSRYS5814779,D,S,T,2024-05-29,1000000.00,4.955948,99.84765625
08:00:44,91282CKS9,TSRYS5814779,D,S,T,2024-05-29,1000000.00,4.955948,99.84765625
08:00:44,91282CKS9,TSRYS5814779,D,S,T,2024-05-29,1000000.00,4.955948,99.84765625
08:00:44,91282CKS9,TSRYS5814779,D,S,T,2024-05-29,2000000.00,4.955948,99.84765625
08:00:44,91282CKS9,TSRYS5814779,D,S,T,2024-05-29,1000000.00,4.955948,99.84765625
08:00:44,91282CKS9,TSRYS5814779,D,S,T,2024-05-29,1000000.00,4.955948,99.84765625
08:00:44,91282CKS9,TSRYS5814779,D,S,A,2024-05-29,80000000.00,4.953871,99.8515625
08:00:44,91282CKS9,TSRYS5814779,D,S,D,2024-05-29,2000000.00,4.959065,99.841796875
08:00:44,91282CKS9,TSRYS5814779,D,S,D,2024-05-29,2000000.00,4.959065,99.841796875
08:00:44,91282CKS9,TSRYS5814779,D,S,D,2024-05-29,1000000.00,4.961143,99.837890625
08:00:44,91282CKS9,TSRYS5814779,D,S,D,2024-05-29,1000000.00,4.961143,99.837890625
08:00:44,91282CKS9,TSRYS5814779,D,S,D,2024-05-29,2000000.00,4.960104,99.83984375
08:00:44,91282CKS9,TSRYS5814779,D,S,T,2024-05-29,1000000.00,4.953871,99.8515625
08:00:44,91282CKS9,TSRYS5814779,D,S,A,2024-05-29,50000.00,4.955948,99.84765625
08:00:44,91282CKS9,TSRYS5814779,D,S,T,2024-05-29,1000000.00,4.955948,99.84765625
08:00:44,91282CKS9,TSRYS5814779,D,S,A,2024-05-29,20000000.00,4.953871,99.8515625
08:00:45,91282CKS9,TSRYS5814779,D,B,C,2024-05-29,145500000.00,4.941408,99.875
08:00:45,91282CKS9,TSRYS5814779,D,S,T,2024-05-29,1000000.00,4.960104,99.83984375
08:00:45,91282CKS9,TSRYS5814779,D,S,T,2024-05-29,1000000.00,4.960104,99.83984375
08:00:45,91282CKS9,TSRYS5814779,D,S,T,2024-05-29,1000000.00,4.960104,99.83984375
08:00:45,91282CKS9,TSRYS5814779,D,S,T,2024-05-29,8000000.00,4.960104,99.83984375
08:00:45,91282CKS9,TSRYS5814779,D,S,T,2024-05-29,5000000.00,4.960104,99.83984375
08:00:45,91282CKS9,TSRYS5814779,D,S,T,2024-05-29,1000000.00,4.960104,99.83984375
08:00:45,91282CKS9,TSRYS5814779,D,S,T,2024-05-29,1000000.00,4.960104,99.83984375
08:00:45,91282CKS9,TSRYS5814779,D,S,T,2024-05-29,6000000.00,4.960104,99.83984375
08:00:45,91282CKS9,TSRYS5814779,D,S,T,2024-05-29,1000000.00,4.960104,99.83984375
08:00:45,91282CKS9,TSRYS5814779,D,S,T,2024-05-29,5000000.00,4.960104,99.83984375
08:00:45,91282CKS9,TSRYS5814779,D,S,T,2024-05-29,1000000.00,4.960104,99.83984375
08:00:45,91282CKS9,TSRYS5814779,D,S,T,2024-05-29,1000000.00,4.960104,99.83984375
08:00:45,91282CKS9,TSRYS5814779,D,S,T,2024-05-29,2000000.00,4.960104,99.83984375
08:00:45,91282CKS9,TSRYS5814779,D,S,T,2024-05-29,50000000.00,4.962182,99.8359375
08:00:45,91282CKS9,TSRYS5814779,D,S,T,2024-05-29,29800000.00,4.941408,99.875
08:00:45,91282CKS9,TSRYS5814779,D,S,T,2024-05-29,950000.00,4.941408,99.875
08:00:45,91282CKS9,TSRYS5814779,D,S,T,2024-05-29,30750000.00,4.941408,99.875
08:00:45,91282CKS9,TSRYS5814779,D,S,T,2024-05-29,9600000.00,4.941408,99.875
08:00:45,91282CKS9,TSRYS5814779,D,S,T,2024-05-29,17300000.00,4.941408,99.875
08:00:45,91282CKS9,TSRYS5814779,D,S,T,2024-05-29,9600000.00,4.941408,99.875
08:00:45,91282CKS9,TSRYS5814779,D,S,T,2024-05-29,48050000.00,4.941408,99.875
08:00:45,91282CKS9,TSRYS5814779,D,S,T,2024-05-29,24050000.00,4.941408,99.875
08:00:45,91282CKS9,TSRYS5814779,D,S,T,2024-05-29,30750000.00,4.941408,99.875
08:00:45,91282CKS9,TSRYS5814779,D,S,T,2024-05-29,14400000.00,4.941408,99.875
08:00:45,91282CKS9,TSRYS5814779,D,S,T,2024-05-29,9600000.00,4.941408,99.875
08:00:45,91282CKS9,TSRYS5814779,D,S,T,2024-05-29,17300000.00,4.941408,99.875
08:00:45,91282CKS9,TSRYS5814779,D,S,T,2024-05-29,28850000.00,4.941408,99.875
08:00:45,91282CKS9,TSRYS5814779,D,S,T,2024-05-29,17300000.00,4.941408,99.875
08:00:45,91282CKS9,TSRYS5814779,D,S,T,2024-05-29,9600000.00,4.941408,99.875
08:00:45,91282CKS9,TSRYS5814779,D,S,T,2024-05-29,12500000.00,4.941408,99.875
08:00:45,91282CKS9,TSRYS5814779,D,S,T,2024-05-29,38450000.00,4.941408,99.875
08:00:45,91282CKS9,TSRYS5814779,D,S,T,2024-05-29,6750000.00,4.941408,99.875
08:00:45,91282CKS9,TSRYS5814779,D,S,T,2024-05-29,1000000.00,4.962182,99.8359375
08:00:45,91282CKS9,TSRYS5814779,D,S,T,2024-05-29,1000000.00,4.961143,99.837890625
08:00:45,91282CKS9,TSRYS5814779,D,S,T,2024-05-29,1000000.00,4.966338,99.828125
08:00:45,91282CKS9,TSRYS5814779,D,B,C,2024-05-29,17000000.00,4.995442,99.7734375
08:00:45,91282CKS9,TSRYS5814779,D,S,D,2024-05-29,2000000.00,4.959065,99.841796875
08:00:45,91282CKS9,TSRYS5814779,D,S,D,2024-05-29,2000000.00,4.959065,99.841796875
08:00:45,91282CKS9,TSRYS5814779,D,S,A,2024-05-29,2500000.00,4.960104,99.83984375
08:00:45,91282CKS9,TSRYS5814779,D,S,T,2024-05-29,1000000.00,4.958026,99.84375
08:00:45,91282CKS9,TSRYS5814779,D,S,T,2024-05-29,1000000.00,4.958026,99.84375
08:00:45,91282CKS9,TSRYS5814779,D,S,T,2024-05-29,1000000.00,4.958026,99.84375
08:00:45,91282CKS9,TSRYS5814779,D,S,T,2024-05-29,14000000.00,4.958026,99.84375
08:00:45,91282CKS9,TSRYS5814779,D,S,T,2024-05-29,5000000.00,4.958026,99.84375
08:00:45,91282CKS9,TSRYS5814779,D,S,T,2024-05-29,1000000.00,4.958026,99.84375
08:00:48,91282CKS9,TSRYS5814779,D,S,A,2024-05-29,10000000.00,4.960104,99.83984375
08:00:48,91282CKS9,TSRYS5814779,D,S,T,2024-05-29,3000000.00,4.958026,99.84375
08:00:48,91282CKS9,TSRYS5814779,D,S,T,2024-05-29,1000000.00,4.958026,99.84375
08:00:48,91282CKS9,TSRYS5814779,D,S,T,2024-05-29,13000000.00,4.958026,99.84375
08:00:48,91282CKS9,TSRYS5814779,D,S,T,2024-05-29,5000000.00,4.958026,99.84375
08:00:48,91282CKS9,TSRYS5814779,D,S,T,2024-05-29,1000000.00,4.958026,99.84375
08:00:48,91282CKS9,TSRYS5814779,D,S,T,2024-05-29,1000000.00,4.966338,99.828125
08:00:48,91282CKS9,TSRYS5814779,D,S,T,2024-05-29,3000000.00,4.958026,99.84375
08:00:48,91282CKS9,TSRYS5814779,D,S,T,2024-05-29,2000000.00,4.958026,99.84375
08:00:48,91282CKS9,TSRYS5814779,D,S,T,2024-05-29,13000000.00,4.958026,99.84375
08:00:48,91282CKS9,TSRYS5814779,D,S,D,2024-05-29,3000000.00,4.955948,99.84765625
08:00:48,91282CKS9,TSRYS5814779,D,S,D,2024-05-29,2000000.00,4.955948,99.84765625
08:00:48,91282CKS9,TSRYS5814779,D,S,D,2024-05-29,1000000.00,4.955948,99.84765625
08:00:48,91282CKS9,TSRYS5814779,D,S,D,2024-05-29,1000000.00,4.955948,99.84765625
08:00:48,91282CKS9,TSRYS5814779,D,S,D,2024-05-29,1000000.00,4.955948,99.84765625
08:00:48,91282CKS9,TSRYS5814779,D,S,D,2024-05-29,1000000.00,4.955948,99.84765625
08:00:48,91282CKS9,TSRYS5814779,D,S,D,2024-05-29,1000000.00,4.955948,99.84765625
08:00:48,91282CKS9,TSRYS5814779,D,S,T,2024-05-29,4000000.00,4.958026,99.84375
08:00:48,91282CKS9,TSRYS5814779,D,S,T,2024-05-29,4000000.00,4.958026,99.84375
08:00:48,91282CKS9,TSRYS5814779,D,S,D,2024-05-29,1000000.00,4.958026,99.84375
08:00:49,91282CKS9,TSRYS5814779,D,S,T,2024-05-29,1000000.00,4.958026,99.84375
08:00:49,91282CKS9,TSRYS5814779,D,S,T,2024-05-29,4000000.00,4.958026,99.84375
08:00:49,91282CKS9,TSRYS5814779,D,S,T,2024-05-29,14000000.00,4.958026,99.84375
08:00:49,91282CKS9,TSRYS5814779,D,S,T,2024-05-29,4000000.00,4.958026,99.84375
08:00:49,91282CKS9,TSRYS5814779,D,S,T,2024-05-29,2000000.00,4.958026,99.84375
08:00:50,91282CKS9,TSRYS5814779,D,S,T,2024-05-29,5000000.00,4.958026,99.84375
08:00:51,91282CKS9,TSRYS5814779,D,S,T,2024-05-29,1000000.00,4.958026,99.84375
08:00:51,91282CKS9,TSRYS5814779,D,S,T,2024-05-29,1000000.00,4.958026,99.84375
08:00:51,91282CKS9,TSRYS5814779,D,S,T,2024-05-29,10000000.00,4.958026,99.84375
08:00:51,91282CKS9,TSRYS5814779,D,S,T,2024-05-29,5000000.00,4.958026,99.84375
08:00:51,91282CKS9,TSRYS5814779,D,S,T,2024-05-29,8000000.00,4.958026,99.84375
08:00:52,91282CKS9,TSRYS5814779,D,S,T,2024-05-29,13000000.00,4.958026,99.84375
08:00:52,91282CKS9,TSRYS5814779,D,S,T,2024-05-29,12000000.00,4.958026,99.84375
08:00:52,91282CKS9,TSRYS5814779,D,S,T,2024-05-29,2000000.00,4.958026,99.84375
08:00:52,91282CKS9,TSRYS5814779,D,S,T,2024-05-29,7000000.00,4.958026,99.84375
08:00:52,91282CKS9,TSRYS5814779,D,S,D,2024-05-29,1000000.00,4.963221,99.833984375
08:00:52,91282CKS9,TSRYS5814779,D,S,T,2024-05-29,5000000.00,4.958026,99.84375
08:00:52,91282CKS9,TSRYS5814779,D,S,T,2024-05-29,3000000.00,4.958026,99.84375
08:00:52,91282CKS9,TSRYS5814779,D,S,T,2024-05-29,5000000.00,4.958026,99.84375
08:00:53,91282CKS9,TSRYS5814779,D,S,T,2024-05-29,2000000.00,4.958026,99.84375
08:00:53,91282CKS9,TSRYS5814779,D,S,T,2024-05-29,13000000.00,4.958026,99.84375
08:00:53,91282CKS9,TSRYS5814779,D,S,T,2024-05-29,8000000.00,4.958026,99.84375
08:00:53,91282CKS9,TSRYS5814779,D,B,A,2024-05-29,4500000.00,4.958026,99.84375
08:00:53,91282CKS9,TSRYS5814779,D,B,A,2024-05-29,1500000.00,4.958026,99.84375
08:00:53,91282CKS9,TSRYS5814779,D,B,A,2024-05-29,2000000.00,4.955949,99.847656
08:00:53,91282CKS9,TSRYS5814779,D,S,T,2024-05-29,4000000.00,4.958026,99.84375
08:00:53,91282CKS9,TSRYS5814779,D,S,T,2024-05-29,10000000.00,4.958026,99.84375
08:00:54,91282CKS9,TSRYS5814779,D,S,T,2024-05-29,2000000.00,4.958026,99.84375
08:00:54,91282CKS9,TSRYS5814779,D,S,T,2024-05-29,4000000.00,4.958026,99.84375
08:00:54,91282CKS9,TSRYS5814779,D,S,T,2024-05-29,15000000.00,4.958026,99.84375
08:00:54,91282CKS9,TSRYS5814779,D,S,T,2024-05-29,2000000.00,4.958026,99.84375
08:00:54,91282CKS9,TSRYS5814779,D,S,T,2024-05-29,3000000.00,4.958026,99.84375
08:00:54,91282CKS9,TSRYS5814779,D,S,T,2024-05-29,1000000.00,4.958026,99.84375
08:00:55,91282CKS9,TSRYS5814779,D,S,T,2024-05-29,1000000.00,4.958026,99.84375
08:00:55,91282CKS9,TSRYS5814779,D,S,D,2024-05-29,1000000.00,4.966338,99.828125
08:00:55,91282CKS9,TSRYS5814779,D,S,T,2024-05-29,2000000.00,4.958026,99.84375
08:00:55,91282CKS9,TSRYS5814779,D,S,T,2024-05-29,11000000.00,4.958026,99.84375
08:00:56,91282CKS9,TSRYS5814779,D,S,T,2024-05-29,2000000.00,4.959065,99.841796875
08:00:56,91282CKS9,TSRYS5814779,D,S,T,2024-05-29,2000000.00,4.958026,99.84375
08:00:56,91282CKS9,TSRYS5814779,D,S,T,2024-05-29,1000000.00,4.959065,99.841796875
08:00:56,91282CKS9,TSRYS5814779,D,S,T,2024-05-29,2000000.00,4.958026,99.84375
08:00:56,91282CKS9,TSRYS5814779,D,S,T,2024-05-29,1000000.00,4.958026,99.84375
08:00:56,91282CKS9,TSRYS5814779,D,S,D,2024-05-29,1000000.00,4.962182,99.8359375
08:00:56,91282CKS9,TSRYS5814779,D,S,T,2024-05-29,5000000.00,4.956987,99.845703125
08:00:56,91282CKS9,TSRYS5814779,D,S,T,2024-05-29,2000000.00,4.958026,99.84375
08:00:57,91282CKS9,TSRYS5814779,D,S,T,2024-05-29,5000000.00,4.958026,99.84375
08:00:57,91282CKS9,TSRYS5814779,D,S,A,2024-05-29,2000000.00,4.955949,99.847656
08:00:58,91282CKS9,TSRYS5814779,D,S,T,2024-05-29,9000000.00,4.958026,99.84375
08:00:58,91282CKS9,TSRYS5814779,D,B,A,2024-05-29,22000000.00,4.953871,99.8515625
08:01:00,91282CKS9,TSRYS5814779,D,S,D,2024-05-29,7000000.00,4.955948,99.84765625
08:01:00,91282CKS9,TSRYS5814779,D,S,D,2024-05-29,3000000.00,4.955948,99.84765625
08:01:00,91282CKS9,TSRYS5814779,D,S,D,2024-05-29,2000000.00,4.955948,99.84765625
08:01:00,91282CKS9,TSRYS5814779,D,S,D,2024-05-29,1000000.00,4.955948,99.84765625
08:01:00,91282CKS9,TSRYS5814779,D,S,D,2024-05-29,3000000.00,4.961143,99.837890625
08:01:01,91282CKS9,TSRYS5814779,D,S,T,2024-05-29,1000000.00,4.951793,99.85546875
08:01:02,91282CKS9,TSRYS5814779,D,S,A,2024-05-29,1200000.00,4.966338,99.828125
08:01:02,91282CKS9,TSRYS5814779,D,S,D,2024-05-29,3000000.00,4.962182,99.8359375
08:01:02,91282CKS9,TSRYS5814779,D,S,D,2024-05-29,3000000.00,4.962182,99.8359375
08:01:02,91282CKS9,TSRYS5814779,D,S,D,2024-05-29,3000000.00,4.962182,99.8359375
08:01:03,91282CKS9,TSRYS5814779,D,B,A,2024-05-29,1100000.00,4.960104,99.83984375
08:01:03,91282CKS9,TSRYS5814779,D,S,T,2024-05-29,48050000.00,4.941408,99.875
08:01:04,91282CKS9,TSRYS5814779,D,S,D,2024-05-29,3000000.00,4.955948,99.84765625
08:01:04,91282CKS9,TSRYS5814779,D,S,D,2024-05-29,1000000.00,4.955948,99.84765625
08:01:04,91282CKS9,TSRYS5814779,D,S,D,2024-05-29,5000000.00,4.955948,99.84765625
08:01:04,91282CKS9,TSRYS5814779,D,S,D,2024-05-29,2000000.00,4.955948,99.84765625
08:01:04,91282CKS9,TSRYS5814779,D,S,D,2024-05-29,2000000.00,4.955948,99.84765625
08:01:04,91282CKS9,TSRYS5814779,D,B,C,2024-05-29,1000000.00,4.955948,99.84765625
08:01:04,91282CKS9,TSRYS5814779,D,S,D,2024-05-29,5000000.00,4.955948,99.84765625
08:01:04,91282CKS9,TSRYS5814779,D,S,D,2024-05-29,250MM+,4.941408,99.875
08:01:04,91282CKS9,TSRYS5814779,D,S,D,2024-05-29,1000000.00,4.955948,99.84765625
08:01:04,91282CKS9,TSRYS5814779,D,S,D,2024-05-29,1000000.00,4.955948,99.84765625
08:01:04,91282CKS9,TSRYS5814779,D,S,D,2024-05-29,2000000.00,4.955948,99.84765625
08:01:04,91282CKS9,TSRYS5814779,D,S,C,2024-05-29,1000000.00,4.958026,99.84375
08:01:04,91282CKS9,TSRYS5814779,D,B,C,2024-05-29,1000000.00,4.955948,99.84765625
08:01:04,91282CKS9,TSRYS5814779,D,S,C,2024-05-29,1000000.00,4.958026,99.84375
08:01:04,91282CKS9,TSRYS5814779,D,B,C,2024-05-29,1000000.00,4.955948,99.84765625
08:01:04,91282CKS9,TSRYS5814779,D,B,C,2024-05-29,1000000.00,4.959065,99.841796875
08:01:04,91282CKS9,TSRYS5814779,D,S,D,2024-05-29,1000000.00,4.955948,99.84765625
08:01:04,91282CKS9,TSRYS5814779,D,B,C,2024-05-29,1000000.00,4.958026,99.84375
08:01:04,91282CKS9,TSRYS5814779,D,S,D,2024-05-29,1000000.00,4.959065,99.841796875
08:01:04,91282CKS9,TSRYS5814779,D,S,D,2024-05-29,1000000.00,4.956987,99.845703125
08:01:04,91282CKS9,TSRYS5814779,D,S,D,2024-05-29,1000000.00,4.959065,99.841796875
08:01:04,91282CKS9,TSRYS5814779,D,B,C,2024-05-29,1000000.00,4.958026,99.84375
08:01:04,91282CKS9,TSRYS5814779,D,B,C,2024-05-29,1000000.00,4.959065,99.841796875
08:01:04,91282CKS9,TSRYS5814779,D,B,C,2024-05-29,1000000.00,4.959065,99.841796875
08:01:04,91282CKS9,TSRYS5814779,D,S,D,2024-05-29,1000000.00,4.959065,99.841796875
08:01:04,91282CKS9,TSRYS5814779,D,S,D,2024-05-29,1000000.00,4.959065,99.841796875
08:01:04,91282CKS9,TSRYS5814779,D,S,D,2024-05-29,1000000.00,4.959065,99.841796875
08:01:04,91282CKS9,TSRYS5814779,D,B,C,2024-05-29,1000000.00,4.959065,99.841796875
08:01:04,91282CKS9,TSRYS5814779,D,S,T,2024-05-29,182600000.00,4.941408,99.875
08:01:04,91282CKS9,TSRYS5814779,D,B,C,2024-05-29,1000000.00,4.959065,99.841796875
08:01:04,91282CKS9,TSRYS5814779,D,S,D,2024-05-29,1000000.00,4.959065,99.841796875
08:01:04,91282CKS9,TSRYS5814779,D,S,D,2024-05-29,1000000.00,4.959065,99.841796875
08:01:04,91282CKS9,TSRYS5814779,D,S,D,2024-05-29,1000000.00,4.959065,99.841796875
08:01:04,91282CKS9,TSRYS5814779,D,S,D,2024-05-29,1000000.00,4.959065,99.841796875
08:01:04,91282CKS9,TSRYS5814779,D,S,D,2024-05-29,1000000.00,4.959065,99.841796875
08:01:04,91282CKS9,TSRYS5814779,D,S,D,2024-05-29,1000000.00,4.959065,99.841796875
08:01:04,91282CKS9,TSRYS5814779,D,B,C,2024-05-29,1000000.00,4.959065,99.841796875
08:01:04,91282CKS9,TSRYS5814779,D,B,C,2024-05-29,1000000.00,4.959065,99.841796875
08:01:04,91282CKS9,TSRYS5814779,D,B,C,2024-05-29,1000000.00,4.959065,99.841796875
08:01:04,91282CKS9,TSRYS5814779,D,S,C,2024-05-29,1000000.00,4.962182,99.8359375
08:01:04,91282CKS9,TSRYS5814779,D,S,D,2024-05-29,1000000.00,4.959065,99.841796875
08:01:04,91282CKS9,TSRYS5814779,D,S,D,2024-05-29,1000000.00,4.958026,99.84375
08:01:04,91282CKS9,TSRYS5814779,D,B,C,2024-05-29,2000000.00,4.959065,99.841796875
08:01:04,91282CKS9,TSRYS5814779,D,B,C,2024-05-29,1000000.00,4.962182,99.8359375
08:01:04,91282CKS9,TSRYS5814779,D,S,D,2024-05-29,1000000.00,4.959065,99.841796875
08:01:04,91282CKS9,TSRYS5814779,D,B,C,2024-05-29,1000000.00,4.962182,99.8359375
08:01:04,91282CKS9,TSRYS5814779,D,S,C,2024-05-29,3000000.00,4.963221,99.833984375
08:01:04,91282CKS9,TSRYS5814779,D,S,C,2024-05-29,1000000.00,4.962182,99.8359375
08:01:04,91282CKS9,TSRYS5814779,D,S,D,2024-05-29,1000000.00,4.959065,99.841796875
08:01:04,91282CKS9,TSRYS5814779,D,S,C,2024-05-29,1000000.00,4.961143,99.837890625
08:01:04,91282CKS9,TSRYS5814779,D,B,C,2024-05-29,1000000.00,4.958026,99.84375
08:01:04,91282CKS9,TSRYS5814779,D,S,D,2024-05-29,4000000.00,4.963221,99.833984375
08:01:04,91282CKS9,TSRYS5814779,D,S,C,2024-05-29,1000000.00,4.962182,99.8359375
08:01:04,91282CKS9,TSRYS5814779,D,S,C,2024-05-29,1000000.00,4.96426,99.83203125
08:01:04,91282CKS9,TSRYS5814779,D,B,C,2024-05-29,1000000.00,4.96426,99.83203125
08:01:04,91282CKS9,TSRYS5814779,D,S,D,2024-05-29,3000000.00,4.96426,99.83203125
08:01:04,91282CKS9,TSRYS5814779,D,B,C,2024-05-29,10000000.00,4.96426,99.83203125
08:01:04,91282CKS9,TSRYS5814779,D,S,D,2024-05-29,4000000.00,4.96426,99.83203125
08:01:04,91282CKS9,TSRYS5814779,D,S,C,2024-05-29,7000000.00,4.96426,99.83203125
08:01:04,91282CKS9,TSRYS5814779,D,S,D,2024-05-29,4000000.00,4.96426,99.83203125
08:01:04,91282CKS9,TSRYS5814779,D,B,C,2024-05-29,4000000.00,4.96426,99.83203125
08:01:04,91282CKS9,TSRYS5814779,D,S,D,2024-05-29,1000000.00,4.96426,99.83203125
08:01:04,91282CKS9,TSRYS5814779,D,S,T,2024-05-29,1000000.00,4.962182,99.8359375
08:01:04,91282CKS9,TSRYS5814779,D,B,A,2024-05-29,680000.00,4.958026,99.84375
08:01:04,91282CKS9,TSRYS5814779,D,S,D,2024-05-29,1000000.00,4.959065,99.841796875
08:01:04,91282CKS9,TSRYS5814779,D,B,C,2024-05-29,4000000.00,4.963221,99.833984375
08:01:04,91282CKS9,TSRYS5814779,D,B,C,2024-05-29,1000000.00,4.959065,99.841796875
08:01:04,91282CKS9,TSRYS5814779,D,S,C,2024-05-29,10000000.00,4.96426,99.83203125
08:01:04,91282CKS9,TSRYS5814779,D,S,D,2024-05-29,2000000.00,4.959065,99.841796875
08:01:04,91282CKS9,TSRYS5814779,D,S,D,2024-05-29,3000000.00,4.972573,99.81640625
08:01:05,91282CKS9,TSRYS5814779,D,B,C,2024-05-29,1000000.00,4.962182,99.8359375
08:01:05,91282CKS9,TSRYS5814779,D,B,C,2024-05-29,4000000.00,4.96426,99.83203125
08:01:05,91282CKS9,TSRYS5814779,D,S,C,2024-05-29,1000000.00,4.963221,99.833984375
08:01:05,91282CKS9,TSRYS5814779,D,B,C,2024-05-29,1000000.00,4.96426,99.83203125
08:01:05,91282CKS9,TSRYS5814779,D,S,D,2024-05-29,6000000.00,4.972573,99.81640625
08:01:05,91282CKS9,TSRYS5814779,D,B,C,2024-05-29,3000000.00,4.96426,99.83203125
08:01:05,91282CKS9,TSRYS5814779,D,S,C,2024-05-29,2000000.00,4.973612,99.814453125
08:01:05,91282CKS9,TSRYS5814779,D,B,C,2024-05-29,7000000.00,4.96426,99.83203125
08:01:05,91282CKS9,TSRYS5814779,D,S,C,2024-05-29,2000000.00,4.974651,99.8125
08:01:05,91282CKS9,TSRYS5814779,D,S,D,2024-05-29,13000000.00,4.972573,99.81640625
08:01:05,91282CKS9,TSRYS5814779,D,S,C,2024-05-29,2000000.00,4.974651,99.8125
08:01:05,91282CKS9,TSRYS5814779,D,B,C,2024-05-29,13000000.00,4.972573,99.81640625
08:01:05,91282CKS9,TSRYS5814779,D,S,C,2024-05-29,3000000.00,4.974651,99.8125
08:01:05,91282CKS9,TSRYS5814779,D,S,D,2024-05-29,2000000.00,4.972573,99.81640625
08:01:05,91282CKS9,TSRYS5814779,D,S,D,2024-05-29,1000000.00,4.973612,99.814453125
08:01:05,91282CKS9,TSRYS5814779,D,S,C,2024-05-29,3000000.00,4.974651,99.8125
08:01:05,91282CKS9,TSRYS5814779,D,B,C,2024-05-29,1000000.00,4.973612,99.814453125
08:01:05,91282CKS9,TSRYS5814779,D,S,C,2024-05-29,1000000.00,4.974651,99.8125
08:01:05,91282CKS9,TSRYS5814779,D,S,C,2024-05-29,1000000.00,4.965299,99.830078125
08:01:05,91282CKS9,TSRYS5814779,D,B,C,2024-05-29,10000000.00,4.965299,99.830078125
08:01:05,91282CKS9,TSRYS5814779,D,S,C,2024-05-29,3000000.00,4.965299,99.830078125
08:01:05,91282CKS9,TSRYS5814779,D,B,C,2024-05-29,1000000.00,4.965299,99.830078125
08:01:05,91282CKS9,TSRYS5814779,D,S,C,2024-05-29,1000000.00,4.965299,99.830078125
08:01:05,91282CKS9,TSRYS5814779,D,B,C,2024-05-29,1000000.00,4.965299,99.830078125
08:01:05,91282CKS9,TSRYS5814779,D,S,C,2024-05-29,1000000.00,4.965299,99.830078125
08:01:05,91282CKS9,TSRYS5814779,D,B,C,2024-05-29,1000000.00,4.965299,99.830078125
08:01:05,91282CKS9,TSRYS5814779,D,S,C,2024-05-29,1000000.00,4.965299,99.830078125
08:01:05,91282CKS9,TSRYS5814779,D,B,C,2024-05-29,1000000.00,4.965299,99.830078125
08:01:05,91282CKS9,TSRYS5814779,D,S,C,2024-05-29,10000000.00,4.965299,99.830078125
08:01:05,91282CKS9,TSRYS5814779,D,S,C,2024-05-29,1000000.00,4.965299,99.830078125
08:01:05,91282CKS9,TSRYS5814779,D,S,C,2024-05-29,2000000.00,4.965299,99.830078125
08:01:05,91282CKS9,TSRYS5814779,D,B,C,2024-05-29,2000000.00,4.965299,99.830078125
08:01:05,91282CKS9,TSRYS5814779,D,S,C,2024-05-29,10000000.00,4.966338,99.828125
08:01:05,91282CKS9,TSRYS5814779,D,B,C,2024-05-29,10000000.00,4.966338,99.828125
08:01:06,91282CKS9,TSRYS5814779,D,S,C,2024-05-29,4000000.00,4.963221,99.833984375
08:01:06,91282CKS9,TSRYS5814779,D,S,C,2024-05-29,2000000.00,4.963221,99.833984375
08:01:06,91282CKS9,TSRYS5814779,D,S,C,2024-05-29,1000000.00,4.963221,99.833984375
08:01:06,91282CKS9,TSRYS5814779,D,S,C,2024-05-29,1000000.00,4.963221,99.833984375
08:01:06,91282CKS9,TSRYS5814779,D,S,C,2024-05-29,2000000.00,4.963221,99.833984375
08:01:06,91282CKS9,TSRYS5814779,D,B,C,2024-05-29,1000000.00,4.963221,99.833984375
08:01:06,91282CKS9,TSRYS5814779,D,S,C,2024-05-29,1000000.00,4.963221,99.833984375
08:01:06,91282CKS9,TSRYS5814779,D,S,D,2024-05-29,2000000.00,4.963221,99.833984375
08:01:06,91282CKS9,TSRYS5814779,D,B,C,2024-05-29,2000000.00,4.963221,99.833984375
08:01:06,91282CKS9,TSRYS5814779,D,S,C,2024-05-29,1000000.00,4.962182,99.8359375
08:01:06,91282CKS9,TSRYS5814779,D,B,C,2024-05-29,1000000.00,4.962182,99.8359375
08:01:06,91282CKS9,TSRYS5814779,D,B,C,2024-05-29,1000000.00,4.962182,99.8359375
08:01:06,91282CKS9,TSRYS5814779,D,S,C,2024-05-29,1000000.00,4.962182,99.8359375
08:01:06,91282CKS9,TSRYS5814779,D,B,C,2024-05-29,3000000.00,4.961143,99.837890625
08:01:06,91282CKS9,TSRYS5814779,D,S,C,2024-05-29,3000000.00,4.961143,99.837890625
08:01:06,91282CKS9,TSRYS5814779,D,B,C,2024-05-29,1000000.00,4.959065,99.841796875
08:01:06,91282CKS9,TSRYS5814779,D,S,C,2024-05-29,1000000.00,4.959065,99.841796875
08:01:06,91282CKS9,TSRYS5814779,D,B,C,2024-05-29,1000000.00,4.959065,99.841796875
08:01:06,91282CKS9,TSRYS5814779,D,S,C,2024-05-29,1000000.00,4.959065,99.841796875
08:01:06,91282CKS9,TSRYS5814779,D,B,C,2024-05-29,1000000.00,4.959065,99.841796875
08:01:06,91282CKS9,TSRYS5814779,D,S,C,2024-05-29,1000000.00,4.959065,99.841796875
08:01:06,91282CKS9,TSRYS5814779,D,B,C,2024-05-29,1000000.00,4.959065,99.841796875
08:01:06,91282CKS9,TSRYS5814779,D,S,C,2024-05-29,1000000.00,4.959065,99.841796875
08:01:06,91282CKS9,TSRYS5814779,D,B,C,2024-05-29,1000000.00,4.959065,99.841796875
08:01:06,91282CKS9,TSRYS5814779,D,S,C,2024-05-29,1000000.00,4.959065,99.841796875
08:01:06,91282CKS9,TSRYS5814779,D,B,C,2024-05-29,4000000.00,4.959065,99.841796875
08:01:06,91282CKS9,TSRYS5814779,D,S,D,2024-05-29,4000000.00,4.959065,99.841796875
08:01:06,91282CKS9,TSRYS5814779,D,B,C,2024-05-29,1000000.00,4.959065,99.841796875
08:01:06,91282CKS9,TSRYS5814779,D,B,C,2024-05-29,1000000.00,4.959065,99.841796875
08:01:06,91282CKS9,TSRYS5814779,D,S,C,2024-05-29,1000000.00,4.959065,99.841796875
08:01:06,91282CKS9,TSRYS5814779,D,S,C,2024-05-29,1000000.00,4.959065,99.841796875
08:01:06,91282CKS9,TSRYS5814779,D,B,C,2024-05-29,1000000.00,4.959065,99.841796875
08:01:06,91282CKS9,TSRYS5814779,D,S,C,2024-05-29,1000000.00,4.959065,99.841796875
08:01:06,91282CKS9,TSRYS5814779,D,B,C,2024-05-29,1000000.00,4.959065,99.841796875
08:01:06,91282CKS9,TSRYS5814779,D,S,C,2024-05-29,1000000.00,4.959065,99.841796875
08:01:06,91282CKS9,TSRYS5814779,D,S,C,2024-05-29,1000000.00,4.959065,99.841796875
08:01:06,91282CKS9,TSRYS5814779,D,B,C,2024-05-29,1000000.00,4.959065,99.841796875
08:01:06,91282CKS9,TSRYS5814779,D,B,C,2024-05-29,4000000.00,4.959065,99.841796875
08:01:06,91282CKS9,TSRYS5814779,D,S,D,2024-05-29,4000000.00,4.959065,99.841796875
08:01:06,91282CKS9,TSRYS5814779,D,B,C,2024-05-29,1000000.00,4.959065,99.841796875
08:01:06,91282CKS9,TSRYS5814779,D,S,C,2024-05-29,1000000.00,4.959065,99.841796875
08:01:06,91282CKS9,TSRYS5814779,D,B,C,2024-05-29,1000000.00,4.959065,99.841796875
08:01:06,91282CKS9,TSRYS5814779,D,S,C,2024-05-29,1000000.00,4.959065,99.841796875
08:01:06,91282CKS9,TSRYS5814779,D,S,C,2024-05-29,1000000.00,4.961143,99.837890625
08:01:06,91282CKS9,TSRYS5814779,D,B,C,2024-05-29,1000000.00,4.961143,99.837890625
08:01:06,91282CKS9,TSRYS5814779,D,S,C,2024-05-29,1000000.00,4.961143,99.837890625
08:01:06,91282CKS9,TSRYS5814779,D,B,C,2024-05-29,1000000.00,4.961143,99.837890625
08:01:06,91282CKS9,TSRYS5814779,D,S,D,2024-05-29,3000000.00,4.961143,99.837890625
08:01:06,91282CKS9,TSRYS5814779,D,B,C,2024-05-29,3000000.00,4.961143,99.837890625
08:01:06,91282CKS9,TSRYS5814779,D,B,C,2024-05-29,1000000.00,4.961143,99.837890625
08:01:06,91282CKS9,TSRYS5814779,D,S,C,2024-05-29,1000000.00,4.961143,99.837890625
08:01:06,91282CKS9,TSRYS5814779,D,B,C,2024-05-29,6000000.00,4.961143,99.837890625
08:01:06,91282CKS9,TSRYS5814779,D,S,C,2024-05-29,6000000.00,4.961143,99.837890625
08:01:06,91282CKS9,TSRYS5814779,D,B,C,2024-05-29,1000000.00,4.961143,99.837890625
08:01:06,91282CKS9,TSRYS5814779,D,S,C,2024-05-29,1000000.00,4.961143,99.837890625
08:01:06,91282CKS9,TSRYS5814779,D,S,C,2024-05-29,2000000.00,4.959065,99.841796875
08:01:06,91282CKS9,TSRYS5814779,D,S,C,2024-05-29,2000000.00,4.959065,99.841796875
08:01:06,91282CKS9,TSRYS5814779,D,S,C,2024-05-29,1000000.00,4.959065,99.841796875
08:01:06,91282CKS9,TSRYS5814779,D,S,C,2024-05-29,1000000.00,4.959065,99.841796875
08:01:06,91282CKS9,TSRYS5814779,D,B,C,2024-05-29,1000000.00,4.959065,99.841796875
08:01:06,91282CKS9,TSRYS5814779,D,B,C,2024-05-29,1000000.00,4.959065,99.841796875
08:01:06,91282CKS9,TSRYS5814779,D,S,C,2024-05-29,1000000.00,4.959065,99.841796875
08:01:06,91282CKS9,TSRYS5814779,D,B,A,2024-05-29,7800000.00,4.941408,99.875
08:01:06,91282CKS9,TSRYS5814779,D,B,C,2024-05-29,1000000.00,4.959065,99.841796875
08:01:06,91282CKS9,TSRYS5814779,D,S,C,2024-05-29,1000000.00,4.959065,99.841796875
08:01:06,91282CKS9,TSRYS5814779,D,B,C,2024-05-29,1000000.00,4.959065,99.841796875
08:01:06,91282CKS9,TSRYS5814779,D,S,C,2024-05-29,2000000.00,4.959065,99.841796875
08:01:06,91282CKS9,TSRYS5814779,D,S,D,2024-05-29,1000000.00,4.961143,99.837890625
08:01:06,91282CKS9,TSRYS5814779,D,B,C,2024-05-29,1000000.00,4.961143,99.837890625
08:01:06,91282CKS9,TSRYS5814779,D,S,D,2024-05-29,1000000.00,4.961143,99.837890625
08:01:06,91282CKS9,TSRYS5814779,D,B,C,2024-05-29,1000000.00,4.961143,99.837890625
08:01:06,91282CKS9,TSRYS5814779,D,B,C,2024-05-29,1000000.00,4.961143,99.837890625
08:01:06,91282CKS9,TSRYS5814779,D,S,D,2024-05-29,1000000.00,4.961143,99.837890625
08:01:06,91282CKS9,TSRYS5814779,D,S,D,2024-05-29,2000000.00,4.960104,99.83984375
08:01:06,91282CKS9,TSRYS5814779,D,B,C,2024-05-29,1000000.00,4.960104,99.83984375
08:01:06,91282CKS9,TSRYS5814779,D,S,C,2024-05-29,1000000.00,4.960104,99.83984375
08:01:06,91282CKS9,TSRYS5814779,D,B,C,2024-05-29,2000000.00,4.960104,99.83984375
08:01:06,91282CKS9,TSRYS5814779,D,S,C,2024-05-29,1000000.00,4.960104,99.83984375
08:01:06,91282CKS9,TSRYS5814779,D,B,C,2024-05-29,1000000.00,4.960104,99.83984375
08:01:06,91282CKS9,TSRYS5814779,D,B,C,2024-05-29,2000000.00,4.960104,99.83984375
08:01:06,91282CKS9,TSRYS5814779,D,S,C,2024-05-29,2000000.00,4.960104,99.83984375
08:01:06,91282CKS9,TSRYS5814779,D,B,C,2024-05-29,2000000.00,4.960104,99.83984375
08:01:06,91282CKS9,TSRYS5814779,D,S,C,2024-05-29,2000000.00,4.960104,99.83984375
08:01:06,91282CKS9,TSRYS5814779,D,B,C,2024-05-29,1000000.00,4.960104,99.83984375
08:01:06,91282CKS9,TSRYS5814779,D,S,C,2024-05-29,1000000.00,4.960104,99.83984375
08:01:06,91282CKS9,TSRYS5814779,D,B,C,2024-05-29,1000000.00,4.960104,99.83984375
08:01:06,91282CKS9,TSRYS5814779,D,S,C,2024-05-29,1000000.00,4.960104,99.83984375
08:01:06,91282CKS9,TSRYS5814779,D,B,C,2024-05-29,1000000.00,4.960104,99.83984375
