tradeTime,cusip,issueSymbolIdentifier,priceType,reportingSideCode,contraPartyTypeCode,tradeDate,reportedTradeVolume,lastSaleYield,lastSalePrice
08:00:02,91282CKH3,TSRYS5774872,D,S,D,2024-04-15,1000000.00,4.894934,99.26953125
08:00:02,91282CKH3,TSRYS5774872,D,S,D,2024-04-15,1000000.00,4.894934,99.26953125
08:00:02,91282CKH3,TSRYS5774872,D,S,D,2024-04-15,1000000.00,4.894934,99.26953125
08:00:02,91282CKH3,TSRYS5774872,D,S,D,2024-04-15,3000000.00,4.903445,99.25390625
08:00:02,91282CKH3,TSRYS5774872,D,S,D,2024-04-15,1000000.00,4.903445,99.25390625
08:00:02,91282CKH3,TSRYS5774872,D,S,D,2024-04-15,1000000.00,4.903445,99.25390625
08:00:02,91282CKH3,TSRYS5774872,D,S,D,2024-04-15,2000000.00,4.899189,99.26171875
08:00:02,91282CKH3,TSRYS5774872,D,S,D,2024-04-15,1000000.00,4.914087,99.234375
08:00:06,91282CKH3,TSRYS5774872,D,S,D,2024-04-15,1000000.00,4.916216,99.23046875
08:00:06,91282CKH3,TSRYS5774872,D,S,D,2024-04-15,1000000.00,4.916216,99.23046875
08:00:10,91282CKH3,TSRYS5774872,D,S,D,2024-04-15,1000000.00,4.924732,99.21484375
08:00:10,91282CKH3,TSRYS5774872,D,S,D,2024-04-15,1000000.00,4.924732,99.21484375
08:00:10,91282CKH3,TSRYS5774872,D,S,D,2024-04-15,1000000.00,4.920474,99.22265625
08:00:10,91282CKH3,TSRYS5774872,D,S,T,2024-04-15,1000000.00,4.926861,99.2109375
08:00:10,91282CKH3,TSRYS5774872,D,S,D,2024-04-15,1000000.00,4.927926,99.208984375
08:00:10,91282CKH3,TSRYS5774872,D,S,D,2024-04-15,3000000.00,4.927926,99.208984375
08:00:10,91282CKH3,TSRYS5774872,D,S,D,2024-04-15,4000000.00,4.927926,99.208984375
08:00:10,91282CKH3,TSRYS5774872,D,S,D,2024-04-15,6000000.00,4.927926,99.208984375
08:00:10,91282CKH3,TSRYS5774872,D,S,D,2024-04-15,1000000.00,4.924732,99.21484375
08:00:10,91282CKH3,TSRYS5774872,D,S,D,2024-04-15,2000000.00,4.924732,99.21484375
08:00:10,91282CKH3,TSRYS5774872,D,S,D,2024-04-15,2000000.00,4.924732,99.21484375
08:00:10,91282CKH3,TSRYS5774872,D,S,D,2024-04-15,2000000.00,4.924732,99.21484375
08:00:10,91282CKH3,TSRYS5774872,D,S,D,2024-04-15,1000000.00,4.952,99.1648327465
08:00:10,91282CKH3,TSRYS5774872,D,S,T,2024-04-15,1000000.00,4.92899,99.20703125
08:00:10,91282CKH3,TSRYS5774872,D,S,D,2024-04-15,2000000.00,4.92899,99.20703125
08:00:10,91282CKH3,TSRYS5774872,D,S,D,2024-04-15,1000000.00,4.92899,99.20703125
08:00:10,91282CKH3,TSRYS5774872,D,S,T,2024-04-15,3000000.00,4.937509,99.19140625
08:00:10,91282CKH3,TSRYS5774872,D,S,D,2024-04-15,3000000.00,4.936444,99.193359375
08:00:10,91282CKH3,TSRYS5774872,D,S,D,2024-04-15,2000000.00,4.937509,99.19140625
08:00:10,91282CKH3,TSRYS5774872,D,S,D,2024-04-15,4000000.00,4.947094,99.173828125
08:00:10,91282CKH3,TSRYS5774872,D,S,D,2024-04-15,1000000.00,4.947094,99.173828125
08:00:10,91282CKH3,TSRYS5774872,D,S,D,2024-04-15,2000000.00,4.947094,99.173828125
08:00:10,91282CKH3,TSRYS5774872,D,S,D,2024-04-15,1000000.00,4.947094,99.173828125
08:00:10,91282CKH3,TSRYS5774872,D,S,D,2024-04-15,1000000.00,4.947094,99.173828125
08:00:10,91282CKH3,TSRYS5774872,D,S,D,2024-04-15,3000000.00,4.947094,99.173828125
08:00:10,91282CKH3,TSRYS5774872,D,S,D,2024-04-15,2000000.00,4.947094,99.173828125
08:00:10,91282CKH3,TSRYS5774872,D,S,D,2024-04-15,1000000.00,4.947094,99.173828125
08:00:10,91282CKH3,TSRYS5774872,D,S,D,2024-04-15,4000000.00,4.947094,99.173828125
08:00:10,91282CKH3,TSRYS5774872,D,S,D,2024-04-15,4000000.00,4.947094,99.173828125
08:00:10,91282CKH3,TSRYS5774872,D,S,D,2024-04-15,1000000.00,4.947094,99.173828125
08:00:10,91282CKH3,TSRYS5774872,D,S,D,2024-04-15,4000000.00,4.947094,99.173828125
08:00:10,91282CKH3,TSRYS5774872,D,S,D,2024-04-15,1000000.00,4.946029,99.17578125
08:00:10,91282CKH3,TSRYS5774872,D,S,D,2024-04-15,3000000.00,4.946029,99.17578125
08:00:10,91282CKH3,TSRYS5774872,D,S,D,2024-04-15,3000000.00,4.946029,99.17578125
08:00:10,91282CKH3,TSRYS5774872,D,S,D,2024-04-15,1000000.00,4.946029,99.17578125
08:00:10,91282CKH3,TSRYS5774872,D,S,D,2024-04-15,1000000.00,4.946029,99.17578125
08:00:10,91282CKH3,TSRYS5774872,D,S,T,2024-04-15,1000000.00,4.956681,99.15625
08:00:10,91282CKH3,TSRYS5774872,D,S,T,2024-04-15,2000000.00,4.955616,99.158203125
08:00:10,91282CKH3,TSRYS5774872,D,S,T,2024-04-15,1000000.00,4.890679,99.27734375
08:00:10,91282CKH3,TSRYS5774872,D,S,A,2024-04-15,15000000.00,4.914087,99.234375
08:00:10,91282CKH3,TSRYS5774872,D,S,D,2024-04-15,635000.00,4.954551,99.16015625
08:00:10,91282CKH3,TSRYS5774872,D,S,D,2024-04-15,3000000.00,4.924732,99.21484375
08:00:10,91282CKH3,TSRYS5774872,D,S,D,2024-04-15,1000000.00,4.924732,99.21484375
08:00:10,91282CKH3,TSRYS5774872,D,S,D,2024-04-15,1000000.00,4.924732,99.21484375
08:00:10,91282CKH3,TSRYS5774872,D,S,D,2024-04-15,1000000.00,4.924732,99.21484375
08:00:10,91282CKH3,TSRYS5774872,D,S,D,2024-04-15,1000000.00,4.924732,99.21484375
08:00:10,91282CKH3,TSRYS5774872,D,S,D,2024-04-15,1000000.00,4.9515,99.1657497066
08:00:10,91282CKH3,TSRYS5774872,D,S,D,2024-04-15,1000000.00,4.924732,99.21484375
08:00:10,91282CKH3,TSRYS5774872,D,S,D,2024-04-15,2000000.00,4.924732,99.21484375
08:00:10,91282CKH3,TSRYS5774872,D,S,D,2024-04-15,1000000.00,4.924732,99.21484375
08:00:10,91282CKH3,TSRYS5774872,D,S,D,2024-04-15,4000000.00,4.924732,99.21484375
08:00:14,91282CKH3,TSRYS5774872,D,S,D,2024-04-15,1000000.00,4.924732,99.21484375
08:00:14,91282CKH3,TSRYS5774872,D,S,D,2024-04-15,1000000.00,4.924732,99.21484375
08:00:14,91282CKH3,TSRYS5774872,D,S,D,2024-04-15,1000000.00,4.925796,99.212890625
08:00:14,91282CKH3,TSRYS5774872,D,S,D,2024-04-15,20000000.00,4.925796,99.212890625
08:00:14,91282CKH3,TSRYS5774872,D,S,D,2024-04-15,1000000.00,4.925796,99.212890625
08:00:14,91282CKH3,TSRYS5774872,D,S,D,2024-04-15,1000000.00,4.925796,99.212890625
08:00:14,91282CKH3,TSRYS5774872,D,S,D,2024-04-15,2000000.00,4.925796,99.212890625
08:00:14,91282CKH3,TSRYS5774872,D,S,D,2024-04-15,1000000.00,4.925796,99.212890625
08:00:14,91282CKH3,TSRYS5774872,D,S,D,2024-04-15,1000000.00,4.925796,99.212890625
08:00:14,91282CKH3,TSRYS5774872,D,S,D,2024-04-15,1000000.00,4.95242,99.1640625
08:00:14,91282CKH3,TSRYS5774872,D,S,D,2024-04-15,1000000.00,4.952,99.1648327465
08:00:14,91282CKH3,TSRYS5774872,D,S,D,2024-04-15,8000000.00,4.925796,99.212890625
08:00:14,91282CKH3,TSRYS5774872,D,S,D,2024-04-15,1000000.00,4.925796,99.212890625
08:00:14,91282CKH3,TSRYS5774872,D,S,D,2024-04-15,1000000.00,4.925796,99.212890625
08:00:14,91282CKH3,TSRYS5774872,D,S,D,2024-04-15,1000000.00,4.925796,99.212890625
08:00:14,91282CKH3,TSRYS5774872,D,S,D,2024-04-15,1000000.00,4.925796,99.212890625
08:00:14,91282CKH3,TSRYS5774872,D,S,D,2024-04-15,1000000.00,4.925796,99.212890625
08:00:14,91282CKH3,TSRYS5774872,D,S,D,2024-04-15,2000000.00,4.925796,99.212890625
08:00:14,91282CKH3,TSRYS5774872,D,S,D,2024-04-15,1000000.00,4.925796,99.212890625
08:00:14,91282CKH3,TSRYS5774872,D,S,D,2024-04-15,1000000.00,4.925796,99.212890625
08:00:14,91282CKH3,TSRYS5774872,D,S,D,2024-04-15,2000000.00,4.925796,99.212890625
08:00:14,91282CKH3,TSRYS5774872,D,S,D,2024-04-15,1000000.00,4.925796,99.212890625
08:00:14,91282CKH3,TSRYS5774872,D,S,D,2024-04-15,1000000.00,4.925796,99.212890625
08:00:14,91282CKH3,TSRYS5774872,D,S,D,2024-04-15,1000000.00,4.925796,99.212890625
08:00:14,91282CKH3,TSRYS5774872,D,S,D,2024-04-15,1000000.00,4.925796,99.212890625
08:00:14,91282CKH3,TSRYS5774872,D,S,D,2024-04-15,1000000.00,4.925796,99.212890625
08:00:14,91282CKH3,TSRYS5774872,D,S,D,2024-04-15,5000000.00,4.925796,99.212890625
08:00:14,91282CKH3,TSRYS5774872,D,S,D,2024-04-15,9000000.00,4.925796,99.212890625
08:00:14,91282CKH3,TSRYS5774872,D,S,D,2024-04-15,1000000.00,4.925796,99.212890625
08:00:14,91282CKH3,TSRYS5774872,D,S,D,2024-04-15,1000000.00,4.925796,99.212890625
08:00:14,91282CKH3,TSRYS5774872,D,S,D,2024-04-15,1000000.00,4.925796,99.212890625
08:00:14,91282CKH3,TSRYS5774872,D,S,D,2024-04-15,2000000.00,4.925796,99.212890625
08:00:14,91282CKH3,TSRYS5774872,D,S,D,2024-04-15,2000000.00,4.925796,99.212890625
08:00:14,91282CKH3,TSRYS5774872,D,S,D,2024-04-15,1000000.00,4.925796,99.212890625
08:00:14,91282CKH3,TSRYS5774872,D,S,D,2024-04-15,1000000.00,4.925796,99.212890625
08:00:14,91282CKH3,TSRYS5774872,D,S,D,2024-04-15,1000000.00,4.925796,99.212890625
08:00:14,91282CKH3,TSRYS5774872,D,S,T,2024-04-15,1000000.00,4.948159,99.171875
08:00:14,91282CKH3,TSRYS5774872,D,S,D,2024-04-15,1000000.00,4.925796,99.212890625
08:00:14,91282CKH3,TSRYS5774872,D,S,D,2024-04-15,1000000.00,4.925796,99.212890625
08:00:14,91282CKH3,TSRYS5774872,D,S,D,2024-04-15,1000000.00,4.925796,99.212890625
08:00:14,91282CKH3,TSRYS5774872,D,S,D,2024-04-15,1000000.00,4.925796,99.212890625
08:00:14,91282CKH3,TSRYS5774872,D,S,D,2024-04-15,1000000.00,4.925796,99.212890625
08:00:14,91282CKH3,TSRYS5774872,D,S,D,2024-04-15,1000000.00,4.925796,99.212890625
08:00:14,91282CKH3,TSRYS5774872,D,S,D,2024-04-15,1000000.00,4.925796,99.212890625
08:00:14,91282CKH3,TSRYS5774872,D,S,D,2024-04-15,1000000.00,4.924732,99.21484375
08:00:14,91282CKH3,TSRYS5774872,D,S,D,2024-04-15,1000000.00,4.924732,99.21484375
08:00:14,91282CKH3,TSRYS5774872,D,S,D,2024-04-15,1000000.00,4.924732,99.21484375
08:00:14,91282CKH3,TSRYS5774872,D,S,D,2024-04-15,1000000.00,4.924732,99.21484375
08:00:14,91282CKH3,TSRYS5774872,D,S,D,2024-04-15,1000000.00,4.924732,99.21484375
08:00:14,91282CKH3,TSRYS5774872,D,B,A,2024-04-15,2535000.00,4.914087,99.234375
08:00:14,91282CKH3,TSRYS5774872,D,S,A,2024-04-15,200000.00,4.911959,99.238281
08:00:14,91282CKH3,TSRYS5774872,D,S,D,2024-04-15,1000000.00,4.924732,99.21484375
08:00:14,91282CKH3,TSRYS5774872,D,S,D,2024-04-15,1000000.00,4.924732,99.21484375
08:00:14,91282CKH3,TSRYS5774872,D,S,D,2024-04-15,1000000.00,4.924732,99.21484375
08:00:14,91282CKH3,TSRYS5774872,D,S,D,2024-04-15,1000000.00,4.924732,99.21484375
08:00:14,91282CKH3,TSRYS5774872,D,S,D,2024-04-15,1000000.00,4.924732,99.21484375
08:00:14,91282CKH3,TSRYS5774872,D,S,D,2024-04-15,1000000.00,4.924732,99.21484375
08:00:14,91282CKH3,TSRYS5774872,D,S,D,2024-04-15,1000000.00,4.924732,99.21484375
08:00:14,91282CKH3,TSRYS5774872,D,S,D,2024-04-15,1000000.00,4.924732,99.21484375
08:00:14,91282CKH3,TSRYS5774872,D,S,D,2024-04-15,1000000.00,4.924732,99.21484375
08:00:14,91282CKH3,TSRYS5774872,D,S,D,2024-04-15,1000000.00,4.924732,99.21484375
08:00:14,91282CKH3,TSRYS5774872,D,S,D,2024-04-15,1000000.00,4.924732,99.21484375
08:00:14,91282CKH3,TSRYS5774872,D,S,D,2024-04-15,1000000.00,4.924732,99.21484375
08:00:14,91282CKH3,TSRYS5774872,D,S,D,2024-04-15,1000000.00,4.924732,99.21484375
08:00:14,91282CKH3,TSRYS5774872,D,S,D,2024-04-15,1000000.00,4.924732,99.21484375
08:00:14,91282CKH3,TSRYS5774872,D,S,D,2024-04-15,1000000.00,4.924732,99.21484375
08:00:14,91282CKH3,TSRYS5774872,D,S,D,2024-04-15,1000000.00,4.924732,99.21484375
08:00:14,91282CKH3,TSRYS5774872,D,S,D,2024-04-15,1000000.00,4.924732,99.21484375
08:00:14,91282CKH3,TSRYS5774872,D,S,D,2024-04-15,1000000.00,4.924732,99.21484375
08:00:14,91282CKH3,TSRYS5774872,D,S,D,2024-04-15,1000000.00,4.924732,99.21484375
08:00:14,91282CKH3,TSRYS5774872,D,S,D,2024-04-15,1000000.00,4.924732,99.21484375
08:00:14,91282CKH3,TSRYS5774872,D,S,D,2024-04-15,1000000.00,4.924732,99.21484375
08:00:14,91282CKH3,TSRYS5774872,D,S,D,2024-04-15,1000000.00,4.924732,99.21484375
08:00:14,91282CKH3,TSRYS5774872,D,S,D,2024-04-15,1000000.00,4.924732,99.21484375
08:00:14,91282CKH3,TSRYS5774872,D,S,D,2024-04-15,1000000.00,4.924732,99.21484375
08:00:14,91282CKH3,TSRYS5774872,D,S,D,2024-04-15,1000000.00,4.924732,99.21484375
08:00:14,91282CKH3,TSRYS5774872,D,S,D,2024-04-15,1000000.00,4.924732,99.21484375
08:00:14,91282CKH3,TSRYS5774872,D,S,D,2024-04-15,1000000.00,4.924732,99.21484375
08:00:14,91282CKH3,TSRYS5774872,D,S,D,2024-04-15,1000000.00,4.924732,99.21484375
08:00:14,91282CKH3,TSRYS5774872,D,S,D,2024-04-15,1000000.00,4.924732,99.21484375
08:00:14,91282CKH3,TSRYS5774872,D,S,D,2024-04-15,1000000.00,4.924732,99.21484375
08:00:15,91282CKH3,TSRYS5774872,D,S,D,2024-04-15,1000000.00,4.922603,99.21875
08:00:15,91282CKH3,TSRYS5774872,D,S,D,2024-04-15,1000000.00,4.924732,99.21484375
08:00:15,91282CKH3,TSRYS5774872,D,S,D,2024-04-15,1000000.00,4.924732,99.21484375
08:00:15,91282CKH3,TSRYS5774872,D,S,D,2024-04-15,1000000.00,4.924732,99.21484375
08:00:15,91282CKH3,TSRYS5774872,D,S,D,2024-04-15,1000000.00,4.924732,99.21484375
08:00:15,91282CKH3,TSRYS5774872,D,S,D,2024-04-15,1000000.00,4.924732,99.21484375
08:00:15,91282CKH3,TSRYS5774872,D,S,D,2024-04-15,1000000.00,4.924732,99.21484375
08:00:15,91282CKH3,TSRYS5774872,D,S,D,2024-04-15,1000000.00,4.924732,99.21484375
08:00:15,91282CKH3,TSRYS5774872,D,S,D,2024-04-15,1000000.00,4.924732,99.21484375
08:00:15,91282CKH3,TSRYS5774872,D,S,D,2024-04-15,1000000.00,4.924732,99.21484375
08:00:15,91282CKH3,TSRYS5774872,D,S,D,2024-04-15,1000000.00,4.924732,99.21484375
08:00:15,91282CKH3,TSRYS5774872,D,S,D,2024-04-15,1000000.00,4.924732,99.21484375
08:00:15,91282CKH3,TSRYS5774872,D,S,D,2024-04-15,1000000.00,4.924732,99.21484375
08:00:15,91282CKH3,TSRYS5774872,D,S,D,2024-04-15,1000000.00,4.924732,99.21484375
08:00:15,91282CKH3,TSRYS5774872,D,S,D,2024-04-15,1000000.00,4.924732,99.21484375
08:00:15,91282CKH3,TSRYS5774872,D,S,D,2024-04-15,2000000.00,4.922603,99.21875
08:00:15,91282CKH3,TSRYS5774872,D,S,D,2024-04-15,1000000.00,4.922603,99.21875
08:00:15,91282CKH3,TSRYS5774872,D,S,D,2024-04-15,1000000.00,4.922603,99.21875
08:00:15,91282CKH3,TSRYS5774872,D,S,D,2024-04-15,1000000.00,4.922603,99.21875
08:00:15,91282CKH3,TSRYS5774872,D,S,D,2024-04-15,1000000.00,4.922603,99.21875
08:00:15,91282CKH3,TSRYS5774872,D,S,D,2024-04-15,1000000.00,4.922603,99.21875
08:00:15,91282CKH3,TSRYS5774872,D,S,D,2024-04-15,1000000.00,4.922603,99.21875
08:00:15,91282CKH3,TSRYS5774872,D,S,D,2024-04-15,1000000.00,4.922603,99.21875
08:00:15,91282CKH3,TSRYS5774872,D,S,D,2024-04-15,1000000.00,4.922603,99.21875
08:00:15,91282CKH3,TSRYS5774872,D,S,D,2024-04-15,1000000.00,4.922603,99.21875
08:00:15,91282CKH3,TSRYS5774872,D,S,D,2024-04-15,1000000.00,4.922603,99.21875
08:00:15,91282CKH3,TSRYS5774872,D,S,D,2024-04-15,1000000.00,4.922603,99.21875
08:00:15,91282CKH3,TSRYS5774872,D,S,D,2024-04-15,1000000.00,4.922603,99.21875
08:00:15,91282CKH3,TSRYS5774872,D,S,D,2024-04-15,1000000.00,4.922603,99.21875
08:00:15,91282CKH3,TSRYS5774872,D,S,D,2024-04-15,1000000.00,4.922603,99.21875
08:00:15,91282CKH3,TSRYS5774872,D,S,D,2024-04-15,1000000.00,4.922603,99.21875
08:00:15,91282CKH3,TSRYS5774872,D,S,D,2024-04-15,1000000.00,4.922603,99.21875
08:00:15,91282CKH3,TSRYS5774872,D,S,D,2024-04-15,1000000.00,4.922603,99.21875
08:00:15,91282CKH3,TSRYS5774872,D,S,D,2024-04-15,1000000.00,4.922603,99.21875
08:00:15,91282CKH3,TSRYS5774872,D,S,D,2024-04-15,1000000.00,4.922603,99.21875
08:00:15,91282CKH3,TSRYS5774872,D,S,D,2024-04-15,1000000.00,4.922603,99.21875
08:00:15,91282CKH3,TSRYS5774872,D,S,D,2024-04-15,1000000.00,4.922603,99.21875
08:00:15,91282CKH3,TSRYS5774872,D,S,D,2024-04-15,1000000.00,4.922603,99.21875
08:00:15,91282CKH3,TSRYS5774872,D,S,D,2024-04-15,1000000.00,4.922603,99.21875
08:00:15,91282CKH3,TSRYS5774872,D,S,D,2024-04-15,1000000.00,4.922603,99.21875
08:00:15,91282CKH3,TSRYS5774872,D,S,D,2024-04-15,1000000.00,4.922603,99.21875
08:00:15,91282CKH3,TSRYS5774872,D,S,D,2024-04-15,1000000.00,4.922603,99.21875
08:00:15,91282CKH3,TSRYS5774872,D,S,D,2024-04-15,1000000.00,4.922603,99.21875
08:00:15,91282CKH3,TSRYS5774872,D,S,D,2024-04-15,1000000.00,4.922603,99.21875
08:00:15,91282CKH3,TSRYS5774872,D,S,D,2024-04-15,1000000.00,4.922603,99.21875
08:00:15,91282CKH3,TSRYS5774872,D,S,D,2024-04-15,1000000.00,4.922603,99.21875
08:00:18,91282CKH3,TSRYS5774872,D,S,A,2024-04-15,3500000.00,4.922603,99.21875
08:00:18,91282CKH3,TSRYS5774872,D,S,T,2024-04-15,3000000.00,4.924732,99.21484375
08:00:18,91282CKH3,TSRYS5774872,D,S,T,2024-04-15,1000000.00,4.924732,99.21484375
08:00:18,91282CKH3,TSRYS5774872,D,S,T,2024-04-15,1000000.00,4.924732,99.21484375
08:00:18,91282CKH3,TSRYS5774872,D,S,T,2024-04-15,1000000.00,4.924732,99.21484375
08:00:18,91282CKH3,TSRYS5774872,D,S,A,2024-04-15,30000.00,4.948159,99.18854166667
08:00:19,91282CKH3,TSRYS5774872,D,S,T,2024-04-15,1000000.00,4.924732,99.21484375
08:00:19,91282CKH3,TSRYS5774872,D,S,T,2024-04-15,1000000.00,4.924732,99.21484375
08:00:19,91282CKH3,TSRYS5774872,D,S,T,2024-04-15,2000000.00,4.924732,99.21484375
08:00:19,91282CKH3,TSRYS5774872,D,S,T,2024-04-15,1000000.00,4.924732,99.21484375
08:00:19,91282CKH3,TSRYS5774872,D,S,T,2024-04-15,1000000.00,4.924732,99.21484375
08:00:19,91282CKH3,TSRYS5774872,D,S,T,2024-04-15,1000000.00,4.924732,99.21484375
08:00:19,91282CKH3,TSRYS5774872,D,S,T,2024-04-15,4000000.00,4.924732,99.21484375
08:00:19,91282CKH3,TSRYS5774872,D,S,T,2024-04-15,1000000.00,4.924732,99.21484375
08:00:19,91282CKH3,TSRYS5774872,D,S,T,2024-04-15,1000000.00,4.924732,99.21484375
08:00:19,91282CKH3,TSRYS5774872,D,S,T,2024-04-15,1000000.00,4.925796,99.212890625
08:00:19,91282CKH3,TSRYS5774872,D,S,T,2024-04-15,20000000.00,4.925796,99.212890625
08:00:19,91282CKH3,TSRYS5774872,D,S,T,2024-04-15,1000000.00,4.925796,99.212890625
08:00:19,91282CKH3,TSRYS5774872,D,S,T,2024-04-15,1000000.00,4.925796,99.212890625
08:00:19,91282CKH3,TSRYS5774872,D,S,T,2024-04-15,2000000.00,4.925796,99.212890625
08:00:19,91282CKH3,TSRYS5774872,D,S,T,2024-04-15,1000000.00,4.925796,99.212890625
08:00:19,91282CKH3,TSRYS5774872,D,S,T,2024-04-15,1000000.00,4.925796,99.212890625
08:00:19,91282CKH3,TSRYS5774872,D,S,T,2024-04-15,8000000.00,4.925796,99.212890625
08:00:19,91282CKH3,TSRYS5774872,D,S,T,2024-04-15,1000000.00,4.925796,99.212890625
08:00:19,91282CKH3,TSRYS5774872,D,S,T,2024-04-15,1000000.00,4.925796,99.212890625
08:00:20,91282CKH3,TSRYS5774872,D,S,D,2024-04-15,2000000.00,4.95242,99.1640625
08:00:20,91282CKH3,TSRYS5774872,D,S,D,2024-04-15,1000000.00,4.952,99.1648327465
08:00:20,91282CKH3,TSRYS5774872,D,S,D,2024-04-15,1000000.00,4.952,99.1648327465
08:00:20,91282CKH3,TSRYS5774872,D,S,D,2024-04-15,1000000.00,4.951,99.1666666667
08:00:20,91282CKH3,TSRYS5774872,D,S,D,2024-04-15,2000000.00,4.9515,99.1657497066
08:00:20,91282CKH3,TSRYS5774872,D,S,D,2024-04-15,1000000.00,4.952,99.1648327465
08:00:20,91282CKH3,TSRYS5774872,D,S,D,2024-04-15,1000000.00,4.951,99.1666666667
08:00:22,91282CKH3,TSRYS5774872,D,S,T,2024-04-15,1000000.00,4.925796,99.212890625
08:00:22,91282CKH3,TSRYS5774872,D,S,T,2024-04-15,1000000.00,4.925796,99.212890625
08:00:22,91282CKH3,TSRYS5774872,D,S,T,2024-04-15,1000000.00,4.925796,99.212890625
08:00:22,91282CKH3,TSRYS5774872,D,S,T,2024-04-15,2000000.00,4.925796,99.212890625
08:00:22,91282CKH3,TSRYS5774872,D,S,T,2024-04-15,1000000.00,4.925796,99.212890625
08:00:22,91282CKH3,TSRYS5774872,D,S,T,2024-04-15,1000000.00,4.925796,99.212890625
08:00:23,91282CKH3,TSRYS5774872,D,S,T,2024-04-15,2000000.00,4.925796,99.212890625
08:00:23,91282CKH3,TSRYS5774872,D,S,T,2024-04-15,1000000.00,4.925796,99.212890625
08:00:23,91282CKH3,TSRYS5774872,D,S,T,2024-04-15,1000000.00,4.925796,99.212890625
08:00:23,91282CKH3,TSRYS5774872,D,S,T,2024-04-15,1000000.00,4.925796,99.212890625
08:00:23,91282CKH3,TSRYS5774872,D,S,T,2024-04-15,1000000.00,4.925796,99.212890625
08:00:23,91282CKH3,TSRYS5774872,D,S,T,2024-04-15,1000000.00,4.925796,99.212890625
08:00:23,91282CKH3,TSRYS5774872,D,S,T,2024-04-15,5000000.00,4.925796,99.212890625
08:00:23,91282CKH3,TSRYS5774872,D,S,T,2024-04-15,9000000.00,4.925796,99.212890625
08:00:23,91282CKH3,TSRYS5774872,D,S,T,2024-04-15,1000000.00,4.925796,99.212890625
08:00:23,91282CKH3,TSRYS5774872,D,S,T,2024-04-15,1000000.00,4.925796,99.212890625
08:00:23,91282CKH3,TSRYS5774872,D,S,T,2024-04-15,1000000.00,4.925796,99.212890625
08:00:23,91282CKH3,TSRYS5774872,D,S,T,2024-04-15,2000000.00,4.925796,99.212890625
08:00:23,91282CKH3,TSRYS5774872,D,S,T,2024-04-15,2000000.00,4.925796,99.212890625
08:00:23,91282CKH3,TSRYS5774872,D,S,T,2024-04-15,1000000.00,4.925796,99.212890625
08:00:23,91282CKH3,TSRYS5774872,D,S,T,2024-04-15,1000000.00,4.925796,99.212890625
08:00:23,91282CKH3,TSRYS5774872,D,S,T,2024-04-15,1000000.00,4.925796,99.212890625
08:00:23,91282CKH3,TSRYS5774872,D,S,T,2024-04-15,1000000.00,4.925796,99.212890625
08:00:23,91282CKH3,TSRYS5774872,D,S,T,2024-04-15,1000000.00,4.925796,99.212890625
08:00:23,91282CKH3,TSRYS5774872,D,S,T,2024-04-15,1000000.00,4.925796,99.212890625
08:00:23,91282CKH3,TSRYS5774872,D,S,T,2024-04-15,1000000.00,4.925796,99.212890625
08:00:23,91282CKH3,TSRYS5774872,D,S,T,2024-04-15,1000000.00,4.925796,99.212890625
08:00:23,91282CKH3,TSRYS5774872,D,S,T,2024-04-15,1000000.00,4.925796,99.212890625
08:00:23,91282CKH3,TSRYS5774872,D,S,T,2024-04-15,1000000.00,4.925796,99.212890625
08:00:23,91282CKH3,TSRYS5774872,D,S,T,2024-04-15,1000000.00,4.924732,99.21484375
08:00:23,91282CKH3,TSRYS5774872,D,S,T,2024-04-15,1000000.00,4.924732,99.21484375
08:00:23,91282CKH3,TSRYS5774872,D,S,T,2024-04-15,1000000.00,4.924732,99.21484375
08:00:23,91282CKH3,TSRYS5774872,D,S,T,2024-04-15,1000000.00,4.924732,99.21484375
08:00:23,91282CKH3,TSRYS5774872,D,S,T,2024-04-15,1000000.00,4.924732,99.21484375
08:00:24,91282CKH3,TSRYS5774872,D,S,T,2024-04-15,1000000.00,4.924732,99.21484375
08:00:24,91282CKH3,TSRYS5774872,D,S,T,2024-04-15,1000000.00,4.924732,99.21484375
08:00:24,91282CKH3,TSRYS5774872,D,S,T,2024-04-15,1000000.00,4.924732,99.21484375
08:00:24,91282CKH3,TSRYS5774872,D,S,T,2024-04-15,1000000.00,4.924732,99.21484375
08:00:24,91282CKH3,TSRYS5774872,D,S,T,2024-04-15,1000000.00,4.924732,99.21484375
08:00:24,91282CKH3,TSRYS5774872,D,S,T,2024-04-15,1000000.00,4.924732,99.21484375
08:00:24,91282CKH3,TSRYS5774872,D,S,T,2024-04-15,1000000.00,4.924732,99.21484375
08:00:24,91282CKH3,TSRYS5774872,D,S,T,2024-04-15,1000000.00,4.924732,99.21484375
08:00:24,91282CKH3,TSRYS5774872,D,S,T,2024-04-15,1000000.00,4.924732,99.21484375
08:00:24,91282CKH3,TSRYS5774872,D,S,T,2024-04-15,1000000.00,4.924732,99.21484375
08:00:24,91282CKH3,TSRYS5774872,D,S,T,2024-04-15,1000000.00,4.924732,99.21484375
08:00:24,91282CKH3,TSRYS5774872,D,S,T,2024-04-15,1000000.00,4.924732,99.21484375
08:00:24,91282CKH3,TSRYS5774872,D,S,D,2024-04-15,20000.00,4.948159,99.171875
08:00:24,91282CKH3,TSRYS5774872,D,S,C,2024-04-15,20000.00,4.948159,99.196875
08:00:25,91282CKH3,TSRYS5774872,D,S,T,2024-04-15,1000000.00,4.937509,99.19140625
08:00:25,91282CKH3,TSRYS5774872,D,S,T,2024-04-15,1000000.00,4.937509,99.19140625
08:00:25,91282CKH3,TSRYS5774872,D,S,T,2024-04-15,1000000.00,4.956681,99.15625
08:00:25,91282CKH3,TSRYS5774872,D,S,T,2024-04-15,1000000.00,4.956681,99.15625
08:00:25,91282CKH3,TSRYS5774872,D,S,D,2024-04-15,2000000.00,4.897062,99.265625
08:00:25,91282CKH3,TSRYS5774872,D,S,T,2024-04-15,1000000.00,4.901317,99.2578125
08:00:25,91282CKH3,TSRYS5774872,D,S,T,2024-04-15,1000000.00,4.918345,99.2265625
08:00:25,91282CKH3,TSRYS5774872,D,S,T,2024-04-15,1000000.00,4.939639,99.1875
08:00:25,91282CKH3,TSRYS5774872,D,S,T,2024-04-15,1000000.00,4.939639,99.1875
08:00:25,91282CKH3,TSRYS5774872,D,S,T,2024-04-15,1000000.00,4.939639,99.1875
08:00:25,91282CKH3,TSRYS5774872,D,S,T,2024-04-15,1000000.00,4.939639,99.1875
08:00:25,91282CKH3,TSRYS5774872,D,S,T,2024-04-15,1000000.00,4.939639,99.1875
08:00:25,91282CKH3,TSRYS5774872,D,S,T,2024-04-15,2000000.00,4.939639,99.1875
08:00:25,91282CKH3,TSRYS5774872,D,S,T,2024-04-15,2000000.00,4.939639,99.1875
08:00:25,91282CKH3,TSRYS5774872,D,S,T,2024-04-15,2000000.00,4.939639,99.1875
08:00:25,91282CKH3,TSRYS5774872,D,S,T,2024-04-15,2000000.00,4.941769,99.18359375
08:00:25,91282CKH3,TSRYS5774872,D,S,T,2024-04-15,1000000.00,4.941769,99.18359375
08:00:25,91282CKH3,TSRYS5774872,D,S,D,2024-04-15,2000000.00,4.935379,99.1953125
08:00:25,91282CKH3,TSRYS5774872,D,S,D,2024-04-15,2000000.00,4.947094,99.173828125
08:00:25,91282CKH3,TSRYS5774872,D,S,T,2024-04-15,1000000.00,4.948159,99.171875
08:00:25,91282CKH3,TSRYS5774872,D,S,T,2024-04-15,1000000.00,4.948159,99.171875
08:00:25,91282CKH3,TSRYS5774872,D,S,T,2024-04-15,2000000.00,4.954551,99.16015625
08:00:25,91282CKH3,TSRYS5774872,D,S,T,2024-04-15,1000000.00,4.956681,99.15625
08:00:25,91282CKH3,TSRYS5774872,D,S,T,2024-04-15,2000000.00,4.955616,99.158203125
08:00:25,91282CKH3,TSRYS5774872,D,S,T,2024-04-15,2000000.00,4.95242,99.1640625
08:00:27,91282CKH3,TSRYS5774872,D,S,T,2024-04-15,1000000.00,4.924732,99.21484375
08:00:27,91282CKH3,TSRYS5774872,D,S,T,2024-04-15,1000000.00,4.924732,99.21484375
08:00:27,91282CKH3,TSRYS5774872,D,S,T,2024-04-15,1000000.00,4.924732,99.21484375
08:00:27,91282CKH3,TSRYS5774872,D,S,T,2024-04-15,1000000.00,4.924732,99.21484375
08:00:27,91282CKH3,TSRYS5774872,D,S,T,2024-04-15,1000000.00,4.924732,99.21484375
08:00:27,91282CKH3,TSRYS5774872,D,S,T,2024-04-15,1000000.00,4.924732,99.21484375
08:00:27,91282CKH3,TSRYS5774872,D,S,T,2024-04-15,1000000.00,4.924732,99.21484375
08:00:27,91282CKH3,TSRYS5774872,D,S,T,2024-04-15,1000000.00,4.924732,99.21484375
08:00:28,91282CKH3,TSRYS5774872,D,S,T,2024-04-15,1000000.00,4.924732,99.21484375
08:00:28,91282CKH3,TSRYS5774872,D,S,T,2024-04-15,1000000.00,4.924732,99.21484375
08:00:28,91282CKH3,TSRYS5774872,D,S,T,2024-04-15,1000000.00,4.924732,99.21484375
08:00:28,91282CKH3,TSRYS5774872,D,S,T,2024-04-15,1000000.00,4.924732,99.21484375
08:00:28,91282CKH3,TSRYS5774872,D,S,T,2024-04-15,1000000.00,4.924732,99.21484375
08:00:28,91282CKH3,TSRYS5774872,D,S,T,2024-04-15,1000000.00,4.924732,99.21484375
08:00:28,91282CKH3,TSRYS5774872,D,S,T,2024-04-15,1000000.00,4.924732,99.21484375
08:00:28,91282CKH3,TSRYS5774872,D,S,T,2024-04-15,1000000.00,4.924732,99.21484375
08:00:28,91282CKH3,TSRYS5774872,D,S,T,2024-04-15,1000000.00,4.924732,99.21484375
08:00:28,91282CKH3,TSRYS5774872,D,S,T,2024-04-15,1000000.00,4.924732,99.21484375
08:00:28,91282CKH3,TSRYS5774872,D,S,T,2024-04-15,1000000.00,4.924732,99.21484375
08:00:28,91282CKH3,TSRYS5774872,D,S,T,2024-04-15,1000000.00,4.924732,99.21484375
08:00:28,91282CKH3,TSRYS5774872,D,S,T,2024-04-15,1000000.00,4.924732,99.21484375
08:00:28,91282CKH3,TSRYS5774872,D,S,T,2024-04-15,1000000.00,4.924732,99.21484375
08:00:28,91282CKH3,TSRYS5774872,D,S,T,2024-04-15,1000000.00,4.924732,99.21484375
08:00:28,91282CKH3,TSRYS5774872,D,S,T,2024-04-15,1000000.00,4.924732,99.21484375
08:00:28,91282CKH3,TSRYS5774872,D,S,T,2024-04-15,1000000.00,4.924732,99.21484375
08:00:28,91282CKH3,TSRYS5774872,D,S,T,2024-04-15,1000000.00,4.924732,99.21484375
08:00:28,91282CKH3,TSRYS5774872,D,S,T,2024-04-15,1000000.00,4.924732,99.21484375
08:00:28,91282CKH3,TSRYS5774872,D,S,T,2024-04-15,1000000.00,4.924732,99.21484375
08:00:28,91282CKH3,TSRYS5774872,D,S,T,2024-04-15,1000000.00,4.924732,99.21484375
08:00:28,91282CKH3,TSRYS5774872,D,S,T,2024-04-15,1000000.00,4.924732,99.21484375
08:00:28,91282CKH3,TSRYS5774872,D,S,T,2024-04-15,1000000.00,4.924732,99.21484375
08:00:28,91282CKH3,TSRYS5774872,D,S,T,2024-04-15,1000000.00,4.924732,99.21484375
08:00:28,91282CKH3,TSRYS5774872,D,S,T,2024-04-15,2000000.00,4.922603,99.21875
08:00:28,91282CKH3,TSRYS5774872,D,S,T,2024-04-15,1000000.00,4.922603,99.21875
08:00:28,91282CKH3,TSRYS5774872,D,S,T,2024-04-15,1000000.00,4.922603,99.21875
08:00:28,91282CKH3,TSRYS5774872,D,S,T,2024-04-15,1000000.00,4.922603,99.21875
08:00:28,91282CKH3,TSRYS5774872,D,S,T,2024-04-15,1000000.00,4.922603,99.21875
08:00:28,91282CKH3,TSRYS5774872,D,S,T,2024-04-15,1000000.00,4.922603,99.21875
08:00:28,91282CKH3,TSRYS5774872,D,S,T,2024-04-15,1000000.00,4.922603,99.21875
08:00:28,91282CKH3,TSRYS5774872,D,S,T,2024-04-15,1000000.00,4.922603,99.21875
08:00:28,91282CKH3,TSRYS5774872,D,S,T,2024-04-15,1000000.00,4.922603,99.21875
08:00:28,91282CKH3,TSRYS5774872,D,S,T,2024-04-15,1000000.00,4.922603,99.21875
08:00:28,91282CKH3,TSRYS5774872,D,S,T,2024-04-15,1000000.00,4.922603,99.21875
08:00:29,91282CKH3,TSRYS5774872,D,S,T,2024-04-15,1000000.00,4.922603,99.21875
08:00:29,91282CKH3,TSRYS5774872,D,S,T,2024-04-15,1000000.00,4.922603,99.21875
08:00:29,91282CKH3,TSRYS5774872,D,S,T,2024-04-15,1000000.00,4.922603,99.21875
08:00:29,91282CKH3,TSRYS5774872,D,S,T,2024-04-15,1000000.00,4.922603,99.21875
08:00:29,91282CKH3,TSRYS5774872,D,S,T,2024-04-15,1000000.00,4.922603,99.21875
08:00:29,91282CKH3,TSRYS5774872,D,S,T,2024-04-15,1000000.00,4.922603,99.21875
08:00:29,91282CKH3,TSRYS5774872,D,S,T,2024-04-15,1000000.00,4.922603,99.21875
08:00:30,91282CKH3,TSRYS5774872,D,S,T,2024-04-15,2000000.00,4.897062,99.265625
08:00:30,91282CKH3,TSRYS5774872,D,S,T,2024-04-15,1000000.00,4.897062,99.265625
08:00:30,91282CKH3,TSRYS5774872,D,S,T,2024-04-15,1000000.00,4.897062,99.265625
08:00:30,91282CKH3,TSRYS5774872,D,S,T,2024-04-15,1000000.00,4.897062,99.265625
08:00:30,91282CKH3,TSRYS5774872,D,S,T,2024-04-15,1000000.00,4.897062,99.265625
08:00:30,91282CKH3,TSRYS5774872,D,S,T,2024-04-15,1000000.00,4.897062,99.265625
08:00:30,91282CKH3,TSRYS5774872,D,S,T,2024-04-15,1000000.00,4.897062,99.265625
08:00:30,91282CKH3,TSRYS5774872,D,S,T,2024-04-15,1000000.00,4.897062,99.265625
08:00:30,91282CKH3,TSRYS5774872,D,S,T,2024-04-15,1000000.00,4.899189,99.26171875
08:00:30,91282CKH3,TSRYS5774872,D,S,T,2024-04-15,1000000.00,4.894934,99.26953125
08:00:30,91282CKH3,TSRYS5774872,D,S,T,2024-04-15,1000000.00,4.894934,99.26953125
08:00:30,91282CKH3,TSRYS5774872,D,S,T,2024-04-15,1000000.00,4.892806,99.2734375
08:00:30,91282CKH3,TSRYS5774872,D,S,T,2024-04-15,1000000.00,4.892806,99.2734375
08:00:30,91282CKH3,TSRYS5774872,D,S,T,2024-04-15,1000000.00,4.888551,99.28125
08:00:30,91282CKH3,TSRYS5774872,D,S,T,2024-04-15,1000000.00,4.888551,99.28125
08:00:30,91282CKH3,TSRYS5774872,D,S,T,2024-04-15,1000000.00,4.886424,99.28515625
08:00:30,91282CKH3,TSRYS5774872,D,S,T,2024-04-15,1000000.00,4.886424,99.28515625
08:00:30,91282CKH3,TSRYS5774872,D,S,T,2024-04-15,1000000.00,4.890679,99.27734375
08:00:30,91282CKH3,TSRYS5774872,D,S,T,2024-04-15,1000000.00,4.890679,99.27734375
08:00:30,91282CKH3,TSRYS5774872,D,S,T,2024-04-15,1000000.00,4.890679,99.27734375
08:00:30,91282CKH3,TSRYS5774872,D,S,T,2024-04-15,1000000.00,4.890679,99.27734375
08:00:30,91282CKH3,TSRYS5774872,D,S,T,2024-04-15,1000000.00,4.890679,99.27734375
08:00:30,91282CKH3,TSRYS5774872,D,S,T,2024-04-15,1000000.00,4.890679,99.27734375
08:00:30,91282CKH3,TSRYS5774872,D,S,T,2024-04-15,1000000.00,4.894934,99.26953125
08:00:30,91282CKH3,TSRYS5774872,D,S,T,2024-04-15,1000000.00,4.894934,99.26953125
08:00:30,91282CKH3,TSRYS5774872,D,S,T,2024-04-15,1000000.00,4.894934,99.26953125
08:00:30,91282CKH3,TSRYS5774872,D,S,T,2024-04-15,1000000.00,4.895998,99.267578125
08:00:30,91282CKH3,TSRYS5774872,D,S,T,2024-04-15,2000000.00,4.897062,99.265625
08:00:30,91282CKH3,TSRYS5774872,D,S,T,2024-04-15,1000000.00,4.897062,99.265625
08:00:30,91282CKH3,TSRYS5774872,D,S,T,2024-04-15,1000000.00,4.894934,99.26953125
08:00:30,91282CKH3,TSRYS5774872,D,S,T,2024-04-15,1000000.00,4.894934,99.26953125
08:00:30,91282CKH3,TSRYS5774872,D,S,T,2024-04-15,1000000.00,4.899189,99.26171875
08:00:30,91282CKH3,TSRYS5774872,D,S,T,2024-04-15,3000000.00,4.897062,99.265625
08:00:30,91282CKH3,TSRYS5774872,D,S,T,2024-04-15,1000000.00,4.897062,99.265625
08:00:30,91282CKH3,TSRYS5774872,D,S,T,2024-04-15,1000000.00,4.895998,99.267578125
08:00:30,91282CKH3,TSRYS5774872,D,S,D,2024-04-15,1000000.00,4.92899,99.20703125
08:00:30,91282CKH3,TSRYS5774872,D,S,D,2024-04-15,2000000.00,4.92899,99.20703125
08:00:30,91282CKH3,TSRYS5774872,D,S,T,2024-04-15,1000000.00,4.900253,99.259765625
08:00:30,91282CKH3,TSRYS5774872,D,S,T,2024-04-15,1000000.00,4.900253,99.259765625
08:00:30,91282CKH3,TSRYS5774872,D,S,T,2024-04-15,1000000.00,4.901317,99.2578125
08:00:30,91282CKH3,TSRYS5774872,D,S,T,2024-04-15,2000000.00,4.901317,99.2578125
08:00:30,91282CKH3,TSRYS5774872,D,S,T,2024-04-15,1000000.00,4.902381,99.255859375
08:00:30,91282CKH3,TSRYS5774872,D,S,T,2024-04-15,1000000.00,4.902381,99.255859375
08:00:30,91282CKH3,TSRYS5774872,D,S,D,2024-04-15,1000000.00,4.902381,99.255859375
08:00:30,91282CKH3,TSRYS5774872,D,S,T,2024-04-15,1000000.00,4.903445,99.25390625
08:00:30,91282CKH3,TSRYS5774872,D,S,T,2024-04-15,1000000.00,4.908766,99.244140625
08:00:30,91282CKH3,TSRYS5774872,D,S,T,2024-04-15,2000000.00,4.916216,99.23046875
08:00:30,91282CKH3,TSRYS5774872,D,S,T,2024-04-15,2000000.00,4.914087,99.234375
08:00:30,91282CKH3,TSRYS5774872,D,S,T,2024-04-15,1000000.00,4.916216,99.23046875
08:00:30,91282CKH3,TSRYS5774872,D,S,T,2024-04-15,1000000.00,4.918345,99.2265625
08:00:30,91282CKH3,TSRYS5774872,D,S,T,2024-04-15,2000000.00,4.918345,99.2265625
08:00:30,91282CKH3,TSRYS5774872,D,S,T,2024-04-15,1000000.00,4.914087,99.234375
08:00:30,91282CKH3,TSRYS5774872,D,S,T,2024-04-15,1000000.00,4.916216,99.23046875
08:00:30,91282CKH3,TSRYS5774872,D,S,T,2024-04-15,1000000.00,4.916216,99.23046875
08:00:33,91282CKH3,TSRYS5774872,D,S,D,2024-04-15,1000000.00,4.914087,99.234375
08:00:33,91282CKH3,TSRYS5774872,D,S,D,2024-04-15,2000000.00,4.933249,99.19921875
08:00:33,91282CKH3,TSRYS5774872,D,S,T,2024-04-15,1000000.00,4.920474,99.22265625
08:00:33,91282CKH3,TSRYS5774872,D,S,T,2024-04-15,1000000.00,4.920474,99.22265625
08:00:33,91282CKH3,TSRYS5774872,D,S,T,2024-04-15,1000000.00,4.924732,99.21484375
08:00:33,91282CKH3,TSRYS5774872,D,S,T,2024-04-15,1000000.00,4.920474,99.22265625
08:00:33,91282CKH3,TSRYS5774872,D,S,T,2024-04-15,2000000.00,4.918345,99.2265625
08:00:33,91282CKH3,TSRYS5774872,D,S,T,2024-04-15,1000000.00,4.918345,99.2265625
08:00:33,91282CKH3,TSRYS5774872,D,S,D,2024-04-15,2000000.00,4.93112,99.203125
08:00:33,91282CKH3,TSRYS5774872,D,S,T,2024-04-15,1000000.00,4.918345,99.2265625
08:00:33,91282CKH3,TSRYS5774872,D,S,T,2024-04-15,2000000.00,4.91728,99.228515625
08:00:33,91282CKH3,TSRYS5774872,D,S,T,2024-04-15,1000000.00,4.914087,99.234375
08:00:33,91282CKH3,TSRYS5774872,D,S,T,2024-04-15,1000000.00,4.916216,99.23046875
08:00:33,91282CKH3,TSRYS5774872,D,S,T,2024-04-15,1000000.00,4.916216,99.23046875
08:00:33,91282CKH3,TSRYS5774872,D,S,T,2024-04-15,1000000.00,4.916216,99.23046875
08:00:33,91282CKH3,TSRYS5774872,D,S,T,2024-04-15,1000000.00,4.918345,99.2265625
08:00:33,91282CKH3,TSRYS5774872,D,S,T,2024-04-15,1000000.00,4.918345,99.2265625
08:00:33,91282CKH3,TSRYS5774872,D,S,T,2024-04-15,2000000.00,4.916216,99.23046875
08:00:33,91282CKH3,TSRYS5774872,D,S,T,2024-04-15,1000000.00,4.914087,99.234375
08:00:33,91282CKH3,TSRYS5774872,D,S,T,2024-04-15,1000000.00,4.914087,99.234375
08:00:33,91282CKH3,TSRYS5774872,D,S,T,2024-04-15,1000000.00,4.914087,99.234375
08:00:33,91282CKH3,TSRYS5774872,D,S,T,2024-04-15,1000000.00,4.916216,99.23046875
08:00:33,91282CKH3,TSRYS5774872,D,S,T,2024-04-15,1000000.00,4.916216,99.23046875
08:00:33,91282CKH3,TSRYS5774872,D,S,T,2024-04-15,1000000.00,4.924732,99.21484375
08:00:33,91282CKH3,TSRYS5774872,D,S,T,2024-04-15,1000000.00,4.924732,99.21484375
08:00:33,91282CKH3,TSRYS5774872,D,S,T,2024-04-15,1000000.00,4.924732,99.21484375
08:00:33,91282CKH3,TSRYS5774872,D,S,T,2024-04-15,1000000.00,4.924732,99.21484375
08:00:33,91282CKH3,TSRYS5774872,D,S,T,2024-04-15,1000000.00,4.918345,99.2265625
08:00:33,91282CKH3,TSRYS5774872,D,S,T,2024-04-15,1000000.00,4.916216,99.23046875
08:00:33,91282CKH3,TSRYS5774872,D,S,T,2024-04-15,1000000.00,4.916216,99.23046875
08:00:33,91282CKH3,TSRYS5774872,D,S,T,2024-04-15,3000000.00,4.920474,99.22265625
08:00:33,91282CKH3,TSRYS5774872,D,S,T,2024-04-15,1000000.00,4.922603,99.21875
08:00:33,91282CKH3,TSRYS5774872,D,S,T,2024-04-15,3000000.00,4.926861,99.2109375
08:00:33,91282CKH3,TSRYS5774872,D,S,T,2024-04-15,3000000.00,4.926861,99.2109375
08:00:33,91282CKH3,TSRYS5774872,D,S,T,2024-04-15,3000000.00,4.926861,99.2109375
08:00:33,91282CKH3,TSRYS5774872,D,S,T,2024-04-15,2000000.00,4.926861,99.2109375
08:00:33,91282CKH3,TSRYS5774872,D,S,T,2024-04-15,1000000.00,4.918345,99.2265625
08:00:33,91282CKH3,TSRYS5774872,D,S,T,2024-04-15,3000000.00,4.918345,99.2265625
08:00:33,91282CKH3,TSRYS5774872,D,S,T,2024-04-15,1000000.00,4.922603,99.21875
08:00:33,91282CKH3,TSRYS5774872,D,S,T,2024-04-15,1000000.00,4.922603,99.21875
08:00:33,91282CKH3,TSRYS5774872,D,S,T,2024-04-15,1000000.00,4.922603,99.21875
08:00:33,91282CKH3,TSRYS5774872,D,S,T,2024-04-15,1000000.00,4.924732,99.21484375
08:00:33,91282CKH3,TSRYS5774872,D,S,T,2024-04-15,1000000.00,4.924732,99.21484375
08:00:33,91282CKH3,TSRYS5774872,D,S,T,2024-04-15,1000000.00,4.926861,99.2109375
08:00:33,91282CKH3,TSRYS5774872,D,S,T,2024-04-15,3000000.00,4.92899,99.20703125
08:00:33,91282CKH3,TSRYS5774872,D,S,T,2024-04-15,1000000.00,4.92899,99.20703125
08:00:33,91282CKH3,TSRYS5774872,D,S,T,2024-04-15,1000000.00,4.926861,99.2109375
08:00:33,91282CKH3,TSRYS5774872,D,S,T,2024-04-15,1000000.00,4.926861,99.2109375
08:00:33,91282CKH3,TSRYS5774872,D,S,D,2024-04-15,3000000.00,4.933249,99.19921875
08:00:33,91282CKH3,TSRYS5774872,D,S,T,2024-04-15,2000000.00,4.939639,99.1875
08:00:33,91282CKH3,TSRYS5774872,D,S,T,2024-04-15,2000000.00,4.939639,99.1875
08:00:33,91282CKH3,TSRYS5774872,D,S,T,2024-04-15,1000000.00,4.941769,99.18359375
08:00:33,91282CKH3,TSRYS5774872,D,S,T,2024-04-15,1000000.00,4.935379,99.1953125
08:00:33,91282CKH3,TSRYS5774872,D,S,T,2024-04-15,1000000.00,4.935379,99.1953125
08:00:33,91282CKH3,TSRYS5774872,D,S,T,2024-04-15,1000000.00,4.93112,99.203125
08:00:33,91282CKH3,TSRYS5774872,D,S,T,2024-04-15,1000000.00,4.92899,99.20703125
08:00:33,91282CKH3,TSRYS5774872,D,S,T,2024-04-15,1000000.00,4.92899,99.20703125
08:00:33,91282CKH3,TSRYS5774872,D,S,T,2024-04-15,1000000.00,4.93112,99.203125
08:00:33,91282CKH3,TSRYS5774872,D,S,T,2024-04-15,1000000.00,4.93112,99.203125
08:00:33,91282CKH3,TSRYS5774872,D,S,T,2024-04-15,2000000.00,4.93112,99.203125
08:00:33,91282CKH3,TSRYS5774872,D,S,T,2024-04-15,1000000.00,4.93112,99.203125
08:00:33,91282CKH3,TSRYS5774872,D,S,T,2024-04-15,1000000.00,4.93112,99.203125
08:00:33,91282CKH3,TSRYS5774872,D,S,T,2024-04-15,2000000.00,4.93112,99.203125
08:00:33,91282CKH3,TSRYS5774872,D,S,T,2024-04-15,1000000.00,4.93112,99.203125
08:00:33,91282CKH3,TSRYS5774872,D,S,T,2024-04-15,1000000.00,4.93112,99.203125
08:00:33,91282CKH3,TSRYS5774872,D,S,T,2024-04-15,1000000.00,4.93112,99.203125
08:00:33,91282CKH3,TSRYS5774872,D,S,T,2024-04-15,1000000.00,4.933249,99.19921875
08:00:33,91282CKH3,TSRYS5774872,D,S,T,2024-04-15,2000000.00,4.933249,99.19921875
08:00:33,91282CKH3,TSRYS5774872,D,S,T,2024-04-15,1000000.00,4.933249,99.19921875
08:00:33,91282CKH3,TSRYS5774872,D,S,T,2024-04-15,2000000.00,4.927926,99.208984375
08:00:33,91282CKH3,TSRYS5774872,D,S,T,2024-04-15,1000000.00,4.926861,99.2109375
08:00:33,91282CKH3,TSRYS5774872,D,S,T,2024-04-15,2000000.00,4.924732,99.21484375
08:00:33,91282CKH3,TSRYS5774872,D,S,T,2024-04-15,1000000.00,4.925796,99.212890625
08:00:33,91282CKH3,TSRYS5774872,D,S,T,2024-04-15,1000000.00,4.926861,99.2109375
08:00:33,91282CKH3,TSRYS5774872,D,S,T,2024-04-15,1000000.00,4.926861,99.2109375
08:00:33,91282CKH3,TSRYS5774872,D,S,T,2024-04-15,2000000.00,4.923667,99.216796875
08:00:33,91282CKH3,TSRYS5774872,D,S,T,2024-04-15,2000000.00,4.924732,99.21484375
08:00:33,91282CKH3,TSRYS5774872,D,S,T,2024-04-15,1000000.00,4.924732,99.21484375
08:00:33,91282CKH3,TSRYS5774872,D,S,T,2024-04-15,1000000.00,4.924732,99.21484375
08:00:33,91282CKH3,TSRYS5774872,D,S,T,2024-04-15,1000000.00,4.924732,99.21484375
08:00:33,91282CKH3,TSRYS5774872,D,S,T,2024-04-15,1000000.00,4.924732,99.21484375
08:00:33,91282CKH3,TSRYS5774872,D,S,T,2024-04-15,1000000.00,4.924732,99.21484375
08:00:33,91282CKH3,TSRYS5774872,D,S,T,2024-04-15,1000000.00,4.924732,99.21484375
08:00:33,91282CKH3,TSRYS5774872,D,S,T,2024-04-15,1000000.00,4.924732,99.21484375
08:00:33,91282CKH3,TSRYS5774872,D,S,T,2024-04-15,1000000.00,4.924732,99.21484375
08:00:33,91282CKH3,TSRYS5774872,D,S,T,2024-04-15,1000000.00,4.924732,99.21484375
08:00:33,91282CKH3,TSRYS5774872,D,S,T,2024-04-15,1000000.00,4.924732,99.21484375
08:00:33,91282CKH3,TSRYS5774872,D,S,T,2024-04-15,1000000.00,4.924732,99.21484375
08:00:33,91282CKH3,TSRYS5774872,D,S,T,2024-04-15,1000000.00,4.924732,99.21484375
08:00:33,91282CKH3,TSRYS5774872,D,S,T,2024-04-15,1000000.00,4.924732,99.21484375
08:00:33,91282CKH3,TSRYS5774872,D,S,T,2024-04-15,1000000.00,4.924732,99.21484375
08:00:33,91282CKH3,TSRYS5774872,D,S,T,2024-04-15,1000000.00,4.924732,99.21484375
08:00:33,91282CKH3,TSRYS5774872,D,S,T,2024-04-15,1000000.00,4.924732,99.21484375
08:00:33,91282CKH3,TSRYS5774872,D,S,T,2024-04-15,1000000.00,4.924732,99.21484375
08:00:33,91282CKH3,TSRYS5774872,D,S,T,2024-04-15,2000000.00,4.924732,99.21484375
08:00:33,91282CKH3,TSRYS5774872,D,S,T,2024-04-15,1000000.00,4.924732,99.21484375
08:00:33,91282CKH3,TSRYS5774872,D,S,T,2024-04-15,1000000.00,4.924732,99.21484375
08:00:33,91282CKH3,TSRYS5774872,D,S,T,2024-04-15,1000000.00,4.924732,99.21484375
08:00:33,91282CKH3,TSRYS5774872,D,S,T,2024-04-15,1000000.00,4.924732,99.21484375
08:00:33,91282CKH3,TSRYS5774872,D,S,T,2024-04-15,5000000.00,4.924732,99.21484375
08:00:33,91282CKH3,TSRYS5774872,D,S,T,2024-04-15,1000000.00,4.926861,99.2109375
08:00:33,91282CKH3,TSRYS5774872,D,S,T,2024-04-15,1000000.00,4.926861,99.2109375
08:00:33,91282CKH3,TSRYS5774872,D,S,T,2024-04-15,1000000.00,4.926861,99.2109375
08:00:33,91282CKH3,TSRYS5774872,D,S,T,2024-04-15,1000000.00,4.926861,99.2109375
08:00:33,91282CKH3,TSRYS5774872,D,S,T,2024-04-15,1000000.00,4.926861,99.2109375
08:00:33,91282CKH3,TSRYS5774872,D,S,T,2024-04-15,1000000.00,4.926861,99.2109375
08:00:33,91282CKH3,TSRYS5774872,D,S,T,2024-04-15,1000000.00,4.926861,99.2109375
08:00:33,91282CKH3,TSRYS5774872,D,S,T,2024-04-15,1000000.00,4.926861,99.2109375
08:00:33,91282CKH3,TSRYS5774872,D,S,T,2024-04-15,1000000.00,4.926861,99.2109375
08:00:33,91282CKH3,TSRYS5774872,D,S,T,2024-04-15,1000000.00,4.926861,99.2109375
08:00:33,91282CKH3,TSRYS5774872,D,S,T,2024-04-15,1000000.00,4.926861,99.2109375
08:00:33,91282CKH3,TSRYS5774872,D,S,T,2024-04-15,1000000.00,4.926861,99.2109375
08:00:33,91282CKH3,TSRYS5774872,D,S,T,2024-04-15,1000000.00,4.92899,99.20703125
08:00:33,91282CKH3,TSRYS5774872,D,S,T,2024-04-15,2000000.00,4.92899,99.20703125
08:00:33,91282CKH3,TSRYS5774872,D,S,T,2024-04-15,1000000.00,4.926861,99.2109375
08:00:33,91282CKH3,TSRYS5774872,D,S,T,2024-04-15,1000000.00,4.92899,99.20703125
08:00:33,91282CKH3,TSRYS5774872,D,S,T,2024-04-15,1000000.00,4.930055,99.205078125
08:00:33,91282CKH3,TSRYS5774872,D,S,T,2024-04-15,1000000.00,4.932185,99.201171875
08:00:33,91282CKH3,TSRYS5774872,D,S,T,2024-04-15,2000000.00,4.936444,99.193359375
08:00:33,91282CKH3,TSRYS5774872,D,S,T,2024-04-15,1000000.00,4.936444,99.193359375
08:00:33,91282CKH3,TSRYS5774872,D,S,T,2024-04-15,2000000.00,4.936444,99.193359375
08:00:33,91282CKH3,TSRYS5774872,D,S,T,2024-04-15,1000000.00,4.935379,99.1953125
08:00:33,91282CKH3,TSRYS5774872,D,S,T,2024-04-15,2000000.00,4.933249,99.19921875
08:00:33,91282CKH3,TSRYS5774872,D,S,T,2024-04-15,1000000.00,4.940704,99.185546875
08:00:33,91282CKH3,TSRYS5774872,D,S,D,2024-04-15,3000000.00,4.940704,99.185546875
08:00:33,91282CKH3,TSRYS5774872,D,S,T,2024-04-15,1000000.00,4.940704,99.185546875
08:00:33,91282CKH3,TSRYS5774872,D,S,T,2024-04-15,2000000.00,4.940704,99.185546875
08:00:33,91282CKH3,TSRYS5774872,D,S,D,2024-04-15,1000000.00,4.940704,99.185546875
08:00:33,91282CKH3,TSRYS5774872,D,S,D,2024-04-15,2000000.00,4.940704,99.185546875
08:00:33,91282CKH3,TSRYS5774872,D,S,D,2024-04-15,1000000.00,4.940704,99.185546875
08:00:33,91282CKH3,TSRYS5774872,D,S,D,2024-04-15,2000000.00,4.940704,99.185546875
08:00:33,91282CKH3,TSRYS5774872,D,S,T,2024-04-15,1000000.00,4.940704,99.185546875
08:00:33,91282CKH3,TSRYS5774872,D,S,T,2024-04-15,1000000.00,4.939639,99.1875
08:00:33,91282CKH3,TSRYS5774872,D,S,T,2024-04-15,2000000.00,4.939639,99.1875
08:00:33,91282CKH3,TSRYS5774872,D,S,T,2024-04-15,2000000.00,4.937509,99.19140625
08:00:33,91282CKH3,TSRYS5774872,D,S,T,2024-04-15,1000000.00,4.935379,99.1953125
08:00:33,91282CKH3,TSRYS5774872,D,S,T,2024-04-15,1000000.00,4.937509,99.19140625
08:00:33,91282CKH3,TSRYS5774872,D,S,T,2024-04-15,1000000.00,4.937509,99.19140625
08:00:33,91282CKH3,TSRYS5774872,D,S,T,2024-04-15,1000000.00,4.937509,99.19140625
08:00:33,91282CKH3,TSRYS5774872,D,S,T,2024-04-15,1000000.00,4.937509,99.19140625
08:00:33,91282CKH3,TSRYS5774872,D,S,T,2024-04-15,1000000.00,4.937509,99.19140625
08:00:33,91282CKH3,TSRYS5774872,D,S,T,2024-04-15,3000000.00,4.942834,99.181640625
08:00:33,91282CKH3,TSRYS5774872,D,S,T,2024-04-15,1000000.00,4.946029,99.17578125
08:00:33,91282CKH3,TSRYS5774872,D,S,T,2024-04-15,1000000.00,4.948159,99.171875
08:00:33,91282CKH3,TSRYS5774872,D,S,T,2024-04-15,1000000.00,4.948159,99.171875
08:00:33,91282CKH3,TSRYS5774872,D,S,T,2024-04-15,1000000.00,4.95242,99.1640625
08:00:33,91282CKH3,TSRYS5774872,D,S,T,2024-04-15,2000000.00,4.95242,99.1640625
08:00:33,91282CKH3,TSRYS5774872,D,S,T,2024-04-15,1000000.00,4.95242,99.1640625
08:00:33,91282CKH3,TSRYS5774872,D,S,T,2024-04-15,1000000.00,4.956681,99.15625
08:00:33,91282CKH3,TSRYS5774872,D,S,T,2024-04-15,1000000.00,4.956681,99.15625
08:00:33,91282CKH3,TSRYS5774872,D,S,T,2024-04-15,1000000.00,4.956681,99.15625
08:00:33,91282CKH3,TSRYS5774872,D,S,T,2024-04-15,2000000.00,4.956681,99.15625
08:00:33,91282CKH3,TSRYS5774872,D,S,T,2024-04-15,1000000.00,4.956681,99.15625
08:00:33,91282CKH3,TSRYS5774872,D,S,T,2024-04-15,1000000.00,4.956681,99.15625
08:00:33,91282CKH3,TSRYS5774872,D,S,T,2024-04-15,1000000.00,4.95242,99.1640625
08:00:33,91282CKH3,TSRYS5774872,D,S,T,2024-04-15,1000000.00,4.953485,99.162109375
08:00:33,91282CKH3,TSRYS5774872,D,S,T,2024-04-15,1000000.00,4.95029,99.16796875
08:00:33,91282CKH3,TSRYS5774872,D,S,T,2024-04-15,2000000.00,4.948159,99.171875
08:00:33,91282CKH3,TSRYS5774872,D,S,T,2024-04-15,1000000.00,4.948159,99.171875
08:00:33,91282CKH3,TSRYS5774872,D,S,T,2024-04-15,1000000.00,4.948159,99.171875
08:00:33,91282CKH3,TSRYS5774872,D,S,T,2024-04-15,1000000.00,4.948159,99.171875
08:00:33,91282CKH3,TSRYS5774872,D,S,T,2024-04-15,2000000.00,4.948159,99.171875
08:00:33,91282CKH3,TSRYS5774872,D,S,T,2024-04-15,1000000.00,4.948159,99.171875
08:00:33,91282CKH3,TSRYS5774872,D,S,T,2024-04-15,1000000.00,4.948159,99.171875
08:00:33,91282CKH3,TSRYS5774872,D,S,T,2024-04-15,1000000.00,4.948159,99.171875
08:00:33,91282CKH3,TSRYS5774872,D,S,D,2024-04-15,2000000.00,4.916216,99.23046875
08:00:33,91282CKH3,TSRYS5774872,D,S,D,2024-04-15,1000000.00,4.916216,99.23046875
08:00:33,91282CKH3,TSRYS5774872,D,S,D,2024-04-15,2000000.00,4.910894,99.240234375
08:00:33,91282CKH3,TSRYS5774872,D,S,D,2024-04-15,2000000.00,4.925796,99.212890625
08:00:33,91282CKH3,TSRYS5774872,D,S,D,2024-04-15,1000000.00,4.92899,99.20703125
08:00:33,91282CKH3,TSRYS5774872,D,S,D,2024-04-15,2000000.00,4.940704,99.185546875
08:00:33,91282CKH3,TSRYS5774872,D,S,D,2024-04-15,2000000.00,4.940704,99.185546875
08:00:33,91282CKH3,TSRYS5774872,D,S,D,2024-04-15,2000000.00,4.940704,99.185546875
08:00:33,91282CKH3,TSRYS5774872,D,S,D,2024-04-15,3000000.00,4.947094,99.173828125
08:00:33,91282CKH3,TSRYS5774872,D,S,D,2024-04-15,3000000.00,4.954551,99.16015625
08:00:33,91282CKH3,TSRYS5774872,D,S,D,2024-04-15,1000000.00,4.956681,99.15625
08:00:33,91282CKH3,TSRYS5774872,D,S,D,2024-04-15,1000000.00,4.895998,99.267578125
08:00:33,91282CKH3,TSRYS5774872,D,S,D,2024-04-15,1000000.00,4.897062,99.265625
08:00:33,91282CKH3,TSRYS5774872,D,S,D,2024-04-15,1000000.00,4.894934,99.26953125
08:00:33,91282CKH3,TSRYS5774872,D,S,D,2024-04-15,1000000.00,4.894934,99.26953125
08:00:33,91282CKH3,TSRYS5774872,D,S,D,2024-04-15,2000000.00,4.894934,99.26953125
08:00:33,91282CKH3,TSRYS5774872,D,S,D,2024-04-15,2000000.00,4.894934,99.26953125
08:00:33,91282CKH3,TSRYS5774872,D,S,D,2024-04-15,1000000.00,4.894934,99.26953125
08:00:33,91282CKH3,TSRYS5774872,D,S,D,2024-04-15,1000000.00,4.903445,99.25390625
08:00:33,91282CKH3,TSRYS5774872,D,S,D,2024-04-15,2000000.00,4.903445,99.25390625
08:00:33,91282CKH3,TSRYS5774872,D,S,D,2024-04-15,1000000.00,4.910894,99.240234375
08:00:33,91282CKH3,TSRYS5774872,D,S,D,2024-04-15,1000000.00,4.910894,99.240234375
08:00:33,91282CKH3,TSRYS5774872,D,S,D,2024-04-15,2000000.00,4.910894,99.240234375
08:00:33,91282CKH3,TSRYS5774872,D,S,D,2024-04-15,2000000.00,4.916216,99.23046875
08:00:33,91282CKH3,TSRYS5774872,D,S,D,2024-04-15,1000000.00,4.916216,99.23046875
08:00:33,91282CKH3,TSRYS5774872,D,S,D,2024-04-15,1000000.00,4.916216,99.23046875
08:00:33,91282CKH3,TSRYS5774872,D,S,D,2024-04-15,1000000.00,4.914087,99.234375
08:00:33,91282CKH3,TSRYS5774872,D,S,D,2024-04-15,1000000.00,4.913023,99.236328125
08:00:33,91282CKH3,TSRYS5774872,D,S,D,2024-04-15,4000000.00,4.925796,99.212890625
08:00:33,91282CKH3,TSRYS5774872,D,S,D,2024-04-15,3000000.00,4.924732,99.21484375
08:00:33,91282CKH3,TSRYS5774872,D,S,D,2024-04-15,4000000.00,4.924732,99.21484375
08:00:33,91282CKH3,TSRYS5774872,D,S,D,2024-04-15,4000000.00,4.927926,99.208984375
08:00:33,91282CKH3,TSRYS5774872,D,S,D,2024-04-15,1000000.00,4.927926,99.208984375
08:00:33,91282CKH3,TSRYS5774872,D,S,D,2024-04-15,3000000.00,4.927926,99.208984375
08:00:33,91282CKH3,TSRYS5774872,D,S,D,2024-04-15,4000000.00,4.926861,99.2109375
08:00:33,91282CKH3,TSRYS5774872,D,S,D,2024-04-15,2000000.00,4.927926,99.208984375
08:00:33,91282CKH3,TSRYS5774872,D,S,D,2024-04-15,1000000.00,4.927926,99.208984375
08:00:33,91282CKH3,TSRYS5774872,D,S,D,2024-04-15,3000000.00,4.92899,99.20703125
08:00:33,91282CKH3,TSRYS5774872,D,S,D,2024-04-15,3000000.00,4.92899,99.20703125
08:00:33,91282CKH3,TSRYS5774872,D,S,D,2024-04-15,1000000.00,4.937509,99.19140625
08:00:33,91282CKH3,TSRYS5774872,D,S,D,2024-04-15,2000000.00,4.937509,99.19140625
08:00:33,91282CKH3,TSRYS5774872,D,S,D,2024-04-15,3000000.00,4.936444,99.193359375
08:00:33,91282CKH3,TSRYS5774872,D,S,D,2024-04-15,2000000.00,4.937509,99.19140625
08:00:33,91282CKH3,TSRYS5774872,D,S,D,2024-04-15,1000000.00,4.937509,99.19140625
08:00:33,91282CKH3,TSRYS5774872,D,S,D,2024-04-15,1000000.00,4.937509,99.19140625
08:00:33,91282CKH3,TSRYS5774872,D,S,D,2024-04-15,1000000.00,4.948159,99.171875
08:00:33,91282CKH3,TSRYS5774872,D,S,D,2024-04-15,1000000.00,4.948159,99.171875
08:00:33,91282CKH3,TSRYS5774872,D,S,D,2024-04-15,2000000.00,4.948159,99.171875
08:00:33,91282CKH3,TSRYS5774872,D,S,D,2024-04-15,2000000.00,4.948159,99.171875
08:00:33,91282CKH3,TSRYS5774872,D,S,D,2024-04-15,3000000.00,4.948159,99.171875
08:00:33,91282CKH3,TSRYS5774872,D,S,T,2024-04-15,2000000.00,4.897062,99.265625
08:00:33,91282CKH3,TSRYS5774872,D,S,T,2024-04-15,1000000.00,4.915152,99.232421875
08:00:33,91282CKH3,TSRYS5774872,D,S,T,2024-04-15,1000000.00,4.916216,99.23046875
08:00:33,91282CKH3,TSRYS5774872,D,S,T,2024-04-15,1000000.00,4.915152,99.232421875
08:00:33,91282CKH3,TSRYS5774872,D,S,T,2024-04-15,1000000.00,4.915152,99.232421875
08:00:33,91282CKH3,TSRYS5774872,D,S,T,2024-04-15,2000000.00,4.910894,99.240234375
08:00:33,91282CKH3,TSRYS5774872,D,S,T,2024-04-15,2000000.00,4.910894,99.240234375
08:00:33,91282CKH3,TSRYS5774872,D,S,T,2024-04-15,1000000.00,4.913023,99.236328125
08:00:33,91282CKH3,TSRYS5774872,D,S,T,2024-04-15,2000000.00,4.913023,99.236328125
08:00:33,91282CKH3,TSRYS5774872,D,S,T,2024-04-15,1000000.00,4.913023,99.236328125
08:00:33,91282CKH3,TSRYS5774872,D,S,T,2024-04-15,1000000.00,4.925796,99.212890625
08:00:33,91282CKH3,TSRYS5774872,D,S,T,2024-04-15,3000000.00,4.925796,99.212890625
08:00:33,91282CKH3,TSRYS5774872,D,S,T,2024-04-15,1000000.00,4.925796,99.212890625
08:00:33,91282CKH3,TSRYS5774872,D,S,T,2024-04-15,2000000.00,4.925796,99.212890625
08:00:33,91282CKH3,TSRYS5774872,D,S,T,2024-04-15,1000000.00,4.925796,99.212890625
08:00:33,91282CKH3,TSRYS5774872,D,S,T,2024-04-15,4000000.00,4.927926,99.208984375
08:00:33,91282CKH3,TSRYS5774872,D,S,T,2024-04-15,1000000.00,4.927926,99.208984375
08:00:33,91282CKH3,TSRYS5774872,D,S,T,2024-04-15,1000000.00,4.927926,99.208984375
08:00:33,91282CKH3,TSRYS5774872,D,S,T,2024-04-15,3000000.00,4.927926,99.208984375
08:00:33,91282CKH3,TSRYS5774872,D,S,T,2024-04-15,2000000.00,4.927926,99.208984375
08:00:33,91282CKH3,TSRYS5774872,D,S,T,2024-04-15,2000000.00,4.927926,99.208984375
08:00:33,91282CKH3,TSRYS5774872,D,S,T,2024-04-15,3000000.00,4.927926,99.208984375
08:00:33,91282CKH3,TSRYS5774872,D,S,T,2024-04-15,1000000.00,4.92899,99.20703125
08:00:33,91282CKH3,TSRYS5774872,D,S,T,2024-04-15,2000000.00,4.92899,99.20703125
08:00:33,91282CKH3,TSRYS5774872,D,S,T,2024-04-15,3000000.00,4.937509,99.19140625
08:00:33,91282CKH3,TSRYS5774872,D,S,T,2024-04-15,3000000.00,4.95242,99.1640625
08:00:33,91282CKH3,TSRYS5774872,D,S,T,2024-04-15,1000000.00,4.95242,99.1640625
08:00:33,91282CKH3,TSRYS5774872,D,S,T,2024-04-15,2000000.00,4.951355,99.166015625
08:00:33,91282CKH3,TSRYS5774872,D,S,T,2024-04-15,1000000.00,4.922603,99.21875
08:00:33,91282CKH3,TSRYS5774872,D,S,T,2024-04-15,1000000.00,4.922603,99.21875
08:00:33,91282CKH3,TSRYS5774872,D,S,T,2024-04-15,1000000.00,4.922603,99.21875
08:00:33,91282CKH3,TSRYS5774872,D,S,T,2024-04-15,1000000.00,4.922603,99.21875
08:00:33,91282CKH3,TSRYS5774872,D,S,T,2024-04-15,1000000.00,4.922603,99.21875
08:00:33,91282CKH3,TSRYS5774872,D,S,T,2024-04-15,1000000.00,4.922603,99.21875
08:00:33,91282CKH3,TSRYS5774872,D,S,T,2024-04-15,1000000.00,4.922603,99.21875
08:00:33,91282CKH3,TSRYS5774872,D,S,T,2024-04-15,1000000.00,4.922603,99.21875
08:00:33,91282CKH3,TSRYS5774872,D,S,T,2024-04-15,1000000.00,4.922603,99.21875
08:00:33,91282CKH3,TSRYS5774872,D,S,T,2024-04-15,1000000.00,4.922603,99.21875
08:00:33,91282CKH3,TSRYS5774872,D,S,T,2024-04-15,1000000.00,4.922603,99.21875
08:00:33,91282CKH3,TSRYS5774872,D,S,T,2024-04-15,1000000.00,4.922603,99.21875
08:00:33,91282CKH3,TSRYS5774872,D,S,T,2024-04-15,1000000.00,4.922603,99.21875
08:00:33,91282CKH3,TSRYS5774872,D,S,T,2024-04-15,1000000.00,4.922603,99.21875
08:00:33,91282CKH3,TSRYS5774872,D,S,A,2024-04-15,4000000.00,4.926861,99.210938
08:00:33,91282CKH3,TSRYS5774872,D,S,A,2024-04-15,100000000.00,4.926861,99.2109375
08:00:37,91282CKH3,TSRYS5774872,D,S,D,2024-04-15,3000000.00,4.948159,99.171875
08:00:37,91282CKH3,TSRYS5774872,D,S,D,2024-04-15,1000000.00,4.948159,99.171875
08:00:37,91282CKH3,TSRYS5774872,D,S,D,2024-04-15,4000000.00,4.948159,99.171875
08:00:37,91282CKH3,TSRYS5774872,D,S,D,2024-04-15,1000000.00,4.948159,99.171875
08:00:37,91282CKH3,TSRYS5774872,D,S,D,2024-04-15,1000000.00,4.948159,99.171875
08:00:37,91282CKH3,TSRYS5774872,D,S,D,2024-04-15,1000000.00,4.956681,99.15625
08:00:37,91282CKH3,TSRYS5774872,D,S,D,2024-04-15,200000.00,4.957747,99.154296875
08:00:37,91282CKH3,TSRYS5774872,D,S,D,2024-04-15,1000000.00,4.954551,99.16015625
08:00:37,91282CKH3,TSRYS5774872,D,S,D,2024-04-15,3000000.00,4.954551,99.16015625
08:00:37,91282CKH3,TSRYS5774872,D,S,D,2024-04-15,1000000.00,4.954551,99.16015625
08:00:37,91282CKH3,TSRYS5774872,D,S,D,2024-04-15,3000000.00,4.954551,99.16015625
08:00:37,91282CKH3,TSRYS5774872,D,S,D,2024-04-15,1000000.00,4.954551,99.16015625
08:00:37,91282CKH3,TSRYS5774872,D,S,D,2024-04-15,1000000.00,4.954551,99.16015625
08:00:37,91282CKH3,TSRYS5774872,D,S,T,2024-04-15,1000000.00,4.899189,99.26171875
08:00:37,91282CKH3,TSRYS5774872,D,S,T,2024-04-15,1000000.00,4.890679,99.27734375
08:00:37,91282CKH3,TSRYS5774872,D,S,T,2024-04-15,1000000.00,4.888551,99.28125
08:00:37,91282CKH3,TSRYS5774872,D,S,T,2024-04-15,1000000.00,4.890679,99.27734375
08:00:37,91282CKH3,TSRYS5774872,D,S,T,2024-04-15,1000000.00,4.884297,99.2890625
08:00:37,91282CKH3,TSRYS5774872,D,S,A,2024-04-15,1300000.00,4.888551,99.28125
08:00:37,91282CKH3,TSRYS5774872,D,S,T,2024-04-15,1000000.00,4.894934,99.26953125
08:00:37,91282CKH3,TSRYS5774872,D,S,D,2024-04-15,1000000.00,4.894934,99.26953125
08:00:37,91282CKH3,TSRYS5774872,D,S,T,2024-04-15,1000000.00,4.903445,99.25390625
08:00:37,91282CKH3,TSRYS5774872,D,S,T,2024-04-15,1000000.00,4.903445,99.25390625
08:00:37,91282CKH3,TSRYS5774872,D,S,C,2024-04-15,2700000.00,4.901317,99.2578125
08:00:37,91282CKH3,TSRYS5774872,D,S,T,2024-04-15,1000000.00,4.916216,99.23046875
08:00:37,91282CKH3,TSRYS5774872,D,B,A,2024-04-15,5994000.00,4.916216,99.23046875
08:00:37,91282CKH3,TSRYS5774872,D,S,C,2024-04-15,3000000.00,4.923914,99.21634375
08:00:37,91282CKH3,TSRYS5774872,D,S,A,2024-04-15,500000.00,4.918345,99.2265625
08:00:37,91282CKH3,TSRYS5774872,D,S,T,2024-04-15,1000000.00,4.913023,99.236328125
08:00:37,91282CKH3,TSRYS5774872,D,S,T,2024-04-15,1000000.00,4.913023,99.236328125
08:00:37,91282CKH3,TSRYS5774872,D,S,T,2024-04-15,1000000.00,4.913023,99.236328125
08:00:37,91282CKH3,TSRYS5774872,D,S,A,2024-04-15,5000000.00,4.915152,99.232421875
08:00:37,91282CKH3,TSRYS5774872,D,S,A,2024-04-15,5000000.00,4.920474,99.22265625
08:00:37,91282CKH3,TSRYS5774872,D,S,C,2024-04-15,1000000.00,4.920474,99.22265625
08:00:37,91282CKH3,TSRYS5774872,D,S,T,2024-04-15,1000000.00,4.918345,99.2265625
08:00:37,91282CKH3,TSRYS5774872,D,S,C,2024-04-15,100000.00,4.926861,99.2109375
08:00:37,91282CKH3,TSRYS5774872,D,B,A,2024-04-15,720000.00,4.926861,99.2109375
08:00:38,91282CKH3,TSRYS5774872,D,S,T,2024-04-15,1000000.00,4.937509,99.19140625
08:00:38,91282CKH3,TSRYS5774872,D,S,C,2024-04-15,1000000.00,4.937509,99.19140625
08:00:38,91282CKH3,TSRYS5774872,D,S,A,2024-04-15,1000000.00,4.939639,99.1875
08:00:38,91282CKH3,TSRYS5774872,D,S,A,2024-04-15,2000000.00,4.939639,99.1875
08:00:38,91282CKH3,TSRYS5774872,D,S,A,2024-04-15,1000000.00,4.939639,99.1875
08:00:38,91282CKH3,TSRYS5774872,D,S,T,2024-04-15,1000000.00,4.939639,99.1875
08:00:38,91282CKH3,TSRYS5774872,D,S,C,2024-04-15,259000.00,4.92899,99.20703125
08:00:38,91282CKH3,TSRYS5774872,D,B,A,2024-04-15,20000000.00,4.93112,99.203125
08:00:38,91282CKH3,TSRYS5774872,D,S,A,2024-04-15,1900000.00,4.926861,99.2109375
08:00:38,91282CKH3,TSRYS5774872,D,S,A,2024-04-15,1000000.00,4.926861,99.2109375
08:00:38,91282CKH3,TSRYS5774872,D,S,T,2024-04-15,1000000.00,4.926861,99.2109375
08:00:38,91282CKH3,TSRYS5774872,D,S,A,2024-04-15,10000000.00,4.933249,99.19921875
08:00:38,91282CKH3,TSRYS5774872,D,S,A,2024-04-15,10000000.00,4.933249,99.19921875
08:00:38,91282CKH3,TSRYS5774872,D,S,T,2024-04-15,2000000.00,4.935379,99.1953125
08:00:38,91282CKH3,TSRYS5774872,D,S,T,2024-04-15,1000000.00,4.935379,99.1953125
08:00:38,91282CKH3,TSRYS5774872,D,S,T,2024-04-15,4000000.00,4.935379,99.1953125
08:00:38,91282CKH3,TSRYS5774872,D,S,T,2024-04-15,5000000.00,4.935379,99.1953125
08:00:38,91282CKH3,TSRYS5774872,D,S,T,2024-04-15,1000000.00,4.935379,99.1953125
08:00:38,91282CKH3,TSRYS5774872,D,S,T,2024-04-15,1000000.00,4.935379,99.1953125
08:00:38,91282CKH3,TSRYS5774872,D,S,T,2024-04-15,4000000.00,4.935379,99.1953125
08:00:38,91282CKH3,TSRYS5774872,D,S,T,2024-04-15,1000000.00,4.941769,99.18359375
08:00:38,91282CKH3,TSRYS5774872,D,S,T,2024-04-15,1000000.00,4.941769,99.18359375
08:00:38,91282CKH3,TSRYS5774872,D,S,T,2024-04-15,2000000.00,4.941769,99.18359375
08:00:38,91282CKH3,TSRYS5774872,D,S,T,2024-04-15,1000000.00,4.941769,99.18359375
08:00:38,91282CKH3,TSRYS5774872,D,S,T,2024-04-15,6000000.00,4.941769,99.18359375
08:00:38,91282CKH3,TSRYS5774872,D,S,T,2024-04-15,2000000.00,4.941769,99.18359375
08:00:38,91282CKH3,TSRYS5774872,D,S,T,2024-04-15,1000000.00,4.941769,99.18359375
08:00:38,91282CKH3,TSRYS5774872,D,S,T,2024-04-15,2000000.00,4.941769,99.18359375
08:00:38,91282CKH3,TSRYS5774872,D,S,T,2024-04-15,1000000.00,4.941769,99.18359375
08:00:38,91282CKH3,TSRYS5774872,D,S,T,2024-04-15,1000000.00,4.941769,99.18359375
08:00:38,91282CKH3,TSRYS5774872,D,S,T,2024-04-15,1000000.00,4.941769,99.18359375
08:00:38,91282CKH3,TSRYS5774872,D,S,T,2024-04-15,1000000.00,4.941769,99.18359375
08:00:38,91282CKH3,TSRYS5774872,D,S,T,2024-04-15,2000000.00,4.941769,99.18359375
08:00:38,91282CKH3,TSRYS5774872,D,S,T,2024-04-15,1000000.00,4.941769,99.18359375
08:00:38,91282CKH3,TSRYS5774872,D,S,T,2024-04-15,1000000.00,4.941769,99.18359375
08:00:38,91282CKH3,TSRYS5774872,D,S,T,2024-04-15,1000000.00,4.941769,99.18359375
08:00:38,91282CKH3,TSRYS5774872,D,S,T,2024-04-15,1000000.00,4.941769,99.18359375
08:00:38,91282CKH3,TSRYS5774872,D,S,T,2024-04-15,3000000.00,4.941769,99.18359375
08:00:38,91282CKH3,TSRYS5774872,D,S,T,2024-04-15,1000000.00,4.941769,99.18359375
08:00:38,91282CKH3,TSRYS5774872,D,S,T,2024-04-15,1000000.00,4.941769,99.18359375
08:00:38,91282CKH3,TSRYS5774872,D,S,T,2024-04-15,1000000.00,4.941769,99.18359375
08:00:38,91282CKH3,TSRYS5774872,D,S,T,2024-04-15,1000000.00,4.941769,99.18359375
08:00:38,91282CKH3,TSRYS5774872,D,S,T,2024-04-15,1000000.00,4.939639,99.1875
08:00:38,91282CKH3,TSRYS5774872,D,S,T,2024-04-15,1000000.00,4.939639,99.1875
08:00:38,91282CKH3,TSRYS5774872,D,S,T,2024-04-15,1000000.00,4.939639,99.1875
08:00:38,91282CKH3,TSRYS5774872,D,S,T,2024-04-15,1000000.00,4.939639,99.1875
08:00:38,91282CKH3,TSRYS5774872,D,S,T,2024-04-15,2000000.00,4.939639,99.1875
08:00:38,91282CKH3,TSRYS5774872,D,S,T,2024-04-15,2000000.00,4.939639,99.1875
08:00:38,91282CKH3,TSRYS5774872,D,S,T,2024-04-15,1000000.00,4.939639,99.1875
08:00:38,91282CKH3,TSRYS5774872,D,S,T,2024-04-15,1000000.00,4.939639,99.1875
08:00:38,91282CKH3,TSRYS5774872,D,S,T,2024-04-15,2000000.00,4.939639,99.1875
08:00:38,91282CKH3,TSRYS5774872,D,S,T,2024-04-15,1000000.00,4.939639,99.1875
08:00:38,91282CKH3,TSRYS5774872,D,S,T,2024-04-15,1000000.00,4.939639,99.1875
08:00:38,91282CKH3,TSRYS5774872,D,S,T,2024-04-15,2000000.00,4.939639,99.1875
08:00:38,91282CKH3,TSRYS5774872,D,S,T,2024-04-15,2000000.00,4.939639,99.1875
08:00:38,91282CKH3,TSRYS5774872,D,S,T,2024-04-15,1000000.00,4.939639,99.1875
08:00:38,91282CKH3,TSRYS5774872,D,S,T,2024-04-15,1000000.00,4.939639,99.1875
08:00:38,91282CKH3,TSRYS5774872,D,S,T,2024-04-15,2000000.00,4.939639,99.1875
08:00:38,91282CKH3,TSRYS5774872,D,S,T,2024-04-15,1000000.00,4.939639,99.1875
08:00:38,91282CKH3,TSRYS5774872,D,S,A,2024-04-15,705000.00,4.937509,99.19140625
08:00:38,91282CKH3,TSRYS5774872,D,S,C,2024-04-15,100000000.00,4.92899,99.20703125
08:00:38,91282CKH3,TSRYS5774872,D,B,A,2024-04-15,250MM+,4.939639,99.1875
08:00:38,91282CKH3,TSRYS5774872,D,S,C,2024-04-15,136000000.00,4.931924,99.20165
08:00:38,91282CKH3,TSRYS5774872,D,S,T,2024-04-15,1000000.00,4.935379,99.1953125
08:00:38,91282CKH3,TSRYS5774872,D,S,T,2024-04-15,3000000.00,4.954551,99.16015625
08:00:38,91282CKH3,TSRYS5774872,D,S,T,2024-04-15,1000000.00,4.954551,99.16015625
08:00:38,91282CKH3,TSRYS5774872,D,S,T,2024-04-15,1000000.00,4.954551,99.16015625
08:00:38,91282CKH3,TSRYS5774872,D,S,T,2024-04-15,1000000.00,4.954551,99.16015625
08:00:38,91282CKH3,TSRYS5774872,D,S,T,2024-04-15,1000000.00,4.954551,99.16015625
08:00:38,91282CKH3,TSRYS5774872,D,S,T,2024-04-15,1000000.00,4.954551,99.16015625
08:00:38,91282CKH3,TSRYS5774872,D,S,T,2024-04-15,1000000.00,4.954551,99.16015625
08:00:38,91282CKH3,TSRYS5774872,D,S,T,2024-04-15,1000000.00,4.954551,99.16015625
08:00:38,91282CKH3,TSRYS5774872,D,S,T,2024-04-15,1000000.00,4.954551,99.16015625
08:00:38,91282CKH3,TSRYS5774872,D,S,D,2024-04-15,1000000.00,4.955,99.1593328198
08:00:38,91282CKH3,TSRYS5774872,D,S,D,2024-04-15,1000000.00,4.955,99.1593328198
08:00:38,91282CKH3,TSRYS5774872,D,S,D,2024-04-15,1000000.00,4.955,99.1593328198
08:00:38,91282CKH3,TSRYS5774872,D,S,D,2024-04-15,1000000.00,4.9605,99.1492495454
08:00:38,91282CKH3,TSRYS5774872,D,S,D,2024-04-15,1000000.00,4.956681,99.15625
08:00:38,91282CKH3,TSRYS5774872,D,S,D,2024-04-15,1000000.00,4.956681,99.15625
08:00:38,91282CKH3,TSRYS5774872,D,S,D,2024-04-15,1000000.00,4.956681,99.15625
08:00:38,91282CKH3,TSRYS5774872,D,S,D,2024-04-15,1000000.00,4.956681,99.15625
08:00:38,91282CKH3,TSRYS5774872,D,S,D,2024-04-15,1000000.00,4.955,99.1593328198
08:00:38,91282CKH3,TSRYS5774872,D,S,D,2024-04-15,2000000.00,4.956,99.1574988996
08:00:38,91282CKH3,TSRYS5774872,D,S,D,2024-04-15,1000000.00,4.955,99.1593328198
08:00:38,91282CKH3,TSRYS5774872,D,S,D,2024-04-15,1000000.00,4.9555,99.1584158597
08:00:38,91282CKH3,TSRYS5774872,D,S,D,2024-04-15,1000000.00,4.9555,99.1584158597
08:00:38,91282CKH3,TSRYS5774872,D,S,T,2024-04-15,1000000.00,4.954551,99.16015625
08:00:38,91282CKH3,TSRYS5774872,D,S,D,2024-04-15,3000000.00,4.95242,99.1640625
08:00:38,91282CKH3,TSRYS5774872,D,S,D,2024-04-15,3000000.00,4.95242,99.1640625
08:00:38,91282CKH3,TSRYS5774872,D,S,D,2024-04-15,1000000.00,4.95242,99.1640625
08:00:38,91282CKH3,TSRYS5774872,D,S,D,2024-04-15,2000000.00,4.95242,99.1640625
08:00:38,91282CKH3,TSRYS5774872,D,S,D,2024-04-15,1000000.00,4.95242,99.1640625
08:00:38,91282CKH3,TSRYS5774872,D,S,D,2024-04-15,2000000.00,4.95242,99.1640625
08:00:38,91282CKH3,TSRYS5774872,D,S,D,2024-04-15,2000000.00,4.95242,99.1640625
08:00:38,91282CKH3,TSRYS5774872,D,S,D,2024-04-15,1000000.00,4.95242,99.1640625
08:00:38,91282CKH3,TSRYS5774872,D,S,D,2024-04-15,2000000.00,4.95242,99.1640625
08:00:38,91282CKH3,TSRYS5774872,D,S,D,2024-04-15,1000000.00,4.95242,99.1640625
08:00:38,91282CKH3,TSRYS5774872,D,S,D,2024-04-15,1000000.00,4.95242,99.1640625
08:00:38,91282CKH3,TSRYS5774872,D,S,D,2024-04-15,2000000.00,4.9545,99.160249736
08:00:38,91282CKH3,TSRYS5774872,D,S,D,2024-04-15,1000000.00,4.9545,99.160249736
08:00:38,91282CKH3,TSRYS5774872,D,S,D,2024-04-15,3000000.00,4.954,99.1611662658
08:00:38,91282CKH3,TSRYS5774872,D,S,D,2024-04-15,2000000.00,4.95242,99.1640625
08:00:38,91282CKH3,TSRYS5774872,D,S,D,2024-04-15,1000000.00,4.95242,99.1640625
08:00:38,91282CKH3,TSRYS5774872,D,S,D,2024-04-15,2000000.00,4.9545,99.160249736
08:00:38,91282CKH3,TSRYS5774872,D,S,D,2024-04-15,1000000.00,4.9545,99.160249736
08:00:38,91282CKH3,TSRYS5774872,D,S,D,2024-04-15,3000000.00,4.954,99.1611662658
08:00:38,91282CKH3,TSRYS5774872,D,S,T,2024-04-15,1000000.00,4.95242,99.1640625
08:00:38,91282CKH3,TSRYS5774872,D,S,D,2024-04-15,1000000.00,4.95242,99.1640625
08:00:38,91282CKH3,TSRYS5774872,D,S,T,2024-04-15,1000000.00,4.95029,99.16796875
08:00:38,91282CKH3,TSRYS5774872,D,S,D,2024-04-15,1000000.00,4.951,99.1666666667
08:00:38,91282CKH3,TSRYS5774872,D,S,D,2024-04-15,1000000.00,4.951,99.1666666667
08:00:38,91282CKH3,TSRYS5774872,D,S,D,2024-04-15,1000000.00,4.9515,99.1657497066
08:00:39,91282CKH3,TSRYS5774872,D,B,A,2024-04-15,4500000.00,4.92899,99.20703125
08:00:40,91282CKH3,TSRYS5774872,D,B,C,2024-04-15,240000.00,4.918345,99.2265625
08:00:40,91282CKH3,TSRYS5774872,D,S,D,2024-04-15,240000.00,4.918345,99.2265625
08:00:40,91282CKH3,TSRYS5774872,D,S,C,2024-04-15,580000.00,4.916216,99.23046875
08:00:40,91282CKH3,TSRYS5774872,D,B,A,2024-04-15,2050000.00,4.899189,99.26171875
08:00:40,91282CKH3,TSRYS5774872,D,S,T,2024-04-15,1000000.00,4.899245,99.26161675
08:00:40,91282CKH3,TSRYS5774872,D,S,T,2024-04-15,1000000.00,4.899245,99.26161675
08:00:41,91282CKH3,TSRYS5774872,D,S,T,2024-04-15,1000000.00,4.897062,99.265625
08:00:41,91282CKH3,TSRYS5774872,D,S,T,2024-04-15,1000000.00,4.900253,99.259765625
08:00:41,91282CKH3,TSRYS5774872,D,S,T,2024-04-15,1000000.00,4.898125,99.263671875
08:00:41,91282CKH3,TSRYS5774872,D,S,T,2024-04-15,1000000.00,4.898125,99.263671875
08:00:41,91282CKH3,TSRYS5774872,D,S,T,2024-04-15,1000000.00,4.899189,99.26171875
08:00:41,91282CKH3,TSRYS5774872,D,S,T,2024-04-15,1000000.00,4.897062,99.265625
08:00:41,91282CKH3,TSRYS5774872,D,S,T,2024-04-15,1000000.00,4.886424,99.28515625
08:00:41,91282CKH3,TSRYS5774872,D,S,T,2024-04-15,1000000.00,4.889615,99.279296875
08:00:41,91282CKH3,TSRYS5774872,D,S,T,2024-04-15,1000000.00,4.889615,99.279296875
08:00:41,91282CKH3,TSRYS5774872,D,S,T,2024-04-15,1000000.00,4.891742,99.275390625
08:00:41,91282CKH3,TSRYS5774872,D,S,T,2024-04-15,1000000.00,4.895998,99.267578125
08:00:41,91282CKH3,TSRYS5774872,D,S,D,2024-04-15,1000000.00,4.894934,99.26953125
08:00:41,91282CKH3,TSRYS5774872,D,S,T,2024-04-15,1000000.00,4.899189,99.26171875
08:00:41,91282CKH3,TSRYS5774872,D,S,T,2024-04-15,1000000.00,4.894934,99.26953125
08:00:41,91282CKH3,TSRYS5774872,D,S,D,2024-04-15,1000000.00,4.894934,99.26953125
08:00:41,91282CKH3,TSRYS5774872,D,S,D,2024-04-15,1000000.00,4.897062,99.265625
08:00:41,91282CKH3,TSRYS5774872,D,S,T,2024-04-15,1000000.00,4.897062,99.265625
08:00:41,91282CKH3,TSRYS5774872,D,S,D,2024-04-15,1000000.00,4.894934,99.26953125
08:00:41,91282CKH3,TSRYS5774872,D,S,D,2024-04-15,1000000.00,4.894934,99.26953125
08:00:41,91282CKH3,TSRYS5774872,D,S,T,2024-04-15,1000000.00,4.895998,99.267578125
08:00:41,91282CKH3,TSRYS5774872,D,S,T,2024-04-15,1000000.00,4.897062,99.265625
08:00:41,91282CKH3,TSRYS5774872,D,S,D,2024-04-15,1000000.00,4.897062,99.265625
08:00:41,91282CKH3,TSRYS5774872,D,S,T,2024-04-15,1000000.00,4.902381,99.255859375
08:00:41,91282CKH3,TSRYS5774872,D,S,T,2024-04-15,1000000.00,4.902381,99.255859375
08:00:41,91282CKH3,TSRYS5774872,D,S,D,2024-04-15,1000000.00,4.903445,99.25390625
08:00:41,91282CKH3,TSRYS5774872,D,S,T,2024-04-15,1000000.00,4.903445,99.25390625
08:00:41,91282CKH3,TSRYS5774872,D,S,T,2024-04-15,1000000.00,4.903445,99.25390625
08:00:41,91282CKH3,TSRYS5774872,D,S,D,2024-04-15,1000000.00,4.903445,99.25390625
08:00:41,91282CKH3,TSRYS5774872,D,S,D,2024-04-15,1000000.00,4.903445,99.25390625
08:00:41,91282CKH3,TSRYS5774872,D,S,D,2024-04-15,1000000.00,4.903445,99.25390625
08:00:41,91282CKH3,TSRYS5774872,D,S,T,2024-04-15,1000000.00,4.903445,99.25390625
08:00:41,91282CKH3,TSRYS5774872,D,S,T,2024-04-15,1000000.00,4.898125,99.263671875
08:00:41,91282CKH3,TSRYS5774872,D,S,T,2024-04-15,1000000.00,4.901317,99.2578125
08:00:41,91282CKH3,TSRYS5774872,D,S,T,2024-04-15,1000000.00,4.91728,99.228515625
08:00:41,91282CKH3,TSRYS5774872,D,S,T,2024-04-15,1000000.00,4.916216,99.23046875
08:00:41,91282CKH3,TSRYS5774872,D,S,T,2024-04-15,1000000.00,4.915152,99.232421875
08:00:41,91282CKH3,TSRYS5774872,D,S,T,2024-04-15,1000000.00,4.915152,99.232421875
08:00:41,91282CKH3,TSRYS5774872,D,S,T,2024-04-15,1000000.00,4.914087,99.234375
08:00:41,91282CKH3,TSRYS5774872,D,S,T,2024-04-15,1000000.00,4.923667,99.216796875
08:00:41,91282CKH3,TSRYS5774872,D,S,T,2024-04-15,1000000.00,4.91728,99.228515625
08:00:41,91282CKH3,TSRYS5774872,D,S,T,2024-04-15,1000000.00,4.920474,99.22265625
08:00:41,91282CKH3,TSRYS5774872,D,S,T,2024-04-15,1000000.00,4.921538,99.220703125
08:00:41,91282CKH3,TSRYS5774872,D,S,C,2024-04-15,250000.00,4.945846,99.17611625
08:00:41,91282CKH3,TSRYS5774872,D,S,T,2024-04-15,1000000.00,4.915152,99.232421875
08:00:41,91282CKH3,TSRYS5774872,D,S,T,2024-04-15,1000000.00,4.91728,99.228515625
08:00:41,91282CKH3,TSRYS5774872,D,S,T,2024-04-15,1000000.00,4.913023,99.236328125
08:00:41,91282CKH3,TSRYS5774872,D,S,T,2024-04-15,1000000.00,4.918345,99.2265625
08:00:41,91282CKH3,TSRYS5774872,D,S,T,2024-04-15,1000000.00,4.91728,99.228515625
08:00:41,91282CKH3,TSRYS5774872,D,S,T,2024-04-15,4000000.00,4.920474,99.22265625
08:00:41,91282CKH3,TSRYS5774872,D,S,D,2024-04-15,1000000.00,4.922603,99.21875
08:00:42,91282CKH3,TSRYS5774872,D,S,D,2024-04-15,1000000.00,4.935379,99.1953125
08:00:42,91282CKH3,TSRYS5774872,D,S,T,2024-04-15,3000000.00,4.924732,99.21484375
08:00:42,91282CKH3,TSRYS5774872,D,S,T,2024-04-15,1000000.00,4.924732,99.21484375
08:00:42,91282CKH3,TSRYS5774872,D,S,T,2024-04-15,1000000.00,4.926861,99.2109375
08:00:42,91282CKH3,TSRYS5774872,D,S,T,2024-04-15,1000000.00,4.92899,99.20703125
08:00:42,91282CKH3,TSRYS5774872,D,S,T,2024-04-15,1000000.00,4.930055,99.205078125
08:00:42,91282CKH3,TSRYS5774872,D,S,T,2024-04-15,1000000.00,4.93112,99.203125
08:00:42,91282CKH3,TSRYS5774872,D,S,T,2024-04-15,1000000.00,4.936444,99.193359375
08:00:42,91282CKH3,TSRYS5774872,D,S,T,2024-04-15,1000000.00,4.938574,99.189453125
08:00:42,91282CKH3,TSRYS5774872,D,S,T,2024-04-15,1000000.00,4.939639,99.1875
08:00:42,91282CKH3,TSRYS5774872,D,S,T,2024-04-15,1000000.00,4.941769,99.18359375
08:00:42,91282CKH3,TSRYS5774872,D,S,T,2024-04-15,3000000.00,4.935379,99.1953125
08:00:42,91282CKH3,TSRYS5774872,D,S,D,2024-04-15,1000000.00,4.927926,99.208984375
08:00:42,91282CKH3,TSRYS5774872,D,S,D,2024-04-15,1000000.00,4.924732,99.21484375
08:00:42,91282CKH3,TSRYS5774872,D,S,D,2024-04-15,1000000.00,4.924732,99.21484375
08:00:42,91282CKH3,TSRYS5774872,D,S,D,2024-04-15,1000000.00,4.92899,99.20703125
08:00:42,91282CKH3,TSRYS5774872,D,S,T,2024-04-15,1000000.00,4.92899,99.20703125
08:00:42,91282CKH3,TSRYS5774872,D,S,T,2024-04-15,1000000.00,4.926861,99.2109375
08:00:42,91282CKH3,TSRYS5774872,D,S,T,2024-04-15,1000000.00,4.927926,99.208984375
08:00:42,91282CKH3,TSRYS5774872,D,S,T,2024-04-15,1000000.00,4.930055,99.205078125
08:00:42,91282CKH3,TSRYS5774872,D,S,T,2024-04-15,6000000.00,4.933249,99.19921875
08:00:42,91282CKH3,TSRYS5774872,D,S,T,2024-04-15,1000000.00,4.933249,99.19921875
08:00:42,91282CKH3,TSRYS5774872,D,S,T,2024-04-15,1000000.00,4.933249,99.19921875
08:00:42,91282CKH3,TSRYS5774872,D,S,T,2024-04-15,1000000.00,4.936444,99.193359375
08:00:42,91282CKH3,TSRYS5774872,D,S,D,2024-04-15,1000000.00,4.940704,99.185546875
08:00:42,91282CKH3,TSRYS5774872,D,S,T,2024-04-15,1000000.00,4.938574,99.189453125
08:00:42,91282CKH3,TSRYS5774872,D,S,T,2024-04-15,1000000.00,4.937509,99.19140625
08:00:42,91282CKH3,TSRYS5774872,D,S,T,2024-04-15,1000000.00,4.938574,99.189453125
08:00:42,91282CKH3,TSRYS5774872,D,S,D,2024-04-15,1000000.00,4.936444,99.193359375
08:00:42,91282CKH3,TSRYS5774872,D,S,T,2024-04-15,1000000.00,4.935379,99.1953125
08:00:42,91282CKH3,TSRYS5774872,D,S,T,2024-04-15,1000000.00,4.935379,99.1953125
08:00:42,91282CKH3,TSRYS5774872,D,S,T,2024-04-15,1000000.00,4.947094,99.173828125
08:00:42,91282CKH3,TSRYS5774872,D,S,D,2024-04-15,1000000.00,4.947094,99.173828125
08:00:42,91282CKH3,TSRYS5774872,D,S,D,2024-04-15,1000000.00,4.947094,99.173828125
08:00:42,91282CKH3,TSRYS5774872,D,S,D,2024-04-15,1000000.00,4.946029,99.17578125
08:00:42,91282CKH3,TSRYS5774872,D,S,D,2024-04-15,1000000.00,4.946029,99.17578125
08:00:42,91282CKH3,TSRYS5774872,D,S,D,2024-04-15,1000000.00,4.946029,99.17578125
08:00:42,91282CKH3,TSRYS5774872,D,S,D,2024-04-15,1000000.00,4.946029,99.17578125
08:00:42,91282CKH3,TSRYS5774872,D,S,D,2024-04-15,1000000.00,4.948159,99.171875
08:00:42,91282CKH3,TSRYS5774872,D,S,D,2024-04-15,1000000.00,4.954551,99.16015625
08:00:42,91282CKH3,TSRYS5774872,D,S,T,2024-04-15,13000000.00,4.954551,99.16015625
08:00:42,91282CKH3,TSRYS5774872,D,S,T,2024-04-15,1000000.00,4.954551,99.16015625
08:00:42,91282CKH3,TSRYS5774872,D,S,D,2024-04-15,1000000.00,4.954551,99.16015625
08:00:42,91282CKH3,TSRYS5774872,D,S,D,2024-04-15,1000000.00,4.954551,99.16015625
08:00:42,91282CKH3,TSRYS5774872,D,S,D,2024-04-15,1000000.00,4.954551,99.16015625
08:00:42,91282CKH3,TSRYS5774872,D,S,T,2024-04-15,1000000.00,4.956681,99.15625
08:00:42,91282CKH3,TSRYS5774872,D,S,T,2024-04-15,1000000.00,4.955616,99.158203125
08:00:42,91282CKH3,TSRYS5774872,D,S,T,2024-04-15,1000000.00,4.955616,99.158203125
08:00:42,91282CKH3,TSRYS5774872,D,S,T,2024-04-15,1000000.00,4.955616,99.158203125
08:00:42,91282CKH3,TSRYS5774872,D,S,T,2024-04-15,1000000.00,4.953485,99.162109375
08:00:42,91282CKH3,TSRYS5774872,D,S,T,2024-04-15,1000000.00,4.951355,99.166015625
08:00:43,91282CKH3,TSRYS5774872,D,S,T,2024-04-15,3000000.00,4.926861,99.2109375
08:00:43,91282CKH3,TSRYS5774872,D,S,A,2024-04-15,6600000.00,4.911959,99.23828125
08:00:43,91282CKH3,TSRYS5774872,D,S,T,2024-04-15,12000000.00,4.926861,99.2109375
08:00:43,91282CKH3,TSRYS5774872,D,S,A,2024-04-15,600000.00,4.899189,99.26171875
08:00:43,91282CKH3,TSRYS5774872,D,B,A,2024-04-15,200000.00,4.933249,99.199219
08:00:43,91282CKH3,TSRYS5774872,D,B,A,2024-04-15,200000.00,4.93112,99.203125
08:00:43,91282CKH3,TSRYS5774872,D,S,T,2024-04-15,1000000.00,4.918345,99.2265625
08:00:43,91282CKH3,TSRYS5774872,D,S,D,2024-04-15,17500000.00,4.916216,99.23046875
08:00:43,91282CKH3,TSRYS5774872,D,S,T,2024-04-15,1000000.00,4.91728,99.228515625
08:00:43,91282CKH3,TSRYS5774872,D,S,D,2024-04-15,580000.00,4.916216,99.23046875
08:00:43,91282CKH3,TSRYS5774872,D,B,A,2024-04-15,4900000.00,4.911959,99.23828125
08:00:43,91282CKH3,TSRYS5774872,D,S,A,2024-04-15,1800000.00,4.926861,99.2109375
08:00:44,91282CKH3,TSRYS5774872,D,S,A,2024-04-15,221000.00,4.907702,99.24609375
08:00:44,91282CKH3,TSRYS5774872,D,S,A,2024-04-15,1000000.00,4.907702,99.24609375
08:00:44,91282CKH3,TSRYS5774872,D,S,T,2024-04-15,15000000.00,4.926861,99.2109375
08:00:44,91282CKH3,TSRYS5774872,D,S,A,2024-04-15,50000.00,4.925738,99.21484375
08:00:44,91282CKH3,TSRYS5774872,D,S,A,2024-04-15,890000.00,4.926861,99.2109375
08:00:44,91282CKH3,TSRYS5774872,D,S,T,2024-04-15,1000000.00,4.926861,99.2109375
08:00:44,91282CKH3,TSRYS5774872,D,S,T,2024-04-15,2000000.00,4.926861,99.2109375
08:00:44,91282CKH3,TSRYS5774872,D,S,T,2024-04-15,4000000.00,4.926861,99.2109375
08:00:44,91282CKH3,TSRYS5774872,D,B,C,2024-04-15,200000.00,4.918345,99.2265625
08:00:44,91282CKH3,TSRYS5774872,D,S,D,2024-04-15,7850000.00,4.920474,99.22265625
08:00:44,91282CKH3,TSRYS5774872,D,B,C,2024-04-15,2500000.00,4.926861,99.2109375
08:00:45,91282CKH3,TSRYS5774872,D,S,C,2024-04-15,100000000.00,4.920474,99.22265625
08:00:45,91282CKH3,TSRYS5774872,D,S,C,2024-04-15,1500000.00,4.92899,99.20703125
08:00:46,91282CKH3,TSRYS5774872,D,S,A,2024-04-15,2000000.00,4.925234,99.21484375
08:00:46,91282CKH3,TSRYS5774872,D,S,T,2024-04-15,1000000.00,4.930055,99.205078125
08:00:46,91282CKH3,TSRYS5774872,D,S,T,2024-04-15,1000000.00,4.92899,99.20703125
08:00:46,91282CKH3,TSRYS5774872,D,S,A,2024-04-15,1720000.00,4.926861,99.2109375
08:00:47,91282CKH3,TSRYS5774872,D,S,C,2024-04-15,100000000.00,4.92899,99.20703125
08:00:47,91282CKH3,TSRYS5774872,D,S,D,2024-04-15,500000.00,4.924732,99.21484375
08:00:47,91282CKH3,TSRYS5774872,D,B,A,2024-04-15,2000000.00,4.937509,99.191406
08:00:48,91282CKH3,TSRYS5774872,D,B,A,2024-04-15,5000000.00,4.926861,99.2109375
08:00:48,91282CKH3,TSRYS5774872,D,S,T,2024-04-15,1000000.00,4.930055,99.205078125
08:00:48,91282CKH3,TSRYS5774872,D,S,T,2024-04-15,3000000.00,4.930055,99.205078125
08:00:48,91282CKH3,TSRYS5774872,D,B,A,2024-04-15,3500000.00,4.916216,99.23046875
08:00:48,91282CKH3,TSRYS5774872,D,S,T,2024-04-15,3000000.00,4.939639,99.1875
08:00:48,91282CKH3,TSRYS5774872,D,S,T,2024-04-15,2000000.00,4.938574,99.189453125
08:00:50,91282CKH3,TSRYS5774872,D,S,T,2024-04-15,11000000.00,4.926861,99.2109375
08:00:50,91282CKH3,TSRYS5774872,D,S,T,2024-04-15,2000000.00,4.926861,99.2109375
08:00:50,91282CKH3,TSRYS5774872,D,S,T,2024-04-15,4000000.00,4.926861,99.2109375
08:00:50,91282CKH3,TSRYS5774872,D,S,T,2024-04-15,1000000.00,4.926861,99.2109375
08:00:52,91282CKH3,TSRYS5774872,D,S,T,2024-04-15,1000000.00,4.933249,99.19921875
08:00:52,91282CKH3,TSRYS5774872,D,B,A,2024-04-15,100000.00,4.916216,99.23046875
08:00:54,91282CKH3,TSRYS5774872,D,B,A,2024-04-15,10000000.00,4.899189,99.26171875
08:00:55,91282CKH3,TSRYS5774872,D,S,T,2024-04-15,2000000.00,4.926861,99.2109375
08:00:55,91282CKH3,TSRYS5774872,D,S,T,2024-04-15,5000000.00,4.926861,99.2109375
08:00:55,91282CKH3,TSRYS5774872,D,S,T,2024-04-15,2000000.00,4.926861,99.2109375
08:00:55,91282CKH3,TSRYS5774872,D,S,T,2024-04-15,4000000.00,4.930055,99.205078125
08:00:55,91282CKH3,TSRYS5774872,D,S,C,2024-04-15,4700000.00,4.92899,99.20703125
08:00:56,91282CKH3,TSRYS5774872,D,S,T,2024-04-15,13000000.00,4.926861,99.2109375
08:00:56,91282CKH3,TSRYS5774872,D,S,T,2024-04-15,1000000.00,4.926861,99.2109375
08:00:56,91282CKH3,TSRYS5774872,D,S,A,2024-04-15,1403000.00,4.933249,99.19921875
08:00:57,91282CKH3,TSRYS5774872,D,S,T,2024-04-15,1000000.00,4.926861,99.2109375
08:00:57,91282CKH3,TSRYS5774872,D,S,T,2024-04-15,1000000.00,4.930055,99.205078125
08:00:57,91282CKH3,TSRYS5774872,D,S,T,2024-04-15,2000000.00,4.926861,99.2109375
08:00:57,91282CKH3,TSRYS5774872,D,S,D,2024-04-15,1000000.00,4.940704,99.185546875
08:00:57,91282CKH3,TSRYS5774872,D,S,T,2024-04-15,4000000.00,4.926861,99.2109375
08:00:57,91282CKH3,TSRYS5774872,D,S,D,2024-04-15,1000000.00,4.939639,99.1875
08:00:57,91282CKH3,TSRYS5774872,D,S,T,2024-04-15,5000000.00,4.939639,99.1875
08:00:57,91282CKH3,TSRYS5774872,D,S,T,2024-04-15,1000000.00,4.938574,99.189453125
08:00:58,91282CKH3,TSRYS5774872,D,S,D,2024-04-15,1000000.00,4.938574,99.189453125
08:00:58,91282CKH3,TSRYS5774872,D,S,D,2024-04-15,1000000.00,4.938574,99.189453125
08:00:58,91282CKH3,TSRYS5774872,D,S,T,2024-04-15,1000000.00,4.926861,99.2109375
08:00:58,91282CKH3,TSRYS5774872,D,S,D,2024-04-15,4000000.00,4.938574,99.189453125
08:00:58,91282CKH3,TSRYS5774872,D,S,T,2024-04-15,12000000.00,4.926861,99.2109375
08:00:58,91282CKH3,TSRYS5774872,D,S,T,2024-04-15,1000000.00,4.926861,99.2109375
08:00:58,91282CKH3,TSRYS5774872,D,S,D,2024-04-15,1000000.00,4.935379,99.1953125
08:00:58,91282CKH3,TSRYS5774872,D,S,T,2024-04-15,1000000.00,4.926861,99.2109375
08:00:58,91282CKH3,TSRYS5774872,D,S,T,2024-04-15,1000000.00,4.926861,99.2109375
08:00:58,91282CKH3,TSRYS5774872,D,S,T,2024-04-15,1000000.00,4.926861,99.2109375
08:00:58,91282CKH3,TSRYS5774872,D,S,A,2024-04-15,20000000.00,4.911959,99.23828125
08:00:58,91282CKH3,TSRYS5774872,D,S,D,2024-04-15,250000.00,4.945846,99.17611625
08:00:59,91282CKH3,TSRYS5774872,D,S,D,2024-04-15,5000000.00,4.922603,99.21875
08:00:59,91282CKH3,TSRYS5774872,D,B,A,2024-04-15,40000000.00,4.922603,99.21875
08:00:59,91282CKH3,TSRYS5774872,D,S,T,2024-04-15,1000000.00,4.922657,99.21865
08:00:59,91282CKH3,TSRYS5774872,D,S,D,2024-04-15,1000000.00,4.922603,99.21875
08:00:59,91282CKH3,TSRYS5774872,D,S,D,2024-04-15,1000000.00,4.922603,99.21875
08:00:59,91282CKH3,TSRYS5774872,D,S,D,2024-04-15,1000000.00,4.922603,99.21875
08:00:59,91282CKH3,TSRYS5774872,D,S,D,2024-04-15,2000000.00,4.922603,99.21875
08:00:59,91282CKH3,TSRYS5774872,D,S,T,2024-04-15,3000000.00,4.922657,99.21865
08:00:59,91282CKH3,TSRYS5774872,D,S,T,2024-04-15,3000000.00,4.922657,99.21865
08:00:59,91282CKH3,TSRYS5774872,D,S,T,2024-04-15,2000000.00,4.922657,99.21865
08:00:59,91282CKH3,TSRYS5774872,D,S,T,2024-04-15,1000000.00,4.922603,99.21875
08:00:59,91282CKH3,TSRYS5774872,D,S,T,2024-04-15,1000000.00,4.922603,99.21875
08:00:59,91282CKH3,TSRYS5774872,D,S,T,2024-04-15,1000000.00,4.922603,99.21875
08:00:59,91282CKH3,TSRYS5774872,D,S,T,2024-04-15,1000000.00,4.922603,99.21875
08:00:59,91282CKH3,TSRYS5774872,D,S,T,2024-04-15,1000000.00,4.922603,99.21875
08:00:59,91282CKH3,TSRYS5774872,D,S,T,2024-04-15,1000000.00,4.922603,99.21875
08:00:59,91282CKH3,TSRYS5774872,D,S,D,2024-04-15,2000000.00,4.922603,99.21875
08:00:59,91282CKH3,TSRYS5774872,D,S,D,2024-04-15,1000000.00,4.922603,99.21875
08:00:59,91282CKH3,TSRYS5774872,D,S,T,2024-04-15,2000000.00,4.921593,99.220603125
08:00:59,91282CKH3,TSRYS5774872,D,S,D,2024-04-15,5000000.00,4.922603,99.21875
08:00:59,91282CKH3,TSRYS5774872,D,S,T,2024-04-15,1000000.00,4.920528,99.22255625
08:00:59,91282CKH3,TSRYS5774872,D,S,T,2024-04-15,1000000.00,4.920528,99.22255625
08:00:59,91282CKH3,TSRYS5774872,D,S,T,2024-04-15,1000000.00,4.920528,99.22255625
08:00:59,91282CKH3,TSRYS5774872,D,S,T,2024-04-15,1000000.00,4.920528,99.22255625
08:00:59,91282CKH3,TSRYS5774872,D,S,T,2024-04-15,1000000.00,4.920474,99.22265625
08:00:59,91282CKH3,TSRYS5774872,D,S,T,2024-04-15,16000000.00,4.926861,99.2109375
08:00:59,91282CKH3,TSRYS5774872,D,S,T,2024-04-15,1000000.00,4.95242,99.1640625
08:00:59,91282CKH3,TSRYS5774872,D,S,T,2024-04-15,1000000.00,4.954551,99.16015625
08:00:59,91282CKH3,TSRYS5774872,D,S,T,2024-04-15,1000000.00,4.954551,99.16015625
08:00:59,91282CKH3,TSRYS5774872,D,S,T,2024-04-15,1000000.00,4.954551,99.16015625
08:00:59,91282CKH3,TSRYS5774872,D,S,T,2024-04-15,1000000.00,4.954551,99.16015625
08:00:59,91282CKH3,TSRYS5774872,D,S,T,2024-04-15,1000000.00,4.954551,99.16015625
08:00:59,91282CKH3,TSRYS5774872,D,S,T,2024-04-15,1000000.00,4.954551,99.16015625
08:00:59,91282CKH3,TSRYS5774872,D,S,T,2024-04-15,1000000.00,4.954551,99.16015625
08:01:00,91282CKH3,TSRYS5774872,D,S,D,2024-04-15,2000000.00,4.897062,99.265625
08:01:00,91282CKH3,TSRYS5774872,D,B,C,2024-04-15,692000.00,4.956139,99.15625
08:01:00,91282CKH3,TSRYS5774872,D,B,C,2024-04-15,727000.00,4.949756,99.16796875
08:01:00,91282CKH3,TSRYS5774872,D,S,A,2024-04-15,343000.00,4.926861,99.2109375
08:01:00,91282CKH3,TSRYS5774872,D,S,D,2024-04-15,30000.00,4.948159,99.171875
08:01:00,91282CKH3,TSRYS5774872,D,S,T,2024-04-15,2000000.00,4.933304,99.19911875
08:01:00,91282CKH3,TSRYS5774872,D,S,T,2024-04-15,1000000.00,4.933304,99.19911875
08:01:00,91282CKH3,TSRYS5774872,D,S,T,2024-04-15,1000000.00,4.933249,99.19921875
08:01:00,91282CKH3,TSRYS5774872,D,S,T,2024-04-15,5000000.00,4.935503,99.1950855
08:01:00,91282CKH3,TSRYS5774872,D,S,T,2024-04-15,4000000.00,4.935503,99.1950855
08:01:01,91282CKH3,TSRYS5774872,D,S,T,2024-04-15,5000000.00,4.926861,99.2109375
08:01:01,91282CKH3,TSRYS5774872,D,S,T,2024-04-15,2000000.00,4.926861,99.2109375
08:01:01,91282CKH3,TSRYS5774872,D,S,T,2024-04-15,2000000.00,4.926861,99.2109375
08:01:02,91282CKH3,TSRYS5774872,D,S,T,2024-04-15,4000000.00,4.926861,99.2109375
08:01:03,91282CKH3,TSRYS5774872,D,B,A,2024-04-15,12800000.00,4.914087,99.234375
08:01:05,91282CKH3,TSRYS5774872,D,S,T,2024-04-15,1000000.00,4.916271,99.23036675
08:01:05,91282CKH3,TSRYS5774872,D,B,A,2024-04-15,1090200.00,4.924732,99.21484375
08:01:05,91282CKH3,TSRYS5774872,D,S,T,2024-04-15,1000000.00,4.916271,99.23036675
08:01:05,91282CKH3,TSRYS5774872,D,S,D,2024-04-15,1000000.00,4.88536,99.287109375
08:01:05,91282CKH3,TSRYS5774872,D,S,C,2024-04-15,1000000.00,4.894934,99.26953125
08:01:05,91282CKH3,TSRYS5774872,D,B,C,2024-04-15,1000000.00,4.894934,99.26953125
08:01:05,91282CKH3,TSRYS5774872,D,S,C,2024-04-15,1000000.00,4.894934,99.26953125
08:01:05,91282CKH3,TSRYS5774872,D,B,C,2024-04-15,1000000.00,4.894934,99.26953125
08:01:05,91282CKH3,TSRYS5774872,D,B,C,2024-04-15,1000000.00,4.88536,99.287109375
08:01:05,91282CKH3,TSRYS5774872,D,S,C,2024-04-15,1000000.00,4.88536,99.287109375
08:01:05,91282CKH3,TSRYS5774872,D,B,C,2024-04-15,1000000.00,4.88536,99.287109375
08:01:05,91282CKH3,TSRYS5774872,D,B,C,2024-04-15,1000000.00,4.88536,99.287109375
08:01:05,91282CKH3,TSRYS5774872,D,S,D,2024-04-15,1000000.00,4.88536,99.287109375
08:01:05,91282CKH3,TSRYS5774872,D,B,C,2024-04-15,1000000.00,4.890679,99.27734375
08:01:05,91282CKH3,TSRYS5774872,D,S,D,2024-04-15,1000000.00,4.88536,99.287109375
08:01:05,91282CKH3,TSRYS5774872,D,S,D,2024-04-15,2000000.00,4.886424,99.28515625
08:01:05,91282CKH3,TSRYS5774872,D,B,C,2024-04-15,2000000.00,4.886424,99.28515625
08:01:05,91282CKH3,TSRYS5774872,D,B,C,2024-04-15,1000000.00,4.88536,99.287109375
08:01:05,91282CKH3,TSRYS5774872,D,B,C,2024-04-15,1000000.00,4.890679,99.27734375
08:01:05,91282CKH3,TSRYS5774872,D,B,C,2024-04-15,1000000.00,4.890679,99.27734375
08:01:05,91282CKH3,TSRYS5774872,D,S,D,2024-04-15,1000000.00,4.890679,99.27734375
08:01:05,91282CKH3,TSRYS5774872,D,S,C,2024-04-15,1000000.00,4.890679,99.27734375
08:01:05,91282CKH3,TSRYS5774872,D,S,D,2024-04-15,1000000.00,4.890679,99.27734375
08:01:05,91282CKH3,TSRYS5774872,D,B,C,2024-04-15,1000000.00,4.890679,99.27734375
08:01:05,91282CKH3,TSRYS5774872,D,S,C,2024-04-15,1000000.00,4.890679,99.27734375
08:01:05,91282CKH3,TSRYS5774872,D,S,D,2024-04-15,1000000.00,4.890679,99.27734375
08:01:05,91282CKH3,TSRYS5774872,D,S,T,2024-04-15,1000000.00,4.916271,99.23036675
08:01:05,91282CKH3,TSRYS5774872,D,B,A,2024-04-15,240000.00,4.926861,99.2109375
08:01:05,91282CKH3,TSRYS5774872,D,B,C,2024-04-15,1000000.00,4.890679,99.27734375
08:01:05,91282CKH3,TSRYS5774872,D,S,D,2024-04-15,1000000.00,4.890679,99.27734375
08:01:05,91282CKH3,TSRYS5774872,D,S,T,2024-04-15,1000000.00,4.916271,99.23036675
08:01:05,91282CKH3,TSRYS5774872,D,B,C,2024-04-15,1000000.00,4.890679,99.27734375
08:01:05,91282CKH3,TSRYS5774872,D,S,T,2024-04-15,1000000.00,4.916271,99.23036675
08:01:05,91282CKH3,TSRYS5774872,D,S,T,2024-04-15,1000000.00,4.914143,99.234273
08:01:05,91282CKH3,TSRYS5774872,D,B,C,2024-04-15,1000000.00,4.897062,99.265625
08:01:05,91282CKH3,TSRYS5774872,D,S,T,2024-04-15,1000000.00,4.914143,99.234273
08:01:05,91282CKH3,TSRYS5774872,D,S,D,2024-04-15,1000000.00,4.899189,99.26171875
08:01:05,91282CKH3,TSRYS5774872,D,S,T,2024-04-15,1000000.00,4.914143,99.234273
08:01:05,91282CKH3,TSRYS5774872,D,S,C,2024-04-15,1000000.00,4.897062,99.265625
08:01:05,91282CKH3,TSRYS5774872,D,S,T,2024-04-15,1000000.00,4.914143,99.234273
08:01:05,91282CKH3,TSRYS5774872,D,B,C,2024-04-15,1000000.00,4.899189,99.26171875
08:01:05,91282CKH3,TSRYS5774872,D,S,T,2024-04-15,1000000.00,4.914143,99.234273
08:01:05,91282CKH3,TSRYS5774872,D,S,C,2024-04-15,1000000.00,4.894934,99.26953125
08:01:05,91282CKH3,TSRYS5774872,D,S,C,2024-04-15,1000000.00,4.900253,99.259765625
08:01:05,91282CKH3,TSRYS5774872,D,B,C,2024-04-15,1000000.00,4.897062,99.265625
08:01:05,91282CKH3,TSRYS5774872,D,S,D,2024-04-15,1000000.00,4.897062,99.265625
08:01:05,91282CKH3,TSRYS5774872,D,B,C,2024-04-15,3000000.00,4.897062,99.265625
08:01:05,91282CKH3,TSRYS5774872,D,B,C,2024-04-15,2000000.00,4.897062,99.265625
08:01:05,91282CKH3,TSRYS5774872,D,S,D,2024-04-15,2000000.00,4.897062,99.265625
08:01:05,91282CKH3,TSRYS5774872,D,S,C,2024-04-15,1000000.00,4.902381,99.255859375
08:01:05,91282CKH3,TSRYS5774872,D,S,C,2024-04-15,1000000.00,4.897062,99.265625
08:01:05,91282CKH3,TSRYS5774872,D,S,D,2024-04-15,3000000.00,4.897062,99.265625
08:01:05,91282CKH3,TSRYS5774872,D,S,A,2024-04-15,1373700.00,4.926861,99.2109375
08:01:05,91282CKH3,TSRYS5774872,D,S,D,2024-04-15,5000000.00,4.916216,99.23046875
08:01:05,91282CKH3,TSRYS5774872,D,B,C,2024-04-15,5000000.00,4.916216,99.23046875
08:01:06,91282CKH3,TSRYS5774872,D,S,D,2024-04-15,2000000.00,4.916216,99.23046875
08:01:06,91282CKH3,TSRYS5774872,D,S,A,2024-04-15,545000.00,4.926861,99.2109375
08:01:06,91282CKH3,TSRYS5774872,D,S,C,2024-04-15,1000000.00,4.913023,99.236328125
08:01:06,91282CKH3,TSRYS5774872,D,S,C,2024-04-15,1000000.00,4.910894,99.240234375
08:01:06,91282CKH3,TSRYS5774872,D,S,C,2024-04-15,1000000.00,4.913023,99.236328125
08:01:06,91282CKH3,TSRYS5774872,D,S,D,2024-04-15,1000000.00,4.916216,99.23046875
08:01:06,91282CKH3,TSRYS5774872,D,S,C,2024-04-15,1000000.00,4.916216,99.23046875
08:01:06,91282CKH3,TSRYS5774872,D,S,D,2024-04-15,1000000.00,4.916216,99.23046875
08:01:06,91282CKH3,TSRYS5774872,D,S,C,2024-04-15,3000000.00,4.924732,99.21484375
08:01:06,91282CKH3,TSRYS5774872,D,B,C,2024-04-15,3000000.00,4.924732,99.21484375
08:01:06,91282CKH3,TSRYS5774872,D,S,C,2024-04-15,1000000.00,4.925796,99.212890625
08:01:06,91282CKH3,TSRYS5774872,D,B,C,2024-04-15,1000000.00,4.925796,99.212890625
08:01:06,91282CKH3,TSRYS5774872,D,S,C,2024-04-15,4000000.00,4.925796,99.212890625
08:01:06,91282CKH3,TSRYS5774872,D,B,C,2024-04-15,4000000.00,4.925796,99.212890625
08:01:06,91282CKH3,TSRYS5774872,D,S,C,2024-04-15,1000000.00,4.922603,99.21875
08:01:06,91282CKH3,TSRYS5774872,D,S,D,2024-04-15,1000000.00,4.922603,99.21875
08:01:06,91282CKH3,TSRYS5774872,D,S,D,2024-04-15,2000000.00,4.922603,99.21875
08:01:06,91282CKH3,TSRYS5774872,D,S,C,2024-04-15,5000000.00,4.922603,99.21875
08:01:06,91282CKH3,TSRYS5774872,D,S,C,2024-04-15,5000000.00,4.922603,99.21875
08:01:06,91282CKH3,TSRYS5774872,D,S,D,2024-04-15,2000000.00,4.922603,99.21875
08:01:06,91282CKH3,TSRYS5774872,D,S,C,2024-04-15,1000000.00,4.922603,99.21875
08:01:06,91282CKH3,TSRYS5774872,D,B,C,2024-04-15,2000000.00,4.919409,99.224609375
08:01:06,91282CKH3,TSRYS5774872,D,S,C,2024-04-15,2000000.00,4.919409,99.224609375
08:01:06,91282CKH3,TSRYS5774872,D,B,C,2024-04-15,1000000.00,4.920474,99.22265625
08:01:06,91282CKH3,TSRYS5774872,D,S,D,2024-04-15,1000000.00,4.918345,99.2265625
08:01:06,91282CKH3,TSRYS5774872,D,B,C,2024-04-15,1000000.00,4.918345,99.2265625
08:01:06,91282CKH3,TSRYS5774872,D,S,C,2024-04-15,1000000.00,4.920474,99.22265625
08:01:06,91282CKH3,TSRYS5774872,D,B,C,2024-04-15,1000000.00,4.920474,99.22265625
08:01:06,91282CKH3,TSRYS5774872,D,S,C,2024-04-15,1000000.00,4.920474,99.22265625
08:01:06,91282CKH3,TSRYS5774872,D,S,C,2024-04-15,1000000.00,4.922603,99.21875
08:01:06,91282CKH3,TSRYS5774872,D,B,C,2024-04-15,1000000.00,4.922603,99.21875
08:01:06,91282CKH3,TSRYS5774872,D,S,C,2024-04-15,2000000.00,4.922603,99.21875
08:01:06,91282CKH3,TSRYS5774872,D,S,D,2024-04-15,1000000.00,4.922603,99.21875
08:01:06,91282CKH3,TSRYS5774872,D,S,C,2024-04-15,1000000.00,4.922603,99.21875
08:01:06,91282CKH3,TSRYS5774872,D,B,C,2024-04-15,1000000.00,4.922603,99.21875
08:01:06,91282CKH3,TSRYS5774872,D,S,C,2024-04-15,2000000.00,4.922603,99.21875
08:01:06,91282CKH3,TSRYS5774872,D,B,C,2024-04-15,2000000.00,4.922603,99.21875
08:01:06,91282CKH3,TSRYS5774872,D,B,C,2024-04-15,2000000.00,4.922603,99.21875
08:01:06,91282CKH3,TSRYS5774872,D,S,C,2024-04-15,2000000.00,4.922603,99.21875
08:01:06,91282CKH3,TSRYS5774872,D,S,C,2024-04-15,1000000.00,4.921538,99.220703125
08:01:06,91282CKH3,TSRYS5774872,D,B,C,2024-04-15,1000000.00,4.921538,99.220703125
08:01:06,91282CKH3,TSRYS5774872,D,B,C,2024-04-15,1000000.00,4.921538,99.220703125
08:01:06,91282CKH3,TSRYS5774872,D,S,C,2024-04-15,1000000.00,4.921538,99.220703125
08:01:06,91282CKH3,TSRYS5774872,D,S,C,2024-04-15,1000000.00,4.921538,99.220703125
08:01:06,91282CKH3,TSRYS5774872,D,B,C,2024-04-15,1000000.00,4.921538,99.220703125
08:01:06,91282CKH3,TSRYS5774872,D,S,D,2024-04-15,1000000.00,4.914087,99.234375
08:01:06,91282CKH3,TSRYS5774872,D,B,C,2024-04-15,1000000.00,4.914087,99.234375
08:01:06,91282CKH3,TSRYS5774872,D,S,C,2024-04-15,1000000.00,4.914087,99.234375
08:01:06,91282CKH3,TSRYS5774872,D,B,C,2024-04-15,1000000.00,4.914087,99.234375
08:01:06,91282CKH3,TSRYS5774872,D,S,C,2024-04-15,1000000.00,4.914087,99.234375
08:01:06,91282CKH3,TSRYS5774872,D,S,C,2024-04-15,3000000.00,4.920474,99.22265625
08:01:06,91282CKH3,TSRYS5774872,D,B,C,2024-04-15,3000000.00,4.920474,99.22265625
08:01:06,91282CKH3,TSRYS5774872,D,S,C,2024-04-15,1000000.00,4.920474,99.22265625
08:01:06,91282CKH3,TSRYS5774872,D,B,C,2024-04-15,1000000.00,4.920474,99.22265625
08:01:06,91282CKH3,TSRYS5774872,D,S,C,2024-04-15,2000000.00,4.920474,99.22265625
08:01:06,91282CKH3,TSRYS5774872,D,B,C,2024-04-15,2000000.00,4.920474,99.22265625
08:01:06,91282CKH3,TSRYS5774872,D,S,C,2024-04-15,1000000.00,4.920474,99.22265625
08:01:06,91282CKH3,TSRYS5774872,D,B,C,2024-04-15,1000000.00,4.920474,99.22265625
08:01:06,91282CKH3,TSRYS5774872,D,S,C,2024-04-15,1000000.00,4.920474,99.22265625
08:01:06,91282CKH3,TSRYS5774872,D,B,C,2024-04-15,1000000.00,4.920474,99.22265625
08:01:06,91282CKH3,TSRYS5774872,D,S,C,2024-04-15,1000000.00,4.920474,99.22265625
08:01:06,91282CKH3,TSRYS5774872,D,B,C,2024-04-15,1000000.00,4.920474,99.22265625
08:01:06,91282CKH3,TSRYS5774872,D,B,C,2024-04-15,1000000.00,4.920474,99.22265625
08:01:06,91282CKH3,TSRYS5774872,D,S,C,2024-04-15,1000000.00,4.920474,99.22265625
08:01:06,91282CKH3,TSRYS5774872,D,S,C,2024-04-15,1000000.00,4.924732,99.21484375
08:01:06,91282CKH3,TSRYS5774872,D,B,C,2024-04-15,1000000.00,4.924732,99.21484375
08:01:07,91282CKH3,TSRYS5774872,D,S,D,2024-04-15,5000000.00,4.933249,99.19921875
08:01:07,91282CKH3,TSRYS5774872,D,S,C,2024-04-15,1000000.00,4.918345,99.2265625
08:01:07,91282CKH3,TSRYS5774872,D,S,A,2024-04-15,4530600.00,4.933249,99.19921875
08:01:07,91282CKH3,TSRYS5774872,D,B,C,2024-04-15,1000000.00,4.918345,99.2265625
08:01:07,91282CKH3,TSRYS5774872,D,S,C,2024-04-15,1000000.00,4.916216,99.23046875
08:01:07,91282CKH3,TSRYS5774872,D,B,C,2024-04-15,1000000.00,4.916216,99.23046875
08:01:07,91282CKH3,TSRYS5774872,D,S,C,2024-04-15,1000000.00,4.916216,99.23046875
08:01:07,91282CKH3,TSRYS5774872,D,B,C,2024-04-15,1000000.00,4.916216,99.23046875
08:01:07,91282CKH3,TSRYS5774872,D,S,C,2024-04-15,1000000.00,4.916216,99.23046875
08:01:07,91282CKH3,TSRYS5774872,D,B,C,2024-04-15,1000000.00,4.916216,99.23046875
08:01:07,91282CKH3,TSRYS5774872,D,S,C,2024-04-15,1000000.00,4.916216,99.23046875
08:01:07,91282CKH3,TSRYS5774872,D,B,C,2024-04-15,1000000.00,4.916216,99.23046875
08:01:07,91282CKH3,TSRYS5774872,D,S,D,2024-04-15,3000000.00,4.933249,99.19921875
08:01:07,91282CKH3,TSRYS5774872,D,S,D,2024-04-15,2000000.00,4.933249,99.19921875
08:01:07,91282CKH3,TSRYS5774872,D,B,C,2024-04-15,5000000.00,4.933249,99.19921875
08:01:07,91282CKH3,TSRYS5774872,D,S,D,2024-04-15,5000000.00,4.933249,99.19921875
08:01:07,91282CKH3,TSRYS5774872,D,B,C,2024-04-15,5000000.00,4.933249,99.19921875
08:01:07,91282CKH3,TSRYS5774872,D,S,C,2024-04-15,7000000.00,4.939639,99.1875
08:01:07,91282CKH3,TSRYS5774872,D,S,C,2024-04-15,4000000.00,4.937509,99.19140625
08:01:07,91282CKH3,TSRYS5774872,D,S,D,2024-04-15,3000000.00,4.935379,99.1953125
08:01:07,91282CKH3,TSRYS5774872,D,S,C,2024-04-15,2000000.00,4.933249,99.19921875
08:01:07,91282CKH3,TSRYS5774872,D,B,C,2024-04-15,1000000.00,4.926861,99.2109375
08:01:07,91282CKH3,TSRYS5774872,D,S,C,2024-04-15,1000000.00,4.926861,99.2109375
08:01:07,91282CKH3,TSRYS5774872,D,S,C,2024-04-15,1000000.00,4.926861,99.2109375
08:01:07,91282CKH3,TSRYS5774872,D,S,T,2024-04-15,3000000.00,4.926861,99.2109375
08:01:07,91282CKH3,TSRYS5774872,D,B,C,2024-04-15,1000000.00,4.926861,99.2109375
08:01:07,91282CKH3,TSRYS5774872,D,S,C,2024-04-15,1000000.00,4.926861,99.2109375
08:01:07,91282CKH3,TSRYS5774872,D,B,C,2024-04-15,1000000.00,4.926861,99.2109375
08:01:07,91282CKH3,TSRYS5774872,D,S,C,2024-04-15,1000000.00,4.926861,99.2109375
08:01:07,91282CKH3,TSRYS5774872,D,S,C,2024-04-15,1000000.00,4.926861,99.2109375
08:01:07,91282CKH3,TSRYS5774872,D,B,C,2024-04-15,1000000.00,4.926861,99.2109375
08:01:07,91282CKH3,TSRYS5774872,D,B,C,2024-04-15,1000000.00,4.926861,99.2109375
08:01:07,91282CKH3,TSRYS5774872,D,S,C,2024-04-15,2000000.00,4.926861,99.2109375
08:01:07,91282CKH3,TSRYS5774872,D,B,C,2024-04-15,2000000.00,4.926861,99.2109375
08:01:07,91282CKH3,TSRYS5774872,D,S,C,2024-04-15,1000000.00,4.927926,99.208984375
08:01:07,91282CKH3,TSRYS5774872,D,S,C,2024-04-15,1000000.00,4.927926,99.208984375
08:01:07,91282CKH3,TSRYS5774872,D,S,C,2024-04-15,3000000.00,4.927926,99.208984375
08:01:07,91282CKH3,TSRYS5774872,D,S,C,2024-04-15,4000000.00,4.927926,99.208984375
08:01:07,91282CKH3,TSRYS5774872,D,S,C,2024-04-15,6000000.00,4.927926,99.208984375
08:01:07,91282CKH3,TSRYS5774872,D,B,C,2024-04-15,5000000.00,4.926861,99.2109375
08:01:07,91282CKH3,TSRYS5774872,D,S,D,2024-04-15,5000000.00,4.926861,99.2109375
08:01:07,91282CKH3,TSRYS5774872,D,B,C,2024-04-15,1000000.00,4.927926,99.208984375
08:01:07,91282CKH3,TSRYS5774872,D,S,D,2024-04-15,1000000.00,4.927926,99.208984375
08:01:07,91282CKH3,TSRYS5774872,D,S,D,2024-04-15,1000000.00,4.92899,99.20703125
08:01:07,91282CKH3,TSRYS5774872,D,B,C,2024-04-15,1000000.00,4.92899,99.20703125
08:01:07,91282CKH3,TSRYS5774872,D,S,D,2024-04-15,2000000.00,4.92899,99.20703125
08:01:07,91282CKH3,TSRYS5774872,D,B,C,2024-04-15,2000000.00,4.92899,99.20703125
08:01:07,91282CKH3,TSRYS5774872,D,B,C,2024-04-15,1000000.00,4.92899,99.20703125
08:01:07,91282CKH3,TSRYS5774872,D,S,C,2024-04-15,1000000.00,4.92899,99.20703125
08:01:07,91282CKH3,TSRYS5774872,D,B,C,2024-04-15,1000000.00,4.92899,99.20703125
08:01:07,91282CKH3,TSRYS5774872,D,S,C,2024-04-15,1000000.00,4.92899,99.20703125
08:01:07,91282CKH3,TSRYS5774872,D,B,C,2024-04-15,1000000.00,4.92899,99.20703125
08:01:07,91282CKH3,TSRYS5774872,D,S,C,2024-04-15,1000000.00,4.92899,99.20703125
08:01:07,91282CKH3,TSRYS5774872,D,B,C,2024-04-15,1000000.00,4.927926,99.208984375
08:01:07,91282CKH3,TSRYS5774872,D,S,D,2024-04-15,1000000.00,4.927926,99.208984375
08:01:07,91282CKH3,TSRYS5774872,D,S,D,2024-04-15,1000000.00,4.927926,99.208984375
08:01:07,91282CKH3,TSRYS5774872,D,B,C,2024-04-15,1000000.00,4.927926,99.208984375
08:01:07,91282CKH3,TSRYS5774872,D,S,C,2024-04-15,1000000.00,4.92899,99.20703125
08:01:07,91282CKH3,TSRYS5774872,D,B,C,2024-04-15,1000000.00,4.92899,99.20703125
08:01:07,91282CKH3,TSRYS5774872,D,S,C,2024-04-15,1000000.00,4.92899,99.20703125
08:01:07,91282CKH3,TSRYS5774872,D,B,C,2024-04-15,1000000.00,4.92899,99.20703125
08:01:07,91282CKH3,TSRYS5774872,D,S,C,2024-04-15,1000000.00,4.92899,99.20703125
08:01:07,91282CKH3,TSRYS5774872,D,B,C,2024-04-15,1000000.00,4.92899,99.20703125
08:01:07,91282CKH3,TSRYS5774872,D,B,C,2024-04-15,1000000.00,4.92899,99.20703125
08:01:07,91282CKH3,TSRYS5774872,D,B,C,2024-04-15,2000000.00,4.92899,99.20703125
08:01:07,91282CKH3,TSRYS5774872,D,S,D,2024-04-15,1000000.00,4.92899,99.20703125
08:01:08,91282CKH3,TSRYS5774872,D,S,D,2024-04-15,2000000.00,4.92899,99.20703125
08:01:08,91282CKH3,TSRYS5774872,D,B,C,2024-04-15,2000000.00,4.92899,99.20703125
08:01:08,91282CKH3,TSRYS5774872,D,S,D,2024-04-15,2000000.00,4.92899,99.20703125
08:01:08,91282CKH3,TSRYS5774872,D,B,C,2024-04-15,2000000.00,4.93112,99.203125
08:01:08,91282CKH3,TSRYS5774872,D,S,D,2024-04-15,2000000.00,4.93112,99.203125
08:01:08,91282CKH3,TSRYS5774872,D,B,C,2024-04-15,1000000.00,4.93112,99.203125
08:01:08,91282CKH3,TSRYS5774872,D,S,C,2024-04-15,1000000.00,4.93112,99.203125
08:01:08,91282CKH3,TSRYS5774872,D,B,C,2024-04-15,1000000.00,4.93112,99.203125
08:01:08,91282CKH3,TSRYS5774872,D,S,C,2024-04-15,1000000.00,4.93112,99.203125
08:01:08,91282CKH3,TSRYS5774872,D,S,T,2024-04-15,1000000.00,4.948242,99.171723
08:01:08,91282CKH3,TSRYS5774872,D,S,D,2024-04-15,2000000.00,4.93112,99.203125
08:01:08,91282CKH3,TSRYS5774872,D,B,C,2024-04-15,2000000.00,4.93112,99.203125
08:01:08,91282CKH3,TSRYS5774872,D,B,C,2024-04-15,1000000.00,4.932185,99.201171875
08:01:08,91282CKH3,TSRYS5774872,D,B,C,2024-04-15,1000000.00,4.933249,99.19921875
08:01:08,91282CKH3,TSRYS5774872,D,S,D,2024-04-15,1000000.00,4.932185,99.201171875
08:01:08,91282CKH3,TSRYS5774872,D,S,D,2024-04-15,1000000.00,4.933249,99.19921875
08:01:08,91282CKH3,TSRYS5774872,D,S,C,2024-04-15,2000000.00,4.935379,99.1953125
08:01:08,91282CKH3,TSRYS5774872,D,B,C,2024-04-15,2000000.00,4.935379,99.1953125
08:01:08,91282CKH3,TSRYS5774872,D,S,T,2024-04-15,1000000.00,4.95029,99.16796875
08:01:08,91282CKH3,TSRYS5774872,D,S,T,2024-04-15,2000000.00,4.95029,99.16796875
