tradeTime,cusip,issueSymbolIdentifier,priceType,reportingSideCode,contraPartyTypeCode,tradeDate,reportedTradeVolume,lastSaleYield,lastSalePrice
08:00:01,91282CLB5,TSRYS5850286,D,S,D,2024-08-26,1000000.00,3.895618,100.87890625
08:00:01,91282CLB5,TSRYS5850286,D,S,D,2024-08-26,4000000.00,3.89773,100.875
08:00:02,91282CLB5,TSRYS5850286,D,S,D,2024-08-26,2000000.00,3.87873,100.91015625
08:00:02,91282CLB5,TSRYS5850286,D,S,D,2024-08-26,1000000.00,3.87873,100.91015625
08:00:02,91282CLB5,TSRYS5850286,D,S,D,2024-08-26,1000000.00,3.87873,100.91015625
08:00:02,91282CLB5,TSRYS5850286,D,S,D,2024-08-26,2000000.00,3.879785,100.908203125
08:00:02,91282CLB5,TSRYS5850286,D,S,D,2024-08-26,2000000.00,3.88084,100.90625
08:00:02,91282CLB5,TSRYS5850286,D,S,T,2024-08-26,2000000.00,3.891396,100.88671875
08:00:02,91282CLB5,TSRYS5850286,D,S,T,2024-08-26,2000000.00,3.891396,100.88671875
08:00:02,91282CLB5,TSRYS5850286,D,S,T,2024-08-26,2000000.00,3.887173,100.89453125
08:00:03,91282CLB5,TSRYS5850286,D,S,D,2024-08-26,4000000.00,3.892451,100.884765625
08:00:03,91282CLB5,TSRYS5850286,D,S,D,2024-08-26,1000000.00,3.892451,100.884765625
08:00:03,91282CLB5,TSRYS5850286,D,S,D,2024-08-26,4000000.00,3.892451,100.884765625
08:00:03,91282CLB5,TSRYS5850286,D,S,D,2024-08-26,1000000.00,3.892451,100.884765625
08:00:03,91282CLB5,TSRYS5850286,D,S,D,2024-08-26,1000000.00,3.892451,100.884765625
08:00:03,91282CLB5,TSRYS5850286,D,S,D,2024-08-26,1000000.00,3.888229,100.892578125
08:00:03,91282CLB5,TSRYS5850286,D,S,T,2024-08-26,2000000.00,3.885062,100.8984375
08:00:03,91282CLB5,TSRYS5850286,D,S,D,2024-08-26,4000000.00,3.892451,100.884765625
08:00:03,91282CLB5,TSRYS5850286,D,S,D,2024-08-26,3000000.00,3.892451,100.884765625
08:00:03,91282CLB5,TSRYS5850286,D,S,D,2024-08-26,4000000.00,3.892451,100.884765625
08:00:03,91282CLB5,TSRYS5850286,D,S,D,2024-08-26,8000000.00,3.892451,100.884765625
08:00:03,91282CLB5,TSRYS5850286,D,S,D,2024-08-26,2000000.00,3.892451,100.884765625
08:00:03,91282CLB5,TSRYS5850286,D,S,D,2024-08-26,3000000.00,3.892451,100.884765625
08:00:03,91282CLB5,TSRYS5850286,D,S,D,2024-08-26,4000000.00,3.892451,100.884765625
08:00:03,91282CLB5,TSRYS5850286,D,S,D,2024-08-26,6000000.00,3.892451,100.884765625
08:00:03,91282CLB5,TSRYS5850286,D,S,D,2024-08-26,3000000.00,3.891396,100.88671875
08:00:03,91282CLB5,TSRYS5850286,D,S,D,2024-08-26,4000000.00,3.909345,100.853515625
08:00:03,91282CLB5,TSRYS5850286,D,S,D,2024-08-26,4000000.00,3.909345,100.853515625
08:00:03,91282CLB5,TSRYS5850286,D,S,D,2024-08-26,4000000.00,3.909345,100.853515625
08:00:03,91282CLB5,TSRYS5850286,D,S,D,2024-08-26,4000000.00,3.909345,100.853515625
08:00:03,91282CLB5,TSRYS5850286,D,S,D,2024-08-26,4000000.00,3.909345,100.853515625
08:00:03,91282CLB5,TSRYS5850286,D,S,D,2024-08-26,4000000.00,3.91357,100.845703125
08:00:03,91282CLB5,TSRYS5850286,D,S,T,2024-08-26,3000000.00,3.903009,100.865234375
08:00:03,91282CLB5,TSRYS5850286,D,S,T,2024-08-26,3000000.00,3.903009,100.865234375
08:00:03,91282CLB5,TSRYS5850286,D,S,T,2024-08-26,3000000.00,3.903009,100.865234375
08:00:03,91282CLB5,TSRYS5850286,D,S,T,2024-08-26,2000000.00,3.904065,100.86328125
08:00:03,91282CLB5,TSRYS5850286,D,S,T,2024-08-26,3000000.00,3.904065,100.86328125
08:00:03,91282CLB5,TSRYS5850286,D,S,T,2024-08-26,4000000.00,3.903009,100.865234375
08:00:03,91282CLB5,TSRYS5850286,D,S,T,2024-08-26,1000000.00,3.903009,100.865234375
08:00:03,91282CLB5,TSRYS5850286,D,S,T,2024-08-26,4000000.00,3.904065,100.86328125
08:00:03,91282CLB5,TSRYS5850286,D,S,T,2024-08-26,3000000.00,3.904065,100.86328125
08:00:03,91282CLB5,TSRYS5850286,D,S,T,2024-08-26,8000000.00,3.904065,100.86328125
08:00:06,91282CLB5,TSRYS5850286,D,S,T,2024-08-26,1000000.00,3.895618,100.87890625
08:00:06,91282CLB5,TSRYS5850286,D,S,T,2024-08-26,1000000.00,3.904065,100.86328125
08:00:08,91282CLB5,TSRYS5850286,D,S,T,2024-08-26,1000000.00,3.892451,100.884765625
08:00:08,91282CLB5,TSRYS5850286,D,S,T,2024-08-26,2000000.00,3.892451,100.884765625
08:00:09,91282CLB5,TSRYS5850286,D,S,T,2024-08-26,1000000.00,3.89773,100.875
08:00:09,91282CLB5,TSRYS5850286,D,S,T,2024-08-26,1000000.00,3.895618,100.87890625
08:00:09,91282CLB5,TSRYS5850286,D,S,T,2024-08-26,1000000.00,3.895618,100.87890625
08:00:10,91282CLB5,TSRYS5850286,D,S,T,2024-08-26,1000000.00,3.895618,100.87890625
08:00:10,91282CLB5,TSRYS5850286,D,S,T,2024-08-26,1000000.00,3.895618,100.87890625
08:00:10,91282CLB5,TSRYS5850286,D,S,T,2024-08-26,2000000.00,3.895618,100.87890625
08:00:10,91282CLB5,TSRYS5850286,D,S,T,2024-08-26,1000000.00,3.89773,100.875
08:00:10,91282CLB5,TSRYS5850286,D,S,T,2024-08-26,2000000.00,3.895618,100.87890625
08:00:12,91282CLB5,TSRYS5850286,D,S,T,2024-08-26,1000000.00,3.889284,100.890625
08:00:12,91282CLB5,TSRYS5850286,D,S,T,2024-08-26,1000000.00,3.876619,100.9140625
08:00:12,91282CLB5,TSRYS5850286,D,S,T,2024-08-26,1000000.00,3.874508,100.91796875
08:00:12,91282CLB5,TSRYS5850286,D,S,T,2024-08-26,1000000.00,3.874508,100.91796875
08:00:12,91282CLB5,TSRYS5850286,D,S,T,2024-08-26,1000000.00,3.88084,100.90625
08:00:12,91282CLB5,TSRYS5850286,D,S,D,2024-08-26,1000000.00,3.892451,100.884765625
08:00:12,91282CLB5,TSRYS5850286,D,S,T,2024-08-26,1000000.00,3.89034,100.888671875
08:00:12,91282CLB5,TSRYS5850286,D,S,T,2024-08-26,1000000.00,3.887173,100.89453125
08:00:12,91282CLB5,TSRYS5850286,D,S,T,2024-08-26,1000000.00,3.887173,100.89453125
08:00:12,91282CLB5,TSRYS5850286,D,S,T,2024-08-26,1000000.00,3.893507,100.8828125
08:00:12,91282CLB5,TSRYS5850286,D,S,T,2024-08-26,1000000.00,3.891396,100.88671875
08:00:12,91282CLB5,TSRYS5850286,D,S,T,2024-08-26,3000000.00,3.891396,100.88671875
08:00:12,91282CLB5,TSRYS5850286,D,S,T,2024-08-26,1000000.00,3.891396,100.88671875
08:00:12,91282CLB5,TSRYS5850286,D,S,D,2024-08-26,1000000.00,3.887173,100.89453125
08:00:12,91282CLB5,TSRYS5850286,D,S,D,2024-08-26,1000000.00,3.887173,100.89453125
08:00:12,91282CLB5,TSRYS5850286,D,S,D,2024-08-26,1000000.00,3.892451,100.884765625
08:00:12,91282CLB5,TSRYS5850286,D,S,D,2024-08-26,1000000.00,3.892451,100.884765625
08:00:12,91282CLB5,TSRYS5850286,D,S,D,2024-08-26,1000000.00,3.892451,100.884765625
08:00:12,91282CLB5,TSRYS5850286,D,S,D,2024-08-26,1000000.00,3.892451,100.884765625
08:00:12,91282CLB5,TSRYS5850286,D,S,D,2024-08-26,1000000.00,3.892451,100.884765625
08:00:12,91282CLB5,TSRYS5850286,D,S,D,2024-08-26,1000000.00,3.892451,100.884765625
08:00:12,91282CLB5,TSRYS5850286,D,S,D,2024-08-26,1000000.00,3.892451,100.884765625
08:00:12,91282CLB5,TSRYS5850286,D,S,T,2024-08-26,2000000.00,3.889284,100.890625
08:00:12,91282CLB5,TSRYS5850286,D,S,D,2024-08-26,1000000.00,3.888229,100.892578125
08:00:12,91282CLB5,TSRYS5850286,D,S,D,2024-08-26,1000000.00,3.888229,100.892578125
08:00:12,91282CLB5,TSRYS5850286,D,S,D,2024-08-26,1000000.00,3.888229,100.892578125
08:00:12,91282CLB5,TSRYS5850286,D,S,D,2024-08-26,1000000.00,3.888229,100.892578125
08:00:12,91282CLB5,TSRYS5850286,D,S,D,2024-08-26,1000000.00,3.887173,100.89453125
08:00:12,91282CLB5,TSRYS5850286,D,S,D,2024-08-26,1000000.00,3.894563,100.880859375
08:00:12,91282CLB5,TSRYS5850286,D,S,D,2024-08-26,1000000.00,3.893507,100.8828125
08:00:12,91282CLB5,TSRYS5850286,D,S,D,2024-08-26,1000000.00,3.893507,100.8828125
08:00:12,91282CLB5,TSRYS5850286,D,S,T,2024-08-26,1000000.00,3.893507,100.8828125
08:00:12,91282CLB5,TSRYS5850286,D,S,T,2024-08-26,1000000.00,3.893507,100.8828125
08:00:12,91282CLB5,TSRYS5850286,D,S,T,2024-08-26,1000000.00,3.887173,100.89453125
08:00:12,91282CLB5,TSRYS5850286,D,S,D,2024-08-26,1000000.00,3.888229,100.892578125
08:00:12,91282CLB5,TSRYS5850286,D,S,D,2024-08-26,1000000.00,3.888229,100.892578125
08:00:12,91282CLB5,TSRYS5850286,D,S,D,2024-08-26,1000000.00,3.888229,100.892578125
08:00:12,91282CLB5,TSRYS5850286,D,S,T,2024-08-26,1000000.00,3.89773,100.875
08:00:12,91282CLB5,TSRYS5850286,D,S,T,2024-08-26,1000000.00,3.89773,100.875
08:00:12,91282CLB5,TSRYS5850286,D,S,T,2024-08-26,2000000.00,3.89773,100.875
08:00:12,91282CLB5,TSRYS5850286,D,S,T,2024-08-26,1000000.00,3.89773,100.875
08:00:12,91282CLB5,TSRYS5850286,D,S,T,2024-08-26,6000000.00,3.89773,100.875
08:00:12,91282CLB5,TSRYS5850286,D,S,T,2024-08-26,1000000.00,3.89773,100.875
08:00:12,91282CLB5,TSRYS5850286,D,S,T,2024-08-26,1000000.00,3.89773,100.875
08:00:12,91282CLB5,TSRYS5850286,D,S,T,2024-08-26,1000000.00,3.898786,100.873046875
08:00:12,91282CLB5,TSRYS5850286,D,S,D,2024-08-26,1000000.00,3.909345,100.853515625
08:00:12,91282CLB5,TSRYS5850286,D,S,D,2024-08-26,1000000.00,3.909345,100.853515625
08:00:12,91282CLB5,TSRYS5850286,D,S,T,2024-08-26,3000000.00,3.910401,100.8515625
08:00:12,91282CLB5,TSRYS5850286,D,S,T,2024-08-26,1000000.00,3.910401,100.8515625
08:00:12,91282CLB5,TSRYS5850286,D,S,T,2024-08-26,1000000.00,3.910401,100.8515625
08:00:12,91282CLB5,TSRYS5850286,D,S,D,2024-08-26,1000000.00,3.910401,100.8515625
08:00:12,91282CLB5,TSRYS5850286,D,S,D,2024-08-26,1000000.00,3.908289,100.85546875
08:00:12,91282CLB5,TSRYS5850286,D,S,T,2024-08-26,1000000.00,3.908289,100.85546875
08:00:12,91282CLB5,TSRYS5850286,D,S,T,2024-08-26,3000000.00,3.908289,100.85546875
08:00:12,91282CLB5,TSRYS5850286,D,S,T,2024-08-26,3000000.00,3.908289,100.85546875
08:00:12,91282CLB5,TSRYS5850286,D,S,T,2024-08-26,2000000.00,3.908289,100.85546875
08:00:12,91282CLB5,TSRYS5850286,D,S,D,2024-08-26,1000000.00,3.91357,100.845703125
08:00:12,91282CLB5,TSRYS5850286,D,S,D,2024-08-26,1000000.00,3.916739,100.83984375
08:00:12,91282CLB5,TSRYS5850286,D,S,D,2024-08-26,1000000.00,3.916739,100.83984375
08:00:12,91282CLB5,TSRYS5850286,D,S,T,2024-08-26,4000000.00,3.916739,100.83984375
08:00:12,91282CLB5,TSRYS5850286,D,S,D,2024-08-26,1000000.00,3.915682,100.841796875
08:00:12,91282CLB5,TSRYS5850286,D,S,D,2024-08-26,1000000.00,3.915682,100.841796875
08:00:12,91282CLB5,TSRYS5850286,D,S,D,2024-08-26,1000000.00,3.910401,100.8515625
08:00:12,91282CLB5,TSRYS5850286,D,S,T,2024-08-26,1000000.00,3.909345,100.853515625
08:00:12,91282CLB5,TSRYS5850286,D,S,T,2024-08-26,1000000.00,3.906177,100.859375
08:00:12,91282CLB5,TSRYS5850286,D,S,T,2024-08-26,1000000.00,3.903009,100.865234375
08:00:12,91282CLB5,TSRYS5850286,D,S,T,2024-08-26,1000000.00,3.903009,100.865234375
08:00:12,91282CLB5,TSRYS5850286,D,S,T,2024-08-26,1000000.00,3.903009,100.865234375
08:00:12,91282CLB5,TSRYS5850286,D,S,T,2024-08-26,1000000.00,3.903009,100.865234375
08:00:12,91282CLB5,TSRYS5850286,D,S,T,2024-08-26,1000000.00,3.903009,100.865234375
08:00:12,91282CLB5,TSRYS5850286,D,S,T,2024-08-26,1000000.00,3.903009,100.865234375
08:00:12,91282CLB5,TSRYS5850286,D,S,T,2024-08-26,20000000.00,3.904065,100.86328125
08:00:12,91282CLB5,TSRYS5850286,D,S,D,2024-08-26,1000000.00,3.904065,100.86328125
08:00:12,91282CLB5,TSRYS5850286,D,S,D,2024-08-26,1000000.00,3.904065,100.86328125
08:00:12,91282CLB5,TSRYS5850286,D,S,T,2024-08-26,1000000.00,3.914626,100.84375
08:00:12,91282CLB5,TSRYS5850286,D,S,T,2024-08-26,1000000.00,3.914626,100.84375
08:00:12,91282CLB5,TSRYS5850286,D,S,T,2024-08-26,1000000.00,3.910401,100.8515625
08:00:12,91282CLB5,TSRYS5850286,D,S,T,2024-08-26,1000000.00,3.910401,100.8515625
08:00:12,91282CLB5,TSRYS5850286,D,S,T,2024-08-26,1000000.00,3.910401,100.8515625
08:00:12,91282CLB5,TSRYS5850286,D,S,T,2024-08-26,1000000.00,3.910401,100.8515625
08:00:12,91282CLB5,TSRYS5850286,D,S,T,2024-08-26,14000000.00,3.910401,100.8515625
08:00:13,91282CLB5,TSRYS5850286,D,S,D,2024-08-26,1000000.00,3.89773,100.875
08:00:13,91282CLB5,TSRYS5850286,D,S,D,2024-08-26,1000000.00,3.89773,100.875
08:00:13,91282CLB5,TSRYS5850286,D,S,D,2024-08-26,3000000.00,3.89773,100.875
08:00:13,91282CLB5,TSRYS5850286,D,S,D,2024-08-26,4000000.00,3.89773,100.875
08:00:14,91282CLB5,TSRYS5850286,D,S,T,2024-08-26,1000000.00,3.885062,100.8984375
08:00:15,91282CLB5,TSRYS5850286,D,S,T,2024-08-26,1000000.00,3.88084,100.90625
08:00:16,91282CLB5,TSRYS5850286,D,S,D,2024-08-26,1000000.00,3.87873,100.91015625
08:00:17,91282CLB5,TSRYS5850286,D,S,D,2024-08-26,1000000.00,3.88084,100.90625
08:00:17,91282CLB5,TSRYS5850286,D,B,A,2024-08-26,1223000.00,3.895618,100.87890625
08:00:17,91282CLB5,TSRYS5850286,D,S,T,2024-08-26,1000000.00,3.895618,100.87890625
08:00:17,91282CLB5,TSRYS5850286,D,S,T,2024-08-26,1000000.00,3.895618,100.87890625
08:00:17,91282CLB5,TSRYS5850286,D,S,T,2024-08-26,1000000.00,3.891396,100.88671875
08:00:17,91282CLB5,TSRYS5850286,D,S,T,2024-08-26,1000000.00,3.891396,100.88671875
08:00:17,91282CLB5,TSRYS5850286,D,S,T,2024-08-26,2000000.00,3.891396,100.88671875
08:00:17,91282CLB5,TSRYS5850286,D,S,T,2024-08-26,1000000.00,3.891396,100.88671875
08:00:17,91282CLB5,TSRYS5850286,D,S,T,2024-08-26,4000000.00,3.891396,100.88671875
08:00:17,91282CLB5,TSRYS5850286,D,S,T,2024-08-26,1000000.00,3.891396,100.88671875
08:00:17,91282CLB5,TSRYS5850286,D,S,T,2024-08-26,1000000.00,3.891396,100.88671875
08:00:18,91282CLB5,TSRYS5850286,D,B,A,2024-08-26,35000.00,3.891396,100.88671875
08:00:20,91282CLB5,TSRYS5850286,D,B,A,2024-08-26,54000000.00,3.883132,100.90200875
08:00:22,91282CLB5,TSRYS5850286,D,B,A,2024-08-26,11800000.00,3.893507,100.8828125
08:00:22,91282CLB5,TSRYS5850286,D,S,T,2024-08-26,3000000.00,3.886118,100.896484375
08:00:22,91282CLB5,TSRYS5850286,D,S,T,2024-08-26,1000000.00,3.886118,100.896484375
08:00:22,91282CLB5,TSRYS5850286,D,S,T,2024-08-26,1000000.00,3.886118,100.896484375
08:00:22,91282CLB5,TSRYS5850286,D,S,T,2024-08-26,4000000.00,3.886118,100.896484375
08:00:22,91282CLB5,TSRYS5850286,D,S,T,2024-08-26,1000000.00,3.886118,100.896484375
08:00:22,91282CLB5,TSRYS5850286,D,S,T,2024-08-26,1000000.00,3.886118,100.896484375
08:00:22,91282CLB5,TSRYS5850286,D,S,T,2024-08-26,1000000.00,3.885062,100.8984375
08:00:22,91282CLB5,TSRYS5850286,D,S,T,2024-08-26,5000000.00,3.886118,100.896484375
08:00:22,91282CLB5,TSRYS5850286,D,S,T,2024-08-26,3000000.00,3.886118,100.896484375
08:00:22,91282CLB5,TSRYS5850286,D,S,A,2024-08-26,4550000.00,3.901953,100.8671875
08:00:22,91282CLB5,TSRYS5850286,D,S,A,2024-08-26,6000000.00,3.904065,100.86328125
08:00:22,91282CLB5,TSRYS5850286,D,S,T,2024-08-26,1000000.00,3.908289,100.85546875
08:00:22,91282CLB5,TSRYS5850286,D,S,T,2024-08-26,10000000.00,3.907233,100.857421875
08:00:22,91282CLB5,TSRYS5850286,D,S,T,2024-08-26,1000000.00,3.908289,100.85546875
08:00:22,91282CLB5,TSRYS5850286,D,S,T,2024-08-26,1000000.00,3.908289,100.85546875
08:00:22,91282CLB5,TSRYS5850286,D,S,T,2024-08-26,3000000.00,3.908289,100.85546875
08:00:22,91282CLB5,TSRYS5850286,D,S,T,2024-08-26,1000000.00,3.907233,100.857421875
08:00:22,91282CLB5,TSRYS5850286,D,S,T,2024-08-26,6000000.00,3.908289,100.85546875
08:00:22,91282CLB5,TSRYS5850286,D,S,T,2024-08-26,4000000.00,3.908289,100.85546875
08:00:22,91282CLB5,TSRYS5850286,D,S,T,2024-08-26,1000000.00,3.908289,100.85546875
08:00:22,91282CLB5,TSRYS5850286,D,S,T,2024-08-26,11000000.00,3.908289,100.85546875
08:00:22,91282CLB5,TSRYS5850286,D,S,T,2024-08-26,9000000.00,3.908289,100.85546875
08:00:22,91282CLB5,TSRYS5850286,D,S,T,2024-08-26,1000000.00,3.908289,100.85546875
08:00:22,91282CLB5,TSRYS5850286,D,S,T,2024-08-26,4000000.00,3.908289,100.85546875
08:00:22,91282CLB5,TSRYS5850286,D,S,T,2024-08-26,1000000.00,3.908289,100.85546875
08:00:22,91282CLB5,TSRYS5850286,D,S,T,2024-08-26,1000000.00,3.908289,100.85546875
08:00:22,91282CLB5,TSRYS5850286,D,S,T,2024-08-26,1000000.00,3.908289,100.85546875
08:00:22,91282CLB5,TSRYS5850286,D,S,T,2024-08-26,1000000.00,3.908289,100.85546875
08:00:22,91282CLB5,TSRYS5850286,D,S,T,2024-08-26,1000000.00,3.908289,100.85546875
08:00:22,91282CLB5,TSRYS5850286,D,S,T,2024-08-26,3000000.00,3.908289,100.85546875
08:00:22,91282CLB5,TSRYS5850286,D,S,T,2024-08-26,1000000.00,3.908289,100.85546875
08:00:22,91282CLB5,TSRYS5850286,D,S,T,2024-08-26,1000000.00,3.908289,100.85546875
08:00:22,91282CLB5,TSRYS5850286,D,S,T,2024-08-26,2000000.00,3.908289,100.85546875
08:00:22,91282CLB5,TSRYS5850286,D,S,T,2024-08-26,5000000.00,3.908289,100.85546875
08:00:22,91282CLB5,TSRYS5850286,D,S,T,2024-08-26,1000000.00,3.908289,100.85546875
08:00:22,91282CLB5,TSRYS5850286,D,S,T,2024-08-26,1000000.00,3.908289,100.85546875
08:00:22,91282CLB5,TSRYS5850286,D,S,T,2024-08-26,1000000.00,3.908289,100.85546875
08:00:22,91282CLB5,TSRYS5850286,D,S,T,2024-08-26,3000000.00,3.908289,100.85546875
08:00:22,91282CLB5,TSRYS5850286,D,S,T,2024-08-26,3000000.00,3.908289,100.85546875
08:00:22,91282CLB5,TSRYS5850286,D,S,T,2024-08-26,1000000.00,3.908289,100.85546875
08:00:22,91282CLB5,TSRYS5850286,D,S,D,2024-08-26,1000000.00,3.910401,100.8515625
08:00:22,91282CLB5,TSRYS5850286,D,S,D,2024-08-26,9000000.00,3.910401,100.8515625
08:00:24,91282CLB5,TSRYS5850286,D,B,C,2024-08-26,21614000.00,3.87873,100.91015625
08:00:25,91282CLB5,TSRYS5850286,D,B,A,2024-08-26,26666000.00,3.88084,100.90625
08:00:26,91282CLB5,TSRYS5850286,D,S,A,2024-08-26,135200000.00,3.899842,100.87109375
08:00:27,91282CLB5,TSRYS5850286,D,S,T,2024-08-26,1000000.00,3.895618,100.87890625
08:00:27,91282CLB5,TSRYS5850286,D,S,T,2024-08-26,1000000.00,3.895618,100.87890625
08:00:27,91282CLB5,TSRYS5850286,D,S,T,2024-08-26,1000000.00,3.911458,100.849609375
08:00:27,91282CLB5,TSRYS5850286,D,S,D,2024-08-26,1000000.00,3.910401,100.8515625
08:00:28,91282CLB5,TSRYS5850286,D,S,D,2024-08-26,1000000.00,3.889284,100.890625
08:00:28,91282CLB5,TSRYS5850286,D,S,D,2024-08-26,1000000.00,3.889284,100.890625
08:00:28,91282CLB5,TSRYS5850286,D,S,D,2024-08-26,2000000.00,3.87873,100.91015625
08:00:28,91282CLB5,TSRYS5850286,D,S,D,2024-08-26,1000000.00,3.87873,100.91015625
08:00:28,91282CLB5,TSRYS5850286,D,S,D,2024-08-26,1000000.00,3.88084,100.90625
08:00:28,91282CLB5,TSRYS5850286,D,S,T,2024-08-26,1000000.00,3.881896,100.904296875
08:00:28,91282CLB5,TSRYS5850286,D,S,D,2024-08-26,2000000.00,3.887173,100.89453125
08:00:28,91282CLB5,TSRYS5850286,D,S,D,2024-08-26,1000000.00,3.889284,100.890625
08:00:28,91282CLB5,TSRYS5850286,D,S,T,2024-08-26,2000000.00,3.892451,100.884765625
08:00:28,91282CLB5,TSRYS5850286,D,S,D,2024-08-26,1000000.00,3.891396,100.88671875
08:00:28,91282CLB5,TSRYS5850286,D,S,D,2024-08-26,1000000.00,3.891396,100.88671875
08:00:28,91282CLB5,TSRYS5850286,D,S,D,2024-08-26,1000000.00,3.887173,100.89453125
08:00:28,91282CLB5,TSRYS5850286,D,S,D,2024-08-26,1000000.00,3.89034,100.888671875
08:00:28,91282CLB5,TSRYS5850286,D,S,D,2024-08-26,1000000.00,3.916739,100.83984375
08:00:28,91282CLB5,TSRYS5850286,D,S,D,2024-08-26,1000000.00,3.916739,100.83984375
08:00:29,91282CLB5,TSRYS5850286,D,B,A,2024-08-26,50000000.00,3.887173,100.89453125
08:00:30,91282CLB5,TSRYS5850286,D,S,D,2024-08-26,2000000.00,3.892451,100.884765625
08:00:30,91282CLB5,TSRYS5850286,D,S,D,2024-08-26,1000000.00,3.892451,100.884765625
08:00:30,91282CLB5,TSRYS5850286,D,S,D,2024-08-26,2000000.00,3.896674,100.876953125
08:00:30,91282CLB5,TSRYS5850286,D,S,D,2024-08-26,1000000.00,3.888229,100.892578125
08:00:30,91282CLB5,TSRYS5850286,D,S,D,2024-08-26,2000000.00,3.888229,100.892578125
08:00:30,91282CLB5,TSRYS5850286,D,S,D,2024-08-26,1000000.00,3.888229,100.892578125
08:00:30,91282CLB5,TSRYS5850286,D,S,D,2024-08-26,3000000.00,3.888229,100.892578125
08:00:30,91282CLB5,TSRYS5850286,D,S,D,2024-08-26,3000000.00,3.888229,100.892578125
08:00:30,91282CLB5,TSRYS5850286,D,S,D,2024-08-26,2000000.00,3.889284,100.890625
08:00:30,91282CLB5,TSRYS5850286,D,S,D,2024-08-26,2000000.00,3.889284,100.890625
08:00:30,91282CLB5,TSRYS5850286,D,S,D,2024-08-26,1000000.00,3.889284,100.890625
08:00:30,91282CLB5,TSRYS5850286,D,S,D,2024-08-26,1000000.00,3.889284,100.890625
08:00:30,91282CLB5,TSRYS5850286,D,S,D,2024-08-26,1000000.00,3.889284,100.890625
08:00:30,91282CLB5,TSRYS5850286,D,S,D,2024-08-26,1000000.00,3.889284,100.890625
08:00:30,91282CLB5,TSRYS5850286,D,S,D,2024-08-26,2000000.00,3.891396,100.88671875
08:00:30,91282CLB5,TSRYS5850286,D,S,D,2024-08-26,1000000.00,3.891396,100.88671875
08:00:30,91282CLB5,TSRYS5850286,D,S,D,2024-08-26,1000000.00,3.89034,100.888671875
08:00:30,91282CLB5,TSRYS5850286,D,S,D,2024-08-26,3000000.00,3.891396,100.88671875
08:00:30,91282CLB5,TSRYS5850286,D,S,D,2024-08-26,2000000.00,3.891396,100.88671875
08:00:30,91282CLB5,TSRYS5850286,D,S,D,2024-08-26,2000000.00,3.891396,100.88671875
08:00:30,91282CLB5,TSRYS5850286,D,S,D,2024-08-26,1000000.00,3.891396,100.88671875
08:00:30,91282CLB5,TSRYS5850286,D,S,D,2024-08-26,1000000.00,3.891396,100.88671875
08:00:30,91282CLB5,TSRYS5850286,D,S,D,2024-08-26,2000000.00,3.891396,100.88671875
08:00:30,91282CLB5,TSRYS5850286,D,S,D,2024-08-26,1000000.00,3.891396,100.88671875
08:00:30,91282CLB5,TSRYS5850286,D,S,D,2024-08-26,2000000.00,3.891396,100.88671875
08:00:30,91282CLB5,TSRYS5850286,D,S,D,2024-08-26,2000000.00,3.893507,100.8828125
08:00:30,91282CLB5,TSRYS5850286,D,S,D,2024-08-26,3000000.00,3.893507,100.8828125
08:00:30,91282CLB5,TSRYS5850286,D,S,D,2024-08-26,2000000.00,3.893507,100.8828125
08:00:30,91282CLB5,TSRYS5850286,D,S,D,2024-08-26,1000000.00,3.892451,100.884765625
08:00:30,91282CLB5,TSRYS5850286,D,S,D,2024-08-26,1000000.00,3.892451,100.884765625
08:00:30,91282CLB5,TSRYS5850286,D,S,D,2024-08-26,2000000.00,3.892451,100.884765625
08:00:30,91282CLB5,TSRYS5850286,D,S,D,2024-08-26,1000000.00,3.892451,100.884765625
08:00:30,91282CLB5,TSRYS5850286,D,S,D,2024-08-26,2000000.00,3.892451,100.884765625
08:00:30,91282CLB5,TSRYS5850286,D,S,D,2024-08-26,1000000.00,3.892451,100.884765625
08:00:30,91282CLB5,TSRYS5850286,D,S,D,2024-08-26,3000000.00,3.892451,100.884765625
08:00:30,91282CLB5,TSRYS5850286,D,S,D,2024-08-26,2000000.00,3.89034,100.888671875
08:00:30,91282CLB5,TSRYS5850286,D,S,D,2024-08-26,2000000.00,3.89034,100.888671875
08:00:30,91282CLB5,TSRYS5850286,D,S,D,2024-08-26,3000000.00,3.89034,100.888671875
08:00:30,91282CLB5,TSRYS5850286,D,S,D,2024-08-26,3000000.00,3.889284,100.890625
08:00:30,91282CLB5,TSRYS5850286,D,S,D,2024-08-26,3000000.00,3.886118,100.896484375
08:00:30,91282CLB5,TSRYS5850286,D,S,D,2024-08-26,3000000.00,3.888229,100.892578125
08:00:30,91282CLB5,TSRYS5850286,D,S,D,2024-08-26,1000000.00,3.888229,100.892578125
08:00:30,91282CLB5,TSRYS5850286,D,S,D,2024-08-26,2000000.00,3.889284,100.890625
08:00:30,91282CLB5,TSRYS5850286,D,S,D,2024-08-26,1000000.00,3.889284,100.890625
08:00:30,91282CLB5,TSRYS5850286,D,S,D,2024-08-26,2000000.00,3.889284,100.890625
08:00:30,91282CLB5,TSRYS5850286,D,S,D,2024-08-26,1000000.00,3.889284,100.890625
08:00:30,91282CLB5,TSRYS5850286,D,S,D,2024-08-26,2000000.00,3.889284,100.890625
08:00:30,91282CLB5,TSRYS5850286,D,S,D,2024-08-26,1000000.00,3.889284,100.890625
08:00:30,91282CLB5,TSRYS5850286,D,S,D,2024-08-26,1000000.00,3.888229,100.892578125
08:00:30,91282CLB5,TSRYS5850286,D,S,D,2024-08-26,1000000.00,3.888229,100.892578125
08:00:30,91282CLB5,TSRYS5850286,D,S,D,2024-08-26,3000000.00,3.888229,100.892578125
08:00:30,91282CLB5,TSRYS5850286,D,S,D,2024-08-26,2000000.00,3.916739,100.83984375
08:00:30,91282CLB5,TSRYS5850286,D,S,D,2024-08-26,1000000.00,3.916739,100.83984375
08:00:30,91282CLB5,TSRYS5850286,D,S,D,2024-08-26,1000000.00,3.916739,100.83984375
08:00:30,91282CLB5,TSRYS5850286,D,S,T,2024-08-26,2000000.00,3.892451,100.884765625
08:00:30,91282CLB5,TSRYS5850286,D,S,T,2024-08-26,2000000.00,3.892451,100.884765625
08:00:30,91282CLB5,TSRYS5850286,D,S,T,2024-08-26,2000000.00,3.891396,100.88671875
08:00:30,91282CLB5,TSRYS5850286,D,S,T,2024-08-26,2000000.00,3.896674,100.876953125
08:00:30,91282CLB5,TSRYS5850286,D,S,T,2024-08-26,1000000.00,3.896674,100.876953125
08:00:30,91282CLB5,TSRYS5850286,D,S,T,2024-08-26,2000000.00,3.889284,100.890625
08:00:30,91282CLB5,TSRYS5850286,D,S,T,2024-08-26,2000000.00,3.889284,100.890625
08:00:30,91282CLB5,TSRYS5850286,D,S,T,2024-08-26,4000000.00,3.892451,100.884765625
08:00:30,91282CLB5,TSRYS5850286,D,S,T,2024-08-26,4000000.00,3.892451,100.884765625
08:00:30,91282CLB5,TSRYS5850286,D,S,T,2024-08-26,5000000.00,3.892451,100.884765625
08:00:30,91282CLB5,TSRYS5850286,D,S,T,2024-08-26,1000000.00,3.893507,100.8828125
08:00:30,91282CLB5,TSRYS5850286,D,S,T,2024-08-26,1000000.00,3.893507,100.8828125
08:00:30,91282CLB5,TSRYS5850286,D,S,T,2024-08-26,4000000.00,3.892451,100.884765625
08:00:30,91282CLB5,TSRYS5850286,D,S,T,2024-08-26,3000000.00,3.892451,100.884765625
08:00:30,91282CLB5,TSRYS5850286,D,S,T,2024-08-26,5000000.00,3.892451,100.884765625
08:00:30,91282CLB5,TSRYS5850286,D,S,T,2024-08-26,4000000.00,3.892451,100.884765625
08:00:30,91282CLB5,TSRYS5850286,D,S,T,2024-08-26,1000000.00,3.891396,100.88671875
08:00:30,91282CLB5,TSRYS5850286,D,S,D,2024-08-26,4000000.00,3.910401,100.8515625
08:00:30,91282CLB5,TSRYS5850286,D,S,T,2024-08-26,1000000.00,3.910401,100.8515625
08:00:30,91282CLB5,TSRYS5850286,D,S,D,2024-08-26,6000000.00,3.910401,100.8515625
08:00:30,91282CLB5,TSRYS5850286,D,S,D,2024-08-26,2000000.00,3.908289,100.85546875
08:00:30,91282CLB5,TSRYS5850286,D,S,T,2024-08-26,1000000.00,3.911458,100.849609375
08:00:30,91282CLB5,TSRYS5850286,D,S,T,2024-08-26,2000000.00,3.89773,100.875
08:00:30,91282CLB5,TSRYS5850286,D,S,T,2024-08-26,2000000.00,3.89773,100.875
08:00:30,91282CLB5,TSRYS5850286,D,S,T,2024-08-26,1000000.00,3.899842,100.87109375
08:00:30,91282CLB5,TSRYS5850286,D,S,T,2024-08-26,1000000.00,3.89773,100.875
08:00:30,91282CLB5,TSRYS5850286,D,S,T,2024-08-26,3000000.00,3.876619,100.9140625
08:00:30,91282CLB5,TSRYS5850286,D,S,T,2024-08-26,1000000.00,3.87873,100.91015625
08:00:30,91282CLB5,TSRYS5850286,D,S,T,2024-08-26,1000000.00,3.87873,100.91015625
08:00:30,91282CLB5,TSRYS5850286,D,S,T,2024-08-26,1000000.00,3.87873,100.91015625
08:00:30,91282CLB5,TSRYS5850286,D,S,T,2024-08-26,1000000.00,3.87873,100.91015625
08:00:30,91282CLB5,TSRYS5850286,D,S,T,2024-08-26,1000000.00,3.87873,100.91015625
08:00:30,91282CLB5,TSRYS5850286,D,S,T,2024-08-26,1000000.00,3.87873,100.91015625
08:00:30,91282CLB5,TSRYS5850286,D,S,T,2024-08-26,3000000.00,3.87873,100.91015625
08:00:30,91282CLB5,TSRYS5850286,D,S,T,2024-08-26,1000000.00,3.88084,100.90625
08:00:30,91282CLB5,TSRYS5850286,D,S,T,2024-08-26,2000000.00,3.88084,100.90625
08:00:30,91282CLB5,TSRYS5850286,D,S,T,2024-08-26,1000000.00,3.88084,100.90625
08:00:30,91282CLB5,TSRYS5850286,D,S,T,2024-08-26,1000000.00,3.87873,100.91015625
08:00:30,91282CLB5,TSRYS5850286,D,S,T,2024-08-26,1000000.00,3.87873,100.91015625
08:00:30,91282CLB5,TSRYS5850286,D,S,T,2024-08-26,1000000.00,3.87873,100.91015625
08:00:30,91282CLB5,TSRYS5850286,D,S,T,2024-08-26,1000000.00,3.87873,100.91015625
08:00:30,91282CLB5,TSRYS5850286,D,S,T,2024-08-26,3000000.00,3.87873,100.91015625
08:00:30,91282CLB5,TSRYS5850286,D,S,T,2024-08-26,1000000.00,3.87873,100.91015625
08:00:30,91282CLB5,TSRYS5850286,D,S,T,2024-08-26,1000000.00,3.87873,100.91015625
08:00:30,91282CLB5,TSRYS5850286,D,S,T,2024-08-26,1000000.00,3.876619,100.9140625
08:00:30,91282CLB5,TSRYS5850286,D,S,T,2024-08-26,1000000.00,3.876619,100.9140625
08:00:30,91282CLB5,TSRYS5850286,D,S,T,2024-08-26,1000000.00,3.87873,100.91015625
08:00:30,91282CLB5,TSRYS5850286,D,S,T,2024-08-26,3000000.00,3.87873,100.91015625
08:00:30,91282CLB5,TSRYS5850286,D,S,T,2024-08-26,2000000.00,3.87873,100.91015625
08:00:30,91282CLB5,TSRYS5850286,D,S,T,2024-08-26,5000000.00,3.88084,100.90625
08:00:30,91282CLB5,TSRYS5850286,D,S,T,2024-08-26,1000000.00,3.88084,100.90625
08:00:30,91282CLB5,TSRYS5850286,D,S,T,2024-08-26,2000000.00,3.88084,100.90625
08:00:30,91282CLB5,TSRYS5850286,D,S,T,2024-08-26,1000000.00,3.88084,100.90625
08:00:30,91282CLB5,TSRYS5850286,D,S,T,2024-08-26,6000000.00,3.88084,100.90625
08:00:30,91282CLB5,TSRYS5850286,D,S,T,2024-08-26,7000000.00,3.88084,100.90625
08:00:30,91282CLB5,TSRYS5850286,D,S,T,2024-08-26,2000000.00,3.88084,100.90625
08:00:30,91282CLB5,TSRYS5850286,D,S,T,2024-08-26,1000000.00,3.882951,100.90234375
08:00:30,91282CLB5,TSRYS5850286,D,S,T,2024-08-26,1000000.00,3.884007,100.900390625
08:00:30,91282CLB5,TSRYS5850286,D,S,T,2024-08-26,1000000.00,3.88084,100.90625
08:00:30,91282CLB5,TSRYS5850286,D,S,T,2024-08-26,1000000.00,3.882951,100.90234375
08:00:30,91282CLB5,TSRYS5850286,D,S,D,2024-08-26,1000000.00,3.87873,100.91015625
08:00:30,91282CLB5,TSRYS5850286,D,S,D,2024-08-26,3000000.00,3.87873,100.91015625
08:00:30,91282CLB5,TSRYS5850286,D,S,D,2024-08-26,1000000.00,3.87873,100.91015625
08:00:30,91282CLB5,TSRYS5850286,D,S,D,2024-08-26,1000000.00,3.87873,100.91015625
08:00:30,91282CLB5,TSRYS5850286,D,S,T,2024-08-26,1000000.00,3.879785,100.908203125
08:00:30,91282CLB5,TSRYS5850286,D,S,T,2024-08-26,3000000.00,3.88084,100.90625
08:00:30,91282CLB5,TSRYS5850286,D,S,T,2024-08-26,1000000.00,3.88084,100.90625
08:00:30,91282CLB5,TSRYS5850286,D,S,T,2024-08-26,1000000.00,3.88084,100.90625
08:00:30,91282CLB5,TSRYS5850286,D,S,T,2024-08-26,1000000.00,3.88084,100.90625
08:00:30,91282CLB5,TSRYS5850286,D,S,T,2024-08-26,1000000.00,3.88084,100.90625
08:00:30,91282CLB5,TSRYS5850286,D,S,T,2024-08-26,1000000.00,3.88084,100.90625
08:00:30,91282CLB5,TSRYS5850286,D,S,T,2024-08-26,1000000.00,3.88084,100.90625
08:00:30,91282CLB5,TSRYS5850286,D,S,T,2024-08-26,1000000.00,3.87873,100.91015625
08:00:30,91282CLB5,TSRYS5850286,D,S,T,2024-08-26,1000000.00,3.882951,100.90234375
08:00:30,91282CLB5,TSRYS5850286,D,S,T,2024-08-26,1000000.00,3.885062,100.8984375
08:00:30,91282CLB5,TSRYS5850286,D,S,T,2024-08-26,1000000.00,3.892451,100.884765625
08:00:30,91282CLB5,TSRYS5850286,D,S,T,2024-08-26,2000000.00,3.889284,100.890625
08:00:30,91282CLB5,TSRYS5850286,D,S,T,2024-08-26,2000000.00,3.889284,100.890625
08:00:30,91282CLB5,TSRYS5850286,D,S,T,2024-08-26,11000000.00,3.889284,100.890625
08:00:30,91282CLB5,TSRYS5850286,D,S,T,2024-08-26,2000000.00,3.889284,100.890625
08:00:30,91282CLB5,TSRYS5850286,D,S,T,2024-08-26,1000000.00,3.887173,100.89453125
08:00:30,91282CLB5,TSRYS5850286,D,S,T,2024-08-26,2000000.00,3.887173,100.89453125
08:00:30,91282CLB5,TSRYS5850286,D,S,T,2024-08-26,1000000.00,3.887173,100.89453125
08:00:30,91282CLB5,TSRYS5850286,D,S,T,2024-08-26,1000000.00,3.889284,100.890625
08:00:30,91282CLB5,TSRYS5850286,D,S,T,2024-08-26,1000000.00,3.891396,100.88671875
08:00:30,91282CLB5,TSRYS5850286,D,S,T,2024-08-26,1000000.00,3.891396,100.88671875
08:00:30,91282CLB5,TSRYS5850286,D,S,T,2024-08-26,1000000.00,3.891396,100.88671875
08:00:30,91282CLB5,TSRYS5850286,D,S,T,2024-08-26,1000000.00,3.891396,100.88671875
08:00:30,91282CLB5,TSRYS5850286,D,S,T,2024-08-26,2000000.00,3.887173,100.89453125
08:00:30,91282CLB5,TSRYS5850286,D,S,T,2024-08-26,2000000.00,3.887173,100.89453125
08:00:30,91282CLB5,TSRYS5850286,D,S,T,2024-08-26,1000000.00,3.889284,100.890625
08:00:30,91282CLB5,TSRYS5850286,D,S,T,2024-08-26,1000000.00,3.895618,100.87890625
08:00:30,91282CLB5,TSRYS5850286,D,S,T,2024-08-26,1000000.00,3.89773,100.875
08:00:30,91282CLB5,TSRYS5850286,D,S,T,2024-08-26,1000000.00,3.89773,100.875
08:00:30,91282CLB5,TSRYS5850286,D,S,T,2024-08-26,1000000.00,3.895618,100.87890625
08:00:30,91282CLB5,TSRYS5850286,D,S,T,2024-08-26,1000000.00,3.893507,100.8828125
08:00:30,91282CLB5,TSRYS5850286,D,S,T,2024-08-26,1000000.00,3.895618,100.87890625
08:00:30,91282CLB5,TSRYS5850286,D,S,T,2024-08-26,1000000.00,3.895618,100.87890625
08:00:30,91282CLB5,TSRYS5850286,D,S,T,2024-08-26,1000000.00,3.895618,100.87890625
08:00:30,91282CLB5,TSRYS5850286,D,S,T,2024-08-26,1000000.00,3.895618,100.87890625
08:00:30,91282CLB5,TSRYS5850286,D,S,T,2024-08-26,2000000.00,3.893507,100.8828125
08:00:30,91282CLB5,TSRYS5850286,D,S,T,2024-08-26,2000000.00,3.888229,100.892578125
08:00:30,91282CLB5,TSRYS5850286,D,S,T,2024-08-26,1000000.00,3.889284,100.890625
08:00:30,91282CLB5,TSRYS5850286,D,S,T,2024-08-26,2000000.00,3.889284,100.890625
08:00:30,91282CLB5,TSRYS5850286,D,S,T,2024-08-26,3000000.00,3.889284,100.890625
08:00:30,91282CLB5,TSRYS5850286,D,S,T,2024-08-26,1000000.00,3.889284,100.890625
08:00:30,91282CLB5,TSRYS5850286,D,S,T,2024-08-26,1000000.00,3.889284,100.890625
08:00:30,91282CLB5,TSRYS5850286,D,S,T,2024-08-26,1000000.00,3.891396,100.88671875
08:00:30,91282CLB5,TSRYS5850286,D,S,T,2024-08-26,2000000.00,3.885062,100.8984375
08:00:30,91282CLB5,TSRYS5850286,D,S,D,2024-08-26,2000000.00,3.888229,100.892578125
08:00:30,91282CLB5,TSRYS5850286,D,S,D,2024-08-26,5000000.00,3.888229,100.892578125
08:00:30,91282CLB5,TSRYS5850286,D,S,D,2024-08-26,1000000.00,3.888229,100.892578125
08:00:30,91282CLB5,TSRYS5850286,D,S,D,2024-08-26,3000000.00,3.888229,100.892578125
08:00:30,91282CLB5,TSRYS5850286,D,S,D,2024-08-26,2000000.00,3.888229,100.892578125
08:00:30,91282CLB5,TSRYS5850286,D,S,T,2024-08-26,1000000.00,3.891396,100.88671875
08:00:30,91282CLB5,TSRYS5850286,D,S,T,2024-08-26,1000000.00,3.891396,100.88671875
08:00:30,91282CLB5,TSRYS5850286,D,S,T,2024-08-26,2000000.00,3.891396,100.88671875
08:00:30,91282CLB5,TSRYS5850286,D,S,D,2024-08-26,1000000.00,3.89034,100.888671875
08:00:30,91282CLB5,TSRYS5850286,D,S,D,2024-08-26,1000000.00,3.89034,100.888671875
08:00:30,91282CLB5,TSRYS5850286,D,S,D,2024-08-26,1000000.00,3.89034,100.888671875
08:00:30,91282CLB5,TSRYS5850286,D,S,D,2024-08-26,5000000.00,3.89034,100.888671875
08:00:30,91282CLB5,TSRYS5850286,D,S,D,2024-08-26,2000000.00,3.89034,100.888671875
08:00:30,91282CLB5,TSRYS5850286,D,S,D,2024-08-26,3000000.00,3.892451,100.884765625
08:00:30,91282CLB5,TSRYS5850286,D,S,D,2024-08-26,5000000.00,3.89034,100.888671875
08:00:30,91282CLB5,TSRYS5850286,D,S,D,2024-08-26,1000000.00,3.89034,100.888671875
08:00:30,91282CLB5,TSRYS5850286,D,S,D,2024-08-26,4000000.00,3.89034,100.888671875
08:00:30,91282CLB5,TSRYS5850286,D,S,D,2024-08-26,4000000.00,3.89034,100.888671875
08:00:31,91282CLB5,TSRYS5850286,D,S,T,2024-08-26,1000000.00,3.889284,100.890625
08:00:31,91282CLB5,TSRYS5850286,D,S,T,2024-08-26,1000000.00,3.895618,100.87890625
08:00:31,91282CLB5,TSRYS5850286,D,S,T,2024-08-26,1000000.00,3.895618,100.87890625
08:00:31,91282CLB5,TSRYS5850286,D,S,T,2024-08-26,1000000.00,3.895618,100.87890625
08:00:31,91282CLB5,TSRYS5850286,D,S,T,2024-08-26,13000000.00,3.89773,100.875
08:00:31,91282CLB5,TSRYS5850286,D,S,T,2024-08-26,1000000.00,3.89773,100.875
08:00:31,91282CLB5,TSRYS5850286,D,S,T,2024-08-26,1000000.00,3.89773,100.875
08:00:31,91282CLB5,TSRYS5850286,D,S,T,2024-08-26,1000000.00,3.89773,100.875
08:00:31,91282CLB5,TSRYS5850286,D,S,T,2024-08-26,2000000.00,3.899842,100.87109375
08:00:31,91282CLB5,TSRYS5850286,D,S,T,2024-08-26,2000000.00,3.899842,100.87109375
08:00:31,91282CLB5,TSRYS5850286,D,S,T,2024-08-26,1000000.00,3.899842,100.87109375
08:00:31,91282CLB5,TSRYS5850286,D,S,T,2024-08-26,2000000.00,3.899842,100.87109375
08:00:31,91282CLB5,TSRYS5850286,D,S,T,2024-08-26,1000000.00,3.899842,100.87109375
08:00:31,91282CLB5,TSRYS5850286,D,S,T,2024-08-26,1000000.00,3.899842,100.87109375
08:00:31,91282CLB5,TSRYS5850286,D,S,T,2024-08-26,1000000.00,3.899842,100.87109375
08:00:31,91282CLB5,TSRYS5850286,D,S,T,2024-08-26,1000000.00,3.899842,100.87109375
08:00:31,91282CLB5,TSRYS5850286,D,S,T,2024-08-26,1000000.00,3.904065,100.86328125
08:00:31,91282CLB5,TSRYS5850286,D,S,T,2024-08-26,1000000.00,3.906177,100.859375
08:00:31,91282CLB5,TSRYS5850286,D,S,T,2024-08-26,1000000.00,3.906177,100.859375
08:00:31,91282CLB5,TSRYS5850286,D,S,T,2024-08-26,1000000.00,3.910401,100.8515625
08:00:31,91282CLB5,TSRYS5850286,D,S,T,2024-08-26,1000000.00,3.910401,100.8515625
08:00:31,91282CLB5,TSRYS5850286,D,S,T,2024-08-26,1000000.00,3.910401,100.8515625
08:00:31,91282CLB5,TSRYS5850286,D,S,T,2024-08-26,2000000.00,3.910401,100.8515625
08:00:31,91282CLB5,TSRYS5850286,D,S,T,2024-08-26,1000000.00,3.908289,100.85546875
08:00:31,91282CLB5,TSRYS5850286,D,S,T,2024-08-26,1000000.00,3.908289,100.85546875
08:00:31,91282CLB5,TSRYS5850286,D,S,T,2024-08-26,1000000.00,3.908289,100.85546875
08:00:31,91282CLB5,TSRYS5850286,D,S,T,2024-08-26,1000000.00,3.908289,100.85546875
08:00:31,91282CLB5,TSRYS5850286,D,S,T,2024-08-26,3000000.00,3.908289,100.85546875
08:00:31,91282CLB5,TSRYS5850286,D,S,T,2024-08-26,3000000.00,3.908289,100.85546875
08:00:31,91282CLB5,TSRYS5850286,D,S,T,2024-08-26,2000000.00,3.908289,100.85546875
08:00:31,91282CLB5,TSRYS5850286,D,S,T,2024-08-26,3000000.00,3.908289,100.85546875
08:00:31,91282CLB5,TSRYS5850286,D,S,T,2024-08-26,2000000.00,3.908289,100.85546875
08:00:31,91282CLB5,TSRYS5850286,D,S,T,2024-08-26,1000000.00,3.908289,100.85546875
08:00:31,91282CLB5,TSRYS5850286,D,S,T,2024-08-26,8000000.00,3.908289,100.85546875
08:00:31,91282CLB5,TSRYS5850286,D,S,T,2024-08-26,1000000.00,3.908289,100.85546875
08:00:31,91282CLB5,TSRYS5850286,D,S,T,2024-08-26,3000000.00,3.908289,100.85546875
08:00:31,91282CLB5,TSRYS5850286,D,S,T,2024-08-26,1000000.00,3.908289,100.85546875
08:00:31,91282CLB5,TSRYS5850286,D,S,T,2024-08-26,3000000.00,3.908289,100.85546875
08:00:31,91282CLB5,TSRYS5850286,D,S,T,2024-08-26,1000000.00,3.908289,100.85546875
08:00:31,91282CLB5,TSRYS5850286,D,S,T,2024-08-26,1000000.00,3.908289,100.85546875
08:00:31,91282CLB5,TSRYS5850286,D,S,T,2024-08-26,1000000.00,3.908289,100.85546875
08:00:31,91282CLB5,TSRYS5850286,D,S,T,2024-08-26,1000000.00,3.912514,100.84765625
08:00:31,91282CLB5,TSRYS5850286,D,S,T,2024-08-26,1000000.00,3.912514,100.84765625
08:00:31,91282CLB5,TSRYS5850286,D,S,T,2024-08-26,1000000.00,3.914626,100.84375
08:00:31,91282CLB5,TSRYS5850286,D,S,T,2024-08-26,1000000.00,3.914626,100.84375
08:00:31,91282CLB5,TSRYS5850286,D,S,T,2024-08-26,1000000.00,3.914626,100.84375
08:00:31,91282CLB5,TSRYS5850286,D,S,T,2024-08-26,1000000.00,3.914626,100.84375
08:00:31,91282CLB5,TSRYS5850286,D,S,T,2024-08-26,1000000.00,3.914626,100.84375
08:00:31,91282CLB5,TSRYS5850286,D,S,T,2024-08-26,1000000.00,3.914626,100.84375
08:00:31,91282CLB5,TSRYS5850286,D,S,T,2024-08-26,1000000.00,3.916739,100.83984375
08:00:31,91282CLB5,TSRYS5850286,D,S,T,2024-08-26,1000000.00,3.916739,100.83984375
08:00:31,91282CLB5,TSRYS5850286,D,S,T,2024-08-26,1000000.00,3.910401,100.8515625
08:00:31,91282CLB5,TSRYS5850286,D,S,T,2024-08-26,1000000.00,3.910401,100.8515625
08:00:31,91282CLB5,TSRYS5850286,D,S,T,2024-08-26,2000000.00,3.909345,100.853515625
08:00:31,91282CLB5,TSRYS5850286,D,S,T,2024-08-26,1000000.00,3.909345,100.853515625
08:00:31,91282CLB5,TSRYS5850286,D,S,T,2024-08-26,1000000.00,3.904065,100.86328125
08:00:31,91282CLB5,TSRYS5850286,D,S,T,2024-08-26,2000000.00,3.903009,100.865234375
08:00:31,91282CLB5,TSRYS5850286,D,S,T,2024-08-26,2000000.00,3.903009,100.865234375
08:00:31,91282CLB5,TSRYS5850286,D,S,T,2024-08-26,2000000.00,3.903009,100.865234375
08:00:31,91282CLB5,TSRYS5850286,D,S,T,2024-08-26,2000000.00,3.903009,100.865234375
08:00:31,91282CLB5,TSRYS5850286,D,S,T,2024-08-26,1000000.00,3.904065,100.86328125
08:00:31,91282CLB5,TSRYS5850286,D,S,T,2024-08-26,1000000.00,3.904065,100.86328125
08:00:31,91282CLB5,TSRYS5850286,D,S,T,2024-08-26,2000000.00,3.905121,100.861328125
08:00:31,91282CLB5,TSRYS5850286,D,S,T,2024-08-26,2000000.00,3.905121,100.861328125
08:00:31,91282CLB5,TSRYS5850286,D,S,T,2024-08-26,1000000.00,3.905121,100.861328125
08:00:31,91282CLB5,TSRYS5850286,D,S,T,2024-08-26,2000000.00,3.905121,100.861328125
08:00:31,91282CLB5,TSRYS5850286,D,S,T,2024-08-26,2000000.00,3.905121,100.861328125
08:00:31,91282CLB5,TSRYS5850286,D,S,T,2024-08-26,2000000.00,3.905121,100.861328125
08:00:31,91282CLB5,TSRYS5850286,D,S,T,2024-08-26,1000000.00,3.907233,100.857421875
08:00:31,91282CLB5,TSRYS5850286,D,S,T,2024-08-26,2000000.00,3.907233,100.857421875
08:00:31,91282CLB5,TSRYS5850286,D,S,T,2024-08-26,1000000.00,3.910401,100.8515625
08:00:31,91282CLB5,TSRYS5850286,D,S,T,2024-08-26,1000000.00,3.910401,100.8515625
08:00:31,91282CLB5,TSRYS5850286,D,S,T,2024-08-26,1000000.00,3.910401,100.8515625
08:00:31,91282CLB5,TSRYS5850286,D,S,T,2024-08-26,3000000.00,3.910401,100.8515625
08:00:31,91282CLB5,TSRYS5850286,D,S,T,2024-08-26,1000000.00,3.910401,100.8515625
08:00:31,91282CLB5,TSRYS5850286,D,S,T,2024-08-26,1000000.00,3.911458,100.849609375
08:00:31,91282CLB5,TSRYS5850286,D,S,T,2024-08-26,1000000.00,3.916739,100.83984375
08:00:31,91282CLB5,TSRYS5850286,D,S,T,2024-08-26,1000000.00,3.914626,100.84375
08:00:31,91282CLB5,TSRYS5850286,D,S,T,2024-08-26,1000000.00,3.915682,100.841796875
08:00:31,91282CLB5,TSRYS5850286,D,S,T,2024-08-26,1000000.00,3.914626,100.84375
08:00:31,91282CLB5,TSRYS5850286,D,S,T,2024-08-26,1000000.00,3.912514,100.84765625
08:00:31,91282CLB5,TSRYS5850286,D,S,T,2024-08-26,2000000.00,3.911458,100.849609375
08:00:31,91282CLB5,TSRYS5850286,D,S,T,2024-08-26,1000000.00,3.911458,100.849609375
08:00:31,91282CLB5,TSRYS5850286,D,S,T,2024-08-26,2000000.00,3.911458,100.849609375
08:00:31,91282CLB5,TSRYS5850286,D,S,T,2024-08-26,1000000.00,3.910401,100.8515625
08:00:31,91282CLB5,TSRYS5850286,D,S,T,2024-08-26,1000000.00,3.910401,100.8515625
08:00:31,91282CLB5,TSRYS5850286,D,S,T,2024-08-26,1000000.00,3.910401,100.8515625
08:00:31,91282CLB5,TSRYS5850286,D,S,D,2024-08-26,1000000.00,3.898786,100.873046875
08:00:31,91282CLB5,TSRYS5850286,D,S,D,2024-08-26,1000000.00,3.89773,100.875
08:00:31,91282CLB5,TSRYS5850286,D,S,D,2024-08-26,1000000.00,3.882951,100.90234375
08:00:31,91282CLB5,TSRYS5850286,D,S,D,2024-08-26,2000000.00,3.881896,100.904296875
08:00:31,91282CLB5,TSRYS5850286,D,S,D,2024-08-26,1000000.00,3.87873,100.91015625
08:00:31,91282CLB5,TSRYS5850286,D,S,D,2024-08-26,1000000.00,3.879785,100.908203125
08:00:31,91282CLB5,TSRYS5850286,D,S,D,2024-08-26,1000000.00,3.88084,100.90625
08:00:31,91282CLB5,TSRYS5850286,D,S,D,2024-08-26,1000000.00,3.892451,100.884765625
08:00:31,91282CLB5,TSRYS5850286,D,S,D,2024-08-26,2000000.00,3.892451,100.884765625
08:00:31,91282CLB5,TSRYS5850286,D,S,D,2024-08-26,3000000.00,3.89034,100.888671875
08:00:31,91282CLB5,TSRYS5850286,D,S,D,2024-08-26,2000000.00,3.896674,100.876953125
08:00:31,91282CLB5,TSRYS5850286,D,S,D,2024-08-26,2000000.00,3.887173,100.89453125
08:00:31,91282CLB5,TSRYS5850286,D,S,D,2024-08-26,2000000.00,3.888229,100.892578125
08:00:31,91282CLB5,TSRYS5850286,D,S,D,2024-08-26,2000000.00,3.888229,100.892578125
08:00:31,91282CLB5,TSRYS5850286,D,S,D,2024-08-26,2000000.00,3.888229,100.892578125
08:00:31,91282CLB5,TSRYS5850286,D,S,D,2024-08-26,2000000.00,3.89034,100.888671875
08:00:31,91282CLB5,TSRYS5850286,D,S,D,2024-08-26,2000000.00,3.89034,100.888671875
08:00:31,91282CLB5,TSRYS5850286,D,S,D,2024-08-26,1000000.00,3.89034,100.888671875
08:00:31,91282CLB5,TSRYS5850286,D,S,D,2024-08-26,1000000.00,3.89034,100.888671875
08:00:31,91282CLB5,TSRYS5850286,D,S,D,2024-08-26,2000000.00,3.89034,100.888671875
08:00:31,91282CLB5,TSRYS5850286,D,S,D,2024-08-26,2000000.00,3.89034,100.888671875
08:00:31,91282CLB5,TSRYS5850286,D,S,D,2024-08-26,1000000.00,3.89034,100.888671875
08:00:31,91282CLB5,TSRYS5850286,D,S,D,2024-08-26,1000000.00,3.89034,100.888671875
08:00:31,91282CLB5,TSRYS5850286,D,S,D,2024-08-26,1000000.00,3.89034,100.888671875
08:00:31,91282CLB5,TSRYS5850286,D,S,D,2024-08-26,1000000.00,3.89034,100.888671875
08:00:31,91282CLB5,TSRYS5850286,D,S,D,2024-08-26,2000000.00,3.89034,100.888671875
08:00:31,91282CLB5,TSRYS5850286,D,S,D,2024-08-26,2000000.00,3.89034,100.888671875
08:00:31,91282CLB5,TSRYS5850286,D,S,D,2024-08-26,1000000.00,3.89034,100.888671875
08:00:31,91282CLB5,TSRYS5850286,D,S,D,2024-08-26,1000000.00,3.89034,100.888671875
08:00:31,91282CLB5,TSRYS5850286,D,S,D,2024-08-26,2000000.00,3.892451,100.884765625
08:00:31,91282CLB5,TSRYS5850286,D,S,D,2024-08-26,2000000.00,3.889284,100.890625
08:00:31,91282CLB5,TSRYS5850286,D,S,D,2024-08-26,2000000.00,3.889284,100.890625
08:00:31,91282CLB5,TSRYS5850286,D,S,D,2024-08-26,2000000.00,3.889284,100.890625
08:00:31,91282CLB5,TSRYS5850286,D,S,D,2024-08-26,2000000.00,3.892451,100.884765625
08:00:31,91282CLB5,TSRYS5850286,D,S,D,2024-08-26,1000000.00,3.886118,100.896484375
08:00:31,91282CLB5,TSRYS5850286,D,S,D,2024-08-26,1000000.00,3.910401,100.8515625
08:00:31,91282CLB5,TSRYS5850286,D,S,D,2024-08-26,2000000.00,3.912514,100.84765625
08:00:31,91282CLB5,TSRYS5850286,D,S,D,2024-08-26,1000000.00,3.914626,100.84375
08:00:31,91282CLB5,TSRYS5850286,D,S,D,2024-08-26,1000000.00,3.916739,100.83984375
08:00:31,91282CLB5,TSRYS5850286,D,S,D,2024-08-26,2000000.00,3.916739,100.83984375
08:00:31,91282CLB5,TSRYS5850286,D,S,D,2024-08-26,2000000.00,3.904065,100.86328125
08:00:31,91282CLB5,TSRYS5850286,D,S,D,2024-08-26,2000000.00,3.911458,100.849609375
08:00:31,91282CLB5,TSRYS5850286,D,S,D,2024-08-26,2000000.00,3.911458,100.849609375
08:00:33,91282CLB5,TSRYS5850286,D,B,A,2024-08-26,50000.00,3.885062,100.8984375
08:00:35,91282CLB5,TSRYS5850286,D,S,D,2024-08-26,1000000.00,3.889284,100.890625
08:00:37,91282CLB5,TSRYS5850286,D,S,A,2024-08-26,2000000.00,3.906177,100.859375
08:00:39,91282CLB5,TSRYS5850286,D,S,A,2024-08-26,20000000.00,3.882242,100.90234375
08:00:39,91282CLB5,TSRYS5850286,D,S,A,2024-08-26,20000000.00,3.878015,100.91015625
08:00:39,91282CLB5,TSRYS5850286,D,B,C,2024-08-26,21617000.00,3.882951,100.90234375
08:00:39,91282CLB5,TSRYS5850286,D,S,A,2024-08-26,2650000.00,3.882951,100.90234375
08:00:39,91282CLB5,TSRYS5850286,D,B,A,2024-08-26,1000000.00,3.889284,100.890625
08:00:39,91282CLB5,TSRYS5850286,D,S,T,2024-08-26,4000000.00,3.887173,100.89453125
08:00:39,91282CLB5,TSRYS5850286,D,S,A,2024-08-26,25000000.00,3.884356,100.8984375
08:00:39,91282CLB5,TSRYS5850286,D,S,T,2024-08-26,2000000.00,3.887173,100.89453125
08:00:39,91282CLB5,TSRYS5850286,D,S,T,2024-08-26,1000000.00,3.887173,100.89453125
08:00:39,91282CLB5,TSRYS5850286,D,S,T,2024-08-26,1000000.00,3.887173,100.89453125
08:00:39,91282CLB5,TSRYS5850286,D,S,T,2024-08-26,1000000.00,3.887173,100.89453125
08:00:39,91282CLB5,TSRYS5850286,D,S,T,2024-08-26,1000000.00,3.887173,100.89453125
08:00:39,91282CLB5,TSRYS5850286,D,S,T,2024-08-26,1000000.00,3.887173,100.89453125
08:00:39,91282CLB5,TSRYS5850286,D,S,T,2024-08-26,1000000.00,3.887173,100.89453125
08:00:39,91282CLB5,TSRYS5850286,D,S,T,2024-08-26,1000000.00,3.887173,100.89453125
08:00:39,91282CLB5,TSRYS5850286,D,S,T,2024-08-26,1000000.00,3.887173,100.89453125
08:00:39,91282CLB5,TSRYS5850286,D,S,T,2024-08-26,1000000.00,3.887173,100.89453125
08:00:39,91282CLB5,TSRYS5850286,D,S,T,2024-08-26,2000000.00,3.887173,100.89453125
08:00:39,91282CLB5,TSRYS5850286,D,S,T,2024-08-26,4000000.00,3.887173,100.89453125
08:00:39,91282CLB5,TSRYS5850286,D,S,T,2024-08-26,6000000.00,3.887173,100.89453125
08:00:39,91282CLB5,TSRYS5850286,D,S,T,2024-08-26,2000000.00,3.887173,100.89453125
08:00:39,91282CLB5,TSRYS5850286,D,S,T,2024-08-26,1000000.00,3.887173,100.89453125
08:00:39,91282CLB5,TSRYS5850286,D,S,A,2024-08-26,5015000.00,3.89773,100.875
08:00:39,91282CLB5,TSRYS5850286,D,S,T,2024-08-26,1000000.00,3.89773,100.875
08:00:39,91282CLB5,TSRYS5850286,D,S,T,2024-08-26,5000000.00,3.89773,100.875
08:00:39,91282CLB5,TSRYS5850286,D,S,T,2024-08-26,7000000.00,3.89773,100.875
08:00:39,91282CLB5,TSRYS5850286,D,S,T,2024-08-26,1000000.00,3.89773,100.875
08:00:39,91282CLB5,TSRYS5850286,D,S,T,2024-08-26,5000000.00,3.89773,100.875
08:00:39,91282CLB5,TSRYS5850286,D,S,T,2024-08-26,5000000.00,3.89773,100.875
08:00:39,91282CLB5,TSRYS5850286,D,S,T,2024-08-26,2000000.00,3.89773,100.875
08:00:39,91282CLB5,TSRYS5850286,D,S,T,2024-08-26,4000000.00,3.89773,100.875
08:00:39,91282CLB5,TSRYS5850286,D,S,T,2024-08-26,3000000.00,3.89773,100.875
08:00:39,91282CLB5,TSRYS5850286,D,S,T,2024-08-26,3000000.00,3.89773,100.875
08:00:39,91282CLB5,TSRYS5850286,D,S,T,2024-08-26,2000000.00,3.89773,100.875
08:00:39,91282CLB5,TSRYS5850286,D,S,T,2024-08-26,1000000.00,3.89773,100.875
08:00:39,91282CLB5,TSRYS5850286,D,S,T,2024-08-26,3000000.00,3.89773,100.875
08:00:39,91282CLB5,TSRYS5850286,D,S,T,2024-08-26,1000000.00,3.89773,100.875
08:00:39,91282CLB5,TSRYS5850286,D,S,T,2024-08-26,2000000.00,3.89773,100.875
08:00:39,91282CLB5,TSRYS5850286,D,S,T,2024-08-26,1000000.00,3.89773,100.875
08:00:39,91282CLB5,TSRYS5850286,D,S,T,2024-08-26,1000000.00,3.89773,100.875
08:00:39,91282CLB5,TSRYS5850286,D,S,T,2024-08-26,1000000.00,3.89773,100.875
08:00:39,91282CLB5,TSRYS5850286,D,S,T,2024-08-26,1000000.00,3.89773,100.875
08:00:39,91282CLB5,TSRYS5850286,D,S,T,2024-08-26,1000000.00,3.89773,100.875
08:00:39,91282CLB5,TSRYS5850286,D,S,T,2024-08-26,11000000.00,3.89773,100.875
08:00:39,91282CLB5,TSRYS5850286,D,S,T,2024-08-26,1000000.00,3.89773,100.875
08:00:39,91282CLB5,TSRYS5850286,D,S,T,2024-08-26,1000000.00,3.89773,100.875
08:00:39,91282CLB5,TSRYS5850286,D,S,T,2024-08-26,8000000.00,3.89773,100.875
08:00:39,91282CLB5,TSRYS5850286,D,S,T,2024-08-26,1000000.00,3.89773,100.875
08:00:39,91282CLB5,TSRYS5850286,D,S,T,2024-08-26,1000000.00,3.89773,100.875
08:00:39,91282CLB5,TSRYS5850286,D,S,T,2024-08-26,1000000.00,3.89773,100.875
08:00:39,91282CLB5,TSRYS5850286,D,S,T,2024-08-26,1000000.00,3.89773,100.875
08:00:39,91282CLB5,TSRYS5850286,D,S,T,2024-08-26,3000000.00,3.89773,100.875
08:00:39,91282CLB5,TSRYS5850286,D,S,T,2024-08-26,2000000.00,3.89773,100.875
08:00:39,91282CLB5,TSRYS5850286,D,S,T,2024-08-26,3000000.00,3.89773,100.875
08:00:39,91282CLB5,TSRYS5850286,D,S,T,2024-08-26,2000000.00,3.89773,100.875
08:00:39,91282CLB5,TSRYS5850286,D,S,T,2024-08-26,1000000.00,3.89773,100.875
08:00:39,91282CLB5,TSRYS5850286,D,S,T,2024-08-26,1000000.00,3.89773,100.875
08:00:39,91282CLB5,TSRYS5850286,D,S,T,2024-08-26,1000000.00,3.893507,100.8828125
08:00:39,91282CLB5,TSRYS5850286,D,S,T,2024-08-26,8000000.00,3.889284,100.890625
08:00:39,91282CLB5,TSRYS5850286,D,S,T,2024-08-26,14000000.00,3.889284,100.890625
08:00:39,91282CLB5,TSRYS5850286,D,S,T,2024-08-26,3000000.00,3.889284,100.890625
08:00:39,91282CLB5,TSRYS5850286,D,S,T,2024-08-26,1000000.00,3.889284,100.890625
08:00:39,91282CLB5,TSRYS5850286,D,S,T,2024-08-26,2000000.00,3.889284,100.890625
08:00:39,91282CLB5,TSRYS5850286,D,S,T,2024-08-26,15000000.00,3.889284,100.890625
08:00:39,91282CLB5,TSRYS5850286,D,S,T,2024-08-26,3000000.00,3.889284,100.890625
08:00:39,91282CLB5,TSRYS5850286,D,S,T,2024-08-26,7000000.00,3.889284,100.890625
08:00:39,91282CLB5,TSRYS5850286,D,S,T,2024-08-26,1000000.00,3.889284,100.890625
08:00:39,91282CLB5,TSRYS5850286,D,S,T,2024-08-26,1000000.00,3.889284,100.890625
08:00:39,91282CLB5,TSRYS5850286,D,S,T,2024-08-26,1000000.00,3.889284,100.890625
08:00:39,91282CLB5,TSRYS5850286,D,S,T,2024-08-26,1000000.00,3.889284,100.890625
08:00:39,91282CLB5,TSRYS5850286,D,S,T,2024-08-26,1000000.00,3.889284,100.890625
08:00:39,91282CLB5,TSRYS5850286,D,S,T,2024-08-26,10000000.00,3.889284,100.890625
08:00:39,91282CLB5,TSRYS5850286,D,S,T,2024-08-26,1000000.00,3.889284,100.890625
08:00:39,91282CLB5,TSRYS5850286,D,S,T,2024-08-26,1000000.00,3.889284,100.890625
08:00:39,91282CLB5,TSRYS5850286,D,S,T,2024-08-26,1000000.00,3.889284,100.890625
08:00:39,91282CLB5,TSRYS5850286,D,S,T,2024-08-26,7000000.00,3.889284,100.890625
08:00:39,91282CLB5,TSRYS5850286,D,S,T,2024-08-26,1000000.00,3.889284,100.890625
08:00:39,91282CLB5,TSRYS5850286,D,S,T,2024-08-26,15000000.00,3.889284,100.890625
08:00:39,91282CLB5,TSRYS5850286,D,S,T,2024-08-26,3000000.00,3.889284,100.890625
08:00:39,91282CLB5,TSRYS5850286,D,S,T,2024-08-26,3000000.00,3.889284,100.890625
08:00:39,91282CLB5,TSRYS5850286,D,B,A,2024-08-26,20000.00,3.887173,100.89453125
08:00:39,91282CLB5,TSRYS5850286,D,B,A,2024-08-26,15377000.00,3.88084,100.90625
08:00:39,91282CLB5,TSRYS5850286,D,S,T,2024-08-26,1000000.00,3.87873,100.91015625
08:00:39,91282CLB5,TSRYS5850286,D,S,T,2024-08-26,1000000.00,3.887173,100.89453125
08:00:39,91282CLB5,TSRYS5850286,D,S,T,2024-08-26,3000000.00,3.887173,100.89453125
08:00:39,91282CLB5,TSRYS5850286,D,S,T,2024-08-26,1000000.00,3.887173,100.89453125
08:00:39,91282CLB5,TSRYS5850286,D,S,T,2024-08-26,1000000.00,3.887173,100.89453125
08:00:39,91282CLB5,TSRYS5850286,D,S,T,2024-08-26,1000000.00,3.887173,100.89453125
08:00:39,91282CLB5,TSRYS5850286,D,S,T,2024-08-26,1000000.00,3.887173,100.89453125
08:00:39,91282CLB5,TSRYS5850286,D,S,T,2024-08-26,2000000.00,3.887173,100.89453125
08:00:39,91282CLB5,TSRYS5850286,D,S,T,2024-08-26,1000000.00,3.887173,100.89453125
08:00:39,91282CLB5,TSRYS5850286,D,S,T,2024-08-26,1000000.00,3.887173,100.89453125
08:00:39,91282CLB5,TSRYS5850286,D,S,T,2024-08-26,1000000.00,3.887173,100.89453125
08:00:39,91282CLB5,TSRYS5850286,D,S,T,2024-08-26,1000000.00,3.887173,100.89453125
08:00:39,91282CLB5,TSRYS5850286,D,S,T,2024-08-26,1000000.00,3.887173,100.89453125
08:00:39,91282CLB5,TSRYS5850286,D,S,T,2024-08-26,1000000.00,3.887173,100.89453125
08:00:39,91282CLB5,TSRYS5850286,D,S,D,2024-08-26,2000000.00,3.876619,100.9140625
08:00:39,91282CLB5,TSRYS5850286,D,S,C,2024-08-26,4000000.00,3.892696,100.8843125
08:00:39,91282CLB5,TSRYS5850286,D,S,D,2024-08-26,1000000.00,3.892451,100.884765625
08:00:39,91282CLB5,TSRYS5850286,D,S,D,2024-08-26,1000000.00,3.892451,100.884765625
08:00:39,91282CLB5,TSRYS5850286,D,S,D,2024-08-26,1000000.00,3.892451,100.884765625
08:00:39,91282CLB5,TSRYS5850286,D,S,C,2024-08-26,2000000.00,3.890585,100.88821875
08:00:39,91282CLB5,TSRYS5850286,D,B,C,2024-08-26,3500000.00,3.893507,100.8828125
08:00:39,91282CLB5,TSRYS5850286,D,S,D,2024-08-26,1000000.00,3.89034,100.888671875
08:00:39,91282CLB5,TSRYS5850286,D,S,C,2024-08-26,1394000.00,3.891396,100.88671875
08:00:39,91282CLB5,TSRYS5850286,D,S,D,2024-08-26,1000000.00,3.89034,100.888671875
08:00:39,91282CLB5,TSRYS5850286,D,S,D,2024-08-26,1000000.00,3.89034,100.888671875
08:00:40,91282CLB5,TSRYS5850286,D,S,D,2024-08-26,1000000.00,3.89034,100.888671875
08:00:40,91282CLB5,TSRYS5850286,D,S,D,2024-08-26,1000000.00,3.89034,100.888671875
08:00:40,91282CLB5,TSRYS5850286,D,S,D,2024-08-26,1000000.00,3.89034,100.888671875
08:00:40,91282CLB5,TSRYS5850286,D,S,D,2024-08-26,1000000.00,3.89034,100.888671875
08:00:40,91282CLB5,TSRYS5850286,D,S,D,2024-08-26,1000000.00,3.89034,100.888671875
08:00:40,91282CLB5,TSRYS5850286,D,S,D,2024-08-26,1000000.00,3.89034,100.888671875
08:00:40,91282CLB5,TSRYS5850286,D,S,D,2024-08-26,1000000.00,3.89034,100.888671875
08:00:40,91282CLB5,TSRYS5850286,D,S,D,2024-08-26,1000000.00,3.892451,100.884765625
08:00:40,91282CLB5,TSRYS5850286,D,S,D,2024-08-26,1000000.00,3.892451,100.884765625
08:00:40,91282CLB5,TSRYS5850286,D,S,D,2024-08-26,1000000.00,3.892451,100.884765625
08:00:40,91282CLB5,TSRYS5850286,D,S,D,2024-08-26,1000000.00,3.892451,100.884765625
08:00:40,91282CLB5,TSRYS5850286,D,S,D,2024-08-26,1000000.00,3.892451,100.884765625
08:00:40,91282CLB5,TSRYS5850286,D,S,D,2024-08-26,1000000.00,3.892451,100.884765625
08:00:40,91282CLB5,TSRYS5850286,D,S,D,2024-08-26,1000000.00,3.892451,100.884765625
08:00:40,91282CLB5,TSRYS5850286,D,S,D,2024-08-26,1000000.00,3.892451,100.884765625
08:00:40,91282CLB5,TSRYS5850286,D,S,D,2024-08-26,1000000.00,3.892451,100.884765625
08:00:40,91282CLB5,TSRYS5850286,D,S,D,2024-08-26,1000000.00,3.892451,100.884765625
08:00:40,91282CLB5,TSRYS5850286,D,S,D,2024-08-26,1000000.00,3.892451,100.884765625
08:00:40,91282CLB5,TSRYS5850286,D,S,D,2024-08-26,1000000.00,3.892451,100.884765625
08:00:40,91282CLB5,TSRYS5850286,D,S,D,2024-08-26,1000000.00,3.892451,100.884765625
08:00:40,91282CLB5,TSRYS5850286,D,S,D,2024-08-26,1000000.00,3.892451,100.884765625
08:00:40,91282CLB5,TSRYS5850286,D,S,D,2024-08-26,1000000.00,3.892451,100.884765625
08:00:40,91282CLB5,TSRYS5850286,D,S,T,2024-08-26,1000000.00,3.882951,100.90234375
08:00:40,91282CLB5,TSRYS5850286,D,S,D,2024-08-26,1000000.00,3.892451,100.884765625
08:00:40,91282CLB5,TSRYS5850286,D,S,D,2024-08-26,1000000.00,3.892451,100.884765625
08:00:40,91282CLB5,TSRYS5850286,D,S,D,2024-08-26,1000000.00,3.892451,100.884765625
08:00:40,91282CLB5,TSRYS5850286,D,S,D,2024-08-26,1000000.00,3.892451,100.884765625
08:00:40,91282CLB5,TSRYS5850286,D,S,D,2024-08-26,1000000.00,3.892451,100.884765625
08:00:40,91282CLB5,TSRYS5850286,D,S,D,2024-08-26,1000000.00,3.892451,100.884765625
08:00:40,91282CLB5,TSRYS5850286,D,S,D,2024-08-26,1000000.00,3.892451,100.884765625
08:00:40,91282CLB5,TSRYS5850286,D,S,D,2024-08-26,1000000.00,3.892451,100.884765625
08:00:40,91282CLB5,TSRYS5850286,D,S,D,2024-08-26,1000000.00,3.892451,100.884765625
08:00:40,91282CLB5,TSRYS5850286,D,S,D,2024-08-26,1000000.00,3.892451,100.884765625
08:00:40,91282CLB5,TSRYS5850286,D,S,D,2024-08-26,1000000.00,3.892451,100.884765625
08:00:40,91282CLB5,TSRYS5850286,D,B,A,2024-08-26,427000.00,3.893507,100.8828125
08:00:40,91282CLB5,TSRYS5850286,D,S,D,2024-08-26,1000000.00,3.889284,100.890625
08:00:40,91282CLB5,TSRYS5850286,D,S,A,2024-08-26,844000.00,3.889284,100.890625
08:00:40,91282CLB5,TSRYS5850286,D,S,C,2024-08-26,7200000.00,3.889284,100.890625
08:00:40,91282CLB5,TSRYS5850286,D,B,C,2024-08-26,70000000.00,3.888584,100.890625
08:00:40,91282CLB5,TSRYS5850286,D,S,D,2024-08-26,1000000.00,3.888229,100.892578125
08:00:40,91282CLB5,TSRYS5850286,D,S,D,2024-08-26,1000000.00,3.888229,100.892578125
08:00:40,91282CLB5,TSRYS5850286,D,S,D,2024-08-26,1000000.00,3.888229,100.892578125
08:00:40,91282CLB5,TSRYS5850286,D,S,D,2024-08-26,1000000.00,3.888229,100.892578125
08:00:40,91282CLB5,TSRYS5850286,D,S,D,2024-08-26,1000000.00,3.888229,100.892578125
08:00:40,91282CLB5,TSRYS5850286,D,S,D,2024-08-26,1000000.00,3.888229,100.892578125
08:00:40,91282CLB5,TSRYS5850286,D,S,D,2024-08-26,1000000.00,3.888229,100.892578125
08:00:40,91282CLB5,TSRYS5850286,D,S,D,2024-08-26,1000000.00,3.888229,100.892578125
08:00:40,91282CLB5,TSRYS5850286,D,S,D,2024-08-26,1000000.00,3.888229,100.892578125
08:00:40,91282CLB5,TSRYS5850286,D,S,D,2024-08-26,1000000.00,3.888229,100.892578125
08:00:40,91282CLB5,TSRYS5850286,D,S,D,2024-08-26,1000000.00,3.888229,100.892578125
08:00:40,91282CLB5,TSRYS5850286,D,S,D,2024-08-26,1000000.00,3.888229,100.892578125
08:00:40,91282CLB5,TSRYS5850286,D,S,D,2024-08-26,1000000.00,3.888229,100.892578125
08:00:40,91282CLB5,TSRYS5850286,D,S,D,2024-08-26,1000000.00,3.888229,100.892578125
08:00:40,91282CLB5,TSRYS5850286,D,S,D,2024-08-26,1000000.00,3.888229,100.892578125
08:00:40,91282CLB5,TSRYS5850286,D,S,D,2024-08-26,1000000.00,3.888229,100.892578125
08:00:40,91282CLB5,TSRYS5850286,D,S,D,2024-08-26,1000000.00,3.888229,100.892578125
08:00:40,91282CLB5,TSRYS5850286,D,S,D,2024-08-26,1000000.00,3.888229,100.892578125
08:00:40,91282CLB5,TSRYS5850286,D,S,D,2024-08-26,1000000.00,3.888229,100.892578125
08:00:40,91282CLB5,TSRYS5850286,D,S,D,2024-08-26,1000000.00,3.888229,100.892578125
08:00:40,91282CLB5,TSRYS5850286,D,S,D,2024-08-26,1000000.00,3.888229,100.892578125
08:00:40,91282CLB5,TSRYS5850286,D,S,D,2024-08-26,1000000.00,3.888229,100.892578125
08:00:40,91282CLB5,TSRYS5850286,D,S,D,2024-08-26,1000000.00,3.888229,100.892578125
08:00:40,91282CLB5,TSRYS5850286,D,S,D,2024-08-26,1000000.00,3.888229,100.892578125
08:00:40,91282CLB5,TSRYS5850286,D,S,D,2024-08-26,1000000.00,3.888229,100.892578125
08:00:40,91282CLB5,TSRYS5850286,D,S,D,2024-08-26,1000000.00,3.888229,100.892578125
08:00:40,91282CLB5,TSRYS5850286,D,S,D,2024-08-26,1000000.00,3.888229,100.892578125
08:00:40,91282CLB5,TSRYS5850286,D,B,C,2024-08-26,50000000.00,3.889284,100.890625
08:00:40,91282CLB5,TSRYS5850286,D,S,D,2024-08-26,1000000.00,3.89034,100.888671875
08:00:40,91282CLB5,TSRYS5850286,D,S,D,2024-08-26,1000000.00,3.89034,100.888671875
08:00:40,91282CLB5,TSRYS5850286,D,S,D,2024-08-26,1000000.00,3.89034,100.888671875
08:00:40,91282CLB5,TSRYS5850286,D,S,D,2024-08-26,1000000.00,3.89034,100.888671875
08:00:40,91282CLB5,TSRYS5850286,D,S,D,2024-08-26,1000000.00,3.89034,100.888671875
08:00:40,91282CLB5,TSRYS5850286,D,S,D,2024-08-26,1000000.00,3.89034,100.888671875
08:00:40,91282CLB5,TSRYS5850286,D,S,D,2024-08-26,1000000.00,3.89034,100.888671875
08:00:40,91282CLB5,TSRYS5850286,D,S,D,2024-08-26,1000000.00,3.89034,100.888671875
08:00:40,91282CLB5,TSRYS5850286,D,S,D,2024-08-26,1000000.00,3.89034,100.888671875
08:00:40,91282CLB5,TSRYS5850286,D,S,D,2024-08-26,1000000.00,3.89034,100.888671875
08:00:40,91282CLB5,TSRYS5850286,D,S,D,2024-08-26,1000000.00,3.89034,100.888671875
08:00:40,91282CLB5,TSRYS5850286,D,S,D,2024-08-26,1000000.00,3.89034,100.888671875
08:00:40,91282CLB5,TSRYS5850286,D,S,D,2024-08-26,1000000.00,3.89034,100.888671875
08:00:40,91282CLB5,TSRYS5850286,D,S,D,2024-08-26,1000000.00,3.89034,100.888671875
08:00:40,91282CLB5,TSRYS5850286,D,S,D,2024-08-26,1000000.00,3.89034,100.888671875
08:00:40,91282CLB5,TSRYS5850286,D,S,D,2024-08-26,1000000.00,3.89034,100.888671875
08:00:40,91282CLB5,TSRYS5850286,D,S,D,2024-08-26,1000000.00,3.89034,100.888671875
08:00:40,91282CLB5,TSRYS5850286,D,S,D,2024-08-26,1000000.00,3.89034,100.888671875
08:00:40,91282CLB5,TSRYS5850286,D,S,D,2024-08-26,1000000.00,3.889284,100.890625
08:00:40,91282CLB5,TSRYS5850286,D,S,D,2024-08-26,1000000.00,3.889284,100.890625
08:00:40,91282CLB5,TSRYS5850286,D,S,D,2024-08-26,1000000.00,3.889284,100.890625
08:00:40,91282CLB5,TSRYS5850286,D,S,D,2024-08-26,1000000.00,3.889284,100.890625
08:00:40,91282CLB5,TSRYS5850286,D,S,D,2024-08-26,1000000.00,3.889284,100.890625
08:00:40,91282CLB5,TSRYS5850286,D,S,D,2024-08-26,1000000.00,3.889284,100.890625
08:00:40,91282CLB5,TSRYS5850286,D,S,D,2024-08-26,1000000.00,3.889284,100.890625
08:00:40,91282CLB5,TSRYS5850286,D,S,D,2024-08-26,1000000.00,3.889284,100.890625
08:00:40,91282CLB5,TSRYS5850286,D,S,D,2024-08-26,1000000.00,3.889284,100.890625
08:00:40,91282CLB5,TSRYS5850286,D,S,D,2024-08-26,1000000.00,3.889284,100.890625
08:00:40,91282CLB5,TSRYS5850286,D,S,D,2024-08-26,1000000.00,3.889284,100.890625
08:00:40,91282CLB5,TSRYS5850286,D,S,D,2024-08-26,1000000.00,3.892451,100.884765625
08:00:40,91282CLB5,TSRYS5850286,D,S,D,2024-08-26,1000000.00,3.892451,100.884765625
08:00:40,91282CLB5,TSRYS5850286,D,S,D,2024-08-26,1000000.00,3.892451,100.884765625
08:00:40,91282CLB5,TSRYS5850286,D,S,D,2024-08-26,1000000.00,3.892451,100.884765625
08:00:40,91282CLB5,TSRYS5850286,D,S,D,2024-08-26,1000000.00,3.892451,100.884765625
08:00:40,91282CLB5,TSRYS5850286,D,S,T,2024-08-26,1000000.00,3.893507,100.8828125
08:00:40,91282CLB5,TSRYS5850286,D,S,D,2024-08-26,7000000.00,3.882951,100.90234375
08:00:40,91282CLB5,TSRYS5850286,D,S,C,2024-08-26,280000.00,3.887173,100.89453125
08:00:40,91282CLB5,TSRYS5850286,D,B,C,2024-08-26,60000000.00,3.904065,100.86328125
08:00:40,91282CLB5,TSRYS5850286,D,S,T,2024-08-26,3000000.00,3.908289,100.85546875
08:00:40,91282CLB5,TSRYS5850286,D,S,T,2024-08-26,2000000.00,3.908289,100.85546875
08:00:40,91282CLB5,TSRYS5850286,D,S,T,2024-08-26,1000000.00,3.908289,100.85546875
08:00:40,91282CLB5,TSRYS5850286,D,S,T,2024-08-26,1000000.00,3.908289,100.85546875
08:00:40,91282CLB5,TSRYS5850286,D,S,T,2024-08-26,1000000.00,3.908289,100.85546875
08:00:40,91282CLB5,TSRYS5850286,D,S,T,2024-08-26,1000000.00,3.908289,100.85546875
08:00:40,91282CLB5,TSRYS5850286,D,S,T,2024-08-26,1000000.00,3.908289,100.85546875
08:00:40,91282CLB5,TSRYS5850286,D,S,T,2024-08-26,3000000.00,3.908289,100.85546875
08:00:40,91282CLB5,TSRYS5850286,D,B,C,2024-08-26,250000000.00,3.910401,100.8515625
08:00:40,91282CLB5,TSRYS5850286,D,S,T,2024-08-26,3000000.00,3.910401,100.8515625
08:00:40,91282CLB5,TSRYS5850286,D,S,T,2024-08-26,1000000.00,3.910401,100.8515625
08:00:40,91282CLB5,TSRYS5850286,D,S,T,2024-08-26,1000000.00,3.910401,100.8515625
08:00:40,91282CLB5,TSRYS5850286,D,S,T,2024-08-26,6000000.00,3.910401,100.8515625
08:00:40,91282CLB5,TSRYS5850286,D,S,T,2024-08-26,1000000.00,3.910401,100.8515625
08:00:40,91282CLB5,TSRYS5850286,D,S,T,2024-08-26,14000000.00,3.910401,100.8515625
08:00:40,91282CLB5,TSRYS5850286,D,S,T,2024-08-26,1000000.00,3.910401,100.8515625
08:00:40,91282CLB5,TSRYS5850286,D,S,T,2024-08-26,18000000.00,3.910401,100.8515625
08:00:40,91282CLB5,TSRYS5850286,D,S,T,2024-08-26,1000000.00,3.910401,100.8515625
08:00:40,91282CLB5,TSRYS5850286,D,S,T,2024-08-26,9000000.00,3.910401,100.8515625
08:00:40,91282CLB5,TSRYS5850286,D,S,T,2024-08-26,9000000.00,3.910401,100.8515625
08:00:40,91282CLB5,TSRYS5850286,D,S,T,2024-08-26,1000000.00,3.910401,100.8515625
08:00:40,91282CLB5,TSRYS5850286,D,S,T,2024-08-26,1000000.00,3.910401,100.8515625
08:00:40,91282CLB5,TSRYS5850286,D,S,T,2024-08-26,3000000.00,3.910401,100.8515625
08:00:40,91282CLB5,TSRYS5850286,D,S,T,2024-08-26,3000000.00,3.910401,100.8515625
08:00:40,91282CLB5,TSRYS5850286,D,S,T,2024-08-26,1000000.00,3.910401,100.8515625
08:00:40,91282CLB5,TSRYS5850286,D,S,T,2024-08-26,1000000.00,3.910401,100.8515625
08:00:40,91282CLB5,TSRYS5850286,D,S,T,2024-08-26,3000000.00,3.910401,100.8515625
08:00:40,91282CLB5,TSRYS5850286,D,S,T,2024-08-26,1000000.00,3.910401,100.8515625
08:00:40,91282CLB5,TSRYS5850286,D,S,T,2024-08-26,15000000.00,3.910401,100.8515625
08:00:40,91282CLB5,TSRYS5850286,D,S,T,2024-08-26,1000000.00,3.909345,100.853515625
08:00:40,91282CLB5,TSRYS5850286,D,S,T,2024-08-26,1000000.00,3.910401,100.8515625
08:00:40,91282CLB5,TSRYS5850286,D,S,T,2024-08-26,1000000.00,3.910401,100.8515625
08:00:40,91282CLB5,TSRYS5850286,D,S,T,2024-08-26,3000000.00,3.910401,100.8515625
08:00:40,91282CLB5,TSRYS5850286,D,S,T,2024-08-26,1000000.00,3.910401,100.8515625
08:00:40,91282CLB5,TSRYS5850286,D,S,T,2024-08-26,1000000.00,3.910401,100.8515625
08:00:40,91282CLB5,TSRYS5850286,D,S,T,2024-08-26,18000000.00,3.910401,100.8515625
08:00:40,91282CLB5,TSRYS5850286,D,S,T,2024-08-26,1000000.00,3.908289,100.85546875
08:00:40,91282CLB5,TSRYS5850286,D,S,C,2024-08-26,1000000.00,3.915927,100.84134375
08:00:40,91282CLB5,TSRYS5850286,D,S,D,2024-08-26,1000000.00,3.914626,100.84375
08:00:40,91282CLB5,TSRYS5850286,D,S,D,2024-08-26,1000000.00,3.910401,100.8515625
08:00:40,91282CLB5,TSRYS5850286,D,S,C,2024-08-26,216300000.00,3.908289,100.85546875
08:00:40,91282CLB5,TSRYS5850286,D,S,T,2024-08-26,1000000.00,3.904065,100.86328125
08:00:40,91282CLB5,TSRYS5850286,D,S,T,2024-08-26,1000000.00,3.903009,100.865234375
08:00:40,91282CLB5,TSRYS5850286,D,S,D,2024-08-26,1000000.00,3.904065,100.86328125
08:00:40,91282CLB5,TSRYS5850286,D,S,D,2024-08-26,1000000.00,3.904065,100.86328125
08:00:40,91282CLB5,TSRYS5850286,D,S,C,2024-08-26,246000.00,3.914626,100.84375
08:00:40,91282CLB5,TSRYS5850286,D,S,D,2024-08-26,1000000.00,3.910401,100.8515625
08:00:40,91282CLB5,TSRYS5850286,D,S,C,2024-08-26,162220500.00,3.910401,100.8515625
08:00:40,91282CLB5,TSRYS5850286,D,B,C,2024-08-26,1476000.00,3.912514,100.84765625
08:00:40,91282CLB5,TSRYS5850286,D,B,A,2024-08-26,2050000.00,3.887173,100.89453125
08:00:41,91282CLB5,TSRYS5850286,D,S,T,2024-08-26,1000000.00,3.885062,100.8984375
08:00:42,91282CLB5,TSRYS5850286,D,S,D,2024-08-26,250MM+,3.904065,100.86328125
08:00:42,91282CLB5,TSRYS5850286,D,S,A,2024-08-26,2825000.00,3.891396,100.88671875
08:00:43,91282CLB5,TSRYS5850286,D,S,A,2024-08-26,273000.00,3.891396,100.88671875
08:00:43,91282CLB5,TSRYS5850286,D,B,A,2024-08-26,60000000.00,3.906177,100.859375
08:00:43,91282CLB5,TSRYS5850286,D,S,C,2024-08-26,9000000.00,3.880014,100.90778
08:00:43,91282CLB5,TSRYS5850286,D,S,D,2024-08-26,3000000.00,3.910401,100.8515625
08:00:43,91282CLB5,TSRYS5850286,D,S,D,2024-08-26,1000000.00,3.910401,100.8515625
08:00:43,91282CLB5,TSRYS5850286,D,S,D,2024-08-26,1000000.00,3.910401,100.8515625
08:00:43,91282CLB5,TSRYS5850286,D,S,D,2024-08-26,5000000.00,3.910401,100.8515625
08:00:43,91282CLB5,TSRYS5850286,D,S,T,2024-08-26,1000000.00,3.906177,100.859375
08:00:43,91282CLB5,TSRYS5850286,D,S,T,2024-08-26,1000000.00,3.906177,100.859375
08:00:43,91282CLB5,TSRYS5850286,D,S,D,2024-08-26,7000000.00,3.906177,100.859375
08:00:43,91282CLB5,TSRYS5850286,D,S,D,2024-08-26,2000000.00,3.912514,100.84765625
08:00:43,91282CLB5,TSRYS5850286,D,S,A,2024-08-26,2000000.00,3.912514,100.84765625
08:00:43,91282CLB5,TSRYS5850286,D,S,D,2024-08-26,8000000.00,3.915682,100.841796875
08:00:44,91282CLB5,TSRYS5850286,D,S,D,2024-08-26,2000000.00,3.87873,100.91015625
08:00:44,91282CLB5,TSRYS5850286,D,S,D,2024-08-26,2000000.00,3.885062,100.8984375
08:00:45,91282CLB5,TSRYS5850286,D,S,D,2024-08-26,2000000.00,3.882951,100.90234375
08:00:46,91282CLB5,TSRYS5850286,D,S,T,2024-08-26,1000000.00,3.885062,100.8984375
08:00:46,91282CLB5,TSRYS5850286,D,S,D,2024-08-26,1000000.00,3.889284,100.890625
08:00:47,91282CLB5,TSRYS5850286,D,S,T,2024-08-26,1000000.00,3.885062,100.8984375
08:00:47,91282CLB5,TSRYS5850286,D,B,A,2024-08-26,706000.00,3.891396,100.88671875
08:00:47,91282CLB5,TSRYS5850286,D,S,A,2024-08-26,4200000.00,3.887173,100.89453125
08:00:47,91282CLB5,TSRYS5850286,D,B,C,2024-08-26,1000000.00,3.894563,100.880859375
08:00:47,91282CLB5,TSRYS5850286,D,S,D,2024-08-26,1000000.00,3.894563,100.880859375
08:00:47,91282CLB5,TSRYS5850286,D,B,C,2024-08-26,1000000.00,3.894563,100.880859375
08:00:47,91282CLB5,TSRYS5850286,D,S,D,2024-08-26,1000000.00,3.894563,100.880859375
08:00:48,91282CLB5,TSRYS5850286,D,S,T,2024-08-26,1000000.00,3.908289,100.85546875
08:00:48,91282CLB5,TSRYS5850286,D,S,D,2024-08-26,2000000.00,3.910401,100.8515625
08:00:48,91282CLB5,TSRYS5850286,D,S,D,2024-08-26,5000000.00,3.910401,100.8515625
08:00:48,91282CLB5,TSRYS5850286,D,S,D,2024-08-26,1000000.00,3.910401,100.8515625
08:00:48,91282CLB5,TSRYS5850286,D,S,D,2024-08-26,1000000.00,3.910401,100.8515625
08:00:48,91282CLB5,TSRYS5850286,D,S,D,2024-08-26,1000000.00,3.910401,100.8515625
08:00:48,91282CLB5,TSRYS5850286,D,S,D,2024-08-26,2000000.00,3.910401,100.8515625
08:00:48,91282CLB5,TSRYS5850286,D,S,T,2024-08-26,1000000.00,3.908289,100.85546875
08:00:48,91282CLB5,TSRYS5850286,D,S,D,2024-08-26,2000000.00,3.906177,100.859375
08:00:48,91282CLB5,TSRYS5850286,D,S,D,2024-08-26,2000000.00,3.905121,100.861328125
08:00:48,91282CLB5,TSRYS5850286,D,S,T,2024-08-26,10000000.00,3.904065,100.86328125
08:00:49,91282CLB5,TSRYS5850286,D,S,T,2024-08-26,11000000.00,3.904065,100.86328125
08:00:49,91282CLB5,TSRYS5850286,D,S,D,2024-08-26,50000000.00,3.901953,100.8671875
08:00:49,91282CLB5,TSRYS5850286,D,S,D,2024-08-26,1000000.00,3.891396,100.88671875
08:00:49,91282CLB5,TSRYS5850286,D,S,C,2024-08-26,27022000.00,3.891396,100.88671875
08:00:50,91282CLB5,TSRYS5850286,D,S,D,2024-08-26,1000000.00,3.891396,100.88671875
08:00:51,91282CLB5,TSRYS5850286,D,S,D,2024-08-26,1000000.00,3.904065,100.86328125
08:00:53,91282CLB5,TSRYS5850286,D,S,D,2024-08-26,1000000.00,3.892451,100.884765625
08:00:53,91282CLB5,TSRYS5850286,D,S,D,2024-08-26,1000000.00,3.892451,100.884765625
08:00:53,91282CLB5,TSRYS5850286,D,S,D,2024-08-26,1000000.00,3.892451,100.884765625
08:00:53,91282CLB5,TSRYS5850286,D,S,D,2024-08-26,1000000.00,3.89034,100.888671875
08:00:53,91282CLB5,TSRYS5850286,D,S,D,2024-08-26,1000000.00,3.89034,100.888671875
08:00:53,91282CLB5,TSRYS5850286,D,S,D,2024-08-26,1000000.00,3.89034,100.888671875
08:00:53,91282CLB5,TSRYS5850286,D,S,D,2024-08-26,1000000.00,3.89034,100.888671875
08:00:53,91282CLB5,TSRYS5850286,D,S,D,2024-08-26,1000000.00,3.89034,100.888671875
08:00:53,91282CLB5,TSRYS5850286,D,S,D,2024-08-26,1000000.00,3.89034,100.888671875
08:00:53,91282CLB5,TSRYS5850286,D,S,D,2024-08-26,1000000.00,3.89034,100.888671875
08:00:53,91282CLB5,TSRYS5850286,D,S,D,2024-08-26,1000000.00,3.89034,100.888671875
08:00:53,91282CLB5,TSRYS5850286,D,S,D,2024-08-26,1000000.00,3.89034,100.888671875
08:00:53,91282CLB5,TSRYS5850286,D,S,D,2024-08-26,1000000.00,3.89034,100.888671875
08:00:53,91282CLB5,TSRYS5850286,D,S,D,2024-08-26,1000000.00,3.892451,100.884765625
08:00:53,91282CLB5,TSRYS5850286,D,S,D,2024-08-26,1000000.00,3.892451,100.884765625
08:00:53,91282CLB5,TSRYS5850286,D,S,D,2024-08-26,1000000.00,3.892451,100.884765625
08:00:53,91282CLB5,TSRYS5850286,D,S,D,2024-08-26,1000000.00,3.892451,100.884765625
08:00:53,91282CLB5,TSRYS5850286,D,S,D,2024-08-26,1000000.00,3.892451,100.884765625
08:00:54,91282CLB5,TSRYS5850286,D,S,A,2024-08-26,879000.00,3.887173,100.89453125
08:00:54,91282CLB5,TSRYS5850286,D,S,D,2024-08-26,1000000.00,3.892451,100.884765625
08:00:54,91282CLB5,TSRYS5850286,D,S,D,2024-08-26,1000000.00,3.892451,100.884765625
08:00:54,91282CLB5,TSRYS5850286,D,S,D,2024-08-26,1000000.00,3.892451,100.884765625
08:00:54,91282CLB5,TSRYS5850286,D,S,D,2024-08-26,1000000.00,3.892451,100.884765625
08:00:54,91282CLB5,TSRYS5850286,D,S,D,2024-08-26,1000000.00,3.892451,100.884765625
08:00:54,91282CLB5,TSRYS5850286,D,S,D,2024-08-26,1000000.00,3.892451,100.884765625
08:00:54,91282CLB5,TSRYS5850286,D,S,D,2024-08-26,1000000.00,3.892451,100.884765625
08:00:54,91282CLB5,TSRYS5850286,D,S,D,2024-08-26,1000000.00,3.892451,100.884765625
08:00:54,91282CLB5,TSRYS5850286,D,S,D,2024-08-26,1000000.00,3.892451,100.884765625
08:00:54,91282CLB5,TSRYS5850286,D,S,D,2024-08-26,1000000.00,3.892451,100.884765625
08:00:54,91282CLB5,TSRYS5850286,D,S,D,2024-08-26,1000000.00,3.892451,100.884765625
08:00:54,91282CLB5,TSRYS5850286,D,S,D,2024-08-26,1000000.00,3.892451,100.884765625
08:00:54,91282CLB5,TSRYS5850286,D,S,D,2024-08-26,1000000.00,3.892451,100.884765625
08:00:55,91282CLB5,TSRYS5850286,D,S,D,2024-08-26,1000000.00,3.892451,100.884765625
08:00:55,91282CLB5,TSRYS5850286,D,S,D,2024-08-26,1000000.00,3.892451,100.884765625
08:00:55,91282CLB5,TSRYS5850286,D,S,D,2024-08-26,1000000.00,3.892451,100.884765625
08:00:55,91282CLB5,TSRYS5850286,D,S,D,2024-08-26,1000000.00,3.892451,100.884765625
08:00:55,91282CLB5,TSRYS5850286,D,S,D,2024-08-26,1000000.00,3.892451,100.884765625
08:00:55,91282CLB5,TSRYS5850286,D,S,D,2024-08-26,1000000.00,3.892451,100.884765625
08:00:55,91282CLB5,TSRYS5850286,D,S,D,2024-08-26,1000000.00,3.892451,100.884765625
08:00:55,91282CLB5,TSRYS5850286,D,S,D,2024-08-26,1000000.00,3.892451,100.884765625
08:00:55,91282CLB5,TSRYS5850286,D,S,D,2024-08-26,1000000.00,3.889284,100.890625
08:00:55,91282CLB5,TSRYS5850286,D,S,A,2024-08-26,1500000.00,3.893507,100.8828125
08:00:55,91282CLB5,TSRYS5850286,D,S,D,2024-08-26,1000000.00,3.888229,100.892578125
08:00:56,91282CLB5,TSRYS5850286,D,S,D,2024-08-26,1000000.00,3.888229,100.892578125
08:00:56,91282CLB5,TSRYS5850286,D,S,D,2024-08-26,1000000.00,3.888229,100.892578125
08:00:56,91282CLB5,TSRYS5850286,D,S,D,2024-08-26,1000000.00,3.888229,100.892578125
08:00:56,91282CLB5,TSRYS5850286,D,S,D,2024-08-26,1000000.00,3.888229,100.892578125
08:00:56,91282CLB5,TSRYS5850286,D,S,D,2024-08-26,1000000.00,3.888229,100.892578125
08:00:56,91282CLB5,TSRYS5850286,D,S,D,2024-08-26,1000000.00,3.888229,100.892578125
08:00:56,91282CLB5,TSRYS5850286,D,S,D,2024-08-26,1000000.00,3.888229,100.892578125
08:00:56,91282CLB5,TSRYS5850286,D,S,D,2024-08-26,1000000.00,3.888229,100.892578125
08:00:56,91282CLB5,TSRYS5850286,D,S,D,2024-08-26,1000000.00,3.888229,100.892578125
08:00:56,91282CLB5,TSRYS5850286,D,S,D,2024-08-26,1000000.00,3.888229,100.892578125
08:00:56,91282CLB5,TSRYS5850286,D,S,D,2024-08-26,1000000.00,3.888229,100.892578125
08:00:56,91282CLB5,TSRYS5850286,D,S,D,2024-08-26,1000000.00,3.888229,100.892578125
08:00:56,91282CLB5,TSRYS5850286,D,S,D,2024-08-26,1000000.00,3.888229,100.892578125
08:00:56,91282CLB5,TSRYS5850286,D,S,D,2024-08-26,1000000.00,3.888229,100.892578125
08:00:56,91282CLB5,TSRYS5850286,D,S,D,2024-08-26,1000000.00,3.888229,100.892578125
08:00:56,91282CLB5,TSRYS5850286,D,S,D,2024-08-26,1000000.00,3.888229,100.892578125
08:00:56,91282CLB5,TSRYS5850286,D,S,D,2024-08-26,1000000.00,3.888229,100.892578125
08:00:56,91282CLB5,TSRYS5850286,D,S,D,2024-08-26,1000000.00,3.888229,100.892578125
08:00:56,91282CLB5,TSRYS5850286,D,S,D,2024-08-26,1000000.00,3.888229,100.892578125
08:00:56,91282CLB5,TSRYS5850286,D,S,D,2024-08-26,1000000.00,3.888229,100.892578125
08:00:56,91282CLB5,TSRYS5850286,D,S,D,2024-08-26,1000000.00,3.888229,100.892578125
08:00:56,91282CLB5,TSRYS5850286,D,S,D,2024-08-26,1000000.00,3.888229,100.892578125
08:00:56,91282CLB5,TSRYS5850286,D,S,D,2024-08-26,1000000.00,3.888229,100.892578125
08:00:56,91282CLB5,TSRYS5850286,D,S,D,2024-08-26,1000000.00,3.888229,100.892578125
08:00:56,91282CLB5,TSRYS5850286,D,S,D,2024-08-26,1000000.00,3.888229,100.892578125
08:00:56,91282CLB5,TSRYS5850286,D,S,D,2024-08-26,1000000.00,3.888229,100.892578125
08:00:56,91282CLB5,TSRYS5850286,D,S,D,2024-08-26,1000000.00,3.89034,100.888671875
08:00:56,91282CLB5,TSRYS5850286,D,S,D,2024-08-26,1000000.00,3.89034,100.888671875
08:00:56,91282CLB5,TSRYS5850286,D,S,D,2024-08-26,1000000.00,3.89034,100.888671875
08:00:56,91282CLB5,TSRYS5850286,D,S,D,2024-08-26,1000000.00,3.89034,100.888671875
08:00:56,91282CLB5,TSRYS5850286,D,S,D,2024-08-26,1000000.00,3.89034,100.888671875
08:00:56,91282CLB5,TSRYS5850286,D,S,D,2024-08-26,1000000.00,3.89034,100.888671875
08:00:56,91282CLB5,TSRYS5850286,D,S,D,2024-08-26,1000000.00,3.89034,100.888671875
08:00:56,91282CLB5,TSRYS5850286,D,S,D,2024-08-26,1000000.00,3.89034,100.888671875
08:00:56,91282CLB5,TSRYS5850286,D,S,D,2024-08-26,1000000.00,3.89034,100.888671875
08:00:56,91282CLB5,TSRYS5850286,D,S,D,2024-08-26,1000000.00,3.89034,100.888671875
08:00:56,91282CLB5,TSRYS5850286,D,S,D,2024-08-26,1000000.00,3.89034,100.888671875
08:00:56,91282CLB5,TSRYS5850286,D,S,D,2024-08-26,1000000.00,3.89034,100.888671875
08:00:57,91282CLB5,TSRYS5850286,D,S,D,2024-08-26,1000000.00,3.89034,100.888671875
08:00:57,91282CLB5,TSRYS5850286,D,S,D,2024-08-26,1000000.00,3.89034,100.888671875
08:00:57,91282CLB5,TSRYS5850286,D,S,D,2024-08-26,1000000.00,3.89034,100.888671875
08:00:57,91282CLB5,TSRYS5850286,D,S,D,2024-08-26,1000000.00,3.89034,100.888671875
08:00:57,91282CLB5,TSRYS5850286,D,S,D,2024-08-26,1000000.00,3.89034,100.888671875
08:00:57,91282CLB5,TSRYS5850286,D,S,D,2024-08-26,1000000.00,3.89034,100.888671875
08:00:57,91282CLB5,TSRYS5850286,D,S,D,2024-08-26,1000000.00,3.889284,100.890625
08:00:57,91282CLB5,TSRYS5850286,D,S,D,2024-08-26,1000000.00,3.889284,100.890625
08:00:57,91282CLB5,TSRYS5850286,D,S,D,2024-08-26,1000000.00,3.889284,100.890625
08:00:57,91282CLB5,TSRYS5850286,D,S,D,2024-08-26,1000000.00,3.889284,100.890625
08:00:57,91282CLB5,TSRYS5850286,D,S,D,2024-08-26,1000000.00,3.889284,100.890625
08:00:57,91282CLB5,TSRYS5850286,D,S,D,2024-08-26,1000000.00,3.889284,100.890625
08:00:57,91282CLB5,TSRYS5850286,D,S,D,2024-08-26,1000000.00,3.889284,100.890625
08:00:57,91282CLB5,TSRYS5850286,D,S,D,2024-08-26,1000000.00,3.889284,100.890625
08:00:57,91282CLB5,TSRYS5850286,D,S,D,2024-08-26,1000000.00,3.889284,100.890625
08:00:57,91282CLB5,TSRYS5850286,D,S,D,2024-08-26,1000000.00,3.889284,100.890625
08:00:57,91282CLB5,TSRYS5850286,D,S,D,2024-08-26,1000000.00,3.889284,100.890625
08:00:58,91282CLB5,TSRYS5850286,D,S,D,2024-08-26,1000000.00,3.892451,100.884765625
08:00:58,91282CLB5,TSRYS5850286,D,S,D,2024-08-26,1000000.00,3.892451,100.884765625
08:00:58,91282CLB5,TSRYS5850286,D,S,D,2024-08-26,1000000.00,3.892451,100.884765625
08:00:58,91282CLB5,TSRYS5850286,D,S,D,2024-08-26,1000000.00,3.892451,100.884765625
08:00:58,91282CLB5,TSRYS5850286,D,S,D,2024-08-26,1000000.00,3.892451,100.884765625
08:00:58,91282CLB5,TSRYS5850286,D,S,D,2024-08-26,5000000.00,3.889122,100.890925
08:01:01,91282CLB5,TSRYS5850286,D,S,C,2024-08-26,1000000.00,3.895618,100.87890625
08:01:01,91282CLB5,TSRYS5850286,D,S,C,2024-08-26,1000000.00,3.898786,100.873046875
08:01:01,91282CLB5,TSRYS5850286,D,B,C,2024-08-26,1000000.00,3.89773,100.875
08:01:01,91282CLB5,TSRYS5850286,D,B,C,2024-08-26,3000000.00,3.89773,100.875
08:01:01,91282CLB5,TSRYS5850286,D,S,D,2024-08-26,1000000.00,3.89773,100.875
08:01:01,91282CLB5,TSRYS5850286,D,S,D,2024-08-26,3000000.00,3.89773,100.875
08:01:01,91282CLB5,TSRYS5850286,D,S,D,2024-08-26,4000000.00,3.89773,100.875
08:01:01,91282CLB5,TSRYS5850286,D,S,D,2024-08-26,1000000.00,3.889284,100.890625
08:01:01,91282CLB5,TSRYS5850286,D,S,D,2024-08-26,1000000.00,3.882951,100.90234375
08:01:01,91282CLB5,TSRYS5850286,D,S,D,2024-08-26,1000000.00,3.889284,100.890625
08:01:01,91282CLB5,TSRYS5850286,D,B,C,2024-08-26,1000000.00,3.881896,100.904296875
08:01:01,91282CLB5,TSRYS5850286,D,S,D,2024-08-26,1000000.00,3.881896,100.904296875
08:01:01,91282CLB5,TSRYS5850286,D,S,D,2024-08-26,1000000.00,3.882951,100.90234375
08:01:01,91282CLB5,TSRYS5850286,D,S,D,2024-08-26,2000000.00,3.876619,100.9140625
08:01:01,91282CLB5,TSRYS5850286,D,B,C,2024-08-26,2000000.00,3.879785,100.908203125
08:01:01,91282CLB5,TSRYS5850286,D,S,D,2024-08-26,2000000.00,3.87873,100.91015625
08:01:01,91282CLB5,TSRYS5850286,D,S,D,2024-08-26,2000000.00,3.879785,100.908203125
08:01:01,91282CLB5,TSRYS5850286,D,S,D,2024-08-26,1000000.00,3.87873,100.91015625
08:01:01,91282CLB5,TSRYS5850286,D,S,C,2024-08-26,2000000.00,3.87873,100.91015625
08:01:01,91282CLB5,TSRYS5850286,D,S,D,2024-08-26,2000000.00,3.885062,100.8984375
08:01:01,91282CLB5,TSRYS5850286,D,S,C,2024-08-26,1000000.00,3.885062,100.8984375
08:01:01,91282CLB5,TSRYS5850286,D,S,D,2024-08-26,1000000.00,3.88084,100.90625
08:01:01,91282CLB5,TSRYS5850286,D,S,D,2024-08-26,2000000.00,3.882951,100.90234375
08:01:01,91282CLB5,TSRYS5850286,D,S,C,2024-08-26,1000000.00,3.882951,100.90234375
08:01:01,91282CLB5,TSRYS5850286,D,S,D,2024-08-26,2000000.00,3.882951,100.90234375
08:01:01,91282CLB5,TSRYS5850286,D,S,D,2024-08-26,7000000.00,3.882951,100.90234375
08:01:01,91282CLB5,TSRYS5850286,D,B,C,2024-08-26,1000000.00,3.877674,100.912109375
08:01:01,91282CLB5,TSRYS5850286,D,B,C,2024-08-26,2000000.00,3.882951,100.90234375
08:01:01,91282CLB5,TSRYS5850286,D,S,C,2024-08-26,1000000.00,3.877674,100.912109375
08:01:01,91282CLB5,TSRYS5850286,D,S,D,2024-08-26,2000000.00,3.881896,100.904296875
08:01:01,91282CLB5,TSRYS5850286,D,B,C,2024-08-26,1000000.00,3.88084,100.90625
08:01:01,91282CLB5,TSRYS5850286,D,S,C,2024-08-26,1000000.00,3.87873,100.91015625
08:01:01,91282CLB5,TSRYS5850286,D,S,D,2024-08-26,1000000.00,3.88084,100.90625
08:01:01,91282CLB5,TSRYS5850286,D,S,C,2024-08-26,1000000.00,3.87873,100.91015625
08:01:01,91282CLB5,TSRYS5850286,D,S,C,2024-08-26,1000000.00,3.87873,100.91015625
08:01:01,91282CLB5,TSRYS5850286,D,S,C,2024-08-26,1000000.00,3.87873,100.91015625
08:01:01,91282CLB5,TSRYS5850286,D,S,C,2024-08-26,2000000.00,3.87873,100.91015625
08:01:01,91282CLB5,TSRYS5850286,D,S,C,2024-08-26,1000000.00,3.87873,100.91015625
08:01:01,91282CLB5,TSRYS5850286,D,S,C,2024-08-26,1000000.00,3.87873,100.91015625
08:01:01,91282CLB5,TSRYS5850286,D,S,C,2024-08-26,3000000.00,3.87873,100.91015625
08:01:01,91282CLB5,TSRYS5850286,D,S,C,2024-08-26,1000000.00,3.87873,100.91015625
08:01:01,91282CLB5,TSRYS5850286,D,S,C,2024-08-26,1000000.00,3.87873,100.91015625
08:01:01,91282CLB5,TSRYS5850286,D,S,C,2024-08-26,1000000.00,3.879785,100.908203125
08:01:01,91282CLB5,TSRYS5850286,D,S,C,2024-08-26,2000000.00,3.879785,100.908203125
08:01:01,91282CLB5,TSRYS5850286,D,S,C,2024-08-26,1000000.00,3.88084,100.90625
08:01:01,91282CLB5,TSRYS5850286,D,S,C,2024-08-26,2000000.00,3.88084,100.90625
08:01:01,91282CLB5,TSRYS5850286,D,S,C,2024-08-26,1000000.00,3.879785,100.908203125
08:01:01,91282CLB5,TSRYS5850286,D,S,D,2024-08-26,1000000.00,3.892451,100.884765625
08:01:01,91282CLB5,TSRYS5850286,D,S,D,2024-08-26,1000000.00,3.892451,100.884765625
08:01:01,91282CLB5,TSRYS5850286,D,S,D,2024-08-26,1000000.00,3.886118,100.896484375
08:01:01,91282CLB5,TSRYS5850286,D,S,D,2024-08-26,1000000.00,3.886118,100.896484375
08:01:01,91282CLB5,TSRYS5850286,D,S,D,2024-08-26,1000000.00,3.886118,100.896484375
08:01:01,91282CLB5,TSRYS5850286,D,S,C,2024-08-26,7000000.00,3.886118,100.896484375
08:01:01,91282CLB5,TSRYS5850286,D,S,D,2024-08-26,2000000.00,3.886118,100.896484375
08:01:01,91282CLB5,TSRYS5850286,D,S,D,2024-08-26,1000000.00,3.889284,100.890625
08:01:01,91282CLB5,TSRYS5850286,D,S,D,2024-08-26,1000000.00,3.886118,100.896484375
08:01:02,91282CLB5,TSRYS5850286,D,S,D,2024-08-26,2000000.00,3.886118,100.896484375
08:01:02,91282CLB5,TSRYS5850286,D,S,D,2024-08-26,1000000.00,3.886118,100.896484375
08:01:02,91282CLB5,TSRYS5850286,D,B,C,2024-08-26,1000000.00,3.889284,100.890625
08:01:02,91282CLB5,TSRYS5850286,D,S,D,2024-08-26,3000000.00,3.89034,100.888671875
08:01:02,91282CLB5,TSRYS5850286,D,S,D,2024-08-26,1000000.00,3.891396,100.88671875
08:01:02,91282CLB5,TSRYS5850286,D,B,C,2024-08-26,1000000.00,3.888229,100.892578125
08:01:02,91282CLB5,TSRYS5850286,D,B,C,2024-08-26,2000000.00,3.889284,100.890625
08:01:02,91282CLB5,TSRYS5850286,D,S,D,2024-08-26,1000000.00,3.888229,100.892578125
08:01:02,91282CLB5,TSRYS5850286,D,S,D,2024-08-26,2000000.00,3.887173,100.89453125
08:01:02,91282CLB5,TSRYS5850286,D,S,D,2024-08-26,2000000.00,3.889284,100.890625
08:01:02,91282CLB5,TSRYS5850286,D,S,D,2024-08-26,1000000.00,3.889284,100.890625
08:01:02,91282CLB5,TSRYS5850286,D,S,C,2024-08-26,1000000.00,3.894563,100.880859375
08:01:02,91282CLB5,TSRYS5850286,D,S,C,2024-08-26,1000000.00,3.894563,100.880859375
08:01:02,91282CLB5,TSRYS5850286,D,S,D,2024-08-26,1000000.00,3.894563,100.880859375
08:01:02,91282CLB5,TSRYS5850286,D,B,C,2024-08-26,1000000.00,3.886118,100.896484375
08:01:02,91282CLB5,TSRYS5850286,D,S,D,2024-08-26,1000000.00,3.894563,100.880859375
08:01:02,91282CLB5,TSRYS5850286,D,S,D,2024-08-26,2000000.00,3.894563,100.880859375
08:01:02,91282CLB5,TSRYS5850286,D,S,D,2024-08-26,1000000.00,3.894563,100.880859375
08:01:02,91282CLB5,TSRYS5850286,D,S,D,2024-08-26,1000000.00,3.891396,100.88671875
08:01:02,91282CLB5,TSRYS5850286,D,B,C,2024-08-26,1000000.00,3.892451,100.884765625
08:01:02,91282CLB5,TSRYS5850286,D,S,D,2024-08-26,1000000.00,3.887173,100.89453125
08:01:02,91282CLB5,TSRYS5850286,D,S,D,2024-08-26,2000000.00,3.887173,100.89453125
08:01:02,91282CLB5,TSRYS5850286,D,S,D,2024-08-26,1000000.00,3.892451,100.884765625
08:01:02,91282CLB5,TSRYS5850286,D,B,C,2024-08-26,6000000.00,3.887173,100.89453125
08:01:02,91282CLB5,TSRYS5850286,D,S,D,2024-08-26,6000000.00,3.887173,100.89453125
08:01:02,91282CLB5,TSRYS5850286,D,S,D,2024-08-26,2000000.00,3.885062,100.8984375
08:01:02,91282CLB5,TSRYS5850286,D,S,D,2024-08-26,1000000.00,3.892451,100.884765625
08:01:02,91282CLB5,TSRYS5850286,D,S,D,2024-08-26,1000000.00,3.887173,100.89453125
08:01:02,91282CLB5,TSRYS5850286,D,S,D,2024-08-26,1000000.00,3.886118,100.896484375
08:01:02,91282CLB5,TSRYS5850286,D,S,D,2024-08-26,1000000.00,3.892451,100.884765625
08:01:02,91282CLB5,TSRYS5850286,D,S,D,2024-08-26,1000000.00,3.887173,100.89453125
08:01:02,91282CLB5,TSRYS5850286,D,S,D,2024-08-26,1000000.00,3.884007,100.900390625
08:01:02,91282CLB5,TSRYS5850286,D,S,D,2024-08-26,1000000.00,3.892451,100.884765625
08:01:02,91282CLB5,TSRYS5850286,D,S,D,2024-08-26,1000000.00,3.892451,100.884765625
08:01:02,91282CLB5,TSRYS5850286,D,S,D,2024-08-26,10000000.00,3.892451,100.884765625
08:01:02,91282CLB5,TSRYS5850286,D,S,D,2024-08-26,1000000.00,3.892451,100.884765625
08:01:02,91282CLB5,TSRYS5850286,D,B,C,2024-08-26,10000000.00,3.892451,100.884765625
08:01:02,91282CLB5,TSRYS5850286,D,S,D,2024-08-26,1000000.00,3.892451,100.884765625
08:01:02,91282CLB5,TSRYS5850286,D,S,D,2024-08-26,1000000.00,3.892451,100.884765625
08:01:02,91282CLB5,TSRYS5850286,D,S,D,2024-08-26,1000000.00,3.892451,100.884765625
08:01:02,91282CLB5,TSRYS5850286,D,S,D,2024-08-26,5000000.00,3.89034,100.888671875
08:01:02,91282CLB5,TSRYS5850286,D,S,D,2024-08-26,1000000.00,3.892451,100.884765625
08:01:02,91282CLB5,TSRYS5850286,D,B,C,2024-08-26,1000000.00,3.89034,100.888671875
08:01:02,91282CLB5,TSRYS5850286,D,S,D,2024-08-26,1000000.00,3.892451,100.884765625
08:01:02,91282CLB5,TSRYS5850286,D,S,D,2024-08-26,1000000.00,3.892451,100.884765625
08:01:02,91282CLB5,TSRYS5850286,D,S,D,2024-08-26,1000000.00,3.892451,100.884765625
08:01:02,91282CLB5,TSRYS5850286,D,S,D,2024-08-26,1000000.00,3.892451,100.884765625
08:01:02,91282CLB5,TSRYS5850286,D,S,D,2024-08-26,1000000.00,3.892451,100.884765625
08:01:02,91282CLB5,TSRYS5850286,D,B,C,2024-08-26,5000000.00,3.89034,100.888671875
08:01:02,91282CLB5,TSRYS5850286,D,B,C,2024-08-26,5000000.00,3.89034,100.888671875
08:01:02,91282CLB5,TSRYS5850286,D,S,D,2024-08-26,1000000.00,3.89034,100.888671875
08:01:02,91282CLB5,TSRYS5850286,D,S,D,2024-08-26,5000000.00,3.89034,100.888671875
08:01:02,91282CLB5,TSRYS5850286,D,S,D,2024-08-26,1000000.00,3.89034,100.888671875
08:01:02,91282CLB5,TSRYS5850286,D,S,D,2024-08-26,1000000.00,3.89034,100.888671875
08:01:02,91282CLB5,TSRYS5850286,D,S,D,2024-08-26,1000000.00,3.89034,100.888671875
08:01:02,91282CLB5,TSRYS5850286,D,S,D,2024-08-26,1000000.00,3.89034,100.888671875
08:01:02,91282CLB5,TSRYS5850286,D,S,D,2024-08-26,1000000.00,3.89034,100.888671875
08:01:02,91282CLB5,TSRYS5850286,D,S,D,2024-08-26,1000000.00,3.89034,100.888671875
08:01:02,91282CLB5,TSRYS5850286,D,S,D,2024-08-26,1000000.00,3.89034,100.888671875
08:01:02,91282CLB5,TSRYS5850286,D,B,C,2024-08-26,1000000.00,3.89034,100.888671875
08:01:02,91282CLB5,TSRYS5850286,D,S,D,2024-08-26,1000000.00,3.892451,100.884765625
08:01:02,91282CLB5,TSRYS5850286,D,S,D,2024-08-26,1000000.00,3.89034,100.888671875
08:01:02,91282CLB5,TSRYS5850286,D,S,D,2024-08-26,1000000.00,3.89034,100.888671875
08:01:02,91282CLB5,TSRYS5850286,D,S,D,2024-08-26,1000000.00,3.892451,100.884765625
08:01:02,91282CLB5,TSRYS5850286,D,S,D,2024-08-26,1000000.00,3.89034,100.888671875
08:01:02,91282CLB5,TSRYS5850286,D,S,D,2024-08-26,1000000.00,3.89034,100.888671875
08:01:02,91282CLB5,TSRYS5850286,D,S,D,2024-08-26,1000000.00,3.89034,100.888671875
08:01:02,91282CLB5,TSRYS5850286,D,S,D,2024-08-26,1000000.00,3.89034,100.888671875
08:01:02,91282CLB5,TSRYS5850286,D,B,C,2024-08-26,1000000.00,3.892451,100.884765625
08:01:02,91282CLB5,TSRYS5850286,D,S,D,2024-08-26,1000000.00,3.89034,100.888671875
08:01:03,91282CLB5,TSRYS5850286,D,S,D,2024-08-26,1000000.00,3.892451,100.884765625
08:01:03,91282CLB5,TSRYS5850286,D,S,D,2024-08-26,1000000.00,3.892451,100.884765625
08:01:03,91282CLB5,TSRYS5850286,D,S,D,2024-08-26,1000000.00,3.892451,100.884765625
08:01:03,91282CLB5,TSRYS5850286,D,S,D,2024-08-26,1000000.00,3.892451,100.884765625
08:01:03,91282CLB5,TSRYS5850286,D,S,D,2024-08-26,1000000.00,3.892451,100.884765625
08:01:03,91282CLB5,TSRYS5850286,D,S,D,2024-08-26,1000000.00,3.892451,100.884765625
08:01:03,91282CLB5,TSRYS5850286,D,S,A,2024-08-26,160000.00,3.88647,100.89453125
08:01:03,91282CLB5,TSRYS5850286,D,S,D,2024-08-26,1000000.00,3.892451,100.884765625
08:01:03,91282CLB5,TSRYS5850286,D,S,D,2024-08-26,1000000.00,3.892451,100.884765625
08:01:03,91282CLB5,TSRYS5850286,D,S,D,2024-08-26,1000000.00,3.892451,100.884765625
08:01:03,91282CLB5,TSRYS5850286,D,B,C,2024-08-26,1000000.00,3.892451,100.884765625
08:01:03,91282CLB5,TSRYS5850286,D,B,C,2024-08-26,1000000.00,3.892451,100.884765625
08:01:03,91282CLB5,TSRYS5850286,D,B,C,2024-08-26,1000000.00,3.892451,100.884765625
08:01:03,91282CLB5,TSRYS5850286,D,S,D,2024-08-26,1000000.00,3.892451,100.884765625
08:01:03,91282CLB5,TSRYS5850286,D,S,D,2024-08-26,1000000.00,3.892451,100.884765625
08:01:03,91282CLB5,TSRYS5850286,D,B,C,2024-08-26,1000000.00,3.892451,100.884765625
08:01:03,91282CLB5,TSRYS5850286,D,S,D,2024-08-26,1000000.00,3.892451,100.884765625
08:01:03,91282CLB5,TSRYS5850286,D,S,D,2024-08-26,1000000.00,3.892451,100.884765625
08:01:03,91282CLB5,TSRYS5850286,D,S,D,2024-08-26,1000000.00,3.892451,100.884765625
08:01:03,91282CLB5,TSRYS5850286,D,S,D,2024-08-26,1000000.00,3.892451,100.884765625
08:01:03,91282CLB5,TSRYS5850286,D,S,D,2024-08-26,1000000.00,3.892451,100.884765625
08:01:03,91282CLB5,TSRYS5850286,D,S,D,2024-08-26,1000000.00,3.892451,100.884765625
08:01:03,91282CLB5,TSRYS5850286,D,S,D,2024-08-26,1000000.00,3.892451,100.884765625
08:01:03,91282CLB5,TSRYS5850286,D,S,D,2024-08-26,1000000.00,3.892451,100.884765625
08:01:03,91282CLB5,TSRYS5850286,D,S,D,2024-08-26,1000000.00,3.892451,100.884765625
08:01:03,91282CLB5,TSRYS5850286,D,S,D,2024-08-26,1000000.00,3.892451,100.884765625
08:01:03,91282CLB5,TSRYS5850286,D,S,D,2024-08-26,1000000.00,3.892451,100.884765625
08:01:03,91282CLB5,TSRYS5850286,D,S,D,2024-08-26,1000000.00,3.892451,100.884765625
08:01:03,91282CLB5,TSRYS5850286,D,S,D,2024-08-26,1000000.00,3.892451,100.884765625
08:01:03,91282CLB5,TSRYS5850286,D,S,D,2024-08-26,1000000.00,3.892451,100.884765625
08:01:03,91282CLB5,TSRYS5850286,D,S,D,2024-08-26,1000000.00,3.892451,100.884765625
08:01:03,91282CLB5,TSRYS5850286,D,S,D,2024-08-26,1000000.00,3.892451,100.884765625
08:01:03,91282CLB5,TSRYS5850286,D,S,D,2024-08-26,1000000.00,3.892451,100.884765625
08:01:03,91282CLB5,TSRYS5850286,D,S,D,2024-08-26,1000000.00,3.892451,100.884765625
08:01:03,91282CLB5,TSRYS5850286,D,S,D,2024-08-26,1000000.00,3.892451,100.884765625
08:01:03,91282CLB5,TSRYS5850286,D,S,D,2024-08-26,1000000.00,3.892451,100.884765625
08:01:03,91282CLB5,TSRYS5850286,D,S,D,2024-08-26,1000000.00,3.892451,100.884765625
08:01:03,91282CLB5,TSRYS5850286,D,S,D,2024-08-26,1000000.00,3.892451,100.884765625
08:01:03,91282CLB5,TSRYS5850286,D,S,D,2024-08-26,1000000.00,3.892451,100.884765625
08:01:03,91282CLB5,TSRYS5850286,D,S,D,2024-08-26,1000000.00,3.892451,100.884765625
08:01:03,91282CLB5,TSRYS5850286,D,S,D,2024-08-26,1000000.00,3.892451,100.884765625
08:01:03,91282CLB5,TSRYS5850286,D,S,D,2024-08-26,1000000.00,3.889284,100.890625
08:01:03,91282CLB5,TSRYS5850286,D,S,T,2024-08-26,2000000.00,3.910524,100.8513355
08:01:03,91282CLB5,TSRYS5850286,D,B,C,2024-08-26,1000000.00,3.89034,100.888671875
08:01:03,91282CLB5,TSRYS5850286,D,S,D,2024-08-26,1000000.00,3.89034,100.888671875
08:01:03,91282CLB5,TSRYS5850286,D,S,D,2024-08-26,1000000.00,3.89034,100.888671875
08:01:03,91282CLB5,TSRYS5850286,D,S,D,2024-08-26,1000000.00,3.89034,100.888671875
08:01:03,91282CLB5,TSRYS5850286,D,B,C,2024-08-26,5000000.00,3.888229,100.892578125
08:01:03,91282CLB5,TSRYS5850286,D,S,D,2024-08-26,1000000.00,3.89034,100.888671875
08:01:03,91282CLB5,TSRYS5850286,D,S,D,2024-08-26,5000000.00,3.888229,100.892578125
08:01:03,91282CLB5,TSRYS5850286,D,B,C,2024-08-26,5000000.00,3.888229,100.892578125
08:01:03,91282CLB5,TSRYS5850286,D,S,D,2024-08-26,5000000.00,3.888229,100.892578125
08:01:03,91282CLB5,TSRYS5850286,D,S,D,2024-08-26,1000000.00,3.888229,100.892578125
08:01:03,91282CLB5,TSRYS5850286,D,S,D,2024-08-26,1000000.00,3.888229,100.892578125
08:01:03,91282CLB5,TSRYS5850286,D,B,C,2024-08-26,1000000.00,3.888229,100.892578125
08:01:03,91282CLB5,TSRYS5850286,D,S,D,2024-08-26,1000000.00,3.888229,100.892578125
08:01:03,91282CLB5,TSRYS5850286,D,S,D,2024-08-26,1000000.00,3.888229,100.892578125
08:01:03,91282CLB5,TSRYS5850286,D,B,C,2024-08-26,1000000.00,3.888229,100.892578125
08:01:03,91282CLB5,TSRYS5850286,D,S,D,2024-08-26,1000000.00,3.888229,100.892578125
08:01:03,91282CLB5,TSRYS5850286,D,S,D,2024-08-26,2000000.00,3.888229,100.892578125
08:01:03,91282CLB5,TSRYS5850286,D,S,D,2024-08-26,1000000.00,3.911458,100.849609375
08:01:03,91282CLB5,TSRYS5850286,D,B,C,2024-08-26,2000000.00,3.888229,100.892578125
08:01:03,91282CLB5,TSRYS5850286,D,S,D,2024-08-26,1000000.00,3.888229,100.892578125
08:01:03,91282CLB5,TSRYS5850286,D,S,D,2024-08-26,1000000.00,3.888229,100.892578125
08:01:03,91282CLB5,TSRYS5850286,D,S,D,2024-08-26,1000000.00,3.888229,100.892578125
08:01:03,91282CLB5,TSRYS5850286,D,S,D,2024-08-26,1000000.00,3.888229,100.892578125
08:01:03,91282CLB5,TSRYS5850286,D,B,C,2024-08-26,1000000.00,3.888229,100.892578125
08:01:04,91282CLB5,TSRYS5850286,D,S,D,2024-08-26,1000000.00,3.888229,100.892578125
08:01:04,91282CLB5,TSRYS5850286,D,S,D,2024-08-26,2000000.00,3.911458,100.849609375
08:01:04,91282CLB5,TSRYS5850286,D,S,D,2024-08-26,1000000.00,3.888229,100.892578125
08:01:04,91282CLB5,TSRYS5850286,D,B,C,2024-08-26,1000000.00,3.888229,100.892578125
08:01:04,91282CLB5,TSRYS5850286,D,S,D,2024-08-26,1000000.00,3.888229,100.892578125
08:01:04,91282CLB5,TSRYS5850286,D,S,D,2024-08-26,3000000.00,3.911458,100.849609375
08:01:04,91282CLB5,TSRYS5850286,D,B,C,2024-08-26,1000000.00,3.888229,100.892578125
08:01:04,91282CLB5,TSRYS5850286,D,S,D,2024-08-26,2000000.00,3.911458,100.849609375
08:01:04,91282CLB5,TSRYS5850286,D,S,D,2024-08-26,1000000.00,3.888229,100.892578125
08:01:04,91282CLB5,TSRYS5850286,D,S,D,2024-08-26,1000000.00,3.888229,100.892578125
08:01:04,91282CLB5,TSRYS5850286,D,B,C,2024-08-26,1000000.00,3.888229,100.892578125
08:01:04,91282CLB5,TSRYS5850286,D,S,D,2024-08-26,1000000.00,3.888229,100.892578125
08:01:04,91282CLB5,TSRYS5850286,D,S,D,2024-08-26,1000000.00,3.911458,100.849609375
08:01:04,91282CLB5,TSRYS5850286,D,B,C,2024-08-26,1000000.00,3.888229,100.892578125
08:01:04,91282CLB5,TSRYS5850286,D,B,C,2024-08-26,1000000.00,3.888229,100.892578125
08:01:04,91282CLB5,TSRYS5850286,D,S,D,2024-08-26,1000000.00,3.888229,100.892578125
08:01:04,91282CLB5,TSRYS5850286,D,S,D,2024-08-26,1000000.00,3.911458,100.849609375
08:01:04,91282CLB5,TSRYS5850286,D,S,D,2024-08-26,1000000.00,3.888229,100.892578125
08:01:04,91282CLB5,TSRYS5850286,D,B,C,2024-08-26,1000000.00,3.888229,100.892578125
08:01:04,91282CLB5,TSRYS5850286,D,S,D,2024-08-26,1000000.00,3.888229,100.892578125
08:01:04,91282CLB5,TSRYS5850286,D,B,C,2024-08-26,1000000.00,3.888229,100.892578125
08:01:04,91282CLB5,TSRYS5850286,D,B,C,2024-08-26,1000000.00,3.888229,100.892578125
08:01:04,91282CLB5,TSRYS5850286,D,S,D,2024-08-26,1000000.00,3.888229,100.892578125
08:01:04,91282CLB5,TSRYS5850286,D,B,C,2024-08-26,1000000.00,3.888229,100.892578125
08:01:04,91282CLB5,TSRYS5850286,D,B,C,2024-08-26,1000000.00,3.888229,100.892578125
08:01:04,91282CLB5,TSRYS5850286,D,S,D,2024-08-26,1000000.00,3.888229,100.892578125
08:01:04,91282CLB5,TSRYS5850286,D,S,D,2024-08-26,1000000.00,3.888229,100.892578125
08:01:04,91282CLB5,TSRYS5850286,D,S,D,2024-08-26,2000000.00,3.911458,100.849609375
08:01:04,91282CLB5,TSRYS5850286,D,S,D,2024-08-26,1000000.00,3.911458,100.849609375
08:01:04,91282CLB5,TSRYS5850286,D,S,D,2024-08-26,1000000.00,3.888229,100.892578125
08:01:04,91282CLB5,TSRYS5850286,D,B,C,2024-08-26,1000000.00,3.888229,100.892578125
08:01:04,91282CLB5,TSRYS5850286,D,B,C,2024-08-26,1000000.00,3.888229,100.892578125
08:01:04,91282CLB5,TSRYS5850286,D,S,D,2024-08-26,1000000.00,3.888229,100.892578125
08:01:04,91282CLB5,TSRYS5850286,D,B,C,2024-08-26,1000000.00,3.888229,100.892578125
08:01:04,91282CLB5,TSRYS5850286,D,S,D,2024-08-26,1000000.00,3.888229,100.892578125
08:01:04,91282CLB5,TSRYS5850286,D,S,D,2024-08-26,1000000.00,3.888229,100.892578125
08:01:04,91282CLB5,TSRYS5850286,D,S,D,2024-08-26,1000000.00,3.888229,100.892578125
08:01:04,91282CLB5,TSRYS5850286,D,B,C,2024-08-26,1000000.00,3.888229,100.892578125
08:01:04,91282CLB5,TSRYS5850286,D,S,D,2024-08-26,1000000.00,3.888229,100.892578125
08:01:04,91282CLB5,TSRYS5850286,D,S,D,2024-08-26,1000000.00,3.888229,100.892578125
08:01:04,91282CLB5,TSRYS5850286,D,S,D,2024-08-26,1000000.00,3.888229,100.892578125
08:01:04,91282CLB5,TSRYS5850286,D,B,C,2024-08-26,1000000.00,3.888229,100.892578125
08:01:04,91282CLB5,TSRYS5850286,D,S,D,2024-08-26,1000000.00,3.888229,100.892578125
08:01:04,91282CLB5,TSRYS5850286,D,S,D,2024-08-26,4000000.00,3.911458,100.849609375
08:01:04,91282CLB5,TSRYS5850286,D,S,D,2024-08-26,1000000.00,3.888229,100.892578125
08:01:04,91282CLB5,TSRYS5850286,D,S,D,2024-08-26,1000000.00,3.888229,100.892578125
08:01:04,91282CLB5,TSRYS5850286,D,B,C,2024-08-26,1000000.00,3.888229,100.892578125
08:01:04,91282CLB5,TSRYS5850286,D,B,C,2024-08-26,1000000.00,3.888229,100.892578125
08:01:04,91282CLB5,TSRYS5850286,D,S,D,2024-08-26,1000000.00,3.888229,100.892578125
08:01:04,91282CLB5,TSRYS5850286,D,S,D,2024-08-26,1000000.00,3.888229,100.892578125
08:01:04,91282CLB5,TSRYS5850286,D,B,C,2024-08-26,1000000.00,3.888229,100.892578125
08:01:04,91282CLB5,TSRYS5850286,D,S,D,2024-08-26,1000000.00,3.888229,100.892578125
08:01:04,91282CLB5,TSRYS5850286,D,B,C,2024-08-26,1000000.00,3.888229,100.892578125
08:01:04,91282CLB5,TSRYS5850286,D,S,D,2024-08-26,1000000.00,3.888229,100.892578125
08:01:04,91282CLB5,TSRYS5850286,D,B,C,2024-08-26,1000000.00,3.888229,100.892578125
08:01:04,91282CLB5,TSRYS5850286,D,S,D,2024-08-26,1000000.00,3.911458,100.849609375
08:01:04,91282CLB5,TSRYS5850286,D,S,D,2024-08-26,1000000.00,3.888229,100.892578125
08:01:04,91282CLB5,TSRYS5850286,D,S,D,2024-08-26,1000000.00,3.888229,100.892578125
08:01:04,91282CLB5,TSRYS5850286,D,B,C,2024-08-26,1000000.00,3.888229,100.892578125
08:01:04,91282CLB5,TSRYS5850286,D,S,D,2024-08-26,1000000.00,3.888229,100.892578125
08:01:04,91282CLB5,TSRYS5850286,D,S,D,2024-08-26,1000000.00,3.888229,100.892578125
08:01:04,91282CLB5,TSRYS5850286,D,S,D,2024-08-26,1000000.00,3.888229,100.892578125
08:01:04,91282CLB5,TSRYS5850286,D,B,C,2024-08-26,1000000.00,3.888229,100.892578125
08:01:04,91282CLB5,TSRYS5850286,D,S,D,2024-08-26,1000000.00,3.888229,100.892578125
08:01:04,91282CLB5,TSRYS5850286,D,S,D,2024-08-26,1000000.00,3.888229,100.892578125
08:01:04,91282CLB5,TSRYS5850286,D,B,C,2024-08-26,1000000.00,3.888229,100.892578125
08:01:04,91282CLB5,TSRYS5850286,D,S,D,2024-08-26,1000000.00,3.888229,100.892578125
08:01:04,91282CLB5,TSRYS5850286,D,S,D,2024-08-26,1000000.00,3.888229,100.892578125
08:01:04,91282CLB5,TSRYS5850286,D,B,C,2024-08-26,1000000.00,3.888229,100.892578125
08:01:04,91282CLB5,TSRYS5850286,D,S,D,2024-08-26,1000000.00,3.888229,100.892578125
08:01:04,91282CLB5,TSRYS5850286,D,B,C,2024-08-26,1000000.00,3.888229,100.892578125
08:01:04,91282CLB5,TSRYS5850286,D,B,C,2024-08-26,1000000.00,3.888229,100.892578125
08:01:04,91282CLB5,TSRYS5850286,D,S,D,2024-08-26,1000000.00,3.888229,100.892578125
08:01:04,91282CLB5,TSRYS5850286,D,S,D,2024-08-26,1000000.00,3.888229,100.892578125
08:01:04,91282CLB5,TSRYS5850286,D,B,C,2024-08-26,1000000.00,3.888229,100.892578125
08:01:04,91282CLB5,TSRYS5850286,D,S,D,2024-08-26,1000000.00,3.888229,100.892578125
08:01:04,91282CLB5,TSRYS5850286,D,B,C,2024-08-26,1000000.00,3.888229,100.892578125
08:01:04,91282CLB5,TSRYS5850286,D,B,C,2024-08-26,1000000.00,3.888229,100.892578125
08:01:04,91282CLB5,TSRYS5850286,D,S,D,2024-08-26,1000000.00,3.888229,100.892578125
08:01:04,91282CLB5,TSRYS5850286,D,S,D,2024-08-26,1000000.00,3.888229,100.892578125
08:01:04,91282CLB5,TSRYS5850286,D,B,C,2024-08-26,1000000.00,3.888229,100.892578125
08:01:04,91282CLB5,TSRYS5850286,D,B,C,2024-08-26,1000000.00,3.888229,100.892578125
08:01:04,91282CLB5,TSRYS5850286,D,S,D,2024-08-26,1000000.00,3.911458,100.849609375
