tradeTime,cusip,issueSymbolIdentifier,priceType,reportingSideCode,contraPartyTypeCode,tradeDate,reportedTradeVolume,lastSaleYield,lastSalePrice
08:00:03,91282CLH2,TSRYS5875646,D,S,D,2024-09-03,2000000.00,3.927029,99.6640625
08:00:03,91282CLH2,TSRYS5875646,D,S,D,2024-09-03,1000000.00,3.927029,99.6640625
08:00:03,91282CLH2,TSRYS5875646,D,S,D,2024-09-03,2000000.00,3.927029,99.6640625
08:00:03,91282CLH2,TSRYS5875646,D,S,D,2024-09-03,1000000.00,3.927029,99.6640625
08:00:03,91282CLH2,TSRYS5875646,D,S,D,2024-09-03,1000000.00,3.927029,99.6640625
08:00:03,91282CLH2,TSRYS5875646,D,S,D,2024-09-03,2000000.00,3.927029,99.6640625
08:00:03,91282CLH2,TSRYS5875646,D,S,D,2024-09-03,1000000.00,3.927029,99.6640625
08:00:03,91282CLH2,TSRYS5875646,D,S,D,2024-09-03,2000000.00,3.927029,99.6640625
08:00:03,91282CLH2,TSRYS5875646,D,S,D,2024-09-03,1000000.00,3.927029,99.6640625
08:00:03,91282CLH2,TSRYS5875646,D,S,D,2024-09-03,2000000.00,3.927029,99.6640625
08:00:03,91282CLH2,TSRYS5875646,D,S,D,2024-09-03,1000000.00,3.927029,99.6640625
08:00:03,91282CLH2,TSRYS5875646,D,S,D,2024-09-03,2000000.00,3.927029,99.6640625
08:00:03,91282CLH2,TSRYS5875646,D,S,D,2024-09-03,1000000.00,3.927029,99.6640625
08:00:03,91282CLH2,TSRYS5875646,D,S,D,2024-09-03,2000000.00,3.927029,99.6640625
08:00:03,91282CLH2,TSRYS5875646,D,S,D,2024-09-03,1000000.00,3.927029,99.6640625
08:00:03,91282CLH2,TSRYS5875646,D,S,D,2024-09-03,2000000.00,3.927029,99.6640625
08:00:03,91282CLH2,TSRYS5875646,D,S,D,2024-09-03,1000000.00,3.927029,99.6640625
08:00:03,91282CLH2,TSRYS5875646,D,S,D,2024-09-03,2000000.00,3.927029,99.6640625
08:00:03,91282CLH2,TSRYS5875646,D,S,D,2024-09-03,1000000.00,3.927029,99.6640625
08:00:03,91282CLH2,TSRYS5875646,D,S,D,2024-09-03,2000000.00,3.927029,99.6640625
08:00:03,91282CLH2,TSRYS5875646,D,S,D,2024-09-03,2000000.00,3.928061,99.662109375
08:00:03,91282CLH2,TSRYS5875646,D,S,D,2024-09-03,1000000.00,3.928061,99.662109375
08:00:03,91282CLH2,TSRYS5875646,D,S,D,2024-09-03,2000000.00,3.928061,99.662109375
08:00:03,91282CLH2,TSRYS5875646,D,S,D,2024-09-03,1000000.00,3.928061,99.662109375
08:00:03,91282CLH2,TSRYS5875646,D,S,D,2024-09-03,1000000.00,3.927029,99.6640625
08:00:03,91282CLH2,TSRYS5875646,D,S,D,2024-09-03,1000000.00,3.927029,99.6640625
08:00:03,91282CLH2,TSRYS5875646,D,S,D,2024-09-03,2000000.00,3.927029,99.6640625
08:00:03,91282CLH2,TSRYS5875646,D,S,D,2024-09-03,1000000.00,3.927029,99.6640625
08:00:03,91282CLH2,TSRYS5875646,D,S,D,2024-09-03,2000000.00,3.927029,99.6640625
08:00:03,91282CLH2,TSRYS5875646,D,S,D,2024-09-03,1000000.00,3.927029,99.6640625
08:00:03,91282CLH2,TSRYS5875646,D,S,D,2024-09-03,2000000.00,3.927029,99.6640625
08:00:03,91282CLH2,TSRYS5875646,D,S,D,2024-09-03,1000000.00,3.927029,99.6640625
08:00:03,91282CLH2,TSRYS5875646,D,S,D,2024-09-03,2000000.00,3.927029,99.6640625
08:00:03,91282CLH2,TSRYS5875646,D,S,D,2024-09-03,1000000.00,3.927029,99.6640625
08:00:03,91282CLH2,TSRYS5875646,D,S,D,2024-09-03,2000000.00,3.927029,99.6640625
08:00:03,91282CLH2,TSRYS5875646,D,S,D,2024-09-03,1000000.00,3.927029,99.6640625
08:00:03,91282CLH2,TSRYS5875646,D,S,D,2024-09-03,1000000.00,3.927029,99.6640625
08:00:03,91282CLH2,TSRYS5875646,D,S,D,2024-09-03,2000000.00,3.927029,99.6640625
08:00:03,91282CLH2,TSRYS5875646,D,S,D,2024-09-03,1000000.00,3.927029,99.6640625
08:00:03,91282CLH2,TSRYS5875646,D,S,D,2024-09-03,2000000.00,3.927029,99.6640625
08:00:03,91282CLH2,TSRYS5875646,D,S,D,2024-09-03,1000000.00,3.927029,99.6640625
08:00:03,91282CLH2,TSRYS5875646,D,S,D,2024-09-03,2000000.00,3.927029,99.6640625
08:00:03,91282CLH2,TSRYS5875646,D,S,D,2024-09-03,1000000.00,3.927029,99.6640625
08:00:03,91282CLH2,TSRYS5875646,D,S,D,2024-09-03,2000000.00,3.927029,99.6640625
08:00:03,91282CLH2,TSRYS5875646,D,S,D,2024-09-03,1000000.00,3.927029,99.6640625
08:00:03,91282CLH2,TSRYS5875646,D,S,T,2024-09-03,1000000.00,3.933225,99.65234375
08:00:03,91282CLH2,TSRYS5875646,D,S,T,2024-09-03,1000000.00,3.933225,99.65234375
08:00:03,91282CLH2,TSRYS5875646,D,S,T,2024-09-03,1000000.00,3.933225,99.65234375
08:00:03,91282CLH2,TSRYS5875646,D,S,T,2024-09-03,1000000.00,3.933225,99.65234375
08:00:03,91282CLH2,TSRYS5875646,D,S,D,2024-09-03,1000000.00,3.931159,99.65625
08:00:03,91282CLH2,TSRYS5875646,D,S,D,2024-09-03,1000000.00,3.931159,99.65625
08:00:03,91282CLH2,TSRYS5875646,D,S,D,2024-09-03,1000000.00,3.931159,99.65625
08:00:03,91282CLH2,TSRYS5875646,D,S,D,2024-09-03,1000000.00,3.931159,99.65625
08:00:03,91282CLH2,TSRYS5875646,D,S,D,2024-09-03,1000000.00,3.931159,99.65625
08:00:03,91282CLH2,TSRYS5875646,D,S,D,2024-09-03,1000000.00,3.931159,99.65625
08:00:03,91282CLH2,TSRYS5875646,D,S,D,2024-09-03,1000000.00,3.931159,99.65625
08:00:03,91282CLH2,TSRYS5875646,D,S,T,2024-09-03,1000000.00,3.931159,99.65625
08:00:03,91282CLH2,TSRYS5875646,D,S,D,2024-09-03,4000000.00,3.927029,99.6640625
08:00:03,91282CLH2,TSRYS5875646,D,S,T,2024-09-03,1000000.00,3.928061,99.662109375
08:00:03,91282CLH2,TSRYS5875646,D,S,T,2024-09-03,1000000.00,3.931159,99.65625
08:00:03,91282CLH2,TSRYS5875646,D,S,T,2024-09-03,2000000.00,3.931159,99.65625
08:00:03,91282CLH2,TSRYS5875646,D,S,D,2024-09-03,2000000.00,3.930127,99.658203125
08:00:03,91282CLH2,TSRYS5875646,D,S,D,2024-09-03,1000000.00,3.930127,99.658203125
08:00:03,91282CLH2,TSRYS5875646,D,S,D,2024-09-03,2000000.00,3.930127,99.658203125
08:00:03,91282CLH2,TSRYS5875646,D,S,D,2024-09-03,1000000.00,3.930127,99.658203125
08:00:03,91282CLH2,TSRYS5875646,D,S,D,2024-09-03,2000000.00,3.930127,99.658203125
08:00:03,91282CLH2,TSRYS5875646,D,S,D,2024-09-03,1000000.00,3.930127,99.658203125
08:00:03,91282CLH2,TSRYS5875646,D,S,D,2024-09-03,1000000.00,3.930127,99.658203125
08:00:03,91282CLH2,TSRYS5875646,D,S,D,2024-09-03,2000000.00,3.930127,99.658203125
08:00:03,91282CLH2,TSRYS5875646,D,S,T,2024-09-03,1000000.00,3.928061,99.662109375
08:00:03,91282CLH2,TSRYS5875646,D,S,D,2024-09-03,1000000.00,3.927029,99.6640625
08:00:03,91282CLH2,TSRYS5875646,D,S,D,2024-09-03,1000000.00,3.927029,99.6640625
08:00:03,91282CLH2,TSRYS5875646,D,S,D,2024-09-03,2000000.00,3.927029,99.6640625
08:00:03,91282CLH2,TSRYS5875646,D,S,D,2024-09-03,1000000.00,3.929094,99.66015625
08:00:03,91282CLH2,TSRYS5875646,D,S,D,2024-09-03,1000000.00,3.929094,99.66015625
08:00:03,91282CLH2,TSRYS5875646,D,S,D,2024-09-03,2000000.00,3.930127,99.658203125
08:00:03,91282CLH2,TSRYS5875646,D,S,D,2024-09-03,1000000.00,3.930127,99.658203125
08:00:03,91282CLH2,TSRYS5875646,D,S,D,2024-09-03,1000000.00,3.930127,99.658203125
08:00:03,91282CLH2,TSRYS5875646,D,S,D,2024-09-03,2000000.00,3.930127,99.658203125
08:00:03,91282CLH2,TSRYS5875646,D,S,D,2024-09-03,1000000.00,3.930127,99.658203125
08:00:03,91282CLH2,TSRYS5875646,D,S,D,2024-09-03,2000000.00,3.930127,99.658203125
08:00:03,91282CLH2,TSRYS5875646,D,S,D,2024-09-03,1000000.00,3.930127,99.658203125
08:00:03,91282CLH2,TSRYS5875646,D,S,D,2024-09-03,1000000.00,3.930127,99.658203125
08:00:03,91282CLH2,TSRYS5875646,D,S,D,2024-09-03,1000000.00,3.927029,99.6640625
08:00:03,91282CLH2,TSRYS5875646,D,S,D,2024-09-03,2000000.00,3.927029,99.6640625
08:00:03,91282CLH2,TSRYS5875646,D,S,D,2024-09-03,1000000.00,3.927029,99.6640625
08:00:03,91282CLH2,TSRYS5875646,D,S,D,2024-09-03,2000000.00,3.927029,99.6640625
08:00:03,91282CLH2,TSRYS5875646,D,S,D,2024-09-03,1000000.00,3.927029,99.6640625
08:00:03,91282CLH2,TSRYS5875646,D,S,D,2024-09-03,2000000.00,3.927029,99.6640625
08:00:03,91282CLH2,TSRYS5875646,D,S,D,2024-09-03,1000000.00,3.927029,99.6640625
08:00:03,91282CLH2,TSRYS5875646,D,S,D,2024-09-03,2000000.00,3.927029,99.6640625
08:00:03,91282CLH2,TSRYS5875646,D,S,D,2024-09-03,1000000.00,3.928061,99.662109375
08:00:03,91282CLH2,TSRYS5875646,D,S,D,2024-09-03,2000000.00,3.928061,99.662109375
08:00:03,91282CLH2,TSRYS5875646,D,S,T,2024-09-03,1000000.00,3.928061,99.662109375
08:00:03,91282CLH2,TSRYS5875646,D,S,D,2024-09-03,2000000.00,3.928061,99.662109375
08:00:03,91282CLH2,TSRYS5875646,D,S,D,2024-09-03,2000000.00,3.928061,99.662109375
08:00:03,91282CLH2,TSRYS5875646,D,S,D,2024-09-03,1000000.00,3.928061,99.662109375
08:00:03,91282CLH2,TSRYS5875646,D,S,D,2024-09-03,1000000.00,3.928061,99.662109375
08:00:03,91282CLH2,TSRYS5875646,D,S,D,2024-09-03,1000000.00,3.928061,99.662109375
08:00:03,91282CLH2,TSRYS5875646,D,S,D,2024-09-03,1000000.00,3.928061,99.662109375
08:00:03,91282CLH2,TSRYS5875646,D,S,T,2024-09-03,1000000.00,3.928061,99.662109375
08:00:03,91282CLH2,TSRYS5875646,D,S,T,2024-09-03,1000000.00,3.929094,99.66015625
08:00:03,91282CLH2,TSRYS5875646,D,S,T,2024-09-03,1000000.00,3.929094,99.66015625
08:00:03,91282CLH2,TSRYS5875646,D,S,T,2024-09-03,1000000.00,3.929094,99.66015625
08:00:03,91282CLH2,TSRYS5875646,D,S,T,2024-09-03,1000000.00,3.929094,99.66015625
08:00:03,91282CLH2,TSRYS5875646,D,S,T,2024-09-03,1000000.00,3.929094,99.66015625
08:00:03,91282CLH2,TSRYS5875646,D,S,D,2024-09-03,2000000.00,3.929094,99.66015625
08:00:03,91282CLH2,TSRYS5875646,D,S,T,2024-09-03,1000000.00,3.937356,99.64453125
08:00:03,91282CLH2,TSRYS5875646,D,S,T,2024-09-03,1000000.00,3.939422,99.640625
08:00:03,91282CLH2,TSRYS5875646,D,S,T,2024-09-03,1000000.00,3.939422,99.640625
08:00:03,91282CLH2,TSRYS5875646,D,S,D,2024-09-03,2000000.00,3.927029,99.6640625
08:00:03,91282CLH2,TSRYS5875646,D,S,D,2024-09-03,1000000.00,3.927029,99.6640625
08:00:03,91282CLH2,TSRYS5875646,D,S,D,2024-09-03,2000000.00,3.927029,99.6640625
08:00:03,91282CLH2,TSRYS5875646,D,S,D,2024-09-03,1000000.00,3.927029,99.6640625
08:00:03,91282CLH2,TSRYS5875646,D,S,D,2024-09-03,1000000.00,3.927029,99.6640625
08:00:03,91282CLH2,TSRYS5875646,D,S,D,2024-09-03,2000000.00,3.927029,99.6640625
08:00:03,91282CLH2,TSRYS5875646,D,S,D,2024-09-03,1000000.00,3.927029,99.6640625
08:00:03,91282CLH2,TSRYS5875646,D,S,D,2024-09-03,2000000.00,3.927029,99.6640625
08:00:03,91282CLH2,TSRYS5875646,D,S,D,2024-09-03,1000000.00,3.927029,99.6640625
08:00:03,91282CLH2,TSRYS5875646,D,S,D,2024-09-03,2000000.00,3.927029,99.6640625
08:00:03,91282CLH2,TSRYS5875646,D,S,D,2024-09-03,1000000.00,3.927029,99.6640625
08:00:03,91282CLH2,TSRYS5875646,D,S,D,2024-09-03,2000000.00,3.927029,99.6640625
08:00:03,91282CLH2,TSRYS5875646,D,S,D,2024-09-03,1000000.00,3.927029,99.6640625
08:00:03,91282CLH2,TSRYS5875646,D,S,D,2024-09-03,2000000.00,3.927029,99.6640625
08:00:03,91282CLH2,TSRYS5875646,D,S,D,2024-09-03,1000000.00,3.927029,99.6640625
08:00:03,91282CLH2,TSRYS5875646,D,S,D,2024-09-03,2000000.00,3.927029,99.6640625
08:00:03,91282CLH2,TSRYS5875646,D,S,D,2024-09-03,1000000.00,3.927029,99.6640625
08:00:03,91282CLH2,TSRYS5875646,D,S,D,2024-09-03,2000000.00,3.927029,99.6640625
08:00:03,91282CLH2,TSRYS5875646,D,S,D,2024-09-03,1000000.00,3.927029,99.6640625
08:00:03,91282CLH2,TSRYS5875646,D,S,D,2024-09-03,2000000.00,3.927029,99.6640625
08:00:03,91282CLH2,TSRYS5875646,D,S,D,2024-09-03,2000000.00,3.928061,99.662109375
08:00:03,91282CLH2,TSRYS5875646,D,S,D,2024-09-03,1000000.00,3.928061,99.662109375
08:00:03,91282CLH2,TSRYS5875646,D,S,D,2024-09-03,2000000.00,3.928061,99.662109375
08:00:03,91282CLH2,TSRYS5875646,D,S,D,2024-09-03,1000000.00,3.928061,99.662109375
08:00:05,91282CLH2,TSRYS5875646,D,S,T,2024-09-03,1000000.00,3.929094,99.66015625
08:00:05,91282CLH2,TSRYS5875646,D,S,T,2024-09-03,1000000.00,3.931159,99.65625
08:00:05,91282CLH2,TSRYS5875646,D,S,T,2024-09-03,1000000.00,3.929094,99.66015625
08:00:05,91282CLH2,TSRYS5875646,D,S,T,2024-09-03,1000000.00,3.924964,99.66796875
08:00:05,91282CLH2,TSRYS5875646,D,S,T,2024-09-03,1000000.00,3.93529,99.6484375
08:00:06,91282CLH2,TSRYS5875646,D,B,A,2024-09-03,58665000.00,3.937356,99.64453125
08:00:11,91282CLH2,TSRYS5875646,D,S,A,2024-09-03,900000.00,3.929094,99.66015625
08:00:11,91282CLH2,TSRYS5875646,D,B,A,2024-09-03,651000.00,3.933225,99.65234375
08:00:12,91282CLH2,TSRYS5875646,D,S,D,2024-09-03,1000000.00,3.93529,99.6484375
08:00:12,91282CLH2,TSRYS5875646,D,S,T,2024-09-03,1000000.00,3.937356,99.64453125
08:00:12,91282CLH2,TSRYS5875646,D,S,D,2024-09-03,1000000.00,3.93529,99.6484375
08:00:13,91282CLH2,TSRYS5875646,D,S,T,2024-09-03,1000000.00,3.933225,99.65234375
08:00:13,91282CLH2,TSRYS5875646,D,S,T,2024-09-03,1000000.00,3.933225,99.65234375
08:00:13,91282CLH2,TSRYS5875646,D,S,T,2024-09-03,1000000.00,3.933225,99.65234375
08:00:13,91282CLH2,TSRYS5875646,D,S,T,2024-09-03,1000000.00,3.933225,99.65234375
08:00:13,91282CLH2,TSRYS5875646,D,S,T,2024-09-03,1000000.00,3.933225,99.65234375
08:00:13,91282CLH2,TSRYS5875646,D,S,T,2024-09-03,1000000.00,3.927029,99.6640625
08:00:13,91282CLH2,TSRYS5875646,D,S,T,2024-09-03,1000000.00,3.927029,99.6640625
08:00:13,91282CLH2,TSRYS5875646,D,S,T,2024-09-03,1000000.00,3.927029,99.6640625
08:00:13,91282CLH2,TSRYS5875646,D,S,T,2024-09-03,1000000.00,3.927029,99.6640625
08:00:13,91282CLH2,TSRYS5875646,D,S,T,2024-09-03,1000000.00,3.927029,99.6640625
08:00:13,91282CLH2,TSRYS5875646,D,S,T,2024-09-03,1000000.00,3.930127,99.658203125
08:00:13,91282CLH2,TSRYS5875646,D,S,T,2024-09-03,1000000.00,3.930127,99.658203125
08:00:13,91282CLH2,TSRYS5875646,D,S,T,2024-09-03,1000000.00,3.930127,99.658203125
08:00:13,91282CLH2,TSRYS5875646,D,S,T,2024-09-03,1000000.00,3.930127,99.658203125
08:00:13,91282CLH2,TSRYS5875646,D,S,T,2024-09-03,1000000.00,3.930127,99.658203125
08:00:13,91282CLH2,TSRYS5875646,D,S,T,2024-09-03,1000000.00,3.930127,99.658203125
08:00:13,91282CLH2,TSRYS5875646,D,S,T,2024-09-03,1000000.00,3.930127,99.658203125
08:00:13,91282CLH2,TSRYS5875646,D,S,T,2024-09-03,1000000.00,3.928061,99.662109375
08:00:13,91282CLH2,TSRYS5875646,D,S,T,2024-09-03,1000000.00,3.928061,99.662109375
08:00:13,91282CLH2,TSRYS5875646,D,S,T,2024-09-03,1000000.00,3.928061,99.662109375
08:00:13,91282CLH2,TSRYS5875646,D,S,T,2024-09-03,1000000.00,3.928061,99.662109375
08:00:13,91282CLH2,TSRYS5875646,D,S,T,2024-09-03,1000000.00,3.928061,99.662109375
08:00:13,91282CLH2,TSRYS5875646,D,S,T,2024-09-03,1000000.00,3.928061,99.662109375
08:00:13,91282CLH2,TSRYS5875646,D,S,T,2024-09-03,1000000.00,3.928061,99.662109375
08:00:13,91282CLH2,TSRYS5875646,D,S,T,2024-09-03,1000000.00,3.928061,99.662109375
08:00:13,91282CLH2,TSRYS5875646,D,S,T,2024-09-03,1000000.00,3.928061,99.662109375
08:00:13,91282CLH2,TSRYS5875646,D,S,T,2024-09-03,1000000.00,3.929094,99.66015625
08:00:13,91282CLH2,TSRYS5875646,D,S,T,2024-09-03,1000000.00,3.929094,99.66015625
08:00:13,91282CLH2,TSRYS5875646,D,S,T,2024-09-03,1000000.00,3.929094,99.66015625
08:00:13,91282CLH2,TSRYS5875646,D,S,T,2024-09-03,1000000.00,3.929094,99.66015625
08:00:13,91282CLH2,TSRYS5875646,D,S,T,2024-09-03,1000000.00,3.929094,99.66015625
08:00:13,91282CLH2,TSRYS5875646,D,S,T,2024-09-03,1000000.00,3.929094,99.66015625
08:00:13,91282CLH2,TSRYS5875646,D,S,T,2024-09-03,1000000.00,3.929094,99.66015625
08:00:13,91282CLH2,TSRYS5875646,D,S,D,2024-09-03,1000000.00,3.927029,99.6640625
08:00:13,91282CLH2,TSRYS5875646,D,S,D,2024-09-03,1000000.00,3.927029,99.6640625
08:00:13,91282CLH2,TSRYS5875646,D,S,D,2024-09-03,1000000.00,3.929094,99.66015625
08:00:13,91282CLH2,TSRYS5875646,D,S,T,2024-09-03,2000000.00,3.929094,99.66015625
08:00:13,91282CLH2,TSRYS5875646,D,S,T,2024-09-03,1000000.00,3.929094,99.66015625
08:00:13,91282CLH2,TSRYS5875646,D,S,T,2024-09-03,2000000.00,3.929094,99.66015625
08:00:13,91282CLH2,TSRYS5875646,D,S,T,2024-09-03,2000000.00,3.929094,99.66015625
08:00:13,91282CLH2,TSRYS5875646,D,S,T,2024-09-03,1000000.00,3.927029,99.6640625
08:00:13,91282CLH2,TSRYS5875646,D,S,T,2024-09-03,1000000.00,3.925996,99.666015625
08:00:13,91282CLH2,TSRYS5875646,D,S,T,2024-09-03,1000000.00,3.927029,99.6640625
08:00:13,91282CLH2,TSRYS5875646,D,S,T,2024-09-03,1000000.00,3.925996,99.666015625
08:00:13,91282CLH2,TSRYS5875646,D,S,T,2024-09-03,2000000.00,3.924964,99.66796875
08:00:13,91282CLH2,TSRYS5875646,D,S,T,2024-09-03,1000000.00,3.924964,99.66796875
08:00:13,91282CLH2,TSRYS5875646,D,S,T,2024-09-03,2000000.00,3.924964,99.66796875
08:00:13,91282CLH2,TSRYS5875646,D,S,T,2024-09-03,1000000.00,3.924964,99.66796875
08:00:13,91282CLH2,TSRYS5875646,D,S,T,2024-09-03,2000000.00,3.931159,99.65625
08:00:13,91282CLH2,TSRYS5875646,D,S,T,2024-09-03,1000000.00,3.933225,99.65234375
08:00:13,91282CLH2,TSRYS5875646,D,S,T,2024-09-03,2000000.00,3.933225,99.65234375
08:00:13,91282CLH2,TSRYS5875646,D,S,T,2024-09-03,1000000.00,3.93529,99.6484375
08:00:13,91282CLH2,TSRYS5875646,D,S,T,2024-09-03,2000000.00,3.93529,99.6484375
08:00:13,91282CLH2,TSRYS5875646,D,S,T,2024-09-03,1000000.00,3.93529,99.6484375
08:00:14,91282CLH2,TSRYS5875646,D,S,D,2024-09-03,1000000.00,3.932192,99.654296875
08:00:16,91282CLH2,TSRYS5875646,D,S,D,2024-09-03,1000000.00,3.931159,99.65625
08:00:18,91282CLH2,TSRYS5875646,D,S,D,2024-09-03,1000000.00,3.931159,99.65625
08:00:19,91282CLH2,TSRYS5875646,D,S,D,2024-09-03,1000000.00,3.929094,99.66015625
08:00:19,91282CLH2,TSRYS5875646,D,B,C,2024-09-03,1000000.00,3.929094,99.66015625
08:00:19,91282CLH2,TSRYS5875646,D,S,D,2024-09-03,1000000.00,3.929094,99.66015625
08:00:22,91282CLH2,TSRYS5875646,D,S,D,2024-09-03,1000000.00,3.927029,99.6640625
08:00:22,91282CLH2,TSRYS5875646,D,S,D,2024-09-03,1000000.00,3.927029,99.6640625
08:00:22,91282CLH2,TSRYS5875646,D,B,C,2024-09-03,1000000.00,3.927029,99.6640625
08:00:22,91282CLH2,TSRYS5875646,D,S,D,2024-09-03,3000000.00,3.927029,99.6640625
08:00:22,91282CLH2,TSRYS5875646,D,S,D,2024-09-03,4000000.00,3.927029,99.6640625
08:00:22,91282CLH2,TSRYS5875646,D,S,D,2024-09-03,1000000.00,3.927029,99.6640625
08:00:22,91282CLH2,TSRYS5875646,D,S,D,2024-09-03,1000000.00,3.927029,99.6640625
08:00:22,91282CLH2,TSRYS5875646,D,B,A,2024-09-03,5000000.00,3.93529,99.6484375
08:00:22,91282CLH2,TSRYS5875646,D,S,D,2024-09-03,1000000.00,3.927029,99.6640625
08:00:22,91282CLH2,TSRYS5875646,D,S,D,2024-09-03,1000000.00,3.927029,99.6640625
08:00:22,91282CLH2,TSRYS5875646,D,B,C,2024-09-03,1000000.00,3.927029,99.6640625
08:00:22,91282CLH2,TSRYS5875646,D,S,D,2024-09-03,3000000.00,3.927029,99.6640625
08:00:22,91282CLH2,TSRYS5875646,D,S,D,2024-09-03,4000000.00,3.927029,99.6640625
08:00:22,91282CLH2,TSRYS5875646,D,S,D,2024-09-03,1000000.00,3.927029,99.6640625
08:00:26,91282CLH2,TSRYS5875646,D,S,T,2024-09-03,1000000.00,3.93529,99.6484375
08:00:26,91282CLH2,TSRYS5875646,D,S,T,2024-09-03,1000000.00,3.93529,99.6484375
08:00:26,91282CLH2,TSRYS5875646,D,S,T,2024-09-03,4000000.00,3.93529,99.6484375
08:00:27,91282CLH2,TSRYS5875646,D,S,D,2024-09-03,2000000.00,3.936323,99.646484375
08:00:27,91282CLH2,TSRYS5875646,D,S,D,2024-09-03,1000000.00,3.929094,99.66015625
08:00:27,91282CLH2,TSRYS5875646,D,S,D,2024-09-03,10000000.00,3.931159,99.65625
08:00:27,91282CLH2,TSRYS5875646,D,S,C,2024-09-03,5000000.00,3.924964,99.66796875
08:00:27,91282CLH2,TSRYS5875646,D,S,D,2024-09-03,10000000.00,3.929094,99.66015625
08:00:27,91282CLH2,TSRYS5875646,D,S,D,2024-09-03,2000000.00,3.929094,99.66015625
08:00:27,91282CLH2,TSRYS5875646,D,S,A,2024-09-03,36000.00,3.927029,99.6640625
08:00:28,91282CLH2,TSRYS5875646,D,B,C,2024-09-03,1000000.00,3.929094,99.66015625
08:00:28,91282CLH2,TSRYS5875646,D,S,D,2024-09-03,1000000.00,3.929094,99.66015625
08:00:30,91282CLH2,TSRYS5875646,D,S,T,2024-09-03,4000000.00,3.929094,99.66015625
08:00:30,91282CLH2,TSRYS5875646,D,S,T,2024-09-03,2000000.00,3.936323,99.646484375
08:00:30,91282CLH2,TSRYS5875646,D,S,T,2024-09-03,2000000.00,3.936323,99.646484375
08:00:30,91282CLH2,TSRYS5875646,D,S,T,2024-09-03,3000000.00,3.936323,99.646484375
08:00:30,91282CLH2,TSRYS5875646,D,S,T,2024-09-03,2000000.00,3.937356,99.64453125
08:00:30,91282CLH2,TSRYS5875646,D,S,T,2024-09-03,1000000.00,3.937356,99.64453125
08:00:30,91282CLH2,TSRYS5875646,D,S,T,2024-09-03,1000000.00,3.937356,99.64453125
08:00:30,91282CLH2,TSRYS5875646,D,S,T,2024-09-03,1000000.00,3.933225,99.65234375
08:00:30,91282CLH2,TSRYS5875646,D,S,T,2024-09-03,1000000.00,3.932192,99.654296875
08:00:30,91282CLH2,TSRYS5875646,D,S,T,2024-09-03,1000000.00,3.932192,99.654296875
08:00:30,91282CLH2,TSRYS5875646,D,S,T,2024-09-03,1000000.00,3.932192,99.654296875
08:00:30,91282CLH2,TSRYS5875646,D,S,T,2024-09-03,1000000.00,3.931159,99.65625
08:00:30,91282CLH2,TSRYS5875646,D,S,T,2024-09-03,2000000.00,3.931159,99.65625
08:00:30,91282CLH2,TSRYS5875646,D,S,T,2024-09-03,1000000.00,3.931159,99.65625
08:00:30,91282CLH2,TSRYS5875646,D,S,T,2024-09-03,8000000.00,3.931159,99.65625
08:00:30,91282CLH2,TSRYS5875646,D,S,T,2024-09-03,2000000.00,3.931159,99.65625
08:00:30,91282CLH2,TSRYS5875646,D,S,T,2024-09-03,1000000.00,3.931159,99.65625
08:00:30,91282CLH2,TSRYS5875646,D,S,T,2024-09-03,2000000.00,3.930127,99.658203125
08:00:30,91282CLH2,TSRYS5875646,D,S,T,2024-09-03,2000000.00,3.930127,99.658203125
08:00:30,91282CLH2,TSRYS5875646,D,S,T,2024-09-03,2000000.00,3.929094,99.66015625
08:00:30,91282CLH2,TSRYS5875646,D,S,T,2024-09-03,2000000.00,3.930127,99.658203125
08:00:30,91282CLH2,TSRYS5875646,D,S,T,2024-09-03,1000000.00,3.927029,99.6640625
08:00:30,91282CLH2,TSRYS5875646,D,S,T,2024-09-03,3000000.00,3.927029,99.6640625
08:00:30,91282CLH2,TSRYS5875646,D,B,C,2024-09-03,1000000.00,3.930127,99.658203125
08:00:30,91282CLH2,TSRYS5875646,D,S,D,2024-09-03,1000000.00,3.930127,99.658203125
08:00:30,91282CLH2,TSRYS5875646,D,S,T,2024-09-03,1000000.00,3.928061,99.662109375
08:00:30,91282CLH2,TSRYS5875646,D,S,T,2024-09-03,1000000.00,3.929094,99.66015625
08:00:30,91282CLH2,TSRYS5875646,D,S,T,2024-09-03,1000000.00,3.929094,99.66015625
08:00:30,91282CLH2,TSRYS5875646,D,S,T,2024-09-03,1000000.00,3.929094,99.66015625
08:00:30,91282CLH2,TSRYS5875646,D,S,T,2024-09-03,3000000.00,3.929094,99.66015625
08:00:30,91282CLH2,TSRYS5875646,D,S,T,2024-09-03,2000000.00,3.929094,99.66015625
08:00:30,91282CLH2,TSRYS5875646,D,S,T,2024-09-03,1000000.00,3.928061,99.662109375
08:00:30,91282CLH2,TSRYS5875646,D,S,T,2024-09-03,1000000.00,3.928061,99.662109375
08:00:30,91282CLH2,TSRYS5875646,D,S,T,2024-09-03,1000000.00,3.927029,99.6640625
08:00:30,91282CLH2,TSRYS5875646,D,S,T,2024-09-03,1000000.00,3.928061,99.662109375
08:00:30,91282CLH2,TSRYS5875646,D,S,T,2024-09-03,1000000.00,3.930127,99.658203125
08:00:30,91282CLH2,TSRYS5875646,D,S,T,2024-09-03,1000000.00,3.930127,99.658203125
08:00:30,91282CLH2,TSRYS5875646,D,S,T,2024-09-03,1000000.00,3.931159,99.65625
08:00:30,91282CLH2,TSRYS5875646,D,S,T,2024-09-03,6000000.00,3.931159,99.65625
08:00:30,91282CLH2,TSRYS5875646,D,S,T,2024-09-03,2000000.00,3.931159,99.65625
08:00:30,91282CLH2,TSRYS5875646,D,S,T,2024-09-03,1000000.00,3.931159,99.65625
08:00:30,91282CLH2,TSRYS5875646,D,S,T,2024-09-03,3000000.00,3.933225,99.65234375
08:00:30,91282CLH2,TSRYS5875646,D,S,T,2024-09-03,8000000.00,3.933225,99.65234375
08:00:30,91282CLH2,TSRYS5875646,D,S,T,2024-09-03,5000000.00,3.933225,99.65234375
08:00:30,91282CLH2,TSRYS5875646,D,S,T,2024-09-03,1000000.00,3.933225,99.65234375
08:00:30,91282CLH2,TSRYS5875646,D,S,D,2024-09-03,1000000.00,3.933225,99.65234375
08:00:30,91282CLH2,TSRYS5875646,D,S,T,2024-09-03,3000000.00,3.933225,99.65234375
08:00:30,91282CLH2,TSRYS5875646,D,S,T,2024-09-03,2000000.00,3.931159,99.65625
08:00:30,91282CLH2,TSRYS5875646,D,S,T,2024-09-03,1000000.00,3.929094,99.66015625
08:00:30,91282CLH2,TSRYS5875646,D,S,T,2024-09-03,1000000.00,3.929094,99.66015625
08:00:30,91282CLH2,TSRYS5875646,D,S,T,2024-09-03,1000000.00,3.927029,99.6640625
08:00:30,91282CLH2,TSRYS5875646,D,S,T,2024-09-03,2000000.00,3.927029,99.6640625
08:00:30,91282CLH2,TSRYS5875646,D,S,T,2024-09-03,1000000.00,3.927029,99.6640625
08:00:30,91282CLH2,TSRYS5875646,D,S,T,2024-09-03,1000000.00,3.924964,99.66796875
08:00:30,91282CLH2,TSRYS5875646,D,S,T,2024-09-03,1000000.00,3.927029,99.6640625
08:00:30,91282CLH2,TSRYS5875646,D,S,T,2024-09-03,1000000.00,3.927029,99.6640625
08:00:30,91282CLH2,TSRYS5875646,D,S,T,2024-09-03,1000000.00,3.927029,99.6640625
08:00:30,91282CLH2,TSRYS5875646,D,S,T,2024-09-03,1000000.00,3.929094,99.66015625
08:00:30,91282CLH2,TSRYS5875646,D,S,T,2024-09-03,1000000.00,3.929094,99.66015625
08:00:30,91282CLH2,TSRYS5875646,D,S,T,2024-09-03,1000000.00,3.929094,99.66015625
08:00:30,91282CLH2,TSRYS5875646,D,S,T,2024-09-03,1000000.00,3.929094,99.66015625
08:00:30,91282CLH2,TSRYS5875646,D,S,T,2024-09-03,1000000.00,3.929094,99.66015625
08:00:30,91282CLH2,TSRYS5875646,D,S,T,2024-09-03,2000000.00,3.927029,99.6640625
08:00:30,91282CLH2,TSRYS5875646,D,S,T,2024-09-03,1000000.00,3.927029,99.6640625
08:00:30,91282CLH2,TSRYS5875646,D,S,T,2024-09-03,1000000.00,3.927029,99.6640625
08:00:30,91282CLH2,TSRYS5875646,D,S,T,2024-09-03,1000000.00,3.927029,99.6640625
08:00:30,91282CLH2,TSRYS5875646,D,S,T,2024-09-03,1000000.00,3.927029,99.6640625
08:00:30,91282CLH2,TSRYS5875646,D,S,T,2024-09-03,1000000.00,3.927029,99.6640625
08:00:30,91282CLH2,TSRYS5875646,D,S,T,2024-09-03,1000000.00,3.927029,99.6640625
08:00:30,91282CLH2,TSRYS5875646,D,S,T,2024-09-03,1000000.00,3.927029,99.6640625
08:00:30,91282CLH2,TSRYS5875646,D,S,T,2024-09-03,1000000.00,3.927029,99.6640625
08:00:30,91282CLH2,TSRYS5875646,D,S,T,2024-09-03,1000000.00,3.927029,99.6640625
08:00:30,91282CLH2,TSRYS5875646,D,S,T,2024-09-03,1000000.00,3.929094,99.66015625
08:00:30,91282CLH2,TSRYS5875646,D,S,T,2024-09-03,1000000.00,3.929094,99.66015625
08:00:30,91282CLH2,TSRYS5875646,D,S,T,2024-09-03,1000000.00,3.929094,99.66015625
08:00:30,91282CLH2,TSRYS5875646,D,S,T,2024-09-03,1000000.00,3.929094,99.66015625
08:00:30,91282CLH2,TSRYS5875646,D,S,T,2024-09-03,1000000.00,3.929094,99.66015625
08:00:30,91282CLH2,TSRYS5875646,D,S,T,2024-09-03,1000000.00,3.929094,99.66015625
08:00:30,91282CLH2,TSRYS5875646,D,S,T,2024-09-03,1000000.00,3.929094,99.66015625
08:00:30,91282CLH2,TSRYS5875646,D,S,T,2024-09-03,1000000.00,3.929094,99.66015625
08:00:30,91282CLH2,TSRYS5875646,D,S,T,2024-09-03,1000000.00,3.929094,99.66015625
08:00:30,91282CLH2,TSRYS5875646,D,S,T,2024-09-03,1000000.00,3.929094,99.66015625
08:00:30,91282CLH2,TSRYS5875646,D,S,T,2024-09-03,1000000.00,3.929094,99.66015625
08:00:30,91282CLH2,TSRYS5875646,D,S,T,2024-09-03,1000000.00,3.929094,99.66015625
08:00:30,91282CLH2,TSRYS5875646,D,S,T,2024-09-03,1000000.00,3.929094,99.66015625
08:00:30,91282CLH2,TSRYS5875646,D,S,T,2024-09-03,1000000.00,3.929094,99.66015625
08:00:30,91282CLH2,TSRYS5875646,D,S,T,2024-09-03,1000000.00,3.929094,99.66015625
08:00:30,91282CLH2,TSRYS5875646,D,S,T,2024-09-03,1000000.00,3.929094,99.66015625
08:00:30,91282CLH2,TSRYS5875646,D,S,T,2024-09-03,1000000.00,3.929094,99.66015625
08:00:30,91282CLH2,TSRYS5875646,D,S,T,2024-09-03,1000000.00,3.929094,99.66015625
08:00:30,91282CLH2,TSRYS5875646,D,S,T,2024-09-03,1000000.00,3.929094,99.66015625
08:00:30,91282CLH2,TSRYS5875646,D,S,T,2024-09-03,2000000.00,3.931159,99.65625
08:00:30,91282CLH2,TSRYS5875646,D,S,T,2024-09-03,1000000.00,3.931159,99.65625
08:00:30,91282CLH2,TSRYS5875646,D,S,T,2024-09-03,1000000.00,3.931159,99.65625
08:00:30,91282CLH2,TSRYS5875646,D,S,T,2024-09-03,1000000.00,3.931159,99.65625
08:00:30,91282CLH2,TSRYS5875646,D,S,T,2024-09-03,1000000.00,3.931159,99.65625
08:00:30,91282CLH2,TSRYS5875646,D,S,T,2024-09-03,1000000.00,3.931159,99.65625
08:00:30,91282CLH2,TSRYS5875646,D,S,T,2024-09-03,2000000.00,3.931159,99.65625
08:00:30,91282CLH2,TSRYS5875646,D,S,T,2024-09-03,1000000.00,3.931159,99.65625
08:00:30,91282CLH2,TSRYS5875646,D,S,T,2024-09-03,1000000.00,3.931159,99.65625
08:00:30,91282CLH2,TSRYS5875646,D,S,T,2024-09-03,2000000.00,3.931159,99.65625
08:00:30,91282CLH2,TSRYS5875646,D,S,T,2024-09-03,1000000.00,3.931159,99.65625
08:00:30,91282CLH2,TSRYS5875646,D,S,T,2024-09-03,1000000.00,3.931159,99.65625
08:00:30,91282CLH2,TSRYS5875646,D,S,T,2024-09-03,2000000.00,3.932192,99.654296875
08:00:30,91282CLH2,TSRYS5875646,D,S,T,2024-09-03,2000000.00,3.933225,99.65234375
08:00:30,91282CLH2,TSRYS5875646,D,S,T,2024-09-03,3000000.00,3.933225,99.65234375
08:00:30,91282CLH2,TSRYS5875646,D,S,T,2024-09-03,2000000.00,3.933225,99.65234375
08:00:30,91282CLH2,TSRYS5875646,D,S,T,2024-09-03,3000000.00,3.933225,99.65234375
08:00:30,91282CLH2,TSRYS5875646,D,S,T,2024-09-03,1000000.00,3.933225,99.65234375
08:00:30,91282CLH2,TSRYS5875646,D,S,T,2024-09-03,1000000.00,3.933225,99.65234375
08:00:30,91282CLH2,TSRYS5875646,D,S,T,2024-09-03,2000000.00,3.931159,99.65625
08:00:30,91282CLH2,TSRYS5875646,D,S,T,2024-09-03,1000000.00,3.931159,99.65625
08:00:30,91282CLH2,TSRYS5875646,D,S,T,2024-09-03,1000000.00,3.931159,99.65625
08:00:30,91282CLH2,TSRYS5875646,D,S,T,2024-09-03,3000000.00,3.931159,99.65625
08:00:30,91282CLH2,TSRYS5875646,D,S,T,2024-09-03,2000000.00,3.931159,99.65625
08:00:30,91282CLH2,TSRYS5875646,D,S,T,2024-09-03,1000000.00,3.931159,99.65625
08:00:30,91282CLH2,TSRYS5875646,D,S,T,2024-09-03,4000000.00,3.931159,99.65625
08:00:30,91282CLH2,TSRYS5875646,D,S,T,2024-09-03,1000000.00,3.931159,99.65625
08:00:30,91282CLH2,TSRYS5875646,D,S,T,2024-09-03,2000000.00,3.931159,99.65625
08:00:30,91282CLH2,TSRYS5875646,D,S,T,2024-09-03,4000000.00,3.931159,99.65625
08:00:30,91282CLH2,TSRYS5875646,D,S,T,2024-09-03,4000000.00,3.930127,99.658203125
08:00:30,91282CLH2,TSRYS5875646,D,S,T,2024-09-03,1000000.00,3.930127,99.658203125
08:00:30,91282CLH2,TSRYS5875646,D,S,T,2024-09-03,1000000.00,3.930127,99.658203125
08:00:30,91282CLH2,TSRYS5875646,D,S,T,2024-09-03,1000000.00,3.930127,99.658203125
08:00:30,91282CLH2,TSRYS5875646,D,S,T,2024-09-03,1000000.00,3.930127,99.658203125
08:00:30,91282CLH2,TSRYS5875646,D,S,T,2024-09-03,1000000.00,3.930127,99.658203125
08:00:30,91282CLH2,TSRYS5875646,D,S,T,2024-09-03,1000000.00,3.930127,99.658203125
08:00:30,91282CLH2,TSRYS5875646,D,S,T,2024-09-03,1000000.00,3.930127,99.658203125
08:00:30,91282CLH2,TSRYS5875646,D,S,T,2024-09-03,1000000.00,3.930127,99.658203125
08:00:30,91282CLH2,TSRYS5875646,D,S,T,2024-09-03,1000000.00,3.930127,99.658203125
08:00:30,91282CLH2,TSRYS5875646,D,S,T,2024-09-03,4000000.00,3.930127,99.658203125
08:00:30,91282CLH2,TSRYS5875646,D,S,T,2024-09-03,1000000.00,3.930127,99.658203125
08:00:30,91282CLH2,TSRYS5875646,D,S,T,2024-09-03,1000000.00,3.930127,99.658203125
08:00:30,91282CLH2,TSRYS5875646,D,S,T,2024-09-03,2000000.00,3.931159,99.65625
08:00:31,91282CLH2,TSRYS5875646,D,S,T,2024-09-03,4000000.00,3.931159,99.65625
08:00:31,91282CLH2,TSRYS5875646,D,S,T,2024-09-03,2000000.00,3.931159,99.65625
08:00:31,91282CLH2,TSRYS5875646,D,S,T,2024-09-03,2000000.00,3.929094,99.66015625
08:00:31,91282CLH2,TSRYS5875646,D,S,T,2024-09-03,1000000.00,3.929094,99.66015625
08:00:31,91282CLH2,TSRYS5875646,D,S,T,2024-09-03,1000000.00,3.931159,99.65625
08:00:31,91282CLH2,TSRYS5875646,D,S,T,2024-09-03,1000000.00,3.931159,99.65625
08:00:31,91282CLH2,TSRYS5875646,D,S,T,2024-09-03,2000000.00,3.931159,99.65625
08:00:31,91282CLH2,TSRYS5875646,D,S,T,2024-09-03,1000000.00,3.931159,99.65625
08:00:31,91282CLH2,TSRYS5875646,D,S,T,2024-09-03,1000000.00,3.931159,99.65625
08:00:31,91282CLH2,TSRYS5875646,D,S,T,2024-09-03,3000000.00,3.931159,99.65625
08:00:31,91282CLH2,TSRYS5875646,D,S,T,2024-09-03,1000000.00,3.931159,99.65625
08:00:31,91282CLH2,TSRYS5875646,D,S,T,2024-09-03,1000000.00,3.931159,99.65625
08:00:31,91282CLH2,TSRYS5875646,D,S,T,2024-09-03,1000000.00,3.929094,99.66015625
08:00:31,91282CLH2,TSRYS5875646,D,S,T,2024-09-03,2000000.00,3.929094,99.66015625
08:00:31,91282CLH2,TSRYS5875646,D,S,T,2024-09-03,1000000.00,3.929094,99.66015625
08:00:31,91282CLH2,TSRYS5875646,D,S,T,2024-09-03,1000000.00,3.929094,99.66015625
08:00:31,91282CLH2,TSRYS5875646,D,S,T,2024-09-03,2000000.00,3.929094,99.66015625
08:00:31,91282CLH2,TSRYS5875646,D,S,T,2024-09-03,1000000.00,3.929094,99.66015625
08:00:31,91282CLH2,TSRYS5875646,D,S,T,2024-09-03,1000000.00,3.929094,99.66015625
08:00:31,91282CLH2,TSRYS5875646,D,S,T,2024-09-03,1000000.00,3.929094,99.66015625
08:00:31,91282CLH2,TSRYS5875646,D,S,T,2024-09-03,1000000.00,3.929094,99.66015625
08:00:31,91282CLH2,TSRYS5875646,D,S,T,2024-09-03,1000000.00,3.929094,99.66015625
08:00:31,91282CLH2,TSRYS5875646,D,S,T,2024-09-03,4000000.00,3.929094,99.66015625
08:00:31,91282CLH2,TSRYS5875646,D,S,T,2024-09-03,2000000.00,3.929094,99.66015625
08:00:31,91282CLH2,TSRYS5875646,D,S,T,2024-09-03,2000000.00,3.929094,99.66015625
08:00:31,91282CLH2,TSRYS5875646,D,S,T,2024-09-03,2000000.00,3.929094,99.66015625
08:00:31,91282CLH2,TSRYS5875646,D,S,T,2024-09-03,1000000.00,3.929094,99.66015625
08:00:31,91282CLH2,TSRYS5875646,D,S,T,2024-09-03,1000000.00,3.929094,99.66015625
08:00:31,91282CLH2,TSRYS5875646,D,S,T,2024-09-03,4000000.00,3.924964,99.66796875
08:00:31,91282CLH2,TSRYS5875646,D,S,T,2024-09-03,2000000.00,3.924964,99.66796875
08:00:31,91282CLH2,TSRYS5875646,D,S,T,2024-09-03,1000000.00,3.924964,99.66796875
08:00:31,91282CLH2,TSRYS5875646,D,S,T,2024-09-03,1000000.00,3.924964,99.66796875
08:00:31,91282CLH2,TSRYS5875646,D,S,T,2024-09-03,1000000.00,3.924964,99.66796875
08:00:31,91282CLH2,TSRYS5875646,D,S,T,2024-09-03,1000000.00,3.924964,99.66796875
08:00:31,91282CLH2,TSRYS5875646,D,S,T,2024-09-03,1000000.00,3.924964,99.66796875
08:00:31,91282CLH2,TSRYS5875646,D,S,T,2024-09-03,1000000.00,3.924964,99.66796875
08:00:31,91282CLH2,TSRYS5875646,D,S,T,2024-09-03,1000000.00,3.924964,99.66796875
08:00:31,91282CLH2,TSRYS5875646,D,S,T,2024-09-03,1000000.00,3.924964,99.66796875
08:00:31,91282CLH2,TSRYS5875646,D,S,T,2024-09-03,2000000.00,3.924964,99.66796875
08:00:31,91282CLH2,TSRYS5875646,D,S,T,2024-09-03,1000000.00,3.924964,99.66796875
08:00:31,91282CLH2,TSRYS5875646,D,S,T,2024-09-03,1000000.00,3.924964,99.66796875
08:00:31,91282CLH2,TSRYS5875646,D,S,T,2024-09-03,1000000.00,3.924964,99.66796875
08:00:31,91282CLH2,TSRYS5875646,D,S,T,2024-09-03,1000000.00,3.924964,99.66796875
08:00:31,91282CLH2,TSRYS5875646,D,S,T,2024-09-03,1000000.00,3.924964,99.66796875
08:00:31,91282CLH2,TSRYS5875646,D,S,T,2024-09-03,1000000.00,3.924964,99.66796875
08:00:31,91282CLH2,TSRYS5875646,D,S,T,2024-09-03,1000000.00,3.924964,99.66796875
08:00:31,91282CLH2,TSRYS5875646,D,S,T,2024-09-03,1000000.00,3.924964,99.66796875
08:00:31,91282CLH2,TSRYS5875646,D,S,T,2024-09-03,1000000.00,3.924964,99.66796875
08:00:31,91282CLH2,TSRYS5875646,D,S,T,2024-09-03,1000000.00,3.924964,99.66796875
08:00:31,91282CLH2,TSRYS5875646,D,S,T,2024-09-03,2000000.00,3.924964,99.66796875
08:00:31,91282CLH2,TSRYS5875646,D,S,T,2024-09-03,1000000.00,3.924964,99.66796875
08:00:31,91282CLH2,TSRYS5875646,D,S,T,2024-09-03,1000000.00,3.923931,99.669921875
08:00:31,91282CLH2,TSRYS5875646,D,S,T,2024-09-03,1000000.00,3.924964,99.66796875
08:00:31,91282CLH2,TSRYS5875646,D,S,T,2024-09-03,1000000.00,3.924964,99.66796875
08:00:31,91282CLH2,TSRYS5875646,D,S,T,2024-09-03,3000000.00,3.924964,99.66796875
08:00:31,91282CLH2,TSRYS5875646,D,S,T,2024-09-03,2000000.00,3.924964,99.66796875
08:00:31,91282CLH2,TSRYS5875646,D,S,T,2024-09-03,2000000.00,3.924964,99.66796875
08:00:31,91282CLH2,TSRYS5875646,D,S,T,2024-09-03,1000000.00,3.927029,99.6640625
08:00:31,91282CLH2,TSRYS5875646,D,S,T,2024-09-03,4000000.00,3.925996,99.666015625
08:00:31,91282CLH2,TSRYS5875646,D,S,T,2024-09-03,2000000.00,3.927029,99.6640625
08:00:31,91282CLH2,TSRYS5875646,D,S,T,2024-09-03,1000000.00,3.929094,99.66015625
08:00:31,91282CLH2,TSRYS5875646,D,S,T,2024-09-03,1000000.00,3.929094,99.66015625
08:00:31,91282CLH2,TSRYS5875646,D,S,T,2024-09-03,1000000.00,3.929094,99.66015625
08:00:31,91282CLH2,TSRYS5875646,D,S,T,2024-09-03,1000000.00,3.929094,99.66015625
08:00:31,91282CLH2,TSRYS5875646,D,S,T,2024-09-03,2000000.00,3.929094,99.66015625
08:00:31,91282CLH2,TSRYS5875646,D,S,T,2024-09-03,1000000.00,3.928061,99.662109375
08:00:31,91282CLH2,TSRYS5875646,D,S,T,2024-09-03,1000000.00,3.929094,99.66015625
08:00:31,91282CLH2,TSRYS5875646,D,S,T,2024-09-03,1000000.00,3.929094,99.66015625
08:00:31,91282CLH2,TSRYS5875646,D,S,T,2024-09-03,1000000.00,3.930127,99.658203125
08:00:31,91282CLH2,TSRYS5875646,D,S,T,2024-09-03,1000000.00,3.930127,99.658203125
08:00:31,91282CLH2,TSRYS5875646,D,S,T,2024-09-03,2000000.00,3.930127,99.658203125
08:00:31,91282CLH2,TSRYS5875646,D,S,T,2024-09-03,2000000.00,3.929094,99.66015625
08:00:31,91282CLH2,TSRYS5875646,D,S,T,2024-09-03,4000000.00,3.928061,99.662109375
08:00:31,91282CLH2,TSRYS5875646,D,S,T,2024-09-03,1000000.00,3.928061,99.662109375
08:00:31,91282CLH2,TSRYS5875646,D,S,T,2024-09-03,2000000.00,3.929094,99.66015625
08:00:31,91282CLH2,TSRYS5875646,D,S,T,2024-09-03,1000000.00,3.929094,99.66015625
08:00:31,91282CLH2,TSRYS5875646,D,S,T,2024-09-03,1000000.00,3.929094,99.66015625
08:00:31,91282CLH2,TSRYS5875646,D,S,T,2024-09-03,1000000.00,3.929094,99.66015625
08:00:31,91282CLH2,TSRYS5875646,D,S,T,2024-09-03,1000000.00,3.929094,99.66015625
08:00:31,91282CLH2,TSRYS5875646,D,S,T,2024-09-03,1000000.00,3.929094,99.66015625
08:00:31,91282CLH2,TSRYS5875646,D,S,T,2024-09-03,2000000.00,3.929094,99.66015625
08:00:31,91282CLH2,TSRYS5875646,D,S,T,2024-09-03,1000000.00,3.929094,99.66015625
08:00:31,91282CLH2,TSRYS5875646,D,S,T,2024-09-03,1000000.00,3.929094,99.66015625
08:00:31,91282CLH2,TSRYS5875646,D,S,T,2024-09-03,1000000.00,3.929094,99.66015625
08:00:31,91282CLH2,TSRYS5875646,D,S,T,2024-09-03,1000000.00,3.929094,99.66015625
08:00:31,91282CLH2,TSRYS5875646,D,S,T,2024-09-03,1000000.00,3.929094,99.66015625
08:00:31,91282CLH2,TSRYS5875646,D,S,T,2024-09-03,1000000.00,3.929094,99.66015625
08:00:31,91282CLH2,TSRYS5875646,D,S,T,2024-09-03,1000000.00,3.929094,99.66015625
08:00:31,91282CLH2,TSRYS5875646,D,S,T,2024-09-03,1000000.00,3.929094,99.66015625
08:00:31,91282CLH2,TSRYS5875646,D,S,T,2024-09-03,1000000.00,3.929094,99.66015625
08:00:31,91282CLH2,TSRYS5875646,D,S,T,2024-09-03,1000000.00,3.929094,99.66015625
08:00:31,91282CLH2,TSRYS5875646,D,S,T,2024-09-03,1000000.00,3.930127,99.658203125
08:00:31,91282CLH2,TSRYS5875646,D,S,T,2024-09-03,1000000.00,3.930127,99.658203125
08:00:31,91282CLH2,TSRYS5875646,D,S,T,2024-09-03,1000000.00,3.930127,99.658203125
08:00:31,91282CLH2,TSRYS5875646,D,S,T,2024-09-03,2000000.00,3.930127,99.658203125
08:00:31,91282CLH2,TSRYS5875646,D,S,T,2024-09-03,1000000.00,3.929094,99.66015625
08:00:31,91282CLH2,TSRYS5875646,D,S,T,2024-09-03,2000000.00,3.927029,99.6640625
08:00:31,91282CLH2,TSRYS5875646,D,S,T,2024-09-03,2000000.00,3.924964,99.66796875
08:00:31,91282CLH2,TSRYS5875646,D,S,T,2024-09-03,1000000.00,3.924964,99.66796875
08:00:31,91282CLH2,TSRYS5875646,D,S,T,2024-09-03,2000000.00,3.924964,99.66796875
08:00:31,91282CLH2,TSRYS5875646,D,S,D,2024-09-03,23000000.00,3.93529,99.6484375
08:00:31,91282CLH2,TSRYS5875646,D,S,D,2024-09-03,10000000.00,3.93529,99.6484375
08:00:31,91282CLH2,TSRYS5875646,D,S,D,2024-09-03,1000000.00,3.93529,99.6484375
08:00:31,91282CLH2,TSRYS5875646,D,S,D,2024-09-03,4000000.00,3.93529,99.6484375
08:00:31,91282CLH2,TSRYS5875646,D,S,D,2024-09-03,5000000.00,3.93529,99.6484375
08:00:31,91282CLH2,TSRYS5875646,D,S,D,2024-09-03,4000000.00,3.933225,99.65234375
08:00:31,91282CLH2,TSRYS5875646,D,S,D,2024-09-03,4000000.00,3.933225,99.65234375
08:00:31,91282CLH2,TSRYS5875646,D,S,D,2024-09-03,8000000.00,3.93529,99.6484375
08:00:31,91282CLH2,TSRYS5875646,D,S,T,2024-09-03,2000000.00,3.929094,99.66015625
08:00:31,91282CLH2,TSRYS5875646,D,S,T,2024-09-03,4000000.00,3.930127,99.658203125
08:00:31,91282CLH2,TSRYS5875646,D,S,T,2024-09-03,1000000.00,3.931159,99.65625
08:00:31,91282CLH2,TSRYS5875646,D,S,T,2024-09-03,1000000.00,3.931159,99.65625
08:00:31,91282CLH2,TSRYS5875646,D,S,T,2024-09-03,2000000.00,3.931159,99.65625
08:00:31,91282CLH2,TSRYS5875646,D,S,T,2024-09-03,4000000.00,3.931159,99.65625
08:00:31,91282CLH2,TSRYS5875646,D,S,T,2024-09-03,4000000.00,3.931159,99.65625
08:00:31,91282CLH2,TSRYS5875646,D,S,T,2024-09-03,2000000.00,3.931159,99.65625
08:00:31,91282CLH2,TSRYS5875646,D,S,T,2024-09-03,2000000.00,3.931159,99.65625
08:00:31,91282CLH2,TSRYS5875646,D,S,T,2024-09-03,4000000.00,3.931159,99.65625
08:00:31,91282CLH2,TSRYS5875646,D,S,T,2024-09-03,2000000.00,3.931159,99.65625
08:00:31,91282CLH2,TSRYS5875646,D,S,T,2024-09-03,4000000.00,3.934258,99.650390625
08:00:31,91282CLH2,TSRYS5875646,D,S,T,2024-09-03,4000000.00,3.934258,99.650390625
08:00:31,91282CLH2,TSRYS5875646,D,S,T,2024-09-03,4000000.00,3.934258,99.650390625
08:00:31,91282CLH2,TSRYS5875646,D,S,T,2024-09-03,4000000.00,3.934258,99.650390625
08:00:31,91282CLH2,TSRYS5875646,D,S,T,2024-09-03,2000000.00,3.933225,99.65234375
08:00:31,91282CLH2,TSRYS5875646,D,S,T,2024-09-03,1000000.00,3.933225,99.65234375
08:00:31,91282CLH2,TSRYS5875646,D,S,T,2024-09-03,2000000.00,3.933225,99.65234375
08:00:31,91282CLH2,TSRYS5875646,D,S,T,2024-09-03,2000000.00,3.933225,99.65234375
08:00:31,91282CLH2,TSRYS5875646,D,S,T,2024-09-03,1000000.00,3.933225,99.65234375
08:00:31,91282CLH2,TSRYS5875646,D,S,T,2024-09-03,1000000.00,3.933225,99.65234375
08:00:31,91282CLH2,TSRYS5875646,D,S,T,2024-09-03,2000000.00,3.933225,99.65234375
08:00:31,91282CLH2,TSRYS5875646,D,S,T,2024-09-03,1000000.00,3.93529,99.6484375
08:00:31,91282CLH2,TSRYS5875646,D,S,T,2024-09-03,1000000.00,3.93529,99.6484375
08:00:31,91282CLH2,TSRYS5875646,D,S,T,2024-09-03,1000000.00,3.93529,99.6484375
08:00:31,91282CLH2,TSRYS5875646,D,S,T,2024-09-03,1000000.00,3.93529,99.6484375
08:00:31,91282CLH2,TSRYS5875646,D,S,T,2024-09-03,1000000.00,3.93529,99.6484375
08:00:31,91282CLH2,TSRYS5875646,D,S,T,2024-09-03,1000000.00,3.93529,99.6484375
08:00:31,91282CLH2,TSRYS5875646,D,S,T,2024-09-03,1000000.00,3.93529,99.6484375
08:00:31,91282CLH2,TSRYS5875646,D,S,T,2024-09-03,1000000.00,3.93529,99.6484375
08:00:31,91282CLH2,TSRYS5875646,D,S,T,2024-09-03,1000000.00,3.93529,99.6484375
08:00:31,91282CLH2,TSRYS5875646,D,S,T,2024-09-03,4000000.00,3.933225,99.65234375
08:00:31,91282CLH2,TSRYS5875646,D,S,T,2024-09-03,2000000.00,3.933225,99.65234375
08:00:31,91282CLH2,TSRYS5875646,D,S,T,2024-09-03,1000000.00,3.933225,99.65234375
08:00:31,91282CLH2,TSRYS5875646,D,S,T,2024-09-03,1000000.00,3.933225,99.65234375
08:00:31,91282CLH2,TSRYS5875646,D,S,T,2024-09-03,1000000.00,3.933225,99.65234375
08:00:31,91282CLH2,TSRYS5875646,D,S,T,2024-09-03,2000000.00,3.933225,99.65234375
08:00:31,91282CLH2,TSRYS5875646,D,S,T,2024-09-03,2000000.00,3.93529,99.6484375
08:00:31,91282CLH2,TSRYS5875646,D,S,T,2024-09-03,2000000.00,3.93529,99.6484375
08:00:31,91282CLH2,TSRYS5875646,D,S,T,2024-09-03,1000000.00,3.93529,99.6484375
08:00:31,91282CLH2,TSRYS5875646,D,S,T,2024-09-03,1000000.00,3.93529,99.6484375
08:00:31,91282CLH2,TSRYS5875646,D,S,T,2024-09-03,1000000.00,3.93529,99.6484375
08:00:31,91282CLH2,TSRYS5875646,D,S,T,2024-09-03,1000000.00,3.93529,99.6484375
08:00:31,91282CLH2,TSRYS5875646,D,S,T,2024-09-03,2000000.00,3.93529,99.6484375
08:00:31,91282CLH2,TSRYS5875646,D,S,T,2024-09-03,1000000.00,3.93529,99.6484375
08:00:31,91282CLH2,TSRYS5875646,D,S,T,2024-09-03,1000000.00,3.93529,99.6484375
08:00:31,91282CLH2,TSRYS5875646,D,S,T,2024-09-03,1000000.00,3.93529,99.6484375
08:00:31,91282CLH2,TSRYS5875646,D,S,T,2024-09-03,1000000.00,3.93529,99.6484375
08:00:31,91282CLH2,TSRYS5875646,D,S,T,2024-09-03,1000000.00,3.93529,99.6484375
08:00:31,91282CLH2,TSRYS5875646,D,S,T,2024-09-03,1000000.00,3.93529,99.6484375
08:00:31,91282CLH2,TSRYS5875646,D,S,T,2024-09-03,1000000.00,3.93529,99.6484375
08:00:31,91282CLH2,TSRYS5875646,D,S,T,2024-09-03,1000000.00,3.93529,99.6484375
08:00:31,91282CLH2,TSRYS5875646,D,S,T,2024-09-03,2000000.00,3.93529,99.6484375
08:00:31,91282CLH2,TSRYS5875646,D,S,T,2024-09-03,5000000.00,3.93529,99.6484375
08:00:31,91282CLH2,TSRYS5875646,D,S,T,2024-09-03,2000000.00,3.93529,99.6484375
08:00:31,91282CLH2,TSRYS5875646,D,S,T,2024-09-03,9000000.00,3.937356,99.64453125
08:00:31,91282CLH2,TSRYS5875646,D,S,T,2024-09-03,1000000.00,3.937356,99.64453125
08:00:31,91282CLH2,TSRYS5875646,D,S,T,2024-09-03,1000000.00,3.937356,99.64453125
08:00:31,91282CLH2,TSRYS5875646,D,S,T,2024-09-03,1000000.00,3.937356,99.64453125
08:00:31,91282CLH2,TSRYS5875646,D,S,T,2024-09-03,1000000.00,3.937356,99.64453125
08:00:31,91282CLH2,TSRYS5875646,D,S,T,2024-09-03,1000000.00,3.937356,99.64453125
08:00:31,91282CLH2,TSRYS5875646,D,S,T,2024-09-03,1000000.00,3.937356,99.64453125
08:00:31,91282CLH2,TSRYS5875646,D,S,T,2024-09-03,2000000.00,3.937356,99.64453125
08:00:31,91282CLH2,TSRYS5875646,D,S,T,2024-09-03,26000000.00,3.937356,99.64453125
08:00:31,91282CLH2,TSRYS5875646,D,S,T,2024-09-03,1000000.00,3.937356,99.64453125
08:00:31,91282CLH2,TSRYS5875646,D,S,T,2024-09-03,1000000.00,3.937356,99.64453125
08:00:31,91282CLH2,TSRYS5875646,D,S,T,2024-09-03,1000000.00,3.937356,99.64453125
08:00:31,91282CLH2,TSRYS5875646,D,S,T,2024-09-03,5000000.00,3.937356,99.64453125
08:00:31,91282CLH2,TSRYS5875646,D,S,T,2024-09-03,2000000.00,3.937356,99.64453125
08:00:31,91282CLH2,TSRYS5875646,D,S,T,2024-09-03,4000000.00,3.937356,99.64453125
08:00:31,91282CLH2,TSRYS5875646,D,S,T,2024-09-03,1000000.00,3.937356,99.64453125
08:00:31,91282CLH2,TSRYS5875646,D,S,T,2024-09-03,1000000.00,3.937356,99.64453125
08:00:31,91282CLH2,TSRYS5875646,D,S,T,2024-09-03,2000000.00,3.937356,99.64453125
08:00:31,91282CLH2,TSRYS5875646,D,S,T,2024-09-03,2000000.00,3.937356,99.64453125
08:00:31,91282CLH2,TSRYS5875646,D,S,T,2024-09-03,2000000.00,3.937356,99.64453125
08:00:31,91282CLH2,TSRYS5875646,D,S,T,2024-09-03,2000000.00,3.937356,99.64453125
08:00:31,91282CLH2,TSRYS5875646,D,S,T,2024-09-03,1000000.00,3.937356,99.64453125
08:00:31,91282CLH2,TSRYS5875646,D,S,T,2024-09-03,2000000.00,3.939422,99.640625
08:00:31,91282CLH2,TSRYS5875646,D,S,T,2024-09-03,2000000.00,3.939422,99.640625
08:00:31,91282CLH2,TSRYS5875646,D,S,T,2024-09-03,1000000.00,3.937356,99.64453125
08:00:31,91282CLH2,TSRYS5875646,D,S,T,2024-09-03,1000000.00,3.934258,99.650390625
08:00:31,91282CLH2,TSRYS5875646,D,S,D,2024-09-03,1000000.00,3.936323,99.646484375
08:00:31,91282CLH2,TSRYS5875646,D,S,D,2024-09-03,1000000.00,3.936323,99.646484375
08:00:31,91282CLH2,TSRYS5875646,D,S,D,2024-09-03,1000000.00,3.936323,99.646484375
08:00:31,91282CLH2,TSRYS5875646,D,S,D,2024-09-03,1000000.00,3.936323,99.646484375
08:00:31,91282CLH2,TSRYS5875646,D,S,D,2024-09-03,1000000.00,3.936323,99.646484375
08:00:31,91282CLH2,TSRYS5875646,D,S,D,2024-09-03,1000000.00,3.936323,99.646484375
08:00:31,91282CLH2,TSRYS5875646,D,S,D,2024-09-03,1000000.00,3.932192,99.654296875
08:00:31,91282CLH2,TSRYS5875646,D,S,D,2024-09-03,3000000.00,3.927029,99.6640625
08:00:31,91282CLH2,TSRYS5875646,D,S,D,2024-09-03,3000000.00,3.931159,99.65625
08:00:31,91282CLH2,TSRYS5875646,D,S,D,2024-09-03,3000000.00,3.933225,99.65234375
08:00:31,91282CLH2,TSRYS5875646,D,S,D,2024-09-03,3000000.00,3.933225,99.65234375
08:00:31,91282CLH2,TSRYS5875646,D,S,D,2024-09-03,3000000.00,3.929094,99.66015625
08:00:32,91282CLH2,TSRYS5875646,D,S,D,2024-09-03,4000000.00,3.931159,99.65625
08:00:32,91282CLH2,TSRYS5875646,D,S,D,2024-09-03,1000000.00,3.928061,99.662109375
08:00:32,91282CLH2,TSRYS5875646,D,S,D,2024-09-03,2000000.00,3.928061,99.662109375
08:00:32,91282CLH2,TSRYS5875646,D,S,D,2024-09-03,2000000.00,3.928061,99.662109375
08:00:32,91282CLH2,TSRYS5875646,D,S,D,2024-09-03,1000000.00,3.928061,99.662109375
08:00:32,91282CLH2,TSRYS5875646,D,S,D,2024-09-03,1000000.00,3.931159,99.65625
08:00:32,91282CLH2,TSRYS5875646,D,S,D,2024-09-03,1000000.00,3.931159,99.65625
08:00:32,91282CLH2,TSRYS5875646,D,S,D,2024-09-03,2000000.00,3.931159,99.65625
08:00:32,91282CLH2,TSRYS5875646,D,S,D,2024-09-03,1000000.00,3.931159,99.65625
08:00:32,91282CLH2,TSRYS5875646,D,S,D,2024-09-03,1000000.00,3.931159,99.65625
08:00:32,91282CLH2,TSRYS5875646,D,S,D,2024-09-03,4000000.00,3.928061,99.662109375
08:00:32,91282CLH2,TSRYS5875646,D,S,D,2024-09-03,1000000.00,3.928061,99.662109375
08:00:32,91282CLH2,TSRYS5875646,D,S,D,2024-09-03,3000000.00,3.928061,99.662109375
08:00:32,91282CLH2,TSRYS5875646,D,S,T,2024-09-03,1000000.00,3.931159,99.65625
08:00:32,91282CLH2,TSRYS5875646,D,S,T,2024-09-03,1000000.00,3.931159,99.65625
08:00:32,91282CLH2,TSRYS5875646,D,S,D,2024-09-03,1000000.00,3.931159,99.65625
08:00:32,91282CLH2,TSRYS5875646,D,S,D,2024-09-03,4000000.00,3.929094,99.66015625
08:00:32,91282CLH2,TSRYS5875646,D,S,D,2024-09-03,4000000.00,3.928061,99.662109375
08:00:32,91282CLH2,TSRYS5875646,D,S,D,2024-09-03,3000000.00,3.928061,99.662109375
08:00:32,91282CLH2,TSRYS5875646,D,S,D,2024-09-03,4000000.00,3.931159,99.65625
08:00:32,91282CLH2,TSRYS5875646,D,S,D,2024-09-03,4000000.00,3.934258,99.650390625
08:00:32,91282CLH2,TSRYS5875646,D,S,D,2024-09-03,4000000.00,3.933225,99.65234375
08:00:32,91282CLH2,TSRYS5875646,D,S,D,2024-09-03,1000000.00,3.931159,99.65625
08:00:32,91282CLH2,TSRYS5875646,D,S,D,2024-09-03,4000000.00,3.933225,99.65234375
08:00:32,91282CLH2,TSRYS5875646,D,S,D,2024-09-03,5000000.00,3.937356,99.64453125
08:00:32,91282CLH2,TSRYS5875646,D,S,D,2024-09-03,5000000.00,3.937356,99.64453125
08:00:32,91282CLH2,TSRYS5875646,D,S,D,2024-09-03,1000000.00,3.931159,99.65625
08:00:32,91282CLH2,TSRYS5875646,D,S,D,2024-09-03,1000000.00,3.936323,99.646484375
08:00:32,91282CLH2,TSRYS5875646,D,S,D,2024-09-03,1000000.00,3.936323,99.646484375
08:00:32,91282CLH2,TSRYS5875646,D,S,D,2024-09-03,1000000.00,3.936323,99.646484375
08:00:32,91282CLH2,TSRYS5875646,D,S,D,2024-09-03,1000000.00,3.931159,99.65625
08:00:32,91282CLH2,TSRYS5875646,D,S,D,2024-09-03,1000000.00,3.931159,99.65625
08:00:32,91282CLH2,TSRYS5875646,D,S,D,2024-09-03,1000000.00,3.931159,99.65625
08:00:32,91282CLH2,TSRYS5875646,D,S,D,2024-09-03,1000000.00,3.931159,99.65625
08:00:32,91282CLH2,TSRYS5875646,D,S,D,2024-09-03,1000000.00,3.931159,99.65625
08:00:32,91282CLH2,TSRYS5875646,D,S,D,2024-09-03,1000000.00,3.931159,99.65625
08:00:32,91282CLH2,TSRYS5875646,D,S,D,2024-09-03,1000000.00,3.931159,99.65625
08:00:32,91282CLH2,TSRYS5875646,D,S,D,2024-09-03,1000000.00,3.931159,99.65625
08:00:32,91282CLH2,TSRYS5875646,D,S,D,2024-09-03,2000000.00,3.931159,99.65625
08:00:32,91282CLH2,TSRYS5875646,D,S,D,2024-09-03,1000000.00,3.931159,99.65625
08:00:32,91282CLH2,TSRYS5875646,D,S,D,2024-09-03,2000000.00,3.931159,99.65625
08:00:32,91282CLH2,TSRYS5875646,D,S,D,2024-09-03,1000000.00,3.931159,99.65625
08:00:32,91282CLH2,TSRYS5875646,D,S,D,2024-09-03,2000000.00,3.931159,99.65625
08:00:32,91282CLH2,TSRYS5875646,D,S,D,2024-09-03,1000000.00,3.931159,99.65625
08:00:32,91282CLH2,TSRYS5875646,D,S,D,2024-09-03,2000000.00,3.927029,99.6640625
08:00:32,91282CLH2,TSRYS5875646,D,S,D,2024-09-03,1000000.00,3.927029,99.6640625
08:00:32,91282CLH2,TSRYS5875646,D,S,D,2024-09-03,1000000.00,3.927029,99.6640625
08:00:32,91282CLH2,TSRYS5875646,D,S,D,2024-09-03,2000000.00,3.928061,99.662109375
08:00:32,91282CLH2,TSRYS5875646,D,S,D,2024-09-03,1000000.00,3.928061,99.662109375
08:00:32,91282CLH2,TSRYS5875646,D,S,D,2024-09-03,1000000.00,3.928061,99.662109375
08:00:32,91282CLH2,TSRYS5875646,D,S,D,2024-09-03,1000000.00,3.928061,99.662109375
08:00:32,91282CLH2,TSRYS5875646,D,S,D,2024-09-03,1000000.00,3.928061,99.662109375
08:00:32,91282CLH2,TSRYS5875646,D,S,D,2024-09-03,2000000.00,3.928061,99.662109375
08:00:32,91282CLH2,TSRYS5875646,D,S,D,2024-09-03,1000000.00,3.928061,99.662109375
08:00:32,91282CLH2,TSRYS5875646,D,S,D,2024-09-03,1000000.00,3.928061,99.662109375
08:00:32,91282CLH2,TSRYS5875646,D,S,T,2024-09-03,1000000.00,3.936323,99.646484375
08:00:32,91282CLH2,TSRYS5875646,D,S,T,2024-09-03,1000000.00,3.936323,99.646484375
08:00:32,91282CLH2,TSRYS5875646,D,S,T,2024-09-03,1000000.00,3.936323,99.646484375
08:00:32,91282CLH2,TSRYS5875646,D,S,T,2024-09-03,1000000.00,3.936323,99.646484375
08:00:32,91282CLH2,TSRYS5875646,D,S,T,2024-09-03,1000000.00,3.936323,99.646484375
08:00:32,91282CLH2,TSRYS5875646,D,S,T,2024-09-03,1000000.00,3.936323,99.646484375
08:00:32,91282CLH2,TSRYS5875646,D,S,T,2024-09-03,1000000.00,3.936323,99.646484375
08:00:32,91282CLH2,TSRYS5875646,D,S,T,2024-09-03,1000000.00,3.932192,99.654296875
08:00:32,91282CLH2,TSRYS5875646,D,S,T,2024-09-03,2000000.00,3.929094,99.66015625
08:00:32,91282CLH2,TSRYS5875646,D,S,T,2024-09-03,2000000.00,3.929094,99.66015625
08:00:32,91282CLH2,TSRYS5875646,D,S,T,2024-09-03,3000000.00,3.931159,99.65625
08:00:32,91282CLH2,TSRYS5875646,D,S,T,2024-09-03,3000000.00,3.933225,99.65234375
08:00:32,91282CLH2,TSRYS5875646,D,S,T,2024-09-03,2000000.00,3.933225,99.65234375
08:00:32,91282CLH2,TSRYS5875646,D,S,T,2024-09-03,3000000.00,3.933225,99.65234375
08:00:32,91282CLH2,TSRYS5875646,D,S,T,2024-09-03,2000000.00,3.931159,99.65625
08:00:32,91282CLH2,TSRYS5875646,D,S,T,2024-09-03,4000000.00,3.93529,99.6484375
08:00:32,91282CLH2,TSRYS5875646,D,S,T,2024-09-03,1000000.00,3.93529,99.6484375
08:00:32,91282CLH2,TSRYS5875646,D,S,T,2024-09-03,1000000.00,3.931159,99.65625
08:00:32,91282CLH2,TSRYS5875646,D,S,T,2024-09-03,1000000.00,3.931159,99.65625
08:00:32,91282CLH2,TSRYS5875646,D,S,T,2024-09-03,1000000.00,3.928061,99.662109375
08:00:32,91282CLH2,TSRYS5875646,D,S,T,2024-09-03,1000000.00,3.928061,99.662109375
08:00:32,91282CLH2,TSRYS5875646,D,S,T,2024-09-03,1000000.00,3.928061,99.662109375
08:00:32,91282CLH2,TSRYS5875646,D,S,T,2024-09-03,1000000.00,3.928061,99.662109375
08:00:32,91282CLH2,TSRYS5875646,D,S,T,2024-09-03,1000000.00,3.928061,99.662109375
08:00:32,91282CLH2,TSRYS5875646,D,S,T,2024-09-03,1000000.00,3.928061,99.662109375
08:00:32,91282CLH2,TSRYS5875646,D,S,T,2024-09-03,1000000.00,3.928061,99.662109375
08:00:32,91282CLH2,TSRYS5875646,D,S,T,2024-09-03,3000000.00,3.928061,99.662109375
08:00:32,91282CLH2,TSRYS5875646,D,S,T,2024-09-03,1000000.00,3.928061,99.662109375
08:00:32,91282CLH2,TSRYS5875646,D,S,T,2024-09-03,1000000.00,3.928061,99.662109375
08:00:32,91282CLH2,TSRYS5875646,D,S,T,2024-09-03,1000000.00,3.928061,99.662109375
08:00:32,91282CLH2,TSRYS5875646,D,S,T,2024-09-03,1000000.00,3.928061,99.662109375
08:00:32,91282CLH2,TSRYS5875646,D,S,T,2024-09-03,4000000.00,3.931159,99.65625
08:00:32,91282CLH2,TSRYS5875646,D,S,T,2024-09-03,4000000.00,3.931159,99.65625
08:00:32,91282CLH2,TSRYS5875646,D,S,T,2024-09-03,4000000.00,3.934258,99.650390625
08:00:32,91282CLH2,TSRYS5875646,D,S,T,2024-09-03,4000000.00,3.934258,99.650390625
08:00:32,91282CLH2,TSRYS5875646,D,S,T,2024-09-03,4000000.00,3.934258,99.650390625
08:00:32,91282CLH2,TSRYS5875646,D,S,T,2024-09-03,1000000.00,3.934258,99.650390625
08:00:32,91282CLH2,TSRYS5875646,D,S,T,2024-09-03,4000000.00,3.933225,99.65234375
08:00:32,91282CLH2,TSRYS5875646,D,S,T,2024-09-03,4000000.00,3.933225,99.65234375
08:00:32,91282CLH2,TSRYS5875646,D,S,T,2024-09-03,1000000.00,3.933225,99.65234375
08:00:32,91282CLH2,TSRYS5875646,D,S,T,2024-09-03,1000000.00,3.93529,99.6484375
08:00:32,91282CLH2,TSRYS5875646,D,S,T,2024-09-03,5000000.00,3.93529,99.6484375
08:00:32,91282CLH2,TSRYS5875646,D,S,T,2024-09-03,5000000.00,3.93529,99.6484375
08:00:32,91282CLH2,TSRYS5875646,D,S,T,2024-09-03,5000000.00,3.937356,99.64453125
08:00:32,91282CLH2,TSRYS5875646,D,S,T,2024-09-03,5000000.00,3.937356,99.64453125
08:00:32,91282CLH2,TSRYS5875646,D,S,D,2024-09-03,4000000.00,3.931159,99.65625
08:00:32,91282CLH2,TSRYS5875646,D,S,D,2024-09-03,1000000.00,3.928061,99.662109375
08:00:32,91282CLH2,TSRYS5875646,D,S,D,2024-09-03,2000000.00,3.928061,99.662109375
08:00:32,91282CLH2,TSRYS5875646,D,S,D,2024-09-03,2000000.00,3.928061,99.662109375
08:00:32,91282CLH2,TSRYS5875646,D,S,D,2024-09-03,1000000.00,3.928061,99.662109375
08:00:32,91282CLH2,TSRYS5875646,D,S,D,2024-09-03,1000000.00,3.931159,99.65625
08:00:32,91282CLH2,TSRYS5875646,D,S,D,2024-09-03,1000000.00,3.931159,99.65625
08:00:32,91282CLH2,TSRYS5875646,D,S,D,2024-09-03,2000000.00,3.931159,99.65625
08:00:32,91282CLH2,TSRYS5875646,D,S,D,2024-09-03,1000000.00,3.931159,99.65625
08:00:32,91282CLH2,TSRYS5875646,D,S,D,2024-09-03,1000000.00,3.931159,99.65625
08:00:32,91282CLH2,TSRYS5875646,D,S,D,2024-09-03,4000000.00,3.928061,99.662109375
08:00:32,91282CLH2,TSRYS5875646,D,S,D,2024-09-03,1000000.00,3.928061,99.662109375
08:00:32,91282CLH2,TSRYS5875646,D,S,D,2024-09-03,3000000.00,3.928061,99.662109375
08:00:32,91282CLH2,TSRYS5875646,D,S,T,2024-09-03,1000000.00,3.931159,99.65625
08:00:32,91282CLH2,TSRYS5875646,D,S,T,2024-09-03,1000000.00,3.931159,99.65625
08:00:36,91282CLH2,TSRYS5875646,D,S,D,2024-09-03,1000000.00,3.924964,99.66796875
08:00:36,91282CLH2,TSRYS5875646,D,S,D,2024-09-03,2000000.00,3.929094,99.66015625
08:00:36,91282CLH2,TSRYS5875646,D,S,D,2024-09-03,1000000.00,3.929094,99.66015625
08:00:36,91282CLH2,TSRYS5875646,D,S,D,2024-09-03,1000000.00,3.929094,99.66015625
08:00:36,91282CLH2,TSRYS5875646,D,S,D,2024-09-03,1000000.00,3.929094,99.66015625
08:00:36,91282CLH2,TSRYS5875646,D,S,D,2024-09-03,2000000.00,3.929094,99.66015625
08:00:36,91282CLH2,TSRYS5875646,D,S,D,2024-09-03,1000000.00,3.929094,99.66015625
08:00:36,91282CLH2,TSRYS5875646,D,S,D,2024-09-03,1000000.00,3.928061,99.662109375
08:00:37,91282CLH2,TSRYS5875646,D,S,T,2024-09-03,1000000.00,3.929094,99.66015625
08:00:37,91282CLH2,TSRYS5875646,D,S,C,2024-09-03,1800000.00,3.920656,99.67578125
08:00:37,91282CLH2,TSRYS5875646,D,S,A,2024-09-03,20000000.00,3.931159,99.65625
08:00:37,91282CLH2,TSRYS5875646,D,S,D,2024-09-03,1000000.00,3.93529,99.6484375
08:00:37,91282CLH2,TSRYS5875646,D,S,T,2024-09-03,1000000.00,3.936323,99.646484375
08:00:37,91282CLH2,TSRYS5875646,D,S,T,2024-09-03,1000000.00,3.937356,99.64453125
08:00:37,91282CLH2,TSRYS5875646,D,S,T,2024-09-03,1000000.00,3.932192,99.654296875
08:00:37,91282CLH2,TSRYS5875646,D,S,D,2024-09-03,1000000.00,3.932192,99.654296875
08:00:37,91282CLH2,TSRYS5875646,D,S,D,2024-09-03,1000000.00,3.931159,99.65625
08:00:37,91282CLH2,TSRYS5875646,D,S,T,2024-09-03,1000000.00,3.931159,99.65625
08:00:37,91282CLH2,TSRYS5875646,D,S,D,2024-09-03,1000000.00,3.931159,99.65625
08:00:37,91282CLH2,TSRYS5875646,D,S,D,2024-09-03,1000000.00,3.929094,99.66015625
08:00:37,91282CLH2,TSRYS5875646,D,S,T,2024-09-03,1000000.00,3.929094,99.66015625
08:00:37,91282CLH2,TSRYS5875646,D,S,T,2024-09-03,1000000.00,3.927029,99.6640625
08:00:37,91282CLH2,TSRYS5875646,D,S,A,2024-09-03,1100000.00,3.929094,99.66015625
08:00:37,91282CLH2,TSRYS5875646,D,S,A,2024-09-03,45000000.00,3.926843,99.6640625
08:00:37,91282CLH2,TSRYS5875646,D,S,C,2024-09-03,4360000.00,3.927029,99.6640625
08:00:37,91282CLH2,TSRYS5875646,D,S,T,2024-09-03,15000000.00,3.93529,99.6484375
08:00:37,91282CLH2,TSRYS5875646,D,B,C,2024-09-03,4400000.00,3.929094,99.66015625
08:00:37,91282CLH2,TSRYS5875646,D,S,C,2024-09-03,769000.00,3.927029,99.6640625
08:00:37,91282CLH2,TSRYS5875646,D,S,A,2024-09-03,100000.00,3.925148,99.66796875
08:00:37,91282CLH2,TSRYS5875646,D,S,A,2024-09-03,1000000.00,3.927029,99.6640625
08:00:37,91282CLH2,TSRYS5875646,D,S,D,2024-09-03,5000000.00,3.93529,99.6484375
08:00:37,91282CLH2,TSRYS5875646,D,S,T,2024-09-03,1000000.00,3.930127,99.658203125
08:00:37,91282CLH2,TSRYS5875646,D,S,T,2024-09-03,1000000.00,3.930127,99.658203125
08:00:37,91282CLH2,TSRYS5875646,D,B,A,2024-09-03,6500000.00,3.931159,99.65625
08:00:37,91282CLH2,TSRYS5875646,D,S,T,2024-09-03,1000000.00,3.929094,99.66015625
08:00:37,91282CLH2,TSRYS5875646,D,S,T,2024-09-03,1000000.00,3.929094,99.66015625
08:00:37,91282CLH2,TSRYS5875646,D,S,T,2024-09-03,1000000.00,3.924964,99.66796875
08:00:37,91282CLH2,TSRYS5875646,D,S,T,2024-09-03,1000000.00,3.924964,99.66796875
08:00:37,91282CLH2,TSRYS5875646,D,S,D,2024-09-03,1000000.00,3.924964,99.66796875
08:00:37,91282CLH2,TSRYS5875646,D,S,D,2024-09-03,1000000.00,3.929094,99.66015625
08:00:37,91282CLH2,TSRYS5875646,D,S,T,2024-09-03,1000000.00,3.93529,99.6484375
08:00:37,91282CLH2,TSRYS5875646,D,S,T,2024-09-03,1000000.00,3.925996,99.666015625
08:00:37,91282CLH2,TSRYS5875646,D,S,T,2024-09-03,3000000.00,3.93529,99.6484375
08:00:37,91282CLH2,TSRYS5875646,D,S,T,2024-09-03,1000000.00,3.929094,99.66015625
08:00:38,91282CLH2,TSRYS5875646,D,B,C,2024-09-03,137000000.00,3.931159,99.65625
08:00:38,91282CLH2,TSRYS5875646,D,S,D,2024-09-03,1000000.00,3.928061,99.662109375
08:00:38,91282CLH2,TSRYS5875646,D,S,C,2024-09-03,990000.00,3.929094,99.66015625
08:00:38,91282CLH2,TSRYS5875646,D,S,T,2024-09-03,1000000.00,3.929094,99.66015625
08:00:38,91282CLH2,TSRYS5875646,D,S,T,2024-09-03,4000000.00,3.929094,99.66015625
08:00:38,91282CLH2,TSRYS5875646,D,S,T,2024-09-03,1000000.00,3.929094,99.66015625
08:00:38,91282CLH2,TSRYS5875646,D,S,T,2024-09-03,1000000.00,3.929094,99.66015625
08:00:38,91282CLH2,TSRYS5875646,D,S,T,2024-09-03,1000000.00,3.929094,99.66015625
08:00:38,91282CLH2,TSRYS5875646,D,S,T,2024-09-03,1000000.00,3.929094,99.66015625
08:00:38,91282CLH2,TSRYS5875646,D,S,T,2024-09-03,11000000.00,3.929094,99.66015625
08:00:38,91282CLH2,TSRYS5875646,D,S,T,2024-09-03,1000000.00,3.929094,99.66015625
08:00:38,91282CLH2,TSRYS5875646,D,S,T,2024-09-03,3000000.00,3.929094,99.66015625
08:00:38,91282CLH2,TSRYS5875646,D,S,T,2024-09-03,1000000.00,3.929094,99.66015625
08:00:38,91282CLH2,TSRYS5875646,D,S,T,2024-09-03,2000000.00,3.929094,99.66015625
08:00:38,91282CLH2,TSRYS5875646,D,S,T,2024-09-03,1000000.00,3.929094,99.66015625
08:00:38,91282CLH2,TSRYS5875646,D,S,T,2024-09-03,1000000.00,3.929094,99.66015625
08:00:38,91282CLH2,TSRYS5875646,D,S,T,2024-09-03,7000000.00,3.929094,99.66015625
08:00:38,91282CLH2,TSRYS5875646,D,S,T,2024-09-03,1000000.00,3.929094,99.66015625
08:00:38,91282CLH2,TSRYS5875646,D,S,T,2024-09-03,2000000.00,3.929094,99.66015625
08:00:38,91282CLH2,TSRYS5875646,D,S,T,2024-09-03,1000000.00,3.929094,99.66015625
08:00:38,91282CLH2,TSRYS5875646,D,S,T,2024-09-03,1000000.00,3.929094,99.66015625
08:00:38,91282CLH2,TSRYS5875646,D,S,T,2024-09-03,1000000.00,3.929094,99.66015625
08:00:38,91282CLH2,TSRYS5875646,D,S,T,2024-09-03,1000000.00,3.929094,99.66015625
08:00:38,91282CLH2,TSRYS5875646,D,S,T,2024-09-03,1000000.00,3.929094,99.66015625
08:00:38,91282CLH2,TSRYS5875646,D,S,T,2024-09-03,1000000.00,3.929094,99.66015625
08:00:38,91282CLH2,TSRYS5875646,D,S,T,2024-09-03,1000000.00,3.929094,99.66015625
08:00:38,91282CLH2,TSRYS5875646,D,S,T,2024-09-03,2000000.00,3.929094,99.66015625
08:00:38,91282CLH2,TSRYS5875646,D,S,T,2024-09-03,4000000.00,3.929094,99.66015625
08:00:38,91282CLH2,TSRYS5875646,D,S,T,2024-09-03,2000000.00,3.929094,99.66015625
08:00:38,91282CLH2,TSRYS5875646,D,S,T,2024-09-03,1000000.00,3.929094,99.66015625
08:00:38,91282CLH2,TSRYS5875646,D,S,T,2024-09-03,1000000.00,3.929094,99.66015625
08:00:38,91282CLH2,TSRYS5875646,D,S,T,2024-09-03,1000000.00,3.929094,99.66015625
08:00:38,91282CLH2,TSRYS5875646,D,S,T,2024-09-03,1000000.00,3.929094,99.66015625
08:00:38,91282CLH2,TSRYS5875646,D,S,T,2024-09-03,1000000.00,3.929094,99.66015625
08:00:38,91282CLH2,TSRYS5875646,D,S,T,2024-09-03,2000000.00,3.929094,99.66015625
08:00:38,91282CLH2,TSRYS5875646,D,S,T,2024-09-03,2000000.00,3.929094,99.66015625
08:00:38,91282CLH2,TSRYS5875646,D,S,T,2024-09-03,1000000.00,3.928061,99.662109375
08:00:38,91282CLH2,TSRYS5875646,D,S,T,2024-09-03,1000000.00,3.928061,99.662109375
08:00:38,91282CLH2,TSRYS5875646,D,S,T,2024-09-03,1000000.00,3.928061,99.662109375
08:00:38,91282CLH2,TSRYS5875646,D,S,T,2024-09-03,1000000.00,3.928061,99.662109375
08:00:38,91282CLH2,TSRYS5875646,D,B,C,2024-09-03,5500000.00,3.931159,99.65625
08:00:38,91282CLH2,TSRYS5875646,D,S,D,2024-09-03,1000000.00,3.929094,99.66015625
08:00:38,91282CLH2,TSRYS5875646,D,S,D,2024-09-03,1000000.00,3.927029,99.6640625
08:00:38,91282CLH2,TSRYS5875646,D,B,C,2024-09-03,9550000.00,3.931159,99.65625
08:00:38,91282CLH2,TSRYS5875646,D,S,T,2024-09-03,1000000.00,3.930127,99.658203125
08:00:38,91282CLH2,TSRYS5875646,D,S,D,2024-09-03,1000000.00,3.930127,99.658203125
08:00:38,91282CLH2,TSRYS5875646,D,S,T,2024-09-03,1000000.00,3.931159,99.65625
08:00:38,91282CLH2,TSRYS5875646,D,S,D,2024-09-03,1000000.00,3.931159,99.65625
08:00:38,91282CLH2,TSRYS5875646,D,S,T,2024-09-03,6000000.00,3.931159,99.65625
08:00:38,91282CLH2,TSRYS5875646,D,S,T,2024-09-03,6000000.00,3.931159,99.65625
08:00:38,91282CLH2,TSRYS5875646,D,S,T,2024-09-03,1000000.00,3.931159,99.65625
08:00:38,91282CLH2,TSRYS5875646,D,S,T,2024-09-03,1000000.00,3.931159,99.65625
08:00:38,91282CLH2,TSRYS5875646,D,S,T,2024-09-03,1000000.00,3.931159,99.65625
08:00:38,91282CLH2,TSRYS5875646,D,S,T,2024-09-03,1000000.00,3.931159,99.65625
08:00:38,91282CLH2,TSRYS5875646,D,S,T,2024-09-03,1000000.00,3.931159,99.65625
08:00:38,91282CLH2,TSRYS5875646,D,S,T,2024-09-03,1000000.00,3.931159,99.65625
08:00:38,91282CLH2,TSRYS5875646,D,S,T,2024-09-03,1000000.00,3.931159,99.65625
08:00:38,91282CLH2,TSRYS5875646,D,S,T,2024-09-03,1000000.00,3.931159,99.65625
08:00:38,91282CLH2,TSRYS5875646,D,S,T,2024-09-03,1000000.00,3.931159,99.65625
08:00:38,91282CLH2,TSRYS5875646,D,S,T,2024-09-03,1000000.00,3.931159,99.65625
08:00:38,91282CLH2,TSRYS5875646,D,S,T,2024-09-03,1000000.00,3.931159,99.65625
08:00:38,91282CLH2,TSRYS5875646,D,S,T,2024-09-03,1000000.00,3.931159,99.65625
08:00:38,91282CLH2,TSRYS5875646,D,S,T,2024-09-03,1000000.00,3.931159,99.65625
08:00:38,91282CLH2,TSRYS5875646,D,S,D,2024-09-03,1000000.00,3.933225,99.65234375
08:00:38,91282CLH2,TSRYS5875646,D,S,D,2024-09-03,406000.00,3.933225,99.65234375
08:00:38,91282CLH2,TSRYS5875646,D,S,T,2024-09-03,1000000.00,3.933225,99.65234375
08:00:38,91282CLH2,TSRYS5875646,D,S,T,2024-09-03,1000000.00,3.933225,99.65234375
08:00:38,91282CLH2,TSRYS5875646,D,S,T,2024-09-03,1000000.00,3.93529,99.6484375
08:00:38,91282CLH2,TSRYS5875646,D,B,C,2024-09-03,127878000.00,3.881619,99.75
08:00:38,91282CLH2,TSRYS5875646,D,S,T,2024-09-03,1000000.00,3.939422,99.640625
08:00:38,91282CLH2,TSRYS5875646,D,B,C,2024-09-03,250000.00,3.941488,99.63671875
08:00:38,91282CLH2,TSRYS5875646,D,S,D,2024-09-03,916000.00,3.933225,99.65234375
08:00:38,91282CLH2,TSRYS5875646,D,S,C,2024-09-03,1692000.00,3.933225,99.65234375
08:00:38,91282CLH2,TSRYS5875646,D,S,C,2024-09-03,16200000.00,3.927974,99.6640625
08:00:38,91282CLH2,TSRYS5875646,D,S,T,2024-09-03,2000000.00,3.93529,99.6484375
08:00:38,91282CLH2,TSRYS5875646,D,S,T,2024-09-03,2000000.00,3.93529,99.6484375
08:00:38,91282CLH2,TSRYS5875646,D,S,T,2024-09-03,1000000.00,3.93529,99.6484375
08:00:38,91282CLH2,TSRYS5875646,D,S,D,2024-09-03,1000000.00,3.927029,99.6640625
08:00:38,91282CLH2,TSRYS5875646,D,B,C,2024-09-03,137000000.00,3.931159,99.65625
08:00:38,91282CLH2,TSRYS5875646,D,S,D,2024-09-03,1000000.00,3.928061,99.662109375
08:00:39,91282CLH2,TSRYS5875646,D,B,A,2024-09-03,1700000.00,3.929094,99.66015625
08:00:40,91282CLH2,TSRYS5875646,D,S,A,2024-09-03,4000000.00,3.927216,99.6640625
08:00:40,91282CLH2,TSRYS5875646,D,S,A,2024-09-03,4300000.00,3.931159,99.65625
08:00:40,91282CLH2,TSRYS5875646,D,S,T,2024-09-03,1000000.00,3.931159,99.65625
08:00:40,91282CLH2,TSRYS5875646,D,S,T,2024-09-03,1000000.00,3.931159,99.65625
08:00:41,91282CLH2,TSRYS5875646,D,S,D,2024-09-03,1000000.00,3.930127,99.658203125
08:00:41,91282CLH2,TSRYS5875646,D,S,D,2024-09-03,1000000.00,3.931159,99.65625
08:00:41,91282CLH2,TSRYS5875646,D,S,T,2024-09-03,5000000.00,3.93529,99.6484375
08:00:41,91282CLH2,TSRYS5875646,D,S,D,2024-09-03,700000.00,3.927029,99.6640625
08:00:42,91282CLH2,TSRYS5875646,D,S,D,2024-09-03,4000000.00,3.931159,99.65625
08:00:43,91282CLH2,TSRYS5875646,D,S,D,2024-09-03,1000000.00,3.93529,99.6484375
08:00:43,91282CLH2,TSRYS5875646,D,S,T,2024-09-03,5000000.00,3.93529,99.6484375
08:00:43,91282CLH2,TSRYS5875646,D,S,T,2024-09-03,1000000.00,3.93529,99.6484375
08:00:44,91282CLH2,TSRYS5875646,D,S,T,2024-09-03,2000000.00,3.93529,99.6484375
08:00:44,91282CLH2,TSRYS5875646,D,S,T,2024-09-03,1000000.00,3.93529,99.6484375
08:00:44,91282CLH2,TSRYS5875646,D,S,T,2024-09-03,1000000.00,3.93529,99.6484375
08:00:44,91282CLH2,TSRYS5875646,D,S,T,2024-09-03,1000000.00,3.93529,99.6484375
08:00:44,91282CLH2,TSRYS5875646,D,S,T,2024-09-03,1000000.00,3.93529,99.6484375
08:00:45,91282CLH2,TSRYS5875646,D,S,T,2024-09-03,1000000.00,3.93529,99.6484375
08:00:45,91282CLH2,TSRYS5875646,D,S,T,2024-09-03,10000000.00,3.93529,99.6484375
08:00:45,91282CLH2,TSRYS5875646,D,S,T,2024-09-03,1000000.00,3.93529,99.6484375
08:00:45,91282CLH2,TSRYS5875646,D,B,A,2024-09-03,961000.00,3.927029,99.6640625
08:00:45,91282CLH2,TSRYS5875646,D,S,A,2024-09-03,3000000.00,3.931159,99.65625
08:00:45,91282CLH2,TSRYS5875646,D,S,D,2024-09-03,4000000.00,3.934258,99.650390625
08:00:46,91282CLH2,TSRYS5875646,D,S,D,2024-09-03,4000000.00,3.933066,99.65264375
08:00:46,91282CLH2,TSRYS5875646,D,S,D,2024-09-03,406000.00,3.933066,99.65264375
08:00:46,91282CLH2,TSRYS5875646,D,S,D,2024-09-03,4000000.00,3.933225,99.65234375
08:00:46,91282CLH2,TSRYS5875646,D,S,D,2024-09-03,1000000.00,3.933225,99.65234375
08:00:46,91282CLH2,TSRYS5875646,D,S,D,2024-09-03,1000000.00,3.933225,99.65234375
08:00:46,91282CLH2,TSRYS5875646,D,B,A,2024-09-03,224000.00,3.924964,99.66796875
08:00:46,91282CLH2,TSRYS5875646,D,S,D,2024-09-03,10000000.00,3.93529,99.6484375
08:00:46,91282CLH2,TSRYS5875646,D,S,D,2024-09-03,1000000.00,3.928061,99.662109375
08:00:46,91282CLH2,TSRYS5875646,D,S,D,2024-09-03,900000.00,3.924964,99.66796875
08:00:46,91282CLH2,TSRYS5875646,D,S,T,2024-09-03,1000000.00,3.93529,99.6484375
08:00:47,91282CLH2,TSRYS5875646,D,S,T,2024-09-03,1000000.00,3.929094,99.66015625
08:00:47,91282CLH2,TSRYS5875646,D,S,T,2024-09-03,1000000.00,3.929094,99.66015625
08:00:47,91282CLH2,TSRYS5875646,D,B,A,2024-09-03,1235000.00,3.929094,99.66015625
08:00:47,91282CLH2,TSRYS5875646,D,S,T,2024-09-03,1000000.00,3.93529,99.6484375
08:00:47,91282CLH2,TSRYS5875646,D,S,T,2024-09-03,9000000.00,3.93529,99.6484375
08:00:47,91282CLH2,TSRYS5875646,D,S,D,2024-09-03,4000000.00,3.933225,99.65234375
08:00:47,91282CLH2,TSRYS5875646,D,S,T,2024-09-03,1000000.00,3.929094,99.66015625
08:00:48,91282CLH2,TSRYS5875646,D,S,D,2024-09-03,3000000.00,3.93529,99.6484375
08:00:48,91282CLH2,TSRYS5875646,D,S,D,2024-09-03,1000000.00,3.93529,99.6484375
08:00:48,91282CLH2,TSRYS5875646,D,S,D,2024-09-03,1000000.00,3.93529,99.6484375
08:00:48,91282CLH2,TSRYS5875646,D,S,D,2024-09-03,4000000.00,3.93529,99.6484375
08:00:48,91282CLH2,TSRYS5875646,D,S,D,2024-09-03,1000000.00,3.93529,99.6484375
08:00:48,91282CLH2,TSRYS5875646,D,S,D,2024-09-03,1000000.00,3.93529,99.6484375
08:00:48,91282CLH2,TSRYS5875646,D,S,D,2024-09-03,1000000.00,3.93529,99.6484375
08:00:48,91282CLH2,TSRYS5875646,D,S,D,2024-09-03,1000000.00,3.93529,99.6484375
08:00:48,91282CLH2,TSRYS5875646,D,S,D,2024-09-03,3000000.00,3.93529,99.6484375
08:00:48,91282CLH2,TSRYS5875646,D,S,D,2024-09-03,1000000.00,3.93529,99.6484375
08:00:48,91282CLH2,TSRYS5875646,D,S,D,2024-09-03,1000000.00,3.93529,99.6484375
08:00:48,91282CLH2,TSRYS5875646,D,S,D,2024-09-03,2000000.00,3.93529,99.6484375
08:00:48,91282CLH2,TSRYS5875646,D,S,D,2024-09-03,4000000.00,3.93529,99.6484375
08:00:48,91282CLH2,TSRYS5875646,D,S,D,2024-09-03,1000000.00,3.93529,99.6484375
08:00:48,91282CLH2,TSRYS5875646,D,S,D,2024-09-03,4000000.00,3.93529,99.6484375
08:00:48,91282CLH2,TSRYS5875646,D,S,D,2024-09-03,4000000.00,3.93529,99.6484375
08:00:48,91282CLH2,TSRYS5875646,D,S,D,2024-09-03,4000000.00,3.93529,99.6484375
08:00:48,91282CLH2,TSRYS5875646,D,S,D,2024-09-03,4000000.00,3.93529,99.6484375
08:00:48,91282CLH2,TSRYS5875646,D,S,D,2024-09-03,1000000.00,3.93529,99.6484375
08:00:48,91282CLH2,TSRYS5875646,D,S,D,2024-09-03,3000000.00,3.93529,99.6484375
08:00:48,91282CLH2,TSRYS5875646,D,S,D,2024-09-03,1000000.00,3.93529,99.6484375
08:00:48,91282CLH2,TSRYS5875646,D,S,D,2024-09-03,1000000.00,3.93529,99.6484375
08:00:48,91282CLH2,TSRYS5875646,D,S,D,2024-09-03,4000000.00,3.93529,99.6484375
08:00:48,91282CLH2,TSRYS5875646,D,S,D,2024-09-03,1000000.00,3.93529,99.6484375
08:00:48,91282CLH2,TSRYS5875646,D,S,D,2024-09-03,1000000.00,3.93529,99.6484375
08:00:48,91282CLH2,TSRYS5875646,D,S,D,2024-09-03,1000000.00,3.93529,99.6484375
08:00:48,91282CLH2,TSRYS5875646,D,S,D,2024-09-03,1000000.00,3.93529,99.6484375
08:00:49,91282CLH2,TSRYS5875646,D,S,T,2024-09-03,4000000.00,3.93529,99.6484375
08:00:49,91282CLH2,TSRYS5875646,D,S,T,2024-09-03,1000000.00,3.93529,99.6484375
08:00:49,91282CLH2,TSRYS5875646,D,S,D,2024-09-03,5000000.00,3.937356,99.64453125
08:00:49,91282CLH2,TSRYS5875646,D,S,D,2024-09-03,5000000.00,3.937356,99.64453125
08:00:49,91282CLH2,TSRYS5875646,D,B,A,2024-09-03,191000.00,3.93529,99.6484375
08:00:49,91282CLH2,TSRYS5875646,D,S,D,2024-09-03,23000000.00,3.93529,99.6484375
08:00:49,91282CLH2,TSRYS5875646,D,S,A,2024-09-03,988000.00,3.93529,99.6484375
08:00:50,91282CLH2,TSRYS5875646,D,S,D,2024-09-03,274000.00,3.931159,99.65625
08:00:50,91282CLH2,TSRYS5875646,D,S,D,2024-09-03,5000000.00,3.939422,99.640625
08:00:50,91282CLH2,TSRYS5875646,D,S,T,2024-09-03,1000000.00,3.93529,99.6484375
08:00:50,91282CLH2,TSRYS5875646,D,S,D,2024-09-03,2000000.00,3.939422,99.640625
08:00:50,91282CLH2,TSRYS5875646,D,S,D,2024-09-03,2000000.00,3.939422,99.640625
08:00:50,91282CLH2,TSRYS5875646,D,S,D,2024-09-03,4000000.00,3.939422,99.640625
08:00:50,91282CLH2,TSRYS5875646,D,S,D,2024-09-03,2000000.00,3.939422,99.640625
08:00:50,91282CLH2,TSRYS5875646,D,S,D,2024-09-03,4000000.00,3.939422,99.640625
08:00:50,91282CLH2,TSRYS5875646,D,S,D,2024-09-03,4000000.00,3.939422,99.640625
08:00:50,91282CLH2,TSRYS5875646,D,S,D,2024-09-03,4000000.00,3.939422,99.640625
08:00:50,91282CLH2,TSRYS5875646,D,S,D,2024-09-03,4000000.00,3.939422,99.640625
08:00:50,91282CLH2,TSRYS5875646,D,S,D,2024-09-03,4000000.00,3.939422,99.640625
08:00:50,91282CLH2,TSRYS5875646,D,S,D,2024-09-03,4000000.00,3.939422,99.640625
08:00:50,91282CLH2,TSRYS5875646,D,S,D,2024-09-03,4000000.00,3.939422,99.640625
08:00:50,91282CLH2,TSRYS5875646,D,S,D,2024-09-03,4000000.00,3.939422,99.640625
08:00:50,91282CLH2,TSRYS5875646,D,S,D,2024-09-03,4000000.00,3.939422,99.640625
08:00:50,91282CLH2,TSRYS5875646,D,S,D,2024-09-03,2000000.00,3.939422,99.640625
08:00:50,91282CLH2,TSRYS5875646,D,S,T,2024-09-03,4000000.00,3.93529,99.6484375
08:00:51,91282CLH2,TSRYS5875646,D,B,A,2024-09-03,4261600.00,3.931159,99.65625
08:00:51,91282CLH2,TSRYS5875646,D,S,T,2024-09-03,1000000.00,3.931159,99.65625
08:00:51,91282CLH2,TSRYS5875646,D,S,T,2024-09-03,1000000.00,3.931159,99.65625
08:00:51,91282CLH2,TSRYS5875646,D,S,A,2024-09-03,1000000.00,3.929094,99.66015625
08:00:51,91282CLH2,TSRYS5875646,D,S,T,2024-09-03,1000000.00,3.930127,99.658203125
08:00:51,91282CLH2,TSRYS5875646,D,S,T,2024-09-03,1000000.00,3.929094,99.66015625
08:00:51,91282CLH2,TSRYS5875646,D,B,A,2024-09-03,15000.00,3.927029,99.6640625
08:00:51,91282CLH2,TSRYS5875646,D,S,T,2024-09-03,1000000.00,3.927029,99.6640625
08:00:51,91282CLH2,TSRYS5875646,D,S,T,2024-09-03,1000000.00,3.927029,99.6640625
08:00:51,91282CLH2,TSRYS5875646,D,S,T,2024-09-03,1000000.00,3.927029,99.6640625
08:00:51,91282CLH2,TSRYS5875646,D,S,T,2024-09-03,1000000.00,3.927029,99.6640625
08:00:51,91282CLH2,TSRYS5875646,D,S,T,2024-09-03,1000000.00,3.927029,99.6640625
08:00:51,91282CLH2,TSRYS5875646,D,S,T,2024-09-03,1000000.00,3.927029,99.6640625
08:00:51,91282CLH2,TSRYS5875646,D,B,A,2024-09-03,450000.00,3.929094,99.66015625
08:00:54,91282CLH2,TSRYS5875646,D,S,D,2024-09-03,4000000.00,3.939422,99.640625
08:00:54,91282CLH2,TSRYS5875646,D,S,D,2024-09-03,8000000.00,3.93529,99.6484375
08:00:54,91282CLH2,TSRYS5875646,D,S,D,2024-09-03,2000000.00,3.93529,99.6484375
08:00:54,91282CLH2,TSRYS5875646,D,S,A,2024-09-03,766000.00,3.93529,99.6484375
08:00:54,91282CLH2,TSRYS5875646,D,S,A,2024-09-03,150000000.00,3.931159,99.65625
08:00:54,91282CLH2,TSRYS5875646,D,B,A,2024-09-03,332000.00,3.93529,99.6484375
08:00:55,91282CLH2,TSRYS5875646,D,S,T,2024-09-03,5000000.00,3.93529,99.6484375
08:00:55,91282CLH2,TSRYS5875646,D,S,D,2024-09-03,4000000.00,3.93529,99.6484375
08:00:56,91282CLH2,TSRYS5875646,D,S,T,2024-09-03,2000000.00,3.93529,99.6484375
08:00:56,91282CLH2,TSRYS5875646,D,S,A,2024-09-03,4600000.00,3.931159,99.65625
08:00:56,91282CLH2,TSRYS5875646,D,S,T,2024-09-03,1000000.00,3.93529,99.6484375
08:00:56,91282CLH2,TSRYS5875646,D,S,T,2024-09-03,2000000.00,3.93529,99.6484375
08:00:57,91282CLH2,TSRYS5875646,D,S,D,2024-09-03,5000000.00,3.933225,99.65234375
08:00:57,91282CLH2,TSRYS5875646,D,S,C,2024-09-03,1000.00,3.926656,99.664767
08:00:58,91282CLH2,TSRYS5875646,D,S,A,2024-09-03,12000000.00,3.929094,99.66015625
08:00:58,91282CLH2,TSRYS5875646,D,S,T,2024-09-03,15000000.00,3.924964,99.66796875
08:00:58,91282CLH2,TSRYS5875646,D,S,A,2024-09-03,7600000.00,3.931352,99.65625
08:00:58,91282CLH2,TSRYS5875646,D,S,A,2024-09-03,8460000.00,3.931159,99.65625
08:00:58,91282CLH2,TSRYS5875646,D,S,A,2024-09-03,62000.00,3.929094,99.660156
08:00:59,91282CLH2,TSRYS5875646,D,S,T,2024-09-03,10000000.00,3.933225,99.65234375
08:00:59,91282CLH2,TSRYS5875646,D,S,T,2024-09-03,1000000.00,3.93529,99.6484375
08:00:59,91282CLH2,TSRYS5875646,D,S,D,2024-09-03,1000000.00,3.938389,99.642578125
08:01:00,91282CLH2,TSRYS5875646,D,B,C,2024-09-03,2000000.00,3.931159,99.65625
08:01:00,91282CLH2,TSRYS5875646,D,B,C,2024-09-03,2000000.00,3.931159,99.65625
08:01:00,91282CLH2,TSRYS5875646,D,S,C,2024-09-03,2000000.00,3.931159,99.65625
08:01:00,91282CLH2,TSRYS5875646,D,S,C,2024-09-03,2000000.00,3.931159,99.65625
08:01:01,91282CLH2,TSRYS5875646,D,S,T,2024-09-03,1000000.00,3.931159,99.65625
08:01:01,91282CLH2,TSRYS5875646,D,B,A,2024-09-03,846000.00,3.937356,99.64453125
08:01:02,91282CLH2,TSRYS5875646,D,B,A,2024-09-03,1634000.00,3.933225,99.65234375
08:01:02,91282CLH2,TSRYS5875646,D,S,C,2024-09-03,1000000.00,3.931159,99.65625
08:01:02,91282CLH2,TSRYS5875646,D,B,C,2024-09-03,4000000.00,3.931159,99.65625
08:01:02,91282CLH2,TSRYS5875646,D,B,C,2024-09-03,1000000.00,3.931159,99.65625
08:01:02,91282CLH2,TSRYS5875646,D,S,C,2024-09-03,4000000.00,3.931159,99.65625
08:01:02,91282CLH2,TSRYS5875646,D,S,D,2024-09-03,1000000.00,3.93529,99.6484375
08:01:02,91282CLH2,TSRYS5875646,D,B,C,2024-09-03,1000000.00,3.936323,99.646484375
08:01:02,91282CLH2,TSRYS5875646,D,S,D,2024-09-03,1000000.00,3.93529,99.6484375
08:01:02,91282CLH2,TSRYS5875646,D,S,D,2024-09-03,1000000.00,3.936323,99.646484375
08:01:02,91282CLH2,TSRYS5875646,D,S,C,2024-09-03,2000000.00,3.936323,99.646484375
08:01:02,91282CLH2,TSRYS5875646,D,B,C,2024-09-03,2000000.00,3.936323,99.646484375
08:01:02,91282CLH2,TSRYS5875646,D,S,D,2024-09-03,2000000.00,3.936323,99.646484375
08:01:03,91282CLH2,TSRYS5875646,D,S,D,2024-09-03,1000000.00,3.934258,99.650390625
08:01:03,91282CLH2,TSRYS5875646,D,B,C,2024-09-03,1000000.00,3.934258,99.650390625
08:01:03,91282CLH2,TSRYS5875646,D,S,C,2024-09-03,1000000.00,3.932192,99.654296875
08:01:03,91282CLH2,TSRYS5875646,D,S,C,2024-09-03,1000000.00,3.932192,99.654296875
08:01:03,91282CLH2,TSRYS5875646,D,S,C,2024-09-03,1000000.00,3.932192,99.654296875
08:01:03,91282CLH2,TSRYS5875646,D,S,D,2024-09-03,1000000.00,3.931159,99.65625
08:01:03,91282CLH2,TSRYS5875646,D,B,C,2024-09-03,1000000.00,3.931159,99.65625
08:01:03,91282CLH2,TSRYS5875646,D,S,D,2024-09-03,2000000.00,3.931159,99.65625
08:01:03,91282CLH2,TSRYS5875646,D,B,C,2024-09-03,2000000.00,3.931159,99.65625
08:01:03,91282CLH2,TSRYS5875646,D,S,D,2024-09-03,1000000.00,3.931159,99.65625
08:01:03,91282CLH2,TSRYS5875646,D,S,D,2024-09-03,1000000.00,3.931159,99.65625
08:01:03,91282CLH2,TSRYS5875646,D,S,D,2024-09-03,1000000.00,3.929094,99.66015625
08:01:03,91282CLH2,TSRYS5875646,D,S,D,2024-09-03,1000000.00,3.929094,99.66015625
08:01:03,91282CLH2,TSRYS5875646,D,B,C,2024-09-03,1000000.00,3.927029,99.6640625
08:01:03,91282CLH2,TSRYS5875646,D,S,D,2024-09-03,1000000.00,3.927029,99.6640625
08:01:03,91282CLH2,TSRYS5875646,D,S,D,2024-09-03,1000000.00,3.927029,99.6640625
08:01:03,91282CLH2,TSRYS5875646,D,S,D,2024-09-03,1000000.00,3.927029,99.6640625
08:01:03,91282CLH2,TSRYS5875646,D,B,A,2024-09-03,575000.00,3.933225,99.65234375
08:01:03,91282CLH2,TSRYS5875646,D,S,D,2024-09-03,4000000.00,3.927029,99.6640625
08:01:03,91282CLH2,TSRYS5875646,D,B,A,2024-09-03,575000.00,3.933225,99.65234375
08:01:03,91282CLH2,TSRYS5875646,D,S,D,2024-09-03,1000000.00,3.929094,99.66015625
08:01:03,91282CLH2,TSRYS5875646,D,S,T,2024-09-03,1000000.00,3.935343,99.6483375
08:01:03,91282CLH2,TSRYS5875646,D,S,A,2024-09-03,53984000.00,3.924787,99.66830375
08:01:04,91282CLH2,TSRYS5875646,D,S,D,2024-09-03,3000000.00,3.931159,99.65625
08:01:04,91282CLH2,TSRYS5875646,D,S,D,2024-09-03,10000000.00,3.931159,99.65625
08:01:04,91282CLH2,TSRYS5875646,D,S,D,2024-09-03,1000000.00,3.933225,99.65234375
08:01:04,91282CLH2,TSRYS5875646,D,S,D,2024-09-03,3000000.00,3.933225,99.65234375
08:01:04,91282CLH2,TSRYS5875646,D,S,D,2024-09-03,2000000.00,3.931159,99.65625
08:01:04,91282CLH2,TSRYS5875646,D,S,D,2024-09-03,3000000.00,3.933225,99.65234375
08:01:04,91282CLH2,TSRYS5875646,D,S,D,2024-09-03,1000000.00,3.933225,99.65234375
08:01:04,91282CLH2,TSRYS5875646,D,S,D,2024-09-03,10000000.00,3.929094,99.66015625
08:01:04,91282CLH2,TSRYS5875646,D,S,D,2024-09-03,3000000.00,3.929094,99.66015625
08:01:04,91282CLH2,TSRYS5875646,D,S,D,2024-09-03,1000000.00,3.930127,99.658203125
08:01:04,91282CLH2,TSRYS5875646,D,B,C,2024-09-03,1000000.00,3.928061,99.662109375
08:01:04,91282CLH2,TSRYS5875646,D,S,D,2024-09-03,1000000.00,3.928061,99.662109375
08:01:04,91282CLH2,TSRYS5875646,D,B,C,2024-09-03,1000000.00,3.928061,99.662109375
08:01:04,91282CLH2,TSRYS5875646,D,B,C,2024-09-03,1000000.00,3.931159,99.65625
08:01:04,91282CLH2,TSRYS5875646,D,S,D,2024-09-03,1000000.00,3.931159,99.65625
08:01:04,91282CLH2,TSRYS5875646,D,S,D,2024-09-03,1000000.00,3.928061,99.662109375
08:01:04,91282CLH2,TSRYS5875646,D,S,D,2024-09-03,1000000.00,3.931159,99.65625
08:01:04,91282CLH2,TSRYS5875646,D,S,D,2024-09-03,23000000.00,3.93529,99.6484375
08:01:04,91282CLH2,TSRYS5875646,D,S,D,2024-09-03,1000000.00,3.929094,99.66015625
08:01:04,91282CLH2,TSRYS5875646,D,B,C,2024-09-03,2000000.00,3.927029,99.6640625
08:01:04,91282CLH2,TSRYS5875646,D,B,C,2024-09-03,1000000.00,3.932192,99.654296875
08:01:04,91282CLH2,TSRYS5875646,D,B,C,2024-09-03,1000000.00,3.930127,99.658203125
08:01:04,91282CLH2,TSRYS5875646,D,B,C,2024-09-03,1000000.00,3.931159,99.65625
08:01:04,91282CLH2,TSRYS5875646,D,S,C,2024-09-03,10000000.00,3.93529,99.6484375
08:01:04,91282CLH2,TSRYS5875646,D,S,D,2024-09-03,4000000.00,3.933225,99.65234375
08:01:04,91282CLH2,TSRYS5875646,D,S,C,2024-09-03,2000000.00,3.927029,99.6640625
08:01:04,91282CLH2,TSRYS5875646,D,S,D,2024-09-03,5000000.00,3.93529,99.6484375
08:01:04,91282CLH2,TSRYS5875646,D,S,D,2024-09-03,1000000.00,3.932192,99.654296875
08:01:04,91282CLH2,TSRYS5875646,D,B,C,2024-09-03,1000000.00,3.931159,99.65625
08:01:04,91282CLH2,TSRYS5875646,D,S,D,2024-09-03,4000000.00,3.933225,99.65234375
08:01:04,91282CLH2,TSRYS5875646,D,S,C,2024-09-03,1000000.00,3.931159,99.65625
08:01:04,91282CLH2,TSRYS5875646,D,S,D,2024-09-03,1000000.00,3.930127,99.658203125
08:01:04,91282CLH2,TSRYS5875646,D,S,C,2024-09-03,3000000.00,3.932192,99.654296875
08:01:04,91282CLH2,TSRYS5875646,D,B,C,2024-09-03,10000000.00,3.931159,99.65625
08:01:04,91282CLH2,TSRYS5875646,D,S,D,2024-09-03,3000000.00,3.931159,99.65625
08:01:05,91282CLH2,TSRYS5875646,D,B,C,2024-09-03,1000000.00,3.930127,99.658203125
08:01:05,91282CLH2,TSRYS5875646,D,S,D,2024-09-03,4000000.00,3.931159,99.65625
08:01:05,91282CLH2,TSRYS5875646,D,B,C,2024-09-03,4000000.00,3.925996,99.666015625
08:01:05,91282CLH2,TSRYS5875646,D,S,D,2024-09-03,4000000.00,3.925996,99.666015625
08:01:05,91282CLH2,TSRYS5875646,D,S,D,2024-09-03,3000000.00,3.931159,99.65625
08:01:05,91282CLH2,TSRYS5875646,D,B,C,2024-09-03,3000000.00,3.932192,99.654296875
08:01:05,91282CLH2,TSRYS5875646,D,S,D,2024-09-03,10000000.00,3.931159,99.65625
08:01:05,91282CLH2,TSRYS5875646,D,B,C,2024-09-03,3000000.00,3.931159,99.65625
08:01:05,91282CLH2,TSRYS5875646,D,S,T,2024-09-03,1000000.00,3.930127,99.658203125
08:01:05,91282CLH2,TSRYS5875646,D,S,D,2024-09-03,4000000.00,3.929094,99.66015625
08:01:05,91282CLH2,TSRYS5875646,D,S,T,2024-09-03,2000000.00,3.930127,99.658203125
08:01:05,91282CLH2,TSRYS5875646,D,S,D,2024-09-03,4000000.00,3.929094,99.66015625
08:01:05,91282CLH2,TSRYS5875646,D,S,C,2024-09-03,1000000.00,3.929094,99.66015625
08:01:05,91282CLH2,TSRYS5875646,D,S,D,2024-09-03,1000000.00,3.924964,99.66796875
08:01:05,91282CLH2,TSRYS5875646,D,S,D,2024-09-03,2000000.00,3.924964,99.66796875
08:01:05,91282CLH2,TSRYS5875646,D,S,D,2024-09-03,3000000.00,3.924964,99.66796875
08:01:05,91282CLH2,TSRYS5875646,D,S,C,2024-09-03,6000000.00,3.925996,99.666015625
08:01:05,91282CLH2,TSRYS5875646,D,B,C,2024-09-03,6000000.00,3.925996,99.666015625
08:01:05,91282CLH2,TSRYS5875646,D,S,D,2024-09-03,3000000.00,3.927029,99.6640625
08:01:05,91282CLH2,TSRYS5875646,D,B,C,2024-09-03,3000000.00,3.927029,99.6640625
08:01:05,91282CLH2,TSRYS5875646,D,S,D,2024-09-03,1000000.00,3.927029,99.6640625
08:01:05,91282CLH2,TSRYS5875646,D,B,C,2024-09-03,1000000.00,3.927029,99.6640625
08:01:05,91282CLH2,TSRYS5875646,D,S,D,2024-09-03,4000000.00,3.927029,99.6640625
08:01:05,91282CLH2,TSRYS5875646,D,B,C,2024-09-03,4000000.00,3.927029,99.6640625
08:01:05,91282CLH2,TSRYS5875646,D,S,C,2024-09-03,1000000.00,3.927029,99.6640625
08:01:05,91282CLH2,TSRYS5875646,D,B,C,2024-09-03,1000000.00,3.927029,99.6640625
08:01:05,91282CLH2,TSRYS5875646,D,S,D,2024-09-03,1000000.00,3.927029,99.6640625
08:01:05,91282CLH2,TSRYS5875646,D,B,C,2024-09-03,1000000.00,3.927029,99.6640625
08:01:05,91282CLH2,TSRYS5875646,D,B,C,2024-09-03,4000000.00,3.927029,99.6640625
08:01:05,91282CLH2,TSRYS5875646,D,S,D,2024-09-03,4000000.00,3.927029,99.6640625
08:01:05,91282CLH2,TSRYS5875646,D,B,C,2024-09-03,1000000.00,3.927029,99.6640625
08:01:05,91282CLH2,TSRYS5875646,D,S,D,2024-09-03,1000000.00,3.927029,99.6640625
08:01:05,91282CLH2,TSRYS5875646,D,S,D,2024-09-03,2000000.00,3.929094,99.66015625
08:01:05,91282CLH2,TSRYS5875646,D,S,D,2024-09-03,1000000.00,3.929094,99.66015625
08:01:05,91282CLH2,TSRYS5875646,D,S,D,2024-09-03,1000000.00,3.929094,99.66015625
08:01:05,91282CLH2,TSRYS5875646,D,S,D,2024-09-03,1000000.00,3.929094,99.66015625
08:01:05,91282CLH2,TSRYS5875646,D,S,D,2024-09-03,1000000.00,3.929094,99.66015625
08:01:05,91282CLH2,TSRYS5875646,D,S,D,2024-09-03,2000000.00,3.929094,99.66015625
08:01:05,91282CLH2,TSRYS5875646,D,S,C,2024-09-03,1000000.00,3.928061,99.662109375
08:01:05,91282CLH2,TSRYS5875646,D,B,C,2024-09-03,1000000.00,3.928061,99.662109375
08:01:05,91282CLH2,TSRYS5875646,D,B,C,2024-09-03,2000000.00,3.929094,99.66015625
08:01:05,91282CLH2,TSRYS5875646,D,S,D,2024-09-03,1000000.00,3.928061,99.662109375
08:01:05,91282CLH2,TSRYS5875646,D,B,C,2024-09-03,2000000.00,3.928061,99.662109375
08:01:05,91282CLH2,TSRYS5875646,D,S,D,2024-09-03,2000000.00,3.929094,99.66015625
08:01:05,91282CLH2,TSRYS5875646,D,S,D,2024-09-03,2000000.00,3.928061,99.662109375
08:01:05,91282CLH2,TSRYS5875646,D,S,D,2024-09-03,1000000.00,3.929094,99.66015625
08:01:05,91282CLH2,TSRYS5875646,D,S,D,2024-09-03,1000000.00,3.927029,99.6640625
08:01:05,91282CLH2,TSRYS5875646,D,S,C,2024-09-03,2000000.00,3.929094,99.66015625
08:01:05,91282CLH2,TSRYS5875646,D,S,D,2024-09-03,1000000.00,3.929094,99.66015625
08:01:05,91282CLH2,TSRYS5875646,D,B,C,2024-09-03,1000000.00,3.929094,99.66015625
08:01:05,91282CLH2,TSRYS5875646,D,S,D,2024-09-03,1000000.00,3.930127,99.658203125
08:01:05,91282CLH2,TSRYS5875646,D,B,C,2024-09-03,1000000.00,3.930127,99.658203125
08:01:05,91282CLH2,TSRYS5875646,D,S,D,2024-09-03,1000000.00,3.930127,99.658203125
08:01:05,91282CLH2,TSRYS5875646,D,B,C,2024-09-03,1000000.00,3.930127,99.658203125
08:01:05,91282CLH2,TSRYS5875646,D,S,C,2024-09-03,10000000.00,3.930127,99.658203125
08:01:05,91282CLH2,TSRYS5875646,D,B,C,2024-09-03,10000000.00,3.930127,99.658203125
08:01:05,91282CLH2,TSRYS5875646,D,B,C,2024-09-03,1000000.00,3.930127,99.658203125
08:01:05,91282CLH2,TSRYS5875646,D,S,D,2024-09-03,1000000.00,3.930127,99.658203125
08:01:05,91282CLH2,TSRYS5875646,D,B,C,2024-09-03,1000000.00,3.930127,99.658203125
08:01:05,91282CLH2,TSRYS5875646,D,B,C,2024-09-03,4000000.00,3.930127,99.658203125
08:01:05,91282CLH2,TSRYS5875646,D,S,D,2024-09-03,1000000.00,3.930127,99.658203125
08:01:05,91282CLH2,TSRYS5875646,D,S,D,2024-09-03,4000000.00,3.930127,99.658203125
08:01:05,91282CLH2,TSRYS5875646,D,B,C,2024-09-03,4000000.00,3.930127,99.658203125
08:01:05,91282CLH2,TSRYS5875646,D,S,D,2024-09-03,4000000.00,3.930127,99.658203125
08:01:05,91282CLH2,TSRYS5875646,D,B,C,2024-09-03,1000000.00,3.930127,99.658203125
08:01:05,91282CLH2,TSRYS5875646,D,S,D,2024-09-03,1000000.00,3.930127,99.658203125
08:01:05,91282CLH2,TSRYS5875646,D,S,C,2024-09-03,7000000.00,3.931159,99.65625
08:01:05,91282CLH2,TSRYS5875646,D,B,C,2024-09-03,7000000.00,3.931159,99.65625
08:01:05,91282CLH2,TSRYS5875646,D,S,C,2024-09-03,3000000.00,3.931159,99.65625
08:01:05,91282CLH2,TSRYS5875646,D,B,C,2024-09-03,3000000.00,3.931159,99.65625
08:01:05,91282CLH2,TSRYS5875646,D,S,D,2024-09-03,2000000.00,3.931159,99.65625
08:01:05,91282CLH2,TSRYS5875646,D,B,C,2024-09-03,2000000.00,3.931159,99.65625
08:01:05,91282CLH2,TSRYS5875646,D,B,C,2024-09-03,1000000.00,3.931159,99.65625
08:01:05,91282CLH2,TSRYS5875646,D,S,D,2024-09-03,1000000.00,3.931159,99.65625
08:01:05,91282CLH2,TSRYS5875646,D,S,D,2024-09-03,1000000.00,3.931159,99.65625
08:01:05,91282CLH2,TSRYS5875646,D,B,C,2024-09-03,1000000.00,3.931159,99.65625
08:01:05,91282CLH2,TSRYS5875646,D,S,D,2024-09-03,4000000.00,3.932192,99.654296875
08:01:06,91282CLH2,TSRYS5875646,D,S,T,2024-09-03,2000000.00,3.933225,99.65234375
08:01:06,91282CLH2,TSRYS5875646,D,S,T,2024-09-03,1000000.00,3.933225,99.65234375
08:01:06,91282CLH2,TSRYS5875646,D,S,T,2024-09-03,1000000.00,3.933225,99.65234375
08:01:06,91282CLH2,TSRYS5875646,D,B,A,2024-09-03,1000000.00,3.93529,99.6484375
08:01:06,91282CLH2,TSRYS5875646,D,S,T,2024-09-03,4000000.00,3.93529,99.6484375
08:01:06,91282CLH2,TSRYS5875646,D,S,T,2024-09-03,4000000.00,3.93529,99.6484375
08:01:06,91282CLH2,TSRYS5875646,D,S,T,2024-09-03,1000000.00,3.93529,99.6484375
08:01:06,91282CLH2,TSRYS5875646,D,S,T,2024-09-03,2000000.00,3.93529,99.6484375
08:01:06,91282CLH2,TSRYS5875646,D,S,T,2024-09-03,1000000.00,3.93529,99.6484375
08:01:06,91282CLH2,TSRYS5875646,D,S,T,2024-09-03,3000000.00,3.93529,99.6484375
08:01:06,91282CLH2,TSRYS5875646,D,S,T,2024-09-03,2000000.00,3.93529,99.6484375
08:01:06,91282CLH2,TSRYS5875646,D,S,T,2024-09-03,3000000.00,3.93529,99.6484375
08:01:06,91282CLH2,TSRYS5875646,D,S,T,2024-09-03,4000000.00,3.93529,99.6484375
08:01:06,91282CLH2,TSRYS5875646,D,S,A,2024-09-03,1000000.00,3.931159,99.65625
08:01:07,91282CLH2,TSRYS5875646,D,S,C,2024-09-03,221200000.00,3.933225,99.65234375
08:01:08,91282CLH2,TSRYS5875646,D,S,C,2024-09-03,240000.00,3.933225,99.65234375
08:01:09,91282CLH2,TSRYS5875646,D,S,A,2024-09-03,90000.00,3.933225,99.65234375
08:01:10,91282CLH2,TSRYS5875646,D,S,C,2024-09-03,250MM+,3.929094,99.66015625
08:01:10,91282CLH2,TSRYS5875646,D,S,A,2024-09-03,500000.00,3.929094,99.66015625
08:01:10,91282CLH2,TSRYS5875646,D,S,T,2024-09-03,1000000.00,3.928061,99.662109375
08:01:10,91282CLH2,TSRYS5875646,D,S,A,2024-09-03,6500000.00,3.930968,99.65625
08:01:10,91282CLH2,TSRYS5875646,D,S,D,2024-09-03,3000000.00,3.924964,99.66796875
08:01:10,91282CLH2,TSRYS5875646,D,S,D,2024-09-03,2000000.00,3.924964,99.66796875
08:01:10,91282CLH2,TSRYS5875646,D,S,D,2024-09-03,4000000.00,3.932192,99.654296875
08:01:10,91282CLH2,TSRYS5875646,D,S,C,2024-09-03,250MM+,3.929094,99.66015625
08:01:10,91282CLH2,TSRYS5875646,D,S,A,2024-09-03,500000.00,3.929094,99.66015625
08:01:11,91282CLH2,TSRYS5875646,D,S,T,2024-09-03,1000000.00,3.925016,99.66786875
08:01:11,91282CLH2,TSRYS5875646,D,S,T,2024-09-03,1000000.00,3.925016,99.66786875
08:01:11,91282CLH2,TSRYS5875646,D,S,T,2024-09-03,4000000.00,3.925016,99.66786875
08:01:11,91282CLH2,TSRYS5875646,D,S,T,2024-09-03,4000000.00,3.931159,99.65625
08:01:11,91282CLH2,TSRYS5875646,D,S,T,2024-09-03,1000000.00,3.931159,99.65625
08:01:11,91282CLH2,TSRYS5875646,D,S,T,2024-09-03,2000000.00,3.931159,99.65625
08:01:11,91282CLH2,TSRYS5875646,D,S,T,2024-09-03,1000000.00,3.931159,99.65625
08:01:11,91282CLH2,TSRYS5875646,D,S,T,2024-09-03,4000000.00,3.931212,99.65615
08:01:11,91282CLH2,TSRYS5875646,D,S,T,2024-09-03,4000000.00,3.932245,99.654196875
08:01:11,91282CLH2,TSRYS5875646,D,S,T,2024-09-03,1000000.00,3.932245,99.654196875
08:01:12,91282CLH2,TSRYS5875646,D,S,T,2024-09-03,1000000.00,3.936376,99.646384375
08:01:12,91282CLH2,TSRYS5875646,D,S,T,2024-09-03,1000000.00,3.937409,99.64443125
08:01:12,91282CLH2,TSRYS5875646,D,S,T,2024-09-03,1000000.00,3.937409,99.64443125
08:01:12,91282CLH2,TSRYS5875646,D,S,T,2024-09-03,1000000.00,3.938442,99.642478125
08:01:12,91282CLH2,TSRYS5875646,D,S,T,2024-09-03,2000000.00,3.939475,99.640525
08:01:12,91282CLH2,TSRYS5875646,D,S,T,2024-09-03,1000000.00,3.939475,99.640525
08:01:12,91282CLH2,TSRYS5875646,D,S,C,2024-09-03,4000000.00,3.936774,99.6456313
08:01:12,91282CLH2,TSRYS5875646,D,S,C,2024-09-03,4000000.00,3.936774,99.6456313
08:01:12,91282CLH2,TSRYS5875646,D,S,C,2024-09-03,4000000.00,3.929545,99.6593031
08:01:12,91282CLH2,TSRYS5875646,D,S,C,2024-09-03,4000000.00,3.931094,99.6563734
08:01:12,91282CLH2,TSRYS5875646,D,S,T,2024-09-03,1000000.00,3.932192,99.654296875
08:01:12,91282CLH2,TSRYS5875646,D,S,C,2024-09-03,4000000.00,3.929545,99.6593031
08:01:12,91282CLH2,TSRYS5875646,D,S,T,2024-09-03,1000000.00,3.932192,99.654296875
08:01:12,91282CLH2,TSRYS5875646,D,S,D,2024-09-03,32000000.00,3.930935,99.656675
08:01:12,91282CLH2,TSRYS5875646,D,S,D,2024-09-03,50000000.00,3.933,99.6527688
08:01:12,91282CLH2,TSRYS5875646,D,S,D,2024-09-03,50000000.00,3.935066,99.6488625
08:01:12,91282CLH2,TSRYS5875646,D,S,D,2024-09-03,32000000.00,3.930935,99.656675
08:01:12,91282CLH2,TSRYS5875646,D,B,C,2024-09-03,15000000.00,3.925136,99.6676434
08:01:12,91282CLH2,TSRYS5875646,D,B,C,2024-09-03,15000000.00,3.933211,99.6523692
08:01:12,91282CLH2,TSRYS5875646,D,S,A,2024-09-03,1000000.00,3.931159,99.65625
08:01:12,91282CLH2,TSRYS5875646,D,S,C,2024-09-03,15861000.00,3.929094,99.66015625
08:01:13,91282CLH2,TSRYS5875646,D,S,T,2024-09-03,3000000.00,3.93529,99.6484375
08:01:13,91282CLH2,TSRYS5875646,D,S,T,2024-09-03,4000000.00,3.93529,99.6484375
08:01:13,91282CLH2,TSRYS5875646,D,S,T,2024-09-03,1000000.00,3.93529,99.6484375
08:01:13,91282CLH2,TSRYS5875646,D,S,T,2024-09-03,1000000.00,3.93529,99.6484375
08:01:13,91282CLH2,TSRYS5875646,D,S,T,2024-09-03,8000000.00,3.93529,99.6484375
08:01:13,91282CLH2,TSRYS5875646,D,B,A,2024-09-03,12000000.00,3.929094,99.66015625
08:01:13,91282CLH2,TSRYS5875646,D,S,T,2024-09-03,3000000.00,3.93529,99.6484375
08:01:13,91282CLH2,TSRYS5875646,D,S,T,2024-09-03,4000000.00,3.93529,99.6484375
08:01:13,91282CLH2,TSRYS5875646,D,S,T,2024-09-03,1000000.00,3.93529,99.6484375
08:01:13,91282CLH2,TSRYS5875646,D,S,T,2024-09-03,1000000.00,3.93529,99.6484375
08:01:13,91282CLH2,TSRYS5875646,D,S,T,2024-09-03,8000000.00,3.93529,99.6484375
08:01:13,91282CLH2,TSRYS5875646,D,B,A,2024-09-03,12000000.00,3.929094,99.66015625
08:01:14,91282CLH2,TSRYS5875646,D,S,C,2024-09-03,123625000.00,3.929094,99.66015625
08:01:14,91282CLH2,TSRYS5875646,D,S,A,2024-09-03,6500000.00,3.933031,99.65234375
08:01:14,91282CLH2,TSRYS5875646,D,S,C,2024-09-03,123625000.00,3.929094,99.66015625
08:01:14,91282CLH2,TSRYS5875646,D,S,A,2024-09-03,6500000.00,3.933031,99.65234375
08:01:15,91282CLH2,TSRYS5875646,D,S,D,2024-09-03,123625000.00,3.929094,99.66015625
08:01:16,91282CLH2,TSRYS5875646,D,B,C,2024-09-03,1000000.00,3.936323,99.64648437
08:01:16,91282CLH2,TSRYS5875646,D,B,C,2024-09-03,1000000.00,3.936323,99.64648437
08:01:16,91282CLH2,TSRYS5875646,D,B,C,2024-09-03,1000000.00,3.931159,99.65625
08:01:16,91282CLH2,TSRYS5875646,D,B,C,2024-09-03,192300000.00,3.937356,99.64453125
08:01:16,91282CLH2,TSRYS5875646,D,B,C,2024-09-03,1000000.00,3.936323,99.64648437
08:01:16,91282CLH2,TSRYS5875646,D,B,C,2024-09-03,1000000.00,3.936323,99.64648437
08:01:16,91282CLH2,TSRYS5875646,D,B,C,2024-09-03,1000000.00,3.936323,99.64648437
08:01:16,91282CLH2,TSRYS5875646,D,B,C,2024-09-03,1000000.00,3.936323,99.64648437
08:01:17,91282CLH2,TSRYS5875646,D,B,C,2024-09-03,1000000.00,3.936323,99.64648437
08:01:17,91282CLH2,TSRYS5875646,D,B,C,2024-09-03,1000000.00,3.936323,99.64648437
08:01:17,91282CLH2,TSRYS5875646,D,B,C,2024-09-03,1000000.00,3.936323,99.64648437
08:01:17,91282CLH2,TSRYS5875646,D,B,C,2024-09-03,1000000.00,3.936323,99.64648437
08:01:17,91282CLH2,TSRYS5875646,D,B,C,2024-09-03,1000000.00,3.936323,99.64648437
08:01:17,91282CLH2,TSRYS5875646,D,S,A,2024-09-03,67000.00,3.924964,99.66796875
08:01:17,91282CLH2,TSRYS5875646,D,B,C,2024-09-03,1000000.00,3.936323,99.64648437
08:01:17,91282CLH2,TSRYS5875646,D,B,C,2024-09-03,24930000.00,3.933225,99.65234375
08:01:17,91282CLH2,TSRYS5875646,D,S,D,2024-09-03,1000000.00,3.931159,99.65625
08:01:17,91282CLH2,TSRYS5875646,D,B,C,2024-09-03,1000000.00,3.936323,99.64648437
08:01:17,91282CLH2,TSRYS5875646,D,S,D,2024-09-03,3000000.00,3.931159,99.65625
08:01:17,91282CLH2,TSRYS5875646,D,B,C,2024-09-03,1000000.00,3.936323,99.64648437
08:01:17,91282CLH2,TSRYS5875646,D,S,T,2024-09-03,1000000.00,3.927029,99.6640625
08:01:17,91282CLH2,TSRYS5875646,D,S,T,2024-09-03,1000000.00,3.927029,99.6640625
08:01:17,91282CLH2,TSRYS5875646,D,S,T,2024-09-03,1000000.00,3.927029,99.6640625
08:01:17,91282CLH2,TSRYS5875646,D,S,T,2024-09-03,1000000.00,3.927029,99.6640625
08:01:17,91282CLH2,TSRYS5875646,D,S,D,2024-09-03,8000000.00,3.93529,99.6484375
08:01:17,91282CLH2,TSRYS5875646,D,B,C,2024-09-03,1000000.00,3.936323,99.64648437
08:01:17,91282CLH2,TSRYS5875646,D,B,C,2024-09-03,1000000.00,3.936323,99.64648437
08:01:18,91282CLH2,TSRYS5875646,D,B,C,2024-09-03,1000000.00,3.936323,99.64648437
08:01:18,91282CLH2,TSRYS5875646,D,B,C,2024-09-03,1000000.00,3.936323,99.64648437
08:01:18,91282CLH2,TSRYS5875646,D,S,T,2024-09-03,1000000.00,3.931159,99.65625
08:01:18,91282CLH2,TSRYS5875646,D,S,T,2024-09-03,1000000.00,3.931159,99.65625
08:01:18,91282CLH2,TSRYS5875646,D,S,T,2024-09-03,1000000.00,3.927029,99.6640625
08:01:18,91282CLH2,TSRYS5875646,D,S,D,2024-09-03,3000000.00,3.928061,99.66210937
08:01:18,91282CLH2,TSRYS5875646,D,B,A,2024-09-03,200000.00,3.929094,99.660156
08:01:18,91282CLH2,TSRYS5875646,D,S,D,2024-09-03,1000000.00,3.931159,99.65625
08:01:18,91282CLH2,TSRYS5875646,D,B,C,2024-09-03,1000000.00,3.931159,99.65625
08:01:18,91282CLH2,TSRYS5875646,D,B,C,2024-09-03,1000000.00,3.931159,99.65625
08:01:18,91282CLH2,TSRYS5875646,D,S,D,2024-09-03,3000000.00,3.928061,99.66210937
08:01:18,91282CLH2,TSRYS5875646,D,S,T,2024-09-03,1000000.00,3.931265,99.65605
08:01:18,91282CLH2,TSRYS5875646,D,S,D,2024-09-03,3000000.00,3.928061,99.66210937
08:01:19,91282CLH2,TSRYS5875646,D,S,D,2024-09-03,4000000.00,3.928061,99.66210937
08:01:19,91282CLH2,TSRYS5875646,D,B,A,2024-09-03,10000000.00,3.931159,99.65625
08:01:19,91282CLH2,TSRYS5875646,D,S,T,2024-09-03,4000000.00,3.931159,99.65625
08:01:19,91282CLH2,TSRYS5875646,D,S,T,2024-09-03,3000000.00,3.933225,99.65234375
08:01:19,91282CLH2,TSRYS5875646,D,S,T,2024-09-03,1000000.00,3.933291,99.65221875
08:01:19,91282CLH2,TSRYS5875646,D,S,T,2024-09-03,1000000.00,3.933291,99.65221875
08:01:19,91282CLH2,TSRYS5875646,D,S,D,2024-09-03,2000000.00,3.928061,99.66210937
08:01:19,91282CLH2,TSRYS5875646,D,S,T,2024-09-03,1000000.00,3.933225,99.65234375
08:01:19,91282CLH2,TSRYS5875646,D,S,T,2024-09-03,1000000.00,3.933225,99.65234375
08:01:19,91282CLH2,TSRYS5875646,D,S,T,2024-09-03,3000000.00,3.931265,99.65605
08:01:19,91282CLH2,TSRYS5875646,D,S,T,2024-09-03,1000000.00,3.933225,99.65234375
08:01:19,91282CLH2,TSRYS5875646,D,S,T,2024-09-03,1000000.00,3.933225,99.65234375
08:01:19,91282CLH2,TSRYS5875646,D,S,D,2024-09-03,1000000.00,3.928061,99.66210937
08:01:19,91282CLH2,TSRYS5875646,D,S,T,2024-09-03,1000000.00,3.931159,99.65625
08:01:19,91282CLH2,TSRYS5875646,D,S,T,2024-09-03,1000000.00,3.933291,99.65221875
08:01:19,91282CLH2,TSRYS5875646,D,S,T,2024-09-03,1000000.00,3.933291,99.65221875
08:01:19,91282CLH2,TSRYS5875646,D,S,T,2024-09-03,1000000.00,3.933291,99.65221875
08:01:19,91282CLH2,TSRYS5875646,D,S,T,2024-09-03,1000000.00,3.925056,99.66779375
08:01:19,91282CLH2,TSRYS5875646,D,S,T,2024-09-03,1000000.00,3.932285,99.654121875
08:01:19,91282CLH2,TSRYS5875646,D,S,T,2024-09-03,1000000.00,3.937449,99.64435625
08:01:19,91282CLH2,TSRYS5875646,D,S,A,2024-09-03,1000000.00,3.93108,99.6564
08:01:19,91282CLH2,TSRYS5875646,D,S,T,2024-09-03,1000000.00,3.937449,99.64435625
08:01:19,91282CLH2,TSRYS5875646,D,S,T,2024-09-03,1000000.00,3.939514,99.64045
08:01:19,91282CLH2,TSRYS5875646,D,S,A,2024-09-03,1000000.00,3.931159,99.65625
08:01:19,91282CLH2,TSRYS5875646,D,S,T,2024-09-03,1000000.00,3.933291,99.65221875
08:01:19,91282CLH2,TSRYS5875646,D,S,T,2024-09-03,3000000.00,3.933291,99.65221875
08:01:19,91282CLH2,TSRYS5875646,D,S,A,2024-09-03,1000000.00,3.931159,99.65625
08:01:19,91282CLH2,TSRYS5875646,D,S,A,2024-09-03,1000000.00,3.931079,99.656402
08:01:19,91282CLH2,TSRYS5875646,D,S,A,2024-09-03,1000000.00,3.931079,99.656402
08:01:19,91282CLH2,TSRYS5875646,D,S,A,2024-09-03,1000000.00,3.931079,99.656402
08:01:19,91282CLH2,TSRYS5875646,D,S,A,2024-09-03,2000000.00,3.931079,99.656402
08:01:19,91282CLH2,TSRYS5875646,D,S,A,2024-09-03,1000000.00,3.931079,99.656402
08:01:19,91282CLH2,TSRYS5875646,D,S,T,2024-09-03,1000000.00,3.933291,99.65221875
08:01:19,91282CLH2,TSRYS5875646,D,S,T,2024-09-03,1000000.00,3.933291,99.65221875
08:01:19,91282CLH2,TSRYS5875646,D,S,A,2024-09-03,1000000.00,3.931079,99.656402
08:01:19,91282CLH2,TSRYS5875646,D,S,A,2024-09-03,2000000.00,3.931079,99.656402
08:01:19,91282CLH2,TSRYS5875646,D,S,T,2024-09-03,1000000.00,3.931265,99.65605
08:01:19,91282CLH2,TSRYS5875646,D,S,A,2024-09-03,1000000.00,3.931079,99.656402
08:01:19,91282CLH2,TSRYS5875646,D,S,D,2024-09-03,4000000.00,3.928061,99.66210937
08:01:19,91282CLH2,TSRYS5875646,D,B,A,2024-09-03,10000000.00,3.931159,99.65625
08:01:19,91282CLH2,TSRYS5875646,D,S,T,2024-09-03,4000000.00,3.931159,99.65625
08:01:19,91282CLH2,TSRYS5875646,D,S,T,2024-09-03,3000000.00,3.933225,99.65234375
08:01:19,91282CLH2,TSRYS5875646,D,S,T,2024-09-03,1000000.00,3.933291,99.65221875
