tradeTime,cusip,issueSymbolIdentifier,priceType,reportingSideCode,contraPartyTypeCode,tradeDate,reportedTradeVolume,lastSaleYield,lastSalePrice
08:00:02,91282CLP4,TSRYS5893514,D,S,D,2024-10-09,1000000.00,3.960895,99.1328125
08:00:02,91282CLP4,TSRYS5893514,D,S,D,2024-10-09,1000000.00,3.960895,99.1328125
08:00:02,91282CLP4,TSRYS5893514,D,S,D,2024-10-09,3000000.00,3.960895,99.1328125
08:00:02,91282CLP4,TSRYS5893514,D,S,D,2024-10-09,1000000.00,3.960895,99.1328125
08:00:02,91282CLP4,TSRYS5893514,D,S,D,2024-10-09,1000000.00,3.960895,99.1328125
08:00:02,91282CLP4,TSRYS5893514,D,S,D,2024-10-09,3000000.00,3.960895,99.1328125
08:00:02,91282CLP4,TSRYS5893514,D,S,D,2024-10-09,1000000.00,3.960895,99.1328125
08:00:02,91282CLP4,TSRYS5893514,D,S,D,2024-10-09,1000000.00,3.960895,99.1328125
08:00:02,91282CLP4,TSRYS5893514,D,S,D,2024-10-09,3000000.00,3.960895,99.1328125
08:00:02,91282CLP4,TSRYS5893514,D,S,D,2024-10-09,1000000.00,3.960895,99.1328125
08:00:02,91282CLP4,TSRYS5893514,D,S,T,2024-10-09,1000000.00,3.960895,99.1328125
08:00:02,91282CLP4,TSRYS5893514,D,S,T,2024-10-09,1000000.00,3.960895,99.1328125
08:00:02,91282CLP4,TSRYS5893514,D,S,T,2024-10-09,1000000.00,3.960895,99.1328125
08:00:02,91282CLP4,TSRYS5893514,D,S,T,2024-10-09,1000000.00,3.960895,99.1328125
08:00:02,91282CLP4,TSRYS5893514,D,S,T,2024-10-09,1000000.00,3.960895,99.1328125
08:00:02,91282CLP4,TSRYS5893514,D,S,T,2024-10-09,2000000.00,3.960895,99.1328125
08:00:03,91282CLP4,TSRYS5893514,D,S,D,2024-10-09,1000000.00,3.965074,99.125
08:00:03,91282CLP4,TSRYS5893514,D,S,D,2024-10-09,2000000.00,3.965074,99.125
08:00:03,91282CLP4,TSRYS5893514,D,S,D,2024-10-09,1000000.00,3.965074,99.125
08:00:03,91282CLP4,TSRYS5893514,D,S,D,2024-10-09,1000000.00,3.965074,99.125
08:00:03,91282CLP4,TSRYS5893514,D,S,D,2024-10-09,1000000.00,3.965074,99.125
08:00:03,91282CLP4,TSRYS5893514,D,S,D,2024-10-09,1000000.00,3.958805,99.13671875
08:00:03,91282CLP4,TSRYS5893514,D,S,D,2024-10-09,2000000.00,3.958805,99.13671875
08:00:03,91282CLP4,TSRYS5893514,D,S,D,2024-10-09,1000000.00,3.958805,99.13671875
08:00:03,91282CLP4,TSRYS5893514,D,S,D,2024-10-09,1000000.00,3.958805,99.13671875
08:00:03,91282CLP4,TSRYS5893514,D,S,D,2024-10-09,3000000.00,3.958805,99.13671875
08:00:03,91282CLP4,TSRYS5893514,D,S,D,2024-10-09,1000000.00,3.958805,99.13671875
08:00:03,91282CLP4,TSRYS5893514,D,S,D,2024-10-09,1000000.00,3.958805,99.13671875
08:00:03,91282CLP4,TSRYS5893514,D,S,D,2024-10-09,1000000.00,3.958805,99.13671875
08:00:03,91282CLP4,TSRYS5893514,D,S,D,2024-10-09,1000000.00,3.958805,99.13671875
08:00:03,91282CLP4,TSRYS5893514,D,S,D,2024-10-09,1000000.00,3.958805,99.13671875
08:00:03,91282CLP4,TSRYS5893514,D,S,T,2024-10-09,1000000.00,3.958805,99.13671875
08:00:03,91282CLP4,TSRYS5893514,D,S,T,2024-10-09,1000000.00,3.958805,99.13671875
08:00:03,91282CLP4,TSRYS5893514,D,S,T,2024-10-09,1000000.00,3.958805,99.13671875
08:00:03,91282CLP4,TSRYS5893514,D,S,T,2024-10-09,1000000.00,3.958805,99.13671875
08:00:03,91282CLP4,TSRYS5893514,D,S,T,2024-10-09,1000000.00,3.958805,99.13671875
08:00:03,91282CLP4,TSRYS5893514,D,S,D,2024-10-09,1000000.00,3.945226,99.162109375
08:00:03,91282CLP4,TSRYS5893514,D,S,D,2024-10-09,1000000.00,3.945226,99.162109375
08:00:03,91282CLP4,TSRYS5893514,D,S,D,2024-10-09,1000000.00,3.948359,99.15625
08:00:03,91282CLP4,TSRYS5893514,D,S,D,2024-10-09,2000000.00,3.960895,99.1328125
08:00:03,91282CLP4,TSRYS5893514,D,S,D,2024-10-09,1000000.00,3.960895,99.1328125
08:00:03,91282CLP4,TSRYS5893514,D,S,T,2024-10-09,4000000.00,3.958805,99.13671875
08:00:03,91282CLP4,TSRYS5893514,D,S,T,2024-10-09,1000000.00,3.958805,99.13671875
08:00:03,91282CLP4,TSRYS5893514,D,S,T,2024-10-09,4000000.00,3.950448,99.15234375
08:00:03,91282CLP4,TSRYS5893514,D,S,T,2024-10-09,1000000.00,3.962984,99.12890625
08:00:03,91282CLP4,TSRYS5893514,D,S,T,2024-10-09,1000000.00,3.962984,99.12890625
08:00:03,91282CLP4,TSRYS5893514,D,S,T,2024-10-09,1000000.00,3.962984,99.12890625
08:00:03,91282CLP4,TSRYS5893514,D,S,T,2024-10-09,2000000.00,3.965074,99.125
08:00:03,91282CLP4,TSRYS5893514,D,S,D,2024-10-09,1000000.00,3.964029,99.126953125
08:00:03,91282CLP4,TSRYS5893514,D,S,D,2024-10-09,3000000.00,3.964029,99.126953125
08:00:03,91282CLP4,TSRYS5893514,D,S,D,2024-10-09,3000000.00,3.964029,99.126953125
08:00:03,91282CLP4,TSRYS5893514,D,S,T,2024-10-09,1000000.00,3.964029,99.126953125
08:00:03,91282CLP4,TSRYS5893514,D,S,D,2024-10-09,2000000.00,3.964029,99.126953125
08:00:03,91282CLP4,TSRYS5893514,D,S,D,2024-10-09,1000000.00,3.964029,99.126953125
08:00:03,91282CLP4,TSRYS5893514,D,S,D,2024-10-09,1000000.00,3.964029,99.126953125
08:00:03,91282CLP4,TSRYS5893514,D,S,D,2024-10-09,1000000.00,3.964029,99.126953125
08:00:03,91282CLP4,TSRYS5893514,D,S,D,2024-10-09,1000000.00,3.964029,99.126953125
08:00:03,91282CLP4,TSRYS5893514,D,S,D,2024-10-09,1000000.00,3.964029,99.126953125
08:00:03,91282CLP4,TSRYS5893514,D,S,D,2024-10-09,4000000.00,3.966119,99.123046875
08:00:03,91282CLP4,TSRYS5893514,D,S,T,2024-10-09,1000000.00,3.966119,99.123046875
08:00:03,91282CLP4,TSRYS5893514,D,S,D,2024-10-09,4000000.00,3.966119,99.123046875
08:00:03,91282CLP4,TSRYS5893514,D,S,T,2024-10-09,3000000.00,3.966119,99.123046875
08:00:03,91282CLP4,TSRYS5893514,D,S,T,2024-10-09,2000000.00,3.966119,99.123046875
08:00:03,91282CLP4,TSRYS5893514,D,S,T,2024-10-09,2000000.00,3.966119,99.123046875
08:00:03,91282CLP4,TSRYS5893514,D,S,T,2024-10-09,1000000.00,3.966119,99.123046875
08:00:03,91282CLP4,TSRYS5893514,D,S,T,2024-10-09,4000000.00,3.966119,99.123046875
08:00:03,91282CLP4,TSRYS5893514,D,S,T,2024-10-09,1000000.00,3.966119,99.123046875
08:00:03,91282CLP4,TSRYS5893514,D,S,T,2024-10-09,3000000.00,3.966119,99.123046875
08:00:03,91282CLP4,TSRYS5893514,D,S,T,2024-10-09,2000000.00,3.966119,99.123046875
08:00:03,91282CLP4,TSRYS5893514,D,S,T,2024-10-09,4000000.00,3.966119,99.123046875
08:00:03,91282CLP4,TSRYS5893514,D,S,T,2024-10-09,1000000.00,3.966119,99.123046875
08:00:03,91282CLP4,TSRYS5893514,D,S,T,2024-10-09,2000000.00,3.966119,99.123046875
08:00:03,91282CLP4,TSRYS5893514,D,S,T,2024-10-09,2000000.00,3.966119,99.123046875
08:00:03,91282CLP4,TSRYS5893514,D,S,T,2024-10-09,1000000.00,3.966119,99.123046875
08:00:03,91282CLP4,TSRYS5893514,D,S,T,2024-10-09,3000000.00,3.966119,99.123046875
08:00:03,91282CLP4,TSRYS5893514,D,S,D,2024-10-09,2000000.00,3.966119,99.123046875
08:00:03,91282CLP4,TSRYS5893514,D,S,D,2024-10-09,2000000.00,3.966119,99.123046875
08:00:03,91282CLP4,TSRYS5893514,D,S,D,2024-10-09,2000000.00,3.966119,99.123046875
08:00:03,91282CLP4,TSRYS5893514,D,S,T,2024-10-09,2000000.00,3.966119,99.123046875
08:00:03,91282CLP4,TSRYS5893514,D,S,T,2024-10-09,1000000.00,3.966119,99.123046875
08:00:03,91282CLP4,TSRYS5893514,D,S,D,2024-10-09,3000000.00,3.964029,99.126953125
08:00:03,91282CLP4,TSRYS5893514,D,S,D,2024-10-09,1000000.00,3.964029,99.126953125
08:00:03,91282CLP4,TSRYS5893514,D,S,T,2024-10-09,2000000.00,3.964029,99.126953125
08:00:03,91282CLP4,TSRYS5893514,D,S,T,2024-10-09,4000000.00,3.964029,99.126953125
08:00:03,91282CLP4,TSRYS5893514,D,S,D,2024-10-09,1000000.00,3.964029,99.126953125
08:00:03,91282CLP4,TSRYS5893514,D,S,D,2024-10-09,4000000.00,3.964029,99.126953125
08:00:03,91282CLP4,TSRYS5893514,D,S,D,2024-10-09,1000000.00,3.964029,99.126953125
08:00:03,91282CLP4,TSRYS5893514,D,S,D,2024-10-09,4000000.00,3.964029,99.126953125
08:00:03,91282CLP4,TSRYS5893514,D,S,D,2024-10-09,100000000.00,3.964029,99.126953125
08:00:03,91282CLP4,TSRYS5893514,D,S,D,2024-10-09,4000000.00,3.964029,99.126953125
08:00:03,91282CLP4,TSRYS5893514,D,S,D,2024-10-09,59910000.00,3.962984,99.12890625
08:00:03,91282CLP4,TSRYS5893514,D,S,D,2024-10-09,1000000.00,3.965074,99.125
08:00:03,91282CLP4,TSRYS5893514,D,S,D,2024-10-09,2000000.00,3.965074,99.125
08:00:03,91282CLP4,TSRYS5893514,D,S,D,2024-10-09,1000000.00,3.965074,99.125
08:00:03,91282CLP4,TSRYS5893514,D,S,D,2024-10-09,1000000.00,3.965074,99.125
08:00:03,91282CLP4,TSRYS5893514,D,S,D,2024-10-09,1000000.00,3.965074,99.125
08:00:07,91282CLP4,TSRYS5893514,D,S,D,2024-10-09,1000000.00,3.958805,99.13671875
08:00:07,91282CLP4,TSRYS5893514,D,S,D,2024-10-09,1000000.00,3.958805,99.13671875
08:00:08,91282CLP4,TSRYS5893514,D,S,T,2024-10-09,2000000.00,3.947315,99.158203125
08:00:08,91282CLP4,TSRYS5893514,D,B,A,2024-10-09,20000000.00,3.952537,99.1484375
08:00:08,91282CLP4,TSRYS5893514,D,B,A,2024-10-09,20000000.00,3.952537,99.1484375
08:00:08,91282CLP4,TSRYS5893514,D,S,A,2024-10-09,20000000.00,3.958805,99.13671875
08:00:08,91282CLP4,TSRYS5893514,D,S,A,2024-10-09,20000000.00,3.956716,99.140625
08:00:10,91282CLP4,TSRYS5893514,D,S,T,2024-10-09,1000000.00,3.958805,99.13671875
08:00:11,91282CLP4,TSRYS5893514,D,S,D,2024-10-09,1000000.00,3.958805,99.13671875
08:00:11,91282CLP4,TSRYS5893514,D,S,D,2024-10-09,1000000.00,3.958805,99.13671875
08:00:11,91282CLP4,TSRYS5893514,D,S,D,2024-10-09,1000000.00,3.958805,99.13671875
08:00:11,91282CLP4,TSRYS5893514,D,S,T,2024-10-09,1000000.00,3.958805,99.13671875
08:00:11,91282CLP4,TSRYS5893514,D,S,T,2024-10-09,1000000.00,3.958805,99.13671875
08:00:11,91282CLP4,TSRYS5893514,D,S,T,2024-10-09,1000000.00,3.958805,99.13671875
08:00:11,91282CLP4,TSRYS5893514,D,S,T,2024-10-09,1000000.00,3.958805,99.13671875
08:00:11,91282CLP4,TSRYS5893514,D,S,T,2024-10-09,1000000.00,3.958805,99.13671875
08:00:11,91282CLP4,TSRYS5893514,D,S,T,2024-10-09,1000000.00,3.958805,99.13671875
08:00:11,91282CLP4,TSRYS5893514,D,S,T,2024-10-09,1000000.00,3.958805,99.13671875
08:00:11,91282CLP4,TSRYS5893514,D,S,T,2024-10-09,1000000.00,3.958805,99.13671875
08:00:11,91282CLP4,TSRYS5893514,D,S,T,2024-10-09,1000000.00,3.956716,99.140625
08:00:11,91282CLP4,TSRYS5893514,D,S,T,2024-10-09,1000000.00,3.956716,99.140625
08:00:11,91282CLP4,TSRYS5893514,D,S,T,2024-10-09,1000000.00,3.956716,99.140625
08:00:11,91282CLP4,TSRYS5893514,D,S,T,2024-10-09,1000000.00,3.956716,99.140625
08:00:11,91282CLP4,TSRYS5893514,D,S,T,2024-10-09,1000000.00,3.956716,99.140625
08:00:11,91282CLP4,TSRYS5893514,D,S,T,2024-10-09,1000000.00,3.956716,99.140625
08:00:11,91282CLP4,TSRYS5893514,D,S,T,2024-10-09,1000000.00,3.956716,99.140625
08:00:11,91282CLP4,TSRYS5893514,D,S,T,2024-10-09,1000000.00,3.956716,99.140625
08:00:11,91282CLP4,TSRYS5893514,D,S,T,2024-10-09,1000000.00,3.956716,99.140625
08:00:11,91282CLP4,TSRYS5893514,D,S,T,2024-10-09,1000000.00,3.956716,99.140625
08:00:11,91282CLP4,TSRYS5893514,D,S,T,2024-10-09,1000000.00,3.954627,99.14453125
08:00:11,91282CLP4,TSRYS5893514,D,S,T,2024-10-09,1000000.00,3.954627,99.14453125
08:00:11,91282CLP4,TSRYS5893514,D,S,T,2024-10-09,1000000.00,3.954627,99.14453125
08:00:11,91282CLP4,TSRYS5893514,D,S,T,2024-10-09,1000000.00,3.954627,99.14453125
08:00:11,91282CLP4,TSRYS5893514,D,S,T,2024-10-09,1000000.00,3.952537,99.1484375
08:00:11,91282CLP4,TSRYS5893514,D,S,T,2024-10-09,1000000.00,3.952537,99.1484375
08:00:11,91282CLP4,TSRYS5893514,D,S,T,2024-10-09,1000000.00,3.952537,99.1484375
08:00:11,91282CLP4,TSRYS5893514,D,S,T,2024-10-09,1000000.00,3.943137,99.166015625
08:00:11,91282CLP4,TSRYS5893514,D,S,T,2024-10-09,1000000.00,3.943137,99.166015625
08:00:11,91282CLP4,TSRYS5893514,D,S,T,2024-10-09,1000000.00,3.94627,99.16015625
08:00:11,91282CLP4,TSRYS5893514,D,S,D,2024-10-09,1000000.00,3.945226,99.162109375
08:00:11,91282CLP4,TSRYS5893514,D,S,T,2024-10-09,1000000.00,3.950448,99.15234375
08:00:11,91282CLP4,TSRYS5893514,D,S,T,2024-10-09,2000000.00,3.950448,99.15234375
08:00:11,91282CLP4,TSRYS5893514,D,S,T,2024-10-09,1000000.00,3.950448,99.15234375
08:00:11,91282CLP4,TSRYS5893514,D,S,T,2024-10-09,1000000.00,3.951493,99.150390625
08:00:11,91282CLP4,TSRYS5893514,D,S,T,2024-10-09,1000000.00,3.950448,99.15234375
08:00:11,91282CLP4,TSRYS5893514,D,S,T,2024-10-09,1000000.00,3.950448,99.15234375
08:00:11,91282CLP4,TSRYS5893514,D,S,T,2024-10-09,1000000.00,3.950448,99.15234375
08:00:11,91282CLP4,TSRYS5893514,D,S,T,2024-10-09,1000000.00,3.950448,99.15234375
08:00:11,91282CLP4,TSRYS5893514,D,S,T,2024-10-09,1000000.00,3.951493,99.150390625
08:00:11,91282CLP4,TSRYS5893514,D,S,T,2024-10-09,1000000.00,3.950448,99.15234375
08:00:11,91282CLP4,TSRYS5893514,D,S,T,2024-10-09,1000000.00,3.950448,99.15234375
08:00:11,91282CLP4,TSRYS5893514,D,S,T,2024-10-09,1000000.00,3.950448,99.15234375
08:00:11,91282CLP4,TSRYS5893514,D,S,T,2024-10-09,1000000.00,3.951493,99.150390625
08:00:11,91282CLP4,TSRYS5893514,D,S,T,2024-10-09,1000000.00,3.950448,99.15234375
08:00:11,91282CLP4,TSRYS5893514,D,S,T,2024-10-09,1000000.00,3.953582,99.146484375
08:00:11,91282CLP4,TSRYS5893514,D,S,T,2024-10-09,1000000.00,3.953582,99.146484375
08:00:11,91282CLP4,TSRYS5893514,D,S,T,2024-10-09,1000000.00,3.956716,99.140625
08:00:11,91282CLP4,TSRYS5893514,D,S,T,2024-10-09,1000000.00,3.956716,99.140625
08:00:11,91282CLP4,TSRYS5893514,D,S,D,2024-10-09,1000000.00,3.964029,99.126953125
08:00:11,91282CLP4,TSRYS5893514,D,S,D,2024-10-09,1000000.00,3.962984,99.12890625
08:00:11,91282CLP4,TSRYS5893514,D,S,D,2024-10-09,1000000.00,3.962984,99.12890625
08:00:11,91282CLP4,TSRYS5893514,D,S,D,2024-10-09,1000000.00,3.962984,99.12890625
08:00:11,91282CLP4,TSRYS5893514,D,S,D,2024-10-09,1000000.00,3.962984,99.12890625
08:00:11,91282CLP4,TSRYS5893514,D,S,D,2024-10-09,1000000.00,3.962984,99.12890625
08:00:11,91282CLP4,TSRYS5893514,D,S,D,2024-10-09,1000000.00,3.962984,99.12890625
08:00:12,91282CLP4,TSRYS5893514,D,B,A,2024-10-09,106000.00,3.962984,99.12890625
08:00:12,91282CLP4,TSRYS5893514,D,S,A,2024-10-09,366000.00,3.952537,99.1484375
08:00:12,91282CLP4,TSRYS5893514,D,B,A,2024-10-09,127000.00,3.950448,99.15234375
08:00:12,91282CLP4,TSRYS5893514,D,B,A,2024-10-09,1287000.00,3.948359,99.15625
08:00:12,91282CLP4,TSRYS5893514,D,S,A,2024-10-09,1000000.00,3.950448,99.15234375
08:00:12,91282CLP4,TSRYS5893514,D,S,A,2024-10-09,1000000.00,3.950448,99.15234375
08:00:12,91282CLP4,TSRYS5893514,D,S,A,2024-10-09,2000.00,3.94627,99.16015625
08:00:15,91282CLP4,TSRYS5893514,D,S,D,2024-10-09,1000000.00,3.960895,99.1328125
08:00:17,91282CLP4,TSRYS5893514,D,S,D,2024-10-09,5000000.00,3.957761,99.138671875
08:00:17,91282CLP4,TSRYS5893514,D,B,C,2024-10-09,3000000.00,3.957761,99.138671875
08:00:17,91282CLP4,TSRYS5893514,D,S,D,2024-10-09,3000000.00,3.957761,99.138671875
08:00:17,91282CLP4,TSRYS5893514,D,B,C,2024-10-09,5000000.00,3.957761,99.138671875
08:00:17,91282CLP4,TSRYS5893514,D,B,C,2024-10-09,2000000.00,3.957761,99.138671875
08:00:17,91282CLP4,TSRYS5893514,D,S,D,2024-10-09,2000000.00,3.957761,99.138671875
08:00:17,91282CLP4,TSRYS5893514,D,S,D,2024-10-09,1000000.00,3.957761,99.138671875
08:00:17,91282CLP4,TSRYS5893514,D,B,C,2024-10-09,1000000.00,3.957761,99.138671875
08:00:17,91282CLP4,TSRYS5893514,D,S,D,2024-10-09,1000000.00,3.958805,99.13671875
08:00:17,91282CLP4,TSRYS5893514,D,S,D,2024-10-09,1000000.00,3.958805,99.13671875
08:00:17,91282CLP4,TSRYS5893514,D,B,A,2024-10-09,1766000.00,3.965074,99.125
08:00:18,91282CLP4,TSRYS5893514,D,S,D,2024-10-09,3000000.00,3.949404,99.154296875
08:00:18,91282CLP4,TSRYS5893514,D,S,D,2024-10-09,1000000.00,3.949404,99.154296875
08:00:18,91282CLP4,TSRYS5893514,D,B,C,2024-10-09,1000000.00,3.949404,99.154296875
08:00:18,91282CLP4,TSRYS5893514,D,B,C,2024-10-09,3000000.00,3.949404,99.154296875
08:00:19,91282CLP4,TSRYS5893514,D,B,C,2024-10-09,3000000.00,3.949404,99.154296875
08:00:19,91282CLP4,TSRYS5893514,D,S,D,2024-10-09,3000000.00,3.949404,99.154296875
08:00:19,91282CLP4,TSRYS5893514,D,S,D,2024-10-09,1000000.00,3.949404,99.154296875
08:00:19,91282CLP4,TSRYS5893514,D,B,C,2024-10-09,1000000.00,3.949404,99.154296875
08:00:19,91282CLP4,TSRYS5893514,D,S,D,2024-10-09,1000000.00,3.949404,99.154296875
08:00:19,91282CLP4,TSRYS5893514,D,B,C,2024-10-09,1000000.00,3.949404,99.154296875
08:00:19,91282CLP4,TSRYS5893514,D,S,D,2024-10-09,1000000.00,3.949404,99.154296875
08:00:19,91282CLP4,TSRYS5893514,D,B,C,2024-10-09,1000000.00,3.949404,99.154296875
08:00:19,91282CLP4,TSRYS5893514,D,S,D,2024-10-09,1000000.00,3.949404,99.154296875
08:00:19,91282CLP4,TSRYS5893514,D,S,D,2024-10-09,1000000.00,3.949404,99.154296875
08:00:19,91282CLP4,TSRYS5893514,D,B,C,2024-10-09,1000000.00,3.949404,99.154296875
08:00:19,91282CLP4,TSRYS5893514,D,B,C,2024-10-09,1000000.00,3.949404,99.154296875
08:00:20,91282CLP4,TSRYS5893514,D,S,A,2024-10-09,3350000.00,3.94627,99.16015625
08:00:22,91282CLP4,TSRYS5893514,D,S,A,2024-10-09,28000.00,3.952537,99.1484375
08:00:22,91282CLP4,TSRYS5893514,D,S,A,2024-10-09,362000.00,3.956716,99.140625
08:00:22,91282CLP4,TSRYS5893514,D,B,A,2024-10-09,147000.00,3.956716,99.140625
08:00:22,91282CLP4,TSRYS5893514,D,B,A,2024-10-09,147000.00,3.956716,99.140625
08:00:22,91282CLP4,TSRYS5893514,D,B,A,2024-10-09,21000.00,3.956716,99.140625
08:00:22,91282CLP4,TSRYS5893514,D,S,D,2024-10-09,1000000.00,3.942093,99.16796875
08:00:22,91282CLP4,TSRYS5893514,D,S,D,2024-10-09,1000000.00,3.944182,99.1640625
08:00:22,91282CLP4,TSRYS5893514,D,S,A,2024-10-09,609000.00,3.956716,99.140625
08:00:23,91282CLP4,TSRYS5893514,D,B,A,2024-10-09,3250000.00,3.954627,99.14453125
08:00:23,91282CLP4,TSRYS5893514,D,B,A,2024-10-09,3250000.00,3.954627,99.14453125
08:00:23,91282CLP4,TSRYS5893514,D,B,A,2024-10-09,3500000.00,3.954627,99.14453125
08:00:27,91282CLP4,TSRYS5893514,D,B,A,2024-10-09,10000000.00,3.954627,99.14453125
08:00:27,91282CLP4,TSRYS5893514,D,B,A,2024-10-09,10000000.00,3.954627,99.14453125
08:00:27,91282CLP4,TSRYS5893514,D,B,A,2024-10-09,13000000.00,3.952537,99.1484375
08:00:27,91282CLP4,TSRYS5893514,D,S,A,2024-10-09,4700000.00,3.950448,99.15234375
08:00:27,91282CLP4,TSRYS5893514,D,S,A,2024-10-09,1000000.00,3.952537,99.1484375
08:00:27,91282CLP4,TSRYS5893514,D,S,A,2024-10-09,9000000.00,3.958805,99.13671875
08:00:28,91282CLP4,TSRYS5893514,D,B,A,2024-10-09,362000.00,3.960895,99.1328125
08:00:29,91282CLP4,TSRYS5893514,D,S,D,2024-10-09,1000000.00,3.952537,99.1484375
08:00:29,91282CLP4,TSRYS5893514,D,S,D,2024-10-09,2000000.00,3.96194,99.130859375
08:00:29,91282CLP4,TSRYS5893514,D,S,D,2024-10-09,2000000.00,3.96194,99.130859375
08:00:29,91282CLP4,TSRYS5893514,D,S,T,2024-10-09,3000000.00,3.960895,99.1328125
08:00:29,91282CLP4,TSRYS5893514,D,S,D,2024-10-09,2000000.00,3.960895,99.1328125
08:00:29,91282CLP4,TSRYS5893514,D,S,D,2024-10-09,1000000.00,3.942093,99.16796875
08:00:29,91282CLP4,TSRYS5893514,D,S,D,2024-10-09,1000000.00,3.944182,99.1640625
08:00:29,91282CLP4,TSRYS5893514,D,S,T,2024-10-09,1000000.00,3.94627,99.16015625
08:00:29,91282CLP4,TSRYS5893514,D,S,D,2024-10-09,1000000.00,3.947315,99.158203125
08:00:29,91282CLP4,TSRYS5893514,D,S,D,2024-10-09,2000000.00,3.96194,99.130859375
08:00:29,91282CLP4,TSRYS5893514,D,S,D,2024-10-09,1000000.00,3.952537,99.1484375
08:00:29,91282CLP4,TSRYS5893514,D,S,D,2024-10-09,2000000.00,3.948359,99.15625
08:00:29,91282CLP4,TSRYS5893514,D,S,D,2024-10-09,5000000.00,3.954627,99.14453125
08:00:29,91282CLP4,TSRYS5893514,D,S,D,2024-10-09,2000000.00,3.955671,99.142578125
08:00:29,91282CLP4,TSRYS5893514,D,B,C,2024-10-09,5000000.00,3.952537,99.1484375
08:00:30,91282CLP4,TSRYS5893514,D,S,T,2024-10-09,1000000.00,3.958805,99.13671875
08:00:30,91282CLP4,TSRYS5893514,D,S,T,2024-10-09,2000000.00,3.958805,99.13671875
08:00:30,91282CLP4,TSRYS5893514,D,S,T,2024-10-09,1000000.00,3.958805,99.13671875
08:00:30,91282CLP4,TSRYS5893514,D,S,T,2024-10-09,1000000.00,3.958805,99.13671875
08:00:30,91282CLP4,TSRYS5893514,D,S,T,2024-10-09,1000000.00,3.960895,99.1328125
08:00:30,91282CLP4,TSRYS5893514,D,S,T,2024-10-09,1000000.00,3.960895,99.1328125
08:00:30,91282CLP4,TSRYS5893514,D,S,T,2024-10-09,1000000.00,3.960895,99.1328125
08:00:30,91282CLP4,TSRYS5893514,D,S,T,2024-10-09,1000000.00,3.960895,99.1328125
08:00:30,91282CLP4,TSRYS5893514,D,S,T,2024-10-09,1000000.00,3.960895,99.1328125
08:00:30,91282CLP4,TSRYS5893514,D,S,T,2024-10-09,1000000.00,3.960895,99.1328125
08:00:30,91282CLP4,TSRYS5893514,D,S,T,2024-10-09,1000000.00,3.960895,99.1328125
08:00:30,91282CLP4,TSRYS5893514,D,S,T,2024-10-09,5000000.00,3.960895,99.1328125
08:00:30,91282CLP4,TSRYS5893514,D,S,T,2024-10-09,4000000.00,3.960895,99.1328125
08:00:30,91282CLP4,TSRYS5893514,D,S,T,2024-10-09,1000000.00,3.960895,99.1328125
08:00:30,91282CLP4,TSRYS5893514,D,S,T,2024-10-09,1000000.00,3.960895,99.1328125
08:00:30,91282CLP4,TSRYS5893514,D,S,T,2024-10-09,1000000.00,3.958805,99.13671875
08:00:30,91282CLP4,TSRYS5893514,D,S,T,2024-10-09,5000000.00,3.958805,99.13671875
08:00:30,91282CLP4,TSRYS5893514,D,S,T,2024-10-09,2000000.00,3.958805,99.13671875
08:00:30,91282CLP4,TSRYS5893514,D,S,T,2024-10-09,4000000.00,3.958805,99.13671875
08:00:30,91282CLP4,TSRYS5893514,D,S,T,2024-10-09,8000000.00,3.958805,99.13671875
08:00:30,91282CLP4,TSRYS5893514,D,S,T,2024-10-09,1000000.00,3.958805,99.13671875
08:00:30,91282CLP4,TSRYS5893514,D,S,T,2024-10-09,1000000.00,3.960895,99.1328125
08:00:30,91282CLP4,TSRYS5893514,D,S,T,2024-10-09,2000000.00,3.960895,99.1328125
08:00:30,91282CLP4,TSRYS5893514,D,S,T,2024-10-09,1000000.00,3.960895,99.1328125
08:00:30,91282CLP4,TSRYS5893514,D,S,T,2024-10-09,1000000.00,3.958805,99.13671875
08:00:30,91282CLP4,TSRYS5893514,D,S,T,2024-10-09,1000000.00,3.958805,99.13671875
08:00:30,91282CLP4,TSRYS5893514,D,S,T,2024-10-09,2000000.00,3.958805,99.13671875
08:00:30,91282CLP4,TSRYS5893514,D,S,T,2024-10-09,5000000.00,3.958805,99.13671875
08:00:30,91282CLP4,TSRYS5893514,D,S,T,2024-10-09,1000000.00,3.958805,99.13671875
08:00:30,91282CLP4,TSRYS5893514,D,S,T,2024-10-09,1000000.00,3.958805,99.13671875
08:00:30,91282CLP4,TSRYS5893514,D,S,T,2024-10-09,2000000.00,3.958805,99.13671875
08:00:30,91282CLP4,TSRYS5893514,D,S,T,2024-10-09,1000000.00,3.958805,99.13671875
08:00:30,91282CLP4,TSRYS5893514,D,S,T,2024-10-09,1000000.00,3.958805,99.13671875
08:00:30,91282CLP4,TSRYS5893514,D,S,T,2024-10-09,1000000.00,3.958805,99.13671875
08:00:30,91282CLP4,TSRYS5893514,D,S,T,2024-10-09,1000000.00,3.956716,99.140625
08:00:30,91282CLP4,TSRYS5893514,D,S,T,2024-10-09,1000000.00,3.956716,99.140625
08:00:30,91282CLP4,TSRYS5893514,D,S,T,2024-10-09,1000000.00,3.956716,99.140625
08:00:30,91282CLP4,TSRYS5893514,D,S,T,2024-10-09,1000000.00,3.956716,99.140625
08:00:30,91282CLP4,TSRYS5893514,D,S,T,2024-10-09,1000000.00,3.956716,99.140625
08:00:30,91282CLP4,TSRYS5893514,D,S,T,2024-10-09,1000000.00,3.956716,99.140625
08:00:30,91282CLP4,TSRYS5893514,D,S,T,2024-10-09,1000000.00,3.956716,99.140625
08:00:30,91282CLP4,TSRYS5893514,D,S,T,2024-10-09,1000000.00,3.956716,99.140625
08:00:30,91282CLP4,TSRYS5893514,D,S,T,2024-10-09,1000000.00,3.956716,99.140625
08:00:30,91282CLP4,TSRYS5893514,D,S,T,2024-10-09,1000000.00,3.956716,99.140625
08:00:30,91282CLP4,TSRYS5893514,D,S,T,2024-10-09,1000000.00,3.956716,99.140625
08:00:30,91282CLP4,TSRYS5893514,D,S,T,2024-10-09,1000000.00,3.954627,99.14453125
08:00:30,91282CLP4,TSRYS5893514,D,S,T,2024-10-09,1000000.00,3.954627,99.14453125
08:00:30,91282CLP4,TSRYS5893514,D,S,T,2024-10-09,1000000.00,3.954627,99.14453125
08:00:30,91282CLP4,TSRYS5893514,D,S,T,2024-10-09,1000000.00,3.952537,99.1484375
08:00:30,91282CLP4,TSRYS5893514,D,S,T,2024-10-09,1000000.00,3.952537,99.1484375
08:00:30,91282CLP4,TSRYS5893514,D,S,T,2024-10-09,1000000.00,3.952537,99.1484375
08:00:30,91282CLP4,TSRYS5893514,D,S,T,2024-10-09,1000000.00,3.952537,99.1484375
08:00:30,91282CLP4,TSRYS5893514,D,S,T,2024-10-09,1000000.00,3.952537,99.1484375
08:00:30,91282CLP4,TSRYS5893514,D,S,T,2024-10-09,1000000.00,3.948359,99.15625
08:00:30,91282CLP4,TSRYS5893514,D,S,T,2024-10-09,1000000.00,3.944182,99.1640625
08:00:30,91282CLP4,TSRYS5893514,D,S,T,2024-10-09,1000000.00,3.944182,99.1640625
08:00:30,91282CLP4,TSRYS5893514,D,S,T,2024-10-09,1000000.00,3.94627,99.16015625
08:00:30,91282CLP4,TSRYS5893514,D,S,T,2024-10-09,1000000.00,3.947315,99.158203125
08:00:30,91282CLP4,TSRYS5893514,D,S,T,2024-10-09,1000000.00,3.944182,99.1640625
08:00:30,91282CLP4,TSRYS5893514,D,S,T,2024-10-09,2000000.00,3.944182,99.1640625
08:00:30,91282CLP4,TSRYS5893514,D,S,T,2024-10-09,1000000.00,3.944182,99.1640625
08:00:30,91282CLP4,TSRYS5893514,D,S,T,2024-10-09,1000000.00,3.944182,99.1640625
08:00:30,91282CLP4,TSRYS5893514,D,S,T,2024-10-09,1000000.00,3.944182,99.1640625
08:00:30,91282CLP4,TSRYS5893514,D,S,T,2024-10-09,6000000.00,3.944182,99.1640625
08:00:30,91282CLP4,TSRYS5893514,D,S,T,2024-10-09,1000000.00,3.944182,99.1640625
08:00:30,91282CLP4,TSRYS5893514,D,S,T,2024-10-09,1000000.00,3.944182,99.1640625
08:00:30,91282CLP4,TSRYS5893514,D,S,T,2024-10-09,1000000.00,3.944182,99.1640625
08:00:30,91282CLP4,TSRYS5893514,D,S,T,2024-10-09,1000000.00,3.944182,99.1640625
08:00:30,91282CLP4,TSRYS5893514,D,S,T,2024-10-09,1000000.00,3.944182,99.1640625
08:00:30,91282CLP4,TSRYS5893514,D,S,T,2024-10-09,1000000.00,3.940004,99.171875
08:00:30,91282CLP4,TSRYS5893514,D,S,T,2024-10-09,1000000.00,3.940004,99.171875
08:00:30,91282CLP4,TSRYS5893514,D,S,T,2024-10-09,2000000.00,3.941049,99.169921875
08:00:30,91282CLP4,TSRYS5893514,D,S,T,2024-10-09,1000000.00,3.941049,99.169921875
08:00:30,91282CLP4,TSRYS5893514,D,S,T,2024-10-09,1000000.00,3.941049,99.169921875
08:00:30,91282CLP4,TSRYS5893514,D,S,T,2024-10-09,1000000.00,3.942093,99.16796875
08:00:30,91282CLP4,TSRYS5893514,D,S,T,2024-10-09,4000000.00,3.942093,99.16796875
08:00:30,91282CLP4,TSRYS5893514,D,S,T,2024-10-09,1000000.00,3.942093,99.16796875
08:00:30,91282CLP4,TSRYS5893514,D,S,T,2024-10-09,1000000.00,3.942093,99.16796875
08:00:30,91282CLP4,TSRYS5893514,D,S,T,2024-10-09,1000000.00,3.942093,99.16796875
08:00:30,91282CLP4,TSRYS5893514,D,S,T,2024-10-09,1000000.00,3.942093,99.16796875
08:00:30,91282CLP4,TSRYS5893514,D,S,T,2024-10-09,1000000.00,3.944182,99.1640625
08:00:30,91282CLP4,TSRYS5893514,D,S,T,2024-10-09,1000000.00,3.942093,99.16796875
08:00:30,91282CLP4,TSRYS5893514,D,S,T,2024-10-09,1000000.00,3.942093,99.16796875
08:00:30,91282CLP4,TSRYS5893514,D,S,T,2024-10-09,1000000.00,3.942093,99.16796875
08:00:30,91282CLP4,TSRYS5893514,D,S,T,2024-10-09,1000000.00,3.942093,99.16796875
08:00:30,91282CLP4,TSRYS5893514,D,S,T,2024-10-09,4000000.00,3.942093,99.16796875
08:00:30,91282CLP4,TSRYS5893514,D,S,T,2024-10-09,1000000.00,3.942093,99.16796875
08:00:30,91282CLP4,TSRYS5893514,D,S,T,2024-10-09,5000000.00,3.942093,99.16796875
08:00:30,91282CLP4,TSRYS5893514,D,S,T,2024-10-09,1000000.00,3.944182,99.1640625
08:00:30,91282CLP4,TSRYS5893514,D,S,T,2024-10-09,1000000.00,3.94627,99.16015625
08:00:30,91282CLP4,TSRYS5893514,D,S,T,2024-10-09,1000000.00,3.944182,99.1640625
08:00:30,91282CLP4,TSRYS5893514,D,S,T,2024-10-09,1000000.00,3.944182,99.1640625
08:00:30,91282CLP4,TSRYS5893514,D,S,T,2024-10-09,1000000.00,3.944182,99.1640625
08:00:30,91282CLP4,TSRYS5893514,D,S,T,2024-10-09,1000000.00,3.944182,99.1640625
08:00:30,91282CLP4,TSRYS5893514,D,S,T,2024-10-09,1000000.00,3.944182,99.1640625
08:00:30,91282CLP4,TSRYS5893514,D,S,T,2024-10-09,1000000.00,3.944182,99.1640625
08:00:30,91282CLP4,TSRYS5893514,D,S,T,2024-10-09,1000000.00,3.944182,99.1640625
08:00:30,91282CLP4,TSRYS5893514,D,S,T,2024-10-09,1000000.00,3.942093,99.16796875
08:00:30,91282CLP4,TSRYS5893514,D,S,T,2024-10-09,1000000.00,3.942093,99.16796875
08:00:30,91282CLP4,TSRYS5893514,D,S,T,2024-10-09,1000000.00,3.942093,99.16796875
08:00:30,91282CLP4,TSRYS5893514,D,S,T,2024-10-09,1000000.00,3.943137,99.166015625
08:00:30,91282CLP4,TSRYS5893514,D,S,T,2024-10-09,1000000.00,3.943137,99.166015625
08:00:30,91282CLP4,TSRYS5893514,D,S,T,2024-10-09,1000000.00,3.944182,99.1640625
08:00:30,91282CLP4,TSRYS5893514,D,S,T,2024-10-09,1000000.00,3.944182,99.1640625
08:00:30,91282CLP4,TSRYS5893514,D,S,T,2024-10-09,1000000.00,3.944182,99.1640625
08:00:30,91282CLP4,TSRYS5893514,D,S,T,2024-10-09,1000000.00,3.942093,99.16796875
08:00:30,91282CLP4,TSRYS5893514,D,S,T,2024-10-09,1000000.00,3.94627,99.16015625
08:00:30,91282CLP4,TSRYS5893514,D,S,T,2024-10-09,1000000.00,3.94627,99.16015625
08:00:30,91282CLP4,TSRYS5893514,D,S,T,2024-10-09,1000000.00,3.947315,99.158203125
08:00:30,91282CLP4,TSRYS5893514,D,S,T,2024-10-09,1000000.00,3.94627,99.16015625
08:00:30,91282CLP4,TSRYS5893514,D,S,T,2024-10-09,1000000.00,3.94627,99.16015625
08:00:30,91282CLP4,TSRYS5893514,D,S,T,2024-10-09,1000000.00,3.94627,99.16015625
08:00:30,91282CLP4,TSRYS5893514,D,S,T,2024-10-09,1000000.00,3.94627,99.16015625
08:00:30,91282CLP4,TSRYS5893514,D,S,T,2024-10-09,1000000.00,3.94627,99.16015625
08:00:30,91282CLP4,TSRYS5893514,D,S,T,2024-10-09,1000000.00,3.94627,99.16015625
08:00:30,91282CLP4,TSRYS5893514,D,S,T,2024-10-09,1000000.00,3.947315,99.158203125
08:00:30,91282CLP4,TSRYS5893514,D,S,T,2024-10-09,1000000.00,3.948359,99.15625
08:00:30,91282CLP4,TSRYS5893514,D,S,T,2024-10-09,1000000.00,3.948359,99.15625
08:00:30,91282CLP4,TSRYS5893514,D,S,T,2024-10-09,1000000.00,3.950448,99.15234375
08:00:30,91282CLP4,TSRYS5893514,D,S,T,2024-10-09,1000000.00,3.950448,99.15234375
08:00:30,91282CLP4,TSRYS5893514,D,S,T,2024-10-09,1000000.00,3.950448,99.15234375
08:00:30,91282CLP4,TSRYS5893514,D,S,T,2024-10-09,1000000.00,3.952537,99.1484375
08:00:30,91282CLP4,TSRYS5893514,D,S,T,2024-10-09,1000000.00,3.952537,99.1484375
08:00:30,91282CLP4,TSRYS5893514,D,S,T,2024-10-09,1000000.00,3.952537,99.1484375
08:00:30,91282CLP4,TSRYS5893514,D,S,T,2024-10-09,1000000.00,3.956716,99.140625
08:00:30,91282CLP4,TSRYS5893514,D,S,T,2024-10-09,1000000.00,3.960895,99.1328125
08:00:30,91282CLP4,TSRYS5893514,D,S,T,2024-10-09,1000000.00,3.960895,99.1328125
08:00:30,91282CLP4,TSRYS5893514,D,S,T,2024-10-09,1000000.00,3.962984,99.12890625
08:00:30,91282CLP4,TSRYS5893514,D,S,T,2024-10-09,1000000.00,3.958805,99.13671875
08:00:30,91282CLP4,TSRYS5893514,D,S,T,2024-10-09,1000000.00,3.956716,99.140625
08:00:30,91282CLP4,TSRYS5893514,D,S,T,2024-10-09,1000000.00,3.954627,99.14453125
08:00:30,91282CLP4,TSRYS5893514,D,S,T,2024-10-09,1000000.00,3.958805,99.13671875
08:00:30,91282CLP4,TSRYS5893514,D,S,T,2024-10-09,1000000.00,3.958805,99.13671875
08:00:30,91282CLP4,TSRYS5893514,D,S,T,2024-10-09,1000000.00,3.956716,99.140625
08:00:30,91282CLP4,TSRYS5893514,D,S,T,2024-10-09,1000000.00,3.952537,99.1484375
08:00:30,91282CLP4,TSRYS5893514,D,S,T,2024-10-09,2000000.00,3.952537,99.1484375
08:00:30,91282CLP4,TSRYS5893514,D,S,T,2024-10-09,4000000.00,3.952537,99.1484375
08:00:30,91282CLP4,TSRYS5893514,D,S,T,2024-10-09,1000000.00,3.952537,99.1484375
08:00:30,91282CLP4,TSRYS5893514,D,S,T,2024-10-09,1000000.00,3.952537,99.1484375
08:00:30,91282CLP4,TSRYS5893514,D,S,T,2024-10-09,1000000.00,3.952537,99.1484375
08:00:30,91282CLP4,TSRYS5893514,D,S,T,2024-10-09,1000000.00,3.952537,99.1484375
08:00:30,91282CLP4,TSRYS5893514,D,S,T,2024-10-09,1000000.00,3.952537,99.1484375
08:00:30,91282CLP4,TSRYS5893514,D,S,T,2024-10-09,1000000.00,3.952537,99.1484375
08:00:30,91282CLP4,TSRYS5893514,D,B,C,2024-10-09,1000000.00,3.957761,99.138671875
08:00:30,91282CLP4,TSRYS5893514,D,S,D,2024-10-09,1000000.00,3.957761,99.138671875
08:00:30,91282CLP4,TSRYS5893514,D,B,C,2024-10-09,1000000.00,3.957761,99.138671875
08:00:30,91282CLP4,TSRYS5893514,D,S,D,2024-10-09,1000000.00,3.957761,99.138671875
08:00:30,91282CLP4,TSRYS5893514,D,S,D,2024-10-09,1000000.00,3.952537,99.1484375
08:00:30,91282CLP4,TSRYS5893514,D,S,T,2024-10-09,2000000.00,3.950448,99.15234375
08:00:30,91282CLP4,TSRYS5893514,D,S,T,2024-10-09,1000000.00,3.948359,99.15625
08:00:30,91282CLP4,TSRYS5893514,D,S,T,2024-10-09,1000000.00,3.948359,99.15625
08:00:30,91282CLP4,TSRYS5893514,D,S,T,2024-10-09,1000000.00,3.948359,99.15625
08:00:30,91282CLP4,TSRYS5893514,D,S,T,2024-10-09,1000000.00,3.94627,99.16015625
08:00:30,91282CLP4,TSRYS5893514,D,S,T,2024-10-09,1000000.00,3.950448,99.15234375
08:00:30,91282CLP4,TSRYS5893514,D,S,T,2024-10-09,1000000.00,3.950448,99.15234375
08:00:30,91282CLP4,TSRYS5893514,D,S,T,2024-10-09,1000000.00,3.950448,99.15234375
08:00:30,91282CLP4,TSRYS5893514,D,S,T,2024-10-09,1000000.00,3.950448,99.15234375
08:00:30,91282CLP4,TSRYS5893514,D,S,T,2024-10-09,1000000.00,3.950448,99.15234375
08:00:30,91282CLP4,TSRYS5893514,D,S,T,2024-10-09,1000000.00,3.952537,99.1484375
08:00:30,91282CLP4,TSRYS5893514,D,S,T,2024-10-09,1000000.00,3.952537,99.1484375
08:00:30,91282CLP4,TSRYS5893514,D,S,T,2024-10-09,1000000.00,3.950448,99.15234375
08:00:30,91282CLP4,TSRYS5893514,D,S,T,2024-10-09,1000000.00,3.950448,99.15234375
08:00:30,91282CLP4,TSRYS5893514,D,S,T,2024-10-09,1000000.00,3.952537,99.1484375
08:00:30,91282CLP4,TSRYS5893514,D,S,T,2024-10-09,1000000.00,3.952537,99.1484375
08:00:30,91282CLP4,TSRYS5893514,D,S,T,2024-10-09,1000000.00,3.952537,99.1484375
08:00:30,91282CLP4,TSRYS5893514,D,S,T,2024-10-09,1000000.00,3.94627,99.16015625
08:00:31,91282CLP4,TSRYS5893514,D,S,D,2024-10-09,364000.00,3.965074,99.125
08:00:31,91282CLP4,TSRYS5893514,D,S,T,2024-10-09,1000000.00,3.950448,99.15234375
08:00:31,91282CLP4,TSRYS5893514,D,S,T,2024-10-09,1000000.00,3.950448,99.15234375
08:00:31,91282CLP4,TSRYS5893514,D,S,T,2024-10-09,1000000.00,3.950448,99.15234375
08:00:31,91282CLP4,TSRYS5893514,D,S,T,2024-10-09,1000000.00,3.950448,99.15234375
08:00:31,91282CLP4,TSRYS5893514,D,S,T,2024-10-09,1000000.00,3.950448,99.15234375
08:00:31,91282CLP4,TSRYS5893514,D,S,T,2024-10-09,1000000.00,3.954627,99.14453125
08:00:31,91282CLP4,TSRYS5893514,D,S,T,2024-10-09,1000000.00,3.954627,99.14453125
08:00:31,91282CLP4,TSRYS5893514,D,S,T,2024-10-09,1000000.00,3.954627,99.14453125
08:00:31,91282CLP4,TSRYS5893514,D,S,T,2024-10-09,2000000.00,3.952537,99.1484375
08:00:31,91282CLP4,TSRYS5893514,D,S,T,2024-10-09,1000000.00,3.952537,99.1484375
08:00:31,91282CLP4,TSRYS5893514,D,S,T,2024-10-09,2000000.00,3.952537,99.1484375
08:00:31,91282CLP4,TSRYS5893514,D,S,T,2024-10-09,2000000.00,3.952537,99.1484375
08:00:31,91282CLP4,TSRYS5893514,D,S,T,2024-10-09,1000000.00,3.951493,99.150390625
08:00:31,91282CLP4,TSRYS5893514,D,S,T,2024-10-09,1000000.00,3.951493,99.150390625
08:00:31,91282CLP4,TSRYS5893514,D,S,T,2024-10-09,2000000.00,3.953582,99.146484375
08:00:31,91282CLP4,TSRYS5893514,D,S,D,2024-10-09,1000000.00,3.948359,99.15625
08:00:31,91282CLP4,TSRYS5893514,D,S,T,2024-10-09,1000000.00,3.960895,99.1328125
08:00:31,91282CLP4,TSRYS5893514,D,S,T,2024-10-09,1000000.00,3.962984,99.12890625
08:00:31,91282CLP4,TSRYS5893514,D,S,T,2024-10-09,1000000.00,3.962984,99.12890625
08:00:31,91282CLP4,TSRYS5893514,D,S,T,2024-10-09,2000000.00,3.96194,99.130859375
08:00:31,91282CLP4,TSRYS5893514,D,S,T,2024-10-09,1000000.00,3.962984,99.12890625
08:00:31,91282CLP4,TSRYS5893514,D,S,T,2024-10-09,1000000.00,3.962984,99.12890625
08:00:31,91282CLP4,TSRYS5893514,D,S,T,2024-10-09,1000000.00,3.962984,99.12890625
08:00:31,91282CLP4,TSRYS5893514,D,S,T,2024-10-09,2000000.00,3.962984,99.12890625
08:00:31,91282CLP4,TSRYS5893514,D,S,T,2024-10-09,1000000.00,3.962984,99.12890625
08:00:31,91282CLP4,TSRYS5893514,D,S,T,2024-10-09,1000000.00,3.960895,99.1328125
08:00:31,91282CLP4,TSRYS5893514,D,S,T,2024-10-09,1000000.00,3.960895,99.1328125
08:00:31,91282CLP4,TSRYS5893514,D,S,T,2024-10-09,1000000.00,3.960895,99.1328125
08:00:31,91282CLP4,TSRYS5893514,D,S,T,2024-10-09,1000000.00,3.960895,99.1328125
08:00:31,91282CLP4,TSRYS5893514,D,S,T,2024-10-09,1000000.00,3.956716,99.140625
08:00:31,91282CLP4,TSRYS5893514,D,S,T,2024-10-09,1000000.00,3.954627,99.14453125
08:00:31,91282CLP4,TSRYS5893514,D,S,T,2024-10-09,2000000.00,3.956716,99.140625
08:00:31,91282CLP4,TSRYS5893514,D,S,T,2024-10-09,1000000.00,3.956716,99.140625
08:00:31,91282CLP4,TSRYS5893514,D,S,T,2024-10-09,1000000.00,3.954627,99.14453125
08:00:31,91282CLP4,TSRYS5893514,D,S,T,2024-10-09,1000000.00,3.954627,99.14453125
08:00:31,91282CLP4,TSRYS5893514,D,S,T,2024-10-09,1000000.00,3.956716,99.140625
08:00:31,91282CLP4,TSRYS5893514,D,S,T,2024-10-09,4000000.00,3.956716,99.140625
08:00:31,91282CLP4,TSRYS5893514,D,S,T,2024-10-09,5000000.00,3.956716,99.140625
08:00:31,91282CLP4,TSRYS5893514,D,S,T,2024-10-09,5000000.00,3.956716,99.140625
08:00:31,91282CLP4,TSRYS5893514,D,S,T,2024-10-09,2000000.00,3.956716,99.140625
08:00:31,91282CLP4,TSRYS5893514,D,S,T,2024-10-09,1000000.00,3.956716,99.140625
08:00:31,91282CLP4,TSRYS5893514,D,S,T,2024-10-09,4000000.00,3.956716,99.140625
08:00:31,91282CLP4,TSRYS5893514,D,S,T,2024-10-09,2000000.00,3.956716,99.140625
08:00:31,91282CLP4,TSRYS5893514,D,S,T,2024-10-09,2000000.00,3.956716,99.140625
08:00:31,91282CLP4,TSRYS5893514,D,S,T,2024-10-09,1000000.00,3.956716,99.140625
08:00:31,91282CLP4,TSRYS5893514,D,S,T,2024-10-09,1000000.00,3.956716,99.140625
08:00:31,91282CLP4,TSRYS5893514,D,S,T,2024-10-09,1000000.00,3.956716,99.140625
08:00:31,91282CLP4,TSRYS5893514,D,S,T,2024-10-09,1000000.00,3.956716,99.140625
08:00:31,91282CLP4,TSRYS5893514,D,S,T,2024-10-09,2000000.00,3.956716,99.140625
08:00:31,91282CLP4,TSRYS5893514,D,S,T,2024-10-09,1000000.00,3.956716,99.140625
08:00:31,91282CLP4,TSRYS5893514,D,S,T,2024-10-09,1000000.00,3.956716,99.140625
08:00:31,91282CLP4,TSRYS5893514,D,S,T,2024-10-09,1000000.00,3.956716,99.140625
08:00:31,91282CLP4,TSRYS5893514,D,S,T,2024-10-09,1000000.00,3.958805,99.13671875
08:00:31,91282CLP4,TSRYS5893514,D,S,T,2024-10-09,1000000.00,3.960895,99.1328125
08:00:31,91282CLP4,TSRYS5893514,D,S,T,2024-10-09,1000000.00,3.960895,99.1328125
08:00:31,91282CLP4,TSRYS5893514,D,S,T,2024-10-09,1000000.00,3.960895,99.1328125
08:00:31,91282CLP4,TSRYS5893514,D,S,T,2024-10-09,1000000.00,3.962984,99.12890625
08:00:31,91282CLP4,TSRYS5893514,D,S,T,2024-10-09,1000000.00,3.956716,99.140625
08:00:31,91282CLP4,TSRYS5893514,D,S,T,2024-10-09,1000000.00,3.952537,99.1484375
08:00:31,91282CLP4,TSRYS5893514,D,S,T,2024-10-09,1000000.00,3.952537,99.1484375
08:00:31,91282CLP4,TSRYS5893514,D,S,T,2024-10-09,1000000.00,3.952537,99.1484375
08:00:31,91282CLP4,TSRYS5893514,D,S,T,2024-10-09,1000000.00,3.952537,99.1484375
08:00:31,91282CLP4,TSRYS5893514,D,S,T,2024-10-09,1000000.00,3.951493,99.150390625
08:00:31,91282CLP4,TSRYS5893514,D,S,T,2024-10-09,1000000.00,3.950448,99.15234375
08:00:31,91282CLP4,TSRYS5893514,D,S,T,2024-10-09,1000000.00,3.950448,99.15234375
08:00:31,91282CLP4,TSRYS5893514,D,S,T,2024-10-09,2000000.00,3.950448,99.15234375
08:00:31,91282CLP4,TSRYS5893514,D,S,T,2024-10-09,1000000.00,3.950448,99.15234375
08:00:31,91282CLP4,TSRYS5893514,D,S,T,2024-10-09,1000000.00,3.950448,99.15234375
08:00:31,91282CLP4,TSRYS5893514,D,S,T,2024-10-09,1000000.00,3.950448,99.15234375
08:00:31,91282CLP4,TSRYS5893514,D,S,T,2024-10-09,1000000.00,3.952537,99.1484375
08:00:31,91282CLP4,TSRYS5893514,D,S,T,2024-10-09,1000000.00,3.954627,99.14453125
08:00:31,91282CLP4,TSRYS5893514,D,S,T,2024-10-09,1000000.00,3.954627,99.14453125
08:00:31,91282CLP4,TSRYS5893514,D,S,T,2024-10-09,2000000.00,3.954627,99.14453125
08:00:31,91282CLP4,TSRYS5893514,D,S,T,2024-10-09,1000000.00,3.954627,99.14453125
08:00:31,91282CLP4,TSRYS5893514,D,S,T,2024-10-09,1000000.00,3.956716,99.140625
08:00:31,91282CLP4,TSRYS5893514,D,S,T,2024-10-09,1000000.00,3.958805,99.13671875
08:00:31,91282CLP4,TSRYS5893514,D,S,T,2024-10-09,3000000.00,3.960895,99.1328125
08:00:31,91282CLP4,TSRYS5893514,D,S,T,2024-10-09,1000000.00,3.960895,99.1328125
08:00:31,91282CLP4,TSRYS5893514,D,S,T,2024-10-09,1000000.00,3.960895,99.1328125
08:00:31,91282CLP4,TSRYS5893514,D,S,T,2024-10-09,3000000.00,3.960895,99.1328125
08:00:31,91282CLP4,TSRYS5893514,D,S,T,2024-10-09,1000000.00,3.960895,99.1328125
08:00:31,91282CLP4,TSRYS5893514,D,S,T,2024-10-09,2000000.00,3.955671,99.142578125
08:00:31,91282CLP4,TSRYS5893514,D,S,T,2024-10-09,1000000.00,3.954627,99.14453125
08:00:31,91282CLP4,TSRYS5893514,D,S,T,2024-10-09,5000000.00,3.950448,99.15234375
08:00:31,91282CLP4,TSRYS5893514,D,S,T,2024-10-09,5000000.00,3.950448,99.15234375
08:00:31,91282CLP4,TSRYS5893514,D,S,T,2024-10-09,1000000.00,3.950448,99.15234375
08:00:31,91282CLP4,TSRYS5893514,D,S,T,2024-10-09,1000000.00,3.952537,99.1484375
08:00:31,91282CLP4,TSRYS5893514,D,S,T,2024-10-09,1000000.00,3.956716,99.140625
08:00:31,91282CLP4,TSRYS5893514,D,S,T,2024-10-09,1000000.00,3.960895,99.1328125
08:00:31,91282CLP4,TSRYS5893514,D,S,T,2024-10-09,1000000.00,3.960895,99.1328125
08:00:31,91282CLP4,TSRYS5893514,D,S,T,2024-10-09,1000000.00,3.960895,99.1328125
08:00:31,91282CLP4,TSRYS5893514,D,S,D,2024-10-09,3000000.00,3.960895,99.1328125
08:00:31,91282CLP4,TSRYS5893514,D,S,D,2024-10-09,1000000.00,3.958805,99.13671875
08:00:31,91282CLP4,TSRYS5893514,D,S,D,2024-10-09,1000000.00,3.958805,99.13671875
08:00:31,91282CLP4,TSRYS5893514,D,S,D,2024-10-09,1000000.00,3.958805,99.13671875
08:00:31,91282CLP4,TSRYS5893514,D,S,D,2024-10-09,2000000.00,3.965074,99.125
08:00:31,91282CLP4,TSRYS5893514,D,S,D,2024-10-09,390000.00,3.962984,99.12890625
08:00:31,91282CLP4,TSRYS5893514,D,S,D,2024-10-09,2000000.00,3.964029,99.126953125
08:00:31,91282CLP4,TSRYS5893514,D,S,D,2024-10-09,1610000.00,3.962984,99.12890625
08:00:31,91282CLP4,TSRYS5893514,D,S,D,2024-10-09,2000000.00,3.964029,99.126953125
08:00:31,91282CLP4,TSRYS5893514,D,S,D,2024-10-09,2000000.00,3.964029,99.126953125
08:00:31,91282CLP4,TSRYS5893514,D,S,D,2024-10-09,2000000.00,3.962984,99.12890625
08:00:31,91282CLP4,TSRYS5893514,D,S,D,2024-10-09,3000000.00,3.960895,99.1328125
08:00:31,91282CLP4,TSRYS5893514,D,S,D,2024-10-09,3000000.00,3.960895,99.1328125
08:00:32,91282CLP4,TSRYS5893514,D,S,D,2024-10-09,5000000.00,3.958805,99.13671875
08:00:32,91282CLP4,TSRYS5893514,D,S,D,2024-10-09,3000000.00,3.958805,99.13671875
08:00:32,91282CLP4,TSRYS5893514,D,S,D,2024-10-09,2000000.00,3.958805,99.13671875
08:00:32,91282CLP4,TSRYS5893514,D,S,D,2024-10-09,1000000.00,3.958805,99.13671875
08:00:32,91282CLP4,TSRYS5893514,D,S,D,2024-10-09,2000000.00,3.958805,99.13671875
08:00:32,91282CLP4,TSRYS5893514,D,S,D,2024-10-09,2000000.00,3.958805,99.13671875
08:00:32,91282CLP4,TSRYS5893514,D,S,D,2024-10-09,1000000.00,3.958805,99.13671875
08:00:32,91282CLP4,TSRYS5893514,D,S,D,2024-10-09,1000000.00,3.958805,99.13671875
08:00:32,91282CLP4,TSRYS5893514,D,S,D,2024-10-09,1000000.00,3.958805,99.13671875
08:00:32,91282CLP4,TSRYS5893514,D,S,D,2024-10-09,1000000.00,3.958805,99.13671875
08:00:32,91282CLP4,TSRYS5893514,D,S,D,2024-10-09,1000000.00,3.958805,99.13671875
08:00:32,91282CLP4,TSRYS5893514,D,S,D,2024-10-09,1000000.00,3.958805,99.13671875
08:00:32,91282CLP4,TSRYS5893514,D,S,D,2024-10-09,1000000.00,3.958805,99.13671875
08:00:32,91282CLP4,TSRYS5893514,D,S,D,2024-10-09,1000000.00,3.958805,99.13671875
08:00:32,91282CLP4,TSRYS5893514,D,S,D,2024-10-09,1000000.00,3.958805,99.13671875
08:00:32,91282CLP4,TSRYS5893514,D,S,D,2024-10-09,3000000.00,3.957761,99.138671875
08:00:32,91282CLP4,TSRYS5893514,D,S,D,2024-10-09,3000000.00,3.958805,99.13671875
08:00:32,91282CLP4,TSRYS5893514,D,S,D,2024-10-09,3000000.00,3.958805,99.13671875
08:00:32,91282CLP4,TSRYS5893514,D,S,D,2024-10-09,1000000.00,3.958805,99.13671875
08:00:32,91282CLP4,TSRYS5893514,D,S,D,2024-10-09,1000000.00,3.958805,99.13671875
08:00:32,91282CLP4,TSRYS5893514,D,S,D,2024-10-09,1000000.00,3.958805,99.13671875
08:00:32,91282CLP4,TSRYS5893514,D,S,D,2024-10-09,1000000.00,3.958805,99.13671875
08:00:32,91282CLP4,TSRYS5893514,D,S,D,2024-10-09,1000000.00,3.958805,99.13671875
08:00:32,91282CLP4,TSRYS5893514,D,S,D,2024-10-09,1000000.00,3.958805,99.13671875
08:00:32,91282CLP4,TSRYS5893514,D,S,D,2024-10-09,1000000.00,3.958805,99.13671875
08:00:32,91282CLP4,TSRYS5893514,D,S,D,2024-10-09,1000000.00,3.958805,99.13671875
08:00:32,91282CLP4,TSRYS5893514,D,S,D,2024-10-09,1000000.00,3.958805,99.13671875
08:00:32,91282CLP4,TSRYS5893514,D,S,D,2024-10-09,1000000.00,3.945226,99.162109375
08:00:32,91282CLP4,TSRYS5893514,D,S,D,2024-10-09,2000000.00,3.947315,99.158203125
08:00:32,91282CLP4,TSRYS5893514,D,S,D,2024-10-09,2000000.00,3.947315,99.158203125
08:00:32,91282CLP4,TSRYS5893514,D,S,D,2024-10-09,2000000.00,3.960895,99.1328125
08:00:32,91282CLP4,TSRYS5893514,D,S,D,2024-10-09,2000000.00,3.960895,99.1328125
08:00:32,91282CLP4,TSRYS5893514,D,S,D,2024-10-09,1000000.00,3.950448,99.15234375
08:00:32,91282CLP4,TSRYS5893514,D,S,D,2024-10-09,1000000.00,3.950448,99.15234375
08:00:32,91282CLP4,TSRYS5893514,D,S,D,2024-10-09,1000000.00,3.951493,99.150390625
08:00:32,91282CLP4,TSRYS5893514,D,S,D,2024-10-09,1000000.00,3.951493,99.150390625
08:00:32,91282CLP4,TSRYS5893514,D,S,D,2024-10-09,1000000.00,3.960895,99.1328125
08:00:32,91282CLP4,TSRYS5893514,D,S,D,2024-10-09,1000000.00,3.962984,99.12890625
08:00:32,91282CLP4,TSRYS5893514,D,S,D,2024-10-09,1000000.00,3.964029,99.126953125
08:00:32,91282CLP4,TSRYS5893514,D,S,D,2024-10-09,1000000.00,3.964029,99.126953125
08:00:32,91282CLP4,TSRYS5893514,D,S,D,2024-10-09,1000000.00,3.964029,99.126953125
08:00:32,91282CLP4,TSRYS5893514,D,S,D,2024-10-09,1000000.00,3.964029,99.126953125
08:00:32,91282CLP4,TSRYS5893514,D,S,D,2024-10-09,2000000.00,3.962984,99.12890625
08:00:32,91282CLP4,TSRYS5893514,D,S,D,2024-10-09,1000000.00,3.964029,99.126953125
08:00:32,91282CLP4,TSRYS5893514,D,S,D,2024-10-09,1000000.00,3.964029,99.126953125
08:00:32,91282CLP4,TSRYS5893514,D,S,D,2024-10-09,1000000.00,3.964029,99.126953125
08:00:32,91282CLP4,TSRYS5893514,D,S,T,2024-10-09,2000000.00,3.95985,99.134765625
08:00:32,91282CLP4,TSRYS5893514,D,S,T,2024-10-09,2000000.00,3.960895,99.1328125
08:00:32,91282CLP4,TSRYS5893514,D,S,T,2024-10-09,1000000.00,3.960895,99.1328125
08:00:32,91282CLP4,TSRYS5893514,D,S,T,2024-10-09,1000000.00,3.960895,99.1328125
08:00:32,91282CLP4,TSRYS5893514,D,S,T,2024-10-09,1000000.00,3.960895,99.1328125
08:00:32,91282CLP4,TSRYS5893514,D,S,T,2024-10-09,3000000.00,3.960895,99.1328125
08:00:32,91282CLP4,TSRYS5893514,D,S,T,2024-10-09,1000000.00,3.960895,99.1328125
08:00:32,91282CLP4,TSRYS5893514,D,S,T,2024-10-09,2000000.00,3.960895,99.1328125
08:00:32,91282CLP4,TSRYS5893514,D,S,T,2024-10-09,1000000.00,3.958805,99.13671875
08:00:32,91282CLP4,TSRYS5893514,D,S,T,2024-10-09,1000000.00,3.958805,99.13671875
08:00:32,91282CLP4,TSRYS5893514,D,S,T,2024-10-09,1000000.00,3.958805,99.13671875
08:00:32,91282CLP4,TSRYS5893514,D,S,T,2024-10-09,1000000.00,3.958805,99.13671875
08:00:32,91282CLP4,TSRYS5893514,D,S,T,2024-10-09,1000000.00,3.958805,99.13671875
08:00:32,91282CLP4,TSRYS5893514,D,S,T,2024-10-09,1000000.00,3.958805,99.13671875
08:00:32,91282CLP4,TSRYS5893514,D,S,T,2024-10-09,1000000.00,3.958805,99.13671875
08:00:32,91282CLP4,TSRYS5893514,D,S,T,2024-10-09,1000000.00,3.958805,99.13671875
08:00:32,91282CLP4,TSRYS5893514,D,S,T,2024-10-09,1000000.00,3.958805,99.13671875
08:00:32,91282CLP4,TSRYS5893514,D,S,T,2024-10-09,1000000.00,3.958805,99.13671875
08:00:32,91282CLP4,TSRYS5893514,D,S,T,2024-10-09,1000000.00,3.958805,99.13671875
08:00:32,91282CLP4,TSRYS5893514,D,S,T,2024-10-09,1000000.00,3.958805,99.13671875
08:00:32,91282CLP4,TSRYS5893514,D,S,T,2024-10-09,3000000.00,3.954627,99.14453125
08:00:32,91282CLP4,TSRYS5893514,D,S,T,2024-10-09,2000000.00,3.94627,99.16015625
08:00:32,91282CLP4,TSRYS5893514,D,S,T,2024-10-09,2000000.00,3.94627,99.16015625
08:00:32,91282CLP4,TSRYS5893514,D,S,T,2024-10-09,2000000.00,3.945226,99.162109375
08:00:32,91282CLP4,TSRYS5893514,D,S,T,2024-10-09,1000000.00,3.945226,99.162109375
08:00:32,91282CLP4,TSRYS5893514,D,S,T,2024-10-09,1000000.00,3.945226,99.162109375
08:00:32,91282CLP4,TSRYS5893514,D,S,T,2024-10-09,2000000.00,3.945226,99.162109375
08:00:32,91282CLP4,TSRYS5893514,D,S,T,2024-10-09,2000000.00,3.945226,99.162109375
08:00:32,91282CLP4,TSRYS5893514,D,S,T,2024-10-09,2000000.00,3.947315,99.158203125
08:00:32,91282CLP4,TSRYS5893514,D,S,C,2024-10-09,50000000.00,3.948359,99.15625
08:00:32,91282CLP4,TSRYS5893514,D,S,T,2024-10-09,2000000.00,3.954627,99.14453125
08:00:32,91282CLP4,TSRYS5893514,D,S,T,2024-10-09,2000000.00,3.954627,99.14453125
08:00:32,91282CLP4,TSRYS5893514,D,S,T,2024-10-09,2000000.00,3.954627,99.14453125
08:00:32,91282CLP4,TSRYS5893514,D,S,T,2024-10-09,2000000.00,3.954627,99.14453125
08:00:32,91282CLP4,TSRYS5893514,D,S,T,2024-10-09,2000000.00,3.955671,99.142578125
08:00:32,91282CLP4,TSRYS5893514,D,S,T,2024-10-09,2000000.00,3.955671,99.142578125
08:00:32,91282CLP4,TSRYS5893514,D,S,T,2024-10-09,2000000.00,3.962984,99.12890625
08:00:32,91282CLP4,TSRYS5893514,D,S,T,2024-10-09,2000000.00,3.962984,99.12890625
08:00:32,91282CLP4,TSRYS5893514,D,S,T,2024-10-09,2000000.00,3.962984,99.12890625
08:00:32,91282CLP4,TSRYS5893514,D,S,T,2024-10-09,2000000.00,3.962984,99.12890625
08:00:32,91282CLP4,TSRYS5893514,D,S,T,2024-10-09,1000000.00,3.962984,99.12890625
08:00:32,91282CLP4,TSRYS5893514,D,S,T,2024-10-09,1000000.00,3.962984,99.12890625
08:00:32,91282CLP4,TSRYS5893514,D,S,T,2024-10-09,1000000.00,3.964029,99.126953125
08:00:32,91282CLP4,TSRYS5893514,D,S,T,2024-10-09,1000000.00,3.962984,99.12890625
08:00:32,91282CLP4,TSRYS5893514,D,S,T,2024-10-09,1000000.00,3.964029,99.126953125
08:00:32,91282CLP4,TSRYS5893514,D,S,T,2024-10-09,1000000.00,3.964029,99.126953125
08:00:32,91282CLP4,TSRYS5893514,D,S,T,2024-10-09,1000000.00,3.964029,99.126953125
08:00:32,91282CLP4,TSRYS5893514,D,S,T,2024-10-09,1000000.00,3.964029,99.126953125
08:00:32,91282CLP4,TSRYS5893514,D,S,T,2024-10-09,1000000.00,3.964029,99.126953125
08:00:32,91282CLP4,TSRYS5893514,D,S,T,2024-10-09,1000000.00,3.964029,99.126953125
08:00:32,91282CLP4,TSRYS5893514,D,S,T,2024-10-09,2000000.00,3.964029,99.126953125
08:00:32,91282CLP4,TSRYS5893514,D,S,T,2024-10-09,1000000.00,3.964029,99.126953125
08:00:32,91282CLP4,TSRYS5893514,D,S,T,2024-10-09,1000000.00,3.964029,99.126953125
08:00:35,91282CLP4,TSRYS5893514,D,S,A,2024-10-09,50000000.00,3.952537,99.1484375
08:00:36,91282CLP4,TSRYS5893514,D,S,A,2024-10-09,1000000.00,3.960895,99.1328125
08:00:36,91282CLP4,TSRYS5893514,D,S,T,2024-10-09,1000000.00,3.965074,99.125
08:00:36,91282CLP4,TSRYS5893514,D,S,D,2024-10-09,1000000.00,3.956716,99.140625
08:00:37,91282CLP4,TSRYS5893514,D,S,D,2024-10-09,50000000.00,,99.15625
08:00:38,91282CLP4,TSRYS5893514,D,S,D,2024-10-09,1000000.00,3.956716,99.140625
08:00:39,91282CLP4,TSRYS5893514,D,S,A,2024-10-09,26747000.00,3.960895,99.1328125
08:00:39,91282CLP4,TSRYS5893514,D,B,C,2024-10-09,1510000.00,3.944182,99.1640625
08:00:39,91282CLP4,TSRYS5893514,D,S,D,2024-10-09,1510000.00,3.944182,99.1640625
08:00:39,91282CLP4,TSRYS5893514,D,S,A,2024-10-09,5000000.00,3.956716,99.140625
08:00:40,91282CLP4,TSRYS5893514,D,S,T,2024-10-09,1000000.00,3.965074,99.125
08:00:40,91282CLP4,TSRYS5893514,D,S,T,2024-10-09,1000000.00,3.965074,99.125
08:00:40,91282CLP4,TSRYS5893514,D,S,D,2024-10-09,100000.00,3.944182,99.1640625
08:00:40,91282CLP4,TSRYS5893514,D,S,T,2024-10-09,2000000.00,3.944182,99.1640625
08:00:41,91282CLP4,TSRYS5893514,D,B,A,2024-10-09,12000000.00,3.94627,99.16015625
08:00:42,91282CLP4,TSRYS5893514,D,S,A,2024-10-09,2450000.00,3.94627,99.16015625
08:00:42,91282CLP4,TSRYS5893514,D,S,T,2024-10-09,1000000.00,3.960895,99.1328125
08:00:42,91282CLP4,TSRYS5893514,D,S,T,2024-10-09,4000000.00,3.960895,99.1328125
08:00:43,91282CLP4,TSRYS5893514,D,B,A,2024-10-09,3000000.00,3.956716,99.140625
08:00:43,91282CLP4,TSRYS5893514,D,S,C,2024-10-09,500000.00,3.960895,99.1328125
08:00:44,91282CLP4,TSRYS5893514,D,S,T,2024-10-09,5000000.00,3.950448,99.15234375
08:00:46,91282CLP4,TSRYS5893514,D,S,A,2024-10-09,250MM+,3.952537,99.1484375
08:00:47,91282CLP4,TSRYS5893514,D,S,D,2024-10-09,1000000.00,3.966119,99.123046875
08:00:47,91282CLP4,TSRYS5893514,D,S,D,2024-10-09,990000.00,3.966119,99.123046875
08:00:47,91282CLP4,TSRYS5893514,D,S,D,2024-10-09,390000.00,3.962275,99.130231891
08:00:47,91282CLP4,TSRYS5893514,D,S,T,2024-10-09,1000000.00,3.957761,99.138671875
08:00:47,91282CLP4,TSRYS5893514,D,S,T,2024-10-09,1000000.00,3.958805,99.13671875
08:00:47,91282CLP4,TSRYS5893514,D,S,T,2024-10-09,3000000.00,3.958805,99.13671875
08:00:48,91282CLP4,TSRYS5893514,D,S,D,2024-10-09,1000000.00,3.960895,99.1328125
08:00:48,91282CLP4,TSRYS5893514,D,S,T,2024-10-09,1000000.00,3.958805,99.13671875
08:00:48,91282CLP4,TSRYS5893514,D,S,T,2024-10-09,1000000.00,3.958805,99.13671875
08:00:48,91282CLP4,TSRYS5893514,D,S,T,2024-10-09,1000000.00,3.958805,99.13671875
08:00:48,91282CLP4,TSRYS5893514,D,S,T,2024-10-09,1000000.00,3.944182,99.1640625
08:00:48,91282CLP4,TSRYS5893514,D,B,A,2024-10-09,5000000.00,3.942645,99.16796875
08:00:48,91282CLP4,TSRYS5893514,D,B,A,2024-10-09,1700000.00,3.944182,99.1640625
08:00:48,91282CLP4,TSRYS5893514,D,S,C,2024-10-09,3080000.00,3.942093,99.16796875
08:00:48,91282CLP4,TSRYS5893514,D,S,T,2024-10-09,1000000.00,3.944182,99.1640625
08:00:48,91282CLP4,TSRYS5893514,D,S,T,2024-10-09,1000000.00,3.944182,99.1640625
08:00:48,91282CLP4,TSRYS5893514,D,S,T,2024-10-09,1000000.00,3.94627,99.16015625
08:00:48,91282CLP4,TSRYS5893514,D,S,C,2024-10-09,3580000.00,3.942093,99.16796875
08:00:48,91282CLP4,TSRYS5893514,D,S,T,2024-10-09,1000000.00,3.944182,99.1640625
08:00:48,91282CLP4,TSRYS5893514,D,S,T,2024-10-09,1000000.00,3.942093,99.16796875
08:00:48,91282CLP4,TSRYS5893514,D,S,T,2024-10-09,1000000.00,3.942093,99.16796875
08:00:48,91282CLP4,TSRYS5893514,D,B,A,2024-10-09,200000.00,3.942093,99.16796875
08:00:48,91282CLP4,TSRYS5893514,D,S,T,2024-10-09,1000000.00,3.942093,99.16796875
08:00:48,91282CLP4,TSRYS5893514,D,S,T,2024-10-09,1000000.00,3.94627,99.16015625
08:00:48,91282CLP4,TSRYS5893514,D,S,T,2024-10-09,1000000.00,3.94627,99.16015625
08:00:48,91282CLP4,TSRYS5893514,D,S,A,2024-10-09,1395000.00,3.94627,99.16015625
08:00:48,91282CLP4,TSRYS5893514,D,S,A,2024-10-09,3700000.00,3.956716,99.140625
08:00:48,91282CLP4,TSRYS5893514,D,S,A,2024-10-09,1000000.00,3.94892,99.15625
08:00:48,91282CLP4,TSRYS5893514,D,S,A,2024-10-09,3000000.00,3.950448,99.15234375
08:00:48,91282CLP4,TSRYS5893514,D,S,A,2024-10-09,2000000.00,3.950448,99.15234375
08:00:48,91282CLP4,TSRYS5893514,D,S,A,2024-10-09,1000000.00,3.950448,99.15234375
08:00:48,91282CLP4,TSRYS5893514,D,S,A,2024-10-09,1000000.00,3.950448,99.15234375
08:00:48,91282CLP4,TSRYS5893514,D,S,A,2024-10-09,1000000.00,3.950448,99.15234375
08:00:48,91282CLP4,TSRYS5893514,D,S,D,2024-10-09,1000000.00,3.948359,99.15625
08:00:48,91282CLP4,TSRYS5893514,D,S,T,2024-10-09,1000000.00,3.94627,99.16015625
08:00:48,91282CLP4,TSRYS5893514,D,S,T,2024-10-09,1000000.00,3.948359,99.15625
08:00:48,91282CLP4,TSRYS5893514,D,B,A,2024-10-09,1800000.00,3.950448,99.15234375
08:00:48,91282CLP4,TSRYS5893514,D,S,A,2024-10-09,2000000.00,3.960895,99.1328125
08:00:48,91282CLP4,TSRYS5893514,D,S,T,2024-10-09,6000000.00,3.956716,99.140625
08:00:48,91282CLP4,TSRYS5893514,D,S,A,2024-10-09,10000000.00,3.958805,99.13671875
08:00:49,91282CLP4,TSRYS5893514,D,B,C,2024-10-09,13000000.00,3.944776,99.162952
08:00:49,91282CLP4,TSRYS5893514,D,B,C,2024-10-09,1067000.00,3.956716,99.140625
08:00:49,91282CLP4,TSRYS5893514,D,S,T,2024-10-09,1000000.00,3.954627,99.14453125
08:00:49,91282CLP4,TSRYS5893514,D,S,A,2024-10-09,5000000.00,3.950448,99.15234375
08:00:49,91282CLP4,TSRYS5893514,D,S,A,2024-10-09,4000000.00,3.950448,99.15234375
08:00:49,91282CLP4,TSRYS5893514,D,S,A,2024-10-09,1000000.00,3.950448,99.15234375
08:00:49,91282CLP4,TSRYS5893514,D,S,A,2024-10-09,5000000.00,3.950448,99.15234375
08:00:49,91282CLP4,TSRYS5893514,D,S,A,2024-10-09,2000000.00,3.950448,99.15234375
08:00:49,91282CLP4,TSRYS5893514,D,S,A,2024-10-09,2000000.00,3.950448,99.15234375
08:00:49,91282CLP4,TSRYS5893514,D,S,A,2024-10-09,1000000.00,3.950448,99.15234375
08:00:49,91282CLP4,TSRYS5893514,D,S,T,2024-10-09,1000000.00,3.965074,99.125
08:00:49,91282CLP4,TSRYS5893514,D,S,T,2024-10-09,1000000.00,3.965074,99.125
08:00:49,91282CLP4,TSRYS5893514,D,S,T,2024-10-09,2000000.00,3.965074,99.125
08:00:49,91282CLP4,TSRYS5893514,D,S,T,2024-10-09,1000000.00,3.965074,99.125
08:00:49,91282CLP4,TSRYS5893514,D,S,T,2024-10-09,6000000.00,3.965074,99.125
08:00:49,91282CLP4,TSRYS5893514,D,S,T,2024-10-09,4000000.00,3.965074,99.125
08:00:49,91282CLP4,TSRYS5893514,D,S,T,2024-10-09,3000000.00,3.965074,99.125
08:00:49,91282CLP4,TSRYS5893514,D,S,T,2024-10-09,1000000.00,3.965074,99.125
08:00:49,91282CLP4,TSRYS5893514,D,S,T,2024-10-09,1000000.00,3.965074,99.125
08:00:49,91282CLP4,TSRYS5893514,D,S,T,2024-10-09,1000000.00,3.965074,99.125
08:00:49,91282CLP4,TSRYS5893514,D,S,T,2024-10-09,2000000.00,3.965074,99.125
08:00:49,91282CLP4,TSRYS5893514,D,S,T,2024-10-09,3000000.00,3.965074,99.125
08:00:49,91282CLP4,TSRYS5893514,D,S,T,2024-10-09,1000000.00,3.965074,99.125
08:00:49,91282CLP4,TSRYS5893514,D,S,T,2024-10-09,1000000.00,3.965074,99.125
08:00:49,91282CLP4,TSRYS5893514,D,S,T,2024-10-09,1000000.00,3.965074,99.125
08:00:49,91282CLP4,TSRYS5893514,D,S,T,2024-10-09,1000000.00,3.965074,99.125
08:00:49,91282CLP4,TSRYS5893514,D,S,T,2024-10-09,1000000.00,3.965074,99.125
08:00:49,91282CLP4,TSRYS5893514,D,S,T,2024-10-09,1000000.00,3.965074,99.125
08:00:49,91282CLP4,TSRYS5893514,D,S,T,2024-10-09,1000000.00,3.965074,99.125
08:00:49,91282CLP4,TSRYS5893514,D,S,T,2024-10-09,1000000.00,3.965074,99.125
08:00:49,91282CLP4,TSRYS5893514,D,S,T,2024-10-09,3000000.00,3.965074,99.125
08:00:49,91282CLP4,TSRYS5893514,D,S,T,2024-10-09,1000000.00,3.965074,99.125
08:00:49,91282CLP4,TSRYS5893514,D,S,T,2024-10-09,1000000.00,3.965074,99.125
08:00:49,91282CLP4,TSRYS5893514,D,S,T,2024-10-09,1000000.00,3.965074,99.125
08:00:49,91282CLP4,TSRYS5893514,D,S,D,2024-10-09,1000000.00,3.964029,99.126953125
08:00:49,91282CLP4,TSRYS5893514,D,S,D,2024-10-09,1000000.00,3.964029,99.126953125
08:00:49,91282CLP4,TSRYS5893514,D,S,D,2024-10-09,1000000.00,3.964029,99.126953125
08:00:49,91282CLP4,TSRYS5893514,D,B,C,2024-10-09,4000000.00,3.962984,99.12890625
08:00:49,91282CLP4,TSRYS5893514,D,B,C,2024-10-09,10000000.00,3.962984,99.12890625
08:00:49,91282CLP4,TSRYS5893514,D,B,C,2024-10-09,4000000.00,3.964029,99.126953125
08:00:50,91282CLP4,TSRYS5893514,D,S,A,2024-10-09,6300000.00,3.940004,99.171875
08:00:50,91282CLP4,TSRYS5893514,D,B,C,2024-10-09,4000000.00,3.964029,99.126953125
08:00:50,91282CLP4,TSRYS5893514,D,B,C,2024-10-09,4000000.00,3.962984,99.12890625
08:00:50,91282CLP4,TSRYS5893514,D,B,C,2024-10-09,10000000.00,3.962984,99.12890625
08:00:51,91282CLP4,TSRYS5893514,D,S,A,2024-10-09,4128000.00,3.942093,99.16796875
08:00:51,91282CLP4,TSRYS5893514,D,S,T,2024-10-09,1000000.00,3.960895,99.1328125
08:00:51,91282CLP4,TSRYS5893514,D,S,T,2024-10-09,1000000.00,3.960895,99.1328125
08:00:51,91282CLP4,TSRYS5893514,D,S,T,2024-10-09,1000000.00,3.960895,99.1328125
08:00:52,91282CLP4,TSRYS5893514,D,S,A,2024-10-09,10000000.00,3.948359,99.15625
08:00:52,91282CLP4,TSRYS5893514,D,B,A,2024-10-09,4700000.00,3.950448,99.15234375
08:00:54,91282CLP4,TSRYS5893514,D,S,D,2024-10-09,1000000.00,3.962984,99.12890625
08:00:56,91282CLP4,TSRYS5893514,D,S,A,2024-10-09,10000000.00,3.955195,99.14453125
08:00:56,91282CLP4,TSRYS5893514,D,B,A,2024-10-09,288000.00,3.956895,99.14029
08:00:57,91282CLP4,TSRYS5893514,D,S,D,2024-10-09,1000000.00,3.962984,99.12890625
08:00:57,91282CLP4,TSRYS5893514,D,S,D,2024-10-09,1000000.00,3.96194,99.130859375
08:00:57,91282CLP4,TSRYS5893514,D,S,D,2024-10-09,1000000.00,3.960895,99.1328125
08:00:57,91282CLP4,TSRYS5893514,D,S,D,2024-10-09,1000000.00,3.962984,99.12890625
08:00:57,91282CLP4,TSRYS5893514,D,S,D,2024-10-09,1000000.00,3.96194,99.130859375
08:00:57,91282CLP4,TSRYS5893514,D,S,D,2024-10-09,1000000.00,3.960895,99.1328125
08:00:57,91282CLP4,TSRYS5893514,D,S,D,2024-10-09,1000000.00,3.962984,99.12890625
08:00:57,91282CLP4,TSRYS5893514,D,S,D,2024-10-09,1000000.00,3.96194,99.130859375
08:00:57,91282CLP4,TSRYS5893514,D,S,D,2024-10-09,1000000.00,3.960895,99.1328125
08:00:58,91282CLP4,TSRYS5893514,D,S,A,2024-10-09,1900000.00,3.956716,99.140625
08:00:59,91282CLP4,TSRYS5893514,D,B,C,2024-10-09,4000000.00,3.964029,99.126953125
08:00:59,91282CLP4,TSRYS5893514,D,B,C,2024-10-09,5000000.00,3.962984,99.12890625
08:00:59,91282CLP4,TSRYS5893514,D,S,D,2024-10-09,1000000.00,3.964029,99.126953125
08:00:59,91282CLP4,TSRYS5893514,D,B,C,2024-10-09,5000000.00,3.962984,99.12890625
08:00:59,91282CLP4,TSRYS5893514,D,B,C,2024-10-09,4000000.00,3.96194,99.130859375
08:00:59,91282CLP4,TSRYS5893514,D,S,C,2024-10-09,1000000.00,3.964029,99.126953125
08:01:00,91282CLP4,TSRYS5893514,D,S,C,2024-10-09,2000000.00,3.96194,99.130859375
08:01:00,91282CLP4,TSRYS5893514,D,S,D,2024-10-09,2000000.00,3.962984,99.12890625
08:01:00,91282CLP4,TSRYS5893514,D,S,D,2024-10-09,1000000.00,3.962984,99.12890625
08:01:01,91282CLP4,TSRYS5893514,D,S,C,2024-10-09,2000000.00,3.96194,99.130859375
08:01:01,91282CLP4,TSRYS5893514,D,S,D,2024-10-09,1000000.00,3.960895,99.1328125
08:01:01,91282CLP4,TSRYS5893514,D,S,D,2024-10-09,1000000.00,3.962984,99.12890625
08:01:01,91282CLP4,TSRYS5893514,D,S,D,2024-10-09,1000000.00,3.957761,99.138671875
08:01:01,91282CLP4,TSRYS5893514,D,S,D,2024-10-09,1000000.00,3.957761,99.138671875
08:01:01,91282CLP4,TSRYS5893514,D,S,D,2024-10-09,1000000.00,3.96194,99.130859375
08:01:01,91282CLP4,TSRYS5893514,D,S,D,2024-10-09,1000000.00,3.96194,99.130859375
08:01:01,91282CLP4,TSRYS5893514,D,B,C,2024-10-09,1000000.00,3.958805,99.13671875
08:01:01,91282CLP4,TSRYS5893514,D,S,D,2024-10-09,1000000.00,3.96194,99.130859375
08:01:01,91282CLP4,TSRYS5893514,D,B,C,2024-10-09,1000000.00,3.958805,99.13671875
08:01:01,91282CLP4,TSRYS5893514,D,S,D,2024-10-09,5000000.00,3.957761,99.138671875
08:01:01,91282CLP4,TSRYS5893514,D,S,D,2024-10-09,1000000.00,3.958805,99.13671875
08:01:01,91282CLP4,TSRYS5893514,D,S,D,2024-10-09,2000000.00,3.957761,99.138671875
08:01:01,91282CLP4,TSRYS5893514,D,S,D,2024-10-09,1000000.00,3.958805,99.13671875
08:01:01,91282CLP4,TSRYS5893514,D,S,D,2024-10-09,1000000.00,3.958805,99.13671875
08:01:01,91282CLP4,TSRYS5893514,D,S,D,2024-10-09,1000000.00,3.958805,99.13671875
08:01:01,91282CLP4,TSRYS5893514,D,S,D,2024-10-09,1000000.00,3.958805,99.13671875
08:01:01,91282CLP4,TSRYS5893514,D,B,A,2024-10-09,9000000.00,3.958805,99.13671875
08:01:01,91282CLP4,TSRYS5893514,D,S,T,2024-10-09,2000000.00,3.958832,99.13666875
08:01:01,91282CLP4,TSRYS5893514,D,S,T,2024-10-09,1000000.00,3.958832,99.13666875
08:01:01,91282CLP4,TSRYS5893514,D,S,T,2024-10-09,6000000.00,3.958832,99.13666875
08:01:01,91282CLP4,TSRYS5893514,D,B,C,2024-10-09,1000000.00,3.956716,99.140625
08:01:01,91282CLP4,TSRYS5893514,D,S,D,2024-10-09,2000000.00,3.960895,99.1328125
08:01:01,91282CLP4,TSRYS5893514,D,S,D,2024-10-09,2000000.00,3.957761,99.138671875
08:01:01,91282CLP4,TSRYS5893514,D,S,D,2024-10-09,1000000.00,3.956716,99.140625
08:01:01,91282CLP4,TSRYS5893514,D,S,D,2024-10-09,1000000.00,3.956716,99.140625
08:01:01,91282CLP4,TSRYS5893514,D,S,D,2024-10-09,1000000.00,3.956716,99.140625
08:01:01,91282CLP4,TSRYS5893514,D,S,D,2024-10-09,1000000.00,3.956716,99.140625
08:01:01,91282CLP4,TSRYS5893514,D,B,C,2024-10-09,1000000.00,3.956716,99.140625
08:01:01,91282CLP4,TSRYS5893514,D,B,C,2024-10-09,1000000.00,3.956716,99.140625
08:01:01,91282CLP4,TSRYS5893514,D,S,D,2024-10-09,1000000.00,3.956716,99.140625
08:01:01,91282CLP4,TSRYS5893514,D,B,C,2024-10-09,1000000.00,3.956716,99.140625
08:01:01,91282CLP4,TSRYS5893514,D,B,C,2024-10-09,1000000.00,3.956716,99.140625
08:01:01,91282CLP4,TSRYS5893514,D,B,C,2024-10-09,1000000.00,3.956716,99.140625
08:01:01,91282CLP4,TSRYS5893514,D,S,D,2024-10-09,1000000.00,3.949404,99.154296875
08:01:01,91282CLP4,TSRYS5893514,D,S,D,2024-10-09,1000000.00,3.956716,99.140625
08:01:01,91282CLP4,TSRYS5893514,D,S,D,2024-10-09,1000000.00,3.949404,99.154296875
08:01:01,91282CLP4,TSRYS5893514,D,B,C,2024-10-09,2000000.00,3.947315,99.158203125
08:01:01,91282CLP4,TSRYS5893514,D,S,D,2024-10-09,1000000.00,3.949404,99.154296875
08:01:01,91282CLP4,TSRYS5893514,D,S,D,2024-10-09,1000000.00,3.949404,99.154296875
08:01:01,91282CLP4,TSRYS5893514,D,S,D,2024-10-09,1000000.00,3.949404,99.154296875
08:01:01,91282CLP4,TSRYS5893514,D,S,D,2024-10-09,2000000.00,3.947315,99.158203125
08:01:01,91282CLP4,TSRYS5893514,D,B,C,2024-10-09,1000000.00,3.945226,99.162109375
08:01:01,91282CLP4,TSRYS5893514,D,B,C,2024-10-09,2000000.00,3.947315,99.158203125
08:01:01,91282CLP4,TSRYS5893514,D,B,C,2024-10-09,1000000.00,3.943137,99.166015625
08:01:01,91282CLP4,TSRYS5893514,D,S,C,2024-10-09,1000000.00,3.945226,99.162109375
08:01:01,91282CLP4,TSRYS5893514,D,S,D,2024-10-09,1000000.00,3.947315,99.158203125
08:01:01,91282CLP4,TSRYS5893514,D,B,C,2024-10-09,1000000.00,3.941049,99.169921875
08:01:01,91282CLP4,TSRYS5893514,D,S,D,2024-10-09,1000000.00,3.949404,99.154296875
08:01:01,91282CLP4,TSRYS5893514,D,B,C,2024-10-09,1000000.00,3.947315,99.158203125
08:01:01,91282CLP4,TSRYS5893514,D,B,C,2024-10-09,1000000.00,3.941049,99.169921875
08:01:01,91282CLP4,TSRYS5893514,D,B,C,2024-10-09,1000000.00,3.941049,99.169921875
08:01:01,91282CLP4,TSRYS5893514,D,B,C,2024-10-09,1000000.00,3.944182,99.1640625
08:01:01,91282CLP4,TSRYS5893514,D,B,C,2024-10-09,4000000.00,3.962984,99.12890625
08:01:01,91282CLP4,TSRYS5893514,D,S,D,2024-10-09,1000000.00,3.941049,99.169921875
08:01:01,91282CLP4,TSRYS5893514,D,B,C,2024-10-09,1000000.00,3.941049,99.169921875
08:01:01,91282CLP4,TSRYS5893514,D,B,C,2024-10-09,1000000.00,3.941049,99.169921875
08:01:01,91282CLP4,TSRYS5893514,D,S,D,2024-10-09,1000000.00,3.941049,99.169921875
08:01:01,91282CLP4,TSRYS5893514,D,S,D,2024-10-09,2000000.00,3.947315,99.158203125
08:01:01,91282CLP4,TSRYS5893514,D,S,D,2024-10-09,1000000.00,3.944182,99.1640625
08:01:01,91282CLP4,TSRYS5893514,D,S,D,2024-10-09,1000000.00,3.942093,99.16796875
08:01:01,91282CLP4,TSRYS5893514,D,S,D,2024-10-09,1000000.00,3.941049,99.169921875
08:01:01,91282CLP4,TSRYS5893514,D,S,D,2024-10-09,1000000.00,3.944182,99.1640625
08:01:01,91282CLP4,TSRYS5893514,D,S,D,2024-10-09,1000000.00,3.943137,99.166015625
08:01:01,91282CLP4,TSRYS5893514,D,B,C,2024-10-09,1000000.00,3.941049,99.169921875
08:01:01,91282CLP4,TSRYS5893514,D,S,D,2024-10-09,1000000.00,3.941049,99.169921875
08:01:01,91282CLP4,TSRYS5893514,D,B,C,2024-10-09,1000000.00,3.94627,99.16015625
08:01:01,91282CLP4,TSRYS5893514,D,S,D,2024-10-09,1000000.00,3.941049,99.169921875
08:01:01,91282CLP4,TSRYS5893514,D,S,D,2024-10-09,1000000.00,3.941049,99.169921875
08:01:01,91282CLP4,TSRYS5893514,D,S,D,2024-10-09,1000000.00,3.94627,99.16015625
08:01:01,91282CLP4,TSRYS5893514,D,B,C,2024-10-09,1000000.00,3.941049,99.169921875
08:01:01,91282CLP4,TSRYS5893514,D,S,D,2024-10-09,1000000.00,3.944182,99.1640625
08:01:01,91282CLP4,TSRYS5893514,D,S,D,2024-10-09,1000000.00,3.941049,99.169921875
08:01:01,91282CLP4,TSRYS5893514,D,S,D,2024-10-09,1000000.00,3.94627,99.16015625
08:01:01,91282CLP4,TSRYS5893514,D,B,C,2024-10-09,1000000.00,3.944182,99.1640625
08:01:01,91282CLP4,TSRYS5893514,D,B,C,2024-10-09,1000000.00,3.944182,99.1640625
08:01:01,91282CLP4,TSRYS5893514,D,B,C,2024-10-09,1000000.00,3.94627,99.16015625
08:01:01,91282CLP4,TSRYS5893514,D,B,C,2024-10-09,1000000.00,3.944182,99.1640625
08:01:01,91282CLP4,TSRYS5893514,D,S,D,2024-10-09,1000000.00,3.944182,99.1640625
08:01:01,91282CLP4,TSRYS5893514,D,B,C,2024-10-09,1000000.00,3.945226,99.162109375
08:01:01,91282CLP4,TSRYS5893514,D,S,D,2024-10-09,1000000.00,3.945226,99.162109375
08:01:01,91282CLP4,TSRYS5893514,D,B,C,2024-10-09,1000000.00,3.945226,99.162109375
08:01:01,91282CLP4,TSRYS5893514,D,S,D,2024-10-09,1000000.00,3.945226,99.162109375
08:01:01,91282CLP4,TSRYS5893514,D,B,C,2024-10-09,3000000.00,3.94627,99.16015625
08:01:01,91282CLP4,TSRYS5893514,D,S,D,2024-10-09,1000000.00,3.947315,99.158203125
08:01:01,91282CLP4,TSRYS5893514,D,B,C,2024-10-09,1000000.00,3.944182,99.1640625
08:01:01,91282CLP4,TSRYS5893514,D,S,D,2024-10-09,1000000.00,3.944182,99.1640625
08:01:01,91282CLP4,TSRYS5893514,D,S,C,2024-10-09,2000000.00,3.947315,99.158203125
08:01:01,91282CLP4,TSRYS5893514,D,B,C,2024-10-09,1000000.00,3.947315,99.158203125
08:01:01,91282CLP4,TSRYS5893514,D,B,C,2024-10-09,1000000.00,3.94627,99.16015625
08:01:01,91282CLP4,TSRYS5893514,D,S,C,2024-10-09,3000000.00,3.94627,99.16015625
08:01:01,91282CLP4,TSRYS5893514,D,S,D,2024-10-09,1000000.00,3.944182,99.1640625
08:01:01,91282CLP4,TSRYS5893514,D,B,C,2024-10-09,1000000.00,3.947315,99.158203125
08:01:01,91282CLP4,TSRYS5893514,D,S,C,2024-10-09,1000000.00,3.947315,99.158203125
08:01:01,91282CLP4,TSRYS5893514,D,B,C,2024-10-09,3000000.00,3.94627,99.16015625
08:01:01,91282CLP4,TSRYS5893514,D,S,C,2024-10-09,1000000.00,3.94627,99.16015625
08:01:01,91282CLP4,TSRYS5893514,D,B,C,2024-10-09,1000000.00,3.94627,99.16015625
08:01:01,91282CLP4,TSRYS5893514,D,S,D,2024-10-09,1000000.00,3.94627,99.16015625
08:01:01,91282CLP4,TSRYS5893514,D,B,C,2024-10-09,1000000.00,3.947315,99.158203125
08:01:01,91282CLP4,TSRYS5893514,D,S,D,2024-10-09,1000000.00,3.947315,99.158203125
08:01:01,91282CLP4,TSRYS5893514,D,B,C,2024-10-09,2000000.00,3.947315,99.158203125
08:01:01,91282CLP4,TSRYS5893514,D,S,C,2024-10-09,1000000.00,3.947315,99.158203125
08:01:01,91282CLP4,TSRYS5893514,D,B,C,2024-10-09,1000000.00,3.960895,99.1328125
08:01:01,91282CLP4,TSRYS5893514,D,B,C,2024-10-09,1000000.00,3.94627,99.16015625
08:01:01,91282CLP4,TSRYS5893514,D,S,D,2024-10-09,3000000.00,3.94627,99.16015625
08:01:01,91282CLP4,TSRYS5893514,D,S,C,2024-10-09,1000000.00,3.952537,99.1484375
08:01:01,91282CLP4,TSRYS5893514,D,B,C,2024-10-09,1000000.00,3.947315,99.158203125
08:01:01,91282CLP4,TSRYS5893514,D,B,C,2024-10-09,1000000.00,3.95985,99.134765625
08:01:01,91282CLP4,TSRYS5893514,D,B,C,2024-10-09,1000000.00,3.96194,99.130859375
08:01:01,91282CLP4,TSRYS5893514,D,B,C,2024-10-09,1000000.00,3.95985,99.134765625
08:01:01,91282CLP4,TSRYS5893514,D,S,D,2024-10-09,1000000.00,3.94627,99.16015625
08:01:01,91282CLP4,TSRYS5893514,D,S,D,2024-10-09,1000000.00,3.960895,99.1328125
08:01:01,91282CLP4,TSRYS5893514,D,B,C,2024-10-09,1000000.00,3.96194,99.130859375
08:01:01,91282CLP4,TSRYS5893514,D,S,D,2024-10-09,3000000.00,3.956716,99.140625
08:01:01,91282CLP4,TSRYS5893514,D,S,D,2024-10-09,1000000.00,3.95985,99.134765625
08:01:01,91282CLP4,TSRYS5893514,D,S,D,2024-10-09,1000000.00,3.96194,99.130859375
08:01:01,91282CLP4,TSRYS5893514,D,S,C,2024-10-09,1000000.00,3.947315,99.158203125
08:01:01,91282CLP4,TSRYS5893514,D,B,C,2024-10-09,1000000.00,3.96194,99.130859375
08:01:01,91282CLP4,TSRYS5893514,D,S,C,2024-10-09,2000000.00,3.957761,99.138671875
08:01:01,91282CLP4,TSRYS5893514,D,S,D,2024-10-09,1000000.00,3.96194,99.130859375
08:01:01,91282CLP4,TSRYS5893514,D,S,D,2024-10-09,1000000.00,3.96194,99.130859375
08:01:01,91282CLP4,TSRYS5893514,D,S,C,2024-10-09,1000000.00,3.957761,99.138671875
08:01:01,91282CLP4,TSRYS5893514,D,B,C,2024-10-09,1000000.00,3.96194,99.130859375
08:01:01,91282CLP4,TSRYS5893514,D,B,C,2024-10-09,1000000.00,3.953582,99.146484375
08:01:01,91282CLP4,TSRYS5893514,D,S,D,2024-10-09,1000000.00,3.952537,99.1484375
08:01:01,91282CLP4,TSRYS5893514,D,S,D,2024-10-09,1000000.00,3.95985,99.134765625
08:01:01,91282CLP4,TSRYS5893514,D,S,C,2024-10-09,1000000.00,3.96194,99.130859375
08:01:01,91282CLP4,TSRYS5893514,D,S,D,2024-10-09,1000000.00,3.948359,99.15625
08:01:01,91282CLP4,TSRYS5893514,D,S,C,2024-10-09,2000000.00,3.96194,99.130859375
08:01:01,91282CLP4,TSRYS5893514,D,S,C,2024-10-09,1000000.00,3.951493,99.150390625
08:01:01,91282CLP4,TSRYS5893514,D,S,D,2024-10-09,1000000.00,3.953582,99.146484375
08:01:01,91282CLP4,TSRYS5893514,D,B,C,2024-10-09,2000000.00,3.957761,99.138671875
08:01:01,91282CLP4,TSRYS5893514,D,B,C,2024-10-09,1000000.00,3.950448,99.15234375
08:01:01,91282CLP4,TSRYS5893514,D,S,D,2024-10-09,1000000.00,3.950448,99.15234375
08:01:01,91282CLP4,TSRYS5893514,D,S,D,2024-10-09,2000000.00,3.949404,99.154296875
08:01:01,91282CLP4,TSRYS5893514,D,S,C,2024-10-09,1000000.00,3.957761,99.138671875
08:01:01,91282CLP4,TSRYS5893514,D,S,D,2024-10-09,1000000.00,3.950448,99.15234375
08:01:01,91282CLP4,TSRYS5893514,D,S,T,2024-10-09,3000000.00,3.965074,99.125
08:01:01,91282CLP4,TSRYS5893514,D,B,C,2024-10-09,1000000.00,3.950448,99.15234375
08:01:01,91282CLP4,TSRYS5893514,D,S,C,2024-10-09,1000000.00,3.94627,99.16015625
08:01:01,91282CLP4,TSRYS5893514,D,B,C,2024-10-09,1000000.00,3.94627,99.16015625
08:01:01,91282CLP4,TSRYS5893514,D,S,C,2024-10-09,2000000.00,3.951493,99.150390625
08:01:01,91282CLP4,TSRYS5893514,D,B,C,2024-10-09,1000000.00,3.94627,99.16015625
08:01:01,91282CLP4,TSRYS5893514,D,B,C,2024-10-09,2000000.00,3.949404,99.154296875
08:01:02,91282CLP4,TSRYS5893514,D,S,C,2024-10-09,1000000.00,3.951493,99.150390625
08:01:02,91282CLP4,TSRYS5893514,D,B,C,2024-10-09,1000000.00,3.951493,99.150390625
08:01:02,91282CLP4,TSRYS5893514,D,S,C,2024-10-09,1000000.00,3.94627,99.16015625
08:01:02,91282CLP4,TSRYS5893514,D,S,C,2024-10-09,2000000.00,3.950448,99.15234375
08:01:02,91282CLP4,TSRYS5893514,D,B,C,2024-10-09,1000000.00,3.96194,99.130859375
08:01:02,91282CLP4,TSRYS5893514,D,S,C,2024-10-09,1000000.00,3.953582,99.146484375
08:01:02,91282CLP4,TSRYS5893514,D,S,C,2024-10-09,2000000.00,3.948359,99.15625
08:01:02,91282CLP4,TSRYS5893514,D,S,C,2024-10-09,2000000.00,3.950448,99.15234375
08:01:02,91282CLP4,TSRYS5893514,D,S,C,2024-10-09,1000000.00,3.951493,99.150390625
08:01:02,91282CLP4,TSRYS5893514,D,B,C,2024-10-09,1000000.00,3.953582,99.146484375
08:01:02,91282CLP4,TSRYS5893514,D,B,C,2024-10-09,2000000.00,3.951493,99.150390625
08:01:02,91282CLP4,TSRYS5893514,D,B,C,2024-10-09,2000000.00,3.950448,99.15234375
08:01:02,91282CLP4,TSRYS5893514,D,B,C,2024-10-09,1000000.00,3.958805,99.13671875
08:01:02,91282CLP4,TSRYS5893514,D,S,D,2024-10-09,1000000.00,3.96194,99.130859375
08:01:02,91282CLP4,TSRYS5893514,D,B,C,2024-10-09,1000000.00,3.951493,99.150390625
08:01:02,91282CLP4,TSRYS5893514,D,S,D,2024-10-09,1000000.00,3.962984,99.12890625
08:01:02,91282CLP4,TSRYS5893514,D,B,C,2024-10-09,2000000.00,3.950448,99.15234375
08:01:02,91282CLP4,TSRYS5893514,D,S,D,2024-10-09,1000000.00,3.956716,99.140625
08:01:02,91282CLP4,TSRYS5893514,D,B,C,2024-10-09,1000000.00,3.962984,99.12890625
08:01:02,91282CLP4,TSRYS5893514,D,B,C,2024-10-09,1000000.00,3.951493,99.150390625
08:01:02,91282CLP4,TSRYS5893514,D,S,D,2024-10-09,1000000.00,3.96194,99.130859375
08:01:02,91282CLP4,TSRYS5893514,D,S,D,2024-10-09,1000000.00,3.956716,99.140625
08:01:02,91282CLP4,TSRYS5893514,D,S,D,2024-10-09,1000000.00,3.956716,99.140625
08:01:02,91282CLP4,TSRYS5893514,D,B,C,2024-10-09,1000000.00,3.956716,99.140625
08:01:02,91282CLP4,TSRYS5893514,D,B,C,2024-10-09,2000000.00,3.960895,99.1328125
08:01:02,91282CLP4,TSRYS5893514,D,S,C,2024-10-09,1000000.00,3.956716,99.140625
08:01:02,91282CLP4,TSRYS5893514,D,B,C,2024-10-09,1000000.00,3.956716,99.140625
08:01:02,91282CLP4,TSRYS5893514,D,B,C,2024-10-09,1000000.00,3.956716,99.140625
08:01:02,91282CLP4,TSRYS5893514,D,B,C,2024-10-09,1000000.00,3.956716,99.140625
08:01:02,91282CLP4,TSRYS5893514,D,S,D,2024-10-09,2000000.00,3.960895,99.1328125
08:01:02,91282CLP4,TSRYS5893514,D,B,C,2024-10-09,1000000.00,3.956716,99.140625
08:01:02,91282CLP4,TSRYS5893514,D,B,C,2024-10-09,1000000.00,3.956716,99.140625
08:01:02,91282CLP4,TSRYS5893514,D,S,C,2024-10-09,1000000.00,3.956716,99.140625
08:01:02,91282CLP4,TSRYS5893514,D,S,C,2024-10-09,1000000.00,3.956716,99.140625
08:01:02,91282CLP4,TSRYS5893514,D,B,C,2024-10-09,1000000.00,3.96194,99.130859375
08:01:02,91282CLP4,TSRYS5893514,D,S,C,2024-10-09,1000000.00,3.956716,99.140625
08:01:02,91282CLP4,TSRYS5893514,D,S,D,2024-10-09,1000000.00,3.956716,99.140625
08:01:02,91282CLP4,TSRYS5893514,D,B,C,2024-10-09,1000000.00,3.956716,99.140625
08:01:02,91282CLP4,TSRYS5893514,D,B,C,2024-10-09,1000000.00,3.956716,99.140625
08:01:02,91282CLP4,TSRYS5893514,D,S,D,2024-10-09,1000000.00,3.958805,99.13671875
08:01:02,91282CLP4,TSRYS5893514,D,S,D,2024-10-09,1000000.00,3.956716,99.140625
08:01:02,91282CLP4,TSRYS5893514,D,B,C,2024-10-09,1000000.00,3.956716,99.140625
08:01:02,91282CLP4,TSRYS5893514,D,S,D,2024-10-09,1000000.00,3.956716,99.140625
08:01:02,91282CLP4,TSRYS5893514,D,S,D,2024-10-09,1000000.00,3.956716,99.140625
08:01:02,91282CLP4,TSRYS5893514,D,B,C,2024-10-09,1000000.00,3.956716,99.140625
08:01:02,91282CLP4,TSRYS5893514,D,B,C,2024-10-09,1000000.00,3.956716,99.140625
08:01:02,91282CLP4,TSRYS5893514,D,S,D,2024-10-09,1000000.00,3.956716,99.140625
08:01:02,91282CLP4,TSRYS5893514,D,B,C,2024-10-09,1000000.00,3.956716,99.140625
08:01:02,91282CLP4,TSRYS5893514,D,B,C,2024-10-09,1000000.00,3.954627,99.14453125
08:01:02,91282CLP4,TSRYS5893514,D,S,D,2024-10-09,1000000.00,3.956716,99.140625
08:01:02,91282CLP4,TSRYS5893514,D,B,C,2024-10-09,1000000.00,3.956716,99.140625
08:01:02,91282CLP4,TSRYS5893514,D,B,C,2024-10-09,1000000.00,3.956716,99.140625
08:01:02,91282CLP4,TSRYS5893514,D,B,C,2024-10-09,1000000.00,3.956716,99.140625
08:01:02,91282CLP4,TSRYS5893514,D,S,D,2024-10-09,1000000.00,3.956716,99.140625
08:01:02,91282CLP4,TSRYS5893514,D,B,C,2024-10-09,1000000.00,3.956716,99.140625
08:01:02,91282CLP4,TSRYS5893514,D,S,D,2024-10-09,1000000.00,3.956716,99.140625
08:01:02,91282CLP4,TSRYS5893514,D,S,D,2024-10-09,1000000.00,3.956716,99.140625
08:01:02,91282CLP4,TSRYS5893514,D,B,C,2024-10-09,1000000.00,3.956716,99.140625
08:01:02,91282CLP4,TSRYS5893514,D,B,C,2024-10-09,1000000.00,3.960895,99.1328125
08:01:02,91282CLP4,TSRYS5893514,D,S,D,2024-10-09,1000000.00,3.956716,99.140625
08:01:02,91282CLP4,TSRYS5893514,D,S,D,2024-10-09,1000000.00,3.956716,99.140625
08:01:02,91282CLP4,TSRYS5893514,D,S,D,2024-10-09,1000000.00,3.956716,99.140625
08:01:02,91282CLP4,TSRYS5893514,D,S,D,2024-10-09,1000000.00,3.954627,99.14453125
08:01:02,91282CLP4,TSRYS5893514,D,B,C,2024-10-09,2000000.00,3.960895,99.1328125
08:01:02,91282CLP4,TSRYS5893514,D,S,D,2024-10-09,1000000.00,3.956716,99.140625
08:01:02,91282CLP4,TSRYS5893514,D,S,C,2024-10-09,1000000.00,3.955671,99.142578125
08:01:02,91282CLP4,TSRYS5893514,D,B,C,2024-10-09,1000000.00,3.956716,99.140625
08:01:02,91282CLP4,TSRYS5893514,D,B,C,2024-10-09,1000000.00,3.956716,99.140625
08:01:02,91282CLP4,TSRYS5893514,D,S,D,2024-10-09,2000000.00,3.960895,99.1328125
08:01:02,91282CLP4,TSRYS5893514,D,B,C,2024-10-09,1000000.00,3.956716,99.140625
08:01:02,91282CLP4,TSRYS5893514,D,S,C,2024-10-09,1000000.00,3.955671,99.142578125
08:01:02,91282CLP4,TSRYS5893514,D,B,C,2024-10-09,1000000.00,3.956716,99.140625
08:01:02,91282CLP4,TSRYS5893514,D,S,D,2024-10-09,1000000.00,3.960895,99.1328125
08:01:02,91282CLP4,TSRYS5893514,D,S,C,2024-10-09,1000000.00,3.954627,99.14453125
08:01:02,91282CLP4,TSRYS5893514,D,S,D,2024-10-09,1000000.00,3.956716,99.140625
08:01:02,91282CLP4,TSRYS5893514,D,B,C,2024-10-09,1000000.00,3.955671,99.142578125
08:01:02,91282CLP4,TSRYS5893514,D,B,C,2024-10-09,1000000.00,3.955671,99.142578125
08:01:02,91282CLP4,TSRYS5893514,D,B,C,2024-10-09,1000000.00,3.954627,99.14453125
08:01:02,91282CLP4,TSRYS5893514,D,B,C,2024-10-09,1000000.00,3.954627,99.14453125
08:01:02,91282CLP4,TSRYS5893514,D,S,C,2024-10-09,1000000.00,3.954627,99.14453125
08:01:02,91282CLP4,TSRYS5893514,D,S,C,2024-10-09,2000000.00,3.955671,99.142578125
08:01:03,91282CLP4,TSRYS5893514,D,B,C,2024-10-09,1000000.00,3.960895,99.1328125
08:01:03,91282CLP4,TSRYS5893514,D,S,C,2024-10-09,1000000.00,3.960895,99.1328125
08:01:03,91282CLP4,TSRYS5893514,D,B,C,2024-10-09,1000000.00,3.960895,99.1328125
08:01:03,91282CLP4,TSRYS5893514,D,S,D,2024-10-09,1000000.00,3.960895,99.1328125
08:01:03,91282CLP4,TSRYS5893514,D,B,C,2024-10-09,1000000.00,3.960895,99.1328125
08:01:03,91282CLP4,TSRYS5893514,D,S,D,2024-10-09,1000000.00,3.960895,99.1328125
08:01:03,91282CLP4,TSRYS5893514,D,S,C,2024-10-09,2000000.00,3.958805,99.13671875
08:01:03,91282CLP4,TSRYS5893514,D,S,C,2024-10-09,1000000.00,3.958805,99.13671875
08:01:03,91282CLP4,TSRYS5893514,D,S,C,2024-10-09,1000000.00,3.958805,99.13671875
08:01:03,91282CLP4,TSRYS5893514,D,B,C,2024-10-09,1000000.00,3.958805,99.13651875
08:01:03,91282CLP4,TSRYS5893514,D,B,C,2024-10-09,4000000.00,3.960895,99.1328125
08:01:03,91282CLP4,TSRYS5893514,D,S,C,2024-10-09,1000000.00,3.95985,99.134765625
08:01:03,91282CLP4,TSRYS5893514,D,B,C,2024-10-09,1000000.00,3.95985,99.134565625
08:01:03,91282CLP4,TSRYS5893514,D,S,A,2024-10-09,3091000.00,3.950448,99.15234375
08:01:03,91282CLP4,TSRYS5893514,D,S,C,2024-10-09,1000000.00,3.962984,99.12890625
08:01:03,91282CLP4,TSRYS5893514,D,S,C,2024-10-09,1000000.00,3.962984,99.12910625
08:01:03,91282CLP4,TSRYS5893514,D,S,C,2024-10-09,1000000.00,3.962984,99.12890625
08:01:03,91282CLP4,TSRYS5893514,D,B,C,2024-10-09,1000000.00,3.962984,99.12890625
08:01:03,91282CLP4,TSRYS5893514,D,B,C,2024-10-09,1000000.00,3.962984,99.12890625
08:01:03,91282CLP4,TSRYS5893514,D,S,D,2024-10-09,1000000.00,3.962984,99.12890625
08:01:04,91282CLP4,TSRYS5893514,D,B,C,2024-10-09,1000000.00,3.958805,99.13671875
08:01:04,91282CLP4,TSRYS5893514,D,S,D,2024-10-09,1000000.00,3.958805,99.13671875
08:01:04,91282CLP4,TSRYS5893514,D,S,C,2024-10-09,1000000.00,3.960895,99.1328125
08:01:04,91282CLP4,TSRYS5893514,D,S,C,2024-10-09,1000000.00,3.960895,99.1328125
08:01:04,91282CLP4,TSRYS5893514,D,S,C,2024-10-09,1000000.00,3.960895,99.1328125
08:01:04,91282CLP4,TSRYS5893514,D,S,C,2024-10-09,1000000.00,3.960895,99.1328125
08:01:04,91282CLP4,TSRYS5893514,D,S,C,2024-10-09,1000000.00,3.960895,99.1328125
08:01:04,91282CLP4,TSRYS5893514,D,B,C,2024-10-09,2000000.00,3.960895,99.1328125
08:01:04,91282CLP4,TSRYS5893514,D,S,D,2024-10-09,2000000.00,3.960895,99.1328125
08:01:04,91282CLP4,TSRYS5893514,D,S,C,2024-10-09,2000000.00,3.95985,99.134765625
08:01:05,91282CLP4,TSRYS5893514,D,B,C,2024-10-09,1000000.00,3.96194,99.130859375
08:01:05,91282CLP4,TSRYS5893514,D,S,D,2024-10-09,1000000.00,3.96194,99.130859375
08:01:05,91282CLP4,TSRYS5893514,D,B,C,2024-10-09,1000000.00,3.960895,99.1328125
08:01:05,91282CLP4,TSRYS5893514,D,S,C,2024-10-09,1000000.00,3.960895,99.1328125
08:01:05,91282CLP4,TSRYS5893514,D,S,D,2024-10-09,1000000.00,3.957761,99.138671875
08:01:05,91282CLP4,TSRYS5893514,D,S,C,2024-10-09,2000000.00,3.958805,99.13671875
08:01:05,91282CLP4,TSRYS5893514,D,S,C,2024-10-09,1000000.00,3.960895,99.1328125
08:01:05,91282CLP4,TSRYS5893514,D,S,C,2024-10-09,2000000.00,3.960895,99.1328125
08:01:05,91282CLP4,TSRYS5893514,D,B,C,2024-10-09,2000000.00,3.960895,99.1326125
08:01:05,91282CLP4,TSRYS5893514,D,S,D,2024-10-09,2000000.00,3.960895,99.1328125
08:01:05,91282CLP4,TSRYS5893514,D,S,D,2024-10-09,1000000.00,3.960895,99.1328125
08:01:05,91282CLP4,TSRYS5893514,D,S,D,2024-10-09,1000000.00,3.960895,99.1328125
08:01:05,91282CLP4,TSRYS5893514,D,S,D,2024-10-09,1000000.00,3.960895,99.1328125
08:01:05,91282CLP4,TSRYS5893514,D,S,D,2024-10-09,3000000.00,3.960895,99.1328125
08:01:05,91282CLP4,TSRYS5893514,D,S,D,2024-10-09,1000000.00,3.960895,99.1328125
08:01:05,91282CLP4,TSRYS5893514,D,S,D,2024-10-09,3000000.00,3.960895,99.1328125
08:01:05,91282CLP4,TSRYS5893514,D,S,D,2024-10-09,1000000.00,3.960895,99.1328125
08:01:05,91282CLP4,TSRYS5893514,D,S,D,2024-10-09,1000000.00,3.960895,99.1328125
08:01:05,91282CLP4,TSRYS5893514,D,S,D,2024-10-09,2000000.00,3.960895,99.1328125
08:01:05,91282CLP4,TSRYS5893514,D,S,D,2024-10-09,1000000.00,3.960895,99.1328125
08:01:05,91282CLP4,TSRYS5893514,D,S,D,2024-10-09,1000000.00,3.960895,99.1328125
08:01:05,91282CLP4,TSRYS5893514,D,S,D,2024-10-09,1000000.00,3.960895,99.1328125
08:01:05,91282CLP4,TSRYS5893514,D,S,D,2024-10-09,2000000.00,3.960895,99.1328125
08:01:05,91282CLP4,TSRYS5893514,D,S,D,2024-10-09,1000000.00,3.960895,99.1328125
08:01:05,91282CLP4,TSRYS5893514,D,B,C,2024-10-09,4000000.00,3.960895,99.1328125
08:01:05,91282CLP4,TSRYS5893514,D,S,D,2024-10-09,1000000.00,3.960895,99.1328125
08:01:05,91282CLP4,TSRYS5893514,D,S,D,2024-10-09,1000000.00,3.960895,99.1328125
08:01:05,91282CLP4,TSRYS5893514,D,S,D,2024-10-09,1000000.00,3.960895,99.1328125
08:01:06,91282CLP4,TSRYS5893514,D,S,C,2024-10-09,1000000.00,3.960895,99.1328125
08:01:06,91282CLP4,TSRYS5893514,D,S,C,2024-10-09,4000000.00,3.960895,99.1328125
08:01:06,91282CLP4,TSRYS5893514,D,B,C,2024-10-09,4000000.00,3.960895,99.1328125
08:01:06,91282CLP4,TSRYS5893514,D,B,C,2024-10-09,1000000.00,3.960895,99.1328125
08:01:06,91282CLP4,TSRYS5893514,D,S,C,2024-10-09,1000000.00,3.960895,99.1328125
08:01:06,91282CLP4,TSRYS5893514,D,B,C,2024-10-09,1000000.00,3.960895,99.1328125
08:01:06,91282CLP4,TSRYS5893514,D,S,C,2024-10-09,1000000.00,3.960895,99.1328125
08:01:06,91282CLP4,TSRYS5893514,D,B,C,2024-10-09,1000000.00,3.960895,99.1328125
08:01:06,91282CLP4,TSRYS5893514,D,S,C,2024-10-09,1000000.00,3.960895,99.1328125
08:01:06,91282CLP4,TSRYS5893514,D,B,C,2024-10-09,1000000.00,3.960895,99.1328125
08:01:06,91282CLP4,TSRYS5893514,D,S,C,2024-10-09,1000000.00,3.960895,99.1328125
08:01:06,91282CLP4,TSRYS5893514,D,S,C,2024-10-09,5000000.00,3.960895,99.1328125
08:01:06,91282CLP4,TSRYS5893514,D,B,C,2024-10-09,5000000.00,3.960895,99.1328125
08:01:06,91282CLP4,TSRYS5893514,D,S,D,2024-10-09,1000000.00,3.96194,99.130859375
08:01:06,91282CLP4,TSRYS5893514,D,S,D,2024-10-09,1000000.00,3.96194,99.130859375
08:01:06,91282CLP4,TSRYS5893514,D,S,D,2024-10-09,1000000.00,3.96194,99.130859375
08:01:06,91282CLP4,TSRYS5893514,D,S,D,2024-10-09,1000000.00,3.96194,99.130859375
08:01:06,91282CLP4,TSRYS5893514,D,S,D,2024-10-09,1000000.00,3.96194,99.130859375
08:01:06,91282CLP4,TSRYS5893514,D,S,D,2024-10-09,1000000.00,3.96194,99.130859375
08:01:06,91282CLP4,TSRYS5893514,D,S,D,2024-10-09,1000000.00,3.96194,99.130859375
08:01:06,91282CLP4,TSRYS5893514,D,S,D,2024-10-09,1000000.00,3.96194,99.130859375
08:01:06,91282CLP4,TSRYS5893514,D,S,D,2024-10-09,1000000.00,3.96194,99.130859375
08:01:06,91282CLP4,TSRYS5893514,D,S,D,2024-10-09,1000000.00,3.96194,99.130859375
08:01:06,91282CLP4,TSRYS5893514,D,S,D,2024-10-09,1000000.00,3.96194,99.130859375
08:01:06,91282CLP4,TSRYS5893514,D,S,D,2024-10-09,1000000.00,3.96194,99.130859375
08:01:06,91282CLP4,TSRYS5893514,D,S,D,2024-10-09,1000000.00,3.96194,99.130859375
08:01:06,91282CLP4,TSRYS5893514,D,S,D,2024-10-09,1000000.00,3.96194,99.130859375
08:01:06,91282CLP4,TSRYS5893514,D,S,D,2024-10-09,1000000.00,3.96194,99.130859375
08:01:06,91282CLP4,TSRYS5893514,D,S,D,2024-10-09,1000000.00,3.96194,99.130859375
08:01:06,91282CLP4,TSRYS5893514,D,S,D,2024-10-09,1000000.00,3.96194,99.130859375
08:01:06,91282CLP4,TSRYS5893514,D,B,C,2024-10-09,1000000.00,3.95985,99.134765625
08:01:06,91282CLP4,TSRYS5893514,D,S,D,2024-10-09,1000000.00,3.95985,99.134765625
08:01:06,91282CLP4,TSRYS5893514,D,B,C,2024-10-09,1000000.00,3.95985,99.134765625
08:01:06,91282CLP4,TSRYS5893514,D,S,D,2024-10-09,1000000.00,3.95985,99.134765625
08:01:06,91282CLP4,TSRYS5893514,D,S,D,2024-10-09,1000000.00,3.95985,99.134765625
08:01:06,91282CLP4,TSRYS5893514,D,S,D,2024-10-09,1000000.00,3.95985,99.134765625
08:01:06,91282CLP4,TSRYS5893514,D,S,D,2024-10-09,1000000.00,3.95985,99.134765625
08:01:06,91282CLP4,TSRYS5893514,D,S,D,2024-10-09,1000000.00,3.95985,99.134765625
08:01:07,91282CLP4,TSRYS5893514,D,S,C,2024-10-09,1000000.00,3.957761,99.138671875
08:01:07,91282CLP4,TSRYS5893514,D,B,C,2024-10-09,1000000.00,3.957761,99.138396875
08:01:07,91282CLP4,TSRYS5893514,D,S,D,2024-10-09,3000000.00,3.957761,99.138671875
08:01:07,91282CLP4,TSRYS5893514,D,B,C,2024-10-09,3000000.00,3.957761,99.138671875
08:01:07,91282CLP4,TSRYS5893514,D,S,D,2024-10-09,3000000.00,3.957761,99.138671875
08:01:07,91282CLP4,TSRYS5893514,D,B,C,2024-10-09,3000000.00,3.957761,99.138671875
08:01:07,91282CLP4,TSRYS5893514,D,S,D,2024-10-09,5000000.00,3.957761,99.138671875
08:01:07,91282CLP4,TSRYS5893514,D,B,C,2024-10-09,5000000.00,3.957761,99.138671875
08:01:07,91282CLP4,TSRYS5893514,D,S,C,2024-10-09,3000000.00,3.957761,99.138671875
08:01:07,91282CLP4,TSRYS5893514,D,B,C,2024-10-09,3000000.00,3.957761,99.138671875
08:01:07,91282CLP4,TSRYS5893514,D,S,C,2024-10-09,1000000.00,3.958805,99.13671875
08:01:07,91282CLP4,TSRYS5893514,D,S,C,2024-10-09,1000000.00,3.958805,99.13671875
08:01:07,91282CLP4,TSRYS5893514,D,S,D,2024-10-09,1000000.00,3.958805,99.13671875
08:01:07,91282CLP4,TSRYS5893514,D,S,D,2024-10-09,1000000.00,3.958805,99.13671875
08:01:07,91282CLP4,TSRYS5893514,D,S,D,2024-10-09,1000000.00,3.958805,99.13671875
08:01:07,91282CLP4,TSRYS5893514,D,S,D,2024-10-09,1000000.00,3.958805,99.13671875
08:01:07,91282CLP4,TSRYS5893514,D,S,D,2024-10-09,1000000.00,3.958805,99.13671875
08:01:07,91282CLP4,TSRYS5893514,D,S,D,2024-10-09,1000000.00,3.958805,99.13671875
08:01:07,91282CLP4,TSRYS5893514,D,B,C,2024-10-09,1000000.00,3.958805,99.13671875
08:01:07,91282CLP4,TSRYS5893514,D,S,D,2024-10-09,1000000.00,3.958805,99.13671875
08:01:07,91282CLP4,TSRYS5893514,D,S,D,2024-10-09,1000000.00,3.958805,99.13671875
08:01:07,91282CLP4,TSRYS5893514,D,S,D,2024-10-09,1000000.00,3.958805,99.13671875
08:01:07,91282CLP4,TSRYS5893514,D,B,C,2024-10-09,1000000.00,3.958805,99.13671875
08:01:07,91282CLP4,TSRYS5893514,D,S,D,2024-10-09,1000000.00,3.958805,99.13671875
08:01:07,91282CLP4,TSRYS5893514,D,S,D,2024-10-09,1000000.00,3.958805,99.13671875
08:01:07,91282CLP4,TSRYS5893514,D,S,D,2024-10-09,1000000.00,3.958805,99.13671875
08:01:07,91282CLP4,TSRYS5893514,D,S,D,2024-10-09,1000000.00,3.958805,99.13671875
08:01:07,91282CLP4,TSRYS5893514,D,S,D,2024-10-09,1000000.00,3.958805,99.13671875
08:01:07,91282CLP4,TSRYS5893514,D,B,C,2024-10-09,1000000.00,3.958805,99.13671875
08:01:07,91282CLP4,TSRYS5893514,D,S,D,2024-10-09,1000000.00,3.958805,99.13671875
08:01:07,91282CLP4,TSRYS5893514,D,B,C,2024-10-09,1000000.00,3.958805,99.13671875
08:01:07,91282CLP4,TSRYS5893514,D,S,D,2024-10-09,1000000.00,3.958805,99.13671875
08:01:07,91282CLP4,TSRYS5893514,D,S,D,2024-10-09,1000000.00,3.958805,99.13671875
08:01:07,91282CLP4,TSRYS5893514,D,S,D,2024-10-09,1000000.00,3.958805,99.13671875
08:01:07,91282CLP4,TSRYS5893514,D,B,C,2024-10-09,1000000.00,3.957761,99.138671875
08:01:07,91282CLP4,TSRYS5893514,D,S,D,2024-10-09,1000000.00,3.957761,99.138671875
08:01:07,91282CLP4,TSRYS5893514,D,B,C,2024-10-09,1000000.00,3.957761,99.138671875
08:01:07,91282CLP4,TSRYS5893514,D,S,D,2024-10-09,1000000.00,3.957761,99.138671875
08:01:07,91282CLP4,TSRYS5893514,D,S,C,2024-10-09,1000000.00,3.958805,99.13671875
08:01:07,91282CLP4,TSRYS5893514,D,S,C,2024-10-09,1000000.00,3.958805,99.13671875
08:01:07,91282CLP4,TSRYS5893514,D,S,C,2024-10-09,1000000.00,3.958805,99.13671875
08:01:07,91282CLP4,TSRYS5893514,D,B,C,2024-10-09,1000000.00,3.958805,99.13651875
08:01:07,91282CLP4,TSRYS5893514,D,S,D,2024-10-09,1000000.00,3.958805,99.13671875
08:01:07,91282CLP4,TSRYS5893514,D,S,D,2024-10-09,1000000.00,3.958805,99.13671875
08:01:07,91282CLP4,TSRYS5893514,D,S,D,2024-10-09,1000000.00,3.958805,99.13671875
08:01:07,91282CLP4,TSRYS5893514,D,S,D,2024-10-09,1000000.00,3.958805,99.13671875
08:01:08,91282CLP4,TSRYS5893514,D,S,D,2024-10-09,1000000.00,3.958805,99.13671875
08:01:08,91282CLP4,TSRYS5893514,D,S,D,2024-10-09,1000000.00,3.958805,99.13671875
08:01:08,91282CLP4,TSRYS5893514,D,S,D,2024-10-09,1000000.00,3.958805,99.13671875
08:01:08,91282CLP4,TSRYS5893514,D,S,D,2024-10-09,1000000.00,3.958805,99.13671875
08:01:08,91282CLP4,TSRYS5893514,D,S,D,2024-10-09,1000000.00,3.958805,99.13671875
08:01:08,91282CLP4,TSRYS5893514,D,S,D,2024-10-09,1000000.00,3.958805,99.13671875
08:01:08,91282CLP4,TSRYS5893514,D,S,D,2024-10-09,1000000.00,3.958805,99.13671875
08:01:08,91282CLP4,TSRYS5893514,D,S,D,2024-10-09,1000000.00,3.958805,99.13671875
08:01:08,91282CLP4,TSRYS5893514,D,S,D,2024-10-09,1000000.00,3.958805,99.13671875
08:01:08,91282CLP4,TSRYS5893514,D,S,D,2024-10-09,1000000.00,3.958805,99.13671875
08:01:08,91282CLP4,TSRYS5893514,D,S,D,2024-10-09,1000000.00,3.958805,99.13671875
08:01:08,91282CLP4,TSRYS5893514,D,S,D,2024-10-09,1000000.00,3.958805,99.13671875
08:01:08,91282CLP4,TSRYS5893514,D,S,D,2024-10-09,1000000.00,3.958805,99.13671875
08:01:08,91282CLP4,TSRYS5893514,D,S,C,2024-10-09,1000000.00,3.960895,99.1328125
08:01:08,91282CLP4,TSRYS5893514,D,B,C,2024-10-09,1000000.00,3.960895,99.1326125
08:01:08,91282CLP4,TSRYS5893514,D,S,D,2024-10-09,1000000.00,3.960895,99.1329875
08:01:08,91282CLP4,TSRYS5893514,D,B,C,2024-10-09,1000000.00,3.960895,99.1326125
08:01:08,91282CLP4,TSRYS5893514,D,B,C,2024-10-09,1000000.00,3.95985,99.134765625
08:01:08,91282CLP4,TSRYS5893514,D,S,D,2024-10-09,1000000.00,3.95985,99.134765625
08:01:08,91282CLP4,TSRYS5893514,D,B,C,2024-10-09,1000000.00,3.958805,99.13671875
08:01:08,91282CLP4,TSRYS5893514,D,S,D,2024-10-09,1000000.00,3.958805,99.13671875
08:01:08,91282CLP4,TSRYS5893514,D,B,C,2024-10-09,1000000.00,3.958805,99.13671875
08:01:08,91282CLP4,TSRYS5893514,D,S,D,2024-10-09,1000000.00,3.958805,99.13671875
08:01:08,91282CLP4,TSRYS5893514,D,S,D,2024-10-09,1000000.00,3.958805,99.13671875
08:01:08,91282CLP4,TSRYS5893514,D,S,D,2024-10-09,1000000.00,3.958805,99.13671875
08:01:08,91282CLP4,TSRYS5893514,D,B,C,2024-10-09,1000000.00,3.958805,99.13671875
08:01:08,91282CLP4,TSRYS5893514,D,S,D,2024-10-09,1000000.00,3.958805,99.13671875
08:01:08,91282CLP4,TSRYS5893514,D,B,C,2024-10-09,1000000.00,3.958805,99.13671875
08:01:08,91282CLP4,TSRYS5893514,D,S,D,2024-10-09,1000000.00,3.958805,99.13671875
08:01:08,91282CLP4,TSRYS5893514,D,S,D,2024-10-09,1000000.00,3.958805,99.13671875
08:01:08,91282CLP4,TSRYS5893514,D,B,C,2024-10-09,1000000.00,3.958805,99.13671875
08:01:08,91282CLP4,TSRYS5893514,D,S,D,2024-10-09,1000000.00,3.958805,99.13671875
08:01:08,91282CLP4,TSRYS5893514,D,S,D,2024-10-09,1000000.00,3.958805,99.13671875
08:01:08,91282CLP4,TSRYS5893514,D,B,C,2024-10-09,1000000.00,3.958805,99.13671875
08:01:08,91282CLP4,TSRYS5893514,D,S,D,2024-10-09,1000000.00,3.958805,99.13671875
08:01:08,91282CLP4,TSRYS5893514,D,B,C,2024-10-09,1000000.00,3.958805,99.13671875
08:01:08,91282CLP4,TSRYS5893514,D,S,D,2024-10-09,1000000.00,3.958805,99.13671875
08:01:08,91282CLP4,TSRYS5893514,D,B,C,2024-10-09,1000000.00,3.958805,99.13671875
08:01:08,91282CLP4,TSRYS5893514,D,S,D,2024-10-09,1000000.00,3.958805,99.13671875
08:01:08,91282CLP4,TSRYS5893514,D,S,D,2024-10-09,1000000.00,3.958805,99.13671875
08:01:08,91282CLP4,TSRYS5893514,D,S,D,2024-10-09,1000000.00,3.958805,99.13671875
08:01:08,91282CLP4,TSRYS5893514,D,B,C,2024-10-09,1000000.00,3.958805,99.13671875
08:01:08,91282CLP4,TSRYS5893514,D,S,C,2024-10-09,1000000.00,3.958805,99.13671875
08:01:08,91282CLP4,TSRYS5893514,D,S,D,2024-10-09,1000000.00,3.958805,99.13671875
08:01:08,91282CLP4,TSRYS5893514,D,B,C,2024-10-09,1000000.00,3.958805,99.13671875
08:01:08,91282CLP4,TSRYS5893514,D,S,D,2024-10-09,1000000.00,3.958805,99.13671875
08:01:08,91282CLP4,TSRYS5893514,D,B,C,2024-10-09,1000000.00,3.958805,99.13671875
08:01:08,91282CLP4,TSRYS5893514,D,S,D,2024-10-09,1000000.00,3.958805,99.13671875
08:01:08,91282CLP4,TSRYS5893514,D,S,D,2024-10-09,1000000.00,3.958805,99.13671875
08:01:08,91282CLP4,TSRYS5893514,D,B,C,2024-10-09,1000000.00,3.958805,99.13671875
08:01:08,91282CLP4,TSRYS5893514,D,S,D,2024-10-09,1000000.00,3.958805,99.13671875
08:01:08,91282CLP4,TSRYS5893514,D,S,D,2024-10-09,1000000.00,3.958805,99.13671875
08:01:08,91282CLP4,TSRYS5893514,D,B,C,2024-10-09,1000000.00,3.958805,99.13671875
08:01:08,91282CLP4,TSRYS5893514,D,S,D,2024-10-09,1000000.00,3.958805,99.13671875
08:01:08,91282CLP4,TSRYS5893514,D,B,C,2024-10-09,1000000.00,3.958805,99.13671875
08:01:08,91282CLP4,TSRYS5893514,D,S,C,2024-10-09,1000000.00,3.958805,99.13671875
08:01:08,91282CLP4,TSRYS5893514,D,B,C,2024-10-09,1000000.00,3.958805,99.13671875
08:01:08,91282CLP4,TSRYS5893514,D,S,D,2024-10-09,1000000.00,3.958805,99.13671875
08:01:08,91282CLP4,TSRYS5893514,D,S,D,2024-10-09,1000000.00,3.958805,99.13671875
08:01:08,91282CLP4,TSRYS5893514,D,B,C,2024-10-09,1000000.00,3.957761,99.138671875
08:01:08,91282CLP4,TSRYS5893514,D,S,D,2024-10-09,1000000.00,3.957761,99.138671875
08:01:08,91282CLP4,TSRYS5893514,D,B,C,2024-10-09,1000000.00,3.956716,99.140625
08:01:08,91282CLP4,TSRYS5893514,D,S,D,2024-10-09,1000000.00,3.956716,99.140625
08:01:08,91282CLP4,TSRYS5893514,D,B,C,2024-10-09,1000000.00,3.956716,99.140625
08:01:08,91282CLP4,TSRYS5893514,D,S,D,2024-10-09,1000000.00,3.956716,99.140625
08:01:08,91282CLP4,TSRYS5893514,D,B,C,2024-10-09,1000000.00,3.956716,99.140625
08:01:08,91282CLP4,TSRYS5893514,D,S,D,2024-10-09,1000000.00,3.956716,99.140625
08:01:08,91282CLP4,TSRYS5893514,D,S,D,2024-10-09,1000000.00,3.956716,99.140625
08:01:09,91282CLP4,TSRYS5893514,D,S,D,2024-10-09,1000000.00,3.956716,99.140625
08:01:09,91282CLP4,TSRYS5893514,D,S,D,2024-10-09,1000000.00,3.956716,99.140625
08:01:09,91282CLP4,TSRYS5893514,D,B,C,2024-10-09,3000000.00,3.956716,99.140625
08:01:09,91282CLP4,TSRYS5893514,D,S,D,2024-10-09,3000000.00,3.956716,99.140625
08:01:09,91282CLP4,TSRYS5893514,D,S,C,2024-10-09,1000000.00,3.957761,99.138671875
08:01:09,91282CLP4,TSRYS5893514,D,S,C,2024-10-09,1000000.00,3.957761,99.138671875
08:01:09,91282CLP4,TSRYS5893514,D,S,C,2024-10-09,1000000.00,3.957761,99.138671875
08:01:09,91282CLP4,TSRYS5893514,D,B,C,2024-10-09,1000000.00,3.956716,99.140625
08:01:09,91282CLP4,TSRYS5893514,D,S,D,2024-10-09,1000000.00,3.956716,99.140625
08:01:09,91282CLP4,TSRYS5893514,D,B,C,2024-10-09,1000000.00,3.956716,99.140625
08:01:09,91282CLP4,TSRYS5893514,D,S,D,2024-10-09,1000000.00,3.956716,99.140625
08:01:09,91282CLP4,TSRYS5893514,D,S,D,2024-10-09,1000000.00,3.956716,99.140625
08:01:09,91282CLP4,TSRYS5893514,D,S,C,2024-10-09,1000000.00,3.956716,99.140625
08:01:09,91282CLP4,TSRYS5893514,D,S,D,2024-10-09,1000000.00,3.964029,99.126953125
08:01:09,91282CLP4,TSRYS5893514,D,S,D,2024-10-09,1000000.00,3.956716,99.140625
08:01:09,91282CLP4,TSRYS5893514,D,B,C,2024-10-09,1000000.00,3.956716,99.140625
08:01:09,91282CLP4,TSRYS5893514,D,S,D,2024-10-09,1000000.00,3.956716,99.140625
08:01:09,91282CLP4,TSRYS5893514,D,B,C,2024-10-09,1000000.00,3.956716,99.140625
08:01:09,91282CLP4,TSRYS5893514,D,S,D,2024-10-09,1000000.00,3.956716,99.140625
08:01:09,91282CLP4,TSRYS5893514,D,B,C,2024-10-09,1000000.00,3.956716,99.140625
08:01:09,91282CLP4,TSRYS5893514,D,S,D,2024-10-09,1000000.00,3.956716,99.140625
08:01:09,91282CLP4,TSRYS5893514,D,S,D,2024-10-09,1000000.00,3.956716,99.140625
08:01:09,91282CLP4,TSRYS5893514,D,S,D,2024-10-09,1000000.00,3.956716,99.140625
08:01:09,91282CLP4,TSRYS5893514,D,B,C,2024-10-09,1000000.00,3.956716,99.140625
08:01:09,91282CLP4,TSRYS5893514,D,S,D,2024-10-09,1000000.00,3.956716,99.140625
08:01:09,91282CLP4,TSRYS5893514,D,B,C,2024-10-09,1000000.00,3.956716,99.140625
08:01:09,91282CLP4,TSRYS5893514,D,S,D,2024-10-09,1000000.00,3.956716,99.140625
08:01:09,91282CLP4,TSRYS5893514,D,S,C,2024-10-09,1000000.00,3.956716,99.140625
08:01:09,91282CLP4,TSRYS5893514,D,S,C,2024-10-09,1000000.00,3.956716,99.140625
08:01:09,91282CLP4,TSRYS5893514,D,S,D,2024-10-09,1000000.00,3.956716,99.140625
08:01:09,91282CLP4,TSRYS5893514,D,S,D,2024-10-09,1000000.00,3.956716,99.140625
08:01:09,91282CLP4,TSRYS5893514,D,S,C,2024-10-09,1000000.00,3.956716,99.140625
08:01:09,91282CLP4,TSRYS5893514,D,S,C,2024-10-09,1000000.00,3.956716,99.140625
08:01:09,91282CLP4,TSRYS5893514,D,S,D,2024-10-09,1000000.00,3.956716,99.140625
08:01:09,91282CLP4,TSRYS5893514,D,B,C,2024-10-09,1000000.00,3.956716,99.140625
08:01:09,91282CLP4,TSRYS5893514,D,S,D,2024-10-09,1000000.00,3.962984,99.12890625
08:01:09,91282CLP4,TSRYS5893514,D,S,D,2024-10-09,1000000.00,3.962984,99.12890625
08:01:09,91282CLP4,TSRYS5893514,D,S,D,2024-10-09,1000000.00,3.956716,99.140625
08:01:09,91282CLP4,TSRYS5893514,D,S,D,2024-10-09,1000000.00,3.956716,99.140625
08:01:09,91282CLP4,TSRYS5893514,D,S,D,2024-10-09,1000000.00,3.956716,99.140625
08:01:09,91282CLP4,TSRYS5893514,D,S,D,2024-10-09,2000000.00,3.962984,99.12890625
08:01:09,91282CLP4,TSRYS5893514,D,S,D,2024-10-09,2000000.00,3.957761,99.138671875
08:01:09,91282CLP4,TSRYS5893514,D,B,C,2024-10-09,1000000.00,3.956716,99.140625
08:01:09,91282CLP4,TSRYS5893514,D,S,D,2024-10-09,1000000.00,3.956716,99.140625
08:01:09,91282CLP4,TSRYS5893514,D,S,D,2024-10-09,1000000.00,3.956716,99.140625
08:01:09,91282CLP4,TSRYS5893514,D,S,C,2024-10-09,1000000.00,3.956716,99.140625
08:01:09,91282CLP4,TSRYS5893514,D,S,D,2024-10-09,1000000.00,3.956716,99.140625
08:01:09,91282CLP4,TSRYS5893514,D,S,C,2024-10-09,1000000.00,3.956716,99.140625
08:01:09,91282CLP4,TSRYS5893514,D,S,C,2024-10-09,1000000.00,3.956716,99.140825
08:01:09,91282CLP4,TSRYS5893514,D,S,D,2024-10-09,1000000.00,3.956716,99.140625
08:01:09,91282CLP4,TSRYS5893514,D,S,D,2024-10-09,1000000.00,3.956716,99.140625
08:01:09,91282CLP4,TSRYS5893514,D,S,D,2024-10-09,3000000.00,3.956716,99.140625
08:01:10,91282CLP4,TSRYS5893514,D,B,C,2024-10-09,1000000.00,3.956716,99.140625
08:01:10,91282CLP4,TSRYS5893514,D,S,D,2024-10-09,1000000.00,3.956716,99.140625
08:01:10,91282CLP4,TSRYS5893514,D,S,D,2024-10-09,1000000.00,3.956716,99.140625
08:01:10,91282CLP4,TSRYS5893514,D,S,D,2024-10-09,1000000.00,3.956716,99.140625
08:01:10,91282CLP4,TSRYS5893514,D,S,D,2024-10-09,1000000.00,3.956716,99.140625
08:01:10,91282CLP4,TSRYS5893514,D,S,D,2024-10-09,1000000.00,3.956716,99.140625
08:01:10,91282CLP4,TSRYS5893514,D,S,D,2024-10-09,1000000.00,3.956716,99.140625
08:01:10,91282CLP4,TSRYS5893514,D,B,C,2024-10-09,1000000.00,3.956716,99.140425
08:01:10,91282CLP4,TSRYS5893514,D,S,C,2024-10-09,1000000.00,3.956716,99.140625
08:01:10,91282CLP4,TSRYS5893514,D,S,D,2024-10-09,1000000.00,3.954627,99.14453125
08:01:10,91282CLP4,TSRYS5893514,D,S,D,2024-10-09,1000000.00,3.954627,99.14453125
08:01:10,91282CLP4,TSRYS5893514,D,S,C,2024-10-09,3000000.00,3.954627,99.14453125
08:01:10,91282CLP4,TSRYS5893514,D,S,D,2024-10-09,1000000.00,3.954627,99.14453125
08:01:10,91282CLP4,TSRYS5893514,D,B,C,2024-10-09,1000000.00,3.954627,99.14453125
08:01:10,91282CLP4,TSRYS5893514,D,S,D,2024-10-09,1000000.00,3.954627,99.14453125
08:01:10,91282CLP4,TSRYS5893514,D,B,C,2024-10-09,1000000.00,3.954627,99.14453125
08:01:10,91282CLP4,TSRYS5893514,D,S,D,2024-10-09,1000000.00,3.954627,99.14453125
08:01:10,91282CLP4,TSRYS5893514,D,S,D,2024-10-09,1000000.00,3.954627,99.14453125
08:01:10,91282CLP4,TSRYS5893514,D,S,D,2024-10-09,1000000.00,3.954627,99.14453125
08:01:10,91282CLP4,TSRYS5893514,D,S,D,2024-10-09,1000000.00,3.954627,99.14453125
