tradeTime,cusip,issueSymbolIdentifier,priceType,reportingSideCode,contraPartyTypeCode,tradeDate,reportedTradeVolume,lastSaleYield,lastSalePrice
08:00:05,91282CKY6,TSRYS5833261,D,S,D,2024-06-27,2000000.00,4.756577,99.751953125
08:00:05,91282CKY6,TSRYS5833261,D,S,T,2024-06-27,1000000.00,4.74931,99.765625
08:00:05,91282CKY6,TSRYS5833261,D,S,T,2024-06-27,3000000.00,4.756577,99.751953125
08:00:05,91282CKY6,TSRYS5833261,D,S,T,2024-06-27,4000000.00,4.756577,99.751953125
08:00:05,91282CKY6,TSRYS5833261,D,S,T,2024-06-27,4000000.00,4.756577,99.751953125
08:00:05,91282CKY6,TSRYS5833261,D,S,T,2024-06-27,1000000.00,4.756577,99.751953125
08:00:05,91282CKY6,TSRYS5833261,D,S,T,2024-06-27,2000000.00,4.756577,99.751953125
08:00:05,91282CKY6,TSRYS5833261,D,S,T,2024-06-27,1000000.00,4.755539,99.75390625
08:00:05,91282CKY6,TSRYS5833261,D,S,T,2024-06-27,3000000.00,4.755539,99.75390625
08:00:05,91282CKY6,TSRYS5833261,D,S,T,2024-06-27,1000000.00,4.755539,99.75390625
08:00:05,91282CKY6,TSRYS5833261,D,S,T,2024-06-27,3000000.00,4.755539,99.75390625
08:00:05,91282CKY6,TSRYS5833261,D,S,T,2024-06-27,4000000.00,4.754501,99.755859375
08:00:05,91282CKY6,TSRYS5833261,D,S,T,2024-06-27,4000000.00,4.748272,99.767578125
08:00:05,91282CKY6,TSRYS5833261,D,S,T,2024-06-27,4000000.00,4.748272,99.767578125
08:00:05,91282CKY6,TSRYS5833261,D,S,D,2024-06-27,4000000.00,4.748272,99.767578125
08:00:05,91282CKY6,TSRYS5833261,D,S,D,2024-06-27,2000000.00,4.748272,99.767578125
08:00:05,91282CKY6,TSRYS5833261,D,S,D,2024-06-27,2000000.00,4.748272,99.767578125
08:00:05,91282CKY6,TSRYS5833261,D,S,D,2024-06-27,1000000.00,4.74931,99.765625
08:00:05,91282CKY6,TSRYS5833261,D,S,D,2024-06-27,2000000.00,4.74931,99.765625
08:00:05,91282CKY6,TSRYS5833261,D,S,T,2024-06-27,1000000.00,4.748272,99.767578125
08:00:05,91282CKY6,TSRYS5833261,D,S,D,2024-06-27,1000000.00,4.74931,99.765625
08:00:05,91282CKY6,TSRYS5833261,D,S,D,2024-06-27,1000000.00,4.74931,99.765625
08:00:05,91282CKY6,TSRYS5833261,D,S,D,2024-06-27,1000000.00,4.74931,99.765625
08:00:05,91282CKY6,TSRYS5833261,D,S,D,2024-06-27,4000000.00,4.747234,99.76953125
08:00:05,91282CKY6,TSRYS5833261,D,S,T,2024-06-27,1000000.00,4.747234,99.76953125
08:00:05,91282CKY6,TSRYS5833261,D,S,T,2024-06-27,1000000.00,4.747234,99.76953125
08:00:05,91282CKY6,TSRYS5833261,D,S,D,2024-06-27,4000000.00,4.747234,99.76953125
08:00:05,91282CKY6,TSRYS5833261,D,S,D,2024-06-27,4000000.00,4.747234,99.76953125
08:00:05,91282CKY6,TSRYS5833261,D,S,D,2024-06-27,3000000.00,4.747234,99.76953125
08:00:05,91282CKY6,TSRYS5833261,D,S,T,2024-06-27,1000000.00,4.747234,99.76953125
08:00:05,91282CKY6,TSRYS5833261,D,S,D,2024-06-27,4000000.00,4.747234,99.76953125
08:00:05,91282CKY6,TSRYS5833261,D,S,D,2024-06-27,2000000.00,4.74931,99.765625
08:00:05,91282CKY6,TSRYS5833261,D,S,D,2024-06-27,1000000.00,4.743082,99.77734375
08:00:05,91282CKY6,TSRYS5833261,D,S,D,2024-06-27,2000000.00,4.743082,99.77734375
08:00:05,91282CKY6,TSRYS5833261,D,S,D,2024-06-27,3000000.00,4.743082,99.77734375
08:00:05,91282CKY6,TSRYS5833261,D,S,D,2024-06-27,2000000.00,4.74931,99.765625
08:00:05,91282CKY6,TSRYS5833261,D,S,D,2024-06-27,1000000.00,4.758654,99.748046875
08:00:12,91282CKY6,TSRYS5833261,D,S,D,2024-06-27,1000000.00,4.757615,99.75
08:00:12,91282CKY6,TSRYS5833261,D,S,D,2024-06-27,1000000.00,4.757615,99.75
08:00:12,91282CKY6,TSRYS5833261,D,S,D,2024-06-27,2000000.00,4.757615,99.75
08:00:13,91282CKY6,TSRYS5833261,D,S,D,2024-06-27,1000000.00,4.757615,99.75
08:00:13,91282CKY6,TSRYS5833261,D,S,T,2024-06-27,1000000.00,4.757615,99.75
08:00:13,91282CKY6,TSRYS5833261,D,S,T,2024-06-27,4000000.00,4.757615,99.75
08:00:13,91282CKY6,TSRYS5833261,D,S,T,2024-06-27,1000000.00,4.759692,99.74609375
08:00:13,91282CKY6,TSRYS5833261,D,S,T,2024-06-27,1000000.00,4.759692,99.74609375
08:00:13,91282CKY6,TSRYS5833261,D,S,T,2024-06-27,1000000.00,4.759692,99.74609375
08:00:13,91282CKY6,TSRYS5833261,D,S,T,2024-06-27,1000000.00,4.757615,99.75
08:00:13,91282CKY6,TSRYS5833261,D,S,T,2024-06-27,1000000.00,4.757615,99.75
08:00:13,91282CKY6,TSRYS5833261,D,S,T,2024-06-27,1000000.00,4.757615,99.75
08:00:13,91282CKY6,TSRYS5833261,D,S,T,2024-06-27,1000000.00,4.756577,99.751953125
08:00:13,91282CKY6,TSRYS5833261,D,S,T,2024-06-27,1000000.00,4.755539,99.75390625
08:00:13,91282CKY6,TSRYS5833261,D,S,T,2024-06-27,1000000.00,4.756577,99.751953125
08:00:13,91282CKY6,TSRYS5833261,D,S,T,2024-06-27,1000000.00,4.755539,99.75390625
08:00:13,91282CKY6,TSRYS5833261,D,S,T,2024-06-27,1000000.00,4.755539,99.75390625
08:00:13,91282CKY6,TSRYS5833261,D,S,T,2024-06-27,1000000.00,4.74931,99.765625
08:00:13,91282CKY6,TSRYS5833261,D,S,T,2024-06-27,1000000.00,4.750348,99.763671875
08:00:13,91282CKY6,TSRYS5833261,D,S,T,2024-06-27,1000000.00,4.751386,99.76171875
08:00:13,91282CKY6,TSRYS5833261,D,S,T,2024-06-27,1000000.00,4.753462,99.7578125
08:00:14,91282CKY6,TSRYS5833261,D,S,T,2024-06-27,1000000.00,4.753462,99.7578125
08:00:14,91282CKY6,TSRYS5833261,D,S,T,2024-06-27,2000000.00,4.753462,99.7578125
08:00:14,91282CKY6,TSRYS5833261,D,S,T,2024-06-27,1000000.00,4.754501,99.755859375
08:00:14,91282CKY6,TSRYS5833261,D,S,T,2024-06-27,1000000.00,4.755539,99.75390625
08:00:14,91282CKY6,TSRYS5833261,D,S,T,2024-06-27,1000000.00,4.754501,99.755859375
08:00:14,91282CKY6,TSRYS5833261,D,S,T,2024-06-27,1000000.00,4.753462,99.7578125
08:00:14,91282CKY6,TSRYS5833261,D,S,T,2024-06-27,1000000.00,4.752424,99.759765625
08:00:14,91282CKY6,TSRYS5833261,D,S,T,2024-06-27,1000000.00,4.751386,99.76171875
08:00:14,91282CKY6,TSRYS5833261,D,S,T,2024-06-27,2000000.00,4.753462,99.7578125
08:00:14,91282CKY6,TSRYS5833261,D,S,T,2024-06-27,1000000.00,4.753462,99.7578125
08:00:14,91282CKY6,TSRYS5833261,D,S,T,2024-06-27,1000000.00,4.753462,99.7578125
08:00:14,91282CKY6,TSRYS5833261,D,S,T,2024-06-27,1000000.00,4.750348,99.763671875
08:00:14,91282CKY6,TSRYS5833261,D,S,T,2024-06-27,1000000.00,4.74931,99.765625
08:00:14,91282CKY6,TSRYS5833261,D,S,T,2024-06-27,1000000.00,4.750348,99.763671875
08:00:14,91282CKY6,TSRYS5833261,D,S,T,2024-06-27,2000000.00,4.751386,99.76171875
08:00:14,91282CKY6,TSRYS5833261,D,S,T,2024-06-27,2000000.00,4.751386,99.76171875
08:00:14,91282CKY6,TSRYS5833261,D,S,D,2024-06-27,1000000.00,4.757615,99.75
08:00:14,91282CKY6,TSRYS5833261,D,S,T,2024-06-27,1000000.00,4.74931,99.765625
08:00:14,91282CKY6,TSRYS5833261,D,S,T,2024-06-27,1000000.00,4.74931,99.765625
08:00:14,91282CKY6,TSRYS5833261,D,S,T,2024-06-27,1000000.00,4.74931,99.765625
08:00:14,91282CKY6,TSRYS5833261,D,S,T,2024-06-27,1000000.00,4.751386,99.76171875
08:00:14,91282CKY6,TSRYS5833261,D,S,T,2024-06-27,1000000.00,4.751386,99.76171875
08:00:14,91282CKY6,TSRYS5833261,D,S,T,2024-06-27,1000000.00,4.751386,99.76171875
08:00:14,91282CKY6,TSRYS5833261,D,S,T,2024-06-27,1000000.00,4.751386,99.76171875
08:00:14,91282CKY6,TSRYS5833261,D,S,T,2024-06-27,1000000.00,4.74931,99.765625
08:00:14,91282CKY6,TSRYS5833261,D,S,T,2024-06-27,1000000.00,4.74931,99.765625
08:00:14,91282CKY6,TSRYS5833261,D,S,T,2024-06-27,1000000.00,4.74931,99.765625
08:00:14,91282CKY6,TSRYS5833261,D,S,T,2024-06-27,1000000.00,4.750348,99.763671875
08:00:14,91282CKY6,TSRYS5833261,D,S,T,2024-06-27,1000000.00,4.74931,99.765625
08:00:14,91282CKY6,TSRYS5833261,D,S,T,2024-06-27,1000000.00,4.74931,99.765625
08:00:14,91282CKY6,TSRYS5833261,D,S,T,2024-06-27,1000000.00,4.74931,99.765625
08:00:14,91282CKY6,TSRYS5833261,D,S,T,2024-06-27,1000000.00,4.74931,99.765625
08:00:14,91282CKY6,TSRYS5833261,D,S,T,2024-06-27,1000000.00,4.74931,99.765625
08:00:14,91282CKY6,TSRYS5833261,D,S,T,2024-06-27,1000000.00,4.74931,99.765625
08:00:14,91282CKY6,TSRYS5833261,D,S,T,2024-06-27,1000000.00,4.755539,99.75390625
08:00:14,91282CKY6,TSRYS5833261,D,S,T,2024-06-27,1000000.00,4.755539,99.75390625
08:00:14,91282CKY6,TSRYS5833261,D,S,T,2024-06-27,1000000.00,4.753462,99.7578125
08:00:14,91282CKY6,TSRYS5833261,D,S,T,2024-06-27,1000000.00,4.754501,99.755859375
08:00:14,91282CKY6,TSRYS5833261,D,S,T,2024-06-27,2000000.00,4.755539,99.75390625
08:00:14,91282CKY6,TSRYS5833261,D,S,T,2024-06-27,1000000.00,4.752424,99.759765625
08:00:14,91282CKY6,TSRYS5833261,D,S,T,2024-06-27,1000000.00,4.753462,99.7578125
08:00:14,91282CKY6,TSRYS5833261,D,S,T,2024-06-27,1000000.00,4.753462,99.7578125
08:00:14,91282CKY6,TSRYS5833261,D,S,T,2024-06-27,1000000.00,4.751386,99.76171875
08:00:14,91282CKY6,TSRYS5833261,D,S,D,2024-06-27,1000000.00,4.748272,99.767578125
08:00:14,91282CKY6,TSRYS5833261,D,S,D,2024-06-27,1000000.00,4.748272,99.767578125
08:00:14,91282CKY6,TSRYS5833261,D,S,D,2024-06-27,1000000.00,4.747234,99.76953125
08:00:14,91282CKY6,TSRYS5833261,D,S,D,2024-06-27,1000000.00,4.747234,99.76953125
08:00:14,91282CKY6,TSRYS5833261,D,S,D,2024-06-27,1000000.00,4.747234,99.76953125
08:00:14,91282CKY6,TSRYS5833261,D,S,D,2024-06-27,1000000.00,4.747234,99.76953125
08:00:14,91282CKY6,TSRYS5833261,D,S,T,2024-06-27,1000000.00,4.747234,99.76953125
08:00:14,91282CKY6,TSRYS5833261,D,S,T,2024-06-27,1000000.00,4.747234,99.76953125
08:00:14,91282CKY6,TSRYS5833261,D,S,D,2024-06-27,1000000.00,4.747234,99.76953125
08:00:14,91282CKY6,TSRYS5833261,D,S,T,2024-06-27,1000000.00,4.747234,99.76953125
08:00:14,91282CKY6,TSRYS5833261,D,S,T,2024-06-27,4000000.00,4.747234,99.76953125
08:00:14,91282CKY6,TSRYS5833261,D,S,D,2024-06-27,1000000.00,4.746196,99.771484375
08:00:14,91282CKY6,TSRYS5833261,D,S,T,2024-06-27,1000000.00,4.746196,99.771484375
08:00:18,91282CKY6,TSRYS5833261,D,S,T,2024-06-27,1000000.00,4.750348,99.763671875
08:00:18,91282CKY6,TSRYS5833261,D,S,D,2024-06-27,250MM+,4.757615,99.75
08:00:18,91282CKY6,TSRYS5833261,D,S,D,2024-06-27,3000000.00,4.758654,99.748046875
08:00:18,91282CKY6,TSRYS5833261,D,S,D,2024-06-27,3000000.00,4.756577,99.751953125
08:00:18,91282CKY6,TSRYS5833261,D,B,C,2024-06-27,4000000.00,4.758654,99.748046875
08:00:18,91282CKY6,TSRYS5833261,D,S,D,2024-06-27,4000000.00,4.758654,99.748046875
08:00:18,91282CKY6,TSRYS5833261,D,S,D,2024-06-27,1000000.00,4.758654,99.748046875
08:00:18,91282CKY6,TSRYS5833261,D,B,C,2024-06-27,1000000.00,4.758654,99.748046875
08:00:18,91282CKY6,TSRYS5833261,D,S,T,2024-06-27,2000000.00,4.758654,99.748046875
08:00:18,91282CKY6,TSRYS5833261,D,S,T,2024-06-27,1000000.00,4.757615,99.75
08:00:18,91282CKY6,TSRYS5833261,D,S,D,2024-06-27,2000000.00,4.757615,99.75
08:00:18,91282CKY6,TSRYS5833261,D,S,D,2024-06-27,3000000.00,4.759692,99.74609375
08:00:18,91282CKY6,TSRYS5833261,D,S,T,2024-06-27,3000000.00,4.756577,99.751953125
08:00:18,91282CKY6,TSRYS5833261,D,S,D,2024-06-27,1000000.00,4.757615,99.75
08:00:18,91282CKY6,TSRYS5833261,D,S,T,2024-06-27,4000000.00,4.757615,99.75
08:00:18,91282CKY6,TSRYS5833261,D,S,D,2024-06-27,3000000.00,4.759692,99.74609375
08:00:18,91282CKY6,TSRYS5833261,D,S,T,2024-06-27,1000000.00,4.76073,99.744140625
08:00:18,91282CKY6,TSRYS5833261,D,S,T,2024-06-27,8000000.00,4.757615,99.75
08:00:18,91282CKY6,TSRYS5833261,D,S,T,2024-06-27,4000000.00,4.756577,99.751953125
08:00:18,91282CKY6,TSRYS5833261,D,S,T,2024-06-27,1000000.00,4.757615,99.75
08:00:18,91282CKY6,TSRYS5833261,D,S,T,2024-06-27,1000000.00,4.757615,99.75
08:00:18,91282CKY6,TSRYS5833261,D,S,T,2024-06-27,1000000.00,4.757615,99.75
08:00:18,91282CKY6,TSRYS5833261,D,S,T,2024-06-27,4000000.00,4.757615,99.75
08:00:18,91282CKY6,TSRYS5833261,D,S,D,2024-06-27,3000000.00,4.76073,99.744140625
08:00:19,91282CKY6,TSRYS5833261,D,S,T,2024-06-27,1000000.00,4.747234,99.76953125
08:00:19,91282CKY6,TSRYS5833261,D,S,T,2024-06-27,1000000.00,4.747234,99.76953125
08:00:19,91282CKY6,TSRYS5833261,D,S,T,2024-06-27,1000000.00,4.74931,99.765625
08:00:19,91282CKY6,TSRYS5833261,D,S,T,2024-06-27,1000000.00,4.74931,99.765625
08:00:19,91282CKY6,TSRYS5833261,D,S,T,2024-06-27,1000000.00,4.74931,99.765625
08:00:19,91282CKY6,TSRYS5833261,D,S,T,2024-06-27,1000000.00,4.758654,99.748046875
08:00:19,91282CKY6,TSRYS5833261,D,S,D,2024-06-27,1000000.00,4.757615,99.75
08:00:19,91282CKY6,TSRYS5833261,D,S,D,2024-06-27,1000000.00,4.757615,99.75
08:00:19,91282CKY6,TSRYS5833261,D,S,D,2024-06-27,1000000.00,4.756577,99.751953125
08:00:20,91282CKY6,TSRYS5833261,D,S,D,2024-06-27,1000000.00,4.756577,99.751953125
08:00:20,91282CKY6,TSRYS5833261,D,S,D,2024-06-27,2000000.00,4.756577,99.751953125
08:00:20,91282CKY6,TSRYS5833261,D,S,D,2024-06-27,2000000.00,4.756577,99.751953125
08:00:20,91282CKY6,TSRYS5833261,D,S,T,2024-06-27,2000000.00,4.759692,99.74609375
08:00:21,91282CKY6,TSRYS5833261,D,S,T,2024-06-27,2000000.00,4.756577,99.751953125
08:00:21,91282CKY6,TSRYS5833261,D,S,T,2024-06-27,1000000.00,4.755539,99.75390625
08:00:22,91282CKY6,TSRYS5833261,D,S,T,2024-06-27,1000000.00,4.757615,99.75
08:00:22,91282CKY6,TSRYS5833261,D,S,T,2024-06-27,1000000.00,4.757615,99.75
08:00:22,91282CKY6,TSRYS5833261,D,S,T,2024-06-27,3000000.00,4.759692,99.74609375
08:00:22,91282CKY6,TSRYS5833261,D,S,T,2024-06-27,1000000.00,4.757615,99.75
08:00:22,91282CKY6,TSRYS5833261,D,S,T,2024-06-27,2000000.00,4.757615,99.75
08:00:22,91282CKY6,TSRYS5833261,D,S,T,2024-06-27,3000000.00,4.76073,99.744140625
08:00:23,91282CKY6,TSRYS5833261,D,S,T,2024-06-27,1000000.00,4.756577,99.751953125
08:00:23,91282CKY6,TSRYS5833261,D,S,T,2024-06-27,1000000.00,4.756577,99.751953125
08:00:23,91282CKY6,TSRYS5833261,D,S,D,2024-06-27,3000000.00,4.751386,99.76171875
08:00:23,91282CKY6,TSRYS5833261,D,S,T,2024-06-27,2000000.00,4.759692,99.74609375
08:00:23,91282CKY6,TSRYS5833261,D,S,A,2024-06-27,200000.00,4.751386,99.761719
08:00:24,91282CKY6,TSRYS5833261,D,B,A,2024-06-27,2400000.00,4.751386,99.76171875
08:00:24,91282CKY6,TSRYS5833261,D,S,T,2024-06-27,4000000.00,4.756577,99.751953125
08:00:25,91282CKY6,TSRYS5833261,D,S,T,2024-06-27,4000000.00,4.757615,99.75
08:00:25,91282CKY6,TSRYS5833261,D,S,T,2024-06-27,1000000.00,4.759692,99.74609375
08:00:27,91282CKY6,TSRYS5833261,D,S,T,2024-06-27,1000000.00,4.759692,99.74609375
08:00:27,91282CKY6,TSRYS5833261,D,S,T,2024-06-27,2000000.00,4.759692,99.74609375
08:00:27,91282CKY6,TSRYS5833261,D,S,T,2024-06-27,1000000.00,4.759692,99.74609375
08:00:27,91282CKY6,TSRYS5833261,D,S,T,2024-06-27,1000000.00,4.754501,99.755859375
08:00:27,91282CKY6,TSRYS5833261,D,S,D,2024-06-27,2000000.00,4.753462,99.7578125
08:00:27,91282CKY6,TSRYS5833261,D,S,T,2024-06-27,1000000.00,4.74931,99.765625
08:00:27,91282CKY6,TSRYS5833261,D,S,T,2024-06-27,2000000.00,4.74931,99.765625
08:00:27,91282CKY6,TSRYS5833261,D,S,T,2024-06-27,2000000.00,4.74931,99.765625
08:00:27,91282CKY6,TSRYS5833261,D,S,T,2024-06-27,2000000.00,4.74931,99.765625
08:00:27,91282CKY6,TSRYS5833261,D,S,T,2024-06-27,2000000.00,4.747234,99.76953125
08:00:27,91282CKY6,TSRYS5833261,D,S,T,2024-06-27,3000000.00,4.757615,99.75
08:00:27,91282CKY6,TSRYS5833261,D,S,T,2024-06-27,1000000.00,4.756577,99.751953125
08:00:28,91282CKY6,TSRYS5833261,D,S,D,2024-06-27,3000000.00,4.76073,99.744140625
08:00:28,91282CKY6,TSRYS5833261,D,S,T,2024-06-27,1000000.00,4.757615,99.75
08:00:28,91282CKY6,TSRYS5833261,D,S,A,2024-06-27,5563000.00,4.755539,99.75390625
08:00:28,91282CKY6,TSRYS5833261,D,S,T,2024-06-27,1000000.00,4.755539,99.75390625
08:00:28,91282CKY6,TSRYS5833261,D,S,T,2024-06-27,1000000.00,4.755539,99.75390625
08:00:29,91282CKY6,TSRYS5833261,D,B,A,2024-06-27,5500000.00,4.757615,99.75
08:00:29,91282CKY6,TSRYS5833261,D,S,T,2024-06-27,1000000.00,4.756577,99.751953125
08:00:29,91282CKY6,TSRYS5833261,D,B,A,2024-06-27,1025000.00,4.757615,99.75
08:00:29,91282CKY6,TSRYS5833261,D,B,A,2024-06-27,735000.00,4.757615,99.75
08:00:29,91282CKY6,TSRYS5833261,D,S,A,2024-06-27,200000.00,4.753462,99.757813
08:00:29,91282CKY6,TSRYS5833261,D,S,T,2024-06-27,3000000.00,4.757615,99.75
08:00:29,91282CKY6,TSRYS5833261,D,S,T,2024-06-27,11000000.00,4.757615,99.75
08:00:30,91282CKY6,TSRYS5833261,D,S,T,2024-06-27,1000000.00,4.751386,99.76171875
08:00:30,91282CKY6,TSRYS5833261,D,S,T,2024-06-27,2000000.00,4.753462,99.7578125
08:00:30,91282CKY6,TSRYS5833261,D,S,T,2024-06-27,2000000.00,4.754501,99.755859375
08:00:30,91282CKY6,TSRYS5833261,D,S,T,2024-06-27,1000000.00,4.753462,99.7578125
08:00:30,91282CKY6,TSRYS5833261,D,S,T,2024-06-27,1000000.00,4.753462,99.7578125
08:00:30,91282CKY6,TSRYS5833261,D,S,T,2024-06-27,1000000.00,4.753462,99.7578125
08:00:30,91282CKY6,TSRYS5833261,D,S,T,2024-06-27,2000000.00,4.754501,99.755859375
08:00:30,91282CKY6,TSRYS5833261,D,S,T,2024-06-27,1000000.00,4.755539,99.75390625
08:00:30,91282CKY6,TSRYS5833261,D,S,T,2024-06-27,1000000.00,4.755539,99.75390625
08:00:30,91282CKY6,TSRYS5833261,D,S,T,2024-06-27,1000000.00,4.755539,99.75390625
08:00:33,91282CKY6,TSRYS5833261,D,S,T,2024-06-27,1000000.00,4.757615,99.75
08:00:33,91282CKY6,TSRYS5833261,D,S,T,2024-06-27,1000000.00,4.757615,99.75
08:00:33,91282CKY6,TSRYS5833261,D,S,T,2024-06-27,1000000.00,4.757615,99.75
08:00:33,91282CKY6,TSRYS5833261,D,S,T,2024-06-27,1000000.00,4.757615,99.75
08:00:33,91282CKY6,TSRYS5833261,D,S,T,2024-06-27,1000000.00,4.757615,99.75
08:00:33,91282CKY6,TSRYS5833261,D,S,T,2024-06-27,1000000.00,4.757615,99.75
08:00:33,91282CKY6,TSRYS5833261,D,S,T,2024-06-27,1000000.00,4.757615,99.75
08:00:33,91282CKY6,TSRYS5833261,D,S,T,2024-06-27,1000000.00,4.757615,99.75
08:00:33,91282CKY6,TSRYS5833261,D,S,T,2024-06-27,1000000.00,4.757615,99.75
08:00:33,91282CKY6,TSRYS5833261,D,S,T,2024-06-27,1000000.00,4.757615,99.75
08:00:33,91282CKY6,TSRYS5833261,D,S,T,2024-06-27,1000000.00,4.757615,99.75
08:00:33,91282CKY6,TSRYS5833261,D,S,T,2024-06-27,1000000.00,4.757615,99.75
08:00:33,91282CKY6,TSRYS5833261,D,S,T,2024-06-27,1000000.00,4.757615,99.75
08:00:33,91282CKY6,TSRYS5833261,D,S,T,2024-06-27,1000000.00,4.757615,99.75
08:00:33,91282CKY6,TSRYS5833261,D,S,T,2024-06-27,1000000.00,4.757615,99.75
08:00:33,91282CKY6,TSRYS5833261,D,S,T,2024-06-27,2000000.00,4.757615,99.75
08:00:33,91282CKY6,TSRYS5833261,D,S,T,2024-06-27,1000000.00,4.757615,99.75
08:00:33,91282CKY6,TSRYS5833261,D,S,T,2024-06-27,2000000.00,4.757615,99.75
08:00:33,91282CKY6,TSRYS5833261,D,S,T,2024-06-27,1000000.00,4.757615,99.75
08:00:33,91282CKY6,TSRYS5833261,D,S,T,2024-06-27,1000000.00,4.757615,99.75
08:00:33,91282CKY6,TSRYS5833261,D,S,T,2024-06-27,1000000.00,4.757615,99.75
08:00:33,91282CKY6,TSRYS5833261,D,S,T,2024-06-27,1000000.00,4.757615,99.75
08:00:33,91282CKY6,TSRYS5833261,D,S,T,2024-06-27,2000000.00,4.757615,99.75
08:00:33,91282CKY6,TSRYS5833261,D,S,T,2024-06-27,2000000.00,4.757615,99.75
08:00:33,91282CKY6,TSRYS5833261,D,S,T,2024-06-27,1000000.00,4.757615,99.75
08:00:33,91282CKY6,TSRYS5833261,D,S,T,2024-06-27,2000000.00,4.757615,99.75
08:00:33,91282CKY6,TSRYS5833261,D,S,T,2024-06-27,1000000.00,4.757615,99.75
08:00:33,91282CKY6,TSRYS5833261,D,S,T,2024-06-27,4000000.00,4.757615,99.75
08:00:33,91282CKY6,TSRYS5833261,D,S,T,2024-06-27,1000000.00,4.757615,99.75
08:00:33,91282CKY6,TSRYS5833261,D,S,T,2024-06-27,1000000.00,4.757615,99.75
08:00:33,91282CKY6,TSRYS5833261,D,S,T,2024-06-27,1000000.00,4.757615,99.75
08:00:33,91282CKY6,TSRYS5833261,D,S,T,2024-06-27,2000000.00,4.757615,99.75
08:00:33,91282CKY6,TSRYS5833261,D,S,T,2024-06-27,2000000.00,4.757615,99.75
08:00:33,91282CKY6,TSRYS5833261,D,S,T,2024-06-27,1000000.00,4.757615,99.75
08:00:33,91282CKY6,TSRYS5833261,D,S,T,2024-06-27,2000000.00,4.757615,99.75
08:00:33,91282CKY6,TSRYS5833261,D,S,T,2024-06-27,1000000.00,4.759692,99.74609375
08:00:33,91282CKY6,TSRYS5833261,D,S,T,2024-06-27,1000000.00,4.759692,99.74609375
08:00:33,91282CKY6,TSRYS5833261,D,S,T,2024-06-27,1000000.00,4.759692,99.74609375
08:00:33,91282CKY6,TSRYS5833261,D,S,T,2024-06-27,1000000.00,4.759692,99.74609375
08:00:33,91282CKY6,TSRYS5833261,D,S,T,2024-06-27,1000000.00,4.759692,99.74609375
08:00:33,91282CKY6,TSRYS5833261,D,S,T,2024-06-27,1000000.00,4.759692,99.74609375
08:00:33,91282CKY6,TSRYS5833261,D,S,T,2024-06-27,3000000.00,4.759692,99.74609375
08:00:33,91282CKY6,TSRYS5833261,D,S,T,2024-06-27,2000000.00,4.759692,99.74609375
08:00:33,91282CKY6,TSRYS5833261,D,S,T,2024-06-27,1000000.00,4.759692,99.74609375
08:00:33,91282CKY6,TSRYS5833261,D,S,T,2024-06-27,1000000.00,4.759692,99.74609375
08:00:33,91282CKY6,TSRYS5833261,D,S,T,2024-06-27,1000000.00,4.759692,99.74609375
08:00:33,91282CKY6,TSRYS5833261,D,S,T,2024-06-27,2000000.00,4.759692,99.74609375
08:00:33,91282CKY6,TSRYS5833261,D,S,T,2024-06-27,1000000.00,4.759692,99.74609375
08:00:33,91282CKY6,TSRYS5833261,D,S,T,2024-06-27,1000000.00,4.759692,99.74609375
08:00:33,91282CKY6,TSRYS5833261,D,S,T,2024-06-27,2000000.00,4.759692,99.74609375
08:00:33,91282CKY6,TSRYS5833261,D,S,T,2024-06-27,1000000.00,4.759692,99.74609375
08:00:33,91282CKY6,TSRYS5833261,D,S,T,2024-06-27,1000000.00,4.759692,99.74609375
08:00:33,91282CKY6,TSRYS5833261,D,S,T,2024-06-27,1000000.00,4.759692,99.74609375
08:00:33,91282CKY6,TSRYS5833261,D,S,T,2024-06-27,1000000.00,4.757615,99.75
08:00:33,91282CKY6,TSRYS5833261,D,S,T,2024-06-27,2000000.00,4.757615,99.75
08:00:33,91282CKY6,TSRYS5833261,D,S,T,2024-06-27,1000000.00,4.755539,99.75390625
08:00:33,91282CKY6,TSRYS5833261,D,S,T,2024-06-27,2000000.00,4.755539,99.75390625
08:00:33,91282CKY6,TSRYS5833261,D,S,T,2024-06-27,1000000.00,4.755539,99.75390625
08:00:33,91282CKY6,TSRYS5833261,D,S,T,2024-06-27,1000000.00,4.755539,99.75390625
08:00:33,91282CKY6,TSRYS5833261,D,S,T,2024-06-27,2000000.00,4.755539,99.75390625
08:00:33,91282CKY6,TSRYS5833261,D,S,T,2024-06-27,1000000.00,4.755539,99.75390625
08:00:33,91282CKY6,TSRYS5833261,D,S,T,2024-06-27,1000000.00,4.755539,99.75390625
08:00:33,91282CKY6,TSRYS5833261,D,S,T,2024-06-27,1000000.00,4.755539,99.75390625
08:00:33,91282CKY6,TSRYS5833261,D,S,T,2024-06-27,1000000.00,4.755539,99.75390625
08:00:33,91282CKY6,TSRYS5833261,D,S,T,2024-06-27,1000000.00,4.755539,99.75390625
08:00:33,91282CKY6,TSRYS5833261,D,S,T,2024-06-27,2000000.00,4.755539,99.75390625
08:00:33,91282CKY6,TSRYS5833261,D,S,T,2024-06-27,1000000.00,4.755539,99.75390625
08:00:33,91282CKY6,TSRYS5833261,D,S,T,2024-06-27,1000000.00,4.755539,99.75390625
08:00:33,91282CKY6,TSRYS5833261,D,S,T,2024-06-27,1000000.00,4.755539,99.75390625
08:00:33,91282CKY6,TSRYS5833261,D,S,T,2024-06-27,1000000.00,4.755539,99.75390625
08:00:33,91282CKY6,TSRYS5833261,D,S,T,2024-06-27,2000000.00,4.755539,99.75390625
08:00:33,91282CKY6,TSRYS5833261,D,S,T,2024-06-27,2000000.00,4.755539,99.75390625
08:00:33,91282CKY6,TSRYS5833261,D,S,T,2024-06-27,1000000.00,4.755539,99.75390625
08:00:33,91282CKY6,TSRYS5833261,D,S,T,2024-06-27,2000000.00,4.755539,99.75390625
08:00:33,91282CKY6,TSRYS5833261,D,S,T,2024-06-27,2000000.00,4.757615,99.75
08:00:33,91282CKY6,TSRYS5833261,D,S,T,2024-06-27,2000000.00,4.755539,99.75390625
08:00:33,91282CKY6,TSRYS5833261,D,S,T,2024-06-27,1000000.00,4.755539,99.75390625
08:00:33,91282CKY6,TSRYS5833261,D,S,T,2024-06-27,2000000.00,4.755539,99.75390625
08:00:33,91282CKY6,TSRYS5833261,D,S,T,2024-06-27,1000000.00,4.756577,99.751953125
08:00:33,91282CKY6,TSRYS5833261,D,S,T,2024-06-27,2000000.00,4.757615,99.75
08:00:33,91282CKY6,TSRYS5833261,D,S,T,2024-06-27,2000000.00,4.757615,99.75
08:00:33,91282CKY6,TSRYS5833261,D,S,T,2024-06-27,1000000.00,4.757615,99.75
08:00:33,91282CKY6,TSRYS5833261,D,S,T,2024-06-27,2000000.00,4.757615,99.75
08:00:33,91282CKY6,TSRYS5833261,D,S,T,2024-06-27,1000000.00,4.74931,99.765625
08:00:33,91282CKY6,TSRYS5833261,D,S,T,2024-06-27,1000000.00,4.74931,99.765625
08:00:33,91282CKY6,TSRYS5833261,D,S,T,2024-06-27,1000000.00,4.74931,99.765625
08:00:33,91282CKY6,TSRYS5833261,D,S,T,2024-06-27,1000000.00,4.74931,99.765625
08:00:33,91282CKY6,TSRYS5833261,D,S,T,2024-06-27,1000000.00,4.74931,99.765625
08:00:33,91282CKY6,TSRYS5833261,D,S,T,2024-06-27,1000000.00,4.74931,99.765625
08:00:33,91282CKY6,TSRYS5833261,D,S,T,2024-06-27,1000000.00,4.74931,99.765625
08:00:33,91282CKY6,TSRYS5833261,D,S,T,2024-06-27,1000000.00,4.74931,99.765625
08:00:33,91282CKY6,TSRYS5833261,D,S,T,2024-06-27,1000000.00,4.74931,99.765625
08:00:33,91282CKY6,TSRYS5833261,D,S,T,2024-06-27,1000000.00,4.750348,99.763671875
08:00:33,91282CKY6,TSRYS5833261,D,S,T,2024-06-27,1000000.00,4.759692,99.74609375
08:00:33,91282CKY6,TSRYS5833261,D,S,T,2024-06-27,1000000.00,4.750348,99.763671875
08:00:33,91282CKY6,TSRYS5833261,D,S,T,2024-06-27,2000000.00,4.755539,99.75390625
08:00:33,91282CKY6,TSRYS5833261,D,S,T,2024-06-27,1000000.00,4.756577,99.751953125
08:00:33,91282CKY6,TSRYS5833261,D,S,T,2024-06-27,1000000.00,4.753462,99.7578125
08:00:33,91282CKY6,TSRYS5833261,D,S,T,2024-06-27,1000000.00,4.753462,99.7578125
08:00:33,91282CKY6,TSRYS5833261,D,S,T,2024-06-27,1000000.00,4.753462,99.7578125
08:00:33,91282CKY6,TSRYS5833261,D,S,T,2024-06-27,1000000.00,4.753462,99.7578125
08:00:33,91282CKY6,TSRYS5833261,D,S,T,2024-06-27,3000000.00,4.753462,99.7578125
08:00:33,91282CKY6,TSRYS5833261,D,S,T,2024-06-27,1000000.00,4.753462,99.7578125
08:00:33,91282CKY6,TSRYS5833261,D,S,T,2024-06-27,1000000.00,4.753462,99.7578125
08:00:33,91282CKY6,TSRYS5833261,D,S,T,2024-06-27,1000000.00,4.752424,99.759765625
08:00:33,91282CKY6,TSRYS5833261,D,S,D,2024-06-27,1000000.00,4.756577,99.751953125
08:00:33,91282CKY6,TSRYS5833261,D,S,T,2024-06-27,1000000.00,4.751386,99.76171875
08:00:33,91282CKY6,TSRYS5833261,D,S,T,2024-06-27,1000000.00,4.751386,99.76171875
08:00:33,91282CKY6,TSRYS5833261,D,S,T,2024-06-27,1000000.00,4.753462,99.7578125
08:00:33,91282CKY6,TSRYS5833261,D,S,T,2024-06-27,1000000.00,4.753462,99.7578125
08:00:33,91282CKY6,TSRYS5833261,D,S,T,2024-06-27,2000000.00,4.753462,99.7578125
08:00:33,91282CKY6,TSRYS5833261,D,S,T,2024-06-27,1000000.00,4.753462,99.7578125
08:00:33,91282CKY6,TSRYS5833261,D,S,T,2024-06-27,1000000.00,4.753462,99.7578125
08:00:33,91282CKY6,TSRYS5833261,D,S,T,2024-06-27,1000000.00,4.753462,99.7578125
08:00:33,91282CKY6,TSRYS5833261,D,S,T,2024-06-27,1000000.00,4.753462,99.7578125
08:00:33,91282CKY6,TSRYS5833261,D,S,T,2024-06-27,2000000.00,4.74931,99.765625
08:00:33,91282CKY6,TSRYS5833261,D,S,T,2024-06-27,1000000.00,4.750348,99.763671875
08:00:33,91282CKY6,TSRYS5833261,D,S,T,2024-06-27,1000000.00,4.747234,99.76953125
08:00:33,91282CKY6,TSRYS5833261,D,S,T,2024-06-27,1000000.00,4.747234,99.76953125
08:00:33,91282CKY6,TSRYS5833261,D,S,T,2024-06-27,1000000.00,4.747234,99.76953125
08:00:33,91282CKY6,TSRYS5833261,D,S,T,2024-06-27,1000000.00,4.750348,99.763671875
08:00:33,91282CKY6,TSRYS5833261,D,S,T,2024-06-27,1000000.00,4.750348,99.763671875
08:00:33,91282CKY6,TSRYS5833261,D,S,T,2024-06-27,1000000.00,4.750348,99.763671875
08:00:33,91282CKY6,TSRYS5833261,D,S,T,2024-06-27,1000000.00,4.750348,99.763671875
08:00:33,91282CKY6,TSRYS5833261,D,S,T,2024-06-27,1000000.00,4.750348,99.763671875
08:00:33,91282CKY6,TSRYS5833261,D,S,T,2024-06-27,1000000.00,4.750348,99.763671875
08:00:33,91282CKY6,TSRYS5833261,D,S,T,2024-06-27,2000000.00,4.750348,99.763671875
08:00:33,91282CKY6,TSRYS5833261,D,S,T,2024-06-27,1000000.00,4.750348,99.763671875
08:00:33,91282CKY6,TSRYS5833261,D,S,T,2024-06-27,1000000.00,4.750348,99.763671875
08:00:33,91282CKY6,TSRYS5833261,D,S,T,2024-06-27,1000000.00,4.750348,99.763671875
08:00:33,91282CKY6,TSRYS5833261,D,S,T,2024-06-27,1000000.00,4.750348,99.763671875
08:00:33,91282CKY6,TSRYS5833261,D,S,T,2024-06-27,1000000.00,4.750348,99.763671875
08:00:33,91282CKY6,TSRYS5833261,D,S,T,2024-06-27,1000000.00,4.750348,99.763671875
08:00:33,91282CKY6,TSRYS5833261,D,S,T,2024-06-27,2000000.00,4.750348,99.763671875
08:00:33,91282CKY6,TSRYS5833261,D,S,T,2024-06-27,3000000.00,4.74931,99.765625
08:00:33,91282CKY6,TSRYS5833261,D,S,T,2024-06-27,2000000.00,4.74931,99.765625
08:00:33,91282CKY6,TSRYS5833261,D,S,T,2024-06-27,3000000.00,4.74931,99.765625
08:00:33,91282CKY6,TSRYS5833261,D,S,T,2024-06-27,1000000.00,4.74931,99.765625
08:00:33,91282CKY6,TSRYS5833261,D,S,T,2024-06-27,1000000.00,4.74931,99.765625
08:00:33,91282CKY6,TSRYS5833261,D,S,T,2024-06-27,3000000.00,4.74931,99.765625
08:00:33,91282CKY6,TSRYS5833261,D,S,T,2024-06-27,3000000.00,4.74931,99.765625
08:00:33,91282CKY6,TSRYS5833261,D,S,T,2024-06-27,2000000.00,4.74931,99.765625
08:00:33,91282CKY6,TSRYS5833261,D,S,T,2024-06-27,3000000.00,4.74931,99.765625
08:00:33,91282CKY6,TSRYS5833261,D,S,T,2024-06-27,2000000.00,4.74931,99.765625
08:00:33,91282CKY6,TSRYS5833261,D,S,T,2024-06-27,2000000.00,4.74931,99.765625
08:00:33,91282CKY6,TSRYS5833261,D,S,T,2024-06-27,3000000.00,4.748272,99.767578125
08:00:33,91282CKY6,TSRYS5833261,D,S,T,2024-06-27,3000000.00,4.748272,99.767578125
08:00:33,91282CKY6,TSRYS5833261,D,S,T,2024-06-27,1000000.00,4.74931,99.765625
08:00:33,91282CKY6,TSRYS5833261,D,S,T,2024-06-27,1000000.00,4.74931,99.765625
08:00:33,91282CKY6,TSRYS5833261,D,S,T,2024-06-27,1000000.00,4.74931,99.765625
08:00:33,91282CKY6,TSRYS5833261,D,S,T,2024-06-27,1000000.00,4.74931,99.765625
08:00:33,91282CKY6,TSRYS5833261,D,S,T,2024-06-27,3000000.00,4.74931,99.765625
08:00:33,91282CKY6,TSRYS5833261,D,S,T,2024-06-27,3000000.00,4.74931,99.765625
08:00:33,91282CKY6,TSRYS5833261,D,S,T,2024-06-27,1000000.00,4.74931,99.765625
08:00:33,91282CKY6,TSRYS5833261,D,S,T,2024-06-27,3000000.00,4.74931,99.765625
08:00:33,91282CKY6,TSRYS5833261,D,S,T,2024-06-27,1000000.00,4.751386,99.76171875
08:00:33,91282CKY6,TSRYS5833261,D,S,T,2024-06-27,1000000.00,4.751386,99.76171875
08:00:33,91282CKY6,TSRYS5833261,D,S,T,2024-06-27,1000000.00,4.751386,99.76171875
08:00:33,91282CKY6,TSRYS5833261,D,S,T,2024-06-27,1000000.00,4.755539,99.75390625
08:00:33,91282CKY6,TSRYS5833261,D,S,T,2024-06-27,1000000.00,4.755539,99.75390625
08:00:33,91282CKY6,TSRYS5833261,D,S,T,2024-06-27,1000000.00,4.755539,99.75390625
08:00:33,91282CKY6,TSRYS5833261,D,S,T,2024-06-27,1000000.00,4.755539,99.75390625
08:00:33,91282CKY6,TSRYS5833261,D,S,T,2024-06-27,1000000.00,4.755539,99.75390625
08:00:33,91282CKY6,TSRYS5833261,D,S,T,2024-06-27,1000000.00,4.755539,99.75390625
08:00:33,91282CKY6,TSRYS5833261,D,S,T,2024-06-27,1000000.00,4.757615,99.75
08:00:33,91282CKY6,TSRYS5833261,D,S,T,2024-06-27,1000000.00,4.756577,99.751953125
08:00:33,91282CKY6,TSRYS5833261,D,S,T,2024-06-27,1000000.00,4.755539,99.75390625
08:00:33,91282CKY6,TSRYS5833261,D,S,T,2024-06-27,1000000.00,4.755539,99.75390625
08:00:33,91282CKY6,TSRYS5833261,D,S,T,2024-06-27,3000000.00,4.755539,99.75390625
08:00:33,91282CKY6,TSRYS5833261,D,S,T,2024-06-27,3000000.00,4.755539,99.75390625
08:00:33,91282CKY6,TSRYS5833261,D,S,T,2024-06-27,1000000.00,4.755539,99.75390625
08:00:33,91282CKY6,TSRYS5833261,D,S,T,2024-06-27,1000000.00,4.755539,99.75390625
08:00:33,91282CKY6,TSRYS5833261,D,S,T,2024-06-27,1000000.00,4.755539,99.75390625
08:00:33,91282CKY6,TSRYS5833261,D,S,T,2024-06-27,1000000.00,4.755539,99.75390625
08:00:33,91282CKY6,TSRYS5833261,D,S,T,2024-06-27,2000000.00,4.755539,99.75390625
08:00:33,91282CKY6,TSRYS5833261,D,S,T,2024-06-27,1000000.00,4.755539,99.75390625
08:00:33,91282CKY6,TSRYS5833261,D,S,T,2024-06-27,2000000.00,4.755539,99.75390625
08:00:33,91282CKY6,TSRYS5833261,D,S,T,2024-06-27,1000000.00,4.755539,99.75390625
08:00:33,91282CKY6,TSRYS5833261,D,S,T,2024-06-27,1000000.00,4.755539,99.75390625
08:00:33,91282CKY6,TSRYS5833261,D,S,T,2024-06-27,1000000.00,4.755539,99.75390625
08:00:33,91282CKY6,TSRYS5833261,D,S,T,2024-06-27,1000000.00,4.755539,99.75390625
08:00:33,91282CKY6,TSRYS5833261,D,S,T,2024-06-27,1000000.00,4.755539,99.75390625
08:00:33,91282CKY6,TSRYS5833261,D,S,T,2024-06-27,1000000.00,4.755539,99.75390625
08:00:33,91282CKY6,TSRYS5833261,D,S,T,2024-06-27,1000000.00,4.755539,99.75390625
08:00:33,91282CKY6,TSRYS5833261,D,S,T,2024-06-27,1000000.00,4.755539,99.75390625
08:00:33,91282CKY6,TSRYS5833261,D,S,T,2024-06-27,1000000.00,4.755539,99.75390625
08:00:33,91282CKY6,TSRYS5833261,D,S,T,2024-06-27,1000000.00,4.755539,99.75390625
08:00:33,91282CKY6,TSRYS5833261,D,S,T,2024-06-27,1000000.00,4.755539,99.75390625
08:00:33,91282CKY6,TSRYS5833261,D,S,T,2024-06-27,2000000.00,4.755539,99.75390625
08:00:33,91282CKY6,TSRYS5833261,D,S,T,2024-06-27,1000000.00,4.755539,99.75390625
08:00:33,91282CKY6,TSRYS5833261,D,S,T,2024-06-27,1000000.00,4.755539,99.75390625
08:00:33,91282CKY6,TSRYS5833261,D,S,T,2024-06-27,1000000.00,4.755539,99.75390625
08:00:33,91282CKY6,TSRYS5833261,D,S,T,2024-06-27,1000000.00,4.755539,99.75390625
08:00:33,91282CKY6,TSRYS5833261,D,S,T,2024-06-27,1000000.00,4.755539,99.75390625
08:00:33,91282CKY6,TSRYS5833261,D,S,T,2024-06-27,1000000.00,4.755539,99.75390625
08:00:33,91282CKY6,TSRYS5833261,D,S,T,2024-06-27,1000000.00,4.755539,99.75390625
08:00:33,91282CKY6,TSRYS5833261,D,S,T,2024-06-27,1000000.00,4.755539,99.75390625
08:00:33,91282CKY6,TSRYS5833261,D,S,T,2024-06-27,1000000.00,4.755539,99.75390625
08:00:33,91282CKY6,TSRYS5833261,D,S,T,2024-06-27,1000000.00,4.755539,99.75390625
08:00:33,91282CKY6,TSRYS5833261,D,S,T,2024-06-27,1000000.00,4.753462,99.7578125
08:00:33,91282CKY6,TSRYS5833261,D,S,T,2024-06-27,1000000.00,4.753462,99.7578125
08:00:33,91282CKY6,TSRYS5833261,D,S,T,2024-06-27,2000000.00,4.74931,99.765625
08:00:33,91282CKY6,TSRYS5833261,D,S,T,2024-06-27,1000000.00,4.74931,99.765625
08:00:33,91282CKY6,TSRYS5833261,D,S,T,2024-06-27,1000000.00,4.74931,99.765625
08:00:33,91282CKY6,TSRYS5833261,D,S,T,2024-06-27,2000000.00,4.74931,99.765625
08:00:33,91282CKY6,TSRYS5833261,D,S,T,2024-06-27,2000000.00,4.74931,99.765625
08:00:33,91282CKY6,TSRYS5833261,D,S,T,2024-06-27,1000000.00,4.74931,99.765625
08:00:33,91282CKY6,TSRYS5833261,D,S,T,2024-06-27,1000000.00,4.74931,99.765625
08:00:33,91282CKY6,TSRYS5833261,D,S,T,2024-06-27,2000000.00,4.74931,99.765625
08:00:33,91282CKY6,TSRYS5833261,D,S,T,2024-06-27,2000000.00,4.74931,99.765625
08:00:33,91282CKY6,TSRYS5833261,D,S,T,2024-06-27,2000000.00,4.751386,99.76171875
08:00:33,91282CKY6,TSRYS5833261,D,S,T,2024-06-27,2000000.00,4.747234,99.76953125
08:00:33,91282CKY6,TSRYS5833261,D,S,T,2024-06-27,3000000.00,4.748272,99.767578125
08:00:33,91282CKY6,TSRYS5833261,D,S,T,2024-06-27,3000000.00,4.748272,99.767578125
08:00:33,91282CKY6,TSRYS5833261,D,S,T,2024-06-27,1000000.00,4.751386,99.76171875
08:00:33,91282CKY6,TSRYS5833261,D,S,T,2024-06-27,2000000.00,4.751386,99.76171875
08:00:33,91282CKY6,TSRYS5833261,D,S,T,2024-06-27,2000000.00,4.74931,99.765625
08:00:33,91282CKY6,TSRYS5833261,D,S,T,2024-06-27,2000000.00,4.747234,99.76953125
08:00:33,91282CKY6,TSRYS5833261,D,S,T,2024-06-27,1000000.00,4.743082,99.77734375
08:00:33,91282CKY6,TSRYS5833261,D,S,T,2024-06-27,1000000.00,4.743082,99.77734375
08:00:33,91282CKY6,TSRYS5833261,D,S,T,2024-06-27,1000000.00,4.743082,99.77734375
08:00:33,91282CKY6,TSRYS5833261,D,S,T,2024-06-27,2000000.00,4.743082,99.77734375
08:00:33,91282CKY6,TSRYS5833261,D,S,T,2024-06-27,1000000.00,4.743082,99.77734375
08:00:33,91282CKY6,TSRYS5833261,D,S,T,2024-06-27,1000000.00,4.743082,99.77734375
08:00:33,91282CKY6,TSRYS5833261,D,S,T,2024-06-27,1000000.00,4.743082,99.77734375
08:00:33,91282CKY6,TSRYS5833261,D,S,T,2024-06-27,1000000.00,4.745158,99.7734375
08:00:33,91282CKY6,TSRYS5833261,D,S,T,2024-06-27,1000000.00,4.745158,99.7734375
08:00:33,91282CKY6,TSRYS5833261,D,S,T,2024-06-27,1000000.00,4.745158,99.7734375
08:00:33,91282CKY6,TSRYS5833261,D,S,T,2024-06-27,1000000.00,4.745158,99.7734375
08:00:33,91282CKY6,TSRYS5833261,D,S,T,2024-06-27,3000000.00,4.745158,99.7734375
08:00:33,91282CKY6,TSRYS5833261,D,S,T,2024-06-27,1000000.00,4.745158,99.7734375
08:00:33,91282CKY6,TSRYS5833261,D,S,T,2024-06-27,1000000.00,4.745158,99.7734375
08:00:33,91282CKY6,TSRYS5833261,D,S,T,2024-06-27,1000000.00,4.745158,99.7734375
08:00:33,91282CKY6,TSRYS5833261,D,S,T,2024-06-27,3000000.00,4.745158,99.7734375
08:00:33,91282CKY6,TSRYS5833261,D,S,T,2024-06-27,1000000.00,4.745158,99.7734375
08:00:33,91282CKY6,TSRYS5833261,D,S,T,2024-06-27,2000000.00,4.745158,99.7734375
08:00:33,91282CKY6,TSRYS5833261,D,S,T,2024-06-27,2000000.00,4.748272,99.767578125
08:00:33,91282CKY6,TSRYS5833261,D,S,T,2024-06-27,1000000.00,4.74931,99.765625
08:00:33,91282CKY6,TSRYS5833261,D,S,T,2024-06-27,1000000.00,4.74931,99.765625
08:00:33,91282CKY6,TSRYS5833261,D,S,T,2024-06-27,2000000.00,4.74931,99.765625
08:00:33,91282CKY6,TSRYS5833261,D,S,D,2024-06-27,1000000.00,4.748272,99.767578125
08:00:33,91282CKY6,TSRYS5833261,D,S,T,2024-06-27,2000000.00,4.74931,99.765625
08:00:33,91282CKY6,TSRYS5833261,D,S,T,2024-06-27,2000000.00,4.74931,99.765625
08:00:33,91282CKY6,TSRYS5833261,D,S,T,2024-06-27,2000000.00,4.74931,99.765625
08:00:33,91282CKY6,TSRYS5833261,D,S,T,2024-06-27,1000000.00,4.74931,99.765625
08:00:33,91282CKY6,TSRYS5833261,D,S,T,2024-06-27,1000000.00,4.74931,99.765625
08:00:33,91282CKY6,TSRYS5833261,D,S,T,2024-06-27,2000000.00,4.747234,99.76953125
08:00:33,91282CKY6,TSRYS5833261,D,S,T,2024-06-27,2000000.00,4.747234,99.76953125
08:00:33,91282CKY6,TSRYS5833261,D,S,T,2024-06-27,1000000.00,4.746196,99.771484375
08:00:33,91282CKY6,TSRYS5833261,D,S,T,2024-06-27,1000000.00,4.745158,99.7734375
08:00:33,91282CKY6,TSRYS5833261,D,S,T,2024-06-27,1000000.00,4.745158,99.7734375
08:00:33,91282CKY6,TSRYS5833261,D,S,T,2024-06-27,2000000.00,4.745158,99.7734375
08:00:33,91282CKY6,TSRYS5833261,D,S,T,2024-06-27,1000000.00,4.74412,99.775390625
08:00:33,91282CKY6,TSRYS5833261,D,S,T,2024-06-27,1000000.00,4.74412,99.775390625
08:00:33,91282CKY6,TSRYS5833261,D,S,T,2024-06-27,1000000.00,4.746196,99.771484375
08:00:33,91282CKY6,TSRYS5833261,D,S,T,2024-06-27,1000000.00,4.746196,99.771484375
08:00:33,91282CKY6,TSRYS5833261,D,S,T,2024-06-27,1000000.00,4.746196,99.771484375
08:00:33,91282CKY6,TSRYS5833261,D,S,T,2024-06-27,1000000.00,4.747234,99.76953125
08:00:33,91282CKY6,TSRYS5833261,D,S,T,2024-06-27,1000000.00,4.747234,99.76953125
08:00:33,91282CKY6,TSRYS5833261,D,S,T,2024-06-27,1000000.00,4.747234,99.76953125
08:00:33,91282CKY6,TSRYS5833261,D,S,T,2024-06-27,1000000.00,4.747234,99.76953125
08:00:33,91282CKY6,TSRYS5833261,D,S,T,2024-06-27,1000000.00,4.747234,99.76953125
08:00:33,91282CKY6,TSRYS5833261,D,S,T,2024-06-27,2000000.00,4.747234,99.76953125
08:00:33,91282CKY6,TSRYS5833261,D,S,T,2024-06-27,2000000.00,4.747234,99.76953125
08:00:33,91282CKY6,TSRYS5833261,D,S,T,2024-06-27,3000000.00,4.747234,99.76953125
08:00:33,91282CKY6,TSRYS5833261,D,S,T,2024-06-27,1000000.00,4.747234,99.76953125
08:00:33,91282CKY6,TSRYS5833261,D,S,T,2024-06-27,2000000.00,4.747234,99.76953125
08:00:33,91282CKY6,TSRYS5833261,D,S,T,2024-06-27,1000000.00,4.747234,99.76953125
08:00:33,91282CKY6,TSRYS5833261,D,S,T,2024-06-27,1000000.00,4.747234,99.76953125
08:00:33,91282CKY6,TSRYS5833261,D,S,T,2024-06-27,2000000.00,4.747234,99.76953125
08:00:33,91282CKY6,TSRYS5833261,D,S,T,2024-06-27,3000000.00,4.747234,99.76953125
08:00:33,91282CKY6,TSRYS5833261,D,S,T,2024-06-27,1000000.00,4.747234,99.76953125
08:00:33,91282CKY6,TSRYS5833261,D,S,T,2024-06-27,2000000.00,4.747234,99.76953125
08:00:33,91282CKY6,TSRYS5833261,D,S,T,2024-06-27,1000000.00,4.747234,99.76953125
08:00:33,91282CKY6,TSRYS5833261,D,S,T,2024-06-27,1000000.00,4.748272,99.767578125
08:00:33,91282CKY6,TSRYS5833261,D,S,T,2024-06-27,3000000.00,4.748272,99.767578125
08:00:33,91282CKY6,TSRYS5833261,D,S,T,2024-06-27,1000000.00,4.748272,99.767578125
08:00:33,91282CKY6,TSRYS5833261,D,S,T,2024-06-27,1000000.00,4.748272,99.767578125
08:00:33,91282CKY6,TSRYS5833261,D,S,T,2024-06-27,4000000.00,4.751386,99.76171875
08:00:33,91282CKY6,TSRYS5833261,D,S,T,2024-06-27,2000000.00,4.751386,99.76171875
08:00:33,91282CKY6,TSRYS5833261,D,S,T,2024-06-27,2000000.00,4.751386,99.76171875
08:00:33,91282CKY6,TSRYS5833261,D,S,T,2024-06-27,13000000.00,4.755539,99.75390625
08:00:33,91282CKY6,TSRYS5833261,D,S,D,2024-06-27,2000000.00,4.756577,99.751953125
08:00:33,91282CKY6,TSRYS5833261,D,S,T,2024-06-27,2000000.00,4.74931,99.765625
08:00:33,91282CKY6,TSRYS5833261,D,S,T,2024-06-27,1000000.00,4.751386,99.76171875
08:00:33,91282CKY6,TSRYS5833261,D,S,T,2024-06-27,1000000.00,4.751386,99.76171875
08:00:33,91282CKY6,TSRYS5833261,D,S,T,2024-06-27,2000000.00,4.751386,99.76171875
08:00:33,91282CKY6,TSRYS5833261,D,S,T,2024-06-27,1000000.00,4.751386,99.76171875
08:00:33,91282CKY6,TSRYS5833261,D,S,T,2024-06-27,1000000.00,4.751386,99.76171875
08:00:33,91282CKY6,TSRYS5833261,D,S,T,2024-06-27,9000000.00,4.751386,99.76171875
08:00:33,91282CKY6,TSRYS5833261,D,S,T,2024-06-27,2000000.00,4.751386,99.76171875
08:00:33,91282CKY6,TSRYS5833261,D,S,T,2024-06-27,1000000.00,4.751386,99.76171875
08:00:33,91282CKY6,TSRYS5833261,D,S,T,2024-06-27,1000000.00,4.751386,99.76171875
08:00:33,91282CKY6,TSRYS5833261,D,S,T,2024-06-27,1000000.00,4.751386,99.76171875
08:00:33,91282CKY6,TSRYS5833261,D,S,T,2024-06-27,2000000.00,4.751386,99.76171875
08:00:33,91282CKY6,TSRYS5833261,D,S,T,2024-06-27,6000000.00,4.751386,99.76171875
08:00:33,91282CKY6,TSRYS5833261,D,S,T,2024-06-27,2000000.00,4.754501,99.755859375
08:00:33,91282CKY6,TSRYS5833261,D,S,T,2024-06-27,1000000.00,4.754501,99.755859375
08:00:33,91282CKY6,TSRYS5833261,D,S,T,2024-06-27,1000000.00,4.754501,99.755859375
08:00:33,91282CKY6,TSRYS5833261,D,S,T,2024-06-27,1000000.00,4.754501,99.755859375
08:00:33,91282CKY6,TSRYS5833261,D,S,T,2024-06-27,2000000.00,4.754501,99.755859375
08:00:33,91282CKY6,TSRYS5833261,D,S,T,2024-06-27,1000000.00,4.754501,99.755859375
08:00:33,91282CKY6,TSRYS5833261,D,S,T,2024-06-27,2000000.00,4.754501,99.755859375
08:00:33,91282CKY6,TSRYS5833261,D,S,T,2024-06-27,1000000.00,4.753462,99.7578125
08:00:33,91282CKY6,TSRYS5833261,D,S,D,2024-06-27,1000000.00,4.757615,99.75
08:00:33,91282CKY6,TSRYS5833261,D,S,T,2024-06-27,2000000.00,4.753462,99.7578125
08:00:33,91282CKY6,TSRYS5833261,D,S,T,2024-06-27,1000000.00,4.755539,99.75390625
08:00:33,91282CKY6,TSRYS5833261,D,S,T,2024-06-27,3000000.00,4.755539,99.75390625
08:00:33,91282CKY6,TSRYS5833261,D,S,T,2024-06-27,7000000.00,4.755539,99.75390625
08:00:33,91282CKY6,TSRYS5833261,D,S,T,2024-06-27,2000000.00,4.757615,99.75
08:00:33,91282CKY6,TSRYS5833261,D,S,T,2024-06-27,1000000.00,4.757615,99.75
08:00:33,91282CKY6,TSRYS5833261,D,S,T,2024-06-27,1000000.00,4.756577,99.751953125
08:00:33,91282CKY6,TSRYS5833261,D,S,T,2024-06-27,2000000.00,4.755539,99.75390625
08:00:33,91282CKY6,TSRYS5833261,D,S,T,2024-06-27,2000000.00,4.757615,99.75
08:00:33,91282CKY6,TSRYS5833261,D,S,T,2024-06-27,2000000.00,4.757615,99.75
08:00:33,91282CKY6,TSRYS5833261,D,S,T,2024-06-27,4000000.00,4.755539,99.75390625
08:00:33,91282CKY6,TSRYS5833261,D,S,D,2024-06-27,3000000.00,4.758654,99.748046875
08:00:33,91282CKY6,TSRYS5833261,D,S,D,2024-06-27,3000000.00,4.756577,99.751953125
08:00:33,91282CKY6,TSRYS5833261,D,S,D,2024-06-27,3000000.00,4.759692,99.74609375
08:00:33,91282CKY6,TSRYS5833261,D,S,D,2024-06-27,3000000.00,4.751386,99.76171875
08:00:33,91282CKY6,TSRYS5833261,D,S,D,2024-06-27,3000000.00,4.756577,99.751953125
08:00:33,91282CKY6,TSRYS5833261,D,S,D,2024-06-27,3000000.00,4.756577,99.751953125
08:00:33,91282CKY6,TSRYS5833261,D,S,D,2024-06-27,3000000.00,4.756577,99.751953125
08:00:33,91282CKY6,TSRYS5833261,D,S,D,2024-06-27,3000000.00,4.756577,99.751953125
08:00:33,91282CKY6,TSRYS5833261,D,S,D,2024-06-27,3000000.00,4.74931,99.765625
08:00:33,91282CKY6,TSRYS5833261,D,S,T,2024-06-27,5000000.00,4.755539,99.75390625
08:00:33,91282CKY6,TSRYS5833261,D,S,D,2024-06-27,3000000.00,4.751386,99.76171875
08:00:33,91282CKY6,TSRYS5833261,D,S,D,2024-06-27,3000000.00,4.751386,99.76171875
08:00:33,91282CKY6,TSRYS5833261,D,S,D,2024-06-27,3000000.00,4.74931,99.765625
08:00:33,91282CKY6,TSRYS5833261,D,S,D,2024-06-27,3000000.00,4.74931,99.765625
08:00:33,91282CKY6,TSRYS5833261,D,S,D,2024-06-27,3000000.00,4.745158,99.7734375
08:00:33,91282CKY6,TSRYS5833261,D,S,D,2024-06-27,1000000.00,4.743082,99.77734375
08:00:33,91282CKY6,TSRYS5833261,D,S,D,2024-06-27,2000000.00,4.743082,99.77734375
08:00:33,91282CKY6,TSRYS5833261,D,S,D,2024-06-27,1000000.00,4.747234,99.76953125
08:00:33,91282CKY6,TSRYS5833261,D,S,D,2024-06-27,1000000.00,4.748272,99.767578125
08:00:33,91282CKY6,TSRYS5833261,D,S,D,2024-06-27,1000000.00,4.747234,99.76953125
08:00:33,91282CKY6,TSRYS5833261,D,S,D,2024-06-27,1000000.00,4.748272,99.767578125
08:00:33,91282CKY6,TSRYS5833261,D,S,D,2024-06-27,1000000.00,4.747234,99.76953125
08:00:33,91282CKY6,TSRYS5833261,D,S,D,2024-06-27,3000000.00,4.74412,99.775390625
08:00:33,91282CKY6,TSRYS5833261,D,S,D,2024-06-27,3000000.00,4.74412,99.775390625
08:00:33,91282CKY6,TSRYS5833261,D,S,D,2024-06-27,1000000.00,4.74412,99.775390625
08:00:33,91282CKY6,TSRYS5833261,D,S,D,2024-06-27,2000000.00,4.750348,99.763671875
08:00:33,91282CKY6,TSRYS5833261,D,S,D,2024-06-27,2000000.00,4.755539,99.75390625
08:00:33,91282CKY6,TSRYS5833261,D,S,D,2024-06-27,1000000.00,4.755539,99.75390625
08:00:33,91282CKY6,TSRYS5833261,D,S,D,2024-06-27,3000000.00,4.755539,99.75390625
08:00:33,91282CKY6,TSRYS5833261,D,S,D,2024-06-27,2000000.00,4.759692,99.74609375
08:00:33,91282CKY6,TSRYS5833261,D,S,D,2024-06-27,2000000.00,4.759692,99.74609375
08:00:33,91282CKY6,TSRYS5833261,D,S,D,2024-06-27,3000000.00,4.74931,99.765625
08:00:33,91282CKY6,TSRYS5833261,D,S,D,2024-06-27,3000000.00,4.74931,99.765625
08:00:33,91282CKY6,TSRYS5833261,D,S,D,2024-06-27,1000000.00,4.748272,99.767578125
08:00:33,91282CKY6,TSRYS5833261,D,S,D,2024-06-27,2000000.00,4.748272,99.767578125
08:00:33,91282CKY6,TSRYS5833261,D,S,D,2024-06-27,5000000.00,4.748272,99.767578125
08:00:33,91282CKY6,TSRYS5833261,D,S,D,2024-06-27,3000000.00,4.747234,99.76953125
08:00:33,91282CKY6,TSRYS5833261,D,S,D,2024-06-27,3000000.00,4.74931,99.765625
08:00:33,91282CKY6,TSRYS5833261,D,S,D,2024-06-27,3000000.00,4.74931,99.765625
08:00:33,91282CKY6,TSRYS5833261,D,S,D,2024-06-27,3000000.00,4.747234,99.76953125
08:00:33,91282CKY6,TSRYS5833261,D,S,D,2024-06-27,3000000.00,4.747234,99.76953125
08:00:33,91282CKY6,TSRYS5833261,D,S,D,2024-06-27,3000000.00,4.747234,99.76953125
08:00:33,91282CKY6,TSRYS5833261,D,S,D,2024-06-27,3000000.00,4.747234,99.76953125
08:00:33,91282CKY6,TSRYS5833261,D,S,D,2024-06-27,3000000.00,4.747234,99.76953125
08:00:33,91282CKY6,TSRYS5833261,D,S,D,2024-06-27,1000000.00,4.745158,99.7734375
08:00:33,91282CKY6,TSRYS5833261,D,S,D,2024-06-27,2000000.00,4.745158,99.7734375
08:00:33,91282CKY6,TSRYS5833261,D,S,D,2024-06-27,2000000.00,4.745158,99.7734375
08:00:33,91282CKY6,TSRYS5833261,D,S,D,2024-06-27,2000000.00,4.747234,99.76953125
08:00:33,91282CKY6,TSRYS5833261,D,S,D,2024-06-27,1000000.00,4.757615,99.75
08:00:33,91282CKY6,TSRYS5833261,D,S,T,2024-06-27,1000000.00,4.757615,99.75
08:00:33,91282CKY6,TSRYS5833261,D,S,T,2024-06-27,2000000.00,4.757615,99.75
08:00:33,91282CKY6,TSRYS5833261,D,S,T,2024-06-27,2000000.00,4.750348,99.763671875
08:00:33,91282CKY6,TSRYS5833261,D,S,T,2024-06-27,3000000.00,4.755539,99.75390625
08:00:33,91282CKY6,TSRYS5833261,D,S,T,2024-06-27,3000000.00,4.755539,99.75390625
08:00:33,91282CKY6,TSRYS5833261,D,S,T,2024-06-27,3000000.00,4.755539,99.75390625
08:00:33,91282CKY6,TSRYS5833261,D,S,T,2024-06-27,3000000.00,4.755539,99.75390625
08:00:33,91282CKY6,TSRYS5833261,D,S,T,2024-06-27,3000000.00,4.754501,99.755859375
08:00:33,91282CKY6,TSRYS5833261,D,S,T,2024-06-27,1000000.00,4.754501,99.755859375
08:00:34,91282CKY6,TSRYS5833261,D,S,T,2024-06-27,3000000.00,4.74931,99.765625
08:00:34,91282CKY6,TSRYS5833261,D,S,T,2024-06-27,2000000.00,4.74931,99.765625
08:00:34,91282CKY6,TSRYS5833261,D,S,D,2024-06-27,3000000.00,4.748272,99.767578125
08:00:34,91282CKY6,TSRYS5833261,D,S,T,2024-06-27,1000000.00,4.747234,99.76953125
08:00:34,91282CKY6,TSRYS5833261,D,S,T,2024-06-27,1000000.00,4.747234,99.76953125
08:00:34,91282CKY6,TSRYS5833261,D,S,T,2024-06-27,1000000.00,4.74931,99.765625
08:00:34,91282CKY6,TSRYS5833261,D,S,T,2024-06-27,3000000.00,4.74931,99.765625
08:00:34,91282CKY6,TSRYS5833261,D,S,T,2024-06-27,2000000.00,4.747234,99.76953125
08:00:34,91282CKY6,TSRYS5833261,D,S,T,2024-06-27,3000000.00,4.747234,99.76953125
08:00:34,91282CKY6,TSRYS5833261,D,S,D,2024-06-27,4000000.00,4.748272,99.767578125
08:00:34,91282CKY6,TSRYS5833261,D,S,T,2024-06-27,3000000.00,4.747234,99.76953125
08:00:34,91282CKY6,TSRYS5833261,D,S,D,2024-06-27,3000000.00,4.746196,99.771484375
08:00:34,91282CKY6,TSRYS5833261,D,S,D,2024-06-27,2000000.00,4.746196,99.771484375
08:00:34,91282CKY6,TSRYS5833261,D,S,D,2024-06-27,3000000.00,4.74412,99.775390625
08:00:34,91282CKY6,TSRYS5833261,D,S,T,2024-06-27,2000000.00,4.757615,99.75
08:00:34,91282CKY6,TSRYS5833261,D,S,T,2024-06-27,1000000.00,4.756577,99.751953125
08:00:34,91282CKY6,TSRYS5833261,D,S,T,2024-06-27,1000000.00,4.756577,99.751953125
08:00:34,91282CKY6,TSRYS5833261,D,S,T,2024-06-27,3000000.00,4.756577,99.751953125
08:00:34,91282CKY6,TSRYS5833261,D,S,T,2024-06-27,2000000.00,4.757615,99.75
08:00:34,91282CKY6,TSRYS5833261,D,S,T,2024-06-27,4000000.00,4.756577,99.751953125
08:00:34,91282CKY6,TSRYS5833261,D,B,C,2024-06-27,1000000.00,4.752424,99.759765625
08:00:34,91282CKY6,TSRYS5833261,D,S,D,2024-06-27,1000000.00,4.752424,99.759765625
08:00:34,91282CKY6,TSRYS5833261,D,S,T,2024-06-27,1000000.00,4.755539,99.75390625
08:00:34,91282CKY6,TSRYS5833261,D,S,A,2024-06-27,200000.00,4.753462,99.757813
08:00:34,91282CKY6,TSRYS5833261,D,S,T,2024-06-27,1000000.00,4.754501,99.755859375
08:00:34,91282CKY6,TSRYS5833261,D,S,T,2024-06-27,4000000.00,4.755539,99.75390625
08:00:34,91282CKY6,TSRYS5833261,D,S,T,2024-06-27,1000000.00,4.757615,99.75
08:00:34,91282CKY6,TSRYS5833261,D,S,T,2024-06-27,1000000.00,4.755539,99.75390625
08:00:34,91282CKY6,TSRYS5833261,D,S,T,2024-06-27,4000000.00,4.756577,99.751953125
08:00:34,91282CKY6,TSRYS5833261,D,B,C,2024-06-27,1500000.00,4.751386,99.76171875
08:00:34,91282CKY6,TSRYS5833261,D,S,T,2024-06-27,1000000.00,4.757615,99.75
08:00:34,91282CKY6,TSRYS5833261,D,S,T,2024-06-27,3000000.00,4.756577,99.751953125
08:00:34,91282CKY6,TSRYS5833261,D,S,T,2024-06-27,1000000.00,4.74931,99.765625
08:00:34,91282CKY6,TSRYS5833261,D,S,T,2024-06-27,1000000.00,4.74931,99.765625
08:00:34,91282CKY6,TSRYS5833261,D,S,T,2024-06-27,1000000.00,4.74931,99.765625
08:00:34,91282CKY6,TSRYS5833261,D,S,T,2024-06-27,1000000.00,4.74931,99.765625
08:00:34,91282CKY6,TSRYS5833261,D,S,T,2024-06-27,1000000.00,4.74931,99.765625
08:00:34,91282CKY6,TSRYS5833261,D,S,T,2024-06-27,1000000.00,4.74931,99.765625
08:00:34,91282CKY6,TSRYS5833261,D,S,T,2024-06-27,1000000.00,4.748272,99.767578125
08:00:34,91282CKY6,TSRYS5833261,D,S,T,2024-06-27,1000000.00,4.748272,99.767578125
08:00:34,91282CKY6,TSRYS5833261,D,S,T,2024-06-27,1000000.00,4.74931,99.765625
08:00:34,91282CKY6,TSRYS5833261,D,S,T,2024-06-27,1000000.00,4.74931,99.765625
08:00:34,91282CKY6,TSRYS5833261,D,S,T,2024-06-27,1000000.00,4.755539,99.75390625
08:00:34,91282CKY6,TSRYS5833261,D,S,T,2024-06-27,1000000.00,4.755539,99.75390625
08:00:34,91282CKY6,TSRYS5833261,D,S,A,2024-06-27,1000000.00,4.754501,99.755859375
08:00:34,91282CKY6,TSRYS5833261,D,S,C,2024-06-27,1010000.00,4.755539,99.75390625
08:00:34,91282CKY6,TSRYS5833261,D,S,T,2024-06-27,2000000.00,4.757615,99.75
08:00:34,91282CKY6,TSRYS5833261,D,B,A,2024-06-27,3000000.00,4.751386,99.76171875
08:00:34,91282CKY6,TSRYS5833261,D,S,T,2024-06-27,1000000.00,4.747234,99.76953125
08:00:34,91282CKY6,TSRYS5833261,D,S,T,2024-06-27,1000000.00,4.747234,99.76953125
08:00:34,91282CKY6,TSRYS5833261,D,S,T,2024-06-27,3000000.00,4.756577,99.751953125
08:00:37,91282CKY6,TSRYS5833261,D,S,T,2024-06-27,1000000.00,4.745158,99.7734375
08:00:37,91282CKY6,TSRYS5833261,D,S,T,2024-06-27,1000000.00,4.745158,99.7734375
08:00:37,91282CKY6,TSRYS5833261,D,S,D,2024-06-27,2000000.00,4.756577,99.751953125
08:00:37,91282CKY6,TSRYS5833261,D,S,T,2024-06-27,1000000.00,4.745158,99.7734375
08:00:37,91282CKY6,TSRYS5833261,D,S,T,2024-06-27,1000000.00,4.745158,99.7734375
08:00:37,91282CKY6,TSRYS5833261,D,S,T,2024-06-27,1000000.00,4.745158,99.7734375
08:00:37,91282CKY6,TSRYS5833261,D,S,T,2024-06-27,2000000.00,4.745158,99.7734375
08:00:37,91282CKY6,TSRYS5833261,D,S,T,2024-06-27,1000000.00,4.745158,99.7734375
08:00:37,91282CKY6,TSRYS5833261,D,S,T,2024-06-27,4000000.00,4.745158,99.7734375
08:00:37,91282CKY6,TSRYS5833261,D,S,T,2024-06-27,1000000.00,4.745158,99.7734375
08:00:37,91282CKY6,TSRYS5833261,D,S,T,2024-06-27,3000000.00,4.745158,99.7734375
08:00:37,91282CKY6,TSRYS5833261,D,S,T,2024-06-27,1000000.00,4.745158,99.7734375
08:00:37,91282CKY6,TSRYS5833261,D,S,T,2024-06-27,6000000.00,4.745158,99.7734375
08:00:37,91282CKY6,TSRYS5833261,D,S,T,2024-06-27,3000000.00,4.745158,99.7734375
08:00:37,91282CKY6,TSRYS5833261,D,S,T,2024-06-27,1000000.00,4.745158,99.7734375
08:00:37,91282CKY6,TSRYS5833261,D,S,T,2024-06-27,1000000.00,4.745158,99.7734375
08:00:37,91282CKY6,TSRYS5833261,D,S,T,2024-06-27,2000000.00,4.745158,99.7734375
08:00:37,91282CKY6,TSRYS5833261,D,S,T,2024-06-27,1000000.00,4.745158,99.7734375
08:00:37,91282CKY6,TSRYS5833261,D,S,T,2024-06-27,1000000.00,4.745158,99.7734375
08:00:37,91282CKY6,TSRYS5833261,D,S,T,2024-06-27,1000000.00,4.745158,99.7734375
08:00:37,91282CKY6,TSRYS5833261,D,S,T,2024-06-27,1000000.00,4.745158,99.7734375
08:00:37,91282CKY6,TSRYS5833261,D,S,T,2024-06-27,1000000.00,4.745158,99.7734375
08:00:37,91282CKY6,TSRYS5833261,D,S,T,2024-06-27,1000000.00,4.745158,99.7734375
08:00:37,91282CKY6,TSRYS5833261,D,S,T,2024-06-27,1000000.00,4.745158,99.7734375
08:00:37,91282CKY6,TSRYS5833261,D,S,T,2024-06-27,2000000.00,4.745158,99.7734375
08:00:37,91282CKY6,TSRYS5833261,D,S,T,2024-06-27,1000000.00,4.745158,99.7734375
08:00:37,91282CKY6,TSRYS5833261,D,S,T,2024-06-27,1000000.00,4.745158,99.7734375
08:00:37,91282CKY6,TSRYS5833261,D,S,T,2024-06-27,1000000.00,4.745158,99.7734375
08:00:37,91282CKY6,TSRYS5833261,D,S,T,2024-06-27,2000000.00,4.745158,99.7734375
08:00:37,91282CKY6,TSRYS5833261,D,S,T,2024-06-27,1000000.00,4.745158,99.7734375
08:00:37,91282CKY6,TSRYS5833261,D,S,T,2024-06-27,1000000.00,4.747234,99.76953125
08:00:37,91282CKY6,TSRYS5833261,D,S,T,2024-06-27,1000000.00,4.747234,99.76953125
08:00:37,91282CKY6,TSRYS5833261,D,S,T,2024-06-27,1000000.00,4.747234,99.76953125
08:00:37,91282CKY6,TSRYS5833261,D,S,T,2024-06-27,1000000.00,4.747234,99.76953125
08:00:37,91282CKY6,TSRYS5833261,D,S,T,2024-06-27,1000000.00,4.747234,99.76953125
08:00:37,91282CKY6,TSRYS5833261,D,S,T,2024-06-27,1000000.00,4.747234,99.76953125
08:00:37,91282CKY6,TSRYS5833261,D,S,T,2024-06-27,21000000.00,4.747234,99.76953125
08:00:37,91282CKY6,TSRYS5833261,D,S,T,2024-06-27,2000000.00,4.747234,99.76953125
08:00:37,91282CKY6,TSRYS5833261,D,S,T,2024-06-27,1000000.00,4.747234,99.76953125
08:00:37,91282CKY6,TSRYS5833261,D,S,T,2024-06-27,1000000.00,4.747234,99.76953125
08:00:37,91282CKY6,TSRYS5833261,D,S,T,2024-06-27,1000000.00,4.747234,99.76953125
08:00:37,91282CKY6,TSRYS5833261,D,S,T,2024-06-27,1000000.00,4.747234,99.76953125
08:00:37,91282CKY6,TSRYS5833261,D,S,T,2024-06-27,1000000.00,4.747234,99.76953125
08:00:37,91282CKY6,TSRYS5833261,D,S,T,2024-06-27,1000000.00,4.747234,99.76953125
08:00:37,91282CKY6,TSRYS5833261,D,S,T,2024-06-27,1000000.00,4.747234,99.76953125
08:00:37,91282CKY6,TSRYS5833261,D,S,T,2024-06-27,2000000.00,4.747234,99.76953125
08:00:37,91282CKY6,TSRYS5833261,D,S,T,2024-06-27,2000000.00,4.747234,99.76953125
08:00:37,91282CKY6,TSRYS5833261,D,S,T,2024-06-27,1000000.00,4.747234,99.76953125
08:00:37,91282CKY6,TSRYS5833261,D,S,T,2024-06-27,14000000.00,4.747234,99.76953125
08:00:37,91282CKY6,TSRYS5833261,D,S,D,2024-06-27,1000000.00,4.747234,99.76953125
08:00:37,91282CKY6,TSRYS5833261,D,S,T,2024-06-27,1000000.00,4.747234,99.76953125
08:00:37,91282CKY6,TSRYS5833261,D,S,T,2024-06-27,1000000.00,4.747234,99.76953125
08:00:37,91282CKY6,TSRYS5833261,D,S,T,2024-06-27,1000000.00,4.747234,99.76953125
08:00:37,91282CKY6,TSRYS5833261,D,S,T,2024-06-27,1000000.00,4.747234,99.76953125
08:00:37,91282CKY6,TSRYS5833261,D,S,T,2024-06-27,2000000.00,4.747234,99.76953125
08:00:37,91282CKY6,TSRYS5833261,D,S,T,2024-06-27,10000000.00,4.747234,99.76953125
08:00:37,91282CKY6,TSRYS5833261,D,S,T,2024-06-27,1000000.00,4.747234,99.76953125
08:00:37,91282CKY6,TSRYS5833261,D,S,T,2024-06-27,1000000.00,4.747234,99.76953125
08:00:37,91282CKY6,TSRYS5833261,D,S,T,2024-06-27,9000000.00,4.747234,99.76953125
08:00:37,91282CKY6,TSRYS5833261,D,S,T,2024-06-27,1000000.00,4.747234,99.76953125
08:00:37,91282CKY6,TSRYS5833261,D,S,T,2024-06-27,1000000.00,4.747234,99.76953125
08:00:37,91282CKY6,TSRYS5833261,D,S,T,2024-06-27,1000000.00,4.747234,99.76953125
08:00:37,91282CKY6,TSRYS5833261,D,S,T,2024-06-27,2000000.00,4.747234,99.76953125
08:00:37,91282CKY6,TSRYS5833261,D,S,T,2024-06-27,1000000.00,4.747234,99.76953125
08:00:37,91282CKY6,TSRYS5833261,D,S,T,2024-06-27,1000000.00,4.747234,99.76953125
08:00:37,91282CKY6,TSRYS5833261,D,S,T,2024-06-27,1000000.00,4.747234,99.76953125
08:00:37,91282CKY6,TSRYS5833261,D,S,T,2024-06-27,3000000.00,4.747234,99.76953125
08:00:37,91282CKY6,TSRYS5833261,D,S,T,2024-06-27,2000000.00,4.747234,99.76953125
08:00:37,91282CKY6,TSRYS5833261,D,S,T,2024-06-27,1000000.00,4.747234,99.76953125
08:00:37,91282CKY6,TSRYS5833261,D,S,T,2024-06-27,1000000.00,4.747234,99.76953125
08:00:37,91282CKY6,TSRYS5833261,D,S,T,2024-06-27,3000000.00,4.747234,99.76953125
08:00:37,91282CKY6,TSRYS5833261,D,S,T,2024-06-27,2000000.00,4.747234,99.76953125
08:00:37,91282CKY6,TSRYS5833261,D,S,T,2024-06-27,1000000.00,4.747234,99.76953125
08:00:37,91282CKY6,TSRYS5833261,D,S,T,2024-06-27,1000000.00,4.747234,99.76953125
08:00:37,91282CKY6,TSRYS5833261,D,S,T,2024-06-27,1000000.00,4.747234,99.76953125
08:00:37,91282CKY6,TSRYS5833261,D,S,T,2024-06-27,2000000.00,4.747234,99.76953125
08:00:37,91282CKY6,TSRYS5833261,D,S,T,2024-06-27,1000000.00,4.747234,99.76953125
08:00:37,91282CKY6,TSRYS5833261,D,S,T,2024-06-27,1000000.00,4.747234,99.76953125
08:00:37,91282CKY6,TSRYS5833261,D,S,T,2024-06-27,1000000.00,4.747234,99.76953125
08:00:37,91282CKY6,TSRYS5833261,D,S,T,2024-06-27,1000000.00,4.747234,99.76953125
08:00:37,91282CKY6,TSRYS5833261,D,S,T,2024-06-27,1000000.00,4.747234,99.76953125
08:00:37,91282CKY6,TSRYS5833261,D,S,T,2024-06-27,1000000.00,4.747234,99.76953125
08:00:37,91282CKY6,TSRYS5833261,D,S,T,2024-06-27,1000000.00,4.747234,99.76953125
08:00:37,91282CKY6,TSRYS5833261,D,S,T,2024-06-27,1000000.00,4.747234,99.76953125
08:00:37,91282CKY6,TSRYS5833261,D,S,T,2024-06-27,1000000.00,4.747234,99.76953125
08:00:37,91282CKY6,TSRYS5833261,D,S,T,2024-06-27,2000000.00,4.747234,99.76953125
08:00:37,91282CKY6,TSRYS5833261,D,S,T,2024-06-27,3000000.00,4.747234,99.76953125
08:00:37,91282CKY6,TSRYS5833261,D,S,T,2024-06-27,2000000.00,4.747234,99.76953125
08:00:37,91282CKY6,TSRYS5833261,D,S,T,2024-06-27,1000000.00,4.747234,99.76953125
08:00:37,91282CKY6,TSRYS5833261,D,S,T,2024-06-27,1000000.00,4.747234,99.76953125
08:00:37,91282CKY6,TSRYS5833261,D,S,T,2024-06-27,1000000.00,4.747234,99.76953125
08:00:37,91282CKY6,TSRYS5833261,D,S,T,2024-06-27,1000000.00,4.747234,99.76953125
08:00:37,91282CKY6,TSRYS5833261,D,S,T,2024-06-27,3000000.00,4.747234,99.76953125
08:00:37,91282CKY6,TSRYS5833261,D,S,T,2024-06-27,1000000.00,4.747234,99.76953125
08:00:37,91282CKY6,TSRYS5833261,D,S,T,2024-06-27,1000000.00,4.747234,99.76953125
08:00:37,91282CKY6,TSRYS5833261,D,S,T,2024-06-27,2000000.00,4.747234,99.76953125
08:00:37,91282CKY6,TSRYS5833261,D,S,T,2024-06-27,2000000.00,4.747234,99.76953125
08:00:37,91282CKY6,TSRYS5833261,D,S,T,2024-06-27,1000000.00,4.747234,99.76953125
08:00:37,91282CKY6,TSRYS5833261,D,S,T,2024-06-27,1000000.00,4.747234,99.76953125
08:00:37,91282CKY6,TSRYS5833261,D,S,T,2024-06-27,2000000.00,4.747234,99.76953125
08:00:37,91282CKY6,TSRYS5833261,D,S,C,2024-06-27,87700000.00,4.754173,99.7564762
08:00:37,91282CKY6,TSRYS5833261,D,S,T,2024-06-27,1000000.00,4.751386,99.76171875
08:00:37,91282CKY6,TSRYS5833261,D,S,T,2024-06-27,1000000.00,4.755539,99.75390625
08:00:37,91282CKY6,TSRYS5833261,D,S,T,2024-06-27,1000000.00,4.757615,99.75
08:00:37,91282CKY6,TSRYS5833261,D,S,T,2024-06-27,2000000.00,4.757615,99.75
08:00:37,91282CKY6,TSRYS5833261,D,S,T,2024-06-27,4000000.00,4.757615,99.75
08:00:37,91282CKY6,TSRYS5833261,D,S,T,2024-06-27,2000000.00,4.757615,99.75
08:00:37,91282CKY6,TSRYS5833261,D,S,T,2024-06-27,1000000.00,4.757615,99.75
08:00:37,91282CKY6,TSRYS5833261,D,S,T,2024-06-27,2000000.00,4.757615,99.75
08:00:37,91282CKY6,TSRYS5833261,D,S,T,2024-06-27,5000000.00,4.757615,99.75
08:00:37,91282CKY6,TSRYS5833261,D,S,T,2024-06-27,2000000.00,4.757615,99.75
08:00:37,91282CKY6,TSRYS5833261,D,S,T,2024-06-27,1000000.00,4.757615,99.75
08:00:37,91282CKY6,TSRYS5833261,D,S,T,2024-06-27,2000000.00,4.757615,99.75
08:00:37,91282CKY6,TSRYS5833261,D,S,T,2024-06-27,2000000.00,4.757615,99.75
08:00:37,91282CKY6,TSRYS5833261,D,S,T,2024-06-27,1000000.00,4.757615,99.75
08:00:37,91282CKY6,TSRYS5833261,D,S,T,2024-06-27,5000000.00,4.757615,99.75
08:00:37,91282CKY6,TSRYS5833261,D,S,T,2024-06-27,1000000.00,4.757615,99.75
08:00:37,91282CKY6,TSRYS5833261,D,S,T,2024-06-27,1000000.00,4.757615,99.75
08:00:37,91282CKY6,TSRYS5833261,D,S,T,2024-06-27,2000000.00,4.757615,99.75
08:00:37,91282CKY6,TSRYS5833261,D,S,T,2024-06-27,1000000.00,4.757615,99.75
08:00:37,91282CKY6,TSRYS5833261,D,S,T,2024-06-27,3000000.00,4.757615,99.75
08:00:37,91282CKY6,TSRYS5833261,D,S,T,2024-06-27,1000000.00,4.757615,99.75
08:00:37,91282CKY6,TSRYS5833261,D,S,T,2024-06-27,2000000.00,4.757615,99.75
08:00:37,91282CKY6,TSRYS5833261,D,S,T,2024-06-27,1000000.00,4.757615,99.75
08:00:37,91282CKY6,TSRYS5833261,D,S,T,2024-06-27,1000000.00,4.757615,99.75
08:00:37,91282CKY6,TSRYS5833261,D,S,T,2024-06-27,8000000.00,4.757615,99.75
08:00:37,91282CKY6,TSRYS5833261,D,S,T,2024-06-27,1000000.00,4.757615,99.75
08:00:37,91282CKY6,TSRYS5833261,D,S,D,2024-06-27,1000000.00,4.757615,99.75
08:00:37,91282CKY6,TSRYS5833261,D,S,D,2024-06-27,2000000.00,4.757615,99.75
08:00:37,91282CKY6,TSRYS5833261,D,S,D,2024-06-27,2000000.00,4.757615,99.75
08:00:37,91282CKY6,TSRYS5833261,D,S,D,2024-06-27,2000000.00,4.757615,99.75
08:00:37,91282CKY6,TSRYS5833261,D,S,T,2024-06-27,2000000.00,4.758654,99.748046875
08:00:37,91282CKY6,TSRYS5833261,D,S,T,2024-06-27,1000000.00,4.756577,99.751953125
08:00:37,91282CKY6,TSRYS5833261,D,S,T,2024-06-27,2000000.00,4.757615,99.75
08:00:37,91282CKY6,TSRYS5833261,D,S,D,2024-06-27,1000000.00,4.757615,99.75
08:00:37,91282CKY6,TSRYS5833261,D,S,T,2024-06-27,1000000.00,4.755539,99.75390625
08:00:37,91282CKY6,TSRYS5833261,D,S,T,2024-06-27,3000000.00,4.758654,99.748046875
08:00:37,91282CKY6,TSRYS5833261,D,S,T,2024-06-27,4000000.00,4.755539,99.75390625
08:00:37,91282CKY6,TSRYS5833261,D,S,T,2024-06-27,2000000.00,4.759692,99.74609375
08:00:37,91282CKY6,TSRYS5833261,D,S,T,2024-06-27,3000000.00,4.756577,99.751953125
08:00:37,91282CKY6,TSRYS5833261,D,S,D,2024-06-27,1000000.00,4.757615,99.75
08:00:37,91282CKY6,TSRYS5833261,D,S,T,2024-06-27,1000000.00,4.757615,99.75
08:00:37,91282CKY6,TSRYS5833261,D,S,D,2024-06-27,3000000.00,4.747234,99.76953125
08:00:37,91282CKY6,TSRYS5833261,D,S,T,2024-06-27,12000000.00,4.756577,99.751953125
08:00:38,91282CKY6,TSRYS5833261,D,B,C,2024-06-27,132900000.00,4.755717,99.75357125
08:00:38,91282CKY6,TSRYS5833261,D,S,T,2024-06-27,1000000.00,4.755539,99.75390625
08:00:38,91282CKY6,TSRYS5833261,D,S,A,2024-06-27,1500000.00,4.753462,99.7578125
08:00:38,91282CKY6,TSRYS5833261,D,S,T,2024-06-27,2000000.00,4.753462,99.7578125
08:00:38,91282CKY6,TSRYS5833261,D,S,T,2024-06-27,2000000.00,4.753462,99.7578125
08:00:38,91282CKY6,TSRYS5833261,D,S,T,2024-06-27,1000000.00,4.753462,99.7578125
08:00:38,91282CKY6,TSRYS5833261,D,S,T,2024-06-27,1000000.00,4.753462,99.7578125
08:00:38,91282CKY6,TSRYS5833261,D,B,A,2024-06-27,20000000.00,4.759692,99.74609375
08:00:38,91282CKY6,TSRYS5833261,D,S,T,2024-06-27,1000000.00,4.757615,99.75
08:00:38,91282CKY6,TSRYS5833261,D,S,T,2024-06-27,1000000.00,4.757615,99.75
08:00:38,91282CKY6,TSRYS5833261,D,S,T,2024-06-27,1000000.00,4.757615,99.75
08:00:38,91282CKY6,TSRYS5833261,D,S,T,2024-06-27,1000000.00,4.759692,99.74609375
08:00:39,91282CKY6,TSRYS5833261,D,S,T,2024-06-27,1000000.00,4.759692,99.74609375
08:00:39,91282CKY6,TSRYS5833261,D,S,T,2024-06-27,1000000.00,4.759692,99.74609375
08:00:39,91282CKY6,TSRYS5833261,D,S,D,2024-06-27,3000000.00,4.759692,99.74609375
08:00:39,91282CKY6,TSRYS5833261,D,S,T,2024-06-27,1000000.00,4.759692,99.74609375
08:00:39,91282CKY6,TSRYS5833261,D,S,T,2024-06-27,2000000.00,4.755539,99.75390625
08:00:39,91282CKY6,TSRYS5833261,D,S,A,2024-06-27,2000000.00,4.751386,99.76171875
08:00:40,91282CKY6,TSRYS5833261,D,S,T,2024-06-27,1000000.00,4.756577,99.751953125
08:00:40,91282CKY6,TSRYS5833261,D,S,D,2024-06-27,1000000.00,4.756577,99.751953125
08:00:41,91282CKY6,TSRYS5833261,D,S,A,2024-06-27,5700000.00,4.751386,99.76171875
08:00:41,91282CKY6,TSRYS5833261,D,S,A,2024-06-27,9035000.00,4.74931,99.765625
08:00:41,91282CKY6,TSRYS5833261,D,S,D,2024-06-27,2000000.00,4.751386,99.76171875
08:00:41,91282CKY6,TSRYS5833261,D,S,D,2024-06-27,1000000.00,4.751386,99.76171875
08:00:43,91282CKY6,TSRYS5833261,D,S,T,2024-06-27,1000000.00,4.751386,99.76171875
08:00:43,91282CKY6,TSRYS5833261,D,S,T,2024-06-27,1000000.00,4.750348,99.763671875
08:00:43,91282CKY6,TSRYS5833261,D,S,T,2024-06-27,1000000.00,4.750348,99.763671875
08:00:43,91282CKY6,TSRYS5833261,D,S,T,2024-06-27,2000000.00,4.750348,99.763671875
08:00:43,91282CKY6,TSRYS5833261,D,S,T,2024-06-27,1000000.00,4.74931,99.765625
08:00:43,91282CKY6,TSRYS5833261,D,S,T,2024-06-27,1000000.00,4.74931,99.765625
08:00:43,91282CKY6,TSRYS5833261,D,S,T,2024-06-27,1000000.00,4.74931,99.765625
08:00:43,91282CKY6,TSRYS5833261,D,S,T,2024-06-27,1000000.00,4.74931,99.765625
08:00:43,91282CKY6,TSRYS5833261,D,S,T,2024-06-27,1000000.00,4.74931,99.765625
08:00:43,91282CKY6,TSRYS5833261,D,S,T,2024-06-27,1000000.00,4.74931,99.765625
08:00:44,91282CKY6,TSRYS5833261,D,S,T,2024-06-27,1000000.00,4.751386,99.76171875
08:00:44,91282CKY6,TSRYS5833261,D,S,T,2024-06-27,1000000.00,4.751386,99.76171875
08:00:44,91282CKY6,TSRYS5833261,D,S,T,2024-06-27,3000000.00,4.76073,99.744140625
08:00:44,91282CKY6,TSRYS5833261,D,S,T,2024-06-27,1000000.00,4.751386,99.76171875
08:00:44,91282CKY6,TSRYS5833261,D,S,T,2024-06-27,1000000.00,4.757615,99.75
08:00:44,91282CKY6,TSRYS5833261,D,S,T,2024-06-27,3000000.00,4.757615,99.75
08:00:45,91282CKY6,TSRYS5833261,D,S,T,2024-06-27,1000000.00,4.757615,99.75
08:00:45,91282CKY6,TSRYS5833261,D,S,C,2024-06-27,25000.00,4.753462,99.7578125
08:00:45,91282CKY6,TSRYS5833261,D,S,T,2024-06-27,1000000.00,4.75767,99.749898
08:00:45,91282CKY6,TSRYS5833261,D,S,T,2024-06-27,1000000.00,4.75767,99.749898
08:00:45,91282CKY6,TSRYS5833261,D,S,T,2024-06-27,1000000.00,4.75767,99.749898
08:00:45,91282CKY6,TSRYS5833261,D,S,T,2024-06-27,4000000.00,4.757615,99.75
08:00:45,91282CKY6,TSRYS5833261,D,S,D,2024-06-27,3000000.00,4.745158,99.7734375
08:00:45,91282CKY6,TSRYS5833261,D,S,T,2024-06-27,1000000.00,4.74412,99.775390625
08:00:47,91282CKY6,TSRYS5833261,D,S,T,2024-06-27,1000000.00,4.757615,99.75
08:00:47,91282CKY6,TSRYS5833261,D,S,T,2024-06-27,1000000.00,4.757615,99.75
08:00:48,91282CKY6,TSRYS5833261,D,S,T,2024-06-27,1000000.00,4.759692,99.74609375
08:00:48,91282CKY6,TSRYS5833261,D,S,T,2024-06-27,2000000.00,4.759692,99.74609375
08:00:48,91282CKY6,TSRYS5833261,D,S,T,2024-06-27,1000000.00,4.759692,99.74609375
08:00:48,91282CKY6,TSRYS5833261,D,S,T,2024-06-27,1000000.00,4.759692,99.74609375
08:00:48,91282CKY6,TSRYS5833261,D,S,T,2024-06-27,1000000.00,4.759692,99.74609375
08:00:48,91282CKY6,TSRYS5833261,D,S,T,2024-06-27,1000000.00,4.759692,99.74609375
08:00:48,91282CKY6,TSRYS5833261,D,S,T,2024-06-27,1000000.00,4.759692,99.74609375
08:00:48,91282CKY6,TSRYS5833261,D,S,D,2024-06-27,1000000.00,4.751386,99.76171875
08:00:48,91282CKY6,TSRYS5833261,D,S,D,2024-06-27,1000000.00,4.751386,99.76171875
08:00:48,91282CKY6,TSRYS5833261,D,S,D,2024-06-27,2000000.00,4.751386,99.76171875
08:00:48,91282CKY6,TSRYS5833261,D,S,D,2024-06-27,2000000.00,4.751386,99.76171875
08:00:48,91282CKY6,TSRYS5833261,D,S,D,2024-06-27,1000000.00,4.751386,99.76171875
08:00:48,91282CKY6,TSRYS5833261,D,S,D,2024-06-27,2000000.00,4.751386,99.76171875
08:00:48,91282CKY6,TSRYS5833261,D,S,D,2024-06-27,2000000.00,4.751386,99.76171875
08:00:48,91282CKY6,TSRYS5833261,D,S,D,2024-06-27,2000000.00,4.751386,99.76171875
08:00:48,91282CKY6,TSRYS5833261,D,S,D,2024-06-27,2000000.00,4.751386,99.76171875
08:00:48,91282CKY6,TSRYS5833261,D,S,T,2024-06-27,1000000.00,4.750348,99.763671875
08:00:48,91282CKY6,TSRYS5833261,D,S,T,2024-06-27,1000000.00,4.750348,99.763671875
08:00:48,91282CKY6,TSRYS5833261,D,S,D,2024-06-27,1000000.00,4.755539,99.75390625
08:00:48,91282CKY6,TSRYS5833261,D,S,D,2024-06-27,1000000.00,4.755539,99.75390625
08:00:48,91282CKY6,TSRYS5833261,D,S,D,2024-06-27,1000000.00,4.755539,99.75390625
08:00:48,91282CKY6,TSRYS5833261,D,S,T,2024-06-27,1000000.00,4.751386,99.76171875
08:00:49,91282CKY6,TSRYS5833261,D,S,A,2024-06-27,10630900.00,4.751386,99.76171875
08:00:49,91282CKY6,TSRYS5833261,D,S,T,2024-06-27,1000000.00,4.748272,99.767578125
08:00:49,91282CKY6,TSRYS5833261,D,S,T,2024-06-27,3000000.00,4.748272,99.767578125
08:00:49,91282CKY6,TSRYS5833261,D,S,T,2024-06-27,1000000.00,4.748272,99.767578125
08:00:49,91282CKY6,TSRYS5833261,D,S,T,2024-06-27,2000000.00,4.748272,99.767578125
08:00:49,91282CKY6,TSRYS5833261,D,S,T,2024-06-27,3000000.00,4.748272,99.767578125
08:00:50,91282CKY6,TSRYS5833261,D,S,T,2024-06-27,1000000.00,4.748272,99.767578125
08:00:50,91282CKY6,TSRYS5833261,D,S,T,2024-06-27,1000000.00,4.747234,99.76953125
08:00:51,91282CKY6,TSRYS5833261,D,S,A,2024-06-27,220000.00,4.74931,99.765625
08:00:52,91282CKY6,TSRYS5833261,D,S,T,2024-06-27,1000000.00,4.755539,99.75390625
08:00:52,91282CKY6,TSRYS5833261,D,B,A,2024-06-27,4250000.00,4.753462,99.7578125
08:00:52,91282CKY6,TSRYS5833261,D,S,T,2024-06-27,5000000.00,4.753462,99.7578125
08:00:53,91282CKY6,TSRYS5833261,D,S,T,2024-06-27,3000000.00,4.751386,99.76171875
08:00:53,91282CKY6,TSRYS5833261,D,S,D,2024-06-27,1000000.00,4.74931,99.765625
08:00:53,91282CKY6,TSRYS5833261,D,S,T,2024-06-27,2000000.00,4.751386,99.76171875
08:00:53,91282CKY6,TSRYS5833261,D,S,T,2024-06-27,2000000.00,4.751386,99.76171875
08:00:53,91282CKY6,TSRYS5833261,D,S,T,2024-06-27,1000000.00,4.751386,99.76171875
08:00:53,91282CKY6,TSRYS5833261,D,S,T,2024-06-27,2000000.00,4.751386,99.76171875
08:00:53,91282CKY6,TSRYS5833261,D,B,A,2024-06-27,1500000.00,4.751386,99.76171875
08:00:53,91282CKY6,TSRYS5833261,D,S,T,2024-06-27,1000000.00,4.751386,99.76171875
08:00:53,91282CKY6,TSRYS5833261,D,S,T,2024-06-27,2000000.00,4.752424,99.759765625
08:00:54,91282CKY6,TSRYS5833261,D,B,A,2024-06-27,3000000.00,4.747234,99.769531
08:00:54,91282CKY6,TSRYS5833261,D,S,D,2024-06-27,3000000.00,4.745158,99.7734375
08:00:55,91282CKY6,TSRYS5833261,D,S,D,2024-06-27,25000.00,4.753462,99.7578125
08:00:55,91282CKY6,TSRYS5833261,D,S,D,2024-06-27,2000000.00,4.751386,99.76171875
08:00:55,91282CKY6,TSRYS5833261,D,S,D,2024-06-27,2000000.00,4.751386,99.76171875
08:00:55,91282CKY6,TSRYS5833261,D,S,D,2024-06-27,2000000.00,4.751386,99.76171875
08:00:55,91282CKY6,TSRYS5833261,D,S,D,2024-06-27,1000000.00,4.751386,99.76171875
08:00:55,91282CKY6,TSRYS5833261,D,S,T,2024-06-27,1000000.00,4.754501,99.755859375
08:00:56,91282CKY6,TSRYS5833261,D,S,D,2024-06-27,2000000.00,4.757615,99.75
08:00:56,91282CKY6,TSRYS5833261,D,S,D,2024-06-27,1000000.00,4.751386,99.76171875
08:00:56,91282CKY6,TSRYS5833261,D,S,D,2024-06-27,2000000.00,4.751386,99.76171875
08:00:56,91282CKY6,TSRYS5833261,D,S,D,2024-06-27,2000000.00,4.751386,99.76171875
08:00:56,91282CKY6,TSRYS5833261,D,S,D,2024-06-27,2000000.00,4.751386,99.76171875
08:00:56,91282CKY6,TSRYS5833261,D,S,D,2024-06-27,1000000.00,4.751386,99.76171875
08:00:57,91282CKY6,TSRYS5833261,D,S,T,2024-06-27,1000000.00,4.750348,99.763671875
08:00:57,91282CKY6,TSRYS5833261,D,S,T,2024-06-27,1000000.00,4.750348,99.763671875
08:00:57,91282CKY6,TSRYS5833261,D,S,T,2024-06-27,1000000.00,4.750348,99.763671875
08:00:58,91282CKY6,TSRYS5833261,D,S,D,2024-06-27,1000000.00,4.747234,99.76953125
08:00:58,91282CKY6,TSRYS5833261,D,S,D,2024-06-27,2000000.00,4.747234,99.76953125
08:00:58,91282CKY6,TSRYS5833261,D,B,A,2024-06-27,8600000.00,4.753462,99.757813
08:00:59,91282CKY6,TSRYS5833261,D,S,A,2024-06-27,1000000.00,4.747234,99.76953125
08:00:59,91282CKY6,TSRYS5833261,D,S,A,2024-06-27,1250000.00,4.751386,99.76171875
08:00:59,91282CKY6,TSRYS5833261,D,S,T,2024-06-27,1000000.00,4.752424,99.759765625
08:00:59,91282CKY6,TSRYS5833261,D,S,T,2024-06-27,3000000.00,4.754501,99.755859375
08:00:59,91282CKY6,TSRYS5833261,D,S,D,2024-06-27,5000000.00,4.74412,99.775390625
08:00:59,91282CKY6,TSRYS5833261,D,S,D,2024-06-27,5000000.00,4.74412,99.775390625
08:01:00,91282CKY6,TSRYS5833261,D,S,D,2024-06-27,1000000.00,4.757615,99.75
08:01:00,91282CKY6,TSRYS5833261,D,B,C,2024-06-27,1000000.00,4.751386,99.76171875
08:01:00,91282CKY6,TSRYS5833261,D,S,C,2024-06-27,1000000.00,4.751386,99.76171875
08:01:00,91282CKY6,TSRYS5833261,D,S,D,2024-06-27,1000000.00,4.757615,99.75
08:01:00,91282CKY6,TSRYS5833261,D,S,C,2024-06-27,3000000.00,4.756577,99.751953125
08:01:00,91282CKY6,TSRYS5833261,D,S,C,2024-06-27,3000000.00,4.758654,99.748046875
08:01:00,91282CKY6,TSRYS5833261,D,S,C,2024-06-27,1000000.00,4.757615,99.75
08:01:00,91282CKY6,TSRYS5833261,D,S,D,2024-06-27,3000000.00,4.759692,99.74609375
08:01:00,91282CKY6,TSRYS5833261,D,S,C,2024-06-27,3000000.00,4.759692,99.74609375
08:01:00,91282CKY6,TSRYS5833261,D,S,C,2024-06-27,4000000.00,4.758654,99.748046875
08:01:00,91282CKY6,TSRYS5833261,D,S,C,2024-06-27,2000000.00,4.756577,99.751953125
08:01:00,91282CKY6,TSRYS5833261,D,S,D,2024-06-27,1000000.00,4.756577,99.751953125
08:01:00,91282CKY6,TSRYS5833261,D,S,D,2024-06-27,1000000.00,4.757615,99.75
08:01:00,91282CKY6,TSRYS5833261,D,S,C,2024-06-27,3000000.00,4.751386,99.76171875
08:01:00,91282CKY6,TSRYS5833261,D,B,C,2024-06-27,3000000.00,4.751386,99.76171875
08:01:00,91282CKY6,TSRYS5833261,D,B,C,2024-06-27,2000000.00,4.751386,99.76171875
08:01:00,91282CKY6,TSRYS5833261,D,B,C,2024-06-27,2000000.00,4.751386,99.76171875
08:01:00,91282CKY6,TSRYS5833261,D,B,C,2024-06-27,2000000.00,4.751386,99.76171875
08:01:00,91282CKY6,TSRYS5833261,D,S,D,2024-06-27,2000000.00,4.753462,99.7578125
08:01:00,91282CKY6,TSRYS5833261,D,S,C,2024-06-27,3000000.00,4.751386,99.76171875
08:01:00,91282CKY6,TSRYS5833261,D,S,C,2024-06-27,1000000.00,4.754501,99.755859375
08:01:00,91282CKY6,TSRYS5833261,D,S,C,2024-06-27,2000000.00,4.751386,99.76171875
08:01:00,91282CKY6,TSRYS5833261,D,S,C,2024-06-27,2000000.00,4.751386,99.76171875
08:01:00,91282CKY6,TSRYS5833261,D,S,C,2024-06-27,1000000.00,4.752424,99.759765625
08:01:00,91282CKY6,TSRYS5833261,D,S,C,2024-06-27,2000000.00,4.751386,99.76171875
08:01:00,91282CKY6,TSRYS5833261,D,B,C,2024-06-27,1000000.00,4.751386,99.76171875
08:01:00,91282CKY6,TSRYS5833261,D,S,C,2024-06-27,1000000.00,4.755539,99.75390625
08:01:00,91282CKY6,TSRYS5833261,D,S,D,2024-06-27,1000000.00,4.74412,99.775390625
08:01:00,91282CKY6,TSRYS5833261,D,S,C,2024-06-27,1000000.00,4.755539,99.75390625
08:01:00,91282CKY6,TSRYS5833261,D,B,C,2024-06-27,1000000.00,4.754501,99.755859375
08:01:00,91282CKY6,TSRYS5833261,D,S,C,2024-06-27,1000000.00,4.751386,99.76171875
08:01:00,91282CKY6,TSRYS5833261,D,S,C,2024-06-27,1000000.00,4.755539,99.75390625
08:01:00,91282CKY6,TSRYS5833261,D,B,C,2024-06-27,2000000.00,4.751386,99.76171875
08:01:00,91282CKY6,TSRYS5833261,D,S,D,2024-06-27,1000000.00,4.751386,99.76171875
08:01:00,91282CKY6,TSRYS5833261,D,B,C,2024-06-27,1000000.00,4.751386,99.76171875
08:01:00,91282CKY6,TSRYS5833261,D,S,D,2024-06-27,1000000.00,4.751386,99.76171875
08:01:00,91282CKY6,TSRYS5833261,D,S,D,2024-06-27,2000000.00,4.751386,99.76171875
08:01:00,91282CKY6,TSRYS5833261,D,S,D,2024-06-27,2000000.00,4.751386,99.76171875
08:01:00,91282CKY6,TSRYS5833261,D,S,D,2024-06-27,2000000.00,4.751386,99.76171875
08:01:00,91282CKY6,TSRYS5833261,D,S,D,2024-06-27,2000000.00,4.751386,99.76171875
08:01:00,91282CKY6,TSRYS5833261,D,S,D,2024-06-27,1000000.00,4.751386,99.76171875
08:01:00,91282CKY6,TSRYS5833261,D,S,D,2024-06-27,1000000.00,4.751386,99.76171875
08:01:00,91282CKY6,TSRYS5833261,D,S,D,2024-06-27,2000000.00,4.751386,99.76171875
08:01:00,91282CKY6,TSRYS5833261,D,S,D,2024-06-27,1000000.00,4.751386,99.76171875
08:01:00,91282CKY6,TSRYS5833261,D,S,D,2024-06-27,1000000.00,4.748272,99.767578125
08:01:00,91282CKY6,TSRYS5833261,D,S,D,2024-06-27,2000000.00,4.751386,99.76171875
08:01:00,91282CKY6,TSRYS5833261,D,B,C,2024-06-27,1000000.00,4.74931,99.765625
08:01:00,91282CKY6,TSRYS5833261,D,B,C,2024-06-27,1000000.00,4.748272,99.767578125
08:01:00,91282CKY6,TSRYS5833261,D,S,D,2024-06-27,2000000.00,4.751386,99.76171875
08:01:00,91282CKY6,TSRYS5833261,D,S,D,2024-06-27,2000000.00,4.74931,99.765625
08:01:00,91282CKY6,TSRYS5833261,D,S,C,2024-06-27,1000000.00,4.748272,99.767578125
08:01:01,91282CKY6,TSRYS5833261,D,S,D,2024-06-27,1000000.00,4.74931,99.765625
08:01:01,91282CKY6,TSRYS5833261,D,S,D,2024-06-27,1000000.00,4.748272,99.767578125
08:01:01,91282CKY6,TSRYS5833261,D,B,C,2024-06-27,2000000.00,4.74931,99.765625
08:01:01,91282CKY6,TSRYS5833261,D,S,D,2024-06-27,1000000.00,4.748272,99.767578125
08:01:01,91282CKY6,TSRYS5833261,D,S,D,2024-06-27,2000000.00,4.743082,99.77734375
08:01:01,91282CKY6,TSRYS5833261,D,S,C,2024-06-27,1000000.00,4.74931,99.765625
08:01:01,91282CKY6,TSRYS5833261,D,S,D,2024-06-27,1000000.00,4.748272,99.767578125
08:01:01,91282CKY6,TSRYS5833261,D,B,C,2024-06-27,3000000.00,4.743082,99.77734375
08:01:01,91282CKY6,TSRYS5833261,D,S,D,2024-06-27,1000000.00,4.748272,99.767578125
08:01:01,91282CKY6,TSRYS5833261,D,S,D,2024-06-27,1000000.00,4.748272,99.767578125
08:01:01,91282CKY6,TSRYS5833261,D,B,C,2024-06-27,1000000.00,4.74931,99.765625
08:01:01,91282CKY6,TSRYS5833261,D,S,D,2024-06-27,1000000.00,4.748272,99.767578125
08:01:01,91282CKY6,TSRYS5833261,D,S,D,2024-06-27,3000000.00,4.743082,99.77734375
08:01:01,91282CKY6,TSRYS5833261,D,S,D,2024-06-27,1000000.00,4.74931,99.765625
08:01:01,91282CKY6,TSRYS5833261,D,S,D,2024-06-27,3000000.00,4.745158,99.7734375
08:01:01,91282CKY6,TSRYS5833261,D,B,C,2024-06-27,2000000.00,4.743082,99.77734375
08:01:01,91282CKY6,TSRYS5833261,D,B,C,2024-06-27,2000000.00,4.747234,99.76953125
08:01:01,91282CKY6,TSRYS5833261,D,S,D,2024-06-27,3000000.00,4.74412,99.775390625
08:01:01,91282CKY6,TSRYS5833261,D,S,D,2024-06-27,2000000.00,4.747234,99.76953125
08:01:01,91282CKY6,TSRYS5833261,D,S,D,2024-06-27,1000000.00,4.747234,99.76953125
08:01:01,91282CKY6,TSRYS5833261,D,S,D,2024-06-27,3000000.00,4.745158,99.7734375
08:01:01,91282CKY6,TSRYS5833261,D,S,D,2024-06-27,1000000.00,4.746196,99.771484375
08:01:01,91282CKY6,TSRYS5833261,D,S,D,2024-06-27,5000000.00,4.74412,99.775390625
08:01:01,91282CKY6,TSRYS5833261,D,S,D,2024-06-27,1000000.00,4.746196,99.771484375
08:01:01,91282CKY6,TSRYS5833261,D,S,D,2024-06-27,2000000.00,4.74412,99.775390625
08:01:01,91282CKY6,TSRYS5833261,D,S,D,2024-06-27,5000000.00,4.74412,99.775390625
08:01:01,91282CKY6,TSRYS5833261,D,S,D,2024-06-27,5000000.00,4.74412,99.775390625
08:01:01,91282CKY6,TSRYS5833261,D,S,C,2024-06-27,1000000.00,4.753462,99.7578125
08:01:01,91282CKY6,TSRYS5833261,D,B,C,2024-06-27,1000000.00,4.753462,99.7576625
08:01:01,91282CKY6,TSRYS5833261,D,S,D,2024-06-27,8000000.00,4.74412,99.775390625
08:01:01,91282CKY6,TSRYS5833261,D,S,D,2024-06-27,5000000.00,4.74412,99.775390625
08:01:01,91282CKY6,TSRYS5833261,D,S,D,2024-06-27,1000000.00,4.74412,99.775390625
08:01:01,91282CKY6,TSRYS5833261,D,S,D,2024-06-27,1000000.00,4.74412,99.775390625
08:01:01,91282CKY6,TSRYS5833261,D,S,D,2024-06-27,2000000.00,4.74412,99.775390625
08:01:01,91282CKY6,TSRYS5833261,D,S,D,2024-06-27,1000000.00,4.74412,99.775390625
08:01:01,91282CKY6,TSRYS5833261,D,S,D,2024-06-27,1000000.00,4.74412,99.775390625
08:01:01,91282CKY6,TSRYS5833261,D,S,D,2024-06-27,1000000.00,4.74412,99.775390625
08:01:01,91282CKY6,TSRYS5833261,D,S,D,2024-06-27,1000000.00,4.74412,99.775390625
08:01:01,91282CKY6,TSRYS5833261,D,S,D,2024-06-27,1000000.00,4.74412,99.775390625
08:01:01,91282CKY6,TSRYS5833261,D,S,D,2024-06-27,1000000.00,4.74412,99.775390625
08:01:01,91282CKY6,TSRYS5833261,D,S,D,2024-06-27,1000000.00,4.74412,99.775390625
08:01:01,91282CKY6,TSRYS5833261,D,S,D,2024-06-27,1000000.00,4.74412,99.775390625
08:01:01,91282CKY6,TSRYS5833261,D,S,C,2024-06-27,1000000.00,4.747234,99.76953125
08:01:01,91282CKY6,TSRYS5833261,D,S,T,2024-06-27,1000000.00,4.752477,99.759665625
08:01:01,91282CKY6,TSRYS5833261,D,S,T,2024-06-27,1000000.00,4.752477,99.759665625
08:01:01,91282CKY6,TSRYS5833261,D,S,C,2024-06-27,1000000.00,4.748272,99.767578125
08:01:01,91282CKY6,TSRYS5833261,D,S,T,2024-06-27,1000000.00,4.752477,99.759665625
08:01:01,91282CKY6,TSRYS5833261,D,S,T,2024-06-27,4000000.00,4.752477,99.759665625
08:01:01,91282CKY6,TSRYS5833261,D,S,C,2024-06-27,1000000.00,4.747234,99.76953125
08:01:01,91282CKY6,TSRYS5833261,D,S,C,2024-06-27,1000000.00,4.753462,99.7578125
08:01:01,91282CKY6,TSRYS5833261,D,S,C,2024-06-27,1000000.00,4.753462,99.7578125
08:01:01,91282CKY6,TSRYS5833261,D,S,D,2024-06-27,2000000.00,4.747234,99.76953125
08:01:01,91282CKY6,TSRYS5833261,D,B,C,2024-06-27,1000000.00,4.753462,99.7578125
08:01:01,91282CKY6,TSRYS5833261,D,B,C,2024-06-27,1000000.00,4.748272,99.767578125
08:01:01,91282CKY6,TSRYS5833261,D,B,C,2024-06-27,1000000.00,4.753462,99.7578125
08:01:01,91282CKY6,TSRYS5833261,D,S,C,2024-06-27,1000000.00,4.751386,99.76171875
08:01:01,91282CKY6,TSRYS5833261,D,S,C,2024-06-27,1000000.00,4.752424,99.759765625
08:01:01,91282CKY6,TSRYS5833261,D,S,C,2024-06-27,2000000.00,4.750348,99.763671875
08:01:01,91282CKY6,TSRYS5833261,D,B,C,2024-06-27,1000000.00,4.752424,99.759765625
08:01:01,91282CKY6,TSRYS5833261,D,S,D,2024-06-27,1000000.00,4.751386,99.76171875
08:01:01,91282CKY6,TSRYS5833261,D,S,C,2024-06-27,1000000.00,4.751386,99.76171875
08:01:01,91282CKY6,TSRYS5833261,D,B,C,2024-06-27,1000000.00,4.751386,99.76171875
08:01:01,91282CKY6,TSRYS5833261,D,S,C,2024-06-27,1000000.00,4.751386,99.76171875
08:01:01,91282CKY6,TSRYS5833261,D,B,C,2024-06-27,1000000.00,4.751386,99.76171875
08:01:02,91282CKY6,TSRYS5833261,D,S,D,2024-06-27,1000000.00,4.746196,99.771484375
08:01:02,91282CKY6,TSRYS5833261,D,S,D,2024-06-27,3000000.00,4.745158,99.7734375
08:01:02,91282CKY6,TSRYS5833261,D,S,D,2024-06-27,5000000.00,4.74412,99.775390625
08:01:02,91282CKY6,TSRYS5833261,D,S,D,2024-06-27,5000000.00,4.74412,99.775390625
08:01:02,91282CKY6,TSRYS5833261,D,S,D,2024-06-27,3000000.00,4.745158,99.7734375
08:01:02,91282CKY6,TSRYS5833261,D,S,D,2024-06-27,2000000.00,4.74412,99.775390625
08:01:02,91282CKY6,TSRYS5833261,D,S,D,2024-06-27,3000000.00,4.74412,99.775390625
08:01:03,91282CKY6,TSRYS5833261,D,S,D,2024-06-27,5000000.00,4.74412,99.775390625
08:01:03,91282CKY6,TSRYS5833261,D,S,D,2024-06-27,1000000.00,4.74412,99.775390625
08:01:03,91282CKY6,TSRYS5833261,D,S,D,2024-06-27,1000000.00,4.74412,99.775390625
08:01:03,91282CKY6,TSRYS5833261,D,S,D,2024-06-27,1000000.00,4.74412,99.775390625
08:01:03,91282CKY6,TSRYS5833261,D,S,D,2024-06-27,8000000.00,4.74412,99.775390625
08:01:03,91282CKY6,TSRYS5833261,D,S,D,2024-06-27,5000000.00,4.74412,99.775390625
08:01:03,91282CKY6,TSRYS5833261,D,S,D,2024-06-27,1000000.00,4.747234,99.76953125
08:01:03,91282CKY6,TSRYS5833261,D,S,D,2024-06-27,1000000.00,4.747234,99.76953125
08:01:03,91282CKY6,TSRYS5833261,D,S,D,2024-06-27,2000000.00,4.747234,99.76953125
08:01:03,91282CKY6,TSRYS5833261,D,S,A,2024-06-27,177000000.00,4.751386,99.76171875
08:01:03,91282CKY6,TSRYS5833261,D,S,A,2024-06-27,170000000.00,4.747234,99.76953125
08:01:04,91282CKY6,TSRYS5833261,D,S,C,2024-06-27,2000000.00,4.754501,99.755859375
08:01:04,91282CKY6,TSRYS5833261,D,S,D,2024-06-27,1000000.00,4.751386,99.76171875
08:01:04,91282CKY6,TSRYS5833261,D,S,D,2024-06-27,2000000.00,4.750348,99.763671875
08:01:04,91282CKY6,TSRYS5833261,D,S,D,2024-06-27,1000000.00,4.751386,99.76171875
08:01:06,91282CKY6,TSRYS5833261,D,S,D,2024-06-27,5000000.00,4.759692,99.74609375
08:01:06,91282CKY6,TSRYS5833261,D,S,D,2024-06-27,4000000.00,4.758654,99.748046875
08:01:06,91282CKY6,TSRYS5833261,D,S,T,2024-06-27,8000000.00,4.752424,99.759765625
08:01:06,91282CKY6,TSRYS5833261,D,S,T,2024-06-27,1000000.00,4.752424,99.759765625
08:01:06,91282CKY6,TSRYS5833261,D,B,A,2024-06-27,200000.00,4.753462,99.7578125
08:01:06,91282CKY6,TSRYS5833261,D,S,A,2024-06-27,100000.00,4.749395,99.765625
08:01:06,91282CKY6,TSRYS5833261,D,S,D,2024-06-27,1000000.00,4.758654,99.748046875
08:01:07,91282CKY6,TSRYS5833261,D,S,D,2024-06-27,1000000.00,4.755539,99.75390625
08:01:07,91282CKY6,TSRYS5833261,D,S,D,2024-06-27,2000000.00,4.755539,99.75390625
08:01:07,91282CKY6,TSRYS5833261,D,S,D,2024-06-27,1000000.00,4.755539,99.75390625
08:01:07,91282CKY6,TSRYS5833261,D,S,D,2024-06-27,22000000.00,4.741006,99.78125
08:01:07,91282CKY6,TSRYS5833261,D,S,D,2024-06-27,1000000.00,4.756577,99.751953125
08:01:07,91282CKY6,TSRYS5833261,D,S,C,2024-06-27,3000000.00,4.756577,99.751953125
08:01:07,91282CKY6,TSRYS5833261,D,S,C,2024-06-27,4000000.00,4.756577,99.751953125
08:01:07,91282CKY6,TSRYS5833261,D,S,D,2024-06-27,1000000.00,4.756577,99.751953125
08:01:07,91282CKY6,TSRYS5833261,D,S,D,2024-06-27,1000000.00,4.756577,99.751953125
08:01:07,91282CKY6,TSRYS5833261,D,S,D,2024-06-27,1000000.00,4.756577,99.751953125
08:01:08,91282CKY6,TSRYS5833261,D,S,D,2024-06-27,3000000.00,4.755539,99.75390625
08:01:08,91282CKY6,TSRYS5833261,D,S,D,2024-06-27,2000000.00,4.757615,99.75
08:01:08,91282CKY6,TSRYS5833261,D,S,D,2024-06-27,2000000.00,4.757615,99.75
08:01:08,91282CKY6,TSRYS5833261,D,S,D,2024-06-27,5000000.00,4.759692,99.74609375
08:01:08,91282CKY6,TSRYS5833261,D,S,D,2024-06-27,4000000.00,4.758654,99.748046875
08:01:08,91282CKY6,TSRYS5833261,D,S,D,2024-06-27,4000000.00,4.758654,99.748046875
08:01:08,91282CKY6,TSRYS5833261,D,S,D,2024-06-27,1000000.00,4.758654,99.748046875
08:01:08,91282CKY6,TSRYS5833261,D,S,D,2024-06-27,5000000.00,4.758654,99.748046875
08:01:08,91282CKY6,TSRYS5833261,D,S,D,2024-06-27,5000000.00,4.758654,99.748046875
08:01:11,91282CKY6,TSRYS5833261,D,S,C,2024-06-27,3000000.00,4.757615,99.75
08:01:11,91282CKY6,TSRYS5833261,D,S,C,2024-06-27,1000000.00,4.757615,99.75
08:01:11,91282CKY6,TSRYS5833261,D,S,D,2024-06-27,4000000.00,4.757615,99.75
08:01:11,91282CKY6,TSRYS5833261,D,S,D,2024-06-27,11000000.00,4.757615,99.75
08:01:11,91282CKY6,TSRYS5833261,D,S,D,2024-06-27,1000000.00,4.757615,99.75
08:01:11,91282CKY6,TSRYS5833261,D,S,D,2024-06-27,1000000.00,4.757615,99.75
08:01:11,91282CKY6,TSRYS5833261,D,S,D,2024-06-27,2000000.00,4.758654,99.748046875
08:01:11,91282CKY6,TSRYS5833261,D,S,D,2024-06-27,2000000.00,4.758654,99.748046875
08:01:11,91282CKY6,TSRYS5833261,D,S,D,2024-06-27,1000000.00,4.757615,99.75
08:01:11,91282CKY6,TSRYS5833261,D,S,D,2024-06-27,2000000.00,4.757615,99.75
08:01:11,91282CKY6,TSRYS5833261,D,S,D,2024-06-27,2000000.00,4.74412,99.775390625
08:01:11,91282CKY6,TSRYS5833261,D,S,D,2024-06-27,2000000.00,4.759692,99.74609375
08:01:11,91282CKY6,TSRYS5833261,D,S,D,2024-06-27,2000000.00,4.759692,99.74609375
08:01:11,91282CKY6,TSRYS5833261,D,S,D,2024-06-27,4000000.00,4.757615,99.75
08:01:11,91282CKY6,TSRYS5833261,D,S,D,2024-06-27,1000000.00,4.757615,99.75
08:01:11,91282CKY6,TSRYS5833261,D,B,A,2024-06-27,2400000.00,4.751386,99.76171875
08:01:11,91282CKY6,TSRYS5833261,D,S,D,2024-06-27,4000000.00,4.757615,99.75
08:01:11,91282CKY6,TSRYS5833261,D,S,T,2024-06-27,1000000.00,4.757685,99.74987
08:01:11,91282CKY6,TSRYS5833261,D,S,D,2024-06-27,5000000.00,4.757615,99.75
08:01:11,91282CKY6,TSRYS5833261,D,S,T,2024-06-27,2000000.00,4.757669,99.7499
08:01:11,91282CKY6,TSRYS5833261,D,S,T,2024-06-27,10000000.00,4.757669,99.7499
08:01:11,91282CKY6,TSRYS5833261,D,S,T,2024-06-27,1000000.00,4.757669,99.7499
08:01:11,91282CKY6,TSRYS5833261,D,S,T,2024-06-27,1000000.00,4.757669,99.7499
08:01:11,91282CKY6,TSRYS5833261,D,S,T,2024-06-27,1000000.00,4.757669,99.7499
08:01:11,91282CKY6,TSRYS5833261,D,S,D,2024-06-27,1000000.00,4.757615,99.75
08:01:11,91282CKY6,TSRYS5833261,D,S,C,2024-06-27,1000000.00,4.757615,99.750175
08:01:12,91282CKY6,TSRYS5833261,D,S,C,2024-06-27,1000000.00,4.757615,99.75
08:01:12,91282CKY6,TSRYS5833261,D,S,C,2024-06-27,1000000.00,4.757615,99.750175
08:01:12,91282CKY6,TSRYS5833261,D,S,T,2024-06-27,1000000.00,4.743082,99.77734375
08:01:12,91282CKY6,TSRYS5833261,D,B,A,2024-06-27,69900000.00,4.691217,99.875
08:01:12,91282CKY6,TSRYS5833261,D,S,D,2024-06-27,29000000.00,4.691217,99.875
08:01:13,91282CKY6,TSRYS5833261,D,S,D,2024-06-27,1000000.00,4.746196,99.771484375
08:01:13,91282CKY6,TSRYS5833261,D,S,A,2024-06-27,1000000.00,4.753382,99.7579645
08:01:13,91282CKY6,TSRYS5833261,D,S,A,2024-06-27,1000000.00,4.753382,99.7579645
08:01:14,91282CKY6,TSRYS5833261,D,S,A,2024-06-27,1000000.00,4.753382,99.7579645
08:01:14,91282CKY6,TSRYS5833261,D,S,A,2024-06-27,1000000.00,4.753382,99.7579645
08:01:14,91282CKY6,TSRYS5833261,D,B,A,2024-06-27,8000000.00,4.759692,99.74609375
08:01:14,91282CKY6,TSRYS5833261,D,S,D,2024-06-27,8000000.00,4.759692,99.74609375
08:01:14,91282CKY6,TSRYS5833261,D,S,C,2024-06-27,100000000.00,4.755539,99.75390625
08:01:14,91282CKY6,TSRYS5833261,D,S,D,2024-06-27,8000000.00,4.74412,99.775390625
08:01:15,91282CKY6,TSRYS5833261,D,S,T,2024-06-27,3000000.00,4.743082,99.77734375
08:01:15,91282CKY6,TSRYS5833261,D,S,C,2024-06-27,325000.00,4.753462,99.7578125
08:01:16,91282CKY6,TSRYS5833261,D,S,C,2024-06-27,1000000.00,4.758654,99.748046875
08:01:16,91282CKY6,TSRYS5833261,D,S,C,2024-06-27,3000000.00,4.758654,99.748046875
08:01:16,91282CKY6,TSRYS5833261,D,S,C,2024-06-27,1000000.00,4.757615,99.750175
08:01:16,91282CKY6,TSRYS5833261,D,S,D,2024-06-27,3000000.00,4.74412,99.775390625
08:01:16,91282CKY6,TSRYS5833261,D,S,C,2024-06-27,1000000.00,4.757615,99.750175
08:01:16,91282CKY6,TSRYS5833261,D,S,C,2024-06-27,2000000.00,4.757615,99.750175
08:01:16,91282CKY6,TSRYS5833261,D,S,D,2024-06-27,1000000.00,4.74412,99.775390625
08:01:16,91282CKY6,TSRYS5833261,D,S,D,2024-06-27,1000000.00,4.759692,99.74609375
08:01:16,91282CKY6,TSRYS5833261,D,S,T,2024-06-27,2000000.00,4.74412,99.775390625
08:01:17,91282CKY6,TSRYS5833261,D,S,D,2024-06-27,5000000.00,4.74412,99.775390625
08:01:17,91282CKY6,TSRYS5833261,D,S,A,2024-06-27,900000.00,4.753462,99.7578125
08:01:17,91282CKY6,TSRYS5833261,D,S,D,2024-06-27,1000000.00,4.759692,99.74609375
08:01:17,91282CKY6,TSRYS5833261,D,S,D,2024-06-27,1000000.00,4.759692,99.74609375
08:01:17,91282CKY6,TSRYS5833261,D,S,D,2024-06-27,2000000.00,4.759692,99.74609375
08:01:17,91282CKY6,TSRYS5833261,D,S,C,2024-06-27,1000000.00,4.759692,99.74609375
08:01:17,91282CKY6,TSRYS5833261,D,S,T,2024-06-27,3000000.00,4.74412,99.775390625
08:01:17,91282CKY6,TSRYS5833261,D,S,D,2024-06-27,1000000.00,4.74412,99.775390625
08:01:17,91282CKY6,TSRYS5833261,D,S,C,2024-06-27,1000000.00,4.759692,99.74626875
08:01:17,91282CKY6,TSRYS5833261,D,S,C,2024-06-27,1000000.00,4.759692,99.74626875
08:01:18,91282CKY6,TSRYS5833261,D,S,D,2024-06-27,1550000.00,4.76168,99.7423555
08:01:18,91282CKY6,TSRYS5833261,D,S,C,2024-06-27,1550000.00,4.76168,99.7423555
08:01:18,91282CKY6,TSRYS5833261,D,S,C,2024-06-27,2000000.00,4.759692,99.74626875
08:01:18,91282CKY6,TSRYS5833261,D,S,C,2024-06-27,2000000.00,4.759692,99.74626875
08:01:18,91282CKY6,TSRYS5833261,D,S,C,2024-06-27,1000000.00,4.759692,99.74626875
08:01:18,91282CKY6,TSRYS5833261,D,S,A,2024-06-27,69900000.00,4.691217,99.875
08:01:19,91282CKY6,TSRYS5833261,D,S,C,2024-06-27,1000000.00,4.759692,99.74609375
08:01:19,91282CKY6,TSRYS5833261,D,S,C,2024-06-27,1000000.00,4.757615,99.750175
08:01:20,91282CKY6,TSRYS5833261,D,S,T,2024-06-27,2000000.00,4.757722,99.7498
08:01:20,91282CKY6,TSRYS5833261,D,S,D,2024-06-27,1000000.00,4.757615,99.75
08:01:20,91282CKY6,TSRYS5833261,D,S,A,2024-06-27,932000.00,4.757615,99.75
08:01:20,91282CKY6,TSRYS5833261,D,S,D,2024-06-27,29000000.00,4.691217,99.875
08:01:20,91282CKY6,TSRYS5833261,D,B,A,2024-06-27,2886000.00,4.755539,99.75390625
08:01:21,91282CKY6,TSRYS5833261,D,S,T,2024-06-27,1000000.00,4.753531,99.7576825
08:01:21,91282CKY6,TSRYS5833261,D,S,T,2024-06-27,4000000.00,4.753531,99.7576825
08:01:21,91282CKY6,TSRYS5833261,D,S,T,2024-06-27,1000000.00,4.753531,99.7576825
08:01:21,91282CKY6,TSRYS5833261,D,S,D,2024-06-27,1000000.00,4.76073,99.744140625
08:01:21,91282CKY6,TSRYS5833261,D,S,D,2024-06-27,3000000.00,4.76073,99.744140625
08:01:22,91282CKY6,TSRYS5833261,D,S,D,2024-06-27,3000000.00,4.76073,99.744140625
08:01:22,91282CKY6,TSRYS5833261,D,S,T,2024-06-27,2000000.00,4.753531,99.7576825
08:01:22,91282CKY6,TSRYS5833261,D,S,T,2024-06-27,2000000.00,4.759692,99.74609375
08:01:22,91282CKY6,TSRYS5833261,D,S,T,2024-06-27,1000000.00,4.753531,99.7576825
08:01:22,91282CKY6,TSRYS5833261,D,S,T,2024-06-27,2000000.00,4.753531,99.7576825
08:01:22,91282CKY6,TSRYS5833261,D,S,D,2024-06-27,5000000.00,4.74412,99.775390625
08:01:22,91282CKY6,TSRYS5833261,D,S,T,2024-06-27,2000000.00,4.753531,99.7576825
08:01:22,91282CKY6,TSRYS5833261,D,S,T,2024-06-27,1000000.00,4.753531,99.7576825
08:01:22,91282CKY6,TSRYS5833261,D,S,T,2024-06-27,1000000.00,4.753531,99.7576825
08:01:22,91282CKY6,TSRYS5833261,D,S,T,2024-06-27,2000000.00,4.753531,99.7576825
08:01:22,91282CKY6,TSRYS5833261,D,S,T,2024-06-27,1000000.00,4.753531,99.7576825
08:01:22,91282CKY6,TSRYS5833261,D,S,A,2024-06-27,30018000.00,4.691217,99.875
08:01:23,91282CKY6,TSRYS5833261,D,S,A,2024-06-27,4000000.00,4.747753,99.768554688
08:01:23,91282CKY6,TSRYS5833261,D,S,T,2024-06-27,1000000.00,4.74412,99.775390625
08:01:23,91282CKY6,TSRYS5833261,D,S,D,2024-06-27,23150000.00,4.691217,99.875
08:01:23,91282CKY6,TSRYS5833261,D,S,D,2024-06-27,13900000.00,4.691217,99.875
08:01:23,91282CKY6,TSRYS5833261,D,S,D,2024-06-27,9250000.00,4.691217,99.875
08:01:23,91282CKY6,TSRYS5833261,D,S,D,2024-06-27,23150000.00,4.691217,99.875
08:01:23,91282CKY6,TSRYS5833261,D,S,D,2024-06-27,4650000.00,4.691217,99.875
08:01:24,91282CKY6,TSRYS5833261,D,S,A,2024-06-27,1000000.00,4.74931,99.765625
08:01:24,91282CKY6,TSRYS5833261,D,S,T,2024-06-27,1000000.00,4.757722,99.7498
08:01:25,91282CKY6,TSRYS5833261,D,S,C,2024-06-27,1000000.00,4.755539,99.75390625
08:01:25,91282CKY6,TSRYS5833261,D,S,C,2024-06-27,2000000.00,4.755539,99.75390625
08:01:25,91282CKY6,TSRYS5833261,D,S,C,2024-06-27,1000000.00,4.755539,99.75390625
08:01:25,91282CKY6,TSRYS5833261,D,S,T,2024-06-27,1000000.00,4.757722,99.7498
08:01:25,91282CKY6,TSRYS5833261,D,S,C,2024-06-27,1000000.00,4.755539,99.75390625
08:01:25,91282CKY6,TSRYS5833261,D,S,C,2024-06-27,2000000.00,4.755539,99.75390625
08:01:25,91282CKY6,TSRYS5833261,D,B,C,2024-06-27,2000000.00,4.755539,99.75390625
08:01:25,91282CKY6,TSRYS5833261,D,S,C,2024-06-27,1000000.00,4.755539,99.75390625
08:01:25,91282CKY6,TSRYS5833261,D,B,C,2024-06-27,1000000.00,4.755539,99.75390625
08:01:25,91282CKY6,TSRYS5833261,D,S,C,2024-06-27,3000000.00,4.755539,99.75390625
08:01:25,91282CKY6,TSRYS5833261,D,S,C,2024-06-27,3000000.00,4.755539,99.75390625
08:01:25,91282CKY6,TSRYS5833261,D,B,C,2024-06-27,3000000.00,4.755539,99.75390625
08:01:25,91282CKY6,TSRYS5833261,D,S,D,2024-06-27,10000000.00,4.757615,99.75
08:01:26,91282CKY6,TSRYS5833261,D,S,D,2024-06-27,25000000.00,4.757615,99.75
08:01:26,91282CKY6,TSRYS5833261,D,S,D,2024-06-27,25000000.00,4.757615,99.75
08:01:26,91282CKY6,TSRYS5833261,D,S,D,2024-06-27,12000000.00,4.757615,99.75
08:01:26,91282CKY6,TSRYS5833261,D,S,C,2024-06-27,5000000.00,4.759692,99.74609375
08:01:26,91282CKY6,TSRYS5833261,D,S,D,2024-06-27,4000000.00,4.758654,99.748046875
08:01:26,91282CKY6,TSRYS5833261,D,S,D,2024-06-27,1000000.00,4.758654,99.748046875
08:01:26,91282CKY6,TSRYS5833261,D,S,D,2024-06-27,5000000.00,4.758654,99.748046875
08:01:26,91282CKY6,TSRYS5833261,D,B,C,2024-06-27,5000000.00,4.758654,99.748046875
08:01:26,91282CKY6,TSRYS5833261,D,S,C,2024-06-27,1000000.00,4.759692,99.74609375
08:01:26,91282CKY6,TSRYS5833261,D,B,C,2024-06-27,1000000.00,4.759692,99.74609375
08:01:26,91282CKY6,TSRYS5833261,D,S,C,2024-06-27,1000000.00,4.759692,99.74609375
08:01:26,91282CKY6,TSRYS5833261,D,B,C,2024-06-27,1000000.00,4.759692,99.74609375
08:01:26,91282CKY6,TSRYS5833261,D,S,C,2024-06-27,1000000.00,4.759692,99.74609375
08:01:26,91282CKY6,TSRYS5833261,D,B,C,2024-06-27,1000000.00,4.759692,99.74609375
08:01:26,91282CKY6,TSRYS5833261,D,S,C,2024-06-27,1000000.00,4.759692,99.74609375
08:01:26,91282CKY6,TSRYS5833261,D,B,C,2024-06-27,1000000.00,4.759692,99.74609375
08:01:26,91282CKY6,TSRYS5833261,D,B,C,2024-06-27,1000000.00,4.759692,99.74609375
08:01:26,91282CKY6,TSRYS5833261,D,S,A,2024-06-27,10000000.00,4.74931,99.765625
08:01:26,91282CKY6,TSRYS5833261,D,S,C,2024-06-27,1000000.00,4.759692,99.74609375
08:01:26,91282CKY6,TSRYS5833261,D,S,C,2024-06-27,1000000.00,4.759692,99.74609375
08:01:26,91282CKY6,TSRYS5833261,D,S,C,2024-06-27,1000000.00,4.759692,99.74609375
08:01:26,91282CKY6,TSRYS5833261,D,B,C,2024-06-27,1000000.00,4.759692,99.74609375
08:01:26,91282CKY6,TSRYS5833261,D,B,C,2024-06-27,1000000.00,4.759692,99.74609375
08:01:26,91282CKY6,TSRYS5833261,D,B,C,2024-06-27,1000000.00,4.759692,99.74609375
08:01:26,91282CKY6,TSRYS5833261,D,S,C,2024-06-27,1000000.00,4.759692,99.74609375
08:01:26,91282CKY6,TSRYS5833261,D,S,C,2024-06-27,2000000.00,4.759692,99.74609375
08:01:26,91282CKY6,TSRYS5833261,D,S,T,2024-06-27,1000000.00,4.759692,99.74609375
08:01:27,91282CKY6,TSRYS5833261,D,S,D,2024-06-27,1000000.00,4.756577,99.751953125
08:01:27,91282CKY6,TSRYS5833261,D,B,C,2024-06-27,1000000.00,4.756577,99.751953125
08:01:27,91282CKY6,TSRYS5833261,D,S,D,2024-06-27,1000000.00,4.756577,99.751953125
08:01:27,91282CKY6,TSRYS5833261,D,B,C,2024-06-27,1000000.00,4.756577,99.751953125
08:01:27,91282CKY6,TSRYS5833261,D,S,D,2024-06-27,1000000.00,4.756577,99.751953125
08:01:27,91282CKY6,TSRYS5833261,D,B,C,2024-06-27,2000000.00,4.755539,99.75390625
08:01:27,91282CKY6,TSRYS5833261,D,S,D,2024-06-27,2000000.00,4.755539,99.75390625
08:01:27,91282CKY6,TSRYS5833261,D,B,C,2024-06-27,1000000.00,4.755539,99.75390625
08:01:27,91282CKY6,TSRYS5833261,D,S,D,2024-06-27,1000000.00,4.755539,99.75390625
08:01:27,91282CKY6,TSRYS5833261,D,S,D,2024-06-27,1000000.00,4.755539,99.75390625
08:01:27,91282CKY6,TSRYS5833261,D,S,D,2024-06-27,12000000.00,4.756577,99.751953125
08:01:27,91282CKY6,TSRYS5833261,D,S,D,2024-06-27,1000000.00,4.755539,99.75390625
08:01:27,91282CKY6,TSRYS5833261,D,B,C,2024-06-27,1000000.00,4.755539,99.75390625
08:01:27,91282CKY6,TSRYS5833261,D,S,C,2024-06-27,1000000.00,4.755539,99.75390625
08:01:27,91282CKY6,TSRYS5833261,D,B,C,2024-06-27,1000000.00,4.755539,99.75390625
08:01:27,91282CKY6,TSRYS5833261,D,S,C,2024-06-27,1000000.00,4.755539,99.75390625
08:01:27,91282CKY6,TSRYS5833261,D,B,C,2024-06-27,1000000.00,4.755539,99.75390625
08:01:27,91282CKY6,TSRYS5833261,D,S,D,2024-06-27,1000000.00,4.756577,99.751953125
08:01:27,91282CKY6,TSRYS5833261,D,S,D,2024-06-27,3000000.00,4.756577,99.751953125
08:01:27,91282CKY6,TSRYS5833261,D,S,D,2024-06-27,1000000.00,4.756577,99.751953125
08:01:27,91282CKY6,TSRYS5833261,D,S,D,2024-06-27,1000000.00,4.756577,99.751953125
08:01:27,91282CKY6,TSRYS5833261,D,S,A,2024-06-27,95700.00,4.751386,99.76171875
08:01:27,91282CKY6,TSRYS5833261,D,S,D,2024-06-27,1000000.00,4.755539,99.75390625
08:01:27,91282CKY6,TSRYS5833261,D,B,C,2024-06-27,1000000.00,4.755539,99.75390625
08:01:27,91282CKY6,TSRYS5833261,D,S,C,2024-06-27,2000000.00,4.757615,99.75
08:01:27,91282CKY6,TSRYS5833261,D,B,C,2024-06-27,1000000.00,4.757615,99.75
08:01:27,91282CKY6,TSRYS5833261,D,S,C,2024-06-27,7000000.00,4.757615,99.75
08:01:27,91282CKY6,TSRYS5833261,D,B,C,2024-06-27,7000000.00,4.757615,99.75
08:01:27,91282CKY6,TSRYS5833261,D,S,C,2024-06-27,1000000.00,4.757615,99.75
08:01:27,91282CKY6,TSRYS5833261,D,B,C,2024-06-27,2000000.00,4.757615,99.75
08:01:27,91282CKY6,TSRYS5833261,D,S,T,2024-06-27,17400000.00,4.691217,99.875
08:01:28,91282CKY6,TSRYS5833261,D,B,C,2024-06-27,1000000.00,4.755539,99.75390625
08:01:28,91282CKY6,TSRYS5833261,D,S,D,2024-06-27,1000000.00,4.757615,99.75
08:01:28,91282CKY6,TSRYS5833261,D,S,D,2024-06-27,1000000.00,4.755539,99.75390625
08:01:28,91282CKY6,TSRYS5833261,D,B,C,2024-06-27,2000000.00,4.755539,99.75390625
08:01:28,91282CKY6,TSRYS5833261,D,S,D,2024-06-27,2000000.00,4.755539,99.75390625
08:01:28,91282CKY6,TSRYS5833261,D,S,C,2024-06-27,1000000.00,4.755539,99.75390625
08:01:28,91282CKY6,TSRYS5833261,D,S,D,2024-06-27,1000000.00,4.755539,99.75390625
08:01:28,91282CKY6,TSRYS5833261,D,S,T,2024-06-27,1000000.00,4.757722,99.7498
08:01:28,91282CKY6,TSRYS5833261,D,S,D,2024-06-27,3000000.00,4.756577,99.751953125
08:01:28,91282CKY6,TSRYS5833261,D,S,D,2024-06-27,3000000.00,4.756577,99.751953125
08:01:28,91282CKY6,TSRYS5833261,D,S,D,2024-06-27,1000000.00,4.755539,99.75390625
08:01:28,91282CKY6,TSRYS5833261,D,S,D,2024-06-27,1000000.00,4.755539,99.75390625
08:01:28,91282CKY6,TSRYS5833261,D,S,C,2024-06-27,1000000.00,4.756577,99.751953125
08:01:28,91282CKY6,TSRYS5833261,D,B,C,2024-06-27,1000000.00,4.755539,99.75390625
08:01:28,91282CKY6,TSRYS5833261,D,S,D,2024-06-27,1000000.00,4.755539,99.75390625
08:01:28,91282CKY6,TSRYS5833261,D,S,D,2024-06-27,13000000.00,4.755539,99.75390625
08:01:28,91282CKY6,TSRYS5833261,D,S,D,2024-06-27,1000000.00,4.755539,99.75390625
08:01:28,91282CKY6,TSRYS5833261,D,S,D,2024-06-27,1000000.00,4.755539,99.75390625
08:01:28,91282CKY6,TSRYS5833261,D,S,T,2024-06-27,2000000.00,4.753462,99.7578125
08:01:28,91282CKY6,TSRYS5833261,D,S,T,2024-06-27,3000000.00,4.753462,99.7578125
08:01:28,91282CKY6,TSRYS5833261,D,S,D,2024-06-27,1000000.00,4.755539,99.75390625
08:01:28,91282CKY6,TSRYS5833261,D,S,D,2024-06-27,1000000.00,4.755539,99.75390625
08:01:28,91282CKY6,TSRYS5833261,D,S,T,2024-06-27,1000000.00,4.753462,99.7578125
08:01:28,91282CKY6,TSRYS5833261,D,S,T,2024-06-27,4000000.00,4.753462,99.7578125
08:01:28,91282CKY6,TSRYS5833261,D,S,D,2024-06-27,1000000.00,4.755539,99.75390625
