tradeTime,cusip,issueSymbolIdentifier,priceType,reportingSideCode,contraPartyTypeCode,tradeDate,reportedTradeVolume,lastSaleYield,lastSalePrice
08:00:03,91282CKS9,TSRYS5814779,D,S,T,2024-06-17,1000000.00,4.716801,100.2890625
08:00:03,91282CKS9,TSRYS5814779,D,S,T,2024-06-17,2000000.00,4.716801,100.2890625
08:00:03,91282CKS9,TSRYS5814779,D,S,T,2024-06-17,3000000.00,4.713629,100.294921875
08:00:03,91282CKS9,TSRYS5814779,D,S,D,2024-06-17,4000000.00,4.713629,100.294921875
08:00:03,91282CKS9,TSRYS5814779,D,S,D,2024-06-17,4000000.00,4.715744,100.291015625
08:00:03,91282CKS9,TSRYS5814779,D,S,D,2024-06-17,1000000.00,4.715744,100.291015625
08:00:03,91282CKS9,TSRYS5814779,D,S,D,2024-06-17,2000000.00,4.715744,100.291015625
08:00:03,91282CKS9,TSRYS5814779,D,S,T,2024-06-17,1000000.00,4.715744,100.291015625
08:00:03,91282CKS9,TSRYS5814779,D,S,D,2024-06-17,4000000.00,4.715744,100.291015625
08:00:03,91282CKS9,TSRYS5814779,D,S,D,2024-06-17,4000000.00,4.715744,100.291015625
08:00:03,91282CKS9,TSRYS5814779,D,S,D,2024-06-17,4000000.00,4.715744,100.291015625
08:00:03,91282CKS9,TSRYS5814779,D,S,D,2024-06-17,4000000.00,4.715744,100.291015625
08:00:03,91282CKS9,TSRYS5814779,D,S,D,2024-06-17,1000000.00,4.721031,100.28125
08:00:03,91282CKS9,TSRYS5814779,D,S,T,2024-06-17,1000000.00,4.721031,100.28125
08:00:03,91282CKS9,TSRYS5814779,D,S,D,2024-06-17,2000000.00,4.721031,100.28125
08:00:03,91282CKS9,TSRYS5814779,D,S,D,2024-06-17,4000000.00,4.721031,100.28125
08:00:03,91282CKS9,TSRYS5814779,D,S,D,2024-06-17,4000000.00,4.721031,100.28125
08:00:03,91282CKS9,TSRYS5814779,D,S,D,2024-06-17,3000000.00,4.721031,100.28125
08:00:03,91282CKS9,TSRYS5814779,D,S,D,2024-06-17,2000000.00,4.721031,100.28125
08:00:03,91282CKS9,TSRYS5814779,D,S,D,2024-06-17,4000000.00,4.721031,100.28125
08:00:03,91282CKS9,TSRYS5814779,D,S,D,2024-06-17,4000000.00,4.721031,100.28125
08:00:03,91282CKS9,TSRYS5814779,D,S,D,2024-06-17,2000000.00,4.721031,100.28125
08:00:03,91282CKS9,TSRYS5814779,D,S,D,2024-06-17,3000000.00,4.721031,100.28125
08:00:03,91282CKS9,TSRYS5814779,D,S,D,2024-06-17,2000000.00,4.721031,100.28125
08:00:03,91282CKS9,TSRYS5814779,D,S,D,2024-06-17,1000000.00,4.721031,100.28125
08:00:03,91282CKS9,TSRYS5814779,D,S,D,2024-06-17,4000000.00,4.721031,100.28125
08:00:03,91282CKS9,TSRYS5814779,D,S,D,2024-06-17,1000000.00,4.721031,100.28125
08:00:03,91282CKS9,TSRYS5814779,D,S,T,2024-06-17,2000000.00,4.719974,100.283203125
08:00:03,91282CKS9,TSRYS5814779,D,S,D,2024-06-17,3000000.00,4.718916,100.28515625
08:00:03,91282CKS9,TSRYS5814779,D,S,D,2024-06-17,3000000.00,4.711515,100.298828125
08:00:03,91282CKS9,TSRYS5814779,D,S,T,2024-06-17,1000000.00,4.716801,100.2890625
08:00:03,91282CKS9,TSRYS5814779,D,S,T,2024-06-17,1000000.00,4.716801,100.2890625
08:00:03,91282CKS9,TSRYS5814779,D,S,T,2024-06-17,1000000.00,4.717859,100.287109375
08:00:03,91282CKS9,TSRYS5814779,D,S,T,2024-06-17,1000000.00,4.717859,100.287109375
08:00:03,91282CKS9,TSRYS5814779,D,S,D,2024-06-17,4000000.00,4.714687,100.29296875
08:00:03,91282CKS9,TSRYS5814779,D,S,D,2024-06-17,4000000.00,4.714687,100.29296875
08:00:03,91282CKS9,TSRYS5814779,D,S,D,2024-06-17,4000000.00,4.714687,100.29296875
08:00:03,91282CKS9,TSRYS5814779,D,S,T,2024-06-17,4000000.00,4.714687,100.29296875
08:00:03,91282CKS9,TSRYS5814779,D,S,D,2024-06-17,3000000.00,4.714687,100.29296875
08:00:03,91282CKS9,TSRYS5814779,D,S,D,2024-06-17,1000000.00,4.714687,100.29296875
08:00:03,91282CKS9,TSRYS5814779,D,S,D,2024-06-17,1000000.00,4.714687,100.29296875
08:00:03,91282CKS9,TSRYS5814779,D,S,T,2024-06-17,4000000.00,4.716801,100.2890625
08:00:03,91282CKS9,TSRYS5814779,D,S,T,2024-06-17,4000000.00,4.716801,100.2890625
08:00:03,91282CKS9,TSRYS5814779,D,S,T,2024-06-17,4000000.00,4.718916,100.28515625
08:00:03,91282CKS9,TSRYS5814779,D,S,T,2024-06-17,4000000.00,4.714687,100.29296875
08:00:03,91282CKS9,TSRYS5814779,D,S,T,2024-06-17,1000000.00,4.714687,100.29296875
08:00:03,91282CKS9,TSRYS5814779,D,S,T,2024-06-17,2000000.00,4.714687,100.29296875
08:00:03,91282CKS9,TSRYS5814779,D,S,T,2024-06-17,4000000.00,4.714687,100.29296875
08:00:03,91282CKS9,TSRYS5814779,D,S,T,2024-06-17,2000000.00,4.714687,100.29296875
08:00:03,91282CKS9,TSRYS5814779,D,S,D,2024-06-17,4000000.00,4.715744,100.291015625
08:00:03,91282CKS9,TSRYS5814779,D,S,D,2024-06-17,4000000.00,4.715744,100.291015625
08:00:03,91282CKS9,TSRYS5814779,D,S,T,2024-06-17,4000000.00,4.702,100.31640625
08:00:03,91282CKS9,TSRYS5814779,D,S,D,2024-06-17,3000000.00,4.702,100.31640625
08:00:03,91282CKS9,TSRYS5814779,D,S,D,2024-06-17,1000000.00,4.706228,100.30859375
08:00:03,91282CKS9,TSRYS5814779,D,S,D,2024-06-17,1000000.00,4.706228,100.30859375
08:00:03,91282CKS9,TSRYS5814779,D,S,T,2024-06-17,4000000.00,4.704114,100.3125
08:00:03,91282CKS9,TSRYS5814779,D,S,D,2024-06-17,828000.00,4.703057,100.314453125
08:00:07,91282CKS9,TSRYS5814779,D,S,T,2024-06-17,3000000.00,4.710457,100.30078125
08:00:07,91282CKS9,TSRYS5814779,D,S,D,2024-06-17,828000.00,4.7094,100.302734375
08:00:07,91282CKS9,TSRYS5814779,D,S,D,2024-06-17,828000.00,4.7094,100.302734375
08:00:07,91282CKS9,TSRYS5814779,D,S,D,2024-06-17,828000.00,4.7094,100.302734375
08:00:07,91282CKS9,TSRYS5814779,D,S,D,2024-06-17,828000.00,4.710457,100.30078125
08:00:07,91282CKS9,TSRYS5814779,D,S,D,2024-06-17,828000.00,4.712572,100.296875
08:00:07,91282CKS9,TSRYS5814779,D,S,D,2024-06-17,828000.00,4.713629,100.294921875
08:00:07,91282CKS9,TSRYS5814779,D,S,D,2024-06-17,828000.00,4.713629,100.294921875
08:00:07,91282CKS9,TSRYS5814779,D,S,D,2024-06-17,828000.00,4.713629,100.294921875
08:00:07,91282CKS9,TSRYS5814779,D,S,D,2024-06-17,828000.00,4.713629,100.294921875
08:00:07,91282CKS9,TSRYS5814779,D,S,D,2024-06-17,828000.00,4.713629,100.294921875
08:00:07,91282CKS9,TSRYS5814779,D,S,D,2024-06-17,828000.00,4.713629,100.294921875
08:00:07,91282CKS9,TSRYS5814779,D,S,D,2024-06-17,1000000.00,4.712572,100.296875
08:00:07,91282CKS9,TSRYS5814779,D,S,D,2024-06-17,828000.00,4.718916,100.28515625
08:00:07,91282CKS9,TSRYS5814779,D,S,D,2024-06-17,828000.00,4.718916,100.28515625
08:00:07,91282CKS9,TSRYS5814779,D,S,D,2024-06-17,828000.00,4.721031,100.28125
08:00:07,91282CKS9,TSRYS5814779,D,S,D,2024-06-17,828000.00,4.721031,100.28125
08:00:07,91282CKS9,TSRYS5814779,D,S,D,2024-06-17,2000000.00,4.723146,100.27734375
08:00:07,91282CKS9,TSRYS5814779,D,S,D,2024-06-17,828000.00,4.725262,100.2734375
08:00:07,91282CKS9,TSRYS5814779,D,S,D,2024-06-17,4000000.00,4.725262,100.2734375
08:00:07,91282CKS9,TSRYS5814779,D,S,D,2024-06-17,1000000.00,4.725262,100.2734375
08:00:07,91282CKS9,TSRYS5814779,D,S,D,2024-06-17,4000000.00,4.725262,100.2734375
08:00:07,91282CKS9,TSRYS5814779,D,S,D,2024-06-17,1000000.00,4.725262,100.2734375
08:00:07,91282CKS9,TSRYS5814779,D,S,D,2024-06-17,4000000.00,4.725262,100.2734375
08:00:07,91282CKS9,TSRYS5814779,D,S,D,2024-06-17,4000000.00,4.725262,100.2734375
08:00:07,91282CKS9,TSRYS5814779,D,S,D,2024-06-17,4000000.00,4.725262,100.2734375
08:00:07,91282CKS9,TSRYS5814779,D,S,D,2024-06-17,4000000.00,4.725262,100.2734375
08:00:07,91282CKS9,TSRYS5814779,D,S,D,2024-06-17,3000000.00,4.725262,100.2734375
08:00:07,91282CKS9,TSRYS5814779,D,S,D,2024-06-17,4000000.00,4.725262,100.2734375
08:00:07,91282CKS9,TSRYS5814779,D,S,D,2024-06-17,1000000.00,4.725262,100.2734375
08:00:07,91282CKS9,TSRYS5814779,D,S,D,2024-06-17,828000.00,4.725262,100.2734375
08:00:07,91282CKS9,TSRYS5814779,D,S,D,2024-06-17,828000.00,4.726319,100.271484375
08:00:07,91282CKS9,TSRYS5814779,D,S,D,2024-06-17,2000000.00,4.725262,100.2734375
08:00:07,91282CKS9,TSRYS5814779,D,S,D,2024-06-17,2000000.00,4.725262,100.2734375
08:00:07,91282CKS9,TSRYS5814779,D,S,T,2024-06-17,1000000.00,4.721031,100.28125
08:00:07,91282CKS9,TSRYS5814779,D,S,T,2024-06-17,1000000.00,4.721031,100.28125
08:00:07,91282CKS9,TSRYS5814779,D,S,T,2024-06-17,1000000.00,4.714687,100.29296875
08:00:07,91282CKS9,TSRYS5814779,D,S,T,2024-06-17,1000000.00,4.714687,100.29296875
08:00:07,91282CKS9,TSRYS5814779,D,S,T,2024-06-17,1000000.00,4.708343,100.3046875
08:00:07,91282CKS9,TSRYS5814779,D,S,T,2024-06-17,1000000.00,4.710457,100.30078125
08:00:07,91282CKS9,TSRYS5814779,D,S,T,2024-06-17,1000000.00,4.710457,100.30078125
08:00:07,91282CKS9,TSRYS5814779,D,S,T,2024-06-17,1000000.00,4.708343,100.3046875
08:00:07,91282CKS9,TSRYS5814779,D,S,T,2024-06-17,1000000.00,4.704114,100.3125
08:00:08,91282CKS9,TSRYS5814779,D,S,D,2024-06-17,6231000.00,4.727377,100.26953125
08:00:10,91282CKS9,TSRYS5814779,D,S,A,2024-06-17,100000.00,4.72508,100.2787725
08:00:12,91282CKS9,TSRYS5814779,D,S,T,2024-06-17,1000000.00,4.718916,100.28515625
08:00:12,91282CKS9,TSRYS5814779,D,S,T,2024-06-17,1000000.00,4.718916,100.28515625
08:00:12,91282CKS9,TSRYS5814779,D,S,T,2024-06-17,1000000.00,4.718916,100.28515625
08:00:12,91282CKS9,TSRYS5814779,D,S,T,2024-06-17,1000000.00,4.718916,100.28515625
08:00:13,91282CKS9,TSRYS5814779,D,S,T,2024-06-17,1000000.00,4.717859,100.287109375
08:00:13,91282CKS9,TSRYS5814779,D,S,D,2024-06-17,1000000.00,4.714687,100.29296875
08:00:13,91282CKS9,TSRYS5814779,D,S,T,2024-06-17,1000000.00,4.719974,100.283203125
08:00:13,91282CKS9,TSRYS5814779,D,S,T,2024-06-17,1000000.00,4.718916,100.28515625
08:00:13,91282CKS9,TSRYS5814779,D,S,T,2024-06-17,1000000.00,4.719974,100.283203125
08:00:13,91282CKS9,TSRYS5814779,D,S,T,2024-06-17,1000000.00,4.722089,100.279296875
08:00:13,91282CKS9,TSRYS5814779,D,S,T,2024-06-17,1000000.00,4.721031,100.28125
08:00:13,91282CKS9,TSRYS5814779,D,S,T,2024-06-17,2000000.00,4.721031,100.28125
08:00:13,91282CKS9,TSRYS5814779,D,S,D,2024-06-17,1000000.00,4.713629,100.294921875
08:00:13,91282CKS9,TSRYS5814779,D,S,T,2024-06-17,1000000.00,4.713629,100.294921875
08:00:13,91282CKS9,TSRYS5814779,D,S,T,2024-06-17,1000000.00,4.713629,100.294921875
08:00:13,91282CKS9,TSRYS5814779,D,S,T,2024-06-17,1000000.00,4.715744,100.291015625
08:00:13,91282CKS9,TSRYS5814779,D,S,D,2024-06-17,1000000.00,4.721031,100.28125
08:00:13,91282CKS9,TSRYS5814779,D,S,D,2024-06-17,1000000.00,4.721031,100.28125
08:00:13,91282CKS9,TSRYS5814779,D,S,T,2024-06-17,1000000.00,4.722089,100.279296875
08:00:13,91282CKS9,TSRYS5814779,D,S,D,2024-06-17,1000000.00,4.719974,100.283203125
08:00:13,91282CKS9,TSRYS5814779,D,S,D,2024-06-17,1000000.00,4.719974,100.283203125
08:00:13,91282CKS9,TSRYS5814779,D,S,D,2024-06-17,1000000.00,4.719974,100.283203125
08:00:13,91282CKS9,TSRYS5814779,D,S,T,2024-06-17,1000000.00,4.712572,100.296875
08:00:13,91282CKS9,TSRYS5814779,D,S,T,2024-06-17,1000000.00,4.712572,100.296875
08:00:13,91282CKS9,TSRYS5814779,D,S,T,2024-06-17,1000000.00,4.712572,100.296875
08:00:13,91282CKS9,TSRYS5814779,D,S,D,2024-06-17,1000000.00,4.711515,100.298828125
08:00:13,91282CKS9,TSRYS5814779,D,S,T,2024-06-17,1000000.00,4.712572,100.296875
08:00:13,91282CKS9,TSRYS5814779,D,S,T,2024-06-17,1000000.00,4.712572,100.296875
08:00:13,91282CKS9,TSRYS5814779,D,S,T,2024-06-17,1000000.00,4.712572,100.296875
08:00:13,91282CKS9,TSRYS5814779,D,S,T,2024-06-17,1000000.00,4.715744,100.291015625
08:00:14,91282CKS9,TSRYS5814779,D,S,T,2024-06-17,1000000.00,4.712572,100.296875
08:00:14,91282CKS9,TSRYS5814779,D,S,T,2024-06-17,1000000.00,4.712572,100.296875
08:00:14,91282CKS9,TSRYS5814779,D,S,D,2024-06-17,1000000.00,4.715744,100.291015625
08:00:14,91282CKS9,TSRYS5814779,D,S,D,2024-06-17,1000000.00,4.715744,100.291015625
08:00:14,91282CKS9,TSRYS5814779,D,S,T,2024-06-17,1000000.00,4.710457,100.30078125
08:00:14,91282CKS9,TSRYS5814779,D,S,T,2024-06-17,1000000.00,4.715744,100.291015625
08:00:14,91282CKS9,TSRYS5814779,D,B,A,2024-06-17,4000000.00,4.714687,100.29296875
08:00:14,91282CKS9,TSRYS5814779,D,S,T,2024-06-17,1000000.00,4.715744,100.291015625
08:00:14,91282CKS9,TSRYS5814779,D,S,T,2024-06-17,1000000.00,4.715744,100.291015625
08:00:14,91282CKS9,TSRYS5814779,D,S,T,2024-06-17,1000000.00,4.719974,100.283203125
08:00:14,91282CKS9,TSRYS5814779,D,S,T,2024-06-17,1000000.00,4.715744,100.291015625
08:00:14,91282CKS9,TSRYS5814779,D,S,D,2024-06-17,1000000.00,4.715744,100.291015625
08:00:14,91282CKS9,TSRYS5814779,D,S,T,2024-06-17,1000000.00,4.715744,100.291015625
08:00:14,91282CKS9,TSRYS5814779,D,S,T,2024-06-17,1000000.00,4.715744,100.291015625
08:00:14,91282CKS9,TSRYS5814779,D,S,T,2024-06-17,1000000.00,4.715744,100.291015625
08:00:14,91282CKS9,TSRYS5814779,D,S,D,2024-06-17,1000000.00,4.715744,100.291015625
08:00:14,91282CKS9,TSRYS5814779,D,S,T,2024-06-17,1000000.00,4.715744,100.291015625
08:00:14,91282CKS9,TSRYS5814779,D,S,T,2024-06-17,1000000.00,4.710457,100.30078125
08:00:14,91282CKS9,TSRYS5814779,D,S,T,2024-06-17,1000000.00,4.710457,100.30078125
08:00:14,91282CKS9,TSRYS5814779,D,S,T,2024-06-17,1000000.00,4.711515,100.298828125
08:00:14,91282CKS9,TSRYS5814779,D,S,T,2024-06-17,1000000.00,4.710457,100.30078125
08:00:14,91282CKS9,TSRYS5814779,D,S,T,2024-06-17,1000000.00,4.711515,100.298828125
08:00:14,91282CKS9,TSRYS5814779,D,S,T,2024-06-17,1000000.00,4.710457,100.30078125
08:00:14,91282CKS9,TSRYS5814779,D,S,T,2024-06-17,1000000.00,4.711515,100.298828125
08:00:14,91282CKS9,TSRYS5814779,D,S,T,2024-06-17,1000000.00,4.710457,100.30078125
08:00:14,91282CKS9,TSRYS5814779,D,S,T,2024-06-17,1000000.00,4.710457,100.30078125
08:00:14,91282CKS9,TSRYS5814779,D,S,T,2024-06-17,1000000.00,4.710457,100.30078125
08:00:14,91282CKS9,TSRYS5814779,D,S,T,2024-06-17,1000000.00,4.710457,100.30078125
08:00:14,91282CKS9,TSRYS5814779,D,S,T,2024-06-17,1000000.00,4.7094,100.302734375
08:00:14,91282CKS9,TSRYS5814779,D,S,T,2024-06-17,1000000.00,4.708343,100.3046875
08:00:14,91282CKS9,TSRYS5814779,D,S,T,2024-06-17,1000000.00,4.7094,100.302734375
08:00:14,91282CKS9,TSRYS5814779,D,S,T,2024-06-17,1000000.00,4.7094,100.302734375
08:00:14,91282CKS9,TSRYS5814779,D,S,T,2024-06-17,1000000.00,4.7094,100.302734375
08:00:14,91282CKS9,TSRYS5814779,D,S,T,2024-06-17,1000000.00,4.708343,100.3046875
08:00:14,91282CKS9,TSRYS5814779,D,S,T,2024-06-17,1000000.00,4.708343,100.3046875
08:00:14,91282CKS9,TSRYS5814779,D,S,T,2024-06-17,1000000.00,4.708343,100.3046875
08:00:14,91282CKS9,TSRYS5814779,D,S,T,2024-06-17,1000000.00,4.708343,100.3046875
08:00:14,91282CKS9,TSRYS5814779,D,S,T,2024-06-17,1000000.00,4.708343,100.3046875
08:00:14,91282CKS9,TSRYS5814779,D,S,T,2024-06-17,1000000.00,4.7094,100.302734375
08:00:14,91282CKS9,TSRYS5814779,D,S,T,2024-06-17,1000000.00,4.710457,100.30078125
08:00:14,91282CKS9,TSRYS5814779,D,S,T,2024-06-17,1000000.00,4.711515,100.298828125
08:00:14,91282CKS9,TSRYS5814779,D,S,T,2024-06-17,1000000.00,4.710457,100.30078125
08:00:14,91282CKS9,TSRYS5814779,D,S,T,2024-06-17,1000000.00,4.710457,100.30078125
08:00:14,91282CKS9,TSRYS5814779,D,S,T,2024-06-17,1000000.00,4.710457,100.30078125
08:00:14,91282CKS9,TSRYS5814779,D,S,T,2024-06-17,1000000.00,4.710457,100.30078125
08:00:14,91282CKS9,TSRYS5814779,D,S,T,2024-06-17,1000000.00,4.708343,100.3046875
08:00:14,91282CKS9,TSRYS5814779,D,S,T,2024-06-17,1000000.00,4.707286,100.306640625
08:00:14,91282CKS9,TSRYS5814779,D,S,T,2024-06-17,1000000.00,4.707286,100.306640625
08:00:14,91282CKS9,TSRYS5814779,D,S,T,2024-06-17,1000000.00,4.707286,100.306640625
08:00:14,91282CKS9,TSRYS5814779,D,S,T,2024-06-17,1000000.00,4.707286,100.306640625
08:00:14,91282CKS9,TSRYS5814779,D,S,T,2024-06-17,1000000.00,4.704114,100.3125
08:00:14,91282CKS9,TSRYS5814779,D,S,T,2024-06-17,1000000.00,4.702,100.31640625
08:00:14,91282CKS9,TSRYS5814779,D,S,T,2024-06-17,1000000.00,4.707286,100.306640625
08:00:14,91282CKS9,TSRYS5814779,D,S,T,2024-06-17,1000000.00,4.707286,100.306640625
08:00:14,91282CKS9,TSRYS5814779,D,S,T,2024-06-17,1000000.00,4.707286,100.306640625
08:00:14,91282CKS9,TSRYS5814779,D,S,T,2024-06-17,1000000.00,4.707286,100.306640625
08:00:14,91282CKS9,TSRYS5814779,D,S,T,2024-06-17,1000000.00,4.707286,100.306640625
08:00:14,91282CKS9,TSRYS5814779,D,S,T,2024-06-17,1000000.00,4.704114,100.3125
08:00:14,91282CKS9,TSRYS5814779,D,S,T,2024-06-17,1000000.00,4.704114,100.3125
08:00:14,91282CKS9,TSRYS5814779,D,S,D,2024-06-17,1000000.00,4.706228,100.30859375
08:00:14,91282CKS9,TSRYS5814779,D,S,T,2024-06-17,1000000.00,4.710457,100.30078125
08:00:14,91282CKS9,TSRYS5814779,D,S,T,2024-06-17,1000000.00,4.710457,100.30078125
08:00:14,91282CKS9,TSRYS5814779,D,S,T,2024-06-17,1000000.00,4.710457,100.30078125
08:00:14,91282CKS9,TSRYS5814779,D,S,T,2024-06-17,1000000.00,4.710457,100.30078125
08:00:14,91282CKS9,TSRYS5814779,D,S,T,2024-06-17,1000000.00,4.710457,100.30078125
08:00:14,91282CKS9,TSRYS5814779,D,S,D,2024-06-17,1000000.00,4.711515,100.298828125
08:00:14,91282CKS9,TSRYS5814779,D,S,D,2024-06-17,1000000.00,4.712572,100.296875
08:00:14,91282CKS9,TSRYS5814779,D,S,T,2024-06-17,1000000.00,4.713629,100.294921875
08:00:14,91282CKS9,TSRYS5814779,D,S,T,2024-06-17,1000000.00,4.713629,100.294921875
08:00:14,91282CKS9,TSRYS5814779,D,S,D,2024-06-17,1000000.00,4.725262,100.2734375
08:00:21,91282CKS9,TSRYS5814779,D,S,D,2024-06-17,1000000.00,4.716801,100.2890625
08:00:21,91282CKS9,TSRYS5814779,D,S,D,2024-06-17,1000000.00,4.716801,100.2890625
08:00:22,91282CKS9,TSRYS5814779,D,S,D,2024-06-17,2000000.00,4.717859,100.287109375
08:00:22,91282CKS9,TSRYS5814779,D,S,D,2024-06-17,1000000.00,4.717859,100.287109375
08:00:22,91282CKS9,TSRYS5814779,D,S,D,2024-06-17,2000000.00,4.717859,100.287109375
08:00:23,91282CKS9,TSRYS5814779,D,S,A,2024-06-17,1500000.00,4.714687,100.29296875
08:00:23,91282CKS9,TSRYS5814779,D,B,C,2024-06-17,1000000.00,4.714687,100.29296875
08:00:23,91282CKS9,TSRYS5814779,D,B,A,2024-06-17,5000000.00,4.710457,100.30078125
08:00:24,91282CKS9,TSRYS5814779,D,S,A,2024-06-17,250MM+,4.717,100.288696
08:00:24,91282CKS9,TSRYS5814779,D,S,D,2024-06-17,1000000.00,4.721031,100.28125
08:00:24,91282CKS9,TSRYS5814779,D,S,A,2024-06-17,7000000.00,4.712572,100.296875
08:00:24,91282CKS9,TSRYS5814779,D,S,A,2024-06-17,7000000.00,4.714687,100.29296875
08:00:24,91282CKS9,TSRYS5814779,D,B,C,2024-06-17,12188000.00,4.716801,100.2890625
08:00:24,91282CKS9,TSRYS5814779,D,S,D,2024-06-17,1000000.00,4.714687,100.29296875
08:00:25,91282CKS9,TSRYS5814779,D,B,C,2024-06-17,950000.00,4.715966,100.2890625
08:00:26,91282CKS9,TSRYS5814779,D,S,D,2024-06-17,1000000.00,4.718916,100.28515625
08:00:26,91282CKS9,TSRYS5814779,D,S,D,2024-06-17,1000000.00,4.718916,100.28515625
08:00:26,91282CKS9,TSRYS5814779,D,S,D,2024-06-17,1000000.00,4.717859,100.287109375
08:00:26,91282CKS9,TSRYS5814779,D,B,C,2024-06-17,55000000.00,4.720213,100.28125
08:00:27,91282CKS9,TSRYS5814779,D,S,T,2024-06-17,1000000.00,4.716801,100.2890625
08:00:27,91282CKS9,TSRYS5814779,D,S,T,2024-06-17,1000000.00,4.716801,100.2890625
08:00:27,91282CKS9,TSRYS5814779,D,B,C,2024-06-17,1000000.00,4.721031,100.28125
08:00:27,91282CKS9,TSRYS5814779,D,B,C,2024-06-17,3000000.00,4.721031,100.28125
08:00:27,91282CKS9,TSRYS5814779,D,S,T,2024-06-17,2000000.00,4.714687,100.29296875
08:00:27,91282CKS9,TSRYS5814779,D,S,T,2024-06-17,2000000.00,4.715744,100.291015625
08:00:27,91282CKS9,TSRYS5814779,D,S,T,2024-06-17,2000000.00,4.710457,100.30078125
08:00:28,91282CKS9,TSRYS5814779,D,S,T,2024-06-17,2000000.00,4.725262,100.2734375
08:00:30,91282CKS9,TSRYS5814779,D,S,T,2024-06-17,1000000.00,4.719974,100.283203125
08:00:30,91282CKS9,TSRYS5814779,D,S,T,2024-06-17,1000000.00,4.715744,100.291015625
08:00:30,91282CKS9,TSRYS5814779,D,S,T,2024-06-17,1000000.00,4.715744,100.291015625
08:00:30,91282CKS9,TSRYS5814779,D,S,T,2024-06-17,1000000.00,4.714687,100.29296875
08:00:30,91282CKS9,TSRYS5814779,D,S,T,2024-06-17,2000000.00,4.714687,100.29296875
08:00:30,91282CKS9,TSRYS5814779,D,S,T,2024-06-17,1000000.00,4.715744,100.291015625
08:00:30,91282CKS9,TSRYS5814779,D,S,T,2024-06-17,1000000.00,4.715744,100.291015625
08:00:30,91282CKS9,TSRYS5814779,D,S,T,2024-06-17,1000000.00,4.717859,100.287109375
08:00:30,91282CKS9,TSRYS5814779,D,S,T,2024-06-17,1000000.00,4.717859,100.287109375
08:00:30,91282CKS9,TSRYS5814779,D,S,T,2024-06-17,2000000.00,4.717859,100.287109375
08:00:30,91282CKS9,TSRYS5814779,D,S,T,2024-06-17,1000000.00,4.716801,100.2890625
08:00:30,91282CKS9,TSRYS5814779,D,S,T,2024-06-17,8000000.00,4.716801,100.2890625
08:00:30,91282CKS9,TSRYS5814779,D,S,T,2024-06-17,3000000.00,4.716801,100.2890625
08:00:30,91282CKS9,TSRYS5814779,D,S,T,2024-06-17,7000000.00,4.716801,100.2890625
08:00:30,91282CKS9,TSRYS5814779,D,S,T,2024-06-17,1000000.00,4.716801,100.2890625
08:00:30,91282CKS9,TSRYS5814779,D,S,T,2024-06-17,2000000.00,4.718916,100.28515625
08:00:30,91282CKS9,TSRYS5814779,D,S,T,2024-06-17,2000000.00,4.718916,100.28515625
08:00:30,91282CKS9,TSRYS5814779,D,S,T,2024-06-17,2000000.00,4.718916,100.28515625
08:00:30,91282CKS9,TSRYS5814779,D,S,T,2024-06-17,3000000.00,4.718916,100.28515625
08:00:30,91282CKS9,TSRYS5814779,D,S,T,2024-06-17,1000000.00,4.718916,100.28515625
08:00:30,91282CKS9,TSRYS5814779,D,S,T,2024-06-17,1000000.00,4.718916,100.28515625
08:00:30,91282CKS9,TSRYS5814779,D,S,T,2024-06-17,1000000.00,4.718916,100.28515625
08:00:30,91282CKS9,TSRYS5814779,D,S,T,2024-06-17,1000000.00,4.718916,100.28515625
08:00:30,91282CKS9,TSRYS5814779,D,S,T,2024-06-17,4000000.00,4.718916,100.28515625
08:00:30,91282CKS9,TSRYS5814779,D,S,T,2024-06-17,2000000.00,4.718916,100.28515625
08:00:30,91282CKS9,TSRYS5814779,D,S,T,2024-06-17,1000000.00,4.718916,100.28515625
08:00:30,91282CKS9,TSRYS5814779,D,S,T,2024-06-17,2000000.00,4.718916,100.28515625
08:00:30,91282CKS9,TSRYS5814779,D,S,T,2024-06-17,10000000.00,4.718916,100.28515625
08:00:30,91282CKS9,TSRYS5814779,D,S,T,2024-06-17,1000000.00,4.718916,100.28515625
08:00:30,91282CKS9,TSRYS5814779,D,S,T,2024-06-17,1000000.00,4.717859,100.287109375
08:00:30,91282CKS9,TSRYS5814779,D,S,T,2024-06-17,1000000.00,4.716801,100.2890625
08:00:34,91282CKS9,TSRYS5814779,D,S,T,2024-06-17,2000000.00,4.714687,100.29296875
08:00:34,91282CKS9,TSRYS5814779,D,S,T,2024-06-17,1000000.00,4.714687,100.29296875
08:00:34,91282CKS9,TSRYS5814779,D,S,T,2024-06-17,1000000.00,4.712572,100.296875
08:00:34,91282CKS9,TSRYS5814779,D,S,T,2024-06-17,1000000.00,4.712572,100.296875
08:00:34,91282CKS9,TSRYS5814779,D,S,T,2024-06-17,1000000.00,4.712572,100.296875
08:00:34,91282CKS9,TSRYS5814779,D,S,T,2024-06-17,4000000.00,4.712572,100.296875
08:00:34,91282CKS9,TSRYS5814779,D,S,T,2024-06-17,2000000.00,4.718916,100.28515625
08:00:34,91282CKS9,TSRYS5814779,D,S,T,2024-06-17,1000000.00,4.718916,100.28515625
08:00:34,91282CKS9,TSRYS5814779,D,S,T,2024-06-17,2000000.00,4.718916,100.28515625
08:00:34,91282CKS9,TSRYS5814779,D,S,T,2024-06-17,2000000.00,4.718916,100.28515625
08:00:34,91282CKS9,TSRYS5814779,D,S,T,2024-06-17,2000000.00,4.718916,100.28515625
08:00:34,91282CKS9,TSRYS5814779,D,S,T,2024-06-17,1000000.00,4.716801,100.2890625
08:00:34,91282CKS9,TSRYS5814779,D,S,T,2024-06-17,1000000.00,4.716801,100.2890625
08:00:34,91282CKS9,TSRYS5814779,D,S,T,2024-06-17,2000000.00,4.716801,100.2890625
08:00:34,91282CKS9,TSRYS5814779,D,S,T,2024-06-17,1000000.00,4.721031,100.28125
08:00:34,91282CKS9,TSRYS5814779,D,S,T,2024-06-17,3000000.00,4.721031,100.28125
08:00:34,91282CKS9,TSRYS5814779,D,S,T,2024-06-17,3000000.00,4.721031,100.28125
08:00:34,91282CKS9,TSRYS5814779,D,S,T,2024-06-17,1000000.00,4.721031,100.28125
08:00:34,91282CKS9,TSRYS5814779,D,S,D,2024-06-17,3000000.00,4.721031,100.28125
08:00:34,91282CKS9,TSRYS5814779,D,S,D,2024-06-17,1000000.00,4.721031,100.28125
08:00:34,91282CKS9,TSRYS5814779,D,S,D,2024-06-17,1000000.00,4.721031,100.28125
08:00:34,91282CKS9,TSRYS5814779,D,S,T,2024-06-17,1000000.00,4.718916,100.28515625
08:00:34,91282CKS9,TSRYS5814779,D,S,T,2024-06-17,1000000.00,4.721031,100.28125
08:00:34,91282CKS9,TSRYS5814779,D,S,T,2024-06-17,1000000.00,4.721031,100.28125
08:00:34,91282CKS9,TSRYS5814779,D,S,T,2024-06-17,3000000.00,4.719974,100.283203125
08:00:34,91282CKS9,TSRYS5814779,D,S,T,2024-06-17,3000000.00,4.712572,100.296875
08:00:34,91282CKS9,TSRYS5814779,D,S,T,2024-06-17,1000000.00,4.712572,100.296875
08:00:34,91282CKS9,TSRYS5814779,D,S,T,2024-06-17,2000000.00,4.712572,100.296875
08:00:34,91282CKS9,TSRYS5814779,D,S,T,2024-06-17,1000000.00,4.712572,100.296875
08:00:34,91282CKS9,TSRYS5814779,D,S,T,2024-06-17,2000000.00,4.712572,100.296875
08:00:34,91282CKS9,TSRYS5814779,D,S,T,2024-06-17,1000000.00,4.712572,100.296875
08:00:34,91282CKS9,TSRYS5814779,D,S,T,2024-06-17,1000000.00,4.712572,100.296875
08:00:34,91282CKS9,TSRYS5814779,D,S,T,2024-06-17,1000000.00,4.712572,100.296875
08:00:34,91282CKS9,TSRYS5814779,D,S,T,2024-06-17,2000000.00,4.712572,100.296875
08:00:34,91282CKS9,TSRYS5814779,D,S,T,2024-06-17,1000000.00,4.712572,100.296875
08:00:34,91282CKS9,TSRYS5814779,D,S,T,2024-06-17,1000000.00,4.712572,100.296875
08:00:34,91282CKS9,TSRYS5814779,D,S,T,2024-06-17,1000000.00,4.712572,100.296875
08:00:34,91282CKS9,TSRYS5814779,D,S,T,2024-06-17,3000000.00,4.712572,100.296875
08:00:34,91282CKS9,TSRYS5814779,D,S,T,2024-06-17,1000000.00,4.712572,100.296875
08:00:34,91282CKS9,TSRYS5814779,D,S,T,2024-06-17,1000000.00,4.714687,100.29296875
08:00:34,91282CKS9,TSRYS5814779,D,S,T,2024-06-17,1000000.00,4.713629,100.294921875
08:00:34,91282CKS9,TSRYS5814779,D,S,T,2024-06-17,1000000.00,4.713629,100.294921875
08:00:34,91282CKS9,TSRYS5814779,D,S,T,2024-06-17,1000000.00,4.713629,100.294921875
08:00:34,91282CKS9,TSRYS5814779,D,S,T,2024-06-17,1000000.00,4.713629,100.294921875
08:00:34,91282CKS9,TSRYS5814779,D,S,T,2024-06-17,1000000.00,4.716801,100.2890625
08:00:34,91282CKS9,TSRYS5814779,D,S,T,2024-06-17,1000000.00,4.716801,100.2890625
08:00:34,91282CKS9,TSRYS5814779,D,S,T,2024-06-17,1000000.00,4.714687,100.29296875
08:00:34,91282CKS9,TSRYS5814779,D,S,T,2024-06-17,1000000.00,4.712572,100.296875
08:00:34,91282CKS9,TSRYS5814779,D,S,T,2024-06-17,1000000.00,4.714687,100.29296875
08:00:34,91282CKS9,TSRYS5814779,D,S,T,2024-06-17,1000000.00,4.710457,100.30078125
08:00:34,91282CKS9,TSRYS5814779,D,S,T,2024-06-17,2000000.00,4.712572,100.296875
08:00:34,91282CKS9,TSRYS5814779,D,S,T,2024-06-17,3000000.00,4.712572,100.296875
08:00:34,91282CKS9,TSRYS5814779,D,S,T,2024-06-17,2000000.00,4.712572,100.296875
08:00:34,91282CKS9,TSRYS5814779,D,S,T,2024-06-17,1000000.00,4.712572,100.296875
08:00:34,91282CKS9,TSRYS5814779,D,S,T,2024-06-17,1000000.00,4.714687,100.29296875
08:00:34,91282CKS9,TSRYS5814779,D,S,D,2024-06-17,1000000.00,4.715744,100.291015625
08:00:34,91282CKS9,TSRYS5814779,D,S,T,2024-06-17,1000000.00,4.714687,100.29296875
08:00:34,91282CKS9,TSRYS5814779,D,S,T,2024-06-17,4000000.00,4.712572,100.296875
08:00:34,91282CKS9,TSRYS5814779,D,S,T,2024-06-17,1000000.00,4.714687,100.29296875
08:00:34,91282CKS9,TSRYS5814779,D,S,T,2024-06-17,1000000.00,4.714687,100.29296875
08:00:34,91282CKS9,TSRYS5814779,D,S,T,2024-06-17,1000000.00,4.714687,100.29296875
08:00:34,91282CKS9,TSRYS5814779,D,S,T,2024-06-17,1000000.00,4.716801,100.2890625
08:00:34,91282CKS9,TSRYS5814779,D,S,T,2024-06-17,1000000.00,4.716801,100.2890625
08:00:34,91282CKS9,TSRYS5814779,D,S,T,2024-06-17,2000000.00,4.716801,100.2890625
08:00:34,91282CKS9,TSRYS5814779,D,S,T,2024-06-17,1000000.00,4.716801,100.2890625
08:00:34,91282CKS9,TSRYS5814779,D,S,T,2024-06-17,1000000.00,4.714687,100.29296875
08:00:34,91282CKS9,TSRYS5814779,D,S,T,2024-06-17,1000000.00,4.714687,100.29296875
08:00:34,91282CKS9,TSRYS5814779,D,S,T,2024-06-17,1000000.00,4.714687,100.29296875
08:00:34,91282CKS9,TSRYS5814779,D,S,T,2024-06-17,1000000.00,4.714687,100.29296875
08:00:34,91282CKS9,TSRYS5814779,D,S,T,2024-06-17,1000000.00,4.716801,100.2890625
08:00:34,91282CKS9,TSRYS5814779,D,S,T,2024-06-17,1000000.00,4.716801,100.2890625
08:00:34,91282CKS9,TSRYS5814779,D,S,T,2024-06-17,1000000.00,4.716801,100.2890625
08:00:34,91282CKS9,TSRYS5814779,D,S,T,2024-06-17,1000000.00,4.716801,100.2890625
08:00:34,91282CKS9,TSRYS5814779,D,S,T,2024-06-17,1000000.00,4.716801,100.2890625
08:00:34,91282CKS9,TSRYS5814779,D,S,T,2024-06-17,1000000.00,4.716801,100.2890625
08:00:34,91282CKS9,TSRYS5814779,D,S,T,2024-06-17,1000000.00,4.716801,100.2890625
08:00:34,91282CKS9,TSRYS5814779,D,S,T,2024-06-17,1000000.00,4.716801,100.2890625
08:00:34,91282CKS9,TSRYS5814779,D,S,T,2024-06-17,1000000.00,4.721031,100.28125
08:00:34,91282CKS9,TSRYS5814779,D,S,T,2024-06-17,1000000.00,4.721031,100.28125
08:00:34,91282CKS9,TSRYS5814779,D,S,T,2024-06-17,1000000.00,4.714687,100.29296875
08:00:34,91282CKS9,TSRYS5814779,D,S,T,2024-06-17,1000000.00,4.714687,100.29296875
08:00:34,91282CKS9,TSRYS5814779,D,S,T,2024-06-17,1000000.00,4.714687,100.29296875
08:00:34,91282CKS9,TSRYS5814779,D,S,T,2024-06-17,2000000.00,4.714687,100.29296875
08:00:34,91282CKS9,TSRYS5814779,D,S,T,2024-06-17,1000000.00,4.714687,100.29296875
08:00:34,91282CKS9,TSRYS5814779,D,S,T,2024-06-17,3000000.00,4.714687,100.29296875
08:00:34,91282CKS9,TSRYS5814779,D,S,T,2024-06-17,1000000.00,4.714687,100.29296875
08:00:34,91282CKS9,TSRYS5814779,D,S,T,2024-06-17,3000000.00,4.714687,100.29296875
08:00:34,91282CKS9,TSRYS5814779,D,S,T,2024-06-17,1000000.00,4.715744,100.291015625
08:00:34,91282CKS9,TSRYS5814779,D,S,T,2024-06-17,2000000.00,4.715744,100.291015625
08:00:34,91282CKS9,TSRYS5814779,D,S,T,2024-06-17,3000000.00,4.715744,100.291015625
08:00:34,91282CKS9,TSRYS5814779,D,S,T,2024-06-17,1000000.00,4.715744,100.291015625
08:00:34,91282CKS9,TSRYS5814779,D,S,T,2024-06-17,1000000.00,4.714687,100.29296875
08:00:34,91282CKS9,TSRYS5814779,D,S,T,2024-06-17,1000000.00,4.714687,100.29296875
08:00:34,91282CKS9,TSRYS5814779,D,S,T,2024-06-17,1000000.00,4.714687,100.29296875
08:00:34,91282CKS9,TSRYS5814779,D,S,T,2024-06-17,1000000.00,4.714687,100.29296875
08:00:34,91282CKS9,TSRYS5814779,D,S,T,2024-06-17,1000000.00,4.714687,100.29296875
08:00:34,91282CKS9,TSRYS5814779,D,S,T,2024-06-17,1000000.00,4.714687,100.29296875
08:00:34,91282CKS9,TSRYS5814779,D,S,T,2024-06-17,1000000.00,4.714687,100.29296875
08:00:34,91282CKS9,TSRYS5814779,D,S,T,2024-06-17,1000000.00,4.714687,100.29296875
08:00:34,91282CKS9,TSRYS5814779,D,S,T,2024-06-17,1000000.00,4.714687,100.29296875
08:00:34,91282CKS9,TSRYS5814779,D,S,T,2024-06-17,1000000.00,4.714687,100.29296875
08:00:34,91282CKS9,TSRYS5814779,D,S,T,2024-06-17,3000000.00,4.713629,100.294921875
08:00:34,91282CKS9,TSRYS5814779,D,S,T,2024-06-17,6000000.00,4.713629,100.294921875
08:00:34,91282CKS9,TSRYS5814779,D,S,T,2024-06-17,1000000.00,4.713629,100.294921875
08:00:34,91282CKS9,TSRYS5814779,D,S,T,2024-06-17,1000000.00,4.710457,100.30078125
08:00:34,91282CKS9,TSRYS5814779,D,S,T,2024-06-17,1000000.00,4.712572,100.296875
08:00:34,91282CKS9,TSRYS5814779,D,S,T,2024-06-17,1000000.00,4.712572,100.296875
08:00:34,91282CKS9,TSRYS5814779,D,S,T,2024-06-17,1000000.00,4.712572,100.296875
08:00:34,91282CKS9,TSRYS5814779,D,S,T,2024-06-17,1000000.00,4.712572,100.296875
08:00:34,91282CKS9,TSRYS5814779,D,S,T,2024-06-17,1000000.00,4.712572,100.296875
08:00:34,91282CKS9,TSRYS5814779,D,S,T,2024-06-17,1000000.00,4.712572,100.296875
08:00:34,91282CKS9,TSRYS5814779,D,S,T,2024-06-17,1000000.00,4.712572,100.296875
08:00:34,91282CKS9,TSRYS5814779,D,S,T,2024-06-17,2000000.00,4.712572,100.296875
08:00:34,91282CKS9,TSRYS5814779,D,S,T,2024-06-17,3000000.00,4.712572,100.296875
08:00:34,91282CKS9,TSRYS5814779,D,S,T,2024-06-17,1000000.00,4.712572,100.296875
08:00:34,91282CKS9,TSRYS5814779,D,S,T,2024-06-17,1000000.00,4.712572,100.296875
08:00:34,91282CKS9,TSRYS5814779,D,S,T,2024-06-17,7000000.00,4.712572,100.296875
08:00:34,91282CKS9,TSRYS5814779,D,S,T,2024-06-17,1000000.00,4.712572,100.296875
08:00:34,91282CKS9,TSRYS5814779,D,S,T,2024-06-17,2000000.00,4.712572,100.296875
08:00:34,91282CKS9,TSRYS5814779,D,S,T,2024-06-17,1000000.00,4.712572,100.296875
08:00:34,91282CKS9,TSRYS5814779,D,S,T,2024-06-17,1000000.00,4.712572,100.296875
08:00:34,91282CKS9,TSRYS5814779,D,S,T,2024-06-17,3000000.00,4.712572,100.296875
08:00:34,91282CKS9,TSRYS5814779,D,S,T,2024-06-17,2000000.00,4.712572,100.296875
08:00:34,91282CKS9,TSRYS5814779,D,S,T,2024-06-17,1000000.00,4.712572,100.296875
08:00:34,91282CKS9,TSRYS5814779,D,S,T,2024-06-17,3000000.00,4.711515,100.298828125
08:00:34,91282CKS9,TSRYS5814779,D,S,T,2024-06-17,3000000.00,4.710457,100.30078125
08:00:34,91282CKS9,TSRYS5814779,D,S,T,2024-06-17,1000000.00,4.710457,100.30078125
08:00:34,91282CKS9,TSRYS5814779,D,S,T,2024-06-17,1000000.00,4.710457,100.30078125
08:00:34,91282CKS9,TSRYS5814779,D,S,T,2024-06-17,3000000.00,4.710457,100.30078125
08:00:34,91282CKS9,TSRYS5814779,D,S,T,2024-06-17,1000000.00,4.710457,100.30078125
08:00:34,91282CKS9,TSRYS5814779,D,S,T,2024-06-17,1000000.00,4.710457,100.30078125
08:00:34,91282CKS9,TSRYS5814779,D,S,T,2024-06-17,1000000.00,4.708343,100.3046875
08:00:34,91282CKS9,TSRYS5814779,D,S,T,2024-06-17,1000000.00,4.708343,100.3046875
08:00:34,91282CKS9,TSRYS5814779,D,S,T,2024-06-17,1000000.00,4.708343,100.3046875
08:00:34,91282CKS9,TSRYS5814779,D,S,T,2024-06-17,1000000.00,4.708343,100.3046875
08:00:34,91282CKS9,TSRYS5814779,D,S,T,2024-06-17,1000000.00,4.708343,100.3046875
08:00:34,91282CKS9,TSRYS5814779,D,S,T,2024-06-17,1000000.00,4.708343,100.3046875
08:00:34,91282CKS9,TSRYS5814779,D,S,T,2024-06-17,3000000.00,4.708343,100.3046875
08:00:34,91282CKS9,TSRYS5814779,D,S,T,2024-06-17,1000000.00,4.708343,100.3046875
08:00:34,91282CKS9,TSRYS5814779,D,S,T,2024-06-17,1000000.00,4.708343,100.3046875
08:00:34,91282CKS9,TSRYS5814779,D,S,T,2024-06-17,3000000.00,4.7094,100.302734375
08:00:34,91282CKS9,TSRYS5814779,D,S,T,2024-06-17,1000000.00,4.708343,100.3046875
08:00:34,91282CKS9,TSRYS5814779,D,S,T,2024-06-17,1000000.00,4.708343,100.3046875
08:00:34,91282CKS9,TSRYS5814779,D,S,T,2024-06-17,1000000.00,4.704114,100.3125
08:00:34,91282CKS9,TSRYS5814779,D,S,T,2024-06-17,1000000.00,4.704114,100.3125
08:00:34,91282CKS9,TSRYS5814779,D,S,T,2024-06-17,1000000.00,4.704114,100.3125
08:00:34,91282CKS9,TSRYS5814779,D,S,T,2024-06-17,4000000.00,4.704114,100.3125
08:00:34,91282CKS9,TSRYS5814779,D,S,T,2024-06-17,4000000.00,4.704114,100.3125
08:00:34,91282CKS9,TSRYS5814779,D,S,T,2024-06-17,1000000.00,4.704114,100.3125
08:00:34,91282CKS9,TSRYS5814779,D,S,T,2024-06-17,1000000.00,4.704114,100.3125
08:00:34,91282CKS9,TSRYS5814779,D,S,T,2024-06-17,1000000.00,4.702,100.31640625
08:00:34,91282CKS9,TSRYS5814779,D,S,T,2024-06-17,1000000.00,4.702,100.31640625
08:00:34,91282CKS9,TSRYS5814779,D,S,T,2024-06-17,1000000.00,4.702,100.31640625
08:00:34,91282CKS9,TSRYS5814779,D,S,T,2024-06-17,2000000.00,4.702,100.31640625
08:00:34,91282CKS9,TSRYS5814779,D,S,T,2024-06-17,1000000.00,4.702,100.31640625
08:00:34,91282CKS9,TSRYS5814779,D,S,T,2024-06-17,2000000.00,4.704114,100.3125
08:00:34,91282CKS9,TSRYS5814779,D,S,T,2024-06-17,4000000.00,4.708343,100.3046875
08:00:34,91282CKS9,TSRYS5814779,D,S,T,2024-06-17,2000000.00,4.708343,100.3046875
08:00:34,91282CKS9,TSRYS5814779,D,S,T,2024-06-17,2000000.00,4.706228,100.30859375
08:00:34,91282CKS9,TSRYS5814779,D,S,T,2024-06-17,2000000.00,4.706228,100.30859375
08:00:34,91282CKS9,TSRYS5814779,D,S,T,2024-06-17,2000000.00,4.706228,100.30859375
08:00:34,91282CKS9,TSRYS5814779,D,S,T,2024-06-17,2000000.00,4.704114,100.3125
08:00:34,91282CKS9,TSRYS5814779,D,S,T,2024-06-17,1000000.00,4.703057,100.314453125
08:00:34,91282CKS9,TSRYS5814779,D,S,T,2024-06-17,1000000.00,4.706228,100.30859375
08:00:34,91282CKS9,TSRYS5814779,D,S,T,2024-06-17,1000000.00,4.706228,100.30859375
08:00:34,91282CKS9,TSRYS5814779,D,S,T,2024-06-17,1000000.00,4.706228,100.30859375
08:00:34,91282CKS9,TSRYS5814779,D,S,T,2024-06-17,3000000.00,4.706228,100.30859375
08:00:34,91282CKS9,TSRYS5814779,D,S,T,2024-06-17,1000000.00,4.707286,100.306640625
08:00:34,91282CKS9,TSRYS5814779,D,S,T,2024-06-17,1000000.00,4.708343,100.3046875
08:00:34,91282CKS9,TSRYS5814779,D,S,T,2024-06-17,1000000.00,4.708343,100.3046875
08:00:34,91282CKS9,TSRYS5814779,D,S,T,2024-06-17,2000000.00,4.708343,100.3046875
08:00:34,91282CKS9,TSRYS5814779,D,S,T,2024-06-17,1000000.00,4.710457,100.30078125
08:00:34,91282CKS9,TSRYS5814779,D,S,T,2024-06-17,1000000.00,4.710457,100.30078125
08:00:34,91282CKS9,TSRYS5814779,D,S,T,2024-06-17,3000000.00,4.710457,100.30078125
08:00:34,91282CKS9,TSRYS5814779,D,S,T,2024-06-17,3000000.00,4.710457,100.30078125
08:00:34,91282CKS9,TSRYS5814779,D,S,T,2024-06-17,1000000.00,4.710457,100.30078125
08:00:34,91282CKS9,TSRYS5814779,D,S,T,2024-06-17,1000000.00,4.710457,100.30078125
08:00:34,91282CKS9,TSRYS5814779,D,S,T,2024-06-17,2000000.00,4.708343,100.3046875
08:00:34,91282CKS9,TSRYS5814779,D,S,T,2024-06-17,1000000.00,4.708343,100.3046875
08:00:34,91282CKS9,TSRYS5814779,D,S,T,2024-06-17,1000000.00,4.708343,100.3046875
08:00:34,91282CKS9,TSRYS5814779,D,S,T,2024-06-17,1000000.00,4.708343,100.3046875
08:00:34,91282CKS9,TSRYS5814779,D,S,T,2024-06-17,1000000.00,4.708343,100.3046875
08:00:34,91282CKS9,TSRYS5814779,D,S,T,2024-06-17,1000000.00,4.708343,100.3046875
08:00:34,91282CKS9,TSRYS5814779,D,S,T,2024-06-17,2000000.00,4.708343,100.3046875
08:00:34,91282CKS9,TSRYS5814779,D,S,T,2024-06-17,1000000.00,4.708343,100.3046875
08:00:34,91282CKS9,TSRYS5814779,D,S,T,2024-06-17,1000000.00,4.708343,100.3046875
08:00:34,91282CKS9,TSRYS5814779,D,S,T,2024-06-17,3000000.00,4.706228,100.30859375
08:00:34,91282CKS9,TSRYS5814779,D,S,T,2024-06-17,2000000.00,4.706228,100.30859375
08:00:34,91282CKS9,TSRYS5814779,D,S,T,2024-06-17,1000000.00,4.707286,100.306640625
08:00:34,91282CKS9,TSRYS5814779,D,S,T,2024-06-17,1000000.00,4.707286,100.306640625
08:00:34,91282CKS9,TSRYS5814779,D,S,T,2024-06-17,1000000.00,4.711515,100.298828125
08:00:34,91282CKS9,TSRYS5814779,D,S,T,2024-06-17,1000000.00,4.711515,100.298828125
08:00:34,91282CKS9,TSRYS5814779,D,S,T,2024-06-17,1000000.00,4.711515,100.298828125
08:00:34,91282CKS9,TSRYS5814779,D,S,T,2024-06-17,1000000.00,4.712572,100.296875
08:00:34,91282CKS9,TSRYS5814779,D,S,T,2024-06-17,1000000.00,4.713629,100.294921875
08:00:34,91282CKS9,TSRYS5814779,D,S,T,2024-06-17,1000000.00,4.713629,100.294921875
08:00:34,91282CKS9,TSRYS5814779,D,S,T,2024-06-17,1000000.00,4.713629,100.294921875
08:00:34,91282CKS9,TSRYS5814779,D,S,T,2024-06-17,1000000.00,4.713629,100.294921875
08:00:34,91282CKS9,TSRYS5814779,D,S,T,2024-06-17,1000000.00,4.713629,100.294921875
08:00:34,91282CKS9,TSRYS5814779,D,S,T,2024-06-17,2000000.00,4.713629,100.294921875
08:00:34,91282CKS9,TSRYS5814779,D,S,T,2024-06-17,2000000.00,4.713629,100.294921875
08:00:34,91282CKS9,TSRYS5814779,D,S,T,2024-06-17,1000000.00,4.714687,100.29296875
08:00:34,91282CKS9,TSRYS5814779,D,S,T,2024-06-17,1000000.00,4.716801,100.2890625
08:00:34,91282CKS9,TSRYS5814779,D,S,D,2024-06-17,2000000.00,4.718916,100.28515625
08:00:34,91282CKS9,TSRYS5814779,D,S,D,2024-06-17,1000000.00,4.716801,100.2890625
08:00:34,91282CKS9,TSRYS5814779,D,S,D,2024-06-17,3000000.00,4.718916,100.28515625
08:00:34,91282CKS9,TSRYS5814779,D,S,D,2024-06-17,1000000.00,4.717859,100.287109375
08:00:34,91282CKS9,TSRYS5814779,D,S,D,2024-06-17,3000000.00,4.713629,100.294921875
08:00:34,91282CKS9,TSRYS5814779,D,S,D,2024-06-17,1000000.00,4.713629,100.294921875
08:00:34,91282CKS9,TSRYS5814779,D,S,D,2024-06-17,1000000.00,4.713629,100.294921875
08:00:34,91282CKS9,TSRYS5814779,D,S,D,2024-06-17,1000000.00,4.713629,100.294921875
08:00:34,91282CKS9,TSRYS5814779,D,S,D,2024-06-17,1000000.00,4.710457,100.30078125
08:00:34,91282CKS9,TSRYS5814779,D,S,D,2024-06-17,3000000.00,4.721031,100.28125
08:00:34,91282CKS9,TSRYS5814779,D,S,D,2024-06-17,2000000.00,4.712572,100.296875
08:00:34,91282CKS9,TSRYS5814779,D,S,D,2024-06-17,2000000.00,4.713629,100.294921875
08:00:34,91282CKS9,TSRYS5814779,D,S,D,2024-06-17,1000000.00,4.715744,100.291015625
08:00:34,91282CKS9,TSRYS5814779,D,S,D,2024-06-17,3000000.00,4.714687,100.29296875
08:00:34,91282CKS9,TSRYS5814779,D,S,D,2024-06-17,3000000.00,4.711515,100.298828125
08:00:34,91282CKS9,TSRYS5814779,D,S,D,2024-06-17,3000000.00,4.715744,100.291015625
08:00:34,91282CKS9,TSRYS5814779,D,S,D,2024-06-17,3000000.00,4.715744,100.291015625
08:00:34,91282CKS9,TSRYS5814779,D,S,D,2024-06-17,3000000.00,4.714687,100.29296875
08:00:34,91282CKS9,TSRYS5814779,D,S,D,2024-06-17,3000000.00,4.714687,100.29296875
08:00:34,91282CKS9,TSRYS5814779,D,S,D,2024-06-17,2000000.00,4.713629,100.294921875
08:00:34,91282CKS9,TSRYS5814779,D,S,D,2024-06-17,2000000.00,4.714687,100.29296875
08:00:34,91282CKS9,TSRYS5814779,D,S,D,2024-06-17,1000000.00,4.714687,100.29296875
08:00:34,91282CKS9,TSRYS5814779,D,S,D,2024-06-17,1000000.00,4.714687,100.29296875
08:00:34,91282CKS9,TSRYS5814779,D,S,D,2024-06-17,1000000.00,4.714687,100.29296875
08:00:34,91282CKS9,TSRYS5814779,D,S,D,2024-06-17,3000000.00,4.715744,100.291015625
08:00:34,91282CKS9,TSRYS5814779,D,S,D,2024-06-17,3000000.00,4.715744,100.291015625
08:00:34,91282CKS9,TSRYS5814779,D,S,D,2024-06-17,3000000.00,4.715744,100.291015625
08:00:34,91282CKS9,TSRYS5814779,D,S,D,2024-06-17,3000000.00,4.713629,100.294921875
08:00:34,91282CKS9,TSRYS5814779,D,S,D,2024-06-17,3000000.00,4.713629,100.294921875
08:00:34,91282CKS9,TSRYS5814779,D,S,D,2024-06-17,3000000.00,4.708343,100.3046875
08:00:34,91282CKS9,TSRYS5814779,D,S,D,2024-06-17,3000000.00,4.702,100.31640625
08:00:34,91282CKS9,TSRYS5814779,D,S,D,2024-06-17,2000000.00,4.702,100.31640625
08:00:34,91282CKS9,TSRYS5814779,D,S,D,2024-06-17,1000000.00,4.705171,100.310546875
08:00:34,91282CKS9,TSRYS5814779,D,S,D,2024-06-17,4000000.00,4.704114,100.3125
08:00:34,91282CKS9,TSRYS5814779,D,S,D,2024-06-17,1000000.00,4.704114,100.3125
08:00:34,91282CKS9,TSRYS5814779,D,S,D,2024-06-17,3000000.00,4.704114,100.3125
08:00:34,91282CKS9,TSRYS5814779,D,S,D,2024-06-17,828000.00,4.703057,100.314453125
08:00:34,91282CKS9,TSRYS5814779,D,S,D,2024-06-17,828000.00,4.703057,100.314453125
08:00:34,91282CKS9,TSRYS5814779,D,S,D,2024-06-17,828000.00,4.703057,100.314453125
08:00:34,91282CKS9,TSRYS5814779,D,S,D,2024-06-17,828000.00,4.703057,100.314453125
08:00:34,91282CKS9,TSRYS5814779,D,S,D,2024-06-17,4000000.00,4.702,100.31640625
08:00:34,91282CKS9,TSRYS5814779,D,S,D,2024-06-17,828000.00,4.703057,100.314453125
08:00:34,91282CKS9,TSRYS5814779,D,S,D,2024-06-17,828000.00,4.703057,100.314453125
08:00:34,91282CKS9,TSRYS5814779,D,S,D,2024-06-17,828000.00,4.703057,100.314453125
08:00:34,91282CKS9,TSRYS5814779,D,S,D,2024-06-17,828000.00,4.703057,100.314453125
08:00:34,91282CKS9,TSRYS5814779,D,S,D,2024-06-17,828000.00,4.703057,100.314453125
08:00:34,91282CKS9,TSRYS5814779,D,S,D,2024-06-17,828000.00,4.703057,100.314453125
08:00:34,91282CKS9,TSRYS5814779,D,S,D,2024-06-17,828000.00,4.703057,100.314453125
08:00:34,91282CKS9,TSRYS5814779,D,S,D,2024-06-17,828000.00,4.703057,100.314453125
08:00:34,91282CKS9,TSRYS5814779,D,S,D,2024-06-17,828000.00,4.703057,100.314453125
08:00:34,91282CKS9,TSRYS5814779,D,S,D,2024-06-17,828000.00,4.705171,100.310546875
08:00:34,91282CKS9,TSRYS5814779,D,S,D,2024-06-17,1000000.00,4.706228,100.30859375
08:00:34,91282CKS9,TSRYS5814779,D,S,D,2024-06-17,3000000.00,4.706228,100.30859375
08:00:34,91282CKS9,TSRYS5814779,D,S,D,2024-06-17,828000.00,4.7094,100.302734375
08:00:34,91282CKS9,TSRYS5814779,D,S,D,2024-06-17,828000.00,4.7094,100.302734375
08:00:34,91282CKS9,TSRYS5814779,D,S,D,2024-06-17,828000.00,4.708343,100.3046875
08:00:34,91282CKS9,TSRYS5814779,D,S,D,2024-06-17,828000.00,4.707286,100.306640625
08:00:34,91282CKS9,TSRYS5814779,D,S,D,2024-06-17,828000.00,4.707286,100.306640625
08:00:34,91282CKS9,TSRYS5814779,D,S,D,2024-06-17,828000.00,4.707286,100.306640625
08:00:34,91282CKS9,TSRYS5814779,D,S,D,2024-06-17,828000.00,4.706228,100.30859375
08:00:34,91282CKS9,TSRYS5814779,D,S,D,2024-06-17,2000000.00,4.711515,100.298828125
08:00:34,91282CKS9,TSRYS5814779,D,S,D,2024-06-17,2000000.00,4.711515,100.298828125
08:00:34,91282CKS9,TSRYS5814779,D,S,D,2024-06-17,828000.00,4.713629,100.294921875
08:00:34,91282CKS9,TSRYS5814779,D,S,D,2024-06-17,828000.00,4.713629,100.294921875
08:00:34,91282CKS9,TSRYS5814779,D,S,D,2024-06-17,828000.00,4.715744,100.291015625
08:00:34,91282CKS9,TSRYS5814779,D,S,D,2024-06-17,828000.00,4.716801,100.2890625
08:00:34,91282CKS9,TSRYS5814779,D,S,D,2024-06-17,828000.00,4.715744,100.291015625
08:00:34,91282CKS9,TSRYS5814779,D,S,D,2024-06-17,828000.00,4.724204,100.275390625
08:00:34,91282CKS9,TSRYS5814779,D,S,D,2024-06-17,1000000.00,4.725262,100.2734375
08:00:34,91282CKS9,TSRYS5814779,D,S,D,2024-06-17,3000000.00,4.725262,100.2734375
08:00:34,91282CKS9,TSRYS5814779,D,S,D,2024-06-17,1000000.00,4.714687,100.29296875
08:00:34,91282CKS9,TSRYS5814779,D,S,D,2024-06-17,1000000.00,4.714687,100.29296875
08:00:34,91282CKS9,TSRYS5814779,D,S,D,2024-06-17,1000000.00,4.714687,100.29296875
08:00:34,91282CKS9,TSRYS5814779,D,S,D,2024-06-17,2000000.00,4.714687,100.29296875
08:00:34,91282CKS9,TSRYS5814779,D,S,D,2024-06-17,1000000.00,4.718916,100.28515625
08:00:34,91282CKS9,TSRYS5814779,D,S,D,2024-06-17,1000000.00,4.718916,100.28515625
08:00:34,91282CKS9,TSRYS5814779,D,S,D,2024-06-17,1000000.00,4.708343,100.3046875
08:00:34,91282CKS9,TSRYS5814779,D,S,D,2024-06-17,2000000.00,4.708343,100.3046875
08:00:34,91282CKS9,TSRYS5814779,D,S,D,2024-06-17,1000000.00,4.708343,100.3046875
08:00:34,91282CKS9,TSRYS5814779,D,S,T,2024-06-17,2000000.00,4.717859,100.287109375
08:00:34,91282CKS9,TSRYS5814779,D,S,D,2024-06-17,3000000.00,4.713629,100.294921875
08:00:34,91282CKS9,TSRYS5814779,D,S,D,2024-06-17,3000000.00,4.713629,100.294921875
08:00:34,91282CKS9,TSRYS5814779,D,S,T,2024-06-17,1000000.00,4.713629,100.294921875
08:00:34,91282CKS9,TSRYS5814779,D,S,D,2024-06-17,2000000.00,4.713629,100.294921875
08:00:34,91282CKS9,TSRYS5814779,D,S,D,2024-06-17,1000000.00,4.713629,100.294921875
08:00:34,91282CKS9,TSRYS5814779,D,S,D,2024-06-17,8000000.00,4.711515,100.298828125
08:00:34,91282CKS9,TSRYS5814779,D,S,D,2024-06-17,3000000.00,4.721031,100.28125
08:00:34,91282CKS9,TSRYS5814779,D,S,D,2024-06-17,3000000.00,4.721031,100.28125
08:00:34,91282CKS9,TSRYS5814779,D,S,D,2024-06-17,3000000.00,4.721031,100.28125
08:00:34,91282CKS9,TSRYS5814779,D,S,D,2024-06-17,1000000.00,4.721031,100.28125
08:00:34,91282CKS9,TSRYS5814779,D,S,D,2024-06-17,2000000.00,4.721031,100.28125
08:00:34,91282CKS9,TSRYS5814779,D,S,D,2024-06-17,1000000.00,4.721031,100.28125
08:00:34,91282CKS9,TSRYS5814779,D,S,T,2024-06-17,1000000.00,4.721031,100.28125
08:00:34,91282CKS9,TSRYS5814779,D,S,D,2024-06-17,4000000.00,4.721031,100.28125
08:00:34,91282CKS9,TSRYS5814779,D,S,D,2024-06-17,3000000.00,4.714687,100.29296875
08:00:34,91282CKS9,TSRYS5814779,D,S,D,2024-06-17,3000000.00,4.715744,100.291015625
08:00:34,91282CKS9,TSRYS5814779,D,S,D,2024-06-17,2000000.00,4.715744,100.291015625
08:00:34,91282CKS9,TSRYS5814779,D,S,D,2024-06-17,2000000.00,4.712572,100.296875
08:00:34,91282CKS9,TSRYS5814779,D,S,T,2024-06-17,1000000.00,4.721031,100.28125
08:00:34,91282CKS9,TSRYS5814779,D,S,T,2024-06-17,1000000.00,4.721031,100.28125
08:00:34,91282CKS9,TSRYS5814779,D,S,T,2024-06-17,3000000.00,4.716801,100.2890625
08:00:34,91282CKS9,TSRYS5814779,D,S,T,2024-06-17,2000000.00,4.714687,100.29296875
08:00:34,91282CKS9,TSRYS5814779,D,S,T,2024-06-17,3000000.00,4.715744,100.291015625
08:00:34,91282CKS9,TSRYS5814779,D,S,T,2024-06-17,1000000.00,4.715744,100.291015625
08:00:34,91282CKS9,TSRYS5814779,D,S,T,2024-06-17,3000000.00,4.715744,100.291015625
08:00:34,91282CKS9,TSRYS5814779,D,S,T,2024-06-17,3000000.00,4.715744,100.291015625
08:00:34,91282CKS9,TSRYS5814779,D,S,T,2024-06-17,3000000.00,4.715744,100.291015625
08:00:34,91282CKS9,TSRYS5814779,D,S,T,2024-06-17,1000000.00,4.715744,100.291015625
08:00:34,91282CKS9,TSRYS5814779,D,S,T,2024-06-17,2000000.00,4.715744,100.291015625
08:00:34,91282CKS9,TSRYS5814779,D,S,T,2024-06-17,1000000.00,4.715744,100.291015625
08:00:34,91282CKS9,TSRYS5814779,D,S,T,2024-06-17,3000000.00,4.713629,100.294921875
08:00:34,91282CKS9,TSRYS5814779,D,S,T,2024-06-17,3000000.00,4.713629,100.294921875
08:00:34,91282CKS9,TSRYS5814779,D,S,T,2024-06-17,3000000.00,4.713629,100.294921875
08:00:34,91282CKS9,TSRYS5814779,D,S,T,2024-06-17,3000000.00,4.713629,100.294921875
08:00:34,91282CKS9,TSRYS5814779,D,S,D,2024-06-17,3000000.00,4.706228,100.30859375
08:00:34,91282CKS9,TSRYS5814779,D,S,T,2024-06-17,1000000.00,4.707286,100.306640625
08:00:34,91282CKS9,TSRYS5814779,D,S,D,2024-06-17,3000000.00,4.704114,100.3125
08:00:34,91282CKS9,TSRYS5814779,D,S,T,2024-06-17,2000000.00,4.704114,100.3125
08:00:34,91282CKS9,TSRYS5814779,D,S,T,2024-06-17,1000000.00,4.704114,100.3125
08:00:34,91282CKS9,TSRYS5814779,D,S,D,2024-06-17,3000000.00,4.704114,100.3125
08:00:34,91282CKS9,TSRYS5814779,D,S,D,2024-06-17,1000000.00,4.706228,100.30859375
08:00:34,91282CKS9,TSRYS5814779,D,S,D,2024-06-17,2000000.00,4.706228,100.30859375
08:00:34,91282CKS9,TSRYS5814779,D,S,D,2024-06-17,1000000.00,4.708343,100.3046875
08:00:34,91282CKS9,TSRYS5814779,D,S,T,2024-06-17,3000000.00,4.711515,100.298828125
08:00:34,91282CKS9,TSRYS5814779,D,S,T,2024-06-17,2000000.00,4.711515,100.298828125
08:00:34,91282CKS9,TSRYS5814779,D,S,T,2024-06-17,2000000.00,4.711515,100.298828125
08:00:34,91282CKS9,TSRYS5814779,D,S,T,2024-06-17,2000000.00,4.711515,100.298828125
08:00:34,91282CKS9,TSRYS5814779,D,S,D,2024-06-17,3000000.00,4.725262,100.2734375
08:00:34,91282CKS9,TSRYS5814779,D,S,D,2024-06-17,3000000.00,4.725262,100.2734375
08:00:34,91282CKS9,TSRYS5814779,D,S,D,2024-06-17,1000000.00,4.718916,100.28515625
08:00:34,91282CKS9,TSRYS5814779,D,S,D,2024-06-17,1000000.00,4.718916,100.28515625
08:00:34,91282CKS9,TSRYS5814779,D,S,D,2024-06-17,1000000.00,4.718916,100.28515625
08:00:34,91282CKS9,TSRYS5814779,D,S,D,2024-06-17,1000000.00,4.718916,100.28515625
08:00:34,91282CKS9,TSRYS5814779,D,S,D,2024-06-17,1000000.00,4.718916,100.28515625
08:00:34,91282CKS9,TSRYS5814779,D,S,D,2024-06-17,1000000.00,4.718916,100.28515625
08:00:34,91282CKS9,TSRYS5814779,D,S,D,2024-06-17,1000000.00,4.718916,100.28515625
08:00:34,91282CKS9,TSRYS5814779,D,S,D,2024-06-17,1000000.00,4.718916,100.28515625
08:00:34,91282CKS9,TSRYS5814779,D,S,D,2024-06-17,1000000.00,4.718916,100.28515625
08:00:34,91282CKS9,TSRYS5814779,D,S,D,2024-06-17,1000000.00,4.718916,100.28515625
08:00:34,91282CKS9,TSRYS5814779,D,S,D,2024-06-17,1000000.00,4.718916,100.28515625
08:00:34,91282CKS9,TSRYS5814779,D,S,D,2024-06-17,1000000.00,4.721031,100.28125
08:00:34,91282CKS9,TSRYS5814779,D,S,D,2024-06-17,1000000.00,4.721031,100.28125
08:00:34,91282CKS9,TSRYS5814779,D,S,D,2024-06-17,1000000.00,4.719974,100.283203125
08:00:34,91282CKS9,TSRYS5814779,D,S,D,2024-06-17,1000000.00,4.719974,100.283203125
08:00:34,91282CKS9,TSRYS5814779,D,S,D,2024-06-17,1000000.00,4.719974,100.283203125
08:00:34,91282CKS9,TSRYS5814779,D,B,A,2024-06-17,3200000.00,4.716801,100.289063
08:00:34,91282CKS9,TSRYS5814779,D,S,A,2024-06-17,200000.00,4.714686,100.292969
08:00:34,91282CKS9,TSRYS5814779,D,S,D,2024-06-17,1000000.00,4.721031,100.28125
08:00:34,91282CKS9,TSRYS5814779,D,S,D,2024-06-17,1000000.00,4.718916,100.28515625
08:00:34,91282CKS9,TSRYS5814779,D,S,D,2024-06-17,1000000.00,4.717859,100.287109375
08:00:34,91282CKS9,TSRYS5814779,D,S,D,2024-06-17,1000000.00,4.717859,100.287109375
08:00:34,91282CKS9,TSRYS5814779,D,S,D,2024-06-17,1000000.00,4.717859,100.287109375
08:00:34,91282CKS9,TSRYS5814779,D,S,D,2024-06-17,1000000.00,4.718916,100.28515625
08:00:34,91282CKS9,TSRYS5814779,D,S,D,2024-06-17,1000000.00,4.718916,100.28515625
08:00:34,91282CKS9,TSRYS5814779,D,S,D,2024-06-17,1000000.00,4.718916,100.28515625
08:00:34,91282CKS9,TSRYS5814779,D,S,D,2024-06-17,1000000.00,4.714687,100.29296875
08:00:34,91282CKS9,TSRYS5814779,D,S,D,2024-06-17,1000000.00,4.714687,100.29296875
08:00:34,91282CKS9,TSRYS5814779,D,S,D,2024-06-17,1000000.00,4.714687,100.29296875
08:00:34,91282CKS9,TSRYS5814779,D,S,D,2024-06-17,1000000.00,4.713629,100.294921875
08:00:34,91282CKS9,TSRYS5814779,D,S,D,2024-06-17,1000000.00,4.714687,100.29296875
08:00:34,91282CKS9,TSRYS5814779,D,S,D,2024-06-17,1000000.00,4.714687,100.29296875
08:00:34,91282CKS9,TSRYS5814779,D,S,D,2024-06-17,1000000.00,4.714687,100.29296875
08:00:34,91282CKS9,TSRYS5814779,D,S,D,2024-06-17,1000000.00,4.714687,100.29296875
08:00:34,91282CKS9,TSRYS5814779,D,S,D,2024-06-17,1000000.00,4.714687,100.29296875
08:00:34,91282CKS9,TSRYS5814779,D,S,D,2024-06-17,1000000.00,4.713629,100.294921875
08:00:34,91282CKS9,TSRYS5814779,D,S,D,2024-06-17,1000000.00,4.725262,100.2734375
08:00:34,91282CKS9,TSRYS5814779,D,S,D,2024-06-17,1000000.00,4.713629,100.294921875
08:00:34,91282CKS9,TSRYS5814779,D,S,D,2024-06-17,1000000.00,4.714687,100.29296875
08:00:34,91282CKS9,TSRYS5814779,D,S,D,2024-06-17,1000000.00,4.714687,100.29296875
08:00:34,91282CKS9,TSRYS5814779,D,S,D,2024-06-17,1000000.00,4.714687,100.29296875
08:00:34,91282CKS9,TSRYS5814779,D,S,D,2024-06-17,1000000.00,4.714687,100.29296875
08:00:34,91282CKS9,TSRYS5814779,D,S,D,2024-06-17,1000000.00,4.712572,100.296875
08:00:34,91282CKS9,TSRYS5814779,D,S,D,2024-06-17,785000.00,4.708343,100.3046875
08:00:38,91282CKS9,TSRYS5814779,D,S,D,2024-06-17,1000000.00,4.712572,100.296875
08:00:38,91282CKS9,TSRYS5814779,D,S,D,2024-06-17,1000000.00,4.712572,100.296875
08:00:38,91282CKS9,TSRYS5814779,D,S,T,2024-06-17,1000000.00,4.714687,100.29296875
08:00:38,91282CKS9,TSRYS5814779,D,S,D,2024-06-17,1000000.00,4.713629,100.294921875
08:00:38,91282CKS9,TSRYS5814779,D,S,D,2024-06-17,1000000.00,4.712572,100.296875
08:00:38,91282CKS9,TSRYS5814779,D,S,D,2024-06-17,1000000.00,4.712572,100.296875
08:00:38,91282CKS9,TSRYS5814779,D,S,D,2024-06-17,1000000.00,4.712572,100.296875
08:00:38,91282CKS9,TSRYS5814779,D,S,D,2024-06-17,1000000.00,4.714687,100.29296875
08:00:38,91282CKS9,TSRYS5814779,D,S,T,2024-06-17,2000000.00,4.714687,100.29296875
08:00:38,91282CKS9,TSRYS5814779,D,S,D,2024-06-17,1000000.00,4.715744,100.291015625
08:00:38,91282CKS9,TSRYS5814779,D,S,D,2024-06-17,1000000.00,4.715744,100.291015625
08:00:38,91282CKS9,TSRYS5814779,D,S,D,2024-06-17,1000000.00,4.714687,100.29296875
08:00:38,91282CKS9,TSRYS5814779,D,S,D,2024-06-17,1000000.00,4.714687,100.29296875
08:00:38,91282CKS9,TSRYS5814779,D,S,D,2024-06-17,1000000.00,4.714687,100.29296875
08:00:38,91282CKS9,TSRYS5814779,D,S,T,2024-06-17,2000000.00,4.714687,100.29296875
08:00:38,91282CKS9,TSRYS5814779,D,S,T,2024-06-17,1000000.00,4.714687,100.29296875
08:00:38,91282CKS9,TSRYS5814779,D,S,T,2024-06-17,4000000.00,4.714687,100.29296875
08:00:38,91282CKS9,TSRYS5814779,D,S,A,2024-06-17,395000.00,4.716801,100.2890625
08:00:38,91282CKS9,TSRYS5814779,D,B,A,2024-06-17,1234000.00,4.723146,100.27734375
08:00:38,91282CKS9,TSRYS5814779,D,B,C,2024-06-17,180000.00,4.706228,100.30859375
08:00:38,91282CKS9,TSRYS5814779,D,S,D,2024-06-17,180000.00,4.706228,100.30859375
08:00:38,91282CKS9,TSRYS5814779,D,S,A,2024-06-17,9000000.00,4.716801,100.2890625
08:00:39,91282CKS9,TSRYS5814779,D,B,A,2024-06-17,2000000.00,4.723146,100.27734375
08:00:39,91282CKS9,TSRYS5814779,D,S,D,2024-06-17,1000000.00,4.721031,100.28125
08:00:39,91282CKS9,TSRYS5814779,D,S,D,2024-06-17,1000000.00,4.721031,100.28125
08:00:39,91282CKS9,TSRYS5814779,D,S,T,2024-06-17,1000000.00,4.712572,100.296875
08:00:39,91282CKS9,TSRYS5814779,D,S,D,2024-06-17,1000000.00,4.713629,100.294921875
08:00:41,91282CKS9,TSRYS5814779,D,S,T,2024-06-17,1000000.00,4.721031,100.28125
08:00:41,91282CKS9,TSRYS5814779,D,B,A,2024-06-17,125000.00,4.719098,100.28482125
08:00:41,91282CKS9,TSRYS5814779,D,S,D,2024-06-17,3000000.00,4.716801,100.2890625
08:00:41,91282CKS9,TSRYS5814779,D,S,D,2024-06-17,3000000.00,4.716801,100.2890625
08:00:41,91282CKS9,TSRYS5814779,D,S,D,2024-06-17,1000000.00,4.716801,100.2890625
08:00:41,91282CKS9,TSRYS5814779,D,S,D,2024-06-17,1000000.00,4.716801,100.2890625
08:00:42,91282CKS9,TSRYS5814779,D,S,D,2024-06-17,2000000.00,4.712572,100.296875
08:00:42,91282CKS9,TSRYS5814779,D,S,D,2024-06-17,828000.00,4.706228,100.30859375
08:00:43,91282CKS9,TSRYS5814779,D,S,A,2024-06-17,789000.00,4.708343,100.3046875
08:00:43,91282CKS9,TSRYS5814779,D,S,C,2024-06-17,57800000.00,4.702,100.31640625
08:00:43,91282CKS9,TSRYS5814779,D,S,T,2024-06-17,1000000.00,4.713629,100.294921875
08:00:43,91282CKS9,TSRYS5814779,D,S,T,2024-06-17,1000000.00,4.713629,100.294921875
08:00:44,91282CKS9,TSRYS5814779,D,S,A,2024-06-17,2414600.00,4.714687,100.29296875
08:00:44,91282CKS9,TSRYS5814779,D,B,A,2024-06-17,380000.00,4.718916,100.28515625
08:00:44,91282CKS9,TSRYS5814779,D,S,C,2024-06-17,400000.00,4.723146,100.27734375
08:00:44,91282CKS9,TSRYS5814779,D,B,C,2024-06-17,29820000.00,4.723146,100.27734375
08:00:44,91282CKS9,TSRYS5814779,D,S,D,2024-06-17,1000000.00,4.721031,100.28125
08:00:44,91282CKS9,TSRYS5814779,D,S,T,2024-06-17,1000000.00,4.712572,100.296875
08:00:44,91282CKS9,TSRYS5814779,D,S,T,2024-06-17,1000000.00,4.712572,100.296875
08:00:44,91282CKS9,TSRYS5814779,D,S,A,2024-06-17,500000.00,4.716801,100.2890625
08:00:44,91282CKS9,TSRYS5814779,D,S,T,2024-06-17,1000000.00,4.714687,100.29296875
08:00:44,91282CKS9,TSRYS5814779,D,S,C,2024-06-17,923000.00,4.714687,100.29296875
08:00:44,91282CKS9,TSRYS5814779,D,S,T,2024-06-17,7000000.00,4.714687,100.29296875
08:00:44,91282CKS9,TSRYS5814779,D,S,T,2024-06-17,1000000.00,4.714687,100.29296875
08:00:44,91282CKS9,TSRYS5814779,D,S,T,2024-06-17,1000000.00,4.714687,100.29296875
08:00:44,91282CKS9,TSRYS5814779,D,S,T,2024-06-17,1000000.00,4.714687,100.29296875
08:00:44,91282CKS9,TSRYS5814779,D,S,T,2024-06-17,1000000.00,4.714687,100.29296875
08:00:44,91282CKS9,TSRYS5814779,D,S,T,2024-06-17,1000000.00,4.714687,100.29296875
08:00:44,91282CKS9,TSRYS5814779,D,S,T,2024-06-17,1000000.00,4.714687,100.29296875
08:00:44,91282CKS9,TSRYS5814779,D,S,T,2024-06-17,1000000.00,4.714687,100.29296875
08:00:44,91282CKS9,TSRYS5814779,D,S,T,2024-06-17,1000000.00,4.714687,100.29296875
08:00:44,91282CKS9,TSRYS5814779,D,S,T,2024-06-17,1000000.00,4.714687,100.29296875
08:00:44,91282CKS9,TSRYS5814779,D,S,T,2024-06-17,1000000.00,4.714687,100.29296875
08:00:44,91282CKS9,TSRYS5814779,D,S,T,2024-06-17,1000000.00,4.714687,100.29296875
08:00:44,91282CKS9,TSRYS5814779,D,S,T,2024-06-17,1000000.00,4.714687,100.29296875
08:00:44,91282CKS9,TSRYS5814779,D,S,T,2024-06-17,1000000.00,4.714687,100.29296875
08:00:44,91282CKS9,TSRYS5814779,D,S,T,2024-06-17,1000000.00,4.714687,100.29296875
08:00:44,91282CKS9,TSRYS5814779,D,S,T,2024-06-17,1000000.00,4.714687,100.29296875
08:00:44,91282CKS9,TSRYS5814779,D,S,T,2024-06-17,1000000.00,4.714687,100.29296875
08:00:44,91282CKS9,TSRYS5814779,D,S,T,2024-06-17,1000000.00,4.714687,100.29296875
08:00:44,91282CKS9,TSRYS5814779,D,S,T,2024-06-17,2000000.00,4.714687,100.29296875
08:00:44,91282CKS9,TSRYS5814779,D,S,T,2024-06-17,1000000.00,4.714687,100.29296875
08:00:44,91282CKS9,TSRYS5814779,D,S,T,2024-06-17,1000000.00,4.714687,100.29296875
08:00:44,91282CKS9,TSRYS5814779,D,S,T,2024-06-17,1000000.00,4.714687,100.29296875
08:00:44,91282CKS9,TSRYS5814779,D,S,T,2024-06-17,3000000.00,4.714687,100.29296875
08:00:44,91282CKS9,TSRYS5814779,D,S,T,2024-06-17,1000000.00,4.714687,100.29296875
08:00:44,91282CKS9,TSRYS5814779,D,S,T,2024-06-17,4000000.00,4.714687,100.29296875
08:00:44,91282CKS9,TSRYS5814779,D,S,T,2024-06-17,1000000.00,4.714687,100.29296875
08:00:44,91282CKS9,TSRYS5814779,D,S,T,2024-06-17,1000000.00,4.714687,100.29296875
08:00:44,91282CKS9,TSRYS5814779,D,S,T,2024-06-17,1000000.00,4.714687,100.29296875
08:00:44,91282CKS9,TSRYS5814779,D,S,T,2024-06-17,1000000.00,4.714687,100.29296875
08:00:44,91282CKS9,TSRYS5814779,D,S,T,2024-06-17,1000000.00,4.714687,100.29296875
08:00:44,91282CKS9,TSRYS5814779,D,S,T,2024-06-17,1000000.00,4.714687,100.29296875
08:00:44,91282CKS9,TSRYS5814779,D,S,T,2024-06-17,1000000.00,4.714687,100.29296875
08:00:44,91282CKS9,TSRYS5814779,D,S,T,2024-06-17,3000000.00,4.714687,100.29296875
08:00:44,91282CKS9,TSRYS5814779,D,S,T,2024-06-17,2000000.00,4.714687,100.29296875
08:00:44,91282CKS9,TSRYS5814779,D,S,T,2024-06-17,1000000.00,4.714687,100.29296875
08:00:44,91282CKS9,TSRYS5814779,D,S,T,2024-06-17,1000000.00,4.714687,100.29296875
08:00:44,91282CKS9,TSRYS5814779,D,S,T,2024-06-17,1000000.00,4.714687,100.29296875
08:00:44,91282CKS9,TSRYS5814779,D,S,A,2024-06-17,100000.00,4.716801,100.2890625
08:00:44,91282CKS9,TSRYS5814779,D,S,C,2024-06-17,287000.00,4.716801,100.2890625
08:00:44,91282CKS9,TSRYS5814779,D,S,D,2024-06-17,828000.00,4.710457,100.30078125
08:00:44,91282CKS9,TSRYS5814779,D,S,C,2024-06-17,111000.00,4.716801,100.2890625
08:00:44,91282CKS9,TSRYS5814779,D,B,A,2024-06-17,25000000.00,4.718916,100.28515625
08:00:44,91282CKS9,TSRYS5814779,D,S,A,2024-06-17,3643500.00,4.714687,100.29296875
08:00:44,91282CKS9,TSRYS5814779,D,S,A,2024-06-17,30000.00,4.714687,100.29296875
08:00:44,91282CKS9,TSRYS5814779,D,S,A,2024-06-17,15157000.00,4.710457,100.30078125
08:00:44,91282CKS9,TSRYS5814779,D,S,T,2024-06-17,1000000.00,4.7094,100.302734375
08:00:44,91282CKS9,TSRYS5814779,D,S,T,2024-06-17,1000000.00,4.708343,100.3046875
08:00:44,91282CKS9,TSRYS5814779,D,S,T,2024-06-17,1000000.00,4.710457,100.30078125
08:00:44,91282CKS9,TSRYS5814779,D,B,C,2024-06-17,27000000.00,4.710457,100.30078125
08:00:44,91282CKS9,TSRYS5814779,D,S,T,2024-06-17,1000000.00,4.702,100.31640625
08:00:44,91282CKS9,TSRYS5814779,D,B,C,2024-06-17,27000000.00,4.710457,100.30078125
08:00:44,91282CKS9,TSRYS5814779,D,S,T,2024-06-17,1000000.00,4.712572,100.296875
08:00:44,91282CKS9,TSRYS5814779,D,S,D,2024-06-17,828000.00,4.703057,100.314453125
08:00:44,91282CKS9,TSRYS5814779,D,S,C,2024-06-17,10000.00,4.702,100.31640625
08:00:44,91282CKS9,TSRYS5814779,D,S,T,2024-06-17,1000000.00,4.710457,100.30078125
08:00:44,91282CKS9,TSRYS5814779,D,S,T,2024-06-17,1000000.00,4.710457,100.30078125
08:00:44,91282CKS9,TSRYS5814779,D,S,D,2024-06-17,828000.00,4.7094,100.302734375
08:00:44,91282CKS9,TSRYS5814779,D,S,T,2024-06-17,1000000.00,4.706228,100.30859375
08:00:44,91282CKS9,TSRYS5814779,D,S,D,2024-06-17,250MM+,4.708877,100.3037
08:00:45,91282CKS9,TSRYS5814779,D,S,C,2024-06-17,32550000.00,4.714968,100.29296875
08:00:45,91282CKS9,TSRYS5814779,D,S,A,2024-06-17,3000000.00,4.716801,100.2890625
08:00:45,91282CKS9,TSRYS5814779,D,S,A,2024-06-17,7000000.00,4.716801,100.2890625
08:00:45,91282CKS9,TSRYS5814779,D,S,A,2024-06-17,1000000.00,4.716801,100.2890625
08:00:45,91282CKS9,TSRYS5814779,D,S,A,2024-06-17,2000000.00,4.716801,100.2890625
08:00:45,91282CKS9,TSRYS5814779,D,S,A,2024-06-17,2000000.00,4.716801,100.2890625
08:00:45,91282CKS9,TSRYS5814779,D,S,A,2024-06-17,1000000.00,4.716801,100.2890625
08:00:45,91282CKS9,TSRYS5814779,D,S,A,2024-06-17,1000000.00,4.716801,100.2890625
08:00:45,91282CKS9,TSRYS5814779,D,S,A,2024-06-17,1000000.00,4.716801,100.2890625
08:00:45,91282CKS9,TSRYS5814779,D,S,A,2024-06-17,3000000.00,4.716801,100.2890625
08:00:45,91282CKS9,TSRYS5814779,D,S,A,2024-06-17,1000000.00,4.716801,100.2890625
08:00:45,91282CKS9,TSRYS5814779,D,S,A,2024-06-17,1000000.00,4.716801,100.2890625
08:00:45,91282CKS9,TSRYS5814779,D,S,A,2024-06-17,1000000.00,4.716801,100.2890625
08:00:45,91282CKS9,TSRYS5814779,D,S,A,2024-06-17,1000000.00,4.716801,100.2890625
08:00:45,91282CKS9,TSRYS5814779,D,S,A,2024-06-17,1000000.00,4.716801,100.2890625
08:00:45,91282CKS9,TSRYS5814779,D,S,A,2024-06-17,1000000.00,4.716801,100.2890625
08:00:45,91282CKS9,TSRYS5814779,D,S,A,2024-06-17,1000000.00,4.716801,100.2890625
08:00:45,91282CKS9,TSRYS5814779,D,S,A,2024-06-17,1000000.00,4.716801,100.2890625
08:00:45,91282CKS9,TSRYS5814779,D,S,A,2024-06-17,1000000.00,4.716801,100.2890625
08:00:45,91282CKS9,TSRYS5814779,D,S,C,2024-06-17,3507000.00,4.721031,100.28125
08:00:45,91282CKS9,TSRYS5814779,D,S,D,2024-06-17,480000.00,4.721031,100.28125
08:00:45,91282CKS9,TSRYS5814779,D,B,A,2024-06-17,620000.00,4.721031,100.28125
08:00:45,91282CKS9,TSRYS5814779,D,S,D,2024-06-17,1000000.00,4.717859,100.287109375
08:00:45,91282CKS9,TSRYS5814779,D,S,T,2024-06-17,1000000.00,4.722089,100.279296875
08:00:45,91282CKS9,TSRYS5814779,D,S,D,2024-06-17,828000.00,4.710457,100.30078125
08:00:45,91282CKS9,TSRYS5814779,D,S,D,2024-06-17,828000.00,4.704114,100.3125
08:00:45,91282CKS9,TSRYS5814779,D,S,D,2024-06-17,828000.00,4.704114,100.3125
08:00:45,91282CKS9,TSRYS5814779,D,S,A,2024-06-17,1900000.00,4.716801,100.2890625
08:00:46,91282CKS9,TSRYS5814779,D,S,D,2024-06-17,828000.00,4.704114,100.3125
08:00:46,91282CKS9,TSRYS5814779,D,S,D,2024-06-17,828000.00,4.708343,100.3046875
08:00:47,91282CKS9,TSRYS5814779,D,S,D,2024-06-17,828000.00,4.710457,100.30078125
08:00:47,91282CKS9,TSRYS5814779,D,B,C,2024-06-17,55391000.00,4.721213,100.280915
08:00:47,91282CKS9,TSRYS5814779,D,S,T,2024-06-17,3000000.00,4.712572,100.296875
08:00:47,91282CKS9,TSRYS5814779,D,S,D,2024-06-17,1000000.00,4.721031,100.28125
08:00:47,91282CKS9,TSRYS5814779,D,S,D,2024-06-17,1000000.00,4.714687,100.29296875
08:00:47,91282CKS9,TSRYS5814779,D,S,T,2024-06-17,2000000.00,4.716801,100.2890625
08:00:47,91282CKS9,TSRYS5814779,D,S,D,2024-06-17,1000000.00,4.716801,100.2890625
08:00:47,91282CKS9,TSRYS5814779,D,S,D,2024-06-17,1000000.00,4.716801,100.2890625
08:00:48,91282CKS9,TSRYS5814779,D,S,D,2024-06-17,12000000.00,4.718916,100.28515625
08:00:48,91282CKS9,TSRYS5814779,D,S,T,2024-06-17,1000000.00,4.718916,100.28515625
08:00:48,91282CKS9,TSRYS5814779,D,S,T,2024-06-17,2000000.00,4.706228,100.30859375
08:00:48,91282CKS9,TSRYS5814779,D,S,D,2024-06-17,3000000.00,4.714687,100.29296875
08:00:48,91282CKS9,TSRYS5814779,D,S,D,2024-06-17,3000000.00,4.714687,100.29296875
08:00:48,91282CKS9,TSRYS5814779,D,S,T,2024-06-17,1000000.00,4.718916,100.28515625
08:00:49,91282CKS9,TSRYS5814779,D,S,D,2024-06-17,828000.00,4.706228,100.30859375
08:00:49,91282CKS9,TSRYS5814779,D,S,D,2024-06-17,1000000.00,4.716801,100.2890625
08:00:49,91282CKS9,TSRYS5814779,D,S,D,2024-06-17,3000000.00,4.713629,100.294921875
08:00:49,91282CKS9,TSRYS5814779,D,S,T,2024-06-17,1000000.00,4.718916,100.28515625
08:00:49,91282CKS9,TSRYS5814779,D,S,T,2024-06-17,1000000.00,4.718916,100.28515625
08:00:49,91282CKS9,TSRYS5814779,D,S,D,2024-06-17,828000.00,4.710457,100.30078125
08:00:49,91282CKS9,TSRYS5814779,D,S,T,2024-06-17,1000000.00,4.718916,100.28515625
08:00:49,91282CKS9,TSRYS5814779,D,S,T,2024-06-17,2000000.00,4.712572,100.296875
08:00:49,91282CKS9,TSRYS5814779,D,S,T,2024-06-17,1000000.00,4.712572,100.296875
08:00:50,91282CKS9,TSRYS5814779,D,S,T,2024-06-17,1000000.00,4.718916,100.28515625
08:00:50,91282CKS9,TSRYS5814779,D,S,D,2024-06-17,1000000.00,4.713629,100.294921875
08:00:50,91282CKS9,TSRYS5814779,D,S,A,2024-06-17,9250000.00,4.706228,100.30859375
08:00:50,91282CKS9,TSRYS5814779,D,S,T,2024-06-17,1000000.00,4.712572,100.296875
08:00:50,91282CKS9,TSRYS5814779,D,S,T,2024-06-17,1000000.00,4.718916,100.28515625
08:00:50,91282CKS9,TSRYS5814779,D,S,D,2024-06-17,1000000.00,4.714687,100.29296875
08:00:50,91282CKS9,TSRYS5814779,D,S,T,2024-06-17,1000000.00,4.718916,100.28515625
08:00:50,91282CKS9,TSRYS5814779,D,S,T,2024-06-17,1000000.00,4.718916,100.28515625
08:00:51,91282CKS9,TSRYS5814779,D,S,T,2024-06-17,2000000.00,4.718916,100.28515625
08:00:51,91282CKS9,TSRYS5814779,D,S,T,2024-06-17,2000000.00,4.718916,100.28515625
08:00:52,91282CKS9,TSRYS5814779,D,S,T,2024-06-17,3000000.00,4.716801,100.2890625
08:00:52,91282CKS9,TSRYS5814779,D,S,T,2024-06-17,1000000.00,4.705171,100.310546875
08:00:53,91282CKS9,TSRYS5814779,D,S,T,2024-06-17,1000000.00,4.704114,100.3125
08:00:53,91282CKS9,TSRYS5814779,D,S,T,2024-06-17,1000000.00,4.716801,100.2890625
08:00:53,91282CKS9,TSRYS5814779,D,S,T,2024-06-17,2000000.00,4.704114,100.3125
08:00:53,91282CKS9,TSRYS5814779,D,S,T,2024-06-17,1000000.00,4.704114,100.3125
08:00:53,91282CKS9,TSRYS5814779,D,S,T,2024-06-17,1000000.00,4.704114,100.3125
08:00:53,91282CKS9,TSRYS5814779,D,S,T,2024-06-17,1000000.00,4.704114,100.3125
08:00:53,91282CKS9,TSRYS5814779,D,S,T,2024-06-17,2000000.00,4.704114,100.3125
08:00:53,91282CKS9,TSRYS5814779,D,S,T,2024-06-17,4000000.00,4.716801,100.2890625
08:00:53,91282CKS9,TSRYS5814779,D,S,T,2024-06-17,1000000.00,4.704114,100.3125
08:00:53,91282CKS9,TSRYS5814779,D,S,T,2024-06-17,1000000.00,4.704114,100.3125
08:00:53,91282CKS9,TSRYS5814779,D,S,T,2024-06-17,1000000.00,4.704114,100.3125
08:00:53,91282CKS9,TSRYS5814779,D,S,T,2024-06-17,1000000.00,4.716801,100.2890625
08:00:53,91282CKS9,TSRYS5814779,D,S,T,2024-06-17,1000000.00,4.716801,100.2890625
08:00:53,91282CKS9,TSRYS5814779,D,S,T,2024-06-17,4000000.00,4.716801,100.2890625
08:00:54,91282CKS9,TSRYS5814779,D,S,D,2024-06-17,1000000.00,4.721031,100.28125
08:00:54,91282CKS9,TSRYS5814779,D,S,D,2024-06-17,3000000.00,4.716801,100.2890625
08:00:54,91282CKS9,TSRYS5814779,D,S,D,2024-06-17,3000000.00,4.716801,100.2890625
08:00:54,91282CKS9,TSRYS5814779,D,S,T,2024-06-17,1000000.00,4.716801,100.2890625
08:00:54,91282CKS9,TSRYS5814779,D,S,T,2024-06-17,4000000.00,4.716801,100.2890625
08:00:54,91282CKS9,TSRYS5814779,D,S,T,2024-06-17,1000000.00,4.716801,100.2890625
08:00:55,91282CKS9,TSRYS5814779,D,S,T,2024-06-17,1000000.00,4.716801,100.2890625
08:00:55,91282CKS9,TSRYS5814779,D,S,T,2024-06-17,1000000.00,4.716801,100.2890625
08:00:55,91282CKS9,TSRYS5814779,D,S,T,2024-06-17,4000000.00,4.716801,100.2890625
08:00:55,91282CKS9,TSRYS5814779,D,S,T,2024-06-17,3000000.00,4.716801,100.2890625
08:00:56,91282CKS9,TSRYS5814779,D,B,C,2024-06-17,55391000.00,4.716983,100.2887275
08:00:56,91282CKS9,TSRYS5814779,D,S,D,2024-06-17,3000000.00,4.715744,100.291015625
08:00:56,91282CKS9,TSRYS5814779,D,S,D,2024-06-17,3000000.00,4.715744,100.291015625
08:00:56,91282CKS9,TSRYS5814779,D,S,D,2024-06-17,3000000.00,4.715744,100.291015625
08:00:56,91282CKS9,TSRYS5814779,D,S,D,2024-06-17,3000000.00,4.713629,100.294921875
08:00:56,91282CKS9,TSRYS5814779,D,S,D,2024-06-17,3000000.00,4.713629,100.294921875
08:00:56,91282CKS9,TSRYS5814779,D,S,D,2024-06-17,2000000.00,4.711515,100.298828125
08:00:56,91282CKS9,TSRYS5814779,D,S,D,2024-06-17,4000000.00,4.718916,100.28515625
08:00:56,91282CKS9,TSRYS5814779,D,S,D,2024-06-17,8000000.00,4.718916,100.28515625
08:00:57,91282CKS9,TSRYS5814779,D,S,D,2024-06-17,828000.00,4.706228,100.30859375
08:00:57,91282CKS9,TSRYS5814779,D,S,D,2024-06-17,828000.00,4.704114,100.3125
08:00:57,91282CKS9,TSRYS5814779,D,S,D,2024-06-17,828000.00,4.706228,100.30859375
08:00:57,91282CKS9,TSRYS5814779,D,S,D,2024-06-17,3000000.00,4.708343,100.3046875
08:00:57,91282CKS9,TSRYS5814779,D,B,A,2024-06-17,1420000.00,4.704114,100.3125
08:00:58,91282CKS9,TSRYS5814779,D,S,D,2024-06-17,3000000.00,4.707286,100.306640625
08:00:58,91282CKS9,TSRYS5814779,D,S,D,2024-06-17,2000000.00,4.707286,100.306640625
08:00:58,91282CKS9,TSRYS5814779,D,S,D,2024-06-17,1000000.00,4.707286,100.306640625
08:00:58,91282CKS9,TSRYS5814779,D,B,A,2024-06-17,160000.00,4.706228,100.30859375
08:00:58,91282CKS9,TSRYS5814779,D,S,D,2024-06-17,828000.00,4.710457,100.30078125
08:00:58,91282CKS9,TSRYS5814779,D,S,T,2024-06-17,1000000.00,4.712572,100.296875
08:00:59,91282CKS9,TSRYS5814779,D,S,D,2024-06-17,828000.00,4.712572,100.296875
08:00:59,91282CKS9,TSRYS5814779,D,S,D,2024-06-17,828000.00,4.708343,100.3046875
08:00:59,91282CKS9,TSRYS5814779,D,S,D,2024-06-17,828000.00,4.708343,100.3046875
08:00:59,91282CKS9,TSRYS5814779,D,S,D,2024-06-17,828000.00,4.708343,100.3046875
08:00:59,91282CKS9,TSRYS5814779,D,S,T,2024-06-17,3000000.00,4.714687,100.29296875
08:00:59,91282CKS9,TSRYS5814779,D,S,D,2024-06-17,3000000.00,4.702,100.31640625
08:00:59,91282CKS9,TSRYS5814779,D,S,D,2024-06-17,3000000.00,4.702,100.31640625
08:00:59,91282CKS9,TSRYS5814779,D,S,D,2024-06-17,1000000.00,4.706228,100.30859375
08:00:59,91282CKS9,TSRYS5814779,D,S,D,2024-06-17,1000000.00,4.706228,100.30859375
08:00:59,91282CKS9,TSRYS5814779,D,S,D,2024-06-17,1000000.00,4.705171,100.310546875
08:00:59,91282CKS9,TSRYS5814779,D,S,D,2024-06-17,1000000.00,4.706228,100.30859375
08:00:59,91282CKS9,TSRYS5814779,D,S,D,2024-06-17,5000000.00,4.714687,100.29296875
08:01:00,91282CKS9,TSRYS5814779,D,S,T,2024-06-17,13000000.00,4.714687,100.29296875
08:01:00,91282CKS9,TSRYS5814779,D,S,T,2024-06-17,2000000.00,4.714687,100.29296875
08:01:00,91282CKS9,TSRYS5814779,D,S,T,2024-06-17,1000000.00,4.714687,100.29296875
08:01:01,91282CKS9,TSRYS5814779,D,S,T,2024-06-17,1000000.00,4.714687,100.29296875
08:01:01,91282CKS9,TSRYS5814779,D,S,T,2024-06-17,1000000.00,4.714687,100.29296875
08:01:01,91282CKS9,TSRYS5814779,D,S,T,2024-06-17,1000000.00,4.716801,100.2890625
08:01:01,91282CKS9,TSRYS5814779,D,B,C,2024-06-17,828000.00,4.703057,100.314453125
08:01:01,91282CKS9,TSRYS5814779,D,S,T,2024-06-17,1000000.00,4.714687,100.29296875
08:01:01,91282CKS9,TSRYS5814779,D,B,C,2024-06-17,1000000.00,4.714687,100.29296875
08:01:01,91282CKS9,TSRYS5814779,D,S,C,2024-06-17,1000000.00,4.717859,100.287109375
08:01:01,91282CKS9,TSRYS5814779,D,B,C,2024-06-17,1000000.00,4.717859,100.287109375
08:01:01,91282CKS9,TSRYS5814779,D,S,D,2024-06-17,1000000.00,4.714687,100.29296875
08:01:01,91282CKS9,TSRYS5814779,D,B,C,2024-06-17,1000000.00,4.714687,100.29296875
08:01:01,91282CKS9,TSRYS5814779,D,S,T,2024-06-17,9000000.00,4.712572,100.296875
08:01:01,91282CKS9,TSRYS5814779,D,S,D,2024-06-17,785000.00,4.708343,100.3046875
08:01:01,91282CKS9,TSRYS5814779,D,S,D,2024-06-17,1000000.00,4.714687,100.29296875
08:01:01,91282CKS9,TSRYS5814779,D,B,C,2024-06-17,1000000.00,4.716801,100.2890625
08:01:01,91282CKS9,TSRYS5814779,D,S,D,2024-06-17,1000000.00,4.716801,100.2890625
08:01:01,91282CKS9,TSRYS5814779,D,S,C,2024-06-17,1000000.00,4.716801,100.2890625
08:01:01,91282CKS9,TSRYS5814779,D,B,C,2024-06-17,1000000.00,4.716801,100.2890625
08:01:01,91282CKS9,TSRYS5814779,D,S,D,2024-06-17,1000000.00,4.716801,100.2890625
08:01:01,91282CKS9,TSRYS5814779,D,S,T,2024-06-17,13000000.00,4.712572,100.296875
08:01:01,91282CKS9,TSRYS5814779,D,S,C,2024-06-17,1000000.00,4.717859,100.287109375
08:01:01,91282CKS9,TSRYS5814779,D,S,C,2024-06-17,2000000.00,4.717859,100.287109375
08:01:01,91282CKS9,TSRYS5814779,D,B,C,2024-06-17,1000000.00,4.716801,100.2890625
08:01:01,91282CKS9,TSRYS5814779,D,S,C,2024-06-17,1000000.00,4.716801,100.2890625
08:01:02,91282CKS9,TSRYS5814779,D,S,T,2024-06-17,3000000.00,4.712572,100.296875
08:01:02,91282CKS9,TSRYS5814779,D,B,C,2024-06-17,828000.00,4.702,100.31640625
08:01:02,91282CKS9,TSRYS5814779,D,B,C,2024-06-17,828000.00,4.702,100.31640625
08:01:02,91282CKS9,TSRYS5814779,D,B,C,2024-06-17,828000.00,4.702,100.31640625
08:01:02,91282CKS9,TSRYS5814779,D,B,C,2024-06-17,828000.00,4.703057,100.314453125
08:01:02,91282CKS9,TSRYS5814779,D,B,C,2024-06-17,828000.00,4.703057,100.314453125
08:01:02,91282CKS9,TSRYS5814779,D,B,C,2024-06-17,828000.00,4.703057,100.314453125
08:01:02,91282CKS9,TSRYS5814779,D,S,T,2024-06-17,1000000.00,4.723146,100.27734375
08:01:02,91282CKS9,TSRYS5814779,D,S,D,2024-06-17,1000000.00,4.721031,100.28125
08:01:02,91282CKS9,TSRYS5814779,D,S,C,2024-06-17,1000000.00,4.721031,100.28125
08:01:02,91282CKS9,TSRYS5814779,D,B,C,2024-06-17,1000000.00,4.721031,100.28125
08:01:02,91282CKS9,TSRYS5814779,D,B,C,2024-06-17,1000000.00,4.721031,100.28125
08:01:02,91282CKS9,TSRYS5814779,D,S,C,2024-06-17,1000000.00,4.721031,100.28125
08:01:02,91282CKS9,TSRYS5814779,D,S,D,2024-06-17,2000000.00,4.706228,100.30859375
08:01:02,91282CKS9,TSRYS5814779,D,S,C,2024-06-17,1000000.00,4.721031,100.28125
08:01:02,91282CKS9,TSRYS5814779,D,B,C,2024-06-17,1000000.00,4.721031,100.28125
08:01:02,91282CKS9,TSRYS5814779,D,S,D,2024-06-17,1000000.00,4.706228,100.30859375
08:01:02,91282CKS9,TSRYS5814779,D,B,C,2024-06-17,1000000.00,4.721031,100.28125
08:01:02,91282CKS9,TSRYS5814779,D,B,C,2024-06-17,1000000.00,4.721031,100.28125
08:01:02,91282CKS9,TSRYS5814779,D,B,C,2024-06-17,1000000.00,4.721031,100.28125
08:01:02,91282CKS9,TSRYS5814779,D,S,C,2024-06-17,1000000.00,4.721031,100.28125
08:01:02,91282CKS9,TSRYS5814779,D,S,C,2024-06-17,1000000.00,4.721031,100.28125
08:01:02,91282CKS9,TSRYS5814779,D,S,D,2024-06-17,1000000.00,4.706228,100.30859375
08:01:02,91282CKS9,TSRYS5814779,D,B,C,2024-06-17,1000000.00,4.721031,100.28125
08:01:02,91282CKS9,TSRYS5814779,D,B,C,2024-06-17,1000000.00,4.721031,100.28125
08:01:02,91282CKS9,TSRYS5814779,D,S,C,2024-06-17,1000000.00,4.721031,100.28125
08:01:02,91282CKS9,TSRYS5814779,D,B,C,2024-06-17,1000000.00,4.721031,100.28125
08:01:02,91282CKS9,TSRYS5814779,D,S,C,2024-06-17,1000000.00,4.721031,100.28125
08:01:02,91282CKS9,TSRYS5814779,D,S,C,2024-06-17,1000000.00,4.721031,100.28125
08:01:02,91282CKS9,TSRYS5814779,D,S,D,2024-06-17,1445000.00,4.721031,100.28125
08:01:02,91282CKS9,TSRYS5814779,D,S,C,2024-06-17,1000000.00,4.721031,100.28125
08:01:02,91282CKS9,TSRYS5814779,D,B,C,2024-06-17,1000000.00,4.721031,100.28125
08:01:02,91282CKS9,TSRYS5814779,D,B,C,2024-06-17,1000000.00,4.721031,100.28125
08:01:02,91282CKS9,TSRYS5814779,D,B,C,2024-06-17,1000000.00,4.721031,100.28125
08:01:02,91282CKS9,TSRYS5814779,D,S,C,2024-06-17,1000000.00,4.721031,100.28125
08:01:02,91282CKS9,TSRYS5814779,D,S,C,2024-06-17,1000000.00,4.721031,100.28125
08:01:02,91282CKS9,TSRYS5814779,D,B,C,2024-06-17,1000000.00,4.721031,100.28125
08:01:02,91282CKS9,TSRYS5814779,D,S,C,2024-06-17,1000000.00,4.721031,100.28125
08:01:02,91282CKS9,TSRYS5814779,D,B,C,2024-06-17,1000000.00,4.721031,100.28125
08:01:02,91282CKS9,TSRYS5814779,D,B,C,2024-06-17,1000000.00,4.721031,100.28125
08:01:02,91282CKS9,TSRYS5814779,D,S,C,2024-06-17,1000000.00,4.721031,100.28125
08:01:02,91282CKS9,TSRYS5814779,D,S,C,2024-06-17,1000000.00,4.721031,100.28125
08:01:02,91282CKS9,TSRYS5814779,D,S,C,2024-06-17,1000000.00,4.721031,100.28125
08:01:02,91282CKS9,TSRYS5814779,D,B,C,2024-06-17,1000000.00,4.721031,100.28125
08:01:02,91282CKS9,TSRYS5814779,D,B,C,2024-06-17,1000000.00,4.721031,100.28125
08:01:02,91282CKS9,TSRYS5814779,D,S,C,2024-06-17,1000000.00,4.721031,100.28125
08:01:02,91282CKS9,TSRYS5814779,D,S,C,2024-06-17,1000000.00,4.721031,100.28125
08:01:02,91282CKS9,TSRYS5814779,D,B,C,2024-06-17,1000000.00,4.721031,100.28125
08:01:02,91282CKS9,TSRYS5814779,D,S,C,2024-06-17,1000000.00,4.721031,100.28125
08:01:02,91282CKS9,TSRYS5814779,D,B,C,2024-06-17,1000000.00,4.721031,100.28125
08:01:02,91282CKS9,TSRYS5814779,D,S,C,2024-06-17,1000000.00,4.721031,100.28125
08:01:02,91282CKS9,TSRYS5814779,D,B,C,2024-06-17,1000000.00,4.721031,100.28125
08:01:02,91282CKS9,TSRYS5814779,D,B,C,2024-06-17,1000000.00,4.721031,100.28125
08:01:02,91282CKS9,TSRYS5814779,D,S,C,2024-06-17,1000000.00,4.721031,100.28125
08:01:02,91282CKS9,TSRYS5814779,D,B,C,2024-06-17,1000000.00,4.721031,100.28125
08:01:02,91282CKS9,TSRYS5814779,D,S,C,2024-06-17,1000000.00,4.721031,100.28125
08:01:02,91282CKS9,TSRYS5814779,D,S,C,2024-06-17,1000000.00,4.721031,100.28125
08:01:02,91282CKS9,TSRYS5814779,D,B,C,2024-06-17,1000000.00,4.721031,100.28125
08:01:02,91282CKS9,TSRYS5814779,D,S,D,2024-06-17,1000000.00,4.718916,100.28515625
08:01:02,91282CKS9,TSRYS5814779,D,B,C,2024-06-17,1000000.00,4.718916,100.28515625
08:01:02,91282CKS9,TSRYS5814779,D,S,C,2024-06-17,1000000.00,4.717859,100.287109375
08:01:03,91282CKS9,TSRYS5814779,D,B,C,2024-06-17,1000000.00,4.717859,100.287109375
08:01:03,91282CKS9,TSRYS5814779,D,B,C,2024-06-17,1000000.00,4.717859,100.287109375
08:01:03,91282CKS9,TSRYS5814779,D,S,C,2024-06-17,1000000.00,4.717859,100.287109375
08:01:03,91282CKS9,TSRYS5814779,D,S,C,2024-06-17,1000000.00,4.717859,100.287109375
08:01:03,91282CKS9,TSRYS5814779,D,B,C,2024-06-17,1000000.00,4.717859,100.287109375
08:01:03,91282CKS9,TSRYS5814779,D,S,C,2024-06-17,1000000.00,4.717859,100.287109375
08:01:03,91282CKS9,TSRYS5814779,D,B,C,2024-06-17,1000000.00,4.717859,100.287109375
08:01:03,91282CKS9,TSRYS5814779,D,B,C,2024-06-17,1000000.00,4.717859,100.287109375
08:01:03,91282CKS9,TSRYS5814779,D,S,C,2024-06-17,1000000.00,4.717859,100.287109375
08:01:03,91282CKS9,TSRYS5814779,D,B,C,2024-06-17,1000000.00,4.717859,100.287109375
08:01:03,91282CKS9,TSRYS5814779,D,S,C,2024-06-17,1000000.00,4.717859,100.287109375
08:01:03,91282CKS9,TSRYS5814779,D,B,C,2024-06-17,1000000.00,4.717859,100.287109375
08:01:03,91282CKS9,TSRYS5814779,D,S,C,2024-06-17,1000000.00,4.717859,100.287109375
08:01:03,91282CKS9,TSRYS5814779,D,S,A,2024-06-17,10000000.00,4.718916,100.28515625
08:01:03,91282CKS9,TSRYS5814779,D,B,C,2024-06-17,1000000.00,4.717859,100.287109375
08:01:03,91282CKS9,TSRYS5814779,D,S,D,2024-06-17,1000000.00,4.717859,100.287109375
08:01:03,91282CKS9,TSRYS5814779,D,S,D,2024-06-17,1000000.00,4.717859,100.287109375
08:01:03,91282CKS9,TSRYS5814779,D,B,C,2024-06-17,1000000.00,4.717859,100.287109375
08:01:03,91282CKS9,TSRYS5814779,D,S,C,2024-06-17,1000000.00,4.717859,100.287109375
08:01:03,91282CKS9,TSRYS5814779,D,B,C,2024-06-17,1000000.00,4.717859,100.287109375
08:01:03,91282CKS9,TSRYS5814779,D,S,C,2024-06-17,1000000.00,4.717859,100.287109375
08:01:03,91282CKS9,TSRYS5814779,D,B,C,2024-06-17,1000000.00,4.717859,100.287109375
08:01:03,91282CKS9,TSRYS5814779,D,S,D,2024-06-17,1000000.00,4.717859,100.287109375
08:01:03,91282CKS9,TSRYS5814779,D,B,C,2024-06-17,1000000.00,4.717859,100.287109375
08:01:03,91282CKS9,TSRYS5814779,D,S,D,2024-06-17,1000000.00,4.717859,100.287109375
08:01:03,91282CKS9,TSRYS5814779,D,B,C,2024-06-17,1000000.00,4.717859,100.287109375
08:01:03,91282CKS9,TSRYS5814779,D,S,D,2024-06-17,1000000.00,4.717859,100.287109375
08:01:03,91282CKS9,TSRYS5814779,D,B,C,2024-06-17,1000000.00,4.717859,100.287109375
08:01:03,91282CKS9,TSRYS5814779,D,S,D,2024-06-17,1000000.00,4.717859,100.287109375
08:01:03,91282CKS9,TSRYS5814779,D,B,C,2024-06-17,1000000.00,4.717859,100.287109375
08:01:03,91282CKS9,TSRYS5814779,D,S,D,2024-06-17,1000000.00,4.717859,100.287109375
08:01:03,91282CKS9,TSRYS5814779,D,B,C,2024-06-17,1000000.00,4.717859,100.287109375
08:01:03,91282CKS9,TSRYS5814779,D,S,D,2024-06-17,1000000.00,4.717859,100.287109375
08:01:03,91282CKS9,TSRYS5814779,D,B,C,2024-06-17,1000000.00,4.717859,100.287109375
08:01:03,91282CKS9,TSRYS5814779,D,S,D,2024-06-17,1000000.00,4.717859,100.287109375
08:01:03,91282CKS9,TSRYS5814779,D,B,C,2024-06-17,1000000.00,4.717859,100.287109375
08:01:03,91282CKS9,TSRYS5814779,D,S,D,2024-06-17,1000000.00,4.717859,100.287109375
08:01:03,91282CKS9,TSRYS5814779,D,B,C,2024-06-17,1000000.00,4.717859,100.287109375
08:01:03,91282CKS9,TSRYS5814779,D,S,D,2024-06-17,1000000.00,4.717859,100.287109375
08:01:03,91282CKS9,TSRYS5814779,D,B,C,2024-06-17,1000000.00,4.717859,100.287109375
08:01:03,91282CKS9,TSRYS5814779,D,B,C,2024-06-17,1000000.00,4.717859,100.287109375
08:01:03,91282CKS9,TSRYS5814779,D,B,C,2024-06-17,1000000.00,4.718916,100.28515625
08:01:03,91282CKS9,TSRYS5814779,D,S,D,2024-06-17,1000000.00,4.718916,100.28515625
08:01:03,91282CKS9,TSRYS5814779,D,S,D,2024-06-17,1000000.00,4.717859,100.287109375
08:01:03,91282CKS9,TSRYS5814779,D,B,C,2024-06-17,1000000.00,4.717859,100.287109375
08:01:03,91282CKS9,TSRYS5814779,D,S,D,2024-06-17,1000000.00,4.717859,100.287109375
08:01:03,91282CKS9,TSRYS5814779,D,B,C,2024-06-17,1000000.00,4.717859,100.287109375
08:01:03,91282CKS9,TSRYS5814779,D,S,C,2024-06-17,1000000.00,4.717859,100.287109375
08:01:03,91282CKS9,TSRYS5814779,D,S,C,2024-06-17,1000000.00,4.717859,100.287109375
08:01:03,91282CKS9,TSRYS5814779,D,B,C,2024-06-17,1000000.00,4.717859,100.287109375
08:01:03,91282CKS9,TSRYS5814779,D,S,C,2024-06-17,1000000.00,4.717859,100.287109375
08:01:03,91282CKS9,TSRYS5814779,D,B,C,2024-06-17,1000000.00,4.717859,100.287109375
08:01:03,91282CKS9,TSRYS5814779,D,B,C,2024-06-17,1000000.00,4.717859,100.287109375
08:01:03,91282CKS9,TSRYS5814779,D,S,C,2024-06-17,1000000.00,4.717859,100.287109375
08:01:03,91282CKS9,TSRYS5814779,D,S,C,2024-06-17,1000000.00,4.717859,100.287109375
08:01:03,91282CKS9,TSRYS5814779,D,B,C,2024-06-17,1000000.00,4.717859,100.287109375
08:01:03,91282CKS9,TSRYS5814779,D,S,D,2024-06-17,1000000.00,4.717859,100.287109375
08:01:03,91282CKS9,TSRYS5814779,D,S,D,2024-06-17,828000.00,4.704114,100.3125
08:01:03,91282CKS9,TSRYS5814779,D,B,C,2024-06-17,1000000.00,4.717859,100.287109375
08:01:03,91282CKS9,TSRYS5814779,D,B,C,2024-06-17,1000000.00,4.717859,100.287109375
08:01:03,91282CKS9,TSRYS5814779,D,S,D,2024-06-17,1000000.00,4.717859,100.287109375
08:01:03,91282CKS9,TSRYS5814779,D,S,C,2024-06-17,1000000.00,4.717859,100.287109375
08:01:03,91282CKS9,TSRYS5814779,D,B,C,2024-06-17,1000000.00,4.717859,100.287109375
08:01:03,91282CKS9,TSRYS5814779,D,S,C,2024-06-17,1000000.00,4.717859,100.287109375
08:01:03,91282CKS9,TSRYS5814779,D,S,D,2024-06-17,140000.00,4.702,100.31640625
08:01:03,91282CKS9,TSRYS5814779,D,S,D,2024-06-17,1000000.00,4.718916,100.28515625
08:01:03,91282CKS9,TSRYS5814779,D,B,C,2024-06-17,1000000.00,4.718916,100.28515625
08:01:03,91282CKS9,TSRYS5814779,D,S,T,2024-06-17,1000000.00,4.708343,100.3046875
08:01:03,91282CKS9,TSRYS5814779,D,S,D,2024-06-17,1000000.00,4.718916,100.28515625
08:01:03,91282CKS9,TSRYS5814779,D,B,C,2024-06-17,1000000.00,4.718916,100.28515625
08:01:03,91282CKS9,TSRYS5814779,D,B,C,2024-06-17,1000000.00,4.718916,100.28515625
08:01:03,91282CKS9,TSRYS5814779,D,S,C,2024-06-17,1000000.00,4.718916,100.28515625
08:01:03,91282CKS9,TSRYS5814779,D,S,C,2024-06-17,1000000.00,4.718916,100.28515625
08:01:03,91282CKS9,TSRYS5814779,D,B,C,2024-06-17,1000000.00,4.718916,100.28515625
08:01:03,91282CKS9,TSRYS5814779,D,B,C,2024-06-17,1000000.00,4.718916,100.28515625
08:01:03,91282CKS9,TSRYS5814779,D,S,C,2024-06-17,1000000.00,4.718916,100.28515625
08:01:03,91282CKS9,TSRYS5814779,D,B,C,2024-06-17,1000000.00,4.718916,100.28515625
08:01:03,91282CKS9,TSRYS5814779,D,S,C,2024-06-17,1000000.00,4.718916,100.28515625
08:01:03,91282CKS9,TSRYS5814779,D,B,C,2024-06-17,1000000.00,4.718916,100.28515625
08:01:03,91282CKS9,TSRYS5814779,D,S,C,2024-06-17,1000000.00,4.718916,100.28515625
08:01:03,91282CKS9,TSRYS5814779,D,B,C,2024-06-17,1000000.00,4.718916,100.28515625
08:01:03,91282CKS9,TSRYS5814779,D,S,C,2024-06-17,1000000.00,4.718916,100.28515625
08:01:03,91282CKS9,TSRYS5814779,D,B,C,2024-06-17,1000000.00,4.718916,100.28515625
08:01:03,91282CKS9,TSRYS5814779,D,S,C,2024-06-17,1000000.00,4.718916,100.28515625
08:01:03,91282CKS9,TSRYS5814779,D,B,C,2024-06-17,828000.00,4.704114,100.3125
08:01:03,91282CKS9,TSRYS5814779,D,B,C,2024-06-17,828000.00,4.704114,100.3125
08:01:03,91282CKS9,TSRYS5814779,D,B,C,2024-06-17,1000000.00,4.718916,100.28515625
08:01:03,91282CKS9,TSRYS5814779,D,B,C,2024-06-17,828000.00,4.704114,100.3125
08:01:03,91282CKS9,TSRYS5814779,D,S,D,2024-06-17,828000.00,4.710457,100.30078125
08:01:03,91282CKS9,TSRYS5814779,D,B,C,2024-06-17,1000000.00,4.718916,100.28515625
08:01:04,91282CKS9,TSRYS5814779,D,S,C,2024-06-17,1000000.00,4.718916,100.28515625
08:01:04,91282CKS9,TSRYS5814779,D,B,C,2024-06-17,1000000.00,4.718916,100.28515625
08:01:04,91282CKS9,TSRYS5814779,D,S,C,2024-06-17,1000000.00,4.718916,100.28515625
08:01:04,91282CKS9,TSRYS5814779,D,B,C,2024-06-17,1000000.00,4.718916,100.28515625
08:01:04,91282CKS9,TSRYS5814779,D,S,C,2024-06-17,1000000.00,4.718916,100.28515625
08:01:04,91282CKS9,TSRYS5814779,D,S,C,2024-06-17,1000000.00,4.718916,100.28515625
08:01:04,91282CKS9,TSRYS5814779,D,S,C,2024-06-17,1000000.00,4.718916,100.28515625
08:01:04,91282CKS9,TSRYS5814779,D,B,C,2024-06-17,1000000.00,4.718916,100.28515625
08:01:04,91282CKS9,TSRYS5814779,D,B,C,2024-06-17,1000000.00,4.718916,100.28515625
08:01:04,91282CKS9,TSRYS5814779,D,S,C,2024-06-17,1000000.00,4.718916,100.28515625
08:01:04,91282CKS9,TSRYS5814779,D,S,C,2024-06-17,1000000.00,4.718916,100.28515625
08:01:04,91282CKS9,TSRYS5814779,D,B,C,2024-06-17,1000000.00,4.718916,100.28515625
08:01:04,91282CKS9,TSRYS5814779,D,S,C,2024-06-17,1000000.00,4.718916,100.28515625
08:01:04,91282CKS9,TSRYS5814779,D,B,C,2024-06-17,1000000.00,4.718916,100.28515625
08:01:04,91282CKS9,TSRYS5814779,D,S,D,2024-06-17,1000000.00,4.718916,100.28515625
08:01:04,91282CKS9,TSRYS5814779,D,B,C,2024-06-17,1000000.00,4.718916,100.28515625
08:01:04,91282CKS9,TSRYS5814779,D,S,C,2024-06-17,1000000.00,4.718916,100.28515625
08:01:04,91282CKS9,TSRYS5814779,D,B,C,2024-06-17,1000000.00,4.718916,100.28515625
08:01:04,91282CKS9,TSRYS5814779,D,S,C,2024-06-17,1000000.00,4.718916,100.28515625
08:01:04,91282CKS9,TSRYS5814779,D,B,C,2024-06-17,1000000.00,4.718916,100.28515625
08:01:04,91282CKS9,TSRYS5814779,D,B,C,2024-06-17,1000000.00,4.718916,100.28515625
08:01:04,91282CKS9,TSRYS5814779,D,S,C,2024-06-17,1000000.00,4.718916,100.28515625
08:01:04,91282CKS9,TSRYS5814779,D,B,C,2024-06-17,1000000.00,4.718916,100.28515625
08:01:04,91282CKS9,TSRYS5814779,D,S,D,2024-06-17,1000000.00,4.718916,100.28515625
08:01:04,91282CKS9,TSRYS5814779,D,S,D,2024-06-17,828000.00,4.712572,100.296875
08:01:04,91282CKS9,TSRYS5814779,D,S,D,2024-06-17,1000000.00,4.718916,100.28515625
08:01:04,91282CKS9,TSRYS5814779,D,B,C,2024-06-17,1000000.00,4.718916,100.28515625
08:01:04,91282CKS9,TSRYS5814779,D,S,D,2024-06-17,1000000.00,4.718916,100.28515625
08:01:04,91282CKS9,TSRYS5814779,D,B,C,2024-06-17,1000000.00,4.718916,100.28515625
08:01:04,91282CKS9,TSRYS5814779,D,S,D,2024-06-17,1000000.00,4.718916,100.28515625
08:01:04,91282CKS9,TSRYS5814779,D,B,C,2024-06-17,1000000.00,4.718916,100.28515625
08:01:04,91282CKS9,TSRYS5814779,D,S,D,2024-06-17,828000.00,4.706228,100.30859375
08:01:04,91282CKS9,TSRYS5814779,D,S,D,2024-06-17,1000000.00,4.718916,100.28515625
08:01:04,91282CKS9,TSRYS5814779,D,B,C,2024-06-17,1000000.00,4.718916,100.28515625
08:01:04,91282CKS9,TSRYS5814779,D,S,D,2024-06-17,1000000.00,4.718916,100.28515625
08:01:04,91282CKS9,TSRYS5814779,D,B,C,2024-06-17,1000000.00,4.718916,100.28515625
08:01:04,91282CKS9,TSRYS5814779,D,S,D,2024-06-17,1000000.00,4.718916,100.28515625
08:01:04,91282CKS9,TSRYS5814779,D,B,C,2024-06-17,1000000.00,4.718916,100.28515625
08:01:04,91282CKS9,TSRYS5814779,D,S,D,2024-06-17,1000000.00,4.718916,100.28515625
08:01:04,91282CKS9,TSRYS5814779,D,B,C,2024-06-17,1000000.00,4.718916,100.28515625
08:01:04,91282CKS9,TSRYS5814779,D,S,D,2024-06-17,1000000.00,4.718916,100.28515625
08:01:04,91282CKS9,TSRYS5814779,D,B,C,2024-06-17,1000000.00,4.718916,100.28515625
08:01:04,91282CKS9,TSRYS5814779,D,B,C,2024-06-17,1000000.00,4.718916,100.28515625
08:01:04,91282CKS9,TSRYS5814779,D,S,C,2024-06-17,1000000.00,4.718916,100.28515625
08:01:04,91282CKS9,TSRYS5814779,D,S,D,2024-06-17,1000000.00,4.718916,100.28515625
08:01:04,91282CKS9,TSRYS5814779,D,B,C,2024-06-17,1000000.00,4.718916,100.28515625
08:01:04,91282CKS9,TSRYS5814779,D,B,C,2024-06-17,1000000.00,4.718916,100.28515625
08:01:04,91282CKS9,TSRYS5814779,D,S,C,2024-06-17,1000000.00,4.718916,100.28515625
08:01:04,91282CKS9,TSRYS5814779,D,S,D,2024-06-17,1000000.00,4.721031,100.28125
08:01:04,91282CKS9,TSRYS5814779,D,B,C,2024-06-17,1000000.00,4.721031,100.28125
08:01:04,91282CKS9,TSRYS5814779,D,S,T,2024-06-17,1000000.00,4.712572,100.296875
08:01:04,91282CKS9,TSRYS5814779,D,S,D,2024-06-17,1000000.00,4.721031,100.28125
08:01:04,91282CKS9,TSRYS5814779,D,B,C,2024-06-17,1000000.00,4.721031,100.28125
08:01:04,91282CKS9,TSRYS5814779,D,S,D,2024-06-17,1000000.00,4.721031,100.28125
08:01:04,91282CKS9,TSRYS5814779,D,B,C,2024-06-17,1000000.00,4.721031,100.28125
08:01:04,91282CKS9,TSRYS5814779,D,S,D,2024-06-17,1000000.00,4.721031,100.28125
08:01:04,91282CKS9,TSRYS5814779,D,B,C,2024-06-17,1000000.00,4.721031,100.28125
08:01:04,91282CKS9,TSRYS5814779,D,S,D,2024-06-17,1000000.00,4.721031,100.28125
08:01:04,91282CKS9,TSRYS5814779,D,B,C,2024-06-17,1000000.00,4.721031,100.28125
08:01:04,91282CKS9,TSRYS5814779,D,S,D,2024-06-17,1000000.00,4.721031,100.28125
08:01:04,91282CKS9,TSRYS5814779,D,B,C,2024-06-17,1000000.00,4.721031,100.28125
08:01:04,91282CKS9,TSRYS5814779,D,B,C,2024-06-17,1000000.00,4.719974,100.283203125
08:01:04,91282CKS9,TSRYS5814779,D,S,C,2024-06-17,1000000.00,4.719974,100.283203125
08:01:04,91282CKS9,TSRYS5814779,D,B,C,2024-06-17,1000000.00,4.719974,100.283203125
08:01:04,91282CKS9,TSRYS5814779,D,S,C,2024-06-17,1000000.00,4.719974,100.283203125
08:01:04,91282CKS9,TSRYS5814779,D,B,C,2024-06-17,1000000.00,4.719974,100.283203125
08:01:04,91282CKS9,TSRYS5814779,D,S,C,2024-06-17,1000000.00,4.719974,100.283203125
08:01:04,91282CKS9,TSRYS5814779,D,B,C,2024-06-17,1000000.00,4.719974,100.283203125
08:01:04,91282CKS9,TSRYS5814779,D,S,C,2024-06-17,1000000.00,4.719974,100.283203125
08:01:04,91282CKS9,TSRYS5814779,D,B,C,2024-06-17,1000000.00,4.719974,100.283203125
08:01:04,91282CKS9,TSRYS5814779,D,S,C,2024-06-17,1000000.00,4.719974,100.283203125
08:01:04,91282CKS9,TSRYS5814779,D,B,C,2024-06-17,1000000.00,4.719974,100.283203125
08:01:04,91282CKS9,TSRYS5814779,D,S,C,2024-06-17,1000000.00,4.719974,100.283203125
08:01:04,91282CKS9,TSRYS5814779,D,B,C,2024-06-17,1000000.00,4.719974,100.283203125
08:01:04,91282CKS9,TSRYS5814779,D,S,C,2024-06-17,1000000.00,4.719974,100.283203125
08:01:04,91282CKS9,TSRYS5814779,D,B,C,2024-06-17,1000000.00,4.719974,100.283203125
08:01:04,91282CKS9,TSRYS5814779,D,S,D,2024-06-17,1000000.00,4.719974,100.283203125
08:01:04,91282CKS9,TSRYS5814779,D,S,D,2024-06-17,1000000.00,4.721031,100.28125
08:01:04,91282CKS9,TSRYS5814779,D,B,C,2024-06-17,1000000.00,4.721031,100.28125
08:01:04,91282CKS9,TSRYS5814779,D,S,D,2024-06-17,1000000.00,4.719974,100.283203125
08:01:04,91282CKS9,TSRYS5814779,D,B,C,2024-06-17,1000000.00,4.719974,100.283203125
08:01:04,91282CKS9,TSRYS5814779,D,S,D,2024-06-17,1000000.00,4.719974,100.283203125
08:01:04,91282CKS9,TSRYS5814779,D,B,C,2024-06-17,1000000.00,4.719974,100.283203125
08:01:04,91282CKS9,TSRYS5814779,D,S,D,2024-06-17,1000000.00,4.719974,100.283203125
08:01:04,91282CKS9,TSRYS5814779,D,B,C,2024-06-17,1000000.00,4.719974,100.283203125
08:01:04,91282CKS9,TSRYS5814779,D,S,D,2024-06-17,1000000.00,4.721031,100.28125
08:01:04,91282CKS9,TSRYS5814779,D,B,C,2024-06-17,1000000.00,4.721031,100.28125
08:01:04,91282CKS9,TSRYS5814779,D,S,C,2024-06-17,1000000.00,4.719974,100.283203125
08:01:04,91282CKS9,TSRYS5814779,D,B,C,2024-06-17,1000000.00,4.719974,100.283203125
08:01:04,91282CKS9,TSRYS5814779,D,B,C,2024-06-17,1000000.00,4.718916,100.28515625
08:01:04,91282CKS9,TSRYS5814779,D,S,D,2024-06-17,1000000.00,4.718916,100.28515625
08:01:04,91282CKS9,TSRYS5814779,D,B,C,2024-06-17,1000000.00,4.718916,100.28515625
08:01:04,91282CKS9,TSRYS5814779,D,S,C,2024-06-17,1000000.00,4.718916,100.28515625
08:01:04,91282CKS9,TSRYS5814779,D,S,C,2024-06-17,1000000.00,4.718916,100.28515625
08:01:04,91282CKS9,TSRYS5814779,D,B,C,2024-06-17,1000000.00,4.718916,100.28515625
08:01:04,91282CKS9,TSRYS5814779,D,B,C,2024-06-17,1000000.00,4.718916,100.28515625
08:01:04,91282CKS9,TSRYS5814779,D,S,C,2024-06-17,1000000.00,4.718916,100.28515625
08:01:04,91282CKS9,TSRYS5814779,D,S,C,2024-06-17,1000000.00,4.718916,100.28515625
08:01:04,91282CKS9,TSRYS5814779,D,B,C,2024-06-17,1000000.00,4.718916,100.28515625
08:01:04,91282CKS9,TSRYS5814779,D,S,C,2024-06-17,1000000.00,4.718916,100.28515625
08:01:04,91282CKS9,TSRYS5814779,D,B,C,2024-06-17,1000000.00,4.718916,100.28515625
08:01:04,91282CKS9,TSRYS5814779,D,S,C,2024-06-17,1000000.00,4.718916,100.28515625
08:01:04,91282CKS9,TSRYS5814779,D,B,C,2024-06-17,1000000.00,4.718916,100.28515625
08:01:05,91282CKS9,TSRYS5814779,D,S,D,2024-06-17,1000000.00,4.718916,100.28515625
08:01:05,91282CKS9,TSRYS5814779,D,B,C,2024-06-17,1000000.00,4.718916,100.28515625
08:01:05,91282CKS9,TSRYS5814779,D,B,C,2024-06-17,1000000.00,4.717859,100.287109375
08:01:05,91282CKS9,TSRYS5814779,D,S,C,2024-06-17,1000000.00,4.717859,100.287109375
08:01:05,91282CKS9,TSRYS5814779,D,S,C,2024-06-17,1000000.00,4.717859,100.287109375
08:01:05,91282CKS9,TSRYS5814779,D,B,C,2024-06-17,1000000.00,4.717859,100.287109375
08:01:05,91282CKS9,TSRYS5814779,D,S,D,2024-06-17,1000000.00,4.717859,100.287109375
08:01:05,91282CKS9,TSRYS5814779,D,B,C,2024-06-17,1000000.00,4.717859,100.287109375
08:01:05,91282CKS9,TSRYS5814779,D,S,D,2024-06-17,1000000.00,4.717859,100.287109375
08:01:05,91282CKS9,TSRYS5814779,D,B,C,2024-06-17,1000000.00,4.717859,100.287109375
08:01:05,91282CKS9,TSRYS5814779,D,B,C,2024-06-17,828000.00,4.704114,100.3125
08:01:05,91282CKS9,TSRYS5814779,D,B,C,2024-06-17,828000.00,4.704114,100.3125
08:01:05,91282CKS9,TSRYS5814779,D,S,D,2024-06-17,1000000.00,4.717859,100.287109375
08:01:05,91282CKS9,TSRYS5814779,D,B,C,2024-06-17,1000000.00,4.717859,100.287109375
08:01:05,91282CKS9,TSRYS5814779,D,S,C,2024-06-17,1000000.00,4.718916,100.28515625
08:01:05,91282CKS9,TSRYS5814779,D,B,C,2024-06-17,1000000.00,4.718916,100.28515625
08:01:05,91282CKS9,TSRYS5814779,D,S,D,2024-06-17,828000.00,4.710457,100.30078125
08:01:05,91282CKS9,TSRYS5814779,D,S,D,2024-06-17,1000000.00,4.718916,100.28515625
08:01:05,91282CKS9,TSRYS5814779,D,B,C,2024-06-17,1000000.00,4.718916,100.28515625
08:01:05,91282CKS9,TSRYS5814779,D,S,D,2024-06-17,1000000.00,4.717859,100.287109375
08:01:05,91282CKS9,TSRYS5814779,D,B,C,2024-06-17,1000000.00,4.717859,100.287109375
08:01:05,91282CKS9,TSRYS5814779,D,S,D,2024-06-17,1000000.00,4.718916,100.28515625
08:01:05,91282CKS9,TSRYS5814779,D,B,C,2024-06-17,1000000.00,4.718916,100.28515625
08:01:05,91282CKS9,TSRYS5814779,D,S,D,2024-06-17,1000000.00,4.718916,100.28515625
08:01:05,91282CKS9,TSRYS5814779,D,B,C,2024-06-17,1000000.00,4.718916,100.28515625
08:01:05,91282CKS9,TSRYS5814779,D,B,A,2024-06-17,800000.00,4.712572,100.296875
08:01:05,91282CKS9,TSRYS5814779,D,S,C,2024-06-17,1000000.00,4.718916,100.28515625
08:01:05,91282CKS9,TSRYS5814779,D,B,C,2024-06-17,1000000.00,4.718916,100.28515625
08:01:05,91282CKS9,TSRYS5814779,D,S,D,2024-06-17,1000000.00,4.718916,100.28515625
08:01:05,91282CKS9,TSRYS5814779,D,B,C,2024-06-17,1000000.00,4.718916,100.28515625
08:01:05,91282CKS9,TSRYS5814779,D,S,C,2024-06-17,1000000.00,4.718916,100.28515625
08:01:05,91282CKS9,TSRYS5814779,D,B,C,2024-06-17,1000000.00,4.718916,100.28515625
08:01:05,91282CKS9,TSRYS5814779,D,S,C,2024-06-17,1000000.00,4.718916,100.28515625
08:01:05,91282CKS9,TSRYS5814779,D,B,C,2024-06-17,1000000.00,4.718916,100.28515625
08:01:05,91282CKS9,TSRYS5814779,D,S,C,2024-06-17,1000000.00,4.718916,100.28515625
08:01:05,91282CKS9,TSRYS5814779,D,B,C,2024-06-17,1000000.00,4.718916,100.28515625
08:01:05,91282CKS9,TSRYS5814779,D,S,C,2024-06-17,1000000.00,4.718916,100.28515625
08:01:05,91282CKS9,TSRYS5814779,D,B,C,2024-06-17,1000000.00,4.718916,100.28515625
08:01:05,91282CKS9,TSRYS5814779,D,S,C,2024-06-17,1000000.00,4.718916,100.28515625
08:01:05,91282CKS9,TSRYS5814779,D,B,C,2024-06-17,1000000.00,4.718916,100.28515625
08:01:05,91282CKS9,TSRYS5814779,D,S,C,2024-06-17,1000000.00,4.718916,100.28515625
08:01:05,91282CKS9,TSRYS5814779,D,B,C,2024-06-17,1000000.00,4.718916,100.28515625
08:01:05,91282CKS9,TSRYS5814779,D,S,C,2024-06-17,1000000.00,4.718916,100.28515625
08:01:05,91282CKS9,TSRYS5814779,D,B,C,2024-06-17,1000000.00,4.718916,100.28515625
08:01:05,91282CKS9,TSRYS5814779,D,S,C,2024-06-17,1000000.00,4.718916,100.28515625
08:01:05,91282CKS9,TSRYS5814779,D,B,C,2024-06-17,1000000.00,4.718916,100.28515625
08:01:05,91282CKS9,TSRYS5814779,D,S,D,2024-06-17,1000000.00,4.718916,100.28515625
08:01:05,91282CKS9,TSRYS5814779,D,B,C,2024-06-17,1000000.00,4.718916,100.28515625
08:01:05,91282CKS9,TSRYS5814779,D,S,D,2024-06-17,1000000.00,4.718916,100.28515625
08:01:05,91282CKS9,TSRYS5814779,D,B,C,2024-06-17,1000000.00,4.718916,100.28515625
08:01:05,91282CKS9,TSRYS5814779,D,S,C,2024-06-17,1000000.00,4.718916,100.28515625
08:01:05,91282CKS9,TSRYS5814779,D,B,C,2024-06-17,1000000.00,4.718916,100.28515625
08:01:05,91282CKS9,TSRYS5814779,D,S,D,2024-06-17,1000000.00,4.715744,100.291015625
08:01:05,91282CKS9,TSRYS5814779,D,B,C,2024-06-17,1000000.00,4.715744,100.291015625
08:01:05,91282CKS9,TSRYS5814779,D,B,C,2024-06-17,1000000.00,4.715744,100.291015625
08:01:05,91282CKS9,TSRYS5814779,D,S,C,2024-06-17,1000000.00,4.715744,100.291015625
08:01:05,91282CKS9,TSRYS5814779,D,B,C,2024-06-17,1000000.00,4.714687,100.29296875
08:01:05,91282CKS9,TSRYS5814779,D,S,C,2024-06-17,1000000.00,4.714687,100.29296875
08:01:05,91282CKS9,TSRYS5814779,D,S,D,2024-06-17,1000000.00,4.714687,100.29296875
08:01:05,91282CKS9,TSRYS5814779,D,B,C,2024-06-17,1000000.00,4.714687,100.29296875
08:01:05,91282CKS9,TSRYS5814779,D,B,C,2024-06-17,1000000.00,4.714687,100.29296875
08:01:05,91282CKS9,TSRYS5814779,D,S,C,2024-06-17,1000000.00,4.714687,100.29296875
08:01:05,91282CKS9,TSRYS5814779,D,S,D,2024-06-17,1000000.00,4.714687,100.29296875
08:01:05,91282CKS9,TSRYS5814779,D,B,C,2024-06-17,1000000.00,4.714687,100.29296875
08:01:05,91282CKS9,TSRYS5814779,D,B,C,2024-06-17,1000000.00,4.714687,100.29296875
08:01:05,91282CKS9,TSRYS5814779,D,S,C,2024-06-17,1000000.00,4.714687,100.29296875
08:01:05,91282CKS9,TSRYS5814779,D,B,C,2024-06-17,1000000.00,4.714687,100.29296875
08:01:05,91282CKS9,TSRYS5814779,D,S,C,2024-06-17,1000000.00,4.714687,100.29296875
08:01:05,91282CKS9,TSRYS5814779,D,B,C,2024-06-17,1000000.00,4.713629,100.294921875
08:01:05,91282CKS9,TSRYS5814779,D,S,C,2024-06-17,1000000.00,4.713629,100.294921875
08:01:05,91282CKS9,TSRYS5814779,D,S,C,2024-06-17,1000000.00,4.713629,100.294921875
08:01:05,91282CKS9,TSRYS5814779,D,B,C,2024-06-17,1000000.00,4.713629,100.294921875
08:01:05,91282CKS9,TSRYS5814779,D,S,D,2024-06-17,1000000.00,4.713629,100.294921875
08:01:05,91282CKS9,TSRYS5814779,D,B,C,2024-06-17,1000000.00,4.713629,100.294921875
08:01:05,91282CKS9,TSRYS5814779,D,S,D,2024-06-17,1000000.00,4.714687,100.29296875
08:01:05,91282CKS9,TSRYS5814779,D,B,C,2024-06-17,1000000.00,4.714687,100.29296875
08:01:05,91282CKS9,TSRYS5814779,D,S,D,2024-06-17,1000000.00,4.713629,100.294921875
08:01:05,91282CKS9,TSRYS5814779,D,B,C,2024-06-17,1000000.00,4.713629,100.294921875
08:01:05,91282CKS9,TSRYS5814779,D,S,D,2024-06-17,1000000.00,4.714687,100.29296875
08:01:05,91282CKS9,TSRYS5814779,D,B,C,2024-06-17,1000000.00,4.714687,100.29296875
08:01:05,91282CKS9,TSRYS5814779,D,S,D,2024-06-17,1000000.00,4.714687,100.29296875
