tradeTime,cusip,issueSymbolIdentifier,priceType,reportingSideCode,contraPartyTypeCode,tradeDate,reportedTradeVolume,lastSaleYield,lastSalePrice
08:00:03,91282CLB5,TSRYS5850286,D,S,D,2024-07-30,2000000.00,4.402834,99.947265625
08:00:03,91282CLB5,TSRYS5850286,D,S,D,2024-07-30,1000000.00,4.402834,99.947265625
08:00:03,91282CLB5,TSRYS5850286,D,S,T,2024-07-30,2000000.00,4.399741,99.953125
08:00:03,91282CLB5,TSRYS5850286,D,S,T,2024-07-30,3000000.00,4.399741,99.953125
08:00:03,91282CLB5,TSRYS5850286,D,S,T,2024-07-30,4000000.00,4.399741,99.953125
08:00:03,91282CLB5,TSRYS5850286,D,S,T,2024-07-30,4000000.00,4.399741,99.953125
08:00:03,91282CLB5,TSRYS5850286,D,S,T,2024-07-30,4000000.00,4.399741,99.953125
08:00:03,91282CLB5,TSRYS5850286,D,S,T,2024-07-30,4000000.00,4.399741,99.953125
08:00:03,91282CLB5,TSRYS5850286,D,S,T,2024-07-30,4000000.00,4.399741,99.953125
08:00:03,91282CLB5,TSRYS5850286,D,S,T,2024-07-30,4000000.00,4.399741,99.953125
08:00:03,91282CLB5,TSRYS5850286,D,S,T,2024-07-30,4000000.00,4.399741,99.953125
08:00:03,91282CLB5,TSRYS5850286,D,S,T,2024-07-30,4000000.00,4.399741,99.953125
08:00:03,91282CLB5,TSRYS5850286,D,S,D,2024-07-30,2000000.00,4.399741,99.953125
08:00:03,91282CLB5,TSRYS5850286,D,S,D,2024-07-30,4000000.00,4.399741,99.953125
08:00:03,91282CLB5,TSRYS5850286,D,S,D,2024-07-30,2000000.00,4.399741,99.953125
08:00:03,91282CLB5,TSRYS5850286,D,S,T,2024-07-30,1000000.00,4.402834,99.947265625
08:00:03,91282CLB5,TSRYS5850286,D,S,D,2024-07-30,4000000.00,4.399741,99.953125
08:00:03,91282CLB5,TSRYS5850286,D,S,D,2024-07-30,4000000.00,4.399741,99.953125
08:00:03,91282CLB5,TSRYS5850286,D,S,D,2024-07-30,4000000.00,4.399741,99.953125
08:00:03,91282CLB5,TSRYS5850286,D,S,D,2024-07-30,4000000.00,4.399741,99.953125
08:00:03,91282CLB5,TSRYS5850286,D,S,D,2024-07-30,4000000.00,4.399741,99.953125
08:00:03,91282CLB5,TSRYS5850286,D,S,D,2024-07-30,4000000.00,4.399741,99.953125
08:00:03,91282CLB5,TSRYS5850286,D,S,D,2024-07-30,2000000.00,4.399741,99.953125
08:00:03,91282CLB5,TSRYS5850286,D,S,D,2024-07-30,3000000.00,4.399741,99.953125
08:00:03,91282CLB5,TSRYS5850286,D,S,D,2024-07-30,1000000.00,4.397678,99.95703125
08:00:03,91282CLB5,TSRYS5850286,D,S,T,2024-07-30,3000000.00,4.399741,99.953125
08:00:03,91282CLB5,TSRYS5850286,D,S,T,2024-07-30,4000000.00,4.399741,99.953125
08:00:03,91282CLB5,TSRYS5850286,D,S,D,2024-07-30,4000000.00,4.399741,99.953125
08:00:03,91282CLB5,TSRYS5850286,D,S,D,2024-07-30,4000000.00,4.399741,99.953125
08:00:03,91282CLB5,TSRYS5850286,D,S,D,2024-07-30,4000000.00,4.399741,99.953125
08:00:03,91282CLB5,TSRYS5850286,D,S,D,2024-07-30,8000000.00,4.399741,99.953125
08:00:03,91282CLB5,TSRYS5850286,D,S,D,2024-07-30,4000000.00,4.399741,99.953125
08:00:03,91282CLB5,TSRYS5850286,D,S,T,2024-07-30,1000000.00,4.399741,99.953125
08:00:03,91282CLB5,TSRYS5850286,D,S,T,2024-07-30,2000000.00,4.399741,99.953125
08:00:03,91282CLB5,TSRYS5850286,D,S,T,2024-07-30,2000000.00,4.399741,99.953125
08:00:03,91282CLB5,TSRYS5850286,D,S,T,2024-07-30,1000000.00,4.399741,99.953125
08:00:03,91282CLB5,TSRYS5850286,D,S,T,2024-07-30,1000000.00,4.399741,99.953125
08:00:03,91282CLB5,TSRYS5850286,D,S,T,2024-07-30,1000000.00,4.399741,99.953125
08:00:03,91282CLB5,TSRYS5850286,D,S,T,2024-07-30,2000000.00,4.399741,99.953125
08:00:03,91282CLB5,TSRYS5850286,D,S,T,2024-07-30,2000000.00,4.399741,99.953125
08:00:03,91282CLB5,TSRYS5850286,D,S,T,2024-07-30,2000000.00,4.399741,99.953125
08:00:03,91282CLB5,TSRYS5850286,D,S,T,2024-07-30,1000000.00,4.399741,99.953125
08:00:03,91282CLB5,TSRYS5850286,D,S,T,2024-07-30,1000000.00,4.399741,99.953125
08:00:03,91282CLB5,TSRYS5850286,D,S,T,2024-07-30,1000000.00,4.399741,99.953125
08:00:03,91282CLB5,TSRYS5850286,D,S,T,2024-07-30,1000000.00,4.399741,99.953125
08:00:03,91282CLB5,TSRYS5850286,D,S,T,2024-07-30,2000000.00,4.399741,99.953125
08:00:03,91282CLB5,TSRYS5850286,D,S,T,2024-07-30,2000000.00,4.398709,99.955078125
08:00:03,91282CLB5,TSRYS5850286,D,S,D,2024-07-30,1000000.00,4.397678,99.95703125
08:00:03,91282CLB5,TSRYS5850286,D,S,D,2024-07-30,1000000.00,4.397678,99.95703125
08:00:03,91282CLB5,TSRYS5850286,D,S,D,2024-07-30,1000000.00,4.397678,99.95703125
08:00:03,91282CLB5,TSRYS5850286,D,S,D,2024-07-30,1000000.00,4.397678,99.95703125
08:00:03,91282CLB5,TSRYS5850286,D,S,D,2024-07-30,1000000.00,4.397678,99.95703125
08:00:03,91282CLB5,TSRYS5850286,D,S,D,2024-07-30,1000000.00,4.397678,99.95703125
08:00:03,91282CLB5,TSRYS5850286,D,S,D,2024-07-30,1000000.00,4.397678,99.95703125
08:00:03,91282CLB5,TSRYS5850286,D,S,D,2024-07-30,1000000.00,4.397678,99.95703125
08:00:03,91282CLB5,TSRYS5850286,D,S,D,2024-07-30,1000000.00,4.397678,99.95703125
08:00:03,91282CLB5,TSRYS5850286,D,S,D,2024-07-30,1000000.00,4.397678,99.95703125
08:00:03,91282CLB5,TSRYS5850286,D,S,D,2024-07-30,1000000.00,4.397678,99.95703125
08:00:03,91282CLB5,TSRYS5850286,D,S,D,2024-07-30,1000000.00,4.397678,99.95703125
08:00:03,91282CLB5,TSRYS5850286,D,S,D,2024-07-30,4000000.00,4.394585,99.962890625
08:00:03,91282CLB5,TSRYS5850286,D,S,D,2024-07-30,4000000.00,4.394585,99.962890625
08:00:03,91282CLB5,TSRYS5850286,D,S,D,2024-07-30,1000000.00,4.394585,99.962890625
08:00:03,91282CLB5,TSRYS5850286,D,S,T,2024-07-30,1000000.00,4.392523,99.966796875
08:00:03,91282CLB5,TSRYS5850286,D,S,T,2024-07-30,2000000.00,4.392523,99.966796875
08:00:03,91282CLB5,TSRYS5850286,D,S,T,2024-07-30,3000000.00,4.392523,99.966796875
08:00:03,91282CLB5,TSRYS5850286,D,S,D,2024-07-30,3636000.00,4.393554,99.96484375
08:00:03,91282CLB5,TSRYS5850286,D,S,D,2024-07-30,636000.00,4.393554,99.96484375
08:00:03,91282CLB5,TSRYS5850286,D,S,D,2024-07-30,637000.00,4.393554,99.96484375
08:00:03,91282CLB5,TSRYS5850286,D,S,T,2024-07-30,4000000.00,4.392523,99.966796875
08:00:03,91282CLB5,TSRYS5850286,D,S,T,2024-07-30,4000000.00,4.392523,99.966796875
08:00:03,91282CLB5,TSRYS5850286,D,S,D,2024-07-30,1000000.00,4.392523,99.966796875
08:00:03,91282CLB5,TSRYS5850286,D,S,T,2024-07-30,4000000.00,4.392523,99.966796875
08:00:03,91282CLB5,TSRYS5850286,D,S,D,2024-07-30,1000000.00,4.392523,99.966796875
08:00:03,91282CLB5,TSRYS5850286,D,S,T,2024-07-30,2000000.00,4.391492,99.96875
08:00:03,91282CLB5,TSRYS5850286,D,S,T,2024-07-30,4000000.00,4.391492,99.96875
08:00:03,91282CLB5,TSRYS5850286,D,S,T,2024-07-30,2000000.00,4.391492,99.96875
08:00:03,91282CLB5,TSRYS5850286,D,S,T,2024-07-30,4000000.00,4.391492,99.96875
08:00:03,91282CLB5,TSRYS5850286,D,S,T,2024-07-30,2000000.00,4.391492,99.96875
08:00:03,91282CLB5,TSRYS5850286,D,S,T,2024-07-30,4000000.00,4.391492,99.96875
08:00:03,91282CLB5,TSRYS5850286,D,S,T,2024-07-30,3000000.00,4.391492,99.96875
08:00:04,91282CLB5,TSRYS5850286,D,S,T,2024-07-30,1000000.00,4.391492,99.96875
08:00:04,91282CLB5,TSRYS5850286,D,S,T,2024-07-30,1000000.00,4.391492,99.96875
08:00:04,91282CLB5,TSRYS5850286,D,S,T,2024-07-30,2000000.00,4.391492,99.96875
08:00:04,91282CLB5,TSRYS5850286,D,S,T,2024-07-30,2000000.00,4.391492,99.96875
08:00:04,91282CLB5,TSRYS5850286,D,S,T,2024-07-30,1000000.00,4.391492,99.96875
08:00:04,91282CLB5,TSRYS5850286,D,S,T,2024-07-30,2000000.00,4.391492,99.96875
08:00:04,91282CLB5,TSRYS5850286,D,S,T,2024-07-30,1000000.00,4.391492,99.96875
08:00:04,91282CLB5,TSRYS5850286,D,S,T,2024-07-30,2000000.00,4.391492,99.96875
08:00:04,91282CLB5,TSRYS5850286,D,S,T,2024-07-30,1000000.00,4.391492,99.96875
08:00:04,91282CLB5,TSRYS5850286,D,S,T,2024-07-30,2000000.00,4.391492,99.96875
08:00:04,91282CLB5,TSRYS5850286,D,S,T,2024-07-30,1000000.00,4.391492,99.96875
08:00:04,91282CLB5,TSRYS5850286,D,S,T,2024-07-30,2000000.00,4.391492,99.96875
08:00:04,91282CLB5,TSRYS5850286,D,S,T,2024-07-30,1000000.00,4.391492,99.96875
08:00:04,91282CLB5,TSRYS5850286,D,S,T,2024-07-30,2000000.00,4.391492,99.96875
08:00:04,91282CLB5,TSRYS5850286,D,S,T,2024-07-30,1000000.00,4.391492,99.96875
08:00:04,91282CLB5,TSRYS5850286,D,S,D,2024-07-30,4000000.00,4.391492,99.96875
08:00:04,91282CLB5,TSRYS5850286,D,S,D,2024-07-30,4000000.00,4.391492,99.96875
08:00:04,91282CLB5,TSRYS5850286,D,S,D,2024-07-30,2000000.00,4.391492,99.96875
08:00:04,91282CLB5,TSRYS5850286,D,S,T,2024-07-30,1000000.00,4.390461,99.970703125
08:00:04,91282CLB5,TSRYS5850286,D,S,T,2024-07-30,1000000.00,4.390461,99.970703125
08:00:04,91282CLB5,TSRYS5850286,D,S,T,2024-07-30,2000000.00,4.390461,99.970703125
08:00:04,91282CLB5,TSRYS5850286,D,S,D,2024-07-30,4000000.00,4.391492,99.96875
08:00:04,91282CLB5,TSRYS5850286,D,S,T,2024-07-30,2000000.00,4.387369,99.9765625
08:00:04,91282CLB5,TSRYS5850286,D,S,T,2024-07-30,2000000.00,4.387369,99.9765625
08:00:05,91282CLB5,TSRYS5850286,D,S,D,2024-07-30,24050000.00,4.441008,99.875
08:00:05,91282CLB5,TSRYS5850286,D,S,D,2024-07-30,144300000.00,4.441008,99.875
08:00:05,91282CLB5,TSRYS5850286,D,B,C,2024-07-30,144300000.00,4.441008,99.875
08:00:05,91282CLB5,TSRYS5850286,D,S,T,2024-07-30,1000000.00,4.395616,99.9609375
08:00:05,91282CLB5,TSRYS5850286,D,S,T,2024-07-30,1000000.00,4.395616,99.9609375
08:00:05,91282CLB5,TSRYS5850286,D,S,T,2024-07-30,1000000.00,4.395616,99.9609375
08:00:07,91282CLB5,TSRYS5850286,D,S,T,2024-07-30,1000000.00,4.401803,99.94921875
08:00:07,91282CLB5,TSRYS5850286,D,S,T,2024-07-30,2000000.00,4.401803,99.94921875
08:00:07,91282CLB5,TSRYS5850286,D,S,T,2024-07-30,1000000.00,4.401803,99.94921875
08:00:07,91282CLB5,TSRYS5850286,D,S,A,2024-07-30,10000000.00,4.401803,99.94921875
08:00:07,91282CLB5,TSRYS5850286,D,S,T,2024-07-30,2000000.00,4.403865,99.9453125
08:00:07,91282CLB5,TSRYS5850286,D,S,T,2024-07-30,1000000.00,4.404897,99.943359375
08:00:07,91282CLB5,TSRYS5850286,D,S,T,2024-07-30,1000000.00,4.404897,99.943359375
08:00:07,91282CLB5,TSRYS5850286,D,S,T,2024-07-30,1000000.00,4.404897,99.943359375
08:00:08,91282CLB5,TSRYS5850286,D,S,C,2024-07-30,200000.00,4.351098,100.0453125
08:00:08,91282CLB5,TSRYS5850286,D,B,A,2024-07-30,716000.00,4.401803,99.94921875
08:00:09,91282CLB5,TSRYS5850286,D,S,D,2024-07-30,1000000.00,4.399741,99.953125
08:00:11,91282CLB5,TSRYS5850286,D,S,T,2024-07-30,1000000.00,4.402834,99.947265625
08:00:11,91282CLB5,TSRYS5850286,D,S,D,2024-07-30,1000000.00,4.401803,99.94921875
08:00:11,91282CLB5,TSRYS5850286,D,S,T,2024-07-30,4000000.00,4.401803,99.94921875
08:00:11,91282CLB5,TSRYS5850286,D,S,T,2024-07-30,2000000.00,4.401803,99.94921875
08:00:11,91282CLB5,TSRYS5850286,D,S,D,2024-07-30,1000000.00,4.403865,99.9453125
08:00:11,91282CLB5,TSRYS5850286,D,S,T,2024-07-30,1000000.00,4.399741,99.953125
08:00:11,91282CLB5,TSRYS5850286,D,S,T,2024-07-30,1000000.00,4.403865,99.9453125
08:00:11,91282CLB5,TSRYS5850286,D,S,T,2024-07-30,1000000.00,4.397678,99.95703125
08:00:11,91282CLB5,TSRYS5850286,D,S,D,2024-07-30,1000000.00,4.394585,99.962890625
08:00:11,91282CLB5,TSRYS5850286,D,S,T,2024-07-30,1000000.00,4.394585,99.962890625
08:00:11,91282CLB5,TSRYS5850286,D,S,T,2024-07-30,1000000.00,4.398709,99.955078125
08:00:11,91282CLB5,TSRYS5850286,D,S,T,2024-07-30,1000000.00,4.392523,99.966796875
08:00:11,91282CLB5,TSRYS5850286,D,S,D,2024-07-30,1000000.00,4.392523,99.966796875
08:00:11,91282CLB5,TSRYS5850286,D,S,D,2024-07-30,1000000.00,4.392523,99.966796875
08:00:11,91282CLB5,TSRYS5850286,D,S,D,2024-07-30,1000000.00,4.392523,99.966796875
08:00:11,91282CLB5,TSRYS5850286,D,S,D,2024-07-30,1000000.00,4.392523,99.966796875
08:00:11,91282CLB5,TSRYS5850286,D,S,D,2024-07-30,1000000.00,4.392523,99.966796875
08:00:11,91282CLB5,TSRYS5850286,D,S,D,2024-07-30,1000000.00,4.392523,99.966796875
08:00:11,91282CLB5,TSRYS5850286,D,S,D,2024-07-30,1000000.00,4.392523,99.966796875
08:00:11,91282CLB5,TSRYS5850286,D,S,D,2024-07-30,1000000.00,4.392523,99.966796875
08:00:11,91282CLB5,TSRYS5850286,D,S,D,2024-07-30,1000000.00,4.392523,99.966796875
08:00:11,91282CLB5,TSRYS5850286,D,S,D,2024-07-30,1000000.00,4.392523,99.966796875
08:00:11,91282CLB5,TSRYS5850286,D,S,D,2024-07-30,1000000.00,4.392523,99.966796875
08:00:11,91282CLB5,TSRYS5850286,D,S,D,2024-07-30,1000000.00,4.392523,99.966796875
08:00:11,91282CLB5,TSRYS5850286,D,S,D,2024-07-30,1000000.00,4.392523,99.966796875
08:00:11,91282CLB5,TSRYS5850286,D,S,D,2024-07-30,1000000.00,4.392523,99.966796875
08:00:12,91282CLB5,TSRYS5850286,D,S,T,2024-07-30,1000000.00,4.38943,99.97265625
08:00:12,91282CLB5,TSRYS5850286,D,S,T,2024-07-30,1000000.00,4.38943,99.97265625
08:00:12,91282CLB5,TSRYS5850286,D,S,T,2024-07-30,1000000.00,4.38943,99.97265625
08:00:12,91282CLB5,TSRYS5850286,D,S,T,2024-07-30,2000000.00,4.38943,99.97265625
08:00:12,91282CLB5,TSRYS5850286,D,S,T,2024-07-30,1000000.00,4.38943,99.97265625
08:00:12,91282CLB5,TSRYS5850286,D,S,T,2024-07-30,1000000.00,4.38943,99.97265625
08:00:12,91282CLB5,TSRYS5850286,D,S,T,2024-07-30,1000000.00,4.402834,99.947265625
08:00:12,91282CLB5,TSRYS5850286,D,S,A,2024-07-30,1000000.00,4.40177,99.94921875
08:00:17,91282CLB5,TSRYS5850286,D,S,A,2024-07-30,5500000.00,4.401803,99.94921875
08:00:19,91282CLB5,TSRYS5850286,D,S,C,2024-07-30,3000000.00,4.399741,99.953125
08:00:19,91282CLB5,TSRYS5850286,D,S,C,2024-07-30,5000000.00,4.399741,99.953125
08:00:19,91282CLB5,TSRYS5850286,D,S,C,2024-07-30,4000000.00,4.399741,99.953125
08:00:19,91282CLB5,TSRYS5850286,D,S,C,2024-07-30,2000000.00,4.399741,99.953125
08:00:19,91282CLB5,TSRYS5850286,D,S,C,2024-07-30,4000000.00,4.399741,99.953125
08:00:19,91282CLB5,TSRYS5850286,D,S,C,2024-07-30,1000000.00,4.399741,99.953125
08:00:19,91282CLB5,TSRYS5850286,D,S,C,2024-07-30,4000000.00,4.399741,99.953125
08:00:19,91282CLB5,TSRYS5850286,D,S,C,2024-07-30,1000000.00,4.399741,99.953125
08:00:19,91282CLB5,TSRYS5850286,D,S,C,2024-07-30,4000000.00,4.399741,99.953125
08:00:19,91282CLB5,TSRYS5850286,D,S,C,2024-07-30,1000000.00,4.399741,99.953125
08:00:19,91282CLB5,TSRYS5850286,D,S,C,2024-07-30,3000000.00,4.399741,99.953125
08:00:21,91282CLB5,TSRYS5850286,D,S,C,2024-07-30,3000000.00,4.399741,99.953125
08:00:21,91282CLB5,TSRYS5850286,D,S,C,2024-07-30,5000000.00,4.399741,99.953125
08:00:21,91282CLB5,TSRYS5850286,D,S,C,2024-07-30,4000000.00,4.399741,99.953125
08:00:21,91282CLB5,TSRYS5850286,D,S,C,2024-07-30,4000000.00,4.399741,99.953125
08:00:21,91282CLB5,TSRYS5850286,D,S,C,2024-07-30,2000000.00,4.399741,99.953125
08:00:22,91282CLB5,TSRYS5850286,D,B,A,2024-07-30,2116000.00,4.395616,99.9609375
08:00:24,91282CLB5,TSRYS5850286,D,S,D,2024-07-30,4000000.00,4.401803,99.94921875
08:00:24,91282CLB5,TSRYS5850286,D,S,D,2024-07-30,1000000.00,4.401803,99.94921875
08:00:24,91282CLB5,TSRYS5850286,D,S,D,2024-07-30,3000000.00,4.401803,99.94921875
08:00:24,91282CLB5,TSRYS5850286,D,S,D,2024-07-30,5000000.00,4.401803,99.94921875
08:00:24,91282CLB5,TSRYS5850286,D,S,D,2024-07-30,5000000.00,4.400772,99.951171875
08:00:24,91282CLB5,TSRYS5850286,D,S,D,2024-07-30,3000000.00,4.400772,99.951171875
08:00:24,91282CLB5,TSRYS5850286,D,S,D,2024-07-30,1000000.00,4.401803,99.94921875
08:00:24,91282CLB5,TSRYS5850286,D,S,D,2024-07-30,1000000.00,4.398709,99.955078125
08:00:24,91282CLB5,TSRYS5850286,D,S,D,2024-07-30,1000000.00,4.395616,99.9609375
08:00:26,91282CLB5,TSRYS5850286,D,S,D,2024-07-30,2000000.00,4.397678,99.95703125
08:00:26,91282CLB5,TSRYS5850286,D,S,D,2024-07-30,10000000.00,4.395616,99.9609375
08:00:26,91282CLB5,TSRYS5850286,D,S,D,2024-07-30,2000000.00,4.395616,99.9609375
08:00:26,91282CLB5,TSRYS5850286,D,S,D,2024-07-30,2000000.00,4.395616,99.9609375
08:00:26,91282CLB5,TSRYS5850286,D,S,D,2024-07-30,3000000.00,4.396647,99.958984375
08:00:26,91282CLB5,TSRYS5850286,D,S,D,2024-07-30,2000000.00,4.395616,99.9609375
08:00:26,91282CLB5,TSRYS5850286,D,S,D,2024-07-30,2000000.00,4.393554,99.96484375
08:00:26,91282CLB5,TSRYS5850286,D,S,D,2024-07-30,2000000.00,4.393554,99.96484375
08:00:26,91282CLB5,TSRYS5850286,D,S,D,2024-07-30,1000000.00,4.393554,99.96484375
08:00:26,91282CLB5,TSRYS5850286,D,S,D,2024-07-30,3000000.00,4.393554,99.96484375
08:00:27,91282CLB5,TSRYS5850286,D,S,D,2024-07-30,2000000.00,4.400772,99.951171875
08:00:27,91282CLB5,TSRYS5850286,D,S,T,2024-07-30,1000000.00,4.405928,99.94140625
08:00:27,91282CLB5,TSRYS5850286,D,S,T,2024-07-30,1000000.00,4.395616,99.9609375
08:00:27,91282CLB5,TSRYS5850286,D,S,T,2024-07-30,1000000.00,4.395616,99.9609375
08:00:27,91282CLB5,TSRYS5850286,D,S,T,2024-07-30,1000000.00,4.399741,99.953125
08:00:27,91282CLB5,TSRYS5850286,D,S,T,2024-07-30,1000000.00,4.387369,99.9765625
08:00:27,91282CLB5,TSRYS5850286,D,S,T,2024-07-30,1000000.00,4.387369,99.9765625
08:00:27,91282CLB5,TSRYS5850286,D,S,T,2024-07-30,1000000.00,4.387369,99.9765625
08:00:27,91282CLB5,TSRYS5850286,D,S,T,2024-07-30,1000000.00,4.395616,99.9609375
08:00:27,91282CLB5,TSRYS5850286,D,S,T,2024-07-30,1000000.00,4.395616,99.9609375
08:00:27,91282CLB5,TSRYS5850286,D,S,T,2024-07-30,1000000.00,4.395616,99.9609375
08:00:28,91282CLB5,TSRYS5850286,D,S,D,2024-07-30,1000000.00,4.401803,99.94921875
08:00:28,91282CLB5,TSRYS5850286,D,S,D,2024-07-30,2000000.00,4.403865,99.9453125
08:00:28,91282CLB5,TSRYS5850286,D,S,D,2024-07-30,2000000.00,4.397678,99.95703125
08:00:28,91282CLB5,TSRYS5850286,D,S,D,2024-07-30,1000000.00,4.399741,99.953125
08:00:28,91282CLB5,TSRYS5850286,D,S,D,2024-07-30,5000000.00,4.387369,99.9765625
08:00:28,91282CLB5,TSRYS5850286,D,S,D,2024-07-30,1000000.00,4.397678,99.95703125
08:00:28,91282CLB5,TSRYS5850286,D,S,D,2024-07-30,1000000.00,4.399741,99.953125
08:00:28,91282CLB5,TSRYS5850286,D,S,D,2024-07-30,1000000.00,4.399741,99.953125
08:00:29,91282CLB5,TSRYS5850286,D,B,A,2024-07-30,4884000.00,4.401803,99.94921875
08:00:30,91282CLB5,TSRYS5850286,D,S,D,2024-07-30,3000000.00,4.398709,99.955078125
08:00:30,91282CLB5,TSRYS5850286,D,S,D,2024-07-30,2000000.00,4.398709,99.955078125
08:00:30,91282CLB5,TSRYS5850286,D,S,D,2024-07-30,3000000.00,4.402834,99.947265625
08:00:30,91282CLB5,TSRYS5850286,D,S,D,2024-07-30,3000000.00,4.402834,99.947265625
08:00:30,91282CLB5,TSRYS5850286,D,S,D,2024-07-30,3000000.00,4.402834,99.947265625
08:00:30,91282CLB5,TSRYS5850286,D,S,D,2024-07-30,3000000.00,4.402834,99.947265625
08:00:30,91282CLB5,TSRYS5850286,D,S,D,2024-07-30,3000000.00,4.402834,99.947265625
08:00:30,91282CLB5,TSRYS5850286,D,S,D,2024-07-30,1000000.00,4.396647,99.958984375
08:00:30,91282CLB5,TSRYS5850286,D,S,D,2024-07-30,2000000.00,4.394585,99.962890625
08:00:30,91282CLB5,TSRYS5850286,D,S,D,2024-07-30,1000000.00,4.395616,99.9609375
08:00:30,91282CLB5,TSRYS5850286,D,S,D,2024-07-30,2000000.00,4.402834,99.947265625
08:00:30,91282CLB5,TSRYS5850286,D,S,D,2024-07-30,1000000.00,4.404897,99.943359375
08:00:30,91282CLB5,TSRYS5850286,D,S,D,2024-07-30,1000000.00,4.404897,99.943359375
08:00:30,91282CLB5,TSRYS5850286,D,S,D,2024-07-30,1000000.00,4.404897,99.943359375
08:00:30,91282CLB5,TSRYS5850286,D,S,D,2024-07-30,1000000.00,4.404897,99.943359375
08:00:30,91282CLB5,TSRYS5850286,D,S,D,2024-07-30,1000000.00,4.404897,99.943359375
08:00:30,91282CLB5,TSRYS5850286,D,S,D,2024-07-30,1000000.00,4.404897,99.943359375
08:00:30,91282CLB5,TSRYS5850286,D,S,D,2024-07-30,1000000.00,4.402834,99.947265625
08:00:30,91282CLB5,TSRYS5850286,D,S,D,2024-07-30,2000000.00,4.403865,99.9453125
08:00:30,91282CLB5,TSRYS5850286,D,S,D,2024-07-30,3000000.00,4.399741,99.953125
08:00:30,91282CLB5,TSRYS5850286,D,S,D,2024-07-30,4000000.00,4.401803,99.94921875
08:00:30,91282CLB5,TSRYS5850286,D,S,D,2024-07-30,3000000.00,4.400772,99.951171875
08:00:30,91282CLB5,TSRYS5850286,D,S,D,2024-07-30,3000000.00,4.404897,99.943359375
08:00:30,91282CLB5,TSRYS5850286,D,S,D,2024-07-30,1000000.00,4.403865,99.9453125
08:00:30,91282CLB5,TSRYS5850286,D,S,D,2024-07-30,2000000.00,4.395616,99.9609375
08:00:30,91282CLB5,TSRYS5850286,D,S,D,2024-07-30,3000000.00,4.396647,99.958984375
08:00:30,91282CLB5,TSRYS5850286,D,S,D,2024-07-30,2000000.00,4.395616,99.9609375
08:00:30,91282CLB5,TSRYS5850286,D,S,D,2024-07-30,1000000.00,4.396647,99.958984375
08:00:30,91282CLB5,TSRYS5850286,D,S,D,2024-07-30,2000000.00,4.396647,99.958984375
08:00:30,91282CLB5,TSRYS5850286,D,S,D,2024-07-30,1000000.00,4.396647,99.958984375
08:00:30,91282CLB5,TSRYS5850286,D,S,D,2024-07-30,2000000.00,4.393554,99.96484375
08:00:30,91282CLB5,TSRYS5850286,D,S,D,2024-07-30,1000000.00,4.395616,99.9609375
08:00:30,91282CLB5,TSRYS5850286,D,S,D,2024-07-30,2000000.00,4.393554,99.96484375
08:00:30,91282CLB5,TSRYS5850286,D,S,D,2024-07-30,3000000.00,4.393554,99.96484375
08:00:30,91282CLB5,TSRYS5850286,D,S,D,2024-07-30,2000000.00,4.400772,99.951171875
08:00:30,91282CLB5,TSRYS5850286,D,S,D,2024-07-30,2000000.00,4.398709,99.955078125
08:00:30,91282CLB5,TSRYS5850286,D,S,D,2024-07-30,1000000.00,4.398709,99.955078125
08:00:30,91282CLB5,TSRYS5850286,D,S,D,2024-07-30,1000000.00,4.398709,99.955078125
08:00:30,91282CLB5,TSRYS5850286,D,S,D,2024-07-30,1000000.00,4.398709,99.955078125
08:00:30,91282CLB5,TSRYS5850286,D,S,D,2024-07-30,1000000.00,4.398709,99.955078125
08:00:30,91282CLB5,TSRYS5850286,D,S,D,2024-07-30,1000000.00,4.398709,99.955078125
08:00:30,91282CLB5,TSRYS5850286,D,S,D,2024-07-30,1000000.00,4.396647,99.958984375
08:00:30,91282CLB5,TSRYS5850286,D,S,D,2024-07-30,2000000.00,4.396647,99.958984375
08:00:30,91282CLB5,TSRYS5850286,D,S,D,2024-07-30,1000000.00,4.396647,99.958984375
08:00:30,91282CLB5,TSRYS5850286,D,S,D,2024-07-30,1000000.00,4.396647,99.958984375
08:00:30,91282CLB5,TSRYS5850286,D,S,D,2024-07-30,2000000.00,4.396647,99.958984375
08:00:30,91282CLB5,TSRYS5850286,D,S,D,2024-07-30,1000000.00,4.396647,99.958984375
08:00:30,91282CLB5,TSRYS5850286,D,S,D,2024-07-30,2000000.00,4.396647,99.958984375
08:00:30,91282CLB5,TSRYS5850286,D,S,D,2024-07-30,3000000.00,4.393554,99.96484375
08:00:30,91282CLB5,TSRYS5850286,D,S,D,2024-07-30,3000000.00,4.393554,99.96484375
08:00:30,91282CLB5,TSRYS5850286,D,S,D,2024-07-30,3000000.00,4.393554,99.96484375
08:00:30,91282CLB5,TSRYS5850286,D,S,D,2024-07-30,2000000.00,4.393554,99.96484375
08:00:30,91282CLB5,TSRYS5850286,D,S,D,2024-07-30,3000000.00,4.393554,99.96484375
08:00:30,91282CLB5,TSRYS5850286,D,S,D,2024-07-30,3000000.00,4.393554,99.96484375
08:00:30,91282CLB5,TSRYS5850286,D,S,D,2024-07-30,3000000.00,4.392523,99.966796875
08:00:30,91282CLB5,TSRYS5850286,D,S,D,2024-07-30,637000.00,4.392523,99.966796875
08:00:30,91282CLB5,TSRYS5850286,D,S,D,2024-07-30,2363000.00,4.392523,99.966796875
08:00:30,91282CLB5,TSRYS5850286,D,S,D,2024-07-30,3000000.00,4.391492,99.96875
08:00:30,91282CLB5,TSRYS5850286,D,S,D,2024-07-30,4000000.00,4.392523,99.966796875
08:00:30,91282CLB5,TSRYS5850286,D,S,D,2024-07-30,2000000.00,4.392523,99.966796875
08:00:30,91282CLB5,TSRYS5850286,D,S,D,2024-07-30,1000000.00,4.392523,99.966796875
08:00:30,91282CLB5,TSRYS5850286,D,S,D,2024-07-30,3000000.00,4.392523,99.966796875
08:00:30,91282CLB5,TSRYS5850286,D,S,D,2024-07-30,4000000.00,4.390461,99.970703125
08:00:30,91282CLB5,TSRYS5850286,D,S,D,2024-07-30,4000000.00,4.390461,99.970703125
08:00:30,91282CLB5,TSRYS5850286,D,S,D,2024-07-30,4000000.00,4.390461,99.970703125
08:00:30,91282CLB5,TSRYS5850286,D,S,D,2024-07-30,4000000.00,4.390461,99.970703125
08:00:30,91282CLB5,TSRYS5850286,D,S,D,2024-07-30,4000000.00,4.390461,99.970703125
08:00:30,91282CLB5,TSRYS5850286,D,S,D,2024-07-30,2000000.00,4.391492,99.96875
08:00:30,91282CLB5,TSRYS5850286,D,S,D,2024-07-30,2000000.00,4.386338,99.978515625
08:00:30,91282CLB5,TSRYS5850286,D,S,D,2024-07-30,2000000.00,4.386338,99.978515625
08:00:30,91282CLB5,TSRYS5850286,D,S,D,2024-07-30,1000000.00,4.395616,99.9609375
08:00:30,91282CLB5,TSRYS5850286,D,S,D,2024-07-30,1000000.00,4.395616,99.9609375
08:00:30,91282CLB5,TSRYS5850286,D,S,D,2024-07-30,1000000.00,4.398709,99.955078125
08:00:30,91282CLB5,TSRYS5850286,D,S,D,2024-07-30,1000000.00,4.398709,99.955078125
08:00:30,91282CLB5,TSRYS5850286,D,S,D,2024-07-30,1000000.00,4.398709,99.955078125
08:00:30,91282CLB5,TSRYS5850286,D,S,D,2024-07-30,1000000.00,4.398709,99.955078125
08:00:30,91282CLB5,TSRYS5850286,D,S,D,2024-07-30,2000000.00,4.398709,99.955078125
08:00:30,91282CLB5,TSRYS5850286,D,S,D,2024-07-30,2000000.00,4.398709,99.955078125
08:00:30,91282CLB5,TSRYS5850286,D,S,D,2024-07-30,1000000.00,4.397678,99.95703125
08:00:30,91282CLB5,TSRYS5850286,D,S,D,2024-07-30,1000000.00,4.396647,99.958984375
08:00:30,91282CLB5,TSRYS5850286,D,S,D,2024-07-30,1000000.00,4.396647,99.958984375
08:00:30,91282CLB5,TSRYS5850286,D,S,D,2024-07-30,2000000.00,4.396647,99.958984375
08:00:30,91282CLB5,TSRYS5850286,D,S,D,2024-07-30,1000000.00,4.391492,99.96875
08:00:30,91282CLB5,TSRYS5850286,D,S,T,2024-07-30,1000000.00,4.402834,99.947265625
08:00:30,91282CLB5,TSRYS5850286,D,S,T,2024-07-30,1000000.00,4.402834,99.947265625
08:00:30,91282CLB5,TSRYS5850286,D,S,T,2024-07-30,1000000.00,4.404897,99.943359375
08:00:30,91282CLB5,TSRYS5850286,D,S,T,2024-07-30,1000000.00,4.403865,99.9453125
08:00:30,91282CLB5,TSRYS5850286,D,S,T,2024-07-30,2000000.00,4.401803,99.94921875
08:00:30,91282CLB5,TSRYS5850286,D,S,T,2024-07-30,2000000.00,4.401803,99.94921875
08:00:30,91282CLB5,TSRYS5850286,D,S,T,2024-07-30,3000000.00,4.402834,99.947265625
08:00:30,91282CLB5,TSRYS5850286,D,S,T,2024-07-30,2000000.00,4.402834,99.947265625
08:00:30,91282CLB5,TSRYS5850286,D,S,T,2024-07-30,3000000.00,4.403865,99.9453125
08:00:30,91282CLB5,TSRYS5850286,D,S,T,2024-07-30,3000000.00,4.403865,99.9453125
08:00:30,91282CLB5,TSRYS5850286,D,S,T,2024-07-30,3000000.00,4.402834,99.947265625
08:00:30,91282CLB5,TSRYS5850286,D,S,T,2024-07-30,3000000.00,4.398709,99.955078125
08:00:30,91282CLB5,TSRYS5850286,D,S,T,2024-07-30,2000000.00,4.398709,99.955078125
08:00:30,91282CLB5,TSRYS5850286,D,S,T,2024-07-30,3000000.00,4.398709,99.955078125
08:00:30,91282CLB5,TSRYS5850286,D,S,T,2024-07-30,1000000.00,4.398709,99.955078125
08:00:30,91282CLB5,TSRYS5850286,D,S,T,2024-07-30,3000000.00,4.398709,99.955078125
08:00:30,91282CLB5,TSRYS5850286,D,S,T,2024-07-30,3000000.00,4.398709,99.955078125
08:00:30,91282CLB5,TSRYS5850286,D,S,D,2024-07-30,1000000.00,4.398709,99.955078125
08:00:30,91282CLB5,TSRYS5850286,D,S,T,2024-07-30,2000000.00,4.398709,99.955078125
08:00:30,91282CLB5,TSRYS5850286,D,S,T,2024-07-30,4000000.00,4.398709,99.955078125
08:00:30,91282CLB5,TSRYS5850286,D,S,T,2024-07-30,3000000.00,4.395616,99.9609375
08:00:30,91282CLB5,TSRYS5850286,D,S,T,2024-07-30,1000000.00,4.396647,99.958984375
08:00:30,91282CLB5,TSRYS5850286,D,S,T,2024-07-30,3000000.00,4.393554,99.96484375
08:00:30,91282CLB5,TSRYS5850286,D,S,T,2024-07-30,3000000.00,4.393554,99.96484375
08:00:30,91282CLB5,TSRYS5850286,D,S,T,2024-07-30,1000000.00,4.392523,99.966796875
08:00:30,91282CLB5,TSRYS5850286,D,S,T,2024-07-30,1000000.00,4.392523,99.966796875
08:00:30,91282CLB5,TSRYS5850286,D,S,T,2024-07-30,1000000.00,4.392523,99.966796875
08:00:30,91282CLB5,TSRYS5850286,D,S,T,2024-07-30,2000000.00,4.394585,99.962890625
08:00:30,91282CLB5,TSRYS5850286,D,S,T,2024-07-30,3000000.00,4.400772,99.951171875
08:00:30,91282CLB5,TSRYS5850286,D,S,T,2024-07-30,2000000.00,4.399741,99.953125
08:00:30,91282CLB5,TSRYS5850286,D,S,T,2024-07-30,1000000.00,4.399741,99.953125
08:00:30,91282CLB5,TSRYS5850286,D,S,T,2024-07-30,1000000.00,4.398709,99.955078125
08:00:30,91282CLB5,TSRYS5850286,D,S,T,2024-07-30,2000000.00,4.398709,99.955078125
08:00:30,91282CLB5,TSRYS5850286,D,S,T,2024-07-30,1000000.00,4.398709,99.955078125
08:00:30,91282CLB5,TSRYS5850286,D,S,T,2024-07-30,1000000.00,4.398709,99.955078125
08:00:30,91282CLB5,TSRYS5850286,D,S,T,2024-07-30,1000000.00,4.398709,99.955078125
08:00:30,91282CLB5,TSRYS5850286,D,S,T,2024-07-30,2000000.00,4.398709,99.955078125
08:00:30,91282CLB5,TSRYS5850286,D,S,T,2024-07-30,2000000.00,4.398709,99.955078125
08:00:30,91282CLB5,TSRYS5850286,D,S,T,2024-07-30,2000000.00,4.398709,99.955078125
08:00:30,91282CLB5,TSRYS5850286,D,S,T,2024-07-30,1000000.00,4.398709,99.955078125
08:00:30,91282CLB5,TSRYS5850286,D,S,T,2024-07-30,1000000.00,4.398709,99.955078125
08:00:30,91282CLB5,TSRYS5850286,D,S,T,2024-07-30,2000000.00,4.398709,99.955078125
08:00:30,91282CLB5,TSRYS5850286,D,S,T,2024-07-30,1000000.00,4.398709,99.955078125
08:00:30,91282CLB5,TSRYS5850286,D,S,T,2024-07-30,2000000.00,4.398709,99.955078125
08:00:30,91282CLB5,TSRYS5850286,D,S,T,2024-07-30,2000000.00,4.397678,99.95703125
08:00:30,91282CLB5,TSRYS5850286,D,S,T,2024-07-30,2000000.00,4.397678,99.95703125
08:00:30,91282CLB5,TSRYS5850286,D,S,T,2024-07-30,2000000.00,4.396647,99.958984375
08:00:30,91282CLB5,TSRYS5850286,D,S,T,2024-07-30,2000000.00,4.396647,99.958984375
08:00:30,91282CLB5,TSRYS5850286,D,S,T,2024-07-30,2000000.00,4.396647,99.958984375
08:00:30,91282CLB5,TSRYS5850286,D,S,T,2024-07-30,2000000.00,4.396647,99.958984375
08:00:30,91282CLB5,TSRYS5850286,D,S,T,2024-07-30,1000000.00,4.396647,99.958984375
08:00:30,91282CLB5,TSRYS5850286,D,S,T,2024-07-30,1000000.00,4.396647,99.958984375
08:00:30,91282CLB5,TSRYS5850286,D,S,T,2024-07-30,3000000.00,4.394585,99.962890625
08:00:30,91282CLB5,TSRYS5850286,D,S,T,2024-07-30,3000000.00,4.394585,99.962890625
08:00:30,91282CLB5,TSRYS5850286,D,S,T,2024-07-30,3000000.00,4.393554,99.96484375
08:00:30,91282CLB5,TSRYS5850286,D,S,T,2024-07-30,1000000.00,4.392523,99.966796875
08:00:30,91282CLB5,TSRYS5850286,D,S,T,2024-07-30,3000000.00,4.392523,99.966796875
08:00:30,91282CLB5,TSRYS5850286,D,S,T,2024-07-30,2000000.00,4.392523,99.966796875
08:00:30,91282CLB5,TSRYS5850286,D,S,T,2024-07-30,1000000.00,4.392523,99.966796875
08:00:30,91282CLB5,TSRYS5850286,D,S,T,2024-07-30,2000000.00,4.392523,99.966796875
08:00:30,91282CLB5,TSRYS5850286,D,S,T,2024-07-30,4000000.00,4.392523,99.966796875
08:00:30,91282CLB5,TSRYS5850286,D,S,T,2024-07-30,1000000.00,4.392523,99.966796875
08:00:30,91282CLB5,TSRYS5850286,D,S,T,2024-07-30,3000000.00,4.391492,99.96875
08:00:30,91282CLB5,TSRYS5850286,D,S,T,2024-07-30,1000000.00,4.390461,99.970703125
08:00:30,91282CLB5,TSRYS5850286,D,S,T,2024-07-30,3000000.00,4.386338,99.978515625
08:00:30,91282CLB5,TSRYS5850286,D,S,T,2024-07-30,4000000.00,4.387369,99.9765625
08:00:30,91282CLB5,TSRYS5850286,D,S,T,2024-07-30,4000000.00,4.387369,99.9765625
08:00:30,91282CLB5,TSRYS5850286,D,S,T,2024-07-30,4000000.00,4.387369,99.9765625
08:00:30,91282CLB5,TSRYS5850286,D,S,T,2024-07-30,4000000.00,4.387369,99.9765625
08:00:30,91282CLB5,TSRYS5850286,D,S,T,2024-07-30,4000000.00,4.387369,99.9765625
08:00:30,91282CLB5,TSRYS5850286,D,S,T,2024-07-30,4000000.00,4.387369,99.9765625
08:00:30,91282CLB5,TSRYS5850286,D,S,D,2024-07-30,1000000.00,4.402834,99.947265625
08:00:30,91282CLB5,TSRYS5850286,D,S,D,2024-07-30,1000000.00,4.402834,99.947265625
08:00:30,91282CLB5,TSRYS5850286,D,S,D,2024-07-30,1000000.00,4.402834,99.947265625
08:00:30,91282CLB5,TSRYS5850286,D,S,T,2024-07-30,2000000.00,4.397678,99.95703125
08:00:30,91282CLB5,TSRYS5850286,D,S,T,2024-07-30,1000000.00,4.401803,99.94921875
08:00:30,91282CLB5,TSRYS5850286,D,S,T,2024-07-30,1000000.00,4.401803,99.94921875
08:00:30,91282CLB5,TSRYS5850286,D,S,T,2024-07-30,2000000.00,4.401803,99.94921875
08:00:30,91282CLB5,TSRYS5850286,D,S,T,2024-07-30,1000000.00,4.401803,99.94921875
08:00:30,91282CLB5,TSRYS5850286,D,S,T,2024-07-30,1000000.00,4.402834,99.947265625
08:00:30,91282CLB5,TSRYS5850286,D,S,T,2024-07-30,2000000.00,4.403865,99.9453125
08:00:30,91282CLB5,TSRYS5850286,D,S,T,2024-07-30,1000000.00,4.404897,99.943359375
08:00:30,91282CLB5,TSRYS5850286,D,S,T,2024-07-30,1000000.00,4.403865,99.9453125
08:00:30,91282CLB5,TSRYS5850286,D,S,T,2024-07-30,1000000.00,4.401803,99.94921875
08:00:30,91282CLB5,TSRYS5850286,D,S,T,2024-07-30,1000000.00,4.401803,99.94921875
08:00:30,91282CLB5,TSRYS5850286,D,S,T,2024-07-30,1000000.00,4.404897,99.943359375
08:00:30,91282CLB5,TSRYS5850286,D,S,T,2024-07-30,1000000.00,4.403865,99.9453125
08:00:30,91282CLB5,TSRYS5850286,D,S,T,2024-07-30,1000000.00,4.402834,99.947265625
08:00:31,91282CLB5,TSRYS5850286,D,S,T,2024-07-30,2000000.00,4.402834,99.947265625
08:00:31,91282CLB5,TSRYS5850286,D,S,T,2024-07-30,1000000.00,4.402834,99.947265625
08:00:31,91282CLB5,TSRYS5850286,D,S,T,2024-07-30,1000000.00,4.402834,99.947265625
08:00:31,91282CLB5,TSRYS5850286,D,S,T,2024-07-30,1000000.00,4.402834,99.947265625
08:00:31,91282CLB5,TSRYS5850286,D,S,T,2024-07-30,2000000.00,4.402834,99.947265625
08:00:31,91282CLB5,TSRYS5850286,D,S,T,2024-07-30,1000000.00,4.399741,99.953125
08:00:31,91282CLB5,TSRYS5850286,D,S,T,2024-07-30,1000000.00,4.402834,99.947265625
08:00:31,91282CLB5,TSRYS5850286,D,S,T,2024-07-30,1000000.00,4.402834,99.947265625
08:00:31,91282CLB5,TSRYS5850286,D,S,T,2024-07-30,1000000.00,4.397678,99.95703125
08:00:31,91282CLB5,TSRYS5850286,D,S,T,2024-07-30,1000000.00,4.403865,99.9453125
08:00:31,91282CLB5,TSRYS5850286,D,S,T,2024-07-30,1000000.00,4.403865,99.9453125
08:00:31,91282CLB5,TSRYS5850286,D,S,T,2024-07-30,1000000.00,4.403865,99.9453125
08:00:31,91282CLB5,TSRYS5850286,D,S,T,2024-07-30,1000000.00,4.403865,99.9453125
08:00:31,91282CLB5,TSRYS5850286,D,S,T,2024-07-30,1000000.00,4.403865,99.9453125
08:00:31,91282CLB5,TSRYS5850286,D,S,T,2024-07-30,1000000.00,4.399741,99.953125
08:00:31,91282CLB5,TSRYS5850286,D,S,D,2024-07-30,2000000.00,4.398709,99.955078125
08:00:31,91282CLB5,TSRYS5850286,D,S,T,2024-07-30,2000000.00,4.403865,99.9453125
08:00:31,91282CLB5,TSRYS5850286,D,S,T,2024-07-30,1000000.00,4.405928,99.94140625
08:00:31,91282CLB5,TSRYS5850286,D,S,T,2024-07-30,1000000.00,4.405928,99.94140625
08:00:31,91282CLB5,TSRYS5850286,D,S,T,2024-07-30,3000000.00,4.403865,99.9453125
08:00:31,91282CLB5,TSRYS5850286,D,S,T,2024-07-30,1000000.00,4.397678,99.95703125
08:00:31,91282CLB5,TSRYS5850286,D,S,T,2024-07-30,1000000.00,4.399741,99.953125
08:00:31,91282CLB5,TSRYS5850286,D,S,T,2024-07-30,1000000.00,4.397678,99.95703125
08:00:31,91282CLB5,TSRYS5850286,D,S,T,2024-07-30,1000000.00,4.397678,99.95703125
08:00:31,91282CLB5,TSRYS5850286,D,S,T,2024-07-30,1000000.00,4.397678,99.95703125
08:00:31,91282CLB5,TSRYS5850286,D,S,T,2024-07-30,1000000.00,4.397678,99.95703125
08:00:31,91282CLB5,TSRYS5850286,D,S,T,2024-07-30,2000000.00,4.399741,99.953125
08:00:31,91282CLB5,TSRYS5850286,D,S,T,2024-07-30,1000000.00,4.395616,99.9609375
08:00:31,91282CLB5,TSRYS5850286,D,S,T,2024-07-30,1000000.00,4.395616,99.9609375
08:00:31,91282CLB5,TSRYS5850286,D,S,T,2024-07-30,1000000.00,4.395616,99.9609375
08:00:31,91282CLB5,TSRYS5850286,D,S,T,2024-07-30,2000000.00,4.395616,99.9609375
08:00:31,91282CLB5,TSRYS5850286,D,S,T,2024-07-30,1000000.00,4.395616,99.9609375
08:00:31,91282CLB5,TSRYS5850286,D,S,T,2024-07-30,2000000.00,4.396647,99.958984375
08:00:31,91282CLB5,TSRYS5850286,D,S,T,2024-07-30,2000000.00,4.397678,99.95703125
08:00:31,91282CLB5,TSRYS5850286,D,S,T,2024-07-30,1000000.00,4.395616,99.9609375
08:00:31,91282CLB5,TSRYS5850286,D,S,T,2024-07-30,2000000.00,4.398709,99.955078125
08:00:31,91282CLB5,TSRYS5850286,D,S,T,2024-07-30,1000000.00,4.399741,99.953125
08:00:31,91282CLB5,TSRYS5850286,D,S,T,2024-07-30,1000000.00,4.399741,99.953125
08:00:31,91282CLB5,TSRYS5850286,D,S,T,2024-07-30,1000000.00,4.399741,99.953125
08:00:31,91282CLB5,TSRYS5850286,D,S,T,2024-07-30,1000000.00,4.399741,99.953125
08:00:31,91282CLB5,TSRYS5850286,D,S,T,2024-07-30,1000000.00,4.399741,99.953125
08:00:31,91282CLB5,TSRYS5850286,D,S,T,2024-07-30,1000000.00,4.399741,99.953125
08:00:31,91282CLB5,TSRYS5850286,D,S,T,2024-07-30,1000000.00,4.399741,99.953125
08:00:31,91282CLB5,TSRYS5850286,D,S,T,2024-07-30,4000000.00,4.399741,99.953125
08:00:31,91282CLB5,TSRYS5850286,D,S,T,2024-07-30,2000000.00,4.399741,99.953125
08:00:31,91282CLB5,TSRYS5850286,D,S,T,2024-07-30,3000000.00,4.400772,99.951171875
08:00:31,91282CLB5,TSRYS5850286,D,S,T,2024-07-30,3000000.00,4.399741,99.953125
08:00:31,91282CLB5,TSRYS5850286,D,S,T,2024-07-30,1000000.00,4.399741,99.953125
08:00:31,91282CLB5,TSRYS5850286,D,S,T,2024-07-30,1000000.00,4.399741,99.953125
08:00:31,91282CLB5,TSRYS5850286,D,S,D,2024-07-30,1000000.00,4.395616,99.9609375
08:00:31,91282CLB5,TSRYS5850286,D,S,T,2024-07-30,1000000.00,4.397678,99.95703125
08:00:31,91282CLB5,TSRYS5850286,D,S,T,2024-07-30,1000000.00,4.397678,99.95703125
08:00:31,91282CLB5,TSRYS5850286,D,S,T,2024-07-30,1000000.00,4.399741,99.953125
08:00:31,91282CLB5,TSRYS5850286,D,S,T,2024-07-30,2000000.00,4.397678,99.95703125
08:00:31,91282CLB5,TSRYS5850286,D,S,T,2024-07-30,1000000.00,4.399741,99.953125
08:00:31,91282CLB5,TSRYS5850286,D,S,T,2024-07-30,1000000.00,4.399741,99.953125
08:00:31,91282CLB5,TSRYS5850286,D,S,T,2024-07-30,1000000.00,4.399741,99.953125
08:00:31,91282CLB5,TSRYS5850286,D,S,T,2024-07-30,1000000.00,4.399741,99.953125
08:00:31,91282CLB5,TSRYS5850286,D,S,T,2024-07-30,1000000.00,4.399741,99.953125
08:00:31,91282CLB5,TSRYS5850286,D,S,T,2024-07-30,1000000.00,4.399741,99.953125
08:00:31,91282CLB5,TSRYS5850286,D,S,T,2024-07-30,3000000.00,4.399741,99.953125
08:00:31,91282CLB5,TSRYS5850286,D,S,T,2024-07-30,2000000.00,4.397678,99.95703125
08:00:31,91282CLB5,TSRYS5850286,D,S,T,2024-07-30,1000000.00,4.397678,99.95703125
08:00:31,91282CLB5,TSRYS5850286,D,S,T,2024-07-30,1000000.00,4.397678,99.95703125
08:00:31,91282CLB5,TSRYS5850286,D,S,T,2024-07-30,1000000.00,4.396647,99.958984375
08:00:31,91282CLB5,TSRYS5850286,D,S,T,2024-07-30,1000000.00,4.396647,99.958984375
08:00:31,91282CLB5,TSRYS5850286,D,S,T,2024-07-30,1000000.00,4.396647,99.958984375
08:00:31,91282CLB5,TSRYS5850286,D,S,T,2024-07-30,1000000.00,4.395616,99.9609375
08:00:31,91282CLB5,TSRYS5850286,D,S,T,2024-07-30,2000000.00,4.395616,99.9609375
08:00:31,91282CLB5,TSRYS5850286,D,S,T,2024-07-30,1000000.00,4.395616,99.9609375
08:00:31,91282CLB5,TSRYS5850286,D,S,T,2024-07-30,1000000.00,4.395616,99.9609375
08:00:31,91282CLB5,TSRYS5850286,D,S,T,2024-07-30,1000000.00,4.395616,99.9609375
08:00:31,91282CLB5,TSRYS5850286,D,S,T,2024-07-30,1000000.00,4.395616,99.9609375
08:00:31,91282CLB5,TSRYS5850286,D,S,T,2024-07-30,1000000.00,4.395616,99.9609375
08:00:31,91282CLB5,TSRYS5850286,D,S,T,2024-07-30,1000000.00,4.395616,99.9609375
08:00:31,91282CLB5,TSRYS5850286,D,S,T,2024-07-30,1000000.00,4.393554,99.96484375
08:00:31,91282CLB5,TSRYS5850286,D,S,T,2024-07-30,1000000.00,4.393554,99.96484375
08:00:31,91282CLB5,TSRYS5850286,D,S,T,2024-07-30,1000000.00,4.392523,99.966796875
08:00:31,91282CLB5,TSRYS5850286,D,S,T,2024-07-30,1000000.00,4.392523,99.966796875
08:00:31,91282CLB5,TSRYS5850286,D,S,T,2024-07-30,2000000.00,4.393554,99.96484375
08:00:31,91282CLB5,TSRYS5850286,D,S,T,2024-07-30,1000000.00,4.393554,99.96484375
08:00:31,91282CLB5,TSRYS5850286,D,S,T,2024-07-30,1000000.00,4.393554,99.96484375
08:00:31,91282CLB5,TSRYS5850286,D,S,T,2024-07-30,1000000.00,4.393554,99.96484375
08:00:31,91282CLB5,TSRYS5850286,D,S,T,2024-07-30,1000000.00,4.391492,99.96875
08:00:31,91282CLB5,TSRYS5850286,D,S,T,2024-07-30,1000000.00,4.391492,99.96875
08:00:31,91282CLB5,TSRYS5850286,D,S,T,2024-07-30,1000000.00,4.391492,99.96875
08:00:31,91282CLB5,TSRYS5850286,D,S,T,2024-07-30,1000000.00,4.391492,99.96875
08:00:31,91282CLB5,TSRYS5850286,D,S,D,2024-07-30,1000000.00,4.390461,99.970703125
08:00:31,91282CLB5,TSRYS5850286,D,S,D,2024-07-30,10000000.00,4.390461,99.970703125
08:00:31,91282CLB5,TSRYS5850286,D,S,D,2024-07-30,10000000.00,4.390461,99.970703125
08:00:31,91282CLB5,TSRYS5850286,D,S,D,2024-07-30,3000000.00,4.390461,99.970703125
08:00:31,91282CLB5,TSRYS5850286,D,S,T,2024-07-30,1000000.00,4.393554,99.96484375
08:00:31,91282CLB5,TSRYS5850286,D,S,T,2024-07-30,1000000.00,4.391492,99.96875
08:00:31,91282CLB5,TSRYS5850286,D,S,T,2024-07-30,2000000.00,4.391492,99.96875
08:00:31,91282CLB5,TSRYS5850286,D,S,T,2024-07-30,2000000.00,4.391492,99.96875
08:00:31,91282CLB5,TSRYS5850286,D,S,T,2024-07-30,4000000.00,4.391492,99.96875
08:00:32,91282CLB5,TSRYS5850286,D,S,T,2024-07-30,1000000.00,4.390461,99.970703125
08:00:32,91282CLB5,TSRYS5850286,D,S,T,2024-07-30,1000000.00,4.386338,99.978515625
08:00:32,91282CLB5,TSRYS5850286,D,S,T,2024-07-30,1000000.00,4.387369,99.9765625
08:00:32,91282CLB5,TSRYS5850286,D,S,T,2024-07-30,2000000.00,4.387369,99.9765625
08:00:32,91282CLB5,TSRYS5850286,D,S,T,2024-07-30,2000000.00,4.387369,99.9765625
08:00:32,91282CLB5,TSRYS5850286,D,S,T,2024-07-30,2000000.00,4.387369,99.9765625
08:00:32,91282CLB5,TSRYS5850286,D,S,T,2024-07-30,1000000.00,4.385307,99.98046875
08:00:32,91282CLB5,TSRYS5850286,D,S,T,2024-07-30,1000000.00,4.387369,99.9765625
08:00:32,91282CLB5,TSRYS5850286,D,S,T,2024-07-30,1000000.00,4.387369,99.9765625
08:00:32,91282CLB5,TSRYS5850286,D,S,T,2024-07-30,1000000.00,4.387369,99.9765625
08:00:32,91282CLB5,TSRYS5850286,D,S,T,2024-07-30,1000000.00,4.387369,99.9765625
08:00:32,91282CLB5,TSRYS5850286,D,S,T,2024-07-30,1000000.00,4.387369,99.9765625
08:00:32,91282CLB5,TSRYS5850286,D,S,T,2024-07-30,1000000.00,4.387369,99.9765625
08:00:32,91282CLB5,TSRYS5850286,D,S,T,2024-07-30,2000000.00,4.387369,99.9765625
08:00:32,91282CLB5,TSRYS5850286,D,S,T,2024-07-30,2000000.00,4.38943,99.97265625
08:00:32,91282CLB5,TSRYS5850286,D,S,T,2024-07-30,2000000.00,4.391492,99.96875
08:00:32,91282CLB5,TSRYS5850286,D,S,A,2024-07-30,35000000.00,4.395575,99.9609375
08:00:32,91282CLB5,TSRYS5850286,D,S,C,2024-07-30,10000000.00,4.397678,99.95703125
08:00:32,91282CLB5,TSRYS5850286,D,S,T,2024-07-30,1000000.00,4.403865,99.9453125
08:00:32,91282CLB5,TSRYS5850286,D,S,T,2024-07-30,1000000.00,4.403865,99.9453125
08:00:32,91282CLB5,TSRYS5850286,D,S,T,2024-07-30,2000000.00,4.403865,99.9453125
08:00:32,91282CLB5,TSRYS5850286,D,S,T,2024-07-30,10000000.00,4.399741,99.953125
08:00:32,91282CLB5,TSRYS5850286,D,S,T,2024-07-30,10000000.00,4.399741,99.953125
08:00:32,91282CLB5,TSRYS5850286,D,S,T,2024-07-30,10000000.00,4.399741,99.953125
08:00:32,91282CLB5,TSRYS5850286,D,S,D,2024-07-30,1000000.00,4.399741,99.953125
08:00:32,91282CLB5,TSRYS5850286,D,S,T,2024-07-30,1000000.00,4.402834,99.947265625
08:00:32,91282CLB5,TSRYS5850286,D,S,D,2024-07-30,1000000.00,4.401803,99.94921875
08:00:32,91282CLB5,TSRYS5850286,D,S,T,2024-07-30,1000000.00,4.403865,99.9453125
08:00:32,91282CLB5,TSRYS5850286,D,S,T,2024-07-30,1000000.00,4.403865,99.9453125
08:00:32,91282CLB5,TSRYS5850286,D,S,D,2024-07-30,1000000.00,4.398709,99.955078125
08:00:32,91282CLB5,TSRYS5850286,D,S,D,2024-07-30,1000000.00,4.395616,99.9609375
08:00:32,91282CLB5,TSRYS5850286,D,B,A,2024-07-30,7000000.00,4.397678,99.95703125
08:00:32,91282CLB5,TSRYS5850286,D,B,C,2024-07-30,331000.00,4.397678,99.95703125
08:00:32,91282CLB5,TSRYS5850286,D,S,T,2024-07-30,1000000.00,4.395616,99.9609375
08:00:32,91282CLB5,TSRYS5850286,D,S,T,2024-07-30,1000000.00,4.395616,99.9609375
08:00:32,91282CLB5,TSRYS5850286,D,S,T,2024-07-30,1000000.00,4.395616,99.9609375
08:00:32,91282CLB5,TSRYS5850286,D,S,A,2024-07-30,482500.00,4.395616,99.9609375
08:00:32,91282CLB5,TSRYS5850286,D,S,T,2024-07-30,4000000.00,4.397678,99.95703125
08:00:32,91282CLB5,TSRYS5850286,D,S,T,2024-07-30,1000000.00,4.397678,99.95703125
08:00:32,91282CLB5,TSRYS5850286,D,S,T,2024-07-30,16000000.00,4.397678,99.95703125
08:00:32,91282CLB5,TSRYS5850286,D,S,T,2024-07-30,1000000.00,4.397678,99.95703125
08:00:32,91282CLB5,TSRYS5850286,D,S,T,2024-07-30,1000000.00,4.397678,99.95703125
08:00:32,91282CLB5,TSRYS5850286,D,S,T,2024-07-30,1000000.00,4.397678,99.95703125
08:00:32,91282CLB5,TSRYS5850286,D,S,T,2024-07-30,1000000.00,4.397678,99.95703125
08:00:32,91282CLB5,TSRYS5850286,D,S,T,2024-07-30,1000000.00,4.397678,99.95703125
08:00:32,91282CLB5,TSRYS5850286,D,S,T,2024-07-30,4000000.00,4.397678,99.95703125
08:00:32,91282CLB5,TSRYS5850286,D,S,T,2024-07-30,2000000.00,4.397678,99.95703125
08:00:32,91282CLB5,TSRYS5850286,D,S,T,2024-07-30,1000000.00,4.397678,99.95703125
08:00:32,91282CLB5,TSRYS5850286,D,S,T,2024-07-30,1000000.00,4.397678,99.95703125
08:00:32,91282CLB5,TSRYS5850286,D,S,T,2024-07-30,1000000.00,4.397678,99.95703125
08:00:32,91282CLB5,TSRYS5850286,D,S,T,2024-07-30,1000000.00,4.397678,99.95703125
08:00:32,91282CLB5,TSRYS5850286,D,S,T,2024-07-30,2000000.00,4.397678,99.95703125
08:00:32,91282CLB5,TSRYS5850286,D,S,T,2024-07-30,1000000.00,4.397678,99.95703125
08:00:32,91282CLB5,TSRYS5850286,D,S,T,2024-07-30,1000000.00,4.397678,99.95703125
08:00:32,91282CLB5,TSRYS5850286,D,S,T,2024-07-30,2000000.00,4.397678,99.95703125
08:00:32,91282CLB5,TSRYS5850286,D,S,T,2024-07-30,1000000.00,4.397678,99.95703125
08:00:32,91282CLB5,TSRYS5850286,D,S,T,2024-07-30,3000000.00,4.397678,99.95703125
08:00:32,91282CLB5,TSRYS5850286,D,S,T,2024-07-30,1000000.00,4.397678,99.95703125
08:00:32,91282CLB5,TSRYS5850286,D,S,T,2024-07-30,1000000.00,4.397678,99.95703125
08:00:32,91282CLB5,TSRYS5850286,D,S,T,2024-07-30,1000000.00,4.397678,99.95703125
08:00:32,91282CLB5,TSRYS5850286,D,S,T,2024-07-30,2000000.00,4.397678,99.95703125
08:00:32,91282CLB5,TSRYS5850286,D,S,T,2024-07-30,1000000.00,4.397678,99.95703125
08:00:32,91282CLB5,TSRYS5850286,D,S,T,2024-07-30,5000000.00,4.397678,99.95703125
08:00:32,91282CLB5,TSRYS5850286,D,S,T,2024-07-30,1000000.00,4.397678,99.95703125
08:00:32,91282CLB5,TSRYS5850286,D,S,T,2024-07-30,1000000.00,4.397678,99.95703125
08:00:32,91282CLB5,TSRYS5850286,D,S,T,2024-07-30,1000000.00,4.397678,99.95703125
08:00:32,91282CLB5,TSRYS5850286,D,S,T,2024-07-30,1000000.00,4.397678,99.95703125
08:00:32,91282CLB5,TSRYS5850286,D,S,T,2024-07-30,1000000.00,4.397678,99.95703125
08:00:32,91282CLB5,TSRYS5850286,D,S,T,2024-07-30,10000000.00,4.397678,99.95703125
08:00:32,91282CLB5,TSRYS5850286,D,S,T,2024-07-30,3000000.00,4.397678,99.95703125
08:00:32,91282CLB5,TSRYS5850286,D,S,T,2024-07-30,1000000.00,4.397678,99.95703125
08:00:32,91282CLB5,TSRYS5850286,D,S,T,2024-07-30,4000000.00,4.397678,99.95703125
08:00:32,91282CLB5,TSRYS5850286,D,S,T,2024-07-30,2000000.00,4.397678,99.95703125
08:00:32,91282CLB5,TSRYS5850286,D,S,T,2024-07-30,1000000.00,4.397678,99.95703125
08:00:32,91282CLB5,TSRYS5850286,D,S,T,2024-07-30,1000000.00,4.397678,99.95703125
08:00:32,91282CLB5,TSRYS5850286,D,S,T,2024-07-30,1000000.00,4.397678,99.95703125
08:00:32,91282CLB5,TSRYS5850286,D,S,T,2024-07-30,5000000.00,4.397678,99.95703125
08:00:32,91282CLB5,TSRYS5850286,D,S,T,2024-07-30,1000000.00,4.397678,99.95703125
08:00:32,91282CLB5,TSRYS5850286,D,S,T,2024-07-30,1000000.00,4.397678,99.95703125
08:00:32,91282CLB5,TSRYS5850286,D,S,T,2024-07-30,1000000.00,4.397678,99.95703125
08:00:32,91282CLB5,TSRYS5850286,D,S,T,2024-07-30,1000000.00,4.397678,99.95703125
08:00:32,91282CLB5,TSRYS5850286,D,S,T,2024-07-30,1000000.00,4.397678,99.95703125
08:00:32,91282CLB5,TSRYS5850286,D,S,T,2024-07-30,1000000.00,4.397678,99.95703125
08:00:32,91282CLB5,TSRYS5850286,D,S,T,2024-07-30,1000000.00,4.397678,99.95703125
08:00:32,91282CLB5,TSRYS5850286,D,S,T,2024-07-30,1000000.00,4.397678,99.95703125
08:00:32,91282CLB5,TSRYS5850286,D,S,T,2024-07-30,1000000.00,4.397678,99.95703125
08:00:32,91282CLB5,TSRYS5850286,D,S,T,2024-07-30,1000000.00,4.397678,99.95703125
08:00:32,91282CLB5,TSRYS5850286,D,S,T,2024-07-30,1000000.00,4.397678,99.95703125
08:00:32,91282CLB5,TSRYS5850286,D,S,T,2024-07-30,1000000.00,4.397678,99.95703125
08:00:32,91282CLB5,TSRYS5850286,D,S,T,2024-07-30,1000000.00,4.397678,99.95703125
08:00:32,91282CLB5,TSRYS5850286,D,S,T,2024-07-30,1000000.00,4.397678,99.95703125
08:00:32,91282CLB5,TSRYS5850286,D,S,T,2024-07-30,1000000.00,4.397678,99.95703125
08:00:32,91282CLB5,TSRYS5850286,D,S,T,2024-07-30,1000000.00,4.397678,99.95703125
08:00:32,91282CLB5,TSRYS5850286,D,S,T,2024-07-30,1000000.00,4.397678,99.95703125
08:00:32,91282CLB5,TSRYS5850286,D,S,T,2024-07-30,1000000.00,4.397678,99.95703125
08:00:32,91282CLB5,TSRYS5850286,D,S,T,2024-07-30,11000000.00,4.397678,99.95703125
08:00:32,91282CLB5,TSRYS5850286,D,S,T,2024-07-30,1000000.00,4.397678,99.95703125
08:00:32,91282CLB5,TSRYS5850286,D,S,T,2024-07-30,1000000.00,4.397678,99.95703125
08:00:32,91282CLB5,TSRYS5850286,D,S,T,2024-07-30,1000000.00,4.397678,99.95703125
08:00:32,91282CLB5,TSRYS5850286,D,S,T,2024-07-30,2000000.00,4.397678,99.95703125
08:00:32,91282CLB5,TSRYS5850286,D,S,T,2024-07-30,2000000.00,4.397678,99.95703125
08:00:32,91282CLB5,TSRYS5850286,D,S,T,2024-07-30,1000000.00,4.397678,99.95703125
08:00:32,91282CLB5,TSRYS5850286,D,S,T,2024-07-30,1000000.00,4.397678,99.95703125
08:00:32,91282CLB5,TSRYS5850286,D,S,T,2024-07-30,2000000.00,4.397678,99.95703125
08:00:32,91282CLB5,TSRYS5850286,D,S,T,2024-07-30,1000000.00,4.397678,99.95703125
08:00:32,91282CLB5,TSRYS5850286,D,S,T,2024-07-30,2000000.00,4.397678,99.95703125
08:00:32,91282CLB5,TSRYS5850286,D,S,T,2024-07-30,1000000.00,4.397678,99.95703125
08:00:32,91282CLB5,TSRYS5850286,D,S,T,2024-07-30,1000000.00,4.397678,99.95703125
08:00:32,91282CLB5,TSRYS5850286,D,S,T,2024-07-30,1000000.00,4.397678,99.95703125
08:00:32,91282CLB5,TSRYS5850286,D,S,T,2024-07-30,2000000.00,4.397678,99.95703125
08:00:32,91282CLB5,TSRYS5850286,D,S,T,2024-07-30,1000000.00,4.397678,99.95703125
08:00:32,91282CLB5,TSRYS5850286,D,S,T,2024-07-30,1000000.00,4.397678,99.95703125
08:00:32,91282CLB5,TSRYS5850286,D,S,T,2024-07-30,1000000.00,4.397678,99.95703125
08:00:32,91282CLB5,TSRYS5850286,D,S,T,2024-07-30,2000000.00,4.397678,99.95703125
08:00:32,91282CLB5,TSRYS5850286,D,S,T,2024-07-30,1000000.00,4.397678,99.95703125
08:00:32,91282CLB5,TSRYS5850286,D,S,T,2024-07-30,4000000.00,4.397678,99.95703125
08:00:32,91282CLB5,TSRYS5850286,D,S,T,2024-07-30,1000000.00,4.397678,99.95703125
08:00:32,91282CLB5,TSRYS5850286,D,S,T,2024-07-30,1000000.00,4.397678,99.95703125
08:00:32,91282CLB5,TSRYS5850286,D,S,T,2024-07-30,1000000.00,4.397678,99.95703125
08:00:32,91282CLB5,TSRYS5850286,D,S,T,2024-07-30,1000000.00,4.397678,99.95703125
08:00:32,91282CLB5,TSRYS5850286,D,S,T,2024-07-30,1000000.00,4.397678,99.95703125
08:00:32,91282CLB5,TSRYS5850286,D,S,T,2024-07-30,1000000.00,4.397678,99.95703125
08:00:32,91282CLB5,TSRYS5850286,D,S,T,2024-07-30,1000000.00,4.397678,99.95703125
08:00:32,91282CLB5,TSRYS5850286,D,S,T,2024-07-30,1000000.00,4.397678,99.95703125
08:00:32,91282CLB5,TSRYS5850286,D,S,T,2024-07-30,1000000.00,4.397678,99.95703125
08:00:32,91282CLB5,TSRYS5850286,D,S,T,2024-07-30,1000000.00,4.397678,99.95703125
08:00:32,91282CLB5,TSRYS5850286,D,S,T,2024-07-30,2000000.00,4.397678,99.95703125
08:00:32,91282CLB5,TSRYS5850286,D,S,T,2024-07-30,1000000.00,4.397678,99.95703125
08:00:32,91282CLB5,TSRYS5850286,D,S,T,2024-07-30,1000000.00,4.397678,99.95703125
08:00:32,91282CLB5,TSRYS5850286,D,S,T,2024-07-30,2000000.00,4.397678,99.95703125
08:00:32,91282CLB5,TSRYS5850286,D,S,T,2024-07-30,1000000.00,4.397678,99.95703125
08:00:32,91282CLB5,TSRYS5850286,D,S,T,2024-07-30,1000000.00,4.397678,99.95703125
08:00:32,91282CLB5,TSRYS5850286,D,S,T,2024-07-30,1000000.00,4.397678,99.95703125
08:00:32,91282CLB5,TSRYS5850286,D,S,T,2024-07-30,3000000.00,4.397678,99.95703125
08:00:32,91282CLB5,TSRYS5850286,D,S,T,2024-07-30,1000000.00,4.397678,99.95703125
08:00:32,91282CLB5,TSRYS5850286,D,S,T,2024-07-30,1000000.00,4.397678,99.95703125
08:00:32,91282CLB5,TSRYS5850286,D,S,T,2024-07-30,1000000.00,4.397678,99.95703125
08:00:32,91282CLB5,TSRYS5850286,D,S,T,2024-07-30,1000000.00,4.397678,99.95703125
08:00:32,91282CLB5,TSRYS5850286,D,S,T,2024-07-30,1000000.00,4.397678,99.95703125
08:00:32,91282CLB5,TSRYS5850286,D,S,T,2024-07-30,2000000.00,4.397678,99.95703125
08:00:32,91282CLB5,TSRYS5850286,D,S,T,2024-07-30,1000000.00,4.397678,99.95703125
08:00:32,91282CLB5,TSRYS5850286,D,S,T,2024-07-30,2000000.00,4.397678,99.95703125
08:00:32,91282CLB5,TSRYS5850286,D,S,T,2024-07-30,1000000.00,4.397678,99.95703125
08:00:32,91282CLB5,TSRYS5850286,D,S,T,2024-07-30,1000000.00,4.397678,99.95703125
08:00:32,91282CLB5,TSRYS5850286,D,S,T,2024-07-30,1000000.00,4.397678,99.95703125
08:00:32,91282CLB5,TSRYS5850286,D,S,T,2024-07-30,1000000.00,4.397678,99.95703125
08:00:32,91282CLB5,TSRYS5850286,D,S,T,2024-07-30,1000000.00,4.397678,99.95703125
08:00:32,91282CLB5,TSRYS5850286,D,S,T,2024-07-30,1000000.00,4.397678,99.95703125
08:00:32,91282CLB5,TSRYS5850286,D,S,T,2024-07-30,1000000.00,4.397678,99.95703125
08:00:32,91282CLB5,TSRYS5850286,D,S,T,2024-07-30,1000000.00,4.397678,99.95703125
08:00:32,91282CLB5,TSRYS5850286,D,S,T,2024-07-30,1000000.00,4.397678,99.95703125
08:00:32,91282CLB5,TSRYS5850286,D,S,T,2024-07-30,1000000.00,4.397678,99.95703125
08:00:32,91282CLB5,TSRYS5850286,D,S,T,2024-07-30,1000000.00,4.397678,99.95703125
08:00:32,91282CLB5,TSRYS5850286,D,S,T,2024-07-30,1000000.00,4.397678,99.95703125
08:00:32,91282CLB5,TSRYS5850286,D,S,T,2024-07-30,1000000.00,4.397678,99.95703125
08:00:32,91282CLB5,TSRYS5850286,D,S,T,2024-07-30,1000000.00,4.397678,99.95703125
08:00:32,91282CLB5,TSRYS5850286,D,S,T,2024-07-30,1000000.00,4.397678,99.95703125
08:00:32,91282CLB5,TSRYS5850286,D,S,T,2024-07-30,1000000.00,4.397678,99.95703125
08:00:32,91282CLB5,TSRYS5850286,D,S,T,2024-07-30,1000000.00,4.397678,99.95703125
08:00:32,91282CLB5,TSRYS5850286,D,S,T,2024-07-30,4000000.00,4.397678,99.95703125
08:00:32,91282CLB5,TSRYS5850286,D,S,T,2024-07-30,1000000.00,4.397678,99.95703125
08:00:32,91282CLB5,TSRYS5850286,D,S,T,2024-07-30,1000000.00,4.397678,99.95703125
08:00:32,91282CLB5,TSRYS5850286,D,S,T,2024-07-30,1000000.00,4.396647,99.958984375
08:00:32,91282CLB5,TSRYS5850286,D,S,T,2024-07-30,3000000.00,4.396647,99.958984375
08:00:32,91282CLB5,TSRYS5850286,D,S,T,2024-07-30,1000000.00,4.396647,99.958984375
08:00:32,91282CLB5,TSRYS5850286,D,S,T,2024-07-30,1000000.00,4.396647,99.958984375
08:00:32,91282CLB5,TSRYS5850286,D,S,T,2024-07-30,1000000.00,4.397678,99.95703125
08:00:32,91282CLB5,TSRYS5850286,D,S,T,2024-07-30,3000000.00,4.396647,99.958984375
08:00:32,91282CLB5,TSRYS5850286,D,S,T,2024-07-30,1000000.00,4.397678,99.95703125
08:00:32,91282CLB5,TSRYS5850286,D,S,T,2024-07-30,1000000.00,4.397678,99.95703125
08:00:32,91282CLB5,TSRYS5850286,D,S,T,2024-07-30,2000000.00,4.397678,99.95703125
08:00:32,91282CLB5,TSRYS5850286,D,S,T,2024-07-30,1000000.00,4.397678,99.95703125
08:00:32,91282CLB5,TSRYS5850286,D,S,T,2024-07-30,12000000.00,4.397678,99.95703125
08:00:32,91282CLB5,TSRYS5850286,D,S,T,2024-07-30,1000000.00,4.397678,99.95703125
08:00:32,91282CLB5,TSRYS5850286,D,S,T,2024-07-30,1000000.00,4.397678,99.95703125
08:00:32,91282CLB5,TSRYS5850286,D,S,T,2024-07-30,1000000.00,4.397678,99.95703125
08:00:32,91282CLB5,TSRYS5850286,D,S,T,2024-07-30,1000000.00,4.397678,99.95703125
08:00:32,91282CLB5,TSRYS5850286,D,S,T,2024-07-30,1000000.00,4.397678,99.95703125
08:00:32,91282CLB5,TSRYS5850286,D,S,T,2024-07-30,2000000.00,4.397678,99.95703125
08:00:32,91282CLB5,TSRYS5850286,D,S,T,2024-07-30,2000000.00,4.397678,99.95703125
08:00:32,91282CLB5,TSRYS5850286,D,S,T,2024-07-30,1000000.00,4.397678,99.95703125
08:00:32,91282CLB5,TSRYS5850286,D,S,T,2024-07-30,2000000.00,4.397678,99.95703125
08:00:32,91282CLB5,TSRYS5850286,D,S,T,2024-07-30,1000000.00,4.397678,99.95703125
08:00:32,91282CLB5,TSRYS5850286,D,S,T,2024-07-30,2000000.00,4.397678,99.95703125
08:00:32,91282CLB5,TSRYS5850286,D,S,T,2024-07-30,1000000.00,4.397678,99.95703125
08:00:32,91282CLB5,TSRYS5850286,D,S,T,2024-07-30,1000000.00,4.397678,99.95703125
08:00:32,91282CLB5,TSRYS5850286,D,S,T,2024-07-30,2000000.00,4.397678,99.95703125
08:00:32,91282CLB5,TSRYS5850286,D,S,T,2024-07-30,1000000.00,4.397678,99.95703125
08:00:32,91282CLB5,TSRYS5850286,D,S,T,2024-07-30,1000000.00,4.393554,99.96484375
08:00:32,91282CLB5,TSRYS5850286,D,S,D,2024-07-30,1000000.00,4.393554,99.96484375
08:00:32,91282CLB5,TSRYS5850286,D,S,C,2024-07-30,5000000.00,4.393554,99.96484375
08:00:32,91282CLB5,TSRYS5850286,D,B,C,2024-07-30,10000000.00,4.395616,99.9609375
08:00:32,91282CLB5,TSRYS5850286,D,S,D,2024-07-30,12000000.00,4.395616,99.9609375
08:00:32,91282CLB5,TSRYS5850286,D,S,D,2024-07-30,12000000.00,4.395616,99.9609375
08:00:32,91282CLB5,TSRYS5850286,D,S,D,2024-07-30,11000000.00,4.395616,99.9609375
08:00:32,91282CLB5,TSRYS5850286,D,S,T,2024-07-30,1000000.00,4.398709,99.955078125
08:00:32,91282CLB5,TSRYS5850286,D,S,T,2024-07-30,1000000.00,4.397678,99.95703125
08:00:32,91282CLB5,TSRYS5850286,D,B,C,2024-07-30,4800000.00,4.399741,99.953125
08:00:32,91282CLB5,TSRYS5850286,D,B,A,2024-07-30,100000000.00,4.399741,99.953125
08:00:32,91282CLB5,TSRYS5850286,D,B,C,2024-07-30,3000000.00,4.399741,99.953125
08:00:32,91282CLB5,TSRYS5850286,D,S,A,2024-07-30,1400000.00,4.395616,99.9609375
08:00:32,91282CLB5,TSRYS5850286,D,S,T,2024-07-30,5000000.00,4.395616,99.9609375
08:00:32,91282CLB5,TSRYS5850286,D,S,T,2024-07-30,1000000.00,4.395616,99.9609375
08:00:32,91282CLB5,TSRYS5850286,D,S,T,2024-07-30,2000000.00,4.395616,99.9609375
08:00:32,91282CLB5,TSRYS5850286,D,S,T,2024-07-30,2000000.00,4.395616,99.9609375
08:00:32,91282CLB5,TSRYS5850286,D,S,A,2024-07-30,11000000.00,4.393554,99.96484375
08:00:32,91282CLB5,TSRYS5850286,D,S,A,2024-07-30,9000000.00,4.393554,99.96484375
08:00:32,91282CLB5,TSRYS5850286,D,S,T,2024-07-30,1000000.00,4.393554,99.96484375
08:00:32,91282CLB5,TSRYS5850286,D,S,D,2024-07-30,636000.00,4.392523,99.966796875
08:00:32,91282CLB5,TSRYS5850286,D,S,D,2024-07-30,273000.00,4.392523,99.966796875
08:00:32,91282CLB5,TSRYS5850286,D,S,D,2024-07-30,637000.00,4.391492,99.96875
08:00:32,91282CLB5,TSRYS5850286,D,S,D,2024-07-30,1000000.00,4.395616,99.9609375
08:00:32,91282CLB5,TSRYS5850286,D,S,D,2024-07-30,1000000.00,4.395616,99.9609375
08:00:32,91282CLB5,TSRYS5850286,D,S,T,2024-07-30,1000000.00,4.391492,99.96875
08:00:32,91282CLB5,TSRYS5850286,D,S,T,2024-07-30,1000000.00,4.391492,99.96875
08:00:32,91282CLB5,TSRYS5850286,D,S,T,2024-07-30,1000000.00,4.391492,99.96875
08:00:32,91282CLB5,TSRYS5850286,D,S,T,2024-07-30,1000000.00,4.391492,99.96875
08:00:32,91282CLB5,TSRYS5850286,D,S,T,2024-07-30,1000000.00,4.391492,99.96875
08:00:32,91282CLB5,TSRYS5850286,D,S,T,2024-07-30,2000000.00,4.391492,99.96875
08:00:32,91282CLB5,TSRYS5850286,D,S,T,2024-07-30,1000000.00,4.391492,99.96875
08:00:32,91282CLB5,TSRYS5850286,D,S,T,2024-07-30,2000000.00,4.391492,99.96875
08:00:32,91282CLB5,TSRYS5850286,D,S,T,2024-07-30,1000000.00,4.391492,99.96875
08:00:32,91282CLB5,TSRYS5850286,D,S,T,2024-07-30,1000000.00,4.391492,99.96875
08:00:32,91282CLB5,TSRYS5850286,D,S,T,2024-07-30,1000000.00,4.391492,99.96875
08:00:32,91282CLB5,TSRYS5850286,D,S,T,2024-07-30,2000000.00,4.391492,99.96875
08:00:32,91282CLB5,TSRYS5850286,D,S,T,2024-07-30,1000000.00,4.391492,99.96875
08:00:32,91282CLB5,TSRYS5850286,D,S,T,2024-07-30,1000000.00,4.391492,99.96875
08:00:32,91282CLB5,TSRYS5850286,D,S,T,2024-07-30,1000000.00,4.391492,99.96875
08:00:32,91282CLB5,TSRYS5850286,D,S,T,2024-07-30,2000000.00,4.391492,99.96875
08:00:32,91282CLB5,TSRYS5850286,D,S,T,2024-07-30,1000000.00,4.391492,99.96875
08:00:32,91282CLB5,TSRYS5850286,D,S,T,2024-07-30,1000000.00,4.391492,99.96875
08:00:32,91282CLB5,TSRYS5850286,D,S,T,2024-07-30,4000000.00,4.391492,99.96875
08:00:32,91282CLB5,TSRYS5850286,D,S,T,2024-07-30,2000000.00,4.391492,99.96875
08:00:32,91282CLB5,TSRYS5850286,D,S,T,2024-07-30,1000000.00,4.391492,99.96875
08:00:32,91282CLB5,TSRYS5850286,D,S,T,2024-07-30,2000000.00,4.391492,99.96875
08:00:32,91282CLB5,TSRYS5850286,D,S,T,2024-07-30,1000000.00,4.391492,99.96875
08:00:32,91282CLB5,TSRYS5850286,D,S,D,2024-07-30,35000000.00,4.395616,99.9609375
08:00:32,91282CLB5,TSRYS5850286,D,S,T,2024-07-30,2000000.00,4.38943,99.97265625
08:00:32,91282CLB5,TSRYS5850286,D,S,T,2024-07-30,1000000.00,4.387369,99.9765625
08:00:32,91282CLB5,TSRYS5850286,D,S,T,2024-07-30,1000000.00,4.387369,99.9765625
08:00:33,91282CLB5,TSRYS5850286,D,S,A,2024-07-30,277000.00,4.397678,99.95703125
08:00:33,91282CLB5,TSRYS5850286,D,S,C,2024-07-30,40000000.00,4.392953,99.965982764
08:00:33,91282CLB5,TSRYS5850286,D,S,A,2024-07-30,1650000.00,4.397678,99.95703125
08:00:34,91282CLB5,TSRYS5850286,D,S,D,2024-07-30,2000000.00,4.392523,99.966796875
08:00:34,91282CLB5,TSRYS5850286,D,S,D,2024-07-30,1000000.00,4.392523,99.966796875
08:00:34,91282CLB5,TSRYS5850286,D,S,T,2024-07-30,1000000.00,4.397678,99.95703125
08:00:35,91282CLB5,TSRYS5850286,D,S,T,2024-07-30,1000000.00,4.397678,99.95703125
08:00:35,91282CLB5,TSRYS5850286,D,S,T,2024-07-30,1000000.00,4.397678,99.95703125
08:00:35,91282CLB5,TSRYS5850286,D,S,T,2024-07-30,1000000.00,4.397678,99.95703125
08:00:35,91282CLB5,TSRYS5850286,D,S,T,2024-07-30,1000000.00,4.397678,99.95703125
08:00:35,91282CLB5,TSRYS5850286,D,S,T,2024-07-30,1000000.00,4.397678,99.95703125
08:00:35,91282CLB5,TSRYS5850286,D,S,T,2024-07-30,1000000.00,4.397678,99.95703125
08:00:35,91282CLB5,TSRYS5850286,D,B,C,2024-07-30,505000.00,4.390461,99.970703125
08:00:35,91282CLB5,TSRYS5850286,D,S,D,2024-07-30,1505000.00,4.390303,99.971003125
08:00:35,91282CLB5,TSRYS5850286,D,B,C,2024-07-30,4000000.00,4.390461,99.970703125
08:00:35,91282CLB5,TSRYS5850286,D,S,C,2024-07-30,50000000.00,4.390303,99.971003125
08:00:35,91282CLB5,TSRYS5850286,D,S,D,2024-07-30,1000000.00,4.391492,99.96875
08:00:35,91282CLB5,TSRYS5850286,D,S,T,2024-07-30,2000000.00,4.397678,99.95703125
08:00:35,91282CLB5,TSRYS5850286,D,S,T,2024-07-30,1000000.00,4.397678,99.95703125
08:00:35,91282CLB5,TSRYS5850286,D,S,D,2024-07-30,2000000.00,4.397678,99.95703125
08:00:35,91282CLB5,TSRYS5850286,D,S,T,2024-07-30,1000000.00,4.397678,99.95703125
08:00:36,91282CLB5,TSRYS5850286,D,S,T,2024-07-30,1000000.00,4.397678,99.95703125
08:00:37,91282CLB5,TSRYS5850286,D,S,T,2024-07-30,1000000.00,4.397678,99.95703125
08:00:37,91282CLB5,TSRYS5850286,D,S,T,2024-07-30,1000000.00,4.397678,99.95703125
08:00:37,91282CLB5,TSRYS5850286,D,S,T,2024-07-30,1000000.00,4.397678,99.95703125
08:00:37,91282CLB5,TSRYS5850286,D,S,T,2024-07-30,1000000.00,4.397678,99.95703125
08:00:37,91282CLB5,TSRYS5850286,D,S,T,2024-07-30,1000000.00,4.397678,99.95703125
08:00:37,91282CLB5,TSRYS5850286,D,S,T,2024-07-30,1000000.00,4.397678,99.95703125
08:00:37,91282CLB5,TSRYS5850286,D,S,D,2024-07-30,1000000.00,4.391492,99.96875
08:00:38,91282CLB5,TSRYS5850286,D,S,D,2024-07-30,6925000.00,4.387369,99.9765625
08:00:38,91282CLB5,TSRYS5850286,D,S,D,2024-07-30,2000000.00,4.391492,99.96875
08:00:38,91282CLB5,TSRYS5850286,D,S,D,2024-07-30,1000000.00,4.391492,99.96875
08:00:38,91282CLB5,TSRYS5850286,D,S,D,2024-07-30,2000000.00,4.391492,99.96875
08:00:38,91282CLB5,TSRYS5850286,D,S,T,2024-07-30,2000000.00,4.397678,99.95703125
08:00:38,91282CLB5,TSRYS5850286,D,S,T,2024-07-30,2000000.00,4.397678,99.95703125
08:00:38,91282CLB5,TSRYS5850286,D,S,T,2024-07-30,1000000.00,4.397678,99.95703125
08:00:38,91282CLB5,TSRYS5850286,D,S,T,2024-07-30,1000000.00,4.397678,99.95703125
08:00:38,91282CLB5,TSRYS5850286,D,S,T,2024-07-30,14450000.00,4.441008,99.875
08:00:38,91282CLB5,TSRYS5850286,D,S,T,2024-07-30,72200000.00,4.441008,99.875
08:00:38,91282CLB5,TSRYS5850286,D,S,T,2024-07-30,9650000.00,4.441008,99.875
08:00:38,91282CLB5,TSRYS5850286,D,S,T,2024-07-30,1000000.00,4.397678,99.95703125
08:00:38,91282CLB5,TSRYS5850286,D,S,T,2024-07-30,9600000.00,4.441008,99.875
08:00:39,91282CLB5,TSRYS5850286,D,S,T,2024-07-30,1000000.00,4.397678,99.95703125
08:00:39,91282CLB5,TSRYS5850286,D,S,T,2024-07-30,1000000.00,4.397678,99.95703125
08:00:39,91282CLB5,TSRYS5850286,D,B,A,2024-07-30,28000000.00,4.401803,99.94921875
08:00:39,91282CLB5,TSRYS5850286,D,S,T,2024-07-30,1000000.00,4.399741,99.953125
08:00:39,91282CLB5,TSRYS5850286,D,B,A,2024-07-30,1800000.00,4.399741,99.953125
08:00:39,91282CLB5,TSRYS5850286,D,B,A,2024-07-30,1400000.00,4.403865,99.9453125
08:00:39,91282CLB5,TSRYS5850286,D,S,A,2024-07-30,45000000.00,4.403865,99.9453125
08:00:40,91282CLB5,TSRYS5850286,D,S,T,2024-07-30,1000000.00,4.397678,99.95703125
08:00:40,91282CLB5,TSRYS5850286,D,S,D,2024-07-30,2000000.00,4.391492,99.96875
08:00:40,91282CLB5,TSRYS5850286,D,S,D,2024-07-30,5000000.00,4.391492,99.96875
08:00:40,91282CLB5,TSRYS5850286,D,S,C,2024-07-30,4000000.00,4.390461,99.970703125
08:00:40,91282CLB5,TSRYS5850286,D,S,C,2024-07-30,1000000.00,4.390461,99.970703125
08:00:40,91282CLB5,TSRYS5850286,D,B,A,2024-07-30,10000000.00,4.401803,99.94921875
08:00:40,91282CLB5,TSRYS5850286,D,B,A,2024-07-30,14266000.00,4.401803,99.94921875
08:00:40,91282CLB5,TSRYS5850286,D,S,T,2024-07-30,1000000.00,4.397678,99.95703125
08:00:40,91282CLB5,TSRYS5850286,D,B,A,2024-07-30,46633000.00,4.403865,99.9453125
08:00:41,91282CLB5,TSRYS5850286,D,S,D,2024-07-30,7000000.00,4.391492,99.96875
08:00:41,91282CLB5,TSRYS5850286,D,S,D,2024-07-30,10000000.00,4.391492,99.96875
08:00:41,91282CLB5,TSRYS5850286,D,S,D,2024-07-30,1000000.00,4.391492,99.96875
08:00:41,91282CLB5,TSRYS5850286,D,S,D,2024-07-30,1000000.00,4.391492,99.96875
08:00:41,91282CLB5,TSRYS5850286,D,S,T,2024-07-30,1000000.00,4.397678,99.95703125
08:00:41,91282CLB5,TSRYS5850286,D,S,T,2024-07-30,1000000.00,4.397678,99.95703125
08:00:41,91282CLB5,TSRYS5850286,D,S,T,2024-07-30,1000000.00,4.397678,99.95703125
08:00:42,91282CLB5,TSRYS5850286,D,S,T,2024-07-30,1000000.00,4.397678,99.95703125
08:00:42,91282CLB5,TSRYS5850286,D,S,D,2024-07-30,2000000.00,4.391492,99.96875
08:00:42,91282CLB5,TSRYS5850286,D,S,T,2024-07-30,1000000.00,4.399741,99.953125
08:00:42,91282CLB5,TSRYS5850286,D,S,T,2024-07-30,1000000.00,4.399741,99.953125
08:00:42,91282CLB5,TSRYS5850286,D,B,A,2024-07-30,10296000.00,4.403865,99.9453125
08:00:42,91282CLB5,TSRYS5850286,D,B,A,2024-07-30,12508000.00,4.403865,99.9453125
08:00:43,91282CLB5,TSRYS5850286,D,S,T,2024-07-30,1000000.00,4.399741,99.953125
08:00:43,91282CLB5,TSRYS5850286,D,S,T,2024-07-30,1000000.00,4.399741,99.953125
08:00:43,91282CLB5,TSRYS5850286,D,S,T,2024-07-30,1000000.00,4.397678,99.95703125
08:00:43,91282CLB5,TSRYS5850286,D,S,T,2024-07-30,1000000.00,4.399741,99.953125
08:00:43,91282CLB5,TSRYS5850286,D,S,T,2024-07-30,1000000.00,4.396647,99.958984375
08:00:43,91282CLB5,TSRYS5850286,D,S,T,2024-07-30,1000000.00,4.397678,99.95703125
08:00:44,91282CLB5,TSRYS5850286,D,S,T,2024-07-30,1000000.00,4.397678,99.95703125
08:00:44,91282CLB5,TSRYS5850286,D,S,T,2024-07-30,1000000.00,4.397678,99.95703125
08:00:44,91282CLB5,TSRYS5850286,D,S,A,2024-07-30,780000.00,4.397678,99.95703125
08:00:44,91282CLB5,TSRYS5850286,D,S,A,2024-07-30,160000.00,4.399741,99.953125
08:00:44,91282CLB5,TSRYS5850286,D,S,T,2024-07-30,1000000.00,4.397678,99.95703125
08:00:44,91282CLB5,TSRYS5850286,D,S,T,2024-07-30,1000000.00,4.397678,99.95703125
08:00:44,91282CLB5,TSRYS5850286,D,S,T,2024-07-30,7000000.00,4.397678,99.95703125
08:00:44,91282CLB5,TSRYS5850286,D,S,T,2024-07-30,1000000.00,4.397678,99.95703125
08:00:44,91282CLB5,TSRYS5850286,D,S,T,2024-07-30,1000000.00,4.399741,99.953125
08:00:44,91282CLB5,TSRYS5850286,D,S,D,2024-07-30,1000000.00,4.398709,99.955078125
08:00:44,91282CLB5,TSRYS5850286,D,S,A,2024-07-30,3000000.00,4.399741,99.953125
08:00:45,91282CLB5,TSRYS5850286,D,S,T,2024-07-30,1000000.00,4.397678,99.95703125
08:00:45,91282CLB5,TSRYS5850286,D,S,T,2024-07-30,1000000.00,4.397678,99.95703125
08:00:45,91282CLB5,TSRYS5850286,D,S,T,2024-07-30,1000000.00,4.397678,99.95703125
08:00:45,91282CLB5,TSRYS5850286,D,S,T,2024-07-30,1000000.00,4.397678,99.95703125
08:00:45,91282CLB5,TSRYS5850286,D,S,T,2024-07-30,7000000.00,4.393554,99.96484375
08:00:45,91282CLB5,TSRYS5850286,D,S,T,2024-07-30,4000000.00,4.393554,99.96484375
08:00:45,91282CLB5,TSRYS5850286,D,S,T,2024-07-30,2000000.00,4.393554,99.96484375
08:00:45,91282CLB5,TSRYS5850286,D,S,T,2024-07-30,1000000.00,4.393554,99.96484375
08:00:45,91282CLB5,TSRYS5850286,D,S,T,2024-07-30,1000000.00,4.393554,99.96484375
08:00:45,91282CLB5,TSRYS5850286,D,S,T,2024-07-30,1000000.00,4.397678,99.95703125
08:00:46,91282CLB5,TSRYS5850286,D,S,D,2024-07-30,21000000.00,4.391334,99.96905
08:00:46,91282CLB5,TSRYS5850286,D,S,T,2024-07-30,1000000.00,4.397678,99.95703125
08:00:46,91282CLB5,TSRYS5850286,D,S,T,2024-07-30,2000000.00,4.397678,99.95703125
08:00:46,91282CLB5,TSRYS5850286,D,S,D,2024-07-30,1000000.00,4.390461,99.970703125
08:00:47,91282CLB5,TSRYS5850286,D,S,T,2024-07-30,1000000.00,4.395616,99.9609375
08:00:47,91282CLB5,TSRYS5850286,D,B,A,2024-07-30,7587000.00,4.403865,99.9453125
08:00:47,91282CLB5,TSRYS5850286,D,S,T,2024-07-30,9600000.00,4.441008,99.875
08:00:47,91282CLB5,TSRYS5850286,D,S,T,2024-07-30,9600000.00,4.441008,99.875
08:00:47,91282CLB5,TSRYS5850286,D,S,T,2024-07-30,4800000.00,4.441008,99.875
08:00:47,91282CLB5,TSRYS5850286,D,S,A,2024-07-30,9000000.00,4.399741,99.953125
08:00:47,91282CLB5,TSRYS5850286,D,S,T,2024-07-30,1000000.00,4.403865,99.9453125
08:00:47,91282CLB5,TSRYS5850286,D,S,D,2024-07-30,1400000.00,4.401803,99.94921875
08:00:48,91282CLB5,TSRYS5850286,D,S,T,2024-07-30,2000000.00,4.395616,99.9609375
08:00:48,91282CLB5,TSRYS5850286,D,S,D,2024-07-30,10000000.00,4.395616,99.9609375
08:00:49,91282CLB5,TSRYS5850286,D,B,A,2024-07-30,28926000.00,4.397678,99.95703125
08:00:49,91282CLB5,TSRYS5850286,D,B,A,2024-07-30,24054000.00,4.375,100.0
08:00:49,91282CLB5,TSRYS5850286,D,S,T,2024-07-30,1000000.00,4.395616,99.9609375
08:00:49,91282CLB5,TSRYS5850286,D,S,T,2024-07-30,2000000.00,4.391492,99.96875
08:00:49,91282CLB5,TSRYS5850286,D,S,T,2024-07-30,1000000.00,4.395616,99.9609375
08:00:50,91282CLB5,TSRYS5850286,D,B,A,2024-07-30,14430000.00,4.399741,99.953125
08:00:50,91282CLB5,TSRYS5850286,D,S,A,2024-07-30,1227000.00,4.401803,99.94921875
08:00:50,91282CLB5,TSRYS5850286,D,S,T,2024-07-30,1000000.00,4.395616,99.9609375
08:00:52,91282CLB5,TSRYS5850286,D,S,T,2024-07-30,1000000.00,4.396647,99.958984375
08:00:52,91282CLB5,TSRYS5850286,D,S,D,2024-07-30,1000000.00,4.397678,99.95703125
08:00:52,91282CLB5,TSRYS5850286,D,S,D,2024-07-30,1000000.00,4.396647,99.958984375
08:00:52,91282CLB5,TSRYS5850286,D,S,D,2024-07-30,2000000.00,4.396647,99.958984375
08:00:52,91282CLB5,TSRYS5850286,D,S,D,2024-07-30,24050000.00,4.441008,99.875
08:00:53,91282CLB5,TSRYS5850286,D,S,T,2024-07-30,1000000.00,4.399741,99.953125
08:00:53,91282CLB5,TSRYS5850286,D,S,T,2024-07-30,1000000.00,4.397678,99.95703125
08:00:54,91282CLB5,TSRYS5850286,D,S,T,2024-07-30,1000000.00,4.395616,99.9609375
08:00:54,91282CLB5,TSRYS5850286,D,B,A,2024-07-30,20000000.00,4.395616,99.9609375
08:00:54,91282CLB5,TSRYS5850286,D,S,T,2024-07-30,1000000.00,4.393554,99.96484375
08:00:54,91282CLB5,TSRYS5850286,D,S,T,2024-07-30,2000000.00,4.393554,99.96484375
08:00:54,91282CLB5,TSRYS5850286,D,S,T,2024-07-30,2000000.00,4.393554,99.96484375
08:00:54,91282CLB5,TSRYS5850286,D,S,T,2024-07-30,1000000.00,4.393554,99.96484375
08:00:55,91282CLB5,TSRYS5850286,D,S,D,2024-07-30,4000000.00,4.386338,99.978515625
08:00:55,91282CLB5,TSRYS5850286,D,S,D,2024-07-30,1000000.00,4.387369,99.9765625
08:00:56,91282CLB5,TSRYS5850286,D,S,D,2024-07-30,1000000.00,4.391492,99.96875
08:00:59,91282CLB5,TSRYS5850286,D,B,A,2024-07-30,19242000.00,4.405928,99.94140625
08:00:59,91282CLB5,TSRYS5850286,D,S,T,2024-07-30,1000000.00,4.395616,99.9609375
08:00:59,91282CLB5,TSRYS5850286,D,S,T,2024-07-30,1000000.00,4.395616,99.9609375
08:00:59,91282CLB5,TSRYS5850286,D,S,T,2024-07-30,1000000.00,4.393554,99.96484375
08:00:59,91282CLB5,TSRYS5850286,D,S,T,2024-07-30,1000000.00,4.393554,99.96484375
08:00:59,91282CLB5,TSRYS5850286,D,S,T,2024-07-30,1000000.00,4.395616,99.9609375
08:00:59,91282CLB5,TSRYS5850286,D,S,T,2024-07-30,1000000.00,4.393554,99.96484375
08:00:59,91282CLB5,TSRYS5850286,D,S,T,2024-07-30,1000000.00,4.393554,99.96484375
08:01:00,91282CLB5,TSRYS5850286,D,B,A,2024-07-30,24051000.00,4.395616,99.9609375
08:01:00,91282CLB5,TSRYS5850286,D,S,D,2024-07-30,637000.00,4.393554,99.96484375
08:01:00,91282CLB5,TSRYS5850286,D,S,T,2024-07-30,1000000.00,4.395616,99.9609375
08:01:00,91282CLB5,TSRYS5850286,D,S,D,2024-07-30,1000000.00,4.393554,99.96484375
08:01:00,91282CLB5,TSRYS5850286,D,B,A,2024-07-30,700000.00,4.397501,99.95736625
08:01:00,91282CLB5,TSRYS5850286,D,S,A,2024-07-30,2500000.00,4.391492,99.96875
08:01:00,91282CLB5,TSRYS5850286,D,B,A,2024-07-30,3000000.00,4.391492,99.96875
08:01:00,91282CLB5,TSRYS5850286,D,S,T,2024-07-30,3000000.00,4.401803,99.94921875
08:01:00,91282CLB5,TSRYS5850286,D,S,T,2024-07-30,2000000.00,4.401803,99.94921875
08:01:00,91282CLB5,TSRYS5850286,D,B,A,2024-07-30,3000000.00,4.391492,99.96875
08:01:00,91282CLB5,TSRYS5850286,D,S,T,2024-07-30,1000000.00,4.390461,99.970703125
08:01:00,91282CLB5,TSRYS5850286,D,S,T,2024-07-30,1000000.00,4.395616,99.9609375
08:01:00,91282CLB5,TSRYS5850286,D,S,T,2024-07-30,1000000.00,4.395616,99.9609375
08:01:00,91282CLB5,TSRYS5850286,D,B,A,2024-07-30,4149800.00,4.401803,99.94921875
08:01:00,91282CLB5,TSRYS5850286,D,S,T,2024-07-30,1000000.00,4.395669,99.9608375
08:01:00,91282CLB5,TSRYS5850286,D,S,T,2024-07-30,2000000.00,4.395669,99.9608375
08:01:00,91282CLB5,TSRYS5850286,D,S,T,2024-07-30,1000000.00,4.395669,99.9608375
08:01:00,91282CLB5,TSRYS5850286,D,S,T,2024-07-30,2000000.00,4.395669,99.9608375
08:01:00,91282CLB5,TSRYS5850286,D,S,T,2024-07-30,3000000.00,4.395616,99.9609375
08:01:00,91282CLB5,TSRYS5850286,D,S,T,2024-07-30,1000000.00,4.395616,99.9609375
08:01:00,91282CLB5,TSRYS5850286,D,S,T,2024-07-30,1000000.00,4.395616,99.9609375
08:01:00,91282CLB5,TSRYS5850286,D,S,T,2024-07-30,1000000.00,4.395669,99.9608375
08:01:00,91282CLB5,TSRYS5850286,D,S,T,2024-07-30,2000000.00,4.395669,99.9608375
08:01:00,91282CLB5,TSRYS5850286,D,S,T,2024-07-30,1000000.00,4.395616,99.9609375
08:01:01,91282CLB5,TSRYS5850286,D,S,T,2024-07-30,5000000.00,4.395616,99.9609375
08:01:01,91282CLB5,TSRYS5850286,D,S,D,2024-07-30,1000000.00,4.395616,99.9609375
08:01:01,91282CLB5,TSRYS5850286,D,S,T,2024-07-30,4000000.00,4.395616,99.9609375
08:01:01,91282CLB5,TSRYS5850286,D,S,T,2024-07-30,5000000.00,4.395616,99.9609375
08:01:01,91282CLB5,TSRYS5850286,D,S,D,2024-07-30,1000000.00,4.395616,99.9609375
08:01:01,91282CLB5,TSRYS5850286,D,S,T,2024-07-30,4000000.00,4.395616,99.9609375
08:01:01,91282CLB5,TSRYS5850286,D,S,D,2024-07-30,1000000.00,4.395616,99.9609375
08:01:01,91282CLB5,TSRYS5850286,D,S,D,2024-07-30,1000000.00,4.395616,99.9609375
08:01:01,91282CLB5,TSRYS5850286,D,S,T,2024-07-30,3000000.00,4.395616,99.9609375
08:01:01,91282CLB5,TSRYS5850286,D,S,D,2024-07-30,1000000.00,4.395616,99.9609375
08:01:01,91282CLB5,TSRYS5850286,D,S,T,2024-07-30,4000000.00,4.395616,99.9609375
08:01:01,91282CLB5,TSRYS5850286,D,S,T,2024-07-30,1000000.00,4.391492,99.96875
08:01:01,91282CLB5,TSRYS5850286,D,S,T,2024-07-30,1000000.00,4.395616,99.9609375
08:01:01,91282CLB5,TSRYS5850286,D,S,A,2024-07-30,21000000.00,4.391492,99.96875
08:01:01,91282CLB5,TSRYS5850286,D,S,T,2024-07-30,1000000.00,4.395616,99.9609375
08:01:01,91282CLB5,TSRYS5850286,D,S,T,2024-07-30,1000000.00,4.390461,99.970703125
08:01:01,91282CLB5,TSRYS5850286,D,S,T,2024-07-30,1000000.00,4.390461,99.970703125
08:01:01,91282CLB5,TSRYS5850286,D,S,A,2024-07-30,5000000.00,4.391492,99.96875
08:01:01,91282CLB5,TSRYS5850286,D,S,T,2024-07-30,2000000.00,4.395616,99.9609375
08:01:01,91282CLB5,TSRYS5850286,D,S,T,2024-07-30,8000000.00,4.387369,99.9765625
08:01:01,91282CLB5,TSRYS5850286,D,S,T,2024-07-30,2000000.00,4.387369,99.9765625
08:01:01,91282CLB5,TSRYS5850286,D,S,T,2024-07-30,1000000.00,4.387369,99.9765625
08:01:01,91282CLB5,TSRYS5850286,D,S,T,2024-07-30,1000000.00,4.395616,99.9609375
08:01:01,91282CLB5,TSRYS5850286,D,S,T,2024-07-30,1000000.00,4.390461,99.970703125
08:01:01,91282CLB5,TSRYS5850286,D,S,T,2024-07-30,1000000.00,4.395616,99.9609375
08:01:01,91282CLB5,TSRYS5850286,D,S,T,2024-07-30,1000000.00,4.390461,99.970703125
08:01:01,91282CLB5,TSRYS5850286,D,S,T,2024-07-30,2000000.00,4.395616,99.9609375
08:01:01,91282CLB5,TSRYS5850286,D,S,T,2024-07-30,1000000.00,4.395616,99.9609375
08:01:01,91282CLB5,TSRYS5850286,D,S,T,2024-07-30,1000000.00,4.395616,99.9609375
08:01:01,91282CLB5,TSRYS5850286,D,S,C,2024-07-30,1000000.00,4.402834,99.947265625
08:01:01,91282CLB5,TSRYS5850286,D,S,C,2024-07-30,2000000.00,4.402834,99.947265625
08:01:01,91282CLB5,TSRYS5850286,D,S,C,2024-07-30,2000000.00,4.402834,99.947265625
08:01:01,91282CLB5,TSRYS5850286,D,S,C,2024-07-30,1000000.00,4.402834,99.947265625
08:01:01,91282CLB5,TSRYS5850286,D,S,T,2024-07-30,1000000.00,4.395616,99.9609375
08:01:01,91282CLB5,TSRYS5850286,D,S,C,2024-07-30,1000000.00,4.402834,99.947265625
08:01:01,91282CLB5,TSRYS5850286,D,S,C,2024-07-30,1000000.00,4.402834,99.947265625
08:01:01,91282CLB5,TSRYS5850286,D,S,D,2024-07-30,2000000.00,4.403865,99.9453125
08:01:01,91282CLB5,TSRYS5850286,D,B,C,2024-07-30,5000000.00,4.399741,99.953125
08:01:01,91282CLB5,TSRYS5850286,D,S,D,2024-07-30,5000000.00,4.399741,99.953125
08:01:01,91282CLB5,TSRYS5850286,D,S,D,2024-07-30,5000000.00,4.399741,99.953125
08:01:01,91282CLB5,TSRYS5850286,D,B,C,2024-07-30,3000000.00,4.399741,99.953125
08:01:01,91282CLB5,TSRYS5850286,D,S,D,2024-07-30,4000000.00,4.399741,99.953125
08:01:01,91282CLB5,TSRYS5850286,D,S,D,2024-07-30,3000000.00,4.399741,99.953125
08:01:01,91282CLB5,TSRYS5850286,D,S,D,2024-07-30,1000000.00,4.399741,99.953125
08:01:01,91282CLB5,TSRYS5850286,D,S,D,2024-07-30,4000000.00,4.399741,99.953125
08:01:01,91282CLB5,TSRYS5850286,D,S,D,2024-07-30,4000000.00,4.399741,99.953125
08:01:01,91282CLB5,TSRYS5850286,D,S,D,2024-07-30,2000000.00,4.399741,99.953125
08:01:01,91282CLB5,TSRYS5850286,D,S,D,2024-07-30,4000000.00,4.399741,99.953125
08:01:01,91282CLB5,TSRYS5850286,D,S,D,2024-07-30,4000000.00,4.399741,99.953125
08:01:01,91282CLB5,TSRYS5850286,D,S,D,2024-07-30,2000000.00,4.399741,99.953125
08:01:01,91282CLB5,TSRYS5850286,D,S,D,2024-07-30,4000000.00,4.399741,99.953125
08:01:01,91282CLB5,TSRYS5850286,D,S,D,2024-07-30,3000000.00,4.399741,99.953125
08:01:01,91282CLB5,TSRYS5850286,D,S,D,2024-07-30,1000000.00,4.401803,99.94921875
08:01:02,91282CLB5,TSRYS5850286,D,S,D,2024-07-30,3000000.00,4.401803,99.94921875
08:01:02,91282CLB5,TSRYS5850286,D,B,C,2024-07-30,5000000.00,4.401803,99.94921875
08:01:02,91282CLB5,TSRYS5850286,D,B,C,2024-07-30,3000000.00,4.401803,99.94921875
08:01:02,91282CLB5,TSRYS5850286,D,S,D,2024-07-30,5000000.00,4.401803,99.94921875
08:01:02,91282CLB5,TSRYS5850286,D,S,D,2024-07-30,1000000.00,4.401803,99.94921875
08:01:02,91282CLB5,TSRYS5850286,D,S,C,2024-07-30,2000000.00,4.403865,99.9453125
08:01:02,91282CLB5,TSRYS5850286,D,S,D,2024-07-30,5000000.00,4.400772,99.951171875
08:01:02,91282CLB5,TSRYS5850286,D,B,C,2024-07-30,5000000.00,4.400772,99.951171875
08:01:02,91282CLB5,TSRYS5850286,D,S,D,2024-07-30,3000000.00,4.404897,99.943359375
08:01:02,91282CLB5,TSRYS5850286,D,S,D,2024-07-30,1000000.00,4.403865,99.9453125
08:01:02,91282CLB5,TSRYS5850286,D,S,T,2024-07-30,1000000.00,4.395616,99.9609375
08:01:02,91282CLB5,TSRYS5850286,D,S,T,2024-07-30,1000000.00,4.395616,99.9609375
08:01:02,91282CLB5,TSRYS5850286,D,B,C,2024-07-30,2000000.00,4.403865,99.9453125
08:01:02,91282CLB5,TSRYS5850286,D,S,D,2024-07-30,2000000.00,4.403865,99.9453125
08:01:02,91282CLB5,TSRYS5850286,D,S,D,2024-07-30,2000000.00,4.400772,99.951171875
08:01:02,91282CLB5,TSRYS5850286,D,B,C,2024-07-30,2000000.00,4.400772,99.951171875
08:01:02,91282CLB5,TSRYS5850286,D,S,D,2024-07-30,1000000.00,4.401803,99.94921875
08:01:02,91282CLB5,TSRYS5850286,D,B,C,2024-07-30,6000000.00,4.405928,99.94140625
08:01:02,91282CLB5,TSRYS5850286,D,S,D,2024-07-30,6000000.00,4.405928,99.94140625
08:01:02,91282CLB5,TSRYS5850286,D,S,D,2024-07-30,6000000.00,4.405928,99.94140625
08:01:02,91282CLB5,TSRYS5850286,D,B,C,2024-07-30,1000000.00,4.401803,99.94921875
08:01:02,91282CLB5,TSRYS5850286,D,B,C,2024-07-30,2000000.00,4.401803,99.94921875
08:01:02,91282CLB5,TSRYS5850286,D,B,C,2024-07-30,6000000.00,4.405928,99.94140625
08:01:02,91282CLB5,TSRYS5850286,D,S,C,2024-07-30,1000000.00,4.401803,99.94921875
08:01:02,91282CLB5,TSRYS5850286,D,S,C,2024-07-30,2000000.00,4.401803,99.94921875
08:01:02,91282CLB5,TSRYS5850286,D,S,T,2024-07-30,1000000.00,4.395616,99.9609375
08:01:02,91282CLB5,TSRYS5850286,D,S,C,2024-07-30,1000000.00,4.401803,99.94921875
08:01:02,91282CLB5,TSRYS5850286,D,S,D,2024-07-30,1000000.00,4.395616,99.9609375
08:01:02,91282CLB5,TSRYS5850286,D,B,C,2024-07-30,1000000.00,4.401803,99.94921875
08:01:02,91282CLB5,TSRYS5850286,D,S,C,2024-07-30,10000000.00,4.395616,99.9609375
08:01:02,91282CLB5,TSRYS5850286,D,S,C,2024-07-30,2000000.00,4.397678,99.95703125
08:01:02,91282CLB5,TSRYS5850286,D,S,C,2024-07-30,1000000.00,4.398709,99.955078125
08:01:02,91282CLB5,TSRYS5850286,D,S,D,2024-07-30,2000000.00,4.395616,99.9609375
08:01:02,91282CLB5,TSRYS5850286,D,S,D,2024-07-30,1000000.00,4.393554,99.96484375
08:01:02,91282CLB5,TSRYS5850286,D,B,C,2024-07-30,2000000.00,4.395616,99.9609375
08:01:02,91282CLB5,TSRYS5850286,D,S,D,2024-07-30,1000000.00,4.398709,99.955078125
08:01:02,91282CLB5,TSRYS5850286,D,S,D,2024-07-30,1000000.00,4.398709,99.955078125
08:01:02,91282CLB5,TSRYS5850286,D,B,A,2024-07-30,892000.00,4.399741,99.953125
08:01:02,91282CLB5,TSRYS5850286,D,S,D,2024-07-30,1000000.00,4.398709,99.955078125
08:01:02,91282CLB5,TSRYS5850286,D,S,C,2024-07-30,2000000.00,4.399741,99.953125
08:01:02,91282CLB5,TSRYS5850286,D,S,D,2024-07-30,2000000.00,4.399741,99.953125
08:01:02,91282CLB5,TSRYS5850286,D,S,C,2024-07-30,3000000.00,4.399741,99.953125
08:01:02,91282CLB5,TSRYS5850286,D,S,D,2024-07-30,1000000.00,4.400772,99.951171875
08:01:02,91282CLB5,TSRYS5850286,D,S,D,2024-07-30,1000000.00,4.400772,99.951171875
08:01:02,91282CLB5,TSRYS5850286,D,S,C,2024-07-30,1000000.00,4.397678,99.95703125
08:01:02,91282CLB5,TSRYS5850286,D,S,C,2024-07-30,1000000.00,4.397678,99.95703125
08:01:02,91282CLB5,TSRYS5850286,D,S,D,2024-07-30,1000000.00,4.397678,99.95703125
08:01:02,91282CLB5,TSRYS5850286,D,S,D,2024-07-30,1000000.00,4.399741,99.953125
08:01:02,91282CLB5,TSRYS5850286,D,S,D,2024-07-30,1000000.00,4.399741,99.953125
08:01:02,91282CLB5,TSRYS5850286,D,S,C,2024-07-30,1000000.00,4.399741,99.953125
08:01:02,91282CLB5,TSRYS5850286,D,S,C,2024-07-30,1000000.00,4.399741,99.953125
08:01:02,91282CLB5,TSRYS5850286,D,B,C,2024-07-30,2000000.00,4.397678,99.95703125
08:01:02,91282CLB5,TSRYS5850286,D,S,D,2024-07-30,2000000.00,4.397678,99.95703125
08:01:02,91282CLB5,TSRYS5850286,D,B,C,2024-07-30,1000000.00,4.397678,99.95703125
08:01:02,91282CLB5,TSRYS5850286,D,S,D,2024-07-30,1000000.00,4.397678,99.95703125
08:01:02,91282CLB5,TSRYS5850286,D,B,C,2024-07-30,1000000.00,4.397678,99.95703125
08:01:02,91282CLB5,TSRYS5850286,D,S,D,2024-07-30,1000000.00,4.397678,99.95703125
08:01:02,91282CLB5,TSRYS5850286,D,B,C,2024-07-30,2000000.00,4.397678,99.95703125
08:01:02,91282CLB5,TSRYS5850286,D,S,D,2024-07-30,2000000.00,4.397678,99.95703125
08:01:02,91282CLB5,TSRYS5850286,D,S,C,2024-07-30,1000000.00,4.397678,99.95703125
08:01:02,91282CLB5,TSRYS5850286,D,B,C,2024-07-30,1000000.00,4.397678,99.95703125
08:01:02,91282CLB5,TSRYS5850286,D,S,C,2024-07-30,1000000.00,4.395616,99.9609375
08:01:02,91282CLB5,TSRYS5850286,D,S,D,2024-07-30,1000000.00,4.395616,99.9609375
08:01:02,91282CLB5,TSRYS5850286,D,B,C,2024-07-30,1000000.00,4.393554,99.96484375
08:01:02,91282CLB5,TSRYS5850286,D,S,C,2024-07-30,1000000.00,4.393554,99.96484375
08:01:02,91282CLB5,TSRYS5850286,D,S,C,2024-07-30,2000000.00,4.393554,99.96484375
08:01:02,91282CLB5,TSRYS5850286,D,S,D,2024-07-30,19243000.00,4.441008,99.875
08:01:02,91282CLB5,TSRYS5850286,D,S,D,2024-07-30,19243000.00,4.441008,99.875
08:01:03,91282CLB5,TSRYS5850286,D,S,T,2024-07-30,1000000.00,4.395616,99.9609375
08:01:03,91282CLB5,TSRYS5850286,D,S,D,2024-07-30,24053000.00,4.441008,99.875
08:01:03,91282CLB5,TSRYS5850286,D,S,D,2024-07-30,24053000.00,4.441008,99.875
08:01:03,91282CLB5,TSRYS5850286,D,S,T,2024-07-30,1000000.00,4.395616,99.9609375
08:01:03,91282CLB5,TSRYS5850286,D,S,T,2024-07-30,1000000.00,4.395616,99.9609375
08:01:03,91282CLB5,TSRYS5850286,D,S,T,2024-07-30,2000000.00,4.395616,99.9609375
08:01:03,91282CLB5,TSRYS5850286,D,S,D,2024-07-30,5000000.00,4.390567,99.970503125
08:01:03,91282CLB5,TSRYS5850286,D,S,T,2024-07-30,1000000.00,4.395616,99.9609375
08:01:03,91282CLB5,TSRYS5850286,D,S,T,2024-07-30,1000000.00,4.395616,99.9609375
08:01:03,91282CLB5,TSRYS5850286,D,S,T,2024-07-30,1000000.00,4.395616,99.9609375
08:01:03,91282CLB5,TSRYS5850286,D,S,T,2024-07-30,1000000.00,4.395616,99.9609375
08:01:03,91282CLB5,TSRYS5850286,D,S,T,2024-07-30,1000000.00,4.395616,99.9609375
08:01:03,91282CLB5,TSRYS5850286,D,S,T,2024-07-30,1000000.00,4.395616,99.9609375
08:01:03,91282CLB5,TSRYS5850286,D,S,T,2024-07-30,1000000.00,4.395616,99.9609375
08:01:04,91282CLB5,TSRYS5850286,D,S,T,2024-07-30,1000000.00,4.395616,99.9609375
08:01:04,91282CLB5,TSRYS5850286,D,S,T,2024-07-30,1000000.00,4.395616,99.9609375
08:01:04,91282CLB5,TSRYS5850286,D,S,T,2024-07-30,1000000.00,4.390461,99.970703125
08:01:04,91282CLB5,TSRYS5850286,D,S,T,2024-07-30,1000000.00,4.390461,99.970703125
08:01:04,91282CLB5,TSRYS5850286,D,S,T,2024-07-30,1000000.00,4.390461,99.970703125
08:01:04,91282CLB5,TSRYS5850286,D,S,T,2024-07-30,1000000.00,4.390461,99.970703125
08:01:04,91282CLB5,TSRYS5850286,D,S,T,2024-07-30,1000000.00,4.390461,99.970703125
08:01:04,91282CLB5,TSRYS5850286,D,S,T,2024-07-30,1000000.00,4.390461,99.970703125
08:01:04,91282CLB5,TSRYS5850286,D,S,T,2024-07-30,1000000.00,4.390461,99.970703125
08:01:04,91282CLB5,TSRYS5850286,D,S,T,2024-07-30,1000000.00,4.390461,99.970703125
08:01:04,91282CLB5,TSRYS5850286,D,S,T,2024-07-30,1000000.00,4.390461,99.970703125
08:01:04,91282CLB5,TSRYS5850286,D,S,T,2024-07-30,1000000.00,4.390461,99.970703125
08:01:04,91282CLB5,TSRYS5850286,D,S,T,2024-07-30,1000000.00,4.390461,99.970703125
08:01:05,91282CLB5,TSRYS5850286,D,S,T,2024-07-30,1000000.00,4.390461,99.970703125
08:01:05,91282CLB5,TSRYS5850286,D,S,T,2024-07-30,1000000.00,4.393554,99.96484375
08:01:05,91282CLB5,TSRYS5850286,D,S,T,2024-07-30,5000000.00,4.393554,99.96484375
08:01:05,91282CLB5,TSRYS5850286,D,S,T,2024-07-30,3000000.00,4.393554,99.96484375
08:01:05,91282CLB5,TSRYS5850286,D,S,T,2024-07-30,1000000.00,4.393554,99.96484375
08:01:05,91282CLB5,TSRYS5850286,D,S,T,2024-07-30,1000000.00,4.393554,99.96484375
08:01:05,91282CLB5,TSRYS5850286,D,S,T,2024-07-30,1000000.00,4.393554,99.96484375
08:01:05,91282CLB5,TSRYS5850286,D,S,T,2024-07-30,1000000.00,4.393554,99.96484375
08:01:05,91282CLB5,TSRYS5850286,D,S,T,2024-07-30,1000000.00,4.393554,99.96484375
08:01:05,91282CLB5,TSRYS5850286,D,S,T,2024-07-30,1000000.00,4.391492,99.96875
08:01:05,91282CLB5,TSRYS5850286,D,S,T,2024-07-30,1000000.00,4.391492,99.96875
08:01:05,91282CLB5,TSRYS5850286,D,S,T,2024-07-30,1000000.00,4.391492,99.96875
08:01:05,91282CLB5,TSRYS5850286,D,S,T,2024-07-30,1000000.00,4.391492,99.96875
08:01:05,91282CLB5,TSRYS5850286,D,S,T,2024-07-30,2000000.00,4.391492,99.96875
08:01:05,91282CLB5,TSRYS5850286,D,S,T,2024-07-30,1000000.00,4.391492,99.96875
08:01:06,91282CLB5,TSRYS5850286,D,S,T,2024-07-30,1000000.00,4.391492,99.96875
08:01:06,91282CLB5,TSRYS5850286,D,S,T,2024-07-30,1000000.00,4.391492,99.96875
08:01:06,91282CLB5,TSRYS5850286,D,S,T,2024-07-30,1000000.00,4.390461,99.970703125
08:01:07,91282CLB5,TSRYS5850286,D,S,T,2024-07-30,1000000.00,4.395616,99.9609375
08:01:07,91282CLB5,TSRYS5850286,D,S,T,2024-07-30,1000000.00,4.395616,99.9609375
08:01:07,91282CLB5,TSRYS5850286,D,S,T,2024-07-30,2000000.00,4.395616,99.9609375
08:01:07,91282CLB5,TSRYS5850286,D,S,T,2024-07-30,1000000.00,4.390461,99.970703125
08:01:07,91282CLB5,TSRYS5850286,D,S,T,2024-07-30,2000000.00,4.395616,99.9609375
08:01:07,91282CLB5,TSRYS5850286,D,B,C,2024-07-30,1000000.00,4.398709,99.955078125
08:01:08,91282CLB5,TSRYS5850286,D,S,D,2024-07-30,1000000.00,4.398709,99.955078125
08:01:08,91282CLB5,TSRYS5850286,D,S,C,2024-07-30,2000000.00,4.399741,99.953125
08:01:08,91282CLB5,TSRYS5850286,D,B,C,2024-07-30,2000000.00,4.399741,99.952925
08:01:08,91282CLB5,TSRYS5850286,D,S,C,2024-07-30,1000000.00,4.399741,99.953125
08:01:09,91282CLB5,TSRYS5850286,D,S,C,2024-07-30,1000000.00,4.399741,99.953125
08:01:09,91282CLB5,TSRYS5850286,D,S,C,2024-07-30,1000000.00,4.399741,99.953125
08:01:09,91282CLB5,TSRYS5850286,D,S,C,2024-07-30,3000000.00,4.399741,99.953125
08:01:09,91282CLB5,TSRYS5850286,D,S,T,2024-07-30,1000000.00,4.395616,99.9609375
08:01:09,91282CLB5,TSRYS5850286,D,S,T,2024-07-30,1000000.00,4.391492,99.96875
08:01:09,91282CLB5,TSRYS5850286,D,S,T,2024-07-30,1000000.00,4.391492,99.96875
08:01:09,91282CLB5,TSRYS5850286,D,S,T,2024-07-30,1000000.00,4.391492,99.96875
08:01:09,91282CLB5,TSRYS5850286,D,S,D,2024-07-30,6000000.00,4.399741,99.953125
08:01:09,91282CLB5,TSRYS5850286,D,S,D,2024-07-30,2000000.00,4.402834,99.947265625
08:01:09,91282CLB5,TSRYS5850286,D,S,D,2024-07-30,3000000.00,4.399741,99.953125
08:01:09,91282CLB5,TSRYS5850286,D,S,D,2024-07-30,4000000.00,4.399741,99.953125
08:01:09,91282CLB5,TSRYS5850286,D,S,D,2024-07-30,4000000.00,4.399741,99.953125
08:01:09,91282CLB5,TSRYS5850286,D,S,T,2024-07-30,1000000.00,4.391492,99.96875
08:01:09,91282CLB5,TSRYS5850286,D,S,T,2024-07-30,1000000.00,4.391492,99.96875
08:01:09,91282CLB5,TSRYS5850286,D,S,T,2024-07-30,2000000.00,4.391492,99.96875
08:01:09,91282CLB5,TSRYS5850286,D,S,D,2024-07-30,1000000.00,4.399741,99.953125
08:01:09,91282CLB5,TSRYS5850286,D,S,D,2024-07-30,4000000.00,4.399741,99.953125
08:01:09,91282CLB5,TSRYS5850286,D,S,T,2024-07-30,1000000.00,4.391492,99.96875
08:01:09,91282CLB5,TSRYS5850286,D,S,T,2024-07-30,1000000.00,4.402887,99.947165625
08:01:09,91282CLB5,TSRYS5850286,D,S,T,2024-07-30,2000000.00,4.402887,99.947165625
08:01:09,91282CLB5,TSRYS5850286,D,S,T,2024-07-30,2000000.00,4.402887,99.947165625
08:01:09,91282CLB5,TSRYS5850286,D,S,T,2024-07-30,1000000.00,4.391492,99.96875
08:01:09,91282CLB5,TSRYS5850286,D,S,T,2024-07-30,1000000.00,4.391492,99.96875
08:01:09,91282CLB5,TSRYS5850286,D,S,T,2024-07-30,1000000.00,4.391492,99.96875
08:01:09,91282CLB5,TSRYS5850286,D,S,T,2024-07-30,1000000.00,4.391492,99.96875
08:01:09,91282CLB5,TSRYS5850286,D,S,T,2024-07-30,1000000.00,4.391492,99.96875
08:01:09,91282CLB5,TSRYS5850286,D,S,T,2024-07-30,1000000.00,4.391492,99.96875
08:01:09,91282CLB5,TSRYS5850286,D,S,D,2024-07-30,4000000.00,4.399741,99.953125
08:01:09,91282CLB5,TSRYS5850286,D,S,D,2024-07-30,1000000.00,4.399741,99.953125
08:01:09,91282CLB5,TSRYS5850286,D,S,D,2024-07-30,4000000.00,4.399741,99.953125
08:01:09,91282CLB5,TSRYS5850286,D,S,D,2024-07-30,4000000.00,4.399741,99.953125
08:01:09,91282CLB5,TSRYS5850286,D,S,D,2024-07-30,4000000.00,4.399741,99.953125
08:01:10,91282CLB5,TSRYS5850286,D,S,D,2024-07-30,1000000.00,4.399741,99.953125
08:01:10,91282CLB5,TSRYS5850286,D,S,C,2024-07-30,1000000.00,4.399741,99.953125
08:01:10,91282CLB5,TSRYS5850286,D,S,C,2024-07-30,1000000.00,4.399741,99.953125
08:01:10,91282CLB5,TSRYS5850286,D,S,C,2024-07-30,1000000.00,4.399741,99.953125
08:01:10,91282CLB5,TSRYS5850286,D,S,C,2024-07-30,1000000.00,4.399741,99.953125
08:01:10,91282CLB5,TSRYS5850286,D,S,T,2024-07-30,2000000.00,4.402834,99.947265625
08:01:10,91282CLB5,TSRYS5850286,D,S,A,2024-07-30,628300.00,4.397678,99.95703125
08:01:10,91282CLB5,TSRYS5850286,D,S,T,2024-07-30,1000000.00,4.402834,99.947265625
08:01:10,91282CLB5,TSRYS5850286,D,S,C,2024-07-30,1000000.00,4.400772,99.951171875
08:01:10,91282CLB5,TSRYS5850286,D,S,C,2024-07-30,1000000.00,4.400772,99.951171875
08:01:10,91282CLB5,TSRYS5850286,D,B,C,2024-07-30,1000000.00,4.400772,99.951171875
08:01:10,91282CLB5,TSRYS5850286,D,B,C,2024-07-30,1000000.00,4.400772,99.951171875
08:01:10,91282CLB5,TSRYS5850286,D,S,C,2024-07-30,1000000.00,4.400772,99.951171875
08:01:10,91282CLB5,TSRYS5850286,D,S,T,2024-07-30,1000000.00,4.395616,99.9609375
08:01:10,91282CLB5,TSRYS5850286,D,S,T,2024-07-30,1000000.00,4.395616,99.9609375
08:01:11,91282CLB5,TSRYS5850286,D,B,C,2024-07-30,1000000.00,4.401803,99.94921875
08:01:11,91282CLB5,TSRYS5850286,D,S,C,2024-07-30,1000000.00,4.401803,99.94921875
08:01:11,91282CLB5,TSRYS5850286,D,S,C,2024-07-30,1000000.00,4.401803,99.94921875
08:01:11,91282CLB5,TSRYS5850286,D,S,C,2024-07-30,1000000.00,4.401803,99.94921875
08:01:11,91282CLB5,TSRYS5850286,D,S,C,2024-07-30,2000000.00,4.401803,99.94921875
08:01:11,91282CLB5,TSRYS5850286,D,S,C,2024-07-30,1000000.00,4.401803,99.94921875
08:01:11,91282CLB5,TSRYS5850286,D,S,D,2024-07-30,2000000.00,4.402834,99.947265625
08:01:11,91282CLB5,TSRYS5850286,D,S,C,2024-07-30,1000000.00,4.402834,99.947265625
08:01:11,91282CLB5,TSRYS5850286,D,S,D,2024-07-30,1000000.00,4.402834,99.947265625
08:01:12,91282CLB5,TSRYS5850286,D,S,T,2024-07-30,1000000.00,4.391612,99.968523
08:01:12,91282CLB5,TSRYS5850286,D,S,T,2024-07-30,3000000.00,4.391612,99.968523
08:01:12,91282CLB5,TSRYS5850286,D,S,T,2024-07-30,1000000.00,4.391612,99.968523
08:01:12,91282CLB5,TSRYS5850286,D,S,T,2024-07-30,1000000.00,4.391612,99.968523
08:01:12,91282CLB5,TSRYS5850286,D,S,T,2024-07-30,1000000.00,4.395616,99.9609375
08:01:13,91282CLB5,TSRYS5850286,D,B,A,2024-07-30,1655000.00,4.399741,99.953125
08:01:13,91282CLB5,TSRYS5850286,D,S,A,2024-07-30,3000000.00,4.397678,99.95703125
08:01:14,91282CLB5,TSRYS5850286,D,S,D,2024-07-30,14450000.00,4.441008,99.875
08:01:14,91282CLB5,TSRYS5850286,D,S,D,2024-07-30,72200000.00,4.441008,99.875
08:01:14,91282CLB5,TSRYS5850286,D,B,A,2024-07-30,998000.00,4.395616,99.9609375
08:01:15,91282CLB5,TSRYS5850286,D,S,D,2024-07-30,9600000.00,4.441008,99.875
08:01:15,91282CLB5,TSRYS5850286,D,S,D,2024-07-30,9650000.00,4.441008,99.875
08:01:15,91282CLB5,TSRYS5850286,D,S,D,2024-07-30,5750000.00,4.441008,99.875
08:01:15,91282CLB5,TSRYS5850286,D,S,D,2024-07-30,9600000.00,4.441008,99.875
08:01:15,91282CLB5,TSRYS5850286,D,S,D,2024-07-30,9650000.00,4.441008,99.875
08:01:15,91282CLB5,TSRYS5850286,D,S,D,2024-07-30,1000000.00,4.402834,99.947265625
08:01:15,91282CLB5,TSRYS5850286,D,S,D,2024-07-30,1000000.00,4.402834,99.947265625
08:01:15,91282CLB5,TSRYS5850286,D,B,C,2024-07-30,2000000.00,4.403865,99.9453125
08:01:15,91282CLB5,TSRYS5850286,D,S,C,2024-07-30,2000000.00,4.403865,99.9453125
08:01:15,91282CLB5,TSRYS5850286,D,S,D,2024-07-30,1000000.00,4.402834,99.947265625
08:01:15,91282CLB5,TSRYS5850286,D,S,D,2024-07-30,1000000.00,4.402834,99.947265625
08:01:15,91282CLB5,TSRYS5850286,D,S,D,2024-07-30,9600000.00,4.441008,99.875
08:01:15,91282CLB5,TSRYS5850286,D,S,D,2024-07-30,4800000.00,4.441008,99.875
08:01:16,91282CLB5,TSRYS5850286,D,S,T,2024-07-30,1000000.00,4.399741,99.953125
08:01:16,91282CLB5,TSRYS5850286,D,S,T,2024-07-30,2000000.00,4.399741,99.953125
08:01:16,91282CLB5,TSRYS5850286,D,S,D,2024-07-30,1000000.00,4.404897,99.943359375
08:01:16,91282CLB5,TSRYS5850286,D,S,D,2024-07-30,1000000.00,4.403865,99.9453125
08:01:16,91282CLB5,TSRYS5850286,D,S,D,2024-07-30,1000000.00,4.403865,99.9453125
08:01:16,91282CLB5,TSRYS5850286,D,S,D,2024-07-30,2000000.00,4.403865,99.9453125
08:01:16,91282CLB5,TSRYS5850286,D,B,C,2024-07-30,1000000.00,4.403865,99.9453125
08:01:16,91282CLB5,TSRYS5850286,D,S,D,2024-07-30,1000000.00,4.403865,99.9453125
08:01:16,91282CLB5,TSRYS5850286,D,S,D,2024-07-30,2000000.00,4.401803,99.94921875
08:01:16,91282CLB5,TSRYS5850286,D,S,D,2024-07-30,2000000.00,4.401803,99.94921875
08:01:17,91282CLB5,TSRYS5850286,D,S,T,2024-07-30,1000000.00,4.399741,99.953125
08:01:17,91282CLB5,TSRYS5850286,D,B,A,2024-07-30,17708000.00,4.420369,99.9140625
08:01:17,91282CLB5,TSRYS5850286,D,S,T,2024-07-30,1000000.00,4.399741,99.953125
08:01:17,91282CLB5,TSRYS5850286,D,S,C,2024-07-30,201000000.00,4.399741,99.953125
08:01:17,91282CLB5,TSRYS5850286,D,S,T,2024-07-30,1000000.00,4.399741,99.953125
08:01:17,91282CLB5,TSRYS5850286,D,S,T,2024-07-30,1000000.00,4.399741,99.953125
08:01:17,91282CLB5,TSRYS5850286,D,B,C,2024-07-30,1000000.00,4.403865,99.9453125
08:01:17,91282CLB5,TSRYS5850286,D,S,C,2024-07-30,1000000.00,4.403865,99.9455125
08:01:17,91282CLB5,TSRYS5850286,D,S,D,2024-07-30,2000000.00,4.403865,99.9453125
08:01:17,91282CLB5,TSRYS5850286,D,S,T,2024-07-30,1000000.00,4.399741,99.953125
08:01:17,91282CLB5,TSRYS5850286,D,S,C,2024-07-30,8000000.00,4.403865,99.9453125
08:01:17,91282CLB5,TSRYS5850286,D,S,T,2024-07-30,1000000.00,4.399741,99.953125
08:01:17,91282CLB5,TSRYS5850286,D,S,T,2024-07-30,1000000.00,4.399741,99.953125
08:01:17,91282CLB5,TSRYS5850286,D,S,T,2024-07-30,1000000.00,4.399741,99.953125
08:01:17,91282CLB5,TSRYS5850286,D,S,T,2024-07-30,1000000.00,4.399741,99.953125
08:01:17,91282CLB5,TSRYS5850286,D,S,T,2024-07-30,1000000.00,4.399741,99.953125
08:01:17,91282CLB5,TSRYS5850286,D,S,C,2024-07-30,50000000.00,4.399585,99.95342
08:01:18,91282CLB5,TSRYS5850286,D,S,T,2024-07-30,3000000.00,4.402834,99.94726562
08:01:18,91282CLB5,TSRYS5850286,D,S,T,2024-07-30,3000000.00,4.402834,99.94726562
08:01:18,91282CLB5,TSRYS5850286,D,B,C,2024-07-30,7000000.00,4.403865,99.9453125
08:01:18,91282CLB5,TSRYS5850286,D,B,C,2024-07-30,9000000.00,4.403865,99.9453125
08:01:18,91282CLB5,TSRYS5850286,D,B,C,2024-07-30,1000000.00,4.393554,99.96484375
08:01:18,91282CLB5,TSRYS5850286,D,S,C,2024-07-30,1000000.00,4.393554,99.96484375
08:01:18,91282CLB5,TSRYS5850286,D,B,C,2024-07-30,2000000.00,4.393554,99.96484375
08:01:18,91282CLB5,TSRYS5850286,D,S,D,2024-07-30,2000000.00,4.393554,99.96484375
08:01:18,91282CLB5,TSRYS5850286,D,S,C,2024-07-30,1000000.00,4.393554,99.96484375
08:01:18,91282CLB5,TSRYS5850286,D,B,C,2024-07-30,1000000.00,4.405928,99.94140625
08:01:18,91282CLB5,TSRYS5850286,D,S,C,2024-07-30,1000000.00,4.405928,99.94160625
08:01:18,91282CLB5,TSRYS5850286,D,S,C,2024-07-30,1000000.00,4.393554,99.96484375
08:01:18,91282CLB5,TSRYS5850286,D,S,D,2024-07-30,1000000.00,4.392523,99.966796875
08:01:18,91282CLB5,TSRYS5850286,D,S,D,2024-07-30,1000000.00,4.392523,99.966796875
08:01:18,91282CLB5,TSRYS5850286,D,S,D,2024-07-30,1000000.00,4.392523,99.966796875
08:01:18,91282CLB5,TSRYS5850286,D,S,C,2024-07-30,1000000.00,4.392523,99.966796875
08:01:18,91282CLB5,TSRYS5850286,D,S,C,2024-07-30,1000000.00,4.392523,99.966796875
08:01:18,91282CLB5,TSRYS5850286,D,S,C,2024-07-30,1000000.00,4.392523,99.966796875
08:01:18,91282CLB5,TSRYS5850286,D,S,C,2024-07-30,1000000.00,4.392523,99.966796875
08:01:18,91282CLB5,TSRYS5850286,D,S,C,2024-07-30,1000000.00,4.392523,99.966796875
08:01:18,91282CLB5,TSRYS5850286,D,S,C,2024-07-30,1000000.00,4.392523,99.966796875
08:01:18,91282CLB5,TSRYS5850286,D,S,D,2024-07-30,1000000.00,4.392523,99.966796875
08:01:18,91282CLB5,TSRYS5850286,D,S,D,2024-07-30,1000000.00,4.392523,99.966796875
08:01:18,91282CLB5,TSRYS5850286,D,S,D,2024-07-30,1000000.00,4.392523,99.966796875
08:01:18,91282CLB5,TSRYS5850286,D,S,D,2024-07-30,1000000.00,4.392523,99.966796875
08:01:18,91282CLB5,TSRYS5850286,D,S,D,2024-07-30,1000000.00,4.392523,99.966796875
08:01:18,91282CLB5,TSRYS5850286,D,S,D,2024-07-30,1000000.00,4.390461,99.970703125
08:01:18,91282CLB5,TSRYS5850286,D,B,C,2024-07-30,2000000.00,4.390461,99.970703125
08:01:18,91282CLB5,TSRYS5850286,D,S,D,2024-07-30,2000000.00,4.390461,99.970703125
08:01:18,91282CLB5,TSRYS5850286,D,S,D,2024-07-30,1000000.00,4.391492,99.96875
08:01:19,91282CLB5,TSRYS5850286,D,B,C,2024-07-30,2000000.00,4.391492,99.96875
08:01:19,91282CLB5,TSRYS5850286,D,S,D,2024-07-30,2000000.00,4.391492,99.96875
08:01:19,91282CLB5,TSRYS5850286,D,S,D,2024-07-30,1000000.00,4.391492,99.96875
08:01:19,91282CLB5,TSRYS5850286,D,B,C,2024-07-30,3000000.00,4.391492,99.96875
08:01:19,91282CLB5,TSRYS5850286,D,S,D,2024-07-30,3000000.00,4.391492,99.96875
08:01:19,91282CLB5,TSRYS5850286,D,S,D,2024-07-30,1000000.00,4.391492,99.96875
08:01:19,91282CLB5,TSRYS5850286,D,S,C,2024-07-30,1000000.00,4.391492,99.96875
08:01:19,91282CLB5,TSRYS5850286,D,S,C,2024-07-30,4000000.00,4.391492,99.96875
08:01:19,91282CLB5,TSRYS5850286,D,S,C,2024-07-30,4000000.00,4.391492,99.96875
08:01:19,91282CLB5,TSRYS5850286,D,S,C,2024-07-30,2000000.00,4.391492,99.96875
08:01:19,91282CLB5,TSRYS5850286,D,B,C,2024-07-30,3000000.00,4.391492,99.96875
08:01:19,91282CLB5,TSRYS5850286,D,S,C,2024-07-30,3000000.00,4.391492,99.96875
08:01:19,91282CLB5,TSRYS5850286,D,S,D,2024-07-30,2000000.00,4.391492,99.96875
08:01:19,91282CLB5,TSRYS5850286,D,S,D,2024-07-30,2000000.00,4.391492,99.96875
08:01:19,91282CLB5,TSRYS5850286,D,S,D,2024-07-30,1000000.00,4.391492,99.96875
08:01:19,91282CLB5,TSRYS5850286,D,B,C,2024-07-30,1000000.00,4.391492,99.96875
08:01:19,91282CLB5,TSRYS5850286,D,S,D,2024-07-30,1000000.00,4.391492,99.96875
08:01:19,91282CLB5,TSRYS5850286,D,B,C,2024-07-30,2000000.00,4.391492,99.96875
08:01:19,91282CLB5,TSRYS5850286,D,S,D,2024-07-30,2000000.00,4.391492,99.96875
08:01:19,91282CLB5,TSRYS5850286,D,S,C,2024-07-30,1000000.00,4.391492,99.96875
08:01:19,91282CLB5,TSRYS5850286,D,B,A,2024-07-30,1410000.00,4.403865,99.9453125
08:01:19,91282CLB5,TSRYS5850286,D,S,T,2024-07-30,1000000.00,4.402834,99.947265625
08:01:19,91282CLB5,TSRYS5850286,D,B,C,2024-07-30,1000000.00,4.391492,99.96875
08:01:19,91282CLB5,TSRYS5850286,D,S,D,2024-07-30,2000000.00,4.391492,99.96875
08:01:19,91282CLB5,TSRYS5850286,D,S,C,2024-07-30,4000000.00,4.391492,99.96875
08:01:19,91282CLB5,TSRYS5850286,D,S,C,2024-07-30,1000000.00,4.391492,99.96875
08:01:19,91282CLB5,TSRYS5850286,D,S,D,2024-07-30,5000000.00,4.391492,99.96875
08:01:19,91282CLB5,TSRYS5850286,D,S,T,2024-07-30,1000000.00,4.390461,99.970703125
08:01:19,91282CLB5,TSRYS5850286,D,S,C,2024-07-30,2000000.00,4.391492,99.96875
08:01:19,91282CLB5,TSRYS5850286,D,S,D,2024-07-30,1000000.00,4.394585,99.96289062
08:01:19,91282CLB5,TSRYS5850286,D,S,D,2024-07-30,1000000.00,4.394585,99.96289062
08:01:19,91282CLB5,TSRYS5850286,D,S,D,2024-07-30,1000000.00,4.394585,99.96289062
08:01:20,91282CLB5,TSRYS5850286,D,S,D,2024-07-30,7000000.00,4.391492,99.96875
08:01:20,91282CLB5,TSRYS5850286,D,S,C,2024-07-30,3000000.00,4.391492,99.96875
08:01:20,91282CLB5,TSRYS5850286,D,S,D,2024-07-30,1000000.00,4.391492,99.96875
08:01:20,91282CLB5,TSRYS5850286,D,S,D,2024-07-30,10000000.00,4.391492,99.96875
08:01:20,91282CLB5,TSRYS5850286,D,S,D,2024-07-30,1000000.00,4.391492,99.96875
08:01:20,91282CLB5,TSRYS5850286,D,S,C,2024-07-30,1000000.00,4.391492,99.96875
08:01:20,91282CLB5,TSRYS5850286,D,S,D,2024-07-30,1000000.00,4.391492,99.96875
08:01:20,91282CLB5,TSRYS5850286,D,S,C,2024-07-30,1000000.00,4.391492,99.96875
08:01:20,91282CLB5,TSRYS5850286,D,S,D,2024-07-30,1000000.00,4.391492,99.96875
08:01:20,91282CLB5,TSRYS5850286,D,S,D,2024-07-30,1000000.00,4.391492,99.96875
08:01:20,91282CLB5,TSRYS5850286,D,S,D,2024-07-30,1000000.00,4.391492,99.96875
