tradeTime,cusip,issueSymbolIdentifier,priceType,reportingSideCode,contraPartyTypeCode,tradeDate,reportedTradeVolume,lastSaleYield,lastSalePrice
08:00:03,91282CKY6,TSRYS5833261,D,S,D,2024-07-03,2000000.00,4.737136,99.7890625
08:00:03,91282CKY6,TSRYS5833261,D,S,T,2024-07-03,2000000.00,4.737136,99.7890625
08:00:03,91282CKY6,TSRYS5833261,D,S,D,2024-07-03,1000000.00,4.737136,99.7890625
08:00:03,91282CKY6,TSRYS5833261,D,S,T,2024-07-03,1000000.00,4.737136,99.7890625
08:00:03,91282CKY6,TSRYS5833261,D,S,D,2024-07-03,2000000.00,4.756961,99.751953125
08:00:07,91282CKY6,TSRYS5833261,D,S,D,2024-07-03,2000000.00,4.754873,99.755859375
08:00:07,91282CKY6,TSRYS5833261,D,S,D,2024-07-03,1000000.00,4.752786,99.759765625
08:00:07,91282CKY6,TSRYS5833261,D,S,D,2024-07-03,2000000.00,4.751743,99.76171875
08:00:07,91282CKY6,TSRYS5833261,D,S,D,2024-07-03,2000000.00,4.751743,99.76171875
08:00:07,91282CKY6,TSRYS5833261,D,S,T,2024-07-03,1000000.00,4.751743,99.76171875
08:00:07,91282CKY6,TSRYS5833261,D,S,D,2024-07-03,1000000.00,4.751743,99.76171875
08:00:07,91282CKY6,TSRYS5833261,D,S,T,2024-07-03,4000000.00,4.749656,99.765625
08:00:07,91282CKY6,TSRYS5833261,D,S,D,2024-07-03,1000000.00,4.752786,99.759765625
08:00:07,91282CKY6,TSRYS5833261,D,S,D,2024-07-03,2000000.00,4.752786,99.759765625
08:00:07,91282CKY6,TSRYS5833261,D,S,D,2024-07-03,3000000.00,4.752786,99.759765625
08:00:07,91282CKY6,TSRYS5833261,D,S,D,2024-07-03,3000000.00,4.752786,99.759765625
08:00:07,91282CKY6,TSRYS5833261,D,S,D,2024-07-03,3000000.00,4.752786,99.759765625
08:00:07,91282CKY6,TSRYS5833261,D,S,D,2024-07-03,3000000.00,4.752786,99.759765625
08:00:07,91282CKY6,TSRYS5833261,D,S,T,2024-07-03,1000000.00,4.752786,99.759765625
08:00:07,91282CKY6,TSRYS5833261,D,S,D,2024-07-03,2000000.00,4.752786,99.759765625
08:00:07,91282CKY6,TSRYS5833261,D,S,D,2024-07-03,3000000.00,4.752786,99.759765625
08:00:07,91282CKY6,TSRYS5833261,D,S,T,2024-07-03,1000000.00,4.752786,99.759765625
08:00:07,91282CKY6,TSRYS5833261,D,S,D,2024-07-03,2000000.00,4.752786,99.759765625
08:00:07,91282CKY6,TSRYS5833261,D,S,T,2024-07-03,2000000.00,4.752786,99.759765625
08:00:07,91282CKY6,TSRYS5833261,D,S,D,2024-07-03,1000000.00,4.752786,99.759765625
08:00:07,91282CKY6,TSRYS5833261,D,S,D,2024-07-03,3000000.00,4.752786,99.759765625
08:00:07,91282CKY6,TSRYS5833261,D,S,T,2024-07-03,2000000.00,4.752786,99.759765625
08:00:07,91282CKY6,TSRYS5833261,D,S,T,2024-07-03,1000000.00,4.752786,99.759765625
08:00:07,91282CKY6,TSRYS5833261,D,S,D,2024-07-03,2000000.00,4.752786,99.759765625
08:00:07,91282CKY6,TSRYS5833261,D,S,T,2024-07-03,1000000.00,4.752786,99.759765625
08:00:07,91282CKY6,TSRYS5833261,D,S,D,2024-07-03,1000000.00,4.752786,99.759765625
08:00:07,91282CKY6,TSRYS5833261,D,S,T,2024-07-03,1000000.00,4.752786,99.759765625
08:00:07,91282CKY6,TSRYS5833261,D,S,D,2024-07-03,2000000.00,4.752786,99.759765625
08:00:07,91282CKY6,TSRYS5833261,D,S,T,2024-07-03,3000000.00,4.752786,99.759765625
08:00:07,91282CKY6,TSRYS5833261,D,S,T,2024-07-03,3000000.00,4.752786,99.759765625
08:00:07,91282CKY6,TSRYS5833261,D,S,D,2024-07-03,3000000.00,4.752786,99.759765625
08:00:07,91282CKY6,TSRYS5833261,D,S,D,2024-07-03,2000000.00,4.752786,99.759765625
08:00:07,91282CKY6,TSRYS5833261,D,S,D,2024-07-03,1000000.00,4.752786,99.759765625
08:00:07,91282CKY6,TSRYS5833261,D,S,D,2024-07-03,3000000.00,4.752786,99.759765625
08:00:07,91282CKY6,TSRYS5833261,D,S,D,2024-07-03,2000000.00,4.752786,99.759765625
08:00:07,91282CKY6,TSRYS5833261,D,S,D,2024-07-03,1000000.00,4.752786,99.759765625
08:00:07,91282CKY6,TSRYS5833261,D,S,D,2024-07-03,3000000.00,4.752786,99.759765625
08:00:07,91282CKY6,TSRYS5833261,D,S,D,2024-07-03,3000000.00,4.752786,99.759765625
08:00:07,91282CKY6,TSRYS5833261,D,S,D,2024-07-03,2000000.00,4.752786,99.759765625
08:00:07,91282CKY6,TSRYS5833261,D,S,D,2024-07-03,3000000.00,4.752786,99.759765625
08:00:07,91282CKY6,TSRYS5833261,D,S,D,2024-07-03,3000000.00,4.752786,99.759765625
08:00:07,91282CKY6,TSRYS5833261,D,S,D,2024-07-03,3000000.00,4.752786,99.759765625
08:00:07,91282CKY6,TSRYS5833261,D,S,D,2024-07-03,3000000.00,4.752786,99.759765625
08:00:07,91282CKY6,TSRYS5833261,D,S,D,2024-07-03,3000000.00,4.752786,99.759765625
08:00:07,91282CKY6,TSRYS5833261,D,S,D,2024-07-03,3000000.00,4.752786,99.759765625
08:00:07,91282CKY6,TSRYS5833261,D,S,D,2024-07-03,3000000.00,4.752786,99.759765625
08:00:07,91282CKY6,TSRYS5833261,D,S,D,2024-07-03,1000000.00,4.752786,99.759765625
08:00:07,91282CKY6,TSRYS5833261,D,S,T,2024-07-03,4000000.00,4.750699,99.763671875
08:00:07,91282CKY6,TSRYS5833261,D,S,T,2024-07-03,1000000.00,4.750699,99.763671875
08:00:07,91282CKY6,TSRYS5833261,D,S,D,2024-07-03,5000000.00,4.755917,99.75390625
08:00:07,91282CKY6,TSRYS5833261,D,S,T,2024-07-03,1000000.00,4.758004,99.75
08:00:07,91282CKY6,TSRYS5833261,D,S,D,2024-07-03,1000000.00,4.760092,99.74609375
08:00:07,91282CKY6,TSRYS5833261,D,S,D,2024-07-03,1000000.00,4.760092,99.74609375
08:00:07,91282CKY6,TSRYS5833261,D,S,T,2024-07-03,1000000.00,4.760092,99.74609375
08:00:07,91282CKY6,TSRYS5833261,D,S,T,2024-07-03,1000000.00,4.760092,99.74609375
08:00:07,91282CKY6,TSRYS5833261,D,S,T,2024-07-03,1000000.00,4.763223,99.740234375
08:00:07,91282CKY6,TSRYS5833261,D,S,T,2024-07-03,7000000.00,4.762179,99.7421875
08:00:07,91282CKY6,TSRYS5833261,D,S,T,2024-07-03,4000000.00,4.762179,99.7421875
08:00:07,91282CKY6,TSRYS5833261,D,S,T,2024-07-03,4000000.00,4.762179,99.7421875
08:00:07,91282CKY6,TSRYS5833261,D,S,T,2024-07-03,1000000.00,4.762179,99.7421875
08:00:07,91282CKY6,TSRYS5833261,D,S,T,2024-07-03,4000000.00,4.762179,99.7421875
08:00:07,91282CKY6,TSRYS5833261,D,S,T,2024-07-03,4000000.00,4.762179,99.7421875
08:00:07,91282CKY6,TSRYS5833261,D,S,T,2024-07-03,4000000.00,4.762179,99.7421875
08:00:07,91282CKY6,TSRYS5833261,D,S,T,2024-07-03,4000000.00,4.762179,99.7421875
08:00:07,91282CKY6,TSRYS5833261,D,S,T,2024-07-03,4000000.00,4.762179,99.7421875
08:00:07,91282CKY6,TSRYS5833261,D,S,D,2024-07-03,1000000.00,4.764267,99.73828125
08:00:07,91282CKY6,TSRYS5833261,D,B,C,2024-07-03,1000000.00,4.767398,99.732421875
08:00:07,91282CKY6,TSRYS5833261,D,B,C,2024-07-03,1000000.00,4.767398,99.732421875
08:00:07,91282CKY6,TSRYS5833261,D,B,C,2024-07-03,2000000.00,4.768442,99.73046875
08:00:07,91282CKY6,TSRYS5833261,D,B,C,2024-07-03,1000000.00,4.768442,99.73046875
08:00:07,91282CKY6,TSRYS5833261,D,S,D,2024-07-03,2000000.00,4.765311,99.736328125
08:00:07,91282CKY6,TSRYS5833261,D,B,C,2024-07-03,1000000.00,4.766354,99.734375
08:00:07,91282CKY6,TSRYS5833261,D,B,C,2024-07-03,1000000.00,4.768442,99.73046875
08:00:07,91282CKY6,TSRYS5833261,D,S,T,2024-07-03,1000000.00,4.75383,99.7578125
08:00:07,91282CKY6,TSRYS5833261,D,S,T,2024-07-03,1000000.00,4.75383,99.7578125
08:00:07,91282CKY6,TSRYS5833261,D,S,T,2024-07-03,1000000.00,4.75383,99.7578125
08:00:07,91282CKY6,TSRYS5833261,D,S,T,2024-07-03,1000000.00,4.764267,99.73828125
08:00:07,91282CKY6,TSRYS5833261,D,B,A,2024-07-03,1000000.00,4.741309,99.78125
08:00:07,91282CKY6,TSRYS5833261,D,S,A,2024-07-03,550000.00,4.743396,99.77734375
08:00:07,91282CKY6,TSRYS5833261,D,S,A,2024-07-03,305000.00,4.743396,99.77734375
08:00:07,91282CKY6,TSRYS5833261,D,B,A,2024-07-03,400000.00,4.747569,99.76953125
08:00:07,91282CKY6,TSRYS5833261,D,S,T,2024-07-03,1000000.00,4.745482,99.7734375
08:00:07,91282CKY6,TSRYS5833261,D,S,A,2024-07-03,1451000.00,4.745482,99.7734375
08:00:07,91282CKY6,TSRYS5833261,D,B,A,2024-07-03,210000.00,4.745482,99.7734375
08:00:08,91282CKY6,TSRYS5833261,D,S,T,2024-07-03,1000000.00,4.749656,99.765625
08:00:08,91282CKY6,TSRYS5833261,D,S,T,2024-07-03,1000000.00,4.749656,99.765625
08:00:08,91282CKY6,TSRYS5833261,D,B,A,2024-07-03,3696000.00,4.751743,99.76171875
08:00:08,91282CKY6,TSRYS5833261,D,B,A,2024-07-03,3696000.00,4.751743,99.76171875
08:00:08,91282CKY6,TSRYS5833261,D,S,T,2024-07-03,1000000.00,4.749656,99.765625
08:00:08,91282CKY6,TSRYS5833261,D,S,T,2024-07-03,1000000.00,4.749656,99.765625
08:00:11,91282CKY6,TSRYS5833261,D,S,D,2024-07-03,1000000.00,4.739223,99.78515625
08:00:12,91282CKY6,TSRYS5833261,D,S,A,2024-07-03,165000.00,4.743396,99.77734375
08:00:12,91282CKY6,TSRYS5833261,D,B,A,2024-07-03,165000.00,4.745482,99.7734375
08:00:12,91282CKY6,TSRYS5833261,D,S,A,2024-07-03,2000000.00,4.743396,99.77734375
08:00:13,91282CKY6,TSRYS5833261,D,B,A,2024-07-03,900000.00,4.747569,99.76953125
08:00:13,91282CKY6,TSRYS5833261,D,S,T,2024-07-03,1000000.00,4.749656,99.765625
08:00:14,91282CKY6,TSRYS5833261,D,S,T,2024-07-03,1000000.00,4.749656,99.765625
08:00:14,91282CKY6,TSRYS5833261,D,S,T,2024-07-03,1000000.00,4.739223,99.78515625
08:00:14,91282CKY6,TSRYS5833261,D,S,T,2024-07-03,2000000.00,4.741309,99.78125
08:00:14,91282CKY6,TSRYS5833261,D,S,T,2024-07-03,1000000.00,4.741309,99.78125
08:00:14,91282CKY6,TSRYS5833261,D,S,T,2024-07-03,1000000.00,4.746526,99.771484375
08:00:14,91282CKY6,TSRYS5833261,D,S,T,2024-07-03,1000000.00,4.746526,99.771484375
08:00:14,91282CKY6,TSRYS5833261,D,S,T,2024-07-03,1000000.00,4.745482,99.7734375
08:00:14,91282CKY6,TSRYS5833261,D,S,T,2024-07-03,3000000.00,4.745482,99.7734375
08:00:14,91282CKY6,TSRYS5833261,D,S,T,2024-07-03,1000000.00,4.745482,99.7734375
08:00:14,91282CKY6,TSRYS5833261,D,S,T,2024-07-03,1000000.00,4.745482,99.7734375
08:00:14,91282CKY6,TSRYS5833261,D,S,T,2024-07-03,1000000.00,4.745482,99.7734375
08:00:14,91282CKY6,TSRYS5833261,D,S,T,2024-07-03,1000000.00,4.749656,99.765625
08:00:14,91282CKY6,TSRYS5833261,D,S,T,2024-07-03,1000000.00,4.748612,99.767578125
08:00:14,91282CKY6,TSRYS5833261,D,S,T,2024-07-03,1000000.00,4.749656,99.765625
08:00:14,91282CKY6,TSRYS5833261,D,S,T,2024-07-03,2000000.00,4.751743,99.76171875
08:00:14,91282CKY6,TSRYS5833261,D,S,T,2024-07-03,1000000.00,4.756961,99.751953125
08:00:14,91282CKY6,TSRYS5833261,D,S,T,2024-07-03,1000000.00,4.756961,99.751953125
08:00:14,91282CKY6,TSRYS5833261,D,S,T,2024-07-03,2000000.00,4.758004,99.75
08:00:14,91282CKY6,TSRYS5833261,D,S,T,2024-07-03,4000000.00,4.758004,99.75
08:00:14,91282CKY6,TSRYS5833261,D,S,T,2024-07-03,1000000.00,4.758004,99.75
08:00:14,91282CKY6,TSRYS5833261,D,S,T,2024-07-03,1000000.00,4.755917,99.75390625
08:00:14,91282CKY6,TSRYS5833261,D,S,T,2024-07-03,1000000.00,4.754873,99.755859375
08:00:14,91282CKY6,TSRYS5833261,D,S,T,2024-07-03,1000000.00,4.75383,99.7578125
08:00:14,91282CKY6,TSRYS5833261,D,S,T,2024-07-03,1000000.00,4.752786,99.759765625
08:00:14,91282CKY6,TSRYS5833261,D,S,T,2024-07-03,1000000.00,4.754873,99.755859375
08:00:14,91282CKY6,TSRYS5833261,D,S,T,2024-07-03,1000000.00,4.75383,99.7578125
08:00:14,91282CKY6,TSRYS5833261,D,S,T,2024-07-03,1000000.00,4.75383,99.7578125
08:00:14,91282CKY6,TSRYS5833261,D,S,T,2024-07-03,1000000.00,4.750699,99.763671875
08:00:14,91282CKY6,TSRYS5833261,D,S,T,2024-07-03,1000000.00,4.749656,99.765625
08:00:14,91282CKY6,TSRYS5833261,D,S,T,2024-07-03,1000000.00,4.749656,99.765625
08:00:14,91282CKY6,TSRYS5833261,D,S,T,2024-07-03,1000000.00,4.749656,99.765625
08:00:14,91282CKY6,TSRYS5833261,D,S,T,2024-07-03,1000000.00,4.752786,99.759765625
08:00:14,91282CKY6,TSRYS5833261,D,S,T,2024-07-03,1000000.00,4.755917,99.75390625
08:00:14,91282CKY6,TSRYS5833261,D,S,T,2024-07-03,1000000.00,4.754873,99.755859375
08:00:14,91282CKY6,TSRYS5833261,D,S,T,2024-07-03,1000000.00,4.754873,99.755859375
08:00:14,91282CKY6,TSRYS5833261,D,S,T,2024-07-03,1000000.00,4.754873,99.755859375
08:00:14,91282CKY6,TSRYS5833261,D,S,T,2024-07-03,1000000.00,4.752786,99.759765625
08:00:14,91282CKY6,TSRYS5833261,D,S,D,2024-07-03,1000000.00,4.752786,99.759765625
08:00:14,91282CKY6,TSRYS5833261,D,S,D,2024-07-03,1000000.00,4.752786,99.759765625
08:00:14,91282CKY6,TSRYS5833261,D,S,D,2024-07-03,1000000.00,4.752786,99.759765625
08:00:14,91282CKY6,TSRYS5833261,D,S,D,2024-07-03,1000000.00,4.752786,99.759765625
08:00:14,91282CKY6,TSRYS5833261,D,S,D,2024-07-03,1000000.00,4.752786,99.759765625
08:00:14,91282CKY6,TSRYS5833261,D,S,T,2024-07-03,1000000.00,4.752786,99.759765625
08:00:14,91282CKY6,TSRYS5833261,D,S,T,2024-07-03,1000000.00,4.751743,99.76171875
08:00:14,91282CKY6,TSRYS5833261,D,S,T,2024-07-03,1000000.00,4.756961,99.751953125
08:00:14,91282CKY6,TSRYS5833261,D,S,T,2024-07-03,1000000.00,4.754873,99.755859375
08:00:14,91282CKY6,TSRYS5833261,D,S,T,2024-07-03,1000000.00,4.754873,99.755859375
08:00:14,91282CKY6,TSRYS5833261,D,S,T,2024-07-03,1000000.00,4.758004,99.75
08:00:14,91282CKY6,TSRYS5833261,D,S,T,2024-07-03,1000000.00,4.760092,99.74609375
08:00:14,91282CKY6,TSRYS5833261,D,S,T,2024-07-03,1000000.00,4.765311,99.736328125
08:00:14,91282CKY6,TSRYS5833261,D,S,T,2024-07-03,1000000.00,4.764267,99.73828125
08:00:14,91282CKY6,TSRYS5833261,D,S,T,2024-07-03,1000000.00,4.764267,99.73828125
08:00:14,91282CKY6,TSRYS5833261,D,S,T,2024-07-03,1000000.00,4.764267,99.73828125
08:00:14,91282CKY6,TSRYS5833261,D,S,T,2024-07-03,1000000.00,4.765311,99.736328125
08:00:14,91282CKY6,TSRYS5833261,D,S,T,2024-07-03,1000000.00,4.764267,99.73828125
08:00:17,91282CKY6,TSRYS5833261,D,B,A,2024-07-03,2897000.00,4.751743,99.76171875
08:00:17,91282CKY6,TSRYS5833261,D,S,A,2024-07-03,4000000.00,4.749656,99.765625
08:00:17,91282CKY6,TSRYS5833261,D,S,D,2024-07-03,1000000.00,4.744439,99.775390625
08:00:17,91282CKY6,TSRYS5833261,D,S,A,2024-07-03,4000000.00,4.749656,99.765625
08:00:17,91282CKY6,TSRYS5833261,D,B,A,2024-07-03,2897000.00,4.751743,99.76171875
08:00:18,91282CKY6,TSRYS5833261,D,S,T,2024-07-03,2000000.00,4.749656,99.765625
08:00:18,91282CKY6,TSRYS5833261,D,S,T,2024-07-03,1000000.00,4.751743,99.76171875
08:00:18,91282CKY6,TSRYS5833261,D,S,T,2024-07-03,1000000.00,4.755917,99.75390625
08:00:21,91282CKY6,TSRYS5833261,D,S,D,2024-07-03,1000000.00,4.749656,99.765625
08:00:22,91282CKY6,TSRYS5833261,D,S,D,2024-07-03,1000000.00,4.749656,99.765625
08:00:24,91282CKY6,TSRYS5833261,D,S,D,2024-07-03,1000000.00,4.749656,99.765625
08:00:24,91282CKY6,TSRYS5833261,D,S,D,2024-07-03,1000000.00,4.749656,99.765625
08:00:25,91282CKY6,TSRYS5833261,D,S,T,2024-07-03,2000000.00,4.755917,99.75390625
08:00:25,91282CKY6,TSRYS5833261,D,S,T,2024-07-03,1000000.00,4.75383,99.7578125
08:00:25,91282CKY6,TSRYS5833261,D,S,T,2024-07-03,1000000.00,4.755917,99.75390625
08:00:25,91282CKY6,TSRYS5833261,D,S,T,2024-07-03,3000000.00,4.75383,99.7578125
08:00:25,91282CKY6,TSRYS5833261,D,S,T,2024-07-03,1000000.00,4.751743,99.76171875
08:00:25,91282CKY6,TSRYS5833261,D,S,T,2024-07-03,4000000.00,4.75383,99.7578125
08:00:25,91282CKY6,TSRYS5833261,D,S,T,2024-07-03,1000000.00,4.75383,99.7578125
08:00:25,91282CKY6,TSRYS5833261,D,S,T,2024-07-03,5000000.00,4.75383,99.7578125
08:00:25,91282CKY6,TSRYS5833261,D,S,T,2024-07-03,1000000.00,4.764267,99.73828125
08:00:25,91282CKY6,TSRYS5833261,D,S,T,2024-07-03,1000000.00,4.766354,99.734375
08:00:25,91282CKY6,TSRYS5833261,D,S,D,2024-07-03,1000000.00,4.751743,99.76171875
08:00:25,91282CKY6,TSRYS5833261,D,S,D,2024-07-03,1000000.00,4.751743,99.76171875
08:00:25,91282CKY6,TSRYS5833261,D,S,D,2024-07-03,1000000.00,4.751743,99.76171875
08:00:26,91282CKY6,TSRYS5833261,D,S,T,2024-07-03,1000000.00,4.749656,99.765625
08:00:26,91282CKY6,TSRYS5833261,D,S,T,2024-07-03,1000000.00,4.749656,99.765625
08:00:26,91282CKY6,TSRYS5833261,D,S,T,2024-07-03,1000000.00,4.749656,99.765625
08:00:27,91282CKY6,TSRYS5833261,D,S,C,2024-07-03,1000000.00,4.756961,99.751953125
08:00:27,91282CKY6,TSRYS5833261,D,S,C,2024-07-03,1000000.00,4.756961,99.751953125
08:00:27,91282CKY6,TSRYS5833261,D,S,C,2024-07-03,3000000.00,4.756961,99.751953125
08:00:27,91282CKY6,TSRYS5833261,D,S,C,2024-07-03,2000000.00,4.756961,99.751953125
08:00:27,91282CKY6,TSRYS5833261,D,S,C,2024-07-03,2000000.00,4.756961,99.751953125
08:00:28,91282CKY6,TSRYS5833261,D,B,C,2024-07-03,3000000.00,4.755917,99.75390625
08:00:28,91282CKY6,TSRYS5833261,D,S,D,2024-07-03,3000000.00,4.755917,99.75390625
08:00:28,91282CKY6,TSRYS5833261,D,B,C,2024-07-03,2000000.00,4.755917,99.75390625
08:00:28,91282CKY6,TSRYS5833261,D,S,D,2024-07-03,2000000.00,4.755917,99.75390625
08:00:30,91282CKY6,TSRYS5833261,D,S,T,2024-07-03,3000000.00,4.737136,99.7890625
08:00:30,91282CKY6,TSRYS5833261,D,S,T,2024-07-03,1000000.00,4.737136,99.7890625
08:00:30,91282CKY6,TSRYS5833261,D,S,T,2024-07-03,2000000.00,4.737136,99.7890625
08:00:30,91282CKY6,TSRYS5833261,D,S,T,2024-07-03,3000000.00,4.739223,99.78515625
08:00:30,91282CKY6,TSRYS5833261,D,S,T,2024-07-03,1000000.00,4.746526,99.771484375
08:00:30,91282CKY6,TSRYS5833261,D,S,T,2024-07-03,1000000.00,4.744439,99.775390625
08:00:30,91282CKY6,TSRYS5833261,D,S,T,2024-07-03,1000000.00,4.745482,99.7734375
08:00:30,91282CKY6,TSRYS5833261,D,S,T,2024-07-03,1000000.00,4.745482,99.7734375
08:00:30,91282CKY6,TSRYS5833261,D,S,T,2024-07-03,1000000.00,4.745482,99.7734375
08:00:30,91282CKY6,TSRYS5833261,D,S,T,2024-07-03,1000000.00,4.745482,99.7734375
08:00:30,91282CKY6,TSRYS5833261,D,S,T,2024-07-03,1000000.00,4.745482,99.7734375
08:00:30,91282CKY6,TSRYS5833261,D,S,T,2024-07-03,1000000.00,4.745482,99.7734375
08:00:30,91282CKY6,TSRYS5833261,D,S,T,2024-07-03,1000000.00,4.745482,99.7734375
08:00:30,91282CKY6,TSRYS5833261,D,S,T,2024-07-03,1000000.00,4.745482,99.7734375
08:00:30,91282CKY6,TSRYS5833261,D,S,T,2024-07-03,1000000.00,4.745482,99.7734375
08:00:30,91282CKY6,TSRYS5833261,D,S,T,2024-07-03,1000000.00,4.745482,99.7734375
08:00:30,91282CKY6,TSRYS5833261,D,S,T,2024-07-03,3000000.00,4.744439,99.775390625
08:00:30,91282CKY6,TSRYS5833261,D,S,T,2024-07-03,1000000.00,4.747569,99.76953125
08:00:30,91282CKY6,TSRYS5833261,D,S,T,2024-07-03,1000000.00,4.746526,99.771484375
08:00:30,91282CKY6,TSRYS5833261,D,S,T,2024-07-03,1000000.00,4.745482,99.7734375
08:00:30,91282CKY6,TSRYS5833261,D,S,T,2024-07-03,1000000.00,4.745482,99.7734375
08:00:30,91282CKY6,TSRYS5833261,D,S,T,2024-07-03,2000000.00,4.745482,99.7734375
08:00:30,91282CKY6,TSRYS5833261,D,S,T,2024-07-03,1000000.00,4.745482,99.7734375
08:00:30,91282CKY6,TSRYS5833261,D,S,T,2024-07-03,1000000.00,4.745482,99.7734375
08:00:30,91282CKY6,TSRYS5833261,D,S,T,2024-07-03,1000000.00,4.745482,99.7734375
08:00:30,91282CKY6,TSRYS5833261,D,S,T,2024-07-03,1000000.00,4.745482,99.7734375
08:00:30,91282CKY6,TSRYS5833261,D,S,T,2024-07-03,1000000.00,4.745482,99.7734375
08:00:30,91282CKY6,TSRYS5833261,D,S,T,2024-07-03,1000000.00,4.745482,99.7734375
08:00:30,91282CKY6,TSRYS5833261,D,S,T,2024-07-03,1000000.00,4.745482,99.7734375
08:00:30,91282CKY6,TSRYS5833261,D,S,T,2024-07-03,7000000.00,4.747569,99.76953125
08:00:30,91282CKY6,TSRYS5833261,D,S,T,2024-07-03,3000000.00,4.747569,99.76953125
08:00:30,91282CKY6,TSRYS5833261,D,S,T,2024-07-03,1000000.00,4.749656,99.765625
08:00:30,91282CKY6,TSRYS5833261,D,S,T,2024-07-03,1000000.00,4.749656,99.765625
08:00:30,91282CKY6,TSRYS5833261,D,S,T,2024-07-03,1000000.00,4.749656,99.765625
08:00:30,91282CKY6,TSRYS5833261,D,S,T,2024-07-03,1000000.00,4.749656,99.765625
08:00:30,91282CKY6,TSRYS5833261,D,S,T,2024-07-03,1000000.00,4.749656,99.765625
08:00:30,91282CKY6,TSRYS5833261,D,S,T,2024-07-03,1000000.00,4.749656,99.765625
08:00:30,91282CKY6,TSRYS5833261,D,S,T,2024-07-03,1000000.00,4.749656,99.765625
08:00:30,91282CKY6,TSRYS5833261,D,S,T,2024-07-03,1000000.00,4.749656,99.765625
08:00:30,91282CKY6,TSRYS5833261,D,S,T,2024-07-03,1000000.00,4.749656,99.765625
08:00:30,91282CKY6,TSRYS5833261,D,S,T,2024-07-03,1000000.00,4.749656,99.765625
08:00:30,91282CKY6,TSRYS5833261,D,S,T,2024-07-03,1000000.00,4.749656,99.765625
08:00:30,91282CKY6,TSRYS5833261,D,S,T,2024-07-03,1000000.00,4.75383,99.7578125
08:00:30,91282CKY6,TSRYS5833261,D,S,T,2024-07-03,3000000.00,4.75383,99.7578125
08:00:30,91282CKY6,TSRYS5833261,D,S,T,2024-07-03,1000000.00,4.755917,99.75390625
08:00:30,91282CKY6,TSRYS5833261,D,S,T,2024-07-03,1000000.00,4.755917,99.75390625
08:00:30,91282CKY6,TSRYS5833261,D,S,T,2024-07-03,1000000.00,4.755917,99.75390625
08:00:30,91282CKY6,TSRYS5833261,D,S,T,2024-07-03,1000000.00,4.755917,99.75390625
08:00:30,91282CKY6,TSRYS5833261,D,S,T,2024-07-03,2000000.00,4.755917,99.75390625
08:00:30,91282CKY6,TSRYS5833261,D,S,T,2024-07-03,1000000.00,4.755917,99.75390625
08:00:30,91282CKY6,TSRYS5833261,D,S,T,2024-07-03,1000000.00,4.758004,99.75
08:00:30,91282CKY6,TSRYS5833261,D,S,T,2024-07-03,1000000.00,4.755917,99.75390625
08:00:30,91282CKY6,TSRYS5833261,D,S,T,2024-07-03,1000000.00,4.75383,99.7578125
08:00:30,91282CKY6,TSRYS5833261,D,S,T,2024-07-03,1000000.00,4.752786,99.759765625
08:00:30,91282CKY6,TSRYS5833261,D,S,T,2024-07-03,1000000.00,4.752786,99.759765625
08:00:30,91282CKY6,TSRYS5833261,D,S,T,2024-07-03,1000000.00,4.754873,99.755859375
08:00:30,91282CKY6,TSRYS5833261,D,S,T,2024-07-03,1000000.00,4.754873,99.755859375
08:00:30,91282CKY6,TSRYS5833261,D,S,T,2024-07-03,1000000.00,4.754873,99.755859375
08:00:30,91282CKY6,TSRYS5833261,D,S,T,2024-07-03,1000000.00,4.752786,99.759765625
08:00:30,91282CKY6,TSRYS5833261,D,S,T,2024-07-03,1000000.00,4.752786,99.759765625
08:00:30,91282CKY6,TSRYS5833261,D,S,T,2024-07-03,2000000.00,4.751743,99.76171875
08:00:30,91282CKY6,TSRYS5833261,D,S,T,2024-07-03,2000000.00,4.75383,99.7578125
08:00:30,91282CKY6,TSRYS5833261,D,S,T,2024-07-03,1000000.00,4.75383,99.7578125
08:00:30,91282CKY6,TSRYS5833261,D,S,T,2024-07-03,1000000.00,4.75383,99.7578125
08:00:30,91282CKY6,TSRYS5833261,D,S,T,2024-07-03,1000000.00,4.751743,99.76171875
08:00:30,91282CKY6,TSRYS5833261,D,S,T,2024-07-03,1000000.00,4.754873,99.755859375
08:00:30,91282CKY6,TSRYS5833261,D,S,T,2024-07-03,1000000.00,4.754873,99.755859375
08:00:30,91282CKY6,TSRYS5833261,D,S,T,2024-07-03,1000000.00,4.754873,99.755859375
08:00:30,91282CKY6,TSRYS5833261,D,S,T,2024-07-03,1000000.00,4.754873,99.755859375
08:00:30,91282CKY6,TSRYS5833261,D,S,T,2024-07-03,2000000.00,4.754873,99.755859375
08:00:30,91282CKY6,TSRYS5833261,D,S,T,2024-07-03,1000000.00,4.75383,99.7578125
08:00:30,91282CKY6,TSRYS5833261,D,S,T,2024-07-03,1000000.00,4.755917,99.75390625
08:00:30,91282CKY6,TSRYS5833261,D,S,T,2024-07-03,1000000.00,4.755917,99.75390625
08:00:30,91282CKY6,TSRYS5833261,D,S,T,2024-07-03,1000000.00,4.755917,99.75390625
08:00:30,91282CKY6,TSRYS5833261,D,S,T,2024-07-03,1000000.00,4.755917,99.75390625
08:00:30,91282CKY6,TSRYS5833261,D,S,T,2024-07-03,1000000.00,4.756961,99.751953125
08:00:30,91282CKY6,TSRYS5833261,D,S,T,2024-07-03,1000000.00,4.756961,99.751953125
08:00:30,91282CKY6,TSRYS5833261,D,S,T,2024-07-03,1000000.00,4.756961,99.751953125
08:00:30,91282CKY6,TSRYS5833261,D,S,T,2024-07-03,1000000.00,4.756961,99.751953125
08:00:30,91282CKY6,TSRYS5833261,D,S,T,2024-07-03,1000000.00,4.756961,99.751953125
08:00:30,91282CKY6,TSRYS5833261,D,S,T,2024-07-03,1000000.00,4.755917,99.75390625
08:00:30,91282CKY6,TSRYS5833261,D,S,T,2024-07-03,1000000.00,4.755917,99.75390625
08:00:30,91282CKY6,TSRYS5833261,D,S,T,2024-07-03,1000000.00,4.755917,99.75390625
08:00:30,91282CKY6,TSRYS5833261,D,S,T,2024-07-03,1000000.00,4.755917,99.75390625
08:00:30,91282CKY6,TSRYS5833261,D,S,T,2024-07-03,2000000.00,4.755917,99.75390625
08:00:30,91282CKY6,TSRYS5833261,D,S,T,2024-07-03,1000000.00,4.75383,99.7578125
08:00:30,91282CKY6,TSRYS5833261,D,S,T,2024-07-03,1000000.00,4.75383,99.7578125
08:00:30,91282CKY6,TSRYS5833261,D,S,T,2024-07-03,1000000.00,4.751743,99.76171875
08:00:30,91282CKY6,TSRYS5833261,D,S,T,2024-07-03,1000000.00,4.752786,99.759765625
08:00:30,91282CKY6,TSRYS5833261,D,S,T,2024-07-03,1000000.00,4.752786,99.759765625
08:00:30,91282CKY6,TSRYS5833261,D,S,T,2024-07-03,1000000.00,4.752786,99.759765625
08:00:30,91282CKY6,TSRYS5833261,D,S,T,2024-07-03,1000000.00,4.752786,99.759765625
08:00:30,91282CKY6,TSRYS5833261,D,S,T,2024-07-03,1000000.00,4.752786,99.759765625
08:00:30,91282CKY6,TSRYS5833261,D,S,T,2024-07-03,3000000.00,4.751743,99.76171875
08:00:30,91282CKY6,TSRYS5833261,D,S,T,2024-07-03,1000000.00,4.751743,99.76171875
08:00:30,91282CKY6,TSRYS5833261,D,S,T,2024-07-03,1000000.00,4.751743,99.76171875
08:00:30,91282CKY6,TSRYS5833261,D,S,T,2024-07-03,1000000.00,4.751743,99.76171875
08:00:30,91282CKY6,TSRYS5833261,D,S,T,2024-07-03,1000000.00,4.751743,99.76171875
08:00:30,91282CKY6,TSRYS5833261,D,S,T,2024-07-03,1000000.00,4.751743,99.76171875
08:00:30,91282CKY6,TSRYS5833261,D,S,T,2024-07-03,1000000.00,4.751743,99.76171875
08:00:30,91282CKY6,TSRYS5833261,D,S,T,2024-07-03,3000000.00,4.751743,99.76171875
08:00:30,91282CKY6,TSRYS5833261,D,S,T,2024-07-03,1000000.00,4.751743,99.76171875
08:00:30,91282CKY6,TSRYS5833261,D,S,T,2024-07-03,1000000.00,4.751743,99.76171875
08:00:30,91282CKY6,TSRYS5833261,D,S,T,2024-07-03,2000000.00,4.749656,99.765625
08:00:30,91282CKY6,TSRYS5833261,D,S,T,2024-07-03,1000000.00,4.749656,99.765625
08:00:30,91282CKY6,TSRYS5833261,D,S,T,2024-07-03,4000000.00,4.749656,99.765625
08:00:30,91282CKY6,TSRYS5833261,D,S,T,2024-07-03,1000000.00,4.749656,99.765625
08:00:30,91282CKY6,TSRYS5833261,D,S,T,2024-07-03,1000000.00,4.749656,99.765625
08:00:30,91282CKY6,TSRYS5833261,D,S,T,2024-07-03,1000000.00,4.751743,99.76171875
08:00:30,91282CKY6,TSRYS5833261,D,S,T,2024-07-03,1000000.00,4.751743,99.76171875
08:00:30,91282CKY6,TSRYS5833261,D,S,T,2024-07-03,1000000.00,4.751743,99.76171875
08:00:30,91282CKY6,TSRYS5833261,D,S,T,2024-07-03,2000000.00,4.75383,99.7578125
08:00:30,91282CKY6,TSRYS5833261,D,S,T,2024-07-03,1000000.00,4.751743,99.76171875
08:00:30,91282CKY6,TSRYS5833261,D,S,T,2024-07-03,1000000.00,4.751743,99.76171875
08:00:30,91282CKY6,TSRYS5833261,D,S,T,2024-07-03,1000000.00,4.751743,99.76171875
08:00:30,91282CKY6,TSRYS5833261,D,S,T,2024-07-03,1000000.00,4.751743,99.76171875
08:00:30,91282CKY6,TSRYS5833261,D,S,T,2024-07-03,2000000.00,4.751743,99.76171875
08:00:30,91282CKY6,TSRYS5833261,D,S,T,2024-07-03,2000000.00,4.751743,99.76171875
08:00:30,91282CKY6,TSRYS5833261,D,S,T,2024-07-03,1000000.00,4.751743,99.76171875
08:00:30,91282CKY6,TSRYS5833261,D,S,T,2024-07-03,2000000.00,4.749656,99.765625
08:00:30,91282CKY6,TSRYS5833261,D,S,T,2024-07-03,1000000.00,4.751743,99.76171875
08:00:30,91282CKY6,TSRYS5833261,D,S,T,2024-07-03,1000000.00,4.751743,99.76171875
08:00:30,91282CKY6,TSRYS5833261,D,S,T,2024-07-03,1000000.00,4.751743,99.76171875
08:00:30,91282CKY6,TSRYS5833261,D,S,T,2024-07-03,1000000.00,4.751743,99.76171875
08:00:30,91282CKY6,TSRYS5833261,D,S,T,2024-07-03,1000000.00,4.751743,99.76171875
08:00:30,91282CKY6,TSRYS5833261,D,S,T,2024-07-03,1000000.00,4.751743,99.76171875
08:00:30,91282CKY6,TSRYS5833261,D,S,T,2024-07-03,1000000.00,4.751743,99.76171875
08:00:30,91282CKY6,TSRYS5833261,D,S,T,2024-07-03,1000000.00,4.751743,99.76171875
08:00:30,91282CKY6,TSRYS5833261,D,S,T,2024-07-03,1000000.00,4.751743,99.76171875
08:00:30,91282CKY6,TSRYS5833261,D,S,T,2024-07-03,1000000.00,4.751743,99.76171875
08:00:30,91282CKY6,TSRYS5833261,D,S,T,2024-07-03,1000000.00,4.751743,99.76171875
08:00:30,91282CKY6,TSRYS5833261,D,S,T,2024-07-03,1000000.00,4.751743,99.76171875
08:00:30,91282CKY6,TSRYS5833261,D,S,T,2024-07-03,1000000.00,4.751743,99.76171875
08:00:30,91282CKY6,TSRYS5833261,D,S,T,2024-07-03,1000000.00,4.751743,99.76171875
08:00:30,91282CKY6,TSRYS5833261,D,S,T,2024-07-03,2000000.00,4.75383,99.7578125
08:00:30,91282CKY6,TSRYS5833261,D,S,T,2024-07-03,1000000.00,4.75383,99.7578125
08:00:30,91282CKY6,TSRYS5833261,D,S,T,2024-07-03,1000000.00,4.75383,99.7578125
08:00:30,91282CKY6,TSRYS5833261,D,S,T,2024-07-03,1000000.00,4.75383,99.7578125
08:00:30,91282CKY6,TSRYS5833261,D,S,T,2024-07-03,1000000.00,4.75383,99.7578125
08:00:30,91282CKY6,TSRYS5833261,D,S,T,2024-07-03,1000000.00,4.754873,99.755859375
08:00:30,91282CKY6,TSRYS5833261,D,S,T,2024-07-03,1000000.00,4.75383,99.7578125
08:00:30,91282CKY6,TSRYS5833261,D,S,T,2024-07-03,1000000.00,4.75383,99.7578125
08:00:30,91282CKY6,TSRYS5833261,D,S,T,2024-07-03,1000000.00,4.75383,99.7578125
08:00:30,91282CKY6,TSRYS5833261,D,S,T,2024-07-03,1000000.00,4.75383,99.7578125
08:00:30,91282CKY6,TSRYS5833261,D,S,T,2024-07-03,1000000.00,4.75383,99.7578125
08:00:30,91282CKY6,TSRYS5833261,D,S,T,2024-07-03,1000000.00,4.75383,99.7578125
08:00:30,91282CKY6,TSRYS5833261,D,S,T,2024-07-03,1000000.00,4.75383,99.7578125
08:00:30,91282CKY6,TSRYS5833261,D,S,T,2024-07-03,1000000.00,4.75383,99.7578125
08:00:30,91282CKY6,TSRYS5833261,D,S,T,2024-07-03,1000000.00,4.75383,99.7578125
08:00:30,91282CKY6,TSRYS5833261,D,S,T,2024-07-03,1000000.00,4.75383,99.7578125
08:00:30,91282CKY6,TSRYS5833261,D,S,T,2024-07-03,1000000.00,4.75383,99.7578125
08:00:30,91282CKY6,TSRYS5833261,D,S,T,2024-07-03,1000000.00,4.75383,99.7578125
08:00:30,91282CKY6,TSRYS5833261,D,S,T,2024-07-03,1000000.00,4.75383,99.7578125
08:00:30,91282CKY6,TSRYS5833261,D,S,T,2024-07-03,1000000.00,4.75383,99.7578125
08:00:30,91282CKY6,TSRYS5833261,D,S,T,2024-07-03,1000000.00,4.75383,99.7578125
08:00:30,91282CKY6,TSRYS5833261,D,S,T,2024-07-03,1000000.00,4.75383,99.7578125
08:00:30,91282CKY6,TSRYS5833261,D,S,T,2024-07-03,1000000.00,4.75383,99.7578125
08:00:30,91282CKY6,TSRYS5833261,D,S,T,2024-07-03,1000000.00,4.75383,99.7578125
08:00:30,91282CKY6,TSRYS5833261,D,S,T,2024-07-03,4000000.00,4.75383,99.7578125
08:00:30,91282CKY6,TSRYS5833261,D,S,T,2024-07-03,1000000.00,4.75383,99.7578125
08:00:30,91282CKY6,TSRYS5833261,D,S,T,2024-07-03,1000000.00,4.75383,99.7578125
08:00:30,91282CKY6,TSRYS5833261,D,S,T,2024-07-03,4000000.00,4.75383,99.7578125
08:00:30,91282CKY6,TSRYS5833261,D,S,T,2024-07-03,1000000.00,4.75383,99.7578125
08:00:30,91282CKY6,TSRYS5833261,D,S,T,2024-07-03,1000000.00,4.75383,99.7578125
08:00:30,91282CKY6,TSRYS5833261,D,S,T,2024-07-03,4000000.00,4.75383,99.7578125
08:00:30,91282CKY6,TSRYS5833261,D,S,T,2024-07-03,1000000.00,4.75383,99.7578125
08:00:30,91282CKY6,TSRYS5833261,D,S,T,2024-07-03,1000000.00,4.75383,99.7578125
08:00:30,91282CKY6,TSRYS5833261,D,S,T,2024-07-03,2000000.00,4.75383,99.7578125
08:00:30,91282CKY6,TSRYS5833261,D,S,T,2024-07-03,1000000.00,4.75383,99.7578125
08:00:30,91282CKY6,TSRYS5833261,D,S,T,2024-07-03,1000000.00,4.75383,99.7578125
08:00:30,91282CKY6,TSRYS5833261,D,S,T,2024-07-03,2000000.00,4.75383,99.7578125
08:00:30,91282CKY6,TSRYS5833261,D,S,T,2024-07-03,1000000.00,4.75383,99.7578125
08:00:30,91282CKY6,TSRYS5833261,D,S,T,2024-07-03,1000000.00,4.75383,99.7578125
08:00:30,91282CKY6,TSRYS5833261,D,S,T,2024-07-03,1000000.00,4.75383,99.7578125
08:00:30,91282CKY6,TSRYS5833261,D,S,T,2024-07-03,1000000.00,4.75383,99.7578125
08:00:30,91282CKY6,TSRYS5833261,D,S,T,2024-07-03,1000000.00,4.75383,99.7578125
08:00:30,91282CKY6,TSRYS5833261,D,S,T,2024-07-03,1000000.00,4.75383,99.7578125
08:00:30,91282CKY6,TSRYS5833261,D,S,T,2024-07-03,1000000.00,4.75383,99.7578125
08:00:30,91282CKY6,TSRYS5833261,D,S,T,2024-07-03,1000000.00,4.75383,99.7578125
08:00:30,91282CKY6,TSRYS5833261,D,S,T,2024-07-03,1000000.00,4.75383,99.7578125
08:00:30,91282CKY6,TSRYS5833261,D,S,T,2024-07-03,2000000.00,4.75383,99.7578125
08:00:30,91282CKY6,TSRYS5833261,D,S,T,2024-07-03,1000000.00,4.75383,99.7578125
08:00:30,91282CKY6,TSRYS5833261,D,S,T,2024-07-03,1000000.00,4.75383,99.7578125
08:00:30,91282CKY6,TSRYS5833261,D,S,T,2024-07-03,2000000.00,4.75383,99.7578125
08:00:30,91282CKY6,TSRYS5833261,D,S,T,2024-07-03,2000000.00,4.75383,99.7578125
08:00:30,91282CKY6,TSRYS5833261,D,S,T,2024-07-03,1000000.00,4.75383,99.7578125
08:00:30,91282CKY6,TSRYS5833261,D,S,T,2024-07-03,1000000.00,4.75383,99.7578125
08:00:30,91282CKY6,TSRYS5833261,D,S,T,2024-07-03,1000000.00,4.75383,99.7578125
08:00:30,91282CKY6,TSRYS5833261,D,S,T,2024-07-03,1000000.00,4.75383,99.7578125
08:00:30,91282CKY6,TSRYS5833261,D,S,T,2024-07-03,1000000.00,4.75383,99.7578125
08:00:30,91282CKY6,TSRYS5833261,D,S,T,2024-07-03,1000000.00,4.75383,99.7578125
08:00:30,91282CKY6,TSRYS5833261,D,S,T,2024-07-03,1000000.00,4.75383,99.7578125
08:00:30,91282CKY6,TSRYS5833261,D,S,T,2024-07-03,1000000.00,4.751743,99.76171875
08:00:30,91282CKY6,TSRYS5833261,D,S,T,2024-07-03,1000000.00,4.751743,99.76171875
08:00:30,91282CKY6,TSRYS5833261,D,S,T,2024-07-03,1000000.00,4.751743,99.76171875
08:00:30,91282CKY6,TSRYS5833261,D,S,T,2024-07-03,1000000.00,4.749656,99.765625
08:00:30,91282CKY6,TSRYS5833261,D,S,T,2024-07-03,3000000.00,4.749656,99.765625
08:00:30,91282CKY6,TSRYS5833261,D,S,T,2024-07-03,3000000.00,4.749656,99.765625
08:00:30,91282CKY6,TSRYS5833261,D,S,T,2024-07-03,2000000.00,4.749656,99.765625
08:00:30,91282CKY6,TSRYS5833261,D,S,T,2024-07-03,1000000.00,4.751743,99.76171875
08:00:30,91282CKY6,TSRYS5833261,D,S,T,2024-07-03,2000000.00,4.751743,99.76171875
08:00:30,91282CKY6,TSRYS5833261,D,S,T,2024-07-03,1000000.00,4.751743,99.76171875
08:00:30,91282CKY6,TSRYS5833261,D,S,T,2024-07-03,1000000.00,4.751743,99.76171875
08:00:30,91282CKY6,TSRYS5833261,D,S,T,2024-07-03,1000000.00,4.751743,99.76171875
08:00:30,91282CKY6,TSRYS5833261,D,S,T,2024-07-03,1000000.00,4.751743,99.76171875
08:00:30,91282CKY6,TSRYS5833261,D,S,T,2024-07-03,4000000.00,4.75383,99.7578125
08:00:30,91282CKY6,TSRYS5833261,D,S,T,2024-07-03,1000000.00,4.751743,99.76171875
08:00:30,91282CKY6,TSRYS5833261,D,S,T,2024-07-03,2000000.00,4.75383,99.7578125
08:00:30,91282CKY6,TSRYS5833261,D,S,T,2024-07-03,4000000.00,4.75383,99.7578125
08:00:30,91282CKY6,TSRYS5833261,D,S,T,2024-07-03,2000000.00,4.75383,99.7578125
08:00:30,91282CKY6,TSRYS5833261,D,S,T,2024-07-03,1000000.00,4.75383,99.7578125
08:00:30,91282CKY6,TSRYS5833261,D,S,T,2024-07-03,3000000.00,4.75383,99.7578125
08:00:30,91282CKY6,TSRYS5833261,D,S,T,2024-07-03,3000000.00,4.758004,99.75
08:00:30,91282CKY6,TSRYS5833261,D,S,T,2024-07-03,2000000.00,4.758004,99.75
08:00:30,91282CKY6,TSRYS5833261,D,S,T,2024-07-03,1000000.00,4.758004,99.75
08:00:30,91282CKY6,TSRYS5833261,D,S,T,2024-07-03,1000000.00,4.755917,99.75390625
08:00:30,91282CKY6,TSRYS5833261,D,S,T,2024-07-03,3000000.00,4.758004,99.75
08:00:30,91282CKY6,TSRYS5833261,D,S,T,2024-07-03,1000000.00,4.758004,99.75
08:00:30,91282CKY6,TSRYS5833261,D,S,T,2024-07-03,1000000.00,4.758004,99.75
08:00:30,91282CKY6,TSRYS5833261,D,S,T,2024-07-03,1000000.00,4.760092,99.74609375
08:00:30,91282CKY6,TSRYS5833261,D,S,T,2024-07-03,1000000.00,4.758004,99.75
08:00:30,91282CKY6,TSRYS5833261,D,S,T,2024-07-03,1000000.00,4.755917,99.75390625
08:00:30,91282CKY6,TSRYS5833261,D,S,T,2024-07-03,1000000.00,4.75383,99.7578125
08:00:30,91282CKY6,TSRYS5833261,D,S,T,2024-07-03,1000000.00,4.751743,99.76171875
08:00:30,91282CKY6,TSRYS5833261,D,S,T,2024-07-03,1000000.00,4.751743,99.76171875
08:00:30,91282CKY6,TSRYS5833261,D,S,T,2024-07-03,2000000.00,4.751743,99.76171875
08:00:30,91282CKY6,TSRYS5833261,D,S,T,2024-07-03,1000000.00,4.751743,99.76171875
08:00:30,91282CKY6,TSRYS5833261,D,S,T,2024-07-03,1000000.00,4.751743,99.76171875
08:00:30,91282CKY6,TSRYS5833261,D,S,T,2024-07-03,1000000.00,4.752786,99.759765625
08:00:30,91282CKY6,TSRYS5833261,D,S,T,2024-07-03,1000000.00,4.75383,99.7578125
08:00:30,91282CKY6,TSRYS5833261,D,S,T,2024-07-03,3000000.00,4.75383,99.7578125
08:00:30,91282CKY6,TSRYS5833261,D,S,T,2024-07-03,5000000.00,4.758004,99.75
08:00:30,91282CKY6,TSRYS5833261,D,S,T,2024-07-03,1000000.00,4.759048,99.748046875
08:00:30,91282CKY6,TSRYS5833261,D,S,T,2024-07-03,3000000.00,4.758004,99.75
08:00:30,91282CKY6,TSRYS5833261,D,S,T,2024-07-03,1000000.00,4.758004,99.75
08:00:30,91282CKY6,TSRYS5833261,D,S,T,2024-07-03,1000000.00,4.758004,99.75
08:00:30,91282CKY6,TSRYS5833261,D,S,T,2024-07-03,1000000.00,4.758004,99.75
08:00:30,91282CKY6,TSRYS5833261,D,S,T,2024-07-03,1000000.00,4.759048,99.748046875
08:00:30,91282CKY6,TSRYS5833261,D,S,T,2024-07-03,1000000.00,4.759048,99.748046875
08:00:30,91282CKY6,TSRYS5833261,D,S,T,2024-07-03,1000000.00,4.759048,99.748046875
08:00:30,91282CKY6,TSRYS5833261,D,S,T,2024-07-03,1000000.00,4.760092,99.74609375
08:00:30,91282CKY6,TSRYS5833261,D,S,T,2024-07-03,1000000.00,4.760092,99.74609375
08:00:30,91282CKY6,TSRYS5833261,D,S,T,2024-07-03,1000000.00,4.760092,99.74609375
08:00:30,91282CKY6,TSRYS5833261,D,S,T,2024-07-03,3000000.00,4.760092,99.74609375
08:00:30,91282CKY6,TSRYS5833261,D,S,T,2024-07-03,1000000.00,4.760092,99.74609375
08:00:30,91282CKY6,TSRYS5833261,D,S,T,2024-07-03,1000000.00,4.760092,99.74609375
08:00:30,91282CKY6,TSRYS5833261,D,S,T,2024-07-03,2000000.00,4.760092,99.74609375
08:00:30,91282CKY6,TSRYS5833261,D,S,T,2024-07-03,1000000.00,4.760092,99.74609375
08:00:30,91282CKY6,TSRYS5833261,D,S,T,2024-07-03,1000000.00,4.760092,99.74609375
08:00:30,91282CKY6,TSRYS5833261,D,S,T,2024-07-03,1000000.00,4.760092,99.74609375
08:00:30,91282CKY6,TSRYS5833261,D,S,T,2024-07-03,1000000.00,4.760092,99.74609375
08:00:30,91282CKY6,TSRYS5833261,D,S,T,2024-07-03,1000000.00,4.760092,99.74609375
08:00:30,91282CKY6,TSRYS5833261,D,S,T,2024-07-03,1000000.00,4.760092,99.74609375
08:00:30,91282CKY6,TSRYS5833261,D,S,T,2024-07-03,1000000.00,4.760092,99.74609375
08:00:30,91282CKY6,TSRYS5833261,D,S,T,2024-07-03,1000000.00,4.760092,99.74609375
08:00:30,91282CKY6,TSRYS5833261,D,S,T,2024-07-03,1000000.00,4.760092,99.74609375
08:00:30,91282CKY6,TSRYS5833261,D,S,T,2024-07-03,1000000.00,4.760092,99.74609375
08:00:30,91282CKY6,TSRYS5833261,D,S,T,2024-07-03,1000000.00,4.760092,99.74609375
08:00:30,91282CKY6,TSRYS5833261,D,S,T,2024-07-03,2000000.00,4.760092,99.74609375
08:00:30,91282CKY6,TSRYS5833261,D,S,T,2024-07-03,2000000.00,4.760092,99.74609375
08:00:30,91282CKY6,TSRYS5833261,D,S,T,2024-07-03,1000000.00,4.760092,99.74609375
08:00:30,91282CKY6,TSRYS5833261,D,S,T,2024-07-03,3000000.00,4.760092,99.74609375
08:00:30,91282CKY6,TSRYS5833261,D,S,T,2024-07-03,1000000.00,4.760092,99.74609375
08:00:30,91282CKY6,TSRYS5833261,D,S,T,2024-07-03,5000000.00,4.760092,99.74609375
08:00:30,91282CKY6,TSRYS5833261,D,S,T,2024-07-03,1000000.00,4.760092,99.74609375
08:00:30,91282CKY6,TSRYS5833261,D,S,T,2024-07-03,5000000.00,4.760092,99.74609375
08:00:30,91282CKY6,TSRYS5833261,D,S,T,2024-07-03,2000000.00,4.760092,99.74609375
08:00:30,91282CKY6,TSRYS5833261,D,S,T,2024-07-03,1000000.00,4.760092,99.74609375
08:00:30,91282CKY6,TSRYS5833261,D,S,T,2024-07-03,5000000.00,4.760092,99.74609375
08:00:30,91282CKY6,TSRYS5833261,D,S,T,2024-07-03,1000000.00,4.759048,99.748046875
08:00:30,91282CKY6,TSRYS5833261,D,S,T,2024-07-03,1000000.00,4.760092,99.74609375
08:00:30,91282CKY6,TSRYS5833261,D,S,T,2024-07-03,1000000.00,4.760092,99.74609375
08:00:30,91282CKY6,TSRYS5833261,D,S,T,2024-07-03,1000000.00,4.760092,99.74609375
08:00:30,91282CKY6,TSRYS5833261,D,S,T,2024-07-03,1000000.00,4.760092,99.74609375
08:00:30,91282CKY6,TSRYS5833261,D,S,T,2024-07-03,1000000.00,4.762179,99.7421875
08:00:30,91282CKY6,TSRYS5833261,D,S,T,2024-07-03,2000000.00,4.763223,99.740234375
08:00:30,91282CKY6,TSRYS5833261,D,S,T,2024-07-03,1000000.00,4.762179,99.7421875
08:00:30,91282CKY6,TSRYS5833261,D,S,T,2024-07-03,1000000.00,4.762179,99.7421875
08:00:30,91282CKY6,TSRYS5833261,D,S,T,2024-07-03,1000000.00,4.762179,99.7421875
08:00:30,91282CKY6,TSRYS5833261,D,S,T,2024-07-03,2000000.00,4.762179,99.7421875
08:00:30,91282CKY6,TSRYS5833261,D,S,T,2024-07-03,1000000.00,4.760092,99.74609375
08:00:30,91282CKY6,TSRYS5833261,D,S,T,2024-07-03,1000000.00,4.763223,99.740234375
08:00:30,91282CKY6,TSRYS5833261,D,S,T,2024-07-03,1000000.00,4.762179,99.7421875
08:00:30,91282CKY6,TSRYS5833261,D,S,T,2024-07-03,1000000.00,4.762179,99.7421875
08:00:30,91282CKY6,TSRYS5833261,D,S,T,2024-07-03,1000000.00,4.764267,99.73828125
08:00:30,91282CKY6,TSRYS5833261,D,S,T,2024-07-03,1000000.00,4.764267,99.73828125
08:00:30,91282CKY6,TSRYS5833261,D,S,T,2024-07-03,1000000.00,4.764267,99.73828125
08:00:30,91282CKY6,TSRYS5833261,D,S,T,2024-07-03,1000000.00,4.764267,99.73828125
08:00:30,91282CKY6,TSRYS5833261,D,S,T,2024-07-03,1000000.00,4.764267,99.73828125
08:00:30,91282CKY6,TSRYS5833261,D,S,T,2024-07-03,1000000.00,4.764267,99.73828125
08:00:30,91282CKY6,TSRYS5833261,D,S,T,2024-07-03,1000000.00,4.764267,99.73828125
08:00:30,91282CKY6,TSRYS5833261,D,S,T,2024-07-03,1000000.00,4.764267,99.73828125
08:00:30,91282CKY6,TSRYS5833261,D,S,T,2024-07-03,1000000.00,4.764267,99.73828125
08:00:30,91282CKY6,TSRYS5833261,D,S,T,2024-07-03,1000000.00,4.766354,99.734375
08:00:30,91282CKY6,TSRYS5833261,D,S,T,2024-07-03,1000000.00,4.766354,99.734375
08:00:30,91282CKY6,TSRYS5833261,D,S,T,2024-07-03,1000000.00,4.766354,99.734375
08:00:30,91282CKY6,TSRYS5833261,D,S,T,2024-07-03,1000000.00,4.766354,99.734375
08:00:30,91282CKY6,TSRYS5833261,D,S,T,2024-07-03,1000000.00,4.766354,99.734375
08:00:30,91282CKY6,TSRYS5833261,D,S,T,2024-07-03,1000000.00,4.766354,99.734375
08:00:30,91282CKY6,TSRYS5833261,D,S,T,2024-07-03,2000000.00,4.766354,99.734375
08:00:30,91282CKY6,TSRYS5833261,D,S,T,2024-07-03,1000000.00,4.766354,99.734375
08:00:30,91282CKY6,TSRYS5833261,D,S,T,2024-07-03,3000000.00,4.766354,99.734375
08:00:30,91282CKY6,TSRYS5833261,D,S,T,2024-07-03,4000000.00,4.766354,99.734375
08:00:30,91282CKY6,TSRYS5833261,D,S,T,2024-07-03,1000000.00,4.766354,99.734375
08:00:30,91282CKY6,TSRYS5833261,D,S,T,2024-07-03,1000000.00,4.766354,99.734375
08:00:30,91282CKY6,TSRYS5833261,D,S,T,2024-07-03,1000000.00,4.766354,99.734375
08:00:30,91282CKY6,TSRYS5833261,D,S,T,2024-07-03,1000000.00,4.766354,99.734375
08:00:30,91282CKY6,TSRYS5833261,D,S,T,2024-07-03,1000000.00,4.766354,99.734375
08:00:30,91282CKY6,TSRYS5833261,D,S,T,2024-07-03,2000000.00,4.766354,99.734375
08:00:30,91282CKY6,TSRYS5833261,D,S,T,2024-07-03,3000000.00,4.766354,99.734375
08:00:30,91282CKY6,TSRYS5833261,D,S,T,2024-07-03,1000000.00,4.766354,99.734375
08:00:30,91282CKY6,TSRYS5833261,D,S,T,2024-07-03,3000000.00,4.766354,99.734375
08:00:30,91282CKY6,TSRYS5833261,D,S,T,2024-07-03,1000000.00,4.766354,99.734375
08:00:30,91282CKY6,TSRYS5833261,D,S,T,2024-07-03,4000000.00,4.768442,99.73046875
08:00:30,91282CKY6,TSRYS5833261,D,S,T,2024-07-03,4000000.00,4.767398,99.732421875
08:00:30,91282CKY6,TSRYS5833261,D,S,D,2024-07-03,2000000.00,4.743396,99.77734375
08:00:30,91282CKY6,TSRYS5833261,D,S,D,2024-07-03,1000000.00,4.744439,99.775390625
08:00:30,91282CKY6,TSRYS5833261,D,S,D,2024-07-03,2000000.00,4.756961,99.751953125
08:00:30,91282CKY6,TSRYS5833261,D,S,D,2024-07-03,2000000.00,4.752786,99.759765625
08:00:30,91282CKY6,TSRYS5833261,D,S,D,2024-07-03,2000000.00,4.751743,99.76171875
08:00:30,91282CKY6,TSRYS5833261,D,S,D,2024-07-03,1000000.00,4.75383,99.7578125
08:00:30,91282CKY6,TSRYS5833261,D,S,D,2024-07-03,1000000.00,4.758004,99.75
08:00:30,91282CKY6,TSRYS5833261,D,S,D,2024-07-03,2000000.00,4.760092,99.74609375
08:00:30,91282CKY6,TSRYS5833261,D,S,D,2024-07-03,1000000.00,4.760092,99.74609375
08:00:30,91282CKY6,TSRYS5833261,D,S,D,2024-07-03,2000000.00,4.760092,99.74609375
08:00:30,91282CKY6,TSRYS5833261,D,S,D,2024-07-03,3000000.00,4.760092,99.74609375
08:00:30,91282CKY6,TSRYS5833261,D,S,D,2024-07-03,2000000.00,4.760092,99.74609375
08:00:30,91282CKY6,TSRYS5833261,D,S,D,2024-07-03,2000000.00,4.763223,99.740234375
08:00:30,91282CKY6,TSRYS5833261,D,S,D,2024-07-03,1000000.00,4.767398,99.732421875
08:00:30,91282CKY6,TSRYS5833261,D,S,D,2024-07-03,4000000.00,4.765311,99.736328125
08:00:30,91282CKY6,TSRYS5833261,D,S,D,2024-07-03,4000000.00,4.765311,99.736328125
08:00:30,91282CKY6,TSRYS5833261,D,S,D,2024-07-03,1000000.00,4.752786,99.759765625
08:00:30,91282CKY6,TSRYS5833261,D,S,D,2024-07-03,2000000.00,4.752786,99.759765625
08:00:30,91282CKY6,TSRYS5833261,D,S,D,2024-07-03,2000000.00,4.750699,99.763671875
08:00:30,91282CKY6,TSRYS5833261,D,S,D,2024-07-03,1000000.00,4.760092,99.74609375
08:00:30,91282CKY6,TSRYS5833261,D,S,D,2024-07-03,1000000.00,4.756961,99.751953125
08:00:30,91282CKY6,TSRYS5833261,D,S,D,2024-07-03,1000000.00,4.756961,99.751953125
08:00:30,91282CKY6,TSRYS5833261,D,S,D,2024-07-03,1000000.00,4.760092,99.74609375
08:00:30,91282CKY6,TSRYS5833261,D,S,D,2024-07-03,1000000.00,4.760092,99.74609375
08:00:30,91282CKY6,TSRYS5833261,D,S,D,2024-07-03,1000000.00,4.760092,99.74609375
08:00:30,91282CKY6,TSRYS5833261,D,S,D,2024-07-03,1000000.00,4.760092,99.74609375
08:00:30,91282CKY6,TSRYS5833261,D,S,D,2024-07-03,1000000.00,4.761135,99.744140625
08:00:30,91282CKY6,TSRYS5833261,D,S,D,2024-07-03,1000000.00,4.761135,99.744140625
08:00:30,91282CKY6,TSRYS5833261,D,S,D,2024-07-03,1000000.00,4.761135,99.744140625
08:00:30,91282CKY6,TSRYS5833261,D,S,T,2024-07-03,9000000.00,4.737136,99.7890625
08:00:30,91282CKY6,TSRYS5833261,D,S,T,2024-07-03,10000000.00,4.737136,99.7890625
08:00:30,91282CKY6,TSRYS5833261,D,S,T,2024-07-03,2000000.00,4.737136,99.7890625
08:00:30,91282CKY6,TSRYS5833261,D,S,T,2024-07-03,2000000.00,4.737136,99.7890625
08:00:30,91282CKY6,TSRYS5833261,D,S,T,2024-07-03,2000000.00,4.755917,99.75390625
08:00:30,91282CKY6,TSRYS5833261,D,S,T,2024-07-03,2000000.00,4.752786,99.759765625
08:00:30,91282CKY6,TSRYS5833261,D,S,T,2024-07-03,1000000.00,4.752786,99.759765625
08:00:31,91282CKY6,TSRYS5833261,D,S,T,2024-07-03,1000000.00,4.750699,99.763671875
08:00:31,91282CKY6,TSRYS5833261,D,S,T,2024-07-03,1000000.00,4.760092,99.74609375
08:00:31,91282CKY6,TSRYS5833261,D,S,T,2024-07-03,3000000.00,4.760092,99.74609375
08:00:31,91282CKY6,TSRYS5833261,D,S,T,2024-07-03,2000000.00,4.760092,99.74609375
08:00:31,91282CKY6,TSRYS5833261,D,S,T,2024-07-03,2000000.00,4.760092,99.74609375
08:00:31,91282CKY6,TSRYS5833261,D,S,T,2024-07-03,2000000.00,4.760092,99.74609375
08:00:31,91282CKY6,TSRYS5833261,D,S,T,2024-07-03,1000000.00,4.760092,99.74609375
08:00:31,91282CKY6,TSRYS5833261,D,S,T,2024-07-03,1000000.00,4.760092,99.74609375
08:00:31,91282CKY6,TSRYS5833261,D,S,T,2024-07-03,2000000.00,4.760092,99.74609375
08:00:31,91282CKY6,TSRYS5833261,D,S,T,2024-07-03,7000000.00,4.764267,99.73828125
08:00:31,91282CKY6,TSRYS5833261,D,S,T,2024-07-03,3000000.00,4.762179,99.7421875
08:00:31,91282CKY6,TSRYS5833261,D,S,T,2024-07-03,3000000.00,4.762179,99.7421875
08:00:31,91282CKY6,TSRYS5833261,D,S,T,2024-07-03,4000000.00,4.762179,99.7421875
08:00:31,91282CKY6,TSRYS5833261,D,S,T,2024-07-03,4000000.00,4.762179,99.7421875
08:00:31,91282CKY6,TSRYS5833261,D,S,T,2024-07-03,4000000.00,4.763223,99.740234375
08:00:35,91282CKY6,TSRYS5833261,D,S,T,2024-07-03,3000000.00,4.765311,99.736328125
08:00:35,91282CKY6,TSRYS5833261,D,S,T,2024-07-03,1000000.00,4.765311,99.736328125
08:00:35,91282CKY6,TSRYS5833261,D,S,T,2024-07-03,2000000.00,4.765311,99.736328125
08:00:35,91282CKY6,TSRYS5833261,D,S,T,2024-07-03,4000000.00,4.766354,99.734375
08:00:35,91282CKY6,TSRYS5833261,D,S,D,2024-07-03,2000000.00,4.748612,99.767578125
08:00:35,91282CKY6,TSRYS5833261,D,S,A,2024-07-03,244000.00,4.745482,99.7734375
08:00:35,91282CKY6,TSRYS5833261,D,S,A,2024-07-03,2300000.00,4.745482,99.7734375
08:00:35,91282CKY6,TSRYS5833261,D,S,A,2024-07-03,734000.00,4.747569,99.76953125
08:00:35,91282CKY6,TSRYS5833261,D,S,A,2024-07-03,800000.00,4.749656,99.765625
08:00:35,91282CKY6,TSRYS5833261,D,S,T,2024-07-03,2000000.00,4.749656,99.765625
08:00:35,91282CKY6,TSRYS5833261,D,S,T,2024-07-03,1000000.00,4.749656,99.765625
08:00:35,91282CKY6,TSRYS5833261,D,S,A,2024-07-03,10000000.00,4.75383,99.7578125
08:00:35,91282CKY6,TSRYS5833261,D,S,T,2024-07-03,1000000.00,4.75383,99.7578125
08:00:35,91282CKY6,TSRYS5833261,D,S,T,2024-07-03,1000000.00,4.75383,99.7578125
08:00:35,91282CKY6,TSRYS5833261,D,S,T,2024-07-03,1000000.00,4.749656,99.765625
08:00:35,91282CKY6,TSRYS5833261,D,S,C,2024-07-03,250000.00,4.751743,99.76171875
08:00:35,91282CKY6,TSRYS5833261,D,S,A,2024-07-03,6300000.00,4.751743,99.76171875
08:00:35,91282CKY6,TSRYS5833261,D,S,T,2024-07-03,10000000.00,4.749656,99.765625
08:00:35,91282CKY6,TSRYS5833261,D,S,C,2024-07-03,653000.00,4.751743,99.76171875
08:00:35,91282CKY6,TSRYS5833261,D,S,T,2024-07-03,1000000.00,4.749656,99.765625
08:00:35,91282CKY6,TSRYS5833261,D,B,A,2024-07-03,3390000.00,4.755917,99.75390625
08:00:35,91282CKY6,TSRYS5833261,D,B,A,2024-07-03,5000000.00,4.755917,99.75390625
08:00:35,91282CKY6,TSRYS5833261,D,B,A,2024-07-03,1000000.00,4.755917,99.75390625
08:00:35,91282CKY6,TSRYS5833261,D,B,A,2024-07-03,7000000.00,4.755917,99.75390625
08:00:35,91282CKY6,TSRYS5833261,D,B,A,2024-07-03,3000000.00,4.755917,99.75390625
08:00:35,91282CKY6,TSRYS5833261,D,B,A,2024-07-03,1000000.00,4.755917,99.75390625
08:00:35,91282CKY6,TSRYS5833261,D,S,T,2024-07-03,5000000.00,4.755917,99.75390625
08:00:35,91282CKY6,TSRYS5833261,D,S,T,2024-07-03,5000000.00,4.755917,99.75390625
08:00:35,91282CKY6,TSRYS5833261,D,S,T,2024-07-03,1000000.00,4.755917,99.75390625
08:00:35,91282CKY6,TSRYS5833261,D,S,T,2024-07-03,1000000.00,4.755917,99.75390625
08:00:35,91282CKY6,TSRYS5833261,D,B,A,2024-07-03,2000000.00,4.755917,99.75390625
08:00:35,91282CKY6,TSRYS5833261,D,S,T,2024-07-03,3000000.00,4.755917,99.75390625
08:00:35,91282CKY6,TSRYS5833261,D,B,A,2024-07-03,1000000.00,4.755917,99.75390625
08:00:35,91282CKY6,TSRYS5833261,D,B,A,2024-07-03,3000000.00,4.755917,99.75390625
08:00:35,91282CKY6,TSRYS5833261,D,S,T,2024-07-03,1000000.00,4.755917,99.75390625
08:00:35,91282CKY6,TSRYS5833261,D,B,A,2024-07-03,5000000.00,4.755917,99.75390625
08:00:35,91282CKY6,TSRYS5833261,D,B,A,2024-07-03,1000000.00,4.755917,99.75390625
08:00:35,91282CKY6,TSRYS5833261,D,B,A,2024-07-03,1000000.00,4.755917,99.75390625
08:00:35,91282CKY6,TSRYS5833261,D,B,A,2024-07-03,1000000.00,4.755917,99.75390625
08:00:35,91282CKY6,TSRYS5833261,D,B,A,2024-07-03,7000000.00,4.755917,99.75390625
08:00:35,91282CKY6,TSRYS5833261,D,S,T,2024-07-03,7000000.00,4.755917,99.75390625
08:00:35,91282CKY6,TSRYS5833261,D,S,T,2024-07-03,1000000.00,4.755917,99.75390625
08:00:35,91282CKY6,TSRYS5833261,D,S,T,2024-07-03,1000000.00,4.755917,99.75390625
08:00:35,91282CKY6,TSRYS5833261,D,B,A,2024-07-03,1000000.00,4.755917,99.75390625
08:00:35,91282CKY6,TSRYS5833261,D,S,T,2024-07-03,1000000.00,4.755917,99.75390625
08:00:35,91282CKY6,TSRYS5833261,D,S,T,2024-07-03,1000000.00,4.755917,99.75390625
08:00:35,91282CKY6,TSRYS5833261,D,B,A,2024-07-03,1000000.00,4.755917,99.75390625
08:00:35,91282CKY6,TSRYS5833261,D,S,T,2024-07-03,2000000.00,4.755917,99.75390625
08:00:35,91282CKY6,TSRYS5833261,D,S,T,2024-07-03,3000000.00,4.755917,99.75390625
08:00:35,91282CKY6,TSRYS5833261,D,S,T,2024-07-03,1000000.00,4.755917,99.75390625
08:00:35,91282CKY6,TSRYS5833261,D,S,T,2024-07-03,7000000.00,4.755917,99.75390625
08:00:35,91282CKY6,TSRYS5833261,D,B,A,2024-07-03,1000000.00,4.755917,99.75390625
08:00:35,91282CKY6,TSRYS5833261,D,B,A,2024-07-03,1000000.00,4.755917,99.75390625
08:00:35,91282CKY6,TSRYS5833261,D,B,A,2024-07-03,1000000.00,4.755917,99.75390625
08:00:35,91282CKY6,TSRYS5833261,D,S,T,2024-07-03,1000000.00,4.755917,99.75390625
08:00:35,91282CKY6,TSRYS5833261,D,S,T,2024-07-03,1000000.00,4.755917,99.75390625
08:00:35,91282CKY6,TSRYS5833261,D,B,A,2024-07-03,2000000.00,4.755917,99.75390625
08:00:35,91282CKY6,TSRYS5833261,D,S,T,2024-07-03,2000000.00,4.755917,99.75390625
08:00:35,91282CKY6,TSRYS5833261,D,S,T,2024-07-03,1000000.00,4.755917,99.75390625
08:00:35,91282CKY6,TSRYS5833261,D,B,A,2024-07-03,2000000.00,4.755917,99.75390625
08:00:35,91282CKY6,TSRYS5833261,D,S,T,2024-07-03,1000000.00,4.755917,99.75390625
08:00:35,91282CKY6,TSRYS5833261,D,S,T,2024-07-03,5000000.00,4.755917,99.75390625
08:00:35,91282CKY6,TSRYS5833261,D,S,D,2024-07-03,2000000.00,4.764267,99.73828125
08:00:35,91282CKY6,TSRYS5833261,D,S,D,2024-07-03,3000000.00,4.764267,99.73828125
08:00:35,91282CKY6,TSRYS5833261,D,S,D,2024-07-03,2000000.00,4.764267,99.73828125
08:00:35,91282CKY6,TSRYS5833261,D,S,D,2024-07-03,2000000.00,4.764267,99.73828125
08:00:35,91282CKY6,TSRYS5833261,D,S,D,2024-07-03,2000000.00,4.764267,99.73828125
08:00:35,91282CKY6,TSRYS5833261,D,S,D,2024-07-03,2000000.00,4.764267,99.73828125
08:00:35,91282CKY6,TSRYS5833261,D,S,D,2024-07-03,3000000.00,4.764267,99.73828125
08:00:35,91282CKY6,TSRYS5833261,D,S,D,2024-07-03,3000000.00,4.764267,99.73828125
08:00:35,91282CKY6,TSRYS5833261,D,S,D,2024-07-03,2000000.00,4.764267,99.73828125
08:00:35,91282CKY6,TSRYS5833261,D,S,D,2024-07-03,2000000.00,4.764267,99.73828125
08:00:35,91282CKY6,TSRYS5833261,D,S,D,2024-07-03,2000000.00,4.764267,99.73828125
08:00:35,91282CKY6,TSRYS5833261,D,S,D,2024-07-03,240000.00,4.764267,99.73828125
08:00:35,91282CKY6,TSRYS5833261,D,S,D,2024-07-03,200000.00,4.762179,99.7421875
08:00:35,91282CKY6,TSRYS5833261,D,S,T,2024-07-03,1000000.00,4.766354,99.734375
08:00:35,91282CKY6,TSRYS5833261,D,S,T,2024-07-03,1000000.00,4.766354,99.734375
08:00:36,91282CKY6,TSRYS5833261,D,S,A,2024-07-03,1000.00,4.751743,100.26171875
08:00:36,91282CKY6,TSRYS5833261,D,S,T,2024-07-03,4000000.00,4.768442,99.73046875
08:00:39,91282CKY6,TSRYS5833261,D,S,D,2024-07-03,3000000.00,4.754873,99.755859375
08:00:39,91282CKY6,TSRYS5833261,D,S,D,2024-07-03,2000000.00,4.754873,99.755859375
08:00:39,91282CKY6,TSRYS5833261,D,S,D,2024-07-03,1000000.00,4.754873,99.755859375
08:00:39,91282CKY6,TSRYS5833261,D,S,D,2024-07-03,2000000.00,4.751743,99.76171875
08:00:40,91282CKY6,TSRYS5833261,D,S,D,2024-07-03,1000000.00,4.75383,99.7578125
08:00:41,91282CKY6,TSRYS5833261,D,S,D,2024-07-03,1000000.00,4.758004,99.75
08:00:43,91282CKY6,TSRYS5833261,D,S,T,2024-07-03,3000000.00,4.745482,99.7734375
08:00:43,91282CKY6,TSRYS5833261,D,S,T,2024-07-03,1000000.00,4.745482,99.7734375
08:00:43,91282CKY6,TSRYS5833261,D,S,T,2024-07-03,1000000.00,4.745482,99.7734375
08:00:43,91282CKY6,TSRYS5833261,D,S,T,2024-07-03,1000000.00,4.745482,99.7734375
08:00:43,91282CKY6,TSRYS5833261,D,S,T,2024-07-03,1000000.00,4.745482,99.7734375
08:00:43,91282CKY6,TSRYS5833261,D,S,T,2024-07-03,4000000.00,4.745482,99.7734375
08:00:43,91282CKY6,TSRYS5833261,D,S,T,2024-07-03,1000000.00,4.745482,99.7734375
08:00:43,91282CKY6,TSRYS5833261,D,S,T,2024-07-03,4000000.00,4.745482,99.7734375
08:00:43,91282CKY6,TSRYS5833261,D,S,T,2024-07-03,1000000.00,4.743396,99.77734375
08:00:43,91282CKY6,TSRYS5833261,D,S,T,2024-07-03,3000000.00,4.743396,99.77734375
08:00:43,91282CKY6,TSRYS5833261,D,S,T,2024-07-03,1000000.00,4.743396,99.77734375
08:00:43,91282CKY6,TSRYS5833261,D,S,T,2024-07-03,1000000.00,4.743396,99.77734375
08:00:43,91282CKY6,TSRYS5833261,D,S,D,2024-07-03,27000000.00,4.747591,99.76949
08:00:43,91282CKY6,TSRYS5833261,D,S,A,2024-07-03,383000.00,4.745303,99.7737725
08:00:44,91282CKY6,TSRYS5833261,D,S,T,2024-07-03,2000000.00,4.747569,99.76953125
08:00:44,91282CKY6,TSRYS5833261,D,S,T,2024-07-03,1000000.00,4.747569,99.76953125
08:00:44,91282CKY6,TSRYS5833261,D,S,T,2024-07-03,1000000.00,4.747569,99.76953125
08:00:44,91282CKY6,TSRYS5833261,D,S,D,2024-07-03,64000000.00,4.746838,99.7709
08:00:44,91282CKY6,TSRYS5833261,D,S,A,2024-07-03,75000.00,4.745482,99.7734375
08:00:44,91282CKY6,TSRYS5833261,D,B,A,2024-07-03,233000.00,4.749656,99.765625
08:00:44,91282CKY6,TSRYS5833261,D,S,T,2024-07-03,1000000.00,4.749656,99.765625
08:00:44,91282CKY6,TSRYS5833261,D,S,T,2024-07-03,1000000.00,4.749656,99.765625
08:00:44,91282CKY6,TSRYS5833261,D,S,T,2024-07-03,1000000.00,4.747569,99.76953125
08:00:44,91282CKY6,TSRYS5833261,D,S,D,2024-07-03,1000.00,4.751743,99.76171875
08:00:44,91282CKY6,TSRYS5833261,D,S,T,2024-07-03,1000000.00,4.751743,99.76171875
08:00:46,91282CKY6,TSRYS5833261,D,S,A,2024-07-03,1502000.00,4.745482,99.7734375
08:00:46,91282CKY6,TSRYS5833261,D,S,D,2024-07-03,150000000.00,4.752608,99.7601
08:00:47,91282CKY6,TSRYS5833261,D,S,C,2024-07-03,133450000.00,4.751743,99.76171875
08:00:47,91282CKY6,TSRYS5833261,D,S,A,2024-07-03,700000.00,4.745482,99.7734375
08:00:47,91282CKY6,TSRYS5833261,D,B,A,2024-07-03,1050000.00,4.749656,99.765625
08:00:47,91282CKY6,TSRYS5833261,D,S,T,2024-07-03,1000000.00,4.74971,99.765523
08:00:47,91282CKY6,TSRYS5833261,D,B,A,2024-07-03,446000.00,4.749656,99.765625
08:00:47,91282CKY6,TSRYS5833261,D,S,A,2024-07-03,2500000.00,4.749656,99.765625
08:00:47,91282CKY6,TSRYS5833261,D,S,D,2024-07-03,5385000.00,4.751743,99.76171875
08:00:48,91282CKY6,TSRYS5833261,D,S,T,2024-07-03,7000000.00,4.749656,99.765625
08:00:48,91282CKY6,TSRYS5833261,D,S,T,2024-07-03,27000000.00,4.749656,99.765625
08:00:48,91282CKY6,TSRYS5833261,D,S,T,2024-07-03,5000000.00,4.749656,99.765625
08:00:49,91282CKY6,TSRYS5833261,D,S,T,2024-07-03,1000000.00,4.768442,99.73046875
08:00:49,91282CKY6,TSRYS5833261,D,S,T,2024-07-03,2000000.00,4.768442,99.73046875
08:00:49,91282CKY6,TSRYS5833261,D,S,T,2024-07-03,3000000.00,4.758004,99.75
08:00:49,91282CKY6,TSRYS5833261,D,S,T,2024-07-03,2000000.00,4.758004,99.75
08:00:49,91282CKY6,TSRYS5833261,D,S,D,2024-07-03,3000000.00,4.760092,99.74609375
08:00:50,91282CKY6,TSRYS5833261,D,S,C,2024-07-03,5385000.00,4.751743,99.76171875
08:00:50,91282CKY6,TSRYS5833261,D,S,T,2024-07-03,1000000.00,4.758004,99.75
08:00:50,91282CKY6,TSRYS5833261,D,S,C,2024-07-03,1000000.00,4.757825,99.750335
08:00:50,91282CKY6,TSRYS5833261,D,S,T,2024-07-03,2000000.00,4.758004,99.75
08:00:50,91282CKY6,TSRYS5833261,D,S,T,2024-07-03,1000000.00,4.760092,99.74609375
08:00:50,91282CKY6,TSRYS5833261,D,S,T,2024-07-03,2000000.00,4.760092,99.74609375
08:00:51,91282CKY6,TSRYS5833261,D,S,T,2024-07-03,4000000.00,4.768442,99.73046875
08:00:51,91282CKY6,TSRYS5833261,D,S,T,2024-07-03,1000000.00,4.762179,99.7421875
08:00:51,91282CKY6,TSRYS5833261,D,S,T,2024-07-03,4000000.00,4.763223,99.740234375
08:00:51,91282CKY6,TSRYS5833261,D,S,T,2024-07-03,1000000.00,4.763223,99.740234375
08:00:51,91282CKY6,TSRYS5833261,D,S,T,2024-07-03,2000000.00,4.762179,99.7421875
08:00:52,91282CKY6,TSRYS5833261,D,S,D,2024-07-03,1000000.00,4.762179,99.7421875
08:00:52,91282CKY6,TSRYS5833261,D,S,D,2024-07-03,1000000.00,4.762179,99.7421875
08:00:52,91282CKY6,TSRYS5833261,D,S,D,2024-07-03,1000000.00,4.762179,99.7421875
08:00:52,91282CKY6,TSRYS5833261,D,S,D,2024-07-03,1000000.00,4.762179,99.7421875
08:00:52,91282CKY6,TSRYS5833261,D,S,D,2024-07-03,1000000.00,4.762179,99.7421875
08:00:52,91282CKY6,TSRYS5833261,D,S,D,2024-07-03,1000000.00,4.762179,99.7421875
08:00:52,91282CKY6,TSRYS5833261,D,S,D,2024-07-03,1000000.00,4.762179,99.7421875
08:00:52,91282CKY6,TSRYS5833261,D,S,D,2024-07-03,1000000.00,4.762179,99.7421875
08:00:52,91282CKY6,TSRYS5833261,D,S,D,2024-07-03,1000000.00,4.762179,99.7421875
08:00:52,91282CKY6,TSRYS5833261,D,S,D,2024-07-03,1000000.00,4.762179,99.7421875
08:00:52,91282CKY6,TSRYS5833261,D,S,D,2024-07-03,1000000.00,4.762179,99.7421875
08:00:52,91282CKY6,TSRYS5833261,D,S,D,2024-07-03,1000000.00,4.762179,99.7421875
08:00:52,91282CKY6,TSRYS5833261,D,S,D,2024-07-03,1000000.00,4.762179,99.7421875
08:00:52,91282CKY6,TSRYS5833261,D,S,D,2024-07-03,1000000.00,4.762179,99.7421875
08:00:52,91282CKY6,TSRYS5833261,D,S,D,2024-07-03,1000000.00,4.762179,99.7421875
08:00:52,91282CKY6,TSRYS5833261,D,S,D,2024-07-03,1000000.00,4.762179,99.7421875
08:00:52,91282CKY6,TSRYS5833261,D,S,D,2024-07-03,1000000.00,4.762179,99.7421875
08:00:53,91282CKY6,TSRYS5833261,D,S,T,2024-07-03,1000000.00,4.745482,99.7734375
08:00:53,91282CKY6,TSRYS5833261,D,S,T,2024-07-03,1000000.00,4.745482,99.7734375
08:00:53,91282CKY6,TSRYS5833261,D,S,T,2024-07-03,6000000.00,4.745482,99.7734375
08:00:53,91282CKY6,TSRYS5833261,D,S,T,2024-07-03,2000000.00,4.745482,99.7734375
08:00:53,91282CKY6,TSRYS5833261,D,S,T,2024-07-03,12000000.00,4.745482,99.7734375
08:00:53,91282CKY6,TSRYS5833261,D,S,T,2024-07-03,12000000.00,4.745482,99.7734375
08:00:53,91282CKY6,TSRYS5833261,D,S,T,2024-07-03,1000000.00,4.743396,99.77734375
08:00:54,91282CKY6,TSRYS5833261,D,S,T,2024-07-03,1000000.00,4.743396,99.77734375
08:00:54,91282CKY6,TSRYS5833261,D,S,T,2024-07-03,1000000.00,4.743396,99.77734375
08:00:54,91282CKY6,TSRYS5833261,D,S,T,2024-07-03,2000000.00,4.747569,99.76953125
08:00:54,91282CKY6,TSRYS5833261,D,S,T,2024-07-03,1000000.00,4.747569,99.76953125
08:00:54,91282CKY6,TSRYS5833261,D,S,T,2024-07-03,1000000.00,4.747569,99.76953125
08:00:54,91282CKY6,TSRYS5833261,D,S,T,2024-07-03,2000000.00,4.747569,99.76953125
08:00:54,91282CKY6,TSRYS5833261,D,B,A,2024-07-03,11807000.00,4.75383,99.7578125
08:00:54,91282CKY6,TSRYS5833261,D,B,A,2024-07-03,7000000.00,4.751743,99.76171875
08:00:54,91282CKY6,TSRYS5833261,D,S,T,2024-07-03,1000000.00,4.749656,99.765625
08:00:54,91282CKY6,TSRYS5833261,D,S,T,2024-07-03,1000000.00,4.749656,99.765625
08:00:54,91282CKY6,TSRYS5833261,D,S,D,2024-07-03,1000000.00,4.751743,99.76171875
08:00:54,91282CKY6,TSRYS5833261,D,S,D,2024-07-03,3000000.00,4.756961,99.751953125
08:00:56,91282CKY6,TSRYS5833261,D,S,D,2024-07-03,1000000.00,4.766354,99.734375
08:00:56,91282CKY6,TSRYS5833261,D,S,D,2024-07-03,1000000.00,4.766354,99.734375
08:00:56,91282CKY6,TSRYS5833261,D,S,D,2024-07-03,2000000.00,4.763223,99.740234375
08:00:56,91282CKY6,TSRYS5833261,D,S,D,2024-07-03,1000000.00,4.764267,99.73828125
08:00:56,91282CKY6,TSRYS5833261,D,S,D,2024-07-03,1000000.00,4.767398,99.732421875
08:00:57,91282CKY6,TSRYS5833261,D,S,D,2024-07-03,1000000.00,4.748612,99.767578125
08:00:58,91282CKY6,TSRYS5833261,D,S,D,2024-07-03,4000000.00,4.765311,99.736328125
08:00:58,91282CKY6,TSRYS5833261,D,S,D,2024-07-03,1000000.00,4.765311,99.736328125
08:00:58,91282CKY6,TSRYS5833261,D,S,D,2024-07-03,1000000.00,4.765311,99.736328125
08:00:58,91282CKY6,TSRYS5833261,D,S,D,2024-07-03,1000000.00,4.765311,99.736328125
08:00:58,91282CKY6,TSRYS5833261,D,S,D,2024-07-03,2000000.00,4.765311,99.736328125
08:00:58,91282CKY6,TSRYS5833261,D,S,D,2024-07-03,4000000.00,4.765311,99.736328125
08:00:58,91282CKY6,TSRYS5833261,D,S,D,2024-07-03,1000000.00,4.765311,99.736328125
08:00:58,91282CKY6,TSRYS5833261,D,S,D,2024-07-03,1000000.00,4.765311,99.736328125
08:00:58,91282CKY6,TSRYS5833261,D,S,D,2024-07-03,170000.00,4.766354,99.734375
08:00:58,91282CKY6,TSRYS5833261,D,S,D,2024-07-03,2000000.00,4.768442,99.73046875
08:00:58,91282CKY6,TSRYS5833261,D,S,T,2024-07-03,2000000.00,4.749656,99.765625
08:00:58,91282CKY6,TSRYS5833261,D,S,T,2024-07-03,1000000.00,4.75383,99.7578125
08:00:59,91282CKY6,TSRYS5833261,D,B,A,2024-07-03,232000.00,4.755917,99.75390625
08:00:59,91282CKY6,TSRYS5833261,D,S,T,2024-07-03,2000000.00,4.758004,99.75
08:00:59,91282CKY6,TSRYS5833261,D,S,D,2024-07-03,1000000.00,4.768442,99.73046875
08:00:59,91282CKY6,TSRYS5833261,D,S,T,2024-07-03,1000000.00,4.760092,99.74609375
08:00:59,91282CKY6,TSRYS5833261,D,S,D,2024-07-03,1000000.00,4.757825,99.750335
08:01:00,91282CKY6,TSRYS5833261,D,S,T,2024-07-03,2000000.00,4.762339,99.7418875
08:01:00,91282CKY6,TSRYS5833261,D,S,T,2024-07-03,3000000.00,4.758004,99.75
08:01:00,91282CKY6,TSRYS5833261,D,S,T,2024-07-03,1000000.00,4.758004,99.75
08:01:00,91282CKY6,TSRYS5833261,D,S,T,2024-07-03,1000000.00,4.758004,99.75
08:01:00,91282CKY6,TSRYS5833261,D,S,T,2024-07-03,4000000.00,4.760092,99.74609375
08:01:01,91282CKY6,TSRYS5833261,D,S,D,2024-07-03,1000000.00,4.760092,99.74609375
08:01:01,91282CKY6,TSRYS5833261,D,S,D,2024-07-03,2000000.00,4.764267,99.73828125
08:01:01,91282CKY6,TSRYS5833261,D,S,T,2024-07-03,14000000.00,4.764267,99.73828125
08:01:01,91282CKY6,TSRYS5833261,D,S,T,2024-07-03,1000000.00,4.762179,99.7421875
08:01:02,91282CKY6,TSRYS5833261,D,S,A,2024-07-03,22000000.00,4.75383,99.7578125
08:01:03,91282CKY6,TSRYS5833261,D,S,D,2024-07-03,5100000.00,4.755917,99.75390625
08:01:03,91282CKY6,TSRYS5833261,D,S,D,2024-07-03,5100000.00,4.755917,99.75390625
08:01:03,91282CKY6,TSRYS5833261,D,S,D,2024-07-03,4000000.00,4.741309,99.78125
08:01:03,91282CKY6,TSRYS5833261,D,B,C,2024-07-03,4000000.00,4.741309,99.78125
08:01:03,91282CKY6,TSRYS5833261,D,B,C,2024-07-03,1000000.00,4.739223,99.78515625
08:01:03,91282CKY6,TSRYS5833261,D,S,C,2024-07-03,1000000.00,4.739223,99.78515625
08:01:03,91282CKY6,TSRYS5833261,D,S,C,2024-07-03,4000000.00,4.739223,99.78515625
08:01:03,91282CKY6,TSRYS5833261,D,B,C,2024-07-03,4000000.00,4.739223,99.78515625
08:01:03,91282CKY6,TSRYS5833261,D,S,D,2024-07-03,4000000.00,4.739223,99.78515625
08:01:03,91282CKY6,TSRYS5833261,D,B,C,2024-07-03,4000000.00,4.739223,99.78515625
08:01:03,91282CKY6,TSRYS5833261,D,S,D,2024-07-03,1000000.00,4.743396,99.77734375
08:01:03,91282CKY6,TSRYS5833261,D,B,C,2024-07-03,1000000.00,4.743396,99.77734375
08:01:03,91282CKY6,TSRYS5833261,D,S,C,2024-07-03,1000000.00,4.744439,99.775390625
08:01:03,91282CKY6,TSRYS5833261,D,B,C,2024-07-03,1000000.00,4.743396,99.77734375
08:01:03,91282CKY6,TSRYS5833261,D,S,C,2024-07-03,1000000.00,4.743396,99.77734375
08:01:03,91282CKY6,TSRYS5833261,D,S,D,2024-07-03,4000000.00,4.746526,99.771484375
08:01:03,91282CKY6,TSRYS5833261,D,S,D,2024-07-03,4000000.00,4.746526,99.771484375
08:01:03,91282CKY6,TSRYS5833261,D,S,D,2024-07-03,1000000.00,4.749656,99.765625
08:01:03,91282CKY6,TSRYS5833261,D,S,D,2024-07-03,4000000.00,4.746526,99.771484375
08:01:04,91282CKY6,TSRYS5833261,D,S,C,2024-07-03,1000000.00,4.749656,99.765625
08:01:04,91282CKY6,TSRYS5833261,D,S,D,2024-07-03,1000000.00,4.749656,99.765625
08:01:04,91282CKY6,TSRYS5833261,D,S,D,2024-07-03,1000000.00,4.749656,99.765625
08:01:04,91282CKY6,TSRYS5833261,D,S,D,2024-07-03,1000000.00,4.749656,99.765625
08:01:04,91282CKY6,TSRYS5833261,D,S,C,2024-07-03,1000000.00,4.751743,99.76171875
08:01:04,91282CKY6,TSRYS5833261,D,S,D,2024-07-03,1000000.00,4.751743,99.76171875
08:01:04,91282CKY6,TSRYS5833261,D,B,C,2024-07-03,1000000.00,4.756961,99.751953125
08:01:04,91282CKY6,TSRYS5833261,D,S,D,2024-07-03,1000000.00,4.756961,99.751953125
08:01:04,91282CKY6,TSRYS5833261,D,S,D,2024-07-03,1000000.00,4.751743,99.76171875
08:01:04,91282CKY6,TSRYS5833261,D,S,D,2024-07-03,1000000.00,4.756961,99.751953125
08:01:04,91282CKY6,TSRYS5833261,D,B,C,2024-07-03,1000000.00,4.751743,99.76171875
08:01:04,91282CKY6,TSRYS5833261,D,S,C,2024-07-03,1000000.00,4.751743,99.76171875
08:01:04,91282CKY6,TSRYS5833261,D,B,C,2024-07-03,1000000.00,4.756961,99.751953125
08:01:04,91282CKY6,TSRYS5833261,D,S,C,2024-07-03,2000000.00,4.752786,99.759765625
08:01:04,91282CKY6,TSRYS5833261,D,S,C,2024-07-03,1000000.00,4.751743,99.76171875
08:01:04,91282CKY6,TSRYS5833261,D,S,D,2024-07-03,1000000.00,4.751743,99.76171875
08:01:04,91282CKY6,TSRYS5833261,D,S,C,2024-07-03,2000000.00,4.754873,99.755859375
08:01:04,91282CKY6,TSRYS5833261,D,S,D,2024-07-03,3000000.00,4.756961,99.751953125
08:01:04,91282CKY6,TSRYS5833261,D,S,D,2024-07-03,2000000.00,4.756961,99.751953125
08:01:04,91282CKY6,TSRYS5833261,D,S,D,2024-07-03,1000000.00,4.754873,99.755859375
08:01:04,91282CKY6,TSRYS5833261,D,B,C,2024-07-03,2000000.00,4.752786,99.759765625
08:01:04,91282CKY6,TSRYS5833261,D,S,C,2024-07-03,3000000.00,4.755917,99.75390625
08:01:04,91282CKY6,TSRYS5833261,D,S,C,2024-07-03,1000000.00,4.75383,99.7578125
08:01:04,91282CKY6,TSRYS5833261,D,S,C,2024-07-03,1000000.00,4.75383,99.7578125
08:01:04,91282CKY6,TSRYS5833261,D,B,C,2024-07-03,1000000.00,4.752786,99.759765625
08:01:04,91282CKY6,TSRYS5833261,D,S,C,2024-07-03,1000000.00,4.752786,99.759765625
08:01:04,91282CKY6,TSRYS5833261,D,B,C,2024-07-03,1000000.00,4.751743,99.76171875
08:01:04,91282CKY6,TSRYS5833261,D,S,C,2024-07-03,1000000.00,4.751743,99.76171875
08:01:05,91282CKY6,TSRYS5833261,D,S,C,2024-07-03,1000000.00,4.748612,99.767578125
08:01:05,91282CKY6,TSRYS5833261,D,S,C,2024-07-03,1000000.00,4.752786,99.759765625
08:01:05,91282CKY6,TSRYS5833261,D,B,C,2024-07-03,1000000.00,4.748612,99.767578125
08:01:05,91282CKY6,TSRYS5833261,D,B,C,2024-07-03,1000000.00,4.748612,99.767578125
08:01:05,91282CKY6,TSRYS5833261,D,S,D,2024-07-03,1000000.00,4.748612,99.767578125
08:01:05,91282CKY6,TSRYS5833261,D,S,C,2024-07-03,2000000.00,4.748612,99.767578125
08:01:05,91282CKY6,TSRYS5833261,D,B,C,2024-07-03,2000000.00,4.748612,99.767578125
08:01:05,91282CKY6,TSRYS5833261,D,S,D,2024-07-03,2000000.00,4.748612,99.767578125
08:01:05,91282CKY6,TSRYS5833261,D,B,C,2024-07-03,2000000.00,4.748612,99.767578125
08:01:05,91282CKY6,TSRYS5833261,D,B,C,2024-07-03,4000000.00,4.748612,99.767578125
08:01:05,91282CKY6,TSRYS5833261,D,B,C,2024-07-03,2000000.00,4.748612,99.767578125
08:01:05,91282CKY6,TSRYS5833261,D,S,D,2024-07-03,4000000.00,4.748612,99.767578125
08:01:05,91282CKY6,TSRYS5833261,D,S,D,2024-07-03,2000000.00,4.748612,99.767578125
08:01:05,91282CKY6,TSRYS5833261,D,B,C,2024-07-03,1000000.00,4.747569,99.76953125
08:01:05,91282CKY6,TSRYS5833261,D,S,C,2024-07-03,1000000.00,4.747569,99.76953125
08:01:05,91282CKY6,TSRYS5833261,D,B,C,2024-07-03,1000000.00,4.747569,99.76953125
08:01:05,91282CKY6,TSRYS5833261,D,S,C,2024-07-03,1000000.00,4.747569,99.76953125
08:01:05,91282CKY6,TSRYS5833261,D,S,C,2024-07-03,1000000.00,4.748612,99.767578125
08:01:05,91282CKY6,TSRYS5833261,D,S,C,2024-07-03,1000000.00,4.751743,99.76171875
08:01:05,91282CKY6,TSRYS5833261,D,B,C,2024-07-03,1000000.00,4.751743,99.76171875
08:01:05,91282CKY6,TSRYS5833261,D,B,C,2024-07-03,1000000.00,4.751743,99.76171875
08:01:05,91282CKY6,TSRYS5833261,D,S,C,2024-07-03,5000000.00,4.75383,99.7578125
08:01:05,91282CKY6,TSRYS5833261,D,B,C,2024-07-03,5000000.00,4.75383,99.7578125
08:01:05,91282CKY6,TSRYS5833261,D,S,C,2024-07-03,1000000.00,4.751743,99.76171875
08:01:05,91282CKY6,TSRYS5833261,D,S,D,2024-07-03,1000000.00,4.752786,99.759765625
08:01:05,91282CKY6,TSRYS5833261,D,S,C,2024-07-03,4000000.00,4.751743,99.76171875
08:01:05,91282CKY6,TSRYS5833261,D,S,C,2024-07-03,1000000.00,4.751743,99.76171875
08:01:05,91282CKY6,TSRYS5833261,D,S,C,2024-07-03,2000000.00,4.755917,99.75390625
08:01:05,91282CKY6,TSRYS5833261,D,B,C,2024-07-03,2000000.00,4.755917,99.75390625
08:01:05,91282CKY6,TSRYS5833261,D,B,C,2024-07-03,1000000.00,4.754873,99.755859375
08:01:05,91282CKY6,TSRYS5833261,D,S,D,2024-07-03,3000000.00,4.754873,99.755859375
08:01:05,91282CKY6,TSRYS5833261,D,S,D,2024-07-03,1000000.00,4.754873,99.755859375
08:01:05,91282CKY6,TSRYS5833261,D,S,C,2024-07-03,5000000.00,4.754873,99.755859375
08:01:05,91282CKY6,TSRYS5833261,D,B,C,2024-07-03,5000000.00,4.754873,99.755859375
08:01:05,91282CKY6,TSRYS5833261,D,B,C,2024-07-03,3000000.00,4.754873,99.755859375
08:01:05,91282CKY6,TSRYS5833261,D,B,C,2024-07-03,2000000.00,4.754873,99.755859375
08:01:05,91282CKY6,TSRYS5833261,D,S,D,2024-07-03,1000000.00,4.754873,99.755859375
08:01:05,91282CKY6,TSRYS5833261,D,S,D,2024-07-03,2000000.00,4.754873,99.755859375
08:01:05,91282CKY6,TSRYS5833261,D,B,C,2024-07-03,1000000.00,4.754873,99.755859375
08:01:05,91282CKY6,TSRYS5833261,D,B,C,2024-07-03,1000000.00,4.754873,99.755859375
08:01:05,91282CKY6,TSRYS5833261,D,S,C,2024-07-03,1000000.00,4.754873,99.755859375
08:01:05,91282CKY6,TSRYS5833261,D,B,C,2024-07-03,1000000.00,4.754873,99.755859375
08:01:05,91282CKY6,TSRYS5833261,D,S,C,2024-07-03,1000000.00,4.754873,99.755859375
08:01:05,91282CKY6,TSRYS5833261,D,S,C,2024-07-03,1000000.00,4.754873,99.755859375
08:01:05,91282CKY6,TSRYS5833261,D,B,C,2024-07-03,1000000.00,4.754873,99.755859375
08:01:05,91282CKY6,TSRYS5833261,D,B,C,2024-07-03,1000000.00,4.754873,99.755859375
08:01:05,91282CKY6,TSRYS5833261,D,S,C,2024-07-03,1000000.00,4.75383,99.7578125
08:01:05,91282CKY6,TSRYS5833261,D,B,C,2024-07-03,1000000.00,4.75383,99.7578125
08:01:05,91282CKY6,TSRYS5833261,D,S,C,2024-07-03,1000000.00,4.754873,99.755859375
08:01:05,91282CKY6,TSRYS5833261,D,S,D,2024-07-03,2000000.00,4.751743,99.76171875
08:01:05,91282CKY6,TSRYS5833261,D,S,C,2024-07-03,1000000.00,4.750699,99.763671875
08:01:05,91282CKY6,TSRYS5833261,D,S,C,2024-07-03,1000000.00,4.75383,99.7578125
08:01:05,91282CKY6,TSRYS5833261,D,S,C,2024-07-03,1000000.00,4.758004,99.75
08:01:05,91282CKY6,TSRYS5833261,D,B,C,2024-07-03,1000000.00,4.759048,99.748046875
08:01:05,91282CKY6,TSRYS5833261,D,S,C,2024-07-03,1000000.00,4.759048,99.748046875
08:01:05,91282CKY6,TSRYS5833261,D,S,D,2024-07-03,1000000.00,4.754873,99.755859375
08:01:05,91282CKY6,TSRYS5833261,D,B,C,2024-07-03,1000000.00,4.754873,99.755859375
08:01:05,91282CKY6,TSRYS5833261,D,S,D,2024-07-03,1000000.00,4.759048,99.748046875
08:01:05,91282CKY6,TSRYS5833261,D,S,D,2024-07-03,1000000.00,4.759048,99.748046875
08:01:05,91282CKY6,TSRYS5833261,D,S,C,2024-07-03,2000000.00,4.764267,99.73828125
08:01:05,91282CKY6,TSRYS5833261,D,S,C,2024-07-03,1000000.00,4.763223,99.740234375
08:01:05,91282CKY6,TSRYS5833261,D,S,C,2024-07-03,1000000.00,4.762179,99.7421875
08:01:05,91282CKY6,TSRYS5833261,D,S,D,2024-07-03,1000000.00,4.762179,99.7421875
08:01:05,91282CKY6,TSRYS5833261,D,S,D,2024-07-03,1000000.00,4.762179,99.7421875
08:01:05,91282CKY6,TSRYS5833261,D,S,C,2024-07-03,1000000.00,4.762179,99.7421875
08:01:09,91282CKY6,TSRYS5833261,D,B,A,2024-07-03,459000.00,4.745482,99.7734375
08:01:09,91282CKY6,TSRYS5833261,D,S,T,2024-07-03,1000000.00,4.77053,99.7265625
08:01:10,91282CKY6,TSRYS5833261,D,S,T,2024-07-03,1000000.00,4.750753,99.763571875
08:01:10,91282CKY6,TSRYS5833261,D,S,T,2024-07-03,2000000.00,4.750753,99.763571875
08:01:10,91282CKY6,TSRYS5833261,D,S,T,2024-07-03,1000000.00,4.753883,99.7577125
08:01:10,91282CKY6,TSRYS5833261,D,S,T,2024-07-03,2000000.00,4.753883,99.7577125
08:01:10,91282CKY6,TSRYS5833261,D,S,T,2024-07-03,1000000.00,4.753883,99.7577125
08:01:10,91282CKY6,TSRYS5833261,D,S,T,2024-07-03,1000000.00,4.753883,99.7577125
08:01:10,91282CKY6,TSRYS5833261,D,S,T,2024-07-03,1000000.00,4.753883,99.7577125
08:01:10,91282CKY6,TSRYS5833261,D,S,T,2024-07-03,2000000.00,4.750793,99.763496875
08:01:11,91282CKY6,TSRYS5833261,D,S,T,2024-07-03,1000000.00,4.75395,99.7575875
08:01:11,91282CKY6,TSRYS5833261,D,S,T,2024-07-03,1000000.00,4.75395,99.7575875
08:01:11,91282CKY6,TSRYS5833261,D,B,C,2024-07-03,4000000.00,4.751287,99.7625719
08:01:11,91282CKY6,TSRYS5833261,D,B,C,2024-07-03,4000000.00,4.751287,99.7625719
08:01:11,91282CKY6,TSRYS5833261,D,B,C,2024-07-03,4000000.00,4.754418,99.7567125
08:01:11,91282CKY6,TSRYS5833261,D,B,C,2024-07-03,4000000.00,4.754418,99.7567125
08:01:12,91282CKY6,TSRYS5833261,D,S,C,2024-07-03,100000000.00,4.751743,99.76171875
08:01:12,91282CKY6,TSRYS5833261,D,S,A,2024-07-03,7244000.00,4.739223,99.78515625
08:01:12,91282CKY6,TSRYS5833261,D,B,A,2024-07-03,7000000.00,4.74313,99.77784
08:01:12,91282CKY6,TSRYS5833261,D,B,A,2024-07-03,244000.00,4.745482,99.7734375
08:01:13,91282CKY6,TSRYS5833261,D,S,A,2024-07-03,322000.00,4.751743,99.76171875
08:01:13,91282CKY6,TSRYS5833261,D,B,A,2024-07-03,16110000.00,4.749656,99.765625
08:01:13,91282CKY6,TSRYS5833261,D,S,T,2024-07-03,2000000.00,4.749656,99.765625
08:01:13,91282CKY6,TSRYS5833261,D,S,T,2024-07-03,5000000.00,4.749656,99.765625
08:01:13,91282CKY6,TSRYS5833261,D,S,T,2024-07-03,1000000.00,4.74971,99.765523
08:01:13,91282CKY6,TSRYS5833261,D,S,T,2024-07-03,1000000.00,4.74971,99.765523
08:01:13,91282CKY6,TSRYS5833261,D,S,T,2024-07-03,1000000.00,4.74971,99.765523
08:01:13,91282CKY6,TSRYS5833261,D,S,T,2024-07-03,1000000.00,4.74971,99.765523
08:01:14,91282CKY6,TSRYS5833261,D,S,T,2024-07-03,4000000.00,4.74971,99.765523
08:01:14,91282CKY6,TSRYS5833261,D,B,A,2024-07-03,7000000.00,4.755917,99.75390625
08:01:14,91282CKY6,TSRYS5833261,D,S,T,2024-07-03,1000000.00,4.753884,99.7577105
08:01:14,91282CKY6,TSRYS5833261,D,S,T,2024-07-03,2000000.00,4.753884,99.7577105
08:01:14,91282CKY6,TSRYS5833261,D,S,T,2024-07-03,1000000.00,4.753884,99.7577105
08:01:14,91282CKY6,TSRYS5833261,D,S,T,2024-07-03,3000000.00,4.753884,99.7577105
08:01:14,91282CKY6,TSRYS5833261,D,S,T,2024-07-03,1000000.00,4.762179,99.7421875
08:01:15,91282CKY6,TSRYS5833261,D,S,A,2024-07-03,1000000.00,4.749656,99.765625
08:01:15,91282CKY6,TSRYS5833261,D,S,A,2024-07-03,21000000.00,4.766354,99.734375
08:01:16,91282CKY6,TSRYS5833261,D,S,T,2024-07-03,2000000.00,4.766408,99.734275
08:01:16,91282CKY6,TSRYS5833261,D,S,T,2024-07-03,4000000.00,4.766408,99.734275
08:01:16,91282CKY6,TSRYS5833261,D,S,T,2024-07-03,1000000.00,4.766408,99.734275
08:01:16,91282CKY6,TSRYS5833261,D,S,C,2024-07-03,1000000.00,4.740266,99.783203125
08:01:16,91282CKY6,TSRYS5833261,D,B,C,2024-07-03,1000000.00,4.740266,99.783203125
08:01:16,91282CKY6,TSRYS5833261,D,S,C,2024-07-03,1000000.00,4.740266,99.783203125
08:01:16,91282CKY6,TSRYS5833261,D,B,C,2024-07-03,1000000.00,4.740266,99.783203125
08:01:16,91282CKY6,TSRYS5833261,D,S,C,2024-07-03,1000000.00,4.740266,99.783203125
08:01:16,91282CKY6,TSRYS5833261,D,B,C,2024-07-03,1000000.00,4.740266,99.783203125
08:01:16,91282CKY6,TSRYS5833261,D,S,C,2024-07-03,1000000.00,4.740266,99.783203125
08:01:16,91282CKY6,TSRYS5833261,D,B,C,2024-07-03,1000000.00,4.740266,99.783203125
08:01:16,91282CKY6,TSRYS5833261,D,S,C,2024-07-03,1000000.00,4.739223,99.78515625
08:01:16,91282CKY6,TSRYS5833261,D,B,C,2024-07-03,1000000.00,4.739223,99.78515625
08:01:16,91282CKY6,TSRYS5833261,D,S,D,2024-07-03,9000000.00,4.737136,99.7890625
08:01:17,91282CKY6,TSRYS5833261,D,S,D,2024-07-03,2000000.00,4.737136,99.7890625
08:01:17,91282CKY6,TSRYS5833261,D,S,D,2024-07-03,10000000.00,4.737136,99.7890625
08:01:17,91282CKY6,TSRYS5833261,D,S,D,2024-07-03,2000000.00,4.737136,99.7890625
08:01:17,91282CKY6,TSRYS5833261,D,B,A,2024-07-03,176000.00,4.747569,99.76953125
08:01:17,91282CKY6,TSRYS5833261,D,S,D,2024-07-03,2000000.00,4.737136,99.7890625
08:01:17,91282CKY6,TSRYS5833261,D,S,D,2024-07-03,1000000.00,4.737136,99.7890625
08:01:17,91282CKY6,TSRYS5833261,D,S,A,2024-07-03,1443000.00,4.747569,99.76953125
08:01:17,91282CKY6,TSRYS5833261,D,B,C,2024-07-03,1000000.00,4.739223,99.78515625
08:01:17,91282CKY6,TSRYS5833261,D,S,C,2024-07-03,1000000.00,4.739223,99.78515625
08:01:17,91282CKY6,TSRYS5833261,D,B,C,2024-07-03,1000000.00,4.739223,99.78515625
08:01:17,91282CKY6,TSRYS5833261,D,S,C,2024-07-03,1000000.00,4.739223,99.78515625
08:01:18,91282CKY6,TSRYS5833261,D,S,D,2024-07-03,1000000.00,4.762179,99.7421875
08:01:18,91282CKY6,TSRYS5833261,D,S,D,2024-07-03,1000000.00,4.762179,99.7421875
08:01:18,91282CKY6,TSRYS5833261,D,S,D,2024-07-03,1000000.00,4.762179,99.7421875
08:01:18,91282CKY6,TSRYS5833261,D,S,D,2024-07-03,1000000.00,4.762179,99.7421875
08:01:18,91282CKY6,TSRYS5833261,D,S,D,2024-07-03,1000000.00,4.762179,99.7421875
08:01:18,91282CKY6,TSRYS5833261,D,S,D,2024-07-03,1000000.00,4.762179,99.7421875
08:01:18,91282CKY6,TSRYS5833261,D,S,D,2024-07-03,1000000.00,4.762179,99.7421875
08:01:18,91282CKY6,TSRYS5833261,D,S,D,2024-07-03,1000000.00,4.762179,99.7421875
08:01:18,91282CKY6,TSRYS5833261,D,S,D,2024-07-03,1000000.00,4.762179,99.7421875
08:01:18,91282CKY6,TSRYS5833261,D,S,D,2024-07-03,1000000.00,4.762179,99.7421875
08:01:18,91282CKY6,TSRYS5833261,D,S,D,2024-07-03,1000000.00,4.762179,99.7421875
08:01:18,91282CKY6,TSRYS5833261,D,S,D,2024-07-03,1000000.00,4.762179,99.7421875
08:01:18,91282CKY6,TSRYS5833261,D,S,D,2024-07-03,1000000.00,4.762179,99.7421875
08:01:18,91282CKY6,TSRYS5833261,D,S,D,2024-07-03,1000000.00,4.762179,99.7421875
08:01:18,91282CKY6,TSRYS5833261,D,S,D,2024-07-03,1000000.00,4.762179,99.7421875
08:01:18,91282CKY6,TSRYS5833261,D,S,T,2024-07-03,1000000.00,4.762339,99.7418875
08:01:18,91282CKY6,TSRYS5833261,D,S,T,2024-07-03,1000000.00,4.762339,99.7418875
08:01:18,91282CKY6,TSRYS5833261,D,S,T,2024-07-03,1000000.00,4.762339,99.7418875
08:01:19,91282CKY6,TSRYS5833261,D,S,C,2024-07-03,2000000.00,4.763223,99.740234375
08:01:19,91282CKY6,TSRYS5833261,D,S,T,2024-07-03,2000000.00,4.764427,99.73798125
08:01:19,91282CKY6,TSRYS5833261,D,S,T,2024-07-03,1000000.00,4.764427,99.73798125
08:01:19,91282CKY6,TSRYS5833261,D,S,D,2024-07-03,1000000.00,4.764267,99.73828125
08:01:19,91282CKY6,TSRYS5833261,D,S,T,2024-07-03,1000000.00,4.764427,99.73798125
08:01:19,91282CKY6,TSRYS5833261,D,B,C,2024-07-03,2000000.00,4.764267,99.73828125
08:01:19,91282CKY6,TSRYS5833261,D,S,C,2024-07-03,2000000.00,4.764267,99.73828125
08:01:19,91282CKY6,TSRYS5833261,D,S,C,2024-07-03,1000000.00,4.764267,99.73828125
08:01:19,91282CKY6,TSRYS5833261,D,S,C,2024-07-03,1000000.00,4.764267,99.73828125
08:01:19,91282CKY6,TSRYS5833261,D,S,C,2024-07-03,1000000.00,4.764267,99.73828125
08:01:19,91282CKY6,TSRYS5833261,D,S,C,2024-07-03,1000000.00,4.764267,99.73828125
08:01:19,91282CKY6,TSRYS5833261,D,B,C,2024-07-03,1000000.00,4.764267,99.73828125
08:01:19,91282CKY6,TSRYS5833261,D,B,C,2024-07-03,2000000.00,4.766354,99.734375
08:01:19,91282CKY6,TSRYS5833261,D,S,C,2024-07-03,2000000.00,4.766354,99.734375
08:01:19,91282CKY6,TSRYS5833261,D,S,C,2024-07-03,1000000.00,4.766354,99.734375
08:01:19,91282CKY6,TSRYS5833261,D,B,C,2024-07-03,1000000.00,4.766354,99.734375
08:01:19,91282CKY6,TSRYS5833261,D,S,T,2024-07-03,1000000.00,4.766515,99.734075
08:01:19,91282CKY6,TSRYS5833261,D,S,T,2024-07-03,1000000.00,4.766515,99.734075
08:01:19,91282CKY6,TSRYS5833261,D,S,T,2024-07-03,1000000.00,4.766515,99.734075
08:01:19,91282CKY6,TSRYS5833261,D,S,T,2024-07-03,1000000.00,4.766515,99.734075
08:01:19,91282CKY6,TSRYS5833261,D,S,T,2024-07-03,3000000.00,4.766515,99.734075
08:01:19,91282CKY6,TSRYS5833261,D,S,T,2024-07-03,1000000.00,4.766515,99.734075
08:01:19,91282CKY6,TSRYS5833261,D,S,T,2024-07-03,1000000.00,4.766515,99.734075
08:01:19,91282CKY6,TSRYS5833261,D,S,T,2024-07-03,1000000.00,4.766515,99.734075
08:01:19,91282CKY6,TSRYS5833261,D,S,T,2024-07-03,1000000.00,4.766515,99.734075
08:01:19,91282CKY6,TSRYS5833261,D,S,T,2024-07-03,1000000.00,4.766515,99.734075
08:01:19,91282CKY6,TSRYS5833261,D,S,T,2024-07-03,1000000.00,4.766515,99.734075
08:01:20,91282CKY6,TSRYS5833261,D,S,C,2024-07-03,1000000.00,4.767398,99.732421875
08:01:20,91282CKY6,TSRYS5833261,D,S,T,2024-07-03,1000000.00,4.750699,99.763671875
08:01:20,91282CKY6,TSRYS5833261,D,S,T,2024-07-03,1000000.00,4.750699,99.763671875
08:01:20,91282CKY6,TSRYS5833261,D,S,T,2024-07-03,1000000.00,4.750699,99.763671875
08:01:20,91282CKY6,TSRYS5833261,D,S,A,2024-07-03,10000000.00,4.751743,99.76171875
08:01:20,91282CKY6,TSRYS5833261,D,S,C,2024-07-03,1000000.00,4.768442,99.73046875
08:01:20,91282CKY6,TSRYS5833261,D,B,C,2024-07-03,1000000.00,4.768442,99.73046875
08:01:20,91282CKY6,TSRYS5833261,D,S,T,2024-07-03,1000000.00,4.766515,99.734075
08:01:20,91282CKY6,TSRYS5833261,D,S,T,2024-07-03,1000000.00,4.766515,99.734075
08:01:20,91282CKY6,TSRYS5833261,D,S,T,2024-07-03,1000000.00,4.766515,99.734075
08:01:20,91282CKY6,TSRYS5833261,D,S,T,2024-07-03,1000000.00,4.766515,99.734075
08:01:20,91282CKY6,TSRYS5833261,D,S,T,2024-07-03,1000000.00,4.766515,99.734075
08:01:20,91282CKY6,TSRYS5833261,D,B,C,2024-07-03,1000000.00,4.739223,99.78515625
08:01:20,91282CKY6,TSRYS5833261,D,S,C,2024-07-03,1000000.00,4.739223,99.78515625
08:01:20,91282CKY6,TSRYS5833261,D,B,C,2024-07-03,1000000.00,4.739223,99.78515625
08:01:20,91282CKY6,TSRYS5833261,D,S,C,2024-07-03,1000000.00,4.739223,99.78515625
08:01:20,91282CKY6,TSRYS5833261,D,B,C,2024-07-03,1000000.00,4.739223,99.78515625
08:01:20,91282CKY6,TSRYS5833261,D,S,C,2024-07-03,1000000.00,4.739223,99.78515625
08:01:20,91282CKY6,TSRYS5833261,D,S,A,2024-07-03,107000.00,4.762179,99.742188
08:01:20,91282CKY6,TSRYS5833261,D,S,D,2024-07-03,1000000.00,4.765311,99.736328125
08:01:20,91282CKY6,TSRYS5833261,D,S,D,2024-07-03,1000000.00,4.765311,99.736328125
08:01:20,91282CKY6,TSRYS5833261,D,S,D,2024-07-03,1000000.00,4.765311,99.736328125
08:01:20,91282CKY6,TSRYS5833261,D,S,D,2024-07-03,1000000.00,4.765311,99.736328125
08:01:20,91282CKY6,TSRYS5833261,D,B,C,2024-07-03,1000000.00,4.765311,99.736328125
08:01:20,91282CKY6,TSRYS5833261,D,S,D,2024-07-03,1000000.00,4.765311,99.736328125
08:01:20,91282CKY6,TSRYS5833261,D,B,C,2024-07-03,1000000.00,4.765311,99.736328125
08:01:20,91282CKY6,TSRYS5833261,D,B,C,2024-07-03,1000000.00,4.765311,99.736328125
08:01:20,91282CKY6,TSRYS5833261,D,B,C,2024-07-03,1000000.00,4.765311,99.736328125
08:01:20,91282CKY6,TSRYS5833261,D,B,C,2024-07-03,1000000.00,4.765311,99.736328125
08:01:20,91282CKY6,TSRYS5833261,D,S,D,2024-07-03,2000000.00,4.765311,99.736328125
08:01:21,91282CKY6,TSRYS5833261,D,S,C,2024-07-03,1000000.00,4.739223,99.78515625
08:01:21,91282CKY6,TSRYS5833261,D,B,C,2024-07-03,1000000.00,4.739223,99.78515625
08:01:21,91282CKY6,TSRYS5833261,D,B,C,2024-07-03,1000000.00,4.766354,99.734375
08:01:21,91282CKY6,TSRYS5833261,D,S,D,2024-07-03,1000000.00,4.766354,99.734375
08:01:21,91282CKY6,TSRYS5833261,D,B,C,2024-07-03,1000000.00,4.766354,99.734375
08:01:21,91282CKY6,TSRYS5833261,D,S,D,2024-07-03,1000000.00,4.766354,99.734375
08:01:21,91282CKY6,TSRYS5833261,D,B,C,2024-07-03,2000000.00,4.768442,99.73046875
08:01:21,91282CKY6,TSRYS5833261,D,S,D,2024-07-03,2000000.00,4.768442,99.73046875
08:01:21,91282CKY6,TSRYS5833261,D,S,C,2024-07-03,1000000.00,4.768442,99.73046875
08:01:21,91282CKY6,TSRYS5833261,D,B,C,2024-07-03,1000000.00,4.768442,99.73046875
08:01:21,91282CKY6,TSRYS5833261,D,B,C,2024-07-03,1000000.00,4.768442,99.73046875
08:01:21,91282CKY6,TSRYS5833261,D,S,C,2024-07-03,1000000.00,4.768442,99.73046875
08:01:21,91282CKY6,TSRYS5833261,D,S,C,2024-07-03,1000000.00,4.768442,99.73046875
08:01:21,91282CKY6,TSRYS5833261,D,B,C,2024-07-03,1000000.00,4.768442,99.73046875
08:01:21,91282CKY6,TSRYS5833261,D,B,C,2024-07-03,1000000.00,4.768442,99.73046875
08:01:21,91282CKY6,TSRYS5833261,D,S,D,2024-07-03,1000000.00,4.768442,99.73046875
08:01:22,91282CKY6,TSRYS5833261,D,S,C,2024-07-03,2000000.00,4.740266,99.783203125
08:01:22,91282CKY6,TSRYS5833261,D,B,C,2024-07-03,2000000.00,4.740266,99.783203125
08:01:22,91282CKY6,TSRYS5833261,D,B,C,2024-07-03,1000000.00,4.740266,99.783203125
08:01:22,91282CKY6,TSRYS5833261,D,S,C,2024-07-03,1000000.00,4.740266,99.783403125
08:01:22,91282CKY6,TSRYS5833261,D,S,C,2024-07-03,1000000.00,4.754873,99.75585937
08:01:22,91282CKY6,TSRYS5833261,D,S,C,2024-07-03,1000000.00,4.754873,99.75585937
08:01:22,91282CKY6,TSRYS5833261,D,S,C,2024-07-03,1000000.00,4.754873,99.75585937
08:01:23,91282CKY6,TSRYS5833261,D,S,C,2024-07-03,1000000.00,4.754873,99.75585937
08:01:23,91282CKY6,TSRYS5833261,D,S,A,2024-07-03,2789000.00,4.755917,99.75390625
08:01:23,91282CKY6,TSRYS5833261,D,S,C,2024-07-03,1000000.00,4.751743,99.76171875
08:01:23,91282CKY6,TSRYS5833261,D,S,C,2024-07-03,1000000.00,4.751743,99.76171875
08:01:23,91282CKY6,TSRYS5833261,D,S,C,2024-07-03,1000000.00,4.751743,99.76171875
08:01:23,91282CKY6,TSRYS5833261,D,S,C,2024-07-03,1000000.00,4.751743,99.76171875
08:01:23,91282CKY6,TSRYS5833261,D,S,C,2024-07-03,1000000.00,4.751743,99.76171875
08:01:23,91282CKY6,TSRYS5833261,D,S,C,2024-07-03,1000000.00,4.751743,99.76171875
08:01:23,91282CKY6,TSRYS5833261,D,S,T,2024-07-03,1000000.00,4.751743,99.76171875
08:01:23,91282CKY6,TSRYS5833261,D,S,T,2024-07-03,1000000.00,4.751743,99.76171875
08:01:23,91282CKY6,TSRYS5833261,D,S,D,2024-07-03,1000000.00,4.751743,99.76171875
08:01:23,91282CKY6,TSRYS5833261,D,S,C,2024-07-03,1000000.00,4.739223,99.78515625
08:01:23,91282CKY6,TSRYS5833261,D,B,C,2024-07-03,1000000.00,4.739223,99.78515625
08:01:24,91282CKY6,TSRYS5833261,D,S,T,2024-07-03,1000000.00,4.75185,99.76151875
08:01:24,91282CKY6,TSRYS5833261,D,S,D,2024-07-03,1000000.00,4.751743,99.76171875
08:01:24,91282CKY6,TSRYS5833261,D,S,T,2024-07-03,1000000.00,4.75185,99.76151875
08:01:24,91282CKY6,TSRYS5833261,D,S,T,2024-07-03,1000000.00,4.75185,99.76151875
08:01:24,91282CKY6,TSRYS5833261,D,S,T,2024-07-03,1000000.00,4.75185,99.76151875
08:01:24,91282CKY6,TSRYS5833261,D,S,D,2024-07-03,1000000.00,4.749656,99.765625
08:01:24,91282CKY6,TSRYS5833261,D,S,T,2024-07-03,1000000.00,4.749763,99.765425
08:01:24,91282CKY6,TSRYS5833261,D,S,T,2024-07-03,1000000.00,4.749763,99.765425
08:01:24,91282CKY6,TSRYS5833261,D,S,T,2024-07-03,1000000.00,4.749763,99.765425
08:01:25,91282CKY6,TSRYS5833261,D,S,T,2024-07-03,1000000.00,4.749763,99.765425
08:01:25,91282CKY6,TSRYS5833261,D,S,T,2024-07-03,1000000.00,4.749763,99.765425
08:01:25,91282CKY6,TSRYS5833261,D,S,C,2024-07-03,1000000.00,4.749656,99.765625
08:01:26,91282CKY6,TSRYS5833261,D,S,T,2024-07-03,2000000.00,4.747622,99.76943125
08:01:26,91282CKY6,TSRYS5833261,D,S,T,2024-07-03,1000000.00,4.747622,99.76943125
08:01:26,91282CKY6,TSRYS5833261,D,S,T,2024-07-03,1000000.00,4.747622,99.76943125
08:01:26,91282CKY6,TSRYS5833261,D,S,T,2024-07-03,2000000.00,4.747622,99.76943125
08:01:26,91282CKY6,TSRYS5833261,D,S,T,2024-07-03,4000000.00,4.747622,99.76943125
08:01:27,91282CKY6,TSRYS5833261,D,S,T,2024-07-03,3000000.00,4.762179,99.7421875
08:01:27,91282CKY6,TSRYS5833261,D,S,D,2024-07-03,1000000.00,4.743396,99.77734375
08:01:27,91282CKY6,TSRYS5833261,D,B,C,2024-07-03,1000000.00,4.743396,99.77734375
08:01:27,91282CKY6,TSRYS5833261,D,B,C,2024-07-03,1000000.00,4.743396,99.77734375
08:01:27,91282CKY6,TSRYS5833261,D,S,D,2024-07-03,1000000.00,4.743396,99.77734375
08:01:27,91282CKY6,TSRYS5833261,D,S,D,2024-07-03,1000000.00,4.743396,99.77734375
08:01:27,91282CKY6,TSRYS5833261,D,B,C,2024-07-03,1000000.00,4.743396,99.77734375
08:01:27,91282CKY6,TSRYS5833261,D,B,C,2024-07-03,1000000.00,4.743396,99.77734375
08:01:27,91282CKY6,TSRYS5833261,D,S,D,2024-07-03,1000000.00,4.743396,99.77734375
08:01:27,91282CKY6,TSRYS5833261,D,S,D,2024-07-03,1000000.00,4.743396,99.77734375
08:01:27,91282CKY6,TSRYS5833261,D,B,C,2024-07-03,1000000.00,4.743396,99.77734375
08:01:28,91282CKY6,TSRYS5833261,D,S,D,2024-07-03,1000000.00,4.754873,99.75585937
08:01:29,91282CKY6,TSRYS5833261,D,S,C,2024-07-03,464000.00,4.75383,99.7578125
08:01:29,91282CKY6,TSRYS5833261,D,S,C,2024-07-03,1000000.00,4.746526,99.771484375
08:01:30,91282CKY6,TSRYS5833261,D,B,A,2024-07-03,825000.00,4.758004,99.75
08:01:30,91282CKY6,TSRYS5833261,D,S,C,2024-07-03,1000000.00,4.746526,99.771484375
08:01:30,91282CKY6,TSRYS5833261,D,B,C,2024-07-03,1000000.00,4.746526,99.771484375
08:01:30,91282CKY6,TSRYS5833261,D,S,C,2024-07-03,1600000.00,4.747569,99.76953125
08:01:31,91282CKY6,TSRYS5833261,D,S,T,2024-07-03,1000000.00,4.75185,99.76151875
08:01:31,91282CKY6,TSRYS5833261,D,S,T,2024-07-03,1000000.00,4.75185,99.76151875
08:01:31,91282CKY6,TSRYS5833261,D,S,T,2024-07-03,1000000.00,4.75185,99.76151875
08:01:31,91282CKY6,TSRYS5833261,D,S,T,2024-07-03,1000000.00,4.75185,99.76151875
08:01:32,91282CKY6,TSRYS5833261,D,S,T,2024-07-03,1000000.00,4.75383,99.7578125
08:01:32,91282CKY6,TSRYS5833261,D,S,T,2024-07-03,1000000.00,4.75383,99.7578125
08:01:32,91282CKY6,TSRYS5833261,D,S,T,2024-07-03,1000000.00,4.75383,99.7578125
08:01:32,91282CKY6,TSRYS5833261,D,S,T,2024-07-03,1000000.00,4.75383,99.7578125
08:01:32,91282CKY6,TSRYS5833261,D,S,T,2024-07-03,1000000.00,4.75383,99.7578125
08:01:32,91282CKY6,TSRYS5833261,D,S,C,2024-07-03,1000000.00,4.749656,99.765625
08:01:32,91282CKY6,TSRYS5833261,D,S,D,2024-07-03,1000000.00,4.75383,99.7578125
08:01:32,91282CKY6,TSRYS5833261,D,S,C,2024-07-03,1000000.00,4.745482,99.7734375
08:01:32,91282CKY6,TSRYS5833261,D,S,C,2024-07-03,1000000.00,4.745482,99.7734375
08:01:32,91282CKY6,TSRYS5833261,D,S,D,2024-07-03,1000000.00,4.75383,99.7578125
08:01:32,91282CKY6,TSRYS5833261,D,S,T,2024-07-03,1000000.00,4.762179,99.7421875
08:01:32,91282CKY6,TSRYS5833261,D,S,C,2024-07-03,1000000.00,4.75383,99.7578125
08:01:32,91282CKY6,TSRYS5833261,D,S,C,2024-07-03,1000000.00,4.75383,99.7578125
08:01:33,91282CKY6,TSRYS5833261,D,S,C,2024-07-03,1000000.00,4.75383,99.7578125
08:01:33,91282CKY6,TSRYS5833261,D,S,C,2024-07-03,1000000.00,4.75383,99.7578125
08:01:33,91282CKY6,TSRYS5833261,D,S,C,2024-07-03,1000000.00,4.75383,99.7578125
08:01:33,91282CKY6,TSRYS5833261,D,S,T,2024-07-03,1000000.00,4.753937,99.7576125
08:01:33,91282CKY6,TSRYS5833261,D,S,T,2024-07-03,1000000.00,4.753937,99.7576125
08:01:33,91282CKY6,TSRYS5833261,D,S,T,2024-07-03,1000000.00,4.753937,99.7576125
08:01:33,91282CKY6,TSRYS5833261,D,S,T,2024-07-03,1000000.00,4.753937,99.7576125
08:01:33,91282CKY6,TSRYS5833261,D,S,T,2024-07-03,1000000.00,4.753937,99.7576125
08:01:33,91282CKY6,TSRYS5833261,D,S,T,2024-07-03,1000000.00,4.753937,99.7576125
08:01:34,91282CKY6,TSRYS5833261,D,S,T,2024-07-03,1000000.00,4.753937,99.7576125
08:01:34,91282CKY6,TSRYS5833261,D,S,T,2024-07-03,1000000.00,4.753937,99.7576125
08:01:34,91282CKY6,TSRYS5833261,D,S,T,2024-07-03,1000000.00,4.753937,99.7576125
08:01:34,91282CKY6,TSRYS5833261,D,S,T,2024-07-03,1000000.00,4.753937,99.7576125
08:01:34,91282CKY6,TSRYS5833261,D,S,T,2024-07-03,1000000.00,4.759048,99.748046875
08:01:34,91282CKY6,TSRYS5833261,D,S,T,2024-07-03,1000000.00,4.759048,99.748046875
08:01:34,91282CKY6,TSRYS5833261,D,S,T,2024-07-03,1000000.00,4.754873,99.75585937
08:01:34,91282CKY6,TSRYS5833261,D,S,T,2024-07-03,1000000.00,4.751743,99.76171875
08:01:34,91282CKY6,TSRYS5833261,D,S,T,2024-07-03,1000000.00,4.751743,99.76171875
08:01:35,91282CKY6,TSRYS5833261,D,S,T,2024-07-03,1000000.00,4.760145,99.74599375
08:01:35,91282CKY6,TSRYS5833261,D,S,T,2024-07-03,2000000.00,4.760145,99.74599375
08:01:35,91282CKY6,TSRYS5833261,D,S,T,2024-07-03,2000000.00,4.760145,99.74599375
08:01:35,91282CKY6,TSRYS5833261,D,S,T,2024-07-03,5000000.00,4.760092,99.74609375
08:01:35,91282CKY6,TSRYS5833261,D,S,A,2024-07-03,1000000.00,4.760092,99.74609375
08:01:35,91282CKY6,TSRYS5833261,D,S,A,2024-07-03,5000000.00,4.758004,99.75
08:01:35,91282CKY6,TSRYS5833261,D,B,C,2024-07-03,1000000.00,4.745482,99.7734375
08:01:35,91282CKY6,TSRYS5833261,D,S,C,2024-07-03,1000000.00,4.745482,99.7734375
08:01:35,91282CKY6,TSRYS5833261,D,S,C,2024-07-03,1000000.00,4.745482,99.7734375
08:01:35,91282CKY6,TSRYS5833261,D,S,C,2024-07-03,1000000.00,4.745482,99.7734375
08:01:35,91282CKY6,TSRYS5833261,D,S,C,2024-07-03,1000000.00,4.745482,99.7734375
08:01:35,91282CKY6,TSRYS5833261,D,S,C,2024-07-03,1000000.00,4.745482,99.7734375
08:01:35,91282CKY6,TSRYS5833261,D,B,C,2024-07-03,1000000.00,4.745482,99.7734375
08:01:35,91282CKY6,TSRYS5833261,D,S,C,2024-07-03,1000000.00,4.745482,99.7734375
08:01:35,91282CKY6,TSRYS5833261,D,B,C,2024-07-03,1000000.00,4.745482,99.7734375
08:01:35,91282CKY6,TSRYS5833261,D,S,C,2024-07-03,1000000.00,4.745482,99.7734375
08:01:36,91282CKY6,TSRYS5833261,D,S,T,2024-07-03,3000000.00,4.748612,99.76757812
08:01:36,91282CKY6,TSRYS5833261,D,S,D,2024-07-03,2000000.00,4.748612,99.76757812
08:01:36,91282CKY6,TSRYS5833261,D,S,D,2024-07-03,4000000.00,4.748612,99.76757812
08:01:36,91282CKY6,TSRYS5833261,D,S,C,2024-07-03,1000000.00,4.745482,99.7734375
08:01:36,91282CKY6,TSRYS5833261,D,S,C,2024-07-03,1000000.00,4.745482,99.7734375
08:01:36,91282CKY6,TSRYS5833261,D,B,C,2024-07-03,1000000.00,4.745482,99.7734375
08:01:36,91282CKY6,TSRYS5833261,D,S,C,2024-07-03,1000000.00,4.745482,99.7734375
08:01:37,91282CKY6,TSRYS5833261,D,S,C,2024-07-03,7000000.00,4.74313,99.77784
08:01:37,91282CKY6,TSRYS5833261,D,S,C,2024-07-03,1000000.00,4.75383,99.7578125
08:01:38,91282CKY6,TSRYS5833261,D,S,D,2024-07-03,1000000.00,4.75383,99.7578125
08:01:38,91282CKY6,TSRYS5833261,D,S,D,2024-07-03,1000000.00,4.75383,99.7578125
08:01:38,91282CKY6,TSRYS5833261,D,S,C,2024-07-03,1000000.00,4.75383,99.7578125
08:01:38,91282CKY6,TSRYS5833261,D,S,C,2024-07-03,1000000.00,4.75383,99.7578125
08:01:38,91282CKY6,TSRYS5833261,D,S,C,2024-07-03,1000000.00,4.75383,99.7578125
08:01:38,91282CKY6,TSRYS5833261,D,S,T,2024-07-03,1000000.00,4.75383,99.7578125
08:01:38,91282CKY6,TSRYS5833261,D,S,D,2024-07-03,1000000.00,4.75383,99.7578125
08:01:38,91282CKY6,TSRYS5833261,D,S,C,2024-07-03,1000000.00,4.746526,99.771484375
08:01:38,91282CKY6,TSRYS5833261,D,B,C,2024-07-03,1000000.00,4.746526,99.771484375
08:01:38,91282CKY6,TSRYS5833261,D,S,T,2024-07-03,1000000.00,4.75383,99.7578125
08:01:38,91282CKY6,TSRYS5833261,D,S,T,2024-07-03,1000000.00,4.75383,99.7578125
08:01:38,91282CKY6,TSRYS5833261,D,S,C,2024-07-03,1000000.00,4.747569,99.76953125
08:01:38,91282CKY6,TSRYS5833261,D,B,C,2024-07-03,1000000.00,4.747569,99.76953125
08:01:38,91282CKY6,TSRYS5833261,D,B,C,2024-07-03,1000000.00,4.747569,99.76953125
08:01:38,91282CKY6,TSRYS5833261,D,S,D,2024-07-03,1000000.00,4.751743,99.76171875
08:01:38,91282CKY6,TSRYS5833261,D,S,D,2024-07-03,1000000.00,4.751743,99.76171875
08:01:38,91282CKY6,TSRYS5833261,D,S,T,2024-07-03,1000000.00,4.75383,99.7578125
08:01:38,91282CKY6,TSRYS5833261,D,S,T,2024-07-03,1000000.00,4.75383,99.7578125
08:01:38,91282CKY6,TSRYS5833261,D,S,C,2024-07-03,1000000.00,4.747569,99.76973125
08:01:38,91282CKY6,TSRYS5833261,D,B,C,2024-07-03,1000000.00,4.747569,99.76953125
08:01:38,91282CKY6,TSRYS5833261,D,S,C,2024-07-03,1000000.00,4.747569,99.76973125
08:01:38,91282CKY6,TSRYS5833261,D,S,C,2024-07-03,1000000.00,4.751743,99.76171875
08:01:38,91282CKY6,TSRYS5833261,D,S,C,2024-07-03,1000000.00,4.751743,99.76171875
08:01:38,91282CKY6,TSRYS5833261,D,S,T,2024-07-03,1000000.00,4.75383,99.7578125
08:01:38,91282CKY6,TSRYS5833261,D,S,T,2024-07-03,1000000.00,4.75383,99.7578125
08:01:38,91282CKY6,TSRYS5833261,D,S,T,2024-07-03,1000000.00,4.75383,99.7578125
08:01:38,91282CKY6,TSRYS5833261,D,S,C,2024-07-03,1000000.00,4.751743,99.76171875
08:01:38,91282CKY6,TSRYS5833261,D,S,C,2024-07-03,1000000.00,4.751743,99.76171875
08:01:38,91282CKY6,TSRYS5833261,D,S,C,2024-07-03,1000000.00,4.751743,99.76171875
08:01:38,91282CKY6,TSRYS5833261,D,S,C,2024-07-03,1000000.00,4.751743,99.76171875
08:01:39,91282CKY6,TSRYS5833261,D,S,T,2024-07-03,1000000.00,4.751743,99.76171875
08:01:39,91282CKY6,TSRYS5833261,D,S,T,2024-07-03,1000000.00,4.751743,99.76171875
08:01:39,91282CKY6,TSRYS5833261,D,S,T,2024-07-03,1000000.00,4.751743,99.76171875
08:01:39,91282CKY6,TSRYS5833261,D,S,T,2024-07-03,1000000.00,4.751743,99.76171875
08:01:39,91282CKY6,TSRYS5833261,D,S,D,2024-07-03,1000000.00,4.751743,99.76171875
08:01:39,91282CKY6,TSRYS5833261,D,S,D,2024-07-03,1000000.00,4.751743,99.76171875
08:01:39,91282CKY6,TSRYS5833261,D,S,T,2024-07-03,1000000.00,4.754873,99.75585937
08:01:39,91282CKY6,TSRYS5833261,D,S,D,2024-07-03,1000000.00,4.75383,99.7578125
08:01:39,91282CKY6,TSRYS5833261,D,S,D,2024-07-03,1000000.00,4.751743,99.76171875
08:01:39,91282CKY6,TSRYS5833261,D,B,C,2024-07-03,1000000.00,4.745482,99.7734375
08:01:39,91282CKY6,TSRYS5833261,D,S,D,2024-07-03,1000000.00,4.754873,99.75585937
08:01:39,91282CKY6,TSRYS5833261,D,S,D,2024-07-03,1000000.00,4.754873,99.75585937
08:01:39,91282CKY6,TSRYS5833261,D,S,D,2024-07-03,1000000.00,4.745482,99.7734375
08:01:39,91282CKY6,TSRYS5833261,D,S,C,2024-07-03,1000000.00,4.745482,99.7734375
08:01:39,91282CKY6,TSRYS5833261,D,S,C,2024-07-03,1000000.00,4.745482,99.7734375
08:01:39,91282CKY6,TSRYS5833261,D,S,D,2024-07-03,1000000.00,4.75383,99.7578125
08:01:39,91282CKY6,TSRYS5833261,D,S,T,2024-07-03,1000000.00,4.75383,99.7578125
08:01:39,91282CKY6,TSRYS5833261,D,S,C,2024-07-03,1000000.00,4.745482,99.7734375
08:01:40,91282CKY6,TSRYS5833261,D,S,A,2024-07-03,1170000.00,4.747569,99.76953125
08:01:40,91282CKY6,TSRYS5833261,D,B,A,2024-07-03,1540000.00,4.747569,99.76953125
08:01:40,91282CKY6,TSRYS5833261,D,S,T,2024-07-03,1000000.00,4.753937,99.7576125
08:01:40,91282CKY6,TSRYS5833261,D,S,T,2024-07-03,1000000.00,4.753937,99.7576125
08:01:40,91282CKY6,TSRYS5833261,D,S,T,2024-07-03,1000000.00,4.753937,99.7576125
08:01:40,91282CKY6,TSRYS5833261,D,S,T,2024-07-03,1000000.00,4.753937,99.7576125
08:01:40,91282CKY6,TSRYS5833261,D,S,T,2024-07-03,1000000.00,4.753937,99.7576125
08:01:40,91282CKY6,TSRYS5833261,D,S,T,2024-07-03,1000000.00,4.75383,99.7578125
08:01:40,91282CKY6,TSRYS5833261,D,S,D,2024-07-03,1000000.00,4.751743,99.76171875
08:01:40,91282CKY6,TSRYS5833261,D,S,T,2024-07-03,1000000.00,4.746526,99.77148437
08:01:40,91282CKY6,TSRYS5833261,D,S,T,2024-07-03,1000000.00,4.746526,99.77148437
08:01:40,91282CKY6,TSRYS5833261,D,S,T,2024-07-03,1000000.00,4.746526,99.77148437
08:01:40,91282CKY6,TSRYS5833261,D,S,D,2024-07-03,1000000.00,4.746526,99.77148437
08:01:40,91282CKY6,TSRYS5833261,D,S,C,2024-07-03,1000000.00,4.747569,99.76953125
08:01:40,91282CKY6,TSRYS5833261,D,S,C,2024-07-03,1000000.00,4.747569,99.76953125
08:01:41,91282CKY6,TSRYS5833261,D,S,C,2024-07-03,1000000.00,4.747569,99.76953125
08:01:41,91282CKY6,TSRYS5833261,D,S,C,2024-07-03,1000000.00,4.747569,99.76953125
08:01:41,91282CKY6,TSRYS5833261,D,S,C,2024-07-03,1000000.00,4.747569,99.76953125
08:01:41,91282CKY6,TSRYS5833261,D,S,C,2024-07-03,1000000.00,4.747569,99.76953125
08:01:41,91282CKY6,TSRYS5833261,D,S,C,2024-07-03,1000000.00,4.747569,99.76953125
08:01:41,91282CKY6,TSRYS5833261,D,S,C,2024-07-03,1000000.00,4.747569,99.76953125
08:01:41,91282CKY6,TSRYS5833261,D,S,D,2024-07-03,1000000.00,4.747569,99.76953125
08:01:41,91282CKY6,TSRYS5833261,D,S,D,2024-07-03,1000000.00,4.747569,99.76953125
08:01:41,91282CKY6,TSRYS5833261,D,S,C,2024-07-03,1000000.00,4.744439,99.775390625
08:01:41,91282CKY6,TSRYS5833261,D,S,C,2024-07-03,1000000.00,4.744439,99.775390625
08:01:41,91282CKY6,TSRYS5833261,D,S,C,2024-07-03,33000.00,4.76732,99.732569
08:01:41,91282CKY6,TSRYS5833261,D,S,C,2024-07-03,1000000.00,4.747569,99.76953125
08:01:41,91282CKY6,TSRYS5833261,D,S,C,2024-07-03,1000000.00,4.747569,99.76953125
08:01:41,91282CKY6,TSRYS5833261,D,S,A,2024-07-03,1000000.00,4.762179,99.7421875
08:01:41,91282CKY6,TSRYS5833261,D,S,D,2024-07-03,1000000.00,4.751743,99.76171875
08:01:41,91282CKY6,TSRYS5833261,D,S,D,2024-07-03,1000000.00,4.751743,99.76171875
08:01:41,91282CKY6,TSRYS5833261,D,S,C,2024-07-03,1000000.00,4.747569,99.76953125
08:01:41,91282CKY6,TSRYS5833261,D,S,C,2024-07-03,1000000.00,4.747569,99.76953125
08:01:41,91282CKY6,TSRYS5833261,D,S,C,2024-07-03,1000000.00,4.747569,99.76953125
08:01:41,91282CKY6,TSRYS5833261,D,S,C,2024-07-03,1000000.00,4.745482,99.7734375
08:01:41,91282CKY6,TSRYS5833261,D,S,C,2024-07-03,1000000.00,4.745482,99.7734375
08:01:41,91282CKY6,TSRYS5833261,D,S,A,2024-07-03,1000000.00,4.762179,99.7421875
08:01:41,91282CKY6,TSRYS5833261,D,S,C,2024-07-03,1000000.00,4.747569,99.76953125
08:01:41,91282CKY6,TSRYS5833261,D,S,D,2024-07-03,1000000.00,4.751743,99.76171875
08:01:41,91282CKY6,TSRYS5833261,D,S,C,2024-07-03,1000000.00,4.745482,99.7734375
08:01:41,91282CKY6,TSRYS5833261,D,S,C,2024-07-03,1000000.00,4.745482,99.7734375
08:01:41,91282CKY6,TSRYS5833261,D,S,A,2024-07-03,1000000.00,4.762179,99.7421875
08:01:41,91282CKY6,TSRYS5833261,D,S,A,2024-07-03,530000.00,4.749656,99.765625
08:01:41,91282CKY6,TSRYS5833261,D,S,C,2024-07-03,1000000.00,4.747569,99.76953125
08:01:41,91282CKY6,TSRYS5833261,D,S,C,2024-07-03,1000000.00,4.745482,99.7734375
08:01:41,91282CKY6,TSRYS5833261,D,S,C,2024-07-03,1000000.00,4.745482,99.7734375
08:01:41,91282CKY6,TSRYS5833261,D,S,D,2024-07-03,1000000.00,4.754873,99.75585937
08:01:41,91282CKY6,TSRYS5833261,D,S,C,2024-07-03,1000000.00,4.745482,99.7734375
