tradeTime,cusip,issueSymbolIdentifier,priceType,reportingSideCode,contraPartyTypeCode,tradeDate,reportedTradeVolume,lastSaleYield,lastSalePrice
08:00:03,91282CKB6,TSRYS5756733,D,S,T,2024-03-25,1000000.00,4.584769,100.0703125
08:00:03,91282CKB6,TSRYS5756733,D,S,T,2024-03-25,1000000.00,4.59118,100.05859375
08:00:03,91282CKB6,TSRYS5756733,D,S,T,2024-03-25,1000000.00,4.597591,100.046875
08:00:03,91282CKB6,TSRYS5756733,D,S,T,2024-03-25,3000000.00,4.59866,100.044921875
08:00:03,91282CKB6,TSRYS5756733,D,S,T,2024-03-25,5000000.00,4.597591,100.046875
08:00:03,91282CKB6,TSRYS5756733,D,S,D,2024-03-25,16000000.00,4.597591,100.046875
08:00:03,91282CKB6,TSRYS5756733,D,S,D,2024-03-25,3000000.00,4.59866,100.044921875
08:00:03,91282CKB6,TSRYS5756733,D,S,T,2024-03-25,1000000.00,4.602935,100.037109375
08:00:03,91282CKB6,TSRYS5756733,D,S,T,2024-03-25,1000000.00,4.617902,100.009765625
08:00:03,91282CKB6,TSRYS5756733,D,S,D,2024-03-25,1000000.00,4.617902,100.009765625
08:00:03,91282CKB6,TSRYS5756733,D,S,T,2024-03-25,1000000.00,4.617902,100.009765625
08:00:03,91282CKB6,TSRYS5756733,D,S,T,2024-03-25,1000000.00,4.617902,100.009765625
08:00:03,91282CKB6,TSRYS5756733,D,S,T,2024-03-25,3000000.00,4.618971,100.0078125
08:00:03,91282CKB6,TSRYS5756733,D,S,T,2024-03-25,3000000.00,4.617902,100.009765625
08:00:03,91282CKB6,TSRYS5756733,D,S,T,2024-03-25,3000000.00,4.617902,100.009765625
08:00:03,91282CKB6,TSRYS5756733,D,S,D,2024-03-25,16000000.00,4.618971,100.0078125
08:00:03,91282CKB6,TSRYS5756733,D,S,D,2024-03-25,4000000.00,4.618971,100.0078125
08:00:03,91282CKB6,TSRYS5756733,D,S,T,2024-03-25,4000000.00,4.618971,100.0078125
08:00:03,91282CKB6,TSRYS5756733,D,S,T,2024-03-25,1000000.00,4.623249,100.0
08:00:03,91282CKB6,TSRYS5756733,D,S,T,2024-03-25,7000000.00,4.623249,100.0
08:00:08,91282CKB6,TSRYS5756733,D,S,A,2024-03-25,742000.00,4.604004,100.03515625
08:00:08,91282CKB6,TSRYS5756733,D,S,A,2024-03-25,152000.00,4.599729,100.04296875
08:00:08,91282CKB6,TSRYS5756733,D,S,T,2024-03-25,1000000.00,4.584769,100.0703125
08:00:09,91282CKB6,TSRYS5756733,D,S,A,2024-03-25,742000.00,4.604004,100.03515625
08:00:09,91282CKB6,TSRYS5756733,D,S,A,2024-03-25,152000.00,4.599729,100.04296875
08:00:10,91282CKB6,TSRYS5756733,D,S,C,2024-03-25,100000.00,4.623249,100.005
08:00:10,91282CKB6,TSRYS5756733,D,B,C,2024-03-25,15000000.00,4.623432,99.999665
08:00:10,91282CKB6,TSRYS5756733,D,B,A,2024-03-25,7130000.00,4.604004,100.035156
08:00:12,91282CKB6,TSRYS5756733,D,S,C,2024-03-25,3000000.00,4.586906,100.06640625
08:00:15,91282CKB6,TSRYS5756733,D,S,D,2024-03-25,1000000.00,4.627526,99.9921875
08:00:15,91282CKB6,TSRYS5756733,D,S,D,2024-03-25,1000000.00,4.627526,99.9921875
08:00:15,91282CKB6,TSRYS5756733,D,S,D,2024-03-25,1000000.00,4.627526,99.9921875
08:00:15,91282CKB6,TSRYS5756733,D,S,D,2024-03-25,1000000.00,4.627526,99.9921875
08:00:18,91282CKB6,TSRYS5756733,D,S,T,2024-03-25,1000000.00,4.599729,100.04296875
08:00:18,91282CKB6,TSRYS5756733,D,S,T,2024-03-25,1000000.00,4.599729,100.04296875
08:00:18,91282CKB6,TSRYS5756733,D,S,T,2024-03-25,2000000.00,4.599729,100.04296875
08:00:18,91282CKB6,TSRYS5756733,D,S,A,2024-03-25,2000000.00,4.599729,100.042969
08:00:21,91282CKB6,TSRYS5756733,D,B,C,2024-03-25,370000.00,4.625387,99.99609375
08:00:22,91282CKB6,TSRYS5756733,D,S,D,2024-03-25,370000.00,4.624795,99.997174831
08:00:23,91282CKB6,TSRYS5756733,D,S,A,2024-03-25,12000000.00,4.601866,100.039063
08:00:23,91282CKB6,TSRYS5756733,D,S,A,2024-03-25,1500000.00,4.601866,100.039063
08:00:23,91282CKB6,TSRYS5756733,D,S,A,2024-03-25,1250000.00,4.601866,100.039063
08:00:23,91282CKB6,TSRYS5756733,D,S,A,2024-03-25,1250000.00,4.601866,100.039063
08:00:23,91282CKB6,TSRYS5756733,D,S,T,2024-03-25,1000000.00,4.602935,100.037109375
08:00:23,91282CKB6,TSRYS5756733,D,S,T,2024-03-25,3000000.00,4.602935,100.037109375
08:00:23,91282CKB6,TSRYS5756733,D,S,T,2024-03-25,1000000.00,4.602935,100.037109375
08:00:23,91282CKB6,TSRYS5756733,D,S,A,2024-03-25,650000.00,4.612556,100.019531
08:00:23,91282CKB6,TSRYS5756733,D,B,A,2024-03-25,335000.00,4.614694,100.015625
08:00:24,91282CKB6,TSRYS5756733,D,B,A,2024-03-25,1100000.00,4.614694,100.015625
08:00:24,91282CKB6,TSRYS5756733,D,S,T,2024-03-25,1000000.00,4.612556,100.01953125
08:00:24,91282CKB6,TSRYS5756733,D,S,T,2024-03-25,1000000.00,4.612556,100.01953125
08:00:24,91282CKB6,TSRYS5756733,D,S,T,2024-03-25,1000000.00,4.612556,100.01953125
08:00:24,91282CKB6,TSRYS5756733,D,S,T,2024-03-25,2000000.00,4.612556,100.01953125
08:00:24,91282CKB6,TSRYS5756733,D,S,T,2024-03-25,7000000.00,4.613625,100.017578125
08:00:24,91282CKB6,TSRYS5756733,D,S,T,2024-03-25,1000000.00,4.613625,100.017578125
08:00:24,91282CKB6,TSRYS5756733,D,S,T,2024-03-25,1000000.00,4.613625,100.017578125
08:00:24,91282CKB6,TSRYS5756733,D,S,T,2024-03-25,1000000.00,4.613625,100.017578125
08:00:24,91282CKB6,TSRYS5756733,D,S,T,2024-03-25,1000000.00,4.613625,100.017578125
08:00:24,91282CKB6,TSRYS5756733,D,S,T,2024-03-25,1000000.00,4.613625,100.017578125
08:00:24,91282CKB6,TSRYS5756733,D,S,T,2024-03-25,1000000.00,4.614694,100.015625
08:00:24,91282CKB6,TSRYS5756733,D,S,T,2024-03-25,1000000.00,4.614694,100.015625
08:00:24,91282CKB6,TSRYS5756733,D,S,T,2024-03-25,1000000.00,4.614694,100.015625
08:00:24,91282CKB6,TSRYS5756733,D,S,T,2024-03-25,1000000.00,4.614694,100.015625
08:00:24,91282CKB6,TSRYS5756733,D,S,T,2024-03-25,1000000.00,4.614694,100.015625
08:00:24,91282CKB6,TSRYS5756733,D,S,T,2024-03-25,1000000.00,4.614694,100.015625
08:00:24,91282CKB6,TSRYS5756733,D,S,T,2024-03-25,2000000.00,4.614694,100.015625
08:00:24,91282CKB6,TSRYS5756733,D,S,T,2024-03-25,1000000.00,4.614694,100.015625
08:00:24,91282CKB6,TSRYS5756733,D,S,T,2024-03-25,1000000.00,4.614694,100.015625
08:00:24,91282CKB6,TSRYS5756733,D,S,T,2024-03-25,1000000.00,4.614694,100.015625
08:00:24,91282CKB6,TSRYS5756733,D,S,T,2024-03-25,1000000.00,4.614694,100.015625
08:00:24,91282CKB6,TSRYS5756733,D,S,T,2024-03-25,1000000.00,4.614694,100.015625
08:00:24,91282CKB6,TSRYS5756733,D,S,T,2024-03-25,1000000.00,4.614694,100.015625
08:00:24,91282CKB6,TSRYS5756733,D,S,T,2024-03-25,1000000.00,4.614694,100.015625
08:00:24,91282CKB6,TSRYS5756733,D,S,T,2024-03-25,1000000.00,4.614694,100.015625
08:00:24,91282CKB6,TSRYS5756733,D,S,T,2024-03-25,1000000.00,4.614694,100.015625
08:00:24,91282CKB6,TSRYS5756733,D,S,T,2024-03-25,1000000.00,4.614694,100.015625
08:00:24,91282CKB6,TSRYS5756733,D,S,T,2024-03-25,1000000.00,4.614694,100.015625
08:00:24,91282CKB6,TSRYS5756733,D,S,T,2024-03-25,1000000.00,4.614694,100.015625
08:00:24,91282CKB6,TSRYS5756733,D,S,T,2024-03-25,1000000.00,4.614694,100.015625
08:00:24,91282CKB6,TSRYS5756733,D,S,T,2024-03-25,1000000.00,4.614694,100.015625
08:00:24,91282CKB6,TSRYS5756733,D,S,T,2024-03-25,1000000.00,4.614694,100.015625
08:00:24,91282CKB6,TSRYS5756733,D,S,T,2024-03-25,1000000.00,4.584769,100.0703125
08:00:24,91282CKB6,TSRYS5756733,D,S,T,2024-03-25,1000000.00,4.601867,100.0390625
08:00:24,91282CKB6,TSRYS5756733,D,S,T,2024-03-25,1000000.00,4.601867,100.0390625
08:00:24,91282CKB6,TSRYS5756733,D,S,T,2024-03-25,1000000.00,4.606142,100.03125
08:00:24,91282CKB6,TSRYS5756733,D,S,T,2024-03-25,1000000.00,4.606142,100.03125
08:00:24,91282CKB6,TSRYS5756733,D,S,T,2024-03-25,1000000.00,4.612556,100.01953125
08:00:24,91282CKB6,TSRYS5756733,D,S,T,2024-03-25,1000000.00,4.597591,100.046875
08:00:24,91282CKB6,TSRYS5756733,D,S,T,2024-03-25,1000000.00,4.604004,100.03515625
08:00:24,91282CKB6,TSRYS5756733,D,S,T,2024-03-25,1000000.00,4.604004,100.03515625
08:00:24,91282CKB6,TSRYS5756733,D,S,T,2024-03-25,1000000.00,4.601867,100.0390625
08:00:24,91282CKB6,TSRYS5756733,D,S,T,2024-03-25,1000000.00,4.613625,100.017578125
08:00:24,91282CKB6,TSRYS5756733,D,S,T,2024-03-25,2000000.00,4.616833,100.01171875
08:00:24,91282CKB6,TSRYS5756733,D,S,D,2024-03-25,2000000.00,4.614694,100.015625
08:00:24,91282CKB6,TSRYS5756733,D,S,T,2024-03-25,1000000.00,4.618971,100.0078125
08:00:24,91282CKB6,TSRYS5756733,D,S,D,2024-03-25,1000000.00,4.617902,100.009765625
08:00:24,91282CKB6,TSRYS5756733,D,S,D,2024-03-25,1000000.00,4.617902,100.009765625
08:00:24,91282CKB6,TSRYS5756733,D,S,D,2024-03-25,2000000.00,4.618971,100.0078125
08:00:24,91282CKB6,TSRYS5756733,D,S,T,2024-03-25,2000000.00,4.62111,100.00390625
08:00:24,91282CKB6,TSRYS5756733,D,S,T,2024-03-25,2000000.00,4.623249,100.0
08:00:24,91282CKB6,TSRYS5756733,D,S,D,2024-03-25,1000000.00,4.626457,99.994140625
08:00:28,91282CKB6,TSRYS5756733,D,S,T,2024-03-25,1000000.00,4.614694,100.015625
08:00:28,91282CKB6,TSRYS5756733,D,S,T,2024-03-25,2000000.00,4.614694,100.015625
08:00:28,91282CKB6,TSRYS5756733,D,S,T,2024-03-25,1000000.00,4.614694,100.015625
08:00:28,91282CKB6,TSRYS5756733,D,S,T,2024-03-25,1000000.00,4.614694,100.015625
08:00:28,91282CKB6,TSRYS5756733,D,S,T,2024-03-25,3000000.00,4.614694,100.015625
08:00:28,91282CKB6,TSRYS5756733,D,S,T,2024-03-25,1000000.00,4.614694,100.015625
08:00:28,91282CKB6,TSRYS5756733,D,S,T,2024-03-25,1000000.00,4.614694,100.015625
08:00:28,91282CKB6,TSRYS5756733,D,S,T,2024-03-25,1000000.00,4.614694,100.015625
08:00:28,91282CKB6,TSRYS5756733,D,S,T,2024-03-25,1000000.00,4.614694,100.015625
08:00:28,91282CKB6,TSRYS5756733,D,S,T,2024-03-25,2000000.00,4.614694,100.015625
08:00:28,91282CKB6,TSRYS5756733,D,S,T,2024-03-25,1000000.00,4.614694,100.015625
08:00:28,91282CKB6,TSRYS5756733,D,S,T,2024-03-25,1000000.00,4.614694,100.015625
08:00:28,91282CKB6,TSRYS5756733,D,S,T,2024-03-25,1000000.00,4.614694,100.015625
08:00:28,91282CKB6,TSRYS5756733,D,S,T,2024-03-25,1000000.00,4.614694,100.015625
08:00:28,91282CKB6,TSRYS5756733,D,S,T,2024-03-25,1000000.00,4.614694,100.015625
08:00:28,91282CKB6,TSRYS5756733,D,S,T,2024-03-25,1000000.00,4.614694,100.015625
08:00:28,91282CKB6,TSRYS5756733,D,S,T,2024-03-25,1000000.00,4.614694,100.015625
08:00:28,91282CKB6,TSRYS5756733,D,S,T,2024-03-25,1000000.00,4.614694,100.015625
08:00:28,91282CKB6,TSRYS5756733,D,S,T,2024-03-25,1000000.00,4.614694,100.015625
08:00:28,91282CKB6,TSRYS5756733,D,S,T,2024-03-25,1000000.00,4.614694,100.015625
08:00:28,91282CKB6,TSRYS5756733,D,S,T,2024-03-25,1000000.00,4.614694,100.015625
08:00:28,91282CKB6,TSRYS5756733,D,S,T,2024-03-25,1000000.00,4.614694,100.015625
08:00:28,91282CKB6,TSRYS5756733,D,S,T,2024-03-25,1000000.00,4.614694,100.015625
08:00:28,91282CKB6,TSRYS5756733,D,S,T,2024-03-25,1000000.00,4.614694,100.015625
08:00:28,91282CKB6,TSRYS5756733,D,S,T,2024-03-25,1000000.00,4.614694,100.015625
08:00:28,91282CKB6,TSRYS5756733,D,S,T,2024-03-25,1000000.00,4.614694,100.015625
08:00:28,91282CKB6,TSRYS5756733,D,S,T,2024-03-25,1000000.00,4.614694,100.015625
08:00:28,91282CKB6,TSRYS5756733,D,S,T,2024-03-25,1000000.00,4.614694,100.015625
08:00:28,91282CKB6,TSRYS5756733,D,S,T,2024-03-25,1000000.00,4.614694,100.015625
08:00:28,91282CKB6,TSRYS5756733,D,S,T,2024-03-25,1000000.00,4.614694,100.015625
08:00:28,91282CKB6,TSRYS5756733,D,S,T,2024-03-25,1000000.00,4.614694,100.015625
08:00:28,91282CKB6,TSRYS5756733,D,S,T,2024-03-25,1000000.00,4.614694,100.015625
08:00:28,91282CKB6,TSRYS5756733,D,S,T,2024-03-25,1000000.00,4.614694,100.015625
08:00:28,91282CKB6,TSRYS5756733,D,S,T,2024-03-25,1000000.00,4.614694,100.015625
08:00:28,91282CKB6,TSRYS5756733,D,S,T,2024-03-25,1000000.00,4.614694,100.015625
08:00:28,91282CKB6,TSRYS5756733,D,S,T,2024-03-25,2000000.00,4.615764,100.013671875
08:00:28,91282CKB6,TSRYS5756733,D,S,T,2024-03-25,1000000.00,4.614694,100.015625
08:00:28,91282CKB6,TSRYS5756733,D,S,T,2024-03-25,1000000.00,4.614694,100.015625
08:00:28,91282CKB6,TSRYS5756733,D,S,T,2024-03-25,1000000.00,4.615764,100.013671875
08:00:28,91282CKB6,TSRYS5756733,D,S,T,2024-03-25,1000000.00,4.615764,100.013671875
08:00:28,91282CKB6,TSRYS5756733,D,S,T,2024-03-25,1000000.00,4.615764,100.013671875
08:00:28,91282CKB6,TSRYS5756733,D,S,T,2024-03-25,2000000.00,4.615764,100.013671875
08:00:28,91282CKB6,TSRYS5756733,D,S,T,2024-03-25,1000000.00,4.615764,100.013671875
08:00:28,91282CKB6,TSRYS5756733,D,S,T,2024-03-25,1000000.00,4.615764,100.013671875
08:00:28,91282CKB6,TSRYS5756733,D,S,T,2024-03-25,1000000.00,4.615764,100.013671875
08:00:28,91282CKB6,TSRYS5756733,D,S,T,2024-03-25,2000000.00,4.615764,100.013671875
08:00:28,91282CKB6,TSRYS5756733,D,S,T,2024-03-25,3000000.00,4.615764,100.013671875
08:00:28,91282CKB6,TSRYS5756733,D,S,T,2024-03-25,1000000.00,4.615764,100.013671875
08:00:28,91282CKB6,TSRYS5756733,D,S,T,2024-03-25,1000000.00,4.615764,100.013671875
08:00:28,91282CKB6,TSRYS5756733,D,S,T,2024-03-25,4000000.00,4.615764,100.013671875
08:00:28,91282CKB6,TSRYS5756733,D,S,T,2024-03-25,1000000.00,4.615764,100.013671875
08:00:28,91282CKB6,TSRYS5756733,D,S,T,2024-03-25,2000000.00,4.615764,100.013671875
08:00:28,91282CKB6,TSRYS5756733,D,S,T,2024-03-25,1000000.00,4.615764,100.013671875
08:00:28,91282CKB6,TSRYS5756733,D,S,T,2024-03-25,1000000.00,4.615764,100.013671875
08:00:28,91282CKB6,TSRYS5756733,D,S,T,2024-03-25,1000000.00,4.615764,100.013671875
08:00:28,91282CKB6,TSRYS5756733,D,S,T,2024-03-25,1000000.00,4.615764,100.013671875
08:00:28,91282CKB6,TSRYS5756733,D,S,T,2024-03-25,1000000.00,4.615764,100.013671875
08:00:28,91282CKB6,TSRYS5756733,D,S,T,2024-03-25,1000000.00,4.615764,100.013671875
08:00:28,91282CKB6,TSRYS5756733,D,S,T,2024-03-25,1000000.00,4.615764,100.013671875
08:00:28,91282CKB6,TSRYS5756733,D,S,T,2024-03-25,5000000.00,4.615764,100.013671875
08:00:29,91282CKB6,TSRYS5756733,D,S,T,2024-03-25,1000000.00,4.615764,100.013671875
08:00:29,91282CKB6,TSRYS5756733,D,S,T,2024-03-25,1000000.00,4.615764,100.013671875
08:00:29,91282CKB6,TSRYS5756733,D,S,T,2024-03-25,1000000.00,4.615764,100.013671875
08:00:29,91282CKB6,TSRYS5756733,D,S,T,2024-03-25,1000000.00,4.615764,100.013671875
08:00:29,91282CKB6,TSRYS5756733,D,S,T,2024-03-25,1000000.00,4.615764,100.013671875
08:00:29,91282CKB6,TSRYS5756733,D,S,T,2024-03-25,1000000.00,4.615764,100.013671875
08:00:29,91282CKB6,TSRYS5756733,D,S,T,2024-03-25,1000000.00,4.615764,100.013671875
08:00:29,91282CKB6,TSRYS5756733,D,S,T,2024-03-25,1000000.00,4.615764,100.013671875
08:00:29,91282CKB6,TSRYS5756733,D,S,T,2024-03-25,2000000.00,4.615764,100.013671875
08:00:29,91282CKB6,TSRYS5756733,D,S,T,2024-03-25,2000000.00,4.615764,100.013671875
08:00:29,91282CKB6,TSRYS5756733,D,S,T,2024-03-25,1000000.00,4.615764,100.013671875
08:00:29,91282CKB6,TSRYS5756733,D,S,T,2024-03-25,3000000.00,4.615764,100.013671875
08:00:29,91282CKB6,TSRYS5756733,D,S,T,2024-03-25,1000000.00,4.615764,100.013671875
08:00:29,91282CKB6,TSRYS5756733,D,S,T,2024-03-25,1000000.00,4.614694,100.015625
08:00:29,91282CKB6,TSRYS5756733,D,S,A,2024-03-25,1800000.00,4.612556,100.019531
08:00:29,91282CKB6,TSRYS5756733,D,S,A,2024-03-25,1200000.00,4.612556,100.019531
08:00:30,91282CKB6,TSRYS5756733,D,S,T,2024-03-25,1000000.00,4.586906,100.06640625
08:00:30,91282CKB6,TSRYS5756733,D,S,D,2024-03-25,1000000.00,4.587974,100.064453125
08:00:30,91282CKB6,TSRYS5756733,D,S,T,2024-03-25,1000000.00,4.586906,100.06640625
08:00:30,91282CKB6,TSRYS5756733,D,S,T,2024-03-25,1000000.00,4.586906,100.06640625
08:00:30,91282CKB6,TSRYS5756733,D,S,T,2024-03-25,1000000.00,4.587974,100.064453125
08:00:30,91282CKB6,TSRYS5756733,D,S,T,2024-03-25,1000000.00,4.586906,100.06640625
08:00:30,91282CKB6,TSRYS5756733,D,S,T,2024-03-25,1000000.00,4.586906,100.06640625
08:00:30,91282CKB6,TSRYS5756733,D,S,T,2024-03-25,1000000.00,4.586906,100.06640625
08:00:30,91282CKB6,TSRYS5756733,D,S,T,2024-03-25,1000000.00,4.586906,100.06640625
08:00:30,91282CKB6,TSRYS5756733,D,S,T,2024-03-25,1000000.00,4.586906,100.06640625
08:00:30,91282CKB6,TSRYS5756733,D,S,T,2024-03-25,1000000.00,4.586906,100.06640625
08:00:30,91282CKB6,TSRYS5756733,D,S,T,2024-03-25,1000000.00,4.586906,100.06640625
08:00:30,91282CKB6,TSRYS5756733,D,S,T,2024-03-25,1000000.00,4.584769,100.0703125
08:00:30,91282CKB6,TSRYS5756733,D,S,T,2024-03-25,1000000.00,4.586906,100.06640625
08:00:30,91282CKB6,TSRYS5756733,D,S,T,2024-03-25,1000000.00,4.586906,100.06640625
08:00:30,91282CKB6,TSRYS5756733,D,S,T,2024-03-25,1000000.00,4.586906,100.06640625
08:00:30,91282CKB6,TSRYS5756733,D,S,T,2024-03-25,1000000.00,4.584769,100.0703125
08:00:30,91282CKB6,TSRYS5756733,D,S,T,2024-03-25,1000000.00,4.584769,100.0703125
08:00:30,91282CKB6,TSRYS5756733,D,S,T,2024-03-25,1000000.00,4.584769,100.0703125
08:00:30,91282CKB6,TSRYS5756733,D,S,T,2024-03-25,1000000.00,4.586906,100.06640625
08:00:30,91282CKB6,TSRYS5756733,D,S,T,2024-03-25,1000000.00,4.586906,100.06640625
08:00:30,91282CKB6,TSRYS5756733,D,S,T,2024-03-25,2000000.00,4.586906,100.06640625
08:00:30,91282CKB6,TSRYS5756733,D,S,T,2024-03-25,1000000.00,4.586906,100.06640625
08:00:30,91282CKB6,TSRYS5756733,D,S,T,2024-03-25,1000000.00,4.586906,100.06640625
08:00:30,91282CKB6,TSRYS5756733,D,S,T,2024-03-25,1000000.00,4.586906,100.06640625
08:00:30,91282CKB6,TSRYS5756733,D,S,T,2024-03-25,1000000.00,4.586906,100.06640625
08:00:30,91282CKB6,TSRYS5756733,D,S,T,2024-03-25,1000000.00,4.585837,100.068359375
08:00:30,91282CKB6,TSRYS5756733,D,S,T,2024-03-25,1000000.00,4.584769,100.0703125
08:00:30,91282CKB6,TSRYS5756733,D,S,T,2024-03-25,1000000.00,4.584769,100.0703125
08:00:30,91282CKB6,TSRYS5756733,D,S,T,2024-03-25,1000000.00,4.584769,100.0703125
08:00:30,91282CKB6,TSRYS5756733,D,S,T,2024-03-25,1000000.00,4.586906,100.06640625
08:00:30,91282CKB6,TSRYS5756733,D,S,T,2024-03-25,1000000.00,4.586906,100.06640625
08:00:30,91282CKB6,TSRYS5756733,D,S,T,2024-03-25,3000000.00,4.586906,100.06640625
08:00:30,91282CKB6,TSRYS5756733,D,S,T,2024-03-25,3000000.00,4.586906,100.06640625
08:00:30,91282CKB6,TSRYS5756733,D,S,T,2024-03-25,2000000.00,4.586906,100.06640625
08:00:30,91282CKB6,TSRYS5756733,D,S,T,2024-03-25,1000000.00,4.586906,100.06640625
08:00:30,91282CKB6,TSRYS5756733,D,S,T,2024-03-25,2000000.00,4.586906,100.06640625
08:00:30,91282CKB6,TSRYS5756733,D,S,T,2024-03-25,1000000.00,4.586906,100.06640625
08:00:30,91282CKB6,TSRYS5756733,D,S,T,2024-03-25,3000000.00,4.586906,100.06640625
08:00:30,91282CKB6,TSRYS5756733,D,S,T,2024-03-25,1000000.00,4.586906,100.06640625
08:00:30,91282CKB6,TSRYS5756733,D,S,T,2024-03-25,1000000.00,4.586906,100.06640625
08:00:30,91282CKB6,TSRYS5756733,D,S,T,2024-03-25,1000000.00,4.586906,100.06640625
08:00:30,91282CKB6,TSRYS5756733,D,S,T,2024-03-25,1000000.00,4.586906,100.06640625
08:00:30,91282CKB6,TSRYS5756733,D,S,T,2024-03-25,1000000.00,4.586906,100.06640625
08:00:30,91282CKB6,TSRYS5756733,D,S,T,2024-03-25,1000000.00,4.586906,100.06640625
08:00:30,91282CKB6,TSRYS5756733,D,S,T,2024-03-25,1000000.00,4.586906,100.06640625
08:00:30,91282CKB6,TSRYS5756733,D,S,T,2024-03-25,1000000.00,4.584769,100.0703125
08:00:30,91282CKB6,TSRYS5756733,D,S,T,2024-03-25,2000000.00,4.586906,100.06640625
08:00:30,91282CKB6,TSRYS5756733,D,S,T,2024-03-25,1000000.00,4.584769,100.0703125
08:00:30,91282CKB6,TSRYS5756733,D,S,T,2024-03-25,1000000.00,4.584769,100.0703125
08:00:30,91282CKB6,TSRYS5756733,D,S,T,2024-03-25,1000000.00,4.584769,100.0703125
08:00:30,91282CKB6,TSRYS5756733,D,S,T,2024-03-25,1000000.00,4.584769,100.0703125
08:00:30,91282CKB6,TSRYS5756733,D,S,T,2024-03-25,1000000.00,4.585837,100.068359375
08:00:30,91282CKB6,TSRYS5756733,D,S,T,2024-03-25,1000000.00,4.584769,100.0703125
08:00:30,91282CKB6,TSRYS5756733,D,S,T,2024-03-25,1000000.00,4.584769,100.0703125
08:00:30,91282CKB6,TSRYS5756733,D,S,T,2024-03-25,1000000.00,4.584769,100.0703125
08:00:30,91282CKB6,TSRYS5756733,D,S,T,2024-03-25,2000000.00,4.584769,100.0703125
08:00:30,91282CKB6,TSRYS5756733,D,S,T,2024-03-25,1000000.00,4.584769,100.0703125
08:00:30,91282CKB6,TSRYS5756733,D,S,T,2024-03-25,1000000.00,4.584769,100.0703125
08:00:30,91282CKB6,TSRYS5756733,D,S,T,2024-03-25,1000000.00,4.584769,100.0703125
08:00:30,91282CKB6,TSRYS5756733,D,S,T,2024-03-25,1000000.00,4.584769,100.0703125
08:00:30,91282CKB6,TSRYS5756733,D,S,T,2024-03-25,1000000.00,4.586906,100.06640625
08:00:30,91282CKB6,TSRYS5756733,D,S,T,2024-03-25,1000000.00,4.586906,100.06640625
08:00:30,91282CKB6,TSRYS5756733,D,S,T,2024-03-25,1000000.00,4.586906,100.06640625
08:00:30,91282CKB6,TSRYS5756733,D,S,T,2024-03-25,1000000.00,4.584769,100.0703125
08:00:30,91282CKB6,TSRYS5756733,D,S,T,2024-03-25,1000000.00,4.584769,100.0703125
08:00:30,91282CKB6,TSRYS5756733,D,S,T,2024-03-25,1000000.00,4.584769,100.0703125
08:00:30,91282CKB6,TSRYS5756733,D,S,T,2024-03-25,1000000.00,4.584769,100.0703125
08:00:30,91282CKB6,TSRYS5756733,D,S,T,2024-03-25,1000000.00,4.584769,100.0703125
08:00:30,91282CKB6,TSRYS5756733,D,S,T,2024-03-25,1000000.00,4.586906,100.06640625
08:00:30,91282CKB6,TSRYS5756733,D,S,T,2024-03-25,1000000.00,4.586906,100.06640625
08:00:30,91282CKB6,TSRYS5756733,D,S,T,2024-03-25,1000000.00,4.586906,100.06640625
08:00:30,91282CKB6,TSRYS5756733,D,S,T,2024-03-25,1000000.00,4.586906,100.06640625
08:00:30,91282CKB6,TSRYS5756733,D,S,T,2024-03-25,1000000.00,4.586906,100.06640625
08:00:30,91282CKB6,TSRYS5756733,D,S,T,2024-03-25,1000000.00,4.584769,100.0703125
08:00:30,91282CKB6,TSRYS5756733,D,S,T,2024-03-25,1000000.00,4.584769,100.0703125
08:00:30,91282CKB6,TSRYS5756733,D,S,T,2024-03-25,1000000.00,4.586906,100.06640625
08:00:30,91282CKB6,TSRYS5756733,D,S,T,2024-03-25,1000000.00,4.593317,100.0546875
08:00:30,91282CKB6,TSRYS5756733,D,S,T,2024-03-25,3000000.00,4.593317,100.0546875
08:00:30,91282CKB6,TSRYS5756733,D,S,T,2024-03-25,1000000.00,4.595454,100.05078125
08:00:30,91282CKB6,TSRYS5756733,D,S,T,2024-03-25,1000000.00,4.595454,100.05078125
08:00:30,91282CKB6,TSRYS5756733,D,S,T,2024-03-25,1000000.00,4.595454,100.05078125
08:00:30,91282CKB6,TSRYS5756733,D,S,T,2024-03-25,1000000.00,4.597591,100.046875
08:00:30,91282CKB6,TSRYS5756733,D,S,T,2024-03-25,1000000.00,4.597591,100.046875
08:00:30,91282CKB6,TSRYS5756733,D,S,T,2024-03-25,1000000.00,4.599729,100.04296875
08:00:30,91282CKB6,TSRYS5756733,D,S,T,2024-03-25,1000000.00,4.599729,100.04296875
08:00:30,91282CKB6,TSRYS5756733,D,S,T,2024-03-25,1000000.00,4.599729,100.04296875
08:00:30,91282CKB6,TSRYS5756733,D,S,T,2024-03-25,1000000.00,4.599729,100.04296875
08:00:30,91282CKB6,TSRYS5756733,D,S,T,2024-03-25,1000000.00,4.599729,100.04296875
08:00:30,91282CKB6,TSRYS5756733,D,S,T,2024-03-25,2000000.00,4.599729,100.04296875
08:00:30,91282CKB6,TSRYS5756733,D,S,T,2024-03-25,1000000.00,4.599729,100.04296875
08:00:30,91282CKB6,TSRYS5756733,D,S,T,2024-03-25,1000000.00,4.597591,100.046875
08:00:30,91282CKB6,TSRYS5756733,D,S,T,2024-03-25,1000000.00,4.597591,100.046875
08:00:30,91282CKB6,TSRYS5756733,D,S,T,2024-03-25,1000000.00,4.599729,100.04296875
08:00:30,91282CKB6,TSRYS5756733,D,S,T,2024-03-25,1000000.00,4.599729,100.04296875
08:00:30,91282CKB6,TSRYS5756733,D,S,T,2024-03-25,1000000.00,4.599729,100.04296875
08:00:30,91282CKB6,TSRYS5756733,D,S,T,2024-03-25,1000000.00,4.599729,100.04296875
08:00:30,91282CKB6,TSRYS5756733,D,S,T,2024-03-25,1000000.00,4.599729,100.04296875
08:00:30,91282CKB6,TSRYS5756733,D,S,T,2024-03-25,1000000.00,4.599729,100.04296875
08:00:30,91282CKB6,TSRYS5756733,D,S,T,2024-03-25,1000000.00,4.599729,100.04296875
08:00:30,91282CKB6,TSRYS5756733,D,S,T,2024-03-25,1000000.00,4.599729,100.04296875
08:00:30,91282CKB6,TSRYS5756733,D,S,T,2024-03-25,1000000.00,4.597591,100.046875
08:00:30,91282CKB6,TSRYS5756733,D,S,T,2024-03-25,1000000.00,4.597591,100.046875
08:00:30,91282CKB6,TSRYS5756733,D,S,T,2024-03-25,1000000.00,4.597591,100.046875
08:00:30,91282CKB6,TSRYS5756733,D,S,T,2024-03-25,1000000.00,4.595454,100.05078125
08:00:30,91282CKB6,TSRYS5756733,D,S,T,2024-03-25,1000000.00,4.597591,100.046875
08:00:30,91282CKB6,TSRYS5756733,D,S,T,2024-03-25,1000000.00,4.597591,100.046875
08:00:30,91282CKB6,TSRYS5756733,D,S,T,2024-03-25,1000000.00,4.597591,100.046875
08:00:30,91282CKB6,TSRYS5756733,D,S,T,2024-03-25,1000000.00,4.597591,100.046875
08:00:30,91282CKB6,TSRYS5756733,D,S,T,2024-03-25,3000000.00,4.597591,100.046875
08:00:30,91282CKB6,TSRYS5756733,D,S,T,2024-03-25,1000000.00,4.597591,100.046875
08:00:30,91282CKB6,TSRYS5756733,D,S,T,2024-03-25,1000000.00,4.597591,100.046875
08:00:30,91282CKB6,TSRYS5756733,D,S,T,2024-03-25,1000000.00,4.599729,100.04296875
08:00:30,91282CKB6,TSRYS5756733,D,S,T,2024-03-25,1000000.00,4.599729,100.04296875
08:00:30,91282CKB6,TSRYS5756733,D,S,T,2024-03-25,1000000.00,4.599729,100.04296875
08:00:30,91282CKB6,TSRYS5756733,D,S,T,2024-03-25,1000000.00,4.599729,100.04296875
08:00:30,91282CKB6,TSRYS5756733,D,S,T,2024-03-25,1000000.00,4.599729,100.04296875
08:00:30,91282CKB6,TSRYS5756733,D,S,T,2024-03-25,1000000.00,4.601867,100.0390625
08:00:30,91282CKB6,TSRYS5756733,D,S,T,2024-03-25,3000000.00,4.601867,100.0390625
08:00:30,91282CKB6,TSRYS5756733,D,S,T,2024-03-25,1000000.00,4.601867,100.0390625
08:00:30,91282CKB6,TSRYS5756733,D,S,T,2024-03-25,2000000.00,4.600798,100.041015625
08:00:30,91282CKB6,TSRYS5756733,D,S,T,2024-03-25,2000000.00,4.601867,100.0390625
08:00:30,91282CKB6,TSRYS5756733,D,S,T,2024-03-25,1000000.00,4.606142,100.03125
08:00:30,91282CKB6,TSRYS5756733,D,S,T,2024-03-25,1000000.00,4.606142,100.03125
08:00:30,91282CKB6,TSRYS5756733,D,S,T,2024-03-25,1000000.00,4.606142,100.03125
08:00:30,91282CKB6,TSRYS5756733,D,S,D,2024-03-25,1000000.00,4.606142,100.03125
08:00:30,91282CKB6,TSRYS5756733,D,S,T,2024-03-25,1000000.00,4.606142,100.03125
08:00:30,91282CKB6,TSRYS5756733,D,S,T,2024-03-25,2000000.00,4.601867,100.0390625
08:00:30,91282CKB6,TSRYS5756733,D,S,T,2024-03-25,1000000.00,4.602935,100.037109375
08:00:30,91282CKB6,TSRYS5756733,D,S,T,2024-03-25,1000000.00,4.602935,100.037109375
08:00:30,91282CKB6,TSRYS5756733,D,S,T,2024-03-25,1000000.00,4.604004,100.03515625
08:00:30,91282CKB6,TSRYS5756733,D,S,T,2024-03-25,1000000.00,4.599729,100.04296875
08:00:30,91282CKB6,TSRYS5756733,D,S,T,2024-03-25,1000000.00,4.599729,100.04296875
08:00:30,91282CKB6,TSRYS5756733,D,S,T,2024-03-25,1000000.00,4.599729,100.04296875
08:00:30,91282CKB6,TSRYS5756733,D,S,T,2024-03-25,1000000.00,4.599729,100.04296875
08:00:30,91282CKB6,TSRYS5756733,D,S,T,2024-03-25,1000000.00,4.59866,100.044921875
08:00:30,91282CKB6,TSRYS5756733,D,S,T,2024-03-25,1000000.00,4.59866,100.044921875
08:00:30,91282CKB6,TSRYS5756733,D,S,T,2024-03-25,1000000.00,4.59866,100.044921875
08:00:30,91282CKB6,TSRYS5756733,D,S,T,2024-03-25,1000000.00,4.59866,100.044921875
08:00:30,91282CKB6,TSRYS5756733,D,S,T,2024-03-25,1000000.00,4.59866,100.044921875
08:00:30,91282CKB6,TSRYS5756733,D,S,T,2024-03-25,1000000.00,4.59866,100.044921875
08:00:30,91282CKB6,TSRYS5756733,D,S,T,2024-03-25,1000000.00,4.59866,100.044921875
08:00:30,91282CKB6,TSRYS5756733,D,S,T,2024-03-25,1000000.00,4.59866,100.044921875
08:00:30,91282CKB6,TSRYS5756733,D,S,T,2024-03-25,1000000.00,4.59866,100.044921875
08:00:30,91282CKB6,TSRYS5756733,D,S,T,2024-03-25,1000000.00,4.59866,100.044921875
08:00:30,91282CKB6,TSRYS5756733,D,S,T,2024-03-25,1000000.00,4.59866,100.044921875
08:00:30,91282CKB6,TSRYS5756733,D,S,T,2024-03-25,1000000.00,4.59866,100.044921875
08:00:30,91282CKB6,TSRYS5756733,D,S,T,2024-03-25,1000000.00,4.59866,100.044921875
08:00:30,91282CKB6,TSRYS5756733,D,S,T,2024-03-25,1000000.00,4.59866,100.044921875
08:00:30,91282CKB6,TSRYS5756733,D,S,T,2024-03-25,1000000.00,4.59866,100.044921875
08:00:30,91282CKB6,TSRYS5756733,D,S,T,2024-03-25,1000000.00,4.59866,100.044921875
08:00:30,91282CKB6,TSRYS5756733,D,S,T,2024-03-25,1000000.00,4.59866,100.044921875
08:00:30,91282CKB6,TSRYS5756733,D,S,T,2024-03-25,1000000.00,4.59866,100.044921875
08:00:30,91282CKB6,TSRYS5756733,D,S,T,2024-03-25,1000000.00,4.59866,100.044921875
08:00:30,91282CKB6,TSRYS5756733,D,S,T,2024-03-25,1000000.00,4.59866,100.044921875
08:00:30,91282CKB6,TSRYS5756733,D,S,T,2024-03-25,1000000.00,4.59866,100.044921875
08:00:30,91282CKB6,TSRYS5756733,D,S,T,2024-03-25,1000000.00,4.59866,100.044921875
08:00:30,91282CKB6,TSRYS5756733,D,S,T,2024-03-25,1000000.00,4.59866,100.044921875
08:00:30,91282CKB6,TSRYS5756733,D,S,T,2024-03-25,1000000.00,4.59866,100.044921875
08:00:30,91282CKB6,TSRYS5756733,D,S,T,2024-03-25,1000000.00,4.59866,100.044921875
08:00:30,91282CKB6,TSRYS5756733,D,S,T,2024-03-25,1000000.00,4.599729,100.04296875
08:00:30,91282CKB6,TSRYS5756733,D,S,T,2024-03-25,1000000.00,4.599729,100.04296875
08:00:30,91282CKB6,TSRYS5756733,D,S,T,2024-03-25,1000000.00,4.599729,100.04296875
08:00:30,91282CKB6,TSRYS5756733,D,S,T,2024-03-25,3000000.00,4.601867,100.0390625
08:00:30,91282CKB6,TSRYS5756733,D,S,T,2024-03-25,2000000.00,4.601867,100.0390625
08:00:30,91282CKB6,TSRYS5756733,D,S,T,2024-03-25,2000000.00,4.601867,100.0390625
08:00:30,91282CKB6,TSRYS5756733,D,S,T,2024-03-25,1000000.00,4.601867,100.0390625
08:00:30,91282CKB6,TSRYS5756733,D,S,T,2024-03-25,3000000.00,4.601867,100.0390625
08:00:30,91282CKB6,TSRYS5756733,D,S,T,2024-03-25,4000000.00,4.601867,100.0390625
08:00:30,91282CKB6,TSRYS5756733,D,S,T,2024-03-25,3000000.00,4.601867,100.0390625
08:00:30,91282CKB6,TSRYS5756733,D,S,T,2024-03-25,1000000.00,4.601867,100.0390625
08:00:30,91282CKB6,TSRYS5756733,D,S,T,2024-03-25,2000000.00,4.601867,100.0390625
08:00:30,91282CKB6,TSRYS5756733,D,S,T,2024-03-25,1000000.00,4.601867,100.0390625
08:00:30,91282CKB6,TSRYS5756733,D,S,T,2024-03-25,1000000.00,4.601867,100.0390625
08:00:30,91282CKB6,TSRYS5756733,D,S,T,2024-03-25,2000000.00,4.601867,100.0390625
08:00:30,91282CKB6,TSRYS5756733,D,S,T,2024-03-25,1000000.00,4.601867,100.0390625
08:00:30,91282CKB6,TSRYS5756733,D,S,T,2024-03-25,2000000.00,4.600798,100.041015625
08:00:30,91282CKB6,TSRYS5756733,D,S,T,2024-03-25,1000000.00,4.601867,100.0390625
08:00:30,91282CKB6,TSRYS5756733,D,S,T,2024-03-25,1000000.00,4.601867,100.0390625
08:00:30,91282CKB6,TSRYS5756733,D,S,T,2024-03-25,2000000.00,4.601867,100.0390625
08:00:30,91282CKB6,TSRYS5756733,D,S,T,2024-03-25,1000000.00,4.601867,100.0390625
08:00:30,91282CKB6,TSRYS5756733,D,S,T,2024-03-25,1000000.00,4.602935,100.037109375
08:00:30,91282CKB6,TSRYS5756733,D,S,T,2024-03-25,1000000.00,4.599729,100.04296875
08:00:30,91282CKB6,TSRYS5756733,D,S,T,2024-03-25,1000000.00,4.599729,100.04296875
08:00:30,91282CKB6,TSRYS5756733,D,S,T,2024-03-25,1000000.00,4.599729,100.04296875
08:00:30,91282CKB6,TSRYS5756733,D,S,T,2024-03-25,2000000.00,4.601867,100.0390625
08:00:30,91282CKB6,TSRYS5756733,D,S,T,2024-03-25,1000000.00,4.601867,100.0390625
08:00:30,91282CKB6,TSRYS5756733,D,S,T,2024-03-25,1000000.00,4.601867,100.0390625
08:00:30,91282CKB6,TSRYS5756733,D,S,T,2024-03-25,2000000.00,4.601867,100.0390625
08:00:30,91282CKB6,TSRYS5756733,D,S,T,2024-03-25,2000000.00,4.602935,100.037109375
08:00:30,91282CKB6,TSRYS5756733,D,S,T,2024-03-25,1000000.00,4.600798,100.041015625
08:00:30,91282CKB6,TSRYS5756733,D,S,T,2024-03-25,1000000.00,4.601867,100.0390625
08:00:30,91282CKB6,TSRYS5756733,D,S,T,2024-03-25,1000000.00,4.601867,100.0390625
08:00:30,91282CKB6,TSRYS5756733,D,S,T,2024-03-25,1000000.00,4.601867,100.0390625
08:00:30,91282CKB6,TSRYS5756733,D,S,T,2024-03-25,3000000.00,4.604004,100.03515625
08:00:30,91282CKB6,TSRYS5756733,D,S,T,2024-03-25,2000000.00,4.604004,100.03515625
08:00:30,91282CKB6,TSRYS5756733,D,S,T,2024-03-25,1000000.00,4.604004,100.03515625
08:00:30,91282CKB6,TSRYS5756733,D,S,T,2024-03-25,1000000.00,4.604004,100.03515625
08:00:30,91282CKB6,TSRYS5756733,D,S,T,2024-03-25,1000000.00,4.604004,100.03515625
08:00:30,91282CKB6,TSRYS5756733,D,S,T,2024-03-25,2000000.00,4.604004,100.03515625
08:00:30,91282CKB6,TSRYS5756733,D,S,T,2024-03-25,2000000.00,4.604004,100.03515625
08:00:30,91282CKB6,TSRYS5756733,D,S,T,2024-03-25,3000000.00,4.604004,100.03515625
08:00:30,91282CKB6,TSRYS5756733,D,S,T,2024-03-25,2000000.00,4.604004,100.03515625
08:00:30,91282CKB6,TSRYS5756733,D,S,T,2024-03-25,1000000.00,4.604004,100.03515625
08:00:30,91282CKB6,TSRYS5756733,D,S,T,2024-03-25,1000000.00,4.604004,100.03515625
08:00:30,91282CKB6,TSRYS5756733,D,S,T,2024-03-25,1000000.00,4.604004,100.03515625
08:00:30,91282CKB6,TSRYS5756733,D,S,T,2024-03-25,1000000.00,4.604004,100.03515625
08:00:30,91282CKB6,TSRYS5756733,D,S,T,2024-03-25,1000000.00,4.606142,100.03125
08:00:30,91282CKB6,TSRYS5756733,D,S,T,2024-03-25,2000000.00,4.606142,100.03125
08:00:30,91282CKB6,TSRYS5756733,D,S,T,2024-03-25,6000000.00,4.606142,100.03125
08:00:30,91282CKB6,TSRYS5756733,D,S,T,2024-03-25,2000000.00,4.606142,100.03125
08:00:30,91282CKB6,TSRYS5756733,D,S,T,2024-03-25,1000000.00,4.606142,100.03125
08:00:30,91282CKB6,TSRYS5756733,D,S,T,2024-03-25,2000000.00,4.606142,100.03125
08:00:30,91282CKB6,TSRYS5756733,D,S,T,2024-03-25,2000000.00,4.606142,100.03125
08:00:30,91282CKB6,TSRYS5756733,D,S,T,2024-03-25,2000000.00,4.606142,100.03125
08:00:30,91282CKB6,TSRYS5756733,D,S,D,2024-03-25,1000000.00,4.607211,100.029296875
08:00:30,91282CKB6,TSRYS5756733,D,S,T,2024-03-25,2000000.00,4.60828,100.02734375
08:00:30,91282CKB6,TSRYS5756733,D,S,T,2024-03-25,1000000.00,4.610418,100.0234375
08:00:30,91282CKB6,TSRYS5756733,D,S,T,2024-03-25,1000000.00,4.612556,100.01953125
08:00:30,91282CKB6,TSRYS5756733,D,S,T,2024-03-25,1000000.00,4.612556,100.01953125
08:00:30,91282CKB6,TSRYS5756733,D,S,T,2024-03-25,1000000.00,4.614694,100.015625
08:00:30,91282CKB6,TSRYS5756733,D,S,T,2024-03-25,2000000.00,4.612556,100.01953125
08:00:30,91282CKB6,TSRYS5756733,D,S,T,2024-03-25,1000000.00,4.612556,100.01953125
08:00:30,91282CKB6,TSRYS5756733,D,S,T,2024-03-25,1000000.00,4.612556,100.01953125
08:00:30,91282CKB6,TSRYS5756733,D,S,T,2024-03-25,2000000.00,4.612556,100.01953125
08:00:30,91282CKB6,TSRYS5756733,D,S,T,2024-03-25,3000000.00,4.613625,100.017578125
08:00:30,91282CKB6,TSRYS5756733,D,S,T,2024-03-25,1000000.00,4.614694,100.015625
08:00:30,91282CKB6,TSRYS5756733,D,S,T,2024-03-25,1000000.00,4.614694,100.015625
08:00:30,91282CKB6,TSRYS5756733,D,S,T,2024-03-25,2000000.00,4.614694,100.015625
08:00:30,91282CKB6,TSRYS5756733,D,S,T,2024-03-25,1000000.00,4.614694,100.015625
08:00:30,91282CKB6,TSRYS5756733,D,S,T,2024-03-25,1000000.00,4.614694,100.015625
08:00:30,91282CKB6,TSRYS5756733,D,S,T,2024-03-25,1000000.00,4.614694,100.015625
08:00:30,91282CKB6,TSRYS5756733,D,S,T,2024-03-25,1000000.00,4.614694,100.015625
08:00:30,91282CKB6,TSRYS5756733,D,S,T,2024-03-25,1000000.00,4.615764,100.013671875
08:00:30,91282CKB6,TSRYS5756733,D,S,T,2024-03-25,2000000.00,4.614694,100.015625
08:00:30,91282CKB6,TSRYS5756733,D,S,T,2024-03-25,5000000.00,4.616833,100.01171875
08:00:30,91282CKB6,TSRYS5756733,D,S,T,2024-03-25,2000000.00,4.616833,100.01171875
08:00:30,91282CKB6,TSRYS5756733,D,S,T,2024-03-25,1000000.00,4.616833,100.01171875
08:00:30,91282CKB6,TSRYS5756733,D,S,T,2024-03-25,1000000.00,4.616833,100.01171875
08:00:30,91282CKB6,TSRYS5756733,D,S,T,2024-03-25,1000000.00,4.616833,100.01171875
08:00:30,91282CKB6,TSRYS5756733,D,S,T,2024-03-25,1000000.00,4.616833,100.01171875
08:00:30,91282CKB6,TSRYS5756733,D,S,T,2024-03-25,1000000.00,4.616833,100.01171875
08:00:30,91282CKB6,TSRYS5756733,D,S,T,2024-03-25,3000000.00,4.616833,100.01171875
08:00:30,91282CKB6,TSRYS5756733,D,S,T,2024-03-25,1000000.00,4.616833,100.01171875
08:00:30,91282CKB6,TSRYS5756733,D,S,T,2024-03-25,2000000.00,4.618971,100.0078125
08:00:30,91282CKB6,TSRYS5756733,D,S,T,2024-03-25,3000000.00,4.617902,100.009765625
08:00:30,91282CKB6,TSRYS5756733,D,S,T,2024-03-25,2000000.00,4.614694,100.015625
08:00:30,91282CKB6,TSRYS5756733,D,S,T,2024-03-25,1000000.00,4.616833,100.01171875
08:00:30,91282CKB6,TSRYS5756733,D,S,T,2024-03-25,1000000.00,4.618971,100.0078125
08:00:30,91282CKB6,TSRYS5756733,D,S,T,2024-03-25,1000000.00,4.618971,100.0078125
08:00:30,91282CKB6,TSRYS5756733,D,S,T,2024-03-25,1000000.00,4.618971,100.0078125
08:00:30,91282CKB6,TSRYS5756733,D,S,T,2024-03-25,1000000.00,4.618971,100.0078125
08:00:30,91282CKB6,TSRYS5756733,D,S,T,2024-03-25,1000000.00,4.618971,100.0078125
08:00:30,91282CKB6,TSRYS5756733,D,S,T,2024-03-25,2000000.00,4.618971,100.0078125
08:00:30,91282CKB6,TSRYS5756733,D,S,D,2024-03-25,1000000.00,4.620041,100.005859375
08:00:30,91282CKB6,TSRYS5756733,D,S,T,2024-03-25,2000000.00,4.623249,100.0
08:00:30,91282CKB6,TSRYS5756733,D,S,T,2024-03-25,1000000.00,4.628596,99.990234375
08:00:30,91282CKB6,TSRYS5756733,D,S,T,2024-03-25,2000000.00,4.627526,99.9921875
08:00:30,91282CKB6,TSRYS5756733,D,S,T,2024-03-25,1000000.00,4.626457,99.994140625
08:00:30,91282CKB6,TSRYS5756733,D,S,T,2024-03-25,2000000.00,4.626457,99.994140625
08:00:30,91282CKB6,TSRYS5756733,D,S,T,2024-03-25,3000000.00,4.626457,99.994140625
08:00:30,91282CKB6,TSRYS5756733,D,S,T,2024-03-25,3000000.00,4.626457,99.994140625
08:00:30,91282CKB6,TSRYS5756733,D,S,T,2024-03-25,4000000.00,4.627526,99.9921875
08:00:30,91282CKB6,TSRYS5756733,D,S,T,2024-03-25,3000000.00,4.627526,99.9921875
08:00:30,91282CKB6,TSRYS5756733,D,S,T,2024-03-25,2000000.00,4.627526,99.9921875
08:00:30,91282CKB6,TSRYS5756733,D,S,T,2024-03-25,1000000.00,4.627526,99.9921875
08:00:30,91282CKB6,TSRYS5756733,D,S,T,2024-03-25,2000000.00,4.627526,99.9921875
08:00:30,91282CKB6,TSRYS5756733,D,S,T,2024-03-25,1000000.00,4.627526,99.9921875
08:00:30,91282CKB6,TSRYS5756733,D,S,T,2024-03-25,2000000.00,4.627526,99.9921875
08:00:30,91282CKB6,TSRYS5756733,D,S,T,2024-03-25,1000000.00,4.627526,99.9921875
08:00:30,91282CKB6,TSRYS5756733,D,S,T,2024-03-25,2000000.00,4.625387,99.99609375
08:00:30,91282CKB6,TSRYS5756733,D,S,D,2024-03-25,1000000.00,4.586906,100.06640625
08:00:30,91282CKB6,TSRYS5756733,D,S,D,2024-03-25,2000000.00,4.586906,100.06640625
08:00:30,91282CKB6,TSRYS5756733,D,S,D,2024-03-25,2000000.00,4.597591,100.046875
08:00:30,91282CKB6,TSRYS5756733,D,S,D,2024-03-25,1000000.00,4.597591,100.046875
08:00:30,91282CKB6,TSRYS5756733,D,S,D,2024-03-25,1000000.00,4.599729,100.04296875
08:00:30,91282CKB6,TSRYS5756733,D,S,D,2024-03-25,3000000.00,4.614694,100.015625
08:00:30,91282CKB6,TSRYS5756733,D,S,D,2024-03-25,3000000.00,4.615764,100.013671875
08:00:30,91282CKB6,TSRYS5756733,D,S,D,2024-03-25,1000000.00,4.618971,100.0078125
08:00:30,91282CKB6,TSRYS5756733,D,S,D,2024-03-25,3000000.00,4.617902,100.009765625
08:00:30,91282CKB6,TSRYS5756733,D,S,D,2024-03-25,3000000.00,4.617902,100.009765625
08:00:30,91282CKB6,TSRYS5756733,D,S,D,2024-03-25,3000000.00,4.617902,100.009765625
08:00:30,91282CKB6,TSRYS5756733,D,S,D,2024-03-25,3000000.00,4.617902,100.009765625
08:00:30,91282CKB6,TSRYS5756733,D,S,D,2024-03-25,1000000.00,4.620041,100.005859375
08:00:30,91282CKB6,TSRYS5756733,D,S,D,2024-03-25,2000000.00,4.620041,100.005859375
08:00:30,91282CKB6,TSRYS5756733,D,S,D,2024-03-25,1000000.00,4.627526,99.9921875
08:00:30,91282CKB6,TSRYS5756733,D,S,D,2024-03-25,1000000.00,4.627526,99.9921875
08:00:30,91282CKB6,TSRYS5756733,D,S,D,2024-03-25,1000000.00,4.627526,99.9921875
08:00:30,91282CKB6,TSRYS5756733,D,S,D,2024-03-25,3000000.00,4.627526,99.9921875
08:00:30,91282CKB6,TSRYS5756733,D,S,D,2024-03-25,2000000.00,4.617902,100.009765625
08:00:30,91282CKB6,TSRYS5756733,D,S,D,2024-03-25,2000000.00,4.622179,100.001953125
08:00:30,91282CKB6,TSRYS5756733,D,S,D,2024-03-25,3000000.00,4.627526,99.9921875
08:00:30,91282CKB6,TSRYS5756733,D,S,D,2024-03-25,3000000.00,4.627526,99.9921875
08:00:30,91282CKB6,TSRYS5756733,D,S,D,2024-03-25,5000000.00,4.627526,99.9921875
08:00:30,91282CKB6,TSRYS5756733,D,S,D,2024-03-25,3000000.00,4.627526,99.9921875
08:00:30,91282CKB6,TSRYS5756733,D,S,D,2024-03-25,2000000.00,4.627526,99.9921875
08:00:30,91282CKB6,TSRYS5756733,D,S,D,2024-03-25,1000000.00,4.627526,99.9921875
08:00:30,91282CKB6,TSRYS5756733,D,S,D,2024-03-25,1000000.00,4.627526,99.9921875
08:00:30,91282CKB6,TSRYS5756733,D,S,D,2024-03-25,1000000.00,4.627526,99.9921875
08:00:30,91282CKB6,TSRYS5756733,D,S,D,2024-03-25,1000000.00,4.627526,99.9921875
08:00:30,91282CKB6,TSRYS5756733,D,S,D,2024-03-25,1000000.00,4.627526,99.9921875
08:00:30,91282CKB6,TSRYS5756733,D,S,D,2024-03-25,1000000.00,4.627526,99.9921875
08:00:30,91282CKB6,TSRYS5756733,D,S,D,2024-03-25,1000000.00,4.627526,99.9921875
08:00:30,91282CKB6,TSRYS5756733,D,S,D,2024-03-25,1000000.00,4.627526,99.9921875
08:00:30,91282CKB6,TSRYS5756733,D,S,D,2024-03-25,1000000.00,4.627526,99.9921875
08:00:30,91282CKB6,TSRYS5756733,D,S,T,2024-03-25,1000000.00,4.586906,100.06640625
08:00:30,91282CKB6,TSRYS5756733,D,S,T,2024-03-25,1000000.00,4.586906,100.06640625
08:00:30,91282CKB6,TSRYS5756733,D,S,T,2024-03-25,1000000.00,4.586906,100.06640625
08:00:30,91282CKB6,TSRYS5756733,D,S,T,2024-03-25,1000000.00,4.586906,100.06640625
08:00:30,91282CKB6,TSRYS5756733,D,S,T,2024-03-25,1000000.00,4.586906,100.06640625
08:00:34,91282CKB6,TSRYS5756733,D,S,T,2024-03-25,2000000.00,4.600798,100.041015625
08:00:34,91282CKB6,TSRYS5756733,D,S,T,2024-03-25,3000000.00,4.602935,100.037109375
08:00:34,91282CKB6,TSRYS5756733,D,S,T,2024-03-25,3000000.00,4.600798,100.041015625
08:00:34,91282CKB6,TSRYS5756733,D,S,T,2024-03-25,3000000.00,4.600798,100.041015625
08:00:34,91282CKB6,TSRYS5756733,D,S,T,2024-03-25,3000000.00,4.602935,100.037109375
08:00:34,91282CKB6,TSRYS5756733,D,S,T,2024-03-25,1000000.00,4.600798,100.041015625
08:00:34,91282CKB6,TSRYS5756733,D,S,T,2024-03-25,3000000.00,4.602935,100.037109375
08:00:34,91282CKB6,TSRYS5756733,D,S,T,2024-03-25,2000000.00,4.610418,100.0234375
08:00:34,91282CKB6,TSRYS5756733,D,S,T,2024-03-25,1000000.00,4.612556,100.01953125
08:00:34,91282CKB6,TSRYS5756733,D,S,T,2024-03-25,1000000.00,4.617902,100.009765625
08:00:34,91282CKB6,TSRYS5756733,D,S,T,2024-03-25,3000000.00,4.616833,100.01171875
08:00:34,91282CKB6,TSRYS5756733,D,S,T,2024-03-25,3000000.00,4.615764,100.013671875
08:00:34,91282CKB6,TSRYS5756733,D,S,T,2024-03-25,1000000.00,4.615764,100.013671875
08:00:34,91282CKB6,TSRYS5756733,D,S,D,2024-03-25,1000000.00,4.616833,100.01171875
08:00:34,91282CKB6,TSRYS5756733,D,S,T,2024-03-25,3000000.00,4.616833,100.01171875
08:00:34,91282CKB6,TSRYS5756733,D,S,T,2024-03-25,3000000.00,4.616833,100.01171875
08:00:34,91282CKB6,TSRYS5756733,D,S,T,2024-03-25,3000000.00,4.618971,100.0078125
08:00:34,91282CKB6,TSRYS5756733,D,S,T,2024-03-25,1000000.00,4.618971,100.0078125
08:00:34,91282CKB6,TSRYS5756733,D,S,T,2024-03-25,2000000.00,4.618971,100.0078125
08:00:34,91282CKB6,TSRYS5756733,D,S,T,2024-03-25,3000000.00,4.618971,100.0078125
08:00:34,91282CKB6,TSRYS5756733,D,S,T,2024-03-25,3000000.00,4.618971,100.0078125
08:00:34,91282CKB6,TSRYS5756733,D,S,T,2024-03-25,3000000.00,4.618971,100.0078125
08:00:34,91282CKB6,TSRYS5756733,D,S,T,2024-03-25,3000000.00,4.618971,100.0078125
08:00:34,91282CKB6,TSRYS5756733,D,S,T,2024-03-25,1000000.00,4.618971,100.0078125
08:00:34,91282CKB6,TSRYS5756733,D,S,T,2024-03-25,1000000.00,4.618971,100.0078125
08:00:34,91282CKB6,TSRYS5756733,D,S,T,2024-03-25,2000000.00,4.618971,100.0078125
08:00:34,91282CKB6,TSRYS5756733,D,S,T,2024-03-25,3000000.00,4.617902,100.009765625
08:00:34,91282CKB6,TSRYS5756733,D,S,T,2024-03-25,3000000.00,4.617902,100.009765625
08:00:34,91282CKB6,TSRYS5756733,D,S,T,2024-03-25,3000000.00,4.617902,100.009765625
08:00:34,91282CKB6,TSRYS5756733,D,S,T,2024-03-25,2000000.00,4.617902,100.009765625
08:00:34,91282CKB6,TSRYS5756733,D,S,T,2024-03-25,3000000.00,4.617902,100.009765625
08:00:34,91282CKB6,TSRYS5756733,D,S,T,2024-03-25,1000000.00,4.620041,100.005859375
08:00:34,91282CKB6,TSRYS5756733,D,S,T,2024-03-25,3000000.00,4.618971,100.0078125
08:00:34,91282CKB6,TSRYS5756733,D,S,T,2024-03-25,3000000.00,4.627526,99.9921875
08:00:34,91282CKB6,TSRYS5756733,D,S,T,2024-03-25,3000000.00,4.627526,99.9921875
08:00:34,91282CKB6,TSRYS5756733,D,B,A,2024-03-25,2232900.00,4.604004,100.03515625
08:00:34,91282CKB6,TSRYS5756733,D,B,C,2024-03-25,10000000.00,4.599639,100.04296875
08:00:34,91282CKB6,TSRYS5756733,D,B,A,2024-03-25,263000.00,4.604004,100.03515625
08:00:35,91282CKB6,TSRYS5756733,D,B,A,2024-03-25,3000000.00,4.584769,100.0703125
08:00:35,91282CKB6,TSRYS5756733,D,S,T,2024-03-25,1000000.00,4.599729,100.04296875
08:00:35,91282CKB6,TSRYS5756733,D,B,C,2024-03-25,30000000.00,4.601867,100.0390625
08:00:35,91282CKB6,TSRYS5756733,D,S,T,2024-03-25,1000000.00,4.600798,100.041015625
08:00:35,91282CKB6,TSRYS5756733,D,S,T,2024-03-25,6000000.00,4.601867,100.0390625
08:00:35,91282CKB6,TSRYS5756733,D,S,T,2024-03-25,1000000.00,4.601867,100.0390625
08:00:35,91282CKB6,TSRYS5756733,D,S,T,2024-03-25,3000000.00,4.601867,100.0390625
08:00:35,91282CKB6,TSRYS5756733,D,S,T,2024-03-25,1000000.00,4.601867,100.0390625
08:00:35,91282CKB6,TSRYS5756733,D,S,T,2024-03-25,1000000.00,4.601867,100.0390625
08:00:35,91282CKB6,TSRYS5756733,D,S,T,2024-03-25,1000000.00,4.601867,100.0390625
08:00:35,91282CKB6,TSRYS5756733,D,S,T,2024-03-25,1000000.00,4.601867,100.0390625
08:00:35,91282CKB6,TSRYS5756733,D,S,T,2024-03-25,2000000.00,4.601867,100.0390625
08:00:35,91282CKB6,TSRYS5756733,D,S,T,2024-03-25,2000000.00,4.601867,100.0390625
08:00:35,91282CKB6,TSRYS5756733,D,S,T,2024-03-25,1000000.00,4.601867,100.0390625
08:00:35,91282CKB6,TSRYS5756733,D,S,T,2024-03-25,1000000.00,4.601867,100.0390625
08:00:35,91282CKB6,TSRYS5756733,D,S,T,2024-03-25,1000000.00,4.601867,100.0390625
08:00:35,91282CKB6,TSRYS5756733,D,S,T,2024-03-25,1000000.00,4.601867,100.0390625
08:00:35,91282CKB6,TSRYS5756733,D,S,A,2024-03-25,5000000.00,4.601867,100.0390625
08:00:35,91282CKB6,TSRYS5756733,D,S,A,2024-03-25,1752000.00,4.599729,100.04296875
08:00:35,91282CKB6,TSRYS5756733,D,B,A,2024-03-25,3000000.00,4.60392,100.03515625
08:00:36,91282CKB6,TSRYS5756733,D,B,C,2024-03-25,1000000.00,4.601867,100.0390625
08:00:36,91282CKB6,TSRYS5756733,D,B,A,2024-03-25,3700000.00,4.604004,100.03515625
08:00:36,91282CKB6,TSRYS5756733,D,S,A,2024-03-25,7980000.00,4.612556,100.01953125
08:00:36,91282CKB6,TSRYS5756733,D,S,T,2024-03-25,1000000.00,4.612556,100.01953125
08:00:36,91282CKB6,TSRYS5756733,D,S,T,2024-03-25,1000000.00,4.612556,100.01953125
08:00:36,91282CKB6,TSRYS5756733,D,S,T,2024-03-25,1000000.00,4.613625,100.017578125
08:00:36,91282CKB6,TSRYS5756733,D,S,T,2024-03-25,1000000.00,4.616833,100.01171875
08:00:36,91282CKB6,TSRYS5756733,D,B,C,2024-03-25,15100000.00,4.618068,100.009462333
08:00:36,91282CKB6,TSRYS5756733,D,S,C,2024-03-25,50000000.00,4.595359,100.05078125
08:00:36,91282CKB6,TSRYS5756733,D,S,C,2024-03-25,50000000.00,4.595359,100.05078125
08:00:36,91282CKB6,TSRYS5756733,D,S,C,2024-03-25,50000000.00,4.595359,100.05078125
08:00:36,91282CKB6,TSRYS5756733,D,S,C,2024-03-25,50000000.00,4.595359,100.05078125
08:00:36,91282CKB6,TSRYS5756733,D,S,C,2024-03-25,50000000.00,4.595359,100.05078125
08:00:36,91282CKB6,TSRYS5756733,D,S,C,2024-03-25,50000000.00,4.595359,100.05078125
08:00:36,91282CKB6,TSRYS5756733,D,S,D,2024-03-25,20000000.00,4.619356,100.00711
08:00:36,91282CKB6,TSRYS5756733,D,S,D,2024-03-25,12620000.00,4.614694,100.015625
08:00:36,91282CKB6,TSRYS5756733,D,S,C,2024-03-25,113500000.00,4.614694,100.015625
08:00:36,91282CKB6,TSRYS5756733,D,S,T,2024-03-25,1000000.00,4.62111,100.00390625
08:00:36,91282CKB6,TSRYS5756733,D,S,T,2024-03-25,1000000.00,4.623249,100.0
08:00:36,91282CKB6,TSRYS5756733,D,S,T,2024-03-25,1000000.00,4.623249,100.0
08:00:36,91282CKB6,TSRYS5756733,D,B,C,2024-03-25,250MM+,4.629665,99.98828125
08:00:36,91282CKB6,TSRYS5756733,D,S,T,2024-03-25,1000000.00,4.599729,100.04296875
08:00:37,91282CKB6,TSRYS5756733,D,S,T,2024-03-25,1000000.00,4.599729,100.04296875
08:00:37,91282CKB6,TSRYS5756733,D,S,T,2024-03-25,1000000.00,4.599729,100.04296875
08:00:37,91282CKB6,TSRYS5756733,D,S,T,2024-03-25,1000000.00,4.599729,100.04296875
08:00:37,91282CKB6,TSRYS5756733,D,S,T,2024-03-25,1000000.00,4.599729,100.04296875
08:00:38,91282CKB6,TSRYS5756733,D,S,T,2024-03-25,1000000.00,4.599729,100.04296875
08:00:38,91282CKB6,TSRYS5756733,D,S,T,2024-03-25,1000000.00,4.599729,100.04296875
08:00:38,91282CKB6,TSRYS5756733,D,S,T,2024-03-25,2000000.00,4.599729,100.04296875
08:00:38,91282CKB6,TSRYS5756733,D,S,T,2024-03-25,1000000.00,4.599729,100.04296875
08:00:38,91282CKB6,TSRYS5756733,D,S,C,2024-03-25,530000.00,4.604004,100.03515625
08:00:39,91282CKB6,TSRYS5756733,D,S,T,2024-03-25,1000000.00,4.599729,100.04296875
08:00:39,91282CKB6,TSRYS5756733,D,S,T,2024-03-25,1000000.00,4.597591,100.046875
08:00:39,91282CKB6,TSRYS5756733,D,S,T,2024-03-25,1000000.00,4.597591,100.046875
08:00:39,91282CKB6,TSRYS5756733,D,S,T,2024-03-25,1000000.00,4.597591,100.046875
08:00:39,91282CKB6,TSRYS5756733,D,S,D,2024-03-25,3000000.00,4.597591,100.046875
08:00:39,91282CKB6,TSRYS5756733,D,S,T,2024-03-25,1000000.00,4.599729,100.04296875
08:00:39,91282CKB6,TSRYS5756733,D,S,D,2024-03-25,530000.00,4.604004,100.03515625
08:00:39,91282CKB6,TSRYS5756733,D,B,A,2024-03-25,8975000.00,4.599729,100.04296875
08:00:39,91282CKB6,TSRYS5756733,D,S,D,2024-03-25,1000000.00,4.600798,100.041015625
08:00:39,91282CKB6,TSRYS5756733,D,S,T,2024-03-25,3000000.00,4.600798,100.041015625
08:00:39,91282CKB6,TSRYS5756733,D,S,T,2024-03-25,1000000.00,4.600798,100.041015625
08:00:40,91282CKB6,TSRYS5756733,D,S,T,2024-03-25,1000000.00,4.601867,100.0390625
08:00:41,91282CKB6,TSRYS5756733,D,S,T,2024-03-25,1000000.00,4.602935,100.037109375
08:00:41,91282CKB6,TSRYS5756733,D,S,A,2024-03-25,2900000.00,4.599729,100.04296875
08:00:42,91282CKB6,TSRYS5756733,D,S,T,2024-03-25,1000000.00,4.618971,100.0078125
08:00:42,91282CKB6,TSRYS5756733,D,S,T,2024-03-25,1000000.00,4.618971,100.0078125
08:00:42,91282CKB6,TSRYS5756733,D,S,T,2024-03-25,1000000.00,4.618971,100.0078125
08:00:42,91282CKB6,TSRYS5756733,D,S,T,2024-03-25,1000000.00,4.618971,100.0078125
08:00:42,91282CKB6,TSRYS5756733,D,S,T,2024-03-25,1000000.00,4.618971,100.0078125
08:00:42,91282CKB6,TSRYS5756733,D,S,T,2024-03-25,1000000.00,4.618971,100.0078125
08:00:42,91282CKB6,TSRYS5756733,D,S,T,2024-03-25,1000000.00,4.618971,100.0078125
08:00:42,91282CKB6,TSRYS5756733,D,S,T,2024-03-25,1000000.00,4.616833,100.01171875
08:00:42,91282CKB6,TSRYS5756733,D,S,T,2024-03-25,1000000.00,4.616833,100.01171875
08:00:42,91282CKB6,TSRYS5756733,D,S,T,2024-03-25,1000000.00,4.616833,100.01171875
08:00:42,91282CKB6,TSRYS5756733,D,S,T,2024-03-25,2000000.00,4.616833,100.01171875
08:00:42,91282CKB6,TSRYS5756733,D,S,T,2024-03-25,1000000.00,4.616833,100.01171875
08:00:42,91282CKB6,TSRYS5756733,D,S,T,2024-03-25,2000000.00,4.616833,100.01171875
08:00:42,91282CKB6,TSRYS5756733,D,S,T,2024-03-25,1000000.00,4.616833,100.01171875
08:00:42,91282CKB6,TSRYS5756733,D,S,T,2024-03-25,1000000.00,4.616833,100.01171875
08:00:42,91282CKB6,TSRYS5756733,D,S,T,2024-03-25,1000000.00,4.616833,100.01171875
08:00:42,91282CKB6,TSRYS5756733,D,S,T,2024-03-25,6000000.00,4.616833,100.01171875
08:00:42,91282CKB6,TSRYS5756733,D,S,T,2024-03-25,1000000.00,4.605073,100.033203125
08:00:42,91282CKB6,TSRYS5756733,D,S,T,2024-03-25,2000000.00,4.605073,100.033203125
08:00:42,91282CKB6,TSRYS5756733,D,S,T,2024-03-25,1000000.00,4.605073,100.033203125
08:00:43,91282CKB6,TSRYS5756733,D,S,T,2024-03-25,1000000.00,4.604004,100.03515625
08:00:43,91282CKB6,TSRYS5756733,D,S,T,2024-03-25,1000000.00,4.59118,100.05859375
08:00:43,91282CKB6,TSRYS5756733,D,S,T,2024-03-25,2000000.00,4.59118,100.05859375
08:00:43,91282CKB6,TSRYS5756733,D,S,T,2024-03-25,1000000.00,4.586906,100.06640625
08:00:43,91282CKB6,TSRYS5756733,D,S,T,2024-03-25,1000000.00,4.586906,100.06640625
08:00:43,91282CKB6,TSRYS5756733,D,S,T,2024-03-25,1000000.00,4.605073,100.033203125
08:00:43,91282CKB6,TSRYS5756733,D,S,D,2024-03-25,100000.00,4.62111,100.00390625
08:00:43,91282CKB6,TSRYS5756733,D,S,T,2024-03-25,1000000.00,4.605073,100.033203125
08:00:43,91282CKB6,TSRYS5756733,D,S,T,2024-03-25,1000000.00,4.586906,100.06640625
08:00:43,91282CKB6,TSRYS5756733,D,S,D,2024-03-25,100000.00,4.62111,100.00390625
08:00:43,91282CKB6,TSRYS5756733,D,S,T,2024-03-25,1000000.00,4.586906,100.06640625
08:00:43,91282CKB6,TSRYS5756733,D,S,T,2024-03-25,1000000.00,4.584769,100.0703125
08:00:43,91282CKB6,TSRYS5756733,D,S,T,2024-03-25,1000000.00,4.605073,100.033203125
08:00:43,91282CKB6,TSRYS5756733,D,S,T,2024-03-25,1000000.00,4.584769,100.0703125
08:00:43,91282CKB6,TSRYS5756733,D,S,T,2024-03-25,1000000.00,4.605073,100.033203125
08:00:43,91282CKB6,TSRYS5756733,D,S,T,2024-03-25,5000000.00,4.623249,100.0
08:00:43,91282CKB6,TSRYS5756733,D,S,T,2024-03-25,1000000.00,4.605073,100.033203125
08:00:43,91282CKB6,TSRYS5756733,D,S,T,2024-03-25,1000000.00,4.59866,100.044921875
08:00:43,91282CKB6,TSRYS5756733,D,S,T,2024-03-25,1000000.00,4.597591,100.046875
08:00:43,91282CKB6,TSRYS5756733,D,S,T,2024-03-25,1000000.00,4.605073,100.033203125
08:00:43,91282CKB6,TSRYS5756733,D,S,T,2024-03-25,1000000.00,4.600798,100.041015625
08:00:43,91282CKB6,TSRYS5756733,D,S,D,2024-03-25,5000000.00,4.623249,100.0
08:00:43,91282CKB6,TSRYS5756733,D,S,T,2024-03-25,1000000.00,4.599729,100.04296875
08:00:43,91282CKB6,TSRYS5756733,D,S,T,2024-03-25,1000000.00,4.599729,100.04296875
08:00:43,91282CKB6,TSRYS5756733,D,S,T,2024-03-25,1000000.00,4.600798,100.041015625
08:00:43,91282CKB6,TSRYS5756733,D,S,T,2024-03-25,1000000.00,4.597591,100.046875
08:00:43,91282CKB6,TSRYS5756733,D,S,T,2024-03-25,1000000.00,4.60406,100.03505425
08:00:43,91282CKB6,TSRYS5756733,D,S,T,2024-03-25,1000000.00,4.597591,100.046875
08:00:43,91282CKB6,TSRYS5756733,D,S,T,2024-03-25,1000000.00,4.597591,100.046875
08:00:43,91282CKB6,TSRYS5756733,D,S,T,2024-03-25,1000000.00,4.595454,100.05078125
08:00:43,91282CKB6,TSRYS5756733,D,S,T,2024-03-25,1000000.00,4.597591,100.046875
08:00:43,91282CKB6,TSRYS5756733,D,S,T,2024-03-25,1000000.00,4.597591,100.046875
08:00:43,91282CKB6,TSRYS5756733,D,S,T,2024-03-25,1000000.00,4.59866,100.044921875
08:00:43,91282CKB6,TSRYS5756733,D,S,T,2024-03-25,1000000.00,4.60406,100.03505425
08:00:43,91282CKB6,TSRYS5756733,D,S,T,2024-03-25,1000000.00,4.599729,100.04296875
08:00:43,91282CKB6,TSRYS5756733,D,S,T,2024-03-25,1000000.00,4.601867,100.0390625
08:00:43,91282CKB6,TSRYS5756733,D,S,T,2024-03-25,1000000.00,4.601867,100.0390625
08:00:43,91282CKB6,TSRYS5756733,D,S,T,2024-03-25,1000000.00,4.60406,100.03505425
08:00:43,91282CKB6,TSRYS5756733,D,S,T,2024-03-25,1000000.00,4.601867,100.0390625
08:00:43,91282CKB6,TSRYS5756733,D,S,T,2024-03-25,1000000.00,4.601867,100.0390625
08:00:43,91282CKB6,TSRYS5756733,D,S,T,2024-03-25,1000000.00,4.60406,100.03505425
08:00:43,91282CKB6,TSRYS5756733,D,S,T,2024-03-25,1000000.00,4.604004,100.03515625
08:00:43,91282CKB6,TSRYS5756733,D,S,T,2024-03-25,1000000.00,4.606142,100.03125
08:00:43,91282CKB6,TSRYS5756733,D,S,T,2024-03-25,1000000.00,4.60406,100.03505425
08:00:43,91282CKB6,TSRYS5756733,D,S,T,2024-03-25,1000000.00,4.599729,100.04296875
08:00:43,91282CKB6,TSRYS5756733,D,S,T,2024-03-25,1000000.00,4.599729,100.04296875
08:00:43,91282CKB6,TSRYS5756733,D,S,T,2024-03-25,1000000.00,4.599729,100.04296875
08:00:43,91282CKB6,TSRYS5756733,D,S,T,2024-03-25,1000000.00,4.600798,100.041015625
08:00:43,91282CKB6,TSRYS5756733,D,S,T,2024-03-25,1000000.00,4.599729,100.04296875
08:00:43,91282CKB6,TSRYS5756733,D,S,D,2024-03-25,1000000.00,4.597591,100.046875
08:00:43,91282CKB6,TSRYS5756733,D,S,T,2024-03-25,1000000.00,4.601867,100.0390625
08:00:43,91282CKB6,TSRYS5756733,D,S,T,2024-03-25,1000000.00,4.601867,100.0390625
08:00:43,91282CKB6,TSRYS5756733,D,S,T,2024-03-25,1000000.00,4.601867,100.0390625
08:00:43,91282CKB6,TSRYS5756733,D,S,T,2024-03-25,1000000.00,4.601867,100.0390625
08:00:43,91282CKB6,TSRYS5756733,D,S,T,2024-03-25,1000000.00,4.601867,100.0390625
08:00:43,91282CKB6,TSRYS5756733,D,S,T,2024-03-25,1000000.00,4.601867,100.0390625
08:00:43,91282CKB6,TSRYS5756733,D,S,T,2024-03-25,1000000.00,4.601867,100.0390625
08:00:43,91282CKB6,TSRYS5756733,D,S,T,2024-03-25,1000000.00,4.602935,100.037109375
08:00:43,91282CKB6,TSRYS5756733,D,S,T,2024-03-25,1000000.00,4.602935,100.037109375
08:00:43,91282CKB6,TSRYS5756733,D,S,T,2024-03-25,1000000.00,4.602935,100.037109375
08:00:43,91282CKB6,TSRYS5756733,D,S,D,2024-03-25,1000000.00,4.602935,100.037109375
08:00:43,91282CKB6,TSRYS5756733,D,S,D,2024-03-25,1000000.00,4.602935,100.037109375
08:00:43,91282CKB6,TSRYS5756733,D,S,T,2024-03-25,1000000.00,4.602935,100.037109375
08:00:43,91282CKB6,TSRYS5756733,D,S,T,2024-03-25,1000000.00,4.604004,100.03515625
08:00:43,91282CKB6,TSRYS5756733,D,S,T,2024-03-25,1000000.00,4.604004,100.03515625
08:00:43,91282CKB6,TSRYS5756733,D,S,T,2024-03-25,1000000.00,4.604004,100.03515625
08:00:43,91282CKB6,TSRYS5756733,D,S,T,2024-03-25,1000000.00,4.601867,100.0390625
08:00:43,91282CKB6,TSRYS5756733,D,S,T,2024-03-25,1000000.00,4.599729,100.04296875
08:00:43,91282CKB6,TSRYS5756733,D,S,T,2024-03-25,1000000.00,4.602935,100.037109375
08:00:43,91282CKB6,TSRYS5756733,D,S,T,2024-03-25,1000000.00,4.601867,100.0390625
08:00:43,91282CKB6,TSRYS5756733,D,S,T,2024-03-25,1000000.00,4.599729,100.04296875
08:00:43,91282CKB6,TSRYS5756733,D,S,T,2024-03-25,1000000.00,4.602935,100.037109375
08:00:43,91282CKB6,TSRYS5756733,D,S,T,2024-03-25,1000000.00,4.605073,100.033203125
08:00:43,91282CKB6,TSRYS5756733,D,S,T,2024-03-25,1000000.00,4.605073,100.033203125
08:00:43,91282CKB6,TSRYS5756733,D,S,T,2024-03-25,1000000.00,4.607211,100.029296875
08:00:43,91282CKB6,TSRYS5756733,D,S,T,2024-03-25,1000000.00,4.606142,100.03125
08:00:43,91282CKB6,TSRYS5756733,D,S,T,2024-03-25,1000000.00,4.610418,100.0234375
08:00:43,91282CKB6,TSRYS5756733,D,S,T,2024-03-25,1000000.00,4.610418,100.0234375
08:00:43,91282CKB6,TSRYS5756733,D,S,T,2024-03-25,1000000.00,4.613625,100.017578125
08:00:43,91282CKB6,TSRYS5756733,D,S,T,2024-03-25,1000000.00,4.612556,100.01953125
08:00:43,91282CKB6,TSRYS5756733,D,S,T,2024-03-25,1000000.00,4.614694,100.015625
08:00:43,91282CKB6,TSRYS5756733,D,S,T,2024-03-25,1000000.00,4.612556,100.01953125
08:00:43,91282CKB6,TSRYS5756733,D,S,T,2024-03-25,1000000.00,4.612556,100.01953125
08:00:43,91282CKB6,TSRYS5756733,D,S,T,2024-03-25,1000000.00,4.612556,100.01953125
08:00:43,91282CKB6,TSRYS5756733,D,S,T,2024-03-25,1000000.00,4.612556,100.01953125
08:00:43,91282CKB6,TSRYS5756733,D,S,T,2024-03-25,1000000.00,4.614694,100.015625
08:00:43,91282CKB6,TSRYS5756733,D,S,T,2024-03-25,1000000.00,4.612556,100.01953125
08:00:43,91282CKB6,TSRYS5756733,D,S,D,2024-03-25,1000000.00,4.612556,100.01953125
08:00:43,91282CKB6,TSRYS5756733,D,S,T,2024-03-25,1000000.00,4.613625,100.017578125
08:00:43,91282CKB6,TSRYS5756733,D,S,T,2024-03-25,1000000.00,4.613625,100.017578125
08:00:43,91282CKB6,TSRYS5756733,D,S,T,2024-03-25,1000000.00,4.613625,100.017578125
08:00:43,91282CKB6,TSRYS5756733,D,S,T,2024-03-25,1000000.00,4.614694,100.015625
08:00:43,91282CKB6,TSRYS5756733,D,S,T,2024-03-25,1000000.00,4.613625,100.017578125
08:00:43,91282CKB6,TSRYS5756733,D,S,T,2024-03-25,1000000.00,4.613625,100.017578125
08:00:43,91282CKB6,TSRYS5756733,D,S,T,2024-03-25,1000000.00,4.612556,100.01953125
08:00:43,91282CKB6,TSRYS5756733,D,S,T,2024-03-25,1000000.00,4.612556,100.01953125
08:00:43,91282CKB6,TSRYS5756733,D,S,T,2024-03-25,1000000.00,4.612556,100.01953125
08:00:43,91282CKB6,TSRYS5756733,D,S,T,2024-03-25,1000000.00,4.614694,100.015625
08:00:43,91282CKB6,TSRYS5756733,D,S,T,2024-03-25,1000000.00,4.615764,100.013671875
08:00:43,91282CKB6,TSRYS5756733,D,S,T,2024-03-25,1000000.00,4.617902,100.009765625
08:00:43,91282CKB6,TSRYS5756733,D,S,T,2024-03-25,1000000.00,4.616833,100.01171875
08:00:43,91282CKB6,TSRYS5756733,D,S,T,2024-03-25,1000000.00,4.616833,100.01171875
08:00:44,91282CKB6,TSRYS5756733,D,S,T,2024-03-25,1000000.00,4.616833,100.01171875
08:00:44,91282CKB6,TSRYS5756733,D,S,T,2024-03-25,1000000.00,4.616833,100.01171875
08:00:44,91282CKB6,TSRYS5756733,D,S,D,2024-03-25,1000000.00,4.614694,100.015625
08:00:44,91282CKB6,TSRYS5756733,D,S,T,2024-03-25,1000000.00,4.616833,100.01171875
08:00:44,91282CKB6,TSRYS5756733,D,S,T,2024-03-25,1000000.00,4.617902,100.009765625
08:00:44,91282CKB6,TSRYS5756733,D,S,T,2024-03-25,1000000.00,4.617902,100.009765625
08:00:44,91282CKB6,TSRYS5756733,D,S,T,2024-03-25,1000000.00,4.617902,100.009765625
08:00:44,91282CKB6,TSRYS5756733,D,S,T,2024-03-25,1000000.00,4.618971,100.0078125
08:00:44,91282CKB6,TSRYS5756733,D,S,T,2024-03-25,1000000.00,4.618971,100.0078125
08:00:44,91282CKB6,TSRYS5756733,D,S,T,2024-03-25,1000000.00,4.618971,100.0078125
08:00:44,91282CKB6,TSRYS5756733,D,S,T,2024-03-25,1000000.00,4.618971,100.0078125
08:00:44,91282CKB6,TSRYS5756733,D,S,T,2024-03-25,1000000.00,4.618971,100.0078125
08:00:44,91282CKB6,TSRYS5756733,D,S,T,2024-03-25,1000000.00,4.618971,100.0078125
08:00:44,91282CKB6,TSRYS5756733,D,S,T,2024-03-25,1000000.00,4.618971,100.0078125
08:00:44,91282CKB6,TSRYS5756733,D,S,T,2024-03-25,1000000.00,4.617902,100.009765625
08:00:44,91282CKB6,TSRYS5756733,D,S,T,2024-03-25,1000000.00,4.617902,100.009765625
08:00:44,91282CKB6,TSRYS5756733,D,S,D,2024-03-25,1000000.00,4.617902,100.009765625
08:00:44,91282CKB6,TSRYS5756733,D,S,T,2024-03-25,1000000.00,4.617902,100.009765625
08:00:44,91282CKB6,TSRYS5756733,D,S,T,2024-03-25,1000000.00,4.614694,100.015625
08:00:44,91282CKB6,TSRYS5756733,D,S,T,2024-03-25,1000000.00,4.62111,100.00390625
08:00:44,91282CKB6,TSRYS5756733,D,S,T,2024-03-25,3000000.00,4.62111,100.00390625
08:00:44,91282CKB6,TSRYS5756733,D,S,T,2024-03-25,1000000.00,4.623249,100.0
08:00:44,91282CKB6,TSRYS5756733,D,S,T,2024-03-25,1000000.00,4.623249,100.0
08:00:44,91282CKB6,TSRYS5756733,D,S,D,2024-03-25,1000000.00,4.624318,99.998046875
08:00:44,91282CKB6,TSRYS5756733,D,S,D,2024-03-25,1000000.00,4.624318,99.998046875
08:00:44,91282CKB6,TSRYS5756733,D,S,D,2024-03-25,3000.00,4.617226,100.011
08:00:44,91282CKB6,TSRYS5756733,D,S,D,2024-03-25,1000000.00,4.627526,99.9921875
08:00:44,91282CKB6,TSRYS5756733,D,S,D,2024-03-25,1000000.00,4.629665,99.98828125
08:00:44,91282CKB6,TSRYS5756733,D,S,D,2024-03-25,1000000.00,4.627526,99.9921875
08:00:44,91282CKB6,TSRYS5756733,D,S,A,2024-03-25,3000.00,4.617226,100.17766666667
08:00:44,91282CKB6,TSRYS5756733,D,S,A,2024-03-25,2830000.00,4.599729,100.04296875
08:00:44,91282CKB6,TSRYS5756733,D,S,T,2024-03-25,1000000.00,4.597591,100.046875
08:00:44,91282CKB6,TSRYS5756733,D,S,T,2024-03-25,1000000.00,4.599729,100.04296875
08:00:44,91282CKB6,TSRYS5756733,D,S,T,2024-03-25,1000000.00,4.604004,100.03515625
08:00:44,91282CKB6,TSRYS5756733,D,S,T,2024-03-25,1000000.00,4.600798,100.041015625
08:00:45,91282CKB6,TSRYS5756733,D,B,C,2024-03-25,25000000.00,4.604004,100.03515625
08:00:45,91282CKB6,TSRYS5756733,D,S,D,2024-03-25,4000000.00,4.59866,100.044921875
08:00:45,91282CKB6,TSRYS5756733,D,S,A,2024-03-25,255000.00,4.599729,100.04296875
08:00:45,91282CKB6,TSRYS5756733,D,S,T,2024-03-25,1000000.00,4.601867,100.0390625
08:00:45,91282CKB6,TSRYS5756733,D,S,T,2024-03-25,2000000.00,4.601867,100.0390625
08:00:45,91282CKB6,TSRYS5756733,D,S,T,2024-03-25,3000000.00,4.602935,100.037109375
08:00:45,91282CKB6,TSRYS5756733,D,S,T,2024-03-25,2000000.00,4.602935,100.037109375
08:00:45,91282CKB6,TSRYS5756733,D,S,A,2024-03-25,193000.00,4.601867,100.0390625
08:00:46,91282CKB6,TSRYS5756733,D,S,A,2024-03-25,1625000.00,4.601867,100.0390625
08:00:46,91282CKB6,TSRYS5756733,D,S,T,2024-03-25,1000000.00,4.602935,100.037109375
08:00:46,91282CKB6,TSRYS5756733,D,S,T,2024-03-25,2000000.00,4.602935,100.037109375
08:00:46,91282CKB6,TSRYS5756733,D,S,A,2024-03-25,1000000.00,4.599729,100.04296875
08:00:46,91282CKB6,TSRYS5756733,D,S,A,2024-03-25,1200000.00,4.599729,100.04296875
08:00:47,91282CKB6,TSRYS5756733,D,B,A,2024-03-25,150000.00,4.612556,100.01953125
08:00:47,91282CKB6,TSRYS5756733,D,S,T,2024-03-25,8000000.00,4.618971,100.0078125
08:00:47,91282CKB6,TSRYS5756733,D,S,T,2024-03-25,1000000.00,4.618971,100.0078125
08:00:48,91282CKB6,TSRYS5756733,D,S,T,2024-03-25,1000000.00,4.618971,100.0078125
08:00:48,91282CKB6,TSRYS5756733,D,S,T,2024-03-25,1000000.00,4.618971,100.0078125
08:00:48,91282CKB6,TSRYS5756733,D,S,T,2024-03-25,1000000.00,4.618971,100.0078125
08:00:48,91282CKB6,TSRYS5756733,D,S,T,2024-03-25,5000000.00,4.618971,100.0078125
08:00:48,91282CKB6,TSRYS5756733,D,S,T,2024-03-25,1000000.00,4.618971,100.0078125
08:00:48,91282CKB6,TSRYS5756733,D,S,T,2024-03-25,1000000.00,4.616833,100.01171875
08:00:48,91282CKB6,TSRYS5756733,D,S,T,2024-03-25,1000000.00,4.616833,100.01171875
08:00:48,91282CKB6,TSRYS5756733,D,S,T,2024-03-25,1000000.00,4.616833,100.01171875
08:00:48,91282CKB6,TSRYS5756733,D,S,T,2024-03-25,1000000.00,4.616833,100.01171875
08:00:48,91282CKB6,TSRYS5756733,D,S,T,2024-03-25,1000000.00,4.616833,100.01171875
08:00:48,91282CKB6,TSRYS5756733,D,S,T,2024-03-25,1000000.00,4.616833,100.01171875
08:00:48,91282CKB6,TSRYS5756733,D,S,T,2024-03-25,1000000.00,4.616833,100.01171875
08:00:48,91282CKB6,TSRYS5756733,D,S,T,2024-03-25,1000000.00,4.616833,100.01171875
08:00:48,91282CKB6,TSRYS5756733,D,B,A,2024-03-25,65000000.00,4.597499,100.046875
08:00:50,91282CKB6,TSRYS5756733,D,S,T,2024-03-25,1000000.00,4.59866,100.044921875
08:00:50,91282CKB6,TSRYS5756733,D,S,T,2024-03-25,1000000.00,4.59866,100.044921875
08:00:50,91282CKB6,TSRYS5756733,D,S,T,2024-03-25,1000000.00,4.59866,100.044921875
08:00:50,91282CKB6,TSRYS5756733,D,S,T,2024-03-25,1000000.00,4.59866,100.044921875
08:00:54,91282CKB6,TSRYS5756733,D,S,T,2024-03-25,1000000.00,4.618971,100.0078125
08:00:54,91282CKB6,TSRYS5756733,D,S,T,2024-03-25,1000000.00,4.618971,100.0078125
08:00:54,91282CKB6,TSRYS5756733,D,S,T,2024-03-25,1000000.00,4.618971,100.0078125
08:00:54,91282CKB6,TSRYS5756733,D,S,T,2024-03-25,1000000.00,4.618971,100.0078125
08:00:54,91282CKB6,TSRYS5756733,D,S,T,2024-03-25,1000000.00,4.618971,100.0078125
08:00:54,91282CKB6,TSRYS5756733,D,S,T,2024-03-25,1000000.00,4.618971,100.0078125
08:00:54,91282CKB6,TSRYS5756733,D,S,T,2024-03-25,1000000.00,4.618971,100.0078125
08:00:58,91282CKB6,TSRYS5756733,D,S,T,2024-03-25,1000000.00,4.616833,100.01171875
08:00:58,91282CKB6,TSRYS5756733,D,S,A,2024-03-25,2000000.00,4.604004,100.03515625
08:00:58,91282CKB6,TSRYS5756733,D,B,C,2024-03-25,10400000.00,4.618663,100.00837590144
08:00:58,91282CKB6,TSRYS5756733,D,S,D,2024-03-25,1000000.00,4.620041,100.005859375
08:00:58,91282CKB6,TSRYS5756733,D,S,D,2024-03-25,1000000.00,4.620041,100.005859375
08:00:58,91282CKB6,TSRYS5756733,D,S,D,2024-03-25,1000000.00,4.620041,100.005859375
08:00:58,91282CKB6,TSRYS5756733,D,S,D,2024-03-25,1000000.00,4.620041,100.005859375
08:00:58,91282CKB6,TSRYS5756733,D,S,D,2024-03-25,16000000.00,4.620041,100.005859375
08:00:58,91282CKB6,TSRYS5756733,D,S,D,2024-03-25,1000000.00,4.620041,100.005859375
08:00:59,91282CKB6,TSRYS5756733,D,S,D,2024-03-25,1000000.00,4.620041,100.005859375
08:00:59,91282CKB6,TSRYS5756733,D,S,D,2024-03-25,1000000.00,4.620041,100.005859375
08:00:59,91282CKB6,TSRYS5756733,D,S,D,2024-03-25,1000000.00,4.62111,100.00390625
08:00:59,91282CKB6,TSRYS5756733,D,S,D,2024-03-25,1000000.00,4.620041,100.005859375
08:01:00,91282CKB6,TSRYS5756733,D,S,C,2024-03-25,1000000.00,4.587974,100.064453125
08:01:00,91282CKB6,TSRYS5756733,D,B,C,2024-03-25,1000000.00,4.587974,100.064453125
08:01:00,91282CKB6,TSRYS5756733,D,S,C,2024-03-25,1000000.00,4.589043,100.0625
08:01:00,91282CKB6,TSRYS5756733,D,S,C,2024-03-25,1000000.00,4.589043,100.0625
08:01:00,91282CKB6,TSRYS5756733,D,S,C,2024-03-25,1000000.00,4.589043,100.0625
08:01:00,91282CKB6,TSRYS5756733,D,B,C,2024-03-25,1000000.00,4.589043,100.0625
08:01:00,91282CKB6,TSRYS5756733,D,B,C,2024-03-25,1000000.00,4.589043,100.0625
08:01:00,91282CKB6,TSRYS5756733,D,B,C,2024-03-25,1000000.00,4.589043,100.0625
08:01:00,91282CKB6,TSRYS5756733,D,B,C,2024-03-25,1000000.00,4.589043,100.0625
08:01:00,91282CKB6,TSRYS5756733,D,B,C,2024-03-25,1000000.00,4.589043,100.0625
08:01:00,91282CKB6,TSRYS5756733,D,S,C,2024-03-25,1000000.00,4.589043,100.0625
08:01:00,91282CKB6,TSRYS5756733,D,S,C,2024-03-25,1000000.00,4.589043,100.0625
08:01:00,91282CKB6,TSRYS5756733,D,S,C,2024-03-25,1000000.00,4.589043,100.0625
08:01:00,91282CKB6,TSRYS5756733,D,B,C,2024-03-25,1000000.00,4.589043,100.0625
08:01:00,91282CKB6,TSRYS5756733,D,S,C,2024-03-25,1000000.00,4.589043,100.0625
08:01:00,91282CKB6,TSRYS5756733,D,B,C,2024-03-25,1000000.00,4.589043,100.0625
08:01:01,91282CKB6,TSRYS5756733,D,S,D,2024-03-25,15000000.00,4.618971,100.0078125
08:01:01,91282CKB6,TSRYS5756733,D,S,D,2024-03-25,10000000.00,4.618971,100.0078125
08:01:01,91282CKB6,TSRYS5756733,D,S,D,2024-03-25,8000000.00,4.626457,99.994140625
08:01:01,91282CKB6,TSRYS5756733,D,S,D,2024-03-25,7000000.00,4.626457,99.994140625
08:01:03,91282CKB6,TSRYS5756733,D,S,D,2024-03-25,2000000.00,4.617902,100.009765625
08:01:03,91282CKB6,TSRYS5756733,D,B,A,2024-03-25,10600000.00,4.599729,100.04296875
08:01:04,91282CKB6,TSRYS5756733,D,S,T,2024-03-25,3000000.00,4.62111,100.00390625
08:01:04,91282CKB6,TSRYS5756733,D,S,T,2024-03-25,1000000.00,4.616888,100.01161875
08:01:04,91282CKB6,TSRYS5756733,D,S,T,2024-03-25,2000000.00,4.618971,100.0078125
08:01:04,91282CKB6,TSRYS5756733,D,S,T,2024-03-25,6000000.00,4.618971,100.0078125
08:01:04,91282CKB6,TSRYS5756733,D,S,T,2024-03-25,1000000.00,4.618971,100.0078125
08:01:04,91282CKB6,TSRYS5756733,D,S,T,2024-03-25,7000000.00,4.617902,100.009765625
08:01:04,91282CKB6,TSRYS5756733,D,S,T,2024-03-25,1000000.00,4.623249,100.0
08:01:04,91282CKB6,TSRYS5756733,D,S,T,2024-03-25,1000000.00,4.623249,100.0
08:01:04,91282CKB6,TSRYS5756733,D,S,T,2024-03-25,1000000.00,4.623249,100.0
08:01:04,91282CKB6,TSRYS5756733,D,S,T,2024-03-25,1000000.00,4.617902,100.009765625
08:01:04,91282CKB6,TSRYS5756733,D,S,T,2024-03-25,1000000.00,4.620095,100.005759375
08:01:04,91282CKB6,TSRYS5756733,D,S,T,2024-03-25,2000000.00,4.620095,100.005759375
08:01:04,91282CKB6,TSRYS5756733,D,S,T,2024-03-25,1000000.00,4.618971,100.0078125
08:01:04,91282CKB6,TSRYS5756733,D,B,A,2024-03-25,1000000.00,4.618971,100.0078125
08:01:04,91282CKB6,TSRYS5756733,D,S,T,2024-03-25,1000000.00,4.629721,99.98817925
08:01:04,91282CKB6,TSRYS5756733,D,S,T,2024-03-25,1000000.00,4.621165,100.00380625
08:01:04,91282CKB6,TSRYS5756733,D,S,T,2024-03-25,1000000.00,4.623303,99.9999
08:01:04,91282CKB6,TSRYS5756733,D,S,T,2024-03-25,1000000.00,4.62111,100.00390625
08:01:04,91282CKB6,TSRYS5756733,D,S,T,2024-03-25,1000000.00,4.623303,99.9999
08:01:04,91282CKB6,TSRYS5756733,D,S,T,2024-03-25,3000000.00,4.623303,99.9999
08:01:04,91282CKB6,TSRYS5756733,D,S,T,2024-03-25,3000000.00,4.623303,99.9999
08:01:04,91282CKB6,TSRYS5756733,D,S,T,2024-03-25,1000000.00,4.623303,99.9999
08:01:04,91282CKB6,TSRYS5756733,D,S,T,2024-03-25,2000000.00,4.623303,99.9999
08:01:04,91282CKB6,TSRYS5756733,D,S,T,2024-03-25,1000000.00,4.623303,99.9999
08:01:04,91282CKB6,TSRYS5756733,D,S,T,2024-03-25,6000000.00,4.623303,99.9999
08:01:04,91282CKB6,TSRYS5756733,D,S,T,2024-03-25,1000000.00,4.627526,99.9921875
08:01:04,91282CKB6,TSRYS5756733,D,S,T,2024-03-25,1000000.00,4.627581,99.9920875
08:01:04,91282CKB6,TSRYS5756733,D,S,T,2024-03-25,2000000.00,4.627581,99.9920875
08:01:04,91282CKB6,TSRYS5756733,D,S,T,2024-03-25,4000000.00,4.627526,99.9921875
08:01:04,91282CKB6,TSRYS5756733,D,S,T,2024-03-25,2000000.00,4.627526,99.9921875
08:01:04,91282CKB6,TSRYS5756733,D,B,A,2024-03-25,1000000.00,4.627526,99.9921875
08:01:04,91282CKB6,TSRYS5756733,D,S,T,2024-03-25,1000000.00,4.627526,99.9921875
08:01:04,91282CKB6,TSRYS5756733,D,S,T,2024-03-25,1000000.00,4.627526,99.9921875
08:01:04,91282CKB6,TSRYS5756733,D,B,A,2024-03-25,3000000.00,4.627526,99.9921875
08:01:04,91282CKB6,TSRYS5756733,D,S,T,2024-03-25,1000000.00,4.626512,99.994040625
08:01:04,91282CKB6,TSRYS5756733,D,S,T,2024-03-25,1000000.00,4.626512,99.994040625
08:01:04,91282CKB6,TSRYS5756733,D,B,A,2024-03-25,16000000.00,4.627526,99.9921875
08:01:04,91282CKB6,TSRYS5756733,D,B,A,2024-03-25,4000000.00,4.627526,99.9921875
08:01:04,91282CKB6,TSRYS5756733,D,S,T,2024-03-25,1000000.00,4.626512,99.994040625
08:01:04,91282CKB6,TSRYS5756733,D,S,T,2024-03-25,5000000.00,4.626512,99.994040625
08:01:04,91282CKB6,TSRYS5756733,D,S,T,2024-03-25,1000000.00,4.626512,99.994040625
08:01:04,91282CKB6,TSRYS5756733,D,S,T,2024-03-25,1000000.00,4.626512,99.994040625
08:01:04,91282CKB6,TSRYS5756733,D,S,T,2024-03-25,1000000.00,4.626512,99.994040625
08:01:05,91282CKB6,TSRYS5756733,D,S,T,2024-03-25,1000000.00,4.626512,99.994040625
08:01:05,91282CKB6,TSRYS5756733,D,S,T,2024-03-25,2000000.00,4.626512,99.994040625
08:01:05,91282CKB6,TSRYS5756733,D,S,D,2024-03-25,10000000.00,4.60828,100.02734375
08:01:05,91282CKB6,TSRYS5756733,D,S,T,2024-03-25,1000000.00,4.62111,100.00390625
08:01:06,91282CKB6,TSRYS5756733,D,S,T,2024-03-25,1000000.00,4.62111,100.00390625
08:01:06,91282CKB6,TSRYS5756733,D,S,C,2024-03-25,1000000.00,4.590111,100.060721875
08:01:06,91282CKB6,TSRYS5756733,D,B,C,2024-03-25,1000000.00,4.590111,100.060546875
08:01:06,91282CKB6,TSRYS5756733,D,S,C,2024-03-25,1000000.00,4.587974,100.064628125
08:01:06,91282CKB6,TSRYS5756733,D,B,C,2024-03-25,1000000.00,4.587974,100.064453125
08:01:06,91282CKB6,TSRYS5756733,D,S,C,2024-03-25,1000000.00,4.590111,100.060721875
08:01:06,91282CKB6,TSRYS5756733,D,B,C,2024-03-25,1000000.00,4.590111,100.060546875
08:01:06,91282CKB6,TSRYS5756733,D,S,T,2024-03-25,1000000.00,4.62111,100.00390625
08:01:06,91282CKB6,TSRYS5756733,D,S,T,2024-03-25,1000000.00,4.62111,100.00390625
08:01:06,91282CKB6,TSRYS5756733,D,S,T,2024-03-25,1000000.00,4.62111,100.00390625
08:01:06,91282CKB6,TSRYS5756733,D,S,D,2024-03-25,1000000.00,4.586906,100.06640625
08:01:06,91282CKB6,TSRYS5756733,D,S,D,2024-03-25,1000000.00,4.586906,100.06640625
08:01:06,91282CKB6,TSRYS5756733,D,S,T,2024-03-25,2000000.00,4.62111,100.00390625
08:01:06,91282CKB6,TSRYS5756733,D,S,C,2024-03-25,1000000.00,4.587974,100.064628125
08:01:07,91282CKB6,TSRYS5756733,D,S,T,2024-03-25,1000000.00,4.62111,100.00390625
08:01:07,91282CKB6,TSRYS5756733,D,S,T,2024-03-25,2000000.00,4.62111,100.00390625
08:01:07,91282CKB6,TSRYS5756733,D,S,D,2024-03-25,2000000.00,4.586906,100.06640625
08:01:07,91282CKB6,TSRYS5756733,D,B,C,2024-03-25,2000000.00,4.586906,100.06640625
08:01:07,91282CKB6,TSRYS5756733,D,S,D,2024-03-25,1000000.00,4.586906,100.06640625
08:01:07,91282CKB6,TSRYS5756733,D,S,D,2024-03-25,1000000.00,4.586906,100.06640625
08:01:07,91282CKB6,TSRYS5756733,D,S,D,2024-03-25,1000000.00,4.586906,100.06640625
08:01:07,91282CKB6,TSRYS5756733,D,S,T,2024-03-25,2000000.00,4.618971,100.0078125
08:01:08,91282CKB6,TSRYS5756733,D,S,C,2024-03-25,1000000.00,4.585837,100.068359375
08:01:08,91282CKB6,TSRYS5756733,D,S,D,2024-03-25,1000000.00,4.586906,100.06640625
08:01:08,91282CKB6,TSRYS5756733,D,S,D,2024-03-25,1000000.00,4.586906,100.06640625
08:01:09,91282CKB6,TSRYS5756733,D,B,C,2024-03-25,2000000.00,4.59866,100.04492187
08:01:09,91282CKB6,TSRYS5756733,D,S,C,2024-03-25,1000000.00,4.59866,100.04492187
08:01:10,91282CKB6,TSRYS5756733,D,S,C,2024-03-25,1000000.00,4.59866,100.04492187
08:01:10,91282CKB6,TSRYS5756733,D,S,T,2024-03-25,1000000.00,4.59866,100.04492187
08:01:11,91282CKB6,TSRYS5756733,D,S,D,2024-03-25,1000000.00,4.601867,100.0390625
08:01:11,91282CKB6,TSRYS5756733,D,S,D,2024-03-25,1000000.00,4.601867,100.0390625
08:01:11,91282CKB6,TSRYS5756733,D,S,C,2024-03-25,1000000.00,4.601867,100.0390625
08:01:11,91282CKB6,TSRYS5756733,D,S,C,2024-03-25,1000000.00,4.601867,100.0390625
08:01:11,91282CKB6,TSRYS5756733,D,S,D,2024-03-25,1000000.00,4.601867,100.0390625
08:01:11,91282CKB6,TSRYS5756733,D,S,C,2024-03-25,1000000.00,4.601867,100.0390625
08:01:11,91282CKB6,TSRYS5756733,D,S,D,2024-03-25,1000000.00,4.601867,100.0390625
08:01:11,91282CKB6,TSRYS5756733,D,S,D,2024-03-25,1000000.00,4.601867,100.0390625
08:01:11,91282CKB6,TSRYS5756733,D,S,C,2024-03-25,1000000.00,4.600798,100.04101562
08:01:11,91282CKB6,TSRYS5756733,D,S,T,2024-03-25,2000000.00,4.616916,100.01156675
08:01:11,91282CKB6,TSRYS5756733,D,B,A,2024-03-25,2000000.00,4.616916,100.01156675
08:01:11,91282CKB6,TSRYS5756733,D,S,T,2024-03-25,2000000.00,4.616916,100.01156675
08:01:11,91282CKB6,TSRYS5756733,D,B,A,2024-03-25,2000000.00,4.616916,100.01156675
08:01:11,91282CKB6,TSRYS5756733,D,S,T,2024-03-25,2000000.00,4.616916,100.01156675
08:01:11,91282CKB6,TSRYS5756733,D,B,A,2024-03-25,2000000.00,4.616916,100.01156675
08:01:11,91282CKB6,TSRYS5756733,D,S,T,2024-03-25,1000000.00,4.616916,100.01156675
08:01:11,91282CKB6,TSRYS5756733,D,B,A,2024-03-25,1000000.00,4.616916,100.01156675
08:01:11,91282CKB6,TSRYS5756733,D,B,A,2024-03-25,3000000.00,4.616916,100.01156675
08:01:11,91282CKB6,TSRYS5756733,D,S,T,2024-03-25,3000000.00,4.616916,100.01156675
08:01:11,91282CKB6,TSRYS5756733,D,S,D,2024-03-25,1000000.00,4.585837,100.068359375
08:01:11,91282CKB6,TSRYS5756733,D,S,C,2024-03-25,11000000.00,4.601867,100.0390625
08:01:11,91282CKB6,TSRYS5756733,D,S,C,2024-03-25,1000000.00,4.59866,100.04492187
08:01:11,91282CKB6,TSRYS5756733,D,S,D,2024-03-25,1000000.00,4.585837,100.068359375
08:01:11,91282CKB6,TSRYS5756733,D,B,C,2024-03-25,1000000.00,4.585837,100.068359375
08:01:11,91282CKB6,TSRYS5756733,D,B,C,2024-03-25,5200000.00,4.601867,100.0390625
08:01:11,91282CKB6,TSRYS5756733,D,B,A,2024-03-25,10000000.00,4.616833,100.01171875
08:01:11,91282CKB6,TSRYS5756733,D,S,D,2024-03-25,10000000.00,4.616833,100.01171875
08:01:12,91282CKB6,TSRYS5756733,D,B,C,2024-03-25,600000.00,4.604004,100.03515625
08:01:12,91282CKB6,TSRYS5756733,D,S,T,2024-03-25,1000000.00,4.602935,100.03710937
08:01:12,91282CKB6,TSRYS5756733,D,S,C,2024-03-25,1000000.00,4.602935,100.03710937
08:01:12,91282CKB6,TSRYS5756733,D,B,C,2024-03-25,3100000.00,4.604004,100.03515625
08:01:13,91282CKB6,TSRYS5756733,D,S,D,2024-03-25,1000000.00,4.589043,100.0625
08:01:13,91282CKB6,TSRYS5756733,D,S,C,2024-03-25,1000000.00,4.59866,100.04492187
08:01:13,91282CKB6,TSRYS5756733,D,S,C,2024-03-25,2000000.00,4.59866,100.04492187
08:01:13,91282CKB6,TSRYS5756733,D,S,C,2024-03-25,1000000.00,4.59866,100.04492187
08:01:13,91282CKB6,TSRYS5756733,D,S,T,2024-03-25,1000000.00,4.59866,100.04492187
08:01:13,91282CKB6,TSRYS5756733,D,S,D,2024-03-25,1000000.00,4.59866,100.04492187
08:01:13,91282CKB6,TSRYS5756733,D,S,D,2024-03-25,1000000.00,4.59866,100.04492187
08:01:13,91282CKB6,TSRYS5756733,D,S,C,2024-03-25,1000000.00,4.59866,100.04492187
08:01:13,91282CKB6,TSRYS5756733,D,S,C,2024-03-25,4000000.00,4.59866,100.04492187
08:01:13,91282CKB6,TSRYS5756733,D,B,C,2024-03-25,4000000.00,4.604004,100.03515625
08:01:13,91282CKB6,TSRYS5756733,D,S,C,2024-03-25,1000000.00,4.59866,100.04492187
08:01:13,91282CKB6,TSRYS5756733,D,S,C,2024-03-25,1000000.00,4.59866,100.04492187
08:01:13,91282CKB6,TSRYS5756733,D,S,C,2024-03-25,1000000.00,4.589043,100.0625
08:01:13,91282CKB6,TSRYS5756733,D,B,C,2024-03-25,1000000.00,4.589043,100.0625
08:01:13,91282CKB6,TSRYS5756733,D,S,D,2024-03-25,1000000.00,4.589043,100.0625
08:01:13,91282CKB6,TSRYS5756733,D,B,C,2024-03-25,1000000.00,4.589043,100.0625
08:01:13,91282CKB6,TSRYS5756733,D,S,C,2024-03-25,1000000.00,4.589043,100.0625
08:01:13,91282CKB6,TSRYS5756733,D,B,C,2024-03-25,1000000.00,4.589043,100.0625
08:01:13,91282CKB6,TSRYS5756733,D,B,C,2024-03-25,1000000.00,4.589043,100.0625
08:01:13,91282CKB6,TSRYS5756733,D,S,C,2024-03-25,1000000.00,4.589043,100.0625
08:01:13,91282CKB6,TSRYS5756733,D,B,C,2024-03-25,1000000.00,4.589043,100.0625
08:01:13,91282CKB6,TSRYS5756733,D,S,D,2024-03-25,1000000.00,4.589043,100.0625
08:01:13,91282CKB6,TSRYS5756733,D,B,C,2024-03-25,1000000.00,4.589043,100.0625
08:01:13,91282CKB6,TSRYS5756733,D,S,C,2024-03-25,1000000.00,4.589043,100.0625
08:01:13,91282CKB6,TSRYS5756733,D,S,A,2024-03-25,50000000.00,4.627526,99.9921875
08:01:13,91282CKB6,TSRYS5756733,D,S,D,2024-03-25,1000000.00,4.589043,100.0625
08:01:13,91282CKB6,TSRYS5756733,D,B,C,2024-03-25,50000000.00,4.627526,99.9921875
08:01:13,91282CKB6,TSRYS5756733,D,B,C,2024-03-25,1000000.00,4.589043,100.0625
08:01:13,91282CKB6,TSRYS5756733,D,S,D,2024-03-25,1000000.00,4.589043,100.0625
08:01:13,91282CKB6,TSRYS5756733,D,B,C,2024-03-25,1000000.00,4.589043,100.0625
08:01:13,91282CKB6,TSRYS5756733,D,B,C,2024-03-25,1000000.00,4.589043,100.0625
08:01:13,91282CKB6,TSRYS5756733,D,B,C,2024-03-25,1000000.00,4.589043,100.0625
08:01:13,91282CKB6,TSRYS5756733,D,B,C,2024-03-25,1000000.00,4.589043,100.0625
08:01:13,91282CKB6,TSRYS5756733,D,B,C,2024-03-25,1000000.00,4.589043,100.0625
08:01:13,91282CKB6,TSRYS5756733,D,S,D,2024-03-25,1000000.00,4.589043,100.0625
08:01:13,91282CKB6,TSRYS5756733,D,S,D,2024-03-25,1000000.00,4.589043,100.0625
08:01:13,91282CKB6,TSRYS5756733,D,S,D,2024-03-25,1000000.00,4.589043,100.0625
08:01:13,91282CKB6,TSRYS5756733,D,B,C,2024-03-25,1000000.00,4.589043,100.0625
08:01:13,91282CKB6,TSRYS5756733,D,S,T,2024-03-25,5000000.00,4.599729,100.04296875
08:01:13,91282CKB6,TSRYS5756733,D,S,C,2024-03-25,1000000.00,4.589043,100.0625
08:01:13,91282CKB6,TSRYS5756733,D,B,C,2024-03-25,1000000.00,4.589043,100.0625
08:01:13,91282CKB6,TSRYS5756733,D,S,C,2024-03-25,1000000.00,4.589043,100.0625
08:01:13,91282CKB6,TSRYS5756733,D,S,D,2024-03-25,1000000.00,4.589043,100.0625
08:01:13,91282CKB6,TSRYS5756733,D,B,C,2024-03-25,1000000.00,4.589043,100.0625
08:01:13,91282CKB6,TSRYS5756733,D,B,C,2024-03-25,1000000.00,4.589043,100.0625
08:01:13,91282CKB6,TSRYS5756733,D,B,C,2024-03-25,1000000.00,4.589043,100.0625
08:01:13,91282CKB6,TSRYS5756733,D,B,C,2024-03-25,1000000.00,4.589043,100.0625
08:01:13,91282CKB6,TSRYS5756733,D,S,T,2024-03-25,1000000.00,4.599784,100.04286875
08:01:13,91282CKB6,TSRYS5756733,D,S,C,2024-03-25,1000000.00,4.589043,100.0625
08:01:13,91282CKB6,TSRYS5756733,D,S,T,2024-03-25,5000000.00,4.599784,100.04286875
08:01:13,91282CKB6,TSRYS5756733,D,S,D,2024-03-25,1000000.00,4.589043,100.0625
08:01:13,91282CKB6,TSRYS5756733,D,S,D,2024-03-25,1000000.00,4.589043,100.0625
08:01:13,91282CKB6,TSRYS5756733,D,B,C,2024-03-25,1000000.00,4.589043,100.0625
08:01:13,91282CKB6,TSRYS5756733,D,S,T,2024-03-25,2000000.00,4.599784,100.04286875
08:01:13,91282CKB6,TSRYS5756733,D,S,D,2024-03-25,1000000.00,4.589043,100.0625
08:01:13,91282CKB6,TSRYS5756733,D,S,D,2024-03-25,1000000.00,4.589043,100.0625
08:01:13,91282CKB6,TSRYS5756733,D,S,C,2024-03-25,1000000.00,4.587974,100.064453125
08:01:13,91282CKB6,TSRYS5756733,D,S,T,2024-03-25,6000000.00,4.599784,100.04286875
08:01:13,91282CKB6,TSRYS5756733,D,S,T,2024-03-25,1000000.00,4.599784,100.04286875
08:01:13,91282CKB6,TSRYS5756733,D,S,C,2024-03-25,1000000.00,4.589043,100.0625
08:01:13,91282CKB6,TSRYS5756733,D,S,D,2024-03-25,1000000.00,4.589043,100.0625
08:01:13,91282CKB6,TSRYS5756733,D,S,T,2024-03-25,1000000.00,4.599784,100.04286875
08:01:13,91282CKB6,TSRYS5756733,D,B,C,2024-03-25,1000000.00,4.589043,100.0625
08:01:13,91282CKB6,TSRYS5756733,D,B,C,2024-03-25,1000000.00,4.589043,100.0625
08:01:13,91282CKB6,TSRYS5756733,D,S,T,2024-03-25,1000000.00,4.599729,100.04296875
08:01:13,91282CKB6,TSRYS5756733,D,S,T,2024-03-25,1000000.00,4.599729,100.04296875
08:01:13,91282CKB6,TSRYS5756733,D,S,T,2024-03-25,2000000.00,4.599729,100.04296875
08:01:13,91282CKB6,TSRYS5756733,D,B,C,2024-03-25,2000000.00,4.586906,100.06640625
08:01:13,91282CKB6,TSRYS5756733,D,B,C,2024-03-25,1000000.00,4.586906,100.06640625
08:01:13,91282CKB6,TSRYS5756733,D,B,C,2024-03-25,1000000.00,4.589043,100.0625
08:01:13,91282CKB6,TSRYS5756733,D,S,D,2024-03-25,1000000.00,4.586906,100.06640625
08:01:13,91282CKB6,TSRYS5756733,D,S,D,2024-03-25,3000000.00,4.586906,100.06640625
08:01:13,91282CKB6,TSRYS5756733,D,S,C,2024-03-25,2000000.00,4.586906,100.06640625
08:01:13,91282CKB6,TSRYS5756733,D,B,C,2024-03-25,3000000.00,4.586906,100.06640625
08:01:13,91282CKB6,TSRYS5756733,D,S,D,2024-03-25,3000000.00,4.597591,100.046875
08:01:13,91282CKB6,TSRYS5756733,D,S,D,2024-03-25,3000000.00,4.597591,100.046875
08:01:13,91282CKB6,TSRYS5756733,D,S,D,2024-03-25,2000000.00,4.597591,100.046875
08:01:13,91282CKB6,TSRYS5756733,D,B,C,2024-03-25,1000000.00,4.59866,100.044921875
08:01:13,91282CKB6,TSRYS5756733,D,B,A,2024-03-25,35000000.00,4.601867,100.0390625
08:01:13,91282CKB6,TSRYS5756733,D,S,D,2024-03-25,1000000.00,4.597591,100.046875
08:01:13,91282CKB6,TSRYS5756733,D,S,C,2024-03-25,1000000.00,4.606142,100.03125
08:01:13,91282CKB6,TSRYS5756733,D,S,D,2024-03-25,2000000.00,4.597591,100.046875
08:01:13,91282CKB6,TSRYS5756733,D,B,C,2024-03-25,1000000.00,4.602935,100.037109375
08:01:13,91282CKB6,TSRYS5756733,D,S,C,2024-03-25,1000000.00,4.602935,100.037109375
08:01:13,91282CKB6,TSRYS5756733,D,B,C,2024-03-25,10900000.00,4.601867,100.0390625
08:01:13,91282CKB6,TSRYS5756733,D,B,C,2024-03-25,1000000.00,4.597591,100.046875
08:01:13,91282CKB6,TSRYS5756733,D,S,D,2024-03-25,1000000.00,4.59866,100.044921875
08:01:13,91282CKB6,TSRYS5756733,D,S,D,2024-03-25,1000000.00,4.597591,100.046875
08:01:13,91282CKB6,TSRYS5756733,D,S,D,2024-03-25,16000000.00,4.597591,100.046875
08:01:13,91282CKB6,TSRYS5756733,D,S,D,2024-03-25,1000000.00,4.597591,100.046875
08:01:13,91282CKB6,TSRYS5756733,D,B,C,2024-03-25,1000000.00,4.597591,100.046875
08:01:13,91282CKB6,TSRYS5756733,D,S,D,2024-03-25,1000000.00,4.597591,100.046875
08:01:13,91282CKB6,TSRYS5756733,D,S,D,2024-03-25,5000000.00,4.597591,100.046875
08:01:13,91282CKB6,TSRYS5756733,D,S,D,2024-03-25,1000000.00,4.597591,100.046875
08:01:13,91282CKB6,TSRYS5756733,D,B,C,2024-03-25,1000000.00,4.599729,100.04296875
08:01:13,91282CKB6,TSRYS5756733,D,B,C,2024-03-25,5000000.00,4.597591,100.046875
08:01:13,91282CKB6,TSRYS5756733,D,S,C,2024-03-25,4000000.00,4.59866,100.044921875
08:01:13,91282CKB6,TSRYS5756733,D,S,C,2024-03-25,1000000.00,4.599729,100.04296875
08:01:13,91282CKB6,TSRYS5756733,D,S,D,2024-03-25,3000000.00,4.59866,100.044921875
08:01:14,91282CKB6,TSRYS5756733,D,S,C,2024-03-25,1000000.00,4.599729,100.04296875
08:01:14,91282CKB6,TSRYS5756733,D,S,D,2024-03-25,1000000.00,4.600798,100.041015625
08:01:14,91282CKB6,TSRYS5756733,D,S,C,2024-03-25,1000000.00,4.601867,100.0390625
08:01:14,91282CKB6,TSRYS5756733,D,S,D,2024-03-25,1000000.00,4.599729,100.04296875
08:01:14,91282CKB6,TSRYS5756733,D,S,D,2024-03-25,1000000.00,4.601867,100.0390625
08:01:14,91282CKB6,TSRYS5756733,D,S,D,2024-03-25,2000000.00,4.599729,100.04296875
08:01:14,91282CKB6,TSRYS5756733,D,S,C,2024-03-25,1000000.00,4.601867,100.0390625
08:01:14,91282CKB6,TSRYS5756733,D,S,D,2024-03-25,1000000.00,4.599729,100.04296875
08:01:14,91282CKB6,TSRYS5756733,D,S,C,2024-03-25,1000000.00,4.601867,100.0390625
08:01:14,91282CKB6,TSRYS5756733,D,S,C,2024-03-25,1000000.00,4.599729,100.04296875
08:01:14,91282CKB6,TSRYS5756733,D,S,C,2024-03-25,1000000.00,4.601867,100.0390625
08:01:14,91282CKB6,TSRYS5756733,D,S,C,2024-03-25,1000000.00,4.601867,100.0390625
08:01:14,91282CKB6,TSRYS5756733,D,S,D,2024-03-25,2000000.00,4.601867,100.0390625
08:01:14,91282CKB6,TSRYS5756733,D,S,D,2024-03-25,2000000.00,4.601867,100.0390625
08:01:14,91282CKB6,TSRYS5756733,D,S,C,2024-03-25,2500000.00,4.599729,100.04296875
08:01:14,91282CKB6,TSRYS5756733,D,S,D,2024-03-25,1000000.00,4.601867,100.0390625
08:01:14,91282CKB6,TSRYS5756733,D,S,C,2024-03-25,10900000.00,4.599729,100.04296875
08:01:14,91282CKB6,TSRYS5756733,D,B,C,2024-03-25,1000000.00,4.602935,100.037109375
08:01:14,91282CKB6,TSRYS5756733,D,S,C,2024-03-25,1000000.00,4.602935,100.037109375
08:01:14,91282CKB6,TSRYS5756733,D,B,C,2024-03-25,1000000.00,4.602935,100.037109375
08:01:14,91282CKB6,TSRYS5756733,D,S,D,2024-03-25,1000000.00,4.602935,100.037109375
08:01:14,91282CKB6,TSRYS5756733,D,S,D,2024-03-25,1000000.00,4.602935,100.037109375
08:01:14,91282CKB6,TSRYS5756733,D,S,D,2024-03-25,1000000.00,4.602935,100.037109375
08:01:14,91282CKB6,TSRYS5756733,D,S,C,2024-03-25,1000000.00,4.584769,100.0705125
08:01:14,91282CKB6,TSRYS5756733,D,B,C,2024-03-25,1000000.00,4.602935,100.037109375
08:01:14,91282CKB6,TSRYS5756733,D,S,D,2024-03-25,1000000.00,4.602935,100.037109375
08:01:14,91282CKB6,TSRYS5756733,D,S,D,2024-03-25,1000000.00,4.602935,100.037109375
08:01:14,91282CKB6,TSRYS5756733,D,B,C,2024-03-25,1000000.00,4.602935,100.037109375
08:01:14,91282CKB6,TSRYS5756733,D,B,C,2024-03-25,1000000.00,4.605073,100.033203125
08:01:14,91282CKB6,TSRYS5756733,D,S,C,2024-03-25,1000000.00,4.605073,100.033203125
08:01:14,91282CKB6,TSRYS5756733,D,S,C,2024-03-25,1000000.00,4.605073,100.033203125
08:01:14,91282CKB6,TSRYS5756733,D,B,C,2024-03-25,1000000.00,4.605073,100.033203125
08:01:14,91282CKB6,TSRYS5756733,D,B,C,2024-03-25,1000000.00,4.605073,100.033203125
08:01:14,91282CKB6,TSRYS5756733,D,S,C,2024-03-25,1000000.00,4.605073,100.033203125
08:01:14,91282CKB6,TSRYS5756733,D,B,C,2024-03-25,1000000.00,4.605073,100.033203125
08:01:14,91282CKB6,TSRYS5756733,D,S,C,2024-03-25,1000000.00,4.605073,100.033203125
08:01:14,91282CKB6,TSRYS5756733,D,S,C,2024-03-25,1000000.00,4.607211,100.029296875
08:01:14,91282CKB6,TSRYS5756733,D,S,C,2024-03-25,1000000.00,4.611487,100.021484375
08:01:14,91282CKB6,TSRYS5756733,D,B,C,2024-03-25,1000000.00,4.611487,100.021484375
08:01:14,91282CKB6,TSRYS5756733,D,S,C,2024-03-25,1000000.00,4.584769,100.0703125
08:01:14,91282CKB6,TSRYS5756733,D,S,C,2024-03-25,3000000.00,4.614694,100.015625
08:01:14,91282CKB6,TSRYS5756733,D,S,C,2024-03-25,1000000.00,4.614694,100.015625
08:01:14,91282CKB6,TSRYS5756733,D,B,C,2024-03-25,1000000.00,4.614694,100.015625
08:01:14,91282CKB6,TSRYS5756733,D,S,D,2024-03-25,1000000.00,4.617902,100.009765625
08:01:14,91282CKB6,TSRYS5756733,D,S,D,2024-03-25,2000000.00,4.617902,100.009765625
08:01:14,91282CKB6,TSRYS5756733,D,B,C,2024-03-25,2000000.00,4.617902,100.009765625
08:01:14,91282CKB6,TSRYS5756733,D,B,C,2024-03-25,10000000.00,4.614694,100.015625
08:01:14,91282CKB6,TSRYS5756733,D,S,D,2024-03-25,10000000.00,4.614694,100.015625
08:01:14,91282CKB6,TSRYS5756733,D,B,C,2024-03-25,3000000.00,4.614694,100.015625
08:01:14,91282CKB6,TSRYS5756733,D,S,D,2024-03-25,3000000.00,4.614694,100.015625
08:01:14,91282CKB6,TSRYS5756733,D,S,D,2024-03-25,2000000.00,4.614694,100.015625
08:01:14,91282CKB6,TSRYS5756733,D,B,C,2024-03-25,1000000.00,4.614694,100.015625
08:01:14,91282CKB6,TSRYS5756733,D,S,D,2024-03-25,1000000.00,4.614694,100.015625
08:01:14,91282CKB6,TSRYS5756733,D,S,D,2024-03-25,1000000.00,4.614694,100.015625
08:01:14,91282CKB6,TSRYS5756733,D,S,D,2024-03-25,1000000.00,4.617902,100.009765625
08:01:14,91282CKB6,TSRYS5756733,D,B,C,2024-03-25,1000000.00,4.617902,100.009765625
08:01:14,91282CKB6,TSRYS5756733,D,S,D,2024-03-25,3000000.00,4.615764,100.013671875
08:01:14,91282CKB6,TSRYS5756733,D,S,D,2024-03-25,1000000.00,4.617902,100.009765625
08:01:14,91282CKB6,TSRYS5756733,D,B,C,2024-03-25,1000000.00,4.617902,100.009765625
08:01:14,91282CKB6,TSRYS5756733,D,S,D,2024-03-25,1000000.00,4.617902,100.009765625
08:01:14,91282CKB6,TSRYS5756733,D,B,C,2024-03-25,3000000.00,4.618971,100.0078125
08:01:14,91282CKB6,TSRYS5756733,D,B,C,2024-03-25,1000000.00,4.617902,100.009765625
08:01:14,91282CKB6,TSRYS5756733,D,S,D,2024-03-25,3000000.00,4.618971,100.0078125
08:01:14,91282CKB6,TSRYS5756733,D,S,D,2024-03-25,1000000.00,4.617902,100.009765625
08:01:14,91282CKB6,TSRYS5756733,D,B,C,2024-03-25,2000000.00,4.617902,100.009765625
08:01:14,91282CKB6,TSRYS5756733,D,S,D,2024-03-25,2000000.00,4.617902,100.009765625
08:01:14,91282CKB6,TSRYS5756733,D,S,D,2024-03-25,1000000.00,4.617902,100.009765625
08:01:14,91282CKB6,TSRYS5756733,D,B,C,2024-03-25,1000000.00,4.617902,100.009765625
08:01:14,91282CKB6,TSRYS5756733,D,S,D,2024-03-25,1000000.00,4.617902,100.009765625
08:01:14,91282CKB6,TSRYS5756733,D,S,D,2024-03-25,1000000.00,4.617902,100.009765625
08:01:14,91282CKB6,TSRYS5756733,D,B,C,2024-03-25,1000000.00,4.617902,100.009765625
08:01:14,91282CKB6,TSRYS5756733,D,S,D,2024-03-25,1000000.00,4.617902,100.009765625
08:01:14,91282CKB6,TSRYS5756733,D,S,D,2024-03-25,1000000.00,4.617902,100.009765625
08:01:14,91282CKB6,TSRYS5756733,D,B,C,2024-03-25,1000000.00,4.617902,100.009765625
08:01:15,91282CKB6,TSRYS5756733,D,S,D,2024-03-25,3000000.00,4.597591,100.046875
08:01:15,91282CKB6,TSRYS5756733,D,S,D,2024-03-25,1000000.00,4.597591,100.046875
08:01:15,91282CKB6,TSRYS5756733,D,S,D,2024-03-25,2000000.00,4.597591,100.046875
08:01:15,91282CKB6,TSRYS5756733,D,S,T,2024-03-25,1000000.00,4.614694,100.015625
08:01:15,91282CKB6,TSRYS5756733,D,S,T,2024-03-25,1000000.00,4.614694,100.015625
08:01:15,91282CKB6,TSRYS5756733,D,S,T,2024-03-25,1000000.00,4.614694,100.015625
08:01:15,91282CKB6,TSRYS5756733,D,S,T,2024-03-25,1000000.00,4.614694,100.015625
08:01:15,91282CKB6,TSRYS5756733,D,S,T,2024-03-25,1000000.00,4.614694,100.015625
08:01:15,91282CKB6,TSRYS5756733,D,S,T,2024-03-25,1000000.00,4.614694,100.015625
08:01:15,91282CKB6,TSRYS5756733,D,S,T,2024-03-25,1000000.00,4.614694,100.015625
08:01:15,91282CKB6,TSRYS5756733,D,S,T,2024-03-25,1000000.00,4.614694,100.015625
08:01:15,91282CKB6,TSRYS5756733,D,S,T,2024-03-25,1000000.00,4.614694,100.015625
08:01:15,91282CKB6,TSRYS5756733,D,S,T,2024-03-25,1000000.00,4.614694,100.015625
08:01:15,91282CKB6,TSRYS5756733,D,S,D,2024-03-25,1000000.00,4.620041,100.005859375
08:01:15,91282CKB6,TSRYS5756733,D,S,T,2024-03-25,1000000.00,4.612556,100.01953125
08:01:15,91282CKB6,TSRYS5756733,D,S,T,2024-03-25,4000000.00,4.612556,100.01953125
08:01:15,91282CKB6,TSRYS5756733,D,S,D,2024-03-25,2000000.00,4.620041,100.005859375
08:01:15,91282CKB6,TSRYS5756733,D,S,D,2024-03-25,1000000.00,4.620041,100.005859375
08:01:15,91282CKB6,TSRYS5756733,D,S,D,2024-03-25,16000000.00,4.618971,100.0078125
08:01:15,91282CKB6,TSRYS5756733,D,S,D,2024-03-25,2000000.00,4.618971,100.0078125
08:01:15,91282CKB6,TSRYS5756733,D,S,D,2024-03-25,4000000.00,4.618971,100.0078125
08:01:15,91282CKB6,TSRYS5756733,D,B,C,2024-03-25,1000000.00,4.62111,100.00390625
08:01:15,91282CKB6,TSRYS5756733,D,S,C,2024-03-25,1000000.00,4.62111,100.00390625
08:01:15,91282CKB6,TSRYS5756733,D,S,D,2024-03-25,1000000.00,4.62111,100.00390625
08:01:15,91282CKB6,TSRYS5756733,D,B,C,2024-03-25,1000000.00,4.62111,100.00390625
08:01:15,91282CKB6,TSRYS5756733,D,S,A,2024-03-25,2000000.00,4.612556,100.01953125
08:01:15,91282CKB6,TSRYS5756733,D,B,C,2024-03-25,2000000.00,4.62111,100.00390625
08:01:15,91282CKB6,TSRYS5756733,D,S,A,2024-03-25,1000000.00,4.612556,100.01953125
08:01:15,91282CKB6,TSRYS5756733,D,S,D,2024-03-25,2000000.00,4.62111,100.00390625
08:01:15,91282CKB6,TSRYS5756733,D,S,A,2024-03-25,5000000.00,4.612556,100.01953125
08:01:15,91282CKB6,TSRYS5756733,D,B,C,2024-03-25,5000000.00,4.618971,100.0078125
08:01:15,91282CKB6,TSRYS5756733,D,S,D,2024-03-25,1000000.00,4.599729,100.04296875
08:01:15,91282CKB6,TSRYS5756733,D,S,D,2024-03-25,1000000.00,4.599729,100.04296875
08:01:15,91282CKB6,TSRYS5756733,D,S,D,2024-03-25,2000000.00,4.599729,100.04296875
08:01:15,91282CKB6,TSRYS5756733,D,S,D,2024-03-25,1000000.00,4.601867,100.0390625
08:01:15,91282CKB6,TSRYS5756733,D,S,D,2024-03-25,1000000.00,4.601867,100.0390625
08:01:15,91282CKB6,TSRYS5756733,D,S,D,2024-03-25,1000000.00,4.601867,100.0390625
08:01:15,91282CKB6,TSRYS5756733,D,S,D,2024-03-25,2000000.00,4.601867,100.0390625
08:01:15,91282CKB6,TSRYS5756733,D,S,D,2024-03-25,1000000.00,4.601867,100.0390625
08:01:15,91282CKB6,TSRYS5756733,D,S,D,2024-03-25,2000000.00,4.601867,100.0390625
08:01:15,91282CKB6,TSRYS5756733,D,S,C,2024-03-25,1000000.00,4.622179,100.001953125
08:01:15,91282CKB6,TSRYS5756733,D,B,C,2024-03-25,1000000.00,4.622179,100.001953125
08:01:15,91282CKB6,TSRYS5756733,D,S,T,2024-03-25,1000000.00,4.616888,100.01161875
08:01:15,91282CKB6,TSRYS5756733,D,S,T,2024-03-25,1000000.00,4.616888,100.01161875
08:01:15,91282CKB6,TSRYS5756733,D,S,T,2024-03-25,1000000.00,4.616833,100.01171875
08:01:16,91282CKB6,TSRYS5756733,D,S,D,2024-03-25,2000000.00,4.628596,99.990234375
08:01:16,91282CKB6,TSRYS5756733,D,S,D,2024-03-25,3000000.00,4.628596,99.990234375
08:01:16,91282CKB6,TSRYS5756733,D,S,C,2024-03-25,2000000.00,4.623249,100.0
08:01:16,91282CKB6,TSRYS5756733,D,S,C,2024-03-25,1000000.00,4.623249,100.0
08:01:16,91282CKB6,TSRYS5756733,D,S,C,2024-03-25,3000000.00,4.623249,100.0
08:01:16,91282CKB6,TSRYS5756733,D,S,D,2024-03-25,1000000.00,4.623249,100.0
08:01:16,91282CKB6,TSRYS5756733,D,S,D,2024-03-25,5000000.00,4.623249,100.0
08:01:16,91282CKB6,TSRYS5756733,D,S,T,2024-03-25,1000000.00,4.616833,100.01171875
08:01:16,91282CKB6,TSRYS5756733,D,S,T,2024-03-25,1000000.00,4.616833,100.01171875
08:01:16,91282CKB6,TSRYS5756733,D,S,C,2024-03-25,1000000.00,4.624318,99.998046875
08:01:16,91282CKB6,TSRYS5756733,D,S,C,2024-03-25,1000000.00,4.624318,99.998046875
08:01:16,91282CKB6,TSRYS5756733,D,B,C,2024-03-25,1000000.00,4.624318,99.998046875
08:01:16,91282CKB6,TSRYS5756733,D,S,D,2024-03-25,1000000.00,4.597208,100.047575
08:01:16,91282CKB6,TSRYS5756733,D,S,D,2024-03-25,1000000.00,4.597208,100.047575
08:01:16,91282CKB6,TSRYS5756733,D,S,D,2024-03-25,3000000.00,4.597208,100.047575
08:01:16,91282CKB6,TSRYS5756733,D,B,C,2024-03-25,1000000.00,4.626457,99.994140625
08:01:16,91282CKB6,TSRYS5756733,D,S,C,2024-03-25,1000000.00,4.626457,99.994140625
08:01:16,91282CKB6,TSRYS5756733,D,S,D,2024-03-25,12000000.00,4.597318,100.047375
08:01:16,91282CKB6,TSRYS5756733,D,S,D,2024-03-25,36000000.00,4.597537,100.0469745
08:01:16,91282CKB6,TSRYS5756733,D,B,C,2024-03-25,1000000.00,4.627526,99.9921875
08:01:16,91282CKB6,TSRYS5756733,D,S,C,2024-03-25,1000000.00,4.627526,99.9921875
08:01:16,91282CKB6,TSRYS5756733,D,B,C,2024-03-25,1000000.00,4.627526,99.9921875
08:01:16,91282CKB6,TSRYS5756733,D,S,C,2024-03-25,1000000.00,4.627526,99.9921875
08:01:16,91282CKB6,TSRYS5756733,D,B,C,2024-03-25,1000000.00,4.627526,99.9921875
08:01:16,91282CKB6,TSRYS5756733,D,B,C,2024-03-25,1000000.00,4.627526,99.9921875
08:01:16,91282CKB6,TSRYS5756733,D,S,C,2024-03-25,1000000.00,4.627526,99.9921875
08:01:16,91282CKB6,TSRYS5756733,D,S,C,2024-03-25,1000000.00,4.627526,99.9921875
08:01:16,91282CKB6,TSRYS5756733,D,B,C,2024-03-25,1000000.00,4.627526,99.9921875
08:01:16,91282CKB6,TSRYS5756733,D,S,D,2024-03-25,1000000.00,4.627526,99.9921875
08:01:16,91282CKB6,TSRYS5756733,D,S,C,2024-03-25,1000000.00,4.627526,99.9921875
08:01:16,91282CKB6,TSRYS5756733,D,B,C,2024-03-25,1000000.00,4.627526,99.9921875
08:01:16,91282CKB6,TSRYS5756733,D,S,C,2024-03-25,1000000.00,4.628596,99.990234375
08:01:16,91282CKB6,TSRYS5756733,D,B,C,2024-03-25,1000000.00,4.628596,99.990234375
08:01:16,91282CKB6,TSRYS5756733,D,S,C,2024-03-25,1000000.00,4.628596,99.990234375
08:01:16,91282CKB6,TSRYS5756733,D,B,C,2024-03-25,3000000.00,4.602369,100.0381437
08:01:16,91282CKB6,TSRYS5756733,D,B,C,2024-03-25,1000000.00,4.628596,99.990234375
08:01:16,91282CKB6,TSRYS5756733,D,S,D,2024-03-25,2000000.00,4.628596,99.990234375
08:01:16,91282CKB6,TSRYS5756733,D,S,D,2024-03-25,3000000.00,4.628596,99.990234375
08:01:16,91282CKB6,TSRYS5756733,D,S,T,2024-03-25,1000000.00,4.601867,100.0390625
08:01:16,91282CKB6,TSRYS5756733,D,S,C,2024-03-25,1000000.00,4.619657,100.0065594
08:01:16,91282CKB6,TSRYS5756733,D,S,C,2024-03-25,3000000.00,4.629665,99.98828125
08:01:16,91282CKB6,TSRYS5756733,D,S,T,2024-03-25,1000000.00,4.601867,100.0390625
08:01:16,91282CKB6,TSRYS5756733,D,S,T,2024-03-25,1000000.00,4.601867,100.0390625
08:01:16,91282CKB6,TSRYS5756733,D,S,T,2024-03-25,1000000.00,4.601867,100.0390625
08:01:17,91282CKB6,TSRYS5756733,D,S,D,2024-03-25,1000000.00,4.601867,100.0390625
08:01:17,91282CKB6,TSRYS5756733,D,S,C,2024-03-25,2000000.00,4.601867,100.0390625
08:01:17,91282CKB6,TSRYS5756733,D,S,T,2024-03-25,1000000.00,4.601867,100.0390625
08:01:17,91282CKB6,TSRYS5756733,D,S,T,2024-03-25,2000000.00,4.601976,100.0388625
08:01:17,91282CKB6,TSRYS5756733,D,S,C,2024-03-25,2000000.00,4.601867,100.0390625
08:01:17,91282CKB6,TSRYS5756733,D,S,C,2024-03-25,1000000.00,4.601867,100.0390625
08:01:17,91282CKB6,TSRYS5756733,D,S,D,2024-03-25,1000000.00,4.601867,100.0390625
08:01:17,91282CKB6,TSRYS5756733,D,S,C,2024-03-25,1000000.00,4.601867,100.0390625
08:01:17,91282CKB6,TSRYS5756733,D,S,C,2024-03-25,1000000.00,4.601867,100.0390625
08:01:17,91282CKB6,TSRYS5756733,D,S,C,2024-03-25,1000000.00,4.626457,99.994140625
08:01:17,91282CKB6,TSRYS5756733,D,B,C,2024-03-25,1000000.00,4.626457,99.994140625
08:01:17,91282CKB6,TSRYS5756733,D,S,C,2024-03-25,1000000.00,4.626457,99.994140625
08:01:17,91282CKB6,TSRYS5756733,D,S,C,2024-03-25,1000000.00,4.627526,99.9921875
08:01:17,91282CKB6,TSRYS5756733,D,S,C,2024-03-25,1000000.00,4.627526,99.9921875
08:01:17,91282CKB6,TSRYS5756733,D,S,C,2024-03-25,1000000.00,4.627526,99.9921875
08:01:17,91282CKB6,TSRYS5756733,D,S,D,2024-03-25,1000000.00,4.627526,99.9921875
08:01:17,91282CKB6,TSRYS5756733,D,S,D,2024-03-25,8000000.00,4.626457,99.994140625
08:01:17,91282CKB6,TSRYS5756733,D,S,D,2024-03-25,1000000.00,4.601867,100.0390625
08:01:18,91282CKB6,TSRYS5756733,D,S,D,2024-03-25,1000000.00,4.601867,100.0390625
08:01:18,91282CKB6,TSRYS5756733,D,B,C,2024-03-25,10000000.00,4.614694,100.015625
08:01:18,91282CKB6,TSRYS5756733,D,B,C,2024-03-25,1000000.00,4.614694,100.015625
08:01:18,91282CKB6,TSRYS5756733,D,S,D,2024-03-25,1000000.00,4.601867,100.0390625
08:01:18,91282CKB6,TSRYS5756733,D,S,C,2024-03-25,2000000.00,4.602935,100.03710937
08:01:18,91282CKB6,TSRYS5756733,D,S,D,2024-03-25,1000000.00,4.602935,100.03710937
08:01:18,91282CKB6,TSRYS5756733,D,S,D,2024-03-25,1000000.00,4.602935,100.03710937
08:01:18,91282CKB6,TSRYS5756733,D,S,D,2024-03-25,3000000.00,4.600374,100.04179
08:01:19,91282CKB6,TSRYS5756733,D,S,D,2024-03-25,2000000.00,4.601867,100.0390625
08:01:19,91282CKB6,TSRYS5756733,D,S,T,2024-03-25,1000000.00,4.601976,100.0388625
08:01:19,91282CKB6,TSRYS5756733,D,S,T,2024-03-25,1000000.00,4.601976,100.0388625
08:01:19,91282CKB6,TSRYS5756733,D,S,T,2024-03-25,1000000.00,4.600798,100.04101562
08:01:19,91282CKB6,TSRYS5756733,D,S,T,2024-03-25,1000000.00,4.600798,100.04101562
08:01:19,91282CKB6,TSRYS5756733,D,S,T,2024-03-25,1000000.00,4.600798,100.04101562
08:01:19,91282CKB6,TSRYS5756733,D,B,C,2024-03-25,6000000.00,4.617902,100.00976562
08:01:19,91282CKB6,TSRYS5756733,D,S,T,2024-03-25,1000000.00,4.600798,100.04101562
08:01:19,91282CKB6,TSRYS5756733,D,S,T,2024-03-25,2000000.00,4.600798,100.04101562
08:01:19,91282CKB6,TSRYS5756733,D,S,T,2024-03-25,2000000.00,4.600798,100.04101562
08:01:19,91282CKB6,TSRYS5756733,D,S,T,2024-03-25,2000000.00,4.600798,100.04101562
