tradeTime,cusip,issueSymbolIdentifier,priceType,reportingSideCode,contraPartyTypeCode,tradeDate,reportedTradeVolume,lastSaleYield,lastSalePrice
08:00:05,91282CKY6,TSRYS5833261,D,S,T,2024-07-05,1000000.00,4.693399,99.87109375
08:00:05,91282CKY6,TSRYS5833261,D,S,T,2024-07-05,1000000.00,4.693399,99.87109375
08:00:05,91282CKY6,TSRYS5833261,D,S,T,2024-07-05,1000000.00,4.709094,99.841796875
08:00:05,91282CKY6,TSRYS5833261,D,S,T,2024-07-05,1000000.00,4.693399,99.87109375
08:00:05,91282CKY6,TSRYS5833261,D,S,T,2024-07-05,2000000.00,4.68294,99.890625
08:00:05,91282CKY6,TSRYS5833261,D,S,T,2024-07-05,1000000.00,4.688169,99.880859375
08:00:05,91282CKY6,TSRYS5833261,D,S,T,2024-07-05,4000000.00,4.688169,99.880859375
08:00:05,91282CKY6,TSRYS5833261,D,S,T,2024-07-05,2000000.00,4.690261,99.876953125
08:00:05,91282CKY6,TSRYS5833261,D,S,D,2024-07-05,4000000.00,4.693399,99.87109375
08:00:05,91282CKY6,TSRYS5833261,D,S,T,2024-07-05,3000000.00,4.693399,99.87109375
08:00:05,91282CKY6,TSRYS5833261,D,S,D,2024-07-05,4000000.00,4.693399,99.87109375
08:00:05,91282CKY6,TSRYS5833261,D,S,T,2024-07-05,2000000.00,4.693399,99.87109375
08:00:05,91282CKY6,TSRYS5833261,D,S,T,2024-07-05,3000000.00,4.693399,99.87109375
08:00:05,91282CKY6,TSRYS5833261,D,S,T,2024-07-05,4000000.00,4.693399,99.87109375
08:00:09,91282CKY6,TSRYS5833261,D,S,D,2024-07-05,2000000.00,4.685032,99.88671875
08:00:09,91282CKY6,TSRYS5833261,D,S,D,2024-07-05,2000000.00,4.685032,99.88671875
08:00:09,91282CKY6,TSRYS5833261,D,S,D,2024-07-05,2000000.00,4.685032,99.88671875
08:00:09,91282CKY6,TSRYS5833261,D,S,D,2024-07-05,1000000.00,4.685032,99.88671875
08:00:09,91282CKY6,TSRYS5833261,D,S,T,2024-07-05,3000000.00,4.685032,99.88671875
08:00:09,91282CKY6,TSRYS5833261,D,S,D,2024-07-05,4000000.00,4.685032,99.88671875
08:00:09,91282CKY6,TSRYS5833261,D,S,T,2024-07-05,4000000.00,4.681894,99.892578125
08:00:09,91282CKY6,TSRYS5833261,D,S,D,2024-07-05,2000000.00,4.687123,99.8828125
08:00:09,91282CKY6,TSRYS5833261,D,S,D,2024-07-05,2000000.00,4.686077,99.884765625
08:00:09,91282CKY6,TSRYS5833261,D,S,D,2024-07-05,3000000.00,4.686077,99.884765625
08:00:09,91282CKY6,TSRYS5833261,D,S,D,2024-07-05,2000000.00,4.686077,99.884765625
08:00:09,91282CKY6,TSRYS5833261,D,S,D,2024-07-05,3000000.00,4.686077,99.884765625
08:00:09,91282CKY6,TSRYS5833261,D,S,D,2024-07-05,2000000.00,4.686077,99.884765625
08:00:09,91282CKY6,TSRYS5833261,D,S,D,2024-07-05,3000000.00,4.686077,99.884765625
08:00:09,91282CKY6,TSRYS5833261,D,S,D,2024-07-05,2000000.00,4.686077,99.884765625
08:00:09,91282CKY6,TSRYS5833261,D,S,D,2024-07-05,3000000.00,4.686077,99.884765625
08:00:09,91282CKY6,TSRYS5833261,D,S,D,2024-07-05,2000000.00,4.686077,99.884765625
08:00:09,91282CKY6,TSRYS5833261,D,S,D,2024-07-05,3000000.00,4.686077,99.884765625
08:00:09,91282CKY6,TSRYS5833261,D,S,D,2024-07-05,2000000.00,4.686077,99.884765625
08:00:09,91282CKY6,TSRYS5833261,D,S,D,2024-07-05,3000000.00,4.686077,99.884765625
08:00:09,91282CKY6,TSRYS5833261,D,S,D,2024-07-05,2000000.00,4.686077,99.884765625
08:00:09,91282CKY6,TSRYS5833261,D,S,D,2024-07-05,3000000.00,4.686077,99.884765625
08:00:09,91282CKY6,TSRYS5833261,D,S,D,2024-07-05,2000000.00,4.686077,99.884765625
08:00:09,91282CKY6,TSRYS5833261,D,S,D,2024-07-05,3000000.00,4.686077,99.884765625
08:00:09,91282CKY6,TSRYS5833261,D,S,D,2024-07-05,2000000.00,4.686077,99.884765625
08:00:09,91282CKY6,TSRYS5833261,D,S,T,2024-07-05,1000000.00,4.686077,99.884765625
08:00:09,91282CKY6,TSRYS5833261,D,S,D,2024-07-05,2000000.00,4.686077,99.884765625
08:00:09,91282CKY6,TSRYS5833261,D,S,D,2024-07-05,3000000.00,4.686077,99.884765625
08:00:09,91282CKY6,TSRYS5833261,D,S,D,2024-07-05,2000000.00,4.686077,99.884765625
08:00:09,91282CKY6,TSRYS5833261,D,S,D,2024-07-05,3000000.00,4.686077,99.884765625
08:00:09,91282CKY6,TSRYS5833261,D,S,D,2024-07-05,2000000.00,4.686077,99.884765625
08:00:09,91282CKY6,TSRYS5833261,D,S,D,2024-07-05,3000000.00,4.686077,99.884765625
08:00:09,91282CKY6,TSRYS5833261,D,S,D,2024-07-05,2000000.00,4.686077,99.884765625
08:00:09,91282CKY6,TSRYS5833261,D,S,D,2024-07-05,4000000.00,4.683986,99.888671875
08:00:09,91282CKY6,TSRYS5833261,D,S,D,2024-07-05,1000000.00,4.683986,99.888671875
08:00:09,91282CKY6,TSRYS5833261,D,S,T,2024-07-05,4000000.00,4.683986,99.888671875
08:00:09,91282CKY6,TSRYS5833261,D,S,T,2024-07-05,4000000.00,4.68294,99.890625
08:00:09,91282CKY6,TSRYS5833261,D,S,D,2024-07-05,4000000.00,4.68294,99.890625
08:00:09,91282CKY6,TSRYS5833261,D,S,T,2024-07-05,4000000.00,4.68294,99.890625
08:00:09,91282CKY6,TSRYS5833261,D,S,D,2024-07-05,3000000.00,4.68294,99.890625
08:00:09,91282CKY6,TSRYS5833261,D,S,A,2024-07-05,200000.00,4.714327,99.832031
08:00:09,91282CKY6,TSRYS5833261,D,S,T,2024-07-05,1000000.00,4.71328,99.833984375
08:00:09,91282CKY6,TSRYS5833261,D,S,T,2024-07-05,1000000.00,4.71328,99.833984375
08:00:09,91282CKY6,TSRYS5833261,D,S,T,2024-07-05,1000000.00,4.71328,99.833984375
08:00:09,91282CKY6,TSRYS5833261,D,S,T,2024-07-05,1000000.00,4.712233,99.8359375
08:00:09,91282CKY6,TSRYS5833261,D,S,T,2024-07-05,1000000.00,4.704908,99.849609375
08:00:10,91282CKY6,TSRYS5833261,D,S,T,2024-07-05,3000000.00,4.714327,99.83203125
08:00:10,91282CKY6,TSRYS5833261,D,S,T,2024-07-05,1000000.00,4.714327,99.83203125
08:00:10,91282CKY6,TSRYS5833261,D,S,T,2024-07-05,1000000.00,4.712233,99.8359375
08:00:10,91282CKY6,TSRYS5833261,D,S,T,2024-07-05,1000000.00,4.712233,99.8359375
08:00:10,91282CKY6,TSRYS5833261,D,S,T,2024-07-05,1000000.00,4.712233,99.8359375
08:00:10,91282CKY6,TSRYS5833261,D,S,T,2024-07-05,1000000.00,4.712233,99.8359375
08:00:10,91282CKY6,TSRYS5833261,D,S,T,2024-07-05,1000000.00,4.711187,99.837890625
08:00:10,91282CKY6,TSRYS5833261,D,S,T,2024-07-05,1000000.00,4.709094,99.841796875
08:00:10,91282CKY6,TSRYS5833261,D,S,T,2024-07-05,1000000.00,4.709094,99.841796875
08:00:11,91282CKY6,TSRYS5833261,D,S,T,2024-07-05,1000000.00,4.708047,99.84375
08:00:11,91282CKY6,TSRYS5833261,D,S,T,2024-07-05,1000000.00,4.708047,99.84375
08:00:11,91282CKY6,TSRYS5833261,D,S,T,2024-07-05,1000000.00,4.703862,99.8515625
08:00:11,91282CKY6,TSRYS5833261,D,S,T,2024-07-05,1000000.00,4.704908,99.849609375
08:00:11,91282CKY6,TSRYS5833261,D,S,T,2024-07-05,1000000.00,4.704908,99.849609375
08:00:11,91282CKY6,TSRYS5833261,D,S,T,2024-07-05,1000000.00,4.704908,99.849609375
08:00:11,91282CKY6,TSRYS5833261,D,S,T,2024-07-05,1000000.00,4.704908,99.849609375
08:00:11,91282CKY6,TSRYS5833261,D,S,T,2024-07-05,1000000.00,4.703862,99.8515625
08:00:11,91282CKY6,TSRYS5833261,D,S,T,2024-07-05,1000000.00,4.704908,99.849609375
08:00:11,91282CKY6,TSRYS5833261,D,S,T,2024-07-05,1000000.00,4.703862,99.8515625
08:00:11,91282CKY6,TSRYS5833261,D,S,T,2024-07-05,2000000.00,4.703862,99.8515625
08:00:11,91282CKY6,TSRYS5833261,D,S,T,2024-07-05,1000000.00,4.703862,99.8515625
08:00:11,91282CKY6,TSRYS5833261,D,S,T,2024-07-05,1000000.00,4.703862,99.8515625
08:00:11,91282CKY6,TSRYS5833261,D,S,T,2024-07-05,1000000.00,4.702815,99.853515625
08:00:11,91282CKY6,TSRYS5833261,D,S,T,2024-07-05,1000000.00,4.701769,99.85546875
08:00:11,91282CKY6,TSRYS5833261,D,S,T,2024-07-05,1000000.00,4.702815,99.853515625
08:00:11,91282CKY6,TSRYS5833261,D,S,T,2024-07-05,1000000.00,4.701769,99.85546875
08:00:11,91282CKY6,TSRYS5833261,D,S,T,2024-07-05,1000000.00,4.701769,99.85546875
08:00:11,91282CKY6,TSRYS5833261,D,S,T,2024-07-05,1000000.00,4.701769,99.85546875
08:00:11,91282CKY6,TSRYS5833261,D,S,T,2024-07-05,1000000.00,4.69863,99.861328125
08:00:11,91282CKY6,TSRYS5833261,D,S,T,2024-07-05,1000000.00,4.692353,99.873046875
08:00:11,91282CKY6,TSRYS5833261,D,S,T,2024-07-05,5000000.00,4.693399,99.87109375
08:00:11,91282CKY6,TSRYS5833261,D,S,T,2024-07-05,1000000.00,4.693399,99.87109375
08:00:11,91282CKY6,TSRYS5833261,D,S,T,2024-07-05,1000000.00,4.693399,99.87109375
08:00:11,91282CKY6,TSRYS5833261,D,S,T,2024-07-05,2000000.00,4.693399,99.87109375
08:00:11,91282CKY6,TSRYS5833261,D,S,T,2024-07-05,1000000.00,4.693399,99.87109375
08:00:11,91282CKY6,TSRYS5833261,D,S,T,2024-07-05,1000000.00,4.693399,99.87109375
08:00:11,91282CKY6,TSRYS5833261,D,S,T,2024-07-05,1000000.00,4.692353,99.873046875
08:00:11,91282CKY6,TSRYS5833261,D,S,T,2024-07-05,1000000.00,4.692353,99.873046875
08:00:11,91282CKY6,TSRYS5833261,D,S,D,2024-07-05,1000000.00,4.693399,99.87109375
08:00:11,91282CKY6,TSRYS5833261,D,S,T,2024-07-05,1000000.00,4.688169,99.880859375
08:00:11,91282CKY6,TSRYS5833261,D,S,T,2024-07-05,1000000.00,4.689215,99.87890625
08:00:11,91282CKY6,TSRYS5833261,D,S,T,2024-07-05,1000000.00,4.691307,99.875
08:00:11,91282CKY6,TSRYS5833261,D,S,T,2024-07-05,1000000.00,4.691307,99.875
08:00:11,91282CKY6,TSRYS5833261,D,S,T,2024-07-05,1000000.00,4.692353,99.873046875
08:00:11,91282CKY6,TSRYS5833261,D,S,T,2024-07-05,1000000.00,4.692353,99.873046875
08:00:11,91282CKY6,TSRYS5833261,D,S,T,2024-07-05,1000000.00,4.692353,99.873046875
08:00:11,91282CKY6,TSRYS5833261,D,S,T,2024-07-05,1000000.00,4.690261,99.876953125
08:00:11,91282CKY6,TSRYS5833261,D,S,T,2024-07-05,1000000.00,4.690261,99.876953125
08:00:11,91282CKY6,TSRYS5833261,D,S,T,2024-07-05,1000000.00,4.693399,99.87109375
08:00:11,91282CKY6,TSRYS5833261,D,S,T,2024-07-05,1000000.00,4.693399,99.87109375
08:00:11,91282CKY6,TSRYS5833261,D,S,T,2024-07-05,1000000.00,4.686077,99.884765625
08:00:11,91282CKY6,TSRYS5833261,D,S,T,2024-07-05,1000000.00,4.686077,99.884765625
08:00:11,91282CKY6,TSRYS5833261,D,S,T,2024-07-05,1000000.00,4.686077,99.884765625
08:00:11,91282CKY6,TSRYS5833261,D,S,T,2024-07-05,1000000.00,4.685032,99.88671875
08:00:11,91282CKY6,TSRYS5833261,D,S,T,2024-07-05,1000000.00,4.687123,99.8828125
08:00:11,91282CKY6,TSRYS5833261,D,S,T,2024-07-05,1000000.00,4.688169,99.880859375
08:00:11,91282CKY6,TSRYS5833261,D,S,T,2024-07-05,1000000.00,4.688169,99.880859375
08:00:11,91282CKY6,TSRYS5833261,D,S,T,2024-07-05,1000000.00,4.686077,99.884765625
08:00:11,91282CKY6,TSRYS5833261,D,S,T,2024-07-05,1000000.00,4.686077,99.884765625
08:00:11,91282CKY6,TSRYS5833261,D,S,T,2024-07-05,1000000.00,4.686077,99.884765625
08:00:11,91282CKY6,TSRYS5833261,D,S,T,2024-07-05,1000000.00,4.683986,99.888671875
08:00:11,91282CKY6,TSRYS5833261,D,S,T,2024-07-05,1000000.00,4.680848,99.89453125
08:00:11,91282CKY6,TSRYS5833261,D,S,T,2024-07-05,1000000.00,4.681894,99.892578125
08:00:11,91282CKY6,TSRYS5833261,D,S,T,2024-07-05,1000000.00,4.681894,99.892578125
08:00:11,91282CKY6,TSRYS5833261,D,S,T,2024-07-05,1000000.00,4.68294,99.890625
08:00:11,91282CKY6,TSRYS5833261,D,S,T,2024-07-05,1000000.00,4.685032,99.88671875
08:00:11,91282CKY6,TSRYS5833261,D,S,T,2024-07-05,1000000.00,4.688169,99.880859375
08:00:11,91282CKY6,TSRYS5833261,D,S,T,2024-07-05,1000000.00,4.688169,99.880859375
08:00:11,91282CKY6,TSRYS5833261,D,S,T,2024-07-05,1000000.00,4.688169,99.880859375
08:00:11,91282CKY6,TSRYS5833261,D,S,T,2024-07-05,1000000.00,4.688169,99.880859375
08:00:11,91282CKY6,TSRYS5833261,D,S,T,2024-07-05,1000000.00,4.686077,99.884765625
08:00:11,91282CKY6,TSRYS5833261,D,S,T,2024-07-05,1000000.00,4.686077,99.884765625
08:00:11,91282CKY6,TSRYS5833261,D,S,T,2024-07-05,1000000.00,4.686077,99.884765625
08:00:11,91282CKY6,TSRYS5833261,D,S,T,2024-07-05,1000000.00,4.686077,99.884765625
08:00:11,91282CKY6,TSRYS5833261,D,S,T,2024-07-05,1000000.00,4.686077,99.884765625
08:00:11,91282CKY6,TSRYS5833261,D,S,T,2024-07-05,1000000.00,4.686077,99.884765625
08:00:11,91282CKY6,TSRYS5833261,D,S,T,2024-07-05,1000000.00,4.686077,99.884765625
08:00:11,91282CKY6,TSRYS5833261,D,S,T,2024-07-05,10000000.00,4.685032,99.88671875
08:00:11,91282CKY6,TSRYS5833261,D,S,T,2024-07-05,1000000.00,4.685032,99.88671875
08:00:11,91282CKY6,TSRYS5833261,D,S,T,2024-07-05,1000000.00,4.685032,99.88671875
08:00:11,91282CKY6,TSRYS5833261,D,S,T,2024-07-05,1000000.00,4.685032,99.88671875
08:00:11,91282CKY6,TSRYS5833261,D,S,D,2024-07-05,1000000.00,4.68294,99.890625
08:00:11,91282CKY6,TSRYS5833261,D,S,T,2024-07-05,1000000.00,4.68294,99.890625
08:00:11,91282CKY6,TSRYS5833261,D,S,T,2024-07-05,1000000.00,4.685032,99.88671875
08:00:11,91282CKY6,TSRYS5833261,D,S,T,2024-07-05,1000000.00,4.687123,99.8828125
08:00:11,91282CKY6,TSRYS5833261,D,S,D,2024-07-05,1000000.00,4.685032,99.88671875
08:00:11,91282CKY6,TSRYS5833261,D,S,D,2024-07-05,1000000.00,4.685032,99.88671875
08:00:11,91282CKY6,TSRYS5833261,D,S,D,2024-07-05,1000000.00,4.685032,99.88671875
08:00:11,91282CKY6,TSRYS5833261,D,S,D,2024-07-05,1000000.00,4.685032,99.88671875
08:00:11,91282CKY6,TSRYS5833261,D,S,D,2024-07-05,1000000.00,4.685032,99.88671875
08:00:11,91282CKY6,TSRYS5833261,D,S,D,2024-07-05,1000000.00,4.685032,99.88671875
08:00:11,91282CKY6,TSRYS5833261,D,S,T,2024-07-05,1000000.00,4.685032,99.88671875
08:00:11,91282CKY6,TSRYS5833261,D,S,T,2024-07-05,1000000.00,4.685032,99.88671875
08:00:11,91282CKY6,TSRYS5833261,D,S,D,2024-07-05,1000000.00,4.685032,99.88671875
08:00:11,91282CKY6,TSRYS5833261,D,S,D,2024-07-05,1000000.00,4.685032,99.88671875
08:00:11,91282CKY6,TSRYS5833261,D,S,D,2024-07-05,1000000.00,4.685032,99.88671875
08:00:11,91282CKY6,TSRYS5833261,D,S,D,2024-07-05,1000000.00,4.685032,99.88671875
08:00:11,91282CKY6,TSRYS5833261,D,S,D,2024-07-05,1000000.00,4.685032,99.88671875
08:00:11,91282CKY6,TSRYS5833261,D,S,T,2024-07-05,1000000.00,4.685032,99.88671875
08:00:11,91282CKY6,TSRYS5833261,D,S,T,2024-07-05,1000000.00,4.685032,99.88671875
08:00:11,91282CKY6,TSRYS5833261,D,S,T,2024-07-05,1000000.00,4.685032,99.88671875
08:00:11,91282CKY6,TSRYS5833261,D,S,T,2024-07-05,1000000.00,4.685032,99.88671875
08:00:11,91282CKY6,TSRYS5833261,D,S,T,2024-07-05,1000000.00,4.685032,99.88671875
08:00:11,91282CKY6,TSRYS5833261,D,S,T,2024-07-05,1000000.00,4.685032,99.88671875
08:00:11,91282CKY6,TSRYS5833261,D,S,T,2024-07-05,1000000.00,4.685032,99.88671875
08:00:11,91282CKY6,TSRYS5833261,D,S,T,2024-07-05,1000000.00,4.68294,99.890625
08:00:11,91282CKY6,TSRYS5833261,D,S,T,2024-07-05,1000000.00,4.685032,99.88671875
08:00:11,91282CKY6,TSRYS5833261,D,S,T,2024-07-05,1000000.00,4.686077,99.884765625
08:00:11,91282CKY6,TSRYS5833261,D,S,T,2024-07-05,1000000.00,4.686077,99.884765625
08:00:13,91282CKY6,TSRYS5833261,D,S,A,2024-07-05,278000.00,4.703862,99.8515625
08:00:13,91282CKY6,TSRYS5833261,D,S,A,2024-07-05,600000.00,4.712233,99.8359375
08:00:14,91282CKY6,TSRYS5833261,D,S,T,2024-07-05,1000000.00,4.699676,99.859375
08:00:16,91282CKY6,TSRYS5833261,D,S,D,2024-07-05,3000000.00,4.703862,99.8515625
08:00:17,91282CKY6,TSRYS5833261,D,S,T,2024-07-05,1000000.00,4.708047,99.84375
08:00:17,91282CKY6,TSRYS5833261,D,S,T,2024-07-05,1000000.00,4.708047,99.84375
08:00:17,91282CKY6,TSRYS5833261,D,S,T,2024-07-05,1000000.00,4.708047,99.84375
08:00:21,91282CKY6,TSRYS5833261,D,S,T,2024-07-05,2000000.00,4.708047,99.84375
08:00:24,91282CKY6,TSRYS5833261,D,S,D,2024-07-05,3000000.00,4.693399,99.87109375
08:00:27,91282CKY6,TSRYS5833261,D,S,A,2024-07-05,5900000.00,4.691307,99.875
08:00:27,91282CKY6,TSRYS5833261,D,S,T,2024-07-05,1000000.00,4.695492,99.8671875
08:00:27,91282CKY6,TSRYS5833261,D,B,A,2024-07-05,6511000.00,4.695492,99.8671875
08:00:27,91282CKY6,TSRYS5833261,D,B,A,2024-07-05,6511000.00,4.695492,99.8671875
08:00:27,91282CKY6,TSRYS5833261,D,S,T,2024-07-05,2000000.00,4.694446,99.869140625
08:00:27,91282CKY6,TSRYS5833261,D,S,T,2024-07-05,3000000.00,4.694446,99.869140625
08:00:27,91282CKY6,TSRYS5833261,D,S,T,2024-07-05,2000000.00,4.694446,99.869140625
08:00:27,91282CKY6,TSRYS5833261,D,S,T,2024-07-05,3000000.00,4.694446,99.869140625
08:00:27,91282CKY6,TSRYS5833261,D,S,A,2024-07-05,214000.00,4.693399,99.87109375
08:00:27,91282CKY6,TSRYS5833261,D,S,T,2024-07-05,1000000.00,4.693399,99.87109375
08:00:27,91282CKY6,TSRYS5833261,D,S,T,2024-07-05,2000000.00,4.693399,99.87109375
08:00:28,91282CKY6,TSRYS5833261,D,S,T,2024-07-05,1000000.00,4.693399,99.87109375
08:00:29,91282CKY6,TSRYS5833261,D,S,T,2024-07-05,1000000.00,4.705954,99.84765625
08:00:29,91282CKY6,TSRYS5833261,D,S,T,2024-07-05,1000000.00,4.693399,99.87109375
08:00:29,91282CKY6,TSRYS5833261,D,S,T,2024-07-05,2000000.00,4.686077,99.884765625
08:00:29,91282CKY6,TSRYS5833261,D,S,T,2024-07-05,1000000.00,4.687123,99.8828125
08:00:29,91282CKY6,TSRYS5833261,D,S,T,2024-07-05,1000000.00,4.686077,99.884765625
08:00:29,91282CKY6,TSRYS5833261,D,S,T,2024-07-05,2000000.00,4.685032,99.88671875
08:00:29,91282CKY6,TSRYS5833261,D,S,T,2024-07-05,3000000.00,4.685032,99.88671875
08:00:29,91282CKY6,TSRYS5833261,D,S,T,2024-07-05,3000000.00,4.68294,99.890625
08:00:30,91282CKY6,TSRYS5833261,D,S,T,2024-07-05,3000000.00,4.71642,99.828125
08:00:30,91282CKY6,TSRYS5833261,D,S,T,2024-07-05,1000000.00,4.71642,99.828125
08:00:30,91282CKY6,TSRYS5833261,D,S,T,2024-07-05,1000000.00,4.71642,99.828125
08:00:30,91282CKY6,TSRYS5833261,D,S,T,2024-07-05,1000000.00,4.71642,99.828125
08:00:30,91282CKY6,TSRYS5833261,D,S,T,2024-07-05,1000000.00,4.71642,99.828125
08:00:30,91282CKY6,TSRYS5833261,D,S,T,2024-07-05,1000000.00,4.71642,99.828125
08:00:30,91282CKY6,TSRYS5833261,D,S,T,2024-07-05,1000000.00,4.714327,99.83203125
08:00:30,91282CKY6,TSRYS5833261,D,S,T,2024-07-05,2000000.00,4.715373,99.830078125
08:00:30,91282CKY6,TSRYS5833261,D,S,T,2024-07-05,2000000.00,4.712233,99.8359375
08:00:30,91282CKY6,TSRYS5833261,D,S,T,2024-07-05,1000000.00,4.712233,99.8359375
08:00:30,91282CKY6,TSRYS5833261,D,S,T,2024-07-05,1000000.00,4.712233,99.8359375
08:00:30,91282CKY6,TSRYS5833261,D,S,T,2024-07-05,1000000.00,4.712233,99.8359375
08:00:30,91282CKY6,TSRYS5833261,D,S,T,2024-07-05,1000000.00,4.712233,99.8359375
08:00:30,91282CKY6,TSRYS5833261,D,S,T,2024-07-05,1000000.00,4.712233,99.8359375
08:00:30,91282CKY6,TSRYS5833261,D,S,T,2024-07-05,1000000.00,4.712233,99.8359375
08:00:30,91282CKY6,TSRYS5833261,D,S,T,2024-07-05,1000000.00,4.712233,99.8359375
08:00:30,91282CKY6,TSRYS5833261,D,S,T,2024-07-05,1000000.00,4.712233,99.8359375
08:00:30,91282CKY6,TSRYS5833261,D,S,T,2024-07-05,1000000.00,4.712233,99.8359375
08:00:30,91282CKY6,TSRYS5833261,D,S,T,2024-07-05,1000000.00,4.712233,99.8359375
08:00:30,91282CKY6,TSRYS5833261,D,S,T,2024-07-05,1000000.00,4.712233,99.8359375
08:00:30,91282CKY6,TSRYS5833261,D,S,T,2024-07-05,1000000.00,4.712233,99.8359375
08:00:30,91282CKY6,TSRYS5833261,D,S,T,2024-07-05,1000000.00,4.71014,99.83984375
08:00:30,91282CKY6,TSRYS5833261,D,S,T,2024-07-05,1000000.00,4.71014,99.83984375
08:00:30,91282CKY6,TSRYS5833261,D,S,T,2024-07-05,1000000.00,4.71014,99.83984375
08:00:30,91282CKY6,TSRYS5833261,D,S,T,2024-07-05,1000000.00,4.71014,99.83984375
08:00:30,91282CKY6,TSRYS5833261,D,S,T,2024-07-05,1000000.00,4.71014,99.83984375
08:00:30,91282CKY6,TSRYS5833261,D,S,T,2024-07-05,1000000.00,4.71014,99.83984375
08:00:30,91282CKY6,TSRYS5833261,D,S,T,2024-07-05,1000000.00,4.71014,99.83984375
08:00:30,91282CKY6,TSRYS5833261,D,S,T,2024-07-05,1000000.00,4.71014,99.83984375
08:00:30,91282CKY6,TSRYS5833261,D,S,T,2024-07-05,2000000.00,4.708047,99.84375
08:00:30,91282CKY6,TSRYS5833261,D,S,T,2024-07-05,1000000.00,4.708047,99.84375
08:00:30,91282CKY6,TSRYS5833261,D,S,T,2024-07-05,1000000.00,4.708047,99.84375
08:00:30,91282CKY6,TSRYS5833261,D,S,T,2024-07-05,1000000.00,4.708047,99.84375
08:00:30,91282CKY6,TSRYS5833261,D,S,T,2024-07-05,1000000.00,4.705954,99.84765625
08:00:30,91282CKY6,TSRYS5833261,D,S,T,2024-07-05,1000000.00,4.703862,99.8515625
08:00:30,91282CKY6,TSRYS5833261,D,S,T,2024-07-05,3000000.00,4.705954,99.84765625
08:00:30,91282CKY6,TSRYS5833261,D,S,T,2024-07-05,3000000.00,4.704908,99.849609375
08:00:30,91282CKY6,TSRYS5833261,D,S,T,2024-07-05,1000000.00,4.703862,99.8515625
08:00:30,91282CKY6,TSRYS5833261,D,S,T,2024-07-05,1000000.00,4.703862,99.8515625
08:00:30,91282CKY6,TSRYS5833261,D,S,T,2024-07-05,1000000.00,4.703862,99.8515625
08:00:30,91282CKY6,TSRYS5833261,D,S,T,2024-07-05,1000000.00,4.703862,99.8515625
08:00:30,91282CKY6,TSRYS5833261,D,S,T,2024-07-05,1000000.00,4.703862,99.8515625
08:00:30,91282CKY6,TSRYS5833261,D,S,T,2024-07-05,3000000.00,4.703862,99.8515625
08:00:30,91282CKY6,TSRYS5833261,D,S,T,2024-07-05,1000000.00,4.703862,99.8515625
08:00:30,91282CKY6,TSRYS5833261,D,S,T,2024-07-05,1000000.00,4.703862,99.8515625
08:00:30,91282CKY6,TSRYS5833261,D,S,T,2024-07-05,2000000.00,4.703862,99.8515625
08:00:30,91282CKY6,TSRYS5833261,D,S,T,2024-07-05,1000000.00,4.703862,99.8515625
08:00:30,91282CKY6,TSRYS5833261,D,S,T,2024-07-05,1000000.00,4.703862,99.8515625
08:00:30,91282CKY6,TSRYS5833261,D,S,T,2024-07-05,1000000.00,4.701769,99.85546875
08:00:30,91282CKY6,TSRYS5833261,D,S,T,2024-07-05,1000000.00,4.702815,99.853515625
08:00:30,91282CKY6,TSRYS5833261,D,S,T,2024-07-05,1000000.00,4.702815,99.853515625
08:00:30,91282CKY6,TSRYS5833261,D,S,T,2024-07-05,1000000.00,4.703862,99.8515625
08:00:30,91282CKY6,TSRYS5833261,D,S,T,2024-07-05,1000000.00,4.701769,99.85546875
08:00:30,91282CKY6,TSRYS5833261,D,S,T,2024-07-05,3000000.00,4.701769,99.85546875
08:00:30,91282CKY6,TSRYS5833261,D,S,T,2024-07-05,2000000.00,4.701769,99.85546875
08:00:30,91282CKY6,TSRYS5833261,D,S,T,2024-07-05,2000000.00,4.700723,99.857421875
08:00:30,91282CKY6,TSRYS5833261,D,S,T,2024-07-05,2000000.00,4.699676,99.859375
08:00:30,91282CKY6,TSRYS5833261,D,S,T,2024-07-05,1000000.00,4.699676,99.859375
08:00:30,91282CKY6,TSRYS5833261,D,S,T,2024-07-05,1000000.00,4.697584,99.86328125
08:00:30,91282CKY6,TSRYS5833261,D,S,T,2024-07-05,2000000.00,4.695492,99.8671875
08:00:30,91282CKY6,TSRYS5833261,D,S,T,2024-07-05,1000000.00,4.695492,99.8671875
08:00:30,91282CKY6,TSRYS5833261,D,S,T,2024-07-05,1000000.00,4.695492,99.8671875
08:00:30,91282CKY6,TSRYS5833261,D,S,T,2024-07-05,2000000.00,4.693399,99.87109375
08:00:30,91282CKY6,TSRYS5833261,D,S,T,2024-07-05,2000000.00,4.691307,99.875
08:00:30,91282CKY6,TSRYS5833261,D,S,T,2024-07-05,2000000.00,4.691307,99.875
08:00:30,91282CKY6,TSRYS5833261,D,S,T,2024-07-05,1000000.00,4.692353,99.873046875
08:00:30,91282CKY6,TSRYS5833261,D,S,T,2024-07-05,1000000.00,4.693399,99.87109375
08:00:30,91282CKY6,TSRYS5833261,D,S,T,2024-07-05,1000000.00,4.693399,99.87109375
08:00:30,91282CKY6,TSRYS5833261,D,S,T,2024-07-05,1000000.00,4.693399,99.87109375
08:00:30,91282CKY6,TSRYS5833261,D,S,T,2024-07-05,3000000.00,4.694446,99.869140625
08:00:30,91282CKY6,TSRYS5833261,D,S,T,2024-07-05,2000000.00,4.691307,99.875
08:00:30,91282CKY6,TSRYS5833261,D,S,T,2024-07-05,2000000.00,4.693399,99.87109375
08:00:30,91282CKY6,TSRYS5833261,D,S,T,2024-07-05,1000000.00,4.693399,99.87109375
08:00:30,91282CKY6,TSRYS5833261,D,S,T,2024-07-05,1000000.00,4.693399,99.87109375
08:00:30,91282CKY6,TSRYS5833261,D,S,T,2024-07-05,1000000.00,4.693399,99.87109375
08:00:30,91282CKY6,TSRYS5833261,D,S,T,2024-07-05,1000000.00,4.693399,99.87109375
08:00:30,91282CKY6,TSRYS5833261,D,S,T,2024-07-05,1000000.00,4.693399,99.87109375
08:00:30,91282CKY6,TSRYS5833261,D,S,T,2024-07-05,1000000.00,4.693399,99.87109375
08:00:30,91282CKY6,TSRYS5833261,D,S,T,2024-07-05,1000000.00,4.693399,99.87109375
08:00:30,91282CKY6,TSRYS5833261,D,S,T,2024-07-05,1000000.00,4.693399,99.87109375
08:00:30,91282CKY6,TSRYS5833261,D,S,T,2024-07-05,1000000.00,4.693399,99.87109375
08:00:30,91282CKY6,TSRYS5833261,D,S,T,2024-07-05,1000000.00,4.693399,99.87109375
08:00:30,91282CKY6,TSRYS5833261,D,S,T,2024-07-05,1000000.00,4.693399,99.87109375
08:00:30,91282CKY6,TSRYS5833261,D,S,T,2024-07-05,1000000.00,4.693399,99.87109375
08:00:30,91282CKY6,TSRYS5833261,D,S,T,2024-07-05,2000000.00,4.693399,99.87109375
08:00:30,91282CKY6,TSRYS5833261,D,S,T,2024-07-05,1000000.00,4.692353,99.873046875
08:00:30,91282CKY6,TSRYS5833261,D,S,T,2024-07-05,1000000.00,4.692353,99.873046875
08:00:30,91282CKY6,TSRYS5833261,D,S,T,2024-07-05,2000000.00,4.689215,99.87890625
08:00:30,91282CKY6,TSRYS5833261,D,S,T,2024-07-05,2000000.00,4.689215,99.87890625
08:00:30,91282CKY6,TSRYS5833261,D,S,T,2024-07-05,2000000.00,4.689215,99.87890625
08:00:30,91282CKY6,TSRYS5833261,D,S,T,2024-07-05,2000000.00,4.689215,99.87890625
08:00:30,91282CKY6,TSRYS5833261,D,S,T,2024-07-05,2000000.00,4.689215,99.87890625
08:00:30,91282CKY6,TSRYS5833261,D,S,T,2024-07-05,2000000.00,4.689215,99.87890625
08:00:30,91282CKY6,TSRYS5833261,D,S,T,2024-07-05,1000000.00,4.689215,99.87890625
08:00:30,91282CKY6,TSRYS5833261,D,S,T,2024-07-05,1000000.00,4.688169,99.880859375
08:00:30,91282CKY6,TSRYS5833261,D,S,T,2024-07-05,2000000.00,4.688169,99.880859375
08:00:30,91282CKY6,TSRYS5833261,D,S,T,2024-07-05,2000000.00,4.688169,99.880859375
08:00:30,91282CKY6,TSRYS5833261,D,S,T,2024-07-05,3000000.00,4.688169,99.880859375
08:00:30,91282CKY6,TSRYS5833261,D,S,T,2024-07-05,2000000.00,4.688169,99.880859375
08:00:30,91282CKY6,TSRYS5833261,D,S,T,2024-07-05,1000000.00,4.691307,99.875
08:00:30,91282CKY6,TSRYS5833261,D,S,T,2024-07-05,1000000.00,4.691307,99.875
08:00:30,91282CKY6,TSRYS5833261,D,S,T,2024-07-05,1000000.00,4.691307,99.875
08:00:30,91282CKY6,TSRYS5833261,D,S,T,2024-07-05,1000000.00,4.691307,99.875
08:00:30,91282CKY6,TSRYS5833261,D,S,T,2024-07-05,3000000.00,4.690261,99.876953125
08:00:30,91282CKY6,TSRYS5833261,D,S,T,2024-07-05,3000000.00,4.690261,99.876953125
08:00:30,91282CKY6,TSRYS5833261,D,S,T,2024-07-05,2000000.00,4.690261,99.876953125
08:00:30,91282CKY6,TSRYS5833261,D,S,T,2024-07-05,1000000.00,4.690261,99.876953125
08:00:30,91282CKY6,TSRYS5833261,D,S,T,2024-07-05,1000000.00,4.690261,99.876953125
08:00:30,91282CKY6,TSRYS5833261,D,S,T,2024-07-05,1000000.00,4.690261,99.876953125
08:00:30,91282CKY6,TSRYS5833261,D,S,T,2024-07-05,1000000.00,4.690261,99.876953125
08:00:30,91282CKY6,TSRYS5833261,D,S,T,2024-07-05,1000000.00,4.690261,99.876953125
08:00:30,91282CKY6,TSRYS5833261,D,S,T,2024-07-05,1000000.00,4.690261,99.876953125
08:00:30,91282CKY6,TSRYS5833261,D,S,T,2024-07-05,1000000.00,4.690261,99.876953125
08:00:30,91282CKY6,TSRYS5833261,D,S,T,2024-07-05,2000000.00,4.689215,99.87890625
08:00:30,91282CKY6,TSRYS5833261,D,S,T,2024-07-05,2000000.00,4.689215,99.87890625
08:00:30,91282CKY6,TSRYS5833261,D,S,T,2024-07-05,1000000.00,4.689215,99.87890625
08:00:30,91282CKY6,TSRYS5833261,D,S,T,2024-07-05,1000000.00,4.692353,99.873046875
08:00:30,91282CKY6,TSRYS5833261,D,S,T,2024-07-05,1000000.00,4.692353,99.873046875
08:00:30,91282CKY6,TSRYS5833261,D,S,T,2024-07-05,2000000.00,4.692353,99.873046875
08:00:30,91282CKY6,TSRYS5833261,D,S,T,2024-07-05,1000000.00,4.693399,99.87109375
08:00:30,91282CKY6,TSRYS5833261,D,S,T,2024-07-05,2000000.00,4.688169,99.880859375
08:00:30,91282CKY6,TSRYS5833261,D,S,T,2024-07-05,2000000.00,4.686077,99.884765625
08:00:30,91282CKY6,TSRYS5833261,D,S,T,2024-07-05,2000000.00,4.687123,99.8828125
08:00:30,91282CKY6,TSRYS5833261,D,S,T,2024-07-05,1000000.00,4.686077,99.884765625
08:00:30,91282CKY6,TSRYS5833261,D,S,T,2024-07-05,1000000.00,4.686077,99.884765625
08:00:30,91282CKY6,TSRYS5833261,D,S,T,2024-07-05,1000000.00,4.686077,99.884765625
08:00:30,91282CKY6,TSRYS5833261,D,S,T,2024-07-05,2000000.00,4.687123,99.8828125
08:00:30,91282CKY6,TSRYS5833261,D,S,T,2024-07-05,2000000.00,4.687123,99.8828125
08:00:30,91282CKY6,TSRYS5833261,D,S,T,2024-07-05,2000000.00,4.687123,99.8828125
08:00:30,91282CKY6,TSRYS5833261,D,S,T,2024-07-05,1000000.00,4.687123,99.8828125
08:00:30,91282CKY6,TSRYS5833261,D,S,T,2024-07-05,2000000.00,4.687123,99.8828125
08:00:30,91282CKY6,TSRYS5833261,D,S,T,2024-07-05,1000000.00,4.687123,99.8828125
08:00:30,91282CKY6,TSRYS5833261,D,S,T,2024-07-05,1000000.00,4.685032,99.88671875
08:00:34,91282CKY6,TSRYS5833261,D,S,T,2024-07-05,1000000.00,4.68294,99.890625
08:00:34,91282CKY6,TSRYS5833261,D,S,T,2024-07-05,1000000.00,4.680848,99.89453125
08:00:34,91282CKY6,TSRYS5833261,D,S,T,2024-07-05,2000000.00,4.680848,99.89453125
08:00:34,91282CKY6,TSRYS5833261,D,S,T,2024-07-05,2000000.00,4.680848,99.89453125
08:00:34,91282CKY6,TSRYS5833261,D,S,T,2024-07-05,2000000.00,4.680848,99.89453125
08:00:34,91282CKY6,TSRYS5833261,D,S,T,2024-07-05,1000000.00,4.681894,99.892578125
08:00:34,91282CKY6,TSRYS5833261,D,S,T,2024-07-05,1000000.00,4.681894,99.892578125
08:00:34,91282CKY6,TSRYS5833261,D,S,T,2024-07-05,1000000.00,4.685032,99.88671875
08:00:34,91282CKY6,TSRYS5833261,D,S,T,2024-07-05,1000000.00,4.683986,99.888671875
08:00:34,91282CKY6,TSRYS5833261,D,S,T,2024-07-05,1000000.00,4.683986,99.888671875
08:00:34,91282CKY6,TSRYS5833261,D,S,T,2024-07-05,2000000.00,4.685032,99.88671875
08:00:34,91282CKY6,TSRYS5833261,D,S,T,2024-07-05,1000000.00,4.687123,99.8828125
08:00:34,91282CKY6,TSRYS5833261,D,S,T,2024-07-05,2000000.00,4.687123,99.8828125
08:00:34,91282CKY6,TSRYS5833261,D,S,T,2024-07-05,2000000.00,4.687123,99.8828125
08:00:34,91282CKY6,TSRYS5833261,D,S,T,2024-07-05,8000000.00,4.687123,99.8828125
08:00:34,91282CKY6,TSRYS5833261,D,S,T,2024-07-05,2000000.00,4.687123,99.8828125
08:00:34,91282CKY6,TSRYS5833261,D,S,T,2024-07-05,8000000.00,4.687123,99.8828125
08:00:34,91282CKY6,TSRYS5833261,D,S,T,2024-07-05,2000000.00,4.687123,99.8828125
08:00:34,91282CKY6,TSRYS5833261,D,S,T,2024-07-05,8000000.00,4.687123,99.8828125
08:00:34,91282CKY6,TSRYS5833261,D,S,T,2024-07-05,2000000.00,4.687123,99.8828125
08:00:34,91282CKY6,TSRYS5833261,D,S,T,2024-07-05,1000000.00,4.688169,99.880859375
08:00:34,91282CKY6,TSRYS5833261,D,S,T,2024-07-05,3000000.00,4.688169,99.880859375
08:00:34,91282CKY6,TSRYS5833261,D,S,T,2024-07-05,2000000.00,4.685032,99.88671875
08:00:34,91282CKY6,TSRYS5833261,D,S,T,2024-07-05,1000000.00,4.685032,99.88671875
08:00:34,91282CKY6,TSRYS5833261,D,S,T,2024-07-05,3000000.00,4.686077,99.884765625
08:00:34,91282CKY6,TSRYS5833261,D,S,T,2024-07-05,3000000.00,4.686077,99.884765625
08:00:34,91282CKY6,TSRYS5833261,D,S,T,2024-07-05,4000000.00,4.686077,99.884765625
08:00:34,91282CKY6,TSRYS5833261,D,S,T,2024-07-05,2000000.00,4.687123,99.8828125
08:00:34,91282CKY6,TSRYS5833261,D,S,T,2024-07-05,2000000.00,4.687123,99.8828125
08:00:34,91282CKY6,TSRYS5833261,D,S,T,2024-07-05,1000000.00,4.687123,99.8828125
08:00:34,91282CKY6,TSRYS5833261,D,S,T,2024-07-05,1000000.00,4.687123,99.8828125
08:00:34,91282CKY6,TSRYS5833261,D,S,T,2024-07-05,3000000.00,4.687123,99.8828125
08:00:34,91282CKY6,TSRYS5833261,D,S,T,2024-07-05,3000000.00,4.686077,99.884765625
08:00:34,91282CKY6,TSRYS5833261,D,S,T,2024-07-05,3000000.00,4.685032,99.88671875
08:00:34,91282CKY6,TSRYS5833261,D,S,T,2024-07-05,3000000.00,4.685032,99.88671875
08:00:34,91282CKY6,TSRYS5833261,D,S,T,2024-07-05,4000000.00,4.685032,99.88671875
08:00:34,91282CKY6,TSRYS5833261,D,S,T,2024-07-05,1000000.00,4.687123,99.8828125
08:00:34,91282CKY6,TSRYS5833261,D,S,T,2024-07-05,2000000.00,4.687123,99.8828125
08:00:34,91282CKY6,TSRYS5833261,D,S,T,2024-07-05,2000000.00,4.687123,99.8828125
08:00:34,91282CKY6,TSRYS5833261,D,S,T,2024-07-05,3000000.00,4.687123,99.8828125
08:00:34,91282CKY6,TSRYS5833261,D,S,T,2024-07-05,3000000.00,4.687123,99.8828125
08:00:34,91282CKY6,TSRYS5833261,D,S,T,2024-07-05,2000000.00,4.685032,99.88671875
08:00:34,91282CKY6,TSRYS5833261,D,S,T,2024-07-05,2000000.00,4.685032,99.88671875
08:00:34,91282CKY6,TSRYS5833261,D,S,T,2024-07-05,1000000.00,4.68294,99.890625
08:00:34,91282CKY6,TSRYS5833261,D,S,T,2024-07-05,1000000.00,4.683986,99.888671875
08:00:34,91282CKY6,TSRYS5833261,D,S,T,2024-07-05,1000000.00,4.683986,99.888671875
08:00:34,91282CKY6,TSRYS5833261,D,S,T,2024-07-05,1000000.00,4.683986,99.888671875
08:00:34,91282CKY6,TSRYS5833261,D,S,T,2024-07-05,1000000.00,4.683986,99.888671875
08:00:34,91282CKY6,TSRYS5833261,D,S,T,2024-07-05,1000000.00,4.68294,99.890625
08:00:34,91282CKY6,TSRYS5833261,D,S,T,2024-07-05,2000000.00,4.68294,99.890625
08:00:34,91282CKY6,TSRYS5833261,D,S,T,2024-07-05,2000000.00,4.68294,99.890625
08:00:34,91282CKY6,TSRYS5833261,D,S,T,2024-07-05,2000000.00,4.68294,99.890625
08:00:34,91282CKY6,TSRYS5833261,D,S,T,2024-07-05,2000000.00,4.68294,99.890625
08:00:34,91282CKY6,TSRYS5833261,D,S,T,2024-07-05,2000000.00,4.68294,99.890625
08:00:34,91282CKY6,TSRYS5833261,D,S,T,2024-07-05,2000000.00,4.68294,99.890625
08:00:34,91282CKY6,TSRYS5833261,D,S,T,2024-07-05,3000000.00,4.685032,99.88671875
08:00:34,91282CKY6,TSRYS5833261,D,S,T,2024-07-05,1000000.00,4.686077,99.884765625
08:00:34,91282CKY6,TSRYS5833261,D,S,T,2024-07-05,2000000.00,4.687123,99.8828125
08:00:34,91282CKY6,TSRYS5833261,D,S,T,2024-07-05,1000000.00,4.687123,99.8828125
08:00:34,91282CKY6,TSRYS5833261,D,S,T,2024-07-05,1000000.00,4.687123,99.8828125
08:00:34,91282CKY6,TSRYS5833261,D,S,T,2024-07-05,2000000.00,4.687123,99.8828125
08:00:34,91282CKY6,TSRYS5833261,D,S,T,2024-07-05,1000000.00,4.687123,99.8828125
08:00:34,91282CKY6,TSRYS5833261,D,S,T,2024-07-05,1000000.00,4.687123,99.8828125
08:00:34,91282CKY6,TSRYS5833261,D,S,T,2024-07-05,1000000.00,4.687123,99.8828125
08:00:34,91282CKY6,TSRYS5833261,D,S,T,2024-07-05,1000000.00,4.687123,99.8828125
08:00:34,91282CKY6,TSRYS5833261,D,S,T,2024-07-05,1000000.00,4.687123,99.8828125
08:00:34,91282CKY6,TSRYS5833261,D,S,T,2024-07-05,1000000.00,4.687123,99.8828125
08:00:34,91282CKY6,TSRYS5833261,D,S,T,2024-07-05,1000000.00,4.687123,99.8828125
08:00:34,91282CKY6,TSRYS5833261,D,S,T,2024-07-05,2000000.00,4.687123,99.8828125
08:00:34,91282CKY6,TSRYS5833261,D,S,T,2024-07-05,1000000.00,4.686077,99.884765625
08:00:34,91282CKY6,TSRYS5833261,D,S,T,2024-07-05,2000000.00,4.686077,99.884765625
08:00:34,91282CKY6,TSRYS5833261,D,S,T,2024-07-05,2000000.00,4.686077,99.884765625
08:00:34,91282CKY6,TSRYS5833261,D,S,T,2024-07-05,10000000.00,4.685032,99.88671875
08:00:34,91282CKY6,TSRYS5833261,D,S,T,2024-07-05,1000000.00,4.685032,99.88671875
08:00:34,91282CKY6,TSRYS5833261,D,S,T,2024-07-05,1000000.00,4.685032,99.88671875
08:00:34,91282CKY6,TSRYS5833261,D,S,T,2024-07-05,2000000.00,4.685032,99.88671875
08:00:34,91282CKY6,TSRYS5833261,D,S,T,2024-07-05,3000000.00,4.685032,99.88671875
08:00:34,91282CKY6,TSRYS5833261,D,S,T,2024-07-05,1000000.00,4.685032,99.88671875
08:00:34,91282CKY6,TSRYS5833261,D,S,T,2024-07-05,2000000.00,4.685032,99.88671875
08:00:34,91282CKY6,TSRYS5833261,D,S,T,2024-07-05,1000000.00,4.685032,99.88671875
08:00:34,91282CKY6,TSRYS5833261,D,S,T,2024-07-05,1000000.00,4.685032,99.88671875
08:00:34,91282CKY6,TSRYS5833261,D,S,T,2024-07-05,4000000.00,4.685032,99.88671875
08:00:34,91282CKY6,TSRYS5833261,D,S,T,2024-07-05,1000000.00,4.685032,99.88671875
08:00:34,91282CKY6,TSRYS5833261,D,S,T,2024-07-05,1000000.00,4.685032,99.88671875
08:00:34,91282CKY6,TSRYS5833261,D,S,T,2024-07-05,2000000.00,4.685032,99.88671875
08:00:34,91282CKY6,TSRYS5833261,D,S,T,2024-07-05,1000000.00,4.681894,99.892578125
08:00:34,91282CKY6,TSRYS5833261,D,S,T,2024-07-05,1000000.00,4.680848,99.89453125
08:00:34,91282CKY6,TSRYS5833261,D,S,T,2024-07-05,22000000.00,4.685032,99.88671875
08:00:34,91282CKY6,TSRYS5833261,D,S,T,2024-07-05,3000000.00,4.686077,99.884765625
08:00:34,91282CKY6,TSRYS5833261,D,S,T,2024-07-05,2000000.00,4.686077,99.884765625
08:00:34,91282CKY6,TSRYS5833261,D,S,T,2024-07-05,2000000.00,4.685032,99.88671875
08:00:34,91282CKY6,TSRYS5833261,D,S,T,2024-07-05,1000000.00,4.685032,99.88671875
08:00:34,91282CKY6,TSRYS5833261,D,S,T,2024-07-05,1000000.00,4.685032,99.88671875
08:00:34,91282CKY6,TSRYS5833261,D,S,T,2024-07-05,2000000.00,4.685032,99.88671875
08:00:34,91282CKY6,TSRYS5833261,D,S,T,2024-07-05,1000000.00,4.685032,99.88671875
08:00:34,91282CKY6,TSRYS5833261,D,S,T,2024-07-05,1000000.00,4.687123,99.8828125
08:00:34,91282CKY6,TSRYS5833261,D,S,T,2024-07-05,1000000.00,4.687123,99.8828125
08:00:34,91282CKY6,TSRYS5833261,D,S,T,2024-07-05,2000000.00,4.687123,99.8828125
08:00:34,91282CKY6,TSRYS5833261,D,S,T,2024-07-05,3000000.00,4.686077,99.884765625
08:00:34,91282CKY6,TSRYS5833261,D,S,T,2024-07-05,1000000.00,4.685032,99.88671875
08:00:34,91282CKY6,TSRYS5833261,D,S,T,2024-07-05,1000000.00,4.685032,99.88671875
08:00:34,91282CKY6,TSRYS5833261,D,S,T,2024-07-05,3000000.00,4.685032,99.88671875
08:00:34,91282CKY6,TSRYS5833261,D,S,T,2024-07-05,3000000.00,4.685032,99.88671875
08:00:34,91282CKY6,TSRYS5833261,D,S,T,2024-07-05,2000000.00,4.685032,99.88671875
08:00:34,91282CKY6,TSRYS5833261,D,S,T,2024-07-05,1000000.00,4.686077,99.884765625
08:00:34,91282CKY6,TSRYS5833261,D,S,T,2024-07-05,3000000.00,4.685032,99.88671875
08:00:34,91282CKY6,TSRYS5833261,D,S,T,2024-07-05,1000000.00,4.683986,99.888671875
08:00:34,91282CKY6,TSRYS5833261,D,S,T,2024-07-05,3000000.00,4.683986,99.888671875
08:00:34,91282CKY6,TSRYS5833261,D,S,T,2024-07-05,4000000.00,4.683986,99.888671875
08:00:34,91282CKY6,TSRYS5833261,D,S,T,2024-07-05,3000000.00,4.68294,99.890625
08:00:34,91282CKY6,TSRYS5833261,D,S,D,2024-07-05,1000000.00,4.714327,99.83203125
08:00:34,91282CKY6,TSRYS5833261,D,S,D,2024-07-05,3000000.00,4.703862,99.8515625
08:00:34,91282CKY6,TSRYS5833261,D,S,D,2024-07-05,3000000.00,4.693399,99.87109375
08:00:34,91282CKY6,TSRYS5833261,D,S,D,2024-07-05,1000000.00,4.686077,99.884765625
08:00:34,91282CKY6,TSRYS5833261,D,S,D,2024-07-05,2000000.00,4.686077,99.884765625
08:00:34,91282CKY6,TSRYS5833261,D,S,D,2024-07-05,3000000.00,4.686077,99.884765625
08:00:34,91282CKY6,TSRYS5833261,D,S,D,2024-07-05,3000000.00,4.681894,99.892578125
08:00:34,91282CKY6,TSRYS5833261,D,S,D,2024-07-05,3000000.00,4.683986,99.888671875
08:00:34,91282CKY6,TSRYS5833261,D,S,D,2024-07-05,1000000.00,4.681894,99.892578125
08:00:34,91282CKY6,TSRYS5833261,D,S,D,2024-07-05,1000000.00,4.681894,99.892578125
08:00:34,91282CKY6,TSRYS5833261,D,S,D,2024-07-05,1000000.00,4.681894,99.892578125
08:00:34,91282CKY6,TSRYS5833261,D,S,D,2024-07-05,1000000.00,4.681894,99.892578125
08:00:34,91282CKY6,TSRYS5833261,D,S,D,2024-07-05,1000000.00,4.681894,99.892578125
08:00:34,91282CKY6,TSRYS5833261,D,S,D,2024-07-05,1000000.00,4.681894,99.892578125
08:00:34,91282CKY6,TSRYS5833261,D,S,D,2024-07-05,2000000.00,4.681894,99.892578125
08:00:34,91282CKY6,TSRYS5833261,D,S,D,2024-07-05,1000000.00,4.681894,99.892578125
08:00:34,91282CKY6,TSRYS5833261,D,S,D,2024-07-05,5000000.00,4.681894,99.892578125
08:00:34,91282CKY6,TSRYS5833261,D,S,D,2024-07-05,1000000.00,4.681894,99.892578125
08:00:34,91282CKY6,TSRYS5833261,D,S,D,2024-07-05,1000000.00,4.681894,99.892578125
08:00:34,91282CKY6,TSRYS5833261,D,S,D,2024-07-05,4000000.00,4.681894,99.892578125
08:00:34,91282CKY6,TSRYS5833261,D,S,D,2024-07-05,1000000.00,4.686077,99.884765625
08:00:34,91282CKY6,TSRYS5833261,D,S,D,2024-07-05,1000000.00,4.687123,99.8828125
08:00:34,91282CKY6,TSRYS5833261,D,S,D,2024-07-05,3000000.00,4.687123,99.8828125
08:00:34,91282CKY6,TSRYS5833261,D,S,D,2024-07-05,3000000.00,4.686077,99.884765625
08:00:34,91282CKY6,TSRYS5833261,D,S,D,2024-07-05,4000000.00,4.686077,99.884765625
08:00:34,91282CKY6,TSRYS5833261,D,S,D,2024-07-05,3000000.00,4.683986,99.888671875
08:00:34,91282CKY6,TSRYS5833261,D,S,D,2024-07-05,4000000.00,4.68294,99.890625
08:00:34,91282CKY6,TSRYS5833261,D,S,D,2024-07-05,1000000.00,4.68294,99.890625
08:00:34,91282CKY6,TSRYS5833261,D,S,D,2024-07-05,3000000.00,4.686077,99.884765625
08:00:34,91282CKY6,TSRYS5833261,D,S,D,2024-07-05,3000000.00,4.693399,99.87109375
08:00:34,91282CKY6,TSRYS5833261,D,S,D,2024-07-05,5000000.00,4.683986,99.888671875
08:00:34,91282CKY6,TSRYS5833261,D,S,D,2024-07-05,1000000.00,4.686077,99.884765625
08:00:34,91282CKY6,TSRYS5833261,D,S,D,2024-07-05,1000000.00,4.686077,99.884765625
08:00:34,91282CKY6,TSRYS5833261,D,S,D,2024-07-05,1000000.00,4.68294,99.890625
08:00:34,91282CKY6,TSRYS5833261,D,S,D,2024-07-05,1000000.00,4.68294,99.890625
08:00:34,91282CKY6,TSRYS5833261,D,S,D,2024-07-05,1000000.00,4.68294,99.890625
08:00:34,91282CKY6,TSRYS5833261,D,S,D,2024-07-05,1000000.00,4.681894,99.892578125
08:00:34,91282CKY6,TSRYS5833261,D,S,D,2024-07-05,1000000.00,4.681894,99.892578125
08:00:34,91282CKY6,TSRYS5833261,D,S,D,2024-07-05,1000000.00,4.681894,99.892578125
08:00:34,91282CKY6,TSRYS5833261,D,S,D,2024-07-05,1000000.00,4.685032,99.88671875
08:00:34,91282CKY6,TSRYS5833261,D,S,D,2024-07-05,2000000.00,4.685032,99.88671875
08:00:34,91282CKY6,TSRYS5833261,D,S,D,2024-07-05,3000000.00,4.685032,99.88671875
08:00:34,91282CKY6,TSRYS5833261,D,S,D,2024-07-05,5000000.00,4.685032,99.88671875
08:00:34,91282CKY6,TSRYS5833261,D,S,D,2024-07-05,2000000.00,4.685032,99.88671875
08:00:34,91282CKY6,TSRYS5833261,D,S,D,2024-07-05,1000000.00,4.686077,99.884765625
08:00:34,91282CKY6,TSRYS5833261,D,S,T,2024-07-05,5000000.00,4.715373,99.830078125
08:00:34,91282CKY6,TSRYS5833261,D,S,T,2024-07-05,2000000.00,4.712233,99.8359375
08:00:34,91282CKY6,TSRYS5833261,D,S,T,2024-07-05,2000000.00,4.712233,99.8359375
08:00:34,91282CKY6,TSRYS5833261,D,S,T,2024-07-05,2000000.00,4.708047,99.84375
08:00:34,91282CKY6,TSRYS5833261,D,S,T,2024-07-05,2000000.00,4.708047,99.84375
08:00:34,91282CKY6,TSRYS5833261,D,S,T,2024-07-05,2000000.00,4.708047,99.84375
08:00:34,91282CKY6,TSRYS5833261,D,S,T,2024-07-05,2000000.00,4.693399,99.87109375
08:00:34,91282CKY6,TSRYS5833261,D,S,T,2024-07-05,1000000.00,4.693399,99.87109375
08:00:34,91282CKY6,TSRYS5833261,D,S,T,2024-07-05,2000000.00,4.693399,99.87109375
08:00:34,91282CKY6,TSRYS5833261,D,S,T,2024-07-05,3000000.00,4.688169,99.880859375
08:00:34,91282CKY6,TSRYS5833261,D,S,T,2024-07-05,2000000.00,4.688169,99.880859375
08:00:34,91282CKY6,TSRYS5833261,D,S,T,2024-07-05,1000000.00,4.688169,99.880859375
08:00:34,91282CKY6,TSRYS5833261,D,S,T,2024-07-05,1000000.00,4.688169,99.880859375
08:00:34,91282CKY6,TSRYS5833261,D,S,T,2024-07-05,3000000.00,4.688169,99.880859375
08:00:34,91282CKY6,TSRYS5833261,D,S,T,2024-07-05,2000000.00,4.688169,99.880859375
08:00:34,91282CKY6,TSRYS5833261,D,S,T,2024-07-05,3000000.00,4.688169,99.880859375
08:00:34,91282CKY6,TSRYS5833261,D,S,T,2024-07-05,3000000.00,4.688169,99.880859375
08:00:34,91282CKY6,TSRYS5833261,D,S,T,2024-07-05,3000000.00,4.690261,99.876953125
08:00:34,91282CKY6,TSRYS5833261,D,S,T,2024-07-05,3000000.00,4.690261,99.876953125
08:00:34,91282CKY6,TSRYS5833261,D,S,T,2024-07-05,2000000.00,4.690261,99.876953125
08:00:34,91282CKY6,TSRYS5833261,D,S,T,2024-07-05,2000000.00,4.690261,99.876953125
08:00:34,91282CKY6,TSRYS5833261,D,S,T,2024-07-05,1000000.00,4.690261,99.876953125
08:00:34,91282CKY6,TSRYS5833261,D,S,T,2024-07-05,2000000.00,4.690261,99.876953125
08:00:34,91282CKY6,TSRYS5833261,D,S,T,2024-07-05,2000000.00,4.690261,99.876953125
08:00:34,91282CKY6,TSRYS5833261,D,S,T,2024-07-05,3000000.00,4.690261,99.876953125
08:00:34,91282CKY6,TSRYS5833261,D,S,T,2024-07-05,3000000.00,4.690261,99.876953125
08:00:34,91282CKY6,TSRYS5833261,D,S,T,2024-07-05,2000000.00,4.690261,99.876953125
08:00:34,91282CKY6,TSRYS5833261,D,S,T,2024-07-05,1000000.00,4.688169,99.880859375
08:00:34,91282CKY6,TSRYS5833261,D,S,T,2024-07-05,1000000.00,4.688169,99.880859375
08:00:34,91282CKY6,TSRYS5833261,D,S,T,2024-07-05,1000000.00,4.686077,99.884765625
08:00:34,91282CKY6,TSRYS5833261,D,S,T,2024-07-05,2000000.00,4.686077,99.884765625
08:00:34,91282CKY6,TSRYS5833261,D,S,T,2024-07-05,3000000.00,4.686077,99.884765625
08:00:34,91282CKY6,TSRYS5833261,D,S,T,2024-07-05,1000000.00,4.683986,99.888671875
08:00:34,91282CKY6,TSRYS5833261,D,S,T,2024-07-05,1000000.00,4.683986,99.888671875
08:00:34,91282CKY6,TSRYS5833261,D,S,T,2024-07-05,1000000.00,4.683986,99.888671875
08:00:34,91282CKY6,TSRYS5833261,D,S,T,2024-07-05,1000000.00,4.687123,99.8828125
08:00:34,91282CKY6,TSRYS5833261,D,S,T,2024-07-05,3000000.00,4.686077,99.884765625
08:00:34,91282CKY6,TSRYS5833261,D,S,T,2024-07-05,1000000.00,4.686077,99.884765625
08:00:34,91282CKY6,TSRYS5833261,D,S,T,2024-07-05,1000000.00,4.686077,99.884765625
08:00:34,91282CKY6,TSRYS5833261,D,S,T,2024-07-05,3000000.00,4.686077,99.884765625
08:00:34,91282CKY6,TSRYS5833261,D,S,T,2024-07-05,1000000.00,4.686077,99.884765625
08:00:34,91282CKY6,TSRYS5833261,D,S,T,2024-07-05,3000000.00,4.686077,99.884765625
08:00:34,91282CKY6,TSRYS5833261,D,S,T,2024-07-05,2000000.00,4.686077,99.884765625
08:00:34,91282CKY6,TSRYS5833261,D,S,T,2024-07-05,1000000.00,4.679802,99.896484375
08:00:34,91282CKY6,TSRYS5833261,D,S,T,2024-07-05,1000000.00,4.680848,99.89453125
08:00:34,91282CKY6,TSRYS5833261,D,S,T,2024-07-05,1000000.00,4.680848,99.89453125
08:00:34,91282CKY6,TSRYS5833261,D,S,T,2024-07-05,3000000.00,4.681894,99.892578125
08:00:34,91282CKY6,TSRYS5833261,D,S,T,2024-07-05,3000000.00,4.681894,99.892578125
08:00:34,91282CKY6,TSRYS5833261,D,S,T,2024-07-05,3000000.00,4.681894,99.892578125
08:00:34,91282CKY6,TSRYS5833261,D,S,T,2024-07-05,2000000.00,4.681894,99.892578125
08:00:34,91282CKY6,TSRYS5833261,D,S,T,2024-07-05,1000000.00,4.681894,99.892578125
08:00:34,91282CKY6,TSRYS5833261,D,S,T,2024-07-05,1000000.00,4.685032,99.88671875
08:00:34,91282CKY6,TSRYS5833261,D,S,T,2024-07-05,1000000.00,4.683986,99.888671875
08:00:34,91282CKY6,TSRYS5833261,D,S,T,2024-07-05,1000000.00,4.683986,99.888671875
08:00:34,91282CKY6,TSRYS5833261,D,S,T,2024-07-05,1000000.00,4.683986,99.888671875
08:00:34,91282CKY6,TSRYS5833261,D,S,T,2024-07-05,1000000.00,4.681894,99.892578125
08:00:34,91282CKY6,TSRYS5833261,D,S,T,2024-07-05,1000000.00,4.681894,99.892578125
08:00:34,91282CKY6,TSRYS5833261,D,S,T,2024-07-05,1000000.00,4.681894,99.892578125
08:00:34,91282CKY6,TSRYS5833261,D,S,T,2024-07-05,1000000.00,4.681894,99.892578125
08:00:34,91282CKY6,TSRYS5833261,D,S,T,2024-07-05,1000000.00,4.681894,99.892578125
08:00:34,91282CKY6,TSRYS5833261,D,S,T,2024-07-05,1000000.00,4.681894,99.892578125
08:00:34,91282CKY6,TSRYS5833261,D,S,T,2024-07-05,1000000.00,4.681894,99.892578125
08:00:34,91282CKY6,TSRYS5833261,D,S,T,2024-07-05,1000000.00,4.681894,99.892578125
08:00:34,91282CKY6,TSRYS5833261,D,S,T,2024-07-05,1000000.00,4.681894,99.892578125
08:00:34,91282CKY6,TSRYS5833261,D,S,T,2024-07-05,1000000.00,4.681894,99.892578125
08:00:34,91282CKY6,TSRYS5833261,D,S,T,2024-07-05,1000000.00,4.681894,99.892578125
08:00:34,91282CKY6,TSRYS5833261,D,S,T,2024-07-05,1000000.00,4.681894,99.892578125
08:00:34,91282CKY6,TSRYS5833261,D,S,T,2024-07-05,1000000.00,4.681894,99.892578125
08:00:34,91282CKY6,TSRYS5833261,D,S,T,2024-07-05,4000000.00,4.685032,99.88671875
08:00:34,91282CKY6,TSRYS5833261,D,S,T,2024-07-05,1000000.00,4.685032,99.88671875
08:00:34,91282CKY6,TSRYS5833261,D,S,T,2024-07-05,3000000.00,4.68294,99.890625
08:00:34,91282CKY6,TSRYS5833261,D,S,T,2024-07-05,2000000.00,4.68294,99.890625
08:00:34,91282CKY6,TSRYS5833261,D,S,T,2024-07-05,1000000.00,4.681894,99.892578125
08:00:34,91282CKY6,TSRYS5833261,D,S,T,2024-07-05,2000000.00,4.681894,99.892578125
08:00:34,91282CKY6,TSRYS5833261,D,S,T,2024-07-05,4000000.00,4.680848,99.89453125
08:00:34,91282CKY6,TSRYS5833261,D,S,T,2024-07-05,2000000.00,4.681894,99.892578125
08:00:34,91282CKY6,TSRYS5833261,D,S,T,2024-07-05,3000000.00,4.681894,99.892578125
08:00:34,91282CKY6,TSRYS5833261,D,S,T,2024-07-05,5000000.00,4.681894,99.892578125
08:00:34,91282CKY6,TSRYS5833261,D,S,T,2024-07-05,1000000.00,4.681894,99.892578125
08:00:34,91282CKY6,TSRYS5833261,D,S,T,2024-07-05,1000000.00,4.681894,99.892578125
08:00:34,91282CKY6,TSRYS5833261,D,S,T,2024-07-05,2000000.00,4.686077,99.884765625
08:00:34,91282CKY6,TSRYS5833261,D,S,T,2024-07-05,4000000.00,4.686077,99.884765625
08:00:34,91282CKY6,TSRYS5833261,D,S,T,2024-07-05,2000000.00,4.686077,99.884765625
08:00:34,91282CKY6,TSRYS5833261,D,S,T,2024-07-05,4000000.00,4.687123,99.8828125
08:00:34,91282CKY6,TSRYS5833261,D,S,T,2024-07-05,1000000.00,4.687123,99.8828125
08:00:34,91282CKY6,TSRYS5833261,D,S,T,2024-07-05,4000000.00,4.687123,99.8828125
08:00:34,91282CKY6,TSRYS5833261,D,S,T,2024-07-05,1000000.00,4.687123,99.8828125
08:00:34,91282CKY6,TSRYS5833261,D,S,T,2024-07-05,1000000.00,4.687123,99.8828125
08:00:34,91282CKY6,TSRYS5833261,D,S,T,2024-07-05,1000000.00,4.687123,99.8828125
08:00:34,91282CKY6,TSRYS5833261,D,S,T,2024-07-05,1000000.00,4.687123,99.8828125
08:00:34,91282CKY6,TSRYS5833261,D,S,T,2024-07-05,1000000.00,4.686077,99.884765625
08:00:34,91282CKY6,TSRYS5833261,D,S,T,2024-07-05,2000000.00,4.686077,99.884765625
08:00:34,91282CKY6,TSRYS5833261,D,S,T,2024-07-05,4000000.00,4.686077,99.884765625
08:00:34,91282CKY6,TSRYS5833261,D,S,T,2024-07-05,3000000.00,4.686077,99.884765625
08:00:34,91282CKY6,TSRYS5833261,D,S,T,2024-07-05,4000000.00,4.686077,99.884765625
08:00:34,91282CKY6,TSRYS5833261,D,S,T,2024-07-05,5000000.00,4.685032,99.88671875
08:00:34,91282CKY6,TSRYS5833261,D,S,T,2024-07-05,5000000.00,4.685032,99.88671875
08:00:34,91282CKY6,TSRYS5833261,D,S,T,2024-07-05,4000000.00,4.683986,99.888671875
08:00:34,91282CKY6,TSRYS5833261,D,S,T,2024-07-05,4000000.00,4.683986,99.888671875
08:00:34,91282CKY6,TSRYS5833261,D,S,T,2024-07-05,3000000.00,4.685032,99.88671875
08:00:34,91282CKY6,TSRYS5833261,D,S,T,2024-07-05,3000000.00,4.68294,99.890625
08:00:34,91282CKY6,TSRYS5833261,D,S,T,2024-07-05,3000000.00,4.686077,99.884765625
08:00:34,91282CKY6,TSRYS5833261,D,S,T,2024-07-05,2000000.00,4.686077,99.884765625
08:00:34,91282CKY6,TSRYS5833261,D,B,C,2024-07-05,700000.00,4.703862,99.8515625
08:00:34,91282CKY6,TSRYS5833261,D,S,C,2024-07-05,2500000.00,4.693399,99.87109375
08:00:34,91282CKY6,TSRYS5833261,D,S,D,2024-07-05,2000000.00,4.690261,99.876953125
08:00:38,91282CKY6,TSRYS5833261,D,S,T,2024-07-05,1000000.00,4.691307,99.875
08:00:39,91282CKY6,TSRYS5833261,D,S,T,2024-07-05,3000000.00,4.686077,99.884765625
08:00:42,91282CKY6,TSRYS5833261,D,S,T,2024-07-05,1000000.00,4.689215,99.87890625
08:00:42,91282CKY6,TSRYS5833261,D,B,A,2024-07-05,3000000.00,4.693399,99.871094
08:00:42,91282CKY6,TSRYS5833261,D,B,A,2024-07-05,3000000.00,4.693399,99.871094
08:00:42,91282CKY6,TSRYS5833261,D,B,A,2024-07-05,1000000.00,4.693399,99.871094
08:00:42,91282CKY6,TSRYS5833261,D,S,T,2024-07-05,1000000.00,4.693399,99.87109375
08:00:42,91282CKY6,TSRYS5833261,D,S,T,2024-07-05,1000000.00,4.693399,99.87109375
08:00:42,91282CKY6,TSRYS5833261,D,S,T,2024-07-05,1000000.00,4.693399,99.87109375
08:00:42,91282CKY6,TSRYS5833261,D,S,T,2024-07-05,1000000.00,4.693399,99.87109375
08:00:42,91282CKY6,TSRYS5833261,D,S,T,2024-07-05,1000000.00,4.693399,99.87109375
08:00:42,91282CKY6,TSRYS5833261,D,S,T,2024-07-05,1000000.00,4.693399,99.87109375
08:00:42,91282CKY6,TSRYS5833261,D,S,T,2024-07-05,2000000.00,4.692353,99.873046875
08:00:42,91282CKY6,TSRYS5833261,D,S,T,2024-07-05,1000000.00,4.692353,99.873046875
08:00:42,91282CKY6,TSRYS5833261,D,S,T,2024-07-05,1000000.00,4.692353,99.873046875
08:00:42,91282CKY6,TSRYS5833261,D,S,T,2024-07-05,1000000.00,4.692353,99.873046875
08:00:42,91282CKY6,TSRYS5833261,D,S,T,2024-07-05,1000000.00,4.692353,99.873046875
08:00:42,91282CKY6,TSRYS5833261,D,S,T,2024-07-05,1000000.00,4.692353,99.873046875
08:00:42,91282CKY6,TSRYS5833261,D,S,T,2024-07-05,1000000.00,4.689215,99.87890625
08:00:42,91282CKY6,TSRYS5833261,D,S,T,2024-07-05,1000000.00,4.689215,99.87890625
08:00:42,91282CKY6,TSRYS5833261,D,S,T,2024-07-05,1000000.00,4.688169,99.880859375
08:00:42,91282CKY6,TSRYS5833261,D,S,T,2024-07-05,1000000.00,4.688169,99.880859375
08:00:42,91282CKY6,TSRYS5833261,D,S,T,2024-07-05,1000000.00,4.688169,99.880859375
08:00:42,91282CKY6,TSRYS5833261,D,S,T,2024-07-05,1000000.00,4.688169,99.880859375
08:00:42,91282CKY6,TSRYS5833261,D,S,T,2024-07-05,1000000.00,4.688169,99.880859375
08:00:44,91282CKY6,TSRYS5833261,D,S,D,2024-07-05,1000000.00,4.686077,99.884765625
08:00:44,91282CKY6,TSRYS5833261,D,S,D,2024-07-05,1000000.00,4.686077,99.884765625
08:00:44,91282CKY6,TSRYS5833261,D,S,D,2024-07-05,2000000.00,4.686077,99.884765625
08:00:45,91282CKY6,TSRYS5833261,D,S,D,2024-07-05,3000000.00,4.686077,99.884765625
08:00:46,91282CKY6,TSRYS5833261,D,S,T,2024-07-05,1000000.00,4.687123,99.8828125
08:00:46,91282CKY6,TSRYS5833261,D,S,D,2024-07-05,3000000.00,4.687123,99.8828125
08:00:47,91282CKY6,TSRYS5833261,D,S,T,2024-07-05,4000000.00,4.685032,99.88671875
08:00:47,91282CKY6,TSRYS5833261,D,S,D,2024-07-05,1000000.00,4.686077,99.884765625
08:00:47,91282CKY6,TSRYS5833261,D,S,D,2024-07-05,3000000.00,4.686077,99.884765625
08:00:47,91282CKY6,TSRYS5833261,D,S,T,2024-07-05,1000000.00,4.689179,99.87890625
08:00:47,91282CKY6,TSRYS5833261,D,S,D,2024-07-05,11306000.00,4.689179,99.87890625
08:00:47,91282CKY6,TSRYS5833261,D,S,C,2024-07-05,1000000.00,4.691263,99.875
08:00:47,91282CKY6,TSRYS5833261,D,S,C,2024-07-05,50000.00,4.689229,99.87890625
08:00:47,91282CKY6,TSRYS5833261,D,S,T,2024-07-05,1000000.00,4.695431,99.8671875
08:00:47,91282CKY6,TSRYS5833261,D,S,D,2024-07-05,2000000.00,4.685032,99.88671875
08:00:47,91282CKY6,TSRYS5833261,D,S,T,2024-07-05,1000000.00,4.697516,99.86328125
08:00:47,91282CKY6,TSRYS5833261,D,S,T,2024-07-05,1000000.00,4.697516,99.86328125
08:00:47,91282CKY6,TSRYS5833261,D,S,T,2024-07-05,1000000.00,4.697516,99.86328125
08:00:47,91282CKY6,TSRYS5833261,D,S,T,2024-07-05,15000000.00,4.697516,99.86328125
08:00:47,91282CKY6,TSRYS5833261,D,S,T,2024-07-05,3000000.00,4.697516,99.86328125
08:00:47,91282CKY6,TSRYS5833261,D,S,T,2024-07-05,2000000.00,4.697516,99.86328125
08:00:47,91282CKY6,TSRYS5833261,D,S,T,2024-07-05,5000000.00,4.697516,99.86328125
08:00:47,91282CKY6,TSRYS5833261,D,S,T,2024-07-05,1000000.00,4.697516,99.86328125
08:00:47,91282CKY6,TSRYS5833261,D,S,T,2024-07-05,1000000.00,4.697516,99.86328125
08:00:47,91282CKY6,TSRYS5833261,D,S,T,2024-07-05,1000000.00,4.6996,99.859375
08:00:47,91282CKY6,TSRYS5833261,D,S,T,2024-07-05,2000000.00,4.6996,99.859375
08:00:47,91282CKY6,TSRYS5833261,D,S,T,2024-07-05,1000000.00,4.6996,99.859375
08:00:47,91282CKY6,TSRYS5833261,D,S,T,2024-07-05,1000000.00,4.6996,99.859375
08:00:47,91282CKY6,TSRYS5833261,D,S,T,2024-07-05,1000000.00,4.6996,99.859375
08:00:47,91282CKY6,TSRYS5833261,D,S,T,2024-07-05,1000000.00,4.6996,99.859375
08:00:47,91282CKY6,TSRYS5833261,D,S,T,2024-07-05,1000000.00,4.6996,99.859375
08:00:47,91282CKY6,TSRYS5833261,D,S,T,2024-07-05,13000000.00,4.6996,99.859375
08:00:47,91282CKY6,TSRYS5833261,D,S,T,2024-07-05,5550000.00,4.691263,99.875
08:00:47,91282CKY6,TSRYS5833261,D,S,T,2024-07-05,1000000.00,4.6996,99.859375
08:00:47,91282CKY6,TSRYS5833261,D,S,T,2024-07-05,3000000.00,4.6996,99.859375
08:00:47,91282CKY6,TSRYS5833261,D,S,T,2024-07-05,2000000.00,4.6996,99.859375
08:00:47,91282CKY6,TSRYS5833261,D,S,T,2024-07-05,2000000.00,4.6996,99.859375
08:00:47,91282CKY6,TSRYS5833261,D,S,T,2024-07-05,3000000.00,4.6996,99.859375
08:00:47,91282CKY6,TSRYS5833261,D,S,T,2024-07-05,1000000.00,4.6996,99.859375
08:00:47,91282CKY6,TSRYS5833261,D,S,T,2024-07-05,1000000.00,4.6996,99.859375
08:00:47,91282CKY6,TSRYS5833261,D,S,T,2024-07-05,3000000.00,4.6996,99.859375
08:00:47,91282CKY6,TSRYS5833261,D,S,T,2024-07-05,1000000.00,4.6996,99.859375
08:00:47,91282CKY6,TSRYS5833261,D,S,T,2024-07-05,1000000.00,4.6996,99.859375
08:00:47,91282CKY6,TSRYS5833261,D,S,D,2024-07-05,3500000.00,4.697516,99.86328125
08:00:47,91282CKY6,TSRYS5833261,D,S,T,2024-07-05,1000000.00,4.697516,99.86328125
08:00:47,91282CKY6,TSRYS5833261,D,S,T,2024-07-05,1000000.00,4.697516,99.86328125
08:00:47,91282CKY6,TSRYS5833261,D,S,T,2024-07-05,7000000.00,4.697516,99.86328125
08:00:47,91282CKY6,TSRYS5833261,D,S,T,2024-07-05,1000000.00,4.697516,99.86328125
08:00:47,91282CKY6,TSRYS5833261,D,S,T,2024-07-05,1000000.00,4.697516,99.86328125
08:00:47,91282CKY6,TSRYS5833261,D,S,T,2024-07-05,1000000.00,4.697516,99.86328125
08:00:47,91282CKY6,TSRYS5833261,D,S,T,2024-07-05,1000000.00,4.697516,99.86328125
08:00:47,91282CKY6,TSRYS5833261,D,S,T,2024-07-05,3000000.00,4.697516,99.86328125
08:00:47,91282CKY6,TSRYS5833261,D,S,T,2024-07-05,2000000.00,4.697516,99.86328125
08:00:47,91282CKY6,TSRYS5833261,D,S,T,2024-07-05,2000000.00,4.697516,99.86328125
08:00:47,91282CKY6,TSRYS5833261,D,S,T,2024-07-05,4000000.00,4.697516,99.86328125
08:00:47,91282CKY6,TSRYS5833261,D,S,T,2024-07-05,1000000.00,4.697516,99.86328125
08:00:47,91282CKY6,TSRYS5833261,D,S,T,2024-07-05,1000000.00,4.697516,99.86328125
08:00:47,91282CKY6,TSRYS5833261,D,S,T,2024-07-05,8000000.00,4.697516,99.86328125
08:00:47,91282CKY6,TSRYS5833261,D,S,D,2024-07-05,1000000.00,4.685032,99.88671875
08:00:47,91282CKY6,TSRYS5833261,D,S,D,2024-07-05,2000000.00,4.685032,99.88671875
08:00:47,91282CKY6,TSRYS5833261,D,S,C,2024-07-05,150500000.00,4.6996,99.859375
08:00:47,91282CKY6,TSRYS5833261,D,S,D,2024-07-05,1460000.00,4.70294,99.853115625
08:00:47,91282CKY6,TSRYS5833261,D,S,T,2024-07-05,1000000.00,4.703769,99.8515625
08:00:48,91282CKY6,TSRYS5833261,D,S,T,2024-07-05,1000000.00,4.688169,99.880859375
08:00:48,91282CKY6,TSRYS5833261,D,S,T,2024-07-05,1000000.00,4.703769,99.8515625
08:00:48,91282CKY6,TSRYS5833261,D,S,T,2024-07-05,5550000.00,4.691263,99.875
08:00:48,91282CKY6,TSRYS5833261,D,S,D,2024-07-05,735000.00,4.703769,99.8515625
08:00:48,91282CKY6,TSRYS5833261,D,S,D,2024-07-05,60000.00,4.703769,99.8515625
08:00:48,91282CKY6,TSRYS5833261,D,S,T,2024-07-05,1000000.00,4.702727,99.853515625
08:00:48,91282CKY6,TSRYS5833261,D,S,T,2024-07-05,1000000.00,4.702727,99.853515625
08:00:48,91282CKY6,TSRYS5833261,D,S,T,2024-07-05,1000000.00,4.701685,99.85546875
08:00:48,91282CKY6,TSRYS5833261,D,S,D,2024-07-05,100000.00,4.701685,99.85546875
08:00:48,91282CKY6,TSRYS5833261,D,S,T,2024-07-05,1000000.00,4.702727,99.853515625
08:00:48,91282CKY6,TSRYS5833261,D,S,D,2024-07-05,25000000.00,,99.8515625
08:00:48,91282CKY6,TSRYS5833261,D,S,D,2024-07-05,1000000.00,4.681894,99.892578125
08:00:48,91282CKY6,TSRYS5833261,D,S,D,2024-07-05,2000000.00,4.681894,99.892578125
08:00:48,91282CKY6,TSRYS5833261,D,S,T,2024-07-05,1000000.00,4.707938,99.84375
08:00:48,91282CKY6,TSRYS5833261,D,S,T,2024-07-05,1000000.00,4.707938,99.84375
08:00:48,91282CKY6,TSRYS5833261,D,S,D,2024-07-05,1000000.00,4.705854,99.84765625
08:00:48,91282CKY6,TSRYS5833261,D,S,C,2024-07-05,250000000.00,4.703216,99.852598
08:00:48,91282CKY6,TSRYS5833261,D,S,C,2024-07-05,100000000.00,4.702765,99.8534437
08:00:48,91282CKY6,TSRYS5833261,D,S,D,2024-07-05,3000000.00,4.681894,99.892578125
08:00:48,91282CKY6,TSRYS5833261,D,S,D,2024-07-05,1000000.00,4.70377,99.85156
08:00:48,91282CKY6,TSRYS5833261,D,S,C,2024-07-05,96300000.00,4.706081,99.8472298
08:00:48,91282CKY6,TSRYS5833261,D,S,A,2024-07-05,20000000.00,4.691307,99.875
08:00:48,91282CKY6,TSRYS5833261,D,B,A,2024-07-05,835000.00,4.708047,99.84375
08:00:48,91282CKY6,TSRYS5833261,D,B,A,2024-07-05,350000.00,4.703894,99.8515625
08:00:48,91282CKY6,TSRYS5833261,D,S,T,2024-07-05,1000000.00,4.703862,99.8515625
08:00:48,91282CKY6,TSRYS5833261,D,S,C,2024-07-05,5100000.00,4.703862,99.8515625
08:00:48,91282CKY6,TSRYS5833261,D,S,A,2024-07-05,7100000.00,4.701769,99.85546875
08:00:49,91282CKY6,TSRYS5833261,D,B,C,2024-07-05,272000.00,4.699676,99.859375
08:00:49,91282CKY6,TSRYS5833261,D,S,A,2024-07-05,20000000.00,4.697584,99.86328125
08:00:49,91282CKY6,TSRYS5833261,D,S,A,2024-07-05,20000000.00,4.697584,99.86328125
08:00:49,91282CKY6,TSRYS5833261,D,S,T,2024-07-05,1000000.00,4.692353,99.873046875
08:00:49,91282CKY6,TSRYS5833261,D,S,T,2024-07-05,1000000.00,4.693399,99.87109375
08:00:49,91282CKY6,TSRYS5833261,D,S,T,2024-07-05,1000000.00,4.691307,99.875
08:00:49,91282CKY6,TSRYS5833261,D,S,T,2024-07-05,1000000.00,4.692353,99.873046875
08:00:49,91282CKY6,TSRYS5833261,D,S,T,2024-07-05,1000000.00,4.693399,99.87109375
08:00:49,91282CKY6,TSRYS5833261,D,S,T,2024-07-05,1000000.00,4.692353,99.873046875
08:00:49,91282CKY6,TSRYS5833261,D,S,T,2024-07-05,1000000.00,4.693399,99.87109375
08:00:49,91282CKY6,TSRYS5833261,D,S,T,2024-07-05,1000000.00,4.693399,99.87109375
08:00:49,91282CKY6,TSRYS5833261,D,S,T,2024-07-05,1000000.00,4.693399,99.87109375
08:00:49,91282CKY6,TSRYS5833261,D,S,T,2024-07-05,1000000.00,4.693399,99.87109375
08:00:49,91282CKY6,TSRYS5833261,D,S,T,2024-07-05,1000000.00,4.693399,99.87109375
08:00:49,91282CKY6,TSRYS5833261,D,S,T,2024-07-05,3000000.00,4.693399,99.87109375
08:00:49,91282CKY6,TSRYS5833261,D,S,T,2024-07-05,1000000.00,4.693399,99.87109375
08:00:49,91282CKY6,TSRYS5833261,D,S,T,2024-07-05,1000000.00,4.692353,99.873046875
08:00:49,91282CKY6,TSRYS5833261,D,S,T,2024-07-05,1000000.00,4.693399,99.87109375
08:00:49,91282CKY6,TSRYS5833261,D,S,T,2024-07-05,1000000.00,4.693399,99.87109375
08:00:49,91282CKY6,TSRYS5833261,D,S,T,2024-07-05,4000000.00,4.691307,99.875
08:00:49,91282CKY6,TSRYS5833261,D,S,T,2024-07-05,2000000.00,4.693399,99.87109375
08:00:49,91282CKY6,TSRYS5833261,D,S,T,2024-07-05,1000000.00,4.693399,99.87109375
08:00:49,91282CKY6,TSRYS5833261,D,S,T,2024-07-05,1000000.00,4.693399,99.87109375
08:00:49,91282CKY6,TSRYS5833261,D,S,T,2024-07-05,12000000.00,4.693399,99.87109375
08:00:49,91282CKY6,TSRYS5833261,D,S,T,2024-07-05,2000000.00,4.690261,99.876953125
08:00:49,91282CKY6,TSRYS5833261,D,S,T,2024-07-05,1000000.00,4.693399,99.87109375
08:00:49,91282CKY6,TSRYS5833261,D,S,T,2024-07-05,1000000.00,4.693399,99.87109375
08:00:49,91282CKY6,TSRYS5833261,D,S,T,2024-07-05,1000000.00,4.693399,99.87109375
08:00:49,91282CKY6,TSRYS5833261,D,S,T,2024-07-05,7000000.00,4.692353,99.873046875
08:00:49,91282CKY6,TSRYS5833261,D,S,T,2024-07-05,1000000.00,4.693399,99.87109375
08:00:49,91282CKY6,TSRYS5833261,D,S,T,2024-07-05,1000000.00,4.693399,99.87109375
08:00:49,91282CKY6,TSRYS5833261,D,S,T,2024-07-05,1000000.00,4.693399,99.87109375
08:00:49,91282CKY6,TSRYS5833261,D,S,T,2024-07-05,1000000.00,4.693399,99.87109375
08:00:49,91282CKY6,TSRYS5833261,D,S,T,2024-07-05,1000000.00,4.693399,99.87109375
08:00:52,91282CKY6,TSRYS5833261,D,S,T,2024-07-05,8000000.00,4.693399,99.87109375
08:00:52,91282CKY6,TSRYS5833261,D,S,T,2024-07-05,4000000.00,4.693399,99.87109375
08:00:52,91282CKY6,TSRYS5833261,D,S,T,2024-07-05,1000000.00,4.693399,99.87109375
08:00:52,91282CKY6,TSRYS5833261,D,S,T,2024-07-05,1000000.00,4.693399,99.87109375
08:00:52,91282CKY6,TSRYS5833261,D,S,T,2024-07-05,1000000.00,4.693399,99.87109375
08:00:52,91282CKY6,TSRYS5833261,D,S,T,2024-07-05,1000000.00,4.693399,99.87109375
08:00:52,91282CKY6,TSRYS5833261,D,S,T,2024-07-05,1000000.00,4.693399,99.87109375
08:00:52,91282CKY6,TSRYS5833261,D,S,T,2024-07-05,1000000.00,4.693399,99.87109375
08:00:52,91282CKY6,TSRYS5833261,D,S,T,2024-07-05,1000000.00,4.693399,99.87109375
08:00:52,91282CKY6,TSRYS5833261,D,S,T,2024-07-05,1000000.00,4.693399,99.87109375
08:00:52,91282CKY6,TSRYS5833261,D,S,T,2024-07-05,1000000.00,4.693399,99.87109375
08:00:52,91282CKY6,TSRYS5833261,D,S,T,2024-07-05,10000000.00,4.693399,99.87109375
08:00:52,91282CKY6,TSRYS5833261,D,S,T,2024-07-05,2000000.00,4.693399,99.87109375
08:00:52,91282CKY6,TSRYS5833261,D,S,T,2024-07-05,1000000.00,4.693399,99.87109375
08:00:52,91282CKY6,TSRYS5833261,D,S,T,2024-07-05,2000000.00,4.693399,99.87109375
08:00:52,91282CKY6,TSRYS5833261,D,S,T,2024-07-05,2000000.00,4.693399,99.87109375
08:00:52,91282CKY6,TSRYS5833261,D,S,T,2024-07-05,1000000.00,4.693399,99.87109375
08:00:52,91282CKY6,TSRYS5833261,D,S,T,2024-07-05,2000000.00,4.693399,99.87109375
08:00:52,91282CKY6,TSRYS5833261,D,S,T,2024-07-05,1000000.00,4.693399,99.87109375
08:00:52,91282CKY6,TSRYS5833261,D,S,T,2024-07-05,2000000.00,4.693399,99.87109375
08:00:52,91282CKY6,TSRYS5833261,D,S,T,2024-07-05,1000000.00,4.693399,99.87109375
08:00:52,91282CKY6,TSRYS5833261,D,S,T,2024-07-05,2000000.00,4.693399,99.87109375
08:00:52,91282CKY6,TSRYS5833261,D,B,A,2024-07-05,400000.00,4.693399,99.87109375
08:00:52,91282CKY6,TSRYS5833261,D,B,A,2024-07-05,2500000.00,4.693399,99.87109375
08:00:52,91282CKY6,TSRYS5833261,D,S,T,2024-07-05,1000000.00,4.688169,99.880859375
08:00:52,91282CKY6,TSRYS5833261,D,S,C,2024-07-05,1600000.00,4.689215,99.87890625
08:00:52,91282CKY6,TSRYS5833261,D,S,C,2024-07-05,98100000.00,4.68294,99.890625
08:00:52,91282CKY6,TSRYS5833261,D,B,C,2024-07-05,232000.00,4.687123,99.8828125
08:00:52,91282CKY6,TSRYS5833261,D,B,C,2024-07-05,245000.00,4.687123,99.8828125
08:00:52,91282CKY6,TSRYS5833261,D,S,C,2024-07-05,6000000.00,4.687123,99.8828125
08:00:52,91282CKY6,TSRYS5833261,D,B,C,2024-07-05,3500000.00,4.68294,99.890625
08:00:52,91282CKY6,TSRYS5833261,D,B,A,2024-07-05,5000000.00,4.685032,99.88671875
08:00:52,91282CKY6,TSRYS5833261,D,S,D,2024-07-05,5000000.00,4.687216,99.88264
08:00:52,91282CKY6,TSRYS5833261,D,S,A,2024-07-05,2410000.00,4.685032,99.88671875
08:00:52,91282CKY6,TSRYS5833261,D,S,T,2024-07-05,1000000.00,4.686077,99.884765625
08:00:52,91282CKY6,TSRYS5833261,D,S,T,2024-07-05,1000000.00,4.686077,99.884765625
08:00:52,91282CKY6,TSRYS5833261,D,S,A,2024-07-05,1000000.00,4.68294,99.890625
08:00:52,91282CKY6,TSRYS5833261,D,S,A,2024-07-05,1000000.00,4.685032,99.88671875
08:00:52,91282CKY6,TSRYS5833261,D,S,A,2024-07-05,2000000.00,4.685032,99.88671875
08:00:52,91282CKY6,TSRYS5833261,D,S,A,2024-07-05,1000000.00,4.685032,99.88671875
08:00:52,91282CKY6,TSRYS5833261,D,S,T,2024-07-05,1000000.00,4.685032,99.88671875
08:00:52,91282CKY6,TSRYS5833261,D,S,T,2024-07-05,1000000.00,4.685032,99.88671875
08:00:52,91282CKY6,TSRYS5833261,D,S,T,2024-07-05,1000000.00,4.685032,99.88671875
08:00:52,91282CKY6,TSRYS5833261,D,S,D,2024-07-05,23000000.00,4.687123,99.8828125
08:00:52,91282CKY6,TSRYS5833261,D,S,T,2024-07-05,1000000.00,4.685032,99.88671875
08:00:52,91282CKY6,TSRYS5833261,D,S,C,2024-07-05,100000.00,4.68294,99.890625
08:00:52,91282CKY6,TSRYS5833261,D,S,D,2024-07-05,80000000.00,4.683762,99.88909
08:00:52,91282CKY6,TSRYS5833261,D,S,T,2024-07-05,1000000.00,4.685032,99.88671875
08:00:52,91282CKY6,TSRYS5833261,D,S,T,2024-07-05,1000000.00,4.685032,99.88671875
08:00:52,91282CKY6,TSRYS5833261,D,S,T,2024-07-05,1000000.00,4.685032,99.88671875
08:00:52,91282CKY6,TSRYS5833261,D,S,T,2024-07-05,1000000.00,4.685032,99.88671875
08:00:52,91282CKY6,TSRYS5833261,D,S,T,2024-07-05,7000000.00,4.685032,99.88671875
08:00:52,91282CKY6,TSRYS5833261,D,S,T,2024-07-05,1000000.00,4.68294,99.890625
08:00:52,91282CKY6,TSRYS5833261,D,S,D,2024-07-05,1000000.00,4.68294,99.890625
08:00:52,91282CKY6,TSRYS5833261,D,S,T,2024-07-05,1000000.00,4.68294,99.890625
08:00:52,91282CKY6,TSRYS5833261,D,B,A,2024-07-05,4350000.00,4.71014,99.83984375
08:00:52,91282CKY6,TSRYS5833261,D,S,T,2024-07-05,4000000.00,4.709094,99.841796875
08:00:52,91282CKY6,TSRYS5833261,D,S,T,2024-07-05,1000000.00,4.708102,99.843648
08:00:52,91282CKY6,TSRYS5833261,D,S,T,2024-07-05,1000000.00,4.708102,99.843648
08:00:52,91282CKY6,TSRYS5833261,D,S,A,2024-07-05,9200000.00,4.703862,99.8515625
08:00:52,91282CKY6,TSRYS5833261,D,S,T,2024-07-05,1000000.00,4.687123,99.8828125
08:00:52,91282CKY6,TSRYS5833261,D,S,T,2024-07-05,1000000.00,4.687123,99.8828125
08:00:52,91282CKY6,TSRYS5833261,D,S,T,2024-07-05,1000000.00,4.687123,99.8828125
08:00:52,91282CKY6,TSRYS5833261,D,S,T,2024-07-05,1000000.00,4.687123,99.8828125
08:00:52,91282CKY6,TSRYS5833261,D,B,A,2024-07-05,200000.00,4.689215,99.878906
08:00:52,91282CKY6,TSRYS5833261,D,S,T,2024-07-05,1000000.00,4.687123,99.8828125
08:00:52,91282CKY6,TSRYS5833261,D,S,T,2024-07-05,1000000.00,4.687123,99.8828125
08:00:52,91282CKY6,TSRYS5833261,D,S,T,2024-07-05,1000000.00,4.687123,99.8828125
08:00:52,91282CKY6,TSRYS5833261,D,S,T,2024-07-05,1000000.00,4.687123,99.8828125
08:00:52,91282CKY6,TSRYS5833261,D,S,T,2024-07-05,1000000.00,4.686077,99.884765625
08:00:52,91282CKY6,TSRYS5833261,D,S,T,2024-07-05,1000000.00,4.687123,99.8828125
08:00:52,91282CKY6,TSRYS5833261,D,S,T,2024-07-05,1000000.00,4.687123,99.8828125
08:00:52,91282CKY6,TSRYS5833261,D,S,T,2024-07-05,1000000.00,4.686077,99.884765625
08:00:52,91282CKY6,TSRYS5833261,D,S,T,2024-07-05,1000000.00,4.686077,99.884765625
08:00:52,91282CKY6,TSRYS5833261,D,S,T,2024-07-05,1000000.00,4.686077,99.884765625
08:00:52,91282CKY6,TSRYS5833261,D,S,T,2024-07-05,1000000.00,4.686077,99.884765625
08:00:52,91282CKY6,TSRYS5833261,D,S,T,2024-07-05,1000000.00,4.686077,99.884765625
08:00:52,91282CKY6,TSRYS5833261,D,S,T,2024-07-05,1000000.00,4.687123,99.8828125
08:00:52,91282CKY6,TSRYS5833261,D,S,T,2024-07-05,1000000.00,4.686077,99.884765625
08:00:52,91282CKY6,TSRYS5833261,D,S,T,2024-07-05,1000000.00,4.686077,99.884765625
08:00:52,91282CKY6,TSRYS5833261,D,S,T,2024-07-05,1000000.00,4.686077,99.884765625
08:00:52,91282CKY6,TSRYS5833261,D,S,A,2024-07-05,3100000.00,4.699676,99.859375
08:00:52,91282CKY6,TSRYS5833261,D,S,T,2024-07-05,1000000.00,4.685032,99.88671875
08:00:52,91282CKY6,TSRYS5833261,D,S,T,2024-07-05,1000000.00,4.685032,99.88671875
08:00:52,91282CKY6,TSRYS5833261,D,S,T,2024-07-05,1000000.00,4.686077,99.884765625
08:00:52,91282CKY6,TSRYS5833261,D,S,T,2024-07-05,1000000.00,4.687123,99.8828125
08:00:54,91282CKY6,TSRYS5833261,D,S,T,2024-07-05,3000000.00,4.685032,99.88671875
08:00:56,91282CKY6,TSRYS5833261,D,S,T,2024-07-05,1000000.00,4.68294,99.890625
08:00:56,91282CKY6,TSRYS5833261,D,S,T,2024-07-05,3000000.00,4.687123,99.8828125
08:00:57,91282CKY6,TSRYS5833261,D,S,T,2024-07-05,1000000.00,4.687123,99.8828125
08:00:57,91282CKY6,TSRYS5833261,D,S,T,2024-07-05,1000000.00,4.687123,99.8828125
08:00:57,91282CKY6,TSRYS5833261,D,S,T,2024-07-05,1000000.00,4.687123,99.8828125
08:00:57,91282CKY6,TSRYS5833261,D,S,T,2024-07-05,1000000.00,4.68294,99.890625
08:00:57,91282CKY6,TSRYS5833261,D,S,T,2024-07-05,1000000.00,4.68294,99.890625
08:00:57,91282CKY6,TSRYS5833261,D,S,T,2024-07-05,1000000.00,4.68294,99.890625
08:00:57,91282CKY6,TSRYS5833261,D,S,T,2024-07-05,1000000.00,4.68294,99.890625
08:00:59,91282CKY6,TSRYS5833261,D,S,D,2024-07-05,98100000.00,4.68294,99.890625
08:01:00,91282CKY6,TSRYS5833261,D,S,T,2024-07-05,1000000.00,4.686077,99.884765625
08:01:01,91282CKY6,TSRYS5833261,D,S,A,2024-07-05,26790100.00,4.708047,99.84375
08:01:01,91282CKY6,TSRYS5833261,D,S,D,2024-07-05,3000000.00,4.685032,99.88671875
08:01:01,91282CKY6,TSRYS5833261,D,S,D,2024-07-05,1000000.00,4.686077,99.884765625
08:01:01,91282CKY6,TSRYS5833261,D,S,D,2024-07-05,1000000.00,4.686077,99.884765625
08:01:01,91282CKY6,TSRYS5833261,D,S,D,2024-07-05,1000000.00,4.686077,99.884765625
08:01:01,91282CKY6,TSRYS5833261,D,S,D,2024-07-05,1000000.00,4.686077,99.884765625
08:01:01,91282CKY6,TSRYS5833261,D,B,A,2024-07-05,1392000.00,4.691307,99.875
08:01:02,91282CKY6,TSRYS5833261,D,S,A,2024-07-05,2900000.00,4.703862,99.8515625
08:01:02,91282CKY6,TSRYS5833261,D,B,A,2024-07-05,4479000.00,4.705954,99.84765625
08:01:03,91282CKY6,TSRYS5833261,D,B,A,2024-07-05,849000.00,4.689215,99.87890625
08:01:04,91282CKY6,TSRYS5833261,D,S,A,2024-07-05,1000000.00,4.691307,99.875
08:01:04,91282CKY6,TSRYS5833261,D,S,D,2024-07-05,270000.00,4.691307,99.875
08:01:04,91282CKY6,TSRYS5833261,D,B,A,2024-07-05,35700000.00,4.693399,99.87109375
08:01:04,91282CKY6,TSRYS5833261,D,S,T,2024-07-05,1000000.00,4.691362,99.874898
08:01:05,91282CKY6,TSRYS5833261,D,S,C,2024-07-05,250MM+,4.687123,99.8828125
08:01:05,91282CKY6,TSRYS5833261,D,B,C,2024-07-05,1000000.00,4.705954,99.84765625
08:01:06,91282CKY6,TSRYS5833261,D,B,C,2024-07-05,1000000.00,4.705954,99.84765625
08:01:06,91282CKY6,TSRYS5833261,D,B,C,2024-07-05,1000000.00,4.714327,99.83203125
08:01:06,91282CKY6,TSRYS5833261,D,S,D,2024-07-05,1000000.00,4.714327,99.83203125
08:01:06,91282CKY6,TSRYS5833261,D,S,C,2024-07-05,1000000.00,4.705954,99.84765625
08:01:06,91282CKY6,TSRYS5833261,D,S,C,2024-07-05,1000000.00,4.705954,99.84765625
08:01:06,91282CKY6,TSRYS5833261,D,S,D,2024-07-05,1000000.00,4.696538,99.865234375
08:01:06,91282CKY6,TSRYS5833261,D,S,D,2024-07-05,3000000.00,4.703862,99.8515625
08:01:06,91282CKY6,TSRYS5833261,D,B,C,2024-07-05,1000000.00,4.696538,99.865234375
08:01:06,91282CKY6,TSRYS5833261,D,B,C,2024-07-05,1000000.00,4.696538,99.865234375
08:01:06,91282CKY6,TSRYS5833261,D,B,C,2024-07-05,1000000.00,4.694446,99.869140625
08:01:06,91282CKY6,TSRYS5833261,D,B,C,2024-07-05,1000000.00,4.696538,99.865234375
08:01:06,91282CKY6,TSRYS5833261,D,S,C,2024-07-05,1000000.00,4.696538,99.865234375
08:01:06,91282CKY6,TSRYS5833261,D,S,C,2024-07-05,1000000.00,4.696538,99.865234375
08:01:06,91282CKY6,TSRYS5833261,D,S,C,2024-07-05,1000000.00,4.696538,99.865234375
08:01:06,91282CKY6,TSRYS5833261,D,S,D,2024-07-05,1000000.00,4.694446,99.869140625
08:01:06,91282CKY6,TSRYS5833261,D,B,C,2024-07-05,1000000.00,4.693399,99.87109375
08:01:06,91282CKY6,TSRYS5833261,D,S,C,2024-07-05,1000000.00,4.691307,99.875
08:01:06,91282CKY6,TSRYS5833261,D,S,D,2024-07-05,1000000.00,4.693399,99.87109375
08:01:06,91282CKY6,TSRYS5833261,D,B,C,2024-07-05,1000000.00,4.696538,99.865234375
08:01:06,91282CKY6,TSRYS5833261,D,S,D,2024-07-05,1000000.00,4.693399,99.87109375
08:01:06,91282CKY6,TSRYS5833261,D,S,C,2024-07-05,1000000.00,4.693399,99.87109375
08:01:06,91282CKY6,TSRYS5833261,D,B,C,2024-07-05,1000000.00,4.694446,99.869140625
08:01:06,91282CKY6,TSRYS5833261,D,B,C,2024-07-05,1000000.00,4.691307,99.875
08:01:06,91282CKY6,TSRYS5833261,D,S,D,2024-07-05,3000000.00,4.693399,99.87109375
08:01:06,91282CKY6,TSRYS5833261,D,B,C,2024-07-05,1000000.00,4.693399,99.87109375
08:01:06,91282CKY6,TSRYS5833261,D,S,C,2024-07-05,1000000.00,4.693399,99.87109375
08:01:06,91282CKY6,TSRYS5833261,D,B,C,2024-07-05,1000000.00,4.693399,99.87109375
08:01:06,91282CKY6,TSRYS5833261,D,B,C,2024-07-05,1000000.00,4.693399,99.87109375
08:01:06,91282CKY6,TSRYS5833261,D,B,C,2024-07-05,1000000.00,4.693399,99.87109375
08:01:06,91282CKY6,TSRYS5833261,D,B,C,2024-07-05,1000000.00,4.693399,99.87109375
08:01:06,91282CKY6,TSRYS5833261,D,S,C,2024-07-05,1000000.00,4.694446,99.869140625
08:01:06,91282CKY6,TSRYS5833261,D,B,C,2024-07-05,1000000.00,4.693399,99.87109375
08:01:06,91282CKY6,TSRYS5833261,D,S,C,2024-07-05,1000000.00,4.693399,99.87109375
08:01:06,91282CKY6,TSRYS5833261,D,S,D,2024-07-05,1000000.00,4.693399,99.87109375
08:01:06,91282CKY6,TSRYS5833261,D,S,C,2024-07-05,1000000.00,4.693399,99.87109375
08:01:06,91282CKY6,TSRYS5833261,D,S,D,2024-07-05,4000000.00,4.689215,99.87890625
08:01:06,91282CKY6,TSRYS5833261,D,S,C,2024-07-05,1000000.00,4.693399,99.87109375
08:01:06,91282CKY6,TSRYS5833261,D,B,C,2024-07-05,1000000.00,4.693399,99.87109375
08:01:06,91282CKY6,TSRYS5833261,D,B,C,2024-07-05,4000000.00,4.689215,99.87890625
08:01:06,91282CKY6,TSRYS5833261,D,S,D,2024-07-05,1000000.00,4.687123,99.8828125
08:01:06,91282CKY6,TSRYS5833261,D,S,C,2024-07-05,1000000.00,4.689215,99.87890625
08:01:06,91282CKY6,TSRYS5833261,D,S,C,2024-07-05,1000000.00,4.689215,99.87890625
08:01:06,91282CKY6,TSRYS5833261,D,S,C,2024-07-05,1000000.00,4.693399,99.87109375
08:01:06,91282CKY6,TSRYS5833261,D,B,C,2024-07-05,2000000.00,4.689215,99.87890625
08:01:06,91282CKY6,TSRYS5833261,D,S,D,2024-07-05,1000000.00,4.689215,99.87890625
08:01:06,91282CKY6,TSRYS5833261,D,B,C,2024-07-05,1000000.00,4.689215,99.87890625
08:01:06,91282CKY6,TSRYS5833261,D,B,C,2024-07-05,1000000.00,4.689215,99.87890625
08:01:06,91282CKY6,TSRYS5833261,D,S,D,2024-07-05,2000000.00,4.691307,99.875
08:01:06,91282CKY6,TSRYS5833261,D,B,C,2024-07-05,1000000.00,4.693399,99.87109375
08:01:06,91282CKY6,TSRYS5833261,D,S,D,2024-07-05,5000000.00,4.687123,99.8828125
08:01:06,91282CKY6,TSRYS5833261,D,S,D,2024-07-05,1000000.00,4.687123,99.8828125
08:01:06,91282CKY6,TSRYS5833261,D,S,C,2024-07-05,1000000.00,4.689215,99.87890625
08:01:06,91282CKY6,TSRYS5833261,D,S,D,2024-07-05,2000000.00,4.689215,99.87890625
08:01:06,91282CKY6,TSRYS5833261,D,B,C,2024-07-05,1000000.00,4.689215,99.87890625
08:01:06,91282CKY6,TSRYS5833261,D,B,C,2024-07-05,1000000.00,4.692353,99.873046875
08:01:06,91282CKY6,TSRYS5833261,D,B,C,2024-07-05,1000000.00,4.689215,99.87890625
08:01:06,91282CKY6,TSRYS5833261,D,B,C,2024-07-05,2000000.00,4.691307,99.875
08:01:06,91282CKY6,TSRYS5833261,D,S,C,2024-07-05,2000000.00,4.691307,99.875
08:01:06,91282CKY6,TSRYS5833261,D,S,C,2024-07-05,1000000.00,4.692353,99.873046875
08:01:06,91282CKY6,TSRYS5833261,D,B,C,2024-07-05,1000000.00,4.689215,99.87890625
08:01:06,91282CKY6,TSRYS5833261,D,S,C,2024-07-05,2000000.00,4.692353,99.873046875
08:01:06,91282CKY6,TSRYS5833261,D,S,D,2024-07-05,2000000.00,4.692353,99.873046875
08:01:06,91282CKY6,TSRYS5833261,D,S,C,2024-07-05,1000000.00,4.692353,99.873046875
08:01:06,91282CKY6,TSRYS5833261,D,S,D,2024-07-05,1000000.00,4.690261,99.876953125
08:01:06,91282CKY6,TSRYS5833261,D,B,C,2024-07-05,1000000.00,4.692353,99.873046875
08:01:06,91282CKY6,TSRYS5833261,D,B,C,2024-07-05,2000000.00,4.692353,99.873046875
08:01:06,91282CKY6,TSRYS5833261,D,S,C,2024-07-05,1000000.00,4.689215,99.87890625
08:01:06,91282CKY6,TSRYS5833261,D,S,D,2024-07-05,1000000.00,4.692353,99.873046875
08:01:06,91282CKY6,TSRYS5833261,D,B,C,2024-07-05,1000000.00,4.690261,99.876953125
08:01:06,91282CKY6,TSRYS5833261,D,B,C,2024-07-05,2000000.00,4.691307,99.875
08:01:06,91282CKY6,TSRYS5833261,D,S,T,2024-07-05,2000000.00,4.683986,99.888671875
08:01:06,91282CKY6,TSRYS5833261,D,S,D,2024-07-05,4000000.00,4.688169,99.880859375
08:01:06,91282CKY6,TSRYS5833261,D,B,C,2024-07-05,1000000.00,4.692353,99.873046875
08:01:06,91282CKY6,TSRYS5833261,D,B,C,2024-07-05,1000000.00,4.692353,99.873046875
08:01:06,91282CKY6,TSRYS5833261,D,B,C,2024-07-05,1000000.00,4.688169,99.880859375
08:01:06,91282CKY6,TSRYS5833261,D,B,C,2024-07-05,2000000.00,4.692353,99.873046875
08:01:06,91282CKY6,TSRYS5833261,D,S,C,2024-07-05,4000000.00,4.693399,99.87109375
08:01:06,91282CKY6,TSRYS5833261,D,B,C,2024-07-05,2000000.00,4.688169,99.880859375
08:01:06,91282CKY6,TSRYS5833261,D,S,D,2024-07-05,2000000.00,4.690261,99.876953125
08:01:06,91282CKY6,TSRYS5833261,D,S,C,2024-07-05,4000000.00,4.693399,99.87109375
08:01:06,91282CKY6,TSRYS5833261,D,S,D,2024-07-05,2000000.00,4.688169,99.880859375
08:01:06,91282CKY6,TSRYS5833261,D,S,C,2024-07-05,1000000.00,4.692353,99.873046875
08:01:06,91282CKY6,TSRYS5833261,D,B,C,2024-07-05,2000000.00,4.690261,99.876953125
08:01:06,91282CKY6,TSRYS5833261,D,S,C,2024-07-05,1000000.00,4.688169,99.880859375
08:01:06,91282CKY6,TSRYS5833261,D,B,C,2024-07-05,4000000.00,4.688169,99.880859375
08:01:06,91282CKY6,TSRYS5833261,D,S,C,2024-07-05,1000000.00,4.688169,99.880859375
08:01:06,91282CKY6,TSRYS5833261,D,S,D,2024-07-05,1000000.00,4.686077,99.884765625
08:01:06,91282CKY6,TSRYS5833261,D,B,C,2024-07-05,1000000.00,4.686077,99.884765625
08:01:06,91282CKY6,TSRYS5833261,D,B,C,2024-07-05,1000000.00,4.686077,99.884765625
08:01:06,91282CKY6,TSRYS5833261,D,S,T,2024-07-05,1000000.00,4.685032,99.88671875
08:01:06,91282CKY6,TSRYS5833261,D,B,C,2024-07-05,1000000.00,4.688169,99.880859375
08:01:06,91282CKY6,TSRYS5833261,D,S,T,2024-07-05,1000000.00,4.685032,99.88671875
08:01:06,91282CKY6,TSRYS5833261,D,B,C,2024-07-05,1000000.00,4.687123,99.8828125
08:01:06,91282CKY6,TSRYS5833261,D,B,C,2024-07-05,1000000.00,4.687123,99.8828125
08:01:06,91282CKY6,TSRYS5833261,D,B,C,2024-07-05,1000000.00,4.687123,99.8828125
08:01:06,91282CKY6,TSRYS5833261,D,S,C,2024-07-05,1000000.00,4.687123,99.8828125
08:01:06,91282CKY6,TSRYS5833261,D,S,D,2024-07-05,1000000.00,4.686077,99.884765625
08:01:06,91282CKY6,TSRYS5833261,D,S,C,2024-07-05,1000000.00,4.687123,99.8828125
08:01:06,91282CKY6,TSRYS5833261,D,B,C,2024-07-05,1000000.00,4.681894,99.892578125
08:01:06,91282CKY6,TSRYS5833261,D,B,C,2024-07-05,3000000.00,4.686077,99.884765625
08:01:06,91282CKY6,TSRYS5833261,D,S,C,2024-07-05,1000000.00,4.687123,99.8828125
08:01:06,91282CKY6,TSRYS5833261,D,S,D,2024-07-05,1000000.00,4.681894,99.892578125
08:01:06,91282CKY6,TSRYS5833261,D,S,C,2024-07-05,2000000.00,4.687123,99.8828125
08:01:06,91282CKY6,TSRYS5833261,D,S,D,2024-07-05,2000000.00,4.681894,99.892578125
08:01:06,91282CKY6,TSRYS5833261,D,B,C,2024-07-05,2000000.00,4.687123,99.8828125
08:01:06,91282CKY6,TSRYS5833261,D,S,D,2024-07-05,3000000.00,4.686077,99.884765625
08:01:06,91282CKY6,TSRYS5833261,D,S,D,2024-07-05,4700000.00,4.68294,99.890625
08:01:06,91282CKY6,TSRYS5833261,D,S,C,2024-07-05,2000000.00,4.687123,99.8828125
08:01:06,91282CKY6,TSRYS5833261,D,B,C,2024-07-05,2000000.00,4.687123,99.8828125
08:01:06,91282CKY6,TSRYS5833261,D,B,C,2024-07-05,2000000.00,4.681894,99.892578125
08:01:06,91282CKY6,TSRYS5833261,D,B,A,2024-07-05,1600000.00,4.689215,99.87890625
08:01:07,91282CKY6,TSRYS5833261,D,B,C,2024-07-05,1000000.00,4.687123,99.8828125
08:01:07,91282CKY6,TSRYS5833261,D,B,C,2024-07-05,1000000.00,4.686077,99.884765625
08:01:07,91282CKY6,TSRYS5833261,D,B,C,2024-07-05,2000000.00,4.686077,99.884765625
08:01:07,91282CKY6,TSRYS5833261,D,S,C,2024-07-05,1000000.00,4.685032,99.88671875
08:01:07,91282CKY6,TSRYS5833261,D,S,D,2024-07-05,1000000.00,4.687123,99.8828125
08:01:07,91282CKY6,TSRYS5833261,D,S,D,2024-07-05,3000000.00,4.686077,99.884765625
08:01:07,91282CKY6,TSRYS5833261,D,S,D,2024-07-05,2000000.00,4.686077,99.884765625
08:01:07,91282CKY6,TSRYS5833261,D,S,D,2024-07-05,1000000.00,4.686077,99.884765625
08:01:07,91282CKY6,TSRYS5833261,D,B,C,2024-07-05,1000000.00,4.685032,99.88671875
08:01:07,91282CKY6,TSRYS5833261,D,S,A,2024-07-05,10000000.00,4.689179,99.87890625
08:01:07,91282CKY6,TSRYS5833261,D,S,A,2024-07-05,7000000.00,4.685032,99.88671875
08:01:07,91282CKY6,TSRYS5833261,D,S,D,2024-07-05,5000000.00,4.683986,99.888671875
08:01:07,91282CKY6,TSRYS5833261,D,B,C,2024-07-05,5000000.00,4.683986,99.888671875
08:01:07,91282CKY6,TSRYS5833261,D,B,C,2024-07-05,5000000.00,4.685032,99.88671875
08:01:07,91282CKY6,TSRYS5833261,D,B,C,2024-07-05,1000000.00,4.685032,99.88671875
08:01:07,91282CKY6,TSRYS5833261,D,S,D,2024-07-05,5000000.00,4.685032,99.88671875
08:01:07,91282CKY6,TSRYS5833261,D,S,D,2024-07-05,1000000.00,4.685032,99.88671875
08:01:07,91282CKY6,TSRYS5833261,D,B,C,2024-07-05,4000000.00,4.685032,99.88671875
08:01:07,91282CKY6,TSRYS5833261,D,S,D,2024-07-05,4000000.00,4.685032,99.88671875
08:01:07,91282CKY6,TSRYS5833261,D,B,C,2024-07-05,4000000.00,4.68294,99.890625
08:01:07,91282CKY6,TSRYS5833261,D,S,D,2024-07-05,4000000.00,4.68294,99.890625
08:01:08,91282CKY6,TSRYS5833261,D,S,A,2024-07-05,200000.00,4.693399,99.87109375
08:01:08,91282CKY6,TSRYS5833261,D,S,T,2024-07-05,1000000.00,4.687178,99.8827105
08:01:08,91282CKY6,TSRYS5833261,D,S,T,2024-07-05,1000000.00,4.687178,99.8827105
08:01:09,91282CKY6,TSRYS5833261,D,S,D,2024-07-05,5000000.00,4.685032,99.88671875
08:01:09,91282CKY6,TSRYS5833261,D,S,D,2024-07-05,5000000.00,4.685032,99.88671875
08:01:09,91282CKY6,TSRYS5833261,D,S,D,2024-07-05,4000000.00,4.685032,99.88671875
08:01:09,91282CKY6,TSRYS5833261,D,S,D,2024-07-05,1000000.00,4.685032,99.88671875
08:01:09,91282CKY6,TSRYS5833261,D,S,D,2024-07-05,5000000.00,4.685032,99.88671875
08:01:09,91282CKY6,TSRYS5833261,D,S,D,2024-07-05,4000000.00,4.685032,99.88671875
08:01:10,91282CKY6,TSRYS5833261,D,S,D,2024-07-05,940000.00,4.685032,99.88671875
08:01:11,91282CKY6,TSRYS5833261,D,B,A,2024-07-05,16856000.00,4.697584,99.86328125
08:01:12,91282CKY6,TSRYS5833261,D,S,T,2024-07-05,1000000.00,4.687123,99.8828125
08:01:12,91282CKY6,TSRYS5833261,D,S,A,2024-07-05,21000000.00,4.685032,99.88671875
08:01:12,91282CKY6,TSRYS5833261,D,S,T,2024-07-05,4000000.00,4.685032,99.88671875
08:01:12,91282CKY6,TSRYS5833261,D,S,T,2024-07-05,4000000.00,4.685032,99.88671875
08:01:12,91282CKY6,TSRYS5833261,D,S,T,2024-07-05,1000000.00,4.685032,99.88671875
08:01:12,91282CKY6,TSRYS5833261,D,S,T,2024-07-05,1000000.00,4.687177,99.8827125
08:01:12,91282CKY6,TSRYS5833261,D,S,D,2024-07-05,19000000.00,4.703594,99.8520625
08:01:12,91282CKY6,TSRYS5833261,D,S,D,2024-07-05,20000000.00,4.693132,99.8715938
08:01:12,91282CKY6,TSRYS5833261,D,S,T,2024-07-05,1000000.00,4.685085,99.88661875
08:01:12,91282CKY6,TSRYS5833261,D,S,T,2024-07-05,2000000.00,4.685085,99.88661875
08:01:12,91282CKY6,TSRYS5833261,D,S,T,2024-07-05,1000000.00,4.685085,99.88661875
08:01:12,91282CKY6,TSRYS5833261,D,S,T,2024-07-05,1000000.00,4.685085,99.88661875
08:01:12,91282CKY6,TSRYS5833261,D,S,T,2024-07-05,1000000.00,4.685085,99.88661875
08:01:12,91282CKY6,TSRYS5833261,D,S,T,2024-07-05,1000000.00,4.685085,99.88661875
08:01:12,91282CKY6,TSRYS5833261,D,S,T,2024-07-05,1000000.00,4.685085,99.88661875
08:01:12,91282CKY6,TSRYS5833261,D,S,T,2024-07-05,1000000.00,4.685085,99.88661875
08:01:12,91282CKY6,TSRYS5833261,D,S,T,2024-07-05,1000000.00,4.685085,99.88661875
08:01:12,91282CKY6,TSRYS5833261,D,S,T,2024-07-05,1000000.00,4.685085,99.88661875
08:01:13,91282CKY6,TSRYS5833261,D,S,T,2024-07-05,1000000.00,4.685085,99.88661875
08:01:13,91282CKY6,TSRYS5833261,D,S,T,2024-07-05,1000000.00,4.685085,99.88661875
08:01:13,91282CKY6,TSRYS5833261,D,S,T,2024-07-05,1000000.00,4.685085,99.88661875
08:01:13,91282CKY6,TSRYS5833261,D,S,T,2024-07-05,1000000.00,4.685085,99.88661875
08:01:13,91282CKY6,TSRYS5833261,D,S,T,2024-07-05,1000000.00,4.683986,99.888671875
08:01:13,91282CKY6,TSRYS5833261,D,S,T,2024-07-05,1000000.00,4.685032,99.88671875
08:01:13,91282CKY6,TSRYS5833261,D,S,T,2024-07-05,3000000.00,4.685032,99.88671875
08:01:13,91282CKY6,TSRYS5833261,D,S,T,2024-07-05,5000000.00,4.685032,99.88671875
08:01:13,91282CKY6,TSRYS5833261,D,S,D,2024-07-05,1000000.00,4.68294,99.890625
08:01:13,91282CKY6,TSRYS5833261,D,S,D,2024-07-05,2000000.00,4.68294,99.890625
08:01:13,91282CKY6,TSRYS5833261,D,S,D,2024-07-05,1000000.00,4.685032,99.88671875
08:01:13,91282CKY6,TSRYS5833261,D,B,A,2024-07-05,1600000.00,4.687123,99.882813
08:01:13,91282CKY6,TSRYS5833261,D,S,T,2024-07-05,1000000.00,4.686131,99.884665625
08:01:13,91282CKY6,TSRYS5833261,D,S,A,2024-07-05,20000000.00,4.68294,99.890625
08:01:13,91282CKY6,TSRYS5833261,D,S,T,2024-07-05,1000000.00,4.685032,99.88671875
08:01:13,91282CKY6,TSRYS5833261,D,S,T,2024-07-05,6000000.00,4.685032,99.88671875
08:01:13,91282CKY6,TSRYS5833261,D,S,A,2024-07-05,300000.00,4.687123,99.8828125
08:01:14,91282CKY6,TSRYS5833261,D,S,D,2024-07-05,1000000.00,4.685032,99.88671875
08:01:14,91282CKY6,TSRYS5833261,D,S,D,2024-07-05,1000000.00,4.687123,99.8828125
08:01:14,91282CKY6,TSRYS5833261,D,S,A,2024-07-05,500000.00,4.687123,99.8828125
08:01:15,91282CKY6,TSRYS5833261,D,S,D,2024-07-05,400000.00,4.685032,99.88671875
08:01:15,91282CKY6,TSRYS5833261,D,S,C,2024-07-05,27000000.00,4.699411,99.85987
08:01:15,91282CKY6,TSRYS5833261,D,S,T,2024-07-05,1000000.00,4.685032,99.88671875
08:01:16,91282CKY6,TSRYS5833261,D,S,T,2024-07-05,2000000.00,4.685086,99.88661675
08:01:16,91282CKY6,TSRYS5833261,D,S,T,2024-07-05,1000000.00,4.685032,99.88671875
08:01:16,91282CKY6,TSRYS5833261,D,S,D,2024-07-05,4000000.00,4.703842,99.8516
08:01:16,91282CKY6,TSRYS5833261,D,S,T,2024-07-05,1000000.00,4.685032,99.88671875
08:01:16,91282CKY6,TSRYS5833261,D,S,T,2024-07-05,4000000.00,4.685032,99.88671875
08:01:16,91282CKY6,TSRYS5833261,D,S,T,2024-07-05,1000000.00,4.682994,99.890523
08:01:16,91282CKY6,TSRYS5833261,D,S,T,2024-07-05,2000000.00,4.682994,99.890523
08:01:16,91282CKY6,TSRYS5833261,D,B,C,2024-07-05,1000000.00,4.714327,99.83203125
08:01:17,91282CKY6,TSRYS5833261,D,S,T,2024-07-05,1000000.00,4.687123,99.8828125
08:01:17,91282CKY6,TSRYS5833261,D,S,T,2024-07-05,2000000.00,4.685032,99.88671875
08:01:17,91282CKY6,TSRYS5833261,D,B,C,2024-07-05,1000000.00,4.71642,99.828125
08:01:17,91282CKY6,TSRYS5833261,D,S,A,2024-07-05,5000000.00,4.680848,99.89453125
08:01:18,91282CKY6,TSRYS5833261,D,S,A,2024-07-05,250000.00,4.68294,99.890625
08:01:18,91282CKY6,TSRYS5833261,D,B,C,2024-07-05,1000000.00,4.714327,99.83203125
08:01:18,91282CKY6,TSRYS5833261,D,B,C,2024-07-05,1000000.00,4.714327,99.83203125
08:01:18,91282CKY6,TSRYS5833261,D,B,A,2024-07-05,2715000.00,4.68294,99.890625
08:01:18,91282CKY6,TSRYS5833261,D,S,T,2024-07-05,1000000.00,4.687123,99.8828125
08:01:18,91282CKY6,TSRYS5833261,D,S,T,2024-07-05,2000000.00,4.687123,99.8828125
08:01:19,91282CKY6,TSRYS5833261,D,S,D,2024-07-05,3000000.00,4.685032,99.88671875
08:01:19,91282CKY6,TSRYS5833261,D,S,A,2024-07-05,5000000.00,4.687096,99.8828125
08:01:19,91282CKY6,TSRYS5833261,D,S,T,2024-07-05,3000000.00,4.68719,99.8826875
08:01:19,91282CKY6,TSRYS5833261,D,S,T,2024-07-05,1000000.00,4.685032,99.88671875
08:01:19,91282CKY6,TSRYS5833261,D,S,T,2024-07-05,1000000.00,4.685032,99.88671875
08:01:19,91282CKY6,TSRYS5833261,D,S,T,2024-07-05,1000000.00,4.687123,99.8828125
08:01:19,91282CKY6,TSRYS5833261,D,S,T,2024-07-05,2000000.00,4.685032,99.88671875
08:01:20,91282CKY6,TSRYS5833261,D,S,T,2024-07-05,2000000.00,4.687123,99.8828125
08:01:21,91282CKY6,TSRYS5833261,D,S,A,2024-07-05,4700000.00,4.689229,99.87890625
08:01:21,91282CKY6,TSRYS5833261,D,S,T,2024-07-05,1000000.00,4.692353,99.87304688
08:01:21,91282CKY6,TSRYS5833261,D,S,T,2024-07-05,1000000.00,4.692353,99.87304688
08:01:21,91282CKY6,TSRYS5833261,D,S,D,2024-07-05,1000000.00,4.686077,99.884765625
08:01:21,91282CKY6,TSRYS5833261,D,B,C,2024-07-05,1000000.00,4.686077,99.884765625
08:01:21,91282CKY6,TSRYS5833261,D,S,T,2024-07-05,1000000.00,4.693399,99.87109375
08:01:21,91282CKY6,TSRYS5833261,D,S,C,2024-07-05,2000000.00,4.687123,99.8828125
08:01:21,91282CKY6,TSRYS5833261,D,S,C,2024-07-05,1000000.00,4.687123,99.8828125
08:01:21,91282CKY6,TSRYS5833261,D,B,C,2024-07-05,2000000.00,4.687123,99.8828125
08:01:21,91282CKY6,TSRYS5833261,D,S,C,2024-07-05,2000000.00,4.687123,99.8828125
08:01:21,91282CKY6,TSRYS5833261,D,B,C,2024-07-05,1000000.00,4.687123,99.8828125
08:01:21,91282CKY6,TSRYS5833261,D,B,C,2024-07-05,2000000.00,4.687123,99.8828125
08:01:21,91282CKY6,TSRYS5833261,D,S,C,2024-07-05,2000000.00,4.687123,99.8828125
08:01:21,91282CKY6,TSRYS5833261,D,S,C,2024-07-05,2000000.00,4.687123,99.8828125
08:01:21,91282CKY6,TSRYS5833261,D,B,C,2024-07-05,2000000.00,4.687123,99.8828125
08:01:21,91282CKY6,TSRYS5833261,D,S,C,2024-07-05,5000000.00,4.687123,99.8828125
08:01:21,91282CKY6,TSRYS5833261,D,B,C,2024-07-05,5000000.00,4.687123,99.8828125
08:01:21,91282CKY6,TSRYS5833261,D,S,C,2024-07-05,1000000.00,4.687123,99.8828125
08:01:21,91282CKY6,TSRYS5833261,D,S,T,2024-07-05,1000000.00,4.685032,99.88671875
08:01:21,91282CKY6,TSRYS5833261,D,S,T,2024-07-05,1000000.00,4.693399,99.87109375
08:01:22,91282CKY6,TSRYS5833261,D,B,C,2024-07-05,1000000.00,4.693399,99.87109375
08:01:22,91282CKY6,TSRYS5833261,D,B,C,2024-07-05,1000000.00,4.693399,99.87109375
08:01:22,91282CKY6,TSRYS5833261,D,S,C,2024-07-05,3000000.00,4.687123,99.8828125
08:01:22,91282CKY6,TSRYS5833261,D,B,C,2024-07-05,3000000.00,4.687123,99.8828125
08:01:22,91282CKY6,TSRYS5833261,D,B,C,2024-07-05,1000000.00,4.693399,99.87109375
08:01:22,91282CKY6,TSRYS5833261,D,S,T,2024-07-05,3000000.00,4.692353,99.87304688
08:01:22,91282CKY6,TSRYS5833261,D,S,A,2024-07-05,1000000.00,4.685032,99.88671875
08:01:22,91282CKY6,TSRYS5833261,D,S,A,2024-07-05,3500000.00,4.685032,99.88671875
08:01:22,91282CKY6,TSRYS5833261,D,S,T,2024-07-05,1000000.00,4.693399,99.87109375
08:01:22,91282CKY6,TSRYS5833261,D,S,D,2024-07-05,3000000.00,4.686077,99.884765625
08:01:22,91282CKY6,TSRYS5833261,D,S,D,2024-07-05,2000000.00,4.686077,99.884765625
08:01:22,91282CKY6,TSRYS5833261,D,S,D,2024-07-05,3000000.00,4.686077,99.884765625
08:01:22,91282CKY6,TSRYS5833261,D,S,D,2024-07-05,2000000.00,4.686077,99.884765625
08:01:22,91282CKY6,TSRYS5833261,D,S,D,2024-07-05,3000000.00,4.686077,99.884765625
08:01:22,91282CKY6,TSRYS5833261,D,S,A,2024-07-05,3500000.00,4.685032,99.88671875
08:01:22,91282CKY6,TSRYS5833261,D,S,D,2024-07-05,2000000.00,4.686077,99.884765625
08:01:22,91282CKY6,TSRYS5833261,D,S,D,2024-07-05,2000000.00,4.686077,99.884765625
08:01:22,91282CKY6,TSRYS5833261,D,S,D,2024-07-05,3000000.00,4.686077,99.884765625
08:01:22,91282CKY6,TSRYS5833261,D,S,D,2024-07-05,3000000.00,4.686077,99.884765625
08:01:22,91282CKY6,TSRYS5833261,D,S,D,2024-07-05,2000000.00,4.686077,99.884765625
08:01:22,91282CKY6,TSRYS5833261,D,S,D,2024-07-05,3000000.00,4.686077,99.884765625
08:01:22,91282CKY6,TSRYS5833261,D,S,T,2024-07-05,6000000.00,4.685032,99.88671875
08:01:22,91282CKY6,TSRYS5833261,D,S,D,2024-07-05,2000000.00,4.686077,99.884765625
08:01:22,91282CKY6,TSRYS5833261,D,S,D,2024-07-05,3000000.00,4.686077,99.884765625
08:01:22,91282CKY6,TSRYS5833261,D,S,D,2024-07-05,2000000.00,4.686077,99.884765625
08:01:22,91282CKY6,TSRYS5833261,D,S,T,2024-07-05,2000000.00,4.685032,99.88671875
08:01:22,91282CKY6,TSRYS5833261,D,S,D,2024-07-05,3000000.00,4.686077,99.884765625
08:01:22,91282CKY6,TSRYS5833261,D,S,D,2024-07-05,3000000.00,4.686077,99.884765625
08:01:22,91282CKY6,TSRYS5833261,D,S,D,2024-07-05,2000000.00,4.686077,99.884765625
08:01:22,91282CKY6,TSRYS5833261,D,S,D,2024-07-05,2000000.00,4.686077,99.884765625
08:01:22,91282CKY6,TSRYS5833261,D,S,D,2024-07-05,3000000.00,4.686077,99.884765625
08:01:22,91282CKY6,TSRYS5833261,D,S,D,2024-07-05,2000000.00,4.686077,99.884765625
08:01:22,91282CKY6,TSRYS5833261,D,S,D,2024-07-05,3000000.00,4.686077,99.884765625
08:01:22,91282CKY6,TSRYS5833261,D,S,D,2024-07-05,2000000.00,4.686077,99.884765625
08:01:22,91282CKY6,TSRYS5833261,D,S,D,2024-07-05,3000000.00,4.686077,99.884765625
08:01:22,91282CKY6,TSRYS5833261,D,S,D,2024-07-05,2000000.00,4.686077,99.884765625
08:01:22,91282CKY6,TSRYS5833261,D,S,D,2024-07-05,2000000.00,4.686077,99.884765625
08:01:23,91282CKY6,TSRYS5833261,D,S,D,2024-07-05,2000000.00,4.685032,99.88671875
08:01:23,91282CKY6,TSRYS5833261,D,B,C,2024-07-05,3000000.00,4.685032,99.88671875
08:01:23,91282CKY6,TSRYS5833261,D,S,D,2024-07-05,3000000.00,4.685032,99.88671875
08:01:23,91282CKY6,TSRYS5833261,D,S,T,2024-07-05,2000000.00,4.685101,99.88658875
08:01:23,91282CKY6,TSRYS5833261,D,S,T,2024-07-05,2000000.00,4.685101,99.88658875
08:01:23,91282CKY6,TSRYS5833261,D,S,T,2024-07-05,5000000.00,4.687123,99.8828125
08:01:23,91282CKY6,TSRYS5833261,D,S,D,2024-07-05,1000000.00,4.686077,99.884765625
08:01:23,91282CKY6,TSRYS5833261,D,B,C,2024-07-05,1000000.00,4.686077,99.884765625
08:01:23,91282CKY6,TSRYS5833261,D,S,D,2024-07-05,1000000.00,4.686077,99.884765625
08:01:23,91282CKY6,TSRYS5833261,D,B,C,2024-07-05,1000000.00,4.686077,99.884765625
08:01:23,91282CKY6,TSRYS5833261,D,B,C,2024-07-05,1000000.00,4.686077,99.884765625
08:01:23,91282CKY6,TSRYS5833261,D,S,T,2024-07-05,1000000.00,4.687123,99.8828125
08:01:23,91282CKY6,TSRYS5833261,D,S,D,2024-07-05,1000000.00,4.686077,99.884765625
08:01:23,91282CKY6,TSRYS5833261,D,S,T,2024-07-05,2000000.00,4.687123,99.8828125
08:01:23,91282CKY6,TSRYS5833261,D,B,C,2024-07-05,2000000.00,4.685032,99.88671875
08:01:23,91282CKY6,TSRYS5833261,D,S,D,2024-07-05,2000000.00,4.685032,99.88671875
08:01:23,91282CKY6,TSRYS5833261,D,B,C,2024-07-05,3000000.00,4.685032,99.88671875
08:01:23,91282CKY6,TSRYS5833261,D,S,A,2024-07-05,9360000.00,4.68294,99.890625
08:01:23,91282CKY6,TSRYS5833261,D,S,D,2024-07-05,3000000.00,4.685032,99.88671875
08:01:23,91282CKY6,TSRYS5833261,D,B,C,2024-07-05,2000000.00,4.685032,99.88671875
08:01:23,91282CKY6,TSRYS5833261,D,S,D,2024-07-05,7000000.00,4.685032,99.88671875
08:01:23,91282CKY6,TSRYS5833261,D,B,C,2024-07-05,7000000.00,4.685032,99.88671875
08:01:23,91282CKY6,TSRYS5833261,D,B,C,2024-07-05,2000000.00,4.685032,99.88671875
08:01:23,91282CKY6,TSRYS5833261,D,S,D,2024-07-05,1000000.00,4.685032,99.88671875
08:01:23,91282CKY6,TSRYS5833261,D,S,D,2024-07-05,2000000.00,4.685032,99.88671875
08:01:23,91282CKY6,TSRYS5833261,D,B,C,2024-07-05,1000000.00,4.685032,99.88671875
08:01:23,91282CKY6,TSRYS5833261,D,S,D,2024-07-05,5000000.00,4.685032,99.88671875
08:01:23,91282CKY6,TSRYS5833261,D,S,D,2024-07-05,1000000.00,4.685032,99.88671875
08:01:23,91282CKY6,TSRYS5833261,D,S,D,2024-07-05,5000000.00,4.685032,99.88671875
08:01:23,91282CKY6,TSRYS5833261,D,S,C,2024-07-05,1000000.00,4.685032,99.88671875
08:01:23,91282CKY6,TSRYS5833261,D,S,D,2024-07-05,1000000.00,4.683986,99.888671875
08:01:23,91282CKY6,TSRYS5833261,D,B,C,2024-07-05,1000000.00,4.683986,99.888671875
08:01:23,91282CKY6,TSRYS5833261,D,S,D,2024-07-05,1000000.00,4.683986,99.888671875
08:01:23,91282CKY6,TSRYS5833261,D,B,C,2024-07-05,1000000.00,4.683986,99.888671875
08:01:23,91282CKY6,TSRYS5833261,D,B,C,2024-07-05,1000000.00,4.68294,99.890625
08:01:23,91282CKY6,TSRYS5833261,D,S,D,2024-07-05,1000000.00,4.68294,99.890625
08:01:23,91282CKY6,TSRYS5833261,D,B,C,2024-07-05,4000000.00,4.68294,99.890625
08:01:23,91282CKY6,TSRYS5833261,D,S,D,2024-07-05,4000000.00,4.68294,99.890625
08:01:23,91282CKY6,TSRYS5833261,D,B,C,2024-07-05,10000000.00,4.68294,99.890625
08:01:23,91282CKY6,TSRYS5833261,D,S,D,2024-07-05,10000000.00,4.68294,99.890625
08:01:24,91282CKY6,TSRYS5833261,D,S,D,2024-07-05,1000000.00,4.685032,99.88671875
08:01:24,91282CKY6,TSRYS5833261,D,S,D,2024-07-05,4000000.00,4.685032,99.88671875
08:01:24,91282CKY6,TSRYS5833261,D,S,T,2024-07-05,29000000.00,4.687123,99.8828125
08:01:24,91282CKY6,TSRYS5833261,D,B,C,2024-07-05,3000000.00,4.685032,99.88671875
08:01:24,91282CKY6,TSRYS5833261,D,S,D,2024-07-05,3000000.00,4.685032,99.88671875
08:01:24,91282CKY6,TSRYS5833261,D,B,C,2024-07-05,2000000.00,4.685032,99.88671875
08:01:24,91282CKY6,TSRYS5833261,D,S,D,2024-07-05,2000000.00,4.685032,99.88671875
08:01:24,91282CKY6,TSRYS5833261,D,S,D,2024-07-05,1000000.00,4.685032,99.88671875
08:01:24,91282CKY6,TSRYS5833261,D,S,D,2024-07-05,1000000.00,4.685032,99.88671875
08:01:24,91282CKY6,TSRYS5833261,D,S,D,2024-07-05,5000000.00,4.685032,99.88671875
08:01:24,91282CKY6,TSRYS5833261,D,S,D,2024-07-05,4000000.00,4.685032,99.88671875
08:01:24,91282CKY6,TSRYS5833261,D,S,T,2024-07-05,4000000.00,4.685192,99.88641875
08:01:24,91282CKY6,TSRYS5833261,D,S,T,2024-07-05,1000000.00,4.687123,99.8828125
08:01:24,91282CKY6,TSRYS5833261,D,S,T,2024-07-05,1000000.00,4.686104,99.88471562
08:01:24,91282CKY6,TSRYS5833261,D,B,C,2024-07-05,1000000.00,4.685032,99.88671875
08:01:24,91282CKY6,TSRYS5833261,D,S,C,2024-07-05,1000000.00,4.685032,99.88671875
08:01:24,91282CKY6,TSRYS5833261,D,S,T,2024-07-05,2000000.00,4.685192,99.88641875
08:01:24,91282CKY6,TSRYS5833261,D,S,T,2024-07-05,1000000.00,4.685192,99.88641875
08:01:24,91282CKY6,TSRYS5833261,D,S,T,2024-07-05,1000000.00,4.685192,99.88641875
08:01:24,91282CKY6,TSRYS5833261,D,S,D,2024-07-05,1000000.00,4.685032,99.88671875
08:01:24,91282CKY6,TSRYS5833261,D,B,C,2024-07-05,4000000.00,4.685032,99.88671875
08:01:24,91282CKY6,TSRYS5833261,D,S,D,2024-07-05,4000000.00,4.685032,99.88671875
08:01:24,91282CKY6,TSRYS5833261,D,S,D,2024-07-05,1000000.00,4.685032,99.88671875
08:01:24,91282CKY6,TSRYS5833261,D,B,C,2024-07-05,1000000.00,4.685032,99.88671875
08:01:24,91282CKY6,TSRYS5833261,D,S,T,2024-07-05,2000000.00,4.685192,99.88641875
08:01:24,91282CKY6,TSRYS5833261,D,S,T,2024-07-05,11000000.00,4.687123,99.8828125
08:01:25,91282CKY6,TSRYS5833261,D,S,T,2024-07-05,2000000.00,4.685153,99.88649175
08:01:25,91282CKY6,TSRYS5833261,D,S,T,2024-07-05,1000000.00,4.685153,99.88649175
08:01:25,91282CKY6,TSRYS5833261,D,S,T,2024-07-05,1000000.00,4.685032,99.88671875
08:01:25,91282CKY6,TSRYS5833261,D,S,T,2024-07-05,3000000.00,4.685153,99.88649175
08:01:25,91282CKY6,TSRYS5833261,D,S,T,2024-07-05,1000000.00,4.685192,99.88641875
08:01:25,91282CKY6,TSRYS5833261,D,S,T,2024-07-05,1000000.00,4.685192,99.88641875
08:01:25,91282CKY6,TSRYS5833261,D,S,T,2024-07-05,1000000.00,4.685192,99.88641875
08:01:25,91282CKY6,TSRYS5833261,D,S,T,2024-07-05,1000000.00,4.685032,99.88671875
08:01:25,91282CKY6,TSRYS5833261,D,S,T,2024-07-05,1000000.00,4.685192,99.88641875
08:01:25,91282CKY6,TSRYS5833261,D,S,C,2024-07-05,7000000.00,4.693396,99.8711
08:01:25,91282CKY6,TSRYS5833261,D,S,D,2024-07-05,4000000.00,4.68294,99.890625
08:01:25,91282CKY6,TSRYS5833261,D,S,D,2024-07-05,1000000.00,4.68294,99.890625
08:01:25,91282CKY6,TSRYS5833261,D,S,D,2024-07-05,3000000.00,4.68294,99.890625
08:01:25,91282CKY6,TSRYS5833261,D,S,T,2024-07-05,1000000.00,4.6831,99.890325
08:01:25,91282CKY6,TSRYS5833261,D,S,T,2024-07-05,1000000.00,4.6831,99.890325
08:01:25,91282CKY6,TSRYS5833261,D,S,T,2024-07-05,1000000.00,4.6831,99.890325
08:01:25,91282CKY6,TSRYS5833261,D,S,T,2024-07-05,1000000.00,4.6831,99.890325
08:01:26,91282CKY6,TSRYS5833261,D,S,D,2024-07-05,5000000.00,4.687123,99.8828125
08:01:26,91282CKY6,TSRYS5833261,D,S,T,2024-07-05,1000000.00,4.687123,99.8828125
08:01:26,91282CKY6,TSRYS5833261,D,B,C,2024-07-05,2000000.00,4.68294,99.890625
08:01:26,91282CKY6,TSRYS5833261,D,S,D,2024-07-05,2000000.00,4.68294,99.890625
08:01:26,91282CKY6,TSRYS5833261,D,B,C,2024-07-05,1000000.00,4.685032,99.88671875
08:01:26,91282CKY6,TSRYS5833261,D,S,D,2024-07-05,1000000.00,4.685032,99.88671875
08:01:26,91282CKY6,TSRYS5833261,D,S,D,2024-07-05,1000000.00,4.685032,99.88671875
08:01:26,91282CKY6,TSRYS5833261,D,B,C,2024-07-05,1000000.00,4.685032,99.88671875
08:01:26,91282CKY6,TSRYS5833261,D,S,T,2024-07-05,2000000.00,4.687123,99.8828125
08:01:26,91282CKY6,TSRYS5833261,D,S,T,2024-07-05,1000000.00,4.686077,99.884765625
08:01:26,91282CKY6,TSRYS5833261,D,B,C,2024-07-05,2000000.00,4.68294,99.890625
08:01:26,91282CKY6,TSRYS5833261,D,S,D,2024-07-05,2000000.00,4.68294,99.890625
08:01:26,91282CKY6,TSRYS5833261,D,B,C,2024-07-05,1000000.00,4.68294,99.890625
08:01:26,91282CKY6,TSRYS5833261,D,S,C,2024-07-05,1000000.00,4.68294,99.890625
08:01:26,91282CKY6,TSRYS5833261,D,B,C,2024-07-05,1000000.00,4.68294,99.890625
08:01:26,91282CKY6,TSRYS5833261,D,S,C,2024-07-05,1000000.00,4.68294,99.890625
08:01:26,91282CKY6,TSRYS5833261,D,B,C,2024-07-05,1000000.00,4.686077,99.884765625
08:01:26,91282CKY6,TSRYS5833261,D,S,D,2024-07-05,1000000.00,4.686077,99.884765625
08:01:26,91282CKY6,TSRYS5833261,D,S,T,2024-07-05,2000000.00,4.687123,99.8828125
08:01:26,91282CKY6,TSRYS5833261,D,B,C,2024-07-05,4000000.00,4.687123,99.8828125
08:01:26,91282CKY6,TSRYS5833261,D,S,D,2024-07-05,4000000.00,4.687123,99.8828125
08:01:26,91282CKY6,TSRYS5833261,D,S,D,2024-07-05,1000000.00,4.687123,99.8828125
08:01:26,91282CKY6,TSRYS5833261,D,B,C,2024-07-05,1000000.00,4.687123,99.8828125
08:01:27,91282CKY6,TSRYS5833261,D,S,A,2024-07-05,234000.00,4.687123,99.8828125
08:01:27,91282CKY6,TSRYS5833261,D,B,C,2024-07-05,4000000.00,4.703862,99.8515625
08:01:27,91282CKY6,TSRYS5833261,D,S,T,2024-07-05,1000000.00,4.685032,99.88671875
08:01:27,91282CKY6,TSRYS5833261,D,S,T,2024-07-05,4000000.00,4.686077,99.884765625
08:01:27,91282CKY6,TSRYS5833261,D,S,T,2024-07-05,1000000.00,4.688223,99.880759375
08:01:27,91282CKY6,TSRYS5833261,D,B,A,2024-07-05,1000000.00,4.687123,99.8828125
08:01:27,91282CKY6,TSRYS5833261,D,S,T,2024-07-05,8000000.00,4.687123,99.8828125
08:01:27,91282CKY6,TSRYS5833261,D,S,T,2024-07-05,1000000.00,4.685032,99.88671875
08:01:27,91282CKY6,TSRYS5833261,D,B,C,2024-07-05,2000000.00,4.699676,99.859375
