tradeTime,cusip,issueSymbolIdentifier,priceType,reportingSideCode,contraPartyTypeCode,tradeDate,reportedTradeVolume,lastSaleYield,lastSalePrice
08:00:06,91282CLB5,TSRYS5850286,D,S,T,2024-07-29,1000000.00,4.360575,100.02734375
08:00:06,91282CLB5,TSRYS5850286,D,S,T,2024-07-29,1000000.00,4.360575,100.02734375
08:00:06,91282CLB5,TSRYS5850286,D,S,T,2024-07-29,1000000.00,4.360575,100.02734375
08:00:06,91282CLB5,TSRYS5850286,D,S,T,2024-07-29,1000000.00,4.366756,100.015625
08:00:06,91282CLB5,TSRYS5850286,D,S,T,2024-07-29,1000000.00,4.366756,100.015625
08:00:06,91282CLB5,TSRYS5850286,D,S,T,2024-07-29,1000000.00,4.366756,100.015625
08:00:06,91282CLB5,TSRYS5850286,D,S,T,2024-07-29,1000000.00,4.364696,100.01953125
08:00:08,91282CLB5,TSRYS5850286,D,S,T,2024-07-29,1000000.00,4.379122,99.9921875
08:00:10,91282CLB5,TSRYS5850286,D,S,D,2024-07-29,7475000.00,4.366756,100.015625
08:00:12,91282CLB5,TSRYS5850286,D,S,T,2024-07-29,1000000.00,4.375,100.0
08:00:12,91282CLB5,TSRYS5850286,D,S,T,2024-07-29,1000000.00,4.372939,100.00390625
08:00:12,91282CLB5,TSRYS5850286,D,S,T,2024-07-29,1000000.00,4.371908,100.005859375
08:00:12,91282CLB5,TSRYS5850286,D,S,T,2024-07-29,1000000.00,4.370878,100.0078125
08:00:12,91282CLB5,TSRYS5850286,D,S,T,2024-07-29,1000000.00,4.367787,100.013671875
08:00:12,91282CLB5,TSRYS5850286,D,S,T,2024-07-29,1000000.00,4.367787,100.013671875
08:00:12,91282CLB5,TSRYS5850286,D,S,T,2024-07-29,1000000.00,4.367787,100.013671875
08:00:12,91282CLB5,TSRYS5850286,D,S,T,2024-07-29,1000000.00,4.367787,100.013671875
08:00:12,91282CLB5,TSRYS5850286,D,S,T,2024-07-29,1000000.00,4.368817,100.01171875
08:00:12,91282CLB5,TSRYS5850286,D,S,T,2024-07-29,1000000.00,4.368817,100.01171875
08:00:12,91282CLB5,TSRYS5850286,D,S,T,2024-07-29,2000000.00,4.368817,100.01171875
08:00:12,91282CLB5,TSRYS5850286,D,S,T,2024-07-29,2000000.00,4.368817,100.01171875
08:00:12,91282CLB5,TSRYS5850286,D,S,D,2024-07-29,1000000.00,4.362635,100.0234375
08:00:12,91282CLB5,TSRYS5850286,D,S,D,2024-07-29,1000000.00,4.362635,100.0234375
08:00:12,91282CLB5,TSRYS5850286,D,S,D,2024-07-29,1000000.00,4.362635,100.0234375
08:00:12,91282CLB5,TSRYS5850286,D,S,D,2024-07-29,1000000.00,4.362635,100.0234375
08:00:12,91282CLB5,TSRYS5850286,D,S,T,2024-07-29,4000000.00,4.364696,100.01953125
08:00:12,91282CLB5,TSRYS5850286,D,S,T,2024-07-29,2000000.00,4.364696,100.01953125
08:00:12,91282CLB5,TSRYS5850286,D,S,T,2024-07-29,2000000.00,4.364696,100.01953125
08:00:12,91282CLB5,TSRYS5850286,D,S,T,2024-07-29,2000000.00,4.364696,100.01953125
08:00:12,91282CLB5,TSRYS5850286,D,S,T,2024-07-29,1000000.00,4.361605,100.025390625
08:00:12,91282CLB5,TSRYS5850286,D,S,T,2024-07-29,1000000.00,4.362635,100.0234375
08:00:12,91282CLB5,TSRYS5850286,D,S,T,2024-07-29,2000000.00,4.362635,100.0234375
08:00:12,91282CLB5,TSRYS5850286,D,S,T,2024-07-29,1000000.00,4.362635,100.0234375
08:00:12,91282CLB5,TSRYS5850286,D,S,T,2024-07-29,2000000.00,4.362635,100.0234375
08:00:12,91282CLB5,TSRYS5850286,D,S,T,2024-07-29,1000000.00,4.363665,100.021484375
08:00:12,91282CLB5,TSRYS5850286,D,S,T,2024-07-29,1000000.00,4.364696,100.01953125
08:00:12,91282CLB5,TSRYS5850286,D,S,T,2024-07-29,1000000.00,4.364696,100.01953125
08:00:12,91282CLB5,TSRYS5850286,D,S,T,2024-07-29,1000000.00,4.364696,100.01953125
08:00:12,91282CLB5,TSRYS5850286,D,S,T,2024-07-29,1000000.00,4.369848,100.009765625
08:00:12,91282CLB5,TSRYS5850286,D,S,D,2024-07-29,1000000.00,4.369848,100.009765625
08:00:12,91282CLB5,TSRYS5850286,D,S,T,2024-07-29,1000000.00,4.365726,100.017578125
08:00:12,91282CLB5,TSRYS5850286,D,S,T,2024-07-29,1000000.00,4.365726,100.017578125
08:00:12,91282CLB5,TSRYS5850286,D,S,T,2024-07-29,1000000.00,4.365726,100.017578125
08:00:12,91282CLB5,TSRYS5850286,D,S,T,2024-07-29,2000000.00,4.366756,100.015625
08:00:12,91282CLB5,TSRYS5850286,D,S,T,2024-07-29,1000000.00,4.366756,100.015625
08:00:12,91282CLB5,TSRYS5850286,D,S,T,2024-07-29,1000000.00,4.366756,100.015625
08:00:12,91282CLB5,TSRYS5850286,D,S,T,2024-07-29,2000000.00,4.366756,100.015625
08:00:12,91282CLB5,TSRYS5850286,D,S,D,2024-07-29,1000000.00,4.365726,100.017578125
08:00:12,91282CLB5,TSRYS5850286,D,S,D,2024-07-29,1000000.00,4.365726,100.017578125
08:00:12,91282CLB5,TSRYS5850286,D,S,T,2024-07-29,1000000.00,4.365726,100.017578125
08:00:12,91282CLB5,TSRYS5850286,D,S,T,2024-07-29,1000000.00,4.365726,100.017578125
08:00:12,91282CLB5,TSRYS5850286,D,S,T,2024-07-29,1000000.00,4.365726,100.017578125
08:00:12,91282CLB5,TSRYS5850286,D,S,T,2024-07-29,1000000.00,4.365726,100.017578125
08:00:12,91282CLB5,TSRYS5850286,D,S,T,2024-07-29,1000000.00,4.365726,100.017578125
08:00:12,91282CLB5,TSRYS5850286,D,S,T,2024-07-29,1000000.00,4.365726,100.017578125
08:00:12,91282CLB5,TSRYS5850286,D,S,T,2024-07-29,1000000.00,4.365726,100.017578125
08:00:12,91282CLB5,TSRYS5850286,D,S,T,2024-07-29,1000000.00,4.365726,100.017578125
08:00:12,91282CLB5,TSRYS5850286,D,S,T,2024-07-29,1000000.00,4.365726,100.017578125
08:00:12,91282CLB5,TSRYS5850286,D,S,D,2024-07-29,1000000.00,4.365726,100.017578125
08:00:12,91282CLB5,TSRYS5850286,D,S,T,2024-07-29,1000000.00,4.365726,100.017578125
08:00:12,91282CLB5,TSRYS5850286,D,S,T,2024-07-29,1000000.00,4.366756,100.015625
08:00:12,91282CLB5,TSRYS5850286,D,S,D,2024-07-29,2000000.00,4.387369,99.9765625
08:00:12,91282CLB5,TSRYS5850286,D,S,D,2024-07-29,2000000.00,4.385307,99.98046875
08:00:12,91282CLB5,TSRYS5850286,D,S,D,2024-07-29,1000000.00,4.383245,99.984375
08:00:13,91282CLB5,TSRYS5850286,D,B,C,2024-07-29,1000000.00,4.380153,99.990234375
08:00:13,91282CLB5,TSRYS5850286,D,S,D,2024-07-29,1000000.00,4.380153,99.990234375
08:00:13,91282CLB5,TSRYS5850286,D,B,C,2024-07-29,132000000.00,4.432751,99.890625
08:00:13,91282CLB5,TSRYS5850286,D,S,T,2024-07-29,1000000.00,4.370878,100.0078125
08:00:13,91282CLB5,TSRYS5850286,D,S,T,2024-07-29,1000000.00,4.368817,100.01171875
08:00:13,91282CLB5,TSRYS5850286,D,S,T,2024-07-29,1000000.00,4.368817,100.01171875
08:00:13,91282CLB5,TSRYS5850286,D,S,T,2024-07-29,1000000.00,4.368817,100.01171875
08:00:13,91282CLB5,TSRYS5850286,D,S,T,2024-07-29,1000000.00,4.368817,100.01171875
08:00:14,91282CLB5,TSRYS5850286,D,S,T,2024-07-29,1000000.00,4.364696,100.01953125
08:00:14,91282CLB5,TSRYS5850286,D,S,D,2024-07-29,1000000.00,4.380153,99.990234375
08:00:14,91282CLB5,TSRYS5850286,D,B,C,2024-07-29,1000000.00,4.380153,99.990234375
08:00:14,91282CLB5,TSRYS5850286,D,S,D,2024-07-29,1000000.00,4.380153,99.990234375
08:00:14,91282CLB5,TSRYS5850286,D,S,D,2024-07-29,1000000.00,4.380153,99.990234375
08:00:20,91282CLB5,TSRYS5850286,D,S,D,2024-07-29,1000000.00,4.370878,100.0078125
08:00:21,91282CLB5,TSRYS5850286,D,S,T,2024-07-29,2000000.00,4.365726,100.017578125
08:00:21,91282CLB5,TSRYS5850286,D,S,T,2024-07-29,1000000.00,4.364696,100.01953125
08:00:26,91282CLB5,TSRYS5850286,D,S,T,2024-07-29,1000000.00,4.362635,100.0234375
08:00:27,91282CLB5,TSRYS5850286,D,S,T,2024-07-29,2000000.00,4.364696,100.01953125
08:00:27,91282CLB5,TSRYS5850286,D,S,T,2024-07-29,2000000.00,4.364696,100.01953125
08:00:27,91282CLB5,TSRYS5850286,D,S,T,2024-07-29,1000000.00,4.366756,100.015625
08:00:27,91282CLB5,TSRYS5850286,D,B,A,2024-07-29,18000000.00,4.364696,100.019531
08:00:27,91282CLB5,TSRYS5850286,D,S,D,2024-07-29,1000000.00,4.383245,99.984375
08:00:27,91282CLB5,TSRYS5850286,D,S,T,2024-07-29,1000000.00,4.372939,100.00390625
08:00:27,91282CLB5,TSRYS5850286,D,S,T,2024-07-29,1000000.00,4.372939,100.00390625
08:00:27,91282CLB5,TSRYS5850286,D,S,T,2024-07-29,1000000.00,4.364696,100.01953125
08:00:27,91282CLB5,TSRYS5850286,D,S,C,2024-07-29,12000000.00,4.364696,100.01953125
08:00:27,91282CLB5,TSRYS5850286,D,S,T,2024-07-29,1000000.00,4.368817,100.01171875
08:00:27,91282CLB5,TSRYS5850286,D,S,T,2024-07-29,3000000.00,4.368817,100.01171875
08:00:27,91282CLB5,TSRYS5850286,D,S,T,2024-07-29,1000000.00,4.369848,100.009765625
08:00:27,91282CLB5,TSRYS5850286,D,S,T,2024-07-29,1000000.00,4.369848,100.009765625
08:00:27,91282CLB5,TSRYS5850286,D,S,T,2024-07-29,1000000.00,4.369848,100.009765625
08:00:27,91282CLB5,TSRYS5850286,D,S,T,2024-07-29,4000000.00,4.369848,100.009765625
08:00:28,91282CLB5,TSRYS5850286,D,S,D,2024-07-29,1000000.00,4.361605,100.025390625
08:00:30,91282CLB5,TSRYS5850286,D,S,T,2024-07-29,1000000.00,4.385307,99.98046875
08:00:30,91282CLB5,TSRYS5850286,D,S,T,2024-07-29,1000000.00,4.381184,99.98828125
08:00:30,91282CLB5,TSRYS5850286,D,S,T,2024-07-29,1000000.00,4.381184,99.98828125
08:00:30,91282CLB5,TSRYS5850286,D,S,T,2024-07-29,1000000.00,4.383245,99.984375
08:00:30,91282CLB5,TSRYS5850286,D,S,T,2024-07-29,1000000.00,4.383245,99.984375
08:00:30,91282CLB5,TSRYS5850286,D,S,T,2024-07-29,1000000.00,4.381184,99.98828125
08:00:30,91282CLB5,TSRYS5850286,D,S,T,2024-07-29,1000000.00,4.379122,99.9921875
08:00:30,91282CLB5,TSRYS5850286,D,S,T,2024-07-29,1000000.00,4.379122,99.9921875
08:00:30,91282CLB5,TSRYS5850286,D,S,T,2024-07-29,1000000.00,4.379122,99.9921875
08:00:30,91282CLB5,TSRYS5850286,D,S,T,2024-07-29,1000000.00,4.379122,99.9921875
08:00:30,91282CLB5,TSRYS5850286,D,S,T,2024-07-29,1000000.00,4.378092,99.994140625
08:00:30,91282CLB5,TSRYS5850286,D,S,T,2024-07-29,1000000.00,4.377061,99.99609375
08:00:30,91282CLB5,TSRYS5850286,D,S,T,2024-07-29,1000000.00,4.377061,99.99609375
08:00:30,91282CLB5,TSRYS5850286,D,S,T,2024-07-29,1000000.00,4.377061,99.99609375
08:00:30,91282CLB5,TSRYS5850286,D,S,T,2024-07-29,1000000.00,4.377061,99.99609375
08:00:30,91282CLB5,TSRYS5850286,D,S,T,2024-07-29,1000000.00,4.377061,99.99609375
08:00:30,91282CLB5,TSRYS5850286,D,S,T,2024-07-29,1000000.00,4.377061,99.99609375
08:00:30,91282CLB5,TSRYS5850286,D,S,T,2024-07-29,1000000.00,4.375,100.0
08:00:30,91282CLB5,TSRYS5850286,D,S,T,2024-07-29,1000000.00,4.375,100.0
08:00:30,91282CLB5,TSRYS5850286,D,S,T,2024-07-29,1000000.00,4.375,100.0
08:00:30,91282CLB5,TSRYS5850286,D,S,T,2024-07-29,1000000.00,4.375,100.0
08:00:30,91282CLB5,TSRYS5850286,D,S,T,2024-07-29,1000000.00,4.375,100.0
08:00:30,91282CLB5,TSRYS5850286,D,S,T,2024-07-29,1000000.00,4.370878,100.0078125
08:00:30,91282CLB5,TSRYS5850286,D,S,T,2024-07-29,1000000.00,4.372939,100.00390625
08:00:30,91282CLB5,TSRYS5850286,D,S,T,2024-07-29,1000000.00,4.371908,100.005859375
08:00:30,91282CLB5,TSRYS5850286,D,S,T,2024-07-29,1000000.00,4.371908,100.005859375
08:00:30,91282CLB5,TSRYS5850286,D,S,T,2024-07-29,1000000.00,4.371908,100.005859375
08:00:30,91282CLB5,TSRYS5850286,D,S,T,2024-07-29,1000000.00,4.371908,100.005859375
08:00:30,91282CLB5,TSRYS5850286,D,S,T,2024-07-29,1000000.00,4.371908,100.005859375
08:00:30,91282CLB5,TSRYS5850286,D,S,T,2024-07-29,2000000.00,4.372939,100.00390625
08:00:30,91282CLB5,TSRYS5850286,D,S,T,2024-07-29,1000000.00,4.372939,100.00390625
08:00:30,91282CLB5,TSRYS5850286,D,S,T,2024-07-29,1000000.00,4.372939,100.00390625
08:00:30,91282CLB5,TSRYS5850286,D,S,T,2024-07-29,1000000.00,4.372939,100.00390625
08:00:30,91282CLB5,TSRYS5850286,D,S,T,2024-07-29,1000000.00,4.372939,100.00390625
08:00:30,91282CLB5,TSRYS5850286,D,S,T,2024-07-29,2000000.00,4.372939,100.00390625
08:00:30,91282CLB5,TSRYS5850286,D,S,T,2024-07-29,1000000.00,4.370878,100.0078125
08:00:30,91282CLB5,TSRYS5850286,D,S,T,2024-07-29,2000000.00,4.370878,100.0078125
08:00:30,91282CLB5,TSRYS5850286,D,S,T,2024-07-29,2000000.00,4.364696,100.01953125
08:00:30,91282CLB5,TSRYS5850286,D,S,T,2024-07-29,1000000.00,4.365726,100.017578125
08:00:30,91282CLB5,TSRYS5850286,D,S,T,2024-07-29,2000000.00,4.365726,100.017578125
08:00:30,91282CLB5,TSRYS5850286,D,S,T,2024-07-29,1000000.00,4.365726,100.017578125
08:00:30,91282CLB5,TSRYS5850286,D,S,T,2024-07-29,2000000.00,4.365726,100.017578125
08:00:30,91282CLB5,TSRYS5850286,D,S,T,2024-07-29,1000000.00,4.365726,100.017578125
08:00:30,91282CLB5,TSRYS5850286,D,S,T,2024-07-29,2000000.00,4.365726,100.017578125
08:00:30,91282CLB5,TSRYS5850286,D,S,T,2024-07-29,1000000.00,4.365726,100.017578125
08:00:30,91282CLB5,TSRYS5850286,D,S,T,2024-07-29,2000000.00,4.365726,100.017578125
08:00:30,91282CLB5,TSRYS5850286,D,S,T,2024-07-29,2000000.00,4.362635,100.0234375
08:00:30,91282CLB5,TSRYS5850286,D,S,T,2024-07-29,3000000.00,4.360575,100.02734375
08:00:30,91282CLB5,TSRYS5850286,D,S,T,2024-07-29,3000000.00,4.362635,100.0234375
08:00:30,91282CLB5,TSRYS5850286,D,S,T,2024-07-29,2000000.00,4.362635,100.0234375
08:00:30,91282CLB5,TSRYS5850286,D,S,T,2024-07-29,2000000.00,4.362635,100.0234375
08:00:30,91282CLB5,TSRYS5850286,D,S,T,2024-07-29,2000000.00,4.362635,100.0234375
08:00:30,91282CLB5,TSRYS5850286,D,S,T,2024-07-29,1000000.00,4.364696,100.01953125
08:00:30,91282CLB5,TSRYS5850286,D,S,T,2024-07-29,1000000.00,4.364696,100.01953125
08:00:30,91282CLB5,TSRYS5850286,D,S,T,2024-07-29,1000000.00,4.364696,100.01953125
08:00:30,91282CLB5,TSRYS5850286,D,S,T,2024-07-29,3000000.00,4.364696,100.01953125
08:00:30,91282CLB5,TSRYS5850286,D,S,T,2024-07-29,4000000.00,4.364696,100.01953125
08:00:30,91282CLB5,TSRYS5850286,D,S,T,2024-07-29,2000000.00,4.364696,100.01953125
08:00:30,91282CLB5,TSRYS5850286,D,S,T,2024-07-29,1000000.00,4.364696,100.01953125
08:00:30,91282CLB5,TSRYS5850286,D,S,T,2024-07-29,1000000.00,4.364696,100.01953125
08:00:30,91282CLB5,TSRYS5850286,D,S,T,2024-07-29,3000000.00,4.364696,100.01953125
08:00:30,91282CLB5,TSRYS5850286,D,S,T,2024-07-29,3000000.00,4.364696,100.01953125
08:00:30,91282CLB5,TSRYS5850286,D,S,T,2024-07-29,2000000.00,4.364696,100.01953125
08:00:30,91282CLB5,TSRYS5850286,D,S,T,2024-07-29,1000000.00,4.364696,100.01953125
08:00:30,91282CLB5,TSRYS5850286,D,S,T,2024-07-29,1000000.00,4.364696,100.01953125
08:00:30,91282CLB5,TSRYS5850286,D,S,T,2024-07-29,1000000.00,4.364696,100.01953125
08:00:30,91282CLB5,TSRYS5850286,D,S,T,2024-07-29,1000000.00,4.364696,100.01953125
08:00:30,91282CLB5,TSRYS5850286,D,S,T,2024-07-29,1000000.00,4.364696,100.01953125
08:00:30,91282CLB5,TSRYS5850286,D,S,T,2024-07-29,1000000.00,4.364696,100.01953125
08:00:30,91282CLB5,TSRYS5850286,D,S,T,2024-07-29,2000000.00,4.364696,100.01953125
08:00:30,91282CLB5,TSRYS5850286,D,S,T,2024-07-29,2000000.00,4.364696,100.01953125
08:00:30,91282CLB5,TSRYS5850286,D,S,T,2024-07-29,1000000.00,4.364696,100.01953125
08:00:30,91282CLB5,TSRYS5850286,D,S,T,2024-07-29,1000000.00,4.364696,100.01953125
08:00:30,91282CLB5,TSRYS5850286,D,S,T,2024-07-29,1000000.00,4.364696,100.01953125
08:00:30,91282CLB5,TSRYS5850286,D,S,T,2024-07-29,1000000.00,4.364696,100.01953125
08:00:30,91282CLB5,TSRYS5850286,D,S,T,2024-07-29,1000000.00,4.364696,100.01953125
08:00:30,91282CLB5,TSRYS5850286,D,S,T,2024-07-29,1000000.00,4.362635,100.0234375
08:00:30,91282CLB5,TSRYS5850286,D,S,T,2024-07-29,1000000.00,4.362635,100.0234375
08:00:30,91282CLB5,TSRYS5850286,D,S,T,2024-07-29,1000000.00,4.362635,100.0234375
08:00:30,91282CLB5,TSRYS5850286,D,S,T,2024-07-29,1000000.00,4.362635,100.0234375
08:00:30,91282CLB5,TSRYS5850286,D,S,T,2024-07-29,2000000.00,4.362635,100.0234375
08:00:30,91282CLB5,TSRYS5850286,D,S,T,2024-07-29,2000000.00,4.364696,100.01953125
08:00:30,91282CLB5,TSRYS5850286,D,S,T,2024-07-29,2000000.00,4.364696,100.01953125
08:00:30,91282CLB5,TSRYS5850286,D,S,T,2024-07-29,2000000.00,4.366756,100.015625
08:00:30,91282CLB5,TSRYS5850286,D,S,T,2024-07-29,2000000.00,4.369848,100.009765625
08:00:30,91282CLB5,TSRYS5850286,D,S,T,2024-07-29,1000000.00,4.370878,100.0078125
08:00:30,91282CLB5,TSRYS5850286,D,S,T,2024-07-29,1000000.00,4.370878,100.0078125
08:00:30,91282CLB5,TSRYS5850286,D,S,T,2024-07-29,1000000.00,4.370878,100.0078125
08:00:30,91282CLB5,TSRYS5850286,D,S,T,2024-07-29,1000000.00,4.370878,100.0078125
08:00:30,91282CLB5,TSRYS5850286,D,S,T,2024-07-29,2000000.00,4.370878,100.0078125
08:00:30,91282CLB5,TSRYS5850286,D,S,T,2024-07-29,1000000.00,4.370878,100.0078125
08:00:30,91282CLB5,TSRYS5850286,D,S,T,2024-07-29,3000000.00,4.370878,100.0078125
08:00:30,91282CLB5,TSRYS5850286,D,S,T,2024-07-29,3000000.00,4.370878,100.0078125
08:00:30,91282CLB5,TSRYS5850286,D,S,T,2024-07-29,2000000.00,4.366756,100.015625
08:00:30,91282CLB5,TSRYS5850286,D,S,T,2024-07-29,1000000.00,4.368817,100.01171875
08:00:30,91282CLB5,TSRYS5850286,D,S,T,2024-07-29,1000000.00,4.368817,100.01171875
08:00:30,91282CLB5,TSRYS5850286,D,S,T,2024-07-29,1000000.00,4.366756,100.015625
08:00:30,91282CLB5,TSRYS5850286,D,S,T,2024-07-29,1000000.00,4.366756,100.015625
08:00:30,91282CLB5,TSRYS5850286,D,S,T,2024-07-29,2000000.00,4.364696,100.01953125
08:00:30,91282CLB5,TSRYS5850286,D,S,T,2024-07-29,1000000.00,4.364696,100.01953125
08:00:30,91282CLB5,TSRYS5850286,D,S,T,2024-07-29,1000000.00,4.364696,100.01953125
08:00:30,91282CLB5,TSRYS5850286,D,S,T,2024-07-29,1000000.00,4.364696,100.01953125
08:00:30,91282CLB5,TSRYS5850286,D,S,T,2024-07-29,1000000.00,4.362635,100.0234375
08:00:30,91282CLB5,TSRYS5850286,D,S,T,2024-07-29,1000000.00,4.360575,100.02734375
08:00:30,91282CLB5,TSRYS5850286,D,S,T,2024-07-29,2000000.00,4.360575,100.02734375
08:00:30,91282CLB5,TSRYS5850286,D,S,T,2024-07-29,1000000.00,4.358514,100.03125
08:00:30,91282CLB5,TSRYS5850286,D,S,T,2024-07-29,1000000.00,4.360575,100.02734375
08:00:30,91282CLB5,TSRYS5850286,D,S,T,2024-07-29,1000000.00,4.360575,100.02734375
08:00:30,91282CLB5,TSRYS5850286,D,S,T,2024-07-29,1000000.00,4.360575,100.02734375
08:00:30,91282CLB5,TSRYS5850286,D,S,T,2024-07-29,1000000.00,4.360575,100.02734375
08:00:30,91282CLB5,TSRYS5850286,D,S,T,2024-07-29,1000000.00,4.360575,100.02734375
08:00:30,91282CLB5,TSRYS5850286,D,S,T,2024-07-29,1000000.00,4.360575,100.02734375
08:00:30,91282CLB5,TSRYS5850286,D,S,T,2024-07-29,2000000.00,4.360575,100.02734375
08:00:30,91282CLB5,TSRYS5850286,D,S,T,2024-07-29,1000000.00,4.360575,100.02734375
08:00:30,91282CLB5,TSRYS5850286,D,S,T,2024-07-29,1000000.00,4.360575,100.02734375
08:00:30,91282CLB5,TSRYS5850286,D,S,T,2024-07-29,1000000.00,4.360575,100.02734375
08:00:30,91282CLB5,TSRYS5850286,D,S,T,2024-07-29,1000000.00,4.362635,100.0234375
08:00:30,91282CLB5,TSRYS5850286,D,S,T,2024-07-29,1000000.00,4.362635,100.0234375
08:00:30,91282CLB5,TSRYS5850286,D,S,T,2024-07-29,1000000.00,4.362635,100.0234375
08:00:30,91282CLB5,TSRYS5850286,D,S,T,2024-07-29,1000000.00,4.362635,100.0234375
08:00:30,91282CLB5,TSRYS5850286,D,S,T,2024-07-29,2000000.00,4.362635,100.0234375
08:00:30,91282CLB5,TSRYS5850286,D,S,T,2024-07-29,1000000.00,4.364696,100.01953125
08:00:30,91282CLB5,TSRYS5850286,D,S,T,2024-07-29,1000000.00,4.364696,100.01953125
08:00:30,91282CLB5,TSRYS5850286,D,S,T,2024-07-29,1000000.00,4.366756,100.015625
08:00:30,91282CLB5,TSRYS5850286,D,S,T,2024-07-29,1000000.00,4.368817,100.01171875
08:00:30,91282CLB5,TSRYS5850286,D,S,T,2024-07-29,1000000.00,4.370878,100.0078125
08:00:30,91282CLB5,TSRYS5850286,D,S,T,2024-07-29,1000000.00,4.370878,100.0078125
08:00:30,91282CLB5,TSRYS5850286,D,S,T,2024-07-29,1000000.00,4.370878,100.0078125
08:00:30,91282CLB5,TSRYS5850286,D,S,T,2024-07-29,1000000.00,4.370878,100.0078125
08:00:30,91282CLB5,TSRYS5850286,D,S,T,2024-07-29,1000000.00,4.370878,100.0078125
08:00:30,91282CLB5,TSRYS5850286,D,S,T,2024-07-29,1000000.00,4.370878,100.0078125
08:00:30,91282CLB5,TSRYS5850286,D,S,T,2024-07-29,1000000.00,4.370878,100.0078125
08:00:30,91282CLB5,TSRYS5850286,D,S,T,2024-07-29,1000000.00,4.370878,100.0078125
08:00:30,91282CLB5,TSRYS5850286,D,S,T,2024-07-29,1000000.00,4.370878,100.0078125
08:00:30,91282CLB5,TSRYS5850286,D,S,T,2024-07-29,2000000.00,4.370878,100.0078125
08:00:30,91282CLB5,TSRYS5850286,D,S,T,2024-07-29,1000000.00,4.370878,100.0078125
08:00:30,91282CLB5,TSRYS5850286,D,S,T,2024-07-29,2000000.00,4.370878,100.0078125
08:00:30,91282CLB5,TSRYS5850286,D,S,T,2024-07-29,1000000.00,4.370878,100.0078125
08:00:31,91282CLB5,TSRYS5850286,D,S,T,2024-07-29,1000000.00,4.370878,100.0078125
08:00:31,91282CLB5,TSRYS5850286,D,S,T,2024-07-29,1000000.00,4.370878,100.0078125
08:00:31,91282CLB5,TSRYS5850286,D,S,T,2024-07-29,2000000.00,4.369848,100.009765625
08:00:31,91282CLB5,TSRYS5850286,D,S,T,2024-07-29,1000000.00,4.370878,100.0078125
08:00:31,91282CLB5,TSRYS5850286,D,S,T,2024-07-29,1000000.00,4.370878,100.0078125
08:00:31,91282CLB5,TSRYS5850286,D,S,T,2024-07-29,2000000.00,4.371908,100.005859375
08:00:31,91282CLB5,TSRYS5850286,D,S,T,2024-07-29,1000000.00,4.370878,100.0078125
08:00:31,91282CLB5,TSRYS5850286,D,S,T,2024-07-29,1000000.00,4.368817,100.01171875
08:00:31,91282CLB5,TSRYS5850286,D,S,T,2024-07-29,1000000.00,4.368817,100.01171875
08:00:31,91282CLB5,TSRYS5850286,D,S,T,2024-07-29,1000000.00,4.368817,100.01171875
08:00:31,91282CLB5,TSRYS5850286,D,S,T,2024-07-29,1000000.00,4.368817,100.01171875
08:00:31,91282CLB5,TSRYS5850286,D,S,T,2024-07-29,1000000.00,4.368817,100.01171875
08:00:31,91282CLB5,TSRYS5850286,D,S,T,2024-07-29,1000000.00,4.368817,100.01171875
08:00:31,91282CLB5,TSRYS5850286,D,S,T,2024-07-29,1000000.00,4.368817,100.01171875
08:00:31,91282CLB5,TSRYS5850286,D,S,T,2024-07-29,1000000.00,4.370878,100.0078125
08:00:31,91282CLB5,TSRYS5850286,D,S,T,2024-07-29,1000000.00,4.370878,100.0078125
08:00:31,91282CLB5,TSRYS5850286,D,S,T,2024-07-29,1000000.00,4.370878,100.0078125
08:00:31,91282CLB5,TSRYS5850286,D,S,T,2024-07-29,1000000.00,4.368817,100.01171875
08:00:31,91282CLB5,TSRYS5850286,D,S,T,2024-07-29,1000000.00,4.368817,100.01171875
08:00:31,91282CLB5,TSRYS5850286,D,S,T,2024-07-29,1000000.00,4.368817,100.01171875
08:00:31,91282CLB5,TSRYS5850286,D,S,T,2024-07-29,1000000.00,4.368817,100.01171875
08:00:31,91282CLB5,TSRYS5850286,D,S,D,2024-07-29,3000000.00,4.370878,100.0078125
08:00:31,91282CLB5,TSRYS5850286,D,S,T,2024-07-29,1000000.00,4.368817,100.01171875
08:00:31,91282CLB5,TSRYS5850286,D,S,T,2024-07-29,1000000.00,4.366756,100.015625
08:00:31,91282CLB5,TSRYS5850286,D,S,T,2024-07-29,1000000.00,4.366756,100.015625
08:00:31,91282CLB5,TSRYS5850286,D,S,T,2024-07-29,1000000.00,4.366756,100.015625
08:00:31,91282CLB5,TSRYS5850286,D,S,T,2024-07-29,1000000.00,4.366756,100.015625
08:00:31,91282CLB5,TSRYS5850286,D,S,T,2024-07-29,1000000.00,4.366756,100.015625
08:00:31,91282CLB5,TSRYS5850286,D,S,T,2024-07-29,1000000.00,4.368817,100.01171875
08:00:31,91282CLB5,TSRYS5850286,D,S,T,2024-07-29,1000000.00,4.368817,100.01171875
08:00:31,91282CLB5,TSRYS5850286,D,S,T,2024-07-29,1000000.00,4.366756,100.015625
08:00:31,91282CLB5,TSRYS5850286,D,S,T,2024-07-29,4000000.00,4.365726,100.017578125
08:00:31,91282CLB5,TSRYS5850286,D,S,T,2024-07-29,1000000.00,4.365726,100.017578125
08:00:31,91282CLB5,TSRYS5850286,D,S,T,2024-07-29,1000000.00,4.367787,100.013671875
08:00:31,91282CLB5,TSRYS5850286,D,S,T,2024-07-29,1000000.00,4.367787,100.013671875
08:00:31,91282CLB5,TSRYS5850286,D,S,T,2024-07-29,1000000.00,4.367787,100.013671875
08:00:31,91282CLB5,TSRYS5850286,D,S,T,2024-07-29,1000000.00,4.367787,100.013671875
08:00:31,91282CLB5,TSRYS5850286,D,S,T,2024-07-29,1000000.00,4.366756,100.015625
08:00:31,91282CLB5,TSRYS5850286,D,S,T,2024-07-29,1000000.00,4.368817,100.01171875
08:00:31,91282CLB5,TSRYS5850286,D,S,T,2024-07-29,1000000.00,4.366756,100.015625
08:00:31,91282CLB5,TSRYS5850286,D,S,T,2024-07-29,1000000.00,4.366756,100.015625
08:00:31,91282CLB5,TSRYS5850286,D,S,T,2024-07-29,1000000.00,4.366756,100.015625
08:00:31,91282CLB5,TSRYS5850286,D,S,T,2024-07-29,1000000.00,4.366756,100.015625
08:00:31,91282CLB5,TSRYS5850286,D,S,T,2024-07-29,1000000.00,4.364696,100.01953125
08:00:31,91282CLB5,TSRYS5850286,D,S,T,2024-07-29,3000000.00,4.364696,100.01953125
08:00:31,91282CLB5,TSRYS5850286,D,S,T,2024-07-29,1000000.00,4.364696,100.01953125
08:00:31,91282CLB5,TSRYS5850286,D,S,T,2024-07-29,1000000.00,4.364696,100.01953125
08:00:31,91282CLB5,TSRYS5850286,D,S,T,2024-07-29,2000000.00,4.364696,100.01953125
08:00:31,91282CLB5,TSRYS5850286,D,S,T,2024-07-29,2000000.00,4.364696,100.01953125
08:00:31,91282CLB5,TSRYS5850286,D,S,T,2024-07-29,1000000.00,4.364696,100.01953125
08:00:31,91282CLB5,TSRYS5850286,D,S,T,2024-07-29,1000000.00,4.364696,100.01953125
08:00:31,91282CLB5,TSRYS5850286,D,S,T,2024-07-29,2000000.00,4.364696,100.01953125
08:00:31,91282CLB5,TSRYS5850286,D,S,T,2024-07-29,5000000.00,4.370878,100.0078125
08:00:31,91282CLB5,TSRYS5850286,D,S,T,2024-07-29,1000000.00,4.370878,100.0078125
08:00:31,91282CLB5,TSRYS5850286,D,S,T,2024-07-29,1000000.00,4.370878,100.0078125
08:00:31,91282CLB5,TSRYS5850286,D,S,T,2024-07-29,2000000.00,4.370878,100.0078125
08:00:31,91282CLB5,TSRYS5850286,D,S,T,2024-07-29,2000000.00,4.366756,100.015625
08:00:31,91282CLB5,TSRYS5850286,D,S,T,2024-07-29,2000000.00,4.366756,100.015625
08:00:31,91282CLB5,TSRYS5850286,D,S,T,2024-07-29,2000000.00,4.366756,100.015625
08:00:31,91282CLB5,TSRYS5850286,D,S,T,2024-07-29,2000000.00,4.366756,100.015625
08:00:31,91282CLB5,TSRYS5850286,D,S,T,2024-07-29,2000000.00,4.366756,100.015625
08:00:31,91282CLB5,TSRYS5850286,D,S,T,2024-07-29,2000000.00,4.366756,100.015625
08:00:31,91282CLB5,TSRYS5850286,D,S,T,2024-07-29,2000000.00,4.366756,100.015625
08:00:31,91282CLB5,TSRYS5850286,D,S,T,2024-07-29,2000000.00,4.366756,100.015625
08:00:31,91282CLB5,TSRYS5850286,D,S,T,2024-07-29,1000000.00,4.366756,100.015625
08:00:31,91282CLB5,TSRYS5850286,D,S,T,2024-07-29,1000000.00,4.366756,100.015625
08:00:31,91282CLB5,TSRYS5850286,D,S,T,2024-07-29,4000000.00,4.366756,100.015625
08:00:31,91282CLB5,TSRYS5850286,D,S,T,2024-07-29,4000000.00,4.365726,100.017578125
08:00:31,91282CLB5,TSRYS5850286,D,S,T,2024-07-29,4000000.00,4.365726,100.017578125
08:00:31,91282CLB5,TSRYS5850286,D,S,T,2024-07-29,6000000.00,4.365726,100.017578125
08:00:31,91282CLB5,TSRYS5850286,D,S,T,2024-07-29,1000000.00,4.365726,100.017578125
08:00:31,91282CLB5,TSRYS5850286,D,S,T,2024-07-29,2000000.00,4.364696,100.01953125
08:00:31,91282CLB5,TSRYS5850286,D,S,T,2024-07-29,4000000.00,4.364696,100.01953125
08:00:31,91282CLB5,TSRYS5850286,D,S,T,2024-07-29,2000000.00,4.364696,100.01953125
08:00:31,91282CLB5,TSRYS5850286,D,S,T,2024-07-29,2000000.00,4.364696,100.01953125
08:00:31,91282CLB5,TSRYS5850286,D,S,T,2024-07-29,4000000.00,4.364696,100.01953125
08:00:31,91282CLB5,TSRYS5850286,D,S,T,2024-07-29,5000000.00,4.364696,100.01953125
08:00:31,91282CLB5,TSRYS5850286,D,S,T,2024-07-29,2000000.00,4.362635,100.0234375
08:00:31,91282CLB5,TSRYS5850286,D,S,D,2024-07-29,1000000.00,4.362635,100.0234375
08:00:31,91282CLB5,TSRYS5850286,D,S,D,2024-07-29,1000000.00,4.363665,100.021484375
08:00:31,91282CLB5,TSRYS5850286,D,S,D,2024-07-29,2000000.00,4.363665,100.021484375
08:00:31,91282CLB5,TSRYS5850286,D,S,D,2024-07-29,3000000.00,4.370878,100.0078125
08:00:31,91282CLB5,TSRYS5850286,D,S,D,2024-07-29,3000000.00,4.360575,100.02734375
08:00:31,91282CLB5,TSRYS5850286,D,S,D,2024-07-29,3000000.00,4.362635,100.0234375
08:00:31,91282CLB5,TSRYS5850286,D,S,D,2024-07-29,3000000.00,4.369848,100.009765625
08:00:31,91282CLB5,TSRYS5850286,D,S,D,2024-07-29,3000000.00,4.369848,100.009765625
08:00:31,91282CLB5,TSRYS5850286,D,S,D,2024-07-29,4000000.00,4.366756,100.015625
08:00:31,91282CLB5,TSRYS5850286,D,S,D,2024-07-29,3000000.00,4.365726,100.017578125
08:00:31,91282CLB5,TSRYS5850286,D,S,D,2024-07-29,4000000.00,4.366756,100.015625
08:00:31,91282CLB5,TSRYS5850286,D,S,D,2024-07-29,1000000.00,4.364696,100.01953125
08:00:31,91282CLB5,TSRYS5850286,D,S,T,2024-07-29,1000000.00,4.365726,100.017578125
08:00:31,91282CLB5,TSRYS5850286,D,B,A,2024-07-29,2000000.00,4.366756,100.015625
08:00:31,91282CLB5,TSRYS5850286,D,S,D,2024-07-29,3000000.00,4.362635,100.0234375
08:00:31,91282CLB5,TSRYS5850286,D,S,D,2024-07-29,1000000.00,4.362635,100.0234375
08:00:31,91282CLB5,TSRYS5850286,D,S,D,2024-07-29,2000000.00,4.362635,100.0234375
08:00:31,91282CLB5,TSRYS5850286,D,S,D,2024-07-29,1000000.00,4.362635,100.0234375
08:00:31,91282CLB5,TSRYS5850286,D,S,D,2024-07-29,2000000.00,4.361605,100.025390625
08:00:31,91282CLB5,TSRYS5850286,D,S,D,2024-07-29,1000000.00,4.362635,100.0234375
08:00:31,91282CLB5,TSRYS5850286,D,S,D,2024-07-29,1000000.00,4.362635,100.0234375
08:00:31,91282CLB5,TSRYS5850286,D,S,D,2024-07-29,1000000.00,4.362635,100.0234375
08:00:31,91282CLB5,TSRYS5850286,D,S,T,2024-07-29,1000000.00,4.364696,100.01953125
08:00:31,91282CLB5,TSRYS5850286,D,S,T,2024-07-29,1000000.00,4.364696,100.01953125
08:00:31,91282CLB5,TSRYS5850286,D,S,T,2024-07-29,1000000.00,4.364696,100.01953125
08:00:31,91282CLB5,TSRYS5850286,D,S,T,2024-07-29,1000000.00,4.364696,100.01953125
08:00:31,91282CLB5,TSRYS5850286,D,S,D,2024-07-29,1000000.00,4.369848,100.009765625
08:00:31,91282CLB5,TSRYS5850286,D,S,D,2024-07-29,2000000.00,4.369848,100.009765625
08:00:31,91282CLB5,TSRYS5850286,D,S,T,2024-07-29,1000000.00,4.364696,100.01953125
08:00:31,91282CLB5,TSRYS5850286,D,S,T,2024-07-29,1000000.00,4.364696,100.01953125
08:00:31,91282CLB5,TSRYS5850286,D,S,T,2024-07-29,1000000.00,4.364696,100.01953125
08:00:31,91282CLB5,TSRYS5850286,D,S,T,2024-07-29,1000000.00,4.364696,100.01953125
08:00:31,91282CLB5,TSRYS5850286,D,B,A,2024-07-29,20400000.00,4.366756,100.015625
08:00:31,91282CLB5,TSRYS5850286,D,S,T,2024-07-29,2000000.00,4.377061,99.99609375
08:00:31,91282CLB5,TSRYS5850286,D,S,T,2024-07-29,2000000.00,4.370878,100.0078125
08:00:31,91282CLB5,TSRYS5850286,D,S,T,2024-07-29,1000000.00,4.370878,100.0078125
08:00:31,91282CLB5,TSRYS5850286,D,S,T,2024-07-29,2000000.00,4.363665,100.021484375
08:00:31,91282CLB5,TSRYS5850286,D,S,T,2024-07-29,1000000.00,4.365726,100.017578125
08:00:31,91282CLB5,TSRYS5850286,D,S,T,2024-07-29,2000000.00,4.365726,100.017578125
08:00:31,91282CLB5,TSRYS5850286,D,S,T,2024-07-29,1000000.00,4.365726,100.017578125
08:00:31,91282CLB5,TSRYS5850286,D,S,T,2024-07-29,1000000.00,4.366756,100.015625
08:00:31,91282CLB5,TSRYS5850286,D,S,T,2024-07-29,2000000.00,4.366756,100.015625
08:00:31,91282CLB5,TSRYS5850286,D,S,T,2024-07-29,1000000.00,4.362635,100.0234375
08:00:31,91282CLB5,TSRYS5850286,D,S,T,2024-07-29,1000000.00,4.362635,100.0234375
08:00:31,91282CLB5,TSRYS5850286,D,S,T,2024-07-29,1000000.00,4.362635,100.0234375
08:00:31,91282CLB5,TSRYS5850286,D,S,T,2024-07-29,1000000.00,4.362635,100.0234375
08:00:31,91282CLB5,TSRYS5850286,D,S,T,2024-07-29,2000000.00,4.362635,100.0234375
08:00:31,91282CLB5,TSRYS5850286,D,S,T,2024-07-29,1000000.00,4.362635,100.0234375
08:00:31,91282CLB5,TSRYS5850286,D,S,T,2024-07-29,1000000.00,4.361605,100.025390625
08:00:31,91282CLB5,TSRYS5850286,D,S,T,2024-07-29,1000000.00,4.369848,100.009765625
08:00:31,91282CLB5,TSRYS5850286,D,S,T,2024-07-29,1000000.00,4.370878,100.0078125
08:00:31,91282CLB5,TSRYS5850286,D,S,T,2024-07-29,2000000.00,4.366756,100.015625
08:00:31,91282CLB5,TSRYS5850286,D,S,T,2024-07-29,1000000.00,4.368817,100.01171875
08:00:32,91282CLB5,TSRYS5850286,D,S,T,2024-07-29,2000000.00,4.366756,100.015625
08:00:32,91282CLB5,TSRYS5850286,D,S,T,2024-07-29,2000000.00,4.366756,100.015625
08:00:32,91282CLB5,TSRYS5850286,D,S,A,2024-07-29,600000.00,4.368817,100.01171875
08:00:32,91282CLB5,TSRYS5850286,D,S,T,2024-07-29,1000000.00,4.368817,100.01171875
08:00:32,91282CLB5,TSRYS5850286,D,S,T,2024-07-29,1000000.00,4.368817,100.01171875
08:00:32,91282CLB5,TSRYS5850286,D,S,T,2024-07-29,1000000.00,4.368817,100.01171875
08:00:32,91282CLB5,TSRYS5850286,D,S,T,2024-07-29,1000000.00,4.368817,100.01171875
08:00:32,91282CLB5,TSRYS5850286,D,S,T,2024-07-29,3000000.00,4.368817,100.01171875
08:00:32,91282CLB5,TSRYS5850286,D,S,T,2024-07-29,3000000.00,4.368817,100.01171875
08:00:32,91282CLB5,TSRYS5850286,D,S,T,2024-07-29,1000000.00,4.368817,100.01171875
08:00:32,91282CLB5,TSRYS5850286,D,S,T,2024-07-29,2000000.00,4.367787,100.013671875
08:00:32,91282CLB5,TSRYS5850286,D,S,T,2024-07-29,3000000.00,4.369848,100.009765625
08:00:32,91282CLB5,TSRYS5850286,D,S,T,2024-07-29,1000000.00,4.369848,100.009765625
08:00:32,91282CLB5,TSRYS5850286,D,S,T,2024-07-29,2000000.00,4.369848,100.009765625
08:00:32,91282CLB5,TSRYS5850286,D,S,T,2024-07-29,1000000.00,4.368817,100.01171875
08:00:32,91282CLB5,TSRYS5850286,D,S,T,2024-07-29,1000000.00,4.368817,100.01171875
08:00:32,91282CLB5,TSRYS5850286,D,S,T,2024-07-29,4000000.00,4.366756,100.015625
08:00:32,91282CLB5,TSRYS5850286,D,S,T,2024-07-29,3000000.00,4.366756,100.015625
08:00:32,91282CLB5,TSRYS5850286,D,S,T,2024-07-29,3000000.00,4.366756,100.015625
08:00:32,91282CLB5,TSRYS5850286,D,S,T,2024-07-29,4000000.00,4.364696,100.01953125
08:00:32,91282CLB5,TSRYS5850286,D,S,T,2024-07-29,4000000.00,4.364696,100.01953125
08:00:33,91282CLB5,TSRYS5850286,D,S,D,2024-07-29,3000000.00,4.360575,100.02734375
08:00:34,91282CLB5,TSRYS5850286,D,S,D,2024-07-29,3000000.00,4.362635,100.0234375
08:00:34,91282CLB5,TSRYS5850286,D,S,D,2024-07-29,1000000.00,4.363665,100.021484375
08:00:34,91282CLB5,TSRYS5850286,D,S,D,2024-07-29,2000000.00,4.362635,100.0234375
08:00:34,91282CLB5,TSRYS5850286,D,S,D,2024-07-29,3000000.00,4.368817,100.01171875
08:00:34,91282CLB5,TSRYS5850286,D,S,D,2024-07-29,3000000.00,4.368817,100.01171875
08:00:34,91282CLB5,TSRYS5850286,D,S,D,2024-07-29,3000000.00,4.368817,100.01171875
08:00:34,91282CLB5,TSRYS5850286,D,S,D,2024-07-29,3000000.00,4.368817,100.01171875
08:00:34,91282CLB5,TSRYS5850286,D,S,D,2024-07-29,1000000.00,4.368817,100.01171875
08:00:34,91282CLB5,TSRYS5850286,D,S,D,2024-07-29,3000000.00,4.368817,100.01171875
08:00:34,91282CLB5,TSRYS5850286,D,S,D,2024-07-29,3000000.00,4.368817,100.01171875
08:00:34,91282CLB5,TSRYS5850286,D,S,T,2024-07-29,2000000.00,4.364696,100.01953125
08:00:34,91282CLB5,TSRYS5850286,D,S,T,2024-07-29,1000000.00,4.364696,100.01953125
08:00:34,91282CLB5,TSRYS5850286,D,S,T,2024-07-29,1000000.00,4.364696,100.01953125
08:00:34,91282CLB5,TSRYS5850286,D,S,T,2024-07-29,1000000.00,4.364696,100.01953125
08:00:34,91282CLB5,TSRYS5850286,D,S,T,2024-07-29,1000000.00,4.364696,100.01953125
08:00:34,91282CLB5,TSRYS5850286,D,S,T,2024-07-29,1000000.00,4.364696,100.01953125
08:00:34,91282CLB5,TSRYS5850286,D,S,T,2024-07-29,7000000.00,4.366756,100.015625
08:00:35,91282CLB5,TSRYS5850286,D,S,T,2024-07-29,1000000.00,4.364696,100.01953125
08:00:35,91282CLB5,TSRYS5850286,D,S,T,2024-07-29,2000000.00,4.364696,100.01953125
08:00:35,91282CLB5,TSRYS5850286,D,S,D,2024-07-29,5000000.00,4.370878,100.0078125
08:00:35,91282CLB5,TSRYS5850286,D,S,D,2024-07-29,3000000.00,4.370878,100.0078125
08:00:35,91282CLB5,TSRYS5850286,D,S,D,2024-07-29,4000000.00,4.368817,100.01171875
08:00:35,91282CLB5,TSRYS5850286,D,S,D,2024-07-29,4000000.00,4.368817,100.01171875
08:00:35,91282CLB5,TSRYS5850286,D,S,T,2024-07-29,1000000.00,4.370878,100.0078125
08:00:35,91282CLB5,TSRYS5850286,D,S,T,2024-07-29,1000000.00,4.370878,100.0078125
08:00:35,91282CLB5,TSRYS5850286,D,S,T,2024-07-29,1000000.00,4.364696,100.01953125
08:00:35,91282CLB5,TSRYS5850286,D,B,A,2024-07-29,2000000.00,4.364696,100.01953125
08:00:35,91282CLB5,TSRYS5850286,D,S,T,2024-07-29,1000000.00,4.362635,100.0234375
08:00:35,91282CLB5,TSRYS5850286,D,S,T,2024-07-29,1000000.00,4.364696,100.01953125
08:00:35,91282CLB5,TSRYS5850286,D,S,T,2024-07-29,1000000.00,4.364696,100.01953125
08:00:35,91282CLB5,TSRYS5850286,D,S,T,2024-07-29,1000000.00,4.362635,100.0234375
08:00:35,91282CLB5,TSRYS5850286,D,S,T,2024-07-29,1000000.00,4.362635,100.0234375
08:00:35,91282CLB5,TSRYS5850286,D,S,T,2024-07-29,1000000.00,4.362635,100.0234375
08:00:35,91282CLB5,TSRYS5850286,D,S,T,2024-07-29,1000000.00,4.362635,100.0234375
08:00:35,91282CLB5,TSRYS5850286,D,S,T,2024-07-29,1000000.00,4.363665,100.021484375
08:00:35,91282CLB5,TSRYS5850286,D,S,T,2024-07-29,1000000.00,4.368817,100.01171875
08:00:35,91282CLB5,TSRYS5850286,D,S,T,2024-07-29,5000000.00,4.368817,100.01171875
08:00:35,91282CLB5,TSRYS5850286,D,S,T,2024-07-29,2000000.00,4.368817,100.01171875
08:00:35,91282CLB5,TSRYS5850286,D,S,T,2024-07-29,1000000.00,4.368817,100.01171875
08:00:35,91282CLB5,TSRYS5850286,D,B,C,2024-07-29,10000000.00,4.368817,100.01171875
08:00:35,91282CLB5,TSRYS5850286,D,S,T,2024-07-29,1000000.00,4.368817,100.01171875
08:00:35,91282CLB5,TSRYS5850286,D,B,A,2024-07-29,8200000.00,4.364696,100.01953125
08:00:36,91282CLB5,TSRYS5850286,D,B,A,2024-07-29,2950000.00,4.370878,100.0078125
08:00:36,91282CLB5,TSRYS5850286,D,S,T,2024-07-29,1000000.00,4.366756,100.015625
08:00:36,91282CLB5,TSRYS5850286,D,S,T,2024-07-29,1000000.00,4.366756,100.015625
08:00:36,91282CLB5,TSRYS5850286,D,S,T,2024-07-29,1000000.00,4.365726,100.017578125
08:00:36,91282CLB5,TSRYS5850286,D,S,T,2024-07-29,1000000.00,4.364696,100.01953125
08:00:36,91282CLB5,TSRYS5850286,D,S,A,2024-07-29,9000000.00,4.364696,100.01953125
08:00:36,91282CLB5,TSRYS5850286,D,S,A,2024-07-29,1000000.00,4.364696,100.01953125
08:00:36,91282CLB5,TSRYS5850286,D,S,T,2024-07-29,1000000.00,4.369848,100.009765625
08:00:36,91282CLB5,TSRYS5850286,D,S,T,2024-07-29,1000000.00,4.369848,100.009765625
08:00:36,91282CLB5,TSRYS5850286,D,S,T,2024-07-29,1000000.00,4.369848,100.009765625
08:00:36,91282CLB5,TSRYS5850286,D,S,T,2024-07-29,1000000.00,4.369848,100.009765625
08:00:36,91282CLB5,TSRYS5850286,D,S,T,2024-07-29,1000000.00,4.366756,100.015625
08:00:36,91282CLB5,TSRYS5850286,D,S,T,2024-07-29,1000000.00,4.365726,100.017578125
08:00:36,91282CLB5,TSRYS5850286,D,S,T,2024-07-29,1000000.00,4.365726,100.017578125
08:00:36,91282CLB5,TSRYS5850286,D,S,T,2024-07-29,1000000.00,4.365726,100.017578125
08:00:36,91282CLB5,TSRYS5850286,D,S,T,2024-07-29,1000000.00,4.365726,100.017578125
08:00:36,91282CLB5,TSRYS5850286,D,S,T,2024-07-29,1000000.00,4.365726,100.017578125
08:00:36,91282CLB5,TSRYS5850286,D,S,T,2024-07-29,1000000.00,4.365726,100.017578125
08:00:36,91282CLB5,TSRYS5850286,D,S,T,2024-07-29,1000000.00,4.365726,100.017578125
08:00:36,91282CLB5,TSRYS5850286,D,S,T,2024-07-29,1000000.00,4.364696,100.01953125
08:00:36,91282CLB5,TSRYS5850286,D,S,D,2024-07-29,1000000.00,4.364696,100.01953125
08:00:36,91282CLB5,TSRYS5850286,D,S,D,2024-07-29,400000.00,4.362635,100.0234375
08:00:36,91282CLB5,TSRYS5850286,D,S,T,2024-07-29,1000000.00,4.366756,100.015625
08:00:36,91282CLB5,TSRYS5850286,D,S,T,2024-07-29,1000000.00,4.366756,100.015625
08:00:36,91282CLB5,TSRYS5850286,D,S,T,2024-07-29,1000000.00,4.364696,100.01953125
08:00:36,91282CLB5,TSRYS5850286,D,B,C,2024-07-29,10057000.00,4.364696,100.01953125
08:00:36,91282CLB5,TSRYS5850286,D,S,T,2024-07-29,1000000.00,4.364696,100.01953125
08:00:36,91282CLB5,TSRYS5850286,D,S,T,2024-07-29,1000000.00,4.364696,100.01953125
08:00:36,91282CLB5,TSRYS5850286,D,S,T,2024-07-29,1000000.00,4.370878,100.0078125
08:00:36,91282CLB5,TSRYS5850286,D,S,T,2024-07-29,1000000.00,4.368817,100.01171875
08:00:36,91282CLB5,TSRYS5850286,D,S,T,2024-07-29,1000000.00,4.368817,100.01171875
08:00:36,91282CLB5,TSRYS5850286,D,S,T,2024-07-29,1000000.00,4.368817,100.01171875
08:00:36,91282CLB5,TSRYS5850286,D,S,T,2024-07-29,3000000.00,4.364696,100.01953125
08:00:36,91282CLB5,TSRYS5850286,D,B,A,2024-07-29,900000.00,4.370878,100.0078125
08:00:36,91282CLB5,TSRYS5850286,D,S,T,2024-07-29,1000000.00,4.368817,100.01171875
08:00:37,91282CLB5,TSRYS5850286,D,S,T,2024-07-29,4000000.00,4.364696,100.01953125
08:00:37,91282CLB5,TSRYS5850286,D,B,A,2024-07-29,580000.00,4.370878,100.0078125
08:00:38,91282CLB5,TSRYS5850286,D,S,T,2024-07-29,1000000.00,4.385307,99.98046875
08:00:38,91282CLB5,TSRYS5850286,D,S,T,2024-07-29,1000000.00,4.385307,99.98046875
08:00:38,91282CLB5,TSRYS5850286,D,S,T,2024-07-29,1000000.00,4.364696,100.01953125
08:00:38,91282CLB5,TSRYS5850286,D,S,T,2024-07-29,4000000.00,4.366756,100.015625
08:00:38,91282CLB5,TSRYS5850286,D,S,D,2024-07-29,3000000.00,4.371908,100.005859375
08:00:38,91282CLB5,TSRYS5850286,D,S,T,2024-07-29,3000000.00,4.366756,100.015625
08:00:38,91282CLB5,TSRYS5850286,D,S,C,2024-07-29,25000000.00,4.368659,100.01201875
08:00:39,91282CLB5,TSRYS5850286,D,S,C,2024-07-29,26000000.00,4.368817,100.01171875
08:00:39,91282CLB5,TSRYS5850286,D,S,T,2024-07-29,1000000.00,4.365726,100.017578125
08:00:39,91282CLB5,TSRYS5850286,D,S,T,2024-07-29,1000000.00,4.365726,100.017578125
08:00:39,91282CLB5,TSRYS5850286,D,S,T,2024-07-29,1000000.00,4.365726,100.017578125
08:00:39,91282CLB5,TSRYS5850286,D,S,D,2024-07-29,1303000.00,4.385307,99.98046875
08:00:39,91282CLB5,TSRYS5850286,D,S,T,2024-07-29,2000000.00,4.366756,100.015625
08:00:40,91282CLB5,TSRYS5850286,D,S,T,2024-07-29,3000000.00,4.366756,100.015625
08:00:40,91282CLB5,TSRYS5850286,D,S,T,2024-07-29,2000000.00,4.366756,100.015625
08:00:40,91282CLB5,TSRYS5850286,D,S,T,2024-07-29,2000000.00,4.364696,100.01953125
08:00:40,91282CLB5,TSRYS5850286,D,S,T,2024-07-29,1000000.00,4.362635,100.0234375
08:00:40,91282CLB5,TSRYS5850286,D,S,T,2024-07-29,5000000.00,4.364696,100.01953125
08:00:40,91282CLB5,TSRYS5850286,D,S,T,2024-07-29,4000000.00,4.366756,100.015625
08:00:40,91282CLB5,TSRYS5850286,D,S,T,2024-07-29,1000000.00,4.366756,100.015625
08:00:41,91282CLB5,TSRYS5850286,D,S,T,2024-07-29,1000000.00,4.366756,100.015625
08:00:41,91282CLB5,TSRYS5850286,D,S,T,2024-07-29,3000000.00,4.366756,100.015625
08:00:41,91282CLB5,TSRYS5850286,D,S,T,2024-07-29,1000000.00,4.366756,100.015625
08:00:41,91282CLB5,TSRYS5850286,D,S,T,2024-07-29,1000000.00,4.360575,100.02734375
08:00:41,91282CLB5,TSRYS5850286,D,S,T,2024-07-29,1000000.00,4.358514,100.03125
08:00:41,91282CLB5,TSRYS5850286,D,S,T,2024-07-29,1000000.00,4.364696,100.01953125
08:00:41,91282CLB5,TSRYS5850286,D,S,T,2024-07-29,1000000.00,4.360575,100.02734375
08:00:41,91282CLB5,TSRYS5850286,D,S,T,2024-07-29,1000000.00,4.362635,100.0234375
08:00:41,91282CLB5,TSRYS5850286,D,S,T,2024-07-29,1000000.00,4.362635,100.0234375
08:00:41,91282CLB5,TSRYS5850286,D,S,T,2024-07-29,1000000.00,4.362635,100.0234375
08:00:41,91282CLB5,TSRYS5850286,D,S,D,2024-07-29,1000000.00,4.368817,100.01171875
08:00:42,91282CLB5,TSRYS5850286,D,S,D,2024-07-29,2000000.00,4.362635,100.0234375
08:00:42,91282CLB5,TSRYS5850286,D,S,T,2024-07-29,1000000.00,4.365726,100.017578125
08:00:42,91282CLB5,TSRYS5850286,D,S,T,2024-07-29,11000000.00,4.365726,100.017578125
08:00:42,91282CLB5,TSRYS5850286,D,S,T,2024-07-29,24050000.00,4.441008,99.875
08:00:42,91282CLB5,TSRYS5850286,D,S,T,2024-07-29,1000000.00,4.370878,100.0078125
08:00:42,91282CLB5,TSRYS5850286,D,S,T,2024-07-29,1000000.00,4.370878,100.0078125
08:00:43,91282CLB5,TSRYS5850286,D,S,D,2024-07-29,2000000.00,4.366756,100.015625
08:00:43,91282CLB5,TSRYS5850286,D,S,D,2024-07-29,10000000.00,4.369848,100.009765625
08:00:43,91282CLB5,TSRYS5850286,D,B,A,2024-07-29,75000000.00,4.370878,100.0078125
08:00:43,91282CLB5,TSRYS5850286,D,S,T,2024-07-29,1000000.00,4.370878,100.0078125
08:00:43,91282CLB5,TSRYS5850286,D,S,T,2024-07-29,3000000.00,4.365726,100.017578125
08:00:43,91282CLB5,TSRYS5850286,D,S,D,2024-07-29,2000000.00,4.368817,100.01171875
08:00:43,91282CLB5,TSRYS5850286,D,B,C,2024-07-29,4000000.00,4.366756,100.015625
08:00:43,91282CLB5,TSRYS5850286,D,B,C,2024-07-29,4000000.00,4.365726,100.017578125
08:00:43,91282CLB5,TSRYS5850286,D,S,C,2024-07-29,26000000.00,4.366043,100.016976683
08:00:44,91282CLB5,TSRYS5850286,D,S,D,2024-07-29,1000000.00,4.366756,100.015625
08:00:44,91282CLB5,TSRYS5850286,D,S,D,2024-07-29,1000000.00,4.365726,100.017578125
08:00:44,91282CLB5,TSRYS5850286,D,S,T,2024-07-29,1000000.00,4.367787,100.013671875
08:00:44,91282CLB5,TSRYS5850286,D,S,T,2024-07-29,6000000.00,4.365726,100.017578125
08:00:44,91282CLB5,TSRYS5850286,D,S,D,2024-07-29,26000000.00,4.368817,100.01171875
08:00:44,91282CLB5,TSRYS5850286,D,S,T,2024-07-29,2000000.00,4.366756,100.015625
08:00:44,91282CLB5,TSRYS5850286,D,S,T,2024-07-29,1000000.00,4.366756,100.015625
08:00:44,91282CLB5,TSRYS5850286,D,S,T,2024-07-29,1000000.00,4.364696,100.01953125
08:00:45,91282CLB5,TSRYS5850286,D,S,T,2024-07-29,1000000.00,4.364696,100.01953125
08:00:45,91282CLB5,TSRYS5850286,D,S,D,2024-07-29,1000000.00,4.365726,100.017578125
08:00:45,91282CLB5,TSRYS5850286,D,S,T,2024-07-29,1000000.00,4.364696,100.01953125
08:00:45,91282CLB5,TSRYS5850286,D,S,T,2024-07-29,1000000.00,4.364696,100.01953125
08:00:45,91282CLB5,TSRYS5850286,D,S,D,2024-07-29,1000000.00,4.364696,100.01953125
08:00:45,91282CLB5,TSRYS5850286,D,S,D,2024-07-29,4000000.00,4.364696,100.01953125
08:00:45,91282CLB5,TSRYS5850286,D,S,D,2024-07-29,4000000.00,4.364696,100.01953125
08:00:45,91282CLB5,TSRYS5850286,D,S,D,2024-07-29,4000000.00,4.364696,100.01953125
08:00:45,91282CLB5,TSRYS5850286,D,S,D,2024-07-29,5000000.00,4.364696,100.01953125
08:00:45,91282CLB5,TSRYS5850286,D,S,T,2024-07-29,1000000.00,4.366756,100.015625
08:00:46,91282CLB5,TSRYS5850286,D,S,D,2024-07-29,4000000.00,4.366756,100.015625
08:00:46,91282CLB5,TSRYS5850286,D,S,D,2024-07-29,1000000.00,4.366756,100.015625
08:00:46,91282CLB5,TSRYS5850286,D,S,D,2024-07-29,4000000.00,4.366756,100.015625
08:00:46,91282CLB5,TSRYS5850286,D,S,D,2024-07-29,3000000.00,4.366756,100.015625
08:00:46,91282CLB5,TSRYS5850286,D,S,D,2024-07-29,2000000.00,4.366756,100.015625
08:00:46,91282CLB5,TSRYS5850286,D,S,D,2024-07-29,1000000.00,4.366756,100.015625
08:00:46,91282CLB5,TSRYS5850286,D,S,D,2024-07-29,1000000.00,4.366756,100.015625
08:00:46,91282CLB5,TSRYS5850286,D,S,D,2024-07-29,3000000.00,4.366756,100.015625
08:00:47,91282CLB5,TSRYS5850286,D,S,D,2024-07-29,150000000.00,4.365292,100.0184
08:00:47,91282CLB5,TSRYS5850286,D,S,T,2024-07-29,4800000.00,4.441008,99.875
08:00:47,91282CLB5,TSRYS5850286,D,S,T,2024-07-29,9650000.00,4.441008,99.875
08:00:47,91282CLB5,TSRYS5850286,D,S,D,2024-07-29,4000000.00,4.366756,100.015625
08:00:47,91282CLB5,TSRYS5850286,D,S,T,2024-07-29,3000000.00,4.364696,100.01953125
08:00:48,91282CLB5,TSRYS5850286,D,S,D,2024-07-29,2000000.00,4.385307,99.98046875
08:00:48,91282CLB5,TSRYS5850286,D,B,A,2024-07-29,3000000.00,4.372939,100.00390625
08:00:48,91282CLB5,TSRYS5850286,D,S,D,2024-07-29,4000000.00,4.364696,100.01953125
08:00:48,91282CLB5,TSRYS5850286,D,S,T,2024-07-29,4000000.00,4.364696,100.01953125
08:00:48,91282CLB5,TSRYS5850286,D,B,A,2024-07-29,5702000.00,4.364696,100.01953125
08:00:48,91282CLB5,TSRYS5850286,D,S,D,2024-07-29,1000000.00,4.364696,100.01953125
08:00:48,91282CLB5,TSRYS5850286,D,S,D,2024-07-29,1000000.00,4.364696,100.01953125
08:00:48,91282CLB5,TSRYS5850286,D,S,D,2024-07-29,1000000.00,4.364696,100.01953125
08:00:48,91282CLB5,TSRYS5850286,D,S,D,2024-07-29,1000000.00,4.364696,100.01953125
08:00:48,91282CLB5,TSRYS5850286,D,S,T,2024-07-29,1000000.00,4.362635,100.0234375
08:00:49,91282CLB5,TSRYS5850286,D,S,T,2024-07-29,2000000.00,4.364696,100.01953125
08:00:49,91282CLB5,TSRYS5850286,D,S,T,2024-07-29,3000000.00,4.364696,100.01953125
08:00:49,91282CLB5,TSRYS5850286,D,S,D,2024-07-29,5000000.00,4.363665,100.021484375
08:00:50,91282CLB5,TSRYS5850286,D,S,T,2024-07-29,2000000.00,4.364696,100.01953125
08:00:50,91282CLB5,TSRYS5850286,D,B,A,2024-07-29,3956000.00,4.366756,100.015625
08:00:50,91282CLB5,TSRYS5850286,D,B,A,2024-07-29,800000.00,4.364696,100.01953125
08:00:50,91282CLB5,TSRYS5850286,D,S,A,2024-07-29,15826000.00,4.366756,100.015625
08:00:50,91282CLB5,TSRYS5850286,D,S,T,2024-07-29,2000000.00,4.364696,100.01953125
08:00:51,91282CLB5,TSRYS5850286,D,S,T,2024-07-29,5000000.00,4.364696,100.01953125
08:00:51,91282CLB5,TSRYS5850286,D,S,T,2024-07-29,1000000.00,4.364696,100.01953125
08:00:51,91282CLB5,TSRYS5850286,D,S,T,2024-07-29,1000000.00,4.364696,100.01953125
08:00:51,91282CLB5,TSRYS5850286,D,S,D,2024-07-29,4000000.00,4.364696,100.01953125
08:00:51,91282CLB5,TSRYS5850286,D,S,T,2024-07-29,1000000.00,4.364696,100.01953125
08:00:51,91282CLB5,TSRYS5850286,D,S,T,2024-07-29,4000000.00,4.364696,100.01953125
08:00:51,91282CLB5,TSRYS5850286,D,S,T,2024-07-29,2000000.00,4.365726,100.017578125
08:00:52,91282CLB5,TSRYS5850286,D,S,T,2024-07-29,1000000.00,4.364696,100.01953125
08:00:52,91282CLB5,TSRYS5850286,D,S,T,2024-07-29,9650000.00,4.441008,99.875
08:00:52,91282CLB5,TSRYS5850286,D,S,D,2024-07-29,5000000.00,4.364696,100.01953125
08:00:52,91282CLB5,TSRYS5850286,D,S,T,2024-07-29,2000000.00,4.364696,100.01953125
08:00:52,91282CLB5,TSRYS5850286,D,S,T,2024-07-29,1000000.00,4.364696,100.01953125
08:00:52,91282CLB5,TSRYS5850286,D,S,T,2024-07-29,1000000.00,4.370878,100.0078125
08:00:52,91282CLB5,TSRYS5850286,D,S,D,2024-07-29,1000000.00,4.370878,100.0078125
08:00:52,91282CLB5,TSRYS5850286,D,S,T,2024-07-29,6000000.00,4.364696,100.01953125
08:00:53,91282CLB5,TSRYS5850286,D,S,T,2024-07-29,1000000.00,4.366756,100.015625
08:00:53,91282CLB5,TSRYS5850286,D,S,D,2024-07-29,3000000.00,4.366756,100.015625
08:00:53,91282CLB5,TSRYS5850286,D,S,D,2024-07-29,19000000.00,4.368817,100.01171875
08:00:53,91282CLB5,TSRYS5850286,D,S,D,2024-07-29,4000000.00,4.368817,100.01171875
08:00:53,91282CLB5,TSRYS5850286,D,S,T,2024-07-29,3000000.00,4.366756,100.015625
08:00:53,91282CLB5,TSRYS5850286,D,S,T,2024-07-29,1000000.00,4.364696,100.01953125
08:00:53,91282CLB5,TSRYS5850286,D,S,T,2024-07-29,2000000.00,4.366756,100.015625
08:00:53,91282CLB5,TSRYS5850286,D,S,T,2024-07-29,2000000.00,4.366756,100.015625
08:00:53,91282CLB5,TSRYS5850286,D,S,T,2024-07-29,1000000.00,4.364696,100.01953125
08:00:53,91282CLB5,TSRYS5850286,D,S,T,2024-07-29,2000000.00,4.366756,100.015625
08:00:54,91282CLB5,TSRYS5850286,D,S,T,2024-07-29,1000000.00,4.367787,100.013671875
08:00:54,91282CLB5,TSRYS5850286,D,S,T,2024-07-29,1000000.00,4.364696,100.01953125
08:00:54,91282CLB5,TSRYS5850286,D,S,T,2024-07-29,2000000.00,4.364696,100.01953125
08:00:54,91282CLB5,TSRYS5850286,D,S,T,2024-07-29,1000000.00,4.363665,100.02148438
08:00:54,91282CLB5,TSRYS5850286,D,S,T,2024-07-29,2000000.00,4.366756,100.015625
08:00:54,91282CLB5,TSRYS5850286,D,S,T,2024-07-29,1000000.00,4.364696,100.01953125
08:00:54,91282CLB5,TSRYS5850286,D,S,T,2024-07-29,1000000.00,4.364696,100.01953125
08:00:54,91282CLB5,TSRYS5850286,D,S,T,2024-07-29,1000000.00,4.364696,100.01953125
08:00:54,91282CLB5,TSRYS5850286,D,S,T,2024-07-29,1000000.00,4.364696,100.01953125
08:00:54,91282CLB5,TSRYS5850286,D,S,T,2024-07-29,1000000.00,4.364696,100.01953125
08:00:54,91282CLB5,TSRYS5850286,D,S,D,2024-07-29,4000000.00,4.364696,100.01953125
08:00:54,91282CLB5,TSRYS5850286,D,S,T,2024-07-29,3000000.00,4.364696,100.01953125
08:00:55,91282CLB5,TSRYS5850286,D,S,T,2024-07-29,3000000.00,4.364696,100.01953125
08:00:55,91282CLB5,TSRYS5850286,D,S,A,2024-07-29,20000000.00,4.366756,100.015625
08:00:55,91282CLB5,TSRYS5850286,D,S,T,2024-07-29,1000000.00,4.367787,100.013671875
08:00:55,91282CLB5,TSRYS5850286,D,S,D,2024-07-29,1000000.00,4.367787,100.013671875
08:00:55,91282CLB5,TSRYS5850286,D,S,D,2024-07-29,1000000.00,4.366756,100.015625
08:00:55,91282CLB5,TSRYS5850286,D,S,T,2024-07-29,3000000.00,4.363665,100.02148438
08:00:55,91282CLB5,TSRYS5850286,D,S,C,2024-07-29,7000000.00,4.365076,100.01881
08:00:55,91282CLB5,TSRYS5850286,D,S,T,2024-07-29,12000000.00,4.364696,100.01953125
08:00:55,91282CLB5,TSRYS5850286,D,S,A,2024-07-29,10000000.00,4.364615,100.01953125
08:00:55,91282CLB5,TSRYS5850286,D,S,T,2024-07-29,1000000.00,4.363665,100.02148438
08:00:55,91282CLB5,TSRYS5850286,D,S,T,2024-07-29,2000000.00,4.366756,100.015625
08:00:55,91282CLB5,TSRYS5850286,D,S,T,2024-07-29,1000000.00,4.363665,100.02148438
08:00:55,91282CLB5,TSRYS5850286,D,S,T,2024-07-29,3000000.00,4.365726,100.017578125
08:00:55,91282CLB5,TSRYS5850286,D,S,T,2024-07-29,1000000.00,4.363665,100.02148438
08:00:55,91282CLB5,TSRYS5850286,D,S,T,2024-07-29,1000000.00,4.365726,100.017578125
08:00:55,91282CLB5,TSRYS5850286,D,S,T,2024-07-29,3000000.00,4.365726,100.017578125
08:00:55,91282CLB5,TSRYS5850286,D,S,T,2024-07-29,1000000.00,4.365726,100.017578125
08:00:56,91282CLB5,TSRYS5850286,D,S,T,2024-07-29,1000000.00,4.365726,100.017578125
08:00:56,91282CLB5,TSRYS5850286,D,S,T,2024-07-29,1000000.00,4.365726,100.017578125
08:00:56,91282CLB5,TSRYS5850286,D,S,T,2024-07-29,1000000.00,4.365726,100.017578125
08:00:56,91282CLB5,TSRYS5850286,D,S,T,2024-07-29,1000000.00,4.365726,100.017578125
08:00:56,91282CLB5,TSRYS5850286,D,S,T,2024-07-29,1000000.00,4.365726,100.017578125
08:00:56,91282CLB5,TSRYS5850286,D,S,T,2024-07-29,2000000.00,4.365726,100.017578125
08:00:56,91282CLB5,TSRYS5850286,D,S,D,2024-07-29,1000000.00,4.366756,100.015625
08:00:56,91282CLB5,TSRYS5850286,D,S,D,2024-07-29,1000000.00,4.366756,100.015625
08:00:56,91282CLB5,TSRYS5850286,D,B,A,2024-07-29,6000000.00,4.370878,100.007813
08:00:57,91282CLB5,TSRYS5850286,D,S,T,2024-07-29,9650000.00,4.441008,99.875
08:00:57,91282CLB5,TSRYS5850286,D,B,A,2024-07-29,10000000.00,4.366756,100.015625
08:00:57,91282CLB5,TSRYS5850286,D,S,T,2024-07-29,1000000.00,4.361605,100.025390625
08:00:57,91282CLB5,TSRYS5850286,D,S,T,2024-07-29,1000000.00,4.361605,100.025390625
08:00:57,91282CLB5,TSRYS5850286,D,S,T,2024-07-29,1000000.00,4.361605,100.025390625
08:00:57,91282CLB5,TSRYS5850286,D,S,T,2024-07-29,1000000.00,4.366756,100.015625
08:00:57,91282CLB5,TSRYS5850286,D,S,T,2024-07-29,1000000.00,4.366756,100.015625
08:00:57,91282CLB5,TSRYS5850286,D,S,T,2024-07-29,3000000.00,4.366756,100.015625
08:00:57,91282CLB5,TSRYS5850286,D,S,T,2024-07-29,4000000.00,4.366756,100.015625
08:00:57,91282CLB5,TSRYS5850286,D,S,D,2024-07-29,1000000.00,4.361605,100.025390625
08:00:58,91282CLB5,TSRYS5850286,D,S,T,2024-07-29,3000000.00,4.366756,100.015625
08:00:58,91282CLB5,TSRYS5850286,D,S,T,2024-07-29,1000000.00,4.361605,100.025390625
08:00:58,91282CLB5,TSRYS5850286,D,S,D,2024-07-29,1000000.00,4.366756,100.015625
08:00:58,91282CLB5,TSRYS5850286,D,S,D,2024-07-29,3000000.00,4.366756,100.015625
08:00:58,91282CLB5,TSRYS5850286,D,S,T,2024-07-29,2000000.00,4.366756,100.015625
08:00:58,91282CLB5,TSRYS5850286,D,S,T,2024-07-29,1000000.00,4.366756,100.015625
08:00:58,91282CLB5,TSRYS5850286,D,S,T,2024-07-29,4000000.00,4.366756,100.015625
08:00:59,91282CLB5,TSRYS5850286,D,S,T,2024-07-29,1000000.00,4.363665,100.021484375
08:00:59,91282CLB5,TSRYS5850286,D,S,T,2024-07-29,1000000.00,4.363665,100.021484375
08:00:59,91282CLB5,TSRYS5850286,D,S,T,2024-07-29,1000000.00,4.363665,100.021484375
08:00:59,91282CLB5,TSRYS5850286,D,S,T,2024-07-29,1000000.00,4.363665,100.021484375
08:01:00,91282CLB5,TSRYS5850286,D,S,C,2024-07-29,2000000.00,4.387369,99.9765625
08:01:00,91282CLB5,TSRYS5850286,D,S,C,2024-07-29,128203000.00,4.364696,100.01953125
08:01:00,91282CLB5,TSRYS5850286,D,S,C,2024-07-29,2000000.00,4.387369,99.9765625
08:01:00,91282CLB5,TSRYS5850286,D,B,C,2024-07-29,2000000.00,4.387369,99.9765625
08:01:00,91282CLB5,TSRYS5850286,D,S,T,2024-07-29,4000000.00,4.366756,100.015625
08:01:00,91282CLB5,TSRYS5850286,D,S,D,2024-07-29,1000000.00,4.366756,100.015625
08:01:00,91282CLB5,TSRYS5850286,D,S,T,2024-07-29,1000000.00,4.366756,100.015625
08:01:00,91282CLB5,TSRYS5850286,D,S,T,2024-07-29,3000000.00,4.366756,100.015625
08:01:00,91282CLB5,TSRYS5850286,D,S,T,2024-07-29,1000000.00,4.366756,100.015625
08:01:00,91282CLB5,TSRYS5850286,D,S,D,2024-07-29,4000000.00,4.366756,100.015625
08:01:00,91282CLB5,TSRYS5850286,D,S,T,2024-07-29,2000000.00,4.366756,100.015625
08:01:00,91282CLB5,TSRYS5850286,D,S,D,2024-07-29,4000000.00,4.366756,100.015625
08:01:00,91282CLB5,TSRYS5850286,D,B,C,2024-07-29,146000000.00,4.370878,100.0078125
08:01:01,91282CLB5,TSRYS5850286,D,S,T,2024-07-29,15000000.00,4.364696,100.01953125
08:01:01,91282CLB5,TSRYS5850286,D,S,T,2024-07-29,7000000.00,4.366756,100.015625
08:01:01,91282CLB5,TSRYS5850286,D,S,T,2024-07-29,4000000.00,4.366756,100.015625
08:01:01,91282CLB5,TSRYS5850286,D,S,T,2024-07-29,1000000.00,4.364696,100.01953125
08:01:01,91282CLB5,TSRYS5850286,D,S,T,2024-07-29,1000000.00,4.364696,100.01953125
08:01:01,91282CLB5,TSRYS5850286,D,S,T,2024-07-29,1000000.00,4.363665,100.02148438
08:01:01,91282CLB5,TSRYS5850286,D,S,T,2024-07-29,1000000.00,4.364696,100.01953125
08:01:01,91282CLB5,TSRYS5850286,D,S,T,2024-07-29,2000000.00,4.366756,100.015625
08:01:01,91282CLB5,TSRYS5850286,D,S,T,2024-07-29,1000000.00,4.366756,100.015625
08:01:01,91282CLB5,TSRYS5850286,D,S,T,2024-07-29,1000000.00,4.364696,100.01953125
08:01:01,91282CLB5,TSRYS5850286,D,S,T,2024-07-29,2000000.00,4.366756,100.015625
08:01:01,91282CLB5,TSRYS5850286,D,S,T,2024-07-29,1000000.00,4.368817,100.01171875
08:01:02,91282CLB5,TSRYS5850286,D,S,T,2024-07-29,1000000.00,4.366756,100.015625
08:01:02,91282CLB5,TSRYS5850286,D,S,T,2024-07-29,1000000.00,4.366756,100.015625
08:01:02,91282CLB5,TSRYS5850286,D,B,A,2024-07-29,1000000.00,4.368817,100.01171875
08:01:02,91282CLB5,TSRYS5850286,D,S,T,2024-07-29,1000000.00,4.368817,100.01171875
08:01:02,91282CLB5,TSRYS5850286,D,S,T,2024-07-29,2000000.00,4.368817,100.01171875
08:01:02,91282CLB5,TSRYS5850286,D,S,T,2024-07-29,1000000.00,4.368817,100.01171875
08:01:02,91282CLB5,TSRYS5850286,D,S,T,2024-07-29,1000000.00,4.364696,100.01953125
08:01:02,91282CLB5,TSRYS5850286,D,S,T,2024-07-29,4000000.00,4.368817,100.01171875
08:01:02,91282CLB5,TSRYS5850286,D,S,T,2024-07-29,3000000.00,4.368817,100.01171875
08:01:02,91282CLB5,TSRYS5850286,D,S,T,2024-07-29,1000000.00,4.368817,100.01171875
08:01:02,91282CLB5,TSRYS5850286,D,S,T,2024-07-29,1000000.00,4.364696,100.01953125
08:01:02,91282CLB5,TSRYS5850286,D,B,C,2024-07-29,8906000.00,4.368817,100.01171875
08:01:02,91282CLB5,TSRYS5850286,D,S,A,2024-07-29,192000.00,4.364696,100.01953125
08:01:02,91282CLB5,TSRYS5850286,D,S,T,2024-07-29,2000000.00,4.366756,100.015625
08:01:02,91282CLB5,TSRYS5850286,D,S,T,2024-07-29,2000000.00,4.366756,100.015625
08:01:02,91282CLB5,TSRYS5850286,D,S,T,2024-07-29,2000000.00,4.366756,100.015625
08:01:02,91282CLB5,TSRYS5850286,D,S,T,2024-07-29,1000000.00,4.366756,100.015625
08:01:02,91282CLB5,TSRYS5850286,D,S,T,2024-07-29,2000000.00,4.366756,100.015625
08:01:02,91282CLB5,TSRYS5850286,D,S,T,2024-07-29,2000000.00,4.366756,100.015625
08:01:02,91282CLB5,TSRYS5850286,D,S,T,2024-07-29,4000000.00,4.363665,100.02148438
08:01:02,91282CLB5,TSRYS5850286,D,S,T,2024-07-29,1000000.00,4.363665,100.02148438
08:01:02,91282CLB5,TSRYS5850286,D,S,T,2024-07-29,10000000.00,4.363665,100.02148438
08:01:02,91282CLB5,TSRYS5850286,D,S,T,2024-07-29,2000000.00,4.364696,100.01953125
08:01:03,91282CLB5,TSRYS5850286,D,S,T,2024-07-29,1000000.00,4.366756,100.015625
08:01:03,91282CLB5,TSRYS5850286,D,S,T,2024-07-29,1000000.00,4.363665,100.02148438
08:01:03,91282CLB5,TSRYS5850286,D,S,T,2024-07-29,1000000.00,4.366756,100.015625
08:01:03,91282CLB5,TSRYS5850286,D,S,T,2024-07-29,1000000.00,4.364696,100.01953125
08:01:03,91282CLB5,TSRYS5850286,D,S,T,2024-07-29,2000000.00,4.366756,100.015625
08:01:03,91282CLB5,TSRYS5850286,D,S,T,2024-07-29,1000000.00,4.364696,100.01953125
08:01:03,91282CLB5,TSRYS5850286,D,S,T,2024-07-29,5000000.00,4.364696,100.01953125
08:01:04,91282CLB5,TSRYS5850286,D,S,T,2024-07-29,4000000.00,4.365726,100.017578125
08:01:04,91282CLB5,TSRYS5850286,D,S,T,2024-07-29,2000000.00,4.364696,100.01953125
08:01:04,91282CLB5,TSRYS5850286,D,S,T,2024-07-29,1000000.00,4.365726,100.017578125
08:01:04,91282CLB5,TSRYS5850286,D,S,D,2024-07-29,500000.00,4.368817,100.01171875
08:01:04,91282CLB5,TSRYS5850286,D,S,T,2024-07-29,15000000.00,4.366756,100.015625
08:01:04,91282CLB5,TSRYS5850286,D,S,T,2024-07-29,2000000.00,4.364696,100.01953125
08:01:04,91282CLB5,TSRYS5850286,D,S,T,2024-07-29,2000000.00,4.364696,100.01953125
08:01:04,91282CLB5,TSRYS5850286,D,S,T,2024-07-29,1000000.00,4.364696,100.01953125
08:01:04,91282CLB5,TSRYS5850286,D,S,T,2024-07-29,1000000.00,4.364696,100.01953125
08:01:05,91282CLB5,TSRYS5850286,D,S,T,2024-07-29,1000000.00,4.364696,100.01953125
08:01:05,91282CLB5,TSRYS5850286,D,S,D,2024-07-29,1000000.00,4.366756,100.015625
08:01:05,91282CLB5,TSRYS5850286,D,S,D,2024-07-29,1000000.00,4.364696,100.01953125
08:01:05,91282CLB5,TSRYS5850286,D,S,T,2024-07-29,2000000.00,4.364696,100.01953125
08:01:05,91282CLB5,TSRYS5850286,D,S,T,2024-07-29,2000000.00,4.364696,100.01953125
08:01:05,91282CLB5,TSRYS5850286,D,S,T,2024-07-29,1000000.00,4.364696,100.01953125
08:01:05,91282CLB5,TSRYS5850286,D,S,D,2024-07-29,1000000.00,4.365726,100.017578125
08:01:05,91282CLB5,TSRYS5850286,D,S,T,2024-07-29,1000000.00,4.364696,100.01953125
08:01:05,91282CLB5,TSRYS5850286,D,S,T,2024-07-29,1000000.00,4.364696,100.01953125
08:01:06,91282CLB5,TSRYS5850286,D,S,T,2024-07-29,2000000.00,4.364696,100.01953125
08:01:06,91282CLB5,TSRYS5850286,D,S,T,2024-07-29,2000000.00,4.364696,100.01953125
08:01:06,91282CLB5,TSRYS5850286,D,S,D,2024-07-29,11552000.00,4.364696,100.01953125
08:01:06,91282CLB5,TSRYS5850286,D,S,T,2024-07-29,2000000.00,4.366756,100.015625
08:01:06,91282CLB5,TSRYS5850286,D,S,T,2024-07-29,2000000.00,4.366756,100.015625
08:01:06,91282CLB5,TSRYS5850286,D,S,T,2024-07-29,1000000.00,4.366756,100.015625
08:01:06,91282CLB5,TSRYS5850286,D,S,T,2024-07-29,3000000.00,4.364696,100.01953125
08:01:06,91282CLB5,TSRYS5850286,D,S,T,2024-07-29,1000000.00,4.364696,100.01953125
08:01:07,91282CLB5,TSRYS5850286,D,S,T,2024-07-29,2000000.00,4.364696,100.01953125
08:01:07,91282CLB5,TSRYS5850286,D,S,T,2024-07-29,1000000.00,4.366756,100.015625
08:01:07,91282CLB5,TSRYS5850286,D,S,T,2024-07-29,1000000.00,4.370932,100.0077105
08:01:07,91282CLB5,TSRYS5850286,D,S,T,2024-07-29,1000000.00,4.370932,100.0077105
08:01:07,91282CLB5,TSRYS5850286,D,S,T,2024-07-29,1000000.00,4.370932,100.0077105
08:01:07,91282CLB5,TSRYS5850286,D,S,T,2024-07-29,1000000.00,4.370932,100.0077105
08:01:07,91282CLB5,TSRYS5850286,D,S,T,2024-07-29,1000000.00,4.364696,100.01953125
08:01:07,91282CLB5,TSRYS5850286,D,S,T,2024-07-29,1000000.00,4.364696,100.01953125
08:01:07,91282CLB5,TSRYS5850286,D,S,T,2024-07-29,1000000.00,4.364696,100.01953125
08:01:07,91282CLB5,TSRYS5850286,D,S,D,2024-07-29,2000000.00,4.366756,100.015625
08:01:07,91282CLB5,TSRYS5850286,D,S,T,2024-07-29,4000000.00,4.366756,100.015625
08:01:07,91282CLB5,TSRYS5850286,D,S,T,2024-07-29,1000000.00,4.366756,100.015625
08:01:08,91282CLB5,TSRYS5850286,D,S,T,2024-07-29,1000000.00,4.369848,100.009765625
08:01:08,91282CLB5,TSRYS5850286,D,S,T,2024-07-29,4000000.00,4.366809,100.015525
08:01:08,91282CLB5,TSRYS5850286,D,S,T,2024-07-29,4000000.00,4.366809,100.015525
08:01:08,91282CLB5,TSRYS5850286,D,S,T,2024-07-29,1000000.00,4.366809,100.015525
08:01:08,91282CLB5,TSRYS5850286,D,S,T,2024-07-29,2000000.00,4.366756,100.015625
08:01:08,91282CLB5,TSRYS5850286,D,S,T,2024-07-29,3000000.00,4.366756,100.015625
08:01:09,91282CLB5,TSRYS5850286,D,S,T,2024-07-29,11000000.00,4.364696,100.01953125
08:01:09,91282CLB5,TSRYS5850286,D,S,T,2024-07-29,8000000.00,4.363718,100.021384375
08:01:09,91282CLB5,TSRYS5850286,D,S,T,2024-07-29,1000000.00,4.364748,100.01943125
08:01:09,91282CLB5,TSRYS5850286,D,S,T,2024-07-29,1000000.00,4.364748,100.01943125
08:01:11,91282CLB5,TSRYS5850286,D,S,A,2024-07-29,5000000.00,4.362635,100.0234375
08:01:14,91282CLB5,TSRYS5850286,D,S,T,2024-07-29,1000000.00,4.369848,100.009765625
08:01:15,91282CLB5,TSRYS5850286,D,S,D,2024-07-29,1000000.00,4.380153,99.990234375
08:01:15,91282CLB5,TSRYS5850286,D,S,D,2024-07-29,2000000.00,4.385307,99.98046875
08:01:15,91282CLB5,TSRYS5850286,D,S,D,2024-07-29,1000000.00,4.383245,99.984375
08:01:15,91282CLB5,TSRYS5850286,D,B,C,2024-07-29,1000000.00,4.380153,99.990234375
08:01:15,91282CLB5,TSRYS5850286,D,S,D,2024-07-29,1000000.00,4.380153,99.990234375
08:01:15,91282CLB5,TSRYS5850286,D,B,C,2024-07-29,1000000.00,4.380153,99.990234375
08:01:15,91282CLB5,TSRYS5850286,D,S,D,2024-07-29,1000000.00,4.380153,99.990234375
08:01:15,91282CLB5,TSRYS5850286,D,B,C,2024-07-29,1000000.00,4.371908,100.005859375
08:01:15,91282CLB5,TSRYS5850286,D,S,C,2024-07-29,1000000.00,4.371908,100.005859375
08:01:15,91282CLB5,TSRYS5850286,D,S,D,2024-07-29,1000000.00,4.380153,99.990234375
08:01:15,91282CLB5,TSRYS5850286,D,B,C,2024-07-29,1000000.00,4.380153,99.990234375
08:01:15,91282CLB5,TSRYS5850286,D,S,D,2024-07-29,1000000.00,4.370878,100.0078125
08:01:15,91282CLB5,TSRYS5850286,D,S,D,2024-07-29,1000000.00,4.363665,100.021484375
08:01:15,91282CLB5,TSRYS5850286,D,B,C,2024-07-29,1000000.00,4.363665,100.021484375
08:01:15,91282CLB5,TSRYS5850286,D,B,C,2024-07-29,1000000.00,4.370878,100.0078125
08:01:15,91282CLB5,TSRYS5850286,D,S,D,2024-07-29,1000000.00,4.361605,100.025390625
08:01:15,91282CLB5,TSRYS5850286,D,S,C,2024-07-29,2000000.00,4.367787,100.013671875
08:01:15,91282CLB5,TSRYS5850286,D,S,C,2024-07-29,1000000.00,4.367787,100.013671875
08:01:15,91282CLB5,TSRYS5850286,D,B,C,2024-07-29,1000000.00,4.361605,100.025390625
08:01:15,91282CLB5,TSRYS5850286,D,S,C,2024-07-29,3000000.00,4.370878,100.0078125
08:01:15,91282CLB5,TSRYS5850286,D,S,D,2024-07-29,3000000.00,4.360575,100.02734375
08:01:15,91282CLB5,TSRYS5850286,D,S,D,2024-07-29,1000000.00,4.363665,100.021484375
08:01:15,91282CLB5,TSRYS5850286,D,B,C,2024-07-29,1000000.00,4.362635,100.0234375
08:01:15,91282CLB5,TSRYS5850286,D,S,D,2024-07-29,3000000.00,4.362635,100.0234375
08:01:15,91282CLB5,TSRYS5850286,D,B,C,2024-07-29,1000000.00,4.363665,100.021484375
08:01:15,91282CLB5,TSRYS5850286,D,S,D,2024-07-29,1000000.00,4.362635,100.0234375
08:01:15,91282CLB5,TSRYS5850286,D,S,C,2024-07-29,4000000.00,4.366756,100.015625
08:01:15,91282CLB5,TSRYS5850286,D,S,C,2024-07-29,4000000.00,4.366756,100.015625
08:01:15,91282CLB5,TSRYS5850286,D,S,D,2024-07-29,2000000.00,4.362635,100.0234375
08:01:15,91282CLB5,TSRYS5850286,D,B,C,2024-07-29,1000000.00,4.366756,100.015625
08:01:15,91282CLB5,TSRYS5850286,D,S,C,2024-07-29,3000000.00,4.368817,100.01171875
08:01:15,91282CLB5,TSRYS5850286,D,S,C,2024-07-29,1000000.00,4.366756,100.015625
08:01:15,91282CLB5,TSRYS5850286,D,S,C,2024-07-29,3000000.00,4.368817,100.01171875
08:01:15,91282CLB5,TSRYS5850286,D,S,C,2024-07-29,3000000.00,4.370878,100.0078125
08:01:15,91282CLB5,TSRYS5850286,D,S,C,2024-07-29,3000000.00,4.368817,100.01171875
08:01:15,91282CLB5,TSRYS5850286,D,S,D,2024-07-29,5000000.00,4.370878,100.0078125
08:01:15,91282CLB5,TSRYS5850286,D,B,C,2024-07-29,2000000.00,4.370878,100.0078125
08:01:15,91282CLB5,TSRYS5850286,D,S,C,2024-07-29,2000000.00,4.370878,100.0078125
08:01:15,91282CLB5,TSRYS5850286,D,S,C,2024-07-29,2000000.00,4.366756,100.015625
08:01:15,91282CLB5,TSRYS5850286,D,S,C,2024-07-29,10000000.00,4.369848,100.009765625
08:01:15,91282CLB5,TSRYS5850286,D,S,C,2024-07-29,1000000.00,4.370878,100.0078125
08:01:15,91282CLB5,TSRYS5850286,D,S,D,2024-07-29,2000000.00,4.368817,100.01171875
08:01:15,91282CLB5,TSRYS5850286,D,S,D,2024-07-29,19000000.00,4.368817,100.01171875
08:01:15,91282CLB5,TSRYS5850286,D,S,D,2024-07-29,1000000.00,4.369848,100.009765625
08:01:15,91282CLB5,TSRYS5850286,D,S,C,2024-07-29,1000000.00,4.368817,100.01171875
08:01:15,91282CLB5,TSRYS5850286,D,S,D,2024-07-29,4000000.00,4.368817,100.01171875
08:01:15,91282CLB5,TSRYS5850286,D,S,C,2024-07-29,1000000.00,4.366756,100.015625
08:01:15,91282CLB5,TSRYS5850286,D,S,D,2024-07-29,1000000.00,4.365726,100.017578125
08:01:15,91282CLB5,TSRYS5850286,D,S,C,2024-07-29,1000000.00,4.365726,100.017578125
08:01:15,91282CLB5,TSRYS5850286,D,S,D,2024-07-29,1000000.00,4.365726,100.017578125
08:01:15,91282CLB5,TSRYS5850286,D,S,C,2024-07-29,3000000.00,4.366756,100.015625
08:01:15,91282CLB5,TSRYS5850286,D,S,C,2024-07-29,1000000.00,4.364696,100.01953125
08:01:15,91282CLB5,TSRYS5850286,D,S,D,2024-07-29,1000000.00,4.365726,100.017578125
08:01:15,91282CLB5,TSRYS5850286,D,S,C,2024-07-29,1000000.00,4.366756,100.015625
08:01:15,91282CLB5,TSRYS5850286,D,S,D,2024-07-29,1000000.00,4.366756,100.015625
08:01:15,91282CLB5,TSRYS5850286,D,S,D,2024-07-29,4000000.00,4.364696,100.01953125
08:01:15,91282CLB5,TSRYS5850286,D,S,D,2024-07-29,3000000.00,4.366756,100.015625
08:01:15,91282CLB5,TSRYS5850286,D,S,D,2024-07-29,2000000.00,4.366756,100.015625
08:01:16,91282CLB5,TSRYS5850286,D,B,C,2024-07-29,1000000.00,4.366756,100.015625
08:01:16,91282CLB5,TSRYS5850286,D,S,C,2024-07-29,4000000.00,4.366756,100.015625
08:01:16,91282CLB5,TSRYS5850286,D,S,C,2024-07-29,1000000.00,4.366756,100.015625
08:01:16,91282CLB5,TSRYS5850286,D,B,C,2024-07-29,1000000.00,4.366756,100.015625
08:01:16,91282CLB5,TSRYS5850286,D,S,C,2024-07-29,1000000.00,4.366756,100.015625
08:01:16,91282CLB5,TSRYS5850286,D,S,C,2024-07-29,1000000.00,4.364696,100.01953125
08:01:16,91282CLB5,TSRYS5850286,D,B,C,2024-07-29,1000000.00,4.364696,100.01953125
08:01:16,91282CLB5,TSRYS5850286,D,B,C,2024-07-29,1000000.00,4.364696,100.01953125
08:01:16,91282CLB5,TSRYS5850286,D,B,C,2024-07-29,5550000.00,4.368817,100.01171875
08:01:16,91282CLB5,TSRYS5850286,D,S,C,2024-07-29,1000000.00,4.364696,100.01953125
08:01:16,91282CLB5,TSRYS5850286,D,S,C,2024-07-29,1000000.00,4.364696,100.01953125
08:01:16,91282CLB5,TSRYS5850286,D,S,D,2024-07-29,1000000.00,4.364696,100.01953125
08:01:16,91282CLB5,TSRYS5850286,D,S,D,2024-07-29,1000000.00,4.364696,100.01953125
08:01:16,91282CLB5,TSRYS5850286,D,S,C,2024-07-29,2750000.00,4.368817,100.01171875
08:01:17,91282CLB5,TSRYS5850286,D,S,D,2024-07-29,1000000.00,4.364696,100.01953125
08:01:17,91282CLB5,TSRYS5850286,D,S,D,2024-07-29,4000000.00,4.364696,100.01953125
08:01:17,91282CLB5,TSRYS5850286,D,B,C,2024-07-29,1000000.00,4.364696,100.01953125
08:01:17,91282CLB5,TSRYS5850286,D,B,C,2024-07-29,4000000.00,4.364696,100.01953125
08:01:17,91282CLB5,TSRYS5850286,D,S,C,2024-07-29,1000000.00,4.364696,100.01953125
08:01:17,91282CLB5,TSRYS5850286,D,B,C,2024-07-29,5000000.00,4.363665,100.021484375
08:01:17,91282CLB5,TSRYS5850286,D,S,D,2024-07-29,5000000.00,4.363665,100.021484375
08:01:17,91282CLB5,TSRYS5850286,D,B,C,2024-07-29,4000000.00,4.362635,100.0234375
08:01:17,91282CLB5,TSRYS5850286,D,S,C,2024-07-29,4000000.00,4.362635,100.0234375
08:01:17,91282CLB5,TSRYS5850286,D,B,C,2024-07-29,1000000.00,4.362635,100.0234375
08:01:17,91282CLB5,TSRYS5850286,D,S,D,2024-07-29,1000000.00,4.362635,100.0234375
08:01:17,91282CLB5,TSRYS5850286,D,B,C,2024-07-29,1000000.00,4.362635,100.0234375
08:01:17,91282CLB5,TSRYS5850286,D,S,C,2024-07-29,1000000.00,4.362635,100.0234375
08:01:17,91282CLB5,TSRYS5850286,D,S,C,2024-07-29,1000000.00,4.362635,100.0234375
08:01:18,91282CLB5,TSRYS5850286,D,S,D,2024-07-29,1000000.00,4.363665,100.021484375
08:01:18,91282CLB5,TSRYS5850286,D,B,C,2024-07-29,1000000.00,4.361605,100.025390625
08:01:18,91282CLB5,TSRYS5850286,D,S,D,2024-07-29,1000000.00,4.361605,100.025390625
08:01:18,91282CLB5,TSRYS5850286,D,S,C,2024-07-29,1000000.00,4.361605,100.025390625
08:01:19,91282CLB5,TSRYS5850286,D,S,D,2024-07-29,118000000.00,4.366854,100.01544
08:01:20,91282CLB5,TSRYS5850286,D,S,C,2024-07-29,7000000.00,4.362565,100.02357
08:01:20,91282CLB5,TSRYS5850286,D,S,C,2024-07-29,44000000.00,4.362797,100.02313
08:01:20,91282CLB5,TSRYS5850286,D,B,C,2024-07-29,5000000.00,4.364696,100.01953125
08:01:20,91282CLB5,TSRYS5850286,D,B,C,2024-07-29,1000000.00,4.364696,100.01953125
08:01:20,91282CLB5,TSRYS5850286,D,B,C,2024-07-29,2000000.00,4.364696,100.01953125
08:01:22,91282CLB5,TSRYS5850286,D,B,C,2024-07-29,1000000.00,4.387369,99.9765625
08:01:22,91282CLB5,TSRYS5850286,D,S,C,2024-07-29,1000000.00,4.387369,99.9765625
08:01:22,91282CLB5,TSRYS5850286,D,B,C,2024-07-29,1000000.00,4.387369,99.9765625
08:01:22,91282CLB5,TSRYS5850286,D,S,C,2024-07-29,1000000.00,4.387369,99.9765625
08:01:22,91282CLB5,TSRYS5850286,D,B,C,2024-07-29,1000000.00,4.387369,99.9765625
08:01:22,91282CLB5,TSRYS5850286,D,S,C,2024-07-29,1000000.00,4.387369,99.9765625
08:01:22,91282CLB5,TSRYS5850286,D,B,C,2024-07-29,2000000.00,4.387369,99.9765625
08:01:22,91282CLB5,TSRYS5850286,D,S,C,2024-07-29,2000000.00,4.387369,99.9765625
08:01:22,91282CLB5,TSRYS5850286,D,B,C,2024-07-29,1000000.00,4.385307,99.98046875
08:01:22,91282CLB5,TSRYS5850286,D,S,D,2024-07-29,1000000.00,4.385307,99.98046875
08:01:22,91282CLB5,TSRYS5850286,D,S,C,2024-07-29,1000000.00,4.385307,99.98046875
08:01:22,91282CLB5,TSRYS5850286,D,B,C,2024-07-29,1000000.00,4.385307,99.98026875
08:01:22,91282CLB5,TSRYS5850286,D,S,C,2024-07-29,2000000.00,4.385307,99.98046875
08:01:22,91282CLB5,TSRYS5850286,D,B,C,2024-07-29,2000000.00,4.385307,99.98026875
08:01:22,91282CLB5,TSRYS5850286,D,B,C,2024-07-29,1000000.00,4.385307,99.98046875
08:01:22,91282CLB5,TSRYS5850286,D,S,C,2024-07-29,1000000.00,4.385307,99.98046875
08:01:22,91282CLB5,TSRYS5850286,D,B,C,2024-07-29,1000000.00,4.385307,99.98046875
08:01:23,91282CLB5,TSRYS5850286,D,S,C,2024-07-29,1000000.00,4.385307,99.98046875
08:01:23,91282CLB5,TSRYS5850286,D,S,D,2024-07-29,14450000.00,4.441008,99.875
08:01:23,91282CLB5,TSRYS5850286,D,S,D,2024-07-29,9650000.00,4.441008,99.875
08:01:23,91282CLB5,TSRYS5850286,D,S,D,2024-07-29,24050000.00,4.441008,99.875
08:01:23,91282CLB5,TSRYS5850286,D,S,D,2024-07-29,9650000.00,4.441008,99.875
08:01:23,91282CLB5,TSRYS5850286,D,S,C,2024-07-29,1000000.00,4.385307,99.98046875
08:01:23,91282CLB5,TSRYS5850286,D,S,C,2024-07-29,1000000.00,4.385307,99.98046875
08:01:23,91282CLB5,TSRYS5850286,D,B,C,2024-07-29,1000000.00,4.385307,99.98046875
08:01:23,91282CLB5,TSRYS5850286,D,B,C,2024-07-29,4788000.00,4.360575,100.02734375
08:01:23,91282CLB5,TSRYS5850286,D,S,A,2024-07-29,250MM+,4.360575,100.02734375
08:01:23,91282CLB5,TSRYS5850286,D,S,D,2024-07-29,17300000.00,4.441008,99.875
08:01:23,91282CLB5,TSRYS5850286,D,S,D,2024-07-29,9650000.00,4.441008,99.875
08:01:23,91282CLB5,TSRYS5850286,D,S,D,2024-07-29,9650000.00,4.441008,99.875
08:01:23,91282CLB5,TSRYS5850286,D,S,D,2024-07-29,14450000.00,4.441008,99.875
08:01:24,91282CLB5,TSRYS5850286,D,B,C,2024-07-29,1000000.00,4.383245,99.984375
08:01:24,91282CLB5,TSRYS5850286,D,S,D,2024-07-29,1000000.00,4.383245,99.984375
08:01:24,91282CLB5,TSRYS5850286,D,B,C,2024-07-29,1000000.00,4.383245,99.984375
08:01:24,91282CLB5,TSRYS5850286,D,S,D,2024-07-29,1000000.00,4.383245,99.984375
08:01:24,91282CLB5,TSRYS5850286,D,S,C,2024-07-29,1000000.00,4.382215,99.986328125
08:01:24,91282CLB5,TSRYS5850286,D,B,C,2024-07-29,1000000.00,4.382215,99.986128125
08:01:24,91282CLB5,TSRYS5850286,D,S,C,2024-07-29,1000000.00,4.382215,99.986328125
08:01:24,91282CLB5,TSRYS5850286,D,B,C,2024-07-29,1000000.00,4.382215,99.986128125
08:01:25,91282CLB5,TSRYS5850286,D,S,T,2024-07-29,4000000.00,4.363665,100.02148437
08:01:25,91282CLB5,TSRYS5850286,D,S,T,2024-07-29,1000000.00,4.363665,100.02148437
08:01:25,91282CLB5,TSRYS5850286,D,S,D,2024-07-29,5000000.00,4.363665,100.02148437
08:01:25,91282CLB5,TSRYS5850286,D,S,D,2024-07-29,4000000.00,4.363665,100.02148437
08:01:25,91282CLB5,TSRYS5850286,D,S,T,2024-07-29,1000000.00,4.363665,100.02148437
08:01:25,91282CLB5,TSRYS5850286,D,S,C,2024-07-29,1000000.00,4.363665,100.02148437
08:01:25,91282CLB5,TSRYS5850286,D,S,T,2024-07-29,2000000.00,4.363665,100.02148437
08:01:25,91282CLB5,TSRYS5850286,D,S,T,2024-07-29,1000000.00,4.363665,100.02148437
08:01:25,91282CLB5,TSRYS5850286,D,S,T,2024-07-29,1000000.00,4.363665,100.02148437
08:01:25,91282CLB5,TSRYS5850286,D,S,T,2024-07-29,4000000.00,4.361605,100.025390625
08:01:25,91282CLB5,TSRYS5850286,D,S,T,2024-07-29,1000000.00,4.361605,100.025390625
08:01:25,91282CLB5,TSRYS5850286,D,S,T,2024-07-29,1000000.00,4.363665,100.02148437
08:01:25,91282CLB5,TSRYS5850286,D,S,C,2024-07-29,1000000.00,4.378092,99.994140625
08:01:25,91282CLB5,TSRYS5850286,D,B,C,2024-07-29,1000000.00,4.378092,99.993940625
08:01:25,91282CLB5,TSRYS5850286,D,S,T,2024-07-29,1000000.00,4.363665,100.02148437
08:01:25,91282CLB5,TSRYS5850286,D,S,T,2024-07-29,1000000.00,4.363665,100.02148437
08:01:25,91282CLB5,TSRYS5850286,D,S,T,2024-07-29,1000000.00,4.363665,100.02148437
08:01:25,91282CLB5,TSRYS5850286,D,S,D,2024-07-29,1000000.00,4.363665,100.02148437
08:01:26,91282CLB5,TSRYS5850286,D,B,C,2024-07-29,1000000.00,4.362635,100.0234375
08:01:26,91282CLB5,TSRYS5850286,D,S,A,2024-07-29,20000000.00,4.362635,100.0234375
08:01:26,91282CLB5,TSRYS5850286,D,S,D,2024-07-29,1000000.00,4.363665,100.02148437
08:01:26,91282CLB5,TSRYS5850286,D,S,D,2024-07-29,1000000.00,4.363665,100.02148437
08:01:26,91282CLB5,TSRYS5850286,D,B,C,2024-07-29,1000000.00,4.362635,100.0234375
08:01:26,91282CLB5,TSRYS5850286,D,B,C,2024-07-29,1000000.00,4.362635,100.0234375
08:01:26,91282CLB5,TSRYS5850286,D,S,D,2024-07-29,1000000.00,4.363665,100.02148437
08:01:26,91282CLB5,TSRYS5850286,D,S,D,2024-07-29,1000000.00,4.363665,100.02148437
08:01:26,91282CLB5,TSRYS5850286,D,S,D,2024-07-29,1000000.00,4.363665,100.02148437
08:01:26,91282CLB5,TSRYS5850286,D,S,D,2024-07-29,1000000.00,4.363665,100.02148437
08:01:26,91282CLB5,TSRYS5850286,D,S,D,2024-07-29,1000000.00,4.363665,100.02148437
08:01:26,91282CLB5,TSRYS5850286,D,S,D,2024-07-29,1000000.00,4.363665,100.02148437
08:01:26,91282CLB5,TSRYS5850286,D,S,D,2024-07-29,1000000.00,4.363665,100.02148437
08:01:26,91282CLB5,TSRYS5850286,D,S,D,2024-07-29,1000000.00,4.363665,100.02148437
08:01:26,91282CLB5,TSRYS5850286,D,S,A,2024-07-29,1139000.00,4.358514,100.03125
08:01:26,91282CLB5,TSRYS5850286,D,B,C,2024-07-29,1000000.00,4.362635,100.0234375
08:01:26,91282CLB5,TSRYS5850286,D,S,D,2024-07-29,1000000.00,4.363665,100.02148437
08:01:26,91282CLB5,TSRYS5850286,D,S,D,2024-07-29,1000000.00,4.363665,100.02148437
08:01:26,91282CLB5,TSRYS5850286,D,S,T,2024-07-29,1000000.00,4.363665,100.02148437
08:01:26,91282CLB5,TSRYS5850286,D,B,C,2024-07-29,1000000.00,4.379122,99.9921875
08:01:26,91282CLB5,TSRYS5850286,D,S,D,2024-07-29,1000000.00,4.379122,99.9921875
08:01:26,91282CLB5,TSRYS5850286,D,S,T,2024-07-29,1000000.00,4.363665,100.02148437
08:01:27,91282CLB5,TSRYS5850286,D,S,T,2024-07-29,1000000.00,4.363665,100.02148437
08:01:27,91282CLB5,TSRYS5850286,D,B,A,2024-07-29,920000.00,4.362635,100.0234375
08:01:27,91282CLB5,TSRYS5850286,D,B,C,2024-07-29,1000000.00,4.379122,99.9921875
08:01:27,91282CLB5,TSRYS5850286,D,S,D,2024-07-29,1000000.00,4.379122,99.9921875
08:01:27,91282CLB5,TSRYS5850286,D,B,C,2024-07-29,1000000.00,4.379122,99.9921875
08:01:27,91282CLB5,TSRYS5850286,D,S,D,2024-07-29,1000000.00,4.379122,99.9921875
08:01:27,91282CLB5,TSRYS5850286,D,S,D,2024-07-29,1000000.00,4.363665,100.02148437
08:01:27,91282CLB5,TSRYS5850286,D,S,D,2024-07-29,1000000.00,4.363665,100.02148437
08:01:27,91282CLB5,TSRYS5850286,D,B,C,2024-07-29,1000000.00,4.379122,99.9921875
08:01:27,91282CLB5,TSRYS5850286,D,S,D,2024-07-29,1000000.00,4.379122,99.9921875
08:01:27,91282CLB5,TSRYS5850286,D,S,T,2024-07-29,1000000.00,4.363665,100.02148437
08:01:27,91282CLB5,TSRYS5850286,D,S,D,2024-07-29,1000000.00,4.363665,100.02148437
08:01:27,91282CLB5,TSRYS5850286,D,S,T,2024-07-29,1000000.00,4.363665,100.02148437
08:01:27,91282CLB5,TSRYS5850286,D,S,D,2024-07-29,1000000.00,4.363665,100.02148437
08:01:27,91282CLB5,TSRYS5850286,D,S,D,2024-07-29,1000000.00,4.363665,100.02148437
08:01:27,91282CLB5,TSRYS5850286,D,S,D,2024-07-29,1000000.00,4.363665,100.02148437
08:01:27,91282CLB5,TSRYS5850286,D,S,D,2024-07-29,1000000.00,4.363665,100.02148437
08:01:27,91282CLB5,TSRYS5850286,D,S,T,2024-07-29,1000000.00,4.363665,100.02148437
08:01:27,91282CLB5,TSRYS5850286,D,S,T,2024-07-29,1000000.00,4.363665,100.02148437
08:01:27,91282CLB5,TSRYS5850286,D,S,T,2024-07-29,1000000.00,4.363665,100.02148437
08:01:27,91282CLB5,TSRYS5850286,D,S,T,2024-07-29,1000000.00,4.363665,100.02148437
08:01:27,91282CLB5,TSRYS5850286,D,S,T,2024-07-29,1000000.00,4.363665,100.02148437
08:01:27,91282CLB5,TSRYS5850286,D,S,T,2024-07-29,1000000.00,4.363665,100.02148437
08:01:27,91282CLB5,TSRYS5850286,D,S,T,2024-07-29,1000000.00,4.363665,100.02148437
08:01:27,91282CLB5,TSRYS5850286,D,S,T,2024-07-29,2000000.00,4.360575,100.02734375
08:01:27,91282CLB5,TSRYS5850286,D,S,D,2024-07-29,1000000.00,4.363665,100.02148437
08:01:28,91282CLB5,TSRYS5850286,D,S,D,2024-07-29,1000000.00,4.363665,100.02148437
08:01:28,91282CLB5,TSRYS5850286,D,S,D,2024-07-29,1000000.00,4.363665,100.02148437
08:01:28,91282CLB5,TSRYS5850286,D,S,D,2024-07-29,1000000.00,4.363665,100.02148437
08:01:28,91282CLB5,TSRYS5850286,D,S,D,2024-07-29,1000000.00,4.363665,100.02148437
08:01:28,91282CLB5,TSRYS5850286,D,B,C,2024-07-29,1000000.00,4.361605,100.025390625
08:01:28,91282CLB5,TSRYS5850286,D,S,C,2024-07-29,1000000.00,4.361605,100.025390625
08:01:28,91282CLB5,TSRYS5850286,D,S,T,2024-07-29,1000000.00,4.363665,100.02148437
08:01:28,91282CLB5,TSRYS5850286,D,S,D,2024-07-29,1000000.00,4.361605,100.025390625
08:01:28,91282CLB5,TSRYS5850286,D,B,C,2024-07-29,1000000.00,4.361605,100.025390625
08:01:28,91282CLB5,TSRYS5850286,D,B,C,2024-07-29,5000000.00,4.360575,100.02734375
08:01:28,91282CLB5,TSRYS5850286,D,S,D,2024-07-29,1000000.00,4.363665,100.02148437
08:01:28,91282CLB5,TSRYS5850286,D,S,D,2024-07-29,1000000.00,4.363665,100.02148437
08:01:28,91282CLB5,TSRYS5850286,D,S,T,2024-07-29,1000000.00,4.363665,100.02148437
08:01:28,91282CLB5,TSRYS5850286,D,S,T,2024-07-29,1000000.00,4.363665,100.02148437
08:01:28,91282CLB5,TSRYS5850286,D,S,T,2024-07-29,1000000.00,4.363665,100.02148437
08:01:28,91282CLB5,TSRYS5850286,D,S,T,2024-07-29,1000000.00,4.363665,100.02148437
08:01:28,91282CLB5,TSRYS5850286,D,S,D,2024-07-29,1000000.00,4.361605,100.025390625
08:01:28,91282CLB5,TSRYS5850286,D,S,T,2024-07-29,1000000.00,4.363665,100.02148437
08:01:28,91282CLB5,TSRYS5850286,D,S,T,2024-07-29,1000000.00,4.363665,100.02148437
08:01:28,91282CLB5,TSRYS5850286,D,S,T,2024-07-29,1000000.00,4.363665,100.02148437
08:01:28,91282CLB5,TSRYS5850286,D,B,C,2024-07-29,5000000.00,4.360575,100.02734375
08:01:28,91282CLB5,TSRYS5850286,D,B,C,2024-07-29,1000000.00,4.362635,100.0234375
08:01:28,91282CLB5,TSRYS5850286,D,B,C,2024-07-29,5000000.00,4.362635,100.0234375
08:01:28,91282CLB5,TSRYS5850286,D,B,C,2024-07-29,5000000.00,4.362635,100.0234375
08:01:28,91282CLB5,TSRYS5850286,D,S,D,2024-07-29,1000000.00,4.363665,100.02148437
08:01:28,91282CLB5,TSRYS5850286,D,S,D,2024-07-29,1000000.00,4.363665,100.02148437
08:01:28,91282CLB5,TSRYS5850286,D,S,D,2024-07-29,1000000.00,4.363665,100.02148437
08:01:28,91282CLB5,TSRYS5850286,D,S,D,2024-07-29,1000000.00,4.363665,100.02148437
08:01:28,91282CLB5,TSRYS5850286,D,S,D,2024-07-29,1000000.00,4.363665,100.02148437
08:01:28,91282CLB5,TSRYS5850286,D,S,D,2024-07-29,1000000.00,4.363665,100.02148437
08:01:28,91282CLB5,TSRYS5850286,D,S,D,2024-07-29,1000000.00,4.363665,100.02148437
08:01:28,91282CLB5,TSRYS5850286,D,S,D,2024-07-29,1000000.00,4.363665,100.02148437
08:01:28,91282CLB5,TSRYS5850286,D,S,D,2024-07-29,1000000.00,4.363665,100.02148437
08:01:28,91282CLB5,TSRYS5850286,D,B,C,2024-07-29,80000000.00,4.364037,100.02078
08:01:29,91282CLB5,TSRYS5850286,D,S,T,2024-07-29,2000000.00,4.360575,100.02734375
08:01:29,91282CLB5,TSRYS5850286,D,S,C,2024-07-29,1000000.00,4.378092,99.994140625
08:01:29,91282CLB5,TSRYS5850286,D,S,C,2024-07-29,1000000.00,4.377061,99.99609375
08:01:29,91282CLB5,TSRYS5850286,D,S,C,2024-07-29,1000000.00,4.377061,99.99609375
08:01:29,91282CLB5,TSRYS5850286,D,S,D,2024-07-29,2000000.00,4.377061,99.99609375
08:01:29,91282CLB5,TSRYS5850286,D,S,D,2024-07-29,3000000.00,4.376031,99.998046875
08:01:29,91282CLB5,TSRYS5850286,D,S,D,2024-07-29,2000000.00,4.376031,99.998046875
08:01:29,91282CLB5,TSRYS5850286,D,B,C,2024-07-29,1000000.00,4.376031,99.998046875
08:01:29,91282CLB5,TSRYS5850286,D,S,C,2024-07-29,1000000.00,4.376031,99.998246875
08:01:29,91282CLB5,TSRYS5850286,D,B,C,2024-07-29,1000000.00,4.376031,99.998046875
08:01:29,91282CLB5,TSRYS5850286,D,S,C,2024-07-29,1000000.00,4.376031,99.998246875
08:01:30,91282CLB5,TSRYS5850286,D,B,C,2024-07-29,1000000.00,4.376031,99.998046875
08:01:30,91282CLB5,TSRYS5850286,D,S,C,2024-07-29,1000000.00,4.376031,99.998246875
08:01:30,91282CLB5,TSRYS5850286,D,B,C,2024-07-29,1000000.00,4.376031,99.998046875
08:01:30,91282CLB5,TSRYS5850286,D,S,C,2024-07-29,1000000.00,4.376031,99.998246875
08:01:30,91282CLB5,TSRYS5850286,D,S,T,2024-07-29,3000000.00,4.363771,100.021284375
08:01:30,91282CLB5,TSRYS5850286,D,S,T,2024-07-29,3000000.00,4.363771,100.021284375
08:01:30,91282CLB5,TSRYS5850286,D,B,C,2024-07-29,1000000.00,4.376031,99.998046875
08:01:30,91282CLB5,TSRYS5850286,D,S,C,2024-07-29,1000000.00,4.376031,99.998246875
08:01:30,91282CLB5,TSRYS5850286,D,B,C,2024-07-29,1000000.00,4.376031,99.998046875
08:01:30,91282CLB5,TSRYS5850286,D,S,C,2024-07-29,1000000.00,4.376031,99.998246875
08:01:30,91282CLB5,TSRYS5850286,D,S,A,2024-07-29,6440000.00,4.362635,100.0234375
08:01:30,91282CLB5,TSRYS5850286,D,S,T,2024-07-29,1000000.00,4.363771,100.021284375
08:01:30,91282CLB5,TSRYS5850286,D,B,A,2024-07-29,2200000.00,4.364696,100.01953125
08:01:30,91282CLB5,TSRYS5850286,D,B,C,2024-07-29,3000000.00,4.375,100.0
08:01:30,91282CLB5,TSRYS5850286,D,S,C,2024-07-29,3000000.00,4.375,100.0002
08:01:30,91282CLB5,TSRYS5850286,D,B,C,2024-07-29,1000000.00,4.375,100.0
08:01:30,91282CLB5,TSRYS5850286,D,S,C,2024-07-29,1000000.00,4.375,100.0002
08:01:30,91282CLB5,TSRYS5850286,D,S,T,2024-07-29,4000000.00,4.363771,100.021284375
08:01:30,91282CLB5,TSRYS5850286,D,S,T,2024-07-29,1000000.00,4.363771,100.021284375
08:01:30,91282CLB5,TSRYS5850286,D,B,C,2024-07-29,1000000.00,4.375,100.0
08:01:30,91282CLB5,TSRYS5850286,D,S,C,2024-07-29,1000000.00,4.375,100.0002
08:01:30,91282CLB5,TSRYS5850286,D,S,T,2024-07-29,3000000.00,4.363771,100.021284375
08:01:30,91282CLB5,TSRYS5850286,D,S,C,2024-07-29,1000000.00,4.375,100.0002
08:01:30,91282CLB5,TSRYS5850286,D,B,C,2024-07-29,2000000.00,4.375,100.0
08:01:30,91282CLB5,TSRYS5850286,D,S,C,2024-07-29,2000000.00,4.375,100.0002
08:01:30,91282CLB5,TSRYS5850286,D,S,A,2024-07-29,1065500.00,4.362635,100.0234375
08:01:30,91282CLB5,TSRYS5850286,D,B,A,2024-07-29,1390000.00,4.362635,100.0234375
08:01:30,91282CLB5,TSRYS5850286,D,B,C,2024-07-29,5000000.00,4.361605,100.02539062
08:01:30,91282CLB5,TSRYS5850286,D,B,C,2024-07-29,5000000.00,4.361605,100.02539062
08:01:30,91282CLB5,TSRYS5850286,D,B,C,2024-07-29,3000000.00,4.361605,100.02539062
08:01:31,91282CLB5,TSRYS5850286,D,B,C,2024-07-29,1000000.00,4.360575,100.02734375
08:01:31,91282CLB5,TSRYS5850286,D,B,C,2024-07-29,2000000.00,4.360575,100.02734375
08:01:31,91282CLB5,TSRYS5850286,D,B,C,2024-07-29,3000000.00,4.360575,100.02734375
08:01:31,91282CLB5,TSRYS5850286,D,B,C,2024-07-29,2000000.00,4.360575,100.02734375
08:01:31,91282CLB5,TSRYS5850286,D,S,T,2024-07-29,1000000.00,4.361605,100.025390625
08:01:31,91282CLB5,TSRYS5850286,D,S,T,2024-07-29,1000000.00,4.361605,100.025390625
08:01:31,91282CLB5,TSRYS5850286,D,S,T,2024-07-29,1000000.00,4.361605,100.025390625
08:01:31,91282CLB5,TSRYS5850286,D,S,T,2024-07-29,1000000.00,4.361605,100.025390625
08:01:31,91282CLB5,TSRYS5850286,D,S,T,2024-07-29,1000000.00,4.361605,100.025390625
08:01:31,91282CLB5,TSRYS5850286,D,S,T,2024-07-29,1000000.00,4.361605,100.025390625
08:01:31,91282CLB5,TSRYS5850286,D,S,T,2024-07-29,1000000.00,4.361605,100.025390625
08:01:31,91282CLB5,TSRYS5850286,D,S,T,2024-07-29,1000000.00,4.361605,100.025390625
08:01:31,91282CLB5,TSRYS5850286,D,S,T,2024-07-29,1000000.00,4.361605,100.025390625
08:01:31,91282CLB5,TSRYS5850286,D,S,T,2024-07-29,1000000.00,4.361605,100.025390625
08:01:31,91282CLB5,TSRYS5850286,D,S,T,2024-07-29,1000000.00,4.361605,100.025390625
08:01:31,91282CLB5,TSRYS5850286,D,S,T,2024-07-29,1000000.00,4.361605,100.025390625
08:01:31,91282CLB5,TSRYS5850286,D,S,T,2024-07-29,1000000.00,4.361605,100.025390625
08:01:31,91282CLB5,TSRYS5850286,D,S,T,2024-07-29,1000000.00,4.361605,100.025390625
08:01:33,91282CLB5,TSRYS5850286,D,S,C,2024-07-29,8200000.00,4.364696,100.01953125
08:01:33,91282CLB5,TSRYS5850286,D,S,T,2024-07-29,1000000.00,4.360575,100.02734375
08:01:33,91282CLB5,TSRYS5850286,D,S,C,2024-07-29,1000000.00,4.375,100.0
08:01:33,91282CLB5,TSRYS5850286,D,S,C,2024-07-29,1000000.00,4.375,100.0
08:01:33,91282CLB5,TSRYS5850286,D,B,C,2024-07-29,1000000.00,4.375,100.0
08:01:33,91282CLB5,TSRYS5850286,D,S,D,2024-07-29,1000000.00,4.375,100.0
08:01:33,91282CLB5,TSRYS5850286,D,S,D,2024-07-29,4000000.00,4.373969,100.001953125
08:01:33,91282CLB5,TSRYS5850286,D,S,D,2024-07-29,1000000.00,4.373969,100.001953125
08:01:34,91282CLB5,TSRYS5850286,D,S,A,2024-07-29,20000000.00,4.364696,100.01953125
08:01:34,91282CLB5,TSRYS5850286,D,S,D,2024-07-29,3000000.00,4.373969,100.001953125
08:01:34,91282CLB5,TSRYS5850286,D,S,D,2024-07-29,3000000.00,4.373969,100.001953125
08:01:34,91282CLB5,TSRYS5850286,D,S,D,2024-07-29,1000000.00,4.373969,100.001953125
08:01:34,91282CLB5,TSRYS5850286,D,B,C,2024-07-29,1000000.00,4.373969,100.001953125
08:01:34,91282CLB5,TSRYS5850286,D,S,C,2024-07-29,1000000.00,4.373969,100.002153125
08:01:34,91282CLB5,TSRYS5850286,D,B,C,2024-07-29,1000000.00,4.373969,100.001953125
08:01:34,91282CLB5,TSRYS5850286,D,S,C,2024-07-29,1000000.00,4.373969,100.002153125
08:01:34,91282CLB5,TSRYS5850286,D,B,C,2024-07-29,1000000.00,4.373969,100.001953125
08:01:34,91282CLB5,TSRYS5850286,D,S,C,2024-07-29,1000000.00,4.373969,100.002153125
08:01:34,91282CLB5,TSRYS5850286,D,B,C,2024-07-29,1000000.00,4.373969,100.001953125
08:01:34,91282CLB5,TSRYS5850286,D,S,C,2024-07-29,1000000.00,4.373969,100.002153125
08:01:34,91282CLB5,TSRYS5850286,D,B,C,2024-07-29,1000000.00,4.372939,100.00390625
08:01:34,91282CLB5,TSRYS5850286,D,S,C,2024-07-29,1000000.00,4.372939,100.00410625
08:01:34,91282CLB5,TSRYS5850286,D,B,C,2024-07-29,1000000.00,4.372939,100.00390625
08:01:34,91282CLB5,TSRYS5850286,D,S,C,2024-07-29,1000000.00,4.372939,100.00410625
08:01:34,91282CLB5,TSRYS5850286,D,B,C,2024-07-29,1000000.00,4.372939,100.00390625
08:01:34,91282CLB5,TSRYS5850286,D,S,C,2024-07-29,1000000.00,4.372939,100.00410625
08:01:34,91282CLB5,TSRYS5850286,D,S,C,2024-07-29,1000000.00,4.372939,100.00410625
08:01:34,91282CLB5,TSRYS5850286,D,B,C,2024-07-29,2000000.00,4.372939,100.00390625
08:01:34,91282CLB5,TSRYS5850286,D,S,C,2024-07-29,2000000.00,4.372939,100.00410625
08:01:34,91282CLB5,TSRYS5850286,D,B,C,2024-07-29,1000000.00,4.372939,100.00390625
08:01:34,91282CLB5,TSRYS5850286,D,S,C,2024-07-29,1000000.00,4.372939,100.00410625
08:01:34,91282CLB5,TSRYS5850286,D,B,C,2024-07-29,2000000.00,4.372939,100.00390625
08:01:34,91282CLB5,TSRYS5850286,D,B,A,2024-07-29,6000000.00,4.370878,100.0078125
08:01:34,91282CLB5,TSRYS5850286,D,S,C,2024-07-29,2000000.00,4.372939,100.00410625
08:01:34,91282CLB5,TSRYS5850286,D,B,C,2024-07-29,3000000.00,4.371908,100.005859375
08:01:34,91282CLB5,TSRYS5850286,D,S,C,2024-07-29,3000000.00,4.371908,100.006059375
08:01:34,91282CLB5,TSRYS5850286,D,B,C,2024-07-29,1000000.00,4.371908,100.005859375
08:01:34,91282CLB5,TSRYS5850286,D,S,A,2024-07-29,258000.00,4.366756,100.015625
08:01:34,91282CLB5,TSRYS5850286,D,S,C,2024-07-29,1000000.00,4.371908,100.006059375
08:01:34,91282CLB5,TSRYS5850286,D,B,C,2024-07-29,1000000.00,4.371908,100.005859375
08:01:34,91282CLB5,TSRYS5850286,D,S,C,2024-07-29,1000000.00,4.371908,100.006059375
08:01:34,91282CLB5,TSRYS5850286,D,S,C,2024-07-29,1000000.00,4.371908,100.006059375
08:01:34,91282CLB5,TSRYS5850286,D,B,C,2024-07-29,2000000.00,4.371908,100.005859375
08:01:34,91282CLB5,TSRYS5850286,D,S,C,2024-07-29,2000000.00,4.371908,100.006059375
08:01:34,91282CLB5,TSRYS5850286,D,B,C,2024-07-29,1000000.00,4.371908,100.005684375
08:01:34,91282CLB5,TSRYS5850286,D,S,C,2024-07-29,1000000.00,4.371908,100.006059375
08:01:34,91282CLB5,TSRYS5850286,D,S,C,2024-07-29,1000000.00,4.361605,100.025390625
08:01:35,91282CLB5,TSRYS5850286,D,B,C,2024-07-29,3000000.00,4.370878,100.0078125
08:01:35,91282CLB5,TSRYS5850286,D,S,C,2024-07-29,3000000.00,4.370878,100.0078125
08:01:35,91282CLB5,TSRYS5850286,D,S,C,2024-07-29,1000000.00,4.370878,100.0078125
08:01:35,91282CLB5,TSRYS5850286,D,B,C,2024-07-29,2000000.00,4.370878,100.0078125
08:01:35,91282CLB5,TSRYS5850286,D,S,C,2024-07-29,2000000.00,4.370878,100.0078125
08:01:35,91282CLB5,TSRYS5850286,D,S,C,2024-07-29,1000000.00,4.370878,100.0078125
08:01:35,91282CLB5,TSRYS5850286,D,S,C,2024-07-29,1000000.00,4.372939,100.00390625
08:01:35,91282CLB5,TSRYS5850286,D,S,C,2024-07-29,1000000.00,4.371908,100.005859375
08:01:35,91282CLB5,TSRYS5850286,D,S,C,2024-07-29,1000000.00,4.371908,100.005859375
08:01:35,91282CLB5,TSRYS5850286,D,S,C,2024-07-29,1000000.00,4.371908,100.005859375
08:01:35,91282CLB5,TSRYS5850286,D,S,C,2024-07-29,1000000.00,4.371908,100.005859375
08:01:35,91282CLB5,TSRYS5850286,D,S,C,2024-07-29,1000000.00,4.371908,100.005859375
08:01:35,91282CLB5,TSRYS5850286,D,S,D,2024-07-29,1000000.00,4.370878,100.0078125
08:01:35,91282CLB5,TSRYS5850286,D,S,D,2024-07-29,1000000.00,4.370878,100.0078125
08:01:35,91282CLB5,TSRYS5850286,D,S,D,2024-07-29,1000000.00,4.370878,100.0078125
08:01:35,91282CLB5,TSRYS5850286,D,S,D,2024-07-29,2000000.00,4.370878,100.0078125
08:01:35,91282CLB5,TSRYS5850286,D,S,D,2024-07-29,1000000.00,4.370878,100.0078125
08:01:35,91282CLB5,TSRYS5850286,D,S,D,2024-07-29,1000000.00,4.370878,100.0078125
08:01:35,91282CLB5,TSRYS5850286,D,S,D,2024-07-29,1000000.00,4.370878,100.0078125
08:01:35,91282CLB5,TSRYS5850286,D,S,D,2024-07-29,1000000.00,4.370878,100.0078125
08:01:35,91282CLB5,TSRYS5850286,D,S,D,2024-07-29,4000000.00,4.370878,100.0078125
08:01:36,91282CLB5,TSRYS5850286,D,S,T,2024-07-29,1000000.00,4.362635,100.0234375
08:01:36,91282CLB5,TSRYS5850286,D,S,T,2024-07-29,1000000.00,4.364696,100.01953125
08:01:36,91282CLB5,TSRYS5850286,D,S,D,2024-07-29,1000000.00,4.370878,100.0078125
08:01:36,91282CLB5,TSRYS5850286,D,S,D,2024-07-29,4000000.00,4.370878,100.0078125
08:01:36,91282CLB5,TSRYS5850286,D,S,T,2024-07-29,1000000.00,4.364696,100.01953125
08:01:36,91282CLB5,TSRYS5850286,D,S,T,2024-07-29,1000000.00,4.364696,100.01953125
08:01:36,91282CLB5,TSRYS5850286,D,S,T,2024-07-29,1000000.00,4.364696,100.01953125
08:01:36,91282CLB5,TSRYS5850286,D,S,T,2024-07-29,1000000.00,4.364696,100.01953125
08:01:36,91282CLB5,TSRYS5850286,D,S,T,2024-07-29,1000000.00,4.364696,100.01953125
08:01:36,91282CLB5,TSRYS5850286,D,S,T,2024-07-29,1000000.00,4.364696,100.01953125
08:01:36,91282CLB5,TSRYS5850286,D,S,T,2024-07-29,1000000.00,4.364696,100.01953125
08:01:36,91282CLB5,TSRYS5850286,D,S,T,2024-07-29,1000000.00,4.364696,100.01953125
08:01:36,91282CLB5,TSRYS5850286,D,S,T,2024-07-29,1000000.00,4.364696,100.01953125
08:01:36,91282CLB5,TSRYS5850286,D,S,T,2024-07-29,1000000.00,4.364696,100.01953125
08:01:36,91282CLB5,TSRYS5850286,D,S,T,2024-07-29,1000000.00,4.364696,100.01953125
08:01:36,91282CLB5,TSRYS5850286,D,S,T,2024-07-29,1000000.00,4.364696,100.01953125
08:01:36,91282CLB5,TSRYS5850286,D,S,D,2024-07-29,1000000.00,4.370878,100.0078125
08:01:36,91282CLB5,TSRYS5850286,D,B,C,2024-07-29,3000000.00,4.370878,100.0078125
08:01:36,91282CLB5,TSRYS5850286,D,S,D,2024-07-29,3000000.00,4.370878,100.0078125
08:01:37,91282CLB5,TSRYS5850286,D,S,D,2024-07-29,1000000.00,4.370878,100.0078125
08:01:37,91282CLB5,TSRYS5850286,D,S,T,2024-07-29,1000000.00,4.366756,100.015625
08:01:37,91282CLB5,TSRYS5850286,D,S,T,2024-07-29,1000000.00,4.366756,100.015625
08:01:37,91282CLB5,TSRYS5850286,D,S,D,2024-07-29,1000000.00,4.361605,100.025390625
08:01:37,91282CLB5,TSRYS5850286,D,S,T,2024-07-29,1000000.00,4.361605,100.025390625
08:01:37,91282CLB5,TSRYS5850286,D,S,T,2024-07-29,1000000.00,4.361605,100.025390625
08:01:37,91282CLB5,TSRYS5850286,D,S,D,2024-07-29,2000000.00,4.370878,100.0078125
08:01:37,91282CLB5,TSRYS5850286,D,B,C,2024-07-29,1000000.00,4.370878,100.0078125
08:01:37,91282CLB5,TSRYS5850286,D,S,T,2024-07-29,1000000.00,4.366756,100.015625
08:01:37,91282CLB5,TSRYS5850286,D,S,T,2024-07-29,1000000.00,4.366756,100.015625
08:01:37,91282CLB5,TSRYS5850286,D,S,D,2024-07-29,1000000.00,4.370878,100.0078125
08:01:37,91282CLB5,TSRYS5850286,D,S,T,2024-07-29,1000000.00,4.366756,100.015625
08:01:37,91282CLB5,TSRYS5850286,D,S,T,2024-07-29,1000000.00,4.366756,100.015625
08:01:37,91282CLB5,TSRYS5850286,D,S,D,2024-07-29,1000000.00,4.370878,100.0078125
08:01:37,91282CLB5,TSRYS5850286,D,B,C,2024-07-29,4000000.00,4.370878,100.0078125
08:01:37,91282CLB5,TSRYS5850286,D,S,T,2024-07-29,1000000.00,4.366756,100.015625
08:01:37,91282CLB5,TSRYS5850286,D,S,T,2024-07-29,1000000.00,4.366756,100.015625
08:01:37,91282CLB5,TSRYS5850286,D,S,C,2024-07-29,5000000.00,4.363665,100.02148437
08:01:37,91282CLB5,TSRYS5850286,D,S,D,2024-07-29,4000000.00,4.370878,100.0078125
08:01:37,91282CLB5,TSRYS5850286,D,S,T,2024-07-29,1000000.00,4.366756,100.015625
08:01:37,91282CLB5,TSRYS5850286,D,S,C,2024-07-29,2000000.00,4.370878,100.0078125
08:01:37,91282CLB5,TSRYS5850286,D,B,C,2024-07-29,2000000.00,4.370878,100.0078125
08:01:37,91282CLB5,TSRYS5850286,D,S,T,2024-07-29,1000000.00,4.366756,100.015625
08:01:37,91282CLB5,TSRYS5850286,D,S,T,2024-07-29,1000000.00,4.366756,100.015625
08:01:37,91282CLB5,TSRYS5850286,D,S,T,2024-07-29,1000000.00,4.366756,100.015625
08:01:37,91282CLB5,TSRYS5850286,D,S,T,2024-07-29,1000000.00,4.366756,100.015625
08:01:37,91282CLB5,TSRYS5850286,D,S,T,2024-07-29,1000000.00,4.366756,100.015625
08:01:37,91282CLB5,TSRYS5850286,D,S,T,2024-07-29,1000000.00,4.366783,100.015575
08:01:37,91282CLB5,TSRYS5850286,D,S,T,2024-07-29,1000000.00,4.366783,100.015575
08:01:37,91282CLB5,TSRYS5850286,D,S,T,2024-07-29,1000000.00,4.366756,100.015625
08:01:38,91282CLB5,TSRYS5850286,D,S,T,2024-07-29,1000000.00,4.366756,100.015625
08:01:38,91282CLB5,TSRYS5850286,D,S,T,2024-07-29,1000000.00,4.368817,100.01171875
08:01:38,91282CLB5,TSRYS5850286,D,S,T,2024-07-29,1000000.00,4.368817,100.01171875
08:01:38,91282CLB5,TSRYS5850286,D,S,T,2024-07-29,1000000.00,4.368817,100.01171875
08:01:38,91282CLB5,TSRYS5850286,D,S,T,2024-07-29,1000000.00,4.362741,100.0232375
08:01:38,91282CLB5,TSRYS5850286,D,S,T,2024-07-29,1000000.00,4.368817,100.01171875
08:01:38,91282CLB5,TSRYS5850286,D,S,T,2024-07-29,1000000.00,4.368817,100.01171875
08:01:38,91282CLB5,TSRYS5850286,D,S,T,2024-07-29,1000000.00,4.368817,100.01171875
08:01:38,91282CLB5,TSRYS5850286,D,S,T,2024-07-29,3000000.00,4.368817,100.01171875
08:01:38,91282CLB5,TSRYS5850286,D,S,T,2024-07-29,1000000.00,4.368843,100.01166875
08:01:38,91282CLB5,TSRYS5850286,D,S,T,2024-07-29,1000000.00,4.370878,100.0078125
08:01:38,91282CLB5,TSRYS5850286,D,S,T,2024-07-29,1000000.00,4.370878,100.0078125
08:01:38,91282CLB5,TSRYS5850286,D,S,T,2024-07-29,2000000.00,4.369874,100.00971562
08:01:39,91282CLB5,TSRYS5850286,D,S,T,2024-07-29,3000000.00,4.387369,99.9765625
08:01:39,91282CLB5,TSRYS5850286,D,S,C,2024-07-29,1000000.00,4.372939,100.00390625
08:01:39,91282CLB5,TSRYS5850286,D,S,T,2024-07-29,1000000.00,4.383245,99.984375
08:01:39,91282CLB5,TSRYS5850286,D,S,T,2024-07-29,1000000.00,4.370878,100.0078125
08:01:39,91282CLB5,TSRYS5850286,D,S,T,2024-07-29,1000000.00,4.370878,100.0078125
08:01:39,91282CLB5,TSRYS5850286,D,S,C,2024-07-29,1000000.00,4.372939,100.00390625
08:01:39,91282CLB5,TSRYS5850286,D,S,C,2024-07-29,1000000.00,4.372939,100.00390625
08:01:39,91282CLB5,TSRYS5850286,D,S,T,2024-07-29,1000000.00,4.370878,100.0078125
08:01:39,91282CLB5,TSRYS5850286,D,S,C,2024-07-29,1000000.00,4.372939,100.00390625
08:01:39,91282CLB5,TSRYS5850286,D,S,T,2024-07-29,1000000.00,4.370878,100.0078125
08:01:39,91282CLB5,TSRYS5850286,D,S,T,2024-07-29,1000000.00,4.370878,100.0078125
08:01:39,91282CLB5,TSRYS5850286,D,S,T,2024-07-29,1000000.00,4.370878,100.0078125
08:01:39,91282CLB5,TSRYS5850286,D,S,T,2024-07-29,2000000.00,4.370878,100.0078125
08:01:39,91282CLB5,TSRYS5850286,D,S,T,2024-07-29,1000000.00,4.370878,100.0078125
08:01:39,91282CLB5,TSRYS5850286,D,S,T,2024-07-29,8000000.00,4.370878,100.0078125
08:01:39,91282CLB5,TSRYS5850286,D,S,T,2024-07-29,1000000.00,4.370878,100.0078125
08:01:39,91282CLB5,TSRYS5850286,D,S,T,2024-07-29,1000000.00,4.370878,100.0078125
08:01:39,91282CLB5,TSRYS5850286,D,S,T,2024-07-29,1000000.00,4.370878,100.0078125
08:01:39,91282CLB5,TSRYS5850286,D,S,T,2024-07-29,1000000.00,4.370878,100.0078125
08:01:40,91282CLB5,TSRYS5850286,D,S,T,2024-07-29,1000000.00,4.370878,100.0078125
08:01:40,91282CLB5,TSRYS5850286,D,S,T,2024-07-29,1000000.00,4.368817,100.01171875
08:01:40,91282CLB5,TSRYS5850286,D,S,T,2024-07-29,1000000.00,4.368817,100.01171875
08:01:40,91282CLB5,TSRYS5850286,D,S,T,2024-07-29,1000000.00,4.368817,100.01171875
08:01:40,91282CLB5,TSRYS5850286,D,S,T,2024-07-29,1000000.00,4.368817,100.01171875
08:01:40,91282CLB5,TSRYS5850286,D,S,T,2024-07-29,1000000.00,4.368817,100.01171875
08:01:40,91282CLB5,TSRYS5850286,D,S,T,2024-07-29,1000000.00,4.368817,100.01171875
08:01:40,91282CLB5,TSRYS5850286,D,S,T,2024-07-29,1000000.00,4.370878,100.0078125
08:01:40,91282CLB5,TSRYS5850286,D,S,T,2024-07-29,1000000.00,4.370878,100.0078125
08:01:40,91282CLB5,TSRYS5850286,D,S,T,2024-07-29,1000000.00,4.370878,100.0078125
08:01:40,91282CLB5,TSRYS5850286,D,S,T,2024-07-29,1000000.00,4.370878,100.0078125
08:01:40,91282CLB5,TSRYS5850286,D,S,T,2024-07-29,1000000.00,4.370878,100.0078125
08:01:40,91282CLB5,TSRYS5850286,D,S,T,2024-07-29,1000000.00,4.370878,100.0078125
08:01:40,91282CLB5,TSRYS5850286,D,S,T,2024-07-29,1000000.00,4.370878,100.0078125
08:01:40,91282CLB5,TSRYS5850286,D,S,T,2024-07-29,1000000.00,4.370878,100.0078125
08:01:40,91282CLB5,TSRYS5850286,D,S,T,2024-07-29,1000000.00,4.370878,100.0078125
08:01:40,91282CLB5,TSRYS5850286,D,S,T,2024-07-29,1000000.00,4.371935,100.00580937
08:01:41,91282CLB5,TSRYS5850286,D,S,T,2024-07-29,1000000.00,4.372939,100.00390625
08:01:41,91282CLB5,TSRYS5850286,D,S,T,2024-07-29,1000000.00,4.372939,100.00390625
08:01:41,91282CLB5,TSRYS5850286,D,S,T,2024-07-29,6000000.00,4.372939,100.00390625
08:01:41,91282CLB5,TSRYS5850286,D,S,T,2024-07-29,1000000.00,4.372939,100.00390625
08:01:41,91282CLB5,TSRYS5850286,D,S,T,2024-07-29,1000000.00,4.372939,100.00390625
08:01:41,91282CLB5,TSRYS5850286,D,S,T,2024-07-29,1000000.00,4.372939,100.00390625
08:01:41,91282CLB5,TSRYS5850286,D,S,T,2024-07-29,1000000.00,4.370878,100.0078125
08:01:41,91282CLB5,TSRYS5850286,D,S,T,2024-07-29,1000000.00,4.370878,100.0078125
08:01:41,91282CLB5,TSRYS5850286,D,S,T,2024-07-29,1000000.00,4.370878,100.0078125
08:01:41,91282CLB5,TSRYS5850286,D,S,T,2024-07-29,1000000.00,4.370878,100.0078125
08:01:41,91282CLB5,TSRYS5850286,D,S,D,2024-07-29,1000000.00,4.364696,100.01953125
08:01:41,91282CLB5,TSRYS5850286,D,S,T,2024-07-29,1000000.00,4.368817,100.01171875
08:01:41,91282CLB5,TSRYS5850286,D,S,D,2024-07-29,1000000.00,4.362635,100.0234375
08:01:41,91282CLB5,TSRYS5850286,D,S,T,2024-07-29,1000000.00,4.362714,100.0232875
08:01:41,91282CLB5,TSRYS5850286,D,S,T,2024-07-29,1000000.00,4.368817,100.01171875
