tradeTime,cusip,issueSymbolIdentifier,priceType,reportingSideCode,contraPartyTypeCode,tradeDate,reportedTradeVolume,lastSaleYield,lastSalePrice
08:00:03,91282CKS9,TSRYS5814779,D,S,T,2024-06-04,1000000.00,4.799522,100.140625
08:00:07,91282CKS9,TSRYS5814779,D,S,T,2024-06-04,3000000.00,4.822443,100.09765625
08:00:07,91282CKS9,TSRYS5814779,D,S,T,2024-06-04,4000000.00,4.819317,100.103515625
08:00:07,91282CKS9,TSRYS5814779,D,S,D,2024-06-04,1000000.00,4.822443,100.09765625
08:00:07,91282CKS9,TSRYS5814779,D,S,D,2024-06-04,1000000.00,4.820359,100.1015625
08:00:07,91282CKS9,TSRYS5814779,D,S,D,2024-06-04,1000000.00,4.821401,100.099609375
08:00:07,91282CKS9,TSRYS5814779,D,S,D,2024-06-04,1000000.00,4.822443,100.09765625
08:00:07,91282CKS9,TSRYS5814779,D,S,D,2024-06-04,4000000.00,4.828697,100.0859375
08:00:07,91282CKS9,TSRYS5814779,D,S,D,2024-06-04,1000000.00,4.812023,100.1171875
08:00:07,91282CKS9,TSRYS5814779,D,S,D,2024-06-04,8000000.00,4.812023,100.1171875
08:00:07,91282CKS9,TSRYS5814779,D,S,D,2024-06-04,1000000.00,4.80473,100.130859375
08:00:07,91282CKS9,TSRYS5814779,D,S,D,2024-06-04,1000000.00,4.805772,100.12890625
08:00:07,91282CKS9,TSRYS5814779,D,S,D,2024-06-04,4000000.00,4.80473,100.130859375
08:00:07,91282CKS9,TSRYS5814779,D,S,D,2024-06-04,1000000.00,4.80473,100.130859375
08:00:07,91282CKS9,TSRYS5814779,D,S,D,2024-06-04,4000000.00,4.80473,100.130859375
08:00:07,91282CKS9,TSRYS5814779,D,S,D,2024-06-04,4000000.00,4.80473,100.130859375
08:00:07,91282CKS9,TSRYS5814779,D,S,D,2024-06-04,1000000.00,4.80473,100.130859375
08:00:07,91282CKS9,TSRYS5814779,D,S,D,2024-06-04,1000000.00,4.80473,100.130859375
08:00:07,91282CKS9,TSRYS5814779,D,S,D,2024-06-04,4000000.00,4.80473,100.130859375
08:00:07,91282CKS9,TSRYS5814779,D,S,D,2024-06-04,1000000.00,4.80473,100.130859375
08:00:07,91282CKS9,TSRYS5814779,D,S,D,2024-06-04,4000000.00,4.80473,100.130859375
08:00:07,91282CKS9,TSRYS5814779,D,S,D,2024-06-04,1000000.00,4.80473,100.130859375
08:00:07,91282CKS9,TSRYS5814779,D,S,D,2024-06-04,2000000.00,4.80473,100.130859375
08:00:07,91282CKS9,TSRYS5814779,D,S,D,2024-06-04,2000000.00,4.80473,100.130859375
08:00:07,91282CKS9,TSRYS5814779,D,S,D,2024-06-04,1000000.00,4.80473,100.130859375
08:00:07,91282CKS9,TSRYS5814779,D,S,D,2024-06-04,1000000.00,4.80473,100.130859375
08:00:07,91282CKS9,TSRYS5814779,D,S,D,2024-06-04,1000000.00,4.80473,100.130859375
08:00:07,91282CKS9,TSRYS5814779,D,S,D,2024-06-04,2000000.00,4.80473,100.130859375
08:00:07,91282CKS9,TSRYS5814779,D,S,D,2024-06-04,1000000.00,4.80473,100.130859375
08:00:07,91282CKS9,TSRYS5814779,D,S,T,2024-06-04,2000000.00,4.80473,100.130859375
08:00:07,91282CKS9,TSRYS5814779,D,S,T,2024-06-04,2000000.00,4.80473,100.130859375
08:00:07,91282CKS9,TSRYS5814779,D,S,T,2024-06-04,2000000.00,4.80473,100.130859375
08:00:07,91282CKS9,TSRYS5814779,D,S,D,2024-06-04,4000000.00,4.80473,100.130859375
08:00:07,91282CKS9,TSRYS5814779,D,S,D,2024-06-04,4000000.00,4.80473,100.130859375
08:00:07,91282CKS9,TSRYS5814779,D,S,T,2024-06-04,2000000.00,4.80473,100.130859375
08:00:07,91282CKS9,TSRYS5814779,D,S,D,2024-06-04,3000000.00,4.803688,100.1328125
08:00:07,91282CKS9,TSRYS5814779,D,S,D,2024-06-04,5000000.00,4.802647,100.134765625
08:00:07,91282CKS9,TSRYS5814779,D,S,D,2024-06-04,2000000.00,4.803688,100.1328125
08:00:07,91282CKS9,TSRYS5814779,D,S,D,2024-06-04,1000000.00,4.802647,100.134765625
08:00:07,91282CKS9,TSRYS5814779,D,S,D,2024-06-04,2000000.00,4.802647,100.134765625
08:00:07,91282CKS9,TSRYS5814779,D,S,D,2024-06-04,2000000.00,4.802647,100.134765625
08:00:07,91282CKS9,TSRYS5814779,D,S,D,2024-06-04,2000000.00,4.802647,100.134765625
08:00:07,91282CKS9,TSRYS5814779,D,S,D,2024-06-04,2000000.00,4.802647,100.134765625
08:00:07,91282CKS9,TSRYS5814779,D,S,D,2024-06-04,2000000.00,4.802647,100.134765625
08:00:07,91282CKS9,TSRYS5814779,D,S,D,2024-06-04,2000000.00,4.802647,100.134765625
08:00:07,91282CKS9,TSRYS5814779,D,S,D,2024-06-04,2000000.00,4.802647,100.134765625
08:00:07,91282CKS9,TSRYS5814779,D,S,D,2024-06-04,2000000.00,4.802647,100.134765625
08:00:07,91282CKS9,TSRYS5814779,D,S,D,2024-06-04,2000000.00,4.802647,100.134765625
08:00:07,91282CKS9,TSRYS5814779,D,S,D,2024-06-04,2000000.00,4.802647,100.134765625
08:00:07,91282CKS9,TSRYS5814779,D,S,D,2024-06-04,2000000.00,4.802647,100.134765625
08:00:07,91282CKS9,TSRYS5814779,D,S,D,2024-06-04,2000000.00,4.802647,100.134765625
08:00:07,91282CKS9,TSRYS5814779,D,S,D,2024-06-04,1000000.00,4.802647,100.134765625
08:00:07,91282CKS9,TSRYS5814779,D,S,D,2024-06-04,2000000.00,4.802647,100.134765625
08:00:07,91282CKS9,TSRYS5814779,D,S,D,2024-06-04,1000000.00,4.803688,100.1328125
08:00:07,91282CKS9,TSRYS5814779,D,S,D,2024-06-04,1000000.00,4.803688,100.1328125
08:00:07,91282CKS9,TSRYS5814779,D,S,D,2024-06-04,1000000.00,4.803688,100.1328125
08:00:07,91282CKS9,TSRYS5814779,D,S,D,2024-06-04,1000000.00,4.803688,100.1328125
08:00:07,91282CKS9,TSRYS5814779,D,S,D,2024-06-04,1000000.00,4.803688,100.1328125
08:00:07,91282CKS9,TSRYS5814779,D,S,D,2024-06-04,1000000.00,4.803688,100.1328125
08:00:07,91282CKS9,TSRYS5814779,D,S,D,2024-06-04,1000000.00,4.803688,100.1328125
08:00:07,91282CKS9,TSRYS5814779,D,S,D,2024-06-04,1000000.00,4.803688,100.1328125
08:00:07,91282CKS9,TSRYS5814779,D,S,D,2024-06-04,1000000.00,4.803688,100.1328125
08:00:07,91282CKS9,TSRYS5814779,D,S,D,2024-06-04,1000000.00,4.803688,100.1328125
08:00:07,91282CKS9,TSRYS5814779,D,S,D,2024-06-04,1000000.00,4.803688,100.1328125
08:00:07,91282CKS9,TSRYS5814779,D,S,D,2024-06-04,1000000.00,4.803688,100.1328125
08:00:07,91282CKS9,TSRYS5814779,D,S,D,2024-06-04,1000000.00,4.803688,100.1328125
08:00:07,91282CKS9,TSRYS5814779,D,S,D,2024-06-04,1000000.00,4.803688,100.1328125
08:00:07,91282CKS9,TSRYS5814779,D,S,D,2024-06-04,1000000.00,4.803688,100.1328125
08:00:07,91282CKS9,TSRYS5814779,D,S,D,2024-06-04,1000000.00,4.803688,100.1328125
08:00:07,91282CKS9,TSRYS5814779,D,S,D,2024-06-04,1000000.00,4.803688,100.1328125
08:00:07,91282CKS9,TSRYS5814779,D,S,D,2024-06-04,1000000.00,4.803688,100.1328125
08:00:07,91282CKS9,TSRYS5814779,D,S,D,2024-06-04,1000000.00,4.803688,100.1328125
08:00:07,91282CKS9,TSRYS5814779,D,S,D,2024-06-04,6000000.00,4.802647,100.134765625
08:00:07,91282CKS9,TSRYS5814779,D,S,T,2024-06-04,1000000.00,4.803688,100.1328125
08:00:07,91282CKS9,TSRYS5814779,D,S,T,2024-06-04,1000000.00,4.803688,100.1328125
08:00:10,91282CKS9,TSRYS5814779,D,S,T,2024-06-04,1000000.00,4.818275,100.10546875
08:00:10,91282CKS9,TSRYS5814779,D,S,D,2024-06-04,350000.00,4.801605,100.13671875
08:00:10,91282CKS9,TSRYS5814779,D,B,A,2024-06-04,340000.00,4.803695,100.1328
08:00:10,91282CKS9,TSRYS5814779,D,B,A,2024-06-04,3540000.00,4.820339,100.1016
08:00:10,91282CKS9,TSRYS5814779,D,B,A,2024-06-04,815000.00,4.814097,100.1133
08:00:10,91282CKS9,TSRYS5814779,D,B,A,2024-06-04,400000.00,4.818275,100.10546875
08:00:10,91282CKS9,TSRYS5814779,D,S,T,2024-06-04,1000000.00,4.820359,100.1015625
08:00:10,91282CKS9,TSRYS5814779,D,S,T,2024-06-04,1000000.00,4.821401,100.099609375
08:00:10,91282CKS9,TSRYS5814779,D,S,T,2024-06-04,1000000.00,4.821401,100.099609375
08:00:10,91282CKS9,TSRYS5814779,D,S,T,2024-06-04,1000000.00,4.819317,100.103515625
08:00:10,91282CKS9,TSRYS5814779,D,S,T,2024-06-04,1000000.00,4.820359,100.1015625
08:00:10,91282CKS9,TSRYS5814779,D,S,D,2024-06-04,1000000.00,4.820359,100.1015625
08:00:10,91282CKS9,TSRYS5814779,D,S,T,2024-06-04,1000000.00,4.827655,100.087890625
08:00:10,91282CKS9,TSRYS5814779,D,S,T,2024-06-04,1000000.00,4.813065,100.115234375
08:00:10,91282CKS9,TSRYS5814779,D,S,T,2024-06-04,1000000.00,4.810981,100.119140625
08:00:10,91282CKS9,TSRYS5814779,D,S,D,2024-06-04,1000000.00,4.805772,100.12890625
08:00:10,91282CKS9,TSRYS5814779,D,S,D,2024-06-04,1000000.00,4.805772,100.12890625
08:00:10,91282CKS9,TSRYS5814779,D,S,D,2024-06-04,1000000.00,4.805772,100.12890625
08:00:10,91282CKS9,TSRYS5814779,D,S,D,2024-06-04,1000000.00,4.805772,100.12890625
08:00:10,91282CKS9,TSRYS5814779,D,S,T,2024-06-04,1000000.00,4.805772,100.12890625
08:00:10,91282CKS9,TSRYS5814779,D,S,T,2024-06-04,1000000.00,4.806814,100.126953125
08:00:10,91282CKS9,TSRYS5814779,D,S,T,2024-06-04,1000000.00,4.802647,100.134765625
08:00:10,91282CKS9,TSRYS5814779,D,S,T,2024-06-04,1000000.00,4.80473,100.130859375
08:00:10,91282CKS9,TSRYS5814779,D,S,D,2024-06-04,1000000.00,4.80473,100.130859375
08:00:10,91282CKS9,TSRYS5814779,D,S,D,2024-06-04,1000000.00,4.80473,100.130859375
08:00:10,91282CKS9,TSRYS5814779,D,S,D,2024-06-04,1000000.00,4.80473,100.130859375
08:00:10,91282CKS9,TSRYS5814779,D,S,D,2024-06-04,1000000.00,4.80473,100.130859375
08:00:10,91282CKS9,TSRYS5814779,D,S,D,2024-06-04,1000000.00,4.80473,100.130859375
08:00:10,91282CKS9,TSRYS5814779,D,S,T,2024-06-04,1000000.00,4.80473,100.130859375
08:00:10,91282CKS9,TSRYS5814779,D,S,T,2024-06-04,1000000.00,4.80473,100.130859375
08:00:10,91282CKS9,TSRYS5814779,D,S,T,2024-06-04,1000000.00,4.805772,100.12890625
08:00:10,91282CKS9,TSRYS5814779,D,S,T,2024-06-04,2000000.00,4.809939,100.12109375
08:00:10,91282CKS9,TSRYS5814779,D,S,T,2024-06-04,1000000.00,4.809939,100.12109375
08:00:10,91282CKS9,TSRYS5814779,D,S,T,2024-06-04,1000000.00,4.802647,100.134765625
08:00:10,91282CKS9,TSRYS5814779,D,S,D,2024-06-04,1000000.00,4.802647,100.134765625
08:00:10,91282CKS9,TSRYS5814779,D,S,D,2024-06-04,1000000.00,4.802647,100.134765625
08:00:10,91282CKS9,TSRYS5814779,D,S,D,2024-06-04,1000000.00,4.802647,100.134765625
08:00:10,91282CKS9,TSRYS5814779,D,S,T,2024-06-04,1000000.00,4.802647,100.134765625
08:00:10,91282CKS9,TSRYS5814779,D,S,T,2024-06-04,1000000.00,4.802647,100.134765625
08:00:10,91282CKS9,TSRYS5814779,D,S,T,2024-06-04,1000000.00,4.801605,100.13671875
08:00:10,91282CKS9,TSRYS5814779,D,S,T,2024-06-04,1000000.00,4.801605,100.13671875
08:00:10,91282CKS9,TSRYS5814779,D,S,T,2024-06-04,1000000.00,4.79848,100.142578125
08:00:13,91282CKS9,TSRYS5814779,D,B,A,2024-06-04,700000.00,4.822443,100.09765625
08:00:15,91282CKS9,TSRYS5814779,D,S,D,2024-06-04,1000000.00,4.818275,100.10546875
08:00:17,91282CKS9,TSRYS5814779,D,S,D,2024-06-04,1000000.00,4.819317,100.103515625
08:00:18,91282CKS9,TSRYS5814779,D,S,D,2024-06-04,3000000.00,4.821401,100.099609375
08:00:22,91282CKS9,TSRYS5814779,D,S,A,2024-06-04,5000000.00,4.823485,100.095703125
08:00:22,91282CKS9,TSRYS5814779,D,S,D,2024-06-04,1000000.00,4.803688,100.1328125
08:00:22,91282CKS9,TSRYS5814779,D,S,D,2024-06-04,6000000.00,4.80473,100.130859375
08:00:22,91282CKS9,TSRYS5814779,D,S,D,2024-06-04,2000000.00,4.803688,100.1328125
08:00:22,91282CKS9,TSRYS5814779,D,S,D,2024-06-04,1000000.00,4.80473,100.130859375
08:00:22,91282CKS9,TSRYS5814779,D,S,D,2024-06-04,1000000.00,4.802647,100.134765625
08:00:22,91282CKS9,TSRYS5814779,D,S,D,2024-06-04,2000000.00,4.801605,100.13671875
08:00:22,91282CKS9,TSRYS5814779,D,S,D,2024-06-04,1000000.00,4.801605,100.13671875
08:00:22,91282CKS9,TSRYS5814779,D,S,D,2024-06-04,4000000.00,4.801605,100.13671875
08:00:22,91282CKS9,TSRYS5814779,D,S,D,2024-06-04,1000000.00,4.801605,100.13671875
08:00:25,91282CKS9,TSRYS5814779,D,S,D,2024-06-04,2000000.00,4.801605,100.13671875
08:00:25,91282CKS9,TSRYS5814779,D,S,D,2024-06-04,1000000.00,4.801605,100.13671875
08:00:25,91282CKS9,TSRYS5814779,D,S,D,2024-06-04,1000000.00,4.801605,100.13671875
08:00:25,91282CKS9,TSRYS5814779,D,S,D,2024-06-04,1000000.00,4.803688,100.1328125
08:00:25,91282CKS9,TSRYS5814779,D,S,D,2024-06-04,2000000.00,4.803688,100.1328125
08:00:25,91282CKS9,TSRYS5814779,D,S,D,2024-06-04,1000000.00,4.803688,100.1328125
08:00:25,91282CKS9,TSRYS5814779,D,S,D,2024-06-04,1000000.00,4.803688,100.1328125
08:00:25,91282CKS9,TSRYS5814779,D,S,D,2024-06-04,3000000.00,4.803688,100.1328125
08:00:25,91282CKS9,TSRYS5814779,D,S,D,2024-06-04,1000000.00,4.80473,100.130859375
08:00:25,91282CKS9,TSRYS5814779,D,S,D,2024-06-04,2000000.00,4.803688,100.1328125
08:00:25,91282CKS9,TSRYS5814779,D,S,D,2024-06-04,1000000.00,4.80473,100.130859375
08:00:25,91282CKS9,TSRYS5814779,D,S,D,2024-06-04,1000000.00,4.80473,100.130859375
08:00:25,91282CKS9,TSRYS5814779,D,S,D,2024-06-04,1000000.00,4.80473,100.130859375
08:00:25,91282CKS9,TSRYS5814779,D,S,D,2024-06-04,1000000.00,4.80473,100.130859375
08:00:25,91282CKS9,TSRYS5814779,D,S,D,2024-06-04,1000000.00,4.80473,100.130859375
08:00:26,91282CKS9,TSRYS5814779,D,S,D,2024-06-04,1000000.00,4.80473,100.130859375
08:00:26,91282CKS9,TSRYS5814779,D,S,D,2024-06-04,1000000.00,4.80473,100.130859375
08:00:26,91282CKS9,TSRYS5814779,D,S,D,2024-06-04,1000000.00,4.803688,100.1328125
08:00:26,91282CKS9,TSRYS5814779,D,S,D,2024-06-04,1000000.00,4.803688,100.1328125
08:00:26,91282CKS9,TSRYS5814779,D,S,D,2024-06-04,1000000.00,4.80473,100.130859375
08:00:26,91282CKS9,TSRYS5814779,D,S,D,2024-06-04,1000000.00,4.803688,100.1328125
08:00:26,91282CKS9,TSRYS5814779,D,S,D,2024-06-04,2000000.00,4.803688,100.1328125
08:00:26,91282CKS9,TSRYS5814779,D,S,D,2024-06-04,1000000.00,4.803688,100.1328125
08:00:26,91282CKS9,TSRYS5814779,D,S,D,2024-06-04,2000000.00,4.803688,100.1328125
08:00:26,91282CKS9,TSRYS5814779,D,S,D,2024-06-04,1000000.00,4.80473,100.130859375
08:00:26,91282CKS9,TSRYS5814779,D,S,D,2024-06-04,1000000.00,4.80473,100.130859375
08:00:26,91282CKS9,TSRYS5814779,D,S,D,2024-06-04,1000000.00,4.803688,100.1328125
08:00:26,91282CKS9,TSRYS5814779,D,S,D,2024-06-04,1000000.00,4.803688,100.1328125
08:00:26,91282CKS9,TSRYS5814779,D,S,D,2024-06-04,1000000.00,4.803688,100.1328125
08:00:26,91282CKS9,TSRYS5814779,D,S,D,2024-06-04,1000000.00,4.803688,100.1328125
08:00:26,91282CKS9,TSRYS5814779,D,S,D,2024-06-04,1000000.00,4.803688,100.1328125
08:00:26,91282CKS9,TSRYS5814779,D,S,D,2024-06-04,2000000.00,4.803688,100.1328125
08:00:26,91282CKS9,TSRYS5814779,D,S,D,2024-06-04,1000000.00,4.803688,100.1328125
08:00:26,91282CKS9,TSRYS5814779,D,S,D,2024-06-04,4000000.00,4.80473,100.130859375
08:00:26,91282CKS9,TSRYS5814779,D,S,D,2024-06-04,1000000.00,4.80473,100.130859375
08:00:26,91282CKS9,TSRYS5814779,D,S,D,2024-06-04,1000000.00,4.80473,100.130859375
08:00:26,91282CKS9,TSRYS5814779,D,S,D,2024-06-04,1000000.00,4.803688,100.1328125
08:00:26,91282CKS9,TSRYS5814779,D,S,D,2024-06-04,1000000.00,4.80473,100.130859375
08:00:26,91282CKS9,TSRYS5814779,D,S,D,2024-06-04,3000000.00,4.80473,100.130859375
08:00:26,91282CKS9,TSRYS5814779,D,S,D,2024-06-04,2000000.00,4.803688,100.1328125
08:00:26,91282CKS9,TSRYS5814779,D,S,D,2024-06-04,2000000.00,4.80473,100.130859375
08:00:26,91282CKS9,TSRYS5814779,D,S,D,2024-06-04,1000000.00,4.803688,100.1328125
08:00:26,91282CKS9,TSRYS5814779,D,S,D,2024-06-04,1000000.00,4.803688,100.1328125
08:00:26,91282CKS9,TSRYS5814779,D,S,D,2024-06-04,2000000.00,4.803688,100.1328125
08:00:26,91282CKS9,TSRYS5814779,D,S,D,2024-06-04,1000000.00,4.803688,100.1328125
08:00:26,91282CKS9,TSRYS5814779,D,S,D,2024-06-04,1000000.00,4.803688,100.1328125
08:00:26,91282CKS9,TSRYS5814779,D,S,D,2024-06-04,3000000.00,4.80473,100.130859375
08:00:26,91282CKS9,TSRYS5814779,D,S,D,2024-06-04,3000000.00,4.80473,100.130859375
08:00:26,91282CKS9,TSRYS5814779,D,S,D,2024-06-04,2000000.00,4.803688,100.1328125
08:00:26,91282CKS9,TSRYS5814779,D,S,D,2024-06-04,1000000.00,4.803688,100.1328125
08:00:26,91282CKS9,TSRYS5814779,D,S,D,2024-06-04,4000000.00,4.80473,100.130859375
08:00:26,91282CKS9,TSRYS5814779,D,S,D,2024-06-04,2000000.00,4.803688,100.1328125
08:00:26,91282CKS9,TSRYS5814779,D,S,D,2024-06-04,1000000.00,4.803688,100.1328125
08:00:26,91282CKS9,TSRYS5814779,D,S,D,2024-06-04,1000000.00,4.803688,100.1328125
08:00:26,91282CKS9,TSRYS5814779,D,S,D,2024-06-04,3000000.00,4.80473,100.130859375
08:00:26,91282CKS9,TSRYS5814779,D,S,D,2024-06-04,1000000.00,4.803688,100.1328125
08:00:26,91282CKS9,TSRYS5814779,D,S,D,2024-06-04,2000000.00,4.803688,100.1328125
08:00:26,91282CKS9,TSRYS5814779,D,S,D,2024-06-04,3000000.00,4.80473,100.130859375
08:00:26,91282CKS9,TSRYS5814779,D,S,D,2024-06-04,3000000.00,4.80473,100.130859375
08:00:26,91282CKS9,TSRYS5814779,D,S,D,2024-06-04,1000000.00,4.80473,100.130859375
08:00:26,91282CKS9,TSRYS5814779,D,S,D,2024-06-04,1000000.00,4.80473,100.130859375
08:00:26,91282CKS9,TSRYS5814779,D,S,D,2024-06-04,1000000.00,4.80473,100.130859375
08:00:26,91282CKS9,TSRYS5814779,D,S,D,2024-06-04,3000000.00,4.80473,100.130859375
08:00:27,91282CKS9,TSRYS5814779,D,S,A,2024-06-04,3000000.00,4.823485,100.095703125
08:00:28,91282CKS9,TSRYS5814779,D,S,D,2024-06-04,5000000.00,4.822443,100.09765625
08:00:28,91282CKS9,TSRYS5814779,D,S,T,2024-06-04,2000000.00,4.822443,100.09765625
08:00:28,91282CKS9,TSRYS5814779,D,S,T,2024-06-04,1000000.00,4.822443,100.09765625
08:00:28,91282CKS9,TSRYS5814779,D,B,A,2024-06-04,822000.00,4.822443,100.09765625
08:00:28,91282CKS9,TSRYS5814779,D,S,D,2024-06-04,4000000.00,4.822443,100.09765625
08:00:28,91282CKS9,TSRYS5814779,D,S,T,2024-06-04,1000000.00,4.822443,100.09765625
08:00:28,91282CKS9,TSRYS5814779,D,S,D,2024-06-04,4000000.00,4.822443,100.09765625
08:00:28,91282CKS9,TSRYS5814779,D,S,D,2024-06-04,2000000.00,4.822443,100.09765625
08:00:29,91282CKS9,TSRYS5814779,D,B,A,2024-06-04,358000.00,4.822443,100.09765625
08:00:29,91282CKS9,TSRYS5814779,D,S,D,2024-06-04,3000000.00,4.822443,100.09765625
08:00:29,91282CKS9,TSRYS5814779,D,S,D,2024-06-04,3000000.00,4.822443,100.09765625
08:00:30,91282CKS9,TSRYS5814779,D,S,D,2024-06-04,2000000.00,4.822443,100.09765625
08:00:30,91282CKS9,TSRYS5814779,D,S,D,2024-06-04,4000000.00,4.822443,100.09765625
08:00:30,91282CKS9,TSRYS5814779,D,S,D,2024-06-04,3000000.00,4.822443,100.09765625
08:00:30,91282CKS9,TSRYS5814779,D,S,D,2024-06-04,5000000.00,4.822443,100.09765625
08:00:30,91282CKS9,TSRYS5814779,D,S,D,2024-06-04,3000000.00,4.822443,100.09765625
08:00:30,91282CKS9,TSRYS5814779,D,S,T,2024-06-04,1000000.00,4.822443,100.09765625
08:00:30,91282CKS9,TSRYS5814779,D,S,D,2024-06-04,1000000.00,4.822443,100.09765625
08:00:30,91282CKS9,TSRYS5814779,D,S,D,2024-06-04,4000000.00,4.822443,100.09765625
08:00:30,91282CKS9,TSRYS5814779,D,S,D,2024-06-04,4000000.00,4.822443,100.09765625
08:00:30,91282CKS9,TSRYS5814779,D,S,D,2024-06-04,3000000.00,4.822443,100.09765625
08:00:30,91282CKS9,TSRYS5814779,D,S,T,2024-06-04,2000000.00,4.822443,100.09765625
08:00:30,91282CKS9,TSRYS5814779,D,S,T,2024-06-04,1000000.00,4.822443,100.09765625
08:00:30,91282CKS9,TSRYS5814779,D,S,D,2024-06-04,4000000.00,4.822443,100.09765625
08:00:30,91282CKS9,TSRYS5814779,D,S,T,2024-06-04,1000000.00,4.822443,100.09765625
08:00:30,91282CKS9,TSRYS5814779,D,S,T,2024-06-04,3000000.00,4.821401,100.099609375
08:00:30,91282CKS9,TSRYS5814779,D,B,A,2024-06-04,1248000.00,4.822443,100.09765625
08:00:31,91282CKS9,TSRYS5814779,D,S,D,2024-06-04,1000000.00,4.822443,100.09765625
08:00:31,91282CKS9,TSRYS5814779,D,S,T,2024-06-04,1000000.00,4.823485,100.095703125
08:00:31,91282CKS9,TSRYS5814779,D,S,D,2024-06-04,3000000.00,4.822443,100.09765625
08:00:31,91282CKS9,TSRYS5814779,D,S,T,2024-06-04,1000000.00,4.822443,100.09765625
08:00:31,91282CKS9,TSRYS5814779,D,S,T,2024-06-04,1000000.00,4.822443,100.09765625
08:00:31,91282CKS9,TSRYS5814779,D,S,T,2024-06-04,1000000.00,4.822443,100.09765625
08:00:31,91282CKS9,TSRYS5814779,D,S,T,2024-06-04,1000000.00,4.822443,100.09765625
08:00:31,91282CKS9,TSRYS5814779,D,S,T,2024-06-04,2000000.00,4.822443,100.09765625
08:00:31,91282CKS9,TSRYS5814779,D,S,A,2024-06-04,3000000.00,4.823485,100.095703125
08:00:31,91282CKS9,TSRYS5814779,D,S,T,2024-06-04,1000000.00,4.822443,100.09765625
08:00:31,91282CKS9,TSRYS5814779,D,S,T,2024-06-04,3000000.00,4.822443,100.09765625
08:00:31,91282CKS9,TSRYS5814779,D,S,T,2024-06-04,1000000.00,4.822443,100.09765625
08:00:31,91282CKS9,TSRYS5814779,D,S,T,2024-06-04,1000000.00,4.822443,100.09765625
08:00:31,91282CKS9,TSRYS5814779,D,S,T,2024-06-04,5000000.00,4.822443,100.09765625
08:00:31,91282CKS9,TSRYS5814779,D,S,T,2024-06-04,1000000.00,4.822443,100.09765625
08:00:31,91282CKS9,TSRYS5814779,D,S,T,2024-06-04,1000000.00,4.822443,100.09765625
08:00:31,91282CKS9,TSRYS5814779,D,S,T,2024-06-04,3000000.00,4.821401,100.099609375
08:00:32,91282CKS9,TSRYS5814779,D,S,T,2024-06-04,2000000.00,4.822443,100.09765625
08:00:32,91282CKS9,TSRYS5814779,D,S,T,2024-06-04,1000000.00,4.822443,100.09765625
08:00:32,91282CKS9,TSRYS5814779,D,S,T,2024-06-04,1000000.00,4.822443,100.09765625
08:00:32,91282CKS9,TSRYS5814779,D,S,D,2024-06-04,2000000.00,4.822443,100.09765625
08:00:32,91282CKS9,TSRYS5814779,D,S,T,2024-06-04,1000000.00,4.822443,100.09765625
08:00:32,91282CKS9,TSRYS5814779,D,S,T,2024-06-04,1000000.00,4.822443,100.09765625
08:00:32,91282CKS9,TSRYS5814779,D,S,T,2024-06-04,6000000.00,4.822443,100.09765625
08:00:32,91282CKS9,TSRYS5814779,D,S,T,2024-06-04,2000000.00,4.822443,100.09765625
08:00:32,91282CKS9,TSRYS5814779,D,S,D,2024-06-04,4000000.00,4.822443,100.09765625
08:00:32,91282CKS9,TSRYS5814779,D,S,T,2024-06-04,1000000.00,4.822443,100.09765625
08:00:32,91282CKS9,TSRYS5814779,D,S,T,2024-06-04,1000000.00,4.822443,100.09765625
08:00:32,91282CKS9,TSRYS5814779,D,S,T,2024-06-04,1000000.00,4.822443,100.09765625
08:00:33,91282CKS9,TSRYS5814779,D,S,D,2024-06-04,3000000.00,4.822443,100.09765625
08:00:33,91282CKS9,TSRYS5814779,D,S,T,2024-06-04,2000000.00,4.822443,100.09765625
08:00:33,91282CKS9,TSRYS5814779,D,S,T,2024-06-04,1000000.00,4.797439,100.14453125
08:00:33,91282CKS9,TSRYS5814779,D,S,T,2024-06-04,3000000.00,4.822443,100.09765625
08:00:33,91282CKS9,TSRYS5814779,D,S,D,2024-06-04,1000000.00,4.820359,100.1015625
08:00:33,91282CKS9,TSRYS5814779,D,S,T,2024-06-04,6000000.00,4.822443,100.09765625
08:00:33,91282CKS9,TSRYS5814779,D,S,D,2024-06-04,4763000.00,4.807855,100.125
08:00:34,91282CKS9,TSRYS5814779,D,S,D,2024-06-04,2000000.00,4.822443,100.09765625
08:00:34,91282CKS9,TSRYS5814779,D,S,T,2024-06-04,1000000.00,4.822443,100.09765625
08:00:34,91282CKS9,TSRYS5814779,D,S,T,2024-06-04,3000000.00,4.822443,100.09765625
08:00:34,91282CKS9,TSRYS5814779,D,S,T,2024-06-04,1000000.00,4.822443,100.09765625
08:00:34,91282CKS9,TSRYS5814779,D,B,C,2024-06-04,9000000.00,4.826612,100.08984375
08:00:34,91282CKS9,TSRYS5814779,D,S,T,2024-06-04,3000000.00,4.826612,100.08984375
08:00:34,91282CKS9,TSRYS5814779,D,S,T,2024-06-04,3000000.00,4.80473,100.130859375
08:00:38,91282CKS9,TSRYS5814779,D,S,T,2024-06-04,3000000.00,4.799522,100.140625
08:00:38,91282CKS9,TSRYS5814779,D,S,T,2024-06-04,1000000.00,4.822443,100.09765625
08:00:38,91282CKS9,TSRYS5814779,D,S,T,2024-06-04,1000000.00,4.822443,100.09765625
08:00:38,91282CKS9,TSRYS5814779,D,S,T,2024-06-04,2000000.00,4.822443,100.09765625
08:00:38,91282CKS9,TSRYS5814779,D,S,D,2024-06-04,1000000.00,4.822443,100.09765625
08:00:38,91282CKS9,TSRYS5814779,D,S,T,2024-06-04,1000000.00,4.822443,100.09765625
08:00:38,91282CKS9,TSRYS5814779,D,B,A,2024-06-04,386000.00,4.820359,100.1015625
08:00:38,91282CKS9,TSRYS5814779,D,S,T,2024-06-04,4000000.00,4.822443,100.09765625
08:00:38,91282CKS9,TSRYS5814779,D,S,T,2024-06-04,1000000.00,4.822443,100.09765625
08:00:38,91282CKS9,TSRYS5814779,D,S,T,2024-06-04,3000000.00,4.822443,100.09765625
08:00:38,91282CKS9,TSRYS5814779,D,S,T,2024-06-04,1000000.00,4.822443,100.09765625
08:00:38,91282CKS9,TSRYS5814779,D,S,T,2024-06-04,2000000.00,4.822443,100.09765625
08:00:38,91282CKS9,TSRYS5814779,D,S,T,2024-06-04,1000000.00,4.822443,100.09765625
08:00:38,91282CKS9,TSRYS5814779,D,S,T,2024-06-04,4000000.00,4.822443,100.09765625
08:00:38,91282CKS9,TSRYS5814779,D,S,T,2024-06-04,1000000.00,4.822443,100.09765625
08:00:38,91282CKS9,TSRYS5814779,D,S,T,2024-06-04,1000000.00,4.822443,100.09765625
08:00:38,91282CKS9,TSRYS5814779,D,S,D,2024-06-04,4000000.00,4.822443,100.09765625
08:00:38,91282CKS9,TSRYS5814779,D,S,T,2024-06-04,1000000.00,4.822443,100.09765625
08:00:38,91282CKS9,TSRYS5814779,D,S,D,2024-06-04,3000000.00,4.822443,100.09765625
08:00:38,91282CKS9,TSRYS5814779,D,S,D,2024-06-04,1000000.00,4.827655,100.087890625
08:00:38,91282CKS9,TSRYS5814779,D,S,T,2024-06-04,1000000.00,4.822443,100.09765625
08:00:38,91282CKS9,TSRYS5814779,D,S,T,2024-06-04,1000000.00,4.822443,100.09765625
08:00:38,91282CKS9,TSRYS5814779,D,S,T,2024-06-04,1000000.00,4.822443,100.09765625
08:00:38,91282CKS9,TSRYS5814779,D,S,T,2024-06-04,1000000.00,4.823485,100.095703125
08:00:38,91282CKS9,TSRYS5814779,D,S,T,2024-06-04,2000000.00,4.822443,100.09765625
08:00:38,91282CKS9,TSRYS5814779,D,S,T,2024-06-04,2000000.00,4.822443,100.09765625
08:00:38,91282CKS9,TSRYS5814779,D,S,T,2024-06-04,9600000.00,4.941421,99.875
08:00:38,91282CKS9,TSRYS5814779,D,S,T,2024-06-04,1000000.00,4.823485,100.095703125
08:00:38,91282CKS9,TSRYS5814779,D,S,T,2024-06-04,1000000.00,4.822443,100.09765625
08:00:38,91282CKS9,TSRYS5814779,D,S,T,2024-06-04,1000000.00,4.822443,100.09765625
08:00:38,91282CKS9,TSRYS5814779,D,S,T,2024-06-04,14400000.00,4.941421,99.875
08:00:38,91282CKS9,TSRYS5814779,D,S,T,2024-06-04,6000000.00,4.822443,100.09765625
08:00:38,91282CKS9,TSRYS5814779,D,S,D,2024-06-04,1000000.00,4.824528,100.09375
08:00:38,91282CKS9,TSRYS5814779,D,S,D,2024-06-04,4000000.00,4.824528,100.09375
08:00:38,91282CKS9,TSRYS5814779,D,S,D,2024-06-04,2000000.00,4.824528,100.09375
08:00:38,91282CKS9,TSRYS5814779,D,S,D,2024-06-04,1000000.00,4.824528,100.09375
08:00:38,91282CKS9,TSRYS5814779,D,S,D,2024-06-04,1000000.00,4.824528,100.09375
08:00:38,91282CKS9,TSRYS5814779,D,S,D,2024-06-04,3000000.00,4.824528,100.09375
08:00:38,91282CKS9,TSRYS5814779,D,S,D,2024-06-04,1000000.00,4.824528,100.09375
08:00:38,91282CKS9,TSRYS5814779,D,S,D,2024-06-04,2000000.00,4.824528,100.09375
08:00:38,91282CKS9,TSRYS5814779,D,S,D,2024-06-04,1000000.00,4.824528,100.09375
08:00:38,91282CKS9,TSRYS5814779,D,S,D,2024-06-04,1000000.00,4.824528,100.09375
08:00:38,91282CKS9,TSRYS5814779,D,S,D,2024-06-04,1000000.00,4.824528,100.09375
08:00:38,91282CKS9,TSRYS5814779,D,S,T,2024-06-04,14400000.00,4.941421,99.875
08:00:38,91282CKS9,TSRYS5814779,D,S,T,2024-06-04,6000000.00,4.822443,100.09765625
08:00:38,91282CKS9,TSRYS5814779,D,S,C,2024-06-04,250000.00,4.818096,100.10580375
08:00:38,91282CKS9,TSRYS5814779,D,S,C,2024-06-04,250000.00,4.818096,100.10580375
08:00:38,91282CKS9,TSRYS5814779,D,S,T,2024-06-04,1000000.00,4.820359,100.1015625
08:00:38,91282CKS9,TSRYS5814779,D,S,D,2024-06-04,1000000.00,4.822443,100.09765625
08:00:38,91282CKS9,TSRYS5814779,D,S,T,2024-06-04,1000000.00,4.822443,100.09765625
08:00:38,91282CKS9,TSRYS5814779,D,S,D,2024-06-04,1000000.00,4.824528,100.09375
08:00:38,91282CKS9,TSRYS5814779,D,S,D,2024-06-04,2000000.00,4.824528,100.09375
08:00:38,91282CKS9,TSRYS5814779,D,S,D,2024-06-04,3000000.00,4.824528,100.09375
08:00:38,91282CKS9,TSRYS5814779,D,S,D,2024-06-04,3000000.00,4.824528,100.09375
08:00:38,91282CKS9,TSRYS5814779,D,S,T,2024-06-04,9600000.00,4.941421,99.875
08:00:38,91282CKS9,TSRYS5814779,D,S,T,2024-06-04,1000000.00,4.822443,100.09765625
08:00:38,91282CKS9,TSRYS5814779,D,B,A,2024-06-04,5200000.00,4.814107,100.11328125
08:00:38,91282CKS9,TSRYS5814779,D,S,T,2024-06-04,1000000.00,4.816191,100.109375
08:00:38,91282CKS9,TSRYS5814779,D,S,T,2024-06-04,1000000.00,4.816191,100.109375
08:00:38,91282CKS9,TSRYS5814779,D,S,T,2024-06-04,1000000.00,4.822443,100.09765625
08:00:38,91282CKS9,TSRYS5814779,D,S,T,2024-06-04,1000000.00,4.820359,100.1015625
08:00:38,91282CKS9,TSRYS5814779,D,S,D,2024-06-04,1000000.00,4.818275,100.10546875
08:00:38,91282CKS9,TSRYS5814779,D,S,D,2024-06-04,250000.00,4.818096,100.10580375
08:00:39,91282CKS9,TSRYS5814779,D,S,C,2024-06-04,10000000.00,4.82434,100.0941015625
08:00:39,91282CKS9,TSRYS5814779,D,S,D,2024-06-04,6418000.00,4.820359,100.1015625
08:00:39,91282CKS9,TSRYS5814779,D,S,T,2024-06-04,1000000.00,4.818275,100.10546875
08:00:39,91282CKS9,TSRYS5814779,D,S,T,2024-06-04,1000000.00,4.818275,100.10546875
08:00:39,91282CKS9,TSRYS5814779,D,S,T,2024-06-04,1000000.00,4.818275,100.10546875
08:00:39,91282CKS9,TSRYS5814779,D,S,T,2024-06-04,1000000.00,4.818275,100.10546875
08:00:39,91282CKS9,TSRYS5814779,D,S,T,2024-06-04,1000000.00,4.818275,100.10546875
08:00:39,91282CKS9,TSRYS5814779,D,S,T,2024-06-04,1000000.00,4.818275,100.10546875
08:00:39,91282CKS9,TSRYS5814779,D,S,T,2024-06-04,1000000.00,4.818275,100.10546875
08:00:39,91282CKS9,TSRYS5814779,D,S,T,2024-06-04,1000000.00,4.818275,100.10546875
08:00:39,91282CKS9,TSRYS5814779,D,S,T,2024-06-04,1000000.00,4.818275,100.10546875
08:00:39,91282CKS9,TSRYS5814779,D,B,A,2024-06-04,2578000.00,4.822443,100.09765625
08:00:39,91282CKS9,TSRYS5814779,D,S,T,2024-06-04,1000000.00,4.820359,100.1015625
08:00:39,91282CKS9,TSRYS5814779,D,S,T,2024-06-04,1000000.00,4.820359,100.1015625
08:00:39,91282CKS9,TSRYS5814779,D,S,T,2024-06-04,1000000.00,4.820359,100.1015625
08:00:39,91282CKS9,TSRYS5814779,D,S,T,2024-06-04,1000000.00,4.820359,100.1015625
08:00:39,91282CKS9,TSRYS5814779,D,B,A,2024-06-04,7724000.00,4.820359,100.1015625
08:00:39,91282CKS9,TSRYS5814779,D,S,A,2024-06-04,5000000.00,4.818275,100.10546875
08:00:39,91282CKS9,TSRYS5814779,D,B,A,2024-06-04,230000.00,4.820359,100.1015625
08:00:39,91282CKS9,TSRYS5814779,D,S,A,2024-06-04,400000.00,4.818275,100.10546875
08:00:39,91282CKS9,TSRYS5814779,D,S,T,2024-06-04,1000000.00,4.820359,100.1015625
08:00:39,91282CKS9,TSRYS5814779,D,S,D,2024-06-04,320000.00,4.820359,100.1015625
08:00:40,91282CKS9,TSRYS5814779,D,S,A,2024-06-04,10576100.00,4.822443,100.09765625
08:00:40,91282CKS9,TSRYS5814779,D,S,A,2024-06-04,4000000.00,4.822443,100.09765625
08:00:40,91282CKS9,TSRYS5814779,D,S,D,2024-06-04,1000000.00,4.820359,100.1015625
08:00:40,91282CKS9,TSRYS5814779,D,S,T,2024-06-04,1000000.00,4.824528,100.09375
08:00:40,91282CKS9,TSRYS5814779,D,S,D,2024-06-04,1000000.00,4.821401,100.099609375
08:00:40,91282CKS9,TSRYS5814779,D,S,T,2024-06-04,1000000.00,4.822443,100.09765625
08:00:40,91282CKS9,TSRYS5814779,D,S,T,2024-06-04,5000000.00,4.822443,100.09765625
08:00:40,91282CKS9,TSRYS5814779,D,S,T,2024-06-04,2000000.00,4.822443,100.09765625
08:00:40,91282CKS9,TSRYS5814779,D,S,T,2024-06-04,1000000.00,4.822443,100.09765625
08:00:40,91282CKS9,TSRYS5814779,D,S,T,2024-06-04,1000000.00,4.822443,100.09765625
08:00:40,91282CKS9,TSRYS5814779,D,S,T,2024-06-04,1000000.00,4.822443,100.09765625
08:00:40,91282CKS9,TSRYS5814779,D,S,T,2024-06-04,1000000.00,4.822443,100.09765625
08:00:40,91282CKS9,TSRYS5814779,D,S,C,2024-06-04,6418000.00,4.820359,100.1015625
08:00:40,91282CKS9,TSRYS5814779,D,S,T,2024-06-04,1000000.00,4.822443,100.09765625
08:00:40,91282CKS9,TSRYS5814779,D,S,T,2024-06-04,1000000.00,4.822443,100.09765625
08:00:40,91282CKS9,TSRYS5814779,D,S,T,2024-06-04,3000000.00,4.822443,100.09765625
08:00:40,91282CKS9,TSRYS5814779,D,S,T,2024-06-04,1000000.00,4.822443,100.09765625
08:00:40,91282CKS9,TSRYS5814779,D,S,T,2024-06-04,1000000.00,4.822443,100.09765625
08:00:40,91282CKS9,TSRYS5814779,D,S,T,2024-06-04,2000000.00,4.822443,100.09765625
08:00:40,91282CKS9,TSRYS5814779,D,S,T,2024-06-04,1000000.00,4.822443,100.09765625
08:00:40,91282CKS9,TSRYS5814779,D,S,T,2024-06-04,2000000.00,4.822443,100.09765625
08:00:40,91282CKS9,TSRYS5814779,D,S,T,2024-06-04,1000000.00,4.822443,100.09765625
08:00:40,91282CKS9,TSRYS5814779,D,S,T,2024-06-04,1000000.00,4.822443,100.09765625
08:00:40,91282CKS9,TSRYS5814779,D,S,T,2024-06-04,1000000.00,4.822443,100.09765625
08:00:40,91282CKS9,TSRYS5814779,D,S,T,2024-06-04,1000000.00,4.822443,100.09765625
08:00:40,91282CKS9,TSRYS5814779,D,S,T,2024-06-04,10000000.00,4.824528,100.09375
08:00:40,91282CKS9,TSRYS5814779,D,S,T,2024-06-04,1000000.00,4.824528,100.09375
08:00:40,91282CKS9,TSRYS5814779,D,S,T,2024-06-04,1000000.00,4.824528,100.09375
08:00:40,91282CKS9,TSRYS5814779,D,S,T,2024-06-04,1000000.00,4.824528,100.09375
08:00:40,91282CKS9,TSRYS5814779,D,S,T,2024-06-04,1000000.00,4.824528,100.09375
08:00:40,91282CKS9,TSRYS5814779,D,S,T,2024-06-04,2000000.00,4.824528,100.09375
08:00:40,91282CKS9,TSRYS5814779,D,S,T,2024-06-04,1000000.00,4.824528,100.09375
08:00:40,91282CKS9,TSRYS5814779,D,S,T,2024-06-04,2000000.00,4.824528,100.09375
08:00:40,91282CKS9,TSRYS5814779,D,S,T,2024-06-04,2000000.00,4.824528,100.09375
08:00:40,91282CKS9,TSRYS5814779,D,S,T,2024-06-04,1000000.00,4.824528,100.09375
08:00:40,91282CKS9,TSRYS5814779,D,S,T,2024-06-04,1000000.00,4.824528,100.09375
08:00:40,91282CKS9,TSRYS5814779,D,S,T,2024-06-04,2000000.00,4.824528,100.09375
08:00:40,91282CKS9,TSRYS5814779,D,S,T,2024-06-04,2000000.00,4.824528,100.09375
08:00:40,91282CKS9,TSRYS5814779,D,S,T,2024-06-04,1000000.00,4.824528,100.09375
08:00:40,91282CKS9,TSRYS5814779,D,S,T,2024-06-04,1000000.00,4.824528,100.09375
08:00:40,91282CKS9,TSRYS5814779,D,S,T,2024-06-04,2000000.00,4.824528,100.09375
08:00:40,91282CKS9,TSRYS5814779,D,S,T,2024-06-04,2000000.00,4.824528,100.09375
08:00:40,91282CKS9,TSRYS5814779,D,S,T,2024-06-04,1000000.00,4.824528,100.09375
08:00:40,91282CKS9,TSRYS5814779,D,S,T,2024-06-04,1000000.00,4.824528,100.09375
08:00:40,91282CKS9,TSRYS5814779,D,S,T,2024-06-04,1000000.00,4.824528,100.09375
08:00:40,91282CKS9,TSRYS5814779,D,S,T,2024-06-04,1000000.00,4.824528,100.09375
08:00:40,91282CKS9,TSRYS5814779,D,S,T,2024-06-04,2000000.00,4.824528,100.09375
08:00:40,91282CKS9,TSRYS5814779,D,S,T,2024-06-04,2000000.00,4.824528,100.09375
08:00:40,91282CKS9,TSRYS5814779,D,S,T,2024-06-04,2000000.00,4.824528,100.09375
08:00:40,91282CKS9,TSRYS5814779,D,S,T,2024-06-04,2000000.00,4.824528,100.09375
08:00:40,91282CKS9,TSRYS5814779,D,S,T,2024-06-04,1000000.00,4.824528,100.09375
08:00:40,91282CKS9,TSRYS5814779,D,S,T,2024-06-04,2000000.00,4.824528,100.09375
08:00:40,91282CKS9,TSRYS5814779,D,S,T,2024-06-04,3000000.00,4.824528,100.09375
08:00:40,91282CKS9,TSRYS5814779,D,B,A,2024-06-04,1000000.00,4.826612,100.08984375
08:00:40,91282CKS9,TSRYS5814779,D,B,C,2024-06-04,2180000.00,4.828697,100.0859375
08:00:40,91282CKS9,TSRYS5814779,D,S,T,2024-06-04,2000000.00,4.826612,100.08984375
08:00:40,91282CKS9,TSRYS5814779,D,S,T,2024-06-04,1000000.00,4.826612,100.08984375
08:00:40,91282CKS9,TSRYS5814779,D,S,T,2024-06-04,2000000.00,4.82557,100.091796875
08:00:40,91282CKS9,TSRYS5814779,D,S,T,2024-06-04,14000000.00,4.826612,100.08984375
08:00:40,91282CKS9,TSRYS5814779,D,S,T,2024-06-04,1000000.00,4.826612,100.08984375
08:00:40,91282CKS9,TSRYS5814779,D,S,T,2024-06-04,1000000.00,4.826612,100.08984375
08:00:40,91282CKS9,TSRYS5814779,D,S,T,2024-06-04,1000000.00,4.826612,100.08984375
08:00:40,91282CKS9,TSRYS5814779,D,S,T,2024-06-04,2000000.00,4.826612,100.08984375
08:00:40,91282CKS9,TSRYS5814779,D,S,T,2024-06-04,1000000.00,4.826612,100.08984375
08:00:40,91282CKS9,TSRYS5814779,D,S,T,2024-06-04,9000000.00,4.826612,100.08984375
08:00:40,91282CKS9,TSRYS5814779,D,S,T,2024-06-04,1000000.00,4.826612,100.08984375
08:00:40,91282CKS9,TSRYS5814779,D,S,T,2024-06-04,1000000.00,4.826612,100.08984375
08:00:40,91282CKS9,TSRYS5814779,D,S,T,2024-06-04,1000000.00,4.82557,100.091796875
08:00:40,91282CKS9,TSRYS5814779,D,S,T,2024-06-04,1000000.00,4.82557,100.091796875
08:00:40,91282CKS9,TSRYS5814779,D,S,T,2024-06-04,1000000.00,4.826612,100.08984375
08:00:40,91282CKS9,TSRYS5814779,D,S,T,2024-06-04,5000000.00,4.826612,100.08984375
08:00:40,91282CKS9,TSRYS5814779,D,S,T,2024-06-04,2000000.00,4.826612,100.08984375
08:00:40,91282CKS9,TSRYS5814779,D,S,T,2024-06-04,1000000.00,4.826612,100.08984375
08:00:40,91282CKS9,TSRYS5814779,D,S,T,2024-06-04,2000000.00,4.826612,100.08984375
08:00:40,91282CKS9,TSRYS5814779,D,S,T,2024-06-04,2000000.00,4.82557,100.091796875
08:00:40,91282CKS9,TSRYS5814779,D,S,T,2024-06-04,3000000.00,4.826612,100.08984375
08:00:40,91282CKS9,TSRYS5814779,D,S,T,2024-06-04,4000000.00,4.826612,100.08984375
08:00:40,91282CKS9,TSRYS5814779,D,S,T,2024-06-04,1000000.00,4.826612,100.08984375
08:00:40,91282CKS9,TSRYS5814779,D,S,T,2024-06-04,2000000.00,4.826612,100.08984375
08:00:40,91282CKS9,TSRYS5814779,D,S,T,2024-06-04,2000000.00,4.826612,100.08984375
08:00:40,91282CKS9,TSRYS5814779,D,S,T,2024-06-04,1000000.00,4.826612,100.08984375
08:00:40,91282CKS9,TSRYS5814779,D,S,T,2024-06-04,1000000.00,4.826612,100.08984375
08:00:40,91282CKS9,TSRYS5814779,D,S,T,2024-06-04,1000000.00,4.826612,100.08984375
08:00:40,91282CKS9,TSRYS5814779,D,S,T,2024-06-04,2000000.00,4.826612,100.08984375
08:00:40,91282CKS9,TSRYS5814779,D,S,T,2024-06-04,1000000.00,4.826612,100.08984375
08:00:40,91282CKS9,TSRYS5814779,D,S,T,2024-06-04,3000000.00,4.826612,100.08984375
08:00:40,91282CKS9,TSRYS5814779,D,S,T,2024-06-04,3000000.00,4.826612,100.08984375
08:00:40,91282CKS9,TSRYS5814779,D,S,T,2024-06-04,1000000.00,4.826612,100.08984375
08:00:40,91282CKS9,TSRYS5814779,D,S,T,2024-06-04,1000000.00,4.82557,100.091796875
08:00:40,91282CKS9,TSRYS5814779,D,S,T,2024-06-04,2000000.00,4.826612,100.08984375
08:00:40,91282CKS9,TSRYS5814779,D,S,T,2024-06-04,1000000.00,4.826612,100.08984375
08:00:40,91282CKS9,TSRYS5814779,D,S,T,2024-06-04,2000000.00,4.826612,100.08984375
08:00:40,91282CKS9,TSRYS5814779,D,S,T,2024-06-04,2000000.00,4.826612,100.08984375
08:00:40,91282CKS9,TSRYS5814779,D,S,T,2024-06-04,1000000.00,4.826612,100.08984375
08:00:40,91282CKS9,TSRYS5814779,D,S,T,2024-06-04,1000000.00,4.828697,100.0859375
08:00:40,91282CKS9,TSRYS5814779,D,S,T,2024-06-04,1000000.00,4.828697,100.0859375
08:00:40,91282CKS9,TSRYS5814779,D,S,T,2024-06-04,1000000.00,4.828697,100.0859375
08:00:40,91282CKS9,TSRYS5814779,D,S,T,2024-06-04,1000000.00,4.828697,100.0859375
08:00:40,91282CKS9,TSRYS5814779,D,S,T,2024-06-04,6000000.00,4.828697,100.0859375
08:00:40,91282CKS9,TSRYS5814779,D,S,T,2024-06-04,1000000.00,4.828697,100.0859375
08:00:40,91282CKS9,TSRYS5814779,D,S,T,2024-06-04,1000000.00,4.828697,100.0859375
08:00:40,91282CKS9,TSRYS5814779,D,S,T,2024-06-04,2000000.00,4.828697,100.0859375
08:00:40,91282CKS9,TSRYS5814779,D,S,T,2024-06-04,8000000.00,4.828697,100.0859375
08:00:40,91282CKS9,TSRYS5814779,D,S,T,2024-06-04,1000000.00,4.828697,100.0859375
08:00:40,91282CKS9,TSRYS5814779,D,S,T,2024-06-04,1000000.00,4.828697,100.0859375
08:00:40,91282CKS9,TSRYS5814779,D,S,T,2024-06-04,1000000.00,4.828697,100.0859375
08:00:40,91282CKS9,TSRYS5814779,D,S,T,2024-06-04,1000000.00,4.828697,100.0859375
08:00:40,91282CKS9,TSRYS5814779,D,S,T,2024-06-04,1000000.00,4.828697,100.0859375
08:00:40,91282CKS9,TSRYS5814779,D,S,T,2024-06-04,2000000.00,4.827655,100.087890625
08:00:40,91282CKS9,TSRYS5814779,D,S,T,2024-06-04,2000000.00,4.828697,100.0859375
08:00:40,91282CKS9,TSRYS5814779,D,S,T,2024-06-04,3000000.00,4.828697,100.0859375
08:00:40,91282CKS9,TSRYS5814779,D,S,T,2024-06-04,1000000.00,4.828697,100.0859375
08:00:40,91282CKS9,TSRYS5814779,D,S,T,2024-06-04,2000000.00,4.828697,100.0859375
08:00:40,91282CKS9,TSRYS5814779,D,S,T,2024-06-04,2000000.00,4.828697,100.0859375
08:00:40,91282CKS9,TSRYS5814779,D,S,T,2024-06-04,7000000.00,4.828697,100.0859375
08:00:40,91282CKS9,TSRYS5814779,D,S,T,2024-06-04,2000000.00,4.828697,100.0859375
08:00:40,91282CKS9,TSRYS5814779,D,S,T,2024-06-04,1000000.00,4.828697,100.0859375
08:00:40,91282CKS9,TSRYS5814779,D,S,T,2024-06-04,2000000.00,4.828697,100.0859375
08:00:40,91282CKS9,TSRYS5814779,D,S,T,2024-06-04,4000000.00,4.828697,100.0859375
08:00:40,91282CKS9,TSRYS5814779,D,S,T,2024-06-04,2000000.00,4.828697,100.0859375
08:00:40,91282CKS9,TSRYS5814779,D,S,T,2024-06-04,1000000.00,4.828697,100.0859375
08:00:40,91282CKS9,TSRYS5814779,D,S,T,2024-06-04,4000000.00,4.828697,100.0859375
08:00:40,91282CKS9,TSRYS5814779,D,S,T,2024-06-04,3000000.00,4.828697,100.0859375
08:00:40,91282CKS9,TSRYS5814779,D,S,T,2024-06-04,3000000.00,4.828697,100.0859375
08:00:40,91282CKS9,TSRYS5814779,D,S,T,2024-06-04,1000000.00,4.828697,100.0859375
08:00:40,91282CKS9,TSRYS5814779,D,S,T,2024-06-04,2000000.00,4.828697,100.0859375
08:00:40,91282CKS9,TSRYS5814779,D,S,T,2024-06-04,2000000.00,4.828697,100.0859375
08:00:40,91282CKS9,TSRYS5814779,D,S,T,2024-06-04,1000000.00,4.828697,100.0859375
08:00:40,91282CKS9,TSRYS5814779,D,S,T,2024-06-04,2000000.00,4.828697,100.0859375
08:00:40,91282CKS9,TSRYS5814779,D,S,T,2024-06-04,2000000.00,4.828697,100.0859375
08:00:40,91282CKS9,TSRYS5814779,D,S,T,2024-06-04,3000000.00,4.828697,100.0859375
08:00:40,91282CKS9,TSRYS5814779,D,S,T,2024-06-04,1000000.00,4.828697,100.0859375
08:00:40,91282CKS9,TSRYS5814779,D,S,T,2024-06-04,1000000.00,4.828697,100.0859375
08:00:40,91282CKS9,TSRYS5814779,D,S,T,2024-06-04,2000000.00,4.828697,100.0859375
08:00:40,91282CKS9,TSRYS5814779,D,S,T,2024-06-04,1000000.00,4.828697,100.0859375
08:00:40,91282CKS9,TSRYS5814779,D,S,T,2024-06-04,1000000.00,4.828697,100.0859375
08:00:40,91282CKS9,TSRYS5814779,D,S,T,2024-06-04,2000000.00,4.828697,100.0859375
08:00:40,91282CKS9,TSRYS5814779,D,S,T,2024-06-04,1000000.00,4.828697,100.0859375
08:00:40,91282CKS9,TSRYS5814779,D,S,T,2024-06-04,1000000.00,4.828697,100.0859375
08:00:40,91282CKS9,TSRYS5814779,D,S,T,2024-06-04,2000000.00,4.828697,100.0859375
08:00:40,91282CKS9,TSRYS5814779,D,S,T,2024-06-04,1000000.00,4.828697,100.0859375
08:00:40,91282CKS9,TSRYS5814779,D,S,T,2024-06-04,1000000.00,4.828697,100.0859375
08:00:40,91282CKS9,TSRYS5814779,D,S,T,2024-06-04,1000000.00,4.828697,100.0859375
08:00:40,91282CKS9,TSRYS5814779,D,S,T,2024-06-04,3000000.00,4.828697,100.0859375
08:00:40,91282CKS9,TSRYS5814779,D,S,T,2024-06-04,1000000.00,4.828697,100.0859375
08:00:40,91282CKS9,TSRYS5814779,D,S,T,2024-06-04,1000000.00,4.828697,100.0859375
08:00:40,91282CKS9,TSRYS5814779,D,S,T,2024-06-04,8000000.00,4.828697,100.0859375
08:00:40,91282CKS9,TSRYS5814779,D,S,T,2024-06-04,1000000.00,4.828697,100.0859375
08:00:40,91282CKS9,TSRYS5814779,D,S,T,2024-06-04,1000000.00,4.828697,100.0859375
08:00:40,91282CKS9,TSRYS5814779,D,S,T,2024-06-04,1000000.00,4.828697,100.0859375
08:00:40,91282CKS9,TSRYS5814779,D,S,T,2024-06-04,1000000.00,4.828697,100.0859375
08:00:40,91282CKS9,TSRYS5814779,D,S,T,2024-06-04,1000000.00,4.828697,100.0859375
08:00:40,91282CKS9,TSRYS5814779,D,S,T,2024-06-04,1000000.00,4.828697,100.0859375
08:00:40,91282CKS9,TSRYS5814779,D,S,T,2024-06-04,1000000.00,4.828697,100.0859375
08:00:40,91282CKS9,TSRYS5814779,D,S,T,2024-06-04,1000000.00,4.828697,100.0859375
08:00:40,91282CKS9,TSRYS5814779,D,S,T,2024-06-04,1000000.00,4.828697,100.0859375
08:00:40,91282CKS9,TSRYS5814779,D,S,T,2024-06-04,1000000.00,4.828697,100.0859375
08:00:40,91282CKS9,TSRYS5814779,D,S,T,2024-06-04,1000000.00,4.828697,100.0859375
08:00:40,91282CKS9,TSRYS5814779,D,S,T,2024-06-04,4000000.00,4.828697,100.0859375
08:00:40,91282CKS9,TSRYS5814779,D,S,T,2024-06-04,1000000.00,4.828697,100.0859375
08:00:40,91282CKS9,TSRYS5814779,D,S,T,2024-06-04,1000000.00,4.828697,100.0859375
08:00:40,91282CKS9,TSRYS5814779,D,S,T,2024-06-04,2000000.00,4.828697,100.0859375
08:00:40,91282CKS9,TSRYS5814779,D,S,T,2024-06-04,1000000.00,4.828697,100.0859375
08:00:40,91282CKS9,TSRYS5814779,D,S,T,2024-06-04,1000000.00,4.828697,100.0859375
08:00:40,91282CKS9,TSRYS5814779,D,S,T,2024-06-04,1000000.00,4.828697,100.0859375
08:00:40,91282CKS9,TSRYS5814779,D,S,T,2024-06-04,2000000.00,4.828697,100.0859375
08:00:40,91282CKS9,TSRYS5814779,D,S,T,2024-06-04,3000000.00,4.828697,100.0859375
08:00:40,91282CKS9,TSRYS5814779,D,S,T,2024-06-04,2000000.00,4.828697,100.0859375
08:00:40,91282CKS9,TSRYS5814779,D,S,T,2024-06-04,1000000.00,4.828697,100.0859375
08:00:40,91282CKS9,TSRYS5814779,D,S,T,2024-06-04,3000000.00,4.828697,100.0859375
08:00:40,91282CKS9,TSRYS5814779,D,S,T,2024-06-04,2000000.00,4.828697,100.0859375
08:00:40,91282CKS9,TSRYS5814779,D,S,T,2024-06-04,2000000.00,4.828697,100.0859375
08:00:40,91282CKS9,TSRYS5814779,D,S,T,2024-06-04,1000000.00,4.828697,100.0859375
08:00:40,91282CKS9,TSRYS5814779,D,S,T,2024-06-04,1000000.00,4.828697,100.0859375
08:00:40,91282CKS9,TSRYS5814779,D,S,T,2024-06-04,1000000.00,4.828697,100.0859375
08:00:40,91282CKS9,TSRYS5814779,D,S,T,2024-06-04,2000000.00,4.828697,100.0859375
08:00:40,91282CKS9,TSRYS5814779,D,S,T,2024-06-04,1000000.00,4.828697,100.0859375
08:00:40,91282CKS9,TSRYS5814779,D,S,T,2024-06-04,2000000.00,4.828697,100.0859375
08:00:40,91282CKS9,TSRYS5814779,D,S,T,2024-06-04,1000000.00,4.828697,100.0859375
08:00:40,91282CKS9,TSRYS5814779,D,S,T,2024-06-04,2000000.00,4.828697,100.0859375
08:00:40,91282CKS9,TSRYS5814779,D,S,T,2024-06-04,1000000.00,4.828697,100.0859375
08:00:40,91282CKS9,TSRYS5814779,D,S,T,2024-06-04,1000000.00,4.828697,100.0859375
08:00:40,91282CKS9,TSRYS5814779,D,S,T,2024-06-04,1000000.00,4.828697,100.0859375
08:00:40,91282CKS9,TSRYS5814779,D,S,T,2024-06-04,3000000.00,4.828697,100.0859375
08:00:40,91282CKS9,TSRYS5814779,D,S,T,2024-06-04,1000000.00,4.828697,100.0859375
08:00:40,91282CKS9,TSRYS5814779,D,S,T,2024-06-04,4000000.00,4.828697,100.0859375
08:00:40,91282CKS9,TSRYS5814779,D,S,T,2024-06-04,2000000.00,4.828697,100.0859375
08:00:40,91282CKS9,TSRYS5814779,D,S,T,2024-06-04,2000000.00,4.828697,100.0859375
08:00:40,91282CKS9,TSRYS5814779,D,S,T,2024-06-04,1000000.00,4.828697,100.0859375
08:00:40,91282CKS9,TSRYS5814779,D,S,T,2024-06-04,1000000.00,4.828697,100.0859375
08:00:40,91282CKS9,TSRYS5814779,D,S,T,2024-06-04,4000000.00,4.828697,100.0859375
08:00:40,91282CKS9,TSRYS5814779,D,S,T,2024-06-04,2000000.00,4.828697,100.0859375
08:00:40,91282CKS9,TSRYS5814779,D,S,T,2024-06-04,1000000.00,4.828697,100.0859375
08:00:40,91282CKS9,TSRYS5814779,D,S,T,2024-06-04,5000000.00,4.828697,100.0859375
08:00:40,91282CKS9,TSRYS5814779,D,S,T,2024-06-04,2000000.00,4.828697,100.0859375
08:00:40,91282CKS9,TSRYS5814779,D,S,T,2024-06-04,2000000.00,4.828697,100.0859375
08:00:40,91282CKS9,TSRYS5814779,D,S,T,2024-06-04,2000000.00,4.828697,100.0859375
08:00:40,91282CKS9,TSRYS5814779,D,S,T,2024-06-04,2000000.00,4.828697,100.0859375
08:00:40,91282CKS9,TSRYS5814779,D,S,T,2024-06-04,1000000.00,4.828697,100.0859375
08:00:40,91282CKS9,TSRYS5814779,D,S,T,2024-06-04,2000000.00,4.828697,100.0859375
08:00:40,91282CKS9,TSRYS5814779,D,S,T,2024-06-04,1000000.00,4.828697,100.0859375
08:00:40,91282CKS9,TSRYS5814779,D,S,T,2024-06-04,1000000.00,4.828697,100.0859375
08:00:40,91282CKS9,TSRYS5814779,D,S,T,2024-06-04,1000000.00,4.826612,100.08984375
08:00:40,91282CKS9,TSRYS5814779,D,S,T,2024-06-04,1000000.00,4.818275,100.10546875
08:00:40,91282CKS9,TSRYS5814779,D,S,T,2024-06-04,1000000.00,4.826612,100.08984375
08:00:40,91282CKS9,TSRYS5814779,D,S,T,2024-06-04,1000000.00,4.826612,100.08984375
08:00:40,91282CKS9,TSRYS5814779,D,S,T,2024-06-04,1000000.00,4.826612,100.08984375
08:00:40,91282CKS9,TSRYS5814779,D,S,T,2024-06-04,1000000.00,4.826612,100.08984375
08:00:40,91282CKS9,TSRYS5814779,D,S,T,2024-06-04,2000000.00,4.826612,100.08984375
08:00:40,91282CKS9,TSRYS5814779,D,S,T,2024-06-04,4000000.00,4.826612,100.08984375
08:00:40,91282CKS9,TSRYS5814779,D,S,T,2024-06-04,1000000.00,4.826612,100.08984375
08:00:40,91282CKS9,TSRYS5814779,D,S,T,2024-06-04,1000000.00,4.826612,100.08984375
08:00:40,91282CKS9,TSRYS5814779,D,S,T,2024-06-04,1000000.00,4.82557,100.091796875
08:00:40,91282CKS9,TSRYS5814779,D,S,T,2024-06-04,1000000.00,4.826612,100.08984375
08:00:40,91282CKS9,TSRYS5814779,D,S,T,2024-06-04,1000000.00,4.826612,100.08984375
08:00:40,91282CKS9,TSRYS5814779,D,S,T,2024-06-04,1000000.00,4.826612,100.08984375
08:00:40,91282CKS9,TSRYS5814779,D,S,T,2024-06-04,1000000.00,4.826612,100.08984375
08:00:40,91282CKS9,TSRYS5814779,D,S,T,2024-06-04,1000000.00,4.826612,100.08984375
08:00:40,91282CKS9,TSRYS5814779,D,S,T,2024-06-04,1000000.00,4.826612,100.08984375
08:00:40,91282CKS9,TSRYS5814779,D,S,T,2024-06-04,1000000.00,4.826612,100.08984375
08:00:40,91282CKS9,TSRYS5814779,D,S,T,2024-06-04,1000000.00,4.826612,100.08984375
08:00:40,91282CKS9,TSRYS5814779,D,S,T,2024-06-04,1000000.00,4.826612,100.08984375
08:00:40,91282CKS9,TSRYS5814779,D,S,T,2024-06-04,1000000.00,4.826612,100.08984375
08:00:40,91282CKS9,TSRYS5814779,D,S,T,2024-06-04,2000000.00,4.826612,100.08984375
08:00:40,91282CKS9,TSRYS5814779,D,S,T,2024-06-04,1000000.00,4.826612,100.08984375
08:00:40,91282CKS9,TSRYS5814779,D,S,T,2024-06-04,1000000.00,4.826612,100.08984375
08:00:40,91282CKS9,TSRYS5814779,D,S,T,2024-06-04,1000000.00,4.826612,100.08984375
08:00:40,91282CKS9,TSRYS5814779,D,S,T,2024-06-04,1000000.00,4.826612,100.08984375
08:00:40,91282CKS9,TSRYS5814779,D,S,T,2024-06-04,1000000.00,4.826612,100.08984375
08:00:40,91282CKS9,TSRYS5814779,D,S,T,2024-06-04,1000000.00,4.826612,100.08984375
08:00:40,91282CKS9,TSRYS5814779,D,S,T,2024-06-04,2000000.00,4.826612,100.08984375
08:00:40,91282CKS9,TSRYS5814779,D,S,T,2024-06-04,1000000.00,4.826612,100.08984375
08:00:40,91282CKS9,TSRYS5814779,D,S,T,2024-06-04,2000000.00,4.826612,100.08984375
08:00:40,91282CKS9,TSRYS5814779,D,S,T,2024-06-04,2000000.00,4.826612,100.08984375
08:00:40,91282CKS9,TSRYS5814779,D,S,T,2024-06-04,1000000.00,4.826612,100.08984375
08:00:40,91282CKS9,TSRYS5814779,D,S,T,2024-06-04,1000000.00,4.826612,100.08984375
08:00:40,91282CKS9,TSRYS5814779,D,S,T,2024-06-04,1000000.00,4.826612,100.08984375
08:00:40,91282CKS9,TSRYS5814779,D,S,T,2024-06-04,1000000.00,4.826612,100.08984375
08:00:40,91282CKS9,TSRYS5814779,D,S,T,2024-06-04,2000000.00,4.824528,100.09375
08:00:40,91282CKS9,TSRYS5814779,D,S,T,2024-06-04,4000000.00,4.826612,100.08984375
08:00:40,91282CKS9,TSRYS5814779,D,S,T,2024-06-04,1000000.00,4.826612,100.08984375
08:00:40,91282CKS9,TSRYS5814779,D,S,T,2024-06-04,1000000.00,4.826612,100.08984375
08:00:40,91282CKS9,TSRYS5814779,D,S,T,2024-06-04,1000000.00,4.826612,100.08984375
08:00:40,91282CKS9,TSRYS5814779,D,S,T,2024-06-04,1000000.00,4.826612,100.08984375
08:00:40,91282CKS9,TSRYS5814779,D,S,T,2024-06-04,1000000.00,4.818275,100.10546875
08:00:40,91282CKS9,TSRYS5814779,D,S,T,2024-06-04,1000000.00,4.818275,100.10546875
08:00:40,91282CKS9,TSRYS5814779,D,S,T,2024-06-04,2000000.00,4.818275,100.10546875
08:00:40,91282CKS9,TSRYS5814779,D,S,T,2024-06-04,2000000.00,4.818275,100.10546875
08:00:40,91282CKS9,TSRYS5814779,D,S,T,2024-06-04,1000000.00,4.818275,100.10546875
08:00:40,91282CKS9,TSRYS5814779,D,S,T,2024-06-04,2000000.00,4.818275,100.10546875
08:00:40,91282CKS9,TSRYS5814779,D,S,T,2024-06-04,1000000.00,4.818275,100.10546875
08:00:40,91282CKS9,TSRYS5814779,D,S,T,2024-06-04,2000000.00,4.818275,100.10546875
08:00:40,91282CKS9,TSRYS5814779,D,S,T,2024-06-04,2000000.00,4.818275,100.10546875
08:00:40,91282CKS9,TSRYS5814779,D,S,T,2024-06-04,1000000.00,4.818275,100.10546875
08:00:40,91282CKS9,TSRYS5814779,D,S,T,2024-06-04,2000000.00,4.818275,100.10546875
08:00:40,91282CKS9,TSRYS5814779,D,S,T,2024-06-04,1000000.00,4.818275,100.10546875
08:00:40,91282CKS9,TSRYS5814779,D,S,T,2024-06-04,1000000.00,4.818275,100.10546875
08:00:40,91282CKS9,TSRYS5814779,D,S,T,2024-06-04,2000000.00,4.818275,100.10546875
08:00:40,91282CKS9,TSRYS5814779,D,S,T,2024-06-04,2000000.00,4.818275,100.10546875
08:00:40,91282CKS9,TSRYS5814779,D,S,T,2024-06-04,1000000.00,4.818275,100.10546875
08:00:40,91282CKS9,TSRYS5814779,D,S,T,2024-06-04,1000000.00,4.818275,100.10546875
08:00:40,91282CKS9,TSRYS5814779,D,S,T,2024-06-04,1000000.00,4.818275,100.10546875
08:00:40,91282CKS9,TSRYS5814779,D,S,T,2024-06-04,2000000.00,4.818275,100.10546875
08:00:40,91282CKS9,TSRYS5814779,D,S,T,2024-06-04,1000000.00,4.818275,100.10546875
08:00:40,91282CKS9,TSRYS5814779,D,S,T,2024-06-04,1000000.00,4.818275,100.10546875
08:00:40,91282CKS9,TSRYS5814779,D,S,T,2024-06-04,1000000.00,4.818275,100.10546875
08:00:40,91282CKS9,TSRYS5814779,D,S,T,2024-06-04,1000000.00,4.818275,100.10546875
08:00:40,91282CKS9,TSRYS5814779,D,S,T,2024-06-04,1000000.00,4.818275,100.10546875
08:00:40,91282CKS9,TSRYS5814779,D,S,T,2024-06-04,2000000.00,4.818275,100.10546875
08:00:40,91282CKS9,TSRYS5814779,D,S,T,2024-06-04,1000000.00,4.818275,100.10546875
08:00:40,91282CKS9,TSRYS5814779,D,S,T,2024-06-04,2000000.00,4.818275,100.10546875
08:00:40,91282CKS9,TSRYS5814779,D,S,T,2024-06-04,2000000.00,4.818275,100.10546875
08:00:40,91282CKS9,TSRYS5814779,D,S,T,2024-06-04,1000000.00,4.818275,100.10546875
08:00:40,91282CKS9,TSRYS5814779,D,S,T,2024-06-04,2000000.00,4.818275,100.10546875
08:00:40,91282CKS9,TSRYS5814779,D,S,T,2024-06-04,1000000.00,4.818275,100.10546875
08:00:40,91282CKS9,TSRYS5814779,D,S,T,2024-06-04,1000000.00,4.818275,100.10546875
08:00:40,91282CKS9,TSRYS5814779,D,S,T,2024-06-04,1000000.00,4.818275,100.10546875
08:00:40,91282CKS9,TSRYS5814779,D,S,C,2024-06-04,361000.00,4.818275,100.10546875
08:00:40,91282CKS9,TSRYS5814779,D,B,A,2024-06-04,23000000.00,4.828697,100.0859375
08:00:40,91282CKS9,TSRYS5814779,D,S,T,2024-06-04,1000000.00,4.828697,100.0859375
08:00:40,91282CKS9,TSRYS5814779,D,S,T,2024-06-04,11650000.00,4.941421,99.875
08:00:40,91282CKS9,TSRYS5814779,D,S,A,2024-06-04,1070000.00,4.816191,100.109375
08:00:40,91282CKS9,TSRYS5814779,D,S,T,2024-06-04,1000000.00,4.816191,100.109375
08:00:40,91282CKS9,TSRYS5814779,D,S,T,2024-06-04,1000000.00,4.816191,100.109375
08:00:40,91282CKS9,TSRYS5814779,D,S,T,2024-06-04,1000000.00,4.816191,100.109375
08:00:40,91282CKS9,TSRYS5814779,D,S,T,2024-06-04,1000000.00,4.816191,100.109375
08:00:40,91282CKS9,TSRYS5814779,D,S,T,2024-06-04,1000000.00,4.816191,100.109375
08:00:40,91282CKS9,TSRYS5814779,D,S,T,2024-06-04,2000000.00,4.816191,100.109375
08:00:40,91282CKS9,TSRYS5814779,D,S,T,2024-06-04,3000000.00,4.816191,100.109375
08:00:40,91282CKS9,TSRYS5814779,D,S,C,2024-06-04,2000000.00,4.816348,100.109375
08:00:41,91282CKS9,TSRYS5814779,D,S,C,2024-06-04,300000.00,4.814107,100.11328125
08:00:41,91282CKS9,TSRYS5814779,D,S,T,2024-06-04,2000000.00,4.816191,100.109375
08:00:41,91282CKS9,TSRYS5814779,D,S,T,2024-06-04,5000000.00,4.816191,100.109375
08:00:41,91282CKS9,TSRYS5814779,D,S,A,2024-06-04,424200.00,4.814107,100.11328125
08:00:41,91282CKS9,TSRYS5814779,D,S,C,2024-06-04,600000.00,4.814107,100.11328125
08:00:41,91282CKS9,TSRYS5814779,D,S,A,2024-06-04,2123500.00,4.809774,100.12109375
08:00:41,91282CKS9,TSRYS5814779,D,S,C,2024-06-04,2800000.00,4.805772,100.12890625
08:00:41,91282CKS9,TSRYS5814779,D,S,C,2024-06-04,12000000.00,4.801605,100.13671875
08:00:41,91282CKS9,TSRYS5814779,D,B,A,2024-06-04,2000000.00,4.803688,100.1328125
08:00:41,91282CKS9,TSRYS5814779,D,B,A,2024-06-04,1000000.00,4.803688,100.1328125
08:00:41,91282CKS9,TSRYS5814779,D,B,A,2024-06-04,3000000.00,4.803688,100.1328125
08:00:41,91282CKS9,TSRYS5814779,D,S,T,2024-06-04,3000000.00,4.803688,100.1328125
08:00:41,91282CKS9,TSRYS5814779,D,S,T,2024-06-04,1000000.00,4.803688,100.1328125
08:00:41,91282CKS9,TSRYS5814779,D,B,A,2024-06-04,3000000.00,4.803688,100.1328125
08:00:41,91282CKS9,TSRYS5814779,D,B,A,2024-06-04,1000000.00,4.803688,100.1328125
08:00:41,91282CKS9,TSRYS5814779,D,B,A,2024-06-04,1000000.00,4.803688,100.1328125
08:00:41,91282CKS9,TSRYS5814779,D,B,A,2024-06-04,1000000.00,4.803688,100.1328125
08:00:41,91282CKS9,TSRYS5814779,D,B,A,2024-06-04,2000000.00,4.803688,100.1328125
08:00:41,91282CKS9,TSRYS5814779,D,S,T,2024-06-04,2000000.00,4.803688,100.1328125
08:00:41,91282CKS9,TSRYS5814779,D,S,T,2024-06-04,1000000.00,4.803688,100.1328125
08:00:41,91282CKS9,TSRYS5814779,D,S,T,2024-06-04,1000000.00,4.803688,100.1328125
08:00:41,91282CKS9,TSRYS5814779,D,S,T,2024-06-04,2000000.00,4.803688,100.1328125
08:00:41,91282CKS9,TSRYS5814779,D,S,T,2024-06-04,2000000.00,4.803688,100.1328125
08:00:41,91282CKS9,TSRYS5814779,D,S,T,2024-06-04,1000000.00,4.803688,100.1328125
08:00:41,91282CKS9,TSRYS5814779,D,B,A,2024-06-04,2000000.00,4.803688,100.1328125
08:00:41,91282CKS9,TSRYS5814779,D,B,A,2024-06-04,2000000.00,4.803688,100.1328125
08:00:41,91282CKS9,TSRYS5814779,D,S,T,2024-06-04,3000000.00,4.803688,100.1328125
08:00:41,91282CKS9,TSRYS5814779,D,B,A,2024-06-04,1000000.00,4.803688,100.1328125
08:00:41,91282CKS9,TSRYS5814779,D,B,A,2024-06-04,1000000.00,4.803688,100.1328125
08:00:41,91282CKS9,TSRYS5814779,D,B,A,2024-06-04,1000000.00,4.803688,100.1328125
08:00:41,91282CKS9,TSRYS5814779,D,S,T,2024-06-04,1000000.00,4.803688,100.1328125
08:00:41,91282CKS9,TSRYS5814779,D,S,T,2024-06-04,1000000.00,4.803688,100.1328125
08:00:41,91282CKS9,TSRYS5814779,D,S,D,2024-06-04,4000000.00,4.812023,100.1171875
08:00:41,91282CKS9,TSRYS5814779,D,B,A,2024-06-04,2000000.00,4.803688,100.1328125
08:00:41,91282CKS9,TSRYS5814779,D,S,T,2024-06-04,1000000.00,4.803688,100.1328125
08:00:41,91282CKS9,TSRYS5814779,D,B,A,2024-06-04,2000000.00,4.803688,100.1328125
08:00:41,91282CKS9,TSRYS5814779,D,S,T,2024-06-04,2000000.00,4.803688,100.1328125
08:00:41,91282CKS9,TSRYS5814779,D,S,T,2024-06-04,1000000.00,4.803688,100.1328125
08:00:41,91282CKS9,TSRYS5814779,D,S,T,2024-06-04,2000000.00,4.818275,100.10546875
08:00:41,91282CKS9,TSRYS5814779,D,S,C,2024-06-04,1250000.00,4.805772,100.12890625
08:00:41,91282CKS9,TSRYS5814779,D,S,A,2024-06-04,230000.00,4.805772,100.12890625
08:00:41,91282CKS9,TSRYS5814779,D,S,T,2024-06-04,5000000.00,4.807855,100.125
08:00:41,91282CKS9,TSRYS5814779,D,S,T,2024-06-04,5000000.00,4.807855,100.125
08:00:41,91282CKS9,TSRYS5814779,D,S,D,2024-06-04,4000000.00,4.812023,100.1171875
08:00:41,91282CKS9,TSRYS5814779,D,S,D,2024-06-04,1000000.00,4.813065,100.115234375
08:00:41,91282CKS9,TSRYS5814779,D,S,D,2024-06-04,3000000.00,4.813065,100.115234375
08:00:41,91282CKS9,TSRYS5814779,D,S,D,2024-06-04,3000000.00,4.813065,100.115234375
08:00:41,91282CKS9,TSRYS5814779,D,S,D,2024-06-04,1000000.00,4.813065,100.115234375
08:00:41,91282CKS9,TSRYS5814779,D,B,A,2024-06-04,1500000.00,4.824528,100.09375
08:00:41,91282CKS9,TSRYS5814779,D,S,T,2024-06-04,1000000.00,4.816191,100.109375
08:00:41,91282CKS9,TSRYS5814779,D,S,T,2024-06-04,2000000.00,4.812023,100.1171875
08:00:41,91282CKS9,TSRYS5814779,D,B,C,2024-06-04,500000.00,4.80595,100.12857125
08:00:41,91282CKS9,TSRYS5814779,D,S,D,2024-06-04,500000.00,4.80595,100.12857125
08:00:41,91282CKS9,TSRYS5814779,D,S,D,2024-06-04,1000000.00,4.813065,100.115234375
08:00:41,91282CKS9,TSRYS5814779,D,S,D,2024-06-04,3000000.00,4.812023,100.1171875
08:00:41,91282CKS9,TSRYS5814779,D,S,D,2024-06-04,1000000.00,4.812023,100.1171875
08:00:41,91282CKS9,TSRYS5814779,D,S,D,2024-06-04,3000000.00,4.813065,100.115234375
08:00:41,91282CKS9,TSRYS5814779,D,S,D,2024-06-04,1000000.00,4.812023,100.1171875
08:00:41,91282CKS9,TSRYS5814779,D,S,A,2024-06-04,1000000.00,4.807855,100.125
08:00:41,91282CKS9,TSRYS5814779,D,S,T,2024-06-04,1000000.00,4.80473,100.130859375
08:00:41,91282CKS9,TSRYS5814779,D,S,D,2024-06-04,3000000.00,4.812023,100.1171875
08:00:41,91282CKS9,TSRYS5814779,D,S,D,2024-06-04,1000000.00,4.812023,100.1171875
08:00:41,91282CKS9,TSRYS5814779,D,S,T,2024-06-04,1000000.00,4.80473,100.130859375
08:00:41,91282CKS9,TSRYS5814779,D,S,T,2024-06-04,6000000.00,4.80473,100.130859375
08:00:41,91282CKS9,TSRYS5814779,D,B,C,2024-06-04,4200000.00,4.801605,100.13671875
08:00:41,91282CKS9,TSRYS5814779,D,S,T,2024-06-04,1000000.00,4.799522,100.140625
08:00:41,91282CKS9,TSRYS5814779,D,S,T,2024-06-04,1000000.00,4.799522,100.140625
08:00:41,91282CKS9,TSRYS5814779,D,S,T,2024-06-04,1000000.00,4.799522,100.140625
08:00:41,91282CKS9,TSRYS5814779,D,S,T,2024-06-04,1000000.00,4.801605,100.13671875
08:00:41,91282CKS9,TSRYS5814779,D,S,D,2024-06-04,3000000.00,4.813065,100.115234375
08:00:41,91282CKS9,TSRYS5814779,D,S,T,2024-06-04,1000000.00,4.822443,100.09765625
08:00:41,91282CKS9,TSRYS5814779,D,S,T,2024-06-04,1000000.00,4.802647,100.134765625
08:00:41,91282CKS9,TSRYS5814779,D,S,T,2024-06-04,1000000.00,4.802647,100.134765625
08:00:41,91282CKS9,TSRYS5814779,D,S,T,2024-06-04,1000000.00,4.802647,100.134765625
08:00:42,91282CKS9,TSRYS5814779,D,S,C,2024-06-04,1662000.00,4.801605,100.13671875
08:00:42,91282CKS9,TSRYS5814779,D,S,T,2024-06-04,1000000.00,4.822443,100.09765625
08:00:42,91282CKS9,TSRYS5814779,D,S,T,2024-06-04,1000000.00,4.823485,100.095703125
08:00:42,91282CKS9,TSRYS5814779,D,S,T,2024-06-04,2000000.00,4.803688,100.1328125
08:00:42,91282CKS9,TSRYS5814779,D,S,D,2024-06-04,2000000.00,4.80473,100.130859375
08:00:42,91282CKS9,TSRYS5814779,D,S,D,2024-06-04,250000.00,4.801784,100.13638375
08:00:42,91282CKS9,TSRYS5814779,D,S,D,2024-06-04,250000.00,4.7997,100.14029
08:00:42,91282CKS9,TSRYS5814779,D,S,T,2024-06-04,6000000.00,4.822443,100.09765625
08:00:42,91282CKS9,TSRYS5814779,D,S,D,2024-06-04,3000000.00,4.810981,100.119140625
08:00:42,91282CKS9,TSRYS5814779,D,S,D,2024-06-04,3000000.00,4.810981,100.119140625
08:00:42,91282CKS9,TSRYS5814779,D,S,D,2024-06-04,1000000.00,4.809939,100.12109375
08:00:42,91282CKS9,TSRYS5814779,D,S,D,2024-06-04,1000000.00,4.809939,100.12109375
08:00:42,91282CKS9,TSRYS5814779,D,S,T,2024-06-04,1000000.00,4.822443,100.09765625
08:00:43,91282CKS9,TSRYS5814779,D,S,T,2024-06-04,3000000.00,4.809939,100.12109375
08:00:43,91282CKS9,TSRYS5814779,D,S,T,2024-06-04,8000000.00,4.809939,100.12109375
08:00:43,91282CKS9,TSRYS5814779,D,B,C,2024-06-04,250000.00,4.801784,100.13638375
08:00:43,91282CKS9,TSRYS5814779,D,B,C,2024-06-04,250000.00,4.7997,100.14029
08:00:43,91282CKS9,TSRYS5814779,D,S,D,2024-06-04,1000000.00,4.810981,100.119140625
08:00:43,91282CKS9,TSRYS5814779,D,S,D,2024-06-04,3000000.00,4.805772,100.12890625
08:00:45,91282CKS9,TSRYS5814779,D,S,D,2024-06-04,3000000.00,4.803688,100.1328125
08:00:45,91282CKS9,TSRYS5814779,D,S,T,2024-06-04,2000000.00,4.818275,100.10546875
08:00:45,91282CKS9,TSRYS5814779,D,S,T,2024-06-04,5000000.00,4.818275,100.10546875
08:00:46,91282CKS9,TSRYS5814779,D,S,T,2024-06-04,1000000.00,4.818275,100.10546875
08:00:46,91282CKS9,TSRYS5814779,D,S,T,2024-06-04,1000000.00,4.818275,100.10546875
08:00:46,91282CKS9,TSRYS5814779,D,S,T,2024-06-04,1000000.00,4.822443,100.09765625
08:00:46,91282CKS9,TSRYS5814779,D,S,T,2024-06-04,3000000.00,4.820359,100.1015625
08:00:46,91282CKS9,TSRYS5814779,D,S,D,2024-06-04,250000.00,4.818096,100.10580375
08:00:46,91282CKS9,TSRYS5814779,D,S,T,2024-06-04,1000000.00,4.822443,100.09765625
08:00:46,91282CKS9,TSRYS5814779,D,S,T,2024-06-04,1000000.00,4.822443,100.09765625
08:00:46,91282CKS9,TSRYS5814779,D,S,D,2024-06-04,2000000.00,4.820359,100.1015625
08:00:46,91282CKS9,TSRYS5814779,D,S,T,2024-06-04,1000000.00,4.822443,100.09765625
08:00:47,91282CKS9,TSRYS5814779,D,S,T,2024-06-04,3000000.00,4.820359,100.1015625
08:00:47,91282CKS9,TSRYS5814779,D,S,A,2024-06-04,1307000.00,4.822443,100.09765625
08:00:47,91282CKS9,TSRYS5814779,D,S,T,2024-06-04,1000000.00,4.822443,100.09765625
08:00:47,91282CKS9,TSRYS5814779,D,S,T,2024-06-04,2000000.00,4.822443,100.09765625
08:00:48,91282CKS9,TSRYS5814779,D,S,T,2024-06-04,1000000.00,4.828697,100.0859375
08:00:48,91282CKS9,TSRYS5814779,D,S,T,2024-06-04,1000000.00,4.828697,100.0859375
08:00:48,91282CKS9,TSRYS5814779,D,S,D,2024-06-04,1000000.00,4.817233,100.107421875
08:00:48,91282CKS9,TSRYS5814779,D,S,T,2024-06-04,4000000.00,4.816191,100.109375
08:00:48,91282CKS9,TSRYS5814779,D,S,T,2024-06-04,7000000.00,4.816191,100.109375
08:00:48,91282CKS9,TSRYS5814779,D,S,A,2024-06-04,30900000.00,4.812023,100.1171875
08:00:48,91282CKS9,TSRYS5814779,D,S,D,2024-06-04,3000000.00,4.813065,100.115234375
08:00:48,91282CKS9,TSRYS5814779,D,S,D,2024-06-04,3000000.00,4.813065,100.115234375
08:00:48,91282CKS9,TSRYS5814779,D,S,T,2024-06-04,1000000.00,4.813065,100.115234375
08:00:48,91282CKS9,TSRYS5814779,D,S,T,2024-06-04,8000000.00,4.814107,100.11328125
08:00:48,91282CKS9,TSRYS5814779,D,S,T,2024-06-04,1000000.00,4.820359,100.1015625
08:00:49,91282CKS9,TSRYS5814779,D,S,D,2024-06-04,160000.00,4.803688,100.1328125
08:00:49,91282CKS9,TSRYS5814779,D,S,C,2024-06-04,7900000.00,4.825821,100.09132713607
08:00:49,91282CKS9,TSRYS5814779,D,S,T,2024-06-04,1000000.00,4.803688,100.1328125
08:00:49,91282CKS9,TSRYS5814779,D,S,T,2024-06-04,1000000.00,4.820359,100.1015625
08:00:50,91282CKS9,TSRYS5814779,D,S,T,2024-06-04,2000000.00,4.812023,100.1171875
08:00:50,91282CKS9,TSRYS5814779,D,S,T,2024-06-04,2000000.00,4.810981,100.119140625
08:00:50,91282CKS9,TSRYS5814779,D,S,T,2024-06-04,1000000.00,4.813065,100.115234375
08:00:50,91282CKS9,TSRYS5814779,D,S,D,2024-06-04,4000000.00,4.800563,100.138671875
08:00:50,91282CKS9,TSRYS5814779,D,S,T,2024-06-04,2000000.00,4.809939,100.12109375
08:00:50,91282CKS9,TSRYS5814779,D,S,D,2024-06-04,3000000.00,4.803688,100.1328125
08:00:50,91282CKS9,TSRYS5814779,D,S,D,2024-06-04,1000000.00,4.803688,100.1328125
08:00:50,91282CKS9,TSRYS5814779,D,S,D,2024-06-04,1000000.00,4.803688,100.1328125
08:00:50,91282CKS9,TSRYS5814779,D,S,D,2024-06-04,1000000.00,4.803688,100.1328125
08:00:50,91282CKS9,TSRYS5814779,D,S,D,2024-06-04,1000000.00,4.803688,100.1328125
08:00:50,91282CKS9,TSRYS5814779,D,S,D,2024-06-04,1000000.00,4.803688,100.1328125
08:00:50,91282CKS9,TSRYS5814779,D,S,D,2024-06-04,1000000.00,4.803688,100.1328125
08:00:50,91282CKS9,TSRYS5814779,D,S,D,2024-06-04,2000000.00,4.803688,100.1328125
08:00:50,91282CKS9,TSRYS5814779,D,S,D,2024-06-04,2000000.00,4.803688,100.1328125
08:00:50,91282CKS9,TSRYS5814779,D,S,D,2024-06-04,1000000.00,4.803688,100.1328125
08:00:50,91282CKS9,TSRYS5814779,D,S,D,2024-06-04,1000000.00,4.803688,100.1328125
08:00:50,91282CKS9,TSRYS5814779,D,S,D,2024-06-04,2000000.00,4.803688,100.1328125
08:00:50,91282CKS9,TSRYS5814779,D,S,D,2024-06-04,2000000.00,4.803688,100.1328125
08:00:50,91282CKS9,TSRYS5814779,D,S,D,2024-06-04,2000000.00,4.803688,100.1328125
08:00:51,91282CKS9,TSRYS5814779,D,S,T,2024-06-04,1000000.00,4.803742,100.1327125
08:00:51,91282CKS9,TSRYS5814779,D,S,T,2024-06-04,1000000.00,4.803742,100.1327125
08:00:51,91282CKS9,TSRYS5814779,D,S,D,2024-06-04,2000000.00,4.803688,100.1328125
08:00:51,91282CKS9,TSRYS5814779,D,S,D,2024-06-04,5000000.00,4.799522,100.140625
08:00:51,91282CKS9,TSRYS5814779,D,S,D,2024-06-04,4000000.00,4.802647,100.134765625
08:00:51,91282CKS9,TSRYS5814779,D,S,D,2024-06-04,350000.00,4.801605,100.13671875
08:00:51,91282CKS9,TSRYS5814779,D,S,T,2024-06-04,2000000.00,4.79848,100.142578125
08:00:51,91282CKS9,TSRYS5814779,D,S,T,2024-06-04,3000000.00,4.818275,100.10546875
08:00:51,91282CKS9,TSRYS5814779,D,S,T,2024-06-04,2000000.00,4.802647,100.134765625
08:00:51,91282CKS9,TSRYS5814779,D,S,D,2024-06-04,6000000.00,4.802647,100.134765625
08:00:51,91282CKS9,TSRYS5814779,D,S,D,2024-06-04,4000000.00,4.802647,100.134765625
08:00:51,91282CKS9,TSRYS5814779,D,B,A,2024-06-04,2000000.00,4.801605,100.13671875
08:00:51,91282CKS9,TSRYS5814779,D,B,A,2024-06-04,12000000.00,4.801605,100.13671875
08:00:51,91282CKS9,TSRYS5814779,D,S,T,2024-06-04,2000000.00,4.801658,100.13661875
08:00:51,91282CKS9,TSRYS5814779,D,S,T,2024-06-04,3000000.00,4.801658,100.13661875
08:00:51,91282CKS9,TSRYS5814779,D,S,T,2024-06-04,1000000.00,4.801658,100.13661875
08:00:51,91282CKS9,TSRYS5814779,D,S,T,2024-06-04,5000000.00,4.801658,100.13661875
08:00:51,91282CKS9,TSRYS5814779,D,S,T,2024-06-04,1000000.00,4.801658,100.13661875
08:00:51,91282CKS9,TSRYS5814779,D,S,T,2024-06-04,1000000.00,4.803742,100.1327125
08:00:51,91282CKS9,TSRYS5814779,D,S,T,2024-06-04,1000000.00,4.822443,100.09765625
08:00:51,91282CKS9,TSRYS5814779,D,S,T,2024-06-04,1000000.00,4.803742,100.1327125
08:00:51,91282CKS9,TSRYS5814779,D,S,D,2024-06-04,1000000.00,4.803688,100.1328125
08:00:52,91282CKS9,TSRYS5814779,D,S,D,2024-06-04,1000000.00,4.803688,100.1328125
08:00:52,91282CKS9,TSRYS5814779,D,S,T,2024-06-04,2000000.00,4.822443,100.09765625
08:00:52,91282CKS9,TSRYS5814779,D,S,T,2024-06-04,3000000.00,4.821401,100.099609375
08:00:52,91282CKS9,TSRYS5814779,D,S,D,2024-06-04,3173300.00,4.799522,100.140625
08:00:52,91282CKS9,TSRYS5814779,D,S,T,2024-06-04,1000000.00,4.79119,100.15625
08:00:52,91282CKS9,TSRYS5814779,D,S,T,2024-06-04,1000000.00,4.822443,100.09765625
08:00:52,91282CKS9,TSRYS5814779,D,S,T,2024-06-04,1000000.00,4.822443,100.09765625
08:00:52,91282CKS9,TSRYS5814779,D,S,T,2024-06-04,1000000.00,4.822443,100.09765625
08:00:52,91282CKS9,TSRYS5814779,D,S,T,2024-06-04,2000000.00,4.820359,100.1015625
08:00:53,91282CKS9,TSRYS5814779,D,S,D,2024-06-04,1000000.00,4.807855,100.125
08:00:53,91282CKS9,TSRYS5814779,D,S,T,2024-06-04,2000000.00,4.822443,100.09765625
08:00:54,91282CKS9,TSRYS5814779,D,S,T,2024-06-04,2000000.00,4.820359,100.1015625
08:00:55,91282CKS9,TSRYS5814779,D,S,C,2024-06-04,835000.00,4.802647,100.134765625
08:00:55,91282CKS9,TSRYS5814779,D,S,C,2024-06-04,3000000.00,4.815878,100.109375
08:00:56,91282CKS9,TSRYS5814779,D,B,A,2024-06-04,600000.00,4.816191,100.109375
08:00:56,91282CKS9,TSRYS5814779,D,S,T,2024-06-04,1000000.00,4.820359,100.1015625
08:00:56,91282CKS9,TSRYS5814779,D,B,A,2024-06-04,1500000.00,4.816191,100.109375
08:00:56,91282CKS9,TSRYS5814779,D,B,A,2024-06-04,1000000.00,4.816191,100.109375
08:00:56,91282CKS9,TSRYS5814779,D,S,T,2024-06-04,1000000.00,4.820359,100.1015625
08:00:56,91282CKS9,TSRYS5814779,D,S,T,2024-06-04,1000000.00,4.822443,100.09765625
08:00:57,91282CKS9,TSRYS5814779,D,S,T,2024-06-04,1000000.00,4.822443,100.09765625
08:00:57,91282CKS9,TSRYS5814779,D,S,T,2024-06-04,1000000.00,4.822443,100.09765625
08:00:57,91282CKS9,TSRYS5814779,D,S,T,2024-06-04,6000000.00,4.822443,100.09765625
08:00:57,91282CKS9,TSRYS5814779,D,S,T,2024-06-04,1000000.00,4.822443,100.09765625
08:00:57,91282CKS9,TSRYS5814779,D,B,A,2024-06-04,730000.00,4.820359,100.1015625
08:00:57,91282CKS9,TSRYS5814779,D,S,T,2024-06-04,1000000.00,4.822443,100.09765625
08:00:58,91282CKS9,TSRYS5814779,D,S,T,2024-06-04,1000000.00,4.822443,100.09765625
08:00:58,91282CKS9,TSRYS5814779,D,S,T,2024-06-04,3000000.00,4.822443,100.09765625
08:00:58,91282CKS9,TSRYS5814779,D,B,A,2024-06-04,2270000.00,4.822443,100.09765625
08:00:58,91282CKS9,TSRYS5814779,D,B,A,2024-06-04,10000000.00,4.822443,100.09765625
08:00:59,91282CKS9,TSRYS5814779,D,S,T,2024-06-04,3000000.00,4.822443,100.09765625
08:00:59,91282CKS9,TSRYS5814779,D,S,T,2024-06-04,2000000.00,4.820359,100.1015625
08:00:59,91282CKS9,TSRYS5814779,D,S,T,2024-06-04,1000000.00,4.822443,100.09765625
08:00:59,91282CKS9,TSRYS5814779,D,S,T,2024-06-04,1000000.00,4.822443,100.09765625
08:00:59,91282CKS9,TSRYS5814779,D,S,T,2024-06-04,1000000.00,4.821401,100.099609375
08:00:59,91282CKS9,TSRYS5814779,D,S,T,2024-06-04,1000000.00,4.821401,100.099609375
08:00:59,91282CKS9,TSRYS5814779,D,S,T,2024-06-04,1000000.00,4.822443,100.09765625
08:00:59,91282CKS9,TSRYS5814779,D,S,T,2024-06-04,1000000.00,4.821401,100.099609375
08:00:59,91282CKS9,TSRYS5814779,D,S,T,2024-06-04,1000000.00,4.821401,100.099609375
08:00:59,91282CKS9,TSRYS5814779,D,S,T,2024-06-04,1000000.00,4.821401,100.099609375
08:00:59,91282CKS9,TSRYS5814779,D,S,T,2024-06-04,1000000.00,4.821401,100.099609375
08:00:59,91282CKS9,TSRYS5814779,D,S,T,2024-06-04,1000000.00,4.821401,100.099609375
08:00:59,91282CKS9,TSRYS5814779,D,S,T,2024-06-04,1000000.00,4.821401,100.099609375
08:00:59,91282CKS9,TSRYS5814779,D,S,T,2024-06-04,1000000.00,4.821401,100.099609375
08:00:59,91282CKS9,TSRYS5814779,D,S,T,2024-06-04,1000000.00,4.821401,100.099609375
08:00:59,91282CKS9,TSRYS5814779,D,S,T,2024-06-04,1000000.00,4.821401,100.099609375
08:00:59,91282CKS9,TSRYS5814779,D,S,T,2024-06-04,1000000.00,4.821401,100.099609375
08:00:59,91282CKS9,TSRYS5814779,D,S,T,2024-06-04,1000000.00,4.821401,100.099609375
08:00:59,91282CKS9,TSRYS5814779,D,S,T,2024-06-04,1000000.00,4.821401,100.099609375
08:00:59,91282CKS9,TSRYS5814779,D,S,T,2024-06-04,1000000.00,4.822443,100.09765625
08:01:00,91282CKS9,TSRYS5814779,D,S,D,2024-06-04,2000000.00,4.824528,100.09375
08:01:00,91282CKS9,TSRYS5814779,D,S,D,2024-06-04,1000000.00,4.819317,100.103515625
08:01:00,91282CKS9,TSRYS5814779,D,S,D,2024-06-04,1000000.00,4.818275,100.10546875
08:01:00,91282CKS9,TSRYS5814779,D,S,D,2024-06-04,3000000.00,4.821401,100.099609375
08:01:00,91282CKS9,TSRYS5814779,D,B,C,2024-06-04,1000000.00,4.821401,100.099609375
08:01:00,91282CKS9,TSRYS5814779,D,B,C,2024-06-04,3000000.00,4.821401,100.099609375
08:01:00,91282CKS9,TSRYS5814779,D,B,C,2024-06-04,1000000.00,4.821401,100.099609375
08:01:00,91282CKS9,TSRYS5814779,D,S,C,2024-06-04,1000000.00,4.821401,100.099609375
08:01:00,91282CKS9,TSRYS5814779,D,S,D,2024-06-04,1000000.00,4.821401,100.099609375
08:01:00,91282CKS9,TSRYS5814779,D,S,C,2024-06-04,1000000.00,4.821401,100.099609375
08:01:00,91282CKS9,TSRYS5814779,D,B,C,2024-06-04,1000000.00,4.821401,100.099609375
08:01:00,91282CKS9,TSRYS5814779,D,S,D,2024-06-04,1000000.00,4.821401,100.099609375
08:01:00,91282CKS9,TSRYS5814779,D,S,C,2024-06-04,1000000.00,4.821401,100.099609375
08:01:00,91282CKS9,TSRYS5814779,D,S,C,2024-06-04,3000000.00,4.822443,100.09765625
08:01:00,91282CKS9,TSRYS5814779,D,S,T,2024-06-04,1000000.00,4.822443,100.09765625
08:01:00,91282CKS9,TSRYS5814779,D,S,C,2024-06-04,3000000.00,4.822443,100.09765625
08:01:00,91282CKS9,TSRYS5814779,D,S,C,2024-06-04,1000000.00,4.822443,100.09765625
08:01:00,91282CKS9,TSRYS5814779,D,S,C,2024-06-04,1000000.00,4.822443,100.09765625
08:01:00,91282CKS9,TSRYS5814779,D,B,C,2024-06-04,1000000.00,4.822443,100.09765625
08:01:00,91282CKS9,TSRYS5814779,D,S,C,2024-06-04,1000000.00,4.820359,100.1015625
08:01:00,91282CKS9,TSRYS5814779,D,S,C,2024-06-04,1000000.00,4.820359,100.1015625
08:01:00,91282CKS9,TSRYS5814779,D,S,C,2024-06-04,1000000.00,4.820359,100.1015625
08:01:00,91282CKS9,TSRYS5814779,D,B,C,2024-06-04,1000000.00,4.820359,100.1015625
08:01:00,91282CKS9,TSRYS5814779,D,S,C,2024-06-04,1000000.00,4.821401,100.099609375
08:01:00,91282CKS9,TSRYS5814779,D,S,C,2024-06-04,1000000.00,4.820359,100.1015625
08:01:00,91282CKS9,TSRYS5814779,D,S,C,2024-06-04,1000000.00,4.822443,100.09765625
08:01:00,91282CKS9,TSRYS5814779,D,B,C,2024-06-04,1000000.00,4.827655,100.087890625
08:01:00,91282CKS9,TSRYS5814779,D,S,D,2024-06-04,1000000.00,4.827655,100.087890625
08:01:00,91282CKS9,TSRYS5814779,D,S,C,2024-06-04,1000000.00,4.82557,100.091796875
08:01:00,91282CKS9,TSRYS5814779,D,S,C,2024-06-04,1000000.00,4.829739,100.083984375
08:01:00,91282CKS9,TSRYS5814779,D,B,C,2024-06-04,1000000.00,4.82557,100.091796875
08:01:00,91282CKS9,TSRYS5814779,D,B,C,2024-06-04,7000000.00,4.824528,100.09375
08:01:00,91282CKS9,TSRYS5814779,D,S,D,2024-06-04,4000000.00,4.828697,100.0859375
08:01:00,91282CKS9,TSRYS5814779,D,B,C,2024-06-04,1000000.00,4.829739,100.083984375
08:01:00,91282CKS9,TSRYS5814779,D,S,C,2024-06-04,7000000.00,4.824528,100.09375
08:01:00,91282CKS9,TSRYS5814779,D,B,C,2024-06-04,4000000.00,4.824528,100.09375
08:01:00,91282CKS9,TSRYS5814779,D,S,D,2024-06-04,4000000.00,4.824528,100.09375
08:01:00,91282CKS9,TSRYS5814779,D,S,D,2024-06-04,2000000.00,4.824528,100.09375
08:01:00,91282CKS9,TSRYS5814779,D,B,C,2024-06-04,1000000.00,4.824528,100.09375
08:01:00,91282CKS9,TSRYS5814779,D,S,D,2024-06-04,1000000.00,4.824528,100.09375
08:01:00,91282CKS9,TSRYS5814779,D,S,D,2024-06-04,3000000.00,4.824528,100.09375
08:01:00,91282CKS9,TSRYS5814779,D,B,C,2024-06-04,1000000.00,4.824528,100.09375
08:01:00,91282CKS9,TSRYS5814779,D,B,C,2024-06-04,2000000.00,4.824528,100.09375
08:01:00,91282CKS9,TSRYS5814779,D,S,D,2024-06-04,1000000.00,4.824528,100.09375
08:01:00,91282CKS9,TSRYS5814779,D,B,C,2024-06-04,3000000.00,4.824528,100.09375
08:01:00,91282CKS9,TSRYS5814779,D,B,C,2024-06-04,2000000.00,4.824528,100.09375
08:01:00,91282CKS9,TSRYS5814779,D,S,D,2024-06-04,2000000.00,4.824528,100.09375
08:01:00,91282CKS9,TSRYS5814779,D,B,C,2024-06-04,1000000.00,4.824528,100.09375
08:01:00,91282CKS9,TSRYS5814779,D,S,D,2024-06-04,1000000.00,4.824528,100.09375
08:01:00,91282CKS9,TSRYS5814779,D,S,D,2024-06-04,1000000.00,4.824528,100.09375
08:01:00,91282CKS9,TSRYS5814779,D,S,D,2024-06-04,1000000.00,4.824528,100.09375
08:01:00,91282CKS9,TSRYS5814779,D,B,C,2024-06-04,1000000.00,4.824528,100.09375
08:01:00,91282CKS9,TSRYS5814779,D,S,D,2024-06-04,1000000.00,4.824528,100.09375
08:01:00,91282CKS9,TSRYS5814779,D,B,C,2024-06-04,1000000.00,4.824528,100.09375
08:01:00,91282CKS9,TSRYS5814779,D,B,C,2024-06-04,1000000.00,4.824528,100.09375
08:01:00,91282CKS9,TSRYS5814779,D,B,C,2024-06-04,1000000.00,4.824528,100.09375
08:01:00,91282CKS9,TSRYS5814779,D,S,D,2024-06-04,1000000.00,4.824528,100.09375
08:01:00,91282CKS9,TSRYS5814779,D,B,C,2024-06-04,1000000.00,4.824528,100.09375
08:01:00,91282CKS9,TSRYS5814779,D,S,D,2024-06-04,1000000.00,4.824528,100.09375
08:01:00,91282CKS9,TSRYS5814779,D,B,C,2024-06-04,1000000.00,4.824528,100.09375
08:01:00,91282CKS9,TSRYS5814779,D,B,C,2024-06-04,3000000.00,4.824528,100.09375
08:01:00,91282CKS9,TSRYS5814779,D,S,D,2024-06-04,3000000.00,4.824528,100.09375
08:01:00,91282CKS9,TSRYS5814779,D,B,C,2024-06-04,2000000.00,4.824528,100.09375
08:01:00,91282CKS9,TSRYS5814779,D,S,C,2024-06-04,1000000.00,4.824528,100.09375
08:01:00,91282CKS9,TSRYS5814779,D,B,C,2024-06-04,1000000.00,4.824528,100.09375
08:01:00,91282CKS9,TSRYS5814779,D,S,D,2024-06-04,1000000.00,4.824528,100.09375
08:01:00,91282CKS9,TSRYS5814779,D,S,C,2024-06-04,3000000.00,4.824528,100.09375
08:01:00,91282CKS9,TSRYS5814779,D,B,C,2024-06-04,3000000.00,4.824528,100.09375
08:01:00,91282CKS9,TSRYS5814779,D,B,C,2024-06-04,3000000.00,4.824528,100.09375
08:01:00,91282CKS9,TSRYS5814779,D,B,C,2024-06-04,1000000.00,4.824528,100.09375
08:01:00,91282CKS9,TSRYS5814779,D,S,D,2024-06-04,3000000.00,4.824528,100.09375
08:01:00,91282CKS9,TSRYS5814779,D,B,C,2024-06-04,1000000.00,4.813065,100.115234375
08:01:00,91282CKS9,TSRYS5814779,D,S,D,2024-06-04,1000000.00,4.813065,100.115234375
08:01:00,91282CKS9,TSRYS5814779,D,S,C,2024-06-04,1000000.00,4.824528,100.09375
08:01:00,91282CKS9,TSRYS5814779,D,S,C,2024-06-04,1000000.00,4.817233,100.107421875
08:01:00,91282CKS9,TSRYS5814779,D,B,C,2024-06-04,1000000.00,4.816191,100.109375
08:01:00,91282CKS9,TSRYS5814779,D,S,D,2024-06-04,1000000.00,4.816191,100.109375
08:01:00,91282CKS9,TSRYS5814779,D,S,D,2024-06-04,1000000.00,4.813065,100.115234375
08:01:00,91282CKS9,TSRYS5814779,D,S,D,2024-06-04,3000000.00,4.813065,100.115234375
08:01:00,91282CKS9,TSRYS5814779,D,B,C,2024-06-04,1000000.00,4.813065,100.115234375
08:01:00,91282CKS9,TSRYS5814779,D,S,C,2024-06-04,1000000.00,4.813065,100.115234375
08:01:00,91282CKS9,TSRYS5814779,D,S,D,2024-06-04,3000000.00,4.813065,100.115234375
08:01:00,91282CKS9,TSRYS5814779,D,S,D,2024-06-04,1000000.00,4.812023,100.1171875
08:01:00,91282CKS9,TSRYS5814779,D,S,C,2024-06-04,1000000.00,4.815149,100.111328125
08:01:00,91282CKS9,TSRYS5814779,D,S,C,2024-06-04,1000000.00,4.810981,100.119140625
08:01:00,91282CKS9,TSRYS5814779,D,S,T,2024-06-04,1000000.00,4.822443,100.09765625
08:01:00,91282CKS9,TSRYS5814779,D,B,C,2024-06-04,1000000.00,4.803688,100.1328125
08:01:00,91282CKS9,TSRYS5814779,D,B,A,2024-06-04,2015000.00,4.803688,100.1328125
08:01:00,91282CKS9,TSRYS5814779,D,S,D,2024-06-04,3000000.00,4.812023,100.1171875
08:01:00,91282CKS9,TSRYS5814779,D,S,D,2024-06-04,1000000.00,4.812023,100.1171875
08:01:00,91282CKS9,TSRYS5814779,D,S,C,2024-06-04,1000000.00,4.815149,100.111328125
08:01:01,91282CKS9,TSRYS5814779,D,B,C,2024-06-04,1000000.00,4.815149,100.111328125
08:01:01,91282CKS9,TSRYS5814779,D,B,C,2024-06-04,1000000.00,4.815149,100.111328125
08:01:01,91282CKS9,TSRYS5814779,D,S,C,2024-06-04,1000000.00,4.815149,100.111328125
08:01:01,91282CKS9,TSRYS5814779,D,S,T,2024-06-04,1000000.00,4.822443,100.09765625
08:01:01,91282CKS9,TSRYS5814779,D,B,C,2024-06-04,1000000.00,4.815149,100.111328125
08:01:01,91282CKS9,TSRYS5814779,D,S,C,2024-06-04,1000000.00,4.815149,100.111328125
08:01:01,91282CKS9,TSRYS5814779,D,B,C,2024-06-04,1000000.00,4.815149,100.111328125
08:01:01,91282CKS9,TSRYS5814779,D,S,T,2024-06-04,1000000.00,4.822443,100.09765625
08:01:01,91282CKS9,TSRYS5814779,D,S,C,2024-06-04,1000000.00,4.803688,100.1328125
08:01:01,91282CKS9,TSRYS5814779,D,S,D,2024-06-04,1000000.00,4.809939,100.12109375
08:01:01,91282CKS9,TSRYS5814779,D,S,D,2024-06-04,1000000.00,4.809939,100.12109375
08:01:01,91282CKS9,TSRYS5814779,D,S,D,2024-06-04,1000000.00,4.809939,100.12109375
08:01:01,91282CKS9,TSRYS5814779,D,S,T,2024-06-04,1000000.00,4.822443,100.09765625
08:01:01,91282CKS9,TSRYS5814779,D,S,D,2024-06-04,1000000.00,4.810981,100.119140625
08:01:01,91282CKS9,TSRYS5814779,D,S,D,2024-06-04,1000000.00,4.806814,100.126953125
08:01:01,91282CKS9,TSRYS5814779,D,B,C,2024-06-04,1000000.00,4.803688,100.1328125
08:01:01,91282CKS9,TSRYS5814779,D,S,C,2024-06-04,1000000.00,4.803688,100.1328125
08:01:01,91282CKS9,TSRYS5814779,D,B,C,2024-06-04,1000000.00,4.803688,100.1328125
08:01:01,91282CKS9,TSRYS5814779,D,B,C,2024-06-04,1000000.00,4.803688,100.1328125
08:01:01,91282CKS9,TSRYS5814779,D,S,C,2024-06-04,1000000.00,4.803688,100.1328125
08:01:01,91282CKS9,TSRYS5814779,D,B,C,2024-06-04,1000000.00,4.803688,100.1328125
08:01:01,91282CKS9,TSRYS5814779,D,S,C,2024-06-04,1000000.00,4.803688,100.1328125
08:01:01,91282CKS9,TSRYS5814779,D,S,C,2024-06-04,1000000.00,4.803688,100.1328125
08:01:01,91282CKS9,TSRYS5814779,D,B,C,2024-06-04,1000000.00,4.803688,100.1328125
08:01:01,91282CKS9,TSRYS5814779,D,S,C,2024-06-04,1000000.00,4.803688,100.1328125
08:01:01,91282CKS9,TSRYS5814779,D,B,C,2024-06-04,1000000.00,4.803688,100.1328125
08:01:01,91282CKS9,TSRYS5814779,D,S,C,2024-06-04,1000000.00,4.803688,100.1328125
08:01:01,91282CKS9,TSRYS5814779,D,B,C,2024-06-04,1000000.00,4.803688,100.1328125
08:01:01,91282CKS9,TSRYS5814779,D,S,C,2024-06-04,1000000.00,4.803688,100.1328125
08:01:01,91282CKS9,TSRYS5814779,D,B,C,2024-06-04,1000000.00,4.803688,100.1328125
08:01:01,91282CKS9,TSRYS5814779,D,S,C,2024-06-04,1000000.00,4.803688,100.1328125
08:01:01,91282CKS9,TSRYS5814779,D,B,A,2024-06-04,857000.00,4.805772,100.12890625
08:01:01,91282CKS9,TSRYS5814779,D,S,C,2024-06-04,1000000.00,4.803688,100.1328125
08:01:01,91282CKS9,TSRYS5814779,D,B,C,2024-06-04,1000000.00,4.803688,100.1328125
08:01:01,91282CKS9,TSRYS5814779,D,B,C,2024-06-04,1000000.00,4.803688,100.1328125
08:01:01,91282CKS9,TSRYS5814779,D,S,C,2024-06-04,1000000.00,4.803688,100.1328125
08:01:01,91282CKS9,TSRYS5814779,D,B,C,2024-06-04,1000000.00,4.803688,100.1328125
08:01:01,91282CKS9,TSRYS5814779,D,B,A,2024-06-04,4000000.00,4.803688,100.1328125
08:01:01,91282CKS9,TSRYS5814779,D,S,C,2024-06-04,1000000.00,4.803688,100.1328125
08:01:01,91282CKS9,TSRYS5814779,D,S,D,2024-06-04,3000000.00,4.803688,100.1328125
08:01:01,91282CKS9,TSRYS5814779,D,B,C,2024-06-04,1000000.00,4.803688,100.1328125
08:01:01,91282CKS9,TSRYS5814779,D,S,C,2024-06-04,1000000.00,4.803688,100.1328125
08:01:01,91282CKS9,TSRYS5814779,D,B,A,2024-06-04,171000.00,4.803688,100.1328125
08:01:01,91282CKS9,TSRYS5814779,D,S,D,2024-06-04,4000000.00,4.80473,100.130859375
08:01:01,91282CKS9,TSRYS5814779,D,B,C,2024-06-04,4000000.00,4.80473,100.130859375
08:01:01,91282CKS9,TSRYS5814779,D,S,D,2024-06-04,3000000.00,4.803688,100.1328125
08:01:01,91282CKS9,TSRYS5814779,D,S,D,2024-06-04,1000000.00,4.803688,100.1328125
08:01:01,91282CKS9,TSRYS5814779,D,B,C,2024-06-04,1000000.00,4.803688,100.1328125
08:01:01,91282CKS9,TSRYS5814779,D,S,C,2024-06-04,1000000.00,4.80473,100.130859375
08:01:01,91282CKS9,TSRYS5814779,D,B,C,2024-06-04,1000000.00,4.80473,100.130859375
08:01:01,91282CKS9,TSRYS5814779,D,B,C,2024-06-04,1000000.00,4.803688,100.1328125
08:01:01,91282CKS9,TSRYS5814779,D,S,C,2024-06-04,1000000.00,4.803688,100.1328125
08:01:01,91282CKS9,TSRYS5814779,D,B,C,2024-06-04,1000000.00,4.803688,100.1328125
08:01:01,91282CKS9,TSRYS5814779,D,S,C,2024-06-04,1000000.00,4.803688,100.1328125
08:01:01,91282CKS9,TSRYS5814779,D,B,C,2024-06-04,1000000.00,4.810981,100.119140625
08:01:01,91282CKS9,TSRYS5814779,D,S,C,2024-06-04,1000000.00,4.810981,100.119140625
08:01:01,91282CKS9,TSRYS5814779,D,B,A,2024-06-04,465000.00,4.803688,100.1328125
08:01:01,91282CKS9,TSRYS5814779,D,B,C,2024-06-04,1000000.00,4.810981,100.119140625
08:01:01,91282CKS9,TSRYS5814779,D,S,C,2024-06-04,1000000.00,4.810981,100.119140625
08:01:01,91282CKS9,TSRYS5814779,D,B,C,2024-06-04,1000000.00,4.810981,100.119140625
08:01:01,91282CKS9,TSRYS5814779,D,S,C,2024-06-04,1000000.00,4.810981,100.119140625
08:01:01,91282CKS9,TSRYS5814779,D,B,C,2024-06-04,7000000.00,4.810981,100.119140625
08:01:01,91282CKS9,TSRYS5814779,D,S,C,2024-06-04,7000000.00,4.810981,100.119140625
08:01:01,91282CKS9,TSRYS5814779,D,S,C,2024-06-04,1000000.00,4.799522,100.140625
08:01:01,91282CKS9,TSRYS5814779,D,S,T,2024-06-04,2000000.00,4.822443,100.09765625
08:01:01,91282CKS9,TSRYS5814779,D,S,C,2024-06-04,1000000.00,4.799522,100.140625
08:01:01,91282CKS9,TSRYS5814779,D,S,C,2024-06-04,1000000.00,4.799522,100.140625
08:01:01,91282CKS9,TSRYS5814779,D,S,C,2024-06-04,1000000.00,4.801605,100.13671875
08:01:01,91282CKS9,TSRYS5814779,D,B,C,2024-06-04,1000000.00,4.801605,100.13671875
08:01:01,91282CKS9,TSRYS5814779,D,S,C,2024-06-04,4000000.00,4.800563,100.138671875
08:01:01,91282CKS9,TSRYS5814779,D,S,T,2024-06-04,2000000.00,4.822443,100.09765625
08:01:01,91282CKS9,TSRYS5814779,D,B,C,2024-06-04,1000000.00,4.801605,100.13671875
08:01:01,91282CKS9,TSRYS5814779,D,S,C,2024-06-04,1000000.00,4.801605,100.13671875
08:01:01,91282CKS9,TSRYS5814779,D,S,C,2024-06-04,1000000.00,4.801605,100.13671875
08:01:01,91282CKS9,TSRYS5814779,D,B,C,2024-06-04,1000000.00,4.801605,100.13671875
08:01:01,91282CKS9,TSRYS5814779,D,S,C,2024-06-04,1000000.00,4.801605,100.13671875
08:01:01,91282CKS9,TSRYS5814779,D,S,C,2024-06-04,3000000.00,4.803688,100.1328125
08:01:01,91282CKS9,TSRYS5814779,D,S,C,2024-06-04,3000000.00,4.803688,100.1328125
08:01:01,91282CKS9,TSRYS5814779,D,S,C,2024-06-04,5000000.00,4.802647,100.134765625
08:01:01,91282CKS9,TSRYS5814779,D,S,D,2024-06-04,1000000.00,4.803688,100.1328125
08:01:01,91282CKS9,TSRYS5814779,D,S,D,2024-06-04,1000000.00,4.803688,100.1328125
08:01:01,91282CKS9,TSRYS5814779,D,S,D,2024-06-04,1000000.00,4.803688,100.1328125
08:01:01,91282CKS9,TSRYS5814779,D,S,D,2024-06-04,1000000.00,4.803688,100.1328125
08:01:01,91282CKS9,TSRYS5814779,D,S,T,2024-06-04,2000000.00,4.79119,100.15625
08:01:02,91282CKS9,TSRYS5814779,D,S,T,2024-06-04,1000000.00,4.822443,100.09765625
08:01:02,91282CKS9,TSRYS5814779,D,S,T,2024-06-04,3000000.00,4.822443,100.09765625
08:01:02,91282CKS9,TSRYS5814779,D,S,T,2024-06-04,2000000.00,4.822443,100.09765625
08:01:02,91282CKS9,TSRYS5814779,D,S,T,2024-06-04,1000000.00,4.822443,100.09765625
08:01:02,91282CKS9,TSRYS5814779,D,S,T,2024-06-04,1000000.00,4.822443,100.09765625
08:01:02,91282CKS9,TSRYS5814779,D,S,T,2024-06-04,3000000.00,4.822443,100.09765625
08:01:02,91282CKS9,TSRYS5814779,D,S,T,2024-06-04,2000000.00,4.822443,100.09765625
08:01:03,91282CKS9,TSRYS5814779,D,S,T,2024-06-04,1000000.00,4.822443,100.09765625
08:01:03,91282CKS9,TSRYS5814779,D,S,T,2024-06-04,1000000.00,4.822443,100.09765625
08:01:04,91282CKS9,TSRYS5814779,D,S,T,2024-06-04,3000000.00,4.822443,100.09765625
08:01:04,91282CKS9,TSRYS5814779,D,S,T,2024-06-04,1000000.00,4.822443,100.09765625
08:01:04,91282CKS9,TSRYS5814779,D,S,T,2024-06-04,1000000.00,4.822443,100.09765625
08:01:04,91282CKS9,TSRYS5814779,D,S,T,2024-06-04,2000000.00,4.822443,100.09765625
08:01:04,91282CKS9,TSRYS5814779,D,S,T,2024-06-04,1000000.00,4.822443,100.09765625
08:01:04,91282CKS9,TSRYS5814779,D,S,T,2024-06-04,2000000.00,4.822443,100.09765625
08:01:04,91282CKS9,TSRYS5814779,D,S,T,2024-06-04,1000000.00,4.822443,100.09765625
08:01:04,91282CKS9,TSRYS5814779,D,S,T,2024-06-04,3000000.00,4.822443,100.09765625
08:01:05,91282CKS9,TSRYS5814779,D,S,T,2024-06-04,1000000.00,4.822443,100.09765625
08:01:05,91282CKS9,TSRYS5814779,D,S,T,2024-06-04,1000000.00,4.791243,100.15615
08:01:05,91282CKS9,TSRYS5814779,D,S,C,2024-06-04,1000000.00,4.812023,100.1171875
08:01:05,91282CKS9,TSRYS5814779,D,B,C,2024-06-04,1000000.00,4.812023,100.1171875
08:01:05,91282CKS9,TSRYS5814779,D,S,C,2024-06-04,1000000.00,4.812023,100.1171875
08:01:05,91282CKS9,TSRYS5814779,D,B,C,2024-06-04,1000000.00,4.812023,100.1171875
08:01:06,91282CKS9,TSRYS5814779,D,S,T,2024-06-04,1000000.00,4.822443,100.09765625
08:01:06,91282CKS9,TSRYS5814779,D,S,C,2024-06-04,1000000.00,4.813065,100.115234375
08:01:06,91282CKS9,TSRYS5814779,D,S,T,2024-06-04,2000000.00,4.822443,100.09765625
08:01:06,91282CKS9,TSRYS5814779,D,S,T,2024-06-04,2000000.00,4.822443,100.09765625
08:01:06,91282CKS9,TSRYS5814779,D,B,C,2024-06-04,1000000.00,4.813065,100.115234375
08:01:06,91282CKS9,TSRYS5814779,D,S,C,2024-06-04,1000000.00,4.813065,100.115234375
08:01:06,91282CKS9,TSRYS5814779,D,B,C,2024-06-04,1000000.00,4.813065,100.115234375
08:01:06,91282CKS9,TSRYS5814779,D,S,C,2024-06-04,1000000.00,4.813065,100.115234375
08:01:06,91282CKS9,TSRYS5814779,D,S,T,2024-06-04,2000000.00,4.822443,100.09765625
08:01:06,91282CKS9,TSRYS5814779,D,B,C,2024-06-04,1000000.00,4.813065,100.115234375
08:01:08,91282CKS9,TSRYS5814779,D,S,C,2024-06-04,1000000.00,4.816191,100.109375
08:01:08,91282CKS9,TSRYS5814779,D,S,C,2024-06-04,2000000.00,4.816191,100.109375
08:01:10,91282CKS9,TSRYS5814779,D,S,T,2024-06-04,3000000.00,4.822443,100.09765625
08:01:10,91282CKS9,TSRYS5814779,D,S,T,2024-06-04,3000000.00,4.822443,100.09765625
08:01:10,91282CKS9,TSRYS5814779,D,S,T,2024-06-04,6000000.00,4.822443,100.09765625
08:01:11,91282CKS9,TSRYS5814779,D,S,C,2024-06-04,1000000.00,4.818275,100.10546875
08:01:11,91282CKS9,TSRYS5814779,D,B,C,2024-06-04,1000000.00,4.818275,100.10546875
08:01:11,91282CKS9,TSRYS5814779,D,S,T,2024-06-04,3000000.00,4.80473,100.130859375
08:01:11,91282CKS9,TSRYS5814779,D,S,C,2024-06-04,1000000.00,4.819317,100.103515625
08:01:11,91282CKS9,TSRYS5814779,D,B,C,2024-06-04,1000000.00,4.819317,100.103515625
08:01:11,91282CKS9,TSRYS5814779,D,S,A,2024-06-04,2000000.00,4.822708,100.09716
08:01:11,91282CKS9,TSRYS5814779,D,S,A,2024-06-04,1000000.00,4.826612,100.08984375
08:01:12,91282CKS9,TSRYS5814779,D,S,D,2024-06-04,1000000.00,4.803688,100.1328125
08:01:12,91282CKS9,TSRYS5814779,D,S,D,2024-06-04,1000000.00,4.803688,100.1328125
08:01:12,91282CKS9,TSRYS5814779,D,S,D,2024-06-04,1000000.00,4.803688,100.1328125
08:01:12,91282CKS9,TSRYS5814779,D,S,D,2024-06-04,2000000.00,4.803688,100.1328125
08:01:12,91282CKS9,TSRYS5814779,D,B,C,2024-06-04,1000000.00,4.819317,100.103515625
08:01:12,91282CKS9,TSRYS5814779,D,S,D,2024-06-04,1000000.00,4.819317,100.103515625
08:01:12,91282CKS9,TSRYS5814779,D,S,D,2024-06-04,2000000.00,4.803688,100.1328125
08:01:12,91282CKS9,TSRYS5814779,D,S,D,2024-06-04,2000000.00,4.803688,100.1328125
08:01:12,91282CKS9,TSRYS5814779,D,S,D,2024-06-04,2000000.00,4.803688,100.1328125
08:01:12,91282CKS9,TSRYS5814779,D,S,D,2024-06-04,2000000.00,4.803688,100.1328125
08:01:12,91282CKS9,TSRYS5814779,D,S,D,2024-06-04,2000000.00,4.803688,100.1328125
08:01:12,91282CKS9,TSRYS5814779,D,S,D,2024-06-04,1000000.00,4.803688,100.1328125
08:01:12,91282CKS9,TSRYS5814779,D,S,C,2024-06-04,1000000.00,4.800563,100.138671875
08:01:12,91282CKS9,TSRYS5814779,D,S,C,2024-06-04,4000000.00,4.802647,100.134765625
08:01:14,91282CKS9,TSRYS5814779,D,S,D,2024-06-04,10000000.00,4.82843,100.0864375
08:01:14,91282CKS9,TSRYS5814779,D,S,C,2024-06-04,27000000.00,4.799522,100.140625
08:01:14,91282CKS9,TSRYS5814779,D,B,A,2024-06-04,3000000.00,4.799603,100.140473
08:01:14,91282CKS9,TSRYS5814779,D,S,T,2024-06-04,3000000.00,4.799603,100.140473
08:01:14,91282CKS9,TSRYS5814779,D,S,T,2024-06-04,2000000.00,4.799603,100.140473
08:01:14,91282CKS9,TSRYS5814779,D,B,A,2024-06-04,2000000.00,4.799603,100.140473
08:01:15,91282CKS9,TSRYS5814779,D,S,T,2024-06-04,1000000.00,4.805772,100.12890625
08:01:15,91282CKS9,TSRYS5814779,D,B,A,2024-06-04,7000000.00,4.807855,100.125
08:01:15,91282CKS9,TSRYS5814779,D,B,A,2024-06-04,9900000.00,4.822443,100.09765625
08:01:15,91282CKS9,TSRYS5814779,D,B,A,2024-06-04,1200000.00,4.822443,100.09765625
08:01:16,91282CKS9,TSRYS5814779,D,S,T,2024-06-04,3000000.00,4.803688,100.1328125
08:01:16,91282CKS9,TSRYS5814779,D,B,A,2024-06-04,3000000.00,4.803688,100.1328125
08:01:16,91282CKS9,TSRYS5814779,D,S,A,2024-06-04,4700000.00,4.818275,100.10546875
08:01:17,91282CKS9,TSRYS5814779,D,S,T,2024-06-04,3000000.00,4.80473,100.130859375
08:01:17,91282CKS9,TSRYS5814779,D,B,A,2024-06-04,800000.00,4.830782,100.08203125
08:01:17,91282CKS9,TSRYS5814779,D,S,A,2024-06-04,725000.00,4.826612,100.08984375
08:01:17,91282CKS9,TSRYS5814779,D,S,C,2024-06-04,1000000.00,4.821401,100.09960937
08:01:17,91282CKS9,TSRYS5814779,D,S,D,2024-06-04,1000000.00,4.821401,100.09960937
08:01:18,91282CKS9,TSRYS5814779,D,S,C,2024-06-04,2000000.00,4.819317,100.103515625
08:01:18,91282CKS9,TSRYS5814779,D,B,C,2024-06-04,2000000.00,4.819317,100.103515625
08:01:18,91282CKS9,TSRYS5814779,D,S,C,2024-06-04,1000000.00,4.820359,100.1015625
08:01:18,91282CKS9,TSRYS5814779,D,S,C,2024-06-04,1000000.00,4.820359,100.1015625
08:01:18,91282CKS9,TSRYS5814779,D,S,C,2024-06-04,3000000.00,4.820359,100.1015625
08:01:18,91282CKS9,TSRYS5814779,D,B,C,2024-06-04,1000000.00,4.819317,100.103515625
08:01:18,91282CKS9,TSRYS5814779,D,S,D,2024-06-04,6000000.00,4.802647,100.134765625
08:01:18,91282CKS9,TSRYS5814779,D,S,D,2024-06-04,1000000.00,4.803688,100.1328125
08:01:18,91282CKS9,TSRYS5814779,D,S,C,2024-06-04,1000000.00,4.819317,100.103515625
08:01:18,91282CKS9,TSRYS5814779,D,B,C,2024-06-04,1000000.00,4.819317,100.103515625
08:01:18,91282CKS9,TSRYS5814779,D,S,C,2024-06-04,1000000.00,4.819317,100.103515625
08:01:18,91282CKS9,TSRYS5814779,D,B,C,2024-06-04,1000000.00,4.803688,100.1328125
08:01:18,91282CKS9,TSRYS5814779,D,B,C,2024-06-04,1000000.00,4.803688,100.1328125
08:01:18,91282CKS9,TSRYS5814779,D,S,D,2024-06-04,1000000.00,4.803688,100.1328125
08:01:18,91282CKS9,TSRYS5814779,D,S,C,2024-06-04,1000000.00,4.803688,100.1328125
08:01:18,91282CKS9,TSRYS5814779,D,B,C,2024-06-04,1000000.00,4.803688,100.1328125
08:01:19,91282CKS9,TSRYS5814779,D,S,D,2024-06-04,9600000.00,4.941421,99.875
08:01:19,91282CKS9,TSRYS5814779,D,S,D,2024-06-04,9600000.00,4.941421,99.875
08:01:19,91282CKS9,TSRYS5814779,D,B,C,2024-06-04,1000000.00,4.807855,100.125
08:01:19,91282CKS9,TSRYS5814779,D,S,D,2024-06-04,1000000.00,4.807855,100.125
08:01:19,91282CKS9,TSRYS5814779,D,S,D,2024-06-04,14400000.00,4.941421,99.875
08:01:19,91282CKS9,TSRYS5814779,D,S,D,2024-06-04,14400000.00,4.941421,99.875
08:01:19,91282CKS9,TSRYS5814779,D,S,D,2024-06-04,11650000.00,4.941421,99.875
08:01:19,91282CKS9,TSRYS5814779,D,B,C,2024-06-04,1000000.00,4.801605,100.13671875
08:01:19,91282CKS9,TSRYS5814779,D,S,C,2024-06-04,1000000.00,4.801605,100.13671875
08:01:19,91282CKS9,TSRYS5814779,D,B,C,2024-06-04,1000000.00,4.801605,100.13671875
08:01:19,91282CKS9,TSRYS5814779,D,S,D,2024-06-04,1000000.00,4.801605,100.13671875
08:01:19,91282CKS9,TSRYS5814779,D,B,C,2024-06-04,1000000.00,4.794314,100.150390625
08:01:19,91282CKS9,TSRYS5814779,D,S,D,2024-06-04,1000000.00,4.794314,100.150390625
08:01:19,91282CKS9,TSRYS5814779,D,S,D,2024-06-04,9600000.00,4.941421,99.875
08:01:19,91282CKS9,TSRYS5814779,D,S,A,2024-06-04,8000000.00,4.805772,100.12890625
08:01:19,91282CKS9,TSRYS5814779,D,S,A,2024-06-04,4500000.00,4.803688,100.1328125
08:01:20,91282CKS9,TSRYS5814779,D,B,C,2024-06-04,1000000.00,4.818275,100.10546875
08:01:20,91282CKS9,TSRYS5814779,D,S,D,2024-06-04,1000000.00,4.818275,100.10546875
08:01:20,91282CKS9,TSRYS5814779,D,B,C,2024-06-04,1000000.00,4.818275,100.10546875
08:01:20,91282CKS9,TSRYS5814779,D,S,D,2024-06-04,1000000.00,4.818275,100.10546875
08:01:21,91282CKS9,TSRYS5814779,D,S,A,2024-06-04,2600000.00,4.803688,100.1328125
08:01:21,91282CKS9,TSRYS5814779,D,B,A,2024-06-04,1950000.00,4.807855,100.125
08:01:21,91282CKS9,TSRYS5814779,D,S,T,2024-06-04,1000000.00,4.821401,100.09960937
08:01:21,91282CKS9,TSRYS5814779,D,S,T,2024-06-04,1000000.00,4.821401,100.09960937
08:01:21,91282CKS9,TSRYS5814779,D,B,C,2024-06-04,17000000.00,4.826612,100.08984375
08:01:21,91282CKS9,TSRYS5814779,D,S,T,2024-06-04,1000000.00,4.821401,100.09960937
08:01:21,91282CKS9,TSRYS5814779,D,S,A,2024-06-04,1000000.00,4.799522,100.140625
08:01:21,91282CKS9,TSRYS5814779,D,B,A,2024-06-04,4450000.00,4.807855,100.125
08:01:22,91282CKS9,TSRYS5814779,D,S,D,2024-06-04,1000000.00,4.821401,100.09960937
08:01:22,91282CKS9,TSRYS5814779,D,S,D,2024-06-04,1000000.00,4.821401,100.09960937
08:01:23,91282CKS9,TSRYS5814779,D,B,C,2024-06-04,1000000.00,4.818275,100.10546875
08:01:23,91282CKS9,TSRYS5814779,D,S,C,2024-06-04,2000000.00,4.821401,100.09960937
08:01:23,91282CKS9,TSRYS5814779,D,S,C,2024-06-04,1000000.00,4.818275,100.10546875
08:01:23,91282CKS9,TSRYS5814779,D,S,C,2024-06-04,1000000.00,4.822443,100.09765625
08:01:23,91282CKS9,TSRYS5814779,D,S,C,2024-06-04,2000000.00,4.822443,100.09765625
08:01:23,91282CKS9,TSRYS5814779,D,S,D,2024-06-04,1000000.00,4.822443,100.09765625
08:01:23,91282CKS9,TSRYS5814779,D,S,D,2024-06-04,1000000.00,4.822443,100.09765625
08:01:24,91282CKS9,TSRYS5814779,D,S,A,2024-06-04,2600000.00,4.799522,100.140625
08:01:25,91282CKS9,TSRYS5814779,D,S,C,2024-06-04,1000000.00,4.821401,100.09960937
08:01:25,91282CKS9,TSRYS5814779,D,S,C,2024-06-04,1000000.00,4.821401,100.09960937
08:01:25,91282CKS9,TSRYS5814779,D,B,C,2024-06-04,27000000.00,4.821609,100.09922
08:01:25,91282CKS9,TSRYS5814779,D,B,C,2024-06-04,2000000.00,4.822708,100.09716
08:01:26,91282CKS9,TSRYS5814779,D,B,C,2024-06-04,3100000.00,4.820359,100.1015625
08:01:26,91282CKS9,TSRYS5814779,D,S,T,2024-06-04,1000000.00,4.801605,100.13671875
08:01:26,91282CKS9,TSRYS5814779,D,S,T,2024-06-04,2000000.00,4.801605,100.13671875
08:01:26,91282CKS9,TSRYS5814779,D,S,T,2024-06-04,2000000.00,4.801605,100.13671875
08:01:26,91282CKS9,TSRYS5814779,D,S,T,2024-06-04,1000000.00,4.801605,100.13671875
08:01:26,91282CKS9,TSRYS5814779,D,S,T,2024-06-04,1000000.00,4.801605,100.13671875
08:01:26,91282CKS9,TSRYS5814779,D,S,T,2024-06-04,1000000.00,4.801605,100.13671875
08:01:26,91282CKS9,TSRYS5814779,D,S,T,2024-06-04,1000000.00,4.801605,100.13671875
08:01:26,91282CKS9,TSRYS5814779,D,S,T,2024-06-04,1000000.00,4.801605,100.13671875
08:01:26,91282CKS9,TSRYS5814779,D,B,C,2024-06-04,1000000.00,4.820359,100.1015625
08:01:26,91282CKS9,TSRYS5814779,D,S,C,2024-06-04,1000000.00,4.820359,100.1017625
08:01:26,91282CKS9,TSRYS5814779,D,B,C,2024-06-04,1000000.00,4.820359,100.1015625
08:01:26,91282CKS9,TSRYS5814779,D,S,C,2024-06-04,1000000.00,4.820359,100.1017625
08:01:27,91282CKS9,TSRYS5814779,D,S,T,2024-06-04,6000000.00,4.801605,100.13671875
08:01:27,91282CKS9,TSRYS5814779,D,S,T,2024-06-04,1000000.00,4.801605,100.13671875
08:01:27,91282CKS9,TSRYS5814779,D,S,T,2024-06-04,4000000.00,4.801605,100.13671875
08:01:27,91282CKS9,TSRYS5814779,D,S,T,2024-06-04,23000000.00,4.801605,100.13671875
08:01:27,91282CKS9,TSRYS5814779,D,S,D,2024-06-04,1000000.00,4.821401,100.099609375
08:01:27,91282CKS9,TSRYS5814779,D,B,C,2024-06-04,1000000.00,4.821401,100.099609375
08:01:27,91282CKS9,TSRYS5814779,D,S,T,2024-06-04,3000000.00,4.80473,100.130859375
08:01:28,91282CKS9,TSRYS5814779,D,S,C,2024-06-04,1000000.00,4.821401,100.099609375
08:01:28,91282CKS9,TSRYS5814779,D,S,C,2024-06-04,1000000.00,4.821401,100.099609375
08:01:28,91282CKS9,TSRYS5814779,D,S,C,2024-06-04,1000000.00,4.821401,100.099609375
08:01:28,91282CKS9,TSRYS5814779,D,S,C,2024-06-04,2000000.00,4.821401,100.099609375
08:01:29,91282CKS9,TSRYS5814779,D,S,D,2024-06-04,1000000.00,4.822443,100.09765625
08:01:31,91282CKS9,TSRYS5814779,D,S,D,2024-06-04,1000000.00,4.821401,100.099609375
08:01:31,91282CKS9,TSRYS5814779,D,S,C,2024-06-04,1000000.00,4.821401,100.099609375
08:01:31,91282CKS9,TSRYS5814779,D,S,C,2024-06-04,1000000.00,4.821401,100.099609375
08:01:31,91282CKS9,TSRYS5814779,D,S,T,2024-06-04,1000000.00,4.805772,100.12890625
08:01:32,91282CKS9,TSRYS5814779,D,S,D,2024-06-04,2000000.00,4.822443,100.09765625
08:01:32,91282CKS9,TSRYS5814779,D,S,C,2024-06-04,1000000.00,4.822443,100.09765625
08:01:32,91282CKS9,TSRYS5814779,D,S,T,2024-06-04,1000000.00,4.803688,100.1328125
08:01:32,91282CKS9,TSRYS5814779,D,S,T,2024-06-04,1000000.00,4.803688,100.1328125
08:01:32,91282CKS9,TSRYS5814779,D,S,C,2024-06-04,1000000.00,4.821401,100.09960937
08:01:32,91282CKS9,TSRYS5814779,D,S,C,2024-06-04,1000000.00,4.821401,100.09960937
08:01:32,91282CKS9,TSRYS5814779,D,S,C,2024-06-04,2000000.00,4.821401,100.09960937
08:01:32,91282CKS9,TSRYS5814779,D,S,C,2024-06-04,1000000.00,4.821401,100.09960937
08:01:32,91282CKS9,TSRYS5814779,D,S,D,2024-06-04,1000000.00,4.821401,100.09960937
08:01:32,91282CKS9,TSRYS5814779,D,S,C,2024-06-04,1000000.00,4.821401,100.09960937
08:01:32,91282CKS9,TSRYS5814779,D,S,D,2024-06-04,1000000.00,4.821401,100.09960937
08:01:33,91282CKS9,TSRYS5814779,D,S,T,2024-06-04,1000000.00,4.821401,100.09960937
08:01:33,91282CKS9,TSRYS5814779,D,S,T,2024-06-04,1000000.00,4.821401,100.09960937
08:01:33,91282CKS9,TSRYS5814779,D,S,T,2024-06-04,1000000.00,4.821401,100.09960937
08:01:33,91282CKS9,TSRYS5814779,D,S,T,2024-06-04,2000000.00,4.821401,100.09960937
08:01:33,91282CKS9,TSRYS5814779,D,S,C,2024-06-04,2000000.00,4.822443,100.09765625
08:01:33,91282CKS9,TSRYS5814779,D,B,C,2024-06-04,36000000.00,4.803688,100.1328125
08:01:33,91282CKS9,TSRYS5814779,D,B,C,2024-06-04,2000000.00,4.822443,100.09765625
08:01:33,91282CKS9,TSRYS5814779,D,S,T,2024-06-04,1000000.00,4.802647,100.134765625
08:01:34,91282CKS9,TSRYS5814779,D,S,T,2024-06-04,2000000.00,4.803688,100.1328125
08:01:34,91282CKS9,TSRYS5814779,D,S,T,2024-06-04,1000000.00,4.803688,100.1328125
08:01:34,91282CKS9,TSRYS5814779,D,S,T,2024-06-04,1000000.00,4.803688,100.1328125
08:01:34,91282CKS9,TSRYS5814779,D,S,T,2024-06-04,6000000.00,4.80473,100.130859375
08:01:34,91282CKS9,TSRYS5814779,D,S,T,2024-06-04,2000000.00,4.803688,100.1328125
08:01:34,91282CKS9,TSRYS5814779,D,S,T,2024-06-04,1000000.00,4.80473,100.130859375
08:01:34,91282CKS9,TSRYS5814779,D,S,D,2024-06-04,1000000.00,4.819317,100.103515625
08:01:34,91282CKS9,TSRYS5814779,D,S,A,2024-06-04,614000.00,4.803688,100.1328125
08:01:34,91282CKS9,TSRYS5814779,D,S,D,2024-06-04,1000000.00,4.803688,100.1328125
08:01:34,91282CKS9,TSRYS5814779,D,S,D,2024-06-04,1000000.00,4.803688,100.1328125
08:01:34,91282CKS9,TSRYS5814779,D,S,D,2024-06-04,1000000.00,4.803688,100.1328125
08:01:34,91282CKS9,TSRYS5814779,D,S,D,2024-06-04,1000000.00,4.803688,100.1328125
08:01:34,91282CKS9,TSRYS5814779,D,S,D,2024-06-04,2000000.00,4.803688,100.1328125
