tradeTime,cusip,issueSymbolIdentifier,priceType,reportingSideCode,contraPartyTypeCode,tradeDate,reportedTradeVolume,lastSaleYield,lastSalePrice
10:22:24,91282CKH3,TSRYS5774872,D,S,D,2024-04-10,2000000.00,4.947645,99.16796875
10:22:24,91282CKH3,TSRYS5774872,D,S,C,2024-04-10,775000.00,4.947554,99.16813675
10:22:25,91282CKH3,TSRYS5774872,D,S,T,2024-04-10,1000000.00,4.951986,99.15995625
10:22:26,91282CKH3,TSRYS5774872,D,S,T,2024-04-10,2000000.00,4.947645,99.16796875
10:22:26,91282CKH3,TSRYS5774872,D,S,T,2024-04-10,3000000.00,4.947645,99.16796875
10:22:26,91282CKH3,TSRYS5774872,D,S,T,2024-04-10,1000000.00,4.947645,99.16796875
10:22:26,91282CKH3,TSRYS5774872,D,S,T,2024-04-10,1000000.00,4.947645,99.16796875
10:22:26,91282CKH3,TSRYS5774872,D,S,T,2024-04-10,2000000.00,4.947645,99.16796875
10:22:27,91282CKH3,TSRYS5774872,D,S,D,2024-04-10,1000000.00,4.947618,99.16801875
10:22:28,91282CKH3,TSRYS5774872,D,S,D,2024-04-10,97355000.00,4.938967,99.18398689
10:22:30,91282CKH3,TSRYS5774872,D,S,D,2024-04-10,1000000.00,4.948703,99.166015625
10:22:30,91282CKH3,TSRYS5774872,D,B,C,2024-04-10,1000000.00,4.948703,99.166015625
10:22:32,91282CKH3,TSRYS5774872,D,B,C,2024-04-10,1000000.00,4.949761,99.1640625
10:22:32,91282CKH3,TSRYS5774872,D,S,C,2024-04-10,1000000.00,4.949761,99.1640625
10:22:32,91282CKH3,TSRYS5774872,D,S,D,2024-04-10,1000000.00,4.949761,99.1640625
10:22:32,91282CKH3,TSRYS5774872,D,B,C,2024-04-10,1000000.00,4.949761,99.1640625
10:22:32,91282CKH3,TSRYS5774872,D,S,C,2024-04-10,1000000.00,4.949761,99.1640625
10:22:32,91282CKH3,TSRYS5774872,D,S,D,2024-04-10,1000000.00,4.949761,99.1640625
10:22:35,91282CKH3,TSRYS5774872,D,S,T,2024-04-10,1000000.00,4.946641,99.169821875
10:22:35,91282CKH3,TSRYS5774872,D,S,T,2024-04-10,1000000.00,4.947699,99.16786875
10:22:35,91282CKH3,TSRYS5774872,D,S,T,2024-04-10,1000000.00,4.947699,99.16786875
10:22:35,91282CKH3,TSRYS5774872,D,S,T,2024-04-10,1000000.00,4.947699,99.16786875
10:22:35,91282CKH3,TSRYS5774872,D,S,T,2024-04-10,2000000.00,4.947699,99.16786875
10:22:35,91282CKH3,TSRYS5774872,D,S,C,2024-04-10,65000.00,4.93488,99.191531
10:22:35,91282CKH3,TSRYS5774872,D,S,T,2024-04-10,1000000.00,4.946681,99.169746875
10:22:36,91282CKH3,TSRYS5774872,D,S,T,2024-04-10,1000000.00,4.947739,99.16779375
10:22:36,91282CKH3,TSRYS5774872,D,S,T,2024-04-10,1000000.00,4.947739,99.16779375
10:22:36,91282CKH3,TSRYS5774872,D,S,T,2024-04-10,1000000.00,4.947739,99.16779375
10:22:36,91282CKH3,TSRYS5774872,D,S,T,2024-04-10,1000000.00,4.947739,99.16779375
10:22:36,91282CKH3,TSRYS5774872,D,S,T,2024-04-10,1000000.00,4.947739,99.16779375
10:22:36,91282CKH3,TSRYS5774872,D,S,T,2024-04-10,1000000.00,4.947739,99.16779375
10:22:36,91282CKH3,TSRYS5774872,D,S,T,2024-04-10,1000000.00,4.947767,99.16774375
10:22:36,91282CKH3,TSRYS5774872,D,S,T,2024-04-10,2000000.00,4.947767,99.16774375
10:22:36,91282CKH3,TSRYS5774872,D,S,T,2024-04-10,1000000.00,4.947767,99.16774375
10:22:36,91282CKH3,TSRYS5774872,D,S,T,2024-04-10,2000000.00,4.947767,99.16774375
10:22:36,91282CKH3,TSRYS5774872,D,S,T,2024-04-10,1000000.00,4.947767,99.16774375
10:22:36,91282CKH3,TSRYS5774872,D,S,T,2024-04-10,1000000.00,4.947767,99.16774375
10:22:36,91282CKH3,TSRYS5774872,D,S,T,2024-04-10,1000000.00,4.947767,99.16774375
10:22:36,91282CKH3,TSRYS5774872,D,S,T,2024-04-10,1000000.00,4.947767,99.16774375
10:22:36,91282CKH3,TSRYS5774872,D,S,T,2024-04-10,1000000.00,4.947767,99.16774375
10:22:41,91282CKH3,TSRYS5774872,D,S,C,2024-04-10,18000.00,4.937334,99.187
10:22:41,91282CKH3,TSRYS5774872,D,S,T,2024-04-10,2000000.00,4.947645,99.16796875
10:22:43,91282CKH3,TSRYS5774872,D,S,C,2024-04-10,1000000.00,4.949761,99.1640625
10:22:43,91282CKH3,TSRYS5774872,D,S,C,2024-04-10,1000000.00,4.949761,99.1640625
10:22:43,91282CKH3,TSRYS5774872,D,B,C,2024-04-10,1000000.00,4.949924,99.1637625
10:22:43,91282CKH3,TSRYS5774872,D,S,C,2024-04-10,1000000.00,4.949761,99.1640625
10:22:43,91282CKH3,TSRYS5774872,D,S,C,2024-04-10,1000000.00,4.949761,99.1640625
10:22:43,91282CKH3,TSRYS5774872,D,B,C,2024-04-10,1000000.00,4.949761,99.1640625
10:22:43,91282CKH3,TSRYS5774872,D,B,C,2024-04-10,1000000.00,4.949761,99.1640625
10:22:43,91282CKH3,TSRYS5774872,D,S,C,2024-04-10,1000000.00,4.949761,99.1640625
10:22:43,91282CKH3,TSRYS5774872,D,S,C,2024-04-10,1000000.00,4.949761,99.1640625
10:22:43,91282CKH3,TSRYS5774872,D,B,C,2024-04-10,1000000.00,4.949761,99.1640625
10:22:43,91282CKH3,TSRYS5774872,D,B,C,2024-04-10,1000000.00,4.949761,99.1640625
10:22:43,91282CKH3,TSRYS5774872,D,B,C,2024-04-10,1000000.00,4.949761,99.1640625
10:22:43,91282CKH3,TSRYS5774872,D,B,C,2024-04-10,1000000.00,4.949761,99.1640625
10:22:43,91282CKH3,TSRYS5774872,D,S,C,2024-04-10,1000000.00,4.949761,99.1640625
10:22:45,91282CKH3,TSRYS5774872,D,S,C,2024-04-10,260000.00,4.947645,99.16796875
10:22:46,91282CKH3,TSRYS5774872,D,S,C,2024-04-10,1000000.00,4.948703,99.166015625
10:22:46,91282CKH3,TSRYS5774872,D,S,T,2024-04-10,6000000.00,4.949761,99.1640625
10:22:46,91282CKH3,TSRYS5774872,D,S,T,2024-04-10,1000000.00,4.947645,99.16796875
10:22:48,91282CKH3,TSRYS5774872,D,S,C,2024-04-10,2000000.00,4.946586,99.16992187
10:22:48,91282CKH3,TSRYS5774872,D,S,C,2024-04-10,2000000.00,4.947645,99.16796875
10:22:48,91282CKH3,TSRYS5774872,D,S,C,2024-04-10,2000000.00,4.947645,99.16796875
10:22:48,91282CKH3,TSRYS5774872,D,S,C,2024-04-10,1000000.00,4.947645,99.16796875
10:22:49,91282CKH3,TSRYS5774872,D,S,D,2024-04-10,1000000.00,4.948703,99.166015625
10:22:49,91282CKH3,TSRYS5774872,D,S,T,2024-04-10,2000000.00,4.949761,99.1640625
10:22:50,91282CKH3,TSRYS5774872,D,S,D,2024-04-10,251000.00,4.949761,99.1640625
10:22:50,91282CKH3,TSRYS5774872,D,S,T,2024-04-10,5000000.00,4.947645,99.16796875
10:22:50,91282CKH3,TSRYS5774872,D,S,T,2024-04-10,2000000.00,4.947645,99.16796875
10:22:50,91282CKH3,TSRYS5774872,D,S,T,2024-04-10,3000000.00,4.947645,99.16796875
10:22:50,91282CKH3,TSRYS5774872,D,S,T,2024-04-10,2000000.00,4.947645,99.16796875
10:22:50,91282CKH3,TSRYS5774872,D,B,C,2024-04-10,60000000.00,4.957555,99.14968
10:22:51,91282CKH3,TSRYS5774872,D,S,C,2024-04-10,1000000.00,4.949761,99.1640625
10:22:51,91282CKH3,TSRYS5774872,D,B,C,2024-04-10,1000000.00,4.949761,99.1640625
10:22:51,91282CKH3,TSRYS5774872,D,S,C,2024-04-10,1000000.00,4.949761,99.1640625
10:22:51,91282CKH3,TSRYS5774872,D,B,C,2024-04-10,1000000.00,4.949761,99.1640625
10:22:54,91282CKH3,TSRYS5774872,D,S,D,2024-04-10,2000000.00,4.949761,99.1640625
10:23:01,91282CKH3,TSRYS5774872,D,S,C,2024-04-10,2000000.00,4.947645,99.16796875
10:23:01,91282CKH3,TSRYS5774872,D,B,C,2024-04-10,2000000.00,4.947645,99.16796875
10:23:01,91282CKH3,TSRYS5774872,D,S,C,2024-04-10,1000000.00,4.947645,99.16796875
10:23:01,91282CKH3,TSRYS5774872,D,B,C,2024-04-10,1000000.00,4.947645,99.16796875
10:23:02,91282CKH3,TSRYS5774872,D,S,D,2024-04-10,1000000.00,4.947645,99.16796875
10:23:02,91282CKH3,TSRYS5774872,D,S,T,2024-04-10,2000000.00,4.948703,99.166015625
10:23:03,91282CKH3,TSRYS5774872,D,B,C,2024-04-10,1000000.00,4.949761,99.1640625
10:23:03,91282CKH3,TSRYS5774872,D,S,D,2024-04-10,1000000.00,4.949761,99.1640625
10:23:05,91282CKH3,TSRYS5774872,D,S,C,2024-04-10,5000000.00,4.948703,99.166015625
10:23:05,91282CKH3,TSRYS5774872,D,S,T,2024-04-10,5000000.00,4.948703,99.166015625
10:23:07,91282CKH3,TSRYS5774872,D,S,C,2024-04-10,2000000.00,4.948703,99.166015625
10:23:08,91282CKH3,TSRYS5774872,D,B,C,2024-04-10,2000000.00,4.947753,99.16776875
10:23:08,91282CKH3,TSRYS5774872,D,S,D,2024-04-10,2000000.00,4.947618,99.16801875
10:23:08,91282CKH3,TSRYS5774872,D,S,D,2024-04-10,1000000.00,4.947618,99.16801875
10:23:09,91282CKH3,TSRYS5774872,D,B,C,2024-04-10,1000000.00,4.948703,99.166015625
10:23:09,91282CKH3,TSRYS5774872,D,S,C,2024-04-10,1000000.00,4.948703,99.166015625
10:23:13,91282CKH3,TSRYS5774872,D,S,C,2024-04-10,10000.00,4.944674,99.173452
10:23:14,91282CKH3,TSRYS5774872,D,S,C,2024-04-10,44800000.00,4.878192,99.29626
10:23:14,91282CKH3,TSRYS5774872,D,S,C,2024-04-10,2900000.00,4.878192,99.29626
10:23:14,91282CKH3,TSRYS5774872,D,S,C,2024-04-10,3500000.00,4.878192,99.29626
10:23:14,91282CKH3,TSRYS5774872,D,S,C,2024-04-10,2800000.00,4.878192,99.29626
10:23:14,91282CKH3,TSRYS5774872,D,S,C,2024-04-10,6000000.00,4.947645,99.16796875
10:23:14,91282CKH3,TSRYS5774872,D,B,C,2024-04-10,6000000.00,4.947645,99.16796875
10:23:15,91282CKH3,TSRYS5774872,D,S,C,2024-04-10,2000000.00,4.947645,99.16796875
10:23:15,91282CKH3,TSRYS5774872,D,B,C,2024-04-10,2000000.00,4.947807,99.16766875
10:23:15,91282CKH3,TSRYS5774872,D,B,C,2024-04-10,1000000.00,4.947699,99.16786875
10:23:15,91282CKH3,TSRYS5774872,D,S,C,2024-04-10,1000000.00,4.947645,99.16796875
10:23:15,91282CKH3,TSRYS5774872,D,S,C,2024-04-10,1000000.00,4.947509,99.16821875
10:23:15,91282CKH3,TSRYS5774872,D,B,C,2024-04-10,2000000.00,4.947645,99.16796875
10:23:15,91282CKH3,TSRYS5774872,D,S,D,2024-04-10,2000000.00,4.947645,99.16796875
10:23:15,91282CKH3,TSRYS5774872,D,B,C,2024-04-10,1000000.00,4.947645,99.16796875
10:23:15,91282CKH3,TSRYS5774872,D,S,D,2024-04-10,1000000.00,4.947645,99.16796875
10:23:15,91282CKH3,TSRYS5774872,D,S,D,2024-04-10,1000000.00,4.947645,99.16796875
10:23:15,91282CKH3,TSRYS5774872,D,S,C,2024-04-10,3000000.00,4.947509,99.16821875
10:23:15,91282CKH3,TSRYS5774872,D,S,D,2024-04-10,2000000.00,4.947645,99.16796875
10:23:15,91282CKH3,TSRYS5774872,D,B,C,2024-04-10,1000000.00,4.947645,99.16796875
10:23:15,91282CKH3,TSRYS5774872,D,B,C,2024-04-10,2000000.00,4.947645,99.16796875
10:23:15,91282CKH3,TSRYS5774872,D,S,D,2024-04-10,2000000.00,4.947645,99.16796875
10:23:15,91282CKH3,TSRYS5774872,D,S,D,2024-04-10,2000000.00,4.947645,99.16796875
10:23:15,91282CKH3,TSRYS5774872,D,S,D,2024-04-10,1000000.00,4.947645,99.16796875
10:23:15,91282CKH3,TSRYS5774872,D,B,C,2024-04-10,1000000.00,4.947645,99.16796875
10:23:15,91282CKH3,TSRYS5774872,D,S,D,2024-04-10,1000000.00,4.947645,99.16796875
10:23:15,91282CKH3,TSRYS5774872,D,S,D,2024-04-10,2000000.00,4.947645,99.16796875
10:23:15,91282CKH3,TSRYS5774872,D,B,C,2024-04-10,2000000.00,4.947645,99.16796875
10:23:15,91282CKH3,TSRYS5774872,D,B,C,2024-04-10,1000000.00,4.947645,99.16796875
10:23:18,91282CKH3,TSRYS5774872,D,S,D,2024-04-10,100000.00,4.945528,99.171875
10:23:20,91282CKH3,TSRYS5774872,D,B,C,2024-04-10,5000000.00,4.946586,99.169921875
10:23:20,91282CKH3,TSRYS5774872,D,S,D,2024-04-10,5000000.00,4.946586,99.169921875
10:23:22,91282CKH3,TSRYS5774872,D,B,C,2024-04-10,1000000.00,4.94447,99.173828125
10:23:22,91282CKH3,TSRYS5774872,D,S,C,2024-04-10,1000000.00,4.94447,99.173828125
10:23:22,91282CKH3,TSRYS5774872,D,S,D,2024-04-10,1000000.00,4.945528,99.171875
10:23:22,91282CKH3,TSRYS5774872,D,B,C,2024-04-10,1000000.00,4.945582,99.171775
10:23:22,91282CKH3,TSRYS5774872,D,B,C,2024-04-10,1000000.00,4.944524,99.173728125
10:23:22,91282CKH3,TSRYS5774872,D,S,T,2024-04-10,2000000.00,4.94447,99.173828125
10:23:22,91282CKH3,TSRYS5774872,D,S,C,2024-04-10,1000000.00,4.94447,99.173828125
10:23:23,91282CKH3,TSRYS5774872,D,S,D,2024-04-10,1000000.00,4.94447,99.173828125
10:23:23,91282CKH3,TSRYS5774872,D,B,C,2024-04-10,4000000.00,4.945582,99.171775
10:23:23,91282CKH3,TSRYS5774872,D,B,C,2024-04-10,2000000.00,4.945582,99.171775
10:23:23,91282CKH3,TSRYS5774872,D,B,C,2024-04-10,5000000.00,4.945528,99.171875
10:23:23,91282CKH3,TSRYS5774872,D,S,D,2024-04-10,5000000.00,4.945528,99.171875
10:23:23,91282CKH3,TSRYS5774872,D,B,C,2024-04-10,1000000.00,4.945582,99.171775
10:23:23,91282CKH3,TSRYS5774872,D,S,D,2024-04-10,7000000.00,4.945528,99.171875
10:23:23,91282CKH3,TSRYS5774872,D,B,C,2024-04-10,1000000.00,4.945528,99.171875
10:23:23,91282CKH3,TSRYS5774872,D,S,D,2024-04-10,1000000.00,4.945528,99.171875
10:23:23,91282CKH3,TSRYS5774872,D,B,C,2024-04-10,1000000.00,4.945582,99.171775
10:23:23,91282CKH3,TSRYS5774872,D,B,C,2024-04-10,1000000.00,4.945528,99.171875
10:23:24,91282CKH3,TSRYS5774872,D,B,C,2024-04-10,2000000.00,4.945528,99.171875
10:23:24,91282CKH3,TSRYS5774872,D,S,D,2024-04-10,29000000.00,4.945528,99.171875
10:23:24,91282CKH3,TSRYS5774872,D,S,D,2024-04-10,1000000.00,4.945528,99.171875
10:23:24,91282CKH3,TSRYS5774872,D,S,D,2024-04-10,5000000.00,4.945528,99.171875
10:23:24,91282CKH3,TSRYS5774872,D,B,C,2024-04-10,1000000.00,4.945528,99.171875
10:23:24,91282CKH3,TSRYS5774872,D,S,D,2024-04-10,1000000.00,4.945528,99.171875
10:23:25,91282CKH3,TSRYS5774872,D,S,D,2024-04-10,2000000.00,4.945528,99.171875
10:23:25,91282CKH3,TSRYS5774872,D,B,C,2024-04-10,2000000.00,4.945582,99.171775
10:23:25,91282CKH3,TSRYS5774872,D,S,D,2024-04-10,5000000.00,4.945528,99.171875
10:23:25,91282CKH3,TSRYS5774872,D,S,T,2024-04-10,25000000.00,4.945528,99.171875
10:23:26,91282CKH3,TSRYS5774872,D,B,C,2024-04-10,4000000.00,4.94447,99.173828125
10:23:26,91282CKH3,TSRYS5774872,D,S,D,2024-04-10,4000000.00,4.94447,99.173828125
10:23:26,91282CKH3,TSRYS5774872,D,B,C,2024-04-10,1000000.00,4.94447,99.173828125
10:23:26,91282CKH3,TSRYS5774872,D,S,C,2024-04-10,5000000.00,4.94447,99.173828125
10:23:26,91282CKH3,TSRYS5774872,D,S,C,2024-04-10,1000000.00,4.94447,99.173828125
10:23:26,91282CKH3,TSRYS5774872,D,S,C,2024-04-10,1000000.00,4.94447,99.173828125
10:23:26,91282CKH3,TSRYS5774872,D,S,C,2024-04-10,1000000.00,4.94447,99.173828125
10:23:26,91282CKH3,TSRYS5774872,D,S,T,2024-04-10,3000000.00,4.94447,99.173828125
10:23:26,91282CKH3,TSRYS5774872,D,S,C,2024-04-10,4000000.00,4.944416,99.173928125
10:23:27,91282CKH3,TSRYS5774872,D,S,T,2024-04-10,7000000.00,4.946647,99.16981013
10:23:27,91282CKH3,TSRYS5774872,D,S,C,2024-04-10,3000000.00,4.944416,99.173928125
10:23:27,91282CKH3,TSRYS5774872,D,S,T,2024-04-10,1000000.00,4.94447,99.173828125
10:23:27,91282CKH3,TSRYS5774872,D,B,C,2024-04-10,1000000.00,4.945528,99.171875
10:23:27,91282CKH3,TSRYS5774872,D,S,C,2024-04-10,1000000.00,4.945528,99.171875
10:23:27,91282CKH3,TSRYS5774872,D,B,C,2024-04-10,1000000.00,4.94447,99.173828125
10:23:27,91282CKH3,TSRYS5774872,D,S,D,2024-04-10,1000000.00,4.94447,99.173828125
10:23:27,91282CKH3,TSRYS5774872,D,S,C,2024-04-10,2000000.00,4.94447,99.173828125
10:23:27,91282CKH3,TSRYS5774872,D,S,T,2024-04-10,1000000.00,4.94447,99.173828125
10:23:27,91282CKH3,TSRYS5774872,D,S,C,2024-04-10,1000000.00,4.94447,99.173828125
10:23:27,91282CKH3,TSRYS5774872,D,S,C,2024-04-10,1000000.00,4.94447,99.173828125
10:23:27,91282CKH3,TSRYS5774872,D,B,C,2024-04-10,1000000.00,4.94447,99.173828125
10:23:27,91282CKH3,TSRYS5774872,D,S,C,2024-04-10,1000000.00,4.94447,99.173828125
10:23:27,91282CKH3,TSRYS5774872,D,S,C,2024-04-10,1000000.00,4.94447,99.173828125
10:23:27,91282CKH3,TSRYS5774872,D,S,C,2024-04-10,1000000.00,4.94447,99.173828125
10:23:27,91282CKH3,TSRYS5774872,D,S,C,2024-04-10,1000000.00,4.94447,99.173828125
10:23:27,91282CKH3,TSRYS5774872,D,S,C,2024-04-10,3000000.00,4.944416,99.173928125
10:23:28,91282CKH3,TSRYS5774872,D,S,C,2024-04-10,1000000.00,4.944362,99.174028125
10:23:28,91282CKH3,TSRYS5774872,D,B,C,2024-04-10,2000000.00,4.94447,99.173828125
10:23:28,91282CKH3,TSRYS5774872,D,S,D,2024-04-10,2000000.00,4.944443,99.173878125
10:23:28,91282CKH3,TSRYS5774872,D,S,D,2024-04-10,5000000.00,4.944443,99.173878125
10:23:28,91282CKH3,TSRYS5774872,D,S,C,2024-04-10,1000000.00,4.94447,99.173828125
10:23:29,91282CKH3,TSRYS5774872,D,S,C,2024-04-10,1000000.00,4.94447,99.173828125
10:23:29,91282CKH3,TSRYS5774872,D,S,C,2024-04-10,1000000.00,4.94447,99.173828125
10:23:29,91282CKH3,TSRYS5774872,D,S,T,2024-04-10,5000000.00,4.945528,99.171875
10:23:30,91282CKH3,TSRYS5774872,D,S,C,2024-04-10,1000000.00,4.94447,99.173828125
10:23:31,91282CKH3,TSRYS5774872,D,S,T,2024-04-10,1000000.00,4.94447,99.173828125
10:23:31,91282CKH3,TSRYS5774872,D,S,D,2024-04-10,1000000.00,4.94447,99.173828125
10:23:31,91282CKH3,TSRYS5774872,D,S,D,2024-04-10,5000000.00,4.94447,99.173828125
10:23:31,91282CKH3,TSRYS5774872,D,S,D,2024-04-10,3000000.00,4.94447,99.173828125
10:23:31,91282CKH3,TSRYS5774872,D,S,D,2024-04-10,1000000.00,4.94447,99.173828125
10:23:31,91282CKH3,TSRYS5774872,D,B,C,2024-04-10,3000000.00,4.944578,99.173628125
10:23:31,91282CKH3,TSRYS5774872,D,S,D,2024-04-10,3000000.00,4.944443,99.173878125
10:23:31,91282CKH3,TSRYS5774872,D,S,C,2024-04-10,1000000.00,4.94447,99.173828125
10:23:33,91282CKH3,TSRYS5774872,D,B,C,2024-04-10,1000000.00,4.947645,99.16796875
10:23:33,91282CKH3,TSRYS5774872,D,S,C,2024-04-10,1000000.00,4.947645,99.16796875
10:23:33,91282CKH3,TSRYS5774872,D,B,C,2024-04-10,1000000.00,4.947645,99.16796875
10:23:33,91282CKH3,TSRYS5774872,D,S,C,2024-04-10,1000000.00,4.947645,99.16796875
10:23:33,91282CKH3,TSRYS5774872,D,S,C,2024-04-10,2000000.00,4.947645,99.16796875
10:23:33,91282CKH3,TSRYS5774872,D,B,C,2024-04-10,1000000.00,4.947645,99.16796875
10:23:33,91282CKH3,TSRYS5774872,D,S,D,2024-04-10,1000000.00,4.947589,99.16807075
10:23:33,91282CKH3,TSRYS5774872,D,S,D,2024-04-10,1000000.00,4.947589,99.16807075
10:23:33,91282CKH3,TSRYS5774872,D,B,C,2024-04-10,1000000.00,4.947699,99.16786875
10:23:33,91282CKH3,TSRYS5774872,D,S,C,2024-04-10,1000000.00,4.94759,99.16806875
10:23:33,91282CKH3,TSRYS5774872,D,B,C,2024-04-10,1000000.00,4.947699,99.16786875
10:23:33,91282CKH3,TSRYS5774872,D,S,D,2024-04-10,1000000.00,4.947589,99.16807075
10:23:34,91282CKH3,TSRYS5774872,D,S,C,2024-04-10,2000000.00,4.947509,99.16821875
10:23:34,91282CKH3,TSRYS5774872,D,S,C,2024-04-10,1000000.00,4.947645,99.16796875
10:23:34,91282CKH3,TSRYS5774872,D,B,C,2024-04-10,1000000.00,4.947807,99.16766875
10:23:34,91282CKH3,TSRYS5774872,D,S,D,2024-04-10,2000000.00,4.947645,99.16796875
10:23:34,91282CKH3,TSRYS5774872,D,S,D,2024-04-10,1000000.00,4.947645,99.16796875
10:23:34,91282CKH3,TSRYS5774872,D,B,C,2024-04-10,1000000.00,4.947645,99.16796875
10:23:34,91282CKH3,TSRYS5774872,D,S,D,2024-04-10,1000000.00,4.947645,99.16796875
10:23:34,91282CKH3,TSRYS5774872,D,B,C,2024-04-10,1000000.00,4.947645,99.16796875
10:23:34,91282CKH3,TSRYS5774872,D,S,D,2024-04-10,1000000.00,4.947522,99.16819575
10:23:34,91282CKH3,TSRYS5774872,D,S,T,2024-04-10,2000000.00,4.945528,99.171875
10:23:34,91282CKH3,TSRYS5774872,D,S,T,2024-04-10,1000000.00,4.945528,99.171875
10:23:34,91282CKH3,TSRYS5774872,D,S,T,2024-04-10,5000000.00,4.945528,99.171875
10:23:34,91282CKH3,TSRYS5774872,D,B,C,2024-04-10,2000000.00,4.947645,99.16796875
10:23:34,91282CKH3,TSRYS5774872,D,S,T,2024-04-10,1000000.00,4.94447,99.173828125
10:23:34,91282CKH3,TSRYS5774872,D,S,T,2024-04-10,1000000.00,4.94447,99.173828125
10:23:34,91282CKH3,TSRYS5774872,D,S,T,2024-04-10,1000000.00,4.94447,99.173828125
10:23:35,91282CKH3,TSRYS5774872,D,S,D,2024-04-10,1500000.00,4.949761,99.1640625
10:23:35,91282CKH3,TSRYS5774872,D,S,T,2024-04-10,1000000.00,4.944565,99.173653125
10:23:35,91282CKH3,TSRYS5774872,D,S,T,2024-04-10,1000000.00,4.944565,99.173653125
10:23:35,91282CKH3,TSRYS5774872,D,S,T,2024-04-10,1000000.00,4.944565,99.173653125
10:23:35,91282CKH3,TSRYS5774872,D,S,T,2024-04-10,1000000.00,4.944565,99.173653125
10:23:35,91282CKH3,TSRYS5774872,D,S,T,2024-04-10,5000000.00,4.94447,99.173828125
10:23:37,91282CKH3,TSRYS5774872,D,S,C,2024-04-10,2000000.00,4.947645,99.16796875
10:23:37,91282CKH3,TSRYS5774872,D,S,C,2024-04-10,1000000.00,4.947645,99.16796875
10:23:37,91282CKH3,TSRYS5774872,D,S,D,2024-04-10,1000000.00,4.947645,99.16796875
10:23:37,91282CKH3,TSRYS5774872,D,S,D,2024-04-10,2000000.00,4.947645,99.16796875
10:23:37,91282CKH3,TSRYS5774872,D,S,D,2024-04-10,1000000.00,4.947645,99.16796875
10:23:38,91282CKH3,TSRYS5774872,D,S,D,2024-04-10,1000000.00,4.947645,99.16796875
10:23:38,91282CKH3,TSRYS5774872,D,B,C,2024-04-10,2000000.00,4.947645,99.16796875
10:23:38,91282CKH3,TSRYS5774872,D,S,D,2024-04-10,2000000.00,4.947645,99.16796875
10:23:38,91282CKH3,TSRYS5774872,D,S,D,2024-04-10,2000000.00,4.947645,99.16796875
10:23:38,91282CKH3,TSRYS5774872,D,S,D,2024-04-10,1000000.00,4.947645,99.16796875
10:23:39,91282CKH3,TSRYS5774872,D,S,D,2024-04-10,5000000.00,4.947645,99.16796875
10:23:39,91282CKH3,TSRYS5774872,D,S,D,2024-04-10,1000000.00,4.945528,99.171875
10:23:39,91282CKH3,TSRYS5774872,D,B,C,2024-04-10,2000000.00,4.945528,99.171875
10:23:39,91282CKH3,TSRYS5774872,D,S,D,2024-04-10,1000000.00,4.945528,99.171875
10:23:39,91282CKH3,TSRYS5774872,D,S,D,2024-04-10,2000000.00,4.945528,99.171875
10:23:40,91282CKH3,TSRYS5774872,D,S,A,2024-04-10,25000.00,4.945528,99.171875
10:23:40,91282CKH3,TSRYS5774872,D,B,C,2024-04-10,2000000.00,4.947645,99.16796875
10:23:41,91282CKH3,TSRYS5774872,D,B,C,2024-04-10,3000000.00,4.947699,99.16786875
10:23:41,91282CKH3,TSRYS5774872,D,B,C,2024-04-10,1000000.00,4.947699,99.16786875
10:23:41,91282CKH3,TSRYS5774872,D,B,C,2024-04-10,1000000.00,4.947645,99.16796875
10:23:41,91282CKH3,TSRYS5774872,D,B,C,2024-04-10,1000000.00,4.947645,99.16796875
10:23:41,91282CKH3,TSRYS5774872,D,S,D,2024-04-10,8000000.00,4.947645,99.16796875
10:23:41,91282CKH3,TSRYS5774872,D,S,D,2024-04-10,1000000.00,4.947645,99.16796875
10:23:41,91282CKH3,TSRYS5774872,D,S,D,2024-04-10,1000000.00,4.947645,99.16796875
10:23:41,91282CKH3,TSRYS5774872,D,B,C,2024-04-10,1000000.00,4.947645,99.16796875
10:23:42,91282CKH3,TSRYS5774872,D,S,D,2024-04-10,1000000.00,4.947645,99.16796875
10:23:42,91282CKH3,TSRYS5774872,D,B,C,2024-04-10,1000000.00,4.947645,99.16796875
10:23:42,91282CKH3,TSRYS5774872,D,S,C,2024-04-10,1000000.00,4.947645,99.16796875
10:23:42,91282CKH3,TSRYS5774872,D,B,C,2024-04-10,1000000.00,4.947645,99.16796875
10:23:42,91282CKH3,TSRYS5774872,D,S,C,2024-04-10,1000000.00,4.947645,99.16796875
10:23:42,91282CKH3,TSRYS5774872,D,B,C,2024-04-10,1000000.00,4.947645,99.16796875
10:23:42,91282CKH3,TSRYS5774872,D,S,C,2024-04-10,1000000.00,4.947645,99.16796875
10:23:42,91282CKH3,TSRYS5774872,D,B,C,2024-04-10,1000000.00,4.947645,99.16796875
10:23:42,91282CKH3,TSRYS5774872,D,S,C,2024-04-10,1000000.00,4.947645,99.16796875
10:23:42,91282CKH3,TSRYS5774872,D,B,C,2024-04-10,1000000.00,4.947645,99.16796875
10:23:43,91282CKH3,TSRYS5774872,D,B,C,2024-04-10,1000000.00,4.947645,99.16796875
10:23:43,91282CKH3,TSRYS5774872,D,S,D,2024-04-10,1000000.00,4.947645,99.16796875
10:23:44,91282CKH3,TSRYS5774872,D,B,C,2024-04-10,1000000.00,4.947645,99.16796875
10:23:44,91282CKH3,TSRYS5774872,D,S,D,2024-04-10,1000000.00,4.947645,99.16796875
10:23:44,91282CKH3,TSRYS5774872,D,S,D,2024-04-10,1000000.00,4.947645,99.16796875
10:23:44,91282CKH3,TSRYS5774872,D,B,C,2024-04-10,1000000.00,4.947645,99.16796875
10:23:44,91282CKH3,TSRYS5774872,D,S,D,2024-04-10,1000000.00,4.947645,99.16796875
10:23:44,91282CKH3,TSRYS5774872,D,B,C,2024-04-10,1000000.00,4.947645,99.16796875
10:23:44,91282CKH3,TSRYS5774872,D,S,D,2024-04-10,1000000.00,4.947645,99.16796875
10:23:44,91282CKH3,TSRYS5774872,D,B,C,2024-04-10,1000000.00,4.947645,99.16796875
10:23:47,91282CKH3,TSRYS5774872,D,S,C,2024-04-10,1000000.00,4.947645,99.16796875
10:23:47,91282CKH3,TSRYS5774872,D,S,C,2024-04-10,1000000.00,4.947645,99.16796875
10:23:47,91282CKH3,TSRYS5774872,D,S,C,2024-04-10,1000000.00,4.947509,99.16821875
10:23:47,91282CKH3,TSRYS5774872,D,S,C,2024-04-10,1000000.00,4.94759,99.16806875
10:23:47,91282CKH3,TSRYS5774872,D,S,C,2024-04-10,2000000.00,4.947645,99.16796875
10:23:47,91282CKH3,TSRYS5774872,D,S,C,2024-04-10,1000000.00,4.947645,99.16796875
10:23:47,91282CKH3,TSRYS5774872,D,S,C,2024-04-10,1000000.00,4.947645,99.16796875
10:23:47,91282CKH3,TSRYS5774872,D,S,C,2024-04-10,1000000.00,4.947509,99.16821875
10:23:47,91282CKH3,TSRYS5774872,D,S,D,2024-04-10,6000000.00,4.949761,99.1640625
10:23:47,91282CKH3,TSRYS5774872,D,S,D,2024-04-10,2000000.00,4.949761,99.1640625
10:23:47,91282CKH3,TSRYS5774872,D,B,C,2024-04-10,2000000.00,4.949883,99.1638375
10:23:47,91282CKH3,TSRYS5774872,D,B,C,2024-04-10,1000000.00,4.949761,99.1640625
10:23:47,91282CKH3,TSRYS5774872,D,S,D,2024-04-10,1000000.00,4.949761,99.1640625
10:23:47,91282CKH3,TSRYS5774872,D,S,D,2024-04-10,1000000.00,4.949761,99.1640625
10:23:47,91282CKH3,TSRYS5774872,D,B,C,2024-04-10,1000000.00,4.949761,99.1640625
10:23:47,91282CKH3,TSRYS5774872,D,S,D,2024-04-10,2000000.00,4.949761,99.1640625
10:23:47,91282CKH3,TSRYS5774872,D,B,C,2024-04-10,1000000.00,4.949761,99.1640625
10:23:47,91282CKH3,TSRYS5774872,D,B,C,2024-04-10,2000000.00,4.949761,99.1640625
10:23:47,91282CKH3,TSRYS5774872,D,S,D,2024-04-10,1000000.00,4.949761,99.1640625
10:23:47,91282CKH3,TSRYS5774872,D,B,C,2024-04-10,1000000.00,4.949815,99.1639625
10:23:47,91282CKH3,TSRYS5774872,D,S,D,2024-04-10,1000000.00,4.949761,99.1640625
10:23:47,91282CKH3,TSRYS5774872,D,B,C,2024-04-10,1000000.00,4.949761,99.1640625
10:23:47,91282CKH3,TSRYS5774872,D,S,D,2024-04-10,2000000.00,4.947645,99.16796875
10:23:47,91282CKH3,TSRYS5774872,D,S,T,2024-04-10,2000000.00,4.946586,99.169921875
10:23:49,91282CKH3,TSRYS5774872,D,S,C,2024-04-10,251000.00,4.897726,99.2601555
10:23:50,91282CKH3,TSRYS5774872,D,S,T,2024-04-10,1000000.00,4.94447,99.173828125
10:23:50,91282CKH3,TSRYS5774872,D,S,T,2024-04-10,1000000.00,4.94447,99.173828125
10:23:50,91282CKH3,TSRYS5774872,D,S,D,2024-04-10,1000000.00,4.94447,99.173828125
10:23:50,91282CKH3,TSRYS5774872,D,S,T,2024-04-10,2000000.00,4.944524,99.173728125
10:23:50,91282CKH3,TSRYS5774872,D,S,T,2024-04-10,3000000.00,4.944524,99.173728125
10:23:50,91282CKH3,TSRYS5774872,D,S,T,2024-04-10,1000000.00,4.944524,99.173728125
10:23:50,91282CKH3,TSRYS5774872,D,S,T,2024-04-10,3000000.00,4.944524,99.173728125
10:23:50,91282CKH3,TSRYS5774872,D,S,T,2024-04-10,1000000.00,4.944524,99.173728125
10:23:50,91282CKH3,TSRYS5774872,D,S,T,2024-04-10,1000000.00,4.944524,99.173728125
10:23:50,91282CKH3,TSRYS5774872,D,S,T,2024-04-10,1000000.00,4.944524,99.173728125
10:23:50,91282CKH3,TSRYS5774872,D,S,T,2024-04-10,2000000.00,4.944524,99.173728125
10:23:50,91282CKH3,TSRYS5774872,D,S,T,2024-04-10,3000000.00,4.944524,99.173728125
10:23:50,91282CKH3,TSRYS5774872,D,S,T,2024-04-10,1000000.00,4.944524,99.173728125
10:23:50,91282CKH3,TSRYS5774872,D,S,T,2024-04-10,1000000.00,4.944565,99.173653125
10:23:50,91282CKH3,TSRYS5774872,D,S,T,2024-04-10,3000000.00,4.944565,99.173653125
10:23:50,91282CKH3,TSRYS5774872,D,S,T,2024-04-10,1000000.00,4.944565,99.173653125
10:23:52,91282CKH3,TSRYS5774872,D,S,C,2024-04-10,2000000.00,4.94447,99.17382812
10:23:52,91282CKH3,TSRYS5774872,D,S,C,2024-04-10,2000000.00,4.946586,99.169921875
10:23:53,91282CKH3,TSRYS5774872,D,S,T,2024-04-10,5000000.00,4.946586,99.169921875
10:23:54,91282CKH3,TSRYS5774872,D,S,T,2024-04-10,5000000.00,4.946586,99.169921875
10:23:55,91282CKH3,TSRYS5774872,D,S,T,2024-04-10,2000000.00,4.945582,99.171775
10:23:55,91282CKH3,TSRYS5774872,D,S,C,2024-04-10,25000.00,4.945528,99.191875
10:23:55,91282CKH3,TSRYS5774872,D,S,T,2024-04-10,6000000.00,4.945528,99.171875
10:23:55,91282CKH3,TSRYS5774872,D,S,T,2024-04-10,6000000.00,4.945528,99.171875
10:23:56,91282CKH3,TSRYS5774872,D,S,C,2024-04-10,2000000.00,4.945528,99.171875
10:23:56,91282CKH3,TSRYS5774872,D,S,D,2024-04-10,4000000.00,4.945528,99.171875
10:23:56,91282CKH3,TSRYS5774872,D,B,C,2024-04-10,4000000.00,4.945528,99.171875
10:23:56,91282CKH3,TSRYS5774872,D,S,D,2024-04-10,4000000.00,4.945528,99.171875
10:23:57,91282CKH3,TSRYS5774872,D,B,C,2024-04-10,4000000.00,4.945637,99.171675
10:23:57,91282CKH3,TSRYS5774872,D,S,D,2024-04-10,1000000.00,4.945528,99.171875
10:23:57,91282CKH3,TSRYS5774872,D,B,C,2024-04-10,1000000.00,4.945528,99.171875
10:23:57,91282CKH3,TSRYS5774872,D,S,D,2024-04-10,6000000.00,4.945528,99.171875
10:23:57,91282CKH3,TSRYS5774872,D,S,D,2024-04-10,5000000.00,4.946586,99.169921875
10:23:59,91282CKH3,TSRYS5774872,D,S,D,2024-04-10,5000000.00,4.946586,99.169921875
10:23:59,91282CKH3,TSRYS5774872,D,S,D,2024-04-10,1000000.00,4.946586,99.169921875
10:23:59,91282CKH3,TSRYS5774872,D,S,D,2024-04-10,2000000.00,4.946586,99.169921875
10:24:00,91282CKH3,TSRYS5774872,D,B,C,2024-04-10,1000000.00,4.945528,99.171875
10:24:00,91282CKH3,TSRYS5774872,D,S,D,2024-04-10,1000000.00,4.945528,99.171875
10:24:00,91282CKH3,TSRYS5774872,D,S,D,2024-04-10,1000000.00,4.945528,99.171875
10:24:00,91282CKH3,TSRYS5774872,D,B,C,2024-04-10,1000000.00,4.945528,99.171675
10:24:00,91282CKH3,TSRYS5774872,D,S,D,2024-04-10,1000000.00,4.945528,99.171875
10:24:00,91282CKH3,TSRYS5774872,D,S,D,2024-04-10,4000000.00,4.945528,99.171875
10:24:00,91282CKH3,TSRYS5774872,D,S,D,2024-04-10,5000000.00,4.945528,99.171875
10:24:00,91282CKH3,TSRYS5774872,D,S,D,2024-04-10,1000000.00,4.945528,99.171875
10:24:00,91282CKH3,TSRYS5774872,D,S,D,2024-04-10,1000000.00,4.945528,99.171875
10:24:00,91282CKH3,TSRYS5774872,D,S,D,2024-04-10,2000000.00,4.945528,99.171875
10:24:00,91282CKH3,TSRYS5774872,D,S,C,2024-04-10,1000000.00,4.945528,99.171875
10:24:00,91282CKH3,TSRYS5774872,D,S,C,2024-04-10,1000000.00,4.945528,99.171875
10:24:00,91282CKH3,TSRYS5774872,D,S,C,2024-04-10,1000000.00,4.945528,99.171875
10:24:00,91282CKH3,TSRYS5774872,D,S,D,2024-04-10,1000000.00,4.945528,99.171875
10:24:00,91282CKH3,TSRYS5774872,D,S,C,2024-04-10,1000000.00,4.945528,99.171875
10:24:02,91282CKH3,TSRYS5774872,D,S,D,2024-04-10,25000.00,4.945528,99.171875
10:24:03,91282CKH3,TSRYS5774872,D,B,C,2024-04-10,1000000.00,4.949761,99.1640625
10:24:03,91282CKH3,TSRYS5774872,D,S,D,2024-04-10,1000000.00,4.949761,99.1640625
10:24:03,91282CKH3,TSRYS5774872,D,S,C,2024-04-10,1000000.00,4.949761,99.1640625
10:24:03,91282CKH3,TSRYS5774872,D,B,C,2024-04-10,1000000.00,4.949761,99.1640625
10:24:03,91282CKH3,TSRYS5774872,D,B,C,2024-04-10,1000000.00,4.949815,99.1639625
10:24:03,91282CKH3,TSRYS5774872,D,S,D,2024-04-10,1000000.00,4.949761,99.1640625
10:24:03,91282CKH3,TSRYS5774872,D,S,D,2024-04-10,1000000.00,4.949638,99.1642895
10:24:03,91282CKH3,TSRYS5774872,D,B,C,2024-04-10,1000000.00,4.949761,99.1640625
10:24:03,91282CKH3,TSRYS5774872,D,B,C,2024-04-10,2000000.00,4.949761,99.1640625
10:24:03,91282CKH3,TSRYS5774872,D,S,D,2024-04-10,1000000.00,4.949761,99.1640625
10:24:03,91282CKH3,TSRYS5774872,D,S,C,2024-04-10,2000000.00,4.949761,99.1640625
10:24:03,91282CKH3,TSRYS5774872,D,S,D,2024-04-10,1000000.00,4.949761,99.1640625
10:24:03,91282CKH3,TSRYS5774872,D,B,C,2024-04-10,2000000.00,4.949761,99.1640625
10:24:03,91282CKH3,TSRYS5774872,D,B,C,2024-04-10,2000000.00,4.949761,99.1640625
10:24:03,91282CKH3,TSRYS5774872,D,B,C,2024-04-10,1000000.00,4.949761,99.1640625
10:24:03,91282CKH3,TSRYS5774872,D,S,D,2024-04-10,2000000.00,4.949761,99.1640625
10:24:03,91282CKH3,TSRYS5774872,D,S,D,2024-04-10,2000000.00,4.949761,99.1640625
10:24:03,91282CKH3,TSRYS5774872,D,S,D,2024-04-10,2000000.00,4.945528,99.171875
10:24:03,91282CKH3,TSRYS5774872,D,B,C,2024-04-10,2000000.00,4.945528,99.171875
10:24:03,91282CKH3,TSRYS5774872,D,S,C,2024-04-10,1000000.00,4.943249,99.17608125
10:24:03,91282CKH3,TSRYS5774872,D,S,C,2024-04-10,1000000.00,4.94329,99.17600625
10:24:03,91282CKH3,TSRYS5774872,D,B,C,2024-04-10,1000000.00,4.94352,99.17558125
10:24:03,91282CKH3,TSRYS5774872,D,B,C,2024-04-10,1000000.00,4.943412,99.17578125
10:24:03,91282CKH3,TSRYS5774872,D,B,C,2024-04-10,1000000.00,4.943412,99.17578125
10:24:03,91282CKH3,TSRYS5774872,D,S,C,2024-04-10,4000000.00,4.94329,99.17600625
10:24:03,91282CKH3,TSRYS5774872,D,B,C,2024-04-10,2000000.00,4.945582,99.171775
10:24:03,91282CKH3,TSRYS5774872,D,S,D,2024-04-10,2000000.00,4.945528,99.171875
10:24:03,91282CKH3,TSRYS5774872,D,S,D,2024-04-10,2000000.00,4.947645,99.16796875
10:24:04,91282CKH3,TSRYS5774872,D,S,C,2024-04-10,162600000.00,4.948784,99.165866
10:24:09,91282CKH3,TSRYS5774872,D,S,D,2024-04-10,3000000.00,4.94447,99.17382812
10:24:09,91282CKH3,TSRYS5774872,D,S,D,2024-04-10,1000000.00,4.94447,99.17382812
10:24:09,91282CKH3,TSRYS5774872,D,S,D,2024-04-10,3000000.00,4.948703,99.16601562
10:24:09,91282CKH3,TSRYS5774872,D,S,D,2024-04-10,2000000.00,4.948703,99.16601562
10:24:09,91282CKH3,TSRYS5774872,D,S,D,2024-04-10,1000000.00,4.94447,99.17382812
10:24:09,91282CKH3,TSRYS5774872,D,S,C,2024-04-10,1000000.00,4.94447,99.17382812
10:24:11,91282CKH3,TSRYS5774872,D,S,C,2024-04-10,1000000.00,4.94447,99.17382812
10:24:11,91282CKH3,TSRYS5774872,D,S,D,2024-04-10,5000000.00,4.94447,99.17382812
10:24:13,91282CKH3,TSRYS5774872,D,S,T,2024-04-10,1000000.00,4.946586,99.16992187
10:24:14,91282CKH3,TSRYS5774872,D,S,D,2024-04-10,3000000.00,4.948703,99.16601562
10:24:14,91282CKH3,TSRYS5774872,D,S,T,2024-04-10,2000000.00,4.946586,99.16992187
10:24:14,91282CKH3,TSRYS5774872,D,S,D,2024-04-10,1000000.00,4.94447,99.173828125
10:24:15,91282CKH3,TSRYS5774872,D,S,C,2024-04-10,2000000.00,4.94447,99.173828125
10:24:17,91282CKH3,TSRYS5774872,D,S,T,2024-04-10,1000000.00,4.94447,99.173828125
10:24:18,91282CKH3,TSRYS5774872,D,S,D,2024-04-10,1000000.00,4.947522,99.16819575
10:24:18,91282CKH3,TSRYS5774872,D,B,C,2024-04-10,1000000.00,4.949842,99.1639125
10:24:18,91282CKH3,TSRYS5774872,D,S,C,2024-04-10,1000000.00,4.949761,99.1640625
10:24:18,91282CKH3,TSRYS5774872,D,S,D,2024-04-10,1000000.00,4.949761,99.1640625
10:24:18,91282CKH3,TSRYS5774872,D,B,C,2024-04-10,1000000.00,4.949842,99.1639125
10:24:18,91282CKH3,TSRYS5774872,D,B,C,2024-04-10,2000000.00,4.949842,99.1639125
10:24:18,91282CKH3,TSRYS5774872,D,S,D,2024-04-10,2000000.00,4.949761,99.1640625
10:24:18,91282CKH3,TSRYS5774872,D,S,C,2024-04-10,1000000.00,4.949707,99.1641625
10:24:18,91282CKH3,TSRYS5774872,D,B,C,2024-04-10,1000000.00,4.949842,99.1639125
10:24:18,91282CKH3,TSRYS5774872,D,S,C,2024-04-10,7000000.00,4.946566,99.16996013
10:24:18,91282CKH3,TSRYS5774872,D,S,D,2024-04-10,2000000.00,4.945528,99.171875
10:24:18,91282CKH3,TSRYS5774872,D,B,C,2024-04-10,2000000.00,4.945691,99.171575
10:24:18,91282CKH3,TSRYS5774872,D,S,D,2024-04-10,3000000.00,4.945528,99.171875
10:24:18,91282CKH3,TSRYS5774872,D,S,D,2024-04-10,5000000.00,4.945528,99.171875
10:24:18,91282CKH3,TSRYS5774872,D,S,D,2024-04-10,1000000.00,4.945528,99.171875
10:24:19,91282CKH3,TSRYS5774872,D,B,C,2024-04-10,5000000.00,4.945528,99.171875
10:24:19,91282CKH3,TSRYS5774872,D,B,C,2024-04-10,1000000.00,4.945528,99.171875
10:24:19,91282CKH3,TSRYS5774872,D,B,C,2024-04-10,1000000.00,4.945528,99.171875
10:24:19,91282CKH3,TSRYS5774872,D,B,C,2024-04-10,1000000.00,4.945528,99.171875
10:24:19,91282CKH3,TSRYS5774872,D,B,C,2024-04-10,3000000.00,4.945528,99.171875
10:24:19,91282CKH3,TSRYS5774872,D,S,D,2024-04-10,1000000.00,4.945528,99.171875
10:24:19,91282CKH3,TSRYS5774872,D,S,C,2024-04-10,1000000.00,4.94329,99.17600625
10:24:19,91282CKH3,TSRYS5774872,D,B,C,2024-04-10,1000000.00,4.945528,99.171875
10:24:19,91282CKH3,TSRYS5774872,D,B,C,2024-04-10,4000000.00,4.94352,99.17558125
10:24:19,91282CKH3,TSRYS5774872,D,S,C,2024-04-10,5000000.00,4.945406,99.1721
10:24:19,91282CKH3,TSRYS5774872,D,S,D,2024-04-10,1000000.00,4.945447,99.172025
10:24:19,91282CKH3,TSRYS5774872,D,B,C,2024-04-10,1000000.00,4.945528,99.171875
10:24:19,91282CKH3,TSRYS5774872,D,B,C,2024-04-10,1000000.00,4.945528,99.171875
10:24:19,91282CKH3,TSRYS5774872,D,S,D,2024-04-10,2000000.00,4.945528,99.171875
10:24:19,91282CKH3,TSRYS5774872,D,S,C,2024-04-10,1000000.00,4.945406,99.1721
10:24:19,91282CKH3,TSRYS5774872,D,B,C,2024-04-10,2000000.00,4.945637,99.171675
10:24:19,91282CKH3,TSRYS5774872,D,S,C,2024-04-10,1000000.00,4.945528,99.171875
10:24:19,91282CKH3,TSRYS5774872,D,B,C,2024-04-10,1000000.00,4.945528,99.171875
10:24:19,91282CKH3,TSRYS5774872,D,S,D,2024-04-10,1000000.00,4.945528,99.171875
10:24:19,91282CKH3,TSRYS5774872,D,S,D,2024-04-10,1000000.00,4.945528,99.171875
10:24:19,91282CKH3,TSRYS5774872,D,S,D,2024-04-10,10000.00,4.935168,99.191
10:24:19,91282CKH3,TSRYS5774872,D,B,C,2024-04-10,2000000.00,4.947645,99.16796875
10:24:19,91282CKH3,TSRYS5774872,D,B,C,2024-04-10,1000000.00,4.947645,99.16796875
10:24:19,91282CKH3,TSRYS5774872,D,B,C,2024-04-10,2000000.00,4.947645,99.16796875
10:24:19,91282CKH3,TSRYS5774872,D,S,D,2024-04-10,1000000.00,4.947645,99.16796875
10:24:19,91282CKH3,TSRYS5774872,D,B,C,2024-04-10,3000000.00,4.947645,99.16796875
10:24:19,91282CKH3,TSRYS5774872,D,S,D,2024-04-10,2000000.00,4.947645,99.16796875
10:24:19,91282CKH3,TSRYS5774872,D,B,C,2024-04-10,2000000.00,4.947645,99.16796875
10:24:19,91282CKH3,TSRYS5774872,D,S,D,2024-04-10,3000000.00,4.947645,99.16796875
10:24:19,91282CKH3,TSRYS5774872,D,S,D,2024-04-10,1000000.00,4.947645,99.16796875
10:24:19,91282CKH3,TSRYS5774872,D,B,C,2024-04-10,1000000.00,4.947645,99.16796875
10:24:19,91282CKH3,TSRYS5774872,D,B,C,2024-04-10,1000000.00,4.947645,99.16796875
10:24:19,91282CKH3,TSRYS5774872,D,S,D,2024-04-10,2000000.00,4.947645,99.16796875
10:24:19,91282CKH3,TSRYS5774872,D,S,D,2024-04-10,14000000.00,4.947645,99.16796875
10:24:19,91282CKH3,TSRYS5774872,D,S,D,2024-04-10,1000000.00,4.947645,99.16796875
10:24:19,91282CKH3,TSRYS5774872,D,B,C,2024-04-10,14000000.00,4.947645,99.16796875
10:24:19,91282CKH3,TSRYS5774872,D,B,C,2024-04-10,9000000.00,4.947645,99.16796875
10:24:19,91282CKH3,TSRYS5774872,D,S,D,2024-04-10,9000000.00,4.947645,99.16796875
10:24:19,91282CKH3,TSRYS5774872,D,S,C,2024-04-10,1000000.00,4.94447,99.174028125
10:24:19,91282CKH3,TSRYS5774872,D,B,C,2024-04-10,1000000.00,4.94447,99.173828125
10:24:19,91282CKH3,TSRYS5774872,D,S,C,2024-04-10,1000000.00,4.94447,99.174028125
10:24:19,91282CKH3,TSRYS5774872,D,B,C,2024-04-10,1000000.00,4.947645,99.16796875
10:24:19,91282CKH3,TSRYS5774872,D,S,D,2024-04-10,1000000.00,4.947645,99.16796875
10:24:23,91282CKH3,TSRYS5774872,D,S,T,2024-04-10,2000000.00,4.943412,99.17578125
10:24:23,91282CKH3,TSRYS5774872,D,S,T,2024-04-10,1000000.00,4.943412,99.17578125
10:24:23,91282CKH3,TSRYS5774872,D,S,C,2024-04-10,2000000.00,4.943412,99.17578125
10:24:24,91282CKH3,TSRYS5774872,D,S,C,2024-04-10,1000000.00,4.943412,99.17578125
10:24:24,91282CKH3,TSRYS5774872,D,S,C,2024-04-10,2000000.00,4.943412,99.17578125
10:24:24,91282CKH3,TSRYS5774872,D,S,C,2024-04-10,2000000.00,4.943412,99.17578125
10:24:25,91282CKH3,TSRYS5774872,D,S,T,2024-04-10,1000000.00,4.94447,99.173828125
10:24:25,91282CKH3,TSRYS5774872,D,S,T,2024-04-10,2000000.00,4.94447,99.173828125
10:24:25,91282CKH3,TSRYS5774872,D,S,T,2024-04-10,2000000.00,4.943412,99.17578125
10:24:28,91282CKH3,TSRYS5774872,D,S,T,2024-04-10,2000000.00,4.943412,99.17578125
10:24:28,91282CKH3,TSRYS5774872,D,S,T,2024-04-10,1000000.00,4.945528,99.171875
10:24:28,91282CKH3,TSRYS5774872,D,S,D,2024-04-10,1000000.00,4.945528,99.171875
10:24:28,91282CKH3,TSRYS5774872,D,S,D,2024-04-10,1000000.00,4.943412,99.17578125
10:24:28,91282CKH3,TSRYS5774872,D,S,T,2024-04-10,2000000.00,4.943412,99.17578125
10:24:29,91282CKH3,TSRYS5774872,D,S,D,2024-04-10,2000000.00,4.943412,99.17578125
10:24:30,91282CKH3,TSRYS5774872,D,S,T,2024-04-10,1000000.00,4.943412,99.17578125
10:24:30,91282CKH3,TSRYS5774872,D,S,D,2024-04-10,5000000.00,4.945528,99.171875
10:24:30,91282CKH3,TSRYS5774872,D,S,T,2024-04-10,1000000.00,4.945528,99.171875
10:24:30,91282CKH3,TSRYS5774872,D,S,T,2024-04-10,4000000.00,4.945528,99.171875
10:24:31,91282CKH3,TSRYS5774872,D,S,C,2024-04-10,2000000.00,4.943412,99.17578125
10:24:31,91282CKH3,TSRYS5774872,D,B,C,2024-04-10,2000000.00,4.943412,99.17578125
10:24:32,91282CKH3,TSRYS5774872,D,S,D,2024-04-10,1000000.00,4.945528,99.171875
10:24:32,91282CKH3,TSRYS5774872,D,S,D,2024-04-10,1000000.00,4.945528,99.171875
10:24:32,91282CKH3,TSRYS5774872,D,S,D,2024-04-10,2000000.00,4.945528,99.171875
10:24:32,91282CKH3,TSRYS5774872,D,B,C,2024-04-10,2000000.00,4.945528,99.171875
10:24:32,91282CKH3,TSRYS5774872,D,S,T,2024-04-10,5000000.00,4.945528,99.171875
10:24:32,91282CKH3,TSRYS5774872,D,S,T,2024-04-10,1000000.00,4.945528,99.171875
10:24:32,91282CKH3,TSRYS5774872,D,B,C,2024-04-10,1000000.00,4.945528,99.171875
10:24:32,91282CKH3,TSRYS5774872,D,S,D,2024-04-10,1000000.00,4.945405,99.172102
10:24:32,91282CKH3,TSRYS5774872,D,B,C,2024-04-10,1000000.00,4.945528,99.171875
10:24:32,91282CKH3,TSRYS5774872,D,B,C,2024-04-10,2000000.00,4.947645,99.16796875
10:24:32,91282CKH3,TSRYS5774872,D,S,C,2024-04-10,2000000.00,4.947509,99.16821875
10:24:32,91282CKH3,TSRYS5774872,D,B,C,2024-04-10,2000000.00,4.947645,99.16796875
10:24:32,91282CKH3,TSRYS5774872,D,B,C,2024-04-10,1000000.00,4.947645,99.16796875
10:24:32,91282CKH3,TSRYS5774872,D,B,C,2024-04-10,3000000.00,4.947645,99.16796875
10:24:32,91282CKH3,TSRYS5774872,D,B,C,2024-04-10,1000000.00,4.947645,99.16796875
10:24:32,91282CKH3,TSRYS5774872,D,S,D,2024-04-10,3000000.00,4.947645,99.16796875
10:24:32,91282CKH3,TSRYS5774872,D,S,D,2024-04-10,2000000.00,4.947645,99.16796875
10:24:32,91282CKH3,TSRYS5774872,D,S,C,2024-04-10,1000000.00,4.947509,99.16821875
10:24:32,91282CKH3,TSRYS5774872,D,S,C,2024-04-10,1000000.00,4.947536,99.16816875
10:24:32,91282CKH3,TSRYS5774872,D,S,C,2024-04-10,2000000.00,4.947645,99.16796875
10:24:32,91282CKH3,TSRYS5774872,D,B,C,2024-04-10,2000000.00,4.947645,99.16796875
10:24:32,91282CKH3,TSRYS5774872,D,B,C,2024-04-10,2000000.00,4.947645,99.16796875
10:24:32,91282CKH3,TSRYS5774872,D,B,C,2024-04-10,2000000.00,4.947645,99.16796875
10:24:32,91282CKH3,TSRYS5774872,D,B,C,2024-04-10,1000000.00,4.947645,99.16796875
10:24:32,91282CKH3,TSRYS5774872,D,S,D,2024-04-10,1000000.00,4.947645,99.16796875
10:24:32,91282CKH3,TSRYS5774872,D,S,D,2024-04-10,2000000.00,4.947645,99.16796875
10:24:32,91282CKH3,TSRYS5774872,D,S,C,2024-04-10,1000000.00,4.947645,99.16796875
10:24:32,91282CKH3,TSRYS5774872,D,B,C,2024-04-10,1000000.00,4.947645,99.16796875
10:24:32,91282CKH3,TSRYS5774872,D,S,C,2024-04-10,2000000.00,4.947645,99.16796875
10:24:32,91282CKH3,TSRYS5774872,D,B,C,2024-04-10,1000000.00,4.947645,99.16796875
10:24:32,91282CKH3,TSRYS5774872,D,B,C,2024-04-10,2000000.00,4.947645,99.16796875
10:24:32,91282CKH3,TSRYS5774872,D,B,C,2024-04-10,4000000.00,4.947645,99.16796875
10:24:32,91282CKH3,TSRYS5774872,D,S,D,2024-04-10,1000000.00,4.947645,99.16796875
10:24:32,91282CKH3,TSRYS5774872,D,B,C,2024-04-10,1000000.00,4.947645,99.16796875
10:24:32,91282CKH3,TSRYS5774872,D,S,C,2024-04-10,4000000.00,4.947536,99.16816875
10:24:32,91282CKH3,TSRYS5774872,D,S,C,2024-04-10,2000000.00,4.947645,99.16796875
10:24:32,91282CKH3,TSRYS5774872,D,S,C,2024-04-10,1000000.00,4.947645,99.16796875
10:24:32,91282CKH3,TSRYS5774872,D,B,C,2024-04-10,2000000.00,4.947645,99.16796875
10:24:32,91282CKH3,TSRYS5774872,D,S,C,2024-04-10,2000000.00,4.947509,99.16821875
10:24:33,91282CKH3,TSRYS5774872,D,S,T,2024-04-10,2000000.00,4.943412,99.17578125
10:24:34,91282CKH3,TSRYS5774872,D,S,T,2024-04-10,2000000.00,4.945528,99.171875
10:24:34,91282CKH3,TSRYS5774872,D,S,T,2024-04-10,1000000.00,4.945528,99.171875
10:24:35,91282CKH3,TSRYS5774872,D,S,C,2024-04-10,1000000.00,4.946586,99.16992187
10:24:35,91282CKH3,TSRYS5774872,D,S,D,2024-04-10,2000000.00,4.946586,99.16992187
10:24:35,91282CKH3,TSRYS5774872,D,S,D,2024-04-10,3000000.00,4.946586,99.16992187
10:24:35,91282CKH3,TSRYS5774872,D,S,C,2024-04-10,1000000.00,4.945528,99.171875
10:24:35,91282CKH3,TSRYS5774872,D,S,T,2024-04-10,1000000.00,4.945528,99.171875
10:24:37,91282CKH3,TSRYS5774872,D,S,C,2024-04-10,1000000.00,4.946586,99.16992187
10:24:37,91282CKH3,TSRYS5774872,D,S,C,2024-04-10,1000000.00,4.945528,99.171875
10:24:38,91282CKH3,TSRYS5774872,D,S,C,2024-04-10,1000000.00,4.943412,99.17578125
10:24:38,91282CKH3,TSRYS5774872,D,S,D,2024-04-10,50000000.00,4.946203,99.17063
10:24:39,91282CKH3,TSRYS5774872,D,S,D,2024-04-10,5000000.00,4.946586,99.16992187
10:24:39,91282CKH3,TSRYS5774872,D,S,C,2024-04-10,1000000.00,4.946586,99.16992187
10:24:39,91282CKH3,TSRYS5774872,D,S,C,2024-04-10,2000000.00,4.946586,99.16992187
10:24:39,91282CKH3,TSRYS5774872,D,S,T,2024-04-10,1000000.00,4.945528,99.171875
10:24:39,91282CKH3,TSRYS5774872,D,S,C,2024-04-10,2000000.00,4.946586,99.16992187
10:24:39,91282CKH3,TSRYS5774872,D,S,T,2024-04-10,1000000.00,4.945528,99.171875
10:24:39,91282CKH3,TSRYS5774872,D,S,D,2024-04-10,1000000.00,4.946586,99.16992187
10:24:39,91282CKH3,TSRYS5774872,D,S,T,2024-04-10,1000000.00,4.945528,99.171875
10:24:42,91282CKH3,TSRYS5774872,D,S,C,2024-04-10,10000.00,4.935168,99.191
10:24:42,91282CKH3,TSRYS5774872,D,S,D,2024-04-10,10000.00,4.935168,99.191
10:24:42,91282CKH3,TSRYS5774872,D,S,C,2024-04-10,2000000.00,4.943412,99.17578125
10:24:42,91282CKH3,TSRYS5774872,D,S,C,2024-04-10,2000000.00,4.943412,99.17578125
10:24:42,91282CKH3,TSRYS5774872,D,S,C,2024-04-10,4000000.00,4.943304,99.17598125
10:24:45,91282CKH3,TSRYS5774872,D,S,T,2024-04-10,2000000.00,4.943412,99.17578125
10:24:46,91282CKH3,TSRYS5774872,D,S,T,2024-04-10,2000000.00,4.943412,99.17578125
10:24:46,91282CKH3,TSRYS5774872,D,S,T,2024-04-10,4000000.00,4.943412,99.17578125
10:24:47,91282CKH3,TSRYS5774872,D,S,C,2024-04-10,2000000.00,4.943412,99.17578125
10:24:47,91282CKH3,TSRYS5774872,D,S,T,2024-04-10,2000000.00,4.943412,99.17578125
10:24:48,91282CKH3,TSRYS5774872,D,S,D,2024-04-10,30000000.00,4.945656,99.17164
10:24:48,91282CKH3,TSRYS5774872,D,B,C,2024-04-10,1000000.00,4.947645,99.16796875
10:24:48,91282CKH3,TSRYS5774872,D,S,D,2024-04-10,1000000.00,4.947563,99.16811875
10:24:48,91282CKH3,TSRYS5774872,D,S,D,2024-04-10,1000000.00,4.947645,99.16796875
10:24:48,91282CKH3,TSRYS5774872,D,B,C,2024-04-10,1000000.00,4.947645,99.16796875
10:24:48,91282CKH3,TSRYS5774872,D,S,D,2024-04-10,1000000.00,4.947645,99.16796875
10:24:48,91282CKH3,TSRYS5774872,D,B,C,2024-04-10,1000000.00,4.947807,99.16766875
10:24:48,91282CKH3,TSRYS5774872,D,B,C,2024-04-10,1000000.00,4.947645,99.16796875
10:24:48,91282CKH3,TSRYS5774872,D,S,D,2024-04-10,1000000.00,4.947645,99.16796875
10:24:48,91282CKH3,TSRYS5774872,D,S,D,2024-04-10,1000000.00,4.947645,99.16796875
10:24:48,91282CKH3,TSRYS5774872,D,S,D,2024-04-10,1000000.00,4.947645,99.16796875
10:24:48,91282CKH3,TSRYS5774872,D,S,D,2024-04-10,1000000.00,4.947645,99.16796875
10:24:48,91282CKH3,TSRYS5774872,D,B,C,2024-04-10,1000000.00,4.947645,99.16796875
10:24:48,91282CKH3,TSRYS5774872,D,B,C,2024-04-10,1000000.00,4.947807,99.16766875
10:24:48,91282CKH3,TSRYS5774872,D,B,C,2024-04-10,1000000.00,4.947645,99.16796875
10:24:48,91282CKH3,TSRYS5774872,D,B,C,2024-04-10,1000000.00,4.947645,99.16796875
10:24:48,91282CKH3,TSRYS5774872,D,S,D,2024-04-10,1000000.00,4.947645,99.16796875
10:24:48,91282CKH3,TSRYS5774872,D,S,D,2024-04-10,3000000.00,4.945528,99.171875
10:24:48,91282CKH3,TSRYS5774872,D,S,D,2024-04-10,1000000.00,4.943412,99.17578125
10:24:48,91282CKH3,TSRYS5774872,D,B,C,2024-04-10,2000000.00,4.943574,99.17548125
10:24:48,91282CKH3,TSRYS5774872,D,S,D,2024-04-10,1000000.00,4.943412,99.17578125
10:24:48,91282CKH3,TSRYS5774872,D,B,C,2024-04-10,1000000.00,4.943412,99.17578125
10:24:48,91282CKH3,TSRYS5774872,D,S,D,2024-04-10,2000000.00,4.943412,99.17578125
10:24:48,91282CKH3,TSRYS5774872,D,B,C,2024-04-10,1000000.00,4.943412,99.17578125
10:24:48,91282CKH3,TSRYS5774872,D,S,D,2024-04-10,1000000.00,4.943412,99.17578125
10:24:48,91282CKH3,TSRYS5774872,D,B,C,2024-04-10,1000000.00,4.943412,99.17578125
10:24:48,91282CKH3,TSRYS5774872,D,S,D,2024-04-10,2000000.00,4.943412,99.17578125
10:24:57,91282CKH3,TSRYS5774872,D,S,D,2024-04-10,20000.00,4.928601,99.203125
10:25:00,91282CKH3,TSRYS5774872,D,S,D,2024-04-10,20000.00,4.928601,99.203125
10:25:00,91282CKH3,TSRYS5774872,D,S,C,2024-04-10,20000.00,4.928601,99.203125
10:25:04,91282CKH3,TSRYS5774872,D,S,D,2024-04-10,2000000.00,4.943412,99.17578125
10:25:04,91282CKH3,TSRYS5774872,D,S,D,2024-04-10,1000000.00,4.943412,99.17578125
10:25:04,91282CKH3,TSRYS5774872,D,B,C,2024-04-10,1000000.00,4.943412,99.17578125
10:25:04,91282CKH3,TSRYS5774872,D,B,C,2024-04-10,1000000.00,4.943412,99.17578125
10:25:04,91282CKH3,TSRYS5774872,D,S,D,2024-04-10,1000000.00,4.943412,99.17578125
10:25:04,91282CKH3,TSRYS5774872,D,S,D,2024-04-10,1000000.00,4.943412,99.17578125
10:25:04,91282CKH3,TSRYS5774872,D,B,C,2024-04-10,1000000.00,4.943466,99.17568125
10:25:04,91282CKH3,TSRYS5774872,D,S,D,2024-04-10,1000000.00,4.943412,99.17578125
10:25:04,91282CKH3,TSRYS5774872,D,S,D,2024-04-10,1000000.00,4.943412,99.17578125
10:25:04,91282CKH3,TSRYS5774872,D,B,C,2024-04-10,1000000.00,4.943466,99.17568125
10:25:04,91282CKH3,TSRYS5774872,D,S,D,2024-04-10,3000000.00,4.943412,99.17578125
10:25:04,91282CKH3,TSRYS5774872,D,B,C,2024-04-10,1000000.00,4.943412,99.17578125
10:25:04,91282CKH3,TSRYS5774872,D,B,C,2024-04-10,3000000.00,4.943412,99.17578125
10:25:04,91282CKH3,TSRYS5774872,D,S,D,2024-04-10,1000000.00,4.943412,99.17578125
10:25:04,91282CKH3,TSRYS5774872,D,B,C,2024-04-10,1000000.00,4.943412,99.17578125
10:25:04,91282CKH3,TSRYS5774872,D,S,D,2024-04-10,1000000.00,4.943412,99.17578125
10:25:04,91282CKH3,TSRYS5774872,D,S,D,2024-04-10,2000000.00,4.943412,99.17578125
10:25:04,91282CKH3,TSRYS5774872,D,B,C,2024-04-10,1000000.00,4.943412,99.17578125
10:25:04,91282CKH3,TSRYS5774872,D,S,D,2024-04-10,1000000.00,4.943412,99.17578125
10:25:04,91282CKH3,TSRYS5774872,D,B,C,2024-04-10,1000000.00,4.943412,99.17578125
10:25:05,91282CKH3,TSRYS5774872,D,S,T,2024-04-10,1000000.00,4.947645,99.16796875
10:25:15,91282CKH3,TSRYS5774872,D,S,T,2024-04-10,2000000.00,4.943412,99.17578125
10:25:15,91282CKH3,TSRYS5774872,D,S,T,2024-04-10,3000000.00,4.943412,99.17578125
10:25:15,91282CKH3,TSRYS5774872,D,S,T,2024-04-10,1000000.00,4.943412,99.17578125
10:25:15,91282CKH3,TSRYS5774872,D,S,T,2024-04-10,2000000.00,4.943412,99.17578125
10:25:15,91282CKH3,TSRYS5774872,D,S,T,2024-04-10,1000000.00,4.945528,99.171875
10:25:16,91282CKH3,TSRYS5774872,D,S,T,2024-04-10,1000000.00,4.943412,99.17578125
10:25:16,91282CKH3,TSRYS5774872,D,S,T,2024-04-10,2000000.00,4.943412,99.17578125
10:25:16,91282CKH3,TSRYS5774872,D,S,T,2024-04-10,1000000.00,4.943412,99.17578125
10:25:18,91282CKH3,TSRYS5774872,D,S,D,2024-04-10,1000000.00,4.943412,99.17578125
10:25:18,91282CKH3,TSRYS5774872,D,S,T,2024-04-10,1000000.00,4.943493,99.17563125
10:25:18,91282CKH3,TSRYS5774872,D,S,T,2024-04-10,1000000.00,4.943493,99.17563125
10:25:18,91282CKH3,TSRYS5774872,D,S,T,2024-04-10,1000000.00,4.943412,99.17578125
10:25:19,91282CKH3,TSRYS5774872,D,S,T,2024-04-10,1000000.00,4.943412,99.17578125
10:25:19,91282CKH3,TSRYS5774872,D,S,D,2024-04-10,1000000.00,4.943412,99.17578125
10:25:19,91282CKH3,TSRYS5774872,D,S,D,2024-04-10,1000000.00,4.943412,99.17578125
10:25:19,91282CKH3,TSRYS5774872,D,B,C,2024-04-10,1000000.00,4.943412,99.17578125
10:25:19,91282CKH3,TSRYS5774872,D,S,D,2024-04-10,1000000.00,4.943412,99.17578125
10:25:19,91282CKH3,TSRYS5774872,D,S,D,2024-04-10,2000000.00,4.943412,99.17578125
10:25:19,91282CKH3,TSRYS5774872,D,S,D,2024-04-10,1000000.00,4.943412,99.17578125
10:25:19,91282CKH3,TSRYS5774872,D,S,T,2024-04-10,2000000.00,4.943412,99.17578125
10:25:19,91282CKH3,TSRYS5774872,D,S,C,2024-04-10,1000000.00,4.943412,99.17578125
10:25:19,91282CKH3,TSRYS5774872,D,B,C,2024-04-10,1000000.00,4.943412,99.17578125
10:25:19,91282CKH3,TSRYS5774872,D,B,C,2024-04-10,1000000.00,4.943412,99.17578125
10:25:19,91282CKH3,TSRYS5774872,D,S,D,2024-04-10,1000000.00,4.943412,99.17578125
10:25:19,91282CKH3,TSRYS5774872,D,B,C,2024-04-10,2000000.00,4.943412,99.17578125
10:25:19,91282CKH3,TSRYS5774872,D,S,D,2024-04-10,1000000.00,4.943412,99.17578125
10:25:19,91282CKH3,TSRYS5774872,D,S,D,2024-04-10,2000000.00,4.943412,99.17578125
10:25:19,91282CKH3,TSRYS5774872,D,S,D,2024-04-10,2000000.00,4.943412,99.17578125
10:25:19,91282CKH3,TSRYS5774872,D,B,C,2024-04-10,1000000.00,4.943412,99.17578125
10:25:19,91282CKH3,TSRYS5774872,D,S,D,2024-04-10,1000000.00,4.943412,99.17578125
10:25:19,91282CKH3,TSRYS5774872,D,B,C,2024-04-10,1000000.00,4.943412,99.17578125
10:25:19,91282CKH3,TSRYS5774872,D,B,C,2024-04-10,1000000.00,4.943412,99.17578125
10:25:19,91282CKH3,TSRYS5774872,D,S,D,2024-04-10,1000000.00,4.943412,99.17578125
10:25:19,91282CKH3,TSRYS5774872,D,S,D,2024-04-10,2000000.00,4.943412,99.17578125
10:25:19,91282CKH3,TSRYS5774872,D,S,C,2024-04-10,1000000.00,4.943412,99.17578125
10:25:20,91282CKH3,TSRYS5774872,D,S,D,2024-04-10,6000000.00,4.943412,99.17578125
10:25:20,91282CKH3,TSRYS5774872,D,S,D,2024-04-10,480000.00,4.94447,99.173828125
10:25:20,91282CKH3,TSRYS5774872,D,S,D,2024-04-10,2000000.00,4.943412,99.17578125
10:25:20,91282CKH3,TSRYS5774872,D,S,C,2024-04-10,2000000.00,4.943412,99.17578125
10:25:20,91282CKH3,TSRYS5774872,D,S,D,2024-04-10,1000000.00,4.943412,99.17578125
10:25:20,91282CKH3,TSRYS5774872,D,S,D,2024-04-10,2000000.00,4.943412,99.17578125
10:25:20,91282CKH3,TSRYS5774872,D,S,D,2024-04-10,3000000.00,4.943412,99.17578125
10:25:20,91282CKH3,TSRYS5774872,D,S,D,2024-04-10,3000000.00,4.943412,99.17578125
10:25:20,91282CKH3,TSRYS5774872,D,S,D,2024-04-10,2000000.00,4.943412,99.17578125
10:25:21,91282CKH3,TSRYS5774872,D,S,D,2024-04-10,3000000.00,4.943412,99.17578125
10:25:21,91282CKH3,TSRYS5774872,D,S,D,2024-04-10,1000000.00,4.943412,99.17578125
10:25:22,91282CKH3,TSRYS5774872,D,S,T,2024-04-10,250000.00,4.939179,99.183594
10:25:22,91282CKH3,TSRYS5774872,D,S,T,2024-04-10,2000000.00,4.943493,99.17563125
10:25:23,91282CKH3,TSRYS5774872,D,S,T,2024-04-10,2000000.00,4.941296,99.1796875
10:25:23,91282CKH3,TSRYS5774872,D,S,T,2024-04-10,1000000.00,4.941296,99.1796875
10:25:23,91282CKH3,TSRYS5774872,D,S,T,2024-04-10,1000000.00,4.941296,99.1796875
10:25:23,91282CKH3,TSRYS5774872,D,S,T,2024-04-10,2000000.00,4.941296,99.1796875
10:25:23,91282CKH3,TSRYS5774872,D,S,T,2024-04-10,2000000.00,4.941296,99.1796875
10:25:23,91282CKH3,TSRYS5774872,D,S,T,2024-04-10,1000000.00,4.941296,99.1796875
10:25:23,91282CKH3,TSRYS5774872,D,S,T,2024-04-10,1000000.00,4.941296,99.1796875
10:25:23,91282CKH3,TSRYS5774872,D,S,D,2024-04-10,1000000.00,4.943412,99.17578125
10:25:23,91282CKH3,TSRYS5774872,D,S,T,2024-04-10,1000000.00,4.941296,99.1796875
10:25:24,91282CKH3,TSRYS5774872,D,S,T,2024-04-10,1000000.00,4.943493,99.17563125
10:25:24,91282CKH3,TSRYS5774872,D,S,C,2024-04-10,2000000.00,4.943412,99.17578125
10:25:24,91282CKH3,TSRYS5774872,D,S,D,2024-04-10,1000000.00,4.943412,99.17578125
10:25:24,91282CKH3,TSRYS5774872,D,S,D,2024-04-10,1000000.00,4.943412,99.17578125
10:25:25,91282CKH3,TSRYS5774872,D,S,C,2024-04-10,250000.00,4.939179,99.183594
10:25:26,91282CKH3,TSRYS5774872,D,S,T,2024-04-10,1000000.00,4.947645,99.16796875
10:25:26,91282CKH3,TSRYS5774872,D,B,C,2024-04-10,11800000.00,4.949026,99.16541935
10:25:26,91282CKH3,TSRYS5774872,D,S,T,2024-04-10,1000000.00,4.941296,99.1796875
10:25:26,91282CKH3,TSRYS5774872,D,S,D,2024-04-10,480000.00,4.944922,99.172994792
10:25:28,91282CKH3,TSRYS5774872,D,S,D,2024-04-10,2000000.00,4.941296,99.1796875
10:25:28,91282CKH3,TSRYS5774872,D,S,D,2024-04-10,1000000.00,4.941296,99.1796875
10:25:28,91282CKH3,TSRYS5774872,D,S,D,2024-04-10,1000000.00,4.941296,99.1796875
10:25:28,91282CKH3,TSRYS5774872,D,S,D,2024-04-10,2000000.00,4.941296,99.1796875
10:25:28,91282CKH3,TSRYS5774872,D,S,D,2024-04-10,2000000.00,4.941296,99.1796875
10:25:28,91282CKH3,TSRYS5774872,D,S,D,2024-04-10,1000000.00,4.941296,99.1796875
10:25:29,91282CKH3,TSRYS5774872,D,S,D,2024-04-10,1000000.00,4.941296,99.1796875
10:25:29,91282CKH3,TSRYS5774872,D,S,D,2024-04-10,1000000.00,4.941296,99.1796875
10:25:29,91282CKH3,TSRYS5774872,D,S,D,2024-04-10,1000000.00,4.941296,99.1796875
10:25:30,91282CKH3,TSRYS5774872,D,S,T,2024-04-10,1000000.00,4.943412,99.17578125
10:25:31,91282CKH3,TSRYS5774872,D,S,T,2024-04-10,6000000.00,4.943412,99.17578125
10:25:31,91282CKH3,TSRYS5774872,D,S,T,2024-04-10,2000000.00,4.941296,99.1796875
10:25:31,91282CKH3,TSRYS5774872,D,S,T,2024-04-10,1000000.00,4.941296,99.1796875
10:25:31,91282CKH3,TSRYS5774872,D,S,T,2024-04-10,1000000.00,4.941296,99.1796875
10:25:31,91282CKH3,TSRYS5774872,D,S,T,2024-04-10,5000000.00,4.941296,99.1796875
10:25:31,91282CKH3,TSRYS5774872,D,S,D,2024-04-10,1000000.00,4.941296,99.1796875
10:25:31,91282CKH3,TSRYS5774872,D,S,D,2024-04-10,1000000.00,4.941296,99.1796875
10:25:31,91282CKH3,TSRYS5774872,D,S,D,2024-04-10,4000000.00,4.941296,99.1796875
10:25:31,91282CKH3,TSRYS5774872,D,S,T,2024-04-10,1000000.00,4.941296,99.1796875
10:25:32,91282CKH3,TSRYS5774872,D,S,C,2024-04-10,2000000.00,4.943412,99.17578125
10:25:32,91282CKH3,TSRYS5774872,D,S,T,2024-04-10,1000000.00,4.941351,99.1795855
10:25:32,91282CKH3,TSRYS5774872,D,S,T,2024-04-10,2000000.00,4.943412,99.17578125
10:25:32,91282CKH3,TSRYS5774872,D,S,C,2024-04-10,2000000.00,4.941242,99.1797875
10:25:32,91282CKH3,TSRYS5774872,D,S,D,2024-04-10,3000000.00,4.941296,99.1796875
10:25:32,91282CKH3,TSRYS5774872,D,S,D,2024-04-10,6000000.00,4.941296,99.1796875
10:25:32,91282CKH3,TSRYS5774872,D,S,T,2024-04-10,4000000.00,4.941296,99.1796875
10:25:32,91282CKH3,TSRYS5774872,D,S,T,2024-04-10,2000000.00,4.941296,99.1796875
10:25:33,91282CKH3,TSRYS5774872,D,S,D,2024-04-10,3000000.00,4.941296,99.1796875
10:25:33,91282CKH3,TSRYS5774872,D,S,T,2024-04-10,3000000.00,4.943412,99.17578125
10:25:33,91282CKH3,TSRYS5774872,D,S,D,2024-04-10,6000000.00,4.941296,99.1796875
10:25:33,91282CKH3,TSRYS5774872,D,S,D,2024-04-10,5000000.00,4.941296,99.1796875
10:25:33,91282CKH3,TSRYS5774872,D,B,C,2024-04-10,1000000.00,4.94135,99.1795875
10:25:33,91282CKH3,TSRYS5774872,D,S,D,2024-04-10,1000000.00,4.941242,99.1797875
10:25:34,91282CKH3,TSRYS5774872,D,S,D,2024-04-10,2000000.00,4.947645,99.16796875
10:25:34,91282CKH3,TSRYS5774872,D,B,C,2024-04-10,2000000.00,4.947645,99.16796875
10:25:34,91282CKH3,TSRYS5774872,D,S,T,2024-04-10,1000000.00,4.941296,99.1796875
10:25:34,91282CKH3,TSRYS5774872,D,S,T,2024-04-10,3000000.00,4.941296,99.1796875
10:25:34,91282CKH3,TSRYS5774872,D,S,T,2024-04-10,1000000.00,4.941296,99.1796875
10:25:34,91282CKH3,TSRYS5774872,D,S,T,2024-04-10,1000000.00,4.941296,99.1796875
10:25:34,91282CKH3,TSRYS5774872,D,S,T,2024-04-10,1000000.00,4.941296,99.1796875
10:25:34,91282CKH3,TSRYS5774872,D,S,T,2024-04-10,1000000.00,4.941296,99.1796875
10:25:34,91282CKH3,TSRYS5774872,D,S,D,2024-04-10,1000000.00,4.947645,99.16796875
10:25:34,91282CKH3,TSRYS5774872,D,B,C,2024-04-10,1000000.00,4.947645,99.16796875
10:25:34,91282CKH3,TSRYS5774872,D,S,D,2024-04-10,1000000.00,4.943412,99.17578125
10:25:34,91282CKH3,TSRYS5774872,D,B,C,2024-04-10,1000000.00,4.943412,99.17578125
10:25:34,91282CKH3,TSRYS5774872,D,S,T,2024-04-10,1000000.00,4.941296,99.1796875
10:25:34,91282CKH3,TSRYS5774872,D,S,T,2024-04-10,1000000.00,4.941296,99.1796875
10:25:35,91282CKH3,TSRYS5774872,D,S,T,2024-04-10,1000000.00,4.941296,99.1796875
10:25:35,91282CKH3,TSRYS5774872,D,S,T,2024-04-10,1000000.00,4.941296,99.1796875
10:25:36,91282CKH3,TSRYS5774872,D,B,C,2024-04-10,1000000.00,4.941296,99.1796875
10:25:36,91282CKH3,TSRYS5774872,D,S,C,2024-04-10,1000000.00,4.941296,99.1796875
10:25:36,91282CKH3,TSRYS5774872,D,B,C,2024-04-10,1000000.00,4.941296,99.1796875
10:25:36,91282CKH3,TSRYS5774872,D,S,C,2024-04-10,1000000.00,4.941296,99.1796875
10:25:36,91282CKH3,TSRYS5774872,D,B,C,2024-04-10,1000000.00,4.941296,99.1796875
10:25:36,91282CKH3,TSRYS5774872,D,S,C,2024-04-10,1000000.00,4.941296,99.1796875
10:25:36,91282CKH3,TSRYS5774872,D,B,C,2024-04-10,1000000.00,4.941296,99.1796875
10:25:36,91282CKH3,TSRYS5774872,D,S,C,2024-04-10,1000000.00,4.941296,99.1796875
10:25:36,91282CKH3,TSRYS5774872,D,S,D,2024-04-10,3000000.00,4.942354,99.177734375
10:25:36,91282CKH3,TSRYS5774872,D,S,C,2024-04-10,1000000.00,4.941296,99.1796875
10:25:36,91282CKH3,TSRYS5774872,D,S,T,2024-04-10,3000000.00,4.941296,99.1796875
10:25:37,91282CKH3,TSRYS5774872,D,S,T,2024-04-10,1000000.00,4.941296,99.1796875
10:25:37,91282CKH3,TSRYS5774872,D,S,T,2024-04-10,1000000.00,4.941296,99.1796875
10:25:37,91282CKH3,TSRYS5774872,D,S,T,2024-04-10,1000000.00,4.941296,99.1796875
10:25:37,91282CKH3,TSRYS5774872,D,S,D,2024-04-10,1000000.00,4.941296,99.1796875
10:25:37,91282CKH3,TSRYS5774872,D,B,C,2024-04-10,2000000.00,4.941296,99.1796875
10:25:37,91282CKH3,TSRYS5774872,D,S,D,2024-04-10,1000000.00,4.941296,99.1796875
10:25:37,91282CKH3,TSRYS5774872,D,S,T,2024-04-10,6000000.00,4.941296,99.1796875
10:25:38,91282CKH3,TSRYS5774872,D,S,D,2024-04-10,2000000.00,4.941296,99.1796875
10:25:38,91282CKH3,TSRYS5774872,D,S,T,2024-04-10,3000000.00,4.941296,99.1796875
10:25:38,91282CKH3,TSRYS5774872,D,S,D,2024-04-10,4000000.00,4.941296,99.1796875
10:25:38,91282CKH3,TSRYS5774872,D,S,T,2024-04-10,2000000.00,4.941296,99.1796875
10:25:39,91282CKH3,TSRYS5774872,D,S,T,2024-04-10,6000000.00,4.941296,99.1796875
10:25:39,91282CKH3,TSRYS5774872,D,S,D,2024-04-10,50000000.00,4.946491,99.1700975
10:25:39,91282CKH3,TSRYS5774872,D,S,D,2024-04-10,1000000.00,4.941296,99.1796875
10:25:39,91282CKH3,TSRYS5774872,D,S,D,2024-04-10,3000000.00,4.941296,99.1796875
10:25:39,91282CKH3,TSRYS5774872,D,S,D,2024-04-10,1000000.00,4.941296,99.1796875
10:25:39,91282CKH3,TSRYS5774872,D,S,T,2024-04-10,5000000.00,4.941296,99.1796875
10:25:39,91282CKH3,TSRYS5774872,D,S,D,2024-04-10,1000000.00,4.941296,99.1796875
10:25:39,91282CKH3,TSRYS5774872,D,S,D,2024-04-10,1000000.00,4.941296,99.1796875
10:25:39,91282CKH3,TSRYS5774872,D,S,D,2024-04-10,1000000.00,4.941296,99.1796875
10:25:40,91282CKH3,TSRYS5774872,D,S,D,2024-04-10,17000000.00,4.946491,99.1700975
10:25:40,91282CKH3,TSRYS5774872,D,S,C,2024-04-10,3000000.00,4.943304,99.17598125
10:25:41,91282CKH3,TSRYS5774872,D,S,C,2024-04-10,2000000.00,4.943358,99.17588125
10:25:42,91282CKH3,TSRYS5774872,D,S,D,2024-04-10,125000.00,4.941296,99.1796875
10:25:43,91282CKH3,TSRYS5774872,D,S,D,2024-04-10,1000000.00,4.942354,99.177734375
10:25:43,91282CKH3,TSRYS5774872,D,S,T,2024-04-10,2000000.00,4.94348,99.17565625
10:25:43,91282CKH3,TSRYS5774872,D,S,T,2024-04-10,3000000.00,4.94348,99.17565625
10:25:44,91282CKH3,TSRYS5774872,D,S,T,2024-04-10,5000000.00,4.943412,99.17578125
10:25:45,91282CKH3,TSRYS5774872,D,S,C,2024-04-10,2000000.00,4.943412,99.17578125
10:25:45,91282CKH3,TSRYS5774872,D,S,D,2024-04-10,5000000.00,4.943412,99.17578125
10:25:47,91282CKH3,TSRYS5774872,D,S,D,2024-04-10,1000000.00,4.943412,99.17578125
10:25:47,91282CKH3,TSRYS5774872,D,B,C,2024-04-10,2000000.00,4.943466,99.17568125
10:25:47,91282CKH3,TSRYS5774872,D,S,C,2024-04-10,2000000.00,4.943412,99.17578125
10:25:47,91282CKH3,TSRYS5774872,D,S,C,2024-04-10,2000000.00,4.943412,99.17578125
10:25:47,91282CKH3,TSRYS5774872,D,B,C,2024-04-10,2000000.00,4.943466,99.17568125
10:25:47,91282CKH3,TSRYS5774872,D,S,D,2024-04-10,2000000.00,4.943412,99.17578125
10:25:47,91282CKH3,TSRYS5774872,D,B,C,2024-04-10,2000000.00,4.943466,99.17568125
10:25:48,91282CKH3,TSRYS5774872,D,B,A,2024-04-10,5000000.00,4.941812,99.1796875
10:25:48,91282CKH3,TSRYS5774872,D,S,T,2024-04-10,150000.00,4.939179,99.183594
10:25:48,91282CKH3,TSRYS5774872,D,S,C,2024-04-10,150000.00,4.939501,99.183
10:25:50,91282CKH3,TSRYS5774872,D,S,C,2024-04-10,105000.00,4.736952,99.557812
10:25:52,91282CKH3,TSRYS5774872,D,S,D,2024-04-10,1000000.00,4.943412,99.17578125
10:25:54,91282CKH3,TSRYS5774872,D,S,T,2024-04-10,2000000.00,4.943412,99.17578125
10:25:55,91282CKH3,TSRYS5774872,D,B,C,2024-04-10,5000000.00,4.941296,99.1796875
10:25:56,91282CKH3,TSRYS5774872,D,S,T,2024-04-10,1000000.00,4.943412,99.17578125
10:25:57,91282CKH3,TSRYS5774872,D,S,C,2024-04-10,100000.00,4.943412,99.175781
10:25:57,91282CKH3,TSRYS5774872,D,S,T,2024-04-10,1000000.00,4.943493,99.17563125
10:25:58,91282CKH3,TSRYS5774872,D,S,T,2024-04-10,1000000.00,4.943466,99.17568125
10:25:59,91282CKH3,TSRYS5774872,D,S,D,2024-04-10,1000000.00,4.943412,99.17578125
10:25:59,91282CKH3,TSRYS5774872,D,S,T,2024-04-10,2000000.00,4.943412,99.17578125
10:25:59,91282CKH3,TSRYS5774872,D,S,T,2024-04-10,1000000.00,4.943412,99.17578125
10:26:00,91282CKH3,TSRYS5774872,D,S,T,2024-04-10,3000000.00,4.942354,99.17773437
10:26:02,91282CKH3,TSRYS5774872,D,S,D,2024-04-10,250000.00,4.939179,99.183594
10:26:02,91282CKH3,TSRYS5774872,D,S,D,2024-04-10,1000000.00,4.945528,99.171875
10:26:02,91282CKH3,TSRYS5774872,D,B,C,2024-04-10,3000000.00,4.945528,99.171875
10:26:02,91282CKH3,TSRYS5774872,D,S,T,2024-04-10,3000000.00,4.945528,99.171875
10:26:02,91282CKH3,TSRYS5774872,D,S,T,2024-04-10,1000000.00,4.945528,99.171875
10:26:02,91282CKH3,TSRYS5774872,D,S,T,2024-04-10,2000000.00,4.945528,99.171875
10:26:02,91282CKH3,TSRYS5774872,D,S,T,2024-04-10,4000000.00,4.945528,99.171875
10:26:02,91282CKH3,TSRYS5774872,D,S,D,2024-04-10,2000000.00,4.941296,99.1796875
10:26:02,91282CKH3,TSRYS5774872,D,S,D,2024-04-10,1000000.00,4.941296,99.1796875
10:26:02,91282CKH3,TSRYS5774872,D,B,C,2024-04-10,1000000.00,4.941404,99.1794875
10:26:02,91282CKH3,TSRYS5774872,D,B,C,2024-04-10,1000000.00,4.941431,99.1794375
10:26:02,91282CKH3,TSRYS5774872,D,S,D,2024-04-10,1000000.00,4.941296,99.1796875
10:26:02,91282CKH3,TSRYS5774872,D,S,C,2024-04-10,1000000.00,4.941296,99.1796875
10:26:02,91282CKH3,TSRYS5774872,D,S,C,2024-04-10,5000000.00,4.941187,99.1798875
10:26:02,91282CKH3,TSRYS5774872,D,S,C,2024-04-10,1000000.00,4.941296,99.1796875
10:26:02,91282CKH3,TSRYS5774872,D,S,C,2024-04-10,1000000.00,4.941296,99.1796875
10:26:02,91282CKH3,TSRYS5774872,D,B,C,2024-04-10,1000000.00,4.941431,99.1794375
10:26:02,91282CKH3,TSRYS5774872,D,B,C,2024-04-10,1000000.00,4.941431,99.1794375
10:26:02,91282CKH3,TSRYS5774872,D,S,C,2024-04-10,1000000.00,4.941296,99.1796875
10:26:02,91282CKH3,TSRYS5774872,D,S,C,2024-04-10,12000000.00,4.941296,99.1796875
10:26:02,91282CKH3,TSRYS5774872,D,S,C,2024-04-10,1000000.00,4.941296,99.1796875
10:26:06,91282CKH3,TSRYS5774872,D,S,T,2024-04-10,2000000.00,4.945528,99.171875
10:26:06,91282CKH3,TSRYS5774872,D,S,D,2024-04-10,1000000.00,4.942354,99.17773437
10:26:06,91282CKH3,TSRYS5774872,D,S,D,2024-04-10,1000000.00,4.942354,99.17773437
10:26:07,91282CKH3,TSRYS5774872,D,S,D,2024-04-10,3000000.00,4.945528,99.171875
10:26:07,91282CKH3,TSRYS5774872,D,S,D,2024-04-10,1000000.00,4.945528,99.171875
10:26:07,91282CKH3,TSRYS5774872,D,S,T,2024-04-10,1000000.00,4.942354,99.17773437
10:26:09,91282CKH3,TSRYS5774872,D,S,T,2024-04-10,2000000.00,4.943412,99.17578125
10:26:10,91282CKH3,TSRYS5774872,D,S,D,2024-04-10,100000.00,4.945528,99.171875
10:26:10,91282CKH3,TSRYS5774872,D,S,C,2024-04-10,100000.00,4.945528,99.171875
10:26:11,91282CKH3,TSRYS5774872,D,S,T,2024-04-10,1000000.00,4.943412,99.17578125
10:26:13,91282CKH3,TSRYS5774872,D,S,D,2024-04-10,100000.00,4.945528,99.171875
10:26:17,91282CKH3,TSRYS5774872,D,S,D,2024-04-10,6000000.00,4.945528,99.171875
10:26:17,91282CKH3,TSRYS5774872,D,B,C,2024-04-10,1000000.00,4.945528,99.171875
10:26:18,91282CKH3,TSRYS5774872,D,B,C,2024-04-10,1000000.00,4.945528,99.171875
10:26:18,91282CKH3,TSRYS5774872,D,B,C,2024-04-10,12000000.00,4.941296,99.1796875
10:26:18,91282CKH3,TSRYS5774872,D,S,C,2024-04-10,1000000.00,4.941296,99.1796875
10:26:18,91282CKH3,TSRYS5774872,D,S,C,2024-04-10,1000000.00,4.941296,99.1796875
10:26:18,91282CKH3,TSRYS5774872,D,S,C,2024-04-10,1000000.00,4.941296,99.1796875
10:26:18,91282CKH3,TSRYS5774872,D,S,C,2024-04-10,1000000.00,4.941296,99.1796875
10:26:18,91282CKH3,TSRYS5774872,D,S,C,2024-04-10,1000000.00,4.941296,99.1796875
10:26:18,91282CKH3,TSRYS5774872,D,B,C,2024-04-10,1000000.00,4.94135,99.1795875
10:26:18,91282CKH3,TSRYS5774872,D,B,C,2024-04-10,4000000.00,4.941296,99.1796875
10:26:18,91282CKH3,TSRYS5774872,D,B,C,2024-04-10,3000000.00,4.94135,99.1795875
10:26:18,91282CKH3,TSRYS5774872,D,S,C,2024-04-10,4000000.00,4.941296,99.1796875
10:26:18,91282CKH3,TSRYS5774872,D,S,C,2024-04-10,3000000.00,4.941187,99.1798875
10:26:18,91282CKH3,TSRYS5774872,D,S,C,2024-04-10,1000000.00,4.941296,99.1796875
10:26:18,91282CKH3,TSRYS5774872,D,S,C,2024-04-10,1000000.00,4.941296,99.1796875
10:26:18,91282CKH3,TSRYS5774872,D,B,C,2024-04-10,2000000.00,4.94135,99.1795875
10:26:18,91282CKH3,TSRYS5774872,D,S,D,2024-04-10,2000000.00,4.941296,99.1796875
10:26:18,91282CKH3,TSRYS5774872,D,S,D,2024-04-10,1000000.00,4.941214,99.1798375
10:26:18,91282CKH3,TSRYS5774872,D,S,C,2024-04-10,1000000.00,4.941296,99.1796875
10:26:18,91282CKH3,TSRYS5774872,D,B,C,2024-04-10,1000000.00,4.943466,99.17568125
10:26:18,91282CKH3,TSRYS5774872,D,S,D,2024-04-10,1000000.00,4.943412,99.17578125
10:26:18,91282CKH3,TSRYS5774872,D,B,C,2024-04-10,1000000.00,4.943466,99.17568125
10:26:18,91282CKH3,TSRYS5774872,D,S,D,2024-04-10,1000000.00,4.943412,99.17578125
10:26:18,91282CKH3,TSRYS5774872,D,S,D,2024-04-10,3000000.00,4.943412,99.17578125
10:26:18,91282CKH3,TSRYS5774872,D,B,C,2024-04-10,3000000.00,4.943466,99.17568125
10:26:18,91282CKH3,TSRYS5774872,D,S,C,2024-04-10,475000.00,4.945528,99.171875
10:26:18,91282CKH3,TSRYS5774872,D,S,C,2024-04-10,1000000.00,4.943412,99.17578125
10:26:18,91282CKH3,TSRYS5774872,D,B,C,2024-04-10,1000000.00,4.943493,99.17563125
10:26:18,91282CKH3,TSRYS5774872,D,B,C,2024-04-10,1000000.00,4.943493,99.17563125
10:26:18,91282CKH3,TSRYS5774872,D,S,D,2024-04-10,1000000.00,4.943412,99.17578125
10:26:18,91282CKH3,TSRYS5774872,D,B,C,2024-04-10,1000000.00,4.943493,99.17563125
10:26:20,91282CKH3,TSRYS5774872,D,S,D,2024-04-10,100000.00,4.943412,99.17578125
10:26:23,91282CKH3,TSRYS5774872,D,S,D,2024-04-10,475000.00,,99.171875
10:26:25,91282CKH3,TSRYS5774872,D,S,T,2024-04-10,2000000.00,4.945528,99.171875
10:26:26,91282CKH3,TSRYS5774872,D,S,C,2024-04-10,1000000.00,4.946586,99.169921875
10:26:26,91282CKH3,TSRYS5774872,D,S,T,2024-04-10,2000000.00,4.945528,99.171875
10:26:28,91282CKH3,TSRYS5774872,D,S,D,2024-04-10,33000.00,4.92437,99.210938
10:26:31,91282CKH3,TSRYS5774872,D,S,D,2024-04-10,4000000.00,4.948703,99.166015625
10:26:31,91282CKH3,TSRYS5774872,D,S,C,2024-04-10,1000000.00,4.946586,99.169921875
10:26:31,91282CKH3,TSRYS5774872,D,S,D,2024-04-10,2000000.00,4.946586,99.169921875
10:26:32,91282CKH3,TSRYS5774872,D,S,D,2024-04-10,4000000.00,4.948703,99.166015625
10:26:32,91282CKH3,TSRYS5774872,D,S,D,2024-04-10,1000000.00,4.946586,99.169921875
10:26:32,91282CKH3,TSRYS5774872,D,B,C,2024-04-10,1000000.00,4.946586,99.169921875
10:26:33,91282CKH3,TSRYS5774872,D,S,D,2024-04-10,1000000.00,4.947645,99.16796875
10:26:33,91282CKH3,TSRYS5774872,D,S,D,2024-04-10,1000000.00,4.941296,99.1796875
10:26:33,91282CKH3,TSRYS5774872,D,S,T,2024-04-10,1000000.00,4.943493,99.17563125
10:26:33,91282CKH3,TSRYS5774872,D,S,T,2024-04-10,1000000.00,4.943493,99.17563125
10:26:33,91282CKH3,TSRYS5774872,D,S,T,2024-04-10,2000000.00,4.941378,99.1795355
10:26:33,91282CKH3,TSRYS5774872,D,B,A,2024-04-10,2000000.00,4.941378,99.1795355
10:26:33,91282CKH3,TSRYS5774872,D,S,C,2024-04-10,2000000.00,4.947645,99.16796875
10:26:33,91282CKH3,TSRYS5774872,D,S,T,2024-04-10,1000000.00,4.941378,99.1795355
10:26:33,91282CKH3,TSRYS5774872,D,B,A,2024-04-10,1000000.00,4.941378,99.1795355
10:26:33,91282CKH3,TSRYS5774872,D,S,T,2024-04-10,1000000.00,4.941378,99.1795355
10:26:34,91282CKH3,TSRYS5774872,D,S,T,2024-04-10,3000000.00,4.945528,99.171875
10:26:34,91282CKH3,TSRYS5774872,D,S,D,2024-04-10,2000000.00,4.947645,99.16796875
10:26:35,91282CKH3,TSRYS5774872,D,B,A,2024-04-10,1000000.00,4.941378,99.1795355
10:26:35,91282CKH3,TSRYS5774872,D,S,T,2024-04-10,1000000.00,4.941378,99.1795355
10:26:35,91282CKH3,TSRYS5774872,D,B,A,2024-04-10,1000000.00,4.941378,99.1795355
10:26:35,91282CKH3,TSRYS5774872,D,S,T,2024-04-10,1000000.00,4.941378,99.1795355
10:26:35,91282CKH3,TSRYS5774872,D,B,A,2024-04-10,1000000.00,4.941378,99.1795355
10:26:35,91282CKH3,TSRYS5774872,D,B,A,2024-04-10,1000000.00,4.941378,99.1795355
10:26:35,91282CKH3,TSRYS5774872,D,S,T,2024-04-10,1000000.00,4.941378,99.1795355
10:26:35,91282CKH3,TSRYS5774872,D,B,A,2024-04-10,1000000.00,4.941378,99.1795355
10:26:35,91282CKH3,TSRYS5774872,D,S,T,2024-04-10,1000000.00,4.941378,99.1795355
10:26:35,91282CKH3,TSRYS5774872,D,B,A,2024-04-10,1000000.00,4.941378,99.1795355
10:26:35,91282CKH3,TSRYS5774872,D,S,T,2024-04-10,1000000.00,4.941378,99.1795355
10:26:36,91282CKH3,TSRYS5774872,D,S,T,2024-04-10,2000000.00,4.947645,99.16796875
10:26:36,91282CKH3,TSRYS5774872,D,S,T,2024-04-10,1000000.00,4.945528,99.171875
10:26:36,91282CKH3,TSRYS5774872,D,S,D,2024-04-10,2000000.00,4.945528,99.171875
10:26:36,91282CKH3,TSRYS5774872,D,S,D,2024-04-10,3000000.00,4.945528,99.171875
10:26:36,91282CKH3,TSRYS5774872,D,S,D,2024-04-10,8000000.00,4.945528,99.171875
10:26:36,91282CKH3,TSRYS5774872,D,S,D,2024-04-10,5000000.00,4.945528,99.171875
10:26:36,91282CKH3,TSRYS5774872,D,B,C,2024-04-10,2000000.00,4.945528,99.171875
10:26:36,91282CKH3,TSRYS5774872,D,S,C,2024-04-10,1000000.00,4.941296,99.1796875
10:26:36,91282CKH3,TSRYS5774872,D,B,C,2024-04-10,1000000.00,4.941296,99.1796875
10:26:36,91282CKH3,TSRYS5774872,D,S,C,2024-04-10,2000000.00,4.941296,99.1796875
10:26:36,91282CKH3,TSRYS5774872,D,B,C,2024-04-10,2000000.00,4.941296,99.1796875
10:26:36,91282CKH3,TSRYS5774872,D,S,C,2024-04-10,1000000.00,4.941296,99.1796875
10:26:36,91282CKH3,TSRYS5774872,D,B,C,2024-04-10,1000000.00,4.941431,99.1794375
10:26:36,91282CKH3,TSRYS5774872,D,S,C,2024-04-10,1000000.00,4.941296,99.1796875
10:26:36,91282CKH3,TSRYS5774872,D,S,C,2024-04-10,1000000.00,4.941296,99.1796875
10:26:36,91282CKH3,TSRYS5774872,D,S,D,2024-04-10,1000000.00,4.941296,99.1796875
10:26:36,91282CKH3,TSRYS5774872,D,B,C,2024-04-10,1000000.00,4.941296,99.1796875
10:26:36,91282CKH3,TSRYS5774872,D,S,D,2024-04-10,1000000.00,4.941214,99.1798375
10:26:36,91282CKH3,TSRYS5774872,D,B,C,2024-04-10,1000000.00,4.941296,99.1796875
10:26:37,91282CKH3,TSRYS5774872,D,S,D,2024-04-10,1000000.00,4.941296,99.1796875
10:26:37,91282CKH3,TSRYS5774872,D,B,C,2024-04-10,1000000.00,4.941296,99.1796875
10:26:37,91282CKH3,TSRYS5774872,D,B,C,2024-04-10,1000000.00,4.943493,99.17563125
10:26:37,91282CKH3,TSRYS5774872,D,S,C,2024-04-10,1000000.00,4.943412,99.17578125
10:26:37,91282CKH3,TSRYS5774872,D,S,C,2024-04-10,1000000.00,4.943412,99.17578125
10:26:37,91282CKH3,TSRYS5774872,D,B,C,2024-04-10,1000000.00,4.943493,99.17563125
10:26:37,91282CKH3,TSRYS5774872,D,S,D,2024-04-10,1000000.00,4.943412,99.17578125
10:26:37,91282CKH3,TSRYS5774872,D,B,C,2024-04-10,2000000.00,4.943466,99.17568125
10:26:37,91282CKH3,TSRYS5774872,D,S,D,2024-04-10,2000000.00,4.943412,99.17578125
10:26:39,91282CKH3,TSRYS5774872,D,S,C,2024-04-10,100000.00,4.918448,99.221875
10:26:40,91282CKH3,TSRYS5774872,D,S,T,2024-04-10,2000000.00,4.945609,99.171725
10:26:42,91282CKH3,TSRYS5774872,D,S,C,2024-04-10,2000.00,4.942558,99.177358
10:26:45,91282CKH3,TSRYS5774872,D,S,D,2024-04-10,200000.00,4.939501,99.183
10:26:47,91282CKH3,TSRYS5774872,D,S,D,2024-04-10,150000.00,4.939179,99.183594
10:26:48,91282CKH3,TSRYS5774872,D,S,T,2024-04-10,1000000.00,4.946586,99.16992187
10:26:48,91282CKH3,TSRYS5774872,D,S,D,2024-04-10,1000000.00,4.946586,99.16992187
10:26:49,91282CKH3,TSRYS5774872,D,S,T,2024-04-10,2000000.00,4.946586,99.16992187
10:26:51,91282CKH3,TSRYS5774872,D,S,T,2024-04-10,2000000.00,4.947645,99.16796875
10:26:51,91282CKH3,TSRYS5774872,D,S,T,2024-04-10,1000000.00,4.947645,99.16796875
10:26:52,91282CKH3,TSRYS5774872,D,S,D,2024-04-10,2000000.00,4.945528,99.171875
10:26:52,91282CKH3,TSRYS5774872,D,B,C,2024-04-10,5000000.00,4.945637,99.171675
10:26:52,91282CKH3,TSRYS5774872,D,B,C,2024-04-10,2000000.00,4.945528,99.171875
10:26:52,91282CKH3,TSRYS5774872,D,S,D,2024-04-10,1000000.00,4.945528,99.171875
10:26:52,91282CKH3,TSRYS5774872,D,S,D,2024-04-10,2000000.00,4.941296,99.1796875
10:26:52,91282CKH3,TSRYS5774872,D,S,D,2024-04-10,1000000.00,4.941214,99.1798375
10:26:52,91282CKH3,TSRYS5774872,D,S,D,2024-04-10,1000000.00,4.941296,99.1796875
10:26:52,91282CKH3,TSRYS5774872,D,B,C,2024-04-10,1000000.00,4.941296,99.1796875
10:26:52,91282CKH3,TSRYS5774872,D,S,D,2024-04-10,1000000.00,4.941296,99.1796875
10:26:52,91282CKH3,TSRYS5774872,D,S,D,2024-04-10,1000000.00,4.941296,99.1796875
10:26:56,91282CKH3,TSRYS5774872,D,S,D,2024-04-10,1000000.00,4.941296,99.1796875
10:26:56,91282CKH3,TSRYS5774872,D,S,D,2024-04-10,1000000.00,4.941296,99.1796875
10:26:56,91282CKH3,TSRYS5774872,D,S,D,2024-04-10,1000000.00,4.943412,99.17578125
10:26:56,91282CKH3,TSRYS5774872,D,B,C,2024-04-10,2000000.00,4.943412,99.17578125
10:26:56,91282CKH3,TSRYS5774872,D,S,D,2024-04-10,2000000.00,4.943412,99.17578125
10:26:56,91282CKH3,TSRYS5774872,D,S,D,2024-04-10,2000000.00,4.943412,99.17578125
10:26:56,91282CKH3,TSRYS5774872,D,B,C,2024-04-10,1000000.00,4.943412,99.17578125
10:26:56,91282CKH3,TSRYS5774872,D,S,D,2024-04-10,1000000.00,4.943412,99.17578125
10:26:56,91282CKH3,TSRYS5774872,D,S,D,2024-04-10,1000000.00,4.943412,99.17578125
10:26:56,91282CKH3,TSRYS5774872,D,S,D,2024-04-10,2000000.00,4.945528,99.171875
10:26:56,91282CKH3,TSRYS5774872,D,S,D,2024-04-10,2000000.00,4.945528,99.171875
10:26:56,91282CKH3,TSRYS5774872,D,S,D,2024-04-10,1000000.00,4.945528,99.171875
10:26:56,91282CKH3,TSRYS5774872,D,S,D,2024-04-10,2000000.00,4.945528,99.171875
10:26:56,91282CKH3,TSRYS5774872,D,B,C,2024-04-10,1000000.00,4.945528,99.171875
10:26:56,91282CKH3,TSRYS5774872,D,S,D,2024-04-10,2000000.00,4.945528,99.171875
10:26:56,91282CKH3,TSRYS5774872,D,B,C,2024-04-10,2000000.00,4.945528,99.171875
10:26:56,91282CKH3,TSRYS5774872,D,B,C,2024-04-10,1000000.00,4.945528,99.171875
10:26:56,91282CKH3,TSRYS5774872,D,S,D,2024-04-10,1000000.00,4.945528,99.171875
10:26:56,91282CKH3,TSRYS5774872,D,B,C,2024-04-10,2000000.00,4.945528,99.171875
10:26:56,91282CKH3,TSRYS5774872,D,S,D,2024-04-10,2000000.00,4.945528,99.171875
10:26:56,91282CKH3,TSRYS5774872,D,S,D,2024-04-10,1000000.00,4.945528,99.171875
10:26:56,91282CKH3,TSRYS5774872,D,S,D,2024-04-10,2000000.00,4.945528,99.171875
10:26:56,91282CKH3,TSRYS5774872,D,S,D,2024-04-10,2000000.00,4.945528,99.171875
10:26:56,91282CKH3,TSRYS5774872,D,B,C,2024-04-10,2000000.00,4.945528,99.171875
10:26:56,91282CKH3,TSRYS5774872,D,S,T,2024-04-10,1000000.00,4.947726,99.16781875
10:26:56,91282CKH3,TSRYS5774872,D,S,T,2024-04-10,2000000.00,4.947645,99.16796875
10:26:56,91282CKH3,TSRYS5774872,D,S,C,2024-04-10,200000.00,4.939501,99.183
10:26:56,91282CKH3,TSRYS5774872,D,S,T,2024-04-10,2000000.00,4.947726,99.16781875
10:26:59,91282CKH3,TSRYS5774872,D,S,T,2024-04-10,3000000.00,4.947645,99.16796875
10:27:00,91282CKH3,TSRYS5774872,D,S,D,2024-04-10,33000.00,4.92437,99.210938
10:27:00,91282CKH3,TSRYS5774872,D,S,C,2024-04-10,33000.00,4.92437,99.210938
10:27:00,91282CKH3,TSRYS5774872,D,S,D,2024-04-10,23575000.00,4.948703,99.166015625
10:27:01,91282CKH3,TSRYS5774872,D,S,T,2024-04-10,1000000.00,4.947645,99.16796875
10:27:03,91282CKH3,TSRYS5774872,D,S,T,2024-04-10,2000000.00,4.947645,99.16796875
10:27:03,91282CKH3,TSRYS5774872,D,S,T,2024-04-10,1000000.00,4.947726,99.16781875
10:27:04,91282CKH3,TSRYS5774872,D,S,T,2024-04-10,1000000.00,4.947726,99.16781875
10:27:05,91282CKH3,TSRYS5774872,D,S,T,2024-04-10,3000000.00,4.947645,99.16796875
10:27:05,91282CKH3,TSRYS5774872,D,S,T,2024-04-10,3000000.00,4.947645,99.16796875
10:27:05,91282CKH3,TSRYS5774872,D,S,D,2024-04-10,1000000.00,4.945528,99.171875
10:27:05,91282CKH3,TSRYS5774872,D,B,C,2024-04-10,1000000.00,4.945528,99.171875
10:27:05,91282CKH3,TSRYS5774872,D,B,C,2024-04-10,1000000.00,4.945528,99.171875
10:27:05,91282CKH3,TSRYS5774872,D,S,D,2024-04-10,1000000.00,4.945528,99.171875
10:27:05,91282CKH3,TSRYS5774872,D,B,C,2024-04-10,8000000.00,4.945528,99.171875
10:27:05,91282CKH3,TSRYS5774872,D,B,C,2024-04-10,1000000.00,4.941296,99.1796875
10:27:05,91282CKH3,TSRYS5774872,D,S,D,2024-04-10,4000000.00,4.945528,99.171875
10:27:05,91282CKH3,TSRYS5774872,D,S,D,2024-04-10,3000000.00,4.945528,99.171875
10:27:05,91282CKH3,TSRYS5774872,D,S,D,2024-04-10,1000000.00,4.945405,99.172102
10:27:05,91282CKH3,TSRYS5774872,D,S,C,2024-04-10,2000000.00,4.945405,99.172102
10:27:05,91282CKH3,TSRYS5774872,D,B,C,2024-04-10,1000000.00,4.945528,99.171875
10:27:05,91282CKH3,TSRYS5774872,D,B,C,2024-04-10,2000000.00,4.945528,99.171875
10:27:05,91282CKH3,TSRYS5774872,D,S,T,2024-04-10,1000000.00,4.947645,99.16796875
10:27:05,91282CKH3,TSRYS5774872,D,S,D,2024-04-10,2000000.00,4.945528,99.171875
10:27:05,91282CKH3,TSRYS5774872,D,S,D,2024-04-10,1000000.00,4.945405,99.172102
10:27:06,91282CKH3,TSRYS5774872,D,B,C,2024-04-10,1000000.00,4.945528,99.171875
10:27:06,91282CKH3,TSRYS5774872,D,S,D,2024-04-10,1000000.00,4.945528,99.171875
10:27:06,91282CKH3,TSRYS5774872,D,S,D,2024-04-10,1000000.00,4.945528,99.171875
10:27:06,91282CKH3,TSRYS5774872,D,B,C,2024-04-10,1000000.00,4.945691,99.171575
10:27:06,91282CKH3,TSRYS5774872,D,S,D,2024-04-10,1000000.00,4.945528,99.171875
10:27:06,91282CKH3,TSRYS5774872,D,B,C,2024-04-10,1000000.00,4.945528,99.171875
10:27:06,91282CKH3,TSRYS5774872,D,B,C,2024-04-10,1000000.00,4.945528,99.171875
10:27:06,91282CKH3,TSRYS5774872,D,B,C,2024-04-10,1000000.00,4.947645,99.16796875
10:27:06,91282CKH3,TSRYS5774872,D,S,D,2024-04-10,2000000.00,4.947645,99.16796875
10:27:06,91282CKH3,TSRYS5774872,D,S,D,2024-04-10,1000000.00,4.947645,99.16796875
10:27:06,91282CKH3,TSRYS5774872,D,B,C,2024-04-10,5000000.00,4.947767,99.16774375
10:27:06,91282CKH3,TSRYS5774872,D,S,D,2024-04-10,5000000.00,4.947645,99.16796875
10:27:06,91282CKH3,TSRYS5774872,D,S,D,2024-04-10,1000000.00,4.947645,99.16796875
10:27:06,91282CKH3,TSRYS5774872,D,S,D,2024-04-10,2000000.00,4.947645,99.16796875
10:27:06,91282CKH3,TSRYS5774872,D,S,D,2024-04-10,1000000.00,4.947645,99.16796875
10:27:06,91282CKH3,TSRYS5774872,D,B,C,2024-04-10,2000000.00,4.947645,99.16796875
10:27:06,91282CKH3,TSRYS5774872,D,B,C,2024-04-10,1000000.00,4.947807,99.16766875
10:27:06,91282CKH3,TSRYS5774872,D,S,D,2024-04-10,2000000.00,4.947645,99.16796875
10:27:06,91282CKH3,TSRYS5774872,D,B,C,2024-04-10,1000000.00,4.947645,99.16796875
10:27:06,91282CKH3,TSRYS5774872,D,S,D,2024-04-10,1000000.00,4.947645,99.16796875
10:27:06,91282CKH3,TSRYS5774872,D,S,D,2024-04-10,1000000.00,4.947645,99.16796875
10:27:06,91282CKH3,TSRYS5774872,D,B,C,2024-04-10,1000000.00,4.947645,99.16796875
10:27:06,91282CKH3,TSRYS5774872,D,S,D,2024-04-10,1000000.00,4.947645,99.16796875
10:27:06,91282CKH3,TSRYS5774872,D,B,C,2024-04-10,1000000.00,4.947645,99.16796875
10:27:06,91282CKH3,TSRYS5774872,D,S,T,2024-04-10,3000000.00,4.947645,99.16796875
10:27:06,91282CKH3,TSRYS5774872,D,S,T,2024-04-10,1000000.00,4.947726,99.16781875
10:27:06,91282CKH3,TSRYS5774872,D,S,T,2024-04-10,3000000.00,4.947645,99.16796875
10:27:06,91282CKH3,TSRYS5774872,D,S,T,2024-04-10,3000000.00,4.947645,99.16796875
10:27:08,91282CKH3,TSRYS5774872,D,S,D,2024-04-10,750000.00,4.944512,99.17374975
10:27:10,91282CKH3,TSRYS5774872,D,S,C,2024-04-10,6000000.00,4.947645,99.16796875
10:27:11,91282CKH3,TSRYS5774872,D,S,D,2024-04-10,1000000.00,4.94759,99.16806875
10:27:11,91282CKH3,TSRYS5774872,D,S,D,2024-04-10,1000000.00,4.948703,99.166015625
10:27:11,91282CKH3,TSRYS5774872,D,S,C,2024-04-10,2000000.00,4.948703,99.166015625
10:27:11,91282CKH3,TSRYS5774872,D,B,C,2024-04-10,2000000.00,4.948703,99.166015625
10:27:11,91282CKH3,TSRYS5774872,D,S,C,2024-04-10,2000000.00,4.948703,99.166015625
10:27:11,91282CKH3,TSRYS5774872,D,S,C,2024-04-10,1000000.00,4.948703,99.166015625
10:27:11,91282CKH3,TSRYS5774872,D,B,C,2024-04-10,2000000.00,4.948703,99.166015625
10:27:11,91282CKH3,TSRYS5774872,D,S,D,2024-04-10,1000000.00,4.94759,99.16806875
10:27:11,91282CKH3,TSRYS5774872,D,B,C,2024-04-10,2000000.00,4.947753,99.16776875
10:27:12,91282CKH3,TSRYS5774872,D,S,D,2024-04-10,2000000.00,4.94759,99.16806875
10:27:12,91282CKH3,TSRYS5774872,D,S,C,2024-04-10,2000000.00,4.949761,99.1640625
10:27:12,91282CKH3,TSRYS5774872,D,S,T,2024-04-10,2000000.00,4.947645,99.16796875
10:27:12,91282CKH3,TSRYS5774872,D,B,C,2024-04-10,2000000.00,4.947699,99.16786875
10:27:12,91282CKH3,TSRYS5774872,D,S,D,2024-04-10,2000000.00,4.94759,99.16806875
10:27:12,91282CKH3,TSRYS5774872,D,S,T,2024-04-10,1000000.00,4.947645,99.16796875
10:27:13,91282CKH3,TSRYS5774872,D,S,C,2024-04-10,1000000.00,4.950819,99.162109375
10:27:13,91282CKH3,TSRYS5774872,D,B,C,2024-04-10,1000000.00,4.950819,99.162109375
10:27:13,91282CKH3,TSRYS5774872,D,S,C,2024-04-10,2000000.00,4.950819,99.162109375
10:27:13,91282CKH3,TSRYS5774872,D,B,C,2024-04-10,2000000.00,4.950819,99.162109375
10:27:13,91282CKH3,TSRYS5774872,D,S,C,2024-04-10,1000000.00,4.951769,99.16035625
10:27:13,91282CKH3,TSRYS5774872,D,B,C,2024-04-10,1000000.00,4.951878,99.16015625
10:27:14,91282CKH3,TSRYS5774872,D,S,A,2024-04-10,5000000.00,4.948169,99.16796875
10:27:15,91282CKH3,TSRYS5774872,D,B,C,2024-04-10,1000000.00,4.950819,99.162109375
10:27:15,91282CKH3,TSRYS5774872,D,S,C,2024-04-10,1000000.00,4.950819,99.162109375
10:27:15,91282CKH3,TSRYS5774872,D,S,T,2024-04-10,1000000.00,4.950819,99.162109375
10:27:16,91282CKH3,TSRYS5774872,D,S,T,2024-04-10,5000000.00,4.951878,99.16015625
10:27:16,91282CKH3,TSRYS5774872,D,S,D,2024-04-10,1000000.00,4.950657,99.162409375
10:27:16,91282CKH3,TSRYS5774872,D,S,T,2024-04-10,5000000.00,4.947726,99.16781875
10:27:16,91282CKH3,TSRYS5774872,D,S,D,2024-04-10,2000000.00,4.950657,99.162409375
10:27:16,91282CKH3,TSRYS5774872,D,S,C,2024-04-10,1000000.00,4.949761,99.1640625
10:27:16,91282CKH3,TSRYS5774872,D,B,C,2024-04-10,1000000.00,4.949761,99.1638625
10:27:16,91282CKH3,TSRYS5774872,D,S,C,2024-04-10,1000000.00,4.949761,99.1640625
10:27:16,91282CKH3,TSRYS5774872,D,B,C,2024-04-10,1000000.00,4.949761,99.1638625
10:27:16,91282CKH3,TSRYS5774872,D,S,C,2024-04-10,2000000.00,4.949761,99.1640625
10:27:16,91282CKH3,TSRYS5774872,D,B,C,2024-04-10,2000000.00,4.949761,99.1638625
10:27:16,91282CKH3,TSRYS5774872,D,S,C,2024-04-10,2000000.00,4.949761,99.1640625
10:27:16,91282CKH3,TSRYS5774872,D,B,C,2024-04-10,2000000.00,4.949761,99.1638625
10:27:16,91282CKH3,TSRYS5774872,D,S,D,2024-04-10,1000000.00,4.949761,99.1640625
10:27:16,91282CKH3,TSRYS5774872,D,B,C,2024-04-10,1000000.00,4.949761,99.1638625
10:27:16,91282CKH3,TSRYS5774872,D,S,C,2024-04-10,1000000.00,4.949761,99.1640625
10:27:16,91282CKH3,TSRYS5774872,D,B,C,2024-04-10,1000000.00,4.949761,99.1638625
10:27:16,91282CKH3,TSRYS5774872,D,S,C,2024-04-10,1000000.00,4.949761,99.1640625
10:27:16,91282CKH3,TSRYS5774872,D,B,C,2024-04-10,1000000.00,4.949761,99.1638625
10:27:16,91282CKH3,TSRYS5774872,D,S,D,2024-04-10,1000000.00,4.950657,99.162409375
10:27:17,91282CKH3,TSRYS5774872,D,S,T,2024-04-10,1000000.00,4.950819,99.162109375
10:27:17,91282CKH3,TSRYS5774872,D,S,T,2024-04-10,4000000.00,4.950819,99.162109375
10:27:17,91282CKH3,TSRYS5774872,D,S,T,2024-04-10,2000000.00,4.949761,99.1640625
10:27:18,91282CKH3,TSRYS5774872,D,S,D,2024-04-10,5000000.00,4.950765,99.162209375
10:27:18,91282CKH3,TSRYS5774872,D,B,C,2024-04-10,2000000.00,4.950819,99.162109375
10:27:18,91282CKH3,TSRYS5774872,D,S,D,2024-04-10,2000000.00,4.950765,99.162209375
10:27:18,91282CKH3,TSRYS5774872,D,B,C,2024-04-10,2000000.00,4.950928,99.161909375
10:27:18,91282CKH3,TSRYS5774872,D,S,D,2024-04-10,2000000.00,4.950765,99.162209375
10:27:18,91282CKH3,TSRYS5774872,D,S,T,2024-04-10,5000000.00,4.950819,99.162109375
10:27:19,91282CKH3,TSRYS5774872,D,S,T,2024-04-10,1000000.00,4.947645,99.16796875
10:27:19,91282CKH3,TSRYS5774872,D,S,D,2024-04-10,5000000.00,4.951878,99.16015625
10:27:21,91282CKH3,TSRYS5774872,D,B,C,2024-04-10,1000000.00,4.945528,99.171875
10:27:21,91282CKH3,TSRYS5774872,D,S,C,2024-04-10,1000000.00,4.947645,99.16796875
10:27:21,91282CKH3,TSRYS5774872,D,S,C,2024-04-10,1000000.00,4.94759,99.16806875
10:27:21,91282CKH3,TSRYS5774872,D,S,D,2024-04-10,5000000.00,4.947645,99.16796875
10:27:21,91282CKH3,TSRYS5774872,D,B,C,2024-04-10,1000000.00,4.947807,99.16766875
10:27:21,91282CKH3,TSRYS5774872,D,S,D,2024-04-10,1000000.00,4.947645,99.16796875
10:27:21,91282CKH3,TSRYS5774872,D,S,D,2024-04-10,1000000.00,4.947645,99.16796875
10:27:21,91282CKH3,TSRYS5774872,D,B,C,2024-04-10,1000000.00,4.947645,99.16796875
10:27:21,91282CKH3,TSRYS5774872,D,S,D,2024-04-10,3000000.00,4.947645,99.16796875
10:27:21,91282CKH3,TSRYS5774872,D,B,C,2024-04-10,1000000.00,4.947645,99.16796875
10:27:21,91282CKH3,TSRYS5774872,D,S,D,2024-04-10,2000000.00,4.947645,99.16796875
10:27:21,91282CKH3,TSRYS5774872,D,S,D,2024-04-10,2000000.00,4.947645,99.16796875
10:27:21,91282CKH3,TSRYS5774872,D,B,C,2024-04-10,2000000.00,4.947645,99.16796875
10:27:21,91282CKH3,TSRYS5774872,D,S,D,2024-04-10,1000000.00,4.947645,99.16796875
10:27:22,91282CKH3,TSRYS5774872,D,S,T,2024-04-10,1000000.00,4.950819,99.162109375
10:27:22,91282CKH3,TSRYS5774872,D,S,T,2024-04-10,1000000.00,4.950819,99.162109375
10:27:22,91282CKH3,TSRYS5774872,D,S,D,2024-04-10,250000.00,4.94958,99.1643975
10:27:22,91282CKH3,TSRYS5774872,D,S,D,2024-04-10,4000000.00,4.950819,99.162109375
10:27:22,91282CKH3,TSRYS5774872,D,B,C,2024-04-10,2000000.00,4.949761,99.1640625
10:27:22,91282CKH3,TSRYS5774872,D,S,D,2024-04-10,2000000.00,4.949761,99.1640625
10:27:26,91282CKH3,TSRYS5774872,D,S,C,2024-04-10,250000.00,4.94958,99.1643975
10:27:26,91282CKH3,TSRYS5774872,D,S,C,2024-04-10,250000000.00,4.943412,99.17578125
10:27:27,91282CKH3,TSRYS5774872,D,S,T,2024-04-10,1000000.00,4.947645,99.16796875
10:27:27,91282CKH3,TSRYS5774872,D,S,T,2024-04-10,5000000.00,4.947753,99.16776875
10:27:28,91282CKH3,TSRYS5774872,D,S,C,2024-04-10,750000.00,4.944513,99.173749
10:27:28,91282CKH3,TSRYS5774872,D,S,D,2024-04-10,750000.00,4.944513,99.173749
10:27:35,91282CKH3,TSRYS5774872,D,S,A,2024-04-10,20000000.00,4.949761,99.1640625
10:27:36,91282CKH3,TSRYS5774872,D,S,D,2024-04-10,2000000.00,4.945528,99.171875
10:27:36,91282CKH3,TSRYS5774872,D,S,D,2024-04-10,1000000.00,4.945528,99.171875
10:27:36,91282CKH3,TSRYS5774872,D,B,C,2024-04-10,1000000.00,4.945528,99.171875
10:27:36,91282CKH3,TSRYS5774872,D,S,D,2024-04-10,1000000.00,4.947645,99.16796875
10:27:36,91282CKH3,TSRYS5774872,D,B,C,2024-04-10,1000000.00,4.947645,99.16796875
10:27:36,91282CKH3,TSRYS5774872,D,S,D,2024-04-10,3000000.00,4.947645,99.16796875
10:27:36,91282CKH3,TSRYS5774872,D,B,C,2024-04-10,1000000.00,4.947807,99.16766875
10:27:36,91282CKH3,TSRYS5774872,D,S,D,2024-04-10,1000000.00,4.947645,99.16796875
10:27:36,91282CKH3,TSRYS5774872,D,S,D,2024-04-10,3000000.00,4.947645,99.16796875
10:27:36,91282CKH3,TSRYS5774872,D,S,D,2024-04-10,1000000.00,4.947522,99.16819575
10:27:36,91282CKH3,TSRYS5774872,D,S,D,2024-04-10,2000000.00,4.947645,99.16796875
10:27:36,91282CKH3,TSRYS5774872,D,B,C,2024-04-10,2000000.00,4.947645,99.16796875
10:27:36,91282CKH3,TSRYS5774872,D,S,D,2024-04-10,3000000.00,4.947645,99.16796875
10:27:36,91282CKH3,TSRYS5774872,D,S,D,2024-04-10,3000000.00,4.947645,99.16796875
10:27:37,91282CKH3,TSRYS5774872,D,S,D,2024-04-10,1000000.00,4.947522,99.16819575
10:27:37,91282CKH3,TSRYS5774872,D,S,C,2024-04-10,2000000.00,4.949761,99.1640625
10:27:37,91282CKH3,TSRYS5774872,D,S,D,2024-04-10,1000000.00,4.949638,99.1642895
10:27:37,91282CKH3,TSRYS5774872,D,S,C,2024-04-10,5000000.00,4.949626,99.1643125
10:27:37,91282CKH3,TSRYS5774872,D,S,D,2024-04-10,2000000.00,4.949761,99.1640625
10:27:37,91282CKH3,TSRYS5774872,D,S,C,2024-04-10,1000000.00,4.949761,99.1640625
10:27:37,91282CKH3,TSRYS5774872,D,B,C,2024-04-10,1000000.00,4.949842,99.1639125
10:27:46,91282CKH3,TSRYS5774872,D,S,T,2024-04-10,2000000.00,4.949761,99.1640625
10:27:46,91282CKH3,TSRYS5774872,D,S,D,2024-04-10,1000000.00,4.949761,99.1640625
10:27:47,91282CKH3,TSRYS5774872,D,S,D,2024-04-10,1000000.00,4.949761,99.1640625
10:27:47,91282CKH3,TSRYS5774872,D,S,D,2024-04-10,1000000.00,4.949761,99.1640625
10:27:47,91282CKH3,TSRYS5774872,D,S,D,2024-04-10,1000000.00,4.949761,99.1640625
10:27:47,91282CKH3,TSRYS5774872,D,B,C,2024-04-10,1000000.00,4.949761,99.1640625
10:27:47,91282CKH3,TSRYS5774872,D,S,D,2024-04-10,1000000.00,4.949761,99.1640625
10:27:47,91282CKH3,TSRYS5774872,D,B,C,2024-04-10,1000000.00,4.949761,99.1640625
10:27:47,91282CKH3,TSRYS5774872,D,B,C,2024-04-10,1000000.00,4.949761,99.1640625
10:27:47,91282CKH3,TSRYS5774872,D,B,C,2024-04-10,1000000.00,4.949761,99.1640625
10:27:47,91282CKH3,TSRYS5774872,D,B,C,2024-04-10,1000000.00,4.949761,99.1640625
10:27:47,91282CKH3,TSRYS5774872,D,S,D,2024-04-10,1000000.00,4.949761,99.1640625
10:27:47,91282CKH3,TSRYS5774872,D,S,D,2024-04-10,2000000.00,4.948703,99.166015625
10:27:50,91282CKH3,TSRYS5774872,D,S,T,2024-04-10,1000000.00,4.949761,99.1640625
10:27:50,91282CKH3,TSRYS5774872,D,S,D,2024-04-10,205000000.00,4.948933,99.16559
10:27:50,91282CKH3,TSRYS5774872,D,B,C,2024-04-10,1000000.00,4.949761,99.1640625
10:27:50,91282CKH3,TSRYS5774872,D,S,C,2024-04-10,1000000.00,4.949761,99.1640625
10:27:50,91282CKH3,TSRYS5774872,D,B,C,2024-04-10,1000000.00,4.949761,99.1640625
10:27:50,91282CKH3,TSRYS5774872,D,S,C,2024-04-10,1000000.00,4.949761,99.1640625
10:27:50,91282CKH3,TSRYS5774872,D,B,C,2024-04-10,1000000.00,4.949761,99.1640625
10:27:50,91282CKH3,TSRYS5774872,D,S,C,2024-04-10,1000000.00,4.949761,99.1640625
10:27:50,91282CKH3,TSRYS5774872,D,S,C,2024-04-10,1000000.00,4.949761,99.1640625
10:27:50,91282CKH3,TSRYS5774872,D,B,C,2024-04-10,1000000.00,4.949761,99.1640625
10:27:50,91282CKH3,TSRYS5774872,D,S,C,2024-04-10,1000000.00,4.949761,99.1640625
10:27:51,91282CKH3,TSRYS5774872,D,B,C,2024-04-10,1000000.00,4.949761,99.1640625
10:27:51,91282CKH3,TSRYS5774872,D,S,T,2024-04-10,1000000.00,4.949761,99.1640625
10:27:52,91282CKH3,TSRYS5774872,D,S,D,2024-04-10,1000000.00,4.945528,99.171875
10:27:52,91282CKH3,TSRYS5774872,D,B,C,2024-04-10,2000000.00,4.945528,99.171875
10:27:52,91282CKH3,TSRYS5774872,D,S,C,2024-04-10,1000000.00,4.947645,99.16796875
10:27:52,91282CKH3,TSRYS5774872,D,S,T,2024-04-10,1000000.00,4.949761,99.1640625
10:27:52,91282CKH3,TSRYS5774872,D,S,D,2024-04-10,1000000.00,4.947645,99.16796875
10:27:52,91282CKH3,TSRYS5774872,D,S,D,2024-04-10,2000000.00,4.947645,99.16796875
10:27:52,91282CKH3,TSRYS5774872,D,B,C,2024-04-10,2000000.00,4.947645,99.16796875
10:27:52,91282CKH3,TSRYS5774872,D,S,D,2024-04-10,1000000.00,4.947645,99.16796875
10:27:52,91282CKH3,TSRYS5774872,D,B,C,2024-04-10,1000000.00,4.947807,99.16766875
10:27:52,91282CKH3,TSRYS5774872,D,S,D,2024-04-10,3000000.00,4.947645,99.16796875
10:27:52,91282CKH3,TSRYS5774872,D,S,D,2024-04-10,2000000.00,4.947645,99.16796875
10:27:52,91282CKH3,TSRYS5774872,D,B,C,2024-04-10,6000000.00,4.949842,99.1639125
10:27:52,91282CKH3,TSRYS5774872,D,B,C,2024-04-10,2000000.00,4.949842,99.1639125
10:27:52,91282CKH3,TSRYS5774872,D,S,C,2024-04-10,1000000.00,4.949761,99.1640625
10:27:52,91282CKH3,TSRYS5774872,D,B,C,2024-04-10,2000000.00,4.949842,99.1639125
10:27:52,91282CKH3,TSRYS5774872,D,B,C,2024-04-10,1000000.00,4.949842,99.1639125
10:27:52,91282CKH3,TSRYS5774872,D,B,C,2024-04-10,1000000.00,4.949842,99.1639125
10:27:52,91282CKH3,TSRYS5774872,D,S,C,2024-04-10,6000000.00,4.94968,99.1642125
10:27:53,91282CKH3,TSRYS5774872,D,S,D,2024-04-10,1000000.00,4.949761,99.1640625
10:27:53,91282CKH3,TSRYS5774872,D,B,C,2024-04-10,2000000.00,4.949761,99.1640625
10:27:53,91282CKH3,TSRYS5774872,D,B,C,2024-04-10,1000000.00,4.949761,99.1640625
10:27:53,91282CKH3,TSRYS5774872,D,S,D,2024-04-10,2000000.00,4.949761,99.1640625
10:27:53,91282CKH3,TSRYS5774872,D,S,D,2024-04-10,2000000.00,4.949761,99.1640625
10:27:54,91282CKH3,TSRYS5774872,D,S,D,2024-04-10,1000000.00,4.949761,99.1640625
10:27:57,91282CKH3,TSRYS5774872,D,S,C,2024-04-10,25000000.00,4.949761,99.1640625
10:27:57,91282CKH3,TSRYS5774872,D,S,C,2024-04-10,3000000.00,4.949653,99.1642625
10:27:57,91282CKH3,TSRYS5774872,D,S,C,2024-04-10,1000000.00,4.949761,99.1640625
10:27:58,91282CKH3,TSRYS5774872,D,S,T,2024-04-10,1000000.00,4.948703,99.166015625
10:27:58,91282CKH3,TSRYS5774872,D,S,T,2024-04-10,1000000.00,4.948703,99.166015625
10:27:59,91282CKH3,TSRYS5774872,D,S,T,2024-04-10,2000000.00,4.949761,99.1640625
10:27:59,91282CKH3,TSRYS5774872,D,S,T,2024-04-10,5000000.00,4.949761,99.1640625
10:28:00,91282CKH3,TSRYS5774872,D,B,A,2024-04-10,300000.00,4.945501,99.17578125
10:28:00,91282CKH3,TSRYS5774872,D,S,T,2024-04-10,3000000.00,4.949761,99.1640625
10:28:00,91282CKH3,TSRYS5774872,D,S,T,2024-04-10,1000000.00,4.949761,99.1640625
10:28:00,91282CKH3,TSRYS5774872,D,S,T,2024-04-10,2000000.00,4.949761,99.1640625
10:28:01,91282CKH3,TSRYS5774872,D,S,T,2024-04-10,3000000.00,4.949761,99.1640625
10:28:01,91282CKH3,TSRYS5774872,D,S,T,2024-04-10,2000000.00,4.949761,99.1640625
10:28:01,91282CKH3,TSRYS5774872,D,S,T,2024-04-10,2000000.00,4.949761,99.1640625
10:28:01,91282CKH3,TSRYS5774872,D,S,T,2024-04-10,2000000.00,4.949761,99.1640625
10:28:02,91282CKH3,TSRYS5774872,D,S,T,2024-04-10,2000000.00,4.949761,99.1640625
10:28:02,91282CKH3,TSRYS5774872,D,S,T,2024-04-10,3000000.00,4.949761,99.1640625
10:28:02,91282CKH3,TSRYS5774872,D,S,T,2024-04-10,1000000.00,4.949761,99.1640625
10:28:03,91282CKH3,TSRYS5774872,D,S,T,2024-04-10,1000000.00,4.949761,99.1640625
10:28:03,91282CKH3,TSRYS5774872,D,S,T,2024-04-10,1000000.00,4.949761,99.1640625
10:28:03,91282CKH3,TSRYS5774872,D,S,T,2024-04-10,9000000.00,4.949761,99.1640625
10:28:04,91282CKH3,TSRYS5774872,D,S,T,2024-04-10,1000000.00,4.949761,99.1640625
10:28:04,91282CKH3,TSRYS5774872,D,S,T,2024-04-10,2000000.00,4.949761,99.1640625
10:28:04,91282CKH3,TSRYS5774872,D,S,T,2024-04-10,3000000.00,4.949761,99.1640625
10:28:05,91282CKH3,TSRYS5774872,D,S,T,2024-04-10,3000000.00,4.949761,99.1640625
10:28:05,91282CKH3,TSRYS5774872,D,S,T,2024-04-10,1000000.00,4.949761,99.1640625
10:28:08,91282CKH3,TSRYS5774872,D,S,C,2024-04-10,2000000.00,4.949761,99.1640625
10:28:08,91282CKH3,TSRYS5774872,D,B,C,2024-04-10,1000000.00,4.949842,99.1639125
10:28:08,91282CKH3,TSRYS5774872,D,S,C,2024-04-10,1000000.00,4.949761,99.1640625
10:28:08,91282CKH3,TSRYS5774872,D,B,C,2024-04-10,1000000.00,4.949842,99.1639125
10:28:08,91282CKH3,TSRYS5774872,D,S,C,2024-04-10,1000000.00,4.949761,99.1640625
10:28:08,91282CKH3,TSRYS5774872,D,S,C,2024-04-10,5000000.00,4.949653,99.1642625
10:28:08,91282CKH3,TSRYS5774872,D,B,C,2024-04-10,3000000.00,4.949842,99.1639125
10:28:08,91282CKH3,TSRYS5774872,D,S,C,2024-04-10,4000000.00,4.949761,99.1640625
10:28:08,91282CKH3,TSRYS5774872,D,B,C,2024-04-10,4000000.00,4.949842,99.1639125
10:28:08,91282CKH3,TSRYS5774872,D,B,C,2024-04-10,2000000.00,4.949842,99.1639125
10:28:08,91282CKH3,TSRYS5774872,D,S,C,2024-04-10,3000000.00,4.949653,99.1642625
10:28:08,91282CKH3,TSRYS5774872,D,B,C,2024-04-10,5000000.00,4.949842,99.1639125
10:28:08,91282CKH3,TSRYS5774872,D,B,C,2024-04-10,5000000.00,4.949842,99.1639125
10:28:08,91282CKH3,TSRYS5774872,D,B,C,2024-04-10,1000000.00,4.949842,99.1639125
10:28:08,91282CKH3,TSRYS5774872,D,S,C,2024-04-10,1000000.00,4.949638,99.1642895
10:28:08,91282CKH3,TSRYS5774872,D,S,C,2024-04-10,2000000.00,4.949761,99.1640625
10:28:08,91282CKH3,TSRYS5774872,D,S,C,2024-04-10,1000000.00,4.949653,99.1642625
10:28:08,91282CKH3,TSRYS5774872,D,B,C,2024-04-10,2000000.00,4.949761,99.1640625
10:28:08,91282CKH3,TSRYS5774872,D,B,C,2024-04-10,1000000.00,4.949842,99.1639125
10:28:08,91282CKH3,TSRYS5774872,D,S,C,2024-04-10,1000000.00,4.949761,99.1640625
10:28:08,91282CKH3,TSRYS5774872,D,B,C,2024-04-10,1000000.00,4.949842,99.1639125
10:28:08,91282CKH3,TSRYS5774872,D,S,D,2024-04-10,4000000.00,4.95014,99.1633625
10:28:08,91282CKH3,TSRYS5774872,D,S,D,2024-04-10,1000000.00,4.949638,99.1642895
10:28:08,91282CKH3,TSRYS5774872,D,S,C,2024-04-10,2000000.00,4.949761,99.1640625
10:28:10,91282CKH3,TSRYS5774872,D,S,T,2024-04-10,4000000.00,4.949761,99.1640625
10:28:16,91282CKH3,TSRYS5774872,D,B,C,2024-04-10,485000.00,4.949761,99.1640625
10:28:16,91282CKH3,TSRYS5774872,D,S,D,2024-04-10,485000.00,4.949314,99.164887242
10:28:20,91282CKH3,TSRYS5774872,D,S,T,2024-04-10,3000000.00,4.949815,99.1639625
10:28:20,91282CKH3,TSRYS5774872,D,S,T,2024-04-10,1000000.00,4.949815,99.1639625
10:28:21,91282CKH3,TSRYS5774872,D,S,D,2024-04-10,3000000.00,4.949761,99.1640625
10:28:21,91282CKH3,TSRYS5774872,D,S,D,2024-04-10,5000000.00,4.949761,99.1640625
10:28:21,91282CKH3,TSRYS5774872,D,B,C,2024-04-10,5000000.00,4.949869,99.1638625
10:28:21,91282CKH3,TSRYS5774872,D,S,D,2024-04-10,1000000.00,4.949761,99.1640625
10:28:21,91282CKH3,TSRYS5774872,D,S,D,2024-04-10,2000000.00,4.949761,99.1640625
10:28:21,91282CKH3,TSRYS5774872,D,S,D,2024-04-10,2000000.00,4.949761,99.1640625
10:28:21,91282CKH3,TSRYS5774872,D,S,D,2024-04-10,3000000.00,4.949761,99.1640625
10:28:21,91282CKH3,TSRYS5774872,D,S,D,2024-04-10,2000000.00,4.949761,99.1640625
10:28:21,91282CKH3,TSRYS5774872,D,S,D,2024-04-10,3000000.00,4.949761,99.1640625
10:28:21,91282CKH3,TSRYS5774872,D,S,C,2024-04-10,1000000.00,4.949761,99.1640625
10:28:21,91282CKH3,TSRYS5774872,D,S,D,2024-04-10,1000000.00,4.949761,99.1640625
10:28:22,91282CKH3,TSRYS5774872,D,S,A,2024-04-10,305000.00,4.950012,99.1636
10:28:24,91282CKH3,TSRYS5774872,D,S,C,2024-04-10,18355000.00,4.932832,99.1953125
10:28:24,91282CKH3,TSRYS5774872,D,S,T,2024-04-10,1000000.00,4.949761,99.1640625
10:28:30,91282CKH3,TSRYS5774872,D,S,T,2024-04-10,1000000.00,4.949761,99.1640625
10:28:31,91282CKH3,TSRYS5774872,D,S,D,2024-04-10,1000000.00,4.949761,99.1640625
10:28:35,91282CKH3,TSRYS5774872,D,S,D,2024-04-10,3000000.00,4.95014,99.1633625
10:28:35,91282CKH3,TSRYS5774872,D,S,D,2024-04-10,2000000.00,4.949761,99.1640625
10:28:36,91282CKH3,TSRYS5774872,D,S,D,2024-04-10,2000000.00,4.949761,99.1640625
10:28:36,91282CKH3,TSRYS5774872,D,S,C,2024-04-10,1000000.00,4.949761,99.1640625
10:28:36,91282CKH3,TSRYS5774872,D,S,D,2024-04-10,2000000.00,4.949761,99.1640625
10:28:36,91282CKH3,TSRYS5774872,D,S,C,2024-04-10,1000000.00,4.949761,99.1640625
10:28:36,91282CKH3,TSRYS5774872,D,S,D,2024-04-10,9000000.00,4.949761,99.1640625
10:28:36,91282CKH3,TSRYS5774872,D,S,C,2024-04-10,1000000.00,4.949761,99.1640625
10:28:36,91282CKH3,TSRYS5774872,D,S,D,2024-04-10,5000000.00,4.949761,99.1640625
10:28:36,91282CKH3,TSRYS5774872,D,B,C,2024-04-10,3000000.00,4.949869,99.1638625
10:28:36,91282CKH3,TSRYS5774872,D,S,D,2024-04-10,3000000.00,4.949761,99.1640625
10:28:36,91282CKH3,TSRYS5774872,D,S,C,2024-04-10,1000000.00,4.949761,99.1640625
10:28:36,91282CKH3,TSRYS5774872,D,S,D,2024-04-10,2000000.00,4.949761,99.1640625
10:28:36,91282CKH3,TSRYS5774872,D,S,C,2024-04-10,4000000.00,4.949761,99.1640625
10:28:36,91282CKH3,TSRYS5774872,D,S,C,2024-04-10,1000000.00,4.949653,99.1642625
10:28:36,91282CKH3,TSRYS5774872,D,S,C,2024-04-10,3000000.00,4.949653,99.1642625
10:28:36,91282CKH3,TSRYS5774872,D,S,D,2024-04-10,50000000.00,4.945688,99.17158
