tradeTime,cusip,issueSymbolIdentifier,priceType,reportingSideCode,contraPartyTypeCode,tradeDate,reportedTradeVolume,lastSaleYield,lastSalePrice
08:00:04,91282CKY6,TSRYS5833261,D,S,D,2024-07-09,3000000.00,4.627416,99.994140625
08:00:04,91282CKY6,TSRYS5833261,D,S,D,2024-07-09,1000000.00,4.627416,99.994140625
08:00:04,91282CKY6,TSRYS5833261,D,S,D,2024-07-09,4000000.00,4.632652,99.984375
08:00:04,91282CKY6,TSRYS5833261,D,S,T,2024-07-09,1000000.00,4.626368,99.99609375
08:00:04,91282CKY6,TSRYS5833261,D,S,T,2024-07-09,2000000.00,4.627416,99.994140625
08:00:04,91282CKY6,TSRYS5833261,D,S,T,2024-07-09,2000000.00,4.627416,99.994140625
08:00:04,91282CKY6,TSRYS5833261,D,S,T,2024-07-09,1000000.00,4.627416,99.994140625
08:00:04,91282CKY6,TSRYS5833261,D,S,T,2024-07-09,3000000.00,4.627416,99.994140625
08:00:04,91282CKY6,TSRYS5833261,D,S,T,2024-07-09,1000000.00,4.627416,99.994140625
08:00:04,91282CKY6,TSRYS5833261,D,S,T,2024-07-09,1000000.00,4.627416,99.994140625
08:00:04,91282CKY6,TSRYS5833261,D,S,D,2024-07-09,1000000.00,4.627416,99.994140625
08:00:04,91282CKY6,TSRYS5833261,D,S,D,2024-07-09,1000000.00,4.627416,99.994140625
08:00:04,91282CKY6,TSRYS5833261,D,S,T,2024-07-09,1000000.00,4.627416,99.994140625
08:00:04,91282CKY6,TSRYS5833261,D,S,D,2024-07-09,1000000.00,4.627416,99.994140625
08:00:04,91282CKY6,TSRYS5833261,D,S,D,2024-07-09,3000000.00,4.627416,99.994140625
08:00:04,91282CKY6,TSRYS5833261,D,S,D,2024-07-09,1000000.00,4.628463,99.9921875
08:00:04,91282CKY6,TSRYS5833261,D,S,D,2024-07-09,1000000.00,4.62951,99.990234375
08:00:09,91282CKY6,TSRYS5833261,D,S,A,2024-07-09,2000000.00,4.617915,100.01171875
08:00:12,91282CKY6,TSRYS5833261,D,S,D,2024-07-09,1000000.00,4.628463,99.9921875
08:00:12,91282CKY6,TSRYS5833261,D,S,D,2024-07-09,2000000.00,4.62951,99.990234375
08:00:12,91282CKY6,TSRYS5833261,D,S,D,2024-07-09,2000000.00,4.62951,99.990234375
08:00:12,91282CKY6,TSRYS5833261,D,S,D,2024-07-09,2000000.00,4.62951,99.990234375
08:00:12,91282CKY6,TSRYS5833261,D,S,D,2024-07-09,2000000.00,4.62951,99.990234375
08:00:13,91282CKY6,TSRYS5833261,D,S,D,2024-07-09,1000000.00,4.624274,100.0
08:00:13,91282CKY6,TSRYS5833261,D,S,C,2024-07-09,40000.00,4.638936,99.98515625
08:00:14,91282CKY6,TSRYS5833261,D,S,T,2024-07-09,1000000.00,4.621133,100.005859375
08:00:14,91282CKY6,TSRYS5833261,D,S,T,2024-07-09,1000000.00,4.621133,100.005859375
08:00:14,91282CKY6,TSRYS5833261,D,S,T,2024-07-09,1000000.00,4.621133,100.005859375
08:00:14,91282CKY6,TSRYS5833261,D,S,T,2024-07-09,1000000.00,4.62218,100.00390625
08:00:14,91282CKY6,TSRYS5833261,D,S,T,2024-07-09,1000000.00,4.624274,100.0
08:00:14,91282CKY6,TSRYS5833261,D,S,T,2024-07-09,1000000.00,4.625321,99.998046875
08:00:14,91282CKY6,TSRYS5833261,D,S,T,2024-07-09,1000000.00,4.628463,99.9921875
08:00:14,91282CKY6,TSRYS5833261,D,S,T,2024-07-09,1000000.00,4.627416,99.994140625
08:00:14,91282CKY6,TSRYS5833261,D,S,D,2024-07-09,1000000.00,4.628463,99.9921875
08:00:14,91282CKY6,TSRYS5833261,D,S,D,2024-07-09,1000000.00,4.628463,99.9921875
08:00:14,91282CKY6,TSRYS5833261,D,S,T,2024-07-09,1000000.00,4.628463,99.9921875
08:00:14,91282CKY6,TSRYS5833261,D,S,D,2024-07-09,1000000.00,4.627416,99.994140625
08:00:14,91282CKY6,TSRYS5833261,D,S,T,2024-07-09,1000000.00,4.627416,99.994140625
08:00:14,91282CKY6,TSRYS5833261,D,S,T,2024-07-09,1000000.00,4.627416,99.994140625
08:00:14,91282CKY6,TSRYS5833261,D,S,T,2024-07-09,1000000.00,4.627416,99.994140625
08:00:14,91282CKY6,TSRYS5833261,D,S,T,2024-07-09,1000000.00,4.627416,99.994140625
08:00:14,91282CKY6,TSRYS5833261,D,S,T,2024-07-09,1000000.00,4.627416,99.994140625
08:00:14,91282CKY6,TSRYS5833261,D,S,T,2024-07-09,1000000.00,4.628463,99.9921875
08:00:14,91282CKY6,TSRYS5833261,D,S,T,2024-07-09,1000000.00,4.630557,99.98828125
08:00:14,91282CKY6,TSRYS5833261,D,S,T,2024-07-09,1000000.00,4.630557,99.98828125
08:00:14,91282CKY6,TSRYS5833261,D,S,T,2024-07-09,1000000.00,4.630557,99.98828125
08:00:14,91282CKY6,TSRYS5833261,D,S,T,2024-07-09,1000000.00,4.631604,99.986328125
08:00:14,91282CKY6,TSRYS5833261,D,S,T,2024-07-09,1000000.00,4.630557,99.98828125
08:00:14,91282CKY6,TSRYS5833261,D,S,T,2024-07-09,1000000.00,4.626368,99.99609375
08:00:14,91282CKY6,TSRYS5833261,D,S,D,2024-07-09,1000000.00,4.626368,99.99609375
08:00:14,91282CKY6,TSRYS5833261,D,S,D,2024-07-09,1000000.00,4.626368,99.99609375
08:00:14,91282CKY6,TSRYS5833261,D,S,T,2024-07-09,1000000.00,4.626368,99.99609375
08:00:14,91282CKY6,TSRYS5833261,D,S,T,2024-07-09,1000000.00,4.626368,99.99609375
08:00:14,91282CKY6,TSRYS5833261,D,S,T,2024-07-09,1000000.00,4.626368,99.99609375
08:00:14,91282CKY6,TSRYS5833261,D,S,T,2024-07-09,1000000.00,4.62951,99.990234375
08:00:14,91282CKY6,TSRYS5833261,D,S,T,2024-07-09,1000000.00,4.627416,99.994140625
08:00:14,91282CKY6,TSRYS5833261,D,S,T,2024-07-09,1000000.00,4.628463,99.9921875
08:00:14,91282CKY6,TSRYS5833261,D,S,T,2024-07-09,1000000.00,4.628463,99.9921875
08:00:14,91282CKY6,TSRYS5833261,D,S,T,2024-07-09,1000000.00,4.62951,99.990234375
08:00:14,91282CKY6,TSRYS5833261,D,S,T,2024-07-09,7000000.00,4.628463,99.9921875
08:00:14,91282CKY6,TSRYS5833261,D,S,T,2024-07-09,1000000.00,4.62951,99.990234375
08:00:14,91282CKY6,TSRYS5833261,D,S,T,2024-07-09,1000000.00,4.62951,99.990234375
08:00:14,91282CKY6,TSRYS5833261,D,S,T,2024-07-09,1000000.00,4.62951,99.990234375
08:00:14,91282CKY6,TSRYS5833261,D,S,T,2024-07-09,1000000.00,4.634746,99.98046875
08:00:14,91282CKY6,TSRYS5833261,D,S,T,2024-07-09,1000000.00,4.636841,99.9765625
08:00:14,91282CKY6,TSRYS5833261,D,S,T,2024-07-09,1000000.00,4.636841,99.9765625
08:00:14,91282CKY6,TSRYS5833261,D,S,T,2024-07-09,1000000.00,4.636841,99.9765625
08:00:14,91282CKY6,TSRYS5833261,D,S,T,2024-07-09,1000000.00,4.636841,99.9765625
08:00:14,91282CKY6,TSRYS5833261,D,S,T,2024-07-09,1000000.00,4.641031,99.96875
08:00:14,91282CKY6,TSRYS5833261,D,S,T,2024-07-09,1000000.00,4.641031,99.96875
08:00:14,91282CKY6,TSRYS5833261,D,S,T,2024-07-09,1000000.00,4.639984,99.970703125
08:00:14,91282CKY6,TSRYS5833261,D,S,T,2024-07-09,1000000.00,4.638936,99.97265625
08:00:17,91282CKY6,TSRYS5833261,D,S,D,2024-07-09,5100000.00,4.626368,99.99609375
08:00:17,91282CKY6,TSRYS5833261,D,S,D,2024-07-09,5100000.00,4.626368,99.99609375
08:00:18,91282CKY6,TSRYS5833261,D,S,A,2024-07-09,16450000.00,4.62218,100.003906
08:00:18,91282CKY6,TSRYS5833261,D,B,A,2024-07-09,4000000.00,4.624274,100.0
08:00:18,91282CKY6,TSRYS5833261,D,S,A,2024-07-09,556000.00,4.628463,99.9921875
08:00:18,91282CKY6,TSRYS5833261,D,S,A,2024-07-09,748000.00,4.628463,99.9921875
08:00:18,91282CKY6,TSRYS5833261,D,S,A,2024-07-09,556000.00,4.628463,99.9921875
08:00:19,91282CKY6,TSRYS5833261,D,S,A,2024-07-09,748000.00,4.628463,99.9921875
08:00:19,91282CKY6,TSRYS5833261,D,S,D,2024-07-09,2000000.00,4.624274,100.0
08:00:23,91282CKY6,TSRYS5833261,D,B,A,2024-07-09,800000.00,4.628462,99.992188
08:00:23,91282CKY6,TSRYS5833261,D,B,A,2024-07-09,2500000.00,4.628463,99.9921875
08:00:23,91282CKY6,TSRYS5833261,D,S,A,2024-07-09,1500000.00,4.626368,99.996094
08:00:26,91282CKY6,TSRYS5833261,D,S,D,2024-07-09,1000000.00,4.62951,99.990234375
08:00:26,91282CKY6,TSRYS5833261,D,B,C,2024-07-09,1000000.00,4.62951,99.990234375
08:00:27,91282CKY6,TSRYS5833261,D,S,A,2024-07-09,307000.00,4.628463,99.9921875
08:00:27,91282CKY6,TSRYS5833261,D,S,A,2024-07-09,10000000.00,4.628463,99.9921875
08:00:27,91282CKY6,TSRYS5833261,D,B,A,2024-07-09,5000000.00,4.630557,99.98828125
08:00:27,91282CKY6,TSRYS5833261,D,S,A,2024-07-09,7350000.00,4.624095,100.000335
08:00:28,91282CKY6,TSRYS5833261,D,S,T,2024-07-09,1000000.00,4.630557,99.98828125
08:00:28,91282CKY6,TSRYS5833261,D,S,T,2024-07-09,1000000.00,4.630557,99.98828125
08:00:28,91282CKY6,TSRYS5833261,D,S,T,2024-07-09,1000000.00,4.630557,99.98828125
08:00:28,91282CKY6,TSRYS5833261,D,S,T,2024-07-09,1000000.00,4.624274,100.0
08:00:28,91282CKY6,TSRYS5833261,D,S,T,2024-07-09,2000000.00,4.626368,99.99609375
08:00:28,91282CKY6,TSRYS5833261,D,S,T,2024-07-09,2000000.00,4.628463,99.9921875
08:00:30,91282CKY6,TSRYS5833261,D,S,T,2024-07-09,1000000.00,4.624274,100.0
08:00:30,91282CKY6,TSRYS5833261,D,S,T,2024-07-09,1000000.00,4.624274,100.0
08:00:30,91282CKY6,TSRYS5833261,D,S,T,2024-07-09,1000000.00,4.624274,100.0
08:00:30,91282CKY6,TSRYS5833261,D,S,T,2024-07-09,1000000.00,4.624274,100.0
08:00:30,91282CKY6,TSRYS5833261,D,S,T,2024-07-09,1000000.00,4.624274,100.0
08:00:30,91282CKY6,TSRYS5833261,D,S,T,2024-07-09,2000000.00,4.62218,100.00390625
08:00:30,91282CKY6,TSRYS5833261,D,S,T,2024-07-09,1000000.00,4.620086,100.0078125
08:00:30,91282CKY6,TSRYS5833261,D,S,T,2024-07-09,1000000.00,4.62218,100.00390625
08:00:30,91282CKY6,TSRYS5833261,D,S,T,2024-07-09,1000000.00,4.62218,100.00390625
08:00:30,91282CKY6,TSRYS5833261,D,S,T,2024-07-09,1000000.00,4.62218,100.00390625
08:00:30,91282CKY6,TSRYS5833261,D,S,T,2024-07-09,3000000.00,4.624274,100.0
08:00:30,91282CKY6,TSRYS5833261,D,S,T,2024-07-09,1000000.00,4.623227,100.001953125
08:00:30,91282CKY6,TSRYS5833261,D,S,T,2024-07-09,1000000.00,4.624274,100.0
08:00:30,91282CKY6,TSRYS5833261,D,S,T,2024-07-09,2000000.00,4.624274,100.0
08:00:30,91282CKY6,TSRYS5833261,D,S,T,2024-07-09,2000000.00,4.624274,100.0
08:00:30,91282CKY6,TSRYS5833261,D,S,T,2024-07-09,2000000.00,4.624274,100.0
08:00:30,91282CKY6,TSRYS5833261,D,S,T,2024-07-09,1000000.00,4.625321,99.998046875
08:00:30,91282CKY6,TSRYS5833261,D,S,T,2024-07-09,1000000.00,4.625321,99.998046875
08:00:30,91282CKY6,TSRYS5833261,D,S,T,2024-07-09,1000000.00,4.625321,99.998046875
08:00:30,91282CKY6,TSRYS5833261,D,S,T,2024-07-09,1000000.00,4.625321,99.998046875
08:00:30,91282CKY6,TSRYS5833261,D,S,T,2024-07-09,1000000.00,4.625321,99.998046875
08:00:30,91282CKY6,TSRYS5833261,D,S,T,2024-07-09,1000000.00,4.625321,99.998046875
08:00:30,91282CKY6,TSRYS5833261,D,S,T,2024-07-09,1000000.00,4.625321,99.998046875
08:00:30,91282CKY6,TSRYS5833261,D,S,T,2024-07-09,2000000.00,4.625321,99.998046875
08:00:30,91282CKY6,TSRYS5833261,D,S,T,2024-07-09,1000000.00,4.624274,100.0
08:00:30,91282CKY6,TSRYS5833261,D,S,T,2024-07-09,1000000.00,4.623227,100.001953125
08:00:30,91282CKY6,TSRYS5833261,D,S,T,2024-07-09,1000000.00,4.624274,100.0
08:00:30,91282CKY6,TSRYS5833261,D,S,T,2024-07-09,1000000.00,4.623227,100.001953125
08:00:30,91282CKY6,TSRYS5833261,D,S,T,2024-07-09,2000000.00,4.623227,100.001953125
08:00:30,91282CKY6,TSRYS5833261,D,S,T,2024-07-09,4000000.00,4.623227,100.001953125
08:00:30,91282CKY6,TSRYS5833261,D,S,T,2024-07-09,1000000.00,4.623227,100.001953125
08:00:30,91282CKY6,TSRYS5833261,D,S,T,2024-07-09,1000000.00,4.628463,99.9921875
08:00:30,91282CKY6,TSRYS5833261,D,S,T,2024-07-09,1000000.00,4.628463,99.9921875
08:00:30,91282CKY6,TSRYS5833261,D,S,T,2024-07-09,1000000.00,4.628463,99.9921875
08:00:30,91282CKY6,TSRYS5833261,D,S,T,2024-07-09,1000000.00,4.628463,99.9921875
08:00:30,91282CKY6,TSRYS5833261,D,S,T,2024-07-09,1000000.00,4.628463,99.9921875
08:00:30,91282CKY6,TSRYS5833261,D,S,T,2024-07-09,1000000.00,4.628463,99.9921875
08:00:30,91282CKY6,TSRYS5833261,D,S,T,2024-07-09,1000000.00,4.628463,99.9921875
08:00:30,91282CKY6,TSRYS5833261,D,S,T,2024-07-09,1000000.00,4.628463,99.9921875
08:00:30,91282CKY6,TSRYS5833261,D,S,T,2024-07-09,1000000.00,4.628463,99.9921875
08:00:30,91282CKY6,TSRYS5833261,D,S,T,2024-07-09,3000000.00,4.628463,99.9921875
08:00:30,91282CKY6,TSRYS5833261,D,S,T,2024-07-09,1000000.00,4.628463,99.9921875
08:00:30,91282CKY6,TSRYS5833261,D,S,T,2024-07-09,1000000.00,4.628463,99.9921875
08:00:30,91282CKY6,TSRYS5833261,D,S,T,2024-07-09,1000000.00,4.628463,99.9921875
08:00:30,91282CKY6,TSRYS5833261,D,S,T,2024-07-09,1000000.00,4.628463,99.9921875
08:00:30,91282CKY6,TSRYS5833261,D,S,T,2024-07-09,1000000.00,4.626368,99.99609375
08:00:30,91282CKY6,TSRYS5833261,D,S,T,2024-07-09,2000000.00,4.628463,99.9921875
08:00:30,91282CKY6,TSRYS5833261,D,S,T,2024-07-09,3000000.00,4.627416,99.994140625
08:00:30,91282CKY6,TSRYS5833261,D,S,T,2024-07-09,1000000.00,4.627416,99.994140625
08:00:30,91282CKY6,TSRYS5833261,D,S,T,2024-07-09,1000000.00,4.627416,99.994140625
08:00:30,91282CKY6,TSRYS5833261,D,S,T,2024-07-09,2000000.00,4.627416,99.994140625
08:00:30,91282CKY6,TSRYS5833261,D,S,T,2024-07-09,1000000.00,4.628463,99.9921875
08:00:30,91282CKY6,TSRYS5833261,D,S,T,2024-07-09,3000000.00,4.630557,99.98828125
08:00:30,91282CKY6,TSRYS5833261,D,S,T,2024-07-09,1000000.00,4.630557,99.98828125
08:00:30,91282CKY6,TSRYS5833261,D,S,T,2024-07-09,1000000.00,4.630557,99.98828125
08:00:30,91282CKY6,TSRYS5833261,D,S,T,2024-07-09,2000000.00,4.630557,99.98828125
08:00:30,91282CKY6,TSRYS5833261,D,S,T,2024-07-09,1000000.00,4.630557,99.98828125
08:00:30,91282CKY6,TSRYS5833261,D,S,T,2024-07-09,1000000.00,4.630557,99.98828125
08:00:30,91282CKY6,TSRYS5833261,D,S,T,2024-07-09,1000000.00,4.630557,99.98828125
08:00:30,91282CKY6,TSRYS5833261,D,S,T,2024-07-09,1000000.00,4.630557,99.98828125
08:00:30,91282CKY6,TSRYS5833261,D,S,T,2024-07-09,4000000.00,4.62951,99.990234375
08:00:34,91282CKY6,TSRYS5833261,D,S,T,2024-07-09,1000000.00,4.630557,99.98828125
08:00:34,91282CKY6,TSRYS5833261,D,S,T,2024-07-09,2000000.00,4.632652,99.984375
08:00:34,91282CKY6,TSRYS5833261,D,S,T,2024-07-09,1000000.00,4.630557,99.98828125
08:00:34,91282CKY6,TSRYS5833261,D,S,T,2024-07-09,1000000.00,4.632652,99.984375
08:00:34,91282CKY6,TSRYS5833261,D,S,T,2024-07-09,1000000.00,4.632652,99.984375
08:00:34,91282CKY6,TSRYS5833261,D,S,T,2024-07-09,1000000.00,4.632652,99.984375
08:00:34,91282CKY6,TSRYS5833261,D,S,T,2024-07-09,1000000.00,4.632652,99.984375
08:00:34,91282CKY6,TSRYS5833261,D,S,T,2024-07-09,2000000.00,4.630557,99.98828125
08:00:34,91282CKY6,TSRYS5833261,D,S,T,2024-07-09,2000000.00,4.628463,99.9921875
08:00:34,91282CKY6,TSRYS5833261,D,S,T,2024-07-09,2000000.00,4.626368,99.99609375
08:00:34,91282CKY6,TSRYS5833261,D,S,T,2024-07-09,1000000.00,4.628463,99.9921875
08:00:34,91282CKY6,TSRYS5833261,D,S,T,2024-07-09,1000000.00,4.628463,99.9921875
08:00:34,91282CKY6,TSRYS5833261,D,S,T,2024-07-09,1000000.00,4.628463,99.9921875
08:00:34,91282CKY6,TSRYS5833261,D,S,T,2024-07-09,5000000.00,4.628463,99.9921875
08:00:34,91282CKY6,TSRYS5833261,D,S,T,2024-07-09,1000000.00,4.628463,99.9921875
08:00:34,91282CKY6,TSRYS5833261,D,S,T,2024-07-09,1000000.00,4.628463,99.9921875
08:00:34,91282CKY6,TSRYS5833261,D,S,T,2024-07-09,1000000.00,4.628463,99.9921875
08:00:34,91282CKY6,TSRYS5833261,D,S,T,2024-07-09,2000000.00,4.628463,99.9921875
08:00:34,91282CKY6,TSRYS5833261,D,S,T,2024-07-09,1000000.00,4.626368,99.99609375
08:00:34,91282CKY6,TSRYS5833261,D,S,T,2024-07-09,2000000.00,4.626368,99.99609375
08:00:34,91282CKY6,TSRYS5833261,D,S,D,2024-07-09,3000000.00,4.62951,99.990234375
08:00:34,91282CKY6,TSRYS5833261,D,S,D,2024-07-09,1000000.00,4.62951,99.990234375
08:00:34,91282CKY6,TSRYS5833261,D,S,T,2024-07-09,1000000.00,4.627416,99.994140625
08:00:34,91282CKY6,TSRYS5833261,D,S,T,2024-07-09,1000000.00,4.62951,99.990234375
08:00:34,91282CKY6,TSRYS5833261,D,S,T,2024-07-09,2000000.00,4.628463,99.9921875
08:00:34,91282CKY6,TSRYS5833261,D,S,T,2024-07-09,1000000.00,4.627416,99.994140625
08:00:34,91282CKY6,TSRYS5833261,D,S,T,2024-07-09,1000000.00,4.627416,99.994140625
08:00:34,91282CKY6,TSRYS5833261,D,S,T,2024-07-09,1000000.00,4.627416,99.994140625
08:00:34,91282CKY6,TSRYS5833261,D,S,T,2024-07-09,3000000.00,4.627416,99.994140625
08:00:34,91282CKY6,TSRYS5833261,D,S,T,2024-07-09,2000000.00,4.627416,99.994140625
08:00:34,91282CKY6,TSRYS5833261,D,S,T,2024-07-09,2000000.00,4.628463,99.9921875
08:00:34,91282CKY6,TSRYS5833261,D,S,T,2024-07-09,1000000.00,4.628463,99.9921875
08:00:34,91282CKY6,TSRYS5833261,D,S,T,2024-07-09,1000000.00,4.628463,99.9921875
08:00:34,91282CKY6,TSRYS5833261,D,S,T,2024-07-09,1000000.00,4.62951,99.990234375
08:00:34,91282CKY6,TSRYS5833261,D,S,T,2024-07-09,2000000.00,4.630557,99.98828125
08:00:34,91282CKY6,TSRYS5833261,D,S,T,2024-07-09,2000000.00,4.630557,99.98828125
08:00:34,91282CKY6,TSRYS5833261,D,S,T,2024-07-09,3000000.00,4.62951,99.990234375
08:00:34,91282CKY6,TSRYS5833261,D,S,T,2024-07-09,3000000.00,4.628463,99.9921875
08:00:34,91282CKY6,TSRYS5833261,D,S,T,2024-07-09,3000000.00,4.627416,99.994140625
08:00:34,91282CKY6,TSRYS5833261,D,S,T,2024-07-09,3000000.00,4.627416,99.994140625
08:00:34,91282CKY6,TSRYS5833261,D,S,T,2024-07-09,1000000.00,4.627416,99.994140625
08:00:34,91282CKY6,TSRYS5833261,D,S,T,2024-07-09,1000000.00,4.627416,99.994140625
08:00:34,91282CKY6,TSRYS5833261,D,S,T,2024-07-09,1000000.00,4.627416,99.994140625
08:00:34,91282CKY6,TSRYS5833261,D,S,T,2024-07-09,1000000.00,4.627416,99.994140625
08:00:34,91282CKY6,TSRYS5833261,D,S,T,2024-07-09,3000000.00,4.627416,99.994140625
08:00:34,91282CKY6,TSRYS5833261,D,S,T,2024-07-09,3000000.00,4.627416,99.994140625
08:00:34,91282CKY6,TSRYS5833261,D,S,T,2024-07-09,5000000.00,4.627416,99.994140625
08:00:34,91282CKY6,TSRYS5833261,D,S,T,2024-07-09,2000000.00,4.628463,99.9921875
08:00:34,91282CKY6,TSRYS5833261,D,S,T,2024-07-09,3000000.00,4.628463,99.9921875
08:00:34,91282CKY6,TSRYS5833261,D,S,T,2024-07-09,3000000.00,4.628463,99.9921875
08:00:34,91282CKY6,TSRYS5833261,D,S,T,2024-07-09,3000000.00,4.62951,99.990234375
08:00:34,91282CKY6,TSRYS5833261,D,S,T,2024-07-09,2000000.00,4.62951,99.990234375
08:00:34,91282CKY6,TSRYS5833261,D,S,T,2024-07-09,1000000.00,4.630557,99.98828125
08:00:34,91282CKY6,TSRYS5833261,D,S,T,2024-07-09,2000000.00,4.632652,99.984375
08:00:34,91282CKY6,TSRYS5833261,D,S,T,2024-07-09,2000000.00,4.632652,99.984375
08:00:34,91282CKY6,TSRYS5833261,D,S,T,2024-07-09,3000000.00,4.634746,99.98046875
08:00:34,91282CKY6,TSRYS5833261,D,S,T,2024-07-09,2000000.00,4.634746,99.98046875
08:00:34,91282CKY6,TSRYS5833261,D,S,T,2024-07-09,3000000.00,4.636841,99.9765625
08:00:34,91282CKY6,TSRYS5833261,D,S,T,2024-07-09,2000000.00,4.636841,99.9765625
08:00:34,91282CKY6,TSRYS5833261,D,S,T,2024-07-09,2000000.00,4.636841,99.9765625
08:00:34,91282CKY6,TSRYS5833261,D,S,T,2024-07-09,1000000.00,4.636841,99.9765625
08:00:34,91282CKY6,TSRYS5833261,D,S,T,2024-07-09,1000000.00,4.636841,99.9765625
08:00:34,91282CKY6,TSRYS5833261,D,S,T,2024-07-09,2000000.00,4.636841,99.9765625
08:00:34,91282CKY6,TSRYS5833261,D,S,T,2024-07-09,1000000.00,4.636841,99.9765625
08:00:34,91282CKY6,TSRYS5833261,D,S,T,2024-07-09,1000000.00,4.636841,99.9765625
08:00:34,91282CKY6,TSRYS5833261,D,S,T,2024-07-09,1000000.00,4.638936,99.97265625
08:00:34,91282CKY6,TSRYS5833261,D,S,T,2024-07-09,2000000.00,4.638936,99.97265625
08:00:34,91282CKY6,TSRYS5833261,D,S,T,2024-07-09,1000000.00,4.639984,99.970703125
08:00:34,91282CKY6,TSRYS5833261,D,S,T,2024-07-09,2000000.00,4.638936,99.97265625
08:00:34,91282CKY6,TSRYS5833261,D,S,T,2024-07-09,3000000.00,4.638936,99.97265625
08:00:34,91282CKY6,TSRYS5833261,D,S,D,2024-07-09,1000000.00,4.624274,100.0
08:00:34,91282CKY6,TSRYS5833261,D,S,D,2024-07-09,2000000.00,4.624274,100.0
08:00:34,91282CKY6,TSRYS5833261,D,S,D,2024-07-09,3000000.00,4.62951,99.990234375
08:00:34,91282CKY6,TSRYS5833261,D,S,D,2024-07-09,1000000.00,4.62951,99.990234375
08:00:34,91282CKY6,TSRYS5833261,D,S,D,2024-07-09,1000000.00,4.62951,99.990234375
08:00:34,91282CKY6,TSRYS5833261,D,S,D,2024-07-09,1000000.00,4.62951,99.990234375
08:00:34,91282CKY6,TSRYS5833261,D,S,D,2024-07-09,1000000.00,4.62951,99.990234375
08:00:34,91282CKY6,TSRYS5833261,D,S,D,2024-07-09,1000000.00,4.62951,99.990234375
08:00:34,91282CKY6,TSRYS5833261,D,S,D,2024-07-09,2000000.00,4.62951,99.990234375
08:00:34,91282CKY6,TSRYS5833261,D,S,D,2024-07-09,1000000.00,4.630557,99.98828125
08:00:34,91282CKY6,TSRYS5833261,D,S,D,2024-07-09,3000000.00,4.626368,99.99609375
08:00:34,91282CKY6,TSRYS5833261,D,S,D,2024-07-09,1000000.00,4.62951,99.990234375
08:00:34,91282CKY6,TSRYS5833261,D,S,D,2024-07-09,3000000.00,4.627416,99.994140625
08:00:34,91282CKY6,TSRYS5833261,D,S,D,2024-07-09,5000000.00,4.628463,99.9921875
08:00:34,91282CKY6,TSRYS5833261,D,S,D,2024-07-09,3000000.00,4.627416,99.994140625
08:00:34,91282CKY6,TSRYS5833261,D,S,D,2024-07-09,4000000.00,4.627416,99.994140625
08:00:34,91282CKY6,TSRYS5833261,D,S,D,2024-07-09,2000000.00,4.62951,99.990234375
08:00:34,91282CKY6,TSRYS5833261,D,S,D,2024-07-09,1000000.00,4.62951,99.990234375
08:00:34,91282CKY6,TSRYS5833261,D,S,D,2024-07-09,1000000.00,4.62951,99.990234375
08:00:34,91282CKY6,TSRYS5833261,D,S,D,2024-07-09,2000000.00,4.62951,99.990234375
08:00:34,91282CKY6,TSRYS5833261,D,S,D,2024-07-09,3000000.00,4.632652,99.984375
08:00:34,91282CKY6,TSRYS5833261,D,S,D,2024-07-09,2000000.00,4.632652,99.984375
08:00:34,91282CKY6,TSRYS5833261,D,S,D,2024-07-09,5000000.00,4.626368,99.99609375
08:00:34,91282CKY6,TSRYS5833261,D,S,T,2024-07-09,1000000.00,4.620086,100.0078125
08:00:34,91282CKY6,TSRYS5833261,D,S,T,2024-07-09,1000000.00,4.620086,100.0078125
08:00:34,91282CKY6,TSRYS5833261,D,S,T,2024-07-09,1000000.00,4.62218,100.00390625
08:00:34,91282CKY6,TSRYS5833261,D,S,T,2024-07-09,2000000.00,4.627416,99.994140625
08:00:34,91282CKY6,TSRYS5833261,D,S,T,2024-07-09,3000000.00,4.627416,99.994140625
08:00:34,91282CKY6,TSRYS5833261,D,S,T,2024-07-09,1000000.00,4.627416,99.994140625
08:00:34,91282CKY6,TSRYS5833261,D,S,T,2024-07-09,2000000.00,4.62951,99.990234375
08:00:34,91282CKY6,TSRYS5833261,D,S,T,2024-07-09,1000000.00,4.62951,99.990234375
08:00:34,91282CKY6,TSRYS5833261,D,S,T,2024-07-09,3000000.00,4.62951,99.990234375
08:00:34,91282CKY6,TSRYS5833261,D,S,T,2024-07-09,1000000.00,4.62951,99.990234375
08:00:34,91282CKY6,TSRYS5833261,D,S,T,2024-07-09,1000000.00,4.62951,99.990234375
08:00:34,91282CKY6,TSRYS5833261,D,S,T,2024-07-09,1000000.00,4.62951,99.990234375
08:00:34,91282CKY6,TSRYS5833261,D,S,T,2024-07-09,1000000.00,4.62951,99.990234375
08:00:34,91282CKY6,TSRYS5833261,D,S,T,2024-07-09,2000000.00,4.62951,99.990234375
08:00:34,91282CKY6,TSRYS5833261,D,S,T,2024-07-09,4000000.00,4.630557,99.98828125
08:00:34,91282CKY6,TSRYS5833261,D,S,T,2024-07-09,2000000.00,4.630557,99.98828125
08:00:34,91282CKY6,TSRYS5833261,D,S,T,2024-07-09,3000000.00,4.626368,99.99609375
08:00:34,91282CKY6,TSRYS5833261,D,S,T,2024-07-09,3000000.00,4.626368,99.99609375
08:00:34,91282CKY6,TSRYS5833261,D,S,T,2024-07-09,3000000.00,4.624274,100.0
08:00:34,91282CKY6,TSRYS5833261,D,S,T,2024-07-09,1000000.00,4.627416,99.994140625
08:00:34,91282CKY6,TSRYS5833261,D,S,T,2024-07-09,3000000.00,4.627416,99.994140625
08:00:34,91282CKY6,TSRYS5833261,D,S,T,2024-07-09,3000000.00,4.627416,99.994140625
08:00:34,91282CKY6,TSRYS5833261,D,S,T,2024-07-09,1000000.00,4.627416,99.994140625
08:00:34,91282CKY6,TSRYS5833261,D,B,C,2024-07-09,500000.00,4.641031,99.96875
08:00:34,91282CKY6,TSRYS5833261,D,S,D,2024-07-09,500000.00,4.641031,99.96875
08:00:34,91282CKY6,TSRYS5833261,D,S,D,2024-07-09,750000.00,4.622108,100.00390625
08:00:34,91282CKY6,TSRYS5833261,D,S,A,2024-07-09,1470000.00,4.620011,100.0078125
08:00:34,91282CKY6,TSRYS5833261,D,S,A,2024-07-09,5000000.00,4.62218,100.00390625
08:00:34,91282CKY6,TSRYS5833261,D,S,C,2024-07-09,10290000.00,4.624274,100.0
08:00:34,91282CKY6,TSRYS5833261,D,S,C,2024-07-09,7350000.00,4.624274,100.0
08:00:34,91282CKY6,TSRYS5833261,D,S,A,2024-07-09,1460000.00,4.630557,99.98828125
08:00:34,91282CKY6,TSRYS5833261,D,S,A,2024-07-09,1500000.00,4.624274,100.0
08:00:34,91282CKY6,TSRYS5833261,D,S,C,2024-07-09,1150000.00,4.624274,100.0
08:00:34,91282CKY6,TSRYS5833261,D,S,A,2024-07-09,200000.00,4.630557,99.988281
08:00:34,91282CKY6,TSRYS5833261,D,S,T,2024-07-09,1000000.00,4.624274,100.0
08:00:34,91282CKY6,TSRYS5833261,D,S,T,2024-07-09,5000000.00,4.624274,100.0
08:00:34,91282CKY6,TSRYS5833261,D,S,T,2024-07-09,3000000.00,4.624274,100.0
08:00:34,91282CKY6,TSRYS5833261,D,S,T,2024-07-09,5000000.00,4.624274,100.0
08:00:34,91282CKY6,TSRYS5833261,D,S,T,2024-07-09,1000000.00,4.624274,100.0
08:00:34,91282CKY6,TSRYS5833261,D,S,T,2024-07-09,1000000.00,4.624274,100.0
08:00:34,91282CKY6,TSRYS5833261,D,S,T,2024-07-09,2000000.00,4.624274,100.0
08:00:34,91282CKY6,TSRYS5833261,D,S,T,2024-07-09,2000000.00,4.624274,100.0
08:00:34,91282CKY6,TSRYS5833261,D,S,C,2024-07-09,200000.00,4.628463,99.9921875
08:00:34,91282CKY6,TSRYS5833261,D,B,C,2024-07-09,210000.00,4.630557,99.98828125
08:00:34,91282CKY6,TSRYS5833261,D,S,T,2024-07-09,1000000.00,4.627416,99.994140625
08:00:34,91282CKY6,TSRYS5833261,D,S,T,2024-07-09,5000000.00,4.627416,99.994140625
08:00:34,91282CKY6,TSRYS5833261,D,S,T,2024-07-09,1000000.00,4.627416,99.994140625
08:00:34,91282CKY6,TSRYS5833261,D,S,T,2024-07-09,1000000.00,4.627416,99.994140625
08:00:34,91282CKY6,TSRYS5833261,D,S,T,2024-07-09,1000000.00,4.626368,99.99609375
08:00:34,91282CKY6,TSRYS5833261,D,S,T,2024-07-09,1000000.00,4.626368,99.99609375
08:00:34,91282CKY6,TSRYS5833261,D,B,A,2024-07-09,1000000.00,4.632652,99.984375
08:00:34,91282CKY6,TSRYS5833261,D,B,A,2024-07-09,1000000.00,4.632652,99.984375
08:00:34,91282CKY6,TSRYS5833261,D,S,C,2024-07-09,7300000.00,4.630557,99.98828125
08:00:34,91282CKY6,TSRYS5833261,D,S,T,2024-07-09,1000000.00,4.630557,99.98828125
08:00:34,91282CKY6,TSRYS5833261,D,S,T,2024-07-09,1000000.00,4.630557,99.98828125
08:00:34,91282CKY6,TSRYS5833261,D,S,T,2024-07-09,10000000.00,4.628463,99.9921875
08:00:34,91282CKY6,TSRYS5833261,D,B,A,2024-07-09,4000000.00,4.631604,99.986328125
08:00:34,91282CKY6,TSRYS5833261,D,B,A,2024-07-09,21000000.00,4.632652,99.984375
08:00:34,91282CKY6,TSRYS5833261,D,S,C,2024-07-09,134000000.00,4.630557,99.98828125
08:00:34,91282CKY6,TSRYS5833261,D,S,A,2024-07-09,8000000.00,4.630557,99.98828125
08:00:34,91282CKY6,TSRYS5833261,D,S,A,2024-07-09,1000000.00,4.630557,99.98828125
08:00:34,91282CKY6,TSRYS5833261,D,S,A,2024-07-09,2000000.00,4.630557,99.98828125
08:00:34,91282CKY6,TSRYS5833261,D,S,A,2024-07-09,2000000.00,4.630557,99.98828125
08:00:34,91282CKY6,TSRYS5833261,D,S,A,2024-07-09,1000000.00,4.630557,99.98828125
08:00:34,91282CKY6,TSRYS5833261,D,S,A,2024-07-09,1000000.00,4.630557,99.98828125
08:00:34,91282CKY6,TSRYS5833261,D,S,A,2024-07-09,1000000.00,4.630557,99.98828125
08:00:34,91282CKY6,TSRYS5833261,D,S,A,2024-07-09,1000000.00,4.630557,99.98828125
08:00:34,91282CKY6,TSRYS5833261,D,S,A,2024-07-09,1000000.00,4.630557,99.98828125
08:00:34,91282CKY6,TSRYS5833261,D,S,A,2024-07-09,1000000.00,4.630557,99.98828125
08:00:34,91282CKY6,TSRYS5833261,D,S,A,2024-07-09,1000000.00,4.630557,99.98828125
08:00:34,91282CKY6,TSRYS5833261,D,S,A,2024-07-09,1000000.00,4.630557,99.98828125
08:00:34,91282CKY6,TSRYS5833261,D,S,A,2024-07-09,1000000.00,4.630557,99.98828125
08:00:34,91282CKY6,TSRYS5833261,D,S,C,2024-07-09,200000.00,4.626368,99.99609375
08:00:34,91282CKY6,TSRYS5833261,D,B,C,2024-07-09,2000000.00,4.626368,99.99609375
08:00:34,91282CKY6,TSRYS5833261,D,S,T,2024-07-09,1000000.00,4.638936,99.97265625
08:00:34,91282CKY6,TSRYS5833261,D,S,T,2024-07-09,1000000.00,4.638936,99.97265625
08:00:38,91282CKY6,TSRYS5833261,D,S,A,2024-07-09,7350000.00,4.624095,100.000335
08:00:38,91282CKY6,TSRYS5833261,D,S,A,2024-07-09,14700000.00,4.624095,100.000335
08:00:38,91282CKY6,TSRYS5833261,D,S,T,2024-07-09,1000000.00,4.630557,99.98828125
08:00:39,91282CKY6,TSRYS5833261,D,S,A,2024-07-09,7320000.00,4.620086,100.0078125
08:00:39,91282CKY6,TSRYS5833261,D,S,A,2024-07-09,2500000.00,4.624274,100.0
08:00:39,91282CKY6,TSRYS5833261,D,S,A,2024-07-09,18555000.00,4.624274,100.0
08:00:40,91282CKY6,TSRYS5833261,D,B,A,2024-07-09,2536000.00,4.630557,99.98828125
08:00:40,91282CKY6,TSRYS5833261,D,S,D,2024-07-09,3000000.00,4.628463,99.9921875
08:00:42,91282CKY6,TSRYS5833261,D,S,T,2024-07-09,1000000.00,4.628463,99.9921875
08:00:44,91282CKY6,TSRYS5833261,D,S,D,2024-07-09,1000000.00,4.62951,99.990234375
08:00:45,91282CKY6,TSRYS5833261,D,B,A,2024-07-09,250MM+,4.634746,99.98046875
08:00:46,91282CKY6,TSRYS5833261,D,S,A,2024-07-09,560000.00,4.624274,100.0
08:00:46,91282CKY6,TSRYS5833261,D,S,D,2024-07-09,1000000.00,4.630557,99.98828125
08:00:47,91282CKY6,TSRYS5833261,D,B,A,2024-07-09,285000.00,4.628463,99.9921875
08:00:47,91282CKY6,TSRYS5833261,D,S,A,2024-07-09,2810000.00,4.626368,99.99609375
08:00:48,91282CKY6,TSRYS5833261,D,B,A,2024-07-09,4228000.00,4.62218,100.00390625
08:00:49,91282CKY6,TSRYS5833261,D,S,T,2024-07-09,1000000.00,4.621133,100.005859375
08:00:49,91282CKY6,TSRYS5833261,D,S,T,2024-07-09,3000000.00,4.621133,100.005859375
08:00:49,91282CKY6,TSRYS5833261,D,S,D,2024-07-09,3000000.00,4.626368,99.99609375
08:00:49,91282CKY6,TSRYS5833261,D,S,D,2024-07-09,300000.00,4.628463,99.9921875
08:00:49,91282CKY6,TSRYS5833261,D,S,T,2024-07-09,1000000.00,4.632652,99.984375
08:00:49,91282CKY6,TSRYS5833261,D,S,T,2024-07-09,1000000.00,4.62951,99.990234375
08:00:50,91282CKY6,TSRYS5833261,D,B,A,2024-07-09,2000000.00,4.622108,100.00390625
08:00:50,91282CKY6,TSRYS5833261,D,S,T,2024-07-09,2000000.00,4.625321,99.998046875
08:00:51,91282CKY6,TSRYS5833261,D,S,D,2024-07-09,1000000.00,4.628463,99.9921875
08:00:51,91282CKY6,TSRYS5833261,D,S,D,2024-07-09,1000000.00,4.62951,99.990234375
08:00:51,91282CKY6,TSRYS5833261,D,S,D,2024-07-09,2000000.00,4.62951,99.990234375
08:00:51,91282CKY6,TSRYS5833261,D,S,A,2024-07-09,22000000.00,4.691341,99.875
08:00:52,91282CKY6,TSRYS5833261,D,B,A,2024-07-09,22400000.00,4.624274,100.0
08:00:52,91282CKY6,TSRYS5833261,D,S,T,2024-07-09,1000000.00,4.624274,100.0
08:00:52,91282CKY6,TSRYS5833261,D,S,T,2024-07-09,1000000.00,4.624329,99.999898
08:00:52,91282CKY6,TSRYS5833261,D,B,A,2024-07-09,4700000.00,4.628463,99.9921875
08:00:52,91282CKY6,TSRYS5833261,D,S,T,2024-07-09,1000000.00,4.625321,99.998046875
08:00:52,91282CKY6,TSRYS5833261,D,S,T,2024-07-09,1000000.00,4.625321,99.998046875
08:00:52,91282CKY6,TSRYS5833261,D,S,T,2024-07-09,7000000.00,4.625321,99.998046875
08:00:52,91282CKY6,TSRYS5833261,D,S,T,2024-07-09,1000000.00,4.625321,99.998046875
08:00:52,91282CKY6,TSRYS5833261,D,S,T,2024-07-09,2000000.00,4.625321,99.998046875
08:00:52,91282CKY6,TSRYS5833261,D,S,T,2024-07-09,3000000.00,4.625321,99.998046875
08:00:52,91282CKY6,TSRYS5833261,D,S,T,2024-07-09,1000000.00,4.625321,99.998046875
08:00:52,91282CKY6,TSRYS5833261,D,S,T,2024-07-09,1000000.00,4.625321,99.998046875
08:00:52,91282CKY6,TSRYS5833261,D,S,T,2024-07-09,1000000.00,4.625321,99.998046875
08:00:52,91282CKY6,TSRYS5833261,D,S,T,2024-07-09,1000000.00,4.625321,99.998046875
08:00:53,91282CKY6,TSRYS5833261,D,S,D,2024-07-09,40000.00,4.638936,99.97265625
08:00:53,91282CKY6,TSRYS5833261,D,S,A,2024-07-09,5400000.00,4.624274,100.0
08:00:53,91282CKY6,TSRYS5833261,D,B,A,2024-07-09,560000.00,4.624274,100.0
08:00:55,91282CKY6,TSRYS5833261,D,S,A,2024-07-09,5360900.00,4.62218,100.00390625
08:00:56,91282CKY6,TSRYS5833261,D,B,A,2024-07-09,5860000.00,4.628463,99.9921875
08:00:56,91282CKY6,TSRYS5833261,D,S,T,2024-07-09,1000000.00,4.627416,99.994140625
08:00:56,91282CKY6,TSRYS5833261,D,S,T,2024-07-09,3000000.00,4.627416,99.994140625
08:00:56,91282CKY6,TSRYS5833261,D,S,T,2024-07-09,1000000.00,4.627416,99.994140625
08:00:56,91282CKY6,TSRYS5833261,D,S,T,2024-07-09,1000000.00,4.627416,99.994140625
08:00:57,91282CKY6,TSRYS5833261,D,B,A,2024-07-09,6730000.00,4.632652,99.984375
08:00:57,91282CKY6,TSRYS5833261,D,B,A,2024-07-09,6730000.00,4.632652,99.984375
08:00:57,91282CKY6,TSRYS5833261,D,S,T,2024-07-09,1000000.00,4.627416,99.994140625
08:00:57,91282CKY6,TSRYS5833261,D,S,T,2024-07-09,1000000.00,4.627416,99.994140625
08:00:57,91282CKY6,TSRYS5833261,D,B,A,2024-07-09,5246000.00,4.626368,99.99609375
08:00:57,91282CKY6,TSRYS5833261,D,B,A,2024-07-09,479000.00,4.628463,99.9921875
08:00:59,91282CKY6,TSRYS5833261,D,S,T,2024-07-09,3000000.00,4.641031,99.96875
08:00:59,91282CKY6,TSRYS5833261,D,S,T,2024-07-09,2000000.00,4.641031,99.96875
08:01:00,91282CKY6,TSRYS5833261,D,S,C,2024-07-09,5000000.00,4.627416,99.994140625
08:01:00,91282CKY6,TSRYS5833261,D,B,C,2024-07-09,5000000.00,4.627416,99.994140625
08:01:00,91282CKY6,TSRYS5833261,D,B,A,2024-07-09,20000000.00,4.632652,99.984375
08:01:00,91282CKY6,TSRYS5833261,D,B,A,2024-07-09,1576000.00,4.632652,99.984375
08:01:00,91282CKY6,TSRYS5833261,D,B,A,2024-07-09,1190000.00,4.630557,99.98828125
08:01:00,91282CKY6,TSRYS5833261,D,S,T,2024-07-09,2000000.00,4.628532,99.9920575
08:01:00,91282CKY6,TSRYS5833261,D,S,T,2024-07-09,1000000.00,4.630557,99.98828125
08:01:00,91282CKY6,TSRYS5833261,D,S,T,2024-07-09,1000000.00,4.630557,99.98828125
08:01:00,91282CKY6,TSRYS5833261,D,S,T,2024-07-09,1000000.00,4.630557,99.98828125
08:01:00,91282CKY6,TSRYS5833261,D,S,T,2024-07-09,2000000.00,4.630627,99.98815125
08:01:00,91282CKY6,TSRYS5833261,D,S,T,2024-07-09,1000000.00,4.630627,99.98815125
08:01:00,91282CKY6,TSRYS5833261,D,S,T,2024-07-09,10000000.00,4.630557,99.98828125
08:01:00,91282CKY6,TSRYS5833261,D,S,T,2024-07-09,1000000.00,4.630557,99.98828125
08:01:00,91282CKY6,TSRYS5833261,D,S,T,2024-07-09,1000000.00,4.630627,99.98815125
08:01:00,91282CKY6,TSRYS5833261,D,S,T,2024-07-09,2000000.00,4.630627,99.98815125
08:01:00,91282CKY6,TSRYS5833261,D,S,T,2024-07-09,2000000.00,4.630627,99.98815125
08:01:00,91282CKY6,TSRYS5833261,D,S,T,2024-07-09,3000000.00,4.630557,99.98828125
08:01:00,91282CKY6,TSRYS5833261,D,S,D,2024-07-09,93300000.00,4.626368,99.99609375
08:01:01,91282CKY6,TSRYS5833261,D,S,T,2024-07-09,2000000.00,4.630557,99.98828125
08:01:01,91282CKY6,TSRYS5833261,D,S,T,2024-07-09,2000000.00,4.630627,99.98815125
08:01:01,91282CKY6,TSRYS5833261,D,S,T,2024-07-09,2000000.00,4.630627,99.98815125
08:01:01,91282CKY6,TSRYS5833261,D,S,C,2024-07-09,1000000.00,4.62951,99.990234375
08:01:01,91282CKY6,TSRYS5833261,D,S,D,2024-07-09,1000000.00,4.628463,99.9921875
08:01:01,91282CKY6,TSRYS5833261,D,S,C,2024-07-09,1000000.00,4.62951,99.990234375
08:01:01,91282CKY6,TSRYS5833261,D,B,C,2024-07-09,1000000.00,4.628463,99.9921875
08:01:01,91282CKY6,TSRYS5833261,D,B,C,2024-07-09,1000000.00,4.62951,99.990234375
08:01:01,91282CKY6,TSRYS5833261,D,S,C,2024-07-09,1000000.00,4.62951,99.990234375
08:01:01,91282CKY6,TSRYS5833261,D,S,D,2024-07-09,2000000.00,4.62951,99.990234375
08:01:01,91282CKY6,TSRYS5833261,D,B,C,2024-07-09,1000000.00,4.62951,99.990234375
08:01:01,91282CKY6,TSRYS5833261,D,B,C,2024-07-09,1000000.00,4.62951,99.990234375
08:01:01,91282CKY6,TSRYS5833261,D,B,C,2024-07-09,2000000.00,4.62951,99.990234375
08:01:01,91282CKY6,TSRYS5833261,D,S,D,2024-07-09,1000000.00,4.62951,99.990234375
08:01:01,91282CKY6,TSRYS5833261,D,S,D,2024-07-09,5000000.00,4.628463,99.9921875
08:01:01,91282CKY6,TSRYS5833261,D,S,D,2024-07-09,4000000.00,4.628463,99.9921875
08:01:01,91282CKY6,TSRYS5833261,D,S,C,2024-07-09,1000000.00,4.62951,99.990234375
08:01:01,91282CKY6,TSRYS5833261,D,S,C,2024-07-09,1000000.00,4.62951,99.990234375
08:01:01,91282CKY6,TSRYS5833261,D,B,C,2024-07-09,1000000.00,4.62951,99.990234375
08:01:01,91282CKY6,TSRYS5833261,D,S,C,2024-07-09,1000000.00,4.62951,99.990234375
08:01:01,91282CKY6,TSRYS5833261,D,B,C,2024-07-09,1000000.00,4.62951,99.990234375
08:01:01,91282CKY6,TSRYS5833261,D,B,C,2024-07-09,2000000.00,4.62951,99.990234375
08:01:01,91282CKY6,TSRYS5833261,D,S,C,2024-07-09,2000000.00,4.62951,99.990234375
08:01:01,91282CKY6,TSRYS5833261,D,S,D,2024-07-09,2000000.00,4.62951,99.990234375
08:01:01,91282CKY6,TSRYS5833261,D,B,C,2024-07-09,1000000.00,4.62951,99.990234375
08:01:01,91282CKY6,TSRYS5833261,D,B,C,2024-07-09,2000000.00,4.62951,99.990234375
08:01:01,91282CKY6,TSRYS5833261,D,S,T,2024-07-09,1000000.00,4.630557,99.98828125
08:01:01,91282CKY6,TSRYS5833261,D,S,D,2024-07-09,2000000.00,4.62951,99.990234375
08:01:01,91282CKY6,TSRYS5833261,D,B,C,2024-07-09,2000000.00,4.62951,99.990234375
08:01:01,91282CKY6,TSRYS5833261,D,B,C,2024-07-09,2000000.00,4.62951,99.990234375
08:01:01,91282CKY6,TSRYS5833261,D,S,D,2024-07-09,2000000.00,4.62951,99.990234375
08:01:01,91282CKY6,TSRYS5833261,D,B,C,2024-07-09,1000000.00,4.62218,100.00390625
08:01:01,91282CKY6,TSRYS5833261,D,S,C,2024-07-09,1000000.00,4.623227,100.001953125
08:01:01,91282CKY6,TSRYS5833261,D,B,C,2024-07-09,1000000.00,4.623227,100.001953125
08:01:01,91282CKY6,TSRYS5833261,D,S,D,2024-07-09,1000000.00,4.62218,100.00390625
08:01:01,91282CKY6,TSRYS5833261,D,S,C,2024-07-09,1000000.00,4.624274,100.0
08:01:01,91282CKY6,TSRYS5833261,D,B,C,2024-07-09,1000000.00,4.62218,100.00390625
08:01:01,91282CKY6,TSRYS5833261,D,S,D,2024-07-09,1000000.00,4.62218,100.00390625
08:01:01,91282CKY6,TSRYS5833261,D,S,D,2024-07-09,1000000.00,4.623227,100.001953125
08:01:01,91282CKY6,TSRYS5833261,D,S,D,2024-07-09,1000000.00,4.624274,100.0
08:01:01,91282CKY6,TSRYS5833261,D,B,C,2024-07-09,1000000.00,4.624274,100.0
08:01:01,91282CKY6,TSRYS5833261,D,S,D,2024-07-09,2000000.00,4.624274,100.0
08:01:01,91282CKY6,TSRYS5833261,D,B,C,2024-07-09,5000000.00,4.624274,100.0
08:01:01,91282CKY6,TSRYS5833261,D,S,D,2024-07-09,5000000.00,4.624274,100.0
08:01:01,91282CKY6,TSRYS5833261,D,S,D,2024-07-09,1000000.00,4.628463,99.9921875
08:01:01,91282CKY6,TSRYS5833261,D,S,T,2024-07-09,1000000.00,4.630557,99.98828125
08:01:01,91282CKY6,TSRYS5833261,D,B,C,2024-07-09,1000000.00,4.628463,99.9921875
08:01:01,91282CKY6,TSRYS5833261,D,B,C,2024-07-09,1000000.00,4.62951,99.990234375
08:01:01,91282CKY6,TSRYS5833261,D,S,D,2024-07-09,1000000.00,4.628463,99.9921875
08:01:01,91282CKY6,TSRYS5833261,D,B,C,2024-07-09,1000000.00,4.62951,99.990234375
08:01:01,91282CKY6,TSRYS5833261,D,S,C,2024-07-09,1000000.00,4.62951,99.990234375
08:01:01,91282CKY6,TSRYS5833261,D,S,C,2024-07-09,1000000.00,4.62951,99.990234375
08:01:01,91282CKY6,TSRYS5833261,D,B,C,2024-07-09,1000000.00,4.62951,99.990234375
08:01:01,91282CKY6,TSRYS5833261,D,S,C,2024-07-09,3000000.00,4.62951,99.990234375
08:01:01,91282CKY6,TSRYS5833261,D,S,C,2024-07-09,1000000.00,4.62951,99.990234375
08:01:01,91282CKY6,TSRYS5833261,D,B,C,2024-07-09,1000000.00,4.627416,99.994140625
08:01:01,91282CKY6,TSRYS5833261,D,B,C,2024-07-09,1000000.00,4.626368,99.99609375
08:01:01,91282CKY6,TSRYS5833261,D,S,C,2024-07-09,1000000.00,4.62951,99.990234375
08:01:01,91282CKY6,TSRYS5833261,D,S,D,2024-07-09,1000000.00,4.626368,99.99609375
08:01:01,91282CKY6,TSRYS5833261,D,S,D,2024-07-09,1000000.00,4.627416,99.994140625
08:01:01,91282CKY6,TSRYS5833261,D,S,D,2024-07-09,4000000.00,4.628463,99.9921875
08:01:01,91282CKY6,TSRYS5833261,D,B,C,2024-07-09,4000000.00,4.628463,99.9921875
08:01:01,91282CKY6,TSRYS5833261,D,S,D,2024-07-09,1000000.00,4.628463,99.9921875
08:01:01,91282CKY6,TSRYS5833261,D,S,D,2024-07-09,2000000.00,4.633699,99.982421875
08:01:01,91282CKY6,TSRYS5833261,D,S,D,2024-07-09,1000000.00,4.633699,99.982421875
08:01:01,91282CKY6,TSRYS5833261,D,B,C,2024-07-09,2000000.00,4.633699,99.982421875
08:01:01,91282CKY6,TSRYS5833261,D,B,C,2024-07-09,1000000.00,4.633699,99.982421875
08:01:01,91282CKY6,TSRYS5833261,D,B,C,2024-07-09,1000000.00,4.628463,99.9921875
08:01:01,91282CKY6,TSRYS5833261,D,B,C,2024-07-09,1000000.00,4.628463,99.9921875
08:01:01,91282CKY6,TSRYS5833261,D,S,C,2024-07-09,2000000.00,4.628463,99.9921875
08:01:01,91282CKY6,TSRYS5833261,D,B,C,2024-07-09,2000000.00,4.628463,99.9921875
08:01:01,91282CKY6,TSRYS5833261,D,S,C,2024-07-09,1000000.00,4.628463,99.9921875
08:01:01,91282CKY6,TSRYS5833261,D,B,C,2024-07-09,5000000.00,4.626368,99.99609375
08:01:01,91282CKY6,TSRYS5833261,D,S,D,2024-07-09,1000000.00,4.626368,99.99609375
08:01:01,91282CKY6,TSRYS5833261,D,S,D,2024-07-09,5000000.00,4.626368,99.99609375
08:01:01,91282CKY6,TSRYS5833261,D,S,D,2024-07-09,3000000.00,4.626368,99.99609375
08:01:01,91282CKY6,TSRYS5833261,D,B,C,2024-07-09,1000000.00,4.624274,100.0
08:01:01,91282CKY6,TSRYS5833261,D,B,C,2024-07-09,1000000.00,4.624274,100.0
08:01:01,91282CKY6,TSRYS5833261,D,B,C,2024-07-09,1000000.00,4.626368,99.99609375
08:01:01,91282CKY6,TSRYS5833261,D,S,D,2024-07-09,1000000.00,4.624274,100.0
08:01:01,91282CKY6,TSRYS5833261,D,S,D,2024-07-09,1000000.00,4.624274,100.0
08:01:01,91282CKY6,TSRYS5833261,D,S,D,2024-07-09,3000000.00,4.624274,100.0
08:01:01,91282CKY6,TSRYS5833261,D,B,C,2024-07-09,3000000.00,4.624274,100.0
08:01:01,91282CKY6,TSRYS5833261,D,S,T,2024-07-09,5000000.00,4.630557,99.98828125
08:01:01,91282CKY6,TSRYS5833261,D,B,C,2024-07-09,8000000.00,4.624274,100.0
08:01:01,91282CKY6,TSRYS5833261,D,S,C,2024-07-09,8000000.00,4.624274,100.0
08:01:01,91282CKY6,TSRYS5833261,D,S,D,2024-07-09,1000000.00,4.626368,99.99609375
08:01:01,91282CKY6,TSRYS5833261,D,S,D,2024-07-09,1000000.00,4.626368,99.99609375
08:01:01,91282CKY6,TSRYS5833261,D,S,C,2024-07-09,2000000.00,4.628463,99.9921875
08:01:01,91282CKY6,TSRYS5833261,D,B,C,2024-07-09,2000000.00,4.628463,99.9921875
08:01:01,91282CKY6,TSRYS5833261,D,B,C,2024-07-09,1000000.00,4.626368,99.99609375
08:01:01,91282CKY6,TSRYS5833261,D,S,C,2024-07-09,2000000.00,4.630557,99.98828125
08:01:01,91282CKY6,TSRYS5833261,D,B,C,2024-07-09,2000000.00,4.630557,99.98828125
08:01:01,91282CKY6,TSRYS5833261,D,S,D,2024-07-09,1000000.00,4.627416,99.994140625
08:01:01,91282CKY6,TSRYS5833261,D,S,D,2024-07-09,1000000.00,4.627416,99.994140625
08:01:02,91282CKY6,TSRYS5833261,D,S,D,2024-07-09,1000000.00,4.627416,99.994140625
08:01:02,91282CKY6,TSRYS5833261,D,S,T,2024-07-09,4000000.00,4.630557,99.98828125
08:01:02,91282CKY6,TSRYS5833261,D,S,D,2024-07-09,1000000.00,4.627416,99.994140625
08:01:02,91282CKY6,TSRYS5833261,D,S,D,2024-07-09,1000000.00,4.627416,99.994140625
08:01:02,91282CKY6,TSRYS5833261,D,S,D,2024-07-09,1000000.00,4.627416,99.994140625
08:01:02,91282CKY6,TSRYS5833261,D,B,C,2024-07-09,1000000.00,4.627416,99.994140625
08:01:02,91282CKY6,TSRYS5833261,D,B,C,2024-07-09,1000000.00,4.627416,99.994140625
08:01:02,91282CKY6,TSRYS5833261,D,B,C,2024-07-09,1000000.00,4.627416,99.994140625
08:01:02,91282CKY6,TSRYS5833261,D,B,C,2024-07-09,1000000.00,4.627416,99.994140625
08:01:02,91282CKY6,TSRYS5833261,D,S,D,2024-07-09,1000000.00,4.627416,99.994140625
08:01:02,91282CKY6,TSRYS5833261,D,S,D,2024-07-09,1000000.00,4.627416,99.994140625
08:01:02,91282CKY6,TSRYS5833261,D,S,D,2024-07-09,1000000.00,4.627416,99.994140625
08:01:02,91282CKY6,TSRYS5833261,D,S,D,2024-07-09,1000000.00,4.627416,99.994140625
08:01:02,91282CKY6,TSRYS5833261,D,B,C,2024-07-09,1000000.00,4.627416,99.994140625
08:01:02,91282CKY6,TSRYS5833261,D,S,D,2024-07-09,1000000.00,4.627416,99.994140625
08:01:02,91282CKY6,TSRYS5833261,D,S,D,2024-07-09,1000000.00,4.627416,99.994140625
08:01:02,91282CKY6,TSRYS5833261,D,B,C,2024-07-09,1000000.00,4.627416,99.994140625
08:01:02,91282CKY6,TSRYS5833261,D,B,C,2024-07-09,1000000.00,4.627416,99.994140625
08:01:02,91282CKY6,TSRYS5833261,D,B,C,2024-07-09,1000000.00,4.627416,99.994140625
08:01:02,91282CKY6,TSRYS5833261,D,B,C,2024-07-09,1000000.00,4.627416,99.994140625
08:01:02,91282CKY6,TSRYS5833261,D,S,D,2024-07-09,1000000.00,4.627416,99.994140625
08:01:02,91282CKY6,TSRYS5833261,D,S,D,2024-07-09,1000000.00,4.627416,99.994140625
08:01:02,91282CKY6,TSRYS5833261,D,B,C,2024-07-09,1000000.00,4.627416,99.994140625
08:01:02,91282CKY6,TSRYS5833261,D,S,D,2024-07-09,1000000.00,4.627416,99.994140625
08:01:02,91282CKY6,TSRYS5833261,D,S,D,2024-07-09,1000000.00,4.627416,99.994140625
08:01:02,91282CKY6,TSRYS5833261,D,B,C,2024-07-09,1000000.00,4.627416,99.994140625
08:01:02,91282CKY6,TSRYS5833261,D,B,C,2024-07-09,1000000.00,4.627416,99.994140625
08:01:02,91282CKY6,TSRYS5833261,D,B,C,2024-07-09,1000000.00,4.627416,99.994140625
08:01:02,91282CKY6,TSRYS5833261,D,B,C,2024-07-09,1000000.00,4.627416,99.994140625
08:01:02,91282CKY6,TSRYS5833261,D,S,D,2024-07-09,1000000.00,4.627416,99.994140625
08:01:02,91282CKY6,TSRYS5833261,D,S,D,2024-07-09,1000000.00,4.627416,99.994140625
08:01:02,91282CKY6,TSRYS5833261,D,S,D,2024-07-09,1000000.00,4.627416,99.994140625
08:01:02,91282CKY6,TSRYS5833261,D,S,D,2024-07-09,1000000.00,4.627416,99.994140625
08:01:02,91282CKY6,TSRYS5833261,D,S,D,2024-07-09,1000000.00,4.627416,99.994140625
08:01:02,91282CKY6,TSRYS5833261,D,S,D,2024-07-09,1000000.00,4.627416,99.994140625
08:01:02,91282CKY6,TSRYS5833261,D,B,C,2024-07-09,1000000.00,4.627416,99.994140625
08:01:02,91282CKY6,TSRYS5833261,D,B,C,2024-07-09,1000000.00,4.627416,99.994140625
08:01:02,91282CKY6,TSRYS5833261,D,B,C,2024-07-09,1000000.00,4.627416,99.994140625
08:01:02,91282CKY6,TSRYS5833261,D,S,D,2024-07-09,1000000.00,4.627416,99.994140625
08:01:02,91282CKY6,TSRYS5833261,D,S,D,2024-07-09,1000000.00,4.627416,99.994140625
08:01:02,91282CKY6,TSRYS5833261,D,S,D,2024-07-09,1000000.00,4.627416,99.994140625
08:01:02,91282CKY6,TSRYS5833261,D,S,D,2024-07-09,1000000.00,4.627416,99.994140625
08:01:02,91282CKY6,TSRYS5833261,D,S,D,2024-07-09,1000000.00,4.627416,99.994140625
08:01:02,91282CKY6,TSRYS5833261,D,S,D,2024-07-09,1000000.00,4.627416,99.994140625
08:01:02,91282CKY6,TSRYS5833261,D,S,A,2024-07-09,6452000.00,4.626368,99.99609375
08:01:02,91282CKY6,TSRYS5833261,D,S,D,2024-07-09,1000000.00,4.627416,99.994140625
08:01:02,91282CKY6,TSRYS5833261,D,S,D,2024-07-09,1000000.00,4.627416,99.994140625
08:01:02,91282CKY6,TSRYS5833261,D,S,D,2024-07-09,1000000.00,4.627416,99.994140625
08:01:02,91282CKY6,TSRYS5833261,D,S,D,2024-07-09,1000000.00,4.627416,99.994140625
08:01:02,91282CKY6,TSRYS5833261,D,S,D,2024-07-09,1000000.00,4.627416,99.994140625
08:01:02,91282CKY6,TSRYS5833261,D,S,D,2024-07-09,1000000.00,4.627416,99.994140625
08:01:02,91282CKY6,TSRYS5833261,D,S,D,2024-07-09,1000000.00,4.627416,99.994140625
08:01:02,91282CKY6,TSRYS5833261,D,S,D,2024-07-09,1000000.00,4.627416,99.994140625
08:01:02,91282CKY6,TSRYS5833261,D,S,D,2024-07-09,1000000.00,4.627416,99.994140625
08:01:02,91282CKY6,TSRYS5833261,D,S,D,2024-07-09,1000000.00,4.627416,99.994140625
08:01:02,91282CKY6,TSRYS5833261,D,S,D,2024-07-09,1000000.00,4.627416,99.994140625
08:01:02,91282CKY6,TSRYS5833261,D,S,D,2024-07-09,1000000.00,4.627416,99.994140625
08:01:02,91282CKY6,TSRYS5833261,D,S,D,2024-07-09,1000000.00,4.627416,99.994140625
08:01:02,91282CKY6,TSRYS5833261,D,S,D,2024-07-09,1000000.00,4.627416,99.994140625
08:01:02,91282CKY6,TSRYS5833261,D,S,D,2024-07-09,3000000.00,4.627416,99.994140625
08:01:02,91282CKY6,TSRYS5833261,D,B,C,2024-07-09,3000000.00,4.627416,99.994140625
08:01:02,91282CKY6,TSRYS5833261,D,S,D,2024-07-09,3000000.00,4.627416,99.994140625
08:01:02,91282CKY6,TSRYS5833261,D,B,C,2024-07-09,1000000.00,4.628463,99.9921875
08:01:02,91282CKY6,TSRYS5833261,D,S,C,2024-07-09,1000000.00,4.628463,99.9921875
08:01:02,91282CKY6,TSRYS5833261,D,S,C,2024-07-09,1000000.00,4.628463,99.9921875
08:01:02,91282CKY6,TSRYS5833261,D,S,C,2024-07-09,1000000.00,4.62951,99.990234375
08:01:02,91282CKY6,TSRYS5833261,D,S,C,2024-07-09,1000000.00,4.630557,99.98828125
08:01:02,91282CKY6,TSRYS5833261,D,B,C,2024-07-09,1000000.00,4.630557,99.98828125
08:01:02,91282CKY6,TSRYS5833261,D,S,C,2024-07-09,1000000.00,4.631604,99.986328125
08:01:02,91282CKY6,TSRYS5833261,D,S,C,2024-07-09,1000000.00,4.631604,99.986328125
08:01:02,91282CKY6,TSRYS5833261,D,B,C,2024-07-09,1000000.00,4.631604,99.986328125
08:01:02,91282CKY6,TSRYS5833261,D,S,C,2024-07-09,1000000.00,4.62951,99.990234375
08:01:02,91282CKY6,TSRYS5833261,D,S,C,2024-07-09,1000000.00,4.62951,99.990234375
08:01:02,91282CKY6,TSRYS5833261,D,S,C,2024-07-09,1000000.00,4.62951,99.990234375
08:01:02,91282CKY6,TSRYS5833261,D,B,C,2024-07-09,5000000.00,4.628463,99.9921875
08:01:02,91282CKY6,TSRYS5833261,D,S,D,2024-07-09,5000000.00,4.628463,99.9921875
08:01:02,91282CKY6,TSRYS5833261,D,S,C,2024-07-09,1000000.00,4.627416,99.994140625
08:01:02,91282CKY6,TSRYS5833261,D,S,C,2024-07-09,1000000.00,4.627416,99.994140625
08:01:02,91282CKY6,TSRYS5833261,D,S,C,2024-07-09,1000000.00,4.627416,99.994140625
08:01:02,91282CKY6,TSRYS5833261,D,S,C,2024-07-09,1000000.00,4.627416,99.994140625
08:01:02,91282CKY6,TSRYS5833261,D,S,C,2024-07-09,1000000.00,4.627416,99.994140625
08:01:02,91282CKY6,TSRYS5833261,D,S,C,2024-07-09,1000000.00,4.627416,99.994140625
08:01:02,91282CKY6,TSRYS5833261,D,S,T,2024-07-09,2000000.00,4.632652,99.984375
08:01:02,91282CKY6,TSRYS5833261,D,S,T,2024-07-09,1000000.00,4.632652,99.984375
08:01:02,91282CKY6,TSRYS5833261,D,S,C,2024-07-09,2000000.00,4.62951,99.990234375
08:01:02,91282CKY6,TSRYS5833261,D,S,C,2024-07-09,1000000.00,4.62951,99.990234375
08:01:02,91282CKY6,TSRYS5833261,D,S,C,2024-07-09,1000000.00,4.62951,99.990234375
08:01:02,91282CKY6,TSRYS5833261,D,S,D,2024-07-09,1000000.00,4.62951,99.990234375
08:01:02,91282CKY6,TSRYS5833261,D,S,C,2024-07-09,1000000.00,4.62951,99.990234375
08:01:02,91282CKY6,TSRYS5833261,D,S,T,2024-07-09,1000000.00,4.632652,99.984375
08:01:02,91282CKY6,TSRYS5833261,D,S,T,2024-07-09,11000000.00,4.632652,99.984375
08:01:02,91282CKY6,TSRYS5833261,D,S,C,2024-07-09,1000000.00,4.62951,99.990234375
08:01:02,91282CKY6,TSRYS5833261,D,S,C,2024-07-09,1000000.00,4.62951,99.990234375
08:01:02,91282CKY6,TSRYS5833261,D,S,C,2024-07-09,1000000.00,4.62951,99.990234375
08:01:02,91282CKY6,TSRYS5833261,D,S,C,2024-07-09,1000000.00,4.62951,99.990234375
08:01:02,91282CKY6,TSRYS5833261,D,B,C,2024-07-09,1000000.00,4.62951,99.990234375
08:01:02,91282CKY6,TSRYS5833261,D,B,C,2024-07-09,1000000.00,4.62951,99.990234375
08:01:02,91282CKY6,TSRYS5833261,D,S,C,2024-07-09,1000000.00,4.62951,99.990234375
08:01:02,91282CKY6,TSRYS5833261,D,B,C,2024-07-09,2000000.00,4.62951,99.990234375
08:01:02,91282CKY6,TSRYS5833261,D,S,C,2024-07-09,2000000.00,4.62951,99.990234375
08:01:02,91282CKY6,TSRYS5833261,D,B,C,2024-07-09,1000000.00,4.62951,99.990234375
08:01:02,91282CKY6,TSRYS5833261,D,S,D,2024-07-09,1000000.00,4.62951,99.990234375
08:01:02,91282CKY6,TSRYS5833261,D,S,C,2024-07-09,1000000.00,4.631604,99.986328125
08:01:03,91282CKY6,TSRYS5833261,D,S,C,2024-07-09,1000000.00,4.634746,99.98046875
08:01:03,91282CKY6,TSRYS5833261,D,B,C,2024-07-09,1000000.00,4.634746,99.98046875
08:01:03,91282CKY6,TSRYS5833261,D,B,C,2024-07-09,5000000.00,4.62218,100.00390625
08:01:03,91282CKY6,TSRYS5833261,D,B,C,2024-07-09,5000000.00,4.633699,99.982421875
08:01:03,91282CKY6,TSRYS5833261,D,S,C,2024-07-09,5000000.00,4.633699,99.982421875
08:01:03,91282CKY6,TSRYS5833261,D,S,C,2024-07-09,1000000.00,4.634746,99.98046875
08:01:03,91282CKY6,TSRYS5833261,D,B,C,2024-07-09,1000000.00,4.634746,99.98046875
08:01:03,91282CKY6,TSRYS5833261,D,S,C,2024-07-09,1000000.00,4.634746,99.98046875
08:01:03,91282CKY6,TSRYS5833261,D,B,C,2024-07-09,1000000.00,4.634746,99.98046875
08:01:03,91282CKY6,TSRYS5833261,D,S,C,2024-07-09,1000000.00,4.635794,99.978515625
08:01:03,91282CKY6,TSRYS5833261,D,S,C,2024-07-09,1000000.00,4.636841,99.9765625
08:01:03,91282CKY6,TSRYS5833261,D,S,C,2024-07-09,1000000.00,4.636841,99.9765625
08:01:03,91282CKY6,TSRYS5833261,D,S,C,2024-07-09,3000000.00,4.636841,99.9765625
08:01:03,91282CKY6,TSRYS5833261,D,S,A,2024-07-09,6000000.00,4.632711,99.984375
08:01:03,91282CKY6,TSRYS5833261,D,S,C,2024-07-09,1000000.00,4.637889,99.974609375
08:01:03,91282CKY6,TSRYS5833261,D,S,D,2024-07-09,2000000.00,4.62951,99.990234375
08:01:03,91282CKY6,TSRYS5833261,D,S,D,2024-07-09,1000000.00,4.62951,99.990234375
08:01:03,91282CKY6,TSRYS5833261,D,S,D,2024-07-09,1000000.00,4.62951,99.990234375
08:01:03,91282CKY6,TSRYS5833261,D,B,C,2024-07-09,1000000.00,4.637889,99.974609375
08:01:03,91282CKY6,TSRYS5833261,D,S,D,2024-07-09,1000000.00,4.62951,99.990234375
08:01:03,91282CKY6,TSRYS5833261,D,S,D,2024-07-09,1000000.00,4.62951,99.990234375
08:01:03,91282CKY6,TSRYS5833261,D,S,C,2024-07-09,5000000.00,4.636841,99.9765625
08:01:03,91282CKY6,TSRYS5833261,D,S,C,2024-07-09,1000000.00,4.636841,99.9765625
08:01:03,91282CKY6,TSRYS5833261,D,S,C,2024-07-09,1000000.00,4.636841,99.9765625
08:01:03,91282CKY6,TSRYS5833261,D,B,C,2024-07-09,1000000.00,4.635794,99.978515625
08:01:03,91282CKY6,TSRYS5833261,D,S,D,2024-07-09,1000000.00,4.635794,99.978515625
08:01:03,91282CKY6,TSRYS5833261,D,S,D,2024-07-09,1000000.00,4.62951,99.990234375
08:01:03,91282CKY6,TSRYS5833261,D,S,D,2024-07-09,1000000.00,4.62951,99.990234375
08:01:03,91282CKY6,TSRYS5833261,D,S,D,2024-07-09,1000000.00,4.62951,99.990234375
08:01:03,91282CKY6,TSRYS5833261,D,S,D,2024-07-09,1000000.00,4.62951,99.990234375
08:01:03,91282CKY6,TSRYS5833261,D,S,D,2024-07-09,1000000.00,4.635794,99.978515625
08:01:04,91282CKY6,TSRYS5833261,D,S,T,2024-07-09,3000000.00,4.627416,99.994140625
08:01:04,91282CKY6,TSRYS5833261,D,S,T,2024-07-09,1000000.00,4.627469,99.994040625
08:01:04,91282CKY6,TSRYS5833261,D,S,T,2024-07-09,1000000.00,4.627469,99.994040625
08:01:04,91282CKY6,TSRYS5833261,D,S,T,2024-07-09,8000000.00,4.629564,99.990134375
08:01:04,91282CKY6,TSRYS5833261,D,S,T,2024-07-09,1000000.00,4.629564,99.990134375
08:01:04,91282CKY6,TSRYS5833261,D,S,T,2024-07-09,1000000.00,4.629564,99.990134375
08:01:04,91282CKY6,TSRYS5833261,D,S,T,2024-07-09,3000000.00,4.629564,99.990134375
08:01:04,91282CKY6,TSRYS5833261,D,S,T,2024-07-09,1000000.00,4.629564,99.990134375
08:01:04,91282CKY6,TSRYS5833261,D,S,T,2024-07-09,2000000.00,4.629564,99.990134375
08:01:04,91282CKY6,TSRYS5833261,D,S,T,2024-07-09,6000000.00,4.640037,99.970603125
08:01:04,91282CKY6,TSRYS5833261,D,S,T,2024-07-09,2000000.00,4.640037,99.970603125
08:01:04,91282CKY6,TSRYS5833261,D,S,T,2024-07-09,2000000.00,4.640037,99.970603125
08:01:04,91282CKY6,TSRYS5833261,D,S,T,2024-07-09,1000000.00,4.640037,99.970603125
08:01:06,91282CKY6,TSRYS5833261,D,S,A,2024-07-09,400000.00,4.630557,99.98828125
08:01:06,91282CKY6,TSRYS5833261,D,B,A,2024-07-09,1360000.00,4.630557,99.98828125
08:01:06,91282CKY6,TSRYS5833261,D,S,T,2024-07-09,1000000.00,4.630612,99.98817925
08:01:06,91282CKY6,TSRYS5833261,D,S,T,2024-07-09,1000000.00,4.630612,99.98817925
08:01:07,91282CKY6,TSRYS5833261,D,S,T,2024-07-09,1000000.00,4.641031,99.96875
08:01:07,91282CKY6,TSRYS5833261,D,S,T,2024-07-09,2000000.00,4.626368,99.99609375
08:01:07,91282CKY6,TSRYS5833261,D,S,T,2024-07-09,1000000.00,4.625321,99.998046875
08:01:07,91282CKY6,TSRYS5833261,D,S,T,2024-07-09,2000000.00,4.625321,99.998046875
08:01:07,91282CKY6,TSRYS5833261,D,S,T,2024-07-09,3000000.00,4.625321,99.998046875
08:01:08,91282CKY6,TSRYS5833261,D,S,D,2024-07-09,2300000.00,4.628463,99.9921875
08:01:08,91282CKY6,TSRYS5833261,D,B,A,2024-07-09,750000.00,4.630557,99.98828125
08:01:08,91282CKY6,TSRYS5833261,D,B,A,2024-07-09,10000000.00,4.632652,99.984375
08:01:08,91282CKY6,TSRYS5833261,D,S,T,2024-07-09,3000000.00,4.632652,99.984375
08:01:08,91282CKY6,TSRYS5833261,D,S,T,2024-07-09,5000000.00,4.632652,99.984375
08:01:08,91282CKY6,TSRYS5833261,D,S,T,2024-07-09,1000000.00,4.632652,99.984375
08:01:08,91282CKY6,TSRYS5833261,D,S,T,2024-07-09,1000000.00,4.632706,99.984273
08:01:08,91282CKY6,TSRYS5833261,D,S,A,2024-07-09,4700000.00,4.628463,99.9921875
08:01:09,91282CKY6,TSRYS5833261,D,S,T,2024-07-09,1000000.00,4.634746,99.98046875
08:01:09,91282CKY6,TSRYS5833261,D,S,T,2024-07-09,1000000.00,4.630612,99.98817925
08:01:09,91282CKY6,TSRYS5833261,D,S,T,2024-07-09,1000000.00,4.630612,99.98817925
08:01:09,91282CKY6,TSRYS5833261,D,S,T,2024-07-09,1000000.00,4.630651,99.98810625
08:01:09,91282CKY6,TSRYS5833261,D,S,T,2024-07-09,1000000.00,4.630651,99.98810625
08:01:09,91282CKY6,TSRYS5833261,D,S,D,2024-07-09,1000000.00,4.639984,99.970703125
08:01:09,91282CKY6,TSRYS5833261,D,S,D,2024-07-09,1000000.00,4.639984,99.970703125
08:01:09,91282CKY6,TSRYS5833261,D,S,T,2024-07-09,1000000.00,4.630678,99.98805625
08:01:09,91282CKY6,TSRYS5833261,D,S,T,2024-07-09,1000000.00,4.630678,99.98805625
08:01:09,91282CKY6,TSRYS5833261,D,S,T,2024-07-09,5000000.00,4.630557,99.98828125
08:01:10,91282CKY6,TSRYS5833261,D,S,T,2024-07-09,3000000.00,4.630557,99.98828125
08:01:10,91282CKY6,TSRYS5833261,D,S,T,2024-07-09,3000000.00,4.630557,99.98828125
08:01:10,91282CKY6,TSRYS5833261,D,S,D,2024-07-09,8000000.00,4.624006,100.0005
08:01:10,91282CKY6,TSRYS5833261,D,B,C,2024-07-09,15000000.00,4.630959,99.987531
08:01:10,91282CKY6,TSRYS5833261,D,S,D,2024-07-09,40000000.00,4.62614,99.9965188
08:01:10,91282CKY6,TSRYS5833261,D,S,A,2024-07-09,300000.00,4.628463,99.9921875
08:01:10,91282CKY6,TSRYS5833261,D,S,A,2024-07-09,3000000.00,4.630619,99.98828125
08:01:10,91282CKY6,TSRYS5833261,D,S,A,2024-07-09,34000.00,4.630496,99.98828125
08:01:10,91282CKY6,TSRYS5833261,D,S,D,2024-07-09,1000000.00,4.641031,99.96875
08:01:10,91282CKY6,TSRYS5833261,D,S,D,2024-07-09,1000000.00,4.641031,99.96875
08:01:11,91282CKY6,TSRYS5833261,D,S,C,2024-07-09,15000.00,4.639422,99.97175
08:01:12,91282CKY6,TSRYS5833261,D,S,A,2024-07-09,4000000.00,4.630557,99.98828125
08:01:12,91282CKY6,TSRYS5833261,D,B,A,2024-07-09,6000000.00,4.634478,99.98097
08:01:12,91282CKY6,TSRYS5833261,D,S,A,2024-07-09,2000000.00,4.634746,99.98046875
08:01:12,91282CKY6,TSRYS5833261,D,B,C,2024-07-09,4718000.00,4.628463,99.9921875
08:01:12,91282CKY6,TSRYS5833261,D,S,D,2024-07-09,4718000.00,4.628463,99.9921875
08:01:12,91282CKY6,TSRYS5833261,D,S,D,2024-07-09,7000000.00,4.638936,99.97265625
08:01:13,91282CKY6,TSRYS5833261,D,S,T,2024-07-09,1000000.00,4.638936,99.97265625
08:01:13,91282CKY6,TSRYS5833261,D,B,A,2024-07-09,2940000.00,4.632652,99.984375
08:01:15,91282CKY6,TSRYS5833261,D,S,T,2024-07-09,1000000.00,4.638936,99.97265625
08:01:15,91282CKY6,TSRYS5833261,D,S,T,2024-07-09,1000000.00,4.639018,99.97250425
08:01:15,91282CKY6,TSRYS5833261,D,S,T,2024-07-09,3000000.00,4.638936,99.97265625
08:01:15,91282CKY6,TSRYS5833261,D,S,T,2024-07-09,3000000.00,4.638936,99.97265625
08:01:15,91282CKY6,TSRYS5833261,D,S,T,2024-07-09,1000000.00,4.639018,99.97250425
08:01:15,91282CKY6,TSRYS5833261,D,S,T,2024-07-09,2000000.00,4.639018,99.97250425
08:01:15,91282CKY6,TSRYS5833261,D,S,T,2024-07-09,2000000.00,4.638936,99.97265625
08:01:15,91282CKY6,TSRYS5833261,D,S,T,2024-07-09,1000000.00,4.639018,99.97250425
08:01:15,91282CKY6,TSRYS5833261,D,S,T,2024-07-09,1000000.00,4.639018,99.97250425
08:01:15,91282CKY6,TSRYS5833261,D,S,T,2024-07-09,3000000.00,4.638936,99.97265625
08:01:15,91282CKY6,TSRYS5833261,D,S,T,2024-07-09,1000000.00,4.639018,99.97250425
08:01:15,91282CKY6,TSRYS5833261,D,S,T,2024-07-09,1000000.00,4.639018,99.97250425
08:01:15,91282CKY6,TSRYS5833261,D,S,T,2024-07-09,2000000.00,4.639018,99.97250425
08:01:15,91282CKY6,TSRYS5833261,D,S,T,2024-07-09,3000000.00,4.638936,99.97265625
08:01:15,91282CKY6,TSRYS5833261,D,S,T,2024-07-09,2000000.00,4.639018,99.97250425
08:01:15,91282CKY6,TSRYS5833261,D,S,T,2024-07-09,1000000.00,4.639018,99.97250425
08:01:15,91282CKY6,TSRYS5833261,D,S,T,2024-07-09,1000000.00,4.639018,99.97250425
08:01:15,91282CKY6,TSRYS5833261,D,S,T,2024-07-09,1000000.00,4.639018,99.97250425
08:01:15,91282CKY6,TSRYS5833261,D,S,T,2024-07-09,1000000.00,4.639018,99.97250425
08:01:15,91282CKY6,TSRYS5833261,D,S,T,2024-07-09,1000000.00,4.638936,99.97265625
08:01:15,91282CKY6,TSRYS5833261,D,S,T,2024-07-09,2000000.00,4.639018,99.97250425
08:01:15,91282CKY6,TSRYS5833261,D,S,T,2024-07-09,1000000.00,4.638936,99.97265625
08:01:15,91282CKY6,TSRYS5833261,D,S,T,2024-07-09,2000000.00,4.639018,99.97250425
08:01:15,91282CKY6,TSRYS5833261,D,S,T,2024-07-09,2000000.00,4.639018,99.97250425
08:01:15,91282CKY6,TSRYS5833261,D,S,T,2024-07-09,2000000.00,4.638936,99.97265625
08:01:15,91282CKY6,TSRYS5833261,D,S,T,2024-07-09,3000000.00,4.635794,99.978515625
08:01:15,91282CKY6,TSRYS5833261,D,S,A,2024-07-09,1710400.00,4.628463,99.9921875
08:01:15,91282CKY6,TSRYS5833261,D,S,T,2024-07-09,1000000.00,4.638936,99.97265625
08:01:15,91282CKY6,TSRYS5833261,D,S,T,2024-07-09,3000000.00,4.638936,99.97265625
08:01:15,91282CKY6,TSRYS5833261,D,S,T,2024-07-09,1000000.00,4.639018,99.97250425
08:01:16,91282CKY6,TSRYS5833261,D,S,D,2024-07-09,1000000.00,4.634746,99.98046875
08:01:16,91282CKY6,TSRYS5833261,D,S,T,2024-07-09,1000000.00,4.635794,99.978515625
08:01:16,91282CKY6,TSRYS5833261,D,S,T,2024-07-09,1000000.00,4.627416,99.994140625
08:01:16,91282CKY6,TSRYS5833261,D,S,T,2024-07-09,1000000.00,4.627416,99.994140625
08:01:16,91282CKY6,TSRYS5833261,D,S,T,2024-07-09,3000000.00,4.627416,99.994140625
08:01:16,91282CKY6,TSRYS5833261,D,S,T,2024-07-09,1000000.00,4.627416,99.994140625
08:01:16,91282CKY6,TSRYS5833261,D,S,T,2024-07-09,1000000.00,4.627416,99.994140625
08:01:16,91282CKY6,TSRYS5833261,D,S,T,2024-07-09,1000000.00,4.627416,99.994140625
08:01:16,91282CKY6,TSRYS5833261,D,S,T,2024-07-09,1000000.00,4.627416,99.994140625
08:01:16,91282CKY6,TSRYS5833261,D,S,T,2024-07-09,3000000.00,4.627416,99.994140625
08:01:16,91282CKY6,TSRYS5833261,D,S,T,2024-07-09,7000000.00,4.627416,99.994140625
08:01:16,91282CKY6,TSRYS5833261,D,S,T,2024-07-09,1000000.00,4.627416,99.994140625
08:01:16,91282CKY6,TSRYS5833261,D,S,T,2024-07-09,1000000.00,4.626423,99.99599175
08:01:16,91282CKY6,TSRYS5833261,D,S,A,2024-07-09,7100000.00,4.626368,99.99609375
08:01:17,91282CKY6,TSRYS5833261,D,S,A,2024-07-09,6800000.00,4.626368,99.99609375
08:01:17,91282CKY6,TSRYS5833261,D,S,T,2024-07-09,1000000.00,4.635794,99.978515625
08:01:17,91282CKY6,TSRYS5833261,D,S,A,2024-07-09,6500000.00,4.628462,99.992188
08:01:17,91282CKY6,TSRYS5833261,D,B,A,2024-07-09,2250000.00,4.630557,99.98828125
08:01:17,91282CKY6,TSRYS5833261,D,S,T,2024-07-09,3000000.00,4.625321,99.998046875
08:01:17,91282CKY6,TSRYS5833261,D,B,A,2024-07-09,3500000.00,4.628463,99.9921875
08:01:17,91282CKY6,TSRYS5833261,D,S,T,2024-07-09,1000000.00,4.625321,99.998046875
08:01:17,91282CKY6,TSRYS5833261,D,S,T,2024-07-09,1000000.00,4.625321,99.998046875
08:01:17,91282CKY6,TSRYS5833261,D,S,T,2024-07-09,1000000.00,4.625321,99.998046875
08:01:17,91282CKY6,TSRYS5833261,D,S,A,2024-07-09,1000000.00,4.626368,99.99609375
08:01:17,91282CKY6,TSRYS5833261,D,B,A,2024-07-09,1500000.00,4.630557,99.98828125
08:01:18,91282CKY6,TSRYS5833261,D,B,A,2024-07-09,1000000.00,4.628544,99.9920355
08:01:18,91282CKY6,TSRYS5833261,D,S,T,2024-07-09,1000000.00,4.628544,99.9920355
08:01:18,91282CKY6,TSRYS5833261,D,B,A,2024-07-09,3000000.00,4.628543,99.9920375
08:01:18,91282CKY6,TSRYS5833261,D,S,T,2024-07-09,3000000.00,4.628543,99.9920375
08:01:18,91282CKY6,TSRYS5833261,D,S,T,2024-07-09,2000000.00,4.628544,99.9920355
08:01:18,91282CKY6,TSRYS5833261,D,B,A,2024-07-09,2000000.00,4.628544,99.9920355
08:01:18,91282CKY6,TSRYS5833261,D,S,T,2024-07-09,1000000.00,4.628544,99.9920355
08:01:18,91282CKY6,TSRYS5833261,D,B,A,2024-07-09,1000000.00,4.628544,99.9920355
08:01:18,91282CKY6,TSRYS5833261,D,S,T,2024-07-09,1000000.00,4.628543,99.9920375
08:01:18,91282CKY6,TSRYS5833261,D,B,A,2024-07-09,1000000.00,4.628543,99.9920375
08:01:18,91282CKY6,TSRYS5833261,D,S,T,2024-07-09,1000000.00,4.628543,99.9920375
08:01:18,91282CKY6,TSRYS5833261,D,B,A,2024-07-09,1000000.00,4.628543,99.9920375
08:01:19,91282CKY6,TSRYS5833261,D,S,D,2024-07-09,1000000.00,4.641031,99.96875
08:01:19,91282CKY6,TSRYS5833261,D,B,A,2024-07-09,1000000.00,4.641031,99.96875
08:01:20,91282CKY6,TSRYS5833261,D,S,A,2024-07-09,1350000.00,4.626368,99.99609375
08:01:20,91282CKY6,TSRYS5833261,D,S,C,2024-07-09,2940000.00,4.624274,100.0
08:01:20,91282CKY6,TSRYS5833261,D,S,C,2024-07-09,1470000.00,4.617992,100.01171875
08:01:20,91282CKY6,TSRYS5833261,D,B,C,2024-07-09,3000000.00,4.626368,99.99609375
08:01:21,91282CKY6,TSRYS5833261,D,B,C,2024-07-09,2500000.00,4.626368,99.99609375
08:01:21,91282CKY6,TSRYS5833261,D,S,T,2024-07-09,2000000.00,4.635794,99.978515625
08:01:21,91282CKY6,TSRYS5833261,D,B,C,2024-07-09,7000000.00,4.627416,99.99414062
08:01:21,91282CKY6,TSRYS5833261,D,B,C,2024-07-09,350000.00,4.626368,99.99609375
08:01:21,91282CKY6,TSRYS5833261,D,S,T,2024-07-09,1000000.00,4.635794,99.978515625
08:01:21,91282CKY6,TSRYS5833261,D,B,C,2024-07-09,2800000.00,4.624274,100.0
08:01:21,91282CKY6,TSRYS5833261,D,B,C,2024-07-09,7000000.00,4.627416,99.99414062
08:01:21,91282CKY6,TSRYS5833261,D,S,T,2024-07-09,1000000.00,4.635794,99.978515625
08:01:21,91282CKY6,TSRYS5833261,D,B,C,2024-07-09,1000000.00,4.635794,99.978515625
08:01:21,91282CKY6,TSRYS5833261,D,B,C,2024-07-09,7000000.00,4.627416,99.99414062
08:01:21,91282CKY6,TSRYS5833261,D,S,C,2024-07-09,1000000.00,4.635794,99.978515625
08:01:21,91282CKY6,TSRYS5833261,D,S,T,2024-07-09,3000000.00,4.635794,99.978515625
08:01:21,91282CKY6,TSRYS5833261,D,B,C,2024-07-09,2000000.00,4.628463,99.9921875
08:01:21,91282CKY6,TSRYS5833261,D,B,C,2024-07-09,2000000.00,4.634746,99.98046875
08:01:21,91282CKY6,TSRYS5833261,D,S,C,2024-07-09,2000000.00,4.634746,99.98046875
08:01:22,91282CKY6,TSRYS5833261,D,B,C,2024-07-09,1000000.00,4.628463,99.9921875
08:01:22,91282CKY6,TSRYS5833261,D,B,C,2024-07-09,1000000.00,4.639984,99.970703125
08:01:22,91282CKY6,TSRYS5833261,D,S,C,2024-07-09,1000000.00,4.626368,99.99609375
08:01:22,91282CKY6,TSRYS5833261,D,S,D,2024-07-09,1000000.00,4.639984,99.970703125
08:01:22,91282CKY6,TSRYS5833261,D,B,C,2024-07-09,1000000.00,4.639984,99.970703125
08:01:22,91282CKY6,TSRYS5833261,D,B,C,2024-07-09,1000000.00,4.639984,99.970703125
08:01:22,91282CKY6,TSRYS5833261,D,B,C,2024-07-09,2000000.00,4.628463,99.9921875
08:01:22,91282CKY6,TSRYS5833261,D,S,C,2024-07-09,1000000.00,4.639984,99.970703125
08:01:22,91282CKY6,TSRYS5833261,D,S,D,2024-07-09,1000000.00,4.639984,99.970703125
08:01:22,91282CKY6,TSRYS5833261,D,S,A,2024-07-09,2400000.00,4.628463,99.9921875
08:01:22,91282CKY6,TSRYS5833261,D,B,C,2024-07-09,1000000.00,4.639984,99.970703125
08:01:22,91282CKY6,TSRYS5833261,D,S,C,2024-07-09,1000000.00,4.639984,99.970703125
08:01:22,91282CKY6,TSRYS5833261,D,B,C,2024-07-09,1000000.00,4.639984,99.970703125
08:01:22,91282CKY6,TSRYS5833261,D,S,C,2024-07-09,1000000.00,4.639984,99.970703125
08:01:22,91282CKY6,TSRYS5833261,D,S,D,2024-07-09,1000000.00,4.641031,99.96875
08:01:22,91282CKY6,TSRYS5833261,D,S,D,2024-07-09,1000000.00,4.641031,99.96875
08:01:22,91282CKY6,TSRYS5833261,D,S,C,2024-07-09,1000000.00,4.641031,99.96875
08:01:22,91282CKY6,TSRYS5833261,D,B,C,2024-07-09,2000000.00,4.628463,99.9921875
08:01:22,91282CKY6,TSRYS5833261,D,B,C,2024-07-09,2000000.00,4.628463,99.9921875
08:01:22,91282CKY6,TSRYS5833261,D,S,C,2024-07-09,1000000.00,4.627416,99.994140625
08:01:22,91282CKY6,TSRYS5833261,D,B,C,2024-07-09,1000000.00,4.627416,99.993940625
08:01:22,91282CKY6,TSRYS5833261,D,S,D,2024-07-09,1000000.00,4.62951,99.990234375
08:01:22,91282CKY6,TSRYS5833261,D,B,C,2024-07-09,1000000.00,4.62951,99.990234375
08:01:22,91282CKY6,TSRYS5833261,D,S,D,2024-07-09,1000000.00,4.62951,99.990234375
08:01:22,91282CKY6,TSRYS5833261,D,B,C,2024-07-09,1000000.00,4.62951,99.990234375
08:01:22,91282CKY6,TSRYS5833261,D,S,D,2024-07-09,1000000.00,4.62951,99.990234375
08:01:22,91282CKY6,TSRYS5833261,D,B,C,2024-07-09,1000000.00,4.62951,99.990234375
08:01:22,91282CKY6,TSRYS5833261,D,S,C,2024-07-09,1000000.00,4.62951,99.990234375
08:01:22,91282CKY6,TSRYS5833261,D,B,C,2024-07-09,1000000.00,4.62951,99.990234375
08:01:22,91282CKY6,TSRYS5833261,D,S,C,2024-07-09,1000000.00,4.62951,99.990234375
08:01:22,91282CKY6,TSRYS5833261,D,B,C,2024-07-09,1000000.00,4.62951,99.990234375
08:01:23,91282CKY6,TSRYS5833261,D,S,D,2024-07-09,1000000.00,4.62951,99.990234375
08:01:23,91282CKY6,TSRYS5833261,D,B,C,2024-07-09,1000000.00,4.62951,99.990234375
08:01:23,91282CKY6,TSRYS5833261,D,S,D,2024-07-09,1000000.00,4.62951,99.990234375
08:01:23,91282CKY6,TSRYS5833261,D,S,C,2024-07-09,1000000.00,4.638936,99.97265625
08:01:23,91282CKY6,TSRYS5833261,D,B,C,2024-07-09,6700000.00,4.628463,99.9921875
08:01:23,91282CKY6,TSRYS5833261,D,B,C,2024-07-09,1000000.00,4.62951,99.990234375
08:01:23,91282CKY6,TSRYS5833261,D,S,D,2024-07-09,1000000.00,4.62951,99.990234375
08:01:23,91282CKY6,TSRYS5833261,D,B,C,2024-07-09,1000000.00,4.62951,99.990234375
08:01:23,91282CKY6,TSRYS5833261,D,S,C,2024-07-09,1000000.00,4.62951,99.990234375
08:01:23,91282CKY6,TSRYS5833261,D,B,C,2024-07-09,1000000.00,4.62951,99.990234375
08:01:23,91282CKY6,TSRYS5833261,D,S,D,2024-07-09,1000000.00,4.62951,99.990234375
08:01:23,91282CKY6,TSRYS5833261,D,B,C,2024-07-09,1000000.00,4.62951,99.990234375
08:01:23,91282CKY6,TSRYS5833261,D,S,D,2024-07-09,1000000.00,4.62951,99.990234375
08:01:23,91282CKY6,TSRYS5833261,D,B,C,2024-07-09,1000000.00,4.62951,99.990234375
08:01:23,91282CKY6,TSRYS5833261,D,S,D,2024-07-09,1000000.00,4.62951,99.990234375
08:01:23,91282CKY6,TSRYS5833261,D,B,C,2024-07-09,1000000.00,4.62951,99.990234375
08:01:23,91282CKY6,TSRYS5833261,D,S,C,2024-07-09,1000000.00,4.62951,99.990234375
08:01:23,91282CKY6,TSRYS5833261,D,B,C,2024-07-09,1000000.00,4.62951,99.990234375
08:01:23,91282CKY6,TSRYS5833261,D,S,D,2024-07-09,1000000.00,4.62951,99.990234375
08:01:23,91282CKY6,TSRYS5833261,D,B,C,2024-07-09,1000000.00,4.62951,99.990234375
08:01:23,91282CKY6,TSRYS5833261,D,S,D,2024-07-09,1000000.00,4.62951,99.990234375
08:01:23,91282CKY6,TSRYS5833261,D,B,C,2024-07-09,3000000.00,4.628463,99.9921875
08:01:23,91282CKY6,TSRYS5833261,D,B,C,2024-07-09,2000000.00,4.628463,99.9921875
08:01:23,91282CKY6,TSRYS5833261,D,S,D,2024-07-09,1000000.00,4.639984,99.970703125
08:01:23,91282CKY6,TSRYS5833261,D,B,C,2024-07-09,1000000.00,4.639984,99.970703125
08:01:23,91282CKY6,TSRYS5833261,D,B,C,2024-07-09,2000000.00,4.628463,99.9921875
08:01:23,91282CKY6,TSRYS5833261,D,S,D,2024-07-09,1000000.00,4.639984,99.970703125
08:01:23,91282CKY6,TSRYS5833261,D,B,C,2024-07-09,1000000.00,4.639984,99.970703125
08:01:23,91282CKY6,TSRYS5833261,D,S,D,2024-07-09,1000000.00,4.639984,99.970703125
08:01:23,91282CKY6,TSRYS5833261,D,B,C,2024-07-09,1000000.00,4.639984,99.970703125
08:01:23,91282CKY6,TSRYS5833261,D,B,C,2024-07-09,1000000.00,4.62951,99.990234375
08:01:23,91282CKY6,TSRYS5833261,D,S,C,2024-07-09,1000000.00,4.62951,99.990234375
08:01:23,91282CKY6,TSRYS5833261,D,B,C,2024-07-09,1000000.00,4.62951,99.990234375
08:01:23,91282CKY6,TSRYS5833261,D,S,C,2024-07-09,1000000.00,4.62951,99.990234375
08:01:23,91282CKY6,TSRYS5833261,D,B,C,2024-07-09,1000000.00,4.62951,99.990234375
08:01:23,91282CKY6,TSRYS5833261,D,S,C,2024-07-09,1000000.00,4.62951,99.990234375
08:01:23,91282CKY6,TSRYS5833261,D,B,C,2024-07-09,1000000.00,4.62951,99.990234375
08:01:23,91282CKY6,TSRYS5833261,D,S,C,2024-07-09,1000000.00,4.62951,99.990234375
08:01:23,91282CKY6,TSRYS5833261,D,B,C,2024-07-09,1000000.00,4.62951,99.990234375
08:01:24,91282CKY6,TSRYS5833261,D,S,C,2024-07-09,1000000.00,4.62951,99.990234375
08:01:24,91282CKY6,TSRYS5833261,D,B,C,2024-07-09,1000000.00,4.62951,99.990234375
08:01:24,91282CKY6,TSRYS5833261,D,S,D,2024-07-09,1000000.00,4.62951,99.990234375
08:01:24,91282CKY6,TSRYS5833261,D,B,C,2024-07-09,1000000.00,4.62951,99.990234375
08:01:24,91282CKY6,TSRYS5833261,D,B,C,2024-07-09,2000000.00,4.62951,99.99023437
08:01:24,91282CKY6,TSRYS5833261,D,S,D,2024-07-09,1000000.00,4.62951,99.990234375
08:01:24,91282CKY6,TSRYS5833261,D,B,C,2024-07-09,1000000.00,4.62951,99.990234375
08:01:24,91282CKY6,TSRYS5833261,D,S,D,2024-07-09,3000000.00,4.62951,99.990234375
08:01:24,91282CKY6,TSRYS5833261,D,B,C,2024-07-09,3000000.00,4.62951,99.990234375
08:01:24,91282CKY6,TSRYS5833261,D,B,C,2024-07-09,1000000.00,4.62951,99.99023437
08:01:24,91282CKY6,TSRYS5833261,D,B,C,2024-07-09,1000000.00,4.62951,99.99023437
08:01:24,91282CKY6,TSRYS5833261,D,B,C,2024-07-09,1000000.00,4.62951,99.99023437
08:01:24,91282CKY6,TSRYS5833261,D,S,D,2024-07-09,1000000.00,4.62951,99.990234375
08:01:24,91282CKY6,TSRYS5833261,D,B,C,2024-07-09,1000000.00,4.62951,99.990234375
08:01:24,91282CKY6,TSRYS5833261,D,S,D,2024-07-09,1000000.00,4.62951,99.990234375
08:01:24,91282CKY6,TSRYS5833261,D,B,C,2024-07-09,1000000.00,4.62951,99.990234375
08:01:24,91282CKY6,TSRYS5833261,D,B,C,2024-07-09,3000000.00,4.62951,99.99023437
08:01:24,91282CKY6,TSRYS5833261,D,B,C,2024-07-09,1000000.00,4.62951,99.99023437
08:01:24,91282CKY6,TSRYS5833261,D,B,C,2024-07-09,4000000.00,4.62951,99.99023437
08:01:24,91282CKY6,TSRYS5833261,D,S,D,2024-07-09,1000000.00,4.62951,99.990234375
08:01:24,91282CKY6,TSRYS5833261,D,B,C,2024-07-09,1000000.00,4.62951,99.990234375
08:01:24,91282CKY6,TSRYS5833261,D,S,D,2024-07-09,1000000.00,4.62951,99.990234375
08:01:24,91282CKY6,TSRYS5833261,D,B,C,2024-07-09,1000000.00,4.62951,99.990234375
08:01:24,91282CKY6,TSRYS5833261,D,S,D,2024-07-09,2000000.00,4.62951,99.990234375
08:01:24,91282CKY6,TSRYS5833261,D,B,C,2024-07-09,2000000.00,4.62951,99.990234375
08:01:24,91282CKY6,TSRYS5833261,D,S,D,2024-07-09,1000000.00,4.62951,99.990234375
08:01:24,91282CKY6,TSRYS5833261,D,B,C,2024-07-09,1000000.00,4.62951,99.990234375
08:01:24,91282CKY6,TSRYS5833261,D,S,D,2024-07-09,2000000.00,4.62951,99.990234375
08:01:24,91282CKY6,TSRYS5833261,D,B,C,2024-07-09,2000000.00,4.62951,99.990234375
08:01:24,91282CKY6,TSRYS5833261,D,S,D,2024-07-09,2000000.00,4.62951,99.990234375
08:01:24,91282CKY6,TSRYS5833261,D,B,C,2024-07-09,2500000.00,4.626368,99.99609375
08:01:24,91282CKY6,TSRYS5833261,D,B,C,2024-07-09,2000000.00,4.62951,99.990234375
08:01:24,91282CKY6,TSRYS5833261,D,S,D,2024-07-09,2000000.00,4.62951,99.990234375
08:01:24,91282CKY6,TSRYS5833261,D,B,C,2024-07-09,2000000.00,4.62951,99.990234375
08:01:24,91282CKY6,TSRYS5833261,D,S,D,2024-07-09,1000000.00,4.62951,99.990234375
08:01:24,91282CKY6,TSRYS5833261,D,B,C,2024-07-09,1000000.00,4.62951,99.99023437
08:01:24,91282CKY6,TSRYS5833261,D,B,C,2024-07-09,1000000.00,4.62951,99.990234375
08:01:24,91282CKY6,TSRYS5833261,D,S,D,2024-07-09,1000000.00,4.62951,99.990234375
08:01:24,91282CKY6,TSRYS5833261,D,B,C,2024-07-09,1000000.00,4.62951,99.990234375
08:01:24,91282CKY6,TSRYS5833261,D,B,C,2024-07-09,4000000.00,4.627416,99.99414062
08:01:24,91282CKY6,TSRYS5833261,D,S,D,2024-07-09,1000000.00,4.62951,99.990234375
08:01:24,91282CKY6,TSRYS5833261,D,B,C,2024-07-09,1000000.00,4.62951,99.990234375
08:01:24,91282CKY6,TSRYS5833261,D,S,D,2024-07-09,1000000.00,4.62951,99.990234375
08:01:25,91282CKY6,TSRYS5833261,D,B,C,2024-07-09,4000000.00,4.62951,99.99023437
08:01:25,91282CKY6,TSRYS5833261,D,B,C,2024-07-09,1000000.00,4.62951,99.990234375
08:01:25,91282CKY6,TSRYS5833261,D,S,D,2024-07-09,1000000.00,4.62951,99.990234375
08:01:25,91282CKY6,TSRYS5833261,D,B,C,2024-07-09,1000000.00,4.62951,99.990234375
08:01:25,91282CKY6,TSRYS5833261,D,S,D,2024-07-09,1000000.00,4.62951,99.990234375
08:01:25,91282CKY6,TSRYS5833261,D,B,C,2024-07-09,1000000.00,4.62951,99.990234375
08:01:25,91282CKY6,TSRYS5833261,D,S,C,2024-07-09,1000000.00,4.62951,99.990234375
08:01:25,91282CKY6,TSRYS5833261,D,B,C,2024-07-09,1000000.00,4.62951,99.990234375
08:01:25,91282CKY6,TSRYS5833261,D,S,D,2024-07-09,1000000.00,4.62951,99.990234375
08:01:25,91282CKY6,TSRYS5833261,D,B,C,2024-07-09,1000000.00,4.62951,99.990234375
08:01:25,91282CKY6,TSRYS5833261,D,S,D,2024-07-09,1000000.00,4.62951,99.990234375
08:01:25,91282CKY6,TSRYS5833261,D,B,C,2024-07-09,1000000.00,4.62951,99.990234375
08:01:25,91282CKY6,TSRYS5833261,D,B,C,2024-07-09,5000000.00,4.632652,99.984375
08:01:25,91282CKY6,TSRYS5833261,D,S,C,2024-07-09,1000000.00,4.62951,99.990234375
08:01:25,91282CKY6,TSRYS5833261,D,B,C,2024-07-09,1000000.00,4.62951,99.990234375
08:01:25,91282CKY6,TSRYS5833261,D,S,C,2024-07-09,1000000.00,4.62951,99.990234375
08:01:25,91282CKY6,TSRYS5833261,D,B,C,2024-07-09,1000000.00,4.62951,99.990234375
08:01:25,91282CKY6,TSRYS5833261,D,S,C,2024-07-09,4400000.00,4.630557,99.98828125
08:01:25,91282CKY6,TSRYS5833261,D,S,C,2024-07-09,1000000.00,4.62951,99.990234375
08:01:25,91282CKY6,TSRYS5833261,D,B,C,2024-07-09,1000000.00,4.62951,99.990234375
08:01:25,91282CKY6,TSRYS5833261,D,S,T,2024-07-09,1000000.00,4.627416,99.994140625
08:01:25,91282CKY6,TSRYS5833261,D,S,C,2024-07-09,1000000.00,4.62951,99.990234375
08:01:25,91282CKY6,TSRYS5833261,D,B,C,2024-07-09,1000000.00,4.62951,99.990234375
08:01:25,91282CKY6,TSRYS5833261,D,S,D,2024-07-09,1000000.00,4.62951,99.990234375
08:01:25,91282CKY6,TSRYS5833261,D,B,C,2024-07-09,1000000.00,4.62951,99.990234375
08:01:25,91282CKY6,TSRYS5833261,D,S,D,2024-07-09,1000000.00,4.62951,99.990234375
08:01:25,91282CKY6,TSRYS5833261,D,B,C,2024-07-09,1000000.00,4.62951,99.990234375
08:01:25,91282CKY6,TSRYS5833261,D,B,C,2024-07-09,7000000.00,4.627416,99.99414062
08:01:25,91282CKY6,TSRYS5833261,D,S,D,2024-07-09,1000000.00,4.62951,99.990234375
08:01:25,91282CKY6,TSRYS5833261,D,B,C,2024-07-09,1000000.00,4.62951,99.990234375
08:01:25,91282CKY6,TSRYS5833261,D,S,D,2024-07-09,1000000.00,4.62951,99.990234375
08:01:25,91282CKY6,TSRYS5833261,D,B,C,2024-07-09,4000000.00,4.627416,99.99414062
08:01:25,91282CKY6,TSRYS5833261,D,B,C,2024-07-09,1000000.00,4.62951,99.990234375
08:01:25,91282CKY6,TSRYS5833261,D,S,C,2024-07-09,1000000.00,4.62951,99.990234375
08:01:25,91282CKY6,TSRYS5833261,D,B,C,2024-07-09,1000000.00,4.62951,99.990234375
08:01:26,91282CKY6,TSRYS5833261,D,B,C,2024-07-09,2000000.00,4.627416,99.99414062
08:01:26,91282CKY6,TSRYS5833261,D,S,C,2024-07-09,1000000.00,4.62951,99.990234375
08:01:26,91282CKY6,TSRYS5833261,D,B,C,2024-07-09,1000000.00,4.62951,99.990234375
08:01:26,91282CKY6,TSRYS5833261,D,S,C,2024-07-09,1000000.00,4.62951,99.990234375
08:01:26,91282CKY6,TSRYS5833261,D,B,C,2024-07-09,1000000.00,4.62951,99.990234375
08:01:26,91282CKY6,TSRYS5833261,D,S,C,2024-07-09,1000000.00,4.62951,99.990234375
08:01:26,91282CKY6,TSRYS5833261,D,B,C,2024-07-09,1000000.00,4.62951,99.990234375
08:01:26,91282CKY6,TSRYS5833261,D,S,C,2024-07-09,1000000.00,4.62951,99.990234375
08:01:26,91282CKY6,TSRYS5833261,D,B,C,2024-07-09,1000000.00,4.62951,99.990234375
08:01:26,91282CKY6,TSRYS5833261,D,S,C,2024-07-09,1000000.00,4.62951,99.990234375
08:01:26,91282CKY6,TSRYS5833261,D,B,C,2024-07-09,1000000.00,4.62951,99.990234375
08:01:26,91282CKY6,TSRYS5833261,D,S,C,2024-07-09,1000000.00,4.62951,99.990234375
08:01:26,91282CKY6,TSRYS5833261,D,B,C,2024-07-09,1000000.00,4.62951,99.990234375
08:01:26,91282CKY6,TSRYS5833261,D,S,D,2024-07-09,1000000.00,4.62951,99.990234375
08:01:26,91282CKY6,TSRYS5833261,D,B,C,2024-07-09,1000000.00,4.62951,99.990234375
08:01:26,91282CKY6,TSRYS5833261,D,S,D,2024-07-09,1000000.00,4.62951,99.990234375
08:01:26,91282CKY6,TSRYS5833261,D,B,C,2024-07-09,1000000.00,4.62951,99.990234375
08:01:26,91282CKY6,TSRYS5833261,D,S,C,2024-07-09,1000000.00,4.62951,99.990234375
08:01:26,91282CKY6,TSRYS5833261,D,B,C,2024-07-09,1000000.00,4.62951,99.990234375
08:01:26,91282CKY6,TSRYS5833261,D,S,C,2024-07-09,1000000.00,4.62951,99.990234375
08:01:26,91282CKY6,TSRYS5833261,D,S,C,2024-07-09,1000000.00,4.62951,99.990234375
08:01:26,91282CKY6,TSRYS5833261,D,B,C,2024-07-09,1000000.00,4.62951,99.990234375
08:01:26,91282CKY6,TSRYS5833261,D,B,C,2024-07-09,1000000.00,4.62951,99.990234375
08:01:26,91282CKY6,TSRYS5833261,D,S,C,2024-07-09,1000000.00,4.62951,99.990234375
08:01:26,91282CKY6,TSRYS5833261,D,S,C,2024-07-09,1000000.00,4.62951,99.990234375
08:01:26,91282CKY6,TSRYS5833261,D,B,C,2024-07-09,1000000.00,4.62951,99.990234375
08:01:26,91282CKY6,TSRYS5833261,D,B,C,2024-07-09,1000000.00,4.62951,99.990234375
08:01:26,91282CKY6,TSRYS5833261,D,S,C,2024-07-09,1000000.00,4.62951,99.990234375
08:01:26,91282CKY6,TSRYS5833261,D,B,C,2024-07-09,1000000.00,4.62951,99.990234375
08:01:27,91282CKY6,TSRYS5833261,D,S,D,2024-07-09,2000000.00,4.62951,99.990234375
08:01:27,91282CKY6,TSRYS5833261,D,B,C,2024-07-09,2000000.00,4.62951,99.990234375
08:01:27,91282CKY6,TSRYS5833261,D,S,A,2024-07-09,6000000.00,4.624274,100.0
08:01:27,91282CKY6,TSRYS5833261,D,S,D,2024-07-09,4000000.00,4.628463,99.9921875
08:01:27,91282CKY6,TSRYS5833261,D,S,T,2024-07-09,1000000.00,4.635794,99.978515625
08:01:27,91282CKY6,TSRYS5833261,D,S,D,2024-07-09,2000000.00,4.62951,99.990234375
08:01:27,91282CKY6,TSRYS5833261,D,B,C,2024-07-09,2000000.00,4.62951,99.990234375
08:01:27,91282CKY6,TSRYS5833261,D,S,D,2024-07-09,2000000.00,4.62951,99.990234375
08:01:27,91282CKY6,TSRYS5833261,D,B,C,2024-07-09,2000000.00,4.62951,99.990234375
08:01:27,91282CKY6,TSRYS5833261,D,S,T,2024-07-09,1000000.00,4.62951,99.990234375
08:01:27,91282CKY6,TSRYS5833261,D,S,T,2024-07-09,1000000.00,4.62951,99.990234375
08:01:27,91282CKY6,TSRYS5833261,D,B,C,2024-07-09,1000000.00,4.62951,99.990234375
08:01:27,91282CKY6,TSRYS5833261,D,S,D,2024-07-09,1000000.00,4.62951,99.990234375
08:01:27,91282CKY6,TSRYS5833261,D,B,C,2024-07-09,1000000.00,4.62951,99.990234375
08:01:27,91282CKY6,TSRYS5833261,D,S,D,2024-07-09,1000000.00,4.62951,99.990234375
08:01:27,91282CKY6,TSRYS5833261,D,B,A,2024-07-09,1780000.00,4.634746,99.98046875
08:01:27,91282CKY6,TSRYS5833261,D,B,C,2024-07-09,1000000.00,4.62951,99.990234375
08:01:27,91282CKY6,TSRYS5833261,D,S,D,2024-07-09,1000000.00,4.62951,99.990234375
08:01:27,91282CKY6,TSRYS5833261,D,B,C,2024-07-09,1000000.00,4.62951,99.990234375
08:01:27,91282CKY6,TSRYS5833261,D,S,D,2024-07-09,1000000.00,4.62951,99.990234375
08:01:27,91282CKY6,TSRYS5833261,D,S,D,2024-07-09,1000000.00,4.62951,99.990234375
08:01:27,91282CKY6,TSRYS5833261,D,B,C,2024-07-09,1000000.00,4.62951,99.990234375
08:01:27,91282CKY6,TSRYS5833261,D,S,T,2024-07-09,2000000.00,4.635794,99.978515625
08:01:27,91282CKY6,TSRYS5833261,D,S,D,2024-07-09,1000000.00,4.62951,99.990234375
08:01:27,91282CKY6,TSRYS5833261,D,B,C,2024-07-09,1000000.00,4.62951,99.990234375
08:01:27,91282CKY6,TSRYS5833261,D,B,C,2024-07-09,1000000.00,4.62951,99.990234375
08:01:27,91282CKY6,TSRYS5833261,D,S,D,2024-07-09,1000000.00,4.62951,99.990234375
08:01:27,91282CKY6,TSRYS5833261,D,S,C,2024-07-09,134000000.00,4.627641,99.99372
08:01:27,91282CKY6,TSRYS5833261,D,S,T,2024-07-09,1000000.00,4.635794,99.978515625
08:01:28,91282CKY6,TSRYS5833261,D,B,C,2024-07-09,1000000.00,4.62951,99.990234375
08:01:28,91282CKY6,TSRYS5833261,D,S,D,2024-07-09,1000000.00,4.62951,99.990234375
08:01:28,91282CKY6,TSRYS5833261,D,S,D,2024-07-09,1000000.00,4.625321,99.99804687
08:01:28,91282CKY6,TSRYS5833261,D,S,T,2024-07-09,1000000.00,4.625321,99.99804687
08:01:28,91282CKY6,TSRYS5833261,D,S,D,2024-07-09,1000000.00,4.625321,99.99804687
08:01:28,91282CKY6,TSRYS5833261,D,S,D,2024-07-09,1000000.00,4.625321,99.99804687
08:01:28,91282CKY6,TSRYS5833261,D,S,D,2024-07-09,1000000.00,4.625321,99.99804687
08:01:28,91282CKY6,TSRYS5833261,D,S,T,2024-07-09,3000000.00,4.635847,99.978415625
08:01:28,91282CKY6,TSRYS5833261,D,B,A,2024-07-09,3000000.00,4.635794,99.978515625
08:01:28,91282CKY6,TSRYS5833261,D,S,T,2024-07-09,1000000.00,4.635847,99.978415625
08:01:28,91282CKY6,TSRYS5833261,D,B,A,2024-07-09,1000000.00,4.635794,99.978515625
08:01:28,91282CKY6,TSRYS5833261,D,S,T,2024-07-09,1000000.00,4.635847,99.978415625
08:01:28,91282CKY6,TSRYS5833261,D,B,A,2024-07-09,1000000.00,4.635794,99.978515625
08:01:28,91282CKY6,TSRYS5833261,D,S,D,2024-07-09,1000000.00,4.625321,99.99804687
08:01:28,91282CKY6,TSRYS5833261,D,B,C,2024-07-09,1000000.00,4.628463,99.9921875
08:01:28,91282CKY6,TSRYS5833261,D,S,C,2024-07-09,1000000.00,4.628463,99.9921875
08:01:28,91282CKY6,TSRYS5833261,D,B,C,2024-07-09,1000000.00,4.628463,99.9921875
08:01:28,91282CKY6,TSRYS5833261,D,S,D,2024-07-09,5000000.00,4.625797,99.99716
08:01:28,91282CKY6,TSRYS5833261,D,S,D,2024-07-09,1000000.00,4.636841,99.9765625
08:01:28,91282CKY6,TSRYS5833261,D,S,D,2024-07-09,1000000.00,4.628463,99.9921875
08:01:28,91282CKY6,TSRYS5833261,D,S,D,2024-07-09,3000000.00,4.62951,99.990234375
08:01:28,91282CKY6,TSRYS5833261,D,B,C,2024-07-09,3000000.00,4.62951,99.990234375
08:01:28,91282CKY6,TSRYS5833261,D,B,C,2024-07-09,1000000.00,4.628463,99.9921875
08:01:28,91282CKY6,TSRYS5833261,D,S,D,2024-07-09,1000000.00,4.636841,99.9765625
08:01:28,91282CKY6,TSRYS5833261,D,S,T,2024-07-09,3000000.00,4.635847,99.978415625
08:01:28,91282CKY6,TSRYS5833261,D,B,A,2024-07-09,3000000.00,4.635794,99.978515625
08:01:28,91282CKY6,TSRYS5833261,D,S,T,2024-07-09,2000000.00,4.635847,99.978415625
08:01:28,91282CKY6,TSRYS5833261,D,B,A,2024-07-09,2000000.00,4.635794,99.978515625
08:01:28,91282CKY6,TSRYS5833261,D,S,T,2024-07-09,1000000.00,4.635847,99.978415625
08:01:28,91282CKY6,TSRYS5833261,D,B,A,2024-07-09,1000000.00,4.635794,99.978515625
08:01:28,91282CKY6,TSRYS5833261,D,S,T,2024-07-09,2000000.00,4.635847,99.978415625
08:01:28,91282CKY6,TSRYS5833261,D,B,A,2024-07-09,2000000.00,4.635794,99.978515625
08:01:28,91282CKY6,TSRYS5833261,D,S,T,2024-07-09,1000000.00,4.635847,99.978415625
08:01:28,91282CKY6,TSRYS5833261,D,B,A,2024-07-09,1000000.00,4.635794,99.978515625
08:01:28,91282CKY6,TSRYS5833261,D,S,T,2024-07-09,1000000.00,4.636895,99.9764625
08:01:28,91282CKY6,TSRYS5833261,D,B,A,2024-07-09,1000000.00,4.636841,99.9765625
08:01:28,91282CKY6,TSRYS5833261,D,S,T,2024-07-09,2000000.00,4.635794,99.978515625
08:01:28,91282CKY6,TSRYS5833261,D,S,D,2024-07-09,1000000.00,4.636841,99.9765625
08:01:28,91282CKY6,TSRYS5833261,D,S,D,2024-07-09,1000000.00,4.636841,99.9765625
08:01:28,91282CKY6,TSRYS5833261,D,S,D,2024-07-09,1000000.00,4.636841,99.9765625
08:01:28,91282CKY6,TSRYS5833261,D,S,D,2024-07-09,5000000.00,4.636841,99.9765625
08:01:28,91282CKY6,TSRYS5833261,D,S,D,2024-07-09,1000000.00,4.628463,99.9921875
08:01:28,91282CKY6,TSRYS5833261,D,B,C,2024-07-09,1000000.00,4.628463,99.9921875
08:01:28,91282CKY6,TSRYS5833261,D,S,D,2024-07-09,1000000.00,4.628463,99.9921875
08:01:28,91282CKY6,TSRYS5833261,D,S,T,2024-07-09,2000000.00,4.636922,99.9764125
08:01:28,91282CKY6,TSRYS5833261,D,S,T,2024-07-09,2000000.00,4.636922,99.9764125
08:01:28,91282CKY6,TSRYS5833261,D,S,D,2024-07-09,1000000.00,4.636841,99.9765625
08:01:28,91282CKY6,TSRYS5833261,D,S,D,2024-07-09,2000000.00,4.636841,99.9765625
08:01:28,91282CKY6,TSRYS5833261,D,S,D,2024-07-09,3000000.00,4.636841,99.9765625
08:01:28,91282CKY6,TSRYS5833261,D,S,D,2024-07-09,4000000.00,4.636841,99.9765625
08:01:28,91282CKY6,TSRYS5833261,D,S,C,2024-07-09,3000000.00,4.636841,99.9765625
08:01:28,91282CKY6,TSRYS5833261,D,S,D,2024-07-09,3000000.00,4.636841,99.9765625
08:01:28,91282CKY6,TSRYS5833261,D,B,C,2024-07-09,1000000.00,4.628463,99.9921875
08:01:28,91282CKY6,TSRYS5833261,D,S,D,2024-07-09,1000000.00,4.628463,99.9921875
08:01:28,91282CKY6,TSRYS5833261,D,S,T,2024-07-09,3000000.00,4.636922,99.9764125
08:01:28,91282CKY6,TSRYS5833261,D,S,T,2024-07-09,2000000.00,4.636922,99.9764125
08:01:28,91282CKY6,TSRYS5833261,D,S,D,2024-07-09,1000000.00,4.623227,100.00195312
08:01:28,91282CKY6,TSRYS5833261,D,S,T,2024-07-09,1000000.00,4.636922,99.9764125
08:01:28,91282CKY6,TSRYS5833261,D,S,T,2024-07-09,1000000.00,4.636922,99.9764125
08:01:28,91282CKY6,TSRYS5833261,D,S,T,2024-07-09,1000000.00,4.636922,99.9764125
08:01:28,91282CKY6,TSRYS5833261,D,S,T,2024-07-09,1000000.00,4.636922,99.9764125
08:01:28,91282CKY6,TSRYS5833261,D,S,C,2024-07-09,5000000.00,4.636841,99.9765625
08:01:28,91282CKY6,TSRYS5833261,D,S,D,2024-07-09,1000000.00,4.636841,99.9765625
08:01:28,91282CKY6,TSRYS5833261,D,S,T,2024-07-09,2000000.00,4.636922,99.9764125
08:01:28,91282CKY6,TSRYS5833261,D,S,T,2024-07-09,2000000.00,4.636922,99.9764125
08:01:28,91282CKY6,TSRYS5833261,D,S,T,2024-07-09,2000000.00,4.636922,99.9764125
08:01:28,91282CKY6,TSRYS5833261,D,B,C,2024-07-09,1000000.00,4.627416,99.994140625
08:01:28,91282CKY6,TSRYS5833261,D,S,C,2024-07-09,1000000.00,4.627416,99.994140625
08:01:28,91282CKY6,TSRYS5833261,D,B,C,2024-07-09,1000000.00,4.627416,99.994140625
08:01:28,91282CKY6,TSRYS5833261,D,S,D,2024-07-09,1000000.00,4.636841,99.9765625
08:01:28,91282CKY6,TSRYS5833261,D,S,D,2024-07-09,3000000.00,4.636841,99.9765625
08:01:28,91282CKY6,TSRYS5833261,D,S,D,2024-07-09,1000000.00,4.636841,99.9765625
08:01:28,91282CKY6,TSRYS5833261,D,S,C,2024-07-09,2000000.00,4.636841,99.9765625
08:01:28,91282CKY6,TSRYS5833261,D,S,C,2024-07-09,3000000.00,4.636841,99.9765625
08:01:28,91282CKY6,TSRYS5833261,D,S,C,2024-07-09,2000000.00,4.636841,99.9765625
08:01:28,91282CKY6,TSRYS5833261,D,S,T,2024-07-09,2000000.00,4.636922,99.9764125
08:01:28,91282CKY6,TSRYS5833261,D,S,C,2024-07-09,1000000.00,4.627416,99.994140625
08:01:28,91282CKY6,TSRYS5833261,D,B,C,2024-07-09,1000000.00,4.627416,99.994140625
08:01:28,91282CKY6,TSRYS5833261,D,S,D,2024-07-09,1000000.00,4.627416,99.994140625
08:01:28,91282CKY6,TSRYS5833261,D,S,C,2024-07-09,1000000.00,4.636841,99.9765625
08:01:28,91282CKY6,TSRYS5833261,D,S,D,2024-07-09,1000000.00,4.636841,99.9765625
08:01:29,91282CKY6,TSRYS5833261,D,S,D,2024-07-09,1000000.00,4.636841,99.9765625
08:01:29,91282CKY6,TSRYS5833261,D,S,C,2024-07-09,1000000.00,4.636841,99.9765625
08:01:29,91282CKY6,TSRYS5833261,D,S,C,2024-07-09,1000000.00,4.636841,99.9765625
08:01:29,91282CKY6,TSRYS5833261,D,S,C,2024-07-09,1000000.00,4.636841,99.9765625
08:01:29,91282CKY6,TSRYS5833261,D,S,T,2024-07-09,2000000.00,4.636922,99.9764125
08:01:29,91282CKY6,TSRYS5833261,D,S,T,2024-07-09,1000000.00,4.636841,99.9765625
08:01:29,91282CKY6,TSRYS5833261,D,S,T,2024-07-09,2000000.00,4.636922,99.9764125
08:01:29,91282CKY6,TSRYS5833261,D,S,D,2024-07-09,1000000.00,4.623227,100.00195312
08:01:29,91282CKY6,TSRYS5833261,D,S,D,2024-07-09,1000000.00,4.628463,99.9921875
08:01:29,91282CKY6,TSRYS5833261,D,B,C,2024-07-09,1000000.00,4.628463,99.9921875
08:01:29,91282CKY6,TSRYS5833261,D,S,D,2024-07-09,1000000.00,4.625321,99.99804687
08:01:29,91282CKY6,TSRYS5833261,D,S,D,2024-07-09,1000000.00,4.625321,99.99804687
08:01:29,91282CKY6,TSRYS5833261,D,S,T,2024-07-09,2000000.00,4.636922,99.9764125
08:01:29,91282CKY6,TSRYS5833261,D,S,D,2024-07-09,1000000.00,4.636841,99.9765625
08:01:29,91282CKY6,TSRYS5833261,D,S,T,2024-07-09,2000000.00,4.636922,99.9764125
08:01:29,91282CKY6,TSRYS5833261,D,S,T,2024-07-09,1000000.00,4.639016,99.97250625
08:01:29,91282CKY6,TSRYS5833261,D,S,T,2024-07-09,2000000.00,4.639016,99.97250625
08:01:29,91282CKY6,TSRYS5833261,D,S,D,2024-07-09,1000000.00,4.641031,99.96875
08:01:29,91282CKY6,TSRYS5833261,D,S,D,2024-07-09,1000000.00,4.641031,99.96875
08:01:29,91282CKY6,TSRYS5833261,D,S,T,2024-07-09,1000000.00,4.641111,99.9686
08:01:29,91282CKY6,TSRYS5833261,D,S,T,2024-07-09,1000000.00,4.641111,99.9686
08:01:29,91282CKY6,TSRYS5833261,D,S,T,2024-07-09,1000000.00,4.641111,99.9686
08:01:29,91282CKY6,TSRYS5833261,D,S,T,2024-07-09,1000000.00,4.641111,99.9686
08:01:29,91282CKY6,TSRYS5833261,D,S,D,2024-07-09,1000000.00,4.641031,99.96875
08:01:29,91282CKY6,TSRYS5833261,D,S,T,2024-07-09,1000000.00,4.636841,99.9765625
08:01:29,91282CKY6,TSRYS5833261,D,S,T,2024-07-09,1000000.00,4.635794,99.978515625
08:01:29,91282CKY6,TSRYS5833261,D,S,T,2024-07-09,1000000.00,4.635794,99.978515625
08:01:30,91282CKY6,TSRYS5833261,D,S,T,2024-07-09,2000000.00,4.639016,99.97250625
08:01:30,91282CKY6,TSRYS5833261,D,S,T,2024-07-09,1000000.00,4.639016,99.97250625
08:01:30,91282CKY6,TSRYS5833261,D,S,D,2024-07-09,1000000.00,4.638936,99.97265625
08:01:30,91282CKY6,TSRYS5833261,D,S,T,2024-07-09,1000000.00,4.639016,99.97250625
08:01:30,91282CKY6,TSRYS5833261,D,S,T,2024-07-09,1000000.00,4.639016,99.97250625
08:01:32,91282CKY6,TSRYS5833261,D,S,A,2024-07-09,1779000.00,4.634998,99.98
08:01:33,91282CKY6,TSRYS5833261,D,B,A,2024-07-09,19248000.00,4.641031,99.96875
08:01:34,91282CKY6,TSRYS5833261,D,B,C,2024-07-09,1000000.00,4.624274,100.0
08:01:34,91282CKY6,TSRYS5833261,D,S,C,2024-07-09,1000000.00,4.624274,100.0
08:01:34,91282CKY6,TSRYS5833261,D,B,C,2024-07-09,2000000.00,4.623227,100.001953125
08:01:34,91282CKY6,TSRYS5833261,D,S,D,2024-07-09,2000000.00,4.623227,100.001953125
08:01:34,91282CKY6,TSRYS5833261,D,S,D,2024-07-09,1000000.00,4.620086,100.0078125
08:01:34,91282CKY6,TSRYS5833261,D,B,C,2024-07-09,1000000.00,4.620086,100.0078125
08:01:34,91282CKY6,TSRYS5833261,D,S,D,2024-07-09,1000000.00,4.620086,100.0078125
08:01:34,91282CKY6,TSRYS5833261,D,B,C,2024-07-09,1000000.00,4.620086,100.0078125
08:01:34,91282CKY6,TSRYS5833261,D,S,D,2024-07-09,1000000.00,4.620086,100.0078125
08:01:34,91282CKY6,TSRYS5833261,D,S,D,2024-07-09,1000000.00,4.620086,100.0078125
08:01:34,91282CKY6,TSRYS5833261,D,S,C,2024-07-09,1000000.00,4.62218,100.00390625
08:01:34,91282CKY6,TSRYS5833261,D,S,C,2024-07-09,1000000.00,4.62218,100.00390625
08:01:34,91282CKY6,TSRYS5833261,D,S,D,2024-07-09,1000000.00,4.62218,100.00390625
08:01:34,91282CKY6,TSRYS5833261,D,B,C,2024-07-09,1000000.00,4.62218,100.00390625
08:01:34,91282CKY6,TSRYS5833261,D,S,D,2024-07-09,1000000.00,4.62218,100.00390625
08:01:34,91282CKY6,TSRYS5833261,D,B,C,2024-07-09,1000000.00,4.62218,100.00390625
08:01:34,91282CKY6,TSRYS5833261,D,S,D,2024-07-09,1000000.00,4.62218,100.00390625
08:01:34,91282CKY6,TSRYS5833261,D,S,D,2024-07-09,1000000.00,4.625321,99.99804687
08:01:35,91282CKY6,TSRYS5833261,D,B,C,2024-07-09,2000000.00,4.62218,100.00390625
08:01:35,91282CKY6,TSRYS5833261,D,S,C,2024-07-09,2000000.00,4.62218,100.00390625
08:01:35,91282CKY6,TSRYS5833261,D,S,D,2024-07-09,1000000.00,4.62218,100.00390625
08:01:35,91282CKY6,TSRYS5833261,D,B,C,2024-07-09,1000000.00,4.62218,100.00390625
08:01:35,91282CKY6,TSRYS5833261,D,B,C,2024-07-09,1000000.00,4.624274,100.0
08:01:35,91282CKY6,TSRYS5833261,D,S,C,2024-07-09,1000000.00,4.624274,100.0
08:01:35,91282CKY6,TSRYS5833261,D,S,C,2024-07-09,1000000.00,4.624274,100.0
08:01:35,91282CKY6,TSRYS5833261,D,B,C,2024-07-09,1000000.00,4.624274,100.0
08:01:35,91282CKY6,TSRYS5833261,D,S,C,2024-07-09,1000000.00,4.624274,100.0
08:01:35,91282CKY6,TSRYS5833261,D,B,C,2024-07-09,1000000.00,4.624274,100.0
08:01:35,91282CKY6,TSRYS5833261,D,S,D,2024-07-09,1000000.00,4.625321,99.998046875
08:01:36,91282CKY6,TSRYS5833261,D,B,C,2024-07-09,2000000.00,4.628463,99.9921875
08:01:36,91282CKY6,TSRYS5833261,D,B,C,2024-07-09,1000000.00,4.624274,100.0
08:01:36,91282CKY6,TSRYS5833261,D,S,C,2024-07-09,1000000.00,4.624274,100.0
08:01:36,91282CKY6,TSRYS5833261,D,S,D,2024-07-09,2000000.00,4.627416,99.99414062
08:01:36,91282CKY6,TSRYS5833261,D,S,D,2024-07-09,1000000.00,4.627416,99.99414062
08:01:36,91282CKY6,TSRYS5833261,D,S,C,2024-07-09,1000000.00,4.628463,99.9921875
08:01:36,91282CKY6,TSRYS5833261,D,S,C,2024-07-09,1000000.00,4.628463,99.9921875
08:01:36,91282CKY6,TSRYS5833261,D,S,D,2024-07-09,1000000.00,4.628463,99.9921875
08:01:37,91282CKY6,TSRYS5833261,D,S,C,2024-07-09,1000000.00,4.628463,99.9921875
08:01:37,91282CKY6,TSRYS5833261,D,S,D,2024-07-09,1000000.00,4.628463,99.9921875
08:01:37,91282CKY6,TSRYS5833261,D,S,C,2024-07-09,1000000.00,4.628463,99.9921875
08:01:37,91282CKY6,TSRYS5833261,D,S,D,2024-07-09,1000000.00,4.628463,99.9921875
08:01:37,91282CKY6,TSRYS5833261,D,S,D,2024-07-09,1000000.00,4.628463,99.9921875
08:01:37,91282CKY6,TSRYS5833261,D,S,C,2024-07-09,1000000.00,4.628463,99.9921875
08:01:37,91282CKY6,TSRYS5833261,D,S,D,2024-07-09,1000000.00,4.628463,99.9921875
08:01:37,91282CKY6,TSRYS5833261,D,S,C,2024-07-09,1000000.00,4.628463,99.9921875
08:01:37,91282CKY6,TSRYS5833261,D,S,C,2024-07-09,1000000.00,4.628463,99.9921875
08:01:37,91282CKY6,TSRYS5833261,D,S,C,2024-07-09,1000000.00,4.628463,99.9921875
08:01:38,91282CKY6,TSRYS5833261,D,S,C,2024-07-09,1000000.00,4.625321,99.998046875
08:01:38,91282CKY6,TSRYS5833261,D,S,C,2024-07-09,1000000.00,4.625321,99.998046875
08:01:38,91282CKY6,TSRYS5833261,D,S,C,2024-07-09,1000000.00,4.625321,99.998046875
08:01:38,91282CKY6,TSRYS5833261,D,S,C,2024-07-09,1000000.00,4.625321,99.998046875
08:01:38,91282CKY6,TSRYS5833261,D,S,C,2024-07-09,7000000.00,4.625321,99.998046875
08:01:38,91282CKY6,TSRYS5833261,D,B,C,2024-07-09,1000000.00,4.624274,100.0
08:01:38,91282CKY6,TSRYS5833261,D,S,D,2024-07-09,1000000.00,4.624274,100.0
08:01:38,91282CKY6,TSRYS5833261,D,S,C,2024-07-09,2000000.00,4.628463,99.9921875
08:01:38,91282CKY6,TSRYS5833261,D,S,C,2024-07-09,1000000.00,4.628463,99.9921875
08:01:38,91282CKY6,TSRYS5833261,D,S,C,2024-07-09,1000000.00,4.628463,99.9921875
08:01:38,91282CKY6,TSRYS5833261,D,S,D,2024-07-09,1000000.00,4.628463,99.9921875
08:01:38,91282CKY6,TSRYS5833261,D,B,C,2024-07-09,1000000.00,4.624274,100.0
08:01:38,91282CKY6,TSRYS5833261,D,S,D,2024-07-09,1000000.00,4.624274,100.0
08:01:38,91282CKY6,TSRYS5833261,D,B,C,2024-07-09,1000000.00,4.624274,100.0
08:01:38,91282CKY6,TSRYS5833261,D,S,D,2024-07-09,1000000.00,4.624274,100.0
08:01:38,91282CKY6,TSRYS5833261,D,S,D,2024-07-09,1000000.00,4.628463,99.9921875
08:01:38,91282CKY6,TSRYS5833261,D,S,C,2024-07-09,1000000.00,4.62951,99.99023437
08:01:38,91282CKY6,TSRYS5833261,D,S,D,2024-07-09,1000000.00,4.624274,100.0
08:01:38,91282CKY6,TSRYS5833261,D,S,C,2024-07-09,1000000.00,4.624274,100.0
08:01:38,91282CKY6,TSRYS5833261,D,S,C,2024-07-09,1000000.00,4.62951,99.99023437
08:01:38,91282CKY6,TSRYS5833261,D,S,C,2024-07-09,1000000.00,4.628463,99.9921875
08:01:38,91282CKY6,TSRYS5833261,D,S,T,2024-07-09,1000000.00,4.628463,99.9921875
08:01:38,91282CKY6,TSRYS5833261,D,S,D,2024-07-09,1000000.00,4.628463,99.9921875
08:01:38,91282CKY6,TSRYS5833261,D,S,D,2024-07-09,1000000.00,4.624274,100.0
08:01:38,91282CKY6,TSRYS5833261,D,B,C,2024-07-09,1000000.00,4.624274,100.0
08:01:38,91282CKY6,TSRYS5833261,D,S,D,2024-07-09,1000000.00,4.624274,100.0
08:01:38,91282CKY6,TSRYS5833261,D,S,D,2024-07-09,1000000.00,4.628463,99.9921875
08:01:38,91282CKY6,TSRYS5833261,D,S,C,2024-07-09,1000000.00,4.628463,99.9921875
08:01:38,91282CKY6,TSRYS5833261,D,S,C,2024-07-09,1000000.00,4.628463,99.9921875
08:01:38,91282CKY6,TSRYS5833261,D,S,C,2024-07-09,1000000.00,4.628463,99.9921875
08:01:38,91282CKY6,TSRYS5833261,D,S,C,2024-07-09,2000000.00,4.628463,99.9921875
08:01:38,91282CKY6,TSRYS5833261,D,S,C,2024-07-09,1000000.00,4.628463,99.9921875
08:01:38,91282CKY6,TSRYS5833261,D,S,C,2024-07-09,1000000.00,4.628463,99.9921875
08:01:38,91282CKY6,TSRYS5833261,D,S,C,2024-07-09,1000000.00,4.628463,99.9921875
08:01:38,91282CKY6,TSRYS5833261,D,B,C,2024-07-09,1000000.00,4.624274,100.0
08:01:38,91282CKY6,TSRYS5833261,D,S,D,2024-07-09,1000000.00,4.624274,100.0
08:01:38,91282CKY6,TSRYS5833261,D,S,D,2024-07-09,1000000.00,4.624274,100.0
08:01:38,91282CKY6,TSRYS5833261,D,S,C,2024-07-09,1000000.00,4.628463,99.9921875
08:01:38,91282CKY6,TSRYS5833261,D,S,C,2024-07-09,1000000.00,4.628463,99.9921875
08:01:38,91282CKY6,TSRYS5833261,D,S,C,2024-07-09,1000000.00,4.628463,99.9921875
08:01:38,91282CKY6,TSRYS5833261,D,S,D,2024-07-09,1000000.00,4.628463,99.9921875
08:01:38,91282CKY6,TSRYS5833261,D,B,C,2024-07-09,1000000.00,4.624274,100.0
08:01:38,91282CKY6,TSRYS5833261,D,S,D,2024-07-09,1000000.00,4.624274,100.0
08:01:38,91282CKY6,TSRYS5833261,D,S,D,2024-07-09,1000000.00,4.624274,100.0
08:01:38,91282CKY6,TSRYS5833261,D,S,D,2024-07-09,1000000.00,4.624274,100.0
08:01:38,91282CKY6,TSRYS5833261,D,B,C,2024-07-09,1000000.00,4.624274,100.0
08:01:39,91282CKY6,TSRYS5833261,D,S,D,2024-07-09,1000000.00,4.624274,100.0
08:01:39,91282CKY6,TSRYS5833261,D,S,D,2024-07-09,1000000.00,4.624274,100.0
08:01:39,91282CKY6,TSRYS5833261,D,S,D,2024-07-09,1000000.00,4.624274,100.0
08:01:39,91282CKY6,TSRYS5833261,D,S,C,2024-07-09,1000000.00,4.624274,100.0
08:01:39,91282CKY6,TSRYS5833261,D,B,C,2024-07-09,2000000.00,4.627416,99.99414062
08:01:39,91282CKY6,TSRYS5833261,D,B,C,2024-07-09,2000000.00,4.627416,99.99414062
08:01:39,91282CKY6,TSRYS5833261,D,B,C,2024-07-09,3000000.00,4.627416,99.99414062
08:01:39,91282CKY6,TSRYS5833261,D,S,D,2024-07-09,1000000.00,4.624274,100.0
08:01:39,91282CKY6,TSRYS5833261,D,B,C,2024-07-09,1000000.00,4.624274,100.0
08:01:39,91282CKY6,TSRYS5833261,D,S,D,2024-07-09,1000000.00,4.624274,100.0
08:01:39,91282CKY6,TSRYS5833261,D,B,C,2024-07-09,1000000.00,4.624274,100.0
08:01:39,91282CKY6,TSRYS5833261,D,B,C,2024-07-09,7000000.00,4.627416,99.99414062
08:01:39,91282CKY6,TSRYS5833261,D,B,C,2024-07-09,7000000.00,4.627416,99.99414062
08:01:39,91282CKY6,TSRYS5833261,D,B,C,2024-07-09,3000000.00,4.627416,99.99414062
08:01:39,91282CKY6,TSRYS5833261,D,B,C,2024-07-09,1000000.00,4.627416,99.99414062
08:01:39,91282CKY6,TSRYS5833261,D,S,D,2024-07-09,1000000.00,4.624274,100.0
08:01:39,91282CKY6,TSRYS5833261,D,S,C,2024-07-09,1000000.00,4.624274,100.0
08:01:39,91282CKY6,TSRYS5833261,D,B,C,2024-07-09,1000000.00,4.624274,100.0
08:01:40,91282CKY6,TSRYS5833261,D,S,D,2024-07-09,1000000.00,4.624274,100.0
08:01:40,91282CKY6,TSRYS5833261,D,S,C,2024-07-09,1000000.00,4.623227,100.00195312
08:01:40,91282CKY6,TSRYS5833261,D,S,D,2024-07-09,1000000.00,4.623227,100.00195312
08:01:40,91282CKY6,TSRYS5833261,D,S,D,2024-07-09,1000000.00,4.623227,100.00195312
08:01:40,91282CKY6,TSRYS5833261,D,S,D,2024-07-09,1000000.00,4.623227,100.00195312
08:01:40,91282CKY6,TSRYS5833261,D,S,D,2024-07-09,1000000.00,4.623227,100.00195312
08:01:40,91282CKY6,TSRYS5833261,D,S,D,2024-07-09,1000000.00,4.623227,100.00195312
08:01:40,91282CKY6,TSRYS5833261,D,S,D,2024-07-09,1000000.00,4.623227,100.00195312
08:01:40,91282CKY6,TSRYS5833261,D,S,D,2024-07-09,1000000.00,4.62951,99.99023437
08:01:41,91282CKY6,TSRYS5833261,D,S,T,2024-07-09,3000000.00,4.634746,99.98046875
08:01:41,91282CKY6,TSRYS5833261,D,S,T,2024-07-09,1000000.00,4.634746,99.98046875
08:01:42,91282CKY6,TSRYS5833261,D,B,C,2024-07-09,4000000.00,4.634746,99.98046875
08:01:42,91282CKY6,TSRYS5833261,D,S,T,2024-07-09,4000000.00,4.643126,99.96484375
08:01:42,91282CKY6,TSRYS5833261,D,S,C,2024-07-09,6000000.00,4.634478,99.98097
08:01:42,91282CKY6,TSRYS5833261,D,B,C,2024-07-09,1000000.00,4.634746,99.98046875
08:01:43,91282CKY6,TSRYS5833261,D,S,C,2024-07-09,1000000.00,4.625321,99.998046875
08:01:43,91282CKY6,TSRYS5833261,D,B,C,2024-07-09,1000000.00,4.625321,99.998046875
08:01:43,91282CKY6,TSRYS5833261,D,S,C,2024-07-09,1000000.00,4.625321,99.998046875
08:01:43,91282CKY6,TSRYS5833261,D,S,A,2024-07-09,40000000.00,4.641031,99.96875
08:01:44,91282CKY6,TSRYS5833261,D,S,C,2024-07-09,1000000.00,4.625321,99.998046875
08:01:44,91282CKY6,TSRYS5833261,D,S,C,2024-07-09,1000000.00,4.625321,99.998046875
08:01:44,91282CKY6,TSRYS5833261,D,S,C,2024-07-09,2000000.00,4.625321,99.998046875
08:01:44,91282CKY6,TSRYS5833261,D,B,C,2024-07-09,1000000.00,4.625321,99.998046875
08:01:44,91282CKY6,TSRYS5833261,D,S,C,2024-07-09,1000000.00,4.625321,99.998046875
08:01:44,91282CKY6,TSRYS5833261,D,B,C,2024-07-09,1000000.00,4.625321,99.998046875
08:01:44,91282CKY6,TSRYS5833261,D,S,C,2024-07-09,1000000.00,4.625321,99.998046875
08:01:44,91282CKY6,TSRYS5833261,D,S,C,2024-07-09,1000000.00,4.624274,100.0
08:01:44,91282CKY6,TSRYS5833261,D,B,C,2024-07-09,1000000.00,4.624274,100.0
08:01:44,91282CKY6,TSRYS5833261,D,S,C,2024-07-09,1000000.00,4.624274,100.0
08:01:44,91282CKY6,TSRYS5833261,D,S,C,2024-07-09,1000000.00,4.624274,100.0
