tradeTime,cusip,issueSymbolIdentifier,priceType,reportingSideCode,contraPartyTypeCode,tradeDate,reportedTradeVolume,lastSaleYield,lastSalePrice
08:00:03,91282CKH3,TSRYS5774872,D,S,D,2024-04-04,4000000.00,4.671404,99.677734375
08:00:03,91282CKH3,TSRYS5774872,D,S,T,2024-04-04,4000000.00,4.672447,99.67578125
08:00:03,91282CKH3,TSRYS5774872,D,S,T,2024-04-04,4000000.00,4.672447,99.67578125
08:00:07,91282CKH3,TSRYS5774872,D,S,T,2024-04-04,1000000.00,4.689141,99.64453125
08:00:07,91282CKH3,TSRYS5774872,D,S,T,2024-04-04,2000000.00,4.688097,99.646484375
08:00:07,91282CKH3,TSRYS5774872,D,S,D,2024-04-04,3000000.00,4.68601,99.650390625
08:00:07,91282CKH3,TSRYS5774872,D,S,T,2024-04-04,1000000.00,4.691228,99.640625
08:00:07,91282CKH3,TSRYS5774872,D,S,D,2024-04-04,2000000.00,4.692271,99.638671875
08:00:07,91282CKH3,TSRYS5774872,D,S,T,2024-04-04,4000000.00,4.684967,99.65234375
08:00:07,91282CKH3,TSRYS5774872,D,S,D,2024-04-04,1000000.00,4.684967,99.65234375
08:00:07,91282CKH3,TSRYS5774872,D,S,T,2024-04-04,3000000.00,4.68288,99.65625
08:00:07,91282CKH3,TSRYS5774872,D,S,D,2024-04-04,5000000.00,4.68601,99.650390625
08:00:07,91282CKH3,TSRYS5774872,D,S,D,2024-04-04,8000000.00,4.68601,99.650390625
08:00:07,91282CKH3,TSRYS5774872,D,S,D,2024-04-04,5000000.00,4.68601,99.650390625
08:00:07,91282CKH3,TSRYS5774872,D,S,D,2024-04-04,2000000.00,4.68288,99.65625
08:00:07,91282CKH3,TSRYS5774872,D,S,D,2024-04-04,144100000.00,4.632827,99.75
08:00:11,91282CKH3,TSRYS5774872,D,S,D,2024-04-04,1000000.00,4.683923,99.654296875
08:00:11,91282CKH3,TSRYS5774872,D,S,D,2024-04-04,1000000.00,4.68288,99.65625
08:00:11,91282CKH3,TSRYS5774872,D,S,D,2024-04-04,2000000.00,4.683923,99.654296875
08:00:11,91282CKH3,TSRYS5774872,D,S,D,2024-04-04,2000000.00,4.683923,99.654296875
08:00:11,91282CKH3,TSRYS5774872,D,S,D,2024-04-04,1000000.00,4.683923,99.654296875
08:00:11,91282CKH3,TSRYS5774872,D,S,D,2024-04-04,1000000.00,4.683923,99.654296875
08:00:11,91282CKH3,TSRYS5774872,D,B,C,2024-04-04,3000000.00,4.689141,99.64453125
08:00:11,91282CKH3,TSRYS5774872,D,S,D,2024-04-04,2000000.00,4.683923,99.654296875
08:00:11,91282CKH3,TSRYS5774872,D,S,D,2024-04-04,1000000.00,4.684967,99.65234375
08:00:11,91282CKH3,TSRYS5774872,D,S,D,2024-04-04,1000000.00,4.684967,99.65234375
08:00:11,91282CKH3,TSRYS5774872,D,S,D,2024-04-04,1000000.00,4.684967,99.65234375
08:00:11,91282CKH3,TSRYS5774872,D,S,D,2024-04-04,1000000.00,4.684967,99.65234375
08:00:11,91282CKH3,TSRYS5774872,D,S,D,2024-04-04,1000000.00,4.684967,99.65234375
08:00:11,91282CKH3,TSRYS5774872,D,S,D,2024-04-04,1000000.00,4.684967,99.65234375
08:00:11,91282CKH3,TSRYS5774872,D,S,D,2024-04-04,1000000.00,4.684967,99.65234375
08:00:11,91282CKH3,TSRYS5774872,D,S,D,2024-04-04,1000000.00,4.684967,99.65234375
08:00:11,91282CKH3,TSRYS5774872,D,S,D,2024-04-04,2000000.00,4.684967,99.65234375
08:00:11,91282CKH3,TSRYS5774872,D,S,D,2024-04-04,1000000.00,4.684967,99.65234375
08:00:11,91282CKH3,TSRYS5774872,D,S,D,2024-04-04,1000000.00,4.68601,99.650390625
08:00:11,91282CKH3,TSRYS5774872,D,S,D,2024-04-04,2000000.00,4.68601,99.650390625
08:00:11,91282CKH3,TSRYS5774872,D,S,D,2024-04-04,1000000.00,4.68601,99.650390625
08:00:11,91282CKH3,TSRYS5774872,D,S,D,2024-04-04,2000000.00,4.68601,99.650390625
08:00:11,91282CKH3,TSRYS5774872,D,S,D,2024-04-04,2000000.00,4.68601,99.650390625
08:00:12,91282CKH3,TSRYS5774872,D,S,D,2024-04-04,1000000.00,4.68601,99.650390625
08:00:13,91282CKH3,TSRYS5774872,D,S,D,2024-04-04,1000000.00,4.68601,99.650390625
08:00:13,91282CKH3,TSRYS5774872,D,S,D,2024-04-04,1000000.00,4.68601,99.650390625
08:00:13,91282CKH3,TSRYS5774872,D,S,D,2024-04-04,1000000.00,4.684967,99.65234375
08:00:13,91282CKH3,TSRYS5774872,D,S,D,2024-04-04,2000000.00,4.684967,99.65234375
08:00:14,91282CKH3,TSRYS5774872,D,S,D,2024-04-04,1000000.00,4.684967,99.65234375
08:00:14,91282CKH3,TSRYS5774872,D,S,D,2024-04-04,1000000.00,4.684967,99.65234375
08:00:14,91282CKH3,TSRYS5774872,D,S,D,2024-04-04,1000000.00,4.684967,99.65234375
08:00:14,91282CKH3,TSRYS5774872,D,S,D,2024-04-04,1000000.00,4.684967,99.65234375
08:00:14,91282CKH3,TSRYS5774872,D,S,D,2024-04-04,1000000.00,4.684967,99.65234375
08:00:14,91282CKH3,TSRYS5774872,D,S,D,2024-04-04,2000000.00,4.684967,99.65234375
08:00:14,91282CKH3,TSRYS5774872,D,S,D,2024-04-04,1000000.00,4.684967,99.65234375
08:00:14,91282CKH3,TSRYS5774872,D,S,D,2024-04-04,1000000.00,4.684967,99.65234375
08:00:14,91282CKH3,TSRYS5774872,D,S,D,2024-04-04,1000000.00,4.684967,99.65234375
08:00:14,91282CKH3,TSRYS5774872,D,S,D,2024-04-04,1000000.00,4.684967,99.65234375
08:00:14,91282CKH3,TSRYS5774872,D,S,D,2024-04-04,2000000.00,4.684967,99.65234375
08:00:14,91282CKH3,TSRYS5774872,D,S,D,2024-04-04,1000000.00,4.684967,99.65234375
08:00:14,91282CKH3,TSRYS5774872,D,S,D,2024-04-04,1000000.00,4.684967,99.65234375
08:00:14,91282CKH3,TSRYS5774872,D,S,D,2024-04-04,1000000.00,4.684967,99.65234375
08:00:14,91282CKH3,TSRYS5774872,D,S,D,2024-04-04,1000000.00,4.684967,99.65234375
08:00:15,91282CKH3,TSRYS5774872,D,S,A,2024-04-04,5000.00,4.686875,99.7487725
08:00:15,91282CKH3,TSRYS5774872,D,S,D,2024-04-04,2000000.00,4.684967,99.65234375
08:00:15,91282CKH3,TSRYS5774872,D,S,D,2024-04-04,2000000.00,4.684967,99.65234375
08:00:15,91282CKH3,TSRYS5774872,D,S,D,2024-04-04,1000000.00,4.684967,99.65234375
08:00:15,91282CKH3,TSRYS5774872,D,S,D,2024-04-04,2000000.00,4.684967,99.65234375
08:00:15,91282CKH3,TSRYS5774872,D,S,D,2024-04-04,1000000.00,4.684967,99.65234375
08:00:15,91282CKH3,TSRYS5774872,D,S,D,2024-04-04,1000000.00,4.684967,99.65234375
08:00:15,91282CKH3,TSRYS5774872,D,S,D,2024-04-04,2000000.00,4.684967,99.65234375
08:00:15,91282CKH3,TSRYS5774872,D,S,D,2024-04-04,1000000.00,4.684967,99.65234375
08:00:15,91282CKH3,TSRYS5774872,D,S,D,2024-04-04,1000000.00,4.684967,99.65234375
08:00:15,91282CKH3,TSRYS5774872,D,S,D,2024-04-04,1000000.00,4.684967,99.65234375
08:00:15,91282CKH3,TSRYS5774872,D,S,D,2024-04-04,1000000.00,4.684967,99.65234375
08:00:15,91282CKH3,TSRYS5774872,D,S,D,2024-04-04,1000000.00,4.684967,99.65234375
08:00:15,91282CKH3,TSRYS5774872,D,S,D,2024-04-04,2000000.00,4.684967,99.65234375
08:00:15,91282CKH3,TSRYS5774872,D,S,D,2024-04-04,2000000.00,4.684967,99.65234375
08:00:15,91282CKH3,TSRYS5774872,D,S,D,2024-04-04,2000000.00,4.684967,99.65234375
08:00:15,91282CKH3,TSRYS5774872,D,S,D,2024-04-04,2000000.00,4.684967,99.65234375
08:00:15,91282CKH3,TSRYS5774872,D,S,D,2024-04-04,5000.00,4.686875,99.6487725
08:00:15,91282CKH3,TSRYS5774872,D,S,D,2024-04-04,1000000.00,4.684967,99.65234375
08:00:15,91282CKH3,TSRYS5774872,D,S,D,2024-04-04,1000000.00,4.684967,99.65234375
08:00:15,91282CKH3,TSRYS5774872,D,S,D,2024-04-04,2000000.00,4.684967,99.65234375
08:00:15,91282CKH3,TSRYS5774872,D,S,D,2024-04-04,1000000.00,4.684967,99.65234375
08:00:15,91282CKH3,TSRYS5774872,D,S,D,2024-04-04,1000000.00,4.684967,99.65234375
08:00:15,91282CKH3,TSRYS5774872,D,S,D,2024-04-04,2000000.00,4.684967,99.65234375
08:00:15,91282CKH3,TSRYS5774872,D,S,D,2024-04-04,1000000.00,4.684967,99.65234375
08:00:15,91282CKH3,TSRYS5774872,D,S,D,2024-04-04,1000000.00,4.684967,99.65234375
08:00:15,91282CKH3,TSRYS5774872,D,S,D,2024-04-04,1000000.00,4.684967,99.65234375
08:00:15,91282CKH3,TSRYS5774872,D,S,D,2024-04-04,2000000.00,4.684967,99.65234375
08:00:16,91282CKH3,TSRYS5774872,D,S,D,2024-04-04,1000000.00,4.684967,99.65234375
08:00:16,91282CKH3,TSRYS5774872,D,S,D,2024-04-04,2000000.00,4.684967,99.65234375
08:00:16,91282CKH3,TSRYS5774872,D,S,D,2024-04-04,1000000.00,4.684967,99.65234375
08:00:16,91282CKH3,TSRYS5774872,D,S,D,2024-04-04,2000000.00,4.684967,99.65234375
08:00:16,91282CKH3,TSRYS5774872,D,S,D,2024-04-04,2000000.00,4.684967,99.65234375
08:00:16,91282CKH3,TSRYS5774872,D,S,D,2024-04-04,2000000.00,4.684967,99.65234375
08:00:16,91282CKH3,TSRYS5774872,D,S,D,2024-04-04,1000000.00,4.684967,99.65234375
08:00:16,91282CKH3,TSRYS5774872,D,S,D,2024-04-04,2000000.00,4.684967,99.65234375
08:00:16,91282CKH3,TSRYS5774872,D,S,D,2024-04-04,1000000.00,4.684967,99.65234375
08:00:18,91282CKH3,TSRYS5774872,D,S,D,2024-04-04,2000000.00,4.68288,99.65625
08:00:18,91282CKH3,TSRYS5774872,D,S,D,2024-04-04,10000000.00,4.68288,99.65625
08:00:18,91282CKH3,TSRYS5774872,D,S,D,2024-04-04,3000000.00,4.68288,99.65625
08:00:18,91282CKH3,TSRYS5774872,D,S,D,2024-04-04,3000000.00,4.68288,99.65625
08:00:18,91282CKH3,TSRYS5774872,D,S,D,2024-04-04,9000000.00,4.68288,99.65625
08:00:18,91282CKH3,TSRYS5774872,D,S,D,2024-04-04,1000000.00,4.68288,99.65625
08:00:18,91282CKH3,TSRYS5774872,D,S,D,2024-04-04,1000000.00,4.68288,99.65625
08:00:18,91282CKH3,TSRYS5774872,D,S,D,2024-04-04,3000000.00,4.68288,99.65625
08:00:18,91282CKH3,TSRYS5774872,D,S,D,2024-04-04,2000000.00,4.684967,99.65234375
08:00:18,91282CKH3,TSRYS5774872,D,S,D,2024-04-04,2000000.00,4.684967,99.65234375
08:00:18,91282CKH3,TSRYS5774872,D,S,D,2024-04-04,1000000.00,4.684967,99.65234375
08:00:19,91282CKH3,TSRYS5774872,D,S,D,2024-04-04,2000000.00,4.684967,99.65234375
08:00:19,91282CKH3,TSRYS5774872,D,S,D,2024-04-04,1000000.00,4.684967,99.65234375
08:00:19,91282CKH3,TSRYS5774872,D,S,D,2024-04-04,2000000.00,4.684967,99.65234375
08:00:19,91282CKH3,TSRYS5774872,D,S,D,2024-04-04,1000000.00,4.684967,99.65234375
08:00:19,91282CKH3,TSRYS5774872,D,S,D,2024-04-04,1000000.00,4.684967,99.65234375
08:00:19,91282CKH3,TSRYS5774872,D,S,D,2024-04-04,2000000.00,4.684967,99.65234375
08:00:19,91282CKH3,TSRYS5774872,D,S,D,2024-04-04,1000000.00,4.684967,99.65234375
08:00:19,91282CKH3,TSRYS5774872,D,S,D,2024-04-04,1000000.00,4.684967,99.65234375
08:00:19,91282CKH3,TSRYS5774872,D,S,D,2024-04-04,1000000.00,4.68601,99.650390625
08:00:19,91282CKH3,TSRYS5774872,D,S,D,2024-04-04,1000000.00,4.684967,99.65234375
08:00:23,91282CKH3,TSRYS5774872,D,S,A,2024-04-04,200000.00,4.689141,99.644531
08:00:27,91282CKH3,TSRYS5774872,D,S,T,2024-04-04,2000000.00,4.672447,99.67578125
08:00:27,91282CKH3,TSRYS5774872,D,S,T,2024-04-04,2000000.00,4.678706,99.6640625
08:00:27,91282CKH3,TSRYS5774872,D,S,T,2024-04-04,2000000.00,4.68288,99.65625
08:00:27,91282CKH3,TSRYS5774872,D,S,T,2024-04-04,1000000.00,4.670361,99.6796875
08:00:27,91282CKH3,TSRYS5774872,D,S,T,2024-04-04,1000000.00,4.674534,99.671875
08:00:27,91282CKH3,TSRYS5774872,D,S,T,2024-04-04,1000000.00,4.674534,99.671875
08:00:27,91282CKH3,TSRYS5774872,D,S,T,2024-04-04,2000000.00,4.672447,99.67578125
08:00:27,91282CKH3,TSRYS5774872,D,S,T,2024-04-04,1000000.00,4.684967,99.65234375
08:00:27,91282CKH3,TSRYS5774872,D,S,T,2024-04-04,1000000.00,4.684967,99.65234375
08:00:27,91282CKH3,TSRYS5774872,D,S,T,2024-04-04,1000000.00,4.684967,99.65234375
08:00:27,91282CKH3,TSRYS5774872,D,S,D,2024-04-04,2000000.00,4.684967,99.65234375
08:00:27,91282CKH3,TSRYS5774872,D,S,T,2024-04-04,1000000.00,4.684967,99.65234375
08:00:27,91282CKH3,TSRYS5774872,D,S,T,2024-04-04,1000000.00,4.684967,99.65234375
08:00:27,91282CKH3,TSRYS5774872,D,S,T,2024-04-04,2000000.00,4.68288,99.65625
08:00:27,91282CKH3,TSRYS5774872,D,S,T,2024-04-04,1000000.00,4.68288,99.65625
08:00:27,91282CKH3,TSRYS5774872,D,S,D,2024-04-04,2000000.00,4.68288,99.65625
08:00:27,91282CKH3,TSRYS5774872,D,S,D,2024-04-04,2000000.00,4.68288,99.65625
08:00:27,91282CKH3,TSRYS5774872,D,S,T,2024-04-04,1000000.00,4.68288,99.65625
08:00:31,91282CKH3,TSRYS5774872,D,S,T,2024-04-04,1000000.00,4.668275,99.68359375
08:00:31,91282CKH3,TSRYS5774872,D,S,T,2024-04-04,1000000.00,4.670361,99.6796875
08:00:31,91282CKH3,TSRYS5774872,D,S,T,2024-04-04,1000000.00,4.670361,99.6796875
08:00:31,91282CKH3,TSRYS5774872,D,S,T,2024-04-04,1000000.00,4.670361,99.6796875
08:00:31,91282CKH3,TSRYS5774872,D,S,T,2024-04-04,1000000.00,4.670361,99.6796875
08:00:31,91282CKH3,TSRYS5774872,D,S,T,2024-04-04,1000000.00,4.670361,99.6796875
08:00:31,91282CKH3,TSRYS5774872,D,S,T,2024-04-04,2000000.00,4.670361,99.6796875
08:00:31,91282CKH3,TSRYS5774872,D,S,T,2024-04-04,2000000.00,4.670361,99.6796875
08:00:31,91282CKH3,TSRYS5774872,D,S,T,2024-04-04,2000000.00,4.670361,99.6796875
08:00:31,91282CKH3,TSRYS5774872,D,S,T,2024-04-04,1000000.00,4.670361,99.6796875
08:00:31,91282CKH3,TSRYS5774872,D,S,T,2024-04-04,1000000.00,4.670361,99.6796875
08:00:31,91282CKH3,TSRYS5774872,D,S,T,2024-04-04,1000000.00,4.670361,99.6796875
08:00:31,91282CKH3,TSRYS5774872,D,S,T,2024-04-04,1000000.00,4.670361,99.6796875
08:00:31,91282CKH3,TSRYS5774872,D,S,T,2024-04-04,1000000.00,4.670361,99.6796875
08:00:31,91282CKH3,TSRYS5774872,D,S,T,2024-04-04,1000000.00,4.670361,99.6796875
08:00:31,91282CKH3,TSRYS5774872,D,S,T,2024-04-04,1000000.00,4.670361,99.6796875
08:00:31,91282CKH3,TSRYS5774872,D,S,T,2024-04-04,1000000.00,4.674534,99.671875
08:00:31,91282CKH3,TSRYS5774872,D,S,T,2024-04-04,1000000.00,4.674534,99.671875
08:00:31,91282CKH3,TSRYS5774872,D,S,T,2024-04-04,2000000.00,4.674534,99.671875
08:00:31,91282CKH3,TSRYS5774872,D,S,T,2024-04-04,1000000.00,4.674534,99.671875
08:00:31,91282CKH3,TSRYS5774872,D,S,T,2024-04-04,3000000.00,4.674534,99.671875
08:00:31,91282CKH3,TSRYS5774872,D,S,T,2024-04-04,1000000.00,4.672447,99.67578125
08:00:31,91282CKH3,TSRYS5774872,D,S,T,2024-04-04,3000000.00,4.672447,99.67578125
08:00:31,91282CKH3,TSRYS5774872,D,S,T,2024-04-04,1000000.00,4.672447,99.67578125
08:00:31,91282CKH3,TSRYS5774872,D,S,T,2024-04-04,2000000.00,4.674534,99.671875
08:00:31,91282CKH3,TSRYS5774872,D,S,T,2024-04-04,3000000.00,4.67349,99.673828125
08:00:31,91282CKH3,TSRYS5774872,D,S,T,2024-04-04,3000000.00,4.672447,99.67578125
08:00:31,91282CKH3,TSRYS5774872,D,S,T,2024-04-04,1000000.00,4.672447,99.67578125
08:00:31,91282CKH3,TSRYS5774872,D,S,T,2024-04-04,1000000.00,4.678706,99.6640625
08:00:31,91282CKH3,TSRYS5774872,D,S,T,2024-04-04,1000000.00,4.678706,99.6640625
08:00:31,91282CKH3,TSRYS5774872,D,S,T,2024-04-04,1000000.00,4.678706,99.6640625
08:00:31,91282CKH3,TSRYS5774872,D,S,T,2024-04-04,1000000.00,4.678706,99.6640625
08:00:31,91282CKH3,TSRYS5774872,D,S,T,2024-04-04,3000000.00,4.678706,99.6640625
08:00:31,91282CKH3,TSRYS5774872,D,S,T,2024-04-04,1000000.00,4.678706,99.6640625
08:00:31,91282CKH3,TSRYS5774872,D,S,T,2024-04-04,1000000.00,4.680793,99.66015625
08:00:31,91282CKH3,TSRYS5774872,D,S,T,2024-04-04,3000000.00,4.680793,99.66015625
08:00:31,91282CKH3,TSRYS5774872,D,S,T,2024-04-04,1000000.00,4.680793,99.66015625
08:00:31,91282CKH3,TSRYS5774872,D,S,T,2024-04-04,2000000.00,4.680793,99.66015625
08:00:31,91282CKH3,TSRYS5774872,D,S,T,2024-04-04,2000000.00,4.680793,99.66015625
08:00:31,91282CKH3,TSRYS5774872,D,S,T,2024-04-04,1000000.00,4.680793,99.66015625
08:00:31,91282CKH3,TSRYS5774872,D,S,T,2024-04-04,4000000.00,4.680793,99.66015625
08:00:31,91282CKH3,TSRYS5774872,D,S,T,2024-04-04,1000000.00,4.680793,99.66015625
08:00:31,91282CKH3,TSRYS5774872,D,S,T,2024-04-04,1000000.00,4.680793,99.66015625
08:00:31,91282CKH3,TSRYS5774872,D,S,T,2024-04-04,1000000.00,4.680793,99.66015625
08:00:31,91282CKH3,TSRYS5774872,D,S,T,2024-04-04,1000000.00,4.680793,99.66015625
08:00:31,91282CKH3,TSRYS5774872,D,S,T,2024-04-04,1000000.00,4.680793,99.66015625
08:00:31,91282CKH3,TSRYS5774872,D,S,T,2024-04-04,1000000.00,4.680793,99.66015625
08:00:31,91282CKH3,TSRYS5774872,D,S,T,2024-04-04,1000000.00,4.680793,99.66015625
08:00:31,91282CKH3,TSRYS5774872,D,S,T,2024-04-04,1000000.00,4.680793,99.66015625
08:00:31,91282CKH3,TSRYS5774872,D,S,T,2024-04-04,1000000.00,4.680793,99.66015625
08:00:31,91282CKH3,TSRYS5774872,D,S,T,2024-04-04,1000000.00,4.680793,99.66015625
08:00:31,91282CKH3,TSRYS5774872,D,S,T,2024-04-04,1000000.00,4.678706,99.6640625
08:00:31,91282CKH3,TSRYS5774872,D,S,T,2024-04-04,1000000.00,4.680793,99.66015625
08:00:31,91282CKH3,TSRYS5774872,D,S,T,2024-04-04,2000000.00,4.680793,99.66015625
08:00:31,91282CKH3,TSRYS5774872,D,S,T,2024-04-04,1000000.00,4.684967,99.65234375
08:00:31,91282CKH3,TSRYS5774872,D,S,T,2024-04-04,4000000.00,4.684967,99.65234375
08:00:31,91282CKH3,TSRYS5774872,D,S,T,2024-04-04,1000000.00,4.684967,99.65234375
08:00:31,91282CKH3,TSRYS5774872,D,S,T,2024-04-04,1000000.00,4.684967,99.65234375
08:00:31,91282CKH3,TSRYS5774872,D,S,T,2024-04-04,1000000.00,4.684967,99.65234375
08:00:31,91282CKH3,TSRYS5774872,D,S,T,2024-04-04,1000000.00,4.684967,99.65234375
08:00:31,91282CKH3,TSRYS5774872,D,S,T,2024-04-04,2000000.00,4.684967,99.65234375
08:00:31,91282CKH3,TSRYS5774872,D,S,T,2024-04-04,1000000.00,4.684967,99.65234375
08:00:31,91282CKH3,TSRYS5774872,D,S,T,2024-04-04,1000000.00,4.683923,99.654296875
08:00:31,91282CKH3,TSRYS5774872,D,S,T,2024-04-04,1000000.00,4.683923,99.654296875
08:00:31,91282CKH3,TSRYS5774872,D,S,T,2024-04-04,3000000.00,4.689141,99.64453125
08:00:31,91282CKH3,TSRYS5774872,D,S,T,2024-04-04,1000000.00,4.689141,99.64453125
08:00:31,91282CKH3,TSRYS5774872,D,S,T,2024-04-04,1000000.00,4.687054,99.6484375
08:00:31,91282CKH3,TSRYS5774872,D,S,T,2024-04-04,1000000.00,4.687054,99.6484375
08:00:31,91282CKH3,TSRYS5774872,D,S,T,2024-04-04,3000000.00,4.689141,99.64453125
08:00:31,91282CKH3,TSRYS5774872,D,S,T,2024-04-04,3000000.00,4.689141,99.64453125
08:00:31,91282CKH3,TSRYS5774872,D,S,T,2024-04-04,2000000.00,4.691228,99.640625
08:00:31,91282CKH3,TSRYS5774872,D,S,T,2024-04-04,1000000.00,4.687054,99.6484375
08:00:31,91282CKH3,TSRYS5774872,D,S,T,2024-04-04,2000000.00,4.684967,99.65234375
08:00:31,91282CKH3,TSRYS5774872,D,S,T,2024-04-04,1000000.00,4.684967,99.65234375
08:00:31,91282CKH3,TSRYS5774872,D,S,T,2024-04-04,2000000.00,4.684967,99.65234375
08:00:31,91282CKH3,TSRYS5774872,D,S,T,2024-04-04,1000000.00,4.684967,99.65234375
08:00:31,91282CKH3,TSRYS5774872,D,S,T,2024-04-04,3000000.00,4.684967,99.65234375
08:00:31,91282CKH3,TSRYS5774872,D,S,T,2024-04-04,1000000.00,4.680793,99.66015625
08:00:31,91282CKH3,TSRYS5774872,D,S,T,2024-04-04,1000000.00,4.680793,99.66015625
08:00:31,91282CKH3,TSRYS5774872,D,S,T,2024-04-04,1000000.00,4.683923,99.654296875
08:00:31,91282CKH3,TSRYS5774872,D,S,T,2024-04-04,1000000.00,4.683923,99.654296875
08:00:31,91282CKH3,TSRYS5774872,D,S,T,2024-04-04,3000000.00,4.68288,99.65625
08:00:31,91282CKH3,TSRYS5774872,D,S,T,2024-04-04,3000000.00,4.68288,99.65625
08:00:31,91282CKH3,TSRYS5774872,D,S,T,2024-04-04,3000000.00,4.68288,99.65625
08:00:31,91282CKH3,TSRYS5774872,D,S,T,2024-04-04,2000000.00,4.68288,99.65625
08:00:31,91282CKH3,TSRYS5774872,D,S,T,2024-04-04,3000000.00,4.68288,99.65625
08:00:31,91282CKH3,TSRYS5774872,D,S,T,2024-04-04,3000000.00,4.68288,99.65625
08:00:31,91282CKH3,TSRYS5774872,D,S,T,2024-04-04,3000000.00,4.68288,99.65625
08:00:31,91282CKH3,TSRYS5774872,D,S,T,2024-04-04,3000000.00,4.68288,99.65625
08:00:31,91282CKH3,TSRYS5774872,D,S,T,2024-04-04,1000000.00,4.68288,99.65625
08:00:31,91282CKH3,TSRYS5774872,D,S,T,2024-04-04,3000000.00,4.684967,99.65234375
08:00:31,91282CKH3,TSRYS5774872,D,S,T,2024-04-04,3000000.00,4.684967,99.65234375
08:00:31,91282CKH3,TSRYS5774872,D,S,T,2024-04-04,3000000.00,4.684967,99.65234375
08:00:31,91282CKH3,TSRYS5774872,D,S,T,2024-04-04,2000000.00,4.684967,99.65234375
08:00:31,91282CKH3,TSRYS5774872,D,S,T,2024-04-04,2000000.00,4.68288,99.65625
08:00:31,91282CKH3,TSRYS5774872,D,S,T,2024-04-04,2000000.00,4.684967,99.65234375
08:00:31,91282CKH3,TSRYS5774872,D,S,T,2024-04-04,1000000.00,4.68288,99.65625
08:00:31,91282CKH3,TSRYS5774872,D,S,T,2024-04-04,2000000.00,4.684967,99.65234375
08:00:31,91282CKH3,TSRYS5774872,D,S,T,2024-04-04,1000000.00,4.684967,99.65234375
08:00:31,91282CKH3,TSRYS5774872,D,S,T,2024-04-04,2000000.00,4.684967,99.65234375
08:00:31,91282CKH3,TSRYS5774872,D,S,T,2024-04-04,3000000.00,4.684967,99.65234375
08:00:31,91282CKH3,TSRYS5774872,D,S,T,2024-04-04,1000000.00,4.68288,99.65625
08:00:31,91282CKH3,TSRYS5774872,D,S,T,2024-04-04,1000000.00,4.68288,99.65625
08:00:31,91282CKH3,TSRYS5774872,D,S,T,2024-04-04,2000000.00,4.68288,99.65625
08:00:31,91282CKH3,TSRYS5774872,D,S,T,2024-04-04,1000000.00,4.68288,99.65625
08:00:31,91282CKH3,TSRYS5774872,D,S,T,2024-04-04,1000000.00,4.680793,99.66015625
08:00:31,91282CKH3,TSRYS5774872,D,S,T,2024-04-04,1000000.00,4.67975,99.662109375
08:00:31,91282CKH3,TSRYS5774872,D,S,T,2024-04-04,1000000.00,4.680793,99.66015625
08:00:31,91282CKH3,TSRYS5774872,D,S,T,2024-04-04,1000000.00,4.680793,99.66015625
08:00:31,91282CKH3,TSRYS5774872,D,S,T,2024-04-04,1000000.00,4.680793,99.66015625
08:00:31,91282CKH3,TSRYS5774872,D,S,T,2024-04-04,3000000.00,4.68288,99.65625
08:00:31,91282CKH3,TSRYS5774872,D,S,T,2024-04-04,2000000.00,4.68288,99.65625
08:00:31,91282CKH3,TSRYS5774872,D,S,T,2024-04-04,3000000.00,4.68601,99.650390625
08:00:31,91282CKH3,TSRYS5774872,D,S,D,2024-04-04,4000000.00,4.68601,99.650390625
08:00:31,91282CKH3,TSRYS5774872,D,S,D,2024-04-04,2000000.00,4.68601,99.650390625
08:00:31,91282CKH3,TSRYS5774872,D,S,T,2024-04-04,3000000.00,4.68601,99.650390625
08:00:31,91282CKH3,TSRYS5774872,D,S,T,2024-04-04,1000000.00,4.687054,99.6484375
08:00:31,91282CKH3,TSRYS5774872,D,S,T,2024-04-04,1000000.00,4.687054,99.6484375
08:00:31,91282CKH3,TSRYS5774872,D,S,T,2024-04-04,4000000.00,4.689141,99.64453125
08:00:31,91282CKH3,TSRYS5774872,D,S,T,2024-04-04,1000000.00,4.689141,99.64453125
08:00:31,91282CKH3,TSRYS5774872,D,S,T,2024-04-04,1000000.00,4.689141,99.64453125
08:00:31,91282CKH3,TSRYS5774872,D,S,T,2024-04-04,2000000.00,4.689141,99.64453125
08:00:31,91282CKH3,TSRYS5774872,D,S,T,2024-04-04,1000000.00,4.689141,99.64453125
08:00:31,91282CKH3,TSRYS5774872,D,S,T,2024-04-04,2000000.00,4.689141,99.64453125
08:00:31,91282CKH3,TSRYS5774872,D,S,T,2024-04-04,1000000.00,4.689141,99.64453125
08:00:31,91282CKH3,TSRYS5774872,D,S,T,2024-04-04,1000000.00,4.689141,99.64453125
08:00:31,91282CKH3,TSRYS5774872,D,S,T,2024-04-04,2000000.00,4.689141,99.64453125
08:00:31,91282CKH3,TSRYS5774872,D,S,T,2024-04-04,2000000.00,4.689141,99.64453125
08:00:31,91282CKH3,TSRYS5774872,D,S,T,2024-04-04,1000000.00,4.68601,99.650390625
08:00:31,91282CKH3,TSRYS5774872,D,S,T,2024-04-04,3000000.00,4.687054,99.6484375
08:00:31,91282CKH3,TSRYS5774872,D,S,T,2024-04-04,1000000.00,4.687054,99.6484375
08:00:31,91282CKH3,TSRYS5774872,D,S,T,2024-04-04,3000000.00,4.681836,99.658203125
08:00:31,91282CKH3,TSRYS5774872,D,S,D,2024-04-04,2000000.00,4.670361,99.6796875
08:00:31,91282CKH3,TSRYS5774872,D,S,D,2024-04-04,1000000.00,4.678706,99.6640625
08:00:31,91282CKH3,TSRYS5774872,D,S,D,2024-04-04,3000000.00,4.691228,99.640625
08:00:31,91282CKH3,TSRYS5774872,D,S,D,2024-04-04,1000000.00,4.68601,99.650390625
08:00:31,91282CKH3,TSRYS5774872,D,S,D,2024-04-04,2000000.00,4.68601,99.650390625
08:00:31,91282CKH3,TSRYS5774872,D,S,D,2024-04-04,2000000.00,4.684967,99.65234375
08:00:31,91282CKH3,TSRYS5774872,D,S,D,2024-04-04,3000000.00,4.68288,99.65625
08:00:31,91282CKH3,TSRYS5774872,D,S,D,2024-04-04,3000000.00,4.68601,99.650390625
08:00:31,91282CKH3,TSRYS5774872,D,S,D,2024-04-04,3000000.00,4.68601,99.650390625
08:00:31,91282CKH3,TSRYS5774872,D,S,D,2024-04-04,3000000.00,4.68601,99.650390625
08:00:31,91282CKH3,TSRYS5774872,D,S,D,2024-04-04,3000000.00,4.68601,99.650390625
08:00:31,91282CKH3,TSRYS5774872,D,S,D,2024-04-04,3000000.00,4.689141,99.64453125
08:00:31,91282CKH3,TSRYS5774872,D,S,D,2024-04-04,1000000.00,4.689141,99.64453125
08:00:31,91282CKH3,TSRYS5774872,D,S,D,2024-04-04,3000000.00,4.68601,99.650390625
08:00:31,91282CKH3,TSRYS5774872,D,S,D,2024-04-04,4000000.00,4.68601,99.650390625
08:00:31,91282CKH3,TSRYS5774872,D,S,D,2024-04-04,4000000.00,4.68601,99.650390625
08:00:31,91282CKH3,TSRYS5774872,D,S,D,2024-04-04,1000000.00,4.68601,99.650390625
08:00:31,91282CKH3,TSRYS5774872,D,S,D,2024-04-04,2000000.00,4.68601,99.650390625
08:00:31,91282CKH3,TSRYS5774872,D,S,D,2024-04-04,1000000.00,4.68601,99.650390625
08:00:31,91282CKH3,TSRYS5774872,D,S,D,2024-04-04,4000000.00,4.680793,99.66015625
08:00:31,91282CKH3,TSRYS5774872,D,S,D,2024-04-04,2000000.00,4.680793,99.66015625
08:00:31,91282CKH3,TSRYS5774872,D,S,D,2024-04-04,2000000.00,4.680793,99.66015625
08:00:31,91282CKH3,TSRYS5774872,D,S,D,2024-04-04,1000000.00,4.680793,99.66015625
08:00:31,91282CKH3,TSRYS5774872,D,S,D,2024-04-04,1000000.00,4.684967,99.65234375
08:00:31,91282CKH3,TSRYS5774872,D,S,D,2024-04-04,2000000.00,4.68288,99.65625
08:00:31,91282CKH3,TSRYS5774872,D,S,D,2024-04-04,1000000.00,4.684967,99.65234375
08:00:31,91282CKH3,TSRYS5774872,D,S,D,2024-04-04,1000000.00,4.687054,99.6484375
08:00:31,91282CKH3,TSRYS5774872,D,S,D,2024-04-04,1000000.00,4.688097,99.646484375
08:00:31,91282CKH3,TSRYS5774872,D,S,D,2024-04-04,1000000.00,4.689141,99.64453125
08:00:31,91282CKH3,TSRYS5774872,D,S,D,2024-04-04,1000000.00,4.689141,99.64453125
08:00:31,91282CKH3,TSRYS5774872,D,S,D,2024-04-04,1000000.00,4.689141,99.64453125
08:00:31,91282CKH3,TSRYS5774872,D,S,D,2024-04-04,1000000.00,4.689141,99.64453125
08:00:31,91282CKH3,TSRYS5774872,D,S,D,2024-04-04,1000000.00,4.689141,99.64453125
08:00:31,91282CKH3,TSRYS5774872,D,S,D,2024-04-04,1000000.00,4.689141,99.64453125
08:00:31,91282CKH3,TSRYS5774872,D,S,D,2024-04-04,1000000.00,4.689141,99.64453125
08:00:31,91282CKH3,TSRYS5774872,D,S,D,2024-04-04,1000000.00,4.689141,99.64453125
08:00:31,91282CKH3,TSRYS5774872,D,S,D,2024-04-04,1000000.00,4.689141,99.64453125
08:00:31,91282CKH3,TSRYS5774872,D,S,D,2024-04-04,1000000.00,4.689141,99.64453125
08:00:31,91282CKH3,TSRYS5774872,D,S,D,2024-04-04,1000000.00,4.684967,99.65234375
08:00:31,91282CKH3,TSRYS5774872,D,S,D,2024-04-04,1000000.00,4.68288,99.65625
08:00:31,91282CKH3,TSRYS5774872,D,S,D,2024-04-04,2000000.00,4.68288,99.65625
08:00:31,91282CKH3,TSRYS5774872,D,S,D,2024-04-04,1000000.00,4.68288,99.65625
08:00:31,91282CKH3,TSRYS5774872,D,S,D,2024-04-04,3000000.00,4.68288,99.65625
08:00:31,91282CKH3,TSRYS5774872,D,S,D,2024-04-04,1000000.00,4.68288,99.65625
08:00:31,91282CKH3,TSRYS5774872,D,S,T,2024-04-04,3000000.00,4.672447,99.67578125
08:00:31,91282CKH3,TSRYS5774872,D,S,T,2024-04-04,3000000.00,4.672447,99.67578125
08:00:31,91282CKH3,TSRYS5774872,D,S,T,2024-04-04,3000000.00,4.67662,99.66796875
08:00:31,91282CKH3,TSRYS5774872,D,S,T,2024-04-04,3000000.00,4.67662,99.66796875
08:00:31,91282CKH3,TSRYS5774872,D,S,T,2024-04-04,3000000.00,4.687054,99.6484375
08:00:31,91282CKH3,TSRYS5774872,D,S,T,2024-04-04,3000000.00,4.687054,99.6484375
08:00:31,91282CKH3,TSRYS5774872,D,S,T,2024-04-04,2000000.00,4.689141,99.64453125
08:00:31,91282CKH3,TSRYS5774872,D,S,T,2024-04-04,2000000.00,4.689141,99.64453125
08:00:31,91282CKH3,TSRYS5774872,D,S,T,2024-04-04,4000000.00,4.68601,99.650390625
08:00:31,91282CKH3,TSRYS5774872,D,S,T,2024-04-04,1000000.00,4.68601,99.650390625
08:00:31,91282CKH3,TSRYS5774872,D,S,T,2024-04-04,4000000.00,4.68601,99.650390625
08:00:31,91282CKH3,TSRYS5774872,D,S,T,2024-04-04,1000000.00,4.68601,99.650390625
08:00:31,91282CKH3,TSRYS5774872,D,S,T,2024-04-04,2000000.00,4.68601,99.650390625
08:00:31,91282CKH3,TSRYS5774872,D,S,T,2024-04-04,3000000.00,4.68601,99.650390625
08:00:31,91282CKH3,TSRYS5774872,D,S,T,2024-04-04,3000000.00,4.68601,99.650390625
08:00:31,91282CKH3,TSRYS5774872,D,S,T,2024-04-04,1000000.00,4.68601,99.650390625
08:00:31,91282CKH3,TSRYS5774872,D,S,T,2024-04-04,1000000.00,4.68601,99.650390625
08:00:31,91282CKH3,TSRYS5774872,D,S,T,2024-04-04,4000000.00,4.684967,99.65234375
08:00:31,91282CKH3,TSRYS5774872,D,S,T,2024-04-04,3000000.00,4.680793,99.66015625
08:00:31,91282CKH3,TSRYS5774872,D,S,T,2024-04-04,1000000.00,4.680793,99.66015625
08:00:31,91282CKH3,TSRYS5774872,D,S,T,2024-04-04,3000000.00,4.684967,99.65234375
08:00:31,91282CKH3,TSRYS5774872,D,S,T,2024-04-04,3000000.00,4.684967,99.65234375
08:00:31,91282CKH3,TSRYS5774872,D,S,T,2024-04-04,3000000.00,4.683923,99.654296875
08:00:31,91282CKH3,TSRYS5774872,D,S,T,2024-04-04,4000000.00,4.683923,99.654296875
08:00:31,91282CKH3,TSRYS5774872,D,S,T,2024-04-04,3000000.00,4.68288,99.65625
08:00:31,91282CKH3,TSRYS5774872,D,S,T,2024-04-04,4000000.00,4.68288,99.65625
08:00:31,91282CKH3,TSRYS5774872,D,S,T,2024-04-04,1000000.00,4.687054,99.6484375
08:00:31,91282CKH3,TSRYS5774872,D,S,D,2024-04-04,2000000.00,4.689141,99.64453125
08:00:31,91282CKH3,TSRYS5774872,D,S,T,2024-04-04,1000000.00,4.689141,99.64453125
08:00:31,91282CKH3,TSRYS5774872,D,S,T,2024-04-04,1000000.00,4.689141,99.64453125
08:00:31,91282CKH3,TSRYS5774872,D,S,T,2024-04-04,1000000.00,4.689141,99.64453125
08:00:31,91282CKH3,TSRYS5774872,D,S,T,2024-04-04,1000000.00,4.689141,99.64453125
08:00:31,91282CKH3,TSRYS5774872,D,S,T,2024-04-04,1000000.00,4.689141,99.64453125
08:00:31,91282CKH3,TSRYS5774872,D,S,T,2024-04-04,1000000.00,4.689141,99.64453125
08:00:31,91282CKH3,TSRYS5774872,D,S,T,2024-04-04,1000000.00,4.689141,99.64453125
08:00:31,91282CKH3,TSRYS5774872,D,S,T,2024-04-04,1000000.00,4.689141,99.64453125
08:00:31,91282CKH3,TSRYS5774872,D,S,T,2024-04-04,1000000.00,4.689141,99.64453125
08:00:31,91282CKH3,TSRYS5774872,D,S,T,2024-04-04,1000000.00,4.689141,99.64453125
08:00:31,91282CKH3,TSRYS5774872,D,S,T,2024-04-04,1000000.00,4.689141,99.64453125
08:00:31,91282CKH3,TSRYS5774872,D,S,T,2024-04-04,1000000.00,4.689141,99.64453125
08:00:31,91282CKH3,TSRYS5774872,D,S,D,2024-04-04,430000.00,4.687054,99.6484375
08:00:35,91282CKH3,TSRYS5774872,D,S,A,2024-04-04,20000000.00,4.672447,99.67578125
08:00:35,91282CKH3,TSRYS5774872,D,S,T,2024-04-04,1000000.00,4.672447,99.67578125
08:00:35,91282CKH3,TSRYS5774872,D,S,T,2024-04-04,1000000.00,4.672447,99.67578125
08:00:35,91282CKH3,TSRYS5774872,D,S,C,2024-04-04,220000.00,4.678706,99.6640625
08:00:35,91282CKH3,TSRYS5774872,D,S,T,2024-04-04,1000000.00,4.678706,99.6640625
08:00:35,91282CKH3,TSRYS5774872,D,S,C,2024-04-04,1200000.00,4.689141,99.64453125
08:00:35,91282CKH3,TSRYS5774872,D,S,A,2024-04-04,20000000.00,4.684967,99.65234375
08:00:35,91282CKH3,TSRYS5774872,D,S,T,2024-04-04,1000000.00,4.687054,99.6484375
08:00:35,91282CKH3,TSRYS5774872,D,B,A,2024-04-04,20000000.00,4.691228,99.640625
08:00:35,91282CKH3,TSRYS5774872,D,S,C,2024-04-04,300000.00,4.691228,99.640625
08:00:35,91282CKH3,TSRYS5774872,D,S,T,2024-04-04,25000000.00,4.68288,99.65625
08:00:35,91282CKH3,TSRYS5774872,D,S,T,2024-04-04,10000000.00,4.68288,99.65625
08:00:35,91282CKH3,TSRYS5774872,D,S,T,2024-04-04,5000000.00,4.684967,99.65234375
08:00:35,91282CKH3,TSRYS5774872,D,S,C,2024-04-04,300000.00,4.684967,99.65234375
08:00:35,91282CKH3,TSRYS5774872,D,S,C,2024-04-04,3200000.00,4.68288,99.65625
08:00:35,91282CKH3,TSRYS5774872,D,S,T,2024-04-04,1000000.00,4.684967,99.65234375
08:00:35,91282CKH3,TSRYS5774872,D,S,T,2024-04-04,1000000.00,4.684967,99.65234375
08:00:35,91282CKH3,TSRYS5774872,D,S,T,2024-04-04,1000000.00,4.684967,99.65234375
08:00:35,91282CKH3,TSRYS5774872,D,S,T,2024-04-04,1000000.00,4.684967,99.65234375
08:00:35,91282CKH3,TSRYS5774872,D,S,T,2024-04-04,1000000.00,4.684967,99.65234375
08:00:35,91282CKH3,TSRYS5774872,D,S,T,2024-04-04,1000000.00,4.684967,99.65234375
08:00:35,91282CKH3,TSRYS5774872,D,S,T,2024-04-04,1000000.00,4.684967,99.65234375
08:00:35,91282CKH3,TSRYS5774872,D,S,T,2024-04-04,1000000.00,4.684967,99.65234375
08:00:35,91282CKH3,TSRYS5774872,D,S,T,2024-04-04,1000000.00,4.68288,99.65625
08:00:35,91282CKH3,TSRYS5774872,D,S,T,2024-04-04,1000000.00,4.68288,99.65625
08:00:35,91282CKH3,TSRYS5774872,D,S,C,2024-04-04,100000000.00,4.684967,99.65234375
08:00:35,91282CKH3,TSRYS5774872,D,S,D,2024-04-04,106000000.00,4.68601,99.65039062
08:00:35,91282CKH3,TSRYS5774872,D,S,D,2024-04-04,2000000.00,4.687054,99.6484375
08:00:35,91282CKH3,TSRYS5774872,D,S,C,2024-04-04,106000000.00,4.68601,99.65039062
08:00:35,91282CKH3,TSRYS5774872,D,S,D,2024-04-04,1000000.00,4.687054,99.6484375
08:00:35,91282CKH3,TSRYS5774872,D,S,D,2024-04-04,1000000.00,4.687054,99.6484375
08:00:35,91282CKH3,TSRYS5774872,D,S,T,2024-04-04,6850000.00,4.632827,99.75
08:00:35,91282CKH3,TSRYS5774872,D,S,D,2024-04-04,17000000.00,4.689141,99.64453125
08:00:35,91282CKH3,TSRYS5774872,D,S,D,2024-04-04,5000000.00,4.687054,99.6484375
08:00:35,91282CKH3,TSRYS5774872,D,S,D,2024-04-04,21000000.00,4.684967,99.65234375
08:00:35,91282CKH3,TSRYS5774872,D,S,D,2024-04-04,1000000.00,4.684967,99.65234375
08:00:39,91282CKH3,TSRYS5774872,D,S,D,2024-04-04,9000000.00,4.68288,99.65625
08:00:39,91282CKH3,TSRYS5774872,D,B,C,2024-04-04,26715000.00,4.689141,99.64453125
08:00:39,91282CKH3,TSRYS5774872,D,S,D,2024-04-04,26715000.00,4.689141,99.64453125
08:00:39,91282CKH3,TSRYS5774872,D,B,A,2024-04-04,1500000.00,4.67662,99.66796875
08:00:40,91282CKH3,TSRYS5774872,D,S,A,2024-04-04,100000000.00,4.680793,99.66015625
08:00:40,91282CKH3,TSRYS5774872,D,B,A,2024-04-04,5776000.00,4.691407,99.64029
08:00:41,91282CKH3,TSRYS5774872,D,S,A,2024-04-04,1400000.00,4.68288,99.65625
08:00:41,91282CKH3,TSRYS5774872,D,S,T,2024-04-04,1000000.00,4.689141,99.64453125
08:00:41,91282CKH3,TSRYS5774872,D,S,T,2024-04-04,1000000.00,4.689141,99.64453125
08:00:41,91282CKH3,TSRYS5774872,D,S,T,2024-04-04,1000000.00,4.689141,99.64453125
08:00:41,91282CKH3,TSRYS5774872,D,S,T,2024-04-04,3000000.00,4.689141,99.64453125
08:00:41,91282CKH3,TSRYS5774872,D,S,T,2024-04-04,7000000.00,4.687054,99.6484375
08:00:42,91282CKH3,TSRYS5774872,D,S,T,2024-04-04,5000000.00,4.689141,99.64453125
08:00:42,91282CKH3,TSRYS5774872,D,S,T,2024-04-04,3000000.00,4.666189,99.6875
08:00:42,91282CKH3,TSRYS5774872,D,S,T,2024-04-04,1000000.00,4.67349,99.673828125
08:00:42,91282CKH3,TSRYS5774872,D,S,T,2024-04-04,1000000.00,4.67349,99.673828125
08:00:42,91282CKH3,TSRYS5774872,D,S,T,2024-04-04,1000000.00,4.675577,99.669921875
08:00:42,91282CKH3,TSRYS5774872,D,S,T,2024-04-04,1000000.00,4.672447,99.67578125
08:00:42,91282CKH3,TSRYS5774872,D,S,T,2024-04-04,1000000.00,4.672447,99.67578125
08:00:42,91282CKH3,TSRYS5774872,D,S,T,2024-04-04,1000000.00,4.672447,99.67578125
08:00:42,91282CKH3,TSRYS5774872,D,S,T,2024-04-04,1000000.00,4.672447,99.67578125
08:00:42,91282CKH3,TSRYS5774872,D,S,T,2024-04-04,1000000.00,4.672447,99.67578125
08:00:42,91282CKH3,TSRYS5774872,D,S,T,2024-04-04,1000000.00,4.672447,99.67578125
08:00:42,91282CKH3,TSRYS5774872,D,S,T,2024-04-04,1000000.00,4.672447,99.67578125
08:00:42,91282CKH3,TSRYS5774872,D,S,T,2024-04-04,1000000.00,4.672447,99.67578125
08:00:42,91282CKH3,TSRYS5774872,D,S,T,2024-04-04,1000000.00,4.67662,99.66796875
08:00:42,91282CKH3,TSRYS5774872,D,S,T,2024-04-04,1000000.00,4.683923,99.654296875
08:00:42,91282CKH3,TSRYS5774872,D,S,T,2024-04-04,1000000.00,4.684967,99.65234375
08:00:42,91282CKH3,TSRYS5774872,D,S,T,2024-04-04,1000000.00,4.684967,99.65234375
08:00:42,91282CKH3,TSRYS5774872,D,S,T,2024-04-04,1000000.00,4.689141,99.64453125
08:00:42,91282CKH3,TSRYS5774872,D,S,T,2024-04-04,1000000.00,4.692271,99.638671875
08:00:42,91282CKH3,TSRYS5774872,D,S,D,2024-04-04,1000000.00,4.691228,99.640625
08:00:42,91282CKH3,TSRYS5774872,D,S,T,2024-04-04,1000000.00,4.689141,99.64453125
08:00:42,91282CKH3,TSRYS5774872,D,S,T,2024-04-04,1000000.00,4.68601,99.650390625
08:00:42,91282CKH3,TSRYS5774872,D,S,T,2024-04-04,1000000.00,4.68601,99.650390625
08:00:42,91282CKH3,TSRYS5774872,D,S,T,2024-04-04,1000000.00,4.68601,99.650390625
08:00:42,91282CKH3,TSRYS5774872,D,S,D,2024-04-04,1000000.00,4.68601,99.650390625
08:00:42,91282CKH3,TSRYS5774872,D,S,T,2024-04-04,1000000.00,4.68601,99.650390625
08:00:42,91282CKH3,TSRYS5774872,D,S,D,2024-04-04,1000000.00,4.68601,99.650390625
08:00:42,91282CKH3,TSRYS5774872,D,S,D,2024-04-04,1000000.00,4.68601,99.650390625
08:00:42,91282CKH3,TSRYS5774872,D,S,T,2024-04-04,1000000.00,4.68601,99.650390625
08:00:42,91282CKH3,TSRYS5774872,D,S,T,2024-04-04,1000000.00,4.68601,99.650390625
08:00:42,91282CKH3,TSRYS5774872,D,S,D,2024-04-04,1000000.00,4.68601,99.650390625
08:00:42,91282CKH3,TSRYS5774872,D,S,D,2024-04-04,1000000.00,4.68601,99.650390625
08:00:42,91282CKH3,TSRYS5774872,D,S,T,2024-04-04,1000000.00,4.691228,99.640625
08:00:42,91282CKH3,TSRYS5774872,D,S,T,2024-04-04,1000000.00,4.691228,99.640625
08:00:43,91282CKH3,TSRYS5774872,D,S,T,2024-04-04,1000000.00,4.692271,99.638671875
08:00:43,91282CKH3,TSRYS5774872,D,S,D,2024-04-04,1000000.00,4.681836,99.658203125
08:00:43,91282CKH3,TSRYS5774872,D,S,D,2024-04-04,1000000.00,4.680793,99.66015625
08:00:43,91282CKH3,TSRYS5774872,D,S,T,2024-04-04,1000000.00,4.680793,99.66015625
08:00:43,91282CKH3,TSRYS5774872,D,S,D,2024-04-04,1000000.00,4.680793,99.66015625
08:00:43,91282CKH3,TSRYS5774872,D,S,T,2024-04-04,1000000.00,4.680793,99.66015625
08:00:43,91282CKH3,TSRYS5774872,D,S,T,2024-04-04,1000000.00,4.683923,99.654296875
08:00:43,91282CKH3,TSRYS5774872,D,S,T,2024-04-04,1000000.00,4.68288,99.65625
08:00:43,91282CKH3,TSRYS5774872,D,S,D,2024-04-04,1000000.00,4.68288,99.65625
08:00:43,91282CKH3,TSRYS5774872,D,S,D,2024-04-04,1000000.00,4.684967,99.65234375
08:00:43,91282CKH3,TSRYS5774872,D,S,T,2024-04-04,1000000.00,4.687054,99.6484375
08:00:43,91282CKH3,TSRYS5774872,D,B,A,2024-04-04,980000.00,4.68288,99.65625
08:00:43,91282CKH3,TSRYS5774872,D,S,T,2024-04-04,1000000.00,4.684967,99.65234375
08:00:43,91282CKH3,TSRYS5774872,D,S,T,2024-04-04,1000000.00,4.684967,99.65234375
08:00:43,91282CKH3,TSRYS5774872,D,S,T,2024-04-04,1000000.00,4.684967,99.65234375
08:00:43,91282CKH3,TSRYS5774872,D,S,T,2024-04-04,1000000.00,4.684967,99.65234375
08:00:43,91282CKH3,TSRYS5774872,D,S,T,2024-04-04,1000000.00,4.684967,99.65234375
08:00:43,91282CKH3,TSRYS5774872,D,S,T,2024-04-04,1000000.00,4.683923,99.654296875
08:00:43,91282CKH3,TSRYS5774872,D,S,T,2024-04-04,1000000.00,4.683923,99.654296875
08:00:43,91282CKH3,TSRYS5774872,D,S,T,2024-04-04,1000000.00,4.683923,99.654296875
08:00:43,91282CKH3,TSRYS5774872,D,S,T,2024-04-04,1000000.00,4.68288,99.65625
08:00:43,91282CKH3,TSRYS5774872,D,S,D,2024-04-04,1000000.00,4.68288,99.65625
08:00:43,91282CKH3,TSRYS5774872,D,S,T,2024-04-04,1000000.00,4.68288,99.65625
08:00:43,91282CKH3,TSRYS5774872,D,S,T,2024-04-04,1000000.00,4.68288,99.65625
08:00:43,91282CKH3,TSRYS5774872,D,S,T,2024-04-04,1000000.00,4.683923,99.654296875
08:00:43,91282CKH3,TSRYS5774872,D,S,T,2024-04-04,1000000.00,4.683923,99.654296875
08:00:43,91282CKH3,TSRYS5774872,D,S,T,2024-04-04,1000000.00,4.683923,99.654296875
08:00:43,91282CKH3,TSRYS5774872,D,S,T,2024-04-04,1000000.00,4.68601,99.650390625
08:00:43,91282CKH3,TSRYS5774872,D,S,T,2024-04-04,1000000.00,4.689141,99.64453125
08:00:43,91282CKH3,TSRYS5774872,D,S,D,2024-04-04,1000000.00,4.689141,99.64453125
08:00:43,91282CKH3,TSRYS5774872,D,S,T,2024-04-04,3000000.00,4.689141,99.64453125
08:00:43,91282CKH3,TSRYS5774872,D,S,T,2024-04-04,1000000.00,4.689141,99.64453125
08:00:43,91282CKH3,TSRYS5774872,D,S,T,2024-04-04,1000000.00,4.688097,99.646484375
08:00:43,91282CKH3,TSRYS5774872,D,S,T,2024-04-04,1000000.00,4.690184,99.642578125
08:00:43,91282CKH3,TSRYS5774872,D,S,T,2024-04-04,2000000.00,4.689141,99.64453125
08:00:43,91282CKH3,TSRYS5774872,D,S,T,2024-04-04,1000000.00,4.689141,99.64453125
08:00:43,91282CKH3,TSRYS5774872,D,S,T,2024-04-04,1000000.00,4.684967,99.65234375
08:00:43,91282CKH3,TSRYS5774872,D,S,D,2024-04-04,1000000.00,4.684967,99.65234375
08:00:43,91282CKH3,TSRYS5774872,D,S,T,2024-04-04,1000000.00,4.681836,99.658203125
08:00:43,91282CKH3,TSRYS5774872,D,S,D,2024-04-04,1000000.00,4.687054,99.6484375
08:00:43,91282CKH3,TSRYS5774872,D,S,T,2024-04-04,1000000.00,4.68288,99.65625
08:00:43,91282CKH3,TSRYS5774872,D,S,T,2024-04-04,2000000.00,4.683923,99.654296875
08:00:43,91282CKH3,TSRYS5774872,D,S,T,2024-04-04,1000000.00,4.683923,99.654296875
08:00:43,91282CKH3,TSRYS5774872,D,S,T,2024-04-04,2000000.00,4.683923,99.654296875
08:00:43,91282CKH3,TSRYS5774872,D,S,T,2024-04-04,1000000.00,4.684967,99.65234375
08:00:43,91282CKH3,TSRYS5774872,D,S,T,2024-04-04,1000000.00,4.684967,99.65234375
08:00:43,91282CKH3,TSRYS5774872,D,S,T,2024-04-04,1000000.00,4.684967,99.65234375
08:00:43,91282CKH3,TSRYS5774872,D,S,T,2024-04-04,1000000.00,4.684967,99.65234375
08:00:43,91282CKH3,TSRYS5774872,D,S,T,2024-04-04,1000000.00,4.684967,99.65234375
08:00:43,91282CKH3,TSRYS5774872,D,S,T,2024-04-04,1000000.00,4.684967,99.65234375
08:00:43,91282CKH3,TSRYS5774872,D,S,T,2024-04-04,1000000.00,4.684967,99.65234375
08:00:44,91282CKH3,TSRYS5774872,D,S,A,2024-04-04,700000.00,4.68288,99.65625
08:00:44,91282CKH3,TSRYS5774872,D,S,D,2024-04-04,1000000.00,4.68288,99.65625
08:00:44,91282CKH3,TSRYS5774872,D,S,T,2024-04-04,1000000.00,4.687054,99.6484375
08:00:45,91282CKH3,TSRYS5774872,D,S,T,2024-04-04,2000000.00,4.689141,99.64453125
08:00:45,91282CKH3,TSRYS5774872,D,S,T,2024-04-04,2000000.00,4.689141,99.64453125
08:00:45,91282CKH3,TSRYS5774872,D,S,D,2024-04-04,1000000.00,4.689141,99.64453125
08:00:45,91282CKH3,TSRYS5774872,D,S,T,2024-04-04,3000000.00,4.689141,99.64453125
08:00:45,91282CKH3,TSRYS5774872,D,S,D,2024-04-04,3000000.00,4.689141,99.64453125
08:00:45,91282CKH3,TSRYS5774872,D,S,D,2024-04-04,1000000.00,4.68601,99.650390625
08:00:45,91282CKH3,TSRYS5774872,D,S,T,2024-04-04,7000000.00,4.632827,99.75
08:00:45,91282CKH3,TSRYS5774872,D,S,T,2024-04-04,1400000.00,4.632827,99.75
08:00:48,91282CKH3,TSRYS5774872,D,S,T,2024-04-04,1000000.00,4.684967,99.65234375
08:00:48,91282CKH3,TSRYS5774872,D,S,T,2024-04-04,2000000.00,4.689141,99.64453125
08:00:48,91282CKH3,TSRYS5774872,D,S,T,2024-04-04,1000000.00,4.689141,99.64453125
08:00:48,91282CKH3,TSRYS5774872,D,S,T,2024-04-04,1000000.00,4.689141,99.64453125
08:00:48,91282CKH3,TSRYS5774872,D,S,T,2024-04-04,2000000.00,4.687054,99.6484375
08:00:48,91282CKH3,TSRYS5774872,D,S,T,2024-04-04,2000000.00,4.68601,99.650390625
08:00:48,91282CKH3,TSRYS5774872,D,S,T,2024-04-04,2000000.00,4.68601,99.650390625
08:00:48,91282CKH3,TSRYS5774872,D,S,T,2024-04-04,1000000.00,4.68601,99.650390625
08:00:48,91282CKH3,TSRYS5774872,D,S,T,2024-04-04,1000000.00,4.68601,99.650390625
08:00:48,91282CKH3,TSRYS5774872,D,S,T,2024-04-04,1000000.00,4.68601,99.650390625
08:00:48,91282CKH3,TSRYS5774872,D,S,T,2024-04-04,1000000.00,4.684967,99.65234375
08:00:48,91282CKH3,TSRYS5774872,D,S,T,2024-04-04,2000000.00,4.684967,99.65234375
08:00:48,91282CKH3,TSRYS5774872,D,S,T,2024-04-04,1000000.00,4.684967,99.65234375
08:00:48,91282CKH3,TSRYS5774872,D,S,T,2024-04-04,1000000.00,4.684967,99.65234375
08:00:48,91282CKH3,TSRYS5774872,D,S,T,2024-04-04,1000000.00,4.684967,99.65234375
08:00:48,91282CKH3,TSRYS5774872,D,S,T,2024-04-04,1000000.00,4.684967,99.65234375
08:00:48,91282CKH3,TSRYS5774872,D,S,T,2024-04-04,1000000.00,4.684967,99.65234375
08:00:48,91282CKH3,TSRYS5774872,D,S,T,2024-04-04,1000000.00,4.684967,99.65234375
08:00:48,91282CKH3,TSRYS5774872,D,S,T,2024-04-04,1000000.00,4.684967,99.65234375
08:00:48,91282CKH3,TSRYS5774872,D,S,T,2024-04-04,1000000.00,4.68601,99.650390625
08:00:48,91282CKH3,TSRYS5774872,D,S,T,2024-04-04,1000000.00,4.684967,99.65234375
08:00:48,91282CKH3,TSRYS5774872,D,S,A,2024-04-04,102000.00,4.685488,99.65234375
08:00:48,91282CKH3,TSRYS5774872,D,S,A,2024-04-04,3123000.00,4.689141,99.64453125
08:00:49,91282CKH3,TSRYS5774872,D,S,A,2024-04-04,21000.00,4.684967,99.65234375
08:00:50,91282CKH3,TSRYS5774872,D,S,A,2024-04-04,112000.00,4.68288,99.65625
08:00:50,91282CKH3,TSRYS5774872,D,S,A,2024-04-04,1016000.00,4.687054,99.6484375
08:00:50,91282CKH3,TSRYS5774872,D,S,D,2024-04-04,350000.00,4.680793,99.66015625
08:00:51,91282CKH3,TSRYS5774872,D,S,T,2024-04-04,1000000.00,4.689141,99.64453125
08:00:51,91282CKH3,TSRYS5774872,D,S,T,2024-04-04,9000000.00,4.689141,99.64453125
08:00:51,91282CKH3,TSRYS5774872,D,S,T,2024-04-04,2000000.00,4.689141,99.64453125
08:00:51,91282CKH3,TSRYS5774872,D,S,T,2024-04-04,1000000.00,4.689141,99.64453125
08:00:51,91282CKH3,TSRYS5774872,D,S,T,2024-04-04,1000000.00,4.689141,99.64453125
08:00:51,91282CKH3,TSRYS5774872,D,S,D,2024-04-04,1000000.00,4.689141,99.64453125
08:00:51,91282CKH3,TSRYS5774872,D,S,D,2024-04-04,1000000.00,4.689141,99.64453125
08:00:52,91282CKH3,TSRYS5774872,D,S,T,2024-04-04,7050000.00,4.632827,99.75
08:00:52,91282CKH3,TSRYS5774872,D,S,T,2024-04-04,1000000.00,4.684967,99.65234375
08:00:53,91282CKH3,TSRYS5774872,D,S,T,2024-04-04,1000000.00,4.684967,99.65234375
08:00:53,91282CKH3,TSRYS5774872,D,S,T,2024-04-04,1000000.00,4.68601,99.650390625
08:00:53,91282CKH3,TSRYS5774872,D,S,T,2024-04-04,1000000.00,4.684967,99.65234375
08:00:53,91282CKH3,TSRYS5774872,D,S,T,2024-04-04,1000000.00,4.68601,99.650390625
08:00:53,91282CKH3,TSRYS5774872,D,S,T,2024-04-04,1000000.00,4.68601,99.650390625
08:00:53,91282CKH3,TSRYS5774872,D,S,T,2024-04-04,3000000.00,4.68601,99.650390625
08:00:53,91282CKH3,TSRYS5774872,D,S,T,2024-04-04,1000000.00,4.68601,99.650390625
08:00:53,91282CKH3,TSRYS5774872,D,S,T,2024-04-04,2000000.00,4.689141,99.64453125
08:00:53,91282CKH3,TSRYS5774872,D,S,T,2024-04-04,1000000.00,4.689141,99.64453125
08:00:55,91282CKH3,TSRYS5774872,D,S,T,2024-04-04,9600000.00,4.632827,99.75
08:00:55,91282CKH3,TSRYS5774872,D,S,A,2024-04-04,3000000.00,4.684967,99.65234375
08:00:55,91282CKH3,TSRYS5774872,D,S,D,2024-04-04,1000000.00,4.687054,99.6484375
08:00:57,91282CKH3,TSRYS5774872,D,B,A,2024-04-04,920000.00,4.687054,99.6484375
08:00:58,91282CKH3,TSRYS5774872,D,S,T,2024-04-04,2000000.00,4.690184,99.642578125
08:00:58,91282CKH3,TSRYS5774872,D,S,T,2024-04-04,2000000.00,4.689141,99.64453125
08:00:58,91282CKH3,TSRYS5774872,D,S,T,2024-04-04,1000000.00,4.688097,99.646484375
08:00:58,91282CKH3,TSRYS5774872,D,S,T,2024-04-04,2000000.00,4.689141,99.64453125
08:00:58,91282CKH3,TSRYS5774872,D,S,T,2024-04-04,2000000.00,4.690184,99.642578125
08:00:58,91282CKH3,TSRYS5774872,D,S,T,2024-04-04,3000000.00,4.689141,99.64453125
08:00:58,91282CKH3,TSRYS5774872,D,S,T,2024-04-04,1000000.00,4.689141,99.64453125
08:00:58,91282CKH3,TSRYS5774872,D,S,T,2024-04-04,1000000.00,4.688097,99.646484375
08:00:58,91282CKH3,TSRYS5774872,D,S,T,2024-04-04,1000000.00,4.688097,99.646484375
08:00:58,91282CKH3,TSRYS5774872,D,S,T,2024-04-04,1000000.00,4.688097,99.646484375
08:00:58,91282CKH3,TSRYS5774872,D,S,T,2024-04-04,1000000.00,4.688097,99.646484375
08:00:58,91282CKH3,TSRYS5774872,D,S,T,2024-04-04,1000000.00,4.688097,99.646484375
08:00:58,91282CKH3,TSRYS5774872,D,S,T,2024-04-04,1000000.00,4.688097,99.646484375
08:00:58,91282CKH3,TSRYS5774872,D,S,T,2024-04-04,2000000.00,4.689141,99.64453125
08:00:58,91282CKH3,TSRYS5774872,D,S,T,2024-04-04,2000000.00,4.689141,99.64453125
08:00:58,91282CKH3,TSRYS5774872,D,S,T,2024-04-04,1000000.00,4.689141,99.64453125
08:00:58,91282CKH3,TSRYS5774872,D,S,T,2024-04-04,1000000.00,4.688097,99.646484375
08:00:58,91282CKH3,TSRYS5774872,D,S,T,2024-04-04,1000000.00,4.688097,99.646484375
08:01:00,91282CKH3,TSRYS5774872,D,S,D,2024-04-04,2000000.00,4.666189,99.6875
08:01:01,91282CKH3,TSRYS5774872,D,S,D,2024-04-04,1000000.00,4.689141,99.64453125
08:01:01,91282CKH3,TSRYS5774872,D,S,D,2024-04-04,5000000.00,4.689141,99.64453125
08:01:01,91282CKH3,TSRYS5774872,D,S,D,2024-04-04,1000000.00,4.689141,99.64453125
08:01:01,91282CKH3,TSRYS5774872,D,S,D,2024-04-04,1000000.00,4.689141,99.64453125
08:01:01,91282CKH3,TSRYS5774872,D,S,D,2024-04-04,3000000.00,4.689141,99.64453125
08:01:01,91282CKH3,TSRYS5774872,D,S,D,2024-04-04,1000000.00,4.689141,99.64453125
08:01:01,91282CKH3,TSRYS5774872,D,S,D,2024-04-04,3000000.00,4.689141,99.64453125
08:01:01,91282CKH3,TSRYS5774872,D,S,T,2024-04-04,1000000.00,4.689194,99.64443125
08:01:01,91282CKH3,TSRYS5774872,D,S,T,2024-04-04,1000000.00,4.689194,99.64443125
08:01:01,91282CKH3,TSRYS5774872,D,S,T,2024-04-04,3000000.00,4.689194,99.64443125
08:01:01,91282CKH3,TSRYS5774872,D,S,T,2024-04-04,1000000.00,4.689194,99.64443125
08:01:01,91282CKH3,TSRYS5774872,D,S,T,2024-04-04,1000000.00,4.689194,99.64443125
08:01:01,91282CKH3,TSRYS5774872,D,S,T,2024-04-04,1000000.00,4.689194,99.64443125
08:01:01,91282CKH3,TSRYS5774872,D,S,T,2024-04-04,1000000.00,4.689194,99.64443125
08:01:01,91282CKH3,TSRYS5774872,D,S,T,2024-04-04,1000000.00,4.689194,99.64443125
08:01:01,91282CKH3,TSRYS5774872,D,B,A,2024-04-04,20000000.00,4.691228,99.640625
08:01:01,91282CKH3,TSRYS5774872,D,S,T,2024-04-04,1000000.00,4.684967,99.65234375
08:01:01,91282CKH3,TSRYS5774872,D,S,T,2024-04-04,1000000.00,4.683923,99.654296875
08:01:01,91282CKH3,TSRYS5774872,D,S,T,2024-04-04,1000000.00,4.68502,99.65224375
08:01:01,91282CKH3,TSRYS5774872,D,S,T,2024-04-04,1000000.00,4.686063,99.650290625
08:01:01,91282CKH3,TSRYS5774872,D,S,T,2024-04-04,1000000.00,4.689141,99.64453125
08:01:01,91282CKH3,TSRYS5774872,D,B,A,2024-04-04,1000000.00,4.689141,99.64453125
08:01:01,91282CKH3,TSRYS5774872,D,S,T,2024-04-04,1000000.00,4.689141,99.64453125
08:01:01,91282CKH3,TSRYS5774872,D,B,A,2024-04-04,1000000.00,4.689141,99.64453125
08:01:01,91282CKH3,TSRYS5774872,D,S,T,2024-04-04,1000000.00,4.689141,99.64453125
08:01:01,91282CKH3,TSRYS5774872,D,B,A,2024-04-04,1000000.00,4.689141,99.64453125
08:01:01,91282CKH3,TSRYS5774872,D,S,T,2024-04-04,1000000.00,4.689141,99.64453125
08:01:01,91282CKH3,TSRYS5774872,D,B,A,2024-04-04,17000000.00,4.689141,99.64453125
08:01:01,91282CKH3,TSRYS5774872,D,S,T,2024-04-04,1000000.00,4.689194,99.64443125
08:01:01,91282CKH3,TSRYS5774872,D,S,T,2024-04-04,3000000.00,4.689194,99.64443125
08:01:01,91282CKH3,TSRYS5774872,D,S,T,2024-04-04,1000000.00,4.689194,99.64443125
08:01:01,91282CKH3,TSRYS5774872,D,S,T,2024-04-04,2000000.00,4.689194,99.64443125
08:01:01,91282CKH3,TSRYS5774872,D,S,T,2024-04-04,2000000.00,4.689194,99.64443125
08:01:01,91282CKH3,TSRYS5774872,D,S,T,2024-04-04,1000000.00,4.689194,99.64443125
08:01:01,91282CKH3,TSRYS5774872,D,S,T,2024-04-04,4000000.00,4.689194,99.64443125
08:01:01,91282CKH3,TSRYS5774872,D,S,T,2024-04-04,1000000.00,4.689194,99.64443125
08:01:01,91282CKH3,TSRYS5774872,D,S,T,2024-04-04,1000000.00,4.689194,99.64443125
08:01:02,91282CKH3,TSRYS5774872,D,S,D,2024-04-04,5000000.00,4.68288,99.65625
08:01:02,91282CKH3,TSRYS5774872,D,S,D,2024-04-04,1000000.00,4.68288,99.65625
08:01:02,91282CKH3,TSRYS5774872,D,S,D,2024-04-04,4000000.00,4.68288,99.65625
08:01:02,91282CKH3,TSRYS5774872,D,S,D,2024-04-04,4000000.00,4.68288,99.65625
08:01:02,91282CKH3,TSRYS5774872,D,S,D,2024-04-04,1000000.00,4.68288,99.65625
08:01:02,91282CKH3,TSRYS5774872,D,S,C,2024-04-04,1000000.00,4.670361,99.6796875
08:01:02,91282CKH3,TSRYS5774872,D,S,D,2024-04-04,1000000.00,4.674534,99.671875
08:01:02,91282CKH3,TSRYS5774872,D,B,C,2024-04-04,1000000.00,4.670361,99.6796875
08:01:02,91282CKH3,TSRYS5774872,D,S,C,2024-04-04,1000000.00,4.670361,99.6796875
08:01:02,91282CKH3,TSRYS5774872,D,B,C,2024-04-04,1000000.00,4.670361,99.6796875
08:01:02,91282CKH3,TSRYS5774872,D,S,D,2024-04-04,2000000.00,4.672447,99.67578125
08:01:02,91282CKH3,TSRYS5774872,D,B,C,2024-04-04,1000000.00,4.674534,99.671875
08:01:02,91282CKH3,TSRYS5774872,D,S,C,2024-04-04,1000000.00,4.674534,99.671875
08:01:02,91282CKH3,TSRYS5774872,D,B,C,2024-04-04,1000000.00,4.672447,99.67578125
08:01:02,91282CKH3,TSRYS5774872,D,B,C,2024-04-04,1000000.00,4.672447,99.67578125
08:01:02,91282CKH3,TSRYS5774872,D,S,D,2024-04-04,1000000.00,4.672447,99.67578125
08:01:02,91282CKH3,TSRYS5774872,D,S,D,2024-04-04,1000000.00,4.672447,99.67578125
08:01:02,91282CKH3,TSRYS5774872,D,S,D,2024-04-04,1000000.00,4.672447,99.67578125
08:01:02,91282CKH3,TSRYS5774872,D,B,C,2024-04-04,1000000.00,4.672447,99.67578125
08:01:02,91282CKH3,TSRYS5774872,D,S,C,2024-04-04,1000000.00,4.672447,99.67578125
08:01:02,91282CKH3,TSRYS5774872,D,S,C,2024-04-04,1000000.00,4.672447,99.67578125
08:01:02,91282CKH3,TSRYS5774872,D,S,C,2024-04-04,1000000.00,4.672447,99.67578125
08:01:02,91282CKH3,TSRYS5774872,D,B,C,2024-04-04,1000000.00,4.672447,99.67578125
08:01:02,91282CKH3,TSRYS5774872,D,B,C,2024-04-04,1000000.00,4.672447,99.67578125
08:01:02,91282CKH3,TSRYS5774872,D,B,C,2024-04-04,1000000.00,4.672447,99.67578125
08:01:02,91282CKH3,TSRYS5774872,D,S,D,2024-04-04,1000000.00,4.672447,99.67578125
08:01:02,91282CKH3,TSRYS5774872,D,B,C,2024-04-04,1000000.00,4.672447,99.67578125
08:01:02,91282CKH3,TSRYS5774872,D,B,C,2024-04-04,1000000.00,4.672447,99.67578125
08:01:02,91282CKH3,TSRYS5774872,D,S,C,2024-04-04,1000000.00,4.672447,99.67578125
08:01:02,91282CKH3,TSRYS5774872,D,S,D,2024-04-04,1000000.00,4.672447,99.67578125
08:01:02,91282CKH3,TSRYS5774872,D,S,D,2024-04-04,4000000.00,4.671404,99.677734375
08:01:02,91282CKH3,TSRYS5774872,D,S,D,2024-04-04,1000000.00,4.672447,99.67578125
08:01:02,91282CKH3,TSRYS5774872,D,B,C,2024-04-04,1000000.00,4.672447,99.67578125
08:01:02,91282CKH3,TSRYS5774872,D,B,C,2024-04-04,1000000.00,4.670361,99.6796875
08:01:02,91282CKH3,TSRYS5774872,D,B,C,2024-04-04,1000000.00,4.674534,99.671875
08:01:02,91282CKH3,TSRYS5774872,D,S,C,2024-04-04,1000000.00,4.672447,99.67578125
08:01:02,91282CKH3,TSRYS5774872,D,S,D,2024-04-04,1000000.00,4.671404,99.677734375
08:01:02,91282CKH3,TSRYS5774872,D,B,C,2024-04-04,1000000.00,4.672447,99.67578125
08:01:02,91282CKH3,TSRYS5774872,D,S,D,2024-04-04,1000000.00,4.670361,99.6796875
08:01:02,91282CKH3,TSRYS5774872,D,S,C,2024-04-04,1000000.00,4.672447,99.67578125
08:01:02,91282CKH3,TSRYS5774872,D,S,C,2024-04-04,1000000.00,4.674534,99.671875
08:01:02,91282CKH3,TSRYS5774872,D,S,C,2024-04-04,1000000.00,4.672447,99.67578125
08:01:02,91282CKH3,TSRYS5774872,D,B,C,2024-04-04,1000000.00,4.674534,99.671875
08:01:02,91282CKH3,TSRYS5774872,D,B,C,2024-04-04,1000000.00,4.672447,99.67578125
08:01:02,91282CKH3,TSRYS5774872,D,B,C,2024-04-04,10000000.00,4.671404,99.677734375
08:01:02,91282CKH3,TSRYS5774872,D,S,D,2024-04-04,2000000.00,4.670361,99.6796875
08:01:02,91282CKH3,TSRYS5774872,D,B,C,2024-04-04,1000000.00,4.67662,99.66796875
08:01:02,91282CKH3,TSRYS5774872,D,S,C,2024-04-04,1000000.00,4.674534,99.671875
08:01:02,91282CKH3,TSRYS5774872,D,B,C,2024-04-04,1000000.00,4.672447,99.67578125
08:01:02,91282CKH3,TSRYS5774872,D,B,C,2024-04-04,1000000.00,4.672447,99.67578125
08:01:02,91282CKH3,TSRYS5774872,D,B,C,2024-04-04,1000000.00,4.67662,99.66796875
08:01:02,91282CKH3,TSRYS5774872,D,S,D,2024-04-04,1000000.00,4.67662,99.66796875
08:01:02,91282CKH3,TSRYS5774872,D,S,D,2024-04-04,1000000.00,4.672447,99.67578125
08:01:02,91282CKH3,TSRYS5774872,D,B,C,2024-04-04,1000000.00,4.674534,99.671875
08:01:02,91282CKH3,TSRYS5774872,D,S,C,2024-04-04,1000000.00,4.67349,99.673828125
08:01:02,91282CKH3,TSRYS5774872,D,B,C,2024-04-04,1000000.00,4.67662,99.66796875
08:01:02,91282CKH3,TSRYS5774872,D,B,C,2024-04-04,1000000.00,4.67662,99.66796875
08:01:02,91282CKH3,TSRYS5774872,D,B,C,2024-04-04,1000000.00,4.672447,99.67578125
08:01:02,91282CKH3,TSRYS5774872,D,S,D,2024-04-04,1000000.00,4.674534,99.671875
08:01:02,91282CKH3,TSRYS5774872,D,B,C,2024-04-04,1000000.00,4.67662,99.66796875
08:01:02,91282CKH3,TSRYS5774872,D,S,C,2024-04-04,1000000.00,4.67662,99.66796875
08:01:02,91282CKH3,TSRYS5774872,D,B,C,2024-04-04,1000000.00,4.671404,99.677734375
08:01:02,91282CKH3,TSRYS5774872,D,S,C,2024-04-04,1000000.00,4.672447,99.67578125
08:01:02,91282CKH3,TSRYS5774872,D,S,C,2024-04-04,1000000.00,4.67662,99.66796875
08:01:02,91282CKH3,TSRYS5774872,D,B,C,2024-04-04,1000000.00,4.67662,99.66796875
08:01:02,91282CKH3,TSRYS5774872,D,S,D,2024-04-04,10000000.00,4.671404,99.677734375
08:01:02,91282CKH3,TSRYS5774872,D,S,C,2024-04-04,1000000.00,4.67662,99.66796875
08:01:02,91282CKH3,TSRYS5774872,D,S,C,2024-04-04,1000000.00,4.67662,99.66796875
08:01:02,91282CKH3,TSRYS5774872,D,B,C,2024-04-04,1000000.00,4.67349,99.673828125
08:01:02,91282CKH3,TSRYS5774872,D,S,C,2024-04-04,1000000.00,4.67662,99.66796875
08:01:02,91282CKH3,TSRYS5774872,D,B,C,2024-04-04,1000000.00,4.674534,99.671875
08:01:02,91282CKH3,TSRYS5774872,D,S,D,2024-04-04,1000000.00,4.67662,99.66796875
08:01:02,91282CKH3,TSRYS5774872,D,S,D,2024-04-04,1000000.00,4.67662,99.66796875
08:01:02,91282CKH3,TSRYS5774872,D,S,C,2024-04-04,1000000.00,4.67662,99.66796875
08:01:02,91282CKH3,TSRYS5774872,D,B,C,2024-04-04,1000000.00,4.67662,99.66796875
08:01:02,91282CKH3,TSRYS5774872,D,B,C,2024-04-04,1000000.00,4.67662,99.66796875
08:01:02,91282CKH3,TSRYS5774872,D,B,C,2024-04-04,1000000.00,4.67662,99.66796875
08:01:02,91282CKH3,TSRYS5774872,D,B,C,2024-04-04,1000000.00,4.67662,99.66796875
08:01:02,91282CKH3,TSRYS5774872,D,B,C,2024-04-04,2000000.00,4.68288,99.65625
08:01:02,91282CKH3,TSRYS5774872,D,B,C,2024-04-04,1000000.00,4.67662,99.66796875
08:01:02,91282CKH3,TSRYS5774872,D,S,C,2024-04-04,1000000.00,4.67662,99.66796875
08:01:02,91282CKH3,TSRYS5774872,D,S,D,2024-04-04,1000000.00,4.689141,99.64453125
08:01:02,91282CKH3,TSRYS5774872,D,B,C,2024-04-04,1000000.00,4.67662,99.66796875
08:01:02,91282CKH3,TSRYS5774872,D,S,D,2024-04-04,1000000.00,4.67662,99.66796875
08:01:02,91282CKH3,TSRYS5774872,D,S,C,2024-04-04,1000000.00,4.67662,99.66796875
08:01:02,91282CKH3,TSRYS5774872,D,S,D,2024-04-04,1000000.00,4.689141,99.64453125
08:01:02,91282CKH3,TSRYS5774872,D,B,C,2024-04-04,1000000.00,4.67662,99.66796875
08:01:02,91282CKH3,TSRYS5774872,D,S,D,2024-04-04,3000000.00,4.687054,99.6484375
08:01:02,91282CKH3,TSRYS5774872,D,S,C,2024-04-04,1000000.00,4.67662,99.66796875
08:01:02,91282CKH3,TSRYS5774872,D,S,C,2024-04-04,1000000.00,4.689141,99.64453125
08:01:02,91282CKH3,TSRYS5774872,D,B,C,2024-04-04,1000000.00,4.67662,99.66796875
08:01:02,91282CKH3,TSRYS5774872,D,B,C,2024-04-04,6000000.00,4.684967,99.65234375
08:01:02,91282CKH3,TSRYS5774872,D,S,C,2024-04-04,1000000.00,4.67662,99.66796875
08:01:02,91282CKH3,TSRYS5774872,D,S,D,2024-04-04,3000000.00,4.689141,99.64453125
08:01:02,91282CKH3,TSRYS5774872,D,S,D,2024-04-04,4000000.00,4.684967,99.65234375
08:01:02,91282CKH3,TSRYS5774872,D,S,D,2024-04-04,1000000.00,4.681836,99.658203125
08:01:02,91282CKH3,TSRYS5774872,D,B,C,2024-04-04,1000000.00,4.67662,99.66796875
08:01:02,91282CKH3,TSRYS5774872,D,S,D,2024-04-04,3000000.00,4.689141,99.64453125
08:01:02,91282CKH3,TSRYS5774872,D,S,D,2024-04-04,1000000.00,4.67662,99.66796875
08:01:02,91282CKH3,TSRYS5774872,D,B,C,2024-04-04,1000000.00,4.681836,99.658203125
08:01:02,91282CKH3,TSRYS5774872,D,B,C,2024-04-04,1000000.00,4.680793,99.66015625
08:01:02,91282CKH3,TSRYS5774872,D,S,D,2024-04-04,2000000.00,4.684967,99.65234375
08:01:02,91282CKH3,TSRYS5774872,D,S,C,2024-04-04,1000000.00,4.678706,99.6640625
08:01:02,91282CKH3,TSRYS5774872,D,S,C,2024-04-04,2000000.00,4.68288,99.65625
08:01:02,91282CKH3,TSRYS5774872,D,B,C,2024-04-04,1000000.00,4.684967,99.65234375
08:01:02,91282CKH3,TSRYS5774872,D,B,C,2024-04-04,1000000.00,4.684967,99.65234375
08:01:02,91282CKH3,TSRYS5774872,D,S,D,2024-04-04,1000000.00,4.680793,99.66015625
08:01:02,91282CKH3,TSRYS5774872,D,S,D,2024-04-04,1000000.00,4.684967,99.65234375
08:01:02,91282CKH3,TSRYS5774872,D,S,C,2024-04-04,1000000.00,4.689141,99.64453125
08:01:02,91282CKH3,TSRYS5774872,D,B,C,2024-04-04,1000000.00,4.68288,99.65625
08:01:02,91282CKH3,TSRYS5774872,D,S,D,2024-04-04,1000000.00,4.691228,99.640625
08:01:02,91282CKH3,TSRYS5774872,D,S,C,2024-04-04,2000000.00,4.692271,99.638671875
08:01:02,91282CKH3,TSRYS5774872,D,B,C,2024-04-04,1000000.00,4.68288,99.65625
08:01:02,91282CKH3,TSRYS5774872,D,S,D,2024-04-04,1000000.00,4.68288,99.65625
08:01:02,91282CKH3,TSRYS5774872,D,S,C,2024-04-04,5000000.00,4.689141,99.64453125
08:01:03,91282CKH3,TSRYS5774872,D,S,D,2024-04-04,2000000.00,4.684967,99.65234375
08:01:03,91282CKH3,TSRYS5774872,D,B,C,2024-04-04,1000000.00,4.691228,99.640625
08:01:03,91282CKH3,TSRYS5774872,D,S,D,2024-04-04,3000000.00,4.68288,99.65625
08:01:03,91282CKH3,TSRYS5774872,D,S,C,2024-04-04,2000000.00,4.68288,99.65625
08:01:03,91282CKH3,TSRYS5774872,D,B,C,2024-04-04,3000000.00,4.687054,99.6484375
08:01:03,91282CKH3,TSRYS5774872,D,S,D,2024-04-04,1000000.00,4.691228,99.640625
08:01:03,91282CKH3,TSRYS5774872,D,S,D,2024-04-04,1000000.00,4.684967,99.65234375
08:01:03,91282CKH3,TSRYS5774872,D,S,D,2024-04-04,1000000.00,4.684967,99.65234375
08:01:03,91282CKH3,TSRYS5774872,D,S,D,2024-04-04,3000000.00,4.691228,99.640625
08:01:03,91282CKH3,TSRYS5774872,D,B,C,2024-04-04,2000000.00,4.684967,99.65234375
08:01:03,91282CKH3,TSRYS5774872,D,S,D,2024-04-04,2000000.00,4.68288,99.65625
08:01:03,91282CKH3,TSRYS5774872,D,S,C,2024-04-04,1000000.00,4.68288,99.65625
08:01:03,91282CKH3,TSRYS5774872,D,S,D,2024-04-04,1000000.00,4.68601,99.650390625
08:01:03,91282CKH3,TSRYS5774872,D,B,C,2024-04-04,4000000.00,4.684967,99.65234375
08:01:03,91282CKH3,TSRYS5774872,D,B,C,2024-04-04,3000000.00,4.68288,99.65625
08:01:03,91282CKH3,TSRYS5774872,D,S,D,2024-04-04,3000000.00,4.68601,99.650390625
08:01:03,91282CKH3,TSRYS5774872,D,B,C,2024-04-04,1000000.00,4.68288,99.65625
08:01:03,91282CKH3,TSRYS5774872,D,S,D,2024-04-04,6000000.00,4.684967,99.65234375
08:01:03,91282CKH3,TSRYS5774872,D,S,C,2024-04-04,38000.00,4.68234,99.65726
08:01:03,91282CKH3,TSRYS5774872,D,S,T,2024-04-04,1000000.00,4.688097,99.646484375
08:01:03,91282CKH3,TSRYS5774872,D,S,D,2024-04-04,10000000.00,4.68288,99.65625
08:01:03,91282CKH3,TSRYS5774872,D,S,D,2024-04-04,3000000.00,4.68601,99.650390625
08:01:03,91282CKH3,TSRYS5774872,D,S,C,2024-04-04,1000000.00,4.681836,99.658203125
08:01:03,91282CKH3,TSRYS5774872,D,S,D,2024-04-04,3000000.00,4.68288,99.65625
08:01:03,91282CKH3,TSRYS5774872,D,S,C,2024-04-04,1000000.00,4.680793,99.66015625
08:01:03,91282CKH3,TSRYS5774872,D,S,D,2024-04-04,4000000.00,4.68601,99.650390625
08:01:03,91282CKH3,TSRYS5774872,D,B,C,2024-04-04,3000000.00,4.684967,99.65234375
08:01:03,91282CKH3,TSRYS5774872,D,S,D,2024-04-04,2000000.00,4.684967,99.65234375
08:01:03,91282CKH3,TSRYS5774872,D,S,D,2024-04-04,3000000.00,4.684967,99.65234375
08:01:03,91282CKH3,TSRYS5774872,D,S,C,2024-04-04,2000000.00,4.68288,99.65625
08:01:03,91282CKH3,TSRYS5774872,D,S,T,2024-04-04,1000000.00,4.687054,99.6484375
08:01:03,91282CKH3,TSRYS5774872,D,S,C,2024-04-04,1000000.00,4.68288,99.65625
08:01:03,91282CKH3,TSRYS5774872,D,S,T,2024-04-04,1000000.00,4.687054,99.6484375
08:01:03,91282CKH3,TSRYS5774872,D,S,D,2024-04-04,1000000.00,4.68288,99.65625
08:01:03,91282CKH3,TSRYS5774872,D,B,C,2024-04-04,1000000.00,4.68601,99.650390625
08:01:03,91282CKH3,TSRYS5774872,D,S,T,2024-04-04,1000000.00,4.687054,99.6484375
08:01:03,91282CKH3,TSRYS5774872,D,S,C,2024-04-04,1000000.00,4.68288,99.65625
08:01:03,91282CKH3,TSRYS5774872,D,B,C,2024-04-04,10000000.00,4.68288,99.65625
08:01:03,91282CKH3,TSRYS5774872,D,S,D,2024-04-04,3000000.00,4.68601,99.650390625
08:01:03,91282CKH3,TSRYS5774872,D,S,T,2024-04-04,3000000.00,4.687054,99.6484375
08:01:03,91282CKH3,TSRYS5774872,D,B,C,2024-04-04,1000000.00,4.68601,99.650390625
08:01:03,91282CKH3,TSRYS5774872,D,S,D,2024-04-04,9000000.00,4.68288,99.65625
08:01:03,91282CKH3,TSRYS5774872,D,B,C,2024-04-04,3000000.00,4.68288,99.65625
08:01:03,91282CKH3,TSRYS5774872,D,S,C,2024-04-04,1000000.00,4.680793,99.66015625
08:01:03,91282CKH3,TSRYS5774872,D,S,D,2024-04-04,1000000.00,4.68601,99.650390625
08:01:03,91282CKH3,TSRYS5774872,D,S,D,2024-04-04,3000000.00,4.68601,99.650390625
08:01:03,91282CKH3,TSRYS5774872,D,S,D,2024-04-04,5000000.00,4.68601,99.650390625
08:01:03,91282CKH3,TSRYS5774872,D,S,D,2024-04-04,1000000.00,4.68601,99.650390625
08:01:03,91282CKH3,TSRYS5774872,D,S,D,2024-04-04,2000000.00,4.68601,99.650390625
08:01:05,91282CKH3,TSRYS5774872,D,S,C,2024-04-04,2060000.00,4.684795,99.65234375
08:01:07,91282CKH3,TSRYS5774872,D,S,D,2024-04-04,3000000.00,4.689141,99.64453125
08:01:07,91282CKH3,TSRYS5774872,D,S,C,2024-04-04,1000000.00,4.689141,99.64453125
08:01:07,91282CKH3,TSRYS5774872,D,S,C,2024-04-04,3000000.00,4.689141,99.64453125
08:01:07,91282CKH3,TSRYS5774872,D,S,C,2024-04-04,3000000.00,4.687054,99.6484375
08:01:07,91282CKH3,TSRYS5774872,D,S,C,2024-04-04,2000000.00,4.687054,99.6484375
08:01:07,91282CKH3,TSRYS5774872,D,S,C,2024-04-04,1000000.00,4.687054,99.6484375
08:01:07,91282CKH3,TSRYS5774872,D,S,D,2024-04-04,3000000.00,4.68601,99.650390625
08:01:07,91282CKH3,TSRYS5774872,D,B,C,2024-04-04,1000000.00,4.68601,99.650390625
08:01:07,91282CKH3,TSRYS5774872,D,B,C,2024-04-04,1000000.00,4.68601,99.650390625
08:01:07,91282CKH3,TSRYS5774872,D,S,D,2024-04-04,1000000.00,4.68601,99.650390625
08:01:07,91282CKH3,TSRYS5774872,D,S,D,2024-04-04,5000000.00,4.68601,99.650390625
08:01:07,91282CKH3,TSRYS5774872,D,S,D,2024-04-04,1000000.00,4.68601,99.650390625
08:01:07,91282CKH3,TSRYS5774872,D,B,C,2024-04-04,6000000.00,4.68601,99.650390625
08:01:07,91282CKH3,TSRYS5774872,D,S,D,2024-04-04,1000000.00,4.68601,99.650390625
08:01:07,91282CKH3,TSRYS5774872,D,S,D,2024-04-04,6000000.00,4.68601,99.650390625
08:01:07,91282CKH3,TSRYS5774872,D,S,D,2024-04-04,8000000.00,4.68601,99.650390625
08:01:07,91282CKH3,TSRYS5774872,D,B,C,2024-04-04,2000000.00,4.687054,99.6484375
08:01:07,91282CKH3,TSRYS5774872,D,S,C,2024-04-04,2000000.00,4.687054,99.6484375
08:01:07,91282CKH3,TSRYS5774872,D,S,C,2024-04-04,3000000.00,4.687054,99.6484375
08:01:07,91282CKH3,TSRYS5774872,D,B,C,2024-04-04,3000000.00,4.687054,99.6484375
08:01:07,91282CKH3,TSRYS5774872,D,B,C,2024-04-04,2000000.00,4.687054,99.6484375
08:01:07,91282CKH3,TSRYS5774872,D,S,D,2024-04-04,2000000.00,4.687054,99.6484375
08:01:07,91282CKH3,TSRYS5774872,D,B,C,2024-04-04,2000000.00,4.687054,99.6484375
08:01:07,91282CKH3,TSRYS5774872,D,S,D,2024-04-04,2000000.00,4.687054,99.6484375
08:01:07,91282CKH3,TSRYS5774872,D,B,C,2024-04-04,2000000.00,4.687054,99.6484375
08:01:07,91282CKH3,TSRYS5774872,D,B,C,2024-04-04,1000000.00,4.687054,99.6484375
08:01:07,91282CKH3,TSRYS5774872,D,S,D,2024-04-04,2000000.00,4.687054,99.6484375
08:01:07,91282CKH3,TSRYS5774872,D,S,D,2024-04-04,1000000.00,4.687054,99.6484375
08:01:07,91282CKH3,TSRYS5774872,D,B,C,2024-04-04,1000000.00,4.668275,99.68359375
08:01:07,91282CKH3,TSRYS5774872,D,S,C,2024-04-04,1000000.00,4.668275,99.68379375
08:01:07,91282CKH3,TSRYS5774872,D,S,C,2024-04-04,1000000.00,4.668275,99.68359375
08:01:07,91282CKH3,TSRYS5774872,D,B,C,2024-04-04,1000000.00,4.668275,99.68359375
08:01:07,91282CKH3,TSRYS5774872,D,S,C,2024-04-04,1000000.00,4.689141,99.64453125
08:01:07,91282CKH3,TSRYS5774872,D,B,C,2024-04-04,1000000.00,4.689141,99.64453125
08:01:08,91282CKH3,TSRYS5774872,D,B,C,2024-04-04,2000000.00,4.689141,99.64453125
08:01:08,91282CKH3,TSRYS5774872,D,S,D,2024-04-04,2000000.00,4.689141,99.64453125
08:01:08,91282CKH3,TSRYS5774872,D,S,T,2024-04-04,1000000.00,4.689301,99.64423125
08:01:08,91282CKH3,TSRYS5774872,D,S,T,2024-04-04,3000000.00,4.689301,99.64423125
08:01:08,91282CKH3,TSRYS5774872,D,S,T,2024-04-04,4000000.00,4.689301,99.64423125
08:01:08,91282CKH3,TSRYS5774872,D,S,T,2024-04-04,1000000.00,4.687214,99.6481375
08:01:08,91282CKH3,TSRYS5774872,D,S,T,2024-04-04,1000000.00,4.684967,99.65234375
08:01:08,91282CKH3,TSRYS5774872,D,S,T,2024-04-04,1000000.00,4.68304,99.65595
08:01:08,91282CKH3,TSRYS5774872,D,S,C,2024-04-04,1000000.00,4.668275,99.68359375
08:01:08,91282CKH3,TSRYS5774872,D,B,C,2024-04-04,1000000.00,4.668275,99.68359375
08:01:08,91282CKH3,TSRYS5774872,D,S,T,2024-04-04,1000000.00,4.684967,99.65234375
08:01:08,91282CKH3,TSRYS5774872,D,S,T,2024-04-04,1000000.00,4.684967,99.65234375
08:01:08,91282CKH3,TSRYS5774872,D,S,C,2024-04-04,1000000.00,4.68288,99.65625
08:01:08,91282CKH3,TSRYS5774872,D,B,C,2024-04-04,1000000.00,4.68288,99.65625
08:01:08,91282CKH3,TSRYS5774872,D,S,C,2024-04-04,1000000.00,4.68288,99.65625
08:01:08,91282CKH3,TSRYS5774872,D,B,C,2024-04-04,1000000.00,4.68288,99.65625
08:01:08,91282CKH3,TSRYS5774872,D,S,D,2024-04-04,1000000.00,4.68288,99.65625
08:01:08,91282CKH3,TSRYS5774872,D,B,C,2024-04-04,1000000.00,4.68288,99.65625
08:01:08,91282CKH3,TSRYS5774872,D,S,T,2024-04-04,1000000.00,4.680953,99.65985625
08:01:08,91282CKH3,TSRYS5774872,D,S,C,2024-04-04,5000000.00,4.68288,99.65625
08:01:08,91282CKH3,TSRYS5774872,D,S,D,2024-04-04,1000000.00,4.68288,99.65625
08:01:08,91282CKH3,TSRYS5774872,D,S,D,2024-04-04,4000000.00,4.68288,99.65625
08:01:08,91282CKH3,TSRYS5774872,D,S,C,2024-04-04,1000000.00,4.68288,99.65625
08:01:08,91282CKH3,TSRYS5774872,D,S,D,2024-04-04,4000000.00,4.68288,99.65625
08:01:08,91282CKH3,TSRYS5774872,D,S,C,2024-04-04,200000.00,4.691048,99.640625
08:01:08,91282CKH3,TSRYS5774872,D,S,D,2024-04-04,1800000.00,4.687054,99.6484375
08:01:08,91282CKH3,TSRYS5774872,D,B,C,2024-04-04,1000000.00,4.687054,99.6484375
08:01:08,91282CKH3,TSRYS5774872,D,S,C,2024-04-04,1000000.00,4.687054,99.6484375
08:01:08,91282CKH3,TSRYS5774872,D,B,C,2024-04-04,2000000.00,4.687054,99.6484375
08:01:08,91282CKH3,TSRYS5774872,D,B,C,2024-04-04,11000000.00,4.687997,99.64667215909
08:01:08,91282CKH3,TSRYS5774872,D,S,D,2024-04-04,2000000.00,4.687054,99.6484375
08:01:08,91282CKH3,TSRYS5774872,D,B,C,2024-04-04,3000000.00,4.687054,99.6484375
08:01:08,91282CKH3,TSRYS5774872,D,S,D,2024-04-04,3000000.00,4.687054,99.6484375
08:01:08,91282CKH3,TSRYS5774872,D,B,C,2024-04-04,2000000.00,4.687054,99.6484375
08:01:08,91282CKH3,TSRYS5774872,D,S,D,2024-04-04,2000000.00,4.687054,99.6484375
08:01:08,91282CKH3,TSRYS5774872,D,S,C,2024-04-04,1000000.00,4.687054,99.6484375
08:01:08,91282CKH3,TSRYS5774872,D,S,C,2024-04-04,1000000.00,4.687054,99.6484375
08:01:09,91282CKH3,TSRYS5774872,D,B,C,2024-04-04,1000000.00,4.687054,99.6484375
08:01:09,91282CKH3,TSRYS5774872,D,B,C,2024-04-04,1000000.00,4.666189,99.6875
08:01:09,91282CKH3,TSRYS5774872,D,S,C,2024-04-04,1000000.00,4.666189,99.6875
08:01:09,91282CKH3,TSRYS5774872,D,S,C,2024-04-04,1000000.00,4.666189,99.6875
08:01:09,91282CKH3,TSRYS5774872,D,B,C,2024-04-04,1000000.00,4.666189,99.6875
08:01:10,91282CKH3,TSRYS5774872,D,S,D,2024-04-04,1000000.00,4.672447,99.67578125
08:01:10,91282CKH3,TSRYS5774872,D,S,C,2024-04-04,1000000.00,4.668275,99.68359375
08:01:10,91282CKH3,TSRYS5774872,D,B,C,2024-04-04,1000000.00,4.668275,99.68339375
08:01:10,91282CKH3,TSRYS5774872,D,S,C,2024-04-04,1000000.00,4.668275,99.68359375
08:01:10,91282CKH3,TSRYS5774872,D,B,C,2024-04-04,1000000.00,4.668275,99.68339375
08:01:10,91282CKH3,TSRYS5774872,D,S,C,2024-04-04,1000000.00,4.668275,99.68359375
08:01:10,91282CKH3,TSRYS5774872,D,S,T,2024-04-04,1000000.00,4.672501,99.67568125
08:01:10,91282CKH3,TSRYS5774872,D,S,T,2024-04-04,1000000.00,4.672501,99.67568125
08:01:10,91282CKH3,TSRYS5774872,D,S,T,2024-04-04,1000000.00,4.672501,99.67568125
08:01:10,91282CKH3,TSRYS5774872,D,S,T,2024-04-04,1000000.00,4.672501,99.67568125
08:01:10,91282CKH3,TSRYS5774872,D,S,C,2024-04-04,50000.00,4.68234,99.65726
08:01:10,91282CKH3,TSRYS5774872,D,S,T,2024-04-04,1000000.00,4.672501,99.67568125
08:01:10,91282CKH3,TSRYS5774872,D,S,T,2024-04-04,1000000.00,4.672501,99.67568125
08:01:10,91282CKH3,TSRYS5774872,D,S,T,2024-04-04,1000000.00,4.672501,99.67568125
08:01:10,91282CKH3,TSRYS5774872,D,S,T,2024-04-04,1000000.00,4.672501,99.67568125
08:01:10,91282CKH3,TSRYS5774872,D,S,T,2024-04-04,1000000.00,4.687107,99.6483375
08:01:10,91282CKH3,TSRYS5774872,D,S,T,2024-04-04,1000000.00,4.687107,99.6483375
08:01:10,91282CKH3,TSRYS5774872,D,S,T,2024-04-04,5000000.00,4.687107,99.6483375
08:01:10,91282CKH3,TSRYS5774872,D,S,T,2024-04-04,1000000.00,4.687107,99.6483375
08:01:11,91282CKH3,TSRYS5774872,D,S,T,2024-04-04,1000000.00,4.687107,99.6483375
08:01:11,91282CKH3,TSRYS5774872,D,S,T,2024-04-04,1000000.00,4.687107,99.6483375
08:01:11,91282CKH3,TSRYS5774872,D,S,T,2024-04-04,1000000.00,4.672567,99.67555625
08:01:11,91282CKH3,TSRYS5774872,D,S,T,2024-04-04,1000000.00,4.672567,99.67555625
08:01:11,91282CKH3,TSRYS5774872,D,S,D,2024-04-04,1800000.00,4.687054,99.6484375
08:01:12,91282CKH3,TSRYS5774872,D,S,D,2024-04-04,20000000.00,4.670981,99.6785273
08:01:12,91282CKH3,TSRYS5774872,D,S,D,2024-04-04,1000000.00,4.674534,99.671875
08:01:12,91282CKH3,TSRYS5774872,D,B,C,2024-04-04,1000000.00,4.674534,99.671875
08:01:12,91282CKH3,TSRYS5774872,D,S,D,2024-04-04,1000000.00,4.674534,99.671875
08:01:12,91282CKH3,TSRYS5774872,D,B,C,2024-04-04,1000000.00,4.674534,99.671875
08:01:13,91282CKH3,TSRYS5774872,D,S,C,2024-04-04,1000000.00,4.684967,99.65234375
08:01:13,91282CKH3,TSRYS5774872,D,S,D,2024-04-04,1000000.00,4.672447,99.67578125
08:01:13,91282CKH3,TSRYS5774872,D,B,C,2024-04-04,1000000.00,4.672447,99.67578125
08:01:13,91282CKH3,TSRYS5774872,D,S,D,2024-04-04,1000000.00,4.672447,99.67578125
08:01:13,91282CKH3,TSRYS5774872,D,B,C,2024-04-04,1000000.00,4.672447,99.67578125
08:01:13,91282CKH3,TSRYS5774872,D,S,D,2024-04-04,1000000.00,4.672447,99.67578125
08:01:13,91282CKH3,TSRYS5774872,D,B,C,2024-04-04,1000000.00,4.672447,99.67578125
08:01:13,91282CKH3,TSRYS5774872,D,S,D,2024-04-04,1000000.00,4.672447,99.67578125
08:01:13,91282CKH3,TSRYS5774872,D,B,C,2024-04-04,1000000.00,4.672447,99.67578125
08:01:13,91282CKH3,TSRYS5774872,D,S,D,2024-04-04,1000000.00,4.672447,99.67578125
08:01:13,91282CKH3,TSRYS5774872,D,B,C,2024-04-04,1000000.00,4.672447,99.67578125
08:01:13,91282CKH3,TSRYS5774872,D,S,D,2024-04-04,1000000.00,4.672447,99.67578125
08:01:13,91282CKH3,TSRYS5774872,D,B,C,2024-04-04,1000000.00,4.672447,99.67578125
08:01:13,91282CKH3,TSRYS5774872,D,S,C,2024-04-04,1000000.00,4.672447,99.67578125
08:01:13,91282CKH3,TSRYS5774872,D,B,C,2024-04-04,1000000.00,4.672447,99.67578125
08:01:13,91282CKH3,TSRYS5774872,D,S,D,2024-04-04,1000000.00,4.672447,99.67578125
08:01:13,91282CKH3,TSRYS5774872,D,B,C,2024-04-04,1000000.00,4.672447,99.67578125
08:01:13,91282CKH3,TSRYS5774872,D,S,C,2024-04-04,1000000.00,4.672447,99.67578125
08:01:13,91282CKH3,TSRYS5774872,D,B,C,2024-04-04,1000000.00,4.672447,99.67578125
08:01:13,91282CKH3,TSRYS5774872,D,B,C,2024-04-04,8300000.00,4.689141,99.64453125
08:01:14,91282CKH3,TSRYS5774872,D,S,D,2024-04-04,1000000.00,4.672447,99.67578125
08:01:14,91282CKH3,TSRYS5774872,D,S,C,2024-04-04,1000000.00,4.672447,99.67578125
08:01:14,91282CKH3,TSRYS5774872,D,S,D,2024-04-04,3000000.00,4.672447,99.67578125
08:01:14,91282CKH3,TSRYS5774872,D,S,D,2024-04-04,3000000.00,4.672447,99.67578125
08:01:14,91282CKH3,TSRYS5774872,D,B,C,2024-04-04,1000000.00,4.672447,99.67578125
08:01:14,91282CKH3,TSRYS5774872,D,S,C,2024-04-04,1000000.00,4.672447,99.67578125
08:01:15,91282CKH3,TSRYS5774872,D,S,D,2024-04-04,9600000.00,4.632827,99.75
08:01:15,91282CKH3,TSRYS5774872,D,S,T,2024-04-04,4000000.00,4.666269,99.68735
08:01:15,91282CKH3,TSRYS5774872,D,S,T,2024-04-04,4000000.00,4.666269,99.68735
08:01:16,91282CKH3,TSRYS5774872,D,S,D,2024-04-04,2000000.00,4.666189,99.6875
08:01:16,91282CKH3,TSRYS5774872,D,S,C,2024-04-04,27000000.00,4.671284,99.67796
08:01:17,91282CKH3,TSRYS5774872,D,B,C,2024-04-04,5000000.00,4.671404,99.67773437
08:01:17,91282CKH3,TSRYS5774872,D,S,A,2024-04-04,10127000.00,4.677108,99.66796875
08:01:19,91282CKH3,TSRYS5774872,D,B,C,2024-04-04,1000000.00,4.674534,99.671875
08:01:19,91282CKH3,TSRYS5774872,D,S,C,2024-04-04,1000000.00,4.674534,99.672075
08:01:19,91282CKH3,TSRYS5774872,D,B,C,2024-04-04,2000000.00,4.674534,99.671875
08:01:19,91282CKH3,TSRYS5774872,D,S,C,2024-04-04,2000000.00,4.674534,99.672075
08:01:19,91282CKH3,TSRYS5774872,D,B,C,2024-04-04,1000000.00,4.671404,99.677734375
08:01:19,91282CKH3,TSRYS5774872,D,S,D,2024-04-04,1000000.00,4.671404,99.677734375
08:01:19,91282CKH3,TSRYS5774872,D,B,C,2024-04-04,4000000.00,4.671404,99.677734375
08:01:19,91282CKH3,TSRYS5774872,D,S,D,2024-04-04,4000000.00,4.671404,99.677734375
08:01:19,91282CKH3,TSRYS5774872,D,B,C,2024-04-04,5000000.00,4.671404,99.677734375
08:01:19,91282CKH3,TSRYS5774872,D,S,D,2024-04-04,5000000.00,4.671404,99.677734375
08:01:19,91282CKH3,TSRYS5774872,D,B,C,2024-04-04,4000000.00,4.671404,99.677734375
08:01:19,91282CKH3,TSRYS5774872,D,S,D,2024-04-04,4000000.00,4.671404,99.677734375
08:01:20,91282CKH3,TSRYS5774872,D,B,C,2024-04-04,2000000.00,4.671404,99.67773437
08:01:20,91282CKH3,TSRYS5774872,D,B,C,2024-04-04,2000000.00,4.671404,99.67773437
08:01:20,91282CKH3,TSRYS5774872,D,B,C,2024-04-04,1000000.00,4.671404,99.67773437
08:01:20,91282CKH3,TSRYS5774872,D,B,C,2024-04-04,3000000.00,4.671404,99.67773437
08:01:20,91282CKH3,TSRYS5774872,D,S,T,2024-04-04,1000000.00,4.672447,99.67578125
08:01:20,91282CKH3,TSRYS5774872,D,S,T,2024-04-04,1000000.00,4.672447,99.67578125
08:01:20,91282CKH3,TSRYS5774872,D,S,T,2024-04-04,3000000.00,4.672447,99.67578125
08:01:20,91282CKH3,TSRYS5774872,D,S,T,2024-04-04,3000000.00,4.672447,99.67578125
08:01:20,91282CKH3,TSRYS5774872,D,S,A,2024-04-04,100000000.00,4.680793,99.66015625
08:01:21,91282CKH3,TSRYS5774872,D,S,C,2024-04-04,1000000.00,4.67349,99.673828125
08:01:21,91282CKH3,TSRYS5774872,D,B,C,2024-04-04,1000000.00,4.67349,99.673828125
08:01:21,91282CKH3,TSRYS5774872,D,B,C,2024-04-04,1000000.00,4.67349,99.673828125
08:01:21,91282CKH3,TSRYS5774872,D,S,D,2024-04-04,1000000.00,4.67349,99.673828125
08:01:21,91282CKH3,TSRYS5774872,D,B,C,2024-04-04,1000000.00,4.67349,99.673828125
08:01:21,91282CKH3,TSRYS5774872,D,S,D,2024-04-04,1000000.00,4.67349,99.673828125
08:01:21,91282CKH3,TSRYS5774872,D,B,A,2024-04-04,27000000.00,4.690653,99.6417
08:01:21,91282CKH3,TSRYS5774872,D,S,D,2024-04-04,27000000.00,4.690653,99.6417
08:01:21,91282CKH3,TSRYS5774872,D,B,A,2024-04-04,4500000.00,4.684967,99.65234375
08:01:21,91282CKH3,TSRYS5774872,D,S,D,2024-04-04,85000.00,4.687054,99.6484375
08:01:21,91282CKH3,TSRYS5774872,D,B,A,2024-04-04,85000.00,4.687054,99.6484375
08:01:23,91282CKH3,TSRYS5774872,D,S,D,2024-04-04,250000.00,4.68288,99.65625
08:01:24,91282CKH3,TSRYS5774872,D,S,C,2024-04-04,1000000.00,4.674534,99.671875
08:01:24,91282CKH3,TSRYS5774872,D,B,C,2024-04-04,1000000.00,4.674534,99.671675
08:01:24,91282CKH3,TSRYS5774872,D,S,C,2024-04-04,1000000.00,4.674534,99.671875
08:01:24,91282CKH3,TSRYS5774872,D,B,C,2024-04-04,1000000.00,4.674534,99.671675
08:01:24,91282CKH3,TSRYS5774872,D,S,C,2024-04-04,1000000.00,4.674534,99.671875
08:01:24,91282CKH3,TSRYS5774872,D,B,C,2024-04-04,1000000.00,4.674534,99.671675
08:01:24,91282CKH3,TSRYS5774872,D,S,C,2024-04-04,1000000.00,4.674534,99.671875
08:01:24,91282CKH3,TSRYS5774872,D,B,C,2024-04-04,1000000.00,4.674534,99.671675
08:01:24,91282CKH3,TSRYS5774872,D,S,D,2024-04-04,1000000.00,4.675577,99.669921875
08:01:24,91282CKH3,TSRYS5774872,D,B,C,2024-04-04,1000000.00,4.675577,99.669921875
08:01:24,91282CKH3,TSRYS5774872,D,B,C,2024-04-04,1000000.00,4.674534,99.671875
08:01:24,91282CKH3,TSRYS5774872,D,S,D,2024-04-04,1000000.00,4.674534,99.671875
08:01:24,91282CKH3,TSRYS5774872,D,B,C,2024-04-04,1000000.00,4.674534,99.671875
08:01:24,91282CKH3,TSRYS5774872,D,S,D,2024-04-04,1000000.00,4.674534,99.671875
08:01:24,91282CKH3,TSRYS5774872,D,B,C,2024-04-04,10000000.00,4.672447,99.67578125
08:01:24,91282CKH3,TSRYS5774872,D,S,C,2024-04-04,10000000.00,4.672447,99.67578125
08:01:24,91282CKH3,TSRYS5774872,D,B,C,2024-04-04,1000000.00,4.672447,99.67578125
08:01:24,91282CKH3,TSRYS5774872,D,S,C,2024-04-04,1000000.00,4.672447,99.67578125
08:01:24,91282CKH3,TSRYS5774872,D,B,C,2024-04-04,1000000.00,4.672447,99.67578125
08:01:24,91282CKH3,TSRYS5774872,D,S,C,2024-04-04,1000000.00,4.672447,99.67578125
08:01:24,91282CKH3,TSRYS5774872,D,B,C,2024-04-04,1000000.00,4.672447,99.67578125
08:01:24,91282CKH3,TSRYS5774872,D,S,C,2024-04-04,1000000.00,4.672447,99.67578125
08:01:24,91282CKH3,TSRYS5774872,D,B,C,2024-04-04,2000000.00,4.672447,99.67578125
08:01:24,91282CKH3,TSRYS5774872,D,S,C,2024-04-04,2000000.00,4.672447,99.67578125
08:01:24,91282CKH3,TSRYS5774872,D,B,C,2024-04-04,5000000.00,4.672447,99.67578125
08:01:24,91282CKH3,TSRYS5774872,D,S,C,2024-04-04,5000000.00,4.672447,99.67578125
08:01:24,91282CKH3,TSRYS5774872,D,S,C,2024-04-04,3000000.00,4.672447,99.67578125
08:01:24,91282CKH3,TSRYS5774872,D,S,C,2024-04-04,4000000.00,4.672447,99.67578125
08:01:25,91282CKH3,TSRYS5774872,D,B,C,2024-04-04,5000000.00,4.672447,99.67578125
08:01:25,91282CKH3,TSRYS5774872,D,S,C,2024-04-04,5000000.00,4.672447,99.67578125
08:01:25,91282CKH3,TSRYS5774872,D,S,C,2024-04-04,1000000.00,4.672447,99.67578125
08:01:25,91282CKH3,TSRYS5774872,D,S,C,2024-04-04,2000000.00,4.672447,99.67578125
08:01:25,91282CKH3,TSRYS5774872,D,B,C,2024-04-04,2000000.00,4.672447,99.67578125
08:01:25,91282CKH3,TSRYS5774872,D,S,C,2024-04-04,1000000.00,4.672447,99.67578125
08:01:25,91282CKH3,TSRYS5774872,D,B,C,2024-04-04,1000000.00,4.672447,99.67578125
08:01:25,91282CKH3,TSRYS5774872,D,S,C,2024-04-04,7000000.00,4.672447,99.67578125
08:01:25,91282CKH3,TSRYS5774872,D,B,C,2024-04-04,7000000.00,4.672447,99.67578125
08:01:25,91282CKH3,TSRYS5774872,D,S,C,2024-04-04,4000000.00,4.672447,99.67578125
08:01:25,91282CKH3,TSRYS5774872,D,B,C,2024-04-04,4000000.00,4.672447,99.67558125
08:01:25,91282CKH3,TSRYS5774872,D,S,C,2024-04-04,1000000.00,4.672447,99.67578125
08:01:25,91282CKH3,TSRYS5774872,D,B,C,2024-04-04,1000000.00,4.672447,99.67578125
08:01:25,91282CKH3,TSRYS5774872,D,S,C,2024-04-04,1000000.00,4.672447,99.67578125
08:01:25,91282CKH3,TSRYS5774872,D,B,C,2024-04-04,2000000.00,4.672447,99.67578125
08:01:25,91282CKH3,TSRYS5774872,D,S,C,2024-04-04,2000000.00,4.672447,99.67578125
08:01:25,91282CKH3,TSRYS5774872,D,B,C,2024-04-04,8000000.00,4.672447,99.67578125
08:01:25,91282CKH3,TSRYS5774872,D,S,C,2024-04-04,8000000.00,4.672447,99.67578125
08:01:25,91282CKH3,TSRYS5774872,D,S,C,2024-04-04,1000000.00,4.672447,99.67578125
08:01:25,91282CKH3,TSRYS5774872,D,S,C,2024-04-04,3000000.00,4.672447,99.67578125
08:01:25,91282CKH3,TSRYS5774872,D,S,C,2024-04-04,4000000.00,4.672447,99.67578125
08:01:25,91282CKH3,TSRYS5774872,D,B,C,2024-04-04,1000000.00,4.672447,99.67578125
08:01:25,91282CKH3,TSRYS5774872,D,S,D,2024-04-04,1000000.00,4.672447,99.67578125
08:01:25,91282CKH3,TSRYS5774872,D,B,C,2024-04-04,1000000.00,4.672447,99.67578125
08:01:25,91282CKH3,TSRYS5774872,D,S,D,2024-04-04,1000000.00,4.672447,99.67578125
08:01:25,91282CKH3,TSRYS5774872,D,S,D,2024-04-04,1000000.00,4.672447,99.67578125
08:01:25,91282CKH3,TSRYS5774872,D,B,C,2024-04-04,1000000.00,4.672447,99.67578125
08:01:25,91282CKH3,TSRYS5774872,D,S,D,2024-04-04,1000000.00,4.672447,99.67578125
08:01:25,91282CKH3,TSRYS5774872,D,B,C,2024-04-04,1000000.00,4.672447,99.67578125
08:01:25,91282CKH3,TSRYS5774872,D,S,D,2024-04-04,1000000.00,4.672447,99.67578125
08:01:25,91282CKH3,TSRYS5774872,D,B,C,2024-04-04,1000000.00,4.672447,99.67578125
08:01:25,91282CKH3,TSRYS5774872,D,S,D,2024-04-04,1000000.00,4.674534,99.671875
08:01:25,91282CKH3,TSRYS5774872,D,B,C,2024-04-04,1000000.00,4.674534,99.671875
08:01:25,91282CKH3,TSRYS5774872,D,S,C,2024-04-04,1000000.00,4.674534,99.671875
08:01:25,91282CKH3,TSRYS5774872,D,B,C,2024-04-04,1000000.00,4.674534,99.671875
08:01:26,91282CKH3,TSRYS5774872,D,B,C,2024-04-04,1000000.00,4.689141,99.64453125
08:01:26,91282CKH3,TSRYS5774872,D,S,D,2024-04-04,100000000.00,4.687175,99.64821
08:01:26,91282CKH3,TSRYS5774872,D,B,C,2024-04-04,6000000.00,4.68601,99.65039062
08:01:26,91282CKH3,TSRYS5774872,D,S,C,2024-04-04,1000000.00,4.674534,99.671875
08:01:26,91282CKH3,TSRYS5774872,D,B,C,2024-04-04,1000000.00,4.674534,99.671875
08:01:26,91282CKH3,TSRYS5774872,D,S,C,2024-04-04,1000000.00,4.674534,99.671875
08:01:27,91282CKH3,TSRYS5774872,D,B,C,2024-04-04,2000000.00,4.68601,99.65039062
08:01:27,91282CKH3,TSRYS5774872,D,B,C,2024-04-04,1000000.00,4.674534,99.671875
08:01:27,91282CKH3,TSRYS5774872,D,S,D,2024-04-04,1000000.00,4.674534,99.671875
08:01:27,91282CKH3,TSRYS5774872,D,B,C,2024-04-04,1000000.00,4.674534,99.671875
08:01:27,91282CKH3,TSRYS5774872,D,B,C,2024-04-04,1000000.00,4.68601,99.65039062
08:01:27,91282CKH3,TSRYS5774872,D,B,C,2024-04-04,1000000.00,4.68601,99.65039062
08:01:27,91282CKH3,TSRYS5774872,D,B,C,2024-04-04,2000000.00,4.68601,99.65039062
08:01:27,91282CKH3,TSRYS5774872,D,B,C,2024-04-04,2000000.00,4.687054,99.6484375
08:01:27,91282CKH3,TSRYS5774872,D,B,C,2024-04-04,2000000.00,4.68601,99.65039062
08:01:27,91282CKH3,TSRYS5774872,D,B,C,2024-04-04,3000000.00,4.68601,99.65039062
08:01:27,91282CKH3,TSRYS5774872,D,B,C,2024-04-04,3000000.00,4.68601,99.65039062
08:01:27,91282CKH3,TSRYS5774872,D,B,C,2024-04-04,2000000.00,4.68601,99.65039062
08:01:27,91282CKH3,TSRYS5774872,D,B,C,2024-04-04,3000000.00,4.68601,99.65039062
08:01:27,91282CKH3,TSRYS5774872,D,B,C,2024-04-04,3000000.00,4.68601,99.65039062
08:01:27,91282CKH3,TSRYS5774872,D,B,C,2024-04-04,3000000.00,4.68601,99.65039062
08:01:28,91282CKH3,TSRYS5774872,D,B,C,2024-04-04,1000000.00,4.68601,99.65039062
08:01:28,91282CKH3,TSRYS5774872,D,B,C,2024-04-04,1000000.00,4.684967,99.65234375
08:01:28,91282CKH3,TSRYS5774872,D,B,C,2024-04-04,1000000.00,4.684967,99.65234375
08:01:28,91282CKH3,TSRYS5774872,D,B,C,2024-04-04,1000000.00,4.684967,99.65234375
08:01:28,91282CKH3,TSRYS5774872,D,B,C,2024-04-04,1000000.00,4.684967,99.65234375
08:01:28,91282CKH3,TSRYS5774872,D,B,C,2024-04-04,6000000.00,4.68601,99.65039062
08:01:28,91282CKH3,TSRYS5774872,D,B,C,2024-04-04,4000000.00,4.68601,99.65039062
08:01:28,91282CKH3,TSRYS5774872,D,B,C,2024-04-04,1000000.00,4.68601,99.65039062
08:01:28,91282CKH3,TSRYS5774872,D,S,D,2024-04-04,133000000.00,4.685791,99.6508
08:01:28,91282CKH3,TSRYS5774872,D,S,T,2024-04-04,3000000.00,4.690184,99.64257812
08:01:28,91282CKH3,TSRYS5774872,D,S,D,2024-04-04,3000000.00,4.690184,99.64257812
08:01:28,91282CKH3,TSRYS5774872,D,S,T,2024-04-04,3000000.00,4.690184,99.64257812
08:01:29,91282CKH3,TSRYS5774872,D,S,D,2024-04-04,3000000.00,4.690184,99.64257812
08:01:29,91282CKH3,TSRYS5774872,D,S,D,2024-04-04,3000000.00,4.690184,99.64257812
08:01:29,91282CKH3,TSRYS5774872,D,S,T,2024-04-04,3000000.00,4.690184,99.64257812
08:01:29,91282CKH3,TSRYS5774872,D,S,T,2024-04-04,1000000.00,4.693315,99.63671875
08:01:29,91282CKH3,TSRYS5774872,D,S,T,2024-04-04,1000000.00,4.693315,99.63671875
08:01:29,91282CKH3,TSRYS5774872,D,S,D,2024-04-04,3000000.00,4.693315,99.63671875
08:01:29,91282CKH3,TSRYS5774872,D,S,C,2024-04-04,2000000.00,4.693315,99.63671875
08:01:29,91282CKH3,TSRYS5774872,D,S,T,2024-04-04,1000000.00,4.693384,99.63658875
08:01:29,91282CKH3,TSRYS5774872,D,S,T,2024-04-04,2000000.00,4.693384,99.63658875
08:01:29,91282CKH3,TSRYS5774872,D,S,D,2024-04-04,1000000.00,4.693315,99.63671875
08:01:29,91282CKH3,TSRYS5774872,D,S,D,2024-04-04,1000000.00,4.693315,99.63671875
08:01:29,91282CKH3,TSRYS5774872,D,S,T,2024-04-04,1000000.00,4.693384,99.63658875
08:01:29,91282CKH3,TSRYS5774872,D,S,T,2024-04-04,1000000.00,4.693384,99.63658875
08:01:29,91282CKH3,TSRYS5774872,D,S,T,2024-04-04,2000000.00,4.693384,99.63658875
08:01:29,91282CKH3,TSRYS5774872,D,S,T,2024-04-04,2000000.00,4.693384,99.63658875
08:01:29,91282CKH3,TSRYS5774872,D,S,T,2024-04-04,1000000.00,4.691297,99.640495
08:01:31,91282CKH3,TSRYS5774872,D,B,C,2024-04-04,1000000.00,4.680793,99.66015625
08:01:31,91282CKH3,TSRYS5774872,D,B,C,2024-04-04,1000000.00,4.680793,99.66015625
08:01:32,91282CKH3,TSRYS5774872,D,B,A,2024-04-04,2200000.00,4.689141,99.64453125
08:01:33,91282CKH3,TSRYS5774872,D,S,D,2024-04-04,5000000.00,4.68288,99.65625
08:01:33,91282CKH3,TSRYS5774872,D,S,D,2024-04-04,1000000.00,4.687054,99.6484375
08:01:33,91282CKH3,TSRYS5774872,D,S,D,2024-04-04,5000000.00,4.683923,99.65429687
08:01:33,91282CKH3,TSRYS5774872,D,S,D,2024-04-04,4000000.00,4.68288,99.65625
08:01:33,91282CKH3,TSRYS5774872,D,S,D,2024-04-04,1000000.00,4.68288,99.65625
08:01:33,91282CKH3,TSRYS5774872,D,S,D,2024-04-04,3000000.00,4.68288,99.65625
08:01:33,91282CKH3,TSRYS5774872,D,S,D,2024-04-04,1000000.00,4.68288,99.65625
08:01:33,91282CKH3,TSRYS5774872,D,S,D,2024-04-04,3000000.00,4.68288,99.65625
08:01:33,91282CKH3,TSRYS5774872,D,S,D,2024-04-04,1000000.00,4.68288,99.65625
08:01:33,91282CKH3,TSRYS5774872,D,S,C,2024-04-04,1000000.00,4.68288,99.65625
08:01:33,91282CKH3,TSRYS5774872,D,S,D,2024-04-04,2000000.00,4.68288,99.65625
08:01:33,91282CKH3,TSRYS5774872,D,S,T,2024-04-04,1000000.00,4.682987,99.65605
08:01:33,91282CKH3,TSRYS5774872,D,S,T,2024-04-04,1000000.00,4.682987,99.65605
08:01:33,91282CKH3,TSRYS5774872,D,S,D,2024-04-04,2000000.00,4.68288,99.65625
08:01:33,91282CKH3,TSRYS5774872,D,S,D,2024-04-04,1000000.00,4.68288,99.65625
08:01:33,91282CKH3,TSRYS5774872,D,S,D,2024-04-04,2000000.00,4.68288,99.65625
08:01:33,91282CKH3,TSRYS5774872,D,S,T,2024-04-04,1000000.00,4.683923,99.65429687
08:01:33,91282CKH3,TSRYS5774872,D,S,C,2024-04-04,2000000.00,4.683923,99.65429687
08:01:34,91282CKH3,TSRYS5774872,D,S,D,2024-04-04,1900000.00,4.689141,99.64453125
08:01:34,91282CKH3,TSRYS5774872,D,S,C,2024-04-04,1000000.00,4.67662,99.66796875
08:01:34,91282CKH3,TSRYS5774872,D,B,C,2024-04-04,1000000.00,4.67662,99.66796875
08:01:34,91282CKH3,TSRYS5774872,D,S,T,2024-04-04,1000000.00,4.683923,99.65429687
08:01:34,91282CKH3,TSRYS5774872,D,S,C,2024-04-04,2000000.00,4.683923,99.65429687
08:01:34,91282CKH3,TSRYS5774872,D,S,C,2024-04-04,25000.00,4.68234,99.65726
08:01:34,91282CKH3,TSRYS5774872,D,S,D,2024-04-04,2000000.00,4.683923,99.65429687
08:01:34,91282CKH3,TSRYS5774872,D,S,D,2024-04-04,1000000.00,4.683923,99.65429687
08:01:34,91282CKH3,TSRYS5774872,D,S,D,2024-04-04,1000000.00,4.67662,99.66796875
08:01:34,91282CKH3,TSRYS5774872,D,B,C,2024-04-04,1000000.00,4.67662,99.66796875
08:01:34,91282CKH3,TSRYS5774872,D,S,D,2024-04-04,1000000.00,4.67662,99.66796875
08:01:34,91282CKH3,TSRYS5774872,D,B,C,2024-04-04,1000000.00,4.67662,99.66796875
08:01:35,91282CKH3,TSRYS5774872,D,S,D,2024-04-04,1000000.00,4.67662,99.66796875
08:01:35,91282CKH3,TSRYS5774872,D,B,C,2024-04-04,1000000.00,4.67662,99.66796875
08:01:35,91282CKH3,TSRYS5774872,D,S,C,2024-04-04,1000000.00,4.67662,99.66796875
08:01:35,91282CKH3,TSRYS5774872,D,B,C,2024-04-04,1000000.00,4.67662,99.66796875
08:01:35,91282CKH3,TSRYS5774872,D,S,D,2024-04-04,1000000.00,4.67662,99.66796875
08:01:35,91282CKH3,TSRYS5774872,D,B,C,2024-04-04,1000000.00,4.67662,99.66796875
08:01:35,91282CKH3,TSRYS5774872,D,S,C,2024-04-04,2000000.00,4.683923,99.65429687
08:01:35,91282CKH3,TSRYS5774872,D,S,D,2024-04-04,3000000.00,4.683923,99.65429687
08:01:35,91282CKH3,TSRYS5774872,D,S,C,2024-04-04,21000.00,4.68234,99.65726
08:01:35,91282CKH3,TSRYS5774872,D,S,D,2024-04-04,1000000.00,4.67662,99.66796875
08:01:35,91282CKH3,TSRYS5774872,D,B,C,2024-04-04,1000000.00,4.67662,99.66796875
08:01:35,91282CKH3,TSRYS5774872,D,S,C,2024-04-04,1000000.00,4.67662,99.66796875
08:01:35,91282CKH3,TSRYS5774872,D,B,C,2024-04-04,1000000.00,4.67662,99.66796875
08:01:35,91282CKH3,TSRYS5774872,D,S,C,2024-04-04,1000000.00,4.683923,99.65429687
08:01:35,91282CKH3,TSRYS5774872,D,S,C,2024-04-04,1000000.00,4.683923,99.65429687
08:01:35,91282CKH3,TSRYS5774872,D,S,C,2024-04-04,1000000.00,4.683923,99.65429687
08:01:35,91282CKH3,TSRYS5774872,D,S,C,2024-04-04,1000000.00,4.683923,99.65429687
08:01:35,91282CKH3,TSRYS5774872,D,S,C,2024-04-04,1000000.00,4.683923,99.65429687
08:01:35,91282CKH3,TSRYS5774872,D,S,D,2024-04-04,1000000.00,4.67662,99.66796875
08:01:35,91282CKH3,TSRYS5774872,D,B,C,2024-04-04,1000000.00,4.67662,99.66796875
08:01:35,91282CKH3,TSRYS5774872,D,S,D,2024-04-04,1000000.00,4.67662,99.66796875
08:01:35,91282CKH3,TSRYS5774872,D,B,C,2024-04-04,1000000.00,4.67662,99.66796875
08:01:35,91282CKH3,TSRYS5774872,D,S,C,2024-04-04,1000000.00,4.67662,99.66796875
08:01:35,91282CKH3,TSRYS5774872,D,B,C,2024-04-04,1000000.00,4.67662,99.66796875
08:01:35,91282CKH3,TSRYS5774872,D,S,C,2024-04-04,1000000.00,4.67662,99.66796875
08:01:35,91282CKH3,TSRYS5774872,D,B,C,2024-04-04,1000000.00,4.67662,99.66796875
08:01:35,91282CKH3,TSRYS5774872,D,S,C,2024-04-04,1000000.00,4.67662,99.66796875
08:01:35,91282CKH3,TSRYS5774872,D,B,C,2024-04-04,1000000.00,4.67662,99.66796875
08:01:35,91282CKH3,TSRYS5774872,D,S,D,2024-04-04,1000000.00,4.67662,99.66796875
08:01:35,91282CKH3,TSRYS5774872,D,B,C,2024-04-04,1000000.00,4.67662,99.66796875
08:01:35,91282CKH3,TSRYS5774872,D,S,C,2024-04-04,1000000.00,4.67662,99.66796875
08:01:35,91282CKH3,TSRYS5774872,D,S,C,2024-04-04,2000000.00,4.683923,99.65429687
08:01:36,91282CKH3,TSRYS5774872,D,S,C,2024-04-04,2000000.00,4.683923,99.65429687
08:01:36,91282CKH3,TSRYS5774872,D,B,C,2024-04-04,1000000.00,4.67662,99.66796875
08:01:36,91282CKH3,TSRYS5774872,D,S,D,2024-04-04,1000000.00,4.67662,99.66796875
08:01:36,91282CKH3,TSRYS5774872,D,B,C,2024-04-04,1000000.00,4.67662,99.66796875
08:01:36,91282CKH3,TSRYS5774872,D,S,D,2024-04-04,1000000.00,4.67662,99.66796875
08:01:36,91282CKH3,TSRYS5774872,D,B,C,2024-04-04,1000000.00,4.67662,99.66796875
08:01:36,91282CKH3,TSRYS5774872,D,S,C,2024-04-04,1000000.00,4.67662,99.66796875
08:01:36,91282CKH3,TSRYS5774872,D,B,C,2024-04-04,1000000.00,4.67662,99.66796875
08:01:36,91282CKH3,TSRYS5774872,D,S,C,2024-04-04,1000000.00,4.67662,99.66796875
08:01:39,91282CKH3,TSRYS5774872,D,S,T,2024-04-04,11000000.00,4.68288,99.65625
08:01:39,91282CKH3,TSRYS5774872,D,S,T,2024-04-04,1000000.00,4.68288,99.65625
08:01:39,91282CKH3,TSRYS5774872,D,S,C,2024-04-04,2000000.00,4.680793,99.66015625
08:01:39,91282CKH3,TSRYS5774872,D,S,D,2024-04-04,1000000.00,4.680793,99.66015625
08:01:39,91282CKH3,TSRYS5774872,D,S,C,2024-04-04,2000000.00,4.680793,99.66015625
08:01:39,91282CKH3,TSRYS5774872,D,S,C,2024-04-04,1000000.00,4.680793,99.66015625
08:01:39,91282CKH3,TSRYS5774872,D,S,C,2024-04-04,1000000.00,4.680793,99.66015625
08:01:39,91282CKH3,TSRYS5774872,D,S,C,2024-04-04,1000000.00,4.680793,99.66015625
08:01:39,91282CKH3,TSRYS5774872,D,S,D,2024-04-04,2000000.00,4.680793,99.66015625
08:01:39,91282CKH3,TSRYS5774872,D,S,C,2024-04-04,1000000.00,4.680793,99.66015625
08:01:39,91282CKH3,TSRYS5774872,D,S,C,2024-04-04,1000000.00,4.680793,99.66015625
08:01:39,91282CKH3,TSRYS5774872,D,S,T,2024-04-04,2000000.00,4.680793,99.66015625
08:01:39,91282CKH3,TSRYS5774872,D,S,T,2024-04-04,2000000.00,4.680793,99.66015625
08:01:39,91282CKH3,TSRYS5774872,D,S,T,2024-04-04,1000000.00,4.680793,99.66015625
08:01:39,91282CKH3,TSRYS5774872,D,S,T,2024-04-04,1000000.00,4.680793,99.66015625
08:01:39,91282CKH3,TSRYS5774872,D,S,C,2024-04-04,1000000.00,4.680793,99.66015625
08:01:39,91282CKH3,TSRYS5774872,D,S,T,2024-04-04,3000000.00,4.680793,99.66015625
08:01:39,91282CKH3,TSRYS5774872,D,S,T,2024-04-04,1000000.00,4.680793,99.66015625
08:01:40,91282CKH3,TSRYS5774872,D,S,T,2024-04-04,1000000.00,4.680793,99.66015625
08:01:40,91282CKH3,TSRYS5774872,D,S,T,2024-04-04,1000000.00,4.680793,99.66015625
08:01:40,91282CKH3,TSRYS5774872,D,S,T,2024-04-04,1000000.00,4.680793,99.66015625
08:01:40,91282CKH3,TSRYS5774872,D,S,T,2024-04-04,1000000.00,4.680793,99.66015625
08:01:40,91282CKH3,TSRYS5774872,D,S,D,2024-04-04,1000000.00,4.680793,99.66015625
08:01:40,91282CKH3,TSRYS5774872,D,S,C,2024-04-04,1000000.00,4.680793,99.66015625
08:01:40,91282CKH3,TSRYS5774872,D,S,T,2024-04-04,3000000.00,4.6809,99.65995625
08:01:40,91282CKH3,TSRYS5774872,D,S,C,2024-04-04,1000000.00,4.680793,99.66015625
08:01:40,91282CKH3,TSRYS5774872,D,S,T,2024-04-04,1000000.00,4.6809,99.65995625
08:01:40,91282CKH3,TSRYS5774872,D,S,C,2024-04-04,23000000.00,4.680663,99.6604
08:01:40,91282CKH3,TSRYS5774872,D,S,C,2024-04-04,4000000.00,4.680793,99.66015625
08:01:40,91282CKH3,TSRYS5774872,D,S,C,2024-04-04,1000000.00,4.680793,99.66015625
08:01:40,91282CKH3,TSRYS5774872,D,S,C,2024-04-04,1000000.00,4.680793,99.66015625
08:01:40,91282CKH3,TSRYS5774872,D,S,T,2024-04-04,4000000.00,4.680793,99.66015625
08:01:40,91282CKH3,TSRYS5774872,D,S,T,2024-04-04,1000000.00,4.680793,99.66015625
08:01:40,91282CKH3,TSRYS5774872,D,S,D,2024-04-04,1000000.00,4.680793,99.66015625
08:01:40,91282CKH3,TSRYS5774872,D,S,C,2024-04-04,2000000.00,4.680793,99.66015625
08:01:40,91282CKH3,TSRYS5774872,D,S,T,2024-04-04,1000000.00,4.680793,99.66015625
08:01:40,91282CKH3,TSRYS5774872,D,S,T,2024-04-04,1000000.00,4.680793,99.66015625
08:01:40,91282CKH3,TSRYS5774872,D,S,A,2024-04-04,5804000.00,4.684967,99.65234375
08:01:40,91282CKH3,TSRYS5774872,D,S,D,2024-04-04,1000000.00,4.680793,99.66015625
08:01:40,91282CKH3,TSRYS5774872,D,S,T,2024-04-04,1000000.00,4.6809,99.65995625
08:01:40,91282CKH3,TSRYS5774872,D,S,T,2024-04-04,1000000.00,4.6809,99.65995625
08:01:41,91282CKH3,TSRYS5774872,D,B,C,2024-04-04,1000000.00,4.67662,99.66796875
08:01:41,91282CKH3,TSRYS5774872,D,S,C,2024-04-04,1000000.00,4.67662,99.66796875
08:01:41,91282CKH3,TSRYS5774872,D,B,C,2024-04-04,1000000.00,4.67662,99.66796875
08:01:41,91282CKH3,TSRYS5774872,D,S,D,2024-04-04,1000000.00,4.67662,99.66796875
08:01:41,91282CKH3,TSRYS5774872,D,B,C,2024-04-04,1000000.00,4.67662,99.66796875
08:01:41,91282CKH3,TSRYS5774872,D,S,C,2024-04-04,1000000.00,4.67662,99.66796875
08:01:41,91282CKH3,TSRYS5774872,D,B,C,2024-04-04,1000000.00,4.67662,99.66796875
08:01:41,91282CKH3,TSRYS5774872,D,S,D,2024-04-04,3000000.00,4.67662,99.66796875
08:01:41,91282CKH3,TSRYS5774872,D,S,D,2024-04-04,3000000.00,4.67662,99.66796875
08:01:41,91282CKH3,TSRYS5774872,D,B,C,2024-04-04,1000000.00,4.677663,99.666015625
08:01:41,91282CKH3,TSRYS5774872,D,S,C,2024-04-04,1000000.00,4.677663,99.666015625
08:01:41,91282CKH3,TSRYS5774872,D,B,C,2024-04-04,1000000.00,4.677663,99.666015625
08:01:41,91282CKH3,TSRYS5774872,D,S,C,2024-04-04,1000000.00,4.677663,99.666015625
08:01:41,91282CKH3,TSRYS5774872,D,S,C,2024-04-04,1000000.00,4.67975,99.662109375
08:01:41,91282CKH3,TSRYS5774872,D,B,C,2024-04-04,1000000.00,4.67975,99.662109375
08:01:41,91282CKH3,TSRYS5774872,D,S,C,2024-04-04,1000000.00,4.67975,99.662109375
08:01:41,91282CKH3,TSRYS5774872,D,B,C,2024-04-04,1000000.00,4.67975,99.662109375
08:01:41,91282CKH3,TSRYS5774872,D,S,C,2024-04-04,1000000.00,4.680793,99.66015625
08:01:41,91282CKH3,TSRYS5774872,D,S,C,2024-04-04,3000000.00,4.680793,99.66015625
08:01:41,91282CKH3,TSRYS5774872,D,B,A,2024-04-04,690000.00,4.684967,99.65234375
08:01:41,91282CKH3,TSRYS5774872,D,S,A,2024-04-04,1950000.00,4.684967,99.65234375
08:01:42,91282CKH3,TSRYS5774872,D,B,C,2024-04-04,2000000.00,4.68288,99.65625
08:01:42,91282CKH3,TSRYS5774872,D,B,A,2024-04-04,855000.00,4.687054,99.6484375
08:01:42,91282CKH3,TSRYS5774872,D,S,T,2024-04-04,1000000.00,4.688097,99.646484375
08:01:42,91282CKH3,TSRYS5774872,D,B,C,2024-04-04,1000000.00,4.684967,99.65234375
08:01:42,91282CKH3,TSRYS5774872,D,B,A,2024-04-04,4640000.00,4.689141,99.64453125
08:01:44,91282CKH3,TSRYS5774872,D,B,C,2024-04-04,70000000.00,4.687054,99.6484375
08:01:45,91282CKH3,TSRYS5774872,D,S,D,2024-04-04,70000000.00,4.687054,99.6484375
08:01:45,91282CKH3,TSRYS5774872,D,B,C,2024-04-04,1000000.00,4.689141,99.64453125
08:01:45,91282CKH3,TSRYS5774872,D,B,C,2024-04-04,1000000.00,4.689141,99.64453125
08:01:46,91282CKH3,TSRYS5774872,D,B,C,2024-04-04,1000000.00,4.689141,99.64453125
08:01:46,91282CKH3,TSRYS5774872,D,S,D,2024-04-04,215000.00,4.687054,99.6484375
08:01:46,91282CKH3,TSRYS5774872,D,S,D,2024-04-04,3000000.00,4.687054,99.6484375
08:01:46,91282CKH3,TSRYS5774872,D,S,D,2024-04-04,8000.00,4.684967,99.65234375
08:01:46,91282CKH3,TSRYS5774872,D,S,D,2024-04-04,2000000.00,4.687054,99.6484375
08:01:46,91282CKH3,TSRYS5774872,D,S,D,2024-04-04,500000.00,4.687054,99.6484375
08:01:46,91282CKH3,TSRYS5774872,D,S,D,2024-04-04,1000000.00,4.687054,99.6484375
08:01:47,91282CKH3,TSRYS5774872,D,B,C,2024-04-04,1000000.00,4.684967,99.65234375
08:01:47,91282CKH3,TSRYS5774872,D,S,D,2024-04-04,1000000.00,4.684967,99.65234375
08:01:47,91282CKH3,TSRYS5774872,D,S,T,2024-04-04,2000000.00,4.68716,99.6482375
08:01:47,91282CKH3,TSRYS5774872,D,B,C,2024-04-04,1000000.00,4.68601,99.650390625
08:01:47,91282CKH3,TSRYS5774872,D,S,C,2024-04-04,1000000.00,4.68601,99.650390625
08:01:47,91282CKH3,TSRYS5774872,D,S,D,2024-04-04,10000000.00,4.666456,99.687
08:01:49,91282CKH3,TSRYS5774872,D,B,C,2024-04-04,2000000.00,4.687054,99.6484375
08:01:49,91282CKH3,TSRYS5774872,D,B,C,2024-04-04,2000000.00,4.687054,99.6484375
08:01:49,91282CKH3,TSRYS5774872,D,B,C,2024-04-04,1000000.00,4.687054,99.6484375
08:01:49,91282CKH3,TSRYS5774872,D,B,C,2024-04-04,1000000.00,4.687054,99.6484375
08:01:49,91282CKH3,TSRYS5774872,D,B,C,2024-04-04,1000000.00,4.687054,99.6484375
08:01:49,91282CKH3,TSRYS5774872,D,B,C,2024-04-04,1000000.00,4.687054,99.6484375
08:01:49,91282CKH3,TSRYS5774872,D,B,C,2024-04-04,1000000.00,4.684967,99.65234375
08:01:49,91282CKH3,TSRYS5774872,D,S,C,2024-04-04,1000000.00,4.684967,99.65234375
08:01:49,91282CKH3,TSRYS5774872,D,S,D,2024-04-04,4000000.00,4.68601,99.65039062
08:01:49,91282CKH3,TSRYS5774872,D,S,D,2024-04-04,1000000.00,4.68601,99.65039062
08:01:50,91282CKH3,TSRYS5774872,D,S,T,2024-04-04,1000000.00,4.687175,99.6482105
08:01:50,91282CKH3,TSRYS5774872,D,S,D,2024-04-04,4000000.00,4.683923,99.65429687
08:01:50,91282CKH3,TSRYS5774872,D,S,D,2024-04-04,1000000.00,4.683923,99.65429687
08:01:50,91282CKH3,TSRYS5774872,D,S,T,2024-04-04,2000000.00,4.687175,99.6482105
08:01:50,91282CKH3,TSRYS5774872,D,S,T,2024-04-04,2000000.00,4.687175,99.6482105
08:01:50,91282CKH3,TSRYS5774872,D,B,C,2024-04-04,2000000.00,4.68288,99.65625
08:01:50,91282CKH3,TSRYS5774872,D,B,C,2024-04-04,2000000.00,4.68288,99.65625
08:01:50,91282CKH3,TSRYS5774872,D,B,C,2024-04-04,2000000.00,4.68288,99.65625
08:01:50,91282CKH3,TSRYS5774872,D,B,C,2024-04-04,3000000.00,4.68288,99.65625
08:01:50,91282CKH3,TSRYS5774872,D,B,C,2024-04-04,1000000.00,4.681836,99.65820312
08:01:51,91282CKH3,TSRYS5774872,D,B,C,2024-04-04,2000000.00,4.68288,99.65625
08:01:51,91282CKH3,TSRYS5774872,D,B,C,2024-04-04,3000000.00,4.68288,99.65625
08:01:51,91282CKH3,TSRYS5774872,D,B,C,2024-04-04,1000000.00,4.68288,99.65625
08:01:51,91282CKH3,TSRYS5774872,D,B,C,2024-04-04,1000000.00,4.68288,99.65625
08:01:51,91282CKH3,TSRYS5774872,D,S,T,2024-04-04,3000000.00,4.687054,99.6484375
08:01:51,91282CKH3,TSRYS5774872,D,S,T,2024-04-04,1000000.00,4.687054,99.6484375
08:01:51,91282CKH3,TSRYS5774872,D,S,D,2024-04-04,1000000.00,4.687054,99.6484375
08:01:51,91282CKH3,TSRYS5774872,D,S,T,2024-04-04,1000000.00,4.689207,99.64440625
08:01:51,91282CKH3,TSRYS5774872,D,S,C,2024-04-04,3000000.00,4.687054,99.6484375
08:01:51,91282CKH3,TSRYS5774872,D,S,D,2024-04-04,1000000.00,4.687054,99.6484375
08:01:51,91282CKH3,TSRYS5774872,D,S,T,2024-04-04,1000000.00,4.68716,99.6482375
08:01:51,91282CKH3,TSRYS5774872,D,S,T,2024-04-04,1000000.00,4.68716,99.6482375
08:01:51,91282CKH3,TSRYS5774872,D,S,A,2024-04-04,500000.00,4.689141,99.64453125
08:01:51,91282CKH3,TSRYS5774872,D,S,D,2024-04-04,1000000.00,4.687054,99.6484375
08:01:52,91282CKH3,TSRYS5774872,D,S,C,2024-04-04,50000000.00,4.685834,99.65072
08:01:52,91282CKH3,TSRYS5774872,D,S,D,2024-04-04,1000000.00,4.687054,99.6484375
