tradeTime,cusip,issueSymbolIdentifier,priceType,reportingSideCode,contraPartyTypeCode,tradeDate,reportedTradeVolume,lastSaleYield,lastSalePrice
08:00:03,91282CKK6,TSRYS5793014,D,S,D,2024-05-14,4000000.00,4.854792,100.03515625
08:00:03,91282CKK6,TSRYS5793014,D,S,D,2024-05-14,1000000.00,4.856905,100.03125
08:00:03,91282CKK6,TSRYS5793014,D,S,D,2024-05-14,4000000.00,4.854792,100.03515625
08:00:03,91282CKK6,TSRYS5793014,D,S,D,2024-05-14,1000000.00,4.854792,100.03515625
08:00:03,91282CKK6,TSRYS5793014,D,S,T,2024-05-14,4000000.00,4.854792,100.03515625
08:00:03,91282CKK6,TSRYS5793014,D,S,D,2024-05-14,1000000.00,4.854792,100.03515625
08:00:03,91282CKK6,TSRYS5793014,D,S,D,2024-05-14,3000000.00,4.854792,100.03515625
08:00:03,91282CKK6,TSRYS5793014,D,S,T,2024-05-14,2000000.00,4.851622,100.041015625
08:00:03,91282CKK6,TSRYS5793014,D,S,T,2024-05-14,3000000.00,4.851622,100.041015625
08:00:03,91282CKK6,TSRYS5793014,D,S,T,2024-05-14,3000000.00,4.851622,100.041015625
08:00:03,91282CKK6,TSRYS5793014,D,S,T,2024-05-14,1000000.00,4.851622,100.041015625
08:00:03,91282CKK6,TSRYS5793014,D,S,T,2024-05-14,1000000.00,4.851622,100.041015625
08:00:03,91282CKK6,TSRYS5793014,D,S,D,2024-05-14,3000000.00,4.842115,100.05859375
08:00:03,91282CKK6,TSRYS5793014,D,S,T,2024-05-14,2000000.00,4.842115,100.05859375
08:00:03,91282CKK6,TSRYS5793014,D,S,T,2024-05-14,3000000.00,4.842115,100.05859375
08:00:03,91282CKK6,TSRYS5793014,D,S,T,2024-05-14,3000000.00,4.842115,100.05859375
08:00:03,91282CKK6,TSRYS5793014,D,S,T,2024-05-14,2000000.00,4.842115,100.05859375
08:00:03,91282CKK6,TSRYS5793014,D,S,T,2024-05-14,2000000.00,4.842115,100.05859375
08:00:03,91282CKK6,TSRYS5793014,D,S,T,2024-05-14,3000000.00,4.842115,100.05859375
08:00:03,91282CKK6,TSRYS5793014,D,S,T,2024-05-14,2000000.00,4.842115,100.05859375
08:00:03,91282CKK6,TSRYS5793014,D,S,T,2024-05-14,2000000.00,4.842115,100.05859375
08:00:03,91282CKK6,TSRYS5793014,D,S,T,2024-05-14,1000000.00,4.842115,100.05859375
08:00:03,91282CKK6,TSRYS5793014,D,S,T,2024-05-14,2000000.00,4.842115,100.05859375
08:00:03,91282CKK6,TSRYS5793014,D,S,T,2024-05-14,3000000.00,4.842115,100.05859375
08:00:03,91282CKK6,TSRYS5793014,D,S,T,2024-05-14,2000000.00,4.842115,100.05859375
08:00:03,91282CKK6,TSRYS5793014,D,S,T,2024-05-14,2000000.00,4.842115,100.05859375
08:00:03,91282CKK6,TSRYS5793014,D,S,T,2024-05-14,3000000.00,4.842115,100.05859375
08:00:03,91282CKK6,TSRYS5793014,D,S,T,2024-05-14,2000000.00,4.842115,100.05859375
08:00:03,91282CKK6,TSRYS5793014,D,S,T,2024-05-14,2000000.00,4.842115,100.05859375
08:00:03,91282CKK6,TSRYS5793014,D,S,T,2024-05-14,3000000.00,4.842115,100.05859375
08:00:03,91282CKK6,TSRYS5793014,D,S,T,2024-05-14,2000000.00,4.842115,100.05859375
08:00:03,91282CKK6,TSRYS5793014,D,S,T,2024-05-14,2000000.00,4.842115,100.05859375
08:00:03,91282CKK6,TSRYS5793014,D,S,T,2024-05-14,3000000.00,4.842115,100.05859375
08:00:03,91282CKK6,TSRYS5793014,D,S,T,2024-05-14,2000000.00,4.842115,100.05859375
08:00:03,91282CKK6,TSRYS5793014,D,S,T,2024-05-14,2000000.00,4.842115,100.05859375
08:00:03,91282CKK6,TSRYS5793014,D,S,T,2024-05-14,2000000.00,4.842115,100.05859375
08:00:03,91282CKK6,TSRYS5793014,D,S,T,2024-05-14,2000000.00,4.842115,100.05859375
08:00:03,91282CKK6,TSRYS5793014,D,S,T,2024-05-14,3000000.00,4.842115,100.05859375
08:00:03,91282CKK6,TSRYS5793014,D,S,D,2024-05-14,1000000.00,4.840002,100.0625
08:00:03,91282CKK6,TSRYS5793014,D,S,D,2024-05-14,1000000.00,4.840002,100.0625
08:00:03,91282CKK6,TSRYS5793014,D,S,D,2024-05-14,2000000.00,4.840002,100.0625
08:00:03,91282CKK6,TSRYS5793014,D,S,D,2024-05-14,4000000.00,4.841059,100.060546875
08:00:03,91282CKK6,TSRYS5793014,D,S,T,2024-05-14,1000000.00,4.842115,100.05859375
08:00:03,91282CKK6,TSRYS5793014,D,S,T,2024-05-14,4000000.00,4.842115,100.05859375
08:00:03,91282CKK6,TSRYS5793014,D,S,T,2024-05-14,3000000.00,4.842115,100.05859375
08:00:03,91282CKK6,TSRYS5793014,D,S,T,2024-05-14,3000000.00,4.842115,100.05859375
08:00:03,91282CKK6,TSRYS5793014,D,S,D,2024-05-14,3000000.00,4.842115,100.05859375
08:00:03,91282CKK6,TSRYS5793014,D,S,T,2024-05-14,1000000.00,4.842115,100.05859375
08:00:03,91282CKK6,TSRYS5793014,D,S,D,2024-05-14,4000000.00,4.842115,100.05859375
08:00:03,91282CKK6,TSRYS5793014,D,S,D,2024-05-14,2000000.00,4.838946,100.064453125
08:00:03,91282CKK6,TSRYS5793014,D,S,D,2024-05-14,1000000.00,4.842115,100.05859375
08:00:03,91282CKK6,TSRYS5793014,D,S,T,2024-05-14,1000000.00,4.840002,100.0625
08:00:03,91282CKK6,TSRYS5793014,D,S,T,2024-05-14,1000000.00,4.835778,100.0703125
08:00:03,91282CKK6,TSRYS5793014,D,S,T,2024-05-14,1000000.00,4.835778,100.0703125
08:00:03,91282CKK6,TSRYS5793014,D,S,T,2024-05-14,4000000.00,4.835778,100.0703125
08:00:03,91282CKK6,TSRYS5793014,D,S,T,2024-05-14,4000000.00,4.835778,100.0703125
08:00:03,91282CKK6,TSRYS5793014,D,S,D,2024-05-14,4000000.00,4.834722,100.072265625
08:00:03,91282CKK6,TSRYS5793014,D,S,D,2024-05-14,4000000.00,4.834722,100.072265625
08:00:03,91282CKK6,TSRYS5793014,D,S,D,2024-05-14,4000000.00,4.834722,100.072265625
08:00:03,91282CKK6,TSRYS5793014,D,S,D,2024-05-14,1000000.00,4.834722,100.072265625
08:00:03,91282CKK6,TSRYS5793014,D,S,D,2024-05-14,4000000.00,4.834722,100.072265625
08:00:03,91282CKK6,TSRYS5793014,D,S,D,2024-05-14,1000000.00,4.834722,100.072265625
08:00:03,91282CKK6,TSRYS5793014,D,S,T,2024-05-14,3000000.00,4.834722,100.072265625
08:00:03,91282CKK6,TSRYS5793014,D,S,D,2024-05-14,4000000.00,4.834722,100.072265625
08:00:03,91282CKK6,TSRYS5793014,D,S,D,2024-05-14,1000000.00,4.834722,100.072265625
08:00:03,91282CKK6,TSRYS5793014,D,S,T,2024-05-14,1000000.00,4.83789,100.06640625
08:00:03,91282CKK6,TSRYS5793014,D,S,T,2024-05-14,1000000.00,4.83789,100.06640625
08:00:03,91282CKK6,TSRYS5793014,D,S,T,2024-05-14,2000000.00,4.83789,100.06640625
08:00:03,91282CKK6,TSRYS5793014,D,S,T,2024-05-14,1000000.00,4.83789,100.06640625
08:00:03,91282CKK6,TSRYS5793014,D,S,T,2024-05-14,3000000.00,4.83789,100.06640625
08:00:03,91282CKK6,TSRYS5793014,D,S,T,2024-05-14,1000000.00,4.836834,100.068359375
08:00:03,91282CKK6,TSRYS5793014,D,S,D,2024-05-14,3000000.00,4.835778,100.0703125
08:00:03,91282CKK6,TSRYS5793014,D,S,D,2024-05-14,1000000.00,4.835778,100.0703125
08:00:03,91282CKK6,TSRYS5793014,D,S,D,2024-05-14,2000000.00,4.83789,100.06640625
08:00:03,91282CKK6,TSRYS5793014,D,S,D,2024-05-14,2000000.00,4.83789,100.06640625
08:00:03,91282CKK6,TSRYS5793014,D,S,D,2024-05-14,2000000.00,4.83789,100.06640625
08:00:03,91282CKK6,TSRYS5793014,D,S,D,2024-05-14,2000000.00,4.83789,100.06640625
08:00:03,91282CKK6,TSRYS5793014,D,S,D,2024-05-14,2000000.00,4.83789,100.06640625
08:00:03,91282CKK6,TSRYS5793014,D,S,D,2024-05-14,2000000.00,4.83789,100.06640625
08:00:03,91282CKK6,TSRYS5793014,D,S,D,2024-05-14,2000000.00,4.83789,100.06640625
08:00:03,91282CKK6,TSRYS5793014,D,S,D,2024-05-14,1000000.00,4.83789,100.06640625
08:00:03,91282CKK6,TSRYS5793014,D,S,D,2024-05-14,1000000.00,4.83789,100.06640625
08:00:03,91282CKK6,TSRYS5793014,D,S,D,2024-05-14,1000000.00,4.83789,100.06640625
08:00:03,91282CKK6,TSRYS5793014,D,S,D,2024-05-14,1000000.00,4.83789,100.06640625
08:00:03,91282CKK6,TSRYS5793014,D,S,D,2024-05-14,1000000.00,4.83789,100.06640625
08:00:03,91282CKK6,TSRYS5793014,D,S,D,2024-05-14,1000000.00,4.83789,100.06640625
08:00:03,91282CKK6,TSRYS5793014,D,S,T,2024-05-14,8000000.00,4.840002,100.0625
08:00:03,91282CKK6,TSRYS5793014,D,S,T,2024-05-14,4000000.00,4.83789,100.06640625
08:00:03,91282CKK6,TSRYS5793014,D,S,T,2024-05-14,8000000.00,4.83789,100.06640625
08:00:03,91282CKK6,TSRYS5793014,D,S,T,2024-05-14,3000000.00,4.835778,100.0703125
08:00:03,91282CKK6,TSRYS5793014,D,S,D,2024-05-14,1000000.00,4.835778,100.0703125
08:00:03,91282CKK6,TSRYS5793014,D,S,D,2024-05-14,7000000.00,4.835778,100.0703125
08:00:03,91282CKK6,TSRYS5793014,D,S,T,2024-05-14,2000000.00,4.835778,100.0703125
08:00:03,91282CKK6,TSRYS5793014,D,S,T,2024-05-14,1000000.00,4.835778,100.0703125
08:00:03,91282CKK6,TSRYS5793014,D,S,D,2024-05-14,2000000.00,4.835778,100.0703125
08:00:03,91282CKK6,TSRYS5793014,D,S,D,2024-05-14,2000000.00,4.838946,100.064453125
08:00:03,91282CKK6,TSRYS5793014,D,S,D,2024-05-14,2000000.00,4.838946,100.064453125
08:00:03,91282CKK6,TSRYS5793014,D,S,D,2024-05-14,3000000.00,4.838946,100.064453125
08:00:03,91282CKK6,TSRYS5793014,D,S,D,2024-05-14,2000000.00,4.838946,100.064453125
08:00:03,91282CKK6,TSRYS5793014,D,S,D,2024-05-14,3000000.00,4.838946,100.064453125
08:00:03,91282CKK6,TSRYS5793014,D,S,D,2024-05-14,2000000.00,4.838946,100.064453125
08:00:03,91282CKK6,TSRYS5793014,D,S,D,2024-05-14,3000000.00,4.838946,100.064453125
08:00:03,91282CKK6,TSRYS5793014,D,S,D,2024-05-14,2000000.00,4.838946,100.064453125
08:00:03,91282CKK6,TSRYS5793014,D,S,D,2024-05-14,3000000.00,4.838946,100.064453125
08:00:03,91282CKK6,TSRYS5793014,D,S,D,2024-05-14,2000000.00,4.838946,100.064453125
08:00:03,91282CKK6,TSRYS5793014,D,S,D,2024-05-14,3000000.00,4.838946,100.064453125
08:00:03,91282CKK6,TSRYS5793014,D,S,D,2024-05-14,2000000.00,4.838946,100.064453125
08:00:03,91282CKK6,TSRYS5793014,D,S,D,2024-05-14,1000000.00,4.841059,100.060546875
08:00:03,91282CKK6,TSRYS5793014,D,S,D,2024-05-14,1000000.00,4.841059,100.060546875
08:00:03,91282CKK6,TSRYS5793014,D,S,D,2024-05-14,1000000.00,4.841059,100.060546875
08:00:03,91282CKK6,TSRYS5793014,D,S,D,2024-05-14,1000000.00,4.841059,100.060546875
08:00:05,91282CKK6,TSRYS5793014,D,S,D,2024-05-14,9550000.00,4.873815,100.0
08:00:08,91282CKK6,TSRYS5793014,D,S,T,2024-05-14,1000000.00,4.853735,100.037109375
08:00:08,91282CKK6,TSRYS5793014,D,S,T,2024-05-14,1000000.00,4.853735,100.037109375
08:00:08,91282CKK6,TSRYS5793014,D,S,T,2024-05-14,1000000.00,4.853735,100.037109375
08:00:08,91282CKK6,TSRYS5793014,D,S,T,2024-05-14,1000000.00,4.853735,100.037109375
08:00:08,91282CKK6,TSRYS5793014,D,S,T,2024-05-14,1000000.00,4.853735,100.037109375
08:00:08,91282CKK6,TSRYS5793014,D,S,T,2024-05-14,1000000.00,4.853735,100.037109375
08:00:08,91282CKK6,TSRYS5793014,D,S,T,2024-05-14,1000000.00,4.853735,100.037109375
08:00:08,91282CKK6,TSRYS5793014,D,S,T,2024-05-14,1000000.00,4.853735,100.037109375
08:00:08,91282CKK6,TSRYS5793014,D,S,T,2024-05-14,1000000.00,4.853735,100.037109375
08:00:08,91282CKK6,TSRYS5793014,D,S,T,2024-05-14,1000000.00,4.853735,100.037109375
08:00:08,91282CKK6,TSRYS5793014,D,S,T,2024-05-14,1000000.00,4.853735,100.037109375
08:00:08,91282CKK6,TSRYS5793014,D,S,T,2024-05-14,1000000.00,4.853735,100.037109375
08:00:08,91282CKK6,TSRYS5793014,D,S,T,2024-05-14,1000000.00,4.853735,100.037109375
08:00:08,91282CKK6,TSRYS5793014,D,S,T,2024-05-14,1000000.00,4.852679,100.0390625
08:00:08,91282CKK6,TSRYS5793014,D,S,T,2024-05-14,2000000.00,4.852679,100.0390625
08:00:08,91282CKK6,TSRYS5793014,D,S,T,2024-05-14,1000000.00,4.852679,100.0390625
08:00:08,91282CKK6,TSRYS5793014,D,S,T,2024-05-14,1000000.00,4.852679,100.0390625
08:00:08,91282CKK6,TSRYS5793014,D,S,T,2024-05-14,1000000.00,4.852679,100.0390625
08:00:08,91282CKK6,TSRYS5793014,D,S,T,2024-05-14,2000000.00,4.854792,100.03515625
08:00:08,91282CKK6,TSRYS5793014,D,S,T,2024-05-14,2000000.00,4.854792,100.03515625
08:00:08,91282CKK6,TSRYS5793014,D,S,C,2024-05-14,80000.00,4.83789,100.066406
08:00:10,91282CKK6,TSRYS5793014,D,S,A,2024-05-14,854000.00,4.854792,100.03515625
08:00:11,91282CKK6,TSRYS5793014,D,S,A,2024-05-14,5000.00,4.840002,100.1625
08:00:11,91282CKK6,TSRYS5793014,D,S,D,2024-05-14,1000000.00,4.854792,100.03515625
08:00:11,91282CKK6,TSRYS5793014,D,S,T,2024-05-14,1000000.00,4.854792,100.03515625
08:00:11,91282CKK6,TSRYS5793014,D,S,T,2024-05-14,1000000.00,4.854792,100.03515625
08:00:11,91282CKK6,TSRYS5793014,D,S,T,2024-05-14,1000000.00,4.856905,100.03125
08:00:12,91282CKK6,TSRYS5793014,D,S,T,2024-05-14,1000000.00,4.854792,100.03515625
08:00:12,91282CKK6,TSRYS5793014,D,S,T,2024-05-14,1000000.00,4.854792,100.03515625
08:00:12,91282CKK6,TSRYS5793014,D,S,T,2024-05-14,1000000.00,4.854792,100.03515625
08:00:12,91282CKK6,TSRYS5793014,D,S,T,2024-05-14,1000000.00,4.852679,100.0390625
08:00:12,91282CKK6,TSRYS5793014,D,S,T,2024-05-14,1000000.00,4.852679,100.0390625
08:00:12,91282CKK6,TSRYS5793014,D,S,T,2024-05-14,1000000.00,4.854792,100.03515625
08:00:12,91282CKK6,TSRYS5793014,D,S,T,2024-05-14,1000000.00,4.852679,100.0390625
08:00:12,91282CKK6,TSRYS5793014,D,S,T,2024-05-14,1000000.00,4.852679,100.0390625
08:00:12,91282CKK6,TSRYS5793014,D,S,T,2024-05-14,1000000.00,4.852679,100.0390625
08:00:12,91282CKK6,TSRYS5793014,D,S,T,2024-05-14,1000000.00,4.848453,100.046875
08:00:12,91282CKK6,TSRYS5793014,D,S,T,2024-05-14,1000000.00,4.848453,100.046875
08:00:12,91282CKK6,TSRYS5793014,D,S,T,2024-05-14,1000000.00,4.848453,100.046875
08:00:12,91282CKK6,TSRYS5793014,D,S,T,2024-05-14,3000000.00,4.844227,100.0546875
08:00:12,91282CKK6,TSRYS5793014,D,S,T,2024-05-14,1000000.00,4.842115,100.05859375
08:00:12,91282CKK6,TSRYS5793014,D,S,T,2024-05-14,4000000.00,4.842115,100.05859375
08:00:12,91282CKK6,TSRYS5793014,D,S,T,2024-05-14,1000000.00,4.842115,100.05859375
08:00:12,91282CKK6,TSRYS5793014,D,S,T,2024-05-14,1000000.00,4.83789,100.06640625
08:00:12,91282CKK6,TSRYS5793014,D,S,D,2024-05-14,1000000.00,4.838946,100.064453125
08:00:12,91282CKK6,TSRYS5793014,D,S,T,2024-05-14,1000000.00,4.838946,100.064453125
08:00:12,91282CKK6,TSRYS5793014,D,S,T,2024-05-14,1000000.00,4.838946,100.064453125
08:00:12,91282CKK6,TSRYS5793014,D,S,D,2024-05-14,1000000.00,4.838946,100.064453125
08:00:12,91282CKK6,TSRYS5793014,D,S,T,2024-05-14,1000000.00,4.838946,100.064453125
08:00:12,91282CKK6,TSRYS5793014,D,S,T,2024-05-14,1000000.00,4.841059,100.060546875
08:00:12,91282CKK6,TSRYS5793014,D,S,T,2024-05-14,2000000.00,4.842115,100.05859375
08:00:12,91282CKK6,TSRYS5793014,D,S,T,2024-05-14,1000000.00,4.841059,100.060546875
08:00:12,91282CKK6,TSRYS5793014,D,S,T,2024-05-14,1000000.00,4.840002,100.0625
08:00:12,91282CKK6,TSRYS5793014,D,S,T,2024-05-14,1000000.00,4.840002,100.0625
08:00:12,91282CKK6,TSRYS5793014,D,S,T,2024-05-14,1000000.00,4.838946,100.064453125
08:00:12,91282CKK6,TSRYS5793014,D,S,T,2024-05-14,5000000.00,4.83789,100.06640625
08:00:12,91282CKK6,TSRYS5793014,D,S,T,2024-05-14,11000000.00,4.83789,100.06640625
08:00:12,91282CKK6,TSRYS5793014,D,S,D,2024-05-14,1000000.00,4.83789,100.06640625
08:00:12,91282CKK6,TSRYS5793014,D,S,T,2024-05-14,1000000.00,4.835778,100.0703125
08:00:12,91282CKK6,TSRYS5793014,D,S,T,2024-05-14,1000000.00,4.836834,100.068359375
08:00:12,91282CKK6,TSRYS5793014,D,S,D,2024-05-14,1000000.00,4.836834,100.068359375
08:00:12,91282CKK6,TSRYS5793014,D,S,T,2024-05-14,1000000.00,4.836834,100.068359375
08:00:12,91282CKK6,TSRYS5793014,D,S,D,2024-05-14,1000000.00,4.836834,100.068359375
08:00:12,91282CKK6,TSRYS5793014,D,S,D,2024-05-14,1000000.00,4.836834,100.068359375
08:00:12,91282CKK6,TSRYS5793014,D,S,T,2024-05-14,1000000.00,4.841059,100.060546875
08:00:12,91282CKK6,TSRYS5793014,D,S,T,2024-05-14,1000000.00,4.841059,100.060546875
08:00:12,91282CKK6,TSRYS5793014,D,S,T,2024-05-14,1000000.00,4.841059,100.060546875
08:00:12,91282CKK6,TSRYS5793014,D,S,T,2024-05-14,1000000.00,4.841059,100.060546875
08:00:12,91282CKK6,TSRYS5793014,D,S,T,2024-05-14,1000000.00,4.841059,100.060546875
08:00:13,91282CKK6,TSRYS5793014,D,S,T,2024-05-14,1000000.00,4.852679,100.0390625
08:00:13,91282CKK6,TSRYS5793014,D,S,T,2024-05-14,1000000.00,4.852679,100.0390625
08:00:13,91282CKK6,TSRYS5793014,D,S,A,2024-05-14,650000.00,4.852679,100.0390625
08:00:13,91282CKK6,TSRYS5793014,D,S,T,2024-05-14,1000000.00,4.853735,100.037109375
08:00:13,91282CKK6,TSRYS5793014,D,S,D,2024-05-14,3000000.00,4.854792,100.03515625
08:00:14,91282CKK6,TSRYS5793014,D,S,A,2024-05-14,512000.00,4.850566,100.04296875
08:00:14,91282CKK6,TSRYS5793014,D,S,T,2024-05-14,2000000.00,4.854792,100.03515625
08:00:15,91282CKK6,TSRYS5793014,D,S,T,2024-05-14,2000000.00,4.854792,100.03515625
08:00:15,91282CKK6,TSRYS5793014,D,S,T,2024-05-14,1000000.00,4.854792,100.03515625
08:00:15,91282CKK6,TSRYS5793014,D,S,T,2024-05-14,1000000.00,4.854792,100.03515625
08:00:15,91282CKK6,TSRYS5793014,D,S,T,2024-05-14,1000000.00,4.854792,100.03515625
08:00:18,91282CKK6,TSRYS5793014,D,S,D,2024-05-14,1000000.00,4.856905,100.03125
08:00:18,91282CKK6,TSRYS5793014,D,S,D,2024-05-14,2000000.00,4.842115,100.05859375
08:00:18,91282CKK6,TSRYS5793014,D,S,D,2024-05-14,2000000.00,4.842115,100.05859375
08:00:19,91282CKK6,TSRYS5793014,D,S,D,2024-05-14,2000000.00,4.856905,100.03125
08:00:19,91282CKK6,TSRYS5793014,D,S,D,2024-05-14,3000000.00,4.854792,100.03515625
08:00:19,91282CKK6,TSRYS5793014,D,S,D,2024-05-14,2000000.00,4.842115,100.05859375
08:00:19,91282CKK6,TSRYS5793014,D,S,D,2024-05-14,3000000.00,4.842115,100.05859375
08:00:20,91282CKK6,TSRYS5793014,D,S,D,2024-05-14,1000000.00,4.854792,100.03515625
08:00:20,91282CKK6,TSRYS5793014,D,S,D,2024-05-14,1000000.00,4.854792,100.03515625
08:00:20,91282CKK6,TSRYS5793014,D,S,D,2024-05-14,2000000.00,4.854792,100.03515625
08:00:20,91282CKK6,TSRYS5793014,D,S,D,2024-05-14,4000000.00,4.854792,100.03515625
08:00:20,91282CKK6,TSRYS5793014,D,S,D,2024-05-14,4000000.00,4.854792,100.03515625
08:00:20,91282CKK6,TSRYS5793014,D,S,D,2024-05-14,2000000.00,4.854792,100.03515625
08:00:20,91282CKK6,TSRYS5793014,D,S,D,2024-05-14,2000000.00,4.854792,100.03515625
08:00:21,91282CKK6,TSRYS5793014,D,S,T,2024-05-14,1000000.00,4.854792,100.03515625
08:00:21,91282CKK6,TSRYS5793014,D,S,T,2024-05-14,6000000.00,4.854792,100.03515625
08:00:21,91282CKK6,TSRYS5793014,D,S,T,2024-05-14,1000000.00,4.854792,100.03515625
08:00:21,91282CKK6,TSRYS5793014,D,S,D,2024-05-14,3000000.00,4.854792,100.03515625
08:00:21,91282CKK6,TSRYS5793014,D,S,D,2024-05-14,3000000.00,4.852679,100.0390625
08:00:22,91282CKK6,TSRYS5793014,D,S,D,2024-05-14,1000000.00,4.850566,100.04296875
08:00:22,91282CKK6,TSRYS5793014,D,S,D,2024-05-14,3000000.00,4.850566,100.04296875
08:00:22,91282CKK6,TSRYS5793014,D,S,T,2024-05-14,2000000.00,4.854792,100.03515625
08:00:22,91282CKK6,TSRYS5793014,D,S,D,2024-05-14,3000000.00,4.848453,100.046875
08:00:22,91282CKK6,TSRYS5793014,D,B,C,2024-05-14,1000000.00,4.84634,100.05078125
08:00:22,91282CKK6,TSRYS5793014,D,S,D,2024-05-14,1000000.00,4.84634,100.05078125
08:00:22,91282CKK6,TSRYS5793014,D,B,C,2024-05-14,1000000.00,4.84634,100.05078125
08:00:22,91282CKK6,TSRYS5793014,D,S,D,2024-05-14,1000000.00,4.84634,100.05078125
08:00:22,91282CKK6,TSRYS5793014,D,B,C,2024-05-14,4000000.00,4.84634,100.05078125
08:00:22,91282CKK6,TSRYS5793014,D,S,D,2024-05-14,4000000.00,4.84634,100.05078125
08:00:22,91282CKK6,TSRYS5793014,D,B,C,2024-05-14,7000000.00,4.84634,100.05078125
08:00:22,91282CKK6,TSRYS5793014,D,S,D,2024-05-14,7000000.00,4.84634,100.05078125
08:00:22,91282CKK6,TSRYS5793014,D,B,C,2024-05-14,4000000.00,4.84634,100.05078125
08:00:22,91282CKK6,TSRYS5793014,D,S,D,2024-05-14,4000000.00,4.84634,100.05078125
08:00:22,91282CKK6,TSRYS5793014,D,S,D,2024-05-14,2000000.00,4.84634,100.05078125
08:00:22,91282CKK6,TSRYS5793014,D,S,T,2024-05-14,1000000.00,4.854792,100.03515625
08:00:22,91282CKK6,TSRYS5793014,D,S,T,2024-05-14,1000000.00,4.854792,100.03515625
08:00:22,91282CKK6,TSRYS5793014,D,S,T,2024-05-14,1000000.00,4.854792,100.03515625
08:00:23,91282CKK6,TSRYS5793014,D,S,T,2024-05-14,1000000.00,4.854792,100.03515625
08:00:23,91282CKK6,TSRYS5793014,D,B,C,2024-05-14,2000000.00,4.84634,100.05078125
08:00:23,91282CKK6,TSRYS5793014,D,S,D,2024-05-14,1000000.00,4.84634,100.05078125
08:00:23,91282CKK6,TSRYS5793014,D,B,C,2024-05-14,1000000.00,4.84634,100.05078125
08:00:23,91282CKK6,TSRYS5793014,D,S,D,2024-05-14,4000000.00,4.84634,100.05078125
08:00:23,91282CKK6,TSRYS5793014,D,B,C,2024-05-14,4000000.00,4.84634,100.05078125
08:00:23,91282CKK6,TSRYS5793014,D,S,D,2024-05-14,2000000.00,4.842115,100.05859375
08:00:23,91282CKK6,TSRYS5793014,D,S,D,2024-05-14,2000000.00,4.842115,100.05859375
08:00:23,91282CKK6,TSRYS5793014,D,S,A,2024-05-14,672000.00,4.83789,100.06640625
08:00:23,91282CKK6,TSRYS5793014,D,S,T,2024-05-14,1000000.00,4.854792,100.03515625
08:00:23,91282CKK6,TSRYS5793014,D,S,T,2024-05-14,1000000.00,4.854792,100.03515625
08:00:23,91282CKK6,TSRYS5793014,D,S,D,2024-05-14,3000000.00,4.842115,100.05859375
08:00:23,91282CKK6,TSRYS5793014,D,S,D,2024-05-14,2000000.00,4.842115,100.05859375
08:00:23,91282CKK6,TSRYS5793014,D,S,T,2024-05-14,1000000.00,4.854792,100.03515625
08:00:24,91282CKK6,TSRYS5793014,D,S,T,2024-05-14,1000000.00,4.854792,100.03515625
08:00:24,91282CKK6,TSRYS5793014,D,B,A,2024-05-14,1941000.00,4.842115,100.05859375
08:00:24,91282CKK6,TSRYS5793014,D,B,A,2024-05-14,1941000.00,4.842115,100.05859375
08:00:24,91282CKK6,TSRYS5793014,D,S,A,2024-05-14,329000.00,4.840002,100.0625
08:00:24,91282CKK6,TSRYS5793014,D,S,A,2024-05-14,4000000.00,4.840002,100.0625
08:00:24,91282CKK6,TSRYS5793014,D,S,A,2024-05-14,329000.00,4.840002,100.0625
08:00:24,91282CKK6,TSRYS5793014,D,S,A,2024-05-14,4000000.00,4.840002,100.0625
08:00:24,91282CKK6,TSRYS5793014,D,S,T,2024-05-14,1000000.00,4.854792,100.03515625
08:00:24,91282CKK6,TSRYS5793014,D,S,A,2024-05-14,441000.00,4.840002,100.0625
08:00:24,91282CKK6,TSRYS5793014,D,S,A,2024-05-14,441000.00,4.840002,100.0625
08:00:24,91282CKK6,TSRYS5793014,D,S,T,2024-05-14,1000000.00,4.854792,100.03515625
08:00:24,91282CKK6,TSRYS5793014,D,S,T,2024-05-14,1000000.00,4.854792,100.03515625
08:00:25,91282CKK6,TSRYS5793014,D,S,T,2024-05-14,1000000.00,4.854792,100.03515625
08:00:25,91282CKK6,TSRYS5793014,D,S,T,2024-05-14,1000000.00,4.854792,100.03515625
08:00:25,91282CKK6,TSRYS5793014,D,S,C,2024-05-14,50000000.00,4.854792,100.03515625
08:00:30,91282CKK6,TSRYS5793014,D,S,D,2024-05-14,3000000.00,4.848453,100.046875
08:00:30,91282CKK6,TSRYS5793014,D,S,D,2024-05-14,3000000.00,4.854792,100.03515625
08:00:30,91282CKK6,TSRYS5793014,D,S,D,2024-05-14,4000000.00,4.854792,100.03515625
08:00:30,91282CKK6,TSRYS5793014,D,S,D,2024-05-14,3000000.00,4.854792,100.03515625
08:00:30,91282CKK6,TSRYS5793014,D,S,D,2024-05-14,3000000.00,4.840002,100.0625
08:00:30,91282CKK6,TSRYS5793014,D,S,D,2024-05-14,1000000.00,4.840002,100.0625
08:00:30,91282CKK6,TSRYS5793014,D,S,D,2024-05-14,1000000.00,4.840002,100.0625
08:00:30,91282CKK6,TSRYS5793014,D,S,D,2024-05-14,5000000.00,4.838946,100.064453125
08:00:30,91282CKK6,TSRYS5793014,D,S,D,2024-05-14,4000000.00,4.838946,100.064453125
08:00:33,91282CKK6,TSRYS5793014,D,S,D,2024-05-14,5000000.00,4.841059,100.060546875
08:00:33,91282CKK6,TSRYS5793014,D,S,D,2024-05-14,1000000.00,4.834722,100.072265625
08:00:33,91282CKK6,TSRYS5793014,D,S,D,2024-05-14,3000000.00,4.834722,100.072265625
08:00:33,91282CKK6,TSRYS5793014,D,S,D,2024-05-14,4000000.00,4.836834,100.068359375
08:00:33,91282CKK6,TSRYS5793014,D,S,D,2024-05-14,4000000.00,4.835778,100.0703125
08:00:33,91282CKK6,TSRYS5793014,D,S,D,2024-05-14,1000000.00,4.83789,100.06640625
08:00:33,91282CKK6,TSRYS5793014,D,S,D,2024-05-14,1000000.00,4.83789,100.06640625
08:00:33,91282CKK6,TSRYS5793014,D,S,D,2024-05-14,1000000.00,4.83789,100.06640625
08:00:33,91282CKK6,TSRYS5793014,D,S,D,2024-05-14,1000000.00,4.83789,100.06640625
08:00:33,91282CKK6,TSRYS5793014,D,S,D,2024-05-14,1000000.00,4.83789,100.06640625
08:00:33,91282CKK6,TSRYS5793014,D,S,D,2024-05-14,2000000.00,4.83789,100.06640625
08:00:33,91282CKK6,TSRYS5793014,D,S,D,2024-05-14,4000000.00,4.840002,100.0625
08:00:33,91282CKK6,TSRYS5793014,D,S,D,2024-05-14,4000000.00,4.83789,100.06640625
08:00:33,91282CKK6,TSRYS5793014,D,S,D,2024-05-14,4000000.00,4.836834,100.068359375
08:00:33,91282CKK6,TSRYS5793014,D,S,D,2024-05-14,3000000.00,4.850566,100.04296875
08:00:33,91282CKK6,TSRYS5793014,D,S,D,2024-05-14,2000000.00,4.840002,100.0625
08:00:33,91282CKK6,TSRYS5793014,D,S,D,2024-05-14,2000000.00,4.840002,100.0625
08:00:33,91282CKK6,TSRYS5793014,D,S,D,2024-05-14,2000000.00,4.840002,100.0625
08:00:33,91282CKK6,TSRYS5793014,D,S,D,2024-05-14,2000000.00,4.840002,100.0625
08:00:33,91282CKK6,TSRYS5793014,D,S,D,2024-05-14,5000000.00,4.841059,100.060546875
08:00:33,91282CKK6,TSRYS5793014,D,S,D,2024-05-14,1000000.00,4.842115,100.05859375
08:00:33,91282CKK6,TSRYS5793014,D,S,D,2024-05-14,3000000.00,4.842115,100.05859375
08:00:33,91282CKK6,TSRYS5793014,D,S,D,2024-05-14,7000000.00,4.842115,100.05859375
08:00:33,91282CKK6,TSRYS5793014,D,S,D,2024-05-14,4000000.00,4.834722,100.072265625
08:00:33,91282CKK6,TSRYS5793014,D,S,D,2024-05-14,4000000.00,4.834722,100.072265625
08:00:33,91282CKK6,TSRYS5793014,D,S,D,2024-05-14,1000000.00,4.83789,100.06640625
08:00:33,91282CKK6,TSRYS5793014,D,S,D,2024-05-14,2000000.00,4.83789,100.06640625
08:00:33,91282CKK6,TSRYS5793014,D,S,D,2024-05-14,2000000.00,4.83789,100.06640625
08:00:33,91282CKK6,TSRYS5793014,D,S,D,2024-05-14,2000000.00,4.83789,100.06640625
08:00:33,91282CKK6,TSRYS5793014,D,S,D,2024-05-14,1000000.00,4.835778,100.0703125
08:00:33,91282CKK6,TSRYS5793014,D,S,D,2024-05-14,1000000.00,4.835778,100.0703125
08:00:33,91282CKK6,TSRYS5793014,D,S,D,2024-05-14,2000000.00,4.835778,100.0703125
08:00:33,91282CKK6,TSRYS5793014,D,S,D,2024-05-14,4000000.00,4.835778,100.0703125
08:00:33,91282CKK6,TSRYS5793014,D,S,T,2024-05-14,3000000.00,4.854792,100.03515625
08:00:33,91282CKK6,TSRYS5793014,D,S,T,2024-05-14,2000000.00,4.854792,100.03515625
08:00:33,91282CKK6,TSRYS5793014,D,S,D,2024-05-14,1000000.00,4.854792,100.03515625
08:00:34,91282CKK6,TSRYS5793014,D,S,D,2024-05-14,3000000.00,4.854792,100.03515625
08:00:34,91282CKK6,TSRYS5793014,D,S,T,2024-05-14,3000000.00,4.854792,100.03515625
08:00:34,91282CKK6,TSRYS5793014,D,S,D,2024-05-14,3000000.00,4.852679,100.0390625
08:00:34,91282CKK6,TSRYS5793014,D,S,T,2024-05-14,2000000.00,4.854792,100.03515625
08:00:34,91282CKK6,TSRYS5793014,D,S,D,2024-05-14,1000000.00,4.854792,100.03515625
08:00:34,91282CKK6,TSRYS5793014,D,S,D,2024-05-14,2000000.00,4.854792,100.03515625
08:00:34,91282CKK6,TSRYS5793014,D,S,T,2024-05-14,3000000.00,4.854792,100.03515625
08:00:34,91282CKK6,TSRYS5793014,D,S,D,2024-05-14,3000000.00,4.850566,100.04296875
08:00:34,91282CKK6,TSRYS5793014,D,S,D,2024-05-14,1000000.00,4.850566,100.04296875
08:00:34,91282CKK6,TSRYS5793014,D,S,T,2024-05-14,2000000.00,4.848453,100.046875
08:00:34,91282CKK6,TSRYS5793014,D,S,T,2024-05-14,2000000.00,4.841059,100.060546875
08:00:34,91282CKK6,TSRYS5793014,D,S,T,2024-05-14,2000000.00,4.841059,100.060546875
08:00:34,91282CKK6,TSRYS5793014,D,S,T,2024-05-14,1000000.00,4.840002,100.0625
08:00:34,91282CKK6,TSRYS5793014,D,S,T,2024-05-14,2000000.00,4.840002,100.0625
08:00:34,91282CKK6,TSRYS5793014,D,S,T,2024-05-14,1000000.00,4.840002,100.0625
08:00:34,91282CKK6,TSRYS5793014,D,S,T,2024-05-14,3000000.00,4.840002,100.0625
08:00:34,91282CKK6,TSRYS5793014,D,S,T,2024-05-14,2000000.00,4.840002,100.0625
08:00:34,91282CKK6,TSRYS5793014,D,S,T,2024-05-14,1000000.00,4.840002,100.0625
08:00:34,91282CKK6,TSRYS5793014,D,S,T,2024-05-14,3000000.00,4.840002,100.0625
08:00:34,91282CKK6,TSRYS5793014,D,S,T,2024-05-14,2000000.00,4.840002,100.0625
08:00:34,91282CKK6,TSRYS5793014,D,S,T,2024-05-14,2000000.00,4.840002,100.0625
08:00:34,91282CKK6,TSRYS5793014,D,S,T,2024-05-14,5000000.00,4.838946,100.064453125
08:00:34,91282CKK6,TSRYS5793014,D,S,T,2024-05-14,5000000.00,4.838946,100.064453125
08:00:34,91282CKK6,TSRYS5793014,D,S,T,2024-05-14,5000000.00,4.838946,100.064453125
08:00:34,91282CKK6,TSRYS5793014,D,S,T,2024-05-14,3000000.00,4.838946,100.064453125
08:00:34,91282CKK6,TSRYS5793014,D,S,T,2024-05-14,5000000.00,4.841059,100.060546875
08:00:34,91282CKK6,TSRYS5793014,D,S,T,2024-05-14,5000000.00,4.841059,100.060546875
08:00:34,91282CKK6,TSRYS5793014,D,S,T,2024-05-14,4000000.00,4.834722,100.072265625
08:00:34,91282CKK6,TSRYS5793014,D,S,T,2024-05-14,4000000.00,4.834722,100.072265625
08:00:34,91282CKK6,TSRYS5793014,D,S,T,2024-05-14,3000000.00,4.838946,100.064453125
08:00:34,91282CKK6,TSRYS5793014,D,S,T,2024-05-14,1000000.00,4.835778,100.0703125
08:00:34,91282CKK6,TSRYS5793014,D,S,T,2024-05-14,1000000.00,4.835778,100.0703125
08:00:34,91282CKK6,TSRYS5793014,D,S,T,2024-05-14,3000000.00,4.835778,100.0703125
08:00:34,91282CKK6,TSRYS5793014,D,S,T,2024-05-14,4000000.00,4.835778,100.0703125
08:00:34,91282CKK6,TSRYS5793014,D,S,T,2024-05-14,1000000.00,4.835778,100.0703125
08:00:34,91282CKK6,TSRYS5793014,D,S,T,2024-05-14,2000000.00,4.83789,100.06640625
08:00:34,91282CKK6,TSRYS5793014,D,S,T,2024-05-14,1000000.00,4.83789,100.06640625
08:00:34,91282CKK6,TSRYS5793014,D,S,T,2024-05-14,1000000.00,4.83789,100.06640625
08:00:34,91282CKK6,TSRYS5793014,D,S,T,2024-05-14,1000000.00,4.83789,100.06640625
08:00:34,91282CKK6,TSRYS5793014,D,S,T,2024-05-14,1000000.00,4.83789,100.06640625
08:00:34,91282CKK6,TSRYS5793014,D,S,T,2024-05-14,1000000.00,4.83789,100.06640625
08:00:34,91282CKK6,TSRYS5793014,D,S,T,2024-05-14,1000000.00,4.83789,100.06640625
08:00:34,91282CKK6,TSRYS5793014,D,S,T,2024-05-14,1000000.00,4.83789,100.06640625
08:00:34,91282CKK6,TSRYS5793014,D,S,T,2024-05-14,1000000.00,4.83789,100.06640625
08:00:34,91282CKK6,TSRYS5793014,D,S,T,2024-05-14,1000000.00,4.83789,100.06640625
08:00:34,91282CKK6,TSRYS5793014,D,S,T,2024-05-14,1000000.00,4.83789,100.06640625
08:00:34,91282CKK6,TSRYS5793014,D,S,T,2024-05-14,2000000.00,4.83789,100.06640625
08:00:34,91282CKK6,TSRYS5793014,D,S,T,2024-05-14,4000000.00,4.840002,100.0625
08:00:34,91282CKK6,TSRYS5793014,D,S,T,2024-05-14,4000000.00,4.840002,100.0625
08:00:34,91282CKK6,TSRYS5793014,D,S,T,2024-05-14,4000000.00,4.836834,100.068359375
08:00:34,91282CKK6,TSRYS5793014,D,S,T,2024-05-14,4000000.00,4.836834,100.068359375
08:00:34,91282CKK6,TSRYS5793014,D,S,T,2024-05-14,4000000.00,4.835778,100.0703125
08:00:34,91282CKK6,TSRYS5793014,D,S,T,2024-05-14,1000000.00,4.835778,100.0703125
08:00:34,91282CKK6,TSRYS5793014,D,S,T,2024-05-14,5000000.00,4.836834,100.068359375
08:00:34,91282CKK6,TSRYS5793014,D,S,T,2024-05-14,1000000.00,4.852679,100.0390625
08:00:34,91282CKK6,TSRYS5793014,D,S,T,2024-05-14,2000000.00,4.852679,100.0390625
08:00:34,91282CKK6,TSRYS5793014,D,S,T,2024-05-14,1000000.00,4.854792,100.03515625
08:00:34,91282CKK6,TSRYS5793014,D,S,T,2024-05-14,1000000.00,4.854792,100.03515625
08:00:34,91282CKK6,TSRYS5793014,D,S,T,2024-05-14,1000000.00,4.854792,100.03515625
08:00:34,91282CKK6,TSRYS5793014,D,S,T,2024-05-14,3000000.00,4.852679,100.0390625
08:00:34,91282CKK6,TSRYS5793014,D,S,T,2024-05-14,2000000.00,4.852679,100.0390625
08:00:34,91282CKK6,TSRYS5793014,D,S,T,2024-05-14,1000000.00,4.854792,100.03515625
08:00:34,91282CKK6,TSRYS5793014,D,S,T,2024-05-14,2000000.00,4.854792,100.03515625
08:00:34,91282CKK6,TSRYS5793014,D,S,T,2024-05-14,1000000.00,4.854792,100.03515625
08:00:34,91282CKK6,TSRYS5793014,D,S,T,2024-05-14,1000000.00,4.854792,100.03515625
08:00:34,91282CKK6,TSRYS5793014,D,S,T,2024-05-14,1000000.00,4.856905,100.03125
08:00:34,91282CKK6,TSRYS5793014,D,S,T,2024-05-14,2000000.00,4.856905,100.03125
08:00:34,91282CKK6,TSRYS5793014,D,S,T,2024-05-14,2000000.00,4.856905,100.03125
08:00:34,91282CKK6,TSRYS5793014,D,S,T,2024-05-14,1000000.00,4.856905,100.03125
08:00:34,91282CKK6,TSRYS5793014,D,S,T,2024-05-14,1000000.00,4.856905,100.03125
08:00:34,91282CKK6,TSRYS5793014,D,S,T,2024-05-14,1000000.00,4.854792,100.03515625
08:00:34,91282CKK6,TSRYS5793014,D,S,T,2024-05-14,3000000.00,4.854792,100.03515625
08:00:34,91282CKK6,TSRYS5793014,D,S,T,2024-05-14,1000000.00,4.854792,100.03515625
08:00:34,91282CKK6,TSRYS5793014,D,S,T,2024-05-14,4000000.00,4.854792,100.03515625
08:00:34,91282CKK6,TSRYS5793014,D,S,T,2024-05-14,1000000.00,4.852679,100.0390625
08:00:34,91282CKK6,TSRYS5793014,D,S,T,2024-05-14,1000000.00,4.852679,100.0390625
08:00:34,91282CKK6,TSRYS5793014,D,S,T,2024-05-14,1000000.00,4.854792,100.03515625
08:00:34,91282CKK6,TSRYS5793014,D,S,T,2024-05-14,1000000.00,4.854792,100.03515625
08:00:34,91282CKK6,TSRYS5793014,D,S,T,2024-05-14,1000000.00,4.850566,100.04296875
08:00:34,91282CKK6,TSRYS5793014,D,S,D,2024-05-14,3000000.00,4.850566,100.04296875
08:00:34,91282CKK6,TSRYS5793014,D,S,T,2024-05-14,2000000.00,4.852679,100.0390625
08:00:34,91282CKK6,TSRYS5793014,D,S,T,2024-05-14,1000000.00,4.852679,100.0390625
08:00:34,91282CKK6,TSRYS5793014,D,S,T,2024-05-14,3000000.00,4.852679,100.0390625
08:00:34,91282CKK6,TSRYS5793014,D,S,T,2024-05-14,3000000.00,4.848453,100.046875
08:00:34,91282CKK6,TSRYS5793014,D,S,T,2024-05-14,1000000.00,4.848453,100.046875
08:00:34,91282CKK6,TSRYS5793014,D,S,T,2024-05-14,1000000.00,4.848453,100.046875
08:00:34,91282CKK6,TSRYS5793014,D,S,T,2024-05-14,3000000.00,4.848453,100.046875
08:00:34,91282CKK6,TSRYS5793014,D,S,T,2024-05-14,1000000.00,4.848453,100.046875
08:00:34,91282CKK6,TSRYS5793014,D,S,T,2024-05-14,1000000.00,4.848453,100.046875
08:00:34,91282CKK6,TSRYS5793014,D,S,T,2024-05-14,1000000.00,4.848453,100.046875
08:00:34,91282CKK6,TSRYS5793014,D,S,T,2024-05-14,1000000.00,4.848453,100.046875
08:00:34,91282CKK6,TSRYS5793014,D,S,T,2024-05-14,1000000.00,4.848453,100.046875
08:00:34,91282CKK6,TSRYS5793014,D,S,T,2024-05-14,1000000.00,4.848453,100.046875
08:00:34,91282CKK6,TSRYS5793014,D,S,T,2024-05-14,1000000.00,4.848453,100.046875
08:00:34,91282CKK6,TSRYS5793014,D,S,T,2024-05-14,3000000.00,4.848453,100.046875
08:00:34,91282CKK6,TSRYS5793014,D,S,T,2024-05-14,3000000.00,4.848453,100.046875
08:00:34,91282CKK6,TSRYS5793014,D,S,T,2024-05-14,1000000.00,4.84634,100.05078125
08:00:34,91282CKK6,TSRYS5793014,D,S,T,2024-05-14,2000000.00,4.844227,100.0546875
08:00:34,91282CKK6,TSRYS5793014,D,S,T,2024-05-14,1000000.00,4.844227,100.0546875
08:00:34,91282CKK6,TSRYS5793014,D,S,T,2024-05-14,7000000.00,4.844227,100.0546875
08:00:34,91282CKK6,TSRYS5793014,D,S,T,2024-05-14,3000000.00,4.844227,100.0546875
08:00:34,91282CKK6,TSRYS5793014,D,S,T,2024-05-14,1000000.00,4.842115,100.05859375
08:00:34,91282CKK6,TSRYS5793014,D,S,T,2024-05-14,1000000.00,4.840002,100.0625
08:00:34,91282CKK6,TSRYS5793014,D,S,T,2024-05-14,1000000.00,4.840002,100.0625
08:00:34,91282CKK6,TSRYS5793014,D,S,T,2024-05-14,1000000.00,4.840002,100.0625
08:00:34,91282CKK6,TSRYS5793014,D,S,T,2024-05-14,1000000.00,4.840002,100.0625
08:00:34,91282CKK6,TSRYS5793014,D,S,T,2024-05-14,1000000.00,4.840002,100.0625
08:00:34,91282CKK6,TSRYS5793014,D,S,T,2024-05-14,2000000.00,4.840002,100.0625
08:00:34,91282CKK6,TSRYS5793014,D,S,T,2024-05-14,2000000.00,4.840002,100.0625
08:00:34,91282CKK6,TSRYS5793014,D,S,T,2024-05-14,2000000.00,4.842115,100.05859375
08:00:34,91282CKK6,TSRYS5793014,D,S,T,2024-05-14,4000000.00,4.841059,100.060546875
08:00:34,91282CKK6,TSRYS5793014,D,S,T,2024-05-14,2000000.00,4.840002,100.0625
08:00:34,91282CKK6,TSRYS5793014,D,S,T,2024-05-14,2000000.00,4.840002,100.0625
08:00:34,91282CKK6,TSRYS5793014,D,S,T,2024-05-14,4000000.00,4.840002,100.0625
08:00:34,91282CKK6,TSRYS5793014,D,S,T,2024-05-14,2000000.00,4.840002,100.0625
08:00:34,91282CKK6,TSRYS5793014,D,S,T,2024-05-14,6000000.00,4.840002,100.0625
08:00:34,91282CKK6,TSRYS5793014,D,S,D,2024-05-14,5000000.00,4.838946,100.064453125
08:00:34,91282CKK6,TSRYS5793014,D,S,D,2024-05-14,1000000.00,4.840002,100.0625
08:00:34,91282CKK6,TSRYS5793014,D,S,D,2024-05-14,1000000.00,4.840002,100.0625
08:00:34,91282CKK6,TSRYS5793014,D,S,D,2024-05-14,1000000.00,4.840002,100.0625
08:00:34,91282CKK6,TSRYS5793014,D,S,D,2024-05-14,1000000.00,4.840002,100.0625
08:00:34,91282CKK6,TSRYS5793014,D,S,D,2024-05-14,4000000.00,4.838946,100.064453125
08:00:34,91282CKK6,TSRYS5793014,D,S,T,2024-05-14,2000000.00,4.83789,100.06640625
08:00:34,91282CKK6,TSRYS5793014,D,S,T,2024-05-14,5000000.00,4.838946,100.064453125
08:00:34,91282CKK6,TSRYS5793014,D,S,T,2024-05-14,5000000.00,4.83789,100.06640625
08:00:34,91282CKK6,TSRYS5793014,D,S,T,2024-05-14,2000000.00,4.83789,100.06640625
08:00:34,91282CKK6,TSRYS5793014,D,S,T,2024-05-14,2000000.00,4.840002,100.0625
08:00:34,91282CKK6,TSRYS5793014,D,S,T,2024-05-14,1000000.00,4.840002,100.0625
08:00:34,91282CKK6,TSRYS5793014,D,S,T,2024-05-14,5000000.00,4.840002,100.0625
08:00:34,91282CKK6,TSRYS5793014,D,S,T,2024-05-14,5000000.00,4.842115,100.05859375
08:00:34,91282CKK6,TSRYS5793014,D,S,T,2024-05-14,6000000.00,4.842115,100.05859375
08:00:34,91282CKK6,TSRYS5793014,D,S,T,2024-05-14,1000000.00,4.842115,100.05859375
08:00:34,91282CKK6,TSRYS5793014,D,S,T,2024-05-14,5000000.00,4.842115,100.05859375
08:00:34,91282CKK6,TSRYS5793014,D,S,T,2024-05-14,3000000.00,4.842115,100.05859375
08:00:34,91282CKK6,TSRYS5793014,D,S,T,2024-05-14,2000000.00,4.842115,100.05859375
08:00:34,91282CKK6,TSRYS5793014,D,S,T,2024-05-14,3000000.00,4.842115,100.05859375
08:00:34,91282CKK6,TSRYS5793014,D,S,T,2024-05-14,2000000.00,4.842115,100.05859375
08:00:34,91282CKK6,TSRYS5793014,D,S,T,2024-05-14,1000000.00,4.841059,100.060546875
08:00:34,91282CKK6,TSRYS5793014,D,S,T,2024-05-14,1000000.00,4.841059,100.060546875
08:00:34,91282CKK6,TSRYS5793014,D,S,T,2024-05-14,2000000.00,4.840002,100.0625
08:00:34,91282CKK6,TSRYS5793014,D,S,T,2024-05-14,2000000.00,4.840002,100.0625
08:00:34,91282CKK6,TSRYS5793014,D,S,T,2024-05-14,1000000.00,4.840002,100.0625
08:00:34,91282CKK6,TSRYS5793014,D,S,T,2024-05-14,1000000.00,4.840002,100.0625
08:00:34,91282CKK6,TSRYS5793014,D,S,T,2024-05-14,1000000.00,4.840002,100.0625
08:00:34,91282CKK6,TSRYS5793014,D,S,T,2024-05-14,1000000.00,4.83789,100.06640625
08:00:34,91282CKK6,TSRYS5793014,D,S,T,2024-05-14,1000000.00,4.83789,100.06640625
08:00:34,91282CKK6,TSRYS5793014,D,S,T,2024-05-14,2000000.00,4.83789,100.06640625
08:00:34,91282CKK6,TSRYS5793014,D,S,T,2024-05-14,5000000.00,4.83789,100.06640625
08:00:34,91282CKK6,TSRYS5793014,D,S,T,2024-05-14,2000000.00,4.83789,100.06640625
08:00:34,91282CKK6,TSRYS5793014,D,S,T,2024-05-14,1000000.00,4.83789,100.06640625
08:00:34,91282CKK6,TSRYS5793014,D,S,T,2024-05-14,1000000.00,4.83789,100.06640625
08:00:34,91282CKK6,TSRYS5793014,D,S,T,2024-05-14,6000000.00,4.83789,100.06640625
08:00:34,91282CKK6,TSRYS5793014,D,S,T,2024-05-14,8000000.00,4.83789,100.06640625
08:00:34,91282CKK6,TSRYS5793014,D,S,T,2024-05-14,5000000.00,4.83789,100.06640625
08:00:34,91282CKK6,TSRYS5793014,D,S,T,2024-05-14,8000000.00,4.83789,100.06640625
08:00:34,91282CKK6,TSRYS5793014,D,S,T,2024-05-14,6000000.00,4.83789,100.06640625
08:00:34,91282CKK6,TSRYS5793014,D,S,T,2024-05-14,2000000.00,4.83789,100.06640625
08:00:34,91282CKK6,TSRYS5793014,D,S,T,2024-05-14,3000000.00,4.83789,100.06640625
08:00:34,91282CKK6,TSRYS5793014,D,S,T,2024-05-14,1000000.00,4.83789,100.06640625
08:00:34,91282CKK6,TSRYS5793014,D,S,T,2024-05-14,1000000.00,4.83789,100.06640625
08:00:34,91282CKK6,TSRYS5793014,D,S,T,2024-05-14,2000000.00,4.83789,100.06640625
08:00:34,91282CKK6,TSRYS5793014,D,S,T,2024-05-14,2000000.00,4.83789,100.06640625
08:00:34,91282CKK6,TSRYS5793014,D,S,T,2024-05-14,2000000.00,4.83789,100.06640625
08:00:34,91282CKK6,TSRYS5793014,D,S,T,2024-05-14,1000000.00,4.83789,100.06640625
08:00:34,91282CKK6,TSRYS5793014,D,S,T,2024-05-14,5000000.00,4.83789,100.06640625
08:00:34,91282CKK6,TSRYS5793014,D,S,T,2024-05-14,1000000.00,4.83789,100.06640625
08:00:34,91282CKK6,TSRYS5793014,D,S,T,2024-05-14,1000000.00,4.83789,100.06640625
08:00:34,91282CKK6,TSRYS5793014,D,S,T,2024-05-14,1000000.00,4.83789,100.06640625
08:00:34,91282CKK6,TSRYS5793014,D,S,T,2024-05-14,2000000.00,4.83789,100.06640625
08:00:34,91282CKK6,TSRYS5793014,D,S,T,2024-05-14,1000000.00,4.835778,100.0703125
08:00:34,91282CKK6,TSRYS5793014,D,S,T,2024-05-14,1000000.00,4.83789,100.06640625
08:00:34,91282CKK6,TSRYS5793014,D,S,T,2024-05-14,3000000.00,4.83789,100.06640625
08:00:34,91282CKK6,TSRYS5793014,D,S,T,2024-05-14,2000000.00,4.83789,100.06640625
08:00:34,91282CKK6,TSRYS5793014,D,S,T,2024-05-14,2000000.00,4.83789,100.06640625
08:00:34,91282CKK6,TSRYS5793014,D,S,T,2024-05-14,4000000.00,4.83789,100.06640625
08:00:34,91282CKK6,TSRYS5793014,D,S,T,2024-05-14,4000000.00,4.83789,100.06640625
08:00:34,91282CKK6,TSRYS5793014,D,S,T,2024-05-14,1000000.00,4.83789,100.06640625
08:00:34,91282CKK6,TSRYS5793014,D,S,T,2024-05-14,2000000.00,4.834722,100.072265625
08:00:34,91282CKK6,TSRYS5793014,D,S,T,2024-05-14,1000000.00,4.835778,100.0703125
08:00:34,91282CKK6,TSRYS5793014,D,S,T,2024-05-14,2000000.00,4.835778,100.0703125
08:00:34,91282CKK6,TSRYS5793014,D,S,T,2024-05-14,2000000.00,4.835778,100.0703125
08:00:34,91282CKK6,TSRYS5793014,D,S,T,2024-05-14,1000000.00,4.83789,100.06640625
08:00:34,91282CKK6,TSRYS5793014,D,S,T,2024-05-14,2000000.00,4.83789,100.06640625
08:00:34,91282CKK6,TSRYS5793014,D,S,T,2024-05-14,4000000.00,4.83789,100.06640625
08:00:34,91282CKK6,TSRYS5793014,D,S,T,2024-05-14,4000000.00,4.83789,100.06640625
08:00:34,91282CKK6,TSRYS5793014,D,S,T,2024-05-14,17000000.00,4.83789,100.06640625
08:00:34,91282CKK6,TSRYS5793014,D,S,T,2024-05-14,10000000.00,4.83789,100.06640625
08:00:34,91282CKK6,TSRYS5793014,D,S,T,2024-05-14,2000000.00,4.83789,100.06640625
08:00:34,91282CKK6,TSRYS5793014,D,S,T,2024-05-14,5000000.00,4.83789,100.06640625
08:00:34,91282CKK6,TSRYS5793014,D,S,T,2024-05-14,2000000.00,4.83789,100.06640625
08:00:34,91282CKK6,TSRYS5793014,D,S,T,2024-05-14,2000000.00,4.83789,100.06640625
08:00:34,91282CKK6,TSRYS5793014,D,S,T,2024-05-14,1000000.00,4.83789,100.06640625
08:00:34,91282CKK6,TSRYS5793014,D,S,T,2024-05-14,1000000.00,4.83789,100.06640625
08:00:34,91282CKK6,TSRYS5793014,D,S,T,2024-05-14,1000000.00,4.83789,100.06640625
08:00:34,91282CKK6,TSRYS5793014,D,S,T,2024-05-14,1000000.00,4.83789,100.06640625
08:00:34,91282CKK6,TSRYS5793014,D,S,T,2024-05-14,2000000.00,4.83789,100.06640625
08:00:34,91282CKK6,TSRYS5793014,D,S,T,2024-05-14,1000000.00,4.83789,100.06640625
08:00:34,91282CKK6,TSRYS5793014,D,S,T,2024-05-14,2000000.00,4.83789,100.06640625
08:00:34,91282CKK6,TSRYS5793014,D,S,T,2024-05-14,2000000.00,4.840002,100.0625
08:00:34,91282CKK6,TSRYS5793014,D,S,T,2024-05-14,4000000.00,4.840002,100.0625
08:00:34,91282CKK6,TSRYS5793014,D,S,T,2024-05-14,1000000.00,4.836834,100.068359375
08:00:34,91282CKK6,TSRYS5793014,D,S,T,2024-05-14,1000000.00,4.83789,100.06640625
08:00:34,91282CKK6,TSRYS5793014,D,S,D,2024-05-14,5000000.00,4.841059,100.060546875
08:00:37,91282CKK6,TSRYS5793014,D,S,D,2024-05-14,1000000.00,4.835778,100.0703125
08:00:37,91282CKK6,TSRYS5793014,D,S,D,2024-05-14,1000000.00,4.835778,100.0703125
08:00:37,91282CKK6,TSRYS5793014,D,S,D,2024-05-14,1000000.00,4.835778,100.0703125
08:00:37,91282CKK6,TSRYS5793014,D,S,D,2024-05-14,1000000.00,4.835778,100.0703125
08:00:37,91282CKK6,TSRYS5793014,D,S,D,2024-05-14,1000000.00,4.835778,100.0703125
08:00:37,91282CKK6,TSRYS5793014,D,S,D,2024-05-14,1000000.00,4.835778,100.0703125
08:00:37,91282CKK6,TSRYS5793014,D,S,D,2024-05-14,1000000.00,4.835778,100.0703125
08:00:37,91282CKK6,TSRYS5793014,D,S,D,2024-05-14,1000000.00,4.835778,100.0703125
08:00:37,91282CKK6,TSRYS5793014,D,S,D,2024-05-14,1000000.00,4.835778,100.0703125
08:00:37,91282CKK6,TSRYS5793014,D,S,D,2024-05-14,1000000.00,4.835778,100.0703125
08:00:37,91282CKK6,TSRYS5793014,D,S,D,2024-05-14,1000000.00,4.835778,100.0703125
08:00:37,91282CKK6,TSRYS5793014,D,S,D,2024-05-14,1000000.00,4.835778,100.0703125
08:00:37,91282CKK6,TSRYS5793014,D,S,D,2024-05-14,1000000.00,4.835778,100.0703125
08:00:37,91282CKK6,TSRYS5793014,D,S,D,2024-05-14,1000000.00,4.835778,100.0703125
08:00:37,91282CKK6,TSRYS5793014,D,S,D,2024-05-14,1000000.00,4.835778,100.0703125
08:00:37,91282CKK6,TSRYS5793014,D,S,D,2024-05-14,1000000.00,4.835778,100.0703125
08:00:37,91282CKK6,TSRYS5793014,D,S,D,2024-05-14,1000000.00,4.835778,100.0703125
08:00:37,91282CKK6,TSRYS5793014,D,S,D,2024-05-14,1000000.00,4.835778,100.0703125
08:00:37,91282CKK6,TSRYS5793014,D,S,D,2024-05-14,1000000.00,4.835778,100.0703125
08:00:37,91282CKK6,TSRYS5793014,D,S,D,2024-05-14,1000000.00,4.835778,100.0703125
08:00:37,91282CKK6,TSRYS5793014,D,S,D,2024-05-14,1000000.00,4.835778,100.0703125
08:00:37,91282CKK6,TSRYS5793014,D,S,D,2024-05-14,1000000.00,4.835778,100.0703125
08:00:37,91282CKK6,TSRYS5793014,D,S,D,2024-05-14,1000000.00,4.835778,100.0703125
08:00:37,91282CKK6,TSRYS5793014,D,S,D,2024-05-14,1000000.00,4.835778,100.0703125
08:00:37,91282CKK6,TSRYS5793014,D,S,D,2024-05-14,1000000.00,4.835778,100.0703125
08:00:37,91282CKK6,TSRYS5793014,D,S,D,2024-05-14,1000000.00,4.835778,100.0703125
08:00:37,91282CKK6,TSRYS5793014,D,S,D,2024-05-14,1000000.00,4.835778,100.0703125
08:00:37,91282CKK6,TSRYS5793014,D,S,D,2024-05-14,1000000.00,4.835778,100.0703125
08:00:37,91282CKK6,TSRYS5793014,D,S,D,2024-05-14,1000000.00,4.835778,100.0703125
08:00:37,91282CKK6,TSRYS5793014,D,S,D,2024-05-14,1000000.00,4.835778,100.0703125
08:00:37,91282CKK6,TSRYS5793014,D,S,D,2024-05-14,4000000.00,4.836834,100.068359375
08:00:37,91282CKK6,TSRYS5793014,D,S,D,2024-05-14,1000000.00,4.83789,100.06640625
08:00:37,91282CKK6,TSRYS5793014,D,S,D,2024-05-14,1000000.00,4.83789,100.06640625
08:00:37,91282CKK6,TSRYS5793014,D,S,D,2024-05-14,1000000.00,4.83789,100.06640625
08:00:37,91282CKK6,TSRYS5793014,D,S,T,2024-05-14,1000000.00,4.854792,100.03515625
08:00:37,91282CKK6,TSRYS5793014,D,S,T,2024-05-14,1000000.00,4.855848,100.033203125
08:00:37,91282CKK6,TSRYS5793014,D,S,T,2024-05-14,9000000.00,4.856905,100.03125
08:00:37,91282CKK6,TSRYS5793014,D,S,T,2024-05-14,1000000.00,4.855848,100.033203125
08:00:37,91282CKK6,TSRYS5793014,D,S,T,2024-05-14,1000000.00,4.856905,100.03125
08:00:37,91282CKK6,TSRYS5793014,D,S,T,2024-05-14,1000000.00,4.856905,100.03125
08:00:37,91282CKK6,TSRYS5793014,D,S,T,2024-05-14,1000000.00,4.856905,100.03125
08:00:37,91282CKK6,TSRYS5793014,D,S,T,2024-05-14,3000000.00,4.855848,100.033203125
08:00:37,91282CKK6,TSRYS5793014,D,S,T,2024-05-14,1000000.00,4.856905,100.03125
08:00:37,91282CKK6,TSRYS5793014,D,S,T,2024-05-14,1000000.00,4.856905,100.03125
08:00:37,91282CKK6,TSRYS5793014,D,S,T,2024-05-14,1000000.00,4.856905,100.03125
08:00:37,91282CKK6,TSRYS5793014,D,S,T,2024-05-14,2000000.00,4.856905,100.03125
08:00:37,91282CKK6,TSRYS5793014,D,S,T,2024-05-14,1000000.00,4.856905,100.03125
08:00:37,91282CKK6,TSRYS5793014,D,S,T,2024-05-14,1000000.00,4.856905,100.03125
08:00:37,91282CKK6,TSRYS5793014,D,S,T,2024-05-14,2000000.00,4.856905,100.03125
08:00:37,91282CKK6,TSRYS5793014,D,S,T,2024-05-14,10000000.00,4.856905,100.03125
08:00:37,91282CKK6,TSRYS5793014,D,S,T,2024-05-14,1000000.00,4.856905,100.03125
08:00:37,91282CKK6,TSRYS5793014,D,S,T,2024-05-14,1000000.00,4.856905,100.03125
08:00:37,91282CKK6,TSRYS5793014,D,S,T,2024-05-14,1000000.00,4.856905,100.03125
08:00:37,91282CKK6,TSRYS5793014,D,S,T,2024-05-14,1000000.00,4.856905,100.03125
08:00:37,91282CKK6,TSRYS5793014,D,S,T,2024-05-14,1000000.00,4.856905,100.03125
08:00:37,91282CKK6,TSRYS5793014,D,S,T,2024-05-14,3000000.00,4.856905,100.03125
08:00:37,91282CKK6,TSRYS5793014,D,S,T,2024-05-14,1000000.00,4.856905,100.03125
08:00:37,91282CKK6,TSRYS5793014,D,S,T,2024-05-14,1000000.00,4.856905,100.03125
08:00:37,91282CKK6,TSRYS5793014,D,S,T,2024-05-14,2000000.00,4.856905,100.03125
08:00:37,91282CKK6,TSRYS5793014,D,S,T,2024-05-14,1000000.00,4.856905,100.03125
08:00:37,91282CKK6,TSRYS5793014,D,S,T,2024-05-14,2000000.00,4.856905,100.03125
08:00:37,91282CKK6,TSRYS5793014,D,S,T,2024-05-14,1000000.00,4.856905,100.03125
08:00:37,91282CKK6,TSRYS5793014,D,S,T,2024-05-14,9000000.00,4.856905,100.03125
08:00:37,91282CKK6,TSRYS5793014,D,S,T,2024-05-14,2000000.00,4.856905,100.03125
08:00:37,91282CKK6,TSRYS5793014,D,S,T,2024-05-14,1000000.00,4.856905,100.03125
08:00:37,91282CKK6,TSRYS5793014,D,S,A,2024-05-14,6700000.00,4.856905,100.03125
08:00:37,91282CKK6,TSRYS5793014,D,S,C,2024-05-14,200000.00,4.856905,100.03125
08:00:37,91282CKK6,TSRYS5793014,D,S,A,2024-05-14,500000.00,4.854792,100.03515625
08:00:37,91282CKK6,TSRYS5793014,D,S,T,2024-05-14,1000000.00,4.854792,100.03515625
08:00:37,91282CKK6,TSRYS5793014,D,S,A,2024-05-14,10000000.00,4.854792,100.03515625
08:00:37,91282CKK6,TSRYS5793014,D,B,A,2024-05-14,1055000.00,4.852679,100.0390625
08:00:37,91282CKK6,TSRYS5793014,D,B,A,2024-05-14,791000.00,4.850566,100.04296875
08:00:37,91282CKK6,TSRYS5793014,D,S,A,2024-05-14,1000000.00,4.843171,100.056640625
08:00:37,91282CKK6,TSRYS5793014,D,S,A,2024-05-14,1000000.00,4.842115,100.05859375
08:00:37,91282CKK6,TSRYS5793014,D,S,T,2024-05-14,2000000.00,4.842115,100.05859375
08:00:37,91282CKK6,TSRYS5793014,D,S,T,2024-05-14,2000000.00,4.842115,100.05859375
08:00:37,91282CKK6,TSRYS5793014,D,S,T,2024-05-14,1000000.00,4.842115,100.05859375
08:00:37,91282CKK6,TSRYS5793014,D,S,T,2024-05-14,1000000.00,4.840002,100.0625
08:00:37,91282CKK6,TSRYS5793014,D,S,T,2024-05-14,1000000.00,4.840002,100.0625
08:00:37,91282CKK6,TSRYS5793014,D,S,A,2024-05-14,1400000.00,4.840002,100.0625
08:00:37,91282CKK6,TSRYS5793014,D,S,A,2024-05-14,550000.00,4.840002,100.0625
08:00:37,91282CKK6,TSRYS5793014,D,S,T,2024-05-14,1000000.00,4.841059,100.060546875
08:00:37,91282CKK6,TSRYS5793014,D,S,T,2024-05-14,1000000.00,4.841059,100.060546875
08:00:37,91282CKK6,TSRYS5793014,D,S,T,2024-05-14,1000000.00,4.83789,100.06640625
08:00:37,91282CKK6,TSRYS5793014,D,S,A,2024-05-14,1000000.00,4.83789,100.06640625
08:00:37,91282CKK6,TSRYS5793014,D,S,T,2024-05-14,1000000.00,4.838946,100.064453125
08:00:37,91282CKK6,TSRYS5793014,D,S,T,2024-05-14,1000000.00,4.838946,100.064453125
08:00:37,91282CKK6,TSRYS5793014,D,S,A,2024-05-14,12000000.00,4.83789,100.06640625
08:00:37,91282CKK6,TSRYS5793014,D,S,T,2024-05-14,1000000.00,4.838946,100.064453125
08:00:37,91282CKK6,TSRYS5793014,D,B,A,2024-05-14,1600000.00,4.840002,100.0625
08:00:37,91282CKK6,TSRYS5793014,D,S,A,2024-05-14,1500000.00,4.840002,100.0625
08:00:37,91282CKK6,TSRYS5793014,D,S,T,2024-05-14,1000000.00,4.840002,100.0625
08:00:37,91282CKK6,TSRYS5793014,D,S,A,2024-05-14,900000.00,4.83789,100.06640625
08:00:38,91282CKK6,TSRYS5793014,D,B,A,2024-05-14,16000000.00,4.842115,100.05859375
08:00:38,91282CKK6,TSRYS5793014,D,B,A,2024-05-14,16000000.00,4.842115,100.05859375
08:00:38,91282CKK6,TSRYS5793014,D,B,A,2024-05-14,16000000.00,4.842115,100.05859375
08:00:38,91282CKK6,TSRYS5793014,D,S,T,2024-05-14,4000000.00,4.842115,100.05859375
08:00:38,91282CKK6,TSRYS5793014,D,S,T,2024-05-14,1000000.00,4.842115,100.05859375
08:00:38,91282CKK6,TSRYS5793014,D,S,T,2024-05-14,4000000.00,4.842115,100.05859375
08:00:38,91282CKK6,TSRYS5793014,D,S,T,2024-05-14,9000000.00,4.842115,100.05859375
08:00:38,91282CKK6,TSRYS5793014,D,S,T,2024-05-14,23000000.00,4.842115,100.05859375
08:00:38,91282CKK6,TSRYS5793014,D,S,T,2024-05-14,1000000.00,4.842115,100.05859375
08:00:38,91282CKK6,TSRYS5793014,D,B,A,2024-05-14,1000000.00,4.842115,100.05859375
08:00:38,91282CKK6,TSRYS5793014,D,S,T,2024-05-14,1000000.00,4.842115,100.05859375
08:00:38,91282CKK6,TSRYS5793014,D,B,A,2024-05-14,1000000.00,4.842115,100.05859375
08:00:38,91282CKK6,TSRYS5793014,D,S,T,2024-05-14,1000000.00,4.842115,100.05859375
08:00:38,91282CKK6,TSRYS5793014,D,S,T,2024-05-14,1000000.00,4.842115,100.05859375
08:00:38,91282CKK6,TSRYS5793014,D,S,T,2024-05-14,2000000.00,4.842115,100.05859375
08:00:38,91282CKK6,TSRYS5793014,D,S,T,2024-05-14,2000000.00,4.842115,100.05859375
08:00:38,91282CKK6,TSRYS5793014,D,S,T,2024-05-14,1000000.00,4.842115,100.05859375
08:00:38,91282CKK6,TSRYS5793014,D,S,T,2024-05-14,1000000.00,4.841059,100.060546875
08:00:38,91282CKK6,TSRYS5793014,D,S,C,2024-05-14,430000.00,4.840002,100.0625
08:00:38,91282CKK6,TSRYS5793014,D,S,T,2024-05-14,1000000.00,4.840002,100.0625
08:00:38,91282CKK6,TSRYS5793014,D,S,T,2024-05-14,1000000.00,4.840002,100.0625
08:00:38,91282CKK6,TSRYS5793014,D,S,T,2024-05-14,1000000.00,4.835778,100.0703125
08:00:38,91282CKK6,TSRYS5793014,D,S,T,2024-05-14,1000000.00,4.835778,100.0703125
08:00:38,91282CKK6,TSRYS5793014,D,S,C,2024-05-14,2300000.00,4.83789,100.06640625
08:00:38,91282CKK6,TSRYS5793014,D,S,C,2024-05-14,230000.00,4.83789,100.06640625
08:00:38,91282CKK6,TSRYS5793014,D,S,T,2024-05-14,10000000.00,4.83789,100.06640625
08:00:38,91282CKK6,TSRYS5793014,D,S,A,2024-05-14,6000000.00,4.836834,100.068359375
08:00:38,91282CKK6,TSRYS5793014,D,S,A,2024-05-14,39000000.00,4.835778,100.0703125
08:00:38,91282CKK6,TSRYS5793014,D,S,T,2024-05-14,1000000.00,4.835778,100.0703125
08:00:38,91282CKK6,TSRYS5793014,D,S,T,2024-05-14,1000000.00,4.835778,100.0703125
08:00:38,91282CKK6,TSRYS5793014,D,S,T,2024-05-14,1000000.00,4.835778,100.0703125
08:00:38,91282CKK6,TSRYS5793014,D,S,T,2024-05-14,2000000.00,4.835778,100.0703125
08:00:38,91282CKK6,TSRYS5793014,D,S,T,2024-05-14,2000000.00,4.835778,100.0703125
08:00:38,91282CKK6,TSRYS5793014,D,S,D,2024-05-14,1000000.00,4.835778,100.0703125
08:00:38,91282CKK6,TSRYS5793014,D,S,T,2024-05-14,1000000.00,4.835778,100.0703125
08:00:38,91282CKK6,TSRYS5793014,D,S,T,2024-05-14,2000000.00,4.83789,100.06640625
08:00:38,91282CKK6,TSRYS5793014,D,S,T,2024-05-14,1000000.00,4.83789,100.06640625
08:00:38,91282CKK6,TSRYS5793014,D,S,T,2024-05-14,2000000.00,4.83789,100.06640625
08:00:38,91282CKK6,TSRYS5793014,D,S,T,2024-05-14,1000000.00,4.840002,100.0625
08:00:38,91282CKK6,TSRYS5793014,D,S,T,2024-05-14,1000000.00,4.840002,100.0625
08:00:38,91282CKK6,TSRYS5793014,D,S,T,2024-05-14,1000000.00,4.83789,100.06640625
08:00:38,91282CKK6,TSRYS5793014,D,S,T,2024-05-14,1000000.00,4.83789,100.06640625
08:00:38,91282CKK6,TSRYS5793014,D,S,D,2024-05-14,1000000.00,4.836834,100.068359375
08:00:38,91282CKK6,TSRYS5793014,D,S,T,2024-05-14,1000000.00,4.836834,100.068359375
08:00:38,91282CKK6,TSRYS5793014,D,S,T,2024-05-14,1000000.00,4.835778,100.0703125
08:00:38,91282CKK6,TSRYS5793014,D,S,T,2024-05-14,1000000.00,4.835778,100.0703125
08:00:38,91282CKK6,TSRYS5793014,D,S,T,2024-05-14,1000000.00,4.836834,100.068359375
08:00:38,91282CKK6,TSRYS5793014,D,S,T,2024-05-14,1000000.00,4.835778,100.0703125
08:00:38,91282CKK6,TSRYS5793014,D,S,T,2024-05-14,1000000.00,4.835778,100.0703125
08:00:38,91282CKK6,TSRYS5793014,D,S,T,2024-05-14,1000000.00,4.835778,100.0703125
08:00:38,91282CKK6,TSRYS5793014,D,S,T,2024-05-14,1000000.00,4.835778,100.0703125
08:00:38,91282CKK6,TSRYS5793014,D,S,D,2024-05-14,2000000.00,4.83789,100.06640625
08:00:38,91282CKK6,TSRYS5793014,D,S,D,2024-05-14,5000000.00,4.836834,100.068359375
08:00:38,91282CKK6,TSRYS5793014,D,B,C,2024-05-14,5000000.00,4.836834,100.068359375
08:00:38,91282CKK6,TSRYS5793014,D,S,D,2024-05-14,9000000.00,4.836834,100.068359375
08:00:38,91282CKK6,TSRYS5793014,D,B,C,2024-05-14,9000000.00,4.836834,100.068359375
08:00:39,91282CKK6,TSRYS5793014,D,B,C,2024-05-14,4000000.00,4.836834,100.068359375
08:00:39,91282CKK6,TSRYS5793014,D,S,D,2024-05-14,4000000.00,4.836834,100.068359375
08:00:39,91282CKK6,TSRYS5793014,D,B,C,2024-05-14,5000000.00,4.836834,100.068359375
08:00:39,91282CKK6,TSRYS5793014,D,S,D,2024-05-14,2000000.00,4.836834,100.068359375
08:00:39,91282CKK6,TSRYS5793014,D,B,C,2024-05-14,2000000.00,4.836834,100.068359375
08:00:39,91282CKK6,TSRYS5793014,D,S,D,2024-05-14,5000000.00,4.836834,100.068359375
08:00:39,91282CKK6,TSRYS5793014,D,B,C,2024-05-14,5000000.00,4.835778,100.0703125
08:00:39,91282CKK6,TSRYS5793014,D,B,C,2024-05-14,5000000.00,4.835778,100.0703125
08:00:39,91282CKK6,TSRYS5793014,D,S,D,2024-05-14,5000000.00,4.835778,100.0703125
08:00:39,91282CKK6,TSRYS5793014,D,S,D,2024-05-14,5000000.00,4.835778,100.0703125
08:00:39,91282CKK6,TSRYS5793014,D,S,D,2024-05-14,1000000.00,4.835778,100.0703125
08:00:39,91282CKK6,TSRYS5793014,D,B,C,2024-05-14,1000000.00,4.835778,100.0703125
08:00:39,91282CKK6,TSRYS5793014,D,S,D,2024-05-14,2000000.00,4.835778,100.0703125
08:00:39,91282CKK6,TSRYS5793014,D,B,C,2024-05-14,2000000.00,4.835778,100.0703125
08:00:39,91282CKK6,TSRYS5793014,D,S,D,2024-05-14,5000000.00,4.835778,100.0703125
08:00:39,91282CKK6,TSRYS5793014,D,B,C,2024-05-14,5000000.00,4.835778,100.0703125
08:00:40,91282CKK6,TSRYS5793014,D,S,T,2024-05-14,2000000.00,4.835778,100.0703125
08:00:40,91282CKK6,TSRYS5793014,D,S,T,2024-05-14,1000000.00,4.835778,100.0703125
08:00:40,91282CKK6,TSRYS5793014,D,S,T,2024-05-14,4000000.00,4.835778,100.0703125
08:00:40,91282CKK6,TSRYS5793014,D,S,T,2024-05-14,1000000.00,4.835778,100.0703125
08:00:40,91282CKK6,TSRYS5793014,D,S,T,2024-05-14,6000000.00,4.835778,100.0703125
08:00:40,91282CKK6,TSRYS5793014,D,S,T,2024-05-14,10000000.00,4.835778,100.0703125
08:00:40,91282CKK6,TSRYS5793014,D,S,T,2024-05-14,3000000.00,4.835778,100.0703125
08:00:40,91282CKK6,TSRYS5793014,D,S,D,2024-05-14,4000000.00,4.836834,100.068359375
08:00:40,91282CKK6,TSRYS5793014,D,S,D,2024-05-14,2000000.00,4.836834,100.068359375
08:00:40,91282CKK6,TSRYS5793014,D,S,T,2024-05-14,2000000.00,4.835778,100.0703125
08:00:40,91282CKK6,TSRYS5793014,D,S,D,2024-05-14,1000000.00,4.836834,100.068359375
08:00:40,91282CKK6,TSRYS5793014,D,S,D,2024-05-14,1000000.00,4.836834,100.068359375
08:00:40,91282CKK6,TSRYS5793014,D,S,D,2024-05-14,1000000.00,4.836834,100.068359375
08:00:40,91282CKK6,TSRYS5793014,D,S,D,2024-05-14,1000000.00,4.836834,100.068359375
08:00:40,91282CKK6,TSRYS5793014,D,S,D,2024-05-14,1000000.00,4.836834,100.068359375
08:00:40,91282CKK6,TSRYS5793014,D,S,D,2024-05-14,1000000.00,4.836834,100.068359375
08:00:40,91282CKK6,TSRYS5793014,D,S,D,2024-05-14,1000000.00,4.836834,100.068359375
08:00:40,91282CKK6,TSRYS5793014,D,S,D,2024-05-14,4000000.00,4.836834,100.068359375
08:00:40,91282CKK6,TSRYS5793014,D,S,D,2024-05-14,7000000.00,4.836834,100.068359375
08:00:40,91282CKK6,TSRYS5793014,D,S,D,2024-05-14,8000000.00,4.836834,100.068359375
08:00:40,91282CKK6,TSRYS5793014,D,S,D,2024-05-14,8000000.00,4.836834,100.068359375
08:00:40,91282CKK6,TSRYS5793014,D,S,T,2024-05-14,1000000.00,4.835778,100.0703125
08:00:40,91282CKK6,TSRYS5793014,D,S,T,2024-05-14,1000000.00,4.835778,100.0703125
08:00:40,91282CKK6,TSRYS5793014,D,S,T,2024-05-14,4000000.00,4.835778,100.0703125
08:00:40,91282CKK6,TSRYS5793014,D,S,T,2024-05-14,1000000.00,4.835778,100.0703125
08:00:40,91282CKK6,TSRYS5793014,D,S,T,2024-05-14,1000000.00,4.835778,100.0703125
08:00:40,91282CKK6,TSRYS5793014,D,S,T,2024-05-14,4000000.00,4.835778,100.0703125
08:00:41,91282CKK6,TSRYS5793014,D,S,T,2024-05-14,1000000.00,4.835778,100.0703125
08:00:41,91282CKK6,TSRYS5793014,D,S,D,2024-05-14,1500000.00,4.856905,100.03125
08:00:41,91282CKK6,TSRYS5793014,D,S,T,2024-05-14,3000000.00,4.836834,100.068359375
08:00:41,91282CKK6,TSRYS5793014,D,S,T,2024-05-14,1000000.00,4.836834,100.068359375
08:00:41,91282CKK6,TSRYS5793014,D,S,T,2024-05-14,1000000.00,4.836834,100.068359375
08:00:41,91282CKK6,TSRYS5793014,D,S,T,2024-05-14,2000000.00,4.83789,100.06640625
08:00:41,91282CKK6,TSRYS5793014,D,S,T,2024-05-14,1000000.00,4.83789,100.06640625
08:00:41,91282CKK6,TSRYS5793014,D,S,T,2024-05-14,1000000.00,4.83789,100.06640625
08:00:41,91282CKK6,TSRYS5793014,D,S,T,2024-05-14,1000000.00,4.836834,100.068359375
08:00:41,91282CKK6,TSRYS5793014,D,S,D,2024-05-14,1000000.00,4.856905,100.03125
08:00:41,91282CKK6,TSRYS5793014,D,S,T,2024-05-14,4000000.00,4.83789,100.06640625
08:00:41,91282CKK6,TSRYS5793014,D,S,T,2024-05-14,1000000.00,4.836834,100.068359375
08:00:41,91282CKK6,TSRYS5793014,D,S,D,2024-05-14,1000000.00,4.835778,100.0703125
08:00:41,91282CKK6,TSRYS5793014,D,S,D,2024-05-14,2000000.00,4.835778,100.0703125
08:00:41,91282CKK6,TSRYS5793014,D,S,D,2024-05-14,8000000.00,4.835778,100.0703125
08:00:41,91282CKK6,TSRYS5793014,D,S,T,2024-05-14,1000000.00,4.854792,100.03515625
08:00:41,91282CKK6,TSRYS5793014,D,S,D,2024-05-14,4000000.00,4.836834,100.068359375
08:00:41,91282CKK6,TSRYS5793014,D,S,D,2024-05-14,1000000.00,4.83789,100.06640625
08:00:41,91282CKK6,TSRYS5793014,D,S,T,2024-05-14,1000000.00,4.83789,100.06640625
08:00:41,91282CKK6,TSRYS5793014,D,S,T,2024-05-14,1000000.00,4.83789,100.06640625
08:00:41,91282CKK6,TSRYS5793014,D,S,T,2024-05-14,3000000.00,4.836834,100.068359375
08:00:42,91282CKK6,TSRYS5793014,D,S,T,2024-05-14,1000000.00,4.83789,100.06640625
08:00:42,91282CKK6,TSRYS5793014,D,S,T,2024-05-14,4000000.00,4.836834,100.068359375
08:00:42,91282CKK6,TSRYS5793014,D,S,D,2024-05-14,4000000.00,4.836834,100.068359375
08:00:42,91282CKK6,TSRYS5793014,D,S,D,2024-05-14,660000.00,4.850566,100.04296875
08:00:42,91282CKK6,TSRYS5793014,D,S,T,2024-05-14,1000000.00,4.836834,100.068359375
08:00:43,91282CKK6,TSRYS5793014,D,S,T,2024-05-14,8000000.00,4.836834,100.068359375
08:00:43,91282CKK6,TSRYS5793014,D,S,T,2024-05-14,1000000.00,4.83789,100.06640625
08:00:43,91282CKK6,TSRYS5793014,D,S,T,2024-05-14,2000000.00,4.83789,100.06640625
08:00:43,91282CKK6,TSRYS5793014,D,S,T,2024-05-14,9000000.00,4.83789,100.06640625
08:00:43,91282CKK6,TSRYS5793014,D,B,A,2024-05-14,250MM+,4.84634,100.05078125
08:00:43,91282CKK6,TSRYS5793014,D,S,T,2024-05-14,1000000.00,4.83789,100.06640625
08:00:43,91282CKK6,TSRYS5793014,D,S,T,2024-05-14,1000000.00,4.840057,100.0624
08:00:43,91282CKK6,TSRYS5793014,D,S,T,2024-05-14,2000000.00,4.83789,100.06640625
08:00:43,91282CKK6,TSRYS5793014,D,S,T,2024-05-14,2000000.00,4.840057,100.0624
08:00:43,91282CKK6,TSRYS5793014,D,S,T,2024-05-14,1000000.00,4.840057,100.0624
08:00:43,91282CKK6,TSRYS5793014,D,S,T,2024-05-14,5000000.00,4.840057,100.0624
08:00:43,91282CKK6,TSRYS5793014,D,S,T,2024-05-14,4000000.00,4.840057,100.0624
08:00:43,91282CKK6,TSRYS5793014,D,S,T,2024-05-14,1000000.00,4.840057,100.0624
08:00:43,91282CKK6,TSRYS5793014,D,S,T,2024-05-14,12000000.00,4.840002,100.0625
08:00:43,91282CKK6,TSRYS5793014,D,S,C,2024-05-14,3000000.00,4.84634,100.05078125
08:00:43,91282CKK6,TSRYS5793014,D,S,T,2024-05-14,3000000.00,4.83789,100.06640625
08:00:44,91282CKK6,TSRYS5793014,D,S,T,2024-05-14,2000000.00,4.83789,100.06640625
08:00:44,91282CKK6,TSRYS5793014,D,S,T,2024-05-14,1000000.00,4.83789,100.06640625
08:00:44,91282CKK6,TSRYS5793014,D,B,A,2024-05-14,160000.00,4.844227,100.0546875
08:00:45,91282CKK6,TSRYS5793014,D,S,T,2024-05-14,2000000.00,4.83789,100.06640625
08:00:45,91282CKK6,TSRYS5793014,D,S,T,2024-05-14,3000000.00,4.83789,100.06640625
08:00:45,91282CKK6,TSRYS5793014,D,S,T,2024-05-14,1000000.00,4.83789,100.06640625
08:00:45,91282CKK6,TSRYS5793014,D,S,T,2024-05-14,2000000.00,4.856905,100.03125
08:00:45,91282CKK6,TSRYS5793014,D,S,T,2024-05-14,1000000.00,4.859018,100.02734375
08:00:45,91282CKK6,TSRYS5793014,D,S,T,2024-05-14,3000000.00,4.852679,100.0390625
08:00:45,91282CKK6,TSRYS5793014,D,S,T,2024-05-14,3000000.00,4.850566,100.04296875
08:00:45,91282CKK6,TSRYS5793014,D,S,T,2024-05-14,3000000.00,4.848453,100.046875
08:00:45,91282CKK6,TSRYS5793014,D,S,T,2024-05-14,3000000.00,4.842115,100.05859375
08:00:45,91282CKK6,TSRYS5793014,D,S,T,2024-05-14,3000000.00,4.842115,100.05859375
08:00:45,91282CKK6,TSRYS5793014,D,S,T,2024-05-14,3000000.00,4.83789,100.06640625
08:00:45,91282CKK6,TSRYS5793014,D,S,T,2024-05-14,3000000.00,4.840002,100.0625
08:00:45,91282CKK6,TSRYS5793014,D,S,T,2024-05-14,3000000.00,4.840002,100.0625
08:00:45,91282CKK6,TSRYS5793014,D,S,T,2024-05-14,2000000.00,4.83789,100.06640625
08:00:45,91282CKK6,TSRYS5793014,D,S,T,2024-05-14,1000000.00,4.83789,100.06640625
08:00:45,91282CKK6,TSRYS5793014,D,B,A,2024-05-14,5932000.00,4.842115,100.05859375
08:00:45,91282CKK6,TSRYS5793014,D,S,D,2024-05-14,1000000.00,4.83789,100.06640625
08:00:46,91282CKK6,TSRYS5793014,D,S,T,2024-05-14,1000000.00,4.838946,100.064453125
08:00:46,91282CKK6,TSRYS5793014,D,S,T,2024-05-14,1000000.00,4.83789,100.06640625
08:00:47,91282CKK6,TSRYS5793014,D,S,T,2024-05-14,3000000.00,4.840002,100.0625
08:00:47,91282CKK6,TSRYS5793014,D,S,D,2024-05-14,4000000.00,4.840002,100.0625
08:00:47,91282CKK6,TSRYS5793014,D,S,D,2024-05-14,2000000.00,4.840002,100.0625
08:00:47,91282CKK6,TSRYS5793014,D,S,T,2024-05-14,1000000.00,4.840002,100.0625
08:00:47,91282CKK6,TSRYS5793014,D,S,A,2024-05-14,400000.00,4.83789,100.06640625
08:00:48,91282CKK6,TSRYS5793014,D,B,A,2024-05-14,2000000.00,4.840002,100.0625
08:00:48,91282CKK6,TSRYS5793014,D,S,T,2024-05-14,3000000.00,4.840002,100.0625
08:00:48,91282CKK6,TSRYS5793014,D,S,D,2024-05-14,2000000.00,4.840002,100.0625
08:00:48,91282CKK6,TSRYS5793014,D,S,D,2024-05-14,2000000.00,4.840002,100.0625
08:00:48,91282CKK6,TSRYS5793014,D,S,D,2024-05-14,3000000.00,4.840002,100.0625
08:00:48,91282CKK6,TSRYS5793014,D,S,T,2024-05-14,1000000.00,4.840002,100.0625
08:00:48,91282CKK6,TSRYS5793014,D,S,T,2024-05-14,1000000.00,4.840002,100.0625
08:00:48,91282CKK6,TSRYS5793014,D,S,D,2024-05-14,1000000.00,4.835778,100.0703125
08:00:48,91282CKK6,TSRYS5793014,D,S,D,2024-05-14,1000000.00,4.835778,100.0703125
08:00:48,91282CKK6,TSRYS5793014,D,S,D,2024-05-14,1000000.00,4.835778,100.0703125
08:00:48,91282CKK6,TSRYS5793014,D,S,D,2024-05-14,1000000.00,4.835778,100.0703125
08:00:48,91282CKK6,TSRYS5793014,D,S,D,2024-05-14,1000000.00,4.835778,100.0703125
08:00:48,91282CKK6,TSRYS5793014,D,S,D,2024-05-14,1000000.00,4.835778,100.0703125
08:00:48,91282CKK6,TSRYS5793014,D,S,D,2024-05-14,1000000.00,4.835778,100.0703125
08:00:48,91282CKK6,TSRYS5793014,D,S,D,2024-05-14,1000000.00,4.835778,100.0703125
08:00:48,91282CKK6,TSRYS5793014,D,S,D,2024-05-14,1000000.00,4.835778,100.0703125
08:00:48,91282CKK6,TSRYS5793014,D,S,D,2024-05-14,1000000.00,4.835778,100.0703125
08:00:48,91282CKK6,TSRYS5793014,D,S,D,2024-05-14,1000000.00,4.835778,100.0703125
08:00:48,91282CKK6,TSRYS5793014,D,S,D,2024-05-14,1000000.00,4.835778,100.0703125
08:00:48,91282CKK6,TSRYS5793014,D,S,D,2024-05-14,1000000.00,4.835778,100.0703125
08:00:48,91282CKK6,TSRYS5793014,D,S,D,2024-05-14,1000000.00,4.835778,100.0703125
08:00:48,91282CKK6,TSRYS5793014,D,S,D,2024-05-14,1000000.00,4.835778,100.0703125
08:00:48,91282CKK6,TSRYS5793014,D,S,D,2024-05-14,1000000.00,4.835778,100.0703125
08:00:48,91282CKK6,TSRYS5793014,D,S,D,2024-05-14,1000000.00,4.835778,100.0703125
08:00:48,91282CKK6,TSRYS5793014,D,S,D,2024-05-14,1000000.00,4.835778,100.0703125
08:00:48,91282CKK6,TSRYS5793014,D,S,D,2024-05-14,1000000.00,4.835778,100.0703125
08:00:48,91282CKK6,TSRYS5793014,D,S,D,2024-05-14,1000000.00,4.835778,100.0703125
08:00:48,91282CKK6,TSRYS5793014,D,S,D,2024-05-14,1000000.00,4.835778,100.0703125
08:00:48,91282CKK6,TSRYS5793014,D,S,D,2024-05-14,1000000.00,4.835778,100.0703125
08:00:48,91282CKK6,TSRYS5793014,D,S,T,2024-05-14,1000000.00,4.840002,100.0625
08:00:48,91282CKK6,TSRYS5793014,D,S,D,2024-05-14,1000000.00,4.835778,100.0703125
08:00:48,91282CKK6,TSRYS5793014,D,S,D,2024-05-14,1000000.00,4.835778,100.0703125
08:00:48,91282CKK6,TSRYS5793014,D,S,D,2024-05-14,1000000.00,4.835778,100.0703125
08:00:48,91282CKK6,TSRYS5793014,D,S,D,2024-05-14,1000000.00,4.835778,100.0703125
08:00:48,91282CKK6,TSRYS5793014,D,S,D,2024-05-14,1000000.00,4.835778,100.0703125
08:00:48,91282CKK6,TSRYS5793014,D,S,C,2024-05-14,1000000.00,4.835778,100.0703125
08:00:48,91282CKK6,TSRYS5793014,D,S,T,2024-05-14,1000000.00,4.836834,100.068359375
08:00:48,91282CKK6,TSRYS5793014,D,S,C,2024-05-14,1000000.00,4.835778,100.0703125
08:00:49,91282CKK6,TSRYS5793014,D,S,T,2024-05-14,1000000.00,4.836834,100.068359375
08:00:49,91282CKK6,TSRYS5793014,D,S,C,2024-05-14,1000000.00,4.835778,100.0703125
08:00:49,91282CKK6,TSRYS5793014,D,S,A,2024-05-14,1000000.00,4.835778,100.0703125
08:00:49,91282CKK6,TSRYS5793014,D,S,A,2024-05-14,1000000.00,4.835778,100.0703125
08:00:49,91282CKK6,TSRYS5793014,D,S,T,2024-05-14,3000000.00,4.835778,100.0703125
08:00:49,91282CKK6,TSRYS5793014,D,S,T,2024-05-14,4000000.00,4.835778,100.0703125
08:00:49,91282CKK6,TSRYS5793014,D,S,D,2024-05-14,4000000.00,4.83789,100.06640625
08:00:49,91282CKK6,TSRYS5793014,D,B,C,2024-05-14,450000.00,4.836834,100.068359375
08:00:49,91282CKK6,TSRYS5793014,D,S,D,2024-05-14,450000.00,4.836353,100.069248264
08:00:49,91282CKK6,TSRYS5793014,D,S,D,2024-05-14,10000000.00,4.836834,100.068359375
08:00:49,91282CKK6,TSRYS5793014,D,S,D,2024-05-14,4000000.00,4.836834,100.068359375
08:00:49,91282CKK6,TSRYS5793014,D,S,D,2024-05-14,1000000.00,4.836834,100.068359375
08:00:49,91282CKK6,TSRYS5793014,D,S,D,2024-05-14,10000000.00,4.836834,100.068359375
08:00:49,91282CKK6,TSRYS5793014,D,S,D,2024-05-14,1000000.00,4.836834,100.068359375
08:00:49,91282CKK6,TSRYS5793014,D,S,D,2024-05-14,1000000.00,4.836834,100.068359375
08:00:49,91282CKK6,TSRYS5793014,D,S,T,2024-05-14,4000000.00,4.835778,100.0703125
08:00:49,91282CKK6,TSRYS5793014,D,S,T,2024-05-14,1000000.00,4.836834,100.068359375
08:00:50,91282CKK6,TSRYS5793014,D,S,T,2024-05-14,1000000.00,4.835778,100.0703125
08:00:50,91282CKK6,TSRYS5793014,D,S,T,2024-05-14,10000000.00,4.835778,100.0703125
08:00:50,91282CKK6,TSRYS5793014,D,S,T,2024-05-14,1000000.00,4.836834,100.068359375
08:00:50,91282CKK6,TSRYS5793014,D,S,T,2024-05-14,5000000.00,4.836834,100.068359375
08:00:50,91282CKK6,TSRYS5793014,D,S,T,2024-05-14,1000000.00,4.83789,100.06640625
08:00:50,91282CKK6,TSRYS5793014,D,S,T,2024-05-14,2000000.00,4.83789,100.06640625
08:00:51,91282CKK6,TSRYS5793014,D,S,T,2024-05-14,2000000.00,4.836834,100.068359375
08:00:51,91282CKK6,TSRYS5793014,D,S,T,2024-05-14,1000000.00,4.835778,100.0703125
08:00:51,91282CKK6,TSRYS5793014,D,S,T,2024-05-14,13000000.00,4.835778,100.0703125
08:00:51,91282CKK6,TSRYS5793014,D,S,T,2024-05-14,6000000.00,4.836834,100.068359375
08:00:51,91282CKK6,TSRYS5793014,D,S,T,2024-05-14,1000000.00,4.835778,100.0703125
08:00:51,91282CKK6,TSRYS5793014,D,S,T,2024-05-14,1000000.00,4.835778,100.0703125
08:00:52,91282CKK6,TSRYS5793014,D,S,T,2024-05-14,1000000.00,4.836834,100.068359375
08:00:52,91282CKK6,TSRYS5793014,D,S,T,2024-05-14,5000000.00,4.836834,100.068359375
08:00:52,91282CKK6,TSRYS5793014,D,S,T,2024-05-14,3000000.00,4.836834,100.068359375
08:00:52,91282CKK6,TSRYS5793014,D,S,T,2024-05-14,3000000.00,4.836834,100.068359375
08:00:52,91282CKK6,TSRYS5793014,D,S,T,2024-05-14,2000000.00,4.836834,100.068359375
08:00:52,91282CKK6,TSRYS5793014,D,S,T,2024-05-14,1000000.00,4.83789,100.06640625
08:00:52,91282CKK6,TSRYS5793014,D,S,T,2024-05-14,3000000.00,4.83789,100.06640625
08:00:52,91282CKK6,TSRYS5793014,D,S,T,2024-05-14,1000000.00,4.83789,100.06640625
08:00:52,91282CKK6,TSRYS5793014,D,S,T,2024-05-14,1000000.00,4.83789,100.06640625
08:00:53,91282CKK6,TSRYS5793014,D,S,T,2024-05-14,9550000.00,4.873815,100.0
08:00:53,91282CKK6,TSRYS5793014,D,S,T,2024-05-14,9550000.00,4.873815,100.0
08:00:53,91282CKK6,TSRYS5793014,D,S,T,2024-05-14,47800000.00,4.873815,100.0
08:00:53,91282CKK6,TSRYS5793014,D,S,T,2024-05-14,2000000.00,4.836834,100.068359375
08:00:53,91282CKK6,TSRYS5793014,D,S,D,2024-05-14,162409000.00,4.873815,100.0
08:00:53,91282CKK6,TSRYS5793014,D,S,T,2024-05-14,3000000.00,4.835778,100.0703125
08:00:53,91282CKK6,TSRYS5793014,D,S,D,2024-05-14,135000000.00,4.839775,100.06292
08:00:53,91282CKK6,TSRYS5793014,D,S,T,2024-05-14,1000000.00,4.835778,100.0703125
08:00:53,91282CKK6,TSRYS5793014,D,S,T,2024-05-14,1000000.00,4.835778,100.0703125
08:00:53,91282CKK6,TSRYS5793014,D,S,T,2024-05-14,1000000.00,4.835778,100.0703125
08:00:53,91282CKK6,TSRYS5793014,D,S,T,2024-05-14,4000000.00,4.840002,100.0625
08:00:53,91282CKK6,TSRYS5793014,D,S,D,2024-05-14,1000000.00,4.838946,100.064453125
08:00:53,91282CKK6,TSRYS5793014,D,S,T,2024-05-14,4000000.00,4.83789,100.06640625
08:00:53,91282CKK6,TSRYS5793014,D,S,T,2024-05-14,1000000.00,4.83789,100.06640625
08:00:54,91282CKK6,TSRYS5793014,D,S,T,2024-05-14,1000000.00,4.83789,100.06640625
08:00:54,91282CKK6,TSRYS5793014,D,S,T,2024-05-14,1000000.00,4.83789,100.06640625
08:00:54,91282CKK6,TSRYS5793014,D,S,T,2024-05-14,1000000.00,4.83789,100.06640625
08:00:54,91282CKK6,TSRYS5793014,D,S,T,2024-05-14,1000000.00,4.840002,100.0625
08:00:54,91282CKK6,TSRYS5793014,D,S,T,2024-05-14,1000000.00,4.83789,100.06640625
08:00:54,91282CKK6,TSRYS5793014,D,S,T,2024-05-14,1000000.00,4.840002,100.0625
08:00:54,91282CKK6,TSRYS5793014,D,B,A,2024-05-14,5730000.00,4.856905,100.03125
08:00:54,91282CKK6,TSRYS5793014,D,S,T,2024-05-14,3000000.00,4.855848,100.033203125
08:00:54,91282CKK6,TSRYS5793014,D,S,T,2024-05-14,1000000.00,4.83789,100.06640625
08:00:54,91282CKK6,TSRYS5793014,D,S,T,2024-05-14,1000000.00,4.855848,100.033203125
08:00:54,91282CKK6,TSRYS5793014,D,S,T,2024-05-14,3000000.00,4.83789,100.06640625
08:00:54,91282CKK6,TSRYS5793014,D,S,T,2024-05-14,1000000.00,4.855848,100.033203125
08:00:54,91282CKK6,TSRYS5793014,D,S,T,2024-05-14,1000000.00,4.855848,100.033203125
08:00:54,91282CKK6,TSRYS5793014,D,S,T,2024-05-14,1000000.00,4.83789,100.06640625
08:00:54,91282CKK6,TSRYS5793014,D,S,T,2024-05-14,2000000.00,4.83789,100.06640625
08:00:54,91282CKK6,TSRYS5793014,D,S,T,2024-05-14,1000000.00,4.840002,100.0625
08:00:54,91282CKK6,TSRYS5793014,D,S,T,2024-05-14,4000000.00,4.83789,100.06640625
08:00:54,91282CKK6,TSRYS5793014,D,S,T,2024-05-14,4000000.00,4.840002,100.0625
08:00:54,91282CKK6,TSRYS5793014,D,S,T,2024-05-14,2000000.00,4.83789,100.06640625
08:00:54,91282CKK6,TSRYS5793014,D,S,T,2024-05-14,2000000.00,4.83789,100.06640625
08:00:55,91282CKK6,TSRYS5793014,D,S,T,2024-05-14,1000000.00,4.836834,100.068359375
08:00:55,91282CKK6,TSRYS5793014,D,S,D,2024-05-14,22000000.00,4.841246,100.0602
08:00:55,91282CKK6,TSRYS5793014,D,S,A,2024-05-14,461000.00,4.833666,100.07421875
08:00:55,91282CKK6,TSRYS5793014,D,S,D,2024-05-14,2000000.00,4.840002,100.0625
08:00:56,91282CKK6,TSRYS5793014,D,S,D,2024-05-14,1000000.00,4.840002,100.0625
08:00:56,91282CKK6,TSRYS5793014,D,S,D,2024-05-14,2000000.00,4.840002,100.0625
08:00:56,91282CKK6,TSRYS5793014,D,S,D,2024-05-14,5000000.00,4.840002,100.0625
08:00:56,91282CKK6,TSRYS5793014,D,S,D,2024-05-14,2000000.00,4.840002,100.0625
08:00:56,91282CKK6,TSRYS5793014,D,S,D,2024-05-14,9550000.00,4.873815,100.0
08:00:57,91282CKK6,TSRYS5793014,D,S,D,2024-05-14,122000000.00,4.839056,100.06425
08:00:57,91282CKK6,TSRYS5793014,D,S,D,2024-05-14,5000.00,4.840002,100.0625
08:00:57,91282CKK6,TSRYS5793014,D,S,T,2024-05-14,1000000.00,4.83789,100.06640625
08:00:57,91282CKK6,TSRYS5793014,D,S,T,2024-05-14,1000000.00,4.83789,100.06640625
08:00:58,91282CKK6,TSRYS5793014,D,S,T,2024-05-14,1000000.00,4.83789,100.06640625
08:00:58,91282CKK6,TSRYS5793014,D,B,A,2024-05-14,4430000.00,4.835778,100.0703125
08:00:58,91282CKK6,TSRYS5793014,D,S,T,2024-05-14,1000000.00,4.83789,100.06640625
08:00:58,91282CKK6,TSRYS5793014,D,S,T,2024-05-14,2000000.00,4.840002,100.0625
08:00:58,91282CKK6,TSRYS5793014,D,S,T,2024-05-14,28650000.00,4.873815,100.0
08:00:58,91282CKK6,TSRYS5793014,D,S,T,2024-05-14,2000000.00,4.840002,100.0625
08:00:58,91282CKK6,TSRYS5793014,D,S,T,2024-05-14,1000000.00,4.840002,100.0625
08:00:58,91282CKK6,TSRYS5793014,D,S,T,2024-05-14,2000000.00,4.835778,100.0703125
08:00:58,91282CKK6,TSRYS5793014,D,S,A,2024-05-14,16000000.00,4.833666,100.07421875
08:00:58,91282CKK6,TSRYS5793014,D,B,A,2024-05-14,16000000.00,4.833666,100.07421875
08:00:59,91282CKK6,TSRYS5793014,D,S,T,2024-05-14,1000000.00,4.835778,100.0703125
08:00:59,91282CKK6,TSRYS5793014,D,S,T,2024-05-14,1000000.00,4.835778,100.0703125
08:00:59,91282CKK6,TSRYS5793014,D,S,T,2024-05-14,38200000.00,4.873815,100.0
08:01:00,91282CKK6,TSRYS5793014,D,S,D,2024-05-14,400000.00,4.83789,100.06640625
08:01:00,91282CKK6,TSRYS5793014,D,S,D,2024-05-14,1000000.00,4.854792,100.03515625
08:01:00,91282CKK6,TSRYS5793014,D,S,D,2024-05-14,1000000.00,4.854792,100.03515625
08:01:00,91282CKK6,TSRYS5793014,D,B,C,2024-05-14,1000000.00,4.854792,100.03515625
08:01:00,91282CKK6,TSRYS5793014,D,S,D,2024-05-14,5000000.00,4.854792,100.03515625
08:01:00,91282CKK6,TSRYS5793014,D,S,D,2024-05-14,4000000.00,4.854792,100.03515625
08:01:00,91282CKK6,TSRYS5793014,D,B,C,2024-05-14,5000000.00,4.854792,100.03515625
08:01:00,91282CKK6,TSRYS5793014,D,S,D,2024-05-14,3000000.00,4.854792,100.03515625
08:01:00,91282CKK6,TSRYS5793014,D,B,C,2024-05-14,1000000.00,4.854792,100.03515625
08:01:00,91282CKK6,TSRYS5793014,D,S,D,2024-05-14,1000000.00,4.856905,100.03125
08:01:00,91282CKK6,TSRYS5793014,D,S,C,2024-05-14,1000000.00,4.854792,100.03515625
08:01:00,91282CKK6,TSRYS5793014,D,S,D,2024-05-14,1000000.00,4.859018,100.02734375
08:01:00,91282CKK6,TSRYS5793014,D,B,C,2024-05-14,1000000.00,4.859018,100.02734375
08:01:00,91282CKK6,TSRYS5793014,D,S,D,2024-05-14,2000000.00,4.856905,100.03125
08:01:00,91282CKK6,TSRYS5793014,D,S,D,2024-05-14,3000000.00,4.854792,100.03515625
08:01:00,91282CKK6,TSRYS5793014,D,B,C,2024-05-14,1000000.00,4.854792,100.03515625
08:01:00,91282CKK6,TSRYS5793014,D,S,C,2024-05-14,1000000.00,4.854792,100.03515625
08:01:00,91282CKK6,TSRYS5793014,D,S,D,2024-05-14,1000000.00,4.854792,100.03515625
08:01:00,91282CKK6,TSRYS5793014,D,S,D,2024-05-14,1000000.00,4.854792,100.03515625
08:01:00,91282CKK6,TSRYS5793014,D,S,D,2024-05-14,2000000.00,4.854792,100.03515625
08:01:00,91282CKK6,TSRYS5793014,D,S,T,2024-05-14,9550000.00,4.873815,100.0
08:01:00,91282CKK6,TSRYS5793014,D,S,D,2024-05-14,1000000.00,4.854792,100.03515625
08:01:00,91282CKK6,TSRYS5793014,D,S,D,2024-05-14,4000000.00,4.854792,100.03515625
08:01:00,91282CKK6,TSRYS5793014,D,S,D,2024-05-14,1000000.00,4.854792,100.03515625
08:01:00,91282CKK6,TSRYS5793014,D,B,C,2024-05-14,1000000.00,4.854792,100.03515625
08:01:00,91282CKK6,TSRYS5793014,D,S,D,2024-05-14,2000000.00,4.854792,100.03515625
08:01:00,91282CKK6,TSRYS5793014,D,S,D,2024-05-14,4000000.00,4.854792,100.03515625
08:01:00,91282CKK6,TSRYS5793014,D,S,C,2024-05-14,1000000.00,4.852679,100.0390625
08:01:00,91282CKK6,TSRYS5793014,D,S,D,2024-05-14,2000000.00,4.854792,100.03515625
08:01:00,91282CKK6,TSRYS5793014,D,S,D,2024-05-14,3000000.00,4.852679,100.0390625
08:01:00,91282CKK6,TSRYS5793014,D,S,D,2024-05-14,3000000.00,4.854792,100.03515625
08:01:00,91282CKK6,TSRYS5793014,D,S,C,2024-05-14,6000000.00,4.852679,100.0390625
08:01:00,91282CKK6,TSRYS5793014,D,S,D,2024-05-14,1000000.00,4.850566,100.04296875
08:01:00,91282CKK6,TSRYS5793014,D,S,T,2024-05-14,2000000.00,4.83789,100.06640625
08:01:00,91282CKK6,TSRYS5793014,D,B,C,2024-05-14,1000000.00,4.850566,100.04296875
08:01:00,91282CKK6,TSRYS5793014,D,S,D,2024-05-14,1000000.00,4.850566,100.04296875
08:01:00,91282CKK6,TSRYS5793014,D,S,T,2024-05-14,1000000.00,4.83789,100.06640625
08:01:00,91282CKK6,TSRYS5793014,D,S,D,2024-05-14,3000000.00,4.850566,100.04296875
08:01:00,91282CKK6,TSRYS5793014,D,S,D,2024-05-14,3000000.00,4.848453,100.046875
08:01:00,91282CKK6,TSRYS5793014,D,S,D,2024-05-14,6000000.00,4.848453,100.046875
08:01:00,91282CKK6,TSRYS5793014,D,B,C,2024-05-14,6000000.00,4.848453,100.046875
08:01:00,91282CKK6,TSRYS5793014,D,S,C,2024-05-14,1000000.00,4.84634,100.05078125
08:01:00,91282CKK6,TSRYS5793014,D,S,C,2024-05-14,1000000.00,4.84634,100.05078125
08:01:00,91282CKK6,TSRYS5793014,D,S,C,2024-05-14,4000000.00,4.84634,100.05078125
08:01:00,91282CKK6,TSRYS5793014,D,S,C,2024-05-14,7000000.00,4.84634,100.05078125
08:01:01,91282CKK6,TSRYS5793014,D,S,C,2024-05-14,4000000.00,4.84634,100.05078125
08:01:01,91282CKK6,TSRYS5793014,D,S,C,2024-05-14,2000000.00,4.84634,100.05078125
08:01:01,91282CKK6,TSRYS5793014,D,S,C,2024-05-14,1000000.00,4.84634,100.05078125
08:01:01,91282CKK6,TSRYS5793014,D,S,C,2024-05-14,4000000.00,4.84634,100.05078125
08:01:01,91282CKK6,TSRYS5793014,D,S,C,2024-05-14,1000000.00,4.84634,100.05078125
08:01:01,91282CKK6,TSRYS5793014,D,B,C,2024-05-14,1000000.00,4.84634,100.05078125
08:01:01,91282CKK6,TSRYS5793014,D,B,C,2024-05-14,2000000.00,4.842115,100.05859375
08:01:01,91282CKK6,TSRYS5793014,D,S,D,2024-05-14,2000000.00,4.842115,100.05859375
08:01:01,91282CKK6,TSRYS5793014,D,B,C,2024-05-14,3000000.00,4.842115,100.05859375
08:01:01,91282CKK6,TSRYS5793014,D,S,D,2024-05-14,3000000.00,4.842115,100.05859375
08:01:01,91282CKK6,TSRYS5793014,D,S,D,2024-05-14,2000000.00,4.842115,100.05859375
08:01:01,91282CKK6,TSRYS5793014,D,S,D,2024-05-14,2000000.00,4.842115,100.05859375
08:01:01,91282CKK6,TSRYS5793014,D,B,C,2024-05-14,1000000.00,4.840002,100.0625
08:01:01,91282CKK6,TSRYS5793014,D,S,D,2024-05-14,1000000.00,4.840002,100.0625
08:01:01,91282CKK6,TSRYS5793014,D,B,C,2024-05-14,3000000.00,4.840002,100.0625
08:01:01,91282CKK6,TSRYS5793014,D,S,D,2024-05-14,3000000.00,4.840002,100.0625
08:01:01,91282CKK6,TSRYS5793014,D,B,C,2024-05-14,1000000.00,4.840002,100.0625
08:01:01,91282CKK6,TSRYS5793014,D,S,D,2024-05-14,1000000.00,4.840002,100.0625
08:01:01,91282CKK6,TSRYS5793014,D,S,T,2024-05-14,1000000.00,4.83789,100.06640625
08:01:01,91282CKK6,TSRYS5793014,D,S,T,2024-05-14,3000000.00,4.840002,100.0625
08:01:01,91282CKK6,TSRYS5793014,D,S,D,2024-05-14,3000000.00,4.842115,100.05859375
08:01:01,91282CKK6,TSRYS5793014,D,S,T,2024-05-14,1000000.00,4.83789,100.06640625
08:01:01,91282CKK6,TSRYS5793014,D,S,D,2024-05-14,3000000.00,4.842115,100.05859375
08:01:01,91282CKK6,TSRYS5793014,D,S,D,2024-05-14,2000000.00,4.842115,100.05859375
08:01:01,91282CKK6,TSRYS5793014,D,B,C,2024-05-14,2000000.00,4.840002,100.0625
08:01:01,91282CKK6,TSRYS5793014,D,S,C,2024-05-14,2000000.00,4.840002,100.0625
08:01:01,91282CKK6,TSRYS5793014,D,B,C,2024-05-14,1000000.00,4.840002,100.0625
08:01:01,91282CKK6,TSRYS5793014,D,S,C,2024-05-14,1000000.00,4.840002,100.0625
08:01:01,91282CKK6,TSRYS5793014,D,B,C,2024-05-14,1000000.00,4.840002,100.0625
08:01:01,91282CKK6,TSRYS5793014,D,S,C,2024-05-14,1000000.00,4.840002,100.0625
08:01:01,91282CKK6,TSRYS5793014,D,B,C,2024-05-14,4000000.00,4.840002,100.0625
08:01:01,91282CKK6,TSRYS5793014,D,S,C,2024-05-14,4000000.00,4.840002,100.0625
08:01:01,91282CKK6,TSRYS5793014,D,S,C,2024-05-14,2000000.00,4.840002,100.0625
08:01:01,91282CKK6,TSRYS5793014,D,S,C,2024-05-14,2000000.00,4.840002,100.0625
08:01:01,91282CKK6,TSRYS5793014,D,S,C,2024-05-14,1000000.00,4.840002,100.0625
08:01:01,91282CKK6,TSRYS5793014,D,S,D,2024-05-14,1000000.00,4.838946,100.064453125
08:01:01,91282CKK6,TSRYS5793014,D,B,C,2024-05-14,10000000.00,4.838946,100.064453125
08:01:01,91282CKK6,TSRYS5793014,D,S,D,2024-05-14,10000000.00,4.838946,100.064453125
08:01:01,91282CKK6,TSRYS5793014,D,S,D,2024-05-14,5000000.00,4.838946,100.064453125
08:01:01,91282CKK6,TSRYS5793014,D,S,D,2024-05-14,2000000.00,4.838946,100.064453125
08:01:01,91282CKK6,TSRYS5793014,D,B,C,2024-05-14,2000000.00,4.838946,100.064453125
08:01:01,91282CKK6,TSRYS5793014,D,S,D,2024-05-14,2000000.00,4.838946,100.064453125
08:01:01,91282CKK6,TSRYS5793014,D,S,D,2024-05-14,1000000.00,4.840002,100.0625
08:01:01,91282CKK6,TSRYS5793014,D,S,D,2024-05-14,1000000.00,4.840002,100.0625
08:01:01,91282CKK6,TSRYS5793014,D,S,D,2024-05-14,1000000.00,4.840002,100.0625
08:01:01,91282CKK6,TSRYS5793014,D,S,C,2024-05-14,1000000.00,4.840002,100.0625
08:01:01,91282CKK6,TSRYS5793014,D,S,C,2024-05-14,2000000.00,4.840002,100.0625
08:01:01,91282CKK6,TSRYS5793014,D,S,D,2024-05-14,1000000.00,4.840002,100.0625
08:01:01,91282CKK6,TSRYS5793014,D,S,C,2024-05-14,3000000.00,4.840002,100.0625
08:01:01,91282CKK6,TSRYS5793014,D,S,C,2024-05-14,1000000.00,4.840002,100.0625
08:01:01,91282CKK6,TSRYS5793014,D,S,D,2024-05-14,1000000.00,4.838946,100.064453125
08:01:01,91282CKK6,TSRYS5793014,D,B,C,2024-05-14,1000000.00,4.838946,100.064453125
08:01:01,91282CKK6,TSRYS5793014,D,S,D,2024-05-14,5000000.00,4.838946,100.064453125
08:01:01,91282CKK6,TSRYS5793014,D,S,D,2024-05-14,1000000.00,4.838946,100.064453125
08:01:01,91282CKK6,TSRYS5793014,D,B,C,2024-05-14,5000000.00,4.838946,100.064453125
08:01:01,91282CKK6,TSRYS5793014,D,S,D,2024-05-14,4000000.00,4.838946,100.064453125
08:01:01,91282CKK6,TSRYS5793014,D,S,C,2024-05-14,1000000.00,4.840002,100.0625
08:01:01,91282CKK6,TSRYS5793014,D,S,D,2024-05-14,4000000.00,4.838946,100.064453125
08:01:01,91282CKK6,TSRYS5793014,D,B,C,2024-05-14,4000000.00,4.838946,100.064453125
08:01:01,91282CKK6,TSRYS5793014,D,B,C,2024-05-14,1000000.00,4.840002,100.0625
08:01:01,91282CKK6,TSRYS5793014,D,S,C,2024-05-14,1000000.00,4.840002,100.0625
08:01:02,91282CKK6,TSRYS5793014,D,B,C,2024-05-14,1000000.00,4.840002,100.0625
08:01:02,91282CKK6,TSRYS5793014,D,S,D,2024-05-14,1000000.00,4.842115,100.05859375
08:01:02,91282CKK6,TSRYS5793014,D,S,D,2024-05-14,5000000.00,4.841059,100.060546875
08:01:02,91282CKK6,TSRYS5793014,D,S,D,2024-05-14,1000000.00,4.841059,100.060546875
08:01:02,91282CKK6,TSRYS5793014,D,B,C,2024-05-14,1000000.00,4.841059,100.060546875
08:01:02,91282CKK6,TSRYS5793014,D,B,C,2024-05-14,1000000.00,4.842115,100.05859375
08:01:02,91282CKK6,TSRYS5793014,D,S,D,2024-05-14,1000000.00,4.842115,100.05859375
08:01:02,91282CKK6,TSRYS5793014,D,S,C,2024-05-14,1000000.00,4.841059,100.060546875
08:01:02,91282CKK6,TSRYS5793014,D,S,C,2024-05-14,1000000.00,4.841059,100.060546875
08:01:02,91282CKK6,TSRYS5793014,D,S,D,2024-05-14,3000000.00,4.841059,100.060546875
08:01:02,91282CKK6,TSRYS5793014,D,B,C,2024-05-14,1000000.00,4.840002,100.0625
08:01:02,91282CKK6,TSRYS5793014,D,S,D,2024-05-14,1000000.00,4.840002,100.0625
08:01:02,91282CKK6,TSRYS5793014,D,S,C,2024-05-14,2000000.00,4.840002,100.0625
08:01:02,91282CKK6,TSRYS5793014,D,B,C,2024-05-14,2000000.00,4.840002,100.0625
08:01:02,91282CKK6,TSRYS5793014,D,S,C,2024-05-14,1000000.00,4.840002,100.0625
08:01:02,91282CKK6,TSRYS5793014,D,B,C,2024-05-14,1000000.00,4.840002,100.0625
08:01:02,91282CKK6,TSRYS5793014,D,S,D,2024-05-14,1000000.00,4.836834,100.068359375
08:01:02,91282CKK6,TSRYS5793014,D,S,D,2024-05-14,1000000.00,4.838946,100.064453125
08:01:02,91282CKK6,TSRYS5793014,D,B,C,2024-05-14,1000000.00,4.835778,100.0703125
08:01:02,91282CKK6,TSRYS5793014,D,S,D,2024-05-14,1000000.00,4.835778,100.0703125
08:01:02,91282CKK6,TSRYS5793014,D,B,C,2024-05-14,1000000.00,4.835778,100.0703125
08:01:02,91282CKK6,TSRYS5793014,D,S,D,2024-05-14,1000000.00,4.835778,100.0703125
08:01:02,91282CKK6,TSRYS5793014,D,B,C,2024-05-14,1000000.00,4.835778,100.0703125
08:01:02,91282CKK6,TSRYS5793014,D,S,D,2024-05-14,1000000.00,4.835778,100.0703125
08:01:02,91282CKK6,TSRYS5793014,D,B,C,2024-05-14,1000000.00,4.835778,100.0703125
08:01:02,91282CKK6,TSRYS5793014,D,S,D,2024-05-14,1000000.00,4.835778,100.0703125
08:01:02,91282CKK6,TSRYS5793014,D,B,C,2024-05-14,1000000.00,4.835778,100.0703125
08:01:02,91282CKK6,TSRYS5793014,D,S,D,2024-05-14,1000000.00,4.835778,100.0703125
08:01:02,91282CKK6,TSRYS5793014,D,S,D,2024-05-14,1000000.00,4.835778,100.0703125
08:01:02,91282CKK6,TSRYS5793014,D,S,D,2024-05-14,1000000.00,4.835778,100.0703125
08:01:02,91282CKK6,TSRYS5793014,D,S,D,2024-05-14,1000000.00,4.835778,100.0703125
08:01:02,91282CKK6,TSRYS5793014,D,S,D,2024-05-14,1000000.00,4.835778,100.0703125
08:01:02,91282CKK6,TSRYS5793014,D,S,D,2024-05-14,1000000.00,4.835778,100.0703125
08:01:02,91282CKK6,TSRYS5793014,D,S,D,2024-05-14,1000000.00,4.835778,100.0703125
08:01:02,91282CKK6,TSRYS5793014,D,S,D,2024-05-14,1000000.00,4.835778,100.0703125
08:01:02,91282CKK6,TSRYS5793014,D,S,D,2024-05-14,1000000.00,4.835778,100.0703125
08:01:02,91282CKK6,TSRYS5793014,D,S,D,2024-05-14,1000000.00,4.835778,100.0703125
08:01:02,91282CKK6,TSRYS5793014,D,S,D,2024-05-14,1000000.00,4.835778,100.0703125
08:01:02,91282CKK6,TSRYS5793014,D,S,D,2024-05-14,1000000.00,4.835778,100.0703125
08:01:02,91282CKK6,TSRYS5793014,D,S,D,2024-05-14,1000000.00,4.835778,100.0703125
08:01:02,91282CKK6,TSRYS5793014,D,S,D,2024-05-14,1000000.00,4.835778,100.0703125
08:01:02,91282CKK6,TSRYS5793014,D,S,D,2024-05-14,1000000.00,4.835778,100.0703125
08:01:02,91282CKK6,TSRYS5793014,D,S,D,2024-05-14,1000000.00,4.835778,100.0703125
08:01:02,91282CKK6,TSRYS5793014,D,S,D,2024-05-14,1000000.00,4.835778,100.0703125
08:01:02,91282CKK6,TSRYS5793014,D,S,D,2024-05-14,1000000.00,4.835778,100.0703125
08:01:02,91282CKK6,TSRYS5793014,D,S,D,2024-05-14,1000000.00,4.835778,100.0703125
08:01:02,91282CKK6,TSRYS5793014,D,S,D,2024-05-14,1000000.00,4.835778,100.0703125
08:01:02,91282CKK6,TSRYS5793014,D,S,D,2024-05-14,1000000.00,4.835778,100.0703125
08:01:02,91282CKK6,TSRYS5793014,D,S,D,2024-05-14,1000000.00,4.835778,100.0703125
08:01:02,91282CKK6,TSRYS5793014,D,S,D,2024-05-14,1000000.00,4.835778,100.0703125
08:01:02,91282CKK6,TSRYS5793014,D,S,D,2024-05-14,1000000.00,4.835778,100.0703125
08:01:02,91282CKK6,TSRYS5793014,D,S,D,2024-05-14,1000000.00,4.835778,100.0703125
08:01:02,91282CKK6,TSRYS5793014,D,S,D,2024-05-14,1000000.00,4.835778,100.0703125
08:01:02,91282CKK6,TSRYS5793014,D,S,D,2024-05-14,1000000.00,4.835778,100.0703125
08:01:02,91282CKK6,TSRYS5793014,D,S,D,2024-05-14,1000000.00,4.835778,100.0703125
08:01:02,91282CKK6,TSRYS5793014,D,S,D,2024-05-14,1000000.00,4.835778,100.0703125
08:01:02,91282CKK6,TSRYS5793014,D,S,D,2024-05-14,1000000.00,4.835778,100.0703125
08:01:02,91282CKK6,TSRYS5793014,D,B,C,2024-05-14,1000000.00,4.835778,100.0703125
08:01:02,91282CKK6,TSRYS5793014,D,S,D,2024-05-14,1000000.00,4.835778,100.0703125
08:01:02,91282CKK6,TSRYS5793014,D,B,C,2024-05-14,1000000.00,4.835778,100.0703125
08:01:02,91282CKK6,TSRYS5793014,D,S,D,2024-05-14,1000000.00,4.835778,100.0703125
08:01:02,91282CKK6,TSRYS5793014,D,B,C,2024-05-14,1000000.00,4.835778,100.0703125
08:01:02,91282CKK6,TSRYS5793014,D,S,D,2024-05-14,1000000.00,4.835778,100.0703125
08:01:02,91282CKK6,TSRYS5793014,D,B,C,2024-05-14,1000000.00,4.835778,100.0703125
08:01:02,91282CKK6,TSRYS5793014,D,S,D,2024-05-14,1000000.00,4.835778,100.0703125
08:01:02,91282CKK6,TSRYS5793014,D,B,C,2024-05-14,1000000.00,4.835778,100.0703125
08:01:02,91282CKK6,TSRYS5793014,D,S,D,2024-05-14,1000000.00,4.835778,100.0703125
08:01:02,91282CKK6,TSRYS5793014,D,S,D,2024-05-14,1000000.00,4.835778,100.0703125
08:01:02,91282CKK6,TSRYS5793014,D,S,D,2024-05-14,1000000.00,4.83789,100.06640625
08:01:02,91282CKK6,TSRYS5793014,D,S,D,2024-05-14,1000000.00,4.83789,100.06640625
08:01:02,91282CKK6,TSRYS5793014,D,S,D,2024-05-14,1000000.00,4.83789,100.06640625
08:01:02,91282CKK6,TSRYS5793014,D,S,D,2024-05-14,1000000.00,4.83789,100.06640625
08:01:02,91282CKK6,TSRYS5793014,D,S,D,2024-05-14,2000000.00,4.83789,100.06640625
08:01:02,91282CKK6,TSRYS5793014,D,S,C,2024-05-14,9000000.00,4.836834,100.068359375
08:01:02,91282CKK6,TSRYS5793014,D,S,C,2024-05-14,1000000.00,4.836834,100.068359375
08:01:02,91282CKK6,TSRYS5793014,D,S,C,2024-05-14,5000000.00,4.836834,100.068359375
08:01:02,91282CKK6,TSRYS5793014,D,S,C,2024-05-14,2000000.00,4.836834,100.068359375
08:01:03,91282CKK6,TSRYS5793014,D,S,C,2024-05-14,1000000.00,4.835778,100.0703125
08:01:03,91282CKK6,TSRYS5793014,D,S,C,2024-05-14,1000000.00,4.834722,100.072265625
08:01:03,91282CKK6,TSRYS5793014,D,S,C,2024-05-14,5000000.00,4.835778,100.0703125
08:01:03,91282CKK6,TSRYS5793014,D,S,C,2024-05-14,5000000.00,4.835778,100.0703125
08:01:03,91282CKK6,TSRYS5793014,D,S,D,2024-05-14,2000000.00,4.835778,100.0703125
08:01:03,91282CKK6,TSRYS5793014,D,S,C,2024-05-14,1000000.00,4.835778,100.0703125
08:01:03,91282CKK6,TSRYS5793014,D,S,D,2024-05-14,4000000.00,4.836834,100.068359375
08:01:03,91282CKK6,TSRYS5793014,D,S,D,2024-05-14,2000000.00,4.836834,100.068359375
08:01:03,91282CKK6,TSRYS5793014,D,S,C,2024-05-14,1000000.00,4.836834,100.068359375
08:01:03,91282CKK6,TSRYS5793014,D,S,C,2024-05-14,1000000.00,4.836834,100.068359375
08:01:03,91282CKK6,TSRYS5793014,D,S,C,2024-05-14,1000000.00,4.836834,100.068359375
08:01:03,91282CKK6,TSRYS5793014,D,S,C,2024-05-14,1000000.00,4.836834,100.068359375
08:01:03,91282CKK6,TSRYS5793014,D,S,C,2024-05-14,1000000.00,4.836834,100.068359375
08:01:03,91282CKK6,TSRYS5793014,D,S,D,2024-05-14,8000000.00,4.836834,100.068359375
08:01:03,91282CKK6,TSRYS5793014,D,S,D,2024-05-14,8000000.00,4.836834,100.068359375
08:01:03,91282CKK6,TSRYS5793014,D,S,T,2024-05-14,2000000.00,4.83789,100.06640625
08:01:03,91282CKK6,TSRYS5793014,D,S,D,2024-05-14,7000000.00,4.836834,100.068359375
08:01:03,91282CKK6,TSRYS5793014,D,S,T,2024-05-14,1000000.00,4.83789,100.06640625
08:01:03,91282CKK6,TSRYS5793014,D,S,D,2024-05-14,1000000.00,4.835778,100.0703125
08:01:03,91282CKK6,TSRYS5793014,D,S,D,2024-05-14,8000000.00,4.835778,100.0703125
08:01:03,91282CKK6,TSRYS5793014,D,S,T,2024-05-14,1000000.00,4.83789,100.06640625
08:01:03,91282CKK6,TSRYS5793014,D,S,D,2024-05-14,2000000.00,4.835778,100.0703125
08:01:03,91282CKK6,TSRYS5793014,D,S,C,2024-05-14,4000000.00,4.835778,100.0703125
08:01:03,91282CKK6,TSRYS5793014,D,S,D,2024-05-14,1000000.00,4.83789,100.06640625
08:01:03,91282CKK6,TSRYS5793014,D,S,D,2024-05-14,1000000.00,4.83789,100.06640625
08:01:03,91282CKK6,TSRYS5793014,D,S,D,2024-05-14,1000000.00,4.83789,100.06640625
08:01:04,91282CKK6,TSRYS5793014,D,S,A,2024-05-14,12741000.00,4.863245,100.01953125
08:01:04,91282CKK6,TSRYS5793014,D,S,T,2024-05-14,1000000.00,4.840002,100.0625
08:01:04,91282CKK6,TSRYS5793014,D,S,T,2024-05-14,1000000.00,4.840002,100.0625
08:01:04,91282CKK6,TSRYS5793014,D,S,T,2024-05-14,2000000.00,4.840002,100.0625
08:01:04,91282CKK6,TSRYS5793014,D,S,T,2024-05-14,2000000.00,4.840002,100.0625
08:01:04,91282CKK6,TSRYS5793014,D,S,T,2024-05-14,1000000.00,4.840002,100.0625
08:01:04,91282CKK6,TSRYS5793014,D,S,T,2024-05-14,1000000.00,4.840002,100.0625
08:01:04,91282CKK6,TSRYS5793014,D,S,T,2024-05-14,1000000.00,4.840002,100.0625
08:01:04,91282CKK6,TSRYS5793014,D,B,A,2024-05-14,2027000.00,4.85286,100.0387275
08:01:06,91282CKK6,TSRYS5793014,D,S,D,2024-05-14,81204000.00,4.873815,100.0
08:01:06,91282CKK6,TSRYS5793014,D,S,D,2024-05-14,81204000.00,4.873815,100.0
08:01:06,91282CKK6,TSRYS5793014,D,S,D,2024-05-14,1000.00,4.840002,100.0625
08:01:06,91282CKK6,TSRYS5793014,D,S,T,2024-05-14,1000000.00,4.83789,100.06640625
08:01:06,91282CKK6,TSRYS5793014,D,S,T,2024-05-14,2000000.00,4.83789,100.06640625
08:01:06,91282CKK6,TSRYS5793014,D,S,T,2024-05-14,1000000.00,4.83789,100.06640625
08:01:06,91282CKK6,TSRYS5793014,D,S,T,2024-05-14,1000000.00,4.83789,100.06640625
08:01:06,91282CKK6,TSRYS5793014,D,S,A,2024-05-14,17240000.00,4.83789,100.06640625
08:01:07,91282CKK6,TSRYS5793014,D,S,D,2024-05-14,1500000.00,4.856905,100.03125
08:01:08,91282CKK6,TSRYS5793014,D,S,T,2024-05-14,1000000.00,4.841059,100.060546875
08:01:08,91282CKK6,TSRYS5793014,D,S,T,2024-05-14,1000000.00,4.83789,100.06640625
08:01:08,91282CKK6,TSRYS5793014,D,S,T,2024-05-14,4000000.00,4.83789,100.06640625
08:01:08,91282CKK6,TSRYS5793014,D,B,A,2024-05-14,545000.00,4.854973,100.03482125
08:01:08,91282CKK6,TSRYS5793014,D,B,C,2024-05-14,1610000.00,4.83789,100.06640625
08:01:08,91282CKK6,TSRYS5793014,D,S,T,2024-05-14,2000000.00,4.840002,100.0625
08:01:08,91282CKK6,TSRYS5793014,D,S,T,2024-05-14,1000000.00,4.840002,100.0625
08:01:09,91282CKK6,TSRYS5793014,D,S,T,2024-05-14,1000000.00,4.840002,100.0625
08:01:09,91282CKK6,TSRYS5793014,D,S,T,2024-05-14,4000000.00,4.840002,100.0625
08:01:09,91282CKK6,TSRYS5793014,D,S,T,2024-05-14,2000000.00,4.840002,100.0625
08:01:09,91282CKK6,TSRYS5793014,D,S,T,2024-05-14,1000000.00,4.840002,100.0625
08:01:09,91282CKK6,TSRYS5793014,D,S,T,2024-05-14,1000000.00,4.840002,100.0625
08:01:09,91282CKK6,TSRYS5793014,D,S,T,2024-05-14,1000000.00,4.840002,100.0625
08:01:09,91282CKK6,TSRYS5793014,D,S,T,2024-05-14,5000000.00,4.840002,100.0625
08:01:09,91282CKK6,TSRYS5793014,D,B,A,2024-05-14,438000.00,4.852679,100.0390625
08:01:09,91282CKK6,TSRYS5793014,D,S,T,2024-05-14,5000000.00,4.841059,100.060546875
08:01:09,91282CKK6,TSRYS5793014,D,B,A,2024-05-14,3000000.00,4.852679,100.0390625
08:01:10,91282CKK6,TSRYS5793014,D,S,D,2024-05-14,2000000.00,4.840002,100.0625
08:01:10,91282CKK6,TSRYS5793014,D,S,D,2024-05-14,3000000.00,4.854792,100.03515625
08:01:10,91282CKK6,TSRYS5793014,D,S,D,2024-05-14,1000000.00,4.854792,100.03515625
08:01:10,91282CKK6,TSRYS5793014,D,S,D,2024-05-14,1000000.00,4.852679,100.0390625
08:01:10,91282CKK6,TSRYS5793014,D,S,D,2024-05-14,3000000.00,4.852679,100.0390625
08:01:10,91282CKK6,TSRYS5793014,D,S,D,2024-05-14,6000000.00,4.852679,100.0390625
08:01:11,91282CKK6,TSRYS5793014,D,S,T,2024-05-14,2000000.00,4.854846,100.03505625
08:01:11,91282CKK6,TSRYS5793014,D,S,T,2024-05-14,1000000.00,4.854846,100.03505625
08:01:11,91282CKK6,TSRYS5793014,D,S,D,2024-05-14,2000000.00,4.840002,100.0625
08:01:11,91282CKK6,TSRYS5793014,D,B,A,2024-05-14,587000.00,4.854973,100.03482125
08:01:11,91282CKK6,TSRYS5793014,D,S,T,2024-05-14,2000000.00,4.852733,100.0389625
08:01:11,91282CKK6,TSRYS5793014,D,S,T,2024-05-14,3000000.00,4.852733,100.0389625
08:01:11,91282CKK6,TSRYS5793014,D,S,T,2024-05-14,2000000.00,4.852733,100.0389625
08:01:11,91282CKK6,TSRYS5793014,D,S,T,2024-05-14,5000000.00,4.852733,100.0389625
08:01:11,91282CKK6,TSRYS5793014,D,S,T,2024-05-14,1000000.00,4.849563,100.044821875
08:01:11,91282CKK6,TSRYS5793014,D,B,A,2024-05-14,2077300.00,4.856905,100.03125
08:01:11,91282CKK6,TSRYS5793014,D,S,T,2024-05-14,1000000.00,4.840002,100.0625
08:01:11,91282CKK6,TSRYS5793014,D,S,T,2024-05-14,3000000.00,4.840002,100.0625
08:01:11,91282CKK6,TSRYS5793014,D,S,T,2024-05-14,1000000.00,4.840002,100.0625
08:01:11,91282CKK6,TSRYS5793014,D,S,A,2024-05-14,400300.00,4.852679,100.0390625
08:01:12,91282CKK6,TSRYS5793014,D,S,T,2024-05-14,1000000.00,4.840002,100.0625
08:01:12,91282CKK6,TSRYS5793014,D,S,T,2024-05-14,5000000.00,4.840002,100.0625
08:01:12,91282CKK6,TSRYS5793014,D,S,T,2024-05-14,1000000.00,4.840002,100.0625
08:01:12,91282CKK6,TSRYS5793014,D,S,T,2024-05-14,1000000.00,4.840002,100.0625
08:01:12,91282CKK6,TSRYS5793014,D,S,T,2024-05-14,2000000.00,4.840002,100.0625
08:01:12,91282CKK6,TSRYS5793014,D,S,T,2024-05-14,2000000.00,4.840002,100.0625
08:01:12,91282CKK6,TSRYS5793014,D,S,T,2024-05-14,2000000.00,4.840002,100.0625
08:01:12,91282CKK6,TSRYS5793014,D,S,T,2024-05-14,1000000.00,4.840002,100.0625
08:01:12,91282CKK6,TSRYS5793014,D,S,T,2024-05-14,5000000.00,4.840002,100.0625
08:01:12,91282CKK6,TSRYS5793014,D,S,T,2024-05-14,4000000.00,4.840002,100.0625
08:01:12,91282CKK6,TSRYS5793014,D,S,T,2024-05-14,6000000.00,4.840002,100.0625
08:01:12,91282CKK6,TSRYS5793014,D,S,T,2024-05-14,1000000.00,4.854887,100.03498125
08:01:12,91282CKK6,TSRYS5793014,D,S,T,2024-05-14,1000000.00,4.840002,100.0625
08:01:12,91282CKK6,TSRYS5793014,D,S,T,2024-05-14,1000000.00,4.852773,100.0388875
08:01:12,91282CKK6,TSRYS5793014,D,S,T,2024-05-14,4000000.00,4.840002,100.0625
08:01:12,91282CKK6,TSRYS5793014,D,S,T,2024-05-14,2000000.00,4.852773,100.0388875
08:01:12,91282CKK6,TSRYS5793014,D,S,T,2024-05-14,5000000.00,4.840002,100.0625
08:01:12,91282CKK6,TSRYS5793014,D,S,T,2024-05-14,1000000.00,4.840002,100.0625
08:01:12,91282CKK6,TSRYS5793014,D,S,T,2024-05-14,1000000.00,4.840002,100.0625
08:01:12,91282CKK6,TSRYS5793014,D,B,A,2024-05-14,103000.00,4.842115,100.05859375
08:01:12,91282CKK6,TSRYS5793014,D,S,T,2024-05-14,1000000.00,4.840002,100.0625
08:01:12,91282CKK6,TSRYS5793014,D,S,T,2024-05-14,1000000.00,4.840002,100.0625
08:01:13,91282CKK6,TSRYS5793014,D,S,D,2024-05-14,5000000.00,4.839624,100.0632
08:01:13,91282CKK6,TSRYS5793014,D,S,T,2024-05-14,5000000.00,4.840002,100.0625
08:01:13,91282CKK6,TSRYS5793014,D,S,T,2024-05-14,4000000.00,4.840002,100.0625
08:01:13,91282CKK6,TSRYS5793014,D,S,T,2024-05-14,1000000.00,4.854914,100.03493125
08:01:13,91282CKK6,TSRYS5793014,D,S,T,2024-05-14,1000000.00,4.852801,100.0388375
08:01:13,91282CKK6,TSRYS5793014,D,S,T,2024-05-14,2000000.00,4.852801,100.0388375
08:01:13,91282CKK6,TSRYS5793014,D,S,D,2024-05-14,33000000.00,4.854562,100.0355813
08:01:13,91282CKK6,TSRYS5793014,D,S,D,2024-05-14,20000000.00,4.854521,100.0356563
08:01:13,91282CKK6,TSRYS5793014,D,S,D,2024-05-14,20000000.00,4.848182,100.047375
08:01:13,91282CKK6,TSRYS5793014,D,B,C,2024-05-14,4000000.00,4.849312,100.0452867
08:01:13,91282CKK6,TSRYS5793014,D,S,T,2024-05-14,3000000.00,4.840002,100.0625
08:01:13,91282CKK6,TSRYS5793014,D,S,T,2024-05-14,3000000.00,4.840002,100.0625
08:01:13,91282CKK6,TSRYS5793014,D,S,T,2024-05-14,5000000.00,4.840002,100.0625
08:01:13,91282CKK6,TSRYS5793014,D,S,D,2024-05-14,50000000.00,4.838716,100.0648781
08:01:13,91282CKK6,TSRYS5793014,D,S,D,2024-05-14,25000000.00,4.838716,100.0648781
08:01:13,91282CKK6,TSRYS5793014,D,S,D,2024-05-14,22000000.00,4.841991,100.0588234
08:01:13,91282CKK6,TSRYS5793014,D,S,D,2024-05-14,22000000.00,4.83802,100.0661663
08:01:13,91282CKK6,TSRYS5793014,D,S,D,2024-05-14,38000000.00,4.83802,100.0661663
08:01:13,91282CKK6,TSRYS5793014,D,S,D,2024-05-14,60000000.00,4.836498,100.0689812
08:01:14,91282CKK6,TSRYS5793014,D,B,A,2024-05-14,7800000.00,4.850566,100.04296875
08:01:14,91282CKK6,TSRYS5793014,D,S,T,2024-05-14,3000000.00,4.835778,100.0703125
08:01:14,91282CKK6,TSRYS5793014,D,S,T,2024-05-14,1000000.00,4.835778,100.0703125
08:01:14,91282CKK6,TSRYS5793014,D,S,T,2024-05-14,1000000.00,4.835778,100.0703125
08:01:14,91282CKK6,TSRYS5793014,D,S,T,2024-05-14,1000000.00,4.835778,100.0703125
08:01:15,91282CKK6,TSRYS5793014,D,S,T,2024-05-14,6000000.00,4.835778,100.0703125
08:01:15,91282CKK6,TSRYS5793014,D,S,T,2024-05-14,5000000.00,4.835778,100.0703125
08:01:15,91282CKK6,TSRYS5793014,D,S,T,2024-05-14,6000000.00,4.835778,100.0703125
08:01:15,91282CKK6,TSRYS5793014,D,S,T,2024-05-14,5000000.00,4.835778,100.0703125
08:01:15,91282CKK6,TSRYS5793014,D,S,T,2024-05-14,5000000.00,4.835778,100.0703125
08:01:15,91282CKK6,TSRYS5793014,D,S,T,2024-05-14,4000000.00,4.835778,100.0703125
08:01:15,91282CKK6,TSRYS5793014,D,S,T,2024-05-14,7000000.00,4.835778,100.0703125
08:01:15,91282CKK6,TSRYS5793014,D,S,T,2024-05-14,5000000.00,4.835778,100.0703125
08:01:15,91282CKK6,TSRYS5793014,D,S,T,2024-05-14,5000000.00,4.835778,100.0703125
08:01:15,91282CKK6,TSRYS5793014,D,S,A,2024-05-14,640000.00,4.84223,100.05859375
08:01:15,91282CKK6,TSRYS5793014,D,B,C,2024-05-14,1000000.00,4.83789,100.06640625
08:01:15,91282CKK6,TSRYS5793014,D,S,D,2024-05-14,1000000.00,4.83789,100.06640625
08:01:15,91282CKK6,TSRYS5793014,D,B,C,2024-05-14,1000000.00,4.83789,100.06640625
08:01:15,91282CKK6,TSRYS5793014,D,S,D,2024-05-14,1000000.00,4.83789,100.06640625
08:01:15,91282CKK6,TSRYS5793014,D,B,C,2024-05-14,1000000.00,4.83789,100.06640625
08:01:15,91282CKK6,TSRYS5793014,D,S,D,2024-05-14,1000000.00,4.83789,100.06640625
08:01:15,91282CKK6,TSRYS5793014,D,B,C,2024-05-14,1000000.00,4.83789,100.06640625
08:01:16,91282CKK6,TSRYS5793014,D,S,A,2024-05-14,900000.00,4.861222,100.0234375
08:01:16,91282CKK6,TSRYS5793014,D,B,C,2024-05-14,1000000.00,4.83789,100.06640625
08:01:16,91282CKK6,TSRYS5793014,D,S,D,2024-05-14,1000000.00,4.83789,100.06640625
