tradeTime,cusip,issueSymbolIdentifier,priceType,reportingSideCode,contraPartyTypeCode,tradeDate,reportedTradeVolume,lastSaleYield,lastSalePrice
08:00:04,91282CKK6,TSRYS5793014,D,S,D,2024-05-07,1000000.00,4.825145,100.091796875
08:00:04,91282CKK6,TSRYS5793014,D,S,D,2024-05-07,1000000.00,4.825145,100.091796875
08:00:04,91282CKK6,TSRYS5793014,D,S,D,2024-05-07,1000000.00,4.826191,100.08984375
08:00:04,91282CKK6,TSRYS5793014,D,S,D,2024-05-07,1000000.00,4.826191,100.08984375
08:00:04,91282CKK6,TSRYS5793014,D,S,D,2024-05-07,1000000.00,4.826191,100.08984375
08:00:08,91282CKK6,TSRYS5793014,D,S,T,2024-05-07,4000000.00,4.816776,100.107421875
08:00:08,91282CKK6,TSRYS5793014,D,S,T,2024-05-07,1000000.00,4.816776,100.107421875
08:00:08,91282CKK6,TSRYS5793014,D,S,C,2024-05-07,52500000.00,4.811546,100.1171875
08:00:08,91282CKK6,TSRYS5793014,D,S,C,2024-05-07,130000.00,4.813391,100.11344925
08:00:08,91282CKK6,TSRYS5793014,D,S,D,2024-05-07,4000000.00,4.819914,100.1015625
08:00:08,91282CKK6,TSRYS5793014,D,S,D,2024-05-07,4000000.00,4.819914,100.1015625
08:00:08,91282CKK6,TSRYS5793014,D,S,D,2024-05-07,5000000.00,4.819914,100.1015625
08:00:08,91282CKK6,TSRYS5793014,D,S,D,2024-05-07,8000000.00,4.819914,100.1015625
08:00:08,91282CKK6,TSRYS5793014,D,S,D,2024-05-07,4000000.00,4.819914,100.1015625
08:00:08,91282CKK6,TSRYS5793014,D,S,D,2024-05-07,4000000.00,4.819914,100.1015625
08:00:08,91282CKK6,TSRYS5793014,D,S,D,2024-05-07,8000000.00,4.819914,100.1015625
08:00:08,91282CKK6,TSRYS5793014,D,S,D,2024-05-07,1000000.00,4.819914,100.1015625
08:00:08,91282CKK6,TSRYS5793014,D,S,D,2024-05-07,8000000.00,4.819914,100.1015625
08:00:08,91282CKK6,TSRYS5793014,D,S,D,2024-05-07,8000000.00,4.819914,100.1015625
08:00:08,91282CKK6,TSRYS5793014,D,S,D,2024-05-07,6000000.00,4.819914,100.1015625
08:00:08,91282CKK6,TSRYS5793014,D,S,D,2024-05-07,8000000.00,4.819914,100.1015625
08:00:08,91282CKK6,TSRYS5793014,D,S,D,2024-05-07,5000000.00,4.819914,100.1015625
08:00:10,91282CKK6,TSRYS5793014,D,S,C,2024-05-07,5000.00,4.819914,100.2015625
08:00:10,91282CKK6,TSRYS5793014,D,S,A,2024-05-07,800000.00,4.830376,100.08203125
08:00:11,91282CKK6,TSRYS5793014,D,S,A,2024-05-07,5860000.00,4.828284,100.0859375
08:00:11,91282CKK6,TSRYS5793014,D,B,A,2024-05-07,2886000.00,4.830376,100.08203125
08:00:11,91282CKK6,TSRYS5793014,D,S,T,2024-05-07,3000000.00,4.828284,100.0859375
08:00:11,91282CKK6,TSRYS5793014,D,S,T,2024-05-07,1000000.00,4.826191,100.08984375
08:00:11,91282CKK6,TSRYS5793014,D,S,T,2024-05-07,2000000.00,4.826191,100.08984375
08:00:11,91282CKK6,TSRYS5793014,D,S,T,2024-05-07,1000000.00,4.828284,100.0859375
08:00:11,91282CKK6,TSRYS5793014,D,S,T,2024-05-07,1000000.00,4.826191,100.08984375
08:00:11,91282CKK6,TSRYS5793014,D,S,T,2024-05-07,1000000.00,4.82933,100.083984375
08:00:11,91282CKK6,TSRYS5793014,D,S,T,2024-05-07,1000000.00,4.830376,100.08203125
08:00:11,91282CKK6,TSRYS5793014,D,S,T,2024-05-07,1000000.00,4.830376,100.08203125
08:00:11,91282CKK6,TSRYS5793014,D,S,T,2024-05-07,4000000.00,4.830376,100.08203125
08:00:11,91282CKK6,TSRYS5793014,D,S,T,2024-05-07,1000000.00,4.82096,100.099609375
08:00:11,91282CKK6,TSRYS5793014,D,S,T,2024-05-07,1000000.00,4.818868,100.103515625
08:00:11,91282CKK6,TSRYS5793014,D,S,T,2024-05-07,1000000.00,4.816776,100.107421875
08:00:11,91282CKK6,TSRYS5793014,D,S,T,2024-05-07,1000000.00,4.817822,100.10546875
08:00:11,91282CKK6,TSRYS5793014,D,S,T,2024-05-07,1000000.00,4.81573,100.109375
08:00:11,91282CKK6,TSRYS5793014,D,S,T,2024-05-07,2000000.00,4.81573,100.109375
08:00:11,91282CKK6,TSRYS5793014,D,S,T,2024-05-07,1000000.00,4.806316,100.126953125
08:00:11,91282CKK6,TSRYS5793014,D,S,T,2024-05-07,1000000.00,4.806316,100.126953125
08:00:11,91282CKK6,TSRYS5793014,D,S,T,2024-05-07,1000000.00,4.808408,100.123046875
08:00:11,91282CKK6,TSRYS5793014,D,S,T,2024-05-07,1000000.00,4.8105,100.119140625
08:00:11,91282CKK6,TSRYS5793014,D,S,T,2024-05-07,1000000.00,4.812592,100.115234375
08:00:11,91282CKK6,TSRYS5793014,D,S,T,2024-05-07,1000000.00,4.812592,100.115234375
08:00:11,91282CKK6,TSRYS5793014,D,S,T,2024-05-07,1000000.00,4.814684,100.111328125
08:00:11,91282CKK6,TSRYS5793014,D,S,T,2024-05-07,1000000.00,4.81573,100.109375
08:00:11,91282CKK6,TSRYS5793014,D,S,T,2024-05-07,1000000.00,4.816776,100.107421875
08:00:11,91282CKK6,TSRYS5793014,D,S,T,2024-05-07,1000000.00,4.813638,100.11328125
08:00:11,91282CKK6,TSRYS5793014,D,S,T,2024-05-07,1000000.00,4.819914,100.1015625
08:00:11,91282CKK6,TSRYS5793014,D,S,T,2024-05-07,1000000.00,4.82096,100.099609375
08:00:12,91282CKK6,TSRYS5793014,D,S,D,2024-05-07,1000000.00,4.832469,100.078125
08:00:12,91282CKK6,TSRYS5793014,D,S,D,2024-05-07,2000000.00,4.832469,100.078125
08:00:13,91282CKK6,TSRYS5793014,D,S,D,2024-05-07,2000000.00,4.830376,100.08203125
08:00:14,91282CKK6,TSRYS5793014,D,S,A,2024-05-07,3584000.00,4.828284,100.0859375
08:00:14,91282CKK6,TSRYS5793014,D,S,C,2024-05-07,36000.00,4.811546,100.117187
08:00:17,91282CKK6,TSRYS5793014,D,S,T,2024-05-07,1000000.00,4.827237,100.087890625
08:00:23,91282CKK6,TSRYS5793014,D,S,D,2024-05-07,3000000.00,4.827237,100.087890625
08:00:23,91282CKK6,TSRYS5793014,D,S,D,2024-05-07,3000000.00,4.826191,100.08984375
08:00:23,91282CKK6,TSRYS5793014,D,S,D,2024-05-07,2000000.00,4.827237,100.087890625
08:00:23,91282CKK6,TSRYS5793014,D,S,D,2024-05-07,3000000.00,4.826191,100.08984375
08:00:23,91282CKK6,TSRYS5793014,D,S,A,2024-05-07,7200000.00,4.828284,100.0859375
08:00:25,91282CKK6,TSRYS5793014,D,S,A,2024-05-07,600000.00,4.828284,100.0859375
08:00:25,91282CKK6,TSRYS5793014,D,S,A,2024-05-07,600000.00,4.828284,100.0859375
08:00:26,91282CKK6,TSRYS5793014,D,S,D,2024-05-07,3000000.00,4.82933,100.083984375
08:00:29,91282CKK6,TSRYS5793014,D,S,A,2024-05-07,5000000.00,4.826191,100.08984375
08:00:29,91282CKK6,TSRYS5793014,D,S,T,2024-05-07,1000000.00,4.826191,100.08984375
08:00:29,91282CKK6,TSRYS5793014,D,S,D,2024-05-07,2000000.00,4.828284,100.0859375
08:00:29,91282CKK6,TSRYS5793014,D,S,T,2024-05-07,1000000.00,4.834562,100.07421875
08:00:29,91282CKK6,TSRYS5793014,D,S,T,2024-05-07,1000000.00,4.834562,100.07421875
08:00:29,91282CKK6,TSRYS5793014,D,S,T,2024-05-07,1000000.00,4.830376,100.08203125
08:00:29,91282CKK6,TSRYS5793014,D,S,T,2024-05-07,1000000.00,4.830376,100.08203125
08:00:29,91282CKK6,TSRYS5793014,D,S,T,2024-05-07,1000000.00,4.828284,100.0859375
08:00:29,91282CKK6,TSRYS5793014,D,S,T,2024-05-07,1000000.00,4.826191,100.08984375
08:00:29,91282CKK6,TSRYS5793014,D,S,D,2024-05-07,1000000.00,4.828284,100.0859375
08:00:29,91282CKK6,TSRYS5793014,D,S,T,2024-05-07,2000000.00,4.830376,100.08203125
08:00:29,91282CKK6,TSRYS5793014,D,S,D,2024-05-07,1000000.00,4.830376,100.08203125
08:00:29,91282CKK6,TSRYS5793014,D,S,D,2024-05-07,2000000.00,4.81573,100.109375
08:00:29,91282CKK6,TSRYS5793014,D,S,A,2024-05-07,262000.00,4.813638,100.11328125
08:00:29,91282CKK6,TSRYS5793014,D,S,T,2024-05-07,2000000.00,4.813638,100.11328125
08:00:29,91282CKK6,TSRYS5793014,D,S,A,2024-05-07,262000.00,4.813638,100.11328125
08:00:30,91282CKK6,TSRYS5793014,D,S,T,2024-05-07,1000000.00,4.834562,100.07421875
08:00:30,91282CKK6,TSRYS5793014,D,S,T,2024-05-07,1000000.00,4.835609,100.072265625
08:00:30,91282CKK6,TSRYS5793014,D,S,T,2024-05-07,1000000.00,4.835609,100.072265625
08:00:30,91282CKK6,TSRYS5793014,D,S,T,2024-05-07,1000000.00,4.835609,100.072265625
08:00:30,91282CKK6,TSRYS5793014,D,S,T,2024-05-07,2000000.00,4.830376,100.08203125
08:00:30,91282CKK6,TSRYS5793014,D,S,T,2024-05-07,1000000.00,4.830376,100.08203125
08:00:30,91282CKK6,TSRYS5793014,D,S,T,2024-05-07,1000000.00,4.830376,100.08203125
08:00:30,91282CKK6,TSRYS5793014,D,S,T,2024-05-07,1000000.00,4.830376,100.08203125
08:00:30,91282CKK6,TSRYS5793014,D,S,T,2024-05-07,2000000.00,4.82933,100.083984375
08:00:30,91282CKK6,TSRYS5793014,D,S,T,2024-05-07,1000000.00,4.830376,100.08203125
08:00:30,91282CKK6,TSRYS5793014,D,S,T,2024-05-07,2000000.00,4.830376,100.08203125
08:00:30,91282CKK6,TSRYS5793014,D,S,T,2024-05-07,3000000.00,4.82933,100.083984375
08:00:30,91282CKK6,TSRYS5793014,D,S,T,2024-05-07,1000000.00,4.82933,100.083984375
08:00:30,91282CKK6,TSRYS5793014,D,S,T,2024-05-07,2000000.00,4.82933,100.083984375
08:00:30,91282CKK6,TSRYS5793014,D,S,T,2024-05-07,2000000.00,4.828284,100.0859375
08:00:30,91282CKK6,TSRYS5793014,D,S,T,2024-05-07,1000000.00,4.828284,100.0859375
08:00:30,91282CKK6,TSRYS5793014,D,S,T,2024-05-07,3000000.00,4.826191,100.08984375
08:00:30,91282CKK6,TSRYS5793014,D,S,T,2024-05-07,2000000.00,4.828284,100.0859375
08:00:30,91282CKK6,TSRYS5793014,D,S,T,2024-05-07,1000000.00,4.828284,100.0859375
08:00:30,91282CKK6,TSRYS5793014,D,S,T,2024-05-07,2000000.00,4.826191,100.08984375
08:00:30,91282CKK6,TSRYS5793014,D,S,T,2024-05-07,2000000.00,4.826191,100.08984375
08:00:33,91282CKK6,TSRYS5793014,D,S,T,2024-05-07,1000000.00,4.827237,100.087890625
08:00:33,91282CKK6,TSRYS5793014,D,S,T,2024-05-07,1000000.00,4.827237,100.087890625
08:00:33,91282CKK6,TSRYS5793014,D,S,T,2024-05-07,2000000.00,4.828284,100.0859375
08:00:33,91282CKK6,TSRYS5793014,D,S,T,2024-05-07,1000000.00,4.828284,100.0859375
08:00:33,91282CKK6,TSRYS5793014,D,S,T,2024-05-07,1000000.00,4.828284,100.0859375
08:00:33,91282CKK6,TSRYS5793014,D,S,T,2024-05-07,1000000.00,4.828284,100.0859375
08:00:33,91282CKK6,TSRYS5793014,D,S,T,2024-05-07,3000000.00,4.828284,100.0859375
08:00:33,91282CKK6,TSRYS5793014,D,S,T,2024-05-07,5000000.00,4.828284,100.0859375
08:00:33,91282CKK6,TSRYS5793014,D,S,T,2024-05-07,4000000.00,4.828284,100.0859375
08:00:33,91282CKK6,TSRYS5793014,D,S,T,2024-05-07,2000000.00,4.828284,100.0859375
08:00:33,91282CKK6,TSRYS5793014,D,S,T,2024-05-07,3000000.00,4.828284,100.0859375
08:00:33,91282CKK6,TSRYS5793014,D,S,T,2024-05-07,4000000.00,4.828284,100.0859375
08:00:33,91282CKK6,TSRYS5793014,D,S,T,2024-05-07,4000000.00,4.828284,100.0859375
08:00:33,91282CKK6,TSRYS5793014,D,S,T,2024-05-07,2000000.00,4.828284,100.0859375
08:00:33,91282CKK6,TSRYS5793014,D,S,T,2024-05-07,4000000.00,4.828284,100.0859375
08:00:33,91282CKK6,TSRYS5793014,D,S,T,2024-05-07,2000000.00,4.828284,100.0859375
08:00:33,91282CKK6,TSRYS5793014,D,S,T,2024-05-07,1000000.00,4.831423,100.080078125
08:00:33,91282CKK6,TSRYS5793014,D,S,T,2024-05-07,1000000.00,4.831423,100.080078125
08:00:33,91282CKK6,TSRYS5793014,D,S,T,2024-05-07,2000000.00,4.832469,100.078125
08:00:33,91282CKK6,TSRYS5793014,D,S,T,2024-05-07,2000000.00,4.832469,100.078125
08:00:33,91282CKK6,TSRYS5793014,D,S,T,2024-05-07,2000000.00,4.832469,100.078125
08:00:33,91282CKK6,TSRYS5793014,D,S,T,2024-05-07,2000000.00,4.832469,100.078125
08:00:33,91282CKK6,TSRYS5793014,D,S,T,2024-05-07,2000000.00,4.832469,100.078125
08:00:33,91282CKK6,TSRYS5793014,D,S,T,2024-05-07,2000000.00,4.832469,100.078125
08:00:33,91282CKK6,TSRYS5793014,D,S,T,2024-05-07,1000000.00,4.832469,100.078125
08:00:33,91282CKK6,TSRYS5793014,D,S,T,2024-05-07,1000000.00,4.832469,100.078125
08:00:33,91282CKK6,TSRYS5793014,D,S,T,2024-05-07,2000000.00,4.832469,100.078125
08:00:33,91282CKK6,TSRYS5793014,D,S,T,2024-05-07,1000000.00,4.832469,100.078125
08:00:33,91282CKK6,TSRYS5793014,D,S,T,2024-05-07,1000000.00,4.832469,100.078125
08:00:33,91282CKK6,TSRYS5793014,D,S,T,2024-05-07,1000000.00,4.832469,100.078125
08:00:33,91282CKK6,TSRYS5793014,D,S,T,2024-05-07,1000000.00,4.832469,100.078125
08:00:33,91282CKK6,TSRYS5793014,D,S,T,2024-05-07,2000000.00,4.832469,100.078125
08:00:33,91282CKK6,TSRYS5793014,D,S,T,2024-05-07,1000000.00,4.832469,100.078125
08:00:33,91282CKK6,TSRYS5793014,D,S,T,2024-05-07,1000000.00,4.832469,100.078125
08:00:33,91282CKK6,TSRYS5793014,D,S,T,2024-05-07,3000000.00,4.832469,100.078125
08:00:33,91282CKK6,TSRYS5793014,D,S,T,2024-05-07,3000000.00,4.832469,100.078125
08:00:33,91282CKK6,TSRYS5793014,D,S,T,2024-05-07,1000000.00,4.832469,100.078125
08:00:33,91282CKK6,TSRYS5793014,D,S,T,2024-05-07,1000000.00,4.832469,100.078125
08:00:33,91282CKK6,TSRYS5793014,D,S,T,2024-05-07,1000000.00,4.832469,100.078125
08:00:33,91282CKK6,TSRYS5793014,D,S,T,2024-05-07,1000000.00,4.832469,100.078125
08:00:33,91282CKK6,TSRYS5793014,D,S,T,2024-05-07,1000000.00,4.832469,100.078125
08:00:33,91282CKK6,TSRYS5793014,D,S,T,2024-05-07,1000000.00,4.832469,100.078125
08:00:33,91282CKK6,TSRYS5793014,D,S,T,2024-05-07,1000000.00,4.832469,100.078125
08:00:33,91282CKK6,TSRYS5793014,D,S,T,2024-05-07,1000000.00,4.830376,100.08203125
08:00:33,91282CKK6,TSRYS5793014,D,S,T,2024-05-07,2000000.00,4.830376,100.08203125
08:00:33,91282CKK6,TSRYS5793014,D,S,T,2024-05-07,2000000.00,4.830376,100.08203125
08:00:33,91282CKK6,TSRYS5793014,D,S,T,2024-05-07,2000000.00,4.830376,100.08203125
08:00:33,91282CKK6,TSRYS5793014,D,S,T,2024-05-07,1000000.00,4.830376,100.08203125
08:00:33,91282CKK6,TSRYS5793014,D,S,T,2024-05-07,2000000.00,4.830376,100.08203125
08:00:33,91282CKK6,TSRYS5793014,D,S,T,2024-05-07,2000000.00,4.830376,100.08203125
08:00:33,91282CKK6,TSRYS5793014,D,S,T,2024-05-07,3000000.00,4.830376,100.08203125
08:00:33,91282CKK6,TSRYS5793014,D,S,T,2024-05-07,1000000.00,4.830376,100.08203125
08:00:33,91282CKK6,TSRYS5793014,D,S,T,2024-05-07,2000000.00,4.830376,100.08203125
08:00:33,91282CKK6,TSRYS5793014,D,S,T,2024-05-07,2000000.00,4.830376,100.08203125
08:00:33,91282CKK6,TSRYS5793014,D,S,T,2024-05-07,2000000.00,4.830376,100.08203125
08:00:33,91282CKK6,TSRYS5793014,D,S,T,2024-05-07,2000000.00,4.830376,100.08203125
08:00:33,91282CKK6,TSRYS5793014,D,S,T,2024-05-07,2000000.00,4.830376,100.08203125
08:00:33,91282CKK6,TSRYS5793014,D,S,T,2024-05-07,1000000.00,4.830376,100.08203125
08:00:33,91282CKK6,TSRYS5793014,D,S,T,2024-05-07,3000000.00,4.82933,100.083984375
08:00:33,91282CKK6,TSRYS5793014,D,S,T,2024-05-07,3000000.00,4.82933,100.083984375
08:00:33,91282CKK6,TSRYS5793014,D,S,T,2024-05-07,3000000.00,4.82933,100.083984375
08:00:33,91282CKK6,TSRYS5793014,D,S,T,2024-05-07,1000000.00,4.828284,100.0859375
08:00:33,91282CKK6,TSRYS5793014,D,S,T,2024-05-07,1000000.00,4.828284,100.0859375
08:00:33,91282CKK6,TSRYS5793014,D,S,T,2024-05-07,1000000.00,4.830376,100.08203125
08:00:33,91282CKK6,TSRYS5793014,D,S,T,2024-05-07,1000000.00,4.831423,100.080078125
08:00:33,91282CKK6,TSRYS5793014,D,S,T,2024-05-07,1000000.00,4.832469,100.078125
08:00:33,91282CKK6,TSRYS5793014,D,S,T,2024-05-07,2000000.00,4.832469,100.078125
08:00:33,91282CKK6,TSRYS5793014,D,S,T,2024-05-07,1000000.00,4.832469,100.078125
08:00:33,91282CKK6,TSRYS5793014,D,S,T,2024-05-07,1000000.00,4.832469,100.078125
08:00:33,91282CKK6,TSRYS5793014,D,S,T,2024-05-07,1000000.00,4.832469,100.078125
08:00:33,91282CKK6,TSRYS5793014,D,S,T,2024-05-07,2000000.00,4.830376,100.08203125
08:00:33,91282CKK6,TSRYS5793014,D,S,T,2024-05-07,1000000.00,4.831423,100.080078125
08:00:33,91282CKK6,TSRYS5793014,D,S,T,2024-05-07,1000000.00,4.831423,100.080078125
08:00:33,91282CKK6,TSRYS5793014,D,S,T,2024-05-07,2000000.00,4.830376,100.08203125
08:00:33,91282CKK6,TSRYS5793014,D,S,T,2024-05-07,1000000.00,4.828284,100.0859375
08:00:33,91282CKK6,TSRYS5793014,D,S,T,2024-05-07,2000000.00,4.828284,100.0859375
08:00:33,91282CKK6,TSRYS5793014,D,S,T,2024-05-07,3000000.00,4.82933,100.083984375
08:00:33,91282CKK6,TSRYS5793014,D,S,T,2024-05-07,1000000.00,4.830376,100.08203125
08:00:33,91282CKK6,TSRYS5793014,D,S,T,2024-05-07,1000000.00,4.830376,100.08203125
08:00:33,91282CKK6,TSRYS5793014,D,S,T,2024-05-07,2000000.00,4.830376,100.08203125
08:00:33,91282CKK6,TSRYS5793014,D,S,T,2024-05-07,1000000.00,4.830376,100.08203125
08:00:33,91282CKK6,TSRYS5793014,D,S,T,2024-05-07,1000000.00,4.830376,100.08203125
08:00:33,91282CKK6,TSRYS5793014,D,S,T,2024-05-07,1000000.00,4.830376,100.08203125
08:00:33,91282CKK6,TSRYS5793014,D,S,T,2024-05-07,2000000.00,4.830376,100.08203125
08:00:33,91282CKK6,TSRYS5793014,D,S,T,2024-05-07,3000000.00,4.828284,100.0859375
08:00:33,91282CKK6,TSRYS5793014,D,S,T,2024-05-07,1000000.00,4.817822,100.10546875
08:00:33,91282CKK6,TSRYS5793014,D,S,T,2024-05-07,1000000.00,4.817822,100.10546875
08:00:33,91282CKK6,TSRYS5793014,D,S,T,2024-05-07,2000000.00,4.817822,100.10546875
08:00:33,91282CKK6,TSRYS5793014,D,S,T,2024-05-07,1000000.00,4.816776,100.107421875
08:00:33,91282CKK6,TSRYS5793014,D,S,T,2024-05-07,1000000.00,4.81573,100.109375
08:00:33,91282CKK6,TSRYS5793014,D,S,T,2024-05-07,1000000.00,4.816776,100.107421875
08:00:33,91282CKK6,TSRYS5793014,D,S,T,2024-05-07,1000000.00,4.81573,100.109375
08:00:33,91282CKK6,TSRYS5793014,D,S,T,2024-05-07,2000000.00,4.81573,100.109375
08:00:33,91282CKK6,TSRYS5793014,D,S,T,2024-05-07,2000000.00,4.81573,100.109375
08:00:33,91282CKK6,TSRYS5793014,D,S,T,2024-05-07,1000000.00,4.81573,100.109375
08:00:33,91282CKK6,TSRYS5793014,D,S,T,2024-05-07,2000000.00,4.817822,100.10546875
08:00:33,91282CKK6,TSRYS5793014,D,S,T,2024-05-07,1000000.00,4.817822,100.10546875
08:00:33,91282CKK6,TSRYS5793014,D,S,T,2024-05-07,1000000.00,4.817822,100.10546875
08:00:33,91282CKK6,TSRYS5793014,D,S,T,2024-05-07,2000000.00,4.813638,100.11328125
08:00:33,91282CKK6,TSRYS5793014,D,S,T,2024-05-07,1000000.00,4.813638,100.11328125
08:00:33,91282CKK6,TSRYS5793014,D,S,T,2024-05-07,1000000.00,4.81573,100.109375
08:00:33,91282CKK6,TSRYS5793014,D,S,T,2024-05-07,1000000.00,4.81573,100.109375
08:00:33,91282CKK6,TSRYS5793014,D,S,T,2024-05-07,2000000.00,4.81573,100.109375
08:00:33,91282CKK6,TSRYS5793014,D,S,T,2024-05-07,1000000.00,4.81573,100.109375
08:00:33,91282CKK6,TSRYS5793014,D,S,T,2024-05-07,4000000.00,4.81573,100.109375
08:00:33,91282CKK6,TSRYS5793014,D,S,T,2024-05-07,1000000.00,4.819914,100.1015625
08:00:33,91282CKK6,TSRYS5793014,D,S,T,2024-05-07,2000000.00,4.819914,100.1015625
08:00:33,91282CKK6,TSRYS5793014,D,S,T,2024-05-07,1000000.00,4.819914,100.1015625
08:00:33,91282CKK6,TSRYS5793014,D,S,T,2024-05-07,3000000.00,4.819914,100.1015625
08:00:33,91282CKK6,TSRYS5793014,D,S,T,2024-05-07,2000000.00,4.813638,100.11328125
08:00:33,91282CKK6,TSRYS5793014,D,S,T,2024-05-07,2000000.00,4.813638,100.11328125
08:00:33,91282CKK6,TSRYS5793014,D,S,T,2024-05-07,2000000.00,4.807362,100.125
08:00:33,91282CKK6,TSRYS5793014,D,S,T,2024-05-07,2000000.00,4.805271,100.12890625
08:00:33,91282CKK6,TSRYS5793014,D,S,T,2024-05-07,2000000.00,4.804225,100.130859375
08:00:33,91282CKK6,TSRYS5793014,D,S,T,2024-05-07,2000000.00,4.805271,100.12890625
08:00:33,91282CKK6,TSRYS5793014,D,S,T,2024-05-07,2000000.00,4.805271,100.12890625
08:00:33,91282CKK6,TSRYS5793014,D,S,T,2024-05-07,2000000.00,4.805271,100.12890625
08:00:33,91282CKK6,TSRYS5793014,D,S,T,2024-05-07,1000000.00,4.805271,100.12890625
08:00:33,91282CKK6,TSRYS5793014,D,S,T,2024-05-07,2000000.00,4.805271,100.12890625
08:00:33,91282CKK6,TSRYS5793014,D,S,T,2024-05-07,2000000.00,4.805271,100.12890625
08:00:33,91282CKK6,TSRYS5793014,D,S,T,2024-05-07,1000000.00,4.805271,100.12890625
08:00:33,91282CKK6,TSRYS5793014,D,S,T,2024-05-07,1000000.00,4.805271,100.12890625
08:00:33,91282CKK6,TSRYS5793014,D,S,T,2024-05-07,1000000.00,4.805271,100.12890625
08:00:33,91282CKK6,TSRYS5793014,D,S,T,2024-05-07,1000000.00,4.805271,100.12890625
08:00:33,91282CKK6,TSRYS5793014,D,S,T,2024-05-07,1000000.00,4.805271,100.12890625
08:00:33,91282CKK6,TSRYS5793014,D,S,T,2024-05-07,1000000.00,4.805271,100.12890625
08:00:33,91282CKK6,TSRYS5793014,D,S,T,2024-05-07,1000000.00,4.805271,100.12890625
08:00:33,91282CKK6,TSRYS5793014,D,S,T,2024-05-07,1000000.00,4.805271,100.12890625
08:00:33,91282CKK6,TSRYS5793014,D,S,T,2024-05-07,1000000.00,4.805271,100.12890625
08:00:33,91282CKK6,TSRYS5793014,D,S,T,2024-05-07,1000000.00,4.805271,100.12890625
08:00:33,91282CKK6,TSRYS5793014,D,S,T,2024-05-07,1000000.00,4.805271,100.12890625
08:00:33,91282CKK6,TSRYS5793014,D,S,T,2024-05-07,2000000.00,4.805271,100.12890625
08:00:33,91282CKK6,TSRYS5793014,D,S,T,2024-05-07,1000000.00,4.805271,100.12890625
08:00:33,91282CKK6,TSRYS5793014,D,S,T,2024-05-07,4000000.00,4.804225,100.130859375
08:00:33,91282CKK6,TSRYS5793014,D,S,T,2024-05-07,1000000.00,4.804225,100.130859375
08:00:33,91282CKK6,TSRYS5793014,D,S,T,2024-05-07,2000000.00,4.803179,100.1328125
08:00:33,91282CKK6,TSRYS5793014,D,S,T,2024-05-07,2000000.00,4.803179,100.1328125
08:00:33,91282CKK6,TSRYS5793014,D,S,T,2024-05-07,1000000.00,4.803179,100.1328125
08:00:33,91282CKK6,TSRYS5793014,D,S,T,2024-05-07,1000000.00,4.803179,100.1328125
08:00:33,91282CKK6,TSRYS5793014,D,S,T,2024-05-07,1000000.00,4.805271,100.12890625
08:00:33,91282CKK6,TSRYS5793014,D,S,T,2024-05-07,2000000.00,4.803179,100.1328125
08:00:33,91282CKK6,TSRYS5793014,D,S,T,2024-05-07,1000000.00,4.804225,100.130859375
08:00:33,91282CKK6,TSRYS5793014,D,S,T,2024-05-07,1000000.00,4.805271,100.12890625
08:00:33,91282CKK6,TSRYS5793014,D,S,T,2024-05-07,1000000.00,4.805271,100.12890625
08:00:33,91282CKK6,TSRYS5793014,D,S,T,2024-05-07,2000000.00,4.805271,100.12890625
08:00:33,91282CKK6,TSRYS5793014,D,S,T,2024-05-07,2000000.00,4.805271,100.12890625
08:00:33,91282CKK6,TSRYS5793014,D,S,T,2024-05-07,1000000.00,4.805271,100.12890625
08:00:33,91282CKK6,TSRYS5793014,D,S,T,2024-05-07,4000000.00,4.804225,100.130859375
08:00:33,91282CKK6,TSRYS5793014,D,S,T,2024-05-07,3000000.00,4.804225,100.130859375
08:00:33,91282CKK6,TSRYS5793014,D,S,T,2024-05-07,1000000.00,4.805271,100.12890625
08:00:33,91282CKK6,TSRYS5793014,D,S,T,2024-05-07,1000000.00,4.805271,100.12890625
08:00:33,91282CKK6,TSRYS5793014,D,S,T,2024-05-07,1000000.00,4.805271,100.12890625
08:00:33,91282CKK6,TSRYS5793014,D,S,T,2024-05-07,1000000.00,4.805271,100.12890625
08:00:33,91282CKK6,TSRYS5793014,D,S,T,2024-05-07,1000000.00,4.805271,100.12890625
08:00:33,91282CKK6,TSRYS5793014,D,S,T,2024-05-07,1000000.00,4.805271,100.12890625
08:00:33,91282CKK6,TSRYS5793014,D,S,T,2024-05-07,1000000.00,4.805271,100.12890625
08:00:33,91282CKK6,TSRYS5793014,D,S,T,2024-05-07,2000000.00,4.807362,100.125
08:00:33,91282CKK6,TSRYS5793014,D,S,T,2024-05-07,1000000.00,4.807362,100.125
08:00:33,91282CKK6,TSRYS5793014,D,S,T,2024-05-07,2000000.00,4.807362,100.125
08:00:33,91282CKK6,TSRYS5793014,D,S,T,2024-05-07,2000000.00,4.805271,100.12890625
08:00:33,91282CKK6,TSRYS5793014,D,S,T,2024-05-07,1000000.00,4.807362,100.125
08:00:33,91282CKK6,TSRYS5793014,D,S,T,2024-05-07,2000000.00,4.809454,100.12109375
08:00:33,91282CKK6,TSRYS5793014,D,S,T,2024-05-07,2000000.00,4.807362,100.125
08:00:33,91282CKK6,TSRYS5793014,D,S,T,2024-05-07,3000000.00,4.807362,100.125
08:00:33,91282CKK6,TSRYS5793014,D,S,T,2024-05-07,1000000.00,4.809454,100.12109375
08:00:33,91282CKK6,TSRYS5793014,D,S,T,2024-05-07,1000000.00,4.809454,100.12109375
08:00:33,91282CKK6,TSRYS5793014,D,S,T,2024-05-07,4000000.00,4.812592,100.115234375
08:00:33,91282CKK6,TSRYS5793014,D,S,T,2024-05-07,2000000.00,4.812592,100.115234375
08:00:33,91282CKK6,TSRYS5793014,D,S,T,2024-05-07,1000000.00,4.81573,100.109375
08:00:33,91282CKK6,TSRYS5793014,D,S,T,2024-05-07,1000000.00,4.81573,100.109375
08:00:33,91282CKK6,TSRYS5793014,D,S,T,2024-05-07,2000000.00,4.81573,100.109375
08:00:33,91282CKK6,TSRYS5793014,D,S,T,2024-05-07,2000000.00,4.817822,100.10546875
08:00:33,91282CKK6,TSRYS5793014,D,S,T,2024-05-07,2000000.00,4.817822,100.10546875
08:00:33,91282CKK6,TSRYS5793014,D,S,T,2024-05-07,2000000.00,4.817822,100.10546875
08:00:33,91282CKK6,TSRYS5793014,D,S,T,2024-05-07,2000000.00,4.813638,100.11328125
08:00:33,91282CKK6,TSRYS5793014,D,S,T,2024-05-07,1000000.00,4.814684,100.111328125
08:00:33,91282CKK6,TSRYS5793014,D,S,T,2024-05-07,1000000.00,4.814684,100.111328125
08:00:33,91282CKK6,TSRYS5793014,D,S,T,2024-05-07,1000000.00,4.814684,100.111328125
08:00:33,91282CKK6,TSRYS5793014,D,S,T,2024-05-07,1000000.00,4.814684,100.111328125
08:00:33,91282CKK6,TSRYS5793014,D,S,T,2024-05-07,1000000.00,4.814684,100.111328125
08:00:33,91282CKK6,TSRYS5793014,D,S,T,2024-05-07,2000000.00,4.813638,100.11328125
08:00:33,91282CKK6,TSRYS5793014,D,S,T,2024-05-07,2000000.00,4.811546,100.1171875
08:00:33,91282CKK6,TSRYS5793014,D,S,T,2024-05-07,2000000.00,4.811546,100.1171875
08:00:33,91282CKK6,TSRYS5793014,D,S,T,2024-05-07,2000000.00,4.811546,100.1171875
08:00:33,91282CKK6,TSRYS5793014,D,S,T,2024-05-07,1000000.00,4.811546,100.1171875
08:00:33,91282CKK6,TSRYS5793014,D,S,T,2024-05-07,1000000.00,4.811546,100.1171875
08:00:33,91282CKK6,TSRYS5793014,D,S,T,2024-05-07,1000000.00,4.811546,100.1171875
08:00:33,91282CKK6,TSRYS5793014,D,S,T,2024-05-07,2000000.00,4.809454,100.12109375
08:00:33,91282CKK6,TSRYS5793014,D,S,T,2024-05-07,2000000.00,4.809454,100.12109375
08:00:33,91282CKK6,TSRYS5793014,D,S,T,2024-05-07,1000000.00,4.809454,100.12109375
08:00:33,91282CKK6,TSRYS5793014,D,S,T,2024-05-07,2000000.00,4.811546,100.1171875
08:00:33,91282CKK6,TSRYS5793014,D,S,T,2024-05-07,1000000.00,4.811546,100.1171875
08:00:33,91282CKK6,TSRYS5793014,D,S,T,2024-05-07,1000000.00,4.813638,100.11328125
08:00:33,91282CKK6,TSRYS5793014,D,S,T,2024-05-07,1000000.00,4.813638,100.11328125
08:00:33,91282CKK6,TSRYS5793014,D,S,T,2024-05-07,2000000.00,4.813638,100.11328125
08:00:33,91282CKK6,TSRYS5793014,D,S,T,2024-05-07,2000000.00,4.813638,100.11328125
08:00:33,91282CKK6,TSRYS5793014,D,S,T,2024-05-07,3000000.00,4.813638,100.11328125
08:00:33,91282CKK6,TSRYS5793014,D,S,T,2024-05-07,1000000.00,4.813638,100.11328125
08:00:33,91282CKK6,TSRYS5793014,D,S,T,2024-05-07,1000000.00,4.813638,100.11328125
08:00:33,91282CKK6,TSRYS5793014,D,S,T,2024-05-07,1000000.00,4.813638,100.11328125
08:00:33,91282CKK6,TSRYS5793014,D,S,T,2024-05-07,2000000.00,4.814684,100.111328125
08:00:33,91282CKK6,TSRYS5793014,D,S,T,2024-05-07,1000000.00,4.81573,100.109375
08:00:33,91282CKK6,TSRYS5793014,D,S,T,2024-05-07,3000000.00,4.81573,100.109375
08:00:33,91282CKK6,TSRYS5793014,D,S,T,2024-05-07,1000000.00,4.81573,100.109375
08:00:33,91282CKK6,TSRYS5793014,D,S,T,2024-05-07,1000000.00,4.81573,100.109375
08:00:33,91282CKK6,TSRYS5793014,D,S,T,2024-05-07,1000000.00,4.817822,100.10546875
08:00:33,91282CKK6,TSRYS5793014,D,S,T,2024-05-07,1000000.00,4.817822,100.10546875
08:00:33,91282CKK6,TSRYS5793014,D,S,T,2024-05-07,4000000.00,4.817822,100.10546875
08:00:33,91282CKK6,TSRYS5793014,D,S,T,2024-05-07,1000000.00,4.817822,100.10546875
08:00:33,91282CKK6,TSRYS5793014,D,S,T,2024-05-07,1000000.00,4.817822,100.10546875
08:00:33,91282CKK6,TSRYS5793014,D,S,T,2024-05-07,4000000.00,4.817822,100.10546875
08:00:33,91282CKK6,TSRYS5793014,D,S,T,2024-05-07,1000000.00,4.817822,100.10546875
08:00:33,91282CKK6,TSRYS5793014,D,S,T,2024-05-07,1000000.00,4.817822,100.10546875
08:00:33,91282CKK6,TSRYS5793014,D,S,T,2024-05-07,1000000.00,4.817822,100.10546875
08:00:33,91282CKK6,TSRYS5793014,D,S,T,2024-05-07,1000000.00,4.817822,100.10546875
08:00:33,91282CKK6,TSRYS5793014,D,S,T,2024-05-07,1000000.00,4.817822,100.10546875
08:00:33,91282CKK6,TSRYS5793014,D,S,T,2024-05-07,2000000.00,4.817822,100.10546875
08:00:33,91282CKK6,TSRYS5793014,D,S,T,2024-05-07,1000000.00,4.817822,100.10546875
08:00:33,91282CKK6,TSRYS5793014,D,S,T,2024-05-07,2000000.00,4.817822,100.10546875
08:00:33,91282CKK6,TSRYS5793014,D,S,T,2024-05-07,1000000.00,4.817822,100.10546875
08:00:33,91282CKK6,TSRYS5793014,D,S,T,2024-05-07,1000000.00,4.817822,100.10546875
08:00:33,91282CKK6,TSRYS5793014,D,S,T,2024-05-07,1000000.00,4.817822,100.10546875
08:00:33,91282CKK6,TSRYS5793014,D,S,T,2024-05-07,1000000.00,4.817822,100.10546875
08:00:33,91282CKK6,TSRYS5793014,D,S,T,2024-05-07,1000000.00,4.82096,100.099609375
08:00:33,91282CKK6,TSRYS5793014,D,S,T,2024-05-07,1000000.00,4.82096,100.099609375
08:00:33,91282CKK6,TSRYS5793014,D,S,T,2024-05-07,4000000.00,4.818868,100.103515625
08:00:33,91282CKK6,TSRYS5793014,D,S,T,2024-05-07,4000000.00,4.818868,100.103515625
08:00:33,91282CKK6,TSRYS5793014,D,S,T,2024-05-07,2000000.00,4.818868,100.103515625
08:00:33,91282CKK6,TSRYS5793014,D,S,T,2024-05-07,2000000.00,4.819914,100.1015625
08:00:33,91282CKK6,TSRYS5793014,D,S,T,2024-05-07,2000000.00,4.819914,100.1015625
08:00:33,91282CKK6,TSRYS5793014,D,S,T,2024-05-07,1000000.00,4.819914,100.1015625
08:00:33,91282CKK6,TSRYS5793014,D,S,T,2024-05-07,1000000.00,4.819914,100.1015625
08:00:33,91282CKK6,TSRYS5793014,D,S,T,2024-05-07,1000000.00,4.819914,100.1015625
08:00:33,91282CKK6,TSRYS5793014,D,S,T,2024-05-07,2000000.00,4.822006,100.09765625
08:00:33,91282CKK6,TSRYS5793014,D,S,T,2024-05-07,1000000.00,4.822006,100.09765625
08:00:33,91282CKK6,TSRYS5793014,D,S,T,2024-05-07,1000000.00,4.822006,100.09765625
08:00:33,91282CKK6,TSRYS5793014,D,S,T,2024-05-07,1000000.00,4.822006,100.09765625
08:00:33,91282CKK6,TSRYS5793014,D,S,T,2024-05-07,2000000.00,4.822006,100.09765625
08:00:33,91282CKK6,TSRYS5793014,D,S,T,2024-05-07,1000000.00,4.822006,100.09765625
08:00:33,91282CKK6,TSRYS5793014,D,S,D,2024-05-07,3000000.00,4.825145,100.091796875
08:00:33,91282CKK6,TSRYS5793014,D,S,D,2024-05-07,3000000.00,4.826191,100.08984375
08:00:33,91282CKK6,TSRYS5793014,D,S,D,2024-05-07,3000000.00,4.826191,100.08984375
08:00:33,91282CKK6,TSRYS5793014,D,S,D,2024-05-07,2000000.00,4.828284,100.0859375
08:00:33,91282CKK6,TSRYS5793014,D,S,D,2024-05-07,3000000.00,4.816776,100.107421875
08:00:33,91282CKK6,TSRYS5793014,D,S,D,2024-05-07,1000000.00,4.805271,100.12890625
08:00:33,91282CKK6,TSRYS5793014,D,S,D,2024-05-07,1000000.00,4.805271,100.12890625
08:00:33,91282CKK6,TSRYS5793014,D,S,D,2024-05-07,2000000.00,4.805271,100.12890625
08:00:33,91282CKK6,TSRYS5793014,D,S,D,2024-05-07,2000000.00,4.804225,100.130859375
08:00:33,91282CKK6,TSRYS5793014,D,S,D,2024-05-07,1000000.00,4.806316,100.126953125
08:00:33,91282CKK6,TSRYS5793014,D,S,D,2024-05-07,3000000.00,4.805271,100.12890625
08:00:33,91282CKK6,TSRYS5793014,D,S,D,2024-05-07,3000000.00,4.807362,100.125
08:00:33,91282CKK6,TSRYS5793014,D,S,D,2024-05-07,2000000.00,4.807362,100.125
08:00:33,91282CKK6,TSRYS5793014,D,S,D,2024-05-07,2000000.00,4.808408,100.123046875
08:00:33,91282CKK6,TSRYS5793014,D,S,D,2024-05-07,1000000.00,4.808408,100.123046875
08:00:33,91282CKK6,TSRYS5793014,D,S,D,2024-05-07,1000000.00,4.819914,100.1015625
08:00:33,91282CKK6,TSRYS5793014,D,S,D,2024-05-07,3000000.00,4.828284,100.0859375
08:00:33,91282CKK6,TSRYS5793014,D,S,D,2024-05-07,3000000.00,4.825145,100.091796875
08:00:33,91282CKK6,TSRYS5793014,D,S,D,2024-05-07,3000000.00,4.825145,100.091796875
08:00:33,91282CKK6,TSRYS5793014,D,S,D,2024-05-07,3000000.00,4.828284,100.0859375
08:00:33,91282CKK6,TSRYS5793014,D,S,D,2024-05-07,3000000.00,4.81573,100.109375
08:00:33,91282CKK6,TSRYS5793014,D,S,D,2024-05-07,9000000.00,4.81573,100.109375
08:00:33,91282CKK6,TSRYS5793014,D,S,D,2024-05-07,1000000.00,4.816776,100.107421875
08:00:33,91282CKK6,TSRYS5793014,D,S,D,2024-05-07,1000000.00,4.816776,100.107421875
08:00:33,91282CKK6,TSRYS5793014,D,S,D,2024-05-07,1000000.00,4.816776,100.107421875
08:00:33,91282CKK6,TSRYS5793014,D,S,D,2024-05-07,1000000.00,4.816776,100.107421875
08:00:33,91282CKK6,TSRYS5793014,D,S,D,2024-05-07,1000000.00,4.816776,100.107421875
08:00:33,91282CKK6,TSRYS5793014,D,S,D,2024-05-07,1000000.00,4.816776,100.107421875
08:00:33,91282CKK6,TSRYS5793014,D,S,D,2024-05-07,1000000.00,4.816776,100.107421875
08:00:33,91282CKK6,TSRYS5793014,D,S,D,2024-05-07,1000000.00,4.816776,100.107421875
08:00:33,91282CKK6,TSRYS5793014,D,S,D,2024-05-07,1000000.00,4.816776,100.107421875
08:00:33,91282CKK6,TSRYS5793014,D,S,D,2024-05-07,3000000.00,4.81573,100.109375
08:00:33,91282CKK6,TSRYS5793014,D,S,D,2024-05-07,4000000.00,4.816776,100.107421875
08:00:33,91282CKK6,TSRYS5793014,D,S,D,2024-05-07,2000000.00,4.816776,100.107421875
08:00:33,91282CKK6,TSRYS5793014,D,S,D,2024-05-07,4000000.00,4.816776,100.107421875
08:00:33,91282CKK6,TSRYS5793014,D,S,D,2024-05-07,1000000.00,4.816776,100.107421875
08:00:33,91282CKK6,TSRYS5793014,D,S,D,2024-05-07,2000000.00,4.81573,100.109375
08:00:33,91282CKK6,TSRYS5793014,D,S,D,2024-05-07,4000000.00,4.8105,100.119140625
08:00:33,91282CKK6,TSRYS5793014,D,S,D,2024-05-07,3000000.00,4.8105,100.119140625
08:00:33,91282CKK6,TSRYS5793014,D,S,D,2024-05-07,4000000.00,4.8105,100.119140625
08:00:33,91282CKK6,TSRYS5793014,D,S,D,2024-05-07,1000000.00,4.81573,100.109375
08:00:33,91282CKK6,TSRYS5793014,D,S,D,2024-05-07,1000000.00,4.81573,100.109375
08:00:33,91282CKK6,TSRYS5793014,D,S,D,2024-05-07,1000000.00,4.81573,100.109375
08:00:33,91282CKK6,TSRYS5793014,D,S,D,2024-05-07,1000000.00,4.81573,100.109375
08:00:33,91282CKK6,TSRYS5793014,D,S,D,2024-05-07,1000000.00,4.81573,100.109375
08:00:33,91282CKK6,TSRYS5793014,D,S,D,2024-05-07,1000000.00,4.81573,100.109375
08:00:33,91282CKK6,TSRYS5793014,D,S,D,2024-05-07,1000000.00,4.81573,100.109375
08:00:33,91282CKK6,TSRYS5793014,D,S,D,2024-05-07,1000000.00,4.81573,100.109375
08:00:33,91282CKK6,TSRYS5793014,D,S,D,2024-05-07,1000000.00,4.81573,100.109375
08:00:33,91282CKK6,TSRYS5793014,D,S,T,2024-05-07,2000000.00,4.835609,100.072265625
08:00:33,91282CKK6,TSRYS5793014,D,S,T,2024-05-07,2000000.00,4.835609,100.072265625
08:00:33,91282CKK6,TSRYS5793014,D,S,T,2024-05-07,2000000.00,4.835609,100.072265625
08:00:33,91282CKK6,TSRYS5793014,D,S,T,2024-05-07,2000000.00,4.835609,100.072265625
08:00:33,91282CKK6,TSRYS5793014,D,S,T,2024-05-07,3000000.00,4.835609,100.072265625
08:00:33,91282CKK6,TSRYS5793014,D,S,T,2024-05-07,3000000.00,4.835609,100.072265625
08:00:33,91282CKK6,TSRYS5793014,D,S,T,2024-05-07,2000000.00,4.835609,100.072265625
08:00:33,91282CKK6,TSRYS5793014,D,S,T,2024-05-07,2000000.00,4.82933,100.083984375
08:00:33,91282CKK6,TSRYS5793014,D,S,T,2024-05-07,1000000.00,4.82933,100.083984375
08:00:33,91282CKK6,TSRYS5793014,D,S,T,2024-05-07,2000000.00,4.82933,100.083984375
08:00:33,91282CKK6,TSRYS5793014,D,S,T,2024-05-07,1000000.00,4.82933,100.083984375
08:00:33,91282CKK6,TSRYS5793014,D,S,T,2024-05-07,1000000.00,4.82933,100.083984375
08:00:33,91282CKK6,TSRYS5793014,D,S,T,2024-05-07,1000000.00,4.828284,100.0859375
08:00:33,91282CKK6,TSRYS5793014,D,S,T,2024-05-07,1000000.00,4.82933,100.083984375
08:00:33,91282CKK6,TSRYS5793014,D,S,T,2024-05-07,3000000.00,4.826191,100.08984375
08:00:33,91282CKK6,TSRYS5793014,D,S,T,2024-05-07,3000000.00,4.826191,100.08984375
08:00:33,91282CKK6,TSRYS5793014,D,S,T,2024-05-07,3000000.00,4.828284,100.0859375
08:00:33,91282CKK6,TSRYS5793014,D,S,T,2024-05-07,1000000.00,4.825145,100.091796875
08:00:33,91282CKK6,TSRYS5793014,D,S,T,2024-05-07,2000000.00,4.825145,100.091796875
08:00:33,91282CKK6,TSRYS5793014,D,S,T,2024-05-07,2000000.00,4.825145,100.091796875
08:00:33,91282CKK6,TSRYS5793014,D,S,T,2024-05-07,1000000.00,4.825145,100.091796875
08:00:33,91282CKK6,TSRYS5793014,D,S,T,2024-05-07,3000000.00,4.82933,100.083984375
08:00:33,91282CKK6,TSRYS5793014,D,S,T,2024-05-07,3000000.00,4.82933,100.083984375
08:00:33,91282CKK6,TSRYS5793014,D,S,T,2024-05-07,3000000.00,4.81573,100.109375
08:00:33,91282CKK6,TSRYS5793014,D,S,T,2024-05-07,2000000.00,4.816776,100.107421875
08:00:33,91282CKK6,TSRYS5793014,D,S,T,2024-05-07,4000000.00,4.816776,100.107421875
08:00:33,91282CKK6,TSRYS5793014,D,S,T,2024-05-07,4000000.00,4.816776,100.107421875
08:00:33,91282CKK6,TSRYS5793014,D,S,T,2024-05-07,3000000.00,4.816776,100.107421875
08:00:33,91282CKK6,TSRYS5793014,D,S,T,2024-05-07,3000000.00,4.817822,100.10546875
08:00:33,91282CKK6,TSRYS5793014,D,S,T,2024-05-07,4000000.00,4.8105,100.119140625
08:00:33,91282CKK6,TSRYS5793014,D,S,T,2024-05-07,4000000.00,4.8105,100.119140625
08:00:33,91282CKK6,TSRYS5793014,D,S,T,2024-05-07,1000000.00,4.805271,100.12890625
08:00:33,91282CKK6,TSRYS5793014,D,S,T,2024-05-07,1000000.00,4.805271,100.12890625
08:00:33,91282CKK6,TSRYS5793014,D,S,T,2024-05-07,1000000.00,4.805271,100.12890625
08:00:33,91282CKK6,TSRYS5793014,D,S,T,2024-05-07,1000000.00,4.805271,100.12890625
08:00:33,91282CKK6,TSRYS5793014,D,S,T,2024-05-07,1000000.00,4.805271,100.12890625
08:00:33,91282CKK6,TSRYS5793014,D,S,T,2024-05-07,1000000.00,4.805271,100.12890625
08:00:33,91282CKK6,TSRYS5793014,D,S,T,2024-05-07,2000000.00,4.805271,100.12890625
08:00:33,91282CKK6,TSRYS5793014,D,S,T,2024-05-07,1000000.00,4.804225,100.130859375
08:00:33,91282CKK6,TSRYS5793014,D,S,T,2024-05-07,3000000.00,4.804225,100.130859375
08:00:33,91282CKK6,TSRYS5793014,D,S,T,2024-05-07,4000000.00,4.804225,100.130859375
08:00:33,91282CKK6,TSRYS5793014,D,S,T,2024-05-07,1000000.00,4.804225,100.130859375
08:00:33,91282CKK6,TSRYS5793014,D,S,T,2024-05-07,2000000.00,4.804225,100.130859375
08:00:33,91282CKK6,TSRYS5793014,D,S,T,2024-05-07,1000000.00,4.804225,100.130859375
08:00:33,91282CKK6,TSRYS5793014,D,S,T,2024-05-07,2000000.00,4.804225,100.130859375
08:00:33,91282CKK6,TSRYS5793014,D,S,T,2024-05-07,1000000.00,4.805271,100.12890625
08:00:33,91282CKK6,TSRYS5793014,D,S,T,2024-05-07,4000000.00,4.807362,100.125
08:00:33,91282CKK6,TSRYS5793014,D,S,T,2024-05-07,4000000.00,4.814684,100.111328125
08:00:33,91282CKK6,TSRYS5793014,D,S,T,2024-05-07,1000000.00,4.814684,100.111328125
08:00:33,91282CKK6,TSRYS5793014,D,S,T,2024-05-07,1000000.00,4.812592,100.115234375
08:00:33,91282CKK6,TSRYS5793014,D,S,T,2024-05-07,1000000.00,4.819914,100.1015625
08:00:33,91282CKK6,TSRYS5793014,D,S,T,2024-05-07,1000000.00,4.818868,100.103515625
08:00:33,91282CKK6,TSRYS5793014,D,S,T,2024-05-07,1000000.00,4.818868,100.103515625
08:00:33,91282CKK6,TSRYS5793014,D,S,T,2024-05-07,1000000.00,4.818868,100.103515625
08:00:33,91282CKK6,TSRYS5793014,D,S,T,2024-05-07,1000000.00,4.818868,100.103515625
08:00:37,91282CKK6,TSRYS5793014,D,B,A,2024-05-07,4171000.00,4.819914,100.1015625
08:00:37,91282CKK6,TSRYS5793014,D,B,A,2024-05-07,4171000.00,4.819914,100.1015625
08:00:39,91282CKK6,TSRYS5793014,D,S,D,2024-05-07,3000000.00,4.807362,100.125
08:00:39,91282CKK6,TSRYS5793014,D,S,D,2024-05-07,1000000.00,4.807362,100.125
08:00:39,91282CKK6,TSRYS5793014,D,S,T,2024-05-07,1000000.00,4.834562,100.07421875
08:00:39,91282CKK6,TSRYS5793014,D,S,T,2024-05-07,1000000.00,4.830376,100.08203125
08:00:39,91282CKK6,TSRYS5793014,D,S,C,2024-05-07,5000000.00,4.830376,100.08203125
08:00:39,91282CKK6,TSRYS5793014,D,S,T,2024-05-07,1000000.00,4.828284,100.0859375
08:00:39,91282CKK6,TSRYS5793014,D,S,A,2024-05-07,2000000.00,4.828284,100.0859375
08:00:39,91282CKK6,TSRYS5793014,D,S,T,2024-05-07,1000000.00,4.828284,100.0859375
08:00:39,91282CKK6,TSRYS5793014,D,S,T,2024-05-07,1000000.00,4.828284,100.0859375
08:00:40,91282CKK6,TSRYS5793014,D,S,C,2024-05-07,230000.00,4.830376,100.08203125
08:00:40,91282CKK6,TSRYS5793014,D,B,C,2024-05-07,190000.00,4.832469,100.078125
08:00:40,91282CKK6,TSRYS5793014,D,S,T,2024-05-07,1000000.00,4.830376,100.08203125
08:00:40,91282CKK6,TSRYS5793014,D,B,A,2024-05-07,7000000.00,4.830376,100.08203125
08:00:40,91282CKK6,TSRYS5793014,D,S,T,2024-05-07,5000000.00,4.817822,100.10546875
08:00:40,91282CKK6,TSRYS5793014,D,S,T,2024-05-07,1000000.00,4.828284,100.0859375
08:00:40,91282CKK6,TSRYS5793014,D,S,T,2024-05-07,1000000.00,4.828284,100.0859375
08:00:40,91282CKK6,TSRYS5793014,D,B,A,2024-05-07,4000000.00,4.828284,100.0859375
08:00:40,91282CKK6,TSRYS5793014,D,S,T,2024-05-07,2000000.00,4.81573,100.109375
08:00:40,91282CKK6,TSRYS5793014,D,S,C,2024-05-07,1060000.00,4.828284,100.0859375
08:00:40,91282CKK6,TSRYS5793014,D,S,T,2024-05-07,1000000.00,4.828284,100.0859375
08:00:40,91282CKK6,TSRYS5793014,D,S,T,2024-05-07,1000000.00,4.817822,100.10546875
08:00:40,91282CKK6,TSRYS5793014,D,S,T,2024-05-07,1000000.00,4.8105,100.119140625
08:00:40,91282CKK6,TSRYS5793014,D,S,D,2024-05-07,4000000.00,4.8105,100.119140625
08:00:40,91282CKK6,TSRYS5793014,D,S,T,2024-05-07,1000000.00,4.81573,100.109375
08:00:40,91282CKK6,TSRYS5793014,D,S,T,2024-05-07,1000000.00,4.81573,100.109375
08:00:40,91282CKK6,TSRYS5793014,D,B,A,2024-05-07,8000000.00,4.81573,100.109375
08:00:40,91282CKK6,TSRYS5793014,D,S,A,2024-05-07,2000000.00,4.81573,100.109375
08:00:40,91282CKK6,TSRYS5793014,D,B,C,2024-05-07,1000000.00,4.809454,100.12109375
08:00:40,91282CKK6,TSRYS5793014,D,B,A,2024-05-07,5000000.00,4.805103,100.12890625
08:00:40,91282CKK6,TSRYS5793014,D,S,T,2024-05-07,1000000.00,4.804225,100.130859375
08:00:40,91282CKK6,TSRYS5793014,D,B,C,2024-05-07,1000000.00,4.803179,100.1328125
08:00:40,91282CKK6,TSRYS5793014,D,B,A,2024-05-07,2810000.00,4.805271,100.12890625
08:00:40,91282CKK6,TSRYS5793014,D,S,A,2024-05-07,2263000.00,4.807362,100.125
08:00:40,91282CKK6,TSRYS5793014,D,S,A,2024-05-07,10000000.00,4.807362,100.125
08:00:40,91282CKK6,TSRYS5793014,D,S,T,2024-05-07,1000000.00,4.805271,100.12890625
08:00:40,91282CKK6,TSRYS5793014,D,S,T,2024-05-07,1000000.00,4.805271,100.12890625
08:00:40,91282CKK6,TSRYS5793014,D,S,T,2024-05-07,1000000.00,4.805271,100.12890625
08:00:40,91282CKK6,TSRYS5793014,D,B,C,2024-05-07,700000.00,4.805271,100.12890625
08:00:40,91282CKK6,TSRYS5793014,D,S,D,2024-05-07,1000000.00,4.807362,100.125
08:00:40,91282CKK6,TSRYS5793014,D,S,T,2024-05-07,1000000.00,4.809454,100.12109375
08:00:40,91282CKK6,TSRYS5793014,D,B,A,2024-05-07,329000.00,4.809454,100.12109375
08:00:40,91282CKK6,TSRYS5793014,D,S,T,2024-05-07,1000000.00,4.807362,100.125
08:00:40,91282CKK6,TSRYS5793014,D,S,D,2024-05-07,1000000.00,4.808408,100.123046875
08:00:40,91282CKK6,TSRYS5793014,D,S,A,2024-05-07,680000.00,4.807362,100.125
08:00:40,91282CKK6,TSRYS5793014,D,S,C,2024-05-07,4560000.00,4.807362,100.125
08:00:40,91282CKK6,TSRYS5793014,D,S,T,2024-05-07,1000000.00,4.807362,100.125
08:00:40,91282CKK6,TSRYS5793014,D,S,T,2024-05-07,1000000.00,4.807362,100.125
08:00:40,91282CKK6,TSRYS5793014,D,S,T,2024-05-07,1000000.00,4.813638,100.11328125
08:00:40,91282CKK6,TSRYS5793014,D,S,T,2024-05-07,1000000.00,4.813638,100.11328125
08:00:40,91282CKK6,TSRYS5793014,D,S,A,2024-05-07,150000.00,4.81573,100.109375
08:00:40,91282CKK6,TSRYS5793014,D,S,T,2024-05-07,1000000.00,4.81573,100.109375
08:00:40,91282CKK6,TSRYS5793014,D,S,C,2024-05-07,1000000.00,4.817018,100.10696875
08:00:40,91282CKK6,TSRYS5793014,D,S,A,2024-05-07,10000000.00,4.807362,100.125
08:00:41,91282CKK6,TSRYS5793014,D,S,D,2024-05-07,2000000.00,4.813638,100.11328125
08:00:41,91282CKK6,TSRYS5793014,D,S,D,2024-05-07,2000000.00,4.813638,100.11328125
08:00:41,91282CKK6,TSRYS5793014,D,S,D,2024-05-07,2000000.00,4.813638,100.11328125
08:00:41,91282CKK6,TSRYS5793014,D,S,D,2024-05-07,2000000.00,4.813638,100.11328125
08:00:41,91282CKK6,TSRYS5793014,D,S,D,2024-05-07,2000000.00,4.813638,100.11328125
08:00:41,91282CKK6,TSRYS5793014,D,S,D,2024-05-07,2000000.00,4.813638,100.11328125
08:00:41,91282CKK6,TSRYS5793014,D,S,D,2024-05-07,2000000.00,4.813638,100.11328125
08:00:41,91282CKK6,TSRYS5793014,D,S,D,2024-05-07,3000000.00,4.813638,100.11328125
08:00:41,91282CKK6,TSRYS5793014,D,S,D,2024-05-07,3000000.00,4.813638,100.11328125
08:00:41,91282CKK6,TSRYS5793014,D,S,D,2024-05-07,1000000.00,4.8135,100.1135389281
08:00:41,91282CKK6,TSRYS5793014,D,S,D,2024-05-07,3000000.00,4.8135,100.1135389281
08:00:41,91282CKK6,TSRYS5793014,D,S,D,2024-05-07,1000000.00,4.8135,100.1135389281
08:00:41,91282CKK6,TSRYS5793014,D,S,D,2024-05-07,2000000.00,4.813,100.1144725442
08:00:41,91282CKK6,TSRYS5793014,D,S,D,2024-05-07,1000000.00,4.8135,100.1135389281
08:00:41,91282CKK6,TSRYS5793014,D,S,D,2024-05-07,1000000.00,4.813,100.1144725442
08:00:41,91282CKK6,TSRYS5793014,D,S,D,2024-05-07,1000000.00,4.813,100.1144725442
08:00:41,91282CKK6,TSRYS5793014,D,S,D,2024-05-07,1000000.00,4.8135,100.1135389281
08:00:41,91282CKK6,TSRYS5793014,D,S,D,2024-05-07,1000000.00,4.8135,100.1135389281
08:00:41,91282CKK6,TSRYS5793014,D,S,D,2024-05-07,1000000.00,4.813638,100.11328125
08:00:41,91282CKK6,TSRYS5793014,D,S,D,2024-05-07,1000000.00,4.813638,100.11328125
08:00:41,91282CKK6,TSRYS5793014,D,S,T,2024-05-07,6750000.00,4.874348,100.0
08:00:41,91282CKK6,TSRYS5793014,D,S,T,2024-05-07,10050000.00,4.874348,100.0
08:00:41,91282CKK6,TSRYS5793014,D,S,T,2024-05-07,6750000.00,4.874348,100.0
08:00:41,91282CKK6,TSRYS5793014,D,S,D,2024-05-07,1000000.00,4.811546,100.1171875
08:00:41,91282CKK6,TSRYS5793014,D,S,D,2024-05-07,1000000.00,4.811546,100.1171875
08:00:41,91282CKK6,TSRYS5793014,D,S,D,2024-05-07,2000000.00,4.813,100.1144725442
08:00:41,91282CKK6,TSRYS5793014,D,S,D,2024-05-07,1000000.00,4.811546,100.1171875
08:00:41,91282CKK6,TSRYS5793014,D,S,D,2024-05-07,1000000.00,4.8135,100.1135389281
08:00:41,91282CKK6,TSRYS5793014,D,S,D,2024-05-07,1000000.00,4.8135,100.1135389281
08:00:41,91282CKK6,TSRYS5793014,D,S,D,2024-05-07,3500000.00,4.809454,100.12109375
08:00:41,91282CKK6,TSRYS5793014,D,S,D,2024-05-07,1000000.00,4.8115,100.1172733927
08:00:41,91282CKK6,TSRYS5793014,D,S,D,2024-05-07,1000000.00,4.811,100.1182070088
08:00:41,91282CKK6,TSRYS5793014,D,S,D,2024-05-07,1000000.00,4.8115,100.1172733927
08:00:41,91282CKK6,TSRYS5793014,D,S,D,2024-05-07,36000.00,4.811546,100.1171875
08:00:41,91282CKK6,TSRYS5793014,D,S,D,2024-05-07,1000000.00,4.8155,100.1098044634
08:00:41,91282CKK6,TSRYS5793014,D,S,D,2024-05-07,1000000.00,4.8155,100.1098044634
08:00:41,91282CKK6,TSRYS5793014,D,S,D,2024-05-07,1000000.00,4.8155,100.1098044634
08:00:41,91282CKK6,TSRYS5793014,D,S,D,2024-05-07,2000000.00,4.8155,100.1098044634
08:00:41,91282CKK6,TSRYS5793014,D,S,D,2024-05-07,1000000.00,4.8155,100.1098044634
08:00:41,91282CKK6,TSRYS5793014,D,S,D,2024-05-07,1000000.00,4.8155,100.1098044634
08:00:41,91282CKK6,TSRYS5793014,D,S,D,2024-05-07,1000000.00,4.8155,100.1098044634
08:00:41,91282CKK6,TSRYS5793014,D,S,D,2024-05-07,1000000.00,4.8155,100.1098044634
08:00:41,91282CKK6,TSRYS5793014,D,S,D,2024-05-07,1000000.00,4.8155,100.1098044634
08:00:41,91282CKK6,TSRYS5793014,D,S,D,2024-05-07,1000000.00,4.8155,100.1098044634
08:00:41,91282CKK6,TSRYS5793014,D,S,D,2024-05-07,1000000.00,4.8155,100.1098044634
08:00:41,91282CKK6,TSRYS5793014,D,S,D,2024-05-07,1000000.00,4.8155,100.1098044634
08:00:41,91282CKK6,TSRYS5793014,D,S,D,2024-05-07,1000000.00,4.8155,100.1098044634
08:00:41,91282CKK6,TSRYS5793014,D,S,D,2024-05-07,1000000.00,4.8155,100.1098044634
08:00:41,91282CKK6,TSRYS5793014,D,S,D,2024-05-07,1000000.00,4.8155,100.1098044634
08:00:41,91282CKK6,TSRYS5793014,D,S,D,2024-05-07,1000000.00,4.8155,100.1098044634
08:00:41,91282CKK6,TSRYS5793014,D,S,D,2024-05-07,1000000.00,4.8155,100.1098044634
08:00:41,91282CKK6,TSRYS5793014,D,S,D,2024-05-07,1000000.00,4.8155,100.1098044634
08:00:41,91282CKK6,TSRYS5793014,D,S,D,2024-05-07,1000000.00,4.8155,100.1098044634
08:00:41,91282CKK6,TSRYS5793014,D,S,D,2024-05-07,1000000.00,4.8155,100.1098044634
08:00:41,91282CKK6,TSRYS5793014,D,S,D,2024-05-07,1000000.00,4.8155,100.1098044634
08:00:41,91282CKK6,TSRYS5793014,D,S,D,2024-05-07,1000000.00,4.8155,100.1098044634
08:00:41,91282CKK6,TSRYS5793014,D,S,D,2024-05-07,1000000.00,4.8155,100.1098044634
08:00:41,91282CKK6,TSRYS5793014,D,S,D,2024-05-07,1000000.00,4.8155,100.1098044634
08:00:41,91282CKK6,TSRYS5793014,D,S,D,2024-05-07,1000000.00,4.8155,100.1098044634
08:00:41,91282CKK6,TSRYS5793014,D,S,D,2024-05-07,1000000.00,4.8155,100.1098044634
08:00:41,91282CKK6,TSRYS5793014,D,S,D,2024-05-07,1000000.00,4.8155,100.1098044634
08:00:41,91282CKK6,TSRYS5793014,D,S,D,2024-05-07,1000000.00,4.8155,100.1098044634
08:00:41,91282CKK6,TSRYS5793014,D,S,D,2024-05-07,1000000.00,4.8155,100.1098044634
08:00:41,91282CKK6,TSRYS5793014,D,S,D,2024-05-07,1000000.00,4.8155,100.1098044634
08:00:41,91282CKK6,TSRYS5793014,D,S,D,2024-05-07,1000000.00,4.8155,100.1098044634
08:00:41,91282CKK6,TSRYS5793014,D,S,D,2024-05-07,1000000.00,4.8155,100.1098044634
08:00:41,91282CKK6,TSRYS5793014,D,S,D,2024-05-07,1000000.00,4.8155,100.1098044634
08:00:41,91282CKK6,TSRYS5793014,D,S,D,2024-05-07,1000000.00,4.8155,100.1098044634
08:00:41,91282CKK6,TSRYS5793014,D,S,D,2024-05-07,1000000.00,4.8155,100.1098044634
08:00:41,91282CKK6,TSRYS5793014,D,S,D,2024-05-07,1000000.00,4.8155,100.1098044634
08:00:41,91282CKK6,TSRYS5793014,D,S,D,2024-05-07,1000000.00,4.8155,100.1098044634
08:00:41,91282CKK6,TSRYS5793014,D,S,D,2024-05-07,1000000.00,4.8155,100.1098044634
08:00:41,91282CKK6,TSRYS5793014,D,S,D,2024-05-07,1000000.00,4.81573,100.109375
08:00:41,91282CKK6,TSRYS5793014,D,S,D,2024-05-07,1000000.00,4.821,100.0995346857
08:00:41,91282CKK6,TSRYS5793014,D,S,D,2024-05-07,1000000.00,4.821,100.0995346857
08:00:41,91282CKK6,TSRYS5793014,D,S,T,2024-05-07,1000000.00,4.818868,100.103515625
08:00:41,91282CKK6,TSRYS5793014,D,S,T,2024-05-07,1000000.00,4.818868,100.103515625
08:00:41,91282CKK6,TSRYS5793014,D,S,C,2024-05-07,401000.00,4.822006,100.09765625
08:00:42,91282CKK6,TSRYS5793014,D,S,D,2024-05-07,2250000.00,4.828284,100.0859375
08:00:42,91282CKK6,TSRYS5793014,D,S,D,2024-05-07,35000000.00,4.811546,100.1171875
08:00:42,91282CKK6,TSRYS5793014,D,B,C,2024-05-07,35000000.00,4.811546,100.1171875
08:00:43,91282CKK6,TSRYS5793014,D,S,A,2024-05-07,3000000.00,4.813638,100.11328125
08:00:43,91282CKK6,TSRYS5793014,D,S,T,2024-05-07,2000000.00,4.81573,100.109375
08:00:43,91282CKK6,TSRYS5793014,D,S,D,2024-05-07,5000000.00,4.814684,100.111328125
08:00:43,91282CKK6,TSRYS5793014,D,S,T,2024-05-07,2000000.00,4.817822,100.10546875
08:00:43,91282CKK6,TSRYS5793014,D,S,A,2024-05-07,4000000.00,4.817822,100.10546875
08:00:43,91282CKK6,TSRYS5793014,D,S,D,2024-05-07,3000000.00,4.8105,100.119140625
08:00:43,91282CKK6,TSRYS5793014,D,S,T,2024-05-07,2000000.00,4.822006,100.09765625
08:00:43,91282CKK6,TSRYS5793014,D,S,A,2024-05-07,50000.00,4.82096,100.109609375
08:00:44,91282CKK6,TSRYS5793014,D,S,A,2024-05-07,700000.00,4.807362,100.125
08:00:45,91282CKK6,TSRYS5793014,D,S,D,2024-05-07,1000000.00,4.808408,100.123046875
08:00:45,91282CKK6,TSRYS5793014,D,S,D,2024-05-07,2000000.00,4.808408,100.123046875
08:00:45,91282CKK6,TSRYS5793014,D,S,T,2024-05-07,1000000.00,4.807362,100.125
08:00:45,91282CKK6,TSRYS5793014,D,S,T,2024-05-07,6000000.00,4.807362,100.125
08:00:46,91282CKK6,TSRYS5793014,D,S,T,2024-05-07,3000000.00,4.822006,100.09765625
08:00:46,91282CKK6,TSRYS5793014,D,S,T,2024-05-07,2000000.00,4.822006,100.09765625
08:00:46,91282CKK6,TSRYS5793014,D,S,T,2024-05-07,3000000.00,4.822006,100.09765625
08:00:47,91282CKK6,TSRYS5793014,D,S,T,2024-05-07,2000000.00,4.817822,100.10546875
08:00:47,91282CKK6,TSRYS5793014,D,S,D,2024-05-07,4000000.00,4.818868,100.103515625
08:00:47,91282CKK6,TSRYS5793014,D,S,A,2024-05-07,1260000.00,4.817822,100.10546875
08:00:47,91282CKK6,TSRYS5793014,D,S,T,2024-05-07,1000000.00,4.817822,100.10546875
08:00:47,91282CKK6,TSRYS5793014,D,S,D,2024-05-07,3000000.00,4.819914,100.1015625
08:00:48,91282CKK6,TSRYS5793014,D,S,T,2024-05-07,2000000.00,4.813638,100.11328125
08:00:48,91282CKK6,TSRYS5793014,D,S,T,2024-05-07,1000000.00,4.813638,100.11328125
08:00:48,91282CKK6,TSRYS5793014,D,S,T,2024-05-07,2000000.00,4.813638,100.11328125
08:00:48,91282CKK6,TSRYS5793014,D,S,T,2024-05-07,1000000.00,4.813638,100.11328125
08:00:48,91282CKK6,TSRYS5793014,D,S,T,2024-05-07,6000000.00,4.813638,100.11328125
08:00:48,91282CKK6,TSRYS5793014,D,S,T,2024-05-07,4000000.00,4.813691,100.11318125
08:00:48,91282CKK6,TSRYS5793014,D,S,T,2024-05-07,3000000.00,4.813691,100.11318125
08:00:48,91282CKK6,TSRYS5793014,D,S,T,2024-05-07,5000000.00,4.813638,100.11328125
08:00:48,91282CKK6,TSRYS5793014,D,S,T,2024-05-07,1000000.00,4.813638,100.11328125
08:00:48,91282CKK6,TSRYS5793014,D,S,T,2024-05-07,1000000.00,4.811599,100.1170875
08:00:48,91282CKK6,TSRYS5793014,D,S,T,2024-05-07,3000000.00,4.822006,100.09765625
08:00:48,91282CKK6,TSRYS5793014,D,B,A,2024-05-07,5000000.00,4.809454,100.12109375
08:00:48,91282CKK6,TSRYS5793014,D,S,D,2024-05-07,2000000.00,4.811546,100.1171875
08:00:48,91282CKK6,TSRYS5793014,D,S,T,2024-05-07,2000000.00,4.807362,100.125
08:00:48,91282CKK6,TSRYS5793014,D,S,T,2024-05-07,1000000.00,4.807362,100.125
08:00:48,91282CKK6,TSRYS5793014,D,S,A,2024-05-07,2248000.00,4.805271,100.12890625
08:00:49,91282CKK6,TSRYS5793014,D,S,D,2024-05-07,1000000.00,4.805271,100.12890625
08:00:49,91282CKK6,TSRYS5793014,D,S,D,2024-05-07,1000000.00,4.805271,100.12890625
08:00:49,91282CKK6,TSRYS5793014,D,S,D,2024-05-07,2000000.00,4.805271,100.12890625
08:00:49,91282CKK6,TSRYS5793014,D,B,A,2024-05-07,16800000.00,4.809454,100.12109375
08:00:49,91282CKK6,TSRYS5793014,D,S,D,2024-05-07,2000000.00,4.804225,100.130859375
08:00:49,91282CKK6,TSRYS5793014,D,S,D,2024-05-07,1000000.00,4.806316,100.126953125
08:00:50,91282CKK6,TSRYS5793014,D,B,C,2024-05-07,37000000.00,4.830731,100.08137
08:00:50,91282CKK6,TSRYS5793014,D,S,T,2024-05-07,2000000.00,4.811546,100.1171875
08:00:50,91282CKK6,TSRYS5793014,D,S,T,2024-05-07,1000000.00,4.811546,100.1171875
08:00:50,91282CKK6,TSRYS5793014,D,S,T,2024-05-07,2000000.00,4.811546,100.1171875
08:00:50,91282CKK6,TSRYS5793014,D,S,T,2024-05-07,1000000.00,4.817822,100.10546875
08:00:51,91282CKK6,TSRYS5793014,D,S,T,2024-05-07,3000000.00,4.819914,100.1015625
08:00:51,91282CKK6,TSRYS5793014,D,S,T,2024-05-07,1000000.00,4.822006,100.09765625
08:00:51,91282CKK6,TSRYS5793014,D,S,T,2024-05-07,2000000.00,4.822006,100.09765625
08:00:51,91282CKK6,TSRYS5793014,D,S,D,2024-05-07,5000.00,4.819914,100.1015625
08:00:52,91282CKK6,TSRYS5793014,D,S,D,2024-05-07,3000000.00,4.805271,100.12890625
08:00:52,91282CKK6,TSRYS5793014,D,S,D,2024-05-07,11000000.00,4.807362,100.125
08:00:52,91282CKK6,TSRYS5793014,D,S,D,2024-05-07,3000000.00,4.807362,100.125
08:00:52,91282CKK6,TSRYS5793014,D,S,D,2024-05-07,2000000.00,4.807362,100.125
08:00:52,91282CKK6,TSRYS5793014,D,S,D,2024-05-07,2000000.00,4.807362,100.125
08:00:53,91282CKK6,TSRYS5793014,D,B,A,2024-05-07,10000000.00,4.811546,100.1171875
08:00:53,91282CKK6,TSRYS5793014,D,S,D,2024-05-07,2000000.00,4.808408,100.123046875
08:00:54,91282CKK6,TSRYS5793014,D,S,D,2024-05-07,1000000.00,4.808408,100.123046875
08:00:54,91282CKK6,TSRYS5793014,D,S,D,2024-05-07,1000000.00,4.808408,100.123046875
08:00:54,91282CKK6,TSRYS5793014,D,S,D,2024-05-07,2000000.00,4.808408,100.123046875
08:00:54,91282CKK6,TSRYS5793014,D,S,D,2024-05-07,1000000.00,4.808408,100.123046875
08:00:54,91282CKK6,TSRYS5793014,D,S,D,2024-05-07,1000000.00,4.808408,100.123046875
08:00:54,91282CKK6,TSRYS5793014,D,S,D,2024-05-07,1000000.00,4.808408,100.123046875
08:00:54,91282CKK6,TSRYS5793014,D,S,D,2024-05-07,1000000.00,4.808408,100.123046875
08:00:54,91282CKK6,TSRYS5793014,D,S,D,2024-05-07,1000000.00,4.808408,100.123046875
08:00:54,91282CKK6,TSRYS5793014,D,S,D,2024-05-07,2000000.00,4.808408,100.123046875
08:00:54,91282CKK6,TSRYS5793014,D,S,D,2024-05-07,1000000.00,4.808408,100.123046875
08:00:54,91282CKK6,TSRYS5793014,D,S,D,2024-05-07,1000000.00,4.808408,100.123046875
08:00:54,91282CKK6,TSRYS5793014,D,S,D,2024-05-07,2000000.00,4.811546,100.1171875
08:00:56,91282CKK6,TSRYS5793014,D,S,D,2024-05-07,1000000.00,4.81573,100.109375
08:00:59,91282CKK6,TSRYS5793014,D,S,A,2024-05-07,5555000.00,4.813638,100.11328125
08:00:59,91282CKK6,TSRYS5793014,D,S,A,2024-05-07,5555000.00,4.813638,100.11328125
08:01:00,91282CKK6,TSRYS5793014,D,S,C,2024-05-07,1000000.00,4.831423,100.080078125
08:01:00,91282CKK6,TSRYS5793014,D,B,C,2024-05-07,1000000.00,4.831423,100.080078125
08:01:00,91282CKK6,TSRYS5793014,D,S,C,2024-05-07,1000000.00,4.832469,100.078125
08:01:00,91282CKK6,TSRYS5793014,D,S,C,2024-05-07,2000000.00,4.832469,100.078125
08:01:00,91282CKK6,TSRYS5793014,D,B,C,2024-05-07,1000000.00,4.835609,100.072265625
08:01:00,91282CKK6,TSRYS5793014,D,S,D,2024-05-07,2000000.00,4.835609,100.072265625
08:01:00,91282CKK6,TSRYS5793014,D,S,C,2024-05-07,1000000.00,4.835609,100.072265625
08:01:00,91282CKK6,TSRYS5793014,D,S,C,2024-05-07,1000000.00,4.835609,100.072265625
08:01:00,91282CKK6,TSRYS5793014,D,B,C,2024-05-07,2000000.00,4.835609,100.072265625
08:01:00,91282CKK6,TSRYS5793014,D,B,C,2024-05-07,1000000.00,4.835609,100.072265625
08:01:00,91282CKK6,TSRYS5793014,D,B,C,2024-05-07,1000000.00,4.835609,100.072265625
08:01:00,91282CKK6,TSRYS5793014,D,B,C,2024-05-07,1000000.00,4.830376,100.08203125
08:01:00,91282CKK6,TSRYS5793014,D,S,C,2024-05-07,1000000.00,4.830376,100.08203125
08:01:00,91282CKK6,TSRYS5793014,D,S,C,2024-05-07,1000000.00,4.835609,100.072265625
08:01:00,91282CKK6,TSRYS5793014,D,S,C,2024-05-07,2000000.00,4.830376,100.08203125
08:01:00,91282CKK6,TSRYS5793014,D,S,C,2024-05-07,1000000.00,4.82933,100.083984375
08:01:00,91282CKK6,TSRYS5793014,D,S,C,2024-05-07,2000000.00,4.830376,100.08203125
08:01:00,91282CKK6,TSRYS5793014,D,B,C,2024-05-07,2000000.00,4.830376,100.08203125
08:01:00,91282CKK6,TSRYS5793014,D,B,C,2024-05-07,1000000.00,4.82933,100.083984375
08:01:00,91282CKK6,TSRYS5793014,D,S,D,2024-05-07,2000000.00,4.826191,100.08984375
08:01:00,91282CKK6,TSRYS5793014,D,S,D,2024-05-07,1000000.00,4.826191,100.08984375
08:01:00,91282CKK6,TSRYS5793014,D,S,D,2024-05-07,1000000.00,4.830376,100.08203125
08:01:00,91282CKK6,TSRYS5793014,D,B,C,2024-05-07,1000000.00,4.826191,100.08984375
08:01:00,91282CKK6,TSRYS5793014,D,B,C,2024-05-07,1000000.00,4.830376,100.08203125
08:01:00,91282CKK6,TSRYS5793014,D,B,C,2024-05-07,2000000.00,4.826191,100.08984375
08:01:00,91282CKK6,TSRYS5793014,D,S,D,2024-05-07,1000000.00,4.827237,100.087890625
08:01:00,91282CKK6,TSRYS5793014,D,S,C,2024-05-07,1000000.00,4.826191,100.08984375
08:01:00,91282CKK6,TSRYS5793014,D,B,C,2024-05-07,3000000.00,4.826191,100.08984375
08:01:00,91282CKK6,TSRYS5793014,D,B,C,2024-05-07,2000000.00,4.827237,100.087890625
08:01:00,91282CKK6,TSRYS5793014,D,S,D,2024-05-07,1000000.00,4.828284,100.0859375
08:01:00,91282CKK6,TSRYS5793014,D,S,D,2024-05-07,3000000.00,4.826191,100.08984375
08:01:00,91282CKK6,TSRYS5793014,D,B,C,2024-05-07,1000000.00,4.826191,100.08984375
08:01:00,91282CKK6,TSRYS5793014,D,S,C,2024-05-07,1000000.00,4.827237,100.087890625
08:01:00,91282CKK6,TSRYS5793014,D,S,C,2024-05-07,1000000.00,4.826191,100.08984375
08:01:00,91282CKK6,TSRYS5793014,D,B,C,2024-05-07,1000000.00,4.827237,100.087890625
08:01:00,91282CKK6,TSRYS5793014,D,S,D,2024-05-07,2000000.00,4.827237,100.087890625
08:01:00,91282CKK6,TSRYS5793014,D,S,C,2024-05-07,1000000.00,4.826191,100.08984375
08:01:00,91282CKK6,TSRYS5793014,D,B,C,2024-05-07,1000000.00,4.826191,100.08984375
08:01:00,91282CKK6,TSRYS5793014,D,B,C,2024-05-07,3000000.00,4.826191,100.08984375
08:01:00,91282CKK6,TSRYS5793014,D,B,C,2024-05-07,2000000.00,4.826191,100.08984375
08:01:00,91282CKK6,TSRYS5793014,D,S,D,2024-05-07,3000000.00,4.826191,100.08984375
08:01:00,91282CKK6,TSRYS5793014,D,B,C,2024-05-07,1000000.00,4.826191,100.08984375
08:01:00,91282CKK6,TSRYS5793014,D,S,C,2024-05-07,1000000.00,4.826191,100.08984375
08:01:00,91282CKK6,TSRYS5793014,D,B,C,2024-05-07,1000000.00,4.826191,100.08984375
08:01:00,91282CKK6,TSRYS5793014,D,B,C,2024-05-07,1000000.00,4.826191,100.08984375
08:01:00,91282CKK6,TSRYS5793014,D,S,D,2024-05-07,2000000.00,4.826191,100.08984375
08:01:00,91282CKK6,TSRYS5793014,D,B,C,2024-05-07,1000000.00,4.826191,100.08984375
08:01:00,91282CKK6,TSRYS5793014,D,S,C,2024-05-07,1000000.00,4.826191,100.08984375
08:01:00,91282CKK6,TSRYS5793014,D,S,C,2024-05-07,1000000.00,4.826191,100.08984375
08:01:00,91282CKK6,TSRYS5793014,D,S,D,2024-05-07,1000000.00,4.828284,100.0859375
08:01:00,91282CKK6,TSRYS5793014,D,S,C,2024-05-07,2000000.00,4.828284,100.0859375
08:01:00,91282CKK6,TSRYS5793014,D,S,D,2024-05-07,1000000.00,4.828284,100.0859375
08:01:00,91282CKK6,TSRYS5793014,D,S,C,2024-05-07,1000000.00,4.830376,100.08203125
08:01:00,91282CKK6,TSRYS5793014,D,S,D,2024-05-07,3000000.00,4.832469,100.078125
08:01:00,91282CKK6,TSRYS5793014,D,S,C,2024-05-07,1000000.00,4.831423,100.080078125
08:01:00,91282CKK6,TSRYS5793014,D,S,D,2024-05-07,1000000.00,4.82933,100.083984375
08:01:00,91282CKK6,TSRYS5793014,D,S,D,2024-05-07,3000000.00,4.82933,100.083984375
08:01:00,91282CKK6,TSRYS5793014,D,B,C,2024-05-07,1000000.00,4.830376,100.08203125
08:01:01,91282CKK6,TSRYS5793014,D,S,C,2024-05-07,1000000.00,4.830376,100.08203125
08:01:01,91282CKK6,TSRYS5793014,D,S,T,2024-05-07,5000000.00,4.819914,100.1015625
08:01:01,91282CKK6,TSRYS5793014,D,S,C,2024-05-07,1000000.00,4.830376,100.08203125
08:01:01,91282CKK6,TSRYS5793014,D,S,T,2024-05-07,4000000.00,4.819914,100.1015625
08:01:01,91282CKK6,TSRYS5793014,D,B,C,2024-05-07,1000000.00,4.82933,100.083984375
08:01:01,91282CKK6,TSRYS5793014,D,B,C,2024-05-07,1000000.00,4.830376,100.08203125
08:01:01,91282CKK6,TSRYS5793014,D,S,C,2024-05-07,1000000.00,4.830376,100.08203125
08:01:01,91282CKK6,TSRYS5793014,D,B,C,2024-05-07,1000000.00,4.830376,100.08203125
08:01:01,91282CKK6,TSRYS5793014,D,B,C,2024-05-07,1000000.00,4.830376,100.08203125
08:01:01,91282CKK6,TSRYS5793014,D,S,C,2024-05-07,1000000.00,4.82933,100.083984375
08:01:01,91282CKK6,TSRYS5793014,D,S,C,2024-05-07,1000000.00,4.830376,100.08203125
08:01:01,91282CKK6,TSRYS5793014,D,S,D,2024-05-07,2000000.00,4.828284,100.0859375
08:01:01,91282CKK6,TSRYS5793014,D,S,C,2024-05-07,1000000.00,4.82933,100.083984375
08:01:01,91282CKK6,TSRYS5793014,D,B,C,2024-05-07,1000000.00,4.82933,100.083984375
08:01:01,91282CKK6,TSRYS5793014,D,S,D,2024-05-07,2000000.00,4.81573,100.109375
08:01:01,91282CKK6,TSRYS5793014,D,S,D,2024-05-07,2000000.00,4.81573,100.109375
08:01:01,91282CKK6,TSRYS5793014,D,B,C,2024-05-07,2000000.00,4.81573,100.109375
08:01:01,91282CKK6,TSRYS5793014,D,S,D,2024-05-07,2000000.00,4.81573,100.109375
08:01:01,91282CKK6,TSRYS5793014,D,S,D,2024-05-07,5000000.00,4.814684,100.111328125
08:01:01,91282CKK6,TSRYS5793014,D,S,T,2024-05-07,5000000.00,4.820021,100.1013625
08:01:01,91282CKK6,TSRYS5793014,D,S,T,2024-05-07,5000000.00,4.820021,100.1013625
08:01:01,91282CKK6,TSRYS5793014,D,B,C,2024-05-07,1000000.00,4.805271,100.12890625
08:01:01,91282CKK6,TSRYS5793014,D,S,C,2024-05-07,1000000.00,4.805271,100.12890625
08:01:01,91282CKK6,TSRYS5793014,D,S,C,2024-05-07,1000000.00,4.805271,100.12890625
08:01:01,91282CKK6,TSRYS5793014,D,S,C,2024-05-07,1000000.00,4.805271,100.12890625
08:01:01,91282CKK6,TSRYS5793014,D,S,C,2024-05-07,2000000.00,4.805271,100.12890625
08:01:01,91282CKK6,TSRYS5793014,D,S,C,2024-05-07,2000000.00,4.804225,100.130859375
08:01:01,91282CKK6,TSRYS5793014,D,B,C,2024-05-07,2000000.00,4.804225,100.130859375
08:01:01,91282CKK6,TSRYS5793014,D,S,T,2024-05-07,2000000.00,4.820021,100.1013625
08:01:01,91282CKK6,TSRYS5793014,D,S,C,2024-05-07,2000000.00,4.804225,100.130859375
08:01:01,91282CKK6,TSRYS5793014,D,S,C,2024-05-07,1000000.00,4.804225,100.130859375
08:01:01,91282CKK6,TSRYS5793014,D,B,C,2024-05-07,2000000.00,4.805271,100.12890625
08:01:01,91282CKK6,TSRYS5793014,D,B,C,2024-05-07,1000000.00,4.804225,100.130859375
08:01:01,91282CKK6,TSRYS5793014,D,S,D,2024-05-07,2000000.00,4.805271,100.12890625
08:01:01,91282CKK6,TSRYS5793014,D,S,C,2024-05-07,1000000.00,4.806316,100.126953125
08:01:01,91282CKK6,TSRYS5793014,D,S,D,2024-05-07,1000000.00,4.804225,100.130859375
08:01:01,91282CKK6,TSRYS5793014,D,B,C,2024-05-07,1000000.00,4.804225,100.130859375
08:01:01,91282CKK6,TSRYS5793014,D,S,D,2024-05-07,2000000.00,4.804225,100.130859375
08:01:01,91282CKK6,TSRYS5793014,D,S,D,2024-05-07,1000000.00,4.804225,100.130859375
08:01:01,91282CKK6,TSRYS5793014,D,B,C,2024-05-07,1000000.00,4.804225,100.130859375
08:01:01,91282CKK6,TSRYS5793014,D,S,T,2024-05-07,4000000.00,4.820021,100.1013625
08:01:01,91282CKK6,TSRYS5793014,D,B,C,2024-05-07,2000000.00,4.804225,100.130859375
08:01:01,91282CKK6,TSRYS5793014,D,S,T,2024-05-07,1000000.00,4.820021,100.1013625
08:01:01,91282CKK6,TSRYS5793014,D,S,D,2024-05-07,3000000.00,4.805271,100.12890625
08:01:01,91282CKK6,TSRYS5793014,D,B,C,2024-05-07,1000000.00,4.807362,100.125
08:01:01,91282CKK6,TSRYS5793014,D,S,D,2024-05-07,1000000.00,4.807362,100.125
08:01:01,91282CKK6,TSRYS5793014,D,B,C,2024-05-07,1000000.00,4.807362,100.125
08:01:01,91282CKK6,TSRYS5793014,D,S,D,2024-05-07,1000000.00,4.807362,100.125
08:01:01,91282CKK6,TSRYS5793014,D,B,C,2024-05-07,1000000.00,4.807362,100.125
08:01:01,91282CKK6,TSRYS5793014,D,B,C,2024-05-07,1000000.00,4.807362,100.125
08:01:01,91282CKK6,TSRYS5793014,D,S,C,2024-05-07,1000000.00,4.807362,100.125
08:01:01,91282CKK6,TSRYS5793014,D,S,C,2024-05-07,3000000.00,4.807362,100.125
08:01:01,91282CKK6,TSRYS5793014,D,S,C,2024-05-07,1000000.00,4.807362,100.125
08:01:01,91282CKK6,TSRYS5793014,D,S,C,2024-05-07,4000000.00,4.807362,100.125
08:01:01,91282CKK6,TSRYS5793014,D,B,C,2024-05-07,1000000.00,4.807362,100.125
08:01:01,91282CKK6,TSRYS5793014,D,B,C,2024-05-07,4000000.00,4.807362,100.125
08:01:01,91282CKK6,TSRYS5793014,D,S,C,2024-05-07,1000000.00,4.807362,100.125
08:01:01,91282CKK6,TSRYS5793014,D,S,C,2024-05-07,11000000.00,4.807362,100.125
08:01:01,91282CKK6,TSRYS5793014,D,S,C,2024-05-07,1000000.00,4.807362,100.125
08:01:01,91282CKK6,TSRYS5793014,D,S,C,2024-05-07,2000000.00,4.807362,100.125
08:01:01,91282CKK6,TSRYS5793014,D,S,C,2024-05-07,3000000.00,4.807362,100.125
08:01:01,91282CKK6,TSRYS5793014,D,S,D,2024-05-07,1000000.00,4.807362,100.125
08:01:01,91282CKK6,TSRYS5793014,D,S,T,2024-05-07,1000000.00,4.820021,100.1013625
08:01:01,91282CKK6,TSRYS5793014,D,B,C,2024-05-07,1000000.00,4.807362,100.125
08:01:01,91282CKK6,TSRYS5793014,D,S,T,2024-05-07,1000000.00,4.820021,100.1013625
08:01:01,91282CKK6,TSRYS5793014,D,B,C,2024-05-07,1000000.00,4.807362,100.125
08:01:01,91282CKK6,TSRYS5793014,D,S,C,2024-05-07,1000000.00,4.807362,100.125
08:01:01,91282CKK6,TSRYS5793014,D,S,D,2024-05-07,1000000.00,4.807362,100.125
08:01:01,91282CKK6,TSRYS5793014,D,B,C,2024-05-07,2000000.00,4.807362,100.125
08:01:01,91282CKK6,TSRYS5793014,D,S,D,2024-05-07,2000000.00,4.807362,100.125
08:01:01,91282CKK6,TSRYS5793014,D,S,C,2024-05-07,2000000.00,4.807362,100.125
08:01:01,91282CKK6,TSRYS5793014,D,B,C,2024-05-07,1000000.00,4.807362,100.125
08:01:01,91282CKK6,TSRYS5793014,D,S,C,2024-05-07,1000000.00,4.807362,100.125
08:01:01,91282CKK6,TSRYS5793014,D,B,C,2024-05-07,1000000.00,4.807362,100.125
08:01:01,91282CKK6,TSRYS5793014,D,S,C,2024-05-07,1000000.00,4.807362,100.125
08:01:01,91282CKK6,TSRYS5793014,D,S,C,2024-05-07,1000000.00,4.807362,100.125
08:01:01,91282CKK6,TSRYS5793014,D,B,C,2024-05-07,1000000.00,4.809454,100.12109375
08:01:01,91282CKK6,TSRYS5793014,D,S,T,2024-05-07,1000000.00,4.820021,100.1013625
08:01:01,91282CKK6,TSRYS5793014,D,S,T,2024-05-07,1000000.00,4.820021,100.1013625
08:01:01,91282CKK6,TSRYS5793014,D,B,C,2024-05-07,1000000.00,4.807362,100.125
08:01:01,91282CKK6,TSRYS5793014,D,S,C,2024-05-07,1000000.00,4.809454,100.12109375
08:01:01,91282CKK6,TSRYS5793014,D,B,C,2024-05-07,1000000.00,4.809454,100.12109375
08:01:01,91282CKK6,TSRYS5793014,D,B,C,2024-05-07,1000000.00,4.807362,100.125
08:01:01,91282CKK6,TSRYS5793014,D,B,C,2024-05-07,1000000.00,4.809454,100.12109375
08:01:01,91282CKK6,TSRYS5793014,D,S,C,2024-05-07,1000000.00,4.809454,100.12109375
08:01:01,91282CKK6,TSRYS5793014,D,S,C,2024-05-07,1000000.00,4.807362,100.125
08:01:01,91282CKK6,TSRYS5793014,D,S,C,2024-05-07,1000000.00,4.807362,100.125
08:01:01,91282CKK6,TSRYS5793014,D,S,C,2024-05-07,1000000.00,4.809454,100.12109375
08:01:01,91282CKK6,TSRYS5793014,D,S,D,2024-05-07,1000000.00,4.808408,100.123046875
08:01:01,91282CKK6,TSRYS5793014,D,B,C,2024-05-07,1000000.00,4.807362,100.125
08:01:01,91282CKK6,TSRYS5793014,D,S,T,2024-05-07,1000000.00,4.820021,100.1013625
08:01:01,91282CKK6,TSRYS5793014,D,S,T,2024-05-07,1000000.00,4.820021,100.1013625
08:01:01,91282CKK6,TSRYS5793014,D,B,C,2024-05-07,1000000.00,4.807362,100.125
08:01:01,91282CKK6,TSRYS5793014,D,B,C,2024-05-07,1000000.00,4.808408,100.123046875
08:01:02,91282CKK6,TSRYS5793014,D,S,D,2024-05-07,2000000.00,4.808408,100.123046875
08:01:02,91282CKK6,TSRYS5793014,D,S,D,2024-05-07,1000000.00,4.808408,100.123046875
08:01:02,91282CKK6,TSRYS5793014,D,S,D,2024-05-07,1000000.00,4.808408,100.123046875
08:01:02,91282CKK6,TSRYS5793014,D,S,D,2024-05-07,1000000.00,4.808408,100.123046875
08:01:02,91282CKK6,TSRYS5793014,D,S,D,2024-05-07,1000000.00,4.808408,100.123046875
08:01:02,91282CKK6,TSRYS5793014,D,B,C,2024-05-07,1000000.00,4.808408,100.123046875
08:01:02,91282CKK6,TSRYS5793014,D,B,C,2024-05-07,1000000.00,4.808408,100.123046875
08:01:02,91282CKK6,TSRYS5793014,D,B,C,2024-05-07,1000000.00,4.808408,100.123046875
08:01:02,91282CKK6,TSRYS5793014,D,B,C,2024-05-07,2000000.00,4.808408,100.123046875
08:01:02,91282CKK6,TSRYS5793014,D,B,C,2024-05-07,1000000.00,4.808408,100.123046875
08:01:02,91282CKK6,TSRYS5793014,D,S,D,2024-05-07,1000000.00,4.808408,100.123046875
08:01:02,91282CKK6,TSRYS5793014,D,S,D,2024-05-07,2000000.00,4.811546,100.1171875
08:01:02,91282CKK6,TSRYS5793014,D,S,D,2024-05-07,1000000.00,4.808408,100.123046875
08:01:02,91282CKK6,TSRYS5793014,D,S,D,2024-05-07,2000000.00,4.808408,100.123046875
08:01:02,91282CKK6,TSRYS5793014,D,B,C,2024-05-07,1000000.00,4.808408,100.123046875
08:01:02,91282CKK6,TSRYS5793014,D,B,C,2024-05-07,1000000.00,4.811546,100.1171875
08:01:02,91282CKK6,TSRYS5793014,D,B,C,2024-05-07,3000000.00,4.81573,100.109375
08:01:02,91282CKK6,TSRYS5793014,D,S,C,2024-05-07,1000000.00,4.811546,100.1171875
08:01:02,91282CKK6,TSRYS5793014,D,S,T,2024-05-07,1000000.00,4.820021,100.1013625
08:01:02,91282CKK6,TSRYS5793014,D,S,T,2024-05-07,1000000.00,4.820021,100.1013625
08:01:02,91282CKK6,TSRYS5793014,D,S,D,2024-05-07,2000000.00,4.811546,100.1171875
08:01:02,91282CKK6,TSRYS5793014,D,S,C,2024-05-07,300000.00,4.819914,100.1015625
08:01:02,91282CKK6,TSRYS5793014,D,S,C,2024-05-07,2000000.00,4.81573,100.109375
08:01:02,91282CKK6,TSRYS5793014,D,S,C,2024-05-07,7000000.00,4.81573,100.109375
08:01:02,91282CKK6,TSRYS5793014,D,S,C,2024-05-07,3000000.00,4.81573,100.109375
08:01:02,91282CKK6,TSRYS5793014,D,S,C,2024-05-07,6000000.00,4.81573,100.109375
08:01:02,91282CKK6,TSRYS5793014,D,S,D,2024-05-07,1000000.00,4.8105,100.119140625
08:01:02,91282CKK6,TSRYS5793014,D,B,C,2024-05-07,1000000.00,4.8105,100.119140625
08:01:02,91282CKK6,TSRYS5793014,D,S,C,2024-05-07,1000000.00,4.81573,100.109375
08:01:02,91282CKK6,TSRYS5793014,D,S,T,2024-05-07,6000000.00,4.822006,100.09765625
08:01:02,91282CKK6,TSRYS5793014,D,B,C,2024-05-07,2000000.00,4.8105,100.119140625
08:01:02,91282CKK6,TSRYS5793014,D,S,D,2024-05-07,2000000.00,4.8105,100.119140625
08:01:02,91282CKK6,TSRYS5793014,D,S,D,2024-05-07,3000000.00,4.8105,100.119140625
08:01:02,91282CKK6,TSRYS5793014,D,S,D,2024-05-07,6000000.00,4.8105,100.119140625
08:01:02,91282CKK6,TSRYS5793014,D,S,D,2024-05-07,1000000.00,4.8105,100.119140625
08:01:02,91282CKK6,TSRYS5793014,D,S,D,2024-05-07,1000000.00,4.8105,100.119140625
08:01:02,91282CKK6,TSRYS5793014,D,S,T,2024-05-07,1000000.00,4.822113,100.09745625
08:01:02,91282CKK6,TSRYS5793014,D,S,T,2024-05-07,2000000.00,4.822113,100.09745625
08:01:02,91282CKK6,TSRYS5793014,D,S,T,2024-05-07,10000000.00,4.822006,100.09765625
08:01:02,91282CKK6,TSRYS5793014,D,S,T,2024-05-07,1000000.00,4.822006,100.09765625
08:01:02,91282CKK6,TSRYS5793014,D,S,T,2024-05-07,3000000.00,4.822113,100.09745625
08:01:02,91282CKK6,TSRYS5793014,D,S,T,2024-05-07,8000000.00,4.822113,100.09745625
08:01:02,91282CKK6,TSRYS5793014,D,S,T,2024-05-07,4000000.00,4.822113,100.09745625
08:01:02,91282CKK6,TSRYS5793014,D,S,T,2024-05-07,2000000.00,4.822113,100.09745625
08:01:02,91282CKK6,TSRYS5793014,D,S,T,2024-05-07,1000000.00,4.822113,100.09745625
08:01:02,91282CKK6,TSRYS5793014,D,S,T,2024-05-07,1000000.00,4.822113,100.09745625
08:01:03,91282CKK6,TSRYS5793014,D,S,A,2024-05-07,2629000.00,4.830376,100.08203125
08:01:03,91282CKK6,TSRYS5793014,D,S,A,2024-05-07,3116000.00,4.830376,100.08203125
08:01:03,91282CKK6,TSRYS5793014,D,S,D,2024-05-07,6000000.00,4.81573,100.109375
08:01:03,91282CKK6,TSRYS5793014,D,S,D,2024-05-07,7000000.00,4.81573,100.109375
08:01:03,91282CKK6,TSRYS5793014,D,S,D,2024-05-07,3000000.00,4.8105,100.119140625
08:01:03,91282CKK6,TSRYS5793014,D,S,D,2024-05-07,1000000.00,4.8105,100.119140625
08:01:03,91282CKK6,TSRYS5793014,D,S,D,2024-05-07,6000000.00,4.8105,100.119140625
08:01:03,91282CKK6,TSRYS5793014,D,S,D,2024-05-07,2000000.00,4.81573,100.109375
08:01:03,91282CKK6,TSRYS5793014,D,S,A,2024-05-07,19000000.00,4.828284,100.0859375
08:01:03,91282CKK6,TSRYS5793014,D,S,D,2024-05-07,1000000.00,4.8105,100.119140625
08:01:03,91282CKK6,TSRYS5793014,D,B,A,2024-05-07,1863000.00,4.81573,100.109375
08:01:03,91282CKK6,TSRYS5793014,D,S,D,2024-05-07,2000000.00,4.813638,100.11328125
08:01:04,91282CKK6,TSRYS5793014,D,S,A,2024-05-07,3338000.00,4.828284,100.0859375
08:01:04,91282CKK6,TSRYS5793014,D,S,A,2024-05-07,4500000.00,4.81573,100.109375
08:01:04,91282CKK6,TSRYS5793014,D,S,A,2024-05-07,5000000.00,4.817822,100.10546875
08:01:04,91282CKK6,TSRYS5793014,D,S,A,2024-05-07,10000.00,4.828284,100.0859375
08:01:04,91282CKK6,TSRYS5793014,D,S,D,2024-05-07,4000000.00,4.812592,100.115234375
08:01:04,91282CKK6,TSRYS5793014,D,S,D,2024-05-07,1000000.00,4.81573,100.109375
08:01:04,91282CKK6,TSRYS5793014,D,S,D,2024-05-07,2000000.00,4.81573,100.109375
08:01:04,91282CKK6,TSRYS5793014,D,S,D,2024-05-07,1000000.00,4.81573,100.109375
08:01:04,91282CKK6,TSRYS5793014,D,S,D,2024-05-07,1000000.00,4.81573,100.109375
08:01:04,91282CKK6,TSRYS5793014,D,S,D,2024-05-07,3000000.00,4.81573,100.109375
08:01:04,91282CKK6,TSRYS5793014,D,S,D,2024-05-07,4000000.00,4.818868,100.103515625
08:01:06,91282CKK6,TSRYS5793014,D,S,D,2024-05-07,4000000.00,4.818868,100.103515625
08:01:06,91282CKK6,TSRYS5793014,D,S,D,2024-05-07,4000000.00,4.818868,100.103515625
08:01:06,91282CKK6,TSRYS5793014,D,S,D,2024-05-07,1000000.00,4.819914,100.1015625
08:01:06,91282CKK6,TSRYS5793014,D,S,D,2024-05-07,1000000.00,4.819914,100.1015625
08:01:06,91282CKK6,TSRYS5793014,D,S,C,2024-05-07,7000.00,4.821471,100.098656
08:01:06,91282CKK6,TSRYS5793014,D,B,A,2024-05-07,3419000.00,4.826191,100.089844
08:01:06,91282CKK6,TSRYS5793014,D,S,A,2024-05-07,4500000.00,4.830376,100.08203125
08:01:06,91282CKK6,TSRYS5793014,D,S,T,2024-05-07,1000000.00,4.823052,100.095703125
08:01:08,91282CKK6,TSRYS5793014,D,B,C,2024-05-07,750000.00,4.830376,100.08203125
08:01:08,91282CKK6,TSRYS5793014,D,S,T,2024-05-07,1000000.00,4.813638,100.11328125
08:01:08,91282CKK6,TSRYS5793014,D,S,T,2024-05-07,1000000.00,4.813638,100.11328125
08:01:08,91282CKK6,TSRYS5793014,D,S,T,2024-05-07,1000000.00,4.813638,100.11328125
08:01:09,91282CKK6,TSRYS5793014,D,S,T,2024-05-07,2000000.00,4.813638,100.11328125
08:01:09,91282CKK6,TSRYS5793014,D,S,T,2024-05-07,1000000.00,4.813638,100.11328125
08:01:09,91282CKK6,TSRYS5793014,D,S,T,2024-05-07,2000000.00,4.813638,100.11328125
08:01:09,91282CKK6,TSRYS5793014,D,S,T,2024-05-07,2000000.00,4.813638,100.11328125
08:01:09,91282CKK6,TSRYS5793014,D,S,T,2024-05-07,1000000.00,4.813638,100.11328125
08:01:09,91282CKK6,TSRYS5793014,D,S,C,2024-05-07,1500000.00,4.826191,100.08984375
08:01:09,91282CKK6,TSRYS5793014,D,S,T,2024-05-07,1000000.00,4.814684,100.111328125
08:01:09,91282CKK6,TSRYS5793014,D,S,T,2024-05-07,1000000.00,4.813638,100.11328125
08:01:09,91282CKK6,TSRYS5793014,D,S,T,2024-05-07,1000000.00,4.813638,100.11328125
08:01:09,91282CKK6,TSRYS5793014,D,S,T,2024-05-07,1000000.00,4.813638,100.11328125
08:01:09,91282CKK6,TSRYS5793014,D,S,T,2024-05-07,1000000.00,4.813638,100.11328125
08:01:10,91282CKK6,TSRYS5793014,D,S,D,2024-05-07,3000000.00,4.82933,100.083984375
08:01:10,91282CKK6,TSRYS5793014,D,S,D,2024-05-07,1000000.00,4.82933,100.083984375
08:01:10,91282CKK6,TSRYS5793014,D,S,D,2024-05-07,2000000.00,4.81573,100.109375
08:01:11,91282CKK6,TSRYS5793014,D,S,D,2024-05-07,4000000.00,4.812592,100.115234375
08:01:11,91282CKK6,TSRYS5793014,D,S,D,2024-05-07,5000000.00,4.812592,100.115234375
08:01:12,91282CKK6,TSRYS5793014,D,S,T,2024-05-07,2000000.00,4.812645,100.115134375
08:01:12,91282CKK6,TSRYS5793014,D,S,T,2024-05-07,1000000.00,4.812645,100.115134375
08:01:12,91282CKK6,TSRYS5793014,D,S,T,2024-05-07,2000000.00,4.812645,100.115134375
08:01:12,91282CKK6,TSRYS5793014,D,S,T,2024-05-07,2000000.00,4.812645,100.115134375
08:01:12,91282CKK6,TSRYS5793014,D,S,A,2024-05-07,7000000.00,4.817822,100.10546875
08:01:12,91282CKK6,TSRYS5793014,D,B,A,2024-05-07,3000000.00,4.813638,100.11328125
08:01:12,91282CKK6,TSRYS5793014,D,B,A,2024-05-07,4000000.00,4.817822,100.10546875
08:01:12,91282CKK6,TSRYS5793014,D,S,T,2024-05-07,1000000.00,4.812685,100.115059375
08:01:13,91282CKK6,TSRYS5793014,D,S,D,2024-05-07,2000000.00,4.827909,100.0866375
08:01:13,91282CKK6,TSRYS5793014,D,S,D,2024-05-07,5000000.00,4.814309,100.1120281
08:01:13,91282CKK6,TSRYS5793014,D,B,C,2024-05-07,25000000.00,4.812819,100.1148094
08:01:13,91282CKK6,TSRYS5793014,D,S,D,2024-05-07,1000000.00,4.820585,100.1003094
08:01:13,91282CKK6,TSRYS5793014,D,B,A,2024-05-07,900000.00,4.813638,100.11328125
08:01:13,91282CKK6,TSRYS5793014,D,S,T,2024-05-07,1000000.00,4.811546,100.1171875
08:01:13,91282CKK6,TSRYS5793014,D,S,T,2024-05-07,1000000.00,4.809454,100.12109375
08:01:14,91282CKK6,TSRYS5793014,D,B,C,2024-05-07,300000.00,4.809454,100.12109375
08:01:14,91282CKK6,TSRYS5793014,D,S,A,2024-05-07,4000000.00,4.805271,100.12890625
08:01:14,91282CKK6,TSRYS5793014,D,B,C,2024-05-07,1000000.00,4.81573,100.109375
08:01:14,91282CKK6,TSRYS5793014,D,B,C,2024-05-07,4000000.00,4.81573,100.109375
08:01:14,91282CKK6,TSRYS5793014,D,S,D,2024-05-07,4000000.00,4.830376,100.08203125
08:01:14,91282CKK6,TSRYS5793014,D,S,D,2024-05-07,2000000.00,4.830376,100.08203125
08:01:14,91282CKK6,TSRYS5793014,D,S,D,2024-05-07,2000000.00,4.830376,100.08203125
08:01:14,91282CKK6,TSRYS5793014,D,S,C,2024-05-07,3500000.00,4.803179,100.1328125
08:01:14,91282CKK6,TSRYS5793014,D,B,A,2024-05-07,5000000.00,4.830376,100.08203125
08:01:14,91282CKK6,TSRYS5793014,D,B,A,2024-05-07,154000.00,4.813638,100.11328125
08:01:15,91282CKK6,TSRYS5793014,D,S,A,2024-05-07,5262000.00,4.809454,100.12109375
08:01:15,91282CKK6,TSRYS5793014,D,B,C,2024-05-07,2000000.00,4.81573,100.109375
08:01:15,91282CKK6,TSRYS5793014,D,B,A,2024-05-07,1000000.00,4.81573,100.109375
08:01:15,91282CKK6,TSRYS5793014,D,S,D,2024-05-07,1000000.00,4.81573,100.109375
08:01:15,91282CKK6,TSRYS5793014,D,B,A,2024-05-07,2900000.00,4.81573,100.109375
08:01:15,91282CKK6,TSRYS5793014,D,S,D,2024-05-07,250000.00,4.81573,100.109375
08:01:15,91282CKK6,TSRYS5793014,D,S,T,2024-05-07,2000000.00,4.815783,100.109275
08:01:15,91282CKK6,TSRYS5793014,D,S,T,2024-05-07,3000000.00,4.815783,100.109275
08:01:15,91282CKK6,TSRYS5793014,D,S,T,2024-05-07,5000000.00,4.81573,100.109375
08:01:15,91282CKK6,TSRYS5793014,D,S,D,2024-05-07,1000000.00,4.831423,100.08007812
08:01:15,91282CKK6,TSRYS5793014,D,S,D,2024-05-07,1000000.00,4.831423,100.08007812
08:01:15,91282CKK6,TSRYS5793014,D,S,C,2024-05-07,1000000.00,4.831423,100.08007812
08:01:16,91282CKK6,TSRYS5793014,D,S,D,2024-05-07,1000000.00,4.831423,100.08007812
08:01:16,91282CKK6,TSRYS5793014,D,S,D,2024-05-07,1000000.00,4.831423,100.08007812
08:01:16,91282CKK6,TSRYS5793014,D,S,C,2024-05-07,1000000.00,4.831423,100.08007812
08:01:16,91282CKK6,TSRYS5793014,D,B,A,2024-05-07,200000.00,4.819914,100.1015625
08:01:16,91282CKK6,TSRYS5793014,D,S,C,2024-05-07,200000.00,4.819914,100.1015625
08:01:16,91282CKK6,TSRYS5793014,D,S,T,2024-05-07,1000000.00,4.831423,100.08007812
08:01:16,91282CKK6,TSRYS5793014,D,S,A,2024-05-07,570000.00,4.813638,100.11328125
08:01:16,91282CKK6,TSRYS5793014,D,S,T,2024-05-07,2000000.00,4.809507,100.12099375
08:01:16,91282CKK6,TSRYS5793014,D,S,T,2024-05-07,1000000.00,4.809454,100.12109375
08:01:16,91282CKK6,TSRYS5793014,D,B,C,2024-05-07,2000000.00,4.81573,100.109375
08:01:16,91282CKK6,TSRYS5793014,D,S,T,2024-05-07,2000000.00,4.809454,100.12109375
08:01:16,91282CKK6,TSRYS5793014,D,B,C,2024-05-07,2000000.00,4.81573,100.109375
08:01:16,91282CKK6,TSRYS5793014,D,B,C,2024-05-07,1000000.00,4.81573,100.109375
08:01:17,91282CKK6,TSRYS5793014,D,B,C,2024-05-07,1000000.00,4.831423,100.080078125
08:01:17,91282CKK6,TSRYS5793014,D,S,C,2024-05-07,1000000.00,4.831423,100.080078125
08:01:17,91282CKK6,TSRYS5793014,D,B,C,2024-05-07,1000000.00,4.831423,100.080078125
08:01:17,91282CKK6,TSRYS5793014,D,S,C,2024-05-07,1000000.00,4.831423,100.080078125
08:01:17,91282CKK6,TSRYS5793014,D,B,C,2024-05-07,1000000.00,4.831423,100.080078125
08:01:17,91282CKK6,TSRYS5793014,D,S,C,2024-05-07,1000000.00,4.831423,100.080078125
08:01:17,91282CKK6,TSRYS5793014,D,B,C,2024-05-07,2000000.00,4.831423,100.080078125
08:01:17,91282CKK6,TSRYS5793014,D,S,C,2024-05-07,2000000.00,4.831423,100.080078125
08:01:17,91282CKK6,TSRYS5793014,D,B,C,2024-05-07,3000000.00,4.835609,100.072265625
08:01:17,91282CKK6,TSRYS5793014,D,S,C,2024-05-07,3000000.00,4.835609,100.072265625
08:01:17,91282CKK6,TSRYS5793014,D,B,C,2024-05-07,1000000.00,4.835609,100.072265625
08:01:17,91282CKK6,TSRYS5793014,D,S,C,2024-05-07,1000000.00,4.835609,100.072265625
08:01:17,91282CKK6,TSRYS5793014,D,B,C,2024-05-07,2000000.00,4.814684,100.11132812
08:01:17,91282CKK6,TSRYS5793014,D,S,D,2024-05-07,2000000.00,4.835609,100.072265625
08:01:17,91282CKK6,TSRYS5793014,D,S,D,2024-05-07,2000000.00,4.835609,100.072265625
08:01:17,91282CKK6,TSRYS5793014,D,S,D,2024-05-07,2000000.00,4.835609,100.072265625
08:01:17,91282CKK6,TSRYS5793014,D,S,T,2024-05-07,1000000.00,4.818868,100.103515625
08:01:17,91282CKK6,TSRYS5793014,D,S,D,2024-05-07,2000000.00,4.835609,100.072265625
08:01:17,91282CKK6,TSRYS5793014,D,B,C,2024-05-07,1000000.00,4.835609,100.072265625
08:01:17,91282CKK6,TSRYS5793014,D,S,D,2024-05-07,1000000.00,4.835609,100.072265625
08:01:17,91282CKK6,TSRYS5793014,D,B,C,2024-05-07,1000000.00,4.835609,100.072265625
08:01:17,91282CKK6,TSRYS5793014,D,S,D,2024-05-07,1000000.00,4.835609,100.072265625
08:01:17,91282CKK6,TSRYS5793014,D,S,C,2024-05-07,40000000.00,4.816064,100.10875
08:01:18,91282CKK6,TSRYS5793014,D,B,C,2024-05-07,109000000.00,4.830147,100.08246
08:01:18,91282CKK6,TSRYS5793014,D,S,A,2024-05-07,1800000.00,4.817822,100.10546875
08:01:18,91282CKK6,TSRYS5793014,D,S,D,2024-05-07,1000000.00,4.835609,100.072265625
08:01:18,91282CKK6,TSRYS5793014,D,B,C,2024-05-07,1000000.00,4.835609,100.072265625
08:01:18,91282CKK6,TSRYS5793014,D,S,A,2024-05-07,50000000.00,4.830376,100.08203125
08:01:18,91282CKK6,TSRYS5793014,D,S,D,2024-05-07,1000000.00,4.835609,100.072265625
08:01:18,91282CKK6,TSRYS5793014,D,S,D,2024-05-07,1000000.00,4.835609,100.072265625
08:01:18,91282CKK6,TSRYS5793014,D,S,D,2024-05-07,3000000.00,4.835609,100.072265625
08:01:18,91282CKK6,TSRYS5793014,D,S,D,2024-05-07,1000000.00,4.835609,100.072265625
08:01:18,91282CKK6,TSRYS5793014,D,S,D,2024-05-07,3000000.00,4.835609,100.072265625
08:01:18,91282CKK6,TSRYS5793014,D,S,A,2024-05-07,200000.00,4.813638,100.113281
08:01:18,91282CKK6,TSRYS5793014,D,S,D,2024-05-07,59000000.00,4.826129,100.08996
08:01:18,91282CKK6,TSRYS5793014,D,S,D,2024-05-07,2000000.00,4.835609,100.072265625
08:01:18,91282CKK6,TSRYS5793014,D,S,D,2024-05-07,4000000.00,4.828229,100.08604
08:01:19,91282CKK6,TSRYS5793014,D,S,T,2024-05-07,1000000.00,4.81573,100.109375
08:01:19,91282CKK6,TSRYS5793014,D,S,D,2024-05-07,3000000.00,4.832469,100.078125
08:01:19,91282CKK6,TSRYS5793014,D,S,T,2024-05-07,2000000.00,4.81573,100.109375
08:01:19,91282CKK6,TSRYS5793014,D,S,C,2024-05-07,1000000.00,4.832469,100.078125
08:01:19,91282CKK6,TSRYS5793014,D,B,C,2024-05-07,2000000.00,4.825145,100.09179687
08:01:19,91282CKK6,TSRYS5793014,D,S,C,2024-05-07,1000000.00,4.832469,100.078125
08:01:19,91282CKK6,TSRYS5793014,D,S,C,2024-05-07,1000000.00,4.832469,100.078125
08:01:19,91282CKK6,TSRYS5793014,D,B,C,2024-05-07,1000000.00,4.825145,100.09179687
08:01:19,91282CKK6,TSRYS5793014,D,B,C,2024-05-07,1000000.00,4.834562,100.07421875
08:01:19,91282CKK6,TSRYS5793014,D,S,C,2024-05-07,1000000.00,4.834562,100.07441875
08:01:19,91282CKK6,TSRYS5793014,D,B,C,2024-05-07,1000000.00,4.834562,100.07421875
08:01:19,91282CKK6,TSRYS5793014,D,S,C,2024-05-07,1000000.00,4.834562,100.07441875
08:01:20,91282CKK6,TSRYS5793014,D,S,D,2024-05-07,1500000.00,4.811546,100.1171875
08:01:20,91282CKK6,TSRYS5793014,D,S,T,2024-05-07,4000000.00,4.812592,100.115234375
08:01:20,91282CKK6,TSRYS5793014,D,S,T,2024-05-07,4000000.00,4.812592,100.115234375
08:01:21,91282CKK6,TSRYS5793014,D,B,C,2024-05-07,1000000.00,4.825145,100.09179687
08:01:21,91282CKK6,TSRYS5793014,D,S,D,2024-05-07,3000000.00,4.832469,100.078125
08:01:21,91282CKK6,TSRYS5793014,D,S,C,2024-05-07,15000.00,4.821471,100.098656
08:01:21,91282CKK6,TSRYS5793014,D,B,C,2024-05-07,2000000.00,4.825145,100.09179687
08:01:21,91282CKK6,TSRYS5793014,D,S,C,2024-05-07,2000000.00,4.82933,100.083984375
08:01:21,91282CKK6,TSRYS5793014,D,S,D,2024-05-07,1000000.00,4.832469,100.078125
08:01:21,91282CKK6,TSRYS5793014,D,S,D,2024-05-07,10000000.00,4.809454,100.12109375
08:01:21,91282CKK6,TSRYS5793014,D,B,C,2024-05-07,1000000.00,4.825145,100.09179687
08:01:21,91282CKK6,TSRYS5793014,D,S,D,2024-05-07,1000000.00,4.832469,100.078125
08:01:21,91282CKK6,TSRYS5793014,D,S,A,2024-05-07,15000000.00,4.803179,100.1328125
08:01:21,91282CKK6,TSRYS5793014,D,S,D,2024-05-07,2000000.00,4.832469,100.078125
08:01:21,91282CKK6,TSRYS5793014,D,S,D,2024-05-07,6750000.00,4.874348,100.0
08:01:21,91282CKK6,TSRYS5793014,D,S,D,2024-05-07,47100000.00,4.874348,100.0
08:01:21,91282CKK6,TSRYS5793014,D,S,C,2024-05-07,1000000.00,4.82933,100.083984375
08:01:21,91282CKK6,TSRYS5793014,D,S,D,2024-05-07,13450000.00,4.874348,100.0
08:01:21,91282CKK6,TSRYS5793014,D,S,C,2024-05-07,2000000.00,4.82933,100.083984375
08:01:21,91282CKK6,TSRYS5793014,D,S,D,2024-05-07,1000000.00,4.832469,100.078125
08:01:22,91282CKK6,TSRYS5793014,D,S,C,2024-05-07,2000000.00,4.830376,100.08203125
08:01:22,91282CKK6,TSRYS5793014,D,S,C,2024-05-07,1000000.00,4.82933,100.083984375
08:01:22,91282CKK6,TSRYS5793014,D,S,C,2024-05-07,1000000.00,4.82933,100.083984375
08:01:22,91282CKK6,TSRYS5793014,D,B,C,2024-05-07,1000000.00,4.82933,100.083984375
08:01:22,91282CKK6,TSRYS5793014,D,S,C,2024-05-07,1000000.00,4.82933,100.083984375
08:01:22,91282CKK6,TSRYS5793014,D,S,C,2024-05-07,1000000.00,4.828284,100.0859375
08:01:22,91282CKK6,TSRYS5793014,D,S,C,2024-05-07,1000000.00,4.828284,100.0859375
08:01:22,91282CKK6,TSRYS5793014,D,S,D,2024-05-07,6750000.00,4.874348,100.0
08:01:22,91282CKK6,TSRYS5793014,D,S,A,2024-05-07,2000000.00,4.805271,100.12890625
08:01:22,91282CKK6,TSRYS5793014,D,S,D,2024-05-07,6750000.00,4.874348,100.0
08:01:22,91282CKK6,TSRYS5793014,D,S,D,2024-05-07,10050000.00,4.874348,100.0
08:01:22,91282CKK6,TSRYS5793014,D,B,A,2024-05-07,3000000.00,4.828284,100.0859375
08:01:22,91282CKK6,TSRYS5793014,D,B,C,2024-05-07,1000000.00,4.82933,100.083984375
08:01:22,91282CKK6,TSRYS5793014,D,S,D,2024-05-07,1000000.00,4.82933,100.083984375
08:01:22,91282CKK6,TSRYS5793014,D,B,C,2024-05-07,1000000.00,4.82933,100.083984375
08:01:22,91282CKK6,TSRYS5793014,D,S,D,2024-05-07,1000000.00,4.82933,100.083984375
08:01:22,91282CKK6,TSRYS5793014,D,B,C,2024-05-07,2000000.00,4.814684,100.11132812
08:01:22,91282CKK6,TSRYS5793014,D,B,C,2024-05-07,2000000.00,4.814684,100.11132812
08:01:22,91282CKK6,TSRYS5793014,D,S,D,2024-05-07,1000000.00,4.833516,100.07617187
08:01:22,91282CKK6,TSRYS5793014,D,S,C,2024-05-07,2000000.00,4.833516,100.07617187
08:01:22,91282CKK6,TSRYS5793014,D,B,C,2024-05-07,2000000.00,4.826191,100.08984375
08:01:23,91282CKK6,TSRYS5793014,D,S,D,2024-05-07,1000000.00,4.833516,100.07617187
08:01:23,91282CKK6,TSRYS5793014,D,S,C,2024-05-07,27000000.00,4.810404,100.11932
08:01:23,91282CKK6,TSRYS5793014,D,S,T,2024-05-07,1000000.00,4.830376,100.08203125
08:01:23,91282CKK6,TSRYS5793014,D,S,T,2024-05-07,1000000.00,4.830376,100.08203125
08:01:23,91282CKK6,TSRYS5793014,D,S,T,2024-05-07,1000000.00,4.830376,100.08203125
08:01:24,91282CKK6,TSRYS5793014,D,S,C,2024-05-07,1000000.00,4.830376,100.08203125
08:01:24,91282CKK6,TSRYS5793014,D,S,C,2024-05-07,1000000.00,4.830376,100.08203125
08:01:24,91282CKK6,TSRYS5793014,D,S,C,2024-05-07,2000000.00,4.830376,100.08203125
08:01:24,91282CKK6,TSRYS5793014,D,B,A,2024-05-07,8252000.00,4.830556,100.08169625
08:01:24,91282CKK6,TSRYS5793014,D,S,C,2024-05-07,2000000.00,4.827237,100.08789062
08:01:24,91282CKK6,TSRYS5793014,D,S,C,2024-05-07,1000000.00,4.827237,100.08789062
08:01:25,91282CKK6,TSRYS5793014,D,S,T,2024-05-07,1000000.00,4.807417,100.124898
08:01:25,91282CKK6,TSRYS5793014,D,S,T,2024-05-07,1000000.00,4.807417,100.124898
08:01:25,91282CKK6,TSRYS5793014,D,S,T,2024-05-07,1000000.00,4.807417,100.124898
08:01:25,91282CKK6,TSRYS5793014,D,B,C,2024-05-07,1000000.00,4.82933,100.083984375
08:01:25,91282CKK6,TSRYS5793014,D,S,D,2024-05-07,1000000.00,4.82933,100.083984375
08:01:25,91282CKK6,TSRYS5793014,D,S,D,2024-05-07,1000000.00,4.828284,100.0859375
08:01:26,91282CKK6,TSRYS5793014,D,B,C,2024-05-07,2000000.00,4.826191,100.08984375
08:01:26,91282CKK6,TSRYS5793014,D,S,T,2024-05-07,2000000.00,4.807417,100.124898
08:01:26,91282CKK6,TSRYS5793014,D,B,C,2024-05-07,1000000.00,4.828284,100.0859375
08:01:26,91282CKK6,TSRYS5793014,D,S,D,2024-05-07,1000000.00,4.82933,100.083984375
08:01:26,91282CKK6,TSRYS5793014,D,B,C,2024-05-07,1000000.00,4.828284,100.0859375
08:01:26,91282CKK6,TSRYS5793014,D,S,C,2024-05-07,1000000.00,4.828284,100.0859375
08:01:26,91282CKK6,TSRYS5793014,D,S,T,2024-05-07,1000000.00,4.807417,100.124898
08:01:26,91282CKK6,TSRYS5793014,D,S,T,2024-05-07,1000000.00,4.807417,100.124898
08:01:26,91282CKK6,TSRYS5793014,D,S,T,2024-05-07,1000000.00,4.807417,100.124898
08:01:26,91282CKK6,TSRYS5793014,D,S,T,2024-05-07,1000000.00,4.807417,100.124898
08:01:26,91282CKK6,TSRYS5793014,D,S,T,2024-05-07,1000000.00,4.807417,100.124898
08:01:26,91282CKK6,TSRYS5793014,D,B,C,2024-05-07,1000000.00,4.828284,100.0859375
08:01:26,91282CKK6,TSRYS5793014,D,S,D,2024-05-07,1000000.00,4.828284,100.0859375
08:01:26,91282CKK6,TSRYS5793014,D,S,T,2024-05-07,1000000.00,4.807417,100.124898
08:01:26,91282CKK6,TSRYS5793014,D,S,T,2024-05-07,1000000.00,4.807417,100.124898
08:01:27,91282CKK6,TSRYS5793014,D,B,A,2024-05-07,4900000.00,4.813638,100.11328125
08:01:27,91282CKK6,TSRYS5793014,D,S,A,2024-05-07,8000000.00,4.81573,100.109375
08:01:27,91282CKK6,TSRYS5793014,D,S,D,2024-05-07,3000000.00,4.826191,100.08984375
08:01:27,91282CKK6,TSRYS5793014,D,B,C,2024-05-07,5000000.00,4.826191,100.08984375
08:01:27,91282CKK6,TSRYS5793014,D,S,D,2024-05-07,5000000.00,4.826191,100.08984375
08:01:27,91282CKK6,TSRYS5793014,D,S,D,2024-05-07,3000000.00,4.826191,100.08984375
08:01:27,91282CKK6,TSRYS5793014,D,B,C,2024-05-07,1000000.00,4.816776,100.10742187
08:01:27,91282CKK6,TSRYS5793014,D,S,T,2024-05-07,1000000.00,4.815784,100.109273
08:01:27,91282CKK6,TSRYS5793014,D,B,C,2024-05-07,1000000.00,4.816776,100.10742187
08:01:27,91282CKK6,TSRYS5793014,D,B,C,2024-05-07,1000000.00,4.816776,100.10742187
08:01:27,91282CKK6,TSRYS5793014,D,B,C,2024-05-07,1000000.00,4.816776,100.10742187
08:01:27,91282CKK6,TSRYS5793014,D,B,C,2024-05-07,1000000.00,4.816776,100.10742187
08:01:27,91282CKK6,TSRYS5793014,D,S,D,2024-05-07,1000000.00,4.831423,100.08007812
08:01:27,91282CKK6,TSRYS5793014,D,S,C,2024-05-07,4000.00,4.821471,100.098656
08:01:27,91282CKK6,TSRYS5793014,D,B,C,2024-05-07,2000000.00,4.816776,100.10742187
08:01:27,91282CKK6,TSRYS5793014,D,S,D,2024-05-07,43000000.00,4.798997,100.140625
08:01:27,91282CKK6,TSRYS5793014,D,B,C,2024-05-07,2000000.00,4.816776,100.10742187
08:01:27,91282CKK6,TSRYS5793014,D,B,C,2024-05-07,2000000.00,4.816776,100.10742187
08:01:27,91282CKK6,TSRYS5793014,D,B,C,2024-05-07,2000000.00,4.816776,100.10742187
08:01:27,91282CKK6,TSRYS5793014,D,B,C,2024-05-07,2000000.00,4.816776,100.10742187
08:01:27,91282CKK6,TSRYS5793014,D,B,C,2024-05-07,1000000.00,4.816776,100.10742187
08:01:28,91282CKK6,TSRYS5793014,D,B,C,2024-05-07,1000000.00,4.816776,100.10742187
08:01:28,91282CKK6,TSRYS5793014,D,B,C,2024-05-07,1000000.00,4.816776,100.10742187
08:01:28,91282CKK6,TSRYS5793014,D,B,C,2024-05-07,1000000.00,4.816776,100.10742187
08:01:28,91282CKK6,TSRYS5793014,D,B,C,2024-05-07,1000000.00,4.816776,100.10742187
08:01:28,91282CKK6,TSRYS5793014,D,B,C,2024-05-07,1000000.00,4.816776,100.10742187
08:01:28,91282CKK6,TSRYS5793014,D,B,C,2024-05-07,1000000.00,4.816776,100.10742187
08:01:28,91282CKK6,TSRYS5793014,D,B,C,2024-05-07,1000000.00,4.816776,100.10742187
08:01:28,91282CKK6,TSRYS5793014,D,B,C,2024-05-07,1000000.00,4.816776,100.10742187
08:01:28,91282CKK6,TSRYS5793014,D,B,C,2024-05-07,1000000.00,4.816776,100.10742187
08:01:28,91282CKK6,TSRYS5793014,D,B,C,2024-05-07,1000000.00,4.816776,100.10742187
08:01:28,91282CKK6,TSRYS5793014,D,B,C,2024-05-07,1000000.00,4.816776,100.10742187
08:01:28,91282CKK6,TSRYS5793014,D,B,C,2024-05-07,1000000.00,4.816776,100.10742187
08:01:28,91282CKK6,TSRYS5793014,D,B,C,2024-05-07,1000000.00,4.816776,100.10742187
08:01:28,91282CKK6,TSRYS5793014,D,B,C,2024-05-07,1000000.00,4.816776,100.10742187
08:01:28,91282CKK6,TSRYS5793014,D,S,C,2024-05-07,1000000.00,4.827237,100.087890625
08:01:28,91282CKK6,TSRYS5793014,D,S,C,2024-05-07,50000000.00,4.816402,100.10812
08:01:28,91282CKK6,TSRYS5793014,D,B,C,2024-05-07,1000000.00,4.827237,100.087890625
08:01:28,91282CKK6,TSRYS5793014,D,S,D,2024-05-07,4000000.00,4.81573,100.109375
08:01:29,91282CKK6,TSRYS5793014,D,S,T,2024-05-07,1000000.00,4.817876,100.10536675
08:01:29,91282CKK6,TSRYS5793014,D,S,D,2024-05-07,1000000.00,4.822,100.0976674534
08:01:29,91282CKK6,TSRYS5793014,D,B,C,2024-05-07,1000000.00,4.816776,100.10742187
08:01:29,91282CKK6,TSRYS5793014,D,B,C,2024-05-07,1000000.00,4.816776,100.10742187
08:01:29,91282CKK6,TSRYS5793014,D,B,C,2024-05-07,1000000.00,4.816776,100.10742187
08:01:29,91282CKK6,TSRYS5793014,D,B,C,2024-05-07,1000000.00,4.816776,100.10742187
08:01:29,91282CKK6,TSRYS5793014,D,B,C,2024-05-07,1000000.00,4.816776,100.10742187
08:01:30,91282CKK6,TSRYS5793014,D,S,D,2024-05-07,1000000.00,4.830376,100.08203125
08:01:30,91282CKK6,TSRYS5793014,D,S,D,2024-05-07,1000000.00,4.830376,100.08203125
08:01:30,91282CKK6,TSRYS5793014,D,S,C,2024-05-07,10000.00,4.821471,100.098656
08:01:31,91282CKK6,TSRYS5793014,D,S,D,2024-05-07,2500000.00,4.830376,100.08203125
08:01:31,91282CKK6,TSRYS5793014,D,B,C,2024-05-07,1000000.00,4.816776,100.10742187
08:01:31,91282CKK6,TSRYS5793014,D,B,C,2024-05-07,1000000.00,4.816776,100.10742187
08:01:31,91282CKK6,TSRYS5793014,D,B,C,2024-05-07,1000000.00,4.816776,100.10742187
08:01:31,91282CKK6,TSRYS5793014,D,B,C,2024-05-07,1000000.00,4.816776,100.10742187
08:01:31,91282CKK6,TSRYS5793014,D,S,D,2024-05-07,1150000.00,4.830376,100.08203125
08:01:31,91282CKK6,TSRYS5793014,D,S,T,2024-05-07,1000000.00,4.828284,100.0859375
08:01:31,91282CKK6,TSRYS5793014,D,S,T,2024-05-07,1000000.00,4.828284,100.0859375
08:01:31,91282CKK6,TSRYS5793014,D,S,T,2024-05-07,1000000.00,4.828284,100.0859375
08:01:31,91282CKK6,TSRYS5793014,D,S,D,2024-05-07,2000000.00,4.828284,100.0859375
08:01:31,91282CKK6,TSRYS5793014,D,S,D,2024-05-07,1000000.00,4.828284,100.0859375
08:01:31,91282CKK6,TSRYS5793014,D,S,C,2024-05-07,1000000.00,4.828284,100.0859375
08:01:31,91282CKK6,TSRYS5793014,D,B,A,2024-05-07,423000.00,4.81573,100.109375
08:01:32,91282CKK6,TSRYS5793014,D,S,A,2024-05-07,3942000.00,4.813638,100.11328125
08:01:32,91282CKK6,TSRYS5793014,D,B,C,2024-05-07,2000000.00,4.813638,100.11328125
08:01:32,91282CKK6,TSRYS5793014,D,S,D,2024-05-07,2000000.00,4.813638,100.11328125
08:01:32,91282CKK6,TSRYS5793014,D,S,D,2024-05-07,5000000.00,4.812592,100.115234375
08:01:32,91282CKK6,TSRYS5793014,D,S,D,2024-05-07,4000000.00,4.812592,100.115234375
08:01:32,91282CKK6,TSRYS5793014,D,S,D,2024-05-07,1000000.00,4.828284,100.0859375
08:01:32,91282CKK6,TSRYS5793014,D,S,D,2024-05-07,2000000.00,4.828284,100.0859375
08:01:32,91282CKK6,TSRYS5793014,D,S,D,2024-05-07,1000000.00,4.828284,100.0859375
08:01:32,91282CKK6,TSRYS5793014,D,S,T,2024-05-07,1000000.00,4.828284,100.0859375
08:01:32,91282CKK6,TSRYS5793014,D,S,C,2024-05-07,2000000.00,4.828284,100.0859375
08:01:32,91282CKK6,TSRYS5793014,D,S,T,2024-05-07,1000000.00,4.828284,100.0859375
08:01:32,91282CKK6,TSRYS5793014,D,S,D,2024-05-07,2000000.00,4.81573,100.109375
08:01:32,91282CKK6,TSRYS5793014,D,S,D,2024-05-07,1000000.00,4.81573,100.109375
08:01:32,91282CKK6,TSRYS5793014,D,S,D,2024-05-07,1000000.00,4.81573,100.109375
08:01:32,91282CKK6,TSRYS5793014,D,S,D,2024-05-07,3000000.00,4.81573,100.109375
08:01:32,91282CKK6,TSRYS5793014,D,S,D,2024-05-07,1000000.00,4.81573,100.109375
08:01:32,91282CKK6,TSRYS5793014,D,S,D,2024-05-07,1000000.00,4.81573,100.109375
08:01:33,91282CKK6,TSRYS5793014,D,S,D,2024-05-07,1000000.00,4.827237,100.08789062
08:01:33,91282CKK6,TSRYS5793014,D,S,T,2024-05-07,3000000.00,4.828284,100.0859375
08:01:33,91282CKK6,TSRYS5793014,D,S,C,2024-05-07,2000000.00,4.827237,100.08789062
08:01:33,91282CKK6,TSRYS5793014,D,S,T,2024-05-07,1000000.00,4.827237,100.08789062
08:01:33,91282CKK6,TSRYS5793014,D,S,D,2024-05-07,4000000.00,4.818868,100.103515625
08:01:33,91282CKK6,TSRYS5793014,D,S,C,2024-05-07,1000000.00,4.827237,100.08789062
08:01:33,91282CKK6,TSRYS5793014,D,S,C,2024-05-07,1000000.00,4.827237,100.08789062
08:01:33,91282CKK6,TSRYS5793014,D,S,C,2024-05-07,2000000.00,4.827237,100.08789062
08:01:33,91282CKK6,TSRYS5793014,D,S,D,2024-05-07,1000000.00,4.828284,100.0859375
08:01:33,91282CKK6,TSRYS5793014,D,S,D,2024-05-07,1000000.00,4.827237,100.08789062
08:01:33,91282CKK6,TSRYS5793014,D,S,D,2024-05-07,1000000.00,4.828284,100.0859375
08:01:33,91282CKK6,TSRYS5793014,D,S,D,2024-05-07,1000000.00,4.818868,100.103515625
08:01:33,91282CKK6,TSRYS5793014,D,S,C,2024-05-07,1000000.00,4.819914,100.1015625
08:01:33,91282CKK6,TSRYS5793014,D,B,A,2024-05-07,5500000.00,4.814284,100.11207386363
08:01:34,91282CKK6,TSRYS5793014,D,B,C,2024-05-07,1000000.00,4.828284,100.0859375
08:01:34,91282CKK6,TSRYS5793014,D,S,C,2024-05-07,1000000.00,4.828284,100.0859375
08:01:34,91282CKK6,TSRYS5793014,D,B,C,2024-05-07,2000000.00,4.816776,100.10742187
08:01:34,91282CKK6,TSRYS5793014,D,B,C,2024-05-07,1000000.00,4.81573,100.109375
08:01:34,91282CKK6,TSRYS5793014,D,S,D,2024-05-07,2000000.00,4.828284,100.0859375
08:01:34,91282CKK6,TSRYS5793014,D,S,T,2024-05-07,1000000.00,4.828284,100.0859375
08:01:34,91282CKK6,TSRYS5793014,D,B,C,2024-05-07,1000000.00,4.827237,100.087890625
08:01:34,91282CKK6,TSRYS5793014,D,S,D,2024-05-07,1000000.00,4.827237,100.087890625
08:01:34,91282CKK6,TSRYS5793014,D,B,C,2024-05-07,1000000.00,4.827237,100.087890625
08:01:34,91282CKK6,TSRYS5793014,D,S,D,2024-05-07,1000000.00,4.827237,100.087890625
08:01:34,91282CKK6,TSRYS5793014,D,B,C,2024-05-07,1000000.00,4.827237,100.087890625
08:01:34,91282CKK6,TSRYS5793014,D,S,D,2024-05-07,1000000.00,4.827237,100.087890625
08:01:34,91282CKK6,TSRYS5793014,D,B,C,2024-05-07,1000000.00,4.826191,100.08984375
08:01:34,91282CKK6,TSRYS5793014,D,S,C,2024-05-07,1000000.00,4.826191,100.08984375
08:01:34,91282CKK6,TSRYS5793014,D,B,C,2024-05-07,1000000.00,4.825145,100.091796875
08:01:34,91282CKK6,TSRYS5793014,D,S,C,2024-05-07,1000000.00,4.825145,100.091796875
08:01:34,91282CKK6,TSRYS5793014,D,S,C,2024-05-07,1000000.00,4.826191,100.08984375
08:01:34,91282CKK6,TSRYS5793014,D,B,C,2024-05-07,1000000.00,4.826191,100.08984375
08:01:34,91282CKK6,TSRYS5793014,D,S,C,2024-05-07,1000000.00,4.827237,100.087890625
08:01:34,91282CKK6,TSRYS5793014,D,S,C,2024-05-07,1000000.00,4.827237,100.087890625
08:01:34,91282CKK6,TSRYS5793014,D,S,C,2024-05-07,1000000.00,4.827237,100.087890625
08:01:34,91282CKK6,TSRYS5793014,D,S,T,2024-05-07,3000000.00,4.827237,100.08789062
08:01:34,91282CKK6,TSRYS5793014,D,S,T,2024-05-07,2000000.00,4.827237,100.08789062
08:01:34,91282CKK6,TSRYS5793014,D,B,C,2024-05-07,2000000.00,4.831423,100.08007812
08:01:34,91282CKK6,TSRYS5793014,D,B,C,2024-05-07,2000000.00,4.816776,100.10742187
08:01:34,91282CKK6,TSRYS5793014,D,S,C,2024-05-07,50000000.00,4.815882,100.10909
08:01:34,91282CKK6,TSRYS5793014,D,S,D,2024-05-07,2000000.00,4.827237,100.08789062
08:01:34,91282CKK6,TSRYS5793014,D,S,D,2024-05-07,1000000.00,4.831423,100.08007812
08:01:35,91282CKK6,TSRYS5793014,D,S,D,2024-05-07,1000000.00,4.831423,100.08007812
08:01:35,91282CKK6,TSRYS5793014,D,S,D,2024-05-07,2000000.00,4.831423,100.08007812
08:01:35,91282CKK6,TSRYS5793014,D,S,D,2024-05-07,1000000.00,4.831423,100.08007812
08:01:35,91282CKK6,TSRYS5793014,D,S,D,2024-05-07,1000000.00,4.831423,100.08007812
08:01:35,91282CKK6,TSRYS5793014,D,S,C,2024-05-07,1000000.00,4.831423,100.08007812
08:01:35,91282CKK6,TSRYS5793014,D,S,D,2024-05-07,1000000.00,4.831423,100.08007812
08:01:35,91282CKK6,TSRYS5793014,D,S,D,2024-05-07,1000000.00,4.827237,100.087890625
08:01:35,91282CKK6,TSRYS5793014,D,S,D,2024-05-07,1000000.00,4.831423,100.08007812
08:01:35,91282CKK6,TSRYS5793014,D,S,D,2024-05-07,2000000.00,4.831423,100.08007812
08:01:35,91282CKK6,TSRYS5793014,D,S,D,2024-05-07,1000000.00,4.831423,100.08007812
08:01:35,91282CKK6,TSRYS5793014,D,S,D,2024-05-07,3000000.00,4.827237,100.087890625
08:01:35,91282CKK6,TSRYS5793014,D,S,D,2024-05-07,2000000.00,4.827237,100.087890625
08:01:35,91282CKK6,TSRYS5793014,D,S,D,2024-05-07,1000000.00,4.831423,100.08007812
08:01:35,91282CKK6,TSRYS5793014,D,S,A,2024-05-07,10000000.00,4.805271,100.12890625
08:01:35,91282CKK6,TSRYS5793014,D,S,C,2024-05-07,2000000.00,4.828284,100.0859375
08:01:35,91282CKK6,TSRYS5793014,D,B,C,2024-05-07,2000000.00,4.828284,100.0859375
08:01:35,91282CKK6,TSRYS5793014,D,S,D,2024-05-07,1000000.00,4.831423,100.08007812
08:01:35,91282CKK6,TSRYS5793014,D,S,D,2024-05-07,1000000.00,4.831423,100.08007812
08:01:35,91282CKK6,TSRYS5793014,D,S,D,2024-05-07,1000000.00,4.831423,100.08007812
08:01:35,91282CKK6,TSRYS5793014,D,S,D,2024-05-07,2000000.00,4.831423,100.08007812
08:01:35,91282CKK6,TSRYS5793014,D,S,D,2024-05-07,1000000.00,4.828284,100.0859375
08:01:35,91282CKK6,TSRYS5793014,D,S,D,2024-05-07,3000000.00,4.828284,100.0859375
08:01:36,91282CKK6,TSRYS5793014,D,S,C,2024-05-07,1000000.00,4.830376,100.08203125
08:01:36,91282CKK6,TSRYS5793014,D,S,C,2024-05-07,2000000.00,4.830376,100.08203125
08:01:36,91282CKK6,TSRYS5793014,D,S,C,2024-05-07,1000000.00,4.830376,100.08203125
08:01:36,91282CKK6,TSRYS5793014,D,S,T,2024-05-07,1000000.00,4.81573,100.109375
08:01:36,91282CKK6,TSRYS5793014,D,S,T,2024-05-07,1000000.00,4.815784,100.109273
08:01:37,91282CKK6,TSRYS5793014,D,S,T,2024-05-07,1000000.00,4.817822,100.10546875
