tradeTime,cusip,issueSymbolIdentifier,priceType,reportingSideCode,contraPartyTypeCode,tradeDate,reportedTradeVolume,lastSaleYield,lastSalePrice
08:03:22,91282CKY6,TSRYS5833261,D,S,D,2024-07-11,1000000.00,4.630436,99.98828125
08:03:22,91282CKY6,TSRYS5833261,D,S,D,2024-07-11,1000000.00,4.630436,99.98828125
08:03:22,91282CKY6,TSRYS5833261,D,S,D,2024-07-11,1000000.00,4.630436,99.98828125
08:03:22,91282CKY6,TSRYS5833261,D,B,C,2024-07-11,1000000.00,4.630436,99.98828125
08:03:22,91282CKY6,TSRYS5833261,D,S,D,2024-07-11,3000000.00,4.630436,99.98828125
08:03:22,91282CKY6,TSRYS5833261,D,B,C,2024-07-11,1000000.00,4.630436,99.98828125
08:03:22,91282CKY6,TSRYS5833261,D,S,D,2024-07-11,1000000.00,4.630436,99.98828125
08:03:22,91282CKY6,TSRYS5833261,D,B,C,2024-07-11,1000000.00,4.630597,99.98798125
08:03:22,91282CKY6,TSRYS5833261,D,B,C,2024-07-11,1000000.00,4.63057,99.98803125
08:03:22,91282CKY6,TSRYS5833261,D,B,C,2024-07-11,1000000.00,4.63057,99.98803125
08:03:22,91282CKY6,TSRYS5833261,D,S,D,2024-07-11,1000000.00,4.630436,99.98828125
08:03:22,91282CKY6,TSRYS5833261,D,S,D,2024-07-11,1000000.00,4.630436,99.98828125
08:03:22,91282CKY6,TSRYS5833261,D,S,D,2024-07-11,1000000.00,4.630436,99.98828125
08:03:22,91282CKY6,TSRYS5833261,D,B,C,2024-07-11,1000000.00,4.630436,99.98828125
08:03:22,91282CKY6,TSRYS5833261,D,B,C,2024-07-11,1000000.00,4.63057,99.98803125
08:03:22,91282CKY6,TSRYS5833261,D,S,D,2024-07-11,1000000.00,4.630436,99.98828125
08:03:22,91282CKY6,TSRYS5833261,D,B,C,2024-07-11,1000000.00,4.63057,99.98803125
08:03:22,91282CKY6,TSRYS5833261,D,S,D,2024-07-11,1000000.00,4.630436,99.98828125
08:03:22,91282CKY6,TSRYS5833261,D,S,D,2024-07-11,1000000.00,4.630436,99.98828125
08:03:22,91282CKY6,TSRYS5833261,D,S,D,2024-07-11,2000000.00,4.630436,99.98828125
08:03:22,91282CKY6,TSRYS5833261,D,B,C,2024-07-11,3000000.00,4.630544,99.98808125
08:03:22,91282CKY6,TSRYS5833261,D,B,C,2024-07-11,1000000.00,4.630436,99.98828125
08:03:22,91282CKY6,TSRYS5833261,D,S,D,2024-07-11,2000000.00,4.630436,99.98828125
08:03:22,91282CKY6,TSRYS5833261,D,B,C,2024-07-11,2000000.00,4.630544,99.98808125
08:03:22,91282CKY6,TSRYS5833261,D,B,C,2024-07-11,2000000.00,4.63053,99.98810625
08:03:22,91282CKY6,TSRYS5833261,D,S,C,2024-07-11,2000000.00,4.632536,99.984375
08:03:22,91282CKY6,TSRYS5833261,D,B,C,2024-07-11,1000000.00,4.632536,99.984375
08:03:22,91282CKY6,TSRYS5833261,D,S,C,2024-07-11,1000000.00,4.632536,99.984375
08:03:22,91282CKY6,TSRYS5833261,D,B,C,2024-07-11,1000000.00,4.632536,99.9842
08:03:22,91282CKY6,TSRYS5833261,D,B,C,2024-07-11,1000000.00,4.630436,99.98828125
08:03:22,91282CKY6,TSRYS5833261,D,B,C,2024-07-11,2000000.00,4.630544,99.98808125
08:03:22,91282CKY6,TSRYS5833261,D,S,D,2024-07-11,1000000.00,4.630436,99.98828125
08:03:22,91282CKY6,TSRYS5833261,D,S,D,2024-07-11,2000000.00,4.630436,99.98828125
08:03:22,91282CKY6,TSRYS5833261,D,S,C,2024-07-11,1000000.00,4.632536,99.984375
08:03:22,91282CKY6,TSRYS5833261,D,B,C,2024-07-11,1000000.00,4.63049,99.98818125
08:03:22,91282CKY6,TSRYS5833261,D,S,D,2024-07-11,1000000.00,4.630436,99.98828125
08:03:22,91282CKY6,TSRYS5833261,D,B,C,2024-07-11,1000000.00,4.631486,99.986328125
08:03:22,91282CKY6,TSRYS5833261,D,S,C,2024-07-11,1000000.00,4.631486,99.986328125
08:03:22,91282CKY6,TSRYS5833261,D,B,C,2024-07-11,1000000.00,4.631486,99.986328125
08:03:22,91282CKY6,TSRYS5833261,D,S,C,2024-07-11,1000000.00,4.631486,99.986328125
08:03:22,91282CKY6,TSRYS5833261,D,B,C,2024-07-11,1000000.00,4.631486,99.986328125
08:03:22,91282CKY6,TSRYS5833261,D,S,C,2024-07-11,1000000.00,4.631486,99.986328125
08:03:22,91282CKY6,TSRYS5833261,D,B,C,2024-07-11,2000000.00,4.63053,99.98810625
08:03:22,91282CKY6,TSRYS5833261,D,S,C,2024-07-11,2000000.00,4.630354,99.98843325
08:03:22,91282CKY6,TSRYS5833261,D,B,C,2024-07-11,2000000.00,4.630436,99.98828125
08:03:22,91282CKY6,TSRYS5833261,D,B,C,2024-07-11,1000000.00,4.630436,99.98828125
08:03:22,91282CKY6,TSRYS5833261,D,S,C,2024-07-11,1000000.00,4.630436,99.98828125
08:03:22,91282CKY6,TSRYS5833261,D,B,C,2024-07-11,2000000.00,4.630544,99.98808125
08:03:22,91282CKY6,TSRYS5833261,D,S,C,2024-07-11,2000000.00,4.630354,99.98843325
08:03:22,91282CKY6,TSRYS5833261,D,S,C,2024-07-11,2000000.00,4.630436,99.98828125
08:03:22,91282CKY6,TSRYS5833261,D,S,C,2024-07-11,1000000.00,4.630436,99.98828125
08:03:22,91282CKY6,TSRYS5833261,D,B,C,2024-07-11,1000000.00,4.630544,99.98808125
08:03:22,91282CKY6,TSRYS5833261,D,B,C,2024-07-11,3000000.00,4.631486,99.986328125
08:03:22,91282CKY6,TSRYS5833261,D,S,C,2024-07-11,3000000.00,4.631486,99.986328125
08:03:22,91282CKY6,TSRYS5833261,D,B,C,2024-07-11,1000000.00,4.631486,99.986328125
08:03:22,91282CKY6,TSRYS5833261,D,S,C,2024-07-11,1000000.00,4.631486,99.986328125
08:03:22,91282CKY6,TSRYS5833261,D,S,C,2024-07-11,1000000.00,4.630436,99.98828125
08:03:22,91282CKY6,TSRYS5833261,D,B,C,2024-07-11,1000000.00,4.630544,99.98808125
08:03:22,91282CKY6,TSRYS5833261,D,S,C,2024-07-11,1000000.00,4.630354,99.98843325
08:03:22,91282CKY6,TSRYS5833261,D,B,C,2024-07-11,1000000.00,4.630544,99.98808125
08:03:22,91282CKY6,TSRYS5833261,D,B,C,2024-07-11,2000000.00,4.63053,99.98810625
08:03:22,91282CKY6,TSRYS5833261,D,S,D,2024-07-11,1000000.00,4.630436,99.98828125
08:03:22,91282CKY6,TSRYS5833261,D,S,D,2024-07-11,3000000.00,4.630436,99.98828125
08:03:22,91282CKY6,TSRYS5833261,D,B,C,2024-07-11,1000000.00,4.630436,99.98828125
08:03:22,91282CKY6,TSRYS5833261,D,B,C,2024-07-11,3000000.00,4.630597,99.98798125
08:03:22,91282CKY6,TSRYS5833261,D,B,C,2024-07-11,2000000.00,4.630597,99.98798125
08:03:22,91282CKY6,TSRYS5833261,D,S,A,2024-07-11,3000000.00,4.626302,99.99609375
08:03:22,91282CKY6,TSRYS5833261,D,B,C,2024-07-11,1000000.00,4.63053,99.98810625
08:03:22,91282CKY6,TSRYS5833261,D,B,C,2024-07-11,1000000.00,4.630436,99.98828125
08:03:22,91282CKY6,TSRYS5833261,D,S,D,2024-07-11,1000000.00,4.630436,99.98828125
08:03:22,91282CKY6,TSRYS5833261,D,B,C,2024-07-11,1000000.00,4.63053,99.98810625
08:03:22,91282CKY6,TSRYS5833261,D,B,C,2024-07-11,1000000.00,4.63053,99.98810625
08:03:22,91282CKY6,TSRYS5833261,D,S,D,2024-07-11,1000000.00,4.630436,99.98828125
08:03:22,91282CKY6,TSRYS5833261,D,S,D,2024-07-11,1000000.00,4.630436,99.98828125
08:03:22,91282CKY6,TSRYS5833261,D,S,D,2024-07-11,2000000.00,4.630436,99.98828125
08:03:22,91282CKY6,TSRYS5833261,D,S,D,2024-07-11,1000000.00,4.630436,99.98828125
08:03:22,91282CKY6,TSRYS5833261,D,S,D,2024-07-11,2000000.00,4.630436,99.98828125
08:03:22,91282CKY6,TSRYS5833261,D,S,D,2024-07-11,1000000.00,4.630436,99.98828125
08:03:22,91282CKY6,TSRYS5833261,D,B,C,2024-07-11,1000000.00,4.63053,99.98810625
08:03:22,91282CKY6,TSRYS5833261,D,S,D,2024-07-11,4000000.00,4.630436,99.98828125
08:03:23,91282CKY6,TSRYS5833261,D,B,C,2024-07-11,5000000.00,4.630597,99.98798125
08:03:23,91282CKY6,TSRYS5833261,D,B,C,2024-07-11,1000000.00,4.630436,99.98828125
08:03:23,91282CKY6,TSRYS5833261,D,S,C,2024-07-11,5000000.00,4.630354,99.98843325
08:03:23,91282CKY6,TSRYS5833261,D,S,D,2024-07-11,1000000.00,4.630436,99.98828125
08:03:23,91282CKY6,TSRYS5833261,D,S,D,2024-07-11,2000000.00,4.630436,99.98828125
08:03:23,91282CKY6,TSRYS5833261,D,S,D,2024-07-11,1000000.00,4.630436,99.98828125
08:03:23,91282CKY6,TSRYS5833261,D,S,D,2024-07-11,1000000.00,4.630436,99.98828125
08:03:23,91282CKY6,TSRYS5833261,D,B,C,2024-07-11,2000000.00,4.630597,99.98798125
08:03:23,91282CKY6,TSRYS5833261,D,B,C,2024-07-11,1000000.00,4.630436,99.98828125
08:03:23,91282CKY6,TSRYS5833261,D,S,D,2024-07-11,1000000.00,4.630436,99.98828125
08:03:23,91282CKY6,TSRYS5833261,D,B,C,2024-07-11,1000000.00,4.630436,99.98828125
08:03:23,91282CKY6,TSRYS5833261,D,S,D,2024-07-11,1000000.00,4.630436,99.98828125
08:03:23,91282CKY6,TSRYS5833261,D,B,C,2024-07-11,1000000.00,4.630597,99.98798125
08:03:23,91282CKY6,TSRYS5833261,D,B,C,2024-07-11,1000000.00,4.630597,99.98798125
08:03:23,91282CKY6,TSRYS5833261,D,S,D,2024-07-11,1000000.00,4.630436,99.98828125
08:03:23,91282CKY6,TSRYS5833261,D,B,C,2024-07-11,1000000.00,4.63053,99.98810625
08:03:23,91282CKY6,TSRYS5833261,D,S,D,2024-07-11,1000000.00,4.630436,99.98828125
08:03:23,91282CKY6,TSRYS5833261,D,S,C,2024-07-11,1000000.00,4.630436,99.98828125
08:03:23,91282CKY6,TSRYS5833261,D,B,C,2024-07-11,1000000.00,4.63053,99.98810625
08:03:23,91282CKY6,TSRYS5833261,D,B,C,2024-07-11,1000000.00,4.630597,99.98798125
08:03:23,91282CKY6,TSRYS5833261,D,B,C,2024-07-11,1000000.00,4.63053,99.98810625
08:03:23,91282CKY6,TSRYS5833261,D,S,C,2024-07-11,1000000.00,4.630436,99.98828125
08:03:23,91282CKY6,TSRYS5833261,D,S,C,2024-07-11,1000000.00,4.630436,99.98828125
08:03:23,91282CKY6,TSRYS5833261,D,B,C,2024-07-11,3000000.00,4.630436,99.98828125
08:03:23,91282CKY6,TSRYS5833261,D,S,C,2024-07-11,3000000.00,4.630329,99.98848125
08:03:23,91282CKY6,TSRYS5833261,D,S,D,2024-07-11,6000000.00,4.630436,99.98828125
08:03:23,91282CKY6,TSRYS5833261,D,B,C,2024-07-11,1000000.00,4.630436,99.98828125
08:03:23,91282CKY6,TSRYS5833261,D,B,C,2024-07-11,6000000.00,4.630436,99.98828125
08:03:23,91282CKY6,TSRYS5833261,D,S,C,2024-07-11,4000000.00,4.630354,99.98843325
08:03:23,91282CKY6,TSRYS5833261,D,S,D,2024-07-11,3000000.00,4.630436,99.98828125
08:03:23,91282CKY6,TSRYS5833261,D,B,C,2024-07-11,11000000.00,4.630544,99.98808125
08:03:23,91282CKY6,TSRYS5833261,D,S,D,2024-07-11,11000000.00,4.630436,99.98828125
08:03:23,91282CKY6,TSRYS5833261,D,B,C,2024-07-11,1000000.00,4.630544,99.98808125
08:03:23,91282CKY6,TSRYS5833261,D,S,C,2024-07-11,1000000.00,4.630354,99.98843325
08:03:23,91282CKY6,TSRYS5833261,D,B,C,2024-07-11,2000000.00,4.63053,99.98810625
08:03:23,91282CKY6,TSRYS5833261,D,S,D,2024-07-11,2000000.00,4.630436,99.98828125
08:03:23,91282CKY6,TSRYS5833261,D,S,D,2024-07-11,2000000.00,4.630436,99.98828125
08:03:23,91282CKY6,TSRYS5833261,D,B,C,2024-07-11,2000000.00,4.630597,99.98798125
08:03:23,91282CKY6,TSRYS5833261,D,S,C,2024-07-11,2000000.00,4.630436,99.98828125
08:03:23,91282CKY6,TSRYS5833261,D,S,A,2024-07-11,1000000.00,4.628336,99.9921875
08:03:23,91282CKY6,TSRYS5833261,D,S,D,2024-07-11,6000000.00,4.626236,99.99609375
08:03:23,91282CKY6,TSRYS5833261,D,S,A,2024-07-11,1000000.00,4.628336,99.9921875
08:03:24,91282CKY6,TSRYS5833261,D,S,T,2024-07-11,1000000.00,4.624137,100.0
08:03:24,91282CKY6,TSRYS5833261,D,S,A,2024-07-11,1000000.00,4.624137,100.0
08:03:24,91282CKY6,TSRYS5833261,D,S,D,2024-07-11,4000000.00,4.628336,99.9921875
08:03:24,91282CKY6,TSRYS5833261,D,B,C,2024-07-11,4000000.00,4.628418,99.9920355
08:03:24,91282CKY6,TSRYS5833261,D,S,D,2024-07-11,1000000.00,4.628336,99.9921875
08:03:24,91282CKY6,TSRYS5833261,D,S,D,2024-07-11,1000000.00,4.628336,99.9921875
08:03:24,91282CKY6,TSRYS5833261,D,S,D,2024-07-11,1000000.00,4.628336,99.9921875
08:03:24,91282CKY6,TSRYS5833261,D,S,D,2024-07-11,1000000.00,4.628336,99.9921875
08:03:24,91282CKY6,TSRYS5833261,D,S,D,2024-07-11,1000000.00,4.628336,99.9921875
08:03:24,91282CKY6,TSRYS5833261,D,S,D,2024-07-11,1000000.00,4.628336,99.9921875
08:03:24,91282CKY6,TSRYS5833261,D,S,D,2024-07-11,1000000.00,4.628336,99.9921875
08:03:24,91282CKY6,TSRYS5833261,D,S,D,2024-07-11,1000000.00,4.628336,99.9921875
08:03:24,91282CKY6,TSRYS5833261,D,B,C,2024-07-11,1000000.00,4.628497,99.9918875
08:03:24,91282CKY6,TSRYS5833261,D,B,C,2024-07-11,1000000.00,4.628497,99.9918875
08:03:24,91282CKY6,TSRYS5833261,D,S,D,2024-07-11,2000000.00,4.628336,99.9921875
08:03:24,91282CKY6,TSRYS5833261,D,S,C,2024-07-11,1000000.00,4.628336,99.9921875
08:03:24,91282CKY6,TSRYS5833261,D,S,C,2024-07-11,1000000.00,4.628336,99.9921875
08:03:24,91282CKY6,TSRYS5833261,D,B,C,2024-07-11,2000000.00,4.628497,99.9918875
08:03:24,91282CKY6,TSRYS5833261,D,S,D,2024-07-11,1000000.00,4.628336,99.9921875
08:03:24,91282CKY6,TSRYS5833261,D,S,D,2024-07-11,1000000.00,4.628336,99.9921875
08:03:24,91282CKY6,TSRYS5833261,D,S,D,2024-07-11,1000000.00,4.628336,99.9921875
08:03:24,91282CKY6,TSRYS5833261,D,S,D,2024-07-11,1000000.00,4.628336,99.9921875
08:03:24,91282CKY6,TSRYS5833261,D,S,D,2024-07-11,1000000.00,4.628336,99.9921875
08:03:24,91282CKY6,TSRYS5833261,D,S,D,2024-07-11,1000000.00,4.628336,99.9921875
08:03:24,91282CKY6,TSRYS5833261,D,S,C,2024-07-11,2000000.00,4.628336,99.9921875
08:03:24,91282CKY6,TSRYS5833261,D,S,C,2024-07-11,2000000.00,4.628336,99.9921875
08:03:24,91282CKY6,TSRYS5833261,D,S,C,2024-07-11,1000000.00,4.628336,99.9921875
08:03:25,91282CKY6,TSRYS5833261,D,B,C,2024-07-11,1000000.00,4.628336,99.9921875
08:03:25,91282CKY6,TSRYS5833261,D,S,D,2024-07-11,1000000.00,4.628336,99.9921875
08:03:25,91282CKY6,TSRYS5833261,D,S,D,2024-07-11,1000000.00,4.628336,99.9921875
08:03:25,91282CKY6,TSRYS5833261,D,B,C,2024-07-11,1000000.00,4.62843,99.9920125
08:03:25,91282CKY6,TSRYS5833261,D,S,D,2024-07-11,1000000.00,4.628336,99.9921875
08:03:25,91282CKY6,TSRYS5833261,D,B,C,2024-07-11,3000000.00,4.628336,99.9921875
08:03:25,91282CKY6,TSRYS5833261,D,B,C,2024-07-11,1000000.00,4.628336,99.9921875
08:03:25,91282CKY6,TSRYS5833261,D,S,C,2024-07-11,1000000.00,4.628336,99.9921875
08:03:25,91282CKY6,TSRYS5833261,D,S,C,2024-07-11,2000000.00,4.628229,99.9923875
08:03:25,91282CKY6,TSRYS5833261,D,B,C,2024-07-11,1000000.00,4.628336,99.9921875
08:03:25,91282CKY6,TSRYS5833261,D,S,C,2024-07-11,1000000.00,4.628336,99.9921875
08:03:25,91282CKY6,TSRYS5833261,D,B,C,2024-07-11,1000000.00,4.628336,99.9921875
08:03:25,91282CKY6,TSRYS5833261,D,B,C,2024-07-11,1000000.00,4.628336,99.9921875
08:03:25,91282CKY6,TSRYS5833261,D,S,C,2024-07-11,3000000.00,4.628336,99.9921875
08:03:25,91282CKY6,TSRYS5833261,D,S,D,2024-07-11,1000000.00,4.628336,99.9921875
08:03:25,91282CKY6,TSRYS5833261,D,S,D,2024-07-11,1000000.00,4.628336,99.9921875
08:03:25,91282CKY6,TSRYS5833261,D,B,C,2024-07-11,2000000.00,4.628336,99.9921875
08:03:25,91282CKY6,TSRYS5833261,D,S,C,2024-07-11,1000000.00,4.626129,99.99629375
08:03:25,91282CKY6,TSRYS5833261,D,B,C,2024-07-11,1000000.00,4.626236,99.99609375
08:03:25,91282CKY6,TSRYS5833261,D,S,C,2024-07-11,2000000.00,4.626236,99.99609375
08:03:25,91282CKY6,TSRYS5833261,D,B,C,2024-07-11,1000000.00,4.626236,99.99609375
08:03:25,91282CKY6,TSRYS5833261,D,S,C,2024-07-11,1000000.00,4.626236,99.99609375
08:03:25,91282CKY6,TSRYS5833261,D,B,C,2024-07-11,1000000.00,4.626236,99.99609375
08:03:25,91282CKY6,TSRYS5833261,D,S,C,2024-07-11,1000000.00,4.626236,99.99609375
08:03:25,91282CKY6,TSRYS5833261,D,S,C,2024-07-11,1000000.00,4.626236,99.99609375
08:03:25,91282CKY6,TSRYS5833261,D,S,C,2024-07-11,1000000.00,4.626236,99.99609375
08:03:25,91282CKY6,TSRYS5833261,D,B,C,2024-07-11,1000000.00,4.62629,99.99599375
08:03:25,91282CKY6,TSRYS5833261,D,S,C,2024-07-11,1000000.00,4.626129,99.99629375
08:03:25,91282CKY6,TSRYS5833261,D,S,C,2024-07-11,1000000.00,4.626129,99.99629375
08:03:25,91282CKY6,TSRYS5833261,D,B,C,2024-07-11,1000000.00,4.62633,99.99591875
08:03:25,91282CKY6,TSRYS5833261,D,S,C,2024-07-11,13000000.00,4.626129,99.99629375
08:03:25,91282CKY6,TSRYS5833261,D,B,C,2024-07-11,13000000.00,4.626236,99.99609375
08:03:25,91282CKY6,TSRYS5833261,D,B,C,2024-07-11,1000000.00,4.626236,99.99609375
08:03:25,91282CKY6,TSRYS5833261,D,S,C,2024-07-11,1000000.00,4.626129,99.99629375
08:03:25,91282CKY6,TSRYS5833261,D,B,C,2024-07-11,1000000.00,4.626236,99.99609375
08:03:25,91282CKY6,TSRYS5833261,D,S,C,2024-07-11,1000000.00,4.626129,99.99629375
08:03:25,91282CKY6,TSRYS5833261,D,S,C,2024-07-11,1000000.00,4.626129,99.99629375
08:03:25,91282CKY6,TSRYS5833261,D,S,C,2024-07-11,1000000.00,4.626129,99.99629375
08:03:25,91282CKY6,TSRYS5833261,D,B,C,2024-07-11,1000000.00,4.626317,99.99594375
08:03:25,91282CKY6,TSRYS5833261,D,B,C,2024-07-11,1000000.00,4.62633,99.99591875
08:03:25,91282CKY6,TSRYS5833261,D,S,C,2024-07-11,1000000.00,4.626129,99.99629375
08:03:25,91282CKY6,TSRYS5833261,D,B,C,2024-07-11,1000000.00,4.626371,99.99584375
08:03:25,91282CKY6,TSRYS5833261,D,S,C,2024-07-11,1000000.00,4.626129,99.99629375
08:03:25,91282CKY6,TSRYS5833261,D,B,C,2024-07-11,1000000.00,4.626371,99.99584375
08:03:25,91282CKY6,TSRYS5833261,D,S,C,2024-07-11,1000000.00,4.626129,99.99629375
08:03:25,91282CKY6,TSRYS5833261,D,B,C,2024-07-11,1000000.00,4.626236,99.99609375
08:03:25,91282CKY6,TSRYS5833261,D,S,C,2024-07-11,1000000.00,4.626129,99.99629375
08:03:25,91282CKY6,TSRYS5833261,D,S,C,2024-07-11,1000000.00,4.626129,99.99629375
08:03:25,91282CKY6,TSRYS5833261,D,B,C,2024-07-11,1000000.00,4.626398,99.99579375
08:03:25,91282CKY6,TSRYS5833261,D,B,C,2024-07-11,2000000.00,4.626398,99.99579375
08:03:25,91282CKY6,TSRYS5833261,D,S,C,2024-07-11,2000000.00,4.626129,99.99629375
08:03:25,91282CKY6,TSRYS5833261,D,B,C,2024-07-11,2000000.00,4.626236,99.99609375
08:03:25,91282CKY6,TSRYS5833261,D,S,C,2024-07-11,2000000.00,4.626129,99.99629375
08:03:25,91282CKY6,TSRYS5833261,D,S,C,2024-07-11,2000000.00,4.626129,99.99629375
08:03:25,91282CKY6,TSRYS5833261,D,S,C,2024-07-11,2000000.00,4.626129,99.99629375
08:03:25,91282CKY6,TSRYS5833261,D,B,C,2024-07-11,2000000.00,4.62633,99.99591875
08:03:25,91282CKY6,TSRYS5833261,D,B,C,2024-07-11,2000000.00,4.626371,99.99584375
08:03:26,91282CKY6,TSRYS5833261,D,S,A,2024-07-11,1000000.00,4.628336,99.9921875
08:03:26,91282CKY6,TSRYS5833261,D,S,D,2024-07-11,7000000.00,4.628336,99.9921875
08:03:27,91282CKY6,TSRYS5833261,D,S,D,2024-07-11,1000000.00,4.630436,99.98828125
08:03:27,91282CKY6,TSRYS5833261,D,B,C,2024-07-11,1000000.00,4.630436,99.98828125
08:03:27,91282CKY6,TSRYS5833261,D,S,D,2024-07-11,1000000.00,4.630436,99.98828125
08:03:27,91282CKY6,TSRYS5833261,D,B,C,2024-07-11,6000000.00,4.630436,99.98828125
08:03:27,91282CKY6,TSRYS5833261,D,S,D,2024-07-11,6000000.00,4.630436,99.98828125
08:03:27,91282CKY6,TSRYS5833261,D,S,D,2024-07-11,2000000.00,4.630436,99.98828125
08:03:27,91282CKY6,TSRYS5833261,D,S,C,2024-07-11,2000000.00,4.626236,99.99609375
08:03:27,91282CKY6,TSRYS5833261,D,B,C,2024-07-11,2000000.00,4.626398,99.99579375
08:03:27,91282CKY6,TSRYS5833261,D,S,C,2024-07-11,1000000.00,4.626236,99.99609375
08:03:27,91282CKY6,TSRYS5833261,D,S,C,2024-07-11,1000000.00,4.626236,99.99609375
08:03:27,91282CKY6,TSRYS5833261,D,S,C,2024-07-11,1000000.00,4.626129,99.99629375
08:03:27,91282CKY6,TSRYS5833261,D,S,C,2024-07-11,1000000.00,4.626129,99.99629375
08:03:27,91282CKY6,TSRYS5833261,D,B,C,2024-07-11,1000000.00,4.626318,99.99594175
08:03:27,91282CKY6,TSRYS5833261,D,S,C,2024-07-11,2000000.00,4.626236,99.99609375
08:03:27,91282CKY6,TSRYS5833261,D,S,D,2024-07-11,2000000.00,4.626166,99.99622375
08:03:27,91282CKY6,TSRYS5833261,D,S,C,2024-07-11,1000000.00,4.626236,99.99609375
08:03:27,91282CKY6,TSRYS5833261,D,S,D,2024-07-11,2000000.00,4.626236,99.99609375
08:03:27,91282CKY6,TSRYS5833261,D,S,D,2024-07-11,2000000.00,4.626236,99.99609375
08:03:27,91282CKY6,TSRYS5833261,D,S,D,2024-07-11,2000000.00,4.626236,99.99609375
08:03:28,91282CKY6,TSRYS5833261,D,S,C,2024-07-11,1000000.00,4.626129,99.99629375
08:03:28,91282CKY6,TSRYS5833261,D,S,C,2024-07-11,3000000.00,4.626129,99.99629375
08:03:28,91282CKY6,TSRYS5833261,D,S,C,2024-07-11,1000000.00,4.626129,99.99629375
08:03:28,91282CKY6,TSRYS5833261,D,S,C,2024-07-11,4000000.00,4.626129,99.99629375
08:03:28,91282CKY6,TSRYS5833261,D,B,C,2024-07-11,1000000.00,4.626318,99.99594175
08:03:28,91282CKY6,TSRYS5833261,D,S,C,2024-07-11,1000000.00,4.626129,99.99629375
08:03:28,91282CKY6,TSRYS5833261,D,B,C,2024-07-11,4000000.00,4.626358,99.99586675
08:03:28,91282CKY6,TSRYS5833261,D,B,C,2024-07-11,3000000.00,4.626358,99.99586675
08:03:28,91282CKY6,TSRYS5833261,D,S,D,2024-07-11,1000000.00,4.626166,99.99622375
08:03:28,91282CKY6,TSRYS5833261,D,B,C,2024-07-11,1000000.00,4.626236,99.99609375
08:03:28,91282CKY6,TSRYS5833261,D,S,D,2024-07-11,1000000.00,4.626166,99.99622375
08:03:28,91282CKY6,TSRYS5833261,D,B,C,2024-07-11,1000000.00,4.626236,99.99609375
08:03:28,91282CKY6,TSRYS5833261,D,S,D,2024-07-11,3000000.00,4.626236,99.99609375
08:03:28,91282CKY6,TSRYS5833261,D,B,C,2024-07-11,3000000.00,4.626398,99.99579375
08:03:28,91282CKY6,TSRYS5833261,D,S,D,2024-07-11,3000000.00,4.626236,99.99609375
08:03:28,91282CKY6,TSRYS5833261,D,B,C,2024-07-11,2000000.00,4.626236,99.99609375
08:03:28,91282CKY6,TSRYS5833261,D,B,C,2024-07-11,3000000.00,4.626344,99.99589375
08:03:28,91282CKY6,TSRYS5833261,D,S,D,2024-07-11,3000000.00,4.626236,99.99609375
08:03:28,91282CKY6,TSRYS5833261,D,B,C,2024-07-11,3000000.00,4.626236,99.99609375
08:03:28,91282CKY6,TSRYS5833261,D,S,D,2024-07-11,2000000.00,4.626236,99.99609375
08:03:28,91282CKY6,TSRYS5833261,D,S,D,2024-07-11,2000000.00,4.626236,99.99609375
08:03:28,91282CKY6,TSRYS5833261,D,S,D,2024-07-11,2000000.00,4.626236,99.99609375
08:03:28,91282CKY6,TSRYS5833261,D,S,D,2024-07-11,3000000.00,4.626236,99.99609375
08:03:28,91282CKY6,TSRYS5833261,D,B,C,2024-07-11,3000000.00,4.626236,99.99609375
08:03:28,91282CKY6,TSRYS5833261,D,S,D,2024-07-11,3000000.00,4.626236,99.99609375
08:03:28,91282CKY6,TSRYS5833261,D,S,D,2024-07-11,3000000.00,4.626236,99.99609375
08:03:28,91282CKY6,TSRYS5833261,D,S,D,2024-07-11,2000000.00,4.626236,99.99609375
08:03:28,91282CKY6,TSRYS5833261,D,S,D,2024-07-11,2000000.00,4.626236,99.99609375
08:03:28,91282CKY6,TSRYS5833261,D,S,D,2024-07-11,2000000.00,4.626236,99.99609375
08:03:28,91282CKY6,TSRYS5833261,D,S,D,2024-07-11,2000000.00,4.626236,99.99609375
08:03:28,91282CKY6,TSRYS5833261,D,S,D,2024-07-11,3000000.00,4.626236,99.99609375
08:03:28,91282CKY6,TSRYS5833261,D,S,D,2024-07-11,1000000.00,4.626236,99.99609375
08:03:28,91282CKY6,TSRYS5833261,D,B,C,2024-07-11,1000000.00,4.626236,99.99609375
08:03:28,91282CKY6,TSRYS5833261,D,B,C,2024-07-11,1000000.00,4.626398,99.99579375
08:03:28,91282CKY6,TSRYS5833261,D,S,D,2024-07-11,1000000.00,4.626236,99.99609375
08:03:28,91282CKY6,TSRYS5833261,D,S,D,2024-07-11,2000000.00,4.626236,99.99609375
08:03:28,91282CKY6,TSRYS5833261,D,S,D,2024-07-11,5000000.00,4.626236,99.99609375
08:03:28,91282CKY6,TSRYS5833261,D,B,C,2024-07-11,5000000.00,4.626318,99.99594175
08:03:28,91282CKY6,TSRYS5833261,D,B,C,2024-07-11,1000000.00,4.626236,99.99609375
08:03:28,91282CKY6,TSRYS5833261,D,S,D,2024-07-11,1000000.00,4.626236,99.99609375
08:03:28,91282CKY6,TSRYS5833261,D,S,C,2024-07-11,1000000.00,4.626236,99.99609375
08:03:28,91282CKY6,TSRYS5833261,D,S,C,2024-07-11,1000000.00,4.626236,99.99609375
08:03:28,91282CKY6,TSRYS5833261,D,B,C,2024-07-11,1000000.00,4.626236,99.99609375
08:03:28,91282CKY6,TSRYS5833261,D,S,C,2024-07-11,1000000.00,4.626236,99.99609375
08:03:28,91282CKY6,TSRYS5833261,D,S,C,2024-07-11,1000000.00,4.626236,99.99609375
08:03:28,91282CKY6,TSRYS5833261,D,B,C,2024-07-11,1000000.00,4.626318,99.99594175
08:03:28,91282CKY6,TSRYS5833261,D,S,C,2024-07-11,1000000.00,4.626236,99.99609375
08:03:28,91282CKY6,TSRYS5833261,D,S,C,2024-07-11,1000000.00,4.626236,99.99609375
08:03:28,91282CKY6,TSRYS5833261,D,B,C,2024-07-11,1000000.00,4.626236,99.99609375
08:03:28,91282CKY6,TSRYS5833261,D,S,C,2024-07-11,3000000.00,4.626236,99.99609375
08:03:28,91282CKY6,TSRYS5833261,D,B,C,2024-07-11,3000000.00,4.626318,99.99594175
08:03:28,91282CKY6,TSRYS5833261,D,S,C,2024-07-11,1000000.00,4.626236,99.99609375
08:03:28,91282CKY6,TSRYS5833261,D,S,C,2024-07-11,1000000.00,4.626236,99.99609375
08:03:28,91282CKY6,TSRYS5833261,D,S,C,2024-07-11,1000000.00,4.626236,99.99609375
08:03:28,91282CKY6,TSRYS5833261,D,S,C,2024-07-11,1000000.00,4.626236,99.99609375
08:03:28,91282CKY6,TSRYS5833261,D,S,D,2024-07-11,1000000.00,4.626236,99.99609375
08:03:28,91282CKY6,TSRYS5833261,D,B,C,2024-07-11,2000000.00,4.626236,99.99609375
08:03:28,91282CKY6,TSRYS5833261,D,S,D,2024-07-11,2000000.00,4.626236,99.99609375
08:03:28,91282CKY6,TSRYS5833261,D,S,D,2024-07-11,1000000.00,4.626236,99.99609375
08:03:28,91282CKY6,TSRYS5833261,D,S,C,2024-07-11,1000000.00,4.626236,99.99609375
08:03:28,91282CKY6,TSRYS5833261,D,S,D,2024-07-11,2000000.00,4.626236,99.99609375
08:03:28,91282CKY6,TSRYS5833261,D,S,C,2024-07-11,1000000.00,4.626236,99.99609375
08:03:28,91282CKY6,TSRYS5833261,D,S,D,2024-07-11,2000000.00,4.626236,99.99609375
08:03:28,91282CKY6,TSRYS5833261,D,S,C,2024-07-11,1000000.00,4.626236,99.99609375
08:03:28,91282CKY6,TSRYS5833261,D,B,C,2024-07-11,1000000.00,4.627286,99.994140625
08:03:29,91282CKY6,TSRYS5833261,D,S,D,2024-07-11,2000000.00,4.626166,99.99622375
08:03:29,91282CKY6,TSRYS5833261,D,B,C,2024-07-11,2000000.00,4.626236,99.99609375
08:03:29,91282CKY6,TSRYS5833261,D,S,C,2024-07-11,1000000.00,4.626236,99.99609375
08:03:29,91282CKY6,TSRYS5833261,D,B,C,2024-07-11,1000000.00,4.626236,99.99609375
08:03:29,91282CKY6,TSRYS5833261,D,S,C,2024-07-11,1000000.00,4.626115,99.99631875
08:03:29,91282CKY6,TSRYS5833261,D,S,C,2024-07-11,1000000.00,4.626115,99.99631875
08:03:29,91282CKY6,TSRYS5833261,D,S,C,2024-07-11,1000000.00,4.626115,99.99631875
08:03:29,91282CKY6,TSRYS5833261,D,S,C,2024-07-11,1000000.00,4.626115,99.99631875
08:03:29,91282CKY6,TSRYS5833261,D,S,C,2024-07-11,1000000.00,4.626115,99.99631875
08:03:29,91282CKY6,TSRYS5833261,D,S,C,2024-07-11,1000000.00,4.626115,99.99631875
08:03:29,91282CKY6,TSRYS5833261,D,S,C,2024-07-11,1000000.00,4.626115,99.99631875
08:03:29,91282CKY6,TSRYS5833261,D,S,C,2024-07-11,1000000.00,4.626115,99.99631875
08:03:29,91282CKY6,TSRYS5833261,D,S,C,2024-07-11,1000000.00,4.626236,99.99609375
08:03:29,91282CKY6,TSRYS5833261,D,S,C,2024-07-11,1000000.00,4.626115,99.99631875
08:03:29,91282CKY6,TSRYS5833261,D,S,C,2024-07-11,1000000.00,4.626115,99.99631875
08:03:29,91282CKY6,TSRYS5833261,D,S,C,2024-07-11,1000000.00,4.626115,99.99631875
08:03:29,91282CKY6,TSRYS5833261,D,S,C,2024-07-11,1000000.00,4.626115,99.99631875
08:03:29,91282CKY6,TSRYS5833261,D,S,C,2024-07-11,1000000.00,4.626115,99.99631875
08:03:29,91282CKY6,TSRYS5833261,D,S,C,2024-07-11,1000000.00,4.626183,99.99619375
08:03:29,91282CKY6,TSRYS5833261,D,S,C,2024-07-11,1000000.00,4.626236,99.99609375
08:03:29,91282CKY6,TSRYS5833261,D,S,C,2024-07-11,1000000.00,4.626236,99.99609375
08:03:29,91282CKY6,TSRYS5833261,D,B,C,2024-07-11,1000000.00,4.626236,99.99609375
08:03:29,91282CKY6,TSRYS5833261,D,S,C,2024-07-11,1000000.00,4.626236,99.99609375
08:03:29,91282CKY6,TSRYS5833261,D,B,C,2024-07-11,1000000.00,4.626236,99.99609375
08:03:29,91282CKY6,TSRYS5833261,D,S,D,2024-07-11,1000000.00,4.626236,99.99609375
08:03:29,91282CKY6,TSRYS5833261,D,B,C,2024-07-11,1000000.00,4.626236,99.99609375
08:03:29,91282CKY6,TSRYS5833261,D,S,C,2024-07-11,1000000.00,4.626236,99.99609375
08:03:29,91282CKY6,TSRYS5833261,D,B,C,2024-07-11,1000000.00,4.626236,99.99609375
08:03:29,91282CKY6,TSRYS5833261,D,S,D,2024-07-11,1000000.00,4.626236,99.99609375
08:03:29,91282CKY6,TSRYS5833261,D,B,C,2024-07-11,1000000.00,4.626236,99.99609375
08:03:29,91282CKY6,TSRYS5833261,D,S,D,2024-07-11,7000000.00,4.626236,99.99609375
08:03:29,91282CKY6,TSRYS5833261,D,B,C,2024-07-11,1000000.00,4.626236,99.99609375
08:03:29,91282CKY6,TSRYS5833261,D,S,D,2024-07-11,1000000.00,4.626236,99.99609375
08:03:29,91282CKY6,TSRYS5833261,D,S,D,2024-07-11,3000000.00,4.626236,99.99609375
08:03:29,91282CKY6,TSRYS5833261,D,B,C,2024-07-11,3000000.00,4.626236,99.99609375
08:03:29,91282CKY6,TSRYS5833261,D,B,C,2024-07-11,2000000.00,4.626236,99.99609375
08:03:29,91282CKY6,TSRYS5833261,D,S,C,2024-07-11,2000000.00,4.626129,99.99629375
08:03:29,91282CKY6,TSRYS5833261,D,B,C,2024-07-11,2000000.00,4.626236,99.99609375
08:03:29,91282CKY6,TSRYS5833261,D,S,C,2024-07-11,2000000.00,4.626129,99.99629375
08:03:29,91282CKY6,TSRYS5833261,D,S,D,2024-07-11,2000000.00,4.626236,99.99609375
08:03:29,91282CKY6,TSRYS5833261,D,B,C,2024-07-11,1000000.00,4.626236,99.99609375
08:03:29,91282CKY6,TSRYS5833261,D,S,C,2024-07-11,1000000.00,4.626236,99.99609375
08:03:29,91282CKY6,TSRYS5833261,D,B,C,2024-07-11,1000000.00,4.626236,99.99609375
08:03:29,91282CKY6,TSRYS5833261,D,S,D,2024-07-11,2000000.00,4.626236,99.99609375
08:03:29,91282CKY6,TSRYS5833261,D,S,D,2024-07-11,1000000.00,4.626236,99.99609375
08:03:29,91282CKY6,TSRYS5833261,D,S,D,2024-07-11,1000000.00,4.626236,99.99609375
08:03:29,91282CKY6,TSRYS5833261,D,S,C,2024-07-11,1000000.00,4.626236,99.99609375
08:03:29,91282CKY6,TSRYS5833261,D,S,C,2024-07-11,2000000.00,4.626236,99.99609375
08:03:29,91282CKY6,TSRYS5833261,D,S,C,2024-07-11,1000000.00,4.626236,99.99609375
08:03:29,91282CKY6,TSRYS5833261,D,B,C,2024-07-11,1000000.00,4.626236,99.99609375
08:03:29,91282CKY6,TSRYS5833261,D,S,D,2024-07-11,2000000.00,4.626236,99.99609375
08:03:29,91282CKY6,TSRYS5833261,D,B,C,2024-07-11,2000000.00,4.626236,99.99609375
08:03:29,91282CKY6,TSRYS5833261,D,S,D,2024-07-11,3000000.00,4.626236,99.99609375
08:03:29,91282CKY6,TSRYS5833261,D,S,D,2024-07-11,2000000.00,4.626236,99.99609375
08:03:29,91282CKY6,TSRYS5833261,D,B,C,2024-07-11,9000000.00,4.626236,99.99609375
08:03:29,91282CKY6,TSRYS5833261,D,B,C,2024-07-11,3000000.00,4.626236,99.99609375
08:03:29,91282CKY6,TSRYS5833261,D,S,D,2024-07-11,9000000.00,4.626236,99.99609375
08:03:29,91282CKY6,TSRYS5833261,D,S,D,2024-07-11,4000000.00,4.626236,99.99609375
08:03:29,91282CKY6,TSRYS5833261,D,S,D,2024-07-11,1000000.00,4.626236,99.99609375
08:03:29,91282CKY6,TSRYS5833261,D,S,D,2024-07-11,1000000.00,4.626236,99.99609375
08:03:30,91282CKY6,TSRYS5833261,D,S,D,2024-07-11,1000000.00,4.626236,99.99609375
08:03:30,91282CKY6,TSRYS5833261,D,S,D,2024-07-11,4000000.00,4.626236,99.99609375
08:03:30,91282CKY6,TSRYS5833261,D,S,D,2024-07-11,1000000.00,4.626236,99.99609375
08:03:30,91282CKY6,TSRYS5833261,D,S,D,2024-07-11,1000000.00,4.626236,99.99609375
08:03:30,91282CKY6,TSRYS5833261,D,B,C,2024-07-11,1000000.00,4.626236,99.99609375
08:03:30,91282CKY6,TSRYS5833261,D,S,C,2024-07-11,1000000.00,4.626236,99.99609375
08:03:30,91282CKY6,TSRYS5833261,D,S,C,2024-07-11,1000000.00,4.626129,99.99629375
08:03:30,91282CKY6,TSRYS5833261,D,B,C,2024-07-11,1000000.00,4.626236,99.99609375
08:03:30,91282CKY6,TSRYS5833261,D,B,C,2024-07-11,1000000.00,4.631486,99.986328125
08:03:30,91282CKY6,TSRYS5833261,D,S,C,2024-07-11,1000000.00,4.631486,99.986328125
08:03:30,91282CKY6,TSRYS5833261,D,B,C,2024-07-11,1000000.00,4.631486,99.986328125
08:03:30,91282CKY6,TSRYS5833261,D,S,C,2024-07-11,1000000.00,4.631486,99.986328125
08:03:30,91282CKY6,TSRYS5833261,D,B,C,2024-07-11,1000000.00,4.631486,99.986328125
08:03:30,91282CKY6,TSRYS5833261,D,S,C,2024-07-11,1000000.00,4.631486,99.986328125
08:03:30,91282CKY6,TSRYS5833261,D,S,A,2024-07-11,1000000.00,4.628336,99.9921875
08:03:30,91282CKY6,TSRYS5833261,D,S,C,2024-07-11,1000000.00,4.626236,99.99609375
08:03:30,91282CKY6,TSRYS5833261,D,B,C,2024-07-11,1000000.00,4.626236,99.99609375
08:03:31,91282CKY6,TSRYS5833261,D,S,C,2024-07-11,1000000.00,4.626236,99.99609375
08:03:31,91282CKY6,TSRYS5833261,D,B,C,2024-07-11,1000000.00,4.626236,99.99609375
08:03:31,91282CKY6,TSRYS5833261,D,S,C,2024-07-11,2000000.00,4.626236,99.99609375
08:03:31,91282CKY6,TSRYS5833261,D,S,D,2024-07-11,1000000.00,4.630436,99.98828125
08:03:32,91282CKY6,TSRYS5833261,D,S,C,2024-07-11,2000000.00,4.626236,99.99609375
08:03:32,91282CKY6,TSRYS5833261,D,S,C,2024-07-11,50000000.00,4.628336,99.9921875
08:03:33,91282CKY6,TSRYS5833261,D,B,A,2024-07-11,10000000.00,4.626236,99.99609375
08:03:33,91282CKY6,TSRYS5833261,D,S,D,2024-07-11,1000000.00,4.626236,99.99609375
08:03:33,91282CKY6,TSRYS5833261,D,B,C,2024-07-11,1000000.00,4.626236,99.99609375
08:03:34,91282CKY6,TSRYS5833261,D,S,D,2024-07-11,1000000.00,4.624067,100.00013
08:03:34,91282CKY6,TSRYS5833261,D,S,D,2024-07-11,1000000.00,4.624067,100.00013
08:03:34,91282CKY6,TSRYS5833261,D,B,C,2024-07-11,1000000.00,4.624271,99.99975
08:03:35,91282CKY6,TSRYS5833261,D,S,C,2024-07-11,2000000.00,4.631486,99.986328125
08:03:35,91282CKY6,TSRYS5833261,D,S,D,2024-07-11,2000000.00,4.631486,99.986328125
08:03:35,91282CKY6,TSRYS5833261,D,S,D,2024-07-11,2000000.00,4.631486,99.986328125
08:03:35,91282CKY6,TSRYS5833261,D,S,D,2024-07-11,2000000.00,4.631486,99.986328125
08:03:35,91282CKY6,TSRYS5833261,D,S,D,2024-07-11,2000000.00,4.631486,99.986328125
08:03:35,91282CKY6,TSRYS5833261,D,S,D,2024-07-11,2000000.00,4.631486,99.986328125
08:03:35,91282CKY6,TSRYS5833261,D,S,D,2024-07-11,2000000.00,4.631486,99.986328125
08:03:35,91282CKY6,TSRYS5833261,D,S,D,2024-07-11,1000000.00,4.631486,99.986328125
08:03:35,91282CKY6,TSRYS5833261,D,B,C,2024-07-11,1000000.00,4.631486,99.986328125
08:03:35,91282CKY6,TSRYS5833261,D,S,C,2024-07-11,1000000.00,4.631486,99.986328125
08:03:35,91282CKY6,TSRYS5833261,D,B,C,2024-07-11,1000000.00,4.631486,99.986328125
08:03:35,91282CKY6,TSRYS5833261,D,S,C,2024-07-11,1000000.00,4.631486,99.986328125
08:03:35,91282CKY6,TSRYS5833261,D,B,C,2024-07-11,1000000.00,4.631486,99.986328125
08:03:35,91282CKY6,TSRYS5833261,D,S,C,2024-07-11,1000000.00,4.631486,99.986328125
08:03:35,91282CKY6,TSRYS5833261,D,B,C,2024-07-11,1000000.00,4.631486,99.986328125
08:03:35,91282CKY6,TSRYS5833261,D,S,C,2024-07-11,1000000.00,4.631486,99.986328125
08:03:35,91282CKY6,TSRYS5833261,D,B,C,2024-07-11,1000000.00,4.631486,99.986328125
08:03:35,91282CKY6,TSRYS5833261,D,S,C,2024-07-11,1000000.00,4.631486,99.986328125
08:03:35,91282CKY6,TSRYS5833261,D,B,C,2024-07-11,3000000.00,4.631486,99.986328125
08:03:35,91282CKY6,TSRYS5833261,D,S,C,2024-07-11,3000000.00,4.631486,99.986328125
08:03:35,91282CKY6,TSRYS5833261,D,S,C,2024-07-11,1000000.00,4.631486,99.986328125
08:03:35,91282CKY6,TSRYS5833261,D,S,C,2024-07-11,1000000.00,4.631486,99.986328125
08:03:35,91282CKY6,TSRYS5833261,D,S,A,2024-07-11,3493.00,4.624137,100.0
08:03:36,91282CKY6,TSRYS5833261,D,S,T,2024-07-11,2000000.00,4.626236,99.99609375
08:03:36,91282CKY6,TSRYS5833261,D,S,D,2024-07-11,2000000.00,4.632536,99.984375
08:03:36,91282CKY6,TSRYS5833261,D,S,C,2024-07-11,1000000.00,4.624137,100.0
08:03:36,91282CKY6,TSRYS5833261,D,S,C,2024-07-11,1000000.00,4.624137,100.0
08:03:36,91282CKY6,TSRYS5833261,D,S,C,2024-07-11,1000000.00,4.624137,100.0
08:03:36,91282CKY6,TSRYS5833261,D,B,C,2024-07-11,1000000.00,4.624298,99.9997
08:03:36,91282CKY6,TSRYS5833261,D,S,C,2024-07-11,1000000.00,4.624137,100.0
08:03:36,91282CKY6,TSRYS5833261,D,B,C,2024-07-11,2000000.00,4.624137,100.0
08:03:36,91282CKY6,TSRYS5833261,D,B,C,2024-07-11,1000000.00,4.624137,100.0
08:03:36,91282CKY6,TSRYS5833261,D,S,C,2024-07-11,1000000.00,4.624137,100.0
08:03:36,91282CKY6,TSRYS5833261,D,S,C,2024-07-11,2000000.00,4.624137,100.0
08:03:36,91282CKY6,TSRYS5833261,D,S,C,2024-07-11,5000000.00,4.624029,100.0002
08:03:36,91282CKY6,TSRYS5833261,D,S,D,2024-07-11,1000000.00,4.630436,99.98828125
08:03:36,91282CKY6,TSRYS5833261,D,S,D,2024-07-11,3000000.00,4.624067,100.00013
08:03:36,91282CKY6,TSRYS5833261,D,B,C,2024-07-11,3000000.00,4.624298,99.9997
08:03:36,91282CKY6,TSRYS5833261,D,B,C,2024-07-11,1000000.00,4.624137,100.0
08:03:36,91282CKY6,TSRYS5833261,D,S,D,2024-07-11,1000000.00,4.624067,100.00013
08:03:36,91282CKY6,TSRYS5833261,D,S,D,2024-07-11,1000000.00,4.624067,100.00013
08:03:36,91282CKY6,TSRYS5833261,D,S,D,2024-07-11,1000000.00,4.624067,100.00013
08:03:36,91282CKY6,TSRYS5833261,D,S,D,2024-07-11,1000000.00,4.624067,100.00013
08:03:36,91282CKY6,TSRYS5833261,D,S,D,2024-07-11,1000000.00,4.624067,100.00013
08:03:36,91282CKY6,TSRYS5833261,D,S,D,2024-07-11,1000000.00,4.624067,100.00013
08:03:36,91282CKY6,TSRYS5833261,D,S,D,2024-07-11,1000000.00,4.624067,100.00013
08:03:36,91282CKY6,TSRYS5833261,D,S,D,2024-07-11,1000000.00,4.624067,100.00013
08:03:36,91282CKY6,TSRYS5833261,D,S,D,2024-07-11,1000000.00,4.624067,100.00013
08:03:36,91282CKY6,TSRYS5833261,D,S,D,2024-07-11,1000000.00,4.624067,100.00013
08:03:36,91282CKY6,TSRYS5833261,D,S,D,2024-07-11,1000000.00,4.624067,100.00013
08:03:36,91282CKY6,TSRYS5833261,D,S,D,2024-07-11,1000000.00,4.624067,100.00013
08:03:37,91282CKY6,TSRYS5833261,D,B,C,2024-07-11,1000000.00,4.624137,100.0
08:03:37,91282CKY6,TSRYS5833261,D,S,C,2024-07-11,2000000.00,4.624137,100.0
08:03:37,91282CKY6,TSRYS5833261,D,B,C,2024-07-11,2000000.00,4.624137,100.0
08:03:37,91282CKY6,TSRYS5833261,D,B,C,2024-07-11,8000000.00,4.624137,100.0
08:03:37,91282CKY6,TSRYS5833261,D,S,D,2024-07-11,8000000.00,4.624137,100.0
08:03:37,91282CKY6,TSRYS5833261,D,B,C,2024-07-11,1000000.00,4.624137,100.0
08:03:37,91282CKY6,TSRYS5833261,D,S,C,2024-07-11,1000000.00,4.624137,100.0
08:03:37,91282CKY6,TSRYS5833261,D,S,D,2024-07-11,3000000.00,4.624137,100.0
08:03:37,91282CKY6,TSRYS5833261,D,S,D,2024-07-11,2000000.00,4.624137,100.0
08:03:37,91282CKY6,TSRYS5833261,D,B,C,2024-07-11,3000000.00,4.624244,99.9998
08:03:37,91282CKY6,TSRYS5833261,D,S,D,2024-07-11,2000000.00,4.624137,100.0
08:03:37,91282CKY6,TSRYS5833261,D,B,C,2024-07-11,2000000.00,4.624137,100.0
08:03:37,91282CKY6,TSRYS5833261,D,S,D,2024-07-11,2000000.00,4.624137,100.0
08:03:37,91282CKY6,TSRYS5833261,D,B,C,2024-07-11,2000000.00,4.624137,100.0
08:03:37,91282CKY6,TSRYS5833261,D,S,C,2024-07-11,1000000.00,4.624137,100.0
08:03:37,91282CKY6,TSRYS5833261,D,B,C,2024-07-11,1000000.00,4.624137,100.0
08:03:37,91282CKY6,TSRYS5833261,D,S,C,2024-07-11,1000000.00,4.624137,100.0
08:03:37,91282CKY6,TSRYS5833261,D,B,C,2024-07-11,1000000.00,4.624137,100.0
08:03:37,91282CKY6,TSRYS5833261,D,S,C,2024-07-11,1000000.00,4.624137,100.0
08:03:37,91282CKY6,TSRYS5833261,D,B,C,2024-07-11,1000000.00,4.624298,99.9997
08:03:37,91282CKY6,TSRYS5833261,D,S,C,2024-07-11,2000000.00,4.624137,100.0
08:03:37,91282CKY6,TSRYS5833261,D,B,C,2024-07-11,2000000.00,4.624137,100.0
08:03:38,91282CKY6,TSRYS5833261,D,S,C,2024-07-11,2000000.00,4.624029,100.0002
08:03:38,91282CKY6,TSRYS5833261,D,S,C,2024-07-11,2000000.00,4.624137,100.0
08:03:38,91282CKY6,TSRYS5833261,D,B,C,2024-07-11,6000000.00,4.624244,99.9998
08:03:38,91282CKY6,TSRYS5833261,D,S,D,2024-07-11,6000000.00,4.624137,100.0
08:03:38,91282CKY6,TSRYS5833261,D,B,C,2024-07-11,4000000.00,4.624244,99.9998
08:03:38,91282CKY6,TSRYS5833261,D,S,C,2024-07-11,4000000.00,4.623975,100.0003
08:03:38,91282CKY6,TSRYS5833261,D,S,C,2024-07-11,150000000.00,4.626236,99.99609375
08:03:38,91282CKY6,TSRYS5833261,D,S,D,2024-07-11,5000000.00,4.633586,99.982421875
08:03:38,91282CKY6,TSRYS5833261,D,S,C,2024-07-11,1000000.00,4.633586,99.982421875
08:03:38,91282CKY6,TSRYS5833261,D,B,C,2024-07-11,1000000.00,4.633586,99.982421875
08:03:38,91282CKY6,TSRYS5833261,D,S,C,2024-07-11,1000000.00,4.633586,99.982421875
08:03:38,91282CKY6,TSRYS5833261,D,B,C,2024-07-11,1000000.00,4.633586,99.982421875
08:03:38,91282CKY6,TSRYS5833261,D,S,C,2024-07-11,1000000.00,4.633586,99.982421875
08:03:38,91282CKY6,TSRYS5833261,D,B,C,2024-07-11,1000000.00,4.633586,99.982421875
08:03:38,91282CKY6,TSRYS5833261,D,B,C,2024-07-11,1000000.00,4.633586,99.982421875
08:03:38,91282CKY6,TSRYS5833261,D,S,C,2024-07-11,1000000.00,4.633586,99.982421875
08:03:38,91282CKY6,TSRYS5833261,D,S,C,2024-07-11,5000000.00,4.633586,99.982421875
08:03:39,91282CKY6,TSRYS5833261,D,B,C,2024-07-11,3000000.00,4.626344,99.99589375
08:03:39,91282CKY6,TSRYS5833261,D,S,C,2024-07-11,3000000.00,4.626155,99.99624575
08:03:39,91282CKY6,TSRYS5833261,D,S,C,2024-07-11,1000000.00,4.626155,99.99624575
08:03:39,91282CKY6,TSRYS5833261,D,S,C,2024-07-11,1000000.00,4.626102,99.99634375
08:03:39,91282CKY6,TSRYS5833261,D,B,C,2024-07-11,1000000.00,4.626236,99.99609375
08:03:39,91282CKY6,TSRYS5833261,D,B,C,2024-07-11,1000000.00,4.626236,99.99609375
08:03:39,91282CKY6,TSRYS5833261,D,B,C,2024-07-11,3000000.00,4.626236,99.99609375
08:03:39,91282CKY6,TSRYS5833261,D,S,C,2024-07-11,1000000.00,4.626102,99.99634375
08:03:39,91282CKY6,TSRYS5833261,D,S,C,2024-07-11,3000000.00,4.626236,99.99609375
08:03:39,91282CKY6,TSRYS5833261,D,B,C,2024-07-11,1000000.00,4.626236,99.99609375
08:03:39,91282CKY6,TSRYS5833261,D,S,C,2024-07-11,1000000.00,4.626115,99.99631875
08:03:39,91282CKY6,TSRYS5833261,D,B,C,2024-07-11,1000000.00,4.626236,99.99609375
08:03:39,91282CKY6,TSRYS5833261,D,B,C,2024-07-11,1000000.00,4.626236,99.99609375
08:03:39,91282CKY6,TSRYS5833261,D,S,C,2024-07-11,1000000.00,4.626236,99.99609375
08:03:39,91282CKY6,TSRYS5833261,D,S,C,2024-07-11,1000000.00,4.626155,99.99624575
08:03:39,91282CKY6,TSRYS5833261,D,S,D,2024-07-11,5000000.00,4.633586,99.982421875
08:03:39,91282CKY6,TSRYS5833261,D,B,C,2024-07-11,1000000.00,4.628497,99.9918875
08:03:39,91282CKY6,TSRYS5833261,D,S,D,2024-07-11,1000000.00,4.628336,99.9921875
08:03:39,91282CKY6,TSRYS5833261,D,B,C,2024-07-11,1000000.00,4.628497,99.9918875
08:03:39,91282CKY6,TSRYS5833261,D,B,C,2024-07-11,2000000.00,4.628497,99.9918875
08:03:39,91282CKY6,TSRYS5833261,D,S,C,2024-07-11,1000000.00,4.628229,99.9923875
08:03:39,91282CKY6,TSRYS5833261,D,B,C,2024-07-11,1000000.00,4.628497,99.9918875
08:03:39,91282CKY6,TSRYS5833261,D,S,C,2024-07-11,1000000.00,4.628229,99.9923875
08:03:39,91282CKY6,TSRYS5833261,D,B,C,2024-07-11,1000000.00,4.628497,99.9918875
08:03:39,91282CKY6,TSRYS5833261,D,S,C,2024-07-11,2000000.00,4.628229,99.9923875
08:03:39,91282CKY6,TSRYS5833261,D,S,C,2024-07-11,1000000.00,4.628202,99.9924375
08:03:39,91282CKY6,TSRYS5833261,D,S,C,2024-07-11,1000000.00,4.628336,99.9921875
08:03:39,91282CKY6,TSRYS5833261,D,B,C,2024-07-11,1000000.00,4.628497,99.9918875
08:03:39,91282CKY6,TSRYS5833261,D,B,C,2024-07-11,2000000.00,4.628497,99.9918875
08:03:39,91282CKY6,TSRYS5833261,D,S,C,2024-07-11,2000000.00,4.628336,99.9921875
08:03:39,91282CKY6,TSRYS5833261,D,S,C,2024-07-11,1000000.00,4.628336,99.9921875
08:03:39,91282CKY6,TSRYS5833261,D,B,C,2024-07-11,1000000.00,4.628497,99.9918875
08:03:40,91282CKY6,TSRYS5833261,D,B,C,2024-07-11,1000000.00,4.632536,99.984375
08:03:40,91282CKY6,TSRYS5833261,D,S,C,2024-07-11,1000000.00,4.632536,99.984375
08:03:40,91282CKY6,TSRYS5833261,D,S,C,2024-07-11,1000000.00,4.632536,99.984375
08:03:40,91282CKY6,TSRYS5833261,D,S,C,2024-07-11,1000000.00,4.632536,99.984375
08:03:40,91282CKY6,TSRYS5833261,D,B,C,2024-07-11,1000000.00,4.632536,99.984375
08:03:40,91282CKY6,TSRYS5833261,D,S,C,2024-07-11,1000000.00,4.632536,99.984375
08:03:40,91282CKY6,TSRYS5833261,D,B,C,2024-07-11,1000000.00,4.632536,99.984375
08:03:41,91282CKY6,TSRYS5833261,D,S,D,2024-07-11,1000000.00,4.626236,99.99609375
08:03:41,91282CKY6,TSRYS5833261,D,B,C,2024-07-11,1000000.00,4.626236,99.99609375
08:03:41,91282CKY6,TSRYS5833261,D,S,D,2024-07-11,5000000.00,4.626236,99.99609375
08:03:41,91282CKY6,TSRYS5833261,D,B,C,2024-07-11,5000000.00,4.626344,99.99589375
08:03:41,91282CKY6,TSRYS5833261,D,S,D,2024-07-11,1000000.00,4.626236,99.99609375
08:03:41,91282CKY6,TSRYS5833261,D,B,C,2024-07-11,1000000.00,4.626236,99.99609375
08:03:41,91282CKY6,TSRYS5833261,D,S,D,2024-07-11,1000000.00,4.626236,99.99609375
08:03:41,91282CKY6,TSRYS5833261,D,S,D,2024-07-11,1000000.00,4.626236,99.99609375
08:03:41,91282CKY6,TSRYS5833261,D,B,C,2024-07-11,2000000.00,4.626344,99.99589375
08:03:41,91282CKY6,TSRYS5833261,D,B,C,2024-07-11,1000000.00,4.626236,99.99609375
08:03:41,91282CKY6,TSRYS5833261,D,B,C,2024-07-11,3000000.00,4.626398,99.99579375
08:03:41,91282CKY6,TSRYS5833261,D,S,D,2024-07-11,5000000.00,4.626236,99.99609375
08:03:41,91282CKY6,TSRYS5833261,D,S,D,2024-07-11,5000000.00,4.626236,99.99609375
08:03:41,91282CKY6,TSRYS5833261,D,S,D,2024-07-11,2000000.00,4.626236,99.99609375
08:03:41,91282CKY6,TSRYS5833261,D,S,D,2024-07-11,3000000.00,4.626236,99.99609375
08:03:41,91282CKY6,TSRYS5833261,D,S,D,2024-07-11,1000000.00,4.626236,99.99609375
08:03:41,91282CKY6,TSRYS5833261,D,B,C,2024-07-11,1000000.00,4.626236,99.99609375
08:03:41,91282CKY6,TSRYS5833261,D,B,C,2024-07-11,4000000.00,4.629386,99.99023437
08:03:41,91282CKY6,TSRYS5833261,D,B,C,2024-07-11,1000000.00,4.626236,99.99609375
08:03:41,91282CKY6,TSRYS5833261,D,S,D,2024-07-11,1000000.00,4.626236,99.99609375
08:03:41,91282CKY6,TSRYS5833261,D,B,C,2024-07-11,1000000.00,4.632536,99.984375
08:03:41,91282CKY6,TSRYS5833261,D,S,C,2024-07-11,1000000.00,4.632536,99.984375
08:03:41,91282CKY6,TSRYS5833261,D,B,C,2024-07-11,1000000.00,4.632536,99.984375
08:03:41,91282CKY6,TSRYS5833261,D,S,D,2024-07-11,1000000.00,4.626236,99.99609375
08:03:41,91282CKY6,TSRYS5833261,D,S,D,2024-07-11,1000000.00,4.626236,99.99609375
08:03:41,91282CKY6,TSRYS5833261,D,S,D,2024-07-11,1000000.00,4.626236,99.99609375
08:03:41,91282CKY6,TSRYS5833261,D,S,D,2024-07-11,2000000.00,4.626236,99.99609375
08:03:41,91282CKY6,TSRYS5833261,D,S,D,2024-07-11,1000000.00,4.626236,99.99609375
08:03:41,91282CKY6,TSRYS5833261,D,B,C,2024-07-11,1000000.00,4.626236,99.99609375
08:03:41,91282CKY6,TSRYS5833261,D,S,D,2024-07-11,1000000.00,4.626236,99.99609375
08:03:41,91282CKY6,TSRYS5833261,D,S,C,2024-07-11,1000000.00,4.632536,99.984375
08:03:41,91282CKY6,TSRYS5833261,D,S,C,2024-07-11,1000000.00,4.632536,99.984375
08:03:41,91282CKY6,TSRYS5833261,D,B,C,2024-07-11,1000000.00,4.632536,99.984375
08:03:41,91282CKY6,TSRYS5833261,D,B,C,2024-07-11,1000000.00,4.632536,99.984375
08:03:41,91282CKY6,TSRYS5833261,D,S,D,2024-07-11,2000000.00,4.626236,99.99609375
08:03:41,91282CKY6,TSRYS5833261,D,S,D,2024-07-11,1000000.00,4.626236,99.99609375
08:03:41,91282CKY6,TSRYS5833261,D,S,D,2024-07-11,1000000.00,4.626236,99.99609375
08:03:41,91282CKY6,TSRYS5833261,D,S,D,2024-07-11,1000000.00,4.626236,99.99609375
08:03:41,91282CKY6,TSRYS5833261,D,S,D,2024-07-11,1000000.00,4.626236,99.99609375
08:03:41,91282CKY6,TSRYS5833261,D,S,D,2024-07-11,1000000.00,4.626236,99.99609375
08:03:41,91282CKY6,TSRYS5833261,D,S,D,2024-07-11,1000000.00,4.626236,99.99609375
08:03:41,91282CKY6,TSRYS5833261,D,S,D,2024-07-11,1000000.00,4.626236,99.99609375
08:03:41,91282CKY6,TSRYS5833261,D,S,D,2024-07-11,1000000.00,4.626236,99.99609375
08:03:41,91282CKY6,TSRYS5833261,D,S,D,2024-07-11,1000000.00,4.626236,99.99609375
08:03:41,91282CKY6,TSRYS5833261,D,S,D,2024-07-11,1000000.00,4.626236,99.99609375
08:03:41,91282CKY6,TSRYS5833261,D,S,D,2024-07-11,1000000.00,4.626236,99.99609375
08:03:41,91282CKY6,TSRYS5833261,D,S,D,2024-07-11,2000000.00,4.626236,99.99609375
08:03:41,91282CKY6,TSRYS5833261,D,S,D,2024-07-11,1000000.00,4.626236,99.99609375
08:03:41,91282CKY6,TSRYS5833261,D,B,C,2024-07-11,1000000.00,4.626236,99.99609375
08:03:41,91282CKY6,TSRYS5833261,D,S,D,2024-07-11,1000000.00,4.632536,99.984375
08:03:41,91282CKY6,TSRYS5833261,D,S,C,2024-07-11,1000000.00,4.632536,99.984375
08:03:41,91282CKY6,TSRYS5833261,D,B,C,2024-07-11,2000000.00,4.632536,99.984375
08:03:41,91282CKY6,TSRYS5833261,D,S,D,2024-07-11,1000000.00,4.626236,99.99609375
08:03:41,91282CKY6,TSRYS5833261,D,S,D,2024-07-11,1000000.00,4.626236,99.99609375
08:03:42,91282CKY6,TSRYS5833261,D,B,C,2024-07-11,1000000.00,4.626236,99.99609375
08:03:42,91282CKY6,TSRYS5833261,D,B,C,2024-07-11,1000000.00,4.626236,99.99609375
08:03:42,91282CKY6,TSRYS5833261,D,S,D,2024-07-11,1000000.00,4.626236,99.99609375
08:03:42,91282CKY6,TSRYS5833261,D,S,C,2024-07-11,2000000.00,4.632536,99.984375
08:03:42,91282CKY6,TSRYS5833261,D,S,D,2024-07-11,1000000.00,4.632536,99.984375
08:03:42,91282CKY6,TSRYS5833261,D,B,C,2024-07-11,1000000.00,4.632536,99.984375
08:03:42,91282CKY6,TSRYS5833261,D,S,D,2024-07-11,1000000.00,4.632536,99.984375
08:03:42,91282CKY6,TSRYS5833261,D,S,D,2024-07-11,1000000.00,4.632536,99.984375
08:03:42,91282CKY6,TSRYS5833261,D,B,C,2024-07-11,1000000.00,4.632536,99.984375
08:03:42,91282CKY6,TSRYS5833261,D,S,D,2024-07-11,1000000.00,4.632536,99.984375
08:03:42,91282CKY6,TSRYS5833261,D,B,C,2024-07-11,1000000.00,4.632536,99.984375
08:03:42,91282CKY6,TSRYS5833261,D,S,D,2024-07-11,1000000.00,4.632536,99.984375
08:03:42,91282CKY6,TSRYS5833261,D,B,C,2024-07-11,1000000.00,4.632536,99.984375
08:03:42,91282CKY6,TSRYS5833261,D,S,C,2024-07-11,1000000.00,4.632536,99.984375
08:03:42,91282CKY6,TSRYS5833261,D,S,D,2024-07-11,1000000.00,4.632536,99.984375
08:03:42,91282CKY6,TSRYS5833261,D,B,C,2024-07-11,1000000.00,4.632536,99.984375
08:03:42,91282CKY6,TSRYS5833261,D,B,C,2024-07-11,2000000.00,4.631486,99.986328125
08:03:42,91282CKY6,TSRYS5833261,D,S,C,2024-07-11,2000000.00,4.631486,99.986328125
08:03:42,91282CKY6,TSRYS5833261,D,B,C,2024-07-11,1000000.00,4.630436,99.98828125
08:03:42,91282CKY6,TSRYS5833261,D,S,D,2024-07-11,1000000.00,4.630436,99.98828125
08:03:42,91282CKY6,TSRYS5833261,D,B,C,2024-07-11,1000000.00,4.630436,99.98828125
08:03:42,91282CKY6,TSRYS5833261,D,S,D,2024-07-11,1000000.00,4.630436,99.98828125
08:03:42,91282CKY6,TSRYS5833261,D,B,C,2024-07-11,1000000.00,4.630436,99.98828125
08:03:42,91282CKY6,TSRYS5833261,D,S,D,2024-07-11,1000000.00,4.630436,99.98828125
08:03:42,91282CKY6,TSRYS5833261,D,B,C,2024-07-11,1000000.00,4.630436,99.98828125
08:03:42,91282CKY6,TSRYS5833261,D,S,D,2024-07-11,1000000.00,4.630436,99.98828125
08:03:42,91282CKY6,TSRYS5833261,D,S,D,2024-07-11,1000000.00,4.630436,99.98828125
08:03:42,91282CKY6,TSRYS5833261,D,B,C,2024-07-11,2000000.00,4.630436,99.98828125
08:03:42,91282CKY6,TSRYS5833261,D,S,D,2024-07-11,2000000.00,4.630436,99.98828125
08:03:42,91282CKY6,TSRYS5833261,D,B,C,2024-07-11,1000000.00,4.630436,99.98828125
08:03:42,91282CKY6,TSRYS5833261,D,S,D,2024-07-11,1000000.00,4.630436,99.98828125
08:03:42,91282CKY6,TSRYS5833261,D,B,C,2024-07-11,1000000.00,4.630436,99.98810625
08:03:42,91282CKY6,TSRYS5833261,D,S,D,2024-07-11,1000000.00,4.630436,99.98828125
08:03:42,91282CKY6,TSRYS5833261,D,S,D,2024-07-11,1000000.00,4.628336,99.9921875
08:03:42,91282CKY6,TSRYS5833261,D,S,C,2024-07-11,5000000.00,4.628336,99.9921875
08:03:42,91282CKY6,TSRYS5833261,D,S,C,2024-07-11,1000000.00,4.628336,99.9921875
08:03:42,91282CKY6,TSRYS5833261,D,S,D,2024-07-11,1000000.00,4.628336,99.9921875
08:03:42,91282CKY6,TSRYS5833261,D,S,D,2024-07-11,1000000.00,4.630436,99.98828125
08:03:42,91282CKY6,TSRYS5833261,D,B,C,2024-07-11,1000000.00,4.630436,99.98828125
08:03:42,91282CKY6,TSRYS5833261,D,S,D,2024-07-11,1000000.00,4.630436,99.98828125
08:03:42,91282CKY6,TSRYS5833261,D,S,C,2024-07-11,1000000.00,4.628336,99.9921875
08:03:42,91282CKY6,TSRYS5833261,D,S,C,2024-07-11,1000000.00,4.628336,99.9921875
08:03:42,91282CKY6,TSRYS5833261,D,S,C,2024-07-11,1000000.00,4.628202,99.9924375
08:03:42,91282CKY6,TSRYS5833261,D,S,C,2024-07-11,1000000.00,4.628202,99.9924375
08:03:42,91282CKY6,TSRYS5833261,D,S,C,2024-07-11,1000000.00,4.628229,99.9923875
08:03:43,91282CKY6,TSRYS5833261,D,S,D,2024-07-11,1000000.00,4.628336,99.9921875
08:03:43,91282CKY6,TSRYS5833261,D,S,D,2024-07-11,1000000.00,4.628336,99.9921875
08:03:43,91282CKY6,TSRYS5833261,D,S,C,2024-07-11,1000000.00,4.628229,99.9923875
08:03:43,91282CKY6,TSRYS5833261,D,S,D,2024-07-11,4000000.00,4.628336,99.9921875
08:03:43,91282CKY6,TSRYS5833261,D,S,C,2024-07-11,1000000.00,4.628336,99.9921875
08:03:43,91282CKY6,TSRYS5833261,D,S,C,2024-07-11,1000000.00,4.628229,99.9923875
08:03:43,91282CKY6,TSRYS5833261,D,S,D,2024-07-11,1000000.00,4.630436,99.98828125
08:03:43,91282CKY6,TSRYS5833261,D,B,C,2024-07-11,1000000.00,4.630436,99.98828125
08:03:43,91282CKY6,TSRYS5833261,D,S,C,2024-07-11,1000000.00,4.630436,99.98828125
08:03:43,91282CKY6,TSRYS5833261,D,S,C,2024-07-11,1000000.00,4.628336,99.9921875
08:03:43,91282CKY6,TSRYS5833261,D,S,C,2024-07-11,1000000.00,4.628202,99.9924375
08:03:43,91282CKY6,TSRYS5833261,D,S,C,2024-07-11,1000000.00,4.628336,99.9921875
08:03:43,91282CKY6,TSRYS5833261,D,S,C,2024-07-11,1000000.00,4.628336,99.9921875
08:03:43,91282CKY6,TSRYS5833261,D,S,C,2024-07-11,1000000.00,4.628336,99.9921875
08:03:43,91282CKY6,TSRYS5833261,D,S,D,2024-07-11,1000000.00,4.628336,99.9921875
08:03:43,91282CKY6,TSRYS5833261,D,S,C,2024-07-11,1000000.00,4.628336,99.9921875
08:03:43,91282CKY6,TSRYS5833261,D,S,C,2024-07-11,1000000.00,4.628229,99.9923875
08:03:43,91282CKY6,TSRYS5833261,D,S,D,2024-07-11,2000000.00,4.628336,99.9921875
08:03:43,91282CKY6,TSRYS5833261,D,S,C,2024-07-11,1000000.00,4.628229,99.9923875
08:03:43,91282CKY6,TSRYS5833261,D,S,C,2024-07-11,1000000.00,4.630436,99.98828125
08:03:43,91282CKY6,TSRYS5833261,D,B,C,2024-07-11,1000000.00,4.630436,99.98828125
08:03:43,91282CKY6,TSRYS5833261,D,B,C,2024-07-11,15000000.00,4.630436,99.98828125
08:03:43,91282CKY6,TSRYS5833261,D,S,D,2024-07-11,15000000.00,4.630436,99.98828125
08:03:43,91282CKY6,TSRYS5833261,D,S,C,2024-07-11,1000000.00,4.628336,99.9921875
08:03:43,91282CKY6,TSRYS5833261,D,S,C,2024-07-11,1000000.00,4.628229,99.9923875
08:03:43,91282CKY6,TSRYS5833261,D,S,D,2024-07-11,1000000.00,4.628336,99.9921875
08:03:43,91282CKY6,TSRYS5833261,D,S,C,2024-07-11,1000000.00,4.628336,99.9921875
08:03:43,91282CKY6,TSRYS5833261,D,S,D,2024-07-11,1000000.00,4.628336,99.9921875
08:03:43,91282CKY6,TSRYS5833261,D,S,C,2024-07-11,1000000.00,4.628336,99.9921875
08:03:43,91282CKY6,TSRYS5833261,D,S,C,2024-07-11,1000000.00,4.628336,99.9921875
08:03:43,91282CKY6,TSRYS5833261,D,S,C,2024-07-11,2000000.00,4.628336,99.9921875
08:03:43,91282CKY6,TSRYS5833261,D,S,D,2024-07-11,4000000.00,4.630436,99.98828125
08:03:43,91282CKY6,TSRYS5833261,D,S,C,2024-07-11,1000000.00,4.630436,99.98828125
08:03:43,91282CKY6,TSRYS5833261,D,S,D,2024-07-11,1000000.00,4.628336,99.9921875
08:03:43,91282CKY6,TSRYS5833261,D,S,D,2024-07-11,4000000.00,4.630436,99.98828125
08:03:43,91282CKY6,TSRYS5833261,D,S,D,2024-07-11,3000000.00,4.630436,99.98828125
08:03:43,91282CKY6,TSRYS5833261,D,S,D,2024-07-11,2000000.00,4.630436,99.98828125
08:03:43,91282CKY6,TSRYS5833261,D,B,C,2024-07-11,1000000.00,4.630436,99.98828125
08:03:43,91282CKY6,TSRYS5833261,D,S,D,2024-07-11,1000000.00,4.630436,99.98828125
08:03:43,91282CKY6,TSRYS5833261,D,S,D,2024-07-11,1000000.00,4.628336,99.9921875
08:03:43,91282CKY6,TSRYS5833261,D,S,D,2024-07-11,2000000.00,4.628336,99.9921875
08:03:43,91282CKY6,TSRYS5833261,D,B,C,2024-07-11,2000000.00,4.628336,99.9921875
08:03:43,91282CKY6,TSRYS5833261,D,B,C,2024-07-11,1000000.00,4.630436,99.98828125
08:03:43,91282CKY6,TSRYS5833261,D,S,D,2024-07-11,1000000.00,4.630436,99.98828125
08:03:43,91282CKY6,TSRYS5833261,D,B,C,2024-07-11,1000000.00,4.629386,99.99023437
08:03:43,91282CKY6,TSRYS5833261,D,B,C,2024-07-11,1000000.00,4.629386,99.990234375
08:03:43,91282CKY6,TSRYS5833261,D,S,D,2024-07-11,1000000.00,4.629386,99.990234375
08:03:43,91282CKY6,TSRYS5833261,D,S,D,2024-07-11,1000000.00,4.628336,99.9921875
08:03:43,91282CKY6,TSRYS5833261,D,B,C,2024-07-11,1000000.00,4.628444,99.9919875
08:03:43,91282CKY6,TSRYS5833261,D,S,D,2024-07-11,2000000.00,4.628336,99.9921875
08:03:43,91282CKY6,TSRYS5833261,D,B,C,2024-07-11,2000000.00,4.628444,99.9919875
08:03:43,91282CKY6,TSRYS5833261,D,S,D,2024-07-11,1000000.00,4.628336,99.9921875
08:03:43,91282CKY6,TSRYS5833261,D,S,D,2024-07-11,2000000.00,4.628336,99.9921875
08:03:43,91282CKY6,TSRYS5833261,D,B,C,2024-07-11,2000000.00,4.628336,99.9921875
08:03:43,91282CKY6,TSRYS5833261,D,B,C,2024-07-11,1000000.00,4.628336,99.9921875
08:03:43,91282CKY6,TSRYS5833261,D,B,C,2024-07-11,1000000.00,4.629386,99.990234375
08:03:43,91282CKY6,TSRYS5833261,D,S,D,2024-07-11,1000000.00,4.629386,99.990234375
08:03:43,91282CKY6,TSRYS5833261,D,B,C,2024-07-11,1000000.00,4.629386,99.990234375
08:03:43,91282CKY6,TSRYS5833261,D,S,D,2024-07-11,1000000.00,4.629386,99.990234375
08:03:44,91282CKY6,TSRYS5833261,D,B,C,2024-07-11,1000000.00,4.629386,99.990234375
08:03:44,91282CKY6,TSRYS5833261,D,S,D,2024-07-11,1000000.00,4.629386,99.990234375
08:03:44,91282CKY6,TSRYS5833261,D,B,C,2024-07-11,2000000.00,4.629386,99.990234375
08:03:44,91282CKY6,TSRYS5833261,D,S,D,2024-07-11,2000000.00,4.629386,99.990234375
08:03:44,91282CKY6,TSRYS5833261,D,B,C,2024-07-11,1000000.00,4.629386,99.990234375
08:03:44,91282CKY6,TSRYS5833261,D,S,D,2024-07-11,1000000.00,4.629386,99.990234375
08:03:44,91282CKY6,TSRYS5833261,D,S,D,2024-07-11,1000000.00,4.629386,99.990234375
08:03:44,91282CKY6,TSRYS5833261,D,B,C,2024-07-11,2000000.00,4.629386,99.990234375
08:03:44,91282CKY6,TSRYS5833261,D,S,D,2024-07-11,2000000.00,4.629386,99.990234375
08:03:44,91282CKY6,TSRYS5833261,D,B,C,2024-07-11,1000000.00,4.629386,99.990059375
08:03:44,91282CKY6,TSRYS5833261,D,S,D,2024-07-11,1000000.00,4.629386,99.990234375
08:03:44,91282CKY6,TSRYS5833261,D,S,D,2024-07-11,1000000.00,4.629386,99.990234375
08:03:44,91282CKY6,TSRYS5833261,D,S,D,2024-07-11,1000000.00,4.629386,99.990234375
08:03:44,91282CKY6,TSRYS5833261,D,B,C,2024-07-11,1000000.00,4.629386,99.990234375
08:03:44,91282CKY6,TSRYS5833261,D,S,D,2024-07-11,1000000.00,4.629386,99.990234375
08:03:44,91282CKY6,TSRYS5833261,D,B,C,2024-07-11,1000000.00,4.629386,99.990234375
08:03:44,91282CKY6,TSRYS5833261,D,S,D,2024-07-11,1000000.00,4.629386,99.990234375
08:03:44,91282CKY6,TSRYS5833261,D,B,C,2024-07-11,1000000.00,4.629386,99.990234375
08:03:44,91282CKY6,TSRYS5833261,D,S,D,2024-07-11,1000000.00,4.629386,99.990234375
08:03:44,91282CKY6,TSRYS5833261,D,B,C,2024-07-11,1000000.00,4.629386,99.990034375
08:03:44,91282CKY6,TSRYS5833261,D,B,C,2024-07-11,1000000.00,4.630436,99.98828125
08:03:44,91282CKY6,TSRYS5833261,D,S,D,2024-07-11,2000000.00,4.630436,99.98828125
08:03:44,91282CKY6,TSRYS5833261,D,S,D,2024-07-11,2000000.00,4.630436,99.98828125
08:03:44,91282CKY6,TSRYS5833261,D,B,C,2024-07-11,1000000.00,4.630436,99.98828125
08:03:44,91282CKY6,TSRYS5833261,D,B,C,2024-07-11,6000000.00,4.630436,99.98828125
08:03:44,91282CKY6,TSRYS5833261,D,S,D,2024-07-11,1000000.00,4.630436,99.98828125
08:03:44,91282CKY6,TSRYS5833261,D,S,D,2024-07-11,3000000.00,4.630436,99.98828125
08:03:44,91282CKY6,TSRYS5833261,D,S,D,2024-07-11,6000000.00,4.630436,99.98828125
08:03:44,91282CKY6,TSRYS5833261,D,B,C,2024-07-11,3000000.00,4.630436,99.98828125
08:03:44,91282CKY6,TSRYS5833261,D,S,D,2024-07-11,2000000.00,4.630436,99.98828125
08:03:44,91282CKY6,TSRYS5833261,D,B,C,2024-07-11,1000000.00,4.630436,99.98828125
08:03:44,91282CKY6,TSRYS5833261,D,B,C,2024-07-11,2000000.00,4.630436,99.98828125
08:03:44,91282CKY6,TSRYS5833261,D,B,C,2024-07-11,2000000.00,4.630436,99.98828125
08:03:44,91282CKY6,TSRYS5833261,D,S,D,2024-07-11,1000000.00,4.630315,99.98850625
08:03:44,91282CKY6,TSRYS5833261,D,B,C,2024-07-11,5000000.00,4.630517,99.98813125
08:03:44,91282CKY6,TSRYS5833261,D,S,D,2024-07-11,3000000.00,4.631486,99.98632812
08:03:44,91282CKY6,TSRYS5833261,D,S,D,2024-07-11,2000000.00,4.630436,99.98828125
08:03:44,91282CKY6,TSRYS5833261,D,S,D,2024-07-11,3000000.00,4.630436,99.98828125
08:03:44,91282CKY6,TSRYS5833261,D,S,D,2024-07-11,2000000.00,4.630315,99.98850625
08:03:44,91282CKY6,TSRYS5833261,D,S,D,2024-07-11,5000000.00,4.630436,99.98828125
08:03:44,91282CKY6,TSRYS5833261,D,S,D,2024-07-11,1000000.00,4.630315,99.98850625
08:03:44,91282CKY6,TSRYS5833261,D,S,D,2024-07-11,2000000.00,4.630315,99.98850625
08:03:44,91282CKY6,TSRYS5833261,D,S,D,2024-07-11,5000000.00,4.630436,99.98828125
08:03:44,91282CKY6,TSRYS5833261,D,S,D,2024-07-11,1000000.00,4.630315,99.98850625
08:03:44,91282CKY6,TSRYS5833261,D,B,C,2024-07-11,5000000.00,4.630436,99.98828125
08:03:44,91282CKY6,TSRYS5833261,D,S,D,2024-07-11,1000000.00,4.630315,99.98850625
08:03:44,91282CKY6,TSRYS5833261,D,S,D,2024-07-11,1000000.00,4.630315,99.98850625
08:03:44,91282CKY6,TSRYS5833261,D,B,C,2024-07-11,2000000.00,4.630436,99.98828125
08:03:44,91282CKY6,TSRYS5833261,D,B,C,2024-07-11,2000000.00,4.630436,99.98828125
08:03:44,91282CKY6,TSRYS5833261,D,S,D,2024-07-11,2000000.00,4.630436,99.98828125
08:03:44,91282CKY6,TSRYS5833261,D,S,D,2024-07-11,1000000.00,4.630315,99.98850625
08:03:44,91282CKY6,TSRYS5833261,D,S,D,2024-07-11,1000000.00,4.630315,99.98850625
08:03:44,91282CKY6,TSRYS5833261,D,S,D,2024-07-11,2000000.00,4.630315,99.98850625
08:03:44,91282CKY6,TSRYS5833261,D,S,D,2024-07-11,1000000.00,4.630315,99.98850625
08:03:44,91282CKY6,TSRYS5833261,D,B,C,2024-07-11,1000000.00,4.630544,99.98808125
08:03:44,91282CKY6,TSRYS5833261,D,B,C,2024-07-11,1000000.00,4.630544,99.98808125
08:03:44,91282CKY6,TSRYS5833261,D,B,C,2024-07-11,1000000.00,4.630436,99.98828125
08:03:44,91282CKY6,TSRYS5833261,D,S,D,2024-07-11,3000000.00,4.630436,99.98828125
08:03:44,91282CKY6,TSRYS5833261,D,S,D,2024-07-11,1000000.00,4.630436,99.98828125
08:03:44,91282CKY6,TSRYS5833261,D,S,D,2024-07-11,1000000.00,4.630315,99.98850625
08:03:44,91282CKY6,TSRYS5833261,D,B,C,2024-07-11,1000000.00,4.630436,99.98828125
08:03:44,91282CKY6,TSRYS5833261,D,S,D,2024-07-11,1000000.00,4.630315,99.98850625
08:03:44,91282CKY6,TSRYS5833261,D,B,C,2024-07-11,1000000.00,4.630544,99.98808125
08:03:44,91282CKY6,TSRYS5833261,D,B,C,2024-07-11,1000000.00,4.630544,99.98808125
08:03:45,91282CKY6,TSRYS5833261,D,S,D,2024-07-11,1000000.00,4.630315,99.98850625
08:03:45,91282CKY6,TSRYS5833261,D,B,C,2024-07-11,1000000.00,4.630544,99.98808125
08:03:45,91282CKY6,TSRYS5833261,D,S,D,2024-07-11,1000000.00,4.630315,99.98850625
08:03:45,91282CKY6,TSRYS5833261,D,S,D,2024-07-11,2000000.00,4.630315,99.98850625
08:03:45,91282CKY6,TSRYS5833261,D,S,D,2024-07-11,1000000.00,4.630436,99.98828125
08:03:45,91282CKY6,TSRYS5833261,D,B,C,2024-07-11,2000000.00,4.630436,99.98828125
08:03:45,91282CKY6,TSRYS5833261,D,B,C,2024-07-11,2000000.00,4.630436,99.98828125
08:03:45,91282CKY6,TSRYS5833261,D,S,D,2024-07-11,3000000.00,4.630436,99.98828125
08:03:45,91282CKY6,TSRYS5833261,D,S,D,2024-07-11,2000000.00,4.630315,99.98850625
08:03:45,91282CKY6,TSRYS5833261,D,B,C,2024-07-11,3000000.00,4.630544,99.98808125
08:03:45,91282CKY6,TSRYS5833261,D,S,D,2024-07-11,1000000.00,4.630315,99.98850625
08:03:45,91282CKY6,TSRYS5833261,D,B,C,2024-07-11,2000000.00,4.630544,99.98808125
08:03:45,91282CKY6,TSRYS5833261,D,S,D,2024-07-11,2000000.00,4.630315,99.98850625
08:03:45,91282CKY6,TSRYS5833261,D,S,D,2024-07-11,3000000.00,4.630436,99.98828125
08:03:45,91282CKY6,TSRYS5833261,D,S,D,2024-07-11,2000000.00,4.630315,99.98850625
08:03:45,91282CKY6,TSRYS5833261,D,S,D,2024-07-11,3000000.00,4.630436,99.98828125
08:03:45,91282CKY6,TSRYS5833261,D,S,D,2024-07-11,1000000.00,4.630315,99.98850625
08:03:45,91282CKY6,TSRYS5833261,D,S,D,2024-07-11,1000000.00,4.630436,99.98828125
08:03:45,91282CKY6,TSRYS5833261,D,S,D,2024-07-11,3000000.00,4.630436,99.98828125
08:03:45,91282CKY6,TSRYS5833261,D,S,D,2024-07-11,1000000.00,4.630315,99.98850625
08:03:45,91282CKY6,TSRYS5833261,D,B,C,2024-07-11,1000000.00,4.63049,99.98818125
08:03:45,91282CKY6,TSRYS5833261,D,S,D,2024-07-11,1000000.00,4.630315,99.98850625
08:03:45,91282CKY6,TSRYS5833261,D,S,D,2024-07-11,2000000.00,4.626115,99.99631875
08:03:45,91282CKY6,TSRYS5833261,D,S,D,2024-07-11,1000000.00,4.626115,99.99631875
08:03:45,91282CKY6,TSRYS5833261,D,S,D,2024-07-11,1000000.00,4.626115,99.99631875
08:03:45,91282CKY6,TSRYS5833261,D,B,C,2024-07-11,1000000.00,4.626371,99.99584375
08:03:45,91282CKY6,TSRYS5833261,D,B,C,2024-07-11,1000000.00,4.626236,99.99609375
08:03:45,91282CKY6,TSRYS5833261,D,B,C,2024-07-11,1000000.00,4.626236,99.99609375
08:03:45,91282CKY6,TSRYS5833261,D,B,C,2024-07-11,1000000.00,4.626371,99.99584375
08:03:45,91282CKY6,TSRYS5833261,D,S,D,2024-07-11,1000000.00,4.626115,99.99631875
08:03:45,91282CKY6,TSRYS5833261,D,S,C,2024-07-11,1000000.00,4.626236,99.99609375
08:03:45,91282CKY6,TSRYS5833261,D,S,D,2024-07-11,4000000.00,4.626236,99.99609375
08:03:45,91282CKY6,TSRYS5833261,D,S,D,2024-07-11,3000000.00,4.626236,99.99609375
08:03:45,91282CKY6,TSRYS5833261,D,S,D,2024-07-11,1000000.00,4.626155,99.99624575
08:03:46,91282CKY6,TSRYS5833261,D,S,C,2024-07-11,2000000.00,4.626236,99.99609375
08:03:46,91282CKY6,TSRYS5833261,D,S,C,2024-07-11,1000000.00,4.626236,99.99609375
08:03:46,91282CKY6,TSRYS5833261,D,B,C,2024-07-11,1000000.00,4.626236,99.99609375
08:03:46,91282CKY6,TSRYS5833261,D,S,C,2024-07-11,1000000.00,4.626236,99.99609375
08:03:46,91282CKY6,TSRYS5833261,D,S,C,2024-07-11,2000000.00,4.626236,99.99609375
08:03:47,91282CKY6,TSRYS5833261,D,S,C,2024-07-11,4000000.00,4.626236,99.99609375
08:03:47,91282CKY6,TSRYS5833261,D,S,C,2024-07-11,1000000.00,4.626236,99.99609375
08:03:47,91282CKY6,TSRYS5833261,D,S,C,2024-07-11,2000000.00,4.626236,99.99609375
08:03:47,91282CKY6,TSRYS5833261,D,S,C,2024-07-11,2000000.00,4.626236,99.99609375
08:03:47,91282CKY6,TSRYS5833261,D,B,C,2024-07-11,1000000.00,4.626236,99.99609375
08:03:47,91282CKY6,TSRYS5833261,D,S,C,2024-07-11,2000000.00,4.626129,99.99629375
08:03:47,91282CKY6,TSRYS5833261,D,S,C,2024-07-11,1000000.00,4.626236,99.99609375
08:03:47,91282CKY6,TSRYS5833261,D,B,C,2024-07-11,1000000.00,4.626236,99.99609375
08:03:47,91282CKY6,TSRYS5833261,D,B,C,2024-07-11,2000000.00,4.626236,99.99609375
08:03:47,91282CKY6,TSRYS5833261,D,S,C,2024-07-11,1000000.00,4.626129,99.99629375
08:03:47,91282CKY6,TSRYS5833261,D,B,C,2024-07-11,1000000.00,4.626236,99.99609375
08:03:47,91282CKY6,TSRYS5833261,D,S,C,2024-07-11,1000000.00,4.626129,99.99629375
08:03:47,91282CKY6,TSRYS5833261,D,B,C,2024-07-11,1000000.00,4.626236,99.99609375
08:03:47,91282CKY6,TSRYS5833261,D,S,D,2024-07-11,1000000.00,4.626236,99.99609375
08:03:47,91282CKY6,TSRYS5833261,D,S,D,2024-07-11,1000000.00,4.626236,99.99609375
08:03:47,91282CKY6,TSRYS5833261,D,B,C,2024-07-11,1000000.00,4.626236,99.99609375
08:03:47,91282CKY6,TSRYS5833261,D,B,C,2024-07-11,1000000.00,4.626236,99.99609375
08:03:47,91282CKY6,TSRYS5833261,D,S,D,2024-07-11,1000000.00,4.626236,99.99609375
08:03:47,91282CKY6,TSRYS5833261,D,B,C,2024-07-11,1000000.00,4.626236,99.99609375
08:03:47,91282CKY6,TSRYS5833261,D,S,D,2024-07-11,1000000.00,4.626236,99.99609375
08:03:47,91282CKY6,TSRYS5833261,D,S,D,2024-07-11,1000000.00,4.626236,99.99609375
08:03:47,91282CKY6,TSRYS5833261,D,B,C,2024-07-11,1000000.00,4.626236,99.99609375
08:03:47,91282CKY6,TSRYS5833261,D,S,D,2024-07-11,1000000.00,4.626236,99.99609375
08:03:47,91282CKY6,TSRYS5833261,D,S,D,2024-07-11,1000000.00,4.626236,99.99609375
08:03:47,91282CKY6,TSRYS5833261,D,B,C,2024-07-11,1000000.00,4.626236,99.99609375
08:03:47,91282CKY6,TSRYS5833261,D,S,D,2024-07-11,1000000.00,4.626236,99.99609375
08:03:47,91282CKY6,TSRYS5833261,D,B,C,2024-07-11,1000000.00,4.626371,99.99584375
08:03:47,91282CKY6,TSRYS5833261,D,B,C,2024-07-11,1000000.00,4.626236,99.99609375
08:03:47,91282CKY6,TSRYS5833261,D,S,D,2024-07-11,1000000.00,4.626236,99.99609375
08:03:47,91282CKY6,TSRYS5833261,D,B,C,2024-07-11,2000000.00,4.626236,99.99609375
08:03:47,91282CKY6,TSRYS5833261,D,S,D,2024-07-11,2000000.00,4.626236,99.99609375
08:03:47,91282CKY6,TSRYS5833261,D,B,C,2024-07-11,2000000.00,4.626236,99.99609375
08:03:47,91282CKY6,TSRYS5833261,D,B,C,2024-07-11,1000000.00,4.626236,99.99609375
08:03:47,91282CKY6,TSRYS5833261,D,S,D,2024-07-11,2000000.00,4.626236,99.99609375
08:03:47,91282CKY6,TSRYS5833261,D,S,D,2024-07-11,1000000.00,4.626236,99.99609375
08:03:47,91282CKY6,TSRYS5833261,D,B,C,2024-07-11,1000000.00,4.626236,99.99609375
08:03:47,91282CKY6,TSRYS5833261,D,S,D,2024-07-11,1000000.00,4.626236,99.99609375
08:03:47,91282CKY6,TSRYS5833261,D,B,C,2024-07-11,1000000.00,4.626236,99.99609375
08:03:47,91282CKY6,TSRYS5833261,D,S,D,2024-07-11,1000000.00,4.626236,99.99609375
08:03:47,91282CKY6,TSRYS5833261,D,B,C,2024-07-11,1000000.00,4.626236,99.99609375
08:03:47,91282CKY6,TSRYS5833261,D,S,C,2024-07-11,1000000.00,4.626236,99.99609375
08:03:47,91282CKY6,TSRYS5833261,D,B,C,2024-07-11,4000000.00,4.626236,99.99609375
08:03:47,91282CKY6,TSRYS5833261,D,S,D,2024-07-11,4000000.00,4.626236,99.99609375
08:03:47,91282CKY6,TSRYS5833261,D,B,C,2024-07-11,1000000.00,4.626236,99.99609375
08:03:47,91282CKY6,TSRYS5833261,D,S,D,2024-07-11,1000000.00,4.626236,99.99609375
08:03:47,91282CKY6,TSRYS5833261,D,S,D,2024-07-11,4000000.00,4.629386,99.990234375
08:03:47,91282CKY6,TSRYS5833261,D,B,C,2024-07-11,1000000.00,4.629386,99.990234375
08:03:47,91282CKY6,TSRYS5833261,D,S,D,2024-07-11,1000000.00,4.629386,99.990234375
08:03:47,91282CKY6,TSRYS5833261,D,S,D,2024-07-11,1000000.00,4.629386,99.990234375
08:03:47,91282CKY6,TSRYS5833261,D,B,C,2024-07-11,1000000.00,4.629386,99.990234375
08:03:47,91282CKY6,TSRYS5833261,D,S,D,2024-07-11,4000000.00,4.629386,99.990234375
08:03:47,91282CKY6,TSRYS5833261,D,S,D,2024-07-11,4000000.00,4.629386,99.990234375
08:03:47,91282CKY6,TSRYS5833261,D,S,C,2024-07-11,1000000.00,4.630436,99.98828125
08:03:47,91282CKY6,TSRYS5833261,D,B,C,2024-07-11,1000000.00,4.630436,99.98828125
08:03:47,91282CKY6,TSRYS5833261,D,S,D,2024-07-11,4000000.00,4.629386,99.990234375
08:03:47,91282CKY6,TSRYS5833261,D,S,D,2024-07-11,4000000.00,4.629386,99.990234375
08:03:47,91282CKY6,TSRYS5833261,D,S,D,2024-07-11,4000000.00,4.629386,99.990234375
08:03:47,91282CKY6,TSRYS5833261,D,B,C,2024-07-11,1000000.00,4.629386,99.990234375
08:03:47,91282CKY6,TSRYS5833261,D,S,D,2024-07-11,1000000.00,4.629386,99.990234375
08:03:47,91282CKY6,TSRYS5833261,D,B,C,2024-07-11,1000000.00,4.629386,99.990234375
08:03:47,91282CKY6,TSRYS5833261,D,S,D,2024-07-11,1000000.00,4.629386,99.990234375
08:03:47,91282CKY6,TSRYS5833261,D,S,C,2024-07-11,1000000.00,4.624137,100.0
08:03:47,91282CKY6,TSRYS5833261,D,B,C,2024-07-11,1000000.00,4.624258,99.999775
08:03:47,91282CKY6,TSRYS5833261,D,B,C,2024-07-11,1000000.00,4.624258,99.999775
08:03:47,91282CKY6,TSRYS5833261,D,S,C,2024-07-11,1000000.00,4.624083,100.0001
08:03:47,91282CKY6,TSRYS5833261,D,S,C,2024-07-11,1000000.00,4.624083,100.0001
08:03:47,91282CKY6,TSRYS5833261,D,S,D,2024-07-11,1000000.00,4.624137,100.0
08:03:47,91282CKY6,TSRYS5833261,D,B,C,2024-07-11,1000000.00,4.624258,99.999775
08:03:47,91282CKY6,TSRYS5833261,D,B,C,2024-07-11,1000000.00,4.624258,99.999775
08:03:47,91282CKY6,TSRYS5833261,D,S,C,2024-07-11,1000000.00,4.624137,100.0
08:03:47,91282CKY6,TSRYS5833261,D,S,C,2024-07-11,1000000.00,4.624029,100.0002
08:03:47,91282CKY6,TSRYS5833261,D,B,C,2024-07-11,1000000.00,4.624217,99.99985
08:03:48,91282CKY6,TSRYS5833261,D,S,C,2024-07-11,2000000.00,4.624137,100.0
08:03:48,91282CKY6,TSRYS5833261,D,B,C,2024-07-11,1000000.00,4.624137,100.0
08:03:48,91282CKY6,TSRYS5833261,D,B,C,2024-07-11,2000000.00,4.624137,100.0
08:03:48,91282CKY6,TSRYS5833261,D,B,C,2024-07-11,1000000.00,4.624258,99.999775
08:03:48,91282CKY6,TSRYS5833261,D,S,C,2024-07-11,1000000.00,4.624137,100.0
08:03:48,91282CKY6,TSRYS5833261,D,B,C,2024-07-11,1000000.00,4.624258,99.999775
08:03:48,91282CKY6,TSRYS5833261,D,S,C,2024-07-11,1000000.00,4.624137,100.0
08:03:48,91282CKY6,TSRYS5833261,D,S,C,2024-07-11,1000000.00,4.624137,100.0
08:03:48,91282CKY6,TSRYS5833261,D,B,C,2024-07-11,1000000.00,4.624258,99.999775
08:03:48,91282CKY6,TSRYS5833261,D,S,D,2024-07-11,1000000.00,4.624137,100.0
08:03:48,91282CKY6,TSRYS5833261,D,B,C,2024-07-11,1000000.00,4.624258,99.999775
08:03:48,91282CKY6,TSRYS5833261,D,S,D,2024-07-11,1000000.00,4.624137,100.0
08:03:48,91282CKY6,TSRYS5833261,D,B,C,2024-07-11,1000000.00,4.624137,100.0
08:03:48,91282CKY6,TSRYS5833261,D,B,C,2024-07-11,1000000.00,4.624258,99.999775
08:03:48,91282CKY6,TSRYS5833261,D,S,C,2024-07-11,1000000.00,4.624029,100.0002
08:03:48,91282CKY6,TSRYS5833261,D,B,C,2024-07-11,1000000.00,4.624258,99.999775
08:03:48,91282CKY6,TSRYS5833261,D,S,D,2024-07-11,2000000.00,4.624137,100.0
08:03:48,91282CKY6,TSRYS5833261,D,S,C,2024-07-11,1000000.00,4.624137,100.0
08:03:48,91282CKY6,TSRYS5833261,D,B,C,2024-07-11,1000000.00,4.624258,99.999775
08:03:48,91282CKY6,TSRYS5833261,D,B,C,2024-07-11,2000000.00,4.624258,99.999775
08:03:48,91282CKY6,TSRYS5833261,D,S,D,2024-07-11,4000000.00,4.624137,100.0
08:03:48,91282CKY6,TSRYS5833261,D,B,C,2024-07-11,4000000.00,4.624137,100.0
08:03:48,91282CKY6,TSRYS5833261,D,B,C,2024-07-11,1000000.00,4.624137,100.0
08:03:48,91282CKY6,TSRYS5833261,D,S,D,2024-07-11,1000000.00,4.624137,100.0
08:03:48,91282CKY6,TSRYS5833261,D,B,C,2024-07-11,1000000.00,4.629386,99.990234375
08:03:48,91282CKY6,TSRYS5833261,D,S,D,2024-07-11,1000000.00,4.629386,99.990234375
08:03:48,91282CKY6,TSRYS5833261,D,S,D,2024-07-11,1000000.00,4.629386,99.990234375
08:03:48,91282CKY6,TSRYS5833261,D,B,C,2024-07-11,1000000.00,4.629386,99.990234375
08:03:48,91282CKY6,TSRYS5833261,D,S,C,2024-07-11,1000000.00,4.624137,100.0
08:03:48,91282CKY6,TSRYS5833261,D,B,C,2024-07-11,1000000.00,4.624137,100.0
08:03:48,91282CKY6,TSRYS5833261,D,S,D,2024-07-11,1000000.00,4.629386,99.990234375
08:03:48,91282CKY6,TSRYS5833261,D,B,C,2024-07-11,1000000.00,4.629386,99.990034375
08:03:48,91282CKY6,TSRYS5833261,D,S,D,2024-07-11,1000000.00,4.629386,99.990234375
08:03:48,91282CKY6,TSRYS5833261,D,B,C,2024-07-11,1000000.00,4.629386,99.990234375
08:03:48,91282CKY6,TSRYS5833261,D,S,D,2024-07-11,1000000.00,4.629386,99.990234375
08:03:48,91282CKY6,TSRYS5833261,D,B,C,2024-07-11,1000000.00,4.629386,99.990234375
08:03:48,91282CKY6,TSRYS5833261,D,S,D,2024-07-11,1000000.00,4.629386,99.990234375
08:03:48,91282CKY6,TSRYS5833261,D,B,C,2024-07-11,1000000.00,4.629386,99.990234375
08:03:48,91282CKY6,TSRYS5833261,D,S,D,2024-07-11,1000000.00,4.629386,99.990234375
08:03:48,91282CKY6,TSRYS5833261,D,B,C,2024-07-11,1000000.00,4.629386,99.990234375
08:03:48,91282CKY6,TSRYS5833261,D,S,D,2024-07-11,1000000.00,4.629386,99.990234375
08:03:48,91282CKY6,TSRYS5833261,D,B,C,2024-07-11,1000000.00,4.629386,99.990234375
08:03:48,91282CKY6,TSRYS5833261,D,S,D,2024-07-11,1000000.00,4.629386,99.990234375
08:03:48,91282CKY6,TSRYS5833261,D,B,C,2024-07-11,1000000.00,4.629386,99.990234375
08:03:48,91282CKY6,TSRYS5833261,D,S,D,2024-07-11,1000000.00,4.629386,99.990234375
08:03:48,91282CKY6,TSRYS5833261,D,B,C,2024-07-11,1000000.00,4.629386,99.990234375
08:03:48,91282CKY6,TSRYS5833261,D,S,D,2024-07-11,1000000.00,4.629386,99.990234375
08:03:48,91282CKY6,TSRYS5833261,D,B,C,2024-07-11,1000000.00,4.629386,99.990234375
08:03:48,91282CKY6,TSRYS5833261,D,B,C,2024-07-11,1000000.00,4.629386,99.990234375
08:03:48,91282CKY6,TSRYS5833261,D,S,D,2024-07-11,1000000.00,4.629386,99.990234375
08:03:48,91282CKY6,TSRYS5833261,D,B,C,2024-07-11,1000000.00,4.629386,99.990234375
08:03:48,91282CKY6,TSRYS5833261,D,S,D,2024-07-11,1000000.00,4.629386,99.990234375
08:03:48,91282CKY6,TSRYS5833261,D,B,C,2024-07-11,1000000.00,4.629386,99.990234375
08:03:48,91282CKY6,TSRYS5833261,D,S,D,2024-07-11,1000000.00,4.629386,99.990234375
08:03:48,91282CKY6,TSRYS5833261,D,S,D,2024-07-11,1000000.00,4.629386,99.990234375
08:03:48,91282CKY6,TSRYS5833261,D,B,C,2024-07-11,1000000.00,4.629386,99.990234375
08:03:48,91282CKY6,TSRYS5833261,D,S,D,2024-07-11,1000000.00,4.630436,99.98828125
08:03:48,91282CKY6,TSRYS5833261,D,B,C,2024-07-11,1000000.00,4.630436,99.98828125
08:03:48,91282CKY6,TSRYS5833261,D,S,D,2024-07-11,1000000.00,4.630436,99.98828125
08:03:48,91282CKY6,TSRYS5833261,D,B,C,2024-07-11,1000000.00,4.630436,99.98828125
08:03:48,91282CKY6,TSRYS5833261,D,S,D,2024-07-11,1000000.00,4.630436,99.98828125
08:03:48,91282CKY6,TSRYS5833261,D,B,C,2024-07-11,1000000.00,4.630436,99.98828125
08:03:48,91282CKY6,TSRYS5833261,D,S,D,2024-07-11,1000000.00,4.630436,99.98828125
08:03:48,91282CKY6,TSRYS5833261,D,B,C,2024-07-11,1000000.00,4.630436,99.98828125
08:03:48,91282CKY6,TSRYS5833261,D,S,D,2024-07-11,1000000.00,4.630436,99.98828125
08:03:48,91282CKY6,TSRYS5833261,D,B,C,2024-07-11,1000000.00,4.630436,99.98828125
08:03:48,91282CKY6,TSRYS5833261,D,S,D,2024-07-11,1000000.00,4.630436,99.98828125
08:03:48,91282CKY6,TSRYS5833261,D,B,C,2024-07-11,1000000.00,4.630436,99.98828125
08:03:48,91282CKY6,TSRYS5833261,D,B,C,2024-07-11,1000000.00,4.629386,99.990234375
08:03:48,91282CKY6,TSRYS5833261,D,S,C,2024-07-11,1000000.00,4.629386,99.990234375
08:03:48,91282CKY6,TSRYS5833261,D,S,C,2024-07-11,1000000.00,4.629386,99.990234375
08:03:48,91282CKY6,TSRYS5833261,D,B,C,2024-07-11,1000000.00,4.629386,99.990234375
08:03:48,91282CKY6,TSRYS5833261,D,S,C,2024-07-11,1000000.00,4.630436,99.98828125
08:03:48,91282CKY6,TSRYS5833261,D,B,C,2024-07-11,1000000.00,4.630436,99.98828125
08:03:48,91282CKY6,TSRYS5833261,D,B,C,2024-07-11,1000000.00,4.630436,99.98828125
08:03:48,91282CKY6,TSRYS5833261,D,S,C,2024-07-11,1000000.00,4.630436,99.98828125
08:03:48,91282CKY6,TSRYS5833261,D,S,D,2024-07-11,2000000.00,4.630436,99.98828125
08:03:48,91282CKY6,TSRYS5833261,D,S,D,2024-07-11,1000000.00,4.630436,99.98828125
08:03:48,91282CKY6,TSRYS5833261,D,B,C,2024-07-11,1000000.00,4.630436,99.98828125
08:03:48,91282CKY6,TSRYS5833261,D,B,C,2024-07-11,1000000.00,4.630436,99.98828125
08:03:48,91282CKY6,TSRYS5833261,D,B,C,2024-07-11,1000000.00,4.630436,99.98828125
08:03:48,91282CKY6,TSRYS5833261,D,B,C,2024-07-11,1000000.00,4.630436,99.98828125
08:03:48,91282CKY6,TSRYS5833261,D,S,D,2024-07-11,1000000.00,4.630436,99.98828125
08:03:48,91282CKY6,TSRYS5833261,D,S,D,2024-07-11,1000000.00,4.630436,99.98828125
08:03:48,91282CKY6,TSRYS5833261,D,S,C,2024-07-11,1000000.00,4.630436,99.98828125
08:03:48,91282CKY6,TSRYS5833261,D,B,C,2024-07-11,1000000.00,4.630436,99.98808125
08:03:48,91282CKY6,TSRYS5833261,D,S,D,2024-07-11,1000000.00,4.630436,99.98828125
08:03:48,91282CKY6,TSRYS5833261,D,S,D,2024-07-11,1000000.00,4.630436,99.98828125
08:03:48,91282CKY6,TSRYS5833261,D,S,D,2024-07-11,1000000.00,4.630436,99.98828125
08:03:48,91282CKY6,TSRYS5833261,D,S,D,2024-07-11,1000000.00,4.630436,99.98828125
08:03:48,91282CKY6,TSRYS5833261,D,S,D,2024-07-11,1000000.00,4.626236,99.99609375
08:03:48,91282CKY6,TSRYS5833261,D,S,C,2024-07-11,6000000.00,4.626129,99.99629375
08:03:48,91282CKY6,TSRYS5833261,D,S,C,2024-07-11,2000000.00,4.626236,99.99609375
08:03:49,91282CKY6,TSRYS5833261,D,S,C,2024-07-11,1000000.00,4.626236,99.99609375
08:03:49,91282CKY6,TSRYS5833261,D,S,C,2024-07-11,1000000.00,4.626236,99.99609375
08:03:49,91282CKY6,TSRYS5833261,D,S,D,2024-07-11,2000000.00,4.626236,99.99609375
08:03:49,91282CKY6,TSRYS5833261,D,S,C,2024-07-11,2000000.00,4.626129,99.99629375
08:03:49,91282CKY6,TSRYS5833261,D,S,C,2024-07-11,1000000.00,4.626236,99.99609375
08:03:49,91282CKY6,TSRYS5833261,D,S,D,2024-07-11,5000000.00,4.626129,99.99629375
08:03:49,91282CKY6,TSRYS5833261,D,S,D,2024-07-11,6000000.00,4.626236,99.99609375
08:03:49,91282CKY6,TSRYS5833261,D,S,D,2024-07-11,1000000.00,4.626236,99.99609375
08:03:49,91282CKY6,TSRYS5833261,D,S,D,2024-07-11,4000000.00,4.626129,99.99629375
08:03:49,91282CKY6,TSRYS5833261,D,S,D,2024-07-11,1000000.00,4.626129,99.99629375
08:03:49,91282CKY6,TSRYS5833261,D,S,D,2024-07-11,1000000.00,4.626129,99.99629375
08:03:49,91282CKY6,TSRYS5833261,D,S,D,2024-07-11,6000000.00,4.626236,99.99609375
08:03:49,91282CKY6,TSRYS5833261,D,S,D,2024-07-11,3000000.00,4.626236,99.99609375
08:03:49,91282CKY6,TSRYS5833261,D,B,C,2024-07-11,1000000.00,4.626236,99.99609375
08:03:49,91282CKY6,TSRYS5833261,D,S,D,2024-07-11,1000000.00,4.626236,99.99609375
08:03:49,91282CKY6,TSRYS5833261,D,B,C,2024-07-11,1000000.00,4.626236,99.99609375
08:03:49,91282CKY6,TSRYS5833261,D,S,C,2024-07-11,1000000.00,4.630436,99.98828125
08:03:49,91282CKY6,TSRYS5833261,D,B,C,2024-07-11,1000000.00,4.630436,99.98808125
08:03:49,91282CKY6,TSRYS5833261,D,S,D,2024-07-11,3000000.00,4.630436,99.98828125
08:03:49,91282CKY6,TSRYS5833261,D,B,C,2024-07-11,3000000.00,4.630436,99.98808125
08:03:49,91282CKY6,TSRYS5833261,D,S,D,2024-07-11,2000000.00,4.630436,99.98828125
08:03:49,91282CKY6,TSRYS5833261,D,B,C,2024-07-11,2000000.00,4.630436,99.98828125
08:03:49,91282CKY6,TSRYS5833261,D,S,D,2024-07-11,1000000.00,4.626129,99.99629375
08:03:49,91282CKY6,TSRYS5833261,D,B,C,2024-07-11,3000000.00,4.626236,99.99609375
08:03:49,91282CKY6,TSRYS5833261,D,S,D,2024-07-11,3000000.00,4.626129,99.99629375
08:03:49,91282CKY6,TSRYS5833261,D,B,C,2024-07-11,1000000.00,4.626236,99.99609375
08:03:49,91282CKY6,TSRYS5833261,D,S,D,2024-07-11,1000000.00,4.626129,99.99629375
08:03:49,91282CKY6,TSRYS5833261,D,S,D,2024-07-11,3000000.00,4.630436,99.98828125
08:03:49,91282CKY6,TSRYS5833261,D,S,D,2024-07-11,2000000.00,4.630436,99.98828125
08:03:49,91282CKY6,TSRYS5833261,D,S,C,2024-07-11,2000000.00,4.626236,99.99609375
08:03:49,91282CKY6,TSRYS5833261,D,B,C,2024-07-11,2000000.00,4.626344,99.99589375
08:03:49,91282CKY6,TSRYS5833261,D,S,C,2024-07-11,1000000.00,4.626236,99.99609375
08:03:49,91282CKY6,TSRYS5833261,D,S,C,2024-07-11,1000000.00,4.626236,99.99609375
08:03:49,91282CKY6,TSRYS5833261,D,S,D,2024-07-11,1000000.00,4.630436,99.98828125
08:03:49,91282CKY6,TSRYS5833261,D,S,D,2024-07-11,2000000.00,4.630436,99.98828125
08:03:49,91282CKY6,TSRYS5833261,D,B,C,2024-07-11,2000000.00,4.630436,99.98828125
08:03:49,91282CKY6,TSRYS5833261,D,S,C,2024-07-11,1000000.00,4.630436,99.98828125
08:03:49,91282CKY6,TSRYS5833261,D,B,C,2024-07-11,1000000.00,4.630436,99.98828125
08:03:50,91282CKY6,TSRYS5833261,D,S,C,2024-07-11,2000000.00,4.624137,100.0
08:03:50,91282CKY6,TSRYS5833261,D,B,C,2024-07-11,2000000.00,4.624137,100.0
08:03:50,91282CKY6,TSRYS5833261,D,S,C,2024-07-11,2000000.00,4.624029,100.0002
08:03:50,91282CKY6,TSRYS5833261,D,B,C,2024-07-11,2000000.00,4.624137,100.0
08:03:50,91282CKY6,TSRYS5833261,D,S,D,2024-07-11,8000000.00,4.624137,100.0
08:03:50,91282CKY6,TSRYS5833261,D,B,C,2024-07-11,1000000.00,4.624137,100.0
08:03:50,91282CKY6,TSRYS5833261,D,S,C,2024-07-11,1000000.00,4.624137,100.0
08:03:50,91282CKY6,TSRYS5833261,D,S,C,2024-07-11,2000000.00,4.624137,100.0
08:03:50,91282CKY6,TSRYS5833261,D,S,C,2024-07-11,1000000.00,4.624137,100.0
08:03:51,91282CKY6,TSRYS5833261,D,S,D,2024-07-11,1000000.00,4.624029,100.0002
08:03:51,91282CKY6,TSRYS5833261,D,S,D,2024-07-11,1000000.00,4.624029,100.0002
08:03:51,91282CKY6,TSRYS5833261,D,S,D,2024-07-11,1000000.00,4.624029,100.0002
08:03:51,91282CKY6,TSRYS5833261,D,B,C,2024-07-11,1000000.00,4.62419,99.9999
08:03:51,91282CKY6,TSRYS5833261,D,B,C,2024-07-11,1000000.00,4.624137,100.0
08:03:51,91282CKY6,TSRYS5833261,D,S,D,2024-07-11,1000000.00,4.624029,100.0002
08:03:51,91282CKY6,TSRYS5833261,D,S,C,2024-07-11,2000000.00,4.624137,100.0
08:03:51,91282CKY6,TSRYS5833261,D,B,C,2024-07-11,2000000.00,4.624298,99.9997
08:03:51,91282CKY6,TSRYS5833261,D,S,A,2024-07-11,43000.00,4.623868,100.0005
08:03:51,91282CKY6,TSRYS5833261,D,S,C,2024-07-11,1000000.00,4.624137,100.0
08:03:51,91282CKY6,TSRYS5833261,D,B,C,2024-07-11,1000000.00,4.624298,99.9997
08:03:51,91282CKY6,TSRYS5833261,D,S,C,2024-07-11,1000000.00,4.624137,100.0
08:03:51,91282CKY6,TSRYS5833261,D,S,D,2024-07-11,1000000.00,4.624016,100.000225
08:03:51,91282CKY6,TSRYS5833261,D,S,D,2024-07-11,1000000.00,4.624016,100.000225
08:03:51,91282CKY6,TSRYS5833261,D,S,D,2024-07-11,1000000.00,4.624016,100.000225
08:03:51,91282CKY6,TSRYS5833261,D,S,D,2024-07-11,2000000.00,4.624016,100.000225
08:03:51,91282CKY6,TSRYS5833261,D,S,D,2024-07-11,2000000.00,4.624016,100.000225
08:03:51,91282CKY6,TSRYS5833261,D,S,D,2024-07-11,2000000.00,4.624016,100.000225
08:03:51,91282CKY6,TSRYS5833261,D,S,D,2024-07-11,2000000.00,4.624016,100.000225
08:03:51,91282CKY6,TSRYS5833261,D,S,D,2024-07-11,2000000.00,4.624016,100.000225
08:03:51,91282CKY6,TSRYS5833261,D,B,C,2024-07-11,1000000.00,4.62419,99.9999
08:03:51,91282CKY6,TSRYS5833261,D,S,D,2024-07-11,1000000.00,4.624016,100.000225
08:03:51,91282CKY6,TSRYS5833261,D,B,C,2024-07-11,1000000.00,4.624137,100.0
08:03:51,91282CKY6,TSRYS5833261,D,S,D,2024-07-11,1000000.00,4.624016,100.000225
08:03:51,91282CKY6,TSRYS5833261,D,S,D,2024-07-11,2000000.00,4.624016,100.000225
08:03:51,91282CKY6,TSRYS5833261,D,S,D,2024-07-11,1000000.00,4.624016,100.000225
08:03:52,91282CKY6,TSRYS5833261,D,S,C,2024-07-11,1000000.00,4.626236,99.99609375
08:03:52,91282CKY6,TSRYS5833261,D,B,C,2024-07-11,1000000.00,4.626236,99.99609375
08:03:52,91282CKY6,TSRYS5833261,D,B,C,2024-07-11,1000000.00,4.626236,99.99609375
08:03:52,91282CKY6,TSRYS5833261,D,S,C,2024-07-11,1000000.00,4.626102,99.99634375
08:03:52,91282CKY6,TSRYS5833261,D,S,C,2024-07-11,2000000.00,4.626236,99.99609375
08:03:52,91282CKY6,TSRYS5833261,D,S,C,2024-07-11,1000000.00,4.626156,99.99624375
08:03:52,91282CKY6,TSRYS5833261,D,B,C,2024-07-11,1000000.00,4.626236,99.99609375
08:03:52,91282CKY6,TSRYS5833261,D,S,C,2024-07-11,1000000.00,4.626156,99.99624375
08:03:52,91282CKY6,TSRYS5833261,D,S,C,2024-07-11,4000000.00,4.626236,99.99609375
08:03:52,91282CKY6,TSRYS5833261,D,B,C,2024-07-11,4000000.00,4.626236,99.99609375
08:03:52,91282CKY6,TSRYS5833261,D,S,C,2024-07-11,1000000.00,4.626075,99.99639375
08:03:52,91282CKY6,TSRYS5833261,D,B,C,2024-07-11,1000000.00,4.626236,99.99609375
08:03:52,91282CKY6,TSRYS5833261,D,B,C,2024-07-11,3000000.00,4.626398,99.99579375
08:03:52,91282CKY6,TSRYS5833261,D,S,C,2024-07-11,1000000.00,4.626236,99.99609375
08:03:52,91282CKY6,TSRYS5833261,D,S,C,2024-07-11,3000000.00,4.626236,99.99609375
08:03:52,91282CKY6,TSRYS5833261,D,S,C,2024-07-11,1000000.00,4.626236,99.99609375
08:03:52,91282CKY6,TSRYS5833261,D,B,C,2024-07-11,1000000.00,4.626236,99.99609375
08:03:52,91282CKY6,TSRYS5833261,D,B,C,2024-07-11,1000000.00,4.626236,99.99609375
08:03:52,91282CKY6,TSRYS5833261,D,B,C,2024-07-11,1000000.00,4.626236,99.99609375
08:03:52,91282CKY6,TSRYS5833261,D,S,C,2024-07-11,1000000.00,4.626236,99.99609375
08:03:52,91282CKY6,TSRYS5833261,D,B,C,2024-07-11,1000000.00,4.626318,99.99594175
08:03:52,91282CKY6,TSRYS5833261,D,B,C,2024-07-11,2000000.00,4.626318,99.99594175
08:03:52,91282CKY6,TSRYS5833261,D,S,C,2024-07-11,1000000.00,4.626236,99.99609375
08:03:52,91282CKY6,TSRYS5833261,D,S,C,2024-07-11,1000000.00,4.626236,99.99609375
08:03:52,91282CKY6,TSRYS5833261,D,S,C,2024-07-11,1000000.00,4.626236,99.99609375
08:03:52,91282CKY6,TSRYS5833261,D,S,C,2024-07-11,2000000.00,4.626236,99.99609375
08:03:52,91282CKY6,TSRYS5833261,D,B,C,2024-07-11,1000000.00,4.626318,99.99594175
08:03:52,91282CKY6,TSRYS5833261,D,B,C,2024-07-11,1000000.00,4.626318,99.99594175
08:03:52,91282CKY6,TSRYS5833261,D,S,C,2024-07-11,1000000.00,4.626236,99.99609375
08:03:52,91282CKY6,TSRYS5833261,D,B,C,2024-07-11,1000000.00,4.626318,99.99594175
08:03:52,91282CKY6,TSRYS5833261,D,S,C,2024-07-11,1000000.00,4.626236,99.99609375
08:03:52,91282CKY6,TSRYS5833261,D,B,C,2024-07-11,1000000.00,4.626318,99.99594175
08:03:52,91282CKY6,TSRYS5833261,D,S,C,2024-07-11,1000000.00,4.626236,99.99609375
08:03:52,91282CKY6,TSRYS5833261,D,B,C,2024-07-11,1000000.00,4.626318,99.99594175
08:03:52,91282CKY6,TSRYS5833261,D,S,D,2024-07-11,1000000.00,4.626236,99.99609375
08:03:52,91282CKY6,TSRYS5833261,D,B,C,2024-07-11,1000000.00,4.626318,99.99594175
08:03:52,91282CKY6,TSRYS5833261,D,S,D,2024-07-11,2000000.00,4.626236,99.99609375
08:03:52,91282CKY6,TSRYS5833261,D,B,C,2024-07-11,2000000.00,4.626318,99.99594175
08:03:52,91282CKY6,TSRYS5833261,D,S,D,2024-07-11,1000000.00,4.626236,99.99609375
08:03:52,91282CKY6,TSRYS5833261,D,S,C,2024-07-11,1000000.00,4.626102,99.99634375
08:03:52,91282CKY6,TSRYS5833261,D,B,C,2024-07-11,1000000.00,4.626318,99.99594175
08:03:52,91282CKY6,TSRYS5833261,D,B,C,2024-07-11,1000000.00,4.626318,99.99594175
08:03:52,91282CKY6,TSRYS5833261,D,S,C,2024-07-11,1000000.00,4.626236,99.99609375
08:03:52,91282CKY6,TSRYS5833261,D,B,C,2024-07-11,1000000.00,4.626318,99.99594175
08:03:52,91282CKY6,TSRYS5833261,D,B,C,2024-07-11,1000000.00,4.626318,99.99594175
08:03:52,91282CKY6,TSRYS5833261,D,S,C,2024-07-11,1000000.00,4.626236,99.99609375
08:03:52,91282CKY6,TSRYS5833261,D,S,C,2024-07-11,2000000.00,4.626236,99.99609375
08:03:52,91282CKY6,TSRYS5833261,D,B,C,2024-07-11,2000000.00,4.626318,99.99594175
08:03:52,91282CKY6,TSRYS5833261,D,S,D,2024-07-11,1000000.00,4.626236,99.99609375
08:03:52,91282CKY6,TSRYS5833261,D,B,C,2024-07-11,1000000.00,4.626318,99.99594175
08:03:52,91282CKY6,TSRYS5833261,D,S,C,2024-07-11,3000000.00,4.626156,99.99624375
08:03:52,91282CKY6,TSRYS5833261,D,S,D,2024-07-11,1000000.00,4.626236,99.99609375
08:03:52,91282CKY6,TSRYS5833261,D,B,C,2024-07-11,3000000.00,4.626318,99.99594175
08:03:52,91282CKY6,TSRYS5833261,D,B,C,2024-07-11,1000000.00,4.626318,99.99594175
08:03:52,91282CKY6,TSRYS5833261,D,S,D,2024-07-11,2000000.00,4.626236,99.99609375
08:03:52,91282CKY6,TSRYS5833261,D,B,C,2024-07-11,2000000.00,4.626318,99.99594175
08:03:52,91282CKY6,TSRYS5833261,D,B,C,2024-07-11,1000000.00,4.626318,99.99594175
08:03:52,91282CKY6,TSRYS5833261,D,B,C,2024-07-11,1000000.00,4.626318,99.99594175
08:03:52,91282CKY6,TSRYS5833261,D,S,C,2024-07-11,1000000.00,4.626102,99.99634375
08:03:52,91282CKY6,TSRYS5833261,D,S,C,2024-07-11,1000000.00,4.626129,99.99629375
08:03:52,91282CKY6,TSRYS5833261,D,S,D,2024-07-11,1000000.00,4.626129,99.99629375
08:03:52,91282CKY6,TSRYS5833261,D,B,C,2024-07-11,1000000.00,4.626318,99.99594175
08:03:53,91282CKY6,TSRYS5833261,D,B,C,2024-07-11,1000000.00,4.626318,99.99594175
08:03:53,91282CKY6,TSRYS5833261,D,S,D,2024-07-11,1000000.00,4.626236,99.99609375
08:03:53,91282CKY6,TSRYS5833261,D,S,C,2024-07-11,5000000.00,4.626236,99.99609375
08:03:53,91282CKY6,TSRYS5833261,D,B,C,2024-07-11,5000000.00,4.626318,99.99594175
08:03:53,91282CKY6,TSRYS5833261,D,S,D,2024-07-11,1000000.00,4.626129,99.99629375
08:03:53,91282CKY6,TSRYS5833261,D,B,C,2024-07-11,1000000.00,4.626318,99.99594175
08:03:53,91282CKY6,TSRYS5833261,D,S,C,2024-07-11,1000000.00,4.626236,99.99609375
08:03:53,91282CKY6,TSRYS5833261,D,S,D,2024-07-11,500000.00,4.632356,99.98471
08:03:53,91282CKY6,TSRYS5833261,D,B,C,2024-07-11,1000000.00,4.626318,99.99594175
08:03:53,91282CKY6,TSRYS5833261,D,S,C,2024-07-11,1000000.00,4.626236,99.99609375
08:03:53,91282CKY6,TSRYS5833261,D,B,C,2024-07-11,1000000.00,4.626318,99.99594175
08:03:53,91282CKY6,TSRYS5833261,D,B,C,2024-07-11,3000000.00,4.626318,99.99594175
08:03:53,91282CKY6,TSRYS5833261,D,S,C,2024-07-11,1000000.00,4.626102,99.99634375
08:03:53,91282CKY6,TSRYS5833261,D,S,C,2024-07-11,3000000.00,4.626236,99.99609375
08:03:53,91282CKY6,TSRYS5833261,D,B,C,2024-07-11,1000000.00,4.626318,99.99594175
08:03:53,91282CKY6,TSRYS5833261,D,B,C,2024-07-11,1000000.00,4.626318,99.99594175
08:03:53,91282CKY6,TSRYS5833261,D,S,C,2024-07-11,1000000.00,4.626129,99.99629375
08:03:53,91282CKY6,TSRYS5833261,D,S,D,2024-07-11,1000000.00,4.626236,99.99609375
08:03:53,91282CKY6,TSRYS5833261,D,B,C,2024-07-11,1000000.00,4.626318,99.99594175
08:03:53,91282CKY6,TSRYS5833261,D,B,C,2024-07-11,1000000.00,4.626318,99.99594175
08:03:53,91282CKY6,TSRYS5833261,D,S,C,2024-07-11,1000000.00,4.626236,99.99609375
08:03:53,91282CKY6,TSRYS5833261,D,S,C,2024-07-11,1000000.00,4.626236,99.99609375
08:03:53,91282CKY6,TSRYS5833261,D,B,C,2024-07-11,1000000.00,4.626318,99.99594175
08:03:53,91282CKY6,TSRYS5833261,D,S,D,2024-07-11,1000000.00,4.626129,99.99629375
08:03:53,91282CKY6,TSRYS5833261,D,B,C,2024-07-11,1000000.00,4.626318,99.99594175
08:03:53,91282CKY6,TSRYS5833261,D,S,C,2024-07-11,1000000.00,4.626236,99.99609375
08:03:53,91282CKY6,TSRYS5833261,D,B,C,2024-07-11,1000000.00,4.626236,99.99609375
08:03:54,91282CKY6,TSRYS5833261,D,B,C,2024-07-11,1000000.00,4.626236,99.99609375
08:03:54,91282CKY6,TSRYS5833261,D,S,C,2024-07-11,1000000.00,4.626236,99.99609375
08:03:54,91282CKY6,TSRYS5833261,D,B,C,2024-07-11,1000000.00,4.626236,99.99609375
08:03:54,91282CKY6,TSRYS5833261,D,S,C,2024-07-11,1000000.00,4.626236,99.99609375
08:03:54,91282CKY6,TSRYS5833261,D,S,C,2024-07-11,1000000.00,4.626075,99.99639375
08:03:54,91282CKY6,TSRYS5833261,D,B,C,2024-07-11,1000000.00,4.626236,99.99609375
08:03:54,91282CKY6,TSRYS5833261,D,B,C,2024-07-11,1000000.00,4.62629,99.99599375
08:03:54,91282CKY6,TSRYS5833261,D,S,C,2024-07-11,1000000.00,4.628336,99.9921875
08:03:54,91282CKY6,TSRYS5833261,D,S,D,2024-07-11,1000000.00,4.626236,99.99609375
08:03:54,91282CKY6,TSRYS5833261,D,S,D,2024-07-11,1000000.00,4.626236,99.99609375
08:03:54,91282CKY6,TSRYS5833261,D,S,D,2024-07-11,2000000.00,4.626236,99.99609375
08:03:54,91282CKY6,TSRYS5833261,D,B,C,2024-07-11,1000000.00,4.626236,99.99609375
08:03:54,91282CKY6,TSRYS5833261,D,S,D,2024-07-11,2000000.00,4.626236,99.99609375
08:03:54,91282CKY6,TSRYS5833261,D,B,C,2024-07-11,2000000.00,4.626236,99.99609375
08:03:54,91282CKY6,TSRYS5833261,D,S,C,2024-07-11,2000000.00,4.626236,99.99609375
08:03:54,91282CKY6,TSRYS5833261,D,S,T,2024-07-11,5000000.00,4.633586,99.982421875
08:03:55,91282CKY6,TSRYS5833261,D,B,C,2024-07-11,1000000.00,4.62629,99.99599375
08:03:55,91282CKY6,TSRYS5833261,D,S,C,2024-07-11,1000000.00,4.626236,99.99609375
08:03:56,91282CKY6,TSRYS5833261,D,S,D,2024-07-11,1000000.00,4.628336,99.9921875
08:03:56,91282CKY6,TSRYS5833261,D,S,D,2024-07-11,1000000.00,4.628336,99.9921875
08:03:56,91282CKY6,TSRYS5833261,D,S,C,2024-07-11,1000000.00,4.628336,99.9921875
08:03:57,91282CKY6,TSRYS5833261,D,S,C,2024-07-11,1000000.00,4.628336,99.9921875
08:03:57,91282CKY6,TSRYS5833261,D,S,C,2024-07-11,1000000.00,4.628336,99.9921875
08:03:57,91282CKY6,TSRYS5833261,D,S,C,2024-07-11,1000000.00,4.628336,99.9921875
08:03:57,91282CKY6,TSRYS5833261,D,S,C,2024-07-11,1000000.00,4.628336,99.9921875
08:03:57,91282CKY6,TSRYS5833261,D,S,C,2024-07-11,1000000.00,4.628336,99.9921875
08:03:57,91282CKY6,TSRYS5833261,D,S,C,2024-07-11,1000000.00,4.628336,99.9921875
08:03:57,91282CKY6,TSRYS5833261,D,S,C,2024-07-11,1000000.00,4.628336,99.9921875
08:03:57,91282CKY6,TSRYS5833261,D,S,C,2024-07-11,1000000.00,4.628336,99.9921875
08:03:57,91282CKY6,TSRYS5833261,D,S,C,2024-07-11,1000000.00,4.628336,99.9921875
08:03:57,91282CKY6,TSRYS5833261,D,S,C,2024-07-11,1000000.00,4.628336,99.9921875
08:03:57,91282CKY6,TSRYS5833261,D,S,C,2024-07-11,1000000.00,4.628336,99.9921875
08:03:57,91282CKY6,TSRYS5833261,D,S,D,2024-07-11,1000000.00,4.628336,99.9921875
08:03:57,91282CKY6,TSRYS5833261,D,S,C,2024-07-11,1000000.00,4.628336,99.9921875
08:03:57,91282CKY6,TSRYS5833261,D,S,C,2024-07-11,1000000.00,4.628336,99.9921875
08:03:57,91282CKY6,TSRYS5833261,D,S,D,2024-07-11,1000000.00,4.628336,99.9921875
08:03:57,91282CKY6,TSRYS5833261,D,S,D,2024-07-11,1000000.00,4.628336,99.9921875
08:03:57,91282CKY6,TSRYS5833261,D,S,C,2024-07-11,1000000.00,4.628336,99.9921875
08:03:57,91282CKY6,TSRYS5833261,D,S,D,2024-07-11,1000000.00,4.626236,99.99609375
08:03:57,91282CKY6,TSRYS5833261,D,S,D,2024-07-11,1000000.00,4.626236,99.99609375
08:03:57,91282CKY6,TSRYS5833261,D,B,C,2024-07-11,1000000.00,4.626318,99.99594175
08:03:57,91282CKY6,TSRYS5833261,D,B,C,2024-07-11,1000000.00,4.627286,99.994140625
08:03:57,91282CKY6,TSRYS5833261,D,S,D,2024-07-11,1000000.00,4.627286,99.994140625
08:03:57,91282CKY6,TSRYS5833261,D,B,C,2024-07-11,1000000.00,4.627286,99.994140625
08:03:57,91282CKY6,TSRYS5833261,D,S,D,2024-07-11,1000000.00,4.627286,99.994140625
08:03:57,91282CKY6,TSRYS5833261,D,B,C,2024-07-11,2000000.00,4.627286,99.994140625
08:03:57,91282CKY6,TSRYS5833261,D,S,D,2024-07-11,2000000.00,4.627286,99.994140625
08:03:57,91282CKY6,TSRYS5833261,D,B,C,2024-07-11,1000000.00,4.627286,99.994140625
08:03:57,91282CKY6,TSRYS5833261,D,S,D,2024-07-11,1000000.00,4.627286,99.994140625
08:03:57,91282CKY6,TSRYS5833261,D,S,D,2024-07-11,1000000.00,4.627286,99.994140625
08:03:57,91282CKY6,TSRYS5833261,D,S,D,2024-07-11,1000000.00,4.627286,99.994140625
08:03:57,91282CKY6,TSRYS5833261,D,B,C,2024-07-11,1000000.00,4.627286,99.994140625
08:03:57,91282CKY6,TSRYS5833261,D,S,D,2024-07-11,5000000.00,4.627286,99.994140625
08:03:57,91282CKY6,TSRYS5833261,D,B,C,2024-07-11,5000000.00,4.627286,99.994140625
08:03:57,91282CKY6,TSRYS5833261,D,S,D,2024-07-11,1000000.00,4.627286,99.994140625
08:03:57,91282CKY6,TSRYS5833261,D,S,D,2024-07-11,1000000.00,4.627286,99.994140625
08:03:57,91282CKY6,TSRYS5833261,D,S,D,2024-07-11,1000000.00,4.627286,99.994140625
08:03:57,91282CKY6,TSRYS5833261,D,B,C,2024-07-11,1000000.00,4.627286,99.994140625
08:03:57,91282CKY6,TSRYS5833261,D,S,D,2024-07-11,1000000.00,4.627286,99.994140625
08:03:57,91282CKY6,TSRYS5833261,D,B,C,2024-07-11,1000000.00,4.627286,99.994140625
08:03:57,91282CKY6,TSRYS5833261,D,S,D,2024-07-11,1000000.00,4.627286,99.994140625
08:03:57,91282CKY6,TSRYS5833261,D,B,C,2024-07-11,1000000.00,4.627286,99.994140625
08:03:57,91282CKY6,TSRYS5833261,D,S,C,2024-07-11,1000000.00,4.627286,99.994140625
08:03:57,91282CKY6,TSRYS5833261,D,B,C,2024-07-11,1000000.00,4.627286,99.994140625
08:03:57,91282CKY6,TSRYS5833261,D,S,D,2024-07-11,1000000.00,4.627286,99.994140625
08:03:57,91282CKY6,TSRYS5833261,D,B,C,2024-07-11,1000000.00,4.627286,99.994140625
08:03:57,91282CKY6,TSRYS5833261,D,S,D,2024-07-11,1000000.00,4.627286,99.994140625
08:03:57,91282CKY6,TSRYS5833261,D,B,C,2024-07-11,1000000.00,4.627286,99.994140625
08:03:57,91282CKY6,TSRYS5833261,D,S,D,2024-07-11,4000000.00,4.627286,99.994140625
08:03:57,91282CKY6,TSRYS5833261,D,B,C,2024-07-11,1000000.00,4.627286,99.994140625
08:03:57,91282CKY6,TSRYS5833261,D,S,D,2024-07-11,1000000.00,4.627286,99.994140625
08:03:57,91282CKY6,TSRYS5833261,D,S,D,2024-07-11,4000000.00,4.627286,99.994140625
08:03:57,91282CKY6,TSRYS5833261,D,S,D,2024-07-11,4000000.00,4.627286,99.994140625
08:03:57,91282CKY6,TSRYS5833261,D,S,D,2024-07-11,1000000.00,4.627286,99.994140625
08:03:57,91282CKY6,TSRYS5833261,D,B,C,2024-07-11,1000000.00,4.627286,99.994140625
08:03:57,91282CKY6,TSRYS5833261,D,S,D,2024-07-11,1000000.00,4.627286,99.994140625
08:03:57,91282CKY6,TSRYS5833261,D,S,D,2024-07-11,1000000.00,4.627286,99.994140625
08:03:57,91282CKY6,TSRYS5833261,D,B,C,2024-07-11,1000000.00,4.627286,99.994140625
08:03:57,91282CKY6,TSRYS5833261,D,S,D,2024-07-11,1000000.00,4.627286,99.994140625
08:03:57,91282CKY6,TSRYS5833261,D,B,C,2024-07-11,1000000.00,4.627286,99.994140625
08:03:57,91282CKY6,TSRYS5833261,D,S,D,2024-07-11,1000000.00,4.627286,99.994140625
08:03:57,91282CKY6,TSRYS5833261,D,B,C,2024-07-11,1000000.00,4.627286,99.994140625
08:03:57,91282CKY6,TSRYS5833261,D,B,C,2024-07-11,1000000.00,4.627286,99.994140625
08:03:57,91282CKY6,TSRYS5833261,D,S,D,2024-07-11,1000000.00,4.627286,99.994140625
08:03:57,91282CKY6,TSRYS5833261,D,S,D,2024-07-11,1000000.00,4.627286,99.994140625
08:03:57,91282CKY6,TSRYS5833261,D,B,C,2024-07-11,1000000.00,4.627286,99.994140625
08:03:57,91282CKY6,TSRYS5833261,D,S,D,2024-07-11,1000000.00,4.627286,99.994140625
08:03:57,91282CKY6,TSRYS5833261,D,S,D,2024-07-11,1000000.00,4.627286,99.994140625
08:03:57,91282CKY6,TSRYS5833261,D,S,D,2024-07-11,1000000.00,4.627286,99.994140625
08:03:57,91282CKY6,TSRYS5833261,D,S,C,2024-07-11,2000000.00,4.627286,99.994140625
08:03:57,91282CKY6,TSRYS5833261,D,S,D,2024-07-11,1000000.00,4.627286,99.994140625
08:03:57,91282CKY6,TSRYS5833261,D,S,D,2024-07-11,1000000.00,4.627286,99.994140625
08:03:57,91282CKY6,TSRYS5833261,D,B,C,2024-07-11,1000000.00,4.627286,99.994140625
08:03:57,91282CKY6,TSRYS5833261,D,S,D,2024-07-11,1000000.00,4.627286,99.994140625
08:03:57,91282CKY6,TSRYS5833261,D,B,C,2024-07-11,1000000.00,4.627286,99.994140625
08:03:57,91282CKY6,TSRYS5833261,D,S,D,2024-07-11,1000000.00,4.627286,99.994140625
08:03:57,91282CKY6,TSRYS5833261,D,B,C,2024-07-11,1000000.00,4.627286,99.994140625
08:03:57,91282CKY6,TSRYS5833261,D,S,D,2024-07-11,1000000.00,4.627286,99.994140625
08:03:57,91282CKY6,TSRYS5833261,D,S,D,2024-07-11,1000000.00,4.627286,99.994140625
08:03:57,91282CKY6,TSRYS5833261,D,S,D,2024-07-11,1000000.00,4.627286,99.994140625
08:03:57,91282CKY6,TSRYS5833261,D,S,D,2024-07-11,1000000.00,4.627286,99.994140625
08:03:57,91282CKY6,TSRYS5833261,D,S,C,2024-07-11,1000000.00,4.626236,99.99609375
08:03:58,91282CKY6,TSRYS5833261,D,B,C,2024-07-11,1000000.00,4.626318,99.99594175
08:03:58,91282CKY6,TSRYS5833261,D,S,D,2024-07-11,1000000.00,4.627286,99.994140625
08:03:58,91282CKY6,TSRYS5833261,D,S,D,2024-07-11,1000000.00,4.627286,99.994140625
08:03:58,91282CKY6,TSRYS5833261,D,S,D,2024-07-11,1000000.00,4.627286,99.994140625
08:03:58,91282CKY6,TSRYS5833261,D,S,D,2024-07-11,1000000.00,4.627286,99.994140625
08:03:58,91282CKY6,TSRYS5833261,D,S,T,2024-07-11,1000000.00,4.627286,99.994140625
08:03:58,91282CKY6,TSRYS5833261,D,S,D,2024-07-11,1000000.00,4.627286,99.994140625
08:03:58,91282CKY6,TSRYS5833261,D,S,D,2024-07-11,1000000.00,4.627286,99.994140625
08:03:58,91282CKY6,TSRYS5833261,D,S,T,2024-07-11,5000000.00,4.633586,99.982421875
08:03:58,91282CKY6,TSRYS5833261,D,S,T,2024-07-11,5000000.00,4.633586,99.982421875
08:03:58,91282CKY6,TSRYS5833261,D,S,T,2024-07-11,2000000.00,4.633586,99.982421875
08:03:58,91282CKY6,TSRYS5833261,D,S,T,2024-07-11,2000000.00,4.633586,99.982421875
08:03:59,91282CKY6,TSRYS5833261,D,S,D,2024-07-11,1000000.00,4.627286,99.994140625
08:03:59,91282CKY6,TSRYS5833261,D,S,D,2024-07-11,1000000.00,4.627286,99.994140625
08:03:59,91282CKY6,TSRYS5833261,D,S,D,2024-07-11,1000000.00,4.627286,99.994140625
08:03:59,91282CKY6,TSRYS5833261,D,S,T,2024-07-11,5000000.00,4.633586,99.982421875
08:03:59,91282CKY6,TSRYS5833261,D,S,D,2024-07-11,1000000.00,4.627286,99.994140625
08:03:59,91282CKY6,TSRYS5833261,D,S,D,2024-07-11,1000000.00,4.627286,99.994140625
08:03:59,91282CKY6,TSRYS5833261,D,S,D,2024-07-11,1000000.00,4.627286,99.994140625
08:03:59,91282CKY6,TSRYS5833261,D,S,D,2024-07-11,1000000.00,4.627286,99.994140625
08:03:59,91282CKY6,TSRYS5833261,D,B,C,2024-07-11,204300000.00,4.632536,99.984375
08:03:59,91282CKY6,TSRYS5833261,D,S,D,2024-07-11,1000000.00,4.627286,99.994140625
08:03:59,91282CKY6,TSRYS5833261,D,S,D,2024-07-11,1000000.00,4.627286,99.994140625
08:03:59,91282CKY6,TSRYS5833261,D,S,D,2024-07-11,1000000.00,4.627286,99.994140625
08:03:59,91282CKY6,TSRYS5833261,D,S,D,2024-07-11,1000000.00,4.627286,99.994140625
08:03:59,91282CKY6,TSRYS5833261,D,S,D,2024-07-11,1000000.00,4.627286,99.994140625
08:03:59,91282CKY6,TSRYS5833261,D,S,D,2024-07-11,1000000.00,4.627286,99.994140625
08:03:59,91282CKY6,TSRYS5833261,D,S,D,2024-07-11,1000000.00,4.627286,99.994140625
08:03:59,91282CKY6,TSRYS5833261,D,S,D,2024-07-11,1000000.00,4.627286,99.994140625
08:03:59,91282CKY6,TSRYS5833261,D,S,D,2024-07-11,4000000.00,4.633586,99.982421875
08:03:59,91282CKY6,TSRYS5833261,D,S,D,2024-07-11,1000000.00,4.627286,99.994140625
08:03:59,91282CKY6,TSRYS5833261,D,S,D,2024-07-11,1000000.00,4.627286,99.994140625
08:03:59,91282CKY6,TSRYS5833261,D,S,D,2024-07-11,1000000.00,4.627286,99.994140625
08:03:59,91282CKY6,TSRYS5833261,D,S,D,2024-07-11,1000000.00,4.627286,99.994140625
08:03:59,91282CKY6,TSRYS5833261,D,S,D,2024-07-11,1000000.00,4.627286,99.994140625
08:03:59,91282CKY6,TSRYS5833261,D,S,D,2024-07-11,1000000.00,4.627286,99.994140625
08:04:00,91282CKY6,TSRYS5833261,D,S,D,2024-07-11,1000000.00,4.627286,99.994140625
08:04:00,91282CKY6,TSRYS5833261,D,S,D,2024-07-11,1000000.00,4.627286,99.994140625
08:04:00,91282CKY6,TSRYS5833261,D,S,D,2024-07-11,4000000.00,4.633586,99.982421875
