tradeTime,cusip,issueSymbolIdentifier,priceType,reportingSideCode,contraPartyTypeCode,tradeDate,reportedTradeVolume,lastSaleYield,lastSalePrice
08:00:05,91282CKY6,TSRYS5833261,D,S,T,2024-07-15,3000000.00,4.444846,100.33203125
08:00:05,91282CKY6,TSRYS5833261,D,S,D,2024-07-15,1000000.00,4.444846,100.33203125
08:00:05,91282CKY6,TSRYS5833261,D,S,D,2024-07-15,2000000.00,4.444846,100.33203125
08:00:05,91282CKY6,TSRYS5833261,D,S,D,2024-07-15,1000000.00,4.444846,100.33203125
08:00:05,91282CKY6,TSRYS5833261,D,S,D,2024-07-15,1000000.00,4.444846,100.33203125
08:00:05,91282CKY6,TSRYS5833261,D,S,T,2024-07-15,4000000.00,4.438542,100.34375
08:00:09,91282CKY6,TSRYS5833261,D,S,T,2024-07-15,1000000.00,4.441694,100.337890625
08:00:09,91282CKY6,TSRYS5833261,D,S,D,2024-07-15,1000000.00,4.440643,100.33984375
08:00:09,91282CKY6,TSRYS5833261,D,S,D,2024-07-15,1000000.00,4.440643,100.33984375
08:00:09,91282CKY6,TSRYS5833261,D,S,D,2024-07-15,1000000.00,4.440643,100.33984375
08:00:09,91282CKY6,TSRYS5833261,D,S,D,2024-07-15,1000000.00,4.440643,100.33984375
08:00:09,91282CKY6,TSRYS5833261,D,S,D,2024-07-15,1000000.00,4.440643,100.33984375
08:00:09,91282CKY6,TSRYS5833261,D,S,T,2024-07-15,1000000.00,4.442745,100.3359375
08:00:09,91282CKY6,TSRYS5833261,D,S,T,2024-07-15,1000000.00,4.442745,100.3359375
08:00:09,91282CKY6,TSRYS5833261,D,S,T,2024-07-15,1000000.00,4.446948,100.328125
08:00:09,91282CKY6,TSRYS5833261,D,S,T,2024-07-15,1000000.00,4.446948,100.328125
08:00:09,91282CKY6,TSRYS5833261,D,S,T,2024-07-15,2000000.00,4.44905,100.32421875
08:00:09,91282CKY6,TSRYS5833261,D,S,T,2024-07-15,1000000.00,4.44905,100.32421875
08:00:09,91282CKY6,TSRYS5833261,D,S,T,2024-07-15,1000000.00,4.44905,100.32421875
08:00:09,91282CKY6,TSRYS5833261,D,S,T,2024-07-15,4000000.00,4.453254,100.31640625
08:00:09,91282CKY6,TSRYS5833261,D,S,T,2024-07-15,1000000.00,4.453254,100.31640625
08:00:09,91282CKY6,TSRYS5833261,D,S,D,2024-07-15,1000000.00,4.459561,100.3046875
08:00:09,91282CKY6,TSRYS5833261,D,S,D,2024-07-15,1000000.00,4.459561,100.3046875
08:00:09,91282CKY6,TSRYS5833261,D,S,D,2024-07-15,4000000.00,4.459561,100.3046875
08:00:09,91282CKY6,TSRYS5833261,D,S,D,2024-07-15,1000000.00,4.463766,100.296875
08:00:09,91282CKY6,TSRYS5833261,D,B,A,2024-07-15,2917000.00,4.476383,100.2734375
08:00:09,91282CKY6,TSRYS5833261,D,B,A,2024-07-15,2000000.00,4.476383,100.273438
08:00:09,91282CKY6,TSRYS5833261,D,S,T,2024-07-15,2000000.00,4.452203,100.318359375
08:00:09,91282CKY6,TSRYS5833261,D,S,T,2024-07-15,1000000.00,4.452203,100.318359375
08:00:09,91282CKY6,TSRYS5833261,D,S,T,2024-07-15,2000000.00,4.452203,100.318359375
08:00:09,91282CKY6,TSRYS5833261,D,S,T,2024-07-15,1000000.00,4.452203,100.318359375
08:00:09,91282CKY6,TSRYS5833261,D,S,T,2024-07-15,1000000.00,4.452203,100.318359375
08:00:09,91282CKY6,TSRYS5833261,D,S,T,2024-07-15,1000000.00,4.452203,100.318359375
08:00:09,91282CKY6,TSRYS5833261,D,S,T,2024-07-15,1000000.00,4.452203,100.318359375
08:00:09,91282CKY6,TSRYS5833261,D,S,T,2024-07-15,1000000.00,4.452203,100.318359375
08:00:09,91282CKY6,TSRYS5833261,D,S,T,2024-07-15,4000000.00,4.452203,100.318359375
08:00:09,91282CKY6,TSRYS5833261,D,S,T,2024-07-15,1000000.00,4.452203,100.318359375
08:00:09,91282CKY6,TSRYS5833261,D,S,T,2024-07-15,1000000.00,4.452203,100.318359375
08:00:11,91282CKY6,TSRYS5833261,D,S,A,2024-07-15,732000.00,4.440643,100.33984375
08:00:14,91282CKY6,TSRYS5833261,D,S,T,2024-07-15,1000000.00,4.470074,100.28515625
08:00:14,91282CKY6,TSRYS5833261,D,S,T,2024-07-15,1000000.00,4.470074,100.28515625
08:00:14,91282CKY6,TSRYS5833261,D,S,T,2024-07-15,1000000.00,4.46692,100.291015625
08:00:14,91282CKY6,TSRYS5833261,D,S,T,2024-07-15,1000000.00,4.459561,100.3046875
08:00:14,91282CKY6,TSRYS5833261,D,S,T,2024-07-15,6000000.00,4.459561,100.3046875
08:00:14,91282CKY6,TSRYS5833261,D,S,T,2024-07-15,1000000.00,4.456407,100.310546875
08:00:14,91282CKY6,TSRYS5833261,D,S,T,2024-07-15,1000000.00,4.456407,100.310546875
08:00:14,91282CKY6,TSRYS5833261,D,S,T,2024-07-15,1000000.00,4.454305,100.314453125
08:00:14,91282CKY6,TSRYS5833261,D,S,T,2024-07-15,1000000.00,4.454305,100.314453125
08:00:14,91282CKY6,TSRYS5833261,D,S,T,2024-07-15,1000000.00,4.452203,100.318359375
08:00:14,91282CKY6,TSRYS5833261,D,S,T,2024-07-15,3000000.00,4.44905,100.32421875
08:00:14,91282CKY6,TSRYS5833261,D,S,T,2024-07-15,2000000.00,4.44905,100.32421875
08:00:18,91282CKY6,TSRYS5833261,D,S,T,2024-07-15,1000000.00,4.444846,100.33203125
08:00:18,91282CKY6,TSRYS5833261,D,S,T,2024-07-15,1000000.00,4.440643,100.33984375
08:00:18,91282CKY6,TSRYS5833261,D,S,T,2024-07-15,1000000.00,4.437491,100.345703125
08:00:18,91282CKY6,TSRYS5833261,D,S,D,2024-07-15,1000000.00,4.47428,100.27734375
08:00:18,91282CKY6,TSRYS5833261,D,S,D,2024-07-15,1000000.00,4.475332,100.275390625
08:00:18,91282CKY6,TSRYS5833261,D,S,T,2024-07-15,1000000.00,4.445897,100.330078125
08:00:18,91282CKY6,TSRYS5833261,D,S,D,2024-07-15,1000000.00,4.441694,100.337890625
08:00:18,91282CKY6,TSRYS5833261,D,S,T,2024-07-15,1000000.00,4.439593,100.341796875
08:00:18,91282CKY6,TSRYS5833261,D,S,D,2024-07-15,1000000.00,4.440643,100.33984375
08:00:18,91282CKY6,TSRYS5833261,D,S,D,2024-07-15,1000000.00,4.440643,100.33984375
08:00:18,91282CKY6,TSRYS5833261,D,S,T,2024-07-15,1000000.00,4.445897,100.330078125
08:00:18,91282CKY6,TSRYS5833261,D,S,T,2024-07-15,1000000.00,4.443796,100.333984375
08:00:18,91282CKY6,TSRYS5833261,D,S,T,2024-07-15,1000000.00,4.445897,100.330078125
08:00:18,91282CKY6,TSRYS5833261,D,S,T,2024-07-15,1000000.00,4.445897,100.330078125
08:00:18,91282CKY6,TSRYS5833261,D,S,T,2024-07-15,1000000.00,4.44905,100.32421875
08:00:18,91282CKY6,TSRYS5833261,D,S,T,2024-07-15,1000000.00,4.450101,100.322265625
08:00:18,91282CKY6,TSRYS5833261,D,S,T,2024-07-15,1000000.00,4.450101,100.322265625
08:00:18,91282CKY6,TSRYS5833261,D,S,T,2024-07-15,1000000.00,4.444846,100.33203125
08:00:18,91282CKY6,TSRYS5833261,D,S,T,2024-07-15,1000000.00,4.444846,100.33203125
08:00:18,91282CKY6,TSRYS5833261,D,S,T,2024-07-15,2000000.00,4.444846,100.33203125
08:00:18,91282CKY6,TSRYS5833261,D,S,T,2024-07-15,2000000.00,4.444846,100.33203125
08:00:18,91282CKY6,TSRYS5833261,D,S,T,2024-07-15,2000000.00,4.444846,100.33203125
08:00:18,91282CKY6,TSRYS5833261,D,S,T,2024-07-15,1000000.00,4.444846,100.33203125
08:00:18,91282CKY6,TSRYS5833261,D,S,T,2024-07-15,2000000.00,4.444846,100.33203125
08:00:18,91282CKY6,TSRYS5833261,D,S,T,2024-07-15,1000000.00,4.444846,100.33203125
08:00:18,91282CKY6,TSRYS5833261,D,S,T,2024-07-15,1000000.00,4.444846,100.33203125
08:00:18,91282CKY6,TSRYS5833261,D,S,T,2024-07-15,1000000.00,4.444846,100.33203125
08:00:18,91282CKY6,TSRYS5833261,D,S,T,2024-07-15,2000000.00,4.444846,100.33203125
08:00:18,91282CKY6,TSRYS5833261,D,S,T,2024-07-15,1000000.00,4.444846,100.33203125
08:00:18,91282CKY6,TSRYS5833261,D,S,T,2024-07-15,1000000.00,4.444846,100.33203125
08:00:18,91282CKY6,TSRYS5833261,D,S,T,2024-07-15,3000000.00,4.444846,100.33203125
08:00:18,91282CKY6,TSRYS5833261,D,S,T,2024-07-15,4000000.00,4.444846,100.33203125
08:00:18,91282CKY6,TSRYS5833261,D,S,T,2024-07-15,8000000.00,4.446948,100.328125
08:00:18,91282CKY6,TSRYS5833261,D,S,T,2024-07-15,1000000.00,4.463766,100.296875
08:00:18,91282CKY6,TSRYS5833261,D,S,T,2024-07-15,1000000.00,4.463766,100.296875
08:00:18,91282CKY6,TSRYS5833261,D,S,T,2024-07-15,1000000.00,4.465868,100.29296875
08:00:18,91282CKY6,TSRYS5833261,D,S,A,2024-07-15,4000000.00,4.440643,100.33984375
08:00:18,91282CKY6,TSRYS5833261,D,S,A,2024-07-15,3000000.00,4.440643,100.33984375
08:00:18,91282CKY6,TSRYS5833261,D,S,A,2024-07-15,4000000.00,4.440643,100.33984375
08:00:18,91282CKY6,TSRYS5833261,D,S,D,2024-07-15,1000000.00,4.472177,100.28125
08:00:18,91282CKY6,TSRYS5833261,D,S,D,2024-07-15,1000000.00,4.46692,100.291015625
08:00:18,91282CKY6,TSRYS5833261,D,S,D,2024-07-15,1000000.00,4.460612,100.302734375
08:00:18,91282CKY6,TSRYS5833261,D,S,D,2024-07-15,1000000.00,4.461663,100.30078125
08:00:22,91282CKY6,TSRYS5833261,D,S,D,2024-07-15,1000000.00,4.459561,100.3046875
08:00:22,91282CKY6,TSRYS5833261,D,S,D,2024-07-15,2000000.00,4.459561,100.3046875
08:00:22,91282CKY6,TSRYS5833261,D,S,D,2024-07-15,3000000.00,4.459561,100.3046875
08:00:22,91282CKY6,TSRYS5833261,D,S,D,2024-07-15,1000000.00,4.459561,100.3046875
08:00:22,91282CKY6,TSRYS5833261,D,S,D,2024-07-15,2000000.00,4.459561,100.3046875
08:00:22,91282CKY6,TSRYS5833261,D,S,D,2024-07-15,1000000.00,4.459561,100.3046875
08:00:22,91282CKY6,TSRYS5833261,D,S,D,2024-07-15,3000000.00,4.459561,100.3046875
08:00:22,91282CKY6,TSRYS5833261,D,S,D,2024-07-15,4000000.00,4.459561,100.3046875
08:00:22,91282CKY6,TSRYS5833261,D,S,D,2024-07-15,4000000.00,4.459561,100.3046875
08:00:22,91282CKY6,TSRYS5833261,D,S,D,2024-07-15,1000000.00,4.459561,100.3046875
08:00:22,91282CKY6,TSRYS5833261,D,S,D,2024-07-15,5000000.00,4.459561,100.3046875
08:00:22,91282CKY6,TSRYS5833261,D,S,D,2024-07-15,4000000.00,4.459561,100.3046875
08:00:22,91282CKY6,TSRYS5833261,D,S,D,2024-07-15,5000000.00,4.45851,100.306640625
08:00:22,91282CKY6,TSRYS5833261,D,S,D,2024-07-15,4000000.00,4.45851,100.306640625
08:00:22,91282CKY6,TSRYS5833261,D,S,D,2024-07-15,1000000.00,4.454305,100.314453125
08:00:22,91282CKY6,TSRYS5833261,D,S,D,2024-07-15,1000000.00,4.454305,100.314453125
08:00:22,91282CKY6,TSRYS5833261,D,S,D,2024-07-15,4000000.00,4.454305,100.314453125
08:00:22,91282CKY6,TSRYS5833261,D,S,D,2024-07-15,2000000.00,4.455356,100.3125
08:00:22,91282CKY6,TSRYS5833261,D,S,D,2024-07-15,5000000.00,4.455356,100.3125
08:00:22,91282CKY6,TSRYS5833261,D,S,D,2024-07-15,1000000.00,4.454305,100.314453125
08:00:22,91282CKY6,TSRYS5833261,D,S,D,2024-07-15,1000000.00,4.454305,100.314453125
08:00:23,91282CKY6,TSRYS5833261,D,S,D,2024-07-15,1000000.00,4.454305,100.314453125
08:00:23,91282CKY6,TSRYS5833261,D,S,D,2024-07-15,1000000.00,4.454305,100.314453125
08:00:23,91282CKY6,TSRYS5833261,D,S,D,2024-07-15,3000000.00,4.454305,100.314453125
08:00:23,91282CKY6,TSRYS5833261,D,S,D,2024-07-15,4000000.00,4.453254,100.31640625
08:00:24,91282CKY6,TSRYS5833261,D,S,D,2024-07-15,1000000.00,4.454305,100.314453125
08:00:28,91282CKY6,TSRYS5833261,D,S,D,2024-07-15,1000000.00,4.446948,100.328125
08:00:29,91282CKY6,TSRYS5833261,D,S,T,2024-07-15,3000000.00,4.44905,100.32421875
08:00:29,91282CKY6,TSRYS5833261,D,S,T,2024-07-15,1000000.00,4.467971,100.2890625
08:00:29,91282CKY6,TSRYS5833261,D,S,C,2024-07-15,3000000.00,4.457458,100.30859375
08:00:29,91282CKY6,TSRYS5833261,D,S,T,2024-07-15,1000000.00,4.455356,100.3125
08:00:29,91282CKY6,TSRYS5833261,D,S,T,2024-07-15,1000000.00,4.455356,100.3125
08:00:29,91282CKY6,TSRYS5833261,D,S,T,2024-07-15,1000000.00,4.455356,100.3125
08:00:29,91282CKY6,TSRYS5833261,D,S,D,2024-07-15,2000000.00,4.455356,100.3125
08:00:29,91282CKY6,TSRYS5833261,D,S,D,2024-07-15,2000000.00,4.455356,100.3125
08:00:29,91282CKY6,TSRYS5833261,D,S,T,2024-07-15,1000000.00,4.442745,100.3359375
08:00:29,91282CKY6,TSRYS5833261,D,S,C,2024-07-15,11000000.00,4.438542,100.34375
08:00:29,91282CKY6,TSRYS5833261,D,S,D,2024-07-15,3000000.00,4.44905,100.32421875
08:00:33,91282CKY6,TSRYS5833261,D,S,D,2024-07-15,10000000.00,4.463766,100.296875
08:00:33,91282CKY6,TSRYS5833261,D,S,T,2024-07-15,2000000.00,4.461663,100.30078125
08:00:33,91282CKY6,TSRYS5833261,D,S,T,2024-07-15,1000000.00,4.459561,100.3046875
08:00:33,91282CKY6,TSRYS5833261,D,S,T,2024-07-15,1000000.00,4.459561,100.3046875
08:00:33,91282CKY6,TSRYS5833261,D,S,T,2024-07-15,2000000.00,4.457458,100.30859375
08:00:33,91282CKY6,TSRYS5833261,D,S,T,2024-07-15,2000000.00,4.457458,100.30859375
08:00:33,91282CKY6,TSRYS5833261,D,S,T,2024-07-15,1000000.00,4.455356,100.3125
08:00:33,91282CKY6,TSRYS5833261,D,S,T,2024-07-15,8000000.00,4.454305,100.314453125
08:00:33,91282CKY6,TSRYS5833261,D,S,T,2024-07-15,1000000.00,4.455356,100.3125
08:00:33,91282CKY6,TSRYS5833261,D,S,T,2024-07-15,1000000.00,4.455356,100.3125
08:00:33,91282CKY6,TSRYS5833261,D,S,T,2024-07-15,2000000.00,4.455356,100.3125
08:00:33,91282CKY6,TSRYS5833261,D,S,T,2024-07-15,1000000.00,4.455356,100.3125
08:00:33,91282CKY6,TSRYS5833261,D,S,T,2024-07-15,1000000.00,4.455356,100.3125
08:00:33,91282CKY6,TSRYS5833261,D,S,T,2024-07-15,2000000.00,4.44905,100.32421875
08:00:33,91282CKY6,TSRYS5833261,D,S,T,2024-07-15,2000000.00,4.44905,100.32421875
08:00:33,91282CKY6,TSRYS5833261,D,S,T,2024-07-15,1000000.00,4.44905,100.32421875
08:00:33,91282CKY6,TSRYS5833261,D,S,T,2024-07-15,4000000.00,4.44905,100.32421875
08:00:33,91282CKY6,TSRYS5833261,D,S,T,2024-07-15,2000000.00,4.44905,100.32421875
08:00:33,91282CKY6,TSRYS5833261,D,S,T,2024-07-15,1000000.00,4.44905,100.32421875
08:00:37,91282CKY6,TSRYS5833261,D,S,T,2024-07-15,1000000.00,4.450101,100.322265625
08:00:37,91282CKY6,TSRYS5833261,D,S,T,2024-07-15,1000000.00,4.450101,100.322265625
08:00:37,91282CKY6,TSRYS5833261,D,S,T,2024-07-15,1000000.00,4.450101,100.322265625
08:00:37,91282CKY6,TSRYS5833261,D,S,T,2024-07-15,2000000.00,4.444846,100.33203125
08:00:37,91282CKY6,TSRYS5833261,D,S,T,2024-07-15,2000000.00,4.444846,100.33203125
08:00:37,91282CKY6,TSRYS5833261,D,S,T,2024-07-15,1000000.00,4.444846,100.33203125
08:00:37,91282CKY6,TSRYS5833261,D,S,T,2024-07-15,1000000.00,4.444846,100.33203125
08:00:37,91282CKY6,TSRYS5833261,D,S,T,2024-07-15,1000000.00,4.444846,100.33203125
08:00:37,91282CKY6,TSRYS5833261,D,S,T,2024-07-15,2000000.00,4.444846,100.33203125
08:00:37,91282CKY6,TSRYS5833261,D,S,T,2024-07-15,1000000.00,4.443796,100.333984375
08:00:37,91282CKY6,TSRYS5833261,D,S,T,2024-07-15,1000000.00,4.443796,100.333984375
08:00:37,91282CKY6,TSRYS5833261,D,S,T,2024-07-15,1000000.00,4.443796,100.333984375
08:00:37,91282CKY6,TSRYS5833261,D,S,T,2024-07-15,1000000.00,4.444846,100.33203125
08:00:37,91282CKY6,TSRYS5833261,D,S,T,2024-07-15,1000000.00,4.444846,100.33203125
08:00:37,91282CKY6,TSRYS5833261,D,S,T,2024-07-15,2000000.00,4.444846,100.33203125
08:00:37,91282CKY6,TSRYS5833261,D,S,T,2024-07-15,5000000.00,4.444846,100.33203125
08:00:37,91282CKY6,TSRYS5833261,D,S,T,2024-07-15,3000000.00,4.444846,100.33203125
08:00:37,91282CKY6,TSRYS5833261,D,S,T,2024-07-15,2000000.00,4.444846,100.33203125
08:00:37,91282CKY6,TSRYS5833261,D,S,T,2024-07-15,2000000.00,4.443796,100.333984375
08:00:37,91282CKY6,TSRYS5833261,D,S,T,2024-07-15,1000000.00,4.443796,100.333984375
08:00:37,91282CKY6,TSRYS5833261,D,S,T,2024-07-15,2000000.00,4.440643,100.33984375
08:00:37,91282CKY6,TSRYS5833261,D,S,T,2024-07-15,1000000.00,4.440643,100.33984375
08:00:37,91282CKY6,TSRYS5833261,D,S,T,2024-07-15,1000000.00,4.439593,100.341796875
08:00:37,91282CKY6,TSRYS5833261,D,S,T,2024-07-15,2000000.00,4.438542,100.34375
08:00:37,91282CKY6,TSRYS5833261,D,S,T,2024-07-15,2000000.00,4.438542,100.34375
08:00:37,91282CKY6,TSRYS5833261,D,S,T,2024-07-15,1000000.00,4.438542,100.34375
08:00:37,91282CKY6,TSRYS5833261,D,S,T,2024-07-15,2000000.00,4.438542,100.34375
08:00:37,91282CKY6,TSRYS5833261,D,S,T,2024-07-15,2000000.00,4.436441,100.34765625
08:00:37,91282CKY6,TSRYS5833261,D,S,T,2024-07-15,1000000.00,4.438542,100.34375
08:00:37,91282CKY6,TSRYS5833261,D,S,T,2024-07-15,2000000.00,4.438542,100.34375
08:00:37,91282CKY6,TSRYS5833261,D,S,T,2024-07-15,1000000.00,4.440643,100.33984375
08:00:37,91282CKY6,TSRYS5833261,D,S,T,2024-07-15,1000000.00,4.440643,100.33984375
08:00:37,91282CKY6,TSRYS5833261,D,S,T,2024-07-15,2000000.00,4.440643,100.33984375
08:00:37,91282CKY6,TSRYS5833261,D,S,T,2024-07-15,1000000.00,4.440643,100.33984375
08:00:37,91282CKY6,TSRYS5833261,D,S,T,2024-07-15,1000000.00,4.440643,100.33984375
08:00:37,91282CKY6,TSRYS5833261,D,S,T,2024-07-15,2000000.00,4.440643,100.33984375
08:00:37,91282CKY6,TSRYS5833261,D,S,T,2024-07-15,1000000.00,4.440643,100.33984375
08:00:37,91282CKY6,TSRYS5833261,D,S,T,2024-07-15,1000000.00,4.442745,100.3359375
08:00:37,91282CKY6,TSRYS5833261,D,S,T,2024-07-15,1000000.00,4.442745,100.3359375
08:00:37,91282CKY6,TSRYS5833261,D,S,T,2024-07-15,2000000.00,4.442745,100.3359375
08:00:37,91282CKY6,TSRYS5833261,D,S,T,2024-07-15,1000000.00,4.444846,100.33203125
08:00:37,91282CKY6,TSRYS5833261,D,S,T,2024-07-15,2000000.00,4.444846,100.33203125
08:00:37,91282CKY6,TSRYS5833261,D,S,T,2024-07-15,2000000.00,4.444846,100.33203125
08:00:37,91282CKY6,TSRYS5833261,D,S,T,2024-07-15,1000000.00,4.440643,100.33984375
08:00:37,91282CKY6,TSRYS5833261,D,S,T,2024-07-15,1000000.00,4.440643,100.33984375
08:00:37,91282CKY6,TSRYS5833261,D,S,T,2024-07-15,1000000.00,4.440643,100.33984375
08:00:37,91282CKY6,TSRYS5833261,D,S,T,2024-07-15,1000000.00,4.440643,100.33984375
08:00:37,91282CKY6,TSRYS5833261,D,S,T,2024-07-15,2000000.00,4.440643,100.33984375
08:00:37,91282CKY6,TSRYS5833261,D,S,T,2024-07-15,1000000.00,4.440643,100.33984375
08:00:37,91282CKY6,TSRYS5833261,D,S,T,2024-07-15,1000000.00,4.441694,100.337890625
08:00:37,91282CKY6,TSRYS5833261,D,S,T,2024-07-15,1000000.00,4.444846,100.33203125
08:00:37,91282CKY6,TSRYS5833261,D,S,T,2024-07-15,1000000.00,4.444846,100.33203125
08:00:37,91282CKY6,TSRYS5833261,D,S,T,2024-07-15,1000000.00,4.444846,100.33203125
08:00:37,91282CKY6,TSRYS5833261,D,S,T,2024-07-15,3000000.00,4.444846,100.33203125
08:00:37,91282CKY6,TSRYS5833261,D,S,T,2024-07-15,3000000.00,4.443796,100.333984375
08:00:37,91282CKY6,TSRYS5833261,D,S,T,2024-07-15,2000000.00,4.444846,100.33203125
08:00:37,91282CKY6,TSRYS5833261,D,S,T,2024-07-15,1000000.00,4.444846,100.33203125
08:00:37,91282CKY6,TSRYS5833261,D,S,T,2024-07-15,1000000.00,4.444846,100.33203125
08:00:37,91282CKY6,TSRYS5833261,D,S,T,2024-07-15,1000000.00,4.444846,100.33203125
08:00:37,91282CKY6,TSRYS5833261,D,S,T,2024-07-15,6000000.00,4.444846,100.33203125
08:00:37,91282CKY6,TSRYS5833261,D,S,T,2024-07-15,3000000.00,4.444846,100.33203125
08:00:37,91282CKY6,TSRYS5833261,D,S,T,2024-07-15,1000000.00,4.444846,100.33203125
08:00:37,91282CKY6,TSRYS5833261,D,S,T,2024-07-15,1000000.00,4.444846,100.33203125
08:00:37,91282CKY6,TSRYS5833261,D,S,T,2024-07-15,11000000.00,4.444846,100.33203125
08:00:37,91282CKY6,TSRYS5833261,D,S,T,2024-07-15,1000000.00,4.444846,100.33203125
08:00:37,91282CKY6,TSRYS5833261,D,S,T,2024-07-15,1000000.00,4.442745,100.3359375
08:00:37,91282CKY6,TSRYS5833261,D,S,T,2024-07-15,1000000.00,4.444846,100.33203125
08:00:37,91282CKY6,TSRYS5833261,D,S,T,2024-07-15,2000000.00,4.444846,100.33203125
08:00:37,91282CKY6,TSRYS5833261,D,S,T,2024-07-15,2000000.00,4.444846,100.33203125
08:00:37,91282CKY6,TSRYS5833261,D,S,T,2024-07-15,1000000.00,4.445897,100.330078125
08:00:37,91282CKY6,TSRYS5833261,D,S,T,2024-07-15,2000000.00,4.444846,100.33203125
08:00:37,91282CKY6,TSRYS5833261,D,S,T,2024-07-15,1000000.00,4.444846,100.33203125
08:00:37,91282CKY6,TSRYS5833261,D,S,T,2024-07-15,1000000.00,4.444846,100.33203125
08:00:37,91282CKY6,TSRYS5833261,D,S,T,2024-07-15,2000000.00,4.444846,100.33203125
08:00:37,91282CKY6,TSRYS5833261,D,S,T,2024-07-15,2000000.00,4.444846,100.33203125
08:00:37,91282CKY6,TSRYS5833261,D,S,T,2024-07-15,1000000.00,4.442745,100.3359375
08:00:37,91282CKY6,TSRYS5833261,D,S,T,2024-07-15,1000000.00,4.442745,100.3359375
08:00:37,91282CKY6,TSRYS5833261,D,S,T,2024-07-15,2000000.00,4.442745,100.3359375
08:00:37,91282CKY6,TSRYS5833261,D,S,T,2024-07-15,2000000.00,4.442745,100.3359375
08:00:37,91282CKY6,TSRYS5833261,D,S,T,2024-07-15,1000000.00,4.442745,100.3359375
08:00:37,91282CKY6,TSRYS5833261,D,S,T,2024-07-15,2000000.00,4.442745,100.3359375
08:00:37,91282CKY6,TSRYS5833261,D,S,T,2024-07-15,2000000.00,4.442745,100.3359375
08:00:37,91282CKY6,TSRYS5833261,D,S,T,2024-07-15,1000000.00,4.438542,100.34375
08:00:37,91282CKY6,TSRYS5833261,D,S,T,2024-07-15,1000000.00,4.440643,100.33984375
08:00:37,91282CKY6,TSRYS5833261,D,S,T,2024-07-15,1000000.00,4.440643,100.33984375
08:00:37,91282CKY6,TSRYS5833261,D,S,T,2024-07-15,2000000.00,4.440643,100.33984375
08:00:37,91282CKY6,TSRYS5833261,D,S,T,2024-07-15,1000000.00,4.442745,100.3359375
08:00:37,91282CKY6,TSRYS5833261,D,S,T,2024-07-15,5000000.00,4.442745,100.3359375
08:00:37,91282CKY6,TSRYS5833261,D,S,T,2024-07-15,5000000.00,4.442745,100.3359375
08:00:37,91282CKY6,TSRYS5833261,D,S,T,2024-07-15,1000000.00,4.442745,100.3359375
08:00:37,91282CKY6,TSRYS5833261,D,S,T,2024-07-15,2000000.00,4.442745,100.3359375
08:00:37,91282CKY6,TSRYS5833261,D,S,T,2024-07-15,2000000.00,4.442745,100.3359375
08:00:37,91282CKY6,TSRYS5833261,D,S,T,2024-07-15,3000000.00,4.442745,100.3359375
08:00:37,91282CKY6,TSRYS5833261,D,S,T,2024-07-15,2000000.00,4.442745,100.3359375
08:00:37,91282CKY6,TSRYS5833261,D,S,T,2024-07-15,1000000.00,4.444846,100.33203125
08:00:37,91282CKY6,TSRYS5833261,D,S,T,2024-07-15,2000000.00,4.442745,100.3359375
08:00:37,91282CKY6,TSRYS5833261,D,S,T,2024-07-15,1000000.00,4.442745,100.3359375
08:00:37,91282CKY6,TSRYS5833261,D,S,T,2024-07-15,2000000.00,4.442745,100.3359375
08:00:37,91282CKY6,TSRYS5833261,D,S,T,2024-07-15,1000000.00,4.442745,100.3359375
08:00:37,91282CKY6,TSRYS5833261,D,S,T,2024-07-15,1000000.00,4.442745,100.3359375
08:00:37,91282CKY6,TSRYS5833261,D,S,T,2024-07-15,2000000.00,4.444846,100.33203125
08:00:37,91282CKY6,TSRYS5833261,D,S,T,2024-07-15,2000000.00,4.444846,100.33203125
08:00:37,91282CKY6,TSRYS5833261,D,S,T,2024-07-15,1000000.00,4.444846,100.33203125
08:00:37,91282CKY6,TSRYS5833261,D,S,T,2024-07-15,1000000.00,4.444846,100.33203125
08:00:37,91282CKY6,TSRYS5833261,D,S,T,2024-07-15,2000000.00,4.442745,100.3359375
08:00:37,91282CKY6,TSRYS5833261,D,S,T,2024-07-15,5000000.00,4.444846,100.33203125
08:00:37,91282CKY6,TSRYS5833261,D,S,T,2024-07-15,2000000.00,4.444846,100.33203125
08:00:37,91282CKY6,TSRYS5833261,D,S,T,2024-07-15,2000000.00,4.444846,100.33203125
08:00:37,91282CKY6,TSRYS5833261,D,S,T,2024-07-15,1000000.00,4.444846,100.33203125
08:00:37,91282CKY6,TSRYS5833261,D,S,T,2024-07-15,2000000.00,4.444846,100.33203125
08:00:37,91282CKY6,TSRYS5833261,D,S,T,2024-07-15,3000000.00,4.444846,100.33203125
08:00:37,91282CKY6,TSRYS5833261,D,S,T,2024-07-15,2000000.00,4.444846,100.33203125
08:00:37,91282CKY6,TSRYS5833261,D,S,T,2024-07-15,4000000.00,4.446948,100.328125
08:00:37,91282CKY6,TSRYS5833261,D,S,T,2024-07-15,1000000.00,4.446948,100.328125
08:00:37,91282CKY6,TSRYS5833261,D,S,T,2024-07-15,1000000.00,4.446948,100.328125
08:00:37,91282CKY6,TSRYS5833261,D,S,T,2024-07-15,1000000.00,4.44905,100.32421875
08:00:37,91282CKY6,TSRYS5833261,D,S,T,2024-07-15,1000000.00,4.44905,100.32421875
08:00:37,91282CKY6,TSRYS5833261,D,S,T,2024-07-15,2000000.00,4.44905,100.32421875
08:00:37,91282CKY6,TSRYS5833261,D,S,T,2024-07-15,2000000.00,4.44905,100.32421875
08:00:37,91282CKY6,TSRYS5833261,D,S,T,2024-07-15,1000000.00,4.44905,100.32421875
08:00:37,91282CKY6,TSRYS5833261,D,S,T,2024-07-15,1000000.00,4.44905,100.32421875
08:00:37,91282CKY6,TSRYS5833261,D,S,T,2024-07-15,2000000.00,4.450101,100.322265625
08:00:37,91282CKY6,TSRYS5833261,D,S,T,2024-07-15,1000000.00,4.450101,100.322265625
08:00:37,91282CKY6,TSRYS5833261,D,S,T,2024-07-15,2000000.00,4.44905,100.32421875
08:00:37,91282CKY6,TSRYS5833261,D,S,T,2024-07-15,1000000.00,4.447999,100.326171875
08:00:37,91282CKY6,TSRYS5833261,D,S,T,2024-07-15,1000000.00,4.447999,100.326171875
08:00:37,91282CKY6,TSRYS5833261,D,S,T,2024-07-15,2000000.00,4.446948,100.328125
08:00:37,91282CKY6,TSRYS5833261,D,S,T,2024-07-15,2000000.00,4.445897,100.330078125
08:00:37,91282CKY6,TSRYS5833261,D,S,T,2024-07-15,2000000.00,4.444846,100.33203125
08:00:37,91282CKY6,TSRYS5833261,D,S,T,2024-07-15,1000000.00,4.444846,100.33203125
08:00:37,91282CKY6,TSRYS5833261,D,S,T,2024-07-15,1000000.00,4.444846,100.33203125
08:00:37,91282CKY6,TSRYS5833261,D,S,T,2024-07-15,2000000.00,4.444846,100.33203125
08:00:37,91282CKY6,TSRYS5833261,D,S,T,2024-07-15,2000000.00,4.444846,100.33203125
08:00:37,91282CKY6,TSRYS5833261,D,S,T,2024-07-15,2000000.00,4.444846,100.33203125
08:00:37,91282CKY6,TSRYS5833261,D,S,T,2024-07-15,2000000.00,4.444846,100.33203125
08:00:37,91282CKY6,TSRYS5833261,D,S,T,2024-07-15,2000000.00,4.444846,100.33203125
08:00:37,91282CKY6,TSRYS5833261,D,S,T,2024-07-15,15000000.00,4.444846,100.33203125
08:00:37,91282CKY6,TSRYS5833261,D,S,T,2024-07-15,5000000.00,4.444846,100.33203125
08:00:37,91282CKY6,TSRYS5833261,D,S,T,2024-07-15,6000000.00,4.444846,100.33203125
08:00:37,91282CKY6,TSRYS5833261,D,S,T,2024-07-15,1000000.00,4.446948,100.328125
08:00:37,91282CKY6,TSRYS5833261,D,S,T,2024-07-15,2000000.00,4.446948,100.328125
08:00:37,91282CKY6,TSRYS5833261,D,S,T,2024-07-15,2000000.00,4.446948,100.328125
08:00:37,91282CKY6,TSRYS5833261,D,S,T,2024-07-15,2000000.00,4.446948,100.328125
08:00:37,91282CKY6,TSRYS5833261,D,S,T,2024-07-15,2000000.00,4.446948,100.328125
08:00:37,91282CKY6,TSRYS5833261,D,S,T,2024-07-15,2000000.00,4.444846,100.33203125
08:00:37,91282CKY6,TSRYS5833261,D,S,T,2024-07-15,1000000.00,4.444846,100.33203125
08:00:37,91282CKY6,TSRYS5833261,D,S,T,2024-07-15,3000000.00,4.444846,100.33203125
08:00:37,91282CKY6,TSRYS5833261,D,S,T,2024-07-15,2000000.00,4.444846,100.33203125
08:00:37,91282CKY6,TSRYS5833261,D,S,T,2024-07-15,1000000.00,4.443796,100.333984375
08:00:37,91282CKY6,TSRYS5833261,D,S,T,2024-07-15,1000000.00,4.443796,100.333984375
08:00:37,91282CKY6,TSRYS5833261,D,S,T,2024-07-15,1000000.00,4.443796,100.333984375
08:00:37,91282CKY6,TSRYS5833261,D,S,T,2024-07-15,1000000.00,4.446948,100.328125
08:00:37,91282CKY6,TSRYS5833261,D,S,T,2024-07-15,1000000.00,4.446948,100.328125
08:00:37,91282CKY6,TSRYS5833261,D,S,T,2024-07-15,1000000.00,4.446948,100.328125
08:00:37,91282CKY6,TSRYS5833261,D,S,T,2024-07-15,1000000.00,4.446948,100.328125
08:00:37,91282CKY6,TSRYS5833261,D,S,T,2024-07-15,1000000.00,4.446948,100.328125
08:00:37,91282CKY6,TSRYS5833261,D,S,T,2024-07-15,1000000.00,4.446948,100.328125
08:00:37,91282CKY6,TSRYS5833261,D,S,T,2024-07-15,1000000.00,4.446948,100.328125
08:00:37,91282CKY6,TSRYS5833261,D,S,T,2024-07-15,1000000.00,4.446948,100.328125
08:00:37,91282CKY6,TSRYS5833261,D,S,T,2024-07-15,3000000.00,4.446948,100.328125
08:00:37,91282CKY6,TSRYS5833261,D,S,T,2024-07-15,3000000.00,4.446948,100.328125
08:00:37,91282CKY6,TSRYS5833261,D,S,T,2024-07-15,1000000.00,4.446948,100.328125
08:00:37,91282CKY6,TSRYS5833261,D,S,T,2024-07-15,12000000.00,4.446948,100.328125
08:00:37,91282CKY6,TSRYS5833261,D,S,T,2024-07-15,6000000.00,4.446948,100.328125
08:00:37,91282CKY6,TSRYS5833261,D,S,T,2024-07-15,2000000.00,4.446948,100.328125
08:00:37,91282CKY6,TSRYS5833261,D,S,T,2024-07-15,1000000.00,4.446948,100.328125
08:00:37,91282CKY6,TSRYS5833261,D,S,T,2024-07-15,2000000.00,4.444846,100.33203125
08:00:37,91282CKY6,TSRYS5833261,D,S,T,2024-07-15,2000000.00,4.446948,100.328125
08:00:37,91282CKY6,TSRYS5833261,D,S,T,2024-07-15,1000000.00,4.446948,100.328125
08:00:37,91282CKY6,TSRYS5833261,D,S,T,2024-07-15,1000000.00,4.446948,100.328125
08:00:37,91282CKY6,TSRYS5833261,D,S,T,2024-07-15,3000000.00,4.447999,100.326171875
08:00:37,91282CKY6,TSRYS5833261,D,S,T,2024-07-15,3000000.00,4.447999,100.326171875
08:00:37,91282CKY6,TSRYS5833261,D,S,T,2024-07-15,1000000.00,4.446948,100.328125
08:00:37,91282CKY6,TSRYS5833261,D,S,T,2024-07-15,2000000.00,4.446948,100.328125
08:00:37,91282CKY6,TSRYS5833261,D,S,T,2024-07-15,1000000.00,4.446948,100.328125
08:00:37,91282CKY6,TSRYS5833261,D,S,T,2024-07-15,2000000.00,4.446948,100.328125
08:00:37,91282CKY6,TSRYS5833261,D,S,T,2024-07-15,1000000.00,4.446948,100.328125
08:00:37,91282CKY6,TSRYS5833261,D,S,T,2024-07-15,1000000.00,4.446948,100.328125
08:00:37,91282CKY6,TSRYS5833261,D,S,T,2024-07-15,2000000.00,4.446948,100.328125
08:00:37,91282CKY6,TSRYS5833261,D,S,T,2024-07-15,4000000.00,4.446948,100.328125
08:00:37,91282CKY6,TSRYS5833261,D,S,T,2024-07-15,1000000.00,4.44905,100.32421875
08:00:37,91282CKY6,TSRYS5833261,D,S,T,2024-07-15,1000000.00,4.44905,100.32421875
08:00:37,91282CKY6,TSRYS5833261,D,S,T,2024-07-15,2000000.00,4.451152,100.3203125
08:00:37,91282CKY6,TSRYS5833261,D,S,T,2024-07-15,2000000.00,4.453254,100.31640625
08:00:37,91282CKY6,TSRYS5833261,D,S,T,2024-07-15,2000000.00,4.453254,100.31640625
08:00:37,91282CKY6,TSRYS5833261,D,S,T,2024-07-15,2000000.00,4.453254,100.31640625
08:00:37,91282CKY6,TSRYS5833261,D,S,T,2024-07-15,1000000.00,4.453254,100.31640625
08:00:37,91282CKY6,TSRYS5833261,D,S,T,2024-07-15,1000000.00,4.453254,100.31640625
08:00:37,91282CKY6,TSRYS5833261,D,S,T,2024-07-15,2000000.00,4.453254,100.31640625
08:00:37,91282CKY6,TSRYS5833261,D,S,T,2024-07-15,2000000.00,4.453254,100.31640625
08:00:37,91282CKY6,TSRYS5833261,D,S,T,2024-07-15,2000000.00,4.453254,100.31640625
08:00:37,91282CKY6,TSRYS5833261,D,S,T,2024-07-15,2000000.00,4.453254,100.31640625
08:00:37,91282CKY6,TSRYS5833261,D,S,T,2024-07-15,1000000.00,4.453254,100.31640625
08:00:37,91282CKY6,TSRYS5833261,D,S,T,2024-07-15,2000000.00,4.453254,100.31640625
08:00:37,91282CKY6,TSRYS5833261,D,S,T,2024-07-15,1000000.00,4.453254,100.31640625
08:00:37,91282CKY6,TSRYS5833261,D,S,T,2024-07-15,1000000.00,4.453254,100.31640625
08:00:37,91282CKY6,TSRYS5833261,D,S,T,2024-07-15,1000000.00,4.453254,100.31640625
08:00:37,91282CKY6,TSRYS5833261,D,S,T,2024-07-15,1000000.00,4.453254,100.31640625
08:00:37,91282CKY6,TSRYS5833261,D,S,T,2024-07-15,1000000.00,4.452203,100.318359375
08:00:37,91282CKY6,TSRYS5833261,D,S,T,2024-07-15,1000000.00,4.452203,100.318359375
08:00:37,91282CKY6,TSRYS5833261,D,S,T,2024-07-15,1000000.00,4.452203,100.318359375
08:00:37,91282CKY6,TSRYS5833261,D,S,T,2024-07-15,1000000.00,4.452203,100.318359375
08:00:37,91282CKY6,TSRYS5833261,D,S,T,2024-07-15,1000000.00,4.453254,100.31640625
08:00:37,91282CKY6,TSRYS5833261,D,S,T,2024-07-15,1000000.00,4.453254,100.31640625
08:00:37,91282CKY6,TSRYS5833261,D,S,T,2024-07-15,2000000.00,4.453254,100.31640625
08:00:37,91282CKY6,TSRYS5833261,D,S,T,2024-07-15,2000000.00,4.455356,100.3125
08:00:37,91282CKY6,TSRYS5833261,D,S,T,2024-07-15,1000000.00,4.455356,100.3125
08:00:37,91282CKY6,TSRYS5833261,D,S,T,2024-07-15,2000000.00,4.455356,100.3125
08:00:37,91282CKY6,TSRYS5833261,D,S,T,2024-07-15,4000000.00,4.455356,100.3125
08:00:37,91282CKY6,TSRYS5833261,D,S,T,2024-07-15,3000000.00,4.457458,100.30859375
08:00:37,91282CKY6,TSRYS5833261,D,S,T,2024-07-15,2000000.00,4.457458,100.30859375
08:00:37,91282CKY6,TSRYS5833261,D,S,T,2024-07-15,2000000.00,4.457458,100.30859375
08:00:37,91282CKY6,TSRYS5833261,D,S,T,2024-07-15,1000000.00,4.457458,100.30859375
08:00:37,91282CKY6,TSRYS5833261,D,S,T,2024-07-15,2000000.00,4.457458,100.30859375
08:00:37,91282CKY6,TSRYS5833261,D,S,T,2024-07-15,1000000.00,4.457458,100.30859375
08:00:37,91282CKY6,TSRYS5833261,D,S,T,2024-07-15,1000000.00,4.457458,100.30859375
08:00:37,91282CKY6,TSRYS5833261,D,S,T,2024-07-15,1000000.00,4.457458,100.30859375
08:00:37,91282CKY6,TSRYS5833261,D,S,T,2024-07-15,2000000.00,4.457458,100.30859375
08:00:37,91282CKY6,TSRYS5833261,D,S,T,2024-07-15,1000000.00,4.457458,100.30859375
08:00:37,91282CKY6,TSRYS5833261,D,S,T,2024-07-15,1000000.00,4.45851,100.306640625
08:00:37,91282CKY6,TSRYS5833261,D,S,T,2024-07-15,1000000.00,4.459561,100.3046875
08:00:37,91282CKY6,TSRYS5833261,D,S,T,2024-07-15,3000000.00,4.459561,100.3046875
08:00:37,91282CKY6,TSRYS5833261,D,S,T,2024-07-15,2000000.00,4.459561,100.3046875
08:00:37,91282CKY6,TSRYS5833261,D,S,T,2024-07-15,1000000.00,4.459561,100.3046875
08:00:37,91282CKY6,TSRYS5833261,D,S,T,2024-07-15,1000000.00,4.459561,100.3046875
08:00:37,91282CKY6,TSRYS5833261,D,S,T,2024-07-15,2000000.00,4.459561,100.3046875
08:00:37,91282CKY6,TSRYS5833261,D,S,T,2024-07-15,1000000.00,4.459561,100.3046875
08:00:37,91282CKY6,TSRYS5833261,D,S,T,2024-07-15,1000000.00,4.459561,100.3046875
08:00:37,91282CKY6,TSRYS5833261,D,S,T,2024-07-15,2000000.00,4.45851,100.306640625
08:00:37,91282CKY6,TSRYS5833261,D,S,T,2024-07-15,1000000.00,4.45851,100.306640625
08:00:37,91282CKY6,TSRYS5833261,D,S,T,2024-07-15,2000000.00,4.460612,100.302734375
08:00:37,91282CKY6,TSRYS5833261,D,S,T,2024-07-15,2000000.00,4.461663,100.30078125
08:00:37,91282CKY6,TSRYS5833261,D,S,T,2024-07-15,2000000.00,4.463766,100.296875
08:00:37,91282CKY6,TSRYS5833261,D,S,T,2024-07-15,3000000.00,4.462714,100.298828125
08:00:37,91282CKY6,TSRYS5833261,D,S,T,2024-07-15,1000000.00,4.463766,100.296875
08:00:37,91282CKY6,TSRYS5833261,D,S,T,2024-07-15,1000000.00,4.463766,100.296875
08:00:37,91282CKY6,TSRYS5833261,D,S,T,2024-07-15,1000000.00,4.463766,100.296875
08:00:37,91282CKY6,TSRYS5833261,D,S,T,2024-07-15,1000000.00,4.463766,100.296875
08:00:37,91282CKY6,TSRYS5833261,D,S,T,2024-07-15,2000000.00,4.463766,100.296875
08:00:37,91282CKY6,TSRYS5833261,D,S,T,2024-07-15,12000000.00,4.465868,100.29296875
08:00:37,91282CKY6,TSRYS5833261,D,S,T,2024-07-15,2000000.00,4.465868,100.29296875
08:00:37,91282CKY6,TSRYS5833261,D,S,T,2024-07-15,2000000.00,4.465868,100.29296875
08:00:37,91282CKY6,TSRYS5833261,D,S,T,2024-07-15,1000000.00,4.465868,100.29296875
08:00:37,91282CKY6,TSRYS5833261,D,S,T,2024-07-15,3000000.00,4.465868,100.29296875
08:00:37,91282CKY6,TSRYS5833261,D,S,T,2024-07-15,1000000.00,4.465868,100.29296875
08:00:37,91282CKY6,TSRYS5833261,D,S,T,2024-07-15,1000000.00,4.467971,100.2890625
08:00:37,91282CKY6,TSRYS5833261,D,S,T,2024-07-15,1000000.00,4.467971,100.2890625
08:00:37,91282CKY6,TSRYS5833261,D,S,T,2024-07-15,1000000.00,4.467971,100.2890625
08:00:37,91282CKY6,TSRYS5833261,D,S,T,2024-07-15,3000000.00,4.464817,100.294921875
08:00:37,91282CKY6,TSRYS5833261,D,S,T,2024-07-15,2000000.00,4.464817,100.294921875
08:00:37,91282CKY6,TSRYS5833261,D,S,T,2024-07-15,1000000.00,4.464817,100.294921875
08:00:37,91282CKY6,TSRYS5833261,D,S,T,2024-07-15,1000000.00,4.463766,100.296875
08:00:37,91282CKY6,TSRYS5833261,D,S,T,2024-07-15,1000000.00,4.463766,100.296875
08:00:37,91282CKY6,TSRYS5833261,D,S,D,2024-07-15,2000000.00,4.459561,100.3046875
08:00:37,91282CKY6,TSRYS5833261,D,S,D,2024-07-15,2000000.00,4.459561,100.3046875
08:00:37,91282CKY6,TSRYS5833261,D,S,D,2024-07-15,3000000.00,4.459561,100.3046875
08:00:37,91282CKY6,TSRYS5833261,D,S,D,2024-07-15,4000000.00,4.459561,100.3046875
08:00:37,91282CKY6,TSRYS5833261,D,S,D,2024-07-15,4000000.00,4.45851,100.306640625
08:00:37,91282CKY6,TSRYS5833261,D,S,D,2024-07-15,4000000.00,4.454305,100.314453125
08:00:37,91282CKY6,TSRYS5833261,D,S,D,2024-07-15,1000000.00,4.454305,100.314453125
08:00:37,91282CKY6,TSRYS5833261,D,S,D,2024-07-15,3000000.00,4.454305,100.314453125
08:00:37,91282CKY6,TSRYS5833261,D,S,D,2024-07-15,1000000.00,4.440643,100.33984375
08:00:37,91282CKY6,TSRYS5833261,D,S,D,2024-07-15,3000000.00,4.440643,100.33984375
08:00:37,91282CKY6,TSRYS5833261,D,S,D,2024-07-15,3000000.00,4.442745,100.3359375
08:00:37,91282CKY6,TSRYS5833261,D,S,D,2024-07-15,4000000.00,4.446948,100.328125
08:00:37,91282CKY6,TSRYS5833261,D,S,D,2024-07-15,4000000.00,4.446948,100.328125
08:00:37,91282CKY6,TSRYS5833261,D,S,D,2024-07-15,1000000.00,4.452203,100.318359375
08:00:37,91282CKY6,TSRYS5833261,D,S,D,2024-07-15,1000000.00,4.452203,100.318359375
08:00:37,91282CKY6,TSRYS5833261,D,S,D,2024-07-15,1000000.00,4.452203,100.318359375
08:00:37,91282CKY6,TSRYS5833261,D,S,D,2024-07-15,4000000.00,4.459561,100.3046875
08:00:37,91282CKY6,TSRYS5833261,D,S,D,2024-07-15,2000000.00,4.461663,100.30078125
08:00:37,91282CKY6,TSRYS5833261,D,S,D,2024-07-15,4000000.00,4.461663,100.30078125
08:00:37,91282CKY6,TSRYS5833261,D,S,D,2024-07-15,1000000.00,4.463766,100.296875
08:00:37,91282CKY6,TSRYS5833261,D,S,D,2024-07-15,2000000.00,4.465868,100.29296875
08:00:37,91282CKY6,TSRYS5833261,D,S,D,2024-07-15,3000000.00,4.46692,100.291015625
08:00:37,91282CKY6,TSRYS5833261,D,S,D,2024-07-15,4000000.00,4.463766,100.296875
08:00:37,91282CKY6,TSRYS5833261,D,S,D,2024-07-15,3000000.00,4.438542,100.34375
08:00:37,91282CKY6,TSRYS5833261,D,S,D,2024-07-15,1000000.00,4.440643,100.33984375
08:00:37,91282CKY6,TSRYS5833261,D,S,D,2024-07-15,1000000.00,4.440643,100.33984375
08:00:37,91282CKY6,TSRYS5833261,D,S,D,2024-07-15,1000000.00,4.440643,100.33984375
08:00:37,91282CKY6,TSRYS5833261,D,S,T,2024-07-15,2000000.00,4.459561,100.3046875
08:00:37,91282CKY6,TSRYS5833261,D,S,T,2024-07-15,1000000.00,4.459561,100.3046875
08:00:37,91282CKY6,TSRYS5833261,D,S,T,2024-07-15,4000000.00,4.45851,100.306640625
08:00:37,91282CKY6,TSRYS5833261,D,S,T,2024-07-15,4000000.00,4.457458,100.30859375
08:00:37,91282CKY6,TSRYS5833261,D,S,T,2024-07-15,4000000.00,4.457458,100.30859375
08:00:37,91282CKY6,TSRYS5833261,D,S,T,2024-07-15,4000000.00,4.457458,100.30859375
08:00:37,91282CKY6,TSRYS5833261,D,S,T,2024-07-15,1000000.00,4.457458,100.30859375
08:00:37,91282CKY6,TSRYS5833261,D,S,T,2024-07-15,4000000.00,4.454305,100.314453125
08:00:37,91282CKY6,TSRYS5833261,D,S,T,2024-07-15,4000000.00,4.454305,100.314453125
08:00:37,91282CKY6,TSRYS5833261,D,S,T,2024-07-15,4000000.00,4.454305,100.314453125
08:00:37,91282CKY6,TSRYS5833261,D,S,T,2024-07-15,1000000.00,4.454305,100.314453125
08:00:37,91282CKY6,TSRYS5833261,D,S,T,2024-07-15,1000000.00,4.454305,100.314453125
08:00:37,91282CKY6,TSRYS5833261,D,S,T,2024-07-15,4000000.00,4.454305,100.314453125
08:00:37,91282CKY6,TSRYS5833261,D,S,T,2024-07-15,3000000.00,4.454305,100.314453125
08:00:37,91282CKY6,TSRYS5833261,D,S,T,2024-07-15,4000000.00,4.454305,100.314453125
08:00:37,91282CKY6,TSRYS5833261,D,S,T,2024-07-15,4000000.00,4.453254,100.31640625
08:00:37,91282CKY6,TSRYS5833261,D,S,T,2024-07-15,1000000.00,4.440643,100.33984375
08:00:37,91282CKY6,TSRYS5833261,D,S,T,2024-07-15,2000000.00,4.445897,100.330078125
08:00:37,91282CKY6,TSRYS5833261,D,S,T,2024-07-15,4000000.00,4.445897,100.330078125
08:00:37,91282CKY6,TSRYS5833261,D,S,T,2024-07-15,2000000.00,4.446948,100.328125
08:00:37,91282CKY6,TSRYS5833261,D,S,T,2024-07-15,4000000.00,4.45851,100.306640625
08:00:37,91282CKY6,TSRYS5833261,D,S,T,2024-07-15,4000000.00,4.459561,100.3046875
08:00:37,91282CKY6,TSRYS5833261,D,S,T,2024-07-15,1000000.00,4.459561,100.3046875
08:00:37,91282CKY6,TSRYS5833261,D,S,T,2024-07-15,4000000.00,4.459561,100.3046875
08:00:37,91282CKY6,TSRYS5833261,D,S,T,2024-07-15,2000000.00,4.459561,100.3046875
08:00:37,91282CKY6,TSRYS5833261,D,S,T,2024-07-15,1000000.00,4.459561,100.3046875
08:00:37,91282CKY6,TSRYS5833261,D,S,T,2024-07-15,1000000.00,4.459561,100.3046875
08:00:37,91282CKY6,TSRYS5833261,D,S,T,2024-07-15,1000000.00,4.460612,100.302734375
08:00:37,91282CKY6,TSRYS5833261,D,S,D,2024-07-15,4000000.00,4.463766,100.296875
08:00:37,91282CKY6,TSRYS5833261,D,S,D,2024-07-15,2000000.00,4.463766,100.296875
08:00:37,91282CKY6,TSRYS5833261,D,S,D,2024-07-15,2000000.00,4.463766,100.296875
08:00:37,91282CKY6,TSRYS5833261,D,S,D,2024-07-15,4000000.00,4.463766,100.296875
08:00:37,91282CKY6,TSRYS5833261,D,S,D,2024-07-15,1000000.00,4.465868,100.29296875
08:00:37,91282CKY6,TSRYS5833261,D,S,D,2024-07-15,2000000.00,4.465868,100.29296875
08:00:37,91282CKY6,TSRYS5833261,D,S,T,2024-07-15,2000000.00,4.464817,100.294921875
08:00:37,91282CKY6,TSRYS5833261,D,S,T,2024-07-15,1000000.00,4.462714,100.298828125
08:00:37,91282CKY6,TSRYS5833261,D,S,T,2024-07-15,2000000.00,4.462714,100.298828125
08:00:37,91282CKY6,TSRYS5833261,D,S,T,2024-07-15,4000000.00,4.462714,100.298828125
08:00:37,91282CKY6,TSRYS5833261,D,S,T,2024-07-15,4000000.00,4.462714,100.298828125
08:00:37,91282CKY6,TSRYS5833261,D,S,T,2024-07-15,1000000.00,4.462714,100.298828125
08:00:37,91282CKY6,TSRYS5833261,D,B,A,2024-07-15,145000.00,4.446948,100.328125
08:00:37,91282CKY6,TSRYS5833261,D,S,T,2024-07-15,3000000.00,4.446948,100.328125
08:00:37,91282CKY6,TSRYS5833261,D,S,T,2024-07-15,4000000.00,4.444846,100.33203125
08:00:37,91282CKY6,TSRYS5833261,D,S,T,2024-07-15,1000000.00,4.445897,100.330078125
08:00:37,91282CKY6,TSRYS5833261,D,S,T,2024-07-15,10000000.00,4.446948,100.328125
08:00:37,91282CKY6,TSRYS5833261,D,S,T,2024-07-15,3000000.00,4.451152,100.3203125
08:00:37,91282CKY6,TSRYS5833261,D,S,T,2024-07-15,2000000.00,4.446948,100.328125
08:00:37,91282CKY6,TSRYS5833261,D,S,T,2024-07-15,4000000.00,4.445897,100.330078125
08:00:37,91282CKY6,TSRYS5833261,D,S,T,2024-07-15,1000000.00,4.444846,100.33203125
08:00:37,91282CKY6,TSRYS5833261,D,S,T,2024-07-15,5000000.00,4.444846,100.33203125
08:00:37,91282CKY6,TSRYS5833261,D,S,T,2024-07-15,1000000.00,4.447999,100.326171875
08:00:37,91282CKY6,TSRYS5833261,D,S,T,2024-07-15,1000000.00,4.444846,100.33203125
08:00:37,91282CKY6,TSRYS5833261,D,S,T,2024-07-15,4000000.00,4.445897,100.330078125
08:00:37,91282CKY6,TSRYS5833261,D,S,T,2024-07-15,4000000.00,4.446948,100.328125
08:00:37,91282CKY6,TSRYS5833261,D,S,T,2024-07-15,4000000.00,4.444846,100.33203125
08:00:37,91282CKY6,TSRYS5833261,D,S,T,2024-07-15,6000000.00,4.44905,100.32421875
08:00:37,91282CKY6,TSRYS5833261,D,S,T,2024-07-15,1000000.00,4.44905,100.32421875
08:00:37,91282CKY6,TSRYS5833261,D,B,A,2024-07-15,8000000.00,4.469807,100.28515625
08:00:37,91282CKY6,TSRYS5833261,D,S,C,2024-07-15,10000000.00,4.472177,100.28125
08:00:37,91282CKY6,TSRYS5833261,D,B,C,2024-07-15,13459000.00,4.47428,100.27734375
08:00:37,91282CKY6,TSRYS5833261,D,B,A,2024-07-15,9766000.00,4.47428,100.27734375
08:00:37,91282CKY6,TSRYS5833261,D,S,A,2024-07-15,20000000.00,4.465868,100.29296875
08:00:37,91282CKY6,TSRYS5833261,D,S,T,2024-07-15,1000000.00,4.459561,100.3046875
08:00:37,91282CKY6,TSRYS5833261,D,S,D,2024-07-15,1000000.00,4.459561,100.3046875
08:00:37,91282CKY6,TSRYS5833261,D,S,T,2024-07-15,1000000.00,4.457458,100.30859375
08:00:37,91282CKY6,TSRYS5833261,D,S,T,2024-07-15,1000000.00,4.455356,100.3125
08:00:37,91282CKY6,TSRYS5833261,D,S,T,2024-07-15,1000000.00,4.453254,100.31640625
08:00:37,91282CKY6,TSRYS5833261,D,B,C,2024-07-15,1000000.00,4.45301,100.316859375
08:00:37,91282CKY6,TSRYS5833261,D,S,C,2024-07-15,1000.00,4.44905,100.32421875
08:00:37,91282CKY6,TSRYS5833261,D,B,C,2024-07-15,1000.00,4.44905,100.32421875
08:00:37,91282CKY6,TSRYS5833261,D,S,D,2024-07-15,1000000.00,4.446948,100.328125
08:00:37,91282CKY6,TSRYS5833261,D,S,C,2024-07-15,1300000.00,4.444846,100.33203125
08:00:37,91282CKY6,TSRYS5833261,D,S,A,2024-07-15,1000000.00,4.444846,100.33203125
08:00:37,91282CKY6,TSRYS5833261,D,S,A,2024-07-15,5000000.00,4.444846,100.33203125
08:00:37,91282CKY6,TSRYS5833261,D,S,A,2024-07-15,2000000.00,4.444846,100.33203125
08:00:37,91282CKY6,TSRYS5833261,D,S,A,2024-07-15,2000000.00,4.444846,100.33203125
08:00:37,91282CKY6,TSRYS5833261,D,S,C,2024-07-15,1973000.00,4.436441,100.34765625
08:00:37,91282CKY6,TSRYS5833261,D,S,A,2024-07-15,21500000.00,4.436441,100.34765625
08:00:37,91282CKY6,TSRYS5833261,D,B,A,2024-07-15,250MM+,4.444846,100.33203125
08:00:37,91282CKY6,TSRYS5833261,D,S,C,2024-07-15,1000.00,4.442745,100.3359375
08:00:37,91282CKY6,TSRYS5833261,D,S,T,2024-07-15,1000000.00,4.440643,100.33984375
08:00:37,91282CKY6,TSRYS5833261,D,B,A,2024-07-15,3319000.00,4.440643,100.33984375
08:00:37,91282CKY6,TSRYS5833261,D,S,C,2024-07-15,15300000.00,4.444846,100.33203125
08:00:37,91282CKY6,TSRYS5833261,D,S,C,2024-07-15,13500000.00,4.442745,100.3359375
08:00:37,91282CKY6,TSRYS5833261,D,B,C,2024-07-15,2230000.00,4.465868,100.29296875
08:00:37,91282CKY6,TSRYS5833261,D,S,D,2024-07-15,200000.00,4.465868,100.29296875
08:00:37,91282CKY6,TSRYS5833261,D,S,A,2024-07-15,50000000.00,4.465868,100.29296875
08:00:37,91282CKY6,TSRYS5833261,D,S,D,2024-07-15,2000000.00,4.440643,100.33984375
08:00:37,91282CKY6,TSRYS5833261,D,S,D,2024-07-15,3000000.00,4.440643,100.33984375
08:00:37,91282CKY6,TSRYS5833261,D,S,D,2024-07-15,1000000.00,4.442745,100.3359375
08:00:37,91282CKY6,TSRYS5833261,D,S,C,2024-07-15,12704000.00,4.442745,100.3359375
08:00:37,91282CKY6,TSRYS5833261,D,S,D,2024-07-15,1000000.00,4.441694,100.337890625
08:00:37,91282CKY6,TSRYS5833261,D,S,D,2024-07-15,1000000.00,4.441694,100.337890625
08:00:37,91282CKY6,TSRYS5833261,D,S,D,2024-07-15,2000000.00,4.442745,100.3359375
08:00:37,91282CKY6,TSRYS5833261,D,S,D,2024-07-15,1000000.00,4.442745,100.3359375
08:00:37,91282CKY6,TSRYS5833261,D,S,D,2024-07-15,2000000.00,4.441694,100.337890625
08:00:37,91282CKY6,TSRYS5833261,D,S,D,2024-07-15,1000000.00,4.442745,100.3359375
08:00:37,91282CKY6,TSRYS5833261,D,S,D,2024-07-15,1000000.00,4.442745,100.3359375
08:00:37,91282CKY6,TSRYS5833261,D,S,D,2024-07-15,1000000.00,4.441694,100.337890625
08:00:37,91282CKY6,TSRYS5833261,D,S,D,2024-07-15,4000000.00,4.442745,100.3359375
08:00:37,91282CKY6,TSRYS5833261,D,S,D,2024-07-15,4000000.00,4.441694,100.337890625
08:00:37,91282CKY6,TSRYS5833261,D,S,D,2024-07-15,1000000.00,4.442745,100.3359375
08:00:37,91282CKY6,TSRYS5833261,D,S,D,2024-07-15,1000000.00,4.443796,100.333984375
08:00:37,91282CKY6,TSRYS5833261,D,S,D,2024-07-15,1000000.00,4.443796,100.333984375
08:00:37,91282CKY6,TSRYS5833261,D,S,D,2024-07-15,1000000.00,4.443796,100.333984375
08:00:37,91282CKY6,TSRYS5833261,D,S,D,2024-07-15,1000000.00,4.443796,100.333984375
08:00:37,91282CKY6,TSRYS5833261,D,S,T,2024-07-15,1000000.00,4.447999,100.326171875
08:00:37,91282CKY6,TSRYS5833261,D,S,T,2024-07-15,3000000.00,4.451152,100.3203125
08:00:37,91282CKY6,TSRYS5833261,D,S,T,2024-07-15,2000000.00,4.446948,100.328125
08:00:37,91282CKY6,TSRYS5833261,D,S,T,2024-07-15,2000000.00,4.451152,100.3203125
08:00:37,91282CKY6,TSRYS5833261,D,S,T,2024-07-15,10000000.00,4.446948,100.328125
08:00:37,91282CKY6,TSRYS5833261,D,S,T,2024-07-15,2000000.00,4.446948,100.328125
08:00:37,91282CKY6,TSRYS5833261,D,S,T,2024-07-15,1000000.00,4.44905,100.32421875
08:00:37,91282CKY6,TSRYS5833261,D,S,T,2024-07-15,1000000.00,4.44905,100.32421875
08:00:37,91282CKY6,TSRYS5833261,D,S,T,2024-07-15,1000000.00,4.446948,100.328125
08:00:37,91282CKY6,TSRYS5833261,D,S,T,2024-07-15,1000000.00,4.44905,100.32421875
08:00:37,91282CKY6,TSRYS5833261,D,S,T,2024-07-15,1000000.00,4.44905,100.32421875
08:00:37,91282CKY6,TSRYS5833261,D,S,T,2024-07-15,1000000.00,4.447999,100.326171875
08:00:37,91282CKY6,TSRYS5833261,D,S,T,2024-07-15,4000000.00,4.451152,100.3203125
08:00:37,91282CKY6,TSRYS5833261,D,S,T,2024-07-15,1000000.00,4.451152,100.3203125
08:00:37,91282CKY6,TSRYS5833261,D,S,T,2024-07-15,1000000.00,4.446948,100.328125
08:00:37,91282CKY6,TSRYS5833261,D,S,T,2024-07-15,2000000.00,4.44905,100.32421875
08:00:37,91282CKY6,TSRYS5833261,D,S,T,2024-07-15,1000000.00,4.451152,100.3203125
08:00:37,91282CKY6,TSRYS5833261,D,S,T,2024-07-15,4000000.00,4.44905,100.32421875
08:00:37,91282CKY6,TSRYS5833261,D,S,T,2024-07-15,3000000.00,4.44905,100.32421875
08:00:37,91282CKY6,TSRYS5833261,D,S,T,2024-07-15,1000000.00,4.451152,100.3203125
08:00:37,91282CKY6,TSRYS5833261,D,S,T,2024-07-15,1000000.00,4.44905,100.32421875
08:00:37,91282CKY6,TSRYS5833261,D,S,T,2024-07-15,1000000.00,4.44905,100.32421875
08:00:37,91282CKY6,TSRYS5833261,D,S,T,2024-07-15,1000000.00,4.447999,100.326171875
08:00:37,91282CKY6,TSRYS5833261,D,S,T,2024-07-15,3000000.00,4.451152,100.3203125
08:00:37,91282CKY6,TSRYS5833261,D,S,T,2024-07-15,1000000.00,4.445897,100.330078125
08:00:37,91282CKY6,TSRYS5833261,D,S,T,2024-07-15,4000000.00,4.44905,100.32421875
08:00:37,91282CKY6,TSRYS5833261,D,S,T,2024-07-15,1000000.00,4.44905,100.32421875
08:00:37,91282CKY6,TSRYS5833261,D,S,T,2024-07-15,6000000.00,4.446948,100.328125
08:00:37,91282CKY6,TSRYS5833261,D,S,T,2024-07-15,2000000.00,4.451152,100.3203125
08:00:37,91282CKY6,TSRYS5833261,D,S,T,2024-07-15,1000000.00,4.447999,100.326171875
08:00:37,91282CKY6,TSRYS5833261,D,S,T,2024-07-15,1000000.00,4.451152,100.3203125
08:00:37,91282CKY6,TSRYS5833261,D,S,T,2024-07-15,2000000.00,4.44905,100.32421875
08:00:37,91282CKY6,TSRYS5833261,D,S,T,2024-07-15,1000000.00,4.44905,100.32421875
08:00:37,91282CKY6,TSRYS5833261,D,S,T,2024-07-15,1000000.00,4.44905,100.32421875
08:00:37,91282CKY6,TSRYS5833261,D,S,T,2024-07-15,1000000.00,4.446948,100.328125
08:00:37,91282CKY6,TSRYS5833261,D,S,T,2024-07-15,1000000.00,4.451152,100.3203125
08:00:37,91282CKY6,TSRYS5833261,D,S,T,2024-07-15,2000000.00,4.44905,100.32421875
08:00:37,91282CKY6,TSRYS5833261,D,S,T,2024-07-15,1000000.00,4.44905,100.32421875
08:00:37,91282CKY6,TSRYS5833261,D,S,T,2024-07-15,1000000.00,4.447999,100.326171875
08:00:37,91282CKY6,TSRYS5833261,D,S,T,2024-07-15,1000000.00,4.446948,100.328125
08:00:37,91282CKY6,TSRYS5833261,D,S,T,2024-07-15,2000000.00,4.44905,100.32421875
08:00:37,91282CKY6,TSRYS5833261,D,S,T,2024-07-15,1000000.00,4.447999,100.326171875
08:00:37,91282CKY6,TSRYS5833261,D,S,T,2024-07-15,6000000.00,4.446948,100.328125
08:00:37,91282CKY6,TSRYS5833261,D,S,T,2024-07-15,1000000.00,4.447999,100.326171875
08:00:37,91282CKY6,TSRYS5833261,D,S,T,2024-07-15,1000000.00,4.44905,100.32421875
08:00:37,91282CKY6,TSRYS5833261,D,S,D,2024-07-15,1000000.00,4.443796,100.333984375
08:00:37,91282CKY6,TSRYS5833261,D,S,D,2024-07-15,1000000.00,4.444846,100.33203125
08:00:37,91282CKY6,TSRYS5833261,D,S,D,2024-07-15,4000000.00,4.444846,100.33203125
08:00:37,91282CKY6,TSRYS5833261,D,S,D,2024-07-15,4000000.00,4.444846,100.33203125
08:00:37,91282CKY6,TSRYS5833261,D,S,D,2024-07-15,1000000.00,4.444846,100.33203125
08:00:37,91282CKY6,TSRYS5833261,D,S,D,2024-07-15,4000000.00,4.445897,100.330078125
08:00:37,91282CKY6,TSRYS5833261,D,S,T,2024-07-15,1000000.00,4.44905,100.32421875
08:00:37,91282CKY6,TSRYS5833261,D,S,T,2024-07-15,1000000.00,4.444846,100.33203125
08:00:37,91282CKY6,TSRYS5833261,D,S,T,2024-07-15,1000000.00,4.446948,100.328125
08:00:37,91282CKY6,TSRYS5833261,D,S,T,2024-07-15,14000000.00,4.445897,100.330078125
08:00:37,91282CKY6,TSRYS5833261,D,S,C,2024-07-15,250MM+,4.446948,100.328125
08:00:37,91282CKY6,TSRYS5833261,D,S,A,2024-07-15,110000.00,4.44905,100.32421875
08:00:41,91282CKY6,TSRYS5833261,D,S,C,2024-07-15,3704000.00,4.446948,100.328125
08:00:41,91282CKY6,TSRYS5833261,D,S,D,2024-07-15,3000000.00,4.446948,100.328125
08:00:41,91282CKY6,TSRYS5833261,D,S,D,2024-07-15,1000000.00,4.446948,100.328125
08:00:41,91282CKY6,TSRYS5833261,D,S,D,2024-07-15,1000000.00,4.446948,100.328125
08:00:41,91282CKY6,TSRYS5833261,D,S,C,2024-07-15,300000.00,4.47428,100.27734375
08:00:41,91282CKY6,TSRYS5833261,D,S,D,2024-07-15,4000000.00,4.445897,100.330078125
08:00:41,91282CKY6,TSRYS5833261,D,S,D,2024-07-15,1000000.00,4.445897,100.330078125
08:00:41,91282CKY6,TSRYS5833261,D,S,D,2024-07-15,4000000.00,4.445897,100.330078125
08:00:41,91282CKY6,TSRYS5833261,D,S,D,2024-07-15,1000000.00,4.445897,100.330078125
08:00:41,91282CKY6,TSRYS5833261,D,S,D,2024-07-15,4000000.00,4.445897,100.330078125
08:00:41,91282CKY6,TSRYS5833261,D,S,D,2024-07-15,1000000.00,4.445897,100.330078125
08:00:41,91282CKY6,TSRYS5833261,D,S,D,2024-07-15,4000000.00,4.445897,100.330078125
08:00:41,91282CKY6,TSRYS5833261,D,S,D,2024-07-15,1000000.00,4.445897,100.330078125
08:00:41,91282CKY6,TSRYS5833261,D,S,D,2024-07-15,2000000.00,4.445897,100.330078125
08:00:41,91282CKY6,TSRYS5833261,D,S,A,2024-07-15,688000.00,4.436441,100.347656
08:00:41,91282CKY6,TSRYS5833261,D,S,A,2024-07-15,270000.00,4.446948,100.328125
08:00:41,91282CKY6,TSRYS5833261,D,S,T,2024-07-15,2000000.00,4.453254,100.31640625
08:00:41,91282CKY6,TSRYS5833261,D,S,T,2024-07-15,1000000.00,4.453254,100.31640625
08:00:41,91282CKY6,TSRYS5833261,D,S,T,2024-07-15,1000000.00,4.453254,100.31640625
08:00:41,91282CKY6,TSRYS5833261,D,S,T,2024-07-15,1000000.00,4.453254,100.31640625
08:00:41,91282CKY6,TSRYS5833261,D,S,T,2024-07-15,3000000.00,4.453254,100.31640625
08:00:41,91282CKY6,TSRYS5833261,D,S,D,2024-07-15,2000000.00,4.440643,100.33984375
08:00:41,91282CKY6,TSRYS5833261,D,S,D,2024-07-15,1000000.00,4.439593,100.341796875
08:00:41,91282CKY6,TSRYS5833261,D,S,C,2024-07-15,704000.00,4.442745,100.3359375
08:00:41,91282CKY6,TSRYS5833261,D,S,D,2024-07-15,3000000.00,4.442745,100.3359375
08:00:41,91282CKY6,TSRYS5833261,D,S,D,2024-07-15,1000000.00,4.442745,100.3359375
08:00:41,91282CKY6,TSRYS5833261,D,S,D,2024-07-15,1000000.00,4.442745,100.3359375
08:00:41,91282CKY6,TSRYS5833261,D,S,D,2024-07-15,1000000.00,4.441694,100.337890625
08:00:41,91282CKY6,TSRYS5833261,D,S,T,2024-07-15,1000000.00,4.453254,100.31640625
08:00:41,91282CKY6,TSRYS5833261,D,S,D,2024-07-15,1000000.00,4.442745,100.3359375
08:00:41,91282CKY6,TSRYS5833261,D,S,T,2024-07-15,2000000.00,4.453254,100.31640625
08:00:41,91282CKY6,TSRYS5833261,D,S,T,2024-07-15,7000000.00,4.453254,100.31640625
08:00:41,91282CKY6,TSRYS5833261,D,S,T,2024-07-15,3000000.00,4.453254,100.31640625
08:00:41,91282CKY6,TSRYS5833261,D,S,T,2024-07-15,2000000.00,4.453254,100.31640625
08:00:41,91282CKY6,TSRYS5833261,D,S,T,2024-07-15,2000000.00,4.453254,100.31640625
08:00:41,91282CKY6,TSRYS5833261,D,S,T,2024-07-15,4000000.00,4.456407,100.310546875
08:00:41,91282CKY6,TSRYS5833261,D,S,T,2024-07-15,1000000.00,4.456407,100.310546875
08:00:41,91282CKY6,TSRYS5833261,D,S,T,2024-07-15,5000000.00,4.456407,100.310546875
08:00:41,91282CKY6,TSRYS5833261,D,S,T,2024-07-15,2000000.00,4.456407,100.310546875
08:00:41,91282CKY6,TSRYS5833261,D,S,T,2024-07-15,2000000.00,4.456407,100.310546875
08:00:41,91282CKY6,TSRYS5833261,D,S,T,2024-07-15,1000000.00,4.456407,100.310546875
08:00:41,91282CKY6,TSRYS5833261,D,S,T,2024-07-15,1000000.00,4.455356,100.3125
08:00:41,91282CKY6,TSRYS5833261,D,S,T,2024-07-15,2000000.00,4.455356,100.3125
08:00:41,91282CKY6,TSRYS5833261,D,S,T,2024-07-15,1000000.00,4.455356,100.3125
08:00:41,91282CKY6,TSRYS5833261,D,S,T,2024-07-15,10000000.00,4.455356,100.3125
08:00:41,91282CKY6,TSRYS5833261,D,S,T,2024-07-15,1000000.00,4.455356,100.3125
08:00:41,91282CKY6,TSRYS5833261,D,S,T,2024-07-15,1000000.00,4.455356,100.3125
08:00:41,91282CKY6,TSRYS5833261,D,S,T,2024-07-15,1000000.00,4.455356,100.3125
08:00:41,91282CKY6,TSRYS5833261,D,S,T,2024-07-15,1000000.00,4.455356,100.3125
08:00:41,91282CKY6,TSRYS5833261,D,S,T,2024-07-15,1000000.00,4.455356,100.3125
08:00:41,91282CKY6,TSRYS5833261,D,S,T,2024-07-15,1000000.00,4.455356,100.3125
08:00:41,91282CKY6,TSRYS5833261,D,S,T,2024-07-15,1000000.00,4.455356,100.3125
08:00:41,91282CKY6,TSRYS5833261,D,S,T,2024-07-15,1000000.00,4.455356,100.3125
08:00:41,91282CKY6,TSRYS5833261,D,S,T,2024-07-15,1000000.00,4.455356,100.3125
08:00:41,91282CKY6,TSRYS5833261,D,S,T,2024-07-15,1000000.00,4.455356,100.3125
08:00:41,91282CKY6,TSRYS5833261,D,S,T,2024-07-15,1000000.00,4.455356,100.3125
08:00:41,91282CKY6,TSRYS5833261,D,S,T,2024-07-15,1000000.00,4.455356,100.3125
08:00:41,91282CKY6,TSRYS5833261,D,S,T,2024-07-15,1000000.00,4.455356,100.3125
08:00:41,91282CKY6,TSRYS5833261,D,S,T,2024-07-15,1000000.00,4.455356,100.3125
08:00:41,91282CKY6,TSRYS5833261,D,S,T,2024-07-15,1000000.00,4.455356,100.3125
08:00:41,91282CKY6,TSRYS5833261,D,S,T,2024-07-15,1000000.00,4.455356,100.3125
08:00:41,91282CKY6,TSRYS5833261,D,S,T,2024-07-15,1000000.00,4.455356,100.3125
08:00:41,91282CKY6,TSRYS5833261,D,B,A,2024-07-15,1750000.00,4.455356,100.3125
08:00:41,91282CKY6,TSRYS5833261,D,S,T,2024-07-15,3000000.00,4.455356,100.3125
08:00:41,91282CKY6,TSRYS5833261,D,S,T,2024-07-15,1000000.00,4.455356,100.3125
08:00:41,91282CKY6,TSRYS5833261,D,S,T,2024-07-15,1000000.00,4.455356,100.3125
08:00:41,91282CKY6,TSRYS5833261,D,S,T,2024-07-15,1000000.00,4.455356,100.3125
08:00:41,91282CKY6,TSRYS5833261,D,S,D,2024-07-15,1000000.00,4.454305,100.314453125
08:00:41,91282CKY6,TSRYS5833261,D,S,T,2024-07-15,2000000.00,4.455356,100.3125
08:00:41,91282CKY6,TSRYS5833261,D,S,D,2024-07-15,1000000.00,4.454305,100.314453125
08:00:41,91282CKY6,TSRYS5833261,D,S,T,2024-07-15,1000000.00,4.455356,100.3125
08:00:41,91282CKY6,TSRYS5833261,D,S,T,2024-07-15,1000000.00,4.455356,100.3125
08:00:41,91282CKY6,TSRYS5833261,D,S,T,2024-07-15,1000000.00,4.455356,100.3125
08:00:41,91282CKY6,TSRYS5833261,D,S,T,2024-07-15,8000000.00,4.455356,100.3125
08:00:41,91282CKY6,TSRYS5833261,D,S,T,2024-07-15,1000000.00,4.455356,100.3125
08:00:41,91282CKY6,TSRYS5833261,D,S,T,2024-07-15,2000000.00,4.455356,100.3125
08:00:41,91282CKY6,TSRYS5833261,D,S,T,2024-07-15,4000000.00,4.455356,100.3125
08:00:41,91282CKY6,TSRYS5833261,D,S,T,2024-07-15,4000000.00,4.455356,100.3125
08:00:41,91282CKY6,TSRYS5833261,D,S,T,2024-07-15,1000000.00,4.455356,100.3125
08:00:41,91282CKY6,TSRYS5833261,D,S,T,2024-07-15,4000000.00,4.455356,100.3125
08:00:41,91282CKY6,TSRYS5833261,D,S,T,2024-07-15,6000000.00,4.455356,100.3125
08:00:41,91282CKY6,TSRYS5833261,D,S,T,2024-07-15,4000000.00,4.455356,100.3125
08:00:41,91282CKY6,TSRYS5833261,D,S,T,2024-07-15,2000000.00,4.455356,100.3125
08:00:41,91282CKY6,TSRYS5833261,D,S,T,2024-07-15,1000000.00,4.455356,100.3125
08:00:41,91282CKY6,TSRYS5833261,D,S,T,2024-07-15,4000000.00,4.455356,100.3125
08:00:41,91282CKY6,TSRYS5833261,D,S,T,2024-07-15,4000000.00,4.455356,100.3125
08:00:41,91282CKY6,TSRYS5833261,D,S,T,2024-07-15,1000000.00,4.453254,100.31640625
08:00:42,91282CKY6,TSRYS5833261,D,S,T,2024-07-15,3000000.00,4.453254,100.31640625
08:00:42,91282CKY6,TSRYS5833261,D,S,T,2024-07-15,4000000.00,4.454305,100.314453125
08:00:42,91282CKY6,TSRYS5833261,D,S,T,2024-07-15,4000000.00,4.454305,100.314453125
08:00:42,91282CKY6,TSRYS5833261,D,S,T,2024-07-15,4000000.00,4.454305,100.314453125
08:00:42,91282CKY6,TSRYS5833261,D,S,D,2024-07-15,2000000.00,4.453254,100.31640625
08:00:42,91282CKY6,TSRYS5833261,D,S,D,2024-07-15,1000000.00,4.453254,100.31640625
08:00:42,91282CKY6,TSRYS5833261,D,S,C,2024-07-15,3000000.00,4.451152,100.3203125
08:00:42,91282CKY6,TSRYS5833261,D,S,T,2024-07-15,8000000.00,4.451152,100.3203125
08:00:42,91282CKY6,TSRYS5833261,D,S,D,2024-07-15,140000000.00,4.454613,100.31388
08:00:42,91282CKY6,TSRYS5833261,D,S,D,2024-07-15,8000000.00,4.459565,100.30468
08:00:42,91282CKY6,TSRYS5833261,D,S,D,2024-07-15,1000000.00,4.440643,100.33984375
08:00:42,91282CKY6,TSRYS5833261,D,S,D,2024-07-15,1000000.00,4.440643,100.33984375
08:00:42,91282CKY6,TSRYS5833261,D,S,D,2024-07-15,4000000.00,4.440643,100.33984375
08:00:42,91282CKY6,TSRYS5833261,D,S,D,2024-07-15,1000000.00,4.440643,100.33984375
08:00:42,91282CKY6,TSRYS5833261,D,S,D,2024-07-15,2000000.00,4.440643,100.33984375
08:00:42,91282CKY6,TSRYS5833261,D,S,D,2024-07-15,2000000.00,4.440643,100.33984375
08:00:42,91282CKY6,TSRYS5833261,D,S,D,2024-07-15,1000000.00,4.441694,100.337890625
08:00:42,91282CKY6,TSRYS5833261,D,S,D,2024-07-15,1000000.00,4.441694,100.337890625
08:00:42,91282CKY6,TSRYS5833261,D,S,D,2024-07-15,1000000.00,4.441694,100.337890625
08:00:42,91282CKY6,TSRYS5833261,D,S,D,2024-07-15,1000000.00,4.441694,100.337890625
08:00:42,91282CKY6,TSRYS5833261,D,S,D,2024-07-15,1000000.00,4.441694,100.337890625
08:00:42,91282CKY6,TSRYS5833261,D,S,D,2024-07-15,1000000.00,4.441694,100.337890625
08:00:42,91282CKY6,TSRYS5833261,D,S,D,2024-07-15,1000000.00,4.441694,100.337890625
08:00:42,91282CKY6,TSRYS5833261,D,S,D,2024-07-15,3000000.00,4.441694,100.337890625
08:00:42,91282CKY6,TSRYS5833261,D,S,D,2024-07-15,2000000.00,4.441694,100.337890625
08:00:42,91282CKY6,TSRYS5833261,D,S,D,2024-07-15,1000000.00,4.444846,100.33203125
08:00:43,91282CKY6,TSRYS5833261,D,S,D,2024-07-15,1000000.00,4.444846,100.33203125
08:00:43,91282CKY6,TSRYS5833261,D,S,D,2024-07-15,3000000.00,4.444846,100.33203125
08:00:43,91282CKY6,TSRYS5833261,D,S,C,2024-07-15,2704000.00,4.445897,100.330078125
08:00:43,91282CKY6,TSRYS5833261,D,S,D,2024-07-15,3000000.00,4.445897,100.330078125
08:00:43,91282CKY6,TSRYS5833261,D,S,D,2024-07-15,1000000.00,4.442745,100.3359375
08:00:43,91282CKY6,TSRYS5833261,D,S,D,2024-07-15,2000000.00,4.442745,100.3359375
08:00:43,91282CKY6,TSRYS5833261,D,S,C,2024-07-15,2000000.00,4.442745,100.3359375
08:00:43,91282CKY6,TSRYS5833261,D,S,D,2024-07-15,1500000.00,4.438542,100.34375
08:00:43,91282CKY6,TSRYS5833261,D,S,T,2024-07-15,1000000.00,4.438542,100.34375
08:00:43,91282CKY6,TSRYS5833261,D,S,T,2024-07-15,1000000.00,4.441694,100.337890625
08:00:44,91282CKY6,TSRYS5833261,D,B,A,2024-07-15,14200000.00,4.467971,100.2890625
08:00:44,91282CKY6,TSRYS5833261,D,B,A,2024-07-15,590000.00,4.442745,100.3359375
08:00:44,91282CKY6,TSRYS5833261,D,S,T,2024-07-15,1000000.00,4.465923,100.29286675
08:00:44,91282CKY6,TSRYS5833261,D,S,T,2024-07-15,1000000.00,4.465923,100.29286675
08:00:44,91282CKY6,TSRYS5833261,D,S,D,2024-07-15,2000000.00,4.442745,100.3359375
08:00:44,91282CKY6,TSRYS5833261,D,S,D,2024-07-15,1000000.00,4.441694,100.337890625
08:00:44,91282CKY6,TSRYS5833261,D,S,T,2024-07-15,4000000.00,4.465923,100.29286675
08:00:44,91282CKY6,TSRYS5833261,D,S,T,2024-07-15,1000000.00,4.465923,100.29286675
08:00:44,91282CKY6,TSRYS5833261,D,S,T,2024-07-15,1000000.00,4.465923,100.29286675
08:00:44,91282CKY6,TSRYS5833261,D,S,D,2024-07-15,1000000.00,4.441694,100.337890625
08:00:44,91282CKY6,TSRYS5833261,D,S,D,2024-07-15,1000000.00,4.441694,100.337890625
08:00:44,91282CKY6,TSRYS5833261,D,S,D,2024-07-15,1000000.00,4.442745,100.3359375
08:00:44,91282CKY6,TSRYS5833261,D,S,D,2024-07-15,1000000.00,4.442745,100.3359375
08:00:44,91282CKY6,TSRYS5833261,D,S,D,2024-07-15,3000000.00,4.442745,100.3359375
08:00:44,91282CKY6,TSRYS5833261,D,S,D,2024-07-15,3000000.00,4.441694,100.337890625
08:00:44,91282CKY6,TSRYS5833261,D,S,D,2024-07-15,1000000.00,4.442745,100.3359375
08:00:44,91282CKY6,TSRYS5833261,D,S,T,2024-07-15,1000000.00,4.465923,100.29286675
08:00:44,91282CKY6,TSRYS5833261,D,S,C,2024-07-15,10000000.00,4.442745,100.3359375
08:00:44,91282CKY6,TSRYS5833261,D,S,D,2024-07-15,1000000.00,4.442745,100.3359375
08:00:44,91282CKY6,TSRYS5833261,D,S,D,2024-07-15,704000.00,4.442745,100.3359375
08:00:44,91282CKY6,TSRYS5833261,D,S,D,2024-07-15,2000000.00,4.442745,100.3359375
08:00:44,91282CKY6,TSRYS5833261,D,S,T,2024-07-15,1000000.00,4.465923,100.29286675
08:00:44,91282CKY6,TSRYS5833261,D,S,T,2024-07-15,1000000.00,4.442745,100.3359375
08:00:44,91282CKY6,TSRYS5833261,D,S,D,2024-07-15,5000000.00,4.441694,100.337890625
08:00:44,91282CKY6,TSRYS5833261,D,S,D,2024-07-15,3000000.00,4.440643,100.33984375
08:00:44,91282CKY6,TSRYS5833261,D,S,T,2024-07-15,1000000.00,4.465923,100.29286675
08:00:44,91282CKY6,TSRYS5833261,D,S,D,2024-07-15,2000000.00,4.442745,100.3359375
08:00:44,91282CKY6,TSRYS5833261,D,S,D,2024-07-15,1000000.00,4.441694,100.337890625
08:00:44,91282CKY6,TSRYS5833261,D,S,T,2024-07-15,3000000.00,4.442745,100.3359375
08:00:44,91282CKY6,TSRYS5833261,D,S,D,2024-07-15,1000000.00,4.441694,100.337890625
08:00:44,91282CKY6,TSRYS5833261,D,S,T,2024-07-15,3000000.00,4.465868,100.29296875
08:00:44,91282CKY6,TSRYS5833261,D,S,D,2024-07-15,1000000.00,4.444846,100.33203125
08:00:44,91282CKY6,TSRYS5833261,D,S,C,2024-07-15,3000000.00,4.442745,100.3359375
08:00:45,91282CKY6,TSRYS5833261,D,S,T,2024-07-15,1000000.00,4.443796,100.333984375
08:00:45,91282CKY6,TSRYS5833261,D,S,D,2024-07-15,1000000.00,4.445897,100.330078125
08:00:46,91282CKY6,TSRYS5833261,D,S,C,2024-07-15,5000000.00,4.441694,100.337890625
08:00:46,91282CKY6,TSRYS5833261,D,S,C,2024-07-15,5000000.00,4.440643,100.33984375
08:00:46,91282CKY6,TSRYS5833261,D,S,C,2024-07-15,10000000.00,4.440643,100.33984375
08:00:46,91282CKY6,TSRYS5833261,D,S,D,2024-07-15,2704000.00,4.440643,100.33984375
08:00:46,91282CKY6,TSRYS5833261,D,S,D,2024-07-15,1000000.00,4.453254,100.31640625
08:00:46,91282CKY6,TSRYS5833261,D,S,D,2024-07-15,2000000.00,4.453254,100.31640625
08:00:46,91282CKY6,TSRYS5833261,D,S,T,2024-07-15,14000000.00,4.454305,100.314453125
08:00:46,91282CKY6,TSRYS5833261,D,B,A,2024-07-15,380000.00,4.453473,100.316
08:00:46,91282CKY6,TSRYS5833261,D,S,T,2024-07-15,1000000.00,4.451152,100.3203125
08:00:46,91282CKY6,TSRYS5833261,D,S,T,2024-07-15,1000000.00,4.451152,100.3203125
08:00:46,91282CKY6,TSRYS5833261,D,S,T,2024-07-15,1000000.00,4.461663,100.30078125
08:00:46,91282CKY6,TSRYS5833261,D,S,D,2024-07-15,1000000.00,4.453254,100.31640625
08:00:46,91282CKY6,TSRYS5833261,D,S,D,2024-07-15,1000000.00,4.453254,100.31640625
08:00:46,91282CKY6,TSRYS5833261,D,S,D,2024-07-15,2000000.00,4.453254,100.31640625
08:00:46,91282CKY6,TSRYS5833261,D,S,D,2024-07-15,1000000.00,4.453254,100.31640625
08:00:46,91282CKY6,TSRYS5833261,D,S,D,2024-07-15,2000000.00,4.453254,100.31640625
08:00:46,91282CKY6,TSRYS5833261,D,S,D,2024-07-15,2000000.00,4.453254,100.31640625
08:00:46,91282CKY6,TSRYS5833261,D,S,D,2024-07-15,2000000.00,4.453254,100.31640625
08:00:46,91282CKY6,TSRYS5833261,D,S,D,2024-07-15,1000000.00,4.453254,100.31640625
08:00:46,91282CKY6,TSRYS5833261,D,S,D,2024-07-15,2000000.00,4.453254,100.31640625
08:00:46,91282CKY6,TSRYS5833261,D,S,D,2024-07-15,2000000.00,4.453254,100.31640625
08:00:46,91282CKY6,TSRYS5833261,D,S,D,2024-07-15,2000000.00,4.44905,100.32421875
08:00:46,91282CKY6,TSRYS5833261,D,S,D,2024-07-15,1000000.00,4.453254,100.31640625
08:00:46,91282CKY6,TSRYS5833261,D,S,D,2024-07-15,2000000.00,4.44905,100.32421875
08:00:47,91282CKY6,TSRYS5833261,D,S,T,2024-07-15,4000000.00,4.453254,100.31640625
08:00:47,91282CKY6,TSRYS5833261,D,S,D,2024-07-15,1000000.00,4.44905,100.32421875
08:00:47,91282CKY6,TSRYS5833261,D,S,T,2024-07-15,2000000.00,4.453254,100.31640625
08:00:47,91282CKY6,TSRYS5833261,D,S,T,2024-07-15,1000000.00,4.453254,100.31640625
08:00:47,91282CKY6,TSRYS5833261,D,S,T,2024-07-15,4000000.00,4.453254,100.31640625
08:00:47,91282CKY6,TSRYS5833261,D,S,D,2024-07-15,1000000.00,4.439593,100.341796875
08:00:47,91282CKY6,TSRYS5833261,D,S,D,2024-07-15,1000000.00,4.439593,100.341796875
08:00:47,91282CKY6,TSRYS5833261,D,S,D,2024-07-15,2000000.00,4.439593,100.341796875
08:00:47,91282CKY6,TSRYS5833261,D,S,D,2024-07-15,1000000.00,4.440643,100.33984375
08:00:47,91282CKY6,TSRYS5833261,D,S,D,2024-07-15,1000000.00,4.442745,100.3359375
08:00:47,91282CKY6,TSRYS5833261,D,S,T,2024-07-15,1000000.00,4.453254,100.31640625
08:00:47,91282CKY6,TSRYS5833261,D,S,D,2024-07-15,1000000.00,4.442745,100.3359375
08:00:47,91282CKY6,TSRYS5833261,D,S,D,2024-07-15,3000000.00,4.442745,100.3359375
08:00:47,91282CKY6,TSRYS5833261,D,S,D,2024-07-15,3000000.00,4.442745,100.3359375
08:00:47,91282CKY6,TSRYS5833261,D,S,D,2024-07-15,1000000.00,4.442745,100.3359375
08:00:47,91282CKY6,TSRYS5833261,D,S,T,2024-07-15,2000000.00,4.453254,100.31640625
08:00:47,91282CKY6,TSRYS5833261,D,S,T,2024-07-15,1000000.00,4.453254,100.31640625
08:00:47,91282CKY6,TSRYS5833261,D,S,D,2024-07-15,1000000.00,4.44905,100.32421875
08:00:48,91282CKY6,TSRYS5833261,D,S,D,2024-07-15,1000000.00,4.443796,100.333984375
08:00:48,91282CKY6,TSRYS5833261,D,S,D,2024-07-15,2000000.00,4.444846,100.33203125
08:00:48,91282CKY6,TSRYS5833261,D,S,D,2024-07-15,3000000.00,4.443796,100.333984375
08:00:48,91282CKY6,TSRYS5833261,D,S,D,2024-07-15,3000000.00,4.444846,100.33203125
08:00:48,91282CKY6,TSRYS5833261,D,S,D,2024-07-15,1000000.00,4.444846,100.33203125
08:00:48,91282CKY6,TSRYS5833261,D,S,C,2024-07-15,7704000.00,4.444846,100.33203125
08:00:48,91282CKY6,TSRYS5833261,D,S,D,2024-07-15,1000000.00,4.444846,100.33203125
08:00:48,91282CKY6,TSRYS5833261,D,S,C,2024-07-15,50000.00,4.461663,100.300781
08:00:49,91282CKY6,TSRYS5833261,D,S,D,2024-07-15,1000000.00,4.444846,100.33203125
08:00:49,91282CKY6,TSRYS5833261,D,S,D,2024-07-15,1000000.00,4.444846,100.33203125
08:00:49,91282CKY6,TSRYS5833261,D,S,D,2024-07-15,1000000.00,4.444846,100.33203125
08:00:49,91282CKY6,TSRYS5833261,D,S,D,2024-07-15,2000000.00,4.459561,100.3046875
08:00:49,91282CKY6,TSRYS5833261,D,S,A,2024-07-15,10761000.00,4.444846,100.33203125
08:00:50,91282CKY6,TSRYS5833261,D,S,D,2024-07-15,4000000.00,4.442745,100.3359375
08:00:50,91282CKY6,TSRYS5833261,D,S,C,2024-07-15,10000000.00,4.442745,100.3359375
08:00:50,91282CKY6,TSRYS5833261,D,S,D,2024-07-15,1000000.00,4.442745,100.3359375
08:00:50,91282CKY6,TSRYS5833261,D,S,D,2024-07-15,3000000.00,4.443796,100.333984375
08:00:50,91282CKY6,TSRYS5833261,D,S,D,2024-07-15,1000000.00,4.443796,100.333984375
08:00:50,91282CKY6,TSRYS5833261,D,S,D,2024-07-15,1704000.00,4.443796,100.333984375
08:00:50,91282CKY6,TSRYS5833261,D,S,D,2024-07-15,1000000.00,4.443796,100.333984375
08:00:50,91282CKY6,TSRYS5833261,D,S,D,2024-07-15,1000000.00,4.442745,100.3359375
08:00:50,91282CKY6,TSRYS5833261,D,S,D,2024-07-15,1000000.00,4.443796,100.333984375
08:00:50,91282CKY6,TSRYS5833261,D,S,D,2024-07-15,1000000.00,4.442745,100.3359375
08:00:50,91282CKY6,TSRYS5833261,D,S,D,2024-07-15,300000.00,4.47428,100.27734375
08:00:51,91282CKY6,TSRYS5833261,D,B,C,2024-07-15,250MM+,,100.328125
08:00:51,91282CKY6,TSRYS5833261,D,S,T,2024-07-15,1000000.00,4.455356,100.3125
08:00:51,91282CKY6,TSRYS5833261,D,S,T,2024-07-15,1000000.00,4.455356,100.3125
08:00:51,91282CKY6,TSRYS5833261,D,S,T,2024-07-15,4000000.00,4.456407,100.310546875
08:00:51,91282CKY6,TSRYS5833261,D,S,T,2024-07-15,4000000.00,4.456407,100.310546875
08:00:51,91282CKY6,TSRYS5833261,D,S,T,2024-07-15,1000000.00,4.456407,100.310546875
08:00:51,91282CKY6,TSRYS5833261,D,S,T,2024-07-15,5000000.00,4.456407,100.310546875
08:00:51,91282CKY6,TSRYS5833261,D,S,T,2024-07-15,1000000.00,4.456407,100.310546875
08:00:51,91282CKY6,TSRYS5833261,D,S,T,2024-07-15,1000000.00,4.457458,100.30859375
08:00:51,91282CKY6,TSRYS5833261,D,S,T,2024-07-15,1000000.00,4.455356,100.3125
08:00:51,91282CKY6,TSRYS5833261,D,S,T,2024-07-15,1000000.00,4.456407,100.310546875
08:00:51,91282CKY6,TSRYS5833261,D,S,T,2024-07-15,1000000.00,4.456407,100.310546875
08:00:51,91282CKY6,TSRYS5833261,D,S,T,2024-07-15,1000000.00,4.456407,100.310546875
08:00:51,91282CKY6,TSRYS5833261,D,S,D,2024-07-15,2000000.00,4.442745,100.3359375
08:00:51,91282CKY6,TSRYS5833261,D,S,T,2024-07-15,1000000.00,4.456407,100.310546875
08:00:51,91282CKY6,TSRYS5833261,D,S,T,2024-07-15,1000000.00,4.456407,100.310546875
08:00:51,91282CKY6,TSRYS5833261,D,B,A,2024-07-15,250MM+,4.453254,100.31640625
08:00:51,91282CKY6,TSRYS5833261,D,S,T,2024-07-15,1000000.00,4.456407,100.310546875
08:00:51,91282CKY6,TSRYS5833261,D,S,T,2024-07-15,1000000.00,4.456407,100.310546875
08:00:51,91282CKY6,TSRYS5833261,D,S,T,2024-07-15,1000000.00,4.456407,100.310546875
08:00:51,91282CKY6,TSRYS5833261,D,S,T,2024-07-15,1000000.00,4.456407,100.310546875
08:00:51,91282CKY6,TSRYS5833261,D,S,T,2024-07-15,3000000.00,4.456407,100.310546875
08:00:51,91282CKY6,TSRYS5833261,D,S,T,2024-07-15,2000000.00,4.456407,100.310546875
08:00:51,91282CKY6,TSRYS5833261,D,S,T,2024-07-15,4000000.00,4.456407,100.310546875
08:00:51,91282CKY6,TSRYS5833261,D,S,T,2024-07-15,4000000.00,4.456407,100.310546875
08:00:51,91282CKY6,TSRYS5833261,D,S,T,2024-07-15,2000000.00,4.456407,100.310546875
08:00:51,91282CKY6,TSRYS5833261,D,S,T,2024-07-15,1000000.00,4.456407,100.310546875
08:00:51,91282CKY6,TSRYS5833261,D,S,D,2024-07-15,5000000.00,4.442745,100.3359375
08:00:51,91282CKY6,TSRYS5833261,D,S,D,2024-07-15,1000000.00,4.443796,100.333984375
08:00:51,91282CKY6,TSRYS5833261,D,S,D,2024-07-15,1000000.00,4.442745,100.3359375
08:00:51,91282CKY6,TSRYS5833261,D,S,T,2024-07-15,1000000.00,4.456407,100.310546875
08:00:51,91282CKY6,TSRYS5833261,D,S,T,2024-07-15,1000000.00,4.456407,100.310546875
08:00:51,91282CKY6,TSRYS5833261,D,S,T,2024-07-15,1000000.00,4.456407,100.310546875
08:00:51,91282CKY6,TSRYS5833261,D,S,T,2024-07-15,1000000.00,4.456407,100.310546875
08:00:51,91282CKY6,TSRYS5833261,D,S,T,2024-07-15,4000000.00,4.456407,100.310546875
08:00:51,91282CKY6,TSRYS5833261,D,S,T,2024-07-15,4000000.00,4.456407,100.310546875
08:00:51,91282CKY6,TSRYS5833261,D,S,T,2024-07-15,2000000.00,4.456407,100.310546875
08:00:51,91282CKY6,TSRYS5833261,D,S,T,2024-07-15,1000000.00,4.456407,100.310546875
08:00:51,91282CKY6,TSRYS5833261,D,S,T,2024-07-15,1000000.00,4.456407,100.310546875
08:00:51,91282CKY6,TSRYS5833261,D,S,T,2024-07-15,2000000.00,4.456407,100.310546875
08:00:51,91282CKY6,TSRYS5833261,D,S,D,2024-07-15,1000000.00,4.454305,100.314453125
08:00:51,91282CKY6,TSRYS5833261,D,S,T,2024-07-15,4000000.00,4.456407,100.310546875
08:00:51,91282CKY6,TSRYS5833261,D,S,T,2024-07-15,1000000.00,4.456407,100.310546875
08:00:51,91282CKY6,TSRYS5833261,D,S,T,2024-07-15,3000000.00,4.456407,100.310546875
08:00:51,91282CKY6,TSRYS5833261,D,S,T,2024-07-15,1000000.00,4.456407,100.310546875
08:00:51,91282CKY6,TSRYS5833261,D,S,T,2024-07-15,1000000.00,4.456407,100.310546875
08:00:51,91282CKY6,TSRYS5833261,D,S,T,2024-07-15,1000000.00,4.456407,100.310546875
08:00:51,91282CKY6,TSRYS5833261,D,S,T,2024-07-15,1000000.00,4.456407,100.310546875
08:00:51,91282CKY6,TSRYS5833261,D,S,T,2024-07-15,1000000.00,4.45851,100.306640625
08:00:51,91282CKY6,TSRYS5833261,D,S,T,2024-07-15,1000000.00,4.459561,100.3046875
08:00:51,91282CKY6,TSRYS5833261,D,S,T,2024-07-15,6000000.00,4.45851,100.306640625
08:00:52,91282CKY6,TSRYS5833261,D,S,T,2024-07-15,1000000.00,4.459561,100.3046875
08:00:52,91282CKY6,TSRYS5833261,D,S,T,2024-07-15,1000000.00,4.459561,100.3046875
08:00:52,91282CKY6,TSRYS5833261,D,S,T,2024-07-15,1000000.00,4.45851,100.306640625
08:00:52,91282CKY6,TSRYS5833261,D,S,T,2024-07-15,2000000.00,4.459561,100.3046875
08:00:52,91282CKY6,TSRYS5833261,D,S,T,2024-07-15,1000000.00,4.459561,100.3046875
08:00:52,91282CKY6,TSRYS5833261,D,S,T,2024-07-15,1000000.00,4.459561,100.3046875
08:00:52,91282CKY6,TSRYS5833261,D,S,T,2024-07-15,2000000.00,4.459561,100.3046875
08:00:52,91282CKY6,TSRYS5833261,D,S,T,2024-07-15,1000000.00,4.45851,100.306640625
08:00:52,91282CKY6,TSRYS5833261,D,S,T,2024-07-15,1000000.00,4.45851,100.306640625
08:00:52,91282CKY6,TSRYS5833261,D,S,T,2024-07-15,1000000.00,4.460612,100.302734375
08:00:52,91282CKY6,TSRYS5833261,D,S,T,2024-07-15,4000000.00,4.459561,100.3046875
08:00:52,91282CKY6,TSRYS5833261,D,S,T,2024-07-15,1000000.00,4.460612,100.302734375
08:00:52,91282CKY6,TSRYS5833261,D,S,T,2024-07-15,1000000.00,4.459561,100.3046875
08:00:52,91282CKY6,TSRYS5833261,D,S,T,2024-07-15,8000000.00,4.460612,100.302734375
08:00:52,91282CKY6,TSRYS5833261,D,S,T,2024-07-15,1000000.00,4.459561,100.3046875
08:00:52,91282CKY6,TSRYS5833261,D,S,T,2024-07-15,1000000.00,4.460612,100.302734375
08:00:52,91282CKY6,TSRYS5833261,D,S,T,2024-07-15,1000000.00,4.460612,100.302734375
08:00:52,91282CKY6,TSRYS5833261,D,S,T,2024-07-15,2000000.00,4.460612,100.302734375
08:00:52,91282CKY6,TSRYS5833261,D,S,T,2024-07-15,1000000.00,4.460612,100.302734375
08:00:52,91282CKY6,TSRYS5833261,D,S,T,2024-07-15,3000000.00,4.460612,100.302734375
08:00:52,91282CKY6,TSRYS5833261,D,S,T,2024-07-15,1000000.00,4.459561,100.3046875
08:00:52,91282CKY6,TSRYS5833261,D,S,T,2024-07-15,4000000.00,4.460612,100.302734375
08:00:52,91282CKY6,TSRYS5833261,D,S,T,2024-07-15,1000000.00,4.460612,100.302734375
08:00:52,91282CKY6,TSRYS5833261,D,S,T,2024-07-15,1000000.00,4.460612,100.302734375
08:00:52,91282CKY6,TSRYS5833261,D,S,T,2024-07-15,2000000.00,4.459561,100.3046875
08:00:53,91282CKY6,TSRYS5833261,D,S,T,2024-07-15,3000000.00,4.438542,100.34375
08:00:53,91282CKY6,TSRYS5833261,D,S,D,2024-07-15,1000000.00,4.438542,100.34375
08:00:53,91282CKY6,TSRYS5833261,D,S,D,2024-07-15,2000000.00,4.438542,100.34375
08:00:53,91282CKY6,TSRYS5833261,D,S,T,2024-07-15,1000000.00,4.440643,100.33984375
08:00:53,91282CKY6,TSRYS5833261,D,S,D,2024-07-15,1000000.00,4.446948,100.328125
08:00:53,91282CKY6,TSRYS5833261,D,S,D,2024-07-15,4000000.00,4.445897,100.330078125
08:00:53,91282CKY6,TSRYS5833261,D,S,D,2024-07-15,4000000.00,4.446948,100.328125
08:00:53,91282CKY6,TSRYS5833261,D,S,C,2024-07-15,11000000.00,4.446948,100.328125
08:00:53,91282CKY6,TSRYS5833261,D,S,C,2024-07-15,1000000.00,4.446948,100.328125
08:00:53,91282CKY6,TSRYS5833261,D,S,D,2024-07-15,2000000.00,4.446948,100.328125
08:00:53,91282CKY6,TSRYS5833261,D,S,D,2024-07-15,1000000.00,4.446948,100.328125
08:00:53,91282CKY6,TSRYS5833261,D,S,D,2024-07-15,1000000.00,4.446948,100.328125
08:00:53,91282CKY6,TSRYS5833261,D,S,C,2024-07-15,5705000.00,4.446948,100.328125
08:00:53,91282CKY6,TSRYS5833261,D,S,D,2024-07-15,1000000.00,4.446948,100.328125
08:00:53,91282CKY6,TSRYS5833261,D,S,D,2024-07-15,4000000.00,4.444846,100.33203125
08:00:53,91282CKY6,TSRYS5833261,D,S,D,2024-07-15,1000000.00,4.444846,100.33203125
08:00:53,91282CKY6,TSRYS5833261,D,S,A,2024-07-15,194700000.00,4.465868,100.29296875
08:00:53,91282CKY6,TSRYS5833261,D,S,A,2024-07-15,3000000.00,4.444846,100.33203125
08:00:53,91282CKY6,TSRYS5833261,D,S,T,2024-07-15,2000000.00,4.440643,100.33984375
08:00:53,91282CKY6,TSRYS5833261,D,S,T,2024-07-15,2000000.00,4.440643,100.33984375
08:00:54,91282CKY6,TSRYS5833261,D,S,T,2024-07-15,1000000.00,4.444846,100.33203125
08:00:54,91282CKY6,TSRYS5833261,D,S,D,2024-07-15,3000000.00,4.441694,100.337890625
08:00:54,91282CKY6,TSRYS5833261,D,S,D,2024-07-15,1000000.00,4.441694,100.337890625
08:00:54,91282CKY6,TSRYS5833261,D,S,D,2024-07-15,1000000.00,4.443796,100.333984375
08:00:54,91282CKY6,TSRYS5833261,D,S,T,2024-07-15,1000000.00,4.440643,100.33984375
08:00:54,91282CKY6,TSRYS5833261,D,S,T,2024-07-15,1000000.00,4.441694,100.337890625
08:00:54,91282CKY6,TSRYS5833261,D,S,D,2024-07-15,2000000.00,4.446948,100.328125
08:00:54,91282CKY6,TSRYS5833261,D,S,D,2024-07-15,1000000.00,4.447999,100.326171875
08:00:54,91282CKY6,TSRYS5833261,D,S,D,2024-07-15,1000000.00,4.447999,100.326171875
08:00:55,91282CKY6,TSRYS5833261,D,S,T,2024-07-15,1000000.00,4.446948,100.328125
08:00:55,91282CKY6,TSRYS5833261,D,S,T,2024-07-15,1000000.00,4.447999,100.326171875
08:00:56,91282CKY6,TSRYS5833261,D,S,D,2024-07-15,4000000.00,4.446948,100.328125
08:00:56,91282CKY6,TSRYS5833261,D,S,D,2024-07-15,1000000.00,4.447999,100.326171875
08:00:56,91282CKY6,TSRYS5833261,D,S,D,2024-07-15,1000000.00,4.447999,100.326171875
08:00:56,91282CKY6,TSRYS5833261,D,S,D,2024-07-15,1000000.00,4.446948,100.328125
08:00:56,91282CKY6,TSRYS5833261,D,S,D,2024-07-15,1000000.00,4.447999,100.326171875
08:00:56,91282CKY6,TSRYS5833261,D,S,D,2024-07-15,3000000.00,4.447999,100.326171875
08:00:56,91282CKY6,TSRYS5833261,D,S,C,2024-07-15,704000.00,4.447999,100.326171875
08:00:56,91282CKY6,TSRYS5833261,D,S,D,2024-07-15,1000000.00,4.447999,100.326171875
08:00:56,91282CKY6,TSRYS5833261,D,S,C,2024-07-15,10000000.00,4.446948,100.328125
08:00:56,91282CKY6,TSRYS5833261,D,S,D,2024-07-15,1000000.00,4.447999,100.326171875
08:00:56,91282CKY6,TSRYS5833261,D,S,T,2024-07-15,1000000.00,4.445897,100.330078125
08:00:56,91282CKY6,TSRYS5833261,D,S,T,2024-07-15,1000000.00,4.459561,100.3046875
08:00:56,91282CKY6,TSRYS5833261,D,S,T,2024-07-15,1000000.00,4.459561,100.3046875
08:00:56,91282CKY6,TSRYS5833261,D,S,T,2024-07-15,1000000.00,4.460612,100.302734375
08:00:56,91282CKY6,TSRYS5833261,D,S,D,2024-07-15,2000000.00,4.444846,100.33203125
08:00:56,91282CKY6,TSRYS5833261,D,S,T,2024-07-15,4000000.00,4.460612,100.302734375
08:00:56,91282CKY6,TSRYS5833261,D,S,T,2024-07-15,3000000.00,4.460612,100.302734375
08:00:56,91282CKY6,TSRYS5833261,D,S,T,2024-07-15,2000000.00,4.460612,100.302734375
08:00:56,91282CKY6,TSRYS5833261,D,S,T,2024-07-15,1000000.00,4.460612,100.302734375
08:00:56,91282CKY6,TSRYS5833261,D,S,T,2024-07-15,1000000.00,4.459561,100.3046875
08:00:56,91282CKY6,TSRYS5833261,D,S,T,2024-07-15,1000000.00,4.460612,100.302734375
08:00:56,91282CKY6,TSRYS5833261,D,S,T,2024-07-15,1000000.00,4.459561,100.3046875
08:00:56,91282CKY6,TSRYS5833261,D,S,T,2024-07-15,1000000.00,4.460612,100.302734375
08:00:56,91282CKY6,TSRYS5833261,D,S,T,2024-07-15,2000000.00,4.460612,100.302734375
08:00:56,91282CKY6,TSRYS5833261,D,S,T,2024-07-15,10000000.00,4.459561,100.3046875
08:00:56,91282CKY6,TSRYS5833261,D,S,A,2024-07-15,20000000.00,4.459561,100.3046875
08:00:56,91282CKY6,TSRYS5833261,D,S,T,2024-07-15,7000000.00,4.459561,100.3046875
08:00:56,91282CKY6,TSRYS5833261,D,S,T,2024-07-15,1000000.00,4.459561,100.3046875
08:00:56,91282CKY6,TSRYS5833261,D,S,T,2024-07-15,4000000.00,4.460612,100.302734375
08:00:56,91282CKY6,TSRYS5833261,D,S,T,2024-07-15,3000000.00,4.459561,100.3046875
08:00:56,91282CKY6,TSRYS5833261,D,S,T,2024-07-15,1000000.00,4.459561,100.3046875
08:00:56,91282CKY6,TSRYS5833261,D,S,T,2024-07-15,5000000.00,4.460612,100.302734375
08:00:56,91282CKY6,TSRYS5833261,D,S,T,2024-07-15,1000000.00,4.459561,100.3046875
08:00:56,91282CKY6,TSRYS5833261,D,S,T,2024-07-15,1000000.00,4.459561,100.3046875
08:00:56,91282CKY6,TSRYS5833261,D,S,D,2024-07-15,1000000.00,4.459561,100.3046875
08:00:56,91282CKY6,TSRYS5833261,D,S,T,2024-07-15,1000000.00,4.459561,100.3046875
08:00:56,91282CKY6,TSRYS5833261,D,S,T,2024-07-15,1000000.00,4.459561,100.3046875
08:00:56,91282CKY6,TSRYS5833261,D,S,T,2024-07-15,1000000.00,4.459561,100.3046875
08:00:56,91282CKY6,TSRYS5833261,D,S,T,2024-07-15,1000000.00,4.459561,100.3046875
08:00:56,91282CKY6,TSRYS5833261,D,S,T,2024-07-15,1000000.00,4.459561,100.3046875
08:00:56,91282CKY6,TSRYS5833261,D,S,T,2024-07-15,1000000.00,4.459561,100.3046875
08:00:56,91282CKY6,TSRYS5833261,D,S,T,2024-07-15,1000000.00,4.459561,100.3046875
08:00:56,91282CKY6,TSRYS5833261,D,S,T,2024-07-15,2000000.00,4.459561,100.3046875
08:00:56,91282CKY6,TSRYS5833261,D,S,T,2024-07-15,3000000.00,4.460612,100.302734375
08:00:56,91282CKY6,TSRYS5833261,D,S,T,2024-07-15,4000000.00,4.460612,100.302734375
08:00:56,91282CKY6,TSRYS5833261,D,S,T,2024-07-15,1000000.00,4.460612,100.302734375
08:00:56,91282CKY6,TSRYS5833261,D,S,T,2024-07-15,1000000.00,4.459561,100.3046875
08:00:56,91282CKY6,TSRYS5833261,D,S,T,2024-07-15,4000000.00,4.460612,100.302734375
08:00:56,91282CKY6,TSRYS5833261,D,S,T,2024-07-15,2000000.00,4.459561,100.3046875
08:00:56,91282CKY6,TSRYS5833261,D,S,T,2024-07-15,2000000.00,4.460612,100.302734375
08:00:56,91282CKY6,TSRYS5833261,D,S,T,2024-07-15,3000000.00,4.459561,100.3046875
08:00:56,91282CKY6,TSRYS5833261,D,S,T,2024-07-15,4000000.00,4.460612,100.302734375
08:00:56,91282CKY6,TSRYS5833261,D,S,T,2024-07-15,2000000.00,4.460612,100.302734375
08:00:56,91282CKY6,TSRYS5833261,D,S,T,2024-07-15,3000000.00,4.460612,100.302734375
08:00:56,91282CKY6,TSRYS5833261,D,S,T,2024-07-15,2000000.00,4.460612,100.302734375
08:00:56,91282CKY6,TSRYS5833261,D,S,A,2024-07-15,2486000.00,4.438542,100.34375
08:00:56,91282CKY6,TSRYS5833261,D,S,T,2024-07-15,1000000.00,4.459561,100.3046875
08:00:56,91282CKY6,TSRYS5833261,D,B,A,2024-07-15,2083000.00,4.438542,100.34375
08:00:56,91282CKY6,TSRYS5833261,D,S,T,2024-07-15,5000000.00,4.460612,100.302734375
08:00:57,91282CKY6,TSRYS5833261,D,S,T,2024-07-15,2000000.00,4.460612,100.302734375
08:00:57,91282CKY6,TSRYS5833261,D,S,T,2024-07-15,1000000.00,4.460612,100.302734375
08:00:57,91282CKY6,TSRYS5833261,D,S,T,2024-07-15,1000000.00,4.461663,100.30078125
08:00:57,91282CKY6,TSRYS5833261,D,S,T,2024-07-15,3000000.00,4.461663,100.30078125
08:00:57,91282CKY6,TSRYS5833261,D,S,T,2024-07-15,1000000.00,4.461663,100.30078125
08:00:57,91282CKY6,TSRYS5833261,D,S,T,2024-07-15,1000000.00,4.461663,100.30078125
08:00:57,91282CKY6,TSRYS5833261,D,S,T,2024-07-15,1000000.00,4.461663,100.30078125
08:00:57,91282CKY6,TSRYS5833261,D,S,T,2024-07-15,1000000.00,4.461663,100.30078125
08:00:57,91282CKY6,TSRYS5833261,D,S,T,2024-07-15,2000000.00,4.461663,100.30078125
08:00:57,91282CKY6,TSRYS5833261,D,S,T,2024-07-15,1000000.00,4.461663,100.30078125
08:00:57,91282CKY6,TSRYS5833261,D,S,T,2024-07-15,2000000.00,4.461663,100.30078125
08:00:57,91282CKY6,TSRYS5833261,D,S,T,2024-07-15,2000000.00,4.461663,100.30078125
08:00:57,91282CKY6,TSRYS5833261,D,S,T,2024-07-15,1000000.00,4.461663,100.30078125
08:00:57,91282CKY6,TSRYS5833261,D,S,T,2024-07-15,1000000.00,4.461663,100.30078125
08:00:57,91282CKY6,TSRYS5833261,D,S,T,2024-07-15,3000000.00,4.461663,100.30078125
08:00:57,91282CKY6,TSRYS5833261,D,S,T,2024-07-15,1000000.00,4.462714,100.298828125
08:00:57,91282CKY6,TSRYS5833261,D,S,A,2024-07-15,2000000.00,4.440643,100.33984375
08:00:57,91282CKY6,TSRYS5833261,D,S,T,2024-07-15,1000000.00,4.463766,100.296875
08:00:57,91282CKY6,TSRYS5833261,D,S,T,2024-07-15,1000000.00,4.463766,100.296875
08:00:57,91282CKY6,TSRYS5833261,D,S,T,2024-07-15,1000000.00,4.463766,100.296875
08:00:57,91282CKY6,TSRYS5833261,D,S,T,2024-07-15,1000000.00,4.463766,100.296875
08:00:57,91282CKY6,TSRYS5833261,D,S,D,2024-07-15,1000000.00,4.447999,100.326171875
08:00:57,91282CKY6,TSRYS5833261,D,S,D,2024-07-15,1000000.00,4.447999,100.326171875
08:00:57,91282CKY6,TSRYS5833261,D,S,D,2024-07-15,1000000.00,4.446948,100.328125
08:00:57,91282CKY6,TSRYS5833261,D,S,D,2024-07-15,1000000.00,4.447999,100.326171875
08:00:57,91282CKY6,TSRYS5833261,D,S,C,2024-07-15,10000000.00,4.446948,100.328125
08:00:57,91282CKY6,TSRYS5833261,D,S,C,2024-07-15,3705000.00,4.447999,100.326171875
08:00:57,91282CKY6,TSRYS5833261,D,S,D,2024-07-15,3000000.00,4.447999,100.326171875
08:00:57,91282CKY6,TSRYS5833261,D,S,D,2024-07-15,4000000.00,4.446948,100.328125
08:00:57,91282CKY6,TSRYS5833261,D,S,D,2024-07-15,4000000.00,4.447999,100.326171875
08:00:57,91282CKY6,TSRYS5833261,D,S,D,2024-07-15,1000000.00,4.447999,100.326171875
08:00:57,91282CKY6,TSRYS5833261,D,S,D,2024-07-15,1000000.00,4.447999,100.326171875
08:00:58,91282CKY6,TSRYS5833261,D,S,D,2024-07-15,25000000.00,4.465868,100.29296875
08:00:59,91282CKY6,TSRYS5833261,D,S,T,2024-07-15,1000000.00,4.440643,100.33984375
08:00:59,91282CKY6,TSRYS5833261,D,S,T,2024-07-15,1000000.00,4.440698,100.33974175
08:00:59,91282CKY6,TSRYS5833261,D,S,T,2024-07-15,1000000.00,4.440698,100.33974175
08:00:59,91282CKY6,TSRYS5833261,D,S,T,2024-07-15,1000000.00,4.440698,100.33974175
08:00:59,91282CKY6,TSRYS5833261,D,S,T,2024-07-15,1000000.00,4.440698,100.33974175
08:00:59,91282CKY6,TSRYS5833261,D,S,T,2024-07-15,1000000.00,4.440698,100.33974175
08:00:59,91282CKY6,TSRYS5833261,D,S,T,2024-07-15,1000000.00,4.440698,100.33974175
08:00:59,91282CKY6,TSRYS5833261,D,S,T,2024-07-15,1000000.00,4.440698,100.33974175
08:00:59,91282CKY6,TSRYS5833261,D,S,T,2024-07-15,1000000.00,4.440698,100.33974175
08:00:59,91282CKY6,TSRYS5833261,D,S,T,2024-07-15,1000000.00,4.440698,100.33974175
08:00:59,91282CKY6,TSRYS5833261,D,S,T,2024-07-15,1000000.00,4.440698,100.33974175
08:00:59,91282CKY6,TSRYS5833261,D,S,T,2024-07-15,1000000.00,4.440698,100.33974175
08:00:59,91282CKY6,TSRYS5833261,D,S,T,2024-07-15,1000000.00,4.440698,100.33974175
08:00:59,91282CKY6,TSRYS5833261,D,S,T,2024-07-15,2000000.00,4.440698,100.33974175
08:00:59,91282CKY6,TSRYS5833261,D,S,T,2024-07-15,1000000.00,4.440698,100.33974175
08:00:59,91282CKY6,TSRYS5833261,D,S,T,2024-07-15,1000000.00,4.440698,100.33974175
08:00:59,91282CKY6,TSRYS5833261,D,S,T,2024-07-15,1000000.00,4.440698,100.33974175
08:00:59,91282CKY6,TSRYS5833261,D,S,T,2024-07-15,1000000.00,4.440698,100.33974175
08:00:59,91282CKY6,TSRYS5833261,D,S,T,2024-07-15,1000000.00,4.440698,100.33974175
08:00:59,91282CKY6,TSRYS5833261,D,S,T,2024-07-15,1000000.00,4.440643,100.33984375
08:00:59,91282CKY6,TSRYS5833261,D,S,T,2024-07-15,1000000.00,4.440643,100.33984375
08:00:59,91282CKY6,TSRYS5833261,D,S,T,2024-07-15,1000000.00,4.440698,100.33974175
08:00:59,91282CKY6,TSRYS5833261,D,S,T,2024-07-15,1000000.00,4.440698,100.33974175
08:00:59,91282CKY6,TSRYS5833261,D,S,T,2024-07-15,1000000.00,4.440698,100.33974175
08:00:59,91282CKY6,TSRYS5833261,D,S,T,2024-07-15,1000000.00,4.440698,100.33974175
08:00:59,91282CKY6,TSRYS5833261,D,S,T,2024-07-15,1000000.00,4.440698,100.33974175
08:00:59,91282CKY6,TSRYS5833261,D,S,T,2024-07-15,2000000.00,4.440698,100.33974175
08:00:59,91282CKY6,TSRYS5833261,D,S,T,2024-07-15,2000000.00,4.440698,100.33974175
08:00:59,91282CKY6,TSRYS5833261,D,S,T,2024-07-15,1000000.00,4.440698,100.33974175
08:00:59,91282CKY6,TSRYS5833261,D,S,D,2024-07-15,1000000.00,4.445897,100.330078125
08:00:59,91282CKY6,TSRYS5833261,D,S,T,2024-07-15,1000000.00,4.440698,100.33974175
08:00:59,91282CKY6,TSRYS5833261,D,S,T,2024-07-15,1000000.00,4.440698,100.33974175
08:00:59,91282CKY6,TSRYS5833261,D,S,T,2024-07-15,3000000.00,4.440698,100.33974175
08:00:59,91282CKY6,TSRYS5833261,D,S,T,2024-07-15,1000000.00,4.440698,100.33974175
08:00:59,91282CKY6,TSRYS5833261,D,S,T,2024-07-15,1000000.00,4.440698,100.33974175
08:00:59,91282CKY6,TSRYS5833261,D,S,T,2024-07-15,1000000.00,4.440698,100.33974175
08:01:00,91282CKY6,TSRYS5833261,D,S,T,2024-07-15,2000000.00,4.440643,100.33984375
08:01:00,91282CKY6,TSRYS5833261,D,S,T,2024-07-15,10000000.00,4.440643,100.33984375
08:01:00,91282CKY6,TSRYS5833261,D,S,T,2024-07-15,1000000.00,4.440643,100.33984375
08:01:00,91282CKY6,TSRYS5833261,D,S,T,2024-07-15,3000000.00,4.440643,100.33984375
08:01:00,91282CKY6,TSRYS5833261,D,S,T,2024-07-15,4000000.00,4.440643,100.33984375
08:01:00,91282CKY6,TSRYS5833261,D,S,T,2024-07-15,1000000.00,4.451313,100.3200125
08:01:00,91282CKY6,TSRYS5833261,D,S,T,2024-07-15,1000000.00,4.440643,100.33984375
08:01:00,91282CKY6,TSRYS5833261,D,S,T,2024-07-15,3000000.00,4.440698,100.33974175
08:01:00,91282CKY6,TSRYS5833261,D,S,T,2024-07-15,1000000.00,4.453415,100.31610625
08:01:00,91282CKY6,TSRYS5833261,D,S,T,2024-07-15,1000000.00,4.440698,100.33974175
08:01:00,91282CKY6,TSRYS5833261,D,S,T,2024-07-15,1000000.00,4.453415,100.31610625
08:01:00,91282CKY6,TSRYS5833261,D,S,T,2024-07-15,1000000.00,4.450168,100.322140625
08:01:00,91282CKY6,TSRYS5833261,D,S,T,2024-07-15,1000000.00,4.453415,100.31610625
08:01:00,91282CKY6,TSRYS5833261,D,S,T,2024-07-15,1000000.00,4.453415,100.31610625
08:01:00,91282CKY6,TSRYS5833261,D,S,T,2024-07-15,1000000.00,4.453415,100.31610625
08:01:00,91282CKY6,TSRYS5833261,D,S,T,2024-07-15,1000000.00,4.453415,100.31610625
08:01:00,91282CKY6,TSRYS5833261,D,S,A,2024-07-15,65000.00,4.444846,100.33203125
08:01:00,91282CKY6,TSRYS5833261,D,S,T,2024-07-15,1000000.00,4.453415,100.31610625
08:01:00,91282CKY6,TSRYS5833261,D,S,T,2024-07-15,2000000.00,4.450168,100.322140625
08:01:00,91282CKY6,TSRYS5833261,D,S,T,2024-07-15,1000000.00,4.450168,100.322140625
08:01:00,91282CKY6,TSRYS5833261,D,S,T,2024-07-15,1000000.00,4.453415,100.31610625
08:01:00,91282CKY6,TSRYS5833261,D,S,T,2024-07-15,1000000.00,4.453415,100.31610625
08:01:00,91282CKY6,TSRYS5833261,D,S,T,2024-07-15,1000000.00,4.451313,100.3200125
08:01:00,91282CKY6,TSRYS5833261,D,S,T,2024-07-15,1000000.00,4.451313,100.3200125
08:01:00,91282CKY6,TSRYS5833261,D,S,T,2024-07-15,1000000.00,4.451313,100.3200125
08:01:00,91282CKY6,TSRYS5833261,D,S,T,2024-07-15,1000000.00,4.451313,100.3200125
08:01:00,91282CKY6,TSRYS5833261,D,S,D,2024-07-15,5000000.00,4.444846,100.33203125
08:01:00,91282CKY6,TSRYS5833261,D,S,T,2024-07-15,1000000.00,4.453415,100.31610625
08:01:00,91282CKY6,TSRYS5833261,D,S,T,2024-07-15,1000000.00,4.460612,100.302734375
08:01:00,91282CKY6,TSRYS5833261,D,S,T,2024-07-15,1000000.00,4.450168,100.322140625
08:01:00,91282CKY6,TSRYS5833261,D,S,T,2024-07-15,1000000.00,4.450168,100.322140625
08:01:00,91282CKY6,TSRYS5833261,D,S,T,2024-07-15,2000000.00,4.440698,100.33974175
08:01:00,91282CKY6,TSRYS5833261,D,S,T,2024-07-15,1000000.00,4.440698,100.33974175
08:01:00,91282CKY6,TSRYS5833261,D,S,T,2024-07-15,1000000.00,4.440698,100.33974175
08:01:00,91282CKY6,TSRYS5833261,D,S,T,2024-07-15,1000000.00,4.450168,100.322140625
08:01:00,91282CKY6,TSRYS5833261,D,S,D,2024-07-15,1000000.00,4.446948,100.328125
08:01:00,91282CKY6,TSRYS5833261,D,S,D,2024-07-15,1000000.00,4.446948,100.328125
08:01:00,91282CKY6,TSRYS5833261,D,S,C,2024-07-15,3704000.00,4.446948,100.328125
08:01:00,91282CKY6,TSRYS5833261,D,S,T,2024-07-15,1000000.00,4.450168,100.322140625
08:01:00,91282CKY6,TSRYS5833261,D,S,D,2024-07-15,4000000.00,4.445897,100.330078125
08:01:00,91282CKY6,TSRYS5833261,D,S,D,2024-07-15,1000000.00,4.445897,100.330078125
08:01:00,91282CKY6,TSRYS5833261,D,S,D,2024-07-15,1000000.00,4.445897,100.330078125
08:01:00,91282CKY6,TSRYS5833261,D,S,D,2024-07-15,1000000.00,4.446948,100.328125
08:01:00,91282CKY6,TSRYS5833261,D,S,D,2024-07-15,4000000.00,4.446948,100.328125
08:01:00,91282CKY6,TSRYS5833261,D,S,D,2024-07-15,1000000.00,4.445897,100.330078125
08:01:00,91282CKY6,TSRYS5833261,D,S,C,2024-07-15,10000000.00,4.445897,100.330078125
08:01:00,91282CKY6,TSRYS5833261,D,S,D,2024-07-15,1000000.00,4.446948,100.328125
08:01:00,91282CKY6,TSRYS5833261,D,S,T,2024-07-15,1000000.00,4.450168,100.322140625
08:01:00,91282CKY6,TSRYS5833261,D,S,D,2024-07-15,1000000.00,4.446948,100.328125
08:01:00,91282CKY6,TSRYS5833261,D,S,D,2024-07-15,1000000.00,4.446948,100.328125
08:01:00,91282CKY6,TSRYS5833261,D,S,D,2024-07-15,1000000.00,4.446948,100.328125
08:01:00,91282CKY6,TSRYS5833261,D,S,D,2024-07-15,1000000.00,4.446948,100.328125
08:01:01,91282CKY6,TSRYS5833261,D,B,C,2024-07-15,250MM+,4.453254,100.31640625
08:01:01,91282CKY6,TSRYS5833261,D,S,T,2024-07-15,3000000.00,4.463766,100.296875
08:01:01,91282CKY6,TSRYS5833261,D,S,T,2024-07-15,1000000.00,4.463766,100.296875
08:01:01,91282CKY6,TSRYS5833261,D,S,T,2024-07-15,1000000.00,4.463766,100.296875
08:01:01,91282CKY6,TSRYS5833261,D,S,T,2024-07-15,3000000.00,4.463766,100.296875
08:01:01,91282CKY6,TSRYS5833261,D,S,T,2024-07-15,1000000.00,4.450101,100.322265625
08:01:01,91282CKY6,TSRYS5833261,D,S,T,2024-07-15,1000000.00,4.450168,100.322140625
08:01:01,91282CKY6,TSRYS5833261,D,S,T,2024-07-15,1000000.00,4.44905,100.32421875
08:01:01,91282CKY6,TSRYS5833261,D,S,T,2024-07-15,1000000.00,4.463766,100.296875
08:01:01,91282CKY6,TSRYS5833261,D,S,T,2024-07-15,3000000.00,4.463766,100.296875
08:01:01,91282CKY6,TSRYS5833261,D,S,T,2024-07-15,3000000.00,4.463766,100.296875
08:01:01,91282CKY6,TSRYS5833261,D,S,T,2024-07-15,4000000.00,4.450101,100.322265625
08:01:01,91282CKY6,TSRYS5833261,D,S,T,2024-07-15,2000000.00,4.464817,100.294921875
08:01:01,91282CKY6,TSRYS5833261,D,S,T,2024-07-15,1000000.00,4.464817,100.294921875
08:01:01,91282CKY6,TSRYS5833261,D,S,T,2024-07-15,1000000.00,4.465868,100.29296875
08:01:01,91282CKY6,TSRYS5833261,D,S,T,2024-07-15,4000000.00,4.465868,100.29296875
08:01:01,91282CKY6,TSRYS5833261,D,S,T,2024-07-15,2000000.00,4.465868,100.29296875
08:01:01,91282CKY6,TSRYS5833261,D,S,A,2024-07-15,8000.00,4.438233,100.34375
08:01:01,91282CKY6,TSRYS5833261,D,S,T,2024-07-15,1000000.00,4.450101,100.322265625
08:01:01,91282CKY6,TSRYS5833261,D,S,T,2024-07-15,3000000.00,4.465868,100.29296875
08:01:01,91282CKY6,TSRYS5833261,D,S,T,2024-07-15,3000000.00,4.465868,100.29296875
08:01:01,91282CKY6,TSRYS5833261,D,S,T,2024-07-15,1000000.00,4.465868,100.29296875
08:01:01,91282CKY6,TSRYS5833261,D,S,T,2024-07-15,3000000.00,4.450101,100.322265625
08:01:01,91282CKY6,TSRYS5833261,D,S,T,2024-07-15,1000000.00,4.450101,100.322265625
08:01:01,91282CKY6,TSRYS5833261,D,S,T,2024-07-15,1000000.00,4.465868,100.29296875
08:01:01,91282CKY6,TSRYS5833261,D,S,T,2024-07-15,1000000.00,4.465868,100.29296875
08:01:01,91282CKY6,TSRYS5833261,D,S,T,2024-07-15,1000000.00,4.465868,100.29296875
08:01:01,91282CKY6,TSRYS5833261,D,S,D,2024-07-15,1000000.00,4.447999,100.326171875
08:01:02,91282CKY6,TSRYS5833261,D,S,T,2024-07-15,1000000.00,4.450101,100.322265625
08:01:02,91282CKY6,TSRYS5833261,D,S,D,2024-07-15,1000000.00,4.447999,100.326171875
08:01:02,91282CKY6,TSRYS5833261,D,S,D,2024-07-15,1000000.00,4.44905,100.32421875
08:01:02,91282CKY6,TSRYS5833261,D,S,D,2024-07-15,2000000.00,4.44905,100.32421875
08:01:02,91282CKY6,TSRYS5833261,D,S,D,2024-07-15,1000000.00,4.44905,100.32421875
08:01:02,91282CKY6,TSRYS5833261,D,S,D,2024-07-15,2000000.00,4.44905,100.32421875
08:01:02,91282CKY6,TSRYS5833261,D,S,D,2024-07-15,1000000.00,4.44905,100.32421875
08:01:02,91282CKY6,TSRYS5833261,D,S,D,2024-07-15,1000000.00,4.44905,100.32421875
08:01:02,91282CKY6,TSRYS5833261,D,S,D,2024-07-15,1000000.00,4.44905,100.32421875
08:01:02,91282CKY6,TSRYS5833261,D,S,D,2024-07-15,250MM+,4.467971,100.2890625
08:01:02,91282CKY6,TSRYS5833261,D,S,T,2024-07-15,1000000.00,4.46692,100.291015625
08:01:02,91282CKY6,TSRYS5833261,D,S,T,2024-07-15,1000000.00,4.46692,100.291015625
08:01:02,91282CKY6,TSRYS5833261,D,S,T,2024-07-15,1000000.00,4.46692,100.291015625
08:01:02,91282CKY6,TSRYS5833261,D,S,T,2024-07-15,1000000.00,4.46692,100.291015625
08:01:02,91282CKY6,TSRYS5833261,D,S,T,2024-07-15,1000000.00,4.46692,100.291015625
08:01:02,91282CKY6,TSRYS5833261,D,S,T,2024-07-15,1000000.00,4.46692,100.291015625
08:01:02,91282CKY6,TSRYS5833261,D,S,T,2024-07-15,1000000.00,4.46692,100.291015625
08:01:02,91282CKY6,TSRYS5833261,D,S,T,2024-07-15,4000000.00,4.46692,100.291015625
08:01:02,91282CKY6,TSRYS5833261,D,S,T,2024-07-15,1000000.00,4.46692,100.291015625
08:01:02,91282CKY6,TSRYS5833261,D,S,T,2024-07-15,5000000.00,4.450168,100.322140625
08:01:02,91282CKY6,TSRYS5833261,D,S,T,2024-07-15,2000000.00,4.450101,100.322265625
08:01:02,91282CKY6,TSRYS5833261,D,S,T,2024-07-15,1000000.00,4.450101,100.322265625
08:01:02,91282CKY6,TSRYS5833261,D,S,T,2024-07-15,2000000.00,4.451152,100.3203125
08:01:02,91282CKY6,TSRYS5833261,D,S,T,2024-07-15,1000000.00,4.451152,100.3203125
08:01:03,91282CKY6,TSRYS5833261,D,S,T,2024-07-15,1000000.00,4.451152,100.3203125
08:01:03,91282CKY6,TSRYS5833261,D,S,D,2024-07-15,10000000.00,4.464925,100.294721875
08:01:03,91282CKY6,TSRYS5833261,D,S,D,2024-07-15,10000000.00,4.464925,100.294721875
08:01:03,91282CKY6,TSRYS5833261,D,S,T,2024-07-15,1000000.00,4.451152,100.3203125
08:01:03,91282CKY6,TSRYS5833261,D,S,D,2024-07-15,1000000.00,4.451152,100.3203125
08:01:03,91282CKY6,TSRYS5833261,D,S,D,2024-07-15,3000000.00,4.451152,100.3203125
08:01:03,91282CKY6,TSRYS5833261,D,S,D,2024-07-15,1000000.00,4.451152,100.3203125
08:01:03,91282CKY6,TSRYS5833261,D,S,D,2024-07-15,1000000.00,4.450101,100.322265625
08:01:03,91282CKY6,TSRYS5833261,D,S,D,2024-07-15,1000000.00,4.450101,100.322265625
08:01:03,91282CKY6,TSRYS5833261,D,S,D,2024-07-15,10000000.00,4.461771,100.30058125
08:01:03,91282CKY6,TSRYS5833261,D,S,D,2024-07-15,4000000.00,4.450101,100.322265625
08:01:03,91282CKY6,TSRYS5833261,D,S,C,2024-07-15,5705000.00,4.451152,100.3203125
08:01:03,91282CKY6,TSRYS5833261,D,S,D,2024-07-15,2000000.00,4.44905,100.32421875
08:01:03,91282CKY6,TSRYS5833261,D,S,D,2024-07-15,2000000.00,4.450101,100.322265625
08:01:03,91282CKY6,TSRYS5833261,D,S,T,2024-07-15,2000000.00,4.451219,100.3201875
08:01:03,91282CKY6,TSRYS5833261,D,S,T,2024-07-15,1000000.00,4.451152,100.3203125
08:01:03,91282CKY6,TSRYS5833261,D,S,T,2024-07-15,1000000.00,4.44905,100.32421875
08:01:03,91282CKY6,TSRYS5833261,D,S,T,2024-07-15,2000000.00,4.451219,100.3201875
08:01:04,91282CKY6,TSRYS5833261,D,S,T,2024-07-15,3000000.00,4.451152,100.3203125
08:01:04,91282CKY6,TSRYS5833261,D,S,T,2024-07-15,1000000.00,4.451219,100.3201875
08:01:04,91282CKY6,TSRYS5833261,D,S,T,2024-07-15,3000000.00,4.451152,100.3203125
08:01:04,91282CKY6,TSRYS5833261,D,S,T,2024-07-15,2000000.00,4.449117,100.32409375
08:01:04,91282CKY6,TSRYS5833261,D,S,T,2024-07-15,3000000.00,4.44905,100.32421875
08:01:04,91282CKY6,TSRYS5833261,D,S,D,2024-07-15,1000000.00,4.451152,100.3203125
08:01:04,91282CKY6,TSRYS5833261,D,S,D,2024-07-15,2000000.00,4.44905,100.32421875
08:01:04,91282CKY6,TSRYS5833261,D,S,D,2024-07-15,3000000.00,4.44905,100.32421875
08:01:04,91282CKY6,TSRYS5833261,D,S,D,2024-07-15,1000000.00,4.44905,100.32421875
08:01:04,91282CKY6,TSRYS5833261,D,S,D,2024-07-15,16942000.00,4.453254,100.31640625
08:01:04,91282CKY6,TSRYS5833261,D,S,T,2024-07-15,1000000.00,4.44905,100.32421875
08:01:04,91282CKY6,TSRYS5833261,D,S,T,2024-07-15,3000000.00,4.44905,100.32421875
08:01:04,91282CKY6,TSRYS5833261,D,S,D,2024-07-15,4000000.00,4.44905,100.32421875
08:01:04,91282CKY6,TSRYS5833261,D,S,D,2024-07-15,1500000.00,4.457458,100.30859375
08:01:05,91282CKY6,TSRYS5833261,D,S,D,2024-07-15,4000000.00,4.450101,100.322265625
08:01:05,91282CKY6,TSRYS5833261,D,S,C,2024-07-15,1704000.00,4.450101,100.322265625
08:01:05,91282CKY6,TSRYS5833261,D,S,D,2024-07-15,5000000.00,4.44905,100.32421875
08:01:05,91282CKY6,TSRYS5833261,D,S,D,2024-07-15,1000000.00,4.44905,100.32421875
08:01:05,91282CKY6,TSRYS5833261,D,S,D,2024-07-15,1000000.00,4.450101,100.322265625
08:01:05,91282CKY6,TSRYS5833261,D,S,D,2024-07-15,4000000.00,4.44905,100.32421875
08:01:05,91282CKY6,TSRYS5833261,D,S,D,2024-07-15,1000000.00,4.450101,100.322265625
08:01:05,91282CKY6,TSRYS5833261,D,S,D,2024-07-15,2000000.00,4.447999,100.326171875
08:01:05,91282CKY6,TSRYS5833261,D,S,T,2024-07-15,4000000.00,4.451152,100.3203125
08:01:05,91282CKY6,TSRYS5833261,D,B,C,2024-07-15,1500000.00,4.527085,100.1796875
08:01:05,91282CKY6,TSRYS5833261,D,S,T,2024-07-15,10000000.00,4.451152,100.3203125
08:01:05,91282CKY6,TSRYS5833261,D,S,T,2024-07-15,1000000.00,4.450168,100.322140625
08:01:05,91282CKY6,TSRYS5833261,D,S,T,2024-07-15,1000000.00,4.451152,100.3203125
08:01:05,91282CKY6,TSRYS5833261,D,S,T,2024-07-15,1000000.00,4.451152,100.3203125
08:01:05,91282CKY6,TSRYS5833261,D,S,T,2024-07-15,4000000.00,4.450168,100.322140625
08:01:05,91282CKY6,TSRYS5833261,D,S,T,2024-07-15,1000000.00,4.450168,100.322140625
08:01:05,91282CKY6,TSRYS5833261,D,S,T,2024-07-15,1000000.00,4.450168,100.322140625
08:01:05,91282CKY6,TSRYS5833261,D,S,T,2024-07-15,2000000.00,4.450168,100.322140625
08:01:05,91282CKY6,TSRYS5833261,D,S,T,2024-07-15,5000000.00,4.446948,100.328125
08:01:05,91282CKY6,TSRYS5833261,D,S,T,2024-07-15,4000000.00,4.446948,100.328125
08:01:05,91282CKY6,TSRYS5833261,D,S,T,2024-07-15,1000000.00,4.447015,100.328
08:01:06,91282CKY6,TSRYS5833261,D,S,D,2024-07-15,1000000.00,4.461663,100.30078125
08:01:06,91282CKY6,TSRYS5833261,D,S,T,2024-07-15,1000000.00,4.461663,100.30078125
08:01:06,91282CKY6,TSRYS5833261,D,S,T,2024-07-15,5000000.00,4.461663,100.30078125
08:01:06,91282CKY6,TSRYS5833261,D,S,D,2024-07-15,2000000.00,4.447999,100.326171875
08:01:06,91282CKY6,TSRYS5833261,D,S,D,2024-07-15,1000000.00,4.447999,100.326171875
08:01:06,91282CKY6,TSRYS5833261,D,S,D,2024-07-15,1000000.00,4.447999,100.326171875
08:01:06,91282CKY6,TSRYS5833261,D,S,T,2024-07-15,1000000.00,4.46692,100.291015625
08:01:06,91282CKY6,TSRYS5833261,D,S,D,2024-07-15,2000000.00,4.447999,100.326171875
08:01:06,91282CKY6,TSRYS5833261,D,S,D,2024-07-15,2000000.00,4.447999,100.326171875
08:01:06,91282CKY6,TSRYS5833261,D,S,C,2024-07-15,5000000.00,4.446948,100.328125
08:01:06,91282CKY6,TSRYS5833261,D,S,D,2024-07-15,1000000.00,4.445897,100.330078125
08:01:06,91282CKY6,TSRYS5833261,D,S,D,2024-07-15,3000000.00,4.445897,100.330078125
08:01:06,91282CKY6,TSRYS5833261,D,S,T,2024-07-15,1000000.00,4.46692,100.291015625
08:01:06,91282CKY6,TSRYS5833261,D,S,D,2024-07-15,3000000.00,4.461663,100.30078125
