tradeTime,cusip,issueSymbolIdentifier,priceType,reportingSideCode,contraPartyTypeCode,tradeDate,reportedTradeVolume,lastSaleYield,lastSalePrice
08:00:04,91282CKH3,TSRYS5774872,D,S,D,2024-03-28,2000000.00,4.598221,99.814453125
08:00:04,91282CKH3,TSRYS5774872,D,S,D,2024-03-28,2000000.00,4.598221,99.814453125
08:00:04,91282CKH3,TSRYS5774872,D,S,D,2024-03-28,2000000.00,4.598221,99.814453125
08:00:07,91282CKH3,TSRYS5774872,D,S,T,2024-03-28,1000000.00,4.610654,99.791015625
08:00:07,91282CKH3,TSRYS5774872,D,S,D,2024-03-28,4000000.00,4.609618,99.79296875
08:00:07,91282CKH3,TSRYS5774872,D,S,D,2024-03-28,2000000.00,4.609618,99.79296875
08:00:07,91282CKH3,TSRYS5774872,D,S,D,2024-03-28,1000000.00,4.608582,99.794921875
08:00:07,91282CKH3,TSRYS5774872,D,S,D,2024-03-28,1000000.00,4.608582,99.794921875
08:00:07,91282CKH3,TSRYS5774872,D,S,D,2024-03-28,1000000.00,4.608582,99.794921875
08:00:07,91282CKH3,TSRYS5774872,D,S,D,2024-03-28,1000000.00,4.608582,99.794921875
08:00:07,91282CKH3,TSRYS5774872,D,S,D,2024-03-28,1000000.00,4.608582,99.794921875
08:00:07,91282CKH3,TSRYS5774872,D,S,D,2024-03-28,1000000.00,4.608582,99.794921875
08:00:07,91282CKH3,TSRYS5774872,D,S,D,2024-03-28,1000000.00,4.608582,99.794921875
08:00:07,91282CKH3,TSRYS5774872,D,S,D,2024-03-28,2000000.00,4.608582,99.794921875
08:00:07,91282CKH3,TSRYS5774872,D,S,D,2024-03-28,1000000.00,4.607545,99.796875
08:00:07,91282CKH3,TSRYS5774872,D,S,D,2024-03-28,4000000.00,4.608582,99.794921875
08:00:07,91282CKH3,TSRYS5774872,D,S,D,2024-03-28,4000000.00,4.608582,99.794921875
08:00:07,91282CKH3,TSRYS5774872,D,S,T,2024-03-28,4000000.00,4.608582,99.794921875
08:00:07,91282CKH3,TSRYS5774872,D,S,T,2024-03-28,4000000.00,4.608582,99.794921875
08:00:07,91282CKH3,TSRYS5774872,D,S,T,2024-03-28,4000000.00,4.612726,99.787109375
08:00:07,91282CKH3,TSRYS5774872,D,S,T,2024-03-28,2000000.00,4.621017,99.771484375
08:00:07,91282CKH3,TSRYS5774872,D,S,T,2024-03-28,2000000.00,4.621017,99.771484375
08:00:07,91282CKH3,TSRYS5774872,D,S,T,2024-03-28,3000000.00,4.621017,99.771484375
08:00:07,91282CKH3,TSRYS5774872,D,S,T,2024-03-28,3000000.00,4.619981,99.7734375
08:00:07,91282CKH3,TSRYS5774872,D,S,D,2024-03-28,1000000.00,4.622054,99.76953125
08:00:07,91282CKH3,TSRYS5774872,D,S,T,2024-03-28,4000000.00,4.622054,99.76953125
08:00:07,91282CKH3,TSRYS5774872,D,S,T,2024-03-28,2000000.00,4.622054,99.76953125
08:00:07,91282CKH3,TSRYS5774872,D,S,D,2024-03-28,1000000.00,4.622054,99.76953125
08:00:07,91282CKH3,TSRYS5774872,D,S,T,2024-03-28,2000000.00,4.622054,99.76953125
08:00:07,91282CKH3,TSRYS5774872,D,S,D,2024-03-28,1000000.00,4.6262,99.76171875
08:00:07,91282CKH3,TSRYS5774872,D,S,D,2024-03-28,5000000.00,4.625163,99.763671875
08:00:07,91282CKH3,TSRYS5774872,D,S,T,2024-03-28,4000000.00,4.621017,99.771484375
08:00:07,91282CKH3,TSRYS5774872,D,S,D,2024-03-28,4000000.00,4.621017,99.771484375
08:00:07,91282CKH3,TSRYS5774872,D,S,T,2024-03-28,3000000.00,4.618944,99.775390625
08:00:07,91282CKH3,TSRYS5774872,D,S,D,2024-03-28,3000000.00,4.618944,99.775390625
08:00:07,91282CKH3,TSRYS5774872,D,S,D,2024-03-28,2000000.00,4.619981,99.7734375
08:00:07,91282CKH3,TSRYS5774872,D,S,D,2024-03-28,4000000.00,4.619981,99.7734375
08:00:07,91282CKH3,TSRYS5774872,D,S,T,2024-03-28,1000000.00,4.619981,99.7734375
08:00:07,91282CKH3,TSRYS5774872,D,S,D,2024-03-28,4000000.00,4.619981,99.7734375
08:00:07,91282CKH3,TSRYS5774872,D,S,D,2024-03-28,48050000.00,4.63242,99.75
08:00:07,91282CKH3,TSRYS5774872,D,S,D,2024-03-28,48050000.00,4.63242,99.75
08:00:07,91282CKH3,TSRYS5774872,D,S,D,2024-03-28,5400000.00,4.624127,99.765625
08:00:18,91282CKH3,TSRYS5774872,D,S,T,2024-03-28,2000000.00,4.595114,99.8203125
08:00:20,91282CKH3,TSRYS5774872,D,S,T,2024-03-28,1000000.00,4.607545,99.796875
08:00:20,91282CKH3,TSRYS5774872,D,S,T,2024-03-28,1000000.00,4.607545,99.796875
08:00:23,91282CKH3,TSRYS5774872,D,S,T,2024-03-28,1000000.00,4.607545,99.796875
08:00:24,91282CKH3,TSRYS5774872,D,S,T,2024-03-28,1000000.00,4.597185,99.81640625
08:00:24,91282CKH3,TSRYS5774872,D,S,T,2024-03-28,1000000.00,4.609618,99.79296875
08:00:24,91282CKH3,TSRYS5774872,D,S,T,2024-03-28,1000000.00,4.609618,99.79296875
08:00:24,91282CKH3,TSRYS5774872,D,S,T,2024-03-28,1000000.00,4.607545,99.796875
08:00:24,91282CKH3,TSRYS5774872,D,S,T,2024-03-28,1000000.00,4.613763,99.78515625
08:00:24,91282CKH3,TSRYS5774872,D,S,T,2024-03-28,1000000.00,4.613763,99.78515625
08:00:24,91282CKH3,TSRYS5774872,D,S,D,2024-03-28,2000000.00,4.617908,99.77734375
08:00:24,91282CKH3,TSRYS5774872,D,S,T,2024-03-28,3000000.00,4.62309,99.767578125
08:00:24,91282CKH3,TSRYS5774872,D,S,D,2024-03-28,2000000.00,4.621017,99.771484375
08:00:24,91282CKH3,TSRYS5774872,D,S,T,2024-03-28,1000000.00,4.622054,99.76953125
08:00:25,91282CKH3,TSRYS5774872,D,B,A,2024-03-28,12287000.00,4.615835,99.78125
08:00:30,91282CKH3,TSRYS5774872,D,S,T,2024-03-28,1000000.00,4.597185,99.81640625
08:00:30,91282CKH3,TSRYS5774872,D,S,T,2024-03-28,1000000.00,4.605473,99.80078125
08:00:30,91282CKH3,TSRYS5774872,D,S,T,2024-03-28,1000000.00,4.603401,99.8046875
08:00:30,91282CKH3,TSRYS5774872,D,S,T,2024-03-28,1000000.00,4.606509,99.798828125
08:00:30,91282CKH3,TSRYS5774872,D,S,T,2024-03-28,1000000.00,4.606509,99.798828125
08:00:30,91282CKH3,TSRYS5774872,D,S,T,2024-03-28,1000000.00,4.607545,99.796875
08:00:30,91282CKH3,TSRYS5774872,D,S,T,2024-03-28,1000000.00,4.607545,99.796875
08:00:30,91282CKH3,TSRYS5774872,D,S,T,2024-03-28,1000000.00,4.607545,99.796875
08:00:30,91282CKH3,TSRYS5774872,D,S,T,2024-03-28,1000000.00,4.607545,99.796875
08:00:30,91282CKH3,TSRYS5774872,D,S,T,2024-03-28,1000000.00,4.607545,99.796875
08:00:30,91282CKH3,TSRYS5774872,D,S,T,2024-03-28,1000000.00,4.605473,99.80078125
08:00:30,91282CKH3,TSRYS5774872,D,S,T,2024-03-28,3000000.00,4.603401,99.8046875
08:00:30,91282CKH3,TSRYS5774872,D,S,T,2024-03-28,3000000.00,4.603401,99.8046875
08:00:30,91282CKH3,TSRYS5774872,D,S,T,2024-03-28,2000000.00,4.604437,99.802734375
08:00:30,91282CKH3,TSRYS5774872,D,S,T,2024-03-28,2000000.00,4.604437,99.802734375
08:00:30,91282CKH3,TSRYS5774872,D,S,T,2024-03-28,2000000.00,4.604437,99.802734375
08:00:30,91282CKH3,TSRYS5774872,D,S,T,2024-03-28,1000000.00,4.607545,99.796875
08:00:30,91282CKH3,TSRYS5774872,D,S,T,2024-03-28,1000000.00,4.609618,99.79296875
08:00:30,91282CKH3,TSRYS5774872,D,S,T,2024-03-28,2000000.00,4.609618,99.79296875
08:00:30,91282CKH3,TSRYS5774872,D,S,T,2024-03-28,1000000.00,4.610654,99.791015625
08:00:30,91282CKH3,TSRYS5774872,D,S,T,2024-03-28,1000000.00,4.613763,99.78515625
08:00:30,91282CKH3,TSRYS5774872,D,S,T,2024-03-28,2000000.00,4.614799,99.783203125
08:00:30,91282CKH3,TSRYS5774872,D,S,T,2024-03-28,2000000.00,4.614799,99.783203125
08:00:30,91282CKH3,TSRYS5774872,D,S,T,2024-03-28,1000000.00,4.615835,99.78125
08:00:30,91282CKH3,TSRYS5774872,D,S,T,2024-03-28,1000000.00,4.615835,99.78125
08:00:30,91282CKH3,TSRYS5774872,D,S,T,2024-03-28,3000000.00,4.610654,99.791015625
08:00:30,91282CKH3,TSRYS5774872,D,S,T,2024-03-28,3000000.00,4.610654,99.791015625
08:00:30,91282CKH3,TSRYS5774872,D,S,T,2024-03-28,1000000.00,4.608582,99.794921875
08:00:30,91282CKH3,TSRYS5774872,D,S,T,2024-03-28,1000000.00,4.608582,99.794921875
08:00:30,91282CKH3,TSRYS5774872,D,S,T,2024-03-28,3000000.00,4.608582,99.794921875
08:00:30,91282CKH3,TSRYS5774872,D,S,T,2024-03-28,1000000.00,4.608582,99.794921875
08:00:30,91282CKH3,TSRYS5774872,D,S,T,2024-03-28,1000000.00,4.608582,99.794921875
08:00:30,91282CKH3,TSRYS5774872,D,S,T,2024-03-28,1000000.00,4.608582,99.794921875
08:00:30,91282CKH3,TSRYS5774872,D,S,T,2024-03-28,1000000.00,4.608582,99.794921875
08:00:30,91282CKH3,TSRYS5774872,D,S,T,2024-03-28,2000000.00,4.608582,99.794921875
08:00:30,91282CKH3,TSRYS5774872,D,S,T,2024-03-28,1000000.00,4.608582,99.794921875
08:00:30,91282CKH3,TSRYS5774872,D,S,T,2024-03-28,1000000.00,4.608582,99.794921875
08:00:30,91282CKH3,TSRYS5774872,D,S,T,2024-03-28,1000000.00,4.608582,99.794921875
08:00:30,91282CKH3,TSRYS5774872,D,S,T,2024-03-28,1000000.00,4.608582,99.794921875
08:00:30,91282CKH3,TSRYS5774872,D,S,T,2024-03-28,1000000.00,4.608582,99.794921875
08:00:30,91282CKH3,TSRYS5774872,D,S,T,2024-03-28,1000000.00,4.608582,99.794921875
08:00:30,91282CKH3,TSRYS5774872,D,S,T,2024-03-28,1000000.00,4.608582,99.794921875
08:00:30,91282CKH3,TSRYS5774872,D,S,T,2024-03-28,1000000.00,4.608582,99.794921875
08:00:30,91282CKH3,TSRYS5774872,D,S,T,2024-03-28,1000000.00,4.608582,99.794921875
08:00:30,91282CKH3,TSRYS5774872,D,S,T,2024-03-28,1000000.00,4.608582,99.794921875
08:00:30,91282CKH3,TSRYS5774872,D,S,T,2024-03-28,1000000.00,4.608582,99.794921875
08:00:30,91282CKH3,TSRYS5774872,D,S,T,2024-03-28,1000000.00,4.608582,99.794921875
08:00:30,91282CKH3,TSRYS5774872,D,S,T,2024-03-28,1000000.00,4.608582,99.794921875
08:00:30,91282CKH3,TSRYS5774872,D,S,T,2024-03-28,1000000.00,4.608582,99.794921875
08:00:30,91282CKH3,TSRYS5774872,D,S,T,2024-03-28,1000000.00,4.608582,99.794921875
08:00:30,91282CKH3,TSRYS5774872,D,S,T,2024-03-28,1000000.00,4.608582,99.794921875
08:00:30,91282CKH3,TSRYS5774872,D,S,T,2024-03-28,1000000.00,4.608582,99.794921875
08:00:30,91282CKH3,TSRYS5774872,D,S,T,2024-03-28,1000000.00,4.608582,99.794921875
08:00:30,91282CKH3,TSRYS5774872,D,S,T,2024-03-28,1000000.00,4.607545,99.796875
08:00:30,91282CKH3,TSRYS5774872,D,S,T,2024-03-28,1000000.00,4.607545,99.796875
08:00:30,91282CKH3,TSRYS5774872,D,S,T,2024-03-28,1000000.00,4.607545,99.796875
08:00:30,91282CKH3,TSRYS5774872,D,S,T,2024-03-28,1000000.00,4.607545,99.796875
08:00:30,91282CKH3,TSRYS5774872,D,S,T,2024-03-28,14000000.00,4.607545,99.796875
08:00:30,91282CKH3,TSRYS5774872,D,S,T,2024-03-28,1000000.00,4.607545,99.796875
08:00:30,91282CKH3,TSRYS5774872,D,S,T,2024-03-28,1000000.00,4.607545,99.796875
08:00:30,91282CKH3,TSRYS5774872,D,S,T,2024-03-28,1000000.00,4.609618,99.79296875
08:00:30,91282CKH3,TSRYS5774872,D,S,T,2024-03-28,2000000.00,4.609618,99.79296875
08:00:30,91282CKH3,TSRYS5774872,D,S,T,2024-03-28,1000000.00,4.609618,99.79296875
08:00:30,91282CKH3,TSRYS5774872,D,S,T,2024-03-28,1000000.00,4.609618,99.79296875
08:00:30,91282CKH3,TSRYS5774872,D,S,T,2024-03-28,2000000.00,4.609618,99.79296875
08:00:30,91282CKH3,TSRYS5774872,D,S,T,2024-03-28,1000000.00,4.609618,99.79296875
08:00:30,91282CKH3,TSRYS5774872,D,S,T,2024-03-28,1000000.00,4.609618,99.79296875
08:00:30,91282CKH3,TSRYS5774872,D,S,T,2024-03-28,1000000.00,4.609618,99.79296875
08:00:30,91282CKH3,TSRYS5774872,D,S,T,2024-03-28,4000000.00,4.609618,99.79296875
08:00:30,91282CKH3,TSRYS5774872,D,S,T,2024-03-28,1000000.00,4.609618,99.79296875
08:00:30,91282CKH3,TSRYS5774872,D,S,T,2024-03-28,1000000.00,4.609618,99.79296875
08:00:30,91282CKH3,TSRYS5774872,D,S,T,2024-03-28,2000000.00,4.609618,99.79296875
08:00:30,91282CKH3,TSRYS5774872,D,S,T,2024-03-28,1000000.00,4.607545,99.796875
08:00:33,91282CKH3,TSRYS5774872,D,S,T,2024-03-28,1000000.00,4.609618,99.79296875
08:00:33,91282CKH3,TSRYS5774872,D,S,T,2024-03-28,1000000.00,4.607545,99.796875
08:00:33,91282CKH3,TSRYS5774872,D,S,T,2024-03-28,2000000.00,4.608582,99.794921875
08:00:33,91282CKH3,TSRYS5774872,D,S,T,2024-03-28,1000000.00,4.608582,99.794921875
08:00:33,91282CKH3,TSRYS5774872,D,S,T,2024-03-28,1000000.00,4.609618,99.79296875
08:00:33,91282CKH3,TSRYS5774872,D,S,T,2024-03-28,3000000.00,4.61169,99.7890625
08:00:33,91282CKH3,TSRYS5774872,D,S,T,2024-03-28,1000000.00,4.61169,99.7890625
08:00:33,91282CKH3,TSRYS5774872,D,S,T,2024-03-28,1000000.00,4.610654,99.791015625
08:00:33,91282CKH3,TSRYS5774872,D,S,T,2024-03-28,3000000.00,4.610654,99.791015625
08:00:33,91282CKH3,TSRYS5774872,D,S,T,2024-03-28,1000000.00,4.607545,99.796875
08:00:33,91282CKH3,TSRYS5774872,D,S,T,2024-03-28,1000000.00,4.607545,99.796875
08:00:33,91282CKH3,TSRYS5774872,D,S,T,2024-03-28,1000000.00,4.607545,99.796875
08:00:33,91282CKH3,TSRYS5774872,D,S,T,2024-03-28,1000000.00,4.607545,99.796875
08:00:33,91282CKH3,TSRYS5774872,D,S,T,2024-03-28,1000000.00,4.609618,99.79296875
08:00:33,91282CKH3,TSRYS5774872,D,S,T,2024-03-28,2000000.00,4.609618,99.79296875
08:00:33,91282CKH3,TSRYS5774872,D,S,T,2024-03-28,3000000.00,4.609618,99.79296875
08:00:33,91282CKH3,TSRYS5774872,D,S,T,2024-03-28,3000000.00,4.608582,99.794921875
08:00:33,91282CKH3,TSRYS5774872,D,S,T,2024-03-28,1000000.00,4.608582,99.794921875
08:00:33,91282CKH3,TSRYS5774872,D,S,T,2024-03-28,1000000.00,4.608582,99.794921875
08:00:33,91282CKH3,TSRYS5774872,D,S,T,2024-03-28,2000000.00,4.608582,99.794921875
08:00:33,91282CKH3,TSRYS5774872,D,S,T,2024-03-28,1000000.00,4.608582,99.794921875
08:00:33,91282CKH3,TSRYS5774872,D,S,T,2024-03-28,1000000.00,4.608582,99.794921875
08:00:33,91282CKH3,TSRYS5774872,D,S,T,2024-03-28,1000000.00,4.608582,99.794921875
08:00:33,91282CKH3,TSRYS5774872,D,S,T,2024-03-28,1000000.00,4.608582,99.794921875
08:00:33,91282CKH3,TSRYS5774872,D,S,T,2024-03-28,1000000.00,4.608582,99.794921875
08:00:33,91282CKH3,TSRYS5774872,D,S,T,2024-03-28,2000000.00,4.608582,99.794921875
08:00:33,91282CKH3,TSRYS5774872,D,S,T,2024-03-28,1000000.00,4.608582,99.794921875
08:00:33,91282CKH3,TSRYS5774872,D,S,T,2024-03-28,1000000.00,4.608582,99.794921875
08:00:33,91282CKH3,TSRYS5774872,D,S,T,2024-03-28,1000000.00,4.608582,99.794921875
08:00:33,91282CKH3,TSRYS5774872,D,S,T,2024-03-28,1000000.00,4.608582,99.794921875
08:00:33,91282CKH3,TSRYS5774872,D,S,T,2024-03-28,1000000.00,4.608582,99.794921875
08:00:33,91282CKH3,TSRYS5774872,D,S,T,2024-03-28,1000000.00,4.608582,99.794921875
08:00:33,91282CKH3,TSRYS5774872,D,S,T,2024-03-28,1000000.00,4.608582,99.794921875
08:00:33,91282CKH3,TSRYS5774872,D,S,T,2024-03-28,1000000.00,4.608582,99.794921875
08:00:33,91282CKH3,TSRYS5774872,D,S,T,2024-03-28,3000000.00,4.608582,99.794921875
08:00:33,91282CKH3,TSRYS5774872,D,S,T,2024-03-28,1000000.00,4.608582,99.794921875
08:00:33,91282CKH3,TSRYS5774872,D,S,T,2024-03-28,1000000.00,4.608582,99.794921875
08:00:33,91282CKH3,TSRYS5774872,D,S,T,2024-03-28,3000000.00,4.608582,99.794921875
08:00:33,91282CKH3,TSRYS5774872,D,S,T,2024-03-28,1000000.00,4.610654,99.791015625
08:00:33,91282CKH3,TSRYS5774872,D,S,T,2024-03-28,1000000.00,4.610654,99.791015625
08:00:33,91282CKH3,TSRYS5774872,D,S,T,2024-03-28,1000000.00,4.610654,99.791015625
08:00:33,91282CKH3,TSRYS5774872,D,S,T,2024-03-28,1000000.00,4.612726,99.787109375
08:00:33,91282CKH3,TSRYS5774872,D,S,T,2024-03-28,2000000.00,4.612726,99.787109375
08:00:33,91282CKH3,TSRYS5774872,D,S,T,2024-03-28,3000000.00,4.612726,99.787109375
08:00:33,91282CKH3,TSRYS5774872,D,S,T,2024-03-28,1000000.00,4.612726,99.787109375
08:00:33,91282CKH3,TSRYS5774872,D,S,T,2024-03-28,1000000.00,4.612726,99.787109375
08:00:33,91282CKH3,TSRYS5774872,D,S,T,2024-03-28,1000000.00,4.612726,99.787109375
08:00:33,91282CKH3,TSRYS5774872,D,S,T,2024-03-28,1000000.00,4.612726,99.787109375
08:00:33,91282CKH3,TSRYS5774872,D,S,T,2024-03-28,1000000.00,4.612726,99.787109375
08:00:33,91282CKH3,TSRYS5774872,D,S,T,2024-03-28,1000000.00,4.612726,99.787109375
08:00:33,91282CKH3,TSRYS5774872,D,S,T,2024-03-28,1000000.00,4.612726,99.787109375
08:00:33,91282CKH3,TSRYS5774872,D,S,T,2024-03-28,3000000.00,4.612726,99.787109375
08:00:33,91282CKH3,TSRYS5774872,D,S,T,2024-03-28,1000000.00,4.612726,99.787109375
08:00:33,91282CKH3,TSRYS5774872,D,S,T,2024-03-28,1000000.00,4.612726,99.787109375
08:00:33,91282CKH3,TSRYS5774872,D,S,T,2024-03-28,1000000.00,4.612726,99.787109375
08:00:33,91282CKH3,TSRYS5774872,D,S,T,2024-03-28,1000000.00,4.612726,99.787109375
08:00:33,91282CKH3,TSRYS5774872,D,S,T,2024-03-28,1000000.00,4.612726,99.787109375
08:00:33,91282CKH3,TSRYS5774872,D,S,T,2024-03-28,1000000.00,4.612726,99.787109375
08:00:33,91282CKH3,TSRYS5774872,D,S,T,2024-03-28,1000000.00,4.612726,99.787109375
08:00:33,91282CKH3,TSRYS5774872,D,S,T,2024-03-28,1000000.00,4.612726,99.787109375
08:00:33,91282CKH3,TSRYS5774872,D,S,T,2024-03-28,3000000.00,4.612726,99.787109375
08:00:33,91282CKH3,TSRYS5774872,D,S,T,2024-03-28,1000000.00,4.612726,99.787109375
08:00:33,91282CKH3,TSRYS5774872,D,S,T,2024-03-28,1000000.00,4.612726,99.787109375
08:00:33,91282CKH3,TSRYS5774872,D,S,T,2024-03-28,1000000.00,4.612726,99.787109375
08:00:33,91282CKH3,TSRYS5774872,D,S,T,2024-03-28,1000000.00,4.612726,99.787109375
08:00:33,91282CKH3,TSRYS5774872,D,S,T,2024-03-28,1000000.00,4.612726,99.787109375
08:00:33,91282CKH3,TSRYS5774872,D,S,T,2024-03-28,1000000.00,4.612726,99.787109375
08:00:33,91282CKH3,TSRYS5774872,D,S,T,2024-03-28,3000000.00,4.612726,99.787109375
08:00:33,91282CKH3,TSRYS5774872,D,S,T,2024-03-28,1000000.00,4.612726,99.787109375
08:00:33,91282CKH3,TSRYS5774872,D,S,T,2024-03-28,1000000.00,4.612726,99.787109375
08:00:33,91282CKH3,TSRYS5774872,D,S,T,2024-03-28,1000000.00,4.612726,99.787109375
08:00:33,91282CKH3,TSRYS5774872,D,S,T,2024-03-28,1000000.00,4.612726,99.787109375
08:00:33,91282CKH3,TSRYS5774872,D,S,T,2024-03-28,1000000.00,4.612726,99.787109375
08:00:33,91282CKH3,TSRYS5774872,D,S,T,2024-03-28,3000000.00,4.612726,99.787109375
08:00:33,91282CKH3,TSRYS5774872,D,S,T,2024-03-28,1000000.00,4.612726,99.787109375
08:00:33,91282CKH3,TSRYS5774872,D,S,T,2024-03-28,1000000.00,4.612726,99.787109375
08:00:33,91282CKH3,TSRYS5774872,D,S,T,2024-03-28,1000000.00,4.612726,99.787109375
08:00:33,91282CKH3,TSRYS5774872,D,S,T,2024-03-28,1000000.00,4.612726,99.787109375
08:00:33,91282CKH3,TSRYS5774872,D,S,T,2024-03-28,1000000.00,4.612726,99.787109375
08:00:33,91282CKH3,TSRYS5774872,D,S,T,2024-03-28,1000000.00,4.612726,99.787109375
08:00:33,91282CKH3,TSRYS5774872,D,S,T,2024-03-28,3000000.00,4.612726,99.787109375
08:00:33,91282CKH3,TSRYS5774872,D,S,T,2024-03-28,1000000.00,4.612726,99.787109375
08:00:33,91282CKH3,TSRYS5774872,D,S,T,2024-03-28,3000000.00,4.61169,99.7890625
08:00:37,91282CKH3,TSRYS5774872,D,S,T,2024-03-28,1000000.00,4.613763,99.78515625
08:00:37,91282CKH3,TSRYS5774872,D,S,T,2024-03-28,3000000.00,4.61169,99.7890625
08:00:37,91282CKH3,TSRYS5774872,D,S,T,2024-03-28,2000000.00,4.613763,99.78515625
08:00:37,91282CKH3,TSRYS5774872,D,S,T,2024-03-28,1000000.00,4.617908,99.77734375
08:00:37,91282CKH3,TSRYS5774872,D,S,T,2024-03-28,1000000.00,4.617908,99.77734375
08:00:37,91282CKH3,TSRYS5774872,D,S,T,2024-03-28,1000000.00,4.617908,99.77734375
08:00:37,91282CKH3,TSRYS5774872,D,S,T,2024-03-28,1000000.00,4.617908,99.77734375
08:00:37,91282CKH3,TSRYS5774872,D,S,T,2024-03-28,1000000.00,4.617908,99.77734375
08:00:37,91282CKH3,TSRYS5774872,D,S,T,2024-03-28,1000000.00,4.617908,99.77734375
08:00:37,91282CKH3,TSRYS5774872,D,S,T,2024-03-28,1000000.00,4.617908,99.77734375
08:00:37,91282CKH3,TSRYS5774872,D,S,T,2024-03-28,1000000.00,4.617908,99.77734375
08:00:37,91282CKH3,TSRYS5774872,D,S,T,2024-03-28,1000000.00,4.617908,99.77734375
08:00:37,91282CKH3,TSRYS5774872,D,S,T,2024-03-28,1000000.00,4.617908,99.77734375
08:00:37,91282CKH3,TSRYS5774872,D,S,T,2024-03-28,1000000.00,4.617908,99.77734375
08:00:37,91282CKH3,TSRYS5774872,D,S,T,2024-03-28,1000000.00,4.617908,99.77734375
08:00:37,91282CKH3,TSRYS5774872,D,S,T,2024-03-28,1000000.00,4.617908,99.77734375
08:00:37,91282CKH3,TSRYS5774872,D,S,T,2024-03-28,1000000.00,4.617908,99.77734375
08:00:37,91282CKH3,TSRYS5774872,D,S,T,2024-03-28,1000000.00,4.617908,99.77734375
08:00:37,91282CKH3,TSRYS5774872,D,S,T,2024-03-28,1000000.00,4.619981,99.7734375
08:00:37,91282CKH3,TSRYS5774872,D,S,T,2024-03-28,2000000.00,4.619981,99.7734375
08:00:37,91282CKH3,TSRYS5774872,D,S,T,2024-03-28,2000000.00,4.622054,99.76953125
08:00:37,91282CKH3,TSRYS5774872,D,S,T,2024-03-28,1000000.00,4.624127,99.765625
08:00:37,91282CKH3,TSRYS5774872,D,S,T,2024-03-28,1000000.00,4.624127,99.765625
08:00:37,91282CKH3,TSRYS5774872,D,S,T,2024-03-28,1000000.00,4.624127,99.765625
08:00:37,91282CKH3,TSRYS5774872,D,S,T,2024-03-28,1000000.00,4.625163,99.763671875
08:00:37,91282CKH3,TSRYS5774872,D,S,T,2024-03-28,2000000.00,4.6262,99.76171875
08:00:37,91282CKH3,TSRYS5774872,D,S,T,2024-03-28,2000000.00,4.625163,99.763671875
08:00:37,91282CKH3,TSRYS5774872,D,S,T,2024-03-28,2000000.00,4.624127,99.765625
08:00:37,91282CKH3,TSRYS5774872,D,S,T,2024-03-28,2000000.00,4.624127,99.765625
08:00:37,91282CKH3,TSRYS5774872,D,S,T,2024-03-28,1000000.00,4.624127,99.765625
08:00:37,91282CKH3,TSRYS5774872,D,S,T,2024-03-28,1000000.00,4.6262,99.76171875
08:00:37,91282CKH3,TSRYS5774872,D,S,T,2024-03-28,1000000.00,4.6262,99.76171875
08:00:37,91282CKH3,TSRYS5774872,D,S,T,2024-03-28,3000000.00,4.6262,99.76171875
08:00:37,91282CKH3,TSRYS5774872,D,S,T,2024-03-28,1000000.00,4.6262,99.76171875
08:00:37,91282CKH3,TSRYS5774872,D,S,T,2024-03-28,1000000.00,4.6262,99.76171875
08:00:37,91282CKH3,TSRYS5774872,D,S,T,2024-03-28,1000000.00,4.6262,99.76171875
08:00:37,91282CKH3,TSRYS5774872,D,S,T,2024-03-28,1000000.00,4.6262,99.76171875
08:00:37,91282CKH3,TSRYS5774872,D,S,T,2024-03-28,3000000.00,4.624127,99.765625
08:00:37,91282CKH3,TSRYS5774872,D,S,T,2024-03-28,4000000.00,4.624127,99.765625
08:00:37,91282CKH3,TSRYS5774872,D,S,T,2024-03-28,2000000.00,4.624127,99.765625
08:00:37,91282CKH3,TSRYS5774872,D,S,T,2024-03-28,3000000.00,4.624127,99.765625
08:00:37,91282CKH3,TSRYS5774872,D,S,T,2024-03-28,1000000.00,4.624127,99.765625
08:00:37,91282CKH3,TSRYS5774872,D,S,T,2024-03-28,5000000.00,4.624127,99.765625
08:00:37,91282CKH3,TSRYS5774872,D,S,T,2024-03-28,4000000.00,4.624127,99.765625
08:00:37,91282CKH3,TSRYS5774872,D,S,T,2024-03-28,3000000.00,4.624127,99.765625
08:00:37,91282CKH3,TSRYS5774872,D,S,T,2024-03-28,2000000.00,4.624127,99.765625
08:00:37,91282CKH3,TSRYS5774872,D,S,T,2024-03-28,1000000.00,4.624127,99.765625
08:00:37,91282CKH3,TSRYS5774872,D,S,T,2024-03-28,3000000.00,4.624127,99.765625
08:00:37,91282CKH3,TSRYS5774872,D,S,T,2024-03-28,3000000.00,4.627237,99.759765625
08:00:37,91282CKH3,TSRYS5774872,D,S,T,2024-03-28,1000000.00,4.627237,99.759765625
08:00:37,91282CKH3,TSRYS5774872,D,S,T,2024-03-28,1000000.00,4.627237,99.759765625
08:00:37,91282CKH3,TSRYS5774872,D,S,T,2024-03-28,1000000.00,4.627237,99.759765625
08:00:37,91282CKH3,TSRYS5774872,D,S,T,2024-03-28,1000000.00,4.627237,99.759765625
08:00:37,91282CKH3,TSRYS5774872,D,S,T,2024-03-28,1000000.00,4.627237,99.759765625
08:00:37,91282CKH3,TSRYS5774872,D,S,T,2024-03-28,1000000.00,4.627237,99.759765625
08:00:37,91282CKH3,TSRYS5774872,D,S,T,2024-03-28,2000000.00,4.627237,99.759765625
08:00:37,91282CKH3,TSRYS5774872,D,S,T,2024-03-28,1000000.00,4.627237,99.759765625
08:00:37,91282CKH3,TSRYS5774872,D,S,T,2024-03-28,2000000.00,4.627237,99.759765625
08:00:37,91282CKH3,TSRYS5774872,D,S,T,2024-03-28,1000000.00,4.627237,99.759765625
08:00:37,91282CKH3,TSRYS5774872,D,S,T,2024-03-28,1000000.00,4.627237,99.759765625
08:00:37,91282CKH3,TSRYS5774872,D,S,T,2024-03-28,3000000.00,4.6262,99.76171875
08:00:37,91282CKH3,TSRYS5774872,D,S,T,2024-03-28,2000000.00,4.6262,99.76171875
08:00:37,91282CKH3,TSRYS5774872,D,S,T,2024-03-28,3000000.00,4.627237,99.759765625
08:00:37,91282CKH3,TSRYS5774872,D,S,T,2024-03-28,1000000.00,4.627237,99.759765625
08:00:37,91282CKH3,TSRYS5774872,D,S,T,2024-03-28,1000000.00,4.627237,99.759765625
08:00:37,91282CKH3,TSRYS5774872,D,S,T,2024-03-28,1000000.00,4.627237,99.759765625
08:00:37,91282CKH3,TSRYS5774872,D,S,T,2024-03-28,1000000.00,4.627237,99.759765625
08:00:37,91282CKH3,TSRYS5774872,D,S,T,2024-03-28,1000000.00,4.627237,99.759765625
08:00:37,91282CKH3,TSRYS5774872,D,S,T,2024-03-28,1000000.00,4.627237,99.759765625
08:00:37,91282CKH3,TSRYS5774872,D,S,T,2024-03-28,1000000.00,4.627237,99.759765625
08:00:37,91282CKH3,TSRYS5774872,D,S,T,2024-03-28,2000000.00,4.627237,99.759765625
08:00:37,91282CKH3,TSRYS5774872,D,S,T,2024-03-28,1000000.00,4.627237,99.759765625
08:00:37,91282CKH3,TSRYS5774872,D,S,T,2024-03-28,1000000.00,4.627237,99.759765625
08:00:37,91282CKH3,TSRYS5774872,D,S,T,2024-03-28,1000000.00,4.627237,99.759765625
08:00:37,91282CKH3,TSRYS5774872,D,S,T,2024-03-28,1000000.00,4.627237,99.759765625
08:00:37,91282CKH3,TSRYS5774872,D,S,T,2024-03-28,2000000.00,4.627237,99.759765625
08:00:37,91282CKH3,TSRYS5774872,D,S,T,2024-03-28,3000000.00,4.631383,99.751953125
08:00:37,91282CKH3,TSRYS5774872,D,S,T,2024-03-28,1000000.00,4.631383,99.751953125
08:00:37,91282CKH3,TSRYS5774872,D,S,T,2024-03-28,1000000.00,4.631383,99.751953125
08:00:37,91282CKH3,TSRYS5774872,D,S,T,2024-03-28,1000000.00,4.631383,99.751953125
08:00:37,91282CKH3,TSRYS5774872,D,S,T,2024-03-28,1000000.00,4.631383,99.751953125
08:00:37,91282CKH3,TSRYS5774872,D,S,T,2024-03-28,1000000.00,4.631383,99.751953125
08:00:37,91282CKH3,TSRYS5774872,D,S,T,2024-03-28,1000000.00,4.631383,99.751953125
08:00:37,91282CKH3,TSRYS5774872,D,S,T,2024-03-28,1000000.00,4.631383,99.751953125
08:00:37,91282CKH3,TSRYS5774872,D,S,T,2024-03-28,3000000.00,4.631383,99.751953125
08:00:37,91282CKH3,TSRYS5774872,D,S,T,2024-03-28,1000000.00,4.631383,99.751953125
08:00:37,91282CKH3,TSRYS5774872,D,S,T,2024-03-28,2000000.00,4.631383,99.751953125
08:00:37,91282CKH3,TSRYS5774872,D,S,T,2024-03-28,1000000.00,4.631383,99.751953125
08:00:37,91282CKH3,TSRYS5774872,D,S,T,2024-03-28,1000000.00,4.631383,99.751953125
08:00:37,91282CKH3,TSRYS5774872,D,S,T,2024-03-28,1000000.00,4.631383,99.751953125
08:00:37,91282CKH3,TSRYS5774872,D,S,T,2024-03-28,1000000.00,4.631383,99.751953125
08:00:37,91282CKH3,TSRYS5774872,D,S,T,2024-03-28,1000000.00,4.631383,99.751953125
08:00:37,91282CKH3,TSRYS5774872,D,S,T,2024-03-28,2000000.00,4.631383,99.751953125
08:00:37,91282CKH3,TSRYS5774872,D,S,T,2024-03-28,1000000.00,4.631383,99.751953125
08:00:37,91282CKH3,TSRYS5774872,D,S,T,2024-03-28,1000000.00,4.631383,99.751953125
08:00:37,91282CKH3,TSRYS5774872,D,S,T,2024-03-28,1000000.00,4.631383,99.751953125
08:00:37,91282CKH3,TSRYS5774872,D,S,T,2024-03-28,1000000.00,4.631383,99.751953125
08:00:37,91282CKH3,TSRYS5774872,D,S,T,2024-03-28,1000000.00,4.631383,99.751953125
08:00:37,91282CKH3,TSRYS5774872,D,S,T,2024-03-28,1000000.00,4.631383,99.751953125
08:00:37,91282CKH3,TSRYS5774872,D,S,T,2024-03-28,2000000.00,4.631383,99.751953125
08:00:37,91282CKH3,TSRYS5774872,D,S,T,2024-03-28,1000000.00,4.631383,99.751953125
08:00:37,91282CKH3,TSRYS5774872,D,S,T,2024-03-28,2000000.00,4.631383,99.751953125
08:00:37,91282CKH3,TSRYS5774872,D,S,T,2024-03-28,1000000.00,4.631383,99.751953125
08:00:37,91282CKH3,TSRYS5774872,D,S,T,2024-03-28,2000000.00,4.631383,99.751953125
08:00:37,91282CKH3,TSRYS5774872,D,S,T,2024-03-28,1000000.00,4.631383,99.751953125
08:00:37,91282CKH3,TSRYS5774872,D,S,T,2024-03-28,2000000.00,4.631383,99.751953125
08:00:37,91282CKH3,TSRYS5774872,D,S,T,2024-03-28,1000000.00,4.631383,99.751953125
08:00:37,91282CKH3,TSRYS5774872,D,S,T,2024-03-28,2000000.00,4.631383,99.751953125
08:00:37,91282CKH3,TSRYS5774872,D,S,T,2024-03-28,1000000.00,4.631383,99.751953125
08:00:37,91282CKH3,TSRYS5774872,D,S,T,2024-03-28,2000000.00,4.631383,99.751953125
08:00:37,91282CKH3,TSRYS5774872,D,S,T,2024-03-28,4000000.00,4.631383,99.751953125
08:00:37,91282CKH3,TSRYS5774872,D,S,T,2024-03-28,1000000.00,4.63242,99.75
08:00:37,91282CKH3,TSRYS5774872,D,S,T,2024-03-28,1000000.00,4.63242,99.75
08:00:37,91282CKH3,TSRYS5774872,D,S,T,2024-03-28,1000000.00,4.63242,99.75
08:00:37,91282CKH3,TSRYS5774872,D,S,T,2024-03-28,2000000.00,4.63242,99.75
08:00:37,91282CKH3,TSRYS5774872,D,S,T,2024-03-28,2000000.00,4.63242,99.75
08:00:37,91282CKH3,TSRYS5774872,D,S,T,2024-03-28,2000000.00,4.630347,99.75390625
08:00:37,91282CKH3,TSRYS5774872,D,S,T,2024-03-28,1000000.00,4.62931,99.755859375
08:00:37,91282CKH3,TSRYS5774872,D,S,T,2024-03-28,2000000.00,4.628273,99.7578125
08:00:37,91282CKH3,TSRYS5774872,D,S,T,2024-03-28,2000000.00,4.627237,99.759765625
08:00:37,91282CKH3,TSRYS5774872,D,S,T,2024-03-28,2000000.00,4.6262,99.76171875
08:00:37,91282CKH3,TSRYS5774872,D,S,T,2024-03-28,1000000.00,4.6262,99.76171875
08:00:37,91282CKH3,TSRYS5774872,D,S,T,2024-03-28,1000000.00,4.6262,99.76171875
08:00:37,91282CKH3,TSRYS5774872,D,S,T,2024-03-28,1000000.00,4.625163,99.763671875
08:00:37,91282CKH3,TSRYS5774872,D,S,T,2024-03-28,2000000.00,4.625163,99.763671875
08:00:37,91282CKH3,TSRYS5774872,D,S,T,2024-03-28,1000000.00,4.625163,99.763671875
08:00:37,91282CKH3,TSRYS5774872,D,S,D,2024-03-28,4000000.00,4.625163,99.763671875
08:00:37,91282CKH3,TSRYS5774872,D,S,T,2024-03-28,1000000.00,4.6262,99.76171875
08:00:37,91282CKH3,TSRYS5774872,D,S,T,2024-03-28,1000000.00,4.6262,99.76171875
08:00:37,91282CKH3,TSRYS5774872,D,S,T,2024-03-28,2000000.00,4.625163,99.763671875
08:00:37,91282CKH3,TSRYS5774872,D,S,T,2024-03-28,3000000.00,4.625163,99.763671875
08:00:37,91282CKH3,TSRYS5774872,D,S,T,2024-03-28,2000000.00,4.624127,99.765625
08:00:37,91282CKH3,TSRYS5774872,D,S,T,2024-03-28,1000000.00,4.624127,99.765625
08:00:37,91282CKH3,TSRYS5774872,D,S,T,2024-03-28,1000000.00,4.624127,99.765625
08:00:37,91282CKH3,TSRYS5774872,D,S,T,2024-03-28,1000000.00,4.624127,99.765625
08:00:37,91282CKH3,TSRYS5774872,D,S,T,2024-03-28,2000000.00,4.624127,99.765625
08:00:37,91282CKH3,TSRYS5774872,D,S,T,2024-03-28,1000000.00,4.6262,99.76171875
08:00:37,91282CKH3,TSRYS5774872,D,S,T,2024-03-28,1000000.00,4.6262,99.76171875
08:00:37,91282CKH3,TSRYS5774872,D,S,T,2024-03-28,4000000.00,4.625163,99.763671875
08:00:37,91282CKH3,TSRYS5774872,D,S,T,2024-03-28,1000000.00,4.62309,99.767578125
08:00:37,91282CKH3,TSRYS5774872,D,S,T,2024-03-28,1000000.00,4.62309,99.767578125
08:00:37,91282CKH3,TSRYS5774872,D,S,T,2024-03-28,1000000.00,4.624127,99.765625
08:00:37,91282CKH3,TSRYS5774872,D,S,T,2024-03-28,1000000.00,4.624127,99.765625
08:00:37,91282CKH3,TSRYS5774872,D,S,T,2024-03-28,1000000.00,4.624127,99.765625
08:00:37,91282CKH3,TSRYS5774872,D,S,T,2024-03-28,2000000.00,4.624127,99.765625
08:00:37,91282CKH3,TSRYS5774872,D,S,T,2024-03-28,2000000.00,4.6262,99.76171875
08:00:37,91282CKH3,TSRYS5774872,D,S,T,2024-03-28,2000000.00,4.6262,99.76171875
08:00:37,91282CKH3,TSRYS5774872,D,S,T,2024-03-28,1000000.00,4.624127,99.765625
08:00:37,91282CKH3,TSRYS5774872,D,S,T,2024-03-28,1000000.00,4.624127,99.765625
08:00:37,91282CKH3,TSRYS5774872,D,S,T,2024-03-28,1000000.00,4.624127,99.765625
08:00:37,91282CKH3,TSRYS5774872,D,S,T,2024-03-28,2000000.00,4.622054,99.76953125
08:00:37,91282CKH3,TSRYS5774872,D,S,T,2024-03-28,1000000.00,4.622054,99.76953125
08:00:37,91282CKH3,TSRYS5774872,D,S,T,2024-03-28,1000000.00,4.622054,99.76953125
08:00:37,91282CKH3,TSRYS5774872,D,S,T,2024-03-28,2000000.00,4.622054,99.76953125
08:00:37,91282CKH3,TSRYS5774872,D,S,T,2024-03-28,2000000.00,4.619981,99.7734375
08:00:37,91282CKH3,TSRYS5774872,D,S,T,2024-03-28,4000000.00,4.621017,99.771484375
08:00:37,91282CKH3,TSRYS5774872,D,S,T,2024-03-28,1000000.00,4.622054,99.76953125
08:00:37,91282CKH3,TSRYS5774872,D,S,T,2024-03-28,2000000.00,4.622054,99.76953125
08:00:37,91282CKH3,TSRYS5774872,D,S,T,2024-03-28,4000000.00,4.619981,99.7734375
08:00:37,91282CKH3,TSRYS5774872,D,S,T,2024-03-28,2000000.00,4.619981,99.7734375
08:00:37,91282CKH3,TSRYS5774872,D,S,T,2024-03-28,4000000.00,4.619981,99.7734375
08:00:37,91282CKH3,TSRYS5774872,D,S,T,2024-03-28,2000000.00,4.622054,99.76953125
08:00:37,91282CKH3,TSRYS5774872,D,S,T,2024-03-28,1000000.00,4.622054,99.76953125
08:00:37,91282CKH3,TSRYS5774872,D,S,T,2024-03-28,4000000.00,4.624127,99.765625
08:00:37,91282CKH3,TSRYS5774872,D,S,T,2024-03-28,2000000.00,4.624127,99.765625
08:00:37,91282CKH3,TSRYS5774872,D,S,T,2024-03-28,2000000.00,4.622054,99.76953125
08:00:37,91282CKH3,TSRYS5774872,D,S,T,2024-03-28,2000000.00,4.622054,99.76953125
08:00:37,91282CKH3,TSRYS5774872,D,S,T,2024-03-28,2000000.00,4.622054,99.76953125
08:00:37,91282CKH3,TSRYS5774872,D,S,D,2024-03-28,2000000.00,4.610654,99.791015625
08:00:37,91282CKH3,TSRYS5774872,D,S,D,2024-03-28,3000000.00,4.606509,99.798828125
08:00:37,91282CKH3,TSRYS5774872,D,S,D,2024-03-28,3000000.00,4.607545,99.796875
08:00:37,91282CKH3,TSRYS5774872,D,S,D,2024-03-28,3000000.00,4.606509,99.798828125
08:00:37,91282CKH3,TSRYS5774872,D,S,D,2024-03-28,3000000.00,4.61169,99.7890625
08:00:37,91282CKH3,TSRYS5774872,D,S,D,2024-03-28,2000000.00,4.6262,99.76171875
08:00:37,91282CKH3,TSRYS5774872,D,S,D,2024-03-28,1000000.00,4.625163,99.763671875
08:00:37,91282CKH3,TSRYS5774872,D,S,D,2024-03-28,1000000.00,4.6262,99.76171875
08:00:37,91282CKH3,TSRYS5774872,D,S,D,2024-03-28,4000000.00,4.62309,99.767578125
08:00:37,91282CKH3,TSRYS5774872,D,S,D,2024-03-28,3000000.00,4.624127,99.765625
08:00:37,91282CKH3,TSRYS5774872,D,S,D,2024-03-28,3000000.00,4.624127,99.765625
08:00:37,91282CKH3,TSRYS5774872,D,S,D,2024-03-28,1000000.00,4.622054,99.76953125
08:00:37,91282CKH3,TSRYS5774872,D,S,D,2024-03-28,1000000.00,4.622054,99.76953125
08:00:37,91282CKH3,TSRYS5774872,D,S,D,2024-03-28,3000000.00,4.621017,99.771484375
08:00:37,91282CKH3,TSRYS5774872,D,S,D,2024-03-28,3000000.00,4.621017,99.771484375
08:00:37,91282CKH3,TSRYS5774872,D,S,D,2024-03-28,1000000.00,4.621017,99.771484375
08:00:37,91282CKH3,TSRYS5774872,D,S,D,2024-03-28,1000000.00,4.621017,99.771484375
08:00:37,91282CKH3,TSRYS5774872,D,S,D,2024-03-28,1000000.00,4.621017,99.771484375
08:00:37,91282CKH3,TSRYS5774872,D,S,D,2024-03-28,1000000.00,4.621017,99.771484375
08:00:37,91282CKH3,TSRYS5774872,D,S,D,2024-03-28,1000000.00,4.622054,99.76953125
08:00:37,91282CKH3,TSRYS5774872,D,S,D,2024-03-28,1000000.00,4.622054,99.76953125
08:00:37,91282CKH3,TSRYS5774872,D,S,D,2024-03-28,1000000.00,4.622054,99.76953125
08:00:37,91282CKH3,TSRYS5774872,D,S,D,2024-03-28,1000000.00,4.622054,99.76953125
08:00:37,91282CKH3,TSRYS5774872,D,S,D,2024-03-28,4000000.00,4.6262,99.76171875
08:00:37,91282CKH3,TSRYS5774872,D,S,D,2024-03-28,3000000.00,4.62309,99.767578125
08:00:37,91282CKH3,TSRYS5774872,D,S,D,2024-03-28,3000000.00,4.618944,99.775390625
08:00:37,91282CKH3,TSRYS5774872,D,S,D,2024-03-28,2000000.00,4.598221,99.814453125
08:00:37,91282CKH3,TSRYS5774872,D,S,D,2024-03-28,1000000.00,4.598221,99.814453125
08:00:37,91282CKH3,TSRYS5774872,D,S,D,2024-03-28,2000000.00,4.598221,99.814453125
08:00:37,91282CKH3,TSRYS5774872,D,S,D,2024-03-28,2000000.00,4.598221,99.814453125
08:00:37,91282CKH3,TSRYS5774872,D,S,D,2024-03-28,1000000.00,4.598221,99.814453125
08:00:37,91282CKH3,TSRYS5774872,D,S,D,2024-03-28,6000000.00,4.603401,99.8046875
08:00:37,91282CKH3,TSRYS5774872,D,S,D,2024-03-28,2000000.00,4.608582,99.794921875
08:00:37,91282CKH3,TSRYS5774872,D,S,D,2024-03-28,2000000.00,4.608582,99.794921875
08:00:37,91282CKH3,TSRYS5774872,D,S,D,2024-03-28,1000000.00,4.608582,99.794921875
08:00:37,91282CKH3,TSRYS5774872,D,S,D,2024-03-28,2000000.00,4.609618,99.79296875
08:00:37,91282CKH3,TSRYS5774872,D,S,D,2024-03-28,1000000.00,4.609618,99.79296875
08:00:37,91282CKH3,TSRYS5774872,D,S,D,2024-03-28,1000000.00,4.609618,99.79296875
08:00:37,91282CKH3,TSRYS5774872,D,S,D,2024-03-28,1000000.00,4.609618,99.79296875
08:00:37,91282CKH3,TSRYS5774872,D,S,D,2024-03-28,2000000.00,4.609618,99.79296875
08:00:37,91282CKH3,TSRYS5774872,D,S,D,2024-03-28,1000000.00,4.609618,99.79296875
08:00:37,91282CKH3,TSRYS5774872,D,S,D,2024-03-28,1000000.00,4.609618,99.79296875
08:00:37,91282CKH3,TSRYS5774872,D,S,D,2024-03-28,2000000.00,4.609618,99.79296875
08:00:37,91282CKH3,TSRYS5774872,D,S,D,2024-03-28,3000000.00,4.608582,99.794921875
08:00:37,91282CKH3,TSRYS5774872,D,S,D,2024-03-28,3000000.00,4.609618,99.79296875
08:00:37,91282CKH3,TSRYS5774872,D,S,D,2024-03-28,2000000.00,4.609618,99.79296875
08:00:37,91282CKH3,TSRYS5774872,D,S,D,2024-03-28,1000000.00,4.609618,99.79296875
08:00:37,91282CKH3,TSRYS5774872,D,S,D,2024-03-28,3000000.00,4.609618,99.79296875
08:00:37,91282CKH3,TSRYS5774872,D,S,D,2024-03-28,1000000.00,4.609618,99.79296875
08:00:37,91282CKH3,TSRYS5774872,D,S,D,2024-03-28,3000000.00,4.607545,99.796875
08:00:37,91282CKH3,TSRYS5774872,D,S,D,2024-03-28,3000000.00,4.607545,99.796875
08:00:37,91282CKH3,TSRYS5774872,D,S,D,2024-03-28,2000000.00,4.607545,99.796875
08:00:37,91282CKH3,TSRYS5774872,D,S,D,2024-03-28,1000000.00,4.621017,99.771484375
08:00:37,91282CKH3,TSRYS5774872,D,S,D,2024-03-28,1000000.00,4.621017,99.771484375
08:00:37,91282CKH3,TSRYS5774872,D,S,D,2024-03-28,1000000.00,4.621017,99.771484375
08:00:37,91282CKH3,TSRYS5774872,D,S,D,2024-03-28,4000000.00,4.619981,99.7734375
08:00:37,91282CKH3,TSRYS5774872,D,S,D,2024-03-28,2000000.00,4.619981,99.7734375
08:00:37,91282CKH3,TSRYS5774872,D,S,D,2024-03-28,2000000.00,4.619981,99.7734375
08:00:37,91282CKH3,TSRYS5774872,D,S,T,2024-03-28,2000000.00,4.603401,99.8046875
08:00:37,91282CKH3,TSRYS5774872,D,S,T,2024-03-28,2000000.00,4.603401,99.8046875
08:00:37,91282CKH3,TSRYS5774872,D,S,T,2024-03-28,2000000.00,4.607545,99.796875
08:00:37,91282CKH3,TSRYS5774872,D,S,T,2024-03-28,2000000.00,4.607545,99.796875
08:00:37,91282CKH3,TSRYS5774872,D,S,T,2024-03-28,2000000.00,4.608582,99.794921875
08:00:37,91282CKH3,TSRYS5774872,D,S,T,2024-03-28,1000000.00,4.608582,99.794921875
08:00:37,91282CKH3,TSRYS5774872,D,S,T,2024-03-28,1000000.00,4.615835,99.78125
08:00:37,91282CKH3,TSRYS5774872,D,S,T,2024-03-28,3000000.00,4.606509,99.798828125
08:00:37,91282CKH3,TSRYS5774872,D,S,T,2024-03-28,2000000.00,4.606509,99.798828125
08:00:37,91282CKH3,TSRYS5774872,D,S,T,2024-03-28,4000000.00,4.607545,99.796875
08:00:37,91282CKH3,TSRYS5774872,D,S,T,2024-03-28,2000000.00,4.609618,99.79296875
08:00:37,91282CKH3,TSRYS5774872,D,S,T,2024-03-28,1000000.00,4.609618,99.79296875
08:00:37,91282CKH3,TSRYS5774872,D,S,T,2024-03-28,3000000.00,4.609618,99.79296875
08:00:37,91282CKH3,TSRYS5774872,D,S,T,2024-03-28,2000000.00,4.609618,99.79296875
08:00:37,91282CKH3,TSRYS5774872,D,S,T,2024-03-28,1000000.00,4.609618,99.79296875
08:00:37,91282CKH3,TSRYS5774872,D,S,T,2024-03-28,2000000.00,4.609618,99.79296875
08:00:37,91282CKH3,TSRYS5774872,D,S,T,2024-03-28,3000000.00,4.608582,99.794921875
08:00:37,91282CKH3,TSRYS5774872,D,S,T,2024-03-28,1000000.00,4.608582,99.794921875
08:00:37,91282CKH3,TSRYS5774872,D,S,T,2024-03-28,3000000.00,4.608582,99.794921875
08:00:37,91282CKH3,TSRYS5774872,D,S,T,2024-03-28,1000000.00,4.608582,99.794921875
08:00:37,91282CKH3,TSRYS5774872,D,S,T,2024-03-28,2000000.00,4.609618,99.79296875
08:00:37,91282CKH3,TSRYS5774872,D,S,T,2024-03-28,2000000.00,4.609618,99.79296875
08:00:37,91282CKH3,TSRYS5774872,D,S,T,2024-03-28,1000000.00,4.609618,99.79296875
08:00:37,91282CKH3,TSRYS5774872,D,S,T,2024-03-28,1000000.00,4.609618,99.79296875
08:00:37,91282CKH3,TSRYS5774872,D,S,T,2024-03-28,2000000.00,4.609618,99.79296875
08:00:37,91282CKH3,TSRYS5774872,D,S,T,2024-03-28,1000000.00,4.609618,99.79296875
08:00:37,91282CKH3,TSRYS5774872,D,S,T,2024-03-28,2000000.00,4.609618,99.79296875
08:00:37,91282CKH3,TSRYS5774872,D,S,T,2024-03-28,1000000.00,4.609618,99.79296875
08:00:37,91282CKH3,TSRYS5774872,D,S,T,2024-03-28,2000000.00,4.609618,99.79296875
08:00:37,91282CKH3,TSRYS5774872,D,S,T,2024-03-28,1000000.00,4.625163,99.763671875
08:00:37,91282CKH3,TSRYS5774872,D,S,T,2024-03-28,4000000.00,4.6262,99.76171875
08:00:37,91282CKH3,TSRYS5774872,D,S,T,2024-03-28,4000000.00,4.6262,99.76171875
08:00:37,91282CKH3,TSRYS5774872,D,S,T,2024-03-28,4000000.00,4.625163,99.763671875
08:00:37,91282CKH3,TSRYS5774872,D,S,T,2024-03-28,1000000.00,4.625163,99.763671875
08:00:37,91282CKH3,TSRYS5774872,D,S,T,2024-03-28,3000000.00,4.624127,99.765625
08:00:37,91282CKH3,TSRYS5774872,D,S,T,2024-03-28,3000000.00,4.624127,99.765625
08:00:37,91282CKH3,TSRYS5774872,D,S,T,2024-03-28,3000000.00,4.622054,99.76953125
08:00:37,91282CKH3,TSRYS5774872,D,S,T,2024-03-28,1000000.00,4.622054,99.76953125
08:00:37,91282CKH3,TSRYS5774872,D,S,T,2024-03-28,2000000.00,4.622054,99.76953125
08:00:37,91282CKH3,TSRYS5774872,D,S,D,2024-03-28,1000000.00,4.622054,99.76953125
08:00:37,91282CKH3,TSRYS5774872,D,S,T,2024-03-28,3000000.00,4.621017,99.771484375
08:00:37,91282CKH3,TSRYS5774872,D,S,T,2024-03-28,3000000.00,4.621017,99.771484375
08:00:37,91282CKH3,TSRYS5774872,D,S,T,2024-03-28,4000000.00,4.622054,99.76953125
08:00:37,91282CKH3,TSRYS5774872,D,S,T,2024-03-28,3000000.00,4.622054,99.76953125
08:00:37,91282CKH3,TSRYS5774872,D,S,D,2024-03-28,2000000.00,4.622054,99.76953125
08:00:37,91282CKH3,TSRYS5774872,D,S,T,2024-03-28,3000000.00,4.622054,99.76953125
08:00:37,91282CKH3,TSRYS5774872,D,S,T,2024-03-28,3000000.00,4.622054,99.76953125
08:00:37,91282CKH3,TSRYS5774872,D,S,T,2024-03-28,3000000.00,4.622054,99.76953125
08:00:37,91282CKH3,TSRYS5774872,D,S,D,2024-03-28,2000000.00,4.622054,99.76953125
08:00:37,91282CKH3,TSRYS5774872,D,S,T,2024-03-28,2000000.00,4.622054,99.76953125
08:00:37,91282CKH3,TSRYS5774872,D,S,T,2024-03-28,1000000.00,4.621017,99.771484375
08:00:37,91282CKH3,TSRYS5774872,D,S,T,2024-03-28,3000000.00,4.621017,99.771484375
08:00:37,91282CKH3,TSRYS5774872,D,S,T,2024-03-28,4000000.00,4.621017,99.771484375
08:00:37,91282CKH3,TSRYS5774872,D,S,T,2024-03-28,4000000.00,4.621017,99.771484375
08:00:37,91282CKH3,TSRYS5774872,D,S,T,2024-03-28,2000000.00,4.621017,99.771484375
08:00:37,91282CKH3,TSRYS5774872,D,S,T,2024-03-28,2000000.00,4.621017,99.771484375
08:00:37,91282CKH3,TSRYS5774872,D,S,T,2024-03-28,4000000.00,4.621017,99.771484375
08:00:37,91282CKH3,TSRYS5774872,D,S,T,2024-03-28,4000000.00,4.621017,99.771484375
08:00:37,91282CKH3,TSRYS5774872,D,S,T,2024-03-28,4000000.00,4.621017,99.771484375
08:00:37,91282CKH3,TSRYS5774872,D,S,T,2024-03-28,2000000.00,4.621017,99.771484375
08:00:37,91282CKH3,TSRYS5774872,D,S,D,2024-03-28,1000000.00,4.622054,99.76953125
08:00:37,91282CKH3,TSRYS5774872,D,S,T,2024-03-28,4000000.00,4.622054,99.76953125
08:00:37,91282CKH3,TSRYS5774872,D,S,T,2024-03-28,4000000.00,4.622054,99.76953125
08:00:37,91282CKH3,TSRYS5774872,D,S,D,2024-03-28,1000000.00,4.622054,99.76953125
08:00:37,91282CKH3,TSRYS5774872,D,S,T,2024-03-28,4000000.00,4.621017,99.771484375
08:00:37,91282CKH3,TSRYS5774872,D,S,T,2024-03-28,2000000.00,4.621017,99.771484375
08:00:37,91282CKH3,TSRYS5774872,D,S,T,2024-03-28,2000000.00,4.621017,99.771484375
08:00:37,91282CKH3,TSRYS5774872,D,S,T,2024-03-28,4000000.00,4.619981,99.7734375
08:00:37,91282CKH3,TSRYS5774872,D,S,T,2024-03-28,5000000.00,4.619981,99.7734375
08:00:37,91282CKH3,TSRYS5774872,D,S,T,2024-03-28,4000000.00,4.621017,99.771484375
08:00:37,91282CKH3,TSRYS5774872,D,S,T,2024-03-28,4000000.00,4.621017,99.771484375
08:00:37,91282CKH3,TSRYS5774872,D,S,D,2024-03-28,1000000.00,4.621017,99.771484375
08:00:37,91282CKH3,TSRYS5774872,D,S,T,2024-03-28,8000000.00,4.621017,99.771484375
08:00:37,91282CKH3,TSRYS5774872,D,S,D,2024-03-28,1000000.00,4.621017,99.771484375
08:00:37,91282CKH3,TSRYS5774872,D,S,T,2024-03-28,8000000.00,4.621017,99.771484375
08:00:37,91282CKH3,TSRYS5774872,D,S,D,2024-03-28,1000000.00,4.621017,99.771484375
08:00:37,91282CKH3,TSRYS5774872,D,S,D,2024-03-28,1000000.00,4.621017,99.771484375
08:00:37,91282CKH3,TSRYS5774872,D,S,T,2024-03-28,4000000.00,4.622054,99.76953125
08:00:37,91282CKH3,TSRYS5774872,D,S,T,2024-03-28,4000000.00,4.621017,99.771484375
08:00:37,91282CKH3,TSRYS5774872,D,S,T,2024-03-28,4000000.00,4.62309,99.767578125
08:00:37,91282CKH3,TSRYS5774872,D,S,T,2024-03-28,4000000.00,4.62309,99.767578125
08:00:37,91282CKH3,TSRYS5774872,D,S,A,2024-03-28,8230000.00,4.605473,99.80078125
08:00:37,91282CKH3,TSRYS5774872,D,S,D,2024-03-28,1000000.00,4.619981,99.7734375
08:00:37,91282CKH3,TSRYS5774872,D,S,D,2024-03-28,1000000.00,4.622054,99.76953125
08:00:37,91282CKH3,TSRYS5774872,D,S,T,2024-03-28,1000000.00,4.601329,99.80859375
08:00:37,91282CKH3,TSRYS5774872,D,S,T,2024-03-28,1000000.00,4.601329,99.80859375
08:00:37,91282CKH3,TSRYS5774872,D,S,T,2024-03-28,1000000.00,4.609618,99.79296875
08:00:37,91282CKH3,TSRYS5774872,D,S,T,2024-03-28,1000000.00,4.609618,99.79296875
08:00:37,91282CKH3,TSRYS5774872,D,S,D,2024-03-28,3000000.00,4.62309,99.767578125
08:00:37,91282CKH3,TSRYS5774872,D,S,A,2024-03-28,3000000.00,4.603464,99.8046875
08:00:41,91282CKH3,TSRYS5774872,D,S,T,2024-03-28,1000000.00,4.607545,99.796875
08:00:41,91282CKH3,TSRYS5774872,D,S,T,2024-03-28,1000000.00,4.607545,99.796875
08:00:41,91282CKH3,TSRYS5774872,D,B,C,2024-03-28,10000000.00,4.609618,99.79296875
08:00:41,91282CKH3,TSRYS5774872,D,S,T,2024-03-28,1000000.00,4.609618,99.79296875
08:00:41,91282CKH3,TSRYS5774872,D,B,A,2024-03-28,800000.00,4.61169,99.7890625
08:00:41,91282CKH3,TSRYS5774872,D,S,C,2024-03-28,4361000.00,4.61169,99.7890625
08:00:41,91282CKH3,TSRYS5774872,D,B,A,2024-03-28,850000.00,4.615835,99.78125
08:00:41,91282CKH3,TSRYS5774872,D,S,T,2024-03-28,1000000.00,4.610654,99.791015625
08:00:41,91282CKH3,TSRYS5774872,D,S,T,2024-03-28,1000000.00,4.609618,99.79296875
08:00:41,91282CKH3,TSRYS5774872,D,S,T,2024-03-28,1000000.00,4.608582,99.794921875
08:00:41,91282CKH3,TSRYS5774872,D,S,T,2024-03-28,6000000.00,4.608582,99.794921875
08:00:41,91282CKH3,TSRYS5774872,D,S,T,2024-03-28,1000000.00,4.608582,99.794921875
08:00:41,91282CKH3,TSRYS5774872,D,S,T,2024-03-28,1000000.00,4.608582,99.794921875
08:00:41,91282CKH3,TSRYS5774872,D,S,T,2024-03-28,1000000.00,4.608582,99.794921875
08:00:41,91282CKH3,TSRYS5774872,D,S,T,2024-03-28,1000000.00,4.608582,99.794921875
08:00:41,91282CKH3,TSRYS5774872,D,S,T,2024-03-28,1000000.00,4.608582,99.794921875
08:00:41,91282CKH3,TSRYS5774872,D,S,T,2024-03-28,1000000.00,4.608582,99.794921875
08:00:41,91282CKH3,TSRYS5774872,D,S,T,2024-03-28,1000000.00,4.608582,99.794921875
08:00:41,91282CKH3,TSRYS5774872,D,S,T,2024-03-28,1000000.00,4.608582,99.794921875
08:00:41,91282CKH3,TSRYS5774872,D,S,T,2024-03-28,1000000.00,4.608582,99.794921875
08:00:41,91282CKH3,TSRYS5774872,D,S,T,2024-03-28,1000000.00,4.608582,99.794921875
08:00:41,91282CKH3,TSRYS5774872,D,S,T,2024-03-28,1000000.00,4.608582,99.794921875
08:00:41,91282CKH3,TSRYS5774872,D,S,T,2024-03-28,1000000.00,4.608582,99.794921875
08:00:41,91282CKH3,TSRYS5774872,D,S,T,2024-03-28,1000000.00,4.608582,99.794921875
08:00:41,91282CKH3,TSRYS5774872,D,S,T,2024-03-28,1000000.00,4.608582,99.794921875
08:00:41,91282CKH3,TSRYS5774872,D,S,T,2024-03-28,1000000.00,4.608582,99.794921875
08:00:41,91282CKH3,TSRYS5774872,D,S,T,2024-03-28,1000000.00,4.608582,99.794921875
08:00:41,91282CKH3,TSRYS5774872,D,S,T,2024-03-28,1000000.00,4.608582,99.794921875
08:00:41,91282CKH3,TSRYS5774872,D,S,T,2024-03-28,1000000.00,4.608582,99.794921875
08:00:41,91282CKH3,TSRYS5774872,D,S,T,2024-03-28,1000000.00,4.608582,99.794921875
08:00:41,91282CKH3,TSRYS5774872,D,S,T,2024-03-28,1000000.00,4.608582,99.794921875
08:00:41,91282CKH3,TSRYS5774872,D,S,T,2024-03-28,1000000.00,4.608582,99.794921875
08:00:41,91282CKH3,TSRYS5774872,D,S,T,2024-03-28,1000000.00,4.608582,99.794921875
08:00:41,91282CKH3,TSRYS5774872,D,S,T,2024-03-28,1000000.00,4.607545,99.796875
08:00:41,91282CKH3,TSRYS5774872,D,S,T,2024-03-28,1000000.00,4.607545,99.796875
08:00:41,91282CKH3,TSRYS5774872,D,S,T,2024-03-28,1000000.00,4.607545,99.796875
08:00:41,91282CKH3,TSRYS5774872,D,S,T,2024-03-28,1000000.00,4.607545,99.796875
08:00:41,91282CKH3,TSRYS5774872,D,S,T,2024-03-28,1000000.00,4.607545,99.796875
08:00:41,91282CKH3,TSRYS5774872,D,S,T,2024-03-28,1000000.00,4.607545,99.796875
08:00:41,91282CKH3,TSRYS5774872,D,S,T,2024-03-28,1000000.00,4.607545,99.796875
08:00:41,91282CKH3,TSRYS5774872,D,S,T,2024-03-28,1000000.00,4.607545,99.796875
08:00:41,91282CKH3,TSRYS5774872,D,S,T,2024-03-28,1000000.00,4.607545,99.796875
08:00:41,91282CKH3,TSRYS5774872,D,S,T,2024-03-28,1000000.00,4.607545,99.796875
08:00:41,91282CKH3,TSRYS5774872,D,S,T,2024-03-28,1000000.00,4.609618,99.79296875
08:00:41,91282CKH3,TSRYS5774872,D,S,T,2024-03-28,1000000.00,4.609618,99.79296875
08:00:41,91282CKH3,TSRYS5774872,D,S,T,2024-03-28,1000000.00,4.609618,99.79296875
08:00:41,91282CKH3,TSRYS5774872,D,S,T,2024-03-28,1000000.00,4.609618,99.79296875
08:00:41,91282CKH3,TSRYS5774872,D,S,T,2024-03-28,1000000.00,4.609618,99.79296875
08:00:41,91282CKH3,TSRYS5774872,D,S,T,2024-03-28,1000000.00,4.609618,99.79296875
08:00:41,91282CKH3,TSRYS5774872,D,S,T,2024-03-28,1000000.00,4.609618,99.79296875
08:00:41,91282CKH3,TSRYS5774872,D,S,T,2024-03-28,1000000.00,4.61169,99.7890625
08:00:41,91282CKH3,TSRYS5774872,D,S,T,2024-03-28,1000000.00,4.609618,99.79296875
08:00:41,91282CKH3,TSRYS5774872,D,S,T,2024-03-28,1000000.00,4.609618,99.79296875
08:00:41,91282CKH3,TSRYS5774872,D,S,T,2024-03-28,1000000.00,4.609618,99.79296875
08:00:41,91282CKH3,TSRYS5774872,D,S,A,2024-03-28,2100000.00,4.607545,99.796875
08:00:41,91282CKH3,TSRYS5774872,D,S,T,2024-03-28,1000000.00,4.607545,99.796875
08:00:41,91282CKH3,TSRYS5774872,D,B,A,2024-03-28,460000.00,4.609618,99.79296875
08:00:41,91282CKH3,TSRYS5774872,D,S,T,2024-03-28,1000000.00,4.609618,99.79296875
08:00:41,91282CKH3,TSRYS5774872,D,S,C,2024-03-28,200000.00,4.61169,99.7890625
08:00:41,91282CKH3,TSRYS5774872,D,S,T,2024-03-28,1000000.00,4.612726,99.787109375
08:00:41,91282CKH3,TSRYS5774872,D,S,T,2024-03-28,1000000.00,4.612726,99.787109375
08:00:41,91282CKH3,TSRYS5774872,D,S,T,2024-03-28,1000000.00,4.61169,99.7890625
08:00:41,91282CKH3,TSRYS5774872,D,S,T,2024-03-28,1000000.00,4.613763,99.78515625
08:00:41,91282CKH3,TSRYS5774872,D,S,T,2024-03-28,1000000.00,4.617908,99.77734375
08:00:41,91282CKH3,TSRYS5774872,D,S,T,2024-03-28,1000000.00,4.617908,99.77734375
08:00:41,91282CKH3,TSRYS5774872,D,S,T,2024-03-28,1000000.00,4.617908,99.77734375
08:00:41,91282CKH3,TSRYS5774872,D,S,T,2024-03-28,1000000.00,4.617908,99.77734375
08:00:41,91282CKH3,TSRYS5774872,D,S,T,2024-03-28,10000000.00,4.622054,99.76953125
08:00:41,91282CKH3,TSRYS5774872,D,S,C,2024-03-28,2000000.00,4.628273,99.7578125
08:00:41,91282CKH3,TSRYS5774872,D,S,C,2024-03-28,1000000.00,4.628273,99.7578125
08:00:41,91282CKH3,TSRYS5774872,D,B,A,2024-03-28,1375000.00,4.628273,99.7578125
08:00:41,91282CKH3,TSRYS5774872,D,S,T,2024-03-28,1000000.00,4.624127,99.765625
08:00:41,91282CKH3,TSRYS5774872,D,S,T,2024-03-28,1000000.00,4.6262,99.76171875
08:00:41,91282CKH3,TSRYS5774872,D,S,T,2024-03-28,1000000.00,4.624127,99.765625
08:00:41,91282CKH3,TSRYS5774872,D,B,A,2024-03-28,62443000.00,4.63242,99.75
08:00:41,91282CKH3,TSRYS5774872,D,B,A,2024-03-28,1000000.00,4.6262,99.76171875
08:00:41,91282CKH3,TSRYS5774872,D,B,A,2024-03-28,4000000.00,4.6262,99.76171875
08:00:41,91282CKH3,TSRYS5774872,D,S,T,2024-03-28,2000000.00,4.6262,99.76171875
08:00:41,91282CKH3,TSRYS5774872,D,S,T,2024-03-28,4000000.00,4.6262,99.76171875
08:00:41,91282CKH3,TSRYS5774872,D,B,A,2024-03-28,1000000.00,4.6262,99.76171875
08:00:41,91282CKH3,TSRYS5774872,D,B,A,2024-03-28,1000000.00,4.6262,99.76171875
08:00:41,91282CKH3,TSRYS5774872,D,S,T,2024-03-28,1000000.00,4.6262,99.76171875
08:00:41,91282CKH3,TSRYS5774872,D,B,A,2024-03-28,2000000.00,4.6262,99.76171875
08:00:41,91282CKH3,TSRYS5774872,D,S,T,2024-03-28,2000000.00,4.6262,99.76171875
08:00:41,91282CKH3,TSRYS5774872,D,B,A,2024-03-28,2000000.00,4.6262,99.76171875
08:00:41,91282CKH3,TSRYS5774872,D,B,A,2024-03-28,1000000.00,4.6262,99.76171875
08:00:41,91282CKH3,TSRYS5774872,D,S,T,2024-03-28,1000000.00,4.6262,99.76171875
08:00:41,91282CKH3,TSRYS5774872,D,S,T,2024-03-28,1000000.00,4.6262,99.76171875
08:00:41,91282CKH3,TSRYS5774872,D,B,A,2024-03-28,1000000.00,4.6262,99.76171875
08:00:41,91282CKH3,TSRYS5774872,D,B,A,2024-03-28,3000000.00,4.6262,99.76171875
08:00:41,91282CKH3,TSRYS5774872,D,S,T,2024-03-28,1000000.00,4.6262,99.76171875
08:00:41,91282CKH3,TSRYS5774872,D,S,T,2024-03-28,3000000.00,4.6262,99.76171875
08:00:41,91282CKH3,TSRYS5774872,D,B,A,2024-03-28,1000000.00,4.6262,99.76171875
08:00:41,91282CKH3,TSRYS5774872,D,S,T,2024-03-28,1000000.00,4.6262,99.76171875
08:00:41,91282CKH3,TSRYS5774872,D,B,A,2024-03-28,1000000.00,4.6262,99.76171875
08:00:41,91282CKH3,TSRYS5774872,D,B,A,2024-03-28,1000000.00,4.6262,99.76171875
08:00:41,91282CKH3,TSRYS5774872,D,S,T,2024-03-28,1000000.00,4.6262,99.76171875
08:00:41,91282CKH3,TSRYS5774872,D,S,T,2024-03-28,1000000.00,4.6262,99.76171875
08:00:41,91282CKH3,TSRYS5774872,D,B,A,2024-03-28,1000000.00,4.6262,99.76171875
08:00:41,91282CKH3,TSRYS5774872,D,S,T,2024-03-28,1000000.00,4.6262,99.76171875
08:00:41,91282CKH3,TSRYS5774872,D,S,T,2024-03-28,1000000.00,4.631383,99.751953125
08:00:41,91282CKH3,TSRYS5774872,D,S,T,2024-03-28,1000000.00,4.597185,99.81640625
08:00:41,91282CKH3,TSRYS5774872,D,S,T,2024-03-28,1000000.00,4.597185,99.81640625
08:00:41,91282CKH3,TSRYS5774872,D,S,C,2024-03-28,1000000.00,4.634493,99.74609375
08:00:41,91282CKH3,TSRYS5774872,D,S,C,2024-03-28,1000000.00,4.634493,99.74609375
08:00:41,91282CKH3,TSRYS5774872,D,B,A,2024-03-28,1150000.00,4.63242,99.75
08:00:41,91282CKH3,TSRYS5774872,D,S,T,2024-03-28,1000000.00,4.595114,99.8203125
08:00:41,91282CKH3,TSRYS5774872,D,S,C,2024-03-28,1000000.00,4.630347,99.75390625
08:00:41,91282CKH3,TSRYS5774872,D,B,C,2024-03-28,12833000.00,4.628273,99.7578125
08:00:41,91282CKH3,TSRYS5774872,D,S,A,2024-03-28,2000000.00,4.627237,99.759765625
08:00:41,91282CKH3,TSRYS5774872,D,S,A,2024-03-28,4000000.00,4.6262,99.76171875
08:00:41,91282CKH3,TSRYS5774872,D,S,C,2024-03-28,133000000.00,4.624127,99.765625
08:00:41,91282CKH3,TSRYS5774872,D,S,T,2024-03-28,1000000.00,4.603401,99.8046875
08:00:41,91282CKH3,TSRYS5774872,D,S,A,2024-03-28,10000000.00,4.622141,99.76953125
08:00:41,91282CKH3,TSRYS5774872,D,S,T,2024-03-28,1000000.00,4.605473,99.80078125
08:00:41,91282CKH3,TSRYS5774872,D,S,T,2024-03-28,5600000.00,4.63242,99.75
08:00:41,91282CKH3,TSRYS5774872,D,S,D,2024-03-28,96100000.00,4.63242,99.75
08:00:41,91282CKH3,TSRYS5774872,D,B,A,2024-03-28,1170000.00,4.622054,99.76953125
08:00:41,91282CKH3,TSRYS5774872,D,S,T,2024-03-28,1000000.00,4.609618,99.79296875
08:00:41,91282CKH3,TSRYS5774872,D,S,C,2024-03-28,38400000.00,4.607545,99.796875
08:00:45,91282CKH3,TSRYS5774872,D,S,A,2024-03-28,557000.00,4.607545,99.796875
08:00:45,91282CKH3,TSRYS5774872,D,B,A,2024-03-28,17601000.00,4.605473,99.80078125
08:00:45,91282CKH3,TSRYS5774872,D,S,D,2024-03-28,10910000.00,4.605473,99.80078125
08:00:45,91282CKH3,TSRYS5774872,D,S,D,2024-03-28,6770000.00,4.607545,99.796875
08:00:45,91282CKH3,TSRYS5774872,D,S,A,2024-03-28,10611000.00,4.609618,99.79296875
08:00:45,91282CKH3,TSRYS5774872,D,S,T,2024-03-28,1000000.00,4.617908,99.77734375
08:00:45,91282CKH3,TSRYS5774872,D,S,T,2024-03-28,1000000.00,4.617908,99.77734375
08:00:45,91282CKH3,TSRYS5774872,D,S,T,2024-03-28,1000000.00,4.597185,99.81640625
08:00:45,91282CKH3,TSRYS5774872,D,S,T,2024-03-28,1000000.00,4.595114,99.8203125
08:00:45,91282CKH3,TSRYS5774872,D,S,T,2024-03-28,1000000.00,4.617908,99.77734375
08:00:45,91282CKH3,TSRYS5774872,D,S,D,2024-03-28,1000000.00,4.598221,99.814453125
08:00:45,91282CKH3,TSRYS5774872,D,S,D,2024-03-28,1000000.00,4.603401,99.8046875
08:00:45,91282CKH3,TSRYS5774872,D,S,D,2024-03-28,1000000.00,4.603401,99.8046875
08:00:45,91282CKH3,TSRYS5774872,D,S,D,2024-03-28,1000000.00,4.603401,99.8046875
08:00:45,91282CKH3,TSRYS5774872,D,S,T,2024-03-28,1000000.00,4.608582,99.794921875
08:00:45,91282CKH3,TSRYS5774872,D,S,D,2024-03-28,1000000.00,4.608582,99.794921875
08:00:45,91282CKH3,TSRYS5774872,D,S,T,2024-03-28,4000000.00,4.607545,99.796875
08:00:45,91282CKH3,TSRYS5774872,D,S,T,2024-03-28,1000000.00,4.607545,99.796875
08:00:45,91282CKH3,TSRYS5774872,D,S,T,2024-03-28,1000000.00,4.607545,99.796875
08:00:45,91282CKH3,TSRYS5774872,D,S,T,2024-03-28,1000000.00,4.607545,99.796875
08:00:45,91282CKH3,TSRYS5774872,D,S,T,2024-03-28,1000000.00,4.607545,99.796875
08:00:45,91282CKH3,TSRYS5774872,D,S,T,2024-03-28,1000000.00,4.607545,99.796875
08:00:45,91282CKH3,TSRYS5774872,D,S,T,2024-03-28,1000000.00,4.607545,99.796875
08:00:45,91282CKH3,TSRYS5774872,D,S,T,2024-03-28,1000000.00,4.607545,99.796875
08:00:45,91282CKH3,TSRYS5774872,D,S,T,2024-03-28,1000000.00,4.607545,99.796875
08:00:45,91282CKH3,TSRYS5774872,D,S,T,2024-03-28,1000000.00,4.617908,99.77734375
08:00:45,91282CKH3,TSRYS5774872,D,S,T,2024-03-28,1000000.00,4.609618,99.79296875
08:00:45,91282CKH3,TSRYS5774872,D,S,T,2024-03-28,1000000.00,4.609618,99.79296875
08:00:45,91282CKH3,TSRYS5774872,D,S,T,2024-03-28,1000000.00,4.610654,99.791015625
08:00:45,91282CKH3,TSRYS5774872,D,S,T,2024-03-28,1000000.00,4.610654,99.791015625
08:00:45,91282CKH3,TSRYS5774872,D,S,T,2024-03-28,1000000.00,4.610654,99.791015625
08:00:45,91282CKH3,TSRYS5774872,D,S,T,2024-03-28,1000000.00,4.613763,99.78515625
08:00:45,91282CKH3,TSRYS5774872,D,S,T,2024-03-28,1000000.00,4.613763,99.78515625
08:00:45,91282CKH3,TSRYS5774872,D,S,T,2024-03-28,1000000.00,4.613763,99.78515625
08:00:45,91282CKH3,TSRYS5774872,D,S,T,2024-03-28,1000000.00,4.613763,99.78515625
08:00:45,91282CKH3,TSRYS5774872,D,S,T,2024-03-28,1000000.00,4.613763,99.78515625
08:00:45,91282CKH3,TSRYS5774872,D,S,T,2024-03-28,1000000.00,4.613763,99.78515625
08:00:45,91282CKH3,TSRYS5774872,D,S,T,2024-03-28,1000000.00,4.613763,99.78515625
08:00:45,91282CKH3,TSRYS5774872,D,S,T,2024-03-28,1000000.00,4.61169,99.7890625
08:00:45,91282CKH3,TSRYS5774872,D,S,T,2024-03-28,1000000.00,4.612726,99.787109375
08:00:45,91282CKH3,TSRYS5774872,D,S,T,2024-03-28,1000000.00,4.610654,99.791015625
08:00:45,91282CKH3,TSRYS5774872,D,S,T,2024-03-28,1000000.00,4.609618,99.79296875
08:00:45,91282CKH3,TSRYS5774872,D,S,T,2024-03-28,1000000.00,4.608582,99.794921875
08:00:45,91282CKH3,TSRYS5774872,D,S,T,2024-03-28,1000000.00,4.617908,99.77734375
08:00:45,91282CKH3,TSRYS5774872,D,S,D,2024-03-28,1000000.00,4.606509,99.798828125
08:00:45,91282CKH3,TSRYS5774872,D,S,T,2024-03-28,11000000.00,4.607545,99.796875
08:00:45,91282CKH3,TSRYS5774872,D,S,T,2024-03-28,1000000.00,4.606509,99.798828125
08:00:45,91282CKH3,TSRYS5774872,D,S,T,2024-03-28,1000000.00,4.609618,99.79296875
08:00:45,91282CKH3,TSRYS5774872,D,S,D,2024-03-28,1000000.00,4.608582,99.794921875
08:00:45,91282CKH3,TSRYS5774872,D,S,D,2024-03-28,1000000.00,4.609618,99.79296875
08:00:45,91282CKH3,TSRYS5774872,D,S,T,2024-03-28,1000000.00,4.609618,99.79296875
08:00:45,91282CKH3,TSRYS5774872,D,S,D,2024-03-28,1000000.00,4.609618,99.79296875
08:00:45,91282CKH3,TSRYS5774872,D,S,D,2024-03-28,1000000.00,4.609618,99.79296875
08:00:45,91282CKH3,TSRYS5774872,D,S,D,2024-03-28,1000000.00,4.609618,99.79296875
08:00:45,91282CKH3,TSRYS5774872,D,S,D,2024-03-28,1000000.00,4.609618,99.79296875
08:00:45,91282CKH3,TSRYS5774872,D,S,D,2024-03-28,1000000.00,4.609618,99.79296875
08:00:45,91282CKH3,TSRYS5774872,D,S,T,2024-03-28,1000000.00,4.609618,99.79296875
08:00:45,91282CKH3,TSRYS5774872,D,S,T,2024-03-28,2000000.00,4.609618,99.79296875
08:00:45,91282CKH3,TSRYS5774872,D,S,T,2024-03-28,1000000.00,4.609618,99.79296875
08:00:45,91282CKH3,TSRYS5774872,D,S,T,2024-03-28,1000000.00,4.609618,99.79296875
08:00:45,91282CKH3,TSRYS5774872,D,S,T,2024-03-28,1000000.00,4.609618,99.79296875
08:00:45,91282CKH3,TSRYS5774872,D,S,T,2024-03-28,1000000.00,4.610654,99.791015625
08:00:45,91282CKH3,TSRYS5774872,D,B,A,2024-03-28,14087000.00,4.636567,99.7421875
08:00:45,91282CKH3,TSRYS5774872,D,S,T,2024-03-28,1000000.00,4.613763,99.78515625
08:00:45,91282CKH3,TSRYS5774872,D,S,T,2024-03-28,1000000.00,4.61169,99.7890625
08:00:45,91282CKH3,TSRYS5774872,D,S,T,2024-03-28,1000000.00,4.61169,99.7890625
08:00:45,91282CKH3,TSRYS5774872,D,S,T,2024-03-28,1000000.00,4.61169,99.7890625
08:00:45,91282CKH3,TSRYS5774872,D,S,D,2024-03-28,1000000.00,4.609618,99.79296875
08:00:45,91282CKH3,TSRYS5774872,D,S,T,2024-03-28,1000000.00,4.609618,99.79296875
08:00:45,91282CKH3,TSRYS5774872,D,S,T,2024-03-28,1000000.00,4.609618,99.79296875
08:00:45,91282CKH3,TSRYS5774872,D,S,D,2024-03-28,1000000.00,4.609618,99.79296875
08:00:45,91282CKH3,TSRYS5774872,D,S,T,2024-03-28,1000000.00,4.608582,99.794921875
08:00:45,91282CKH3,TSRYS5774872,D,S,T,2024-03-28,1000000.00,4.608582,99.794921875
08:00:45,91282CKH3,TSRYS5774872,D,S,T,2024-03-28,1000000.00,4.608582,99.794921875
08:00:45,91282CKH3,TSRYS5774872,D,S,T,2024-03-28,1000000.00,4.608582,99.794921875
08:00:45,91282CKH3,TSRYS5774872,D,S,T,2024-03-28,1000000.00,4.610654,99.791015625
08:00:45,91282CKH3,TSRYS5774872,D,S,T,2024-03-28,1000000.00,4.610654,99.791015625
08:00:45,91282CKH3,TSRYS5774872,D,S,T,2024-03-28,1000000.00,4.610654,99.791015625
08:00:45,91282CKH3,TSRYS5774872,D,S,T,2024-03-28,1000000.00,4.617908,99.77734375
08:00:45,91282CKH3,TSRYS5774872,D,S,T,2024-03-28,1000000.00,4.610654,99.791015625
08:00:45,91282CKH3,TSRYS5774872,D,S,T,2024-03-28,1000000.00,4.610654,99.791015625
08:00:45,91282CKH3,TSRYS5774872,D,S,T,2024-03-28,1000000.00,4.610654,99.791015625
08:00:45,91282CKH3,TSRYS5774872,D,S,T,2024-03-28,1000000.00,4.61169,99.7890625
08:00:45,91282CKH3,TSRYS5774872,D,S,T,2024-03-28,1000000.00,4.612726,99.787109375
08:00:45,91282CKH3,TSRYS5774872,D,S,T,2024-03-28,1000000.00,4.612726,99.787109375
08:00:45,91282CKH3,TSRYS5774872,D,S,T,2024-03-28,1000000.00,4.612726,99.787109375
08:00:45,91282CKH3,TSRYS5774872,D,S,T,2024-03-28,1000000.00,4.612726,99.787109375
08:00:45,91282CKH3,TSRYS5774872,D,S,T,2024-03-28,1000000.00,4.612726,99.787109375
08:00:45,91282CKH3,TSRYS5774872,D,S,T,2024-03-28,1000000.00,4.612726,99.787109375
08:00:45,91282CKH3,TSRYS5774872,D,S,T,2024-03-28,1000000.00,4.612726,99.787109375
08:00:45,91282CKH3,TSRYS5774872,D,S,T,2024-03-28,1000000.00,4.612726,99.787109375
08:00:45,91282CKH3,TSRYS5774872,D,S,T,2024-03-28,1000000.00,4.61169,99.7890625
08:00:45,91282CKH3,TSRYS5774872,D,S,T,2024-03-28,1000000.00,4.61169,99.7890625
08:00:45,91282CKH3,TSRYS5774872,D,S,T,2024-03-28,1000000.00,4.61169,99.7890625
08:00:45,91282CKH3,TSRYS5774872,D,S,T,2024-03-28,1000000.00,4.61169,99.7890625
08:00:45,91282CKH3,TSRYS5774872,D,S,T,2024-03-28,1000000.00,4.61169,99.7890625
08:00:45,91282CKH3,TSRYS5774872,D,S,T,2024-03-28,1000000.00,4.617908,99.77734375
08:00:45,91282CKH3,TSRYS5774872,D,S,T,2024-03-28,2000000.00,4.617908,99.77734375
08:00:45,91282CKH3,TSRYS5774872,D,S,T,2024-03-28,1000000.00,4.613763,99.78515625
08:00:45,91282CKH3,TSRYS5774872,D,S,T,2024-03-28,1000000.00,4.613763,99.78515625
08:00:45,91282CKH3,TSRYS5774872,D,S,T,2024-03-28,1000000.00,4.613763,99.78515625
08:00:45,91282CKH3,TSRYS5774872,D,B,A,2024-03-28,3200000.00,4.61169,99.7890625
08:00:45,91282CKH3,TSRYS5774872,D,S,T,2024-03-28,2000000.00,4.624127,99.765625
08:00:45,91282CKH3,TSRYS5774872,D,S,T,2024-03-28,1000000.00,4.627237,99.759765625
08:00:45,91282CKH3,TSRYS5774872,D,S,T,2024-03-28,1000000.00,4.624127,99.765625
08:00:45,91282CKH3,TSRYS5774872,D,S,T,2024-03-28,1000000.00,4.624127,99.765625
08:00:45,91282CKH3,TSRYS5774872,D,S,T,2024-03-28,1000000.00,4.624127,99.765625
08:00:45,91282CKH3,TSRYS5774872,D,S,T,2024-03-28,1000000.00,4.6262,99.76171875
08:00:45,91282CKH3,TSRYS5774872,D,S,T,2024-03-28,1000000.00,4.6262,99.76171875
08:00:45,91282CKH3,TSRYS5774872,D,S,T,2024-03-28,1000000.00,4.6262,99.76171875
08:00:45,91282CKH3,TSRYS5774872,D,S,T,2024-03-28,1000000.00,4.624127,99.765625
08:00:45,91282CKH3,TSRYS5774872,D,S,T,2024-03-28,1000000.00,4.624127,99.765625
08:00:45,91282CKH3,TSRYS5774872,D,S,T,2024-03-28,1000000.00,4.624127,99.765625
08:00:45,91282CKH3,TSRYS5774872,D,S,T,2024-03-28,1000000.00,4.624127,99.765625
08:00:45,91282CKH3,TSRYS5774872,D,S,T,2024-03-28,1000000.00,4.6262,99.76171875
08:00:45,91282CKH3,TSRYS5774872,D,S,T,2024-03-28,1000000.00,4.627237,99.759765625
08:00:45,91282CKH3,TSRYS5774872,D,S,T,2024-03-28,1000000.00,4.627237,99.759765625
08:00:45,91282CKH3,TSRYS5774872,D,S,T,2024-03-28,1000000.00,4.627237,99.759765625
08:00:45,91282CKH3,TSRYS5774872,D,S,T,2024-03-28,1000000.00,4.6262,99.76171875
08:00:45,91282CKH3,TSRYS5774872,D,S,T,2024-03-28,1000000.00,4.6262,99.76171875
08:00:45,91282CKH3,TSRYS5774872,D,S,T,2024-03-28,1000000.00,4.6262,99.76171875
08:00:45,91282CKH3,TSRYS5774872,D,S,T,2024-03-28,2000000.00,4.628273,99.7578125
08:00:45,91282CKH3,TSRYS5774872,D,S,T,2024-03-28,1000000.00,4.631383,99.751953125
08:00:45,91282CKH3,TSRYS5774872,D,S,T,2024-03-28,1000000.00,4.631383,99.751953125
08:00:45,91282CKH3,TSRYS5774872,D,S,T,2024-03-28,1000000.00,4.631383,99.751953125
08:00:45,91282CKH3,TSRYS5774872,D,S,T,2024-03-28,1000000.00,4.631383,99.751953125
08:00:45,91282CKH3,TSRYS5774872,D,S,T,2024-03-28,1000000.00,4.631383,99.751953125
08:00:45,91282CKH3,TSRYS5774872,D,S,T,2024-03-28,1000000.00,4.631383,99.751953125
08:00:45,91282CKH3,TSRYS5774872,D,S,T,2024-03-28,1000000.00,4.631383,99.751953125
08:00:45,91282CKH3,TSRYS5774872,D,S,T,2024-03-28,1000000.00,4.631383,99.751953125
08:00:45,91282CKH3,TSRYS5774872,D,S,T,2024-03-28,1000000.00,4.627237,99.759765625
08:00:45,91282CKH3,TSRYS5774872,D,S,T,2024-03-28,1000000.00,4.6262,99.76171875
08:00:45,91282CKH3,TSRYS5774872,D,S,T,2024-03-28,1000000.00,4.625163,99.763671875
08:00:45,91282CKH3,TSRYS5774872,D,S,T,2024-03-28,1000000.00,4.6262,99.76171875
08:00:45,91282CKH3,TSRYS5774872,D,S,D,2024-03-28,1000000.00,4.625163,99.763671875
08:00:45,91282CKH3,TSRYS5774872,D,S,T,2024-03-28,1000000.00,4.62309,99.767578125
08:00:45,91282CKH3,TSRYS5774872,D,S,T,2024-03-28,1000000.00,4.62309,99.767578125
08:00:45,91282CKH3,TSRYS5774872,D,S,D,2024-03-28,1000000.00,4.62309,99.767578125
08:00:45,91282CKH3,TSRYS5774872,D,S,T,2024-03-28,1000000.00,4.62309,99.767578125
08:00:45,91282CKH3,TSRYS5774872,D,S,T,2024-03-28,1000000.00,4.6262,99.76171875
08:00:45,91282CKH3,TSRYS5774872,D,S,T,2024-03-28,1000000.00,4.622054,99.76953125
08:00:45,91282CKH3,TSRYS5774872,D,S,T,2024-03-28,1000000.00,4.622054,99.76953125
08:00:45,91282CKH3,TSRYS5774872,D,S,T,2024-03-28,1000000.00,4.62309,99.767578125
08:00:45,91282CKH3,TSRYS5774872,D,S,T,2024-03-28,1000000.00,4.62309,99.767578125
08:00:45,91282CKH3,TSRYS5774872,D,S,T,2024-03-28,1000000.00,4.621017,99.771484375
08:00:45,91282CKH3,TSRYS5774872,D,S,T,2024-03-28,1000000.00,4.622054,99.76953125
08:00:45,91282CKH3,TSRYS5774872,D,S,T,2024-03-28,1000000.00,4.621017,99.771484375
08:00:45,91282CKH3,TSRYS5774872,D,S,T,2024-03-28,1000000.00,4.621017,99.771484375
08:00:45,91282CKH3,TSRYS5774872,D,S,T,2024-03-28,1000000.00,4.619981,99.7734375
08:00:45,91282CKH3,TSRYS5774872,D,S,T,2024-03-28,1000000.00,4.621017,99.771484375
08:00:45,91282CKH3,TSRYS5774872,D,S,T,2024-03-28,1000000.00,4.619981,99.7734375
08:00:45,91282CKH3,TSRYS5774872,D,S,T,2024-03-28,1000000.00,4.622054,99.76953125
08:00:45,91282CKH3,TSRYS5774872,D,S,T,2024-03-28,1000000.00,4.621017,99.771484375
08:00:45,91282CKH3,TSRYS5774872,D,S,T,2024-03-28,1000000.00,4.621017,99.771484375
08:00:45,91282CKH3,TSRYS5774872,D,S,T,2024-03-28,1000000.00,4.621017,99.771484375
08:00:45,91282CKH3,TSRYS5774872,D,S,D,2024-03-28,1000000.00,4.621017,99.771484375
08:00:45,91282CKH3,TSRYS5774872,D,S,D,2024-03-28,1000000.00,4.621017,99.771484375
08:00:45,91282CKH3,TSRYS5774872,D,S,D,2024-03-28,1000000.00,4.621017,99.771484375
08:00:45,91282CKH3,TSRYS5774872,D,S,T,2024-03-28,1000000.00,4.619981,99.7734375
08:00:45,91282CKH3,TSRYS5774872,D,S,T,2024-03-28,1000000.00,4.619981,99.7734375
08:00:45,91282CKH3,TSRYS5774872,D,S,T,2024-03-28,1000000.00,4.619981,99.7734375
08:00:45,91282CKH3,TSRYS5774872,D,S,T,2024-03-28,1000000.00,4.619981,99.7734375
08:00:45,91282CKH3,TSRYS5774872,D,S,D,2024-03-28,1000000.00,4.619981,99.7734375
08:00:45,91282CKH3,TSRYS5774872,D,S,T,2024-03-28,1000000.00,4.624127,99.765625
08:00:45,91282CKH3,TSRYS5774872,D,S,T,2024-03-28,1000000.00,4.624127,99.765625
08:00:45,91282CKH3,TSRYS5774872,D,S,T,2024-03-28,1000000.00,4.624127,99.765625
08:00:45,91282CKH3,TSRYS5774872,D,S,T,2024-03-28,1000000.00,4.618944,99.775390625
08:00:45,91282CKH3,TSRYS5774872,D,S,T,2024-03-28,1000000.00,4.619981,99.7734375
08:00:45,91282CKH3,TSRYS5774872,D,S,D,2024-03-28,1000000.00,4.619981,99.7734375
08:00:45,91282CKH3,TSRYS5774872,D,S,T,2024-03-28,1000000.00,4.619981,99.7734375
08:00:45,91282CKH3,TSRYS5774872,D,S,D,2024-03-28,1000000.00,4.619981,99.7734375
08:00:45,91282CKH3,TSRYS5774872,D,S,T,2024-03-28,1000000.00,4.619981,99.7734375
08:00:45,91282CKH3,TSRYS5774872,D,S,D,2024-03-28,1000000.00,4.619981,99.7734375
08:00:45,91282CKH3,TSRYS5774872,D,S,A,2024-03-28,2201000.00,4.607545,99.796875
08:00:45,91282CKH3,TSRYS5774872,D,B,A,2024-03-28,3400000.00,4.61169,99.7890625
08:00:49,91282CKH3,TSRYS5774872,D,B,A,2024-03-28,12287000.00,4.615835,99.78125
08:00:49,91282CKH3,TSRYS5774872,D,S,T,2024-03-28,1000000.00,4.61169,99.7890625
08:00:49,91282CKH3,TSRYS5774872,D,S,T,2024-03-28,1000000.00,4.61169,99.7890625
08:00:49,91282CKH3,TSRYS5774872,D,S,T,2024-03-28,1000000.00,4.61169,99.7890625
08:00:49,91282CKH3,TSRYS5774872,D,S,T,2024-03-28,1000000.00,4.61169,99.7890625
08:00:49,91282CKH3,TSRYS5774872,D,S,T,2024-03-28,1000000.00,4.61169,99.7890625
08:00:49,91282CKH3,TSRYS5774872,D,S,A,2024-03-28,22669000.00,4.609618,99.79296875
08:00:49,91282CKH3,TSRYS5774872,D,B,A,2024-03-28,12801000.00,4.607545,99.796875
08:00:49,91282CKH3,TSRYS5774872,D,B,A,2024-03-28,68436000.00,4.607545,99.796875
08:00:49,91282CKH3,TSRYS5774872,D,B,A,2024-03-28,1270000.00,4.617908,99.77734375
08:00:49,91282CKH3,TSRYS5774872,D,S,A,2024-03-28,10000000.00,4.624127,99.765625
08:00:49,91282CKH3,TSRYS5774872,D,S,A,2024-03-28,10000000.00,4.6262,99.76171875
08:00:49,91282CKH3,TSRYS5774872,D,S,D,2024-03-28,126000000.00,4.626289,99.76155
08:00:49,91282CKH3,TSRYS5774872,D,S,T,2024-03-28,1000000.00,4.606509,99.798828125
08:00:49,91282CKH3,TSRYS5774872,D,S,T,2024-03-28,1000000.00,4.603401,99.8046875
08:00:49,91282CKH3,TSRYS5774872,D,S,T,2024-03-28,1000000.00,4.603401,99.8046875
08:00:49,91282CKH3,TSRYS5774872,D,S,C,2024-03-28,431000.00,4.624127,99.765625
08:00:49,91282CKH3,TSRYS5774872,D,B,A,2024-03-28,2350000.00,4.607545,99.796875
08:00:49,91282CKH3,TSRYS5774872,D,S,A,2024-03-28,1140000.00,4.622054,99.76953125
08:00:49,91282CKH3,TSRYS5774872,D,S,C,2024-03-28,1000000.00,4.636673,99.7421875
08:00:50,91282CKH3,TSRYS5774872,D,S,A,2024-03-28,5500000.00,4.622141,99.76953125
08:00:51,91282CKH3,TSRYS5774872,D,S,C,2024-03-28,20000000.00,4.624216,99.765625
08:00:51,91282CKH3,TSRYS5774872,D,S,T,2024-03-28,1000000.00,4.622054,99.76953125
08:00:51,91282CKH3,TSRYS5774872,D,S,T,2024-03-28,3000000.00,4.62309,99.767578125
08:00:51,91282CKH3,TSRYS5774872,D,B,A,2024-03-28,800000.00,4.63242,99.75
08:00:51,91282CKH3,TSRYS5774872,D,S,T,2024-03-28,9600000.00,4.63242,99.75
08:00:52,91282CKH3,TSRYS5774872,D,S,D,2024-03-28,3000000.00,4.625163,99.763671875
08:00:52,91282CKH3,TSRYS5774872,D,S,D,2024-03-28,1000000.00,4.62309,99.767578125
08:00:52,91282CKH3,TSRYS5774872,D,S,D,2024-03-28,3000000.00,4.622054,99.76953125
08:00:52,91282CKH3,TSRYS5774872,D,S,D,2024-03-28,3000000.00,4.622054,99.76953125
08:00:52,91282CKH3,TSRYS5774872,D,S,D,2024-03-28,431000.00,4.624127,99.765625
08:00:52,91282CKH3,TSRYS5774872,D,S,T,2024-03-28,9600000.00,4.63242,99.75
08:00:52,91282CKH3,TSRYS5774872,D,S,T,2024-03-28,28850000.00,4.63242,99.75
08:00:52,91282CKH3,TSRYS5774872,D,S,T,2024-03-28,9600000.00,4.63242,99.75
08:00:52,91282CKH3,TSRYS5774872,D,S,T,2024-03-28,8650000.00,4.63242,99.75
08:00:52,91282CKH3,TSRYS5774872,D,S,D,2024-03-28,4000000.00,4.619981,99.7734375
08:00:52,91282CKH3,TSRYS5774872,D,S,T,2024-03-28,4800000.00,4.63242,99.75
08:00:52,91282CKH3,TSRYS5774872,D,S,T,2024-03-28,4800000.00,4.63242,99.75
08:00:52,91282CKH3,TSRYS5774872,D,S,T,2024-03-28,9650000.00,4.63242,99.75
08:00:52,91282CKH3,TSRYS5774872,D,S,T,2024-03-28,48050000.00,4.63242,99.75
08:00:53,91282CKH3,TSRYS5774872,D,S,D,2024-03-28,38400000.00,4.607545,99.796875
08:00:53,91282CKH3,TSRYS5774872,D,S,A,2024-03-28,48773000.00,4.607545,99.796875
08:00:53,91282CKH3,TSRYS5774872,D,S,D,2024-03-28,450000.00,4.607545,99.796875
08:00:53,91282CKH3,TSRYS5774872,D,S,T,2024-03-28,3000000.00,4.617908,99.77734375
08:00:53,91282CKH3,TSRYS5774872,D,S,T,2024-03-28,1000000.00,4.617908,99.77734375
08:00:53,91282CKH3,TSRYS5774872,D,S,T,2024-03-28,1000000.00,4.617908,99.77734375
08:00:53,91282CKH3,TSRYS5774872,D,S,T,2024-03-28,1000000.00,4.617908,99.77734375
08:00:53,91282CKH3,TSRYS5774872,D,S,T,2024-03-28,1000000.00,4.617908,99.77734375
08:00:53,91282CKH3,TSRYS5774872,D,S,T,2024-03-28,3000000.00,4.616872,99.779296875
08:00:53,91282CKH3,TSRYS5774872,D,S,T,2024-03-28,2000000.00,4.616872,99.779296875
08:00:53,91282CKH3,TSRYS5774872,D,S,T,2024-03-28,9600000.00,4.63242,99.75
08:00:54,91282CKH3,TSRYS5774872,D,S,T,2024-03-28,1000000.00,4.613763,99.78515625
08:00:54,91282CKH3,TSRYS5774872,D,S,T,2024-03-28,1000000.00,4.61169,99.7890625
08:00:54,91282CKH3,TSRYS5774872,D,S,T,2024-03-28,1000000.00,4.61169,99.7890625
08:00:54,91282CKH3,TSRYS5774872,D,S,T,2024-03-28,1000000.00,4.61169,99.7890625
08:00:54,91282CKH3,TSRYS5774872,D,S,T,2024-03-28,1000000.00,4.61169,99.7890625
08:00:54,91282CKH3,TSRYS5774872,D,S,T,2024-03-28,1000000.00,4.61169,99.7890625
08:00:54,91282CKH3,TSRYS5774872,D,B,A,2024-03-28,18881000.00,4.607545,99.796875
08:00:54,91282CKH3,TSRYS5774872,D,B,A,2024-03-28,7974000.00,4.61169,99.7890625
08:00:56,91282CKH3,TSRYS5774872,D,S,T,2024-03-28,1000000.00,4.617908,99.77734375
08:00:56,91282CKH3,TSRYS5774872,D,S,A,2024-03-28,1358500.00,4.619981,99.7734375
08:00:56,91282CKH3,TSRYS5774872,D,B,C,2024-03-28,10000000.00,4.6262,99.76171875
08:00:56,91282CKH3,TSRYS5774872,D,S,A,2024-03-28,10000000.00,4.628273,99.7578125
08:00:56,91282CKH3,TSRYS5774872,D,S,T,2024-03-28,1000000.00,4.6262,99.76171875
08:00:56,91282CKH3,TSRYS5774872,D,S,T,2024-03-28,1000000.00,4.6262,99.76171875
08:00:57,91282CKH3,TSRYS5774872,D,S,T,2024-03-28,1000000.00,4.6262,99.76171875
08:00:57,91282CKH3,TSRYS5774872,D,S,T,2024-03-28,2000000.00,4.6262,99.76171875
08:00:57,91282CKH3,TSRYS5774872,D,S,T,2024-03-28,1000000.00,4.6262,99.76171875
08:00:57,91282CKH3,TSRYS5774872,D,S,T,2024-03-28,1000000.00,4.6262,99.76171875
08:00:58,91282CKH3,TSRYS5774872,D,S,T,2024-03-28,1000000.00,4.6262,99.76171875
08:00:58,91282CKH3,TSRYS5774872,D,S,D,2024-03-28,1000000.00,4.6262,99.76171875
08:00:59,91282CKH3,TSRYS5774872,D,S,T,2024-03-28,1000000.00,4.6262,99.76171875
08:00:59,91282CKH3,TSRYS5774872,D,S,T,2024-03-28,1000000.00,4.6262,99.76171875
08:00:59,91282CKH3,TSRYS5774872,D,S,T,2024-03-28,1000000.00,4.607545,99.796875
08:00:59,91282CKH3,TSRYS5774872,D,S,D,2024-03-28,8000000.00,4.606509,99.798828125
08:01:00,91282CKH3,TSRYS5774872,D,S,D,2024-03-28,11000.00,4.619981,99.7734375
08:01:00,91282CKH3,TSRYS5774872,D,B,C,2024-03-28,1000000.00,4.594078,99.822265625
08:01:00,91282CKH3,TSRYS5774872,D,B,C,2024-03-28,1000000.00,4.595114,99.8203125
08:01:00,91282CKH3,TSRYS5774872,D,S,D,2024-03-28,2000000.00,4.594078,99.822265625
08:01:00,91282CKH3,TSRYS5774872,D,S,C,2024-03-28,2000000.00,4.595114,99.8203125
08:01:00,91282CKH3,TSRYS5774872,D,S,D,2024-03-28,1000000.00,4.594078,99.822265625
08:01:00,91282CKH3,TSRYS5774872,D,S,D,2024-03-28,1000000.00,4.595114,99.8203125
08:01:00,91282CKH3,TSRYS5774872,D,B,C,2024-03-28,1000000.00,4.594078,99.822265625
08:01:00,91282CKH3,TSRYS5774872,D,S,D,2024-03-28,1000000.00,4.594078,99.822265625
08:01:00,91282CKH3,TSRYS5774872,D,S,D,2024-03-28,3000000.00,4.62309,99.767578125
08:01:00,91282CKH3,TSRYS5774872,D,S,T,2024-03-28,5000000.00,4.62309,99.767578125
08:01:00,91282CKH3,TSRYS5774872,D,S,T,2024-03-28,14400000.00,4.63242,99.75
08:01:01,91282CKH3,TSRYS5774872,D,S,T,2024-03-28,1000000.00,4.622054,99.76953125
08:01:01,91282CKH3,TSRYS5774872,D,S,T,2024-03-28,14400000.00,4.63242,99.75
08:01:01,91282CKH3,TSRYS5774872,D,S,T,2024-03-28,6700000.00,4.63242,99.75
08:01:01,91282CKH3,TSRYS5774872,D,S,T,2024-03-28,38450000.00,4.63242,99.75
08:01:01,91282CKH3,TSRYS5774872,D,S,D,2024-03-28,4000000.00,4.619981,99.7734375
08:01:01,91282CKH3,TSRYS5774872,D,S,D,2024-03-28,4000000.00,4.619981,99.7734375
08:01:01,91282CKH3,TSRYS5774872,D,S,T,2024-03-28,38450000.00,4.63242,99.75
08:01:02,91282CKH3,TSRYS5774872,D,S,D,2024-03-28,1000000.00,4.600293,99.810546875
08:01:03,91282CKH3,TSRYS5774872,D,S,D,2024-03-28,2000000.00,4.598221,99.814453125
08:01:03,91282CKH3,TSRYS5774872,D,S,D,2024-03-28,1000000.00,4.602365,99.806640625
08:01:03,91282CKH3,TSRYS5774872,D,S,D,2024-03-28,1000000.00,4.598221,99.814453125
08:01:03,91282CKH3,TSRYS5774872,D,B,C,2024-03-28,1000000.00,4.598221,99.814453125
08:01:03,91282CKH3,TSRYS5774872,D,S,D,2024-03-28,1000000.00,4.598221,99.814453125
08:01:03,91282CKH3,TSRYS5774872,D,S,D,2024-03-28,1000000.00,4.598221,99.814453125
08:01:03,91282CKH3,TSRYS5774872,D,S,D,2024-03-28,1000000.00,4.598221,99.814453125
08:01:03,91282CKH3,TSRYS5774872,D,S,D,2024-03-28,1000000.00,4.598221,99.814453125
08:01:03,91282CKH3,TSRYS5774872,D,S,D,2024-03-28,1000000.00,4.598221,99.814453125
08:01:03,91282CKH3,TSRYS5774872,D,S,T,2024-03-28,1000000.00,4.62418,99.765525
08:01:03,91282CKH3,TSRYS5774872,D,S,D,2024-03-28,1000000.00,4.598221,99.814453125
08:01:03,91282CKH3,TSRYS5774872,D,S,C,2024-03-28,1000000.00,4.59615,99.818359375
08:01:03,91282CKH3,TSRYS5774872,D,S,D,2024-03-28,1000000.00,4.598221,99.814453125
08:01:03,91282CKH3,TSRYS5774872,D,S,D,2024-03-28,1000000.00,4.598221,99.814453125
08:01:03,91282CKH3,TSRYS5774872,D,S,D,2024-03-28,1000000.00,4.598221,99.814453125
08:01:03,91282CKH3,TSRYS5774872,D,S,D,2024-03-28,1000000.00,4.604437,99.802734375
08:01:03,91282CKH3,TSRYS5774872,D,B,C,2024-03-28,2000000.00,4.603401,99.8046875
08:01:03,91282CKH3,TSRYS5774872,D,S,D,2024-03-28,1000000.00,4.608582,99.794921875
08:01:03,91282CKH3,TSRYS5774872,D,S,C,2024-03-28,3000000.00,4.609618,99.79296875
08:01:03,91282CKH3,TSRYS5774872,D,S,D,2024-03-28,1000000.00,4.598221,99.814453125
08:01:03,91282CKH3,TSRYS5774872,D,S,C,2024-03-28,1000000.00,4.604437,99.802734375
08:01:03,91282CKH3,TSRYS5774872,D,S,C,2024-03-28,1000000.00,4.604437,99.802734375
08:01:03,91282CKH3,TSRYS5774872,D,S,T,2024-03-28,1000000.00,4.621017,99.771484375
08:01:03,91282CKH3,TSRYS5774872,D,S,T,2024-03-28,1000000.00,4.622107,99.76943125
08:01:03,91282CKH3,TSRYS5774872,D,S,C,2024-03-28,1000000.00,4.604437,99.802734375
08:01:03,91282CKH3,TSRYS5774872,D,S,T,2024-03-28,6000000.00,4.621017,99.771484375
08:01:03,91282CKH3,TSRYS5774872,D,S,D,2024-03-28,2000000.00,4.603401,99.8046875
08:01:03,91282CKH3,TSRYS5774872,D,S,T,2024-03-28,1000000.00,4.621017,99.771484375
08:01:03,91282CKH3,TSRYS5774872,D,S,T,2024-03-28,2000000.00,4.619981,99.7734375
08:01:03,91282CKH3,TSRYS5774872,D,S,T,2024-03-28,3000000.00,4.619981,99.7734375
08:01:03,91282CKH3,TSRYS5774872,D,S,T,2024-03-28,1000000.00,4.622054,99.76953125
08:01:03,91282CKH3,TSRYS5774872,D,S,C,2024-03-28,1000000.00,4.604437,99.802734375
08:01:03,91282CKH3,TSRYS5774872,D,S,T,2024-03-28,1000000.00,4.622054,99.76953125
08:01:03,91282CKH3,TSRYS5774872,D,S,T,2024-03-28,6000000.00,4.619981,99.7734375
08:01:03,91282CKH3,TSRYS5774872,D,S,T,2024-03-28,2000000.00,4.619981,99.7734375
08:01:03,91282CKH3,TSRYS5774872,D,S,T,2024-03-28,6000000.00,4.619981,99.7734375
08:01:03,91282CKH3,TSRYS5774872,D,S,T,2024-03-28,2000000.00,4.619981,99.7734375
08:01:03,91282CKH3,TSRYS5774872,D,S,C,2024-03-28,1000000.00,4.604437,99.802734375
08:01:03,91282CKH3,TSRYS5774872,D,S,D,2024-03-28,3000000.00,4.61169,99.7890625
08:01:03,91282CKH3,TSRYS5774872,D,S,D,2024-03-28,1000000.00,4.61169,99.7890625
08:01:03,91282CKH3,TSRYS5774872,D,S,D,2024-03-28,2000000.00,4.61169,99.7890625
08:01:03,91282CKH3,TSRYS5774872,D,S,C,2024-03-28,3000000.00,4.612726,99.787109375
08:01:03,91282CKH3,TSRYS5774872,D,S,D,2024-03-28,1000000.00,4.604437,99.802734375
08:01:03,91282CKH3,TSRYS5774872,D,S,D,2024-03-28,1000000.00,4.61169,99.7890625
08:01:03,91282CKH3,TSRYS5774872,D,B,C,2024-03-28,1000000.00,4.615835,99.78125
08:01:03,91282CKH3,TSRYS5774872,D,S,C,2024-03-28,1000000.00,4.603401,99.8046875
08:01:03,91282CKH3,TSRYS5774872,D,B,C,2024-03-28,1000000.00,4.615835,99.78125
08:01:03,91282CKH3,TSRYS5774872,D,S,D,2024-03-28,3000000.00,4.61169,99.7890625
08:01:03,91282CKH3,TSRYS5774872,D,S,D,2024-03-28,2000000.00,4.610654,99.791015625
08:01:03,91282CKH3,TSRYS5774872,D,S,C,2024-03-28,3000000.00,4.615835,99.78125
08:01:03,91282CKH3,TSRYS5774872,D,S,C,2024-03-28,1000000.00,4.615835,99.78125
08:01:03,91282CKH3,TSRYS5774872,D,S,D,2024-03-28,1000000.00,4.607545,99.796875
08:01:03,91282CKH3,TSRYS5774872,D,S,D,2024-03-28,1000000.00,4.607545,99.796875
08:01:03,91282CKH3,TSRYS5774872,D,S,C,2024-03-28,1000000.00,4.607545,99.796875
08:01:03,91282CKH3,TSRYS5774872,D,B,C,2024-03-28,3000000.00,4.615835,99.78125
08:01:03,91282CKH3,TSRYS5774872,D,S,D,2024-03-28,1000000.00,4.615835,99.78125
08:01:03,91282CKH3,TSRYS5774872,D,S,C,2024-03-28,1000000.00,4.615835,99.78125
08:01:03,91282CKH3,TSRYS5774872,D,B,C,2024-03-28,1000000.00,4.607545,99.796875
08:01:03,91282CKH3,TSRYS5774872,D,S,T,2024-03-28,1000000.00,4.622054,99.76953125
08:01:03,91282CKH3,TSRYS5774872,D,S,T,2024-03-28,4000000.00,4.622054,99.76953125
08:01:03,91282CKH3,TSRYS5774872,D,B,C,2024-03-28,1000000.00,4.607545,99.796875
08:01:03,91282CKH3,TSRYS5774872,D,B,C,2024-03-28,1000000.00,4.615835,99.78125
08:01:03,91282CKH3,TSRYS5774872,D,B,C,2024-03-28,3000000.00,4.61169,99.7890625
08:01:03,91282CKH3,TSRYS5774872,D,S,D,2024-03-28,1000000.00,4.607545,99.796875
08:01:03,91282CKH3,TSRYS5774872,D,B,C,2024-03-28,1000000.00,4.607545,99.796875
08:01:03,91282CKH3,TSRYS5774872,D,S,D,2024-03-28,1000000.00,4.607545,99.796875
08:01:03,91282CKH3,TSRYS5774872,D,B,C,2024-03-28,1000000.00,4.607545,99.796875
08:01:03,91282CKH3,TSRYS5774872,D,S,D,2024-03-28,1000000.00,4.607545,99.796875
08:01:03,91282CKH3,TSRYS5774872,D,S,D,2024-03-28,1000000.00,4.607545,99.796875
08:01:03,91282CKH3,TSRYS5774872,D,B,C,2024-03-28,1000000.00,4.607545,99.796875
08:01:03,91282CKH3,TSRYS5774872,D,B,C,2024-03-28,1000000.00,4.607545,99.796875
08:01:03,91282CKH3,TSRYS5774872,D,B,C,2024-03-28,1000000.00,4.607545,99.796875
08:01:03,91282CKH3,TSRYS5774872,D,B,C,2024-03-28,1000000.00,4.607545,99.796875
08:01:03,91282CKH3,TSRYS5774872,D,S,D,2024-03-28,3000000.00,4.606509,99.798828125
08:01:03,91282CKH3,TSRYS5774872,D,S,D,2024-03-28,1000000.00,4.607545,99.796875
08:01:03,91282CKH3,TSRYS5774872,D,B,C,2024-03-28,1000000.00,4.607545,99.796875
08:01:03,91282CKH3,TSRYS5774872,D,B,C,2024-03-28,1000000.00,4.607545,99.796875
08:01:03,91282CKH3,TSRYS5774872,D,B,C,2024-03-28,1000000.00,4.607545,99.796875
08:01:03,91282CKH3,TSRYS5774872,D,B,C,2024-03-28,1000000.00,4.608582,99.794921875
08:01:03,91282CKH3,TSRYS5774872,D,S,C,2024-03-28,1000000.00,4.607545,99.796875
08:01:03,91282CKH3,TSRYS5774872,D,S,D,2024-03-28,1000000.00,4.607545,99.796875
08:01:03,91282CKH3,TSRYS5774872,D,S,D,2024-03-28,1000000.00,4.607545,99.796875
08:01:03,91282CKH3,TSRYS5774872,D,B,C,2024-03-28,1000000.00,4.607545,99.796875
08:01:03,91282CKH3,TSRYS5774872,D,S,D,2024-03-28,1000000.00,4.607545,99.796875
08:01:03,91282CKH3,TSRYS5774872,D,S,D,2024-03-28,1000000.00,4.607545,99.796875
08:01:03,91282CKH3,TSRYS5774872,D,B,C,2024-03-28,1000000.00,4.607545,99.796875
08:01:03,91282CKH3,TSRYS5774872,D,S,D,2024-03-28,1000000.00,4.608582,99.794921875
08:01:03,91282CKH3,TSRYS5774872,D,B,C,2024-03-28,1000000.00,4.607545,99.796875
08:01:03,91282CKH3,TSRYS5774872,D,S,C,2024-03-28,1000000.00,4.607545,99.796875
08:01:03,91282CKH3,TSRYS5774872,D,S,D,2024-03-28,3000000.00,4.606509,99.798828125
08:01:03,91282CKH3,TSRYS5774872,D,B,C,2024-03-28,1000000.00,4.610654,99.791015625
08:01:03,91282CKH3,TSRYS5774872,D,B,C,2024-03-28,1000000.00,4.607545,99.796875
08:01:03,91282CKH3,TSRYS5774872,D,S,C,2024-03-28,1000000.00,4.610654,99.791015625
08:01:03,91282CKH3,TSRYS5774872,D,S,D,2024-03-28,1000000.00,4.607545,99.796875
08:01:03,91282CKH3,TSRYS5774872,D,S,C,2024-03-28,1000000.00,4.607545,99.796875
08:01:03,91282CKH3,TSRYS5774872,D,S,C,2024-03-28,1000000.00,4.610654,99.791015625
08:01:03,91282CKH3,TSRYS5774872,D,B,C,2024-03-28,1000000.00,4.607545,99.796875
08:01:03,91282CKH3,TSRYS5774872,D,S,D,2024-03-28,1000000.00,4.607545,99.796875
08:01:03,91282CKH3,TSRYS5774872,D,S,C,2024-03-28,1000000.00,4.607545,99.796875
08:01:03,91282CKH3,TSRYS5774872,D,S,C,2024-03-28,1000000.00,4.607545,99.796875
08:01:03,91282CKH3,TSRYS5774872,D,B,C,2024-03-28,1000000.00,4.607545,99.796875
08:01:03,91282CKH3,TSRYS5774872,D,B,C,2024-03-28,1000000.00,4.610654,99.791015625
08:01:03,91282CKH3,TSRYS5774872,D,S,C,2024-03-28,1000000.00,4.607545,99.796875
08:01:03,91282CKH3,TSRYS5774872,D,B,C,2024-03-28,1000000.00,4.607545,99.796875
08:01:03,91282CKH3,TSRYS5774872,D,S,C,2024-03-28,1000000.00,4.607545,99.796875
08:01:03,91282CKH3,TSRYS5774872,D,B,C,2024-03-28,1000000.00,4.607545,99.796875
08:01:03,91282CKH3,TSRYS5774872,D,B,C,2024-03-28,1000000.00,4.607545,99.796875
08:01:03,91282CKH3,TSRYS5774872,D,B,C,2024-03-28,1000000.00,4.607545,99.796875
08:01:03,91282CKH3,TSRYS5774872,D,B,C,2024-03-28,1000000.00,4.607545,99.796875
08:01:03,91282CKH3,TSRYS5774872,D,B,C,2024-03-28,1000000.00,4.607545,99.796875
08:01:03,91282CKH3,TSRYS5774872,D,B,C,2024-03-28,1000000.00,4.607545,99.796875
08:01:03,91282CKH3,TSRYS5774872,D,S,C,2024-03-28,1000000.00,4.607545,99.796875
08:01:03,91282CKH3,TSRYS5774872,D,B,C,2024-03-28,1000000.00,4.607545,99.796875
08:01:03,91282CKH3,TSRYS5774872,D,S,C,2024-03-28,1000000.00,4.607545,99.796875
08:01:03,91282CKH3,TSRYS5774872,D,B,C,2024-03-28,1000000.00,4.607545,99.796875
08:01:03,91282CKH3,TSRYS5774872,D,S,C,2024-03-28,1000000.00,4.607545,99.796875
08:01:03,91282CKH3,TSRYS5774872,D,S,D,2024-03-28,3000000.00,4.61169,99.7890625
08:01:03,91282CKH3,TSRYS5774872,D,S,D,2024-03-28,1000000.00,4.607545,99.796875
08:01:03,91282CKH3,TSRYS5774872,D,S,C,2024-03-28,1000000.00,4.607545,99.796875
08:01:03,91282CKH3,TSRYS5774872,D,B,C,2024-03-28,1000000.00,4.607545,99.796875
08:01:03,91282CKH3,TSRYS5774872,D,B,C,2024-03-28,1000000.00,4.607545,99.796875
08:01:03,91282CKH3,TSRYS5774872,D,S,C,2024-03-28,1000000.00,4.607545,99.796875
08:01:03,91282CKH3,TSRYS5774872,D,S,C,2024-03-28,1000000.00,4.612726,99.787109375
08:01:03,91282CKH3,TSRYS5774872,D,B,C,2024-03-28,1000000.00,4.617908,99.77734375
08:01:03,91282CKH3,TSRYS5774872,D,S,T,2024-03-28,1000000.00,4.609618,99.79296875
08:01:03,91282CKH3,TSRYS5774872,D,S,C,2024-03-28,1000000.00,4.607545,99.796875
08:01:03,91282CKH3,TSRYS5774872,D,B,C,2024-03-28,1000000.00,4.612726,99.787109375
08:01:03,91282CKH3,TSRYS5774872,D,S,D,2024-03-28,2000000.00,4.617908,99.77734375
08:01:03,91282CKH3,TSRYS5774872,D,S,D,2024-03-28,1000000.00,4.617908,99.77734375
08:01:03,91282CKH3,TSRYS5774872,D,S,T,2024-03-28,1000000.00,4.609618,99.79296875
08:01:03,91282CKH3,TSRYS5774872,D,S,T,2024-03-28,1000000.00,4.609618,99.79296875
08:01:03,91282CKH3,TSRYS5774872,D,S,T,2024-03-28,1000000.00,4.609618,99.79296875
08:01:03,91282CKH3,TSRYS5774872,D,B,C,2024-03-28,1000000.00,4.624127,99.765625
08:01:03,91282CKH3,TSRYS5774872,D,S,D,2024-03-28,10000000.00,4.6262,99.76171875
08:01:03,91282CKH3,TSRYS5774872,D,S,D,2024-03-28,1000000.00,4.6262,99.76171875
08:01:03,91282CKH3,TSRYS5774872,D,B,C,2024-03-28,10000000.00,4.6262,99.76171875
08:01:03,91282CKH3,TSRYS5774872,D,S,D,2024-03-28,3000000.00,4.6262,99.76171875
08:01:03,91282CKH3,TSRYS5774872,D,S,D,2024-03-28,1000000.00,4.624127,99.765625
08:01:04,91282CKH3,TSRYS5774872,D,S,C,2024-03-28,1000000.00,4.6262,99.76171875
08:01:04,91282CKH3,TSRYS5774872,D,B,C,2024-03-28,10000000.00,4.6262,99.76171875
08:01:04,91282CKH3,TSRYS5774872,D,B,C,2024-03-28,3000000.00,4.6262,99.76171875
08:01:04,91282CKH3,TSRYS5774872,D,S,D,2024-03-28,2000000.00,4.6262,99.76171875
08:01:04,91282CKH3,TSRYS5774872,D,S,C,2024-03-28,2000000.00,4.6262,99.76171875
08:01:04,91282CKH3,TSRYS5774872,D,S,C,2024-03-28,1000000.00,4.6262,99.76171875
08:01:04,91282CKH3,TSRYS5774872,D,S,C,2024-03-28,2000000.00,4.6262,99.76171875
08:01:04,91282CKH3,TSRYS5774872,D,S,C,2024-03-28,1000000.00,4.624127,99.765625
08:01:04,91282CKH3,TSRYS5774872,D,S,C,2024-03-28,10000000.00,4.6262,99.76171875
08:01:04,91282CKH3,TSRYS5774872,D,S,D,2024-03-28,4000000.00,4.625163,99.763671875
08:01:04,91282CKH3,TSRYS5774872,D,B,C,2024-03-28,1000000.00,4.6262,99.76171875
08:01:04,91282CKH3,TSRYS5774872,D,S,D,2024-03-28,1000000.00,4.62309,99.767578125
08:01:04,91282CKH3,TSRYS5774872,D,S,D,2024-03-28,1000000.00,4.6262,99.76171875
08:01:04,91282CKH3,TSRYS5774872,D,S,D,2024-03-28,1000000.00,4.6262,99.76171875
08:01:04,91282CKH3,TSRYS5774872,D,S,D,2024-03-28,4000000.00,4.62309,99.767578125
08:01:04,91282CKH3,TSRYS5774872,D,S,D,2024-03-28,1000000.00,4.625163,99.763671875
08:01:04,91282CKH3,TSRYS5774872,D,S,C,2024-03-28,1000000.00,4.624127,99.765625
08:01:04,91282CKH3,TSRYS5774872,D,S,D,2024-03-28,1000000.00,4.625163,99.763671875
08:01:04,91282CKH3,TSRYS5774872,D,S,D,2024-03-28,1000000.00,4.624127,99.765625
08:01:04,91282CKH3,TSRYS5774872,D,B,C,2024-03-28,4000000.00,4.624127,99.765625
08:01:04,91282CKH3,TSRYS5774872,D,S,D,2024-03-28,4000000.00,4.624127,99.765625
08:01:04,91282CKH3,TSRYS5774872,D,S,D,2024-03-28,3000000.00,4.624127,99.765625
08:01:04,91282CKH3,TSRYS5774872,D,S,D,2024-03-28,1000000.00,4.622054,99.76953125
08:01:04,91282CKH3,TSRYS5774872,D,B,C,2024-03-28,1000000.00,4.622054,99.76953125
08:01:04,91282CKH3,TSRYS5774872,D,S,T,2024-03-28,1000000.00,4.607545,99.796875
08:01:04,91282CKH3,TSRYS5774872,D,S,D,2024-03-28,2000000.00,4.621017,99.771484375
08:01:04,91282CKH3,TSRYS5774872,D,S,D,2024-03-28,1000000.00,4.622054,99.76953125
08:01:04,91282CKH3,TSRYS5774872,D,S,T,2024-03-28,1000000.00,4.607545,99.796875
08:01:04,91282CKH3,TSRYS5774872,D,B,C,2024-03-28,3000000.00,4.622054,99.76953125
08:01:04,91282CKH3,TSRYS5774872,D,S,D,2024-03-28,2000000.00,4.621017,99.771484375
08:01:04,91282CKH3,TSRYS5774872,D,S,T,2024-03-28,1000000.00,4.607545,99.796875
08:01:04,91282CKH3,TSRYS5774872,D,B,C,2024-03-28,1000000.00,4.622054,99.76953125
08:01:04,91282CKH3,TSRYS5774872,D,S,D,2024-03-28,2000000.00,4.621017,99.771484375
08:01:04,91282CKH3,TSRYS5774872,D,S,D,2024-03-28,3000000.00,4.624127,99.765625
08:01:04,91282CKH3,TSRYS5774872,D,S,D,2024-03-28,1000000.00,4.622054,99.76953125
08:01:04,91282CKH3,TSRYS5774872,D,S,D,2024-03-28,3000000.00,4.622054,99.76953125
08:01:04,91282CKH3,TSRYS5774872,D,S,D,2024-03-28,1000000.00,4.621017,99.771484375
08:01:04,91282CKH3,TSRYS5774872,D,S,D,2024-03-28,2000000.00,4.621017,99.771484375
08:01:04,91282CKH3,TSRYS5774872,D,S,D,2024-03-28,2000000.00,4.621017,99.771484375
08:01:04,91282CKH3,TSRYS5774872,D,B,C,2024-03-28,1000000.00,4.622054,99.76953125
08:01:04,91282CKH3,TSRYS5774872,D,S,D,2024-03-28,1000000.00,4.621017,99.771484375
08:01:04,91282CKH3,TSRYS5774872,D,S,D,2024-03-28,1000000.00,4.621017,99.771484375
08:01:04,91282CKH3,TSRYS5774872,D,S,D,2024-03-28,1000000.00,4.621017,99.771484375
08:01:04,91282CKH3,TSRYS5774872,D,S,D,2024-03-28,1000000.00,4.621017,99.771484375
08:01:04,91282CKH3,TSRYS5774872,D,B,C,2024-03-28,1000000.00,4.622054,99.76953125
08:01:04,91282CKH3,TSRYS5774872,D,S,D,2024-03-28,1000000.00,4.619981,99.7734375
08:01:04,91282CKH3,TSRYS5774872,D,B,C,2024-03-28,1000000.00,4.621017,99.771484375
08:01:04,91282CKH3,TSRYS5774872,D,S,D,2024-03-28,1000000.00,4.622054,99.76953125
08:01:04,91282CKH3,TSRYS5774872,D,S,T,2024-03-28,1000000.00,4.61169,99.7890625
08:01:04,91282CKH3,TSRYS5774872,D,S,T,2024-03-28,1000000.00,4.61169,99.7890625
08:01:04,91282CKH3,TSRYS5774872,D,S,T,2024-03-28,2000000.00,4.61169,99.7890625
08:01:05,91282CKH3,TSRYS5774872,D,S,D,2024-03-28,8400000.00,4.63242,99.75
08:01:06,91282CKH3,TSRYS5774872,D,S,T,2024-03-28,1000000.00,4.609618,99.79296875
08:01:07,91282CKH3,TSRYS5774872,D,S,T,2024-03-28,3000000.00,4.619981,99.7734375
08:01:07,91282CKH3,TSRYS5774872,D,S,T,2024-03-28,4000000.00,4.619981,99.7734375
08:01:07,91282CKH3,TSRYS5774872,D,S,T,2024-03-28,5000000.00,4.619981,99.7734375
08:01:07,91282CKH3,TSRYS5774872,D,S,T,2024-03-28,17300000.00,4.63242,99.75
08:01:07,91282CKH3,TSRYS5774872,D,S,T,2024-03-28,24000000.00,4.63242,99.75
08:01:07,91282CKH3,TSRYS5774872,D,S,T,2024-03-28,2000000.00,4.619981,99.7734375
08:01:07,91282CKH3,TSRYS5774872,D,S,T,2024-03-28,3000000.00,4.609618,99.79296875
08:01:07,91282CKH3,TSRYS5774872,D,S,T,2024-03-28,38450000.00,4.63242,99.75
08:01:07,91282CKH3,TSRYS5774872,D,S,T,2024-03-28,6700000.00,4.63242,99.75
08:01:07,91282CKH3,TSRYS5774872,D,S,T,2024-03-28,1000000.00,4.619981,99.7734375
08:01:07,91282CKH3,TSRYS5774872,D,S,T,2024-03-28,26900000.00,4.63242,99.75
08:01:07,91282CKH3,TSRYS5774872,D,S,T,2024-03-28,1000000.00,4.619981,99.7734375
08:01:08,91282CKH3,TSRYS5774872,D,S,T,2024-03-28,1000000.00,4.61169,99.7890625
08:01:08,91282CKH3,TSRYS5774872,D,S,T,2024-03-28,2000000.00,4.61169,99.7890625
08:01:08,91282CKH3,TSRYS5774872,D,S,T,2024-03-28,2000000.00,4.61169,99.7890625
08:01:08,91282CKH3,TSRYS5774872,D,S,T,2024-03-28,1000000.00,4.609618,99.79296875
08:01:08,91282CKH3,TSRYS5774872,D,S,T,2024-03-28,1000000.00,4.609618,99.79296875
08:01:08,91282CKH3,TSRYS5774872,D,S,T,2024-03-28,1000000.00,4.607545,99.796875
08:01:08,91282CKH3,TSRYS5774872,D,S,T,2024-03-28,1000000.00,4.607545,99.796875
08:01:08,91282CKH3,TSRYS5774872,D,S,A,2024-03-28,1700000.00,4.609618,99.79296875
08:01:09,91282CKH3,TSRYS5774872,D,B,A,2024-03-28,1000000.00,4.61169,99.7890625
08:01:09,91282CKH3,TSRYS5774872,D,S,T,2024-03-28,1000000.00,4.609618,99.79296875
08:01:09,91282CKH3,TSRYS5774872,D,B,C,2024-03-28,48500000.00,4.607122,99.79767235824
08:01:09,91282CKH3,TSRYS5774872,D,S,A,2024-03-28,31000000.00,4.622054,99.76953125
08:01:09,91282CKH3,TSRYS5774872,D,S,D,2024-03-28,1000000.00,4.615835,99.78125
08:01:09,91282CKH3,TSRYS5774872,D,S,A,2024-03-28,200000.00,4.624127,99.765625
08:01:09,91282CKH3,TSRYS5774872,D,S,T,2024-03-28,1000000.00,4.615835,99.78125
08:01:09,91282CKH3,TSRYS5774872,D,S,C,2024-03-28,3000000.00,4.615835,99.78125
08:01:10,91282CKH3,TSRYS5774872,D,S,C,2024-03-28,1000000.00,4.615835,99.78125
08:01:10,91282CKH3,TSRYS5774872,D,S,C,2024-03-28,3000000.00,4.615835,99.78125
08:01:10,91282CKH3,TSRYS5774872,D,B,C,2024-03-28,1000000.00,4.603401,99.8046875
08:01:10,91282CKH3,TSRYS5774872,D,S,C,2024-03-28,2000000.00,4.615835,99.78125
08:01:10,91282CKH3,TSRYS5774872,D,S,T,2024-03-28,5000000.00,4.609618,99.79296875
08:01:10,91282CKH3,TSRYS5774872,D,S,C,2024-03-28,9600000.00,4.63242,99.75
08:01:10,91282CKH3,TSRYS5774872,D,S,D,2024-03-28,1000000.00,4.61169,99.7890625
08:01:10,91282CKH3,TSRYS5774872,D,S,D,2024-03-28,1000000.00,4.61169,99.7890625
08:01:10,91282CKH3,TSRYS5774872,D,S,D,2024-03-28,2000000.00,4.61169,99.7890625
08:01:11,91282CKH3,TSRYS5774872,D,S,D,2024-03-28,3000000.00,4.61169,99.7890625
08:01:11,91282CKH3,TSRYS5774872,D,B,C,2024-03-28,2000000.00,4.603401,99.8046875
08:01:11,91282CKH3,TSRYS5774872,D,S,D,2024-03-28,5600000.00,4.63242,99.75
08:01:11,91282CKH3,TSRYS5774872,D,S,T,2024-03-28,1000000.00,4.611796,99.7888625
08:01:11,91282CKH3,TSRYS5774872,D,S,D,2024-03-28,53000000.00,4.624127,99.765625
08:01:11,91282CKH3,TSRYS5774872,D,S,T,2024-03-28,1000000.00,4.611796,99.7888625
08:01:11,91282CKH3,TSRYS5774872,D,B,C,2024-03-28,1000000.00,4.602365,99.80664062
08:01:11,91282CKH3,TSRYS5774872,D,S,T,2024-03-28,1000000.00,4.611796,99.7888625
08:01:11,91282CKH3,TSRYS5774872,D,S,T,2024-03-28,1000000.00,4.609618,99.79296875
08:01:12,91282CKH3,TSRYS5774872,D,S,T,2024-03-28,1000000.00,4.611796,99.7888625
08:01:12,91282CKH3,TSRYS5774872,D,S,T,2024-03-28,1000000.00,4.611796,99.7888625
08:01:12,91282CKH3,TSRYS5774872,D,S,D,2024-03-28,9600000.00,4.63242,99.75
08:01:12,91282CKH3,TSRYS5774872,D,S,D,2024-03-28,14400000.00,4.63242,99.75
08:01:12,91282CKH3,TSRYS5774872,D,S,T,2024-03-28,1000000.00,4.611796,99.7888625
08:01:12,91282CKH3,TSRYS5774872,D,S,D,2024-03-28,38550000.00,4.63242,99.75
08:01:12,91282CKH3,TSRYS5774872,D,S,D,2024-03-28,17300000.00,4.63242,99.75
08:01:12,91282CKH3,TSRYS5774872,D,S,D,2024-03-28,26900000.00,4.63242,99.75
08:01:12,91282CKH3,TSRYS5774872,D,S,D,2024-03-28,14400000.00,4.63242,99.75
08:01:12,91282CKH3,TSRYS5774872,D,S,D,2024-03-28,24000000.00,4.63242,99.75
08:01:12,91282CKH3,TSRYS5774872,D,S,D,2024-03-28,24000000.00,4.63242,99.75
08:01:12,91282CKH3,TSRYS5774872,D,S,D,2024-03-28,6700000.00,4.63242,99.75
08:01:12,91282CKH3,TSRYS5774872,D,S,D,2024-03-28,9600000.00,4.63242,99.75
08:01:12,91282CKH3,TSRYS5774872,D,S,D,2024-03-28,24000000.00,4.63242,99.75
08:01:12,91282CKH3,TSRYS5774872,D,S,T,2024-03-28,1000000.00,4.611796,99.7888625
08:01:12,91282CKH3,TSRYS5774872,D,S,D,2024-03-28,6700000.00,4.63242,99.75
08:01:13,91282CKH3,TSRYS5774872,D,S,D,2024-03-28,1000000.00,4.615835,99.78125
08:01:13,91282CKH3,TSRYS5774872,D,S,T,2024-03-28,4000000.00,4.609618,99.79296875
08:01:13,91282CKH3,TSRYS5774872,D,S,A,2024-03-28,141000.00,4.617908,99.77734375
08:01:13,91282CKH3,TSRYS5774872,D,S,T,2024-03-28,1000000.00,4.615835,99.78125
08:01:14,91282CKH3,TSRYS5774872,D,S,T,2024-03-28,1000000.00,4.615835,99.78125
08:01:14,91282CKH3,TSRYS5774872,D,S,C,2024-03-28,2000000.00,4.61169,99.7890625
08:01:14,91282CKH3,TSRYS5774872,D,S,D,2024-03-28,1000000.00,4.61169,99.7890625
08:01:14,91282CKH3,TSRYS5774872,D,S,D,2024-03-28,1000000.00,4.61169,99.7890625
08:01:14,91282CKH3,TSRYS5774872,D,S,T,2024-03-28,1000000.00,4.609618,99.79296875
08:01:15,91282CKH3,TSRYS5774872,D,S,C,2024-03-28,6000000.00,4.602712,99.8059859
08:01:15,91282CKH3,TSRYS5774872,D,S,D,2024-03-28,7000000.00,4.613497,99.7856563
08:01:15,91282CKH3,TSRYS5774872,D,S,D,2024-03-28,16000000.00,4.613497,99.7856563
08:01:15,91282CKH3,TSRYS5774872,D,S,D,2024-03-28,8000000.00,4.606244,99.7993281
08:01:15,91282CKH3,TSRYS5774872,D,S,D,2024-03-28,3000000.00,4.611319,99.7897625
08:01:15,91282CKH3,TSRYS5774872,D,S,D,2024-03-28,36000000.00,4.625547,99.7629493
08:01:15,91282CKH3,TSRYS5774872,D,S,D,2024-03-28,20000000.00,4.626711,99.7607554
08:01:15,91282CKH3,TSRYS5774872,D,S,D,2024-03-28,2000000.00,4.625828,99.7624188
08:01:15,91282CKH3,TSRYS5774872,D,S,D,2024-03-28,50000000.00,4.622942,99.767857
08:01:15,91282CKH3,TSRYS5774872,D,S,D,2024-03-28,12000000.00,4.622521,99.7686499
08:01:15,91282CKH3,TSRYS5774872,D,S,D,2024-03-28,12000000.00,4.622126,99.7693955
08:01:15,91282CKH3,TSRYS5774872,D,S,D,2024-03-28,50000000.00,4.620131,99.7731549
08:01:15,91282CKH3,TSRYS5774872,D,S,T,2024-03-28,1000000.00,4.609724,99.79276875
08:01:15,91282CKH3,TSRYS5774872,D,B,C,2024-03-28,4000000.00,4.608582,99.79492187
08:01:16,91282CKH3,TSRYS5774872,D,S,T,2024-03-28,1000000.00,4.609724,99.79276875
08:01:16,91282CKH3,TSRYS5774872,D,S,T,2024-03-28,4000000.00,4.609618,99.79296875
08:01:18,91282CKH3,TSRYS5774872,D,S,D,2024-03-28,2000000.00,4.595114,99.8203125
08:01:18,91282CKH3,TSRYS5774872,D,S,D,2024-03-28,1000000.00,4.598221,99.81445312
08:01:18,91282CKH3,TSRYS5774872,D,S,D,2024-03-28,2000000.00,4.594078,99.82226562
08:01:18,91282CKH3,TSRYS5774872,D,S,D,2024-03-28,1000000.00,4.598221,99.81445312
08:01:18,91282CKH3,TSRYS5774872,D,S,T,2024-03-28,2000000.00,4.595193,99.8201625
08:01:18,91282CKH3,TSRYS5774872,D,S,T,2024-03-28,1000000.00,4.595114,99.8203125
08:01:18,91282CKH3,TSRYS5774872,D,S,T,2024-03-28,1000000.00,4.595114,99.8203125
08:01:18,91282CKH3,TSRYS5774872,D,S,T,2024-03-28,1000000.00,4.594078,99.82226562
08:01:18,91282CKH3,TSRYS5774872,D,S,T,2024-03-28,1000000.00,4.593042,99.82421875
08:01:18,91282CKH3,TSRYS5774872,D,S,D,2024-03-28,1000000.00,4.602365,99.80664062
08:01:18,91282CKH3,TSRYS5774872,D,S,D,2024-03-28,2000000.00,4.602365,99.80664062
08:01:18,91282CKH3,TSRYS5774872,D,S,D,2024-03-28,3000000.00,4.602365,99.80664062
08:01:18,91282CKH3,TSRYS5774872,D,S,D,2024-03-28,2000000.00,4.602365,99.80664062
08:01:18,91282CKH3,TSRYS5774872,D,S,D,2024-03-28,2000000.00,4.602365,99.80664062
08:01:18,91282CKH3,TSRYS5774872,D,S,D,2024-03-28,4000000.00,4.602365,99.80664062
08:01:18,91282CKH3,TSRYS5774872,D,S,D,2024-03-28,2000000.00,4.602365,99.80664062
08:01:18,91282CKH3,TSRYS5774872,D,S,D,2024-03-28,1000000.00,4.6262,99.76171875
08:01:18,91282CKH3,TSRYS5774872,D,S,D,2024-03-28,3000000.00,4.602365,99.80664062
08:01:18,91282CKH3,TSRYS5774872,D,S,D,2024-03-28,4000000.00,4.6262,99.76171875
08:01:18,91282CKH3,TSRYS5774872,D,S,C,2024-03-28,11000000.00,4.602365,99.80664062
08:01:18,91282CKH3,TSRYS5774872,D,S,D,2024-03-28,2000000.00,4.600293,99.81054687
08:01:18,91282CKH3,TSRYS5774872,D,S,D,2024-03-28,5000000.00,4.625163,99.763671875
08:01:18,91282CKH3,TSRYS5774872,D,S,D,2024-03-28,2000000.00,4.600293,99.81054687
08:01:18,91282CKH3,TSRYS5774872,D,S,D,2024-03-28,7000000.00,4.600293,99.81054687
08:01:18,91282CKH3,TSRYS5774872,D,S,D,2024-03-28,9000000.00,4.598221,99.81445312
08:01:18,91282CKH3,TSRYS5774872,D,S,D,2024-03-28,2000000.00,4.59615,99.81835937
08:01:18,91282CKH3,TSRYS5774872,D,S,A,2024-03-28,4000000.00,4.624046,99.765777
08:01:18,91282CKH3,TSRYS5774872,D,S,D,2024-03-28,2000000.00,4.598221,99.81445312
08:01:18,91282CKH3,TSRYS5774872,D,S,D,2024-03-28,5000000.00,4.59615,99.81835937
08:01:18,91282CKH3,TSRYS5774872,D,S,D,2024-03-28,2000000.00,4.59615,99.81835937
08:01:18,91282CKH3,TSRYS5774872,D,S,D,2024-03-28,2000000.00,4.59615,99.81835937
08:01:18,91282CKH3,TSRYS5774872,D,S,D,2024-03-28,2000000.00,4.59615,99.81835937
08:01:18,91282CKH3,TSRYS5774872,D,S,D,2024-03-28,2000000.00,4.59615,99.81835937
08:01:18,91282CKH3,TSRYS5774872,D,S,D,2024-03-28,2000000.00,4.59615,99.81835937
08:01:18,91282CKH3,TSRYS5774872,D,S,D,2024-03-28,1000000.00,4.61169,99.7890625
08:01:18,91282CKH3,TSRYS5774872,D,S,D,2024-03-28,3000000.00,4.59615,99.81835937
08:01:18,91282CKH3,TSRYS5774872,D,S,D,2024-03-28,1000000.00,4.600293,99.81054687
08:01:18,91282CKH3,TSRYS5774872,D,S,D,2024-03-28,2000000.00,4.600293,99.81054687
08:01:18,91282CKH3,TSRYS5774872,D,S,D,2024-03-28,2000000.00,4.605473,99.80078125
08:01:18,91282CKH3,TSRYS5774872,D,S,D,2024-03-28,1000000.00,4.604437,99.80273437
08:01:18,91282CKH3,TSRYS5774872,D,S,D,2024-03-28,2000000.00,4.604437,99.80273437
08:01:18,91282CKH3,TSRYS5774872,D,S,D,2024-03-28,3000000.00,4.625163,99.763671875
08:01:18,91282CKH3,TSRYS5774872,D,S,D,2024-03-28,6000000.00,4.604437,99.80273437
08:01:18,91282CKH3,TSRYS5774872,D,S,D,2024-03-28,2000000.00,4.604437,99.80273437
