tradeTime,cusip,issueSymbolIdentifier,priceType,reportingSideCode,contraPartyTypeCode,tradeDate,reportedTradeVolume,lastSaleYield,lastSalePrice
08:00:03,91282CLP4,TSRYS5893514,D,S,T,2024-10-03,1000000.00,3.644614,99.724609375
08:00:03,91282CLP4,TSRYS5893514,D,S,T,2024-10-03,1000000.00,3.644614,99.724609375
08:00:03,91282CLP4,TSRYS5893514,D,S,T,2024-10-03,3000000.00,3.646672,99.720703125
08:00:03,91282CLP4,TSRYS5893514,D,S,T,2024-10-03,1000000.00,3.645643,99.72265625
08:00:03,91282CLP4,TSRYS5893514,D,S,T,2024-10-03,2000000.00,3.642557,99.728515625
08:00:03,91282CLP4,TSRYS5893514,D,S,D,2024-10-03,4000000.00,3.638443,99.736328125
08:00:03,91282CLP4,TSRYS5893514,D,S,D,2024-10-03,4000000.00,3.638443,99.736328125
08:00:03,91282CLP4,TSRYS5893514,D,S,T,2024-10-03,1000000.00,3.639471,99.734375
08:00:03,91282CLP4,TSRYS5893514,D,S,D,2024-10-03,1000000.00,3.649758,99.71484375
08:00:03,91282CLP4,TSRYS5893514,D,S,T,2024-10-03,1000000.00,3.649758,99.71484375
08:00:03,91282CLP4,TSRYS5893514,D,S,T,2024-10-03,1000000.00,3.649758,99.71484375
08:00:03,91282CLP4,TSRYS5893514,D,S,D,2024-10-03,1000000.00,3.649758,99.71484375
08:00:03,91282CLP4,TSRYS5893514,D,S,D,2024-10-03,1000000.00,3.649758,99.71484375
08:00:03,91282CLP4,TSRYS5893514,D,S,T,2024-10-03,4000000.00,3.650787,99.712890625
08:00:03,91282CLP4,TSRYS5893514,D,S,T,2024-10-03,3000000.00,3.650787,99.712890625
08:00:03,91282CLP4,TSRYS5893514,D,S,T,2024-10-03,1000000.00,3.650787,99.712890625
08:00:03,91282CLP4,TSRYS5893514,D,S,T,2024-10-03,2000000.00,3.650787,99.712890625
08:00:03,91282CLP4,TSRYS5893514,D,S,T,2024-10-03,2000000.00,3.650787,99.712890625
08:00:03,91282CLP4,TSRYS5893514,D,S,T,2024-10-03,2000000.00,3.650787,99.712890625
08:00:03,91282CLP4,TSRYS5893514,D,S,T,2024-10-03,2000000.00,3.650787,99.712890625
08:00:03,91282CLP4,TSRYS5893514,D,S,T,2024-10-03,1000000.00,3.650787,99.712890625
08:00:03,91282CLP4,TSRYS5893514,D,S,T,2024-10-03,2000000.00,3.650787,99.712890625
08:00:03,91282CLP4,TSRYS5893514,D,S,T,2024-10-03,4000000.00,3.650787,99.712890625
08:00:03,91282CLP4,TSRYS5893514,D,S,T,2024-10-03,2000000.00,3.650787,99.712890625
08:00:03,91282CLP4,TSRYS5893514,D,S,T,2024-10-03,4000000.00,3.650787,99.712890625
08:00:03,91282CLP4,TSRYS5893514,D,S,T,2024-10-03,1000000.00,3.651815,99.7109375
08:00:03,91282CLP4,TSRYS5893514,D,S,T,2024-10-03,2000000.00,3.651815,99.7109375
08:00:03,91282CLP4,TSRYS5893514,D,S,T,2024-10-03,1000000.00,3.651815,99.7109375
08:00:03,91282CLP4,TSRYS5893514,D,S,T,2024-10-03,1000000.00,3.651815,99.7109375
08:00:03,91282CLP4,TSRYS5893514,D,S,T,2024-10-03,1000000.00,3.651815,99.7109375
08:00:03,91282CLP4,TSRYS5893514,D,S,T,2024-10-03,1000000.00,3.651815,99.7109375
08:00:03,91282CLP4,TSRYS5893514,D,S,T,2024-10-03,2000000.00,3.651815,99.7109375
08:00:03,91282CLP4,TSRYS5893514,D,S,T,2024-10-03,1000000.00,3.651815,99.7109375
08:00:03,91282CLP4,TSRYS5893514,D,S,T,2024-10-03,1000000.00,3.651815,99.7109375
08:00:03,91282CLP4,TSRYS5893514,D,S,T,2024-10-03,2000000.00,3.651815,99.7109375
08:00:03,91282CLP4,TSRYS5893514,D,S,T,2024-10-03,2000000.00,3.651815,99.7109375
08:00:03,91282CLP4,TSRYS5893514,D,S,T,2024-10-03,2000000.00,3.651815,99.7109375
08:00:03,91282CLP4,TSRYS5893514,D,S,T,2024-10-03,2000000.00,3.651815,99.7109375
08:00:03,91282CLP4,TSRYS5893514,D,S,D,2024-10-03,2000000.00,3.652844,99.708984375
08:00:03,91282CLP4,TSRYS5893514,D,S,T,2024-10-03,1000000.00,3.653873,99.70703125
08:00:03,91282CLP4,TSRYS5893514,D,S,T,2024-10-03,1000000.00,3.653873,99.70703125
08:00:03,91282CLP4,TSRYS5893514,D,S,T,2024-10-03,1000000.00,3.653873,99.70703125
08:00:03,91282CLP4,TSRYS5893514,D,S,D,2024-10-03,1000000.00,3.653873,99.70703125
08:00:03,91282CLP4,TSRYS5893514,D,S,D,2024-10-03,1000000.00,3.653873,99.70703125
08:00:03,91282CLP4,TSRYS5893514,D,S,T,2024-10-03,1000000.00,3.653873,99.70703125
08:00:03,91282CLP4,TSRYS5893514,D,S,D,2024-10-03,1000000.00,3.652844,99.708984375
08:00:03,91282CLP4,TSRYS5893514,D,S,D,2024-10-03,1000000.00,3.655931,99.703125
08:00:03,91282CLP4,TSRYS5893514,D,S,D,2024-10-03,1000000.00,3.655931,99.703125
08:00:03,91282CLP4,TSRYS5893514,D,S,D,2024-10-03,2000000.00,3.655931,99.703125
08:00:03,91282CLP4,TSRYS5893514,D,S,T,2024-10-03,1000000.00,3.655931,99.703125
08:00:03,91282CLP4,TSRYS5893514,D,S,D,2024-10-03,1000000.00,3.653873,99.70703125
08:00:03,91282CLP4,TSRYS5893514,D,S,D,2024-10-03,3000000.00,3.653873,99.70703125
08:00:04,91282CLP4,TSRYS5893514,D,S,T,2024-10-03,2000000.00,3.653873,99.70703125
08:00:04,91282CLP4,TSRYS5893514,D,S,T,2024-10-03,1000000.00,3.6477,99.71875
08:00:04,91282CLP4,TSRYS5893514,D,S,T,2024-10-03,1000000.00,3.6477,99.71875
08:00:04,91282CLP4,TSRYS5893514,D,S,D,2024-10-03,1000000.00,3.653873,99.70703125
08:00:04,91282CLP4,TSRYS5893514,D,S,T,2024-10-03,2000000.00,3.653873,99.70703125
08:00:04,91282CLP4,TSRYS5893514,D,S,T,2024-10-03,2000000.00,3.657989,99.69921875
08:00:04,91282CLP4,TSRYS5893514,D,S,T,2024-10-03,2000000.00,3.657989,99.69921875
08:00:04,91282CLP4,TSRYS5893514,D,S,T,2024-10-03,2000000.00,3.657989,99.69921875
08:00:04,91282CLP4,TSRYS5893514,D,S,T,2024-10-03,2000000.00,3.657989,99.69921875
08:00:04,91282CLP4,TSRYS5893514,D,S,T,2024-10-03,2000000.00,3.657989,99.69921875
08:00:04,91282CLP4,TSRYS5893514,D,S,D,2024-10-03,1000000.00,3.660047,99.6953125
08:00:04,91282CLP4,TSRYS5893514,D,S,D,2024-10-03,1000000.00,3.660047,99.6953125
08:00:04,91282CLP4,TSRYS5893514,D,S,D,2024-10-03,1000000.00,3.661076,99.693359375
08:00:04,91282CLP4,TSRYS5893514,D,S,D,2024-10-03,1000000.00,3.662105,99.69140625
08:00:04,91282CLP4,TSRYS5893514,D,S,D,2024-10-03,1000000.00,3.663134,99.689453125
08:00:04,91282CLP4,TSRYS5893514,D,S,D,2024-10-03,2000000.00,3.660047,99.6953125
08:00:04,91282CLP4,TSRYS5893514,D,S,D,2024-10-03,1000000.00,3.660047,99.6953125
08:00:04,91282CLP4,TSRYS5893514,D,S,D,2024-10-03,1000000.00,3.665192,99.685546875
08:00:04,91282CLP4,TSRYS5893514,D,S,D,2024-10-03,1000000.00,3.665192,99.685546875
08:00:04,91282CLP4,TSRYS5893514,D,S,T,2024-10-03,2000000.00,3.660047,99.6953125
08:00:04,91282CLP4,TSRYS5893514,D,S,D,2024-10-03,2000000.00,3.660047,99.6953125
08:00:04,91282CLP4,TSRYS5893514,D,S,D,2024-10-03,4000000.00,3.660047,99.6953125
08:00:04,91282CLP4,TSRYS5893514,D,S,T,2024-10-03,1000000.00,3.657989,99.69921875
08:00:04,91282CLP4,TSRYS5893514,D,S,T,2024-10-03,1000000.00,3.657989,99.69921875
08:00:04,91282CLP4,TSRYS5893514,D,S,T,2024-10-03,1000000.00,3.657989,99.69921875
08:00:04,91282CLP4,TSRYS5893514,D,S,T,2024-10-03,1000000.00,3.65696,99.701171875
08:00:04,91282CLP4,TSRYS5893514,D,S,T,2024-10-03,1000000.00,3.655931,99.703125
08:00:04,91282CLP4,TSRYS5893514,D,S,T,2024-10-03,1000000.00,3.655931,99.703125
08:00:04,91282CLP4,TSRYS5893514,D,S,T,2024-10-03,1000000.00,3.655931,99.703125
08:00:04,91282CLP4,TSRYS5893514,D,S,T,2024-10-03,1000000.00,3.657989,99.69921875
08:00:04,91282CLP4,TSRYS5893514,D,S,T,2024-10-03,1000000.00,3.657989,99.69921875
08:00:04,91282CLP4,TSRYS5893514,D,S,T,2024-10-03,1000000.00,3.657989,99.69921875
08:00:04,91282CLP4,TSRYS5893514,D,S,T,2024-10-03,1000000.00,3.657989,99.69921875
08:00:04,91282CLP4,TSRYS5893514,D,S,T,2024-10-03,1000000.00,3.657989,99.69921875
08:00:04,91282CLP4,TSRYS5893514,D,S,T,2024-10-03,1000000.00,3.657989,99.69921875
08:00:04,91282CLP4,TSRYS5893514,D,S,T,2024-10-03,1000000.00,3.657989,99.69921875
08:00:04,91282CLP4,TSRYS5893514,D,S,T,2024-10-03,1000000.00,3.657989,99.69921875
08:00:04,91282CLP4,TSRYS5893514,D,S,T,2024-10-03,1000000.00,3.657989,99.69921875
08:00:04,91282CLP4,TSRYS5893514,D,S,T,2024-10-03,1000000.00,3.65696,99.701171875
08:00:04,91282CLP4,TSRYS5893514,D,S,D,2024-10-03,2000000.00,3.653873,99.70703125
08:00:04,91282CLP4,TSRYS5893514,D,S,T,2024-10-03,2000000.00,3.653873,99.70703125
08:00:04,91282CLP4,TSRYS5893514,D,S,T,2024-10-03,2000000.00,3.652844,99.708984375
08:00:04,91282CLP4,TSRYS5893514,D,S,T,2024-10-03,2000000.00,3.652844,99.708984375
08:00:04,91282CLP4,TSRYS5893514,D,S,T,2024-10-03,1000000.00,3.652844,99.708984375
08:00:04,91282CLP4,TSRYS5893514,D,S,T,2024-10-03,2000000.00,3.652844,99.708984375
08:00:04,91282CLP4,TSRYS5893514,D,S,T,2024-10-03,2000000.00,3.652844,99.708984375
08:00:04,91282CLP4,TSRYS5893514,D,S,T,2024-10-03,2000000.00,3.652844,99.708984375
08:00:04,91282CLP4,TSRYS5893514,D,S,D,2024-10-03,2000000.00,3.657989,99.69921875
08:00:04,91282CLP4,TSRYS5893514,D,S,T,2024-10-03,1000000.00,3.657989,99.69921875
08:00:04,91282CLP4,TSRYS5893514,D,S,T,2024-10-03,1000000.00,3.657989,99.69921875
08:00:04,91282CLP4,TSRYS5893514,D,S,T,2024-10-03,1000000.00,3.657989,99.69921875
08:00:04,91282CLP4,TSRYS5893514,D,S,T,2024-10-03,2000000.00,3.657989,99.69921875
08:00:04,91282CLP4,TSRYS5893514,D,S,T,2024-10-03,1000000.00,3.657989,99.69921875
08:00:04,91282CLP4,TSRYS5893514,D,S,T,2024-10-03,1000000.00,3.657989,99.69921875
08:00:04,91282CLP4,TSRYS5893514,D,S,T,2024-10-03,1000000.00,3.657989,99.69921875
08:00:04,91282CLP4,TSRYS5893514,D,S,T,2024-10-03,1000000.00,3.657989,99.69921875
08:00:04,91282CLP4,TSRYS5893514,D,S,T,2024-10-03,1000000.00,3.657989,99.69921875
08:00:04,91282CLP4,TSRYS5893514,D,S,T,2024-10-03,2000000.00,3.657989,99.69921875
08:00:04,91282CLP4,TSRYS5893514,D,S,T,2024-10-03,1000000.00,3.657989,99.69921875
08:00:05,91282CLP4,TSRYS5893514,D,S,T,2024-10-03,1000000.00,3.641528,99.73046875
08:00:07,91282CLP4,TSRYS5893514,D,S,A,2024-10-03,1400000.00,3.641528,99.73046875
08:00:08,91282CLP4,TSRYS5893514,D,S,A,2024-10-03,1000000.00,3.639471,99.734375
08:00:10,91282CLP4,TSRYS5893514,D,S,T,2024-10-03,1000000.00,3.646672,99.720703125
08:00:10,91282CLP4,TSRYS5893514,D,S,T,2024-10-03,1000000.00,3.646672,99.720703125
08:00:10,91282CLP4,TSRYS5893514,D,S,T,2024-10-03,1000000.00,3.646672,99.720703125
08:00:10,91282CLP4,TSRYS5893514,D,S,T,2024-10-03,1000000.00,3.6477,99.71875
08:00:10,91282CLP4,TSRYS5893514,D,S,T,2024-10-03,1000000.00,3.6477,99.71875
08:00:10,91282CLP4,TSRYS5893514,D,S,T,2024-10-03,2000000.00,3.646672,99.720703125
08:00:10,91282CLP4,TSRYS5893514,D,S,T,2024-10-03,1000000.00,3.6477,99.71875
08:00:10,91282CLP4,TSRYS5893514,D,S,T,2024-10-03,1000000.00,3.642557,99.728515625
08:00:10,91282CLP4,TSRYS5893514,D,S,T,2024-10-03,2000000.00,3.648729,99.716796875
08:00:10,91282CLP4,TSRYS5893514,D,S,T,2024-10-03,1000000.00,3.648729,99.716796875
08:00:10,91282CLP4,TSRYS5893514,D,S,T,2024-10-03,1000000.00,3.648729,99.716796875
08:00:10,91282CLP4,TSRYS5893514,D,S,T,2024-10-03,1000000.00,3.646672,99.720703125
08:00:10,91282CLP4,TSRYS5893514,D,S,D,2024-10-03,1000000.00,3.644614,99.724609375
08:00:10,91282CLP4,TSRYS5893514,D,S,D,2024-10-03,1000000.00,3.644614,99.724609375
08:00:10,91282CLP4,TSRYS5893514,D,S,D,2024-10-03,1000000.00,3.644614,99.724609375
08:00:10,91282CLP4,TSRYS5893514,D,S,D,2024-10-03,1000000.00,3.644614,99.724609375
08:00:10,91282CLP4,TSRYS5893514,D,S,D,2024-10-03,1000000.00,3.644614,99.724609375
08:00:10,91282CLP4,TSRYS5893514,D,S,T,2024-10-03,1000000.00,3.644614,99.724609375
08:00:10,91282CLP4,TSRYS5893514,D,S,T,2024-10-03,1000000.00,3.644614,99.724609375
08:00:10,91282CLP4,TSRYS5893514,D,S,T,2024-10-03,1000000.00,3.644614,99.724609375
08:00:10,91282CLP4,TSRYS5893514,D,S,T,2024-10-03,1000000.00,3.644614,99.724609375
08:00:10,91282CLP4,TSRYS5893514,D,S,D,2024-10-03,1000000.00,3.641528,99.73046875
08:00:10,91282CLP4,TSRYS5893514,D,S,D,2024-10-03,1000000.00,3.641528,99.73046875
08:00:10,91282CLP4,TSRYS5893514,D,S,T,2024-10-03,1000000.00,3.639471,99.734375
08:00:10,91282CLP4,TSRYS5893514,D,S,T,2024-10-03,1000000.00,3.639471,99.734375
08:00:10,91282CLP4,TSRYS5893514,D,S,T,2024-10-03,1000000.00,3.639471,99.734375
08:00:10,91282CLP4,TSRYS5893514,D,S,T,2024-10-03,1000000.00,3.639471,99.734375
08:00:10,91282CLP4,TSRYS5893514,D,S,T,2024-10-03,1000000.00,3.639471,99.734375
08:00:10,91282CLP4,TSRYS5893514,D,S,T,2024-10-03,1000000.00,3.639471,99.734375
08:00:10,91282CLP4,TSRYS5893514,D,S,T,2024-10-03,1000000.00,3.639471,99.734375
08:00:10,91282CLP4,TSRYS5893514,D,S,T,2024-10-03,2000000.00,3.639471,99.734375
08:00:10,91282CLP4,TSRYS5893514,D,S,T,2024-10-03,5000000.00,3.641528,99.73046875
08:00:10,91282CLP4,TSRYS5893514,D,S,T,2024-10-03,2000000.00,3.639471,99.734375
08:00:10,91282CLP4,TSRYS5893514,D,S,T,2024-10-03,1000000.00,3.6405,99.732421875
08:00:10,91282CLP4,TSRYS5893514,D,S,T,2024-10-03,1000000.00,3.6405,99.732421875
08:00:10,91282CLP4,TSRYS5893514,D,S,T,2024-10-03,1000000.00,3.643586,99.7265625
08:00:10,91282CLP4,TSRYS5893514,D,S,T,2024-10-03,1000000.00,3.643586,99.7265625
08:00:10,91282CLP4,TSRYS5893514,D,S,T,2024-10-03,1000000.00,3.643586,99.7265625
08:00:10,91282CLP4,TSRYS5893514,D,S,T,2024-10-03,1000000.00,3.644614,99.724609375
08:00:10,91282CLP4,TSRYS5893514,D,S,T,2024-10-03,1000000.00,3.644614,99.724609375
08:00:10,91282CLP4,TSRYS5893514,D,S,T,2024-10-03,1000000.00,3.6477,99.71875
08:00:10,91282CLP4,TSRYS5893514,D,S,T,2024-10-03,1000000.00,3.6477,99.71875
08:00:10,91282CLP4,TSRYS5893514,D,S,T,2024-10-03,1000000.00,3.6477,99.71875
08:00:10,91282CLP4,TSRYS5893514,D,S,T,2024-10-03,1000000.00,3.649758,99.71484375
08:00:10,91282CLP4,TSRYS5893514,D,S,T,2024-10-03,2000000.00,3.650787,99.712890625
08:00:10,91282CLP4,TSRYS5893514,D,S,T,2024-10-03,2000000.00,3.651815,99.7109375
08:00:10,91282CLP4,TSRYS5893514,D,S,T,2024-10-03,1000000.00,3.651815,99.7109375
08:00:10,91282CLP4,TSRYS5893514,D,S,T,2024-10-03,1000000.00,3.648729,99.716796875
08:00:10,91282CLP4,TSRYS5893514,D,S,T,2024-10-03,1000000.00,3.648729,99.716796875
08:00:10,91282CLP4,TSRYS5893514,D,S,T,2024-10-03,1000000.00,3.653873,99.70703125
08:00:10,91282CLP4,TSRYS5893514,D,S,T,2024-10-03,1000000.00,3.653873,99.70703125
08:00:10,91282CLP4,TSRYS5893514,D,S,D,2024-10-03,1000000.00,3.653873,99.70703125
08:00:10,91282CLP4,TSRYS5893514,D,S,D,2024-10-03,1000000.00,3.653873,99.70703125
08:00:10,91282CLP4,TSRYS5893514,D,S,D,2024-10-03,1000000.00,3.653873,99.70703125
08:00:10,91282CLP4,TSRYS5893514,D,S,T,2024-10-03,1000000.00,3.6477,99.71875
08:00:10,91282CLP4,TSRYS5893514,D,S,T,2024-10-03,2000000.00,3.6477,99.71875
08:00:10,91282CLP4,TSRYS5893514,D,S,D,2024-10-03,1000000.00,3.6477,99.71875
08:00:10,91282CLP4,TSRYS5893514,D,S,D,2024-10-03,1000000.00,3.6477,99.71875
08:00:11,91282CLP4,TSRYS5893514,D,S,T,2024-10-03,1000000.00,3.646672,99.720703125
08:00:11,91282CLP4,TSRYS5893514,D,S,T,2024-10-03,1000000.00,3.6477,99.71875
08:00:11,91282CLP4,TSRYS5893514,D,S,T,2024-10-03,1000000.00,3.6477,99.71875
08:00:11,91282CLP4,TSRYS5893514,D,S,T,2024-10-03,1000000.00,3.653873,99.70703125
08:00:11,91282CLP4,TSRYS5893514,D,S,T,2024-10-03,1000000.00,3.653873,99.70703125
08:00:11,91282CLP4,TSRYS5893514,D,S,T,2024-10-03,1000000.00,3.651815,99.7109375
08:00:11,91282CLP4,TSRYS5893514,D,S,T,2024-10-03,1000000.00,3.652844,99.708984375
08:00:11,91282CLP4,TSRYS5893514,D,S,T,2024-10-03,2000000.00,3.657989,99.69921875
08:00:11,91282CLP4,TSRYS5893514,D,S,T,2024-10-03,3000000.00,3.657989,99.69921875
08:00:11,91282CLP4,TSRYS5893514,D,S,T,2024-10-03,1000000.00,3.660047,99.6953125
08:00:11,91282CLP4,TSRYS5893514,D,S,T,2024-10-03,1000000.00,3.660047,99.6953125
08:00:11,91282CLP4,TSRYS5893514,D,S,D,2024-10-03,1000000.00,3.665192,99.685546875
08:00:11,91282CLP4,TSRYS5893514,D,S,D,2024-10-03,1000000.00,3.665192,99.685546875
08:00:11,91282CLP4,TSRYS5893514,D,S,D,2024-10-03,1000000.00,3.665192,99.685546875
08:00:11,91282CLP4,TSRYS5893514,D,S,T,2024-10-03,1000000.00,3.665192,99.685546875
08:00:11,91282CLP4,TSRYS5893514,D,S,T,2024-10-03,1000000.00,3.665192,99.685546875
08:00:11,91282CLP4,TSRYS5893514,D,S,T,2024-10-03,5000000.00,3.662105,99.69140625
08:00:11,91282CLP4,TSRYS5893514,D,S,T,2024-10-03,2000000.00,3.662105,99.69140625
08:00:11,91282CLP4,TSRYS5893514,D,S,T,2024-10-03,4000000.00,3.662105,99.69140625
08:00:11,91282CLP4,TSRYS5893514,D,S,T,2024-10-03,6000000.00,3.662105,99.69140625
08:00:11,91282CLP4,TSRYS5893514,D,S,T,2024-10-03,2000000.00,3.662105,99.69140625
08:00:11,91282CLP4,TSRYS5893514,D,S,D,2024-10-03,1000000.00,3.663134,99.689453125
08:00:11,91282CLP4,TSRYS5893514,D,S,D,2024-10-03,1000000.00,3.652844,99.708984375
08:00:11,91282CLP4,TSRYS5893514,D,S,D,2024-10-03,1000000.00,3.652844,99.708984375
08:00:11,91282CLP4,TSRYS5893514,D,S,T,2024-10-03,1000000.00,3.652844,99.708984375
08:00:11,91282CLP4,TSRYS5893514,D,S,T,2024-10-03,1000000.00,3.652844,99.708984375
08:00:11,91282CLP4,TSRYS5893514,D,S,T,2024-10-03,3000000.00,3.657989,99.69921875
08:00:11,91282CLP4,TSRYS5893514,D,S,D,2024-10-03,4000000.00,3.657989,99.69921875
08:00:11,91282CLP4,TSRYS5893514,D,S,D,2024-10-03,4000000.00,3.657989,99.69921875
08:00:11,91282CLP4,TSRYS5893514,D,S,D,2024-10-03,6000000.00,3.657989,99.69921875
08:00:11,91282CLP4,TSRYS5893514,D,S,T,2024-10-03,1000000.00,3.657989,99.69921875
08:00:11,91282CLP4,TSRYS5893514,D,S,D,2024-10-03,4000000.00,3.657989,99.69921875
08:00:11,91282CLP4,TSRYS5893514,D,S,T,2024-10-03,1000000.00,3.657989,99.69921875
08:00:12,91282CLP4,TSRYS5893514,D,S,D,2024-10-03,6000000.00,3.657989,99.69921875
08:00:12,91282CLP4,TSRYS5893514,D,S,T,2024-10-03,1000000.00,3.657989,99.69921875
08:00:12,91282CLP4,TSRYS5893514,D,S,T,2024-10-03,1000000.00,3.653873,99.70703125
08:00:13,91282CLP4,TSRYS5893514,D,S,T,2024-10-03,10000000.00,3.657989,99.69921875
08:00:14,91282CLP4,TSRYS5893514,D,S,T,2024-10-03,3000000.00,3.657989,99.69921875
08:00:15,91282CLP4,TSRYS5893514,D,S,T,2024-10-03,1000000.00,3.657989,99.69921875
08:00:15,91282CLP4,TSRYS5893514,D,S,T,2024-10-03,1000000.00,3.642557,99.728515625
08:00:15,91282CLP4,TSRYS5893514,D,S,T,2024-10-03,1000000.00,3.6477,99.71875
08:00:15,91282CLP4,TSRYS5893514,D,S,T,2024-10-03,1000000.00,3.6477,99.71875
08:00:15,91282CLP4,TSRYS5893514,D,S,D,2024-10-03,1000000.00,3.6477,99.71875
08:00:15,91282CLP4,TSRYS5893514,D,S,D,2024-10-03,1000000.00,3.641528,99.73046875
08:00:15,91282CLP4,TSRYS5893514,D,S,T,2024-10-03,1000000.00,3.6405,99.732421875
08:00:15,91282CLP4,TSRYS5893514,D,S,T,2024-10-03,1000000.00,3.639471,99.734375
08:00:15,91282CLP4,TSRYS5893514,D,B,A,2024-10-03,970000.00,3.639471,99.734375
08:00:15,91282CLP4,TSRYS5893514,D,B,A,2024-10-03,36000000.00,3.639471,99.734375
08:00:15,91282CLP4,TSRYS5893514,D,S,D,2024-10-03,1000000.00,3.6477,99.71875
08:00:15,91282CLP4,TSRYS5893514,D,S,T,2024-10-03,1000000.00,3.6405,99.732421875
08:00:15,91282CLP4,TSRYS5893514,D,S,T,2024-10-03,1000000.00,3.639471,99.734375
08:00:15,91282CLP4,TSRYS5893514,D,S,T,2024-10-03,1000000.00,3.641528,99.73046875
08:00:15,91282CLP4,TSRYS5893514,D,S,C,2024-10-03,1400000.00,3.641528,99.73046875
08:00:15,91282CLP4,TSRYS5893514,D,B,A,2024-10-03,2090000.00,3.645643,99.72265625
08:00:15,91282CLP4,TSRYS5893514,D,S,T,2024-10-03,1000000.00,3.650787,99.712890625
08:00:15,91282CLP4,TSRYS5893514,D,S,C,2024-10-03,10000000.00,3.649758,99.71484375
08:00:15,91282CLP4,TSRYS5893514,D,S,D,2024-10-03,1000000.00,3.643586,99.7265625
08:00:15,91282CLP4,TSRYS5893514,D,S,A,2024-10-03,800000.00,3.6477,99.71875
08:00:15,91282CLP4,TSRYS5893514,D,S,D,2024-10-03,1000000.00,3.651815,99.7109375
08:00:15,91282CLP4,TSRYS5893514,D,B,C,2024-10-03,10000000.00,3.6477,99.71875
08:00:15,91282CLP4,TSRYS5893514,D,B,A,2024-10-03,140000.00,3.644034,99.7265625
08:00:15,91282CLP4,TSRYS5893514,D,S,T,2024-10-03,1000000.00,3.649758,99.71484375
08:00:15,91282CLP4,TSRYS5893514,D,S,T,2024-10-03,1000000.00,3.6477,99.71875
08:00:15,91282CLP4,TSRYS5893514,D,B,A,2024-10-03,6000000.00,3.651815,99.7109375
08:00:16,91282CLP4,TSRYS5893514,D,B,A,2024-10-03,12000000.00,3.657989,99.69921875
08:00:16,91282CLP4,TSRYS5893514,D,B,A,2024-10-03,5000000.00,3.662105,99.69140625
08:00:16,91282CLP4,TSRYS5893514,D,B,A,2024-10-03,1000000.00,3.662105,99.69140625
08:00:16,91282CLP4,TSRYS5893514,D,B,A,2024-10-03,3000000.00,3.662105,99.69140625
08:00:16,91282CLP4,TSRYS5893514,D,B,A,2024-10-03,5000000.00,3.662105,99.69140625
08:00:16,91282CLP4,TSRYS5893514,D,S,T,2024-10-03,5000000.00,3.662105,99.69140625
08:00:16,91282CLP4,TSRYS5893514,D,S,T,2024-10-03,1000000.00,3.662105,99.69140625
08:00:16,91282CLP4,TSRYS5893514,D,B,A,2024-10-03,1000000.00,3.662105,99.69140625
08:00:16,91282CLP4,TSRYS5893514,D,B,A,2024-10-03,5000000.00,3.662105,99.69140625
08:00:16,91282CLP4,TSRYS5893514,D,B,A,2024-10-03,1000000.00,3.662105,99.69140625
08:00:16,91282CLP4,TSRYS5893514,D,S,T,2024-10-03,3000000.00,3.662105,99.69140625
08:00:16,91282CLP4,TSRYS5893514,D,S,T,2024-10-03,1000000.00,3.662105,99.69140625
08:00:16,91282CLP4,TSRYS5893514,D,S,T,2024-10-03,1000000.00,3.662105,99.69140625
08:00:16,91282CLP4,TSRYS5893514,D,B,A,2024-10-03,1000000.00,3.662105,99.69140625
08:00:16,91282CLP4,TSRYS5893514,D,S,T,2024-10-03,5000000.00,3.662105,99.69140625
08:00:16,91282CLP4,TSRYS5893514,D,B,A,2024-10-03,2000000.00,3.662105,99.69140625
08:00:16,91282CLP4,TSRYS5893514,D,S,T,2024-10-03,1000000.00,3.662105,99.69140625
08:00:16,91282CLP4,TSRYS5893514,D,S,T,2024-10-03,2000000.00,3.662105,99.69140625
08:00:16,91282CLP4,TSRYS5893514,D,S,T,2024-10-03,1000000.00,3.662105,99.69140625
08:00:16,91282CLP4,TSRYS5893514,D,B,A,2024-10-03,1000000.00,3.662105,99.69140625
08:00:16,91282CLP4,TSRYS5893514,D,S,T,2024-10-03,5000000.00,3.662105,99.69140625
08:00:16,91282CLP4,TSRYS5893514,D,B,A,2024-10-03,4000000.00,3.662105,99.69140625
08:00:16,91282CLP4,TSRYS5893514,D,B,A,2024-10-03,1000000.00,3.662105,99.69140625
08:00:16,91282CLP4,TSRYS5893514,D,S,T,2024-10-03,1000000.00,3.662105,99.69140625
08:00:16,91282CLP4,TSRYS5893514,D,B,A,2024-10-03,1000000.00,3.662105,99.69140625
08:00:16,91282CLP4,TSRYS5893514,D,S,T,2024-10-03,1000000.00,3.662105,99.69140625
08:00:16,91282CLP4,TSRYS5893514,D,B,A,2024-10-03,800000.00,3.664163,99.6875
08:00:16,91282CLP4,TSRYS5893514,D,S,C,2024-10-03,75000000.00,3.639903,99.734375
08:00:16,91282CLP4,TSRYS5893514,D,S,D,2024-10-03,2000000.00,3.657989,99.69921875
08:00:16,91282CLP4,TSRYS5893514,D,S,A,2024-10-03,1000000.00,3.657989,99.69921875
08:00:16,91282CLP4,TSRYS5893514,D,S,A,2024-10-03,1000000.00,3.657989,99.69921875
08:00:16,91282CLP4,TSRYS5893514,D,S,A,2024-10-03,2000000.00,3.657989,99.69921875
08:00:16,91282CLP4,TSRYS5893514,D,S,A,2024-10-03,2000000.00,3.657989,99.69921875
08:00:16,91282CLP4,TSRYS5893514,D,S,A,2024-10-03,4000000.00,3.657989,99.69921875
08:00:16,91282CLP4,TSRYS5893514,D,S,A,2024-10-03,1000000.00,3.657989,99.69921875
08:00:16,91282CLP4,TSRYS5893514,D,S,D,2024-10-03,2000000.00,3.657,99.7010959518
08:00:16,91282CLP4,TSRYS5893514,D,S,A,2024-10-03,2000000.00,3.657989,99.69921875
08:00:16,91282CLP4,TSRYS5893514,D,S,A,2024-10-03,2000000.00,3.657989,99.69921875
08:00:16,91282CLP4,TSRYS5893514,D,S,A,2024-10-03,1000000.00,3.657989,99.69921875
08:00:16,91282CLP4,TSRYS5893514,D,S,C,2024-10-03,7744000.00,3.655931,99.703125
08:00:16,91282CLP4,TSRYS5893514,D,S,D,2024-10-03,2000000.00,3.6545,99.7058411534
08:00:16,91282CLP4,TSRYS5893514,D,S,D,2024-10-03,2000000.00,3.655931,99.703125
08:00:16,91282CLP4,TSRYS5893514,D,S,D,2024-10-03,1000000.00,3.655931,99.703125
08:00:16,91282CLP4,TSRYS5893514,D,S,D,2024-10-03,1000000.00,3.6555,99.7039430728
08:00:16,91282CLP4,TSRYS5893514,D,S,D,2024-10-03,5000000.00,3.655931,99.703125
08:00:16,91282CLP4,TSRYS5893514,D,S,D,2024-10-03,2000000.00,3.6545,99.7058411534
08:00:16,91282CLP4,TSRYS5893514,D,S,D,2024-10-03,1000000.00,3.655931,99.703125
08:00:16,91282CLP4,TSRYS5893514,D,S,D,2024-10-03,2000000.00,3.655931,99.703125
08:00:16,91282CLP4,TSRYS5893514,D,S,D,2024-10-03,1000000.00,3.655931,99.703125
08:00:16,91282CLP4,TSRYS5893514,D,B,C,2024-10-03,53000000.00,3.653873,99.70703125
08:00:16,91282CLP4,TSRYS5893514,D,S,T,2024-10-03,1000000.00,3.651815,99.7109375
08:00:16,91282CLP4,TSRYS5893514,D,S,D,2024-10-03,3000000.00,3.655931,99.703125
08:00:16,91282CLP4,TSRYS5893514,D,S,D,2024-10-03,2000000.00,3.655931,99.703125
08:00:16,91282CLP4,TSRYS5893514,D,S,D,2024-10-03,1000000.00,3.655931,99.703125
08:00:16,91282CLP4,TSRYS5893514,D,S,D,2024-10-03,2000000.00,3.655931,99.703125
08:00:16,91282CLP4,TSRYS5893514,D,S,D,2024-10-03,2000000.00,3.655931,99.703125
08:00:16,91282CLP4,TSRYS5893514,D,S,D,2024-10-03,2000000.00,3.655931,99.703125
08:00:17,91282CLP4,TSRYS5893514,D,B,A,2024-10-03,1610000.00,3.645643,99.72265625
08:00:17,91282CLP4,TSRYS5893514,D,S,A,2024-10-03,827000.00,3.639471,99.734375
08:00:18,91282CLP4,TSRYS5893514,D,S,T,2024-10-03,4000000.00,3.657989,99.69921875
08:00:18,91282CLP4,TSRYS5893514,D,S,D,2024-10-03,1000000.00,3.641528,99.73046875
08:00:18,91282CLP4,TSRYS5893514,D,S,D,2024-10-03,1000000.00,3.638443,99.736328125
08:00:18,91282CLP4,TSRYS5893514,D,S,D,2024-10-03,1000000.00,3.638443,99.736328125
08:00:18,91282CLP4,TSRYS5893514,D,B,C,2024-10-03,1000000.00,3.638443,99.736328125
08:00:18,91282CLP4,TSRYS5893514,D,B,C,2024-10-03,1000000.00,3.638443,99.736328125
08:00:18,91282CLP4,TSRYS5893514,D,S,D,2024-10-03,1000000.00,3.638443,99.736328125
08:00:18,91282CLP4,TSRYS5893514,D,B,C,2024-10-03,1000000.00,3.638443,99.736328125
08:00:18,91282CLP4,TSRYS5893514,D,S,D,2024-10-03,1000000.00,3.638443,99.736328125
08:00:18,91282CLP4,TSRYS5893514,D,B,C,2024-10-03,1000000.00,3.638443,99.736328125
08:00:18,91282CLP4,TSRYS5893514,D,S,D,2024-10-03,1000000.00,3.638443,99.736328125
08:00:18,91282CLP4,TSRYS5893514,D,B,C,2024-10-03,1000000.00,3.638443,99.736328125
08:00:18,91282CLP4,TSRYS5893514,D,S,D,2024-10-03,1000000.00,3.638443,99.736328125
08:00:18,91282CLP4,TSRYS5893514,D,B,C,2024-10-03,1000000.00,3.638443,99.736328125
08:00:18,91282CLP4,TSRYS5893514,D,S,D,2024-10-03,1000000.00,3.638443,99.736328125
08:00:19,91282CLP4,TSRYS5893514,D,B,C,2024-10-03,1000000.00,3.638443,99.736328125
08:00:19,91282CLP4,TSRYS5893514,D,S,D,2024-10-03,1000000.00,3.638443,99.736328125
08:00:19,91282CLP4,TSRYS5893514,D,B,C,2024-10-03,1000000.00,3.638443,99.736328125
08:00:19,91282CLP4,TSRYS5893514,D,S,D,2024-10-03,1000000.00,3.638443,99.736328125
08:00:19,91282CLP4,TSRYS5893514,D,B,C,2024-10-03,1000000.00,3.638443,99.736328125
08:00:19,91282CLP4,TSRYS5893514,D,S,D,2024-10-03,1000000.00,3.638443,99.736328125
08:00:19,91282CLP4,TSRYS5893514,D,B,C,2024-10-03,1000000.00,3.638443,99.736328125
08:00:19,91282CLP4,TSRYS5893514,D,S,D,2024-10-03,1000000.00,3.638443,99.736328125
08:00:19,91282CLP4,TSRYS5893514,D,B,C,2024-10-03,1000000.00,3.638443,99.736328125
08:00:19,91282CLP4,TSRYS5893514,D,S,D,2024-10-03,1000000.00,3.638443,99.736328125
08:00:19,91282CLP4,TSRYS5893514,D,B,C,2024-10-03,1000000.00,3.638443,99.736328125
08:00:19,91282CLP4,TSRYS5893514,D,S,D,2024-10-03,1000000.00,3.638443,99.736328125
08:00:19,91282CLP4,TSRYS5893514,D,B,C,2024-10-03,1000000.00,3.638443,99.736328125
08:00:19,91282CLP4,TSRYS5893514,D,S,D,2024-10-03,1000000.00,3.638443,99.736328125
08:00:19,91282CLP4,TSRYS5893514,D,B,C,2024-10-03,1000000.00,3.638443,99.736328125
08:00:19,91282CLP4,TSRYS5893514,D,B,C,2024-10-03,1000000.00,3.638443,99.736328125
08:00:19,91282CLP4,TSRYS5893514,D,S,D,2024-10-03,1000000.00,3.638443,99.736328125
08:00:19,91282CLP4,TSRYS5893514,D,S,D,2024-10-03,1000000.00,3.639471,99.734375
08:00:19,91282CLP4,TSRYS5893514,D,S,D,2024-10-03,2000000.00,3.639471,99.734375
08:00:19,91282CLP4,TSRYS5893514,D,B,C,2024-10-03,1000000.00,3.639471,99.734375
08:00:19,91282CLP4,TSRYS5893514,D,B,C,2024-10-03,1000000.00,3.639471,99.734375
08:00:19,91282CLP4,TSRYS5893514,D,S,D,2024-10-03,1000000.00,3.639471,99.734375
08:00:19,91282CLP4,TSRYS5893514,D,B,C,2024-10-03,2000000.00,3.639471,99.734375
08:00:19,91282CLP4,TSRYS5893514,D,S,T,2024-10-03,1000000.00,3.657989,99.69921875
08:00:20,91282CLP4,TSRYS5893514,D,S,D,2024-10-03,1000000.00,3.642557,99.728515625
08:00:20,91282CLP4,TSRYS5893514,D,S,D,2024-10-03,4000000.00,3.642557,99.728515625
08:00:20,91282CLP4,TSRYS5893514,D,S,D,2024-10-03,4000000.00,3.642557,99.728515625
08:00:20,91282CLP4,TSRYS5893514,D,S,D,2024-10-03,1000000.00,3.643586,99.7265625
08:00:20,91282CLP4,TSRYS5893514,D,S,D,2024-10-03,4000000.00,3.643586,99.7265625
08:00:20,91282CLP4,TSRYS5893514,D,S,D,2024-10-03,3000000.00,3.643586,99.7265625
08:00:20,91282CLP4,TSRYS5893514,D,S,D,2024-10-03,4000000.00,3.643586,99.7265625
08:00:20,91282CLP4,TSRYS5893514,D,S,D,2024-10-03,1000000.00,3.643586,99.7265625
08:00:20,91282CLP4,TSRYS5893514,D,S,D,2024-10-03,1000000.00,3.643586,99.7265625
08:00:20,91282CLP4,TSRYS5893514,D,S,D,2024-10-03,4000000.00,3.643586,99.7265625
08:00:21,91282CLP4,TSRYS5893514,D,S,T,2024-10-03,10000000.00,3.657989,99.69921875
08:00:21,91282CLP4,TSRYS5893514,D,S,D,2024-10-03,4000000.00,3.645643,99.72265625
08:00:21,91282CLP4,TSRYS5893514,D,S,C,2024-10-03,1000000.00,3.645643,99.72265625
08:00:21,91282CLP4,TSRYS5893514,D,S,D,2024-10-03,2000000.00,3.645643,99.72265625
08:00:21,91282CLP4,TSRYS5893514,D,S,D,2024-10-03,2000000.00,3.645643,99.72265625
08:00:21,91282CLP4,TSRYS5893514,D,S,D,2024-10-03,4000000.00,3.645643,99.72265625
08:00:21,91282CLP4,TSRYS5893514,D,S,D,2024-10-03,1000000.00,3.645643,99.72265625
08:00:21,91282CLP4,TSRYS5893514,D,S,D,2024-10-03,1000000.00,3.6477,99.71875
08:00:21,91282CLP4,TSRYS5893514,D,S,D,2024-10-03,3000000.00,3.6477,99.71875
08:00:21,91282CLP4,TSRYS5893514,D,S,D,2024-10-03,1000000.00,3.6477,99.71875
08:00:22,91282CLP4,TSRYS5893514,D,S,A,2024-10-03,200000.00,3.641528,99.73046875
08:00:22,91282CLP4,TSRYS5893514,D,S,A,2024-10-03,200000.00,3.641528,99.73046875
08:00:22,91282CLP4,TSRYS5893514,D,S,T,2024-10-03,2000000.00,3.657989,99.69921875
08:00:22,91282CLP4,TSRYS5893514,D,S,T,2024-10-03,5000000.00,3.657989,99.69921875
08:00:24,91282CLP4,TSRYS5893514,D,S,D,2024-10-03,1000000.00,3.651815,99.7109375
08:00:25,91282CLP4,TSRYS5893514,D,S,D,2024-10-03,1000000.00,3.653873,99.70703125
08:00:26,91282CLP4,TSRYS5893514,D,S,D,2024-10-03,3000000.00,3.6477,99.71875
08:00:26,91282CLP4,TSRYS5893514,D,S,D,2024-10-03,1000000.00,3.6477,99.71875
08:00:26,91282CLP4,TSRYS5893514,D,S,D,2024-10-03,1000000.00,3.6477,99.71875
08:00:26,91282CLP4,TSRYS5893514,D,S,D,2024-10-03,10000000.00,3.6477,99.71875
08:00:26,91282CLP4,TSRYS5893514,D,S,D,2024-10-03,1000000.00,3.6477,99.71875
08:00:27,91282CLP4,TSRYS5893514,D,S,D,2024-10-03,3000000.00,3.655931,99.703125
08:00:29,91282CLP4,TSRYS5893514,D,S,A,2024-10-03,540000.00,3.649758,99.71484375
08:00:29,91282CLP4,TSRYS5893514,D,S,D,2024-10-03,1000000.00,3.651815,99.7109375
08:00:29,91282CLP4,TSRYS5893514,D,S,D,2024-10-03,2000000.00,3.650787,99.712890625
08:00:29,91282CLP4,TSRYS5893514,D,S,D,2024-10-03,1000000.00,3.649758,99.71484375
08:00:30,91282CLP4,TSRYS5893514,D,S,T,2024-10-03,1000000.00,3.646672,99.720703125
08:00:30,91282CLP4,TSRYS5893514,D,S,D,2024-10-03,2000000.00,3.646672,99.720703125
08:00:30,91282CLP4,TSRYS5893514,D,S,T,2024-10-03,1000000.00,3.646672,99.720703125
08:00:30,91282CLP4,TSRYS5893514,D,S,T,2024-10-03,1000000.00,3.646672,99.720703125
08:00:30,91282CLP4,TSRYS5893514,D,S,T,2024-10-03,1000000.00,3.646672,99.720703125
08:00:30,91282CLP4,TSRYS5893514,D,S,T,2024-10-03,1000000.00,3.648729,99.716796875
08:00:30,91282CLP4,TSRYS5893514,D,S,T,2024-10-03,1000000.00,3.648729,99.716796875
08:00:30,91282CLP4,TSRYS5893514,D,S,T,2024-10-03,1000000.00,3.646672,99.720703125
08:00:30,91282CLP4,TSRYS5893514,D,S,T,2024-10-03,1000000.00,3.649758,99.71484375
08:00:30,91282CLP4,TSRYS5893514,D,S,T,2024-10-03,1000000.00,3.649758,99.71484375
08:00:30,91282CLP4,TSRYS5893514,D,S,T,2024-10-03,1000000.00,3.649758,99.71484375
08:00:30,91282CLP4,TSRYS5893514,D,S,T,2024-10-03,1000000.00,3.6477,99.71875
08:00:30,91282CLP4,TSRYS5893514,D,S,T,2024-10-03,1000000.00,3.6477,99.71875
08:00:30,91282CLP4,TSRYS5893514,D,S,T,2024-10-03,1000000.00,3.6477,99.71875
08:00:30,91282CLP4,TSRYS5893514,D,S,T,2024-10-03,1000000.00,3.645643,99.72265625
08:00:30,91282CLP4,TSRYS5893514,D,S,T,2024-10-03,1000000.00,3.649758,99.71484375
08:00:30,91282CLP4,TSRYS5893514,D,S,T,2024-10-03,1000000.00,3.6477,99.71875
08:00:30,91282CLP4,TSRYS5893514,D,S,T,2024-10-03,1000000.00,3.6477,99.71875
08:00:30,91282CLP4,TSRYS5893514,D,S,T,2024-10-03,1000000.00,3.646672,99.720703125
08:00:30,91282CLP4,TSRYS5893514,D,S,T,2024-10-03,1000000.00,3.646672,99.720703125
08:00:30,91282CLP4,TSRYS5893514,D,S,T,2024-10-03,1000000.00,3.646672,99.720703125
08:00:30,91282CLP4,TSRYS5893514,D,S,T,2024-10-03,1000000.00,3.650787,99.712890625
08:00:30,91282CLP4,TSRYS5893514,D,S,T,2024-10-03,2000000.00,3.6477,99.71875
08:00:30,91282CLP4,TSRYS5893514,D,S,T,2024-10-03,1000000.00,3.6477,99.71875
08:00:30,91282CLP4,TSRYS5893514,D,S,T,2024-10-03,1000000.00,3.6477,99.71875
08:00:30,91282CLP4,TSRYS5893514,D,S,T,2024-10-03,1000000.00,3.6477,99.71875
08:00:30,91282CLP4,TSRYS5893514,D,S,T,2024-10-03,1000000.00,3.6477,99.71875
08:00:30,91282CLP4,TSRYS5893514,D,S,T,2024-10-03,1000000.00,3.6477,99.71875
08:00:30,91282CLP4,TSRYS5893514,D,S,T,2024-10-03,2000000.00,3.646672,99.720703125
08:00:30,91282CLP4,TSRYS5893514,D,S,T,2024-10-03,1000000.00,3.645643,99.72265625
08:00:30,91282CLP4,TSRYS5893514,D,S,T,2024-10-03,1000000.00,3.645643,99.72265625
08:00:30,91282CLP4,TSRYS5893514,D,S,T,2024-10-03,1000000.00,3.641528,99.73046875
08:00:30,91282CLP4,TSRYS5893514,D,S,T,2024-10-03,1000000.00,3.641528,99.73046875
08:00:30,91282CLP4,TSRYS5893514,D,S,T,2024-10-03,1000000.00,3.641528,99.73046875
08:00:30,91282CLP4,TSRYS5893514,D,S,T,2024-10-03,1000000.00,3.641528,99.73046875
08:00:30,91282CLP4,TSRYS5893514,D,S,T,2024-10-03,1000000.00,3.642557,99.728515625
08:00:30,91282CLP4,TSRYS5893514,D,S,T,2024-10-03,1000000.00,3.643586,99.7265625
08:00:30,91282CLP4,TSRYS5893514,D,S,T,2024-10-03,1000000.00,3.643586,99.7265625
08:00:30,91282CLP4,TSRYS5893514,D,S,T,2024-10-03,1000000.00,3.643586,99.7265625
08:00:30,91282CLP4,TSRYS5893514,D,S,T,2024-10-03,1000000.00,3.643586,99.7265625
08:00:30,91282CLP4,TSRYS5893514,D,S,T,2024-10-03,1000000.00,3.643586,99.7265625
08:00:30,91282CLP4,TSRYS5893514,D,S,T,2024-10-03,1000000.00,3.643586,99.7265625
08:00:30,91282CLP4,TSRYS5893514,D,S,T,2024-10-03,1000000.00,3.643586,99.7265625
08:00:30,91282CLP4,TSRYS5893514,D,S,T,2024-10-03,1000000.00,3.643586,99.7265625
08:00:30,91282CLP4,TSRYS5893514,D,S,T,2024-10-03,1000000.00,3.643586,99.7265625
08:00:30,91282CLP4,TSRYS5893514,D,S,T,2024-10-03,1000000.00,3.643586,99.7265625
08:00:30,91282CLP4,TSRYS5893514,D,S,T,2024-10-03,2000000.00,3.644614,99.724609375
08:00:30,91282CLP4,TSRYS5893514,D,S,T,2024-10-03,1000000.00,3.642557,99.728515625
08:00:30,91282CLP4,TSRYS5893514,D,S,T,2024-10-03,1000000.00,3.642557,99.728515625
08:00:30,91282CLP4,TSRYS5893514,D,S,T,2024-10-03,1000000.00,3.641528,99.73046875
08:00:30,91282CLP4,TSRYS5893514,D,S,T,2024-10-03,1000000.00,3.641528,99.73046875
08:00:30,91282CLP4,TSRYS5893514,D,S,T,2024-10-03,2000000.00,3.6405,99.732421875
08:00:30,91282CLP4,TSRYS5893514,D,S,T,2024-10-03,2000000.00,3.639471,99.734375
08:00:30,91282CLP4,TSRYS5893514,D,S,T,2024-10-03,1000000.00,3.639471,99.734375
08:00:30,91282CLP4,TSRYS5893514,D,S,T,2024-10-03,2000000.00,3.639471,99.734375
08:00:30,91282CLP4,TSRYS5893514,D,S,T,2024-10-03,2000000.00,3.639471,99.734375
08:00:30,91282CLP4,TSRYS5893514,D,S,T,2024-10-03,1000000.00,3.639471,99.734375
08:00:30,91282CLP4,TSRYS5893514,D,S,T,2024-10-03,3000000.00,3.6405,99.732421875
08:00:30,91282CLP4,TSRYS5893514,D,S,T,2024-10-03,3000000.00,3.639471,99.734375
08:00:30,91282CLP4,TSRYS5893514,D,S,T,2024-10-03,1000000.00,3.642557,99.728515625
08:00:30,91282CLP4,TSRYS5893514,D,S,T,2024-10-03,2000000.00,3.641528,99.73046875
08:00:30,91282CLP4,TSRYS5893514,D,S,T,2024-10-03,1000000.00,3.642557,99.728515625
08:00:30,91282CLP4,TSRYS5893514,D,S,T,2024-10-03,1000000.00,3.643586,99.7265625
08:00:30,91282CLP4,TSRYS5893514,D,S,T,2024-10-03,2000000.00,3.643586,99.7265625
08:00:30,91282CLP4,TSRYS5893514,D,S,T,2024-10-03,2000000.00,3.643586,99.7265625
08:00:30,91282CLP4,TSRYS5893514,D,S,T,2024-10-03,2000000.00,3.643586,99.7265625
08:00:30,91282CLP4,TSRYS5893514,D,S,T,2024-10-03,2000000.00,3.643586,99.7265625
08:00:30,91282CLP4,TSRYS5893514,D,S,T,2024-10-03,2000000.00,3.643586,99.7265625
08:00:30,91282CLP4,TSRYS5893514,D,S,T,2024-10-03,1000000.00,3.643586,99.7265625
08:00:30,91282CLP4,TSRYS5893514,D,S,T,2024-10-03,1000000.00,3.643586,99.7265625
08:00:30,91282CLP4,TSRYS5893514,D,S,T,2024-10-03,2000000.00,3.643586,99.7265625
08:00:30,91282CLP4,TSRYS5893514,D,S,T,2024-10-03,1000000.00,3.644614,99.724609375
08:00:30,91282CLP4,TSRYS5893514,D,S,T,2024-10-03,1000000.00,3.643586,99.7265625
08:00:30,91282CLP4,TSRYS5893514,D,S,T,2024-10-03,1000000.00,3.643586,99.7265625
08:00:30,91282CLP4,TSRYS5893514,D,S,T,2024-10-03,2000000.00,3.643586,99.7265625
08:00:30,91282CLP4,TSRYS5893514,D,S,T,2024-10-03,1000000.00,3.643586,99.7265625
08:00:30,91282CLP4,TSRYS5893514,D,S,T,2024-10-03,1000000.00,3.643586,99.7265625
08:00:30,91282CLP4,TSRYS5893514,D,S,T,2024-10-03,1000000.00,3.643586,99.7265625
08:00:30,91282CLP4,TSRYS5893514,D,S,T,2024-10-03,1000000.00,3.643586,99.7265625
08:00:30,91282CLP4,TSRYS5893514,D,S,T,2024-10-03,2000000.00,3.643586,99.7265625
08:00:30,91282CLP4,TSRYS5893514,D,S,T,2024-10-03,1000000.00,3.643586,99.7265625
08:00:30,91282CLP4,TSRYS5893514,D,S,T,2024-10-03,1000000.00,3.643586,99.7265625
08:00:30,91282CLP4,TSRYS5893514,D,S,T,2024-10-03,2000000.00,3.643586,99.7265625
08:00:30,91282CLP4,TSRYS5893514,D,S,T,2024-10-03,1000000.00,3.644614,99.724609375
08:00:30,91282CLP4,TSRYS5893514,D,S,T,2024-10-03,1000000.00,3.645643,99.72265625
08:00:30,91282CLP4,TSRYS5893514,D,S,T,2024-10-03,1000000.00,3.645643,99.72265625
08:00:30,91282CLP4,TSRYS5893514,D,S,T,2024-10-03,1000000.00,3.645643,99.72265625
08:00:30,91282CLP4,TSRYS5893514,D,S,T,2024-10-03,1000000.00,3.645643,99.72265625
08:00:30,91282CLP4,TSRYS5893514,D,S,T,2024-10-03,2000000.00,3.645643,99.72265625
08:00:30,91282CLP4,TSRYS5893514,D,S,T,2024-10-03,1000000.00,3.6477,99.71875
08:00:30,91282CLP4,TSRYS5893514,D,S,T,2024-10-03,2000000.00,3.6477,99.71875
08:00:30,91282CLP4,TSRYS5893514,D,S,T,2024-10-03,2000000.00,3.648729,99.716796875
08:00:30,91282CLP4,TSRYS5893514,D,S,T,2024-10-03,2000000.00,3.6477,99.71875
08:00:30,91282CLP4,TSRYS5893514,D,S,T,2024-10-03,2000000.00,3.648729,99.716796875
08:00:30,91282CLP4,TSRYS5893514,D,S,T,2024-10-03,3000000.00,3.650787,99.712890625
08:00:30,91282CLP4,TSRYS5893514,D,S,T,2024-10-03,1000000.00,3.650787,99.712890625
08:00:30,91282CLP4,TSRYS5893514,D,S,T,2024-10-03,1000000.00,3.651815,99.7109375
08:00:30,91282CLP4,TSRYS5893514,D,S,T,2024-10-03,1000000.00,3.651815,99.7109375
08:00:30,91282CLP4,TSRYS5893514,D,S,T,2024-10-03,1000000.00,3.651815,99.7109375
08:00:30,91282CLP4,TSRYS5893514,D,S,T,2024-10-03,1000000.00,3.651815,99.7109375
08:00:30,91282CLP4,TSRYS5893514,D,S,T,2024-10-03,1000000.00,3.651815,99.7109375
08:00:30,91282CLP4,TSRYS5893514,D,S,T,2024-10-03,1000000.00,3.651815,99.7109375
08:00:30,91282CLP4,TSRYS5893514,D,S,T,2024-10-03,1000000.00,3.651815,99.7109375
08:00:30,91282CLP4,TSRYS5893514,D,S,T,2024-10-03,1000000.00,3.652844,99.708984375
08:00:30,91282CLP4,TSRYS5893514,D,S,T,2024-10-03,1000000.00,3.651815,99.7109375
08:00:30,91282CLP4,TSRYS5893514,D,S,T,2024-10-03,1000000.00,3.652844,99.708984375
08:00:30,91282CLP4,TSRYS5893514,D,S,T,2024-10-03,1000000.00,3.652844,99.708984375
08:00:30,91282CLP4,TSRYS5893514,D,S,T,2024-10-03,1000000.00,3.653873,99.70703125
08:00:30,91282CLP4,TSRYS5893514,D,S,T,2024-10-03,1000000.00,3.653873,99.70703125
08:00:30,91282CLP4,TSRYS5893514,D,S,T,2024-10-03,2000000.00,3.653873,99.70703125
08:00:30,91282CLP4,TSRYS5893514,D,S,T,2024-10-03,1000000.00,3.653873,99.70703125
08:00:30,91282CLP4,TSRYS5893514,D,S,D,2024-10-03,3000000.00,3.651815,99.7109375
08:00:30,91282CLP4,TSRYS5893514,D,S,D,2024-10-03,3000000.00,3.651815,99.7109375
08:00:30,91282CLP4,TSRYS5893514,D,S,T,2024-10-03,2000000.00,3.651815,99.7109375
08:00:30,91282CLP4,TSRYS5893514,D,S,T,2024-10-03,2000000.00,3.649758,99.71484375
08:00:30,91282CLP4,TSRYS5893514,D,S,T,2024-10-03,1000000.00,3.649758,99.71484375
08:00:30,91282CLP4,TSRYS5893514,D,S,T,2024-10-03,2000000.00,3.651815,99.7109375
08:00:30,91282CLP4,TSRYS5893514,D,S,T,2024-10-03,2000000.00,3.649758,99.71484375
08:00:30,91282CLP4,TSRYS5893514,D,S,T,2024-10-03,2000000.00,3.6477,99.71875
08:00:30,91282CLP4,TSRYS5893514,D,S,T,2024-10-03,1000000.00,3.6477,99.71875
08:00:30,91282CLP4,TSRYS5893514,D,S,T,2024-10-03,1000000.00,3.6477,99.71875
08:00:30,91282CLP4,TSRYS5893514,D,S,T,2024-10-03,1000000.00,3.649758,99.71484375
08:00:30,91282CLP4,TSRYS5893514,D,S,T,2024-10-03,1000000.00,3.654902,99.705078125
08:00:30,91282CLP4,TSRYS5893514,D,S,T,2024-10-03,2000000.00,3.655931,99.703125
08:00:30,91282CLP4,TSRYS5893514,D,S,T,2024-10-03,1000000.00,3.655931,99.703125
08:00:30,91282CLP4,TSRYS5893514,D,S,T,2024-10-03,1000000.00,3.655931,99.703125
08:00:30,91282CLP4,TSRYS5893514,D,S,T,2024-10-03,1000000.00,3.655931,99.703125
08:00:30,91282CLP4,TSRYS5893514,D,S,T,2024-10-03,1000000.00,3.655931,99.703125
08:00:30,91282CLP4,TSRYS5893514,D,S,T,2024-10-03,1000000.00,3.655931,99.703125
08:00:30,91282CLP4,TSRYS5893514,D,S,T,2024-10-03,1000000.00,3.655931,99.703125
08:00:30,91282CLP4,TSRYS5893514,D,S,T,2024-10-03,1000000.00,3.655931,99.703125
08:00:30,91282CLP4,TSRYS5893514,D,S,T,2024-10-03,1000000.00,3.653873,99.70703125
08:00:30,91282CLP4,TSRYS5893514,D,S,T,2024-10-03,2000000.00,3.653873,99.70703125
08:00:30,91282CLP4,TSRYS5893514,D,S,T,2024-10-03,1000000.00,3.653873,99.70703125
08:00:30,91282CLP4,TSRYS5893514,D,S,T,2024-10-03,2000000.00,3.653873,99.70703125
08:00:30,91282CLP4,TSRYS5893514,D,S,T,2024-10-03,2000000.00,3.653873,99.70703125
08:00:30,91282CLP4,TSRYS5893514,D,S,T,2024-10-03,2000000.00,3.653873,99.70703125
08:00:30,91282CLP4,TSRYS5893514,D,S,T,2024-10-03,1000000.00,3.653873,99.70703125
08:00:30,91282CLP4,TSRYS5893514,D,S,T,2024-10-03,1000000.00,3.653873,99.70703125
08:00:30,91282CLP4,TSRYS5893514,D,S,T,2024-10-03,1000000.00,3.654902,99.705078125
08:00:30,91282CLP4,TSRYS5893514,D,S,T,2024-10-03,1000000.00,3.654902,99.705078125
08:00:30,91282CLP4,TSRYS5893514,D,S,T,2024-10-03,1000000.00,3.653873,99.70703125
08:00:30,91282CLP4,TSRYS5893514,D,S,T,2024-10-03,1000000.00,3.653873,99.70703125
08:00:30,91282CLP4,TSRYS5893514,D,S,T,2024-10-03,1000000.00,3.653873,99.70703125
08:00:30,91282CLP4,TSRYS5893514,D,S,T,2024-10-03,1000000.00,3.651815,99.7109375
08:00:30,91282CLP4,TSRYS5893514,D,S,T,2024-10-03,1000000.00,3.651815,99.7109375
08:00:30,91282CLP4,TSRYS5893514,D,S,T,2024-10-03,2000000.00,3.650787,99.712890625
08:00:30,91282CLP4,TSRYS5893514,D,S,T,2024-10-03,1000000.00,3.649758,99.71484375
08:00:30,91282CLP4,TSRYS5893514,D,S,T,2024-10-03,8000000.00,3.650787,99.712890625
08:00:30,91282CLP4,TSRYS5893514,D,S,T,2024-10-03,3000000.00,3.650787,99.712890625
08:00:30,91282CLP4,TSRYS5893514,D,S,T,2024-10-03,1000000.00,3.650787,99.712890625
08:00:30,91282CLP4,TSRYS5893514,D,S,T,2024-10-03,3000000.00,3.650787,99.712890625
08:00:30,91282CLP4,TSRYS5893514,D,S,T,2024-10-03,3000000.00,3.6477,99.71875
08:00:30,91282CLP4,TSRYS5893514,D,S,T,2024-10-03,1000000.00,3.6477,99.71875
08:00:30,91282CLP4,TSRYS5893514,D,S,T,2024-10-03,2000000.00,3.6477,99.71875
08:00:30,91282CLP4,TSRYS5893514,D,S,T,2024-10-03,2000000.00,3.6477,99.71875
08:00:30,91282CLP4,TSRYS5893514,D,S,T,2024-10-03,1000000.00,3.6477,99.71875
08:00:30,91282CLP4,TSRYS5893514,D,S,T,2024-10-03,7000000.00,3.6477,99.71875
08:00:30,91282CLP4,TSRYS5893514,D,S,T,2024-10-03,1000000.00,3.6477,99.71875
08:00:30,91282CLP4,TSRYS5893514,D,S,T,2024-10-03,2000000.00,3.6477,99.71875
08:00:30,91282CLP4,TSRYS5893514,D,S,T,2024-10-03,2000000.00,3.6477,99.71875
08:00:30,91282CLP4,TSRYS5893514,D,S,T,2024-10-03,1000000.00,3.6477,99.71875
08:00:30,91282CLP4,TSRYS5893514,D,S,T,2024-10-03,7000000.00,3.6477,99.71875
08:00:30,91282CLP4,TSRYS5893514,D,S,T,2024-10-03,2000000.00,3.6477,99.71875
08:00:30,91282CLP4,TSRYS5893514,D,S,T,2024-10-03,2000000.00,3.6477,99.71875
08:00:30,91282CLP4,TSRYS5893514,D,S,T,2024-10-03,2000000.00,3.6477,99.71875
08:00:30,91282CLP4,TSRYS5893514,D,S,T,2024-10-03,3000000.00,3.6477,99.71875
08:00:30,91282CLP4,TSRYS5893514,D,S,T,2024-10-03,2000000.00,3.6477,99.71875
08:00:30,91282CLP4,TSRYS5893514,D,S,T,2024-10-03,2000000.00,3.6477,99.71875
08:00:30,91282CLP4,TSRYS5893514,D,S,T,2024-10-03,2000000.00,3.6477,99.71875
08:00:30,91282CLP4,TSRYS5893514,D,S,T,2024-10-03,1000000.00,3.6477,99.71875
08:00:30,91282CLP4,TSRYS5893514,D,S,T,2024-10-03,1000000.00,3.649758,99.71484375
08:00:30,91282CLP4,TSRYS5893514,D,S,D,2024-10-03,1000000.00,3.649758,99.71484375
08:00:30,91282CLP4,TSRYS5893514,D,S,T,2024-10-03,2000000.00,3.651815,99.7109375
08:00:30,91282CLP4,TSRYS5893514,D,S,T,2024-10-03,2000000.00,3.651815,99.7109375
08:00:30,91282CLP4,TSRYS5893514,D,S,T,2024-10-03,2000000.00,3.651815,99.7109375
08:00:30,91282CLP4,TSRYS5893514,D,S,T,2024-10-03,2000000.00,3.651815,99.7109375
08:00:30,91282CLP4,TSRYS5893514,D,S,T,2024-10-03,2000000.00,3.649758,99.71484375
08:00:30,91282CLP4,TSRYS5893514,D,S,T,2024-10-03,3000000.00,3.648729,99.716796875
08:00:31,91282CLP4,TSRYS5893514,D,S,T,2024-10-03,2000000.00,3.6477,99.71875
08:00:31,91282CLP4,TSRYS5893514,D,S,T,2024-10-03,1000000.00,3.646672,99.720703125
08:00:31,91282CLP4,TSRYS5893514,D,S,T,2024-10-03,1000000.00,3.646672,99.720703125
08:00:31,91282CLP4,TSRYS5893514,D,S,T,2024-10-03,1000000.00,3.646672,99.720703125
08:00:31,91282CLP4,TSRYS5893514,D,S,T,2024-10-03,2000000.00,3.6477,99.71875
08:00:31,91282CLP4,TSRYS5893514,D,S,T,2024-10-03,2000000.00,3.6477,99.71875
08:00:31,91282CLP4,TSRYS5893514,D,S,T,2024-10-03,2000000.00,3.649758,99.71484375
08:00:31,91282CLP4,TSRYS5893514,D,S,T,2024-10-03,2000000.00,3.649758,99.71484375
08:00:31,91282CLP4,TSRYS5893514,D,S,T,2024-10-03,2000000.00,3.649758,99.71484375
08:00:31,91282CLP4,TSRYS5893514,D,S,T,2024-10-03,1000000.00,3.649758,99.71484375
08:00:31,91282CLP4,TSRYS5893514,D,S,T,2024-10-03,2000000.00,3.651815,99.7109375
08:00:31,91282CLP4,TSRYS5893514,D,S,T,2024-10-03,1000000.00,3.651815,99.7109375
08:00:31,91282CLP4,TSRYS5893514,D,S,T,2024-10-03,1000000.00,3.651815,99.7109375
08:00:31,91282CLP4,TSRYS5893514,D,S,T,2024-10-03,1000000.00,3.651815,99.7109375
08:00:31,91282CLP4,TSRYS5893514,D,S,T,2024-10-03,1000000.00,3.651815,99.7109375
08:00:31,91282CLP4,TSRYS5893514,D,S,T,2024-10-03,3000000.00,3.653873,99.70703125
08:00:31,91282CLP4,TSRYS5893514,D,S,T,2024-10-03,3000000.00,3.653873,99.70703125
08:00:31,91282CLP4,TSRYS5893514,D,S,T,2024-10-03,2000000.00,3.653873,99.70703125
08:00:31,91282CLP4,TSRYS5893514,D,S,T,2024-10-03,2000000.00,3.653873,99.70703125
08:00:31,91282CLP4,TSRYS5893514,D,S,T,2024-10-03,1000000.00,3.653873,99.70703125
08:00:31,91282CLP4,TSRYS5893514,D,S,T,2024-10-03,1000000.00,3.653873,99.70703125
08:00:31,91282CLP4,TSRYS5893514,D,S,T,2024-10-03,1000000.00,3.653873,99.70703125
08:00:31,91282CLP4,TSRYS5893514,D,S,T,2024-10-03,1000000.00,3.653873,99.70703125
08:00:31,91282CLP4,TSRYS5893514,D,S,T,2024-10-03,1000000.00,3.653873,99.70703125
08:00:31,91282CLP4,TSRYS5893514,D,S,T,2024-10-03,2000000.00,3.653873,99.70703125
08:00:31,91282CLP4,TSRYS5893514,D,S,T,2024-10-03,1000000.00,3.653873,99.70703125
08:00:31,91282CLP4,TSRYS5893514,D,S,T,2024-10-03,1000000.00,3.653873,99.70703125
08:00:31,91282CLP4,TSRYS5893514,D,S,T,2024-10-03,1000000.00,3.653873,99.70703125
08:00:31,91282CLP4,TSRYS5893514,D,S,T,2024-10-03,2000000.00,3.653873,99.70703125
08:00:31,91282CLP4,TSRYS5893514,D,S,T,2024-10-03,2000000.00,3.653873,99.70703125
08:00:31,91282CLP4,TSRYS5893514,D,S,T,2024-10-03,2000000.00,3.653873,99.70703125
08:00:31,91282CLP4,TSRYS5893514,D,S,T,2024-10-03,2000000.00,3.653873,99.70703125
08:00:31,91282CLP4,TSRYS5893514,D,S,T,2024-10-03,2000000.00,3.653873,99.70703125
08:00:31,91282CLP4,TSRYS5893514,D,S,T,2024-10-03,1000000.00,3.653873,99.70703125
08:00:31,91282CLP4,TSRYS5893514,D,S,T,2024-10-03,1000000.00,3.653873,99.70703125
08:00:31,91282CLP4,TSRYS5893514,D,S,T,2024-10-03,1000000.00,3.653873,99.70703125
08:00:31,91282CLP4,TSRYS5893514,D,S,T,2024-10-03,1000000.00,3.653873,99.70703125
08:00:31,91282CLP4,TSRYS5893514,D,S,T,2024-10-03,1000000.00,3.653873,99.70703125
08:00:31,91282CLP4,TSRYS5893514,D,S,T,2024-10-03,2000000.00,3.653873,99.70703125
08:00:31,91282CLP4,TSRYS5893514,D,S,T,2024-10-03,1000000.00,3.653873,99.70703125
08:00:31,91282CLP4,TSRYS5893514,D,S,T,2024-10-03,2000000.00,3.653873,99.70703125
08:00:31,91282CLP4,TSRYS5893514,D,S,T,2024-10-03,1000000.00,3.653873,99.70703125
08:00:31,91282CLP4,TSRYS5893514,D,S,T,2024-10-03,2000000.00,3.653873,99.70703125
08:00:31,91282CLP4,TSRYS5893514,D,S,T,2024-10-03,1000000.00,3.653873,99.70703125
08:00:31,91282CLP4,TSRYS5893514,D,S,T,2024-10-03,2000000.00,3.653873,99.70703125
08:00:31,91282CLP4,TSRYS5893514,D,S,T,2024-10-03,1000000.00,3.653873,99.70703125
08:00:31,91282CLP4,TSRYS5893514,D,S,T,2024-10-03,2000000.00,3.653873,99.70703125
08:00:31,91282CLP4,TSRYS5893514,D,S,T,2024-10-03,1000000.00,3.653873,99.70703125
08:00:31,91282CLP4,TSRYS5893514,D,S,T,2024-10-03,2000000.00,3.653873,99.70703125
08:00:31,91282CLP4,TSRYS5893514,D,S,T,2024-10-03,2000000.00,3.653873,99.70703125
08:00:31,91282CLP4,TSRYS5893514,D,S,T,2024-10-03,1000000.00,3.653873,99.70703125
08:00:31,91282CLP4,TSRYS5893514,D,S,T,2024-10-03,2000000.00,3.653873,99.70703125
08:00:31,91282CLP4,TSRYS5893514,D,S,T,2024-10-03,2000000.00,3.653873,99.70703125
08:00:31,91282CLP4,TSRYS5893514,D,S,T,2024-10-03,2000000.00,3.653873,99.70703125
08:00:31,91282CLP4,TSRYS5893514,D,S,T,2024-10-03,2000000.00,3.653873,99.70703125
08:00:31,91282CLP4,TSRYS5893514,D,S,T,2024-10-03,1000000.00,3.653873,99.70703125
08:00:31,91282CLP4,TSRYS5893514,D,S,T,2024-10-03,1000000.00,3.653873,99.70703125
08:00:31,91282CLP4,TSRYS5893514,D,S,T,2024-10-03,1000000.00,3.653873,99.70703125
08:00:31,91282CLP4,TSRYS5893514,D,S,T,2024-10-03,1000000.00,3.653873,99.70703125
08:00:31,91282CLP4,TSRYS5893514,D,S,T,2024-10-03,1000000.00,3.653873,99.70703125
08:00:31,91282CLP4,TSRYS5893514,D,S,T,2024-10-03,1000000.00,3.653873,99.70703125
08:00:31,91282CLP4,TSRYS5893514,D,S,T,2024-10-03,2000000.00,3.651815,99.7109375
08:00:31,91282CLP4,TSRYS5893514,D,S,T,2024-10-03,2000000.00,3.653873,99.70703125
08:00:31,91282CLP4,TSRYS5893514,D,S,T,2024-10-03,1000000.00,3.655931,99.703125
08:00:31,91282CLP4,TSRYS5893514,D,S,T,2024-10-03,2000000.00,3.655931,99.703125
08:00:31,91282CLP4,TSRYS5893514,D,S,T,2024-10-03,2000000.00,3.657989,99.69921875
08:00:31,91282CLP4,TSRYS5893514,D,S,T,2024-10-03,1000000.00,3.657989,99.69921875
08:00:31,91282CLP4,TSRYS5893514,D,S,T,2024-10-03,1000000.00,3.657989,99.69921875
08:00:31,91282CLP4,TSRYS5893514,D,S,T,2024-10-03,1000000.00,3.657989,99.69921875
08:00:31,91282CLP4,TSRYS5893514,D,S,T,2024-10-03,2000000.00,3.657989,99.69921875
08:00:31,91282CLP4,TSRYS5893514,D,S,T,2024-10-03,3000000.00,3.657989,99.69921875
08:00:31,91282CLP4,TSRYS5893514,D,S,T,2024-10-03,1000000.00,3.657989,99.69921875
08:00:31,91282CLP4,TSRYS5893514,D,S,T,2024-10-03,2000000.00,3.657989,99.69921875
08:00:31,91282CLP4,TSRYS5893514,D,S,T,2024-10-03,8000000.00,3.655931,99.703125
08:00:31,91282CLP4,TSRYS5893514,D,S,T,2024-10-03,1000000.00,3.655931,99.703125
08:00:31,91282CLP4,TSRYS5893514,D,S,T,2024-10-03,3000000.00,3.655931,99.703125
08:00:31,91282CLP4,TSRYS5893514,D,S,T,2024-10-03,2000000.00,3.655931,99.703125
08:00:31,91282CLP4,TSRYS5893514,D,S,T,2024-10-03,1000000.00,3.655931,99.703125
08:00:31,91282CLP4,TSRYS5893514,D,S,T,2024-10-03,10000000.00,3.655931,99.703125
08:00:31,91282CLP4,TSRYS5893514,D,S,T,2024-10-03,2000000.00,3.655931,99.703125
08:00:31,91282CLP4,TSRYS5893514,D,S,T,2024-10-03,2000000.00,3.655931,99.703125
08:00:31,91282CLP4,TSRYS5893514,D,S,T,2024-10-03,2000000.00,3.655931,99.703125
08:00:31,91282CLP4,TSRYS5893514,D,S,T,2024-10-03,3000000.00,3.655931,99.703125
08:00:31,91282CLP4,TSRYS5893514,D,S,T,2024-10-03,3000000.00,3.655931,99.703125
08:00:31,91282CLP4,TSRYS5893514,D,S,T,2024-10-03,1000000.00,3.655931,99.703125
08:00:31,91282CLP4,TSRYS5893514,D,S,T,2024-10-03,1000000.00,3.657989,99.69921875
08:00:31,91282CLP4,TSRYS5893514,D,S,T,2024-10-03,1000000.00,3.657989,99.69921875
08:00:31,91282CLP4,TSRYS5893514,D,S,T,2024-10-03,1000000.00,3.657989,99.69921875
08:00:31,91282CLP4,TSRYS5893514,D,S,T,2024-10-03,5000000.00,3.660047,99.6953125
08:00:31,91282CLP4,TSRYS5893514,D,S,T,2024-10-03,5000000.00,3.660047,99.6953125
08:00:31,91282CLP4,TSRYS5893514,D,S,T,2024-10-03,3000000.00,3.660047,99.6953125
08:00:31,91282CLP4,TSRYS5893514,D,S,T,2024-10-03,2000000.00,3.660047,99.6953125
08:00:31,91282CLP4,TSRYS5893514,D,S,T,2024-10-03,1000000.00,3.660047,99.6953125
08:00:31,91282CLP4,TSRYS5893514,D,S,T,2024-10-03,5000000.00,3.660047,99.6953125
08:00:31,91282CLP4,TSRYS5893514,D,S,T,2024-10-03,4000000.00,3.660047,99.6953125
08:00:31,91282CLP4,TSRYS5893514,D,S,T,2024-10-03,2000000.00,3.662105,99.69140625
08:00:31,91282CLP4,TSRYS5893514,D,S,T,2024-10-03,2000000.00,3.657989,99.69921875
08:00:31,91282CLP4,TSRYS5893514,D,S,T,2024-10-03,2000000.00,3.655931,99.703125
08:00:31,91282CLP4,TSRYS5893514,D,S,T,2024-10-03,2000000.00,3.655931,99.703125
08:00:31,91282CLP4,TSRYS5893514,D,S,T,2024-10-03,1000000.00,3.655931,99.703125
08:00:31,91282CLP4,TSRYS5893514,D,S,T,2024-10-03,1000000.00,3.657989,99.69921875
08:00:31,91282CLP4,TSRYS5893514,D,S,T,2024-10-03,1000000.00,3.657989,99.69921875
08:00:31,91282CLP4,TSRYS5893514,D,S,T,2024-10-03,1000000.00,3.662105,99.69140625
08:00:31,91282CLP4,TSRYS5893514,D,S,T,2024-10-03,2000000.00,3.660047,99.6953125
08:00:31,91282CLP4,TSRYS5893514,D,S,T,2024-10-03,5000000.00,3.660047,99.6953125
08:00:31,91282CLP4,TSRYS5893514,D,S,T,2024-10-03,10000000.00,3.660047,99.6953125
08:00:31,91282CLP4,TSRYS5893514,D,S,T,2024-10-03,7000000.00,3.660047,99.6953125
08:00:31,91282CLP4,TSRYS5893514,D,S,T,2024-10-03,2000000.00,3.660047,99.6953125
08:00:31,91282CLP4,TSRYS5893514,D,S,T,2024-10-03,3000000.00,3.660047,99.6953125
08:00:31,91282CLP4,TSRYS5893514,D,S,T,2024-10-03,2000000.00,3.662105,99.69140625
08:00:31,91282CLP4,TSRYS5893514,D,S,T,2024-10-03,2000000.00,3.660047,99.6953125
08:00:31,91282CLP4,TSRYS5893514,D,S,T,2024-10-03,2000000.00,3.660047,99.6953125
08:00:31,91282CLP4,TSRYS5893514,D,S,T,2024-10-03,1000000.00,3.664163,99.6875
08:00:31,91282CLP4,TSRYS5893514,D,S,T,2024-10-03,3000000.00,3.664163,99.6875
08:00:31,91282CLP4,TSRYS5893514,D,S,T,2024-10-03,1000000.00,3.662105,99.69140625
08:00:31,91282CLP4,TSRYS5893514,D,S,T,2024-10-03,1000000.00,3.662105,99.69140625
08:00:31,91282CLP4,TSRYS5893514,D,S,T,2024-10-03,2000000.00,3.662105,99.69140625
08:00:31,91282CLP4,TSRYS5893514,D,S,T,2024-10-03,3000000.00,3.663134,99.689453125
08:00:31,91282CLP4,TSRYS5893514,D,S,T,2024-10-03,2000000.00,3.662105,99.69140625
08:00:31,91282CLP4,TSRYS5893514,D,S,D,2024-10-03,1000000.00,3.653873,99.70703125
08:00:31,91282CLP4,TSRYS5893514,D,S,T,2024-10-03,2000000.00,3.663134,99.689453125
08:00:31,91282CLP4,TSRYS5893514,D,S,T,2024-10-03,1000000.00,3.663134,99.689453125
08:00:31,91282CLP4,TSRYS5893514,D,S,T,2024-10-03,2000000.00,3.660047,99.6953125
08:00:31,91282CLP4,TSRYS5893514,D,S,T,2024-10-03,2000000.00,3.660047,99.6953125
08:00:31,91282CLP4,TSRYS5893514,D,S,T,2024-10-03,2000000.00,3.660047,99.6953125
08:00:31,91282CLP4,TSRYS5893514,D,S,T,2024-10-03,2000000.00,3.660047,99.6953125
08:00:31,91282CLP4,TSRYS5893514,D,S,T,2024-10-03,2000000.00,3.660047,99.6953125
08:00:31,91282CLP4,TSRYS5893514,D,S,T,2024-10-03,1000000.00,3.660047,99.6953125
08:00:31,91282CLP4,TSRYS5893514,D,S,T,2024-10-03,1000000.00,3.660047,99.6953125
08:00:31,91282CLP4,TSRYS5893514,D,S,T,2024-10-03,1000000.00,3.660047,99.6953125
08:00:31,91282CLP4,TSRYS5893514,D,S,T,2024-10-03,1000000.00,3.660047,99.6953125
08:00:31,91282CLP4,TSRYS5893514,D,S,T,2024-10-03,1000000.00,3.660047,99.6953125
08:00:31,91282CLP4,TSRYS5893514,D,S,T,2024-10-03,1000000.00,3.660047,99.6953125
08:00:31,91282CLP4,TSRYS5893514,D,S,T,2024-10-03,1000000.00,3.660047,99.6953125
08:00:31,91282CLP4,TSRYS5893514,D,S,T,2024-10-03,2000000.00,3.660047,99.6953125
08:00:31,91282CLP4,TSRYS5893514,D,S,T,2024-10-03,2000000.00,3.660047,99.6953125
08:00:31,91282CLP4,TSRYS5893514,D,S,T,2024-10-03,2000000.00,3.660047,99.6953125
08:00:31,91282CLP4,TSRYS5893514,D,S,T,2024-10-03,2000000.00,3.660047,99.6953125
08:00:31,91282CLP4,TSRYS5893514,D,S,T,2024-10-03,2000000.00,3.660047,99.6953125
08:00:31,91282CLP4,TSRYS5893514,D,S,T,2024-10-03,1000000.00,3.660047,99.6953125
08:00:31,91282CLP4,TSRYS5893514,D,S,T,2024-10-03,2000000.00,3.660047,99.6953125
08:00:31,91282CLP4,TSRYS5893514,D,S,T,2024-10-03,1000000.00,3.660047,99.6953125
08:00:31,91282CLP4,TSRYS5893514,D,S,T,2024-10-03,1000000.00,3.660047,99.6953125
08:00:31,91282CLP4,TSRYS5893514,D,S,T,2024-10-03,2000000.00,3.660047,99.6953125
08:00:31,91282CLP4,TSRYS5893514,D,S,T,2024-10-03,3000000.00,3.660047,99.6953125
08:00:31,91282CLP4,TSRYS5893514,D,S,T,2024-10-03,1000000.00,3.660047,99.6953125
08:00:31,91282CLP4,TSRYS5893514,D,S,T,2024-10-03,1000000.00,3.660047,99.6953125
08:00:31,91282CLP4,TSRYS5893514,D,S,T,2024-10-03,2000000.00,3.660047,99.6953125
08:00:31,91282CLP4,TSRYS5893514,D,S,T,2024-10-03,2000000.00,3.657989,99.69921875
08:00:31,91282CLP4,TSRYS5893514,D,S,T,2024-10-03,2000000.00,3.65696,99.701171875
08:00:31,91282CLP4,TSRYS5893514,D,S,T,2024-10-03,2000000.00,3.657989,99.69921875
08:00:31,91282CLP4,TSRYS5893514,D,S,T,2024-10-03,1000000.00,3.657989,99.69921875
08:00:31,91282CLP4,TSRYS5893514,D,S,T,2024-10-03,2000000.00,3.657989,99.69921875
08:00:31,91282CLP4,TSRYS5893514,D,S,T,2024-10-03,3000000.00,3.657989,99.69921875
08:00:31,91282CLP4,TSRYS5893514,D,S,T,2024-10-03,3000000.00,3.657989,99.69921875
08:00:31,91282CLP4,TSRYS5893514,D,S,T,2024-10-03,2000000.00,3.657989,99.69921875
08:00:31,91282CLP4,TSRYS5893514,D,S,T,2024-10-03,1000000.00,3.653873,99.70703125
08:00:31,91282CLP4,TSRYS5893514,D,S,T,2024-10-03,2000000.00,3.653873,99.70703125
08:00:31,91282CLP4,TSRYS5893514,D,S,T,2024-10-03,2000000.00,3.655931,99.703125
08:00:31,91282CLP4,TSRYS5893514,D,S,T,2024-10-03,2000000.00,3.655931,99.703125
08:00:31,91282CLP4,TSRYS5893514,D,S,T,2024-10-03,1000000.00,3.65696,99.701171875
08:00:31,91282CLP4,TSRYS5893514,D,S,T,2024-10-03,2000000.00,3.65696,99.701171875
08:00:31,91282CLP4,TSRYS5893514,D,S,T,2024-10-03,2000000.00,3.655931,99.703125
08:00:31,91282CLP4,TSRYS5893514,D,S,T,2024-10-03,1000000.00,3.655931,99.703125
08:00:31,91282CLP4,TSRYS5893514,D,S,T,2024-10-03,1000000.00,3.652844,99.708984375
08:00:31,91282CLP4,TSRYS5893514,D,S,T,2024-10-03,1000000.00,3.652844,99.708984375
08:00:31,91282CLP4,TSRYS5893514,D,S,T,2024-10-03,1000000.00,3.655931,99.703125
08:00:31,91282CLP4,TSRYS5893514,D,S,T,2024-10-03,1000000.00,3.655931,99.703125
08:00:31,91282CLP4,TSRYS5893514,D,S,T,2024-10-03,1000000.00,3.655931,99.703125
08:00:31,91282CLP4,TSRYS5893514,D,S,T,2024-10-03,1000000.00,3.655931,99.703125
08:00:31,91282CLP4,TSRYS5893514,D,S,T,2024-10-03,2000000.00,3.655931,99.703125
08:00:31,91282CLP4,TSRYS5893514,D,S,T,2024-10-03,2000000.00,3.655931,99.703125
08:00:31,91282CLP4,TSRYS5893514,D,S,T,2024-10-03,1000000.00,3.655931,99.703125
08:00:31,91282CLP4,TSRYS5893514,D,S,T,2024-10-03,1000000.00,3.655931,99.703125
08:00:31,91282CLP4,TSRYS5893514,D,S,T,2024-10-03,1000000.00,3.655931,99.703125
08:00:31,91282CLP4,TSRYS5893514,D,S,T,2024-10-03,3000000.00,3.655931,99.703125
08:00:31,91282CLP4,TSRYS5893514,D,S,T,2024-10-03,3000000.00,3.655931,99.703125
08:00:31,91282CLP4,TSRYS5893514,D,S,T,2024-10-03,1000000.00,3.655931,99.703125
08:00:31,91282CLP4,TSRYS5893514,D,S,T,2024-10-03,1000000.00,3.655931,99.703125
08:00:31,91282CLP4,TSRYS5893514,D,S,T,2024-10-03,1000000.00,3.655931,99.703125
08:00:31,91282CLP4,TSRYS5893514,D,S,T,2024-10-03,1000000.00,3.655931,99.703125
08:00:31,91282CLP4,TSRYS5893514,D,S,T,2024-10-03,1000000.00,3.655931,99.703125
08:00:31,91282CLP4,TSRYS5893514,D,S,T,2024-10-03,1000000.00,3.655931,99.703125
08:00:31,91282CLP4,TSRYS5893514,D,S,T,2024-10-03,1000000.00,3.655931,99.703125
08:00:31,91282CLP4,TSRYS5893514,D,S,T,2024-10-03,1000000.00,3.655931,99.703125
08:00:31,91282CLP4,TSRYS5893514,D,S,T,2024-10-03,3000000.00,3.655931,99.703125
08:00:31,91282CLP4,TSRYS5893514,D,S,T,2024-10-03,4000000.00,3.655931,99.703125
08:00:31,91282CLP4,TSRYS5893514,D,S,T,2024-10-03,1000000.00,3.655931,99.703125
08:00:31,91282CLP4,TSRYS5893514,D,S,T,2024-10-03,1000000.00,3.655931,99.703125
08:00:31,91282CLP4,TSRYS5893514,D,S,T,2024-10-03,1000000.00,3.657989,99.69921875
08:00:31,91282CLP4,TSRYS5893514,D,S,T,2024-10-03,1000000.00,3.657989,99.69921875
08:00:31,91282CLP4,TSRYS5893514,D,S,T,2024-10-03,11000000.00,3.65696,99.701171875
08:00:31,91282CLP4,TSRYS5893514,D,S,T,2024-10-03,1000000.00,3.65696,99.701171875
08:00:31,91282CLP4,TSRYS5893514,D,S,T,2024-10-03,3000000.00,3.657989,99.69921875
08:00:31,91282CLP4,TSRYS5893514,D,S,T,2024-10-03,4000000.00,3.657989,99.69921875
08:00:31,91282CLP4,TSRYS5893514,D,S,T,2024-10-03,2000000.00,3.657989,99.69921875
08:00:31,91282CLP4,TSRYS5893514,D,S,T,2024-10-03,3000000.00,3.657989,99.69921875
08:00:31,91282CLP4,TSRYS5893514,D,S,T,2024-10-03,2000000.00,3.657989,99.69921875
08:00:31,91282CLP4,TSRYS5893514,D,S,T,2024-10-03,2000000.00,3.657989,99.69921875
08:00:31,91282CLP4,TSRYS5893514,D,S,D,2024-10-03,1000000.00,3.646672,99.720703125
08:00:31,91282CLP4,TSRYS5893514,D,S,D,2024-10-03,1000000.00,3.648729,99.716796875
08:00:31,91282CLP4,TSRYS5893514,D,S,D,2024-10-03,2000000.00,3.646672,99.720703125
08:00:31,91282CLP4,TSRYS5893514,D,S,D,2024-10-03,1000000.00,3.643586,99.7265625
08:00:31,91282CLP4,TSRYS5893514,D,S,D,2024-10-03,2000000.00,3.644614,99.724609375
08:00:31,91282CLP4,TSRYS5893514,D,S,D,2024-10-03,2000000.00,3.641528,99.73046875
08:00:31,91282CLP4,TSRYS5893514,D,S,D,2024-10-03,3000000.00,3.638443,99.736328125
08:00:31,91282CLP4,TSRYS5893514,D,S,D,2024-10-03,3000000.00,3.638443,99.736328125
08:00:31,91282CLP4,TSRYS5893514,D,S,D,2024-10-03,2000000.00,3.643586,99.7265625
08:00:31,91282CLP4,TSRYS5893514,D,S,D,2024-10-03,3000000.00,3.653873,99.70703125
08:00:31,91282CLP4,TSRYS5893514,D,S,D,2024-10-03,3000000.00,3.651815,99.7109375
08:00:31,91282CLP4,TSRYS5893514,D,S,D,2024-10-03,3000000.00,3.6477,99.71875
08:00:31,91282CLP4,TSRYS5893514,D,S,D,2024-10-03,3000000.00,3.649758,99.71484375
08:00:31,91282CLP4,TSRYS5893514,D,S,D,2024-10-03,1000000.00,3.652844,99.708984375
08:00:31,91282CLP4,TSRYS5893514,D,S,D,2024-10-03,2000000.00,3.650787,99.712890625
08:00:31,91282CLP4,TSRYS5893514,D,S,D,2024-10-03,3000000.00,3.651815,99.7109375
08:00:31,91282CLP4,TSRYS5893514,D,S,D,2024-10-03,1000000.00,3.661076,99.693359375
08:00:31,91282CLP4,TSRYS5893514,D,S,D,2024-10-03,1000000.00,3.661076,99.693359375
08:00:31,91282CLP4,TSRYS5893514,D,S,D,2024-10-03,2000000.00,3.660047,99.6953125
08:00:31,91282CLP4,TSRYS5893514,D,S,D,2024-10-03,2000000.00,3.660047,99.6953125
08:00:31,91282CLP4,TSRYS5893514,D,S,D,2024-10-03,1000000.00,3.655931,99.703125
08:00:31,91282CLP4,TSRYS5893514,D,S,D,2024-10-03,3000000.00,3.655931,99.703125
08:00:31,91282CLP4,TSRYS5893514,D,S,D,2024-10-03,1000000.00,3.646672,99.720703125
08:00:31,91282CLP4,TSRYS5893514,D,S,D,2024-10-03,1000000.00,3.646672,99.720703125
08:00:31,91282CLP4,TSRYS5893514,D,S,D,2024-10-03,1000000.00,3.648729,99.716796875
08:00:31,91282CLP4,TSRYS5893514,D,S,D,2024-10-03,1000000.00,3.646672,99.720703125
08:00:31,91282CLP4,TSRYS5893514,D,S,D,2024-10-03,2000000.00,3.645643,99.72265625
08:00:31,91282CLP4,TSRYS5893514,D,S,D,2024-10-03,1000000.00,3.6477,99.71875
08:00:31,91282CLP4,TSRYS5893514,D,S,D,2024-10-03,1000000.00,3.6477,99.71875
08:00:32,91282CLP4,TSRYS5893514,D,S,T,2024-10-03,3000000.00,3.641528,99.73046875
08:00:32,91282CLP4,TSRYS5893514,D,S,T,2024-10-03,1000000.00,3.649758,99.71484375
08:00:32,91282CLP4,TSRYS5893514,D,S,T,2024-10-03,1000000.00,3.653873,99.70703125
08:00:32,91282CLP4,TSRYS5893514,D,S,T,2024-10-03,1000000.00,3.653873,99.70703125
08:00:32,91282CLP4,TSRYS5893514,D,S,T,2024-10-03,1000000.00,3.657989,99.69921875
08:00:32,91282CLP4,TSRYS5893514,D,S,T,2024-10-03,1000000.00,3.657989,99.69921875
08:00:32,91282CLP4,TSRYS5893514,D,S,T,2024-10-03,1000000.00,3.657989,99.69921875
08:00:32,91282CLP4,TSRYS5893514,D,S,T,2024-10-03,1000000.00,3.646672,99.720703125
08:00:32,91282CLP4,TSRYS5893514,D,S,T,2024-10-03,1000000.00,3.646672,99.720703125
08:00:32,91282CLP4,TSRYS5893514,D,S,T,2024-10-03,1000000.00,3.646672,99.720703125
08:00:32,91282CLP4,TSRYS5893514,D,S,T,2024-10-03,1000000.00,3.646672,99.720703125
08:00:32,91282CLP4,TSRYS5893514,D,S,T,2024-10-03,1000000.00,3.646672,99.720703125
08:00:32,91282CLP4,TSRYS5893514,D,S,T,2024-10-03,1000000.00,3.646672,99.720703125
08:00:32,91282CLP4,TSRYS5893514,D,S,T,2024-10-03,1000000.00,3.646672,99.720703125
08:00:32,91282CLP4,TSRYS5893514,D,S,T,2024-10-03,1000000.00,3.646672,99.720703125
08:00:32,91282CLP4,TSRYS5893514,D,S,T,2024-10-03,2000000.00,3.6477,99.71875
08:00:32,91282CLP4,TSRYS5893514,D,S,T,2024-10-03,1000000.00,3.6477,99.71875
08:00:32,91282CLP4,TSRYS5893514,D,S,T,2024-10-03,2000000.00,3.645643,99.72265625
08:00:32,91282CLP4,TSRYS5893514,D,S,T,2024-10-03,2000000.00,3.648729,99.716796875
08:00:32,91282CLP4,TSRYS5893514,D,S,T,2024-10-03,1000000.00,3.646672,99.720703125
08:00:32,91282CLP4,TSRYS5893514,D,S,T,2024-10-03,1000000.00,3.6477,99.71875
08:00:32,91282CLP4,TSRYS5893514,D,S,T,2024-10-03,1000000.00,3.6477,99.71875
08:00:32,91282CLP4,TSRYS5893514,D,S,T,2024-10-03,1000000.00,3.645643,99.72265625
08:00:32,91282CLP4,TSRYS5893514,D,S,T,2024-10-03,1000000.00,3.645643,99.72265625
08:00:32,91282CLP4,TSRYS5893514,D,S,T,2024-10-03,2000000.00,3.645643,99.72265625
08:00:32,91282CLP4,TSRYS5893514,D,S,T,2024-10-03,1000000.00,3.646672,99.720703125
08:00:32,91282CLP4,TSRYS5893514,D,S,T,2024-10-03,1000000.00,3.646672,99.720703125
08:00:32,91282CLP4,TSRYS5893514,D,S,T,2024-10-03,2000000.00,3.646672,99.720703125
08:00:32,91282CLP4,TSRYS5893514,D,S,T,2024-10-03,2000000.00,3.644614,99.724609375
08:00:32,91282CLP4,TSRYS5893514,D,S,T,2024-10-03,2000000.00,3.644614,99.724609375
08:00:32,91282CLP4,TSRYS5893514,D,S,T,2024-10-03,1000000.00,3.641528,99.73046875
08:00:32,91282CLP4,TSRYS5893514,D,S,T,2024-10-03,20000000.00,3.639471,99.734375
08:00:32,91282CLP4,TSRYS5893514,D,S,T,2024-10-03,1000000.00,3.639471,99.734375
08:00:32,91282CLP4,TSRYS5893514,D,S,T,2024-10-03,6000000.00,3.639471,99.734375
08:00:32,91282CLP4,TSRYS5893514,D,S,T,2024-10-03,3000000.00,3.639471,99.734375
08:00:32,91282CLP4,TSRYS5893514,D,S,T,2024-10-03,3000000.00,3.639471,99.734375
08:00:32,91282CLP4,TSRYS5893514,D,S,T,2024-10-03,2000000.00,3.645643,99.72265625
08:00:32,91282CLP4,TSRYS5893514,D,S,T,2024-10-03,2000000.00,3.645643,99.72265625
08:00:32,91282CLP4,TSRYS5893514,D,S,T,2024-10-03,2000000.00,3.645643,99.72265625
08:00:32,91282CLP4,TSRYS5893514,D,S,T,2024-10-03,2000000.00,3.645643,99.72265625
08:00:32,91282CLP4,TSRYS5893514,D,S,T,2024-10-03,2000000.00,3.645643,99.72265625
08:00:32,91282CLP4,TSRYS5893514,D,S,T,2024-10-03,2000000.00,3.645643,99.72265625
08:00:32,91282CLP4,TSRYS5893514,D,S,T,2024-10-03,1000000.00,3.644614,99.724609375
08:00:32,91282CLP4,TSRYS5893514,D,S,T,2024-10-03,1000000.00,3.644614,99.724609375
08:00:32,91282CLP4,TSRYS5893514,D,S,T,2024-10-03,2000000.00,3.6477,99.71875
08:00:32,91282CLP4,TSRYS5893514,D,S,T,2024-10-03,1000000.00,3.6477,99.71875
08:00:32,91282CLP4,TSRYS5893514,D,S,T,2024-10-03,1000000.00,3.6477,99.71875
08:00:32,91282CLP4,TSRYS5893514,D,S,T,2024-10-03,1000000.00,3.6477,99.71875
08:00:32,91282CLP4,TSRYS5893514,D,S,T,2024-10-03,1000000.00,3.6477,99.71875
08:00:32,91282CLP4,TSRYS5893514,D,S,T,2024-10-03,2000000.00,3.6477,99.71875
08:00:32,91282CLP4,TSRYS5893514,D,S,T,2024-10-03,1000000.00,3.6477,99.71875
08:00:32,91282CLP4,TSRYS5893514,D,S,T,2024-10-03,1000000.00,3.6477,99.71875
08:00:32,91282CLP4,TSRYS5893514,D,S,T,2024-10-03,1000000.00,3.6477,99.71875
08:00:32,91282CLP4,TSRYS5893514,D,S,T,2024-10-03,1000000.00,3.648729,99.716796875
08:00:32,91282CLP4,TSRYS5893514,D,S,T,2024-10-03,1000000.00,3.648729,99.716796875
08:00:32,91282CLP4,TSRYS5893514,D,S,T,2024-10-03,2000000.00,3.650787,99.712890625
08:00:32,91282CLP4,TSRYS5893514,D,S,T,2024-10-03,2000000.00,3.650787,99.712890625
08:00:32,91282CLP4,TSRYS5893514,D,S,T,2024-10-03,2000000.00,3.650787,99.712890625
08:00:32,91282CLP4,TSRYS5893514,D,S,T,2024-10-03,2000000.00,3.650787,99.712890625
08:00:32,91282CLP4,TSRYS5893514,D,S,T,2024-10-03,1000000.00,3.650787,99.712890625
08:00:32,91282CLP4,TSRYS5893514,D,S,T,2024-10-03,1000000.00,3.650787,99.712890625
08:00:32,91282CLP4,TSRYS5893514,D,S,T,2024-10-03,2000000.00,3.651815,99.7109375
08:00:32,91282CLP4,TSRYS5893514,D,S,T,2024-10-03,1000000.00,3.653873,99.70703125
08:00:32,91282CLP4,TSRYS5893514,D,S,T,2024-10-03,1000000.00,3.654902,99.705078125
08:00:32,91282CLP4,TSRYS5893514,D,S,T,2024-10-03,3000000.00,3.650787,99.712890625
08:00:32,91282CLP4,TSRYS5893514,D,S,D,2024-10-03,1000000.00,3.653873,99.70703125
08:00:32,91282CLP4,TSRYS5893514,D,S,D,2024-10-03,1000000.00,3.653873,99.70703125
08:00:32,91282CLP4,TSRYS5893514,D,S,T,2024-10-03,3000000.00,3.6477,99.71875
08:00:32,91282CLP4,TSRYS5893514,D,S,T,2024-10-03,3000000.00,3.6477,99.71875
08:00:32,91282CLP4,TSRYS5893514,D,S,T,2024-10-03,1000000.00,3.6477,99.71875
08:00:32,91282CLP4,TSRYS5893514,D,S,T,2024-10-03,2000000.00,3.651815,99.7109375
08:00:32,91282CLP4,TSRYS5893514,D,S,T,2024-10-03,7000000.00,3.651815,99.7109375
08:00:32,91282CLP4,TSRYS5893514,D,S,T,2024-10-03,2000000.00,3.649758,99.71484375
08:00:32,91282CLP4,TSRYS5893514,D,S,T,2024-10-03,3000000.00,3.646672,99.720703125
08:00:32,91282CLP4,TSRYS5893514,D,S,T,2024-10-03,3000000.00,3.6477,99.71875
08:00:32,91282CLP4,TSRYS5893514,D,S,T,2024-10-03,3000000.00,3.6477,99.71875
08:00:32,91282CLP4,TSRYS5893514,D,S,T,2024-10-03,3000000.00,3.651815,99.7109375
08:00:32,91282CLP4,TSRYS5893514,D,S,T,2024-10-03,1000000.00,3.651815,99.7109375
08:00:32,91282CLP4,TSRYS5893514,D,S,T,2024-10-03,2000000.00,3.653873,99.70703125
08:00:32,91282CLP4,TSRYS5893514,D,S,T,2024-10-03,2000000.00,3.653873,99.70703125
08:00:32,91282CLP4,TSRYS5893514,D,S,T,2024-10-03,2000000.00,3.653873,99.70703125
08:00:32,91282CLP4,TSRYS5893514,D,S,T,2024-10-03,2000000.00,3.653873,99.70703125
08:00:32,91282CLP4,TSRYS5893514,D,S,T,2024-10-03,2000000.00,3.653873,99.70703125
08:00:32,91282CLP4,TSRYS5893514,D,S,D,2024-10-03,3000000.00,3.645643,99.72265625
08:00:32,91282CLP4,TSRYS5893514,D,S,D,2024-10-03,2000000.00,3.646672,99.720703125
08:00:32,91282CLP4,TSRYS5893514,D,S,D,2024-10-03,2000000.00,3.648729,99.716796875
08:00:32,91282CLP4,TSRYS5893514,D,S,D,2024-10-03,1000000.00,3.643586,99.7265625
08:00:32,91282CLP4,TSRYS5893514,D,S,D,2024-10-03,4000000.00,3.639471,99.734375
08:00:32,91282CLP4,TSRYS5893514,D,S,D,2024-10-03,2000000.00,3.643586,99.7265625
08:00:32,91282CLP4,TSRYS5893514,D,S,D,2024-10-03,2000000.00,3.650787,99.712890625
08:00:32,91282CLP4,TSRYS5893514,D,S,D,2024-10-03,1000000.00,3.651815,99.7109375
08:00:32,91282CLP4,TSRYS5893514,D,S,D,2024-10-03,1000000.00,3.651815,99.7109375
08:00:32,91282CLP4,TSRYS5893514,D,S,D,2024-10-03,1000000.00,3.652844,99.708984375
08:00:32,91282CLP4,TSRYS5893514,D,S,D,2024-10-03,1000000.00,3.653873,99.70703125
08:00:32,91282CLP4,TSRYS5893514,D,S,D,2024-10-03,2000000.00,3.649758,99.71484375
08:00:32,91282CLP4,TSRYS5893514,D,S,D,2024-10-03,2000000.00,3.649758,99.71484375
08:00:32,91282CLP4,TSRYS5893514,D,S,D,2024-10-03,1000000.00,3.649758,99.71484375
08:00:32,91282CLP4,TSRYS5893514,D,S,C,2024-10-03,250MM+,3.649758,99.71484375
08:00:32,91282CLP4,TSRYS5893514,D,S,T,2024-10-03,3000000.00,3.660047,99.6953125
08:00:32,91282CLP4,TSRYS5893514,D,S,T,2024-10-03,3000000.00,3.660047,99.6953125
08:00:32,91282CLP4,TSRYS5893514,D,S,T,2024-10-03,2000000.00,3.660047,99.6953125
08:00:32,91282CLP4,TSRYS5893514,D,S,T,2024-10-03,2000000.00,3.660047,99.6953125
08:00:32,91282CLP4,TSRYS5893514,D,S,D,2024-10-03,3000000.00,3.662105,99.69140625
08:00:32,91282CLP4,TSRYS5893514,D,S,D,2024-10-03,2000000.00,3.665192,99.685546875
08:00:32,91282CLP4,TSRYS5893514,D,S,D,2024-10-03,2000000.00,3.662105,99.69140625
08:00:32,91282CLP4,TSRYS5893514,D,S,D,2024-10-03,2000000.00,3.663134,99.689453125
08:00:32,91282CLP4,TSRYS5893514,D,S,D,2024-10-03,4000000.00,3.655931,99.703125
08:00:32,91282CLP4,TSRYS5893514,D,S,D,2024-10-03,3000000.00,3.657989,99.69921875
08:00:32,91282CLP4,TSRYS5893514,D,S,D,2024-10-03,3000000.00,3.657989,99.69921875
08:00:32,91282CLP4,TSRYS5893514,D,S,D,2024-10-03,1000000.00,3.657989,99.69921875
08:00:32,91282CLP4,TSRYS5893514,D,S,T,2024-10-03,2000000.00,3.660047,99.6953125
08:00:32,91282CLP4,TSRYS5893514,D,S,T,2024-10-03,1000000.00,3.660047,99.6953125
08:00:32,91282CLP4,TSRYS5893514,D,S,T,2024-10-03,3000000.00,3.659018,99.697265625
08:00:32,91282CLP4,TSRYS5893514,D,S,T,2024-10-03,1000000.00,3.660047,99.6953125
08:00:32,91282CLP4,TSRYS5893514,D,S,T,2024-10-03,1000000.00,3.660047,99.6953125
08:00:32,91282CLP4,TSRYS5893514,D,S,T,2024-10-03,1000000.00,3.660047,99.6953125
08:00:32,91282CLP4,TSRYS5893514,D,S,T,2024-10-03,1000000.00,3.660047,99.6953125
08:00:32,91282CLP4,TSRYS5893514,D,S,T,2024-10-03,1000000.00,3.660047,99.6953125
08:00:32,91282CLP4,TSRYS5893514,D,S,T,2024-10-03,2000000.00,3.660047,99.6953125
08:00:32,91282CLP4,TSRYS5893514,D,S,T,2024-10-03,1000000.00,3.65696,99.701171875
08:00:32,91282CLP4,TSRYS5893514,D,S,T,2024-10-03,1000000.00,3.657989,99.69921875
08:00:32,91282CLP4,TSRYS5893514,D,S,T,2024-10-03,4000000.00,3.652844,99.708984375
08:00:32,91282CLP4,TSRYS5893514,D,S,T,2024-10-03,1000000.00,3.652844,99.708984375
08:00:32,91282CLP4,TSRYS5893514,D,S,T,2024-10-03,2000000.00,3.652844,99.708984375
08:00:32,91282CLP4,TSRYS5893514,D,S,T,2024-10-03,2000000.00,3.652844,99.708984375
08:00:32,91282CLP4,TSRYS5893514,D,S,T,2024-10-03,2000000.00,3.652844,99.708984375
08:00:32,91282CLP4,TSRYS5893514,D,S,T,2024-10-03,4000000.00,3.651815,99.7109375
08:00:32,91282CLP4,TSRYS5893514,D,S,T,2024-10-03,1000000.00,3.652844,99.708984375
08:00:32,91282CLP4,TSRYS5893514,D,S,T,2024-10-03,3000000.00,3.652844,99.708984375
08:00:32,91282CLP4,TSRYS5893514,D,S,T,2024-10-03,1000000.00,3.655931,99.703125
08:00:32,91282CLP4,TSRYS5893514,D,S,T,2024-10-03,2000000.00,3.655931,99.703125
08:00:33,91282CLP4,TSRYS5893514,D,S,D,2024-10-03,1000000.00,3.664163,99.6875
08:00:33,91282CLP4,TSRYS5893514,D,B,C,2024-10-03,1000000.00,3.664163,99.6875
08:00:35,91282CLP4,TSRYS5893514,D,S,D,2024-10-03,1000000.00,3.663134,99.689453125
08:00:35,91282CLP4,TSRYS5893514,D,B,C,2024-10-03,1000000.00,3.663134,99.689453125
08:00:35,91282CLP4,TSRYS5893514,D,B,C,2024-10-03,1000000.00,3.663134,99.689453125
08:00:35,91282CLP4,TSRYS5893514,D,S,D,2024-10-03,1000000.00,3.663134,99.689453125
08:00:35,91282CLP4,TSRYS5893514,D,B,C,2024-10-03,1000000.00,3.663134,99.689453125
08:00:35,91282CLP4,TSRYS5893514,D,S,D,2024-10-03,1000000.00,3.663134,99.689453125
08:00:35,91282CLP4,TSRYS5893514,D,S,D,2024-10-03,1000000.00,3.663134,99.689453125
08:00:35,91282CLP4,TSRYS5893514,D,S,D,2024-10-03,1000000.00,3.660047,99.6953125
08:00:35,91282CLP4,TSRYS5893514,D,S,D,2024-10-03,1000000.00,3.655931,99.703125
08:00:35,91282CLP4,TSRYS5893514,D,S,D,2024-10-03,1000000.00,3.655931,99.703125
08:00:35,91282CLP4,TSRYS5893514,D,S,D,2024-10-03,1000000.00,3.655931,99.703125
08:00:35,91282CLP4,TSRYS5893514,D,S,D,2024-10-03,6000000.00,3.657989,99.69921875
08:00:35,91282CLP4,TSRYS5893514,D,S,D,2024-10-03,4000000.00,3.657989,99.69921875
08:00:35,91282CLP4,TSRYS5893514,D,S,D,2024-10-03,4000000.00,3.657989,99.69921875
08:00:35,91282CLP4,TSRYS5893514,D,S,D,2024-10-03,6000000.00,3.657989,99.69921875
08:00:35,91282CLP4,TSRYS5893514,D,S,D,2024-10-03,4000000.00,3.657989,99.69921875
08:00:36,91282CLP4,TSRYS5893514,D,S,T,2024-10-03,2000000.00,3.657989,99.69921875
08:00:36,91282CLP4,TSRYS5893514,D,B,A,2024-10-03,827000.00,3.639471,99.734375
08:00:37,91282CLP4,TSRYS5893514,D,S,D,2024-10-03,4000000.00,3.654902,99.705078125
08:00:37,91282CLP4,TSRYS5893514,D,S,D,2024-10-03,4000000.00,3.655931,99.703125
08:00:37,91282CLP4,TSRYS5893514,D,S,D,2024-10-03,3000000.00,3.655931,99.703125
08:00:37,91282CLP4,TSRYS5893514,D,S,D,2024-10-03,5000000.00,3.655931,99.703125
08:00:37,91282CLP4,TSRYS5893514,D,S,C,2024-10-03,1000000.00,3.655931,99.703125
08:00:37,91282CLP4,TSRYS5893514,D,S,D,2024-10-03,1000000.00,3.655931,99.703125
08:00:37,91282CLP4,TSRYS5893514,D,S,D,2024-10-03,4000000.00,3.655931,99.703125
08:00:37,91282CLP4,TSRYS5893514,D,S,C,2024-10-03,1000000.00,3.655931,99.703125
08:00:37,91282CLP4,TSRYS5893514,D,S,C,2024-10-03,1000000.00,3.655931,99.703125
08:00:37,91282CLP4,TSRYS5893514,D,S,D,2024-10-03,1000000.00,3.6575,99.7001469114
08:00:37,91282CLP4,TSRYS5893514,D,S,D,2024-10-03,1000000.00,3.6575,99.7001469114
08:00:37,91282CLP4,TSRYS5893514,D,S,D,2024-10-03,1000000.00,3.657,99.7010959518
08:00:38,91282CLP4,TSRYS5893514,D,S,A,2024-10-03,600000.00,3.655931,99.703125
08:00:38,91282CLP4,TSRYS5893514,D,S,D,2024-10-03,1000000.00,3.655931,99.703125
08:00:38,91282CLP4,TSRYS5893514,D,S,C,2024-10-03,1000000.00,3.655931,99.703125
08:00:39,91282CLP4,TSRYS5893514,D,S,C,2024-10-03,1000000.00,3.657989,99.69921875
08:00:39,91282CLP4,TSRYS5893514,D,S,D,2024-10-03,1000000.00,3.652844,99.708984375
08:00:39,91282CLP4,TSRYS5893514,D,B,C,2024-10-03,1000000.00,3.652844,99.708984375
08:00:39,91282CLP4,TSRYS5893514,D,S,D,2024-10-03,1000000.00,3.652844,99.708984375
08:00:39,91282CLP4,TSRYS5893514,D,B,C,2024-10-03,1000000.00,3.652844,99.708984375
08:00:39,91282CLP4,TSRYS5893514,D,B,A,2024-10-03,9370000.00,3.653873,99.70703125
08:00:40,91282CLP4,TSRYS5893514,D,B,C,2024-10-03,1000000.00,3.652844,99.708984375
08:00:40,91282CLP4,TSRYS5893514,D,S,D,2024-10-03,1000000.00,3.652844,99.708984375
08:00:40,91282CLP4,TSRYS5893514,D,B,C,2024-10-03,1000000.00,3.652844,99.708984375
08:00:40,91282CLP4,TSRYS5893514,D,S,D,2024-10-03,1000000.00,3.652844,99.708984375
08:00:40,91282CLP4,TSRYS5893514,D,S,D,2024-10-03,1000000.00,3.652844,99.708984375
08:00:40,91282CLP4,TSRYS5893514,D,S,D,2024-10-03,1000000.00,3.652844,99.708984375
08:00:40,91282CLP4,TSRYS5893514,D,B,C,2024-10-03,1000000.00,3.652844,99.708984375
08:00:40,91282CLP4,TSRYS5893514,D,B,C,2024-10-03,1000000.00,3.652844,99.708984375
08:00:40,91282CLP4,TSRYS5893514,D,S,D,2024-10-03,1000000.00,3.652844,99.708984375
08:00:40,91282CLP4,TSRYS5893514,D,B,C,2024-10-03,1000000.00,3.652844,99.708984375
08:00:40,91282CLP4,TSRYS5893514,D,S,D,2024-10-03,1000000.00,3.653873,99.70703125
08:00:40,91282CLP4,TSRYS5893514,D,B,C,2024-10-03,1000000.00,3.653873,99.70703125
08:00:41,91282CLP4,TSRYS5893514,D,S,A,2024-10-03,10000000.00,3.641528,99.73046875
08:00:42,91282CLP4,TSRYS5893514,D,S,D,2024-10-03,1000000.00,3.657989,99.69921875
08:00:42,91282CLP4,TSRYS5893514,D,S,D,2024-10-03,5000000.00,3.657989,99.69921875
08:00:42,91282CLP4,TSRYS5893514,D,B,A,2024-10-03,600000.00,3.639471,99.734375
08:00:42,91282CLP4,TSRYS5893514,D,S,T,2024-10-03,1000000.00,3.642557,99.728515625
08:00:42,91282CLP4,TSRYS5893514,D,B,A,2024-10-03,39672000.00,3.623018,99.765625
08:00:42,91282CLP4,TSRYS5893514,D,S,T,2024-10-03,1000000.00,3.644614,99.724609375
08:00:44,91282CLP4,TSRYS5893514,D,S,T,2024-10-03,1000000.00,3.651815,99.7109375
08:00:45,91282CLP4,TSRYS5893514,D,S,T,2024-10-03,4000000.00,3.653873,99.70703125
08:00:45,91282CLP4,TSRYS5893514,D,S,T,2024-10-03,1000000.00,3.653873,99.70703125
08:00:45,91282CLP4,TSRYS5893514,D,S,T,2024-10-03,1000000.00,3.653873,99.70703125
08:00:47,91282CLP4,TSRYS5893514,D,S,D,2024-10-03,1000000.00,3.6575,99.7001469114
08:00:48,91282CLP4,TSRYS5893514,D,B,A,2024-10-03,25000000.00,3.66434,99.687165
08:00:49,91282CLP4,TSRYS5893514,D,S,T,2024-10-03,2000000.00,3.664163,99.6875
08:00:49,91282CLP4,TSRYS5893514,D,S,T,2024-10-03,7000000.00,3.664163,99.6875
08:00:49,91282CLP4,TSRYS5893514,D,S,D,2024-10-03,50000000.00,3.660047,99.6953125
08:00:52,91282CLP4,TSRYS5893514,D,B,C,2024-10-03,177000000.00,3.6477,99.71875
08:00:52,91282CLP4,TSRYS5893514,D,S,A,2024-10-03,1728000.00,3.651815,99.7109375
08:00:54,91282CLP4,TSRYS5893514,D,S,T,2024-10-03,2000000.00,3.649758,99.71484375
08:00:54,91282CLP4,TSRYS5893514,D,S,T,2024-10-03,1000000.00,3.664163,99.6875
08:00:55,91282CLP4,TSRYS5893514,D,S,T,2024-10-03,2000000.00,3.664163,99.6875
08:00:55,91282CLP4,TSRYS5893514,D,S,T,2024-10-03,4000000.00,3.664163,99.6875
08:00:56,91282CLP4,TSRYS5893514,D,B,A,2024-10-03,22000000.00,3.651815,99.7109375
08:00:56,91282CLP4,TSRYS5893514,D,S,T,2024-10-03,2000000.00,3.653873,99.70703125
08:00:56,91282CLP4,TSRYS5893514,D,S,T,2024-10-03,5000000.00,3.653873,99.70703125
08:00:56,91282CLP4,TSRYS5893514,D,S,T,2024-10-03,9000000.00,3.653873,99.70703125
08:00:56,91282CLP4,TSRYS5893514,D,S,D,2024-10-03,4000000.00,3.657989,99.69921875
08:00:57,91282CLP4,TSRYS5893514,D,S,D,2024-10-03,10000000.00,3.657989,99.69921875
08:00:57,91282CLP4,TSRYS5893514,D,S,A,2024-10-03,22800000.00,3.655931,99.703125
08:00:58,91282CLP4,TSRYS5893514,D,S,T,2024-10-03,1000000.00,3.653873,99.70703125
08:00:59,91282CLP4,TSRYS5893514,D,S,T,2024-10-03,1000000.00,3.660047,99.6953125
08:00:59,91282CLP4,TSRYS5893514,D,S,T,2024-10-03,2000000.00,3.660047,99.6953125
08:00:59,91282CLP4,TSRYS5893514,D,S,T,2024-10-03,10000000.00,3.664163,99.6875
08:00:59,91282CLP4,TSRYS5893514,D,S,T,2024-10-03,1000000.00,3.664163,99.6875
08:00:59,91282CLP4,TSRYS5893514,D,S,C,2024-10-03,27000.00,3.657462,99.700219
08:00:59,91282CLP4,TSRYS5893514,D,S,T,2024-10-03,1000000.00,3.653873,99.70703125
08:01:00,91282CLP4,TSRYS5893514,D,S,D,2024-10-03,1000000.00,3.643586,99.7265625
08:01:00,91282CLP4,TSRYS5893514,D,B,C,2024-10-03,1000000.00,3.643586,99.7265625
08:01:00,91282CLP4,TSRYS5893514,D,S,C,2024-10-03,3000000.00,3.645643,99.72265625
08:01:00,91282CLP4,TSRYS5893514,D,S,C,2024-10-03,2000000.00,3.646672,99.720703125
08:01:00,91282CLP4,TSRYS5893514,D,S,T,2024-10-03,1000000.00,3.662105,99.69140625
08:01:00,91282CLP4,TSRYS5893514,D,S,C,2024-10-03,2000000.00,3.646672,99.720703125
08:01:00,91282CLP4,TSRYS5893514,D,S,T,2024-10-03,1000000.00,3.664163,99.6875
08:01:00,91282CLP4,TSRYS5893514,D,S,T,2024-10-03,2000000.00,3.651884,99.7108075
08:01:00,91282CLP4,TSRYS5893514,D,S,T,2024-10-03,2000000.00,3.651884,99.7108075
08:01:01,91282CLP4,TSRYS5893514,D,S,T,2024-10-03,1000000.00,3.653873,99.70703125
08:01:01,91282CLP4,TSRYS5893514,D,S,T,2024-10-03,1000000.00,3.647769,99.71862
08:01:01,91282CLP4,TSRYS5893514,D,S,T,2024-10-03,5000000.00,3.647769,99.71862
08:01:01,91282CLP4,TSRYS5893514,D,S,T,2024-10-03,1000000.00,3.647769,99.71862
08:01:01,91282CLP4,TSRYS5893514,D,S,T,2024-10-03,3000000.00,3.647769,99.71862
08:01:01,91282CLP4,TSRYS5893514,D,B,C,2024-10-03,3000000.00,3.649758,99.71484375
08:01:01,91282CLP4,TSRYS5893514,D,B,C,2024-10-03,3000000.00,3.649758,99.71484375
08:01:01,91282CLP4,TSRYS5893514,D,S,C,2024-10-03,3000000.00,3.649758,99.71484375
08:01:01,91282CLP4,TSRYS5893514,D,S,C,2024-10-03,2000000.00,3.648729,99.716796875
08:01:01,91282CLP4,TSRYS5893514,D,S,C,2024-10-03,2000000.00,3.646672,99.720703125
08:01:01,91282CLP4,TSRYS5893514,D,S,C,2024-10-03,1000000.00,3.646672,99.720703125
08:01:01,91282CLP4,TSRYS5893514,D,B,C,2024-10-03,1000000.00,3.646672,99.720703125
08:01:01,91282CLP4,TSRYS5893514,D,S,C,2024-10-03,3000000.00,3.649758,99.71484375
08:01:01,91282CLP4,TSRYS5893514,D,S,C,2024-10-03,1000000.00,3.646672,99.720703125
08:01:01,91282CLP4,TSRYS5893514,D,B,C,2024-10-03,1000000.00,3.646672,99.720703125
08:01:01,91282CLP4,TSRYS5893514,D,S,C,2024-10-03,1000000.00,3.646672,99.720703125
08:01:01,91282CLP4,TSRYS5893514,D,B,C,2024-10-03,2000000.00,3.646672,99.720703125
08:01:01,91282CLP4,TSRYS5893514,D,S,C,2024-10-03,1000000.00,3.646672,99.720703125
08:01:01,91282CLP4,TSRYS5893514,D,S,D,2024-10-03,2000000.00,3.646672,99.720703125
08:01:01,91282CLP4,TSRYS5893514,D,S,C,2024-10-03,2000000.00,3.646672,99.720703125
08:01:01,91282CLP4,TSRYS5893514,D,S,C,2024-10-03,1000000.00,3.643586,99.7265625
08:01:01,91282CLP4,TSRYS5893514,D,S,D,2024-10-03,1000000.00,3.644614,99.724609375
08:01:01,91282CLP4,TSRYS5893514,D,S,D,2024-10-03,2000000.00,3.644614,99.724609375
08:01:01,91282CLP4,TSRYS5893514,D,S,D,2024-10-03,1000000.00,3.6477,99.71875
08:01:01,91282CLP4,TSRYS5893514,D,B,C,2024-10-03,1000000.00,3.645643,99.72265625
08:01:01,91282CLP4,TSRYS5893514,D,B,C,2024-10-03,2000000.00,3.646672,99.720703125
08:01:01,91282CLP4,TSRYS5893514,D,B,C,2024-10-03,10000000.00,3.641528,99.73046875
08:01:01,91282CLP4,TSRYS5893514,D,S,C,2024-10-03,1000000.00,3.645643,99.72265625
08:01:01,91282CLP4,TSRYS5893514,D,S,C,2024-10-03,2000000.00,3.643586,99.7265625
08:01:01,91282CLP4,TSRYS5893514,D,S,D,2024-10-03,1000000.00,3.643586,99.7265625
08:01:01,91282CLP4,TSRYS5893514,D,S,C,2024-10-03,4000000.00,3.638443,99.736328125
08:01:01,91282CLP4,TSRYS5893514,D,S,C,2024-10-03,1000000.00,3.638443,99.736328125
08:01:01,91282CLP4,TSRYS5893514,D,S,D,2024-10-03,1000000.00,3.644614,99.724609375
08:01:01,91282CLP4,TSRYS5893514,D,S,D,2024-10-03,1000000.00,3.644614,99.724609375
08:01:01,91282CLP4,TSRYS5893514,D,S,C,2024-10-03,1000000.00,3.638443,99.736328125
08:01:01,91282CLP4,TSRYS5893514,D,S,D,2024-10-03,1000000.00,3.644614,99.724609375
08:01:02,91282CLP4,TSRYS5893514,D,S,D,2024-10-03,1000000.00,3.644614,99.724609375
08:01:02,91282CLP4,TSRYS5893514,D,S,C,2024-10-03,3000000.00,3.638443,99.736328125
08:01:02,91282CLP4,TSRYS5893514,D,S,D,2024-10-03,1000000.00,3.642557,99.728515625
08:01:02,91282CLP4,TSRYS5893514,D,S,D,2024-10-03,2000000.00,3.642557,99.728515625
08:01:02,91282CLP4,TSRYS5893514,D,S,C,2024-10-03,1000000.00,3.641528,99.73046875
08:01:02,91282CLP4,TSRYS5893514,D,S,D,2024-10-03,1000000.00,3.642557,99.728515625
08:01:02,91282CLP4,TSRYS5893514,D,S,C,2024-10-03,1000000.00,3.638443,99.736328125
08:01:02,91282CLP4,TSRYS5893514,D,B,C,2024-10-03,1000000.00,3.641528,99.73046875
08:01:02,91282CLP4,TSRYS5893514,D,S,D,2024-10-03,1000000.00,3.644614,99.724609375
08:01:02,91282CLP4,TSRYS5893514,D,S,D,2024-10-03,3000000.00,3.639471,99.734375
08:01:02,91282CLP4,TSRYS5893514,D,S,C,2024-10-03,1000000.00,3.638443,99.736328125
08:01:02,91282CLP4,TSRYS5893514,D,S,C,2024-10-03,10000000.00,3.641528,99.73046875
08:01:02,91282CLP4,TSRYS5893514,D,S,D,2024-10-03,2000000.00,3.638443,99.736328125
08:01:02,91282CLP4,TSRYS5893514,D,S,C,2024-10-03,2000000.00,3.641528,99.73046875
08:01:02,91282CLP4,TSRYS5893514,D,S,C,2024-10-03,1000000.00,3.641528,99.73046875
08:01:02,91282CLP4,TSRYS5893514,D,S,C,2024-10-03,1000000.00,3.638443,99.736328125
08:01:02,91282CLP4,TSRYS5893514,D,S,C,2024-10-03,1000000.00,3.641528,99.73046875
08:01:02,91282CLP4,TSRYS5893514,D,S,C,2024-10-03,1000000.00,3.641528,99.73046875
08:01:02,91282CLP4,TSRYS5893514,D,S,D,2024-10-03,1000000.00,3.638443,99.736328125
08:01:02,91282CLP4,TSRYS5893514,D,S,C,2024-10-03,1000000.00,3.638443,99.736328125
08:01:02,91282CLP4,TSRYS5893514,D,B,C,2024-10-03,3000000.00,3.639471,99.734375
08:01:02,91282CLP4,TSRYS5893514,D,S,D,2024-10-03,1000000.00,3.638443,99.736328125
08:01:02,91282CLP4,TSRYS5893514,D,S,C,2024-10-03,11000000.00,3.638443,99.736328125
08:01:02,91282CLP4,TSRYS5893514,D,S,D,2024-10-03,1000000.00,3.638443,99.736328125
08:01:02,91282CLP4,TSRYS5893514,D,S,C,2024-10-03,1000000.00,3.638443,99.736328125
08:01:02,91282CLP4,TSRYS5893514,D,S,D,2024-10-03,3000000.00,3.638443,99.736328125
08:01:02,91282CLP4,TSRYS5893514,D,S,C,2024-10-03,1000000.00,3.638443,99.736328125
08:01:02,91282CLP4,TSRYS5893514,D,S,C,2024-10-03,1000000.00,3.638443,99.736328125
08:01:02,91282CLP4,TSRYS5893514,D,S,C,2024-10-03,1000000.00,3.639471,99.734375
08:01:02,91282CLP4,TSRYS5893514,D,S,C,2024-10-03,4000000.00,3.639471,99.734375
08:01:02,91282CLP4,TSRYS5893514,D,S,C,2024-10-03,1000000.00,3.638443,99.736328125
08:01:02,91282CLP4,TSRYS5893514,D,S,C,2024-10-03,1000000.00,3.638443,99.736328125
08:01:02,91282CLP4,TSRYS5893514,D,S,C,2024-10-03,1000000.00,3.639471,99.734375
08:01:02,91282CLP4,TSRYS5893514,D,S,C,2024-10-03,1000000.00,3.638443,99.736328125
08:01:02,91282CLP4,TSRYS5893514,D,S,C,2024-10-03,1000000.00,3.638443,99.736328125
08:01:02,91282CLP4,TSRYS5893514,D,S,C,2024-10-03,1000000.00,3.638443,99.736328125
08:01:02,91282CLP4,TSRYS5893514,D,S,C,2024-10-03,1000000.00,3.638443,99.736328125
08:01:02,91282CLP4,TSRYS5893514,D,S,C,2024-10-03,1000000.00,3.638443,99.736328125
08:01:02,91282CLP4,TSRYS5893514,D,S,C,2024-10-03,1000000.00,3.642557,99.728515625
08:01:02,91282CLP4,TSRYS5893514,D,S,C,2024-10-03,3000000.00,3.638443,99.736328125
08:01:02,91282CLP4,TSRYS5893514,D,S,C,2024-10-03,1000000.00,3.638443,99.736328125
08:01:02,91282CLP4,TSRYS5893514,D,S,C,2024-10-03,1000000.00,3.638443,99.736328125
08:01:02,91282CLP4,TSRYS5893514,D,S,C,2024-10-03,2000000.00,3.638443,99.736328125
08:01:02,91282CLP4,TSRYS5893514,D,S,D,2024-10-03,4000000.00,3.643586,99.7265625
08:01:02,91282CLP4,TSRYS5893514,D,S,C,2024-10-03,1000000.00,3.638443,99.736328125
08:01:02,91282CLP4,TSRYS5893514,D,S,C,2024-10-03,1000000.00,3.638443,99.736328125
08:01:02,91282CLP4,TSRYS5893514,D,S,C,2024-10-03,1000000.00,3.638443,99.736328125
08:01:02,91282CLP4,TSRYS5893514,D,S,C,2024-10-03,1000000.00,3.638443,99.736328125
08:01:02,91282CLP4,TSRYS5893514,D,S,C,2024-10-03,1000000.00,3.638443,99.736328125
08:01:02,91282CLP4,TSRYS5893514,D,S,D,2024-10-03,4000000.00,3.643586,99.7265625
08:01:02,91282CLP4,TSRYS5893514,D,S,C,2024-10-03,1000000.00,3.638443,99.736328125
08:01:02,91282CLP4,TSRYS5893514,D,S,C,2024-10-03,3000000.00,3.638443,99.736328125
08:01:02,91282CLP4,TSRYS5893514,D,S,C,2024-10-03,2000000.00,3.639471,99.734375
08:01:02,91282CLP4,TSRYS5893514,D,S,C,2024-10-03,1000000.00,3.638443,99.736328125
08:01:02,91282CLP4,TSRYS5893514,D,S,C,2024-10-03,1000000.00,3.639471,99.734375
08:01:02,91282CLP4,TSRYS5893514,D,S,D,2024-10-03,2000000.00,3.643586,99.7265625
08:01:02,91282CLP4,TSRYS5893514,D,S,C,2024-10-03,1000000.00,3.639471,99.734375
08:01:02,91282CLP4,TSRYS5893514,D,S,C,2024-10-03,1000000.00,3.638443,99.736328125
08:01:02,91282CLP4,TSRYS5893514,D,S,C,2024-10-03,2000000.00,3.652844,99.708984375
08:01:02,91282CLP4,TSRYS5893514,D,S,D,2024-10-03,4000000.00,3.642557,99.728515625
08:01:02,91282CLP4,TSRYS5893514,D,S,C,2024-10-03,4000000.00,3.638443,99.736328125
08:01:02,91282CLP4,TSRYS5893514,D,S,C,2024-10-03,1000000.00,3.643586,99.7265625
08:01:02,91282CLP4,TSRYS5893514,D,B,C,2024-10-03,1000000.00,3.639471,99.734375
08:01:02,91282CLP4,TSRYS5893514,D,B,C,2024-10-03,2000000.00,3.642557,99.728515625
08:01:02,91282CLP4,TSRYS5893514,D,S,D,2024-10-03,4000000.00,3.643586,99.7265625
08:01:02,91282CLP4,TSRYS5893514,D,S,D,2024-10-03,2000000.00,3.642557,99.728515625
08:01:02,91282CLP4,TSRYS5893514,D,S,C,2024-10-03,2000000.00,3.643586,99.7265625
08:01:02,91282CLP4,TSRYS5893514,D,S,D,2024-10-03,1000000.00,3.643586,99.7265625
08:01:02,91282CLP4,TSRYS5893514,D,S,C,2024-10-03,1000000.00,3.6477,99.71875
08:01:02,91282CLP4,TSRYS5893514,D,S,D,2024-10-03,4000000.00,3.645643,99.72265625
08:01:02,91282CLP4,TSRYS5893514,D,S,D,2024-10-03,4000000.00,3.642557,99.728515625
08:01:02,91282CLP4,TSRYS5893514,D,S,D,2024-10-03,4000000.00,3.645643,99.72265625
08:01:02,91282CLP4,TSRYS5893514,D,S,C,2024-10-03,3000000.00,3.6477,99.71875
08:01:02,91282CLP4,TSRYS5893514,D,S,D,2024-10-03,1000000.00,3.653873,99.70703125
08:01:02,91282CLP4,TSRYS5893514,D,S,C,2024-10-03,1000000.00,3.648729,99.716796875
08:01:02,91282CLP4,TSRYS5893514,D,S,C,2024-10-03,1000000.00,3.653873,99.70703125
08:01:02,91282CLP4,TSRYS5893514,D,S,C,2024-10-03,2000000.00,3.650787,99.712890625
08:01:02,91282CLP4,TSRYS5893514,D,S,C,2024-10-03,1000000.00,3.652844,99.708984375
08:01:02,91282CLP4,TSRYS5893514,D,S,C,2024-10-03,1000000.00,3.651815,99.7109375
08:01:02,91282CLP4,TSRYS5893514,D,S,C,2024-10-03,1000000.00,3.652844,99.708984375
08:01:02,91282CLP4,TSRYS5893514,D,S,C,2024-10-03,1000000.00,3.655931,99.703125
08:01:02,91282CLP4,TSRYS5893514,D,S,D,2024-10-03,1000000.00,3.651815,99.7109375
08:01:03,91282CLP4,TSRYS5893514,D,S,C,2024-10-03,1000000.00,3.653873,99.70703125
08:01:03,91282CLP4,TSRYS5893514,D,S,C,2024-10-03,2000000.00,3.655931,99.703125
08:01:03,91282CLP4,TSRYS5893514,D,S,C,2024-10-03,1000000.00,3.655931,99.703125
08:01:03,91282CLP4,TSRYS5893514,D,S,C,2024-10-03,1000000.00,3.654902,99.705078125
08:01:03,91282CLP4,TSRYS5893514,D,B,C,2024-10-03,1000000.00,3.654902,99.705078125
08:01:03,91282CLP4,TSRYS5893514,D,B,C,2024-10-03,1000000.00,3.648729,99.716796875
08:01:03,91282CLP4,TSRYS5893514,D,S,C,2024-10-03,1000000.00,3.653873,99.70703125
08:01:03,91282CLP4,TSRYS5893514,D,S,C,2024-10-03,1000000.00,3.653873,99.70703125
08:01:03,91282CLP4,TSRYS5893514,D,S,C,2024-10-03,1000000.00,3.655931,99.703125
08:01:03,91282CLP4,TSRYS5893514,D,S,C,2024-10-03,3000000.00,3.653873,99.70703125
08:01:03,91282CLP4,TSRYS5893514,D,S,C,2024-10-03,3000000.00,3.653873,99.70703125
08:01:03,91282CLP4,TSRYS5893514,D,S,C,2024-10-03,1000000.00,3.653873,99.70703125
08:01:03,91282CLP4,TSRYS5893514,D,S,C,2024-10-03,1000000.00,3.653873,99.70703125
08:01:03,91282CLP4,TSRYS5893514,D,S,C,2024-10-03,1000000.00,3.654902,99.705078125
08:01:03,91282CLP4,TSRYS5893514,D,B,C,2024-10-03,1000000.00,3.654902,99.705078125
08:01:03,91282CLP4,TSRYS5893514,D,B,C,2024-10-03,2000000.00,3.652844,99.708984375
08:01:03,91282CLP4,TSRYS5893514,D,B,C,2024-10-03,1000000.00,3.651815,99.7109375
08:01:03,91282CLP4,TSRYS5893514,D,S,C,2024-10-03,1000000.00,3.651815,99.7109375
08:01:03,91282CLP4,TSRYS5893514,D,S,C,2024-10-03,1000000.00,3.651815,99.7109375
08:01:03,91282CLP4,TSRYS5893514,D,S,D,2024-10-03,2000000.00,3.652844,99.708984375
08:01:03,91282CLP4,TSRYS5893514,D,S,C,2024-10-03,3000000.00,3.651815,99.7109375
08:01:03,91282CLP4,TSRYS5893514,D,S,C,2024-10-03,4000000.00,3.650787,99.712890625
08:01:03,91282CLP4,TSRYS5893514,D,B,C,2024-10-03,4000000.00,3.650787,99.712890625
08:01:03,91282CLP4,TSRYS5893514,D,S,D,2024-10-03,1000000.00,3.6477,99.71875
08:01:03,91282CLP4,TSRYS5893514,D,S,D,2024-10-03,1000000.00,3.6477,99.71875
08:01:03,91282CLP4,TSRYS5893514,D,B,C,2024-10-03,1000000.00,3.6477,99.71875
08:01:03,91282CLP4,TSRYS5893514,D,B,C,2024-10-03,10000000.00,3.6477,99.71875
08:01:03,91282CLP4,TSRYS5893514,D,S,C,2024-10-03,1000000.00,3.649758,99.71484375
08:01:03,91282CLP4,TSRYS5893514,D,S,D,2024-10-03,1000000.00,3.6477,99.71875
08:01:03,91282CLP4,TSRYS5893514,D,S,D,2024-10-03,10000000.00,3.6477,99.71875
08:01:03,91282CLP4,TSRYS5893514,D,S,C,2024-10-03,3000000.00,3.649758,99.71484375
08:01:03,91282CLP4,TSRYS5893514,D,S,D,2024-10-03,2000000.00,3.649758,99.71484375
08:01:03,91282CLP4,TSRYS5893514,D,B,C,2024-10-03,1000000.00,3.650787,99.712890625
08:01:03,91282CLP4,TSRYS5893514,D,S,C,2024-10-03,1000000.00,3.650787,99.712890625
08:01:03,91282CLP4,TSRYS5893514,D,B,C,2024-10-03,5000000.00,3.653873,99.70703125
08:01:03,91282CLP4,TSRYS5893514,D,S,C,2024-10-03,1000000.00,3.651815,99.7109375
08:01:03,91282CLP4,TSRYS5893514,D,S,C,2024-10-03,5000000.00,3.653873,99.70703125
08:01:03,91282CLP4,TSRYS5893514,D,B,C,2024-10-03,1000000.00,3.651815,99.7109375
08:01:03,91282CLP4,TSRYS5893514,D,S,D,2024-10-03,1000000.00,3.651815,99.7109375
08:01:03,91282CLP4,TSRYS5893514,D,S,D,2024-10-03,1000000.00,3.651815,99.7109375
08:01:03,91282CLP4,TSRYS5893514,D,B,C,2024-10-03,1000000.00,3.651815,99.7109375
08:01:03,91282CLP4,TSRYS5893514,D,S,D,2024-10-03,1000000.00,3.651815,99.7109375
08:01:03,91282CLP4,TSRYS5893514,D,S,C,2024-10-03,3000000.00,3.646672,99.720703125
08:01:03,91282CLP4,TSRYS5893514,D,S,C,2024-10-03,1000000.00,3.652844,99.708984375
08:01:03,91282CLP4,TSRYS5893514,D,B,C,2024-10-03,3000000.00,3.646672,99.720703125
08:01:03,91282CLP4,TSRYS5893514,D,S,C,2024-10-03,2000000.00,3.649758,99.71484375
08:01:03,91282CLP4,TSRYS5893514,D,S,D,2024-10-03,1000000.00,3.649758,99.71484375
08:01:03,91282CLP4,TSRYS5893514,D,S,D,2024-10-03,3000000.00,3.651815,99.7109375
08:01:03,91282CLP4,TSRYS5893514,D,S,D,2024-10-03,1000000.00,3.653873,99.70703125
08:01:03,91282CLP4,TSRYS5893514,D,S,D,2024-10-03,1000000.00,3.653873,99.70703125
08:01:03,91282CLP4,TSRYS5893514,D,S,D,2024-10-03,1000000.00,3.653873,99.70703125
08:01:04,91282CLP4,TSRYS5893514,D,S,C,2024-10-03,1000000.00,3.660047,99.6953125
08:01:04,91282CLP4,TSRYS5893514,D,S,C,2024-10-03,1000000.00,3.660047,99.6953125
08:01:04,91282CLP4,TSRYS5893514,D,S,D,2024-10-03,3000000.00,3.662105,99.69140625
08:01:04,91282CLP4,TSRYS5893514,D,S,C,2024-10-03,1000000.00,3.661076,99.693359375
08:01:04,91282CLP4,TSRYS5893514,D,S,C,2024-10-03,1000000.00,3.661076,99.693359375
08:01:04,91282CLP4,TSRYS5893514,D,S,C,2024-10-03,1000000.00,3.662105,99.69140625
08:01:04,91282CLP4,TSRYS5893514,D,S,C,2024-10-03,1000000.00,3.663134,99.689453125
08:01:04,91282CLP4,TSRYS5893514,D,B,C,2024-10-03,2000000.00,3.661076,99.693359375
08:01:04,91282CLP4,TSRYS5893514,D,S,D,2024-10-03,2000000.00,3.661076,99.693359375
08:01:04,91282CLP4,TSRYS5893514,D,S,C,2024-10-03,2000000.00,3.660047,99.6953125
08:01:04,91282CLP4,TSRYS5893514,D,S,C,2024-10-03,1000000.00,3.660047,99.6953125
08:01:04,91282CLP4,TSRYS5893514,D,S,C,2024-10-03,1000000.00,3.661076,99.693359375
08:01:04,91282CLP4,TSRYS5893514,D,S,C,2024-10-03,1000000.00,3.664163,99.6875
08:01:04,91282CLP4,TSRYS5893514,D,S,C,2024-10-03,2000000.00,3.665192,99.685546875
08:01:04,91282CLP4,TSRYS5893514,D,S,C,2024-10-03,1000000.00,3.665192,99.685546875
08:01:04,91282CLP4,TSRYS5893514,D,S,C,2024-10-03,1000000.00,3.665192,99.685546875
08:01:04,91282CLP4,TSRYS5893514,D,S,C,2024-10-03,1000000.00,3.665192,99.685546875
08:01:04,91282CLP4,TSRYS5893514,D,S,C,2024-10-03,1000000.00,3.665192,99.685546875
08:01:04,91282CLP4,TSRYS5893514,D,S,C,2024-10-03,1000000.00,3.665192,99.685546875
08:01:04,91282CLP4,TSRYS5893514,D,S,C,2024-10-03,1000000.00,3.661076,99.693359375
08:01:04,91282CLP4,TSRYS5893514,D,B,C,2024-10-03,1000000.00,3.661076,99.693359375
08:01:04,91282CLP4,TSRYS5893514,D,B,C,2024-10-03,3000000.00,3.661076,99.693359375
08:01:04,91282CLP4,TSRYS5893514,D,B,C,2024-10-03,3000000.00,3.661076,99.693359375
08:01:04,91282CLP4,TSRYS5893514,D,S,C,2024-10-03,3000000.00,3.661076,99.693359375
08:01:04,91282CLP4,TSRYS5893514,D,S,C,2024-10-03,3000000.00,3.661076,99.693359375
08:01:04,91282CLP4,TSRYS5893514,D,S,C,2024-10-03,2000000.00,3.662105,99.69140625
08:01:04,91282CLP4,TSRYS5893514,D,S,C,2024-10-03,1000000.00,3.663134,99.689453125
08:01:04,91282CLP4,TSRYS5893514,D,S,C,2024-10-03,1000000.00,3.663134,99.689453125
08:01:04,91282CLP4,TSRYS5893514,D,B,C,2024-10-03,1000000.00,3.663134,99.689453125
08:01:04,91282CLP4,TSRYS5893514,D,S,C,2024-10-03,2000000.00,3.663134,99.689453125
08:01:04,91282CLP4,TSRYS5893514,D,S,C,2024-10-03,1000000.00,3.663134,99.689453125
08:01:04,91282CLP4,TSRYS5893514,D,S,C,2024-10-03,1000000.00,3.663134,99.689453125
08:01:04,91282CLP4,TSRYS5893514,D,S,C,2024-10-03,1000000.00,3.663134,99.689453125
08:01:04,91282CLP4,TSRYS5893514,D,S,D,2024-10-03,1000000.00,3.660047,99.6953125
08:01:04,91282CLP4,TSRYS5893514,D,S,C,2024-10-03,2000000.00,3.660047,99.6953125
08:01:04,91282CLP4,TSRYS5893514,D,S,C,2024-10-03,2000000.00,3.660047,99.6953125
08:01:04,91282CLP4,TSRYS5893514,D,S,C,2024-10-03,4000000.00,3.660047,99.6953125
08:01:04,91282CLP4,TSRYS5893514,D,B,C,2024-10-03,1000000.00,3.660047,99.6953125
08:01:04,91282CLP4,TSRYS5893514,D,S,C,2024-10-03,1000000.00,3.660047,99.6953125
08:01:04,91282CLP4,TSRYS5893514,D,S,C,2024-10-03,2000000.00,3.660047,99.6953125
08:01:04,91282CLP4,TSRYS5893514,D,S,T,2024-10-03,2000000.00,3.653942,99.70690125
08:01:06,91282CLP4,TSRYS5893514,D,S,A,2024-10-03,6300000.00,3.653873,99.70703125
08:01:06,91282CLP4,TSRYS5893514,D,S,A,2024-10-03,1132000.00,3.637414,99.73828125
08:01:09,91282CLP4,TSRYS5893514,D,S,C,2024-10-03,1000000.00,3.645643,99.72265625
08:01:09,91282CLP4,TSRYS5893514,D,B,C,2024-10-03,1000000.00,3.645643,99.72245625
08:01:09,91282CLP4,TSRYS5893514,D,S,C,2024-10-03,1000000.00,3.646672,99.720703125
08:01:09,91282CLP4,TSRYS5893514,D,S,C,2024-10-03,1000000.00,3.646672,99.720703125
08:01:09,91282CLP4,TSRYS5893514,D,S,C,2024-10-03,1000000.00,3.646672,99.720703125
08:01:09,91282CLP4,TSRYS5893514,D,S,D,2024-10-03,1000000.00,3.646672,99.720703125
08:01:09,91282CLP4,TSRYS5893514,D,S,D,2024-10-03,1000000.00,3.646672,99.720703125
08:01:09,91282CLP4,TSRYS5893514,D,S,C,2024-10-03,1000000.00,3.646672,99.720703125
08:01:09,91282CLP4,TSRYS5893514,D,S,D,2024-10-03,1000000.00,3.646672,99.720703125
08:01:09,91282CLP4,TSRYS5893514,D,S,D,2024-10-03,1000000.00,3.646672,99.720703125
08:01:09,91282CLP4,TSRYS5893514,D,B,C,2024-10-03,1000000.00,3.648729,99.716796875
08:01:09,91282CLP4,TSRYS5893514,D,S,D,2024-10-03,1000000.00,3.648729,99.716796875
08:01:09,91282CLP4,TSRYS5893514,D,B,C,2024-10-03,1000000.00,3.648729,99.716796875
08:01:09,91282CLP4,TSRYS5893514,D,S,D,2024-10-03,1000000.00,3.648729,99.716796875
08:01:09,91282CLP4,TSRYS5893514,D,B,C,2024-10-03,1000000.00,3.648729,99.716796875
08:01:09,91282CLP4,TSRYS5893514,D,S,D,2024-10-03,1000000.00,3.648729,99.716796875
08:01:09,91282CLP4,TSRYS5893514,D,B,C,2024-10-03,1000000.00,3.648729,99.716796875
08:01:09,91282CLP4,TSRYS5893514,D,S,D,2024-10-03,1000000.00,3.648729,99.716796875
08:01:09,91282CLP4,TSRYS5893514,D,B,C,2024-10-03,1000000.00,3.648729,99.716796875
08:01:09,91282CLP4,TSRYS5893514,D,S,D,2024-10-03,1000000.00,3.648729,99.716796875
08:01:09,91282CLP4,TSRYS5893514,D,B,C,2024-10-03,1000000.00,3.648729,99.716796875
08:01:09,91282CLP4,TSRYS5893514,D,S,D,2024-10-03,1000000.00,3.648729,99.716796875
08:01:09,91282CLP4,TSRYS5893514,D,B,C,2024-10-03,1000000.00,3.648729,99.716796875
