tradeTime,cusip,issueSymbolIdentifier,priceType,reportingSideCode,contraPartyTypeCode,tradeDate,reportedTradeVolume,lastSaleYield,lastSalePrice
08:00:02,91282CLH2,TSRYS5875646,D,S,D,2024-09-16,1000000.00,3.556104,100.361328125
08:00:02,91282CLH2,TSRYS5875646,D,S,D,2024-09-16,1000000.00,3.556104,100.361328125
08:00:02,91282CLH2,TSRYS5875646,D,S,D,2024-09-16,1000000.00,3.556104,100.361328125
08:00:02,91282CLH2,TSRYS5875646,D,S,D,2024-09-16,1000000.00,3.556104,100.361328125
08:00:02,91282CLH2,TSRYS5875646,D,S,D,2024-09-16,1000000.00,3.556104,100.361328125
08:00:02,91282CLH2,TSRYS5875646,D,S,D,2024-09-16,1000000.00,3.556104,100.361328125
08:00:02,91282CLH2,TSRYS5875646,D,S,D,2024-09-16,1000000.00,3.556104,100.361328125
08:00:02,91282CLH2,TSRYS5875646,D,S,D,2024-09-16,1000000.00,3.556104,100.361328125
08:00:02,91282CLH2,TSRYS5875646,D,S,D,2024-09-16,1000000.00,3.556104,100.361328125
08:00:02,91282CLH2,TSRYS5875646,D,S,D,2024-09-16,1000000.00,3.556104,100.361328125
08:00:02,91282CLH2,TSRYS5875646,D,S,D,2024-09-16,1000000.00,3.556104,100.361328125
08:00:02,91282CLH2,TSRYS5875646,D,S,D,2024-09-16,1000000.00,3.556104,100.361328125
08:00:02,91282CLH2,TSRYS5875646,D,S,D,2024-09-16,1000000.00,3.556104,100.361328125
08:00:02,91282CLH2,TSRYS5875646,D,S,D,2024-09-16,1000000.00,3.556104,100.361328125
08:00:02,91282CLH2,TSRYS5875646,D,S,D,2024-09-16,1000000.00,3.556104,100.361328125
08:00:02,91282CLH2,TSRYS5875646,D,S,D,2024-09-16,1000000.00,3.556104,100.361328125
08:00:02,91282CLH2,TSRYS5875646,D,S,D,2024-09-16,1000000.00,3.556104,100.361328125
08:00:02,91282CLH2,TSRYS5875646,D,S,D,2024-09-16,1000000.00,3.556104,100.361328125
08:00:02,91282CLH2,TSRYS5875646,D,S,D,2024-09-16,1000000.00,3.556104,100.361328125
08:00:02,91282CLH2,TSRYS5875646,D,S,D,2024-09-16,1000000.00,3.556104,100.361328125
08:00:02,91282CLH2,TSRYS5875646,D,S,D,2024-09-16,1000000.00,3.556104,100.361328125
08:00:02,91282CLH2,TSRYS5875646,D,S,D,2024-09-16,1000000.00,3.556104,100.361328125
08:00:03,91282CLH2,TSRYS5875646,D,S,D,2024-09-16,1000000.00,3.55298,100.3671875
08:00:03,91282CLH2,TSRYS5875646,D,S,D,2024-09-16,1000000.00,3.556104,100.361328125
08:00:03,91282CLH2,TSRYS5875646,D,S,D,2024-09-16,1000000.00,3.556104,100.361328125
08:00:03,91282CLH2,TSRYS5875646,D,S,D,2024-09-16,1000000.00,3.556104,100.361328125
08:00:03,91282CLH2,TSRYS5875646,D,S,D,2024-09-16,1000000.00,3.556104,100.361328125
08:00:03,91282CLH2,TSRYS5875646,D,S,D,2024-09-16,1000000.00,3.556104,100.361328125
08:00:03,91282CLH2,TSRYS5875646,D,S,D,2024-09-16,1000000.00,3.556104,100.361328125
08:00:03,91282CLH2,TSRYS5875646,D,S,D,2024-09-16,1000000.00,3.556104,100.361328125
08:00:03,91282CLH2,TSRYS5875646,D,S,D,2024-09-16,1000000.00,3.556104,100.361328125
08:00:03,91282CLH2,TSRYS5875646,D,S,D,2024-09-16,1000000.00,3.556104,100.361328125
08:00:03,91282CLH2,TSRYS5875646,D,S,D,2024-09-16,1000000.00,3.556104,100.361328125
08:00:03,91282CLH2,TSRYS5875646,D,S,D,2024-09-16,1000000.00,3.556104,100.361328125
08:00:03,91282CLH2,TSRYS5875646,D,S,D,2024-09-16,1000000.00,3.556104,100.361328125
08:00:03,91282CLH2,TSRYS5875646,D,S,D,2024-09-16,1000000.00,3.556104,100.361328125
08:00:03,91282CLH2,TSRYS5875646,D,S,D,2024-09-16,1000000.00,3.556104,100.361328125
08:00:03,91282CLH2,TSRYS5875646,D,S,D,2024-09-16,1000000.00,3.556104,100.361328125
08:00:03,91282CLH2,TSRYS5875646,D,S,D,2024-09-16,1000000.00,3.556104,100.361328125
08:00:03,91282CLH2,TSRYS5875646,D,S,D,2024-09-16,1000000.00,3.556104,100.361328125
08:00:03,91282CLH2,TSRYS5875646,D,S,D,2024-09-16,1000000.00,3.556104,100.361328125
08:00:03,91282CLH2,TSRYS5875646,D,S,D,2024-09-16,1000000.00,3.556104,100.361328125
08:00:03,91282CLH2,TSRYS5875646,D,S,D,2024-09-16,1000000.00,3.556104,100.361328125
08:00:03,91282CLH2,TSRYS5875646,D,S,D,2024-09-16,1000000.00,3.55298,100.3671875
08:00:03,91282CLH2,TSRYS5875646,D,S,D,2024-09-16,1000000.00,3.55298,100.3671875
08:00:03,91282CLH2,TSRYS5875646,D,S,T,2024-09-16,1000000.00,3.55298,100.3671875
08:00:03,91282CLH2,TSRYS5875646,D,S,T,2024-09-16,1000000.00,3.55298,100.3671875
08:00:03,91282CLH2,TSRYS5875646,D,S,D,2024-09-16,1000000.00,3.550897,100.37109375
08:00:03,91282CLH2,TSRYS5875646,D,S,D,2024-09-16,1000000.00,3.550897,100.37109375
08:00:03,91282CLH2,TSRYS5875646,D,S,T,2024-09-16,1000000.00,3.550897,100.37109375
08:00:03,91282CLH2,TSRYS5875646,D,S,D,2024-09-16,1000000.00,3.551938,100.369140625
08:00:03,91282CLH2,TSRYS5875646,D,S,D,2024-09-16,1000000.00,3.556104,100.361328125
08:00:03,91282CLH2,TSRYS5875646,D,S,D,2024-09-16,1000000.00,3.556104,100.361328125
08:00:03,91282CLH2,TSRYS5875646,D,S,D,2024-09-16,1000000.00,3.558187,100.357421875
08:00:03,91282CLH2,TSRYS5875646,D,S,D,2024-09-16,1000000.00,3.558187,100.357421875
08:00:03,91282CLH2,TSRYS5875646,D,S,D,2024-09-16,1000000.00,3.557145,100.359375
08:00:03,91282CLH2,TSRYS5875646,D,S,D,2024-09-16,1000000.00,3.557145,100.359375
08:00:03,91282CLH2,TSRYS5875646,D,S,D,2024-09-16,1000000.00,3.557145,100.359375
08:00:03,91282CLH2,TSRYS5875646,D,S,D,2024-09-16,1000000.00,3.557145,100.359375
08:00:03,91282CLH2,TSRYS5875646,D,S,D,2024-09-16,1000000.00,3.557145,100.359375
08:00:03,91282CLH2,TSRYS5875646,D,S,D,2024-09-16,1000000.00,3.557145,100.359375
08:00:03,91282CLH2,TSRYS5875646,D,S,D,2024-09-16,1000000.00,3.557145,100.359375
08:00:03,91282CLH2,TSRYS5875646,D,S,D,2024-09-16,1000000.00,3.557145,100.359375
08:00:03,91282CLH2,TSRYS5875646,D,S,D,2024-09-16,1000000.00,3.557145,100.359375
08:00:03,91282CLH2,TSRYS5875646,D,S,D,2024-09-16,1000000.00,3.557145,100.359375
08:00:03,91282CLH2,TSRYS5875646,D,S,T,2024-09-16,1000000.00,3.557145,100.359375
08:00:03,91282CLH2,TSRYS5875646,D,S,T,2024-09-16,1000000.00,3.557145,100.359375
08:00:03,91282CLH2,TSRYS5875646,D,S,D,2024-09-16,1000000.00,3.557145,100.359375
08:00:03,91282CLH2,TSRYS5875646,D,S,D,2024-09-16,1000000.00,3.556104,100.361328125
08:00:03,91282CLH2,TSRYS5875646,D,S,T,2024-09-16,1000000.00,3.557145,100.359375
08:00:03,91282CLH2,TSRYS5875646,D,S,D,2024-09-16,1000000.00,3.557145,100.359375
08:00:03,91282CLH2,TSRYS5875646,D,S,T,2024-09-16,1000000.00,3.557145,100.359375
08:00:03,91282CLH2,TSRYS5875646,D,S,D,2024-09-16,1000000.00,3.557145,100.359375
08:00:03,91282CLH2,TSRYS5875646,D,S,T,2024-09-16,1000000.00,3.555062,100.36328125
08:00:03,91282CLH2,TSRYS5875646,D,S,D,2024-09-16,1000000.00,3.555062,100.36328125
08:00:03,91282CLH2,TSRYS5875646,D,S,T,2024-09-16,1000000.00,3.555062,100.36328125
08:00:03,91282CLH2,TSRYS5875646,D,S,D,2024-09-16,1000000.00,3.555062,100.36328125
08:00:03,91282CLH2,TSRYS5875646,D,S,D,2024-09-16,1000000.00,3.558187,100.357421875
08:00:03,91282CLH2,TSRYS5875646,D,S,D,2024-09-16,800000.00,3.558187,100.357421875
08:00:03,91282CLH2,TSRYS5875646,D,S,T,2024-09-16,1000000.00,3.559228,100.35546875
08:00:03,91282CLH2,TSRYS5875646,D,S,T,2024-09-16,1000000.00,3.558187,100.357421875
08:00:03,91282CLH2,TSRYS5875646,D,S,T,2024-09-16,1000000.00,3.556104,100.361328125
08:00:03,91282CLH2,TSRYS5875646,D,S,T,2024-09-16,1000000.00,3.556104,100.361328125
08:00:03,91282CLH2,TSRYS5875646,D,S,D,2024-09-16,1000000.00,3.554021,100.365234375
08:00:03,91282CLH2,TSRYS5875646,D,S,D,2024-09-16,1000000.00,3.554021,100.365234375
08:00:03,91282CLH2,TSRYS5875646,D,S,T,2024-09-16,1000000.00,3.556104,100.361328125
08:00:03,91282CLH2,TSRYS5875646,D,S,D,2024-09-16,1000000.00,3.551938,100.369140625
08:00:03,91282CLH2,TSRYS5875646,D,S,T,2024-09-16,1000000.00,3.557145,100.359375
08:00:03,91282CLH2,TSRYS5875646,D,S,T,2024-09-16,1000000.00,3.566519,100.341796875
08:00:03,91282CLH2,TSRYS5875646,D,S,D,2024-09-16,1000000.00,3.568602,100.337890625
08:00:03,91282CLH2,TSRYS5875646,D,S,D,2024-09-16,1000000.00,3.568602,100.337890625
08:00:03,91282CLH2,TSRYS5875646,D,S,T,2024-09-16,1000000.00,3.568602,100.337890625
08:00:03,91282CLH2,TSRYS5875646,D,S,T,2024-09-16,1000000.00,3.568602,100.337890625
08:00:03,91282CLH2,TSRYS5875646,D,S,D,2024-09-16,1000000.00,3.568602,100.337890625
08:00:03,91282CLH2,TSRYS5875646,D,S,D,2024-09-16,1000000.00,3.568602,100.337890625
08:00:03,91282CLH2,TSRYS5875646,D,S,D,2024-09-16,1000000.00,3.568602,100.337890625
08:00:03,91282CLH2,TSRYS5875646,D,S,D,2024-09-16,1000000.00,3.568602,100.337890625
08:00:03,91282CLH2,TSRYS5875646,D,S,D,2024-09-16,1000000.00,3.568602,100.337890625
08:00:03,91282CLH2,TSRYS5875646,D,S,T,2024-09-16,1000000.00,3.568602,100.337890625
08:00:03,91282CLH2,TSRYS5875646,D,S,T,2024-09-16,1000000.00,3.568602,100.337890625
08:00:03,91282CLH2,TSRYS5875646,D,S,D,2024-09-16,1000000.00,3.568602,100.337890625
08:00:03,91282CLH2,TSRYS5875646,D,S,D,2024-09-16,1000000.00,3.568602,100.337890625
08:00:03,91282CLH2,TSRYS5875646,D,S,D,2024-09-16,1000000.00,3.568602,100.337890625
08:00:03,91282CLH2,TSRYS5875646,D,S,D,2024-09-16,1000000.00,3.568602,100.337890625
08:00:03,91282CLH2,TSRYS5875646,D,S,D,2024-09-16,1000000.00,3.568602,100.337890625
08:00:03,91282CLH2,TSRYS5875646,D,S,D,2024-09-16,1000000.00,3.568602,100.337890625
08:00:03,91282CLH2,TSRYS5875646,D,S,D,2024-09-16,1000000.00,3.568602,100.337890625
08:00:03,91282CLH2,TSRYS5875646,D,S,T,2024-09-16,1000000.00,3.568602,100.337890625
08:00:03,91282CLH2,TSRYS5875646,D,S,T,2024-09-16,1000000.00,3.568602,100.337890625
08:00:03,91282CLH2,TSRYS5875646,D,S,D,2024-09-16,1000000.00,3.568602,100.337890625
08:00:03,91282CLH2,TSRYS5875646,D,S,D,2024-09-16,1000000.00,3.568602,100.337890625
08:00:03,91282CLH2,TSRYS5875646,D,S,D,2024-09-16,1000000.00,3.568602,100.337890625
08:00:03,91282CLH2,TSRYS5875646,D,S,D,2024-09-16,1000000.00,3.568602,100.337890625
08:00:03,91282CLH2,TSRYS5875646,D,S,D,2024-09-16,1000000.00,3.568602,100.337890625
08:00:03,91282CLH2,TSRYS5875646,D,S,D,2024-09-16,1000000.00,3.568602,100.337890625
08:00:03,91282CLH2,TSRYS5875646,D,S,T,2024-09-16,1000000.00,3.568602,100.337890625
08:00:03,91282CLH2,TSRYS5875646,D,S,T,2024-09-16,1000000.00,3.568602,100.337890625
08:00:03,91282CLH2,TSRYS5875646,D,S,D,2024-09-16,1000000.00,3.568602,100.337890625
08:00:03,91282CLH2,TSRYS5875646,D,S,D,2024-09-16,1000000.00,3.568602,100.337890625
08:00:03,91282CLH2,TSRYS5875646,D,S,D,2024-09-16,1000000.00,3.568602,100.337890625
08:00:03,91282CLH2,TSRYS5875646,D,S,D,2024-09-16,1000000.00,3.568602,100.337890625
08:00:03,91282CLH2,TSRYS5875646,D,S,D,2024-09-16,1000000.00,3.568602,100.337890625
08:00:03,91282CLH2,TSRYS5875646,D,S,D,2024-09-16,1000000.00,3.568602,100.337890625
08:00:03,91282CLH2,TSRYS5875646,D,S,T,2024-09-16,1000000.00,3.568602,100.337890625
08:00:03,91282CLH2,TSRYS5875646,D,S,T,2024-09-16,1000000.00,3.568602,100.337890625
08:00:03,91282CLH2,TSRYS5875646,D,S,D,2024-09-16,1000000.00,3.568602,100.337890625
08:00:03,91282CLH2,TSRYS5875646,D,S,D,2024-09-16,1000000.00,3.568602,100.337890625
08:00:03,91282CLH2,TSRYS5875646,D,S,D,2024-09-16,1000000.00,3.568602,100.337890625
08:00:03,91282CLH2,TSRYS5875646,D,S,D,2024-09-16,1000000.00,3.568602,100.337890625
08:00:03,91282CLH2,TSRYS5875646,D,S,D,2024-09-16,1000000.00,3.568602,100.337890625
08:00:03,91282CLH2,TSRYS5875646,D,S,D,2024-09-16,1000000.00,3.568602,100.337890625
08:00:03,91282CLH2,TSRYS5875646,D,S,D,2024-09-16,1000000.00,3.568602,100.337890625
08:00:03,91282CLH2,TSRYS5875646,D,S,T,2024-09-16,1000000.00,3.563394,100.34765625
08:00:03,91282CLH2,TSRYS5875646,D,S,T,2024-09-16,1000000.00,3.563394,100.34765625
08:00:03,91282CLH2,TSRYS5875646,D,S,T,2024-09-16,1000000.00,3.563394,100.34765625
08:00:03,91282CLH2,TSRYS5875646,D,S,T,2024-09-16,1000000.00,3.563394,100.34765625
08:00:03,91282CLH2,TSRYS5875646,D,S,T,2024-09-16,1000000.00,3.563394,100.34765625
08:00:03,91282CLH2,TSRYS5875646,D,S,D,2024-09-16,1000000.00,3.555062,100.36328125
08:00:03,91282CLH2,TSRYS5875646,D,S,D,2024-09-16,1000000.00,3.555062,100.36328125
08:00:03,91282CLH2,TSRYS5875646,D,S,D,2024-09-16,1000000.00,3.555062,100.36328125
08:00:03,91282CLH2,TSRYS5875646,D,S,D,2024-09-16,1000000.00,3.555062,100.36328125
08:00:03,91282CLH2,TSRYS5875646,D,S,D,2024-09-16,1000000.00,3.555062,100.36328125
08:00:03,91282CLH2,TSRYS5875646,D,S,D,2024-09-16,1000000.00,3.555062,100.36328125
08:00:03,91282CLH2,TSRYS5875646,D,S,D,2024-09-16,1000000.00,3.55298,100.3671875
08:00:03,91282CLH2,TSRYS5875646,D,S,D,2024-09-16,1000000.00,3.55298,100.3671875
08:00:03,91282CLH2,TSRYS5875646,D,S,T,2024-09-16,1000000.00,3.545691,100.380859375
08:00:03,91282CLH2,TSRYS5875646,D,S,T,2024-09-16,1000000.00,3.545691,100.380859375
08:00:03,91282CLH2,TSRYS5875646,D,S,D,2024-09-16,1000000.00,3.545691,100.380859375
08:00:03,91282CLH2,TSRYS5875646,D,S,D,2024-09-16,1000000.00,3.545691,100.380859375
08:00:03,91282CLH2,TSRYS5875646,D,S,D,2024-09-16,1000000.00,3.545691,100.380859375
08:00:03,91282CLH2,TSRYS5875646,D,S,D,2024-09-16,1000000.00,3.545691,100.380859375
08:00:03,91282CLH2,TSRYS5875646,D,S,D,2024-09-16,1000000.00,3.545691,100.380859375
08:00:03,91282CLH2,TSRYS5875646,D,S,T,2024-09-16,2000000.00,3.545691,100.380859375
08:00:03,91282CLH2,TSRYS5875646,D,S,T,2024-09-16,1000000.00,3.545691,100.380859375
08:00:03,91282CLH2,TSRYS5875646,D,S,T,2024-09-16,1000000.00,3.545691,100.380859375
08:00:03,91282CLH2,TSRYS5875646,D,S,D,2024-09-16,1000000.00,3.545691,100.380859375
08:00:03,91282CLH2,TSRYS5875646,D,S,D,2024-09-16,1000000.00,3.545691,100.380859375
08:00:03,91282CLH2,TSRYS5875646,D,S,D,2024-09-16,1000000.00,3.545691,100.380859375
08:00:03,91282CLH2,TSRYS5875646,D,S,D,2024-09-16,1000000.00,3.545691,100.380859375
08:00:03,91282CLH2,TSRYS5875646,D,S,D,2024-09-16,1000000.00,3.545691,100.380859375
08:00:03,91282CLH2,TSRYS5875646,D,S,D,2024-09-16,1000000.00,3.545691,100.380859375
08:00:03,91282CLH2,TSRYS5875646,D,S,D,2024-09-16,1000000.00,3.545691,100.380859375
08:00:03,91282CLH2,TSRYS5875646,D,S,D,2024-09-16,1000000.00,3.545691,100.380859375
08:00:06,91282CLH2,TSRYS5875646,D,S,T,2024-09-16,2000000.00,3.54465,100.3828125
08:00:06,91282CLH2,TSRYS5875646,D,S,T,2024-09-16,1000000.00,3.555062,100.36328125
08:00:07,91282CLH2,TSRYS5875646,D,S,A,2024-09-16,176000.00,3.559228,100.35546875
08:00:07,91282CLH2,TSRYS5875646,D,B,A,2024-09-16,3045000.00,3.555062,100.36328125
08:00:07,91282CLH2,TSRYS5875646,D,B,A,2024-09-16,406000.00,3.55298,100.3671875
08:00:07,91282CLH2,TSRYS5875646,D,B,A,2024-09-16,406000.00,3.55298,100.3671875
08:00:07,91282CLH2,TSRYS5875646,D,S,A,2024-09-16,3835000.00,3.550897,100.37109375
08:00:08,91282CLH2,TSRYS5875646,D,S,A,2024-09-16,3835000.00,3.550897,100.37109375
08:00:08,91282CLH2,TSRYS5875646,D,S,A,2024-09-16,13000.00,3.55298,100.3671875
08:00:08,91282CLH2,TSRYS5875646,D,S,T,2024-09-16,1000000.00,3.54465,100.3828125
08:00:08,91282CLH2,TSRYS5875646,D,S,T,2024-09-16,1000000.00,3.54465,100.3828125
08:00:08,91282CLH2,TSRYS5875646,D,S,A,2024-09-16,5000000.00,3.555062,100.36328125
08:00:08,91282CLH2,TSRYS5875646,D,B,A,2024-09-16,3800000.00,3.557145,100.359375
08:00:08,91282CLH2,TSRYS5875646,D,B,A,2024-09-16,4180000.00,3.559228,100.35546875
08:00:09,91282CLH2,TSRYS5875646,D,S,T,2024-09-16,1000000.00,3.54465,100.3828125
08:00:09,91282CLH2,TSRYS5875646,D,S,A,2024-09-16,50000.00,3.559228,100.35546875
08:00:09,91282CLH2,TSRYS5875646,D,B,A,2024-09-16,2600000.00,3.550897,100.37109375
08:00:09,91282CLH2,TSRYS5875646,D,S,T,2024-09-16,1000000.00,3.54465,100.3828125
08:00:10,91282CLH2,TSRYS5875646,D,S,T,2024-09-16,1000000.00,3.54465,100.3828125
08:00:10,91282CLH2,TSRYS5875646,D,S,T,2024-09-16,1000000.00,3.54465,100.3828125
08:00:10,91282CLH2,TSRYS5875646,D,S,T,2024-09-16,1000000.00,3.54465,100.3828125
08:00:14,91282CLH2,TSRYS5875646,D,S,D,2024-09-16,1000000.00,3.555062,100.36328125
08:00:14,91282CLH2,TSRYS5875646,D,S,D,2024-09-16,1000000.00,3.555062,100.36328125
08:00:14,91282CLH2,TSRYS5875646,D,S,D,2024-09-16,1000000.00,3.555062,100.36328125
08:00:14,91282CLH2,TSRYS5875646,D,S,D,2024-09-16,1000000.00,3.555062,100.36328125
08:00:14,91282CLH2,TSRYS5875646,D,S,D,2024-09-16,1000000.00,3.556104,100.361328125
08:00:14,91282CLH2,TSRYS5875646,D,S,T,2024-09-16,1000000.00,3.555062,100.36328125
08:00:14,91282CLH2,TSRYS5875646,D,S,T,2024-09-16,1000000.00,3.555062,100.36328125
08:00:14,91282CLH2,TSRYS5875646,D,S,D,2024-09-16,1000000.00,3.55298,100.3671875
08:00:14,91282CLH2,TSRYS5875646,D,S,T,2024-09-16,1000000.00,3.55298,100.3671875
08:00:14,91282CLH2,TSRYS5875646,D,S,T,2024-09-16,1000000.00,3.55298,100.3671875
08:00:14,91282CLH2,TSRYS5875646,D,S,D,2024-09-16,1000000.00,3.550897,100.37109375
08:00:14,91282CLH2,TSRYS5875646,D,S,D,2024-09-16,1000000.00,3.551938,100.369140625
08:00:14,91282CLH2,TSRYS5875646,D,S,D,2024-09-16,1000000.00,3.555062,100.36328125
08:00:14,91282CLH2,TSRYS5875646,D,S,D,2024-09-16,1000000.00,3.556104,100.361328125
08:00:14,91282CLH2,TSRYS5875646,D,S,D,2024-09-16,1000000.00,3.558187,100.357421875
08:00:14,91282CLH2,TSRYS5875646,D,S,T,2024-09-16,1000000.00,3.558187,100.357421875
08:00:14,91282CLH2,TSRYS5875646,D,S,T,2024-09-16,1000000.00,3.559228,100.35546875
08:00:14,91282CLH2,TSRYS5875646,D,S,T,2024-09-16,1000000.00,3.559228,100.35546875
08:00:14,91282CLH2,TSRYS5875646,D,S,T,2024-09-16,1000000.00,3.559228,100.35546875
08:00:14,91282CLH2,TSRYS5875646,D,S,T,2024-09-16,1000000.00,3.559228,100.35546875
08:00:14,91282CLH2,TSRYS5875646,D,S,T,2024-09-16,1000000.00,3.558187,100.357421875
08:00:14,91282CLH2,TSRYS5875646,D,S,T,2024-09-16,1000000.00,3.558187,100.357421875
08:00:14,91282CLH2,TSRYS5875646,D,S,T,2024-09-16,1000000.00,3.558187,100.357421875
08:00:14,91282CLH2,TSRYS5875646,D,S,T,2024-09-16,1000000.00,3.558187,100.357421875
08:00:14,91282CLH2,TSRYS5875646,D,S,T,2024-09-16,1000000.00,3.556104,100.361328125
08:00:14,91282CLH2,TSRYS5875646,D,S,T,2024-09-16,1000000.00,3.556104,100.361328125
08:00:14,91282CLH2,TSRYS5875646,D,S,T,2024-09-16,1000000.00,3.556104,100.361328125
08:00:14,91282CLH2,TSRYS5875646,D,S,T,2024-09-16,1000000.00,3.556104,100.361328125
08:00:14,91282CLH2,TSRYS5875646,D,S,T,2024-09-16,1000000.00,3.556104,100.361328125
08:00:14,91282CLH2,TSRYS5875646,D,S,T,2024-09-16,1000000.00,3.556104,100.361328125
08:00:14,91282CLH2,TSRYS5875646,D,S,T,2024-09-16,1000000.00,3.556104,100.361328125
08:00:14,91282CLH2,TSRYS5875646,D,S,T,2024-09-16,1000000.00,3.556104,100.361328125
08:00:14,91282CLH2,TSRYS5875646,D,S,T,2024-09-16,1000000.00,3.551938,100.369140625
08:00:14,91282CLH2,TSRYS5875646,D,S,T,2024-09-16,1000000.00,3.55298,100.3671875
08:00:14,91282CLH2,TSRYS5875646,D,S,T,2024-09-16,1000000.00,3.55298,100.3671875
08:00:14,91282CLH2,TSRYS5875646,D,S,D,2024-09-16,1000000.00,3.554021,100.365234375
08:00:14,91282CLH2,TSRYS5875646,D,S,T,2024-09-16,1000000.00,3.555062,100.36328125
08:00:14,91282CLH2,TSRYS5875646,D,S,T,2024-09-16,1000000.00,3.555062,100.36328125
08:00:14,91282CLH2,TSRYS5875646,D,S,T,2024-09-16,1000000.00,3.557145,100.359375
08:00:14,91282CLH2,TSRYS5875646,D,S,T,2024-09-16,1000000.00,3.557145,100.359375
08:00:14,91282CLH2,TSRYS5875646,D,S,T,2024-09-16,1000000.00,3.557145,100.359375
08:00:14,91282CLH2,TSRYS5875646,D,S,T,2024-09-16,1000000.00,3.554021,100.365234375
08:00:14,91282CLH2,TSRYS5875646,D,S,T,2024-09-16,1000000.00,3.566519,100.341796875
08:00:14,91282CLH2,TSRYS5875646,D,S,T,2024-09-16,1000000.00,3.564436,100.345703125
08:00:14,91282CLH2,TSRYS5875646,D,S,D,2024-09-16,1000000.00,3.564436,100.345703125
08:00:14,91282CLH2,TSRYS5875646,D,S,T,2024-09-16,1000000.00,3.559228,100.35546875
08:00:14,91282CLH2,TSRYS5875646,D,S,T,2024-09-16,1000000.00,3.556104,100.361328125
08:00:14,91282CLH2,TSRYS5875646,D,S,T,2024-09-16,1000000.00,3.556104,100.361328125
08:00:14,91282CLH2,TSRYS5875646,D,S,D,2024-09-16,1000000.00,3.545691,100.380859375
08:00:14,91282CLH2,TSRYS5875646,D,S,T,2024-09-16,1000000.00,3.545691,100.380859375
08:00:14,91282CLH2,TSRYS5875646,D,S,T,2024-09-16,1000000.00,3.543609,100.384765625
08:00:16,91282CLH2,TSRYS5875646,D,S,C,2024-09-16,1000000.00,3.555062,100.36328125
08:00:16,91282CLH2,TSRYS5875646,D,S,C,2024-09-16,1000000.00,3.55298,100.3671875
08:00:17,91282CLH2,TSRYS5875646,D,S,C,2024-09-16,1000000.00,3.55298,100.3671875
08:00:17,91282CLH2,TSRYS5875646,D,B,A,2024-09-16,7600000.00,3.557145,100.359375
08:00:17,91282CLH2,TSRYS5875646,D,S,C,2024-09-16,1000000.00,3.550897,100.37109375
08:00:17,91282CLH2,TSRYS5875646,D,S,T,2024-09-16,1000000.00,3.54465,100.3828125
08:00:17,91282CLH2,TSRYS5875646,D,S,A,2024-09-16,185000.00,3.550897,100.37109375
08:00:18,91282CLH2,TSRYS5875646,D,S,C,2024-09-16,1000000.00,3.55298,100.3671875
08:00:18,91282CLH2,TSRYS5875646,D,S,C,2024-09-16,1000000.00,3.55298,100.3671875
08:00:18,91282CLH2,TSRYS5875646,D,S,C,2024-09-16,1000000.00,3.55298,100.3671875
08:00:18,91282CLH2,TSRYS5875646,D,S,C,2024-09-16,1000000.00,3.555062,100.36328125
08:00:18,91282CLH2,TSRYS5875646,D,S,T,2024-09-16,1000000.00,3.54465,100.3828125
08:00:18,91282CLH2,TSRYS5875646,D,S,C,2024-09-16,1000000.00,3.555062,100.36328125
08:00:18,91282CLH2,TSRYS5875646,D,S,T,2024-09-16,1000000.00,3.54465,100.3828125
08:00:19,91282CLH2,TSRYS5875646,D,S,C,2024-09-16,1000000.00,3.557145,100.359375
08:00:19,91282CLH2,TSRYS5875646,D,S,D,2024-09-16,1000000.00,3.557145,100.359375
08:00:19,91282CLH2,TSRYS5875646,D,S,D,2024-09-16,1000000.00,3.557145,100.359375
08:00:19,91282CLH2,TSRYS5875646,D,S,D,2024-09-16,1000000.00,3.557145,100.359375
08:00:22,91282CLH2,TSRYS5875646,D,S,A,2024-09-16,120000.00,3.55298,100.3671875
08:00:23,91282CLH2,TSRYS5875646,D,S,A,2024-09-16,1439000.00,3.565477,100.34375
08:00:23,91282CLH2,TSRYS5875646,D,S,A,2024-09-16,1439000.00,3.565477,100.34375
08:00:23,91282CLH2,TSRYS5875646,D,S,D,2024-09-16,10000000.00,3.557145,100.359375
08:00:23,91282CLH2,TSRYS5875646,D,S,D,2024-09-16,3000000.00,3.557145,100.359375
08:00:23,91282CLH2,TSRYS5875646,D,S,D,2024-09-16,1000000.00,3.55298,100.3671875
08:00:23,91282CLH2,TSRYS5875646,D,S,D,2024-09-16,3000000.00,3.55298,100.3671875
08:00:24,91282CLH2,TSRYS5875646,D,S,A,2024-09-16,75000000.00,3.557145,100.359375
08:00:24,91282CLH2,TSRYS5875646,D,S,D,2024-09-16,1000000.00,3.550897,100.37109375
08:00:25,91282CLH2,TSRYS5875646,D,S,A,2024-09-16,75000000.00,3.55298,100.3671875
08:00:27,91282CLH2,TSRYS5875646,D,S,T,2024-09-16,1000000.00,3.55298,100.3671875
08:00:27,91282CLH2,TSRYS5875646,D,S,T,2024-09-16,1000000.00,3.55298,100.3671875
08:00:27,91282CLH2,TSRYS5875646,D,S,T,2024-09-16,1000000.00,3.55298,100.3671875
08:00:27,91282CLH2,TSRYS5875646,D,S,T,2024-09-16,1000000.00,3.555062,100.36328125
08:00:27,91282CLH2,TSRYS5875646,D,S,T,2024-09-16,2000000.00,3.55298,100.3671875
08:00:27,91282CLH2,TSRYS5875646,D,S,T,2024-09-16,1000000.00,3.555062,100.36328125
08:00:27,91282CLH2,TSRYS5875646,D,S,T,2024-09-16,1000000.00,3.555062,100.36328125
08:00:27,91282CLH2,TSRYS5875646,D,S,T,2024-09-16,2000000.00,3.559228,100.35546875
08:00:27,91282CLH2,TSRYS5875646,D,S,T,2024-09-16,2000000.00,3.550897,100.37109375
08:00:27,91282CLH2,TSRYS5875646,D,S,T,2024-09-16,1000000.00,3.548815,100.375
08:00:27,91282CLH2,TSRYS5875646,D,S,T,2024-09-16,2000000.00,3.548815,100.375
08:00:27,91282CLH2,TSRYS5875646,D,S,T,2024-09-16,1000000.00,3.550897,100.37109375
08:00:27,91282CLH2,TSRYS5875646,D,S,T,2024-09-16,2000000.00,3.550897,100.37109375
08:00:27,91282CLH2,TSRYS5875646,D,S,T,2024-09-16,1000000.00,3.550897,100.37109375
08:00:27,91282CLH2,TSRYS5875646,D,S,C,2024-09-16,15995000.00,3.555062,100.36328125
08:00:27,91282CLH2,TSRYS5875646,D,S,D,2024-09-16,2000000.00,3.558187,100.357421875
08:00:27,91282CLH2,TSRYS5875646,D,S,D,2024-09-16,2000000.00,3.55298,100.3671875
08:00:27,91282CLH2,TSRYS5875646,D,S,D,2024-09-16,1000000.00,3.550897,100.37109375
08:00:27,91282CLH2,TSRYS5875646,D,S,D,2024-09-16,1000000.00,3.548815,100.375
08:00:27,91282CLH2,TSRYS5875646,D,S,D,2024-09-16,2000000.00,3.555062,100.36328125
08:00:27,91282CLH2,TSRYS5875646,D,S,D,2024-09-16,2000000.00,3.565477,100.34375
08:00:27,91282CLH2,TSRYS5875646,D,S,D,2024-09-16,2000000.00,3.56027,100.353515625
08:00:27,91282CLH2,TSRYS5875646,D,S,D,2024-09-16,1000000.00,3.56027,100.353515625
08:00:27,91282CLH2,TSRYS5875646,D,S,A,2024-09-16,3179000.00,3.567561,100.33984375
08:00:27,91282CLH2,TSRYS5875646,D,S,C,2024-09-16,1000000.00,3.549856,100.373046875
08:00:28,91282CLH2,TSRYS5875646,D,B,A,2024-09-16,11000000.00,3.571728,100.33203125
08:00:28,91282CLH2,TSRYS5875646,D,B,A,2024-09-16,30000000.00,3.567561,100.33984375
08:00:28,91282CLH2,TSRYS5875646,D,S,D,2024-09-16,1000000.00,3.555062,100.36328125
08:00:29,91282CLH2,TSRYS5875646,D,S,C,2024-09-16,20000000.00,3.603234,100.2734375
08:00:29,91282CLH2,TSRYS5875646,D,S,T,2024-09-16,1000000.00,3.556104,100.361328125
08:00:29,91282CLH2,TSRYS5875646,D,S,T,2024-09-16,1000000.00,3.556104,100.361328125
08:00:29,91282CLH2,TSRYS5875646,D,S,T,2024-09-16,1000000.00,3.555062,100.36328125
08:00:29,91282CLH2,TSRYS5875646,D,S,T,2024-09-16,1000000.00,3.555062,100.36328125
08:00:29,91282CLH2,TSRYS5875646,D,S,T,2024-09-16,1000000.00,3.556104,100.361328125
08:00:29,91282CLH2,TSRYS5875646,D,S,T,2024-09-16,1000000.00,3.555062,100.36328125
08:00:29,91282CLH2,TSRYS5875646,D,S,T,2024-09-16,1000000.00,3.55298,100.3671875
08:00:29,91282CLH2,TSRYS5875646,D,S,T,2024-09-16,1000000.00,3.55298,100.3671875
08:00:29,91282CLH2,TSRYS5875646,D,S,T,2024-09-16,1000000.00,3.557145,100.359375
08:00:29,91282CLH2,TSRYS5875646,D,S,T,2024-09-16,1000000.00,3.557145,100.359375
08:00:29,91282CLH2,TSRYS5875646,D,S,T,2024-09-16,1000000.00,3.557145,100.359375
08:00:29,91282CLH2,TSRYS5875646,D,S,T,2024-09-16,1000000.00,3.557145,100.359375
08:00:29,91282CLH2,TSRYS5875646,D,S,T,2024-09-16,1000000.00,3.555062,100.36328125
08:00:29,91282CLH2,TSRYS5875646,D,S,A,2024-09-16,3663000.00,3.557145,100.359375
08:00:29,91282CLH2,TSRYS5875646,D,S,T,2024-09-16,1000000.00,3.559228,100.35546875
08:00:29,91282CLH2,TSRYS5875646,D,S,T,2024-09-16,1000000.00,3.559228,100.35546875
08:00:29,91282CLH2,TSRYS5875646,D,S,T,2024-09-16,1000000.00,3.559228,100.35546875
08:00:29,91282CLH2,TSRYS5875646,D,S,T,2024-09-16,1000000.00,3.559228,100.35546875
08:00:29,91282CLH2,TSRYS5875646,D,S,T,2024-09-16,1000000.00,3.559228,100.35546875
08:00:29,91282CLH2,TSRYS5875646,D,S,T,2024-09-16,1000000.00,3.559228,100.35546875
08:00:29,91282CLH2,TSRYS5875646,D,S,T,2024-09-16,1000000.00,3.559228,100.35546875
08:00:29,91282CLH2,TSRYS5875646,D,S,T,2024-09-16,1000000.00,3.559228,100.35546875
08:00:29,91282CLH2,TSRYS5875646,D,S,T,2024-09-16,1000000.00,3.558187,100.357421875
08:00:29,91282CLH2,TSRYS5875646,D,S,T,2024-09-16,1000000.00,3.557145,100.359375
08:00:29,91282CLH2,TSRYS5875646,D,S,T,2024-09-16,5000000.00,3.557145,100.359375
08:00:29,91282CLH2,TSRYS5875646,D,S,T,2024-09-16,1000000.00,3.557145,100.359375
08:00:29,91282CLH2,TSRYS5875646,D,S,T,2024-09-16,1000000.00,3.557145,100.359375
08:00:29,91282CLH2,TSRYS5875646,D,S,T,2024-09-16,1000000.00,3.557145,100.359375
08:00:29,91282CLH2,TSRYS5875646,D,S,T,2024-09-16,1000000.00,3.557145,100.359375
08:00:29,91282CLH2,TSRYS5875646,D,S,T,2024-09-16,1000000.00,3.556104,100.361328125
08:00:29,91282CLH2,TSRYS5875646,D,S,T,2024-09-16,1000000.00,3.556104,100.361328125
08:00:29,91282CLH2,TSRYS5875646,D,S,T,2024-09-16,1000000.00,3.556104,100.361328125
08:00:29,91282CLH2,TSRYS5875646,D,S,T,2024-09-16,1000000.00,3.556104,100.361328125
08:00:29,91282CLH2,TSRYS5875646,D,B,C,2024-09-16,110550000.00,3.557145,100.359375
08:00:29,91282CLH2,TSRYS5875646,D,S,C,2024-09-16,19000.00,3.55298,100.3671875
08:00:29,91282CLH2,TSRYS5875646,D,S,A,2024-09-16,5000000.00,3.550897,100.37109375
08:00:29,91282CLH2,TSRYS5875646,D,S,D,2024-09-16,1000000.00,3.555062,100.36328125
08:00:29,91282CLH2,TSRYS5875646,D,S,T,2024-09-16,1000000.00,3.559228,100.35546875
08:00:29,91282CLH2,TSRYS5875646,D,S,T,2024-09-16,1000000.00,3.559228,100.35546875
08:00:29,91282CLH2,TSRYS5875646,D,S,T,2024-09-16,1000000.00,3.559228,100.35546875
08:00:29,91282CLH2,TSRYS5875646,D,S,T,2024-09-16,1000000.00,3.559228,100.35546875
08:00:29,91282CLH2,TSRYS5875646,D,S,T,2024-09-16,1000000.00,3.559228,100.35546875
08:00:29,91282CLH2,TSRYS5875646,D,S,T,2024-09-16,1000000.00,3.559228,100.35546875
08:00:29,91282CLH2,TSRYS5875646,D,S,T,2024-09-16,1000000.00,3.559228,100.35546875
08:00:29,91282CLH2,TSRYS5875646,D,S,T,2024-09-16,1000000.00,3.559228,100.35546875
08:00:29,91282CLH2,TSRYS5875646,D,S,T,2024-09-16,1000000.00,3.559228,100.35546875
08:00:29,91282CLH2,TSRYS5875646,D,B,A,2024-09-16,10665300.00,3.563394,100.34765625
08:00:29,91282CLH2,TSRYS5875646,D,S,D,2024-09-16,1000000.00,3.561311,100.3515625
08:00:29,91282CLH2,TSRYS5875646,D,S,T,2024-09-16,1000000.00,3.569644,100.3359375
08:00:29,91282CLH2,TSRYS5875646,D,S,T,2024-09-16,1000000.00,3.569644,100.3359375
08:00:29,91282CLH2,TSRYS5875646,D,S,T,2024-09-16,1000000.00,3.569644,100.3359375
08:00:29,91282CLH2,TSRYS5875646,D,S,T,2024-09-16,5000000.00,3.569644,100.3359375
08:00:29,91282CLH2,TSRYS5875646,D,S,T,2024-09-16,1000000.00,3.569644,100.3359375
08:00:29,91282CLH2,TSRYS5875646,D,S,T,2024-09-16,1000000.00,3.569644,100.3359375
08:00:29,91282CLH2,TSRYS5875646,D,S,T,2024-09-16,1000000.00,3.569644,100.3359375
08:00:29,91282CLH2,TSRYS5875646,D,S,T,2024-09-16,1000000.00,3.569644,100.3359375
08:00:29,91282CLH2,TSRYS5875646,D,S,T,2024-09-16,2000000.00,3.569644,100.3359375
08:00:29,91282CLH2,TSRYS5875646,D,S,T,2024-09-16,1000000.00,3.569644,100.3359375
08:00:29,91282CLH2,TSRYS5875646,D,S,T,2024-09-16,1000000.00,3.569644,100.3359375
08:00:29,91282CLH2,TSRYS5875646,D,S,T,2024-09-16,2000000.00,3.569644,100.3359375
08:00:29,91282CLH2,TSRYS5875646,D,S,T,2024-09-16,1000000.00,3.569644,100.3359375
08:00:29,91282CLH2,TSRYS5875646,D,S,T,2024-09-16,3000000.00,3.569644,100.3359375
08:00:29,91282CLH2,TSRYS5875646,D,S,T,2024-09-16,1000000.00,3.569644,100.3359375
08:00:29,91282CLH2,TSRYS5875646,D,S,T,2024-09-16,1000000.00,3.569644,100.3359375
08:00:29,91282CLH2,TSRYS5875646,D,S,T,2024-09-16,1000000.00,3.569644,100.3359375
08:00:29,91282CLH2,TSRYS5875646,D,S,T,2024-09-16,1000000.00,3.569644,100.3359375
08:00:29,91282CLH2,TSRYS5875646,D,S,D,2024-09-16,1000000.00,3.567561,100.33984375
08:00:29,91282CLH2,TSRYS5875646,D,S,T,2024-09-16,1000000.00,3.563394,100.34765625
08:00:29,91282CLH2,TSRYS5875646,D,S,T,2024-09-16,1000000.00,3.563394,100.34765625
08:00:29,91282CLH2,TSRYS5875646,D,B,C,2024-09-16,250MM+,3.557145,100.359375
08:00:29,91282CLH2,TSRYS5875646,D,S,D,2024-09-16,1000000.00,3.561311,100.3515625
08:00:29,91282CLH2,TSRYS5875646,D,S,D,2024-09-16,1000000.00,3.567561,100.33984375
08:00:29,91282CLH2,TSRYS5875646,D,S,D,2024-09-16,4000000.00,3.555062,100.36328125
08:00:29,91282CLH2,TSRYS5875646,D,S,D,2024-09-16,2000000.00,3.555062,100.36328125
08:00:29,91282CLH2,TSRYS5875646,D,S,D,2024-09-16,1000000.00,3.555062,100.36328125
08:00:29,91282CLH2,TSRYS5875646,D,S,D,2024-09-16,1000000.00,3.555062,100.36328125
08:00:29,91282CLH2,TSRYS5875646,D,S,D,2024-09-16,1000000.00,3.555062,100.36328125
08:00:29,91282CLH2,TSRYS5875646,D,S,D,2024-09-16,1000000.00,3.555062,100.36328125
08:00:29,91282CLH2,TSRYS5875646,D,S,T,2024-09-16,1000000.00,3.546732,100.37890625
08:00:29,91282CLH2,TSRYS5875646,D,S,T,2024-09-16,1000000.00,3.546732,100.37890625
08:00:29,91282CLH2,TSRYS5875646,D,S,T,2024-09-16,2000000.00,3.545691,100.380859375
08:00:30,91282CLH2,TSRYS5875646,D,S,T,2024-09-16,3000000.00,3.557145,100.359375
08:00:30,91282CLH2,TSRYS5875646,D,S,T,2024-09-16,3000000.00,3.557145,100.359375
08:00:30,91282CLH2,TSRYS5875646,D,S,T,2024-09-16,1000000.00,3.55298,100.3671875
08:00:30,91282CLH2,TSRYS5875646,D,S,T,2024-09-16,3000000.00,3.556104,100.361328125
08:00:30,91282CLH2,TSRYS5875646,D,S,T,2024-09-16,1000000.00,3.557145,100.359375
08:00:30,91282CLH2,TSRYS5875646,D,S,T,2024-09-16,1000000.00,3.557145,100.359375
08:00:30,91282CLH2,TSRYS5875646,D,S,T,2024-09-16,2000000.00,3.557145,100.359375
08:00:30,91282CLH2,TSRYS5875646,D,S,T,2024-09-16,1000000.00,3.557145,100.359375
08:00:30,91282CLH2,TSRYS5875646,D,S,T,2024-09-16,2000000.00,3.557145,100.359375
08:00:30,91282CLH2,TSRYS5875646,D,S,T,2024-09-16,1000000.00,3.557145,100.359375
08:00:30,91282CLH2,TSRYS5875646,D,S,T,2024-09-16,2000000.00,3.557145,100.359375
08:00:30,91282CLH2,TSRYS5875646,D,S,T,2024-09-16,3000000.00,3.563394,100.34765625
08:00:30,91282CLH2,TSRYS5875646,D,S,T,2024-09-16,3000000.00,3.563394,100.34765625
08:00:30,91282CLH2,TSRYS5875646,D,S,T,2024-09-16,4000000.00,3.55298,100.3671875
08:00:30,91282CLH2,TSRYS5875646,D,S,T,2024-09-16,4000000.00,3.55298,100.3671875
08:00:30,91282CLH2,TSRYS5875646,D,S,T,2024-09-16,2000000.00,3.54465,100.3828125
08:00:30,91282CLH2,TSRYS5875646,D,S,T,2024-09-16,2000000.00,3.54465,100.3828125
08:00:30,91282CLH2,TSRYS5875646,D,S,T,2024-09-16,1000000.00,3.54465,100.3828125
08:00:30,91282CLH2,TSRYS5875646,D,S,T,2024-09-16,1000000.00,3.545691,100.380859375
08:00:30,91282CLH2,TSRYS5875646,D,S,T,2024-09-16,4000000.00,3.54465,100.3828125
08:00:30,91282CLH2,TSRYS5875646,D,S,T,2024-09-16,3000000.00,3.54465,100.3828125
08:00:30,91282CLH2,TSRYS5875646,D,S,T,2024-09-16,1000000.00,3.54465,100.3828125
08:00:30,91282CLH2,TSRYS5875646,D,S,T,2024-09-16,1000000.00,3.54465,100.3828125
08:00:30,91282CLH2,TSRYS5875646,D,S,T,2024-09-16,1000000.00,3.54465,100.3828125
08:00:30,91282CLH2,TSRYS5875646,D,S,T,2024-09-16,1000000.00,3.54465,100.3828125
08:00:30,91282CLH2,TSRYS5875646,D,S,T,2024-09-16,4000000.00,3.542568,100.38671875
08:00:30,91282CLH2,TSRYS5875646,D,S,T,2024-09-16,4000000.00,3.542568,100.38671875
08:00:30,91282CLH2,TSRYS5875646,D,S,T,2024-09-16,2000000.00,3.555062,100.36328125
08:00:30,91282CLH2,TSRYS5875646,D,S,T,2024-09-16,1000000.00,3.555062,100.36328125
08:00:30,91282CLH2,TSRYS5875646,D,S,T,2024-09-16,1000000.00,3.555062,100.36328125
08:00:30,91282CLH2,TSRYS5875646,D,S,T,2024-09-16,1000000.00,3.555062,100.36328125
08:00:30,91282CLH2,TSRYS5875646,D,S,T,2024-09-16,1000000.00,3.555062,100.36328125
08:00:30,91282CLH2,TSRYS5875646,D,S,T,2024-09-16,1000000.00,3.555062,100.36328125
08:00:30,91282CLH2,TSRYS5875646,D,S,T,2024-09-16,1000000.00,3.555062,100.36328125
08:00:30,91282CLH2,TSRYS5875646,D,S,T,2024-09-16,1000000.00,3.555062,100.36328125
08:00:30,91282CLH2,TSRYS5875646,D,S,T,2024-09-16,1000000.00,3.555062,100.36328125
08:00:30,91282CLH2,TSRYS5875646,D,S,T,2024-09-16,1000000.00,3.555062,100.36328125
08:00:30,91282CLH2,TSRYS5875646,D,S,T,2024-09-16,2000000.00,3.555062,100.36328125
08:00:30,91282CLH2,TSRYS5875646,D,S,T,2024-09-16,3000000.00,3.555062,100.36328125
08:00:30,91282CLH2,TSRYS5875646,D,S,T,2024-09-16,1000000.00,3.556104,100.361328125
08:00:30,91282CLH2,TSRYS5875646,D,S,T,2024-09-16,2000000.00,3.559228,100.35546875
08:00:30,91282CLH2,TSRYS5875646,D,S,T,2024-09-16,2000000.00,3.558187,100.357421875
08:00:30,91282CLH2,TSRYS5875646,D,S,T,2024-09-16,1000000.00,3.557145,100.359375
08:00:30,91282CLH2,TSRYS5875646,D,S,T,2024-09-16,2000000.00,3.557145,100.359375
08:00:30,91282CLH2,TSRYS5875646,D,S,T,2024-09-16,4000000.00,3.557145,100.359375
08:00:30,91282CLH2,TSRYS5875646,D,S,T,2024-09-16,1000000.00,3.557145,100.359375
08:00:30,91282CLH2,TSRYS5875646,D,S,T,2024-09-16,2000000.00,3.557145,100.359375
08:00:30,91282CLH2,TSRYS5875646,D,S,T,2024-09-16,3000000.00,3.557145,100.359375
08:00:30,91282CLH2,TSRYS5875646,D,S,T,2024-09-16,1000000.00,3.557145,100.359375
08:00:30,91282CLH2,TSRYS5875646,D,S,T,2024-09-16,3000000.00,3.556104,100.361328125
08:00:30,91282CLH2,TSRYS5875646,D,S,T,2024-09-16,1000000.00,3.556104,100.361328125
08:00:30,91282CLH2,TSRYS5875646,D,S,T,2024-09-16,2000000.00,3.556104,100.361328125
08:00:30,91282CLH2,TSRYS5875646,D,S,T,2024-09-16,1000000.00,3.556104,100.361328125
08:00:30,91282CLH2,TSRYS5875646,D,S,T,2024-09-16,1000000.00,3.556104,100.361328125
08:00:30,91282CLH2,TSRYS5875646,D,S,T,2024-09-16,1000000.00,3.556104,100.361328125
08:00:30,91282CLH2,TSRYS5875646,D,S,T,2024-09-16,1000000.00,3.556104,100.361328125
08:00:30,91282CLH2,TSRYS5875646,D,S,T,2024-09-16,1000000.00,3.556104,100.361328125
08:00:30,91282CLH2,TSRYS5875646,D,S,T,2024-09-16,1000000.00,3.556104,100.361328125
08:00:30,91282CLH2,TSRYS5875646,D,S,T,2024-09-16,3000000.00,3.556104,100.361328125
08:00:30,91282CLH2,TSRYS5875646,D,S,T,2024-09-16,2000000.00,3.557145,100.359375
08:00:30,91282CLH2,TSRYS5875646,D,S,T,2024-09-16,1000000.00,3.557145,100.359375
08:00:30,91282CLH2,TSRYS5875646,D,S,T,2024-09-16,1000000.00,3.557145,100.359375
08:00:30,91282CLH2,TSRYS5875646,D,S,T,2024-09-16,1000000.00,3.55298,100.3671875
08:00:30,91282CLH2,TSRYS5875646,D,S,T,2024-09-16,1000000.00,3.55298,100.3671875
08:00:30,91282CLH2,TSRYS5875646,D,S,T,2024-09-16,1000000.00,3.55298,100.3671875
08:00:30,91282CLH2,TSRYS5875646,D,S,T,2024-09-16,1000000.00,3.550897,100.37109375
08:00:30,91282CLH2,TSRYS5875646,D,S,T,2024-09-16,1000000.00,3.550897,100.37109375
08:00:30,91282CLH2,TSRYS5875646,D,S,T,2024-09-16,1000000.00,3.550897,100.37109375
08:00:30,91282CLH2,TSRYS5875646,D,S,T,2024-09-16,1000000.00,3.550897,100.37109375
08:00:30,91282CLH2,TSRYS5875646,D,S,T,2024-09-16,1000000.00,3.550897,100.37109375
08:00:30,91282CLH2,TSRYS5875646,D,S,T,2024-09-16,1000000.00,3.550897,100.37109375
08:00:30,91282CLH2,TSRYS5875646,D,S,T,2024-09-16,2000000.00,3.550897,100.37109375
08:00:30,91282CLH2,TSRYS5875646,D,S,T,2024-09-16,1000000.00,3.550897,100.37109375
08:00:30,91282CLH2,TSRYS5875646,D,S,T,2024-09-16,2000000.00,3.550897,100.37109375
08:00:30,91282CLH2,TSRYS5875646,D,S,T,2024-09-16,1000000.00,3.550897,100.37109375
08:00:30,91282CLH2,TSRYS5875646,D,S,T,2024-09-16,1000000.00,3.550897,100.37109375
08:00:30,91282CLH2,TSRYS5875646,D,S,T,2024-09-16,1000000.00,3.55298,100.3671875
08:00:30,91282CLH2,TSRYS5875646,D,S,T,2024-09-16,1000000.00,3.55298,100.3671875
08:00:30,91282CLH2,TSRYS5875646,D,S,T,2024-09-16,1000000.00,3.55298,100.3671875
08:00:30,91282CLH2,TSRYS5875646,D,S,T,2024-09-16,1000000.00,3.55298,100.3671875
08:00:30,91282CLH2,TSRYS5875646,D,S,T,2024-09-16,1000000.00,3.55298,100.3671875
08:00:30,91282CLH2,TSRYS5875646,D,S,T,2024-09-16,1000000.00,3.55298,100.3671875
08:00:30,91282CLH2,TSRYS5875646,D,S,T,2024-09-16,1000000.00,3.55298,100.3671875
08:00:30,91282CLH2,TSRYS5875646,D,S,T,2024-09-16,1000000.00,3.55298,100.3671875
08:00:30,91282CLH2,TSRYS5875646,D,S,T,2024-09-16,1000000.00,3.55298,100.3671875
08:00:30,91282CLH2,TSRYS5875646,D,S,T,2024-09-16,1000000.00,3.55298,100.3671875
08:00:30,91282CLH2,TSRYS5875646,D,S,T,2024-09-16,2000000.00,3.55298,100.3671875
08:00:30,91282CLH2,TSRYS5875646,D,S,T,2024-09-16,1000000.00,3.55298,100.3671875
08:00:30,91282CLH2,TSRYS5875646,D,S,T,2024-09-16,1000000.00,3.55298,100.3671875
08:00:30,91282CLH2,TSRYS5875646,D,S,T,2024-09-16,1000000.00,3.55298,100.3671875
08:00:30,91282CLH2,TSRYS5875646,D,S,T,2024-09-16,1000000.00,3.55298,100.3671875
08:00:30,91282CLH2,TSRYS5875646,D,S,T,2024-09-16,1000000.00,3.55298,100.3671875
08:00:30,91282CLH2,TSRYS5875646,D,S,T,2024-09-16,2000000.00,3.55298,100.3671875
08:00:30,91282CLH2,TSRYS5875646,D,S,T,2024-09-16,1000000.00,3.55298,100.3671875
08:00:30,91282CLH2,TSRYS5875646,D,S,T,2024-09-16,1000000.00,3.55298,100.3671875
08:00:30,91282CLH2,TSRYS5875646,D,S,T,2024-09-16,1000000.00,3.55298,100.3671875
08:00:30,91282CLH2,TSRYS5875646,D,S,T,2024-09-16,2000000.00,3.55298,100.3671875
08:00:30,91282CLH2,TSRYS5875646,D,S,T,2024-09-16,2000000.00,3.55298,100.3671875
08:00:30,91282CLH2,TSRYS5875646,D,S,T,2024-09-16,2000000.00,3.55298,100.3671875
08:00:30,91282CLH2,TSRYS5875646,D,S,T,2024-09-16,1000000.00,3.55298,100.3671875
08:00:30,91282CLH2,TSRYS5875646,D,S,T,2024-09-16,2000000.00,3.55298,100.3671875
08:00:30,91282CLH2,TSRYS5875646,D,S,T,2024-09-16,1000000.00,3.55298,100.3671875
08:00:30,91282CLH2,TSRYS5875646,D,S,T,2024-09-16,1000000.00,3.55298,100.3671875
08:00:30,91282CLH2,TSRYS5875646,D,S,T,2024-09-16,1000000.00,3.555062,100.36328125
08:00:30,91282CLH2,TSRYS5875646,D,S,T,2024-09-16,2000000.00,3.555062,100.36328125
08:00:30,91282CLH2,TSRYS5875646,D,S,T,2024-09-16,1000000.00,3.555062,100.36328125
08:00:30,91282CLH2,TSRYS5875646,D,S,T,2024-09-16,1000000.00,3.555062,100.36328125
08:00:30,91282CLH2,TSRYS5875646,D,S,T,2024-09-16,1000000.00,3.555062,100.36328125
08:00:30,91282CLH2,TSRYS5875646,D,S,T,2024-09-16,1000000.00,3.555062,100.36328125
08:00:30,91282CLH2,TSRYS5875646,D,S,T,2024-09-16,1000000.00,3.555062,100.36328125
08:00:30,91282CLH2,TSRYS5875646,D,S,T,2024-09-16,1000000.00,3.555062,100.36328125
08:00:30,91282CLH2,TSRYS5875646,D,S,T,2024-09-16,1000000.00,3.555062,100.36328125
08:00:30,91282CLH2,TSRYS5875646,D,S,T,2024-09-16,1000000.00,3.555062,100.36328125
08:00:30,91282CLH2,TSRYS5875646,D,S,T,2024-09-16,1000000.00,3.555062,100.36328125
08:00:30,91282CLH2,TSRYS5875646,D,S,T,2024-09-16,1000000.00,3.555062,100.36328125
08:00:30,91282CLH2,TSRYS5875646,D,S,T,2024-09-16,1000000.00,3.555062,100.36328125
08:00:30,91282CLH2,TSRYS5875646,D,S,T,2024-09-16,1000000.00,3.555062,100.36328125
08:00:30,91282CLH2,TSRYS5875646,D,S,T,2024-09-16,1000000.00,3.555062,100.36328125
08:00:30,91282CLH2,TSRYS5875646,D,S,T,2024-09-16,1000000.00,3.555062,100.36328125
08:00:30,91282CLH2,TSRYS5875646,D,S,T,2024-09-16,1000000.00,3.555062,100.36328125
08:00:30,91282CLH2,TSRYS5875646,D,S,T,2024-09-16,1000000.00,3.555062,100.36328125
08:00:30,91282CLH2,TSRYS5875646,D,S,T,2024-09-16,1000000.00,3.555062,100.36328125
08:00:30,91282CLH2,TSRYS5875646,D,S,T,2024-09-16,1000000.00,3.555062,100.36328125
08:00:30,91282CLH2,TSRYS5875646,D,S,T,2024-09-16,1000000.00,3.555062,100.36328125
08:00:30,91282CLH2,TSRYS5875646,D,S,T,2024-09-16,3000000.00,3.556104,100.361328125
08:00:30,91282CLH2,TSRYS5875646,D,S,T,2024-09-16,1000000.00,3.555062,100.36328125
08:00:30,91282CLH2,TSRYS5875646,D,S,T,2024-09-16,1000000.00,3.557145,100.359375
08:00:30,91282CLH2,TSRYS5875646,D,S,T,2024-09-16,1000000.00,3.557145,100.359375
08:00:30,91282CLH2,TSRYS5875646,D,S,T,2024-09-16,1000000.00,3.557145,100.359375
08:00:30,91282CLH2,TSRYS5875646,D,S,T,2024-09-16,1000000.00,3.557145,100.359375
08:00:30,91282CLH2,TSRYS5875646,D,S,T,2024-09-16,1000000.00,3.557145,100.359375
08:00:30,91282CLH2,TSRYS5875646,D,S,T,2024-09-16,1000000.00,3.559228,100.35546875
08:00:30,91282CLH2,TSRYS5875646,D,S,T,2024-09-16,1000000.00,3.558187,100.357421875
08:00:30,91282CLH2,TSRYS5875646,D,S,T,2024-09-16,1000000.00,3.558187,100.357421875
08:00:30,91282CLH2,TSRYS5875646,D,S,T,2024-09-16,1000000.00,3.558187,100.357421875
08:00:30,91282CLH2,TSRYS5875646,D,S,T,2024-09-16,1000000.00,3.558187,100.357421875
08:00:30,91282CLH2,TSRYS5875646,D,S,T,2024-09-16,1000000.00,3.558187,100.357421875
08:00:30,91282CLH2,TSRYS5875646,D,S,T,2024-09-16,1000000.00,3.550897,100.37109375
08:00:30,91282CLH2,TSRYS5875646,D,S,T,2024-09-16,1000000.00,3.55298,100.3671875
08:00:30,91282CLH2,TSRYS5875646,D,S,T,2024-09-16,1000000.00,3.55298,100.3671875
08:00:30,91282CLH2,TSRYS5875646,D,S,T,2024-09-16,7000000.00,3.55298,100.3671875
08:00:30,91282CLH2,TSRYS5875646,D,S,T,2024-09-16,1000000.00,3.55298,100.3671875
08:00:30,91282CLH2,TSRYS5875646,D,S,T,2024-09-16,1000000.00,3.55298,100.3671875
08:00:30,91282CLH2,TSRYS5875646,D,S,T,2024-09-16,1000000.00,3.550897,100.37109375
08:00:30,91282CLH2,TSRYS5875646,D,S,T,2024-09-16,1000000.00,3.550897,100.37109375
08:00:30,91282CLH2,TSRYS5875646,D,S,T,2024-09-16,1000000.00,3.550897,100.37109375
08:00:30,91282CLH2,TSRYS5875646,D,S,T,2024-09-16,1000000.00,3.550897,100.37109375
08:00:30,91282CLH2,TSRYS5875646,D,S,T,2024-09-16,1000000.00,3.55298,100.3671875
08:00:30,91282CLH2,TSRYS5875646,D,S,T,2024-09-16,1000000.00,3.554021,100.365234375
08:00:30,91282CLH2,TSRYS5875646,D,S,T,2024-09-16,1000000.00,3.554021,100.365234375
08:00:30,91282CLH2,TSRYS5875646,D,S,T,2024-09-16,1000000.00,3.554021,100.365234375
08:00:30,91282CLH2,TSRYS5875646,D,S,T,2024-09-16,2000000.00,3.554021,100.365234375
08:00:30,91282CLH2,TSRYS5875646,D,S,T,2024-09-16,1000000.00,3.55298,100.3671875
08:00:30,91282CLH2,TSRYS5875646,D,S,T,2024-09-16,1000000.00,3.550897,100.37109375
08:00:30,91282CLH2,TSRYS5875646,D,S,T,2024-09-16,1000000.00,3.550897,100.37109375
08:00:30,91282CLH2,TSRYS5875646,D,S,T,2024-09-16,2000000.00,3.550897,100.37109375
08:00:30,91282CLH2,TSRYS5875646,D,S,T,2024-09-16,1000000.00,3.550897,100.37109375
08:00:30,91282CLH2,TSRYS5875646,D,S,T,2024-09-16,1000000.00,3.550897,100.37109375
08:00:30,91282CLH2,TSRYS5875646,D,S,T,2024-09-16,1000000.00,3.548815,100.375
08:00:30,91282CLH2,TSRYS5875646,D,S,T,2024-09-16,2000000.00,3.548815,100.375
08:00:30,91282CLH2,TSRYS5875646,D,S,T,2024-09-16,2000000.00,3.548815,100.375
08:00:30,91282CLH2,TSRYS5875646,D,S,T,2024-09-16,2000000.00,3.548815,100.375
08:00:30,91282CLH2,TSRYS5875646,D,S,T,2024-09-16,1000000.00,3.548815,100.375
08:00:30,91282CLH2,TSRYS5875646,D,S,T,2024-09-16,2000000.00,3.548815,100.375
08:00:30,91282CLH2,TSRYS5875646,D,S,T,2024-09-16,2000000.00,3.548815,100.375
08:00:30,91282CLH2,TSRYS5875646,D,S,T,2024-09-16,1000000.00,3.548815,100.375
08:00:30,91282CLH2,TSRYS5875646,D,S,T,2024-09-16,1000000.00,3.548815,100.375
08:00:30,91282CLH2,TSRYS5875646,D,S,T,2024-09-16,2000000.00,3.548815,100.375
08:00:30,91282CLH2,TSRYS5875646,D,S,T,2024-09-16,10000000.00,3.548815,100.375
08:00:30,91282CLH2,TSRYS5875646,D,S,T,2024-09-16,1000000.00,3.548815,100.375
08:00:30,91282CLH2,TSRYS5875646,D,S,T,2024-09-16,1000000.00,3.548815,100.375
08:00:30,91282CLH2,TSRYS5875646,D,S,T,2024-09-16,2000000.00,3.548815,100.375
08:00:30,91282CLH2,TSRYS5875646,D,S,T,2024-09-16,2000000.00,3.548815,100.375
08:00:30,91282CLH2,TSRYS5875646,D,S,T,2024-09-16,2000000.00,3.548815,100.375
08:00:30,91282CLH2,TSRYS5875646,D,S,T,2024-09-16,1000000.00,3.548815,100.375
08:00:30,91282CLH2,TSRYS5875646,D,S,T,2024-09-16,1000000.00,3.548815,100.375
08:00:30,91282CLH2,TSRYS5875646,D,S,T,2024-09-16,1000000.00,3.548815,100.375
08:00:30,91282CLH2,TSRYS5875646,D,S,T,2024-09-16,1000000.00,3.555062,100.36328125
08:00:30,91282CLH2,TSRYS5875646,D,S,T,2024-09-16,2000000.00,3.555062,100.36328125
08:00:30,91282CLH2,TSRYS5875646,D,S,T,2024-09-16,1000000.00,3.555062,100.36328125
08:00:30,91282CLH2,TSRYS5875646,D,S,T,2024-09-16,1000000.00,3.55298,100.3671875
08:00:30,91282CLH2,TSRYS5875646,D,S,T,2024-09-16,1000000.00,3.55298,100.3671875
08:00:30,91282CLH2,TSRYS5875646,D,S,T,2024-09-16,1000000.00,3.55298,100.3671875
08:00:30,91282CLH2,TSRYS5875646,D,S,T,2024-09-16,1000000.00,3.55298,100.3671875
08:00:30,91282CLH2,TSRYS5875646,D,S,T,2024-09-16,3000000.00,3.55298,100.3671875
08:00:30,91282CLH2,TSRYS5875646,D,S,T,2024-09-16,1000000.00,3.55298,100.3671875
08:00:30,91282CLH2,TSRYS5875646,D,S,T,2024-09-16,1000000.00,3.55298,100.3671875
08:00:30,91282CLH2,TSRYS5875646,D,S,T,2024-09-16,1000000.00,3.55298,100.3671875
08:00:30,91282CLH2,TSRYS5875646,D,S,T,2024-09-16,2000000.00,3.55298,100.3671875
08:00:30,91282CLH2,TSRYS5875646,D,S,T,2024-09-16,1000000.00,3.55298,100.3671875
08:00:30,91282CLH2,TSRYS5875646,D,S,T,2024-09-16,1000000.00,3.555062,100.36328125
08:00:30,91282CLH2,TSRYS5875646,D,S,T,2024-09-16,2000000.00,3.555062,100.36328125
08:00:30,91282CLH2,TSRYS5875646,D,S,T,2024-09-16,3000000.00,3.555062,100.36328125
08:00:30,91282CLH2,TSRYS5875646,D,S,T,2024-09-16,3000000.00,3.557145,100.359375
08:00:30,91282CLH2,TSRYS5875646,D,S,T,2024-09-16,2000000.00,3.557145,100.359375
08:00:30,91282CLH2,TSRYS5875646,D,S,T,2024-09-16,1000000.00,3.557145,100.359375
08:00:30,91282CLH2,TSRYS5875646,D,S,T,2024-09-16,1000000.00,3.557145,100.359375
08:00:30,91282CLH2,TSRYS5875646,D,S,T,2024-09-16,1000000.00,3.558187,100.357421875
08:00:30,91282CLH2,TSRYS5875646,D,S,T,2024-09-16,2000000.00,3.556104,100.361328125
08:00:30,91282CLH2,TSRYS5875646,D,S,T,2024-09-16,1000000.00,3.559228,100.35546875
08:00:30,91282CLH2,TSRYS5875646,D,S,T,2024-09-16,2000000.00,3.559228,100.35546875
08:00:30,91282CLH2,TSRYS5875646,D,S,T,2024-09-16,1000000.00,3.561311,100.3515625
08:00:30,91282CLH2,TSRYS5875646,D,S,C,2024-09-16,1000000.00,3.557145,100.359375
08:00:30,91282CLH2,TSRYS5875646,D,S,T,2024-09-16,1000000.00,3.561311,100.3515625
08:00:30,91282CLH2,TSRYS5875646,D,S,T,2024-09-16,1000000.00,3.561311,100.3515625
08:00:30,91282CLH2,TSRYS5875646,D,S,T,2024-09-16,1000000.00,3.565477,100.34375
08:00:31,91282CLH2,TSRYS5875646,D,S,C,2024-09-16,1000000.00,3.557145,100.359375
08:00:31,91282CLH2,TSRYS5875646,D,S,T,2024-09-16,1000000.00,3.565477,100.34375
08:00:31,91282CLH2,TSRYS5875646,D,S,T,2024-09-16,1000000.00,3.563394,100.34765625
08:00:31,91282CLH2,TSRYS5875646,D,S,T,2024-09-16,1000000.00,3.565477,100.34375
08:00:31,91282CLH2,TSRYS5875646,D,S,T,2024-09-16,1000000.00,3.565477,100.34375
08:00:31,91282CLH2,TSRYS5875646,D,S,T,2024-09-16,1000000.00,3.565477,100.34375
08:00:31,91282CLH2,TSRYS5875646,D,S,T,2024-09-16,1000000.00,3.569644,100.3359375
08:00:31,91282CLH2,TSRYS5875646,D,S,T,2024-09-16,3000000.00,3.563394,100.34765625
08:00:31,91282CLH2,TSRYS5875646,D,S,T,2024-09-16,1000000.00,3.56027,100.353515625
08:00:31,91282CLH2,TSRYS5875646,D,S,T,2024-09-16,4000000.00,3.561311,100.3515625
08:00:31,91282CLH2,TSRYS5875646,D,S,T,2024-09-16,8000000.00,3.561311,100.3515625
08:00:31,91282CLH2,TSRYS5875646,D,S,T,2024-09-16,3000000.00,3.563394,100.34765625
08:00:31,91282CLH2,TSRYS5875646,D,S,T,2024-09-16,2000000.00,3.557145,100.359375
08:00:31,91282CLH2,TSRYS5875646,D,S,T,2024-09-16,1000000.00,3.556104,100.361328125
08:00:31,91282CLH2,TSRYS5875646,D,S,T,2024-09-16,1000000.00,3.556104,100.361328125
08:00:31,91282CLH2,TSRYS5875646,D,S,T,2024-09-16,1000000.00,3.556104,100.361328125
08:00:31,91282CLH2,TSRYS5875646,D,S,T,2024-09-16,1000000.00,3.555062,100.36328125
08:00:31,91282CLH2,TSRYS5875646,D,S,T,2024-09-16,2000000.00,3.555062,100.36328125
08:00:31,91282CLH2,TSRYS5875646,D,S,T,2024-09-16,1000000.00,3.555062,100.36328125
08:00:31,91282CLH2,TSRYS5875646,D,S,T,2024-09-16,2000000.00,3.555062,100.36328125
08:00:31,91282CLH2,TSRYS5875646,D,S,T,2024-09-16,1000000.00,3.556104,100.361328125
08:00:31,91282CLH2,TSRYS5875646,D,S,T,2024-09-16,1000000.00,3.555062,100.36328125
08:00:31,91282CLH2,TSRYS5875646,D,S,T,2024-09-16,1000000.00,3.55298,100.3671875
08:00:31,91282CLH2,TSRYS5875646,D,S,T,2024-09-16,1000000.00,3.55298,100.3671875
08:00:31,91282CLH2,TSRYS5875646,D,S,T,2024-09-16,1000000.00,3.55298,100.3671875
08:00:31,91282CLH2,TSRYS5875646,D,S,T,2024-09-16,1000000.00,3.55298,100.3671875
08:00:31,91282CLH2,TSRYS5875646,D,S,T,2024-09-16,1000000.00,3.55298,100.3671875
08:00:31,91282CLH2,TSRYS5875646,D,S,T,2024-09-16,5000000.00,3.55298,100.3671875
08:00:31,91282CLH2,TSRYS5875646,D,S,T,2024-09-16,2000000.00,3.55298,100.3671875
08:00:31,91282CLH2,TSRYS5875646,D,S,T,2024-09-16,4000000.00,3.55298,100.3671875
08:00:31,91282CLH2,TSRYS5875646,D,S,T,2024-09-16,2000000.00,3.55298,100.3671875
08:00:31,91282CLH2,TSRYS5875646,D,S,T,2024-09-16,2000000.00,3.55298,100.3671875
08:00:31,91282CLH2,TSRYS5875646,D,S,T,2024-09-16,1000000.00,3.548815,100.375
08:00:31,91282CLH2,TSRYS5875646,D,S,T,2024-09-16,3000000.00,3.546732,100.37890625
08:00:31,91282CLH2,TSRYS5875646,D,S,T,2024-09-16,4000000.00,3.545691,100.380859375
08:00:31,91282CLH2,TSRYS5875646,D,S,T,2024-09-16,1000000.00,3.545691,100.380859375
08:00:31,91282CLH2,TSRYS5875646,D,S,T,2024-09-16,1000000.00,3.545691,100.380859375
08:00:31,91282CLH2,TSRYS5875646,D,S,T,2024-09-16,1000000.00,3.545691,100.380859375
08:00:31,91282CLH2,TSRYS5875646,D,S,T,2024-09-16,2000000.00,3.545691,100.380859375
08:00:31,91282CLH2,TSRYS5875646,D,S,T,2024-09-16,1000000.00,3.546732,100.37890625
08:00:31,91282CLH2,TSRYS5875646,D,S,T,2024-09-16,1000000.00,3.546732,100.37890625
08:00:31,91282CLH2,TSRYS5875646,D,S,T,2024-09-16,1000000.00,3.546732,100.37890625
08:00:31,91282CLH2,TSRYS5875646,D,S,T,2024-09-16,2000000.00,3.54465,100.3828125
08:00:31,91282CLH2,TSRYS5875646,D,S,T,2024-09-16,2000000.00,3.54465,100.3828125
08:00:31,91282CLH2,TSRYS5875646,D,S,T,2024-09-16,2000000.00,3.54465,100.3828125
08:00:31,91282CLH2,TSRYS5875646,D,S,T,2024-09-16,2000000.00,3.54465,100.3828125
08:00:31,91282CLH2,TSRYS5875646,D,S,T,2024-09-16,2000000.00,3.54465,100.3828125
08:00:31,91282CLH2,TSRYS5875646,D,S,T,2024-09-16,2000000.00,3.54465,100.3828125
08:00:31,91282CLH2,TSRYS5875646,D,S,T,2024-09-16,1000000.00,3.54465,100.3828125
08:00:31,91282CLH2,TSRYS5875646,D,S,T,2024-09-16,1000000.00,3.54465,100.3828125
08:00:31,91282CLH2,TSRYS5875646,D,S,T,2024-09-16,2000000.00,3.54465,100.3828125
08:00:31,91282CLH2,TSRYS5875646,D,S,T,2024-09-16,1000000.00,3.54465,100.3828125
08:00:31,91282CLH2,TSRYS5875646,D,S,T,2024-09-16,1000000.00,3.54465,100.3828125
08:00:31,91282CLH2,TSRYS5875646,D,S,T,2024-09-16,1000000.00,3.54465,100.3828125
08:00:31,91282CLH2,TSRYS5875646,D,S,T,2024-09-16,1000000.00,3.54465,100.3828125
08:00:31,91282CLH2,TSRYS5875646,D,S,T,2024-09-16,1000000.00,3.54465,100.3828125
08:00:31,91282CLH2,TSRYS5875646,D,S,T,2024-09-16,1000000.00,3.54465,100.3828125
08:00:31,91282CLH2,TSRYS5875646,D,S,T,2024-09-16,1000000.00,3.54465,100.3828125
08:00:31,91282CLH2,TSRYS5875646,D,S,T,2024-09-16,2000000.00,3.54465,100.3828125
08:00:31,91282CLH2,TSRYS5875646,D,S,T,2024-09-16,4000000.00,3.54465,100.3828125
08:00:31,91282CLH2,TSRYS5875646,D,S,D,2024-09-16,3000000.00,3.557145,100.359375
08:00:31,91282CLH2,TSRYS5875646,D,S,D,2024-09-16,3000000.00,3.55298,100.3671875
08:00:31,91282CLH2,TSRYS5875646,D,S,D,2024-09-16,3000000.00,3.555062,100.36328125
08:00:31,91282CLH2,TSRYS5875646,D,S,D,2024-09-16,495000.00,3.55298,100.3671875
08:00:31,91282CLH2,TSRYS5875646,D,S,D,2024-09-16,4000000.00,3.55298,100.3671875
08:00:31,91282CLH2,TSRYS5875646,D,S,D,2024-09-16,4000000.00,3.545691,100.380859375
08:00:32,91282CLH2,TSRYS5875646,D,S,D,2024-09-16,1000000.00,3.555062,100.36328125
08:00:32,91282CLH2,TSRYS5875646,D,S,D,2024-09-16,1000000.00,3.555062,100.36328125
08:00:32,91282CLH2,TSRYS5875646,D,S,D,2024-09-16,1000000.00,3.555062,100.36328125
08:00:32,91282CLH2,TSRYS5875646,D,B,C,2024-09-16,1000000.00,3.555062,100.36328125
08:00:32,91282CLH2,TSRYS5875646,D,S,D,2024-09-16,3000000.00,3.555062,100.36328125
08:00:32,91282CLH2,TSRYS5875646,D,S,D,2024-09-16,6000000.00,3.555062,100.36328125
08:00:32,91282CLH2,TSRYS5875646,D,S,D,2024-09-16,1000000.00,3.555062,100.36328125
08:00:32,91282CLH2,TSRYS5875646,D,S,D,2024-09-16,1000000.00,3.555062,100.36328125
08:00:32,91282CLH2,TSRYS5875646,D,S,C,2024-09-16,1000000.00,3.555062,100.36328125
08:00:32,91282CLH2,TSRYS5875646,D,B,A,2024-09-16,30000000.00,3.567561,100.33984375
08:00:32,91282CLH2,TSRYS5875646,D,B,A,2024-09-16,13500000.00,3.567561,100.33984375
08:00:32,91282CLH2,TSRYS5875646,D,B,A,2024-09-16,13500000.00,3.567561,100.33984375
08:00:32,91282CLH2,TSRYS5875646,D,B,A,2024-09-16,1533000.00,3.567561,100.33984375
08:00:32,91282CLH2,TSRYS5875646,D,B,A,2024-09-16,15000000.00,3.565477,100.34375
08:00:32,91282CLH2,TSRYS5875646,D,B,A,2024-09-16,15000000.00,3.565477,100.34375
08:00:32,91282CLH2,TSRYS5875646,D,S,D,2024-09-16,495000.00,3.552446,100.3681875
08:00:33,91282CLH2,TSRYS5875646,D,S,D,2024-09-16,925000.00,3.550897,100.37109375
08:00:33,91282CLH2,TSRYS5875646,D,S,D,2024-09-16,965000.00,3.540486,100.390625
08:00:33,91282CLH2,TSRYS5875646,D,S,D,2024-09-16,4000000.00,3.55298,100.3671875
08:00:33,91282CLH2,TSRYS5875646,D,S,D,2024-09-16,1000000.00,3.55298,100.3671875
08:00:33,91282CLH2,TSRYS5875646,D,S,C,2024-09-16,1000000.00,3.55298,100.3671875
08:00:34,91282CLH2,TSRYS5875646,D,S,C,2024-09-16,1000000.00,3.546732,100.37890625
08:00:38,91282CLH2,TSRYS5875646,D,B,A,2024-09-16,5000.00,3.559228,100.35546875
08:00:38,91282CLH2,TSRYS5875646,D,S,D,2024-09-16,1900000.00,3.550897,100.37109375
08:00:38,91282CLH2,TSRYS5875646,D,S,A,2024-09-16,1300000.00,3.559228,100.35546875
08:00:39,91282CLH2,TSRYS5875646,D,S,D,2024-09-16,1000000.00,3.555062,100.36328125
08:00:39,91282CLH2,TSRYS5875646,D,S,D,2024-09-16,2000000.00,3.555062,100.36328125
08:00:39,91282CLH2,TSRYS5875646,D,S,D,2024-09-16,1000000.00,3.555062,100.36328125
08:00:39,91282CLH2,TSRYS5875646,D,B,A,2024-09-16,1094000.00,3.555062,100.36328125
08:00:39,91282CLH2,TSRYS5875646,D,S,T,2024-09-16,5000000.00,3.557145,100.359375
08:00:39,91282CLH2,TSRYS5875646,D,S,D,2024-09-16,5000000.00,3.557145,100.359375
08:00:39,91282CLH2,TSRYS5875646,D,S,T,2024-09-16,1000000.00,3.557145,100.359375
08:00:40,91282CLH2,TSRYS5875646,D,S,C,2024-09-16,15323000.00,3.55298,100.3671875
08:00:40,91282CLH2,TSRYS5875646,D,B,C,2024-09-16,1900000.00,3.550897,100.37109375
08:00:42,91282CLH2,TSRYS5875646,D,S,C,2024-09-16,4110000.00,3.55298,100.3671875
08:00:42,91282CLH2,TSRYS5875646,D,B,A,2024-09-16,1619000.00,3.559478,100.355
08:00:42,91282CLH2,TSRYS5875646,D,B,A,2024-09-16,3000000.00,3.557145,100.359375
08:00:43,91282CLH2,TSRYS5875646,D,B,A,2024-09-16,8430000.00,3.559228,100.35546875
08:00:43,91282CLH2,TSRYS5875646,D,S,T,2024-09-16,1000000.00,3.561311,100.3515625
08:00:43,91282CLH2,TSRYS5875646,D,S,T,2024-09-16,3000000.00,3.542568,100.38671875
08:00:43,91282CLH2,TSRYS5875646,D,S,A,2024-09-16,7000000.00,3.565477,100.34375
08:00:43,91282CLH2,TSRYS5875646,D,S,T,2024-09-16,2000000.00,3.565477,100.34375
08:00:44,91282CLH2,TSRYS5875646,D,S,C,2024-09-16,38000000.00,3.552349,100.36837
08:00:45,91282CLH2,TSRYS5875646,D,S,T,2024-09-16,1000000.00,3.561311,100.3515625
08:00:45,91282CLH2,TSRYS5875646,D,S,D,2024-09-16,1000000.00,3.542568,100.38671875
08:00:46,91282CLH2,TSRYS5875646,D,S,T,2024-09-16,1000000.00,3.556104,100.361328125
08:00:46,91282CLH2,TSRYS5875646,D,S,D,2024-09-16,15323000.00,3.55298,100.3671875
08:00:46,91282CLH2,TSRYS5875646,D,S,D,2024-09-16,1000000.00,3.545691,100.380859375
08:00:46,91282CLH2,TSRYS5875646,D,B,A,2024-09-16,10000000.00,3.559228,100.35546875
08:00:46,91282CLH2,TSRYS5875646,D,S,D,2024-09-16,1000000.00,3.556104,100.361328125
08:00:46,91282CLH2,TSRYS5875646,D,S,A,2024-09-16,691000.00,3.55298,100.3671875
08:00:46,91282CLH2,TSRYS5875646,D,B,A,2024-09-16,250000.00,3.555062,100.36328125
08:00:46,91282CLH2,TSRYS5875646,D,S,A,2024-09-16,746000.00,3.550897,100.37109375
08:00:46,91282CLH2,TSRYS5875646,D,S,T,2024-09-16,5000000.00,3.55298,100.3671875
08:00:46,91282CLH2,TSRYS5875646,D,S,T,2024-09-16,1000000.00,3.55298,100.3671875
08:00:47,91282CLH2,TSRYS5875646,D,S,T,2024-09-16,1000000.00,3.557145,100.359375
08:00:47,91282CLH2,TSRYS5875646,D,S,T,2024-09-16,1000000.00,3.557145,100.359375
08:00:47,91282CLH2,TSRYS5875646,D,S,T,2024-09-16,2000000.00,3.550897,100.37109375
08:00:47,91282CLH2,TSRYS5875646,D,S,T,2024-09-16,2000000.00,3.550897,100.37109375
08:00:47,91282CLH2,TSRYS5875646,D,S,T,2024-09-16,1000000.00,3.550897,100.37109375
08:00:47,91282CLH2,TSRYS5875646,D,B,A,2024-09-16,500000.00,3.555062,100.36328125
08:00:48,91282CLH2,TSRYS5875646,D,B,A,2024-09-16,10000000.00,3.557145,100.359375
08:00:48,91282CLH2,TSRYS5875646,D,S,T,2024-09-16,1000000.00,3.555117,100.36317925
08:00:48,91282CLH2,TSRYS5875646,D,S,T,2024-09-16,1000000.00,3.555117,100.36317925
08:00:48,91282CLH2,TSRYS5875646,D,S,T,2024-09-16,1000000.00,3.555117,100.36317925
08:00:49,91282CLH2,TSRYS5875646,D,S,T,2024-09-16,1000000.00,3.555117,100.36317925
08:00:49,91282CLH2,TSRYS5875646,D,S,T,2024-09-16,1000000.00,3.555117,100.36317925
08:00:49,91282CLH2,TSRYS5875646,D,S,T,2024-09-16,1000000.00,3.555117,100.36317925
08:00:49,91282CLH2,TSRYS5875646,D,S,T,2024-09-16,1000000.00,3.555117,100.36317925
08:00:49,91282CLH2,TSRYS5875646,D,S,T,2024-09-16,1000000.00,3.555117,100.36317925
08:00:49,91282CLH2,TSRYS5875646,D,S,T,2024-09-16,1000000.00,3.555117,100.36317925
08:00:49,91282CLH2,TSRYS5875646,D,S,T,2024-09-16,1000000.00,3.555117,100.36317925
08:00:49,91282CLH2,TSRYS5875646,D,S,D,2024-09-16,1000000.00,3.550897,100.37109375
08:00:49,91282CLH2,TSRYS5875646,D,S,T,2024-09-16,1000000.00,3.550897,100.37109375
08:00:50,91282CLH2,TSRYS5875646,D,S,C,2024-09-16,38000000.00,3.556268,100.36102
08:00:50,91282CLH2,TSRYS5875646,D,S,T,2024-09-16,6000000.00,3.561311,100.3515625
08:00:50,91282CLH2,TSRYS5875646,D,S,T,2024-09-16,1000000.00,3.561311,100.3515625
08:00:50,91282CLH2,TSRYS5875646,D,S,D,2024-09-16,2000000.00,3.561311,100.3515625
08:00:52,91282CLH2,TSRYS5875646,D,S,D,2024-09-16,55000000.00,3.542568,100.38671875
08:00:52,91282CLH2,TSRYS5875646,D,S,D,2024-09-16,6000000.00,3.555062,100.36328125
08:00:53,91282CLH2,TSRYS5875646,D,S,T,2024-09-16,1000000.00,3.55298,100.3671875
08:00:53,91282CLH2,TSRYS5875646,D,S,D,2024-09-16,4110000.00,3.55298,100.3671875
08:00:53,91282CLH2,TSRYS5875646,D,B,A,2024-09-16,1558000.00,3.559228,100.35546875
08:00:53,91282CLH2,TSRYS5875646,D,S,T,2024-09-16,1000000.00,3.558187,100.357421875
08:00:53,91282CLH2,TSRYS5875646,D,S,T,2024-09-16,1000000.00,3.558187,100.357421875
08:00:53,91282CLH2,TSRYS5875646,D,S,T,2024-09-16,1000000.00,3.545691,100.380859375
08:00:53,91282CLH2,TSRYS5875646,D,S,A,2024-09-16,5000000.00,3.555062,100.36328125
08:00:53,91282CLH2,TSRYS5875646,D,B,A,2024-09-16,6621000.00,3.555062,100.36328125
08:00:53,91282CLH2,TSRYS5875646,D,S,T,2024-09-16,1000000.00,3.554021,100.365234375
08:00:53,91282CLH2,TSRYS5875646,D,S,T,2024-09-16,1000000.00,3.554021,100.365234375
08:00:54,91282CLH2,TSRYS5875646,D,S,T,2024-09-16,1000000.00,3.554021,100.365234375
08:00:54,91282CLH2,TSRYS5875646,D,S,T,2024-09-16,1000000.00,3.554021,100.365234375
08:00:54,91282CLH2,TSRYS5875646,D,S,T,2024-09-16,2000000.00,3.554021,100.365234375
08:00:57,91282CLH2,TSRYS5875646,D,S,C,2024-09-16,8000.00,3.548815,100.375
08:00:59,91282CLH2,TSRYS5875646,D,S,C,2024-09-16,1000.00,3.548815,100.375
08:01:00,91282CLH2,TSRYS5875646,D,S,D,2024-09-16,884000.00,3.555062,100.36328125
08:01:00,91282CLH2,TSRYS5875646,D,S,D,2024-09-16,885000.00,3.548815,100.375
08:01:01,91282CLH2,TSRYS5875646,D,S,D,2024-09-16,1000000.00,3.558187,100.357421875
08:01:01,91282CLH2,TSRYS5875646,D,S,D,2024-09-16,1000000.00,3.556104,100.361328125
08:01:01,91282CLH2,TSRYS5875646,D,B,C,2024-09-16,1000000.00,3.558187,100.357421875
08:01:01,91282CLH2,TSRYS5875646,D,B,C,2024-09-16,1000000.00,3.555062,100.36328125
08:01:01,91282CLH2,TSRYS5875646,D,B,C,2024-09-16,1000000.00,3.556104,100.361328125
08:01:01,91282CLH2,TSRYS5875646,D,S,D,2024-09-16,1000000.00,3.555062,100.36328125
08:01:01,91282CLH2,TSRYS5875646,D,S,D,2024-09-16,1000000.00,3.555062,100.36328125
08:01:01,91282CLH2,TSRYS5875646,D,S,D,2024-09-16,1000000.00,3.556104,100.361328125
08:01:01,91282CLH2,TSRYS5875646,D,B,C,2024-09-16,1000000.00,3.55298,100.3671875
08:01:01,91282CLH2,TSRYS5875646,D,S,C,2024-09-16,1000000.00,3.549856,100.373046875
08:01:01,91282CLH2,TSRYS5875646,D,S,D,2024-09-16,1000000.00,3.55298,100.3671875
08:01:01,91282CLH2,TSRYS5875646,D,S,C,2024-09-16,1000000.00,3.549856,100.373046875
08:01:01,91282CLH2,TSRYS5875646,D,B,C,2024-09-16,1000000.00,3.55298,100.3671875
08:01:01,91282CLH2,TSRYS5875646,D,B,C,2024-09-16,1000000.00,3.550897,100.37109375
08:01:01,91282CLH2,TSRYS5875646,D,S,D,2024-09-16,1000000.00,3.55298,100.3671875
08:01:01,91282CLH2,TSRYS5875646,D,S,T,2024-09-16,5000000.00,3.553033,100.3670875
08:01:01,91282CLH2,TSRYS5875646,D,S,D,2024-09-16,1000000.00,3.550897,100.37109375
08:01:01,91282CLH2,TSRYS5875646,D,B,C,2024-09-16,1000000.00,3.55298,100.3671875
08:01:01,91282CLH2,TSRYS5875646,D,S,D,2024-09-16,1000000.00,3.55298,100.3671875
08:01:01,91282CLH2,TSRYS5875646,D,S,D,2024-09-16,1000000.00,3.55298,100.3671875
08:01:01,91282CLH2,TSRYS5875646,D,B,C,2024-09-16,1000000.00,3.55298,100.3671875
08:01:01,91282CLH2,TSRYS5875646,D,B,C,2024-09-16,1000000.00,3.55298,100.3671875
08:01:01,91282CLH2,TSRYS5875646,D,S,D,2024-09-16,1000000.00,3.55298,100.3671875
08:01:01,91282CLH2,TSRYS5875646,D,B,C,2024-09-16,1000000.00,3.555062,100.36328125
08:01:01,91282CLH2,TSRYS5875646,D,B,C,2024-09-16,1000000.00,3.555062,100.36328125
08:01:01,91282CLH2,TSRYS5875646,D,S,D,2024-09-16,1000000.00,3.555062,100.36328125
08:01:01,91282CLH2,TSRYS5875646,D,B,C,2024-09-16,1000000.00,3.557145,100.359375
08:01:01,91282CLH2,TSRYS5875646,D,B,C,2024-09-16,1000000.00,3.557145,100.359375
08:01:01,91282CLH2,TSRYS5875646,D,S,D,2024-09-16,1000000.00,3.555062,100.36328125
08:01:01,91282CLH2,TSRYS5875646,D,S,D,2024-09-16,1000000.00,3.557145,100.359375
08:01:01,91282CLH2,TSRYS5875646,D,S,D,2024-09-16,1000000.00,3.557145,100.359375
08:01:01,91282CLH2,TSRYS5875646,D,B,C,2024-09-16,1000000.00,3.557145,100.359375
08:01:01,91282CLH2,TSRYS5875646,D,B,C,2024-09-16,1000000.00,3.557145,100.359375
08:01:01,91282CLH2,TSRYS5875646,D,S,C,2024-09-16,1000000.00,3.557145,100.359375
08:01:01,91282CLH2,TSRYS5875646,D,S,C,2024-09-16,1000000.00,3.557145,100.359375
08:01:01,91282CLH2,TSRYS5875646,D,S,C,2024-09-16,1000000.00,3.557145,100.359375
08:01:01,91282CLH2,TSRYS5875646,D,B,C,2024-09-16,2000000.00,3.557145,100.359375
08:01:01,91282CLH2,TSRYS5875646,D,B,C,2024-09-16,1000000.00,3.557145,100.359375
08:01:01,91282CLH2,TSRYS5875646,D,S,D,2024-09-16,1000000.00,3.557145,100.359375
08:01:01,91282CLH2,TSRYS5875646,D,B,C,2024-09-16,1000000.00,3.557145,100.359375
08:01:01,91282CLH2,TSRYS5875646,D,S,D,2024-09-16,2000000.00,3.557145,100.359375
08:01:01,91282CLH2,TSRYS5875646,D,S,D,2024-09-16,1000000.00,3.557145,100.359375
08:01:01,91282CLH2,TSRYS5875646,D,B,C,2024-09-16,1000000.00,3.557145,100.359375
08:01:01,91282CLH2,TSRYS5875646,D,S,D,2024-09-16,1000000.00,3.557145,100.359375
08:01:01,91282CLH2,TSRYS5875646,D,S,D,2024-09-16,1000000.00,3.557145,100.359375
08:01:01,91282CLH2,TSRYS5875646,D,B,C,2024-09-16,1000000.00,3.557145,100.359375
08:01:01,91282CLH2,TSRYS5875646,D,B,C,2024-09-16,1000000.00,3.557145,100.359375
08:01:01,91282CLH2,TSRYS5875646,D,S,D,2024-09-16,1000000.00,3.557145,100.359375
08:01:01,91282CLH2,TSRYS5875646,D,S,D,2024-09-16,2000000.00,3.557145,100.359375
08:01:01,91282CLH2,TSRYS5875646,D,B,C,2024-09-16,1000000.00,3.557145,100.359375
08:01:01,91282CLH2,TSRYS5875646,D,B,C,2024-09-16,10000000.00,3.557145,100.359375
08:01:01,91282CLH2,TSRYS5875646,D,B,C,2024-09-16,2000000.00,3.557145,100.359375
08:01:01,91282CLH2,TSRYS5875646,D,B,C,2024-09-16,1000000.00,3.557145,100.359375
08:01:01,91282CLH2,TSRYS5875646,D,S,D,2024-09-16,1000000.00,3.555062,100.36328125
08:01:01,91282CLH2,TSRYS5875646,D,B,C,2024-09-16,1000000.00,3.555062,100.36328125
08:01:01,91282CLH2,TSRYS5875646,D,S,D,2024-09-16,1000000.00,3.557145,100.359375
08:01:01,91282CLH2,TSRYS5875646,D,B,C,2024-09-16,1000000.00,3.557145,100.359375
08:01:02,91282CLH2,TSRYS5875646,D,S,D,2024-09-16,1000000.00,3.557145,100.359375
08:01:02,91282CLH2,TSRYS5875646,D,S,D,2024-09-16,1000000.00,3.557145,100.359375
08:01:02,91282CLH2,TSRYS5875646,D,S,D,2024-09-16,1000000.00,3.55298,100.3671875
08:01:02,91282CLH2,TSRYS5875646,D,S,D,2024-09-16,10000000.00,3.557145,100.359375
08:01:02,91282CLH2,TSRYS5875646,D,B,C,2024-09-16,1000000.00,3.557145,100.359375
08:01:02,91282CLH2,TSRYS5875646,D,S,C,2024-09-16,1000000.00,3.55298,100.3671875
08:01:02,91282CLH2,TSRYS5875646,D,S,D,2024-09-16,5000000.00,3.557145,100.359375
08:01:02,91282CLH2,TSRYS5875646,D,S,C,2024-09-16,2000000.00,3.557145,100.359375
08:01:02,91282CLH2,TSRYS5875646,D,S,C,2024-09-16,1000000.00,3.554021,100.365234375
08:01:02,91282CLH2,TSRYS5875646,D,S,C,2024-09-16,1000000.00,3.554021,100.365234375
08:01:02,91282CLH2,TSRYS5875646,D,S,C,2024-09-16,2000000.00,3.55298,100.3671875
08:01:02,91282CLH2,TSRYS5875646,D,S,C,2024-09-16,1000000.00,3.554021,100.365234375
08:01:02,91282CLH2,TSRYS5875646,D,B,C,2024-09-16,2000000.00,3.557145,100.359375
08:01:02,91282CLH2,TSRYS5875646,D,S,C,2024-09-16,1000000.00,3.551938,100.369140625
08:01:02,91282CLH2,TSRYS5875646,D,S,C,2024-09-16,2000000.00,3.558187,100.357421875
08:01:02,91282CLH2,TSRYS5875646,D,S,D,2024-09-16,1000000.00,3.550897,100.37109375
08:01:02,91282CLH2,TSRYS5875646,D,S,D,2024-09-16,1000000.00,3.550897,100.37109375
08:01:02,91282CLH2,TSRYS5875646,D,S,D,2024-09-16,1000000.00,3.549856,100.373046875
08:01:02,91282CLH2,TSRYS5875646,D,S,D,2024-09-16,1000000.00,3.548815,100.375
08:01:02,91282CLH2,TSRYS5875646,D,B,C,2024-09-16,1000000.00,3.549856,100.373046875
08:01:02,91282CLH2,TSRYS5875646,D,S,D,2024-09-16,1000000.00,3.550897,100.37109375
08:01:02,91282CLH2,TSRYS5875646,D,S,D,2024-09-16,1000000.00,3.55298,100.3671875
08:01:02,91282CLH2,TSRYS5875646,D,S,C,2024-09-16,2000000.00,3.555062,100.36328125
08:01:02,91282CLH2,TSRYS5875646,D,B,C,2024-09-16,1000000.00,3.555062,100.36328125
08:01:02,91282CLH2,TSRYS5875646,D,B,C,2024-09-16,2000000.00,3.555062,100.36328125
08:01:02,91282CLH2,TSRYS5875646,D,S,C,2024-09-16,1000000.00,3.555062,100.36328125
08:01:02,91282CLH2,TSRYS5875646,D,S,C,2024-09-16,2000000.00,3.555062,100.36328125
08:01:02,91282CLH2,TSRYS5875646,D,S,D,2024-09-16,1000000.00,3.555062,100.36328125
08:01:02,91282CLH2,TSRYS5875646,D,S,D,2024-09-16,2000000.00,3.561311,100.3515625
08:01:02,91282CLH2,TSRYS5875646,D,S,C,2024-09-16,2000000.00,3.563394,100.34765625
08:01:02,91282CLH2,TSRYS5875646,D,S,D,2024-09-16,1000000.00,3.561311,100.3515625
08:01:02,91282CLH2,TSRYS5875646,D,B,C,2024-09-16,2000000.00,3.563394,100.34765625
08:01:02,91282CLH2,TSRYS5875646,D,S,A,2024-09-16,3220000.00,3.550897,100.37109375
08:01:02,91282CLH2,TSRYS5875646,D,S,D,2024-09-16,2000000.00,3.565477,100.34375
08:01:02,91282CLH2,TSRYS5875646,D,S,D,2024-09-16,1000000.00,3.568602,100.337890625
08:01:02,91282CLH2,TSRYS5875646,D,S,D,2024-09-16,1000000.00,3.568602,100.337890625
08:01:02,91282CLH2,TSRYS5875646,D,S,D,2024-09-16,1000000.00,3.568602,100.337890625
08:01:02,91282CLH2,TSRYS5875646,D,S,D,2024-09-16,1000000.00,3.568602,100.337890625
08:01:02,91282CLH2,TSRYS5875646,D,S,D,2024-09-16,1000000.00,3.568602,100.337890625
08:01:02,91282CLH2,TSRYS5875646,D,S,D,2024-09-16,1000000.00,3.568602,100.337890625
08:01:02,91282CLH2,TSRYS5875646,D,S,D,2024-09-16,1000000.00,3.568602,100.337890625
08:01:02,91282CLH2,TSRYS5875646,D,S,D,2024-09-16,1000000.00,3.568602,100.337890625
08:01:02,91282CLH2,TSRYS5875646,D,S,D,2024-09-16,2000000.00,3.567561,100.33984375
08:01:02,91282CLH2,TSRYS5875646,D,B,C,2024-09-16,2000000.00,3.567561,100.33984375
08:01:02,91282CLH2,TSRYS5875646,D,S,D,2024-09-16,1000000.00,3.568602,100.337890625
08:01:02,91282CLH2,TSRYS5875646,D,S,D,2024-09-16,1000000.00,3.564436,100.345703125
08:01:02,91282CLH2,TSRYS5875646,D,S,D,2024-09-16,1000000.00,3.567561,100.33984375
08:01:02,91282CLH2,TSRYS5875646,D,S,D,2024-09-16,1000000.00,3.568602,100.337890625
08:01:02,91282CLH2,TSRYS5875646,D,S,C,2024-09-16,2000000.00,3.56027,100.353515625
08:01:02,91282CLH2,TSRYS5875646,D,B,C,2024-09-16,1000000.00,3.566519,100.341796875
08:01:02,91282CLH2,TSRYS5875646,D,S,D,2024-09-16,1000000.00,3.566519,100.341796875
08:01:02,91282CLH2,TSRYS5875646,D,S,C,2024-09-16,1000000.00,3.56027,100.353515625
08:01:05,91282CLH2,TSRYS5875646,D,S,A,2024-09-16,9610000.00,3.554021,100.365234375
08:01:08,91282CLH2,TSRYS5875646,D,S,T,2024-09-16,1000000.00,3.542568,100.38671875
08:01:10,91282CLH2,TSRYS5875646,D,S,T,2024-09-16,1000000.00,3.563449,100.34755425
08:01:12,91282CLH2,TSRYS5875646,D,B,C,2024-09-16,1000000.00,3.557145,100.359375
08:01:12,91282CLH2,TSRYS5875646,D,S,D,2024-09-16,1000000.00,3.557145,100.359375
08:01:12,91282CLH2,TSRYS5875646,D,B,C,2024-09-16,1000000.00,3.557145,100.359375
08:01:12,91282CLH2,TSRYS5875646,D,S,D,2024-09-16,1000000.00,3.557145,100.359375
08:01:12,91282CLH2,TSRYS5875646,D,B,C,2024-09-16,1000000.00,3.557145,100.359375
08:01:12,91282CLH2,TSRYS5875646,D,S,C,2024-09-16,1000000.00,3.557145,100.359375
08:01:12,91282CLH2,TSRYS5875646,D,B,C,2024-09-16,1000000.00,3.557145,100.359375
08:01:12,91282CLH2,TSRYS5875646,D,S,D,2024-09-16,1000000.00,3.557145,100.359375
08:01:12,91282CLH2,TSRYS5875646,D,B,C,2024-09-16,1000000.00,3.557145,100.359375
08:01:12,91282CLH2,TSRYS5875646,D,S,D,2024-09-16,1000000.00,3.557145,100.359375
08:01:12,91282CLH2,TSRYS5875646,D,B,C,2024-09-16,1000000.00,3.557145,100.359375
08:01:12,91282CLH2,TSRYS5875646,D,S,D,2024-09-16,1000000.00,3.557145,100.359375
08:01:13,91282CLH2,TSRYS5875646,D,B,C,2024-09-16,1000000.00,3.555062,100.36328125
08:01:13,91282CLH2,TSRYS5875646,D,S,D,2024-09-16,1000000.00,3.555062,100.36328125
08:01:13,91282CLH2,TSRYS5875646,D,S,D,2024-09-16,1000000.00,3.555062,100.36328125
08:01:13,91282CLH2,TSRYS5875646,D,S,D,2024-09-16,1000000.00,3.555062,100.36328125
08:01:13,91282CLH2,TSRYS5875646,D,S,D,2024-09-16,1000000.00,3.555062,100.36328125
08:01:13,91282CLH2,TSRYS5875646,D,B,C,2024-09-16,1000000.00,3.555062,100.36328125
08:01:13,91282CLH2,TSRYS5875646,D,S,D,2024-09-16,1000000.00,3.555062,100.36328125
08:01:13,91282CLH2,TSRYS5875646,D,S,D,2024-09-16,6000000.00,3.555062,100.36328125
08:01:13,91282CLH2,TSRYS5875646,D,S,T,2024-09-16,3000000.00,3.540486,100.390625
08:01:13,91282CLH2,TSRYS5875646,D,B,C,2024-09-16,1000000.00,3.555062,100.36328125
08:01:13,91282CLH2,TSRYS5875646,D,S,D,2024-09-16,1000000.00,3.555062,100.36328125
08:01:13,91282CLH2,TSRYS5875646,D,B,C,2024-09-16,1000000.00,3.555062,100.36328125
08:01:13,91282CLH2,TSRYS5875646,D,S,D,2024-09-16,1000000.00,3.555062,100.36328125
08:01:13,91282CLH2,TSRYS5875646,D,B,C,2024-09-16,1000000.00,3.555062,100.36328125
08:01:13,91282CLH2,TSRYS5875646,D,S,D,2024-09-16,1000000.00,3.555062,100.36328125
08:01:13,91282CLH2,TSRYS5875646,D,B,C,2024-09-16,1000000.00,3.555062,100.36328125
08:01:13,91282CLH2,TSRYS5875646,D,S,D,2024-09-16,1000000.00,3.555062,100.36328125
08:01:13,91282CLH2,TSRYS5875646,D,B,C,2024-09-16,1000000.00,3.55298,100.3671875
08:01:13,91282CLH2,TSRYS5875646,D,S,C,2024-09-16,1000000.00,3.55298,100.3671875
08:01:14,91282CLH2,TSRYS5875646,D,S,C,2024-09-16,1000000.00,3.55298,100.3671875
08:01:14,91282CLH2,TSRYS5875646,D,B,C,2024-09-16,1000000.00,3.55298,100.3671875
08:01:14,91282CLH2,TSRYS5875646,D,S,D,2024-09-16,1000000.00,3.55298,100.3671875
08:01:14,91282CLH2,TSRYS5875646,D,B,C,2024-09-16,1000000.00,3.55298,100.3671875
08:01:14,91282CLH2,TSRYS5875646,D,B,C,2024-09-16,1000000.00,3.55298,100.3671875
08:01:14,91282CLH2,TSRYS5875646,D,S,D,2024-09-16,1000000.00,3.55298,100.3671875
08:01:14,91282CLH2,TSRYS5875646,D,B,C,2024-09-16,1000000.00,3.548815,100.375
08:01:14,91282CLH2,TSRYS5875646,D,S,D,2024-09-16,1000000.00,3.548815,100.375
08:01:14,91282CLH2,TSRYS5875646,D,B,C,2024-09-16,1000000.00,3.546732,100.37890625
08:01:14,91282CLH2,TSRYS5875646,D,S,D,2024-09-16,1000000.00,3.546732,100.37890625
08:01:14,91282CLH2,TSRYS5875646,D,B,C,2024-09-16,1000000.00,3.54465,100.3828125
08:01:14,91282CLH2,TSRYS5875646,D,S,D,2024-09-16,1000000.00,3.54465,100.3828125
08:01:14,91282CLH2,TSRYS5875646,D,B,C,2024-09-16,1000000.00,3.546732,100.37890625
08:01:14,91282CLH2,TSRYS5875646,D,S,D,2024-09-16,1000000.00,3.546732,100.37890625
08:01:14,91282CLH2,TSRYS5875646,D,B,C,2024-09-16,3000000.00,3.545691,100.380859375
08:01:14,91282CLH2,TSRYS5875646,D,S,D,2024-09-16,3000000.00,3.545691,100.380859375
08:01:14,91282CLH2,TSRYS5875646,D,S,D,2024-09-16,1000000.00,3.545691,100.380859375
08:01:14,91282CLH2,TSRYS5875646,D,S,C,2024-09-16,1000000.00,3.545691,100.380859375
08:01:14,91282CLH2,TSRYS5875646,D,B,C,2024-09-16,1000000.00,3.543609,100.384765625
08:01:14,91282CLH2,TSRYS5875646,D,S,D,2024-09-16,2000000.00,3.543609,100.384765625
08:01:14,91282CLH2,TSRYS5875646,D,B,C,2024-09-16,2000000.00,3.543609,100.384765625
08:01:14,91282CLH2,TSRYS5875646,D,S,D,2024-09-16,1000000.00,3.543609,100.384765625
08:01:15,91282CLH2,TSRYS5875646,D,B,C,2024-09-16,1000000.00,3.543609,100.384765625
08:01:15,91282CLH2,TSRYS5875646,D,S,D,2024-09-16,1000000.00,3.543609,100.384765625
08:01:15,91282CLH2,TSRYS5875646,D,B,C,2024-09-16,1000000.00,3.542568,100.38671875
08:01:15,91282CLH2,TSRYS5875646,D,S,T,2024-09-16,4000000.00,3.540486,100.390625
08:01:15,91282CLH2,TSRYS5875646,D,S,T,2024-09-16,1000000.00,3.540486,100.390625
08:01:15,91282CLH2,TSRYS5875646,D,S,T,2024-09-16,3000000.00,3.540486,100.390625
08:01:15,91282CLH2,TSRYS5875646,D,S,T,2024-09-16,1000000.00,3.541527,100.388671875
08:01:15,91282CLH2,TSRYS5875646,D,S,T,2024-09-16,4000000.00,3.541527,100.388671875
08:01:15,91282CLH2,TSRYS5875646,D,S,T,2024-09-16,1000000.00,3.541527,100.388671875
08:01:16,91282CLH2,TSRYS5875646,D,S,D,2024-09-16,1000000.00,3.556104,100.361328125
08:01:16,91282CLH2,TSRYS5875646,D,S,D,2024-09-16,1000000.00,3.556104,100.361328125
08:01:16,91282CLH2,TSRYS5875646,D,S,D,2024-09-16,1000000.00,3.556104,100.361328125
08:01:16,91282CLH2,TSRYS5875646,D,S,D,2024-09-16,1000000.00,3.556104,100.361328125
08:01:16,91282CLH2,TSRYS5875646,D,B,C,2024-09-16,1000000.00,3.556104,100.361328125
08:01:16,91282CLH2,TSRYS5875646,D,S,D,2024-09-16,1000000.00,3.556104,100.361328125
08:01:16,91282CLH2,TSRYS5875646,D,S,D,2024-09-16,1000000.00,3.555062,100.36328125
08:01:16,91282CLH2,TSRYS5875646,D,S,D,2024-09-16,1000000.00,3.555062,100.36328125
08:01:16,91282CLH2,TSRYS5875646,D,S,D,2024-09-16,1000000.00,3.555062,100.36328125
08:01:16,91282CLH2,TSRYS5875646,D,B,C,2024-09-16,1000000.00,3.555062,100.36328125
08:01:16,91282CLH2,TSRYS5875646,D,S,D,2024-09-16,1000000.00,3.555062,100.36328125
08:01:16,91282CLH2,TSRYS5875646,D,S,D,2024-09-16,1000000.00,3.555062,100.36328125
08:01:16,91282CLH2,TSRYS5875646,D,B,C,2024-09-16,1000000.00,3.555062,100.36328125
08:01:16,91282CLH2,TSRYS5875646,D,S,D,2024-09-16,1000000.00,3.555062,100.36328125
08:01:16,91282CLH2,TSRYS5875646,D,S,D,2024-09-16,1000000.00,3.555062,100.36328125
08:01:16,91282CLH2,TSRYS5875646,D,B,C,2024-09-16,1000000.00,3.555062,100.36328125
08:01:16,91282CLH2,TSRYS5875646,D,S,D,2024-09-16,1000000.00,3.555062,100.36328125
08:01:16,91282CLH2,TSRYS5875646,D,S,D,2024-09-16,1000000.00,3.55298,100.3671875
08:01:16,91282CLH2,TSRYS5875646,D,S,D,2024-09-16,1000000.00,3.55298,100.3671875
08:01:16,91282CLH2,TSRYS5875646,D,S,D,2024-09-16,1000000.00,3.55298,100.3671875
08:01:16,91282CLH2,TSRYS5875646,D,S,D,2024-09-16,1000000.00,3.55298,100.3671875
08:01:16,91282CLH2,TSRYS5875646,D,S,D,2024-09-16,1000000.00,3.55298,100.3671875
08:01:16,91282CLH2,TSRYS5875646,D,S,D,2024-09-16,1000000.00,3.55298,100.3671875
08:01:16,91282CLH2,TSRYS5875646,D,S,D,2024-09-16,1000000.00,3.550897,100.37109375
08:01:16,91282CLH2,TSRYS5875646,D,S,C,2024-09-16,1000000.00,3.55298,100.3671875
08:01:16,91282CLH2,TSRYS5875646,D,B,C,2024-09-16,1000000.00,3.55298,100.3671875
08:01:17,91282CLH2,TSRYS5875646,D,B,C,2024-09-16,1000000.00,3.557145,100.359375
08:01:17,91282CLH2,TSRYS5875646,D,S,D,2024-09-16,1000000.00,3.557145,100.359375
08:01:17,91282CLH2,TSRYS5875646,D,B,C,2024-09-16,1000000.00,3.557145,100.359375
08:01:17,91282CLH2,TSRYS5875646,D,S,D,2024-09-16,1000000.00,3.557145,100.359375
08:01:17,91282CLH2,TSRYS5875646,D,S,D,2024-09-16,1000000.00,3.557145,100.359375
08:01:17,91282CLH2,TSRYS5875646,D,S,D,2024-09-16,1000000.00,3.557145,100.359375
08:01:17,91282CLH2,TSRYS5875646,D,S,D,2024-09-16,1000000.00,3.557145,100.359375
08:01:17,91282CLH2,TSRYS5875646,D,B,C,2024-09-16,1000000.00,3.557145,100.359375
08:01:17,91282CLH2,TSRYS5875646,D,S,D,2024-09-16,1000000.00,3.557145,100.359375
08:01:17,91282CLH2,TSRYS5875646,D,S,D,2024-09-16,1000000.00,3.557145,100.359375
08:01:17,91282CLH2,TSRYS5875646,D,S,D,2024-09-16,1000000.00,3.557145,100.359375
08:01:17,91282CLH2,TSRYS5875646,D,S,C,2024-09-16,1000000.00,3.557145,100.359375
08:01:17,91282CLH2,TSRYS5875646,D,B,C,2024-09-16,2000000.00,3.557145,100.359375
08:01:17,91282CLH2,TSRYS5875646,D,S,C,2024-09-16,1000000.00,3.557145,100.359375
08:01:17,91282CLH2,TSRYS5875646,D,S,D,2024-09-16,1000000.00,3.557145,100.359375
08:01:17,91282CLH2,TSRYS5875646,D,B,C,2024-09-16,1000000.00,3.557145,100.359375
08:01:17,91282CLH2,TSRYS5875646,D,S,C,2024-09-16,1000000.00,3.557145,100.359375
08:01:17,91282CLH2,TSRYS5875646,D,B,C,2024-09-16,1000000.00,3.557145,100.359375
08:01:17,91282CLH2,TSRYS5875646,D,B,C,2024-09-16,1000000.00,3.557145,100.359375
08:01:17,91282CLH2,TSRYS5875646,D,S,D,2024-09-16,1000000.00,3.557145,100.359375
08:01:17,91282CLH2,TSRYS5875646,D,S,D,2024-09-16,1000000.00,3.557145,100.359375
08:01:17,91282CLH2,TSRYS5875646,D,S,D,2024-09-16,1000000.00,3.557145,100.359375
08:01:17,91282CLH2,TSRYS5875646,D,S,D,2024-09-16,1000000.00,3.557145,100.359375
08:01:17,91282CLH2,TSRYS5875646,D,S,D,2024-09-16,1000000.00,3.557145,100.359375
08:01:17,91282CLH2,TSRYS5875646,D,S,A,2024-09-16,16000.00,3.561311,100.3515625
08:01:17,91282CLH2,TSRYS5875646,D,S,D,2024-09-16,1000000.00,3.555062,100.36328125
08:01:17,91282CLH2,TSRYS5875646,D,S,D,2024-09-16,1000000.00,3.555062,100.36328125
08:01:17,91282CLH2,TSRYS5875646,D,B,C,2024-09-16,1000000.00,3.555062,100.36328125
08:01:17,91282CLH2,TSRYS5875646,D,S,D,2024-09-16,1000000.00,3.555062,100.36328125
08:01:17,91282CLH2,TSRYS5875646,D,S,D,2024-09-16,1000000.00,3.555062,100.36328125
08:01:17,91282CLH2,TSRYS5875646,D,B,C,2024-09-16,1000000.00,3.557145,100.359375
08:01:17,91282CLH2,TSRYS5875646,D,S,C,2024-09-16,10000000.00,3.555062,100.36328125
08:01:17,91282CLH2,TSRYS5875646,D,B,C,2024-09-16,1000000.00,3.554021,100.365234375
08:01:17,91282CLH2,TSRYS5875646,D,B,C,2024-09-16,3000000.00,3.555062,100.36328125
08:01:17,91282CLH2,TSRYS5875646,D,S,C,2024-09-16,1000000.00,3.554021,100.365234375
08:01:17,91282CLH2,TSRYS5875646,D,S,C,2024-09-16,1000000.00,3.555062,100.36328125
08:01:18,91282CLH2,TSRYS5875646,D,B,C,2024-09-16,1000000.00,3.555062,100.36328125
08:01:18,91282CLH2,TSRYS5875646,D,S,C,2024-09-16,1000000.00,3.555062,100.36328125
08:01:18,91282CLH2,TSRYS5875646,D,B,C,2024-09-16,1000000.00,3.55298,100.3671875
08:01:18,91282CLH2,TSRYS5875646,D,S,C,2024-09-16,1000000.00,3.555062,100.36328125
08:01:18,91282CLH2,TSRYS5875646,D,S,C,2024-09-16,1000000.00,3.556104,100.361328125
08:01:19,91282CLH2,TSRYS5875646,D,B,C,2024-09-16,1000000.00,3.556104,100.361328125
08:01:19,91282CLH2,TSRYS5875646,D,S,C,2024-09-16,1000000.00,3.556104,100.361328125
08:01:19,91282CLH2,TSRYS5875646,D,B,C,2024-09-16,1000000.00,3.556104,100.361328125
08:01:19,91282CLH2,TSRYS5875646,D,S,C,2024-09-16,1000000.00,3.550897,100.37109375
08:01:20,91282CLH2,TSRYS5875646,D,S,C,2024-09-16,1000000.00,3.55298,100.3671875
08:01:20,91282CLH2,TSRYS5875646,D,B,C,2024-09-16,1000000.00,3.55298,100.3671875
08:01:20,91282CLH2,TSRYS5875646,D,S,C,2024-09-16,1000000.00,3.55298,100.3671875
08:01:20,91282CLH2,TSRYS5875646,D,B,C,2024-09-16,1000000.00,3.55298,100.3671875
08:01:20,91282CLH2,TSRYS5875646,D,S,C,2024-09-16,1000000.00,3.554021,100.365234375
08:01:20,91282CLH2,TSRYS5875646,D,S,C,2024-09-16,1000000.00,3.554021,100.365234375
08:01:20,91282CLH2,TSRYS5875646,D,S,D,2024-09-16,2000000.00,3.554021,100.365234375
08:01:20,91282CLH2,TSRYS5875646,D,S,D,2024-09-16,1000000.00,3.554021,100.365234375
08:01:20,91282CLH2,TSRYS5875646,D,S,D,2024-09-16,1000000.00,3.554021,100.365234375
08:01:20,91282CLH2,TSRYS5875646,D,S,C,2024-09-16,1000000.00,3.554021,100.365234375
08:01:20,91282CLH2,TSRYS5875646,D,S,C,2024-09-16,1000000.00,3.554021,100.365234375
08:01:20,91282CLH2,TSRYS5875646,D,B,C,2024-09-16,1000000.00,3.55298,100.3671875
08:01:20,91282CLH2,TSRYS5875646,D,S,C,2024-09-16,1000000.00,3.55298,100.3671875
08:01:21,91282CLH2,TSRYS5875646,D,S,C,2024-09-16,2000000.00,3.555062,100.36328125
08:01:21,91282CLH2,TSRYS5875646,D,S,C,2024-09-16,1000000.00,3.556104,100.361328125
08:01:21,91282CLH2,TSRYS5875646,D,B,C,2024-09-16,2000000.00,3.542568,100.38671875
08:01:21,91282CLH2,TSRYS5875646,D,B,C,2024-09-16,1000000.00,3.555062,100.36328125
08:01:21,91282CLH2,TSRYS5875646,D,B,C,2024-09-16,1000000.00,3.554021,100.365234375
08:01:21,91282CLH2,TSRYS5875646,D,S,D,2024-09-16,1000000.00,3.554021,100.365234375
08:01:21,91282CLH2,TSRYS5875646,D,B,C,2024-09-16,2000000.00,3.557145,100.359375
08:01:21,91282CLH2,TSRYS5875646,D,S,A,2024-09-16,25000.00,3.55298,100.3671875
08:01:21,91282CLH2,TSRYS5875646,D,B,C,2024-09-16,1000000.00,3.557145,100.359375
08:01:21,91282CLH2,TSRYS5875646,D,S,D,2024-09-16,1000000.00,3.54465,100.3828125
08:01:21,91282CLH2,TSRYS5875646,D,B,C,2024-09-16,1000000.00,3.557145,100.359375
08:01:22,91282CLH2,TSRYS5875646,D,B,C,2024-09-16,1000000.00,3.557145,100.359375
08:01:22,91282CLH2,TSRYS5875646,D,S,D,2024-09-16,1000000.00,3.557145,100.359375
08:01:22,91282CLH2,TSRYS5875646,D,B,C,2024-09-16,2000000.00,3.55298,100.3671875
08:01:22,91282CLH2,TSRYS5875646,D,B,C,2024-09-16,1000000.00,3.555062,100.36328125
08:01:22,91282CLH2,TSRYS5875646,D,S,D,2024-09-16,1000000.00,3.558187,100.357421875
08:01:22,91282CLH2,TSRYS5875646,D,B,C,2024-09-16,2000000.00,3.557145,100.359375
08:01:22,91282CLH2,TSRYS5875646,D,S,T,2024-09-16,3000000.00,3.544771,100.382585
08:01:22,91282CLH2,TSRYS5875646,D,S,T,2024-09-16,2000000.00,3.544771,100.382585
08:01:22,91282CLH2,TSRYS5875646,D,S,T,2024-09-16,1000000.00,3.544771,100.382586
08:01:22,91282CLH2,TSRYS5875646,D,S,T,2024-09-16,1000000.00,3.544771,100.382586
08:01:22,91282CLH2,TSRYS5875646,D,B,A,2024-09-16,7000000.00,3.548501,100.375
08:01:22,91282CLH2,TSRYS5875646,D,B,C,2024-09-16,2000000.00,3.557145,100.359375
08:01:22,91282CLH2,TSRYS5875646,D,S,D,2024-09-16,1000000.00,3.557145,100.359375
08:01:22,91282CLH2,TSRYS5875646,D,B,C,2024-09-16,2000000.00,3.557145,100.359375
08:01:22,91282CLH2,TSRYS5875646,D,S,D,2024-09-16,4000000.00,3.557145,100.359375
08:01:22,91282CLH2,TSRYS5875646,D,B,C,2024-09-16,4000000.00,3.557145,100.359175
08:01:22,91282CLH2,TSRYS5875646,D,S,D,2024-09-16,3000000.00,3.557145,100.359375
08:01:22,91282CLH2,TSRYS5875646,D,S,D,2024-09-16,3000000.00,3.557145,100.359375
08:01:22,91282CLH2,TSRYS5875646,D,B,C,2024-09-16,2000000.00,3.555062,100.36328125
08:01:23,91282CLH2,TSRYS5875646,D,S,D,2024-09-16,1000000.00,3.557145,100.359375
08:01:23,91282CLH2,TSRYS5875646,D,B,C,2024-09-16,1000000.00,3.557145,100.359375
08:01:23,91282CLH2,TSRYS5875646,D,S,D,2024-09-16,4000000.00,3.557145,100.359375
08:01:23,91282CLH2,TSRYS5875646,D,B,C,2024-09-16,4000000.00,3.557145,100.359375
08:01:23,91282CLH2,TSRYS5875646,D,S,D,2024-09-16,1000000.00,3.557145,100.359375
08:01:23,91282CLH2,TSRYS5875646,D,B,C,2024-09-16,1000000.00,3.557145,100.359375
08:01:23,91282CLH2,TSRYS5875646,D,S,D,2024-09-16,1000000.00,3.557145,100.359375
08:01:23,91282CLH2,TSRYS5875646,D,B,C,2024-09-16,1000000.00,3.557145,100.359375
08:01:23,91282CLH2,TSRYS5875646,D,S,D,2024-09-16,2000000.00,3.557145,100.359375
08:01:23,91282CLH2,TSRYS5875646,D,S,D,2024-09-16,1000000.00,3.557145,100.359375
08:01:23,91282CLH2,TSRYS5875646,D,S,D,2024-09-16,4000000.00,3.557145,100.359375
08:01:23,91282CLH2,TSRYS5875646,D,S,D,2024-09-16,9000000.00,3.557145,100.359375
08:01:23,91282CLH2,TSRYS5875646,D,S,D,2024-09-16,2000000.00,3.557145,100.359375
08:01:23,91282CLH2,TSRYS5875646,D,B,C,2024-09-16,2000000.00,3.555062,100.36328125
08:01:23,91282CLH2,TSRYS5875646,D,B,C,2024-09-16,2000000.00,3.555062,100.36328125
08:01:23,91282CLH2,TSRYS5875646,D,S,D,2024-09-16,162000000.00,3.555239,100.36295
08:01:23,91282CLH2,TSRYS5875646,D,S,D,2024-09-16,5000000.00,3.557145,100.359375
08:01:23,91282CLH2,TSRYS5875646,D,S,D,2024-09-16,4000000.00,3.557145,100.359375
08:01:23,91282CLH2,TSRYS5875646,D,B,C,2024-09-16,1000000.00,3.557145,100.359375
08:01:23,91282CLH2,TSRYS5875646,D,S,D,2024-09-16,1000000.00,3.557145,100.359375
08:01:23,91282CLH2,TSRYS5875646,D,B,C,2024-09-16,1000000.00,3.557145,100.359375
08:01:23,91282CLH2,TSRYS5875646,D,S,D,2024-09-16,1000000.00,3.557145,100.359375
08:01:23,91282CLH2,TSRYS5875646,D,B,C,2024-09-16,1000000.00,3.557145,100.359375
08:01:23,91282CLH2,TSRYS5875646,D,S,D,2024-09-16,1000000.00,3.557145,100.359375
08:01:23,91282CLH2,TSRYS5875646,D,S,D,2024-09-16,2000000.00,3.555062,100.36328125
08:01:23,91282CLH2,TSRYS5875646,D,S,C,2024-09-16,1000000.00,3.555062,100.36328125
08:01:23,91282CLH2,TSRYS5875646,D,B,C,2024-09-16,1000000.00,3.555062,100.36308125
08:01:23,91282CLH2,TSRYS5875646,D,S,D,2024-09-16,2000000.00,3.555062,100.36328125
08:01:23,91282CLH2,TSRYS5875646,D,S,D,2024-09-16,2000000.00,3.555062,100.36328125
08:01:23,91282CLH2,TSRYS5875646,D,S,D,2024-09-16,1000000.00,3.555062,100.36328125
08:01:23,91282CLH2,TSRYS5875646,D,S,D,2024-09-16,3000000.00,3.555062,100.36328125
08:01:23,91282CLH2,TSRYS5875646,D,S,D,2024-09-16,3000000.00,3.555062,100.36328125
08:01:23,91282CLH2,TSRYS5875646,D,B,C,2024-09-16,1000000.00,3.555062,100.36328125
08:01:23,91282CLH2,TSRYS5875646,D,S,D,2024-09-16,1000000.00,3.555062,100.36328125
08:01:23,91282CLH2,TSRYS5875646,D,S,C,2024-09-16,1000000.00,3.557145,100.359375
08:01:23,91282CLH2,TSRYS5875646,D,B,C,2024-09-16,1000000.00,3.557145,100.359175
08:01:23,91282CLH2,TSRYS5875646,D,B,C,2024-09-16,1000000.00,3.557145,100.359375
08:01:23,91282CLH2,TSRYS5875646,D,S,D,2024-09-16,1000000.00,3.557145,100.359375
08:01:23,91282CLH2,TSRYS5875646,D,S,C,2024-09-16,1000000.00,3.558187,100.357421875
08:01:24,91282CLH2,TSRYS5875646,D,S,C,2024-09-16,1000000.00,3.558187,100.357421875
08:01:24,91282CLH2,TSRYS5875646,D,S,D,2024-09-16,5000000.00,3.557145,100.359375
08:01:24,91282CLH2,TSRYS5875646,D,B,C,2024-09-16,15000000.00,3.557145,100.359375
08:01:24,91282CLH2,TSRYS5875646,D,S,D,2024-09-16,15000000.00,3.557145,100.359375
08:01:24,91282CLH2,TSRYS5875646,D,B,C,2024-09-16,1000000.00,3.555062,100.36328125
08:01:24,91282CLH2,TSRYS5875646,D,S,C,2024-09-16,1000000.00,3.555062,100.36348125
08:01:24,91282CLH2,TSRYS5875646,D,S,D,2024-09-16,5000000.00,3.55298,100.3671875
08:01:24,91282CLH2,TSRYS5875646,D,B,C,2024-09-16,1000000.00,3.55298,100.3671875
08:01:24,91282CLH2,TSRYS5875646,D,S,D,2024-09-16,1000000.00,3.55298,100.3671875
08:01:24,91282CLH2,TSRYS5875646,D,B,C,2024-09-16,1000000.00,3.55298,100.3671875
08:01:24,91282CLH2,TSRYS5875646,D,S,D,2024-09-16,1000000.00,3.55298,100.3671875
08:01:24,91282CLH2,TSRYS5875646,D,S,D,2024-09-16,5000000.00,3.55298,100.3671875
08:01:24,91282CLH2,TSRYS5875646,D,B,C,2024-09-16,1000000.00,3.551938,100.369140625
08:01:24,91282CLH2,TSRYS5875646,D,S,D,2024-09-16,1000000.00,3.551938,100.369140625
08:01:24,91282CLH2,TSRYS5875646,D,B,C,2024-09-16,1000000.00,3.551938,100.369140625
08:01:24,91282CLH2,TSRYS5875646,D,S,D,2024-09-16,1000000.00,3.551938,100.369140625
08:01:24,91282CLH2,TSRYS5875646,D,S,C,2024-09-16,1000000.00,3.550897,100.37109375
08:01:24,91282CLH2,TSRYS5875646,D,S,A,2024-09-16,1030000.00,3.555062,100.36328125
08:01:24,91282CLH2,TSRYS5875646,D,S,C,2024-09-16,1000000.00,3.551938,100.369140625
08:01:24,91282CLH2,TSRYS5875646,D,S,C,2024-09-16,1000000.00,3.551938,100.369140625
08:01:24,91282CLH2,TSRYS5875646,D,B,C,2024-09-16,1000000.00,3.55298,100.3671875
08:01:24,91282CLH2,TSRYS5875646,D,S,D,2024-09-16,1000000.00,3.55298,100.3671875
08:01:24,91282CLH2,TSRYS5875646,D,S,D,2024-09-16,1000000.00,3.55298,100.3671875
08:01:24,91282CLH2,TSRYS5875646,D,B,C,2024-09-16,1000000.00,3.55298,100.3671875
08:01:24,91282CLH2,TSRYS5875646,D,S,D,2024-09-16,1000000.00,3.55298,100.3671875
08:01:24,91282CLH2,TSRYS5875646,D,S,A,2024-09-16,815000.00,3.555062,100.36328125
08:01:26,91282CLH2,TSRYS5875646,D,B,C,2024-09-16,1000000.00,3.554021,100.365234375
08:01:26,91282CLH2,TSRYS5875646,D,S,D,2024-09-16,1000000.00,3.554021,100.365234375
08:01:26,91282CLH2,TSRYS5875646,D,B,C,2024-09-16,1000000.00,3.554021,100.365234375
08:01:26,91282CLH2,TSRYS5875646,D,S,D,2024-09-16,1000000.00,3.554021,100.365234375
08:01:26,91282CLH2,TSRYS5875646,D,B,C,2024-09-16,1000000.00,3.554021,100.365234375
08:01:26,91282CLH2,TSRYS5875646,D,S,D,2024-09-16,1000000.00,3.554021,100.365234375
08:01:26,91282CLH2,TSRYS5875646,D,B,C,2024-09-16,1000000.00,3.554021,100.365234375
08:01:26,91282CLH2,TSRYS5875646,D,S,D,2024-09-16,1000000.00,3.554021,100.365234375
08:01:26,91282CLH2,TSRYS5875646,D,S,C,2024-09-16,1000000.00,3.555062,100.36328125
08:01:26,91282CLH2,TSRYS5875646,D,S,C,2024-09-16,1000000.00,3.555062,100.36328125
08:01:26,91282CLH2,TSRYS5875646,D,S,C,2024-09-16,1000000.00,3.555062,100.36328125
08:01:26,91282CLH2,TSRYS5875646,D,S,C,2024-09-16,1000000.00,3.555062,100.36328125
08:01:26,91282CLH2,TSRYS5875646,D,B,C,2024-09-16,1000000.00,3.556104,100.361328125
08:01:26,91282CLH2,TSRYS5875646,D,S,D,2024-09-16,1000000.00,3.556104,100.361328125
08:01:26,91282CLH2,TSRYS5875646,D,B,C,2024-09-16,1000000.00,3.556104,100.361328125
08:01:26,91282CLH2,TSRYS5875646,D,S,D,2024-09-16,1000000.00,3.556104,100.361328125
08:01:26,91282CLH2,TSRYS5875646,D,B,C,2024-09-16,1000000.00,3.556104,100.361328125
08:01:26,91282CLH2,TSRYS5875646,D,S,D,2024-09-16,1000000.00,3.556104,100.361328125
08:01:26,91282CLH2,TSRYS5875646,D,B,C,2024-09-16,1000000.00,3.556104,100.361328125
08:01:26,91282CLH2,TSRYS5875646,D,S,D,2024-09-16,1000000.00,3.556104,100.361328125
08:01:26,91282CLH2,TSRYS5875646,D,S,C,2024-09-16,1000000.00,3.556104,100.361328125
08:01:26,91282CLH2,TSRYS5875646,D,B,C,2024-09-16,1000000.00,3.556104,100.361128125
08:01:26,91282CLH2,TSRYS5875646,D,S,D,2024-09-16,3000000.00,3.555062,100.36328125
08:01:26,91282CLH2,TSRYS5875646,D,B,C,2024-09-16,1000000.00,3.555062,100.36328125
08:01:26,91282CLH2,TSRYS5875646,D,B,C,2024-09-16,1000000.00,3.555062,100.36328125
08:01:26,91282CLH2,TSRYS5875646,D,B,C,2024-09-16,1000000.00,3.555062,100.36328125
08:01:26,91282CLH2,TSRYS5875646,D,B,C,2024-09-16,1000000.00,3.555062,100.36328125
08:01:26,91282CLH2,TSRYS5875646,D,B,C,2024-09-16,1000000.00,3.555062,100.36328125
08:01:26,91282CLH2,TSRYS5875646,D,S,D,2024-09-16,3000000.00,3.555062,100.36328125
08:01:26,91282CLH2,TSRYS5875646,D,S,D,2024-09-16,1000000.00,3.555062,100.36328125
08:01:26,91282CLH2,TSRYS5875646,D,S,D,2024-09-16,1000000.00,3.555062,100.36328125
08:01:26,91282CLH2,TSRYS5875646,D,S,D,2024-09-16,1000000.00,3.555062,100.36328125
08:01:26,91282CLH2,TSRYS5875646,D,S,D,2024-09-16,1000000.00,3.555062,100.36328125
08:01:26,91282CLH2,TSRYS5875646,D,S,D,2024-09-16,1000000.00,3.555062,100.36328125
08:01:26,91282CLH2,TSRYS5875646,D,S,D,2024-09-16,1000000.00,3.555062,100.36328125
08:01:26,91282CLH2,TSRYS5875646,D,S,D,2024-09-16,1000000.00,3.555062,100.36328125
08:01:26,91282CLH2,TSRYS5875646,D,S,D,2024-09-16,2000000.00,3.555062,100.36328125
08:01:26,91282CLH2,TSRYS5875646,D,S,D,2024-09-16,1000000.00,3.555062,100.36328125
08:01:26,91282CLH2,TSRYS5875646,D,S,C,2024-09-16,1000000.00,3.557145,100.359375
08:01:26,91282CLH2,TSRYS5875646,D,S,C,2024-09-16,1000000.00,3.557145,100.359375
08:01:26,91282CLH2,TSRYS5875646,D,S,C,2024-09-16,1000000.00,3.557145,100.359375
08:01:26,91282CLH2,TSRYS5875646,D,B,C,2024-09-16,1000000.00,3.557145,100.359375
08:01:26,91282CLH2,TSRYS5875646,D,S,D,2024-09-16,1000000.00,3.557145,100.359375
08:01:26,91282CLH2,TSRYS5875646,D,B,C,2024-09-16,1000000.00,3.557145,100.359375
08:01:26,91282CLH2,TSRYS5875646,D,S,D,2024-09-16,1000000.00,3.557145,100.359375
08:01:26,91282CLH2,TSRYS5875646,D,B,C,2024-09-16,1000000.00,3.557145,100.359375
08:01:26,91282CLH2,TSRYS5875646,D,S,C,2024-09-16,1000000.00,3.557145,100.359375
08:01:26,91282CLH2,TSRYS5875646,D,S,D,2024-09-16,1000000.00,3.557145,100.359375
08:01:26,91282CLH2,TSRYS5875646,D,B,C,2024-09-16,1000000.00,3.557145,100.359375
08:01:26,91282CLH2,TSRYS5875646,D,B,C,2024-09-16,1000000.00,3.558187,100.357421875
08:01:26,91282CLH2,TSRYS5875646,D,S,D,2024-09-16,1000000.00,3.558187,100.357421875
08:01:27,91282CLH2,TSRYS5875646,D,B,C,2024-09-16,1000000.00,3.558187,100.357421875
08:01:27,91282CLH2,TSRYS5875646,D,S,D,2024-09-16,1000000.00,3.558187,100.357421875
08:01:27,91282CLH2,TSRYS5875646,D,S,C,2024-09-16,1000000.00,3.559228,100.35546875
08:01:27,91282CLH2,TSRYS5875646,D,S,C,2024-09-16,1000000.00,3.559228,100.35546875
08:01:27,91282CLH2,TSRYS5875646,D,S,C,2024-09-16,1000000.00,3.559228,100.35546875
08:01:27,91282CLH2,TSRYS5875646,D,S,C,2024-09-16,1000000.00,3.559228,100.35546875
08:01:27,91282CLH2,TSRYS5875646,D,B,C,2024-09-16,1000000.00,3.558187,100.357421875
08:01:27,91282CLH2,TSRYS5875646,D,S,D,2024-09-16,1000000.00,3.558187,100.357421875
08:01:27,91282CLH2,TSRYS5875646,D,B,C,2024-09-16,1000000.00,3.559228,100.35546875
08:01:27,91282CLH2,TSRYS5875646,D,S,C,2024-09-16,1000000.00,3.559228,100.35566875
08:01:27,91282CLH2,TSRYS5875646,D,S,C,2024-09-16,1000000.00,3.557145,100.359375
08:01:27,91282CLH2,TSRYS5875646,D,S,C,2024-09-16,1000000.00,3.558187,100.357421875
08:01:27,91282CLH2,TSRYS5875646,D,S,C,2024-09-16,1000000.00,3.558187,100.357421875
08:01:27,91282CLH2,TSRYS5875646,D,S,C,2024-09-16,1000000.00,3.558187,100.357421875
08:01:27,91282CLH2,TSRYS5875646,D,S,D,2024-09-16,1000000.00,3.558187,100.357421875
08:01:27,91282CLH2,TSRYS5875646,D,S,D,2024-09-16,1000000.00,3.558187,100.357421875
08:01:27,91282CLH2,TSRYS5875646,D,B,C,2024-09-16,1000000.00,3.556104,100.361328125
08:01:27,91282CLH2,TSRYS5875646,D,S,D,2024-09-16,1000000.00,3.556104,100.361328125
08:01:27,91282CLH2,TSRYS5875646,D,B,C,2024-09-16,1000000.00,3.556104,100.361328125
08:01:27,91282CLH2,TSRYS5875646,D,S,D,2024-09-16,1000000.00,3.556104,100.361328125
08:01:27,91282CLH2,TSRYS5875646,D,B,C,2024-09-16,1000000.00,3.556104,100.361328125
08:01:27,91282CLH2,TSRYS5875646,D,S,D,2024-09-16,1000000.00,3.556104,100.361328125
08:01:28,91282CLH2,TSRYS5875646,D,B,C,2024-09-16,1000000.00,3.551938,100.369140625
08:01:28,91282CLH2,TSRYS5875646,D,S,D,2024-09-16,1000000.00,3.551938,100.369140625
08:01:28,91282CLH2,TSRYS5875646,D,B,C,2024-09-16,1000000.00,3.551938,100.369140625
08:01:28,91282CLH2,TSRYS5875646,D,S,D,2024-09-16,1000000.00,3.551938,100.369140625
08:01:28,91282CLH2,TSRYS5875646,D,S,D,2024-09-16,1000000.00,3.55298,100.3671875
08:01:28,91282CLH2,TSRYS5875646,D,B,C,2024-09-16,1000000.00,3.551938,100.369140625
08:01:28,91282CLH2,TSRYS5875646,D,S,C,2024-09-16,1000000.00,3.551938,100.369340625
08:01:28,91282CLH2,TSRYS5875646,D,S,C,2024-09-16,1000000.00,3.550897,100.37109375
08:01:28,91282CLH2,TSRYS5875646,D,B,C,2024-09-16,1000000.00,3.550897,100.37109375
08:01:28,91282CLH2,TSRYS5875646,D,S,C,2024-09-16,1000000.00,3.55298,100.3671875
08:01:28,91282CLH2,TSRYS5875646,D,S,C,2024-09-16,1000000.00,3.55298,100.3671875
08:01:29,91282CLH2,TSRYS5875646,D,S,C,2024-09-16,1000000.00,3.554021,100.365234375
08:01:29,91282CLH2,TSRYS5875646,D,S,C,2024-09-16,1000000.00,3.554021,100.365234375
08:01:29,91282CLH2,TSRYS5875646,D,S,C,2024-09-16,1000000.00,3.554021,100.365234375
08:01:29,91282CLH2,TSRYS5875646,D,S,C,2024-09-16,1000000.00,3.554021,100.365234375
08:01:29,91282CLH2,TSRYS5875646,D,S,C,2024-09-16,2000000.00,3.554021,100.365234375
08:01:29,91282CLH2,TSRYS5875646,D,S,D,2024-09-16,1000000.00,3.558187,100.35742187
08:01:29,91282CLH2,TSRYS5875646,D,S,D,2024-09-16,1000000.00,3.557145,100.359375
08:01:29,91282CLH2,TSRYS5875646,D,S,C,2024-09-16,1000000.00,3.558187,100.35742187
08:01:29,91282CLH2,TSRYS5875646,D,S,C,2024-09-16,1000000.00,3.558187,100.35742187
08:01:29,91282CLH2,TSRYS5875646,D,S,C,2024-09-16,1000000.00,3.558187,100.35742187
08:01:29,91282CLH2,TSRYS5875646,D,S,C,2024-09-16,1000000.00,3.558187,100.35742187
08:01:29,91282CLH2,TSRYS5875646,D,S,C,2024-09-16,1000000.00,3.558187,100.35742187
08:01:29,91282CLH2,TSRYS5875646,D,S,C,2024-09-16,1000000.00,3.558187,100.35742187
08:01:29,91282CLH2,TSRYS5875646,D,S,C,2024-09-16,1000000.00,3.558187,100.35742187
08:01:29,91282CLH2,TSRYS5875646,D,S,C,2024-09-16,1000000.00,3.558187,100.35742187
08:01:29,91282CLH2,TSRYS5875646,D,B,C,2024-09-16,10000000.00,3.558396,100.35703
08:01:29,91282CLH2,TSRYS5875646,D,B,C,2024-09-16,1000000.00,3.55298,100.3671875
08:01:29,91282CLH2,TSRYS5875646,D,S,D,2024-09-16,1000000.00,3.55298,100.3671875
08:01:29,91282CLH2,TSRYS5875646,D,S,C,2024-09-16,1000000.00,3.559228,100.35546875
08:01:29,91282CLH2,TSRYS5875646,D,S,C,2024-09-16,1000000.00,3.559228,100.35546875
08:01:29,91282CLH2,TSRYS5875646,D,S,C,2024-09-16,1000000.00,3.559228,100.35546875
08:01:29,91282CLH2,TSRYS5875646,D,S,C,2024-09-16,1000000.00,3.559228,100.35546875
08:01:29,91282CLH2,TSRYS5875646,D,S,C,2024-09-16,1000000.00,3.559228,100.35546875
08:01:29,91282CLH2,TSRYS5875646,D,S,C,2024-09-16,1000000.00,3.559228,100.35546875
08:01:29,91282CLH2,TSRYS5875646,D,S,C,2024-09-16,1000000.00,3.559228,100.35546875
08:01:29,91282CLH2,TSRYS5875646,D,S,C,2024-09-16,1000000.00,3.559228,100.35546875
08:01:29,91282CLH2,TSRYS5875646,D,S,C,2024-09-16,1000000.00,3.559228,100.35546875
08:01:29,91282CLH2,TSRYS5875646,D,S,C,2024-09-16,1000000.00,3.559228,100.35546875
08:01:29,91282CLH2,TSRYS5875646,D,S,C,2024-09-16,1000000.00,3.559228,100.35546875
08:01:29,91282CLH2,TSRYS5875646,D,S,C,2024-09-16,1000000.00,3.559228,100.35546875
08:01:29,91282CLH2,TSRYS5875646,D,S,C,2024-09-16,1000000.00,3.559228,100.35546875
08:01:29,91282CLH2,TSRYS5875646,D,S,C,2024-09-16,1000000.00,3.559228,100.35546875
08:01:29,91282CLH2,TSRYS5875646,D,S,C,2024-09-16,1000000.00,3.559228,100.35546875
08:01:29,91282CLH2,TSRYS5875646,D,S,C,2024-09-16,1000000.00,3.559228,100.35546875
08:01:29,91282CLH2,TSRYS5875646,D,S,C,2024-09-16,1000000.00,3.559228,100.35546875
08:01:29,91282CLH2,TSRYS5875646,D,S,C,2024-09-16,1000000.00,3.559228,100.35546875
08:01:29,91282CLH2,TSRYS5875646,D,S,C,2024-09-16,1000000.00,3.559228,100.35546875
08:01:29,91282CLH2,TSRYS5875646,D,S,C,2024-09-16,1000000.00,3.559228,100.35546875
08:01:29,91282CLH2,TSRYS5875646,D,B,C,2024-09-16,20000000.00,3.559499,100.35496
08:01:29,91282CLH2,TSRYS5875646,D,S,C,2024-09-16,1500000.00,3.55298,100.3671875
08:01:29,91282CLH2,TSRYS5875646,D,B,C,2024-09-16,7800000.00,3.550897,100.37109375
08:01:30,91282CLH2,TSRYS5875646,D,S,D,2024-09-16,8000000.00,3.550897,100.37109375
08:01:30,91282CLH2,TSRYS5875646,D,S,C,2024-09-16,1000000.00,3.551938,100.369140625
08:01:30,91282CLH2,TSRYS5875646,D,S,C,2024-09-16,1000000.00,3.551938,100.369140625
08:01:30,91282CLH2,TSRYS5875646,D,S,D,2024-09-16,1000000.00,3.551938,100.369140625
08:01:30,91282CLH2,TSRYS5875646,D,B,C,2024-09-16,1000000.00,3.551938,100.369140625
08:01:30,91282CLH2,TSRYS5875646,D,S,D,2024-09-16,1000000.00,3.551938,100.369140625
08:01:30,91282CLH2,TSRYS5875646,D,B,C,2024-09-16,1000000.00,3.551938,100.369140625
