tradeTime,cusip,issueSymbolIdentifier,priceType,reportingSideCode,contraPartyTypeCode,tradeDate,reportedTradeVolume,lastSaleYield,lastSalePrice
08:57:38,91282CKK6,TSRYS5793014,D,S,D,2024-04-30,2000000.00,5.011132,99.744140625
08:57:38,91282CKK6,TSRYS5793014,D,S,T,2024-04-30,1000000.00,5.011132,99.744140625
08:57:38,91282CKK6,TSRYS5793014,D,S,T,2024-04-30,2000000.00,5.011132,99.744140625
08:57:38,91282CKK6,TSRYS5793014,D,S,T,2024-04-30,3000000.00,5.011132,99.744140625
08:57:38,91282CKK6,TSRYS5793014,D,S,T,2024-04-30,3000000.00,5.011132,99.744140625
08:57:38,91282CKK6,TSRYS5793014,D,S,T,2024-04-30,1000000.00,5.011132,99.744140625
08:57:38,91282CKK6,TSRYS5793014,D,S,T,2024-04-30,5000000.00,5.011132,99.744140625
08:57:38,91282CKK6,TSRYS5793014,D,S,T,2024-04-30,1000000.00,5.011132,99.744140625
08:57:38,91282CKK6,TSRYS5793014,D,S,T,2024-04-30,1000000.00,5.011132,99.744140625
08:57:38,91282CKK6,TSRYS5793014,D,S,T,2024-04-30,2000000.00,5.011132,99.744140625
08:57:38,91282CKK6,TSRYS5793014,D,S,T,2024-04-30,3000000.00,5.011132,99.744140625
08:57:38,91282CKK6,TSRYS5793014,D,S,C,2024-04-30,1000000.00,5.001759,99.76171875
08:57:38,91282CKK6,TSRYS5793014,D,S,C,2024-04-30,1000000.00,5.001599,99.76201875
08:57:38,91282CKK6,TSRYS5793014,D,B,C,2024-04-30,1000000.00,5.001759,99.76171875
08:57:38,91282CKK6,TSRYS5793014,D,S,D,2024-04-30,1000000.00,5.001759,99.76171875
08:57:39,91282CKK6,TSRYS5793014,D,S,C,2024-04-30,4000000.00,5.005818,99.75410625
08:57:42,91282CKK6,TSRYS5793014,D,S,T,2024-04-30,1000000.00,5.01009,99.74609375
08:57:43,91282CKK6,TSRYS5793014,D,S,T,2024-04-30,3000000.00,5.011132,99.744140625
08:57:45,91282CKK6,TSRYS5793014,D,S,C,2024-04-30,2000000.00,5.011132,99.744140625
08:57:45,91282CKK6,TSRYS5793014,D,S,D,2024-04-30,1000000.00,5.011132,99.744140625
08:57:47,91282CKK6,TSRYS5793014,D,S,D,2024-04-30,3000000.00,5.011132,99.744140625
08:57:47,91282CKK6,TSRYS5793014,D,S,D,2024-04-30,2000000.00,5.011132,99.744140625
08:57:47,91282CKK6,TSRYS5793014,D,S,T,2024-04-30,1000000.00,5.01009,99.74609375
08:57:47,91282CKK6,TSRYS5793014,D,S,T,2024-04-30,1000000.00,5.01009,99.74609375
08:57:47,91282CKK6,TSRYS5793014,D,S,T,2024-04-30,1000000.00,5.01009,99.74609375
08:57:47,91282CKK6,TSRYS5793014,D,S,C,2024-04-30,300000.00,5.006408,99.753
08:57:48,91282CKK6,TSRYS5793014,D,S,T,2024-04-30,2000000.00,5.011132,99.744140625
08:57:48,91282CKK6,TSRYS5793014,D,S,T,2024-04-30,1000000.00,5.011132,99.744140625
08:57:48,91282CKK6,TSRYS5793014,D,S,T,2024-04-30,3000000.00,5.011132,99.744140625
08:57:48,91282CKK6,TSRYS5793014,D,S,T,2024-04-30,2000000.00,5.011132,99.744140625
08:57:50,91282CKK6,TSRYS5793014,D,B,C,2024-04-30,1000000.00,5.01009,99.74609375
08:57:50,91282CKK6,TSRYS5793014,D,S,C,2024-04-30,1000000.00,5.01009,99.74609375
08:57:50,91282CKK6,TSRYS5793014,D,S,T,2024-04-30,4000000.00,5.003948,99.7576125
08:57:50,91282CKK6,TSRYS5793014,D,S,T,2024-04-30,3000000.00,5.006031,99.75370625
08:57:50,91282CKK6,TSRYS5793014,D,S,T,2024-04-30,4000000.00,5.003923,99.7576605
08:57:50,91282CKK6,TSRYS5793014,D,S,T,2024-04-30,3000000.00,5.00499,99.755659375
08:57:50,91282CKK6,TSRYS5793014,D,S,T,2024-04-30,2000000.00,5.003923,99.7576605
08:57:50,91282CKK6,TSRYS5793014,D,S,T,2024-04-30,1000000.00,5.006031,99.75370625
08:57:51,91282CKK6,TSRYS5793014,D,S,T,2024-04-30,4000000.00,5.003923,99.7576605
08:57:51,91282CKK6,TSRYS5793014,D,S,T,2024-04-30,1000000.00,5.003923,99.7576605
08:57:51,91282CKK6,TSRYS5793014,D,S,T,2024-04-30,3000000.00,5.003923,99.7576605
08:57:51,91282CKK6,TSRYS5793014,D,S,T,2024-04-30,2000000.00,5.003948,99.7576125
08:57:51,91282CKK6,TSRYS5793014,D,S,T,2024-04-30,1000000.00,5.003923,99.7576605
08:57:51,91282CKK6,TSRYS5793014,D,S,T,2024-04-30,2000000.00,5.00499,99.755659375
08:57:51,91282CKK6,TSRYS5793014,D,S,T,2024-04-30,1000000.00,5.006031,99.75370625
08:57:51,91282CKK6,TSRYS5793014,D,S,T,2024-04-30,1000000.00,5.003948,99.7576125
08:57:51,91282CKK6,TSRYS5793014,D,S,T,2024-04-30,2000000.00,5.006031,99.75370625
08:57:51,91282CKK6,TSRYS5793014,D,S,T,2024-04-30,2000000.00,5.003948,99.7576125
08:57:51,91282CKK6,TSRYS5793014,D,S,T,2024-04-30,2000000.00,5.006031,99.75370625
08:57:51,91282CKK6,TSRYS5793014,D,S,T,2024-04-30,2000000.00,5.00499,99.755659375
08:57:51,91282CKK6,TSRYS5793014,D,S,T,2024-04-30,9000000.00,5.003923,99.7576605
08:57:51,91282CKK6,TSRYS5793014,D,S,T,2024-04-30,6000000.00,5.006031,99.75370625
08:57:57,91282CKK6,TSRYS5793014,D,S,C,2024-04-30,2000000.00,5.01009,99.74609375
08:57:57,91282CKK6,TSRYS5793014,D,S,T,2024-04-30,1000000.00,5.010197,99.74589375
08:57:57,91282CKK6,TSRYS5793014,D,S,D,2024-04-30,1000000.00,5.011132,99.74414062
08:57:57,91282CKK6,TSRYS5793014,D,S,T,2024-04-30,1000000.00,5.010197,99.74589375
08:57:58,91282CKK6,TSRYS5793014,D,S,T,2024-04-30,1000000.00,5.012227,99.7420875
08:57:58,91282CKK6,TSRYS5793014,D,S,D,2024-04-30,2000000.00,5.012173,99.7421875
08:57:58,91282CKK6,TSRYS5793014,D,S,D,2024-04-30,1000000.00,5.012173,99.7421875
08:57:58,91282CKK6,TSRYS5793014,D,B,C,2024-04-30,1000000.00,5.012173,99.7421875
08:57:58,91282CKK6,TSRYS5793014,D,S,T,2024-04-30,2000000.00,5.012227,99.7420875
08:57:59,91282CKK6,TSRYS5793014,D,S,D,2024-04-30,1000000.00,5.012173,99.7421875
08:57:59,91282CKK6,TSRYS5793014,D,S,T,2024-04-30,1000000.00,5.01009,99.74609375
08:57:59,91282CKK6,TSRYS5793014,D,S,T,2024-04-30,1000000.00,5.01009,99.74609375
08:57:59,91282CKK6,TSRYS5793014,D,S,D,2024-04-30,2000000.00,5.01009,99.74609375
08:57:59,91282CKK6,TSRYS5793014,D,S,D,2024-04-30,1000000.00,5.01009,99.74609375
08:57:59,91282CKK6,TSRYS5793014,D,S,D,2024-04-30,1000000.00,5.01009,99.74609375
08:58:00,91282CKK6,TSRYS5793014,D,S,C,2024-04-30,3000000.00,5.012173,99.7421875
08:58:01,91282CKK6,TSRYS5793014,D,S,T,2024-04-30,5000000.00,5.012173,99.7421875
08:58:02,91282CKK6,TSRYS5793014,D,S,C,2024-04-30,1000000.00,5.011132,99.744140625
08:58:03,91282CKK6,TSRYS5793014,D,S,C,2024-04-30,2000000.00,5.012173,99.7421875
08:58:03,91282CKK6,TSRYS5793014,D,S,D,2024-04-30,1000000.00,5.013215,99.740234375
08:58:03,91282CKK6,TSRYS5793014,D,S,D,2024-04-30,1000000.00,5.013215,99.740234375
08:58:03,91282CKK6,TSRYS5793014,D,S,T,2024-04-30,1000000.00,5.012173,99.7421875
08:58:03,91282CKK6,TSRYS5793014,D,S,T,2024-04-30,2000000.00,5.013215,99.740234375
08:58:03,91282CKK6,TSRYS5793014,D,S,T,2024-04-30,1000000.00,5.011132,99.744140625
08:58:03,91282CKK6,TSRYS5793014,D,S,T,2024-04-30,2000000.00,5.012173,99.7421875
08:58:05,91282CKK6,TSRYS5793014,D,S,C,2024-04-30,1000000.00,5.01009,99.74609375
08:58:07,91282CKK6,TSRYS5793014,D,S,D,2024-04-30,300000.00,5.01009,99.74609375
08:58:10,91282CKK6,TSRYS5793014,D,S,D,2024-04-30,1000000.00,5.011132,99.744140625
08:58:11,91282CKK6,TSRYS5793014,D,S,T,2024-04-30,9200000.00,4.874916,100.0
08:58:11,91282CKK6,TSRYS5793014,D,S,C,2024-04-30,1000000.00,5.00997,99.74631875
08:58:11,91282CKK6,TSRYS5793014,D,S,C,2024-04-30,1000000.00,5.01009,99.74609375
08:58:11,91282CKK6,TSRYS5793014,D,S,C,2024-04-30,1000000.00,5.01009,99.74609375
08:58:11,91282CKK6,TSRYS5793014,D,B,C,2024-04-30,1000000.00,5.01009,99.74609375
08:58:11,91282CKK6,TSRYS5793014,D,B,C,2024-04-30,1000000.00,5.01009,99.74609375
08:58:11,91282CKK6,TSRYS5793014,D,S,C,2024-04-30,1000000.00,5.01009,99.74609375
08:58:11,91282CKK6,TSRYS5793014,D,S,C,2024-04-30,1000000.00,5.01009,99.74609375
08:58:11,91282CKK6,TSRYS5793014,D,S,C,2024-04-30,1000000.00,5.01009,99.74609375
08:58:11,91282CKK6,TSRYS5793014,D,S,D,2024-04-30,2000000.00,5.01009,99.74609375
08:58:11,91282CKK6,TSRYS5793014,D,B,C,2024-04-30,1000000.00,5.01009,99.74609375
08:58:11,91282CKK6,TSRYS5793014,D,S,C,2024-04-30,1000000.00,5.01009,99.74609375
08:58:11,91282CKK6,TSRYS5793014,D,S,D,2024-04-30,4000000.00,5.01009,99.74609375
08:58:11,91282CKK6,TSRYS5793014,D,B,C,2024-04-30,1000000.00,5.01009,99.74609375
08:58:11,91282CKK6,TSRYS5793014,D,B,C,2024-04-30,4000000.00,5.01009,99.74609375
08:58:11,91282CKK6,TSRYS5793014,D,S,D,2024-04-30,1000000.00,5.01009,99.74609375
08:58:11,91282CKK6,TSRYS5793014,D,S,D,2024-04-30,1000000.00,5.01009,99.74609375
08:58:11,91282CKK6,TSRYS5793014,D,B,C,2024-04-30,1000000.00,5.01009,99.74609375
08:58:11,91282CKK6,TSRYS5793014,D,S,D,2024-04-30,1000000.00,5.01009,99.74609375
08:58:14,91282CKK6,TSRYS5793014,D,S,C,2024-04-30,1000000.00,5.01009,99.74609375
08:58:19,91282CKK6,TSRYS5793014,D,B,C,2024-04-30,2000000.00,5.011132,99.74414062
08:58:24,91282CKK6,TSRYS5793014,D,S,D,2024-04-30,1000000.00,5.01009,99.74609375
08:58:24,91282CKK6,TSRYS5793014,D,S,T,2024-04-30,1000000.00,5.011132,99.74414062
08:58:24,91282CKK6,TSRYS5793014,D,B,C,2024-04-30,1000000.00,5.01009,99.74609375
08:58:26,91282CKK6,TSRYS5793014,D,S,D,2024-04-30,500000.00,5.009912,99.74642875
08:58:26,91282CKK6,TSRYS5793014,D,B,C,2024-04-30,2000000.00,5.01009,99.74609375
08:58:26,91282CKK6,TSRYS5793014,D,S,C,2024-04-30,500000.00,5.009912,99.74642875
08:58:26,91282CKK6,TSRYS5793014,D,B,C,2024-04-30,2000000.00,5.01009,99.74609375
08:58:26,91282CKK6,TSRYS5793014,D,S,D,2024-04-30,2000000.00,5.01009,99.74609375
08:58:26,91282CKK6,TSRYS5793014,D,S,D,2024-04-30,2000000.00,5.01009,99.74609375
08:58:26,91282CKK6,TSRYS5793014,D,S,C,2024-04-30,1000000.00,5.00993,99.74639375
08:58:26,91282CKK6,TSRYS5793014,D,B,C,2024-04-30,1000000.00,5.01009,99.74609375
08:58:26,91282CKK6,TSRYS5793014,D,S,D,2024-04-30,1000000.00,5.01009,99.74609375
08:58:26,91282CKK6,TSRYS5793014,D,B,C,2024-04-30,1000000.00,5.01009,99.74609375
08:58:26,91282CKK6,TSRYS5793014,D,B,C,2024-04-30,1000000.00,5.01009,99.74609375
08:58:26,91282CKK6,TSRYS5793014,D,S,D,2024-04-30,1000000.00,5.01009,99.74609375
08:58:26,91282CKK6,TSRYS5793014,D,S,D,2024-04-30,1000000.00,5.01009,99.74609375
08:58:26,91282CKK6,TSRYS5793014,D,S,C,2024-04-30,1000000.00,5.01009,99.74609375
08:58:26,91282CKK6,TSRYS5793014,D,S,D,2024-04-30,1000000.00,5.01009,99.74609375
08:58:26,91282CKK6,TSRYS5793014,D,S,C,2024-04-30,1000000.00,5.01009,99.74609375
08:58:28,91282CKK6,TSRYS5793014,D,S,T,2024-04-30,1000000.00,5.01009,99.74609375
08:58:28,91282CKK6,TSRYS5793014,D,S,T,2024-04-30,1000000.00,5.01009,99.74609375
08:58:28,91282CKK6,TSRYS5793014,D,S,T,2024-04-30,3000000.00,5.01009,99.74609375
08:58:29,91282CKK6,TSRYS5793014,D,S,C,2024-04-30,1000000.00,5.01009,99.74609375
08:58:33,91282CKK6,TSRYS5793014,D,S,T,2024-04-30,3000000.00,5.002801,99.75976562
08:58:34,91282CKK6,TSRYS5793014,D,S,D,2024-04-30,29000.00,5.009766,99.74670161186
08:58:40,91282CKK6,TSRYS5793014,D,S,D,2024-04-30,1000000.00,5.01009,99.74609375
08:58:43,91282CKK6,TSRYS5793014,D,S,C,2024-04-30,2000000.00,5.008007,99.75
08:58:43,91282CKK6,TSRYS5793014,D,S,C,2024-04-30,3000000.00,5.008007,99.75
08:58:44,91282CKK6,TSRYS5793014,D,S,T,2024-04-30,3000000.00,5.008007,99.75
08:58:45,91282CKK6,TSRYS5793014,D,S,D,2024-04-30,1000000.00,5.008007,99.75
08:58:45,91282CKK6,TSRYS5793014,D,B,C,2024-04-30,1000000.00,5.008007,99.75
08:58:45,91282CKK6,TSRYS5793014,D,B,C,2024-04-30,1000000.00,5.008007,99.75
08:58:45,91282CKK6,TSRYS5793014,D,S,D,2024-04-30,1000000.00,5.008007,99.75
08:58:46,91282CKK6,TSRYS5793014,D,S,T,2024-04-30,1000000.00,5.008007,99.75
08:58:47,91282CKK6,TSRYS5793014,D,S,D,2024-04-30,1000000.00,5.008007,99.75
08:58:47,91282CKK6,TSRYS5793014,D,S,C,2024-04-30,1000000.00,5.008007,99.75
08:58:48,91282CKK6,TSRYS5793014,D,S,D,2024-04-30,1000000.00,5.008007,99.75
08:58:48,91282CKK6,TSRYS5793014,D,S,D,2024-04-30,1000000.00,5.008007,99.75
08:58:48,91282CKK6,TSRYS5793014,D,S,T,2024-04-30,4000000.00,5.008007,99.75
08:58:48,91282CKK6,TSRYS5793014,D,S,T,2024-04-30,1000000.00,5.008007,99.75
08:58:50,91282CKK6,TSRYS5793014,D,S,T,2024-04-30,1000000.00,5.008007,99.75
08:58:50,91282CKK6,TSRYS5793014,D,S,T,2024-04-30,1000000.00,5.008007,99.75
08:58:50,91282CKK6,TSRYS5793014,D,S,C,2024-04-30,10000000.00,5.008007,99.75
08:58:51,91282CKK6,TSRYS5793014,D,S,T,2024-04-30,1000000.00,5.00184,99.76156675
08:58:51,91282CKK6,TSRYS5793014,D,S,T,2024-04-30,2000000.00,5.001866,99.76151875
08:58:53,91282CKK6,TSRYS5793014,D,B,C,2024-04-30,1000000.00,5.012173,99.7421875
08:58:53,91282CKK6,TSRYS5793014,D,S,C,2024-04-30,1000000.00,5.012173,99.7421875
08:58:58,91282CKK6,TSRYS5793014,D,S,D,2024-04-30,2000000.00,5.008007,99.75
08:59:08,91282CKK6,TSRYS5793014,D,S,C,2024-04-30,1000000.00,5.008007,99.75
08:59:08,91282CKK6,TSRYS5793014,D,S,D,2024-04-30,2000000.00,5.008007,99.75
08:59:08,91282CKK6,TSRYS5793014,D,B,C,2024-04-30,1000000.00,5.012173,99.7421875
08:59:08,91282CKK6,TSRYS5793014,D,S,D,2024-04-30,1000000.00,5.012173,99.7421875
08:59:08,91282CKK6,TSRYS5793014,D,S,C,2024-04-30,5000000.00,5.012053,99.7424125
08:59:08,91282CKK6,TSRYS5793014,D,S,D,2024-04-30,2000000.00,5.008007,99.75
08:59:09,91282CKK6,TSRYS5793014,D,S,D,2024-04-30,1000000.00,5.01009,99.74609375
08:59:09,91282CKK6,TSRYS5793014,D,S,D,2024-04-30,3000000.00,5.01009,99.74609375
08:59:09,91282CKK6,TSRYS5793014,D,S,D,2024-04-30,1000000.00,5.008007,99.75
08:59:09,91282CKK6,TSRYS5793014,D,S,T,2024-04-30,1000000.00,5.008007,99.75
08:59:10,91282CKK6,TSRYS5793014,D,S,D,2024-04-30,1000000.00,5.008007,99.75
08:59:11,91282CKK6,TSRYS5793014,D,S,D,2024-04-30,2000000.00,5.008007,99.75
08:59:11,91282CKK6,TSRYS5793014,D,S,T,2024-04-30,1000000.00,5.008061,99.7499
08:59:11,91282CKK6,TSRYS5793014,D,S,T,2024-04-30,1000000.00,5.008007,99.75
08:59:11,91282CKK6,TSRYS5793014,D,S,T,2024-04-30,1000000.00,5.008007,99.75
08:59:11,91282CKK6,TSRYS5793014,D,B,C,2024-04-30,2000000.00,5.009049,99.74804687
08:59:12,91282CKK6,TSRYS5793014,D,S,T,2024-04-30,1000000.00,5.008007,99.75
08:59:13,91282CKK6,TSRYS5793014,D,S,T,2024-04-30,1000000.00,5.008007,99.75
08:59:13,91282CKK6,TSRYS5793014,D,S,T,2024-04-30,5000000.00,5.008007,99.75
08:59:13,91282CKK6,TSRYS5793014,D,S,D,2024-04-30,1000000.00,5.008007,99.75
08:59:14,91282CKK6,TSRYS5793014,D,S,D,2024-04-30,2000000.00,5.008007,99.75
08:59:15,91282CKK6,TSRYS5793014,D,S,C,2024-04-30,2000000.00,5.008007,99.75
08:59:23,91282CKK6,TSRYS5793014,D,S,D,2024-04-30,2000000.00,5.006966,99.751953125
08:59:23,91282CKK6,TSRYS5793014,D,S,D,2024-04-30,2000000.00,5.006966,99.751953125
08:59:23,91282CKK6,TSRYS5793014,D,S,D,2024-04-30,2000000.00,5.006966,99.751953125
08:59:24,91282CKK6,TSRYS5793014,D,S,D,2024-04-30,3000000.00,5.008007,99.75
08:59:25,91282CKK6,TSRYS5793014,D,S,C,2024-04-30,1000000.00,5.008007,99.75
08:59:25,91282CKK6,TSRYS5793014,D,S,D,2024-04-30,400000.00,5.008007,99.75
08:59:26,91282CKK6,TSRYS5793014,D,S,C,2024-04-30,1000000.00,5.01009,99.74609375
08:59:26,91282CKK6,TSRYS5793014,D,B,C,2024-04-30,1000000.00,5.01009,99.74609375
08:59:26,91282CKK6,TSRYS5793014,D,B,C,2024-04-30,1000000.00,5.01009,99.74609375
08:59:26,91282CKK6,TSRYS5793014,D,S,C,2024-04-30,1000000.00,5.01009,99.74609375
08:59:26,91282CKK6,TSRYS5793014,D,S,D,2024-04-30,1000000.00,5.01009,99.74609375
08:59:26,91282CKK6,TSRYS5793014,D,B,C,2024-04-30,1000000.00,5.01009,99.74609375
08:59:28,91282CKK6,TSRYS5793014,D,S,D,2024-04-30,2000000.00,5.008007,99.75
08:59:35,91282CKK6,TSRYS5793014,D,S,D,2024-04-30,2000000.00,5.006593,99.7526531
08:59:38,91282CKK6,TSRYS5793014,D,S,T,2024-04-30,3000000.00,5.008007,99.75
08:59:38,91282CKK6,TSRYS5793014,D,S,T,2024-04-30,1000000.00,5.008007,99.75
08:59:41,91282CKK6,TSRYS5793014,D,S,C,2024-04-30,1000000.00,5.008007,99.75
08:59:41,91282CKK6,TSRYS5793014,D,S,D,2024-04-30,1000000.00,5.008007,99.75
08:59:41,91282CKK6,TSRYS5793014,D,S,D,2024-04-30,4000000.00,5.008007,99.75
08:59:41,91282CKK6,TSRYS5793014,D,S,C,2024-04-30,1000000.00,5.008007,99.75
08:59:41,91282CKK6,TSRYS5793014,D,S,C,2024-04-30,1000000.00,5.008007,99.75
08:59:46,91282CKK6,TSRYS5793014,D,S,T,2024-04-30,1000000.00,5.008088,99.749848
08:59:46,91282CKK6,TSRYS5793014,D,B,A,2024-04-30,1000000.00,5.008088,99.749848
08:59:47,91282CKK6,TSRYS5793014,D,S,T,2024-04-30,1000000.00,5.008088,99.749848
08:59:47,91282CKK6,TSRYS5793014,D,B,A,2024-04-30,1000000.00,5.008088,99.749848
08:59:49,91282CKK6,TSRYS5793014,D,S,C,2024-04-30,1000000.00,5.008007,99.75
08:59:51,91282CKK6,TSRYS5793014,D,S,D,2024-04-30,6400000.00,5.01009,99.746094
08:59:52,91282CKK6,TSRYS5793014,D,S,D,2024-04-30,2000000.00,5.009049,99.748046875
08:59:52,91282CKK6,TSRYS5793014,D,S,C,2024-04-30,3000000.00,5.009049,99.748046875
08:59:53,91282CKK6,TSRYS5793014,D,S,T,2024-04-30,3000000.00,5.009049,99.748046875
08:59:53,91282CKK6,TSRYS5793014,D,S,T,2024-04-30,2000000.00,5.009049,99.748046875
08:59:54,91282CKK6,TSRYS5793014,D,S,D,2024-04-30,1000000.00,5.008007,99.75
08:59:55,91282CKK6,TSRYS5793014,D,S,D,2024-04-30,3000000.00,5.008007,99.75
08:59:55,91282CKK6,TSRYS5793014,D,B,C,2024-04-30,3000000.00,5.008007,99.75
08:59:55,91282CKK6,TSRYS5793014,D,S,D,2024-04-30,3000000.00,5.008007,99.75
08:59:56,91282CKK6,TSRYS5793014,D,B,C,2024-04-30,2000000.00,5.005925,99.75390625
08:59:56,91282CKK6,TSRYS5793014,D,S,C,2024-04-30,2000000.00,5.005925,99.75390625
08:59:56,91282CKK6,TSRYS5793014,D,B,C,2024-04-30,2000000.00,5.005925,99.75390625
08:59:56,91282CKK6,TSRYS5793014,D,S,C,2024-04-30,2000000.00,5.005925,99.75390625
08:59:56,91282CKK6,TSRYS5793014,D,B,C,2024-04-30,1000000.00,5.005925,99.75390625
08:59:56,91282CKK6,TSRYS5793014,D,S,C,2024-04-30,1000000.00,5.005925,99.75390625
08:59:56,91282CKK6,TSRYS5793014,D,B,C,2024-04-30,1000000.00,5.008007,99.75
08:59:56,91282CKK6,TSRYS5793014,D,S,D,2024-04-30,1000000.00,5.008007,99.75
08:59:56,91282CKK6,TSRYS5793014,D,B,C,2024-04-30,1000000.00,5.008007,99.75
08:59:56,91282CKK6,TSRYS5793014,D,S,D,2024-04-30,1000000.00,5.007927,99.75015
08:59:56,91282CKK6,TSRYS5793014,D,B,C,2024-04-30,1000000.00,5.008007,99.75
08:59:56,91282CKK6,TSRYS5793014,D,S,D,2024-04-30,1000000.00,5.008007,99.75
08:59:56,91282CKK6,TSRYS5793014,D,S,C,2024-04-30,1000000.00,5.007954,99.7501
08:59:56,91282CKK6,TSRYS5793014,D,B,C,2024-04-30,1000000.00,5.008007,99.75
08:59:56,91282CKK6,TSRYS5793014,D,B,C,2024-04-30,1000000.00,5.008007,99.75
08:59:56,91282CKK6,TSRYS5793014,D,S,C,2024-04-30,1000000.00,5.007954,99.7501
08:59:56,91282CKK6,TSRYS5793014,D,S,C,2024-04-30,2000000.00,5.008007,99.75
08:59:56,91282CKK6,TSRYS5793014,D,B,C,2024-04-30,2000000.00,5.008007,99.75
08:59:57,91282CKK6,TSRYS5793014,D,S,C,2024-04-30,5000000.00,5.007927,99.75015
08:59:57,91282CKK6,TSRYS5793014,D,S,C,2024-04-30,1000000.00,5.007927,99.75015
08:59:57,91282CKK6,TSRYS5793014,D,B,C,2024-04-30,1000000.00,5.008007,99.75
08:59:57,91282CKK6,TSRYS5793014,D,S,D,2024-04-30,1000000.00,5.008007,99.75
08:59:57,91282CKK6,TSRYS5793014,D,S,C,2024-04-30,1000000.00,5.008007,99.75
08:59:57,91282CKK6,TSRYS5793014,D,S,D,2024-04-30,1000000.00,5.005925,99.75390625
08:59:57,91282CKK6,TSRYS5793014,D,B,C,2024-04-30,1000000.00,5.005925,99.75390625
08:59:57,91282CKK6,TSRYS5793014,D,S,D,2024-04-30,1000000.00,5.005925,99.75390625
08:59:57,91282CKK6,TSRYS5793014,D,B,C,2024-04-30,1000000.00,5.005925,99.75390625
09:00:03,91282CKK6,TSRYS5793014,D,S,T,2024-04-30,4000000.00,5.005925,99.75390625
09:00:07,91282CKK6,TSRYS5793014,D,S,T,2024-04-30,1000000.00,5.008007,99.75
09:00:18,91282CKK6,TSRYS5793014,D,S,C,2024-04-30,2000000.00,5.011132,99.744140625
09:00:18,91282CKK6,TSRYS5793014,D,S,T,2024-04-30,2000000.00,5.011132,99.744140625
09:00:23,91282CKK6,TSRYS5793014,D,S,T,2024-04-30,1000000.00,5.01009,99.74609375
09:00:23,91282CKK6,TSRYS5793014,D,S,T,2024-04-30,1000000.00,5.01009,99.74609375
09:00:24,91282CKK6,TSRYS5793014,D,S,T,2024-04-30,2000000.00,5.01009,99.74609375
09:00:24,91282CKK6,TSRYS5793014,D,S,T,2024-04-30,1000000.00,5.01009,99.74609375
09:00:30,91282CKK6,TSRYS5793014,D,B,C,2024-04-30,1000000.00,5.005925,99.75390625
09:00:31,91282CKK6,TSRYS5793014,D,B,A,2024-04-30,800000.00,5.008007,99.75
09:00:31,91282CKK6,TSRYS5793014,D,S,D,2024-04-30,26000.00,5.003842,99.7578125
09:00:34,91282CKK6,TSRYS5793014,D,B,C,2024-04-30,3000000.00,5.012227,99.7420875
09:00:34,91282CKK6,TSRYS5793014,D,B,C,2024-04-30,2000000.00,5.012227,99.7420875
09:00:34,91282CKK6,TSRYS5793014,D,S,C,2024-04-30,5000000.00,5.012173,99.7421875
09:00:36,91282CKK6,TSRYS5793014,D,S,T,2024-04-30,1000000.00,5.012173,99.7421875
09:00:41,91282CKK6,TSRYS5793014,D,S,C,2024-04-30,26000.00,5.003842,99.7578125
09:00:41,91282CKK6,TSRYS5793014,D,S,D,2024-04-30,2000000.00,5.006966,99.75195312
09:00:41,91282CKK6,TSRYS5793014,D,B,C,2024-04-30,2000000.00,5.006966,99.75195312
09:00:42,91282CKK6,TSRYS5793014,D,B,C,2024-04-30,1000000.00,5.005925,99.75390625
09:00:42,91282CKK6,TSRYS5793014,D,S,C,2024-04-30,1000000.00,5.005818,99.75410625
09:00:42,91282CKK6,TSRYS5793014,D,S,C,2024-04-30,4000000.00,5.005818,99.75410625
09:00:42,91282CKK6,TSRYS5793014,D,S,C,2024-04-30,1000000.00,5.007901,99.7502
09:00:42,91282CKK6,TSRYS5793014,D,S,D,2024-04-30,1000000.00,5.01009,99.74609375
09:00:42,91282CKK6,TSRYS5793014,D,S,C,2024-04-30,2000000.00,5.01009,99.74609375
09:00:42,91282CKK6,TSRYS5793014,D,S,C,2024-04-30,1000000.00,5.01009,99.74609375
09:00:42,91282CKK6,TSRYS5793014,D,S,C,2024-04-30,1000000.00,5.01009,99.74609375
09:00:42,91282CKK6,TSRYS5793014,D,S,C,2024-04-30,2000000.00,5.01001,99.74624375
09:00:42,91282CKK6,TSRYS5793014,D,B,C,2024-04-30,2000000.00,5.01009,99.74609375
09:00:46,91282CKK6,TSRYS5793014,D,S,C,2024-04-30,1000000.00,5.008007,99.75
09:00:47,91282CKK6,TSRYS5793014,D,S,C,2024-04-30,1000.00,5.008224,99.749594
09:00:55,91282CKK6,TSRYS5793014,D,S,C,2024-04-30,2000000.00,5.01009,99.74609375
09:00:57,91282CKK6,TSRYS5793014,D,B,C,2024-04-30,1000000.00,5.005925,99.75390625
09:00:57,91282CKK6,TSRYS5793014,D,B,C,2024-04-30,1000000.00,5.005925,99.75390625
09:00:57,91282CKK6,TSRYS5793014,D,S,C,2024-04-30,1000000.00,5.005765,99.75420625
09:00:57,91282CKK6,TSRYS5793014,D,S,C,2024-04-30,1000000.00,5.005765,99.75420625
09:00:57,91282CKK6,TSRYS5793014,D,B,C,2024-04-30,1000000.00,5.005925,99.75390625
09:00:57,91282CKK6,TSRYS5793014,D,S,C,2024-04-30,1000000.00,5.005765,99.75420625
09:00:57,91282CKK6,TSRYS5793014,D,B,C,2024-04-30,1000000.00,5.005925,99.75390625
09:00:57,91282CKK6,TSRYS5793014,D,S,C,2024-04-30,1000000.00,5.005765,99.75420625
09:00:57,91282CKK6,TSRYS5793014,D,S,C,2024-04-30,1000000.00,5.005925,99.75390625
09:00:57,91282CKK6,TSRYS5793014,D,B,C,2024-04-30,1000000.00,5.005925,99.75390625
09:00:58,91282CKK6,TSRYS5793014,D,S,C,2024-04-30,1000000.00,5.012173,99.7421875
09:00:58,91282CKK6,TSRYS5793014,D,B,C,2024-04-30,1000000.00,5.012173,99.7421875
09:00:58,91282CKK6,TSRYS5793014,D,S,C,2024-04-30,2000000.00,5.012173,99.7421875
09:00:58,91282CKK6,TSRYS5793014,D,B,C,2024-04-30,2000000.00,5.012333,99.7418875
09:01:13,91282CKK6,TSRYS5793014,D,S,C,2024-04-30,1000000.00,5.012173,99.7421875
09:01:13,91282CKK6,TSRYS5793014,D,S,D,2024-04-30,1000000.00,5.012173,99.7421875
09:01:17,91282CKK6,TSRYS5793014,D,S,C,2024-04-30,1000000.00,5.012173,99.7421875
09:01:22,91282CKK6,TSRYS5793014,D,B,A,2024-04-30,800000.00,5.01634,99.734375
09:01:23,91282CKK6,TSRYS5793014,D,S,C,2024-04-30,10000.00,5.004059,99.757406
09:01:25,91282CKK6,TSRYS5793014,D,S,T,2024-04-30,1000000.00,5.008007,99.75
09:01:25,91282CKK6,TSRYS5793014,D,S,T,2024-04-30,1000000.00,5.008007,99.75
09:01:30,91282CKK6,TSRYS5793014,D,S,D,2024-04-30,1260000.00,5.005925,99.75390625
09:01:30,91282CKK6,TSRYS5793014,D,S,D,2024-04-30,1260000.00,5.005925,99.75390625
09:01:31,91282CKK6,TSRYS5793014,D,S,T,2024-04-30,1000000.00,5.008007,99.75
09:01:31,91282CKK6,TSRYS5793014,D,S,T,2024-04-30,1000000.00,5.008007,99.75
09:01:35,91282CKK6,TSRYS5793014,D,S,C,2024-04-30,65000.00,4.991348,99.78125
09:01:35,91282CKK6,TSRYS5793014,D,S,D,2024-04-30,65000.00,4.991348,99.78125
09:01:42,91282CKK6,TSRYS5793014,D,S,C,2024-04-30,1000000.00,5.011132,99.74414062
09:01:43,91282CKK6,TSRYS5793014,D,S,C,2024-04-30,2000000.00,5.005925,99.75390625
09:01:43,91282CKK6,TSRYS5793014,D,S,C,2024-04-30,1000000.00,5.008007,99.75
09:01:43,91282CKK6,TSRYS5793014,D,B,C,2024-04-30,1000000.00,5.008007,99.75
09:01:44,91282CKK6,TSRYS5793014,D,S,T,2024-04-30,1000000.00,5.005925,99.75390625
09:01:44,91282CKK6,TSRYS5793014,D,S,C,2024-04-30,1000000.00,5.005818,99.75410625
09:01:48,91282CKK6,TSRYS5793014,D,S,T,2024-04-30,1000000.00,5.005925,99.75390625
09:01:48,91282CKK6,TSRYS5793014,D,S,T,2024-04-30,1000000.00,5.005925,99.75390625
09:01:50,91282CKK6,TSRYS5793014,D,S,C,2024-04-30,1000000.00,5.005925,99.75390625
09:01:53,91282CKK6,TSRYS5793014,D,S,T,2024-04-30,1000000.00,5.005925,99.75390625
09:01:53,91282CKK6,TSRYS5793014,D,S,T,2024-04-30,1000000.00,5.005925,99.75390625
09:01:53,91282CKK6,TSRYS5793014,D,S,T,2024-04-30,1000000.00,5.005925,99.75390625
09:01:53,91282CKK6,TSRYS5793014,D,S,T,2024-04-30,1000000.00,5.005925,99.75390625
09:01:58,91282CKK6,TSRYS5793014,D,S,T,2024-04-30,9200000.00,4.874916,100.0
09:01:58,91282CKK6,TSRYS5793014,D,S,C,2024-04-30,2000000.00,4.981355,99.8
09:01:58,91282CKK6,TSRYS5793014,D,S,T,2024-04-30,18350000.00,4.874916,100.0
09:01:58,91282CKK6,TSRYS5793014,D,B,C,2024-04-30,1000000.00,5.008007,99.75
09:01:58,91282CKK6,TSRYS5793014,D,S,D,2024-04-30,1000000.00,5.008007,99.75
09:01:58,91282CKK6,TSRYS5793014,D,B,C,2024-04-30,1000000.00,5.008007,99.75
09:01:58,91282CKK6,TSRYS5793014,D,S,D,2024-04-30,1000000.00,5.008007,99.75
09:01:58,91282CKK6,TSRYS5793014,D,S,D,2024-04-30,2000000.00,5.008007,99.75
09:01:58,91282CKK6,TSRYS5793014,D,S,D,2024-04-30,1000000.00,5.008007,99.75
09:01:58,91282CKK6,TSRYS5793014,D,S,D,2024-04-30,1000000.00,5.008007,99.75
09:01:58,91282CKK6,TSRYS5793014,D,B,C,2024-04-30,2000000.00,5.008007,99.75
09:01:58,91282CKK6,TSRYS5793014,D,B,C,2024-04-30,2000000.00,5.008007,99.75
09:01:58,91282CKK6,TSRYS5793014,D,S,D,2024-04-30,2000000.00,5.008007,99.75
09:01:58,91282CKK6,TSRYS5793014,D,B,C,2024-04-30,2000000.00,5.008007,99.75
09:01:58,91282CKK6,TSRYS5793014,D,S,D,2024-04-30,2000000.00,5.008007,99.75
09:01:58,91282CKK6,TSRYS5793014,D,B,C,2024-04-30,1000000.00,5.008007,99.75
09:01:58,91282CKK6,TSRYS5793014,D,S,D,2024-04-30,1000000.00,5.008007,99.75
09:01:58,91282CKK6,TSRYS5793014,D,B,C,2024-04-30,1000000.00,5.008007,99.75
09:01:58,91282CKK6,TSRYS5793014,D,S,D,2024-04-30,1000000.00,5.008007,99.75
09:01:58,91282CKK6,TSRYS5793014,D,B,C,2024-04-30,1000000.00,5.008007,99.75
09:01:58,91282CKK6,TSRYS5793014,D,S,D,2024-04-30,1000000.00,5.008007,99.75
09:02:01,91282CKK6,TSRYS5793014,D,S,D,2024-04-30,2000000.00,5.008007,99.75
09:02:12,91282CKK6,TSRYS5793014,D,S,T,2024-04-30,2000000.00,5.005925,99.75390625
09:02:12,91282CKK6,TSRYS5793014,D,S,T,2024-04-30,1000000.00,5.005925,99.75390625
09:02:13,91282CKK6,TSRYS5793014,D,S,D,2024-04-30,1000000.00,5.008007,99.75
09:02:13,91282CKK6,TSRYS5793014,D,S,D,2024-04-30,1000000.00,5.008007,99.75
09:02:13,91282CKK6,TSRYS5793014,D,S,D,2024-04-30,1000000.00,5.008007,99.75
09:02:13,91282CKK6,TSRYS5793014,D,B,C,2024-04-30,1000000.00,5.008007,99.75
09:02:27,91282CKK6,TSRYS5793014,D,S,C,2024-04-30,1000000.00,5.005925,99.75390625
09:02:27,91282CKK6,TSRYS5793014,D,S,D,2024-04-30,1000000.00,5.005925,99.75390625
09:02:27,91282CKK6,TSRYS5793014,D,S,C,2024-04-30,1000000.00,5.005925,99.75390625
09:02:27,91282CKK6,TSRYS5793014,D,S,C,2024-04-30,1000000.00,5.005925,99.75390625
09:02:27,91282CKK6,TSRYS5793014,D,S,D,2024-04-30,1000000.00,5.005925,99.75390625
09:02:27,91282CKK6,TSRYS5793014,D,B,C,2024-04-30,1000000.00,5.005925,99.75390625
09:02:37,91282CKK6,TSRYS5793014,D,S,D,2024-04-30,2000000.00,5.005925,99.75390625
09:02:39,91282CKK6,TSRYS5793014,D,S,D,2024-04-30,2000000.00,5.005925,99.75390625
09:02:40,91282CKK6,TSRYS5793014,D,S,D,2024-04-30,7000.00,5.004275,99.757
09:02:42,91282CKK6,TSRYS5793014,D,S,C,2024-04-30,1000000.00,5.005925,99.75390625
09:02:42,91282CKK6,TSRYS5793014,D,B,C,2024-04-30,1000000.00,5.005925,99.75390625
09:02:42,91282CKK6,TSRYS5793014,D,S,C,2024-04-30,1000000.00,5.005765,99.75420625
09:02:42,91282CKK6,TSRYS5793014,D,B,C,2024-04-30,1000000.00,5.005925,99.75390625
09:02:42,91282CKK6,TSRYS5793014,D,S,C,2024-04-30,1000000.00,5.005765,99.75420625
09:02:42,91282CKK6,TSRYS5793014,D,S,C,2024-04-30,1000000.00,5.005765,99.75420625
09:02:42,91282CKK6,TSRYS5793014,D,S,C,2024-04-30,2000000.00,5.005765,99.75420625
09:02:42,91282CKK6,TSRYS5793014,D,S,C,2024-04-30,1000000.00,5.005925,99.75390625
09:02:42,91282CKK6,TSRYS5793014,D,B,C,2024-04-30,1000000.00,5.005925,99.75390625
09:02:47,91282CKK6,TSRYS5793014,D,S,T,2024-04-30,1000000.00,5.005925,99.75390625
09:02:48,91282CKK6,TSRYS5793014,D,S,C,2024-04-30,1000000.00,5.005818,99.75410625
09:02:50,91282CKK6,TSRYS5793014,D,S,D,2024-04-30,1000000.00,5.005925,99.75390625
09:02:51,91282CKK6,TSRYS5793014,D,B,C,2024-04-30,5000000.00,5.005925,99.75390625
09:02:51,91282CKK6,TSRYS5793014,D,S,C,2024-04-30,5000000.00,5.005925,99.75390625
09:02:51,91282CKK6,TSRYS5793014,D,S,C,2024-04-30,7000.00,5.004275,99.757
09:02:51,91282CKK6,TSRYS5793014,D,S,D,2024-04-30,7000.00,5.004275,99.757
09:02:52,91282CKK6,TSRYS5793014,D,S,D,2024-04-30,18350000.00,4.874916,100.0
09:02:52,91282CKK6,TSRYS5793014,D,S,D,2024-04-30,9200000.00,4.874916,100.0
09:02:53,91282CKK6,TSRYS5793014,D,S,T,2024-04-30,1000000.00,5.005925,99.75390625
09:02:59,91282CKK6,TSRYS5793014,D,S,T,2024-04-30,1000000.00,5.005925,99.75390625
09:02:59,91282CKK6,TSRYS5793014,D,S,T,2024-04-30,1000000.00,5.005925,99.75390625
09:03:01,91282CKK6,TSRYS5793014,D,S,C,2024-04-30,1000000.00,5.005925,99.75390625
09:03:03,91282CKK6,TSRYS5793014,D,S,T,2024-04-30,2000000.00,5.005925,99.75390625
09:03:03,91282CKK6,TSRYS5793014,D,S,T,2024-04-30,2000000.00,5.005925,99.75390625
09:03:03,91282CKK6,TSRYS5793014,D,S,T,2024-04-30,1000000.00,5.005925,99.75390625
09:03:03,91282CKK6,TSRYS5793014,D,S,T,2024-04-30,1000000.00,5.005925,99.75390625
09:03:03,91282CKK6,TSRYS5793014,D,S,T,2024-04-30,1000000.00,5.005925,99.75390625
09:03:03,91282CKK6,TSRYS5793014,D,S,T,2024-04-30,1000000.00,5.005925,99.75390625
09:03:03,91282CKK6,TSRYS5793014,D,S,T,2024-04-30,1000000.00,5.005925,99.75390625
09:03:08,91282CKK6,TSRYS5793014,D,S,D,2024-04-30,650000.00,5.005925,99.75390625
09:03:12,91282CKK6,TSRYS5793014,D,S,C,2024-04-30,1000000.00,5.005925,99.75390625
09:03:12,91282CKK6,TSRYS5793014,D,S,C,2024-04-30,1000000.00,5.005925,99.75390625
09:03:12,91282CKK6,TSRYS5793014,D,S,C,2024-04-30,1000000.00,5.005925,99.75390625
09:03:12,91282CKK6,TSRYS5793014,D,S,C,2024-04-30,1000000.00,5.005765,99.75420625
09:03:12,91282CKK6,TSRYS5793014,D,B,C,2024-04-30,1000000.00,5.005925,99.75390625
09:03:12,91282CKK6,TSRYS5793014,D,S,D,2024-04-30,1000000.00,5.005925,99.75390625
09:03:12,91282CKK6,TSRYS5793014,D,S,C,2024-04-30,1000000.00,5.005925,99.75390625
09:03:13,91282CKK6,TSRYS5793014,D,B,C,2024-04-30,3000000.00,5.005978,99.75380625
09:03:13,91282CKK6,TSRYS5793014,D,S,C,2024-04-30,3000000.00,5.005925,99.75390625
09:03:13,91282CKK6,TSRYS5793014,D,S,C,2024-04-30,2000000.00,5.005925,99.75390625
09:03:13,91282CKK6,TSRYS5793014,D,B,C,2024-04-30,7000000.00,5.005978,99.75380625
09:03:13,91282CKK6,TSRYS5793014,D,S,C,2024-04-30,600000.00,4.981355,99.8
09:03:13,91282CKK6,TSRYS5793014,D,S,C,2024-04-30,1000000.00,5.005925,99.75390625
09:03:13,91282CKK6,TSRYS5793014,D,S,D,2024-04-30,871000.00,5.006202,99.75338671256
09:03:13,91282CKK6,TSRYS5793014,D,S,D,2024-04-30,1000000.00,5.005925,99.75390625
09:03:13,91282CKK6,TSRYS5793014,D,S,D,2024-04-30,3000000.00,5.005925,99.75390625
09:03:15,91282CKK6,TSRYS5793014,D,S,A,2024-04-30,69000000.00,5.005925,99.75390625
09:03:15,91282CKK6,TSRYS5793014,D,S,D,2024-04-30,600000.00,5.008007,99.75
09:03:18,91282CKK6,TSRYS5793014,D,S,C,2024-04-30,2000000.00,5.005925,99.75390625
09:03:18,91282CKK6,TSRYS5793014,D,B,C,2024-04-30,2000000.00,5.005925,99.75390625
09:03:18,91282CKK6,TSRYS5793014,D,S,T,2024-04-30,1000000.00,5.005925,99.75390625
09:03:24,91282CKK6,TSRYS5793014,D,B,C,2024-04-30,2000000.00,5.005978,99.75380625
09:03:24,91282CKK6,TSRYS5793014,D,S,C,2024-04-30,2000000.00,5.005925,99.75390625
09:03:25,91282CKK6,TSRYS5793014,D,B,C,2024-04-30,6000000.00,5.005978,99.75380625
09:03:25,91282CKK6,TSRYS5793014,D,S,C,2024-04-30,6000000.00,5.005925,99.75390625
09:03:25,91282CKK6,TSRYS5793014,D,S,C,2024-04-30,2000000.00,5.005871,99.75400625
09:03:25,91282CKK6,TSRYS5793014,D,B,C,2024-04-30,2000000.00,5.005978,99.75380625
09:03:27,91282CKK6,TSRYS5793014,D,S,C,2024-04-30,1000000.00,5.005925,99.75390625
09:03:27,91282CKK6,TSRYS5793014,D,S,C,2024-04-30,2000000.00,5.005925,99.75390625
09:03:27,91282CKK6,TSRYS5793014,D,S,C,2024-04-30,3000000.00,5.005765,99.75420625
09:03:27,91282CKK6,TSRYS5793014,D,B,C,2024-04-30,3000000.00,5.005925,99.75390625
09:03:27,91282CKK6,TSRYS5793014,D,B,C,2024-04-30,1000000.00,5.005925,99.75390625
09:03:27,91282CKK6,TSRYS5793014,D,S,C,2024-04-30,1000000.00,5.005765,99.75420625
09:03:27,91282CKK6,TSRYS5793014,D,B,C,2024-04-30,1000000.00,5.005925,99.75390625
09:03:27,91282CKK6,TSRYS5793014,D,S,C,2024-04-30,1000000.00,5.005765,99.75420625
09:03:27,91282CKK6,TSRYS5793014,D,B,C,2024-04-30,1000000.00,5.005925,99.75390625
09:03:27,91282CKK6,TSRYS5793014,D,S,D,2024-04-30,1000000.00,5.005925,99.75390625
09:03:27,91282CKK6,TSRYS5793014,D,S,C,2024-04-30,2000000.00,5.005925,99.75390625
09:03:45,91282CKK6,TSRYS5793014,D,S,C,2024-04-30,1000000.00,5.00483,99.755959375
09:03:45,91282CKK6,TSRYS5793014,D,B,C,2024-04-30,1000000.00,5.004883,99.755859375
09:03:45,91282CKK6,TSRYS5793014,D,B,C,2024-04-30,1000000.00,5.005925,99.75390625
09:03:45,91282CKK6,TSRYS5793014,D,S,C,2024-04-30,1000000.00,5.005925,99.75390625
09:03:46,91282CKK6,TSRYS5793014,D,S,C,2024-04-30,3000000.00,5.004883,99.755859375
09:03:46,91282CKK6,TSRYS5793014,D,B,C,2024-04-30,2000000.00,5.004883,99.755859375
09:03:46,91282CKK6,TSRYS5793014,D,S,C,2024-04-30,2000000.00,5.004883,99.755859375
09:03:46,91282CKK6,TSRYS5793014,D,B,C,2024-04-30,3000000.00,5.004883,99.755859375
09:03:47,91282CKK6,TSRYS5793014,D,B,C,2024-04-30,1000000.00,5.003842,99.7578125
09:03:47,91282CKK6,TSRYS5793014,D,S,C,2024-04-30,1000000.00,5.003842,99.7578125
09:03:49,91282CKK6,TSRYS5793014,D,S,C,2024-04-30,1000000.00,5.003842,99.7578125
09:03:49,91282CKK6,TSRYS5793014,D,S,T,2024-04-30,1000000.00,5.003842,99.7578125
09:03:50,91282CKK6,TSRYS5793014,D,B,C,2024-04-30,4000000.00,5.003842,99.7578125
09:03:50,91282CKK6,TSRYS5793014,D,S,D,2024-04-30,4000000.00,5.003842,99.7578125
09:03:50,91282CKK6,TSRYS5793014,D,B,C,2024-04-30,1000000.00,5.003842,99.7578125
09:03:50,91282CKK6,TSRYS5793014,D,S,D,2024-04-30,1000000.00,5.003842,99.7578125
09:03:51,91282CKK6,TSRYS5793014,D,S,C,2024-04-30,1000000.00,5.003842,99.7578125
09:03:51,91282CKK6,TSRYS5793014,D,S,D,2024-04-30,1000000.00,5.003842,99.7578125
09:03:51,91282CKK6,TSRYS5793014,D,S,C,2024-04-30,3000000.00,5.003842,99.7578125
09:03:52,91282CKK6,TSRYS5793014,D,S,C,2024-04-30,2000000.00,5.003842,99.7578125
09:03:53,91282CKK6,TSRYS5793014,D,S,T,2024-04-30,1000000.00,5.003842,99.7578125
09:03:53,91282CKK6,TSRYS5793014,D,S,T,2024-04-30,4000000.00,5.003842,99.7578125
09:03:53,91282CKK6,TSRYS5793014,D,S,T,2024-04-30,3000000.00,5.003842,99.7578125
09:03:54,91282CKK6,TSRYS5793014,D,S,T,2024-04-30,1000000.00,5.003842,99.7578125
09:03:55,91282CKK6,TSRYS5793014,D,S,D,2024-04-30,1000000.00,5.003842,99.7578125
09:03:55,91282CKK6,TSRYS5793014,D,S,D,2024-04-30,1000000.00,5.003842,99.7578125
09:03:55,91282CKK6,TSRYS5793014,D,B,C,2024-04-30,1000000.00,5.003842,99.7578125
09:03:56,91282CKK6,TSRYS5793014,D,S,D,2024-04-30,1000000.00,5.003842,99.7578125
09:03:57,91282CKK6,TSRYS5793014,D,B,C,2024-04-30,1000000.00,5.005925,99.75390625
09:03:57,91282CKK6,TSRYS5793014,D,S,D,2024-04-30,1000000.00,5.005925,99.75390625
09:03:57,91282CKK6,TSRYS5793014,D,B,C,2024-04-30,1000000.00,5.006085,99.75360625
09:03:57,91282CKK6,TSRYS5793014,D,S,C,2024-04-30,1000000.00,5.005925,99.75390625
09:03:57,91282CKK6,TSRYS5793014,D,S,C,2024-04-30,1000000.00,5.005925,99.75390625
09:03:57,91282CKK6,TSRYS5793014,D,B,C,2024-04-30,2000000.00,5.006046,99.75367925
09:03:57,91282CKK6,TSRYS5793014,D,S,C,2024-04-30,2000000.00,5.005925,99.75390625
09:03:57,91282CKK6,TSRYS5793014,D,B,C,2024-04-30,1000000.00,5.006046,99.75367925
09:03:57,91282CKK6,TSRYS5793014,D,S,D,2024-04-30,1000000.00,5.005925,99.75390625
09:03:57,91282CKK6,TSRYS5793014,D,S,C,2024-04-30,2000000.00,5.005925,99.75390625
09:03:57,91282CKK6,TSRYS5793014,D,S,C,2024-04-30,1000000.00,5.005925,99.75390625
09:03:57,91282CKK6,TSRYS5793014,D,B,C,2024-04-30,1000000.00,5.006046,99.75367925
09:03:57,91282CKK6,TSRYS5793014,D,S,C,2024-04-30,2000000.00,5.005925,99.75390625
09:03:57,91282CKK6,TSRYS5793014,D,B,C,2024-04-30,2000000.00,5.006046,99.75367925
09:03:57,91282CKK6,TSRYS5793014,D,B,C,2024-04-30,2000000.00,5.006046,99.75367925
09:03:57,91282CKK6,TSRYS5793014,D,B,C,2024-04-30,8000000.00,5.006046,99.75367925
09:03:57,91282CKK6,TSRYS5793014,D,B,C,2024-04-30,1000000.00,5.006046,99.75367925
09:03:57,91282CKK6,TSRYS5793014,D,S,C,2024-04-30,8000000.00,5.005925,99.75390625
09:03:57,91282CKK6,TSRYS5793014,D,S,C,2024-04-30,1000000.00,5.005925,99.75390625
09:03:57,91282CKK6,TSRYS5793014,D,B,C,2024-04-30,2000000.00,5.006046,99.75367925
09:03:57,91282CKK6,TSRYS5793014,D,S,C,2024-04-30,2000000.00,5.005765,99.75420625
09:03:57,91282CKK6,TSRYS5793014,D,S,D,2024-04-30,2000000.00,5.005925,99.75390625
09:03:57,91282CKK6,TSRYS5793014,D,B,C,2024-04-30,2000000.00,5.006046,99.75367925
09:03:57,91282CKK6,TSRYS5793014,D,B,C,2024-04-30,3000000.00,5.006046,99.75367925
09:03:57,91282CKK6,TSRYS5793014,D,S,C,2024-04-30,3000000.00,5.005765,99.75420625
09:03:58,91282CKK6,TSRYS5793014,D,S,T,2024-04-30,1000000.00,5.003842,99.7578125
09:03:58,91282CKK6,TSRYS5793014,D,S,T,2024-04-30,4000000.00,5.003842,99.7578125
09:03:58,91282CKK6,TSRYS5793014,D,S,T,2024-04-30,2000000.00,5.003842,99.7578125
09:03:58,91282CKK6,TSRYS5793014,D,S,T,2024-04-30,1000000.00,5.003842,99.7578125
09:03:58,91282CKK6,TSRYS5793014,D,S,T,2024-04-30,1000000.00,5.003842,99.7578125
09:03:58,91282CKK6,TSRYS5793014,D,S,T,2024-04-30,2000000.00,5.003842,99.7578125
09:03:58,91282CKK6,TSRYS5793014,D,S,T,2024-04-30,4000000.00,5.003842,99.7578125
09:03:58,91282CKK6,TSRYS5793014,D,S,T,2024-04-30,1000000.00,5.003842,99.7578125
09:04:00,91282CKK6,TSRYS5793014,D,S,T,2024-04-30,2000000.00,5.003842,99.7578125
09:04:00,91282CKK6,TSRYS5793014,D,S,T,2024-04-30,2000000.00,5.003842,99.7578125
09:04:00,91282CKK6,TSRYS5793014,D,S,T,2024-04-30,4000000.00,5.003842,99.7578125
09:04:01,91282CKK6,TSRYS5793014,D,S,T,2024-04-30,2000000.00,5.003842,99.7578125
09:04:03,91282CKK6,TSRYS5793014,D,S,T,2024-04-30,4000000.00,5.003842,99.7578125
09:04:06,91282CKK6,TSRYS5793014,D,S,T,2024-04-30,1000000.00,5.003842,99.7578125
09:04:06,91282CKK6,TSRYS5793014,D,S,T,2024-04-30,5000000.00,5.003842,99.7578125
09:04:07,91282CKK6,TSRYS5793014,D,S,T,2024-04-30,2000000.00,5.003842,99.7578125
09:04:07,91282CKK6,TSRYS5793014,D,S,T,2024-04-30,2000000.00,5.003842,99.7578125
09:04:07,91282CKK6,TSRYS5793014,D,S,T,2024-04-30,1000000.00,5.003842,99.7578125
09:04:07,91282CKK6,TSRYS5793014,D,S,T,2024-04-30,2000000.00,5.003842,99.7578125
09:04:08,91282CKK6,TSRYS5793014,D,S,T,2024-04-30,2000000.00,5.003842,99.7578125
09:04:12,91282CKK6,TSRYS5793014,D,S,D,2024-04-30,1000000.00,5.003842,99.7578125
09:04:12,91282CKK6,TSRYS5793014,D,B,C,2024-04-30,2000000.00,5.003842,99.7578125
09:04:12,91282CKK6,TSRYS5793014,D,S,D,2024-04-30,2000000.00,5.003842,99.7578125
09:04:15,91282CKK6,TSRYS5793014,D,B,C,2024-04-30,1000000.00,5.005925,99.75390625
09:04:15,91282CKK6,TSRYS5793014,D,B,C,2024-04-30,3000000.00,5.006046,99.75367925
09:04:15,91282CKK6,TSRYS5793014,D,S,C,2024-04-30,1000000.00,5.005845,99.75405625
09:04:15,91282CKK6,TSRYS5793014,D,S,D,2024-04-30,2000000.00,5.003842,99.7578125
09:04:15,91282CKK6,TSRYS5793014,D,S,D,2024-04-30,4000000.00,5.003842,99.7578125
09:04:17,91282CKK6,TSRYS5793014,D,S,C,2024-04-30,1000000.00,5.003842,99.7578125
09:04:17,91282CKK6,TSRYS5793014,D,S,C,2024-04-30,1000000.00,5.002801,99.759765625
09:04:17,91282CKK6,TSRYS5793014,D,B,C,2024-04-30,1000000.00,5.002801,99.759765625
09:04:18,91282CKK6,TSRYS5793014,D,S,T,2024-04-30,1000000.00,5.003842,99.7578125
09:04:18,91282CKK6,TSRYS5793014,D,S,T,2024-04-30,4000000.00,5.003842,99.7578125
09:04:19,91282CKK6,TSRYS5793014,D,S,T,2024-04-30,1000000.00,5.003842,99.7578125
09:04:20,91282CKK6,TSRYS5793014,D,S,C,2024-04-30,200000.00,5.002142,99.761
09:04:21,91282CKK6,TSRYS5793014,D,S,D,2024-04-30,200000.00,5.002142,99.761
09:04:22,91282CKK6,TSRYS5793014,D,S,C,2024-04-30,1000000.00,5.003842,99.7578125
09:04:22,91282CKK6,TSRYS5793014,D,B,C,2024-04-30,1000000.00,5.003842,99.7578125
09:04:25,91282CKK6,TSRYS5793014,D,S,T,2024-04-30,1000000.00,5.003842,99.7578125
09:04:28,91282CKK6,TSRYS5793014,D,B,C,2024-04-30,22950000.00,,100.0
09:04:29,91282CKK6,TSRYS5793014,D,B,C,2024-04-30,1000000.00,5.005925,99.75390625
09:04:29,91282CKK6,TSRYS5793014,D,S,C,2024-04-30,3000000.00,5.005845,99.75405625
09:04:29,91282CKK6,TSRYS5793014,D,B,C,2024-04-30,1000000.00,5.005925,99.75390625
09:04:29,91282CKK6,TSRYS5793014,D,S,C,2024-04-30,1000000.00,5.005845,99.75405625
09:04:29,91282CKK6,TSRYS5793014,D,S,C,2024-04-30,1000000.00,5.005845,99.75405625
09:04:29,91282CKK6,TSRYS5793014,D,S,C,2024-04-30,2000000.00,5.003682,99.7581125
09:04:29,91282CKK6,TSRYS5793014,D,S,C,2024-04-30,3000000.00,5.003842,99.7578125
09:04:29,91282CKK6,TSRYS5793014,D,S,C,2024-04-30,4000000.00,5.003842,99.7578125
09:04:29,91282CKK6,TSRYS5793014,D,S,C,2024-04-30,2000000.00,5.003842,99.7578125
09:04:30,91282CKK6,TSRYS5793014,D,S,D,2024-04-30,2000000.00,5.003842,99.7578125
09:04:30,91282CKK6,TSRYS5793014,D,S,C,2024-04-30,5000000.00,5.003842,99.7578125
09:04:30,91282CKK6,TSRYS5793014,D,S,C,2024-04-30,1000000.00,5.003842,99.7578125
09:04:30,91282CKK6,TSRYS5793014,D,S,C,2024-04-30,1000000.00,5.003842,99.7578125
09:04:30,91282CKK6,TSRYS5793014,D,S,C,2024-04-30,2000000.00,5.003842,99.7578125
09:04:30,91282CKK6,TSRYS5793014,D,S,D,2024-04-30,1000000.00,5.003842,99.7578125
09:04:30,91282CKK6,TSRYS5793014,D,S,C,2024-04-30,4000000.00,5.003842,99.7578125
09:04:30,91282CKK6,TSRYS5793014,D,S,D,2024-04-30,4000000.00,5.003842,99.7578125
09:04:30,91282CKK6,TSRYS5793014,D,B,C,2024-04-30,1000000.00,5.003842,99.7578125
09:04:30,91282CKK6,TSRYS5793014,D,S,D,2024-04-30,1000000.00,5.003842,99.7578125
09:04:30,91282CKK6,TSRYS5793014,D,S,D,2024-04-30,5000000.00,5.003842,99.7578125
09:04:44,91282CKK6,TSRYS5793014,D,S,C,2024-04-30,1000000.00,5.004777,99.756059375
09:04:44,91282CKK6,TSRYS5793014,D,S,C,2024-04-30,4000000.00,5.003682,99.7581125
09:04:44,91282CKK6,TSRYS5793014,D,S,C,2024-04-30,2000000.00,5.003842,99.7578125
09:04:44,91282CKK6,TSRYS5793014,D,S,C,2024-04-30,4000000.00,5.003842,99.7578125
09:04:44,91282CKK6,TSRYS5793014,D,S,C,2024-04-30,1000000.00,5.003842,99.7578125
09:04:44,91282CKK6,TSRYS5793014,D,S,C,2024-04-30,3000000.00,5.003735,99.7580125
09:04:44,91282CKK6,TSRYS5793014,D,S,C,2024-04-30,1000000.00,5.003842,99.7578125
09:04:44,91282CKK6,TSRYS5793014,D,S,C,2024-04-30,5000000.00,5.003842,99.7578125
09:04:44,91282CKK6,TSRYS5793014,D,S,C,2024-04-30,2000000.00,5.003842,99.7578125
09:04:44,91282CKK6,TSRYS5793014,D,S,C,2024-04-30,1000000.00,5.003682,99.7581125
09:04:45,91282CKK6,TSRYS5793014,D,S,C,2024-04-30,2000000.00,5.003842,99.7578125
09:04:45,91282CKK6,TSRYS5793014,D,S,C,2024-04-30,4000000.00,5.003735,99.7580125
09:04:45,91282CKK6,TSRYS5793014,D,S,T,2024-04-30,1000000.00,5.004883,99.755859375
09:04:53,91282CKK6,TSRYS5793014,D,S,T,2024-04-30,4000000.00,5.003923,99.7576605
09:04:53,91282CKK6,TSRYS5793014,D,B,A,2024-04-30,4000000.00,5.003923,99.7576605
09:04:53,91282CKK6,TSRYS5793014,D,S,T,2024-04-30,1000000.00,5.003923,99.7576605
09:04:53,91282CKK6,TSRYS5793014,D,B,A,2024-04-30,1000000.00,5.003923,99.7576605
09:04:53,91282CKK6,TSRYS5793014,D,S,T,2024-04-30,5000000.00,5.003923,99.7576605
09:04:53,91282CKK6,TSRYS5793014,D,S,D,2024-04-30,4783000.00,5.003842,99.7578125
09:04:53,91282CKK6,TSRYS5793014,D,B,A,2024-04-30,5000000.00,5.003923,99.7576605
09:04:53,91282CKK6,TSRYS5793014,D,S,T,2024-04-30,3000000.00,5.003923,99.7576605
09:04:53,91282CKK6,TSRYS5793014,D,B,A,2024-04-30,3000000.00,5.003923,99.7576605
09:04:59,91282CKK6,TSRYS5793014,D,B,C,2024-04-30,1000000.00,5.003842,99.7578125
09:04:59,91282CKK6,TSRYS5793014,D,S,C,2024-04-30,1000000.00,5.003682,99.7581125
09:04:59,91282CKK6,TSRYS5793014,D,B,C,2024-04-30,1000000.00,5.003842,99.7578125
09:05:00,91282CKK6,TSRYS5793014,D,S,C,2024-04-30,1000000.00,5.003682,99.7581125
09:05:00,91282CKK6,TSRYS5793014,D,S,C,2024-04-30,1000000.00,5.003682,99.7581125
09:05:00,91282CKK6,TSRYS5793014,D,B,C,2024-04-30,1000000.00,5.003895,99.7577125
09:05:00,91282CKK6,TSRYS5793014,D,S,C,2024-04-30,1000000.00,5.003682,99.7581125
09:05:00,91282CKK6,TSRYS5793014,D,B,C,2024-04-30,1000000.00,5.003842,99.7578125
09:05:00,91282CKK6,TSRYS5793014,D,S,C,2024-04-30,1000000.00,5.003682,99.7581125
09:05:06,91282CKK6,TSRYS5793014,D,S,T,2024-04-30,3000000.00,5.003842,99.7578125
09:05:07,91282CKK6,TSRYS5793014,D,S,T,2024-04-30,1000000.00,5.003842,99.7578125
09:05:15,91282CKK6,TSRYS5793014,D,B,C,2024-04-30,1000000.00,5.005925,99.75390625
09:05:20,91282CKK6,TSRYS5793014,D,S,D,2024-04-30,4000000.00,5.004883,99.755859375
09:05:20,91282CKK6,TSRYS5793014,D,S,D,2024-04-30,1000000.00,5.004883,99.755859375
09:05:20,91282CKK6,TSRYS5793014,D,S,D,2024-04-30,1000000.00,5.003842,99.7578125
09:05:20,91282CKK6,TSRYS5793014,D,S,D,2024-04-30,1000000.00,5.003842,99.7578125
09:05:20,91282CKK6,TSRYS5793014,D,S,D,2024-04-30,1000000.00,5.003842,99.7578125
09:05:20,91282CKK6,TSRYS5793014,D,S,D,2024-04-30,1000000.00,5.003842,99.7578125
09:05:20,91282CKK6,TSRYS5793014,D,S,D,2024-04-30,2000000.00,5.003842,99.7578125
09:05:20,91282CKK6,TSRYS5793014,D,S,D,2024-04-30,1000000.00,5.003842,99.7578125
09:05:20,91282CKK6,TSRYS5793014,D,S,D,2024-04-30,1000000.00,5.003842,99.7578125
09:05:20,91282CKK6,TSRYS5793014,D,S,D,2024-04-30,1000000.00,5.003842,99.7578125
09:05:20,91282CKK6,TSRYS5793014,D,S,D,2024-04-30,1000000.00,5.003842,99.7578125
09:05:21,91282CKK6,TSRYS5793014,D,S,D,2024-04-30,1000000.00,5.003842,99.7578125
09:05:24,91282CKK6,TSRYS5793014,D,B,C,2024-04-30,3000000.00,5.006031,99.75370625
09:05:24,91282CKK6,TSRYS5793014,D,S,D,2024-04-30,3000000.00,5.005871,99.75400625
09:05:24,91282CKK6,TSRYS5793014,D,B,C,2024-04-30,5000000.00,5.005925,99.75390625
09:05:24,91282CKK6,TSRYS5793014,D,S,D,2024-04-30,5000000.00,5.005871,99.75400625
09:05:24,91282CKK6,TSRYS5793014,D,B,C,2024-04-30,2000000.00,5.005925,99.75390625
09:05:24,91282CKK6,TSRYS5793014,D,S,D,2024-04-30,2000000.00,5.005871,99.75400625
09:05:24,91282CKK6,TSRYS5793014,D,S,T,2024-04-30,3000000.00,5.005925,99.75390625
09:05:24,91282CKK6,TSRYS5793014,D,S,T,2024-04-30,2000000.00,5.005925,99.75390625
09:05:24,91282CKK6,TSRYS5793014,D,S,D,2024-04-30,3000000.00,5.005871,99.75400625
09:05:25,91282CKK6,TSRYS5793014,D,S,C,2024-04-30,2000000.00,5.005925,99.75390625
09:05:26,91282CKK6,TSRYS5793014,D,S,C,2024-04-30,1000000.00,5.005765,99.75420625
09:05:27,91282CKK6,TSRYS5793014,D,B,C,2024-04-30,1000000.00,5.005925,99.75390625
09:05:27,91282CKK6,TSRYS5793014,D,S,C,2024-04-30,1000000.00,5.005765,99.75420625
09:05:28,91282CKK6,TSRYS5793014,D,B,C,2024-04-30,25500000.00,5.005925,99.75390625
09:05:38,91282CKK6,TSRYS5793014,D,S,D,2024-04-30,1000000.00,5.004883,99.755859375
09:05:39,91282CKK6,TSRYS5793014,D,B,C,2024-04-30,1000000.00,5.004883,99.755859375
09:05:39,91282CKK6,TSRYS5793014,D,S,D,2024-04-30,1000000.00,5.004883,99.755859375
09:05:39,91282CKK6,TSRYS5793014,D,S,D,2024-04-30,1000000.00,5.004883,99.755859375
09:05:39,91282CKK6,TSRYS5793014,D,B,C,2024-04-30,2000000.00,5.00499,99.755659375
09:05:39,91282CKK6,TSRYS5793014,D,S,D,2024-04-30,1000000.00,5.004883,99.755859375
09:05:39,91282CKK6,TSRYS5793014,D,B,C,2024-04-30,1000000.00,5.004883,99.755859375
09:05:39,91282CKK6,TSRYS5793014,D,S,D,2024-04-30,1000000.00,5.004883,99.755859375
09:05:40,91282CKK6,TSRYS5793014,D,B,C,2024-04-30,1000000.00,5.004883,99.755859375
09:05:46,91282CKK6,TSRYS5793014,D,B,C,2024-04-30,1000000.00,5.004883,99.755859375
09:05:47,91282CKK6,TSRYS5793014,D,S,C,2024-04-30,1000000.00,5.004777,99.756059375
09:06:11,91282CKK6,TSRYS5793014,D,S,C,2024-04-30,1403000.00,5.004425,99.75671825
09:06:12,91282CKK6,TSRYS5793014,D,S,D,2024-04-30,1403000.00,5.004425,99.75671825
09:06:13,91282CKK6,TSRYS5793014,D,B,C,2024-04-30,2000000.00,5.003842,99.7578125
09:06:13,91282CKK6,TSRYS5793014,D,B,C,2024-04-30,1000000.00,5.003842,99.7578125
09:06:13,91282CKK6,TSRYS5793014,D,B,C,2024-04-30,2000000.00,5.003842,99.7578125
09:06:13,91282CKK6,TSRYS5793014,D,B,C,2024-04-30,2000000.00,5.003842,99.7578125
09:06:13,91282CKK6,TSRYS5793014,D,B,C,2024-04-30,1000000.00,5.003842,99.7578125
09:06:13,91282CKK6,TSRYS5793014,D,B,C,2024-04-30,1000000.00,5.003842,99.7578125
09:06:13,91282CKK6,TSRYS5793014,D,B,C,2024-04-30,1000000.00,5.003842,99.7578125
09:06:15,91282CKK6,TSRYS5793014,D,B,C,2024-04-30,1000000.00,5.003842,99.7578125
09:06:15,91282CKK6,TSRYS5793014,D,B,C,2024-04-30,1000000.00,5.003842,99.7578125
09:06:16,91282CKK6,TSRYS5793014,D,B,C,2024-04-30,1000000.00,5.003842,99.7578125
09:06:16,91282CKK6,TSRYS5793014,D,B,C,2024-04-30,1000000.00,5.003842,99.7578125
09:06:16,91282CKK6,TSRYS5793014,D,B,C,2024-04-30,1000000.00,5.003842,99.7578125
09:06:17,91282CKK6,TSRYS5793014,D,B,C,2024-04-30,1000000.00,5.003842,99.7578125
09:06:17,91282CKK6,TSRYS5793014,D,B,C,2024-04-30,1000000.00,5.003842,99.7578125
09:06:17,91282CKK6,TSRYS5793014,D,B,C,2024-04-30,1000000.00,5.003842,99.7578125
09:06:17,91282CKK6,TSRYS5793014,D,B,C,2024-04-30,1000000.00,5.003842,99.7578125
09:06:20,91282CKK6,TSRYS5793014,D,S,C,2024-04-30,1660000.00,5.005925,99.75390625
09:06:20,91282CKK6,TSRYS5793014,D,B,C,2024-04-30,1000000.00,5.003842,99.7578125
09:06:21,91282CKK6,TSRYS5793014,D,S,C,2024-04-30,50000.00,5.005925,99.75390625
09:06:22,91282CKK6,TSRYS5793014,D,S,D,2024-04-30,1000000.00,5.005925,99.75390625
09:06:24,91282CKK6,TSRYS5793014,D,S,T,2024-04-30,1000000.00,5.003895,99.7577125
09:06:24,91282CKK6,TSRYS5793014,D,S,D,2024-04-30,1000000.00,5.003842,99.7578125
09:06:25,91282CKK6,TSRYS5793014,D,S,D,2024-04-30,1000000.00,5.003842,99.7578125
09:06:25,91282CKK6,TSRYS5793014,D,S,D,2024-04-30,1000000.00,5.003842,99.7578125
09:06:25,91282CKK6,TSRYS5793014,D,S,D,2024-04-30,1000000.00,5.003842,99.7578125
09:06:25,91282CKK6,TSRYS5793014,D,B,C,2024-04-30,1000000.00,5.003842,99.7578125
09:06:25,91282CKK6,TSRYS5793014,D,S,D,2024-04-30,2000000.00,5.003842,99.7578125
09:06:25,91282CKK6,TSRYS5793014,D,S,D,2024-04-30,2000000.00,5.003842,99.7578125
09:06:27,91282CKK6,TSRYS5793014,D,S,C,2024-04-30,5000000.00,5.003842,99.7578125
09:06:27,91282CKK6,TSRYS5793014,D,S,D,2024-04-30,5000000.00,5.003842,99.7578125
09:06:28,91282CKK6,TSRYS5793014,D,S,D,2024-04-30,1000000.00,5.003842,99.7578125
09:06:28,91282CKK6,TSRYS5793014,D,S,T,2024-04-30,4000000.00,5.003842,99.7578125
09:06:28,91282CKK6,TSRYS5793014,D,S,T,2024-04-30,1000000.00,5.003842,99.7578125
09:06:28,91282CKK6,TSRYS5793014,D,S,T,2024-04-30,2000000.00,5.003842,99.7578125
09:06:28,91282CKK6,TSRYS5793014,D,S,T,2024-04-30,4000000.00,5.003842,99.7578125
09:06:28,91282CKK6,TSRYS5793014,D,S,T,2024-04-30,3000000.00,5.003842,99.7578125
09:06:28,91282CKK6,TSRYS5793014,D,S,T,2024-04-30,1000000.00,5.003842,99.7578125
09:06:28,91282CKK6,TSRYS5793014,D,S,T,2024-04-30,1000000.00,5.003842,99.7578125
09:06:28,91282CKK6,TSRYS5793014,D,S,D,2024-04-30,3000000.00,5.003842,99.7578125
09:06:28,91282CKK6,TSRYS5793014,D,S,D,2024-04-30,1000000.00,5.003842,99.7578125
09:06:28,91282CKK6,TSRYS5793014,D,S,D,2024-04-30,1000000.00,5.003842,99.7578125
09:06:29,91282CKK6,TSRYS5793014,D,S,D,2024-04-30,1000000.00,5.003842,99.7578125
09:06:29,91282CKK6,TSRYS5793014,D,S,D,2024-04-30,2000000.00,5.003842,99.7578125
09:06:29,91282CKK6,TSRYS5793014,D,B,C,2024-04-30,2000000.00,5.003842,99.7578125
09:06:30,91282CKK6,TSRYS5793014,D,S,D,2024-04-30,2000000.00,5.003842,99.7578125
09:06:30,91282CKK6,TSRYS5793014,D,S,D,2024-04-30,28000.00,4.995745,99.773
09:06:31,91282CKK6,TSRYS5793014,D,S,D,2024-04-30,5000000.00,5.004002,99.7575125
09:06:32,91282CKK6,TSRYS5793014,D,S,C,2024-04-30,1000000.00,5.003842,99.7578125
09:06:33,91282CKK6,TSRYS5793014,D,S,D,2024-04-30,1000000.00,5.003842,99.7578125
09:06:33,91282CKK6,TSRYS5793014,D,S,T,2024-04-30,1000000.00,5.003842,99.7578125
09:06:33,91282CKK6,TSRYS5793014,D,S,T,2024-04-30,1000000.00,5.003842,99.7578125
09:06:33,91282CKK6,TSRYS5793014,D,S,T,2024-04-30,1000000.00,5.003842,99.7578125
09:06:33,91282CKK6,TSRYS5793014,D,S,T,2024-04-30,1000000.00,5.003842,99.7578125
09:06:33,91282CKK6,TSRYS5793014,D,S,T,2024-04-30,2000000.00,5.003842,99.7578125
09:06:33,91282CKK6,TSRYS5793014,D,S,T,2024-04-30,1000000.00,5.003842,99.7578125
09:06:33,91282CKK6,TSRYS5793014,D,S,T,2024-04-30,1000000.00,5.003842,99.7578125
09:06:33,91282CKK6,TSRYS5793014,D,S,T,2024-04-30,1000000.00,5.003842,99.7578125
09:06:33,91282CKK6,TSRYS5793014,D,S,T,2024-04-30,2000000.00,5.003842,99.7578125
09:06:33,91282CKK6,TSRYS5793014,D,S,T,2024-04-30,1000000.00,5.003842,99.7578125
09:06:33,91282CKK6,TSRYS5793014,D,S,T,2024-04-30,1000000.00,5.003842,99.7578125
09:06:33,91282CKK6,TSRYS5793014,D,S,T,2024-04-30,1000000.00,5.003842,99.7578125
09:06:35,91282CKK6,TSRYS5793014,D,S,D,2024-04-30,1000000.00,5.003842,99.7578125
09:06:35,91282CKK6,TSRYS5793014,D,S,D,2024-04-30,2000000.00,5.003842,99.7578125
09:06:38,91282CKK6,TSRYS5793014,D,S,C,2024-04-30,1000000.00,5.003842,99.7578125
09:06:38,91282CKK6,TSRYS5793014,D,S,T,2024-04-30,3000000.00,5.003842,99.7578125
09:06:38,91282CKK6,TSRYS5793014,D,S,T,2024-04-30,1000000.00,5.003842,99.7578125
09:06:38,91282CKK6,TSRYS5793014,D,S,T,2024-04-30,4000000.00,5.003842,99.7578125
09:06:38,91282CKK6,TSRYS5793014,D,S,T,2024-04-30,2000000.00,5.003842,99.7578125
09:06:38,91282CKK6,TSRYS5793014,D,S,T,2024-04-30,3000000.00,5.003842,99.7578125
09:06:38,91282CKK6,TSRYS5793014,D,S,C,2024-04-30,2000000.00,5.003842,99.7578125
09:06:38,91282CKK6,TSRYS5793014,D,S,C,2024-04-30,3000000.00,5.003842,99.7578125
09:06:40,91282CKK6,TSRYS5793014,D,S,D,2024-04-30,875000.00,5.003842,99.7578125
09:06:42,91282CKK6,TSRYS5793014,D,B,C,2024-04-30,1000000.00,5.003842,99.7578125
09:06:42,91282CKK6,TSRYS5793014,D,S,C,2024-04-30,1000000.00,5.003842,99.7578125
09:06:43,91282CKK6,TSRYS5793014,D,S,T,2024-04-30,3000000.00,5.003842,99.7578125
09:06:45,91282CKK6,TSRYS5793014,D,B,C,2024-04-30,2000000.00,5.005925,99.75390625
09:06:45,91282CKK6,TSRYS5793014,D,S,D,2024-04-30,2000000.00,5.005925,99.75390625
09:06:45,91282CKK6,TSRYS5793014,D,S,D,2024-04-30,2000000.00,5.005925,99.75390625
09:06:45,91282CKK6,TSRYS5793014,D,S,D,2024-04-30,1000000.00,5.005925,99.75390625
09:06:45,91282CKK6,TSRYS5793014,D,B,C,2024-04-30,2000000.00,5.005925,99.75390625
09:06:45,91282CKK6,TSRYS5793014,D,B,C,2024-04-30,1000000.00,5.005925,99.75390625
09:06:45,91282CKK6,TSRYS5793014,D,B,C,2024-04-30,1000000.00,5.005925,99.75390625
09:06:45,91282CKK6,TSRYS5793014,D,B,C,2024-04-30,3000000.00,5.005925,99.75390625
09:06:45,91282CKK6,TSRYS5793014,D,S,D,2024-04-30,1000000.00,5.005925,99.75390625
09:06:48,91282CKK6,TSRYS5793014,D,S,T,2024-04-30,2000000.00,5.003842,99.7578125
09:06:50,91282CKK6,TSRYS5793014,D,S,A,2024-04-30,50000000.00,5.012173,99.7421875
09:06:57,91282CKK6,TSRYS5793014,D,S,C,2024-04-30,28000.00,4.995745,99.773
09:07:00,91282CKK6,TSRYS5793014,D,B,C,2024-04-30,3000000.00,5.005925,99.75390625
09:07:00,91282CKK6,TSRYS5793014,D,S,D,2024-04-30,3000000.00,5.005925,99.75390625
09:07:00,91282CKK6,TSRYS5793014,D,B,C,2024-04-30,1000000.00,5.005925,99.75390625
09:07:00,91282CKK6,TSRYS5793014,D,S,D,2024-04-30,1000000.00,5.005925,99.75390625
09:07:00,91282CKK6,TSRYS5793014,D,B,C,2024-04-30,1000000.00,5.005925,99.75390625
09:07:00,91282CKK6,TSRYS5793014,D,S,C,2024-04-30,1000000.00,5.005925,99.75390625
09:07:00,91282CKK6,TSRYS5793014,D,B,C,2024-04-30,1000000.00,5.005978,99.75380625
09:07:00,91282CKK6,TSRYS5793014,D,S,C,2024-04-30,1000000.00,5.005925,99.75390625
09:07:00,91282CKK6,TSRYS5793014,D,S,C,2024-04-30,1000000.00,5.003842,99.7578125
09:07:00,91282CKK6,TSRYS5793014,D,B,C,2024-04-30,1000000.00,5.003842,99.7578125
09:07:03,91282CKK6,TSRYS5793014,D,B,C,2024-04-30,3000000.00,5.003842,99.7578125
09:07:03,91282CKK6,TSRYS5793014,D,S,D,2024-04-30,3000000.00,5.003842,99.7578125
09:07:03,91282CKK6,TSRYS5793014,D,S,C,2024-04-30,1000000.00,5.003842,99.7578125
09:07:03,91282CKK6,TSRYS5793014,D,B,C,2024-04-30,1000000.00,5.003842,99.7578125
09:07:03,91282CKK6,TSRYS5793014,D,S,T,2024-04-30,1000000.00,5.003842,99.7578125
09:07:03,91282CKK6,TSRYS5793014,D,S,T,2024-04-30,1000000.00,5.003842,99.7578125
09:07:03,91282CKK6,TSRYS5793014,D,S,D,2024-04-30,3000000.00,5.003842,99.7578125
09:07:04,91282CKK6,TSRYS5793014,D,B,C,2024-04-30,3430000.00,5.003842,99.7578125
09:07:10,91282CKK6,TSRYS5793014,D,S,T,2024-04-30,6000000.00,5.001759,99.76171875
09:07:10,91282CKK6,TSRYS5793014,D,S,T,2024-04-30,8000000.00,5.001759,99.76171875
09:07:12,91282CKK6,TSRYS5793014,D,S,T,2024-04-30,1000000.00,5.001759,99.76171875
09:07:15,91282CKK6,TSRYS5793014,D,S,C,2024-04-30,12300000.00,5.003842,99.7578125
09:07:15,91282CKK6,TSRYS5793014,D,S,C,2024-04-30,3000000.00,5.005765,99.75420625
09:07:15,91282CKK6,TSRYS5793014,D,S,D,2024-04-30,2000000.00,5.005925,99.75390625
09:07:15,91282CKK6,TSRYS5793014,D,B,C,2024-04-30,2000000.00,5.005925,99.75390625
09:07:15,91282CKK6,TSRYS5793014,D,S,D,2024-04-30,4000000.00,5.003842,99.7578125
09:07:15,91282CKK6,TSRYS5793014,D,S,C,2024-04-30,1000000.00,5.003842,99.7578125
09:07:15,91282CKK6,TSRYS5793014,D,S,D,2024-04-30,1000000.00,5.003842,99.7578125
09:07:15,91282CKK6,TSRYS5793014,D,S,D,2024-04-30,1000000.00,5.003842,99.7578125
09:07:15,91282CKK6,TSRYS5793014,D,S,C,2024-04-30,2000000.00,5.003842,99.7578125
09:07:15,91282CKK6,TSRYS5793014,D,S,C,2024-04-30,1000000.00,5.003842,99.7578125
09:07:15,91282CKK6,TSRYS5793014,D,S,C,2024-04-30,1000000.00,5.003842,99.7578125
09:07:15,91282CKK6,TSRYS5793014,D,S,C,2024-04-30,4000000.00,5.003842,99.7578125
09:07:16,91282CKK6,TSRYS5793014,D,B,C,2024-04-30,2000000.00,5.003842,99.7578125
09:07:16,91282CKK6,TSRYS5793014,D,S,D,2024-04-30,2000000.00,5.003842,99.7578125
09:07:16,91282CKK6,TSRYS5793014,D,B,C,2024-04-30,2000000.00,5.002801,99.759765625
09:07:16,91282CKK6,TSRYS5793014,D,S,C,2024-04-30,2000000.00,5.002801,99.759765625
09:07:25,91282CKK6,TSRYS5793014,D,S,C,2024-04-30,3000000.00,5.001759,99.76171875
09:07:26,91282CKK6,TSRYS5793014,D,S,T,2024-04-30,3000000.00,5.001759,99.76171875
09:07:28,91282CKK6,TSRYS5793014,D,S,T,2024-04-30,6000000.00,5.001759,99.76171875
09:07:29,91282CKK6,TSRYS5793014,D,S,T,2024-04-30,2000000.00,5.001759,99.76171875
09:07:29,91282CKK6,TSRYS5793014,D,S,C,2024-04-30,2000000.00,5.001653,99.76191875
09:07:30,91282CKK6,TSRYS5793014,D,S,D,2024-04-30,1000000.00,5.003842,99.7578125
09:07:30,91282CKK6,TSRYS5793014,D,S,D,2024-04-30,1000000.00,5.003842,99.7578125
09:07:30,91282CKK6,TSRYS5793014,D,S,C,2024-04-30,3000000.00,5.003842,99.7578125
09:07:30,91282CKK6,TSRYS5793014,D,S,C,2024-04-30,2000000.00,5.003682,99.7581125
09:07:30,91282CKK6,TSRYS5793014,D,S,T,2024-04-30,4000000.00,5.001759,99.76171875
09:07:30,91282CKK6,TSRYS5793014,D,S,T,2024-04-30,3000000.00,5.001759,99.76171875
09:07:30,91282CKK6,TSRYS5793014,D,S,T,2024-04-30,2000000.00,5.001759,99.76171875
09:07:30,91282CKK6,TSRYS5793014,D,S,T,2024-04-30,1000000.00,5.001759,99.76171875
09:07:30,91282CKK6,TSRYS5793014,D,S,T,2024-04-30,4000000.00,5.001759,99.76171875
09:07:30,91282CKK6,TSRYS5793014,D,S,T,2024-04-30,1000000.00,5.001759,99.76171875
09:07:31,91282CKK6,TSRYS5793014,D,S,T,2024-04-30,1000000.00,5.001759,99.76171875
09:07:31,91282CKK6,TSRYS5793014,D,S,T,2024-04-30,4000000.00,5.001759,99.76171875
09:07:32,91282CKK6,TSRYS5793014,D,B,C,2024-04-30,1000000.00,5.001759,99.76171875
09:07:32,91282CKK6,TSRYS5793014,D,S,C,2024-04-30,1000000.00,5.001759,99.76171875
09:07:33,91282CKK6,TSRYS5793014,D,S,T,2024-04-30,4000000.00,5.001759,99.76171875
09:07:33,91282CKK6,TSRYS5793014,D,S,T,2024-04-30,3000000.00,5.001759,99.76171875
09:07:33,91282CKK6,TSRYS5793014,D,S,T,2024-04-30,2000000.00,5.001759,99.76171875
09:07:36,91282CKK6,TSRYS5793014,D,B,C,2024-04-30,1000000.00,5.002801,99.759765625
09:07:36,91282CKK6,TSRYS5793014,D,S,C,2024-04-30,1000000.00,5.002801,99.759765625
09:07:38,91282CKK6,TSRYS5793014,D,S,D,2024-04-30,5000000.00,5.003842,99.7578125
09:07:42,91282CKK6,TSRYS5793014,D,S,T,2024-04-30,1000000.00,5.003895,99.7577125
09:07:42,91282CKK6,TSRYS5793014,D,S,C,2024-04-30,1000000.00,5.003789,99.7579125
09:07:43,91282CKK6,TSRYS5793014,D,S,C,2024-04-30,3000000.00,5.003842,99.7578125
09:07:43,91282CKK6,TSRYS5793014,D,B,C,2024-04-30,3000000.00,5.003842,99.7578125
09:07:44,91282CKK6,TSRYS5793014,D,S,C,2024-04-30,1000000.00,5.003842,99.7578125
09:07:44,91282CKK6,TSRYS5793014,D,B,C,2024-04-30,1000000.00,5.003842,99.7578125
09:07:44,91282CKK6,TSRYS5793014,D,S,C,2024-04-30,1000000.00,5.003842,99.7578125
09:07:44,91282CKK6,TSRYS5793014,D,B,C,2024-04-30,1000000.00,5.003842,99.7578125
09:07:45,91282CKK6,TSRYS5793014,D,S,D,2024-04-30,1000000.00,5.003842,99.7578125
09:07:45,91282CKK6,TSRYS5793014,D,S,C,2024-04-30,1000000.00,5.003721,99.7580395
09:07:45,91282CKK6,TSRYS5793014,D,S,C,2024-04-30,1000000.00,5.001759,99.76171875
09:07:45,91282CKK6,TSRYS5793014,D,S,C,2024-04-30,6000000.00,5.001759,99.76171875
09:07:45,91282CKK6,TSRYS5793014,D,S,C,2024-04-30,1000000.00,5.001759,99.76171875
09:07:45,91282CKK6,TSRYS5793014,D,S,D,2024-04-30,2000000.00,5.001759,99.76171875
09:07:45,91282CKK6,TSRYS5793014,D,S,D,2024-04-30,8000000.00,5.001759,99.76171875
09:07:47,91282CKK6,TSRYS5793014,D,S,D,2024-04-30,1000000.00,5.003842,99.7578125
09:07:47,91282CKK6,TSRYS5793014,D,S,D,2024-04-30,2000000.00,5.003842,99.7578125
09:07:47,91282CKK6,TSRYS5793014,D,S,D,2024-04-30,1000000.00,5.003842,99.7578125
09:07:47,91282CKK6,TSRYS5793014,D,S,D,2024-04-30,1000000.00,5.003842,99.7578125
09:07:48,91282CKK6,TSRYS5793014,D,S,C,2024-04-30,3000000.00,5.005925,99.75390625
09:07:48,91282CKK6,TSRYS5793014,D,S,T,2024-04-30,1000000.00,5.003842,99.7578125
09:07:48,91282CKK6,TSRYS5793014,D,S,T,2024-04-30,1000000.00,5.003842,99.7578125
09:07:48,91282CKK6,TSRYS5793014,D,S,T,2024-04-30,2000000.00,5.003842,99.7578125
09:07:48,91282CKK6,TSRYS5793014,D,S,T,2024-04-30,1000000.00,5.003842,99.7578125
09:07:48,91282CKK6,TSRYS5793014,D,S,T,2024-04-30,3000000.00,5.005925,99.75390625
09:07:50,91282CKK6,TSRYS5793014,D,S,D,2024-04-30,5000000.00,5.005925,99.75390625
09:07:53,91282CKK6,TSRYS5793014,D,S,T,2024-04-30,5000000.00,5.005925,99.75390625
09:07:53,91282CKK6,TSRYS5793014,D,S,D,2024-04-30,35000.00,5.00001,99.765
09:07:59,91282CKK6,TSRYS5793014,D,B,C,2024-04-30,2000000.00,5.007019,99.751853125
09:07:59,91282CKK6,TSRYS5793014,D,S,D,2024-04-30,2000000.00,5.006966,99.751953125
09:07:59,91282CKK6,TSRYS5793014,D,S,T,2024-04-30,1000000.00,5.008007,99.75
09:07:59,91282CKK6,TSRYS5793014,D,S,T,2024-04-30,1000000.00,5.008007,99.75
09:07:59,91282CKK6,TSRYS5793014,D,S,T,2024-04-30,1000000.00,5.008007,99.75
09:08:00,91282CKK6,TSRYS5793014,D,B,C,2024-04-30,1000000.00,5.006966,99.751953125
09:08:00,91282CKK6,TSRYS5793014,D,S,C,2024-04-30,1000000.00,5.006966,99.751953125
09:08:02,91282CKK6,TSRYS5793014,D,S,C,2024-04-30,35000.00,5.00001,99.765
09:08:03,91282CKK6,TSRYS5793014,D,S,C,2024-04-30,1000000.00,5.001759,99.76171875
09:08:03,91282CKK6,TSRYS5793014,D,S,C,2024-04-30,3000000.00,5.001759,99.76171875
09:08:03,91282CKK6,TSRYS5793014,D,S,C,2024-04-30,4000000.00,5.001759,99.76171875
09:08:03,91282CKK6,TSRYS5793014,D,S,C,2024-04-30,6000000.00,5.001759,99.76171875
09:08:03,91282CKK6,TSRYS5793014,D,S,C,2024-04-30,2000000.00,5.001759,99.76171875
09:08:03,91282CKK6,TSRYS5793014,D,S,D,2024-04-30,4000000.00,5.001759,99.76171875
09:08:03,91282CKK6,TSRYS5793014,D,S,C,2024-04-30,4000000.00,5.001759,99.76171875
09:08:03,91282CKK6,TSRYS5793014,D,S,C,2024-04-30,1000000.00,5.001759,99.76171875
09:08:03,91282CKK6,TSRYS5793014,D,S,D,2024-04-30,1000000.00,5.001759,99.76171875
09:08:03,91282CKK6,TSRYS5793014,D,S,D,2024-04-30,4000000.00,5.001759,99.76171875
09:08:03,91282CKK6,TSRYS5793014,D,S,D,2024-04-30,2000000.00,5.001759,99.76171875
09:08:04,91282CKK6,TSRYS5793014,D,S,T,2024-04-30,3000000.00,5.008007,99.75
09:08:06,91282CKK6,TSRYS5793014,D,S,T,2024-04-30,2000000.00,5.001759,99.76171875
09:08:08,91282CKK6,TSRYS5793014,D,S,T,2024-04-30,1000000.00,5.001759,99.76171875
09:08:14,91282CKK6,TSRYS5793014,D,S,C,2024-04-30,1000000.00,5.006913,99.752053125
09:08:14,91282CKK6,TSRYS5793014,D,B,C,2024-04-30,1000000.00,5.006966,99.751953125
09:08:17,91282CKK6,TSRYS5793014,D,S,D,2024-04-30,3000000.00,5.001759,99.76171875
09:08:19,91282CKK6,TSRYS5793014,D,S,T,2024-04-30,30000.00,4.999677,99.765625
09:08:30,91282CKK6,TSRYS5793014,D,S,C,2024-04-30,1000000.00,5.008007,99.75
09:08:36,91282CKK6,TSRYS5793014,D,S,C,2024-04-30,69000000.00,4.874916,100.0
09:08:40,91282CKK6,TSRYS5793014,D,S,D,2024-04-30,1000000.00,5.008007,99.75
09:08:40,91282CKK6,TSRYS5793014,D,S,C,2024-04-30,1000000.00,5.008007,99.75
09:08:40,91282CKK6,TSRYS5793014,D,S,D,2024-04-30,1000000.00,5.008007,99.75
09:08:40,91282CKK6,TSRYS5793014,D,S,D,2024-04-30,30000.00,4.999677,99.765625
09:08:40,91282CKK6,TSRYS5793014,D,S,C,2024-04-30,30000.00,4.999677,99.765625
09:08:44,91282CKK6,TSRYS5793014,D,S,D,2024-04-30,130000.00,5.009049,99.748046875
09:08:45,91282CKK6,TSRYS5793014,D,S,C,2024-04-30,1000000.00,5.003842,99.7578125
09:08:45,91282CKK6,TSRYS5793014,D,B,C,2024-04-30,1000000.00,5.003842,99.7578125
09:08:45,91282CKK6,TSRYS5793014,D,B,C,2024-04-30,1000000.00,5.003842,99.7578125
09:08:45,91282CKK6,TSRYS5793014,D,B,C,2024-04-30,1000000.00,5.003842,99.7578125
09:08:45,91282CKK6,TSRYS5793014,D,S,D,2024-04-30,1000000.00,5.003842,99.7578125
09:08:45,91282CKK6,TSRYS5793014,D,S,C,2024-04-30,1000000.00,5.003735,99.7580125
09:08:45,91282CKK6,TSRYS5793014,D,B,C,2024-04-30,1000000.00,5.003842,99.7578125
09:08:45,91282CKK6,TSRYS5793014,D,B,C,2024-04-30,2000000.00,5.003842,99.7578125
09:08:45,91282CKK6,TSRYS5793014,D,S,C,2024-04-30,2000000.00,5.003842,99.7578125
09:08:45,91282CKK6,TSRYS5793014,D,S,C,2024-04-30,1000000.00,5.003735,99.7580125
09:08:45,91282CKK6,TSRYS5793014,D,B,C,2024-04-30,4000000.00,5.003842,99.7578125
09:08:45,91282CKK6,TSRYS5793014,D,S,D,2024-04-30,1000000.00,5.005925,99.75390625
09:08:45,91282CKK6,TSRYS5793014,D,B,C,2024-04-30,1000000.00,5.005925,99.75390625
09:08:45,91282CKK6,TSRYS5793014,D,S,D,2024-04-30,2000000.00,5.005925,99.75390625
09:08:45,91282CKK6,TSRYS5793014,D,S,D,2024-04-30,1000000.00,5.005925,99.75390625
09:08:45,91282CKK6,TSRYS5793014,D,B,C,2024-04-30,1000000.00,5.005925,99.75390625
09:08:45,91282CKK6,TSRYS5793014,D,B,C,2024-04-30,2000000.00,5.005925,99.75390625
09:08:45,91282CKK6,TSRYS5793014,D,B,C,2024-04-30,1000000.00,5.008127,99.749775
09:08:45,91282CKK6,TSRYS5793014,D,S,C,2024-04-30,1000000.00,5.008007,99.75
09:08:45,91282CKK6,TSRYS5793014,D,B,C,2024-04-30,2000000.00,5.008007,99.75
09:08:45,91282CKK6,TSRYS5793014,D,B,C,2024-04-30,1000000.00,5.008007,99.75
09:08:45,91282CKK6,TSRYS5793014,D,S,C,2024-04-30,2000000.00,5.008007,99.75
09:08:45,91282CKK6,TSRYS5793014,D,S,C,2024-04-30,1000000.00,5.008007,99.75
09:08:45,91282CKK6,TSRYS5793014,D,B,C,2024-04-30,1000000.00,5.008007,99.75
09:08:45,91282CKK6,TSRYS5793014,D,S,C,2024-04-30,1000000.00,5.008007,99.75
09:08:51,91282CKK6,TSRYS5793014,D,S,A,2024-04-30,9800000.00,5.008007,99.75
09:08:59,91282CKK6,TSRYS5793014,D,B,C,2024-04-30,40000000.00,5.016969,99.7331945
09:08:59,91282CKK6,TSRYS5793014,D,S,D,2024-04-30,50000.00,5.002142,99.761
09:09:00,91282CKK6,TSRYS5793014,D,B,C,2024-04-30,1000000.00,5.003842,99.7578125
09:09:00,91282CKK6,TSRYS5793014,D,B,C,2024-04-30,1000000.00,5.003842,99.7578125
09:09:00,91282CKK6,TSRYS5793014,D,S,D,2024-04-30,1000000.00,5.003842,99.7578125
09:09:00,91282CKK6,TSRYS5793014,D,S,D,2024-04-30,1000000.00,5.003842,99.7578125
09:09:00,91282CKK6,TSRYS5793014,D,S,D,2024-04-30,4000000.00,5.003842,99.7578125
09:09:00,91282CKK6,TSRYS5793014,D,S,C,2024-04-30,1000000.00,5.008007,99.75
09:09:00,91282CKK6,TSRYS5793014,D,S,C,2024-04-30,1000000.00,5.008007,99.75
09:09:00,91282CKK6,TSRYS5793014,D,S,C,2024-04-30,3000000.00,5.007847,99.7503
09:09:04,91282CKK6,TSRYS5793014,D,S,C,2024-04-30,20000.00,5.006141,99.7535
09:09:05,91282CKK6,TSRYS5793014,D,S,C,2024-04-30,2000000.00,5.009049,99.748046875
09:09:05,91282CKK6,TSRYS5793014,D,S,C,2024-04-30,2000000.00,5.009049,99.748046875
09:09:05,91282CKK6,TSRYS5793014,D,S,C,2024-04-30,1000000.00,5.009049,99.748046875
09:09:10,91282CKK6,TSRYS5793014,D,S,D,2024-04-30,2000000.00,5.009049,99.748046875
09:09:10,91282CKK6,TSRYS5793014,D,S,D,2024-04-30,2000000.00,5.009049,99.748046875
09:09:10,91282CKK6,TSRYS5793014,D,S,D,2024-04-30,2000000.00,5.009049,99.748046875
09:09:11,91282CKK6,TSRYS5793014,D,S,C,2024-04-30,50000.00,5.002142,99.761
09:09:11,91282CKK6,TSRYS5793014,D,S,D,2024-04-30,50000.00,5.002142,99.761
09:09:12,91282CKK6,TSRYS5793014,D,S,D,2024-04-30,130000.00,5.01069,99.744969952
09:09:12,91282CKK6,TSRYS5793014,D,S,D,2024-04-30,30000.00,4.999677,99.765625
09:09:24,91282CKK6,TSRYS5793014,D,S,D,2024-04-30,2000000.00,5.011132,99.744140625
09:09:24,91282CKK6,TSRYS5793014,D,S,D,2024-04-30,2000000.00,5.011132,99.744140625
09:09:24,91282CKK6,TSRYS5793014,D,S,D,2024-04-30,2000000.00,5.011132,99.744140625
09:09:26,91282CKK6,TSRYS5793014,D,S,D,2024-04-30,2000000.00,5.011132,99.744140625
09:09:26,91282CKK6,TSRYS5793014,D,S,D,2024-04-30,2000000.00,5.011132,99.744140625
09:09:26,91282CKK6,TSRYS5793014,D,S,D,2024-04-30,1000000.00,5.011132,99.744140625
09:09:27,91282CKK6,TSRYS5793014,D,S,D,2024-04-30,1000000.00,5.011132,99.744140625
09:09:27,91282CKK6,TSRYS5793014,D,S,D,2024-04-30,2000000.00,5.011132,99.744140625
09:09:28,91282CKK6,TSRYS5793014,D,S,C,2024-04-30,2000000.00,5.011132,99.744140625
09:09:28,91282CKK6,TSRYS5793014,D,S,C,2024-04-30,2000000.00,5.011132,99.744140625
09:09:28,91282CKK6,TSRYS5793014,D,S,C,2024-04-30,1000000.00,5.011132,99.744140625
09:09:28,91282CKK6,TSRYS5793014,D,S,C,2024-04-30,1000000.00,5.011132,99.744140625
09:09:28,91282CKK6,TSRYS5793014,D,S,D,2024-04-30,1000000.00,5.011132,99.744140625
09:09:28,91282CKK6,TSRYS5793014,D,S,D,2024-04-30,1000000.00,5.011132,99.744140625
09:09:28,91282CKK6,TSRYS5793014,D,S,D,2024-04-30,2000000.00,5.011132,99.744140625
09:09:28,91282CKK6,TSRYS5793014,D,S,C,2024-04-30,1000000.00,5.011132,99.744140625
09:09:33,91282CKK6,TSRYS5793014,D,S,D,2024-04-30,2000000.00,5.011132,99.744140625
09:09:33,91282CKK6,TSRYS5793014,D,S,D,2024-04-30,2000000.00,5.011132,99.744140625
09:09:34,91282CKK6,TSRYS5793014,D,S,D,2024-04-30,2000000.00,5.011132,99.744140625
09:09:38,91282CKK6,TSRYS5793014,D,S,D,2024-04-30,2000000.00,5.009049,99.74804687
09:09:41,91282CKK6,TSRYS5793014,D,S,C,2024-04-30,2000000.00,5.011132,99.744140625
09:09:41,91282CKK6,TSRYS5793014,D,S,D,2024-04-30,25000.00,4.989266,99.785156
09:09:41,91282CKK6,TSRYS5793014,D,S,C,2024-04-30,25000.00,4.989266,99.785156
09:09:41,91282CKK6,TSRYS5793014,D,B,C,2024-04-30,1000000.00,5.01009,99.74609375
09:09:41,91282CKK6,TSRYS5793014,D,S,C,2024-04-30,1000000.00,5.01009,99.74609375
09:09:43,91282CKK6,TSRYS5793014,D,S,T,2024-04-30,1000000.00,5.011185,99.744040625
09:09:43,91282CKK6,TSRYS5793014,D,S,T,2024-04-30,2000000.00,5.011185,99.744040625
09:09:43,91282CKK6,TSRYS5793014,D,S,T,2024-04-30,1000000.00,5.011185,99.744040625
09:09:43,91282CKK6,TSRYS5793014,D,S,D,2024-04-30,1000000.00,5.011132,99.744140625
09:09:44,91282CKK6,TSRYS5793014,D,S,C,2024-04-30,2000000.00,5.011132,99.744140625
09:09:44,91282CKK6,TSRYS5793014,D,S,D,2024-04-30,1000000.00,5.011132,99.744140625
09:09:46,91282CKK6,TSRYS5793014,D,S,D,2024-04-30,2000000.00,5.011132,99.744140625
09:09:46,91282CKK6,TSRYS5793014,D,S,T,2024-04-30,1000000.00,5.011132,99.74414062
09:09:46,91282CKK6,TSRYS5793014,D,S,D,2024-04-30,2000000.00,5.011132,99.74414062
09:09:47,91282CKK6,TSRYS5793014,D,S,T,2024-04-30,8350000.00,4.874916,100.0
09:09:47,91282CKK6,TSRYS5793014,D,S,T,2024-04-30,20900000.00,4.874916,100.0
09:09:47,91282CKK6,TSRYS5793014,D,S,T,2024-04-30,12550000.00,4.874916,100.0
09:09:47,91282CKK6,TSRYS5793014,D,S,T,2024-04-30,41850000.00,4.874916,100.0
09:09:47,91282CKK6,TSRYS5793014,D,S,T,2024-04-30,4200000.00,4.874916,100.0
09:09:47,91282CKK6,TSRYS5793014,D,S,T,2024-04-30,16750000.00,4.874916,100.0
09:09:47,91282CKK6,TSRYS5793014,D,S,T,2024-04-30,20900000.00,4.874916,100.0
09:09:47,91282CKK6,TSRYS5793014,D,S,T,2024-04-30,41850000.00,4.874916,100.0
09:09:49,91282CKK6,TSRYS5793014,D,B,C,2024-04-30,2000000.00,5.01009,99.74609375
09:09:49,91282CKK6,TSRYS5793014,D,S,D,2024-04-30,1000000.00,5.011132,99.74414062
09:09:49,91282CKK6,TSRYS5793014,D,S,T,2024-04-30,1000000.00,5.011132,99.74414062
09:09:49,91282CKK6,TSRYS5793014,D,S,T,2024-04-30,1000000.00,5.011132,99.74414062
09:09:49,91282CKK6,TSRYS5793014,D,S,T,2024-04-30,2000000.00,5.011132,99.74414062
09:09:51,91282CKK6,TSRYS5793014,D,S,D,2024-04-30,2000000.00,5.009049,99.74804687
09:09:59,91282CKK6,TSRYS5793014,D,S,D,2024-04-30,2000000.00,5.009049,99.748046875
09:10:01,91282CKK6,TSRYS5793014,D,S,D,2024-04-30,1000000.00,5.01009,99.74609375
09:10:01,91282CKK6,TSRYS5793014,D,S,C,2024-04-30,2000000.00,5.01009,99.74609375
09:10:01,91282CKK6,TSRYS5793014,D,B,C,2024-04-30,1000000.00,5.01009,99.74609375
09:10:01,91282CKK6,TSRYS5793014,D,B,C,2024-04-30,1000000.00,5.01009,99.74609375
09:10:01,91282CKK6,TSRYS5793014,D,B,C,2024-04-30,1000000.00,5.01009,99.74609375
09:10:01,91282CKK6,TSRYS5793014,D,B,C,2024-04-30,1000000.00,5.01009,99.74609375
09:10:01,91282CKK6,TSRYS5793014,D,S,C,2024-04-30,1000000.00,5.00993,99.74639375
09:10:01,91282CKK6,TSRYS5793014,D,S,C,2024-04-30,1000000.00,5.011132,99.74414062
09:10:01,91282CKK6,TSRYS5793014,D,S,C,2024-04-30,1000000.00,5.011132,99.74414062
09:10:01,91282CKK6,TSRYS5793014,D,S,T,2024-04-30,1000000.00,5.011132,99.74414062
09:10:01,91282CKK6,TSRYS5793014,D,S,T,2024-04-30,2000000.00,5.011132,99.74414062
09:10:01,91282CKK6,TSRYS5793014,D,S,C,2024-04-30,2000000.00,5.011132,99.74414062
09:10:03,91282CKK6,TSRYS5793014,D,S,D,2024-04-30,105000.00,5.003842,99.7578125
09:10:03,91282CKK6,TSRYS5793014,D,S,D,2024-04-30,2000000.00,5.011132,99.74414062
09:10:03,91282CKK6,TSRYS5793014,D,S,D,2024-04-30,2000000.00,5.011132,99.74414062
09:10:03,91282CKK6,TSRYS5793014,D,S,C,2024-04-30,1000000.00,5.011132,99.74414062
09:10:03,91282CKK6,TSRYS5793014,D,S,D,2024-04-30,1000000.00,5.011132,99.74414062
09:10:03,91282CKK6,TSRYS5793014,D,S,D,2024-04-30,2000000.00,5.011132,99.74414062
09:10:05,91282CKK6,TSRYS5793014,D,S,D,2024-04-30,20000.00,5.003842,99.7578125
09:10:05,91282CKK6,TSRYS5793014,D,S,C,2024-04-30,1000000.00,5.011132,99.74414062
09:10:05,91282CKK6,TSRYS5793014,D,S,D,2024-04-30,1000000.00,5.011132,99.74414062
09:10:05,91282CKK6,TSRYS5793014,D,S,T,2024-04-30,2000000.00,5.011132,99.74414062
09:10:05,91282CKK6,TSRYS5793014,D,S,D,2024-04-30,1000000.00,5.009049,99.74804687
09:10:05,91282CKK6,TSRYS5793014,D,S,T,2024-04-30,2000000.00,5.009049,99.74804687
09:10:05,91282CKK6,TSRYS5793014,D,S,T,2024-04-30,2000000.00,5.011132,99.74414062
09:10:05,91282CKK6,TSRYS5793014,D,S,T,2024-04-30,2000000.00,5.011132,99.74414062
09:10:05,91282CKK6,TSRYS5793014,D,S,C,2024-04-30,2000000.00,5.009049,99.74804687
09:10:08,91282CKK6,TSRYS5793014,D,S,D,2024-04-30,1000000.00,5.008007,99.75
09:10:08,91282CKK6,TSRYS5793014,D,B,C,2024-04-30,1000000.00,5.008007,99.75
09:10:09,91282CKK6,TSRYS5793014,D,S,T,2024-04-30,2000000.00,5.009049,99.74804687
09:10:09,91282CKK6,TSRYS5793014,D,S,T,2024-04-30,2000000.00,5.009049,99.74804687
09:10:10,91282CKK6,TSRYS5793014,D,S,T,2024-04-30,2000000.00,5.009049,99.74804687
09:10:10,91282CKK6,TSRYS5793014,D,B,C,2024-04-30,5000000.00,5.008007,99.75
09:10:10,91282CKK6,TSRYS5793014,D,S,C,2024-04-30,5000000.00,5.008007,99.75
09:10:12,91282CKK6,TSRYS5793014,D,S,C,2024-04-30,2000000.00,5.009049,99.74804687
09:10:13,91282CKK6,TSRYS5793014,D,S,D,2024-04-30,12550000.00,4.874916,100.0
09:10:13,91282CKK6,TSRYS5793014,D,S,D,2024-04-30,41850000.00,4.874916,100.0
09:10:13,91282CKK6,TSRYS5793014,D,S,T,2024-04-30,1000000.00,5.009049,99.748046875
09:10:13,91282CKK6,TSRYS5793014,D,S,D,2024-04-30,2000000.00,5.011132,99.74414062
09:10:14,91282CKK6,TSRYS5793014,D,S,D,2024-04-30,50000.00,5.001609,99.762
09:10:14,91282CKK6,TSRYS5793014,D,S,T,2024-04-30,2000000.00,5.011132,99.74414062
09:10:14,91282CKK6,TSRYS5793014,D,S,D,2024-04-30,2000000.00,5.011132,99.74414062
09:10:14,91282CKK6,TSRYS5793014,D,S,T,2024-04-30,2000000.00,5.011132,99.74414062
09:10:15,91282CKK6,TSRYS5793014,D,S,D,2024-04-30,8350000.00,4.874916,100.0
09:10:15,91282CKK6,TSRYS5793014,D,S,D,2024-04-30,20900000.00,4.874916,100.0
09:10:15,91282CKK6,TSRYS5793014,D,S,D,2024-04-30,4200000.00,4.874916,100.0
09:10:15,91282CKK6,TSRYS5793014,D,S,D,2024-04-30,20900000.00,4.874916,100.0
09:10:15,91282CKK6,TSRYS5793014,D,S,D,2024-04-30,16750000.00,4.874916,100.0
09:10:15,91282CKK6,TSRYS5793014,D,S,D,2024-04-30,41850000.00,4.874916,100.0
09:10:15,91282CKK6,TSRYS5793014,D,S,T,2024-04-30,1000000.00,5.011132,99.74414062
09:10:15,91282CKK6,TSRYS5793014,D,S,D,2024-04-30,1000000.00,5.011132,99.74414062
09:10:15,91282CKK6,TSRYS5793014,D,S,C,2024-04-30,1000000.00,5.011132,99.74414062
09:10:16,91282CKK6,TSRYS5793014,D,S,C,2024-04-30,1000000.00,5.01009,99.74609375
09:10:16,91282CKK6,TSRYS5793014,D,B,C,2024-04-30,1000000.00,5.01009,99.74609375
09:10:16,91282CKK6,TSRYS5793014,D,S,C,2024-04-30,1000000.00,5.00993,99.74639375
09:10:16,91282CKK6,TSRYS5793014,D,B,C,2024-04-30,1000000.00,5.01009,99.74609375
09:10:16,91282CKK6,TSRYS5793014,D,S,D,2024-04-30,1000000.00,5.01009,99.74609375
09:10:16,91282CKK6,TSRYS5793014,D,S,D,2024-04-30,2000000.00,5.006966,99.751953125
09:10:16,91282CKK6,TSRYS5793014,D,S,C,2024-04-30,1000000.00,5.012173,99.7421875
09:10:16,91282CKK6,TSRYS5793014,D,B,C,2024-04-30,1000000.00,5.012293,99.7419625
09:10:17,91282CKK6,TSRYS5793014,D,B,C,2024-04-30,2000000.00,5.006966,99.751953125
09:10:17,91282CKK6,TSRYS5793014,D,S,C,2024-04-30,2000000.00,5.006966,99.751953125
09:10:18,91282CKK6,TSRYS5793014,D,S,C,2024-04-30,1000000.00,5.009049,99.748046875
09:10:18,91282CKK6,TSRYS5793014,D,S,T,2024-04-30,2000000.00,5.006966,99.751953125
09:10:18,91282CKK6,TSRYS5793014,D,B,C,2024-04-30,1000000.00,5.008007,99.75
09:10:18,91282CKK6,TSRYS5793014,D,S,D,2024-04-30,1000000.00,5.008007,99.75
09:10:18,91282CKK6,TSRYS5793014,D,B,C,2024-04-30,1000000.00,5.006966,99.751953125
09:10:18,91282CKK6,TSRYS5793014,D,S,D,2024-04-30,1000000.00,5.006966,99.751953125
09:10:18,91282CKK6,TSRYS5793014,D,B,C,2024-04-30,2000000.00,5.006966,99.751953125
09:10:18,91282CKK6,TSRYS5793014,D,S,D,2024-04-30,2000000.00,5.006966,99.751953125
09:10:19,91282CKK6,TSRYS5793014,D,S,C,2024-04-30,1000000.00,5.006966,99.751953125
09:10:19,91282CKK6,TSRYS5793014,D,S,D,2024-04-30,1000000.00,5.006966,99.751953125
09:10:20,91282CKK6,TSRYS5793014,D,S,D,2024-04-30,2000000.00,5.011132,99.74414062
09:10:24,91282CKK6,TSRYS5793014,D,B,C,2024-04-30,1000000.00,5.005925,99.75390625
09:10:24,91282CKK6,TSRYS5793014,D,S,D,2024-04-30,1000000.00,5.005925,99.75390625
09:10:24,91282CKK6,TSRYS5793014,D,S,C,2024-04-30,1000000.00,5.005818,99.75410625
09:10:24,91282CKK6,TSRYS5793014,D,S,D,2024-04-30,1000000.00,5.005925,99.75390625
09:10:26,91282CKK6,TSRYS5793014,D,S,A,2024-04-30,80000.00,5.008007,99.75
09:10:27,91282CKK6,TSRYS5793014,D,S,D,2024-04-30,1000000.00,5.004883,99.755859375
09:10:27,91282CKK6,TSRYS5793014,D,B,C,2024-04-30,1000000.00,5.004883,99.755859375
09:10:27,91282CKK6,TSRYS5793014,D,S,D,2024-04-30,1000000.00,5.004883,99.755859375
09:10:27,91282CKK6,TSRYS5793014,D,B,C,2024-04-30,1000000.00,5.004883,99.755859375
09:10:27,91282CKK6,TSRYS5793014,D,B,C,2024-04-30,1000000.00,5.004883,99.755859375
09:10:27,91282CKK6,TSRYS5793014,D,S,C,2024-04-30,1000000.00,5.004883,99.755859375
09:10:28,91282CKK6,TSRYS5793014,D,S,D,2024-04-30,1000000.00,5.004883,99.755859375
09:10:28,91282CKK6,TSRYS5793014,D,S,D,2024-04-30,1000000.00,5.004883,99.755859375
09:10:29,91282CKK6,TSRYS5793014,D,S,D,2024-04-30,1000000.00,5.005925,99.75390625
09:10:29,91282CKK6,TSRYS5793014,D,S,D,2024-04-30,1000000.00,5.005925,99.75390625
09:10:29,91282CKK6,TSRYS5793014,D,B,C,2024-04-30,1000000.00,5.005925,99.75390625
09:10:30,91282CKK6,TSRYS5793014,D,S,D,2024-04-30,1000000.00,5.005925,99.75390625
09:10:33,91282CKK6,TSRYS5793014,D,S,C,2024-04-30,1000000.00,5.005925,99.75390625
09:10:33,91282CKK6,TSRYS5793014,D,B,C,2024-04-30,1000000.00,5.005925,99.75390625
09:10:33,91282CKK6,TSRYS5793014,D,S,C,2024-04-30,2000000.00,5.006966,99.751953125
09:10:33,91282CKK6,TSRYS5793014,D,B,C,2024-04-30,2000000.00,5.006966,99.751953125
09:10:33,91282CKK6,TSRYS5793014,D,S,C,2024-04-30,1000000.00,5.006966,99.751953125
09:10:33,91282CKK6,TSRYS5793014,D,B,C,2024-04-30,1000000.00,5.006966,99.751953125
09:10:33,91282CKK6,TSRYS5793014,D,B,C,2024-04-30,1000000.00,5.006966,99.751953125
09:10:33,91282CKK6,TSRYS5793014,D,S,C,2024-04-30,1000000.00,5.006966,99.751953125
09:10:33,91282CKK6,TSRYS5793014,D,B,C,2024-04-30,2000000.00,5.005925,99.75390625
09:10:33,91282CKK6,TSRYS5793014,D,S,C,2024-04-30,2000000.00,5.005925,99.75390625
09:10:34,91282CKK6,TSRYS5793014,D,B,C,2024-04-30,2000000.00,5.005925,99.75390625
09:10:34,91282CKK6,TSRYS5793014,D,S,C,2024-04-30,2000000.00,5.005925,99.75390625
09:10:34,91282CKK6,TSRYS5793014,D,S,C,2024-04-30,1000000.00,5.005925,99.75390625
09:10:34,91282CKK6,TSRYS5793014,D,B,C,2024-04-30,1000000.00,5.005925,99.75390625
09:10:34,91282CKK6,TSRYS5793014,D,B,C,2024-04-30,1000000.00,5.005925,99.75390625
09:10:34,91282CKK6,TSRYS5793014,D,S,C,2024-04-30,1000000.00,5.005925,99.75390625
09:10:34,91282CKK6,TSRYS5793014,D,S,T,2024-04-30,1000000.00,5.005925,99.75390625
09:10:34,91282CKK6,TSRYS5793014,D,B,C,2024-04-30,1000000.00,5.004883,99.755859375
09:10:34,91282CKK6,TSRYS5793014,D,S,C,2024-04-30,1000000.00,5.004883,99.755859375
09:10:34,91282CKK6,TSRYS5793014,D,B,C,2024-04-30,1000000.00,5.01009,99.74609375
09:10:34,91282CKK6,TSRYS5793014,D,S,D,2024-04-30,1000000.00,5.010036,99.74619575
09:10:34,91282CKK6,TSRYS5793014,D,S,C,2024-04-30,1000000.00,5.00993,99.74639375
09:10:34,91282CKK6,TSRYS5793014,D,S,D,2024-04-30,1000000.00,5.01009,99.74609375
09:10:34,91282CKK6,TSRYS5793014,D,B,C,2024-04-30,1000000.00,5.01009,99.74609375
09:10:34,91282CKK6,TSRYS5793014,D,S,C,2024-04-30,1000000.00,5.00483,99.755959375
09:10:34,91282CKK6,TSRYS5793014,D,B,C,2024-04-30,1000000.00,5.01009,99.74609375
09:10:34,91282CKK6,TSRYS5793014,D,B,C,2024-04-30,1000000.00,5.004883,99.755859375
09:10:34,91282CKK6,TSRYS5793014,D,S,D,2024-04-30,1000000.00,5.01009,99.74609375
09:10:34,91282CKK6,TSRYS5793014,D,B,C,2024-04-30,1000000.00,5.01009,99.74609375
09:10:35,91282CKK6,TSRYS5793014,D,S,C,2024-04-30,1000000.00,5.01009,99.74609375
09:10:35,91282CKK6,TSRYS5793014,D,B,C,2024-04-30,1000000.00,5.01009,99.74609375
09:10:35,91282CKK6,TSRYS5793014,D,S,D,2024-04-30,1000000.00,5.01009,99.74609375
09:10:35,91282CKK6,TSRYS5793014,D,B,C,2024-04-30,1000000.00,5.01009,99.74609375
09:10:37,91282CKK6,TSRYS5793014,D,B,C,2024-04-30,2000000.00,5.004883,99.755859375
09:10:37,91282CKK6,TSRYS5793014,D,S,C,2024-04-30,2000000.00,5.004883,99.755859375
09:10:37,91282CKK6,TSRYS5793014,D,B,C,2024-04-30,1000000.00,5.004883,99.755859375
09:10:37,91282CKK6,TSRYS5793014,D,S,D,2024-04-30,1000000.00,5.004883,99.755859375
09:10:37,91282CKK6,TSRYS5793014,D,B,C,2024-04-30,2000000.00,5.004883,99.755859375
09:10:37,91282CKK6,TSRYS5793014,D,S,D,2024-04-30,2000000.00,5.004883,99.755859375
09:10:39,91282CKK6,TSRYS5793014,D,B,C,2024-04-30,1000000.00,5.006966,99.751953125
09:10:39,91282CKK6,TSRYS5793014,D,S,D,2024-04-30,2000000.00,5.011132,99.74414062
09:10:39,91282CKK6,TSRYS5793014,D,S,D,2024-04-30,1000000.00,5.006966,99.751953125
09:10:39,91282CKK6,TSRYS5793014,D,S,D,2024-04-30,2000000.00,5.009049,99.74804687
09:10:39,91282CKK6,TSRYS5793014,D,S,D,2024-04-30,1000000.00,5.009049,99.74804687
09:10:39,91282CKK6,TSRYS5793014,D,S,D,2024-04-30,2000000.00,5.006966,99.75195312
09:10:39,91282CKK6,TSRYS5793014,D,B,C,2024-04-30,1000000.00,5.006966,99.751953125
09:10:39,91282CKK6,TSRYS5793014,D,S,C,2024-04-30,1000000.00,5.006966,99.751953125
09:10:40,91282CKK6,TSRYS5793014,D,S,C,2024-04-30,1000000.00,5.009049,99.74804687
09:10:40,91282CKK6,TSRYS5793014,D,S,D,2024-04-30,1000000.00,5.006966,99.75195312
09:10:41,91282CKK6,TSRYS5793014,D,S,T,2024-04-30,1000000.00,5.006966,99.75195312
09:10:42,91282CKK6,TSRYS5793014,D,S,T,2024-04-30,1000000.00,5.006966,99.75195312
09:10:42,91282CKK6,TSRYS5793014,D,S,T,2024-04-30,1000000.00,5.005925,99.75390625
09:10:42,91282CKK6,TSRYS5793014,D,S,T,2024-04-30,1000000.00,5.005925,99.75390625
09:10:43,91282CKK6,TSRYS5793014,D,S,D,2024-04-30,2000000.00,5.006966,99.75195312
09:10:43,91282CKK6,TSRYS5793014,D,S,D,2024-04-30,1000000.00,5.006966,99.75195312
09:10:44,91282CKK6,TSRYS5793014,D,S,D,2024-04-30,1000000.00,5.006966,99.75195312
09:10:45,91282CKK6,TSRYS5793014,D,S,T,2024-04-30,1000000.00,5.005925,99.75390625
09:10:46,91282CKK6,TSRYS5793014,D,S,D,2024-04-30,1000000.00,5.006966,99.75195312
09:10:46,91282CKK6,TSRYS5793014,D,S,D,2024-04-30,1000000.00,5.006966,99.75195312
09:10:46,91282CKK6,TSRYS5793014,D,S,C,2024-04-30,2000000.00,5.011132,99.74414062
09:10:48,91282CKK6,TSRYS5793014,D,S,T,2024-04-30,1000000.00,5.005925,99.75390625
09:10:48,91282CKK6,TSRYS5793014,D,S,T,2024-04-30,4000000.00,5.005925,99.75390625
09:10:48,91282CKK6,TSRYS5793014,D,S,D,2024-04-30,3000000.00,5.005925,99.75390625
09:10:48,91282CKK6,TSRYS5793014,D,S,T,2024-04-30,3000000.00,5.005925,99.75390625
09:10:48,91282CKK6,TSRYS5793014,D,B,C,2024-04-30,1000000.00,5.005925,99.75390625
09:10:48,91282CKK6,TSRYS5793014,D,S,D,2024-04-30,1000000.00,5.005925,99.75390625
09:10:48,91282CKK6,TSRYS5793014,D,S,D,2024-04-30,3000000.00,5.005925,99.75390625
09:10:48,91282CKK6,TSRYS5793014,D,S,D,2024-04-30,2000000.00,5.005925,99.75390625
09:10:48,91282CKK6,TSRYS5793014,D,S,D,2024-04-30,3000000.00,5.005925,99.75390625
09:10:48,91282CKK6,TSRYS5793014,D,B,C,2024-04-30,2000000.00,5.005925,99.75390625
09:10:48,91282CKK6,TSRYS5793014,D,S,D,2024-04-30,3000000.00,5.005925,99.75390625
09:10:48,91282CKK6,TSRYS5793014,D,S,D,2024-04-30,1000000.00,5.005925,99.75390625
09:10:49,91282CKK6,TSRYS5793014,D,S,D,2024-04-30,3000000.00,5.005925,99.75390625
09:10:49,91282CKK6,TSRYS5793014,D,S,D,2024-04-30,1000000.00,5.006966,99.75195312
09:10:49,91282CKK6,TSRYS5793014,D,B,C,2024-04-30,1000000.00,5.01009,99.74609375
09:10:49,91282CKK6,TSRYS5793014,D,S,D,2024-04-30,1000000.00,5.01009,99.74609375
09:10:49,91282CKK6,TSRYS5793014,D,S,D,2024-04-30,1000000.00,5.01009,99.74609375
09:10:52,91282CKK6,TSRYS5793014,D,S,D,2024-04-30,1000000.00,5.005925,99.75390625
09:10:53,91282CKK6,TSRYS5793014,D,S,D,2024-04-30,4000000.00,5.005925,99.75390625
09:10:53,91282CKK6,TSRYS5793014,D,S,D,2024-04-30,3000000.00,5.005925,99.75390625
09:10:53,91282CKK6,TSRYS5793014,D,B,C,2024-04-30,5000000.00,5.005925,99.75390625
09:10:53,91282CKK6,TSRYS5793014,D,S,D,2024-04-30,5000000.00,5.005925,99.75390625
09:10:53,91282CKK6,TSRYS5793014,D,B,C,2024-04-30,3000000.00,5.005925,99.75390625
09:10:53,91282CKK6,TSRYS5793014,D,S,D,2024-04-30,3000000.00,5.005925,99.75390625
09:10:55,91282CKK6,TSRYS5793014,D,S,C,2024-04-30,2000000.00,5.011132,99.74414062
09:11:00,91282CKK6,TSRYS5793014,D,B,C,2024-04-30,4000000.00,5.004883,99.755859375
09:11:00,91282CKK6,TSRYS5793014,D,B,C,2024-04-30,1000000.00,5.004883,99.755859375
09:11:00,91282CKK6,TSRYS5793014,D,S,D,2024-04-30,4000000.00,5.004883,99.755859375
09:11:00,91282CKK6,TSRYS5793014,D,S,C,2024-04-30,1000000.00,5.004883,99.755859375
09:11:03,91282CKK6,TSRYS5793014,D,S,D,2024-04-30,315000.00,5.008007,99.75
09:11:04,91282CKK6,TSRYS5793014,D,B,C,2024-04-30,1000000.00,5.003842,99.7578125
09:11:04,91282CKK6,TSRYS5793014,D,B,C,2024-04-30,3000000.00,5.003895,99.7577125
09:11:04,91282CKK6,TSRYS5793014,D,S,D,2024-04-30,5000000.00,5.003842,99.7578125
09:11:04,91282CKK6,TSRYS5793014,D,S,C,2024-04-30,1000000.00,5.006966,99.751953125
09:11:04,91282CKK6,TSRYS5793014,D,B,C,2024-04-30,1000000.00,5.006966,99.751753125
09:11:04,91282CKK6,TSRYS5793014,D,S,C,2024-04-30,1000000.00,5.006966,99.751953125
09:11:04,91282CKK6,TSRYS5793014,D,B,C,2024-04-30,1000000.00,5.006966,99.751753125
09:11:04,91282CKK6,TSRYS5793014,D,S,C,2024-04-30,1000000.00,5.006966,99.751953125
09:11:04,91282CKK6,TSRYS5793014,D,B,C,2024-04-30,1000000.00,5.006966,99.751753125
09:11:07,91282CKK6,TSRYS5793014,D,S,T,2024-04-30,1000000.00,5.003842,99.7578125
09:11:07,91282CKK6,TSRYS5793014,D,S,T,2024-04-30,1000000.00,5.003842,99.7578125
09:11:08,91282CKK6,TSRYS5793014,D,S,C,2024-04-30,25000.00,5.003842,99.7578125
09:11:08,91282CKK6,TSRYS5793014,D,S,C,2024-04-30,50000.00,5.003842,99.7578125
09:11:08,91282CKK6,TSRYS5793014,D,S,C,2024-04-30,30000.00,5.003842,99.7578125
09:11:08,91282CKK6,TSRYS5793014,D,S,C,2024-04-30,20000.00,5.003842,99.7578125
09:11:08,91282CKK6,TSRYS5793014,D,S,C,2024-04-30,50000.00,5.001609,99.762
09:11:09,91282CKK6,TSRYS5793014,D,S,D,2024-04-30,1000000.00,5.003842,99.7578125
09:11:09,91282CKK6,TSRYS5793014,D,B,C,2024-04-30,1000000.00,5.003842,99.7578125
09:11:09,91282CKK6,TSRYS5793014,D,S,D,2024-04-30,1000000.00,5.003842,99.7578125
09:11:12,91282CKK6,TSRYS5793014,D,S,T,2024-04-30,1000000.00,5.003842,99.7578125
09:11:12,91282CKK6,TSRYS5793014,D,S,D,2024-04-30,30000.00,5.003842,99.7578125
09:11:13,91282CKK6,TSRYS5793014,D,S,D,2024-04-30,1000000.00,5.011132,99.74414062
09:11:13,91282CKK6,TSRYS5793014,D,S,D,2024-04-30,1000000.00,5.011132,99.74414062
09:11:13,91282CKK6,TSRYS5793014,D,S,D,2024-04-30,2000000.00,5.011132,99.74414062
09:11:13,91282CKK6,TSRYS5793014,D,S,T,2024-04-30,2000000.00,5.011132,99.74414062
09:11:13,91282CKK6,TSRYS5793014,D,S,T,2024-04-30,2000000.00,5.011132,99.74414062
09:11:15,91282CKK6,TSRYS5793014,D,S,C,2024-04-30,30000.00,5.003842,99.757812
09:11:15,91282CKK6,TSRYS5793014,D,S,C,2024-04-30,2000000.00,5.011132,99.74414062
09:11:15,91282CKK6,TSRYS5793014,D,S,T,2024-04-30,2000000.00,5.011132,99.74414062
09:11:17,91282CKK6,TSRYS5793014,D,S,D,2024-04-30,1000000.00,5.003842,99.7578125
09:11:17,91282CKK6,TSRYS5793014,D,B,C,2024-04-30,1000000.00,5.003842,99.7578125
09:11:17,91282CKK6,TSRYS5793014,D,S,D,2024-04-30,1000000.00,5.003842,99.7578125
09:11:17,91282CKK6,TSRYS5793014,D,B,C,2024-04-30,1000000.00,5.003842,99.7578125
09:11:17,91282CKK6,TSRYS5793014,D,S,D,2024-04-30,1000000.00,5.003842,99.7578125
09:11:17,91282CKK6,TSRYS5793014,D,S,D,2024-04-30,2000000.00,5.011132,99.74414062
09:11:17,91282CKK6,TSRYS5793014,D,S,C,2024-04-30,2000000.00,5.011132,99.74414062
09:11:17,91282CKK6,TSRYS5793014,D,S,D,2024-04-30,1000000.00,5.011132,99.74414062
09:11:17,91282CKK6,TSRYS5793014,D,S,D,2024-04-30,1000000.00,5.011132,99.74414062
09:11:17,91282CKK6,TSRYS5793014,D,S,D,2024-04-30,1000000.00,5.006966,99.75195312
09:11:17,91282CKK6,TSRYS5793014,D,S,C,2024-04-30,1000000.00,5.006966,99.75195312
09:11:17,91282CKK6,TSRYS5793014,D,S,T,2024-04-30,1000000.00,5.003842,99.7578125
09:11:19,91282CKK6,TSRYS5793014,D,S,D,2024-04-30,2000000.00,5.006966,99.75195312
09:11:19,91282CKK6,TSRYS5793014,D,S,T,2024-04-30,2000000.00,5.011132,99.74414062
09:11:20,91282CKK6,TSRYS5793014,D,S,C,2024-04-30,1000000.00,5.005925,99.75390625
09:11:20,91282CKK6,TSRYS5793014,D,B,C,2024-04-30,1000000.00,5.005925,99.75390625
09:11:20,91282CKK6,TSRYS5793014,D,S,C,2024-04-30,1000000.00,5.005925,99.75390625
09:11:20,91282CKK6,TSRYS5793014,D,B,C,2024-04-30,1000000.00,5.005925,99.75390625
09:11:20,91282CKK6,TSRYS5793014,D,S,C,2024-04-30,1000000.00,5.005925,99.75390625
09:11:20,91282CKK6,TSRYS5793014,D,S,C,2024-04-30,1000000.00,5.005925,99.75390625
09:11:20,91282CKK6,TSRYS5793014,D,B,C,2024-04-30,1000000.00,5.005925,99.75390625
09:11:20,91282CKK6,TSRYS5793014,D,S,C,2024-04-30,1000000.00,5.005925,99.75390625
09:11:20,91282CKK6,TSRYS5793014,D,B,C,2024-04-30,1000000.00,5.005925,99.75390625
09:11:20,91282CKK6,TSRYS5793014,D,S,C,2024-04-30,1000000.00,5.005925,99.75390625
09:11:20,91282CKK6,TSRYS5793014,D,S,C,2024-04-30,1000000.00,5.005925,99.75390625
09:11:20,91282CKK6,TSRYS5793014,D,B,C,2024-04-30,1000000.00,5.005925,99.75390625
09:11:23,91282CKK6,TSRYS5793014,D,B,C,2024-04-30,1000000.00,5.003842,99.7578125
09:11:23,91282CKK6,TSRYS5793014,D,S,C,2024-04-30,1000000.00,5.003842,99.7578125
09:11:23,91282CKK6,TSRYS5793014,D,S,T,2024-04-30,1000000.00,5.003842,99.7578125
09:11:24,91282CKK6,TSRYS5793014,D,B,C,2024-04-30,1000000.00,5.003842,99.7578125
09:11:24,91282CKK6,TSRYS5793014,D,S,C,2024-04-30,1000000.00,5.003842,99.7578125
09:11:24,91282CKK6,TSRYS5793014,D,S,C,2024-04-30,1000000.00,5.003842,99.7578125
09:11:24,91282CKK6,TSRYS5793014,D,S,C,2024-04-30,1000000.00,5.003842,99.7578125
09:11:24,91282CKK6,TSRYS5793014,D,B,C,2024-04-30,1000000.00,5.003842,99.7578125
09:11:24,91282CKK6,TSRYS5793014,D,B,C,2024-04-30,1000000.00,5.003842,99.7578125
09:11:24,91282CKK6,TSRYS5793014,D,S,C,2024-04-30,1000000.00,5.003842,99.7578125
09:11:24,91282CKK6,TSRYS5793014,D,B,C,2024-04-30,1000000.00,5.003842,99.7578125
09:11:31,91282CKK6,TSRYS5793014,D,S,T,2024-04-30,1000000.00,5.003842,99.7578125
09:11:31,91282CKK6,TSRYS5793014,D,S,C,2024-04-30,1000000.00,5.003735,99.7580125
09:11:35,91282CKK6,TSRYS5793014,D,S,D,2024-04-30,1000000.00,5.008007,99.75
09:11:35,91282CKK6,TSRYS5793014,D,S,D,2024-04-30,1000000.00,5.008007,99.75
09:11:35,91282CKK6,TSRYS5793014,D,B,C,2024-04-30,1000000.00,5.008007,99.75
09:11:35,91282CKK6,TSRYS5793014,D,B,C,2024-04-30,1000000.00,5.008007,99.75
09:11:35,91282CKK6,TSRYS5793014,D,B,C,2024-04-30,1000000.00,5.008007,99.75
09:11:35,91282CKK6,TSRYS5793014,D,S,D,2024-04-30,1000000.00,5.008007,99.75
09:11:35,91282CKK6,TSRYS5793014,D,B,C,2024-04-30,1000000.00,5.008007,99.75
09:11:35,91282CKK6,TSRYS5793014,D,S,D,2024-04-30,1000000.00,5.008007,99.75
09:11:35,91282CKK6,TSRYS5793014,D,S,D,2024-04-30,1000000.00,5.007953,99.750102
09:11:35,91282CKK6,TSRYS5793014,D,B,C,2024-04-30,1000000.00,5.008007,99.75
09:11:36,91282CKK6,TSRYS5793014,D,S,D,2024-04-30,1000000.00,5.005925,99.75390625
09:11:36,91282CKK6,TSRYS5793014,D,S,C,2024-04-30,2000000.00,5.005765,99.75420625
09:11:36,91282CKK6,TSRYS5793014,D,B,C,2024-04-30,2000000.00,5.005925,99.75390625
09:11:41,91282CKK6,TSRYS5793014,D,S,C,2024-04-30,2000000.00,5.011132,99.74414062
09:11:43,91282CKK6,TSRYS5793014,D,S,D,2024-04-30,2000000.00,5.011132,99.74414062
09:11:43,91282CKK6,TSRYS5793014,D,S,T,2024-04-30,1000000.00,5.011132,99.74414062
09:11:43,91282CKK6,TSRYS5793014,D,S,D,2024-04-30,1000000.00,5.011132,99.74414062
09:11:44,91282CKK6,TSRYS5793014,D,S,D,2024-04-30,1000000.00,5.011132,99.74414062
09:11:44,91282CKK6,TSRYS5793014,D,S,T,2024-04-30,2000000.00,5.011132,99.74414062
09:11:48,91282CKK6,TSRYS5793014,D,S,D,2024-04-30,328000.00,5.003842,99.7578125
09:11:51,91282CKK6,TSRYS5793014,D,S,C,2024-04-30,2000000.00,5.005925,99.75390625
09:11:51,91282CKK6,TSRYS5793014,D,S,C,2024-04-30,1000000.00,5.005925,99.75390625
09:11:51,91282CKK6,TSRYS5793014,D,B,C,2024-04-30,1000000.00,5.005925,99.75390625
09:11:51,91282CKK6,TSRYS5793014,D,B,C,2024-04-30,2000000.00,5.005925,99.75390625
09:11:51,91282CKK6,TSRYS5793014,D,S,C,2024-04-30,1000000.00,5.003842,99.7578125
09:11:51,91282CKK6,TSRYS5793014,D,S,D,2024-04-30,1000000.00,5.003842,99.7578125
09:11:51,91282CKK6,TSRYS5793014,D,S,D,2024-04-30,1000000.00,5.003842,99.7578125
09:11:51,91282CKK6,TSRYS5793014,D,B,C,2024-04-30,1000000.00,5.003842,99.7578125
09:11:51,91282CKK6,TSRYS5793014,D,B,C,2024-04-30,2000000.00,5.003842,99.7578125
09:11:51,91282CKK6,TSRYS5793014,D,B,C,2024-04-30,2000000.00,5.003842,99.7578125
09:11:51,91282CKK6,TSRYS5793014,D,S,D,2024-04-30,2000000.00,5.003842,99.7578125
09:11:51,91282CKK6,TSRYS5793014,D,B,C,2024-04-30,1000000.00,5.003842,99.7578125
09:11:51,91282CKK6,TSRYS5793014,D,S,D,2024-04-30,1000000.00,5.003842,99.7578125
09:11:51,91282CKK6,TSRYS5793014,D,S,D,2024-04-30,2000000.00,5.003842,99.7578125
09:11:56,91282CKK6,TSRYS5793014,D,S,T,2024-04-30,1000000.00,5.003842,99.7578125
09:12:06,91282CKK6,TSRYS5793014,D,S,C,2024-04-30,1000000.00,5.003749,99.7579875
09:12:06,91282CKK6,TSRYS5793014,D,B,C,2024-04-30,1000000.00,5.003842,99.7578125
09:12:06,91282CKK6,TSRYS5793014,D,S,T,2024-04-30,1000000.00,5.003842,99.7578125
09:12:06,91282CKK6,TSRYS5793014,D,S,D,2024-04-30,3000000.00,5.003842,99.7578125
09:12:06,91282CKK6,TSRYS5793014,D,B,C,2024-04-30,1000000.00,5.003842,99.7578125
09:12:06,91282CKK6,TSRYS5793014,D,B,C,2024-04-30,3000000.00,5.003842,99.7578125
09:12:06,91282CKK6,TSRYS5793014,D,S,C,2024-04-30,1000000.00,5.003842,99.7578125
09:12:11,91282CKK6,TSRYS5793014,D,S,T,2024-04-30,1000000.00,5.003842,99.7578125
09:12:12,91282CKK6,TSRYS5793014,D,B,C,2024-04-30,2000000.00,5.003842,99.7578125
09:12:12,91282CKK6,TSRYS5793014,D,B,C,2024-04-30,1000000.00,5.003842,99.7578125
09:12:12,91282CKK6,TSRYS5793014,D,B,C,2024-04-30,2000000.00,5.003842,99.7578125
09:12:12,91282CKK6,TSRYS5793014,D,S,C,2024-04-30,2000000.00,5.003842,99.7578125
09:12:12,91282CKK6,TSRYS5793014,D,S,C,2024-04-30,2000000.00,5.003842,99.7578125
09:12:12,91282CKK6,TSRYS5793014,D,S,C,2024-04-30,1000000.00,5.003842,99.7578125
09:12:17,91282CKK6,TSRYS5793014,D,S,T,2024-04-30,1000000.00,5.003842,99.7578125
09:12:18,91282CKK6,TSRYS5793014,D,S,D,2024-04-30,5000000.00,5.003842,99.7578125
09:12:19,91282CKK6,TSRYS5793014,D,S,C,2024-04-30,100000.00,5.003842,99.7578125
09:12:21,91282CKK6,TSRYS5793014,D,B,C,2024-04-30,1000000.00,5.003842,99.7578125
09:12:21,91282CKK6,TSRYS5793014,D,S,D,2024-04-30,1000000.00,5.003842,99.7578125
09:12:21,91282CKK6,TSRYS5793014,D,B,C,2024-04-30,1000000.00,5.003842,99.7578125
09:12:21,91282CKK6,TSRYS5793014,D,S,D,2024-04-30,1000000.00,5.003842,99.7578125
09:12:23,91282CKK6,TSRYS5793014,D,S,D,2024-04-30,100000.00,5.003842,99.7578125
09:12:23,91282CKK6,TSRYS5793014,D,S,C,2024-04-30,1000000.00,5.003735,99.7580125
09:12:31,91282CKK6,TSRYS5793014,D,S,C,2024-04-30,2000000.00,5.003842,99.7578125
09:12:31,91282CKK6,TSRYS5793014,D,S,D,2024-04-30,1000000.00,5.003842,99.7578125
09:12:31,91282CKK6,TSRYS5793014,D,S,T,2024-04-30,1000000.00,5.003948,99.7576125
09:12:31,91282CKK6,TSRYS5793014,D,S,T,2024-04-30,1000000.00,5.003842,99.7578125
09:12:36,91282CKK6,TSRYS5793014,D,S,D,2024-04-30,1000000.00,5.003842,99.7578125
09:12:36,91282CKK6,TSRYS5793014,D,B,C,2024-04-30,1000000.00,5.003842,99.7578125
09:12:36,91282CKK6,TSRYS5793014,D,S,D,2024-04-30,1000000.00,5.003842,99.7578125
09:12:36,91282CKK6,TSRYS5793014,D,B,C,2024-04-30,1000000.00,5.003842,99.7578125
09:12:36,91282CKK6,TSRYS5793014,D,B,C,2024-04-30,2000000.00,5.003842,99.7578125
09:12:36,91282CKK6,TSRYS5793014,D,S,D,2024-04-30,1000000.00,5.003842,99.7578125
09:12:36,91282CKK6,TSRYS5793014,D,S,D,2024-04-30,1000000.00,5.003842,99.7578125
09:12:36,91282CKK6,TSRYS5793014,D,S,D,2024-04-30,2000000.00,5.003842,99.7578125
09:12:39,91282CKK6,TSRYS5793014,D,B,A,2024-04-30,1800000.00,4.999677,99.765625
09:12:39,91282CKK6,TSRYS5793014,D,S,A,2024-04-30,1800000.00,4.999677,99.765625
09:12:41,91282CKK6,TSRYS5793014,D,S,T,2024-04-30,1000000.00,5.003948,99.7576125
09:12:42,91282CKK6,TSRYS5793014,D,S,D,2024-04-30,960000.00,5.008007,99.75
09:12:53,91282CKK6,TSRYS5793014,D,B,C,2024-04-30,1000000.00,5.003842,99.7578125
09:12:53,91282CKK6,TSRYS5793014,D,S,C,2024-04-30,1000000.00,5.003842,99.7578125
09:12:54,91282CKK6,TSRYS5793014,D,B,C,2024-04-30,3000000.00,5.003842,99.7578125
09:12:54,91282CKK6,TSRYS5793014,D,S,D,2024-04-30,3000000.00,5.003842,99.7578125
09:12:54,91282CKK6,TSRYS5793014,D,S,D,2024-04-30,1000000.00,5.003842,99.7578125
09:12:54,91282CKK6,TSRYS5793014,D,S,D,2024-04-30,1000000.00,5.003842,99.7578125
09:12:54,91282CKK6,TSRYS5793014,D,S,D,2024-04-30,1000000.00,5.003842,99.7578125
09:13:05,91282CKK6,TSRYS5793014,D,S,D,2024-04-30,45000.00,5.003829,99.75783736341
09:13:06,91282CKK6,TSRYS5793014,D,S,D,2024-04-30,1000000.00,5.003842,99.7578125
09:13:16,91282CKK6,TSRYS5793014,D,S,C,2024-04-30,1000000.00,5.002801,99.759765625
09:13:16,91282CKK6,TSRYS5793014,D,B,C,2024-04-30,1000000.00,5.002801,99.759765625
09:13:19,91282CKK6,TSRYS5793014,D,B,C,2024-04-30,1000000.00,5.002801,99.759765625
09:13:19,91282CKK6,TSRYS5793014,D,S,D,2024-04-30,1000000.00,5.002801,99.759765625
09:13:20,91282CKK6,TSRYS5793014,D,B,C,2024-04-30,1000000.00,5.002801,99.759765625
09:13:20,91282CKK6,TSRYS5793014,D,S,C,2024-04-30,1000000.00,5.002801,99.759765625
09:13:20,91282CKK6,TSRYS5793014,D,S,D,2024-04-30,1000000.00,5.002801,99.759765625
09:13:20,91282CKK6,TSRYS5793014,D,S,D,2024-04-30,1000000.00,5.002801,99.759765625
09:13:20,91282CKK6,TSRYS5793014,D,S,D,2024-04-30,2000000.00,5.002801,99.759765625
09:13:20,91282CKK6,TSRYS5793014,D,S,C,2024-04-30,2000000.00,5.002747,99.759865625
09:13:24,91282CKK6,TSRYS5793014,D,S,T,2024-04-30,6000000.00,5.002801,99.759765625
09:13:24,91282CKK6,TSRYS5793014,D,S,T,2024-04-30,1000000.00,5.001759,99.76171875
09:13:24,91282CKK6,TSRYS5793014,D,S,D,2024-04-30,2000000.00,5.002801,99.759765625
09:13:26,91282CKK6,TSRYS5793014,D,S,D,2024-04-30,2510000.00,5.002801,99.759765625
09:13:26,91282CKK6,TSRYS5793014,D,S,D,2024-04-30,2000000.00,5.001759,99.76171875
09:13:27,91282CKK6,TSRYS5793014,D,S,C,2024-04-30,1000000.00,5.001759,99.76171875
09:13:27,91282CKK6,TSRYS5793014,D,B,C,2024-04-30,1000000.00,5.001759,99.76171875
09:13:27,91282CKK6,TSRYS5793014,D,S,D,2024-04-30,1000000.00,5.001693,99.76184375
