tradeTime,cusip,issueSymbolIdentifier,priceType,reportingSideCode,contraPartyTypeCode,tradeDate,reportedTradeVolume,lastSaleYield,lastSalePrice
08:00:02,91282CLB5,TSRYS5850286,D,S,D,2024-08-20,2000000.00,4.053986,100.591796875
08:00:02,91282CLB5,TSRYS5850286,D,S,D,2024-08-20,2000000.00,4.053986,100.591796875
08:00:02,91282CLB5,TSRYS5850286,D,S,D,2024-08-20,4000000.00,4.053986,100.591796875
08:00:02,91282CLB5,TSRYS5850286,D,S,D,2024-08-20,3000000.00,4.059243,100.58203125
08:00:02,91282CLB5,TSRYS5850286,D,S,D,2024-08-20,2000000.00,4.059243,100.58203125
08:00:02,91282CLB5,TSRYS5850286,D,S,D,2024-08-20,3000000.00,4.059243,100.58203125
08:00:02,91282CLB5,TSRYS5850286,D,S,T,2024-08-20,1000000.00,4.050833,100.59765625
08:00:02,91282CLB5,TSRYS5850286,D,S,T,2024-08-20,4000000.00,4.056089,100.587890625
08:00:02,91282CLB5,TSRYS5850286,D,S,D,2024-08-20,1000000.00,4.056089,100.587890625
08:00:02,91282CLB5,TSRYS5850286,D,S,D,2024-08-20,1000000.00,4.056089,100.587890625
08:00:02,91282CLB5,TSRYS5850286,D,S,D,2024-08-20,500000.00,4.05714,100.5859375
08:00:02,91282CLB5,TSRYS5850286,D,S,D,2024-08-20,3000000.00,4.051884,100.595703125
08:00:02,91282CLB5,TSRYS5850286,D,S,D,2024-08-20,1000000.00,4.050833,100.59765625
08:00:02,91282CLB5,TSRYS5850286,D,S,T,2024-08-20,1000000.00,4.050833,100.59765625
08:00:02,91282CLB5,TSRYS5850286,D,S,T,2024-08-20,1000000.00,4.050833,100.59765625
08:00:02,91282CLB5,TSRYS5850286,D,S,D,2024-08-20,2000000.00,4.046629,100.60546875
08:00:02,91282CLB5,TSRYS5850286,D,S,D,2024-08-20,1000000.00,4.046629,100.60546875
08:00:02,91282CLB5,TSRYS5850286,D,S,D,2024-08-20,2000000.00,4.045578,100.607421875
08:00:02,91282CLB5,TSRYS5850286,D,S,D,2024-08-20,1000000.00,4.045578,100.607421875
08:00:02,91282CLB5,TSRYS5850286,D,S,D,2024-08-20,1000000.00,4.045578,100.607421875
08:00:02,91282CLB5,TSRYS5850286,D,S,T,2024-08-20,1000000.00,4.045578,100.607421875
08:00:02,91282CLB5,TSRYS5850286,D,S,D,2024-08-20,2000000.00,4.045578,100.607421875
08:00:05,91282CLB5,TSRYS5850286,D,S,T,2024-08-20,1000000.00,4.061345,100.578125
08:00:06,91282CLB5,TSRYS5850286,D,S,T,2024-08-20,1000000.00,4.059243,100.58203125
08:00:06,91282CLB5,TSRYS5850286,D,S,T,2024-08-20,1000000.00,4.060294,100.580078125
08:00:06,91282CLB5,TSRYS5850286,D,S,T,2024-08-20,1000000.00,4.060294,100.580078125
08:00:07,91282CLB5,TSRYS5850286,D,S,T,2024-08-20,1000000.00,4.062397,100.576171875
08:00:07,91282CLB5,TSRYS5850286,D,S,T,2024-08-20,1000000.00,4.063448,100.57421875
08:00:07,91282CLB5,TSRYS5850286,D,S,T,2024-08-20,1000000.00,4.063448,100.57421875
08:00:07,91282CLB5,TSRYS5850286,D,S,T,2024-08-20,1000000.00,4.063448,100.57421875
08:00:07,91282CLB5,TSRYS5850286,D,S,T,2024-08-20,1000000.00,4.063448,100.57421875
08:00:07,91282CLB5,TSRYS5850286,D,S,T,2024-08-20,1000000.00,4.063448,100.57421875
08:00:07,91282CLB5,TSRYS5850286,D,S,T,2024-08-20,1000000.00,4.063448,100.57421875
08:00:07,91282CLB5,TSRYS5850286,D,S,A,2024-08-20,5500000.00,4.061345,100.578125
08:00:11,91282CLB5,TSRYS5850286,D,S,T,2024-08-20,1000000.00,4.066603,100.568359375
08:00:11,91282CLB5,TSRYS5850286,D,S,T,2024-08-20,1000000.00,4.065551,100.5703125
08:00:11,91282CLB5,TSRYS5850286,D,S,T,2024-08-20,1000000.00,4.065551,100.5703125
08:00:11,91282CLB5,TSRYS5850286,D,S,T,2024-08-20,1000000.00,4.066603,100.568359375
08:00:11,91282CLB5,TSRYS5850286,D,S,T,2024-08-20,1000000.00,4.065551,100.5703125
08:00:11,91282CLB5,TSRYS5850286,D,S,T,2024-08-20,1000000.00,4.065551,100.5703125
08:00:11,91282CLB5,TSRYS5850286,D,S,T,2024-08-20,1000000.00,4.066603,100.568359375
08:00:11,91282CLB5,TSRYS5850286,D,S,T,2024-08-20,1000000.00,4.065551,100.5703125
08:00:11,91282CLB5,TSRYS5850286,D,S,T,2024-08-20,1000000.00,4.068706,100.564453125
08:00:11,91282CLB5,TSRYS5850286,D,S,T,2024-08-20,1000000.00,4.069757,100.5625
08:00:11,91282CLB5,TSRYS5850286,D,S,T,2024-08-20,1000000.00,4.069757,100.5625
08:00:11,91282CLB5,TSRYS5850286,D,S,T,2024-08-20,1000000.00,4.070809,100.560546875
08:00:11,91282CLB5,TSRYS5850286,D,S,T,2024-08-20,1000000.00,4.069757,100.5625
08:00:12,91282CLB5,TSRYS5850286,D,S,A,2024-08-20,5000000.00,4.061345,100.578125
08:00:12,91282CLB5,TSRYS5850286,D,S,C,2024-08-20,13000000.00,4.063448,100.57421875
08:00:12,91282CLB5,TSRYS5850286,D,S,T,2024-08-20,1000000.00,4.066603,100.568359375
08:00:12,91282CLB5,TSRYS5850286,D,S,T,2024-08-20,1000000.00,4.067654,100.56640625
08:00:12,91282CLB5,TSRYS5850286,D,S,D,2024-08-20,1000000.00,4.058191,100.583984375
08:00:12,91282CLB5,TSRYS5850286,D,S,D,2024-08-20,1000000.00,4.058191,100.583984375
08:00:12,91282CLB5,TSRYS5850286,D,S,T,2024-08-20,1000000.00,4.058191,100.583984375
08:00:12,91282CLB5,TSRYS5850286,D,S,T,2024-08-20,1000000.00,4.058191,100.583984375
08:00:12,91282CLB5,TSRYS5850286,D,S,T,2024-08-20,1000000.00,4.058191,100.583984375
08:00:12,91282CLB5,TSRYS5850286,D,S,T,2024-08-20,1000000.00,4.058191,100.583984375
08:00:12,91282CLB5,TSRYS5850286,D,S,D,2024-08-20,1000000.00,4.058191,100.583984375
08:00:12,91282CLB5,TSRYS5850286,D,S,T,2024-08-20,1000000.00,4.052935,100.59375
08:00:12,91282CLB5,TSRYS5850286,D,S,T,2024-08-20,1000000.00,4.052935,100.59375
08:00:12,91282CLB5,TSRYS5850286,D,S,T,2024-08-20,1000000.00,4.053986,100.591796875
08:00:12,91282CLB5,TSRYS5850286,D,S,T,2024-08-20,1000000.00,4.053986,100.591796875
08:00:12,91282CLB5,TSRYS5850286,D,S,T,2024-08-20,1000000.00,4.053986,100.591796875
08:00:12,91282CLB5,TSRYS5850286,D,S,T,2024-08-20,1000000.00,4.053986,100.591796875
08:00:12,91282CLB5,TSRYS5850286,D,S,T,2024-08-20,1000000.00,4.052935,100.59375
08:00:12,91282CLB5,TSRYS5850286,D,S,T,2024-08-20,1000000.00,4.059243,100.58203125
08:00:12,91282CLB5,TSRYS5850286,D,S,T,2024-08-20,1000000.00,4.056089,100.587890625
08:00:12,91282CLB5,TSRYS5850286,D,S,T,2024-08-20,1000000.00,4.061345,100.578125
08:00:12,91282CLB5,TSRYS5850286,D,S,T,2024-08-20,1000000.00,4.059243,100.58203125
08:00:12,91282CLB5,TSRYS5850286,D,S,T,2024-08-20,4000000.00,4.052935,100.59375
08:00:12,91282CLB5,TSRYS5850286,D,S,T,2024-08-20,1000000.00,4.052935,100.59375
08:00:12,91282CLB5,TSRYS5850286,D,S,T,2024-08-20,1000000.00,4.046629,100.60546875
08:00:12,91282CLB5,TSRYS5850286,D,S,D,2024-08-20,1000000.00,4.045578,100.607421875
08:00:12,91282CLB5,TSRYS5850286,D,S,D,2024-08-20,1000000.00,4.045578,100.607421875
08:00:12,91282CLB5,TSRYS5850286,D,S,D,2024-08-20,1000000.00,4.045578,100.607421875
08:00:12,91282CLB5,TSRYS5850286,D,S,D,2024-08-20,1000000.00,4.045578,100.607421875
08:00:12,91282CLB5,TSRYS5850286,D,S,D,2024-08-20,1000000.00,4.045578,100.607421875
08:00:12,91282CLB5,TSRYS5850286,D,S,D,2024-08-20,1000000.00,4.045578,100.607421875
08:00:12,91282CLB5,TSRYS5850286,D,S,D,2024-08-20,1000000.00,4.045578,100.607421875
08:00:12,91282CLB5,TSRYS5850286,D,S,D,2024-08-20,1000000.00,4.045578,100.607421875
08:00:14,91282CLB5,TSRYS5850286,D,S,C,2024-08-20,150000.00,4.044527,100.61270833333
08:00:15,91282CLB5,TSRYS5850286,D,S,C,2024-08-20,10000.00,4.055038,100.589843
08:00:16,91282CLB5,TSRYS5850286,D,B,A,2024-08-20,3000000.00,4.067654,100.566406
08:00:16,91282CLB5,TSRYS5850286,D,S,T,2024-08-20,2000000.00,4.066603,100.568359375
08:00:17,91282CLB5,TSRYS5850286,D,S,T,2024-08-20,5000000.00,4.067654,100.56640625
08:00:17,91282CLB5,TSRYS5850286,D,S,C,2024-08-20,1000000.00,4.068706,100.564453125
08:00:17,91282CLB5,TSRYS5850286,D,S,C,2024-08-20,1000000.00,4.068706,100.564453125
08:00:18,91282CLB5,TSRYS5850286,D,S,C,2024-08-20,1000000.00,4.066603,100.568359375
08:00:18,91282CLB5,TSRYS5850286,D,S,C,2024-08-20,1000000.00,4.066603,100.568359375
08:00:22,91282CLB5,TSRYS5850286,D,S,T,2024-08-20,1000000.00,4.061345,100.578125
08:00:26,91282CLB5,TSRYS5850286,D,B,A,2024-08-20,400000.00,4.055038,100.58984375
08:00:27,91282CLB5,TSRYS5850286,D,B,A,2024-08-20,4600000.00,4.061345,100.578125
08:00:27,91282CLB5,TSRYS5850286,D,S,A,2024-08-20,200000.00,4.052935,100.59375
08:00:27,91282CLB5,TSRYS5850286,D,S,A,2024-08-20,289000.00,4.050833,100.59765625
08:00:29,91282CLB5,TSRYS5850286,D,S,T,2024-08-20,1000000.00,4.067654,100.56640625
08:00:29,91282CLB5,TSRYS5850286,D,S,T,2024-08-20,1000000.00,4.061345,100.578125
08:00:29,91282CLB5,TSRYS5850286,D,S,D,2024-08-20,2000000.00,4.060294,100.580078125
08:00:29,91282CLB5,TSRYS5850286,D,S,C,2024-08-20,1000000.00,4.05714,100.5859375
08:00:29,91282CLB5,TSRYS5850286,D,S,D,2024-08-20,1000000.00,4.05714,100.5859375
08:00:29,91282CLB5,TSRYS5850286,D,S,T,2024-08-20,2000000.00,4.059243,100.58203125
08:00:30,91282CLB5,TSRYS5850286,D,S,T,2024-08-20,1000000.00,4.059243,100.58203125
08:00:30,91282CLB5,TSRYS5850286,D,S,T,2024-08-20,1000000.00,4.05714,100.5859375
08:00:30,91282CLB5,TSRYS5850286,D,S,T,2024-08-20,1000000.00,4.061345,100.578125
08:00:30,91282CLB5,TSRYS5850286,D,S,T,2024-08-20,1000000.00,4.061345,100.578125
08:00:30,91282CLB5,TSRYS5850286,D,S,T,2024-08-20,1000000.00,4.063448,100.57421875
08:00:30,91282CLB5,TSRYS5850286,D,S,T,2024-08-20,1000000.00,4.063448,100.57421875
08:00:30,91282CLB5,TSRYS5850286,D,S,T,2024-08-20,1000000.00,4.065551,100.5703125
08:00:30,91282CLB5,TSRYS5850286,D,S,T,2024-08-20,1000000.00,4.067654,100.56640625
08:00:30,91282CLB5,TSRYS5850286,D,S,T,2024-08-20,1000000.00,4.069757,100.5625
08:00:30,91282CLB5,TSRYS5850286,D,S,T,2024-08-20,1000000.00,4.070809,100.560546875
08:00:30,91282CLB5,TSRYS5850286,D,S,T,2024-08-20,1000000.00,4.067654,100.56640625
08:00:30,91282CLB5,TSRYS5850286,D,S,T,2024-08-20,1000000.00,4.068706,100.564453125
08:00:30,91282CLB5,TSRYS5850286,D,S,T,2024-08-20,1000000.00,4.068706,100.564453125
08:00:30,91282CLB5,TSRYS5850286,D,S,T,2024-08-20,1000000.00,4.068706,100.564453125
08:00:30,91282CLB5,TSRYS5850286,D,S,T,2024-08-20,1000000.00,4.068706,100.564453125
08:00:30,91282CLB5,TSRYS5850286,D,S,T,2024-08-20,1000000.00,4.055038,100.58984375
08:00:30,91282CLB5,TSRYS5850286,D,S,T,2024-08-20,1000000.00,4.055038,100.58984375
08:00:30,91282CLB5,TSRYS5850286,D,S,T,2024-08-20,1000000.00,4.061345,100.578125
08:00:30,91282CLB5,TSRYS5850286,D,S,T,2024-08-20,1000000.00,4.063448,100.57421875
08:00:30,91282CLB5,TSRYS5850286,D,S,T,2024-08-20,1000000.00,4.063448,100.57421875
08:00:30,91282CLB5,TSRYS5850286,D,S,T,2024-08-20,1000000.00,4.063448,100.57421875
08:00:30,91282CLB5,TSRYS5850286,D,S,T,2024-08-20,1000000.00,4.063448,100.57421875
08:00:30,91282CLB5,TSRYS5850286,D,S,T,2024-08-20,1000000.00,4.061345,100.578125
08:00:30,91282CLB5,TSRYS5850286,D,S,T,2024-08-20,1000000.00,4.061345,100.578125
08:00:30,91282CLB5,TSRYS5850286,D,S,T,2024-08-20,1000000.00,4.060294,100.580078125
08:00:30,91282CLB5,TSRYS5850286,D,S,T,2024-08-20,1000000.00,4.063448,100.57421875
08:00:30,91282CLB5,TSRYS5850286,D,S,T,2024-08-20,1000000.00,4.063448,100.57421875
08:00:30,91282CLB5,TSRYS5850286,D,S,T,2024-08-20,1000000.00,4.061345,100.578125
08:00:30,91282CLB5,TSRYS5850286,D,S,T,2024-08-20,1000000.00,4.061345,100.578125
08:00:30,91282CLB5,TSRYS5850286,D,S,T,2024-08-20,1000000.00,4.061345,100.578125
08:00:30,91282CLB5,TSRYS5850286,D,S,T,2024-08-20,1000000.00,4.061345,100.578125
08:00:30,91282CLB5,TSRYS5850286,D,S,T,2024-08-20,2000000.00,4.061345,100.578125
08:00:30,91282CLB5,TSRYS5850286,D,S,T,2024-08-20,1000000.00,4.061345,100.578125
08:00:30,91282CLB5,TSRYS5850286,D,S,T,2024-08-20,1000000.00,4.062397,100.576171875
08:00:30,91282CLB5,TSRYS5850286,D,S,T,2024-08-20,1000000.00,4.065551,100.5703125
08:00:30,91282CLB5,TSRYS5850286,D,S,T,2024-08-20,1000000.00,4.067654,100.56640625
08:00:30,91282CLB5,TSRYS5850286,D,S,T,2024-08-20,1000000.00,4.068706,100.564453125
08:00:30,91282CLB5,TSRYS5850286,D,S,T,2024-08-20,1000000.00,4.065551,100.5703125
08:00:30,91282CLB5,TSRYS5850286,D,S,T,2024-08-20,1000000.00,4.065551,100.5703125
08:00:30,91282CLB5,TSRYS5850286,D,S,T,2024-08-20,1000000.00,4.065551,100.5703125
08:00:30,91282CLB5,TSRYS5850286,D,S,T,2024-08-20,2000000.00,4.066603,100.568359375
08:00:30,91282CLB5,TSRYS5850286,D,S,T,2024-08-20,1000000.00,4.066603,100.568359375
08:00:30,91282CLB5,TSRYS5850286,D,S,T,2024-08-20,1000000.00,4.066603,100.568359375
08:00:30,91282CLB5,TSRYS5850286,D,S,T,2024-08-20,1000000.00,4.066603,100.568359375
08:00:30,91282CLB5,TSRYS5850286,D,S,T,2024-08-20,1000000.00,4.066603,100.568359375
08:00:30,91282CLB5,TSRYS5850286,D,S,T,2024-08-20,1000000.00,4.066603,100.568359375
08:00:30,91282CLB5,TSRYS5850286,D,S,T,2024-08-20,2000000.00,4.066603,100.568359375
08:00:30,91282CLB5,TSRYS5850286,D,S,T,2024-08-20,2000000.00,4.066603,100.568359375
08:00:30,91282CLB5,TSRYS5850286,D,S,T,2024-08-20,1000000.00,4.066603,100.568359375
08:00:30,91282CLB5,TSRYS5850286,D,S,T,2024-08-20,1000000.00,4.066603,100.568359375
08:00:30,91282CLB5,TSRYS5850286,D,S,T,2024-08-20,1000000.00,4.066603,100.568359375
08:00:30,91282CLB5,TSRYS5850286,D,S,T,2024-08-20,1000000.00,4.066603,100.568359375
08:00:30,91282CLB5,TSRYS5850286,D,S,T,2024-08-20,1000000.00,4.066603,100.568359375
08:00:30,91282CLB5,TSRYS5850286,D,S,T,2024-08-20,1000000.00,4.066603,100.568359375
08:00:30,91282CLB5,TSRYS5850286,D,S,T,2024-08-20,1000000.00,4.066603,100.568359375
08:00:30,91282CLB5,TSRYS5850286,D,S,T,2024-08-20,2000000.00,4.066603,100.568359375
08:00:30,91282CLB5,TSRYS5850286,D,S,T,2024-08-20,2000000.00,4.066603,100.568359375
08:00:30,91282CLB5,TSRYS5850286,D,S,T,2024-08-20,1000000.00,4.067654,100.56640625
08:00:30,91282CLB5,TSRYS5850286,D,S,T,2024-08-20,1000000.00,4.067654,100.56640625
08:00:30,91282CLB5,TSRYS5850286,D,S,T,2024-08-20,1000000.00,4.067654,100.56640625
08:00:30,91282CLB5,TSRYS5850286,D,S,T,2024-08-20,1000000.00,4.067654,100.56640625
08:00:30,91282CLB5,TSRYS5850286,D,S,T,2024-08-20,1000000.00,4.067654,100.56640625
08:00:30,91282CLB5,TSRYS5850286,D,S,T,2024-08-20,1000000.00,4.067654,100.56640625
08:00:30,91282CLB5,TSRYS5850286,D,S,T,2024-08-20,1000000.00,4.065551,100.5703125
08:00:30,91282CLB5,TSRYS5850286,D,S,T,2024-08-20,2000000.00,4.0645,100.572265625
08:00:30,91282CLB5,TSRYS5850286,D,S,T,2024-08-20,2000000.00,4.0645,100.572265625
08:00:30,91282CLB5,TSRYS5850286,D,S,T,2024-08-20,1000000.00,4.0645,100.572265625
08:00:30,91282CLB5,TSRYS5850286,D,S,T,2024-08-20,1000000.00,4.067654,100.56640625
08:00:30,91282CLB5,TSRYS5850286,D,S,T,2024-08-20,1000000.00,4.066603,100.568359375
08:00:30,91282CLB5,TSRYS5850286,D,S,T,2024-08-20,1000000.00,4.067654,100.56640625
08:00:30,91282CLB5,TSRYS5850286,D,S,T,2024-08-20,2000000.00,4.069757,100.5625
08:00:30,91282CLB5,TSRYS5850286,D,S,T,2024-08-20,1000000.00,4.069757,100.5625
08:00:30,91282CLB5,TSRYS5850286,D,S,T,2024-08-20,1000000.00,4.068706,100.564453125
08:00:30,91282CLB5,TSRYS5850286,D,S,T,2024-08-20,1000000.00,4.068706,100.564453125
08:00:30,91282CLB5,TSRYS5850286,D,S,T,2024-08-20,2000000.00,4.068706,100.564453125
08:00:30,91282CLB5,TSRYS5850286,D,S,T,2024-08-20,2000000.00,4.067654,100.56640625
08:00:30,91282CLB5,TSRYS5850286,D,S,T,2024-08-20,2000000.00,4.067654,100.56640625
08:00:30,91282CLB5,TSRYS5850286,D,S,T,2024-08-20,2000000.00,4.067654,100.56640625
08:00:30,91282CLB5,TSRYS5850286,D,S,T,2024-08-20,1000000.00,4.067654,100.56640625
08:00:30,91282CLB5,TSRYS5850286,D,S,T,2024-08-20,2000000.00,4.067654,100.56640625
08:00:30,91282CLB5,TSRYS5850286,D,S,T,2024-08-20,2000000.00,4.066603,100.568359375
08:00:30,91282CLB5,TSRYS5850286,D,S,T,2024-08-20,2000000.00,4.066603,100.568359375
08:00:30,91282CLB5,TSRYS5850286,D,S,T,2024-08-20,2000000.00,4.066603,100.568359375
08:00:30,91282CLB5,TSRYS5850286,D,S,T,2024-08-20,2000000.00,4.066603,100.568359375
08:00:30,91282CLB5,TSRYS5850286,D,S,T,2024-08-20,2000000.00,4.066603,100.568359375
08:00:30,91282CLB5,TSRYS5850286,D,S,T,2024-08-20,1000000.00,4.065551,100.5703125
08:00:30,91282CLB5,TSRYS5850286,D,S,T,2024-08-20,1000000.00,4.065551,100.5703125
08:00:30,91282CLB5,TSRYS5850286,D,S,T,2024-08-20,1000000.00,4.067654,100.56640625
08:00:30,91282CLB5,TSRYS5850286,D,S,T,2024-08-20,1000000.00,4.067654,100.56640625
08:00:30,91282CLB5,TSRYS5850286,D,S,T,2024-08-20,1000000.00,4.067654,100.56640625
08:00:30,91282CLB5,TSRYS5850286,D,S,T,2024-08-20,1000000.00,4.067654,100.56640625
08:00:30,91282CLB5,TSRYS5850286,D,S,T,2024-08-20,1000000.00,4.065551,100.5703125
08:00:30,91282CLB5,TSRYS5850286,D,S,T,2024-08-20,1000000.00,4.0645,100.572265625
08:00:30,91282CLB5,TSRYS5850286,D,S,T,2024-08-20,1000000.00,4.0645,100.572265625
08:00:30,91282CLB5,TSRYS5850286,D,S,T,2024-08-20,1000000.00,4.063448,100.57421875
08:00:30,91282CLB5,TSRYS5850286,D,S,T,2024-08-20,2000000.00,4.060294,100.580078125
08:00:30,91282CLB5,TSRYS5850286,D,S,T,2024-08-20,1000000.00,4.062397,100.576171875
08:00:30,91282CLB5,TSRYS5850286,D,S,T,2024-08-20,1000000.00,4.062397,100.576171875
08:00:30,91282CLB5,TSRYS5850286,D,S,T,2024-08-20,1000000.00,4.061345,100.578125
08:00:30,91282CLB5,TSRYS5850286,D,S,T,2024-08-20,1000000.00,4.062397,100.576171875
08:00:30,91282CLB5,TSRYS5850286,D,S,T,2024-08-20,2000000.00,4.062397,100.576171875
08:00:30,91282CLB5,TSRYS5850286,D,S,T,2024-08-20,1000000.00,4.062397,100.576171875
08:00:30,91282CLB5,TSRYS5850286,D,S,T,2024-08-20,1000000.00,4.062397,100.576171875
08:00:30,91282CLB5,TSRYS5850286,D,S,T,2024-08-20,1000000.00,4.062397,100.576171875
08:00:30,91282CLB5,TSRYS5850286,D,S,T,2024-08-20,1000000.00,4.0645,100.572265625
08:00:30,91282CLB5,TSRYS5850286,D,S,T,2024-08-20,1000000.00,4.0645,100.572265625
08:00:30,91282CLB5,TSRYS5850286,D,S,T,2024-08-20,1000000.00,4.067654,100.56640625
08:00:30,91282CLB5,TSRYS5850286,D,S,T,2024-08-20,1000000.00,4.067654,100.56640625
08:00:30,91282CLB5,TSRYS5850286,D,S,T,2024-08-20,1000000.00,4.067654,100.56640625
08:00:30,91282CLB5,TSRYS5850286,D,S,T,2024-08-20,2000000.00,4.065551,100.5703125
08:00:30,91282CLB5,TSRYS5850286,D,S,T,2024-08-20,1000000.00,4.063448,100.57421875
08:00:30,91282CLB5,TSRYS5850286,D,S,T,2024-08-20,1000000.00,4.063448,100.57421875
08:00:30,91282CLB5,TSRYS5850286,D,S,T,2024-08-20,1000000.00,4.063448,100.57421875
08:00:30,91282CLB5,TSRYS5850286,D,S,T,2024-08-20,1000000.00,4.063448,100.57421875
08:00:30,91282CLB5,TSRYS5850286,D,S,T,2024-08-20,1000000.00,4.063448,100.57421875
08:00:30,91282CLB5,TSRYS5850286,D,S,T,2024-08-20,1000000.00,4.063448,100.57421875
08:00:30,91282CLB5,TSRYS5850286,D,S,T,2024-08-20,1000000.00,4.063448,100.57421875
08:00:30,91282CLB5,TSRYS5850286,D,S,T,2024-08-20,1000000.00,4.063448,100.57421875
08:00:30,91282CLB5,TSRYS5850286,D,S,T,2024-08-20,1000000.00,4.063448,100.57421875
08:00:30,91282CLB5,TSRYS5850286,D,S,T,2024-08-20,1000000.00,4.063448,100.57421875
08:00:30,91282CLB5,TSRYS5850286,D,S,T,2024-08-20,1000000.00,4.063448,100.57421875
08:00:30,91282CLB5,TSRYS5850286,D,S,T,2024-08-20,1000000.00,4.063448,100.57421875
08:00:30,91282CLB5,TSRYS5850286,D,S,T,2024-08-20,1000000.00,4.061345,100.578125
08:00:30,91282CLB5,TSRYS5850286,D,S,T,2024-08-20,1000000.00,4.061345,100.578125
08:00:30,91282CLB5,TSRYS5850286,D,S,T,2024-08-20,2000000.00,4.061345,100.578125
08:00:30,91282CLB5,TSRYS5850286,D,S,T,2024-08-20,1000000.00,4.061345,100.578125
08:00:30,91282CLB5,TSRYS5850286,D,S,T,2024-08-20,1000000.00,4.061345,100.578125
08:00:30,91282CLB5,TSRYS5850286,D,S,T,2024-08-20,1000000.00,4.059243,100.58203125
08:00:30,91282CLB5,TSRYS5850286,D,S,T,2024-08-20,1000000.00,4.059243,100.58203125
08:00:30,91282CLB5,TSRYS5850286,D,S,T,2024-08-20,2000000.00,4.059243,100.58203125
08:00:30,91282CLB5,TSRYS5850286,D,S,T,2024-08-20,2000000.00,4.059243,100.58203125
08:00:30,91282CLB5,TSRYS5850286,D,S,T,2024-08-20,1000000.00,4.059243,100.58203125
08:00:30,91282CLB5,TSRYS5850286,D,S,T,2024-08-20,2000000.00,4.058191,100.583984375
08:00:30,91282CLB5,TSRYS5850286,D,S,T,2024-08-20,4000000.00,4.058191,100.583984375
08:00:30,91282CLB5,TSRYS5850286,D,S,D,2024-08-20,3000000.00,4.058191,100.583984375
08:00:30,91282CLB5,TSRYS5850286,D,S,D,2024-08-20,6000000.00,4.058191,100.583984375
08:00:30,91282CLB5,TSRYS5850286,D,S,T,2024-08-20,1000000.00,4.052935,100.59375
08:00:30,91282CLB5,TSRYS5850286,D,S,T,2024-08-20,2000000.00,4.051884,100.595703125
08:00:30,91282CLB5,TSRYS5850286,D,S,T,2024-08-20,1000000.00,4.052935,100.59375
08:00:30,91282CLB5,TSRYS5850286,D,S,T,2024-08-20,2000000.00,4.050833,100.59765625
08:00:30,91282CLB5,TSRYS5850286,D,S,T,2024-08-20,1000000.00,4.052935,100.59375
08:00:30,91282CLB5,TSRYS5850286,D,S,T,2024-08-20,1000000.00,4.052935,100.59375
08:00:30,91282CLB5,TSRYS5850286,D,S,T,2024-08-20,2000000.00,4.050833,100.59765625
08:00:30,91282CLB5,TSRYS5850286,D,S,T,2024-08-20,1000000.00,4.052935,100.59375
08:00:30,91282CLB5,TSRYS5850286,D,S,T,2024-08-20,1000000.00,4.052935,100.59375
08:00:30,91282CLB5,TSRYS5850286,D,S,T,2024-08-20,1000000.00,4.052935,100.59375
08:00:30,91282CLB5,TSRYS5850286,D,S,T,2024-08-20,2000000.00,4.052935,100.59375
08:00:30,91282CLB5,TSRYS5850286,D,S,T,2024-08-20,1000000.00,4.052935,100.59375
08:00:30,91282CLB5,TSRYS5850286,D,S,T,2024-08-20,1000000.00,4.052935,100.59375
08:00:30,91282CLB5,TSRYS5850286,D,S,T,2024-08-20,1000000.00,4.050833,100.59765625
08:00:30,91282CLB5,TSRYS5850286,D,S,T,2024-08-20,2000000.00,4.050833,100.59765625
08:00:30,91282CLB5,TSRYS5850286,D,S,T,2024-08-20,1000000.00,4.050833,100.59765625
08:00:30,91282CLB5,TSRYS5850286,D,S,T,2024-08-20,2000000.00,4.050833,100.59765625
08:00:30,91282CLB5,TSRYS5850286,D,S,T,2024-08-20,1000000.00,4.050833,100.59765625
08:00:30,91282CLB5,TSRYS5850286,D,S,T,2024-08-20,1000000.00,4.050833,100.59765625
08:00:30,91282CLB5,TSRYS5850286,D,S,T,2024-08-20,2000000.00,4.050833,100.59765625
08:00:30,91282CLB5,TSRYS5850286,D,S,T,2024-08-20,1000000.00,4.050833,100.59765625
08:00:30,91282CLB5,TSRYS5850286,D,S,T,2024-08-20,1000000.00,4.051884,100.595703125
08:00:30,91282CLB5,TSRYS5850286,D,S,T,2024-08-20,1000000.00,4.051884,100.595703125
08:00:30,91282CLB5,TSRYS5850286,D,S,T,2024-08-20,1000000.00,4.050833,100.59765625
08:00:30,91282CLB5,TSRYS5850286,D,S,T,2024-08-20,1000000.00,4.050833,100.59765625
08:00:30,91282CLB5,TSRYS5850286,D,S,T,2024-08-20,1000000.00,4.050833,100.59765625
08:00:30,91282CLB5,TSRYS5850286,D,S,T,2024-08-20,1000000.00,4.053986,100.591796875
08:00:30,91282CLB5,TSRYS5850286,D,S,T,2024-08-20,1000000.00,4.055038,100.58984375
08:00:30,91282CLB5,TSRYS5850286,D,S,T,2024-08-20,1000000.00,4.055038,100.58984375
08:00:30,91282CLB5,TSRYS5850286,D,S,T,2024-08-20,1000000.00,4.052935,100.59375
08:00:30,91282CLB5,TSRYS5850286,D,S,T,2024-08-20,2000000.00,4.050833,100.59765625
08:00:31,91282CLB5,TSRYS5850286,D,S,T,2024-08-20,1000000.00,4.048731,100.6015625
08:00:31,91282CLB5,TSRYS5850286,D,S,T,2024-08-20,1000000.00,4.049782,100.599609375
08:00:31,91282CLB5,TSRYS5850286,D,S,T,2024-08-20,1000000.00,4.049782,100.599609375
08:00:31,91282CLB5,TSRYS5850286,D,S,T,2024-08-20,1000000.00,4.049782,100.599609375
08:00:31,91282CLB5,TSRYS5850286,D,S,D,2024-08-20,1000000.00,4.05714,100.5859375
08:00:31,91282CLB5,TSRYS5850286,D,S,T,2024-08-20,1000000.00,4.053986,100.591796875
08:00:31,91282CLB5,TSRYS5850286,D,S,T,2024-08-20,1000000.00,4.055038,100.58984375
08:00:31,91282CLB5,TSRYS5850286,D,S,T,2024-08-20,1000000.00,4.05714,100.5859375
08:00:31,91282CLB5,TSRYS5850286,D,S,T,2024-08-20,2000000.00,4.055038,100.58984375
08:00:31,91282CLB5,TSRYS5850286,D,S,T,2024-08-20,1000000.00,4.05714,100.5859375
08:00:31,91282CLB5,TSRYS5850286,D,S,T,2024-08-20,1000000.00,4.055038,100.58984375
08:00:31,91282CLB5,TSRYS5850286,D,S,T,2024-08-20,1000000.00,4.055038,100.58984375
08:00:31,91282CLB5,TSRYS5850286,D,S,T,2024-08-20,1000000.00,4.05714,100.5859375
08:00:31,91282CLB5,TSRYS5850286,D,S,T,2024-08-20,2000000.00,4.056089,100.587890625
08:00:31,91282CLB5,TSRYS5850286,D,S,T,2024-08-20,2000000.00,4.055038,100.58984375
08:00:31,91282CLB5,TSRYS5850286,D,S,T,2024-08-20,1000000.00,4.061345,100.578125
08:00:31,91282CLB5,TSRYS5850286,D,S,T,2024-08-20,1000000.00,4.061345,100.578125
08:00:31,91282CLB5,TSRYS5850286,D,S,T,2024-08-20,1000000.00,4.061345,100.578125
08:00:31,91282CLB5,TSRYS5850286,D,S,T,2024-08-20,2000000.00,4.059243,100.58203125
08:00:31,91282CLB5,TSRYS5850286,D,S,T,2024-08-20,1000000.00,4.058191,100.583984375
08:00:31,91282CLB5,TSRYS5850286,D,S,T,2024-08-20,1000000.00,4.055038,100.58984375
08:00:31,91282CLB5,TSRYS5850286,D,S,T,2024-08-20,1000000.00,4.052935,100.59375
08:00:31,91282CLB5,TSRYS5850286,D,S,T,2024-08-20,1000000.00,4.052935,100.59375
08:00:31,91282CLB5,TSRYS5850286,D,S,T,2024-08-20,2000000.00,4.050833,100.59765625
08:00:31,91282CLB5,TSRYS5850286,D,S,T,2024-08-20,1000000.00,4.050833,100.59765625
08:00:31,91282CLB5,TSRYS5850286,D,S,T,2024-08-20,1000000.00,4.050833,100.59765625
08:00:31,91282CLB5,TSRYS5850286,D,S,T,2024-08-20,1000000.00,4.048731,100.6015625
08:00:31,91282CLB5,TSRYS5850286,D,S,T,2024-08-20,1000000.00,4.046629,100.60546875
08:00:31,91282CLB5,TSRYS5850286,D,S,D,2024-08-20,1000000.00,4.060294,100.580078125
08:00:31,91282CLB5,TSRYS5850286,D,S,D,2024-08-20,1000000.00,4.060294,100.580078125
08:00:31,91282CLB5,TSRYS5850286,D,S,D,2024-08-20,1000000.00,4.060294,100.580078125
08:00:31,91282CLB5,TSRYS5850286,D,S,D,2024-08-20,1000000.00,4.060294,100.580078125
08:00:31,91282CLB5,TSRYS5850286,D,S,D,2024-08-20,1000000.00,4.05714,100.5859375
08:00:31,91282CLB5,TSRYS5850286,D,S,D,2024-08-20,1000000.00,4.053986,100.591796875
08:00:31,91282CLB5,TSRYS5850286,D,S,D,2024-08-20,1000000.00,4.053986,100.591796875
08:00:31,91282CLB5,TSRYS5850286,D,S,D,2024-08-20,1000000.00,4.053986,100.591796875
08:00:31,91282CLB5,TSRYS5850286,D,S,D,2024-08-20,2000000.00,4.0645,100.572265625
08:00:31,91282CLB5,TSRYS5850286,D,S,D,2024-08-20,2000000.00,4.068706,100.564453125
08:00:31,91282CLB5,TSRYS5850286,D,S,D,2024-08-20,2000000.00,4.067654,100.56640625
08:00:31,91282CLB5,TSRYS5850286,D,S,D,2024-08-20,2000000.00,4.067654,100.56640625
08:00:31,91282CLB5,TSRYS5850286,D,S,D,2024-08-20,2000000.00,4.066603,100.568359375
08:00:31,91282CLB5,TSRYS5850286,D,S,D,2024-08-20,2000000.00,4.067654,100.56640625
08:00:31,91282CLB5,TSRYS5850286,D,S,D,2024-08-20,2000000.00,4.066603,100.568359375
08:00:31,91282CLB5,TSRYS5850286,D,S,D,2024-08-20,2000000.00,4.066603,100.568359375
08:00:31,91282CLB5,TSRYS5850286,D,S,D,2024-08-20,2000000.00,4.066603,100.568359375
08:00:31,91282CLB5,TSRYS5850286,D,S,D,2024-08-20,2000000.00,4.066603,100.568359375
08:00:31,91282CLB5,TSRYS5850286,D,S,D,2024-08-20,2000000.00,4.061345,100.578125
08:00:31,91282CLB5,TSRYS5850286,D,S,D,2024-08-20,2000000.00,4.058191,100.583984375
08:00:31,91282CLB5,TSRYS5850286,D,B,A,2024-08-20,5000000.00,4.063448,100.57421875
08:00:31,91282CLB5,TSRYS5850286,D,S,D,2024-08-20,1000000.00,4.049782,100.599609375
08:00:31,91282CLB5,TSRYS5850286,D,S,D,2024-08-20,1000000.00,4.049782,100.599609375
08:00:31,91282CLB5,TSRYS5850286,D,S,D,2024-08-20,1000000.00,4.049782,100.599609375
08:00:31,91282CLB5,TSRYS5850286,D,S,A,2024-08-20,1000000.00,4.063448,100.57421875
08:00:31,91282CLB5,TSRYS5850286,D,S,T,2024-08-20,1000000.00,4.066603,100.568359375
08:00:31,91282CLB5,TSRYS5850286,D,S,D,2024-08-20,2000000.00,4.045578,100.607421875
08:00:31,91282CLB5,TSRYS5850286,D,S,D,2024-08-20,1000000.00,4.045578,100.607421875
08:00:31,91282CLB5,TSRYS5850286,D,S,D,2024-08-20,1000000.00,4.045578,100.607421875
08:00:31,91282CLB5,TSRYS5850286,D,S,D,2024-08-20,2000000.00,4.045578,100.607421875
08:00:31,91282CLB5,TSRYS5850286,D,S,D,2024-08-20,1000000.00,4.045578,100.607421875
08:00:31,91282CLB5,TSRYS5850286,D,S,T,2024-08-20,1000000.00,4.068706,100.564453125
08:00:31,91282CLB5,TSRYS5850286,D,S,T,2024-08-20,1000000.00,4.067654,100.56640625
08:00:31,91282CLB5,TSRYS5850286,D,S,T,2024-08-20,1000000.00,4.067654,100.56640625
08:00:31,91282CLB5,TSRYS5850286,D,S,T,2024-08-20,1000000.00,4.067654,100.56640625
08:00:31,91282CLB5,TSRYS5850286,D,S,T,2024-08-20,1000000.00,4.067654,100.56640625
08:00:31,91282CLB5,TSRYS5850286,D,S,T,2024-08-20,1000000.00,4.066603,100.568359375
08:00:31,91282CLB5,TSRYS5850286,D,S,T,2024-08-20,1000000.00,4.066603,100.568359375
08:00:31,91282CLB5,TSRYS5850286,D,S,D,2024-08-20,1000000.00,4.060294,100.580078125
08:00:31,91282CLB5,TSRYS5850286,D,S,D,2024-08-20,1000000.00,4.060294,100.580078125
08:00:31,91282CLB5,TSRYS5850286,D,S,D,2024-08-20,3000000.00,4.05714,100.5859375
08:00:31,91282CLB5,TSRYS5850286,D,S,D,2024-08-20,1000000.00,4.053986,100.591796875
08:00:31,91282CLB5,TSRYS5850286,D,S,D,2024-08-20,1000000.00,4.053986,100.591796875
08:00:31,91282CLB5,TSRYS5850286,D,S,D,2024-08-20,1000000.00,4.053986,100.591796875
08:00:31,91282CLB5,TSRYS5850286,D,S,D,2024-08-20,1000000.00,4.053986,100.591796875
08:00:31,91282CLB5,TSRYS5850286,D,S,D,2024-08-20,1000000.00,4.053986,100.591796875
08:00:31,91282CLB5,TSRYS5850286,D,S,D,2024-08-20,1000000.00,4.053986,100.591796875
08:00:31,91282CLB5,TSRYS5850286,D,S,D,2024-08-20,3000000.00,4.053986,100.591796875
08:00:31,91282CLB5,TSRYS5850286,D,S,T,2024-08-20,1000000.00,4.065551,100.5703125
08:00:31,91282CLB5,TSRYS5850286,D,S,T,2024-08-20,1000000.00,4.067654,100.56640625
08:00:31,91282CLB5,TSRYS5850286,D,S,C,2024-08-20,3000000.00,4.067654,100.56640625
08:00:31,91282CLB5,TSRYS5850286,D,S,T,2024-08-20,1000000.00,4.058191,100.583984375
08:00:31,91282CLB5,TSRYS5850286,D,S,C,2024-08-20,4000000.00,4.052935,100.59375
08:00:31,91282CLB5,TSRYS5850286,D,S,D,2024-08-20,1000000.00,4.049782,100.599609375
08:00:31,91282CLB5,TSRYS5850286,D,S,D,2024-08-20,1000000.00,4.049782,100.599609375
08:00:31,91282CLB5,TSRYS5850286,D,S,D,2024-08-20,1000000.00,4.049782,100.599609375
08:00:31,91282CLB5,TSRYS5850286,D,S,D,2024-08-20,1000000.00,4.049782,100.599609375
08:00:31,91282CLB5,TSRYS5850286,D,S,D,2024-08-20,1000000.00,4.050833,100.59765625
08:00:31,91282CLB5,TSRYS5850286,D,S,D,2024-08-20,1000000.00,4.050833,100.59765625
08:00:31,91282CLB5,TSRYS5850286,D,S,D,2024-08-20,2000000.00,4.046629,100.60546875
08:00:31,91282CLB5,TSRYS5850286,D,S,D,2024-08-20,1000000.00,4.046629,100.60546875
08:00:31,91282CLB5,TSRYS5850286,D,S,D,2024-08-20,2000000.00,4.046629,100.60546875
08:00:31,91282CLB5,TSRYS5850286,D,S,D,2024-08-20,2000000.00,4.045578,100.607421875
08:00:31,91282CLB5,TSRYS5850286,D,S,D,2024-08-20,1000000.00,4.045578,100.607421875
08:00:31,91282CLB5,TSRYS5850286,D,S,D,2024-08-20,2000000.00,4.045578,100.607421875
08:00:31,91282CLB5,TSRYS5850286,D,S,D,2024-08-20,2000000.00,4.045578,100.607421875
08:00:31,91282CLB5,TSRYS5850286,D,S,D,2024-08-20,2000000.00,4.045578,100.607421875
08:00:31,91282CLB5,TSRYS5850286,D,S,D,2024-08-20,1000000.00,4.045578,100.607421875
08:00:31,91282CLB5,TSRYS5850286,D,S,D,2024-08-20,1000000.00,4.045578,100.607421875
08:00:31,91282CLB5,TSRYS5850286,D,S,D,2024-08-20,1000000.00,4.045578,100.607421875
08:00:31,91282CLB5,TSRYS5850286,D,S,D,2024-08-20,1000000.00,4.045578,100.607421875
08:00:31,91282CLB5,TSRYS5850286,D,S,D,2024-08-20,1000000.00,4.045578,100.607421875
08:00:31,91282CLB5,TSRYS5850286,D,S,D,2024-08-20,2000000.00,4.045578,100.607421875
08:00:32,91282CLB5,TSRYS5850286,D,S,T,2024-08-20,1000000.00,4.056089,100.587890625
08:00:32,91282CLB5,TSRYS5850286,D,S,T,2024-08-20,1000000.00,4.056089,100.587890625
08:00:32,91282CLB5,TSRYS5850286,D,S,T,2024-08-20,1000000.00,4.056089,100.587890625
08:00:32,91282CLB5,TSRYS5850286,D,S,T,2024-08-20,1000000.00,4.056089,100.587890625
08:00:32,91282CLB5,TSRYS5850286,D,S,T,2024-08-20,1000000.00,4.056089,100.587890625
08:00:32,91282CLB5,TSRYS5850286,D,S,T,2024-08-20,1000000.00,4.056089,100.587890625
08:00:32,91282CLB5,TSRYS5850286,D,S,T,2024-08-20,1000000.00,4.056089,100.587890625
08:00:32,91282CLB5,TSRYS5850286,D,S,T,2024-08-20,1000000.00,4.056089,100.587890625
08:00:32,91282CLB5,TSRYS5850286,D,S,T,2024-08-20,1000000.00,4.056089,100.587890625
08:00:32,91282CLB5,TSRYS5850286,D,S,T,2024-08-20,1000000.00,4.056089,100.587890625
08:00:32,91282CLB5,TSRYS5850286,D,S,T,2024-08-20,1000000.00,4.056089,100.587890625
08:00:32,91282CLB5,TSRYS5850286,D,S,T,2024-08-20,1000000.00,4.056089,100.587890625
08:00:32,91282CLB5,TSRYS5850286,D,S,T,2024-08-20,1000000.00,4.056089,100.587890625
08:00:32,91282CLB5,TSRYS5850286,D,S,T,2024-08-20,1000000.00,4.056089,100.587890625
08:00:32,91282CLB5,TSRYS5850286,D,S,T,2024-08-20,1000000.00,4.056089,100.587890625
08:00:32,91282CLB5,TSRYS5850286,D,S,T,2024-08-20,1000000.00,4.056089,100.587890625
08:00:32,91282CLB5,TSRYS5850286,D,S,T,2024-08-20,1000000.00,4.056089,100.587890625
08:00:32,91282CLB5,TSRYS5850286,D,S,T,2024-08-20,1000000.00,4.056089,100.587890625
08:00:32,91282CLB5,TSRYS5850286,D,S,T,2024-08-20,1000000.00,4.056089,100.587890625
08:00:32,91282CLB5,TSRYS5850286,D,S,T,2024-08-20,1000000.00,4.056089,100.587890625
08:00:32,91282CLB5,TSRYS5850286,D,S,T,2024-08-20,1000000.00,4.056089,100.587890625
08:00:32,91282CLB5,TSRYS5850286,D,S,T,2024-08-20,1000000.00,4.056089,100.587890625
08:00:32,91282CLB5,TSRYS5850286,D,S,T,2024-08-20,1000000.00,4.056089,100.587890625
08:00:32,91282CLB5,TSRYS5850286,D,B,A,2024-08-20,177000.00,4.05714,100.5859375
08:00:32,91282CLB5,TSRYS5850286,D,B,A,2024-08-20,3130000.00,4.059243,100.58203125
08:00:32,91282CLB5,TSRYS5850286,D,S,A,2024-08-20,3130000.00,4.052935,100.59375
08:00:32,91282CLB5,TSRYS5850286,D,S,T,2024-08-20,1000000.00,4.060294,100.580078125
08:00:32,91282CLB5,TSRYS5850286,D,S,T,2024-08-20,1000000.00,4.053986,100.591796875
08:00:32,91282CLB5,TSRYS5850286,D,S,T,2024-08-20,1000000.00,4.053986,100.591796875
08:00:32,91282CLB5,TSRYS5850286,D,S,T,2024-08-20,3000000.00,4.053986,100.591796875
08:00:32,91282CLB5,TSRYS5850286,D,S,T,2024-08-20,1000000.00,4.053986,100.591796875
08:00:32,91282CLB5,TSRYS5850286,D,S,T,2024-08-20,4000000.00,4.053986,100.591796875
08:00:32,91282CLB5,TSRYS5850286,D,S,T,2024-08-20,1000000.00,4.053986,100.591796875
08:00:32,91282CLB5,TSRYS5850286,D,S,T,2024-08-20,1000000.00,4.053986,100.591796875
08:00:32,91282CLB5,TSRYS5850286,D,S,T,2024-08-20,1000000.00,4.053986,100.591796875
08:00:32,91282CLB5,TSRYS5850286,D,S,T,2024-08-20,1000000.00,4.053986,100.591796875
08:00:32,91282CLB5,TSRYS5850286,D,S,T,2024-08-20,2000000.00,4.067654,100.56640625
08:00:32,91282CLB5,TSRYS5850286,D,S,T,2024-08-20,2000000.00,4.067654,100.56640625
08:00:32,91282CLB5,TSRYS5850286,D,S,T,2024-08-20,2000000.00,4.067654,100.56640625
08:00:32,91282CLB5,TSRYS5850286,D,S,T,2024-08-20,2000000.00,4.067654,100.56640625
08:00:32,91282CLB5,TSRYS5850286,D,S,T,2024-08-20,2000000.00,4.067654,100.56640625
08:00:32,91282CLB5,TSRYS5850286,D,S,T,2024-08-20,2000000.00,4.066603,100.568359375
08:00:32,91282CLB5,TSRYS5850286,D,S,T,2024-08-20,2000000.00,4.067654,100.56640625
08:00:32,91282CLB5,TSRYS5850286,D,S,T,2024-08-20,2000000.00,4.066603,100.568359375
08:00:32,91282CLB5,TSRYS5850286,D,S,D,2024-08-20,4000000.00,4.052935,100.59375
08:00:32,91282CLB5,TSRYS5850286,D,S,D,2024-08-20,5000000.00,4.052935,100.59375
08:00:32,91282CLB5,TSRYS5850286,D,S,D,2024-08-20,4000000.00,4.052935,100.59375
08:00:32,91282CLB5,TSRYS5850286,D,S,D,2024-08-20,5000000.00,4.052935,100.59375
08:00:32,91282CLB5,TSRYS5850286,D,S,D,2024-08-20,1000000.00,4.05714,100.5859375
08:00:32,91282CLB5,TSRYS5850286,D,S,D,2024-08-20,1000000.00,4.055038,100.58984375
08:00:32,91282CLB5,TSRYS5850286,D,S,T,2024-08-20,3000000.00,4.052935,100.59375
08:00:32,91282CLB5,TSRYS5850286,D,S,D,2024-08-20,1000000.00,4.052935,100.59375
08:00:32,91282CLB5,TSRYS5850286,D,S,T,2024-08-20,1000000.00,4.052935,100.59375
08:00:32,91282CLB5,TSRYS5850286,D,S,D,2024-08-20,16000000.00,4.050833,100.59765625
08:00:32,91282CLB5,TSRYS5850286,D,S,D,2024-08-20,1000000.00,4.050833,100.59765625
08:00:32,91282CLB5,TSRYS5850286,D,S,D,2024-08-20,7500000.00,4.050833,100.59765625
08:00:32,91282CLB5,TSRYS5850286,D,S,D,2024-08-20,1000000.00,4.048731,100.6015625
08:00:32,91282CLB5,TSRYS5850286,D,B,C,2024-08-20,6527000.00,4.046629,100.60546875
08:00:32,91282CLB5,TSRYS5850286,D,B,C,2024-08-20,16069000.00,4.046629,100.60546875
08:00:32,91282CLB5,TSRYS5850286,D,S,T,2024-08-20,2000000.00,4.066603,100.568359375
08:00:32,91282CLB5,TSRYS5850286,D,S,T,2024-08-20,2000000.00,4.066603,100.568359375
08:00:32,91282CLB5,TSRYS5850286,D,S,A,2024-08-20,10000000.00,4.056089,100.587890625
08:00:32,91282CLB5,TSRYS5850286,D,S,A,2024-08-20,4000000.00,4.056089,100.587890625
08:00:32,91282CLB5,TSRYS5850286,D,S,T,2024-08-20,2000000.00,4.058191,100.583984375
08:00:32,91282CLB5,TSRYS5850286,D,S,T,2024-08-20,2000000.00,4.058191,100.583984375
08:00:32,91282CLB5,TSRYS5850286,D,S,T,2024-08-20,2000000.00,4.058191,100.583984375
08:00:32,91282CLB5,TSRYS5850286,D,S,T,2024-08-20,1000000.00,4.053986,100.591796875
08:00:32,91282CLB5,TSRYS5850286,D,S,T,2024-08-20,2000000.00,4.056089,100.587890625
08:00:32,91282CLB5,TSRYS5850286,D,S,T,2024-08-20,1000000.00,4.056089,100.587890625
08:00:32,91282CLB5,TSRYS5850286,D,S,D,2024-08-20,10500000.00,4.056979,100.5862375
08:00:32,91282CLB5,TSRYS5850286,D,S,T,2024-08-20,1000000.00,4.046629,100.60546875
08:00:32,91282CLB5,TSRYS5850286,D,S,T,2024-08-20,2000000.00,4.045578,100.607421875
08:00:32,91282CLB5,TSRYS5850286,D,S,T,2024-08-20,1000000.00,4.045578,100.607421875
08:00:32,91282CLB5,TSRYS5850286,D,S,D,2024-08-20,1000000.00,4.05714,100.5859375
08:00:32,91282CLB5,TSRYS5850286,D,S,D,2024-08-20,1000000.00,4.055038,100.58984375
08:00:35,91282CLB5,TSRYS5850286,D,S,D,2024-08-20,1000000.00,4.048731,100.6015625
08:00:36,91282CLB5,TSRYS5850286,D,B,C,2024-08-20,5000000.00,4.065551,100.5703125
08:00:36,91282CLB5,TSRYS5850286,D,S,A,2024-08-20,2851000.00,4.05714,100.5859375
08:00:38,91282CLB5,TSRYS5850286,D,S,A,2024-08-20,1000000.00,4.065551,100.5703125
08:00:38,91282CLB5,TSRYS5850286,D,S,A,2024-08-20,50000000.00,4.05714,100.5859375
08:00:38,91282CLB5,TSRYS5850286,D,S,A,2024-08-20,40000000.00,4.061815,100.578125
08:00:39,91282CLB5,TSRYS5850286,D,B,A,2024-08-20,40000000.00,4.059243,100.58203125
08:00:39,91282CLB5,TSRYS5850286,D,B,A,2024-08-20,7500000.00,4.063448,100.57421875
08:00:39,91282CLB5,TSRYS5850286,D,S,A,2024-08-20,625000.00,4.063448,100.57421875
08:00:40,91282CLB5,TSRYS5850286,D,S,A,2024-08-20,1000000.00,4.065551,100.5703125
08:00:40,91282CLB5,TSRYS5850286,D,B,C,2024-08-20,3000000.00,4.065551,100.5703125
08:00:42,91282CLB5,TSRYS5850286,D,S,A,2024-08-20,700000.00,4.065551,100.5703125
08:00:44,91282CLB5,TSRYS5850286,D,S,A,2024-08-20,1500000.00,4.052935,100.59375
08:00:45,91282CLB5,TSRYS5850286,D,S,T,2024-08-20,2000000.00,4.048731,100.6015625
08:00:45,91282CLB5,TSRYS5850286,D,S,T,2024-08-20,1000000.00,4.048731,100.6015625
08:00:45,91282CLB5,TSRYS5850286,D,S,D,2024-08-20,1000000.00,4.050833,100.59765625
08:00:45,91282CLB5,TSRYS5850286,D,S,D,2024-08-20,1000000.00,4.050833,100.59765625
08:00:45,91282CLB5,TSRYS5850286,D,S,D,2024-08-20,2000000.00,4.050833,100.59765625
08:00:45,91282CLB5,TSRYS5850286,D,B,A,2024-08-20,5000000.00,4.05714,100.5859375
08:00:46,91282CLB5,TSRYS5850286,D,S,T,2024-08-20,1000000.00,4.059243,100.58203125
08:00:46,91282CLB5,TSRYS5850286,D,S,T,2024-08-20,1000000.00,4.059243,100.58203125
08:00:46,91282CLB5,TSRYS5850286,D,S,T,2024-08-20,1000000.00,4.059243,100.58203125
08:00:46,91282CLB5,TSRYS5850286,D,S,D,2024-08-20,15000000.00,4.06664,100.56829
08:00:46,91282CLB5,TSRYS5850286,D,S,T,2024-08-20,1000000.00,4.059243,100.58203125
08:00:46,91282CLB5,TSRYS5850286,D,S,T,2024-08-20,13000000.00,4.059243,100.58203125
08:00:47,91282CLB5,TSRYS5850286,D,S,D,2024-08-20,10000000.00,4.05714,100.5859375
08:00:49,91282CLB5,TSRYS5850286,D,S,D,2024-08-20,150000.00,4.044527,100.609375
08:00:49,91282CLB5,TSRYS5850286,D,S,A,2024-08-20,16153000.00,4.069757,100.5625
08:00:49,91282CLB5,TSRYS5850286,D,S,A,2024-08-20,1420000.00,4.069757,100.5625
08:00:49,91282CLB5,TSRYS5850286,D,S,A,2024-08-20,2500000.00,4.065551,100.5703125
08:00:50,91282CLB5,TSRYS5850286,D,S,A,2024-08-20,13458300.00,4.063448,100.57421875
08:00:50,91282CLB5,TSRYS5850286,D,S,D,2024-08-20,4000000.00,4.067654,100.56640625
08:00:52,91282CLB5,TSRYS5850286,D,S,D,2024-08-20,1000000.00,4.067654,100.56640625
08:00:53,91282CLB5,TSRYS5850286,D,S,T,2024-08-20,1000000.00,4.065551,100.5703125
08:00:55,91282CLB5,TSRYS5850286,D,S,T,2024-08-20,1000000.00,4.065551,100.5703125
08:00:55,91282CLB5,TSRYS5850286,D,B,A,2024-08-20,20000000.00,4.050833,100.59765625
08:00:55,91282CLB5,TSRYS5850286,D,S,A,2024-08-20,4366000.00,4.061345,100.578125
08:00:56,91282CLB5,TSRYS5850286,D,S,T,2024-08-20,1000000.00,4.056089,100.587890625
08:00:56,91282CLB5,TSRYS5850286,D,S,T,2024-08-20,1000000.00,4.059243,100.58203125
08:00:56,91282CLB5,TSRYS5850286,D,S,T,2024-08-20,1000000.00,4.059243,100.58203125
08:00:56,91282CLB5,TSRYS5850286,D,S,T,2024-08-20,1000000.00,4.059243,100.58203125
08:00:56,91282CLB5,TSRYS5850286,D,S,T,2024-08-20,1000000.00,4.059243,100.58203125
08:00:57,91282CLB5,TSRYS5850286,D,S,T,2024-08-20,1000000.00,4.059243,100.58203125
08:00:57,91282CLB5,TSRYS5850286,D,S,T,2024-08-20,1000000.00,4.059243,100.58203125
08:00:59,91282CLB5,TSRYS5850286,D,S,D,2024-08-20,5000000.00,4.046629,100.60546875
08:01:00,91282CLB5,TSRYS5850286,D,S,C,2024-08-20,2000000.00,4.0645,100.572265625
08:01:00,91282CLB5,TSRYS5850286,D,B,C,2024-08-20,2000000.00,4.0645,100.572265625
08:01:00,91282CLB5,TSRYS5850286,D,S,C,2024-08-20,2000000.00,4.044527,100.609375
08:01:00,91282CLB5,TSRYS5850286,D,S,C,2024-08-20,2000000.00,4.063448,100.57421875
08:01:00,91282CLB5,TSRYS5850286,D,B,C,2024-08-20,2000000.00,4.063448,100.57421875
08:01:00,91282CLB5,TSRYS5850286,D,S,C,2024-08-20,2000000.00,4.060294,100.580078125
08:01:00,91282CLB5,TSRYS5850286,D,B,C,2024-08-20,3000000.00,4.053986,100.591796875
08:01:00,91282CLB5,TSRYS5850286,D,S,D,2024-08-20,3000000.00,4.053986,100.591796875
08:01:00,91282CLB5,TSRYS5850286,D,B,C,2024-08-20,1000000.00,4.070809,100.560546875
08:01:00,91282CLB5,TSRYS5850286,D,S,D,2024-08-20,1000000.00,4.070809,100.560546875
08:01:00,91282CLB5,TSRYS5850286,D,B,C,2024-08-20,2000000.00,4.053986,100.591796875
08:01:00,91282CLB5,TSRYS5850286,D,B,C,2024-08-20,1000000.00,4.053986,100.591796875
08:01:00,91282CLB5,TSRYS5850286,D,B,C,2024-08-20,3000000.00,4.053986,100.591796875
08:01:00,91282CLB5,TSRYS5850286,D,S,D,2024-08-20,3000000.00,4.053986,100.591796875
08:01:00,91282CLB5,TSRYS5850286,D,S,D,2024-08-20,2000000.00,4.053986,100.591796875
08:01:00,91282CLB5,TSRYS5850286,D,S,D,2024-08-20,1000000.00,4.053986,100.591796875
08:01:00,91282CLB5,TSRYS5850286,D,B,C,2024-08-20,1000000.00,4.062397,100.576171875
08:01:00,91282CLB5,TSRYS5850286,D,S,D,2024-08-20,1000000.00,4.053986,100.591796875
08:01:00,91282CLB5,TSRYS5850286,D,S,D,2024-08-20,1000000.00,4.062397,100.576171875
08:01:00,91282CLB5,TSRYS5850286,D,B,C,2024-08-20,1000000.00,4.053986,100.591796875
08:01:00,91282CLB5,TSRYS5850286,D,S,D,2024-08-20,2000000.00,4.0645,100.572265625
08:01:00,91282CLB5,TSRYS5850286,D,B,C,2024-08-20,2000000.00,4.068706,100.564453125
08:01:00,91282CLB5,TSRYS5850286,D,S,D,2024-08-20,2000000.00,4.068706,100.564453125
08:01:00,91282CLB5,TSRYS5850286,D,S,D,2024-08-20,1000000.00,4.068706,100.564453125
08:01:00,91282CLB5,TSRYS5850286,D,S,D,2024-08-20,2000000.00,4.068706,100.564453125
08:01:00,91282CLB5,TSRYS5850286,D,B,C,2024-08-20,1000000.00,4.068706,100.564453125
08:01:00,91282CLB5,TSRYS5850286,D,S,D,2024-08-20,2000000.00,4.068706,100.564453125
08:01:00,91282CLB5,TSRYS5850286,D,B,C,2024-08-20,2000000.00,4.068706,100.564453125
08:01:00,91282CLB5,TSRYS5850286,D,S,D,2024-08-20,2000000.00,4.068706,100.564453125
08:01:00,91282CLB5,TSRYS5850286,D,B,C,2024-08-20,2000000.00,4.068706,100.564453125
08:01:00,91282CLB5,TSRYS5850286,D,B,C,2024-08-20,2000000.00,4.068706,100.564453125
08:01:00,91282CLB5,TSRYS5850286,D,B,C,2024-08-20,10000000.00,4.067654,100.56640625
08:01:00,91282CLB5,TSRYS5850286,D,S,D,2024-08-20,10000000.00,4.067654,100.56640625
08:01:00,91282CLB5,TSRYS5850286,D,S,D,2024-08-20,2000000.00,4.068706,100.564453125
08:01:00,91282CLB5,TSRYS5850286,D,S,D,2024-08-20,1000000.00,4.067654,100.56640625
08:01:00,91282CLB5,TSRYS5850286,D,S,D,2024-08-20,2000000.00,4.067654,100.56640625
08:01:00,91282CLB5,TSRYS5850286,D,S,D,2024-08-20,2000000.00,4.067654,100.56640625
08:01:00,91282CLB5,TSRYS5850286,D,S,D,2024-08-20,1000000.00,4.067654,100.56640625
08:01:00,91282CLB5,TSRYS5850286,D,S,D,2024-08-20,1000000.00,4.067654,100.56640625
08:01:00,91282CLB5,TSRYS5850286,D,S,D,2024-08-20,1000000.00,4.067654,100.56640625
08:01:00,91282CLB5,TSRYS5850286,D,S,D,2024-08-20,1000000.00,4.067654,100.56640625
08:01:00,91282CLB5,TSRYS5850286,D,S,D,2024-08-20,1000000.00,4.067654,100.56640625
08:01:00,91282CLB5,TSRYS5850286,D,S,D,2024-08-20,1000000.00,4.067654,100.56640625
08:01:00,91282CLB5,TSRYS5850286,D,S,D,2024-08-20,2000000.00,4.068706,100.564453125
08:01:00,91282CLB5,TSRYS5850286,D,S,D,2024-08-20,4000000.00,4.068706,100.564453125
08:01:00,91282CLB5,TSRYS5850286,D,B,C,2024-08-20,2000000.00,4.068706,100.564453125
08:01:00,91282CLB5,TSRYS5850286,D,S,D,2024-08-20,2000000.00,4.068706,100.564453125
08:01:00,91282CLB5,TSRYS5850286,D,B,C,2024-08-20,2000000.00,4.068706,100.564453125
08:01:00,91282CLB5,TSRYS5850286,D,B,C,2024-08-20,4000000.00,4.068706,100.564453125
08:01:00,91282CLB5,TSRYS5850286,D,B,C,2024-08-20,1000000.00,4.068706,100.564453125
08:01:00,91282CLB5,TSRYS5850286,D,S,D,2024-08-20,1000000.00,4.068706,100.564453125
08:01:00,91282CLB5,TSRYS5850286,D,B,C,2024-08-20,1000000.00,4.068706,100.564453125
08:01:00,91282CLB5,TSRYS5850286,D,S,D,2024-08-20,1000000.00,4.068706,100.564453125
08:01:00,91282CLB5,TSRYS5850286,D,S,D,2024-08-20,2000000.00,4.066603,100.568359375
08:01:00,91282CLB5,TSRYS5850286,D,B,C,2024-08-20,10000000.00,4.066603,100.568359375
08:01:00,91282CLB5,TSRYS5850286,D,S,D,2024-08-20,1000000.00,4.066603,100.568359375
08:01:00,91282CLB5,TSRYS5850286,D,S,D,2024-08-20,10000000.00,4.066603,100.568359375
08:01:00,91282CLB5,TSRYS5850286,D,B,C,2024-08-20,10000000.00,4.067654,100.56640625
08:01:00,91282CLB5,TSRYS5850286,D,S,D,2024-08-20,2000000.00,4.067654,100.56640625
08:01:00,91282CLB5,TSRYS5850286,D,S,D,2024-08-20,10000000.00,4.067654,100.56640625
08:01:00,91282CLB5,TSRYS5850286,D,B,C,2024-08-20,2000000.00,4.066603,100.568359375
08:01:00,91282CLB5,TSRYS5850286,D,S,D,2024-08-20,2000000.00,4.066603,100.568359375
08:01:00,91282CLB5,TSRYS5850286,D,S,D,2024-08-20,2000000.00,4.066603,100.568359375
08:01:00,91282CLB5,TSRYS5850286,D,S,D,2024-08-20,2000000.00,4.066603,100.568359375
08:01:00,91282CLB5,TSRYS5850286,D,B,C,2024-08-20,2000000.00,4.066603,100.568359375
08:01:00,91282CLB5,TSRYS5850286,D,B,C,2024-08-20,1000000.00,4.066603,100.568359375
08:01:00,91282CLB5,TSRYS5850286,D,B,C,2024-08-20,2000000.00,4.066603,100.568359375
08:01:00,91282CLB5,TSRYS5850286,D,S,D,2024-08-20,1000000.00,4.066603,100.568359375
08:01:00,91282CLB5,TSRYS5850286,D,S,D,2024-08-20,2000000.00,4.066603,100.568359375
08:01:00,91282CLB5,TSRYS5850286,D,S,D,2024-08-20,2000000.00,4.066603,100.568359375
08:01:00,91282CLB5,TSRYS5850286,D,S,D,2024-08-20,2000000.00,4.066603,100.568359375
08:01:00,91282CLB5,TSRYS5850286,D,S,D,2024-08-20,2000000.00,4.066603,100.568359375
08:01:00,91282CLB5,TSRYS5850286,D,B,C,2024-08-20,2000000.00,4.066603,100.568359375
08:01:00,91282CLB5,TSRYS5850286,D,B,C,2024-08-20,1000000.00,4.066603,100.568359375
08:01:00,91282CLB5,TSRYS5850286,D,B,C,2024-08-20,2000000.00,4.066603,100.568359375
08:01:00,91282CLB5,TSRYS5850286,D,B,C,2024-08-20,1000000.00,4.066603,100.568359375
08:01:00,91282CLB5,TSRYS5850286,D,S,D,2024-08-20,1000000.00,4.066603,100.568359375
08:01:00,91282CLB5,TSRYS5850286,D,S,D,2024-08-20,1000000.00,4.066603,100.568359375
08:01:00,91282CLB5,TSRYS5850286,D,B,C,2024-08-20,1000000.00,4.066603,100.568359375
08:01:00,91282CLB5,TSRYS5850286,D,S,D,2024-08-20,2000000.00,4.066603,100.568359375
08:01:00,91282CLB5,TSRYS5850286,D,B,C,2024-08-20,2000000.00,4.066603,100.568359375
08:01:00,91282CLB5,TSRYS5850286,D,S,D,2024-08-20,2000000.00,4.066603,100.568359375
08:01:00,91282CLB5,TSRYS5850286,D,S,D,2024-08-20,1000000.00,4.066603,100.568359375
08:01:00,91282CLB5,TSRYS5850286,D,S,D,2024-08-20,2000000.00,4.066603,100.568359375
08:01:00,91282CLB5,TSRYS5850286,D,S,D,2024-08-20,2000000.00,4.066603,100.568359375
08:01:00,91282CLB5,TSRYS5850286,D,S,C,2024-08-20,5000000.00,4.066603,100.568359375
08:01:00,91282CLB5,TSRYS5850286,D,S,C,2024-08-20,5000000.00,4.066603,100.568359375
08:01:00,91282CLB5,TSRYS5850286,D,B,C,2024-08-20,1000000.00,4.066603,100.568359375
08:01:00,91282CLB5,TSRYS5850286,D,B,C,2024-08-20,1000000.00,4.066603,100.568359375
08:01:00,91282CLB5,TSRYS5850286,D,S,D,2024-08-20,1000000.00,4.066603,100.568359375
08:01:00,91282CLB5,TSRYS5850286,D,S,C,2024-08-20,20000.00,4.048495,100.602
08:01:00,91282CLB5,TSRYS5850286,D,S,D,2024-08-20,1000000.00,4.066603,100.568359375
08:01:00,91282CLB5,TSRYS5850286,D,S,D,2024-08-20,1000000.00,4.061345,100.578125
08:01:01,91282CLB5,TSRYS5850286,D,B,C,2024-08-20,1000000.00,4.066603,100.568359375
08:01:01,91282CLB5,TSRYS5850286,D,B,C,2024-08-20,1000000.00,4.066603,100.568359375
08:01:01,91282CLB5,TSRYS5850286,D,S,D,2024-08-20,1000000.00,4.066603,100.568359375
08:01:01,91282CLB5,TSRYS5850286,D,S,D,2024-08-20,1000000.00,4.066603,100.568359375
08:01:01,91282CLB5,TSRYS5850286,D,S,D,2024-08-20,2000000.00,4.061345,100.578125
08:01:01,91282CLB5,TSRYS5850286,D,B,C,2024-08-20,1000000.00,4.060294,100.580078125
08:01:01,91282CLB5,TSRYS5850286,D,S,D,2024-08-20,1000000.00,4.058191,100.583984375
08:01:01,91282CLB5,TSRYS5850286,D,S,C,2024-08-20,1000000.00,4.060294,100.580078125
08:01:01,91282CLB5,TSRYS5850286,D,S,D,2024-08-20,2000000.00,4.058191,100.583984375
08:01:01,91282CLB5,TSRYS5850286,D,B,C,2024-08-20,10000000.00,4.058191,100.583984375
08:01:01,91282CLB5,TSRYS5850286,D,S,D,2024-08-20,10000000.00,4.058191,100.583984375
08:01:01,91282CLB5,TSRYS5850286,D,S,D,2024-08-20,2000000.00,4.058191,100.583984375
08:01:01,91282CLB5,TSRYS5850286,D,S,D,2024-08-20,3000000.00,4.058191,100.583984375
08:01:01,91282CLB5,TSRYS5850286,D,S,D,2024-08-20,1000000.00,4.058191,100.583984375
08:01:01,91282CLB5,TSRYS5850286,D,S,C,2024-08-20,1000000.00,4.058191,100.583984375
08:01:01,91282CLB5,TSRYS5850286,D,B,C,2024-08-20,1000000.00,4.055038,100.58984375
08:01:01,91282CLB5,TSRYS5850286,D,B,C,2024-08-20,1000000.00,4.053986,100.591796875
08:01:01,91282CLB5,TSRYS5850286,D,S,D,2024-08-20,6000000.00,4.058191,100.583984375
08:01:01,91282CLB5,TSRYS5850286,D,S,C,2024-08-20,1000000.00,4.051884,100.595703125
08:01:01,91282CLB5,TSRYS5850286,D,S,D,2024-08-20,1000000.00,4.055038,100.58984375
08:01:01,91282CLB5,TSRYS5850286,D,S,D,2024-08-20,1000000.00,4.053986,100.591796875
08:01:01,91282CLB5,TSRYS5850286,D,S,C,2024-08-20,1000000.00,4.051884,100.595703125
08:01:01,91282CLB5,TSRYS5850286,D,S,C,2024-08-20,2000000.00,4.051884,100.595703125
08:01:01,91282CLB5,TSRYS5850286,D,S,C,2024-08-20,1000000.00,4.051884,100.595703125
08:01:01,91282CLB5,TSRYS5850286,D,S,C,2024-08-20,2000000.00,4.051884,100.595703125
08:01:01,91282CLB5,TSRYS5850286,D,S,C,2024-08-20,2000000.00,4.051884,100.595703125
08:01:01,91282CLB5,TSRYS5850286,D,S,C,2024-08-20,1000000.00,4.051884,100.595703125
08:01:01,91282CLB5,TSRYS5850286,D,S,C,2024-08-20,1000000.00,4.051884,100.595703125
08:01:01,91282CLB5,TSRYS5850286,D,S,D,2024-08-20,1000000.00,4.053986,100.591796875
08:01:01,91282CLB5,TSRYS5850286,D,S,D,2024-08-20,1000000.00,4.053986,100.591796875
08:01:01,91282CLB5,TSRYS5850286,D,S,D,2024-08-20,1000000.00,4.05714,100.5859375
08:01:01,91282CLB5,TSRYS5850286,D,S,C,2024-08-20,1000000.00,4.056089,100.587890625
08:01:01,91282CLB5,TSRYS5850286,D,S,C,2024-08-20,1000000.00,4.056089,100.587890625
08:01:01,91282CLB5,TSRYS5850286,D,B,C,2024-08-20,1000000.00,4.059243,100.58203125
08:01:01,91282CLB5,TSRYS5850286,D,S,D,2024-08-20,10000000.00,4.05714,100.5859375
08:01:01,91282CLB5,TSRYS5850286,D,S,D,2024-08-20,1000000.00,4.05714,100.5859375
08:01:01,91282CLB5,TSRYS5850286,D,S,D,2024-08-20,1000000.00,4.055038,100.58984375
08:01:01,91282CLB5,TSRYS5850286,D,S,D,2024-08-20,1000000.00,4.059243,100.58203125
08:01:01,91282CLB5,TSRYS5850286,D,B,C,2024-08-20,1000000.00,4.051884,100.595703125
08:01:01,91282CLB5,TSRYS5850286,D,B,C,2024-08-20,2000000.00,4.051884,100.595703125
08:01:01,91282CLB5,TSRYS5850286,D,S,D,2024-08-20,3000000.00,4.051884,100.595703125
08:01:01,91282CLB5,TSRYS5850286,D,S,D,2024-08-20,2000000.00,4.051884,100.595703125
08:01:01,91282CLB5,TSRYS5850286,D,S,D,2024-08-20,1000000.00,4.052935,100.59375
08:01:01,91282CLB5,TSRYS5850286,D,S,D,2024-08-20,1000000.00,4.051884,100.595703125
08:01:01,91282CLB5,TSRYS5850286,D,B,C,2024-08-20,1000000.00,4.051884,100.595703125
08:01:01,91282CLB5,TSRYS5850286,D,S,D,2024-08-20,1000000.00,4.051884,100.595703125
08:01:01,91282CLB5,TSRYS5850286,D,B,C,2024-08-20,1000000.00,4.052935,100.59375
08:01:01,91282CLB5,TSRYS5850286,D,S,T,2024-08-20,1000000.00,4.061399,100.578025
08:01:01,91282CLB5,TSRYS5850286,D,S,T,2024-08-20,3000000.00,4.061345,100.578125
08:01:01,91282CLB5,TSRYS5850286,D,S,T,2024-08-20,22000000.00,4.061468,100.577898
08:01:01,91282CLB5,TSRYS5850286,D,S,T,2024-08-20,1000000.00,4.061468,100.577898
08:01:01,91282CLB5,TSRYS5850286,D,S,T,2024-08-20,3000000.00,4.061345,100.578125
08:01:01,91282CLB5,TSRYS5850286,D,S,T,2024-08-20,1000000.00,4.059365,100.58180425
08:01:01,91282CLB5,TSRYS5850286,D,S,A,2024-08-20,10500000.00,4.056979,100.5862375
08:01:10,91282CLB5,TSRYS5850286,D,S,T,2024-08-20,2000000.00,4.059243,100.58203125
08:01:11,91282CLB5,TSRYS5850286,D,B,A,2024-08-20,2000000.00,4.059243,100.58203125
08:01:11,91282CLB5,TSRYS5850286,D,S,T,2024-08-20,4000000.00,4.059243,100.58203125
08:01:11,91282CLB5,TSRYS5850286,D,B,A,2024-08-20,4000000.00,4.059243,100.58203125
08:01:11,91282CLB5,TSRYS5850286,D,S,T,2024-08-20,1000000.00,4.059243,100.58203125
08:01:11,91282CLB5,TSRYS5850286,D,B,A,2024-08-20,1000000.00,4.059243,100.58203125
08:01:11,91282CLB5,TSRYS5850286,D,S,T,2024-08-20,1000000.00,4.059243,100.58203125
08:01:11,91282CLB5,TSRYS5850286,D,B,A,2024-08-20,1000000.00,4.059243,100.58203125
08:01:11,91282CLB5,TSRYS5850286,D,S,T,2024-08-20,1000000.00,4.059243,100.58203125
08:01:11,91282CLB5,TSRYS5850286,D,B,A,2024-08-20,1000000.00,4.059243,100.58203125
08:01:11,91282CLB5,TSRYS5850286,D,S,T,2024-08-20,2000000.00,4.059243,100.58203125
08:01:11,91282CLB5,TSRYS5850286,D,S,T,2024-08-20,5000000.00,4.052935,100.59375
08:01:11,91282CLB5,TSRYS5850286,D,B,A,2024-08-20,2000000.00,4.059243,100.58203125
08:01:11,91282CLB5,TSRYS5850286,D,B,A,2024-08-20,1000000.00,4.059243,100.58203125
08:01:12,91282CLB5,TSRYS5850286,D,S,T,2024-08-20,1000000.00,4.059243,100.58203125
08:01:12,91282CLB5,TSRYS5850286,D,S,T,2024-08-20,1000000.00,4.059243,100.58203125
08:01:12,91282CLB5,TSRYS5850286,D,B,A,2024-08-20,1000000.00,4.059243,100.58203125
08:01:12,91282CLB5,TSRYS5850286,D,S,T,2024-08-20,1000000.00,4.059243,100.58203125
08:01:12,91282CLB5,TSRYS5850286,D,B,A,2024-08-20,1000000.00,4.059243,100.58203125
08:01:12,91282CLB5,TSRYS5850286,D,S,T,2024-08-20,1000000.00,4.059243,100.58203125
08:01:12,91282CLB5,TSRYS5850286,D,B,A,2024-08-20,1000000.00,4.059243,100.58203125
08:01:12,91282CLB5,TSRYS5850286,D,S,D,2024-08-20,2000000.00,4.066603,100.568359375
08:01:12,91282CLB5,TSRYS5850286,D,S,C,2024-08-20,5000000.00,4.068382,100.56591
08:01:12,91282CLB5,TSRYS5850286,D,S,C,2024-08-20,500000.00,4.068115,100.56640625
08:01:13,91282CLB5,TSRYS5850286,D,S,T,2024-08-20,3000000.00,4.066657,100.568259375
08:01:13,91282CLB5,TSRYS5850286,D,B,A,2024-08-20,985000.00,4.059243,100.58203125
08:01:14,91282CLB5,TSRYS5850286,D,S,T,2024-08-20,3000000.00,4.066697,100.568184375
08:01:14,91282CLB5,TSRYS5850286,D,S,T,2024-08-20,1000000.00,4.059243,100.58203125
08:01:14,91282CLB5,TSRYS5850286,D,S,A,2024-08-20,360000.00,4.055038,100.58984375
08:01:15,91282CLB5,TSRYS5850286,D,S,D,2024-08-20,11000000.00,4.064231,100.5727656
08:01:15,91282CLB5,TSRYS5850286,D,S,D,2024-08-20,65000000.00,4.06749,100.5667111
08:01:15,91282CLB5,TSRYS5850286,D,S,D,2024-08-20,20000000.00,4.067385,100.5669063
08:01:15,91282CLB5,TSRYS5850286,D,S,D,2024-08-20,65000000.00,4.066827,100.567943
08:01:15,91282CLB5,TSRYS5850286,D,S,D,2024-08-20,14000000.00,4.066333,100.5688594
08:01:15,91282CLB5,TSRYS5850286,D,B,C,2024-08-20,10000000.00,4.066813,100.5679688
08:01:15,91282CLB5,TSRYS5850286,D,S,D,2024-08-20,4000000.00,4.066226,100.5690594
08:01:15,91282CLB5,TSRYS5850286,D,S,D,2024-08-20,4000000.00,4.066226,100.5690594
08:01:15,91282CLB5,TSRYS5850286,D,S,D,2024-08-20,8000000.00,4.066333,100.5688594
08:01:15,91282CLB5,TSRYS5850286,D,S,D,2024-08-20,250000.00,4.052935,100.59375
08:01:15,91282CLB5,TSRYS5850286,D,S,D,2024-08-20,60000000.00,4.057963,100.5844094
08:01:15,91282CLB5,TSRYS5850286,D,S,C,2024-08-20,7000000.00,4.05556,100.5888729
08:01:15,91282CLB5,TSRYS5850286,D,S,D,2024-08-20,1000000.00,4.048731,100.6015625
08:01:15,91282CLB5,TSRYS5850286,D,S,D,2024-08-20,1000000.00,4.048731,100.6015625
08:01:15,91282CLB5,TSRYS5850286,D,S,D,2024-08-20,1000000.00,4.04768,100.603515625
08:01:15,91282CLB5,TSRYS5850286,D,S,D,2024-08-20,2000000.00,4.045578,100.607421875
08:01:15,91282CLB5,TSRYS5850286,D,S,D,2024-08-20,4000000.00,4.045578,100.607421875
08:01:15,91282CLB5,TSRYS5850286,D,S,D,2024-08-20,1000000.00,4.050833,100.59765625
08:01:15,91282CLB5,TSRYS5850286,D,S,C,2024-08-20,1000000.00,4.046629,100.60546875
08:01:15,91282CLB5,TSRYS5850286,D,B,C,2024-08-20,1000000.00,4.046629,100.60546875
08:01:15,91282CLB5,TSRYS5850286,D,S,D,2024-08-20,1000000.00,4.045578,100.607421875
08:01:16,91282CLB5,TSRYS5850286,D,S,D,2024-08-20,1000000.00,4.046629,100.60546875
08:01:16,91282CLB5,TSRYS5850286,D,S,D,2024-08-20,1000000.00,4.046629,100.60546875
08:01:16,91282CLB5,TSRYS5850286,D,S,C,2024-08-20,1000000.00,4.04768,100.603515625
08:01:16,91282CLB5,TSRYS5850286,D,S,D,2024-08-20,2000000.00,4.04768,100.603515625
08:01:16,91282CLB5,TSRYS5850286,D,S,D,2024-08-20,1000000.00,4.04768,100.603515625
08:01:16,91282CLB5,TSRYS5850286,D,S,D,2024-08-20,1000000.00,4.04768,100.603515625
08:01:16,91282CLB5,TSRYS5850286,D,S,D,2024-08-20,1000000.00,4.04768,100.603515625
08:01:16,91282CLB5,TSRYS5850286,D,S,D,2024-08-20,1000000.00,4.045578,100.607421875
08:01:16,91282CLB5,TSRYS5850286,D,S,D,2024-08-20,1000000.00,4.045578,100.607421875
08:01:16,91282CLB5,TSRYS5850286,D,S,D,2024-08-20,1000000.00,4.045578,100.607421875
08:01:16,91282CLB5,TSRYS5850286,D,S,D,2024-08-20,1000000.00,4.045578,100.607421875
08:01:16,91282CLB5,TSRYS5850286,D,S,D,2024-08-20,1000000.00,4.045578,100.607421875
08:01:16,91282CLB5,TSRYS5850286,D,S,D,2024-08-20,1000000.00,4.045578,100.607421875
08:01:16,91282CLB5,TSRYS5850286,D,S,D,2024-08-20,1000000.00,4.045578,100.607421875
08:01:16,91282CLB5,TSRYS5850286,D,S,A,2024-08-20,7900000.00,4.061345,100.578125
08:01:16,91282CLB5,TSRYS5850286,D,S,D,2024-08-20,1000000.00,4.045578,100.607421875
08:01:16,91282CLB5,TSRYS5850286,D,S,D,2024-08-20,1000000.00,4.045578,100.607421875
08:01:16,91282CLB5,TSRYS5850286,D,S,A,2024-08-20,2000000.00,4.050833,100.59765625
08:01:16,91282CLB5,TSRYS5850286,D,S,D,2024-08-20,1000000.00,4.046629,100.60546875
08:01:16,91282CLB5,TSRYS5850286,D,S,C,2024-08-20,1000000.00,4.046629,100.60546875
08:01:17,91282CLB5,TSRYS5850286,D,B,A,2024-08-20,1000000.00,4.065551,100.5703125
08:01:17,91282CLB5,TSRYS5850286,D,B,C,2024-08-20,200000.00,4.044527,100.609375
08:01:17,91282CLB5,TSRYS5850286,D,S,A,2024-08-20,1500000.00,4.055038,100.58984375
08:01:18,91282CLB5,TSRYS5850286,D,B,A,2024-08-20,10000000.00,4.065551,100.5703125
08:01:18,91282CLB5,TSRYS5850286,D,S,C,2024-08-20,4400000.00,4.065551,100.5703125
08:01:18,91282CLB5,TSRYS5850286,D,S,A,2024-08-20,3600000.00,4.061345,100.578125
08:01:18,91282CLB5,TSRYS5850286,D,S,A,2024-08-20,1160000.00,4.046629,100.60546875
08:01:19,91282CLB5,TSRYS5850286,D,B,C,2024-08-20,16147000.00,4.055218,100.58950875
08:01:21,91282CLB5,TSRYS5850286,D,B,C,2024-08-20,3000000.00,4.053986,100.59179687
08:01:21,91282CLB5,TSRYS5850286,D,B,A,2024-08-20,3000000.00,4.048731,100.6015625
08:01:21,91282CLB5,TSRYS5850286,D,S,A,2024-08-20,2700000.00,4.065551,100.5703125
08:01:21,91282CLB5,TSRYS5850286,D,S,T,2024-08-20,1000000.00,4.069825,100.562375
08:01:21,91282CLB5,TSRYS5850286,D,S,T,2024-08-20,2000000.00,4.069825,100.562375
08:01:21,91282CLB5,TSRYS5850286,D,S,T,2024-08-20,1000000.00,4.05714,100.5859375
08:01:21,91282CLB5,TSRYS5850286,D,S,D,2024-08-20,14231000.00,4.055038,100.58984375
08:01:21,91282CLB5,TSRYS5850286,D,S,T,2024-08-20,2000000.00,4.069825,100.562375
08:01:21,91282CLB5,TSRYS5850286,D,S,T,2024-08-20,1000000.00,4.052935,100.59375
08:01:21,91282CLB5,TSRYS5850286,D,S,T,2024-08-20,1000000.00,4.052935,100.59375
08:01:21,91282CLB5,TSRYS5850286,D,S,T,2024-08-20,1000000.00,4.052935,100.59375
08:01:21,91282CLB5,TSRYS5850286,D,S,T,2024-08-20,1000000.00,4.052935,100.59375
08:01:21,91282CLB5,TSRYS5850286,D,S,T,2024-08-20,1000000.00,4.052935,100.59375
08:01:21,91282CLB5,TSRYS5850286,D,S,T,2024-08-20,1000000.00,4.052935,100.59375
08:01:22,91282CLB5,TSRYS5850286,D,S,T,2024-08-20,1000000.00,4.050833,100.59765625
08:01:22,91282CLB5,TSRYS5850286,D,B,A,2024-08-20,15000000.00,4.065087,100.5703125
08:01:22,91282CLB5,TSRYS5850286,D,S,T,2024-08-20,1000000.00,4.050833,100.59765625
08:01:22,91282CLB5,TSRYS5850286,D,S,T,2024-08-20,1000000.00,4.050833,100.59765625
08:01:22,91282CLB5,TSRYS5850286,D,S,A,2024-08-20,5200000.00,4.062981,100.57421875
08:01:22,91282CLB5,TSRYS5850286,D,S,T,2024-08-20,2000000.00,4.066603,100.568359375
08:01:22,91282CLB5,TSRYS5850286,D,S,D,2024-08-20,1000000.00,4.061345,100.578125
08:01:23,91282CLB5,TSRYS5850286,D,S,C,2024-08-20,8000000.00,4.047118,100.60546875
08:01:25,91282CLB5,TSRYS5850286,D,S,D,2024-08-20,1000000.00,4.067654,100.56640625
08:01:25,91282CLB5,TSRYS5850286,D,S,C,2024-08-20,1000000.00,4.056089,100.587890625
08:01:25,91282CLB5,TSRYS5850286,D,B,C,2024-08-20,1000000.00,4.056089,100.587890625
08:01:25,91282CLB5,TSRYS5850286,D,S,A,2024-08-20,3000000.00,4.055038,100.58984375
08:01:25,91282CLB5,TSRYS5850286,D,B,C,2024-08-20,5000000.00,4.053986,100.59179687
08:01:25,91282CLB5,TSRYS5850286,D,S,C,2024-08-20,1000000.00,4.061345,100.578125
08:01:26,91282CLB5,TSRYS5850286,D,S,C,2024-08-20,1000000.00,4.063448,100.57421875
08:01:26,91282CLB5,TSRYS5850286,D,S,D,2024-08-20,1000000.00,4.066603,100.568359375
08:01:26,91282CLB5,TSRYS5850286,D,S,D,2024-08-20,1000000.00,4.065551,100.5703125
08:01:26,91282CLB5,TSRYS5850286,D,S,A,2024-08-20,30000000.00,4.055038,100.58984375
08:01:26,91282CLB5,TSRYS5850286,D,S,T,2024-08-20,1000000.00,4.050887,100.59755625
08:01:26,91282CLB5,TSRYS5850286,D,S,T,2024-08-20,1000000.00,4.050887,100.59755625
08:01:26,91282CLB5,TSRYS5850286,D,S,T,2024-08-20,1000000.00,4.050887,100.59755625
08:01:26,91282CLB5,TSRYS5850286,D,S,T,2024-08-20,1000000.00,4.050833,100.59765625
08:01:26,91282CLB5,TSRYS5850286,D,S,T,2024-08-20,2000000.00,4.050833,100.59765625
08:01:26,91282CLB5,TSRYS5850286,D,S,T,2024-08-20,1000000.00,4.050833,100.59765625
08:01:26,91282CLB5,TSRYS5850286,D,S,T,2024-08-20,1000000.00,4.050833,100.59765625
08:01:26,91282CLB5,TSRYS5850286,D,S,T,2024-08-20,5000000.00,4.050833,100.59765625
08:01:26,91282CLB5,TSRYS5850286,D,S,T,2024-08-20,1000000.00,4.050833,100.59765625
08:01:26,91282CLB5,TSRYS5850286,D,S,T,2024-08-20,1000000.00,4.046629,100.60546875
08:01:26,91282CLB5,TSRYS5850286,D,S,T,2024-08-20,1000000.00,4.050833,100.59765625
08:01:26,91282CLB5,TSRYS5850286,D,S,T,2024-08-20,1000000.00,4.050833,100.59765625
08:01:27,91282CLB5,TSRYS5850286,D,B,A,2024-08-20,1000000.00,4.046629,100.60546875
08:01:27,91282CLB5,TSRYS5850286,D,S,T,2024-08-20,1000000.00,4.046629,100.60546875
08:01:27,91282CLB5,TSRYS5850286,D,B,A,2024-08-20,1000000.00,4.046629,100.60546875
08:01:27,91282CLB5,TSRYS5850286,D,B,A,2024-08-20,1000000.00,4.046629,100.60546875
08:01:28,91282CLB5,TSRYS5850286,D,B,A,2024-08-20,19200000.00,3.968925,100.75
08:01:28,91282CLB5,TSRYS5850286,D,S,T,2024-08-20,1000000.00,4.067654,100.56640625
08:01:28,91282CLB5,TSRYS5850286,D,S,T,2024-08-20,1000000.00,4.046629,100.60546875
08:01:28,91282CLB5,TSRYS5850286,D,B,C,2024-08-20,1000000.00,4.070809,100.560546875
08:01:28,91282CLB5,TSRYS5850286,D,S,T,2024-08-20,2000000.00,4.05714,100.5859375
08:01:28,91282CLB5,TSRYS5850286,D,S,T,2024-08-20,4000000.00,4.05714,100.5859375
08:01:28,91282CLB5,TSRYS5850286,D,S,T,2024-08-20,1000000.00,4.05714,100.5859375
08:01:28,91282CLB5,TSRYS5850286,D,S,C,2024-08-20,1000000.00,4.070809,100.560746875
08:01:28,91282CLB5,TSRYS5850286,D,S,T,2024-08-20,1000000.00,4.046629,100.60546875
08:01:28,91282CLB5,TSRYS5850286,D,B,A,2024-08-20,1000000.00,4.059243,100.58203125
08:01:28,91282CLB5,TSRYS5850286,D,S,C,2024-08-20,1000000.00,4.070809,100.560546875
08:01:28,91282CLB5,TSRYS5850286,D,B,A,2024-08-20,1000000.00,4.046629,100.60546875
08:01:28,91282CLB5,TSRYS5850286,D,S,D,2024-08-20,1000000.00,4.067654,100.56640625
08:01:28,91282CLB5,TSRYS5850286,D,S,C,2024-08-20,1000000.00,4.070809,100.560546875
08:01:28,91282CLB5,TSRYS5850286,D,B,C,2024-08-20,1000000.00,4.070809,100.560546875
08:01:28,91282CLB5,TSRYS5850286,D,S,C,2024-08-20,1000000.00,4.070809,100.560546875
08:01:28,91282CLB5,TSRYS5850286,D,B,C,2024-08-20,1000000.00,4.070809,100.560546875
08:01:28,91282CLB5,TSRYS5850286,D,S,C,2024-08-20,1000000.00,4.070809,100.560546875
08:01:28,91282CLB5,TSRYS5850286,D,B,C,2024-08-20,1000000.00,4.070809,100.560546875
08:01:29,91282CLB5,TSRYS5850286,D,B,C,2024-08-20,1000000.00,4.069757,100.5625
08:01:29,91282CLB5,TSRYS5850286,D,S,C,2024-08-20,1000000.00,4.069757,100.5627
08:01:29,91282CLB5,TSRYS5850286,D,B,C,2024-08-20,1000000.00,4.069757,100.5625
08:01:29,91282CLB5,TSRYS5850286,D,S,C,2024-08-20,1000000.00,4.069757,100.5627
08:01:29,91282CLB5,TSRYS5850286,D,S,D,2024-08-20,1000000.00,4.067654,100.56640625
08:01:29,91282CLB5,TSRYS5850286,D,S,T,2024-08-20,1000000.00,4.046629,100.60546875
08:01:29,91282CLB5,TSRYS5850286,D,B,C,2024-08-20,1000000.00,4.068706,100.564453125
08:01:29,91282CLB5,TSRYS5850286,D,S,C,2024-08-20,1000000.00,4.068706,100.564653125
08:01:29,91282CLB5,TSRYS5850286,D,B,C,2024-08-20,1000000.00,4.068706,100.564453125
08:01:29,91282CLB5,TSRYS5850286,D,S,C,2024-08-20,1000000.00,4.068706,100.564653125
08:01:29,91282CLB5,TSRYS5850286,D,S,D,2024-08-20,1000000.00,4.067654,100.56640625
08:01:29,91282CLB5,TSRYS5850286,D,S,C,2024-08-20,1000000.00,4.068706,100.564453125
08:01:29,91282CLB5,TSRYS5850286,D,S,C,2024-08-20,1000000.00,4.068706,100.564453125
08:01:29,91282CLB5,TSRYS5850286,D,B,C,2024-08-20,1000000.00,4.068706,100.564453125
08:01:29,91282CLB5,TSRYS5850286,D,B,A,2024-08-20,1000000.00,4.046629,100.60546875
08:01:29,91282CLB5,TSRYS5850286,D,S,D,2024-08-20,1000000.00,4.067654,100.56640625
08:01:29,91282CLB5,TSRYS5850286,D,S,C,2024-08-20,1000000.00,4.068706,100.564453125
08:01:29,91282CLB5,TSRYS5850286,D,S,C,2024-08-20,1000000.00,4.067654,100.56640625
08:01:29,91282CLB5,TSRYS5850286,D,S,C,2024-08-20,1000000.00,4.067654,100.56640625
08:01:29,91282CLB5,TSRYS5850286,D,S,C,2024-08-20,1000000.00,4.067654,100.56640625
08:01:29,91282CLB5,TSRYS5850286,D,S,C,2024-08-20,1000000.00,4.067654,100.56640625
08:01:29,91282CLB5,TSRYS5850286,D,S,D,2024-08-20,1000000.00,4.066603,100.56835937
08:01:29,91282CLB5,TSRYS5850286,D,S,D,2024-08-20,1000000.00,4.066603,100.56835937
08:01:30,91282CLB5,TSRYS5850286,D,S,D,2024-08-20,200000.00,4.067654,100.56640625
08:01:30,91282CLB5,TSRYS5850286,D,S,D,2024-08-20,5000000.00,4.066603,100.56835937
08:01:31,91282CLB5,TSRYS5850286,D,S,D,2024-08-20,5000000.00,4.066603,100.56835937
08:01:31,91282CLB5,TSRYS5850286,D,S,C,2024-08-20,2000000.00,4.066603,100.56835937
08:01:31,91282CLB5,TSRYS5850286,D,S,C,2024-08-20,1000000.00,4.066603,100.56835937
08:01:31,91282CLB5,TSRYS5850286,D,S,C,2024-08-20,2000000.00,4.066603,100.56835937
08:01:31,91282CLB5,TSRYS5850286,D,S,D,2024-08-20,1000000.00,4.060294,100.580078125
08:01:31,91282CLB5,TSRYS5850286,D,S,C,2024-08-20,1000000.00,4.059243,100.58203125
08:01:31,91282CLB5,TSRYS5850286,D,B,C,2024-08-20,1000000.00,4.059243,100.58203125
08:01:31,91282CLB5,TSRYS5850286,D,S,C,2024-08-20,2000000.00,4.051884,100.59570312
08:01:31,91282CLB5,TSRYS5850286,D,S,C,2024-08-20,1000000.00,4.051884,100.59570312
08:01:31,91282CLB5,TSRYS5850286,D,S,D,2024-08-20,1000000.00,4.053986,100.591796875
08:01:31,91282CLB5,TSRYS5850286,D,S,D,2024-08-20,1000000.00,4.053986,100.591796875
08:01:31,91282CLB5,TSRYS5850286,D,S,C,2024-08-20,2000000.00,4.051884,100.59570312
08:01:31,91282CLB5,TSRYS5850286,D,S,C,2024-08-20,1000000.00,4.051884,100.59570312
08:01:31,91282CLB5,TSRYS5850286,D,S,C,2024-08-20,2000000.00,4.051884,100.59570312
08:01:31,91282CLB5,TSRYS5850286,D,S,D,2024-08-20,3000000.00,4.053986,100.591796875
08:01:31,91282CLB5,TSRYS5850286,D,S,D,2024-08-20,1000000.00,4.053986,100.591796875
08:01:31,91282CLB5,TSRYS5850286,D,S,C,2024-08-20,1000000.00,4.051884,100.59570312
08:01:31,91282CLB5,TSRYS5850286,D,S,C,2024-08-20,2000000.00,4.051884,100.59570312
08:01:31,91282CLB5,TSRYS5850286,D,S,C,2024-08-20,1000000.00,4.051884,100.59570312
08:01:31,91282CLB5,TSRYS5850286,D,S,D,2024-08-20,4000000.00,4.053986,100.591796875
08:01:31,91282CLB5,TSRYS5850286,D,S,C,2024-08-20,2000000.00,4.051884,100.59570312
08:01:31,91282CLB5,TSRYS5850286,D,S,C,2024-08-20,1000000.00,4.051884,100.59570312
08:01:32,91282CLB5,TSRYS5850286,D,S,C,2024-08-20,2000000.00,4.051884,100.59570312
08:01:32,91282CLB5,TSRYS5850286,D,S,C,2024-08-20,1000000.00,4.051884,100.59570312
08:01:32,91282CLB5,TSRYS5850286,D,S,C,2024-08-20,2000000.00,4.051884,100.59570312
08:01:32,91282CLB5,TSRYS5850286,D,S,D,2024-08-20,1000000.00,4.051884,100.59570312
08:01:32,91282CLB5,TSRYS5850286,D,B,C,2024-08-20,10000000.00,4.067997,100.56577
08:01:32,91282CLB5,TSRYS5850286,D,S,D,2024-08-20,2000000.00,4.051884,100.59570312
08:01:32,91282CLB5,TSRYS5850286,D,S,T,2024-08-20,2000000.00,4.052935,100.59375
08:01:32,91282CLB5,TSRYS5850286,D,S,D,2024-08-20,1000000.00,4.051884,100.59570312
08:01:32,91282CLB5,TSRYS5850286,D,S,D,2024-08-20,2000000.00,4.051884,100.59570312
08:01:32,91282CLB5,TSRYS5850286,D,S,D,2024-08-20,1000000.00,4.051884,100.59570312
08:01:32,91282CLB5,TSRYS5850286,D,S,D,2024-08-20,2000000.00,4.051884,100.59570312
08:01:32,91282CLB5,TSRYS5850286,D,S,D,2024-08-20,1000000.00,4.051884,100.59570312
08:01:33,91282CLB5,TSRYS5850286,D,S,D,2024-08-20,1000000.00,4.053986,100.591796875
08:01:33,91282CLB5,TSRYS5850286,D,S,A,2024-08-20,1500000.00,4.050833,100.59765625
08:01:33,91282CLB5,TSRYS5850286,D,S,D,2024-08-20,1000000.00,4.053986,100.591796875
08:01:33,91282CLB5,TSRYS5850286,D,S,D,2024-08-20,1000000.00,4.053986,100.591796875
08:01:33,91282CLB5,TSRYS5850286,D,S,D,2024-08-20,1000000.00,4.053986,100.591796875
08:01:33,91282CLB5,TSRYS5850286,D,S,D,2024-08-20,1000000.00,4.053986,100.59179687
08:01:33,91282CLB5,TSRYS5850286,D,S,C,2024-08-20,2000000.00,4.053986,100.59179687
08:01:33,91282CLB5,TSRYS5850286,D,S,C,2024-08-20,1000000.00,4.053986,100.59179687
08:01:33,91282CLB5,TSRYS5850286,D,S,C,2024-08-20,1000000.00,4.055038,100.58984375
08:01:34,91282CLB5,TSRYS5850286,D,S,D,2024-08-20,2000000.00,4.053986,100.59179687
08:01:34,91282CLB5,TSRYS5850286,D,S,D,2024-08-20,1000000.00,4.053986,100.59179687
08:01:34,91282CLB5,TSRYS5850286,D,S,D,2024-08-20,1000000.00,4.053986,100.59179687
08:01:34,91282CLB5,TSRYS5850286,D,S,D,2024-08-20,2000000.00,4.053986,100.59179687
08:01:34,91282CLB5,TSRYS5850286,D,S,D,2024-08-20,1000000.00,4.051884,100.59570312
08:01:34,91282CLB5,TSRYS5850286,D,S,D,2024-08-20,1000000.00,4.051884,100.59570312
08:01:34,91282CLB5,TSRYS5850286,D,S,C,2024-08-20,1000000.00,4.051884,100.59570312
08:01:34,91282CLB5,TSRYS5850286,D,S,C,2024-08-20,1000000.00,4.051884,100.59570312
08:01:34,91282CLB5,TSRYS5850286,D,S,C,2024-08-20,2000000.00,4.051884,100.59570312
08:01:34,91282CLB5,TSRYS5850286,D,S,C,2024-08-20,1000000.00,4.051884,100.59570312
08:01:35,91282CLB5,TSRYS5850286,D,S,D,2024-08-20,2000000.00,4.051884,100.59570312
08:01:35,91282CLB5,TSRYS5850286,D,S,D,2024-08-20,1000000.00,4.051884,100.59570312
08:01:35,91282CLB5,TSRYS5850286,D,S,D,2024-08-20,2000000.00,4.053986,100.59179687
08:01:35,91282CLB5,TSRYS5850286,D,S,D,2024-08-20,1000000.00,4.053986,100.59179687
08:01:35,91282CLB5,TSRYS5850286,D,S,D,2024-08-20,2000000.00,4.053986,100.59179687
08:01:35,91282CLB5,TSRYS5850286,D,S,D,2024-08-20,1000000.00,4.053986,100.59179687
08:01:35,91282CLB5,TSRYS5850286,D,S,D,2024-08-20,2000000.00,4.053986,100.59179687
08:01:35,91282CLB5,TSRYS5850286,D,S,D,2024-08-20,1000000.00,4.053986,100.59179687
08:01:35,91282CLB5,TSRYS5850286,D,S,D,2024-08-20,1000000.00,4.053986,100.59179687
08:01:35,91282CLB5,TSRYS5850286,D,S,D,2024-08-20,2000000.00,4.053986,100.59179687
08:01:35,91282CLB5,TSRYS5850286,D,S,D,2024-08-20,2000000.00,4.053986,100.59179687
08:01:35,91282CLB5,TSRYS5850286,D,S,D,2024-08-20,2000000.00,4.053986,100.59179687
08:01:35,91282CLB5,TSRYS5850286,D,S,D,2024-08-20,1000000.00,4.053986,100.59179687
08:01:35,91282CLB5,TSRYS5850286,D,S,D,2024-08-20,1000000.00,4.053986,100.59179687
08:01:35,91282CLB5,TSRYS5850286,D,S,D,2024-08-20,2000000.00,4.053986,100.59179687
08:01:35,91282CLB5,TSRYS5850286,D,S,D,2024-08-20,1000000.00,4.053986,100.59179687
08:01:35,91282CLB5,TSRYS5850286,D,S,D,2024-08-20,2000000.00,4.053986,100.59179687
08:01:35,91282CLB5,TSRYS5850286,D,S,D,2024-08-20,1000000.00,4.053986,100.59179687
08:01:35,91282CLB5,TSRYS5850286,D,S,D,2024-08-20,2000000.00,4.053986,100.59179687
08:01:35,91282CLB5,TSRYS5850286,D,S,D,2024-08-20,2000000.00,4.053986,100.59179687
08:01:35,91282CLB5,TSRYS5850286,D,S,D,2024-08-20,1000000.00,4.053986,100.59179687
08:01:35,91282CLB5,TSRYS5850286,D,S,D,2024-08-20,2000000.00,4.053986,100.59179687
08:01:35,91282CLB5,TSRYS5850286,D,S,D,2024-08-20,1000000.00,4.053986,100.59179687
08:01:35,91282CLB5,TSRYS5850286,D,S,D,2024-08-20,2000000.00,4.053986,100.59179687
08:01:35,91282CLB5,TSRYS5850286,D,S,D,2024-08-20,1000000.00,4.053986,100.59179687
08:01:35,91282CLB5,TSRYS5850286,D,S,D,2024-08-20,1000000.00,4.053986,100.59179687
08:01:36,91282CLB5,TSRYS5850286,D,S,D,2024-08-20,1000000.00,4.053986,100.59179687
08:01:36,91282CLB5,TSRYS5850286,D,S,D,2024-08-20,1000000.00,4.053986,100.59179687
08:01:36,91282CLB5,TSRYS5850286,D,S,T,2024-08-20,1000000.00,4.053986,100.59179687
08:01:36,91282CLB5,TSRYS5850286,D,S,D,2024-08-20,2000000.00,4.053986,100.59179687
08:01:36,91282CLB5,TSRYS5850286,D,S,D,2024-08-20,1000000.00,4.053986,100.59179687
08:01:36,91282CLB5,TSRYS5850286,D,S,D,2024-08-20,2000000.00,4.052935,100.59375
08:01:36,91282CLB5,TSRYS5850286,D,S,D,2024-08-20,2000000.00,4.052935,100.59375
08:01:36,91282CLB5,TSRYS5850286,D,S,D,2024-08-20,1000000.00,4.052935,100.59375
08:01:36,91282CLB5,TSRYS5850286,D,S,T,2024-08-20,1000000.00,4.053986,100.59179687
08:01:36,91282CLB5,TSRYS5850286,D,S,C,2024-08-20,1000000.00,4.051884,100.59570312
08:01:36,91282CLB5,TSRYS5850286,D,S,C,2024-08-20,2000000.00,4.051884,100.59570312
08:01:36,91282CLB5,TSRYS5850286,D,S,C,2024-08-20,1000000.00,4.051884,100.59570312
08:01:36,91282CLB5,TSRYS5850286,D,S,C,2024-08-20,2000000.00,4.051884,100.59570312
08:01:36,91282CLB5,TSRYS5850286,D,S,C,2024-08-20,1000000.00,4.051884,100.59570312
08:01:36,91282CLB5,TSRYS5850286,D,S,C,2024-08-20,1000000.00,4.051884,100.59570312
08:01:36,91282CLB5,TSRYS5850286,D,S,C,2024-08-20,2000000.00,4.051884,100.59570312
08:01:36,91282CLB5,TSRYS5850286,D,S,C,2024-08-20,2000000.00,4.051884,100.59570312
08:01:36,91282CLB5,TSRYS5850286,D,S,C,2024-08-20,1000000.00,4.051884,100.59570312
08:01:36,91282CLB5,TSRYS5850286,D,S,C,2024-08-20,2000000.00,4.051884,100.59570312
08:01:36,91282CLB5,TSRYS5850286,D,S,C,2024-08-20,1000000.00,4.051884,100.59570312
08:01:36,91282CLB5,TSRYS5850286,D,S,C,2024-08-20,2000000.00,4.051884,100.59570312
08:01:36,91282CLB5,TSRYS5850286,D,S,C,2024-08-20,1000000.00,4.051884,100.59570312
08:01:36,91282CLB5,TSRYS5850286,D,S,D,2024-08-20,1000000.00,4.053986,100.59179687
08:01:36,91282CLB5,TSRYS5850286,D,S,C,2024-08-20,2000000.00,4.051884,100.59570312
08:01:36,91282CLB5,TSRYS5850286,D,S,C,2024-08-20,1000000.00,4.051884,100.59570312
08:01:36,91282CLB5,TSRYS5850286,D,S,C,2024-08-20,2000000.00,4.051884,100.59570312
08:01:36,91282CLB5,TSRYS5850286,D,S,C,2024-08-20,1000000.00,4.051884,100.59570312
08:01:36,91282CLB5,TSRYS5850286,D,S,C,2024-08-20,2000000.00,4.051884,100.59570312
08:01:36,91282CLB5,TSRYS5850286,D,S,C,2024-08-20,1000000.00,4.051884,100.59570312
08:01:36,91282CLB5,TSRYS5850286,D,S,C,2024-08-20,2000000.00,4.051884,100.59570312
08:01:36,91282CLB5,TSRYS5850286,D,S,C,2024-08-20,1000000.00,4.051884,100.59570312
08:01:36,91282CLB5,TSRYS5850286,D,S,D,2024-08-20,1000000.00,4.051884,100.59570312
08:01:36,91282CLB5,TSRYS5850286,D,S,D,2024-08-20,1000000.00,4.051884,100.59570312
08:01:36,91282CLB5,TSRYS5850286,D,S,C,2024-08-20,1000000.00,4.051884,100.59570312
08:01:37,91282CLB5,TSRYS5850286,D,S,T,2024-08-20,1000000.00,4.051884,100.59570312
08:01:37,91282CLB5,TSRYS5850286,D,S,T,2024-08-20,1000000.00,4.051884,100.59570312
08:01:37,91282CLB5,TSRYS5850286,D,S,D,2024-08-20,1000000.00,4.051884,100.59570312
08:01:37,91282CLB5,TSRYS5850286,D,S,T,2024-08-20,2000000.00,4.061345,100.578125
08:01:37,91282CLB5,TSRYS5850286,D,S,T,2024-08-20,10000000.00,4.061345,100.578125
08:01:37,91282CLB5,TSRYS5850286,D,S,T,2024-08-20,1000000.00,4.051884,100.59570312
08:01:37,91282CLB5,TSRYS5850286,D,S,T,2024-08-20,1000000.00,4.051884,100.59570312
08:01:37,91282CLB5,TSRYS5850286,D,S,C,2024-08-20,1000000.00,4.061345,100.578125
08:01:37,91282CLB5,TSRYS5850286,D,B,C,2024-08-20,1000000.00,4.061345,100.578125
08:01:37,91282CLB5,TSRYS5850286,D,S,T,2024-08-20,1000000.00,4.0614,100.578023
08:01:37,91282CLB5,TSRYS5850286,D,S,T,2024-08-20,1000000.00,4.0614,100.578023
08:01:37,91282CLB5,TSRYS5850286,D,S,T,2024-08-20,1000000.00,4.0614,100.578023
08:01:37,91282CLB5,TSRYS5850286,D,S,T,2024-08-20,1000000.00,4.0614,100.578023
08:01:37,91282CLB5,TSRYS5850286,D,S,T,2024-08-20,1000000.00,4.0614,100.578023
08:01:37,91282CLB5,TSRYS5850286,D,S,T,2024-08-20,1000000.00,4.0614,100.578023
08:01:37,91282CLB5,TSRYS5850286,D,S,T,2024-08-20,1000000.00,4.0614,100.578023
08:01:37,91282CLB5,TSRYS5850286,D,S,T,2024-08-20,5000000.00,4.061345,100.578125
08:01:37,91282CLB5,TSRYS5850286,D,S,A,2024-08-20,50000000.00,4.061345,100.578125
08:01:37,91282CLB5,TSRYS5850286,D,S,D,2024-08-20,1000000.00,4.059243,100.58203125
08:01:37,91282CLB5,TSRYS5850286,D,B,C,2024-08-20,1000000.00,4.059243,100.58203125
08:01:37,91282CLB5,TSRYS5850286,D,S,D,2024-08-20,1000000.00,4.052935,100.59375
08:01:37,91282CLB5,TSRYS5850286,D,S,D,2024-08-20,2000000.00,4.052935,100.59375
08:01:38,91282CLB5,TSRYS5850286,D,S,C,2024-08-20,1000000.00,4.063448,100.57421875
08:01:38,91282CLB5,TSRYS5850286,D,S,C,2024-08-20,1000000.00,4.060294,100.580078125
08:01:39,91282CLB5,TSRYS5850286,D,S,T,2024-08-20,2000000.00,4.067789,100.56615625
08:01:40,91282CLB5,TSRYS5850286,D,S,T,2024-08-20,2000000.00,4.067789,100.56615625
08:01:40,91282CLB5,TSRYS5850286,D,S,D,2024-08-20,300000.00,4.061345,100.578125
08:01:41,91282CLB5,TSRYS5850286,D,S,T,2024-08-20,1000000.00,4.053003,100.593625
08:01:41,91282CLB5,TSRYS5850286,D,S,C,2024-08-20,1000000.00,4.062397,100.576171875
08:01:41,91282CLB5,TSRYS5850286,D,S,T,2024-08-20,1000000.00,4.053003,100.593625
08:01:42,91282CLB5,TSRYS5850286,D,S,T,2024-08-20,1000000.00,4.053003,100.593625
08:01:42,91282CLB5,TSRYS5850286,D,S,T,2024-08-20,1000000.00,4.053003,100.593625
08:01:42,91282CLB5,TSRYS5850286,D,S,T,2024-08-20,1000000.00,4.053003,100.593625
08:01:42,91282CLB5,TSRYS5850286,D,S,T,2024-08-20,1000000.00,4.052935,100.59375
08:01:42,91282CLB5,TSRYS5850286,D,S,T,2024-08-20,1000000.00,4.052935,100.59375
08:01:42,91282CLB5,TSRYS5850286,D,S,T,2024-08-20,1000000.00,4.053003,100.593625
08:01:42,91282CLB5,TSRYS5850286,D,S,T,2024-08-20,1000000.00,4.053003,100.593625
08:01:42,91282CLB5,TSRYS5850286,D,S,T,2024-08-20,1000000.00,4.053003,100.593625
08:01:42,91282CLB5,TSRYS5850286,D,S,T,2024-08-20,1000000.00,4.053003,100.593625
08:01:42,91282CLB5,TSRYS5850286,D,S,T,2024-08-20,1000000.00,4.053003,100.593625
08:01:42,91282CLB5,TSRYS5850286,D,S,T,2024-08-20,1000000.00,4.053003,100.593625
08:01:42,91282CLB5,TSRYS5850286,D,S,T,2024-08-20,1000000.00,4.053003,100.593625
08:01:42,91282CLB5,TSRYS5850286,D,B,A,2024-08-20,7358800.00,4.063448,100.57421875
08:01:43,91282CLB5,TSRYS5850286,D,S,T,2024-08-20,1000000.00,4.053003,100.593625
08:01:43,91282CLB5,TSRYS5850286,D,S,T,2024-08-20,1000000.00,4.053003,100.593625
08:01:43,91282CLB5,TSRYS5850286,D,S,T,2024-08-20,2000000.00,4.052935,100.59375
08:01:43,91282CLB5,TSRYS5850286,D,S,T,2024-08-20,2000000.00,4.052935,100.59375
08:01:43,91282CLB5,TSRYS5850286,D,B,A,2024-08-20,1500000.00,4.052935,100.59375
08:01:43,91282CLB5,TSRYS5850286,D,S,T,2024-08-20,1000000.00,4.053003,100.593625
08:01:43,91282CLB5,TSRYS5850286,D,S,T,2024-08-20,1000000.00,4.053003,100.593625
08:01:43,91282CLB5,TSRYS5850286,D,S,T,2024-08-20,1000000.00,4.053003,100.593625
08:01:43,91282CLB5,TSRYS5850286,D,S,T,2024-08-20,1000000.00,4.053003,100.593625
08:01:43,91282CLB5,TSRYS5850286,D,S,T,2024-08-20,2000000.00,4.052935,100.59375
08:01:43,91282CLB5,TSRYS5850286,D,S,T,2024-08-20,1000000.00,4.053003,100.593625
08:01:43,91282CLB5,TSRYS5850286,D,S,T,2024-08-20,1000000.00,4.052935,100.59375
08:01:44,91282CLB5,TSRYS5850286,D,S,T,2024-08-20,1000000.00,4.052935,100.59375
08:01:44,91282CLB5,TSRYS5850286,D,S,T,2024-08-20,2000000.00,4.052935,100.59375
08:01:45,91282CLB5,TSRYS5850286,D,S,D,2024-08-20,300000.00,4.050833,100.59765625
08:01:46,91282CLB5,TSRYS5850286,D,B,C,2024-08-20,1000000.00,4.067654,100.56640625
08:01:46,91282CLB5,TSRYS5850286,D,S,D,2024-08-20,1000000.00,4.067654,100.56640625
08:01:46,91282CLB5,TSRYS5850286,D,S,C,2024-08-20,1000000.00,4.068706,100.564453125
08:01:48,91282CLB5,TSRYS5850286,D,B,C,2024-08-20,1000000.00,4.0645,100.572265625
08:01:48,91282CLB5,TSRYS5850286,D,S,D,2024-08-20,1000000.00,4.0645,100.572265625
08:01:48,91282CLB5,TSRYS5850286,D,B,C,2024-08-20,1000000.00,4.066603,100.568359375
08:01:48,91282CLB5,TSRYS5850286,D,S,D,2024-08-20,1000000.00,4.066603,100.568359375
08:01:48,91282CLB5,TSRYS5850286,D,B,C,2024-08-20,1000000.00,4.066603,100.568359375
08:01:48,91282CLB5,TSRYS5850286,D,S,D,2024-08-20,1000000.00,4.066603,100.568359375
08:01:48,91282CLB5,TSRYS5850286,D,S,D,2024-08-20,1000000.00,4.0645,100.572440625
08:01:48,91282CLB5,TSRYS5850286,D,B,C,2024-08-20,1000000.00,4.0645,100.572265625
08:01:48,91282CLB5,TSRYS5850286,D,S,D,2024-08-20,1000000.00,4.0645,100.572440625
08:01:48,91282CLB5,TSRYS5850286,D,S,C,2024-08-20,1000000.00,4.065551,100.5703125
08:01:50,91282CLB5,TSRYS5850286,D,B,C,2024-08-20,1000000.00,4.067654,100.56640625
08:01:50,91282CLB5,TSRYS5850286,D,S,D,2024-08-20,1000000.00,4.067654,100.56640625
08:01:50,91282CLB5,TSRYS5850286,D,B,C,2024-08-20,1000000.00,4.067654,100.56640625
08:01:50,91282CLB5,TSRYS5850286,D,S,T,2024-08-20,1000000.00,4.066737,100.568109375
08:01:50,91282CLB5,TSRYS5850286,D,S,D,2024-08-20,1000000.00,4.067654,100.56640625
08:01:50,91282CLB5,TSRYS5850286,D,S,T,2024-08-20,1000000.00,4.066737,100.568109375
08:01:50,91282CLB5,TSRYS5850286,D,S,T,2024-08-20,1000000.00,4.066737,100.568109375
08:01:50,91282CLB5,TSRYS5850286,D,S,D,2024-08-20,20000.00,4.044527,100.609375
08:01:51,91282CLB5,TSRYS5850286,D,S,C,2024-08-20,2000000.00,4.06543,100.5705375
08:01:51,91282CLB5,TSRYS5850286,D,B,C,2024-08-20,1000000.00,4.065551,100.5703125
08:01:51,91282CLB5,TSRYS5850286,D,S,C,2024-08-20,1000000.00,4.065444,100.5705125
08:01:51,91282CLB5,TSRYS5850286,D,B,C,2024-08-20,2000000.00,4.065551,100.5703125
08:01:51,91282CLB5,TSRYS5850286,D,B,C,2024-08-20,1000000.00,4.065672,100.5700875
08:01:51,91282CLB5,TSRYS5850286,D,S,C,2024-08-20,1000000.00,4.065444,100.5705125
08:01:51,91282CLB5,TSRYS5850286,D,S,D,2024-08-20,1000000.00,4.063448,100.57421875
08:01:51,91282CLB5,TSRYS5850286,D,B,C,2024-08-20,1000000.00,4.063556,100.57401875
08:01:51,91282CLB5,TSRYS5850286,D,B,C,2024-08-20,1000000.00,4.061345,100.578125
08:01:51,91282CLB5,TSRYS5850286,D,S,C,2024-08-20,1000000.00,4.061224,100.57835
08:01:51,91282CLB5,TSRYS5850286,D,S,C,2024-08-20,1000000.00,4.059122,100.58225625
08:01:51,91282CLB5,TSRYS5850286,D,B,C,2024-08-20,1000000.00,4.059364,100.58180625
08:01:51,91282CLB5,TSRYS5850286,D,S,D,2024-08-20,1000000.00,4.059243,100.58203125
08:01:52,91282CLB5,TSRYS5850286,D,S,C,2024-08-20,1000000.00,4.05714,100.5859375
08:01:52,91282CLB5,TSRYS5850286,D,S,C,2024-08-20,1000000.00,4.05714,100.5859375
08:01:52,91282CLB5,TSRYS5850286,D,B,C,2024-08-20,1000000.00,4.057261,100.5857125
08:01:52,91282CLB5,TSRYS5850286,D,S,D,2024-08-20,1000000.00,4.05714,100.5859375
08:01:52,91282CLB5,TSRYS5850286,D,S,C,2024-08-20,1000000.00,4.05714,100.5859375
08:01:52,91282CLB5,TSRYS5850286,D,S,C,2024-08-20,1000000.00,4.059243,100.58203125
08:01:52,91282CLB5,TSRYS5850286,D,S,C,2024-08-20,1000000.00,4.05714,100.5859375
08:01:52,91282CLB5,TSRYS5850286,D,B,C,2024-08-20,1000000.00,4.057248,100.5857375
08:01:52,91282CLB5,TSRYS5850286,D,S,D,2024-08-20,1000000.00,4.05714,100.5859375
08:01:52,91282CLB5,TSRYS5850286,D,S,C,2024-08-20,1000000.00,4.05714,100.5859375
08:01:52,91282CLB5,TSRYS5850286,D,S,C,2024-08-20,1000000.00,4.05714,100.5859375
08:01:52,91282CLB5,TSRYS5850286,D,S,C,2024-08-20,1000000.00,4.05714,100.5859375
08:01:52,91282CLB5,TSRYS5850286,D,S,C,2024-08-20,1000000.00,4.05714,100.5859375
08:01:52,91282CLB5,TSRYS5850286,D,S,C,2024-08-20,1000000.00,4.05714,100.5859375
08:01:52,91282CLB5,TSRYS5850286,D,B,C,2024-08-20,10000000.00,4.05969,100.5812
08:01:52,91282CLB5,TSRYS5850286,D,S,C,2024-08-20,1000000.00,4.061224,100.57835
08:01:52,91282CLB5,TSRYS5850286,D,S,C,2024-08-20,1000000.00,4.063327,100.57444375
08:01:52,91282CLB5,TSRYS5850286,D,S,C,2024-08-20,1000000.00,4.06543,100.5705375
08:01:52,91282CLB5,TSRYS5850286,D,S,C,2024-08-20,1000000.00,4.06543,100.5705375
08:01:52,91282CLB5,TSRYS5850286,D,S,C,2024-08-20,1000000.00,4.065551,100.5703125
08:01:53,91282CLB5,TSRYS5850286,D,S,C,2024-08-20,1000000.00,4.067654,100.56640625
08:01:53,91282CLB5,TSRYS5850286,D,S,C,2024-08-20,1000000.00,4.065551,100.5703125
08:01:53,91282CLB5,TSRYS5850286,D,S,C,2024-08-20,1000000.00,4.069757,100.5625
08:01:53,91282CLB5,TSRYS5850286,D,S,C,2024-08-20,1000000.00,4.071861,100.55859375
08:01:53,91282CLB5,TSRYS5850286,D,S,C,2024-08-20,1000000.00,4.069757,100.5625
08:01:53,91282CLB5,TSRYS5850286,D,S,C,2024-08-20,1000000.00,4.069757,100.5625
08:01:53,91282CLB5,TSRYS5850286,D,B,C,2024-08-20,1000000.00,4.069865,100.5623
08:01:54,91282CLB5,TSRYS5850286,D,B,A,2024-08-20,9550000.00,4.063448,100.57421875
08:01:54,91282CLB5,TSRYS5850286,D,S,D,2024-08-20,1000000.00,4.069757,100.5625
08:01:54,91282CLB5,TSRYS5850286,D,S,D,2024-08-20,1000000.00,4.069757,100.5625
08:01:54,91282CLB5,TSRYS5850286,D,B,C,2024-08-20,1000000.00,4.069865,100.5623
08:01:54,91282CLB5,TSRYS5850286,D,S,D,2024-08-20,2000000.00,4.069757,100.5625
08:01:54,91282CLB5,TSRYS5850286,D,B,C,2024-08-20,2000000.00,4.069878,100.562275
08:01:54,91282CLB5,TSRYS5850286,D,B,C,2024-08-20,1000000.00,4.069878,100.562275
08:01:54,91282CLB5,TSRYS5850286,D,S,D,2024-08-20,1000000.00,4.069757,100.5625
08:01:54,91282CLB5,TSRYS5850286,D,S,C,2024-08-20,1000000.00,4.067533,100.56663125
08:01:54,91282CLB5,TSRYS5850286,D,B,C,2024-08-20,2000000.00,4.069878,100.562275
08:01:54,91282CLB5,TSRYS5850286,D,S,C,2024-08-20,1000000.00,4.06965,100.5627
08:01:54,91282CLB5,TSRYS5850286,D,S,D,2024-08-20,2000000.00,4.069757,100.5625
08:01:54,91282CLB5,TSRYS5850286,D,B,C,2024-08-20,1000000.00,4.069757,100.5625
08:01:54,91282CLB5,TSRYS5850286,D,S,C,2024-08-20,1000000.00,4.067654,100.56640625
08:01:54,91282CLB5,TSRYS5850286,D,B,C,2024-08-20,1000000.00,4.067762,100.56620625
08:01:54,91282CLB5,TSRYS5850286,D,S,A,2024-08-20,5000000.00,4.052935,100.59375
08:01:55,91282CLB5,TSRYS5850286,D,B,C,2024-08-20,1000000.00,4.065659,100.5701125
08:01:55,91282CLB5,TSRYS5850286,D,S,D,2024-08-20,1000000.00,4.065551,100.5703125
08:01:55,91282CLB5,TSRYS5850286,D,S,D,2024-08-20,1000000.00,4.065551,100.5703125
08:01:55,91282CLB5,TSRYS5850286,D,S,D,2024-08-20,1000000.00,4.065551,100.5703125
08:01:55,91282CLB5,TSRYS5850286,D,S,D,2024-08-20,1000000.00,4.048731,100.6015625
08:01:55,91282CLB5,TSRYS5850286,D,S,D,2024-08-20,1000000.00,4.04768,100.603515625
08:01:55,91282CLB5,TSRYS5850286,D,S,D,2024-08-20,1000000.00,4.069757,100.5625
08:01:55,91282CLB5,TSRYS5850286,D,B,C,2024-08-20,1000000.00,4.069757,100.5625
08:01:55,91282CLB5,TSRYS5850286,D,S,D,2024-08-20,1000000.00,4.069757,100.5625
08:01:55,91282CLB5,TSRYS5850286,D,S,T,2024-08-20,2000000.00,4.061345,100.578125
08:01:55,91282CLB5,TSRYS5850286,D,S,T,2024-08-20,1000000.00,4.061345,100.578125
08:01:55,91282CLB5,TSRYS5850286,D,S,T,2024-08-20,1000000.00,4.061345,100.578125
08:01:55,91282CLB5,TSRYS5850286,D,S,T,2024-08-20,2000000.00,4.061345,100.578125
08:01:55,91282CLB5,TSRYS5850286,D,S,C,2024-08-20,1000000.00,4.063368,100.57436875
08:01:55,91282CLB5,TSRYS5850286,D,S,T,2024-08-20,1000000.00,4.061345,100.578125
08:01:55,91282CLB5,TSRYS5850286,D,S,D,2024-08-20,1000000.00,4.069757,100.5625
08:01:55,91282CLB5,TSRYS5850286,D,S,A,2024-08-20,4958000.00,4.065551,100.5703125
08:01:55,91282CLB5,TSRYS5850286,D,S,T,2024-08-20,1000000.00,4.046629,100.60546875
08:01:55,91282CLB5,TSRYS5850286,D,S,T,2024-08-20,1000000.00,4.046629,100.60546875
08:01:55,91282CLB5,TSRYS5850286,D,S,T,2024-08-20,2000000.00,4.061345,100.578125
08:01:55,91282CLB5,TSRYS5850286,D,S,D,2024-08-20,1000000.00,4.046629,100.60546875
08:01:55,91282CLB5,TSRYS5850286,D,S,T,2024-08-20,1000000.00,4.061345,100.578125
08:01:55,91282CLB5,TSRYS5850286,D,B,C,2024-08-20,1000000.00,4.055145,100.58964375
08:01:55,91282CLB5,TSRYS5850286,D,S,T,2024-08-20,2000000.00,4.061345,100.578125
08:01:55,91282CLB5,TSRYS5850286,D,S,C,2024-08-20,1000000.00,4.068706,100.564453125
08:01:55,91282CLB5,TSRYS5850286,D,S,C,2024-08-20,1000000.00,4.068706,100.564453125
08:01:55,91282CLB5,TSRYS5850286,D,S,D,2024-08-20,4000000.00,4.067654,100.56640625
08:01:55,91282CLB5,TSRYS5850286,D,B,C,2024-08-20,1000000.00,4.067654,100.56640625
08:01:55,91282CLB5,TSRYS5850286,D,S,D,2024-08-20,1000000.00,4.067654,100.56658125
08:01:55,91282CLB5,TSRYS5850286,D,S,D,2024-08-20,1000000.00,4.055038,100.58984375
08:01:55,91282CLB5,TSRYS5850286,D,S,T,2024-08-20,1000000.00,4.061345,100.578125
08:01:55,91282CLB5,TSRYS5850286,D,S,D,2024-08-20,1000000.00,4.046629,100.60546875
08:01:55,91282CLB5,TSRYS5850286,D,S,T,2024-08-20,1000000.00,4.046629,100.60546875
08:01:55,91282CLB5,TSRYS5850286,D,S,T,2024-08-20,1000000.00,4.046629,100.60546875
08:01:55,91282CLB5,TSRYS5850286,D,S,D,2024-08-20,1000000.00,4.04768,100.603515625
08:01:55,91282CLB5,TSRYS5850286,D,B,C,2024-08-20,1000000.00,4.067654,100.56640625
08:01:55,91282CLB5,TSRYS5850286,D,S,D,2024-08-20,1000000.00,4.067654,100.56658125
08:01:55,91282CLB5,TSRYS5850286,D,B,C,2024-08-20,1000000.00,4.067654,100.56640625
08:01:55,91282CLB5,TSRYS5850286,D,S,D,2024-08-20,1000000.00,4.067654,100.56658125
08:01:55,91282CLB5,TSRYS5850286,D,S,T,2024-08-20,1000000.00,4.061453,100.577925
08:01:55,91282CLB5,TSRYS5850286,D,S,T,2024-08-20,1000000.00,4.061453,100.577925
08:01:55,91282CLB5,TSRYS5850286,D,S,D,2024-08-20,1000000.00,4.055038,100.58984375
08:01:55,91282CLB5,TSRYS5850286,D,S,T,2024-08-20,1000000.00,4.061453,100.577925
08:01:55,91282CLB5,TSRYS5850286,D,S,D,2024-08-20,1000000.00,4.05493,100.59004375
08:01:55,91282CLB5,TSRYS5850286,D,B,C,2024-08-20,1000000.00,4.055038,100.58984375
08:01:55,91282CLB5,TSRYS5850286,D,S,T,2024-08-20,1000000.00,4.061453,100.577925
08:01:55,91282CLB5,TSRYS5850286,D,S,T,2024-08-20,1000000.00,4.04768,100.603515625
08:01:55,91282CLB5,TSRYS5850286,D,S,T,2024-08-20,2000000.00,4.04768,100.603515625
08:01:55,91282CLB5,TSRYS5850286,D,S,D,2024-08-20,2000000.00,4.04768,100.603515625
08:01:55,91282CLB5,TSRYS5850286,D,S,T,2024-08-20,1000000.00,4.061345,100.578125
08:01:55,91282CLB5,TSRYS5850286,D,S,T,2024-08-20,1000000.00,4.061345,100.578125
08:01:55,91282CLB5,TSRYS5850286,D,B,C,2024-08-20,1000000.00,4.067654,100.56640625
08:01:55,91282CLB5,TSRYS5850286,D,S,D,2024-08-20,1000000.00,4.067654,100.56658125
08:01:55,91282CLB5,TSRYS5850286,D,B,C,2024-08-20,1000000.00,4.067654,100.56640625
08:01:55,91282CLB5,TSRYS5850286,D,S,D,2024-08-20,1000000.00,4.067654,100.56658125
08:01:55,91282CLB5,TSRYS5850286,D,S,D,2024-08-20,1000000.00,4.04768,100.603515625
08:01:55,91282CLB5,TSRYS5850286,D,S,T,2024-08-20,1000000.00,4.04768,100.603515625
08:01:55,91282CLB5,TSRYS5850286,D,S,D,2024-08-20,1000000.00,4.04768,100.603515625
08:01:55,91282CLB5,TSRYS5850286,D,S,D,2024-08-20,1000000.00,4.04768,100.603515625
08:01:55,91282CLB5,TSRYS5850286,D,S,T,2024-08-20,1000000.00,4.04768,100.603515625
08:01:55,91282CLB5,TSRYS5850286,D,B,C,2024-08-20,1000000.00,4.067654,100.56640625
08:01:55,91282CLB5,TSRYS5850286,D,S,D,2024-08-20,1000000.00,4.067654,100.56658125
08:01:55,91282CLB5,TSRYS5850286,D,S,T,2024-08-20,2000000.00,4.04768,100.603515625
08:01:55,91282CLB5,TSRYS5850286,D,S,T,2024-08-20,1000000.00,4.04768,100.603515625
08:01:56,91282CLB5,TSRYS5850286,D,S,T,2024-08-20,1000000.00,4.04768,100.603515625
08:01:56,91282CLB5,TSRYS5850286,D,S,T,2024-08-20,1000000.00,4.04768,100.603515625
08:01:56,91282CLB5,TSRYS5850286,D,S,T,2024-08-20,1000000.00,4.04768,100.603515625
08:01:56,91282CLB5,TSRYS5850286,D,S,T,2024-08-20,1000000.00,4.046629,100.60546875
08:01:56,91282CLB5,TSRYS5850286,D,S,D,2024-08-20,1000000.00,4.055038,100.58984375
08:01:56,91282CLB5,TSRYS5850286,D,S,D,2024-08-20,1000000.00,4.055038,100.58984375
08:01:56,91282CLB5,TSRYS5850286,D,S,D,2024-08-20,5000000.00,4.067654,100.56640625
08:01:56,91282CLB5,TSRYS5850286,D,S,D,2024-08-20,2000000.00,4.067654,100.56658125
08:01:56,91282CLB5,TSRYS5850286,D,S,D,2024-08-20,2000000.00,4.055038,100.58984375
08:01:56,91282CLB5,TSRYS5850286,D,B,C,2024-08-20,2000000.00,4.055038,100.58984375
08:01:56,91282CLB5,TSRYS5850286,D,S,D,2024-08-20,1000000.00,4.05714,100.5859375
08:01:56,91282CLB5,TSRYS5850286,D,B,C,2024-08-20,1000000.00,4.05714,100.5859375
08:01:56,91282CLB5,TSRYS5850286,D,S,T,2024-08-20,1000000.00,4.046629,100.60546875
08:01:56,91282CLB5,TSRYS5850286,D,S,T,2024-08-20,1000000.00,4.046629,100.60546875
08:01:56,91282CLB5,TSRYS5850286,D,S,C,2024-08-20,1000000.00,4.057033,100.5861375
08:01:56,91282CLB5,TSRYS5850286,D,S,C,2024-08-20,1000000.00,4.05714,100.5859375
08:01:56,91282CLB5,TSRYS5850286,D,B,C,2024-08-20,1000000.00,4.05714,100.5859375
08:01:56,91282CLB5,TSRYS5850286,D,S,T,2024-08-20,1000000.00,4.046629,100.60546875
08:01:56,91282CLB5,TSRYS5850286,D,B,C,2024-08-20,1000000.00,4.05714,100.5859375
08:01:56,91282CLB5,TSRYS5850286,D,S,D,2024-08-20,1000000.00,4.045578,100.607421875
08:01:56,91282CLB5,TSRYS5850286,D,S,T,2024-08-20,1000000.00,4.045578,100.607421875
08:01:56,91282CLB5,TSRYS5850286,D,S,D,2024-08-20,1000000.00,4.045578,100.607421875
08:01:56,91282CLB5,TSRYS5850286,D,B,C,2024-08-20,1000000.00,4.061468,100.577898
08:01:56,91282CLB5,TSRYS5850286,D,S,D,2024-08-20,1000000.00,4.045578,100.607421875
08:01:56,91282CLB5,TSRYS5850286,D,S,C,2024-08-20,1000000.00,4.061211,100.578375
08:01:56,91282CLB5,TSRYS5850286,D,S,D,2024-08-20,1000000.00,4.045578,100.607421875
08:01:56,91282CLB5,TSRYS5850286,D,S,D,2024-08-20,2000000.00,4.067654,100.56640625
08:01:56,91282CLB5,TSRYS5850286,D,S,D,2024-08-20,2000000.00,4.067654,100.56640625
08:01:56,91282CLB5,TSRYS5850286,D,S,D,2024-08-20,1000000.00,4.067654,100.56658125
08:01:56,91282CLB5,TSRYS5850286,D,S,D,2024-08-20,1000000.00,4.045578,100.607421875
08:01:56,91282CLB5,TSRYS5850286,D,S,D,2024-08-20,1000000.00,4.045578,100.607421875
08:01:56,91282CLB5,TSRYS5850286,D,S,D,2024-08-20,1000000.00,4.045578,100.607421875
08:01:56,91282CLB5,TSRYS5850286,D,S,T,2024-08-20,1000000.00,4.067724,100.56627625
08:01:56,91282CLB5,TSRYS5850286,D,S,D,2024-08-20,2000000.00,4.067654,100.56640625
08:01:56,91282CLB5,TSRYS5850286,D,S,D,2024-08-20,1000000.00,4.045578,100.607421875
08:01:56,91282CLB5,TSRYS5850286,D,S,D,2024-08-20,1000000.00,4.045578,100.607421875
08:01:56,91282CLB5,TSRYS5850286,D,S,D,2024-08-20,1000000.00,4.059243,100.58203125
08:01:56,91282CLB5,TSRYS5850286,D,B,C,2024-08-20,1000000.00,4.059365,100.58180425
08:01:56,91282CLB5,TSRYS5850286,D,B,C,2024-08-20,1000000.00,4.059365,100.58180425
08:01:56,91282CLB5,TSRYS5850286,D,S,D,2024-08-20,143000000.00,4.052833,100.59394
08:01:56,91282CLB5,TSRYS5850286,D,S,D,2024-08-20,1000000.00,4.059243,100.58203125
08:01:56,91282CLB5,TSRYS5850286,D,S,D,2024-08-20,1000000.00,4.059243,100.58203125
08:01:56,91282CLB5,TSRYS5850286,D,B,C,2024-08-20,1000000.00,4.059243,100.58203125
08:01:56,91282CLB5,TSRYS5850286,D,S,D,2024-08-20,1000000.00,4.046629,100.60546875
08:01:56,91282CLB5,TSRYS5850286,D,S,D,2024-08-20,1000000.00,4.046629,100.60546875
08:01:56,91282CLB5,TSRYS5850286,D,S,D,2024-08-20,2000000.00,4.067654,100.56640625
08:01:56,91282CLB5,TSRYS5850286,D,S,D,2024-08-20,1000000.00,4.067654,100.56640625
08:01:56,91282CLB5,TSRYS5850286,D,B,C,2024-08-20,1000000.00,4.067654,100.56640625
08:01:56,91282CLB5,TSRYS5850286,D,S,D,2024-08-20,1000000.00,4.059243,100.58203125
08:01:56,91282CLB5,TSRYS5850286,D,B,C,2024-08-20,1000000.00,4.059243,100.58203125
08:01:56,91282CLB5,TSRYS5850286,D,S,T,2024-08-20,1000000.00,4.046629,100.60546875
08:01:56,91282CLB5,TSRYS5850286,D,S,T,2024-08-20,1000000.00,4.046629,100.60546875
08:01:56,91282CLB5,TSRYS5850286,D,S,T,2024-08-20,1000000.00,4.046629,100.60546875
08:01:56,91282CLB5,TSRYS5850286,D,S,C,2024-08-20,1000000.00,4.059243,100.58203125
08:01:56,91282CLB5,TSRYS5850286,D,S,D,2024-08-20,1000000.00,4.067654,100.56658125
08:01:56,91282CLB5,TSRYS5850286,D,B,C,2024-08-20,1000000.00,4.067654,100.56640625
08:01:56,91282CLB5,TSRYS5850286,D,S,D,2024-08-20,1000000.00,4.067654,100.56658125
08:01:56,91282CLB5,TSRYS5850286,D,S,C,2024-08-20,1000000.00,4.059243,100.58203125
08:01:56,91282CLB5,TSRYS5850286,D,S,C,2024-08-20,1000000.00,4.059243,100.58203125
08:01:56,91282CLB5,TSRYS5850286,D,S,C,2024-08-20,1000000.00,4.059243,100.58203125
08:01:56,91282CLB5,TSRYS5850286,D,S,C,2024-08-20,2000000.00,4.059243,100.58203125
08:01:56,91282CLB5,TSRYS5850286,D,S,D,2024-08-20,2000000.00,4.067654,100.56640625
08:01:56,91282CLB5,TSRYS5850286,D,S,D,2024-08-20,2000000.00,4.066603,100.568359375
08:01:56,91282CLB5,TSRYS5850286,D,S,C,2024-08-20,1000000.00,4.059243,100.58203125
08:01:56,91282CLB5,TSRYS5850286,D,S,C,2024-08-20,1000000.00,4.059243,100.58203125
08:01:56,91282CLB5,TSRYS5850286,D,S,C,2024-08-20,1000000.00,4.059243,100.58203125
08:01:56,91282CLB5,TSRYS5850286,D,S,C,2024-08-20,1000000.00,4.059243,100.58203125
08:01:56,91282CLB5,TSRYS5850286,D,S,D,2024-08-20,1000000.00,4.059243,100.58203125
08:01:56,91282CLB5,TSRYS5850286,D,B,C,2024-08-20,1000000.00,4.059243,100.58203125
08:01:56,91282CLB5,TSRYS5850286,D,B,C,2024-08-20,10000000.00,4.059486,100.58158
08:01:56,91282CLB5,TSRYS5850286,D,B,C,2024-08-20,1000000.00,4.066603,100.568359375
08:01:56,91282CLB5,TSRYS5850286,D,S,D,2024-08-20,1000000.00,4.066603,100.568534375
08:01:56,91282CLB5,TSRYS5850286,D,B,C,2024-08-20,1000000.00,4.066603,100.568359375
08:01:56,91282CLB5,TSRYS5850286,D,S,D,2024-08-20,1000000.00,4.066603,100.568534375
08:01:56,91282CLB5,TSRYS5850286,D,B,C,2024-08-20,1000000.00,4.066603,100.568359375
08:01:56,91282CLB5,TSRYS5850286,D,S,D,2024-08-20,1000000.00,4.066603,100.568534375
08:01:56,91282CLB5,TSRYS5850286,D,B,C,2024-08-20,1000000.00,4.066603,100.568359375
08:01:56,91282CLB5,TSRYS5850286,D,S,D,2024-08-20,1000000.00,4.066603,100.568534375
08:01:57,91282CLB5,TSRYS5850286,D,B,C,2024-08-20,1000000.00,4.066603,100.568359375
08:01:57,91282CLB5,TSRYS5850286,D,S,D,2024-08-20,1000000.00,4.066603,100.568534375
08:01:57,91282CLB5,TSRYS5850286,D,S,D,2024-08-20,2000000.00,4.066603,100.568359375
08:01:57,91282CLB5,TSRYS5850286,D,S,D,2024-08-20,1000000.00,4.066603,100.568359375
08:01:57,91282CLB5,TSRYS5850286,D,S,D,2024-08-20,4000000.00,4.066603,100.568534375
08:01:57,91282CLB5,TSRYS5850286,D,B,C,2024-08-20,4000000.00,4.066603,100.568359375
08:01:57,91282CLB5,TSRYS5850286,D,S,D,2024-08-20,2000000.00,4.067654,100.56640625
08:01:57,91282CLB5,TSRYS5850286,D,S,D,2024-08-20,2000000.00,4.066603,100.568359375
08:01:57,91282CLB5,TSRYS5850286,D,S,D,2024-08-20,2000000.00,4.066603,100.568359375
08:01:57,91282CLB5,TSRYS5850286,D,S,D,2024-08-20,3000000.00,4.066603,100.568359375
08:01:57,91282CLB5,TSRYS5850286,D,S,C,2024-08-20,1000000.00,4.066603,100.568359375
08:01:57,91282CLB5,TSRYS5850286,D,B,C,2024-08-20,1000000.00,4.066603,100.568159375
08:01:59,91282CLB5,TSRYS5850286,D,S,C,2024-08-20,1000000.00,4.066603,100.568359375
08:01:59,91282CLB5,TSRYS5850286,D,B,C,2024-08-20,1000000.00,4.066603,100.568159375
08:01:59,91282CLB5,TSRYS5850286,D,S,C,2024-08-20,1000000.00,4.066603,100.568359375
08:01:59,91282CLB5,TSRYS5850286,D,B,C,2024-08-20,1000000.00,4.066603,100.568359375
08:01:59,91282CLB5,TSRYS5850286,D,S,A,2024-08-20,210000.00,4.063448,100.57421875
08:01:59,91282CLB5,TSRYS5850286,D,B,C,2024-08-20,3000000.00,4.051884,100.59570312
08:02:00,91282CLB5,TSRYS5850286,D,S,T,2024-08-20,1000000.00,4.046629,100.60546875
08:02:01,91282CLB5,TSRYS5850286,D,B,C,2024-08-20,1000000.00,4.066603,100.568359375
08:02:01,91282CLB5,TSRYS5850286,D,S,D,2024-08-20,1000000.00,4.066603,100.568534375
08:02:01,91282CLB5,TSRYS5850286,D,S,D,2024-08-20,2000000.00,4.066603,100.568359375
08:02:01,91282CLB5,TSRYS5850286,D,S,D,2024-08-20,2000000.00,4.066603,100.568359375
08:02:01,91282CLB5,TSRYS5850286,D,S,C,2024-08-20,1000000.00,4.066603,100.568359375
08:02:01,91282CLB5,TSRYS5850286,D,B,C,2024-08-20,1000000.00,4.066603,100.568359375
08:02:01,91282CLB5,TSRYS5850286,D,S,A,2024-08-20,7110000.00,4.065551,100.5703125
