tradeTime,cusip,issueSymbolIdentifier,priceType,reportingSideCode,contraPartyTypeCode,tradeDate,reportedTradeVolume,lastSaleYield,lastSalePrice
08:00:05,91282CKK6,TSRYS5793014,D,S,D,2024-04-24,96300000.00,4.875,100.0
08:00:05,91282CKK6,TSRYS5793014,D,S,D,2024-04-24,26550000.00,4.875,100.0
08:00:05,91282CKK6,TSRYS5793014,D,S,D,2024-04-24,1000000.00,4.909228,99.935546875
08:00:05,91282CKK6,TSRYS5793014,D,S,D,2024-04-24,1000000.00,4.909228,99.935546875
08:00:05,91282CKK6,TSRYS5793014,D,S,D,2024-04-24,1000000.00,4.909228,99.935546875
08:00:05,91282CKK6,TSRYS5793014,D,S,D,2024-04-24,1000000.00,4.909228,99.935546875
08:00:05,91282CKK6,TSRYS5793014,D,S,D,2024-04-24,1000000.00,4.909228,99.935546875
08:00:05,91282CKK6,TSRYS5793014,D,S,D,2024-04-24,1000000.00,4.909228,99.935546875
08:00:05,91282CKK6,TSRYS5793014,D,S,T,2024-04-24,2000000.00,4.912341,99.9296875
08:00:08,91282CKK6,TSRYS5793014,D,S,D,2024-04-24,4000000.00,4.939331,99.87890625
08:00:08,91282CKK6,TSRYS5793014,D,S,T,2024-04-24,1000000.00,4.940369,99.876953125
08:00:08,91282CKK6,TSRYS5793014,D,S,D,2024-04-24,3000000.00,4.940369,99.876953125
08:00:08,91282CKK6,TSRYS5793014,D,S,D,2024-04-24,2000000.00,4.941408,99.875
08:00:08,91282CKK6,TSRYS5793014,D,S,D,2024-04-24,5000000.00,4.941408,99.875
08:00:08,91282CKK6,TSRYS5793014,D,S,D,2024-04-24,5000000.00,4.941408,99.875
08:00:08,91282CKK6,TSRYS5793014,D,S,D,2024-04-24,5000000.00,4.941408,99.875
08:00:08,91282CKK6,TSRYS5793014,D,S,T,2024-04-24,1000000.00,4.939331,99.87890625
08:00:08,91282CKK6,TSRYS5793014,D,S,D,2024-04-24,4000000.00,4.940369,99.876953125
08:00:08,91282CKK6,TSRYS5793014,D,S,D,2024-04-24,4000000.00,4.940369,99.876953125
08:00:08,91282CKK6,TSRYS5793014,D,S,D,2024-04-24,4000000.00,4.940369,99.876953125
08:00:08,91282CKK6,TSRYS5793014,D,S,D,2024-04-24,4000000.00,4.940369,99.876953125
08:00:08,91282CKK6,TSRYS5793014,D,S,D,2024-04-24,4000000.00,4.940369,99.876953125
08:00:08,91282CKK6,TSRYS5793014,D,S,D,2024-04-24,4000000.00,4.940369,99.876953125
08:00:08,91282CKK6,TSRYS5793014,D,S,T,2024-04-24,3000000.00,4.940369,99.876953125
08:00:08,91282CKK6,TSRYS5793014,D,S,D,2024-04-24,1000000.00,4.940369,99.876953125
08:00:08,91282CKK6,TSRYS5793014,D,S,D,2024-04-24,4000000.00,4.940369,99.876953125
08:00:08,91282CKK6,TSRYS5793014,D,S,D,2024-04-24,4000000.00,4.940369,99.876953125
08:00:08,91282CKK6,TSRYS5793014,D,S,T,2024-04-24,3000000.00,4.940369,99.876953125
08:00:08,91282CKK6,TSRYS5793014,D,S,D,2024-04-24,1000000.00,4.940369,99.876953125
08:00:08,91282CKK6,TSRYS5793014,D,S,T,2024-04-24,3000000.00,4.940369,99.876953125
08:00:08,91282CKK6,TSRYS5793014,D,S,D,2024-04-24,1000000.00,4.940369,99.876953125
08:00:08,91282CKK6,TSRYS5793014,D,S,D,2024-04-24,4000000.00,4.940369,99.876953125
08:00:08,91282CKK6,TSRYS5793014,D,S,D,2024-04-24,2000000.00,4.940369,99.876953125
08:00:08,91282CKK6,TSRYS5793014,D,S,D,2024-04-24,2000000.00,4.940369,99.876953125
08:00:08,91282CKK6,TSRYS5793014,D,S,T,2024-04-24,3000000.00,4.940369,99.876953125
08:00:08,91282CKK6,TSRYS5793014,D,S,D,2024-04-24,1000000.00,4.940369,99.876953125
08:00:08,91282CKK6,TSRYS5793014,D,S,T,2024-04-24,4000000.00,4.940369,99.876953125
08:00:08,91282CKK6,TSRYS5793014,D,S,D,2024-04-24,4000000.00,4.940369,99.876953125
08:00:08,91282CKK6,TSRYS5793014,D,S,D,2024-04-24,4000000.00,4.940369,99.876953125
08:00:08,91282CKK6,TSRYS5793014,D,S,D,2024-04-24,4000000.00,4.940369,99.876953125
08:00:08,91282CKK6,TSRYS5793014,D,S,D,2024-04-24,1000000.00,4.940369,99.876953125
08:00:08,91282CKK6,TSRYS5793014,D,S,T,2024-04-24,1000000.00,4.910266,99.93359375
08:00:08,91282CKK6,TSRYS5793014,D,B,A,2024-04-24,2000000.00,4.914417,99.92578125
08:00:08,91282CKK6,TSRYS5793014,D,S,A,2024-04-24,2000000.00,4.914417,99.92578125
08:00:08,91282CKK6,TSRYS5793014,D,S,T,2024-04-24,1000000.00,4.909228,99.935546875
08:00:08,91282CKK6,TSRYS5793014,D,S,T,2024-04-24,1000000.00,4.909228,99.935546875
08:00:08,91282CKK6,TSRYS5793014,D,S,T,2024-04-24,1000000.00,4.909228,99.935546875
08:00:08,91282CKK6,TSRYS5793014,D,S,T,2024-04-24,1000000.00,4.909228,99.935546875
08:00:08,91282CKK6,TSRYS5793014,D,S,T,2024-04-24,1000000.00,4.909228,99.935546875
08:00:08,91282CKK6,TSRYS5793014,D,S,T,2024-04-24,1000000.00,4.909228,99.935546875
08:00:08,91282CKK6,TSRYS5793014,D,S,T,2024-04-24,1000000.00,4.909228,99.935546875
08:00:08,91282CKK6,TSRYS5793014,D,S,D,2024-04-24,1000000.00,4.909228,99.935546875
08:00:08,91282CKK6,TSRYS5793014,D,S,T,2024-04-24,1000000.00,4.909228,99.935546875
08:00:08,91282CKK6,TSRYS5793014,D,S,C,2024-04-24,960000.00,4.912341,99.9296875
08:00:08,91282CKK6,TSRYS5793014,D,B,A,2024-04-24,680000.00,4.918568,99.91796875
08:00:08,91282CKK6,TSRYS5793014,D,S,T,2024-04-24,1000000.00,4.918568,99.91796875
08:00:08,91282CKK6,TSRYS5793014,D,S,T,2024-04-24,1000000.00,4.920644,99.9140625
08:00:08,91282CKK6,TSRYS5793014,D,S,C,2024-04-24,4740000.00,4.926872,99.90234375
08:00:08,91282CKK6,TSRYS5793014,D,B,C,2024-04-24,4740000.00,4.928948,99.8984375
08:00:08,91282CKK6,TSRYS5793014,D,S,T,2024-04-24,1000000.00,4.926872,99.90234375
08:00:08,91282CKK6,TSRYS5793014,D,B,C,2024-04-24,103714000.00,4.926872,99.90234375
08:00:09,91282CKK6,TSRYS5793014,D,S,T,2024-04-24,2000000.00,4.947639,99.86328125
08:00:09,91282CKK6,TSRYS5793014,D,S,T,2024-04-24,1000000.00,4.947639,99.86328125
08:00:09,91282CKK6,TSRYS5793014,D,S,T,2024-04-24,3000000.00,4.947639,99.86328125
08:00:09,91282CKK6,TSRYS5793014,D,S,T,2024-04-24,1000000.00,4.910266,99.93359375
08:00:09,91282CKK6,TSRYS5793014,D,S,A,2024-04-24,500000.00,4.937254,99.8828125
08:00:09,91282CKK6,TSRYS5793014,D,S,A,2024-04-24,7000000.00,4.937254,99.8828125
08:00:09,91282CKK6,TSRYS5793014,D,S,T,2024-04-24,1000000.00,4.939331,99.87890625
08:00:09,91282CKK6,TSRYS5793014,D,S,T,2024-04-24,3000000.00,4.939331,99.87890625
08:00:09,91282CKK6,TSRYS5793014,D,S,T,2024-04-24,1000000.00,4.939331,99.87890625
08:00:09,91282CKK6,TSRYS5793014,D,S,T,2024-04-24,1000000.00,4.939331,99.87890625
08:00:09,91282CKK6,TSRYS5793014,D,S,T,2024-04-24,2000000.00,4.939331,99.87890625
08:00:09,91282CKK6,TSRYS5793014,D,S,T,2024-04-24,1000000.00,4.937254,99.8828125
08:00:09,91282CKK6,TSRYS5793014,D,S,T,2024-04-24,1000000.00,4.937254,99.8828125
08:00:09,91282CKK6,TSRYS5793014,D,S,T,2024-04-24,1000000.00,4.937254,99.8828125
08:00:09,91282CKK6,TSRYS5793014,D,S,T,2024-04-24,3000000.00,4.943485,99.87109375
08:00:09,91282CKK6,TSRYS5793014,D,S,T,2024-04-24,8000000.00,4.943485,99.87109375
08:00:09,91282CKK6,TSRYS5793014,D,S,T,2024-04-24,2000000.00,4.943485,99.87109375
08:00:09,91282CKK6,TSRYS5793014,D,S,T,2024-04-24,1000000.00,4.943485,99.87109375
08:00:09,91282CKK6,TSRYS5793014,D,S,T,2024-04-24,6000000.00,4.943485,99.87109375
08:00:09,91282CKK6,TSRYS5793014,D,S,T,2024-04-24,1000000.00,4.943485,99.87109375
08:00:09,91282CKK6,TSRYS5793014,D,S,T,2024-04-24,2000000.00,4.943485,99.87109375
08:00:09,91282CKK6,TSRYS5793014,D,S,T,2024-04-24,7000000.00,4.943485,99.87109375
08:00:09,91282CKK6,TSRYS5793014,D,S,T,2024-04-24,3000000.00,4.943485,99.87109375
08:00:09,91282CKK6,TSRYS5793014,D,S,T,2024-04-24,2000000.00,4.943485,99.87109375
08:00:09,91282CKK6,TSRYS5793014,D,S,T,2024-04-24,2000000.00,4.943485,99.87109375
08:00:09,91282CKK6,TSRYS5793014,D,S,T,2024-04-24,2000000.00,4.943485,99.87109375
08:00:09,91282CKK6,TSRYS5793014,D,S,T,2024-04-24,1000000.00,4.943485,99.87109375
08:00:09,91282CKK6,TSRYS5793014,D,S,T,2024-04-24,2000000.00,4.943485,99.87109375
08:00:09,91282CKK6,TSRYS5793014,D,S,T,2024-04-24,2000000.00,4.943485,99.87109375
08:00:09,91282CKK6,TSRYS5793014,D,S,D,2024-04-24,114000000.00,4.941976,99.87393
08:00:09,91282CKK6,TSRYS5793014,D,S,T,2024-04-24,1000000.00,4.942446,99.873046875
08:00:09,91282CKK6,TSRYS5793014,D,S,C,2024-04-24,1000000.00,4.943485,99.87109375
08:00:09,91282CKK6,TSRYS5793014,D,S,T,2024-04-24,1000000.00,4.943485,99.87109375
08:00:09,91282CKK6,TSRYS5793014,D,S,T,2024-04-24,1000000.00,4.941408,99.875
08:00:09,91282CKK6,TSRYS5793014,D,S,T,2024-04-24,1000000.00,4.941408,99.875
08:00:09,91282CKK6,TSRYS5793014,D,S,T,2024-04-24,1000000.00,4.941408,99.875
08:00:09,91282CKK6,TSRYS5793014,D,S,T,2024-04-24,1000000.00,4.941408,99.875
08:00:09,91282CKK6,TSRYS5793014,D,S,T,2024-04-24,4000000.00,4.941408,99.875
08:00:09,91282CKK6,TSRYS5793014,D,S,T,2024-04-24,2000000.00,4.941408,99.875
08:00:09,91282CKK6,TSRYS5793014,D,S,T,2024-04-24,11000000.00,4.941408,99.875
08:00:09,91282CKK6,TSRYS5793014,D,S,T,2024-04-24,1000000.00,4.941408,99.875
08:00:09,91282CKK6,TSRYS5793014,D,S,T,2024-04-24,2000000.00,4.941408,99.875
08:00:09,91282CKK6,TSRYS5793014,D,S,T,2024-04-24,2000000.00,4.941408,99.875
08:00:09,91282CKK6,TSRYS5793014,D,S,T,2024-04-24,1000000.00,4.941408,99.875
08:00:09,91282CKK6,TSRYS5793014,D,S,T,2024-04-24,1000000.00,4.941408,99.875
08:00:09,91282CKK6,TSRYS5793014,D,S,T,2024-04-24,2000000.00,4.941408,99.875
08:00:09,91282CKK6,TSRYS5793014,D,S,T,2024-04-24,1000000.00,4.941408,99.875
08:00:09,91282CKK6,TSRYS5793014,D,S,T,2024-04-24,1000000.00,4.941408,99.875
08:00:09,91282CKK6,TSRYS5793014,D,S,T,2024-04-24,1000000.00,4.941408,99.875
08:00:09,91282CKK6,TSRYS5793014,D,S,T,2024-04-24,1000000.00,4.941408,99.875
08:00:09,91282CKK6,TSRYS5793014,D,S,T,2024-04-24,1000000.00,4.941408,99.875
08:00:09,91282CKK6,TSRYS5793014,D,S,T,2024-04-24,6000000.00,4.941408,99.875
08:00:09,91282CKK6,TSRYS5793014,D,S,T,2024-04-24,2000000.00,4.941408,99.875
08:00:09,91282CKK6,TSRYS5793014,D,S,T,2024-04-24,1000000.00,4.941408,99.875
08:00:09,91282CKK6,TSRYS5793014,D,S,T,2024-04-24,2000000.00,4.941408,99.875
08:00:09,91282CKK6,TSRYS5793014,D,S,T,2024-04-24,3000000.00,4.941408,99.875
08:00:09,91282CKK6,TSRYS5793014,D,S,T,2024-04-24,1000000.00,4.941408,99.875
08:00:09,91282CKK6,TSRYS5793014,D,S,T,2024-04-24,14000000.00,4.941408,99.875
08:00:09,91282CKK6,TSRYS5793014,D,S,T,2024-04-24,1000000.00,4.941408,99.875
08:00:09,91282CKK6,TSRYS5793014,D,S,T,2024-04-24,1000000.00,4.941408,99.875
08:00:09,91282CKK6,TSRYS5793014,D,S,T,2024-04-24,2000000.00,4.941408,99.875
08:00:09,91282CKK6,TSRYS5793014,D,S,T,2024-04-24,1000000.00,4.941408,99.875
08:00:09,91282CKK6,TSRYS5793014,D,S,T,2024-04-24,2000000.00,4.941408,99.875
08:00:09,91282CKK6,TSRYS5793014,D,S,T,2024-04-24,1000000.00,4.941408,99.875
08:00:09,91282CKK6,TSRYS5793014,D,S,T,2024-04-24,1000000.00,4.939331,99.87890625
08:00:09,91282CKK6,TSRYS5793014,D,S,T,2024-04-24,1000000.00,4.941408,99.875
08:00:09,91282CKK6,TSRYS5793014,D,B,A,2024-04-24,15000000.00,4.943485,99.87109375
08:00:09,91282CKK6,TSRYS5793014,D,S,T,2024-04-24,1000000.00,4.943485,99.87109375
08:00:09,91282CKK6,TSRYS5793014,D,B,A,2024-04-24,10000000.00,4.943485,99.87109375
08:00:09,91282CKK6,TSRYS5793014,D,S,T,2024-04-24,1000000.00,4.943485,99.87109375
08:00:09,91282CKK6,TSRYS5793014,D,S,T,2024-04-24,6000000.00,4.943485,99.87109375
08:00:09,91282CKK6,TSRYS5793014,D,S,T,2024-04-24,2000000.00,4.943485,99.87109375
08:00:09,91282CKK6,TSRYS5793014,D,S,T,2024-04-24,1000000.00,4.943485,99.87109375
08:00:09,91282CKK6,TSRYS5793014,D,S,T,2024-04-24,1000000.00,4.943485,99.87109375
08:00:09,91282CKK6,TSRYS5793014,D,S,T,2024-04-24,1000000.00,4.943485,99.87109375
08:00:09,91282CKK6,TSRYS5793014,D,S,T,2024-04-24,3000000.00,4.943485,99.87109375
08:00:09,91282CKK6,TSRYS5793014,D,S,T,2024-04-24,1000000.00,4.941408,99.875
08:00:09,91282CKK6,TSRYS5793014,D,S,T,2024-04-24,86650000.00,4.875,100.0
08:00:09,91282CKK6,TSRYS5793014,D,S,T,2024-04-24,9650000.00,4.875,100.0
08:00:09,91282CKK6,TSRYS5793014,D,S,C,2024-04-24,100000000.00,4.90819,99.9375
08:00:09,91282CKK6,TSRYS5793014,D,B,A,2024-04-24,73747000.00,4.875,100.0
08:00:09,91282CKK6,TSRYS5793014,D,S,T,2024-04-24,70300000.00,4.875,100.0
08:00:09,91282CKK6,TSRYS5793014,D,S,T,2024-04-24,9650000.00,4.875,100.0
08:00:09,91282CKK6,TSRYS5793014,D,S,T,2024-04-24,16350000.00,4.875,100.0
08:00:09,91282CKK6,TSRYS5793014,D,B,C,2024-04-24,151711000.00,4.943485,99.87109375
08:00:09,91282CKK6,TSRYS5793014,D,S,T,2024-04-24,1000000.00,4.945562,99.8671875
08:00:09,91282CKK6,TSRYS5793014,D,S,T,2024-04-24,6000000.00,4.945562,99.8671875
08:00:09,91282CKK6,TSRYS5793014,D,S,T,2024-04-24,1000000.00,4.945562,99.8671875
08:00:09,91282CKK6,TSRYS5793014,D,S,T,2024-04-24,1000000.00,4.945562,99.8671875
08:00:09,91282CKK6,TSRYS5793014,D,S,T,2024-04-24,6000000.00,4.945562,99.8671875
08:00:09,91282CKK6,TSRYS5793014,D,S,T,2024-04-24,1000000.00,4.945562,99.8671875
08:00:09,91282CKK6,TSRYS5793014,D,S,T,2024-04-24,1000000.00,4.945562,99.8671875
08:00:09,91282CKK6,TSRYS5793014,D,S,T,2024-04-24,2000000.00,4.945562,99.8671875
08:00:09,91282CKK6,TSRYS5793014,D,S,T,2024-04-24,2000000.00,4.945562,99.8671875
08:00:09,91282CKK6,TSRYS5793014,D,S,T,2024-04-24,1000000.00,4.945562,99.8671875
08:00:09,91282CKK6,TSRYS5793014,D,S,T,2024-04-24,2000000.00,4.945562,99.8671875
08:00:09,91282CKK6,TSRYS5793014,D,S,T,2024-04-24,10000000.00,4.945562,99.8671875
08:00:09,91282CKK6,TSRYS5793014,D,S,T,2024-04-24,1000000.00,4.945562,99.8671875
08:00:09,91282CKK6,TSRYS5793014,D,S,T,2024-04-24,1000000.00,4.945562,99.8671875
08:00:09,91282CKK6,TSRYS5793014,D,S,T,2024-04-24,3000000.00,4.945562,99.8671875
08:00:09,91282CKK6,TSRYS5793014,D,S,T,2024-04-24,25000000.00,4.945562,99.8671875
08:00:09,91282CKK6,TSRYS5793014,D,S,T,2024-04-24,6000000.00,4.947639,99.86328125
08:00:09,91282CKK6,TSRYS5793014,D,S,T,2024-04-24,1000000.00,4.947639,99.86328125
08:00:09,91282CKK6,TSRYS5793014,D,S,T,2024-04-24,9000000.00,4.947639,99.86328125
08:00:09,91282CKK6,TSRYS5793014,D,S,T,2024-04-24,1000000.00,4.947639,99.86328125
08:00:09,91282CKK6,TSRYS5793014,D,S,T,2024-04-24,1000000.00,4.947639,99.86328125
08:00:09,91282CKK6,TSRYS5793014,D,S,T,2024-04-24,1000000.00,4.947639,99.86328125
08:00:09,91282CKK6,TSRYS5793014,D,S,T,2024-04-24,1000000.00,4.947639,99.86328125
08:00:09,91282CKK6,TSRYS5793014,D,S,T,2024-04-24,14450000.00,4.875,100.0
08:00:09,91282CKK6,TSRYS5793014,D,S,T,2024-04-24,48100000.00,4.875,100.0
08:00:09,91282CKK6,TSRYS5793014,D,S,T,2024-04-24,9650000.00,4.875,100.0
08:00:09,91282CKK6,TSRYS5793014,D,S,T,2024-04-24,24100000.00,4.875,100.0
08:00:09,91282CKK6,TSRYS5793014,D,S,C,2024-04-24,250MM+,4.875,100.0
08:00:09,91282CKK6,TSRYS5793014,D,S,T,2024-04-24,1000000.00,4.944523,99.869140625
08:00:09,91282CKK6,TSRYS5793014,D,S,T,2024-04-24,2000000.00,4.943485,99.87109375
08:00:09,91282CKK6,TSRYS5793014,D,S,T,2024-04-24,1000000.00,4.943485,99.87109375
08:00:09,91282CKK6,TSRYS5793014,D,S,T,2024-04-24,1000000.00,4.944523,99.869140625
08:00:09,91282CKK6,TSRYS5793014,D,S,T,2024-04-24,1000000.00,4.944523,99.869140625
08:00:09,91282CKK6,TSRYS5793014,D,B,C,2024-04-24,132600000.00,4.875,100.0
08:00:10,91282CKK6,TSRYS5793014,D,S,T,2024-04-24,1000000.00,4.940369,99.876953125
08:00:10,91282CKK6,TSRYS5793014,D,S,T,2024-04-24,1000000.00,4.940369,99.876953125
08:00:10,91282CKK6,TSRYS5793014,D,S,T,2024-04-24,2000000.00,4.940369,99.876953125
08:00:10,91282CKK6,TSRYS5793014,D,S,T,2024-04-24,1000000.00,4.940369,99.876953125
08:00:10,91282CKK6,TSRYS5793014,D,S,D,2024-04-24,5000000.00,4.939331,99.87890625
08:00:10,91282CKK6,TSRYS5793014,D,S,T,2024-04-24,1000000.00,4.910266,99.93359375
08:00:13,91282CKK6,TSRYS5793014,D,S,T,2024-04-24,1000000.00,4.90819,99.9375
08:00:14,91282CKK6,TSRYS5793014,D,S,T,2024-04-24,1000000.00,4.90819,99.9375
08:00:14,91282CKK6,TSRYS5793014,D,S,D,2024-04-24,2000000.00,4.915454,99.923828125
08:00:14,91282CKK6,TSRYS5793014,D,S,D,2024-04-24,2000000.00,4.915454,99.923828125
08:00:15,91282CKK6,TSRYS5793014,D,S,D,2024-04-24,1000000.00,4.909228,99.935546875
08:00:15,91282CKK6,TSRYS5793014,D,S,D,2024-04-24,2000000.00,4.911303,99.931640625
08:00:15,91282CKK6,TSRYS5793014,D,S,D,2024-04-24,2000000.00,4.912341,99.9296875
08:00:16,91282CKK6,TSRYS5793014,D,S,D,2024-04-24,2000000.00,4.918568,99.91796875
08:00:28,91282CKK6,TSRYS5793014,D,S,C,2024-04-24,1000000.00,4.92791,99.900390625
08:00:30,91282CKK6,TSRYS5793014,D,S,D,2024-04-24,1000000.00,4.909228,99.935546875
08:00:30,91282CKK6,TSRYS5793014,D,S,D,2024-04-24,1000000.00,4.909228,99.935546875
08:00:30,91282CKK6,TSRYS5793014,D,S,D,2024-04-24,1000000.00,4.909228,99.935546875
08:00:30,91282CKK6,TSRYS5793014,D,S,D,2024-04-24,1000000.00,4.909228,99.935546875
08:00:30,91282CKK6,TSRYS5793014,D,S,D,2024-04-24,1000000.00,4.909228,99.935546875
08:00:30,91282CKK6,TSRYS5793014,D,S,D,2024-04-24,2000000.00,4.918568,99.91796875
08:00:33,91282CKK6,TSRYS5793014,D,S,D,2024-04-24,2000000.00,4.943485,99.87109375
08:00:33,91282CKK6,TSRYS5793014,D,S,D,2024-04-24,3000000.00,4.943485,99.87109375
08:00:33,91282CKK6,TSRYS5793014,D,S,T,2024-04-24,2000000.00,4.910266,99.93359375
08:00:33,91282CKK6,TSRYS5793014,D,S,T,2024-04-24,2000000.00,4.940369,99.876953125
08:00:33,91282CKK6,TSRYS5793014,D,S,T,2024-04-24,1000000.00,4.940369,99.876953125
08:00:33,91282CKK6,TSRYS5793014,D,S,D,2024-04-24,1000000.00,4.931024,99.89453125
08:00:33,91282CKK6,TSRYS5793014,D,S,D,2024-04-24,1000000.00,4.949716,99.859375
08:00:33,91282CKK6,TSRYS5793014,D,S,D,2024-04-24,1000000.00,4.948677,99.861328125
08:00:33,91282CKK6,TSRYS5793014,D,S,D,2024-04-24,3000000.00,4.944523,99.869140625
08:00:33,91282CKK6,TSRYS5793014,D,S,D,2024-04-24,3000000.00,4.940369,99.876953125
08:00:33,91282CKK6,TSRYS5793014,D,S,D,2024-04-24,1000000.00,4.940369,99.876953125
08:00:33,91282CKK6,TSRYS5793014,D,S,D,2024-04-24,2000000.00,4.940369,99.876953125
08:00:33,91282CKK6,TSRYS5793014,D,S,D,2024-04-24,3000000.00,4.940369,99.876953125
08:00:33,91282CKK6,TSRYS5793014,D,S,D,2024-04-24,3000000.00,4.941408,99.875
08:00:33,91282CKK6,TSRYS5793014,D,S,D,2024-04-24,1000000.00,4.909228,99.935546875
08:00:33,91282CKK6,TSRYS5793014,D,S,D,2024-04-24,2000000.00,4.909228,99.935546875
08:00:33,91282CKK6,TSRYS5793014,D,S,D,2024-04-24,2000000.00,4.909228,99.935546875
08:00:33,91282CKK6,TSRYS5793014,D,S,D,2024-04-24,1000000.00,4.909228,99.935546875
08:00:33,91282CKK6,TSRYS5793014,D,S,D,2024-04-24,1000000.00,4.909228,99.935546875
08:00:33,91282CKK6,TSRYS5793014,D,S,D,2024-04-24,2000000.00,4.909228,99.935546875
08:00:33,91282CKK6,TSRYS5793014,D,S,D,2024-04-24,1000000.00,4.909228,99.935546875
08:00:33,91282CKK6,TSRYS5793014,D,S,D,2024-04-24,2000000.00,4.909228,99.935546875
08:00:33,91282CKK6,TSRYS5793014,D,S,D,2024-04-24,1000000.00,4.909228,99.935546875
08:00:33,91282CKK6,TSRYS5793014,D,S,D,2024-04-24,1000000.00,4.909228,99.935546875
08:00:33,91282CKK6,TSRYS5793014,D,S,D,2024-04-24,1000000.00,4.909228,99.935546875
08:00:33,91282CKK6,TSRYS5793014,D,S,D,2024-04-24,2000000.00,4.909228,99.935546875
08:00:33,91282CKK6,TSRYS5793014,D,S,D,2024-04-24,2000000.00,4.909228,99.935546875
08:00:33,91282CKK6,TSRYS5793014,D,S,D,2024-04-24,1000000.00,4.909228,99.935546875
08:00:33,91282CKK6,TSRYS5793014,D,S,D,2024-04-24,1000000.00,4.909228,99.935546875
08:00:33,91282CKK6,TSRYS5793014,D,S,D,2024-04-24,1000000.00,4.909228,99.935546875
08:00:33,91282CKK6,TSRYS5793014,D,S,D,2024-04-24,1000000.00,4.909228,99.935546875
08:00:33,91282CKK6,TSRYS5793014,D,S,D,2024-04-24,1000000.00,4.909228,99.935546875
08:00:33,91282CKK6,TSRYS5793014,D,S,D,2024-04-24,1000000.00,4.909228,99.935546875
08:00:33,91282CKK6,TSRYS5793014,D,S,D,2024-04-24,1000000.00,4.909228,99.935546875
08:00:33,91282CKK6,TSRYS5793014,D,S,D,2024-04-24,1000000.00,4.909228,99.935546875
08:00:33,91282CKK6,TSRYS5793014,D,S,D,2024-04-24,1000000.00,4.909228,99.935546875
08:00:33,91282CKK6,TSRYS5793014,D,S,T,2024-04-24,3000000.00,4.940369,99.876953125
08:00:33,91282CKK6,TSRYS5793014,D,S,D,2024-04-24,1000000.00,4.948677,99.861328125
08:00:33,91282CKK6,TSRYS5793014,D,S,D,2024-04-24,2000000.00,4.948677,99.861328125
08:00:33,91282CKK6,TSRYS5793014,D,S,D,2024-04-24,3000000.00,4.948677,99.861328125
08:00:33,91282CKK6,TSRYS5793014,D,S,D,2024-04-24,2000000.00,4.944523,99.869140625
08:00:33,91282CKK6,TSRYS5793014,D,S,D,2024-04-24,1000000.00,4.944523,99.869140625
08:00:33,91282CKK6,TSRYS5793014,D,S,D,2024-04-24,3000000.00,4.944523,99.869140625
08:00:33,91282CKK6,TSRYS5793014,D,S,D,2024-04-24,2000000.00,4.943485,99.87109375
08:00:33,91282CKK6,TSRYS5793014,D,S,D,2024-04-24,1000000.00,4.943485,99.87109375
08:00:33,91282CKK6,TSRYS5793014,D,S,D,2024-04-24,1000000.00,4.943485,99.87109375
08:00:33,91282CKK6,TSRYS5793014,D,S,D,2024-04-24,2000000.00,4.943485,99.87109375
08:00:33,91282CKK6,TSRYS5793014,D,S,D,2024-04-24,1000000.00,4.943485,99.87109375
08:00:33,91282CKK6,TSRYS5793014,D,S,D,2024-04-24,3000000.00,4.944523,99.869140625
08:00:33,91282CKK6,TSRYS5793014,D,S,D,2024-04-24,1000000.00,4.944523,99.869140625
08:00:33,91282CKK6,TSRYS5793014,D,S,D,2024-04-24,3000000.00,4.941408,99.875
08:00:33,91282CKK6,TSRYS5793014,D,S,D,2024-04-24,3000000.00,4.940369,99.876953125
08:00:33,91282CKK6,TSRYS5793014,D,S,D,2024-04-24,2000000.00,4.940369,99.876953125
08:00:33,91282CKK6,TSRYS5793014,D,S,D,2024-04-24,2000000.00,4.940369,99.876953125
08:00:33,91282CKK6,TSRYS5793014,D,S,D,2024-04-24,2000000.00,4.940369,99.876953125
08:00:33,91282CKK6,TSRYS5793014,D,S,D,2024-04-24,4000000.00,4.938292,99.880859375
08:00:33,91282CKK6,TSRYS5793014,D,S,D,2024-04-24,1000000.00,4.938292,99.880859375
08:00:33,91282CKK6,TSRYS5793014,D,S,D,2024-04-24,3000000.00,4.940369,99.876953125
08:00:33,91282CKK6,TSRYS5793014,D,S,D,2024-04-24,3000000.00,4.940369,99.876953125
08:00:33,91282CKK6,TSRYS5793014,D,S,D,2024-04-24,2000000.00,4.940369,99.876953125
08:00:33,91282CKK6,TSRYS5793014,D,S,D,2024-04-24,1000000.00,4.940369,99.876953125
08:00:33,91282CKK6,TSRYS5793014,D,S,T,2024-04-24,2000000.00,4.911303,99.931640625
08:00:33,91282CKK6,TSRYS5793014,D,S,T,2024-04-24,1000000.00,4.910266,99.93359375
08:00:33,91282CKK6,TSRYS5793014,D,S,T,2024-04-24,1000000.00,4.910266,99.93359375
08:00:33,91282CKK6,TSRYS5793014,D,S,T,2024-04-24,1000000.00,4.910266,99.93359375
08:00:33,91282CKK6,TSRYS5793014,D,S,T,2024-04-24,2000000.00,4.910266,99.93359375
08:00:33,91282CKK6,TSRYS5793014,D,S,T,2024-04-24,2000000.00,4.909228,99.935546875
08:00:33,91282CKK6,TSRYS5793014,D,S,T,2024-04-24,1000000.00,4.909228,99.935546875
08:00:33,91282CKK6,TSRYS5793014,D,S,T,2024-04-24,2000000.00,4.909228,99.935546875
08:00:33,91282CKK6,TSRYS5793014,D,S,T,2024-04-24,1000000.00,4.909228,99.935546875
08:00:33,91282CKK6,TSRYS5793014,D,S,T,2024-04-24,1000000.00,4.909228,99.935546875
08:00:33,91282CKK6,TSRYS5793014,D,S,T,2024-04-24,4000000.00,4.909228,99.935546875
08:00:33,91282CKK6,TSRYS5793014,D,S,T,2024-04-24,1000000.00,4.909228,99.935546875
08:00:33,91282CKK6,TSRYS5793014,D,S,T,2024-04-24,1000000.00,4.909228,99.935546875
08:00:33,91282CKK6,TSRYS5793014,D,S,T,2024-04-24,1000000.00,4.909228,99.935546875
08:00:33,91282CKK6,TSRYS5793014,D,S,T,2024-04-24,1000000.00,4.909228,99.935546875
08:00:33,91282CKK6,TSRYS5793014,D,S,T,2024-04-24,1000000.00,4.909228,99.935546875
08:00:33,91282CKK6,TSRYS5793014,D,S,T,2024-04-24,1000000.00,4.909228,99.935546875
08:00:33,91282CKK6,TSRYS5793014,D,S,T,2024-04-24,1000000.00,4.909228,99.935546875
08:00:33,91282CKK6,TSRYS5793014,D,S,T,2024-04-24,1000000.00,4.915454,99.923828125
08:00:33,91282CKK6,TSRYS5793014,D,S,T,2024-04-24,1000000.00,4.915454,99.923828125
08:00:33,91282CKK6,TSRYS5793014,D,S,T,2024-04-24,2000000.00,4.919606,99.916015625
08:00:33,91282CKK6,TSRYS5793014,D,S,T,2024-04-24,2000000.00,4.92791,99.900390625
08:00:33,91282CKK6,TSRYS5793014,D,S,T,2024-04-24,1000000.00,4.929986,99.896484375
08:00:33,91282CKK6,TSRYS5793014,D,S,T,2024-04-24,3000000.00,4.940369,99.876953125
08:00:33,91282CKK6,TSRYS5793014,D,S,T,2024-04-24,3000000.00,4.929986,99.896484375
08:00:33,91282CKK6,TSRYS5793014,D,S,T,2024-04-24,1000000.00,4.929986,99.896484375
08:00:33,91282CKK6,TSRYS5793014,D,S,T,2024-04-24,3000000.00,4.928948,99.8984375
08:00:33,91282CKK6,TSRYS5793014,D,S,T,2024-04-24,1000000.00,4.928948,99.8984375
08:00:33,91282CKK6,TSRYS5793014,D,S,T,2024-04-24,1000000.00,4.940369,99.876953125
08:00:33,91282CKK6,TSRYS5793014,D,S,T,2024-04-24,3000000.00,4.943485,99.87109375
08:00:33,91282CKK6,TSRYS5793014,D,S,T,2024-04-24,4000000.00,4.945562,99.8671875
08:00:33,91282CKK6,TSRYS5793014,D,S,T,2024-04-24,4000000.00,4.945562,99.8671875
08:00:33,91282CKK6,TSRYS5793014,D,S,T,2024-04-24,4000000.00,4.945562,99.8671875
08:00:33,91282CKK6,TSRYS5793014,D,S,T,2024-04-24,4000000.00,4.945562,99.8671875
08:00:33,91282CKK6,TSRYS5793014,D,S,T,2024-04-24,1000000.00,4.948677,99.861328125
08:00:33,91282CKK6,TSRYS5793014,D,S,T,2024-04-24,3000000.00,4.948677,99.861328125
08:00:33,91282CKK6,TSRYS5793014,D,S,T,2024-04-24,3000000.00,4.948677,99.861328125
08:00:33,91282CKK6,TSRYS5793014,D,S,T,2024-04-24,2000000.00,4.944523,99.869140625
08:00:33,91282CKK6,TSRYS5793014,D,S,T,2024-04-24,2000000.00,4.944523,99.869140625
08:00:33,91282CKK6,TSRYS5793014,D,S,T,2024-04-24,3000000.00,4.944523,99.869140625
08:00:33,91282CKK6,TSRYS5793014,D,S,T,2024-04-24,3000000.00,4.944523,99.869140625
08:00:33,91282CKK6,TSRYS5793014,D,S,T,2024-04-24,1000000.00,4.940369,99.876953125
08:00:33,91282CKK6,TSRYS5793014,D,S,T,2024-04-24,1000000.00,4.940369,99.876953125
08:00:33,91282CKK6,TSRYS5793014,D,S,T,2024-04-24,1000000.00,4.940369,99.876953125
08:00:33,91282CKK6,TSRYS5793014,D,S,T,2024-04-24,1000000.00,4.940369,99.876953125
08:00:33,91282CKK6,TSRYS5793014,D,S,T,2024-04-24,2000000.00,4.940369,99.876953125
08:00:33,91282CKK6,TSRYS5793014,D,S,T,2024-04-24,3000000.00,4.940369,99.876953125
08:00:33,91282CKK6,TSRYS5793014,D,S,T,2024-04-24,1000000.00,4.940369,99.876953125
08:00:33,91282CKK6,TSRYS5793014,D,S,T,2024-04-24,1000000.00,4.911303,99.931640625
08:00:33,91282CKK6,TSRYS5793014,D,S,T,2024-04-24,1000000.00,4.911303,99.931640625
08:00:33,91282CKK6,TSRYS5793014,D,S,T,2024-04-24,1000000.00,4.910266,99.93359375
08:00:33,91282CKK6,TSRYS5793014,D,S,T,2024-04-24,2000000.00,4.910266,99.93359375
08:00:33,91282CKK6,TSRYS5793014,D,S,T,2024-04-24,1000000.00,4.910266,99.93359375
08:00:33,91282CKK6,TSRYS5793014,D,S,T,2024-04-24,3000000.00,4.910266,99.93359375
08:00:33,91282CKK6,TSRYS5793014,D,S,T,2024-04-24,2000000.00,4.910266,99.93359375
08:00:33,91282CKK6,TSRYS5793014,D,S,T,2024-04-24,6000000.00,4.914417,99.92578125
08:00:33,91282CKK6,TSRYS5793014,D,S,T,2024-04-24,3000000.00,4.910266,99.93359375
08:00:33,91282CKK6,TSRYS5793014,D,S,T,2024-04-24,3000000.00,4.910266,99.93359375
08:00:33,91282CKK6,TSRYS5793014,D,S,T,2024-04-24,2000000.00,4.910266,99.93359375
08:00:33,91282CKK6,TSRYS5793014,D,S,T,2024-04-24,1000000.00,4.912341,99.9296875
08:00:33,91282CKK6,TSRYS5793014,D,S,T,2024-04-24,1000000.00,4.912341,99.9296875
08:00:33,91282CKK6,TSRYS5793014,D,S,T,2024-04-24,3000000.00,4.912341,99.9296875
08:00:33,91282CKK6,TSRYS5793014,D,S,T,2024-04-24,2000000.00,4.912341,99.9296875
08:00:33,91282CKK6,TSRYS5793014,D,S,T,2024-04-24,1000000.00,4.912341,99.9296875
08:00:33,91282CKK6,TSRYS5793014,D,S,T,2024-04-24,1000000.00,4.914417,99.92578125
08:00:33,91282CKK6,TSRYS5793014,D,S,T,2024-04-24,1000000.00,4.914417,99.92578125
08:00:33,91282CKK6,TSRYS5793014,D,S,T,2024-04-24,3000000.00,4.914417,99.92578125
08:00:33,91282CKK6,TSRYS5793014,D,S,T,2024-04-24,3000000.00,4.914417,99.92578125
08:00:33,91282CKK6,TSRYS5793014,D,S,T,2024-04-24,1000000.00,4.915454,99.923828125
08:00:33,91282CKK6,TSRYS5793014,D,S,T,2024-04-24,1000000.00,4.914417,99.92578125
08:00:33,91282CKK6,TSRYS5793014,D,S,T,2024-04-24,3000000.00,4.913379,99.927734375
08:00:33,91282CKK6,TSRYS5793014,D,S,T,2024-04-24,1000000.00,4.914417,99.92578125
08:00:33,91282CKK6,TSRYS5793014,D,S,T,2024-04-24,2000000.00,4.912341,99.9296875
08:00:33,91282CKK6,TSRYS5793014,D,S,T,2024-04-24,1000000.00,4.912341,99.9296875
08:00:33,91282CKK6,TSRYS5793014,D,S,T,2024-04-24,6000000.00,4.912341,99.9296875
08:00:33,91282CKK6,TSRYS5793014,D,S,T,2024-04-24,2000000.00,4.912341,99.9296875
08:00:33,91282CKK6,TSRYS5793014,D,S,T,2024-04-24,3000000.00,4.912341,99.9296875
08:00:33,91282CKK6,TSRYS5793014,D,S,T,2024-04-24,3000000.00,4.912341,99.9296875
08:00:33,91282CKK6,TSRYS5793014,D,S,T,2024-04-24,1000000.00,4.912341,99.9296875
08:00:33,91282CKK6,TSRYS5793014,D,S,T,2024-04-24,1000000.00,4.912341,99.9296875
08:00:33,91282CKK6,TSRYS5793014,D,S,T,2024-04-24,1000000.00,4.912341,99.9296875
08:00:33,91282CKK6,TSRYS5793014,D,S,T,2024-04-24,2000000.00,4.911303,99.931640625
08:00:33,91282CKK6,TSRYS5793014,D,S,T,2024-04-24,2000000.00,4.910266,99.93359375
08:00:33,91282CKK6,TSRYS5793014,D,S,T,2024-04-24,1000000.00,4.910266,99.93359375
08:00:33,91282CKK6,TSRYS5793014,D,S,T,2024-04-24,1000000.00,4.910266,99.93359375
08:00:33,91282CKK6,TSRYS5793014,D,S,T,2024-04-24,1000000.00,4.90819,99.9375
08:00:33,91282CKK6,TSRYS5793014,D,S,T,2024-04-24,1000000.00,4.90819,99.9375
08:00:33,91282CKK6,TSRYS5793014,D,S,T,2024-04-24,1000000.00,4.90819,99.9375
08:00:33,91282CKK6,TSRYS5793014,D,S,T,2024-04-24,1000000.00,4.90819,99.9375
08:00:33,91282CKK6,TSRYS5793014,D,S,T,2024-04-24,3000000.00,4.90819,99.9375
08:00:33,91282CKK6,TSRYS5793014,D,S,T,2024-04-24,2000000.00,4.90819,99.9375
08:00:33,91282CKK6,TSRYS5793014,D,S,T,2024-04-24,1000000.00,4.910266,99.93359375
08:00:33,91282CKK6,TSRYS5793014,D,S,T,2024-04-24,1000000.00,4.910266,99.93359375
08:00:33,91282CKK6,TSRYS5793014,D,S,T,2024-04-24,1000000.00,4.910266,99.93359375
08:00:33,91282CKK6,TSRYS5793014,D,S,T,2024-04-24,2000000.00,4.910266,99.93359375
08:00:33,91282CKK6,TSRYS5793014,D,S,T,2024-04-24,2000000.00,4.910266,99.93359375
08:00:33,91282CKK6,TSRYS5793014,D,S,T,2024-04-24,2000000.00,4.912341,99.9296875
08:00:33,91282CKK6,TSRYS5793014,D,S,T,2024-04-24,2000000.00,4.912341,99.9296875
08:00:33,91282CKK6,TSRYS5793014,D,S,T,2024-04-24,1000000.00,4.912341,99.9296875
08:00:33,91282CKK6,TSRYS5793014,D,S,T,2024-04-24,1000000.00,4.912341,99.9296875
08:00:33,91282CKK6,TSRYS5793014,D,S,T,2024-04-24,1000000.00,4.912341,99.9296875
08:00:33,91282CKK6,TSRYS5793014,D,S,T,2024-04-24,1000000.00,4.912341,99.9296875
08:00:33,91282CKK6,TSRYS5793014,D,S,T,2024-04-24,1000000.00,4.912341,99.9296875
08:00:33,91282CKK6,TSRYS5793014,D,S,T,2024-04-24,2000000.00,4.912341,99.9296875
08:00:33,91282CKK6,TSRYS5793014,D,S,T,2024-04-24,1000000.00,4.912341,99.9296875
08:00:33,91282CKK6,TSRYS5793014,D,S,T,2024-04-24,2000000.00,4.912341,99.9296875
08:00:33,91282CKK6,TSRYS5793014,D,S,T,2024-04-24,1000000.00,4.912341,99.9296875
08:00:33,91282CKK6,TSRYS5793014,D,S,T,2024-04-24,1000000.00,4.912341,99.9296875
08:00:33,91282CKK6,TSRYS5793014,D,S,T,2024-04-24,2000000.00,4.912341,99.9296875
08:00:33,91282CKK6,TSRYS5793014,D,S,T,2024-04-24,1000000.00,4.912341,99.9296875
08:00:33,91282CKK6,TSRYS5793014,D,S,T,2024-04-24,1000000.00,4.913379,99.927734375
08:00:33,91282CKK6,TSRYS5793014,D,S,T,2024-04-24,1000000.00,4.913379,99.927734375
08:00:33,91282CKK6,TSRYS5793014,D,S,T,2024-04-24,1000000.00,4.914417,99.92578125
08:00:33,91282CKK6,TSRYS5793014,D,S,T,2024-04-24,1000000.00,4.914417,99.92578125
08:00:33,91282CKK6,TSRYS5793014,D,S,T,2024-04-24,1000000.00,4.914417,99.92578125
08:00:33,91282CKK6,TSRYS5793014,D,S,T,2024-04-24,1000000.00,4.914417,99.92578125
08:00:33,91282CKK6,TSRYS5793014,D,S,T,2024-04-24,1000000.00,4.914417,99.92578125
08:00:33,91282CKK6,TSRYS5793014,D,S,T,2024-04-24,1000000.00,4.914417,99.92578125
08:00:33,91282CKK6,TSRYS5793014,D,S,T,2024-04-24,1000000.00,4.914417,99.92578125
08:00:33,91282CKK6,TSRYS5793014,D,S,T,2024-04-24,1000000.00,4.914417,99.92578125
08:00:33,91282CKK6,TSRYS5793014,D,S,T,2024-04-24,1000000.00,4.914417,99.92578125
08:00:33,91282CKK6,TSRYS5793014,D,S,T,2024-04-24,1000000.00,4.916492,99.921875
08:00:33,91282CKK6,TSRYS5793014,D,S,T,2024-04-24,1000000.00,4.916492,99.921875
08:00:33,91282CKK6,TSRYS5793014,D,S,T,2024-04-24,1000000.00,4.916492,99.921875
08:00:33,91282CKK6,TSRYS5793014,D,S,T,2024-04-24,1000000.00,4.916492,99.921875
08:00:33,91282CKK6,TSRYS5793014,D,S,T,2024-04-24,1000000.00,4.916492,99.921875
08:00:33,91282CKK6,TSRYS5793014,D,S,T,2024-04-24,1000000.00,4.916492,99.921875
08:00:33,91282CKK6,TSRYS5793014,D,S,T,2024-04-24,1000000.00,4.915454,99.923828125
08:00:33,91282CKK6,TSRYS5793014,D,S,T,2024-04-24,1000000.00,4.916492,99.921875
08:00:33,91282CKK6,TSRYS5793014,D,S,T,2024-04-24,1000000.00,4.916492,99.921875
08:00:33,91282CKK6,TSRYS5793014,D,S,T,2024-04-24,1000000.00,4.916492,99.921875
08:00:33,91282CKK6,TSRYS5793014,D,S,T,2024-04-24,1000000.00,4.918568,99.91796875
08:00:33,91282CKK6,TSRYS5793014,D,S,T,2024-04-24,3000000.00,4.918568,99.91796875
08:00:33,91282CKK6,TSRYS5793014,D,S,T,2024-04-24,1000000.00,4.920644,99.9140625
08:00:33,91282CKK6,TSRYS5793014,D,S,T,2024-04-24,1000000.00,4.921682,99.912109375
08:00:33,91282CKK6,TSRYS5793014,D,S,T,2024-04-24,1000000.00,4.920644,99.9140625
08:00:33,91282CKK6,TSRYS5793014,D,S,T,2024-04-24,1000000.00,4.92272,99.91015625
08:00:33,91282CKK6,TSRYS5793014,D,S,T,2024-04-24,1000000.00,4.92272,99.91015625
08:00:33,91282CKK6,TSRYS5793014,D,S,T,2024-04-24,2000000.00,4.92272,99.91015625
08:00:33,91282CKK6,TSRYS5793014,D,S,T,2024-04-24,1000000.00,4.92272,99.91015625
08:00:33,91282CKK6,TSRYS5793014,D,S,T,2024-04-24,2000000.00,4.920644,99.9140625
08:00:33,91282CKK6,TSRYS5793014,D,S,T,2024-04-24,6000000.00,4.920644,99.9140625
08:00:33,91282CKK6,TSRYS5793014,D,S,T,2024-04-24,3000000.00,4.920644,99.9140625
08:00:33,91282CKK6,TSRYS5793014,D,S,T,2024-04-24,3000000.00,4.920644,99.9140625
08:00:33,91282CKK6,TSRYS5793014,D,S,T,2024-04-24,2000000.00,4.920644,99.9140625
08:00:33,91282CKK6,TSRYS5793014,D,S,T,2024-04-24,1000000.00,4.92272,99.91015625
08:00:33,91282CKK6,TSRYS5793014,D,S,T,2024-04-24,1000000.00,4.924796,99.90625
08:00:33,91282CKK6,TSRYS5793014,D,S,T,2024-04-24,1000000.00,4.924796,99.90625
08:00:33,91282CKK6,TSRYS5793014,D,S,T,2024-04-24,1000000.00,4.925834,99.904296875
08:00:33,91282CKK6,TSRYS5793014,D,S,T,2024-04-24,1000000.00,4.926872,99.90234375
08:00:33,91282CKK6,TSRYS5793014,D,S,T,2024-04-24,1000000.00,4.926872,99.90234375
08:00:33,91282CKK6,TSRYS5793014,D,S,T,2024-04-24,1000000.00,4.926872,99.90234375
08:00:33,91282CKK6,TSRYS5793014,D,S,T,2024-04-24,1000000.00,4.926872,99.90234375
08:00:33,91282CKK6,TSRYS5793014,D,S,T,2024-04-24,1000000.00,4.926872,99.90234375
08:00:33,91282CKK6,TSRYS5793014,D,S,T,2024-04-24,1000000.00,4.926872,99.90234375
08:00:33,91282CKK6,TSRYS5793014,D,S,T,2024-04-24,1000000.00,4.926872,99.90234375
08:00:33,91282CKK6,TSRYS5793014,D,S,T,2024-04-24,1000000.00,4.924796,99.90625
08:00:33,91282CKK6,TSRYS5793014,D,S,T,2024-04-24,3000000.00,4.924796,99.90625
08:00:33,91282CKK6,TSRYS5793014,D,S,T,2024-04-24,5000000.00,4.926872,99.90234375
08:00:33,91282CKK6,TSRYS5793014,D,S,T,2024-04-24,1000000.00,4.926872,99.90234375
08:00:33,91282CKK6,TSRYS5793014,D,S,T,2024-04-24,1000000.00,4.926872,99.90234375
08:00:33,91282CKK6,TSRYS5793014,D,S,T,2024-04-24,1000000.00,4.926872,99.90234375
08:00:33,91282CKK6,TSRYS5793014,D,S,T,2024-04-24,1000000.00,4.926872,99.90234375
08:00:33,91282CKK6,TSRYS5793014,D,S,T,2024-04-24,1000000.00,4.926872,99.90234375
08:00:33,91282CKK6,TSRYS5793014,D,S,T,2024-04-24,2000000.00,4.926872,99.90234375
08:00:33,91282CKK6,TSRYS5793014,D,S,T,2024-04-24,2000000.00,4.926872,99.90234375
08:00:33,91282CKK6,TSRYS5793014,D,S,T,2024-04-24,3000000.00,4.926872,99.90234375
08:00:33,91282CKK6,TSRYS5793014,D,S,T,2024-04-24,2000000.00,4.926872,99.90234375
08:00:33,91282CKK6,TSRYS5793014,D,S,T,2024-04-24,1000000.00,4.926872,99.90234375
08:00:33,91282CKK6,TSRYS5793014,D,S,T,2024-04-24,4000000.00,4.926872,99.90234375
08:00:33,91282CKK6,TSRYS5793014,D,S,T,2024-04-24,2000000.00,4.926872,99.90234375
08:00:33,91282CKK6,TSRYS5793014,D,S,T,2024-04-24,2000000.00,4.926872,99.90234375
08:00:33,91282CKK6,TSRYS5793014,D,S,T,2024-04-24,5000000.00,4.926872,99.90234375
08:00:33,91282CKK6,TSRYS5793014,D,S,T,2024-04-24,2000000.00,4.926872,99.90234375
08:00:33,91282CKK6,TSRYS5793014,D,S,T,2024-04-24,4000000.00,4.926872,99.90234375
08:00:33,91282CKK6,TSRYS5793014,D,S,T,2024-04-24,1000000.00,4.926872,99.90234375
08:00:33,91282CKK6,TSRYS5793014,D,S,T,2024-04-24,6000000.00,4.926872,99.90234375
08:00:33,91282CKK6,TSRYS5793014,D,S,T,2024-04-24,1000000.00,4.926872,99.90234375
08:00:33,91282CKK6,TSRYS5793014,D,S,T,2024-04-24,1000000.00,4.926872,99.90234375
08:00:33,91282CKK6,TSRYS5793014,D,S,T,2024-04-24,1000000.00,4.926872,99.90234375
08:00:33,91282CKK6,TSRYS5793014,D,S,T,2024-04-24,1000000.00,4.926872,99.90234375
08:00:33,91282CKK6,TSRYS5793014,D,S,T,2024-04-24,2000000.00,4.926872,99.90234375
08:00:33,91282CKK6,TSRYS5793014,D,S,T,2024-04-24,2000000.00,4.926872,99.90234375
08:00:33,91282CKK6,TSRYS5793014,D,S,T,2024-04-24,4000000.00,4.926872,99.90234375
08:00:33,91282CKK6,TSRYS5793014,D,S,T,2024-04-24,2000000.00,4.926872,99.90234375
08:00:33,91282CKK6,TSRYS5793014,D,S,T,2024-04-24,1000000.00,4.926872,99.90234375
08:00:33,91282CKK6,TSRYS5793014,D,S,T,2024-04-24,1000000.00,4.926872,99.90234375
08:00:33,91282CKK6,TSRYS5793014,D,S,T,2024-04-24,1000000.00,4.926872,99.90234375
08:00:33,91282CKK6,TSRYS5793014,D,S,T,2024-04-24,1000000.00,4.926872,99.90234375
08:00:33,91282CKK6,TSRYS5793014,D,S,T,2024-04-24,1000000.00,4.928948,99.8984375
08:00:33,91282CKK6,TSRYS5793014,D,S,T,2024-04-24,2000000.00,4.928948,99.8984375
08:00:33,91282CKK6,TSRYS5793014,D,S,T,2024-04-24,1000000.00,4.928948,99.8984375
08:00:33,91282CKK6,TSRYS5793014,D,S,T,2024-04-24,1000000.00,4.928948,99.8984375
08:00:33,91282CKK6,TSRYS5793014,D,S,T,2024-04-24,1000000.00,4.928948,99.8984375
08:00:33,91282CKK6,TSRYS5793014,D,S,T,2024-04-24,1000000.00,4.928948,99.8984375
08:00:33,91282CKK6,TSRYS5793014,D,S,T,2024-04-24,2000000.00,4.928948,99.8984375
08:00:33,91282CKK6,TSRYS5793014,D,S,T,2024-04-24,1000000.00,4.928948,99.8984375
08:00:33,91282CKK6,TSRYS5793014,D,S,T,2024-04-24,1000000.00,4.928948,99.8984375
08:00:33,91282CKK6,TSRYS5793014,D,S,T,2024-04-24,3000000.00,4.928948,99.8984375
08:00:33,91282CKK6,TSRYS5793014,D,S,T,2024-04-24,1000000.00,4.928948,99.8984375
08:00:33,91282CKK6,TSRYS5793014,D,S,T,2024-04-24,3000000.00,4.928948,99.8984375
08:00:33,91282CKK6,TSRYS5793014,D,S,T,2024-04-24,1000000.00,4.928948,99.8984375
08:00:33,91282CKK6,TSRYS5793014,D,S,T,2024-04-24,7000000.00,4.928948,99.8984375
08:00:33,91282CKK6,TSRYS5793014,D,S,T,2024-04-24,2000000.00,4.931024,99.89453125
08:00:33,91282CKK6,TSRYS5793014,D,S,T,2024-04-24,1000000.00,4.929986,99.896484375
08:00:33,91282CKK6,TSRYS5793014,D,S,T,2024-04-24,2000000.00,4.931024,99.89453125
08:00:33,91282CKK6,TSRYS5793014,D,S,T,2024-04-24,2000000.00,4.931024,99.89453125
08:00:33,91282CKK6,TSRYS5793014,D,S,T,2024-04-24,1000000.00,4.931024,99.89453125
08:00:33,91282CKK6,TSRYS5793014,D,S,T,2024-04-24,4000000.00,4.931024,99.89453125
08:00:33,91282CKK6,TSRYS5793014,D,S,T,2024-04-24,3000000.00,4.931024,99.89453125
08:00:33,91282CKK6,TSRYS5793014,D,S,T,2024-04-24,1000000.00,4.931024,99.89453125
08:00:33,91282CKK6,TSRYS5793014,D,S,T,2024-04-24,3000000.00,4.931024,99.89453125
08:00:33,91282CKK6,TSRYS5793014,D,S,T,2024-04-24,3000000.00,4.931024,99.89453125
08:00:33,91282CKK6,TSRYS5793014,D,S,T,2024-04-24,1000000.00,4.931024,99.89453125
08:00:33,91282CKK6,TSRYS5793014,D,S,T,2024-04-24,2000000.00,4.931024,99.89453125
08:00:33,91282CKK6,TSRYS5793014,D,S,T,2024-04-24,3000000.00,4.931024,99.89453125
08:00:33,91282CKK6,TSRYS5793014,D,S,T,2024-04-24,4000000.00,4.931024,99.89453125
08:00:33,91282CKK6,TSRYS5793014,D,S,T,2024-04-24,2000000.00,4.931024,99.89453125
08:00:33,91282CKK6,TSRYS5793014,D,S,T,2024-04-24,1000000.00,4.931024,99.89453125
08:00:33,91282CKK6,TSRYS5793014,D,S,T,2024-04-24,1000000.00,4.931024,99.89453125
08:00:33,91282CKK6,TSRYS5793014,D,S,T,2024-04-24,1000000.00,4.928948,99.8984375
08:00:33,91282CKK6,TSRYS5793014,D,S,T,2024-04-24,1000000.00,4.928948,99.8984375
08:00:33,91282CKK6,TSRYS5793014,D,S,T,2024-04-24,1000000.00,4.928948,99.8984375
08:00:33,91282CKK6,TSRYS5793014,D,S,T,2024-04-24,3000000.00,4.928948,99.8984375
08:00:33,91282CKK6,TSRYS5793014,D,S,T,2024-04-24,2000000.00,4.928948,99.8984375
08:00:33,91282CKK6,TSRYS5793014,D,S,T,2024-04-24,2000000.00,4.931024,99.89453125
08:00:33,91282CKK6,TSRYS5793014,D,S,T,2024-04-24,1000000.00,4.931024,99.89453125
08:00:33,91282CKK6,TSRYS5793014,D,S,T,2024-04-24,1000000.00,4.931024,99.89453125
08:00:33,91282CKK6,TSRYS5793014,D,S,T,2024-04-24,1000000.00,4.931024,99.89453125
08:00:33,91282CKK6,TSRYS5793014,D,S,T,2024-04-24,1000000.00,4.931024,99.89453125
08:00:33,91282CKK6,TSRYS5793014,D,S,T,2024-04-24,1000000.00,4.931024,99.89453125
08:00:33,91282CKK6,TSRYS5793014,D,S,T,2024-04-24,2000000.00,4.931024,99.89453125
08:00:33,91282CKK6,TSRYS5793014,D,S,T,2024-04-24,1000000.00,4.928948,99.8984375
08:00:33,91282CKK6,TSRYS5793014,D,S,T,2024-04-24,2000000.00,4.928948,99.8984375
08:00:33,91282CKK6,TSRYS5793014,D,S,T,2024-04-24,1000000.00,4.928948,99.8984375
08:00:33,91282CKK6,TSRYS5793014,D,S,T,2024-04-24,2000000.00,4.928948,99.8984375
08:00:33,91282CKK6,TSRYS5793014,D,S,T,2024-04-24,1000000.00,4.928948,99.8984375
08:00:33,91282CKK6,TSRYS5793014,D,S,T,2024-04-24,2000000.00,4.928948,99.8984375
08:00:33,91282CKK6,TSRYS5793014,D,S,T,2024-04-24,1000000.00,4.928948,99.8984375
08:00:33,91282CKK6,TSRYS5793014,D,S,T,2024-04-24,1000000.00,4.928948,99.8984375
08:00:33,91282CKK6,TSRYS5793014,D,S,T,2024-04-24,3000000.00,4.929986,99.896484375
08:00:33,91282CKK6,TSRYS5793014,D,S,T,2024-04-24,1000000.00,4.929986,99.896484375
08:00:33,91282CKK6,TSRYS5793014,D,S,T,2024-04-24,2000000.00,4.929986,99.896484375
08:00:33,91282CKK6,TSRYS5793014,D,S,T,2024-04-24,1000000.00,4.929986,99.896484375
08:00:33,91282CKK6,TSRYS5793014,D,S,T,2024-04-24,1000000.00,4.929986,99.896484375
08:00:33,91282CKK6,TSRYS5793014,D,S,T,2024-04-24,3000000.00,4.931024,99.89453125
08:00:33,91282CKK6,TSRYS5793014,D,S,T,2024-04-24,1000000.00,4.931024,99.89453125
08:00:33,91282CKK6,TSRYS5793014,D,S,T,2024-04-24,2000000.00,4.931024,99.89453125
08:00:33,91282CKK6,TSRYS5793014,D,S,T,2024-04-24,1000000.00,4.931024,99.89453125
08:00:33,91282CKK6,TSRYS5793014,D,S,T,2024-04-24,1000000.00,4.931024,99.89453125
08:00:33,91282CKK6,TSRYS5793014,D,S,T,2024-04-24,1000000.00,4.935177,99.88671875
08:00:33,91282CKK6,TSRYS5793014,D,S,T,2024-04-24,2000000.00,4.937254,99.8828125
08:00:33,91282CKK6,TSRYS5793014,D,S,T,2024-04-24,1000000.00,4.937254,99.8828125
08:00:33,91282CKK6,TSRYS5793014,D,S,T,2024-04-24,3000000.00,4.936216,99.884765625
08:00:33,91282CKK6,TSRYS5793014,D,S,T,2024-04-24,1000000.00,4.937254,99.8828125
08:00:33,91282CKK6,TSRYS5793014,D,S,T,2024-04-24,4000000.00,4.937254,99.8828125
08:00:33,91282CKK6,TSRYS5793014,D,S,T,2024-04-24,2000000.00,4.937254,99.8828125
08:00:33,91282CKK6,TSRYS5793014,D,S,T,2024-04-24,2000000.00,4.937254,99.8828125
08:00:33,91282CKK6,TSRYS5793014,D,S,T,2024-04-24,1000000.00,4.937254,99.8828125
08:00:33,91282CKK6,TSRYS5793014,D,S,T,2024-04-24,1000000.00,4.937254,99.8828125
08:00:33,91282CKK6,TSRYS5793014,D,S,T,2024-04-24,1000000.00,4.939331,99.87890625
08:00:33,91282CKK6,TSRYS5793014,D,S,T,2024-04-24,1000000.00,4.939331,99.87890625
08:00:33,91282CKK6,TSRYS5793014,D,S,T,2024-04-24,5000000.00,4.939331,99.87890625
08:00:33,91282CKK6,TSRYS5793014,D,S,T,2024-04-24,3000000.00,4.939331,99.87890625
08:00:33,91282CKK6,TSRYS5793014,D,S,T,2024-04-24,1000000.00,4.937254,99.8828125
08:00:33,91282CKK6,TSRYS5793014,D,S,T,2024-04-24,1000000.00,4.937254,99.8828125
08:00:33,91282CKK6,TSRYS5793014,D,S,T,2024-04-24,1000000.00,4.937254,99.8828125
08:00:33,91282CKK6,TSRYS5793014,D,S,T,2024-04-24,1000000.00,4.937254,99.8828125
08:00:33,91282CKK6,TSRYS5793014,D,S,T,2024-04-24,1000000.00,4.937254,99.8828125
08:00:33,91282CKK6,TSRYS5793014,D,S,T,2024-04-24,2000000.00,4.937254,99.8828125
08:00:33,91282CKK6,TSRYS5793014,D,S,T,2024-04-24,2000000.00,4.939331,99.87890625
08:00:33,91282CKK6,TSRYS5793014,D,S,T,2024-04-24,1000000.00,4.939331,99.87890625
08:00:33,91282CKK6,TSRYS5793014,D,S,T,2024-04-24,1000000.00,4.939331,99.87890625
08:00:33,91282CKK6,TSRYS5793014,D,S,T,2024-04-24,1000000.00,4.939331,99.87890625
08:00:33,91282CKK6,TSRYS5793014,D,S,T,2024-04-24,1000000.00,4.939331,99.87890625
08:00:33,91282CKK6,TSRYS5793014,D,S,T,2024-04-24,3000000.00,4.942446,99.873046875
08:00:33,91282CKK6,TSRYS5793014,D,S,T,2024-04-24,1000000.00,4.943485,99.87109375
08:00:33,91282CKK6,TSRYS5793014,D,S,T,2024-04-24,1000000.00,4.941408,99.875
08:00:33,91282CKK6,TSRYS5793014,D,S,T,2024-04-24,4000000.00,4.943485,99.87109375
08:00:33,91282CKK6,TSRYS5793014,D,S,T,2024-04-24,1000000.00,4.943485,99.87109375
08:00:33,91282CKK6,TSRYS5793014,D,S,T,2024-04-24,1000000.00,4.943485,99.87109375
08:00:33,91282CKK6,TSRYS5793014,D,S,T,2024-04-24,1000000.00,4.943485,99.87109375
08:00:33,91282CKK6,TSRYS5793014,D,S,T,2024-04-24,3000000.00,4.941408,99.875
08:00:33,91282CKK6,TSRYS5793014,D,S,T,2024-04-24,1000000.00,4.941408,99.875
08:00:33,91282CKK6,TSRYS5793014,D,S,T,2024-04-24,1000000.00,4.941408,99.875
08:00:33,91282CKK6,TSRYS5793014,D,S,T,2024-04-24,1000000.00,4.941408,99.875
08:00:33,91282CKK6,TSRYS5793014,D,S,T,2024-04-24,1000000.00,4.941408,99.875
08:00:33,91282CKK6,TSRYS5793014,D,S,T,2024-04-24,1000000.00,4.941408,99.875
08:00:33,91282CKK6,TSRYS5793014,D,S,T,2024-04-24,3000000.00,4.941408,99.875
08:00:33,91282CKK6,TSRYS5793014,D,S,T,2024-04-24,1000000.00,4.941408,99.875
08:00:33,91282CKK6,TSRYS5793014,D,S,T,2024-04-24,2000000.00,4.941408,99.875
08:00:33,91282CKK6,TSRYS5793014,D,S,T,2024-04-24,3000000.00,4.941408,99.875
08:00:33,91282CKK6,TSRYS5793014,D,S,T,2024-04-24,3000000.00,4.941408,99.875
08:00:33,91282CKK6,TSRYS5793014,D,S,T,2024-04-24,1000000.00,4.941408,99.875
08:00:33,91282CKK6,TSRYS5793014,D,S,T,2024-04-24,1000000.00,4.941408,99.875
08:00:33,91282CKK6,TSRYS5793014,D,S,T,2024-04-24,1000000.00,4.939331,99.87890625
08:00:33,91282CKK6,TSRYS5793014,D,S,T,2024-04-24,1000000.00,4.939331,99.87890625
08:00:33,91282CKK6,TSRYS5793014,D,S,T,2024-04-24,1000000.00,4.941408,99.875
08:00:33,91282CKK6,TSRYS5793014,D,S,T,2024-04-24,1000000.00,4.939331,99.87890625
08:00:33,91282CKK6,TSRYS5793014,D,S,T,2024-04-24,3000000.00,4.941408,99.875
08:00:33,91282CKK6,TSRYS5793014,D,S,T,2024-04-24,2000000.00,4.941408,99.875
08:00:33,91282CKK6,TSRYS5793014,D,S,T,2024-04-24,1000000.00,4.939331,99.87890625
08:00:33,91282CKK6,TSRYS5793014,D,S,T,2024-04-24,1000000.00,4.939331,99.87890625
08:00:33,91282CKK6,TSRYS5793014,D,S,T,2024-04-24,3000000.00,4.941408,99.875
08:00:33,91282CKK6,TSRYS5793014,D,S,T,2024-04-24,1000000.00,4.943485,99.87109375
08:00:33,91282CKK6,TSRYS5793014,D,S,T,2024-04-24,1000000.00,4.943485,99.87109375
08:00:33,91282CKK6,TSRYS5793014,D,S,T,2024-04-24,4000000.00,4.941408,99.875
08:00:33,91282CKK6,TSRYS5793014,D,S,T,2024-04-24,1000000.00,4.941408,99.875
08:00:33,91282CKK6,TSRYS5793014,D,S,T,2024-04-24,1000000.00,4.941408,99.875
08:00:33,91282CKK6,TSRYS5793014,D,S,T,2024-04-24,1000000.00,4.941408,99.875
08:00:33,91282CKK6,TSRYS5793014,D,S,T,2024-04-24,1000000.00,4.941408,99.875
08:00:33,91282CKK6,TSRYS5793014,D,S,T,2024-04-24,1000000.00,4.941408,99.875
08:00:33,91282CKK6,TSRYS5793014,D,S,T,2024-04-24,1000000.00,4.941408,99.875
08:00:33,91282CKK6,TSRYS5793014,D,S,T,2024-04-24,1000000.00,4.941408,99.875
08:00:33,91282CKK6,TSRYS5793014,D,S,T,2024-04-24,1000000.00,4.941408,99.875
08:00:33,91282CKK6,TSRYS5793014,D,S,T,2024-04-24,4000000.00,4.943485,99.87109375
08:00:33,91282CKK6,TSRYS5793014,D,S,T,2024-04-24,1000000.00,4.943485,99.87109375
08:00:33,91282CKK6,TSRYS5793014,D,S,T,2024-04-24,2000000.00,4.949716,99.859375
08:00:33,91282CKK6,TSRYS5793014,D,S,T,2024-04-24,3000000.00,4.947639,99.86328125
08:00:33,91282CKK6,TSRYS5793014,D,S,T,2024-04-24,1000000.00,4.947639,99.86328125
08:00:33,91282CKK6,TSRYS5793014,D,S,T,2024-04-24,1000000.00,4.943485,99.87109375
08:00:33,91282CKK6,TSRYS5793014,D,S,T,2024-04-24,1000000.00,4.941408,99.875
08:00:33,91282CKK6,TSRYS5793014,D,S,T,2024-04-24,3000000.00,4.941408,99.875
08:00:33,91282CKK6,TSRYS5793014,D,S,T,2024-04-24,1000000.00,4.941408,99.875
08:00:33,91282CKK6,TSRYS5793014,D,S,T,2024-04-24,1000000.00,4.941408,99.875
08:00:33,91282CKK6,TSRYS5793014,D,S,T,2024-04-24,1000000.00,4.941408,99.875
08:00:33,91282CKK6,TSRYS5793014,D,S,T,2024-04-24,1000000.00,4.941408,99.875
08:00:33,91282CKK6,TSRYS5793014,D,S,T,2024-04-24,1000000.00,4.941408,99.875
08:00:33,91282CKK6,TSRYS5793014,D,S,T,2024-04-24,1000000.00,4.941408,99.875
08:00:33,91282CKK6,TSRYS5793014,D,S,T,2024-04-24,1000000.00,4.941408,99.875
08:00:33,91282CKK6,TSRYS5793014,D,S,T,2024-04-24,1000000.00,4.941408,99.875
08:00:33,91282CKK6,TSRYS5793014,D,S,T,2024-04-24,2000000.00,4.941408,99.875
08:00:33,91282CKK6,TSRYS5793014,D,S,T,2024-04-24,1000000.00,4.941408,99.875
08:00:33,91282CKK6,TSRYS5793014,D,S,T,2024-04-24,1000000.00,4.941408,99.875
08:00:33,91282CKK6,TSRYS5793014,D,S,T,2024-04-24,1000000.00,4.941408,99.875
08:00:33,91282CKK6,TSRYS5793014,D,S,T,2024-04-24,1000000.00,4.941408,99.875
08:00:33,91282CKK6,TSRYS5793014,D,S,T,2024-04-24,1000000.00,4.941408,99.875
08:00:33,91282CKK6,TSRYS5793014,D,S,T,2024-04-24,1000000.00,4.941408,99.875
08:00:33,91282CKK6,TSRYS5793014,D,S,T,2024-04-24,1000000.00,4.940369,99.876953125
08:00:33,91282CKK6,TSRYS5793014,D,S,T,2024-04-24,1000000.00,4.937254,99.8828125
08:00:33,91282CKK6,TSRYS5793014,D,S,T,2024-04-24,1000000.00,4.937254,99.8828125
08:00:33,91282CKK6,TSRYS5793014,D,S,T,2024-04-24,1000000.00,4.939331,99.87890625
08:00:33,91282CKK6,TSRYS5793014,D,S,T,2024-04-24,2000000.00,4.939331,99.87890625
08:00:33,91282CKK6,TSRYS5793014,D,S,T,2024-04-24,2000000.00,4.939331,99.87890625
08:00:33,91282CKK6,TSRYS5793014,D,S,T,2024-04-24,1000000.00,4.939331,99.87890625
08:00:33,91282CKK6,TSRYS5793014,D,S,T,2024-04-24,1000000.00,4.939331,99.87890625
08:00:33,91282CKK6,TSRYS5793014,D,S,T,2024-04-24,1000000.00,4.939331,99.87890625
08:00:33,91282CKK6,TSRYS5793014,D,S,T,2024-04-24,1000000.00,4.937254,99.8828125
08:00:33,91282CKK6,TSRYS5793014,D,S,T,2024-04-24,1000000.00,4.937254,99.8828125
08:00:33,91282CKK6,TSRYS5793014,D,S,T,2024-04-24,1000000.00,4.939331,99.87890625
08:00:33,91282CKK6,TSRYS5793014,D,S,T,2024-04-24,1000000.00,4.938292,99.880859375
08:00:33,91282CKK6,TSRYS5793014,D,S,T,2024-04-24,1000000.00,4.938292,99.880859375
08:00:33,91282CKK6,TSRYS5793014,D,S,T,2024-04-24,3000000.00,4.941408,99.875
08:00:33,91282CKK6,TSRYS5793014,D,S,T,2024-04-24,1000000.00,4.941408,99.875
08:00:33,91282CKK6,TSRYS5793014,D,S,T,2024-04-24,2000000.00,4.941408,99.875
08:00:33,91282CKK6,TSRYS5793014,D,S,T,2024-04-24,1000000.00,4.941408,99.875
08:00:33,91282CKK6,TSRYS5793014,D,S,T,2024-04-24,1000000.00,4.940369,99.876953125
08:00:33,91282CKK6,TSRYS5793014,D,S,T,2024-04-24,1000000.00,4.939331,99.87890625
08:00:33,91282CKK6,TSRYS5793014,D,S,T,2024-04-24,1000000.00,4.941408,99.875
08:00:33,91282CKK6,TSRYS5793014,D,S,T,2024-04-24,1000000.00,4.941408,99.875
08:00:33,91282CKK6,TSRYS5793014,D,S,T,2024-04-24,3000000.00,4.942446,99.873046875
08:00:33,91282CKK6,TSRYS5793014,D,S,T,2024-04-24,3000000.00,4.942446,99.873046875
08:00:33,91282CKK6,TSRYS5793014,D,S,T,2024-04-24,1000000.00,4.912341,99.9296875
08:00:33,91282CKK6,TSRYS5793014,D,S,T,2024-04-24,1000000.00,4.926872,99.90234375
08:00:33,91282CKK6,TSRYS5793014,D,S,T,2024-04-24,1000000.00,4.926872,99.90234375
08:00:33,91282CKK6,TSRYS5793014,D,S,T,2024-04-24,1000000.00,4.937254,99.8828125
08:00:33,91282CKK6,TSRYS5793014,D,S,T,2024-04-24,1000000.00,4.937254,99.8828125
08:00:33,91282CKK6,TSRYS5793014,D,S,T,2024-04-24,1000000.00,4.937254,99.8828125
08:00:33,91282CKK6,TSRYS5793014,D,S,T,2024-04-24,2000000.00,4.943485,99.87109375
08:00:33,91282CKK6,TSRYS5793014,D,S,T,2024-04-24,2000000.00,4.941408,99.875
08:00:33,91282CKK6,TSRYS5793014,D,S,T,2024-04-24,2000000.00,4.941408,99.875
08:00:33,91282CKK6,TSRYS5793014,D,S,T,2024-04-24,1000000.00,4.941408,99.875
08:00:33,91282CKK6,TSRYS5793014,D,S,T,2024-04-24,1000000.00,4.941408,99.875
08:00:33,91282CKK6,TSRYS5793014,D,S,T,2024-04-24,1000000.00,4.941408,99.875
08:00:33,91282CKK6,TSRYS5793014,D,S,T,2024-04-24,1000000.00,4.910266,99.93359375
08:00:33,91282CKK6,TSRYS5793014,D,S,T,2024-04-24,1000000.00,4.910266,99.93359375
08:00:33,91282CKK6,TSRYS5793014,D,S,D,2024-04-24,1000000.00,4.909228,99.935546875
08:00:33,91282CKK6,TSRYS5793014,D,S,D,2024-04-24,1000000.00,4.909228,99.935546875
08:00:33,91282CKK6,TSRYS5793014,D,S,T,2024-04-24,2000000.00,4.912341,99.9296875
08:00:33,91282CKK6,TSRYS5793014,D,S,T,2024-04-24,2000000.00,4.918568,99.91796875
08:00:33,91282CKK6,TSRYS5793014,D,S,T,2024-04-24,2000000.00,4.918568,99.91796875
08:00:33,91282CKK6,TSRYS5793014,D,S,T,2024-04-24,2000000.00,4.920644,99.9140625
08:00:33,91282CKK6,TSRYS5793014,D,S,T,2024-04-24,2000000.00,4.924796,99.90625
08:00:33,91282CKK6,TSRYS5793014,D,S,T,2024-04-24,2000000.00,4.926872,99.90234375
08:00:33,91282CKK6,TSRYS5793014,D,S,T,2024-04-24,2000000.00,4.931024,99.89453125
08:00:33,91282CKK6,TSRYS5793014,D,S,T,2024-04-24,1000000.00,4.939331,99.87890625
08:00:33,91282CKK6,TSRYS5793014,D,S,T,2024-04-24,1000000.00,4.939331,99.87890625
08:00:33,91282CKK6,TSRYS5793014,D,S,T,2024-04-24,2000000.00,4.939331,99.87890625
08:00:33,91282CKK6,TSRYS5793014,D,B,C,2024-04-24,3000000.00,4.941408,99.875
08:00:33,91282CKK6,TSRYS5793014,D,S,T,2024-04-24,1000000.00,4.943485,99.87109375
08:00:33,91282CKK6,TSRYS5793014,D,S,T,2024-04-24,1000000.00,4.943485,99.87109375
08:00:33,91282CKK6,TSRYS5793014,D,S,T,2024-04-24,1000000.00,4.943485,99.87109375
08:00:33,91282CKK6,TSRYS5793014,D,S,T,2024-04-24,1000000.00,4.943485,99.87109375
08:00:33,91282CKK6,TSRYS5793014,D,S,T,2024-04-24,1000000.00,4.941408,99.875
08:00:33,91282CKK6,TSRYS5793014,D,S,T,2024-04-24,1000000.00,4.941408,99.875
08:00:33,91282CKK6,TSRYS5793014,D,S,T,2024-04-24,1000000.00,4.941408,99.875
08:00:37,91282CKK6,TSRYS5793014,D,S,D,2024-04-24,1000000.00,4.931024,99.89453125
08:00:37,91282CKK6,TSRYS5793014,D,S,D,2024-04-24,3000000.00,4.931024,99.89453125
08:00:37,91282CKK6,TSRYS5793014,D,S,D,2024-04-24,1000000.00,4.931024,99.89453125
08:00:37,91282CKK6,TSRYS5793014,D,S,D,2024-04-24,1000000.00,4.931024,99.89453125
08:00:37,91282CKK6,TSRYS5793014,D,S,D,2024-04-24,1000000.00,4.931024,99.89453125
08:00:37,91282CKK6,TSRYS5793014,D,S,D,2024-04-24,4000000.00,4.931024,99.89453125
08:00:37,91282CKK6,TSRYS5793014,D,S,D,2024-04-24,5000000.00,4.931024,99.89453125
08:00:37,91282CKK6,TSRYS5793014,D,S,D,2024-04-24,2000000.00,4.931024,99.89453125
08:00:37,91282CKK6,TSRYS5793014,D,S,D,2024-04-24,3000000.00,4.931024,99.89453125
08:00:37,91282CKK6,TSRYS5793014,D,S,D,2024-04-24,4000000.00,4.931024,99.89453125
08:00:37,91282CKK6,TSRYS5793014,D,S,D,2024-04-24,4000000.00,4.931024,99.89453125
08:00:37,91282CKK6,TSRYS5793014,D,S,D,2024-04-24,1000000.00,4.931024,99.89453125
08:00:37,91282CKK6,TSRYS5793014,D,S,D,2024-04-24,2000000.00,4.931024,99.89453125
08:00:37,91282CKK6,TSRYS5793014,D,S,D,2024-04-24,1000000.00,4.931024,99.89453125
08:00:37,91282CKK6,TSRYS5793014,D,S,T,2024-04-24,1000000.00,4.920698,99.9139605
08:00:37,91282CKK6,TSRYS5793014,D,S,T,2024-04-24,1000000.00,4.920698,99.9139605
08:00:37,91282CKK6,TSRYS5793014,D,S,T,2024-04-24,1000000.00,4.920698,99.9139605
08:00:37,91282CKK6,TSRYS5793014,D,S,D,2024-04-24,1000000.00,4.931024,99.89453125
08:00:37,91282CKK6,TSRYS5793014,D,S,D,2024-04-24,4000000.00,4.931024,99.89453125
08:00:37,91282CKK6,TSRYS5793014,D,S,D,2024-04-24,3000000.00,4.931024,99.89453125
08:00:37,91282CKK6,TSRYS5793014,D,S,D,2024-04-24,1000000.00,4.931024,99.89453125
08:00:37,91282CKK6,TSRYS5793014,D,S,D,2024-04-24,1000000.00,4.931024,99.89453125
08:00:37,91282CKK6,TSRYS5793014,D,S,D,2024-04-24,1000000.00,4.931024,99.89453125
08:00:37,91282CKK6,TSRYS5793014,D,S,T,2024-04-24,1000000.00,4.941408,99.875
08:00:38,91282CKK6,TSRYS5793014,D,B,A,2024-04-24,103549000.00,4.931202,99.89419625
08:00:39,91282CKK6,TSRYS5793014,D,S,D,2024-04-24,3000000.00,4.931024,99.89453125
08:00:39,91282CKK6,TSRYS5793014,D,B,C,2024-04-24,3000000.00,4.931024,99.89453125
08:00:39,91282CKK6,TSRYS5793014,D,S,D,2024-04-24,1000000.00,4.931024,99.89453125
08:00:39,91282CKK6,TSRYS5793014,D,B,C,2024-04-24,1000000.00,4.931024,99.89453125
08:00:39,91282CKK6,TSRYS5793014,D,B,C,2024-04-24,3000000.00,4.931024,99.89453125
08:00:39,91282CKK6,TSRYS5793014,D,S,D,2024-04-24,3000000.00,4.931024,99.89453125
08:00:39,91282CKK6,TSRYS5793014,D,B,C,2024-04-24,1000000.00,4.931024,99.89453125
08:00:39,91282CKK6,TSRYS5793014,D,S,D,2024-04-24,1000000.00,4.931024,99.89453125
08:00:39,91282CKK6,TSRYS5793014,D,B,C,2024-04-24,3000000.00,4.931024,99.89453125
08:00:39,91282CKK6,TSRYS5793014,D,S,D,2024-04-24,3000000.00,4.931024,99.89453125
08:00:39,91282CKK6,TSRYS5793014,D,B,C,2024-04-24,10000000.00,4.931024,99.89453125
08:00:39,91282CKK6,TSRYS5793014,D,S,D,2024-04-24,10000000.00,4.931024,99.89453125
08:00:39,91282CKK6,TSRYS5793014,D,S,D,2024-04-24,1000000.00,4.931024,99.89453125
08:00:39,91282CKK6,TSRYS5793014,D,B,C,2024-04-24,1000000.00,4.931024,99.89453125
08:00:39,91282CKK6,TSRYS5793014,D,S,D,2024-04-24,1000000.00,4.931024,99.89453125
08:00:39,91282CKK6,TSRYS5793014,D,B,C,2024-04-24,1000000.00,4.931024,99.89453125
08:00:39,91282CKK6,TSRYS5793014,D,B,A,2024-04-24,2000000.00,4.937254,99.8828125
08:00:40,91282CKK6,TSRYS5793014,D,S,D,2024-04-24,3000000.00,4.933101,99.890625
08:00:40,91282CKK6,TSRYS5793014,D,S,D,2024-04-24,2000000.00,4.934139,99.888671875
08:00:40,91282CKK6,TSRYS5793014,D,S,D,2024-04-24,3000000.00,4.937254,99.8828125
08:00:40,91282CKK6,TSRYS5793014,D,S,T,2024-04-24,2000000.00,4.90819,99.9375
08:00:40,91282CKK6,TSRYS5793014,D,S,T,2024-04-24,1000000.00,4.910266,99.93359375
08:00:40,91282CKK6,TSRYS5793014,D,S,T,2024-04-24,1000000.00,4.910266,99.93359375
08:00:40,91282CKK6,TSRYS5793014,D,S,T,2024-04-24,1000000.00,4.910266,99.93359375
08:00:40,91282CKK6,TSRYS5793014,D,S,T,2024-04-24,1000000.00,4.90819,99.9375
08:00:40,91282CKK6,TSRYS5793014,D,S,T,2024-04-24,1000000.00,4.912341,99.9296875
08:00:40,91282CKK6,TSRYS5793014,D,S,T,2024-04-24,1000000.00,4.913379,99.927734375
08:00:40,91282CKK6,TSRYS5793014,D,S,T,2024-04-24,1000000.00,4.918568,99.91796875
08:00:40,91282CKK6,TSRYS5793014,D,S,T,2024-04-24,1000000.00,4.918568,99.91796875
08:00:40,91282CKK6,TSRYS5793014,D,S,T,2024-04-24,1000000.00,4.920644,99.9140625
08:00:40,91282CKK6,TSRYS5793014,D,S,T,2024-04-24,1000000.00,4.92272,99.91015625
08:00:41,91282CKK6,TSRYS5793014,D,S,T,2024-04-24,1000000.00,4.92791,99.900390625
08:00:41,91282CKK6,TSRYS5793014,D,S,T,2024-04-24,1000000.00,4.90819,99.9375
08:00:41,91282CKK6,TSRYS5793014,D,S,T,2024-04-24,1000000.00,4.929986,99.896484375
08:00:41,91282CKK6,TSRYS5793014,D,S,D,2024-04-24,1000000.00,4.929986,99.896484375
08:00:41,91282CKK6,TSRYS5793014,D,S,T,2024-04-24,2000000.00,4.928948,99.8984375
08:00:41,91282CKK6,TSRYS5793014,D,S,T,2024-04-24,2000000.00,4.928948,99.8984375
08:00:41,91282CKK6,TSRYS5793014,D,S,T,2024-04-24,1000000.00,4.928948,99.8984375
08:00:41,91282CKK6,TSRYS5793014,D,S,T,2024-04-24,1000000.00,4.928948,99.8984375
08:00:41,91282CKK6,TSRYS5793014,D,S,D,2024-04-24,1000000.00,4.939331,99.87890625
08:00:41,91282CKK6,TSRYS5793014,D,S,T,2024-04-24,1000000.00,4.938292,99.880859375
08:00:41,91282CKK6,TSRYS5793014,D,S,T,2024-04-24,1000000.00,4.937254,99.8828125
08:00:41,91282CKK6,TSRYS5793014,D,S,T,2024-04-24,1000000.00,4.937254,99.8828125
08:00:41,91282CKK6,TSRYS5793014,D,S,T,2024-04-24,1000000.00,4.90819,99.9375
08:00:41,91282CKK6,TSRYS5793014,D,S,T,2024-04-24,8000000.00,4.943485,99.87109375
08:00:41,91282CKK6,TSRYS5793014,D,S,T,2024-04-24,1000000.00,4.944523,99.869140625
08:00:41,91282CKK6,TSRYS5793014,D,S,D,2024-04-24,1000000.00,4.944523,99.869140625
08:00:41,91282CKK6,TSRYS5793014,D,S,T,2024-04-24,1000000.00,4.944523,99.869140625
08:00:41,91282CKK6,TSRYS5793014,D,S,T,2024-04-24,1000000.00,4.944523,99.869140625
08:00:41,91282CKK6,TSRYS5793014,D,S,T,2024-04-24,1000000.00,4.944523,99.869140625
08:00:41,91282CKK6,TSRYS5793014,D,S,D,2024-04-24,1000000.00,4.944523,99.869140625
08:00:41,91282CKK6,TSRYS5793014,D,S,T,2024-04-24,1000000.00,4.944523,99.869140625
08:00:41,91282CKK6,TSRYS5793014,D,S,T,2024-04-24,1000000.00,4.944523,99.869140625
08:00:41,91282CKK6,TSRYS5793014,D,S,T,2024-04-24,1000000.00,4.944523,99.869140625
08:00:41,91282CKK6,TSRYS5793014,D,S,T,2024-04-24,1000000.00,4.938292,99.880859375
08:00:41,91282CKK6,TSRYS5793014,D,S,T,2024-04-24,1000000.00,4.938292,99.880859375
08:00:41,91282CKK6,TSRYS5793014,D,S,T,2024-04-24,1000000.00,4.938292,99.880859375
08:00:41,91282CKK6,TSRYS5793014,D,S,T,2024-04-24,1000000.00,4.90819,99.9375
08:00:41,91282CKK6,TSRYS5793014,D,S,T,2024-04-24,9650000.00,4.875,100.0
08:00:41,91282CKK6,TSRYS5793014,D,S,T,2024-04-24,9650000.00,4.875,100.0
08:00:41,91282CKK6,TSRYS5793014,D,S,T,2024-04-24,14450000.00,4.875,100.0
08:00:41,91282CKK6,TSRYS5793014,D,S,T,2024-04-24,24050000.00,4.875,100.0
08:00:41,91282CKK6,TSRYS5793014,D,S,T,2024-04-24,6750000.00,4.875,100.0
08:00:41,91282CKK6,TSRYS5793014,D,S,T,2024-04-24,1000000.00,4.90819,99.9375
08:00:42,91282CKK6,TSRYS5793014,D,B,A,2024-04-24,65000000.00,4.924796,99.90625
08:00:42,91282CKK6,TSRYS5793014,D,S,D,2024-04-24,186100000.00,4.941408,99.875
08:00:42,91282CKK6,TSRYS5793014,D,B,C,2024-04-24,186100000.00,4.941408,99.875
08:00:42,91282CKK6,TSRYS5793014,D,S,T,2024-04-24,1000000.00,4.90819,99.9375
08:00:42,91282CKK6,TSRYS5793014,D,S,C,2024-04-24,19500000.00,4.939331,99.87890625
08:00:42,91282CKK6,TSRYS5793014,D,S,T,2024-04-24,1000000.00,4.90819,99.9375
08:00:42,91282CKK6,TSRYS5793014,D,S,T,2024-04-24,1000000.00,4.90819,99.9375
08:00:43,91282CKK6,TSRYS5793014,D,S,T,2024-04-24,2000000.00,4.928948,99.8984375
08:00:43,91282CKK6,TSRYS5793014,D,S,T,2024-04-24,1000000.00,4.90819,99.9375
08:00:43,91282CKK6,TSRYS5793014,D,S,D,2024-04-24,2000000.00,4.937254,99.8828125
08:00:43,91282CKK6,TSRYS5793014,D,S,D,2024-04-24,1000000.00,4.937254,99.8828125
08:00:43,91282CKK6,TSRYS5793014,D,S,D,2024-04-24,1000000.00,4.937254,99.8828125
08:00:43,91282CKK6,TSRYS5793014,D,S,D,2024-04-24,1000000.00,4.937254,99.8828125
08:00:43,91282CKK6,TSRYS5793014,D,S,T,2024-04-24,1000000.00,4.90819,99.9375
08:00:44,91282CKK6,TSRYS5793014,D,S,T,2024-04-24,1000000.00,4.941408,99.875
08:00:44,91282CKK6,TSRYS5793014,D,S,T,2024-04-24,2000000.00,4.941408,99.875
08:00:44,91282CKK6,TSRYS5793014,D,S,T,2024-04-24,2000000.00,4.942446,99.873046875
08:00:44,91282CKK6,TSRYS5793014,D,S,T,2024-04-24,3000000.00,4.942446,99.873046875
08:00:44,91282CKK6,TSRYS5793014,D,S,T,2024-04-24,1000000.00,4.942446,99.873046875
08:00:44,91282CKK6,TSRYS5793014,D,S,T,2024-04-24,1000000.00,4.90819,99.9375
08:00:44,91282CKK6,TSRYS5793014,D,S,T,2024-04-24,1000000.00,4.90819,99.9375
08:00:45,91282CKK6,TSRYS5793014,D,S,T,2024-04-24,1000000.00,4.90819,99.9375
08:00:45,91282CKK6,TSRYS5793014,D,S,T,2024-04-24,1000000.00,4.90819,99.9375
08:00:45,91282CKK6,TSRYS5793014,D,S,T,2024-04-24,1000000.00,4.90819,99.9375
08:00:45,91282CKK6,TSRYS5793014,D,S,T,2024-04-24,1000000.00,4.928948,99.8984375
08:00:45,91282CKK6,TSRYS5793014,D,S,T,2024-04-24,3000000.00,4.928948,99.8984375
08:00:45,91282CKK6,TSRYS5793014,D,S,T,2024-04-24,1000000.00,4.928948,99.8984375
08:00:45,91282CKK6,TSRYS5793014,D,S,T,2024-04-24,1000000.00,4.928948,99.8984375
08:00:45,91282CKK6,TSRYS5793014,D,S,T,2024-04-24,1000000.00,4.928948,99.8984375
08:00:45,91282CKK6,TSRYS5793014,D,S,T,2024-04-24,1000000.00,4.90819,99.9375
08:00:45,91282CKK6,TSRYS5793014,D,S,T,2024-04-24,1000000.00,4.928948,99.8984375
08:00:45,91282CKK6,TSRYS5793014,D,S,D,2024-04-24,2000000.00,4.933101,99.890625
08:00:45,91282CKK6,TSRYS5793014,D,S,D,2024-04-24,3000000.00,4.933101,99.890625
08:00:46,91282CKK6,TSRYS5793014,D,S,T,2024-04-24,1000000.00,4.928948,99.8984375
08:00:46,91282CKK6,TSRYS5793014,D,S,T,2024-04-24,1000000.00,4.928948,99.8984375
08:00:46,91282CKK6,TSRYS5793014,D,S,T,2024-04-24,1000000.00,4.928948,99.8984375
08:00:46,91282CKK6,TSRYS5793014,D,S,T,2024-04-24,1000000.00,4.928948,99.8984375
08:00:46,91282CKK6,TSRYS5793014,D,S,A,2024-04-24,1000000.00,4.941408,99.875
08:00:46,91282CKK6,TSRYS5793014,D,S,A,2024-04-24,7000000.00,4.941408,99.875
08:00:46,91282CKK6,TSRYS5793014,D,S,T,2024-04-24,1000000.00,4.90819,99.9375
08:00:46,91282CKK6,TSRYS5793014,D,S,D,2024-04-24,4000000.00,4.939331,99.87890625
08:00:46,91282CKK6,TSRYS5793014,D,S,D,2024-04-24,1000000.00,4.939331,99.87890625
08:00:46,91282CKK6,TSRYS5793014,D,S,T,2024-04-24,3000000.00,4.950808,99.857321875
08:00:46,91282CKK6,TSRYS5793014,D,S,T,2024-04-24,3000000.00,4.950808,99.857321875
08:00:46,91282CKK6,TSRYS5793014,D,S,T,2024-04-24,2000000.00,4.950808,99.857321875
08:00:46,91282CKK6,TSRYS5793014,D,S,T,2024-04-24,1000000.00,4.90819,99.9375
08:00:46,91282CKK6,TSRYS5793014,D,S,A,2024-04-24,5000000.00,4.945562,99.8671875
08:00:46,91282CKK6,TSRYS5793014,D,S,T,2024-04-24,4000000.00,4.944523,99.869140625
08:00:46,91282CKK6,TSRYS5793014,D,S,T,2024-04-24,2000000.00,4.944523,99.869140625
08:00:46,91282CKK6,TSRYS5793014,D,S,T,2024-04-24,2000000.00,4.944523,99.869140625
08:00:46,91282CKK6,TSRYS5793014,D,S,A,2024-04-24,4000000.00,4.941408,99.875
08:00:46,91282CKK6,TSRYS5793014,D,S,T,2024-04-24,1000000.00,4.937254,99.8828125
08:00:46,91282CKK6,TSRYS5793014,D,S,T,2024-04-24,1000000.00,4.937254,99.8828125
08:00:46,91282CKK6,TSRYS5793014,D,S,T,2024-04-24,1000000.00,4.940422,99.876853125
08:00:46,91282CKK6,TSRYS5793014,D,S,T,2024-04-24,1000000.00,4.940422,99.876853125
08:00:46,91282CKK6,TSRYS5793014,D,B,C,2024-04-24,156871000.00,4.931202,99.89419625
08:00:46,91282CKK6,TSRYS5793014,D,S,T,2024-04-24,1000000.00,4.940422,99.876853125
08:00:46,91282CKK6,TSRYS5793014,D,S,T,2024-04-24,1000000.00,4.940422,99.876853125
08:00:46,91282CKK6,TSRYS5793014,D,S,T,2024-04-24,3000000.00,4.940422,99.876853125
08:00:46,91282CKK6,TSRYS5793014,D,S,T,2024-04-24,1000000.00,4.940422,99.876853125
08:00:46,91282CKK6,TSRYS5793014,D,S,T,2024-04-24,1000000.00,4.90819,99.9375
08:00:46,91282CKK6,TSRYS5793014,D,S,T,2024-04-24,1000000.00,4.940422,99.876853125
08:00:46,91282CKK6,TSRYS5793014,D,S,T,2024-04-24,1000000.00,4.940422,99.876853125
08:00:46,91282CKK6,TSRYS5793014,D,S,T,2024-04-24,2000000.00,4.940422,99.876853125
08:00:46,91282CKK6,TSRYS5793014,D,S,T,2024-04-24,1000000.00,4.940422,99.876853125
08:00:46,91282CKK6,TSRYS5793014,D,S,T,2024-04-24,1000000.00,4.940422,99.876853125
08:00:46,91282CKK6,TSRYS5793014,D,S,T,2024-04-24,1000000.00,4.940422,99.876853125
08:00:46,91282CKK6,TSRYS5793014,D,S,T,2024-04-24,2000000.00,4.940422,99.876853125
08:00:46,91282CKK6,TSRYS5793014,D,S,T,2024-04-24,4000000.00,4.940422,99.876853125
08:00:47,91282CKK6,TSRYS5793014,D,S,D,2024-04-24,5000000.00,4.941408,99.875
08:00:47,91282CKK6,TSRYS5793014,D,S,D,2024-04-24,6000000.00,4.941408,99.875
08:00:47,91282CKK6,TSRYS5793014,D,S,D,2024-04-24,25000000.00,4.941408,99.875
08:00:47,91282CKK6,TSRYS5793014,D,S,D,2024-04-24,4000000.00,4.941408,99.875
08:00:47,91282CKK6,TSRYS5793014,D,S,D,2024-04-24,2000000.00,4.941408,99.875
08:00:47,91282CKK6,TSRYS5793014,D,S,D,2024-04-24,1000000.00,4.941408,99.875
08:00:47,91282CKK6,TSRYS5793014,D,S,T,2024-04-24,1000000.00,4.941408,99.875
08:00:47,91282CKK6,TSRYS5793014,D,S,T,2024-04-24,3000000.00,4.940369,99.876953125
08:00:47,91282CKK6,TSRYS5793014,D,S,T,2024-04-24,2000000.00,4.940369,99.876953125
08:00:47,91282CKK6,TSRYS5793014,D,S,T,2024-04-24,3000000.00,4.940369,99.876953125
08:00:47,91282CKK6,TSRYS5793014,D,S,T,2024-04-24,1000000.00,4.940422,99.876853125
08:00:47,91282CKK6,TSRYS5793014,D,S,T,2024-04-24,1000000.00,4.940422,99.876853125
08:00:47,91282CKK6,TSRYS5793014,D,S,T,2024-04-24,1000000.00,4.940422,99.876853125
08:00:47,91282CKK6,TSRYS5793014,D,S,T,2024-04-24,1000000.00,4.940422,99.876853125
08:00:47,91282CKK6,TSRYS5793014,D,S,T,2024-04-24,1000000.00,4.940422,99.876853125
08:00:47,91282CKK6,TSRYS5793014,D,S,D,2024-04-24,3000000.00,4.941408,99.875
08:00:47,91282CKK6,TSRYS5793014,D,S,D,2024-04-24,4000000.00,4.941408,99.875
08:00:47,91282CKK6,TSRYS5793014,D,S,D,2024-04-24,5000000.00,4.941408,99.875
08:00:47,91282CKK6,TSRYS5793014,D,S,D,2024-04-24,1000000.00,4.941408,99.875
08:00:47,91282CKK6,TSRYS5793014,D,S,D,2024-04-24,3000000.00,4.941408,99.875
08:00:47,91282CKK6,TSRYS5793014,D,S,D,2024-04-24,4000000.00,4.941408,99.875
08:00:47,91282CKK6,TSRYS5793014,D,S,D,2024-04-24,2000000.00,4.941408,99.875
08:00:47,91282CKK6,TSRYS5793014,D,S,D,2024-04-24,5000000.00,4.941408,99.875
08:00:47,91282CKK6,TSRYS5793014,D,S,D,2024-04-24,3000000.00,4.941408,99.875
08:00:47,91282CKK6,TSRYS5793014,D,S,D,2024-04-24,1000000.00,4.941408,99.875
08:00:47,91282CKK6,TSRYS5793014,D,S,D,2024-04-24,4000000.00,4.941408,99.875
08:00:47,91282CKK6,TSRYS5793014,D,S,D,2024-04-24,2000000.00,4.941408,99.875
08:00:47,91282CKK6,TSRYS5793014,D,S,T,2024-04-24,1000000.00,4.90819,99.9375
08:00:47,91282CKK6,TSRYS5793014,D,S,A,2024-04-24,6000000.00,4.941408,99.875
08:00:47,91282CKK6,TSRYS5793014,D,S,T,2024-04-24,1000000.00,4.90819,99.9375
08:00:47,91282CKK6,TSRYS5793014,D,S,D,2024-04-24,4000000.00,4.940369,99.876953125
08:00:47,91282CKK6,TSRYS5793014,D,S,D,2024-04-24,2000000.00,4.941408,99.875
08:00:47,91282CKK6,TSRYS5793014,D,S,A,2024-04-24,10000000.00,4.935177,99.88671875
08:00:47,91282CKK6,TSRYS5793014,D,S,T,2024-04-24,1000000.00,4.928948,99.8984375
08:00:47,91282CKK6,TSRYS5793014,D,S,T,2024-04-24,1000000.00,4.928948,99.8984375
08:00:47,91282CKK6,TSRYS5793014,D,S,T,2024-04-24,1000000.00,4.90819,99.9375
08:00:47,91282CKK6,TSRYS5793014,D,S,T,2024-04-24,1000000.00,4.928948,99.8984375
08:00:47,91282CKK6,TSRYS5793014,D,S,T,2024-04-24,1000000.00,4.928948,99.8984375
08:00:47,91282CKK6,TSRYS5793014,D,S,T,2024-04-24,1000000.00,4.928948,99.8984375
08:00:47,91282CKK6,TSRYS5793014,D,S,T,2024-04-24,1000000.00,4.928948,99.8984375
08:00:47,91282CKK6,TSRYS5793014,D,S,T,2024-04-24,1000000.00,4.928948,99.8984375
08:00:47,91282CKK6,TSRYS5793014,D,S,T,2024-04-24,1000000.00,4.928948,99.8984375
08:00:48,91282CKK6,TSRYS5793014,D,S,T,2024-04-24,1000000.00,4.90819,99.9375
08:00:48,91282CKK6,TSRYS5793014,D,S,A,2024-04-24,1000000.00,4.941408,99.875
08:00:48,91282CKK6,TSRYS5793014,D,S,T,2024-04-24,1000000.00,4.928948,99.8984375
08:00:48,91282CKK6,TSRYS5793014,D,S,T,2024-04-24,1000000.00,4.947639,99.86328125
08:00:48,91282CKK6,TSRYS5793014,D,S,T,2024-04-24,1000000.00,4.928948,99.8984375
08:00:48,91282CKK6,TSRYS5793014,D,S,C,2024-04-24,100000000.00,4.912341,99.9296875
08:00:48,91282CKK6,TSRYS5793014,D,S,T,2024-04-24,1000000.00,4.928948,99.8984375
08:00:48,91282CKK6,TSRYS5793014,D,S,T,2024-04-24,1000000.00,4.928948,99.8984375
08:00:48,91282CKK6,TSRYS5793014,D,S,T,2024-04-24,1000000.00,4.928948,99.8984375
08:00:48,91282CKK6,TSRYS5793014,D,S,T,2024-04-24,1000000.00,4.928948,99.8984375
08:00:48,91282CKK6,TSRYS5793014,D,S,T,2024-04-24,1000000.00,4.928948,99.8984375
08:00:48,91282CKK6,TSRYS5793014,D,S,T,2024-04-24,1000000.00,4.928948,99.8984375
08:00:49,91282CKK6,TSRYS5793014,D,S,T,2024-04-24,1000000.00,4.928948,99.8984375
08:00:49,91282CKK6,TSRYS5793014,D,S,T,2024-04-24,1000000.00,4.928948,99.8984375
08:00:49,91282CKK6,TSRYS5793014,D,S,T,2024-04-24,1000000.00,4.928948,99.8984375
08:00:49,91282CKK6,TSRYS5793014,D,S,A,2024-04-24,808000.00,4.949716,99.859375
08:00:49,91282CKK6,TSRYS5793014,D,S,T,2024-04-24,1000000.00,4.928948,99.8984375
08:00:49,91282CKK6,TSRYS5793014,D,S,T,2024-04-24,1000000.00,4.928948,99.8984375
08:00:49,91282CKK6,TSRYS5793014,D,S,T,2024-04-24,2000000.00,4.928948,99.8984375
08:00:49,91282CKK6,TSRYS5793014,D,S,D,2024-04-24,3000000.00,4.940369,99.876953125
08:00:49,91282CKK6,TSRYS5793014,D,S,T,2024-04-24,1000000.00,4.928948,99.8984375
08:00:50,91282CKK6,TSRYS5793014,D,S,T,2024-04-24,1000000.00,4.928948,99.8984375
08:00:50,91282CKK6,TSRYS5793014,D,S,T,2024-04-24,1000000.00,4.928948,99.8984375
08:00:50,91282CKK6,TSRYS5793014,D,S,T,2024-04-24,1000000.00,4.928948,99.8984375
08:00:50,91282CKK6,TSRYS5793014,D,S,T,2024-04-24,1000000.00,4.928948,99.8984375
08:00:50,91282CKK6,TSRYS5793014,D,S,T,2024-04-24,1000000.00,4.928948,99.8984375
08:00:50,91282CKK6,TSRYS5793014,D,S,T,2024-04-24,1000000.00,4.928948,99.8984375
08:00:51,91282CKK6,TSRYS5793014,D,S,T,2024-04-24,1000000.00,4.928948,99.8984375
08:00:51,91282CKK6,TSRYS5793014,D,S,T,2024-04-24,1000000.00,4.928948,99.8984375
08:00:51,91282CKK6,TSRYS5793014,D,S,T,2024-04-24,1000000.00,4.928948,99.8984375
08:00:51,91282CKK6,TSRYS5793014,D,S,T,2024-04-24,1000000.00,4.928948,99.8984375
08:00:51,91282CKK6,TSRYS5793014,D,S,T,2024-04-24,1000000.00,4.928948,99.8984375
08:00:51,91282CKK6,TSRYS5793014,D,S,T,2024-04-24,1000000.00,4.928948,99.8984375
08:00:51,91282CKK6,TSRYS5793014,D,S,T,2024-04-24,1000000.00,4.928948,99.8984375
08:00:51,91282CKK6,TSRYS5793014,D,S,T,2024-04-24,1000000.00,4.928948,99.8984375
08:00:51,91282CKK6,TSRYS5793014,D,S,T,2024-04-24,1000000.00,4.928948,99.8984375
08:00:51,91282CKK6,TSRYS5793014,D,S,T,2024-04-24,1000000.00,4.928948,99.8984375
08:00:51,91282CKK6,TSRYS5793014,D,S,D,2024-04-24,1000000.00,4.942446,99.873046875
08:00:51,91282CKK6,TSRYS5793014,D,S,T,2024-04-24,1000000.00,4.928948,99.8984375
08:00:51,91282CKK6,TSRYS5793014,D,S,T,2024-04-24,1000000.00,4.928948,99.8984375
08:00:51,91282CKK6,TSRYS5793014,D,S,T,2024-04-24,1000000.00,4.928948,99.8984375
08:00:51,91282CKK6,TSRYS5793014,D,S,T,2024-04-24,1000000.00,4.928948,99.8984375
08:00:51,91282CKK6,TSRYS5793014,D,S,T,2024-04-24,1000000.00,4.928948,99.8984375
08:00:52,91282CKK6,TSRYS5793014,D,S,T,2024-04-24,1000000.00,4.928948,99.8984375
08:00:53,91282CKK6,TSRYS5793014,D,S,T,2024-04-24,2000000.00,4.947639,99.86328125
08:00:53,91282CKK6,TSRYS5793014,D,S,T,2024-04-24,1000000.00,4.947639,99.86328125
08:00:53,91282CKK6,TSRYS5793014,D,S,T,2024-04-24,1000000.00,4.947639,99.86328125
08:00:53,91282CKK6,TSRYS5793014,D,S,T,2024-04-24,1000000.00,4.928948,99.8984375
08:00:53,91282CKK6,TSRYS5793014,D,S,T,2024-04-24,1000000.00,4.928948,99.8984375
08:00:53,91282CKK6,TSRYS5793014,D,S,T,2024-04-24,1000000.00,4.928948,99.8984375
08:00:53,91282CKK6,TSRYS5793014,D,S,T,2024-04-24,2000000.00,4.928948,99.8984375
08:00:53,91282CKK6,TSRYS5793014,D,S,T,2024-04-24,1000000.00,4.943485,99.87109375
08:00:53,91282CKK6,TSRYS5793014,D,S,T,2024-04-24,1000000.00,4.943485,99.87109375
08:00:53,91282CKK6,TSRYS5793014,D,S,T,2024-04-24,1000000.00,4.928948,99.8984375
08:00:53,91282CKK6,TSRYS5793014,D,S,T,2024-04-24,1000000.00,4.943485,99.87109375
08:00:53,91282CKK6,TSRYS5793014,D,S,T,2024-04-24,1000000.00,4.943485,99.87109375
08:00:53,91282CKK6,TSRYS5793014,D,S,T,2024-04-24,3000000.00,4.928948,99.8984375
08:00:53,91282CKK6,TSRYS5793014,D,S,T,2024-04-24,1000000.00,4.928948,99.8984375
08:00:53,91282CKK6,TSRYS5793014,D,S,T,2024-04-24,1000000.00,4.943485,99.87109375
08:00:53,91282CKK6,TSRYS5793014,D,S,T,2024-04-24,1000000.00,4.943485,99.87109375
08:00:53,91282CKK6,TSRYS5793014,D,S,T,2024-04-24,1000000.00,4.943485,99.87109375
08:00:53,91282CKK6,TSRYS5793014,D,S,T,2024-04-24,1000000.00,4.943485,99.87109375
08:00:53,91282CKK6,TSRYS5793014,D,S,T,2024-04-24,1000000.00,4.943485,99.87109375
08:00:54,91282CKK6,TSRYS5793014,D,S,D,2024-04-24,1000000.00,4.949716,99.859375
08:00:55,91282CKK6,TSRYS5793014,D,S,T,2024-04-24,1000000.00,4.928948,99.8984375
08:00:55,91282CKK6,TSRYS5793014,D,S,T,2024-04-24,1000000.00,4.928948,99.8984375
08:00:55,91282CKK6,TSRYS5793014,D,S,T,2024-04-24,1000000.00,4.928948,99.8984375
08:00:55,91282CKK6,TSRYS5793014,D,S,T,2024-04-24,1000000.00,4.928948,99.8984375
08:00:56,91282CKK6,TSRYS5793014,D,S,T,2024-04-24,1000000.00,4.928948,99.8984375
08:00:56,91282CKK6,TSRYS5793014,D,S,T,2024-04-24,1000000.00,4.928948,99.8984375
08:00:56,91282CKK6,TSRYS5793014,D,S,T,2024-04-24,1000000.00,4.928948,99.8984375
08:00:56,91282CKK6,TSRYS5793014,D,S,D,2024-04-24,1000000.00,4.941408,99.875
08:00:56,91282CKK6,TSRYS5793014,D,S,D,2024-04-24,3000000.00,4.940369,99.876953125
08:00:56,91282CKK6,TSRYS5793014,D,S,D,2024-04-24,1000000.00,4.940369,99.876953125
08:00:56,91282CKK6,TSRYS5793014,D,S,D,2024-04-24,2000000.00,4.940369,99.876953125
08:00:57,91282CKK6,TSRYS5793014,D,S,D,2024-04-24,3000000.00,4.940369,99.876953125
08:00:57,91282CKK6,TSRYS5793014,D,S,D,2024-04-24,3000000.00,4.941408,99.875
08:00:57,91282CKK6,TSRYS5793014,D,S,D,2024-04-24,10000000.00,4.941408,99.875
08:00:57,91282CKK6,TSRYS5793014,D,S,D,2024-04-24,1000000.00,4.941408,99.875
08:00:57,91282CKK6,TSRYS5793014,D,S,D,2024-04-24,3000000.00,4.941408,99.875
08:00:57,91282CKK6,TSRYS5793014,D,S,T,2024-04-24,1000000.00,4.928948,99.8984375
08:00:57,91282CKK6,TSRYS5793014,D,S,T,2024-04-24,1000000.00,4.928948,99.8984375
08:00:57,91282CKK6,TSRYS5793014,D,S,T,2024-04-24,1000000.00,4.928948,99.8984375
08:00:58,91282CKK6,TSRYS5793014,D,B,C,2024-04-24,10000000.00,4.941408,99.875
08:00:58,91282CKK6,TSRYS5793014,D,S,D,2024-04-24,1000000.00,4.941408,99.875
08:00:58,91282CKK6,TSRYS5793014,D,S,D,2024-04-24,2000000.00,4.941408,99.875
08:00:58,91282CKK6,TSRYS5793014,D,S,D,2024-04-24,1000000.00,4.941408,99.875
08:00:58,91282CKK6,TSRYS5793014,D,S,D,2024-04-24,2000000.00,4.940369,99.876953125
08:00:58,91282CKK6,TSRYS5793014,D,S,D,2024-04-24,2000000.00,4.939331,99.87890625
08:00:58,91282CKK6,TSRYS5793014,D,S,D,2024-04-24,1000000.00,4.937254,99.8828125
08:00:58,91282CKK6,TSRYS5793014,D,S,D,2024-04-24,1000000.00,4.937254,99.8828125
08:00:59,91282CKK6,TSRYS5793014,D,S,C,2024-04-24,5000000.00,4.931024,99.89453125
08:01:00,91282CKK6,TSRYS5793014,D,S,D,2024-04-24,10000000.00,4.939331,99.87890625
08:01:01,91282CKK6,TSRYS5793014,D,S,D,2024-04-24,3000000.00,4.941408,99.875
08:01:01,91282CKK6,TSRYS5793014,D,S,D,2024-04-24,25000000.00,4.941408,99.875
08:01:01,91282CKK6,TSRYS5793014,D,S,D,2024-04-24,3000000.00,4.941408,99.875
08:01:01,91282CKK6,TSRYS5793014,D,S,D,2024-04-24,1000000.00,4.940369,99.876953125
08:01:02,91282CKK6,TSRYS5793014,D,S,D,2024-04-24,1000000.00,4.941408,99.875
08:01:02,91282CKK6,TSRYS5793014,D,S,D,2024-04-24,1000000.00,4.941408,99.875
08:01:02,91282CKK6,TSRYS5793014,D,S,D,2024-04-24,1000000.00,4.941408,99.875
08:01:02,91282CKK6,TSRYS5793014,D,S,D,2024-04-24,1000000.00,4.941408,99.875
08:01:02,91282CKK6,TSRYS5793014,D,S,T,2024-04-24,43350000.00,4.875,100.0
08:01:02,91282CKK6,TSRYS5793014,D,S,T,2024-04-24,48150000.00,4.875,100.0
08:01:02,91282CKK6,TSRYS5793014,D,S,T,2024-04-24,19250000.00,4.875,100.0
08:01:02,91282CKK6,TSRYS5793014,D,S,T,2024-04-24,81900000.00,4.875,100.0
08:01:02,91282CKK6,TSRYS5793014,D,S,T,2024-04-24,16350000.00,4.875,100.0
08:01:02,91282CKK6,TSRYS5793014,D,S,T,2024-04-24,850000.00,4.875,100.0
08:01:02,91282CKK6,TSRYS5793014,D,S,T,2024-04-24,4800000.00,4.875,100.0
08:01:02,91282CKK6,TSRYS5793014,D,S,T,2024-04-24,19250000.00,4.875,100.0
08:01:03,91282CKK6,TSRYS5793014,D,S,T,2024-04-24,2000000.00,4.941514,99.8748
08:01:03,91282CKK6,TSRYS5793014,D,S,T,2024-04-24,2000000.00,4.941514,99.8748
08:01:04,91282CKK6,TSRYS5793014,D,S,T,2024-04-24,1000000.00,4.941514,99.8748
08:01:04,91282CKK6,TSRYS5793014,D,S,T,2024-04-24,9650000.00,4.875,100.0
08:01:04,91282CKK6,TSRYS5793014,D,S,T,2024-04-24,38500000.00,4.875,100.0
08:01:04,91282CKK6,TSRYS5793014,D,S,T,2024-04-24,24100000.00,4.875,100.0
08:01:04,91282CKK6,TSRYS5793014,D,S,T,2024-04-24,24100000.00,4.875,100.0
08:01:04,91282CKK6,TSRYS5793014,D,S,T,2024-04-24,1000000.00,4.941514,99.8748
08:01:07,91282CKK6,TSRYS5793014,D,B,A,2024-04-24,3360200.00,4.939331,99.87890625
08:01:07,91282CKK6,TSRYS5793014,D,S,D,2024-04-24,1000000.00,4.910266,99.93359375
08:01:07,91282CKK6,TSRYS5793014,D,S,D,2024-04-24,1000000.00,4.910266,99.93359375
08:01:08,91282CKK6,TSRYS5793014,D,S,D,2024-04-24,2000000.00,4.912341,99.9296875
08:01:08,91282CKK6,TSRYS5793014,D,S,D,2024-04-24,1000000.00,4.910266,99.93359375
08:01:08,91282CKK6,TSRYS5793014,D,B,C,2024-04-24,2000000.00,4.915454,99.923828125
08:01:08,91282CKK6,TSRYS5793014,D,S,D,2024-04-24,2000000.00,4.915454,99.923828125
08:01:08,91282CKK6,TSRYS5793014,D,S,C,2024-04-24,1000000.00,4.915454,99.923828125
08:01:08,91282CKK6,TSRYS5793014,D,S,D,2024-04-24,2000000.00,4.915454,99.923828125
08:01:08,91282CKK6,TSRYS5793014,D,B,C,2024-04-24,6000000.00,4.915454,99.923828125
08:01:08,91282CKK6,TSRYS5793014,D,B,C,2024-04-24,1000000.00,4.915454,99.923828125
08:01:08,91282CKK6,TSRYS5793014,D,S,C,2024-04-24,6000000.00,4.915454,99.923828125
08:01:08,91282CKK6,TSRYS5793014,D,B,C,2024-04-24,2000000.00,4.915454,99.923828125
08:01:08,91282CKK6,TSRYS5793014,D,S,C,2024-04-24,1000000.00,4.914417,99.92578125
08:01:08,91282CKK6,TSRYS5793014,D,B,C,2024-04-24,2000000.00,4.914417,99.92578125
08:01:08,91282CKK6,TSRYS5793014,D,S,D,2024-04-24,1000000.00,4.909228,99.935546875
08:01:08,91282CKK6,TSRYS5793014,D,S,D,2024-04-24,2000000.00,4.914417,99.92578125
08:01:08,91282CKK6,TSRYS5793014,D,B,C,2024-04-24,1000000.00,4.909228,99.935546875
08:01:08,91282CKK6,TSRYS5793014,D,S,D,2024-04-24,1000000.00,4.909228,99.935546875
08:01:08,91282CKK6,TSRYS5793014,D,S,D,2024-04-24,1000000.00,4.909228,99.935546875
08:01:08,91282CKK6,TSRYS5793014,D,B,C,2024-04-24,1000000.00,4.914417,99.92578125
08:01:08,91282CKK6,TSRYS5793014,D,B,C,2024-04-24,1000000.00,4.909228,99.935546875
08:01:08,91282CKK6,TSRYS5793014,D,S,D,2024-04-24,1000000.00,4.909228,99.935546875
08:01:08,91282CKK6,TSRYS5793014,D,B,C,2024-04-24,1000000.00,4.909228,99.935546875
08:01:08,91282CKK6,TSRYS5793014,D,S,C,2024-04-24,1000000.00,4.911303,99.931640625
08:01:08,91282CKK6,TSRYS5793014,D,S,D,2024-04-24,1000000.00,4.909228,99.935546875
08:01:08,91282CKK6,TSRYS5793014,D,S,D,2024-04-24,1000000.00,4.909228,99.935546875
08:01:08,91282CKK6,TSRYS5793014,D,S,D,2024-04-24,1000000.00,4.909228,99.935546875
08:01:08,91282CKK6,TSRYS5793014,D,B,C,2024-04-24,1000000.00,4.911303,99.931640625
08:01:08,91282CKK6,TSRYS5793014,D,S,D,2024-04-24,1000000.00,4.909228,99.935546875
08:01:08,91282CKK6,TSRYS5793014,D,S,C,2024-04-24,1000000.00,4.912341,99.9296875
08:01:08,91282CKK6,TSRYS5793014,D,S,D,2024-04-24,2000000.00,4.911303,99.931640625
08:01:08,91282CKK6,TSRYS5793014,D,S,C,2024-04-24,1000000.00,4.916492,99.921875
08:01:08,91282CKK6,TSRYS5793014,D,S,C,2024-04-24,2000000.00,4.918568,99.91796875
08:01:08,91282CKK6,TSRYS5793014,D,S,D,2024-04-24,1000000.00,4.925834,99.904296875
08:01:08,91282CKK6,TSRYS5793014,D,S,C,2024-04-24,1000000.00,4.916492,99.921875
08:01:08,91282CKK6,TSRYS5793014,D,S,D,2024-04-24,1000000.00,4.925834,99.904296875
08:01:08,91282CKK6,TSRYS5793014,D,S,C,2024-04-24,1000000.00,4.926872,99.90234375
08:01:08,91282CKK6,TSRYS5793014,D,B,C,2024-04-24,2000000.00,4.911303,99.931640625
08:01:08,91282CKK6,TSRYS5793014,D,S,C,2024-04-24,1000000.00,4.924796,99.90625
08:01:08,91282CKK6,TSRYS5793014,D,S,C,2024-04-24,1000000.00,4.929986,99.896484375
08:01:08,91282CKK6,TSRYS5793014,D,S,C,2024-04-24,1000000.00,4.912341,99.9296875
08:01:08,91282CKK6,TSRYS5793014,D,B,C,2024-04-24,1000000.00,4.912341,99.9296875
08:01:08,91282CKK6,TSRYS5793014,D,S,C,2024-04-24,1000000.00,4.929986,99.896484375
08:01:08,91282CKK6,TSRYS5793014,D,B,C,2024-04-24,1000000.00,4.928948,99.8984375
08:01:08,91282CKK6,TSRYS5793014,D,S,C,2024-04-24,1000000.00,4.916492,99.921875
08:01:08,91282CKK6,TSRYS5793014,D,S,D,2024-04-24,1000000.00,4.92791,99.900390625
08:01:08,91282CKK6,TSRYS5793014,D,S,D,2024-04-24,1000000.00,4.925834,99.904296875
08:01:08,91282CKK6,TSRYS5793014,D,S,C,2024-04-24,2000000.00,4.931024,99.89453125
08:01:08,91282CKK6,TSRYS5793014,D,B,C,2024-04-24,1000000.00,4.929986,99.896484375
08:01:08,91282CKK6,TSRYS5793014,D,S,C,2024-04-24,1000000.00,4.926872,99.90234375
08:01:08,91282CKK6,TSRYS5793014,D,S,C,2024-04-24,1000000.00,4.931024,99.89453125
08:01:08,91282CKK6,TSRYS5793014,D,S,D,2024-04-24,1000000.00,4.92791,99.900390625
08:01:08,91282CKK6,TSRYS5793014,D,S,D,2024-04-24,1000000.00,4.92791,99.900390625
08:01:08,91282CKK6,TSRYS5793014,D,B,C,2024-04-24,2000000.00,4.931024,99.89453125
08:01:08,91282CKK6,TSRYS5793014,D,S,D,2024-04-24,2000000.00,4.92791,99.900390625
08:01:08,91282CKK6,TSRYS5793014,D,S,D,2024-04-24,3000000.00,4.931024,99.89453125
08:01:08,91282CKK6,TSRYS5793014,D,B,C,2024-04-24,1000000.00,4.929986,99.896484375
08:01:08,91282CKK6,TSRYS5793014,D,S,C,2024-04-24,1000000.00,4.929986,99.896484375
08:01:08,91282CKK6,TSRYS5793014,D,S,D,2024-04-24,4000000.00,4.931024,99.89453125
08:01:08,91282CKK6,TSRYS5793014,D,S,C,2024-04-24,1000000.00,4.928948,99.8984375
08:01:08,91282CKK6,TSRYS5793014,D,S,C,2024-04-24,1000000.00,4.931024,99.89453125
08:01:08,91282CKK6,TSRYS5793014,D,S,D,2024-04-24,1000000.00,4.931024,99.89453125
08:01:08,91282CKK6,TSRYS5793014,D,S,A,2024-04-24,1590000.00,4.943485,99.87109375
08:01:08,91282CKK6,TSRYS5793014,D,S,C,2024-04-24,2000000.00,4.931024,99.89453125
08:01:08,91282CKK6,TSRYS5793014,D,S,D,2024-04-24,1000000.00,4.931024,99.89453125
08:01:08,91282CKK6,TSRYS5793014,D,S,D,2024-04-24,1000000.00,4.931024,99.89453125
08:01:08,91282CKK6,TSRYS5793014,D,S,D,2024-04-24,4000000.00,4.931024,99.89453125
08:01:08,91282CKK6,TSRYS5793014,D,S,D,2024-04-24,4000000.00,4.931024,99.89453125
08:01:08,91282CKK6,TSRYS5793014,D,S,D,2024-04-24,3000000.00,4.931024,99.89453125
08:01:08,91282CKK6,TSRYS5793014,D,S,D,2024-04-24,1000000.00,4.931024,99.89453125
08:01:08,91282CKK6,TSRYS5793014,D,S,D,2024-04-24,1000000.00,4.931024,99.89453125
08:01:08,91282CKK6,TSRYS5793014,D,S,D,2024-04-24,4000000.00,4.931024,99.89453125
08:01:08,91282CKK6,TSRYS5793014,D,S,D,2024-04-24,1000000.00,4.931024,99.89453125
08:01:08,91282CKK6,TSRYS5793014,D,S,D,2024-04-24,3000000.00,4.931024,99.89453125
08:01:08,91282CKK6,TSRYS5793014,D,S,D,2024-04-24,1000000.00,4.931024,99.89453125
08:01:09,91282CKK6,TSRYS5793014,D,S,D,2024-04-24,1000000.00,4.929986,99.896484375
08:01:09,91282CKK6,TSRYS5793014,D,S,D,2024-04-24,1000000.00,4.939331,99.87890625
08:01:09,91282CKK6,TSRYS5793014,D,S,D,2024-04-24,1000000.00,4.931024,99.89453125
08:01:09,91282CKK6,TSRYS5793014,D,S,D,2024-04-24,1000000.00,4.931024,99.89453125
08:01:09,91282CKK6,TSRYS5793014,D,S,D,2024-04-24,2000000.00,4.931024,99.89453125
08:01:09,91282CKK6,TSRYS5793014,D,S,D,2024-04-24,1000000.00,4.931024,99.89453125
08:01:09,91282CKK6,TSRYS5793014,D,S,D,2024-04-24,2000000.00,4.931024,99.89453125
08:01:09,91282CKK6,TSRYS5793014,D,S,D,2024-04-24,1000000.00,4.931024,99.89453125
08:01:09,91282CKK6,TSRYS5793014,D,S,D,2024-04-24,1000000.00,4.929986,99.896484375
08:01:09,91282CKK6,TSRYS5793014,D,S,D,2024-04-24,2000000.00,4.929986,99.896484375
08:01:09,91282CKK6,TSRYS5793014,D,S,D,2024-04-24,2000000.00,4.929986,99.896484375
08:01:09,91282CKK6,TSRYS5793014,D,S,C,2024-04-24,1000000.00,4.931024,99.89453125
08:01:09,91282CKK6,TSRYS5793014,D,S,D,2024-04-24,1000000.00,4.931024,99.89453125
08:01:09,91282CKK6,TSRYS5793014,D,S,C,2024-04-24,4000000.00,4.931024,99.89453125
08:01:09,91282CKK6,TSRYS5793014,D,S,C,2024-04-24,1000000.00,4.931024,99.89453125
08:01:09,91282CKK6,TSRYS5793014,D,S,C,2024-04-24,10000000.00,4.931024,99.89453125
08:01:09,91282CKK6,TSRYS5793014,D,S,C,2024-04-24,1000000.00,4.931024,99.89453125
08:01:09,91282CKK6,TSRYS5793014,D,S,D,2024-04-24,10000000.00,4.941408,99.875
08:01:09,91282CKK6,TSRYS5793014,D,S,C,2024-04-24,2000000.00,4.933101,99.890625
08:01:09,91282CKK6,TSRYS5793014,D,S,D,2024-04-24,3000000.00,4.933101,99.890625
08:01:09,91282CKK6,TSRYS5793014,D,B,C,2024-04-24,2000000.00,4.934139,99.888671875
08:01:09,91282CKK6,TSRYS5793014,D,S,D,2024-04-24,2000000.00,4.934139,99.888671875
08:01:09,91282CKK6,TSRYS5793014,D,S,D,2024-04-24,3000000.00,4.937254,99.8828125
08:01:09,91282CKK6,TSRYS5793014,D,S,C,2024-04-24,1000000.00,4.937254,99.8828125
08:01:09,91282CKK6,TSRYS5793014,D,S,D,2024-04-24,4000000.00,4.939331,99.87890625
08:01:09,91282CKK6,TSRYS5793014,D,S,D,2024-04-24,1000000.00,4.939331,99.87890625
08:01:09,91282CKK6,TSRYS5793014,D,S,D,2024-04-24,2000000.00,4.937254,99.8828125
08:01:09,91282CKK6,TSRYS5793014,D,S,C,2024-04-24,1000000.00,4.937254,99.8828125
08:01:09,91282CKK6,TSRYS5793014,D,S,D,2024-04-24,1000000.00,4.937254,99.8828125
08:01:09,91282CKK6,TSRYS5793014,D,S,D,2024-04-24,1000000.00,4.937254,99.8828125
08:01:09,91282CKK6,TSRYS5793014,D,S,D,2024-04-24,1000000.00,4.937254,99.8828125
08:01:09,91282CKK6,TSRYS5793014,D,S,C,2024-04-24,1000000.00,4.936216,99.884765625
08:01:09,91282CKK6,TSRYS5793014,D,S,D,2024-04-24,1000000.00,4.939331,99.87890625
08:01:09,91282CKK6,TSRYS5793014,D,S,D,2024-04-24,4000000.00,4.939331,99.87890625
08:01:09,91282CKK6,TSRYS5793014,D,S,T,2024-04-24,2000000.00,4.941408,99.875
08:01:09,91282CKK6,TSRYS5793014,D,S,D,2024-04-24,4000000.00,4.940369,99.876953125
08:01:09,91282CKK6,TSRYS5793014,D,S,T,2024-04-24,3000000.00,4.941408,99.875
08:01:09,91282CKK6,TSRYS5793014,D,S,D,2024-04-24,1000000.00,4.940369,99.876953125
08:01:09,91282CKK6,TSRYS5793014,D,S,T,2024-04-24,1000000.00,4.941408,99.875
08:01:09,91282CKK6,TSRYS5793014,D,S,D,2024-04-24,1000000.00,4.940369,99.876953125
08:01:09,91282CKK6,TSRYS5793014,D,S,T,2024-04-24,1000000.00,4.941408,99.875
08:01:09,91282CKK6,TSRYS5793014,D,B,C,2024-04-24,2000000.00,4.941408,99.875
08:01:09,91282CKK6,TSRYS5793014,D,S,D,2024-04-24,2000000.00,4.941408,99.875
08:01:09,91282CKK6,TSRYS5793014,D,S,D,2024-04-24,10400000.00,4.937254,99.8828125
08:01:09,91282CKK6,TSRYS5793014,D,S,D,2024-04-24,1000000.00,4.942446,99.873046875
08:01:09,91282CKK6,TSRYS5793014,D,S,D,2024-04-24,1000000.00,4.942446,99.873046875
08:01:09,91282CKK6,TSRYS5793014,D,S,D,2024-04-24,1000000.00,4.942446,99.873046875
08:01:09,91282CKK6,TSRYS5793014,D,S,D,2024-04-24,1000000.00,4.942446,99.873046875
08:01:09,91282CKK6,TSRYS5793014,D,S,D,2024-04-24,3000000.00,4.940369,99.876953125
08:01:09,91282CKK6,TSRYS5793014,D,S,C,2024-04-24,2000000.00,4.938292,99.880859375
08:01:09,91282CKK6,TSRYS5793014,D,S,C,2024-04-24,1000000.00,4.941408,99.875
08:01:09,91282CKK6,TSRYS5793014,D,S,D,2024-04-24,1000000.00,4.942446,99.873046875
08:01:09,91282CKK6,TSRYS5793014,D,S,C,2024-04-24,1000000.00,4.942446,99.873046875
08:01:09,91282CKK6,TSRYS5793014,D,S,D,2024-04-24,1000000.00,4.942446,99.873046875
08:01:09,91282CKK6,TSRYS5793014,D,S,C,2024-04-24,1000000.00,4.942446,99.873046875
08:01:09,91282CKK6,TSRYS5793014,D,S,D,2024-04-24,1000000.00,4.9466,99.865234375
08:01:09,91282CKK6,TSRYS5793014,D,S,D,2024-04-24,1000000.00,4.949716,99.859375
08:01:09,91282CKK6,TSRYS5793014,D,S,D,2024-04-24,1000000.00,4.950755,99.857421875
08:01:09,91282CKK6,TSRYS5793014,D,B,C,2024-04-24,1000000.00,4.950755,99.857421875
08:01:09,91282CKK6,TSRYS5793014,D,B,C,2024-04-24,1000000.00,4.945562,99.8671875
08:01:09,91282CKK6,TSRYS5793014,D,S,D,2024-04-24,1000000.00,4.945562,99.8671875
08:01:09,91282CKK6,TSRYS5793014,D,S,D,2024-04-24,1000000.00,4.944523,99.869140625
08:01:09,91282CKK6,TSRYS5793014,D,B,C,2024-04-24,1000000.00,4.944523,99.869140625
08:01:09,91282CKK6,TSRYS5793014,D,S,D,2024-04-24,1000000.00,4.944523,99.869140625
08:01:09,91282CKK6,TSRYS5793014,D,S,D,2024-04-24,1000000.00,4.944523,99.869140625
08:01:09,91282CKK6,TSRYS5793014,D,B,C,2024-04-24,1000000.00,4.941408,99.875
08:01:09,91282CKK6,TSRYS5793014,D,S,D,2024-04-24,1000000.00,4.941408,99.875
08:01:09,91282CKK6,TSRYS5793014,D,B,C,2024-04-24,1000000.00,4.941408,99.875
08:01:09,91282CKK6,TSRYS5793014,D,S,C,2024-04-24,1000000.00,4.941408,99.875
08:01:09,91282CKK6,TSRYS5793014,D,B,C,2024-04-24,1000000.00,4.941408,99.875
08:01:09,91282CKK6,TSRYS5793014,D,S,C,2024-04-24,1000000.00,4.941408,99.875
08:01:09,91282CKK6,TSRYS5793014,D,B,C,2024-04-24,1000000.00,4.941408,99.875
08:01:09,91282CKK6,TSRYS5793014,D,B,C,2024-04-24,1000000.00,4.941408,99.875
08:01:09,91282CKK6,TSRYS5793014,D,S,C,2024-04-24,1000000.00,4.941408,99.875
08:01:09,91282CKK6,TSRYS5793014,D,S,C,2024-04-24,1000000.00,4.941408,99.875
08:01:09,91282CKK6,TSRYS5793014,D,S,D,2024-04-24,1000000.00,4.941408,99.875
08:01:09,91282CKK6,TSRYS5793014,D,B,C,2024-04-24,1000000.00,4.941408,99.875
08:01:09,91282CKK6,TSRYS5793014,D,S,D,2024-04-24,1000000.00,4.941408,99.875
08:01:09,91282CKK6,TSRYS5793014,D,B,C,2024-04-24,1000000.00,4.941408,99.875
08:01:09,91282CKK6,TSRYS5793014,D,S,D,2024-04-24,1000000.00,4.941408,99.875
08:01:09,91282CKK6,TSRYS5793014,D,B,C,2024-04-24,1000000.00,4.941408,99.875
08:01:09,91282CKK6,TSRYS5793014,D,S,D,2024-04-24,1000000.00,4.940369,99.876953125
08:01:10,91282CKK6,TSRYS5793014,D,S,D,2024-04-24,2000000.00,4.912341,99.9296875
08:01:10,91282CKK6,TSRYS5793014,D,S,D,2024-04-24,1000000.00,4.912341,99.9296875
08:01:10,91282CKK6,TSRYS5793014,D,S,D,2024-04-24,1000000.00,4.937254,99.8828125
08:01:10,91282CKK6,TSRYS5793014,D,S,D,2024-04-24,3000000.00,4.937254,99.8828125
08:01:10,91282CKK6,TSRYS5793014,D,S,D,2024-04-24,1000000.00,4.936216,99.884765625
08:01:10,91282CKK6,TSRYS5793014,D,S,D,2024-04-24,1000000.00,4.939331,99.87890625
08:01:10,91282CKK6,TSRYS5793014,D,B,A,2024-04-24,797500.00,4.937254,99.8828125
08:01:10,91282CKK6,TSRYS5793014,D,S,T,2024-04-24,4000000.00,4.914417,99.92578125
08:01:11,91282CKK6,TSRYS5793014,D,S,T,2024-04-24,1000000.00,4.937374,99.8825875
08:01:11,91282CKK6,TSRYS5793014,D,S,T,2024-04-24,1000000.00,4.937307,99.8827125
08:01:11,91282CKK6,TSRYS5793014,D,S,T,2024-04-24,2000000.00,4.937307,99.8827125
08:01:11,91282CKK6,TSRYS5793014,D,S,T,2024-04-24,2000000.00,4.936269,99.884665625
08:01:11,91282CKK6,TSRYS5793014,D,S,T,2024-04-24,6000000.00,4.937307,99.8827125
08:01:11,91282CKK6,TSRYS5793014,D,S,T,2024-04-24,2000000.00,4.937307,99.8827125
08:01:11,91282CKK6,TSRYS5793014,D,S,T,2024-04-24,1000000.00,4.937307,99.8827125
08:01:11,91282CKK6,TSRYS5793014,D,S,T,2024-04-24,1000000.00,4.937307,99.8827125
08:01:11,91282CKK6,TSRYS5793014,D,S,T,2024-04-24,5000000.00,4.937307,99.8827125
08:01:11,91282CKK6,TSRYS5793014,D,S,T,2024-04-24,5000000.00,4.937307,99.8827125
08:01:11,91282CKK6,TSRYS5793014,D,B,A,2024-04-24,12000000.00,4.941408,99.875
08:01:11,91282CKK6,TSRYS5793014,D,S,T,2024-04-24,1000000.00,4.937307,99.8827125
08:01:11,91282CKK6,TSRYS5793014,D,S,T,2024-04-24,1000000.00,4.937307,99.8827125
08:01:11,91282CKK6,TSRYS5793014,D,S,T,2024-04-24,2000000.00,4.911303,99.931640625
08:01:11,91282CKK6,TSRYS5793014,D,S,T,2024-04-24,2000000.00,4.937307,99.8827125
08:01:11,91282CKK6,TSRYS5793014,D,S,T,2024-04-24,1000000.00,4.936269,99.884665625
08:01:11,91282CKK6,TSRYS5793014,D,S,T,2024-04-24,2000000.00,4.936269,99.884665625
08:01:11,91282CKK6,TSRYS5793014,D,S,A,2024-04-24,100000000.00,4.910266,99.93359375
08:01:11,91282CKK6,TSRYS5793014,D,S,T,2024-04-24,2000000.00,4.936269,99.884665625
08:01:11,91282CKK6,TSRYS5793014,D,S,T,2024-04-24,1000000.00,4.936269,99.884665625
08:01:11,91282CKK6,TSRYS5793014,D,S,T,2024-04-24,2000000.00,4.936269,99.884665625
08:01:11,91282CKK6,TSRYS5793014,D,S,T,2024-04-24,2000000.00,4.936269,99.884665625
08:01:11,91282CKK6,TSRYS5793014,D,S,T,2024-04-24,2000000.00,4.936269,99.884665625
08:01:11,91282CKK6,TSRYS5793014,D,S,T,2024-04-24,1000000.00,4.936269,99.884665625
08:01:11,91282CKK6,TSRYS5793014,D,S,T,2024-04-24,2000000.00,4.936269,99.884665625
08:01:11,91282CKK6,TSRYS5793014,D,S,T,2024-04-24,1000000.00,4.936269,99.884665625
08:01:11,91282CKK6,TSRYS5793014,D,S,T,2024-04-24,1000000.00,4.936269,99.884665625
08:01:11,91282CKK6,TSRYS5793014,D,S,T,2024-04-24,1000000.00,4.936269,99.884665625
08:01:11,91282CKK6,TSRYS5793014,D,S,D,2024-04-24,1162000.00,4.916492,99.921875
08:01:11,91282CKK6,TSRYS5793014,D,S,T,2024-04-24,10000000.00,4.939384,99.87880625
08:01:11,91282CKK6,TSRYS5793014,D,S,T,2024-04-24,5000000.00,4.939384,99.87880625
08:01:11,91282CKK6,TSRYS5793014,D,S,T,2024-04-24,2000000.00,4.939384,99.87880625
08:01:11,91282CKK6,TSRYS5793014,D,S,T,2024-04-24,1000000.00,4.939384,99.87880625
08:01:11,91282CKK6,TSRYS5793014,D,S,T,2024-04-24,9000000.00,4.938346,99.880759375
08:01:11,91282CKK6,TSRYS5793014,D,S,T,2024-04-24,1000000.00,4.938346,99.880759375
08:01:11,91282CKK6,TSRYS5793014,D,S,T,2024-04-24,1000000.00,4.938346,99.880759375
08:01:11,91282CKK6,TSRYS5793014,D,S,T,2024-04-24,1000000.00,4.938346,99.880759375
08:01:11,91282CKK6,TSRYS5793014,D,S,T,2024-04-24,1000000.00,4.938346,99.880759375
08:01:11,91282CKK6,TSRYS5793014,D,S,T,2024-04-24,1000000.00,4.938346,99.880759375
08:01:11,91282CKK6,TSRYS5793014,D,S,T,2024-04-24,1000000.00,4.938346,99.880759375
08:01:11,91282CKK6,TSRYS5793014,D,S,T,2024-04-24,1000000.00,4.938346,99.880759375
08:01:11,91282CKK6,TSRYS5793014,D,S,T,2024-04-24,1000000.00,4.938346,99.880759375
08:01:11,91282CKK6,TSRYS5793014,D,S,T,2024-04-24,1000000.00,4.938346,99.880759375
08:01:11,91282CKK6,TSRYS5793014,D,S,T,2024-04-24,1000000.00,4.912341,99.9296875
08:01:11,91282CKK6,TSRYS5793014,D,S,T,2024-04-24,1000000.00,4.938346,99.880759375
08:01:11,91282CKK6,TSRYS5793014,D,S,T,2024-04-24,1000000.00,4.938346,99.880759375
08:01:11,91282CKK6,TSRYS5793014,D,S,T,2024-04-24,1000000.00,4.938346,99.880759375
08:01:11,91282CKK6,TSRYS5793014,D,B,A,2024-04-24,3647000.00,4.941408,99.875
08:01:11,91282CKK6,TSRYS5793014,D,S,T,2024-04-24,1000000.00,4.938346,99.880759375
08:01:11,91282CKK6,TSRYS5793014,D,S,T,2024-04-24,1000000.00,4.938346,99.880759375
08:01:11,91282CKK6,TSRYS5793014,D,S,T,2024-04-24,1000000.00,4.938346,99.880759375
08:01:11,91282CKK6,TSRYS5793014,D,B,A,2024-04-24,888000.00,4.941408,99.875
08:01:11,91282CKK6,TSRYS5793014,D,S,T,2024-04-24,1000000.00,4.937347,99.8826375
08:01:11,91282CKK6,TSRYS5793014,D,S,T,2024-04-24,1000000.00,4.937347,99.8826375
08:01:11,91282CKK6,TSRYS5793014,D,S,T,2024-04-24,1000000.00,4.937347,99.8826375
08:01:11,91282CKK6,TSRYS5793014,D,S,T,2024-04-24,1000000.00,4.936309,99.884590625
08:01:11,91282CKK6,TSRYS5793014,D,S,T,2024-04-24,1000000.00,4.936309,99.884590625
08:01:11,91282CKK6,TSRYS5793014,D,S,T,2024-04-24,1000000.00,4.939424,99.87873125
08:01:11,91282CKK6,TSRYS5793014,D,S,T,2024-04-24,1000000.00,4.938385,99.880684375
08:01:11,91282CKK6,TSRYS5793014,D,S,T,2024-04-24,6000000.00,4.937374,99.8825875
08:01:11,91282CKK6,TSRYS5793014,D,S,T,2024-04-24,8000000.00,4.937374,99.8825875
08:01:11,91282CKK6,TSRYS5793014,D,S,T,2024-04-24,1000000.00,4.937374,99.8825875
08:01:11,91282CKK6,TSRYS5793014,D,S,T,2024-04-24,1000000.00,4.937374,99.8825875
08:01:11,91282CKK6,TSRYS5793014,D,S,T,2024-04-24,1000000.00,4.937374,99.8825875
08:01:11,91282CKK6,TSRYS5793014,D,S,T,2024-04-24,1000000.00,4.937374,99.8825875
08:01:11,91282CKK6,TSRYS5793014,D,S,T,2024-04-24,5000000.00,4.937374,99.8825875
08:01:11,91282CKK6,TSRYS5793014,D,S,T,2024-04-24,1000000.00,4.937374,99.8825875
08:01:11,91282CKK6,TSRYS5793014,D,S,T,2024-04-24,2000000.00,4.937374,99.8825875
08:01:11,91282CKK6,TSRYS5793014,D,S,T,2024-04-24,1000000.00,4.937374,99.8825875
08:01:11,91282CKK6,TSRYS5793014,D,S,T,2024-04-24,2000000.00,4.937374,99.8825875
08:01:11,91282CKK6,TSRYS5793014,D,S,T,2024-04-24,1000000.00,4.93945,99.87868125
08:01:11,91282CKK6,TSRYS5793014,D,S,T,2024-04-24,1000000.00,4.93945,99.87868125
08:01:11,91282CKK6,TSRYS5793014,D,S,T,2024-04-24,1000000.00,4.93945,99.87868125
08:01:12,91282CKK6,TSRYS5793014,D,S,D,2024-04-24,1000000.00,4.942074,99.8737469
08:01:12,91282CKK6,TSRYS5793014,D,S,D,2024-04-24,1000000.00,4.949344,99.860075
08:01:12,91282CKK6,TSRYS5793014,D,S,T,2024-04-24,2000000.00,4.92791,99.900390625
08:01:12,91282CKK6,TSRYS5793014,D,S,T,2024-04-24,3000000.00,4.928948,99.8984375
08:01:12,91282CKK6,TSRYS5793014,D,S,T,2024-04-24,1000000.00,4.92791,99.900390625
08:01:12,91282CKK6,TSRYS5793014,D,S,T,2024-04-24,9650000.00,4.875,100.0
08:01:12,91282CKK6,TSRYS5793014,D,S,T,2024-04-24,38500000.00,4.875,100.0
08:01:13,91282CKK6,TSRYS5793014,D,B,A,2024-04-24,35600000.00,4.931024,99.89453125
08:01:13,91282CKK6,TSRYS5793014,D,S,D,2024-04-24,1000000.00,4.910266,99.93359375
08:01:13,91282CKK6,TSRYS5793014,D,S,D,2024-04-24,1000000.00,4.910266,99.93359375
08:01:13,91282CKK6,TSRYS5793014,D,S,C,2024-04-24,1000000.00,4.911303,99.931640625
08:01:13,91282CKK6,TSRYS5793014,D,S,D,2024-04-24,2000000.00,4.911303,99.931640625
08:01:13,91282CKK6,TSRYS5793014,D,S,C,2024-04-24,1000000.00,4.909228,99.935546875
08:01:13,91282CKK6,TSRYS5793014,D,S,T,2024-04-24,1000000.00,4.939331,99.87890625
08:01:13,91282CKK6,TSRYS5793014,D,S,C,2024-04-24,1000000.00,4.909228,99.935546875
08:01:14,91282CKK6,TSRYS5793014,D,S,D,2024-04-24,2000000.00,4.910266,99.93359375
08:01:14,91282CKK6,TSRYS5793014,D,S,D,2024-04-24,1000000.00,4.910266,99.93359375
08:01:14,91282CKK6,TSRYS5793014,D,S,D,2024-04-24,2000000.00,4.937254,99.8828125
08:01:14,91282CKK6,TSRYS5793014,D,S,C,2024-04-24,1000000.00,4.910266,99.93359375
08:01:14,91282CKK6,TSRYS5793014,D,S,D,2024-04-24,1000000.00,4.910266,99.93359375
08:01:14,91282CKK6,TSRYS5793014,D,S,T,2024-04-24,1000000.00,4.938292,99.880859375
08:01:14,91282CKK6,TSRYS5793014,D,S,T,2024-04-24,2000000.00,4.938292,99.880859375
08:01:14,91282CKK6,TSRYS5793014,D,S,D,2024-04-24,1000000.00,4.910266,99.93359375
08:01:14,91282CKK6,TSRYS5793014,D,S,D,2024-04-24,1000000.00,4.910266,99.93359375
08:01:14,91282CKK6,TSRYS5793014,D,S,D,2024-04-24,1000000.00,4.910266,99.93359375
08:01:15,91282CKK6,TSRYS5793014,D,S,D,2024-04-24,1000000.00,4.910266,99.93359375
08:01:15,91282CKK6,TSRYS5793014,D,S,T,2024-04-24,1000000.00,4.944523,99.869140625
08:01:15,91282CKK6,TSRYS5793014,D,S,T,2024-04-24,2000000.00,4.915454,99.92382812
08:01:15,91282CKK6,TSRYS5793014,D,S,T,2024-04-24,1000000.00,4.943485,99.87109375
08:01:15,91282CKK6,TSRYS5793014,D,S,T,2024-04-24,2000000.00,4.915454,99.92382812
08:01:15,91282CKK6,TSRYS5793014,D,S,T,2024-04-24,2000000.00,4.944523,99.869140625
08:01:15,91282CKK6,TSRYS5793014,D,S,T,2024-04-24,1000000.00,4.915454,99.92382812
08:01:15,91282CKK6,TSRYS5793014,D,S,T,2024-04-24,1000000.00,4.943485,99.87109375
08:01:15,91282CKK6,TSRYS5793014,D,S,T,2024-04-24,1000000.00,4.916492,99.921875
