tradeTime,cusip,issueSymbolIdentifier,priceType,reportingSideCode,contraPartyTypeCode,tradeDate,reportedTradeVolume,lastSaleYield,lastSalePrice
08:00:01,91282CLP4,TSRYS5893514,D,S,D,2024-10-21,2000000.00,3.956285,99.154296875
08:00:01,91282CLP4,TSRYS5893514,D,S,D,2024-10-21,4000000.00,3.956285,99.154296875
08:00:01,91282CLP4,TSRYS5893514,D,S,D,2024-10-21,1000000.00,3.956285,99.154296875
08:00:01,91282CLP4,TSRYS5893514,D,B,C,2024-10-21,1000000.00,3.949917,99.166015625
08:00:01,91282CLP4,TSRYS5893514,D,S,D,2024-10-21,1000000.00,3.966902,99.134765625
08:00:03,91282CLP4,TSRYS5893514,D,S,T,2024-10-21,1000000.00,3.971149,99.126953125
08:00:03,91282CLP4,TSRYS5893514,D,S,T,2024-10-21,1000000.00,3.971149,99.126953125
08:00:03,91282CLP4,TSRYS5893514,D,S,T,2024-10-21,1000000.00,3.971149,99.126953125
08:00:03,91282CLP4,TSRYS5893514,D,S,T,2024-10-21,1000000.00,3.971149,99.126953125
08:00:03,91282CLP4,TSRYS5893514,D,S,T,2024-10-21,1000000.00,3.971149,99.126953125
08:00:03,91282CLP4,TSRYS5893514,D,S,T,2024-10-21,2000000.00,3.971149,99.126953125
08:00:03,91282CLP4,TSRYS5893514,D,S,T,2024-10-21,2000000.00,3.971149,99.126953125
08:00:03,91282CLP4,TSRYS5893514,D,S,T,2024-10-21,1000000.00,3.971149,99.126953125
08:00:03,91282CLP4,TSRYS5893514,D,S,T,2024-10-21,2000000.00,3.971149,99.126953125
08:00:03,91282CLP4,TSRYS5893514,D,S,T,2024-10-21,2000000.00,3.971149,99.126953125
08:00:03,91282CLP4,TSRYS5893514,D,S,T,2024-10-21,4000000.00,3.971149,99.126953125
08:00:03,91282CLP4,TSRYS5893514,D,S,T,2024-10-21,1000000.00,3.971149,99.126953125
08:00:03,91282CLP4,TSRYS5893514,D,S,T,2024-10-21,1000000.00,3.971149,99.126953125
08:00:03,91282CLP4,TSRYS5893514,D,S,T,2024-10-21,1000000.00,3.971149,99.126953125
08:00:03,91282CLP4,TSRYS5893514,D,S,T,2024-10-21,2000000.00,3.973273,99.123046875
08:00:03,91282CLP4,TSRYS5893514,D,S,T,2024-10-21,1000000.00,3.977521,99.115234375
08:00:03,91282CLP4,TSRYS5893514,D,S,T,2024-10-21,1000000.00,3.977521,99.115234375
08:00:03,91282CLP4,TSRYS5893514,D,S,T,2024-10-21,1000000.00,3.977521,99.115234375
08:00:03,91282CLP4,TSRYS5893514,D,S,D,2024-10-21,1000000.00,3.976459,99.1171875
08:00:03,91282CLP4,TSRYS5893514,D,S,D,2024-10-21,2000000.00,3.976459,99.1171875
08:00:03,91282CLP4,TSRYS5893514,D,S,T,2024-10-21,1000000.00,3.976459,99.1171875
08:00:03,91282CLP4,TSRYS5893514,D,S,T,2024-10-21,1000000.00,3.977521,99.115234375
08:00:03,91282CLP4,TSRYS5893514,D,S,T,2024-10-21,2000000.00,3.977521,99.115234375
08:00:03,91282CLP4,TSRYS5893514,D,S,T,2024-10-21,2000000.00,3.977521,99.115234375
08:00:03,91282CLP4,TSRYS5893514,D,S,T,2024-10-21,1000000.00,3.977521,99.115234375
08:00:03,91282CLP4,TSRYS5893514,D,S,T,2024-10-21,1000000.00,3.980708,99.109375
08:00:03,91282CLP4,TSRYS5893514,D,S,T,2024-10-21,1000000.00,3.980708,99.109375
08:00:03,91282CLP4,TSRYS5893514,D,S,T,2024-10-21,1000000.00,3.980708,99.109375
08:00:03,91282CLP4,TSRYS5893514,D,S,T,2024-10-21,2000000.00,3.980708,99.109375
08:00:03,91282CLP4,TSRYS5893514,D,S,T,2024-10-21,1000000.00,3.980708,99.109375
08:00:03,91282CLP4,TSRYS5893514,D,S,T,2024-10-21,1000000.00,3.980708,99.109375
08:00:03,91282CLP4,TSRYS5893514,D,S,T,2024-10-21,1000000.00,3.980708,99.109375
08:00:03,91282CLP4,TSRYS5893514,D,S,T,2024-10-21,1000000.00,3.980708,99.109375
08:00:03,91282CLP4,TSRYS5893514,D,S,T,2024-10-21,1000000.00,3.980708,99.109375
08:00:03,91282CLP4,TSRYS5893514,D,S,T,2024-10-21,1000000.00,3.980708,99.109375
08:00:03,91282CLP4,TSRYS5893514,D,S,T,2024-10-21,1000000.00,3.980708,99.109375
08:00:03,91282CLP4,TSRYS5893514,D,S,T,2024-10-21,1000000.00,3.980708,99.109375
08:00:03,91282CLP4,TSRYS5893514,D,S,T,2024-10-21,1000000.00,3.980708,99.109375
08:00:03,91282CLP4,TSRYS5893514,D,S,T,2024-10-21,1000000.00,3.980708,99.109375
08:00:03,91282CLP4,TSRYS5893514,D,S,T,2024-10-21,1000000.00,3.980708,99.109375
08:00:03,91282CLP4,TSRYS5893514,D,S,T,2024-10-21,1000000.00,3.980708,99.109375
08:00:03,91282CLP4,TSRYS5893514,D,S,T,2024-10-21,1000000.00,3.980708,99.109375
08:00:03,91282CLP4,TSRYS5893514,D,S,T,2024-10-21,1000000.00,3.980708,99.109375
08:00:03,91282CLP4,TSRYS5893514,D,S,T,2024-10-21,1000000.00,3.980708,99.109375
08:00:03,91282CLP4,TSRYS5893514,D,S,T,2024-10-21,1000000.00,3.980708,99.109375
08:00:03,91282CLP4,TSRYS5893514,D,S,T,2024-10-21,2000000.00,3.980708,99.109375
08:00:03,91282CLP4,TSRYS5893514,D,S,T,2024-10-21,1000000.00,3.980708,99.109375
08:00:03,91282CLP4,TSRYS5893514,D,S,T,2024-10-21,2000000.00,3.980708,99.109375
08:00:03,91282CLP4,TSRYS5893514,D,S,T,2024-10-21,1000000.00,3.980708,99.109375
08:00:03,91282CLP4,TSRYS5893514,D,S,T,2024-10-21,2000000.00,3.980708,99.109375
08:00:03,91282CLP4,TSRYS5893514,D,S,D,2024-10-21,1000000.00,3.98177,99.107421875
08:00:03,91282CLP4,TSRYS5893514,D,S,D,2024-10-21,1000000.00,3.98177,99.107421875
08:00:03,91282CLP4,TSRYS5893514,D,S,D,2024-10-21,1000000.00,3.98177,99.107421875
08:00:03,91282CLP4,TSRYS5893514,D,S,T,2024-10-21,1000000.00,3.98177,99.107421875
08:00:03,91282CLP4,TSRYS5893514,D,S,T,2024-10-21,1000000.00,3.98177,99.107421875
08:00:03,91282CLP4,TSRYS5893514,D,S,D,2024-10-21,2000000.00,3.982832,99.10546875
08:00:03,91282CLP4,TSRYS5893514,D,S,D,2024-10-21,1000000.00,3.982832,99.10546875
08:00:03,91282CLP4,TSRYS5893514,D,S,D,2024-10-21,1000000.00,3.982832,99.10546875
08:00:03,91282CLP4,TSRYS5893514,D,S,D,2024-10-21,1000000.00,3.982832,99.10546875
08:00:03,91282CLP4,TSRYS5893514,D,S,D,2024-10-21,1000000.00,3.982832,99.10546875
08:00:03,91282CLP4,TSRYS5893514,D,S,T,2024-10-21,3000000.00,3.977521,99.115234375
08:00:03,91282CLP4,TSRYS5893514,D,S,D,2024-10-21,2000000.00,3.976459,99.1171875
08:00:03,91282CLP4,TSRYS5893514,D,S,D,2024-10-21,4000000.00,3.978583,99.11328125
08:00:03,91282CLP4,TSRYS5893514,D,S,D,2024-10-21,2000000.00,3.982832,99.10546875
08:00:03,91282CLP4,TSRYS5893514,D,S,D,2024-10-21,2000000.00,3.989206,99.09375
08:00:03,91282CLP4,TSRYS5893514,D,S,D,2024-10-21,4000000.00,3.989206,99.09375
08:00:03,91282CLP4,TSRYS5893514,D,S,D,2024-10-21,4000000.00,3.989206,99.09375
08:00:03,91282CLP4,TSRYS5893514,D,S,D,2024-10-21,1000000.00,3.989206,99.09375
08:00:03,91282CLP4,TSRYS5893514,D,S,D,2024-10-21,2000000.00,3.989206,99.09375
08:00:03,91282CLP4,TSRYS5893514,D,S,T,2024-10-21,1000000.00,3.988143,99.095703125
08:00:03,91282CLP4,TSRYS5893514,D,S,T,2024-10-21,1000000.00,3.988143,99.095703125
08:00:03,91282CLP4,TSRYS5893514,D,S,D,2024-10-21,1000000.00,3.982832,99.10546875
08:00:03,91282CLP4,TSRYS5893514,D,S,D,2024-10-21,4000000.00,3.982832,99.10546875
08:00:03,91282CLP4,TSRYS5893514,D,S,D,2024-10-21,4000000.00,3.982832,99.10546875
08:00:03,91282CLP4,TSRYS5893514,D,S,D,2024-10-21,2000000.00,3.982832,99.10546875
08:00:03,91282CLP4,TSRYS5893514,D,S,D,2024-10-21,4000000.00,3.982832,99.10546875
08:00:03,91282CLP4,TSRYS5893514,D,S,D,2024-10-21,4000000.00,3.982832,99.10546875
08:00:03,91282CLP4,TSRYS5893514,D,S,D,2024-10-21,1000000.00,3.982832,99.10546875
08:00:03,91282CLP4,TSRYS5893514,D,S,T,2024-10-21,2000000.00,3.983894,99.103515625
08:00:03,91282CLP4,TSRYS5893514,D,S,D,2024-10-21,200000.00,3.987081,99.09765625
08:00:03,91282CLP4,TSRYS5893514,D,S,T,2024-10-21,1000000.00,3.984956,99.1015625
08:00:03,91282CLP4,TSRYS5893514,D,S,D,2024-10-21,1000000.00,3.987081,99.09765625
08:00:03,91282CLP4,TSRYS5893514,D,S,A,2024-10-21,9000.00,3.989023,99.14964055556
08:00:06,91282CLP4,TSRYS5893514,D,B,A,2024-10-21,1305000.00,3.950978,99.1640625
08:00:06,91282CLP4,TSRYS5893514,D,B,A,2024-10-21,4217000.00,3.95947,99.1484375
08:00:07,91282CLP4,TSRYS5893514,D,S,A,2024-10-21,1500000.00,3.950978,99.1640625
08:00:07,91282CLP4,TSRYS5893514,D,B,A,2024-10-21,1000000.00,3.950978,99.1640625
08:00:07,91282CLP4,TSRYS5893514,D,B,A,2024-10-21,1305000.00,3.950978,99.1640625
08:00:11,91282CLP4,TSRYS5893514,D,B,A,2024-10-21,5322000.00,3.967964,99.1328125
08:00:11,91282CLP4,TSRYS5893514,D,S,A,2024-10-21,4373000.00,3.95947,99.1484375
08:00:11,91282CLP4,TSRYS5893514,D,S,A,2024-10-21,700000.00,3.963717,99.140625
08:00:11,91282CLP4,TSRYS5893514,D,B,A,2024-10-21,575000.00,3.967964,99.1328125
08:00:11,91282CLP4,TSRYS5893514,D,B,A,2024-10-21,200000.00,3.96584,99.13671875
08:00:11,91282CLP4,TSRYS5893514,D,S,D,2024-10-21,1000000.00,3.956285,99.154296875
08:00:11,91282CLP4,TSRYS5893514,D,S,T,2024-10-21,1000000.00,3.956285,99.154296875
08:00:11,91282CLP4,TSRYS5893514,D,S,T,2024-10-21,1000000.00,3.956285,99.154296875
08:00:11,91282CLP4,TSRYS5893514,D,S,T,2024-10-21,1000000.00,3.956285,99.154296875
08:00:11,91282CLP4,TSRYS5893514,D,S,T,2024-10-21,1000000.00,3.95947,99.1484375
08:00:11,91282CLP4,TSRYS5893514,D,S,T,2024-10-21,3000000.00,3.957347,99.15234375
08:00:11,91282CLP4,TSRYS5893514,D,S,T,2024-10-21,1000000.00,3.957347,99.15234375
08:00:11,91282CLP4,TSRYS5893514,D,S,T,2024-10-21,1000000.00,3.958409,99.150390625
08:00:11,91282CLP4,TSRYS5893514,D,S,T,2024-10-21,1000000.00,3.958409,99.150390625
08:00:11,91282CLP4,TSRYS5893514,D,S,T,2024-10-21,1000000.00,3.96584,99.13671875
08:00:11,91282CLP4,TSRYS5893514,D,S,T,2024-10-21,1000000.00,3.96584,99.13671875
08:00:11,91282CLP4,TSRYS5893514,D,S,T,2024-10-21,1000000.00,3.96584,99.13671875
08:00:11,91282CLP4,TSRYS5893514,D,S,T,2024-10-21,1000000.00,3.96584,99.13671875
08:00:11,91282CLP4,TSRYS5893514,D,S,T,2024-10-21,1000000.00,3.96584,99.13671875
08:00:11,91282CLP4,TSRYS5893514,D,S,T,2024-10-21,1000000.00,3.967964,99.1328125
08:00:11,91282CLP4,TSRYS5893514,D,S,T,2024-10-21,1000000.00,3.976459,99.1171875
08:00:11,91282CLP4,TSRYS5893514,D,S,D,2024-10-21,1000000.00,3.979645,99.111328125
08:00:11,91282CLP4,TSRYS5893514,D,S,T,2024-10-21,1000000.00,3.99133,99.08984375
08:00:12,91282CLP4,TSRYS5893514,D,S,T,2024-10-21,2000000.00,3.984956,99.1015625
08:00:12,91282CLP4,TSRYS5893514,D,S,T,2024-10-21,1000000.00,3.984956,99.1015625
08:00:12,91282CLP4,TSRYS5893514,D,S,T,2024-10-21,1000000.00,3.984956,99.1015625
08:00:12,91282CLP4,TSRYS5893514,D,S,T,2024-10-21,1000000.00,3.984956,99.1015625
08:00:12,91282CLP4,TSRYS5893514,D,S,T,2024-10-21,1000000.00,3.984956,99.1015625
08:00:12,91282CLP4,TSRYS5893514,D,S,T,2024-10-21,1000000.00,3.984956,99.1015625
08:00:12,91282CLP4,TSRYS5893514,D,S,T,2024-10-21,1000000.00,3.984956,99.1015625
08:00:12,91282CLP4,TSRYS5893514,D,S,T,2024-10-21,2000000.00,3.984956,99.1015625
08:00:12,91282CLP4,TSRYS5893514,D,S,T,2024-10-21,1000000.00,3.984956,99.1015625
08:00:12,91282CLP4,TSRYS5893514,D,S,T,2024-10-21,2000000.00,3.984956,99.1015625
08:00:12,91282CLP4,TSRYS5893514,D,S,T,2024-10-21,1000000.00,3.983894,99.103515625
08:00:12,91282CLP4,TSRYS5893514,D,S,T,2024-10-21,1000000.00,3.983894,99.103515625
08:00:12,91282CLP4,TSRYS5893514,D,S,T,2024-10-21,1000000.00,3.983894,99.103515625
08:00:12,91282CLP4,TSRYS5893514,D,S,T,2024-10-21,1000000.00,3.983894,99.103515625
08:00:12,91282CLP4,TSRYS5893514,D,S,T,2024-10-21,1000000.00,3.983894,99.103515625
08:00:12,91282CLP4,TSRYS5893514,D,S,T,2024-10-21,1000000.00,3.983894,99.103515625
08:00:12,91282CLP4,TSRYS5893514,D,S,T,2024-10-21,2000000.00,3.984956,99.1015625
08:00:12,91282CLP4,TSRYS5893514,D,S,T,2024-10-21,1000000.00,3.984956,99.1015625
08:00:12,91282CLP4,TSRYS5893514,D,S,T,2024-10-21,2000000.00,3.984956,99.1015625
08:00:12,91282CLP4,TSRYS5893514,D,S,T,2024-10-21,1000000.00,3.984956,99.1015625
08:00:12,91282CLP4,TSRYS5893514,D,S,T,2024-10-21,1000000.00,3.984956,99.1015625
08:00:12,91282CLP4,TSRYS5893514,D,S,T,2024-10-21,1000000.00,3.984956,99.1015625
08:00:12,91282CLP4,TSRYS5893514,D,S,T,2024-10-21,1000000.00,3.984956,99.1015625
08:00:12,91282CLP4,TSRYS5893514,D,S,T,2024-10-21,1000000.00,3.984956,99.1015625
08:00:12,91282CLP4,TSRYS5893514,D,S,T,2024-10-21,1000000.00,3.984956,99.1015625
08:00:12,91282CLP4,TSRYS5893514,D,S,T,2024-10-21,1000000.00,3.984956,99.1015625
08:00:12,91282CLP4,TSRYS5893514,D,S,T,2024-10-21,2000000.00,3.983894,99.103515625
08:00:12,91282CLP4,TSRYS5893514,D,S,T,2024-10-21,1000000.00,3.983894,99.103515625
08:00:12,91282CLP4,TSRYS5893514,D,S,T,2024-10-21,2000000.00,3.983894,99.103515625
08:00:12,91282CLP4,TSRYS5893514,D,S,T,2024-10-21,1000000.00,3.983894,99.103515625
08:00:12,91282CLP4,TSRYS5893514,D,S,T,2024-10-21,1000000.00,3.983894,99.103515625
08:00:12,91282CLP4,TSRYS5893514,D,S,T,2024-10-21,1000000.00,3.983894,99.103515625
08:00:12,91282CLP4,TSRYS5893514,D,S,T,2024-10-21,1000000.00,3.983894,99.103515625
08:00:12,91282CLP4,TSRYS5893514,D,S,T,2024-10-21,1000000.00,3.983894,99.103515625
08:00:12,91282CLP4,TSRYS5893514,D,S,T,2024-10-21,2000000.00,3.984956,99.1015625
08:00:12,91282CLP4,TSRYS5893514,D,S,T,2024-10-21,1000000.00,3.984956,99.1015625
08:00:12,91282CLP4,TSRYS5893514,D,S,T,2024-10-21,2000000.00,3.986019,99.099609375
08:00:12,91282CLP4,TSRYS5893514,D,S,T,2024-10-21,1000000.00,3.984956,99.1015625
08:00:12,91282CLP4,TSRYS5893514,D,S,T,2024-10-21,1000000.00,3.986019,99.099609375
08:00:12,91282CLP4,TSRYS5893514,D,S,T,2024-10-21,1000000.00,3.986019,99.099609375
08:00:12,91282CLP4,TSRYS5893514,D,S,T,2024-10-21,1000000.00,3.986019,99.099609375
08:00:12,91282CLP4,TSRYS5893514,D,S,T,2024-10-21,2000000.00,3.984956,99.1015625
08:00:12,91282CLP4,TSRYS5893514,D,S,T,2024-10-21,1000000.00,3.984956,99.1015625
08:00:12,91282CLP4,TSRYS5893514,D,S,T,2024-10-21,1000000.00,3.984956,99.1015625
08:00:12,91282CLP4,TSRYS5893514,D,S,T,2024-10-21,1000000.00,3.984956,99.1015625
08:00:12,91282CLP4,TSRYS5893514,D,S,T,2024-10-21,2000000.00,3.984956,99.1015625
08:00:12,91282CLP4,TSRYS5893514,D,S,T,2024-10-21,1000000.00,3.984956,99.1015625
08:00:12,91282CLP4,TSRYS5893514,D,S,T,2024-10-21,2000000.00,3.987081,99.09765625
08:00:12,91282CLP4,TSRYS5893514,D,S,D,2024-10-21,1000000.00,3.955224,99.15625
08:00:12,91282CLP4,TSRYS5893514,D,S,D,2024-10-21,1000000.00,3.955224,99.15625
08:00:12,91282CLP4,TSRYS5893514,D,S,D,2024-10-21,1000000.00,3.955224,99.15625
08:00:12,91282CLP4,TSRYS5893514,D,S,D,2024-10-21,1000000.00,3.955224,99.15625
08:00:12,91282CLP4,TSRYS5893514,D,S,D,2024-10-21,1000000.00,3.955224,99.15625
08:00:12,91282CLP4,TSRYS5893514,D,S,D,2024-10-21,1000000.00,3.955224,99.15625
08:00:12,91282CLP4,TSRYS5893514,D,S,D,2024-10-21,1000000.00,3.955224,99.15625
08:00:12,91282CLP4,TSRYS5893514,D,S,D,2024-10-21,1000000.00,3.955224,99.15625
08:00:13,91282CLP4,TSRYS5893514,D,S,D,2024-10-21,1000000.00,3.955224,99.15625
08:00:14,91282CLP4,TSRYS5893514,D,S,D,2024-10-21,1700000.00,3.955224,99.15625
08:00:14,91282CLP4,TSRYS5893514,D,B,A,2024-10-21,2625000.00,3.953101,99.16015625
08:00:14,91282CLP4,TSRYS5893514,D,S,T,2024-10-21,2000000.00,3.953101,99.16015625
08:00:14,91282CLP4,TSRYS5893514,D,S,C,2024-10-21,2605000.00,3.980708,99.109375
08:00:14,91282CLP4,TSRYS5893514,D,S,A,2024-10-21,1745000.00,3.950978,99.1640625
08:00:14,91282CLP4,TSRYS5893514,D,S,T,2024-10-21,1000000.00,3.950978,99.1640625
08:00:14,91282CLP4,TSRYS5893514,D,S,D,2024-10-21,1000000.00,3.955224,99.15625
08:00:14,91282CLP4,TSRYS5893514,D,S,D,2024-10-21,1000000.00,3.955224,99.15625
08:00:14,91282CLP4,TSRYS5893514,D,S,D,2024-10-21,1000000.00,3.955224,99.15625
08:00:14,91282CLP4,TSRYS5893514,D,S,D,2024-10-21,1000000.00,3.955224,99.15625
08:00:14,91282CLP4,TSRYS5893514,D,S,C,2024-10-21,27192000.00,3.984956,99.1015625
08:00:14,91282CLP4,TSRYS5893514,D,S,T,2024-10-21,1000000.00,3.976459,99.1171875
08:00:14,91282CLP4,TSRYS5893514,D,S,T,2024-10-21,1000000.00,3.976459,99.1171875
08:00:14,91282CLP4,TSRYS5893514,D,S,T,2024-10-21,2000000.00,3.976459,99.1171875
08:00:14,91282CLP4,TSRYS5893514,D,S,T,2024-10-21,2000000.00,3.976459,99.1171875
08:00:14,91282CLP4,TSRYS5893514,D,S,D,2024-10-21,3000000.00,3.976459,99.1171875
08:00:14,91282CLP4,TSRYS5893514,D,S,D,2024-10-21,2605000.00,3.980708,99.109375
08:00:14,91282CLP4,TSRYS5893514,D,S,T,2024-10-21,1000000.00,3.980708,99.109375
08:00:14,91282CLP4,TSRYS5893514,D,S,T,2024-10-21,1000000.00,3.98177,99.107421875
08:00:14,91282CLP4,TSRYS5893514,D,B,A,2024-10-21,16171000.00,3.980708,99.109375
08:00:14,91282CLP4,TSRYS5893514,D,S,T,2024-10-21,1000000.00,3.980708,99.109375
08:00:14,91282CLP4,TSRYS5893514,D,S,T,2024-10-21,3000000.00,3.980708,99.109375
08:00:14,91282CLP4,TSRYS5893514,D,S,T,2024-10-21,1000000.00,3.980708,99.109375
08:00:14,91282CLP4,TSRYS5893514,D,S,T,2024-10-21,4000000.00,3.980708,99.109375
08:00:14,91282CLP4,TSRYS5893514,D,S,T,2024-10-21,1000000.00,3.980708,99.109375
08:00:14,91282CLP4,TSRYS5893514,D,S,T,2024-10-21,1000000.00,3.980708,99.109375
08:00:14,91282CLP4,TSRYS5893514,D,S,T,2024-10-21,5000000.00,3.980708,99.109375
08:00:14,91282CLP4,TSRYS5893514,D,S,T,2024-10-21,1000000.00,3.978583,99.11328125
08:00:14,91282CLP4,TSRYS5893514,D,S,A,2024-10-21,24475000.00,3.987081,99.09765625
08:00:14,91282CLP4,TSRYS5893514,D,S,T,2024-10-21,4000000.00,3.989206,99.09375
08:00:14,91282CLP4,TSRYS5893514,D,S,T,2024-10-21,2000000.00,3.983894,99.103515625
08:00:14,91282CLP4,TSRYS5893514,D,S,D,2024-10-21,50000000.00,3.982832,99.10546875
08:00:14,91282CLP4,TSRYS5893514,D,S,D,2024-10-21,27192000.00,3.984956,99.1015625
08:00:14,91282CLP4,TSRYS5893514,D,S,T,2024-10-21,1000000.00,3.987081,99.09765625
08:00:14,91282CLP4,TSRYS5893514,D,S,T,2024-10-21,1000000.00,3.987081,99.09765625
08:00:14,91282CLP4,TSRYS5893514,D,S,T,2024-10-21,1000000.00,3.987081,99.09765625
08:00:15,91282CLP4,TSRYS5893514,D,S,D,2024-10-21,1000000.00,3.955224,99.15625
08:00:15,91282CLP4,TSRYS5893514,D,S,D,2024-10-21,1000000.00,3.955224,99.15625
08:00:15,91282CLP4,TSRYS5893514,D,S,D,2024-10-21,1000000.00,3.955224,99.15625
08:00:15,91282CLP4,TSRYS5893514,D,S,D,2024-10-21,1000000.00,3.955224,99.15625
08:00:15,91282CLP4,TSRYS5893514,D,S,D,2024-10-21,1000000.00,3.955224,99.15625
08:00:15,91282CLP4,TSRYS5893514,D,S,D,2024-10-21,1000000.00,3.955224,99.15625
08:00:15,91282CLP4,TSRYS5893514,D,S,D,2024-10-21,1000000.00,3.955224,99.15625
08:00:15,91282CLP4,TSRYS5893514,D,S,D,2024-10-21,1000000.00,3.955224,99.15625
08:00:15,91282CLP4,TSRYS5893514,D,S,D,2024-10-21,1000000.00,3.955224,99.15625
08:00:15,91282CLP4,TSRYS5893514,D,S,D,2024-10-21,1000000.00,3.955224,99.15625
08:00:15,91282CLP4,TSRYS5893514,D,S,D,2024-10-21,1000000.00,3.955224,99.15625
08:00:15,91282CLP4,TSRYS5893514,D,S,D,2024-10-21,1000000.00,3.955224,99.15625
08:00:15,91282CLP4,TSRYS5893514,D,S,D,2024-10-21,1000000.00,3.955224,99.15625
08:00:15,91282CLP4,TSRYS5893514,D,S,D,2024-10-21,1000000.00,3.955224,99.15625
08:00:15,91282CLP4,TSRYS5893514,D,S,D,2024-10-21,1000000.00,3.955224,99.15625
08:00:15,91282CLP4,TSRYS5893514,D,S,D,2024-10-21,1000000.00,3.955224,99.15625
08:00:15,91282CLP4,TSRYS5893514,D,S,D,2024-10-21,1000000.00,3.955224,99.15625
08:00:15,91282CLP4,TSRYS5893514,D,S,D,2024-10-21,1000000.00,3.955224,99.15625
08:00:15,91282CLP4,TSRYS5893514,D,S,D,2024-10-21,1000000.00,3.955224,99.15625
08:00:16,91282CLP4,TSRYS5893514,D,B,A,2024-10-21,199000.00,3.974335,99.12109375
08:00:16,91282CLP4,TSRYS5893514,D,B,A,2024-10-21,1000000.00,3.967964,99.1328125
08:00:16,91282CLP4,TSRYS5893514,D,S,A,2024-10-21,279000.00,3.96584,99.13671875
08:00:16,91282CLP4,TSRYS5893514,D,B,A,2024-10-21,5322000.00,3.967964,99.1328125
08:00:16,91282CLP4,TSRYS5893514,D,S,A,2024-10-21,1996000.00,3.96584,99.13671875
08:00:16,91282CLP4,TSRYS5893514,D,S,A,2024-10-21,1996000.00,3.96584,99.13671875
08:00:16,91282CLP4,TSRYS5893514,D,S,D,2024-10-21,1000000.00,3.955224,99.15625
08:00:16,91282CLP4,TSRYS5893514,D,S,D,2024-10-21,1000000.00,3.955224,99.15625
08:00:16,91282CLP4,TSRYS5893514,D,S,D,2024-10-21,1000000.00,3.955224,99.15625
08:00:16,91282CLP4,TSRYS5893514,D,S,D,2024-10-21,1000000.00,3.955224,99.15625
08:00:16,91282CLP4,TSRYS5893514,D,S,D,2024-10-21,1000000.00,3.955224,99.15625
08:00:16,91282CLP4,TSRYS5893514,D,S,D,2024-10-21,1000000.00,3.955224,99.15625
08:00:18,91282CLP4,TSRYS5893514,D,S,D,2024-10-21,1000000.00,3.955224,99.15625
08:00:18,91282CLP4,TSRYS5893514,D,S,D,2024-10-21,1000000.00,3.955224,99.15625
08:00:18,91282CLP4,TSRYS5893514,D,S,D,2024-10-21,1000000.00,3.95204,99.162109375
08:00:18,91282CLP4,TSRYS5893514,D,S,T,2024-10-21,1000000.00,3.957347,99.15234375
08:00:18,91282CLP4,TSRYS5893514,D,S,T,2024-10-21,2000000.00,3.957347,99.15234375
08:00:19,91282CLP4,TSRYS5893514,D,S,D,2024-10-21,1000000.00,3.957347,99.15234375
08:00:19,91282CLP4,TSRYS5893514,D,S,T,2024-10-21,1000000.00,3.958409,99.150390625
08:00:19,91282CLP4,TSRYS5893514,D,S,D,2024-10-21,1000000.00,3.957347,99.15234375
08:00:19,91282CLP4,TSRYS5893514,D,S,D,2024-10-21,2000000.00,3.958409,99.150390625
08:00:19,91282CLP4,TSRYS5893514,D,S,T,2024-10-21,2000000.00,3.957347,99.15234375
08:00:19,91282CLP4,TSRYS5893514,D,S,D,2024-10-21,4000000.00,3.958409,99.150390625
08:00:19,91282CLP4,TSRYS5893514,D,S,T,2024-10-21,2000000.00,3.957347,99.15234375
08:00:19,91282CLP4,TSRYS5893514,D,S,D,2024-10-21,1000000.00,3.958409,99.150390625
08:00:19,91282CLP4,TSRYS5893514,D,S,D,2024-10-21,1000000.00,3.95204,99.162109375
08:00:19,91282CLP4,TSRYS5893514,D,S,D,2024-10-21,1000000.00,3.95204,99.162109375
08:00:19,91282CLP4,TSRYS5893514,D,S,D,2024-10-21,1000000.00,3.958409,99.150390625
08:00:19,91282CLP4,TSRYS5893514,D,S,T,2024-10-21,1000000.00,3.957347,99.15234375
08:00:19,91282CLP4,TSRYS5893514,D,S,T,2024-10-21,2000000.00,3.957347,99.15234375
08:00:19,91282CLP4,TSRYS5893514,D,S,T,2024-10-21,1000000.00,3.95947,99.1484375
08:00:19,91282CLP4,TSRYS5893514,D,S,T,2024-10-21,10000000.00,3.95947,99.1484375
08:00:19,91282CLP4,TSRYS5893514,D,S,T,2024-10-21,2000000.00,3.95947,99.1484375
08:00:19,91282CLP4,TSRYS5893514,D,S,T,2024-10-21,1000000.00,3.95947,99.1484375
08:00:19,91282CLP4,TSRYS5893514,D,S,D,2024-10-21,1000000.00,3.95947,99.1484375
08:00:20,91282CLP4,TSRYS5893514,D,S,T,2024-10-21,4000000.00,3.95947,99.1484375
08:00:20,91282CLP4,TSRYS5893514,D,S,T,2024-10-21,1000000.00,3.95947,99.1484375
08:00:20,91282CLP4,TSRYS5893514,D,S,T,2024-10-21,1000000.00,3.95947,99.1484375
08:00:20,91282CLP4,TSRYS5893514,D,S,T,2024-10-21,1000000.00,3.95947,99.1484375
08:00:20,91282CLP4,TSRYS5893514,D,S,T,2024-10-21,1000000.00,3.95947,99.1484375
08:00:20,91282CLP4,TSRYS5893514,D,S,T,2024-10-21,1000000.00,3.95947,99.1484375
08:00:20,91282CLP4,TSRYS5893514,D,S,T,2024-10-21,1000000.00,3.95947,99.1484375
08:00:20,91282CLP4,TSRYS5893514,D,S,T,2024-10-21,1000000.00,3.95947,99.1484375
08:00:20,91282CLP4,TSRYS5893514,D,S,T,2024-10-21,1000000.00,3.95947,99.1484375
08:00:20,91282CLP4,TSRYS5893514,D,S,T,2024-10-21,1000000.00,3.95947,99.1484375
08:00:20,91282CLP4,TSRYS5893514,D,S,T,2024-10-21,1000000.00,3.95947,99.1484375
08:00:20,91282CLP4,TSRYS5893514,D,S,D,2024-10-21,1000000.00,3.957347,99.15234375
08:00:20,91282CLP4,TSRYS5893514,D,S,D,2024-10-21,1000000.00,3.957347,99.15234375
08:00:20,91282CLP4,TSRYS5893514,D,S,T,2024-10-21,1000000.00,3.95947,99.1484375
08:00:20,91282CLP4,TSRYS5893514,D,S,T,2024-10-21,1000000.00,3.95947,99.1484375
08:00:20,91282CLP4,TSRYS5893514,D,S,T,2024-10-21,1000000.00,3.95947,99.1484375
08:00:20,91282CLP4,TSRYS5893514,D,S,T,2024-10-21,2000000.00,3.957347,99.15234375
08:00:21,91282CLP4,TSRYS5893514,D,S,T,2024-10-21,3000000.00,3.95947,99.1484375
08:00:21,91282CLP4,TSRYS5893514,D,S,A,2024-10-21,6014000.00,3.974335,99.12109375
08:00:21,91282CLP4,TSRYS5893514,D,S,D,2024-10-21,2000000.00,3.958409,99.150390625
08:00:21,91282CLP4,TSRYS5893514,D,S,D,2024-10-21,1000000.00,3.958409,99.150390625
08:00:21,91282CLP4,TSRYS5893514,D,S,D,2024-10-21,4000000.00,3.958409,99.150390625
08:00:21,91282CLP4,TSRYS5893514,D,S,D,2024-10-21,1000000.00,3.958409,99.150390625
08:00:21,91282CLP4,TSRYS5893514,D,S,T,2024-10-21,2000000.00,3.95947,99.1484375
08:00:21,91282CLP4,TSRYS5893514,D,S,T,2024-10-21,2000000.00,3.95947,99.1484375
08:00:21,91282CLP4,TSRYS5893514,D,S,T,2024-10-21,1000000.00,3.95947,99.1484375
08:00:21,91282CLP4,TSRYS5893514,D,S,T,2024-10-21,2000000.00,3.95947,99.1484375
08:00:21,91282CLP4,TSRYS5893514,D,S,T,2024-10-21,1000000.00,3.95947,99.1484375
08:00:21,91282CLP4,TSRYS5893514,D,S,T,2024-10-21,3000000.00,3.957347,99.15234375
08:00:21,91282CLP4,TSRYS5893514,D,S,T,2024-10-21,1000000.00,3.95947,99.1484375
08:00:21,91282CLP4,TSRYS5893514,D,S,T,2024-10-21,1000000.00,3.95947,99.1484375
08:00:21,91282CLP4,TSRYS5893514,D,S,D,2024-10-21,2000000.00,3.982832,99.10546875
08:00:21,91282CLP4,TSRYS5893514,D,S,D,2024-10-21,2000000.00,3.982832,99.10546875
08:00:21,91282CLP4,TSRYS5893514,D,S,T,2024-10-21,2000000.00,3.95947,99.1484375
08:00:21,91282CLP4,TSRYS5893514,D,S,D,2024-10-21,3000000.00,3.982832,99.10546875
08:00:21,91282CLP4,TSRYS5893514,D,S,T,2024-10-21,2000000.00,3.95947,99.1484375
08:00:21,91282CLP4,TSRYS5893514,D,S,T,2024-10-21,2000000.00,3.95947,99.1484375
08:00:21,91282CLP4,TSRYS5893514,D,S,T,2024-10-21,1000000.00,3.957347,99.15234375
08:00:21,91282CLP4,TSRYS5893514,D,S,T,2024-10-21,1000000.00,3.95947,99.1484375
08:00:21,91282CLP4,TSRYS5893514,D,B,A,2024-10-21,39000.00,3.982832,99.10546875
08:00:21,91282CLP4,TSRYS5893514,D,S,T,2024-10-21,1000000.00,3.95947,99.1484375
08:00:21,91282CLP4,TSRYS5893514,D,S,T,2024-10-21,2000000.00,3.95947,99.1484375
08:00:21,91282CLP4,TSRYS5893514,D,S,T,2024-10-21,2000000.00,3.95947,99.1484375
08:00:21,91282CLP4,TSRYS5893514,D,S,T,2024-10-21,1000000.00,3.95947,99.1484375
08:00:21,91282CLP4,TSRYS5893514,D,S,T,2024-10-21,3000000.00,3.95947,99.1484375
08:00:21,91282CLP4,TSRYS5893514,D,S,T,2024-10-21,1000000.00,3.957347,99.15234375
08:00:21,91282CLP4,TSRYS5893514,D,S,T,2024-10-21,1000000.00,3.95947,99.1484375
08:00:21,91282CLP4,TSRYS5893514,D,S,T,2024-10-21,2000000.00,3.957347,99.15234375
08:00:21,91282CLP4,TSRYS5893514,D,S,T,2024-10-21,1000000.00,3.95947,99.1484375
08:00:21,91282CLP4,TSRYS5893514,D,S,D,2024-10-21,4000000.00,3.95947,99.1484375
08:00:21,91282CLP4,TSRYS5893514,D,S,T,2024-10-21,1000000.00,3.95947,99.1484375
08:00:21,91282CLP4,TSRYS5893514,D,S,T,2024-10-21,3000000.00,3.95947,99.1484375
08:00:21,91282CLP4,TSRYS5893514,D,S,T,2024-10-21,1000000.00,3.95947,99.1484375
08:00:22,91282CLP4,TSRYS5893514,D,S,D,2024-10-21,1000000.00,3.95947,99.1484375
08:00:22,91282CLP4,TSRYS5893514,D,S,D,2024-10-21,4000000.00,3.95947,99.1484375
08:00:22,91282CLP4,TSRYS5893514,D,S,D,2024-10-21,1000000.00,3.95947,99.1484375
08:00:22,91282CLP4,TSRYS5893514,D,S,D,2024-10-21,1000000.00,3.95947,99.1484375
08:00:22,91282CLP4,TSRYS5893514,D,B,C,2024-10-21,1000000.00,3.95947,99.1484375
08:00:22,91282CLP4,TSRYS5893514,D,S,T,2024-10-21,3000000.00,3.95947,99.1484375
08:00:22,91282CLP4,TSRYS5893514,D,S,T,2024-10-21,1000000.00,3.95947,99.1484375
08:00:22,91282CLP4,TSRYS5893514,D,S,T,2024-10-21,1000000.00,3.95947,99.1484375
08:00:22,91282CLP4,TSRYS5893514,D,S,T,2024-10-21,1000000.00,3.95947,99.1484375
08:00:22,91282CLP4,TSRYS5893514,D,S,T,2024-10-21,1000000.00,3.95947,99.1484375
08:00:23,91282CLP4,TSRYS5893514,D,S,T,2024-10-21,1000000.00,3.95947,99.1484375
08:00:23,91282CLP4,TSRYS5893514,D,S,T,2024-10-21,2000000.00,3.95947,99.1484375
08:00:23,91282CLP4,TSRYS5893514,D,S,T,2024-10-21,1000000.00,3.95947,99.1484375
08:00:23,91282CLP4,TSRYS5893514,D,S,T,2024-10-21,1000000.00,3.95947,99.1484375
08:00:23,91282CLP4,TSRYS5893514,D,S,T,2024-10-21,1000000.00,3.95947,99.1484375
08:00:23,91282CLP4,TSRYS5893514,D,S,T,2024-10-21,1000000.00,3.95947,99.1484375
08:00:23,91282CLP4,TSRYS5893514,D,S,T,2024-10-21,1000000.00,3.95947,99.1484375
08:00:23,91282CLP4,TSRYS5893514,D,S,T,2024-10-21,2000000.00,3.957347,99.15234375
08:00:23,91282CLP4,TSRYS5893514,D,S,T,2024-10-21,1000000.00,3.95947,99.1484375
08:00:23,91282CLP4,TSRYS5893514,D,S,T,2024-10-21,1000000.00,3.957347,99.15234375
08:00:23,91282CLP4,TSRYS5893514,D,S,T,2024-10-21,1000000.00,3.95947,99.1484375
08:00:24,91282CLP4,TSRYS5893514,D,S,T,2024-10-21,4000000.00,3.957347,99.15234375
08:00:24,91282CLP4,TSRYS5893514,D,S,T,2024-10-21,1000000.00,3.95947,99.1484375
08:00:24,91282CLP4,TSRYS5893514,D,S,T,2024-10-21,1000000.00,3.95947,99.1484375
08:00:24,91282CLP4,TSRYS5893514,D,S,T,2024-10-21,2000000.00,3.95947,99.1484375
08:00:24,91282CLP4,TSRYS5893514,D,S,D,2024-10-21,1000000.00,3.95947,99.1484375
08:00:24,91282CLP4,TSRYS5893514,D,S,T,2024-10-21,2000000.00,3.95947,99.1484375
08:00:24,91282CLP4,TSRYS5893514,D,S,T,2024-10-21,1000000.00,3.95947,99.1484375
08:00:24,91282CLP4,TSRYS5893514,D,S,T,2024-10-21,4000000.00,3.95947,99.1484375
08:00:24,91282CLP4,TSRYS5893514,D,S,T,2024-10-21,1000000.00,3.95947,99.1484375
08:00:24,91282CLP4,TSRYS5893514,D,S,T,2024-10-21,1000000.00,3.95947,99.1484375
08:00:25,91282CLP4,TSRYS5893514,D,S,T,2024-10-21,3000000.00,3.95947,99.1484375
08:00:25,91282CLP4,TSRYS5893514,D,S,T,2024-10-21,1000000.00,3.95947,99.1484375
08:00:26,91282CLP4,TSRYS5893514,D,S,T,2024-10-21,2000000.00,3.95947,99.1484375
08:00:26,91282CLP4,TSRYS5893514,D,S,A,2024-10-21,1393000.00,3.989206,99.09375
08:00:26,91282CLP4,TSRYS5893514,D,S,A,2024-10-21,1393000.00,3.989206,99.09375
08:00:26,91282CLP4,TSRYS5893514,D,S,D,2024-10-21,1000000.00,3.989206,99.09375
08:00:26,91282CLP4,TSRYS5893514,D,S,C,2024-10-21,75000000.00,3.99133,99.08984375
08:00:30,91282CLP4,TSRYS5893514,D,S,T,2024-10-21,1000000.00,3.953101,99.16015625
08:00:30,91282CLP4,TSRYS5893514,D,S,T,2024-10-21,1000000.00,3.957347,99.15234375
08:00:30,91282CLP4,TSRYS5893514,D,S,T,2024-10-21,1000000.00,3.95947,99.1484375
08:00:30,91282CLP4,TSRYS5893514,D,S,T,2024-10-21,5000000.00,3.95947,99.1484375
08:00:30,91282CLP4,TSRYS5893514,D,S,T,2024-10-21,1000000.00,3.95947,99.1484375
08:00:30,91282CLP4,TSRYS5893514,D,S,T,2024-10-21,4000000.00,3.95947,99.1484375
08:00:30,91282CLP4,TSRYS5893514,D,S,T,2024-10-21,1000000.00,3.957347,99.15234375
08:00:30,91282CLP4,TSRYS5893514,D,S,T,2024-10-21,2000000.00,3.956285,99.154296875
08:00:30,91282CLP4,TSRYS5893514,D,S,D,2024-10-21,1000000.00,3.958409,99.150390625
08:00:30,91282CLP4,TSRYS5893514,D,S,T,2024-10-21,1000000.00,3.957347,99.15234375
08:00:30,91282CLP4,TSRYS5893514,D,S,T,2024-10-21,1000000.00,3.95947,99.1484375
08:00:30,91282CLP4,TSRYS5893514,D,S,T,2024-10-21,1000000.00,3.95947,99.1484375
08:00:30,91282CLP4,TSRYS5893514,D,S,T,2024-10-21,2000000.00,3.95947,99.1484375
08:00:30,91282CLP4,TSRYS5893514,D,S,T,2024-10-21,4000000.00,3.95947,99.1484375
08:00:30,91282CLP4,TSRYS5893514,D,S,T,2024-10-21,3000000.00,3.95947,99.1484375
08:00:30,91282CLP4,TSRYS5893514,D,S,T,2024-10-21,2000000.00,3.95947,99.1484375
08:00:30,91282CLP4,TSRYS5893514,D,S,T,2024-10-21,1000000.00,3.95947,99.1484375
08:00:30,91282CLP4,TSRYS5893514,D,S,T,2024-10-21,1000000.00,3.95947,99.1484375
08:00:30,91282CLP4,TSRYS5893514,D,S,T,2024-10-21,1000000.00,3.95947,99.1484375
08:00:30,91282CLP4,TSRYS5893514,D,S,T,2024-10-21,1000000.00,3.95947,99.1484375
08:00:30,91282CLP4,TSRYS5893514,D,S,T,2024-10-21,1000000.00,3.95947,99.1484375
08:00:30,91282CLP4,TSRYS5893514,D,S,T,2024-10-21,1000000.00,3.95947,99.1484375
08:00:30,91282CLP4,TSRYS5893514,D,S,T,2024-10-21,1000000.00,3.95947,99.1484375
08:00:30,91282CLP4,TSRYS5893514,D,S,T,2024-10-21,1000000.00,3.95947,99.1484375
08:00:30,91282CLP4,TSRYS5893514,D,S,T,2024-10-21,1000000.00,3.950978,99.1640625
08:00:30,91282CLP4,TSRYS5893514,D,S,T,2024-10-21,1000000.00,3.948855,99.16796875
08:00:30,91282CLP4,TSRYS5893514,D,S,T,2024-10-21,1000000.00,3.950978,99.1640625
08:00:30,91282CLP4,TSRYS5893514,D,S,T,2024-10-21,1000000.00,3.948855,99.16796875
08:00:30,91282CLP4,TSRYS5893514,D,S,T,2024-10-21,1000000.00,3.947794,99.169921875
08:00:30,91282CLP4,TSRYS5893514,D,S,T,2024-10-21,2000000.00,3.948855,99.16796875
08:00:30,91282CLP4,TSRYS5893514,D,S,T,2024-10-21,1000000.00,3.948855,99.16796875
08:00:30,91282CLP4,TSRYS5893514,D,S,T,2024-10-21,1000000.00,3.95947,99.1484375
08:00:30,91282CLP4,TSRYS5893514,D,S,T,2024-10-21,2000000.00,3.961593,99.14453125
08:00:30,91282CLP4,TSRYS5893514,D,S,T,2024-10-21,1000000.00,3.96584,99.13671875
08:00:30,91282CLP4,TSRYS5893514,D,S,T,2024-10-21,1000000.00,3.967964,99.1328125
08:00:30,91282CLP4,TSRYS5893514,D,S,T,2024-10-21,1000000.00,3.967964,99.1328125
08:00:30,91282CLP4,TSRYS5893514,D,S,T,2024-10-21,2000000.00,3.96584,99.13671875
08:00:30,91282CLP4,TSRYS5893514,D,S,T,2024-10-21,1000000.00,3.96584,99.13671875
08:00:30,91282CLP4,TSRYS5893514,D,S,T,2024-10-21,1000000.00,3.96584,99.13671875
08:00:30,91282CLP4,TSRYS5893514,D,S,T,2024-10-21,2000000.00,3.969026,99.130859375
08:00:30,91282CLP4,TSRYS5893514,D,S,T,2024-10-21,1000000.00,3.970088,99.12890625
08:00:30,91282CLP4,TSRYS5893514,D,S,T,2024-10-21,1000000.00,3.970088,99.12890625
08:00:30,91282CLP4,TSRYS5893514,D,S,T,2024-10-21,1000000.00,3.970088,99.12890625
08:00:30,91282CLP4,TSRYS5893514,D,S,T,2024-10-21,1000000.00,3.970088,99.12890625
08:00:30,91282CLP4,TSRYS5893514,D,S,T,2024-10-21,1000000.00,3.970088,99.12890625
08:00:30,91282CLP4,TSRYS5893514,D,S,T,2024-10-21,1000000.00,3.970088,99.12890625
08:00:30,91282CLP4,TSRYS5893514,D,S,T,2024-10-21,1000000.00,3.970088,99.12890625
08:00:30,91282CLP4,TSRYS5893514,D,S,T,2024-10-21,1000000.00,3.970088,99.12890625
08:00:30,91282CLP4,TSRYS5893514,D,S,T,2024-10-21,1000000.00,3.972211,99.125
08:00:30,91282CLP4,TSRYS5893514,D,S,T,2024-10-21,1000000.00,3.972211,99.125
08:00:30,91282CLP4,TSRYS5893514,D,S,T,2024-10-21,1000000.00,3.974335,99.12109375
08:00:30,91282CLP4,TSRYS5893514,D,S,T,2024-10-21,1000000.00,3.973273,99.123046875
08:00:30,91282CLP4,TSRYS5893514,D,S,T,2024-10-21,1000000.00,3.976459,99.1171875
08:00:30,91282CLP4,TSRYS5893514,D,S,T,2024-10-21,1000000.00,3.976459,99.1171875
08:00:30,91282CLP4,TSRYS5893514,D,S,T,2024-10-21,1000000.00,3.978583,99.11328125
08:00:30,91282CLP4,TSRYS5893514,D,S,T,2024-10-21,1000000.00,3.978583,99.11328125
08:00:30,91282CLP4,TSRYS5893514,D,S,T,2024-10-21,1000000.00,3.980708,99.109375
08:00:30,91282CLP4,TSRYS5893514,D,S,T,2024-10-21,1000000.00,3.982832,99.10546875
08:00:30,91282CLP4,TSRYS5893514,D,S,T,2024-10-21,1000000.00,3.980708,99.109375
08:00:30,91282CLP4,TSRYS5893514,D,S,T,2024-10-21,1000000.00,3.978583,99.11328125
08:00:30,91282CLP4,TSRYS5893514,D,S,T,2024-10-21,1000000.00,3.976459,99.1171875
08:00:30,91282CLP4,TSRYS5893514,D,S,T,2024-10-21,1000000.00,3.976459,99.1171875
08:00:30,91282CLP4,TSRYS5893514,D,S,T,2024-10-21,1000000.00,3.976459,99.1171875
08:00:30,91282CLP4,TSRYS5893514,D,S,T,2024-10-21,1000000.00,3.976459,99.1171875
08:00:30,91282CLP4,TSRYS5893514,D,S,T,2024-10-21,2000000.00,3.978583,99.11328125
08:00:30,91282CLP4,TSRYS5893514,D,S,T,2024-10-21,1000000.00,3.984956,99.1015625
08:00:30,91282CLP4,TSRYS5893514,D,S,T,2024-10-21,1000000.00,3.984956,99.1015625
08:00:30,91282CLP4,TSRYS5893514,D,S,T,2024-10-21,1000000.00,3.984956,99.1015625
08:00:30,91282CLP4,TSRYS5893514,D,S,T,2024-10-21,1000000.00,3.984956,99.1015625
08:00:30,91282CLP4,TSRYS5893514,D,S,T,2024-10-21,1000000.00,3.984956,99.1015625
08:00:30,91282CLP4,TSRYS5893514,D,S,T,2024-10-21,1000000.00,3.984956,99.1015625
08:00:30,91282CLP4,TSRYS5893514,D,S,T,2024-10-21,1000000.00,3.984956,99.1015625
08:00:30,91282CLP4,TSRYS5893514,D,S,T,2024-10-21,1000000.00,3.984956,99.1015625
08:00:30,91282CLP4,TSRYS5893514,D,S,T,2024-10-21,1000000.00,3.984956,99.1015625
08:00:30,91282CLP4,TSRYS5893514,D,S,T,2024-10-21,1000000.00,3.984956,99.1015625
08:00:30,91282CLP4,TSRYS5893514,D,S,T,2024-10-21,1000000.00,3.984956,99.1015625
08:00:30,91282CLP4,TSRYS5893514,D,S,T,2024-10-21,1000000.00,3.984956,99.1015625
08:00:30,91282CLP4,TSRYS5893514,D,S,T,2024-10-21,1000000.00,3.984956,99.1015625
08:00:30,91282CLP4,TSRYS5893514,D,S,T,2024-10-21,1000000.00,3.984956,99.1015625
08:00:30,91282CLP4,TSRYS5893514,D,S,T,2024-10-21,1000000.00,3.987081,99.09765625
08:00:30,91282CLP4,TSRYS5893514,D,S,T,2024-10-21,1000000.00,3.987081,99.09765625
08:00:30,91282CLP4,TSRYS5893514,D,S,T,2024-10-21,1000000.00,3.987081,99.09765625
08:00:30,91282CLP4,TSRYS5893514,D,S,T,2024-10-21,1000000.00,3.987081,99.09765625
08:00:31,91282CLP4,TSRYS5893514,D,S,T,2024-10-21,1000000.00,3.989206,99.09375
08:00:31,91282CLP4,TSRYS5893514,D,S,T,2024-10-21,1000000.00,3.989206,99.09375
08:00:31,91282CLP4,TSRYS5893514,D,S,T,2024-10-21,1000000.00,3.99133,99.08984375
08:00:31,91282CLP4,TSRYS5893514,D,S,T,2024-10-21,2000000.00,3.99133,99.08984375
08:00:31,91282CLP4,TSRYS5893514,D,S,T,2024-10-21,1000000.00,3.990268,99.091796875
08:00:31,91282CLP4,TSRYS5893514,D,S,T,2024-10-21,1000000.00,3.99133,99.08984375
08:00:31,91282CLP4,TSRYS5893514,D,S,T,2024-10-21,1000000.00,3.99133,99.08984375
08:00:31,91282CLP4,TSRYS5893514,D,S,T,2024-10-21,1000000.00,3.99558,99.08203125
08:00:31,91282CLP4,TSRYS5893514,D,S,T,2024-10-21,1000000.00,3.99133,99.08984375
08:00:31,91282CLP4,TSRYS5893514,D,S,T,2024-10-21,1000000.00,3.99133,99.08984375
08:00:31,91282CLP4,TSRYS5893514,D,S,T,2024-10-21,1000000.00,3.99133,99.08984375
08:00:31,91282CLP4,TSRYS5893514,D,S,T,2024-10-21,2000000.00,3.990268,99.091796875
08:00:31,91282CLP4,TSRYS5893514,D,S,T,2024-10-21,2000000.00,3.989206,99.09375
08:00:31,91282CLP4,TSRYS5893514,D,S,T,2024-10-21,2000000.00,3.989206,99.09375
08:00:31,91282CLP4,TSRYS5893514,D,S,T,2024-10-21,1000000.00,3.989206,99.09375
08:00:31,91282CLP4,TSRYS5893514,D,S,T,2024-10-21,5000000.00,3.989206,99.09375
08:00:31,91282CLP4,TSRYS5893514,D,S,T,2024-10-21,2000000.00,3.989206,99.09375
08:00:31,91282CLP4,TSRYS5893514,D,S,T,2024-10-21,2000000.00,3.989206,99.09375
08:00:31,91282CLP4,TSRYS5893514,D,S,T,2024-10-21,1000000.00,3.989206,99.09375
08:00:31,91282CLP4,TSRYS5893514,D,S,T,2024-10-21,1000000.00,3.989206,99.09375
08:00:31,91282CLP4,TSRYS5893514,D,S,T,2024-10-21,5000000.00,3.989206,99.09375
08:00:31,91282CLP4,TSRYS5893514,D,S,T,2024-10-21,2000000.00,3.989206,99.09375
08:00:31,91282CLP4,TSRYS5893514,D,S,T,2024-10-21,1000000.00,3.989206,99.09375
08:00:31,91282CLP4,TSRYS5893514,D,S,T,2024-10-21,1000000.00,3.989206,99.09375
08:00:31,91282CLP4,TSRYS5893514,D,S,T,2024-10-21,1000000.00,3.989206,99.09375
08:00:31,91282CLP4,TSRYS5893514,D,S,T,2024-10-21,1000000.00,3.986019,99.099609375
08:00:31,91282CLP4,TSRYS5893514,D,S,T,2024-10-21,1000000.00,3.984956,99.1015625
08:00:31,91282CLP4,TSRYS5893514,D,S,T,2024-10-21,2000000.00,3.984956,99.1015625
08:00:31,91282CLP4,TSRYS5893514,D,S,T,2024-10-21,1000000.00,3.984956,99.1015625
08:00:31,91282CLP4,TSRYS5893514,D,S,T,2024-10-21,1000000.00,3.984956,99.1015625
08:00:31,91282CLP4,TSRYS5893514,D,S,T,2024-10-21,3000000.00,3.984956,99.1015625
08:00:31,91282CLP4,TSRYS5893514,D,S,T,2024-10-21,1000000.00,3.984956,99.1015625
08:00:31,91282CLP4,TSRYS5893514,D,S,T,2024-10-21,3000000.00,3.984956,99.1015625
08:00:31,91282CLP4,TSRYS5893514,D,S,T,2024-10-21,1000000.00,3.984956,99.1015625
08:00:31,91282CLP4,TSRYS5893514,D,S,T,2024-10-21,2000000.00,3.984956,99.1015625
08:00:31,91282CLP4,TSRYS5893514,D,S,T,2024-10-21,9000000.00,3.984956,99.1015625
08:00:31,91282CLP4,TSRYS5893514,D,S,T,2024-10-21,1000000.00,3.983894,99.103515625
08:00:31,91282CLP4,TSRYS5893514,D,S,T,2024-10-21,1000000.00,3.983894,99.103515625
08:00:31,91282CLP4,TSRYS5893514,D,S,T,2024-10-21,1000000.00,3.982832,99.10546875
08:00:31,91282CLP4,TSRYS5893514,D,S,T,2024-10-21,1000000.00,3.982832,99.10546875
08:00:31,91282CLP4,TSRYS5893514,D,S,T,2024-10-21,1000000.00,3.984956,99.1015625
08:00:31,91282CLP4,TSRYS5893514,D,S,T,2024-10-21,1000000.00,3.984956,99.1015625
08:00:31,91282CLP4,TSRYS5893514,D,S,T,2024-10-21,3000000.00,3.983894,99.103515625
08:00:31,91282CLP4,TSRYS5893514,D,S,T,2024-10-21,1000000.00,3.982832,99.10546875
08:00:31,91282CLP4,TSRYS5893514,D,S,T,2024-10-21,1000000.00,3.982832,99.10546875
08:00:31,91282CLP4,TSRYS5893514,D,S,T,2024-10-21,2000000.00,3.986019,99.099609375
08:00:31,91282CLP4,TSRYS5893514,D,S,T,2024-10-21,1000000.00,3.986019,99.099609375
08:00:31,91282CLP4,TSRYS5893514,D,S,T,2024-10-21,3000000.00,3.984956,99.1015625
08:00:31,91282CLP4,TSRYS5893514,D,S,T,2024-10-21,3000000.00,3.983894,99.103515625
08:00:31,91282CLP4,TSRYS5893514,D,S,T,2024-10-21,1000000.00,3.983894,99.103515625
08:00:31,91282CLP4,TSRYS5893514,D,S,T,2024-10-21,1000000.00,3.984956,99.1015625
08:00:31,91282CLP4,TSRYS5893514,D,S,T,2024-10-21,1000000.00,3.984956,99.1015625
08:00:31,91282CLP4,TSRYS5893514,D,S,T,2024-10-21,1000000.00,3.984956,99.1015625
08:00:31,91282CLP4,TSRYS5893514,D,S,T,2024-10-21,2000000.00,3.984956,99.1015625
08:00:31,91282CLP4,TSRYS5893514,D,S,T,2024-10-21,1000000.00,3.984956,99.1015625
08:00:31,91282CLP4,TSRYS5893514,D,S,T,2024-10-21,4000000.00,3.984956,99.1015625
08:00:31,91282CLP4,TSRYS5893514,D,S,T,2024-10-21,1000000.00,3.984956,99.1015625
08:00:31,91282CLP4,TSRYS5893514,D,S,T,2024-10-21,3000000.00,3.984956,99.1015625
08:00:31,91282CLP4,TSRYS5893514,D,S,T,2024-10-21,1000000.00,3.984956,99.1015625
08:00:31,91282CLP4,TSRYS5893514,D,S,T,2024-10-21,4000000.00,3.984956,99.1015625
08:00:31,91282CLP4,TSRYS5893514,D,S,T,2024-10-21,3000000.00,3.982832,99.10546875
08:00:31,91282CLP4,TSRYS5893514,D,S,T,2024-10-21,2000000.00,3.982832,99.10546875
08:00:31,91282CLP4,TSRYS5893514,D,S,T,2024-10-21,2000000.00,3.982832,99.10546875
08:00:31,91282CLP4,TSRYS5893514,D,S,T,2024-10-21,3000000.00,3.982832,99.10546875
08:00:31,91282CLP4,TSRYS5893514,D,S,T,2024-10-21,3000000.00,3.982832,99.10546875
08:00:31,91282CLP4,TSRYS5893514,D,S,T,2024-10-21,2000000.00,3.982832,99.10546875
08:00:31,91282CLP4,TSRYS5893514,D,S,T,2024-10-21,1000000.00,3.982832,99.10546875
08:00:31,91282CLP4,TSRYS5893514,D,S,T,2024-10-21,1000000.00,3.982832,99.10546875
08:00:31,91282CLP4,TSRYS5893514,D,S,T,2024-10-21,14000000.00,3.982832,99.10546875
08:00:31,91282CLP4,TSRYS5893514,D,S,T,2024-10-21,10000000.00,3.982832,99.10546875
08:00:31,91282CLP4,TSRYS5893514,D,S,T,2024-10-21,1000000.00,3.982832,99.10546875
08:00:31,91282CLP4,TSRYS5893514,D,S,T,2024-10-21,3000000.00,3.982832,99.10546875
08:00:31,91282CLP4,TSRYS5893514,D,S,T,2024-10-21,1000000.00,3.983894,99.103515625
08:00:31,91282CLP4,TSRYS5893514,D,S,T,2024-10-21,2000000.00,3.987081,99.09765625
08:00:31,91282CLP4,TSRYS5893514,D,S,T,2024-10-21,3000000.00,3.987081,99.09765625
08:00:31,91282CLP4,TSRYS5893514,D,S,T,2024-10-21,3000000.00,3.987081,99.09765625
08:00:31,91282CLP4,TSRYS5893514,D,S,T,2024-10-21,2000000.00,3.987081,99.09765625
08:00:31,91282CLP4,TSRYS5893514,D,S,T,2024-10-21,3000000.00,3.987081,99.09765625
08:00:31,91282CLP4,TSRYS5893514,D,S,T,2024-10-21,2000000.00,3.987081,99.09765625
08:00:31,91282CLP4,TSRYS5893514,D,S,T,2024-10-21,2000000.00,3.987081,99.09765625
08:00:31,91282CLP4,TSRYS5893514,D,S,T,2024-10-21,2000000.00,3.987081,99.09765625
08:00:31,91282CLP4,TSRYS5893514,D,S,T,2024-10-21,1000000.00,3.987081,99.09765625
08:00:31,91282CLP4,TSRYS5893514,D,S,T,2024-10-21,2000000.00,3.987081,99.09765625
08:00:31,91282CLP4,TSRYS5893514,D,S,T,2024-10-21,2000000.00,3.987081,99.09765625
08:00:31,91282CLP4,TSRYS5893514,D,S,T,2024-10-21,1000000.00,3.984956,99.1015625
08:00:31,91282CLP4,TSRYS5893514,D,S,T,2024-10-21,1000000.00,3.984956,99.1015625
08:00:31,91282CLP4,TSRYS5893514,D,S,T,2024-10-21,1000000.00,3.986019,99.099609375
08:00:31,91282CLP4,TSRYS5893514,D,S,T,2024-10-21,1000000.00,3.987081,99.09765625
08:00:31,91282CLP4,TSRYS5893514,D,S,T,2024-10-21,1000000.00,3.988143,99.095703125
08:00:31,91282CLP4,TSRYS5893514,D,S,D,2024-10-21,3000000.00,3.956285,99.154296875
08:00:31,91282CLP4,TSRYS5893514,D,S,D,2024-10-21,3000000.00,3.95947,99.1484375
08:00:31,91282CLP4,TSRYS5893514,D,S,D,2024-10-21,2000000.00,3.95204,99.162109375
08:00:31,91282CLP4,TSRYS5893514,D,S,D,2024-10-21,2000000.00,3.978583,99.11328125
08:00:31,91282CLP4,TSRYS5893514,D,S,D,2024-10-21,1000000.00,3.978583,99.11328125
08:00:31,91282CLP4,TSRYS5893514,D,S,D,2024-10-21,2000000.00,3.989206,99.09375
08:00:31,91282CLP4,TSRYS5893514,D,S,D,2024-10-21,2000000.00,3.989206,99.09375
08:00:31,91282CLP4,TSRYS5893514,D,S,D,2024-10-21,2000000.00,3.987081,99.09765625
08:00:31,91282CLP4,TSRYS5893514,D,S,D,2024-10-21,1000000.00,3.986019,99.099609375
08:00:31,91282CLP4,TSRYS5893514,D,S,D,2024-10-21,2000000.00,3.95947,99.1484375
08:00:31,91282CLP4,TSRYS5893514,D,S,D,2024-10-21,1000000.00,3.972211,99.125
08:00:31,91282CLP4,TSRYS5893514,D,S,D,2024-10-21,2000000.00,3.972211,99.125
08:00:31,91282CLP4,TSRYS5893514,D,S,D,2024-10-21,1000000.00,3.976459,99.1171875
08:00:31,91282CLP4,TSRYS5893514,D,S,D,2024-10-21,1000000.00,3.976459,99.1171875
08:00:31,91282CLP4,TSRYS5893514,D,S,D,2024-10-21,1000000.00,3.978583,99.11328125
08:00:31,91282CLP4,TSRYS5893514,D,S,D,2024-10-21,1000000.00,3.98177,99.107421875
08:00:31,91282CLP4,TSRYS5893514,D,S,D,2024-10-21,1000000.00,3.979645,99.111328125
08:00:31,91282CLP4,TSRYS5893514,D,S,D,2024-10-21,1000000.00,3.979645,99.111328125
08:00:31,91282CLP4,TSRYS5893514,D,S,D,2024-10-21,1000000.00,3.979645,99.111328125
08:00:31,91282CLP4,TSRYS5893514,D,S,D,2024-10-21,3000000.00,3.977521,99.115234375
08:00:31,91282CLP4,TSRYS5893514,D,S,T,2024-10-21,3000000.00,3.956285,99.154296875
08:00:31,91282CLP4,TSRYS5893514,D,S,T,2024-10-21,2000000.00,3.956285,99.154296875
08:00:31,91282CLP4,TSRYS5893514,D,S,T,2024-10-21,1000000.00,3.958409,99.150390625
08:00:32,91282CLP4,TSRYS5893514,D,S,T,2024-10-21,1000000.00,3.961593,99.14453125
08:00:32,91282CLP4,TSRYS5893514,D,S,D,2024-10-21,1000000.00,3.974335,99.12109375
08:00:32,91282CLP4,TSRYS5893514,D,S,T,2024-10-21,1000000.00,3.972211,99.125
08:00:32,91282CLP4,TSRYS5893514,D,S,T,2024-10-21,2000000.00,3.972211,99.125
08:00:32,91282CLP4,TSRYS5893514,D,S,T,2024-10-21,2000000.00,3.971149,99.126953125
08:00:32,91282CLP4,TSRYS5893514,D,S,T,2024-10-21,1000000.00,3.971149,99.126953125
08:00:32,91282CLP4,TSRYS5893514,D,S,T,2024-10-21,1000000.00,3.971149,99.126953125
08:00:32,91282CLP4,TSRYS5893514,D,S,T,2024-10-21,1000000.00,3.971149,99.126953125
08:00:32,91282CLP4,TSRYS5893514,D,S,T,2024-10-21,2000000.00,3.971149,99.126953125
08:00:32,91282CLP4,TSRYS5893514,D,S,T,2024-10-21,1000000.00,3.971149,99.126953125
08:00:32,91282CLP4,TSRYS5893514,D,S,T,2024-10-21,1000000.00,3.971149,99.126953125
08:00:32,91282CLP4,TSRYS5893514,D,S,T,2024-10-21,2000000.00,3.971149,99.126953125
08:00:32,91282CLP4,TSRYS5893514,D,S,T,2024-10-21,2000000.00,3.971149,99.126953125
08:00:32,91282CLP4,TSRYS5893514,D,S,T,2024-10-21,1000000.00,3.971149,99.126953125
08:00:32,91282CLP4,TSRYS5893514,D,S,T,2024-10-21,1000000.00,3.976459,99.1171875
08:00:32,91282CLP4,TSRYS5893514,D,S,T,2024-10-21,1000000.00,3.976459,99.1171875
08:00:32,91282CLP4,TSRYS5893514,D,S,T,2024-10-21,1000000.00,3.976459,99.1171875
08:00:32,91282CLP4,TSRYS5893514,D,S,T,2024-10-21,1000000.00,3.976459,99.1171875
08:00:32,91282CLP4,TSRYS5893514,D,S,T,2024-10-21,1000000.00,3.977521,99.115234375
08:00:32,91282CLP4,TSRYS5893514,D,S,T,2024-10-21,3000000.00,3.977521,99.115234375
08:00:32,91282CLP4,TSRYS5893514,D,S,T,2024-10-21,1000000.00,3.977521,99.115234375
08:00:32,91282CLP4,TSRYS5893514,D,S,T,2024-10-21,2000000.00,3.978583,99.11328125
08:00:32,91282CLP4,TSRYS5893514,D,S,T,2024-10-21,2000000.00,3.98177,99.107421875
08:00:32,91282CLP4,TSRYS5893514,D,S,T,2024-10-21,3000000.00,3.98177,99.107421875
08:00:32,91282CLP4,TSRYS5893514,D,S,T,2024-10-21,2000000.00,3.978583,99.11328125
08:00:32,91282CLP4,TSRYS5893514,D,S,T,2024-10-21,1000000.00,3.978583,99.11328125
08:00:32,91282CLP4,TSRYS5893514,D,S,T,2024-10-21,2000000.00,3.989206,99.09375
08:00:32,91282CLP4,TSRYS5893514,D,S,T,2024-10-21,3000000.00,3.983894,99.103515625
08:00:32,91282CLP4,TSRYS5893514,D,S,T,2024-10-21,3000000.00,3.983894,99.103515625
08:00:32,91282CLP4,TSRYS5893514,D,S,D,2024-10-21,1000000.00,3.977521,99.115234375
08:00:32,91282CLP4,TSRYS5893514,D,B,C,2024-10-21,1000000.00,3.977521,99.115234375
08:00:33,91282CLP4,TSRYS5893514,D,S,D,2024-10-21,2000000.00,3.982832,99.10546875
08:00:33,91282CLP4,TSRYS5893514,D,S,D,2024-10-21,3000000.00,3.982832,99.10546875
08:00:33,91282CLP4,TSRYS5893514,D,S,D,2024-10-21,2000000.00,3.982832,99.10546875
08:00:33,91282CLP4,TSRYS5893514,D,S,D,2024-10-21,75000000.00,,99.08984375
08:00:33,91282CLP4,TSRYS5893514,D,S,A,2024-10-21,15600000.00,3.99133,99.08984375
08:00:33,91282CLP4,TSRYS5893514,D,B,A,2024-10-21,7000.00,3.987081,99.09765625
08:00:33,91282CLP4,TSRYS5893514,D,B,A,2024-10-21,12000000.00,3.987081,99.09765625
08:00:33,91282CLP4,TSRYS5893514,D,B,A,2024-10-21,12000000.00,3.987081,99.09765625
08:00:33,91282CLP4,TSRYS5893514,D,B,A,2024-10-21,8682000.00,3.987081,99.09765625
08:00:33,91282CLP4,TSRYS5893514,D,B,A,2024-10-21,8682000.00,3.987081,99.09765625
08:00:33,91282CLP4,TSRYS5893514,D,B,A,2024-10-21,10000.00,3.987081,99.09765625
08:00:33,91282CLP4,TSRYS5893514,D,S,A,2024-10-21,170000.00,3.984956,99.1015625
08:00:34,91282CLP4,TSRYS5893514,D,S,D,2024-10-21,1000000.00,3.980708,99.109375
08:00:34,91282CLP4,TSRYS5893514,D,S,D,2024-10-21,1000000.00,3.989206,99.09375
08:00:36,91282CLP4,TSRYS5893514,D,S,D,2024-10-21,2000000.00,3.994518,99.083984375
08:00:36,91282CLP4,TSRYS5893514,D,B,A,2024-10-21,250MM+,3.953101,99.16015625
08:00:37,91282CLP4,TSRYS5893514,D,S,D,2024-10-21,1000000.00,3.988143,99.095703125
08:00:37,91282CLP4,TSRYS5893514,D,S,D,2024-10-21,1000000.00,3.987081,99.09765625
08:00:37,91282CLP4,TSRYS5893514,D,S,D,2024-10-21,1000000.00,3.987081,99.09765625
08:00:37,91282CLP4,TSRYS5893514,D,S,D,2024-10-21,4000000.00,3.987081,99.09765625
08:00:37,91282CLP4,TSRYS5893514,D,S,D,2024-10-21,1000000.00,3.988143,99.095703125
08:00:37,91282CLP4,TSRYS5893514,D,S,D,2024-10-21,1000000.00,3.988143,99.095703125
08:00:37,91282CLP4,TSRYS5893514,D,S,D,2024-10-21,1000000.00,3.988143,99.095703125
08:00:37,91282CLP4,TSRYS5893514,D,S,D,2024-10-21,1000000.00,3.987081,99.09765625
08:00:37,91282CLP4,TSRYS5893514,D,S,D,2024-10-21,3000000.00,3.987081,99.09765625
08:00:37,91282CLP4,TSRYS5893514,D,S,D,2024-10-21,1000000.00,3.988143,99.095703125
08:00:37,91282CLP4,TSRYS5893514,D,S,D,2024-10-21,4000000.00,3.988143,99.095703125
08:00:37,91282CLP4,TSRYS5893514,D,S,D,2024-10-21,3000000.00,3.987081,99.09765625
08:00:37,91282CLP4,TSRYS5893514,D,S,D,2024-10-21,1000000.00,3.987081,99.09765625
08:00:37,91282CLP4,TSRYS5893514,D,S,D,2024-10-21,1000000.00,3.987081,99.09765625
08:00:37,91282CLP4,TSRYS5893514,D,S,D,2024-10-21,2000000.00,3.987081,99.09765625
08:00:37,91282CLP4,TSRYS5893514,D,S,D,2024-10-21,3000000.00,3.987081,99.09765625
08:00:37,91282CLP4,TSRYS5893514,D,S,D,2024-10-21,1000000.00,3.987081,99.09765625
08:00:37,91282CLP4,TSRYS5893514,D,S,D,2024-10-21,1000000.00,3.987081,99.09765625
08:00:37,91282CLP4,TSRYS5893514,D,S,D,2024-10-21,1000000.00,3.987081,99.09765625
08:00:37,91282CLP4,TSRYS5893514,D,S,D,2024-10-21,1000000.00,3.987081,99.09765625
08:00:37,91282CLP4,TSRYS5893514,D,S,D,2024-10-21,1000000.00,3.988143,99.095703125
08:00:37,91282CLP4,TSRYS5893514,D,S,T,2024-10-21,1000000.00,3.950978,99.1640625
08:00:38,91282CLP4,TSRYS5893514,D,S,D,2024-10-21,2000000.00,3.987081,99.09765625
08:00:38,91282CLP4,TSRYS5893514,D,S,D,2024-10-21,1000000.00,3.988143,99.095703125
08:00:38,91282CLP4,TSRYS5893514,D,S,D,2024-10-21,2000000.00,3.989206,99.09375
08:00:38,91282CLP4,TSRYS5893514,D,S,D,2024-10-21,1000000.00,3.989206,99.09375
08:00:38,91282CLP4,TSRYS5893514,D,S,D,2024-10-21,1000000.00,3.989206,99.09375
08:00:38,91282CLP4,TSRYS5893514,D,S,D,2024-10-21,4000000.00,3.989206,99.09375
08:00:38,91282CLP4,TSRYS5893514,D,S,D,2024-10-21,2000000.00,3.989206,99.09375
08:00:38,91282CLP4,TSRYS5893514,D,S,C,2024-10-21,1000000.00,3.989206,99.09375
08:00:38,91282CLP4,TSRYS5893514,D,S,C,2024-10-21,1000000.00,3.989206,99.09375
08:00:38,91282CLP4,TSRYS5893514,D,S,D,2024-10-21,2000000.00,3.989206,99.09375
08:00:38,91282CLP4,TSRYS5893514,D,S,D,2024-10-21,1000000.00,3.989206,99.09375
08:00:38,91282CLP4,TSRYS5893514,D,S,D,2024-10-21,1000000.00,3.989206,99.09375
08:00:38,91282CLP4,TSRYS5893514,D,S,T,2024-10-21,35000000.00,3.955224,99.15625
08:00:38,91282CLP4,TSRYS5893514,D,B,C,2024-10-21,4000000.00,3.953101,99.16015625
08:00:38,91282CLP4,TSRYS5893514,D,S,T,2024-10-21,1000000.00,3.950978,99.1640625
08:00:38,91282CLP4,TSRYS5893514,D,S,T,2024-10-21,5000000.00,3.950978,99.1640625
08:00:38,91282CLP4,TSRYS5893514,D,S,C,2024-10-21,2408000.00,3.950978,99.1640625
08:00:38,91282CLP4,TSRYS5893514,D,B,A,2024-10-21,2922000.00,3.950978,99.1640625
08:00:38,91282CLP4,TSRYS5893514,D,S,A,2024-10-21,20000000.00,3.950978,99.1640625
08:00:39,91282CLP4,TSRYS5893514,D,S,A,2024-10-21,1000000.00,3.966441,99.13671875
08:00:39,91282CLP4,TSRYS5893514,D,S,T,2024-10-21,1000000.00,3.950978,99.1640625
08:00:39,91282CLP4,TSRYS5893514,D,S,C,2024-10-21,627000.00,3.967964,99.1328125
08:00:39,91282CLP4,TSRYS5893514,D,S,T,2024-10-21,1000000.00,3.96584,99.13671875
08:00:39,91282CLP4,TSRYS5893514,D,S,T,2024-10-21,1000000.00,3.96584,99.13671875
08:00:39,91282CLP4,TSRYS5893514,D,B,A,2024-10-21,6000000.00,3.970088,99.12890625
08:00:39,91282CLP4,TSRYS5893514,D,S,A,2024-10-21,50000000.00,3.970088,99.12890625
08:00:39,91282CLP4,TSRYS5893514,D,S,T,2024-10-21,25000000.00,3.973273,99.123046875
08:00:39,91282CLP4,TSRYS5893514,D,S,D,2024-10-21,1000000.00,3.974335,99.12109375
08:00:39,91282CLP4,TSRYS5893514,D,S,A,2024-10-21,1000000.00,3.977074,99.1171875
08:00:39,91282CLP4,TSRYS5893514,D,S,T,2024-10-21,1000000.00,3.980708,99.109375
08:00:39,91282CLP4,TSRYS5893514,D,S,T,2024-10-21,1000000.00,3.980708,99.109375
08:00:39,91282CLP4,TSRYS5893514,D,S,T,2024-10-21,1000000.00,3.980708,99.109375
08:00:39,91282CLP4,TSRYS5893514,D,S,T,2024-10-21,1000000.00,3.980708,99.109375
08:00:39,91282CLP4,TSRYS5893514,D,S,T,2024-10-21,1000000.00,3.980708,99.109375
08:00:39,91282CLP4,TSRYS5893514,D,S,T,2024-10-21,1000000.00,3.980708,99.109375
08:00:39,91282CLP4,TSRYS5893514,D,S,T,2024-10-21,1000000.00,3.982832,99.10546875
08:00:39,91282CLP4,TSRYS5893514,D,S,T,2024-10-21,1000000.00,3.98177,99.107421875
08:00:39,91282CLP4,TSRYS5893514,D,S,D,2024-10-21,1000000.00,3.980708,99.109375
08:00:39,91282CLP4,TSRYS5893514,D,S,D,2024-10-21,295000.00,3.986019,99.099609375
08:00:39,91282CLP4,TSRYS5893514,D,B,A,2024-10-21,34300000.00,3.978583,99.11328125
08:00:39,91282CLP4,TSRYS5893514,D,S,C,2024-10-21,1000000.00,3.983894,99.103515625
08:00:39,91282CLP4,TSRYS5893514,D,S,C,2024-10-21,2000000.00,3.984956,99.1015625
08:00:39,91282CLP4,TSRYS5893514,D,S,C,2024-10-21,1000000.00,3.983894,99.103515625
08:00:39,91282CLP4,TSRYS5893514,D,S,C,2024-10-21,1000000.00,3.983894,99.103515625
08:00:39,91282CLP4,TSRYS5893514,D,S,T,2024-10-21,1000000.00,3.989206,99.09375
08:00:39,91282CLP4,TSRYS5893514,D,S,T,2024-10-21,2000000.00,3.987081,99.09765625
08:00:39,91282CLP4,TSRYS5893514,D,S,C,2024-10-21,5000000.00,3.987081,99.09765625
08:00:39,91282CLP4,TSRYS5893514,D,S,T,2024-10-21,1000000.00,3.984956,99.1015625
08:00:39,91282CLP4,TSRYS5893514,D,S,T,2024-10-21,1000000.00,3.983894,99.103515625
08:00:39,91282CLP4,TSRYS5893514,D,S,T,2024-10-21,1000000.00,3.984956,99.1015625
08:00:39,91282CLP4,TSRYS5893514,D,S,T,2024-10-21,1000000.00,3.983894,99.103515625
08:00:39,91282CLP4,TSRYS5893514,D,S,T,2024-10-21,1000000.00,3.983894,99.103515625
08:00:39,91282CLP4,TSRYS5893514,D,S,T,2024-10-21,1000000.00,3.982832,99.10546875
08:00:39,91282CLP4,TSRYS5893514,D,B,C,2024-10-21,40000.00,3.989206,99.09375
08:00:39,91282CLP4,TSRYS5893514,D,S,T,2024-10-21,1000000.00,3.987081,99.09765625
08:00:39,91282CLP4,TSRYS5893514,D,B,C,2024-10-21,1954000.00,3.989206,99.09375
08:00:40,91282CLP4,TSRYS5893514,D,B,C,2024-10-21,1000000.00,3.983894,99.103515625
08:00:40,91282CLP4,TSRYS5893514,D,S,D,2024-10-21,1000000.00,3.983894,99.103515625
08:00:41,91282CLP4,TSRYS5893514,D,S,C,2024-10-21,9000.00,3.989023,99.094085
08:00:44,91282CLP4,TSRYS5893514,D,S,T,2024-10-21,2000000.00,3.987081,99.09765625
08:00:44,91282CLP4,TSRYS5893514,D,S,T,2024-10-21,1000000.00,3.987081,99.09765625
08:00:44,91282CLP4,TSRYS5893514,D,S,T,2024-10-21,1000000.00,3.987081,99.09765625
08:00:44,91282CLP4,TSRYS5893514,D,S,T,2024-10-21,4000000.00,3.980708,99.109375
08:00:45,91282CLP4,TSRYS5893514,D,S,T,2024-10-21,1000000.00,3.987081,99.09765625
08:00:45,91282CLP4,TSRYS5893514,D,B,C,2024-10-21,2000000.00,3.970088,99.12890625
08:00:45,91282CLP4,TSRYS5893514,D,S,C,2024-10-21,756000.00,3.987081,99.09765625
08:00:45,91282CLP4,TSRYS5893514,D,B,C,2024-10-21,803000.00,3.987081,99.09765625
08:00:45,91282CLP4,TSRYS5893514,D,S,C,2024-10-21,756000.00,3.989206,99.09375
08:00:46,91282CLP4,TSRYS5893514,D,S,T,2024-10-21,2000000.00,3.972211,99.125
08:00:46,91282CLP4,TSRYS5893514,D,S,T,2024-10-21,2000000.00,3.978583,99.11328125
08:00:46,91282CLP4,TSRYS5893514,D,S,D,2024-10-21,3000000.00,3.987081,99.09765625
08:00:46,91282CLP4,TSRYS5893514,D,S,C,2024-10-21,1000000.00,3.989206,99.09375
08:00:46,91282CLP4,TSRYS5893514,D,S,D,2024-10-21,1000000.00,3.989206,99.09375
08:00:46,91282CLP4,TSRYS5893514,D,S,D,2024-10-21,1000000.00,3.989206,99.09375
08:00:46,91282CLP4,TSRYS5893514,D,S,C,2024-10-21,1000000.00,3.989206,99.09375
08:00:46,91282CLP4,TSRYS5893514,D,S,D,2024-10-21,756000.00,3.989206,99.09375
08:00:46,91282CLP4,TSRYS5893514,D,S,D,2024-10-21,667000.00,3.989206,99.09375
08:00:47,91282CLP4,TSRYS5893514,D,S,D,2024-10-21,757000.00,3.989206,99.09375
08:00:50,91282CLP4,TSRYS5893514,D,S,T,2024-10-21,5000000.00,3.987081,99.09765625
08:00:50,91282CLP4,TSRYS5893514,D,S,T,2024-10-21,4000000.00,3.987081,99.09765625
08:00:51,91282CLP4,TSRYS5893514,D,S,T,2024-10-21,1000000.00,3.954162,99.158203125
08:00:51,91282CLP4,TSRYS5893514,D,S,T,2024-10-21,2000000.00,3.954162,99.158203125
08:00:51,91282CLP4,TSRYS5893514,D,S,T,2024-10-21,1000000.00,3.954162,99.158203125
08:00:51,91282CLP4,TSRYS5893514,D,B,A,2024-10-21,12100000.00,3.950978,99.1640625
08:00:51,91282CLP4,TSRYS5893514,D,S,T,2024-10-21,1000000.00,3.949917,99.166015625
08:00:51,91282CLP4,TSRYS5893514,D,S,T,2024-10-21,1000000.00,3.949917,99.166015625
08:00:51,91282CLP4,TSRYS5893514,D,S,T,2024-10-21,10000000.00,3.949917,99.166015625
08:00:52,91282CLP4,TSRYS5893514,D,S,A,2024-10-21,2200000.00,3.977692,99.1171875
08:00:52,91282CLP4,TSRYS5893514,D,S,A,2024-10-21,1350000.00,3.948855,99.16796875
08:00:52,91282CLP4,TSRYS5893514,D,B,A,2024-10-21,5600000.00,3.950978,99.1640625
08:00:52,91282CLP4,TSRYS5893514,D,S,T,2024-10-21,2000000.00,3.949917,99.166015625
08:00:52,91282CLP4,TSRYS5893514,D,S,T,2024-10-21,2000000.00,3.949917,99.166015625
08:00:52,91282CLP4,TSRYS5893514,D,S,T,2024-10-21,1000000.00,3.949917,99.166015625
08:00:55,91282CLP4,TSRYS5893514,D,S,T,2024-10-21,2000000.00,3.987081,99.09765625
08:00:55,91282CLP4,TSRYS5893514,D,S,T,2024-10-21,3000000.00,3.987081,99.09765625
08:00:55,91282CLP4,TSRYS5893514,D,S,D,2024-10-21,9000.00,,99.094085
08:00:55,91282CLP4,TSRYS5893514,D,S,T,2024-10-21,1000000.00,3.987081,99.09765625
08:00:55,91282CLP4,TSRYS5893514,D,S,T,2024-10-21,2000000.00,3.987081,99.09765625
08:00:56,91282CLP4,TSRYS5893514,D,S,T,2024-10-21,2000000.00,3.977137,99.1013375
08:00:56,91282CLP4,TSRYS5893514,D,S,T,2024-10-21,1000000.00,3.977137,99.1013375
08:00:56,91282CLP4,TSRYS5893514,D,S,T,2024-10-21,1000000.00,3.977137,99.1013375
08:00:56,91282CLP4,TSRYS5893514,D,S,T,2024-10-21,1000000.00,3.977137,99.1013375
08:00:56,91282CLP4,TSRYS5893514,D,S,T,2024-10-21,1000000.00,3.977137,99.1013375
08:00:56,91282CLP4,TSRYS5893514,D,S,T,2024-10-21,3000000.00,3.987081,99.09765625
08:00:57,91282CLP4,TSRYS5893514,D,S,T,2024-10-21,2000000.00,3.988143,99.095703125
08:00:57,91282CLP4,TSRYS5893514,D,S,D,2024-10-21,1000000.00,3.987081,99.09765625
08:00:57,91282CLP4,TSRYS5893514,D,S,T,2024-10-21,1000000.00,3.987081,99.09765625
08:00:57,91282CLP4,TSRYS5893514,D,S,T,2024-10-21,1000000.00,3.987081,99.09765625
08:00:57,91282CLP4,TSRYS5893514,D,S,T,2024-10-21,3000000.00,3.987081,99.09765625
08:00:57,91282CLP4,TSRYS5893514,D,S,D,2024-10-21,1000000.00,3.988143,99.095703125
08:00:57,91282CLP4,TSRYS5893514,D,S,D,2024-10-21,1000000.00,3.988143,99.095703125
08:00:57,91282CLP4,TSRYS5893514,D,S,T,2024-10-21,1000000.00,3.987081,99.09765625
08:00:57,91282CLP4,TSRYS5893514,D,S,T,2024-10-21,3000000.00,3.987081,99.09765625
08:00:58,91282CLP4,TSRYS5893514,D,S,T,2024-10-21,3000000.00,3.987081,99.09765625
08:00:58,91282CLP4,TSRYS5893514,D,S,T,2024-10-21,1000000.00,3.987081,99.09765625
08:00:58,91282CLP4,TSRYS5893514,D,S,T,2024-10-21,3000000.00,3.987081,99.09765625
08:00:58,91282CLP4,TSRYS5893514,D,S,T,2024-10-21,1000000.00,3.987081,99.09765625
08:00:58,91282CLP4,TSRYS5893514,D,S,T,2024-10-21,6000000.00,3.987081,99.09765625
08:00:59,91282CLP4,TSRYS5893514,D,S,D,2024-10-21,1000000.00,3.988143,99.095703125
08:00:59,91282CLP4,TSRYS5893514,D,S,D,2024-10-21,4000000.00,3.987081,99.09765625
08:00:59,91282CLP4,TSRYS5893514,D,S,T,2024-10-21,1000000.00,3.987081,99.09765625
08:00:59,91282CLP4,TSRYS5893514,D,S,D,2024-10-21,1000000.00,3.987081,99.09765625
08:00:59,91282CLP4,TSRYS5893514,D,S,D,2024-10-21,1000000.00,3.988143,99.095703125
08:00:59,91282CLP4,TSRYS5893514,D,S,T,2024-10-21,3000000.00,3.987081,99.09765625
08:00:59,91282CLP4,TSRYS5893514,D,S,T,2024-10-21,1000000.00,3.987081,99.09765625
08:00:59,91282CLP4,TSRYS5893514,D,S,T,2024-10-21,1000000.00,3.986019,99.099609375
08:00:59,91282CLP4,TSRYS5893514,D,S,T,2024-10-21,1000000.00,3.987081,99.09765625
08:00:59,91282CLP4,TSRYS5893514,D,S,T,2024-10-21,1000000.00,3.987081,99.09765625
08:00:59,91282CLP4,TSRYS5893514,D,S,T,2024-10-21,1000000.00,3.986019,99.099609375
08:01:00,91282CLP4,TSRYS5893514,D,B,C,2024-10-21,1000000.00,3.954162,99.158203125
08:01:00,91282CLP4,TSRYS5893514,D,S,C,2024-10-21,1000000.00,3.954162,99.158203125
08:01:00,91282CLP4,TSRYS5893514,D,S,T,2024-10-21,1000000.00,3.987081,99.09765625
08:01:00,91282CLP4,TSRYS5893514,D,S,C,2024-10-21,1000000.00,3.958409,99.150390625
08:01:00,91282CLP4,TSRYS5893514,D,B,C,2024-10-21,1000000.00,3.958409,99.150390625
08:01:00,91282CLP4,TSRYS5893514,D,S,T,2024-10-21,2000000.00,3.987081,99.09765625
08:01:00,91282CLP4,TSRYS5893514,D,S,T,2024-10-21,1000000.00,3.987081,99.09765625
08:01:01,91282CLP4,TSRYS5893514,D,S,T,2024-10-21,1000000.00,3.982832,99.10546875
08:01:02,91282CLP4,TSRYS5893514,D,S,T,2024-10-21,1000000.00,3.987081,99.09765625
08:01:02,91282CLP4,TSRYS5893514,D,S,T,2024-10-21,4000000.00,3.957347,99.15234375
08:01:02,91282CLP4,TSRYS5893514,D,S,A,2024-10-21,50000000.00,3.977074,99.1171875
08:01:02,91282CLP4,TSRYS5893514,D,S,D,2024-10-21,2000000.00,3.958409,99.150390625
08:01:02,91282CLP4,TSRYS5893514,D,S,D,2024-10-21,2000000.00,3.949917,99.166015625
08:01:02,91282CLP4,TSRYS5893514,D,S,D,2024-10-21,2000000.00,3.95204,99.162109375
08:01:02,91282CLP4,TSRYS5893514,D,S,T,2024-10-21,1000000.00,3.96584,99.13671875
08:01:02,91282CLP4,TSRYS5893514,D,S,T,2024-10-21,1000000.00,3.984956,99.1015625
08:01:02,91282CLP4,TSRYS5893514,D,S,T,2024-10-21,1000000.00,3.984956,99.1015625
08:01:02,91282CLP4,TSRYS5893514,D,S,T,2024-10-21,1000000.00,3.983894,99.103515625
08:01:02,91282CLP4,TSRYS5893514,D,S,T,2024-10-21,1000000.00,3.984956,99.1015625
08:01:02,91282CLP4,TSRYS5893514,D,S,T,2024-10-21,2000000.00,3.984956,99.1015625
08:01:02,91282CLP4,TSRYS5893514,D,S,T,2024-10-21,2000000.00,3.987081,99.09765625
08:01:03,91282CLP4,TSRYS5893514,D,S,D,2024-10-21,2000000.00,3.987081,99.09765625
08:01:04,91282CLP4,TSRYS5893514,D,S,D,2024-10-21,1000000.00,3.987081,99.09765625
08:01:05,91282CLP4,TSRYS5893514,D,S,D,2024-10-21,1000000.00,3.987081,99.09765625
08:01:05,91282CLP4,TSRYS5893514,D,S,T,2024-10-21,1000000.00,3.982887,99.10536675
08:01:05,91282CLP4,TSRYS5893514,D,S,T,2024-10-21,3000000.00,3.982887,99.10536675
08:01:05,91282CLP4,TSRYS5893514,D,S,T,2024-10-21,1000000.00,3.982887,99.10536675
08:01:05,91282CLP4,TSRYS5893514,D,S,T,2024-10-21,3000000.00,3.987081,99.09765625
08:01:05,91282CLP4,TSRYS5893514,D,S,T,2024-10-21,3000000.00,3.987081,99.09765625
08:01:05,91282CLP4,TSRYS5893514,D,S,T,2024-10-21,2000000.00,3.987081,99.09765625
08:01:05,91282CLP4,TSRYS5893514,D,S,T,2024-10-21,1000000.00,3.987081,99.09765625
08:01:06,91282CLP4,TSRYS5893514,D,B,A,2024-10-21,5000000.00,3.982832,99.10546875
08:01:07,91282CLP4,TSRYS5893514,D,S,T,2024-10-21,2000000.00,3.984956,99.1015625
08:01:07,91282CLP4,TSRYS5893514,D,S,D,2024-10-21,1000000.00,3.986019,99.099609375
08:01:08,91282CLP4,TSRYS5893514,D,S,T,2024-10-21,1000000.00,3.987081,99.09765625
08:01:10,91282CLP4,TSRYS5893514,D,S,D,2024-10-21,1000000.00,3.988143,99.095703125
08:01:10,91282CLP4,TSRYS5893514,D,S,T,2024-10-21,1000000.00,3.959525,99.1483375
08:01:10,91282CLP4,TSRYS5893514,D,S,T,2024-10-21,1000000.00,3.960586,99.146384375
08:01:10,91282CLP4,TSRYS5893514,D,S,T,2024-10-21,1000000.00,3.987081,99.09765625
08:01:10,91282CLP4,TSRYS5893514,D,S,T,2024-10-21,2000000.00,3.987081,99.09765625
08:01:10,91282CLP4,TSRYS5893514,D,S,T,2024-10-21,1000000.00,3.987081,99.09765625
08:01:10,91282CLP4,TSRYS5893514,D,S,T,2024-10-21,1000000.00,3.987081,99.09765625
08:01:10,91282CLP4,TSRYS5893514,D,S,T,2024-10-21,1000000.00,3.987081,99.09765625
08:01:10,91282CLP4,TSRYS5893514,D,S,T,2024-10-21,1000000.00,3.987081,99.09765625
08:01:10,91282CLP4,TSRYS5893514,D,S,T,2024-10-21,1000000.00,3.987081,99.09765625
08:01:10,91282CLP4,TSRYS5893514,D,S,T,2024-10-21,2000000.00,3.954217,99.158103125
08:01:11,91282CLP4,TSRYS5893514,D,S,T,2024-10-21,3000000.00,3.986073,99.099509375
08:01:11,91282CLP4,TSRYS5893514,D,S,T,2024-10-21,2000000.00,3.988198,99.095603125
08:01:11,91282CLP4,TSRYS5893514,D,S,T,2024-10-21,1000000.00,3.959565,99.1482625
08:01:11,91282CLP4,TSRYS5893514,D,S,T,2024-10-21,1000000.00,3.959565,99.1482625
08:01:11,91282CLP4,TSRYS5893514,D,S,T,2024-10-21,2000000.00,3.959565,99.1482625
08:01:11,91282CLP4,TSRYS5893514,D,S,T,2024-10-21,1000000.00,3.960627,99.146309375
08:01:11,91282CLP4,TSRYS5893514,D,B,C,2024-10-21,1000000.00,3.955224,99.15625
08:01:11,91282CLP4,TSRYS5893514,D,S,D,2024-10-21,1000000.00,3.955224,99.15625
08:01:11,91282CLP4,TSRYS5893514,D,S,C,2024-10-21,2000000.00,3.958409,99.150390625
08:01:11,91282CLP4,TSRYS5893514,D,S,D,2024-10-21,1000000.00,3.955224,99.15625
08:01:11,91282CLP4,TSRYS5893514,D,B,C,2024-10-21,1000000.00,3.955224,99.15625
08:01:11,91282CLP4,TSRYS5893514,D,B,C,2024-10-21,1000000.00,3.955224,99.15625
08:01:11,91282CLP4,TSRYS5893514,D,S,D,2024-10-21,1000000.00,3.955224,99.15625
08:01:11,91282CLP4,TSRYS5893514,D,B,C,2024-10-21,1000000.00,3.955224,99.15625
08:01:11,91282CLP4,TSRYS5893514,D,S,D,2024-10-21,1000000.00,3.955224,99.15625
08:01:11,91282CLP4,TSRYS5893514,D,B,C,2024-10-21,1000000.00,3.955224,99.15625
08:01:11,91282CLP4,TSRYS5893514,D,S,D,2024-10-21,1000000.00,3.955224,99.15625
08:01:11,91282CLP4,TSRYS5893514,D,S,D,2024-10-21,1000000.00,3.955224,99.15625
08:01:11,91282CLP4,TSRYS5893514,D,S,D,2024-10-21,1000000.00,3.955224,99.15625
08:01:11,91282CLP4,TSRYS5893514,D,B,C,2024-10-21,1000000.00,3.955224,99.15625
08:01:11,91282CLP4,TSRYS5893514,D,S,T,2024-10-21,1000000.00,3.986114,99.099434375
08:01:11,91282CLP4,TSRYS5893514,D,S,D,2024-10-21,1000000.00,3.955224,99.15625
08:01:11,91282CLP4,TSRYS5893514,D,S,T,2024-10-21,1000000.00,3.988238,99.095528125
08:01:11,91282CLP4,TSRYS5893514,D,B,C,2024-10-21,1000000.00,3.955224,99.15625
08:01:11,91282CLP4,TSRYS5893514,D,B,C,2024-10-21,1000000.00,3.955224,99.15625
08:01:11,91282CLP4,TSRYS5893514,D,S,T,2024-10-21,1000000.00,3.988238,99.095528125
08:01:11,91282CLP4,TSRYS5893514,D,B,C,2024-10-21,1000000.00,3.955224,99.15625
08:01:11,91282CLP4,TSRYS5893514,D,S,D,2024-10-21,1000000.00,3.955224,99.15625
08:01:11,91282CLP4,TSRYS5893514,D,B,C,2024-10-21,1000000.00,3.955224,99.15625
08:01:11,91282CLP4,TSRYS5893514,D,S,T,2024-10-21,1000000.00,3.959592,99.1482125
08:01:11,91282CLP4,TSRYS5893514,D,S,D,2024-10-21,1000000.00,3.955224,99.15625
08:01:11,91282CLP4,TSRYS5893514,D,S,T,2024-10-21,1000000.00,3.959592,99.1482125
08:01:11,91282CLP4,TSRYS5893514,D,S,D,2024-10-21,1000000.00,3.955224,99.15625
08:01:11,91282CLP4,TSRYS5893514,D,S,D,2024-10-21,1000000.00,3.955224,99.15625
08:01:11,91282CLP4,TSRYS5893514,D,B,C,2024-10-21,1000000.00,3.955224,99.15625
08:01:11,91282CLP4,TSRYS5893514,D,S,D,2024-10-21,1000000.00,3.955224,99.15625
08:01:11,91282CLP4,TSRYS5893514,D,B,C,2024-10-21,1000000.00,3.955224,99.15625
08:01:11,91282CLP4,TSRYS5893514,D,B,C,2024-10-21,1000000.00,3.955224,99.15625
08:01:11,91282CLP4,TSRYS5893514,D,S,D,2024-10-21,1000000.00,3.955224,99.15625
08:01:11,91282CLP4,TSRYS5893514,D,S,D,2024-10-21,1000000.00,3.955224,99.15625
08:01:11,91282CLP4,TSRYS5893514,D,B,C,2024-10-21,1000000.00,3.955224,99.15625
08:01:11,91282CLP4,TSRYS5893514,D,B,C,2024-10-21,1000000.00,3.955224,99.15625
08:01:11,91282CLP4,TSRYS5893514,D,B,C,2024-10-21,1000000.00,3.955224,99.15625
08:01:11,91282CLP4,TSRYS5893514,D,S,D,2024-10-21,1000000.00,3.955224,99.15625
08:01:11,91282CLP4,TSRYS5893514,D,S,D,2024-10-21,1000000.00,3.955224,99.15625
08:01:11,91282CLP4,TSRYS5893514,D,S,D,2024-10-21,1000000.00,3.955224,99.15625
08:01:11,91282CLP4,TSRYS5893514,D,B,C,2024-10-21,1000000.00,3.955224,99.15625
08:01:11,91282CLP4,TSRYS5893514,D,B,C,2024-10-21,1000000.00,3.955224,99.15625
08:01:11,91282CLP4,TSRYS5893514,D,B,C,2024-10-21,1000000.00,3.955224,99.15625
08:01:11,91282CLP4,TSRYS5893514,D,S,D,2024-10-21,1000000.00,3.955224,99.15625
08:01:11,91282CLP4,TSRYS5893514,D,S,D,2024-10-21,1000000.00,3.955224,99.15625
08:01:11,91282CLP4,TSRYS5893514,D,S,D,2024-10-21,1000000.00,3.955224,99.15625
08:01:11,91282CLP4,TSRYS5893514,D,B,C,2024-10-21,1000000.00,3.955224,99.15625
08:01:11,91282CLP4,TSRYS5893514,D,B,C,2024-10-21,1000000.00,3.955224,99.15625
08:01:11,91282CLP4,TSRYS5893514,D,B,C,2024-10-21,1000000.00,3.955224,99.15625
08:01:11,91282CLP4,TSRYS5893514,D,S,D,2024-10-21,1000000.00,3.955224,99.15625
08:01:11,91282CLP4,TSRYS5893514,D,S,D,2024-10-21,1000000.00,3.955224,99.15625
08:01:11,91282CLP4,TSRYS5893514,D,B,C,2024-10-21,1000000.00,3.955224,99.15625
08:01:11,91282CLP4,TSRYS5893514,D,S,D,2024-10-21,1000000.00,3.955224,99.15625
08:01:11,91282CLP4,TSRYS5893514,D,B,C,2024-10-21,1000000.00,3.955224,99.15625
08:01:11,91282CLP4,TSRYS5893514,D,S,D,2024-10-21,1000000.00,3.955224,99.15625
08:01:11,91282CLP4,TSRYS5893514,D,B,C,2024-10-21,1000000.00,3.955224,99.15625
08:01:11,91282CLP4,TSRYS5893514,D,S,D,2024-10-21,1000000.00,3.955224,99.15625
08:01:11,91282CLP4,TSRYS5893514,D,B,C,2024-10-21,1000000.00,3.955224,99.15625
08:01:11,91282CLP4,TSRYS5893514,D,S,D,2024-10-21,1000000.00,3.955224,99.15625
08:01:11,91282CLP4,TSRYS5893514,D,B,C,2024-10-21,1000000.00,3.955224,99.15625
08:01:11,91282CLP4,TSRYS5893514,D,S,D,2024-10-21,1000000.00,3.955224,99.15625
08:01:11,91282CLP4,TSRYS5893514,D,S,D,2024-10-21,1000000.00,3.955224,99.15625
08:01:11,91282CLP4,TSRYS5893514,D,B,C,2024-10-21,1000000.00,3.955224,99.15625
08:01:11,91282CLP4,TSRYS5893514,D,S,T,2024-10-21,1000000.00,3.982954,99.10524375
08:01:11,91282CLP4,TSRYS5893514,D,B,C,2024-10-21,1000000.00,3.955224,99.15625
08:01:11,91282CLP4,TSRYS5893514,D,S,D,2024-10-21,1000000.00,3.955224,99.15625
08:01:11,91282CLP4,TSRYS5893514,D,B,C,2024-10-21,1000000.00,3.955224,99.15625
08:01:11,91282CLP4,TSRYS5893514,D,B,C,2024-10-21,1000000.00,3.955224,99.15625
08:01:11,91282CLP4,TSRYS5893514,D,B,C,2024-10-21,5000000.00,3.960068,99.1473375
08:01:11,91282CLP4,TSRYS5893514,D,B,C,2024-10-21,5000000.00,3.960705,99.1461656
08:01:11,91282CLP4,TSRYS5893514,D,S,D,2024-10-21,1000000.00,3.955224,99.15625
08:01:11,91282CLP4,TSRYS5893514,D,S,D,2024-10-21,45000000.00,3.956078,99.1546785
08:01:11,91282CLP4,TSRYS5893514,D,S,D,2024-10-21,1000000.00,3.955224,99.15625
08:01:11,91282CLP4,TSRYS5893514,D,B,C,2024-10-21,1000000.00,3.955224,99.15625
08:01:11,91282CLP4,TSRYS5893514,D,B,C,2024-10-21,1000000.00,3.955224,99.15625
08:01:11,91282CLP4,TSRYS5893514,D,S,D,2024-10-21,1000000.00,3.955224,99.15625
08:01:11,91282CLP4,TSRYS5893514,D,S,D,2024-10-21,1000000.00,3.955224,99.15625
08:01:11,91282CLP4,TSRYS5893514,D,B,C,2024-10-21,1000000.00,3.955224,99.15625
08:01:11,91282CLP4,TSRYS5893514,D,S,D,2024-10-21,1000000.00,3.955224,99.15625
08:01:11,91282CLP4,TSRYS5893514,D,S,D,2024-10-21,1000000.00,3.955224,99.15625
08:01:11,91282CLP4,TSRYS5893514,D,B,C,2024-10-21,1000000.00,3.955224,99.15625
08:01:11,91282CLP4,TSRYS5893514,D,B,C,2024-10-21,1000000.00,3.955224,99.15625
08:01:11,91282CLP4,TSRYS5893514,D,S,D,2024-10-21,1000000.00,3.955224,99.15625
08:01:11,91282CLP4,TSRYS5893514,D,B,C,2024-10-21,1000000.00,3.955224,99.15625
08:01:11,91282CLP4,TSRYS5893514,D,S,D,2024-10-21,1000000.00,3.955224,99.15625
08:01:11,91282CLP4,TSRYS5893514,D,B,C,2024-10-21,1000000.00,3.955224,99.15625
08:01:11,91282CLP4,TSRYS5893514,D,B,C,2024-10-21,1000000.00,3.955224,99.15625
08:01:11,91282CLP4,TSRYS5893514,D,S,D,2024-10-21,1000000.00,3.955224,99.15625
08:01:11,91282CLP4,TSRYS5893514,D,B,C,2024-10-21,1000000.00,3.955224,99.15625
08:01:11,91282CLP4,TSRYS5893514,D,B,C,2024-10-21,1000000.00,3.955224,99.15625
08:01:11,91282CLP4,TSRYS5893514,D,S,D,2024-10-21,1000000.00,3.955224,99.15625
08:01:11,91282CLP4,TSRYS5893514,D,S,D,2024-10-21,1000000.00,3.955224,99.15625
08:01:11,91282CLP4,TSRYS5893514,D,B,C,2024-10-21,1000000.00,3.955224,99.15625
08:01:11,91282CLP4,TSRYS5893514,D,S,D,2024-10-21,1000000.00,3.955224,99.15625
08:01:11,91282CLP4,TSRYS5893514,D,B,C,2024-10-21,1000000.00,3.955224,99.15625
08:01:11,91282CLP4,TSRYS5893514,D,S,D,2024-10-21,1000000.00,3.956285,99.154296875
08:01:11,91282CLP4,TSRYS5893514,D,S,D,2024-10-21,1000000.00,3.955224,99.15625
08:01:11,91282CLP4,TSRYS5893514,D,B,C,2024-10-21,5000000.00,3.95476,99.1571031
08:01:11,91282CLP4,TSRYS5893514,D,S,D,2024-10-21,3000000.00,3.956285,99.154296875
08:01:11,91282CLP4,TSRYS5893514,D,S,D,2024-10-21,1000000.00,3.956285,99.154296875
08:01:11,91282CLP4,TSRYS5893514,D,S,D,2024-10-21,2000000.00,3.956285,99.154296875
08:01:11,91282CLP4,TSRYS5893514,D,B,C,2024-10-21,15000000.00,3.956285,99.154296875
08:01:11,91282CLP4,TSRYS5893514,D,S,D,2024-10-21,1000000.00,3.956285,99.154296875
08:01:11,91282CLP4,TSRYS5893514,D,S,D,2024-10-21,15000000.00,3.956285,99.154296875
08:01:11,91282CLP4,TSRYS5893514,D,S,D,2024-10-21,4000000.00,3.956285,99.154296875
08:01:11,91282CLP4,TSRYS5893514,D,S,C,2024-10-21,1000000.00,3.958409,99.150390625
08:01:11,91282CLP4,TSRYS5893514,D,S,D,2024-10-21,3000000.00,3.95947,99.1484375
08:01:11,91282CLP4,TSRYS5893514,D,B,C,2024-10-21,5000000.00,3.98343,99.1043688
08:01:11,91282CLP4,TSRYS5893514,D,S,D,2024-10-21,1000000.00,3.953101,99.16015625
08:01:11,91282CLP4,TSRYS5893514,D,B,C,2024-10-21,5000000.00,3.986617,99.0985094
08:01:11,91282CLP4,TSRYS5893514,D,B,C,2024-10-21,1000000.00,3.953101,99.16015625
08:01:11,91282CLP4,TSRYS5893514,D,B,C,2024-10-21,5000000.00,3.986617,99.0985094
08:01:11,91282CLP4,TSRYS5893514,D,S,D,2024-10-21,1000000.00,3.953101,99.16015625
08:01:11,91282CLP4,TSRYS5893514,D,S,D,2024-10-21,1000000.00,3.953101,99.16015625
08:01:11,91282CLP4,TSRYS5893514,D,S,D,2024-10-21,144000.00,3.99133,99.08984375
08:01:11,91282CLP4,TSRYS5893514,D,B,C,2024-10-21,1000000.00,3.953101,99.16015625
08:01:11,91282CLP4,TSRYS5893514,D,S,T,2024-10-21,1000000.00,3.987081,99.09765625
08:01:11,91282CLP4,TSRYS5893514,D,S,D,2024-10-21,1000000.00,3.953101,99.16015625
08:01:11,91282CLP4,TSRYS5893514,D,B,C,2024-10-21,1000000.00,3.953101,99.16015625
08:01:11,91282CLP4,TSRYS5893514,D,B,C,2024-10-21,5000000.00,3.988622,99.0948232
08:01:11,91282CLP4,TSRYS5893514,D,B,C,2024-10-21,1000000.00,3.953101,99.16015625
08:01:11,91282CLP4,TSRYS5893514,D,S,D,2024-10-21,1000000.00,3.953101,99.16015625
08:01:11,91282CLP4,TSRYS5893514,D,B,C,2024-10-21,1000000.00,3.953101,99.16015625
08:01:11,91282CLP4,TSRYS5893514,D,S,D,2024-10-21,1000000.00,3.953101,99.16015625
08:01:11,91282CLP4,TSRYS5893514,D,B,C,2024-10-21,1000000.00,3.953101,99.16015625
08:01:11,91282CLP4,TSRYS5893514,D,S,D,2024-10-21,1000000.00,3.95204,99.162109375
08:01:11,91282CLP4,TSRYS5893514,D,B,C,2024-10-21,1000000.00,3.953101,99.16015625
08:01:11,91282CLP4,TSRYS5893514,D,S,D,2024-10-21,2000000.00,3.95204,99.162109375
08:01:11,91282CLP4,TSRYS5893514,D,B,C,2024-10-21,1000000.00,3.95204,99.162109375
08:01:11,91282CLP4,TSRYS5893514,D,S,D,2024-10-21,1000000.00,3.95204,99.162109375
08:01:11,91282CLP4,TSRYS5893514,D,B,C,2024-10-21,1000000.00,3.95204,99.162109375
08:01:11,91282CLP4,TSRYS5893514,D,S,D,2024-10-21,1000000.00,3.95204,99.162109375
08:01:11,91282CLP4,TSRYS5893514,D,B,C,2024-10-21,1000000.00,3.95204,99.162109375
08:01:11,91282CLP4,TSRYS5893514,D,S,D,2024-10-21,1000000.00,3.953101,99.16015625
08:01:11,91282CLP4,TSRYS5893514,D,S,D,2024-10-21,1000000.00,3.95204,99.162109375
08:01:11,91282CLP4,TSRYS5893514,D,B,C,2024-10-21,1000000.00,3.95204,99.162109375
08:01:11,91282CLP4,TSRYS5893514,D,B,C,2024-10-21,1000000.00,3.95204,99.162109375
08:01:11,91282CLP4,TSRYS5893514,D,S,D,2024-10-21,1000000.00,3.95204,99.162109375
08:01:11,91282CLP4,TSRYS5893514,D,S,D,2024-10-21,1000000.00,3.95204,99.162109375
08:01:11,91282CLP4,TSRYS5893514,D,S,D,2024-10-21,1000000.00,3.95204,99.162109375
08:01:11,91282CLP4,TSRYS5893514,D,B,C,2024-10-21,1000000.00,3.95204,99.162109375
08:01:11,91282CLP4,TSRYS5893514,D,B,C,2024-10-21,1000000.00,3.95204,99.162109375
08:01:11,91282CLP4,TSRYS5893514,D,B,C,2024-10-21,1000000.00,3.95204,99.162109375
08:01:11,91282CLP4,TSRYS5893514,D,S,D,2024-10-21,9500000.00,3.989206,99.09375
08:01:11,91282CLP4,TSRYS5893514,D,S,D,2024-10-21,1000000.00,3.95204,99.162109375
08:01:11,91282CLP4,TSRYS5893514,D,B,C,2024-10-21,1000000.00,3.95204,99.162109375
08:01:11,91282CLP4,TSRYS5893514,D,S,D,2024-10-21,1000000.00,3.95204,99.162109375
08:01:12,91282CLP4,TSRYS5893514,D,S,D,2024-10-21,1000000.00,3.95204,99.162109375
08:01:12,91282CLP4,TSRYS5893514,D,B,C,2024-10-21,1000000.00,3.95204,99.162109375
08:01:12,91282CLP4,TSRYS5893514,D,S,C,2024-10-21,1000000.00,3.95204,99.162109375
08:01:12,91282CLP4,TSRYS5893514,D,B,C,2024-10-21,1000000.00,3.95204,99.162109375
08:01:12,91282CLP4,TSRYS5893514,D,B,C,2024-10-21,1000000.00,3.95204,99.162109375
08:01:12,91282CLP4,TSRYS5893514,D,S,D,2024-10-21,1000000.00,3.95204,99.162109375
08:01:12,91282CLP4,TSRYS5893514,D,S,C,2024-10-21,3000000.00,3.950978,99.1640625
08:01:12,91282CLP4,TSRYS5893514,D,S,C,2024-10-21,2000000.00,3.949917,99.166015625
08:01:12,91282CLP4,TSRYS5893514,D,B,C,2024-10-21,3000000.00,3.950978,99.1640625
08:01:12,91282CLP4,TSRYS5893514,D,S,A,2024-10-21,20000000.00,3.984956,99.1015625
08:01:12,91282CLP4,TSRYS5893514,D,S,C,2024-10-21,1000000.00,3.957347,99.15234375
08:01:12,91282CLP4,TSRYS5893514,D,B,A,2024-10-21,52000.00,3.99133,99.08984375
08:01:12,91282CLP4,TSRYS5893514,D,S,C,2024-10-21,2000000.00,3.95204,99.162109375
08:01:12,91282CLP4,TSRYS5893514,D,S,C,2024-10-21,4000000.00,3.958409,99.150390625
08:01:12,91282CLP4,TSRYS5893514,D,S,D,2024-10-21,1000000.00,3.957347,99.15234375
08:01:12,91282CLP4,TSRYS5893514,D,S,C,2024-10-21,1000000.00,3.95947,99.1484375
08:01:12,91282CLP4,TSRYS5893514,D,S,C,2024-10-21,1000000.00,3.958409,99.150390625
08:01:12,91282CLP4,TSRYS5893514,D,S,C,2024-10-21,1000000.00,3.95947,99.1484375
08:01:12,91282CLP4,TSRYS5893514,D,S,D,2024-10-21,1000000.00,3.95947,99.1484375
08:01:12,91282CLP4,TSRYS5893514,D,S,C,2024-10-21,4000000.00,3.95947,99.1484375
08:01:12,91282CLP4,TSRYS5893514,D,S,D,2024-10-21,1000000.00,3.964779,99.138671875
08:01:12,91282CLP4,TSRYS5893514,D,S,D,2024-10-21,1000000.00,3.966902,99.134765625
08:01:12,91282CLP4,TSRYS5893514,D,S,C,2024-10-21,1000000.00,3.967964,99.1328125
08:01:12,91282CLP4,TSRYS5893514,D,S,C,2024-10-21,1000000.00,3.967964,99.1328125
08:01:12,91282CLP4,TSRYS5893514,D,S,C,2024-10-21,1000000.00,3.967964,99.1328125
08:01:12,91282CLP4,TSRYS5893514,D,B,A,2024-10-21,336000.00,3.982832,99.10546875
08:01:12,91282CLP4,TSRYS5893514,D,B,A,2024-10-21,22000000.00,3.981499,99.10792
08:01:12,91282CLP4,TSRYS5893514,D,S,D,2024-10-21,1000000.00,3.974335,99.12109375
08:01:12,91282CLP4,TSRYS5893514,D,B,C,2024-10-21,1000000.00,3.98177,99.107421875
08:01:12,91282CLP4,TSRYS5893514,D,S,C,2024-10-21,1000000.00,3.977521,99.115234375
08:01:12,91282CLP4,TSRYS5893514,D,S,D,2024-10-21,1000000.00,3.979645,99.111328125
08:01:12,91282CLP4,TSRYS5893514,D,S,D,2024-10-21,2000000.00,3.982832,99.10546875
08:01:12,91282CLP4,TSRYS5893514,D,S,D,2024-10-21,1000000.00,3.98177,99.107421875
08:01:12,91282CLP4,TSRYS5893514,D,S,D,2024-10-21,3000000.00,3.976459,99.1171875
08:01:12,91282CLP4,TSRYS5893514,D,S,D,2024-10-21,1000000.00,3.976459,99.1171875
08:01:12,91282CLP4,TSRYS5893514,D,S,D,2024-10-21,2000000.00,3.982832,99.10546875
08:01:12,91282CLP4,TSRYS5893514,D,S,D,2024-10-21,3000000.00,3.982832,99.10546875
08:01:12,91282CLP4,TSRYS5893514,D,S,D,2024-10-21,1000000.00,3.980708,99.109375
08:01:12,91282CLP4,TSRYS5893514,D,B,C,2024-10-21,1000000.00,3.978583,99.11328125
08:01:12,91282CLP4,TSRYS5893514,D,B,C,2024-10-21,1000000.00,3.976459,99.1171875
08:01:12,91282CLP4,TSRYS5893514,D,S,C,2024-10-21,4000000.00,3.978583,99.11328125
08:01:12,91282CLP4,TSRYS5893514,D,S,D,2024-10-21,1000000.00,3.978583,99.11328125
08:01:12,91282CLP4,TSRYS5893514,D,B,C,2024-10-21,1000000.00,3.978583,99.11328125
08:01:12,91282CLP4,TSRYS5893514,D,S,C,2024-10-21,1000000.00,3.978583,99.11328125
08:01:12,91282CLP4,TSRYS5893514,D,S,D,2024-10-21,1000000.00,3.978583,99.11328125
08:01:12,91282CLP4,TSRYS5893514,D,S,D,2024-10-21,1000000.00,3.990268,99.091796875
08:01:12,91282CLP4,TSRYS5893514,D,B,C,2024-10-21,2000000.00,3.978583,99.11328125
08:01:12,91282CLP4,TSRYS5893514,D,B,C,2024-10-21,1000000.00,3.978583,99.11328125
08:01:12,91282CLP4,TSRYS5893514,D,S,D,2024-10-21,1000000.00,3.978583,99.11328125
08:01:12,91282CLP4,TSRYS5893514,D,S,D,2024-10-21,1000000.00,3.984956,99.1015625
08:01:12,91282CLP4,TSRYS5893514,D,B,C,2024-10-21,1000000.00,3.984956,99.1015625
08:01:12,91282CLP4,TSRYS5893514,D,S,D,2024-10-21,2000000.00,3.978583,99.11328125
08:01:12,91282CLP4,TSRYS5893514,D,B,C,2024-10-21,1000000.00,3.990268,99.091796875
08:01:12,91282CLP4,TSRYS5893514,D,S,D,2024-10-21,1000000.00,3.990268,99.091796875
08:01:12,91282CLP4,TSRYS5893514,D,S,C,2024-10-21,2000000.00,3.989206,99.09375
08:01:12,91282CLP4,TSRYS5893514,D,S,C,2024-10-21,1000000.00,3.989206,99.09375
08:01:13,91282CLP4,TSRYS5893514,D,S,C,2024-10-21,2000000.00,3.989206,99.09375
08:01:13,91282CLP4,TSRYS5893514,D,S,C,2024-10-21,1000000.00,3.987081,99.09765625
08:01:13,91282CLP4,TSRYS5893514,D,S,D,2024-10-21,1000000.00,3.990268,99.091796875
08:01:13,91282CLP4,TSRYS5893514,D,S,D,2024-10-21,1000000.00,3.990268,99.091796875
08:01:13,91282CLP4,TSRYS5893514,D,S,D,2024-10-21,1000000.00,3.987081,99.09765625
08:01:13,91282CLP4,TSRYS5893514,D,S,D,2024-10-21,1000000.00,3.987081,99.09765625
08:01:13,91282CLP4,TSRYS5893514,D,S,C,2024-10-21,1000000.00,3.987081,99.09765625
08:01:13,91282CLP4,TSRYS5893514,D,S,D,2024-10-21,4000000.00,3.988143,99.095703125
08:01:13,91282CLP4,TSRYS5893514,D,S,C,2024-10-21,4000000.00,3.987081,99.09765625
08:01:13,91282CLP4,TSRYS5893514,D,S,D,2024-10-21,1000000.00,3.988143,99.095703125
08:01:13,91282CLP4,TSRYS5893514,D,S,D,2024-10-21,1000000.00,3.988143,99.095703125
08:01:13,91282CLP4,TSRYS5893514,D,S,C,2024-10-21,1000000.00,3.987081,99.09765625
08:01:13,91282CLP4,TSRYS5893514,D,S,D,2024-10-21,1000000.00,3.987081,99.09765625
08:01:13,91282CLP4,TSRYS5893514,D,S,C,2024-10-21,1000000.00,3.988143,99.095703125
08:01:13,91282CLP4,TSRYS5893514,D,S,D,2024-10-21,2000000.00,3.987081,99.09765625
08:01:13,91282CLP4,TSRYS5893514,D,S,T,2024-10-21,4000000.00,3.989206,99.09375
08:01:13,91282CLP4,TSRYS5893514,D,S,D,2024-10-21,1000000.00,3.987081,99.09765625
08:01:13,91282CLP4,TSRYS5893514,D,S,C,2024-10-21,1000000.00,3.988143,99.095703125
08:01:13,91282CLP4,TSRYS5893514,D,S,D,2024-10-21,1000000.00,3.987081,99.09765625
08:01:13,91282CLP4,TSRYS5893514,D,S,C,2024-10-21,1000000.00,3.987081,99.09765625
08:01:13,91282CLP4,TSRYS5893514,D,S,D,2024-10-21,2000000.00,3.987081,99.09765625
08:01:13,91282CLP4,TSRYS5893514,D,S,D,2024-10-21,2000000.00,3.987081,99.09765625
08:01:13,91282CLP4,TSRYS5893514,D,S,C,2024-10-21,2000000.00,3.989206,99.09375
08:01:13,91282CLP4,TSRYS5893514,D,S,C,2024-10-21,1000000.00,3.988143,99.095703125
08:01:13,91282CLP4,TSRYS5893514,D,S,T,2024-10-21,1000000.00,3.989206,99.09375
08:01:13,91282CLP4,TSRYS5893514,D,S,C,2024-10-21,1000000.00,3.989206,99.09375
08:01:13,91282CLP4,TSRYS5893514,D,S,C,2024-10-21,4000000.00,3.989206,99.09375
08:01:13,91282CLP4,TSRYS5893514,D,S,C,2024-10-21,2000000.00,3.989206,99.09375
08:01:13,91282CLP4,TSRYS5893514,D,S,D,2024-10-21,1000000.00,3.984956,99.1015625
08:01:13,91282CLP4,TSRYS5893514,D,S,C,2024-10-21,1000000.00,3.989206,99.09375
08:01:13,91282CLP4,TSRYS5893514,D,S,C,2024-10-21,1000000.00,3.989206,99.09375
08:01:13,91282CLP4,TSRYS5893514,D,S,D,2024-10-21,1000000.00,3.983894,99.103515625
08:01:13,91282CLP4,TSRYS5893514,D,B,C,2024-10-21,1000000.00,3.983894,99.103515625
08:01:13,91282CLP4,TSRYS5893514,D,B,C,2024-10-21,1000000.00,3.983894,99.103515625
08:01:13,91282CLP4,TSRYS5893514,D,S,D,2024-10-21,2000000.00,3.984956,99.1015625
08:01:13,91282CLP4,TSRYS5893514,D,B,C,2024-10-21,1000000.00,3.983894,99.103515625
08:01:13,91282CLP4,TSRYS5893514,D,B,C,2024-10-21,2000000.00,3.983894,99.103515625
08:01:13,91282CLP4,TSRYS5893514,D,B,C,2024-10-21,1000000.00,3.984956,99.1015625
08:01:13,91282CLP4,TSRYS5893514,D,B,C,2024-10-21,2000000.00,3.984956,99.1015625
08:01:13,91282CLP4,TSRYS5893514,D,S,T,2024-10-21,1000000.00,3.989206,99.09375
08:01:13,91282CLP4,TSRYS5893514,D,S,D,2024-10-21,1000000.00,3.983894,99.103515625
08:01:13,91282CLP4,TSRYS5893514,D,S,T,2024-10-21,1000000.00,3.989206,99.09375
08:01:13,91282CLP4,TSRYS5893514,D,S,D,2024-10-21,2000000.00,3.983894,99.103515625
08:01:13,91282CLP4,TSRYS5893514,D,B,C,2024-10-21,2000000.00,3.983894,99.103515625
08:01:13,91282CLP4,TSRYS5893514,D,S,D,2024-10-21,1000000.00,3.983894,99.103515625
08:01:13,91282CLP4,TSRYS5893514,D,S,C,2024-10-21,1000000.00,3.983894,99.103515625
08:01:13,91282CLP4,TSRYS5893514,D,S,C,2024-10-21,2000000.00,3.983894,99.103515625
08:01:13,91282CLP4,TSRYS5893514,D,S,D,2024-10-21,1826000.00,3.986019,99.09960938
08:01:13,91282CLP4,TSRYS5893514,D,S,D,2024-10-21,295000.00,3.986182,99.09930938
08:01:14,91282CLP4,TSRYS5893514,D,S,T,2024-10-21,2000000.00,3.987081,99.09765625
08:01:15,91282CLP4,TSRYS5893514,D,S,D,2024-10-21,2000000.00,3.954162,99.15820312
08:01:16,91282CLP4,TSRYS5893514,D,S,C,2024-10-21,7200000.00,3.989206,99.09375
08:01:16,91282CLP4,TSRYS5893514,D,S,C,2024-10-21,1000000.00,3.989206,99.09375
08:01:16,91282CLP4,TSRYS5893514,D,B,C,2024-10-21,1000000.00,3.988143,99.095703125
08:01:16,91282CLP4,TSRYS5893514,D,B,C,2024-10-21,1000000.00,3.988143,99.095703125
08:01:16,91282CLP4,TSRYS5893514,D,S,D,2024-10-21,1000000.00,3.988143,99.095703125
08:01:16,91282CLP4,TSRYS5893514,D,S,D,2024-10-21,1000000.00,3.988143,99.095703125
08:01:16,91282CLP4,TSRYS5893514,D,S,D,2024-10-21,1000000.00,3.988143,99.095703125
08:01:16,91282CLP4,TSRYS5893514,D,B,C,2024-10-21,1000000.00,3.988143,99.095703125
08:01:16,91282CLP4,TSRYS5893514,D,S,D,2024-10-21,1000000.00,3.986019,99.099609375
08:01:16,91282CLP4,TSRYS5893514,D,S,T,2024-10-21,1000000.00,3.954162,99.15820312
08:01:17,91282CLP4,TSRYS5893514,D,S,D,2024-10-21,2000000.00,3.954162,99.15820312
08:01:18,91282CLP4,TSRYS5893514,D,S,T,2024-10-21,1000000.00,3.954162,99.15820312
08:01:19,91282CLP4,TSRYS5893514,D,S,T,2024-10-21,1000000.00,3.954162,99.15820312
08:01:19,91282CLP4,TSRYS5893514,D,S,T,2024-10-21,3000000.00,3.967964,99.1328125
08:01:19,91282CLP4,TSRYS5893514,D,S,T,2024-10-21,3000000.00,3.967964,99.1328125
08:01:19,91282CLP4,TSRYS5893514,D,S,T,2024-10-21,1000000.00,3.960532,99.146484375
08:01:19,91282CLP4,TSRYS5893514,D,S,T,2024-10-21,2000000.00,3.954162,99.158203125
08:01:20,91282CLP4,TSRYS5893514,D,S,T,2024-10-21,1000000.00,3.954162,99.158203125
08:01:20,91282CLP4,TSRYS5893514,D,S,T,2024-10-21,2000000.00,3.982832,99.10546875
08:01:20,91282CLP4,TSRYS5893514,D,S,T,2024-10-21,2000000.00,3.982832,99.10546875
08:01:20,91282CLP4,TSRYS5893514,D,S,T,2024-10-21,3000000.00,3.986019,99.099609375
08:01:20,91282CLP4,TSRYS5893514,D,S,T,2024-10-21,3000000.00,3.986019,99.099609375
08:01:20,91282CLP4,TSRYS5893514,D,S,T,2024-10-21,1000000.00,3.988143,99.095703125
08:01:20,91282CLP4,TSRYS5893514,D,S,D,2024-10-21,1000000.00,3.967964,99.1328125
08:01:20,91282CLP4,TSRYS5893514,D,S,T,2024-10-21,1000000.00,3.968073,99.1326125
08:01:21,91282CLP4,TSRYS5893514,D,S,T,2024-10-21,1000000.00,3.990268,99.091796875
08:01:21,91282CLP4,TSRYS5893514,D,B,A,2024-10-21,803000.00,3.987081,99.09765625
08:01:21,91282CLP4,TSRYS5893514,D,S,D,2024-10-21,803000.00,3.987081,99.09765625
08:01:21,91282CLP4,TSRYS5893514,D,B,A,2024-10-21,1000000.00,3.989838,99.09375
08:01:21,91282CLP4,TSRYS5893514,D,S,C,2024-10-21,1000000.00,3.989838,99.09375
08:01:22,91282CLP4,TSRYS5893514,D,S,D,2024-10-21,1000000.00,3.984956,99.1015625
08:01:22,91282CLP4,TSRYS5893514,D,S,T,2024-10-21,1000000.00,3.987205,99.097429
08:01:22,91282CLP4,TSRYS5893514,D,S,T,2024-10-21,1000000.00,3.987205,99.097429
08:01:22,91282CLP4,TSRYS5893514,D,S,T,2024-10-21,1000000.00,3.987205,99.097429
08:01:22,91282CLP4,TSRYS5893514,D,S,T,2024-10-21,2000000.00,3.987205,99.097429
08:01:22,91282CLP4,TSRYS5893514,D,S,D,2024-10-21,1000000.00,3.954162,99.15820312
08:01:23,91282CLP4,TSRYS5893514,D,S,T,2024-10-21,3000000.00,3.984956,99.1015625
08:01:23,91282CLP4,TSRYS5893514,D,S,T,2024-10-21,1000000.00,3.984956,99.1015625
08:01:23,91282CLP4,TSRYS5893514,D,S,T,2024-10-21,1000000.00,3.984956,99.1015625
08:01:23,91282CLP4,TSRYS5893514,D,S,T,2024-10-21,2000000.00,3.984956,99.1015625
08:01:23,91282CLP4,TSRYS5893514,D,S,T,2024-10-21,1000000.00,3.984956,99.1015625
08:01:23,91282CLP4,TSRYS5893514,D,S,T,2024-10-21,1000000.00,3.984956,99.1015625
08:01:23,91282CLP4,TSRYS5893514,D,S,T,2024-10-21,1000000.00,3.984956,99.1015625
08:01:23,91282CLP4,TSRYS5893514,D,S,T,2024-10-21,1000000.00,3.984956,99.1015625
08:01:23,91282CLP4,TSRYS5893514,D,S,T,2024-10-21,3000000.00,3.984956,99.1015625
08:01:23,91282CLP4,TSRYS5893514,D,S,T,2024-10-21,1000000.00,3.984956,99.1015625
08:01:23,91282CLP4,TSRYS5893514,D,S,T,2024-10-21,1000000.00,3.985012,99.1014605
08:01:23,91282CLP4,TSRYS5893514,D,S,T,2024-10-21,1000000.00,3.985012,99.1014605
08:01:23,91282CLP4,TSRYS5893514,D,S,T,2024-10-21,4000000.00,3.985012,99.1014605
08:01:23,91282CLP4,TSRYS5893514,D,S,T,2024-10-21,2000000.00,3.985012,99.1014605
08:01:23,91282CLP4,TSRYS5893514,D,S,T,2024-10-21,1000000.00,3.985012,99.1014605
08:01:23,91282CLP4,TSRYS5893514,D,S,T,2024-10-21,1000000.00,3.985012,99.1014605
08:01:23,91282CLP4,TSRYS5893514,D,S,D,2024-10-21,1000000.00,3.989206,99.09375
08:01:23,91282CLP4,TSRYS5893514,D,S,D,2024-10-21,4000000.00,3.989206,99.09375
08:01:23,91282CLP4,TSRYS5893514,D,S,T,2024-10-21,2000000.00,3.989206,99.09375
08:01:25,91282CLP4,TSRYS5893514,D,S,T,2024-10-21,2000000.00,3.954162,99.15820312
08:01:25,91282CLP4,TSRYS5893514,D,S,T,2024-10-21,3000000.00,3.989206,99.09375
08:01:25,91282CLP4,TSRYS5893514,D,B,C,2024-10-21,1000000.00,3.962655,99.14257812
08:01:25,91282CLP4,TSRYS5893514,D,S,D,2024-10-21,1000000.00,3.967964,99.1328125
08:01:26,91282CLP4,TSRYS5893514,D,S,T,2024-10-21,1000000.00,3.968073,99.1326125
08:01:26,91282CLP4,TSRYS5893514,D,S,T,2024-10-21,3000000.00,3.964779,99.13867187
08:01:26,91282CLP4,TSRYS5893514,D,S,T,2024-10-21,3000000.00,3.964779,99.13867187
08:01:26,91282CLP4,TSRYS5893514,D,B,C,2024-10-21,1000000.00,3.95947,99.1484375
08:01:26,91282CLP4,TSRYS5893514,D,S,T,2024-10-21,1000000.00,3.967964,99.1328125
08:01:26,91282CLP4,TSRYS5893514,D,S,D,2024-10-21,3000000.00,3.967964,99.1328125
08:01:26,91282CLP4,TSRYS5893514,D,S,T,2024-10-21,1000000.00,3.968073,99.1326125
08:01:27,91282CLP4,TSRYS5893514,D,S,T,2024-10-21,1000000.00,3.967964,99.1328125
08:01:27,91282CLP4,TSRYS5893514,D,S,T,2024-10-21,4000000.00,3.964779,99.13867187
08:01:27,91282CLP4,TSRYS5893514,D,S,T,2024-10-21,2000000.00,3.964779,99.13867187
08:01:27,91282CLP4,TSRYS5893514,D,S,D,2024-10-21,2000000.00,3.967964,99.1328125
08:01:27,91282CLP4,TSRYS5893514,D,S,D,2024-10-21,1000000.00,3.989206,99.09375
08:01:27,91282CLP4,TSRYS5893514,D,S,T,2024-10-21,1000000.00,3.964779,99.13867187
08:01:27,91282CLP4,TSRYS5893514,D,S,T,2024-10-21,1000000.00,3.964779,99.13867187
08:01:28,91282CLP4,TSRYS5893514,D,B,A,2024-10-21,30000000.00,3.950978,99.1640625
08:01:28,91282CLP4,TSRYS5893514,D,S,T,2024-10-21,1000000.00,3.94891,99.16786875
08:01:28,91282CLP4,TSRYS5893514,D,S,D,2024-10-21,1000000.00,3.989206,99.09375
08:01:28,91282CLP4,TSRYS5893514,D,S,T,2024-10-21,1000000.00,3.94891,99.16786875
08:01:28,91282CLP4,TSRYS5893514,D,S,T,2024-10-21,1000000.00,3.948855,99.16796875
08:01:28,91282CLP4,TSRYS5893514,D,S,D,2024-10-21,1000000.00,3.964779,99.13867187
08:01:28,91282CLP4,TSRYS5893514,D,S,T,2024-10-21,3000000.00,3.948855,99.16796875
08:01:28,91282CLP4,TSRYS5893514,D,S,T,2024-10-21,4000000.00,3.964779,99.13867187
08:01:28,91282CLP4,TSRYS5893514,D,S,D,2024-10-21,4000000.00,3.964779,99.13867187
08:01:28,91282CLP4,TSRYS5893514,D,S,T,2024-10-21,3000000.00,3.948855,99.16796875
08:01:28,91282CLP4,TSRYS5893514,D,S,T,2024-10-21,3000000.00,3.948855,99.16796875
08:01:28,91282CLP4,TSRYS5893514,D,S,T,2024-10-21,1000000.00,3.94891,99.16786875
08:01:28,91282CLP4,TSRYS5893514,D,S,T,2024-10-21,1000000.00,3.989206,99.09375
08:01:28,91282CLP4,TSRYS5893514,D,S,T,2024-10-21,1000000.00,3.989206,99.09375
08:01:28,91282CLP4,TSRYS5893514,D,S,T,2024-10-21,9000000.00,3.989206,99.09375
08:01:28,91282CLP4,TSRYS5893514,D,S,T,2024-10-21,1000000.00,3.989206,99.09375
08:01:28,91282CLP4,TSRYS5893514,D,S,T,2024-10-21,1000000.00,3.94891,99.16786875
08:01:28,91282CLP4,TSRYS5893514,D,S,T,2024-10-21,2000000.00,3.94891,99.16786875
08:01:28,91282CLP4,TSRYS5893514,D,S,T,2024-10-21,1000000.00,3.948855,99.16796875
08:01:28,91282CLP4,TSRYS5893514,D,S,T,2024-10-21,1000000.00,3.948855,99.16796875
08:01:28,91282CLP4,TSRYS5893514,D,S,T,2024-10-21,1000000.00,3.989206,99.09375
08:01:28,91282CLP4,TSRYS5893514,D,S,T,2024-10-21,1000000.00,3.948855,99.16796875
08:01:28,91282CLP4,TSRYS5893514,D,S,T,2024-10-21,1000000.00,3.957415,99.15221875
08:01:28,91282CLP4,TSRYS5893514,D,S,T,2024-10-21,1000000.00,3.957415,99.15221875
08:01:28,91282CLP4,TSRYS5893514,D,S,T,2024-10-21,1000000.00,3.948855,99.16796875
08:01:28,91282CLP4,TSRYS5893514,D,S,T,2024-10-21,3000000.00,3.967964,99.1328125
08:01:28,91282CLP4,TSRYS5893514,D,S,D,2024-10-21,3000000.00,3.967964,99.1328125
08:01:28,91282CLP4,TSRYS5893514,D,S,T,2024-10-21,2000000.00,3.967964,99.1328125
08:01:29,91282CLP4,TSRYS5893514,D,S,D,2024-10-21,1000000.00,3.967964,99.1328125
08:01:29,91282CLP4,TSRYS5893514,D,S,T,2024-10-21,1000000.00,3.957415,99.15221875
08:01:29,91282CLP4,TSRYS5893514,D,S,T,2024-10-21,2000000.00,3.957415,99.15221875
08:01:29,91282CLP4,TSRYS5893514,D,S,T,2024-10-21,1000000.00,3.957415,99.15221875
08:01:29,91282CLP4,TSRYS5893514,D,S,T,2024-10-21,1000000.00,3.957415,99.15221875
08:01:29,91282CLP4,TSRYS5893514,D,S,T,2024-10-21,7000000.00,3.967964,99.1328125
08:01:29,91282CLP4,TSRYS5893514,D,S,T,2024-10-21,1000000.00,3.968073,99.1326125
08:01:29,91282CLP4,TSRYS5893514,D,B,C,2024-10-21,41000000.00,3.962931,99.14207
08:01:29,91282CLP4,TSRYS5893514,D,S,D,2024-10-21,1000000.00,3.967964,99.1328125
08:01:29,91282CLP4,TSRYS5893514,D,S,T,2024-10-21,2000000.00,3.968073,99.1326125
08:01:29,91282CLP4,TSRYS5893514,D,S,T,2024-10-21,2000000.00,3.957415,99.15221875
08:01:29,91282CLP4,TSRYS5893514,D,S,D,2024-10-21,1000000.00,3.967964,99.1328125
08:01:29,91282CLP4,TSRYS5893514,D,S,D,2024-10-21,1000000.00,3.967964,99.1328125
08:01:29,91282CLP4,TSRYS5893514,D,S,T,2024-10-21,1000000.00,3.967964,99.1328125
08:01:29,91282CLP4,TSRYS5893514,D,S,T,2024-10-21,3000000.00,3.989206,99.09375
08:01:29,91282CLP4,TSRYS5893514,D,S,T,2024-10-21,1000000.00,3.957415,99.15221875
08:01:29,91282CLP4,TSRYS5893514,D,S,T,2024-10-21,2000000.00,3.989206,99.09375
08:01:29,91282CLP4,TSRYS5893514,D,S,C,2024-10-21,3000000.00,3.957347,99.15234375
08:01:29,91282CLP4,TSRYS5893514,D,S,C,2024-10-21,1000000.00,3.957347,99.15234375
08:01:29,91282CLP4,TSRYS5893514,D,S,D,2024-10-21,1000000.00,3.958409,99.150390625
08:01:29,91282CLP4,TSRYS5893514,D,B,C,2024-10-21,1000000.00,3.958409,99.150390625
08:01:29,91282CLP4,TSRYS5893514,D,S,A,2024-10-21,8000000.00,3.95947,99.1484375
08:01:30,91282CLP4,TSRYS5893514,D,S,D,2024-10-21,1000000.00,3.960532,99.146484375
08:01:31,91282CLP4,TSRYS5893514,D,S,T,2024-10-21,1000000.00,3.96584,99.13671875
08:01:31,91282CLP4,TSRYS5893514,D,S,D,2024-10-21,3000000.00,3.956285,99.154296875
08:01:31,91282CLP4,TSRYS5893514,D,S,T,2024-10-21,3000000.00,3.96584,99.13671875
08:01:31,91282CLP4,TSRYS5893514,D,S,T,2024-10-21,4000000.00,3.96584,99.13671875
08:01:31,91282CLP4,TSRYS5893514,D,S,D,2024-10-21,2000000.00,3.956285,99.154296875
08:01:31,91282CLP4,TSRYS5893514,D,S,D,2024-10-21,2000000.00,3.954162,99.158203125
08:01:31,91282CLP4,TSRYS5893514,D,S,D,2024-10-21,1000000.00,3.954162,99.158203125
08:01:31,91282CLP4,TSRYS5893514,D,S,D,2024-10-21,1000000.00,3.954162,99.158203125
08:01:31,91282CLP4,TSRYS5893514,D,S,D,2024-10-21,1000000.00,3.954162,99.158203125
08:01:31,91282CLP4,TSRYS5893514,D,B,C,2024-10-21,41000000.00,3.967422,99.13381
08:01:33,91282CLP4,TSRYS5893514,D,S,T,2024-10-21,2000000.00,3.972211,99.125
08:01:33,91282CLP4,TSRYS5893514,D,S,T,2024-10-21,2000000.00,3.972211,99.125
08:01:33,91282CLP4,TSRYS5893514,D,S,T,2024-10-21,1000000.00,3.97232,99.1248
08:01:33,91282CLP4,TSRYS5893514,D,S,T,2024-10-21,1000000.00,3.97232,99.1248
08:01:33,91282CLP4,TSRYS5893514,D,S,T,2024-10-21,2000000.00,3.972211,99.125
08:01:34,91282CLP4,TSRYS5893514,D,S,T,2024-10-21,3000000.00,3.971149,99.12695312
08:01:34,91282CLP4,TSRYS5893514,D,S,T,2024-10-21,3000000.00,3.971149,99.12695312
08:01:34,91282CLP4,TSRYS5893514,D,S,D,2024-10-21,2000000.00,3.971149,99.12695312
08:01:34,91282CLP4,TSRYS5893514,D,S,T,2024-10-21,3000000.00,3.971149,99.12695312
08:01:34,91282CLP4,TSRYS5893514,D,S,T,2024-10-21,3000000.00,3.971149,99.12695312
08:01:34,91282CLP4,TSRYS5893514,D,S,T,2024-10-21,2000000.00,3.972211,99.125
08:01:34,91282CLP4,TSRYS5893514,D,B,C,2024-10-21,41000000.00,3.971901,99.12557
08:01:34,91282CLP4,TSRYS5893514,D,S,T,2024-10-21,3000000.00,3.972211,99.125
08:01:35,91282CLP4,TSRYS5893514,D,S,C,2024-10-21,2000000.00,3.972211,99.125
08:01:35,91282CLP4,TSRYS5893514,D,S,D,2024-10-21,2000000.00,3.972211,99.125
08:01:35,91282CLP4,TSRYS5893514,D,S,C,2024-10-21,8000000.00,3.972211,99.125
08:01:35,91282CLP4,TSRYS5893514,D,S,T,2024-10-21,2000000.00,3.972211,99.125
08:01:35,91282CLP4,TSRYS5893514,D,S,T,2024-10-21,11000000.00,3.982832,99.10546875
08:01:35,91282CLP4,TSRYS5893514,D,S,T,2024-10-21,11000000.00,3.984956,99.1015625
08:01:35,91282CLP4,TSRYS5893514,D,S,T,2024-10-21,1000000.00,3.982859,99.10541875
08:01:36,91282CLP4,TSRYS5893514,D,S,T,2024-10-21,2000000.00,3.95947,99.1484375
08:01:36,91282CLP4,TSRYS5893514,D,S,A,2024-10-21,1754000.00,3.957347,99.15234375
08:01:36,91282CLP4,TSRYS5893514,D,S,A,2024-10-21,902000.00,3.984956,99.1015625
08:01:36,91282CLP4,TSRYS5893514,D,B,A,2024-10-21,3833000.00,3.953101,99.16015625
08:01:36,91282CLP4,TSRYS5893514,D,S,A,2024-10-21,1000000.00,3.984956,99.1015625
08:01:36,91282CLP4,TSRYS5893514,D,S,D,2024-10-21,2000000.00,3.954162,99.158203125
08:01:36,91282CLP4,TSRYS5893514,D,S,D,2024-10-21,1000000.00,3.954162,99.158203125
08:01:36,91282CLP4,TSRYS5893514,D,S,D,2024-10-21,2000000.00,3.957347,99.15234375
08:01:36,91282CLP4,TSRYS5893514,D,S,D,2024-10-21,1000000.00,3.957347,99.15234375
08:01:36,91282CLP4,TSRYS5893514,D,S,D,2024-10-21,2000000.00,3.957347,99.15234375
08:01:36,91282CLP4,TSRYS5893514,D,S,D,2024-10-21,2000000.00,3.957347,99.15234375
08:01:37,91282CLP4,TSRYS5893514,D,S,D,2024-10-21,1000000.00,3.958409,99.150390625
08:01:37,91282CLP4,TSRYS5893514,D,S,D,2024-10-21,2000000.00,3.95947,99.1484375
08:01:37,91282CLP4,TSRYS5893514,D,S,D,2024-10-21,2000000.00,3.95947,99.1484375
08:01:37,91282CLP4,TSRYS5893514,D,S,C,2024-10-21,10000000.00,3.95947,99.1484375
08:01:37,91282CLP4,TSRYS5893514,D,S,D,2024-10-21,3000000.00,3.95947,99.1484375
08:01:37,91282CLP4,TSRYS5893514,D,S,D,2024-10-21,1000000.00,3.95947,99.1484375
08:01:37,91282CLP4,TSRYS5893514,D,S,D,2024-10-21,2000000.00,3.95947,99.1484375
08:01:37,91282CLP4,TSRYS5893514,D,S,D,2024-10-21,1000000.00,3.958409,99.150390625
08:01:37,91282CLP4,TSRYS5893514,D,S,T,2024-10-21,2000000.00,3.957347,99.15234375
08:01:37,91282CLP4,TSRYS5893514,D,S,D,2024-10-21,1000000.00,3.958409,99.150390625
08:01:37,91282CLP4,TSRYS5893514,D,S,D,2024-10-21,1000000.00,3.958409,99.150390625
08:01:37,91282CLP4,TSRYS5893514,D,S,D,2024-10-21,1000000.00,3.958409,99.150390625
08:01:37,91282CLP4,TSRYS5893514,D,S,A,2024-10-21,97800.00,3.953101,99.16015625
08:01:37,91282CLP4,TSRYS5893514,D,S,A,2024-10-21,48900.00,3.953101,99.16015625
08:01:38,91282CLP4,TSRYS5893514,D,S,D,2024-10-21,2000000.00,3.95947,99.1484375
08:01:38,91282CLP4,TSRYS5893514,D,B,C,2024-10-21,1000000.00,3.975397,99.11914062
08:01:38,91282CLP4,TSRYS5893514,D,B,C,2024-10-21,1000000.00,3.975397,99.11914062
08:01:38,91282CLP4,TSRYS5893514,D,S,D,2024-10-21,1000000.00,3.961593,99.14453125
08:01:38,91282CLP4,TSRYS5893514,D,S,A,2024-10-21,168500.00,3.953101,99.16015625
08:01:39,91282CLP4,TSRYS5893514,D,S,D,2024-10-21,3000000.00,3.964779,99.138671875
08:01:39,91282CLP4,TSRYS5893514,D,S,D,2024-10-21,3000000.00,3.964779,99.138671875
08:01:39,91282CLP4,TSRYS5893514,D,S,D,2024-10-21,4000000.00,3.964779,99.138671875
08:01:39,91282CLP4,TSRYS5893514,D,S,D,2024-10-21,2000000.00,3.964779,99.138671875
08:01:39,91282CLP4,TSRYS5893514,D,S,D,2024-10-21,1000000.00,3.964779,99.138671875
08:01:39,91282CLP4,TSRYS5893514,D,S,D,2024-10-21,1000000.00,3.964779,99.138671875
08:01:39,91282CLP4,TSRYS5893514,D,S,D,2024-10-21,4000000.00,3.964779,99.138671875
08:01:39,91282CLP4,TSRYS5893514,D,S,D,2024-10-21,7000000.00,3.967964,99.1328125
08:01:39,91282CLP4,TSRYS5893514,D,B,C,2024-10-21,1000000.00,3.977521,99.11523437
