tradeTime,cusip,issueSymbolIdentifier,priceType,reportingSideCode,contraPartyTypeCode,tradeDate,reportedTradeVolume,lastSaleYield,lastSalePrice
08:00:03,91282CKY6,TSRYS5833261,D,S,D,2024-07-22,4000000.00,4.507489,100.212890625
08:00:03,91282CKY6,TSRYS5833261,D,S,T,2024-07-22,1000000.00,4.507489,100.212890625
08:00:03,91282CKY6,TSRYS5833261,D,S,T,2024-07-22,3000000.00,4.507489,100.212890625
08:00:03,91282CKY6,TSRYS5833261,D,S,T,2024-07-22,1000000.00,4.507489,100.212890625
08:00:03,91282CKY6,TSRYS5833261,D,S,T,2024-07-22,1000000.00,4.507489,100.212890625
08:00:03,91282CKY6,TSRYS5833261,D,S,T,2024-07-22,3000000.00,4.507489,100.212890625
08:00:03,91282CKY6,TSRYS5833261,D,S,T,2024-07-22,1000000.00,4.507489,100.212890625
08:00:03,91282CKY6,TSRYS5833261,D,S,T,2024-07-22,3000000.00,4.507489,100.212890625
08:00:03,91282CKY6,TSRYS5833261,D,S,T,2024-07-22,1000000.00,4.507489,100.212890625
08:00:03,91282CKY6,TSRYS5833261,D,S,T,2024-07-22,1000000.00,4.507489,100.212890625
08:00:03,91282CKY6,TSRYS5833261,D,S,T,2024-07-22,3000000.00,4.507489,100.212890625
08:00:03,91282CKY6,TSRYS5833261,D,S,T,2024-07-22,1000000.00,4.507489,100.212890625
08:00:03,91282CKY6,TSRYS5833261,D,S,T,2024-07-22,1000000.00,4.507489,100.212890625
08:00:03,91282CKY6,TSRYS5833261,D,S,T,2024-07-22,3000000.00,4.507489,100.212890625
08:00:03,91282CKY6,TSRYS5833261,D,S,T,2024-07-22,1000000.00,4.507489,100.212890625
08:00:03,91282CKY6,TSRYS5833261,D,S,T,2024-07-22,2000000.00,4.507489,100.212890625
08:00:03,91282CKY6,TSRYS5833261,D,S,D,2024-07-22,1000000.00,4.507489,100.212890625
08:00:03,91282CKY6,TSRYS5833261,D,S,D,2024-07-22,1000000.00,4.507489,100.212890625
08:00:03,91282CKY6,TSRYS5833261,D,S,D,2024-07-22,2000000.00,4.506427,100.21484375
08:00:04,91282CKY6,TSRYS5833261,D,S,T,2024-07-22,1000000.00,4.504303,100.21875
08:00:04,91282CKY6,TSRYS5833261,D,S,T,2024-07-22,1000000.00,4.504303,100.21875
08:00:04,91282CKY6,TSRYS5833261,D,S,T,2024-07-22,1000000.00,4.504303,100.21875
08:00:04,91282CKY6,TSRYS5833261,D,S,T,2024-07-22,1000000.00,4.504303,100.21875
08:00:04,91282CKY6,TSRYS5833261,D,S,D,2024-07-22,1000000.00,4.504303,100.21875
08:00:04,91282CKY6,TSRYS5833261,D,S,D,2024-07-22,3000000.00,4.504303,100.21875
08:00:04,91282CKY6,TSRYS5833261,D,S,D,2024-07-22,1000000.00,4.513863,100.201171875
08:00:04,91282CKY6,TSRYS5833261,D,S,D,2024-07-22,1000000.00,4.523425,100.18359375
08:00:04,91282CKY6,TSRYS5833261,D,S,T,2024-07-22,3000000.00,4.523425,100.18359375
08:00:04,91282CKY6,TSRYS5833261,D,S,C,2024-07-22,4000000.00,4.515988,100.197265625
08:00:04,91282CKY6,TSRYS5833261,D,S,C,2024-07-22,4000000.00,4.515988,100.197265625
08:00:04,91282CKY6,TSRYS5833261,D,S,C,2024-07-22,4000000.00,4.515988,100.197265625
08:00:04,91282CKY6,TSRYS5833261,D,S,C,2024-07-22,1000000.00,4.515988,100.197265625
08:00:04,91282CKY6,TSRYS5833261,D,S,T,2024-07-22,1000000.00,4.51705,100.1953125
08:00:04,91282CKY6,TSRYS5833261,D,S,T,2024-07-22,4000000.00,4.51705,100.1953125
08:00:04,91282CKY6,TSRYS5833261,D,S,T,2024-07-22,1000000.00,4.51705,100.1953125
08:00:04,91282CKY6,TSRYS5833261,D,S,T,2024-07-22,2000000.00,4.51705,100.1953125
08:00:04,91282CKY6,TSRYS5833261,D,S,C,2024-07-22,4000000.00,4.51705,100.1953125
08:00:04,91282CKY6,TSRYS5833261,D,S,C,2024-07-22,1000000.00,4.51705,100.1953125
08:00:04,91282CKY6,TSRYS5833261,D,S,C,2024-07-22,2000000.00,4.51705,100.1953125
08:00:05,91282CKY6,TSRYS5833261,D,S,T,2024-07-22,1000000.00,4.49793,100.23046875
08:00:07,91282CKY6,TSRYS5833261,D,S,A,2024-07-22,1270000.00,4.519175,100.19140625
08:00:07,91282CKY6,TSRYS5833261,D,B,A,2024-07-22,1000000.00,4.51705,100.1953125
08:00:08,91282CKY6,TSRYS5833261,D,S,A,2024-07-22,2176000.00,4.504303,100.21875
08:00:08,91282CKY6,TSRYS5833261,D,B,A,2024-07-22,716000.00,4.506427,100.21484375
08:00:11,91282CKY6,TSRYS5833261,D,S,T,2024-07-22,1000000.00,4.509614,100.208984375
08:00:11,91282CKY6,TSRYS5833261,D,S,T,2024-07-22,1000000.00,4.508551,100.2109375
08:00:11,91282CKY6,TSRYS5833261,D,S,D,2024-07-22,1000000.00,4.507489,100.212890625
08:00:11,91282CKY6,TSRYS5833261,D,S,D,2024-07-22,1000000.00,4.507489,100.212890625
08:00:11,91282CKY6,TSRYS5833261,D,S,D,2024-07-22,1000000.00,4.507489,100.212890625
08:00:11,91282CKY6,TSRYS5833261,D,S,D,2024-07-22,1000000.00,4.507489,100.212890625
08:00:11,91282CKY6,TSRYS5833261,D,S,D,2024-07-22,1000000.00,4.507489,100.212890625
08:00:11,91282CKY6,TSRYS5833261,D,S,D,2024-07-22,1000000.00,4.507489,100.212890625
08:00:11,91282CKY6,TSRYS5833261,D,S,D,2024-07-22,1000000.00,4.507489,100.212890625
08:00:11,91282CKY6,TSRYS5833261,D,S,D,2024-07-22,1000000.00,4.507489,100.212890625
08:00:11,91282CKY6,TSRYS5833261,D,S,D,2024-07-22,1000000.00,4.507489,100.212890625
08:00:11,91282CKY6,TSRYS5833261,D,S,D,2024-07-22,1000000.00,4.507489,100.212890625
08:00:11,91282CKY6,TSRYS5833261,D,S,D,2024-07-22,1000000.00,4.507489,100.212890625
08:00:11,91282CKY6,TSRYS5833261,D,S,D,2024-07-22,1000000.00,4.507489,100.212890625
08:00:11,91282CKY6,TSRYS5833261,D,S,D,2024-07-22,1000000.00,4.507489,100.212890625
08:00:11,91282CKY6,TSRYS5833261,D,S,T,2024-07-22,1000000.00,4.507489,100.212890625
08:00:11,91282CKY6,TSRYS5833261,D,S,T,2024-07-22,1000000.00,4.507489,100.212890625
08:00:11,91282CKY6,TSRYS5833261,D,S,D,2024-07-22,1000000.00,4.507489,100.212890625
08:00:11,91282CKY6,TSRYS5833261,D,S,D,2024-07-22,1000000.00,4.507489,100.212890625
08:00:11,91282CKY6,TSRYS5833261,D,S,D,2024-07-22,1000000.00,4.507489,100.212890625
08:00:11,91282CKY6,TSRYS5833261,D,S,T,2024-07-22,1000000.00,4.504303,100.21875
08:00:11,91282CKY6,TSRYS5833261,D,S,T,2024-07-22,1000000.00,4.504303,100.21875
08:00:11,91282CKY6,TSRYS5833261,D,S,D,2024-07-22,1000000.00,4.506427,100.21484375
08:00:11,91282CKY6,TSRYS5833261,D,S,T,2024-07-22,4000000.00,4.502178,100.22265625
08:00:11,91282CKY6,TSRYS5833261,D,S,D,2024-07-22,1000000.00,4.495806,100.234375
08:00:11,91282CKY6,TSRYS5833261,D,S,T,2024-07-22,1000000.00,4.495806,100.234375
08:00:11,91282CKY6,TSRYS5833261,D,S,T,2024-07-22,1000000.00,4.496868,100.232421875
08:00:11,91282CKY6,TSRYS5833261,D,S,T,2024-07-22,1000000.00,4.495806,100.234375
08:00:11,91282CKY6,TSRYS5833261,D,S,T,2024-07-22,1000000.00,4.496868,100.232421875
08:00:11,91282CKY6,TSRYS5833261,D,S,T,2024-07-22,1000000.00,4.496868,100.232421875
08:00:11,91282CKY6,TSRYS5833261,D,S,T,2024-07-22,1000000.00,4.50324,100.220703125
08:00:11,91282CKY6,TSRYS5833261,D,S,T,2024-07-22,1000000.00,4.50324,100.220703125
08:00:11,91282CKY6,TSRYS5833261,D,S,D,2024-07-22,3000000.00,4.507489,100.212890625
08:00:11,91282CKY6,TSRYS5833261,D,S,T,2024-07-22,1000000.00,4.50324,100.220703125
08:00:11,91282CKY6,TSRYS5833261,D,S,T,2024-07-22,1000000.00,4.50324,100.220703125
08:00:11,91282CKY6,TSRYS5833261,D,S,T,2024-07-22,1000000.00,4.504303,100.21875
08:00:11,91282CKY6,TSRYS5833261,D,S,T,2024-07-22,1000000.00,4.504303,100.21875
08:00:11,91282CKY6,TSRYS5833261,D,S,T,2024-07-22,1000000.00,4.504303,100.21875
08:00:11,91282CKY6,TSRYS5833261,D,S,T,2024-07-22,1000000.00,4.504303,100.21875
08:00:11,91282CKY6,TSRYS5833261,D,S,T,2024-07-22,1000000.00,4.504303,100.21875
08:00:11,91282CKY6,TSRYS5833261,D,S,T,2024-07-22,1000000.00,4.504303,100.21875
08:00:11,91282CKY6,TSRYS5833261,D,S,T,2024-07-22,1000000.00,4.504303,100.21875
08:00:12,91282CKY6,TSRYS5833261,D,S,D,2024-07-22,1000000.00,4.508551,100.2109375
08:00:12,91282CKY6,TSRYS5833261,D,S,D,2024-07-22,1000000.00,4.513863,100.201171875
08:00:12,91282CKY6,TSRYS5833261,D,S,D,2024-07-22,1000000.00,4.514925,100.19921875
08:00:12,91282CKY6,TSRYS5833261,D,S,D,2024-07-22,1000000.00,4.513863,100.201171875
08:00:12,91282CKY6,TSRYS5833261,D,S,T,2024-07-22,1000000.00,4.51705,100.1953125
08:00:13,91282CKY6,TSRYS5833261,D,S,D,2024-07-22,1000000.00,4.511738,100.205078125
08:00:13,91282CKY6,TSRYS5833261,D,S,D,2024-07-22,3000000.00,4.518112,100.193359375
08:00:13,91282CKY6,TSRYS5833261,D,S,D,2024-07-22,3000000.00,4.518112,100.193359375
08:00:13,91282CKY6,TSRYS5833261,D,S,D,2024-07-22,3000000.00,4.518112,100.193359375
08:00:14,91282CKY6,TSRYS5833261,D,S,A,2024-07-22,2176000.00,4.504303,100.21875
08:00:14,91282CKY6,TSRYS5833261,D,B,A,2024-07-22,716000.00,4.506427,100.21484375
08:00:14,91282CKY6,TSRYS5833261,D,S,A,2024-07-22,1282000.00,4.506427,100.21484375
08:00:14,91282CKY6,TSRYS5833261,D,S,T,2024-07-22,4000000.00,4.508551,100.2109375
08:00:16,91282CKY6,TSRYS5833261,D,S,D,2024-07-22,1000000.00,4.506427,100.21484375
08:00:16,91282CKY6,TSRYS5833261,D,S,D,2024-07-22,1000000.00,4.506427,100.21484375
08:00:16,91282CKY6,TSRYS5833261,D,S,D,2024-07-22,1000000.00,4.506427,100.21484375
08:00:16,91282CKY6,TSRYS5833261,D,S,D,2024-07-22,2000000.00,4.505365,100.216796875
08:00:16,91282CKY6,TSRYS5833261,D,S,D,2024-07-22,1000000.00,4.504303,100.21875
08:00:16,91282CKY6,TSRYS5833261,D,S,D,2024-07-22,1000000.00,4.504303,100.21875
08:00:16,91282CKY6,TSRYS5833261,D,S,D,2024-07-22,2000000.00,4.504303,100.21875
08:00:17,91282CKY6,TSRYS5833261,D,S,T,2024-07-22,3000000.00,4.504303,100.21875
08:00:17,91282CKY6,TSRYS5833261,D,S,T,2024-07-22,2000000.00,4.504303,100.21875
08:00:17,91282CKY6,TSRYS5833261,D,S,T,2024-07-22,1000000.00,4.504303,100.21875
08:00:18,91282CKY6,TSRYS5833261,D,S,A,2024-07-22,717000.00,4.49793,100.23046875
08:00:18,91282CKY6,TSRYS5833261,D,S,A,2024-07-22,1000000.00,4.502178,100.22265625
08:00:19,91282CKY6,TSRYS5833261,D,B,A,2024-07-22,1000000.00,4.502178,100.22265625
08:00:23,91282CKY6,TSRYS5833261,D,S,D,2024-07-22,2000000.00,4.502178,100.22265625
08:00:23,91282CKY6,TSRYS5833261,D,B,A,2024-07-22,308000.00,4.514925,100.19921875
08:00:23,91282CKY6,TSRYS5833261,D,S,D,2024-07-22,3000000.00,4.50324,100.220703125
08:00:23,91282CKY6,TSRYS5833261,D,S,D,2024-07-22,2000000.00,4.504303,100.21875
08:00:24,91282CKY6,TSRYS5833261,D,S,D,2024-07-22,3000000.00,4.502178,100.22265625
08:00:24,91282CKY6,TSRYS5833261,D,S,D,2024-07-22,1000000.00,4.495806,100.234375
08:00:24,91282CKY6,TSRYS5833261,D,S,D,2024-07-22,2000000.00,4.495806,100.234375
08:00:27,91282CKY6,TSRYS5833261,D,S,D,2024-07-22,3000000.00,4.502178,100.22265625
08:00:27,91282CKY6,TSRYS5833261,D,S,D,2024-07-22,1000000.00,4.502178,100.22265625
08:00:27,91282CKY6,TSRYS5833261,D,S,D,2024-07-22,1000000.00,4.502178,100.22265625
08:00:27,91282CKY6,TSRYS5833261,D,S,D,2024-07-22,5000000.00,4.502178,100.22265625
08:00:27,91282CKY6,TSRYS5833261,D,S,D,2024-07-22,10000000.00,4.502178,100.22265625
08:00:27,91282CKY6,TSRYS5833261,D,S,D,2024-07-22,1000000.00,4.502178,100.22265625
08:00:27,91282CKY6,TSRYS5833261,D,S,D,2024-07-22,3000000.00,4.504303,100.21875
08:00:27,91282CKY6,TSRYS5833261,D,S,A,2024-07-22,1423000.00,4.5128,100.203125
08:00:27,91282CKY6,TSRYS5833261,D,B,A,2024-07-22,2000000.00,4.514925,100.19921875
08:00:28,91282CKY6,TSRYS5833261,D,S,T,2024-07-22,1000000.00,4.515988,100.197265625
08:00:28,91282CKY6,TSRYS5833261,D,S,D,2024-07-22,2000000.00,4.514925,100.19921875
08:00:28,91282CKY6,TSRYS5833261,D,S,D,2024-07-22,3000000.00,4.504303,100.21875
08:00:28,91282CKY6,TSRYS5833261,D,S,D,2024-07-22,2000000.00,4.502178,100.22265625
08:00:28,91282CKY6,TSRYS5833261,D,S,A,2024-07-22,3000000.00,4.519175,100.191406
08:00:28,91282CKY6,TSRYS5833261,D,S,T,2024-07-22,1000000.00,4.502178,100.22265625
08:00:28,91282CKY6,TSRYS5833261,D,S,T,2024-07-22,1000000.00,4.502178,100.22265625
08:00:28,91282CKY6,TSRYS5833261,D,S,T,2024-07-22,1000000.00,4.502178,100.22265625
08:00:28,91282CKY6,TSRYS5833261,D,S,T,2024-07-22,1000000.00,4.504303,100.21875
08:00:28,91282CKY6,TSRYS5833261,D,S,T,2024-07-22,1000000.00,4.518112,100.193359375
09:11:14,91282CKY6,TSRYS5833261,D,S,C,2024-07-22,9000.00,4.51705,100.1953125
09:11:14,91282CKY6,TSRYS5833261,D,S,D,2024-07-22,1000000.00,4.514925,100.19921875
09:11:14,91282CKY6,TSRYS5833261,D,S,D,2024-07-22,1000000.00,4.514925,100.19921875
09:11:40,91282CKY6,TSRYS5833261,D,S,T,2024-07-22,2000000.00,4.517174,100.1950855
09:13:15,91282CKY6,TSRYS5833261,D,S,C,2024-07-22,250000000.00,4.510676,100.20703125
09:13:15,91282CKY6,TSRYS5833261,D,S,D,2024-07-22,250000000.00,4.510676,100.20703125
09:15:15,91282CKY6,TSRYS5833261,D,S,D,2024-07-22,15000.00,4.514925,100.19921875
09:16:12,91282CKY6,TSRYS5833261,D,S,D,2024-07-22,100000.00,4.523589,100.183293
09:16:12,91282CKY6,TSRYS5833261,D,B,C,2024-07-22,100000.00,4.523589,100.183293
09:16:12,91282CKY6,TSRYS5833261,D,S,D,2024-07-22,235000.00,4.519175,100.191406
09:16:12,91282CKY6,TSRYS5833261,D,S,D,2024-07-22,295000.00,4.51705,100.195312
09:16:12,91282CKY6,TSRYS5833261,D,S,D,2024-07-22,265000.00,4.51705,100.195312
09:16:12,91282CKY6,TSRYS5833261,D,S,D,2024-07-22,265000.00,4.51705,100.195312
09:16:17,91282CKY6,TSRYS5833261,D,S,T,2024-07-22,4000000.00,4.51705,100.1953125
09:16:17,91282CKY6,TSRYS5833261,D,S,T,2024-07-22,6000000.00,4.51705,100.1953125
09:16:20,91282CKY6,TSRYS5833261,D,S,T,2024-07-22,4000000.00,4.51705,100.1953125
09:16:20,91282CKY6,TSRYS5833261,D,S,T,2024-07-22,1000000.00,4.51705,100.1953125
09:16:20,91282CKY6,TSRYS5833261,D,S,T,2024-07-22,3000000.00,4.51705,100.1953125
09:16:22,91282CKY6,TSRYS5833261,D,S,T,2024-07-22,4000000.00,4.51705,100.1953125
09:16:22,91282CKY6,TSRYS5833261,D,S,T,2024-07-22,1000000.00,4.51705,100.1953125
09:16:24,91282CKY6,TSRYS5833261,D,B,A,2024-07-22,316000.00,4.514925,100.19921875
09:16:32,91282CKY6,TSRYS5833261,D,S,T,2024-07-22,3000000.00,4.51705,100.1953125
09:16:33,91282CKY6,TSRYS5833261,D,S,T,2024-07-22,3000000.00,4.51705,100.1953125
09:16:34,91282CKY6,TSRYS5833261,D,S,T,2024-07-22,6000000.00,4.51705,100.1953125
09:17:36,91282CKY6,TSRYS5833261,D,S,D,2024-07-22,25000000.00,4.519175,100.19140625
09:17:36,91282CKY6,TSRYS5833261,D,S,D,2024-07-22,25000000.00,4.519175,100.19140625
09:17:36,91282CKY6,TSRYS5833261,D,S,T,2024-07-22,1000000.00,4.51705,100.1953125
09:17:36,91282CKY6,TSRYS5833261,D,S,T,2024-07-22,1000000.00,4.517132,100.1951625
09:17:36,91282CKY6,TSRYS5833261,D,S,T,2024-07-22,1000000.00,4.517132,100.1951625
09:17:36,91282CKY6,TSRYS5833261,D,S,T,2024-07-22,1000000.00,4.517132,100.1951625
09:17:36,91282CKY6,TSRYS5833261,D,S,T,2024-07-22,1000000.00,4.517132,100.1951625
09:17:37,91282CKY6,TSRYS5833261,D,S,T,2024-07-22,1000000.00,4.51705,100.1953125
09:17:37,91282CKY6,TSRYS5833261,D,S,T,2024-07-22,1000000.00,4.51705,100.1953125
09:17:37,91282CKY6,TSRYS5833261,D,S,T,2024-07-22,1000000.00,4.51705,100.1953125
09:17:37,91282CKY6,TSRYS5833261,D,S,T,2024-07-22,6000000.00,4.51705,100.1953125
09:17:37,91282CKY6,TSRYS5833261,D,S,T,2024-07-22,10000000.00,4.51705,100.1953125
09:17:37,91282CKY6,TSRYS5833261,D,S,T,2024-07-22,1000000.00,4.51705,100.1953125
09:17:39,91282CKY6,TSRYS5833261,D,S,T,2024-07-22,1000000.00,4.519175,100.19140625
09:17:39,91282CKY6,TSRYS5833261,D,S,T,2024-07-22,1000000.00,4.519175,100.19140625
09:17:39,91282CKY6,TSRYS5833261,D,S,T,2024-07-22,1000000.00,4.519175,100.19140625
09:17:39,91282CKY6,TSRYS5833261,D,S,T,2024-07-22,1000000.00,4.519175,100.19140625
09:17:39,91282CKY6,TSRYS5833261,D,S,T,2024-07-22,4000000.00,4.519175,100.19140625
09:17:40,91282CKY6,TSRYS5833261,D,S,T,2024-07-22,5000000.00,4.519175,100.19140625
09:17:40,91282CKY6,TSRYS5833261,D,S,T,2024-07-22,1000000.00,4.519175,100.19140625
09:17:40,91282CKY6,TSRYS5833261,D,S,D,2024-07-22,2000000.00,4.519175,100.19140625
09:17:40,91282CKY6,TSRYS5833261,D,S,T,2024-07-22,2000000.00,4.519298,100.19117925
09:17:40,91282CKY6,TSRYS5833261,D,S,T,2024-07-22,1000000.00,4.519298,100.19117925
09:17:40,91282CKY6,TSRYS5833261,D,S,T,2024-07-22,1000000.00,4.519298,100.19117925
09:17:40,91282CKY6,TSRYS5833261,D,S,T,2024-07-22,1000000.00,4.519298,100.19117925
09:17:40,91282CKY6,TSRYS5833261,D,S,T,2024-07-22,3000000.00,4.519298,100.19117925
09:17:40,91282CKY6,TSRYS5833261,D,S,T,2024-07-22,1000000.00,4.519298,100.19117925
09:20:18,91282CKY6,TSRYS5833261,D,S,T,2024-07-22,1000000.00,4.515988,100.197265625
09:20:18,91282CKY6,TSRYS5833261,D,S,T,2024-07-22,1000000.00,4.515988,100.197265625
09:20:32,91282CKY6,TSRYS5833261,D,S,T,2024-07-22,4000000.00,4.51705,100.1953125
09:21:04,91282CKY6,TSRYS5833261,D,B,C,2024-07-22,30000000.00,4.514925,100.19921875
09:21:29,91282CKY6,TSRYS5833261,D,S,T,2024-07-22,1000000.00,4.517104,100.1952125
09:21:29,91282CKY6,TSRYS5833261,D,S,T,2024-07-22,1000000.00,4.517104,100.1952125
09:21:29,91282CKY6,TSRYS5833261,D,S,T,2024-07-22,3000000.00,4.517104,100.1952125
09:21:30,91282CKY6,TSRYS5833261,D,S,T,2024-07-22,3000000.00,4.51705,100.1953125
09:21:31,91282CKY6,TSRYS5833261,D,S,T,2024-07-22,8000000.00,4.51705,100.1953125
09:21:32,91282CKY6,TSRYS5833261,D,S,T,2024-07-22,2000000.00,4.517121,100.1951825
09:21:32,91282CKY6,TSRYS5833261,D,S,T,2024-07-22,1000000.00,4.51705,100.1953125
09:21:32,91282CKY6,TSRYS5833261,D,S,T,2024-07-22,1000000.00,4.517104,100.1952125
09:21:33,91282CKY6,TSRYS5833261,D,S,T,2024-07-22,1000000.00,4.517104,100.1952125
09:21:33,91282CKY6,TSRYS5833261,D,S,T,2024-07-22,1000000.00,4.51705,100.1953125
09:21:33,91282CKY6,TSRYS5833261,D,S,D,2024-07-22,2000000.00,4.51705,100.1953125
09:21:33,91282CKY6,TSRYS5833261,D,S,D,2024-07-22,1000000.00,4.51705,100.1953125
09:21:35,91282CKY6,TSRYS5833261,D,S,T,2024-07-22,1000000.00,4.51705,100.1953125
09:21:35,91282CKY6,TSRYS5833261,D,S,T,2024-07-22,1000000.00,4.51705,100.1953125
09:21:36,91282CKY6,TSRYS5833261,D,S,T,2024-07-22,4000000.00,4.51705,100.1953125
09:21:37,91282CKY6,TSRYS5833261,D,S,T,2024-07-22,1000000.00,4.51705,100.1953125
09:21:44,91282CKY6,TSRYS5833261,D,S,D,2024-07-22,1000000.00,4.51705,100.1953125
09:21:44,91282CKY6,TSRYS5833261,D,S,T,2024-07-22,1000000.00,4.51705,100.1953125
09:21:46,91282CKY6,TSRYS5833261,D,S,T,2024-07-22,2000000.00,4.517104,100.1952125
09:21:46,91282CKY6,TSRYS5833261,D,S,D,2024-07-22,1000000.00,4.51705,100.1953125
09:21:46,91282CKY6,TSRYS5833261,D,S,T,2024-07-22,1000000.00,4.51705,100.1953125
09:21:48,91282CKY6,TSRYS5833261,D,S,T,2024-07-22,2000000.00,4.51705,100.1953125
09:21:48,91282CKY6,TSRYS5833261,D,S,T,2024-07-22,1000000.00,4.517104,100.1952125
09:21:48,91282CKY6,TSRYS5833261,D,S,T,2024-07-22,1000000.00,4.51705,100.1953125
09:21:48,91282CKY6,TSRYS5833261,D,S,T,2024-07-22,1000000.00,4.51705,100.1953125
09:21:49,91282CKY6,TSRYS5833261,D,S,T,2024-07-22,1000000.00,4.51705,100.1953125
09:21:52,91282CKY6,TSRYS5833261,D,B,C,2024-07-22,68000000.00,4.517594,100.1943125
09:21:52,91282CKY6,TSRYS5833261,D,S,D,2024-07-22,68000000.00,4.517594,100.1943125
09:22:16,91282CKY6,TSRYS5833261,D,S,D,2024-07-22,19300000.00,4.51705,100.1953125
09:22:43,91282CKY6,TSRYS5833261,D,S,D,2024-07-22,18000000.00,4.51705,100.1953125
09:22:43,91282CKY6,TSRYS5833261,D,S,T,2024-07-22,8000000.00,4.51705,100.1953125
09:22:44,91282CKY6,TSRYS5833261,D,S,D,2024-07-22,10000000.00,4.51705,100.1953125
09:23:29,91282CKY6,TSRYS5833261,D,S,T,2024-07-22,2000000.00,4.51705,100.1953125
09:23:30,91282CKY6,TSRYS5833261,D,S,T,2024-07-22,1000000.00,4.51705,100.1953125
09:23:30,91282CKY6,TSRYS5833261,D,S,T,2024-07-22,7000000.00,4.51705,100.1953125
09:23:30,91282CKY6,TSRYS5833261,D,S,T,2024-07-22,1000000.00,4.51705,100.1953125
09:27:14,91282CKY6,TSRYS5833261,D,S,C,2024-07-22,210000.00,4.5213,100.1875
09:27:36,91282CKY6,TSRYS5833261,D,S,C,2024-07-22,1000000.00,4.523425,100.18359375
09:27:36,91282CKY6,TSRYS5833261,D,S,C,2024-07-22,1000000.00,4.523425,100.18359375
09:27:36,91282CKY6,TSRYS5833261,D,S,C,2024-07-22,1000000.00,4.523425,100.18359375
09:27:38,91282CKY6,TSRYS5833261,D,B,C,2024-07-22,2000000.00,4.523425,100.18359375
09:27:38,91282CKY6,TSRYS5833261,D,S,D,2024-07-22,3000000.00,4.523425,100.18359375
09:27:38,91282CKY6,TSRYS5833261,D,B,C,2024-07-22,1000000.00,4.523425,100.18359375
09:27:41,91282CKY6,TSRYS5833261,D,S,C,2024-07-22,1000000.00,4.523425,100.18359375
09:27:41,91282CKY6,TSRYS5833261,D,B,C,2024-07-22,1000000.00,4.523425,100.18341875
09:27:41,91282CKY6,TSRYS5833261,D,S,C,2024-07-22,1000000.00,4.523425,100.18359375
09:28:17,91282CKY6,TSRYS5833261,D,S,C,2024-07-22,77200000.00,4.5213,100.1875
09:28:43,91282CKY6,TSRYS5833261,D,S,C,2024-07-22,1000000.00,4.524488,100.181640625
09:28:43,91282CKY6,TSRYS5833261,D,B,C,2024-07-22,1000000.00,4.524488,100.181640625
09:29:37,91282CKY6,TSRYS5833261,D,S,D,2024-07-22,250000000.00,4.5213,100.1875
09:29:37,91282CKY6,TSRYS5833261,D,S,T,2024-07-22,1000000.00,4.5213,100.1875
09:29:38,91282CKY6,TSRYS5833261,D,S,T,2024-07-22,1000000.00,4.506427,100.21484375
09:29:38,91282CKY6,TSRYS5833261,D,S,T,2024-07-22,1000000.00,4.5213,100.1875
09:29:38,91282CKY6,TSRYS5833261,D,S,T,2024-07-22,1000000.00,4.506427,100.21484375
09:29:39,91282CKY6,TSRYS5833261,D,B,A,2024-07-22,4000000.00,4.508551,100.2109375
09:29:39,91282CKY6,TSRYS5833261,D,S,T,2024-07-22,1000000.00,4.506427,100.21484375
09:29:39,91282CKY6,TSRYS5833261,D,B,C,2024-07-22,4900000.00,4.504303,100.21875
09:29:39,91282CKY6,TSRYS5833261,D,S,T,2024-07-22,1000000.00,4.520292,100.189353125
09:29:40,91282CKY6,TSRYS5833261,D,S,T,2024-07-22,1000000.00,4.506427,100.21484375
09:29:40,91282CKY6,TSRYS5833261,D,S,A,2024-07-22,16000000.00,4.506427,100.21484375
09:29:40,91282CKY6,TSRYS5833261,D,S,T,2024-07-22,1000000.00,4.520292,100.189353125
09:29:40,91282CKY6,TSRYS5833261,D,S,T,2024-07-22,1000000.00,4.506427,100.21484375
09:29:40,91282CKY6,TSRYS5833261,D,S,T,2024-07-22,1000000.00,4.506427,100.21484375
09:29:40,91282CKY6,TSRYS5833261,D,S,T,2024-07-22,1000000.00,4.506427,100.21484375
09:29:40,91282CKY6,TSRYS5833261,D,S,T,2024-07-22,1000000.00,4.506427,100.21484375
09:29:41,91282CKY6,TSRYS5833261,D,S,T,2024-07-22,1000000.00,4.506427,100.21484375
09:29:41,91282CKY6,TSRYS5833261,D,S,T,2024-07-22,1000000.00,4.506427,100.21484375
09:29:41,91282CKY6,TSRYS5833261,D,S,A,2024-07-22,3000000.00,4.51705,100.1953125
09:29:41,91282CKY6,TSRYS5833261,D,S,T,2024-07-22,1000000.00,4.506427,100.21484375
09:29:41,91282CKY6,TSRYS5833261,D,S,T,2024-07-22,1000000.00,4.5213,100.1875
09:29:42,91282CKY6,TSRYS5833261,D,S,T,2024-07-22,1000000.00,4.506427,100.21484375
09:29:42,91282CKY6,TSRYS5833261,D,S,T,2024-07-22,1000000.00,4.506427,100.21484375
09:29:42,91282CKY6,TSRYS5833261,D,B,A,2024-07-22,6000000.00,4.5213,100.1875
09:29:42,91282CKY6,TSRYS5833261,D,S,T,2024-07-22,1000000.00,4.506427,100.21484375
09:29:42,91282CKY6,TSRYS5833261,D,S,T,2024-07-22,1000000.00,4.520292,100.189353125
09:29:42,91282CKY6,TSRYS5833261,D,S,T,2024-07-22,1000000.00,4.506427,100.21484375
09:29:42,91282CKY6,TSRYS5833261,D,S,T,2024-07-22,1000000.00,4.506427,100.21484375
09:29:42,91282CKY6,TSRYS5833261,D,S,T,2024-07-22,1000000.00,4.506427,100.21484375
09:29:42,91282CKY6,TSRYS5833261,D,S,T,2024-07-22,1000000.00,4.506427,100.21484375
09:29:42,91282CKY6,TSRYS5833261,D,S,T,2024-07-22,1000000.00,4.5213,100.1875
09:29:43,91282CKY6,TSRYS5833261,D,S,T,2024-07-22,5000000.00,4.506427,100.21484375
09:29:43,91282CKY6,TSRYS5833261,D,S,T,2024-07-22,1000000.00,4.506427,100.21484375
09:29:43,91282CKY6,TSRYS5833261,D,S,A,2024-07-22,2000000.00,4.51705,100.1953125
09:29:43,91282CKY6,TSRYS5833261,D,S,T,2024-07-22,1000000.00,4.506427,100.21484375
09:29:43,91282CKY6,TSRYS5833261,D,S,T,2024-07-22,1000000.00,4.506427,100.21484375
09:29:43,91282CKY6,TSRYS5833261,D,S,T,2024-07-22,1000000.00,4.506427,100.21484375
09:29:44,91282CKY6,TSRYS5833261,D,S,T,2024-07-22,1000000.00,4.506427,100.21484375
09:29:44,91282CKY6,TSRYS5833261,D,S,T,2024-07-22,1000000.00,4.506427,100.21484375
09:29:44,91282CKY6,TSRYS5833261,D,S,T,2024-07-22,3000000.00,4.520292,100.189353125
09:29:44,91282CKY6,TSRYS5833261,D,S,T,2024-07-22,1000000.00,4.506427,100.21484375
09:29:45,91282CKY6,TSRYS5833261,D,S,D,2024-07-22,1900000.00,4.504303,100.21875
09:29:45,91282CKY6,TSRYS5833261,D,S,A,2024-07-22,2000000.00,4.51705,100.1953125
09:29:45,91282CKY6,TSRYS5833261,D,S,C,2024-07-22,73000000.00,4.5213,100.1875
09:29:45,91282CKY6,TSRYS5833261,D,B,C,2024-07-22,2200000.00,4.523425,100.18359375
09:30:44,91282CKY6,TSRYS5833261,D,S,T,2024-07-22,19440000.00,4.524488,100.181640625
09:30:44,91282CKY6,TSRYS5833261,D,S,T,2024-07-22,3915000.00,4.524488,100.181640625
09:30:44,91282CKY6,TSRYS5833261,D,S,T,2024-07-22,4575000.00,4.524488,100.181640625
09:30:44,91282CKY6,TSRYS5833261,D,S,T,2024-07-22,5880000.00,4.524488,100.181640625
09:30:44,91282CKY6,TSRYS5833261,D,S,T,2024-07-22,14420000.00,4.524488,100.181640625
09:30:52,91282CKY6,TSRYS5833261,D,S,T,2024-07-22,51095000.00,4.524488,100.181640625
09:31:00,91282CKY6,TSRYS5833261,D,S,C,2024-07-22,1000000.00,4.52555,100.1796875
09:31:00,91282CKY6,TSRYS5833261,D,S,C,2024-07-22,4000000.00,4.52555,100.1796875
09:31:00,91282CKY6,TSRYS5833261,D,S,C,2024-07-22,4000000.00,4.52555,100.1796875
09:31:01,91282CKY6,TSRYS5833261,D,S,T,2024-07-22,80000.00,4.524488,100.181640625
09:31:01,91282CKY6,TSRYS5833261,D,S,D,2024-07-22,3000000.00,4.52555,100.1796875
09:31:01,91282CKY6,TSRYS5833261,D,S,T,2024-07-22,1049000.00,4.524488,100.181640625
09:31:01,91282CKY6,TSRYS5833261,D,S,D,2024-07-22,1000000.00,4.52555,100.1796875
09:31:28,91282CKY6,TSRYS5833261,D,B,C,2024-07-22,2035000.00,4.524488,100.181640625
09:31:28,91282CKY6,TSRYS5833261,D,S,T,2024-07-22,415000.00,4.524488,100.181641
09:31:28,91282CKY6,TSRYS5833261,D,B,C,2024-07-22,9345000.00,4.524488,100.181640625
09:31:31,91282CKY6,TSRYS5833261,D,B,C,2024-07-22,8305000.00,4.524488,100.181640625
09:31:32,91282CKY6,TSRYS5833261,D,S,C,2024-07-22,48535000.00,4.524488,100.181640625
09:31:36,91282CKY6,TSRYS5833261,D,S,D,2024-07-22,43385000.00,4.524488,100.181640625
09:31:37,91282CKY6,TSRYS5833261,D,S,D,2024-07-22,7220000.00,4.524488,100.181640625
09:31:37,91282CKY6,TSRYS5833261,D,S,D,2024-07-22,25995000.00,4.524488,100.181640625
09:31:37,91282CKY6,TSRYS5833261,D,S,D,2024-07-22,20995000.00,4.524488,100.181640625
09:31:37,91282CKY6,TSRYS5833261,D,S,D,2024-07-22,9730000.00,4.524488,100.181640625
09:31:37,91282CKY6,TSRYS5833261,D,S,D,2024-07-22,2270000.00,4.524488,100.181640625
09:31:37,91282CKY6,TSRYS5833261,D,S,D,2024-07-22,3865000.00,4.524488,100.181640625
09:31:38,91282CKY6,TSRYS5833261,D,S,D,2024-07-22,7075000.00,4.524488,100.181640625
09:31:38,91282CKY6,TSRYS5833261,D,S,D,2024-07-22,34210000.00,4.524488,100.181640625
09:31:38,91282CKY6,TSRYS5833261,D,S,D,2024-07-22,32095000.00,4.524488,100.181640625
09:31:38,91282CKY6,TSRYS5833261,D,S,D,2024-07-22,17400000.00,4.524488,100.181640625
09:31:38,91282CKY6,TSRYS5833261,D,S,D,2024-07-22,555000.00,4.524488,100.181640625
09:31:38,91282CKY6,TSRYS5833261,D,S,D,2024-07-22,2285000.00,4.524488,100.181640625
09:31:38,91282CKY6,TSRYS5833261,D,S,D,2024-07-22,2535000.00,4.524488,100.181640625
09:31:39,91282CKY6,TSRYS5833261,D,S,D,2024-07-22,7120000.00,4.524488,100.181640625
09:31:39,91282CKY6,TSRYS5833261,D,S,D,2024-07-22,765000.00,4.524488,100.181640625
09:31:40,91282CKY6,TSRYS5833261,D,S,D,2024-07-22,57160000.00,4.524488,100.181640625
09:31:40,91282CKY6,TSRYS5833261,D,S,D,2024-07-22,6345000.00,4.524488,100.181640625
09:31:40,91282CKY6,TSRYS5833261,D,S,D,2024-07-22,82715000.00,4.524488,100.181640625
09:31:40,91282CKY6,TSRYS5833261,D,S,D,2024-07-22,550000.00,4.524488,100.181640625
09:31:41,91282CKY6,TSRYS5833261,D,S,D,2024-07-22,24035000.00,4.524488,100.181640625
09:31:41,91282CKY6,TSRYS5833261,D,S,D,2024-07-22,40000.00,4.524488,100.181640625
09:31:41,91282CKY6,TSRYS5833261,D,S,D,2024-07-22,27425000.00,4.524488,100.181640625
09:31:42,91282CKY6,TSRYS5833261,D,S,C,2024-07-22,26939000.00,4.524488,100.181640625
09:31:45,91282CKY6,TSRYS5833261,D,S,T,2024-07-22,2000000.00,4.525605,100.1795875
09:31:45,91282CKY6,TSRYS5833261,D,S,T,2024-07-22,1000000.00,4.52555,100.1796875
09:31:45,91282CKY6,TSRYS5833261,D,S,T,2024-07-22,2000000.00,4.525605,100.1795875
09:31:45,91282CKY6,TSRYS5833261,D,S,C,2024-07-22,1000000.00,4.52555,100.1796875
09:31:45,91282CKY6,TSRYS5833261,D,B,C,2024-07-22,1000000.00,4.52555,100.1796875
09:31:45,91282CKY6,TSRYS5833261,D,S,C,2024-07-22,1000000.00,4.526613,100.177734375
09:31:46,91282CKY6,TSRYS5833261,D,S,T,2024-07-22,5000000.00,4.525659,100.1794875
09:31:46,91282CKY6,TSRYS5833261,D,S,T,2024-07-22,1000000.00,4.525605,100.1795875
09:31:46,91282CKY6,TSRYS5833261,D,S,T,2024-07-22,4000000.00,4.525659,100.1794875
09:31:47,91282CKY6,TSRYS5833261,D,B,C,2024-07-22,1000000.00,4.526613,100.177559375
09:31:47,91282CKY6,TSRYS5833261,D,S,C,2024-07-22,1000000.00,4.526613,100.177734375
09:31:47,91282CKY6,TSRYS5833261,D,B,C,2024-07-22,1000000.00,4.526613,100.177734375
09:31:47,91282CKY6,TSRYS5833261,D,S,C,2024-07-22,2000000.00,4.52555,100.1796875
09:31:47,91282CKY6,TSRYS5833261,D,S,C,2024-07-22,1000000.00,4.526613,100.177734375
09:31:47,91282CKY6,TSRYS5833261,D,B,C,2024-07-22,1000000.00,4.526613,100.177559375
09:31:47,91282CKY6,TSRYS5833261,D,S,D,2024-07-22,1000000.00,4.52555,100.1796875
09:31:48,91282CKY6,TSRYS5833261,D,S,C,2024-07-22,1000000.00,4.52555,100.1796875
09:31:48,91282CKY6,TSRYS5833261,D,S,C,2024-07-22,5000000.00,4.52555,100.1796875
09:31:50,91282CKY6,TSRYS5833261,D,S,C,2024-07-22,2000000.00,4.52555,100.1796875
09:31:50,91282CKY6,TSRYS5833261,D,S,C,2024-07-22,2000000.00,4.52555,100.1796875
09:31:53,91282CKY6,TSRYS5833261,D,S,C,2024-07-22,250000000.00,4.5213,100.1875
09:31:53,91282CKY6,TSRYS5833261,D,S,D,2024-07-22,250000000.00,4.5213,100.1875
09:31:59,91282CKY6,TSRYS5833261,D,S,D,2024-07-22,5000000.00,4.52555,100.1796875
09:32:05,91282CKY6,TSRYS5833261,D,B,C,2024-07-22,22500000.00,4.52555,100.1796875
09:32:12,91282CKY6,TSRYS5833261,D,S,T,2024-07-22,21255000.00,4.524488,100.181640625
09:32:42,91282CKY6,TSRYS5833261,D,S,D,2024-07-22,272000.00,4.523748,100.183
09:33:16,91282CKY6,TSRYS5833261,D,S,D,2024-07-22,3000000.00,4.526613,100.177734375
09:33:43,91282CKY6,TSRYS5833261,D,B,A,2024-07-22,5000.00,4.527676,100.17578125
09:33:49,91282CKY6,TSRYS5833261,D,S,C,2024-07-22,5000000.00,4.52555,100.1796875
09:33:49,91282CKY6,TSRYS5833261,D,S,C,2024-07-22,2000000.00,4.526613,100.177734375
09:33:49,91282CKY6,TSRYS5833261,D,B,C,2024-07-22,2000000.00,4.526613,100.177734375
09:33:49,91282CKY6,TSRYS5833261,D,S,C,2024-07-22,3000000.00,4.526613,100.177734375
09:33:49,91282CKY6,TSRYS5833261,D,B,C,2024-07-22,3000000.00,4.526613,100.177734375
09:34:09,91282CKY6,TSRYS5833261,D,S,T,2024-07-22,2000000.00,4.525674,100.1794605
09:34:10,91282CKY6,TSRYS5833261,D,S,T,2024-07-22,1000000.00,4.525674,100.1794605
09:34:16,91282CKY6,TSRYS5833261,D,B,C,2024-07-22,1000000.00,4.524488,100.181640625
09:34:16,91282CKY6,TSRYS5833261,D,S,C,2024-07-22,1000000.00,4.524488,100.181640625
09:34:16,91282CKY6,TSRYS5833261,D,B,C,2024-07-22,1000000.00,4.524488,100.181640625
09:34:16,91282CKY6,TSRYS5833261,D,S,C,2024-07-22,1000000.00,4.524488,100.181640625
09:34:16,91282CKY6,TSRYS5833261,D,B,C,2024-07-22,1000000.00,4.524488,100.181640625
09:34:16,91282CKY6,TSRYS5833261,D,S,C,2024-07-22,1000000.00,4.524488,100.181640625
09:34:17,91282CKY6,TSRYS5833261,D,S,C,2024-07-22,1000000.00,4.524488,100.181640625
09:34:17,91282CKY6,TSRYS5833261,D,B,C,2024-07-22,1000000.00,4.524488,100.181640625
09:34:28,91282CKY6,TSRYS5833261,D,S,T,2024-07-22,1000000.00,4.523425,100.18359375
09:34:28,91282CKY6,TSRYS5833261,D,S,D,2024-07-22,1000000.00,4.523425,100.18359375
09:34:28,91282CKY6,TSRYS5833261,D,S,T,2024-07-22,1000000.00,4.523425,100.18359375
09:34:28,91282CKY6,TSRYS5833261,D,S,T,2024-07-22,1000000.00,4.523425,100.18359375
09:34:28,91282CKY6,TSRYS5833261,D,S,T,2024-07-22,1000000.00,4.523425,100.18359375
09:34:28,91282CKY6,TSRYS5833261,D,S,T,2024-07-22,1000000.00,4.523425,100.18359375
09:34:28,91282CKY6,TSRYS5833261,D,S,T,2024-07-22,1000000.00,4.523425,100.18359375
09:34:28,91282CKY6,TSRYS5833261,D,S,T,2024-07-22,2000000.00,4.523425,100.18359375
09:34:28,91282CKY6,TSRYS5833261,D,S,T,2024-07-22,1000000.00,4.523425,100.18359375
09:34:28,91282CKY6,TSRYS5833261,D,S,T,2024-07-22,1000000.00,4.523425,100.18359375
09:34:28,91282CKY6,TSRYS5833261,D,S,T,2024-07-22,1000000.00,4.523425,100.18359375
09:34:29,91282CKY6,TSRYS5833261,D,S,T,2024-07-22,2000000.00,4.523425,100.18359375
09:34:29,91282CKY6,TSRYS5833261,D,S,T,2024-07-22,1000000.00,4.523425,100.18359375
09:34:29,91282CKY6,TSRYS5833261,D,S,T,2024-07-22,1000000.00,4.523425,100.18359375
09:34:29,91282CKY6,TSRYS5833261,D,B,C,2024-07-22,1000000.00,4.523425,100.18359375
09:34:29,91282CKY6,TSRYS5833261,D,S,D,2024-07-22,1000000.00,4.523425,100.18359375
09:34:29,91282CKY6,TSRYS5833261,D,B,C,2024-07-22,1000000.00,4.523425,100.18359375
09:34:29,91282CKY6,TSRYS5833261,D,B,C,2024-07-22,2000000.00,4.523425,100.18359375
09:34:29,91282CKY6,TSRYS5833261,D,S,D,2024-07-22,1000000.00,4.523425,100.18359375
09:34:29,91282CKY6,TSRYS5833261,D,B,C,2024-07-22,1000000.00,4.523425,100.18359375
09:34:29,91282CKY6,TSRYS5833261,D,S,D,2024-07-22,2000000.00,4.523425,100.18359375
09:34:29,91282CKY6,TSRYS5833261,D,S,D,2024-07-22,1000000.00,4.523425,100.18359375
09:34:29,91282CKY6,TSRYS5833261,D,S,D,2024-07-22,1000000.00,4.523425,100.18359375
09:34:29,91282CKY6,TSRYS5833261,D,S,D,2024-07-22,2000000.00,4.523425,100.18359375
09:34:29,91282CKY6,TSRYS5833261,D,S,D,2024-07-22,1000000.00,4.523425,100.18359375
09:34:29,91282CKY6,TSRYS5833261,D,S,T,2024-07-22,2000000.00,4.523425,100.18359375
09:34:29,91282CKY6,TSRYS5833261,D,S,D,2024-07-22,1000000.00,4.523425,100.18359375
09:34:29,91282CKY6,TSRYS5833261,D,S,D,2024-07-22,1000000.00,4.523425,100.18359375
09:34:29,91282CKY6,TSRYS5833261,D,S,T,2024-07-22,1000000.00,4.523425,100.18359375
09:34:29,91282CKY6,TSRYS5833261,D,S,D,2024-07-22,1000000.00,4.523425,100.18359375
09:34:29,91282CKY6,TSRYS5833261,D,S,T,2024-07-22,1000000.00,4.523425,100.18359375
09:34:29,91282CKY6,TSRYS5833261,D,S,T,2024-07-22,1000000.00,4.523425,100.18359375
09:34:29,91282CKY6,TSRYS5833261,D,S,T,2024-07-22,2000000.00,4.523425,100.18359375
09:34:29,91282CKY6,TSRYS5833261,D,S,D,2024-07-22,1000000.00,4.523425,100.18359375
09:34:29,91282CKY6,TSRYS5833261,D,S,D,2024-07-22,1000000.00,4.523425,100.18359375
09:34:29,91282CKY6,TSRYS5833261,D,S,D,2024-07-22,1000000.00,4.523425,100.18359375
09:34:29,91282CKY6,TSRYS5833261,D,S,D,2024-07-22,2000000.00,4.523425,100.18359375
09:34:29,91282CKY6,TSRYS5833261,D,S,D,2024-07-22,2000000.00,4.523425,100.18359375
09:34:30,91282CKY6,TSRYS5833261,D,S,D,2024-07-22,1000000.00,4.523425,100.18359375
09:34:31,91282CKY6,TSRYS5833261,D,S,D,2024-07-22,1000000.00,4.523425,100.18359375
09:34:31,91282CKY6,TSRYS5833261,D,S,D,2024-07-22,1000000.00,4.523425,100.18359375
09:34:33,91282CKY6,TSRYS5833261,D,S,D,2024-07-22,1000000.00,4.523425,100.18359375
09:34:33,91282CKY6,TSRYS5833261,D,S,D,2024-07-22,1000000.00,4.523425,100.18359375
09:34:33,91282CKY6,TSRYS5833261,D,S,D,2024-07-22,1000000.00,4.523425,100.18359375
09:34:33,91282CKY6,TSRYS5833261,D,S,D,2024-07-22,1000000.00,4.523425,100.18359375
09:34:33,91282CKY6,TSRYS5833261,D,S,D,2024-07-22,1000000.00,4.523425,100.18359375
09:34:33,91282CKY6,TSRYS5833261,D,S,D,2024-07-22,2000000.00,4.523425,100.18359375
09:34:33,91282CKY6,TSRYS5833261,D,S,D,2024-07-22,1000000.00,4.523425,100.18359375
09:34:33,91282CKY6,TSRYS5833261,D,S,D,2024-07-22,1000000.00,4.523425,100.18359375
09:34:33,91282CKY6,TSRYS5833261,D,S,D,2024-07-22,1000000.00,4.523425,100.18359375
09:34:33,91282CKY6,TSRYS5833261,D,S,D,2024-07-22,2000000.00,4.523425,100.18359375
09:34:33,91282CKY6,TSRYS5833261,D,S,D,2024-07-22,1000000.00,4.523425,100.18359375
09:34:33,91282CKY6,TSRYS5833261,D,S,D,2024-07-22,1000000.00,4.523425,100.18359375
09:34:33,91282CKY6,TSRYS5833261,D,S,D,2024-07-22,1000000.00,4.523425,100.18359375
09:34:33,91282CKY6,TSRYS5833261,D,S,D,2024-07-22,1000000.00,4.523425,100.18359375
09:34:33,91282CKY6,TSRYS5833261,D,B,C,2024-07-22,1000000.00,4.523425,100.18359375
09:34:33,91282CKY6,TSRYS5833261,D,S,D,2024-07-22,1000000.00,4.523425,100.18359375
09:34:33,91282CKY6,TSRYS5833261,D,S,D,2024-07-22,1000000.00,4.523425,100.18359375
09:34:33,91282CKY6,TSRYS5833261,D,S,D,2024-07-22,1000000.00,4.523425,100.18359375
09:34:33,91282CKY6,TSRYS5833261,D,S,D,2024-07-22,1000000.00,4.523425,100.18359375
09:34:33,91282CKY6,TSRYS5833261,D,B,C,2024-07-22,1000000.00,4.523425,100.18359375
09:34:33,91282CKY6,TSRYS5833261,D,S,D,2024-07-22,1000000.00,4.523425,100.18359375
09:34:33,91282CKY6,TSRYS5833261,D,S,D,2024-07-22,2000000.00,4.523425,100.18359375
09:34:34,91282CKY6,TSRYS5833261,D,S,D,2024-07-22,1000000.00,4.523425,100.18359375
09:34:34,91282CKY6,TSRYS5833261,D,B,C,2024-07-22,1000000.00,4.523425,100.18359375
09:34:34,91282CKY6,TSRYS5833261,D,S,D,2024-07-22,1000000.00,4.523425,100.18359375
09:34:34,91282CKY6,TSRYS5833261,D,S,D,2024-07-22,1000000.00,4.523425,100.18359375
09:34:34,91282CKY6,TSRYS5833261,D,S,D,2024-07-22,1000000.00,4.523425,100.18359375
09:34:34,91282CKY6,TSRYS5833261,D,S,D,2024-07-22,1000000.00,4.523425,100.18359375
09:34:34,91282CKY6,TSRYS5833261,D,B,C,2024-07-22,1000000.00,4.523425,100.18359375
09:34:34,91282CKY6,TSRYS5833261,D,S,D,2024-07-22,1000000.00,4.523425,100.18359375
09:34:34,91282CKY6,TSRYS5833261,D,B,C,2024-07-22,1000000.00,4.523425,100.18359375
09:34:34,91282CKY6,TSRYS5833261,D,S,D,2024-07-22,1000000.00,4.523425,100.18359375
09:34:34,91282CKY6,TSRYS5833261,D,B,C,2024-07-22,1000000.00,4.523425,100.18359375
09:34:34,91282CKY6,TSRYS5833261,D,S,D,2024-07-22,1000000.00,4.523425,100.18359375
09:34:34,91282CKY6,TSRYS5833261,D,S,D,2024-07-22,2000000.00,4.523425,100.18359375
09:34:34,91282CKY6,TSRYS5833261,D,S,D,2024-07-22,1000000.00,4.523425,100.18359375
09:34:34,91282CKY6,TSRYS5833261,D,S,D,2024-07-22,1000000.00,4.523425,100.18359375
09:34:34,91282CKY6,TSRYS5833261,D,S,D,2024-07-22,1000000.00,4.523425,100.18359375
09:34:34,91282CKY6,TSRYS5833261,D,S,D,2024-07-22,1000000.00,4.523425,100.18359375
09:34:34,91282CKY6,TSRYS5833261,D,S,D,2024-07-22,1000000.00,4.523425,100.18359375
09:34:34,91282CKY6,TSRYS5833261,D,S,D,2024-07-22,1000000.00,4.523425,100.18359375
09:34:34,91282CKY6,TSRYS5833261,D,B,C,2024-07-22,1000000.00,4.523425,100.18359375
09:34:34,91282CKY6,TSRYS5833261,D,S,D,2024-07-22,1000000.00,4.523425,100.18359375
09:34:34,91282CKY6,TSRYS5833261,D,S,D,2024-07-22,1000000.00,4.523425,100.18359375
09:34:34,91282CKY6,TSRYS5833261,D,S,D,2024-07-22,2000000.00,4.523425,100.18359375
09:34:34,91282CKY6,TSRYS5833261,D,B,C,2024-07-22,1000000.00,4.523425,100.18359375
09:34:35,91282CKY6,TSRYS5833261,D,S,D,2024-07-22,1000000.00,4.523425,100.18359375
09:34:35,91282CKY6,TSRYS5833261,D,S,D,2024-07-22,1000000.00,4.523425,100.18359375
09:34:35,91282CKY6,TSRYS5833261,D,S,D,2024-07-22,1000000.00,4.523425,100.18359375
09:34:35,91282CKY6,TSRYS5833261,D,S,D,2024-07-22,1000000.00,4.523425,100.18359375
09:34:35,91282CKY6,TSRYS5833261,D,S,D,2024-07-22,2000000.00,4.523425,100.18359375
09:34:35,91282CKY6,TSRYS5833261,D,S,D,2024-07-22,1000000.00,4.523425,100.18359375
09:34:35,91282CKY6,TSRYS5833261,D,S,D,2024-07-22,1000000.00,4.523425,100.18359375
09:34:35,91282CKY6,TSRYS5833261,D,S,D,2024-07-22,1000000.00,4.523425,100.18359375
09:34:46,91282CKY6,TSRYS5833261,D,S,C,2024-07-22,104000.00,4.523748,100.183
09:35:22,91282CKY6,TSRYS5833261,D,B,C,2024-07-22,1000000.00,4.524488,100.181640625
09:35:22,91282CKY6,TSRYS5833261,D,B,C,2024-07-22,2000000.00,4.524488,100.181640625
09:35:22,91282CKY6,TSRYS5833261,D,B,C,2024-07-22,2000000.00,4.524488,100.181640625
09:35:22,91282CKY6,TSRYS5833261,D,S,D,2024-07-22,1000000.00,4.524488,100.181640625
09:35:22,91282CKY6,TSRYS5833261,D,S,C,2024-07-22,2000000.00,4.524488,100.181640625
09:35:22,91282CKY6,TSRYS5833261,D,S,D,2024-07-22,2000000.00,4.524488,100.181640625
09:35:23,91282CKY6,TSRYS5833261,D,S,D,2024-07-22,1000000.00,4.524488,100.181640625
09:35:23,91282CKY6,TSRYS5833261,D,B,C,2024-07-22,1000000.00,4.524488,100.181640625
09:35:38,91282CKY6,TSRYS5833261,D,S,D,2024-07-22,182000.00,4.523425,100.183594
09:37:25,91282CKY6,TSRYS5833261,D,B,C,2024-07-22,5000000.00,4.52555,100.1796875
09:37:25,91282CKY6,TSRYS5833261,D,S,C,2024-07-22,1000000.00,4.52555,100.1796875
09:37:25,91282CKY6,TSRYS5833261,D,S,D,2024-07-22,5000000.00,4.52555,100.1796875
09:37:25,91282CKY6,TSRYS5833261,D,B,C,2024-07-22,1000000.00,4.52555,100.1796875
09:37:26,91282CKY6,TSRYS5833261,D,S,D,2024-07-22,5000000.00,4.52555,100.1796875
09:37:31,91282CKY6,TSRYS5833261,D,S,D,2024-07-22,5000000.00,4.526613,100.177734375
09:37:44,91282CKY6,TSRYS5833261,D,S,D,2024-07-22,3000000.00,4.526613,100.177734375
09:37:45,91282CKY6,TSRYS5833261,D,S,T,2024-07-22,5000000.00,4.525605,100.1795875
09:37:47,91282CKY6,TSRYS5833261,D,S,T,2024-07-22,1000000.00,4.525578,100.1796375
09:37:47,91282CKY6,TSRYS5833261,D,S,T,2024-07-22,1000000.00,4.52555,100.1796875
09:37:48,91282CKY6,TSRYS5833261,D,B,C,2024-07-22,1000000.00,4.52555,100.1796875
09:37:48,91282CKY6,TSRYS5833261,D,S,D,2024-07-22,1000000.00,4.52555,100.1796875
09:38:03,91282CKY6,TSRYS5833261,D,S,T,2024-07-22,1000000.00,4.52555,100.1796875
09:38:03,91282CKY6,TSRYS5833261,D,S,T,2024-07-22,14000000.00,4.52555,100.1796875
09:38:03,91282CKY6,TSRYS5833261,D,S,T,2024-07-22,2000000.00,4.52555,100.1796875
09:38:03,91282CKY6,TSRYS5833261,D,S,T,2024-07-22,1000000.00,4.52555,100.1796875
09:38:08,91282CKY6,TSRYS5833261,D,S,T,2024-07-22,1000000.00,4.52555,100.1796875
09:38:08,91282CKY6,TSRYS5833261,D,S,T,2024-07-22,1000000.00,4.52555,100.1796875
09:38:08,91282CKY6,TSRYS5833261,D,S,T,2024-07-22,1000000.00,4.52555,100.1796875
09:38:37,91282CKY6,TSRYS5833261,D,S,C,2024-07-22,1075000.00,4.52555,100.1796875
09:38:59,91282CKY6,TSRYS5833261,D,S,D,2024-07-22,1000000.00,4.52555,100.1796875
09:39:11,91282CKY6,TSRYS5833261,D,S,C,2024-07-22,185000.00,4.519396,100.191
09:39:16,91282CKY6,TSRYS5833261,D,S,T,2024-07-22,1000000.00,4.52555,100.1796875
09:39:34,91282CKY6,TSRYS5833261,D,S,C,2024-07-22,280000.00,4.519396,100.191
09:39:39,91282CKY6,TSRYS5833261,D,S,T,2024-07-22,1000000.00,4.524542,100.181540625
09:39:43,91282CKY6,TSRYS5833261,D,B,A,2024-07-22,5000.00,4.52555,100.1796875
09:40:10,91282CKY6,TSRYS5833261,D,S,C,2024-07-22,25000.00,4.52555,100.1796875
09:40:12,91282CKY6,TSRYS5833261,D,S,T,2024-07-22,1000000.00,4.51705,100.1953125
09:40:36,91282CKY6,TSRYS5833261,D,B,A,2024-07-22,5000.00,4.523425,100.18359375
09:41:08,91282CKY6,TSRYS5833261,D,S,D,2024-07-22,9650000.00,4.523425,100.18359375
09:41:27,91282CKY6,TSRYS5833261,D,S,D,2024-07-22,255000.00,4.523425,100.18359375
09:41:27,91282CKY6,TSRYS5833261,D,S,D,2024-07-22,390000.00,4.523425,100.18359375
09:41:27,91282CKY6,TSRYS5833261,D,S,D,2024-07-22,30000.00,4.523425,100.18359375
09:41:31,91282CKY6,TSRYS5833261,D,B,A,2024-07-22,1000000.00,4.514925,100.19921875
09:41:31,91282CKY6,TSRYS5833261,D,S,D,2024-07-22,495000.00,4.521844,100.1865
09:41:31,91282CKY6,TSRYS5833261,D,S,D,2024-07-22,730000.00,4.521844,100.1865
09:41:31,91282CKY6,TSRYS5833261,D,S,D,2024-07-22,430000.00,4.523426,100.183593
09:41:32,91282CKY6,TSRYS5833261,D,S,D,2024-07-22,390000.00,4.523426,100.183593
09:41:32,91282CKY6,TSRYS5833261,D,S,D,2024-07-22,255000.00,4.523426,100.183593
09:41:32,91282CKY6,TSRYS5833261,D,S,D,2024-07-22,1070000.00,4.523426,100.183593
09:41:32,91282CKY6,TSRYS5833261,D,S,D,2024-07-22,30000.00,4.523426,100.183593
09:41:33,91282CKY6,TSRYS5833261,D,S,D,2024-07-22,1000000.00,4.514925,100.19921875
09:41:33,91282CKY6,TSRYS5833261,D,S,D,2024-07-22,1000000.00,4.5128,100.203125
09:41:33,91282CKY6,TSRYS5833261,D,S,D,2024-07-22,1000000.00,4.514925,100.19921875
09:41:33,91282CKY6,TSRYS5833261,D,S,D,2024-07-22,6000000.00,4.514925,100.19921875
09:41:37,91282CKY6,TSRYS5833261,D,S,D,2024-07-22,1070000.00,4.523425,100.18359375
09:42:16,91282CKY6,TSRYS5833261,D,S,T,2024-07-22,3000000.00,4.524542,100.181540625
09:42:16,91282CKY6,TSRYS5833261,D,S,T,2024-07-22,2000000.00,4.524542,100.181540625
09:42:19,91282CKY6,TSRYS5833261,D,S,D,2024-07-22,5000000.00,4.524488,100.181640625
09:42:19,91282CKY6,TSRYS5833261,D,S,D,2024-07-22,3000000.00,4.524488,100.181640625
09:42:31,91282CKY6,TSRYS5833261,D,S,C,2024-07-22,25000.00,4.521414,100.187291
09:42:38,91282CKY6,TSRYS5833261,D,S,D,2024-07-22,59000.00,4.52555,100.1796875
09:42:45,91282CKY6,TSRYS5833261,D,S,D,2024-07-22,155000.00,4.52555,100.1796875
09:42:48,91282CKY6,TSRYS5833261,D,S,D,2024-07-22,155000.00,4.525551,100.179687
09:42:56,91282CKY6,TSRYS5833261,D,S,D,2024-07-22,340000.00,4.52555,100.1796875
09:42:59,91282CKY6,TSRYS5833261,D,S,D,2024-07-22,340000.00,4.525551,100.179687
09:43:02,91282CKY6,TSRYS5833261,D,S,D,2024-07-22,575000.00,4.52555,100.1796875
09:43:04,91282CKY6,TSRYS5833261,D,S,D,2024-07-22,315000.00,4.525551,100.179687
09:43:04,91282CKY6,TSRYS5833261,D,S,D,2024-07-22,575000.00,4.525551,100.179687
09:43:04,91282CKY6,TSRYS5833261,D,S,D,2024-07-22,315000.00,4.525551,100.179687
09:43:14,91282CKY6,TSRYS5833261,D,S,D,2024-07-22,535000.00,4.525551,100.179687
09:43:18,91282CKY6,TSRYS5833261,D,B,C,2024-07-22,29500000.00,4.523425,100.18359375
09:43:28,91282CKY6,TSRYS5833261,D,S,T,2024-07-22,2000000.00,4.52555,100.1796875
09:43:34,91282CKY6,TSRYS5833261,D,S,D,2024-07-22,2000000.00,4.524488,100.181640625
09:43:34,91282CKY6,TSRYS5833261,D,S,D,2024-07-22,3000000.00,4.524488,100.181640625
09:43:35,91282CKY6,TSRYS5833261,D,S,T,2024-07-22,1000000.00,4.52348,100.18349375
09:43:38,91282CKY6,TSRYS5833261,D,S,T,2024-07-22,1000000.00,4.524488,100.181640625
09:43:38,91282CKY6,TSRYS5833261,D,S,T,2024-07-22,1000000.00,4.523425,100.18359375
09:43:40,91282CKY6,TSRYS5833261,D,S,D,2024-07-22,125000.00,4.525551,100.179687
09:43:43,91282CKY6,TSRYS5833261,D,S,D,2024-07-22,2500000.00,4.524488,100.181640625
09:43:43,91282CKY6,TSRYS5833261,D,S,T,2024-07-22,1000000.00,4.524488,100.181640625
09:43:44,91282CKY6,TSRYS5833261,D,S,C,2024-07-22,1000000.00,4.524488,100.181640625
09:43:44,91282CKY6,TSRYS5833261,D,B,C,2024-07-22,1000000.00,4.524488,100.181640625
09:43:58,91282CKY6,TSRYS5833261,D,B,C,2024-07-22,2000000.00,4.52555,100.1796875
09:44:03,91282CKY6,TSRYS5833261,D,S,D,2024-07-22,1000000.00,4.52555,100.1796875
09:44:03,91282CKY6,TSRYS5833261,D,B,C,2024-07-22,1000000.00,4.52555,100.1796875
09:44:04,91282CKY6,TSRYS5833261,D,S,D,2024-07-22,1000000.00,4.52555,100.1796875
09:44:20,91282CKY6,TSRYS5833261,D,S,D,2024-07-22,535000.00,4.52555,100.1796875
09:44:20,91282CKY6,TSRYS5833261,D,S,D,2024-07-22,125000.00,4.52555,100.1796875
09:44:20,91282CKY6,TSRYS5833261,D,S,A,2024-07-22,2500000.00,4.523049,100.18392875
09:44:20,91282CKY6,TSRYS5833261,D,S,D,2024-07-22,315000.00,4.52555,100.1796875
09:44:20,91282CKY6,TSRYS5833261,D,S,D,2024-07-22,330000.00,4.525551,100.179687
09:44:31,91282CKY6,TSRYS5833261,D,S,D,2024-07-22,790000.00,4.52555,100.1796875
09:44:33,91282CKY6,TSRYS5833261,D,B,C,2024-07-22,500000.00,4.525741,100.1796875
09:44:36,91282CKY6,TSRYS5833261,D,S,D,2024-07-22,790000.00,4.525551,100.179687
09:44:36,91282CKY6,TSRYS5833261,D,S,T,2024-07-22,2000000.00,4.525534,100.17971696
09:44:41,91282CKY6,TSRYS5833261,D,S,D,2024-07-22,2960000.00,4.52555,100.1796875
09:44:46,91282CKY6,TSRYS5833261,D,S,D,2024-07-22,2960000.00,4.525551,100.179687
09:44:46,91282CKY6,TSRYS5833261,D,S,D,2024-07-22,2500000.00,4.52555,100.1796875
09:44:46,91282CKY6,TSRYS5833261,D,B,A,2024-07-22,2500000.00,4.52555,100.1796875
09:44:47,91282CKY6,TSRYS5833261,D,S,T,2024-07-22,1000000.00,4.525605,100.1795875
09:44:47,91282CKY6,TSRYS5833261,D,S,T,2024-07-22,1000000.00,4.525605,100.1795875
09:45:07,91282CKY6,TSRYS5833261,D,S,D,2024-07-22,2190000.00,4.525551,100.179687
09:45:43,91282CKY6,TSRYS5833261,D,S,C,2024-07-22,1000000.00,4.524488,100.181640625
09:45:54,91282CKY6,TSRYS5833261,D,S,T,2024-07-22,1000000.00,4.523425,100.18359375
09:45:55,91282CKY6,TSRYS5833261,D,S,C,2024-07-22,1000000.00,4.523425,100.18359375
09:45:55,91282CKY6,TSRYS5833261,D,S,C,2024-07-22,3000000.00,4.523425,100.18359375
09:45:57,91282CKY6,TSRYS5833261,D,S,T,2024-07-22,1000000.00,4.523425,100.18359375
09:46:04,91282CKY6,TSRYS5833261,D,S,D,2024-07-22,4000000.00,4.523425,100.18359375
09:46:04,91282CKY6,TSRYS5833261,D,S,D,2024-07-22,4000000.00,4.523425,100.18359375
09:46:06,91282CKY6,TSRYS5833261,D,S,T,2024-07-22,3000000.00,4.523425,100.18359375
09:46:06,91282CKY6,TSRYS5833261,D,S,T,2024-07-22,2000000.00,4.523425,100.18359375
09:46:08,91282CKY6,TSRYS5833261,D,S,D,2024-07-22,1300000.00,4.525551,100.179687
09:46:09,91282CKY6,TSRYS5833261,D,B,C,2024-07-22,2000000.00,4.523425,100.18359375
09:46:09,91282CKY6,TSRYS5833261,D,S,D,2024-07-22,2000000.00,4.523425,100.18359375
09:46:42,91282CKY6,TSRYS5833261,D,S,T,2024-07-22,2000000.00,4.523425,100.18359375
09:46:44,91282CKY6,TSRYS5833261,D,S,D,2024-07-22,1950000.00,4.523425,100.18359375
09:47:07,91282CKY6,TSRYS5833261,D,S,A,2024-07-22,6000000.00,4.5213,100.1875
09:47:28,91282CKY6,TSRYS5833261,D,B,C,2024-07-22,170000.00,4.5213,100.1875
09:47:28,91282CKY6,TSRYS5833261,D,S,C,2024-07-22,170000.00,4.52002,100.189852941
09:47:32,91282CKY6,TSRYS5833261,D,S,D,2024-07-22,1000000.00,4.522363,100.185546875
09:47:53,91282CKY6,TSRYS5833261,D,S,D,2024-07-22,22000000.00,4.5213,100.1875
09:47:58,91282CKY6,TSRYS5833261,D,S,C,2024-07-22,1000000.00,4.523425,100.18359375
09:47:58,91282CKY6,TSRYS5833261,D,S,C,2024-07-22,1000000.00,4.523425,100.18359375
09:47:58,91282CKY6,TSRYS5833261,D,B,C,2024-07-22,1000000.00,4.523588,100.18329375
09:47:58,91282CKY6,TSRYS5833261,D,S,C,2024-07-22,1000000.00,4.523425,100.18359375
09:47:58,91282CKY6,TSRYS5833261,D,B,C,2024-07-22,1000000.00,4.523588,100.18329375
09:47:58,91282CKY6,TSRYS5833261,D,S,D,2024-07-22,12000000.00,4.523425,100.18359375
09:47:58,91282CKY6,TSRYS5833261,D,S,C,2024-07-22,1000000.00,4.523425,100.18359375
09:47:58,91282CKY6,TSRYS5833261,D,S,C,2024-07-22,2000000.00,4.523425,100.18359375
09:47:58,91282CKY6,TSRYS5833261,D,S,D,2024-07-22,8000000.00,4.523425,100.18359375
09:47:58,91282CKY6,TSRYS5833261,D,S,C,2024-07-22,2000000.00,4.523425,100.18359375
09:47:58,91282CKY6,TSRYS5833261,D,S,C,2024-07-22,1000000.00,4.523425,100.18359375
09:47:58,91282CKY6,TSRYS5833261,D,S,D,2024-07-22,1000000.00,4.523425,100.18359375
09:47:58,91282CKY6,TSRYS5833261,D,S,D,2024-07-22,1555000.00,4.523425,100.18359375
09:47:59,91282CKY6,TSRYS5833261,D,S,C,2024-07-22,2000000.00,4.52555,100.1796875
09:48:00,91282CKY6,TSRYS5833261,D,S,C,2024-07-22,2000000.00,4.525453,100.17986696
09:48:00,91282CKY6,TSRYS5833261,D,S,D,2024-07-22,3000000.00,4.52555,100.1796875
09:48:00,91282CKY6,TSRYS5833261,D,B,C,2024-07-22,3000000.00,4.52555,100.1796875
09:48:00,91282CKY6,TSRYS5833261,D,S,C,2024-07-22,1000000.00,4.52555,100.1796875
09:48:00,91282CKY6,TSRYS5833261,D,S,D,2024-07-22,1000000.00,4.52555,100.1796875
09:48:00,91282CKY6,TSRYS5833261,D,B,C,2024-07-22,1000000.00,4.52555,100.1796875
09:48:00,91282CKY6,TSRYS5833261,D,B,C,2024-07-22,1000000.00,4.52555,100.1796875
09:48:00,91282CKY6,TSRYS5833261,D,S,D,2024-07-22,1000000.00,4.523425,100.18359375
09:48:00,91282CKY6,TSRYS5833261,D,S,C,2024-07-22,2000000.00,4.523425,100.18359375
09:48:00,91282CKY6,TSRYS5833261,D,B,C,2024-07-22,1000000.00,4.523425,100.18359375
09:48:00,91282CKY6,TSRYS5833261,D,S,C,2024-07-22,1000000.00,4.523316,100.18379375
09:48:00,91282CKY6,TSRYS5833261,D,S,C,2024-07-22,3000000.00,4.523316,100.18379375
09:48:00,91282CKY6,TSRYS5833261,D,B,C,2024-07-22,2000000.00,4.523425,100.18359375
09:48:00,91282CKY6,TSRYS5833261,D,S,C,2024-07-22,1000000.00,4.523425,100.18359375
09:48:00,91282CKY6,TSRYS5833261,D,S,C,2024-07-22,1000000.00,4.523425,100.18359375
09:48:00,91282CKY6,TSRYS5833261,D,S,C,2024-07-22,2000000.00,4.523425,100.18359375
09:48:00,91282CKY6,TSRYS5833261,D,B,C,2024-07-22,1000000.00,4.523425,100.18359375
09:48:00,91282CKY6,TSRYS5833261,D,S,C,2024-07-22,1000000.00,4.523425,100.18359375
09:48:00,91282CKY6,TSRYS5833261,D,S,C,2024-07-22,5000000.00,4.523425,100.18359375
09:48:00,91282CKY6,TSRYS5833261,D,S,C,2024-07-22,1000000.00,4.523316,100.18379375
09:48:00,91282CKY6,TSRYS5833261,D,S,C,2024-07-22,1000000.00,4.523316,100.18379375
09:48:00,91282CKY6,TSRYS5833261,D,B,C,2024-07-22,1000000.00,4.523425,100.18359375
09:48:00,91282CKY6,TSRYS5833261,D,B,C,2024-07-22,1000000.00,4.523425,100.18359375
09:48:00,91282CKY6,TSRYS5833261,D,S,C,2024-07-22,4000000.00,4.523316,100.18379375
09:48:00,91282CKY6,TSRYS5833261,D,S,C,2024-07-22,2000000.00,4.523425,100.18359375
09:48:00,91282CKY6,TSRYS5833261,D,B,C,2024-07-22,2000000.00,4.523425,100.18359375
09:48:00,91282CKY6,TSRYS5833261,D,B,C,2024-07-22,1000000.00,4.523425,100.18359375
09:48:00,91282CKY6,TSRYS5833261,D,S,C,2024-07-22,1000000.00,4.523316,100.18379375
09:48:00,91282CKY6,TSRYS5833261,D,S,C,2024-07-22,1000000.00,4.523425,100.18359375
09:48:00,91282CKY6,TSRYS5833261,D,B,C,2024-07-22,1000000.00,4.523425,100.18359375
09:48:00,91282CKY6,TSRYS5833261,D,S,C,2024-07-22,2000000.00,4.523425,100.18359375
09:48:07,91282CKY6,TSRYS5833261,D,S,C,2024-07-22,70000.00,4.523425,100.18359375
09:48:17,91282CKY6,TSRYS5833261,D,S,D,2024-07-22,70000.00,,100.18359375
09:48:18,91282CKY6,TSRYS5833261,D,S,D,2024-07-22,136000000.00,4.525391,100.17998
09:48:23,91282CKY6,TSRYS5833261,D,B,C,2024-07-22,2080000.00,4.523607,100.18325875
09:49:44,91282CKY6,TSRYS5833261,D,S,T,2024-07-22,12000000.00,4.5213,100.1875
09:49:48,91282CKY6,TSRYS5833261,D,B,C,2024-07-22,2000000.00,4.520237,100.189453125
09:49:48,91282CKY6,TSRYS5833261,D,S,C,2024-07-22,2000000.00,4.520237,100.189453125
09:49:48,91282CKY6,TSRYS5833261,D,B,C,2024-07-22,2000000.00,4.5213,100.1875
09:49:48,91282CKY6,TSRYS5833261,D,S,D,2024-07-22,2000000.00,4.5213,100.1875
09:49:48,91282CKY6,TSRYS5833261,D,S,D,2024-07-22,2000000.00,4.5213,100.1875
09:49:49,91282CKY6,TSRYS5833261,D,B,C,2024-07-22,2000000.00,4.5213,100.1875
09:49:49,91282CKY6,TSRYS5833261,D,S,D,2024-07-22,4000000.00,4.5213,100.1875
09:49:49,91282CKY6,TSRYS5833261,D,B,C,2024-07-22,2000000.00,4.5213,100.1875
09:49:49,91282CKY6,TSRYS5833261,D,S,D,2024-07-22,12000000.00,4.5213,100.1875
09:49:49,91282CKY6,TSRYS5833261,D,S,D,2024-07-22,13000000.00,4.5213,100.1875
09:49:49,91282CKY6,TSRYS5833261,D,S,D,2024-07-22,1000000.00,4.5213,100.1875
09:49:49,91282CKY6,TSRYS5833261,D,S,D,2024-07-22,1000000.00,4.5213,100.1875
09:49:49,91282CKY6,TSRYS5833261,D,S,D,2024-07-22,5000000.00,4.5213,100.1875
09:49:49,91282CKY6,TSRYS5833261,D,B,C,2024-07-22,5000000.00,4.5213,100.1875
09:49:49,91282CKY6,TSRYS5833261,D,S,T,2024-07-22,1000000.00,4.5213,100.1875
09:49:49,91282CKY6,TSRYS5833261,D,S,T,2024-07-22,1000000.00,4.5213,100.1875
09:49:49,91282CKY6,TSRYS5833261,D,S,T,2024-07-22,1000000.00,4.5213,100.1875
09:49:49,91282CKY6,TSRYS5833261,D,S,T,2024-07-22,1000000.00,4.5213,100.1875
09:49:49,91282CKY6,TSRYS5833261,D,S,T,2024-07-22,1000000.00,4.5213,100.1875
09:49:49,91282CKY6,TSRYS5833261,D,S,T,2024-07-22,1000000.00,4.5213,100.1875
09:49:50,91282CKY6,TSRYS5833261,D,S,T,2024-07-22,1000000.00,4.5213,100.1875
09:49:50,91282CKY6,TSRYS5833261,D,S,T,2024-07-22,3000000.00,4.5213,100.1875
09:49:51,91282CKY6,TSRYS5833261,D,S,T,2024-07-22,1000000.00,4.5213,100.1875
09:49:51,91282CKY6,TSRYS5833261,D,S,T,2024-07-22,1000000.00,4.5213,100.1875
09:49:52,91282CKY6,TSRYS5833261,D,S,C,2024-07-22,1000000.00,4.5213,100.1875
09:49:52,91282CKY6,TSRYS5833261,D,B,C,2024-07-22,1000000.00,4.5213,100.1873
09:49:53,91282CKY6,TSRYS5833261,D,S,T,2024-07-22,1000000.00,4.5213,100.1875
09:49:53,91282CKY6,TSRYS5833261,D,S,T,2024-07-22,1000000.00,4.5213,100.1875
09:49:54,91282CKY6,TSRYS5833261,D,S,T,2024-07-22,1000000.00,4.5213,100.1875
09:49:54,91282CKY6,TSRYS5833261,D,S,T,2024-07-22,1000000.00,4.5213,100.1875
09:49:54,91282CKY6,TSRYS5833261,D,S,T,2024-07-22,3000000.00,4.5213,100.1875
09:49:54,91282CKY6,TSRYS5833261,D,S,T,2024-07-22,1000000.00,4.5213,100.1875
09:49:54,91282CKY6,TSRYS5833261,D,S,T,2024-07-22,1000000.00,4.5213,100.1875
09:49:54,91282CKY6,TSRYS5833261,D,S,T,2024-07-22,1000000.00,4.5213,100.1875
09:49:54,91282CKY6,TSRYS5833261,D,S,T,2024-07-22,1000000.00,4.5213,100.1875
09:49:54,91282CKY6,TSRYS5833261,D,S,T,2024-07-22,1000000.00,4.5213,100.1875
09:49:54,91282CKY6,TSRYS5833261,D,S,T,2024-07-22,1000000.00,4.5213,100.1875
09:49:54,91282CKY6,TSRYS5833261,D,S,T,2024-07-22,1000000.00,4.5213,100.1875
09:49:54,91282CKY6,TSRYS5833261,D,S,T,2024-07-22,1000000.00,4.5213,100.1875
09:49:54,91282CKY6,TSRYS5833261,D,S,T,2024-07-22,1000000.00,4.5213,100.1875
09:49:55,91282CKY6,TSRYS5833261,D,S,T,2024-07-22,1000000.00,4.5213,100.1875
09:49:55,91282CKY6,TSRYS5833261,D,S,T,2024-07-22,1000000.00,4.5213,100.1875
09:49:55,91282CKY6,TSRYS5833261,D,S,T,2024-07-22,1000000.00,4.5213,100.1875
09:49:55,91282CKY6,TSRYS5833261,D,S,T,2024-07-22,1000000.00,4.5213,100.1875
09:49:55,91282CKY6,TSRYS5833261,D,S,T,2024-07-22,1000000.00,4.5213,100.1875
09:49:55,91282CKY6,TSRYS5833261,D,S,T,2024-07-22,1000000.00,4.5213,100.1875
09:49:55,91282CKY6,TSRYS5833261,D,S,T,2024-07-22,2000000.00,4.5213,100.1875
09:49:55,91282CKY6,TSRYS5833261,D,S,T,2024-07-22,1000000.00,4.5213,100.1875
09:49:55,91282CKY6,TSRYS5833261,D,S,T,2024-07-22,2000000.00,4.5213,100.1875
09:49:55,91282CKY6,TSRYS5833261,D,S,T,2024-07-22,1000000.00,4.5213,100.1875
09:49:55,91282CKY6,TSRYS5833261,D,S,T,2024-07-22,1000000.00,4.5213,100.1875
09:49:55,91282CKY6,TSRYS5833261,D,S,T,2024-07-22,1000000.00,4.5213,100.1875
09:49:55,91282CKY6,TSRYS5833261,D,S,T,2024-07-22,1000000.00,4.5213,100.1875
09:49:55,91282CKY6,TSRYS5833261,D,S,T,2024-07-22,1000000.00,4.5213,100.1875
09:49:55,91282CKY6,TSRYS5833261,D,S,C,2024-07-22,3000000.00,4.5213,100.1875
09:49:55,91282CKY6,TSRYS5833261,D,S,T,2024-07-22,1000000.00,4.5213,100.1875
09:49:55,91282CKY6,TSRYS5833261,D,B,C,2024-07-22,3000000.00,4.5213,100.1875
09:49:55,91282CKY6,TSRYS5833261,D,S,T,2024-07-22,3000000.00,4.5213,100.1875
09:49:55,91282CKY6,TSRYS5833261,D,S,T,2024-07-22,1000000.00,4.5213,100.1875
09:49:55,91282CKY6,TSRYS5833261,D,S,T,2024-07-22,1000000.00,4.5213,100.1875
09:49:55,91282CKY6,TSRYS5833261,D,S,T,2024-07-22,1000000.00,4.5213,100.1875
09:49:55,91282CKY6,TSRYS5833261,D,S,T,2024-07-22,1000000.00,4.5213,100.1875
09:49:55,91282CKY6,TSRYS5833261,D,S,T,2024-07-22,1000000.00,4.5213,100.1875
09:49:55,91282CKY6,TSRYS5833261,D,S,T,2024-07-22,1000000.00,4.5213,100.1875
09:49:55,91282CKY6,TSRYS5833261,D,S,T,2024-07-22,2000000.00,4.5213,100.1875
09:49:55,91282CKY6,TSRYS5833261,D,S,T,2024-07-22,1000000.00,4.5213,100.1875
09:49:55,91282CKY6,TSRYS5833261,D,S,T,2024-07-22,1000000.00,4.5213,100.1875
09:49:55,91282CKY6,TSRYS5833261,D,S,T,2024-07-22,1000000.00,4.5213,100.1875
09:49:56,91282CKY6,TSRYS5833261,D,S,T,2024-07-22,1000000.00,4.5213,100.1875
09:49:56,91282CKY6,TSRYS5833261,D,S,T,2024-07-22,1000000.00,4.5213,100.1875
09:49:56,91282CKY6,TSRYS5833261,D,S,T,2024-07-22,2000000.00,4.5213,100.1875
09:49:56,91282CKY6,TSRYS5833261,D,S,T,2024-07-22,3000000.00,4.5213,100.1875
09:49:56,91282CKY6,TSRYS5833261,D,S,T,2024-07-22,2000000.00,4.5213,100.1875
09:49:56,91282CKY6,TSRYS5833261,D,S,T,2024-07-22,1000000.00,4.5213,100.1875
09:49:56,91282CKY6,TSRYS5833261,D,S,T,2024-07-22,1000000.00,4.5213,100.1875
09:49:56,91282CKY6,TSRYS5833261,D,S,T,2024-07-22,1000000.00,4.5213,100.1875
09:49:56,91282CKY6,TSRYS5833261,D,S,T,2024-07-22,1000000.00,4.5213,100.1875
09:49:56,91282CKY6,TSRYS5833261,D,S,T,2024-07-22,2000000.00,4.5213,100.1875
09:49:56,91282CKY6,TSRYS5833261,D,S,T,2024-07-22,1000000.00,4.5213,100.1875
09:49:56,91282CKY6,TSRYS5833261,D,S,T,2024-07-22,1000000.00,4.5213,100.1875
09:49:56,91282CKY6,TSRYS5833261,D,S,T,2024-07-22,1000000.00,4.5213,100.1875
09:49:56,91282CKY6,TSRYS5833261,D,S,T,2024-07-22,1000000.00,4.5213,100.1875
09:49:56,91282CKY6,TSRYS5833261,D,S,T,2024-07-22,1000000.00,4.5213,100.1875
09:49:57,91282CKY6,TSRYS5833261,D,S,T,2024-07-22,1000000.00,4.5213,100.1875
09:49:57,91282CKY6,TSRYS5833261,D,S,T,2024-07-22,1000000.00,4.5213,100.1875
09:49:57,91282CKY6,TSRYS5833261,D,S,T,2024-07-22,1000000.00,4.5213,100.1875
09:50:00,91282CKY6,TSRYS5833261,D,S,C,2024-07-22,2000000.00,4.5213,100.1875
09:50:00,91282CKY6,TSRYS5833261,D,B,C,2024-07-22,2000000.00,4.5213,100.1875
09:50:00,91282CKY6,TSRYS5833261,D,B,C,2024-07-22,3000000.00,4.5213,100.1875
09:50:00,91282CKY6,TSRYS5833261,D,S,C,2024-07-22,3000000.00,4.5213,100.1875
09:50:14,91282CKY6,TSRYS5833261,D,S,D,2024-07-22,96200000.00,4.419417,100.375
09:50:25,91282CKY6,TSRYS5833261,D,S,C,2024-07-22,1000000.00,4.520237,100.189453125
09:50:25,91282CKY6,TSRYS5833261,D,S,C,2024-07-22,1000000.00,4.520237,100.189453125
09:50:25,91282CKY6,TSRYS5833261,D,B,C,2024-07-22,1000000.00,4.520237,100.189453125
09:50:28,91282CKY6,TSRYS5833261,D,S,D,2024-07-22,1000000.00,4.520237,100.189453125
09:50:29,91282CKY6,TSRYS5833261,D,S,C,2024-07-22,900000.00,4.514925,100.19921875
09:50:34,91282CKY6,TSRYS5833261,D,B,A,2024-07-22,14000.00,4.519175,100.19140625
09:50:34,91282CKY6,TSRYS5833261,D,S,C,2024-07-22,1000000.00,4.521191,100.1877
09:50:34,91282CKY6,TSRYS5833261,D,S,D,2024-07-22,4000000.00,4.521217,100.187652
09:50:34,91282CKY6,TSRYS5833261,D,S,C,2024-07-22,1000000.00,4.5213,100.1875
09:50:34,91282CKY6,TSRYS5833261,D,S,C,2024-07-22,1000000.00,4.5213,100.1875
09:50:34,91282CKY6,TSRYS5833261,D,S,D,2024-07-22,1000000.00,4.5213,100.1875
09:50:34,91282CKY6,TSRYS5833261,D,S,C,2024-07-22,1000000.00,4.5213,100.1875
09:50:34,91282CKY6,TSRYS5833261,D,S,C,2024-07-22,1000000.00,4.521137,100.1878
09:50:34,91282CKY6,TSRYS5833261,D,S,D,2024-07-22,1000000.00,4.5213,100.1875
09:50:34,91282CKY6,TSRYS5833261,D,B,C,2024-07-22,4000000.00,4.521382,100.18735
09:50:34,91282CKY6,TSRYS5833261,D,S,D,2024-07-22,1000000.00,4.5213,100.1875
09:50:34,91282CKY6,TSRYS5833261,D,S,D,2024-07-22,1000000.00,4.5213,100.1875
09:50:34,91282CKY6,TSRYS5833261,D,B,C,2024-07-22,1000000.00,4.5213,100.1875
09:50:34,91282CKY6,TSRYS5833261,D,S,D,2024-07-22,1000000.00,4.521204,100.187677
09:50:34,91282CKY6,TSRYS5833261,D,S,C,2024-07-22,1000000.00,4.5213,100.1875
09:50:34,91282CKY6,TSRYS5833261,D,S,C,2024-07-22,1000000.00,4.5213,100.1875
09:50:34,91282CKY6,TSRYS5833261,D,B,C,2024-07-22,1000000.00,4.5213,100.1875
09:50:34,91282CKY6,TSRYS5833261,D,S,C,2024-07-22,1000000.00,4.521218,100.18765
09:50:34,91282CKY6,TSRYS5833261,D,S,C,2024-07-22,1000000.00,4.5213,100.1875
09:50:34,91282CKY6,TSRYS5833261,D,B,C,2024-07-22,1000000.00,4.5213,100.1875
09:50:34,91282CKY6,TSRYS5833261,D,B,C,2024-07-22,2000000.00,4.5213,100.1875
09:50:34,91282CKY6,TSRYS5833261,D,S,C,2024-07-22,1000000.00,4.5213,100.1875
09:50:34,91282CKY6,TSRYS5833261,D,S,C,2024-07-22,2000000.00,4.521164,100.18775
09:50:34,91282CKY6,TSRYS5833261,D,B,C,2024-07-22,1000000.00,4.5213,100.1875
09:50:34,91282CKY6,TSRYS5833261,D,S,C,2024-07-22,1000000.00,4.5213,100.1875
09:50:34,91282CKY6,TSRYS5833261,D,B,C,2024-07-22,1000000.00,4.5213,100.1875
09:50:35,91282CKY6,TSRYS5833261,D,S,D,2024-07-22,2000000.00,4.5213,100.1875
09:50:38,91282CKY6,TSRYS5833261,D,S,T,2024-07-22,3000000.00,4.5213,100.1875
09:50:49,91282CKY6,TSRYS5833261,D,S,D,2024-07-22,1000000.00,4.5213,100.1875
09:50:49,91282CKY6,TSRYS5833261,D,S,D,2024-07-22,3000000.00,4.521217,100.187652
09:50:49,91282CKY6,TSRYS5833261,D,B,C,2024-07-22,2000000.00,4.520237,100.189453125
09:50:49,91282CKY6,TSRYS5833261,D,S,D,2024-07-22,2000000.00,4.520237,100.189453125
09:50:49,91282CKY6,TSRYS5833261,D,B,C,2024-07-22,2000000.00,4.5213,100.1875
09:50:49,91282CKY6,TSRYS5833261,D,S,D,2024-07-22,2000000.00,4.521217,100.187652
09:50:49,91282CKY6,TSRYS5833261,D,S,C,2024-07-22,1000000.00,4.521191,100.1877
09:50:49,91282CKY6,TSRYS5833261,D,S,C,2024-07-22,3000000.00,4.521218,100.18765
09:50:49,91282CKY6,TSRYS5833261,D,S,C,2024-07-22,1000000.00,4.5213,100.1875
09:50:49,91282CKY6,TSRYS5833261,D,S,C,2024-07-22,1000000.00,4.521191,100.1877
09:50:49,91282CKY6,TSRYS5833261,D,S,C,2024-07-22,1000000.00,4.520237,100.189453125
09:50:49,91282CKY6,TSRYS5833261,D,S,D,2024-07-22,2000000.00,4.5213,100.1875
09:50:49,91282CKY6,TSRYS5833261,D,S,D,2024-07-22,1000000.00,4.5213,100.1875
09:50:49,91282CKY6,TSRYS5833261,D,S,D,2024-07-22,1000000.00,4.5213,100.1875
09:50:49,91282CKY6,TSRYS5833261,D,S,C,2024-07-22,1000000.00,4.521191,100.1877
09:50:49,91282CKY6,TSRYS5833261,D,S,C,2024-07-22,1000000.00,4.5213,100.1875
09:50:49,91282CKY6,TSRYS5833261,D,S,C,2024-07-22,1000000.00,4.521191,100.1877
09:50:49,91282CKY6,TSRYS5833261,D,S,C,2024-07-22,3000000.00,4.5213,100.1875
09:50:49,91282CKY6,TSRYS5833261,D,S,C,2024-07-22,1000000.00,4.521191,100.1877
09:50:49,91282CKY6,TSRYS5833261,D,S,C,2024-07-22,1000000.00,4.520237,100.189453125
09:50:49,91282CKY6,TSRYS5833261,D,S,C,2024-07-22,2000000.00,4.5213,100.1875
09:50:49,91282CKY6,TSRYS5833261,D,S,C,2024-07-22,1000000.00,4.5213,100.1875
09:50:49,91282CKY6,TSRYS5833261,D,S,C,2024-07-22,1000000.00,4.5213,100.1875
09:50:49,91282CKY6,TSRYS5833261,D,S,C,2024-07-22,1000000.00,4.5213,100.1875
09:50:49,91282CKY6,TSRYS5833261,D,S,D,2024-07-22,2000000.00,4.5213,100.1875
09:50:49,91282CKY6,TSRYS5833261,D,S,C,2024-07-22,1000000.00,4.5213,100.1875
09:50:49,91282CKY6,TSRYS5833261,D,S,C,2024-07-22,1000000.00,4.5213,100.1875
09:50:49,91282CKY6,TSRYS5833261,D,S,C,2024-07-22,1000000.00,4.5213,100.1875
09:50:49,91282CKY6,TSRYS5833261,D,S,C,2024-07-22,2000000.00,4.5213,100.1875
09:50:49,91282CKY6,TSRYS5833261,D,S,C,2024-07-22,1000000.00,4.5213,100.1875
09:50:49,91282CKY6,TSRYS5833261,D,B,C,2024-07-22,1000000.00,4.5213,100.1875
09:50:49,91282CKY6,TSRYS5833261,D,S,C,2024-07-22,1000000.00,4.5213,100.1875
09:50:49,91282CKY6,TSRYS5833261,D,B,C,2024-07-22,1000000.00,4.5213,100.1875
09:50:50,91282CKY6,TSRYS5833261,D,B,C,2024-07-22,2000000.00,4.5213,100.1875
09:50:50,91282CKY6,TSRYS5833261,D,S,T,2024-07-22,1000000.00,4.5213,100.1875
09:50:54,91282CKY6,TSRYS5833261,D,B,C,2024-07-22,1000000.00,4.520237,100.189453125
09:50:54,91282CKY6,TSRYS5833261,D,S,D,2024-07-22,1000000.00,4.520237,100.189453125
09:50:54,91282CKY6,TSRYS5833261,D,B,C,2024-07-22,1000000.00,4.520237,100.189278125
09:50:54,91282CKY6,TSRYS5833261,D,S,D,2024-07-22,1000000.00,4.520237,100.189453125
09:50:54,91282CKY6,TSRYS5833261,D,B,C,2024-07-22,1000000.00,4.520237,100.189453125
09:50:54,91282CKY6,TSRYS5833261,D,S,D,2024-07-22,1000000.00,4.520237,100.189453125
09:50:54,91282CKY6,TSRYS5833261,D,B,C,2024-07-22,1000000.00,4.520237,100.189453125
09:50:54,91282CKY6,TSRYS5833261,D,S,D,2024-07-22,1000000.00,4.520237,100.189453125
09:50:54,91282CKY6,TSRYS5833261,D,B,C,2024-07-22,1000000.00,4.519175,100.19140625
09:50:54,91282CKY6,TSRYS5833261,D,S,D,2024-07-22,1000000.00,4.519175,100.19140625
09:50:54,91282CKY6,TSRYS5833261,D,B,C,2024-07-22,1000000.00,4.519175,100.19140625
09:50:54,91282CKY6,TSRYS5833261,D,S,D,2024-07-22,1000000.00,4.519175,100.19140625
09:50:54,91282CKY6,TSRYS5833261,D,S,D,2024-07-22,1000000.00,4.519175,100.19140625
09:50:54,91282CKY6,TSRYS5833261,D,B,C,2024-07-22,3000000.00,4.519175,100.19123125
09:50:54,91282CKY6,TSRYS5833261,D,S,D,2024-07-22,3000000.00,4.519175,100.19140625
09:50:54,91282CKY6,TSRYS5833261,D,S,C,2024-07-22,1000000.00,4.520237,100.189453125
09:50:54,91282CKY6,TSRYS5833261,D,S,D,2024-07-22,1000000.00,4.520237,100.189453125
09:50:54,91282CKY6,TSRYS5833261,D,S,D,2024-07-22,1000000.00,4.520237,100.189453125
09:50:54,91282CKY6,TSRYS5833261,D,S,T,2024-07-22,1000000.00,4.519175,100.19140625
09:50:54,91282CKY6,TSRYS5833261,D,B,C,2024-07-22,1000000.00,4.520237,100.189453125
09:50:54,91282CKY6,TSRYS5833261,D,S,T,2024-07-22,1000000.00,4.519175,100.19140625
09:50:54,91282CKY6,TSRYS5833261,D,S,T,2024-07-22,1000000.00,4.519175,100.19140625
09:50:58,91282CKY6,TSRYS5833261,D,B,C,2024-07-22,1000000.00,4.519175,100.19140625
09:50:58,91282CKY6,TSRYS5833261,D,S,D,2024-07-22,1000000.00,4.519175,100.19140625
09:50:58,91282CKY6,TSRYS5833261,D,B,C,2024-07-22,2000000.00,4.519175,100.19140625
09:50:58,91282CKY6,TSRYS5833261,D,S,D,2024-07-22,2000000.00,4.519175,100.19140625
09:50:58,91282CKY6,TSRYS5833261,D,B,C,2024-07-22,1000000.00,4.519175,100.19140625
09:50:58,91282CKY6,TSRYS5833261,D,S,D,2024-07-22,1000000.00,4.519175,100.19140625
09:50:58,91282CKY6,TSRYS5833261,D,B,C,2024-07-22,1000000.00,4.519175,100.19123125
09:50:58,91282CKY6,TSRYS5833261,D,S,D,2024-07-22,1000000.00,4.519175,100.19140625
09:50:58,91282CKY6,TSRYS5833261,D,B,C,2024-07-22,2000000.00,4.519175,100.19123125
09:50:58,91282CKY6,TSRYS5833261,D,S,D,2024-07-22,2000000.00,4.519175,100.19140625
09:50:58,91282CKY6,TSRYS5833261,D,B,C,2024-07-22,1000000.00,4.519175,100.19123125
09:50:58,91282CKY6,TSRYS5833261,D,S,D,2024-07-22,1000000.00,4.519175,100.19140625
09:50:58,91282CKY6,TSRYS5833261,D,B,C,2024-07-22,2000000.00,4.519175,100.19123125
09:50:58,91282CKY6,TSRYS5833261,D,S,D,2024-07-22,2000000.00,4.519175,100.19140625
09:50:58,91282CKY6,TSRYS5833261,D,S,D,2024-07-22,1000000.00,4.519175,100.19140625
09:50:58,91282CKY6,TSRYS5833261,D,B,C,2024-07-22,1000000.00,4.519175,100.19140625
09:50:58,91282CKY6,TSRYS5833261,D,S,D,2024-07-22,1000000.00,4.519175,100.19140625
09:50:58,91282CKY6,TSRYS5833261,D,S,D,2024-07-22,1000000.00,4.519175,100.19140625
09:50:58,91282CKY6,TSRYS5833261,D,B,C,2024-07-22,1000000.00,4.519175,100.19140625
09:50:58,91282CKY6,TSRYS5833261,D,S,C,2024-07-22,1000000.00,4.519175,100.19140625
09:50:58,91282CKY6,TSRYS5833261,D,S,C,2024-07-22,1000000.00,4.520237,100.189453125
09:50:58,91282CKY6,TSRYS5833261,D,B,C,2024-07-22,1000000.00,4.520237,100.189278125
09:50:58,91282CKY6,TSRYS5833261,D,S,C,2024-07-22,1000000.00,4.520237,100.189453125
09:50:58,91282CKY6,TSRYS5833261,D,B,C,2024-07-22,1000000.00,4.520237,100.189278125
09:50:59,91282CKY6,TSRYS5833261,D,S,T,2024-07-22,14000000.00,4.519175,100.19140625
09:50:59,91282CKY6,TSRYS5833261,D,S,T,2024-07-22,1000000.00,4.519175,100.19140625
09:51:00,91282CKY6,TSRYS5833261,D,S,D,2024-07-22,31000000.00,4.520974,100.1881
09:51:04,91282CKY6,TSRYS5833261,D,S,C,2024-07-22,1000000.00,4.521246,100.1876
09:51:04,91282CKY6,TSRYS5833261,D,S,C,2024-07-22,1000000.00,4.5213,100.1875
09:51:04,91282CKY6,TSRYS5833261,D,S,C,2024-07-22,1000000.00,4.521191,100.1877
09:51:04,91282CKY6,TSRYS5833261,D,S,C,2024-07-22,1000000.00,4.521191,100.1877
09:51:04,91282CKY6,TSRYS5833261,D,S,D,2024-07-22,1000000.00,4.5213,100.1875
09:51:04,91282CKY6,TSRYS5833261,D,S,D,2024-07-22,1000000.00,4.5213,100.1875
09:51:04,91282CKY6,TSRYS5833261,D,S,C,2024-07-22,1000000.00,4.5213,100.1875
09:51:04,91282CKY6,TSRYS5833261,D,S,C,2024-07-22,1000000.00,4.5213,100.1875
09:51:04,91282CKY6,TSRYS5833261,D,S,C,2024-07-22,2000000.00,4.521191,100.1877
09:51:04,91282CKY6,TSRYS5833261,D,S,C,2024-07-22,1000000.00,4.521191,100.1877
09:51:04,91282CKY6,TSRYS5833261,D,S,D,2024-07-22,1000000.00,4.5213,100.1875
09:51:04,91282CKY6,TSRYS5833261,D,S,D,2024-07-22,1000000.00,4.5213,100.1875
09:51:04,91282CKY6,TSRYS5833261,D,S,D,2024-07-22,1000000.00,4.5213,100.1875
09:51:04,91282CKY6,TSRYS5833261,D,S,C,2024-07-22,1000000.00,4.521191,100.1877
09:51:04,91282CKY6,TSRYS5833261,D,S,D,2024-07-22,1000000.00,4.5213,100.1875
09:51:04,91282CKY6,TSRYS5833261,D,S,D,2024-07-22,3000000.00,4.5213,100.1875
09:51:04,91282CKY6,TSRYS5833261,D,S,C,2024-07-22,1000000.00,4.521191,100.1877
09:51:04,91282CKY6,TSRYS5833261,D,B,C,2024-07-22,1000000.00,4.5213,100.1875
09:51:04,91282CKY6,TSRYS5833261,D,S,C,2024-07-22,1000000.00,4.521191,100.1877
09:51:04,91282CKY6,TSRYS5833261,D,S,C,2024-07-22,1000000.00,4.5213,100.1875
09:51:04,91282CKY6,TSRYS5833261,D,S,C,2024-07-22,1000000.00,4.521191,100.1877
09:51:04,91282CKY6,TSRYS5833261,D,S,C,2024-07-22,1000000.00,4.5213,100.1875
09:51:04,91282CKY6,TSRYS5833261,D,S,C,2024-07-22,1000000.00,4.5213,100.1875
09:51:04,91282CKY6,TSRYS5833261,D,S,C,2024-07-22,1000000.00,4.521246,100.1876
09:51:04,91282CKY6,TSRYS5833261,D,S,C,2024-07-22,1000000.00,4.521164,100.18775
09:51:04,91282CKY6,TSRYS5833261,D,S,C,2024-07-22,1000000.00,4.521246,100.1876
09:51:10,91282CKY6,TSRYS5833261,D,S,T,2024-07-22,1000000.00,4.519257,100.19125625
09:51:16,91282CKY6,TSRYS5833261,D,S,T,2024-07-22,1000000.00,4.519257,100.19125625
09:51:22,91282CKY6,TSRYS5833261,D,B,C,2024-07-22,1000000.00,4.5213,100.1875
09:51:22,91282CKY6,TSRYS5833261,D,S,C,2024-07-22,1000000.00,4.521137,100.1878
09:51:22,91282CKY6,TSRYS5833261,D,S,D,2024-07-22,1000000.00,4.5213,100.1875
09:51:22,91282CKY6,TSRYS5833261,D,S,C,2024-07-22,1000000.00,4.521164,100.18775
09:51:22,91282CKY6,TSRYS5833261,D,B,C,2024-07-22,1000000.00,4.5213,100.1875
09:51:22,91282CKY6,TSRYS5833261,D,S,C,2024-07-22,1000000.00,4.5213,100.1875
09:51:22,91282CKY6,TSRYS5833261,D,S,C,2024-07-22,1000000.00,4.521246,100.1876
09:51:22,91282CKY6,TSRYS5833261,D,S,C,2024-07-22,2000000.00,4.5213,100.1875
09:51:22,91282CKY6,TSRYS5833261,D,S,D,2024-07-22,1000000.00,4.5213,100.1875
09:51:22,91282CKY6,TSRYS5833261,D,S,C,2024-07-22,1000000.00,4.521164,100.18775
09:51:22,91282CKY6,TSRYS5833261,D,S,C,2024-07-22,1000000.00,4.5213,100.1875
09:51:22,91282CKY6,TSRYS5833261,D,S,D,2024-07-22,2000000.00,4.521204,100.187677
09:51:22,91282CKY6,TSRYS5833261,D,B,C,2024-07-22,2000000.00,4.5213,100.1875
09:51:22,91282CKY6,TSRYS5833261,D,S,D,2024-07-22,1000000.00,4.521204,100.187677
09:51:22,91282CKY6,TSRYS5833261,D,S,D,2024-07-22,1000000.00,4.521204,100.187677
09:51:22,91282CKY6,TSRYS5833261,D,S,C,2024-07-22,1000000.00,4.5213,100.1875
09:51:22,91282CKY6,TSRYS5833261,D,B,C,2024-07-22,1000000.00,4.5213,100.1875
09:51:22,91282CKY6,TSRYS5833261,D,S,C,2024-07-22,1000000.00,4.5213,100.1875
09:51:22,91282CKY6,TSRYS5833261,D,B,C,2024-07-22,1000000.00,4.5213,100.1875
09:51:22,91282CKY6,TSRYS5833261,D,S,C,2024-07-22,1000000.00,4.5213,100.1875
09:51:22,91282CKY6,TSRYS5833261,D,B,C,2024-07-22,1000000.00,4.5213,100.1875
09:51:22,91282CKY6,TSRYS5833261,D,S,C,2024-07-22,1000000.00,4.5213,100.1875
09:51:22,91282CKY6,TSRYS5833261,D,B,C,2024-07-22,1000000.00,4.5213,100.1875
09:51:22,91282CKY6,TSRYS5833261,D,S,C,2024-07-22,1000000.00,4.5213,100.1875
09:51:22,91282CKY6,TSRYS5833261,D,S,C,2024-07-22,3000000.00,4.5213,100.1875
09:51:24,91282CKY6,TSRYS5833261,D,B,C,2024-07-22,76000000.00,4.5213,100.1875
09:51:31,91282CKY6,TSRYS5833261,D,S,D,2024-07-22,3475000.00,4.5213,100.1875
09:51:33,91282CKY6,TSRYS5833261,D,S,D,2024-07-22,3475000.00,4.521844,100.1865
09:51:34,91282CKY6,TSRYS5833261,D,B,C,2024-07-22,1000000.00,4.521409,100.1873
09:51:34,91282CKY6,TSRYS5833261,D,S,C,2024-07-22,1000000.00,4.5213,100.1875
09:51:34,91282CKY6,TSRYS5833261,D,S,D,2024-07-22,1000000.00,4.519175,100.19140625
09:51:34,91282CKY6,TSRYS5833261,D,S,D,2024-07-22,2000000.00,4.519175,100.19140625
09:51:34,91282CKY6,TSRYS5833261,D,B,C,2024-07-22,1000000.00,4.519175,100.19140625
09:51:34,91282CKY6,TSRYS5833261,D,B,C,2024-07-22,1000000.00,4.519175,100.19140625
09:51:34,91282CKY6,TSRYS5833261,D,S,D,2024-07-22,1000000.00,4.519175,100.19140625
09:51:34,91282CKY6,TSRYS5833261,D,S,D,2024-07-22,1000000.00,4.519175,100.19140625
09:51:34,91282CKY6,TSRYS5833261,D,S,D,2024-07-22,1000000.00,4.519175,100.19140625
09:51:34,91282CKY6,TSRYS5833261,D,B,C,2024-07-22,2000000.00,4.519284,100.19120625
09:51:34,91282CKY6,TSRYS5833261,D,B,C,2024-07-22,1000000.00,4.519311,100.19115625
09:51:34,91282CKY6,TSRYS5833261,D,B,C,2024-07-22,1000000.00,4.519175,100.19140625
09:51:34,91282CKY6,TSRYS5833261,D,B,C,2024-07-22,1000000.00,4.519175,100.19140625
09:51:34,91282CKY6,TSRYS5833261,D,S,D,2024-07-22,1000000.00,4.519175,100.19140625
09:51:34,91282CKY6,TSRYS5833261,D,S,D,2024-07-22,2000000.00,4.519175,100.19140625
09:51:34,91282CKY6,TSRYS5833261,D,B,C,2024-07-22,1000000.00,4.519175,100.19140625
09:51:34,91282CKY6,TSRYS5833261,D,S,D,2024-07-22,1000000.00,4.519175,100.19140625
09:51:34,91282CKY6,TSRYS5833261,D,S,D,2024-07-22,1000000.00,4.519175,100.19140625
09:51:34,91282CKY6,TSRYS5833261,D,B,C,2024-07-22,1000000.00,4.519175,100.19140625
09:51:34,91282CKY6,TSRYS5833261,D,B,C,2024-07-22,1000000.00,4.519175,100.19140625
09:51:34,91282CKY6,TSRYS5833261,D,B,C,2024-07-22,1000000.00,4.519175,100.19140625
09:51:34,91282CKY6,TSRYS5833261,D,S,D,2024-07-22,1000000.00,4.519175,100.19140625
09:51:34,91282CKY6,TSRYS5833261,D,S,D,2024-07-22,14000000.00,4.519175,100.19140625
09:51:34,91282CKY6,TSRYS5833261,D,S,D,2024-07-22,2000000.00,4.519175,100.19140625
09:51:34,91282CKY6,TSRYS5833261,D,B,C,2024-07-22,1000000.00,4.519175,100.19140625
09:51:34,91282CKY6,TSRYS5833261,D,S,D,2024-07-22,2000000.00,4.519175,100.19140625
09:51:34,91282CKY6,TSRYS5833261,D,S,D,2024-07-22,1000000.00,4.519175,100.19140625
09:51:34,91282CKY6,TSRYS5833261,D,B,C,2024-07-22,2000000.00,4.51927,100.19123125
09:51:34,91282CKY6,TSRYS5833261,D,S,D,2024-07-22,1000000.00,4.519175,100.19140625
09:51:34,91282CKY6,TSRYS5833261,D,B,C,2024-07-22,1000000.00,4.519257,100.19125625
09:51:34,91282CKY6,TSRYS5833261,D,S,D,2024-07-22,1000000.00,4.519175,100.19140625
09:51:34,91282CKY6,TSRYS5833261,D,S,D,2024-07-22,1000000.00,4.519175,100.19140625
09:51:34,91282CKY6,TSRYS5833261,D,B,C,2024-07-22,2000000.00,4.51927,100.19123125
09:51:34,91282CKY6,TSRYS5833261,D,S,D,2024-07-22,2000000.00,4.519175,100.19140625
09:51:34,91282CKY6,TSRYS5833261,D,S,D,2024-07-22,2000000.00,4.519175,100.19140625
09:51:34,91282CKY6,TSRYS5833261,D,B,C,2024-07-22,1000000.00,4.519175,100.19140625
09:51:34,91282CKY6,TSRYS5833261,D,S,D,2024-07-22,1000000.00,4.519175,100.19140625
09:51:49,91282CKY6,TSRYS5833261,D,S,D,2024-07-22,1000000.00,4.519175,100.19140625
09:51:49,91282CKY6,TSRYS5833261,D,S,D,2024-07-22,2000000.00,4.519175,100.19140625
09:51:49,91282CKY6,TSRYS5833261,D,S,D,2024-07-22,1000000.00,4.519175,100.19140625
09:51:49,91282CKY6,TSRYS5833261,D,S,D,2024-07-22,1000000.00,4.519175,100.19140625
09:51:49,91282CKY6,TSRYS5833261,D,B,C,2024-07-22,2000000.00,4.51927,100.19123125
09:51:49,91282CKY6,TSRYS5833261,D,S,D,2024-07-22,3000000.00,4.519175,100.19140625
09:51:49,91282CKY6,TSRYS5833261,D,S,D,2024-07-22,1000000.00,4.519175,100.19140625
09:51:49,91282CKY6,TSRYS5833261,D,S,D,2024-07-22,1000000.00,4.519175,100.19140625
09:51:49,91282CKY6,TSRYS5833261,D,S,D,2024-07-22,1000000.00,4.519175,100.19140625
09:51:49,91282CKY6,TSRYS5833261,D,S,D,2024-07-22,1000000.00,4.519175,100.19140625
09:51:49,91282CKY6,TSRYS5833261,D,S,D,2024-07-22,1000000.00,4.519175,100.19140625
09:51:49,91282CKY6,TSRYS5833261,D,B,C,2024-07-22,1000000.00,4.519175,100.19140625
09:51:49,91282CKY6,TSRYS5833261,D,B,C,2024-07-22,1000000.00,4.519311,100.19115625
09:51:49,91282CKY6,TSRYS5833261,D,S,D,2024-07-22,1000000.00,4.519175,100.19140625
09:51:49,91282CKY6,TSRYS5833261,D,B,C,2024-07-22,1000000.00,4.519175,100.19140625
09:51:49,91282CKY6,TSRYS5833261,D,B,C,2024-07-22,1000000.00,4.519175,100.19140625
09:51:49,91282CKY6,TSRYS5833261,D,S,D,2024-07-22,1000000.00,4.519175,100.19140625
09:51:49,91282CKY6,TSRYS5833261,D,B,C,2024-07-22,1000000.00,4.519175,100.19140625
09:51:49,91282CKY6,TSRYS5833261,D,B,C,2024-07-22,1000000.00,4.519175,100.19140625
09:51:49,91282CKY6,TSRYS5833261,D,B,C,2024-07-22,1000000.00,4.519257,100.19125625
09:51:49,91282CKY6,TSRYS5833261,D,S,D,2024-07-22,1000000.00,4.519175,100.19140625
09:51:49,91282CKY6,TSRYS5833261,D,S,D,2024-07-22,3000000.00,4.519175,100.19140625
09:51:49,91282CKY6,TSRYS5833261,D,B,C,2024-07-22,3000000.00,4.519284,100.19120625
09:51:49,91282CKY6,TSRYS5833261,D,B,C,2024-07-22,2000000.00,4.51927,100.19123125
09:51:49,91282CKY6,TSRYS5833261,D,B,C,2024-07-22,3000000.00,4.51927,100.19123125
09:51:49,91282CKY6,TSRYS5833261,D,S,D,2024-07-22,1000000.00,4.519175,100.19140625
09:51:49,91282CKY6,TSRYS5833261,D,S,D,2024-07-22,2000000.00,4.519175,100.19140625
09:51:49,91282CKY6,TSRYS5833261,D,S,D,2024-07-22,1000000.00,4.519175,100.19140625
09:51:49,91282CKY6,TSRYS5833261,D,S,D,2024-07-22,1000000.00,4.519175,100.19140625
09:51:49,91282CKY6,TSRYS5833261,D,B,C,2024-07-22,1000000.00,4.519284,100.19120625
09:51:49,91282CKY6,TSRYS5833261,D,B,C,2024-07-22,1000000.00,4.519175,100.19140625
09:51:49,91282CKY6,TSRYS5833261,D,B,C,2024-07-22,1000000.00,4.519175,100.19140625
09:51:49,91282CKY6,TSRYS5833261,D,S,D,2024-07-22,2000000.00,4.519175,100.19140625
09:51:49,91282CKY6,TSRYS5833261,D,B,C,2024-07-22,2000000.00,4.519284,100.19120625
09:51:49,91282CKY6,TSRYS5833261,D,B,C,2024-07-22,1000000.00,4.519175,100.19140625
09:51:49,91282CKY6,TSRYS5833261,D,B,C,2024-07-22,2000000.00,4.519284,100.19120625
09:51:49,91282CKY6,TSRYS5833261,D,S,D,2024-07-22,3000000.00,4.519175,100.19140625
09:51:49,91282CKY6,TSRYS5833261,D,B,C,2024-07-22,1000000.00,4.519175,100.19140625
09:51:49,91282CKY6,TSRYS5833261,D,B,C,2024-07-22,2000000.00,4.519284,100.19120625
09:51:49,91282CKY6,TSRYS5833261,D,B,C,2024-07-22,1000000.00,4.519175,100.19140625
09:51:49,91282CKY6,TSRYS5833261,D,B,C,2024-07-22,4000000.00,4.519284,100.19120625
09:51:49,91282CKY6,TSRYS5833261,D,S,D,2024-07-22,1000000.00,4.519175,100.19140625
09:51:49,91282CKY6,TSRYS5833261,D,B,C,2024-07-22,1000000.00,4.519311,100.19115625
09:51:49,91282CKY6,TSRYS5833261,D,B,C,2024-07-22,2000000.00,4.519311,100.19115625
09:51:49,91282CKY6,TSRYS5833261,D,S,D,2024-07-22,1000000.00,4.519175,100.19140625
09:51:49,91282CKY6,TSRYS5833261,D,B,C,2024-07-22,1000000.00,4.51927,100.19123125
09:51:49,91282CKY6,TSRYS5833261,D,S,D,2024-07-22,2000000.00,4.519175,100.19140625
09:51:49,91282CKY6,TSRYS5833261,D,B,C,2024-07-22,2000000.00,4.519175,100.19140625
09:51:49,91282CKY6,TSRYS5833261,D,S,D,2024-07-22,1000000.00,4.519175,100.19140625
09:51:49,91282CKY6,TSRYS5833261,D,B,C,2024-07-22,1000000.00,4.519175,100.19140625
09:51:49,91282CKY6,TSRYS5833261,D,S,D,2024-07-22,1000000.00,4.519175,100.19140625
09:51:49,91282CKY6,TSRYS5833261,D,S,D,2024-07-22,2000000.00,4.519175,100.19140625
09:51:49,91282CKY6,TSRYS5833261,D,S,D,2024-07-22,1000000.00,4.519175,100.19140625
09:51:49,91282CKY6,TSRYS5833261,D,S,D,2024-07-22,4000000.00,4.519175,100.19140625
09:51:49,91282CKY6,TSRYS5833261,D,B,C,2024-07-22,1000000.00,4.51927,100.19123125
09:51:50,91282CKY6,TSRYS5833261,D,S,T,2024-07-22,1000000.00,4.519175,100.19140625
09:52:03,91282CKY6,TSRYS5833261,D,S,D,2024-07-22,1000000.00,4.519175,100.19140625
09:52:04,91282CKY6,TSRYS5833261,D,S,D,2024-07-22,3000000.00,4.519175,100.19140625
09:52:04,91282CKY6,TSRYS5833261,D,B,C,2024-07-22,3000000.00,4.519311,100.19115625
09:52:04,91282CKY6,TSRYS5833261,D,B,C,2024-07-22,1000000.00,4.519175,100.19140625
09:52:04,91282CKY6,TSRYS5833261,D,S,D,2024-07-22,1000000.00,4.519175,100.19140625
09:52:04,91282CKY6,TSRYS5833261,D,S,D,2024-07-22,2000000.00,4.519175,100.19140625
09:52:04,91282CKY6,TSRYS5833261,D,B,C,2024-07-22,3000000.00,4.519284,100.19120625
09:52:04,91282CKY6,TSRYS5833261,D,S,D,2024-07-22,1000000.00,4.519175,100.19140625
09:52:29,91282CKY6,TSRYS5833261,D,S,D,2024-07-22,175000.00,4.5213,100.1875
09:52:31,91282CKY6,TSRYS5833261,D,S,D,2024-07-22,175000.00,4.5213,100.1875
09:52:49,91282CKY6,TSRYS5833261,D,B,C,2024-07-22,4000000.00,4.5213,100.1875
09:52:50,91282CKY6,TSRYS5833261,D,S,C,2024-07-22,4000000.00,4.521191,100.1877
09:52:50,91282CKY6,TSRYS5833261,D,B,C,2024-07-22,1000000.00,4.5213,100.1875
09:52:50,91282CKY6,TSRYS5833261,D,B,C,2024-07-22,2000000.00,4.5213,100.1875
09:52:50,91282CKY6,TSRYS5833261,D,S,C,2024-07-22,1000000.00,4.5213,100.1875
09:52:50,91282CKY6,TSRYS5833261,D,S,D,2024-07-22,2000000.00,4.521218,100.18765
09:52:52,91282CKY6,TSRYS5833261,D,S,C,2024-07-22,70000.00,4.387629,100.43359375
09:53:03,91282CKY6,TSRYS5833261,D,B,A,2024-07-22,5000.00,4.5213,100.1875
09:53:21,91282CKY6,TSRYS5833261,D,S,T,2024-07-22,13000000.00,4.521463,100.1872
09:53:34,91282CKY6,TSRYS5833261,D,B,C,2024-07-22,220000.00,4.51705,100.1953125
09:53:35,91282CKY6,TSRYS5833261,D,S,D,2024-07-22,220000.00,4.51705,100.1953125
09:53:44,91282CKY6,TSRYS5833261,D,S,T,2024-07-22,1000000.00,4.519175,100.19140625
09:54:05,91282CKY6,TSRYS5833261,D,S,C,2024-07-22,1000000.00,4.519053,100.19163125
09:54:13,91282CKY6,TSRYS5833261,D,S,C,2024-07-22,48100000.00,4.419417,100.375
09:54:13,91282CKY6,TSRYS5833261,D,S,D,2024-07-22,48100000.00,4.419417,100.375
09:54:32,91282CKY6,TSRYS5833261,D,S,D,2024-07-22,1900000.00,4.504303,100.21875
09:54:39,91282CKY6,TSRYS5833261,D,S,T,2024-07-22,2000000.00,4.495929,100.23415
09:54:39,91282CKY6,TSRYS5833261,D,S,D,2024-07-22,500000.00,4.49793,100.23046875
09:54:39,91282CKY6,TSRYS5833261,D,S,T,2024-07-22,1000000.00,4.504439,100.2185
09:54:39,91282CKY6,TSRYS5833261,D,S,T,2024-07-22,4000000.00,4.504439,100.2185
09:55:39,91282CKY6,TSRYS5833261,D,S,D,2024-07-22,50600000.00,4.555315,100.125
09:55:56,91282CKY6,TSRYS5833261,D,B,C,2024-07-22,86900000.00,4.419417,100.375
09:55:57,91282CKY6,TSRYS5833261,D,B,C,2024-07-22,29000000.00,4.519175,100.19140625
09:56:22,91282CKY6,TSRYS5833261,D,S,D,2024-07-22,20000000.00,4.5213,100.1875
09:56:54,91282CKY6,TSRYS5833261,D,S,C,2024-07-22,5620000.00,4.5213,100.1875
09:56:54,91282CKY6,TSRYS5833261,D,B,C,2024-07-22,2340000.00,4.519175,100.19140625
09:58:23,91282CKY6,TSRYS5833261,D,S,C,2024-07-22,4000000.00,4.5213,100.1875
09:58:32,91282CKY6,TSRYS5833261,D,S,C,2024-07-22,4000000.00,4.5213,100.1875
09:58:36,91282CKY6,TSRYS5833261,D,S,C,2024-07-22,4000000.00,4.5213,100.1875
09:59:15,91282CKY6,TSRYS5833261,D,S,D,2024-07-22,4000000.00,4.520237,100.18945312
09:59:21,91282CKY6,TSRYS5833261,D,S,C,2024-07-22,2000000.00,4.5213,100.1875
09:59:21,91282CKY6,TSRYS5833261,D,S,C,2024-07-22,2000000.00,4.5213,100.1875
09:59:21,91282CKY6,TSRYS5833261,D,S,C,2024-07-22,2000000.00,4.5213,100.1875
09:59:31,91282CKY6,TSRYS5833261,D,S,C,2024-07-22,2000000.00,4.5213,100.1875
09:59:38,91282CKY6,TSRYS5833261,D,S,C,2024-07-22,4000000.00,4.5213,100.1875
09:59:38,91282CKY6,TSRYS5833261,D,S,C,2024-07-22,4000000.00,4.5213,100.1875
09:59:38,91282CKY6,TSRYS5833261,D,S,D,2024-07-22,4000000.00,4.5213,100.1875
09:59:47,91282CKY6,TSRYS5833261,D,S,C,2024-07-22,4000000.00,4.5213,100.1875
09:59:48,91282CKY6,TSRYS5833261,D,S,C,2024-07-22,4000000.00,4.5213,100.1875
09:59:49,91282CKY6,TSRYS5833261,D,S,C,2024-07-22,4000000.00,4.5213,100.1875
09:59:55,91282CKY6,TSRYS5833261,D,S,D,2024-07-22,27175000.00,4.51705,100.1953125
10:00:02,91282CKY6,TSRYS5833261,D,S,C,2024-07-22,2000000.00,4.5213,100.1875
10:00:02,91282CKY6,TSRYS5833261,D,S,D,2024-07-22,2000000.00,4.5213,100.1875
10:00:12,91282CKY6,TSRYS5833261,D,S,T,2024-07-22,1000000.00,4.523425,100.18359375
10:00:12,91282CKY6,TSRYS5833261,D,S,T,2024-07-22,1000000.00,4.5213,100.1875
10:00:12,91282CKY6,TSRYS5833261,D,S,C,2024-07-22,2000000.00,4.5213,100.1875
10:00:27,91282CKY6,TSRYS5833261,D,S,D,2024-07-22,50600000.00,4.519175,100.19140625
10:00:27,91282CKY6,TSRYS5833261,D,S,C,2024-07-22,4000000.00,4.5213,100.1875
10:00:34,91282CKY6,TSRYS5833261,D,B,C,2024-07-22,54000000.00,4.521267,100.18756
10:00:45,91282CKY6,TSRYS5833261,D,S,C,2024-07-22,3000000.00,4.519175,100.19140625
10:00:46,91282CKY6,TSRYS5833261,D,S,D,2024-07-22,3000000.00,4.519175,100.19140625
10:01:20,91282CKY6,TSRYS5833261,D,S,C,2024-07-22,2000000.00,4.519175,100.19140625
10:01:20,91282CKY6,TSRYS5833261,D,B,C,2024-07-22,2000000.00,4.519175,100.19140625
10:01:20,91282CKY6,TSRYS5833261,D,S,D,2024-07-22,1000000.00,4.519175,100.19140625
10:01:20,91282CKY6,TSRYS5833261,D,B,C,2024-07-22,1000000.00,4.519175,100.19140625
10:01:20,91282CKY6,TSRYS5833261,D,S,C,2024-07-22,1000000.00,4.519175,100.19140625
10:01:20,91282CKY6,TSRYS5833261,D,B,C,2024-07-22,1000000.00,4.519175,100.19140625
10:01:20,91282CKY6,TSRYS5833261,D,S,C,2024-07-22,1000000.00,4.519175,100.19140625
10:01:20,91282CKY6,TSRYS5833261,D,S,T,2024-07-22,8000000.00,4.518112,100.193359375
10:01:21,91282CKY6,TSRYS5833261,D,S,D,2024-07-22,1000000.00,4.519175,100.19140625
10:01:21,91282CKY6,TSRYS5833261,D,S,T,2024-07-22,1000000.00,4.519175,100.19140625
10:01:24,91282CKY6,TSRYS5833261,D,S,T,2024-07-22,9000000.00,4.519175,100.19140625
10:01:24,91282CKY6,TSRYS5833261,D,S,T,2024-07-22,7000000.00,4.519175,100.19140625
10:01:24,91282CKY6,TSRYS5833261,D,S,T,2024-07-22,1000000.00,4.519175,100.19140625
10:01:24,91282CKY6,TSRYS5833261,D,S,T,2024-07-22,1000000.00,4.519175,100.19140625
10:01:24,91282CKY6,TSRYS5833261,D,S,T,2024-07-22,1000000.00,4.519175,100.19140625
10:01:24,91282CKY6,TSRYS5833261,D,B,C,2024-07-22,2000000.00,4.519175,100.19140625
10:01:24,91282CKY6,TSRYS5833261,D,S,D,2024-07-22,2000000.00,4.519175,100.19140625
10:01:24,91282CKY6,TSRYS5833261,D,B,C,2024-07-22,1000000.00,4.519175,100.19140625
10:01:24,91282CKY6,TSRYS5833261,D,S,D,2024-07-22,1000000.00,4.519175,100.19140625
10:01:24,91282CKY6,TSRYS5833261,D,B,C,2024-07-22,1000000.00,4.519175,100.19140625
10:01:24,91282CKY6,TSRYS5833261,D,S,D,2024-07-22,1000000.00,4.519175,100.19140625
10:01:24,91282CKY6,TSRYS5833261,D,B,C,2024-07-22,1000000.00,4.519175,100.19140625
10:01:24,91282CKY6,TSRYS5833261,D,S,D,2024-07-22,1000000.00,4.519175,100.19140625
10:01:24,91282CKY6,TSRYS5833261,D,B,C,2024-07-22,1000000.00,4.519175,100.19123125
10:01:24,91282CKY6,TSRYS5833261,D,S,D,2024-07-22,1000000.00,4.519175,100.19140625
10:01:24,91282CKY6,TSRYS5833261,D,B,C,2024-07-22,1000000.00,4.519175,100.19123125
10:01:24,91282CKY6,TSRYS5833261,D,S,D,2024-07-22,1000000.00,4.519175,100.19140625
10:01:24,91282CKY6,TSRYS5833261,D,B,C,2024-07-22,1000000.00,4.519175,100.19123125
10:01:24,91282CKY6,TSRYS5833261,D,S,D,2024-07-22,1000000.00,4.519175,100.19140625
10:01:24,91282CKY6,TSRYS5833261,D,B,C,2024-07-22,1000000.00,4.519175,100.19123125
10:01:24,91282CKY6,TSRYS5833261,D,S,D,2024-07-22,1000000.00,4.519175,100.19140625
10:01:24,91282CKY6,TSRYS5833261,D,B,C,2024-07-22,2000000.00,4.519175,100.19123125
10:01:24,91282CKY6,TSRYS5833261,D,S,D,2024-07-22,2000000.00,4.519175,100.19140625
10:01:24,91282CKY6,TSRYS5833261,D,S,D,2024-07-22,1000000.00,4.519175,100.19140625
10:01:25,91282CKY6,TSRYS5833261,D,S,D,2024-07-22,4000000.00,4.519175,100.19140625
10:01:25,91282CKY6,TSRYS5833261,D,S,D,2024-07-22,2000000.00,4.519175,100.19140625
10:01:25,91282CKY6,TSRYS5833261,D,B,C,2024-07-22,1000000.00,4.518112,100.193359375
10:01:25,91282CKY6,TSRYS5833261,D,S,T,2024-07-22,6000000.00,4.519175,100.19140625
10:01:25,91282CKY6,TSRYS5833261,D,S,T,2024-07-22,9000000.00,4.519175,100.19140625
10:01:25,91282CKY6,TSRYS5833261,D,S,C,2024-07-22,1000000.00,4.518112,100.193359375
10:01:25,91282CKY6,TSRYS5833261,D,S,C,2024-07-22,1000000.00,4.519175,100.19140625
10:01:26,91282CKY6,TSRYS5833261,D,B,C,2024-07-22,1000000.00,4.519175,100.19123125
10:01:26,91282CKY6,TSRYS5833261,D,S,C,2024-07-22,1000000.00,4.519175,100.19140625
10:01:26,91282CKY6,TSRYS5833261,D,B,C,2024-07-22,1000000.00,4.519175,100.19120625
10:01:26,91282CKY6,TSRYS5833261,D,S,D,2024-07-22,1000000.00,4.519175,100.19140625
10:01:26,91282CKY6,TSRYS5833261,D,S,D,2024-07-22,2000000.00,4.518112,100.193359375
10:01:26,91282CKY6,TSRYS5833261,D,S,D,2024-07-22,2000000.00,4.518112,100.193359375
10:01:26,91282CKY6,TSRYS5833261,D,B,C,2024-07-22,2000000.00,4.518112,100.193359375
10:01:26,91282CKY6,TSRYS5833261,D,S,D,2024-07-22,2000000.00,4.518112,100.193359375
10:01:26,91282CKY6,TSRYS5833261,D,B,C,2024-07-22,2000000.00,4.518112,100.193359375
10:01:26,91282CKY6,TSRYS5833261,D,S,D,2024-07-22,4000000.00,4.518112,100.193359375
10:01:26,91282CKY6,TSRYS5833261,D,B,C,2024-07-22,2000000.00,4.518112,100.193359375
10:01:26,91282CKY6,TSRYS5833261,D,B,C,2024-07-22,2000000.00,4.518112,100.193359375
10:01:26,91282CKY6,TSRYS5833261,D,S,D,2024-07-22,2000000.00,4.518112,100.193359375
10:01:26,91282CKY6,TSRYS5833261,D,S,D,2024-07-22,8000000.00,4.518112,100.193359375
10:01:26,91282CKY6,TSRYS5833261,D,S,D,2024-07-22,8000000.00,4.518112,100.193359375
10:01:26,91282CKY6,TSRYS5833261,D,S,D,2024-07-22,13000000.00,4.518112,100.193359375
10:01:26,91282CKY6,TSRYS5833261,D,S,D,2024-07-22,16000000.00,4.518112,100.193359375
10:01:26,91282CKY6,TSRYS5833261,D,S,D,2024-07-22,5000000.00,4.518112,100.193359375
10:01:27,91282CKY6,TSRYS5833261,D,S,D,2024-07-22,15000000.00,4.518112,100.193359375
10:01:27,91282CKY6,TSRYS5833261,D,S,D,2024-07-22,1000000.00,4.519175,100.19140625
10:01:31,91282CKY6,TSRYS5833261,D,S,T,2024-07-22,1000000.00,4.518112,100.193359375
10:01:31,91282CKY6,TSRYS5833261,D,S,T,2024-07-22,1000000.00,4.518112,100.193359375
10:01:36,91282CKY6,TSRYS5833261,D,S,D,2024-07-22,16000000.00,4.518112,100.193359375
10:01:36,91282CKY6,TSRYS5833261,D,S,D,2024-07-22,5000000.00,4.518112,100.193359375
10:01:36,91282CKY6,TSRYS5833261,D,S,D,2024-07-22,4000000.00,4.518112,100.193359375
10:01:36,91282CKY6,TSRYS5833261,D,S,D,2024-07-22,4000000.00,4.518112,100.193359375
10:01:44,91282CKY6,TSRYS5833261,D,S,C,2024-07-22,1000000.00,4.518112,100.193359375
10:01:44,91282CKY6,TSRYS5833261,D,B,C,2024-07-22,1000000.00,4.518112,100.193359375
10:01:44,91282CKY6,TSRYS5833261,D,S,D,2024-07-22,4000000.00,4.518112,100.193359375
10:01:44,91282CKY6,TSRYS5833261,D,B,C,2024-07-22,4000000.00,4.518112,100.193359375
10:01:45,91282CKY6,TSRYS5833261,D,S,D,2024-07-22,4000000.00,4.518112,100.193359375
10:01:57,91282CKY6,TSRYS5833261,D,S,C,2024-07-22,150000.00,4.51705,100.1953125
10:01:59,91282CKY6,TSRYS5833261,D,S,D,2024-07-22,25000.00,4.51705,100.1953125
10:02:00,91282CKY6,TSRYS5833261,D,S,D,2024-07-22,1000000.00,4.519175,100.19140625
10:02:00,91282CKY6,TSRYS5833261,D,S,T,2024-07-22,4000000.00,4.519175,100.19140625
10:02:01,91282CKY6,TSRYS5833261,D,S,T,2024-07-22,2000000.00,4.519175,100.19140625
10:02:01,91282CKY6,TSRYS5833261,D,S,D,2024-07-22,1000000.00,4.519175,100.19140625
10:02:01,91282CKY6,TSRYS5833261,D,S,C,2024-07-22,250000000.00,4.519175,100.19140625
10:02:02,91282CKY6,TSRYS5833261,D,S,D,2024-07-22,250000000.00,4.519175,100.19140625
10:02:02,91282CKY6,TSRYS5833261,D,S,C,2024-07-22,2000000.00,4.519175,100.19140625
10:02:03,91282CKY6,TSRYS5833261,D,S,T,2024-07-22,1000000.00,4.519175,100.19140625
10:02:03,91282CKY6,TSRYS5833261,D,S,T,2024-07-22,2000000.00,4.519257,100.19125625
10:02:04,91282CKY6,TSRYS5833261,D,S,C,2024-07-22,25000.00,4.51705,100.1953125
10:02:04,91282CKY6,TSRYS5833261,D,S,C,2024-07-22,1000000.00,4.519066,100.19160625
10:02:04,91282CKY6,TSRYS5833261,D,B,C,2024-07-22,1000000.00,4.519175,100.19140625
10:02:04,91282CKY6,TSRYS5833261,D,B,C,2024-07-22,1000000.00,4.519175,100.19140625
10:02:04,91282CKY6,TSRYS5833261,D,S,C,2024-07-22,9000000.00,4.519066,100.19160625
10:02:04,91282CKY6,TSRYS5833261,D,S,D,2024-07-22,2000000.00,4.519175,100.19140625
10:02:04,91282CKY6,TSRYS5833261,D,B,C,2024-07-22,1000000.00,4.519175,100.19140625
10:02:04,91282CKY6,TSRYS5833261,D,S,C,2024-07-22,9000000.00,4.519175,100.19140625
10:02:04,91282CKY6,TSRYS5833261,D,S,C,2024-07-22,1000000.00,4.519121,100.19150625
10:02:04,91282CKY6,TSRYS5833261,D,S,C,2024-07-22,2000000.00,4.519121,100.19150625
10:02:04,91282CKY6,TSRYS5833261,D,B,C,2024-07-22,2000000.00,4.519175,100.19140625
10:02:04,91282CKY6,TSRYS5833261,D,B,C,2024-07-22,1000000.00,4.519175,100.19140625
10:02:04,91282CKY6,TSRYS5833261,D,S,C,2024-07-22,1000000.00,4.519175,100.19140625
10:02:04,91282CKY6,TSRYS5833261,D,S,C,2024-07-22,1000000.00,4.519039,100.19165625
10:02:05,91282CKY6,TSRYS5833261,D,S,T,2024-07-22,1000000.00,4.519257,100.19125625
10:02:05,91282CKY6,TSRYS5833261,D,S,T,2024-07-22,1000000.00,4.519257,100.19125625
10:02:10,91282CKY6,TSRYS5833261,D,S,C,2024-07-22,4000000.00,4.519175,100.19140625
10:02:11,91282CKY6,TSRYS5833261,D,S,C,2024-07-22,5000000.00,4.519175,100.19140625
10:02:21,91282CKY6,TSRYS5833261,D,S,C,2024-07-22,5000000.00,4.519175,100.19140625
10:02:22,91282CKY6,TSRYS5833261,D,S,C,2024-07-22,7000000.00,4.519066,100.19160625
10:02:22,91282CKY6,TSRYS5833261,D,S,C,2024-07-22,1000000.00,4.519066,100.19160625
10:02:22,91282CKY6,TSRYS5833261,D,S,C,2024-07-22,6000000.00,4.519175,100.19140625
10:02:22,91282CKY6,TSRYS5833261,D,S,D,2024-07-22,1000000.00,4.519175,100.19140625
10:02:22,91282CKY6,TSRYS5833261,D,B,C,2024-07-22,1000000.00,4.519175,100.19140625
10:02:22,91282CKY6,TSRYS5833261,D,B,C,2024-07-22,1000000.00,4.519175,100.19140625
10:02:22,91282CKY6,TSRYS5833261,D,S,D,2024-07-22,1000000.00,4.519175,100.19140625
10:02:22,91282CKY6,TSRYS5833261,D,S,D,2024-07-22,1000000.00,4.519175,100.19140625
10:02:22,91282CKY6,TSRYS5833261,D,B,C,2024-07-22,1000000.00,4.519175,100.19140625
10:02:22,91282CKY6,TSRYS5833261,D,B,C,2024-07-22,1000000.00,4.519175,100.19140625
10:02:22,91282CKY6,TSRYS5833261,D,S,D,2024-07-22,1000000.00,4.519175,100.19140625
10:02:22,91282CKY6,TSRYS5833261,D,B,C,2024-07-22,1000000.00,4.519175,100.19140625
10:02:22,91282CKY6,TSRYS5833261,D,B,C,2024-07-22,1000000.00,4.519175,100.19140625
10:02:22,91282CKY6,TSRYS5833261,D,S,C,2024-07-22,1000000.00,4.519175,100.19140625
10:02:22,91282CKY6,TSRYS5833261,D,S,D,2024-07-22,2000000.00,4.519175,100.19140625
10:02:22,91282CKY6,TSRYS5833261,D,S,C,2024-07-22,1000000.00,4.519066,100.19160625
10:02:22,91282CKY6,TSRYS5833261,D,S,C,2024-07-22,1000000.00,4.519121,100.19150625
10:02:22,91282CKY6,TSRYS5833261,D,B,C,2024-07-22,2000000.00,4.519175,100.19140625
10:02:22,91282CKY6,TSRYS5833261,D,S,C,2024-07-22,1000000.00,4.519175,100.19140625
10:02:22,91282CKY6,TSRYS5833261,D,S,D,2024-07-22,1000000.00,4.519175,100.19140625
10:02:22,91282CKY6,TSRYS5833261,D,S,C,2024-07-22,2000000.00,4.519039,100.19165625
10:02:22,91282CKY6,TSRYS5833261,D,S,D,2024-07-22,1000000.00,4.519175,100.19140625
10:02:22,91282CKY6,TSRYS5833261,D,B,C,2024-07-22,2000000.00,4.519175,100.19140625
10:02:22,91282CKY6,TSRYS5833261,D,B,C,2024-07-22,1000000.00,4.519175,100.19140625
10:02:22,91282CKY6,TSRYS5833261,D,B,C,2024-07-22,1000000.00,4.519284,100.19120625
10:02:22,91282CKY6,TSRYS5833261,D,S,C,2024-07-22,1000000.00,4.519175,100.19140625
10:02:22,91282CKY6,TSRYS5833261,D,B,C,2024-07-22,4000000.00,4.519284,100.19120625
10:02:22,91282CKY6,TSRYS5833261,D,S,D,2024-07-22,1000000.00,4.519175,100.19140625
10:02:22,91282CKY6,TSRYS5833261,D,B,C,2024-07-22,1000000.00,4.519175,100.19140625
10:02:22,91282CKY6,TSRYS5833261,D,B,C,2024-07-22,1000000.00,4.519175,100.19140625
10:02:22,91282CKY6,TSRYS5833261,D,S,D,2024-07-22,2000000.00,4.519175,100.19140625
10:02:22,91282CKY6,TSRYS5833261,D,B,C,2024-07-22,2000000.00,4.519175,100.19140625
10:02:22,91282CKY6,TSRYS5833261,D,S,D,2024-07-22,4000000.00,4.519175,100.19140625
10:02:22,91282CKY6,TSRYS5833261,D,B,C,2024-07-22,1000000.00,4.519175,100.19140625
10:02:22,91282CKY6,TSRYS5833261,D,S,D,2024-07-22,1000000.00,4.519175,100.19140625
10:02:22,91282CKY6,TSRYS5833261,D,B,C,2024-07-22,1000000.00,4.519175,100.19140625
10:02:22,91282CKY6,TSRYS5833261,D,B,C,2024-07-22,1000000.00,4.519175,100.19140625
10:02:22,91282CKY6,TSRYS5833261,D,B,C,2024-07-22,1000000.00,4.51927,100.19123125
10:02:22,91282CKY6,TSRYS5833261,D,B,C,2024-07-22,4000000.00,4.519175,100.19140625
10:02:22,91282CKY6,TSRYS5833261,D,B,C,2024-07-22,1000000.00,4.519284,100.19120625
10:02:22,91282CKY6,TSRYS5833261,D,S,D,2024-07-22,1000000.00,4.519175,100.19140625
10:02:22,91282CKY6,TSRYS5833261,D,S,D,2024-07-22,1000000.00,4.519175,100.19140625
10:02:22,91282CKY6,TSRYS5833261,D,B,C,2024-07-22,2000000.00,4.519284,100.19120625
10:02:22,91282CKY6,TSRYS5833261,D,S,D,2024-07-22,2000000.00,4.519175,100.19140625
10:02:22,91282CKY6,TSRYS5833261,D,S,C,2024-07-22,5000000.00,4.519175,100.19140625
10:02:22,91282CKY6,TSRYS5833261,D,S,D,2024-07-22,1000000.00,4.519175,100.19140625
10:02:22,91282CKY6,TSRYS5833261,D,S,D,2024-07-22,2000000.00,4.519175,100.19140625
10:02:22,91282CKY6,TSRYS5833261,D,S,D,2024-07-22,1000000.00,4.519175,100.19140625
10:02:22,91282CKY6,TSRYS5833261,D,S,C,2024-07-22,1000000.00,4.519175,100.19140625
10:02:22,91282CKY6,TSRYS5833261,D,S,C,2024-07-22,1000000.00,4.519175,100.19140625
10:02:22,91282CKY6,TSRYS5833261,D,S,D,2024-07-22,1000000.00,4.519175,100.19140625
10:02:22,91282CKY6,TSRYS5833261,D,B,C,2024-07-22,5000000.00,4.519284,100.19120625
10:02:23,91282CKY6,TSRYS5833261,D,S,C,2024-07-22,1000000.00,4.516928,100.1955375
10:02:23,91282CKY6,TSRYS5833261,D,B,C,2024-07-22,1000000.00,4.51705,100.1953125
10:02:32,91282CKY6,TSRYS5833261,D,S,D,2024-07-22,1000000.00,4.519175,100.19140625
10:02:32,91282CKY6,TSRYS5833261,D,S,C,2024-07-22,2000000.00,4.519175,100.19140625
10:02:32,91282CKY6,TSRYS5833261,D,S,D,2024-07-22,3000000.00,4.519175,100.19140625
10:02:34,91282CKY6,TSRYS5833261,D,S,C,2024-07-22,1000000.00,4.519175,100.19140625
10:02:34,91282CKY6,TSRYS5833261,D,S,C,2024-07-22,2000000.00,4.519175,100.19140625
10:02:37,91282CKY6,TSRYS5833261,D,S,C,2024-07-22,4000000.00,4.519121,100.19150625
10:02:37,91282CKY6,TSRYS5833261,D,B,C,2024-07-22,1000000.00,4.51927,100.19123125
10:02:37,91282CKY6,TSRYS5833261,D,B,C,2024-07-22,2000000.00,4.51927,100.19123125
10:02:37,91282CKY6,TSRYS5833261,D,S,D,2024-07-22,1000000.00,4.519175,100.19140625
10:02:37,91282CKY6,TSRYS5833261,D,B,C,2024-07-22,1000000.00,4.519175,100.19140625
10:02:37,91282CKY6,TSRYS5833261,D,B,C,2024-07-22,2000000.00,4.51927,100.19123125
10:02:37,91282CKY6,TSRYS5833261,D,S,C,2024-07-22,2000000.00,4.519121,100.19150625
10:02:37,91282CKY6,TSRYS5833261,D,S,C,2024-07-22,2000000.00,4.518112,100.193359375
10:02:37,91282CKY6,TSRYS5833261,D,B,C,2024-07-22,2000000.00,4.518112,100.193359375
10:02:37,91282CKY6,TSRYS5833261,D,S,C,2024-07-22,1000000.00,4.516928,100.1955375
10:02:37,91282CKY6,TSRYS5833261,D,B,C,2024-07-22,1000000.00,4.51705,100.1953125
10:02:38,91282CKY6,TSRYS5833261,D,B,C,2024-07-22,3000000.00,4.518112,100.193359375
10:02:38,91282CKY6,TSRYS5833261,D,S,D,2024-07-22,3000000.00,4.518112,100.193359375
10:02:39,91282CKY6,TSRYS5833261,D,S,D,2024-07-22,3000000.00,4.518112,100.193359375
10:02:48,91282CKY6,TSRYS5833261,D,B,C,2024-07-22,1000000.00,4.51705,100.1953125
10:02:48,91282CKY6,TSRYS5833261,D,S,C,2024-07-22,1000000.00,4.51705,100.1953125
10:02:48,91282CKY6,TSRYS5833261,D,S,C,2024-07-22,1000000.00,4.51705,100.1953125
10:02:48,91282CKY6,TSRYS5833261,D,S,C,2024-07-22,1000000.00,4.51705,100.1953125
10:02:48,91282CKY6,TSRYS5833261,D,S,D,2024-07-22,1000000.00,4.51705,100.1953125
10:02:48,91282CKY6,TSRYS5833261,D,S,D,2024-07-22,1000000.00,4.51705,100.1953125
10:02:49,91282CKY6,TSRYS5833261,D,S,D,2024-07-22,1000000.00,4.51705,100.1953125
