tradeTime,cusip,issueSymbolIdentifier,priceType,reportingSideCode,contraPartyTypeCode,tradeDate,reportedTradeVolume,lastSaleYield,lastSalePrice
08:00:04,91282CKS9,TSRYS5814779,D,S,D,2024-06-20,4000000.00,4.727646,100.267578125
08:00:04,91282CKS9,TSRYS5814779,D,S,D,2024-06-20,3000000.00,4.727646,100.267578125
08:00:04,91282CKS9,TSRYS5814779,D,S,D,2024-06-20,4000000.00,4.72977,100.263671875
08:00:04,91282CKS9,TSRYS5814779,D,S,D,2024-06-20,2000000.00,4.72977,100.263671875
08:00:04,91282CKS9,TSRYS5814779,D,S,D,2024-06-20,4000000.00,4.72977,100.263671875
08:00:04,91282CKS9,TSRYS5814779,D,S,D,2024-06-20,1000000.00,4.731894,100.259765625
08:00:04,91282CKS9,TSRYS5814779,D,S,D,2024-06-20,4000000.00,4.731894,100.259765625
08:00:04,91282CKS9,TSRYS5814779,D,S,D,2024-06-20,2000000.00,4.731894,100.259765625
08:00:04,91282CKS9,TSRYS5814779,D,S,D,2024-06-20,2000000.00,4.731894,100.259765625
08:00:04,91282CKS9,TSRYS5814779,D,S,D,2024-06-20,2000000.00,4.731894,100.259765625
08:00:04,91282CKS9,TSRYS5814779,D,S,D,2024-06-20,4000000.00,4.731894,100.259765625
08:00:04,91282CKS9,TSRYS5814779,D,S,D,2024-06-20,1000000.00,4.731894,100.259765625
08:00:04,91282CKS9,TSRYS5814779,D,S,D,2024-06-20,1000000.00,4.734018,100.255859375
08:00:04,91282CKS9,TSRYS5814779,D,S,D,2024-06-20,1000000.00,4.734018,100.255859375
08:00:04,91282CKS9,TSRYS5814779,D,S,D,2024-06-20,4000000.00,4.734018,100.255859375
08:00:04,91282CKS9,TSRYS5814779,D,S,D,2024-06-20,3000000.00,4.734018,100.255859375
08:00:04,91282CKS9,TSRYS5814779,D,S,D,2024-06-20,3000000.00,4.734018,100.255859375
08:00:04,91282CKS9,TSRYS5814779,D,S,D,2024-06-20,1000000.00,4.734018,100.255859375
08:00:04,91282CKS9,TSRYS5814779,D,S,T,2024-06-20,2000000.00,4.734018,100.255859375
08:00:04,91282CKS9,TSRYS5814779,D,S,D,2024-06-20,3000000.00,4.734018,100.255859375
08:00:04,91282CKS9,TSRYS5814779,D,S,D,2024-06-20,3000000.00,4.734018,100.255859375
08:00:04,91282CKS9,TSRYS5814779,D,S,D,2024-06-20,3000000.00,4.734018,100.255859375
08:00:04,91282CKS9,TSRYS5814779,D,S,D,2024-06-20,1000000.00,4.73508,100.25390625
08:00:04,91282CKS9,TSRYS5814779,D,S,D,2024-06-20,2000000.00,4.73508,100.25390625
08:00:04,91282CKS9,TSRYS5814779,D,S,D,2024-06-20,2000000.00,4.73508,100.25390625
08:00:04,91282CKS9,TSRYS5814779,D,S,D,2024-06-20,4000000.00,4.737204,100.25
08:00:04,91282CKS9,TSRYS5814779,D,S,D,2024-06-20,3000000.00,4.737204,100.25
08:00:07,91282CKS9,TSRYS5814779,D,S,D,2024-06-20,3000000.00,4.738266,100.248046875
08:00:07,91282CKS9,TSRYS5814779,D,S,D,2024-06-20,1000000.00,4.738266,100.248046875
08:00:07,91282CKS9,TSRYS5814779,D,S,D,2024-06-20,4000000.00,4.738266,100.248046875
08:00:07,91282CKS9,TSRYS5814779,D,S,D,2024-06-20,1000000.00,4.738266,100.248046875
08:00:07,91282CKS9,TSRYS5814779,D,S,D,2024-06-20,2000000.00,4.732956,100.2578125
08:00:07,91282CKS9,TSRYS5814779,D,S,D,2024-06-20,4000000.00,4.73508,100.25390625
08:00:07,91282CKS9,TSRYS5814779,D,S,T,2024-06-20,4000000.00,4.734018,100.255859375
08:00:07,91282CKS9,TSRYS5814779,D,B,C,2024-06-20,1000000.00,4.737204,100.25
08:00:07,91282CKS9,TSRYS5814779,D,B,C,2024-06-20,1000000.00,4.737204,100.25
08:00:07,91282CKS9,TSRYS5814779,D,B,C,2024-06-20,1000000.00,4.736142,100.251953125
08:00:07,91282CKS9,TSRYS5814779,D,B,C,2024-06-20,1000000.00,4.73508,100.25390625
08:00:07,91282CKS9,TSRYS5814779,D,S,T,2024-06-20,1000000.00,4.728708,100.265625
08:00:07,91282CKS9,TSRYS5814779,D,S,D,2024-06-20,4000000.00,4.727646,100.267578125
08:00:07,91282CKS9,TSRYS5814779,D,S,D,2024-06-20,2000000.00,4.727646,100.267578125
08:00:07,91282CKS9,TSRYS5814779,D,S,D,2024-06-20,4000000.00,4.727646,100.267578125
08:00:07,91282CKS9,TSRYS5814779,D,S,D,2024-06-20,4000000.00,4.727646,100.267578125
08:00:07,91282CKS9,TSRYS5814779,D,S,D,2024-06-20,4000000.00,4.727646,100.267578125
08:00:07,91282CKS9,TSRYS5814779,D,S,D,2024-06-20,2000000.00,4.727646,100.267578125
08:00:07,91282CKS9,TSRYS5814779,D,S,D,2024-06-20,1000000.00,4.727646,100.267578125
08:00:07,91282CKS9,TSRYS5814779,D,S,D,2024-06-20,1000000.00,4.727646,100.267578125
08:00:07,91282CKS9,TSRYS5814779,D,S,D,2024-06-20,2000000.00,4.727646,100.267578125
08:00:07,91282CKS9,TSRYS5814779,D,S,D,2024-06-20,2000000.00,4.727646,100.267578125
08:00:07,91282CKS9,TSRYS5814779,D,S,T,2024-06-20,2000000.00,4.720213,100.28125
08:00:07,91282CKS9,TSRYS5814779,D,S,T,2024-06-20,1000000.00,4.72446,100.2734375
08:00:07,91282CKS9,TSRYS5814779,D,S,T,2024-06-20,1000000.00,4.726584,100.26953125
08:00:07,91282CKS9,TSRYS5814779,D,S,T,2024-06-20,1000000.00,4.730832,100.26171875
08:00:07,91282CKS9,TSRYS5814779,D,S,T,2024-06-20,1000000.00,4.728708,100.265625
08:00:07,91282CKS9,TSRYS5814779,D,S,D,2024-06-20,2000.00,4.732956,100.2578125
08:00:07,91282CKS9,TSRYS5814779,D,S,C,2024-06-20,2000.00,4.732956,100.5328125
08:00:07,91282CKS9,TSRYS5814779,D,S,A,2024-06-20,700000.00,4.728708,100.265625
08:00:07,91282CKS9,TSRYS5814779,D,S,T,2024-06-20,1000000.00,4.728708,100.265625
08:00:08,91282CKS9,TSRYS5814779,D,S,C,2024-06-20,10200000.00,4.727646,100.26757813
08:00:09,91282CKS9,TSRYS5814779,D,S,D,2024-06-20,3000000.00,4.728708,100.265625
08:00:09,91282CKS9,TSRYS5814779,D,S,D,2024-06-20,1000000.00,4.728708,100.265625
08:00:09,91282CKS9,TSRYS5814779,D,S,D,2024-06-20,1000000.00,4.728708,100.265625
08:00:09,91282CKS9,TSRYS5814779,D,S,A,2024-06-20,3500000.00,4.737204,100.25
08:00:10,91282CKS9,TSRYS5814779,D,S,A,2024-06-20,1670000.00,4.737204,100.25
08:00:10,91282CKS9,TSRYS5814779,D,B,A,2024-06-20,200000.00,4.737204,100.25
08:00:10,91282CKS9,TSRYS5814779,D,S,D,2024-06-20,1000000.00,4.734018,100.255859375
08:00:10,91282CKS9,TSRYS5814779,D,S,T,2024-06-20,1000000.00,4.730832,100.26171875
08:00:10,91282CKS9,TSRYS5814779,D,S,T,2024-06-20,1000000.00,4.734018,100.255859375
08:00:10,91282CKS9,TSRYS5814779,D,S,T,2024-06-20,1000000.00,4.734018,100.255859375
08:00:10,91282CKS9,TSRYS5814779,D,S,D,2024-06-20,1000000.00,4.734018,100.255859375
08:00:10,91282CKS9,TSRYS5814779,D,S,T,2024-06-20,1000000.00,4.734018,100.255859375
08:00:10,91282CKS9,TSRYS5814779,D,S,T,2024-06-20,1000000.00,4.734018,100.255859375
08:00:10,91282CKS9,TSRYS5814779,D,S,T,2024-06-20,1000000.00,4.730832,100.26171875
08:00:10,91282CKS9,TSRYS5814779,D,S,T,2024-06-20,1000000.00,4.731894,100.259765625
08:00:10,91282CKS9,TSRYS5814779,D,S,T,2024-06-20,1000000.00,4.731894,100.259765625
08:00:10,91282CKS9,TSRYS5814779,D,S,T,2024-06-20,1000000.00,4.734018,100.255859375
08:00:10,91282CKS9,TSRYS5814779,D,S,T,2024-06-20,1000000.00,4.736142,100.251953125
08:00:10,91282CKS9,TSRYS5814779,D,S,D,2024-06-20,1000000.00,4.737204,100.25
08:00:10,91282CKS9,TSRYS5814779,D,S,T,2024-06-20,1000000.00,4.737204,100.25
08:00:10,91282CKS9,TSRYS5814779,D,S,T,2024-06-20,1000000.00,4.738266,100.248046875
08:00:10,91282CKS9,TSRYS5814779,D,S,T,2024-06-20,1000000.00,4.738266,100.248046875
08:00:10,91282CKS9,TSRYS5814779,D,S,T,2024-06-20,1000000.00,4.739328,100.24609375
08:00:10,91282CKS9,TSRYS5814779,D,S,T,2024-06-20,1000000.00,4.737204,100.25
08:00:10,91282CKS9,TSRYS5814779,D,S,T,2024-06-20,1000000.00,4.734018,100.255859375
08:00:10,91282CKS9,TSRYS5814779,D,S,T,2024-06-20,1000000.00,4.734018,100.255859375
08:00:10,91282CKS9,TSRYS5814779,D,S,T,2024-06-20,1000000.00,4.73508,100.25390625
08:00:10,91282CKS9,TSRYS5814779,D,S,T,2024-06-20,1000000.00,4.734018,100.255859375
08:00:10,91282CKS9,TSRYS5814779,D,S,T,2024-06-20,1000000.00,4.734018,100.255859375
08:00:10,91282CKS9,TSRYS5814779,D,S,T,2024-06-20,1000000.00,4.734018,100.255859375
08:00:10,91282CKS9,TSRYS5814779,D,S,T,2024-06-20,1000000.00,4.734018,100.255859375
08:00:10,91282CKS9,TSRYS5814779,D,S,T,2024-06-20,1000000.00,4.734018,100.255859375
08:00:10,91282CKS9,TSRYS5814779,D,S,T,2024-06-20,1000000.00,4.734018,100.255859375
08:00:10,91282CKS9,TSRYS5814779,D,S,T,2024-06-20,1000000.00,4.734018,100.255859375
08:00:10,91282CKS9,TSRYS5814779,D,S,T,2024-06-20,1000000.00,4.734018,100.255859375
08:00:10,91282CKS9,TSRYS5814779,D,S,T,2024-06-20,1000000.00,4.734018,100.255859375
08:00:10,91282CKS9,TSRYS5814779,D,S,T,2024-06-20,1000000.00,4.732956,100.2578125
08:00:10,91282CKS9,TSRYS5814779,D,S,T,2024-06-20,1000000.00,4.738266,100.248046875
08:00:10,91282CKS9,TSRYS5814779,D,S,T,2024-06-20,1000000.00,4.737204,100.25
08:00:10,91282CKS9,TSRYS5814779,D,S,T,2024-06-20,1000000.00,4.737204,100.25
08:00:10,91282CKS9,TSRYS5814779,D,S,T,2024-06-20,1000000.00,4.737204,100.25
08:00:10,91282CKS9,TSRYS5814779,D,S,T,2024-06-20,1000000.00,4.737204,100.25
08:00:10,91282CKS9,TSRYS5814779,D,S,T,2024-06-20,1000000.00,4.737204,100.25
08:00:10,91282CKS9,TSRYS5814779,D,S,T,2024-06-20,1000000.00,4.737204,100.25
08:00:10,91282CKS9,TSRYS5814779,D,S,T,2024-06-20,1000000.00,4.738266,100.248046875
08:00:10,91282CKS9,TSRYS5814779,D,S,T,2024-06-20,1000000.00,4.739328,100.24609375
08:00:10,91282CKS9,TSRYS5814779,D,S,T,2024-06-20,1000000.00,4.739328,100.24609375
08:00:10,91282CKS9,TSRYS5814779,D,S,T,2024-06-20,1000000.00,4.739328,100.24609375
08:00:10,91282CKS9,TSRYS5814779,D,S,T,2024-06-20,1000000.00,4.738266,100.248046875
08:00:10,91282CKS9,TSRYS5814779,D,S,T,2024-06-20,1000000.00,4.739328,100.24609375
08:00:10,91282CKS9,TSRYS5814779,D,S,T,2024-06-20,1000000.00,4.739328,100.24609375
08:00:10,91282CKS9,TSRYS5814779,D,S,T,2024-06-20,1000000.00,4.741453,100.2421875
08:00:10,91282CKS9,TSRYS5814779,D,S,T,2024-06-20,1000000.00,4.740391,100.244140625
08:00:10,91282CKS9,TSRYS5814779,D,S,T,2024-06-20,1000000.00,4.739328,100.24609375
08:00:10,91282CKS9,TSRYS5814779,D,S,T,2024-06-20,1000000.00,4.740391,100.244140625
08:00:10,91282CKS9,TSRYS5814779,D,S,T,2024-06-20,1000000.00,4.739328,100.24609375
08:00:10,91282CKS9,TSRYS5814779,D,S,T,2024-06-20,1000000.00,4.739328,100.24609375
08:00:10,91282CKS9,TSRYS5814779,D,S,T,2024-06-20,1000000.00,4.740391,100.244140625
08:00:10,91282CKS9,TSRYS5814779,D,S,T,2024-06-20,1000000.00,4.739328,100.24609375
08:00:10,91282CKS9,TSRYS5814779,D,S,T,2024-06-20,1000000.00,4.739328,100.24609375
08:00:10,91282CKS9,TSRYS5814779,D,S,T,2024-06-20,1000000.00,4.737204,100.25
08:00:10,91282CKS9,TSRYS5814779,D,S,T,2024-06-20,1000000.00,4.737204,100.25
08:00:10,91282CKS9,TSRYS5814779,D,S,T,2024-06-20,1000000.00,4.737204,100.25
08:00:10,91282CKS9,TSRYS5814779,D,S,T,2024-06-20,1000000.00,4.737204,100.25
08:00:10,91282CKS9,TSRYS5814779,D,S,T,2024-06-20,1000000.00,4.737204,100.25
08:00:10,91282CKS9,TSRYS5814779,D,S,T,2024-06-20,1000000.00,4.737204,100.25
08:00:10,91282CKS9,TSRYS5814779,D,S,T,2024-06-20,1000000.00,4.737204,100.25
08:00:10,91282CKS9,TSRYS5814779,D,S,T,2024-06-20,1000000.00,4.740391,100.244140625
08:00:10,91282CKS9,TSRYS5814779,D,S,T,2024-06-20,1000000.00,4.740391,100.244140625
08:00:10,91282CKS9,TSRYS5814779,D,S,T,2024-06-20,1000000.00,4.728708,100.265625
08:00:10,91282CKS9,TSRYS5814779,D,S,T,2024-06-20,1000000.00,4.728708,100.265625
08:00:10,91282CKS9,TSRYS5814779,D,S,T,2024-06-20,1000000.00,4.72977,100.263671875
08:00:11,91282CKS9,TSRYS5814779,D,S,T,2024-06-20,1000000.00,4.727646,100.267578125
08:00:11,91282CKS9,TSRYS5814779,D,S,T,2024-06-20,1000000.00,4.728708,100.265625
08:00:11,91282CKS9,TSRYS5814779,D,S,T,2024-06-20,1000000.00,4.728708,100.265625
08:00:11,91282CKS9,TSRYS5814779,D,S,T,2024-06-20,1000000.00,4.727646,100.267578125
08:00:11,91282CKS9,TSRYS5814779,D,S,T,2024-06-20,1000000.00,4.727646,100.267578125
08:00:11,91282CKS9,TSRYS5814779,D,S,D,2024-06-20,1000000.00,4.727646,100.267578125
08:00:11,91282CKS9,TSRYS5814779,D,B,A,2024-06-20,500000.00,4.73508,100.253906
08:00:11,91282CKS9,TSRYS5814779,D,S,T,2024-06-20,1000000.00,4.728708,100.265625
08:00:14,91282CKS9,TSRYS5814779,D,S,T,2024-06-20,1000000.00,4.737204,100.25
08:00:14,91282CKS9,TSRYS5814779,D,S,T,2024-06-20,1000000.00,4.737204,100.25
08:00:14,91282CKS9,TSRYS5814779,D,S,T,2024-06-20,2000000.00,4.738266,100.248046875
08:00:14,91282CKS9,TSRYS5814779,D,S,T,2024-06-20,1000000.00,4.738266,100.248046875
08:00:14,91282CKS9,TSRYS5814779,D,S,T,2024-06-20,1000000.00,4.739328,100.24609375
08:00:14,91282CKS9,TSRYS5814779,D,S,T,2024-06-20,1000000.00,4.739328,100.24609375
08:00:14,91282CKS9,TSRYS5814779,D,S,D,2024-06-20,2000000.00,4.727646,100.267578125
08:00:16,91282CKS9,TSRYS5814779,D,S,D,2024-06-20,2000000.00,4.72977,100.263671875
08:00:16,91282CKS9,TSRYS5814779,D,S,D,2024-06-20,2000000.00,4.72977,100.263671875
08:00:19,91282CKS9,TSRYS5814779,D,S,D,2024-06-20,1000000.00,4.728708,100.265625
08:00:19,91282CKS9,TSRYS5814779,D,S,D,2024-06-20,1000000.00,4.731894,100.259765625
08:00:19,91282CKS9,TSRYS5814779,D,S,D,2024-06-20,1000000.00,4.732956,100.2578125
08:00:19,91282CKS9,TSRYS5814779,D,S,D,2024-06-20,1000000.00,4.736142,100.251953125
08:00:19,91282CKS9,TSRYS5814779,D,S,D,2024-06-20,2000000.00,4.736142,100.251953125
08:00:19,91282CKS9,TSRYS5814779,D,S,D,2024-06-20,3000000.00,4.73508,100.25390625
08:00:19,91282CKS9,TSRYS5814779,D,S,D,2024-06-20,2000000.00,4.734018,100.255859375
08:00:23,91282CKS9,TSRYS5814779,D,S,A,2024-06-20,657000.00,4.730832,100.26171875
08:00:24,91282CKS9,TSRYS5814779,D,S,A,2024-06-20,300000.00,4.737204,100.25
08:00:24,91282CKS9,TSRYS5814779,D,S,A,2024-06-20,300000.00,4.737204,100.25
08:00:24,91282CKS9,TSRYS5814779,D,S,D,2024-06-20,2000000.00,4.73508,100.25390625
08:00:24,91282CKS9,TSRYS5814779,D,S,D,2024-06-20,2000000.00,4.73508,100.25390625
08:00:24,91282CKS9,TSRYS5814779,D,S,D,2024-06-20,2000000.00,4.73508,100.25390625
08:00:24,91282CKS9,TSRYS5814779,D,S,D,2024-06-20,2000000.00,4.73508,100.25390625
08:00:24,91282CKS9,TSRYS5814779,D,S,D,2024-06-20,2000000.00,4.73508,100.25390625
08:00:24,91282CKS9,TSRYS5814779,D,S,D,2024-06-20,2000000.00,4.73508,100.25390625
08:00:24,91282CKS9,TSRYS5814779,D,S,D,2024-06-20,2000000.00,4.73508,100.25390625
08:00:25,91282CKS9,TSRYS5814779,D,S,D,2024-06-20,2000000.00,4.73508,100.25390625
08:00:25,91282CKS9,TSRYS5814779,D,S,D,2024-06-20,1000000.00,4.73508,100.25390625
08:00:25,91282CKS9,TSRYS5814779,D,S,D,2024-06-20,1000000.00,4.73508,100.25390625
08:00:25,91282CKS9,TSRYS5814779,D,S,D,2024-06-20,2000000.00,4.73508,100.25390625
08:00:27,91282CKS9,TSRYS5814779,D,S,T,2024-06-20,1000000.00,4.72446,100.2734375
08:00:27,91282CKS9,TSRYS5814779,D,B,C,2024-06-20,3000000.00,4.737204,100.25
08:00:27,91282CKS9,TSRYS5814779,D,S,D,2024-06-20,5000000.00,4.737204,100.25
08:00:27,91282CKS9,TSRYS5814779,D,S,T,2024-06-20,2000000.00,4.728708,100.265625
08:00:27,91282CKS9,TSRYS5814779,D,S,T,2024-06-20,2000000.00,4.727646,100.267578125
08:00:28,91282CKS9,TSRYS5814779,D,B,A,2024-06-20,2000000.00,4.741453,100.2421875
08:00:28,91282CKS9,TSRYS5814779,D,S,T,2024-06-20,1000000.00,4.740391,100.244140625
08:00:29,91282CKS9,TSRYS5814779,D,B,C,2024-06-20,1000000.00,4.739328,100.24609375
08:00:29,91282CKS9,TSRYS5814779,D,S,D,2024-06-20,1000000.00,4.739328,100.24609375
08:00:29,91282CKS9,TSRYS5814779,D,S,D,2024-06-20,1000000.00,4.739328,100.24609375
08:00:29,91282CKS9,TSRYS5814779,D,B,C,2024-06-20,1000000.00,4.739328,100.24609375
08:00:30,91282CKS9,TSRYS5814779,D,S,D,2024-06-20,2000000.00,4.727646,100.267578125
08:00:30,91282CKS9,TSRYS5814779,D,S,D,2024-06-20,2000000.00,4.728708,100.265625
08:00:30,91282CKS9,TSRYS5814779,D,S,D,2024-06-20,2000000.00,4.72977,100.263671875
08:00:30,91282CKS9,TSRYS5814779,D,S,D,2024-06-20,2000000.00,4.72977,100.263671875
08:00:30,91282CKS9,TSRYS5814779,D,S,D,2024-06-20,1000000.00,4.731894,100.259765625
08:00:30,91282CKS9,TSRYS5814779,D,S,D,2024-06-20,1000000.00,4.731894,100.259765625
08:00:30,91282CKS9,TSRYS5814779,D,S,D,2024-06-20,2000000.00,4.731894,100.259765625
08:00:30,91282CKS9,TSRYS5814779,D,S,D,2024-06-20,2000000.00,4.731894,100.259765625
08:00:30,91282CKS9,TSRYS5814779,D,S,D,2024-06-20,1000000.00,4.731894,100.259765625
08:00:30,91282CKS9,TSRYS5814779,D,S,D,2024-06-20,1000000.00,4.732956,100.2578125
08:00:30,91282CKS9,TSRYS5814779,D,S,D,2024-06-20,1000000.00,4.734018,100.255859375
08:00:30,91282CKS9,TSRYS5814779,D,S,D,2024-06-20,1000000.00,4.734018,100.255859375
08:00:30,91282CKS9,TSRYS5814779,D,S,D,2024-06-20,2000000.00,4.734018,100.255859375
08:00:30,91282CKS9,TSRYS5814779,D,S,D,2024-06-20,2000000.00,4.73508,100.25390625
08:00:30,91282CKS9,TSRYS5814779,D,S,D,2024-06-20,1000000.00,4.739328,100.24609375
08:00:30,91282CKS9,TSRYS5814779,D,S,D,2024-06-20,1000000.00,4.739328,100.24609375
08:00:30,91282CKS9,TSRYS5814779,D,S,D,2024-06-20,3000000.00,4.738266,100.248046875
08:00:30,91282CKS9,TSRYS5814779,D,S,D,2024-06-20,1000000.00,4.737204,100.25
08:00:30,91282CKS9,TSRYS5814779,D,S,D,2024-06-20,2000000.00,4.740391,100.244140625
08:00:30,91282CKS9,TSRYS5814779,D,S,D,2024-06-20,145000.00,4.73508,100.25390625
08:00:30,91282CKS9,TSRYS5814779,D,S,D,2024-06-20,2000000.00,4.727646,100.267578125
08:00:30,91282CKS9,TSRYS5814779,D,S,D,2024-06-20,1000000.00,4.727646,100.267578125
08:00:30,91282CKS9,TSRYS5814779,D,S,D,2024-06-20,1000000.00,4.727646,100.267578125
08:00:30,91282CKS9,TSRYS5814779,D,S,D,2024-06-20,1000000.00,4.727646,100.267578125
08:00:30,91282CKS9,TSRYS5814779,D,S,D,2024-06-20,1000000.00,4.727646,100.267578125
08:00:30,91282CKS9,TSRYS5814779,D,S,D,2024-06-20,2000000.00,4.737204,100.25
08:00:30,91282CKS9,TSRYS5814779,D,S,D,2024-06-20,2000000.00,4.727646,100.267578125
08:00:30,91282CKS9,TSRYS5814779,D,S,D,2024-06-20,1000000.00,4.727646,100.267578125
08:00:30,91282CKS9,TSRYS5814779,D,S,D,2024-06-20,1000000.00,4.727646,100.267578125
08:00:30,91282CKS9,TSRYS5814779,D,S,D,2024-06-20,2000000.00,4.727646,100.267578125
08:00:30,91282CKS9,TSRYS5814779,D,S,D,2024-06-20,1000000.00,4.727646,100.267578125
08:00:30,91282CKS9,TSRYS5814779,D,S,D,2024-06-20,2000000.00,4.727646,100.267578125
08:00:30,91282CKS9,TSRYS5814779,D,S,D,2024-06-20,3000000.00,4.727646,100.267578125
08:00:30,91282CKS9,TSRYS5814779,D,S,D,2024-06-20,1000000.00,4.727646,100.267578125
08:00:30,91282CKS9,TSRYS5814779,D,S,D,2024-06-20,1000000.00,4.727646,100.267578125
08:00:30,91282CKS9,TSRYS5814779,D,S,D,2024-06-20,1000000.00,4.727646,100.267578125
08:00:30,91282CKS9,TSRYS5814779,D,S,D,2024-06-20,3000000.00,4.727646,100.267578125
08:00:30,91282CKS9,TSRYS5814779,D,S,D,2024-06-20,1000000.00,4.727646,100.267578125
08:00:30,91282CKS9,TSRYS5814779,D,S,D,2024-06-20,2000000.00,4.727646,100.267578125
08:00:30,91282CKS9,TSRYS5814779,D,S,D,2024-06-20,3000000.00,4.727646,100.267578125
08:00:30,91282CKS9,TSRYS5814779,D,S,D,2024-06-20,1000000.00,4.727646,100.267578125
08:00:30,91282CKS9,TSRYS5814779,D,S,D,2024-06-20,1000000.00,4.727646,100.267578125
08:00:30,91282CKS9,TSRYS5814779,D,S,T,2024-06-20,1000000.00,4.72446,100.2734375
08:00:30,91282CKS9,TSRYS5814779,D,S,T,2024-06-20,1000000.00,4.72446,100.2734375
08:00:30,91282CKS9,TSRYS5814779,D,S,T,2024-06-20,2000000.00,4.727646,100.267578125
08:00:30,91282CKS9,TSRYS5814779,D,S,D,2024-06-20,2000000.00,4.731894,100.259765625
08:00:30,91282CKS9,TSRYS5814779,D,S,D,2024-06-20,2000000.00,4.731894,100.259765625
08:00:30,91282CKS9,TSRYS5814779,D,S,D,2024-06-20,2000000.00,4.731894,100.259765625
08:00:30,91282CKS9,TSRYS5814779,D,S,D,2024-06-20,4000000.00,4.731894,100.259765625
08:00:30,91282CKS9,TSRYS5814779,D,S,D,2024-06-20,2000000.00,4.734018,100.255859375
08:00:30,91282CKS9,TSRYS5814779,D,S,D,2024-06-20,3000000.00,4.731894,100.259765625
08:00:30,91282CKS9,TSRYS5814779,D,S,D,2024-06-20,3000000.00,4.731894,100.259765625
08:00:30,91282CKS9,TSRYS5814779,D,S,D,2024-06-20,2000000.00,4.734018,100.255859375
08:00:30,91282CKS9,TSRYS5814779,D,S,D,2024-06-20,1000000.00,4.734018,100.255859375
08:00:30,91282CKS9,TSRYS5814779,D,S,D,2024-06-20,2000000.00,4.734018,100.255859375
08:00:30,91282CKS9,TSRYS5814779,D,S,D,2024-06-20,2000000.00,4.734018,100.255859375
08:00:30,91282CKS9,TSRYS5814779,D,S,T,2024-06-20,5000000.00,4.73508,100.25390625
08:00:30,91282CKS9,TSRYS5814779,D,S,T,2024-06-20,3000000.00,4.737204,100.25
08:00:30,91282CKS9,TSRYS5814779,D,S,T,2024-06-20,3000000.00,4.737204,100.25
08:00:30,91282CKS9,TSRYS5814779,D,S,T,2024-06-20,1000000.00,4.736142,100.251953125
08:00:30,91282CKS9,TSRYS5814779,D,S,T,2024-06-20,1000000.00,4.736142,100.251953125
08:00:30,91282CKS9,TSRYS5814779,D,S,T,2024-06-20,1000000.00,4.736142,100.251953125
08:00:30,91282CKS9,TSRYS5814779,D,S,T,2024-06-20,3000000.00,4.727646,100.267578125
08:00:30,91282CKS9,TSRYS5814779,D,S,T,2024-06-20,1000000.00,4.727646,100.267578125
08:00:30,91282CKS9,TSRYS5814779,D,S,T,2024-06-20,2000000.00,4.727646,100.267578125
08:00:30,91282CKS9,TSRYS5814779,D,S,T,2024-06-20,2000000.00,4.727646,100.267578125
08:00:30,91282CKS9,TSRYS5814779,D,S,T,2024-06-20,2000000.00,4.727646,100.267578125
08:00:30,91282CKS9,TSRYS5814779,D,S,T,2024-06-20,1000000.00,4.72446,100.2734375
08:00:30,91282CKS9,TSRYS5814779,D,S,T,2024-06-20,2000000.00,4.72446,100.2734375
08:00:30,91282CKS9,TSRYS5814779,D,S,T,2024-06-20,1000000.00,4.72446,100.2734375
08:00:30,91282CKS9,TSRYS5814779,D,S,T,2024-06-20,1000000.00,4.72446,100.2734375
08:00:30,91282CKS9,TSRYS5814779,D,S,T,2024-06-20,1000000.00,4.72446,100.2734375
08:00:31,91282CKS9,TSRYS5814779,D,S,T,2024-06-20,1000000.00,4.72446,100.2734375
08:00:31,91282CKS9,TSRYS5814779,D,S,T,2024-06-20,1000000.00,4.726584,100.26953125
08:00:31,91282CKS9,TSRYS5814779,D,S,T,2024-06-20,1000000.00,4.726584,100.26953125
08:00:31,91282CKS9,TSRYS5814779,D,S,T,2024-06-20,2000000.00,4.727646,100.267578125
08:00:31,91282CKS9,TSRYS5814779,D,S,T,2024-06-20,1000000.00,4.728708,100.265625
08:00:31,91282CKS9,TSRYS5814779,D,S,T,2024-06-20,2000000.00,4.728708,100.265625
08:00:31,91282CKS9,TSRYS5814779,D,S,T,2024-06-20,1000000.00,4.728708,100.265625
08:00:31,91282CKS9,TSRYS5814779,D,S,T,2024-06-20,2000000.00,4.728708,100.265625
08:00:31,91282CKS9,TSRYS5814779,D,S,T,2024-06-20,1000000.00,4.728708,100.265625
08:00:31,91282CKS9,TSRYS5814779,D,S,T,2024-06-20,2000000.00,4.728708,100.265625
08:00:31,91282CKS9,TSRYS5814779,D,S,T,2024-06-20,2000000.00,4.728708,100.265625
08:00:31,91282CKS9,TSRYS5814779,D,S,T,2024-06-20,1000000.00,4.726584,100.26953125
08:00:31,91282CKS9,TSRYS5814779,D,S,T,2024-06-20,2000000.00,4.726584,100.26953125
08:00:31,91282CKS9,TSRYS5814779,D,S,T,2024-06-20,1000000.00,4.726584,100.26953125
08:00:31,91282CKS9,TSRYS5814779,D,S,T,2024-06-20,1000000.00,4.727646,100.267578125
08:00:31,91282CKS9,TSRYS5814779,D,S,T,2024-06-20,1000000.00,4.727646,100.267578125
08:00:31,91282CKS9,TSRYS5814779,D,S,T,2024-06-20,1000000.00,4.727646,100.267578125
08:00:31,91282CKS9,TSRYS5814779,D,S,T,2024-06-20,1000000.00,4.727646,100.267578125
08:00:31,91282CKS9,TSRYS5814779,D,S,T,2024-06-20,2000000.00,4.728708,100.265625
08:00:31,91282CKS9,TSRYS5814779,D,S,T,2024-06-20,2000000.00,4.730832,100.26171875
08:00:31,91282CKS9,TSRYS5814779,D,S,T,2024-06-20,2000000.00,4.731894,100.259765625
08:00:31,91282CKS9,TSRYS5814779,D,S,T,2024-06-20,2000000.00,4.731894,100.259765625
08:00:31,91282CKS9,TSRYS5814779,D,S,T,2024-06-20,2000000.00,4.731894,100.259765625
08:00:31,91282CKS9,TSRYS5814779,D,S,T,2024-06-20,1000000.00,4.732956,100.2578125
08:00:31,91282CKS9,TSRYS5814779,D,S,T,2024-06-20,1000000.00,4.730832,100.26171875
08:00:31,91282CKS9,TSRYS5814779,D,S,T,2024-06-20,1000000.00,4.730832,100.26171875
08:00:31,91282CKS9,TSRYS5814779,D,S,T,2024-06-20,2000000.00,4.731894,100.259765625
08:00:31,91282CKS9,TSRYS5814779,D,S,T,2024-06-20,2000000.00,4.731894,100.259765625
08:00:31,91282CKS9,TSRYS5814779,D,S,T,2024-06-20,1000000.00,4.732956,100.2578125
08:00:31,91282CKS9,TSRYS5814779,D,S,T,2024-06-20,1000000.00,4.732956,100.2578125
08:00:31,91282CKS9,TSRYS5814779,D,S,T,2024-06-20,1000000.00,4.732956,100.2578125
08:00:31,91282CKS9,TSRYS5814779,D,S,T,2024-06-20,1000000.00,4.734018,100.255859375
08:00:31,91282CKS9,TSRYS5814779,D,S,T,2024-06-20,2000000.00,4.734018,100.255859375
08:00:31,91282CKS9,TSRYS5814779,D,S,T,2024-06-20,2000000.00,4.734018,100.255859375
08:00:31,91282CKS9,TSRYS5814779,D,S,T,2024-06-20,1000000.00,4.730832,100.26171875
08:00:31,91282CKS9,TSRYS5814779,D,S,T,2024-06-20,1000000.00,4.731894,100.259765625
08:00:31,91282CKS9,TSRYS5814779,D,S,T,2024-06-20,4000000.00,4.731894,100.259765625
08:00:31,91282CKS9,TSRYS5814779,D,S,T,2024-06-20,2000000.00,4.734018,100.255859375
08:00:31,91282CKS9,TSRYS5814779,D,S,T,2024-06-20,2000000.00,4.736142,100.251953125
08:00:31,91282CKS9,TSRYS5814779,D,S,T,2024-06-20,1000000.00,4.738266,100.248046875
08:00:31,91282CKS9,TSRYS5814779,D,S,T,2024-06-20,2000000.00,4.738266,100.248046875
08:00:31,91282CKS9,TSRYS5814779,D,S,T,2024-06-20,1000000.00,4.738266,100.248046875
08:00:31,91282CKS9,TSRYS5814779,D,S,T,2024-06-20,1000000.00,4.738266,100.248046875
08:00:31,91282CKS9,TSRYS5814779,D,S,T,2024-06-20,1000000.00,4.738266,100.248046875
08:00:31,91282CKS9,TSRYS5814779,D,S,T,2024-06-20,1000000.00,4.737204,100.25
08:00:31,91282CKS9,TSRYS5814779,D,S,T,2024-06-20,1000000.00,4.737204,100.25
08:00:31,91282CKS9,TSRYS5814779,D,S,T,2024-06-20,1000000.00,4.737204,100.25
08:00:31,91282CKS9,TSRYS5814779,D,S,T,2024-06-20,1000000.00,4.739328,100.24609375
08:00:31,91282CKS9,TSRYS5814779,D,S,T,2024-06-20,1000000.00,4.739328,100.24609375
08:00:31,91282CKS9,TSRYS5814779,D,S,T,2024-06-20,1000000.00,4.737204,100.25
08:00:31,91282CKS9,TSRYS5814779,D,S,T,2024-06-20,2000000.00,4.739328,100.24609375
08:00:31,91282CKS9,TSRYS5814779,D,S,T,2024-06-20,2000000.00,4.739328,100.24609375
08:00:31,91282CKS9,TSRYS5814779,D,S,T,2024-06-20,1000000.00,4.737204,100.25
08:00:31,91282CKS9,TSRYS5814779,D,S,T,2024-06-20,1000000.00,4.737204,100.25
08:00:31,91282CKS9,TSRYS5814779,D,S,T,2024-06-20,1000000.00,4.737204,100.25
08:00:31,91282CKS9,TSRYS5814779,D,S,T,2024-06-20,1000000.00,4.739328,100.24609375
08:00:31,91282CKS9,TSRYS5814779,D,S,T,2024-06-20,1000000.00,4.739328,100.24609375
08:00:31,91282CKS9,TSRYS5814779,D,S,T,2024-06-20,1000000.00,4.739328,100.24609375
08:00:31,91282CKS9,TSRYS5814779,D,S,T,2024-06-20,1000000.00,4.739328,100.24609375
08:00:31,91282CKS9,TSRYS5814779,D,S,T,2024-06-20,1000000.00,4.739328,100.24609375
08:00:31,91282CKS9,TSRYS5814779,D,S,T,2024-06-20,2000000.00,4.73508,100.25390625
08:00:31,91282CKS9,TSRYS5814779,D,S,T,2024-06-20,2000000.00,4.734018,100.255859375
08:00:31,91282CKS9,TSRYS5814779,D,S,T,2024-06-20,2000000.00,4.739328,100.24609375
08:00:31,91282CKS9,TSRYS5814779,D,S,T,2024-06-20,2000000.00,4.737204,100.25
08:00:31,91282CKS9,TSRYS5814779,D,S,T,2024-06-20,2000000.00,4.737204,100.25
08:00:31,91282CKS9,TSRYS5814779,D,S,T,2024-06-20,1000000.00,4.737204,100.25
08:00:31,91282CKS9,TSRYS5814779,D,S,T,2024-06-20,1000000.00,4.737204,100.25
08:00:31,91282CKS9,TSRYS5814779,D,S,T,2024-06-20,1000000.00,4.737204,100.25
08:00:31,91282CKS9,TSRYS5814779,D,S,T,2024-06-20,1000000.00,4.738266,100.248046875
08:00:31,91282CKS9,TSRYS5814779,D,S,T,2024-06-20,1000000.00,4.738266,100.248046875
08:00:31,91282CKS9,TSRYS5814779,D,S,T,2024-06-20,1000000.00,4.738266,100.248046875
08:00:31,91282CKS9,TSRYS5814779,D,S,T,2024-06-20,1000000.00,4.738266,100.248046875
08:00:31,91282CKS9,TSRYS5814779,D,S,T,2024-06-20,1000000.00,4.737204,100.25
08:00:31,91282CKS9,TSRYS5814779,D,S,T,2024-06-20,1000000.00,4.732956,100.2578125
08:00:31,91282CKS9,TSRYS5814779,D,S,T,2024-06-20,1000000.00,4.731894,100.259765625
08:00:31,91282CKS9,TSRYS5814779,D,S,T,2024-06-20,1000000.00,4.731894,100.259765625
08:00:31,91282CKS9,TSRYS5814779,D,S,T,2024-06-20,1000000.00,4.723398,100.275390625
08:00:31,91282CKS9,TSRYS5814779,D,S,T,2024-06-20,1000000.00,4.728708,100.265625
08:00:31,91282CKS9,TSRYS5814779,D,S,T,2024-06-20,1000000.00,4.730832,100.26171875
08:00:31,91282CKS9,TSRYS5814779,D,S,T,2024-06-20,1000000.00,4.730832,100.26171875
08:00:31,91282CKS9,TSRYS5814779,D,S,T,2024-06-20,1000000.00,4.730832,100.26171875
08:00:31,91282CKS9,TSRYS5814779,D,S,T,2024-06-20,1000000.00,4.730832,100.26171875
08:00:31,91282CKS9,TSRYS5814779,D,S,T,2024-06-20,2000000.00,4.736142,100.251953125
08:00:31,91282CKS9,TSRYS5814779,D,S,T,2024-06-20,1000000.00,4.73508,100.25390625
08:00:31,91282CKS9,TSRYS5814779,D,S,T,2024-06-20,1000000.00,4.737204,100.25
08:00:31,91282CKS9,TSRYS5814779,D,S,T,2024-06-20,1000000.00,4.73508,100.25390625
08:00:31,91282CKS9,TSRYS5814779,D,S,T,2024-06-20,1000000.00,4.73508,100.25390625
08:00:31,91282CKS9,TSRYS5814779,D,S,T,2024-06-20,1000000.00,4.73508,100.25390625
08:00:31,91282CKS9,TSRYS5814779,D,S,T,2024-06-20,1000000.00,4.739328,100.24609375
08:00:31,91282CKS9,TSRYS5814779,D,S,T,2024-06-20,1000000.00,4.739328,100.24609375
08:00:31,91282CKS9,TSRYS5814779,D,S,T,2024-06-20,3000000.00,4.739328,100.24609375
08:00:31,91282CKS9,TSRYS5814779,D,S,T,2024-06-20,1000000.00,4.739328,100.24609375
08:00:31,91282CKS9,TSRYS5814779,D,S,T,2024-06-20,1000000.00,4.737204,100.25
08:00:31,91282CKS9,TSRYS5814779,D,S,T,2024-06-20,1000000.00,4.737204,100.25
08:00:31,91282CKS9,TSRYS5814779,D,S,T,2024-06-20,1000000.00,4.737204,100.25
08:00:31,91282CKS9,TSRYS5814779,D,S,T,2024-06-20,1000000.00,4.739328,100.24609375
08:00:31,91282CKS9,TSRYS5814779,D,S,T,2024-06-20,1000000.00,4.739328,100.24609375
08:00:31,91282CKS9,TSRYS5814779,D,S,T,2024-06-20,1000000.00,4.739328,100.24609375
08:00:31,91282CKS9,TSRYS5814779,D,S,T,2024-06-20,1000000.00,4.739328,100.24609375
08:00:31,91282CKS9,TSRYS5814779,D,S,T,2024-06-20,1000000.00,4.739328,100.24609375
08:00:31,91282CKS9,TSRYS5814779,D,S,T,2024-06-20,1000000.00,4.739328,100.24609375
08:00:31,91282CKS9,TSRYS5814779,D,S,T,2024-06-20,1000000.00,4.739328,100.24609375
08:00:31,91282CKS9,TSRYS5814779,D,S,T,2024-06-20,1000000.00,4.739328,100.24609375
08:00:31,91282CKS9,TSRYS5814779,D,S,T,2024-06-20,1000000.00,4.739328,100.24609375
08:00:31,91282CKS9,TSRYS5814779,D,S,T,2024-06-20,1000000.00,4.739328,100.24609375
08:00:31,91282CKS9,TSRYS5814779,D,S,T,2024-06-20,2000000.00,4.739328,100.24609375
08:00:31,91282CKS9,TSRYS5814779,D,S,T,2024-06-20,2000000.00,4.739328,100.24609375
08:00:31,91282CKS9,TSRYS5814779,D,S,T,2024-06-20,2000000.00,4.739328,100.24609375
08:00:31,91282CKS9,TSRYS5814779,D,S,T,2024-06-20,1000000.00,4.740391,100.244140625
08:00:31,91282CKS9,TSRYS5814779,D,S,T,2024-06-20,1000000.00,4.740391,100.244140625
08:00:31,91282CKS9,TSRYS5814779,D,S,T,2024-06-20,1000000.00,4.740391,100.244140625
08:00:31,91282CKS9,TSRYS5814779,D,S,T,2024-06-20,1000000.00,4.740391,100.244140625
08:00:31,91282CKS9,TSRYS5814779,D,S,T,2024-06-20,2000000.00,4.741453,100.2421875
08:00:31,91282CKS9,TSRYS5814779,D,S,T,2024-06-20,1000000.00,4.739328,100.24609375
08:00:31,91282CKS9,TSRYS5814779,D,S,T,2024-06-20,2000000.00,4.739328,100.24609375
08:00:31,91282CKS9,TSRYS5814779,D,S,T,2024-06-20,1000000.00,4.738266,100.248046875
08:00:31,91282CKS9,TSRYS5814779,D,S,T,2024-06-20,2000000.00,4.737204,100.25
08:00:31,91282CKS9,TSRYS5814779,D,S,T,2024-06-20,2000000.00,4.737204,100.25
08:00:31,91282CKS9,TSRYS5814779,D,S,T,2024-06-20,2000000.00,4.737204,100.25
08:00:31,91282CKS9,TSRYS5814779,D,S,T,2024-06-20,2000000.00,4.737204,100.25
08:00:31,91282CKS9,TSRYS5814779,D,S,T,2024-06-20,2000000.00,4.737204,100.25
08:00:31,91282CKS9,TSRYS5814779,D,S,T,2024-06-20,2000000.00,4.737204,100.25
08:00:31,91282CKS9,TSRYS5814779,D,S,T,2024-06-20,1000000.00,4.737204,100.25
08:00:31,91282CKS9,TSRYS5814779,D,S,T,2024-06-20,1000000.00,4.737204,100.25
08:00:31,91282CKS9,TSRYS5814779,D,S,T,2024-06-20,1000000.00,4.737204,100.25
08:00:31,91282CKS9,TSRYS5814779,D,S,T,2024-06-20,1000000.00,4.737204,100.25
08:00:31,91282CKS9,TSRYS5814779,D,S,T,2024-06-20,3000000.00,4.737204,100.25
08:00:31,91282CKS9,TSRYS5814779,D,S,T,2024-06-20,3000000.00,4.737204,100.25
08:00:31,91282CKS9,TSRYS5814779,D,S,T,2024-06-20,2000000.00,4.737204,100.25
08:00:31,91282CKS9,TSRYS5814779,D,S,T,2024-06-20,1000000.00,4.737204,100.25
08:00:31,91282CKS9,TSRYS5814779,D,S,T,2024-06-20,1000000.00,4.737204,100.25
08:00:31,91282CKS9,TSRYS5814779,D,S,T,2024-06-20,2000000.00,4.737204,100.25
08:00:31,91282CKS9,TSRYS5814779,D,S,T,2024-06-20,1000000.00,4.737204,100.25
08:00:31,91282CKS9,TSRYS5814779,D,S,T,2024-06-20,1000000.00,4.737204,100.25
08:00:31,91282CKS9,TSRYS5814779,D,S,T,2024-06-20,3000000.00,4.738266,100.248046875
08:00:31,91282CKS9,TSRYS5814779,D,S,T,2024-06-20,10000000.00,4.739328,100.24609375
08:00:31,91282CKS9,TSRYS5814779,D,S,T,2024-06-20,1000000.00,4.739328,100.24609375
08:00:31,91282CKS9,TSRYS5814779,D,S,T,2024-06-20,1000000.00,4.739328,100.24609375
08:00:31,91282CKS9,TSRYS5814779,D,S,T,2024-06-20,1000000.00,4.739328,100.24609375
08:00:31,91282CKS9,TSRYS5814779,D,S,T,2024-06-20,1000000.00,4.739328,100.24609375
08:00:31,91282CKS9,TSRYS5814779,D,S,T,2024-06-20,2000000.00,4.739328,100.24609375
08:00:31,91282CKS9,TSRYS5814779,D,S,T,2024-06-20,3000000.00,4.740391,100.244140625
08:00:31,91282CKS9,TSRYS5814779,D,S,T,2024-06-20,3000000.00,4.739328,100.24609375
08:00:31,91282CKS9,TSRYS5814779,D,S,T,2024-06-20,2000000.00,4.739328,100.24609375
08:00:31,91282CKS9,TSRYS5814779,D,S,T,2024-06-20,2000000.00,4.739328,100.24609375
08:00:31,91282CKS9,TSRYS5814779,D,S,T,2024-06-20,2000000.00,4.739328,100.24609375
08:00:31,91282CKS9,TSRYS5814779,D,S,T,2024-06-20,1000000.00,4.738266,100.248046875
08:00:31,91282CKS9,TSRYS5814779,D,S,T,2024-06-20,2000000.00,4.737204,100.25
08:00:31,91282CKS9,TSRYS5814779,D,S,T,2024-06-20,1000000.00,4.737204,100.25
08:00:31,91282CKS9,TSRYS5814779,D,S,T,2024-06-20,1000000.00,4.737204,100.25
08:00:31,91282CKS9,TSRYS5814779,D,S,T,2024-06-20,1000000.00,4.737204,100.25
08:00:31,91282CKS9,TSRYS5814779,D,S,T,2024-06-20,2000000.00,4.737204,100.25
08:00:31,91282CKS9,TSRYS5814779,D,S,T,2024-06-20,1000000.00,4.737204,100.25
08:00:31,91282CKS9,TSRYS5814779,D,S,T,2024-06-20,1000000.00,4.737204,100.25
08:00:31,91282CKS9,TSRYS5814779,D,S,T,2024-06-20,3000000.00,4.737204,100.25
08:00:31,91282CKS9,TSRYS5814779,D,S,T,2024-06-20,1000000.00,4.737204,100.25
08:00:31,91282CKS9,TSRYS5814779,D,S,T,2024-06-20,2000000.00,4.737204,100.25
08:00:31,91282CKS9,TSRYS5814779,D,S,T,2024-06-20,2000000.00,4.73508,100.25390625
08:00:31,91282CKS9,TSRYS5814779,D,S,T,2024-06-20,1000000.00,4.73508,100.25390625
08:00:31,91282CKS9,TSRYS5814779,D,S,T,2024-06-20,1000000.00,4.73508,100.25390625
08:00:31,91282CKS9,TSRYS5814779,D,S,T,2024-06-20,1000000.00,4.734018,100.255859375
08:00:31,91282CKS9,TSRYS5814779,D,S,T,2024-06-20,1000000.00,4.734018,100.255859375
08:00:31,91282CKS9,TSRYS5814779,D,S,T,2024-06-20,1000000.00,4.73508,100.25390625
08:00:31,91282CKS9,TSRYS5814779,D,S,T,2024-06-20,1000000.00,4.736142,100.251953125
08:00:31,91282CKS9,TSRYS5814779,D,S,T,2024-06-20,1000000.00,4.736142,100.251953125
08:00:31,91282CKS9,TSRYS5814779,D,S,T,2024-06-20,2000000.00,4.736142,100.251953125
08:00:31,91282CKS9,TSRYS5814779,D,S,T,2024-06-20,1000000.00,4.73508,100.25390625
08:00:31,91282CKS9,TSRYS5814779,D,S,T,2024-06-20,1000000.00,4.73508,100.25390625
08:00:31,91282CKS9,TSRYS5814779,D,S,T,2024-06-20,1000000.00,4.73508,100.25390625
08:00:31,91282CKS9,TSRYS5814779,D,S,T,2024-06-20,1000000.00,4.73508,100.25390625
08:00:31,91282CKS9,TSRYS5814779,D,S,T,2024-06-20,1000000.00,4.73508,100.25390625
08:00:31,91282CKS9,TSRYS5814779,D,S,T,2024-06-20,1000000.00,4.73508,100.25390625
08:00:31,91282CKS9,TSRYS5814779,D,S,T,2024-06-20,1000000.00,4.73508,100.25390625
08:00:31,91282CKS9,TSRYS5814779,D,S,T,2024-06-20,1000000.00,4.73508,100.25390625
08:00:31,91282CKS9,TSRYS5814779,D,S,T,2024-06-20,1000000.00,4.73508,100.25390625
08:00:31,91282CKS9,TSRYS5814779,D,S,T,2024-06-20,1000000.00,4.732956,100.2578125
08:00:31,91282CKS9,TSRYS5814779,D,S,T,2024-06-20,1000000.00,4.73508,100.25390625
08:00:31,91282CKS9,TSRYS5814779,D,S,T,2024-06-20,1000000.00,4.73508,100.25390625
08:00:31,91282CKS9,TSRYS5814779,D,S,T,2024-06-20,1000000.00,4.73508,100.25390625
08:00:31,91282CKS9,TSRYS5814779,D,S,T,2024-06-20,1000000.00,4.732956,100.2578125
08:00:31,91282CKS9,TSRYS5814779,D,S,T,2024-06-20,1000000.00,4.730832,100.26171875
08:00:31,91282CKS9,TSRYS5814779,D,S,T,2024-06-20,1000000.00,4.728708,100.265625
08:00:31,91282CKS9,TSRYS5814779,D,S,T,2024-06-20,2000000.00,4.728708,100.265625
08:00:31,91282CKS9,TSRYS5814779,D,S,T,2024-06-20,1000000.00,4.728708,100.265625
08:00:31,91282CKS9,TSRYS5814779,D,S,T,2024-06-20,3000000.00,4.728708,100.265625
08:00:31,91282CKS9,TSRYS5814779,D,S,T,2024-06-20,1000000.00,4.728708,100.265625
08:00:31,91282CKS9,TSRYS5814779,D,S,T,2024-06-20,1000000.00,4.728708,100.265625
08:00:31,91282CKS9,TSRYS5814779,D,S,T,2024-06-20,1000000.00,4.728708,100.265625
08:00:31,91282CKS9,TSRYS5814779,D,S,T,2024-06-20,1000000.00,4.728708,100.265625
08:00:31,91282CKS9,TSRYS5814779,D,S,T,2024-06-20,1000000.00,4.726584,100.26953125
08:00:31,91282CKS9,TSRYS5814779,D,S,T,2024-06-20,1000000.00,4.726584,100.26953125
08:00:31,91282CKS9,TSRYS5814779,D,S,T,2024-06-20,1000000.00,4.726584,100.26953125
08:00:31,91282CKS9,TSRYS5814779,D,S,T,2024-06-20,1000000.00,4.726584,100.26953125
08:00:31,91282CKS9,TSRYS5814779,D,S,T,2024-06-20,1000000.00,4.726584,100.26953125
08:00:31,91282CKS9,TSRYS5814779,D,S,T,2024-06-20,1000000.00,4.726584,100.26953125
08:00:31,91282CKS9,TSRYS5814779,D,S,T,2024-06-20,1000000.00,4.726584,100.26953125
08:00:31,91282CKS9,TSRYS5814779,D,S,T,2024-06-20,1000000.00,4.726584,100.26953125
08:00:31,91282CKS9,TSRYS5814779,D,S,T,2024-06-20,1000000.00,4.726584,100.26953125
08:00:31,91282CKS9,TSRYS5814779,D,S,T,2024-06-20,3000000.00,4.727646,100.267578125
08:00:31,91282CKS9,TSRYS5814779,D,S,T,2024-06-20,1000000.00,4.727646,100.267578125
08:00:31,91282CKS9,TSRYS5814779,D,S,T,2024-06-20,1000000.00,4.727646,100.267578125
08:00:31,91282CKS9,TSRYS5814779,D,S,T,2024-06-20,1000000.00,4.727646,100.267578125
08:00:31,91282CKS9,TSRYS5814779,D,S,T,2024-06-20,1000000.00,4.727646,100.267578125
08:00:31,91282CKS9,TSRYS5814779,D,S,T,2024-06-20,2000000.00,4.727646,100.267578125
08:00:31,91282CKS9,TSRYS5814779,D,S,T,2024-06-20,1000000.00,4.727646,100.267578125
08:00:31,91282CKS9,TSRYS5814779,D,S,T,2024-06-20,1000000.00,4.727646,100.267578125
08:00:31,91282CKS9,TSRYS5814779,D,S,T,2024-06-20,1000000.00,4.727646,100.267578125
08:00:31,91282CKS9,TSRYS5814779,D,S,T,2024-06-20,3000000.00,4.727646,100.267578125
08:00:31,91282CKS9,TSRYS5814779,D,S,T,2024-06-20,1000000.00,4.727646,100.267578125
08:00:31,91282CKS9,TSRYS5814779,D,S,T,2024-06-20,2000000.00,4.727646,100.267578125
08:00:31,91282CKS9,TSRYS5814779,D,S,T,2024-06-20,1000000.00,4.730832,100.26171875
08:00:31,91282CKS9,TSRYS5814779,D,S,T,2024-06-20,2000000.00,4.730832,100.26171875
08:00:31,91282CKS9,TSRYS5814779,D,S,T,2024-06-20,3000000.00,4.730832,100.26171875
08:00:31,91282CKS9,TSRYS5814779,D,S,T,2024-06-20,3000000.00,4.72977,100.263671875
08:00:31,91282CKS9,TSRYS5814779,D,S,T,2024-06-20,1000000.00,4.72977,100.263671875
08:00:31,91282CKS9,TSRYS5814779,D,S,T,2024-06-20,2000000.00,4.72977,100.263671875
08:00:31,91282CKS9,TSRYS5814779,D,S,T,2024-06-20,2000000.00,4.72977,100.263671875
08:00:31,91282CKS9,TSRYS5814779,D,S,T,2024-06-20,3000000.00,4.730832,100.26171875
08:00:31,91282CKS9,TSRYS5814779,D,S,T,2024-06-20,3000000.00,4.728708,100.265625
08:00:31,91282CKS9,TSRYS5814779,D,S,T,2024-06-20,1000000.00,4.730832,100.26171875
08:00:31,91282CKS9,TSRYS5814779,D,S,T,2024-06-20,1000000.00,4.72977,100.263671875
08:00:34,91282CKS9,TSRYS5814779,D,B,A,2024-06-20,11640000.00,4.739328,100.24609375
08:00:34,91282CKS9,TSRYS5814779,D,B,A,2024-06-20,438000.00,4.739328,100.24609375
08:00:34,91282CKS9,TSRYS5814779,D,B,A,2024-06-20,438000.00,4.739328,100.24609375
08:00:34,91282CKS9,TSRYS5814779,D,B,A,2024-06-20,2000000.00,4.732956,100.2578125
08:00:34,91282CKS9,TSRYS5814779,D,S,A,2024-06-20,1400000.00,4.732956,100.2578125
08:00:34,91282CKS9,TSRYS5814779,D,S,D,2024-06-20,3000000.00,4.738266,100.248046875
08:00:38,91282CKS9,TSRYS5814779,D,S,T,2024-06-20,1000000.00,4.737204,100.25
08:00:38,91282CKS9,TSRYS5814779,D,S,T,2024-06-20,2000000.00,4.738266,100.248046875
08:00:38,91282CKS9,TSRYS5814779,D,S,T,2024-06-20,2000000.00,4.738266,100.248046875
08:00:38,91282CKS9,TSRYS5814779,D,S,T,2024-06-20,3000000.00,4.738266,100.248046875
08:00:38,91282CKS9,TSRYS5814779,D,S,A,2024-06-20,3080000.00,4.737204,100.25
08:00:38,91282CKS9,TSRYS5814779,D,S,A,2024-06-20,2000000.00,4.728708,100.265625
08:00:38,91282CKS9,TSRYS5814779,D,S,A,2024-06-20,680000.00,4.732956,100.2578125
08:00:38,91282CKS9,TSRYS5814779,D,S,T,2024-06-20,1000000.00,4.732956,100.2578125
08:00:38,91282CKS9,TSRYS5814779,D,S,T,2024-06-20,1000000.00,4.732956,100.2578125
08:00:38,91282CKS9,TSRYS5814779,D,S,T,2024-06-20,5000000.00,4.732956,100.2578125
08:00:38,91282CKS9,TSRYS5814779,D,S,T,2024-06-20,1000000.00,4.732956,100.2578125
08:00:38,91282CKS9,TSRYS5814779,D,S,T,2024-06-20,1000000.00,4.732956,100.2578125
08:00:38,91282CKS9,TSRYS5814779,D,B,A,2024-06-20,10000000.00,4.732956,100.2578125
08:00:38,91282CKS9,TSRYS5814779,D,S,T,2024-06-20,1000000.00,4.732956,100.2578125
08:00:38,91282CKS9,TSRYS5814779,D,S,T,2024-06-20,1000000.00,4.731894,100.259765625
08:00:38,91282CKS9,TSRYS5814779,D,S,T,2024-06-20,1000000.00,4.737204,100.25
08:00:38,91282CKS9,TSRYS5814779,D,S,T,2024-06-20,1000000.00,4.737204,100.25
08:00:38,91282CKS9,TSRYS5814779,D,S,T,2024-06-20,1000000.00,4.737204,100.25
08:00:38,91282CKS9,TSRYS5814779,D,S,T,2024-06-20,2000000.00,4.737204,100.25
08:00:38,91282CKS9,TSRYS5814779,D,S,T,2024-06-20,1000000.00,4.737204,100.25
08:00:38,91282CKS9,TSRYS5814779,D,S,T,2024-06-20,4000000.00,4.737204,100.25
08:00:38,91282CKS9,TSRYS5814779,D,S,T,2024-06-20,1000000.00,4.737204,100.25
08:00:38,91282CKS9,TSRYS5814779,D,S,T,2024-06-20,1000000.00,4.737204,100.25
08:00:38,91282CKS9,TSRYS5814779,D,S,T,2024-06-20,2000000.00,4.737204,100.25
08:00:38,91282CKS9,TSRYS5814779,D,S,T,2024-06-20,1000000.00,4.737204,100.25
08:00:38,91282CKS9,TSRYS5814779,D,S,T,2024-06-20,7000000.00,4.737204,100.25
08:00:38,91282CKS9,TSRYS5814779,D,S,T,2024-06-20,1000000.00,4.737204,100.25
08:00:38,91282CKS9,TSRYS5814779,D,S,T,2024-06-20,1000000.00,4.737204,100.25
08:00:38,91282CKS9,TSRYS5814779,D,S,T,2024-06-20,1000000.00,4.737204,100.25
08:00:38,91282CKS9,TSRYS5814779,D,S,T,2024-06-20,1000000.00,4.737204,100.25
08:00:38,91282CKS9,TSRYS5814779,D,S,T,2024-06-20,1000000.00,4.737204,100.25
08:00:38,91282CKS9,TSRYS5814779,D,S,T,2024-06-20,1000000.00,4.737204,100.25
08:00:38,91282CKS9,TSRYS5814779,D,S,T,2024-06-20,1000000.00,4.737204,100.25
08:00:38,91282CKS9,TSRYS5814779,D,S,T,2024-06-20,1000000.00,4.737204,100.25
08:00:38,91282CKS9,TSRYS5814779,D,S,T,2024-06-20,2000000.00,4.736142,100.251953125
08:00:38,91282CKS9,TSRYS5814779,D,S,C,2024-06-20,1544000.00,4.73508,100.25390625
08:00:39,91282CKS9,TSRYS5814779,D,B,C,2024-06-20,10000000.00,4.726584,100.26953125
08:00:39,91282CKS9,TSRYS5814779,D,B,A,2024-06-20,3000000.00,4.726584,100.26953125
08:00:39,91282CKS9,TSRYS5814779,D,S,T,2024-06-20,1000000.00,4.73508,100.25390625
08:00:39,91282CKS9,TSRYS5814779,D,S,A,2024-06-20,3500000.00,4.739328,100.24609375
08:00:39,91282CKS9,TSRYS5814779,D,S,T,2024-06-20,1000000.00,4.739328,100.24609375
08:00:39,91282CKS9,TSRYS5814779,D,S,A,2024-06-20,10000000.00,4.739328,100.24609375
08:00:39,91282CKS9,TSRYS5814779,D,B,A,2024-06-20,10000000.00,4.741453,100.2421875
08:00:39,91282CKS9,TSRYS5814779,D,S,A,2024-06-20,920000.00,4.739328,100.24609375
08:00:42,91282CKS9,TSRYS5814779,D,S,D,2024-06-20,4000000.00,4.730832,100.26171875
08:00:42,91282CKS9,TSRYS5814779,D,S,D,2024-06-20,1000000.00,4.730832,100.26171875
08:00:42,91282CKS9,TSRYS5814779,D,S,D,2024-06-20,2000000.00,4.730832,100.26171875
08:00:42,91282CKS9,TSRYS5814779,D,S,A,2024-06-20,10000000.00,4.737204,100.25
08:00:42,91282CKS9,TSRYS5814779,D,S,T,2024-06-20,1000000.00,4.737204,100.25
08:00:42,91282CKS9,TSRYS5814779,D,S,T,2024-06-20,1000000.00,4.737204,100.25
08:00:42,91282CKS9,TSRYS5814779,D,S,C,2024-06-20,613000.00,4.739328,100.24609375
08:00:42,91282CKS9,TSRYS5814779,D,B,C,2024-06-20,109000000.00,4.741453,100.2421875
08:00:42,91282CKS9,TSRYS5814779,D,B,C,2024-06-20,54000000.00,4.737204,100.25
08:00:42,91282CKS9,TSRYS5814779,D,S,T,2024-06-20,1000000.00,4.728708,100.265625
08:00:42,91282CKS9,TSRYS5814779,D,S,T,2024-06-20,1000000.00,4.728708,100.265625
08:00:42,91282CKS9,TSRYS5814779,D,S,T,2024-06-20,3300000.00,4.669281,100.375
08:00:42,91282CKS9,TSRYS5814779,D,S,T,2024-06-20,33100000.00,4.669281,100.375
08:00:42,91282CKS9,TSRYS5814779,D,S,T,2024-06-20,8300000.00,4.669281,100.375
08:00:42,91282CKS9,TSRYS5814779,D,S,D,2024-06-20,2000000.00,4.728708,100.265625
08:00:42,91282CKS9,TSRYS5814779,D,S,T,2024-06-20,1000000.00,4.727646,100.267578125
08:00:42,91282CKS9,TSRYS5814779,D,S,T,2024-06-20,1000000.00,4.727646,100.267578125
08:00:42,91282CKS9,TSRYS5814779,D,S,D,2024-06-20,3000000.00,4.728708,100.265625
08:00:42,91282CKS9,TSRYS5814779,D,S,D,2024-06-20,2000000.00,4.728708,100.265625
08:00:42,91282CKS9,TSRYS5814779,D,S,T,2024-06-20,1000000.00,4.730832,100.26171875
08:00:42,91282CKS9,TSRYS5814779,D,S,T,2024-06-20,1000000.00,4.730832,100.26171875
08:00:42,91282CKS9,TSRYS5814779,D,S,T,2024-06-20,1000000.00,4.730832,100.26171875
08:00:42,91282CKS9,TSRYS5814779,D,S,T,2024-06-20,1000000.00,4.730832,100.26171875
08:00:42,91282CKS9,TSRYS5814779,D,S,T,2024-06-20,1000000.00,4.730832,100.26171875
08:00:42,91282CKS9,TSRYS5814779,D,S,T,2024-06-20,1000000.00,4.730832,100.26171875
08:00:42,91282CKS9,TSRYS5814779,D,S,T,2024-06-20,1000000.00,4.730832,100.26171875
08:00:42,91282CKS9,TSRYS5814779,D,S,T,2024-06-20,1000000.00,4.730832,100.26171875
08:00:42,91282CKS9,TSRYS5814779,D,S,T,2024-06-20,1000000.00,4.730832,100.26171875
08:00:42,91282CKS9,TSRYS5814779,D,S,T,2024-06-20,1000000.00,4.730832,100.26171875
08:00:42,91282CKS9,TSRYS5814779,D,S,T,2024-06-20,1000000.00,4.730832,100.26171875
08:00:42,91282CKS9,TSRYS5814779,D,S,T,2024-06-20,1000000.00,4.730832,100.26171875
08:00:42,91282CKS9,TSRYS5814779,D,S,T,2024-06-20,1000000.00,4.730832,100.26171875
08:00:42,91282CKS9,TSRYS5814779,D,S,T,2024-06-20,1000000.00,4.730832,100.26171875
08:00:42,91282CKS9,TSRYS5814779,D,S,T,2024-06-20,1000000.00,4.730832,100.26171875
08:00:42,91282CKS9,TSRYS5814779,D,S,T,2024-06-20,1000000.00,4.730832,100.26171875
08:00:42,91282CKS9,TSRYS5814779,D,S,T,2024-06-20,1000000.00,4.730832,100.26171875
08:00:42,91282CKS9,TSRYS5814779,D,S,T,2024-06-20,1000000.00,4.730832,100.26171875
08:00:42,91282CKS9,TSRYS5814779,D,S,T,2024-06-20,1000000.00,4.730832,100.26171875
08:00:42,91282CKS9,TSRYS5814779,D,S,T,2024-06-20,1000000.00,4.730832,100.26171875
08:00:42,91282CKS9,TSRYS5814779,D,S,T,2024-06-20,1000000.00,4.730832,100.26171875
08:00:42,91282CKS9,TSRYS5814779,D,S,T,2024-06-20,1000000.00,4.730832,100.26171875
08:00:42,91282CKS9,TSRYS5814779,D,S,T,2024-06-20,2000000.00,4.730832,100.26171875
08:00:42,91282CKS9,TSRYS5814779,D,S,T,2024-06-20,4000000.00,4.732956,100.2578125
08:00:42,91282CKS9,TSRYS5814779,D,S,T,2024-06-20,1000000.00,4.732956,100.2578125
08:00:42,91282CKS9,TSRYS5814779,D,S,T,2024-06-20,1000000.00,4.732956,100.2578125
08:00:42,91282CKS9,TSRYS5814779,D,S,T,2024-06-20,1000000.00,4.732956,100.2578125
08:00:42,91282CKS9,TSRYS5814779,D,S,T,2024-06-20,2000000.00,4.732956,100.2578125
08:00:42,91282CKS9,TSRYS5814779,D,B,C,2024-06-20,1458000.00,4.732956,100.2578125
08:00:42,91282CKS9,TSRYS5814779,D,S,D,2024-06-20,1000000.00,4.730832,100.26171875
08:00:42,91282CKS9,TSRYS5814779,D,S,D,2024-06-20,1000000.00,4.730832,100.26171875
08:00:42,91282CKS9,TSRYS5814779,D,S,D,2024-06-20,1000000.00,4.730832,100.26171875
08:00:42,91282CKS9,TSRYS5814779,D,S,D,2024-06-20,1000000.00,4.730832,100.26171875
08:00:42,91282CKS9,TSRYS5814779,D,S,D,2024-06-20,2000000.00,4.730832,100.26171875
08:00:42,91282CKS9,TSRYS5814779,D,S,D,2024-06-20,1000000.00,4.730832,100.26171875
08:00:42,91282CKS9,TSRYS5814779,D,S,D,2024-06-20,1000000.00,4.730832,100.26171875
08:00:42,91282CKS9,TSRYS5814779,D,S,D,2024-06-20,2000000.00,4.730832,100.26171875
08:00:42,91282CKS9,TSRYS5814779,D,S,D,2024-06-20,1000000.00,4.730832,100.26171875
08:00:42,91282CKS9,TSRYS5814779,D,S,D,2024-06-20,1000000.00,4.730832,100.26171875
08:00:42,91282CKS9,TSRYS5814779,D,S,D,2024-06-20,4000000.00,4.730832,100.26171875
08:00:42,91282CKS9,TSRYS5814779,D,S,D,2024-06-20,2000000.00,4.731334,100.2607955214
08:00:42,91282CKS9,TSRYS5814779,D,S,D,2024-06-20,2000000.00,4.731334,100.2607955214
08:00:42,91282CKS9,TSRYS5814779,D,S,D,2024-06-20,1000000.00,4.730834,100.2617150718
08:00:42,91282CKS9,TSRYS5814779,D,S,D,2024-06-20,1000000.00,4.730834,100.2617150718
08:00:42,91282CKS9,TSRYS5814779,D,S,D,2024-06-20,1000000.00,4.730834,100.2617150718
08:00:42,91282CKS9,TSRYS5814779,D,S,D,2024-06-20,1000000.00,4.730834,100.2617150718
08:00:42,91282CKS9,TSRYS5814779,D,S,D,2024-06-20,1000000.00,4.730834,100.2617150718
08:00:42,91282CKS9,TSRYS5814779,D,S,D,2024-06-20,1000000.00,4.730834,100.2617150718
08:00:42,91282CKS9,TSRYS5814779,D,S,C,2024-06-20,5000.00,4.730832,100.26171875
08:00:42,91282CKS9,TSRYS5814779,D,S,D,2024-06-20,1000000.00,4.730834,100.2617150718
08:00:42,91282CKS9,TSRYS5814779,D,S,D,2024-06-20,1000000.00,4.730834,100.2617150718
08:00:42,91282CKS9,TSRYS5814779,D,S,T,2024-06-20,1000000.00,4.730832,100.26171875
08:00:42,91282CKS9,TSRYS5814779,D,S,T,2024-06-20,2000000.00,4.730832,100.26171875
08:00:42,91282CKS9,TSRYS5814779,D,S,D,2024-06-20,1000000.00,4.730834,100.2617150718
08:00:42,91282CKS9,TSRYS5814779,D,S,D,2024-06-20,1000000.00,4.730834,100.2617150718
08:00:42,91282CKS9,TSRYS5814779,D,S,D,2024-06-20,1000000.00,4.730834,100.2617150718
08:00:42,91282CKS9,TSRYS5814779,D,S,D,2024-06-20,1000000.00,4.730834,100.2617150718
08:00:42,91282CKS9,TSRYS5814779,D,S,D,2024-06-20,1000000.00,4.730834,100.2617150718
08:00:42,91282CKS9,TSRYS5814779,D,S,D,2024-06-20,1000000.00,4.730834,100.2617150718
08:00:42,91282CKS9,TSRYS5814779,D,S,D,2024-06-20,1000000.00,4.730834,100.2617150718
08:00:42,91282CKS9,TSRYS5814779,D,S,D,2024-06-20,1000000.00,4.730832,100.26171875
08:00:42,91282CKS9,TSRYS5814779,D,S,D,2024-06-20,1000000.00,4.730832,100.26171875
08:00:42,91282CKS9,TSRYS5814779,D,S,D,2024-06-20,1000000.00,4.730832,100.26171875
08:00:42,91282CKS9,TSRYS5814779,D,S,D,2024-06-20,3000000.00,4.732956,100.2578125
08:00:42,91282CKS9,TSRYS5814779,D,S,D,2024-06-20,2000000.00,4.732956,100.2578125
08:00:42,91282CKS9,TSRYS5814779,D,S,D,2024-06-20,3000000.00,4.732956,100.2578125
08:00:42,91282CKS9,TSRYS5814779,D,S,D,2024-06-20,4000000.00,4.732956,100.2578125
08:00:42,91282CKS9,TSRYS5814779,D,S,D,2024-06-20,4000000.00,4.732956,100.2578125
08:00:42,91282CKS9,TSRYS5814779,D,S,D,2024-06-20,4000000.00,4.732956,100.2578125
08:00:42,91282CKS9,TSRYS5814779,D,S,D,2024-06-20,3000000.00,4.732956,100.2578125
08:00:42,91282CKS9,TSRYS5814779,D,S,T,2024-06-20,1000000.00,4.730832,100.26171875
08:00:42,91282CKS9,TSRYS5814779,D,S,T,2024-06-20,1000000.00,4.730832,100.26171875
08:00:42,91282CKS9,TSRYS5814779,D,S,T,2024-06-20,3000000.00,4.728708,100.265625
08:00:42,91282CKS9,TSRYS5814779,D,S,T,2024-06-20,1000000.00,4.728708,100.265625
08:00:42,91282CKS9,TSRYS5814779,D,S,T,2024-06-20,1000000.00,4.728708,100.265625
08:00:42,91282CKS9,TSRYS5814779,D,S,T,2024-06-20,1000000.00,4.728708,100.265625
08:00:42,91282CKS9,TSRYS5814779,D,S,T,2024-06-20,1000000.00,4.728708,100.265625
08:00:42,91282CKS9,TSRYS5814779,D,S,T,2024-06-20,1000000.00,4.730832,100.26171875
08:00:42,91282CKS9,TSRYS5814779,D,S,T,2024-06-20,1000000.00,4.728708,100.265625
08:00:42,91282CKS9,TSRYS5814779,D,S,T,2024-06-20,1000000.00,4.728708,100.265625
08:00:42,91282CKS9,TSRYS5814779,D,S,T,2024-06-20,1000000.00,4.728708,100.265625
08:00:42,91282CKS9,TSRYS5814779,D,S,T,2024-06-20,2000000.00,4.728708,100.265625
08:00:42,91282CKS9,TSRYS5814779,D,S,T,2024-06-20,2000000.00,4.728708,100.265625
08:00:42,91282CKS9,TSRYS5814779,D,S,T,2024-06-20,2000000.00,4.728708,100.265625
08:00:42,91282CKS9,TSRYS5814779,D,S,T,2024-06-20,6000000.00,4.728708,100.265625
08:00:42,91282CKS9,TSRYS5814779,D,S,T,2024-06-20,1000000.00,4.728708,100.265625
08:00:42,91282CKS9,TSRYS5814779,D,S,T,2024-06-20,1000000.00,4.728708,100.265625
08:00:42,91282CKS9,TSRYS5814779,D,S,T,2024-06-20,1000000.00,4.728708,100.265625
08:00:42,91282CKS9,TSRYS5814779,D,S,T,2024-06-20,1000000.00,4.728708,100.265625
08:00:42,91282CKS9,TSRYS5814779,D,S,T,2024-06-20,1000000.00,4.728708,100.265625
08:00:42,91282CKS9,TSRYS5814779,D,S,T,2024-06-20,3000000.00,4.728708,100.265625
08:00:42,91282CKS9,TSRYS5814779,D,S,T,2024-06-20,1000000.00,4.728708,100.265625
08:00:42,91282CKS9,TSRYS5814779,D,S,T,2024-06-20,1000000.00,4.728708,100.265625
08:00:42,91282CKS9,TSRYS5814779,D,S,T,2024-06-20,3000000.00,4.728708,100.265625
08:00:42,91282CKS9,TSRYS5814779,D,S,D,2024-06-20,385000.00,4.730335,100.262632914
08:00:42,91282CKS9,TSRYS5814779,D,S,D,2024-06-20,2000000.00,4.730832,100.26171875
08:00:42,91282CKS9,TSRYS5814779,D,S,T,2024-06-20,1000000.00,4.730832,100.26171875
08:00:42,91282CKS9,TSRYS5814779,D,S,T,2024-06-20,1000000.00,4.730832,100.26171875
08:00:42,91282CKS9,TSRYS5814779,D,S,T,2024-06-20,1000000.00,4.730832,100.26171875
08:00:42,91282CKS9,TSRYS5814779,D,S,T,2024-06-20,1000000.00,4.730832,100.26171875
08:00:42,91282CKS9,TSRYS5814779,D,S,T,2024-06-20,1000000.00,4.730832,100.26171875
08:00:42,91282CKS9,TSRYS5814779,D,S,T,2024-06-20,3000000.00,4.730832,100.26171875
08:00:42,91282CKS9,TSRYS5814779,D,S,T,2024-06-20,1000000.00,4.730832,100.26171875
08:00:42,91282CKS9,TSRYS5814779,D,S,T,2024-06-20,1000000.00,4.730832,100.26171875
08:00:42,91282CKS9,TSRYS5814779,D,S,T,2024-06-20,4000000.00,4.730832,100.26171875
08:00:42,91282CKS9,TSRYS5814779,D,S,T,2024-06-20,1000000.00,4.730832,100.26171875
08:00:42,91282CKS9,TSRYS5814779,D,S,T,2024-06-20,1000000.00,4.730832,100.26171875
08:00:42,91282CKS9,TSRYS5814779,D,S,T,2024-06-20,1000000.00,4.730832,100.26171875
08:00:42,91282CKS9,TSRYS5814779,D,S,T,2024-06-20,1000000.00,4.730832,100.26171875
08:00:42,91282CKS9,TSRYS5814779,D,S,T,2024-06-20,1000000.00,4.730832,100.26171875
08:00:42,91282CKS9,TSRYS5814779,D,S,D,2024-06-20,2000000.00,4.730832,100.26171875
08:00:42,91282CKS9,TSRYS5814779,D,S,D,2024-06-20,3000000.00,4.730832,100.26171875
08:00:42,91282CKS9,TSRYS5814779,D,S,D,2024-06-20,2000000.00,4.730832,100.26171875
08:00:42,91282CKS9,TSRYS5814779,D,S,T,2024-06-20,1000000.00,4.730832,100.26171875
08:00:42,91282CKS9,TSRYS5814779,D,S,T,2024-06-20,3000000.00,4.730832,100.26171875
08:00:42,91282CKS9,TSRYS5814779,D,S,D,2024-06-20,3000000.00,4.728834,100.2653932733
08:00:42,91282CKS9,TSRYS5814779,D,S,D,2024-06-20,3000000.00,4.729334,100.2644737229
08:00:42,91282CKS9,TSRYS5814779,D,S,T,2024-06-20,1000000.00,4.730832,100.26171875
08:00:42,91282CKS9,TSRYS5814779,D,S,T,2024-06-20,1000000.00,4.730832,100.26171875
08:00:42,91282CKS9,TSRYS5814779,D,S,D,2024-06-20,1000000.00,4.728834,100.2653932733
08:00:42,91282CKS9,TSRYS5814779,D,S,D,2024-06-20,2000000.00,4.729834,100.2635541726
08:00:42,91282CKS9,TSRYS5814779,D,S,D,2024-06-20,1000000.00,4.728708,100.265625
08:00:42,91282CKS9,TSRYS5814779,D,S,T,2024-06-20,1000000.00,4.730832,100.26171875
08:00:42,91282CKS9,TSRYS5814779,D,S,D,2024-06-20,1000000.00,4.729334,100.2644737229
08:00:42,91282CKS9,TSRYS5814779,D,S,D,2024-06-20,1000000.00,4.728708,100.265625
08:00:42,91282CKS9,TSRYS5814779,D,S,D,2024-06-20,3000000.00,4.728708,100.265625
08:00:42,91282CKS9,TSRYS5814779,D,S,D,2024-06-20,1000000.00,4.728708,100.265625
08:00:42,91282CKS9,TSRYS5814779,D,S,D,2024-06-20,1000000.00,4.728708,100.265625
08:00:42,91282CKS9,TSRYS5814779,D,S,A,2024-06-20,500000.00,4.732956,100.2578125
08:00:42,91282CKS9,TSRYS5814779,D,B,A,2024-06-20,27189800.00,4.73508,100.25390625
08:00:42,91282CKS9,TSRYS5814779,D,S,D,2024-06-20,6000000.00,4.734018,100.255859375
08:00:42,91282CKS9,TSRYS5814779,D,B,A,2024-06-20,1485000.00,4.732956,100.2578125
08:00:42,91282CKS9,TSRYS5814779,D,S,D,2024-06-20,1000000.00,4.728708,100.265625
08:00:43,91282CKS9,TSRYS5814779,D,S,T,2024-06-20,1000000.00,4.731894,100.259765625
08:00:43,91282CKS9,TSRYS5814779,D,S,T,2024-06-20,1000000.00,4.731894,100.259765625
08:00:43,91282CKS9,TSRYS5814779,D,S,D,2024-06-20,1000000.00,4.728708,100.265625
08:00:43,91282CKS9,TSRYS5814779,D,S,D,2024-06-20,1000000.00,4.728708,100.265625
08:00:43,91282CKS9,TSRYS5814779,D,S,T,2024-06-20,1000000.00,4.73508,100.25390625
08:00:43,91282CKS9,TSRYS5814779,D,S,D,2024-06-20,3000000.00,4.728708,100.265625
08:00:43,91282CKS9,TSRYS5814779,D,S,D,2024-06-20,2000000.00,4.73508,100.25390625
08:00:43,91282CKS9,TSRYS5814779,D,S,D,2024-06-20,2000000.00,4.73508,100.25390625
08:00:43,91282CKS9,TSRYS5814779,D,S,T,2024-06-20,1000000.00,4.73508,100.25390625
08:00:44,91282CKS9,TSRYS5814779,D,S,T,2024-06-20,1000000.00,4.73508,100.25390625
08:00:44,91282CKS9,TSRYS5814779,D,S,T,2024-06-20,1000000.00,4.736142,100.251953125
08:00:44,91282CKS9,TSRYS5814779,D,S,T,2024-06-20,1000000.00,4.737204,100.25
08:00:44,91282CKS9,TSRYS5814779,D,S,T,2024-06-20,2000000.00,4.737204,100.25
08:00:44,91282CKS9,TSRYS5814779,D,S,T,2024-06-20,1000000.00,4.737204,100.25
08:00:44,91282CKS9,TSRYS5814779,D,S,T,2024-06-20,1000000.00,4.737204,100.25
08:00:44,91282CKS9,TSRYS5814779,D,S,T,2024-06-20,1000000.00,4.73508,100.25390625
08:00:44,91282CKS9,TSRYS5814779,D,S,T,2024-06-20,5000000.00,4.737204,100.25
08:00:44,91282CKS9,TSRYS5814779,D,S,T,2024-06-20,1000000.00,4.736142,100.251953125
08:00:44,91282CKS9,TSRYS5814779,D,S,T,2024-06-20,1000000.00,4.737204,100.25
08:00:44,91282CKS9,TSRYS5814779,D,S,T,2024-06-20,2000000.00,4.737204,100.25
08:00:44,91282CKS9,TSRYS5814779,D,S,T,2024-06-20,1000000.00,4.737204,100.25
08:00:44,91282CKS9,TSRYS5814779,D,S,T,2024-06-20,1000000.00,4.736142,100.251953125
08:00:44,91282CKS9,TSRYS5814779,D,S,T,2024-06-20,2000000.00,4.737204,100.25
08:00:44,91282CKS9,TSRYS5814779,D,S,T,2024-06-20,1000000.00,4.737204,100.25
08:00:44,91282CKS9,TSRYS5814779,D,S,T,2024-06-20,1000000.00,4.736142,100.251953125
08:00:44,91282CKS9,TSRYS5814779,D,S,T,2024-06-20,3000000.00,4.737204,100.25
08:00:44,91282CKS9,TSRYS5814779,D,S,T,2024-06-20,1000000.00,4.737204,100.25
08:00:44,91282CKS9,TSRYS5814779,D,S,T,2024-06-20,1000000.00,4.737204,100.25
08:00:44,91282CKS9,TSRYS5814779,D,S,T,2024-06-20,10000000.00,4.737204,100.25
08:00:44,91282CKS9,TSRYS5814779,D,S,T,2024-06-20,1000000.00,4.737204,100.25
08:00:44,91282CKS9,TSRYS5814779,D,S,T,2024-06-20,1000000.00,4.737204,100.25
08:00:44,91282CKS9,TSRYS5814779,D,S,T,2024-06-20,1000000.00,4.737204,100.25
08:00:44,91282CKS9,TSRYS5814779,D,S,T,2024-06-20,1000000.00,4.737204,100.25
08:00:44,91282CKS9,TSRYS5814779,D,S,T,2024-06-20,2000000.00,4.737204,100.25
08:00:44,91282CKS9,TSRYS5814779,D,S,T,2024-06-20,1000000.00,4.737204,100.25
08:00:44,91282CKS9,TSRYS5814779,D,S,T,2024-06-20,10000000.00,4.737204,100.25
08:00:44,91282CKS9,TSRYS5814779,D,S,T,2024-06-20,1000000.00,4.737204,100.25
08:00:44,91282CKS9,TSRYS5814779,D,S,T,2024-06-20,1000000.00,4.737204,100.25
08:00:44,91282CKS9,TSRYS5814779,D,S,T,2024-06-20,3000000.00,4.737204,100.25
08:00:44,91282CKS9,TSRYS5814779,D,S,T,2024-06-20,1000000.00,4.737204,100.25
08:00:44,91282CKS9,TSRYS5814779,D,S,T,2024-06-20,1000000.00,4.737204,100.25
08:00:44,91282CKS9,TSRYS5814779,D,S,T,2024-06-20,1000000.00,4.73508,100.25390625
08:00:44,91282CKS9,TSRYS5814779,D,S,T,2024-06-20,1000000.00,4.73508,100.25390625
08:00:45,91282CKS9,TSRYS5814779,D,S,T,2024-06-20,1000000.00,4.73508,100.25390625
08:00:45,91282CKS9,TSRYS5814779,D,S,T,2024-06-20,3000000.00,4.73508,100.25390625
08:00:45,91282CKS9,TSRYS5814779,D,S,T,2024-06-20,2000000.00,4.73508,100.25390625
08:00:45,91282CKS9,TSRYS5814779,D,S,T,2024-06-20,2000000.00,4.73508,100.25390625
08:00:45,91282CKS9,TSRYS5814779,D,S,T,2024-06-20,1000000.00,4.73508,100.25390625
08:00:45,91282CKS9,TSRYS5814779,D,S,T,2024-06-20,1000000.00,4.73508,100.25390625
08:00:45,91282CKS9,TSRYS5814779,D,S,T,2024-06-20,1000000.00,4.73508,100.25390625
08:00:45,91282CKS9,TSRYS5814779,D,S,T,2024-06-20,1000000.00,4.73508,100.25390625
08:00:45,91282CKS9,TSRYS5814779,D,S,T,2024-06-20,1000000.00,4.73508,100.25390625
08:00:45,91282CKS9,TSRYS5814779,D,S,T,2024-06-20,1000000.00,4.73508,100.25390625
08:00:45,91282CKS9,TSRYS5814779,D,S,T,2024-06-20,25000000.00,4.732956,100.2578125
08:00:45,91282CKS9,TSRYS5814779,D,S,T,2024-06-20,1000000.00,4.73508,100.25390625
08:00:45,91282CKS9,TSRYS5814779,D,S,T,2024-06-20,1000000.00,4.739328,100.24609375
08:00:45,91282CKS9,TSRYS5814779,D,S,T,2024-06-20,1000000.00,4.739328,100.24609375
08:00:45,91282CKS9,TSRYS5814779,D,S,T,2024-06-20,1000000.00,4.739328,100.24609375
08:00:45,91282CKS9,TSRYS5814779,D,S,T,2024-06-20,1000000.00,4.739328,100.24609375
08:00:45,91282CKS9,TSRYS5814779,D,S,T,2024-06-20,1000000.00,4.739328,100.24609375
08:00:45,91282CKS9,TSRYS5814779,D,S,T,2024-06-20,1000000.00,4.739328,100.24609375
08:00:45,91282CKS9,TSRYS5814779,D,S,T,2024-06-20,1000000.00,4.739328,100.24609375
08:00:45,91282CKS9,TSRYS5814779,D,S,T,2024-06-20,1000000.00,4.739328,100.24609375
08:00:45,91282CKS9,TSRYS5814779,D,S,T,2024-06-20,1000000.00,4.739328,100.24609375
08:00:45,91282CKS9,TSRYS5814779,D,S,T,2024-06-20,1000000.00,4.739328,100.24609375
08:00:45,91282CKS9,TSRYS5814779,D,S,T,2024-06-20,1000000.00,4.739328,100.24609375
08:00:45,91282CKS9,TSRYS5814779,D,S,T,2024-06-20,1000000.00,4.739328,100.24609375
08:00:45,91282CKS9,TSRYS5814779,D,S,T,2024-06-20,1000000.00,4.739328,100.24609375
08:00:45,91282CKS9,TSRYS5814779,D,S,T,2024-06-20,1000000.00,4.739328,100.24609375
08:00:45,91282CKS9,TSRYS5814779,D,S,T,2024-06-20,1000000.00,4.739328,100.24609375
08:00:45,91282CKS9,TSRYS5814779,D,S,T,2024-06-20,1000000.00,4.739328,100.24609375
08:00:45,91282CKS9,TSRYS5814779,D,S,T,2024-06-20,1000000.00,4.739328,100.24609375
08:00:45,91282CKS9,TSRYS5814779,D,S,T,2024-06-20,1000000.00,4.739328,100.24609375
08:00:45,91282CKS9,TSRYS5814779,D,S,T,2024-06-20,1000000.00,4.739328,100.24609375
08:00:45,91282CKS9,TSRYS5814779,D,S,T,2024-06-20,1000000.00,4.739328,100.24609375
08:00:45,91282CKS9,TSRYS5814779,D,S,T,2024-06-20,1000000.00,4.739328,100.24609375
08:00:45,91282CKS9,TSRYS5814779,D,S,T,2024-06-20,1000000.00,4.739328,100.24609375
08:00:45,91282CKS9,TSRYS5814779,D,S,T,2024-06-20,1000000.00,4.739328,100.24609375
08:00:45,91282CKS9,TSRYS5814779,D,S,T,2024-06-20,1000000.00,4.739328,100.24609375
08:00:45,91282CKS9,TSRYS5814779,D,S,T,2024-06-20,1000000.00,4.739328,100.24609375
08:00:45,91282CKS9,TSRYS5814779,D,S,T,2024-06-20,1000000.00,4.739328,100.24609375
08:00:45,91282CKS9,TSRYS5814779,D,S,T,2024-06-20,1000000.00,4.739328,100.24609375
08:00:45,91282CKS9,TSRYS5814779,D,S,T,2024-06-20,1000000.00,4.73508,100.25390625
08:00:45,91282CKS9,TSRYS5814779,D,S,T,2024-06-20,1000000.00,4.739328,100.24609375
08:00:45,91282CKS9,TSRYS5814779,D,S,T,2024-06-20,1000000.00,4.739328,100.24609375
08:00:45,91282CKS9,TSRYS5814779,D,S,T,2024-06-20,1000000.00,4.739328,100.24609375
08:00:45,91282CKS9,TSRYS5814779,D,S,T,2024-06-20,3000000.00,4.739328,100.24609375
08:00:45,91282CKS9,TSRYS5814779,D,S,T,2024-06-20,1000000.00,4.739328,100.24609375
08:00:45,91282CKS9,TSRYS5814779,D,S,T,2024-06-20,1000000.00,4.739328,100.24609375
08:00:45,91282CKS9,TSRYS5814779,D,S,T,2024-06-20,1000000.00,4.739328,100.24609375
08:00:45,91282CKS9,TSRYS5814779,D,S,T,2024-06-20,4000000.00,4.739328,100.24609375
08:00:45,91282CKS9,TSRYS5814779,D,S,T,2024-06-20,1000000.00,4.739328,100.24609375
08:00:45,91282CKS9,TSRYS5814779,D,S,T,2024-06-20,1000000.00,4.739328,100.24609375
08:00:45,91282CKS9,TSRYS5814779,D,S,T,2024-06-20,1000000.00,4.739328,100.24609375
08:00:45,91282CKS9,TSRYS5814779,D,S,T,2024-06-20,1000000.00,4.739328,100.24609375
08:00:45,91282CKS9,TSRYS5814779,D,S,T,2024-06-20,2000000.00,4.739328,100.24609375
08:00:45,91282CKS9,TSRYS5814779,D,S,T,2024-06-20,1000000.00,4.739328,100.24609375
08:00:45,91282CKS9,TSRYS5814779,D,S,T,2024-06-20,1000000.00,4.739328,100.24609375
08:00:45,91282CKS9,TSRYS5814779,D,S,T,2024-06-20,2000000.00,4.739328,100.24609375
08:00:45,91282CKS9,TSRYS5814779,D,S,T,2024-06-20,1000000.00,4.739328,100.24609375
08:00:45,91282CKS9,TSRYS5814779,D,S,T,2024-06-20,1000000.00,4.739328,100.24609375
08:00:45,91282CKS9,TSRYS5814779,D,S,T,2024-06-20,1000000.00,4.739328,100.24609375
08:00:45,91282CKS9,TSRYS5814779,D,S,T,2024-06-20,1000000.00,4.739328,100.24609375
08:00:45,91282CKS9,TSRYS5814779,D,S,T,2024-06-20,1000000.00,4.739328,100.24609375
08:00:46,91282CKS9,TSRYS5814779,D,S,T,2024-06-20,1000000.00,4.739328,100.24609375
08:00:46,91282CKS9,TSRYS5814779,D,S,T,2024-06-20,1000000.00,4.739328,100.24609375
08:00:46,91282CKS9,TSRYS5814779,D,S,T,2024-06-20,1000000.00,4.739328,100.24609375
08:00:46,91282CKS9,TSRYS5814779,D,S,T,2024-06-20,1000000.00,4.739328,100.24609375
08:00:46,91282CKS9,TSRYS5814779,D,S,T,2024-06-20,1000000.00,4.73508,100.25390625
08:00:46,91282CKS9,TSRYS5814779,D,S,T,2024-06-20,1000000.00,4.739328,100.24609375
08:00:46,91282CKS9,TSRYS5814779,D,S,T,2024-06-20,1000000.00,4.739328,100.24609375
08:00:46,91282CKS9,TSRYS5814779,D,S,T,2024-06-20,2000000.00,4.739328,100.24609375
08:00:46,91282CKS9,TSRYS5814779,D,S,T,2024-06-20,1000000.00,4.739328,100.24609375
08:00:46,91282CKS9,TSRYS5814779,D,S,T,2024-06-20,1000000.00,4.739328,100.24609375
08:00:46,91282CKS9,TSRYS5814779,D,S,T,2024-06-20,1000000.00,4.739328,100.24609375
08:00:46,91282CKS9,TSRYS5814779,D,S,T,2024-06-20,1000000.00,4.739328,100.24609375
08:00:46,91282CKS9,TSRYS5814779,D,S,T,2024-06-20,1000000.00,4.739328,100.24609375
08:00:46,91282CKS9,TSRYS5814779,D,S,T,2024-06-20,4000000.00,4.739328,100.24609375
08:00:46,91282CKS9,TSRYS5814779,D,S,T,2024-06-20,1000000.00,4.739328,100.24609375
08:00:46,91282CKS9,TSRYS5814779,D,S,T,2024-06-20,1000000.00,4.739328,100.24609375
08:00:46,91282CKS9,TSRYS5814779,D,S,T,2024-06-20,1000000.00,4.739328,100.24609375
08:00:46,91282CKS9,TSRYS5814779,D,S,T,2024-06-20,1000000.00,4.739328,100.24609375
08:00:46,91282CKS9,TSRYS5814779,D,S,T,2024-06-20,2000000.00,4.739328,100.24609375
08:00:46,91282CKS9,TSRYS5814779,D,S,T,2024-06-20,1000000.00,4.739328,100.24609375
08:00:46,91282CKS9,TSRYS5814779,D,S,T,2024-06-20,1000000.00,4.739328,100.24609375
08:00:46,91282CKS9,TSRYS5814779,D,S,T,2024-06-20,1000000.00,4.739328,100.24609375
08:00:46,91282CKS9,TSRYS5814779,D,S,T,2024-06-20,1000000.00,4.739328,100.24609375
08:00:46,91282CKS9,TSRYS5814779,D,S,T,2024-06-20,1000000.00,4.739328,100.24609375
08:00:46,91282CKS9,TSRYS5814779,D,S,T,2024-06-20,1000000.00,4.739328,100.24609375
08:00:46,91282CKS9,TSRYS5814779,D,S,T,2024-06-20,1000000.00,4.739328,100.24609375
08:00:46,91282CKS9,TSRYS5814779,D,S,T,2024-06-20,2000000.00,4.739328,100.24609375
08:00:46,91282CKS9,TSRYS5814779,D,S,T,2024-06-20,1000000.00,4.73508,100.25390625
08:00:46,91282CKS9,TSRYS5814779,D,S,T,2024-06-20,1000000.00,4.739328,100.24609375
08:00:46,91282CKS9,TSRYS5814779,D,S,D,2024-06-20,1000000.00,4.737204,100.25
08:00:46,91282CKS9,TSRYS5814779,D,S,T,2024-06-20,1000000.00,4.739328,100.24609375
08:00:46,91282CKS9,TSRYS5814779,D,S,T,2024-06-20,1000000.00,4.739328,100.24609375
08:00:46,91282CKS9,TSRYS5814779,D,S,T,2024-06-20,1000000.00,4.739328,100.24609375
08:00:46,91282CKS9,TSRYS5814779,D,S,T,2024-06-20,1000000.00,4.739328,100.24609375
08:00:46,91282CKS9,TSRYS5814779,D,S,T,2024-06-20,1000000.00,4.739328,100.24609375
08:00:46,91282CKS9,TSRYS5814779,D,S,T,2024-06-20,3000000.00,4.739328,100.24609375
08:00:46,91282CKS9,TSRYS5814779,D,S,T,2024-06-20,1000000.00,4.739328,100.24609375
08:00:46,91282CKS9,TSRYS5814779,D,S,T,2024-06-20,1000000.00,4.739328,100.24609375
08:00:46,91282CKS9,TSRYS5814779,D,S,T,2024-06-20,1000000.00,4.739328,100.24609375
08:00:46,91282CKS9,TSRYS5814779,D,S,T,2024-06-20,3000000.00,4.739328,100.24609375
08:00:46,91282CKS9,TSRYS5814779,D,S,T,2024-06-20,1000000.00,4.739328,100.24609375
08:00:46,91282CKS9,TSRYS5814779,D,S,T,2024-06-20,1000000.00,4.739328,100.24609375
08:00:46,91282CKS9,TSRYS5814779,D,S,T,2024-06-20,1000000.00,4.739328,100.24609375
08:00:46,91282CKS9,TSRYS5814779,D,S,T,2024-06-20,1000000.00,4.739328,100.24609375
08:00:46,91282CKS9,TSRYS5814779,D,S,T,2024-06-20,1000000.00,4.739328,100.24609375
08:00:46,91282CKS9,TSRYS5814779,D,S,T,2024-06-20,1000000.00,4.73508,100.25390625
08:00:46,91282CKS9,TSRYS5814779,D,B,A,2024-06-20,2400000.00,4.737204,100.25
08:00:46,91282CKS9,TSRYS5814779,D,S,T,2024-06-20,2000000.00,4.73508,100.25390625
08:00:46,91282CKS9,TSRYS5814779,D,S,T,2024-06-20,1000000.00,4.73508,100.25390625
08:00:47,91282CKS9,TSRYS5814779,D,S,T,2024-06-20,1000000.00,4.73508,100.25390625
08:00:47,91282CKS9,TSRYS5814779,D,S,T,2024-06-20,1000000.00,4.73508,100.25390625
08:00:47,91282CKS9,TSRYS5814779,D,S,A,2024-06-20,750000.00,4.726584,100.26953125
08:00:47,91282CKS9,TSRYS5814779,D,S,T,2024-06-20,1000000.00,4.73508,100.25390625
08:00:47,91282CKS9,TSRYS5814779,D,B,A,2024-06-20,430000.00,4.728708,100.265625
08:00:48,91282CKS9,TSRYS5814779,D,S,T,2024-06-20,1000000.00,4.73508,100.25390625
08:00:48,91282CKS9,TSRYS5814779,D,S,T,2024-06-20,1000000.00,4.73508,100.25390625
08:00:48,91282CKS9,TSRYS5814779,D,B,A,2024-06-20,320000.00,4.730679,100.262
08:00:48,91282CKS9,TSRYS5814779,D,S,T,2024-06-20,1000000.00,4.73508,100.25390625
08:00:48,91282CKS9,TSRYS5814779,D,S,D,2024-06-20,2000000.00,4.740391,100.244140625
08:00:48,91282CKS9,TSRYS5814779,D,S,T,2024-06-20,1000000.00,4.739328,100.24609375
08:00:48,91282CKS9,TSRYS5814779,D,S,A,2024-06-20,2750000.00,4.737204,100.25
08:00:49,91282CKS9,TSRYS5814779,D,S,T,2024-06-20,1000000.00,4.73508,100.25390625
08:00:49,91282CKS9,TSRYS5814779,D,S,D,2024-06-20,1000000.00,4.728708,100.265625
08:00:49,91282CKS9,TSRYS5814779,D,S,D,2024-06-20,1000000.00,4.728708,100.265625
08:00:49,91282CKS9,TSRYS5814779,D,S,T,2024-06-20,1000000.00,4.73508,100.25390625
08:00:49,91282CKS9,TSRYS5814779,D,S,T,2024-06-20,1000000.00,4.73508,100.25390625
08:00:50,91282CKS9,TSRYS5814779,D,S,D,2024-06-20,1000000.00,4.737204,100.25
08:00:50,91282CKS9,TSRYS5814779,D,S,D,2024-06-20,1000000.00,4.737204,100.25
08:00:50,91282CKS9,TSRYS5814779,D,S,D,2024-06-20,1000000.00,4.737204,100.25
08:00:50,91282CKS9,TSRYS5814779,D,S,D,2024-06-20,1000000.00,4.737204,100.25
08:00:50,91282CKS9,TSRYS5814779,D,S,D,2024-06-20,1000000.00,4.737204,100.25
08:00:50,91282CKS9,TSRYS5814779,D,S,D,2024-06-20,1000000.00,4.737204,100.25
08:00:50,91282CKS9,TSRYS5814779,D,S,D,2024-06-20,1000000.00,4.737204,100.25
08:00:50,91282CKS9,TSRYS5814779,D,S,D,2024-06-20,1000000.00,4.737204,100.25
08:00:50,91282CKS9,TSRYS5814779,D,S,D,2024-06-20,1000000.00,4.737204,100.25
08:00:50,91282CKS9,TSRYS5814779,D,S,D,2024-06-20,1000000.00,4.737204,100.25
08:00:50,91282CKS9,TSRYS5814779,D,S,D,2024-06-20,1000000.00,4.737204,100.25
08:00:50,91282CKS9,TSRYS5814779,D,S,D,2024-06-20,1000000.00,4.737204,100.25
08:00:50,91282CKS9,TSRYS5814779,D,S,T,2024-06-20,1000000.00,4.73508,100.25390625
08:00:50,91282CKS9,TSRYS5814779,D,S,D,2024-06-20,1000000.00,4.737204,100.25
08:00:50,91282CKS9,TSRYS5814779,D,B,A,2024-06-20,27550000.00,4.739328,100.24609375
08:00:50,91282CKS9,TSRYS5814779,D,S,T,2024-06-20,1000000.00,4.73508,100.25390625
08:00:50,91282CKS9,TSRYS5814779,D,S,T,2024-06-20,1000000.00,4.73508,100.25390625
08:00:50,91282CKS9,TSRYS5814779,D,S,D,2024-06-20,1000000.00,4.736142,100.251953125
08:00:50,91282CKS9,TSRYS5814779,D,S,D,2024-06-20,1000000.00,4.736142,100.251953125
08:00:50,91282CKS9,TSRYS5814779,D,S,D,2024-06-20,1000000.00,4.73508,100.25390625
08:00:51,91282CKS9,TSRYS5814779,D,S,T,2024-06-20,2000000.00,4.73508,100.25390625
08:00:51,91282CKS9,TSRYS5814779,D,S,T,2024-06-20,7000000.00,4.737204,100.25
08:00:51,91282CKS9,TSRYS5814779,D,S,T,2024-06-20,1000000.00,4.737204,100.25
08:00:51,91282CKS9,TSRYS5814779,D,S,A,2024-06-20,428000.00,4.739328,100.24609375
08:00:51,91282CKS9,TSRYS5814779,D,S,T,2024-06-20,15000000.00,4.73508,100.25390625
08:00:52,91282CKS9,TSRYS5814779,D,S,T,2024-06-20,1000000.00,4.739328,100.24609375
08:00:52,91282CKS9,TSRYS5814779,D,S,T,2024-06-20,1000000.00,4.739328,100.24609375
08:00:52,91282CKS9,TSRYS5814779,D,S,T,2024-06-20,1000000.00,4.739328,100.24609375
08:00:52,91282CKS9,TSRYS5814779,D,S,D,2024-06-20,1000000.00,4.732956,100.2578125
08:00:52,91282CKS9,TSRYS5814779,D,S,D,2024-06-20,1000000.00,4.732956,100.2578125
08:00:52,91282CKS9,TSRYS5814779,D,S,D,2024-06-20,145000.00,4.73358,100.256664871
08:00:52,91282CKS9,TSRYS5814779,D,S,C,2024-06-20,130000.00,4.73508,100.25390625
08:00:52,91282CKS9,TSRYS5814779,D,S,T,2024-06-20,1000000.00,4.728708,100.265625
08:00:52,91282CKS9,TSRYS5814779,D,B,A,2024-06-20,600000.00,4.737204,100.25
08:00:52,91282CKS9,TSRYS5814779,D,S,D,2024-06-20,2000000.00,4.727646,100.267578125
08:00:52,91282CKS9,TSRYS5814779,D,S,D,2024-06-20,1000000.00,4.727646,100.267578125
08:00:52,91282CKS9,TSRYS5814779,D,S,D,2024-06-20,4000000.00,4.727646,100.267578125
08:00:52,91282CKS9,TSRYS5814779,D,S,T,2024-06-20,1000000.00,4.728708,100.265625
08:00:53,91282CKS9,TSRYS5814779,D,S,D,2024-06-20,150000000.00,4.72858,100.26586
08:00:53,91282CKS9,TSRYS5814779,D,S,T,2024-06-20,4000000.00,4.734018,100.255859375
08:00:53,91282CKS9,TSRYS5814779,D,S,T,2024-06-20,3000000.00,4.72977,100.263671875
08:00:53,91282CKS9,TSRYS5814779,D,S,T,2024-06-20,3000000.00,4.72977,100.263671875
08:00:53,91282CKS9,TSRYS5814779,D,S,D,2024-06-20,50000000.00,4.731891,100.25977
08:00:53,91282CKS9,TSRYS5814779,D,S,T,2024-06-20,1000000.00,4.737204,100.25
08:00:53,91282CKS9,TSRYS5814779,D,S,T,2024-06-20,1000000.00,4.731894,100.259765625
08:00:53,91282CKS9,TSRYS5814779,D,S,T,2024-06-20,3000000.00,4.72977,100.263671875
08:00:53,91282CKS9,TSRYS5814779,D,S,T,2024-06-20,1000000.00,4.73301,100.2577125
08:00:53,91282CKS9,TSRYS5814779,D,S,T,2024-06-20,2000000.00,4.73301,100.2577125
08:00:53,91282CKS9,TSRYS5814779,D,S,T,2024-06-20,1000000.00,4.73301,100.2577125
08:00:54,91282CKS9,TSRYS5814779,D,S,T,2024-06-20,1000000.00,4.73301,100.2577125
08:00:54,91282CKS9,TSRYS5814779,D,S,T,2024-06-20,1000000.00,4.732956,100.2578125
08:00:54,91282CKS9,TSRYS5814779,D,S,T,2024-06-20,1000000.00,4.732956,100.2578125
08:00:54,91282CKS9,TSRYS5814779,D,S,T,2024-06-20,1000000.00,4.732956,100.2578125
08:00:54,91282CKS9,TSRYS5814779,D,S,T,2024-06-20,3000000.00,4.727646,100.267578125
08:00:54,91282CKS9,TSRYS5814779,D,S,T,2024-06-20,4000000.00,4.727646,100.267578125
08:00:54,91282CKS9,TSRYS5814779,D,S,T,2024-06-20,1000000.00,4.728762,100.265525
08:00:54,91282CKS9,TSRYS5814779,D,S,T,2024-06-20,1000000.00,4.728762,100.265525
08:00:54,91282CKS9,TSRYS5814779,D,S,D,2024-06-20,2000000.00,4.73508,100.25390625
08:00:54,91282CKS9,TSRYS5814779,D,B,A,2024-06-20,3000000.00,4.737204,100.25
08:00:55,91282CKS9,TSRYS5814779,D,S,T,2024-06-20,1000000.00,4.739328,100.24609375
08:00:55,91282CKS9,TSRYS5814779,D,S,T,2024-06-20,1000000.00,4.738266,100.248046875
08:00:55,91282CKS9,TSRYS5814779,D,S,A,2024-06-20,278000.00,4.737204,100.25
08:00:55,91282CKS9,TSRYS5814779,D,S,T,2024-06-20,2000000.00,4.737204,100.25
08:00:55,91282CKS9,TSRYS5814779,D,S,T,2024-06-20,1000000.00,4.737204,100.25
08:00:55,91282CKS9,TSRYS5814779,D,S,T,2024-06-20,1000000.00,4.736142,100.251953125
08:00:55,91282CKS9,TSRYS5814779,D,S,T,2024-06-20,2000000.00,4.736142,100.251953125
08:00:55,91282CKS9,TSRYS5814779,D,S,T,2024-06-20,1000000.00,4.737204,100.25
08:00:55,91282CKS9,TSRYS5814779,D,S,T,2024-06-20,1000000.00,4.737204,100.25
08:00:55,91282CKS9,TSRYS5814779,D,S,T,2024-06-20,1000000.00,4.736142,100.251953125
08:00:55,91282CKS9,TSRYS5814779,D,S,T,2024-06-20,1000000.00,4.737204,100.25
08:00:55,91282CKS9,TSRYS5814779,D,S,T,2024-06-20,1000000.00,4.737204,100.25
08:00:55,91282CKS9,TSRYS5814779,D,S,T,2024-06-20,9000000.00,4.737204,100.25
08:00:55,91282CKS9,TSRYS5814779,D,S,T,2024-06-20,1000000.00,4.737204,100.25
08:00:55,91282CKS9,TSRYS5814779,D,S,T,2024-06-20,1000000.00,4.736142,100.251953125
08:00:55,91282CKS9,TSRYS5814779,D,S,T,2024-06-20,1000000.00,4.737204,100.25
08:00:55,91282CKS9,TSRYS5814779,D,S,T,2024-06-20,1000000.00,4.737204,100.25
08:00:55,91282CKS9,TSRYS5814779,D,S,T,2024-06-20,1000000.00,4.737204,100.25
08:00:55,91282CKS9,TSRYS5814779,D,S,T,2024-06-20,1000000.00,4.737204,100.25
08:00:55,91282CKS9,TSRYS5814779,D,S,T,2024-06-20,1000000.00,4.737204,100.25
08:00:55,91282CKS9,TSRYS5814779,D,S,T,2024-06-20,1000000.00,4.737204,100.25
08:00:55,91282CKS9,TSRYS5814779,D,S,T,2024-06-20,1000000.00,4.737204,100.25
08:00:55,91282CKS9,TSRYS5814779,D,S,T,2024-06-20,1000000.00,4.737204,100.25
08:00:55,91282CKS9,TSRYS5814779,D,S,T,2024-06-20,1000000.00,4.737204,100.25
08:00:55,91282CKS9,TSRYS5814779,D,S,T,2024-06-20,1000000.00,4.737204,100.25
08:00:55,91282CKS9,TSRYS5814779,D,S,T,2024-06-20,1000000.00,4.737204,100.25
08:00:55,91282CKS9,TSRYS5814779,D,S,T,2024-06-20,1000000.00,4.737204,100.25
08:00:55,91282CKS9,TSRYS5814779,D,S,T,2024-06-20,1000000.00,4.737204,100.25
08:00:55,91282CKS9,TSRYS5814779,D,S,T,2024-06-20,1000000.00,4.737204,100.25
08:00:55,91282CKS9,TSRYS5814779,D,S,T,2024-06-20,1000000.00,4.737204,100.25
08:00:55,91282CKS9,TSRYS5814779,D,S,T,2024-06-20,1000000.00,4.737204,100.25
08:00:55,91282CKS9,TSRYS5814779,D,S,T,2024-06-20,1000000.00,4.737204,100.25
08:00:55,91282CKS9,TSRYS5814779,D,S,T,2024-06-20,1000000.00,4.737204,100.25
08:00:55,91282CKS9,TSRYS5814779,D,S,T,2024-06-20,1000000.00,4.737204,100.25
08:00:55,91282CKS9,TSRYS5814779,D,S,T,2024-06-20,1000000.00,4.737204,100.25
08:00:55,91282CKS9,TSRYS5814779,D,S,T,2024-06-20,1000000.00,4.737204,100.25
08:00:55,91282CKS9,TSRYS5814779,D,S,T,2024-06-20,1000000.00,4.73508,100.25390625
08:00:55,91282CKS9,TSRYS5814779,D,S,T,2024-06-20,1000000.00,4.73508,100.25390625
08:00:55,91282CKS9,TSRYS5814779,D,S,T,2024-06-20,1000000.00,4.73508,100.25390625
08:00:55,91282CKS9,TSRYS5814779,D,S,T,2024-06-20,1000000.00,4.73508,100.25390625
08:00:55,91282CKS9,TSRYS5814779,D,S,T,2024-06-20,1000000.00,4.73508,100.25390625
08:00:55,91282CKS9,TSRYS5814779,D,S,T,2024-06-20,1000000.00,4.73508,100.25390625
08:00:56,91282CKS9,TSRYS5814779,D,S,T,2024-06-20,1000000.00,4.73508,100.25390625
08:00:56,91282CKS9,TSRYS5814779,D,S,T,2024-06-20,1000000.00,4.73508,100.25390625
08:00:56,91282CKS9,TSRYS5814779,D,S,T,2024-06-20,1000000.00,4.73508,100.25390625
08:00:56,91282CKS9,TSRYS5814779,D,S,T,2024-06-20,1000000.00,4.73508,100.25390625
08:00:56,91282CKS9,TSRYS5814779,D,S,T,2024-06-20,1000000.00,4.73508,100.25390625
08:00:56,91282CKS9,TSRYS5814779,D,S,T,2024-06-20,1000000.00,4.73508,100.25390625
08:00:56,91282CKS9,TSRYS5814779,D,S,T,2024-06-20,1000000.00,4.739328,100.24609375
08:00:56,91282CKS9,TSRYS5814779,D,S,T,2024-06-20,1000000.00,4.739328,100.24609375
08:00:56,91282CKS9,TSRYS5814779,D,S,T,2024-06-20,1000000.00,4.739328,100.24609375
08:00:56,91282CKS9,TSRYS5814779,D,S,T,2024-06-20,2000000.00,4.739328,100.24609375
08:00:56,91282CKS9,TSRYS5814779,D,S,T,2024-06-20,1000000.00,4.739328,100.24609375
08:00:56,91282CKS9,TSRYS5814779,D,S,T,2024-06-20,6000000.00,4.739328,100.24609375
08:00:56,91282CKS9,TSRYS5814779,D,S,T,2024-06-20,1000000.00,4.739328,100.24609375
08:00:56,91282CKS9,TSRYS5814779,D,S,T,2024-06-20,1000000.00,4.739328,100.24609375
08:00:56,91282CKS9,TSRYS5814779,D,S,T,2024-06-20,1000000.00,4.739328,100.24609375
08:00:56,91282CKS9,TSRYS5814779,D,S,T,2024-06-20,1000000.00,4.739328,100.24609375
08:00:56,91282CKS9,TSRYS5814779,D,S,T,2024-06-20,1000000.00,4.739328,100.24609375
08:00:56,91282CKS9,TSRYS5814779,D,S,T,2024-06-20,1000000.00,4.739328,100.24609375
08:00:56,91282CKS9,TSRYS5814779,D,S,T,2024-06-20,1000000.00,4.739328,100.24609375
08:00:56,91282CKS9,TSRYS5814779,D,S,T,2024-06-20,1000000.00,4.739328,100.24609375
08:00:56,91282CKS9,TSRYS5814779,D,S,T,2024-06-20,1000000.00,4.739328,100.24609375
08:00:56,91282CKS9,TSRYS5814779,D,S,T,2024-06-20,1000000.00,4.739328,100.24609375
08:00:56,91282CKS9,TSRYS5814779,D,S,T,2024-06-20,3000000.00,4.739328,100.24609375
08:00:56,91282CKS9,TSRYS5814779,D,S,T,2024-06-20,1000000.00,4.739328,100.24609375
08:00:56,91282CKS9,TSRYS5814779,D,S,T,2024-06-20,1000000.00,4.739328,100.24609375
08:00:56,91282CKS9,TSRYS5814779,D,S,T,2024-06-20,1000000.00,4.739328,100.24609375
08:00:56,91282CKS9,TSRYS5814779,D,S,T,2024-06-20,1000000.00,4.739328,100.24609375
08:00:56,91282CKS9,TSRYS5814779,D,S,T,2024-06-20,1000000.00,4.739328,100.24609375
08:00:56,91282CKS9,TSRYS5814779,D,S,T,2024-06-20,1000000.00,4.739328,100.24609375
08:00:56,91282CKS9,TSRYS5814779,D,S,T,2024-06-20,1000000.00,4.739328,100.24609375
08:00:56,91282CKS9,TSRYS5814779,D,S,T,2024-06-20,1000000.00,4.739328,100.24609375
08:00:56,91282CKS9,TSRYS5814779,D,S,T,2024-06-20,1000000.00,4.739328,100.24609375
08:00:56,91282CKS9,TSRYS5814779,D,S,T,2024-06-20,1000000.00,4.739328,100.24609375
08:00:56,91282CKS9,TSRYS5814779,D,S,T,2024-06-20,1000000.00,4.739328,100.24609375
08:00:56,91282CKS9,TSRYS5814779,D,S,T,2024-06-20,3000000.00,4.739328,100.24609375
08:00:56,91282CKS9,TSRYS5814779,D,S,T,2024-06-20,1000000.00,4.739328,100.24609375
08:00:56,91282CKS9,TSRYS5814779,D,S,T,2024-06-20,1000000.00,4.739328,100.24609375
08:00:56,91282CKS9,TSRYS5814779,D,S,T,2024-06-20,1000000.00,4.739328,100.24609375
08:00:56,91282CKS9,TSRYS5814779,D,S,T,2024-06-20,1000000.00,4.739328,100.24609375
08:00:56,91282CKS9,TSRYS5814779,D,S,T,2024-06-20,1000000.00,4.739328,100.24609375
08:00:56,91282CKS9,TSRYS5814779,D,S,T,2024-06-20,1000000.00,4.739328,100.24609375
08:00:56,91282CKS9,TSRYS5814779,D,S,T,2024-06-20,1000000.00,4.739328,100.24609375
08:00:56,91282CKS9,TSRYS5814779,D,S,T,2024-06-20,1000000.00,4.739328,100.24609375
08:00:56,91282CKS9,TSRYS5814779,D,S,T,2024-06-20,1000000.00,4.739328,100.24609375
08:00:56,91282CKS9,TSRYS5814779,D,S,T,2024-06-20,1000000.00,4.739328,100.24609375
08:00:56,91282CKS9,TSRYS5814779,D,S,T,2024-06-20,1000000.00,4.739328,100.24609375
08:00:56,91282CKS9,TSRYS5814779,D,S,T,2024-06-20,1000000.00,4.739328,100.24609375
08:00:56,91282CKS9,TSRYS5814779,D,S,T,2024-06-20,1000000.00,4.739328,100.24609375
08:00:56,91282CKS9,TSRYS5814779,D,S,T,2024-06-20,1000000.00,4.739328,100.24609375
08:00:56,91282CKS9,TSRYS5814779,D,S,T,2024-06-20,1000000.00,4.739328,100.24609375
08:00:56,91282CKS9,TSRYS5814779,D,S,T,2024-06-20,1000000.00,4.739328,100.24609375
08:00:56,91282CKS9,TSRYS5814779,D,S,T,2024-06-20,1000000.00,4.739328,100.24609375
08:00:56,91282CKS9,TSRYS5814779,D,S,T,2024-06-20,1000000.00,4.739328,100.24609375
08:00:56,91282CKS9,TSRYS5814779,D,S,T,2024-06-20,1000000.00,4.739328,100.24609375
08:00:56,91282CKS9,TSRYS5814779,D,S,T,2024-06-20,13000000.00,4.739328,100.24609375
08:00:56,91282CKS9,TSRYS5814779,D,S,T,2024-06-20,1000000.00,4.739328,100.24609375
08:00:56,91282CKS9,TSRYS5814779,D,S,T,2024-06-20,1000000.00,4.739328,100.24609375
08:00:56,91282CKS9,TSRYS5814779,D,S,T,2024-06-20,1000000.00,4.739328,100.24609375
08:00:57,91282CKS9,TSRYS5814779,D,S,T,2024-06-20,1000000.00,4.739328,100.24609375
08:00:57,91282CKS9,TSRYS5814779,D,S,T,2024-06-20,1000000.00,4.739328,100.24609375
08:00:57,91282CKS9,TSRYS5814779,D,S,T,2024-06-20,2000000.00,4.739328,100.24609375
08:00:57,91282CKS9,TSRYS5814779,D,S,T,2024-06-20,1000000.00,4.739328,100.24609375
08:00:57,91282CKS9,TSRYS5814779,D,S,T,2024-06-20,1000000.00,4.739328,100.24609375
08:00:57,91282CKS9,TSRYS5814779,D,S,T,2024-06-20,1000000.00,4.739328,100.24609375
08:00:57,91282CKS9,TSRYS5814779,D,S,T,2024-06-20,3000000.00,4.739328,100.24609375
08:00:57,91282CKS9,TSRYS5814779,D,S,T,2024-06-20,1000000.00,4.739328,100.24609375
08:00:57,91282CKS9,TSRYS5814779,D,S,T,2024-06-20,1000000.00,4.739328,100.24609375
08:00:57,91282CKS9,TSRYS5814779,D,S,T,2024-06-20,1000000.00,4.739328,100.24609375
08:00:57,91282CKS9,TSRYS5814779,D,S,T,2024-06-20,1000000.00,4.739328,100.24609375
08:00:57,91282CKS9,TSRYS5814779,D,S,T,2024-06-20,1000000.00,4.739328,100.24609375
08:00:57,91282CKS9,TSRYS5814779,D,S,T,2024-06-20,1000000.00,4.739328,100.24609375
08:00:57,91282CKS9,TSRYS5814779,D,S,T,2024-06-20,2000000.00,4.739328,100.24609375
08:00:57,91282CKS9,TSRYS5814779,D,S,T,2024-06-20,1000000.00,4.739328,100.24609375
08:00:57,91282CKS9,TSRYS5814779,D,S,T,2024-06-20,1000000.00,4.739328,100.24609375
08:00:57,91282CKS9,TSRYS5814779,D,S,T,2024-06-20,1000000.00,4.739328,100.24609375
08:00:57,91282CKS9,TSRYS5814779,D,S,T,2024-06-20,2000000.00,4.739328,100.24609375
08:00:57,91282CKS9,TSRYS5814779,D,S,T,2024-06-20,1000000.00,4.739328,100.24609375
08:00:57,91282CKS9,TSRYS5814779,D,S,T,2024-06-20,1000000.00,4.739328,100.24609375
08:00:57,91282CKS9,TSRYS5814779,D,S,T,2024-06-20,1000000.00,4.739328,100.24609375
08:00:57,91282CKS9,TSRYS5814779,D,S,T,2024-06-20,1000000.00,4.739328,100.24609375
08:00:57,91282CKS9,TSRYS5814779,D,S,T,2024-06-20,1000000.00,4.739328,100.24609375
08:00:57,91282CKS9,TSRYS5814779,D,S,T,2024-06-20,1000000.00,4.739328,100.24609375
08:00:57,91282CKS9,TSRYS5814779,D,S,T,2024-06-20,13000000.00,4.739328,100.24609375
08:00:57,91282CKS9,TSRYS5814779,D,S,T,2024-06-20,1000000.00,4.739328,100.24609375
08:00:57,91282CKS9,TSRYS5814779,D,S,T,2024-06-20,1000000.00,4.739328,100.24609375
08:00:57,91282CKS9,TSRYS5814779,D,S,T,2024-06-20,1000000.00,4.739328,100.24609375
08:00:57,91282CKS9,TSRYS5814779,D,S,T,2024-06-20,1000000.00,4.739328,100.24609375
08:00:57,91282CKS9,TSRYS5814779,D,S,T,2024-06-20,1000000.00,4.739328,100.24609375
08:00:57,91282CKS9,TSRYS5814779,D,S,T,2024-06-20,1000000.00,4.739328,100.24609375
08:00:57,91282CKS9,TSRYS5814779,D,S,T,2024-06-20,1000000.00,4.739328,100.24609375
08:00:57,91282CKS9,TSRYS5814779,D,S,T,2024-06-20,1000000.00,4.739328,100.24609375
08:00:57,91282CKS9,TSRYS5814779,D,S,T,2024-06-20,1000000.00,4.739328,100.24609375
08:00:57,91282CKS9,TSRYS5814779,D,S,T,2024-06-20,1000000.00,4.739328,100.24609375
08:00:57,91282CKS9,TSRYS5814779,D,S,T,2024-06-20,1000000.00,4.739328,100.24609375
08:00:57,91282CKS9,TSRYS5814779,D,S,A,2024-06-20,15000000.00,4.732956,100.2578125
08:00:57,91282CKS9,TSRYS5814779,D,S,T,2024-06-20,3000000.00,4.728708,100.265625
08:00:58,91282CKS9,TSRYS5814779,D,S,C,2024-06-20,690000.00,4.728708,100.265625
08:00:59,91282CKS9,TSRYS5814779,D,S,D,2024-06-20,2000000.00,4.728708,100.265625
08:00:59,91282CKS9,TSRYS5814779,D,S,D,2024-06-20,2000000.00,4.728834,100.2653932733
08:00:59,91282CKS9,TSRYS5814779,D,S,T,2024-06-20,1000000.00,4.728708,100.265625
08:00:59,91282CKS9,TSRYS5814779,D,S,D,2024-06-20,1000000.00,4.729334,100.2644737229
08:01:00,91282CKS9,TSRYS5814779,D,S,D,2024-06-20,1000000.00,4.731894,100.259765625
08:01:00,91282CKS9,TSRYS5814779,D,S,C,2024-06-20,1000000.00,4.725522,100.271484375
08:01:00,91282CKS9,TSRYS5814779,D,S,C,2024-06-20,1000000.00,4.725522,100.271484375
08:01:00,91282CKS9,TSRYS5814779,D,S,D,2024-06-20,19000000.00,4.730832,100.26171875
08:01:00,91282CKS9,TSRYS5814779,D,S,T,2024-06-20,1000000.00,4.739328,100.24609375
08:01:00,91282CKS9,TSRYS5814779,D,S,D,2024-06-20,1000000.00,4.731894,100.259765625
08:01:00,91282CKS9,TSRYS5814779,D,S,D,2024-06-20,1000000.00,4.731894,100.259765625
08:01:00,91282CKS9,TSRYS5814779,D,S,D,2024-06-20,1000000.00,4.731894,100.259765625
08:01:00,91282CKS9,TSRYS5814779,D,S,D,2024-06-20,1000000.00,4.731894,100.259765625
08:01:00,91282CKS9,TSRYS5814779,D,S,D,2024-06-20,1000000.00,4.731894,100.259765625
08:01:02,91282CKS9,TSRYS5814779,D,S,T,2024-06-20,1000000.00,4.737204,100.25
08:01:02,91282CKS9,TSRYS5814779,D,S,T,2024-06-20,1000000.00,4.736142,100.251953125
08:01:02,91282CKS9,TSRYS5814779,D,S,T,2024-06-20,1000000.00,4.73508,100.25390625
08:01:02,91282CKS9,TSRYS5814779,D,S,T,2024-06-20,1000000.00,4.73508,100.25390625
08:01:02,91282CKS9,TSRYS5814779,D,S,T,2024-06-20,3000000.00,4.731894,100.259765625
08:01:02,91282CKS9,TSRYS5814779,D,S,D,2024-06-20,385000.00,4.72977,100.263671875
08:01:02,91282CKS9,TSRYS5814779,D,S,T,2024-06-20,1000000.00,4.73508,100.25390625
08:01:03,91282CKS9,TSRYS5814779,D,S,T,2024-06-20,1000000.00,4.73508,100.25390625
08:01:03,91282CKS9,TSRYS5814779,D,S,D,2024-06-20,500000.00,4.731894,100.259765625
08:01:03,91282CKS9,TSRYS5814779,D,S,D,2024-06-20,2000000.00,4.727646,100.267578125
08:01:03,91282CKS9,TSRYS5814779,D,B,C,2024-06-20,15000000.00,4.730832,100.26171875
08:01:03,91282CKS9,TSRYS5814779,D,S,T,2024-06-20,1000000.00,4.72977,100.263671875
08:01:03,91282CKS9,TSRYS5814779,D,S,T,2024-06-20,2000000.00,4.72977,100.263671875
08:01:03,91282CKS9,TSRYS5814779,D,B,A,2024-06-20,4712000.00,4.732956,100.257812
08:01:04,91282CKS9,TSRYS5814779,D,S,D,2024-06-20,1000000.00,4.725522,100.271484375
08:01:04,91282CKS9,TSRYS5814779,D,S,C,2024-06-20,2000000.00,4.725522,100.271484375
08:01:04,91282CKS9,TSRYS5814779,D,S,C,2024-06-20,4000000.00,4.727646,100.267578125
08:01:05,91282CKS9,TSRYS5814779,D,S,C,2024-06-20,1000000.00,4.725522,100.271484375
08:01:05,91282CKS9,TSRYS5814779,D,S,D,2024-06-20,1000000.00,4.728708,100.265625
08:01:05,91282CKS9,TSRYS5814779,D,S,C,2024-06-20,2000000.00,4.72977,100.263671875
08:01:05,91282CKS9,TSRYS5814779,D,S,C,2024-06-20,3000000.00,4.727646,100.267578125
08:01:05,91282CKS9,TSRYS5814779,D,S,C,2024-06-20,4000000.00,4.72977,100.263671875
08:01:05,91282CKS9,TSRYS5814779,D,S,C,2024-06-20,4000000.00,4.72977,100.263671875
08:01:05,91282CKS9,TSRYS5814779,D,S,C,2024-06-20,2000000.00,4.727646,100.267578125
08:01:05,91282CKS9,TSRYS5814779,D,S,C,2024-06-20,2000000.00,4.72977,100.263671875
08:01:05,91282CKS9,TSRYS5814779,D,S,A,2024-06-20,1323000.00,4.73508,100.25390625
08:01:05,91282CKS9,TSRYS5814779,D,S,D,2024-06-20,1000000.00,4.731894,100.259765625
08:01:05,91282CKS9,TSRYS5814779,D,S,D,2024-06-20,1000000.00,4.731894,100.259765625
08:01:05,91282CKS9,TSRYS5814779,D,S,D,2024-06-20,1000000.00,4.731894,100.259765625
08:01:05,91282CKS9,TSRYS5814779,D,S,D,2024-06-20,1000000.00,4.731894,100.259765625
08:01:05,91282CKS9,TSRYS5814779,D,S,D,2024-06-20,1000000.00,4.731894,100.259765625
08:01:05,91282CKS9,TSRYS5814779,D,S,C,2024-06-20,2000000.00,4.72977,100.263671875
08:01:05,91282CKS9,TSRYS5814779,D,S,D,2024-06-20,1000000.00,4.731894,100.259765625
08:01:05,91282CKS9,TSRYS5814779,D,S,D,2024-06-20,1000000.00,4.731894,100.259765625
08:01:05,91282CKS9,TSRYS5814779,D,S,D,2024-06-20,1000000.00,4.731894,100.259765625
08:01:05,91282CKS9,TSRYS5814779,D,S,D,2024-06-20,1000000.00,4.731894,100.259765625
08:01:05,91282CKS9,TSRYS5814779,D,S,D,2024-06-20,1000000.00,4.731894,100.259765625
08:01:05,91282CKS9,TSRYS5814779,D,S,D,2024-06-20,1000000.00,4.731894,100.259765625
08:01:05,91282CKS9,TSRYS5814779,D,S,D,2024-06-20,1000000.00,4.731894,100.259765625
08:01:05,91282CKS9,TSRYS5814779,D,S,D,2024-06-20,1000000.00,4.731894,100.259765625
08:01:05,91282CKS9,TSRYS5814779,D,S,D,2024-06-20,1000000.00,4.731894,100.259765625
08:01:05,91282CKS9,TSRYS5814779,D,S,D,2024-06-20,1000000.00,4.731894,100.259765625
08:01:05,91282CKS9,TSRYS5814779,D,S,D,2024-06-20,1000000.00,4.731894,100.259765625
08:01:05,91282CKS9,TSRYS5814779,D,S,D,2024-06-20,1000000.00,4.731894,100.259765625
08:01:05,91282CKS9,TSRYS5814779,D,S,D,2024-06-20,1000000.00,4.731894,100.259765625
08:01:05,91282CKS9,TSRYS5814779,D,S,D,2024-06-20,1000000.00,4.731894,100.259765625
08:01:05,91282CKS9,TSRYS5814779,D,S,D,2024-06-20,1000000.00,4.731894,100.259765625
08:01:05,91282CKS9,TSRYS5814779,D,S,D,2024-06-20,1000000.00,4.731894,100.259765625
08:01:05,91282CKS9,TSRYS5814779,D,S,D,2024-06-20,1000000.00,4.731894,100.259765625
08:01:05,91282CKS9,TSRYS5814779,D,S,D,2024-06-20,1000000.00,4.731894,100.259765625
08:01:05,91282CKS9,TSRYS5814779,D,B,A,2024-06-20,5000000.00,4.732956,100.257812
08:01:05,91282CKS9,TSRYS5814779,D,S,D,2024-06-20,1000000.00,4.731894,100.259765625
08:01:05,91282CKS9,TSRYS5814779,D,S,D,2024-06-20,1000000.00,4.731894,100.259765625
08:01:05,91282CKS9,TSRYS5814779,D,S,D,2024-06-20,1000000.00,4.731894,100.259765625
08:01:05,91282CKS9,TSRYS5814779,D,S,D,2024-06-20,1000000.00,4.731894,100.259765625
08:01:05,91282CKS9,TSRYS5814779,D,S,D,2024-06-20,1000000.00,4.731894,100.259765625
08:01:05,91282CKS9,TSRYS5814779,D,S,D,2024-06-20,1000000.00,4.731894,100.259765625
08:01:05,91282CKS9,TSRYS5814779,D,S,D,2024-06-20,1000000.00,4.731894,100.259765625
08:01:05,91282CKS9,TSRYS5814779,D,S,D,2024-06-20,1000000.00,4.731894,100.259765625
08:01:05,91282CKS9,TSRYS5814779,D,S,A,2024-06-20,1340000.00,4.737204,100.25
08:01:05,91282CKS9,TSRYS5814779,D,S,D,2024-06-20,1000000.00,4.731894,100.259765625
08:01:05,91282CKS9,TSRYS5814779,D,S,D,2024-06-20,1000000.00,4.731894,100.259765625
08:01:05,91282CKS9,TSRYS5814779,D,S,D,2024-06-20,1000000.00,4.731894,100.259765625
08:01:05,91282CKS9,TSRYS5814779,D,B,C,2024-06-20,2000000.00,4.734018,100.255859375
08:01:05,91282CKS9,TSRYS5814779,D,S,D,2024-06-20,1000000.00,4.734018,100.255859375
08:01:05,91282CKS9,TSRYS5814779,D,S,D,2024-06-20,2000000.00,4.734018,100.255859375
08:01:05,91282CKS9,TSRYS5814779,D,S,C,2024-06-20,1000000.00,4.732956,100.2578125
08:01:05,91282CKS9,TSRYS5814779,D,S,D,2024-06-20,1000000.00,4.731894,100.259765625
08:01:05,91282CKS9,TSRYS5814779,D,S,C,2024-06-20,1000000.00,4.731894,100.259765625
08:01:05,91282CKS9,TSRYS5814779,D,S,D,2024-06-20,1000000.00,4.731894,100.259765625
08:01:05,91282CKS9,TSRYS5814779,D,B,C,2024-06-20,2000000.00,4.734018,100.255859375
08:01:05,91282CKS9,TSRYS5814779,D,S,D,2024-06-20,1000000.00,4.731894,100.259765625
08:01:05,91282CKS9,TSRYS5814779,D,S,D,2024-06-20,1000000.00,4.731894,100.259765625
08:01:05,91282CKS9,TSRYS5814779,D,S,D,2024-06-20,1000000.00,4.734018,100.255859375
08:01:05,91282CKS9,TSRYS5814779,D,B,C,2024-06-20,1000000.00,4.736142,100.251953125
08:01:05,91282CKS9,TSRYS5814779,D,S,D,2024-06-20,2000000.00,4.736142,100.251953125
08:01:05,91282CKS9,TSRYS5814779,D,B,C,2024-06-20,1000000.00,4.736142,100.251953125
08:01:05,91282CKS9,TSRYS5814779,D,S,D,2024-06-20,2000000.00,4.734018,100.255859375
08:01:05,91282CKS9,TSRYS5814779,D,S,D,2024-06-20,1000000.00,4.736142,100.251953125
08:01:05,91282CKS9,TSRYS5814779,D,B,C,2024-06-20,1000000.00,4.736142,100.251953125
08:01:05,91282CKS9,TSRYS5814779,D,S,D,2024-06-20,2000000.00,4.736142,100.251953125
08:01:05,91282CKS9,TSRYS5814779,D,B,C,2024-06-20,2000000.00,4.736142,100.251953125
08:01:05,91282CKS9,TSRYS5814779,D,S,D,2024-06-20,1000000.00,4.736142,100.251953125
08:01:05,91282CKS9,TSRYS5814779,D,S,C,2024-06-20,1000000.00,4.73508,100.25390625
08:01:05,91282CKS9,TSRYS5814779,D,B,C,2024-06-20,2000000.00,4.736142,100.251953125
08:01:05,91282CKS9,TSRYS5814779,D,S,D,2024-06-20,1000000.00,4.736142,100.251953125
08:01:05,91282CKS9,TSRYS5814779,D,S,D,2024-06-20,1000000.00,4.734018,100.255859375
08:01:05,91282CKS9,TSRYS5814779,D,B,C,2024-06-20,1000000.00,4.734018,100.255859375
08:01:05,91282CKS9,TSRYS5814779,D,S,C,2024-06-20,6000000.00,4.734018,100.255859375
08:01:05,91282CKS9,TSRYS5814779,D,B,C,2024-06-20,1000000.00,4.73508,100.25390625
08:01:05,91282CKS9,TSRYS5814779,D,S,D,2024-06-20,1000000.00,4.734018,100.255859375
08:01:05,91282CKS9,TSRYS5814779,D,S,D,2024-06-20,1000000.00,4.734018,100.255859375
08:01:05,91282CKS9,TSRYS5814779,D,S,D,2024-06-20,2000000.00,4.734018,100.255859375
08:01:05,91282CKS9,TSRYS5814779,D,S,D,2024-06-20,3000000.00,4.73508,100.25390625
08:01:05,91282CKS9,TSRYS5814779,D,S,D,2024-06-20,1000000.00,4.73508,100.25390625
08:01:05,91282CKS9,TSRYS5814779,D,S,C,2024-06-20,1000000.00,4.73508,100.25390625
08:01:05,91282CKS9,TSRYS5814779,D,S,D,2024-06-20,2000000.00,4.73508,100.25390625
08:01:05,91282CKS9,TSRYS5814779,D,B,C,2024-06-20,2000000.00,4.73508,100.25390625
08:01:05,91282CKS9,TSRYS5814779,D,S,D,2024-06-20,2000000.00,4.73508,100.25390625
08:01:05,91282CKS9,TSRYS5814779,D,S,D,2024-06-20,2000000.00,4.73508,100.25390625
08:01:05,91282CKS9,TSRYS5814779,D,B,A,2024-06-20,5020000.00,4.732956,100.2578125
08:01:05,91282CKS9,TSRYS5814779,D,S,D,2024-06-20,2000000.00,4.73508,100.25390625
08:01:05,91282CKS9,TSRYS5814779,D,S,D,2024-06-20,7000000.00,4.73508,100.25390625
08:01:05,91282CKS9,TSRYS5814779,D,S,D,2024-06-20,2000000.00,4.73508,100.25390625
08:01:05,91282CKS9,TSRYS5814779,D,B,C,2024-06-20,2000000.00,4.73508,100.25390625
08:01:05,91282CKS9,TSRYS5814779,D,B,C,2024-06-20,2000000.00,4.73508,100.25390625
08:01:05,91282CKS9,TSRYS5814779,D,S,D,2024-06-20,2000000.00,4.73508,100.25390625
08:01:05,91282CKS9,TSRYS5814779,D,S,C,2024-06-20,1000000.00,4.738266,100.248046875
08:01:05,91282CKS9,TSRYS5814779,D,S,D,2024-06-20,1000000.00,4.73508,100.25390625
08:01:05,91282CKS9,TSRYS5814779,D,B,C,2024-06-20,1000000.00,4.73508,100.25390625
08:01:05,91282CKS9,TSRYS5814779,D,S,D,2024-06-20,2000000.00,4.73508,100.25390625
08:01:05,91282CKS9,TSRYS5814779,D,S,D,2024-06-20,1000000.00,4.73508,100.25390625
08:01:05,91282CKS9,TSRYS5814779,D,S,C,2024-06-20,1000000.00,4.738266,100.248046875
08:01:05,91282CKS9,TSRYS5814779,D,S,D,2024-06-20,2000000.00,4.73508,100.25390625
08:01:05,91282CKS9,TSRYS5814779,D,S,C,2024-06-20,1000000.00,4.739328,100.24609375
08:01:05,91282CKS9,TSRYS5814779,D,B,C,2024-06-20,1000000.00,4.737204,100.25
08:01:05,91282CKS9,TSRYS5814779,D,S,D,2024-06-20,1000000.00,4.737204,100.25
08:01:06,91282CKS9,TSRYS5814779,D,B,C,2024-06-20,1000000.00,4.737204,100.25
08:01:06,91282CKS9,TSRYS5814779,D,S,C,2024-06-20,3000000.00,4.738266,100.248046875
08:01:06,91282CKS9,TSRYS5814779,D,B,C,2024-06-20,1000000.00,4.737204,100.25
08:01:06,91282CKS9,TSRYS5814779,D,S,C,2024-06-20,1000000.00,4.737204,100.25
08:01:06,91282CKS9,TSRYS5814779,D,S,D,2024-06-20,1000000.00,4.738266,100.248046875
08:01:06,91282CKS9,TSRYS5814779,D,S,C,2024-06-20,4000000.00,4.738266,100.248046875
08:01:06,91282CKS9,TSRYS5814779,D,S,D,2024-06-20,4000000.00,4.737204,100.25
08:01:06,91282CKS9,TSRYS5814779,D,S,C,2024-06-20,1000000.00,4.739328,100.24609375
08:01:06,91282CKS9,TSRYS5814779,D,B,C,2024-06-20,2000000.00,4.739328,100.24609375
08:01:06,91282CKS9,TSRYS5814779,D,B,C,2024-06-20,1000000.00,4.738266,100.248046875
08:01:06,91282CKS9,TSRYS5814779,D,B,C,2024-06-20,2000000.00,4.738266,100.248046875
08:01:06,91282CKS9,TSRYS5814779,D,B,C,2024-06-20,4000000.00,4.737204,100.25
08:01:06,91282CKS9,TSRYS5814779,D,S,D,2024-06-20,1000000.00,4.737204,100.25
08:01:06,91282CKS9,TSRYS5814779,D,S,C,2024-06-20,3000000.00,4.738266,100.248046875
08:01:06,91282CKS9,TSRYS5814779,D,B,C,2024-06-20,1000000.00,4.737204,100.25
08:01:06,91282CKS9,TSRYS5814779,D,S,C,2024-06-20,2000000.00,4.739328,100.24609375
08:01:06,91282CKS9,TSRYS5814779,D,S,D,2024-06-20,2000000.00,4.740391,100.244140625
08:01:06,91282CKS9,TSRYS5814779,D,B,C,2024-06-20,1000000.00,4.738266,100.248046875
08:01:06,91282CKS9,TSRYS5814779,D,S,D,2024-06-20,2000000.00,4.738266,100.248046875
08:01:06,91282CKS9,TSRYS5814779,D,S,C,2024-06-20,1000000.00,4.738266,100.248046875
08:01:06,91282CKS9,TSRYS5814779,D,S,C,2024-06-20,1000000.00,4.737204,100.25
08:01:06,91282CKS9,TSRYS5814779,D,S,D,2024-06-20,1000000.00,4.738266,100.248046875
08:01:06,91282CKS9,TSRYS5814779,D,B,C,2024-06-20,1000000.00,4.737204,100.25
08:01:06,91282CKS9,TSRYS5814779,D,S,C,2024-06-20,1000000.00,4.737204,100.25
08:01:06,91282CKS9,TSRYS5814779,D,S,C,2024-06-20,2000000.00,4.732956,100.2578125
08:01:06,91282CKS9,TSRYS5814779,D,S,C,2024-06-20,1000000.00,4.737204,100.25
08:01:06,91282CKS9,TSRYS5814779,D,S,C,2024-06-20,1000000.00,4.737204,100.25
08:01:06,91282CKS9,TSRYS5814779,D,B,C,2024-06-20,1000000.00,4.737204,100.25
08:01:06,91282CKS9,TSRYS5814779,D,B,C,2024-06-20,1000000.00,4.737204,100.25
08:01:06,91282CKS9,TSRYS5814779,D,S,C,2024-06-20,1000000.00,4.737204,100.25
08:01:06,91282CKS9,TSRYS5814779,D,B,C,2024-06-20,1000000.00,4.738266,100.248046875
08:01:06,91282CKS9,TSRYS5814779,D,S,C,2024-06-20,1000000.00,4.737204,100.25
08:01:06,91282CKS9,TSRYS5814779,D,B,C,2024-06-20,1000000.00,4.737204,100.25
08:01:06,91282CKS9,TSRYS5814779,D,B,C,2024-06-20,1000000.00,4.737204,100.25
08:01:06,91282CKS9,TSRYS5814779,D,S,C,2024-06-20,1000000.00,4.737204,100.25
08:01:06,91282CKS9,TSRYS5814779,D,B,C,2024-06-20,1000000.00,4.737204,100.25
08:01:06,91282CKS9,TSRYS5814779,D,S,C,2024-06-20,1000000.00,4.737204,100.25
08:01:06,91282CKS9,TSRYS5814779,D,S,C,2024-06-20,1000000.00,4.737204,100.25
08:01:06,91282CKS9,TSRYS5814779,D,B,C,2024-06-20,1000000.00,4.737204,100.25
08:01:06,91282CKS9,TSRYS5814779,D,B,C,2024-06-20,1000000.00,4.737204,100.25
08:01:06,91282CKS9,TSRYS5814779,D,S,C,2024-06-20,1000000.00,4.737204,100.25
08:01:06,91282CKS9,TSRYS5814779,D,S,C,2024-06-20,1000000.00,4.739328,100.24609375
08:01:06,91282CKS9,TSRYS5814779,D,B,C,2024-06-20,1000000.00,4.739328,100.24609375
08:01:06,91282CKS9,TSRYS5814779,D,B,C,2024-06-20,1000000.00,4.737204,100.25
08:01:06,91282CKS9,TSRYS5814779,D,S,C,2024-06-20,1000000.00,4.737204,100.25
08:01:06,91282CKS9,TSRYS5814779,D,B,C,2024-06-20,1000000.00,4.737204,100.25
08:01:06,91282CKS9,TSRYS5814779,D,B,C,2024-06-20,1000000.00,4.737204,100.25
08:01:06,91282CKS9,TSRYS5814779,D,S,D,2024-06-20,1000000.00,4.737204,100.25
08:01:06,91282CKS9,TSRYS5814779,D,B,C,2024-06-20,1000000.00,4.737204,100.25
08:01:06,91282CKS9,TSRYS5814779,D,S,C,2024-06-20,1000000.00,4.737204,100.25
08:01:06,91282CKS9,TSRYS5814779,D,B,C,2024-06-20,1000000.00,4.737204,100.25
08:01:06,91282CKS9,TSRYS5814779,D,S,C,2024-06-20,1000000.00,4.737204,100.25
08:01:06,91282CKS9,TSRYS5814779,D,S,C,2024-06-20,1000000.00,4.737204,100.25
08:01:06,91282CKS9,TSRYS5814779,D,S,D,2024-06-20,1000000.00,4.737204,100.25
08:01:06,91282CKS9,TSRYS5814779,D,S,D,2024-06-20,1000000.00,4.737204,100.25
08:01:06,91282CKS9,TSRYS5814779,D,B,C,2024-06-20,1000000.00,4.737204,100.25
08:01:06,91282CKS9,TSRYS5814779,D,B,C,2024-06-20,1000000.00,4.737204,100.25
08:01:06,91282CKS9,TSRYS5814779,D,B,C,2024-06-20,1000000.00,4.737204,100.25
08:01:06,91282CKS9,TSRYS5814779,D,S,C,2024-06-20,1000000.00,4.737204,100.25
08:01:06,91282CKS9,TSRYS5814779,D,S,D,2024-06-20,1000000.00,4.737204,100.25
08:01:06,91282CKS9,TSRYS5814779,D,B,C,2024-06-20,1000000.00,4.737204,100.25
