tradeTime,cusip,issueSymbolIdentifier,priceType,reportingSideCode,contraPartyTypeCode,tradeDate,reportedTradeVolume,lastSaleYield,lastSalePrice
08:00:04,91282CKH3,TSRYS5774872,D,S,D,2024-04-16,1000000.00,4.929498,99.20703125
08:00:04,91282CKH3,TSRYS5774872,D,S,D,2024-04-16,1000000.00,4.927366,99.2109375
08:00:04,91282CKH3,TSRYS5774872,D,S,D,2024-04-16,1000000.00,4.927366,99.2109375
08:00:04,91282CKH3,TSRYS5774872,D,S,T,2024-04-16,1000000.00,4.927366,99.2109375
08:00:04,91282CKH3,TSRYS5774872,D,S,D,2024-04-16,1000000.00,4.927366,99.2109375
08:00:04,91282CKH3,TSRYS5774872,D,S,D,2024-04-16,1000000.00,4.923102,99.21875
08:00:04,91282CKH3,TSRYS5774872,D,S,D,2024-04-16,1000000.00,4.923102,99.21875
08:00:04,91282CKH3,TSRYS5774872,D,S,T,2024-04-16,1000000.00,4.923102,99.21875
08:00:04,91282CKH3,TSRYS5774872,D,S,D,2024-04-16,1000000.00,4.924168,99.216796875
08:00:04,91282CKH3,TSRYS5774872,D,S,D,2024-04-16,1000000.00,4.924168,99.216796875
08:00:04,91282CKH3,TSRYS5774872,D,S,T,2024-04-16,1000000.00,4.925234,99.21484375
08:00:04,91282CKH3,TSRYS5774872,D,S,D,2024-04-16,1000000.00,4.924168,99.216796875
08:00:04,91282CKH3,TSRYS5774872,D,S,D,2024-04-16,1000000.00,4.924168,99.216796875
08:00:04,91282CKH3,TSRYS5774872,D,S,D,2024-04-16,1000000.00,4.924168,99.216796875
08:00:04,91282CKH3,TSRYS5774872,D,S,D,2024-04-16,1000000.00,4.924168,99.216796875
08:00:04,91282CKH3,TSRYS5774872,D,S,D,2024-04-16,1000000.00,4.924168,99.216796875
08:00:04,91282CKH3,TSRYS5774872,D,S,D,2024-04-16,1000000.00,4.924168,99.216796875
08:00:04,91282CKH3,TSRYS5774872,D,S,T,2024-04-16,1000000.00,4.925234,99.21484375
08:00:04,91282CKH3,TSRYS5774872,D,S,T,2024-04-16,1000000.00,4.925234,99.21484375
08:00:04,91282CKH3,TSRYS5774872,D,S,T,2024-04-16,1000000.00,4.925234,99.21484375
08:00:04,91282CKH3,TSRYS5774872,D,S,D,2024-04-16,1000000.00,4.925234,99.21484375
08:00:04,91282CKH3,TSRYS5774872,D,S,T,2024-04-16,1000000.00,4.925234,99.21484375
08:00:04,91282CKH3,TSRYS5774872,D,S,T,2024-04-16,1000000.00,4.925234,99.21484375
08:00:04,91282CKH3,TSRYS5774872,D,S,D,2024-04-16,1000000.00,4.9263,99.212890625
08:00:04,91282CKH3,TSRYS5774872,D,S,D,2024-04-16,1000000.00,4.9263,99.212890625
08:00:04,91282CKH3,TSRYS5774872,D,S,T,2024-04-16,1000000.00,4.916707,99.23046875
08:00:04,91282CKH3,TSRYS5774872,D,S,T,2024-04-16,1000000.00,4.914575,99.234375
08:00:04,91282CKH3,TSRYS5774872,D,S,T,2024-04-16,1000000.00,4.914575,99.234375
08:00:04,91282CKH3,TSRYS5774872,D,S,T,2024-04-16,1000000.00,4.918838,99.2265625
08:00:04,91282CKH3,TSRYS5774872,D,S,D,2024-04-16,1000000.00,4.944426,99.1796875
08:00:04,91282CKH3,TSRYS5774872,D,S,T,2024-04-16,3000000.00,4.944426,99.1796875
08:00:04,91282CKH3,TSRYS5774872,D,S,D,2024-04-16,1000000.00,4.94336,99.181640625
08:00:04,91282CKH3,TSRYS5774872,D,S,D,2024-04-16,2000000.00,4.94336,99.181640625
08:00:04,91282CKH3,TSRYS5774872,D,S,D,2024-04-16,1000000.00,4.941227,99.185546875
08:00:04,91282CKH3,TSRYS5774872,D,S,D,2024-04-16,3000000.00,4.939094,99.189453125
08:00:04,91282CKH3,TSRYS5774872,D,S,D,2024-04-16,3000000.00,4.939094,99.189453125
08:00:04,91282CKH3,TSRYS5774872,D,S,D,2024-04-16,2000000.00,4.939094,99.189453125
08:00:04,91282CKH3,TSRYS5774872,D,S,D,2024-04-16,3000000.00,4.939094,99.189453125
08:00:04,91282CKH3,TSRYS5774872,D,S,D,2024-04-16,3000000.00,4.939094,99.189453125
08:00:04,91282CKH3,TSRYS5774872,D,S,T,2024-04-16,4000000.00,4.933763,99.19921875
08:00:04,91282CKH3,TSRYS5774872,D,S,T,2024-04-16,7000000.00,4.933763,99.19921875
08:00:04,91282CKH3,TSRYS5774872,D,S,T,2024-04-16,8000000.00,4.933763,99.19921875
08:00:04,91282CKH3,TSRYS5774872,D,S,T,2024-04-16,4000000.00,4.933763,99.19921875
08:00:04,91282CKH3,TSRYS5774872,D,S,T,2024-04-16,4000000.00,4.951892,99.166015625
08:00:04,91282CKH3,TSRYS5774872,D,S,D,2024-04-16,4000000.00,4.951892,99.166015625
08:00:04,91282CKH3,TSRYS5774872,D,S,D,2024-04-16,5000000.00,4.951892,99.166015625
08:00:04,91282CKH3,TSRYS5774872,D,S,D,2024-04-16,1000000.00,4.951892,99.166015625
08:00:04,91282CKH3,TSRYS5774872,D,S,T,2024-04-16,1000000.00,4.945493,99.177734375
08:00:04,91282CKH3,TSRYS5774872,D,S,T,2024-04-16,2000000.00,4.945493,99.177734375
08:00:04,91282CKH3,TSRYS5774872,D,S,D,2024-04-16,4000000.00,4.94336,99.181640625
08:00:04,91282CKH3,TSRYS5774872,D,S,D,2024-04-16,4000000.00,4.942293,99.18359375
08:00:09,91282CKH3,TSRYS5774872,D,S,T,2024-04-16,1000000.00,4.923102,99.21875
08:00:16,91282CKH3,TSRYS5774872,D,S,D,2024-04-16,2000000.00,4.946559,99.17578125
08:00:17,91282CKH3,TSRYS5774872,D,S,D,2024-04-16,2000000.00,4.947,99.17497421
08:00:19,91282CKH3,TSRYS5774872,D,S,D,2024-04-16,2000000.00,4.918838,99.2265625
08:00:19,91282CKH3,TSRYS5774872,D,S,D,2024-04-16,1000000.00,4.918838,99.2265625
08:00:19,91282CKH3,TSRYS5774872,D,S,D,2024-04-16,1000000.00,4.919904,99.224609375
08:00:23,91282CKH3,TSRYS5774872,D,B,C,2024-04-16,223000.00,4.942476,99.18325875
08:00:28,91282CKH3,TSRYS5774872,D,S,T,2024-04-16,1000000.00,4.923102,99.21875
08:00:28,91282CKH3,TSRYS5774872,D,S,T,2024-04-16,1000000.00,4.914575,99.234375
08:00:28,91282CKH3,TSRYS5774872,D,S,T,2024-04-16,1000000.00,4.914575,99.234375
08:00:28,91282CKH3,TSRYS5774872,D,S,T,2024-04-16,1000000.00,4.925234,99.21484375
08:00:28,91282CKH3,TSRYS5774872,D,S,T,2024-04-16,1000000.00,4.940161,99.1875
08:00:28,91282CKH3,TSRYS5774872,D,S,T,2024-04-16,1000000.00,4.940161,99.1875
08:00:28,91282CKH3,TSRYS5774872,D,S,T,2024-04-16,1000000.00,4.940161,99.1875
08:00:28,91282CKH3,TSRYS5774872,D,S,T,2024-04-16,1000000.00,4.942293,99.18359375
08:00:28,91282CKH3,TSRYS5774872,D,S,T,2024-04-16,1000000.00,4.946559,99.17578125
08:00:28,91282CKH3,TSRYS5774872,D,S,T,2024-04-16,1000000.00,4.948692,99.171875
08:00:31,91282CKH3,TSRYS5774872,D,S,D,2024-04-16,1000000.00,4.928432,99.208984375
08:00:31,91282CKH3,TSRYS5774872,D,S,D,2024-04-16,1000000.00,4.927366,99.2109375
08:00:31,91282CKH3,TSRYS5774872,D,S,D,2024-04-16,1000000.00,4.927366,99.2109375
08:00:31,91282CKH3,TSRYS5774872,D,S,D,2024-04-16,1000000.00,4.925234,99.21484375
08:00:31,91282CKH3,TSRYS5774872,D,S,T,2024-04-16,1000000.00,4.916707,99.23046875
08:00:31,91282CKH3,TSRYS5774872,D,S,D,2024-04-16,1000000.00,4.918838,99.2265625
08:00:31,91282CKH3,TSRYS5774872,D,S,T,2024-04-16,1000000.00,4.940161,99.1875
08:00:31,91282CKH3,TSRYS5774872,D,S,T,2024-04-16,1000000.00,4.940161,99.1875
08:00:31,91282CKH3,TSRYS5774872,D,S,T,2024-04-16,2000000.00,4.938028,99.19140625
08:00:31,91282CKH3,TSRYS5774872,D,S,T,2024-04-16,2000000.00,4.933763,99.19921875
08:00:31,91282CKH3,TSRYS5774872,D,S,T,2024-04-16,2000000.00,4.935895,99.1953125
08:00:31,91282CKH3,TSRYS5774872,D,S,T,2024-04-16,1000000.00,4.946559,99.17578125
08:00:31,91282CKH3,TSRYS5774872,D,S,T,2024-04-16,1000000.00,4.946559,99.17578125
08:00:31,91282CKH3,TSRYS5774872,D,S,T,2024-04-16,1000000.00,4.946559,99.17578125
08:00:31,91282CKH3,TSRYS5774872,D,S,T,2024-04-16,2000000.00,4.951892,99.166015625
08:00:31,91282CKH3,TSRYS5774872,D,S,T,2024-04-16,2000000.00,4.948692,99.171875
08:00:31,91282CKH3,TSRYS5774872,D,S,T,2024-04-16,1000000.00,4.946559,99.17578125
08:00:31,91282CKH3,TSRYS5774872,D,S,T,2024-04-16,1000000.00,4.946559,99.17578125
08:00:31,91282CKH3,TSRYS5774872,D,S,T,2024-04-16,1000000.00,4.946559,99.17578125
08:00:31,91282CKH3,TSRYS5774872,D,S,D,2024-04-16,1000000.00,4.946559,99.17578125
08:00:31,91282CKH3,TSRYS5774872,D,S,D,2024-04-16,2000000.00,4.940161,99.1875
08:00:31,91282CKH3,TSRYS5774872,D,S,T,2024-04-16,2000000.00,4.942293,99.18359375
08:00:31,91282CKH3,TSRYS5774872,D,S,T,2024-04-16,1000000.00,4.942293,99.18359375
08:00:31,91282CKH3,TSRYS5774872,D,S,D,2024-04-16,1000000.00,4.929498,99.20703125
08:00:31,91282CKH3,TSRYS5774872,D,S,D,2024-04-16,1000000.00,4.923102,99.21875
08:00:31,91282CKH3,TSRYS5774872,D,S,D,2024-04-16,2000000.00,4.918838,99.2265625
08:00:31,91282CKH3,TSRYS5774872,D,S,D,2024-04-16,1000000.00,4.922036,99.220703125
08:00:31,91282CKH3,TSRYS5774872,D,S,D,2024-04-16,2000000.00,4.922036,99.220703125
08:00:31,91282CKH3,TSRYS5774872,D,S,D,2024-04-16,1000000.00,4.94336,99.181640625
08:00:31,91282CKH3,TSRYS5774872,D,S,D,2024-04-16,1000000.00,4.94336,99.181640625
08:00:31,91282CKH3,TSRYS5774872,D,S,D,2024-04-16,3000000.00,4.935895,99.1953125
08:00:31,91282CKH3,TSRYS5774872,D,S,D,2024-04-16,2000000.00,4.951892,99.166015625
08:00:31,91282CKH3,TSRYS5774872,D,S,D,2024-04-16,3000000.00,4.945493,99.177734375
08:00:31,91282CKH3,TSRYS5774872,D,S,D,2024-04-16,3000000.00,4.945493,99.177734375
08:00:31,91282CKH3,TSRYS5774872,D,S,D,2024-04-16,2000000.00,4.947626,99.173828125
08:00:31,91282CKH3,TSRYS5774872,D,S,D,2024-04-16,3000000.00,4.946559,99.17578125
08:00:31,91282CKH3,TSRYS5774872,D,S,D,2024-04-16,3000000.00,4.945493,99.177734375
08:00:31,91282CKH3,TSRYS5774872,D,S,D,2024-04-16,2000000.00,4.945493,99.177734375
08:00:31,91282CKH3,TSRYS5774872,D,S,D,2024-04-16,2000000.00,4.929498,99.20703125
08:00:31,91282CKH3,TSRYS5774872,D,S,D,2024-04-16,1000000.00,4.929498,99.20703125
08:00:31,91282CKH3,TSRYS5774872,D,S,D,2024-04-16,1000000.00,4.929498,99.20703125
08:00:31,91282CKH3,TSRYS5774872,D,S,D,2024-04-16,2000000.00,4.929498,99.20703125
08:00:31,91282CKH3,TSRYS5774872,D,S,D,2024-04-16,1000000.00,4.929498,99.20703125
08:00:31,91282CKH3,TSRYS5774872,D,S,D,2024-04-16,1000000.00,4.927366,99.2109375
08:00:31,91282CKH3,TSRYS5774872,D,S,D,2024-04-16,2000000.00,4.927366,99.2109375
08:00:31,91282CKH3,TSRYS5774872,D,S,D,2024-04-16,1000000.00,4.927366,99.2109375
08:00:31,91282CKH3,TSRYS5774872,D,S,D,2024-04-16,1000000.00,4.925234,99.21484375
08:00:31,91282CKH3,TSRYS5774872,D,S,D,2024-04-16,1000000.00,4.925234,99.21484375
08:00:31,91282CKH3,TSRYS5774872,D,S,D,2024-04-16,1000000.00,4.925234,99.21484375
08:00:31,91282CKH3,TSRYS5774872,D,S,D,2024-04-16,1000000.00,4.925234,99.21484375
08:00:31,91282CKH3,TSRYS5774872,D,S,D,2024-04-16,1000000.00,4.925234,99.21484375
08:00:31,91282CKH3,TSRYS5774872,D,S,D,2024-04-16,1000000.00,4.925234,99.21484375
08:00:31,91282CKH3,TSRYS5774872,D,S,D,2024-04-16,1000000.00,4.925234,99.21484375
08:00:31,91282CKH3,TSRYS5774872,D,S,D,2024-04-16,1000000.00,4.925234,99.21484375
08:00:31,91282CKH3,TSRYS5774872,D,S,D,2024-04-16,1000000.00,4.925234,99.21484375
08:00:31,91282CKH3,TSRYS5774872,D,S,D,2024-04-16,1000000.00,4.925234,99.21484375
08:00:31,91282CKH3,TSRYS5774872,D,S,D,2024-04-16,1000000.00,4.923102,99.21875
08:00:31,91282CKH3,TSRYS5774872,D,S,D,2024-04-16,1000000.00,4.924168,99.216796875
08:00:31,91282CKH3,TSRYS5774872,D,S,D,2024-04-16,1000000.00,4.924168,99.216796875
08:00:31,91282CKH3,TSRYS5774872,D,S,D,2024-04-16,1000000.00,4.9263,99.212890625
08:00:31,91282CKH3,TSRYS5774872,D,S,D,2024-04-16,1000000.00,4.9263,99.212890625
08:00:31,91282CKH3,TSRYS5774872,D,S,D,2024-04-16,2000000.00,4.9263,99.212890625
08:00:31,91282CKH3,TSRYS5774872,D,S,D,2024-04-16,2000000.00,4.9263,99.212890625
08:00:31,91282CKH3,TSRYS5774872,D,S,D,2024-04-16,1000000.00,4.9263,99.212890625
08:00:31,91282CKH3,TSRYS5774872,D,S,D,2024-04-16,1000000.00,4.919904,99.224609375
08:00:31,91282CKH3,TSRYS5774872,D,S,D,2024-04-16,1000000.00,4.919904,99.224609375
08:00:31,91282CKH3,TSRYS5774872,D,S,D,2024-04-16,2000000.00,4.915641,99.232421875
08:00:31,91282CKH3,TSRYS5774872,D,S,D,2024-04-16,1000000.00,4.915641,99.232421875
08:00:31,91282CKH3,TSRYS5774872,D,S,D,2024-04-16,2000000.00,4.91351,99.236328125
08:00:31,91282CKH3,TSRYS5774872,D,S,D,2024-04-16,1000000.00,4.915641,99.232421875
08:00:31,91282CKH3,TSRYS5774872,D,S,D,2024-04-16,2000000.00,4.925234,99.21484375
08:00:31,91282CKH3,TSRYS5774872,D,S,D,2024-04-16,2000000.00,4.925234,99.21484375
08:00:31,91282CKH3,TSRYS5774872,D,S,D,2024-04-16,1000000.00,4.922036,99.220703125
08:00:31,91282CKH3,TSRYS5774872,D,S,D,2024-04-16,1000000.00,4.922036,99.220703125
08:00:31,91282CKH3,TSRYS5774872,D,S,D,2024-04-16,1000000.00,4.922036,99.220703125
08:00:31,91282CKH3,TSRYS5774872,D,S,D,2024-04-16,1000000.00,4.927366,99.2109375
08:00:31,91282CKH3,TSRYS5774872,D,S,D,2024-04-16,1000000.00,4.924168,99.216796875
08:00:31,91282CKH3,TSRYS5774872,D,S,D,2024-04-16,1000000.00,4.924168,99.216796875
08:00:31,91282CKH3,TSRYS5774872,D,S,D,2024-04-16,1000000.00,4.924168,99.216796875
08:00:31,91282CKH3,TSRYS5774872,D,S,D,2024-04-16,1000000.00,4.924168,99.216796875
08:00:31,91282CKH3,TSRYS5774872,D,S,D,2024-04-16,1000000.00,4.941227,99.185546875
08:00:31,91282CKH3,TSRYS5774872,D,S,D,2024-04-16,1000000.00,4.945493,99.177734375
08:00:31,91282CKH3,TSRYS5774872,D,S,D,2024-04-16,2000000.00,4.944426,99.1796875
08:00:31,91282CKH3,TSRYS5774872,D,S,D,2024-04-16,2000000.00,4.944426,99.1796875
08:00:31,91282CKH3,TSRYS5774872,D,S,D,2024-04-16,1000000.00,4.941227,99.185546875
08:00:31,91282CKH3,TSRYS5774872,D,S,D,2024-04-16,1000000.00,4.941227,99.185546875
08:00:31,91282CKH3,TSRYS5774872,D,S,D,2024-04-16,1000000.00,4.94336,99.181640625
08:00:31,91282CKH3,TSRYS5774872,D,S,D,2024-04-16,1000000.00,4.94336,99.181640625
08:00:31,91282CKH3,TSRYS5774872,D,S,D,2024-04-16,1000000.00,4.94336,99.181640625
08:00:31,91282CKH3,TSRYS5774872,D,S,D,2024-04-16,1000000.00,4.941227,99.185546875
08:00:31,91282CKH3,TSRYS5774872,D,S,D,2024-04-16,1000000.00,4.941227,99.185546875
08:00:31,91282CKH3,TSRYS5774872,D,S,D,2024-04-16,1000000.00,4.939094,99.189453125
08:00:31,91282CKH3,TSRYS5774872,D,S,D,2024-04-16,2000000.00,4.944426,99.1796875
08:00:31,91282CKH3,TSRYS5774872,D,S,D,2024-04-16,1000000.00,4.944426,99.1796875
08:00:31,91282CKH3,TSRYS5774872,D,S,D,2024-04-16,1000000.00,4.944426,99.1796875
08:00:31,91282CKH3,TSRYS5774872,D,S,D,2024-04-16,1000000.00,4.944426,99.1796875
08:00:31,91282CKH3,TSRYS5774872,D,S,D,2024-04-16,3000000.00,4.945493,99.177734375
08:00:31,91282CKH3,TSRYS5774872,D,S,D,2024-04-16,1000000.00,4.945493,99.177734375
08:00:31,91282CKH3,TSRYS5774872,D,S,D,2024-04-16,2000000.00,4.945493,99.177734375
08:00:31,91282CKH3,TSRYS5774872,D,S,D,2024-04-16,2000000.00,4.945493,99.177734375
08:00:31,91282CKH3,TSRYS5774872,D,S,D,2024-04-16,1000000.00,4.945493,99.177734375
08:00:31,91282CKH3,TSRYS5774872,D,S,D,2024-04-16,3000000.00,4.945493,99.177734375
08:00:31,91282CKH3,TSRYS5774872,D,S,D,2024-04-16,1000000.00,4.945493,99.177734375
08:00:31,91282CKH3,TSRYS5774872,D,S,D,2024-04-16,1000000.00,4.945493,99.177734375
08:00:31,91282CKH3,TSRYS5774872,D,S,D,2024-04-16,1000000.00,4.94336,99.181640625
08:00:31,91282CKH3,TSRYS5774872,D,S,D,2024-04-16,1000000.00,4.94336,99.181640625
08:00:31,91282CKH3,TSRYS5774872,D,S,D,2024-04-16,1000000.00,4.94336,99.181640625
08:00:31,91282CKH3,TSRYS5774872,D,S,T,2024-04-16,1000000.00,4.929498,99.20703125
08:00:31,91282CKH3,TSRYS5774872,D,S,T,2024-04-16,1000000.00,4.927366,99.2109375
08:00:31,91282CKH3,TSRYS5774872,D,S,T,2024-04-16,1000000.00,4.925234,99.21484375
08:00:31,91282CKH3,TSRYS5774872,D,S,T,2024-04-16,1000000.00,4.923102,99.21875
08:00:31,91282CKH3,TSRYS5774872,D,S,T,2024-04-16,1000000.00,4.923102,99.21875
08:00:31,91282CKH3,TSRYS5774872,D,S,T,2024-04-16,1000000.00,4.924168,99.216796875
08:00:31,91282CKH3,TSRYS5774872,D,S,T,2024-04-16,2000000.00,4.915641,99.232421875
08:00:31,91282CKH3,TSRYS5774872,D,S,T,2024-04-16,2000000.00,4.918838,99.2265625
08:00:31,91282CKH3,TSRYS5774872,D,S,T,2024-04-16,1000000.00,4.918838,99.2265625
08:00:31,91282CKH3,TSRYS5774872,D,S,T,2024-04-16,1000000.00,4.922036,99.220703125
08:00:31,91282CKH3,TSRYS5774872,D,S,T,2024-04-16,1000000.00,4.922036,99.220703125
08:00:31,91282CKH3,TSRYS5774872,D,S,T,2024-04-16,1000000.00,4.922036,99.220703125
08:00:31,91282CKH3,TSRYS5774872,D,S,T,2024-04-16,1000000.00,4.922036,99.220703125
08:00:31,91282CKH3,TSRYS5774872,D,S,T,2024-04-16,1000000.00,4.922036,99.220703125
08:00:31,91282CKH3,TSRYS5774872,D,S,T,2024-04-16,1000000.00,4.922036,99.220703125
08:00:31,91282CKH3,TSRYS5774872,D,S,T,2024-04-16,1000000.00,4.922036,99.220703125
08:00:31,91282CKH3,TSRYS5774872,D,S,T,2024-04-16,1000000.00,4.922036,99.220703125
08:00:31,91282CKH3,TSRYS5774872,D,S,T,2024-04-16,2000000.00,4.922036,99.220703125
08:00:31,91282CKH3,TSRYS5774872,D,S,T,2024-04-16,1000000.00,4.924168,99.216796875
08:00:31,91282CKH3,TSRYS5774872,D,S,T,2024-04-16,2000000.00,4.944426,99.1796875
08:00:31,91282CKH3,TSRYS5774872,D,S,T,2024-04-16,2000000.00,4.944426,99.1796875
08:00:31,91282CKH3,TSRYS5774872,D,S,T,2024-04-16,1000000.00,4.94336,99.181640625
08:00:31,91282CKH3,TSRYS5774872,D,S,T,2024-04-16,1000000.00,4.94336,99.181640625
08:00:31,91282CKH3,TSRYS5774872,D,S,T,2024-04-16,1000000.00,4.94336,99.181640625
08:00:31,91282CKH3,TSRYS5774872,D,S,T,2024-04-16,1000000.00,4.94336,99.181640625
08:00:31,91282CKH3,TSRYS5774872,D,S,T,2024-04-16,1000000.00,4.94336,99.181640625
08:00:31,91282CKH3,TSRYS5774872,D,S,T,2024-04-16,1000000.00,4.94336,99.181640625
08:00:31,91282CKH3,TSRYS5774872,D,S,T,2024-04-16,1000000.00,4.94336,99.181640625
08:00:31,91282CKH3,TSRYS5774872,D,S,T,2024-04-16,2000000.00,4.938028,99.19140625
08:00:31,91282CKH3,TSRYS5774872,D,S,T,2024-04-16,2000000.00,4.940161,99.1875
08:00:31,91282CKH3,TSRYS5774872,D,S,T,2024-04-16,2000000.00,4.951892,99.166015625
08:00:31,91282CKH3,TSRYS5774872,D,S,T,2024-04-16,2000000.00,4.951892,99.166015625
08:00:31,91282CKH3,TSRYS5774872,D,S,T,2024-04-16,2000000.00,4.944426,99.1796875
08:00:31,91282CKH3,TSRYS5774872,D,S,T,2024-04-16,3000000.00,4.944426,99.1796875
08:00:31,91282CKH3,TSRYS5774872,D,S,T,2024-04-16,2000000.00,4.945493,99.177734375
08:00:31,91282CKH3,TSRYS5774872,D,S,T,2024-04-16,3000000.00,4.945493,99.177734375
08:00:31,91282CKH3,TSRYS5774872,D,S,T,2024-04-16,1000000.00,4.945493,99.177734375
08:00:31,91282CKH3,TSRYS5774872,D,S,T,2024-04-16,1000000.00,4.945493,99.177734375
08:00:31,91282CKH3,TSRYS5774872,D,S,T,2024-04-16,2000000.00,4.945493,99.177734375
08:00:31,91282CKH3,TSRYS5774872,D,S,T,2024-04-16,1000000.00,4.945493,99.177734375
08:00:31,91282CKH3,TSRYS5774872,D,S,T,2024-04-16,1000000.00,4.945493,99.177734375
08:00:31,91282CKH3,TSRYS5774872,D,S,T,2024-04-16,1000000.00,4.945493,99.177734375
08:00:31,91282CKH3,TSRYS5774872,D,S,T,2024-04-16,1000000.00,4.945493,99.177734375
08:00:31,91282CKH3,TSRYS5774872,D,S,T,2024-04-16,1000000.00,4.945493,99.177734375
08:00:31,91282CKH3,TSRYS5774872,D,S,T,2024-04-16,2000000.00,4.945493,99.177734375
08:00:31,91282CKH3,TSRYS5774872,D,S,T,2024-04-16,1000000.00,4.942293,99.18359375
08:00:31,91282CKH3,TSRYS5774872,D,S,T,2024-04-16,2000000.00,4.942293,99.18359375
08:00:31,91282CKH3,TSRYS5774872,D,S,T,2024-04-16,1000000.00,4.946559,99.17578125
08:00:31,91282CKH3,TSRYS5774872,D,S,T,2024-04-16,3000000.00,4.946559,99.17578125
08:00:31,91282CKH3,TSRYS5774872,D,S,T,2024-04-16,2000000.00,4.946559,99.17578125
08:00:31,91282CKH3,TSRYS5774872,D,S,T,2024-04-16,3000000.00,4.946559,99.17578125
08:00:31,91282CKH3,TSRYS5774872,D,S,T,2024-04-16,1000000.00,4.94336,99.181640625
08:00:31,91282CKH3,TSRYS5774872,D,S,T,2024-04-16,1000000.00,4.94336,99.181640625
08:00:31,91282CKH3,TSRYS5774872,D,S,T,2024-04-16,1000000.00,4.94336,99.181640625
08:00:31,91282CKH3,TSRYS5774872,D,S,T,2024-04-16,1000000.00,4.94336,99.181640625
08:00:31,91282CKH3,TSRYS5774872,D,S,T,2024-04-16,1000000.00,4.923102,99.21875
08:00:31,91282CKH3,TSRYS5774872,D,S,T,2024-04-16,1000000.00,4.923102,99.21875
08:00:31,91282CKH3,TSRYS5774872,D,S,T,2024-04-16,1000000.00,4.923102,99.21875
08:00:31,91282CKH3,TSRYS5774872,D,S,T,2024-04-16,1000000.00,4.925234,99.21484375
08:00:31,91282CKH3,TSRYS5774872,D,S,T,2024-04-16,1000000.00,4.925234,99.21484375
08:00:31,91282CKH3,TSRYS5774872,D,S,T,2024-04-16,1000000.00,4.925234,99.21484375
08:00:31,91282CKH3,TSRYS5774872,D,S,T,2024-04-16,1000000.00,4.923102,99.21875
08:00:31,91282CKH3,TSRYS5774872,D,S,T,2024-04-16,2000000.00,4.923102,99.21875
08:00:31,91282CKH3,TSRYS5774872,D,S,T,2024-04-16,1000000.00,4.925234,99.21484375
08:00:31,91282CKH3,TSRYS5774872,D,S,T,2024-04-16,1000000.00,4.925234,99.21484375
08:00:31,91282CKH3,TSRYS5774872,D,S,T,2024-04-16,2000000.00,4.924168,99.216796875
08:00:31,91282CKH3,TSRYS5774872,D,S,T,2024-04-16,1000000.00,4.924168,99.216796875
08:00:31,91282CKH3,TSRYS5774872,D,S,T,2024-04-16,1000000.00,4.924168,99.216796875
08:00:31,91282CKH3,TSRYS5774872,D,S,T,2024-04-16,1000000.00,4.924168,99.216796875
08:00:31,91282CKH3,TSRYS5774872,D,S,T,2024-04-16,1000000.00,4.924168,99.216796875
08:00:31,91282CKH3,TSRYS5774872,D,S,T,2024-04-16,1000000.00,4.924168,99.216796875
08:00:31,91282CKH3,TSRYS5774872,D,S,T,2024-04-16,1000000.00,4.924168,99.216796875
08:00:31,91282CKH3,TSRYS5774872,D,S,T,2024-04-16,1000000.00,4.919904,99.224609375
08:00:31,91282CKH3,TSRYS5774872,D,S,T,2024-04-16,1000000.00,4.916707,99.23046875
08:00:31,91282CKH3,TSRYS5774872,D,S,T,2024-04-16,1000000.00,4.914575,99.234375
08:00:31,91282CKH3,TSRYS5774872,D,S,T,2024-04-16,1000000.00,4.914575,99.234375
08:00:31,91282CKH3,TSRYS5774872,D,S,T,2024-04-16,2000000.00,4.914575,99.234375
08:00:31,91282CKH3,TSRYS5774872,D,S,T,2024-04-16,1000000.00,4.914575,99.234375
08:00:31,91282CKH3,TSRYS5774872,D,S,T,2024-04-16,1000000.00,4.914575,99.234375
08:00:31,91282CKH3,TSRYS5774872,D,S,T,2024-04-16,1000000.00,4.914575,99.234375
08:00:31,91282CKH3,TSRYS5774872,D,S,T,2024-04-16,1000000.00,4.914575,99.234375
08:00:31,91282CKH3,TSRYS5774872,D,S,T,2024-04-16,2000000.00,4.914575,99.234375
08:00:31,91282CKH3,TSRYS5774872,D,S,T,2024-04-16,3000000.00,4.916707,99.23046875
08:00:31,91282CKH3,TSRYS5774872,D,S,T,2024-04-16,2000000.00,4.916707,99.23046875
08:00:31,91282CKH3,TSRYS5774872,D,S,T,2024-04-16,5000000.00,4.916707,99.23046875
08:00:31,91282CKH3,TSRYS5774872,D,S,T,2024-04-16,1000000.00,4.916707,99.23046875
08:00:31,91282CKH3,TSRYS5774872,D,S,T,2024-04-16,2000000.00,4.916707,99.23046875
08:00:31,91282CKH3,TSRYS5774872,D,S,T,2024-04-16,3000000.00,4.916707,99.23046875
08:00:31,91282CKH3,TSRYS5774872,D,S,T,2024-04-16,3000000.00,4.916707,99.23046875
08:00:31,91282CKH3,TSRYS5774872,D,S,T,2024-04-16,2000000.00,4.916707,99.23046875
08:00:31,91282CKH3,TSRYS5774872,D,S,T,2024-04-16,2000000.00,4.916707,99.23046875
08:00:31,91282CKH3,TSRYS5774872,D,S,T,2024-04-16,1000000.00,4.916707,99.23046875
08:00:31,91282CKH3,TSRYS5774872,D,S,T,2024-04-16,1000000.00,4.916707,99.23046875
08:00:31,91282CKH3,TSRYS5774872,D,S,T,2024-04-16,1000000.00,4.916707,99.23046875
08:00:31,91282CKH3,TSRYS5774872,D,S,T,2024-04-16,1000000.00,4.918838,99.2265625
08:00:31,91282CKH3,TSRYS5774872,D,S,T,2024-04-16,2000000.00,4.918838,99.2265625
08:00:31,91282CKH3,TSRYS5774872,D,S,T,2024-04-16,3000000.00,4.918838,99.2265625
08:00:31,91282CKH3,TSRYS5774872,D,S,T,2024-04-16,3000000.00,4.918838,99.2265625
08:00:31,91282CKH3,TSRYS5774872,D,S,T,2024-04-16,1000000.00,4.9263,99.212890625
08:00:31,91282CKH3,TSRYS5774872,D,S,T,2024-04-16,1000000.00,4.923102,99.21875
08:00:31,91282CKH3,TSRYS5774872,D,S,T,2024-04-16,1000000.00,4.923102,99.21875
08:00:31,91282CKH3,TSRYS5774872,D,S,T,2024-04-16,1000000.00,4.924168,99.216796875
08:00:31,91282CKH3,TSRYS5774872,D,S,T,2024-04-16,1000000.00,4.924168,99.216796875
08:00:31,91282CKH3,TSRYS5774872,D,S,T,2024-04-16,1000000.00,4.925234,99.21484375
08:00:31,91282CKH3,TSRYS5774872,D,S,T,2024-04-16,1000000.00,4.925234,99.21484375
08:00:31,91282CKH3,TSRYS5774872,D,S,T,2024-04-16,1000000.00,4.927366,99.2109375
08:00:31,91282CKH3,TSRYS5774872,D,S,T,2024-04-16,1000000.00,4.925234,99.21484375
08:00:31,91282CKH3,TSRYS5774872,D,S,T,2024-04-16,1000000.00,4.92097,99.22265625
08:00:31,91282CKH3,TSRYS5774872,D,S,T,2024-04-16,1000000.00,4.923102,99.21875
08:00:31,91282CKH3,TSRYS5774872,D,S,T,2024-04-16,2000000.00,4.927366,99.2109375
08:00:31,91282CKH3,TSRYS5774872,D,S,T,2024-04-16,1000000.00,4.927366,99.2109375
08:00:31,91282CKH3,TSRYS5774872,D,S,T,2024-04-16,1000000.00,4.927366,99.2109375
08:00:31,91282CKH3,TSRYS5774872,D,S,T,2024-04-16,1000000.00,4.9263,99.212890625
08:00:31,91282CKH3,TSRYS5774872,D,S,T,2024-04-16,2000000.00,4.9263,99.212890625
08:00:31,91282CKH3,TSRYS5774872,D,S,T,2024-04-16,1000000.00,4.925234,99.21484375
08:00:31,91282CKH3,TSRYS5774872,D,S,T,2024-04-16,1000000.00,4.923102,99.21875
08:00:31,91282CKH3,TSRYS5774872,D,S,T,2024-04-16,1000000.00,4.923102,99.21875
08:00:31,91282CKH3,TSRYS5774872,D,S,T,2024-04-16,2000000.00,4.923102,99.21875
08:00:31,91282CKH3,TSRYS5774872,D,S,T,2024-04-16,1000000.00,4.927366,99.2109375
08:00:31,91282CKH3,TSRYS5774872,D,S,T,2024-04-16,1000000.00,4.927366,99.2109375
08:00:31,91282CKH3,TSRYS5774872,D,S,T,2024-04-16,2000000.00,4.927366,99.2109375
08:00:31,91282CKH3,TSRYS5774872,D,S,T,2024-04-16,1000000.00,4.9263,99.212890625
08:00:31,91282CKH3,TSRYS5774872,D,S,T,2024-04-16,2000000.00,4.9263,99.212890625
08:00:31,91282CKH3,TSRYS5774872,D,S,T,2024-04-16,1000000.00,4.927366,99.2109375
08:00:31,91282CKH3,TSRYS5774872,D,S,T,2024-04-16,1000000.00,4.9263,99.212890625
08:00:31,91282CKH3,TSRYS5774872,D,S,T,2024-04-16,1000000.00,4.927366,99.2109375
08:00:31,91282CKH3,TSRYS5774872,D,S,T,2024-04-16,2000000.00,4.927366,99.2109375
08:00:31,91282CKH3,TSRYS5774872,D,S,T,2024-04-16,1000000.00,4.93163,99.203125
08:00:31,91282CKH3,TSRYS5774872,D,S,T,2024-04-16,1000000.00,4.93163,99.203125
08:00:31,91282CKH3,TSRYS5774872,D,S,T,2024-04-16,1000000.00,4.93163,99.203125
08:00:31,91282CKH3,TSRYS5774872,D,S,T,2024-04-16,1000000.00,4.933763,99.19921875
08:00:31,91282CKH3,TSRYS5774872,D,S,T,2024-04-16,1000000.00,4.934829,99.197265625
08:00:31,91282CKH3,TSRYS5774872,D,S,T,2024-04-16,1000000.00,4.934829,99.197265625
08:00:31,91282CKH3,TSRYS5774872,D,S,T,2024-04-16,1000000.00,4.934829,99.197265625
08:00:31,91282CKH3,TSRYS5774872,D,S,T,2024-04-16,3000000.00,4.938028,99.19140625
08:00:31,91282CKH3,TSRYS5774872,D,S,T,2024-04-16,3000000.00,4.938028,99.19140625
08:00:31,91282CKH3,TSRYS5774872,D,S,T,2024-04-16,2000000.00,4.938028,99.19140625
08:00:31,91282CKH3,TSRYS5774872,D,S,T,2024-04-16,1000000.00,4.940161,99.1875
08:00:31,91282CKH3,TSRYS5774872,D,S,T,2024-04-16,1000000.00,4.940161,99.1875
08:00:31,91282CKH3,TSRYS5774872,D,S,T,2024-04-16,1000000.00,4.946559,99.17578125
08:00:31,91282CKH3,TSRYS5774872,D,S,T,2024-04-16,1000000.00,4.94336,99.181640625
08:00:31,91282CKH3,TSRYS5774872,D,S,T,2024-04-16,1000000.00,4.94336,99.181640625
08:00:31,91282CKH3,TSRYS5774872,D,S,T,2024-04-16,1000000.00,4.94336,99.181640625
08:00:31,91282CKH3,TSRYS5774872,D,S,T,2024-04-16,1000000.00,4.94336,99.181640625
08:00:31,91282CKH3,TSRYS5774872,D,S,T,2024-04-16,1000000.00,4.948692,99.171875
08:00:31,91282CKH3,TSRYS5774872,D,S,T,2024-04-16,1000000.00,4.948692,99.171875
08:00:31,91282CKH3,TSRYS5774872,D,S,T,2024-04-16,2000000.00,4.948692,99.171875
08:00:31,91282CKH3,TSRYS5774872,D,S,T,2024-04-16,1000000.00,4.948692,99.171875
08:00:31,91282CKH3,TSRYS5774872,D,S,T,2024-04-16,1000000.00,4.948692,99.171875
08:00:31,91282CKH3,TSRYS5774872,D,S,T,2024-04-16,1000000.00,4.948692,99.171875
08:00:31,91282CKH3,TSRYS5774872,D,S,T,2024-04-16,1000000.00,4.948692,99.171875
08:00:31,91282CKH3,TSRYS5774872,D,S,T,2024-04-16,1000000.00,4.948692,99.171875
08:00:31,91282CKH3,TSRYS5774872,D,S,T,2024-04-16,1000000.00,4.948692,99.171875
08:00:31,91282CKH3,TSRYS5774872,D,S,T,2024-04-16,1000000.00,4.948692,99.171875
08:00:31,91282CKH3,TSRYS5774872,D,S,T,2024-04-16,1000000.00,4.948692,99.171875
08:00:31,91282CKH3,TSRYS5774872,D,S,T,2024-04-16,1000000.00,4.948692,99.171875
08:00:31,91282CKH3,TSRYS5774872,D,S,T,2024-04-16,1000000.00,4.946559,99.17578125
08:00:31,91282CKH3,TSRYS5774872,D,S,T,2024-04-16,1000000.00,4.946559,99.17578125
08:00:31,91282CKH3,TSRYS5774872,D,S,T,2024-04-16,1000000.00,4.946559,99.17578125
08:00:31,91282CKH3,TSRYS5774872,D,S,T,2024-04-16,1000000.00,4.940161,99.1875
08:00:31,91282CKH3,TSRYS5774872,D,S,T,2024-04-16,2000000.00,4.939094,99.189453125
08:00:31,91282CKH3,TSRYS5774872,D,S,T,2024-04-16,2000000.00,4.935895,99.1953125
08:00:31,91282CKH3,TSRYS5774872,D,S,T,2024-04-16,1000000.00,4.936962,99.193359375
08:00:31,91282CKH3,TSRYS5774872,D,S,T,2024-04-16,1000000.00,4.939094,99.189453125
08:00:31,91282CKH3,TSRYS5774872,D,S,T,2024-04-16,2000000.00,4.939094,99.189453125
08:00:31,91282CKH3,TSRYS5774872,D,S,T,2024-04-16,1000000.00,4.938028,99.19140625
08:00:31,91282CKH3,TSRYS5774872,D,S,T,2024-04-16,1000000.00,4.939094,99.189453125
08:00:31,91282CKH3,TSRYS5774872,D,S,T,2024-04-16,1000000.00,4.939094,99.189453125
08:00:31,91282CKH3,TSRYS5774872,D,S,D,2024-04-16,1000000.00,4.939094,99.189453125
08:00:31,91282CKH3,TSRYS5774872,D,S,T,2024-04-16,1000000.00,4.940161,99.1875
08:00:31,91282CKH3,TSRYS5774872,D,S,D,2024-04-16,1000000.00,4.941227,99.185546875
08:00:31,91282CKH3,TSRYS5774872,D,S,T,2024-04-16,1000000.00,4.942293,99.18359375
08:00:31,91282CKH3,TSRYS5774872,D,S,T,2024-04-16,1000000.00,4.94336,99.181640625
08:00:31,91282CKH3,TSRYS5774872,D,S,T,2024-04-16,2000000.00,4.942293,99.18359375
08:00:31,91282CKH3,TSRYS5774872,D,S,T,2024-04-16,1000000.00,4.94336,99.181640625
08:00:31,91282CKH3,TSRYS5774872,D,S,T,2024-04-16,1000000.00,4.934829,99.197265625
08:00:31,91282CKH3,TSRYS5774872,D,S,T,2024-04-16,2000000.00,4.933763,99.19921875
08:00:31,91282CKH3,TSRYS5774872,D,S,T,2024-04-16,2000000.00,4.932697,99.201171875
08:00:31,91282CKH3,TSRYS5774872,D,S,T,2024-04-16,1000000.00,4.934829,99.197265625
08:00:31,91282CKH3,TSRYS5774872,D,S,T,2024-04-16,1000000.00,4.934829,99.197265625
08:00:31,91282CKH3,TSRYS5774872,D,S,T,2024-04-16,1000000.00,4.934829,99.197265625
08:00:31,91282CKH3,TSRYS5774872,D,S,T,2024-04-16,1000000.00,4.933763,99.19921875
08:00:31,91282CKH3,TSRYS5774872,D,S,T,2024-04-16,1000000.00,4.934829,99.197265625
08:00:31,91282CKH3,TSRYS5774872,D,S,T,2024-04-16,1000000.00,4.933763,99.19921875
08:00:31,91282CKH3,TSRYS5774872,D,S,T,2024-04-16,1000000.00,4.934829,99.197265625
08:00:31,91282CKH3,TSRYS5774872,D,S,T,2024-04-16,1000000.00,4.934829,99.197265625
08:00:31,91282CKH3,TSRYS5774872,D,S,T,2024-04-16,2000000.00,4.935895,99.1953125
08:00:31,91282CKH3,TSRYS5774872,D,S,T,2024-04-16,2000000.00,4.935895,99.1953125
08:00:31,91282CKH3,TSRYS5774872,D,S,T,2024-04-16,1000000.00,4.935895,99.1953125
08:00:31,91282CKH3,TSRYS5774872,D,S,T,2024-04-16,2000000.00,4.935895,99.1953125
08:00:31,91282CKH3,TSRYS5774872,D,S,T,2024-04-16,2000000.00,4.934829,99.197265625
08:00:31,91282CKH3,TSRYS5774872,D,S,T,2024-04-16,2000000.00,4.933763,99.19921875
08:00:31,91282CKH3,TSRYS5774872,D,S,T,2024-04-16,2000000.00,4.934829,99.197265625
08:00:31,91282CKH3,TSRYS5774872,D,S,T,2024-04-16,2000000.00,4.933763,99.19921875
08:00:31,91282CKH3,TSRYS5774872,D,S,T,2024-04-16,1000000.00,4.933763,99.19921875
08:00:31,91282CKH3,TSRYS5774872,D,S,T,2024-04-16,3000000.00,4.933763,99.19921875
08:00:31,91282CKH3,TSRYS5774872,D,S,T,2024-04-16,1000000.00,4.933763,99.19921875
08:00:31,91282CKH3,TSRYS5774872,D,S,T,2024-04-16,2000000.00,4.938028,99.19140625
08:00:31,91282CKH3,TSRYS5774872,D,S,T,2024-04-16,1000000.00,4.935895,99.1953125
08:00:31,91282CKH3,TSRYS5774872,D,S,T,2024-04-16,1000000.00,4.944426,99.1796875
08:00:31,91282CKH3,TSRYS5774872,D,S,T,2024-04-16,1000000.00,4.942293,99.18359375
08:00:31,91282CKH3,TSRYS5774872,D,S,T,2024-04-16,2000000.00,4.941227,99.185546875
08:00:31,91282CKH3,TSRYS5774872,D,S,T,2024-04-16,2000000.00,4.941227,99.185546875
08:00:31,91282CKH3,TSRYS5774872,D,S,T,2024-04-16,2000000.00,4.944426,99.1796875
08:00:31,91282CKH3,TSRYS5774872,D,S,T,2024-04-16,1000000.00,4.946559,99.17578125
08:00:31,91282CKH3,TSRYS5774872,D,S,T,2024-04-16,1000000.00,4.946559,99.17578125
08:00:31,91282CKH3,TSRYS5774872,D,S,T,2024-04-16,1000000.00,4.948692,99.171875
08:00:31,91282CKH3,TSRYS5774872,D,S,T,2024-04-16,1000000.00,4.948692,99.171875
08:00:31,91282CKH3,TSRYS5774872,D,S,T,2024-04-16,1000000.00,4.948692,99.171875
08:00:31,91282CKH3,TSRYS5774872,D,S,T,2024-04-16,1000000.00,4.950826,99.16796875
08:00:31,91282CKH3,TSRYS5774872,D,S,T,2024-04-16,2000000.00,4.950826,99.16796875
08:00:31,91282CKH3,TSRYS5774872,D,S,T,2024-04-16,1000000.00,4.950826,99.16796875
08:00:31,91282CKH3,TSRYS5774872,D,S,T,2024-04-16,1000000.00,4.946559,99.17578125
08:00:31,91282CKH3,TSRYS5774872,D,S,T,2024-04-16,1000000.00,4.948692,99.171875
08:00:31,91282CKH3,TSRYS5774872,D,S,T,2024-04-16,1000000.00,4.948692,99.171875
08:00:31,91282CKH3,TSRYS5774872,D,S,T,2024-04-16,2000000.00,4.948692,99.171875
08:00:31,91282CKH3,TSRYS5774872,D,S,T,2024-04-16,2000000.00,4.945493,99.177734375
08:00:31,91282CKH3,TSRYS5774872,D,S,T,2024-04-16,3000000.00,4.945493,99.177734375
08:00:31,91282CKH3,TSRYS5774872,D,S,T,2024-04-16,1000000.00,4.946559,99.17578125
08:00:31,91282CKH3,TSRYS5774872,D,S,T,2024-04-16,3000000.00,4.946559,99.17578125
08:00:31,91282CKH3,TSRYS5774872,D,S,T,2024-04-16,3000000.00,4.945493,99.177734375
08:00:31,91282CKH3,TSRYS5774872,D,S,T,2024-04-16,3000000.00,4.944426,99.1796875
08:00:31,91282CKH3,TSRYS5774872,D,S,T,2024-04-16,1000000.00,4.946559,99.17578125
08:00:31,91282CKH3,TSRYS5774872,D,S,T,2024-04-16,1000000.00,4.945493,99.177734375
08:00:31,91282CKH3,TSRYS5774872,D,S,T,2024-04-16,1000000.00,4.945493,99.177734375
08:00:31,91282CKH3,TSRYS5774872,D,S,T,2024-04-16,1000000.00,4.945493,99.177734375
08:00:31,91282CKH3,TSRYS5774872,D,S,T,2024-04-16,1000000.00,4.946559,99.17578125
08:00:31,91282CKH3,TSRYS5774872,D,S,T,2024-04-16,1000000.00,4.946559,99.17578125
08:00:31,91282CKH3,TSRYS5774872,D,S,T,2024-04-16,2000000.00,4.946559,99.17578125
08:00:31,91282CKH3,TSRYS5774872,D,S,T,2024-04-16,1000000.00,4.946559,99.17578125
08:00:31,91282CKH3,TSRYS5774872,D,S,T,2024-04-16,1000000.00,4.94336,99.181640625
08:00:31,91282CKH3,TSRYS5774872,D,S,T,2024-04-16,2000000.00,4.94336,99.181640625
08:00:31,91282CKH3,TSRYS5774872,D,S,T,2024-04-16,3000000.00,4.945493,99.177734375
08:00:31,91282CKH3,TSRYS5774872,D,S,T,2024-04-16,1000000.00,4.946559,99.17578125
08:00:31,91282CKH3,TSRYS5774872,D,S,T,2024-04-16,1000000.00,4.946559,99.17578125
08:00:31,91282CKH3,TSRYS5774872,D,S,T,2024-04-16,1000000.00,4.946559,99.17578125
08:00:31,91282CKH3,TSRYS5774872,D,S,T,2024-04-16,1000000.00,4.946559,99.17578125
08:00:31,91282CKH3,TSRYS5774872,D,S,T,2024-04-16,2000000.00,4.946559,99.17578125
08:00:31,91282CKH3,TSRYS5774872,D,S,T,2024-04-16,2000000.00,4.947626,99.173828125
08:00:31,91282CKH3,TSRYS5774872,D,S,T,2024-04-16,3000000.00,4.946559,99.17578125
08:00:31,91282CKH3,TSRYS5774872,D,S,T,2024-04-16,4000000.00,4.946559,99.17578125
08:00:31,91282CKH3,TSRYS5774872,D,S,T,2024-04-16,1000000.00,4.946559,99.17578125
08:00:31,91282CKH3,TSRYS5774872,D,S,T,2024-04-16,2000000.00,4.946559,99.17578125
08:00:31,91282CKH3,TSRYS5774872,D,S,T,2024-04-16,2000000.00,4.946559,99.17578125
08:00:31,91282CKH3,TSRYS5774872,D,S,T,2024-04-16,1000000.00,4.946559,99.17578125
08:00:31,91282CKH3,TSRYS5774872,D,S,T,2024-04-16,2000000.00,4.946559,99.17578125
08:00:31,91282CKH3,TSRYS5774872,D,S,T,2024-04-16,1000000.00,4.946559,99.17578125
08:00:31,91282CKH3,TSRYS5774872,D,S,T,2024-04-16,1000000.00,4.946559,99.17578125
08:00:31,91282CKH3,TSRYS5774872,D,S,T,2024-04-16,1000000.00,4.946559,99.17578125
08:00:31,91282CKH3,TSRYS5774872,D,S,T,2024-04-16,1000000.00,4.946559,99.17578125
08:00:31,91282CKH3,TSRYS5774872,D,S,T,2024-04-16,2000000.00,4.946559,99.17578125
08:00:31,91282CKH3,TSRYS5774872,D,S,T,2024-04-16,1000000.00,4.946559,99.17578125
08:00:31,91282CKH3,TSRYS5774872,D,S,T,2024-04-16,1000000.00,4.946559,99.17578125
08:00:31,91282CKH3,TSRYS5774872,D,S,T,2024-04-16,1000000.00,4.946559,99.17578125
08:00:31,91282CKH3,TSRYS5774872,D,S,T,2024-04-16,1000000.00,4.946559,99.17578125
08:00:31,91282CKH3,TSRYS5774872,D,S,T,2024-04-16,3000000.00,4.945493,99.177734375
08:00:31,91282CKH3,TSRYS5774872,D,S,T,2024-04-16,1000000.00,4.944426,99.1796875
08:00:31,91282CKH3,TSRYS5774872,D,S,T,2024-04-16,2000000.00,4.944426,99.1796875
08:00:31,91282CKH3,TSRYS5774872,D,S,T,2024-04-16,1000000.00,4.94336,99.181640625
08:00:31,91282CKH3,TSRYS5774872,D,S,T,2024-04-16,1000000.00,4.94336,99.181640625
08:00:31,91282CKH3,TSRYS5774872,D,S,T,2024-04-16,1000000.00,4.942293,99.18359375
08:00:31,91282CKH3,TSRYS5774872,D,S,D,2024-04-16,3000000.00,4.94336,99.181640625
08:00:31,91282CKH3,TSRYS5774872,D,B,A,2024-04-16,1200000.00,4.929498,99.207031
08:00:35,91282CKH3,TSRYS5774872,D,S,D,2024-04-16,3000000.00,4.94336,99.181640625
08:00:35,91282CKH3,TSRYS5774872,D,S,D,2024-04-16,3000000.00,4.94336,99.181640625
08:00:36,91282CKH3,TSRYS5774872,D,S,D,2024-04-16,2000000.00,4.946559,99.17578125
08:00:36,91282CKH3,TSRYS5774872,D,S,D,2024-04-16,5000000.00,4.946559,99.17578125
08:00:37,91282CKH3,TSRYS5774872,D,S,D,2024-04-16,1000000.00,4.946559,99.17578125
08:00:40,91282CKH3,TSRYS5774872,D,S,A,2024-04-16,4393000.00,4.925234,99.21484375
08:00:41,91282CKH3,TSRYS5774872,D,S,D,2024-04-16,5000000.00,4.946559,99.17578125
08:00:41,91282CKH3,TSRYS5774872,D,S,D,2024-04-16,10000000.00,4.946559,99.17578125
08:00:41,91282CKH3,TSRYS5774872,D,S,D,2024-04-16,1000000.00,4.946559,99.17578125
08:00:41,91282CKH3,TSRYS5774872,D,S,D,2024-04-16,2000000.00,4.946559,99.17578125
08:00:41,91282CKH3,TSRYS5774872,D,S,D,2024-04-16,1000000.00,4.946559,99.17578125
08:00:41,91282CKH3,TSRYS5774872,D,S,D,2024-04-16,30000000.00,4.946559,99.17578125
08:00:41,91282CKH3,TSRYS5774872,D,B,A,2024-04-16,2000000.00,4.927366,99.2109375
08:00:41,91282CKH3,TSRYS5774872,D,S,D,2024-04-16,1000000.00,4.928432,99.208984375
08:00:41,91282CKH3,TSRYS5774872,D,S,A,2024-04-16,7500000.00,4.927366,99.210938
08:00:41,91282CKH3,TSRYS5774872,D,S,C,2024-04-16,245000.00,4.942293,99.18359375
08:00:42,91282CKH3,TSRYS5774872,D,S,D,2024-04-16,3000000.00,4.94336,99.181640625
08:00:42,91282CKH3,TSRYS5774872,D,B,A,2024-04-16,740000.00,4.927366,99.2109375
08:00:42,91282CKH3,TSRYS5774872,D,S,T,2024-04-16,1000000.00,4.927366,99.2109375
08:00:42,91282CKH3,TSRYS5774872,D,B,A,2024-04-16,7840000.00,4.929498,99.20703125
08:00:42,91282CKH3,TSRYS5774872,D,S,D,2024-04-16,2000000.00,4.928432,99.208984375
08:00:42,91282CKH3,TSRYS5774872,D,S,T,2024-04-16,1000000.00,4.925234,99.21484375
08:00:43,91282CKH3,TSRYS5774872,D,S,T,2024-04-16,1000000.00,4.925234,99.21484375
08:00:43,91282CKH3,TSRYS5774872,D,S,T,2024-04-16,1000000.00,4.925234,99.21484375
08:00:43,91282CKH3,TSRYS5774872,D,S,T,2024-04-16,1000000.00,4.925234,99.21484375
08:00:43,91282CKH3,TSRYS5774872,D,S,T,2024-04-16,1000000.00,4.925234,99.21484375
08:00:43,91282CKH3,TSRYS5774872,D,S,T,2024-04-16,5000000.00,4.925234,99.21484375
08:00:43,91282CKH3,TSRYS5774872,D,S,T,2024-04-16,1000000.00,4.925234,99.21484375
08:00:43,91282CKH3,TSRYS5774872,D,S,D,2024-04-16,2000000.00,4.942293,99.18359375
08:00:43,91282CKH3,TSRYS5774872,D,S,T,2024-04-16,1000000.00,4.925234,99.21484375
08:00:43,91282CKH3,TSRYS5774872,D,S,T,2024-04-16,1000000.00,4.925234,99.21484375
08:00:43,91282CKH3,TSRYS5774872,D,S,T,2024-04-16,1000000.00,4.925234,99.21484375
08:00:43,91282CKH3,TSRYS5774872,D,S,T,2024-04-16,2000000.00,4.925234,99.21484375
08:00:43,91282CKH3,TSRYS5774872,D,S,T,2024-04-16,1000000.00,4.925234,99.21484375
08:00:43,91282CKH3,TSRYS5774872,D,S,T,2024-04-16,1000000.00,4.925234,99.21484375
08:00:43,91282CKH3,TSRYS5774872,D,S,T,2024-04-16,1000000.00,4.925234,99.21484375
08:00:43,91282CKH3,TSRYS5774872,D,S,T,2024-04-16,1000000.00,4.925234,99.21484375
08:00:43,91282CKH3,TSRYS5774872,D,S,T,2024-04-16,1000000.00,4.925234,99.21484375
08:00:43,91282CKH3,TSRYS5774872,D,S,T,2024-04-16,1000000.00,4.925234,99.21484375
08:00:43,91282CKH3,TSRYS5774872,D,S,T,2024-04-16,1000000.00,4.925234,99.21484375
08:00:43,91282CKH3,TSRYS5774872,D,S,T,2024-04-16,1000000.00,4.925234,99.21484375
08:00:43,91282CKH3,TSRYS5774872,D,S,T,2024-04-16,1000000.00,4.925234,99.21484375
08:00:43,91282CKH3,TSRYS5774872,D,B,A,2024-04-16,5000000.00,4.93163,99.203125
08:00:43,91282CKH3,TSRYS5774872,D,S,T,2024-04-16,1000000.00,4.934829,99.197265625
08:00:43,91282CKH3,TSRYS5774872,D,S,T,2024-04-16,2000000.00,4.934829,99.197265625
08:00:43,91282CKH3,TSRYS5774872,D,S,D,2024-04-16,1000000.00,4.934829,99.197265625
08:00:43,91282CKH3,TSRYS5774872,D,S,A,2024-04-16,5000000.00,4.933763,99.19921875
08:00:43,91282CKH3,TSRYS5774872,D,S,T,2024-04-16,1000000.00,4.925234,99.21484375
08:00:43,91282CKH3,TSRYS5774872,D,S,T,2024-04-16,1000000.00,4.925234,99.21484375
08:00:43,91282CKH3,TSRYS5774872,D,S,T,2024-04-16,1000000.00,4.925234,99.21484375
08:00:43,91282CKH3,TSRYS5774872,D,S,T,2024-04-16,2000000.00,4.925234,99.21484375
08:00:43,91282CKH3,TSRYS5774872,D,S,T,2024-04-16,1000000.00,4.923102,99.21875
08:00:43,91282CKH3,TSRYS5774872,D,S,T,2024-04-16,1000000.00,4.92529,99.21474175
08:00:43,91282CKH3,TSRYS5774872,D,S,T,2024-04-16,1000000.00,4.923102,99.21875
08:00:43,91282CKH3,TSRYS5774872,D,S,A,2024-04-16,82000000.00,4.946559,99.17578125
08:00:43,91282CKH3,TSRYS5774872,D,S,T,2024-04-16,1000000.00,4.944426,99.1796875
08:00:43,91282CKH3,TSRYS5774872,D,S,T,2024-04-16,1000000.00,4.944426,99.1796875
08:00:43,91282CKH3,TSRYS5774872,D,S,T,2024-04-16,1000000.00,4.944426,99.1796875
08:00:43,91282CKH3,TSRYS5774872,D,S,T,2024-04-16,1000000.00,4.925234,99.21484375
08:00:43,91282CKH3,TSRYS5774872,D,S,T,2024-04-16,1000000.00,4.944426,99.1796875
08:00:44,91282CKH3,TSRYS5774872,D,S,T,2024-04-16,1000000.00,4.918838,99.2265625
08:00:44,91282CKH3,TSRYS5774872,D,S,T,2024-04-16,1000000.00,4.92097,99.22265625
08:00:44,91282CKH3,TSRYS5774872,D,S,T,2024-04-16,1000000.00,4.92097,99.22265625
08:00:44,91282CKH3,TSRYS5774872,D,S,C,2024-04-16,200000.00,4.92097,99.22265625
08:00:44,91282CKH3,TSRYS5774872,D,B,C,2024-04-16,3100000.00,4.923102,99.21875
08:00:44,91282CKH3,TSRYS5774872,D,S,A,2024-04-16,2527000.00,4.92097,99.22265625
08:00:44,91282CKH3,TSRYS5774872,D,S,T,2024-04-16,1000000.00,4.925234,99.21484375
08:00:44,91282CKH3,TSRYS5774872,D,S,A,2024-04-16,640000.00,4.927366,99.2109375
08:00:44,91282CKH3,TSRYS5774872,D,S,T,2024-04-16,1000000.00,4.924168,99.216796875
08:00:44,91282CKH3,TSRYS5774872,D,S,T,2024-04-16,1000000.00,4.925234,99.21484375
08:00:44,91282CKH3,TSRYS5774872,D,S,A,2024-04-16,2200000.00,4.938028,99.19140625
08:00:44,91282CKH3,TSRYS5774872,D,B,A,2024-04-16,250MM+,4.944426,99.1796875
08:00:44,91282CKH3,TSRYS5774872,D,S,D,2024-04-16,1000000.00,4.94336,99.181640625
08:00:44,91282CKH3,TSRYS5774872,D,S,T,2024-04-16,1000000.00,4.944426,99.1796875
08:00:44,91282CKH3,TSRYS5774872,D,S,T,2024-04-16,2000000.00,4.944426,99.1796875
08:00:44,91282CKH3,TSRYS5774872,D,S,T,2024-04-16,2000000.00,4.944426,99.1796875
08:00:44,91282CKH3,TSRYS5774872,D,S,T,2024-04-16,3000000.00,4.945493,99.177734375
08:00:44,91282CKH3,TSRYS5774872,D,B,C,2024-04-16,3000000.00,4.944426,99.1796875
08:00:44,91282CKH3,TSRYS5774872,D,S,D,2024-04-16,245000.00,4.942293,99.18359375
08:00:44,91282CKH3,TSRYS5774872,D,S,T,2024-04-16,1000000.00,4.938028,99.19140625
08:00:44,91282CKH3,TSRYS5774872,D,S,T,2024-04-16,4000000.00,4.938028,99.19140625
08:00:44,91282CKH3,TSRYS5774872,D,S,T,2024-04-16,1000000.00,4.938028,99.19140625
08:00:44,91282CKH3,TSRYS5774872,D,S,A,2024-04-16,19000000.00,4.938549,99.19140625
08:00:44,91282CKH3,TSRYS5774872,D,S,C,2024-04-16,1000000.00,4.933763,99.19921875
08:00:44,91282CKH3,TSRYS5774872,D,S,A,2024-04-16,7500000.00,4.933763,99.19921875
08:00:44,91282CKH3,TSRYS5774872,D,S,T,2024-04-16,1000000.00,4.934829,99.197265625
08:00:44,91282CKH3,TSRYS5774872,D,S,T,2024-04-16,1000000.00,4.934829,99.197265625
08:00:44,91282CKH3,TSRYS5774872,D,S,T,2024-04-16,1000000.00,4.933763,99.19921875
08:00:44,91282CKH3,TSRYS5774872,D,S,T,2024-04-16,1000000.00,4.934829,99.197265625
08:00:44,91282CKH3,TSRYS5774872,D,S,T,2024-04-16,10000000.00,4.939094,99.189453125
08:00:44,91282CKH3,TSRYS5774872,D,S,A,2024-04-16,7000000.00,4.938028,99.19140625
08:00:44,91282CKH3,TSRYS5774872,D,S,C,2024-04-16,12500000.00,4.944426,99.1796875
08:00:44,91282CKH3,TSRYS5774872,D,S,D,2024-04-16,3000000.00,4.94336,99.181640625
08:00:44,91282CKH3,TSRYS5774872,D,S,A,2024-04-16,1600000.00,4.944426,99.1796875
08:00:44,91282CKH3,TSRYS5774872,D,S,T,2024-04-16,10000000.00,4.942293,99.18359375
08:00:44,91282CKH3,TSRYS5774872,D,S,T,2024-04-16,1000000.00,4.929498,99.20703125
08:00:44,91282CKH3,TSRYS5774872,D,S,D,2024-04-16,1000000.00,4.925234,99.21484375
08:00:44,91282CKH3,TSRYS5774872,D,S,D,2024-04-16,1000000.00,4.925234,99.21484375
08:00:44,91282CKH3,TSRYS5774872,D,S,C,2024-04-16,11000000.00,4.948692,99.171875
08:00:44,91282CKH3,TSRYS5774872,D,S,T,2024-04-16,1000000.00,4.951892,99.166015625
08:00:44,91282CKH3,TSRYS5774872,D,S,D,2024-04-16,1000000.00,4.924168,99.216796875
08:00:44,91282CKH3,TSRYS5774872,D,S,D,2024-04-16,1000000.00,4.924168,99.216796875
08:00:44,91282CKH3,TSRYS5774872,D,S,T,2024-04-16,1000000.00,4.924168,99.216796875
08:00:44,91282CKH3,TSRYS5774872,D,S,T,2024-04-16,1000000.00,4.924168,99.216796875
08:00:45,91282CKH3,TSRYS5774872,D,S,T,2024-04-16,1000000.00,4.923102,99.21875
08:00:45,91282CKH3,TSRYS5774872,D,S,T,2024-04-16,1000000.00,4.946559,99.17578125
08:00:45,91282CKH3,TSRYS5774872,D,B,A,2024-04-16,1000000.00,4.946559,99.17578125
08:00:45,91282CKH3,TSRYS5774872,D,S,T,2024-04-16,1000000.00,4.946559,99.17578125
08:00:45,91282CKH3,TSRYS5774872,D,S,D,2024-04-16,4000000.00,4.946559,99.17578125
08:00:45,91282CKH3,TSRYS5774872,D,S,T,2024-04-16,1000000.00,4.917773,99.228515625
08:00:45,91282CKH3,TSRYS5774872,D,S,A,2024-04-16,300000.00,4.946559,99.17578125
08:00:45,91282CKH3,TSRYS5774872,D,S,T,2024-04-16,1000000.00,4.918838,99.2265625
08:00:45,91282CKH3,TSRYS5774872,D,S,T,2024-04-16,1000000.00,4.918838,99.2265625
08:00:45,91282CKH3,TSRYS5774872,D,S,T,2024-04-16,1000000.00,4.946559,99.17578125
08:00:45,91282CKH3,TSRYS5774872,D,S,T,2024-04-16,1000000.00,4.922036,99.220703125
08:00:45,91282CKH3,TSRYS5774872,D,S,T,2024-04-16,1000000.00,4.927366,99.2109375
08:00:45,91282CKH3,TSRYS5774872,D,S,T,2024-04-16,1000000.00,4.927366,99.2109375
08:00:45,91282CKH3,TSRYS5774872,D,S,T,2024-04-16,6450000.00,4.974298,99.125
08:00:45,91282CKH3,TSRYS5774872,D,S,T,2024-04-16,1000000.00,4.925234,99.21484375
08:00:45,91282CKH3,TSRYS5774872,D,S,T,2024-04-16,1000000.00,4.925234,99.21484375
08:00:45,91282CKH3,TSRYS5774872,D,S,C,2024-04-16,25000000.00,4.944426,99.1796875
08:00:45,91282CKH3,TSRYS5774872,D,S,D,2024-04-16,1000000.00,4.925234,99.21484375
08:00:45,91282CKH3,TSRYS5774872,D,S,T,2024-04-16,1000000.00,4.925234,99.21484375
08:00:45,91282CKH3,TSRYS5774872,D,S,D,2024-04-16,1000000.00,4.925234,99.21484375
08:00:45,91282CKH3,TSRYS5774872,D,S,D,2024-04-16,1000000.00,4.925234,99.21484375
08:00:45,91282CKH3,TSRYS5774872,D,S,T,2024-04-16,1000000.00,4.928432,99.208984375
08:00:45,91282CKH3,TSRYS5774872,D,S,T,2024-04-16,1000000.00,4.928432,99.208984375
08:00:45,91282CKH3,TSRYS5774872,D,S,T,2024-04-16,1000000.00,4.930564,99.205078125
08:00:45,91282CKH3,TSRYS5774872,D,S,D,2024-04-16,1000000.00,4.945493,99.177734375
08:00:45,91282CKH3,TSRYS5774872,D,S,T,2024-04-16,1000000.00,4.944426,99.1796875
08:00:45,91282CKH3,TSRYS5774872,D,S,T,2024-04-16,1000000.00,4.944426,99.1796875
08:00:45,91282CKH3,TSRYS5774872,D,S,T,2024-04-16,1000000.00,4.944426,99.1796875
08:00:45,91282CKH3,TSRYS5774872,D,S,C,2024-04-16,750000.00,4.948692,99.171875
08:00:45,91282CKH3,TSRYS5774872,D,S,C,2024-04-16,245000.00,4.944426,99.1796875
08:00:45,91282CKH3,TSRYS5774872,D,S,T,2024-04-16,1000000.00,4.941227,99.185546875
08:00:45,91282CKH3,TSRYS5774872,D,S,T,2024-04-16,1000000.00,4.939094,99.189453125
08:00:45,91282CKH3,TSRYS5774872,D,S,T,2024-04-16,1000000.00,4.940161,99.1875
08:00:45,91282CKH3,TSRYS5774872,D,S,T,2024-04-16,1000000.00,4.934829,99.197265625
08:00:45,91282CKH3,TSRYS5774872,D,S,T,2024-04-16,1000000.00,4.934829,99.197265625
08:00:45,91282CKH3,TSRYS5774872,D,S,T,2024-04-16,1000000.00,4.934829,99.197265625
08:00:45,91282CKH3,TSRYS5774872,D,S,T,2024-04-16,1000000.00,4.933763,99.19921875
08:00:45,91282CKH3,TSRYS5774872,D,S,T,2024-04-16,1000000.00,4.933763,99.19921875
08:00:45,91282CKH3,TSRYS5774872,D,S,T,2024-04-16,1000000.00,4.933763,99.19921875
08:00:45,91282CKH3,TSRYS5774872,D,S,T,2024-04-16,1000000.00,4.934829,99.197265625
08:00:45,91282CKH3,TSRYS5774872,D,S,T,2024-04-16,1000000.00,4.934829,99.197265625
08:00:45,91282CKH3,TSRYS5774872,D,S,T,2024-04-16,1000000.00,4.934829,99.197265625
08:00:45,91282CKH3,TSRYS5774872,D,S,T,2024-04-16,1000000.00,4.933763,99.19921875
08:00:45,91282CKH3,TSRYS5774872,D,S,T,2024-04-16,1000000.00,4.933763,99.19921875
08:00:45,91282CKH3,TSRYS5774872,D,S,T,2024-04-16,1000000.00,4.933763,99.19921875
08:00:45,91282CKH3,TSRYS5774872,D,S,T,2024-04-16,1000000.00,4.934829,99.197265625
08:00:45,91282CKH3,TSRYS5774872,D,S,T,2024-04-16,1000000.00,4.934829,99.197265625
08:00:45,91282CKH3,TSRYS5774872,D,S,T,2024-04-16,1000000.00,4.934829,99.197265625
08:00:45,91282CKH3,TSRYS5774872,D,S,T,2024-04-16,1000000.00,4.933763,99.19921875
08:00:45,91282CKH3,TSRYS5774872,D,S,T,2024-04-16,1000000.00,4.933763,99.19921875
08:00:45,91282CKH3,TSRYS5774872,D,S,T,2024-04-16,1000000.00,4.933763,99.19921875
08:00:45,91282CKH3,TSRYS5774872,D,S,T,2024-04-16,1000000.00,4.935895,99.1953125
08:00:45,91282CKH3,TSRYS5774872,D,S,T,2024-04-16,1000000.00,4.936962,99.193359375
08:00:45,91282CKH3,TSRYS5774872,D,S,T,2024-04-16,3000000.00,4.94336,99.181640625
08:00:45,91282CKH3,TSRYS5774872,D,S,T,2024-04-16,1000000.00,4.945493,99.177734375
08:00:45,91282CKH3,TSRYS5774872,D,S,T,2024-04-16,1000000.00,4.947626,99.173828125
08:00:45,91282CKH3,TSRYS5774872,D,S,T,2024-04-16,1000000.00,4.941227,99.185546875
08:00:46,91282CKH3,TSRYS5774872,D,S,T,2024-04-16,1000000.00,4.929498,99.20703125
08:00:46,91282CKH3,TSRYS5774872,D,S,T,2024-04-16,1000000.00,4.950826,99.16796875
08:00:46,91282CKH3,TSRYS5774872,D,S,T,2024-04-16,1000000.00,4.946559,99.17578125
08:00:46,91282CKH3,TSRYS5774872,D,S,T,2024-04-16,1000000.00,4.946559,99.17578125
08:00:46,91282CKH3,TSRYS5774872,D,S,T,2024-04-16,1000000.00,4.947626,99.173828125
08:00:46,91282CKH3,TSRYS5774872,D,S,T,2024-04-16,1000000.00,4.948692,99.171875
08:00:46,91282CKH3,TSRYS5774872,D,S,T,2024-04-16,1000000.00,4.948692,99.171875
08:00:46,91282CKH3,TSRYS5774872,D,S,T,2024-04-16,1000000.00,4.949759,99.169921875
08:00:46,91282CKH3,TSRYS5774872,D,S,T,2024-04-16,1000000.00,4.951892,99.166015625
08:00:46,91282CKH3,TSRYS5774872,D,S,D,2024-04-16,1000000.00,4.951892,99.166015625
08:00:46,91282CKH3,TSRYS5774872,D,S,D,2024-04-16,1000000.00,4.951892,99.166015625
08:00:46,91282CKH3,TSRYS5774872,D,S,T,2024-04-16,1000000.00,4.951892,99.166015625
08:00:46,91282CKH3,TSRYS5774872,D,S,T,2024-04-16,1000000.00,4.951892,99.166015625
08:00:46,91282CKH3,TSRYS5774872,D,S,T,2024-04-16,1000000.00,4.950826,99.16796875
08:00:46,91282CKH3,TSRYS5774872,D,S,T,2024-04-16,1000000.00,4.948692,99.171875
08:00:46,91282CKH3,TSRYS5774872,D,S,T,2024-04-16,1000000.00,4.949759,99.169921875
08:00:46,91282CKH3,TSRYS5774872,D,S,T,2024-04-16,1000000.00,4.944426,99.1796875
08:00:46,91282CKH3,TSRYS5774872,D,S,D,2024-04-16,1000000.00,4.944426,99.1796875
08:00:46,91282CKH3,TSRYS5774872,D,S,T,2024-04-16,1000000.00,4.946559,99.17578125
08:00:46,91282CKH3,TSRYS5774872,D,S,T,2024-04-16,1000000.00,4.946559,99.17578125
08:00:46,91282CKH3,TSRYS5774872,D,S,T,2024-04-16,1000000.00,4.949759,99.169921875
08:00:46,91282CKH3,TSRYS5774872,D,S,T,2024-04-16,1000000.00,4.945493,99.177734375
08:00:46,91282CKH3,TSRYS5774872,D,S,T,2024-04-16,1000000.00,4.942293,99.18359375
08:00:46,91282CKH3,TSRYS5774872,D,S,T,2024-04-16,1000000.00,4.946559,99.17578125
08:00:46,91282CKH3,TSRYS5774872,D,S,T,2024-04-16,1000000.00,4.946559,99.17578125
08:00:47,91282CKH3,TSRYS5774872,D,S,T,2024-04-16,3000000.00,4.928432,99.208984375
08:00:47,91282CKH3,TSRYS5774872,D,S,D,2024-04-16,2000000.00,4.925234,99.21484375
08:00:47,91282CKH3,TSRYS5774872,D,S,T,2024-04-16,1000000.00,4.946559,99.17578125
08:00:47,91282CKH3,TSRYS5774872,D,S,T,2024-04-16,1000000.00,4.923102,99.21875
08:00:47,91282CKH3,TSRYS5774872,D,S,T,2024-04-16,1000000.00,4.925234,99.21484375
08:00:47,91282CKH3,TSRYS5774872,D,S,T,2024-04-16,1000000.00,4.925234,99.21484375
08:00:47,91282CKH3,TSRYS5774872,D,S,T,2024-04-16,1000000.00,4.925234,99.21484375
08:00:47,91282CKH3,TSRYS5774872,D,S,T,2024-04-16,1000000.00,4.925234,99.21484375
08:00:47,91282CKH3,TSRYS5774872,D,S,T,2024-04-16,1000000.00,4.925234,99.21484375
08:00:47,91282CKH3,TSRYS5774872,D,S,T,2024-04-16,1000000.00,4.925234,99.21484375
08:00:47,91282CKH3,TSRYS5774872,D,S,T,2024-04-16,1000000.00,4.925234,99.21484375
08:00:47,91282CKH3,TSRYS5774872,D,S,T,2024-04-16,1000000.00,4.925234,99.21484375
08:00:47,91282CKH3,TSRYS5774872,D,S,T,2024-04-16,1000000.00,4.925234,99.21484375
08:00:47,91282CKH3,TSRYS5774872,D,S,T,2024-04-16,1000000.00,4.925234,99.21484375
08:00:47,91282CKH3,TSRYS5774872,D,S,T,2024-04-16,1000000.00,4.925234,99.21484375
08:00:47,91282CKH3,TSRYS5774872,D,S,T,2024-04-16,1000000.00,4.925234,99.21484375
08:00:47,91282CKH3,TSRYS5774872,D,S,T,2024-04-16,1000000.00,4.925234,99.21484375
08:00:47,91282CKH3,TSRYS5774872,D,S,T,2024-04-16,1000000.00,4.925234,99.21484375
08:00:47,91282CKH3,TSRYS5774872,D,S,T,2024-04-16,1000000.00,4.925234,99.21484375
08:00:47,91282CKH3,TSRYS5774872,D,S,T,2024-04-16,1000000.00,4.925234,99.21484375
08:00:47,91282CKH3,TSRYS5774872,D,S,T,2024-04-16,1000000.00,4.925234,99.21484375
08:00:47,91282CKH3,TSRYS5774872,D,S,T,2024-04-16,1000000.00,4.925234,99.21484375
08:00:47,91282CKH3,TSRYS5774872,D,S,T,2024-04-16,1000000.00,4.925234,99.21484375
08:00:47,91282CKH3,TSRYS5774872,D,S,T,2024-04-16,1000000.00,4.925234,99.21484375
08:00:47,91282CKH3,TSRYS5774872,D,S,T,2024-04-16,1000000.00,4.946559,99.17578125
08:00:47,91282CKH3,TSRYS5774872,D,S,A,2024-04-16,682000.00,4.92097,99.22265625
08:00:47,91282CKH3,TSRYS5774872,D,S,T,2024-04-16,1000000.00,4.946559,99.17578125
08:00:47,91282CKH3,TSRYS5774872,D,S,T,2024-04-16,1000000.00,4.946559,99.17578125
08:00:47,91282CKH3,TSRYS5774872,D,S,D,2024-04-16,1000000.00,4.930564,99.205078125
08:00:47,91282CKH3,TSRYS5774872,D,S,D,2024-04-16,1000000.00,4.934829,99.197265625
08:00:47,91282CKH3,TSRYS5774872,D,S,T,2024-04-16,1000000.00,4.944426,99.1796875
08:00:47,91282CKH3,TSRYS5774872,D,S,T,2024-04-16,1000000.00,4.944426,99.1796875
08:00:48,91282CKH3,TSRYS5774872,D,S,T,2024-04-16,1000000.00,4.944426,99.1796875
08:00:48,91282CKH3,TSRYS5774872,D,S,T,2024-04-16,1000000.00,4.944426,99.1796875
08:00:48,91282CKH3,TSRYS5774872,D,S,T,2024-04-16,1000000.00,4.944426,99.1796875
08:00:48,91282CKH3,TSRYS5774872,D,S,T,2024-04-16,1000000.00,4.944426,99.1796875
08:00:48,91282CKH3,TSRYS5774872,D,S,D,2024-04-16,1000000.00,4.94336,99.181640625
08:00:48,91282CKH3,TSRYS5774872,D,S,D,2024-04-16,1000000.00,4.945493,99.177734375
08:00:48,91282CKH3,TSRYS5774872,D,S,D,2024-04-16,1000000.00,4.945493,99.177734375
08:00:48,91282CKH3,TSRYS5774872,D,S,D,2024-04-16,1000000.00,4.946559,99.17578125
08:00:48,91282CKH3,TSRYS5774872,D,S,D,2024-04-16,750000.00,4.948692,99.171875
08:00:48,91282CKH3,TSRYS5774872,D,S,D,2024-04-16,245000.00,4.944426,99.1796875
08:00:48,91282CKH3,TSRYS5774872,D,B,A,2024-04-16,1000000.00,4.925234,99.21484375
08:00:49,91282CKH3,TSRYS5774872,D,S,D,2024-04-16,234000000.00,4.942143,99.18387
08:00:49,91282CKH3,TSRYS5774872,D,S,T,2024-04-16,1000000.00,4.946559,99.17578125
08:00:49,91282CKH3,TSRYS5774872,D,S,T,2024-04-16,1000000.00,4.946559,99.17578125
08:00:49,91282CKH3,TSRYS5774872,D,S,T,2024-04-16,1000000.00,4.946559,99.17578125
08:00:49,91282CKH3,TSRYS5774872,D,S,T,2024-04-16,2000000.00,4.935895,99.1953125
08:00:49,91282CKH3,TSRYS5774872,D,S,T,2024-04-16,1000000.00,4.935895,99.1953125
08:00:49,91282CKH3,TSRYS5774872,D,S,T,2024-04-16,1000000.00,4.935895,99.1953125
08:00:49,91282CKH3,TSRYS5774872,D,S,T,2024-04-16,1000000.00,4.935895,99.1953125
08:00:50,91282CKH3,TSRYS5774872,D,S,T,2024-04-16,1000000.00,4.935895,99.1953125
08:00:50,91282CKH3,TSRYS5774872,D,S,T,2024-04-16,1000000.00,4.935895,99.1953125
08:00:50,91282CKH3,TSRYS5774872,D,S,T,2024-04-16,1000000.00,4.948747,99.171775
08:00:50,91282CKH3,TSRYS5774872,D,S,T,2024-04-16,2000000.00,4.946614,99.17568125
08:00:50,91282CKH3,TSRYS5774872,D,B,A,2024-04-16,7000000.00,4.946559,99.17578125
08:00:50,91282CKH3,TSRYS5774872,D,S,T,2024-04-16,1000000.00,4.946559,99.17578125
08:00:50,91282CKH3,TSRYS5774872,D,S,T,2024-04-16,4000000.00,4.946559,99.17578125
08:00:50,91282CKH3,TSRYS5774872,D,S,T,2024-04-16,1000000.00,4.946559,99.17578125
08:00:50,91282CKH3,TSRYS5774872,D,S,T,2024-04-16,1000000.00,4.946614,99.17568125
08:00:50,91282CKH3,TSRYS5774872,D,S,T,2024-04-16,2000000.00,4.946614,99.17568125
08:00:50,91282CKH3,TSRYS5774872,D,S,T,2024-04-16,2000000.00,4.946614,99.17568125
08:00:50,91282CKH3,TSRYS5774872,D,S,T,2024-04-16,1000000.00,4.946614,99.17568125
08:00:50,91282CKH3,TSRYS5774872,D,S,T,2024-04-16,1000000.00,4.946559,99.17578125
08:00:50,91282CKH3,TSRYS5774872,D,S,T,2024-04-16,2000000.00,4.946559,99.17578125
08:00:50,91282CKH3,TSRYS5774872,D,S,T,2024-04-16,1000000.00,4.945547,99.177634375
08:00:50,91282CKH3,TSRYS5774872,D,S,T,2024-04-16,2000000.00,4.945547,99.177634375
08:00:50,91282CKH3,TSRYS5774872,D,S,T,2024-04-16,1000000.00,4.946559,99.17578125
08:00:50,91282CKH3,TSRYS5774872,D,S,T,2024-04-16,1000000.00,4.946559,99.17578125
08:00:50,91282CKH3,TSRYS5774872,D,S,T,2024-04-16,2000000.00,4.946559,99.17578125
08:00:50,91282CKH3,TSRYS5774872,D,S,T,2024-04-16,1000000.00,4.946614,99.17568125
08:00:50,91282CKH3,TSRYS5774872,D,S,T,2024-04-16,1000000.00,4.946614,99.17568125
08:00:50,91282CKH3,TSRYS5774872,D,S,T,2024-04-16,1000000.00,4.946614,99.17568125
08:00:50,91282CKH3,TSRYS5774872,D,S,A,2024-04-16,500000.00,4.946559,99.17578125
08:00:50,91282CKH3,TSRYS5774872,D,S,T,2024-04-16,1000000.00,4.945493,99.177734375
08:00:50,91282CKH3,TSRYS5774872,D,S,T,2024-04-16,1000000.00,4.944481,99.1795875
08:00:50,91282CKH3,TSRYS5774872,D,S,T,2024-04-16,1000000.00,4.946559,99.17578125
08:00:51,91282CKH3,TSRYS5774872,D,B,A,2024-04-16,16384500.00,4.952959,99.1640625
08:00:51,91282CKH3,TSRYS5774872,D,S,T,2024-04-16,1000000.00,4.950826,99.16796875
08:00:51,91282CKH3,TSRYS5774872,D,S,T,2024-04-16,1000000.00,4.946559,99.17578125
08:00:52,91282CKH3,TSRYS5774872,D,S,D,2024-04-16,1000000.00,4.949759,99.169921875
08:00:52,91282CKH3,TSRYS5774872,D,S,D,2024-04-16,50000000.00,4.946559,99.17578125
08:00:52,91282CKH3,TSRYS5774872,D,S,T,2024-04-16,1000000.00,4.946559,99.17578125
08:00:52,91282CKH3,TSRYS5774872,D,S,T,2024-04-16,1000000.00,4.946559,99.17578125
08:00:53,91282CKH3,TSRYS5774872,D,S,A,2024-04-16,3600000.00,4.919334,99.2265625
08:00:53,91282CKH3,TSRYS5774872,D,B,A,2024-04-16,4400000.00,4.92097,99.22265625
08:00:54,91282CKH3,TSRYS5774872,D,S,D,2024-04-16,3000000.00,4.945493,99.177734375
08:00:54,91282CKH3,TSRYS5774872,D,S,D,2024-04-16,3000000.00,4.944426,99.1796875
08:00:54,91282CKH3,TSRYS5774872,D,S,T,2024-04-16,3000000.00,4.94336,99.181640625
08:00:54,91282CKH3,TSRYS5774872,D,S,D,2024-04-16,1000000.00,4.94336,99.181640625
08:00:54,91282CKH3,TSRYS5774872,D,S,D,2024-04-16,1000000.00,4.94336,99.181640625
08:00:54,91282CKH3,TSRYS5774872,D,S,D,2024-04-16,1000000.00,4.94336,99.181640625
08:00:54,91282CKH3,TSRYS5774872,D,S,T,2024-04-16,3000000.00,4.946559,99.17578125
08:00:54,91282CKH3,TSRYS5774872,D,S,T,2024-04-16,1000000.00,4.946559,99.17578125
08:00:54,91282CKH3,TSRYS5774872,D,S,D,2024-04-16,1000000.00,4.934829,99.197265625
08:00:54,91282CKH3,TSRYS5774872,D,S,T,2024-04-16,1000000.00,4.934829,99.197265625
08:00:55,91282CKH3,TSRYS5774872,D,S,T,2024-04-16,1000000.00,4.935895,99.1953125
08:00:55,91282CKH3,TSRYS5774872,D,S,T,2024-04-16,1000000.00,4.935895,99.1953125
08:00:55,91282CKH3,TSRYS5774872,D,S,T,2024-04-16,1000000.00,4.935895,99.1953125
08:00:55,91282CKH3,TSRYS5774872,D,S,T,2024-04-16,1000000.00,4.935895,99.1953125
08:00:55,91282CKH3,TSRYS5774872,D,S,T,2024-04-16,1000000.00,4.935895,99.1953125
08:00:55,91282CKH3,TSRYS5774872,D,B,A,2024-04-16,197000.00,4.92097,99.22265625
08:00:55,91282CKH3,TSRYS5774872,D,S,D,2024-04-16,7000000.00,4.940161,99.1875
08:00:55,91282CKH3,TSRYS5774872,D,B,C,2024-04-16,1600000.00,4.927366,99.2109375
08:00:55,91282CKH3,TSRYS5774872,D,B,C,2024-04-16,1500000.00,4.92097,99.22265625
08:00:55,91282CKH3,TSRYS5774872,D,B,C,2024-04-16,800000.00,4.927366,99.2109375
08:00:55,91282CKH3,TSRYS5774872,D,S,D,2024-04-16,6600000.00,4.940161,99.1875
08:00:55,91282CKH3,TSRYS5774872,D,B,C,2024-04-16,3600000.00,4.935895,99.1953125
08:00:55,91282CKH3,TSRYS5774872,D,B,C,2024-04-16,200000.00,4.923102,99.21875
08:00:55,91282CKH3,TSRYS5774872,D,S,T,2024-04-16,1000000.00,4.946559,99.17578125
08:00:55,91282CKH3,TSRYS5774872,D,S,T,2024-04-16,1000000.00,4.946559,99.17578125
08:00:55,91282CKH3,TSRYS5774872,D,S,T,2024-04-16,1000000.00,4.946559,99.17578125
08:00:55,91282CKH3,TSRYS5774872,D,S,T,2024-04-16,1000000.00,4.946559,99.17578125
08:00:55,91282CKH3,TSRYS5774872,D,S,T,2024-04-16,1000000.00,4.946559,99.17578125
08:00:56,91282CKH3,TSRYS5774872,D,S,T,2024-04-16,1000000.00,4.946559,99.17578125
08:00:56,91282CKH3,TSRYS5774872,D,S,T,2024-04-16,1000000.00,4.946559,99.17578125
08:00:56,91282CKH3,TSRYS5774872,D,S,T,2024-04-16,1000000.00,4.946559,99.17578125
08:00:56,91282CKH3,TSRYS5774872,D,S,T,2024-04-16,1000000.00,4.946559,99.17578125
08:00:56,91282CKH3,TSRYS5774872,D,S,T,2024-04-16,2000000.00,4.946559,99.17578125
08:00:56,91282CKH3,TSRYS5774872,D,S,D,2024-04-16,2570000.00,4.950826,99.16796875
08:00:56,91282CKH3,TSRYS5774872,D,B,C,2024-04-16,1100000.00,4.93163,99.203125
08:00:56,91282CKH3,TSRYS5774872,D,S,D,2024-04-16,2000000.00,4.952959,99.1640625
08:00:56,91282CKH3,TSRYS5774872,D,S,D,2024-04-16,10000000.00,4.952959,99.1640625
08:00:56,91282CKH3,TSRYS5774872,D,S,T,2024-04-16,1000000.00,4.951892,99.166015625
08:00:56,91282CKH3,TSRYS5774872,D,B,A,2024-04-16,8200000.00,4.950826,99.16796875
08:00:56,91282CKH3,TSRYS5774872,D,B,C,2024-04-16,2400000.00,4.923102,99.21875
08:00:56,91282CKH3,TSRYS5774872,D,S,T,2024-04-16,1000000.00,4.946559,99.17578125
08:00:56,91282CKH3,TSRYS5774872,D,S,T,2024-04-16,1000000.00,4.946559,99.17578125
08:00:56,91282CKH3,TSRYS5774872,D,S,T,2024-04-16,7000000.00,4.948692,99.171875
08:00:56,91282CKH3,TSRYS5774872,D,S,T,2024-04-16,1000000.00,4.946559,99.17578125
08:00:56,91282CKH3,TSRYS5774872,D,S,T,2024-04-16,1000000.00,4.946559,99.17578125
08:00:57,91282CKH3,TSRYS5774872,D,S,T,2024-04-16,2000000.00,4.927422,99.2108355
08:00:57,91282CKH3,TSRYS5774872,D,S,T,2024-04-16,1000000.00,4.927422,99.2108355
08:00:57,91282CKH3,TSRYS5774872,D,S,A,2024-04-16,5000000.00,4.942293,99.18359375
08:00:57,91282CKH3,TSRYS5774872,D,S,T,2024-04-16,1000000.00,4.946559,99.17578125
08:00:57,91282CKH3,TSRYS5774872,D,B,A,2024-04-16,500000.00,4.947626,99.173828125
08:00:57,91282CKH3,TSRYS5774872,D,S,T,2024-04-16,6000000.00,4.946559,99.17578125
08:00:57,91282CKH3,TSRYS5774872,D,S,T,2024-04-16,2000000.00,4.946559,99.17578125
08:00:57,91282CKH3,TSRYS5774872,D,S,T,2024-04-16,1000000.00,4.946559,99.17578125
08:00:58,91282CKH3,TSRYS5774872,D,S,D,2024-04-16,2000000.00,4.946559,99.17578125
08:00:58,91282CKH3,TSRYS5774872,D,S,T,2024-04-16,1000000.00,4.946559,99.17578125
08:00:58,91282CKH3,TSRYS5774872,D,S,T,2024-04-16,1000000.00,4.946559,99.17578125
08:00:58,91282CKH3,TSRYS5774872,D,S,T,2024-04-16,1000000.00,4.946559,99.17578125
08:00:58,91282CKH3,TSRYS5774872,D,S,T,2024-04-16,1000000.00,4.946559,99.17578125
08:00:58,91282CKH3,TSRYS5774872,D,S,T,2024-04-16,1000000.00,4.946559,99.17578125
08:00:58,91282CKH3,TSRYS5774872,D,S,T,2024-04-16,1000000.00,4.946559,99.17578125
08:00:59,91282CKH3,TSRYS5774872,D,S,T,2024-04-16,1000000.00,4.946559,99.17578125
08:00:59,91282CKH3,TSRYS5774872,D,B,C,2024-04-16,5000000.00,4.929498,99.20703125
08:00:59,91282CKH3,TSRYS5774872,D,S,T,2024-04-16,1000000.00,4.933763,99.19921875
08:00:59,91282CKH3,TSRYS5774872,D,S,D,2024-04-16,1000000.00,4.945493,99.177734375
08:00:59,91282CKH3,TSRYS5774872,D,S,T,2024-04-16,1000000.00,4.946559,99.17578125
08:00:59,91282CKH3,TSRYS5774872,D,S,T,2024-04-16,1000000.00,4.944426,99.1796875
08:00:59,91282CKH3,TSRYS5774872,D,S,D,2024-04-16,1000000.00,4.94336,99.181640625
08:00:59,91282CKH3,TSRYS5774872,D,S,T,2024-04-16,1000000.00,4.94336,99.181640625
08:00:59,91282CKH3,TSRYS5774872,D,S,D,2024-04-16,1000000.00,4.94336,99.181640625
08:00:59,91282CKH3,TSRYS5774872,D,S,D,2024-04-16,1000000.00,4.94336,99.181640625
08:00:59,91282CKH3,TSRYS5774872,D,S,D,2024-04-16,1000000.00,4.94336,99.181640625
08:00:59,91282CKH3,TSRYS5774872,D,S,D,2024-04-16,9000000.00,4.94336,99.181640625
08:00:59,91282CKH3,TSRYS5774872,D,S,T,2024-04-16,1000000.00,4.946559,99.17578125
08:00:59,91282CKH3,TSRYS5774872,D,S,T,2024-04-16,1000000.00,4.946559,99.17578125
08:00:59,91282CKH3,TSRYS5774872,D,S,T,2024-04-16,5000000.00,4.946559,99.17578125
08:00:59,91282CKH3,TSRYS5774872,D,B,A,2024-04-16,1600000.00,4.929498,99.207031
08:01:00,91282CKH3,TSRYS5774872,D,B,C,2024-04-16,1000000.00,4.929498,99.20703125
08:01:00,91282CKH3,TSRYS5774872,D,S,C,2024-04-16,1000000.00,4.929498,99.20703125
08:01:00,91282CKH3,TSRYS5774872,D,S,D,2024-04-16,1000000.00,4.928432,99.208984375
08:01:00,91282CKH3,TSRYS5774872,D,B,C,2024-04-16,1000000.00,4.927366,99.2109375
08:01:00,91282CKH3,TSRYS5774872,D,S,D,2024-04-16,1000000.00,4.927366,99.2109375
08:01:00,91282CKH3,TSRYS5774872,D,S,D,2024-04-16,1000000.00,4.927366,99.2109375
08:01:00,91282CKH3,TSRYS5774872,D,B,C,2024-04-16,1000000.00,4.927366,99.2109375
08:01:00,91282CKH3,TSRYS5774872,D,S,D,2024-04-16,1000000.00,4.927366,99.2109375
08:01:00,91282CKH3,TSRYS5774872,D,B,C,2024-04-16,1000000.00,4.927366,99.2109375
08:01:00,91282CKH3,TSRYS5774872,D,S,D,2024-04-16,1000000.00,4.927366,99.2109375
08:01:00,91282CKH3,TSRYS5774872,D,B,C,2024-04-16,1000000.00,4.927366,99.2109375
08:01:00,91282CKH3,TSRYS5774872,D,B,C,2024-04-16,1000000.00,4.927366,99.2109375
08:01:00,91282CKH3,TSRYS5774872,D,S,D,2024-04-16,1000000.00,4.927366,99.2109375
08:01:00,91282CKH3,TSRYS5774872,D,S,D,2024-04-16,1000000.00,4.927366,99.2109375
08:01:00,91282CKH3,TSRYS5774872,D,S,D,2024-04-16,1000000.00,4.927366,99.2109375
08:01:01,91282CKH3,TSRYS5774872,D,S,D,2024-04-16,5000000.00,4.946559,99.17578125
08:01:01,91282CKH3,TSRYS5774872,D,S,T,2024-04-16,1000000.00,4.928432,99.208984375
08:01:01,91282CKH3,TSRYS5774872,D,S,T,2024-04-16,2000000.00,4.928432,99.208984375
08:01:01,91282CKH3,TSRYS5774872,D,S,T,2024-04-16,1000000.00,4.928432,99.208984375
08:01:02,91282CKH3,TSRYS5774872,D,B,A,2024-04-16,800000.00,4.948692,99.171875
08:01:03,91282CKH3,TSRYS5774872,D,S,C,2024-04-16,10000.00,4.938606,99.190348
08:01:04,91282CKH3,TSRYS5774872,D,B,C,2024-04-16,1000000.00,4.927366,99.2109375
08:01:04,91282CKH3,TSRYS5774872,D,S,D,2024-04-16,1000000.00,4.927366,99.2109375
08:01:04,91282CKH3,TSRYS5774872,D,B,C,2024-04-16,1000000.00,4.927366,99.2109375
08:01:04,91282CKH3,TSRYS5774872,D,S,D,2024-04-16,1000000.00,4.927366,99.2109375
08:01:04,91282CKH3,TSRYS5774872,D,S,D,2024-04-16,1000000.00,4.927366,99.2109375
08:01:04,91282CKH3,TSRYS5774872,D,S,D,2024-04-16,1000000.00,4.927366,99.2109375
08:01:04,91282CKH3,TSRYS5774872,D,S,D,2024-04-16,1000000.00,4.929498,99.20703125
08:01:04,91282CKH3,TSRYS5774872,D,S,D,2024-04-16,2000000.00,4.929498,99.20703125
08:01:04,91282CKH3,TSRYS5774872,D,S,D,2024-04-16,1000000.00,4.929498,99.20703125
08:01:04,91282CKH3,TSRYS5774872,D,B,C,2024-04-16,2000000.00,4.928432,99.208984375
08:01:04,91282CKH3,TSRYS5774872,D,S,C,2024-04-16,2000000.00,4.928432,99.209184375
08:01:04,91282CKH3,TSRYS5774872,D,B,C,2024-04-16,1000000.00,4.929498,99.20703125
08:01:04,91282CKH3,TSRYS5774872,D,S,D,2024-04-16,1000000.00,4.929498,99.20703125
08:01:04,91282CKH3,TSRYS5774872,D,B,C,2024-04-16,1000000.00,4.929498,99.20703125
08:01:04,91282CKH3,TSRYS5774872,D,S,D,2024-04-16,1000000.00,4.929498,99.20703125
08:01:04,91282CKH3,TSRYS5774872,D,B,C,2024-04-16,1000000.00,4.929498,99.20703125
08:01:04,91282CKH3,TSRYS5774872,D,S,D,2024-04-16,1000000.00,4.929498,99.20703125
08:01:04,91282CKH3,TSRYS5774872,D,B,C,2024-04-16,1000000.00,4.929498,99.20703125
08:01:04,91282CKH3,TSRYS5774872,D,S,D,2024-04-16,1000000.00,4.929498,99.20703125
08:01:04,91282CKH3,TSRYS5774872,D,B,C,2024-04-16,1000000.00,4.927366,99.2109375
08:01:04,91282CKH3,TSRYS5774872,D,B,C,2024-04-16,1000000.00,4.927366,99.2109375
08:01:04,91282CKH3,TSRYS5774872,D,S,D,2024-04-16,1000000.00,4.927366,99.2109375
08:01:04,91282CKH3,TSRYS5774872,D,S,D,2024-04-16,1000000.00,4.927366,99.2109375
08:01:05,91282CKH3,TSRYS5774872,D,S,A,2024-04-16,1000000.00,4.944426,99.1796875
08:01:05,91282CKH3,TSRYS5774872,D,S,D,2024-04-16,1000000.00,4.927366,99.2109375
08:01:05,91282CKH3,TSRYS5774872,D,S,D,2024-04-16,1000000.00,4.925234,99.21484375
08:01:05,91282CKH3,TSRYS5774872,D,B,C,2024-04-16,1000000.00,4.925234,99.21484375
08:01:05,91282CKH3,TSRYS5774872,D,S,D,2024-04-16,1000000.00,4.925234,99.21484375
08:01:05,91282CKH3,TSRYS5774872,D,S,D,2024-04-16,1000000.00,4.923102,99.21875
08:01:05,91282CKH3,TSRYS5774872,D,S,D,2024-04-16,1000000.00,4.923102,99.21875
08:01:05,91282CKH3,TSRYS5774872,D,S,D,2024-04-16,1000000.00,4.923102,99.21875
08:01:05,91282CKH3,TSRYS5774872,D,S,D,2024-04-16,1000000.00,4.923102,99.21875
08:01:05,91282CKH3,TSRYS5774872,D,B,C,2024-04-16,1000000.00,4.923102,99.21875
08:01:05,91282CKH3,TSRYS5774872,D,S,D,2024-04-16,1000000.00,4.923102,99.21875
08:01:05,91282CKH3,TSRYS5774872,D,B,A,2024-04-16,14500000.00,4.940161,99.1875
08:01:05,91282CKH3,TSRYS5774872,D,S,D,2024-04-16,1000000.00,4.923102,99.21875
08:01:05,91282CKH3,TSRYS5774872,D,B,A,2024-04-16,400000.00,4.946559,99.17578125
08:01:05,91282CKH3,TSRYS5774872,D,S,T,2024-04-16,2000000.00,4.940161,99.1875
08:01:05,91282CKH3,TSRYS5774872,D,S,T,2024-04-16,2000000.00,4.940161,99.1875
08:01:05,91282CKH3,TSRYS5774872,D,S,T,2024-04-16,1000000.00,4.940161,99.1875
08:01:05,91282CKH3,TSRYS5774872,D,S,T,2024-04-16,1000000.00,4.940161,99.1875
08:01:05,91282CKH3,TSRYS5774872,D,S,T,2024-04-16,4000000.00,4.940161,99.1875
08:01:05,91282CKH3,TSRYS5774872,D,S,T,2024-04-16,1000000.00,4.942364,99.18346375
08:01:05,91282CKH3,TSRYS5774872,D,S,T,2024-04-16,1000000.00,4.940161,99.1875
08:01:05,91282CKH3,TSRYS5774872,D,S,T,2024-04-16,1000000.00,4.940161,99.1875
08:01:05,91282CKH3,TSRYS5774872,D,B,C,2024-04-16,1000000.00,4.923102,99.21875
08:01:05,91282CKH3,TSRYS5774872,D,S,T,2024-04-16,1000000.00,4.942364,99.18346375
08:01:05,91282CKH3,TSRYS5774872,D,S,D,2024-04-16,1000000.00,4.924168,99.216796875
08:01:05,91282CKH3,TSRYS5774872,D,S,D,2024-04-16,1000000.00,4.924168,99.216796875
08:01:05,91282CKH3,TSRYS5774872,D,B,C,2024-04-16,1000000.00,4.924168,99.216796875
08:01:06,91282CKH3,TSRYS5774872,D,S,T,2024-04-16,1000000.00,4.944426,99.1796875
08:01:06,91282CKH3,TSRYS5774872,D,B,C,2024-04-16,1000000.00,4.924168,99.216796875
08:01:06,91282CKH3,TSRYS5774872,D,S,D,2024-04-16,1000000.00,4.924168,99.216796875
08:01:06,91282CKH3,TSRYS5774872,D,B,A,2024-04-16,1509000.00,4.948692,99.171875
08:01:06,91282CKH3,TSRYS5774872,D,S,D,2024-04-16,1000000.00,4.946559,99.17578125
08:01:07,91282CKH3,TSRYS5774872,D,B,A,2024-04-16,200000.00,4.947626,99.173828125
08:01:07,91282CKH3,TSRYS5774872,D,B,A,2024-04-16,400000.00,4.946559,99.17578125
08:01:07,91282CKH3,TSRYS5774872,D,B,A,2024-04-16,400000.00,4.946559,99.17578125
08:01:07,91282CKH3,TSRYS5774872,D,S,T,2024-04-16,1000000.00,4.944509,99.1795355
08:01:07,91282CKH3,TSRYS5774872,D,B,A,2024-04-16,1000000.00,4.944509,99.1795355
08:01:07,91282CKH3,TSRYS5774872,D,B,A,2024-04-16,1000000.00,4.944509,99.1795355
08:01:07,91282CKH3,TSRYS5774872,D,S,T,2024-04-16,1000000.00,4.944509,99.1795355
08:01:07,91282CKH3,TSRYS5774872,D,S,A,2024-04-16,1000000.00,4.946559,99.17578125
08:01:07,91282CKH3,TSRYS5774872,D,S,A,2024-04-16,2000000.00,4.940161,99.1875
08:01:07,91282CKH3,TSRYS5774872,D,S,C,2024-04-16,2000000.00,4.924168,99.216796875
08:01:07,91282CKH3,TSRYS5774872,D,S,C,2024-04-16,1000000.00,4.924168,99.216796875
08:01:07,91282CKH3,TSRYS5774872,D,S,C,2024-04-16,7000000.00,4.944956,99.1796875
08:01:07,91282CKH3,TSRYS5774872,D,B,A,2024-04-16,7000000.00,4.944956,99.1796875
08:01:08,91282CKH3,TSRYS5774872,D,B,A,2024-04-16,222000.00,4.938211,99.19107125
08:01:08,91282CKH3,TSRYS5774872,D,S,T,2024-04-16,1000000.00,4.940232,99.18737
08:01:08,91282CKH3,TSRYS5774872,D,S,C,2024-04-16,2000000.00,4.924168,99.216796875
08:01:08,91282CKH3,TSRYS5774872,D,S,D,2024-04-16,2000000.00,4.924168,99.216796875
08:01:08,91282CKH3,TSRYS5774872,D,S,D,2024-04-16,2000000.00,4.924168,99.216796875
08:01:08,91282CKH3,TSRYS5774872,D,S,C,2024-04-16,1000000.00,4.924168,99.216796875
08:01:08,91282CKH3,TSRYS5774872,D,S,T,2024-04-16,1000000.00,4.940232,99.18737
08:01:08,91282CKH3,TSRYS5774872,D,S,D,2024-04-16,1000000.00,4.925234,99.21484375
08:01:08,91282CKH3,TSRYS5774872,D,B,C,2024-04-16,2000000.00,4.928432,99.208984375
08:01:08,91282CKH3,TSRYS5774872,D,B,C,2024-04-16,1000000.00,4.925234,99.21484375
08:01:08,91282CKH3,TSRYS5774872,D,B,C,2024-04-16,1000000.00,4.925234,99.21484375
08:01:08,91282CKH3,TSRYS5774872,D,S,C,2024-04-16,2000000.00,4.928432,99.208984375
08:01:08,91282CKH3,TSRYS5774872,D,B,C,2024-04-16,1000000.00,4.925234,99.21484375
08:01:08,91282CKH3,TSRYS5774872,D,S,D,2024-04-16,1000000.00,4.924168,99.216796875
08:01:08,91282CKH3,TSRYS5774872,D,B,C,2024-04-16,1000000.00,4.924168,99.216796875
08:01:08,91282CKH3,TSRYS5774872,D,S,D,2024-04-16,1000000.00,4.924168,99.216796875
08:01:08,91282CKH3,TSRYS5774872,D,S,D,2024-04-16,1000000.00,4.924168,99.216796875
08:01:08,91282CKH3,TSRYS5774872,D,S,D,2024-04-16,1000000.00,4.925234,99.21484375
08:01:08,91282CKH3,TSRYS5774872,D,S,D,2024-04-16,1000000.00,4.925234,99.21484375
08:01:08,91282CKH3,TSRYS5774872,D,S,D,2024-04-16,1000000.00,4.925234,99.21484375
08:01:08,91282CKH3,TSRYS5774872,D,B,C,2024-04-16,1000000.00,4.925234,99.21484375
08:01:08,91282CKH3,TSRYS5774872,D,B,C,2024-04-16,1000000.00,4.925234,99.21484375
08:01:08,91282CKH3,TSRYS5774872,D,S,D,2024-04-16,1000000.00,4.925234,99.21484375
08:01:08,91282CKH3,TSRYS5774872,D,B,C,2024-04-16,1000000.00,4.925234,99.21484375
08:01:08,91282CKH3,TSRYS5774872,D,S,D,2024-04-16,1000000.00,4.925234,99.21484375
08:01:08,91282CKH3,TSRYS5774872,D,S,D,2024-04-16,1000000.00,4.923102,99.21875
08:01:08,91282CKH3,TSRYS5774872,D,S,D,2024-04-16,1000000.00,4.925234,99.21484375
08:01:08,91282CKH3,TSRYS5774872,D,B,C,2024-04-16,1000000.00,4.923102,99.21875
08:01:08,91282CKH3,TSRYS5774872,D,B,C,2024-04-16,1000000.00,4.925234,99.21484375
08:01:08,91282CKH3,TSRYS5774872,D,S,D,2024-04-16,1000000.00,4.925234,99.21484375
08:01:08,91282CKH3,TSRYS5774872,D,B,C,2024-04-16,1000000.00,4.923102,99.21875
08:01:08,91282CKH3,TSRYS5774872,D,S,D,2024-04-16,1000000.00,4.924168,99.216796875
08:01:08,91282CKH3,TSRYS5774872,D,S,D,2024-04-16,1000000.00,4.924168,99.216796875
08:01:08,91282CKH3,TSRYS5774872,D,S,D,2024-04-16,1000000.00,4.923102,99.21875
08:01:08,91282CKH3,TSRYS5774872,D,B,C,2024-04-16,1000000.00,4.9263,99.212890625
08:01:08,91282CKH3,TSRYS5774872,D,B,C,2024-04-16,1000000.00,4.924168,99.216796875
08:01:08,91282CKH3,TSRYS5774872,D,B,C,2024-04-16,2000000.00,4.925234,99.21484375
08:01:08,91282CKH3,TSRYS5774872,D,S,D,2024-04-16,400000.00,4.948692,99.171875
08:01:08,91282CKH3,TSRYS5774872,D,S,C,2024-04-16,1000000.00,4.9263,99.212890625
08:01:08,91282CKH3,TSRYS5774872,D,S,D,2024-04-16,2000000.00,4.925234,99.21484375
08:01:08,91282CKH3,TSRYS5774872,D,B,C,2024-04-16,1000000.00,4.9263,99.212890625
08:01:08,91282CKH3,TSRYS5774872,D,S,D,2024-04-16,1000000.00,4.9263,99.212890625
08:01:08,91282CKH3,TSRYS5774872,D,S,D,2024-04-16,1000000.00,4.924168,99.216796875
08:01:08,91282CKH3,TSRYS5774872,D,S,D,2024-04-16,1000000.00,4.924168,99.216796875
08:01:08,91282CKH3,TSRYS5774872,D,S,C,2024-04-16,3000000.00,4.924168,99.216796875
08:01:08,91282CKH3,TSRYS5774872,D,S,D,2024-04-16,2000000.00,4.924168,99.216796875
08:01:08,91282CKH3,TSRYS5774872,D,S,D,2024-04-16,1000000.00,4.924168,99.216796875
08:01:08,91282CKH3,TSRYS5774872,D,B,C,2024-04-16,1000000.00,4.9263,99.212890625
08:01:08,91282CKH3,TSRYS5774872,D,S,D,2024-04-16,2000000.00,4.924168,99.216796875
08:01:08,91282CKH3,TSRYS5774872,D,S,C,2024-04-16,1000000.00,4.924168,99.216796875
08:01:08,91282CKH3,TSRYS5774872,D,S,D,2024-04-16,2000000.00,4.924168,99.216796875
08:01:08,91282CKH3,TSRYS5774872,D,S,D,2024-04-16,1000000.00,4.924168,99.216796875
08:01:08,91282CKH3,TSRYS5774872,D,S,D,2024-04-16,2000000.00,4.924168,99.216796875
08:01:08,91282CKH3,TSRYS5774872,D,B,C,2024-04-16,1000000.00,4.924168,99.216796875
08:01:08,91282CKH3,TSRYS5774872,D,S,D,2024-04-16,1000000.00,4.924168,99.216796875
08:01:08,91282CKH3,TSRYS5774872,D,S,D,2024-04-16,1000000.00,4.918838,99.2265625
08:01:08,91282CKH3,TSRYS5774872,D,S,T,2024-04-16,14000000.00,4.946559,99.17578125
08:01:08,91282CKH3,TSRYS5774872,D,S,C,2024-04-16,1000000.00,4.9263,99.212890625
08:01:08,91282CKH3,TSRYS5774872,D,S,D,2024-04-16,1000000.00,4.924168,99.216796875
08:01:08,91282CKH3,TSRYS5774872,D,S,T,2024-04-16,2000000.00,4.946559,99.17578125
08:01:08,91282CKH3,TSRYS5774872,D,S,T,2024-04-16,1000000.00,4.946559,99.17578125
08:01:08,91282CKH3,TSRYS5774872,D,B,C,2024-04-16,1000000.00,4.924168,99.216796875
08:01:08,91282CKH3,TSRYS5774872,D,S,D,2024-04-16,1000000.00,4.924168,99.216796875
08:01:08,91282CKH3,TSRYS5774872,D,B,C,2024-04-16,2000000.00,4.924168,99.216796875
08:01:08,91282CKH3,TSRYS5774872,D,S,D,2024-04-16,2000000.00,4.924168,99.216796875
08:01:08,91282CKH3,TSRYS5774872,D,S,D,2024-04-16,1000000.00,4.919904,99.224609375
08:01:08,91282CKH3,TSRYS5774872,D,S,T,2024-04-16,1000000.00,4.946559,99.17578125
08:01:08,91282CKH3,TSRYS5774872,D,B,C,2024-04-16,1000000.00,4.925234,99.21484375
08:01:08,91282CKH3,TSRYS5774872,D,S,D,2024-04-16,2000000.00,4.924168,99.216796875
08:01:08,91282CKH3,TSRYS5774872,D,S,T,2024-04-16,1000000.00,4.946559,99.17578125
08:01:08,91282CKH3,TSRYS5774872,D,S,D,2024-04-16,1000000.00,4.928432,99.208984375
08:01:08,91282CKH3,TSRYS5774872,D,B,C,2024-04-16,1000000.00,4.919904,99.224609375
08:01:08,91282CKH3,TSRYS5774872,D,S,C,2024-04-16,1000000.00,4.925234,99.21484375
08:01:08,91282CKH3,TSRYS5774872,D,S,D,2024-04-16,2000000.00,4.924168,99.216796875
08:01:08,91282CKH3,TSRYS5774872,D,B,C,2024-04-16,1000000.00,4.924168,99.216796875
08:01:08,91282CKH3,TSRYS5774872,D,S,D,2024-04-16,1000000.00,4.924168,99.216796875
08:01:08,91282CKH3,TSRYS5774872,D,S,D,2024-04-16,2000000.00,4.925234,99.21484375
08:01:08,91282CKH3,TSRYS5774872,D,S,C,2024-04-16,1000000.00,4.929498,99.20703125
08:01:08,91282CKH3,TSRYS5774872,D,S,T,2024-04-16,1000000.00,4.946559,99.17578125
08:01:08,91282CKH3,TSRYS5774872,D,B,C,2024-04-16,1000000.00,4.930564,99.205078125
08:01:08,91282CKH3,TSRYS5774872,D,S,C,2024-04-16,1000000.00,4.930564,99.205078125
08:01:08,91282CKH3,TSRYS5774872,D,S,C,2024-04-16,1000000.00,4.930564,99.205078125
08:01:08,91282CKH3,TSRYS5774872,D,S,C,2024-04-16,1000000.00,4.930564,99.205078125
08:01:08,91282CKH3,TSRYS5774872,D,S,T,2024-04-16,1000000.00,4.946559,99.17578125
08:01:09,91282CKH3,TSRYS5774872,D,S,T,2024-04-16,3000000.00,4.946559,99.17578125
08:01:09,91282CKH3,TSRYS5774872,D,B,C,2024-04-16,1000000.00,4.930564,99.205078125
08:01:09,91282CKH3,TSRYS5774872,D,B,C,2024-04-16,1000000.00,4.930564,99.205078125
08:01:09,91282CKH3,TSRYS5774872,D,S,C,2024-04-16,1000000.00,4.934829,99.197265625
08:01:09,91282CKH3,TSRYS5774872,D,S,D,2024-04-16,4000000.00,4.934829,99.197265625
08:01:09,91282CKH3,TSRYS5774872,D,S,D,2024-04-16,2000000.00,4.928432,99.208984375
08:01:09,91282CKH3,TSRYS5774872,D,S,D,2024-04-16,1000000.00,4.924168,99.216796875
08:01:09,91282CKH3,TSRYS5774872,D,B,C,2024-04-16,1000000.00,4.924168,99.216796875
08:01:09,91282CKH3,TSRYS5774872,D,B,C,2024-04-16,1000000.00,4.934829,99.197265625
08:01:09,91282CKH3,TSRYS5774872,D,S,T,2024-04-16,1000000.00,4.946559,99.17578125
08:01:09,91282CKH3,TSRYS5774872,D,B,C,2024-04-16,1000000.00,4.930564,99.205078125
08:01:09,91282CKH3,TSRYS5774872,D,S,T,2024-04-16,1000000.00,4.946559,99.17578125
08:01:09,91282CKH3,TSRYS5774872,D,S,T,2024-04-16,1000000.00,4.946559,99.17578125
08:01:09,91282CKH3,TSRYS5774872,D,S,T,2024-04-16,1000000.00,4.946559,99.17578125
08:01:09,91282CKH3,TSRYS5774872,D,S,D,2024-04-16,1000000.00,4.934829,99.197265625
08:01:09,91282CKH3,TSRYS5774872,D,B,C,2024-04-16,4000000.00,4.934829,99.197265625
08:01:09,91282CKH3,TSRYS5774872,D,B,C,2024-04-16,1000000.00,4.930564,99.205078125
08:01:09,91282CKH3,TSRYS5774872,D,B,C,2024-04-16,1000000.00,4.929498,99.20703125
08:01:09,91282CKH3,TSRYS5774872,D,B,C,2024-04-16,1000000.00,4.935895,99.1953125
08:01:09,91282CKH3,TSRYS5774872,D,B,C,2024-04-16,1000000.00,4.935895,99.1953125
08:01:09,91282CKH3,TSRYS5774872,D,S,C,2024-04-16,1000000.00,4.930564,99.205078125
08:01:09,91282CKH3,TSRYS5774872,D,S,C,2024-04-16,1000000.00,4.930564,99.205078125
08:01:09,91282CKH3,TSRYS5774872,D,S,C,2024-04-16,1000000.00,4.941227,99.185546875
08:01:09,91282CKH3,TSRYS5774872,D,S,C,2024-04-16,1000000.00,4.930564,99.205078125
08:01:09,91282CKH3,TSRYS5774872,D,S,C,2024-04-16,1000000.00,4.935895,99.1953125
08:01:09,91282CKH3,TSRYS5774872,D,B,C,2024-04-16,1000000.00,4.941227,99.185546875
08:01:09,91282CKH3,TSRYS5774872,D,B,C,2024-04-16,2000000.00,4.944426,99.1796875
08:01:09,91282CKH3,TSRYS5774872,D,B,C,2024-04-16,1000000.00,4.930564,99.205078125
08:01:09,91282CKH3,TSRYS5774872,D,S,C,2024-04-16,1000000.00,4.944426,99.1796875
08:01:09,91282CKH3,TSRYS5774872,D,B,C,2024-04-16,1000000.00,4.935895,99.1953125
08:01:09,91282CKH3,TSRYS5774872,D,B,C,2024-04-16,1000000.00,4.944426,99.1796875
08:01:09,91282CKH3,TSRYS5774872,D,B,C,2024-04-16,1000000.00,4.934829,99.197265625
08:01:09,91282CKH3,TSRYS5774872,D,S,C,2024-04-16,2000000.00,4.94336,99.181640625
08:01:09,91282CKH3,TSRYS5774872,D,S,T,2024-04-16,1000000.00,4.946559,99.17578125
08:01:09,91282CKH3,TSRYS5774872,D,S,C,2024-04-16,1000000.00,4.941227,99.185546875
08:01:09,91282CKH3,TSRYS5774872,D,S,D,2024-04-16,1000000.00,4.941227,99.185546875
08:01:09,91282CKH3,TSRYS5774872,D,S,C,2024-04-16,1000000.00,4.935895,99.1953125
08:01:09,91282CKH3,TSRYS5774872,D,B,C,2024-04-16,1000000.00,4.941227,99.185546875
08:01:09,91282CKH3,TSRYS5774872,D,B,C,2024-04-16,1000000.00,4.940161,99.1875
08:01:09,91282CKH3,TSRYS5774872,D,B,C,2024-04-16,1000000.00,4.935895,99.1953125
08:01:09,91282CKH3,TSRYS5774872,D,S,C,2024-04-16,1000000.00,4.935895,99.1953125
08:01:09,91282CKH3,TSRYS5774872,D,S,C,2024-04-16,3000000.00,4.935895,99.1953125
08:01:09,91282CKH3,TSRYS5774872,D,S,D,2024-04-16,2000000.00,4.944426,99.1796875
08:01:09,91282CKH3,TSRYS5774872,D,S,C,2024-04-16,1000000.00,4.940161,99.1875
08:01:09,91282CKH3,TSRYS5774872,D,S,C,2024-04-16,1000000.00,4.946559,99.17578125
08:01:09,91282CKH3,TSRYS5774872,D,S,C,2024-04-16,1000000.00,4.936962,99.193359375
08:01:09,91282CKH3,TSRYS5774872,D,S,T,2024-04-16,1000000.00,4.946559,99.17578125
08:01:09,91282CKH3,TSRYS5774872,D,S,C,2024-04-16,4000000.00,4.935895,99.1953125
08:01:09,91282CKH3,TSRYS5774872,D,S,C,2024-04-16,2000000.00,4.936962,99.193359375
08:01:09,91282CKH3,TSRYS5774872,D,S,T,2024-04-16,1000000.00,4.946559,99.17578125
08:01:09,91282CKH3,TSRYS5774872,D,S,C,2024-04-16,1000000.00,4.935895,99.1953125
08:01:09,91282CKH3,TSRYS5774872,D,S,C,2024-04-16,2000000.00,4.936962,99.193359375
08:01:09,91282CKH3,TSRYS5774872,D,S,T,2024-04-16,1000000.00,4.946559,99.17578125
08:01:09,91282CKH3,TSRYS5774872,D,S,C,2024-04-16,3000000.00,4.936962,99.193359375
08:01:09,91282CKH3,TSRYS5774872,D,S,T,2024-04-16,1000000.00,4.946559,99.17578125
08:01:09,91282CKH3,TSRYS5774872,D,S,D,2024-04-16,1000000.00,4.936962,99.193359375
08:01:09,91282CKH3,TSRYS5774872,D,S,C,2024-04-16,2000000.00,4.936962,99.193359375
08:01:09,91282CKH3,TSRYS5774872,D,S,C,2024-04-16,4000000.00,4.936962,99.193359375
08:01:09,91282CKH3,TSRYS5774872,D,S,D,2024-04-16,2000000.00,4.936962,99.193359375
08:01:09,91282CKH3,TSRYS5774872,D,S,C,2024-04-16,1000000.00,4.939094,99.189453125
08:01:09,91282CKH3,TSRYS5774872,D,S,C,2024-04-16,1000000.00,4.936962,99.193359375
08:01:09,91282CKH3,TSRYS5774872,D,B,C,2024-04-16,1000000.00,4.936962,99.193359375
08:01:09,91282CKH3,TSRYS5774872,D,S,C,2024-04-16,1000000.00,4.936962,99.193359375
08:01:09,91282CKH3,TSRYS5774872,D,S,C,2024-04-16,3000000.00,4.939094,99.189453125
08:01:09,91282CKH3,TSRYS5774872,D,S,C,2024-04-16,3000000.00,4.939094,99.189453125
08:01:09,91282CKH3,TSRYS5774872,D,S,C,2024-04-16,1000000.00,4.939094,99.189453125
08:01:09,91282CKH3,TSRYS5774872,D,B,A,2024-04-16,2183900.00,4.938028,99.19140625
08:01:09,91282CKH3,TSRYS5774872,D,S,C,2024-04-16,1000000.00,4.941227,99.185546875
08:01:09,91282CKH3,TSRYS5774872,D,B,C,2024-04-16,1000000.00,4.939094,99.189453125
08:01:09,91282CKH3,TSRYS5774872,D,S,C,2024-04-16,1000000.00,4.939094,99.189453125
08:01:09,91282CKH3,TSRYS5774872,D,B,C,2024-04-16,1000000.00,4.939094,99.189453125
08:01:09,91282CKH3,TSRYS5774872,D,S,C,2024-04-16,1000000.00,4.941227,99.185546875
08:01:09,91282CKH3,TSRYS5774872,D,B,C,2024-04-16,1000000.00,4.941227,99.185546875
08:01:09,91282CKH3,TSRYS5774872,D,S,T,2024-04-16,1000000.00,4.946559,99.17578125
08:01:09,91282CKH3,TSRYS5774872,D,S,C,2024-04-16,1000000.00,4.939094,99.189453125
08:01:09,91282CKH3,TSRYS5774872,D,S,D,2024-04-16,1000000.00,4.942293,99.18359375
08:01:09,91282CKH3,TSRYS5774872,D,S,D,2024-04-16,1000000.00,4.942293,99.18359375
08:01:09,91282CKH3,TSRYS5774872,D,B,C,2024-04-16,1000000.00,4.942293,99.18359375
08:01:09,91282CKH3,TSRYS5774872,D,B,C,2024-04-16,1000000.00,4.942293,99.18359375
08:01:09,91282CKH3,TSRYS5774872,D,S,D,2024-04-16,2000000.00,4.942293,99.18359375
08:01:09,91282CKH3,TSRYS5774872,D,B,C,2024-04-16,2000000.00,4.942293,99.18359375
08:01:09,91282CKH3,TSRYS5774872,D,S,C,2024-04-16,2000000.00,4.939094,99.189453125
08:01:09,91282CKH3,TSRYS5774872,D,S,C,2024-04-16,3000000.00,4.939094,99.189453125
08:01:09,91282CKH3,TSRYS5774872,D,S,A,2024-04-16,1300000.00,4.940161,99.1875
08:01:09,91282CKH3,TSRYS5774872,D,S,C,2024-04-16,3000000.00,4.939094,99.189453125
08:01:09,91282CKH3,TSRYS5774872,D,B,C,2024-04-16,1000000.00,4.934829,99.197265625
08:01:09,91282CKH3,TSRYS5774872,D,S,C,2024-04-16,1000000.00,4.934829,99.197265625
08:01:09,91282CKH3,TSRYS5774872,D,S,D,2024-04-16,1000000.00,4.934829,99.197265625
08:01:09,91282CKH3,TSRYS5774872,D,S,D,2024-04-16,3000000.00,4.938028,99.19140625
08:01:09,91282CKH3,TSRYS5774872,D,B,C,2024-04-16,3000000.00,4.938028,99.19140625
08:01:09,91282CKH3,TSRYS5774872,D,S,T,2024-04-16,1000000.00,4.946559,99.17578125
08:01:09,91282CKH3,TSRYS5774872,D,B,C,2024-04-16,3000000.00,4.946559,99.17578125
08:01:09,91282CKH3,TSRYS5774872,D,S,D,2024-04-16,1000000.00,4.924168,99.216796875
08:01:09,91282CKH3,TSRYS5774872,D,S,D,2024-04-16,1000000.00,4.924168,99.216796875
08:01:09,91282CKH3,TSRYS5774872,D,S,D,2024-04-16,3000000.00,4.924168,99.216796875
08:01:09,91282CKH3,TSRYS5774872,D,S,C,2024-04-16,3000000.00,4.946559,99.17578125
08:01:09,91282CKH3,TSRYS5774872,D,S,D,2024-04-16,2000000.00,4.924168,99.216796875
08:01:09,91282CKH3,TSRYS5774872,D,S,D,2024-04-16,2000000.00,4.924168,99.216796875
08:01:09,91282CKH3,TSRYS5774872,D,S,T,2024-04-16,1000000.00,4.946559,99.17578125
08:01:09,91282CKH3,TSRYS5774872,D,S,D,2024-04-16,2000000.00,4.924168,99.216796875
08:01:09,91282CKH3,TSRYS5774872,D,S,D,2024-04-16,1000000.00,4.924168,99.216796875
08:01:09,91282CKH3,TSRYS5774872,D,S,D,2024-04-16,2000000.00,4.924168,99.216796875
08:01:09,91282CKH3,TSRYS5774872,D,S,T,2024-04-16,1000000.00,4.946559,99.17578125
08:01:09,91282CKH3,TSRYS5774872,D,S,D,2024-04-16,2000000.00,4.924168,99.216796875
08:01:09,91282CKH3,TSRYS5774872,D,S,C,2024-04-16,10000000.00,4.952959,99.1640625
08:01:09,91282CKH3,TSRYS5774872,D,S,C,2024-04-16,1000000.00,4.948692,99.171875
08:01:09,91282CKH3,TSRYS5774872,D,S,D,2024-04-16,2000000.00,4.952959,99.1640625
08:01:09,91282CKH3,TSRYS5774872,D,S,C,2024-04-16,1000000.00,4.948692,99.171875
08:01:09,91282CKH3,TSRYS5774872,D,B,C,2024-04-16,1000000.00,4.948692,99.171875
08:01:09,91282CKH3,TSRYS5774872,D,B,C,2024-04-16,1000000.00,4.948692,99.171875
08:01:09,91282CKH3,TSRYS5774872,D,S,D,2024-04-16,1000000.00,4.948692,99.171875
08:01:09,91282CKH3,TSRYS5774872,D,B,C,2024-04-16,1000000.00,4.948692,99.171875
08:01:10,91282CKH3,TSRYS5774872,D,S,D,2024-04-16,1000000.00,4.951892,99.166015625
08:01:10,91282CKH3,TSRYS5774872,D,S,D,2024-04-16,2000000.00,4.951892,99.166015625
08:01:10,91282CKH3,TSRYS5774872,D,S,D,2024-04-16,5000000.00,4.951892,99.166015625
08:01:10,91282CKH3,TSRYS5774872,D,S,D,2024-04-16,4000000.00,4.951892,99.166015625
08:01:10,91282CKH3,TSRYS5774872,D,S,D,2024-04-16,1000000.00,4.951892,99.166015625
08:01:10,91282CKH3,TSRYS5774872,D,S,D,2024-04-16,2000000.00,4.951892,99.166015625
08:01:10,91282CKH3,TSRYS5774872,D,B,C,2024-04-16,2000000.00,4.951892,99.166015625
08:01:10,91282CKH3,TSRYS5774872,D,S,D,2024-04-16,1000000.00,4.951892,99.166015625
08:01:10,91282CKH3,TSRYS5774872,D,B,C,2024-04-16,2000000.00,4.948692,99.171875
08:01:10,91282CKH3,TSRYS5774872,D,B,C,2024-04-16,3000000.00,4.948692,99.171875
08:01:10,91282CKH3,TSRYS5774872,D,S,C,2024-04-16,3000000.00,4.948692,99.171875
08:01:10,91282CKH3,TSRYS5774872,D,B,C,2024-04-16,1000000.00,4.944426,99.1796875
08:01:10,91282CKH3,TSRYS5774872,D,S,D,2024-04-16,2000000.00,4.948692,99.171875
08:01:10,91282CKH3,TSRYS5774872,D,S,D,2024-04-16,1000000.00,4.944426,99.1796875
08:01:10,91282CKH3,TSRYS5774872,D,B,C,2024-04-16,4000000.00,4.944426,99.1796875
08:01:10,91282CKH3,TSRYS5774872,D,B,C,2024-04-16,2000000.00,4.946559,99.17578125
08:01:10,91282CKH3,TSRYS5774872,D,S,D,2024-04-16,4000000.00,4.944426,99.1796875
08:01:10,91282CKH3,TSRYS5774872,D,S,D,2024-04-16,2000000.00,4.946559,99.17578125
08:01:10,91282CKH3,TSRYS5774872,D,S,C,2024-04-16,5000000.00,4.946559,99.17578125
08:01:10,91282CKH3,TSRYS5774872,D,S,D,2024-04-16,1000000.00,4.949759,99.169921875
08:01:10,91282CKH3,TSRYS5774872,D,S,C,2024-04-16,1000000.00,4.950826,99.16796875
08:01:10,91282CKH3,TSRYS5774872,D,B,C,2024-04-16,1000000.00,4.950826,99.16796875
08:01:10,91282CKH3,TSRYS5774872,D,B,C,2024-04-16,10000000.00,4.948692,99.171875
08:01:10,91282CKH3,TSRYS5774872,D,B,C,2024-04-16,1000000.00,4.947626,99.173828125
08:01:10,91282CKH3,TSRYS5774872,D,S,D,2024-04-16,1000000.00,4.947626,99.173828125
08:01:10,91282CKH3,TSRYS5774872,D,S,D,2024-04-16,10000000.00,4.948692,99.171875
08:01:10,91282CKH3,TSRYS5774872,D,S,D,2024-04-16,2000000.00,4.947626,99.173828125
08:01:10,91282CKH3,TSRYS5774872,D,S,D,2024-04-16,3000000.00,4.947626,99.173828125
08:01:10,91282CKH3,TSRYS5774872,D,B,C,2024-04-16,3000000.00,4.947626,99.173828125
08:01:10,91282CKH3,TSRYS5774872,D,S,D,2024-04-16,1000000.00,4.946559,99.17578125
08:01:10,91282CKH3,TSRYS5774872,D,S,C,2024-04-16,1000000.00,4.946559,99.17578125
08:01:10,91282CKH3,TSRYS5774872,D,S,T,2024-04-16,2000000.00,4.924223,99.216696875
08:01:10,91282CKH3,TSRYS5774872,D,S,T,2024-04-16,2000000.00,4.924223,99.216696875
08:01:10,91282CKH3,TSRYS5774872,D,S,T,2024-04-16,1000000.00,4.924223,99.216696875
08:01:10,91282CKH3,TSRYS5774872,D,S,T,2024-04-16,1000000.00,4.924223,99.216696875
08:01:10,91282CKH3,TSRYS5774872,D,S,T,2024-04-16,5000000.00,4.924223,99.216696875
08:01:10,91282CKH3,TSRYS5774872,D,S,T,2024-04-16,1000000.00,4.924223,99.216696875
08:01:10,91282CKH3,TSRYS5774872,D,S,T,2024-04-16,1000000.00,4.924223,99.216696875
08:01:10,91282CKH3,TSRYS5774872,D,S,T,2024-04-16,1000000.00,4.924223,99.216696875
08:01:10,91282CKH3,TSRYS5774872,D,S,T,2024-04-16,1000000.00,4.924223,99.216696875
08:01:10,91282CKH3,TSRYS5774872,D,S,T,2024-04-16,1000000.00,4.924223,99.216696875
08:01:10,91282CKH3,TSRYS5774872,D,S,T,2024-04-16,1000000.00,4.924223,99.216696875
08:01:10,91282CKH3,TSRYS5774872,D,S,A,2024-04-16,4239000.00,4.948692,99.171875
08:01:11,91282CKH3,TSRYS5774872,D,S,T,2024-04-16,1000000.00,4.942348,99.18349375
08:01:11,91282CKH3,TSRYS5774872,D,S,T,2024-04-16,1000000.00,4.924263,99.216621875
08:01:11,91282CKH3,TSRYS5774872,D,S,T,2024-04-16,2000000.00,4.924263,99.216621875
08:01:11,91282CKH3,TSRYS5774872,D,S,T,2024-04-16,1000000.00,4.924263,99.216621875
08:01:11,91282CKH3,TSRYS5774872,D,S,T,2024-04-16,1000000.00,4.924263,99.216621875
08:01:11,91282CKH3,TSRYS5774872,D,S,T,2024-04-16,1000000.00,4.924263,99.216621875
08:01:11,91282CKH3,TSRYS5774872,D,S,T,2024-04-16,2000000.00,4.924263,99.216621875
08:01:11,91282CKH3,TSRYS5774872,D,S,T,2024-04-16,1000000.00,4.924263,99.216621875
08:01:11,91282CKH3,TSRYS5774872,D,B,A,2024-04-16,1200000.00,4.935895,99.1953125
08:01:12,91282CKH3,TSRYS5774872,D,S,D,2024-04-16,50000000.00,4.95166,99.1664406
08:01:12,91282CKH3,TSRYS5774872,D,S,T,2024-04-16,1000000.00,4.946559,99.17578125
08:01:12,91282CKH3,TSRYS5774872,D,B,A,2024-04-16,1300000.00,4.944426,99.1796875
08:01:12,91282CKH3,TSRYS5774872,D,S,T,2024-04-16,2000000.00,4.946559,99.17578125
08:01:12,91282CKH3,TSRYS5774872,D,S,T,2024-04-16,1000000.00,4.946559,99.17578125
08:01:12,91282CKH3,TSRYS5774872,D,B,A,2024-04-16,20000.00,4.944426,99.1796875
08:01:12,91282CKH3,TSRYS5774872,D,S,T,2024-04-16,1000000.00,4.946559,99.17578125
08:01:13,91282CKH3,TSRYS5774872,D,S,A,2024-04-16,20000000.00,4.944426,99.1796875
08:01:13,91282CKH3,TSRYS5774872,D,B,C,2024-04-16,1000000.00,4.924168,99.216796875
08:01:13,91282CKH3,TSRYS5774872,D,S,D,2024-04-16,1000000.00,4.924168,99.216796875
08:01:13,91282CKH3,TSRYS5774872,D,B,C,2024-04-16,1000000.00,4.924168,99.216796875
08:01:13,91282CKH3,TSRYS5774872,D,S,D,2024-04-16,1000000.00,4.924168,99.216796875
08:01:13,91282CKH3,TSRYS5774872,D,B,C,2024-04-16,2000000.00,4.924168,99.216796875
08:01:13,91282CKH3,TSRYS5774872,D,S,D,2024-04-16,2000000.00,4.924168,99.216796875
08:01:13,91282CKH3,TSRYS5774872,D,S,T,2024-04-16,1000000.00,4.946559,99.17578125
08:01:13,91282CKH3,TSRYS5774872,D,S,T,2024-04-16,1000000.00,4.946559,99.17578125
08:01:14,91282CKH3,TSRYS5774872,D,S,C,2024-04-16,10000.00,4.938606,99.190348
08:01:14,91282CKH3,TSRYS5774872,D,S,A,2024-04-16,200000.00,4.935895,99.195313
08:01:15,91282CKH3,TSRYS5774872,D,B,A,2024-04-16,400000.00,4.948692,99.171875
08:01:15,91282CKH3,TSRYS5774872,D,B,C,2024-04-16,54537200.00,4.944426,99.1796875
08:01:15,91282CKH3,TSRYS5774872,D,B,A,2024-04-16,1750000.00,4.948692,99.171875
08:01:15,91282CKH3,TSRYS5774872,D,B,A,2024-04-16,766000.00,4.935895,99.1953125
08:01:15,91282CKH3,TSRYS5774872,D,S,T,2024-04-16,2000000.00,4.944426,99.1796875
08:01:15,91282CKH3,TSRYS5774872,D,B,A,2024-04-16,5240000.00,4.948692,99.171875
08:01:16,91282CKH3,TSRYS5774872,D,B,A,2024-04-16,400000.00,4.947626,99.173828125
08:01:17,91282CKH3,TSRYS5774872,D,S,D,2024-04-16,1000000.00,4.924168,99.216796875
08:01:17,91282CKH3,TSRYS5774872,D,B,C,2024-04-16,1000000.00,4.924168,99.216796875
08:01:17,91282CKH3,TSRYS5774872,D,S,D,2024-04-16,2000000.00,4.924168,99.216796875
08:01:17,91282CKH3,TSRYS5774872,D,B,C,2024-04-16,2000000.00,4.924168,99.216796875
08:01:17,91282CKH3,TSRYS5774872,D,S,D,2024-04-16,1000000.00,4.924168,99.216796875
08:01:17,91282CKH3,TSRYS5774872,D,S,D,2024-04-16,1000000.00,4.924168,99.216796875
08:01:17,91282CKH3,TSRYS5774872,D,S,D,2024-04-16,1000000.00,4.924168,99.216796875
08:01:17,91282CKH3,TSRYS5774872,D,S,D,2024-04-16,1000000.00,4.924168,99.216796875
08:01:17,91282CKH3,TSRYS5774872,D,S,D,2024-04-16,1000000.00,4.924168,99.216796875
08:01:17,91282CKH3,TSRYS5774872,D,S,D,2024-04-16,1000000.00,4.924168,99.216796875
08:01:17,91282CKH3,TSRYS5774872,D,S,D,2024-04-16,1000000.00,4.924168,99.216796875
08:01:17,91282CKH3,TSRYS5774872,D,B,C,2024-04-16,1000000.00,4.924168,99.216796875
08:01:17,91282CKH3,TSRYS5774872,D,B,C,2024-04-16,1000000.00,4.923102,99.21875
08:01:17,91282CKH3,TSRYS5774872,D,S,D,2024-04-16,1000000.00,4.923102,99.21875
08:01:17,91282CKH3,TSRYS5774872,D,B,C,2024-04-16,1000000.00,4.923102,99.21875
08:01:17,91282CKH3,TSRYS5774872,D,S,D,2024-04-16,1000000.00,4.923102,99.21875
08:01:17,91282CKH3,TSRYS5774872,D,B,C,2024-04-16,1000000.00,4.923102,99.21875
08:01:17,91282CKH3,TSRYS5774872,D,S,D,2024-04-16,1000000.00,4.923102,99.21875
08:01:17,91282CKH3,TSRYS5774872,D,B,C,2024-04-16,1000000.00,4.923102,99.21875
08:01:17,91282CKH3,TSRYS5774872,D,S,D,2024-04-16,1000000.00,4.923102,99.21875
08:01:17,91282CKH3,TSRYS5774872,D,B,C,2024-04-16,1000000.00,4.923102,99.21875
08:01:17,91282CKH3,TSRYS5774872,D,S,D,2024-04-16,1000000.00,4.923102,99.21875
08:01:17,91282CKH3,TSRYS5774872,D,S,D,2024-04-16,14400000.00,4.974298,99.125
08:01:17,91282CKH3,TSRYS5774872,D,B,A,2024-04-16,485000.00,4.948692,99.171875
08:01:17,91282CKH3,TSRYS5774872,D,S,D,2024-04-16,9600000.00,4.974298,99.125
08:01:17,91282CKH3,TSRYS5774872,D,S,A,2024-04-16,2084000.00,4.914575,99.234375
08:01:17,91282CKH3,TSRYS5774872,D,S,D,2024-04-16,6450000.00,4.974298,99.125
08:01:17,91282CKH3,TSRYS5774872,D,B,C,2024-04-16,2000000.00,4.923102,99.21875
08:01:17,91282CKH3,TSRYS5774872,D,S,D,2024-04-16,2000000.00,4.923102,99.21875
08:01:17,91282CKH3,TSRYS5774872,D,B,C,2024-04-16,1000000.00,4.923102,99.21875
08:01:17,91282CKH3,TSRYS5774872,D,S,D,2024-04-16,1000000.00,4.923102,99.21875
08:01:17,91282CKH3,TSRYS5774872,D,S,C,2024-04-16,1000000.00,4.923102,99.21875
08:01:17,91282CKH3,TSRYS5774872,D,S,C,2024-04-16,1000000.00,4.923102,99.21875
08:01:17,91282CKH3,TSRYS5774872,D,S,C,2024-04-16,1000000.00,4.923102,99.21875
08:01:17,91282CKH3,TSRYS5774872,D,B,C,2024-04-16,1000000.00,4.923102,99.21875
08:01:17,91282CKH3,TSRYS5774872,D,S,A,2024-04-16,19114600.00,4.927366,99.2109375
08:01:18,91282CKH3,TSRYS5774872,D,S,C,2024-04-16,1000000.00,4.919904,99.224609375
08:01:18,91282CKH3,TSRYS5774872,D,S,D,2024-04-16,1000000.00,4.915641,99.232421875
08:01:18,91282CKH3,TSRYS5774872,D,S,D,2024-04-16,1000000.00,4.915641,99.232421875
08:01:18,91282CKH3,TSRYS5774872,D,S,C,2024-04-16,3000000.00,4.915641,99.232421875
08:01:18,91282CKH3,TSRYS5774872,D,B,C,2024-04-16,500000.00,4.914575,99.234375
08:01:19,91282CKH3,TSRYS5774872,D,S,A,2024-04-16,25000000.00,4.944426,99.1796875
08:01:19,91282CKH3,TSRYS5774872,D,S,C,2024-04-16,1000000.00,4.940161,99.1875
08:01:19,91282CKH3,TSRYS5774872,D,B,C,2024-04-16,1000000.00,4.940161,99.1875
08:01:19,91282CKH3,TSRYS5774872,D,S,T,2024-04-16,2000000.00,4.935951,99.1952105
08:01:23,91282CKH3,TSRYS5774872,D,S,C,2024-04-16,3000000.00,4.946559,99.17578125
08:01:23,91282CKH3,TSRYS5774872,D,S,T,2024-04-16,2000000.00,4.924168,99.216796875
08:01:23,91282CKH3,TSRYS5774872,D,S,T,2024-04-16,2000000.00,4.924168,99.216796875
08:01:23,91282CKH3,TSRYS5774872,D,S,T,2024-04-16,2000000.00,4.924168,99.216796875
08:01:23,91282CKH3,TSRYS5774872,D,S,T,2024-04-16,1000000.00,4.924168,99.216796875
08:01:23,91282CKH3,TSRYS5774872,D,S,T,2024-04-16,1000000.00,4.924168,99.216796875
08:01:23,91282CKH3,TSRYS5774872,D,S,C,2024-04-16,5000000.00,4.946559,99.17578125
08:01:23,91282CKH3,TSRYS5774872,D,S,D,2024-04-16,2000000.00,4.946559,99.17578125
08:01:23,91282CKH3,TSRYS5774872,D,S,C,2024-04-16,10000000.00,4.946559,99.17578125
08:01:23,91282CKH3,TSRYS5774872,D,S,T,2024-04-16,1000000.00,4.946559,99.17578125
08:01:23,91282CKH3,TSRYS5774872,D,S,T,2024-04-16,2000000.00,4.946559,99.17578125
08:01:23,91282CKH3,TSRYS5774872,D,S,T,2024-04-16,1000000.00,4.946559,99.17578125
08:01:23,91282CKH3,TSRYS5774872,D,S,T,2024-04-16,12000000.00,4.946559,99.17578125
08:01:23,91282CKH3,TSRYS5774872,D,S,A,2024-04-16,1100000.00,4.938028,99.19140625
08:01:23,91282CKH3,TSRYS5774872,D,S,T,2024-04-16,1000000.00,4.946723,99.17548125
08:01:23,91282CKH3,TSRYS5774872,D,S,T,2024-04-16,1000000.00,4.946559,99.17578125
08:01:23,91282CKH3,TSRYS5774872,D,S,T,2024-04-16,1000000.00,4.946559,99.17578125
08:01:23,91282CKH3,TSRYS5774872,D,S,T,2024-04-16,4000000.00,4.945493,99.177734375
08:01:23,91282CKH3,TSRYS5774872,D,S,T,2024-04-16,1000000.00,4.946559,99.17578125
08:01:23,91282CKH3,TSRYS5774872,D,S,T,2024-04-16,4000000.00,4.946559,99.17578125
08:01:23,91282CKH3,TSRYS5774872,D,S,T,2024-04-16,1000000.00,4.946723,99.17548125
08:01:23,91282CKH3,TSRYS5774872,D,S,T,2024-04-16,1000000.00,4.946723,99.17548125
08:01:23,91282CKH3,TSRYS5774872,D,S,T,2024-04-16,1000000.00,4.946559,99.17578125
08:01:23,91282CKH3,TSRYS5774872,D,S,T,2024-04-16,1000000.00,4.946723,99.17548125
08:01:23,91282CKH3,TSRYS5774872,D,S,T,2024-04-16,1000000.00,4.946559,99.17578125
08:01:23,91282CKH3,TSRYS5774872,D,S,T,2024-04-16,1000000.00,4.94459,99.1793875
08:01:23,91282CKH3,TSRYS5774872,D,B,A,2024-04-16,8000000.00,4.946559,99.175781
08:01:23,91282CKH3,TSRYS5774872,D,S,T,2024-04-16,12000000.00,4.946559,99.17578125
08:01:23,91282CKH3,TSRYS5774872,D,S,T,2024-04-16,1000000.00,4.946559,99.17578125
08:01:23,91282CKH3,TSRYS5774872,D,S,T,2024-04-16,2000000.00,4.947626,99.173828125
08:01:23,91282CKH3,TSRYS5774872,D,S,T,2024-04-16,2000000.00,4.947626,99.173828125
08:01:23,91282CKH3,TSRYS5774872,D,S,T,2024-04-16,1000000.00,4.946559,99.17578125
08:01:23,91282CKH3,TSRYS5774872,D,S,D,2024-04-16,30000000.00,4.946559,99.17578125
08:01:23,91282CKH3,TSRYS5774872,D,S,T,2024-04-16,1000000.00,4.946559,99.17578125
08:01:23,91282CKH3,TSRYS5774872,D,S,T,2024-04-16,1000000.00,4.946723,99.17548125
08:01:23,91282CKH3,TSRYS5774872,D,B,C,2024-04-16,1000000.00,4.946559,99.17578125
08:01:23,91282CKH3,TSRYS5774872,D,S,T,2024-04-16,1000000.00,4.946723,99.17548125
08:01:23,91282CKH3,TSRYS5774872,D,B,C,2024-04-16,1000000.00,4.945493,99.177734375
08:01:23,91282CKH3,TSRYS5774872,D,S,D,2024-04-16,1000000.00,4.945493,99.177734375
08:01:23,91282CKH3,TSRYS5774872,D,S,T,2024-04-16,1000000.00,4.946559,99.17578125
08:01:23,91282CKH3,TSRYS5774872,D,S,D,2024-04-16,3000000.00,4.945493,99.177734375
08:01:23,91282CKH3,TSRYS5774872,D,S,D,2024-04-16,1000000.00,4.945493,99.177734375
08:01:23,91282CKH3,TSRYS5774872,D,S,T,2024-04-16,1000000.00,4.946559,99.17578125
