tradeTime,cusip,issueSymbolIdentifier,priceType,reportingSideCode,contraPartyTypeCode,tradeDate,reportedTradeVolume,lastSaleYield,lastSalePrice
08:00:03,91282CKS9,TSRYS5814779,D,S,T,2024-06-05,1000000.00,4.776405,100.18359375
08:00:03,91282CKS9,TSRYS5814779,D,S,D,2024-06-05,1000000.00,4.777447,100.181640625
08:00:03,91282CKS9,TSRYS5814779,D,S,T,2024-06-05,1000000.00,4.77849,100.1796875
08:00:03,91282CKS9,TSRYS5814779,D,S,T,2024-06-05,4000000.00,4.77849,100.1796875
08:00:03,91282CKS9,TSRYS5814779,D,S,T,2024-06-05,2000000.00,4.779532,100.177734375
08:00:03,91282CKS9,TSRYS5814779,D,S,T,2024-06-05,2000000.00,4.78266,100.171875
08:00:06,91282CKS9,TSRYS5814779,D,S,D,2024-06-05,1000000.00,4.784745,100.16796875
08:00:06,91282CKS9,TSRYS5814779,D,S,D,2024-06-05,2000000.00,4.78683,100.1640625
08:00:06,91282CKS9,TSRYS5814779,D,S,D,2024-06-05,2000000.00,4.78683,100.1640625
08:00:06,91282CKS9,TSRYS5814779,D,S,D,2024-06-05,2000000.00,4.78683,100.1640625
08:00:06,91282CKS9,TSRYS5814779,D,S,D,2024-06-05,1000000.00,4.78683,100.1640625
08:00:06,91282CKS9,TSRYS5814779,D,S,D,2024-06-05,1000000.00,4.78683,100.1640625
08:00:06,91282CKS9,TSRYS5814779,D,S,D,2024-06-05,2000000.00,4.78683,100.1640625
08:00:06,91282CKS9,TSRYS5814779,D,S,D,2024-06-05,1000000.00,4.791001,100.15625
08:00:06,91282CKS9,TSRYS5814779,D,S,D,2024-06-05,1000000.00,4.791001,100.15625
08:00:06,91282CKS9,TSRYS5814779,D,S,T,2024-06-05,2000000.00,4.788915,100.16015625
08:00:06,91282CKS9,TSRYS5814779,D,S,D,2024-06-05,1000000.00,4.789958,100.158203125
08:00:06,91282CKS9,TSRYS5814779,D,S,D,2024-06-05,1000000.00,4.789958,100.158203125
08:00:06,91282CKS9,TSRYS5814779,D,S,D,2024-06-05,4000000.00,4.785787,100.166015625
08:00:06,91282CKS9,TSRYS5814779,D,S,D,2024-06-05,4000000.00,4.785787,100.166015625
08:00:06,91282CKS9,TSRYS5814779,D,S,D,2024-06-05,4000000.00,4.785787,100.166015625
08:00:06,91282CKS9,TSRYS5814779,D,S,D,2024-06-05,4000000.00,4.785787,100.166015625
08:00:06,91282CKS9,TSRYS5814779,D,S,D,2024-06-05,4000000.00,4.785787,100.166015625
08:00:06,91282CKS9,TSRYS5814779,D,S,D,2024-06-05,4000000.00,4.785787,100.166015625
08:00:06,91282CKS9,TSRYS5814779,D,S,D,2024-06-05,4000000.00,4.785787,100.166015625
08:00:06,91282CKS9,TSRYS5814779,D,S,D,2024-06-05,4000000.00,4.785787,100.166015625
08:00:06,91282CKS9,TSRYS5814779,D,S,D,2024-06-05,4000000.00,4.78683,100.1640625
08:00:06,91282CKS9,TSRYS5814779,D,S,D,2024-06-05,1000000.00,4.78683,100.1640625
08:00:06,91282CKS9,TSRYS5814779,D,S,D,2024-06-05,4000000.00,4.78683,100.1640625
08:00:06,91282CKS9,TSRYS5814779,D,S,D,2024-06-05,5000000.00,4.783702,100.169921875
08:00:06,91282CKS9,TSRYS5814779,D,S,D,2024-06-05,5000000.00,4.783702,100.169921875
08:00:06,91282CKS9,TSRYS5814779,D,S,D,2024-06-05,5000000.00,4.783702,100.169921875
08:00:06,91282CKS9,TSRYS5814779,D,S,D,2024-06-05,5000000.00,4.783702,100.169921875
08:00:06,91282CKS9,TSRYS5814779,D,S,D,2024-06-05,5000000.00,4.783702,100.169921875
08:00:06,91282CKS9,TSRYS5814779,D,S,T,2024-06-05,1000000.00,4.783702,100.169921875
08:00:06,91282CKS9,TSRYS5814779,D,S,D,2024-06-05,3000000.00,4.783702,100.169921875
08:00:06,91282CKS9,TSRYS5814779,D,S,T,2024-06-05,4000000.00,4.783702,100.169921875
08:00:06,91282CKS9,TSRYS5814779,D,S,D,2024-06-05,1000000.00,4.783702,100.169921875
08:00:06,91282CKS9,TSRYS5814779,D,S,T,2024-06-05,2000000.00,4.783702,100.169921875
08:00:06,91282CKS9,TSRYS5814779,D,S,D,2024-06-05,3000000.00,4.783702,100.169921875
08:00:06,91282CKS9,TSRYS5814779,D,S,D,2024-06-05,5000000.00,4.783702,100.169921875
08:00:06,91282CKS9,TSRYS5814779,D,S,D,2024-06-05,5000000.00,4.783702,100.169921875
08:00:06,91282CKS9,TSRYS5814779,D,S,D,2024-06-05,5000000.00,4.784745,100.16796875
08:00:06,91282CKS9,TSRYS5814779,D,S,D,2024-06-05,5000000.00,4.784745,100.16796875
08:00:06,91282CKS9,TSRYS5814779,D,S,D,2024-06-05,5000000.00,4.784745,100.16796875
08:00:06,91282CKS9,TSRYS5814779,D,S,D,2024-06-05,2000000.00,4.784745,100.16796875
08:00:06,91282CKS9,TSRYS5814779,D,S,T,2024-06-05,5000000.00,4.781617,100.173828125
08:00:06,91282CKS9,TSRYS5814779,D,S,T,2024-06-05,5000000.00,4.781617,100.173828125
08:00:06,91282CKS9,TSRYS5814779,D,S,T,2024-06-05,5000000.00,4.781617,100.173828125
08:00:06,91282CKS9,TSRYS5814779,D,S,T,2024-06-05,2000000.00,4.781617,100.173828125
08:00:06,91282CKS9,TSRYS5814779,D,S,T,2024-06-05,5000000.00,4.781617,100.173828125
08:00:06,91282CKS9,TSRYS5814779,D,S,T,2024-06-05,1000000.00,4.781617,100.173828125
08:00:06,91282CKS9,TSRYS5814779,D,S,T,2024-06-05,1000000.00,4.781617,100.173828125
08:00:06,91282CKS9,TSRYS5814779,D,S,T,2024-06-05,8000000.00,4.780575,100.17578125
08:00:06,91282CKS9,TSRYS5814779,D,S,T,2024-06-05,6000000.00,4.77849,100.1796875
08:00:06,91282CKS9,TSRYS5814779,D,S,T,2024-06-05,1000000.00,4.771193,100.193359375
08:00:06,91282CKS9,TSRYS5814779,D,S,D,2024-06-05,4000000.00,4.771193,100.193359375
08:00:06,91282CKS9,TSRYS5814779,D,S,D,2024-06-05,1000000.00,4.768067,100.19921875
08:00:06,91282CKS9,TSRYS5814779,D,S,D,2024-06-05,1000000.00,4.768067,100.19921875
08:00:06,91282CKS9,TSRYS5814779,D,S,D,2024-06-05,1000000.00,4.768067,100.19921875
08:00:06,91282CKS9,TSRYS5814779,D,S,D,2024-06-05,1000000.00,4.768067,100.19921875
08:00:06,91282CKS9,TSRYS5814779,D,S,D,2024-06-05,1000000.00,4.768067,100.19921875
08:00:06,91282CKS9,TSRYS5814779,D,S,D,2024-06-05,1000000.00,4.768067,100.19921875
08:00:06,91282CKS9,TSRYS5814779,D,S,T,2024-06-05,1000000.00,4.772236,100.19140625
08:00:06,91282CKS9,TSRYS5814779,D,S,T,2024-06-05,1000000.00,4.772236,100.19140625
08:00:06,91282CKS9,TSRYS5814779,D,S,T,2024-06-05,1000000.00,4.772236,100.19140625
08:00:06,91282CKS9,TSRYS5814779,D,S,T,2024-06-05,1000000.00,4.772236,100.19140625
08:00:06,91282CKS9,TSRYS5814779,D,S,T,2024-06-05,1000000.00,4.772236,100.19140625
08:00:06,91282CKS9,TSRYS5814779,D,S,T,2024-06-05,1000000.00,4.772236,100.19140625
08:00:06,91282CKS9,TSRYS5814779,D,S,T,2024-06-05,1000000.00,4.772236,100.19140625
08:00:06,91282CKS9,TSRYS5814779,D,S,T,2024-06-05,1000000.00,4.772236,100.19140625
08:00:06,91282CKS9,TSRYS5814779,D,S,D,2024-06-05,1000000.00,4.773278,100.189453125
08:00:06,91282CKS9,TSRYS5814779,D,S,D,2024-06-05,1000000.00,4.773278,100.189453125
08:00:06,91282CKS9,TSRYS5814779,D,S,T,2024-06-05,1000000.00,4.773278,100.189453125
08:00:06,91282CKS9,TSRYS5814779,D,S,D,2024-06-05,1000000.00,4.773278,100.189453125
08:00:06,91282CKS9,TSRYS5814779,D,S,D,2024-06-05,1000000.00,4.773278,100.189453125
08:00:06,91282CKS9,TSRYS5814779,D,S,D,2024-06-05,1000000.00,4.773278,100.189453125
08:00:06,91282CKS9,TSRYS5814779,D,S,D,2024-06-05,1000000.00,4.773278,100.189453125
08:00:06,91282CKS9,TSRYS5814779,D,S,D,2024-06-05,1000000.00,4.773278,100.189453125
08:00:06,91282CKS9,TSRYS5814779,D,S,D,2024-06-05,1000000.00,4.773278,100.189453125
08:00:06,91282CKS9,TSRYS5814779,D,S,D,2024-06-05,1000000.00,4.773278,100.189453125
08:00:06,91282CKS9,TSRYS5814779,D,S,D,2024-06-05,1000000.00,4.773278,100.189453125
08:00:06,91282CKS9,TSRYS5814779,D,S,D,2024-06-05,1000000.00,4.773278,100.189453125
08:00:06,91282CKS9,TSRYS5814779,D,S,T,2024-06-05,1000000.00,4.773278,100.189453125
08:00:06,91282CKS9,TSRYS5814779,D,S,T,2024-06-05,1000000.00,4.773278,100.189453125
08:00:06,91282CKS9,TSRYS5814779,D,S,T,2024-06-05,1000000.00,4.773278,100.189453125
08:00:06,91282CKS9,TSRYS5814779,D,S,T,2024-06-05,1000000.00,4.773278,100.189453125
08:00:06,91282CKS9,TSRYS5814779,D,S,T,2024-06-05,1000000.00,4.773278,100.189453125
08:00:06,91282CKS9,TSRYS5814779,D,S,T,2024-06-05,1000000.00,4.773278,100.189453125
08:00:06,91282CKS9,TSRYS5814779,D,S,T,2024-06-05,1000000.00,4.773278,100.189453125
08:00:06,91282CKS9,TSRYS5814779,D,S,T,2024-06-05,1000000.00,4.773278,100.189453125
08:00:06,91282CKS9,TSRYS5814779,D,S,T,2024-06-05,1000000.00,4.773278,100.189453125
08:00:06,91282CKS9,TSRYS5814779,D,S,D,2024-06-05,1000000.00,4.773278,100.189453125
08:00:06,91282CKS9,TSRYS5814779,D,S,D,2024-06-05,1000000.00,4.773278,100.189453125
08:00:06,91282CKS9,TSRYS5814779,D,S,D,2024-06-05,1000000.00,4.773278,100.189453125
08:00:06,91282CKS9,TSRYS5814779,D,S,D,2024-06-05,1000000.00,4.773278,100.189453125
08:00:06,91282CKS9,TSRYS5814779,D,S,D,2024-06-05,1000000.00,4.773278,100.189453125
08:00:06,91282CKS9,TSRYS5814779,D,S,D,2024-06-05,1000000.00,4.773278,100.189453125
08:00:06,91282CKS9,TSRYS5814779,D,S,D,2024-06-05,1000000.00,4.773278,100.189453125
08:00:06,91282CKS9,TSRYS5814779,D,S,D,2024-06-05,1000000.00,4.773278,100.189453125
08:00:06,91282CKS9,TSRYS5814779,D,S,T,2024-06-05,1000000.00,4.773278,100.189453125
08:00:06,91282CKS9,TSRYS5814779,D,S,T,2024-06-05,1000000.00,4.773278,100.189453125
08:00:06,91282CKS9,TSRYS5814779,D,S,T,2024-06-05,1000000.00,4.773278,100.189453125
08:00:06,91282CKS9,TSRYS5814779,D,S,T,2024-06-05,1000000.00,4.773278,100.189453125
08:00:06,91282CKS9,TSRYS5814779,D,S,T,2024-06-05,1000000.00,4.773278,100.189453125
08:00:06,91282CKS9,TSRYS5814779,D,S,T,2024-06-05,1000000.00,4.773278,100.189453125
08:00:06,91282CKS9,TSRYS5814779,D,S,T,2024-06-05,1000000.00,4.773278,100.189453125
08:00:06,91282CKS9,TSRYS5814779,D,S,T,2024-06-05,1000000.00,4.773278,100.189453125
08:00:06,91282CKS9,TSRYS5814779,D,S,T,2024-06-05,1000000.00,4.773278,100.189453125
08:00:06,91282CKS9,TSRYS5814779,D,S,T,2024-06-05,1000000.00,4.773278,100.189453125
08:00:06,91282CKS9,TSRYS5814779,D,S,T,2024-06-05,1000000.00,4.773278,100.189453125
08:00:06,91282CKS9,TSRYS5814779,D,S,T,2024-06-05,1000000.00,4.773278,100.189453125
08:00:06,91282CKS9,TSRYS5814779,D,S,T,2024-06-05,1000000.00,4.773278,100.189453125
08:00:06,91282CKS9,TSRYS5814779,D,S,T,2024-06-05,1000000.00,4.773278,100.189453125
08:00:06,91282CKS9,TSRYS5814779,D,S,T,2024-06-05,1000000.00,4.773278,100.189453125
08:00:06,91282CKS9,TSRYS5814779,D,S,T,2024-06-05,1000000.00,4.773278,100.189453125
08:00:06,91282CKS9,TSRYS5814779,D,S,T,2024-06-05,1000000.00,4.773278,100.189453125
08:00:06,91282CKS9,TSRYS5814779,D,S,T,2024-06-05,1000000.00,4.773278,100.189453125
08:00:06,91282CKS9,TSRYS5814779,D,S,T,2024-06-05,1000000.00,4.773278,100.189453125
08:00:06,91282CKS9,TSRYS5814779,D,S,T,2024-06-05,1000000.00,4.773278,100.189453125
08:00:06,91282CKS9,TSRYS5814779,D,S,T,2024-06-05,1000000.00,4.773278,100.189453125
08:00:06,91282CKS9,TSRYS5814779,D,S,T,2024-06-05,1000000.00,4.773278,100.189453125
08:00:06,91282CKS9,TSRYS5814779,D,S,T,2024-06-05,5000000.00,4.772236,100.19140625
08:00:06,91282CKS9,TSRYS5814779,D,S,D,2024-06-05,50000000.00,4.779532,100.177734375
08:00:06,91282CKS9,TSRYS5814779,D,S,T,2024-06-05,1000000.00,4.788915,100.16015625
08:00:06,91282CKS9,TSRYS5814779,D,S,T,2024-06-05,2000000.00,4.78683,100.1640625
08:00:10,91282CKS9,TSRYS5814779,D,B,A,2024-06-05,1157000.00,4.780575,100.17578125
08:00:10,91282CKS9,TSRYS5814779,D,S,C,2024-06-05,1675000.00,4.77432,100.1875
08:00:10,91282CKS9,TSRYS5814779,D,S,D,2024-06-05,1000000.00,4.77432,100.1875
08:00:13,91282CKS9,TSRYS5814779,D,S,T,2024-06-05,1000000.00,4.77849,100.1796875
08:00:13,91282CKS9,TSRYS5814779,D,S,T,2024-06-05,1000000.00,4.779532,100.177734375
08:00:13,91282CKS9,TSRYS5814779,D,S,T,2024-06-05,1000000.00,4.777447,100.181640625
08:00:13,91282CKS9,TSRYS5814779,D,S,T,2024-06-05,1000000.00,4.777447,100.181640625
08:00:13,91282CKS9,TSRYS5814779,D,S,T,2024-06-05,1000000.00,4.777447,100.181640625
08:00:13,91282CKS9,TSRYS5814779,D,S,T,2024-06-05,1000000.00,4.776405,100.18359375
08:00:13,91282CKS9,TSRYS5814779,D,S,T,2024-06-05,1000000.00,4.776405,100.18359375
08:00:13,91282CKS9,TSRYS5814779,D,S,T,2024-06-05,4000000.00,4.776405,100.18359375
08:00:13,91282CKS9,TSRYS5814779,D,S,T,2024-06-05,1000000.00,4.777447,100.181640625
08:00:13,91282CKS9,TSRYS5814779,D,S,D,2024-06-05,1000000.00,4.777447,100.181640625
08:00:13,91282CKS9,TSRYS5814779,D,S,D,2024-06-05,1000000.00,4.777447,100.181640625
08:00:13,91282CKS9,TSRYS5814779,D,S,D,2024-06-05,1000000.00,4.777447,100.181640625
08:00:13,91282CKS9,TSRYS5814779,D,S,D,2024-06-05,1000000.00,4.777447,100.181640625
08:00:13,91282CKS9,TSRYS5814779,D,S,D,2024-06-05,1000000.00,4.777447,100.181640625
08:00:13,91282CKS9,TSRYS5814779,D,S,T,2024-06-05,1000000.00,4.777447,100.181640625
08:00:13,91282CKS9,TSRYS5814779,D,S,T,2024-06-05,1000000.00,4.777447,100.181640625
08:00:13,91282CKS9,TSRYS5814779,D,S,T,2024-06-05,1000000.00,4.780575,100.17578125
08:00:13,91282CKS9,TSRYS5814779,D,S,T,2024-06-05,1000000.00,4.780575,100.17578125
08:00:13,91282CKS9,TSRYS5814779,D,S,T,2024-06-05,1000000.00,4.779532,100.177734375
08:00:13,91282CKS9,TSRYS5814779,D,S,T,2024-06-05,1000000.00,4.780575,100.17578125
08:00:13,91282CKS9,TSRYS5814779,D,S,T,2024-06-05,1000000.00,4.78266,100.171875
08:00:13,91282CKS9,TSRYS5814779,D,S,T,2024-06-05,4000000.00,4.784745,100.16796875
08:00:13,91282CKS9,TSRYS5814779,D,S,T,2024-06-05,1000000.00,4.783702,100.169921875
08:00:13,91282CKS9,TSRYS5814779,D,S,T,2024-06-05,1000000.00,4.785787,100.166015625
08:00:13,91282CKS9,TSRYS5814779,D,S,T,2024-06-05,1000000.00,4.78266,100.171875
08:00:13,91282CKS9,TSRYS5814779,D,S,T,2024-06-05,1000000.00,4.787873,100.162109375
08:00:13,91282CKS9,TSRYS5814779,D,B,A,2024-06-05,806000.00,4.77849,100.1796875
08:00:13,91282CKS9,TSRYS5814779,D,S,T,2024-06-05,1000000.00,4.78683,100.1640625
08:00:13,91282CKS9,TSRYS5814779,D,S,T,2024-06-05,1000000.00,4.784745,100.16796875
08:00:13,91282CKS9,TSRYS5814779,D,B,A,2024-06-05,806000.00,4.77849,100.1796875
08:00:13,91282CKS9,TSRYS5814779,D,S,T,2024-06-05,1000000.00,4.788915,100.16015625
08:00:13,91282CKS9,TSRYS5814779,D,S,T,2024-06-05,1000000.00,4.791001,100.15625
08:00:13,91282CKS9,TSRYS5814779,D,S,T,2024-06-05,1000000.00,4.791001,100.15625
08:00:13,91282CKS9,TSRYS5814779,D,S,T,2024-06-05,1000000.00,4.791001,100.15625
08:00:13,91282CKS9,TSRYS5814779,D,S,T,2024-06-05,3000000.00,4.791001,100.15625
08:00:13,91282CKS9,TSRYS5814779,D,S,T,2024-06-05,1000000.00,4.791001,100.15625
08:00:13,91282CKS9,TSRYS5814779,D,S,T,2024-06-05,1000000.00,4.792044,100.154296875
08:00:14,91282CKS9,TSRYS5814779,D,S,T,2024-06-05,1000000.00,4.794129,100.150390625
08:00:14,91282CKS9,TSRYS5814779,D,S,T,2024-06-05,1000000.00,4.794129,100.150390625
08:00:14,91282CKS9,TSRYS5814779,D,S,T,2024-06-05,1000000.00,4.793086,100.15234375
08:00:14,91282CKS9,TSRYS5814779,D,S,T,2024-06-05,1000000.00,4.793086,100.15234375
08:00:14,91282CKS9,TSRYS5814779,D,S,T,2024-06-05,1000000.00,4.792044,100.154296875
08:00:14,91282CKS9,TSRYS5814779,D,S,T,2024-06-05,1000000.00,4.791001,100.15625
08:00:14,91282CKS9,TSRYS5814779,D,S,T,2024-06-05,1000000.00,4.792044,100.154296875
08:00:14,91282CKS9,TSRYS5814779,D,S,D,2024-06-05,1000000.00,4.78683,100.1640625
08:00:14,91282CKS9,TSRYS5814779,D,S,D,2024-06-05,1000000.00,4.78683,100.1640625
08:00:14,91282CKS9,TSRYS5814779,D,S,D,2024-06-05,1000000.00,4.78683,100.1640625
08:00:14,91282CKS9,TSRYS5814779,D,S,D,2024-06-05,1000000.00,4.78683,100.1640625
08:00:14,91282CKS9,TSRYS5814779,D,S,T,2024-06-05,1000000.00,4.78683,100.1640625
08:00:14,91282CKS9,TSRYS5814779,D,S,T,2024-06-05,1000000.00,4.785787,100.166015625
08:00:14,91282CKS9,TSRYS5814779,D,S,T,2024-06-05,1000000.00,4.785787,100.166015625
08:00:14,91282CKS9,TSRYS5814779,D,S,T,2024-06-05,1000000.00,4.785787,100.166015625
08:00:14,91282CKS9,TSRYS5814779,D,S,T,2024-06-05,1000000.00,4.785787,100.166015625
08:00:14,91282CKS9,TSRYS5814779,D,S,T,2024-06-05,1000000.00,4.78683,100.1640625
08:00:14,91282CKS9,TSRYS5814779,D,S,T,2024-06-05,1000000.00,4.78683,100.1640625
08:00:14,91282CKS9,TSRYS5814779,D,S,D,2024-06-05,1000000.00,4.785787,100.166015625
08:00:14,91282CKS9,TSRYS5814779,D,S,T,2024-06-05,1000000.00,4.785787,100.166015625
08:00:14,91282CKS9,TSRYS5814779,D,S,T,2024-06-05,1000000.00,4.785787,100.166015625
08:00:14,91282CKS9,TSRYS5814779,D,S,T,2024-06-05,1000000.00,4.785787,100.166015625
08:00:14,91282CKS9,TSRYS5814779,D,S,T,2024-06-05,1000000.00,4.785787,100.166015625
08:00:14,91282CKS9,TSRYS5814779,D,S,T,2024-06-05,1000000.00,4.785787,100.166015625
08:00:14,91282CKS9,TSRYS5814779,D,S,T,2024-06-05,1000000.00,4.785787,100.166015625
08:00:14,91282CKS9,TSRYS5814779,D,S,T,2024-06-05,1000000.00,4.785787,100.166015625
08:00:14,91282CKS9,TSRYS5814779,D,S,T,2024-06-05,1000000.00,4.785787,100.166015625
08:00:14,91282CKS9,TSRYS5814779,D,S,T,2024-06-05,1000000.00,4.785787,100.166015625
08:00:14,91282CKS9,TSRYS5814779,D,S,T,2024-06-05,2000000.00,4.788915,100.16015625
08:00:14,91282CKS9,TSRYS5814779,D,S,T,2024-06-05,1000000.00,4.78683,100.1640625
08:00:14,91282CKS9,TSRYS5814779,D,S,T,2024-06-05,1000000.00,4.78683,100.1640625
08:00:14,91282CKS9,TSRYS5814779,D,S,T,2024-06-05,1000000.00,4.78683,100.1640625
08:00:14,91282CKS9,TSRYS5814779,D,S,T,2024-06-05,2000000.00,4.78683,100.1640625
08:00:14,91282CKS9,TSRYS5814779,D,S,T,2024-06-05,1000000.00,4.78683,100.1640625
08:00:14,91282CKS9,TSRYS5814779,D,S,T,2024-06-05,1000000.00,4.785787,100.166015625
08:00:14,91282CKS9,TSRYS5814779,D,S,T,2024-06-05,1000000.00,4.78683,100.1640625
08:00:14,91282CKS9,TSRYS5814779,D,S,T,2024-06-05,1000000.00,4.784745,100.16796875
08:00:14,91282CKS9,TSRYS5814779,D,S,T,2024-06-05,1000000.00,4.78266,100.171875
08:00:14,91282CKS9,TSRYS5814779,D,S,T,2024-06-05,1000000.00,4.78266,100.171875
08:00:14,91282CKS9,TSRYS5814779,D,S,T,2024-06-05,1000000.00,4.78266,100.171875
08:00:14,91282CKS9,TSRYS5814779,D,S,T,2024-06-05,1000000.00,4.775363,100.185546875
08:00:14,91282CKS9,TSRYS5814779,D,S,T,2024-06-05,1000000.00,4.77432,100.1875
08:00:14,91282CKS9,TSRYS5814779,D,S,T,2024-06-05,3000000.00,4.77432,100.1875
08:00:14,91282CKS9,TSRYS5814779,D,S,T,2024-06-05,1000000.00,4.770151,100.1953125
08:00:14,91282CKS9,TSRYS5814779,D,S,T,2024-06-05,1000000.00,4.769109,100.197265625
08:00:14,91282CKS9,TSRYS5814779,D,S,T,2024-06-05,1000000.00,4.767025,100.201171875
08:00:14,91282CKS9,TSRYS5814779,D,S,T,2024-06-05,1000000.00,4.768067,100.19921875
08:00:14,91282CKS9,TSRYS5814779,D,S,T,2024-06-05,1000000.00,4.77432,100.1875
08:00:14,91282CKS9,TSRYS5814779,D,S,T,2024-06-05,1000000.00,4.77432,100.1875
08:00:14,91282CKS9,TSRYS5814779,D,S,T,2024-06-05,1000000.00,4.77432,100.1875
08:00:14,91282CKS9,TSRYS5814779,D,S,T,2024-06-05,1000000.00,4.77432,100.1875
08:00:19,91282CKS9,TSRYS5814779,D,S,D,2024-06-05,1675000.00,,100.1875
08:00:19,91282CKS9,TSRYS5814779,D,S,A,2024-06-05,2459000.00,4.780575,100.17578125
08:00:19,91282CKS9,TSRYS5814779,D,S,T,2024-06-05,6000000.00,4.780575,100.17578125
08:00:20,91282CKS9,TSRYS5814779,D,S,T,2024-06-05,5000000.00,4.780575,100.17578125
08:00:20,91282CKS9,TSRYS5814779,D,S,T,2024-06-05,1000000.00,4.780575,100.17578125
08:00:20,91282CKS9,TSRYS5814779,D,S,T,2024-06-05,2000000.00,4.780575,100.17578125
08:00:20,91282CKS9,TSRYS5814779,D,S,T,2024-06-05,1000000.00,4.780575,100.17578125
08:00:20,91282CKS9,TSRYS5814779,D,S,T,2024-06-05,1000000.00,4.780575,100.17578125
08:00:20,91282CKS9,TSRYS5814779,D,S,A,2024-06-05,2459000.00,4.780575,100.17578125
08:00:20,91282CKS9,TSRYS5814779,D,S,T,2024-06-05,1000000.00,4.780575,100.17578125
08:00:20,91282CKS9,TSRYS5814779,D,S,T,2024-06-05,1000000.00,4.78266,100.171875
08:00:20,91282CKS9,TSRYS5814779,D,S,T,2024-06-05,2000000.00,4.78266,100.171875
08:00:20,91282CKS9,TSRYS5814779,D,S,T,2024-06-05,1000000.00,4.78266,100.171875
08:00:25,91282CKS9,TSRYS5814779,D,S,T,2024-06-05,2000000.00,4.776405,100.18359375
08:00:25,91282CKS9,TSRYS5814779,D,S,T,2024-06-05,3000000.00,4.788915,100.16015625
08:00:25,91282CKS9,TSRYS5814779,D,B,C,2024-06-05,13000000.00,4.795172,100.1484375
08:00:25,91282CKS9,TSRYS5814779,D,S,D,2024-06-05,1000000.00,4.78266,100.171875
08:00:25,91282CKS9,TSRYS5814779,D,S,T,2024-06-05,3000000.00,4.781617,100.173828125
08:00:25,91282CKS9,TSRYS5814779,D,S,T,2024-06-05,1000000.00,4.781617,100.173828125
08:00:25,91282CKS9,TSRYS5814779,D,S,D,2024-06-05,2000000.00,4.780575,100.17578125
08:00:25,91282CKS9,TSRYS5814779,D,S,T,2024-06-05,1000000.00,4.77432,100.1875
08:00:25,91282CKS9,TSRYS5814779,D,S,T,2024-06-05,2000000.00,4.768067,100.19921875
08:00:25,91282CKS9,TSRYS5814779,D,S,T,2024-06-05,4000000.00,4.770151,100.1953125
08:00:29,91282CKS9,TSRYS5814779,D,B,A,2024-06-05,778000.00,4.788915,100.16015625
08:00:29,91282CKS9,TSRYS5814779,D,B,A,2024-06-05,1966000.00,4.784745,100.16796875
08:00:30,91282CKS9,TSRYS5814779,D,S,D,2024-06-05,1000000.00,4.781617,100.173828125
08:00:30,91282CKS9,TSRYS5814779,D,S,D,2024-06-05,1000000.00,4.781617,100.173828125
08:00:30,91282CKS9,TSRYS5814779,D,S,D,2024-06-05,1000000.00,4.781617,100.173828125
08:00:30,91282CKS9,TSRYS5814779,D,S,D,2024-06-05,2000000.00,4.783702,100.169921875
08:00:30,91282CKS9,TSRYS5814779,D,S,D,2024-06-05,2000000.00,4.784745,100.16796875
08:00:30,91282CKS9,TSRYS5814779,D,S,D,2024-06-05,2000000.00,4.789958,100.158203125
08:00:30,91282CKS9,TSRYS5814779,D,S,D,2024-06-05,1000000.00,4.789958,100.158203125
08:00:30,91282CKS9,TSRYS5814779,D,S,D,2024-06-05,1000000.00,4.789958,100.158203125
08:00:30,91282CKS9,TSRYS5814779,D,S,D,2024-06-05,1000000.00,4.789958,100.158203125
08:00:30,91282CKS9,TSRYS5814779,D,S,D,2024-06-05,1000000.00,4.789958,100.158203125
08:00:30,91282CKS9,TSRYS5814779,D,S,D,2024-06-05,1000000.00,4.789958,100.158203125
08:00:30,91282CKS9,TSRYS5814779,D,S,D,2024-06-05,1000000.00,4.789958,100.158203125
08:00:30,91282CKS9,TSRYS5814779,D,S,D,2024-06-05,1000000.00,4.789958,100.158203125
08:00:30,91282CKS9,TSRYS5814779,D,S,D,2024-06-05,1000000.00,4.789958,100.158203125
08:00:30,91282CKS9,TSRYS5814779,D,S,D,2024-06-05,1000000.00,4.789958,100.158203125
08:00:30,91282CKS9,TSRYS5814779,D,S,D,2024-06-05,2000000.00,4.787873,100.162109375
08:00:30,91282CKS9,TSRYS5814779,D,S,D,2024-06-05,4000000.00,4.78683,100.1640625
08:00:30,91282CKS9,TSRYS5814779,D,S,D,2024-06-05,3000000.00,4.78683,100.1640625
08:00:30,91282CKS9,TSRYS5814779,D,S,D,2024-06-05,3000000.00,4.78683,100.1640625
08:00:30,91282CKS9,TSRYS5814779,D,S,D,2024-06-05,1000000.00,4.78683,100.1640625
08:00:30,91282CKS9,TSRYS5814779,D,S,D,2024-06-05,2000000.00,4.78683,100.1640625
08:00:30,91282CKS9,TSRYS5814779,D,S,D,2024-06-05,3000000.00,4.78683,100.1640625
08:00:30,91282CKS9,TSRYS5814779,D,S,D,2024-06-05,3000000.00,4.78683,100.1640625
08:00:30,91282CKS9,TSRYS5814779,D,S,D,2024-06-05,2000000.00,4.785787,100.166015625
08:00:30,91282CKS9,TSRYS5814779,D,S,D,2024-06-05,1000000.00,4.785787,100.166015625
08:00:30,91282CKS9,TSRYS5814779,D,S,D,2024-06-05,1000000.00,4.785787,100.166015625
08:00:30,91282CKS9,TSRYS5814779,D,S,D,2024-06-05,2000000.00,4.785787,100.166015625
08:00:30,91282CKS9,TSRYS5814779,D,S,D,2024-06-05,1000000.00,4.785787,100.166015625
08:00:30,91282CKS9,TSRYS5814779,D,S,D,2024-06-05,1000000.00,4.785787,100.166015625
08:00:30,91282CKS9,TSRYS5814779,D,S,D,2024-06-05,3000000.00,4.78683,100.1640625
08:00:30,91282CKS9,TSRYS5814779,D,S,D,2024-06-05,3000000.00,4.781617,100.173828125
08:00:30,91282CKS9,TSRYS5814779,D,S,D,2024-06-05,1000000.00,4.781617,100.173828125
08:00:30,91282CKS9,TSRYS5814779,D,S,D,2024-06-05,2000000.00,4.781617,100.173828125
08:00:30,91282CKS9,TSRYS5814779,D,S,D,2024-06-05,1000000.00,4.784745,100.16796875
08:00:30,91282CKS9,TSRYS5814779,D,S,D,2024-06-05,1000000.00,4.784745,100.16796875
08:00:30,91282CKS9,TSRYS5814779,D,S,D,2024-06-05,1000000.00,4.784745,100.16796875
08:00:30,91282CKS9,TSRYS5814779,D,S,D,2024-06-05,1000000.00,4.784745,100.16796875
08:00:30,91282CKS9,TSRYS5814779,D,S,D,2024-06-05,1000000.00,4.784745,100.16796875
08:00:30,91282CKS9,TSRYS5814779,D,S,D,2024-06-05,1000000.00,4.784745,100.16796875
08:00:30,91282CKS9,TSRYS5814779,D,S,D,2024-06-05,1000000.00,4.784745,100.16796875
08:00:30,91282CKS9,TSRYS5814779,D,S,D,2024-06-05,1000000.00,4.784745,100.16796875
08:00:30,91282CKS9,TSRYS5814779,D,S,D,2024-06-05,4000000.00,4.780575,100.17578125
08:00:30,91282CKS9,TSRYS5814779,D,S,D,2024-06-05,4000000.00,4.773278,100.189453125
08:00:30,91282CKS9,TSRYS5814779,D,S,D,2024-06-05,4000000.00,4.773278,100.189453125
08:00:30,91282CKS9,TSRYS5814779,D,S,D,2024-06-05,1000000.00,4.771193,100.193359375
08:00:30,91282CKS9,TSRYS5814779,D,S,D,2024-06-05,3000000.00,4.771193,100.193359375
08:00:30,91282CKS9,TSRYS5814779,D,S,D,2024-06-05,4000000.00,4.771193,100.193359375
08:00:30,91282CKS9,TSRYS5814779,D,S,D,2024-06-05,4000000.00,4.771193,100.193359375
08:00:30,91282CKS9,TSRYS5814779,D,S,D,2024-06-05,1000000.00,4.771193,100.193359375
08:00:30,91282CKS9,TSRYS5814779,D,S,D,2024-06-05,1000000.00,4.768067,100.19921875
08:00:30,91282CKS9,TSRYS5814779,D,S,D,2024-06-05,4000000.00,4.770151,100.1953125
08:00:30,91282CKS9,TSRYS5814779,D,S,D,2024-06-05,3000000.00,4.772236,100.19140625
08:00:30,91282CKS9,TSRYS5814779,D,S,D,2024-06-05,1000000.00,4.772236,100.19140625
08:00:30,91282CKS9,TSRYS5814779,D,S,D,2024-06-05,1000000.00,4.772236,100.19140625
08:00:30,91282CKS9,TSRYS5814779,D,S,D,2024-06-05,1000000.00,4.772236,100.19140625
08:00:30,91282CKS9,TSRYS5814779,D,S,D,2024-06-05,1000000.00,4.772236,100.19140625
08:00:30,91282CKS9,TSRYS5814779,D,S,D,2024-06-05,1000000.00,4.772236,100.19140625
08:00:30,91282CKS9,TSRYS5814779,D,S,D,2024-06-05,1000000.00,4.772236,100.19140625
08:00:30,91282CKS9,TSRYS5814779,D,S,D,2024-06-05,1000000.00,4.772236,100.19140625
08:00:30,91282CKS9,TSRYS5814779,D,S,D,2024-06-05,1000000.00,4.772236,100.19140625
08:00:30,91282CKS9,TSRYS5814779,D,S,D,2024-06-05,1000000.00,4.772236,100.19140625
08:00:30,91282CKS9,TSRYS5814779,D,S,D,2024-06-05,3000000.00,4.777447,100.181640625
08:00:30,91282CKS9,TSRYS5814779,D,S,D,2024-06-05,1000000.00,4.777447,100.181640625
08:00:30,91282CKS9,TSRYS5814779,D,S,D,2024-06-05,3000000.00,4.777447,100.181640625
08:00:30,91282CKS9,TSRYS5814779,D,S,D,2024-06-05,1000000.00,4.776405,100.18359375
08:00:30,91282CKS9,TSRYS5814779,D,S,D,2024-06-05,2000000.00,4.773278,100.189453125
08:00:30,91282CKS9,TSRYS5814779,D,S,D,2024-06-05,1000000.00,4.784745,100.16796875
08:00:30,91282CKS9,TSRYS5814779,D,S,D,2024-06-05,1000000.00,4.784745,100.16796875
08:00:30,91282CKS9,TSRYS5814779,D,S,D,2024-06-05,1000000.00,4.784745,100.16796875
08:00:30,91282CKS9,TSRYS5814779,D,S,D,2024-06-05,1000000.00,4.787873,100.162109375
08:00:30,91282CKS9,TSRYS5814779,D,S,D,2024-06-05,1000000.00,4.787873,100.162109375
08:00:30,91282CKS9,TSRYS5814779,D,S,D,2024-06-05,2000000.00,4.78683,100.1640625
08:00:30,91282CKS9,TSRYS5814779,D,S,D,2024-06-05,2000000.00,4.78683,100.1640625
08:00:30,91282CKS9,TSRYS5814779,D,S,D,2024-06-05,1000000.00,4.78683,100.1640625
08:00:30,91282CKS9,TSRYS5814779,D,S,D,2024-06-05,1000000.00,4.78683,100.1640625
08:00:30,91282CKS9,TSRYS5814779,D,S,D,2024-06-05,2000000.00,4.78683,100.1640625
08:00:30,91282CKS9,TSRYS5814779,D,S,D,2024-06-05,1000000.00,4.78683,100.1640625
08:00:30,91282CKS9,TSRYS5814779,D,S,D,2024-06-05,1000000.00,4.78683,100.1640625
08:00:30,91282CKS9,TSRYS5814779,D,S,D,2024-06-05,1000000.00,4.78683,100.1640625
08:00:30,91282CKS9,TSRYS5814779,D,S,D,2024-06-05,1000000.00,4.78683,100.1640625
08:00:30,91282CKS9,TSRYS5814779,D,S,D,2024-06-05,2000000.00,4.791001,100.15625
08:00:30,91282CKS9,TSRYS5814779,D,S,D,2024-06-05,1000000.00,4.789958,100.158203125
08:00:30,91282CKS9,TSRYS5814779,D,S,D,2024-06-05,1000000.00,4.789958,100.158203125
08:00:30,91282CKS9,TSRYS5814779,D,S,D,2024-06-05,1000000.00,4.789958,100.158203125
08:00:30,91282CKS9,TSRYS5814779,D,S,D,2024-06-05,1000000.00,4.789958,100.158203125
08:00:30,91282CKS9,TSRYS5814779,D,S,D,2024-06-05,1000000.00,4.789958,100.158203125
08:00:30,91282CKS9,TSRYS5814779,D,S,D,2024-06-05,1000000.00,4.789958,100.158203125
08:00:30,91282CKS9,TSRYS5814779,D,S,D,2024-06-05,1000000.00,4.789958,100.158203125
08:00:30,91282CKS9,TSRYS5814779,D,S,D,2024-06-05,1000000.00,4.789958,100.158203125
08:00:30,91282CKS9,TSRYS5814779,D,S,D,2024-06-05,1000000.00,4.791001,100.15625
08:00:30,91282CKS9,TSRYS5814779,D,S,D,2024-06-05,2000000.00,4.789958,100.158203125
08:00:30,91282CKS9,TSRYS5814779,D,S,D,2024-06-05,1000000.00,4.789958,100.158203125
08:00:30,91282CKS9,TSRYS5814779,D,S,D,2024-06-05,1000000.00,4.789958,100.158203125
08:00:30,91282CKS9,TSRYS5814779,D,S,D,2024-06-05,2000000.00,4.785787,100.166015625
08:00:30,91282CKS9,TSRYS5814779,D,S,D,2024-06-05,2000000.00,4.785787,100.166015625
08:00:30,91282CKS9,TSRYS5814779,D,S,D,2024-06-05,2000000.00,4.785787,100.166015625
08:00:30,91282CKS9,TSRYS5814779,D,S,D,2024-06-05,2000000.00,4.785787,100.166015625
08:00:30,91282CKS9,TSRYS5814779,D,S,D,2024-06-05,2000000.00,4.785787,100.166015625
08:00:30,91282CKS9,TSRYS5814779,D,S,D,2024-06-05,2000000.00,4.785787,100.166015625
08:00:30,91282CKS9,TSRYS5814779,D,S,D,2024-06-05,3000000.00,4.781617,100.173828125
08:00:30,91282CKS9,TSRYS5814779,D,S,D,2024-06-05,5000000.00,4.781617,100.173828125
08:00:30,91282CKS9,TSRYS5814779,D,S,D,2024-06-05,1000000.00,4.781617,100.173828125
08:00:30,91282CKS9,TSRYS5814779,D,S,D,2024-06-05,5000000.00,4.784745,100.16796875
08:00:30,91282CKS9,TSRYS5814779,D,S,D,2024-06-05,1000000.00,4.784745,100.16796875
08:00:30,91282CKS9,TSRYS5814779,D,S,D,2024-06-05,1000000.00,4.784745,100.16796875
08:00:30,91282CKS9,TSRYS5814779,D,S,D,2024-06-05,1000000.00,4.784745,100.16796875
08:00:30,91282CKS9,TSRYS5814779,D,S,D,2024-06-05,1000000.00,4.784745,100.16796875
08:00:30,91282CKS9,TSRYS5814779,D,S,D,2024-06-05,1000000.00,4.784745,100.16796875
08:00:30,91282CKS9,TSRYS5814779,D,S,D,2024-06-05,1000000.00,4.784745,100.16796875
08:00:30,91282CKS9,TSRYS5814779,D,S,D,2024-06-05,3000000.00,4.773278,100.189453125
08:00:30,91282CKS9,TSRYS5814779,D,S,D,2024-06-05,1000000.00,4.773278,100.189453125
08:00:30,91282CKS9,TSRYS5814779,D,S,D,2024-06-05,3000000.00,4.773278,100.189453125
08:00:30,91282CKS9,TSRYS5814779,D,S,D,2024-06-05,1000000.00,4.773278,100.189453125
08:00:30,91282CKS9,TSRYS5814779,D,S,D,2024-06-05,4000000.00,4.773278,100.189453125
08:00:30,91282CKS9,TSRYS5814779,D,S,D,2024-06-05,3000000.00,4.773278,100.189453125
08:00:30,91282CKS9,TSRYS5814779,D,S,D,2024-06-05,4000000.00,4.771193,100.193359375
08:00:30,91282CKS9,TSRYS5814779,D,S,D,2024-06-05,4000000.00,4.771193,100.193359375
08:00:30,91282CKS9,TSRYS5814779,D,S,D,2024-06-05,1000000.00,4.771193,100.193359375
08:00:30,91282CKS9,TSRYS5814779,D,S,D,2024-06-05,3000000.00,4.771193,100.193359375
08:00:30,91282CKS9,TSRYS5814779,D,S,D,2024-06-05,2000000.00,4.771193,100.193359375
08:00:30,91282CKS9,TSRYS5814779,D,S,D,2024-06-05,2000000.00,4.771193,100.193359375
08:00:30,91282CKS9,TSRYS5814779,D,S,D,2024-06-05,1000000.00,4.772236,100.19140625
08:00:30,91282CKS9,TSRYS5814779,D,S,D,2024-06-05,1000000.00,4.772236,100.19140625
08:00:30,91282CKS9,TSRYS5814779,D,S,D,2024-06-05,1000000.00,4.772236,100.19140625
08:00:30,91282CKS9,TSRYS5814779,D,S,D,2024-06-05,1000000.00,4.772236,100.19140625
08:00:30,91282CKS9,TSRYS5814779,D,S,D,2024-06-05,1000000.00,4.772236,100.19140625
08:00:30,91282CKS9,TSRYS5814779,D,S,D,2024-06-05,1000000.00,4.772236,100.19140625
08:00:30,91282CKS9,TSRYS5814779,D,S,D,2024-06-05,1000000.00,4.772236,100.19140625
08:00:30,91282CKS9,TSRYS5814779,D,S,D,2024-06-05,1000000.00,4.772236,100.19140625
08:00:30,91282CKS9,TSRYS5814779,D,S,D,2024-06-05,1000000.00,4.772236,100.19140625
08:00:30,91282CKS9,TSRYS5814779,D,S,D,2024-06-05,1000000.00,4.772236,100.19140625
08:00:30,91282CKS9,TSRYS5814779,D,S,D,2024-06-05,1000000.00,4.773278,100.189453125
08:00:30,91282CKS9,TSRYS5814779,D,S,T,2024-06-05,2000000.00,4.776405,100.18359375
08:00:30,91282CKS9,TSRYS5814779,D,S,T,2024-06-05,2000000.00,4.776405,100.18359375
08:00:30,91282CKS9,TSRYS5814779,D,S,T,2024-06-05,4000000.00,4.776405,100.18359375
08:00:30,91282CKS9,TSRYS5814779,D,S,T,2024-06-05,1000000.00,4.777447,100.181640625
08:00:30,91282CKS9,TSRYS5814779,D,S,T,2024-06-05,2000000.00,4.777447,100.181640625
08:00:30,91282CKS9,TSRYS5814779,D,S,T,2024-06-05,3000000.00,4.777447,100.181640625
08:00:30,91282CKS9,TSRYS5814779,D,S,T,2024-06-05,3000000.00,4.77849,100.1796875
08:00:30,91282CKS9,TSRYS5814779,D,S,T,2024-06-05,1000000.00,4.779532,100.177734375
08:00:30,91282CKS9,TSRYS5814779,D,S,T,2024-06-05,1000000.00,4.77849,100.1796875
08:00:30,91282CKS9,TSRYS5814779,D,S,T,2024-06-05,4000000.00,4.781617,100.173828125
08:00:30,91282CKS9,TSRYS5814779,D,S,T,2024-06-05,1000000.00,4.780575,100.17578125
08:00:30,91282CKS9,TSRYS5814779,D,S,T,2024-06-05,4000000.00,4.783702,100.169921875
08:00:30,91282CKS9,TSRYS5814779,D,S,T,2024-06-05,1000000.00,4.783702,100.169921875
08:00:30,91282CKS9,TSRYS5814779,D,S,T,2024-06-05,4000000.00,4.783702,100.169921875
08:00:30,91282CKS9,TSRYS5814779,D,S,T,2024-06-05,2000000.00,4.78266,100.171875
08:00:33,91282CKS9,TSRYS5814779,D,S,T,2024-06-05,1000000.00,4.783702,100.169921875
08:00:33,91282CKS9,TSRYS5814779,D,S,T,2024-06-05,1000000.00,4.783702,100.169921875
08:00:33,91282CKS9,TSRYS5814779,D,S,T,2024-06-05,1000000.00,4.78266,100.171875
08:00:33,91282CKS9,TSRYS5814779,D,S,T,2024-06-05,3000000.00,4.78266,100.171875
08:00:33,91282CKS9,TSRYS5814779,D,S,T,2024-06-05,4000000.00,4.783702,100.169921875
08:00:33,91282CKS9,TSRYS5814779,D,S,T,2024-06-05,1000000.00,4.784745,100.16796875
08:00:33,91282CKS9,TSRYS5814779,D,S,T,2024-06-05,1000000.00,4.78683,100.1640625
08:00:33,91282CKS9,TSRYS5814779,D,S,T,2024-06-05,1000000.00,4.78683,100.1640625
08:00:33,91282CKS9,TSRYS5814779,D,S,T,2024-06-05,1000000.00,4.78683,100.1640625
08:00:33,91282CKS9,TSRYS5814779,D,S,T,2024-06-05,1000000.00,4.78683,100.1640625
08:00:33,91282CKS9,TSRYS5814779,D,S,T,2024-06-05,1000000.00,4.78683,100.1640625
08:00:33,91282CKS9,TSRYS5814779,D,S,T,2024-06-05,1000000.00,4.78683,100.1640625
08:00:33,91282CKS9,TSRYS5814779,D,S,T,2024-06-05,1000000.00,4.785787,100.166015625
08:00:33,91282CKS9,TSRYS5814779,D,S,T,2024-06-05,3000000.00,4.788915,100.16015625
08:00:33,91282CKS9,TSRYS5814779,D,S,T,2024-06-05,1000000.00,4.789958,100.158203125
08:00:33,91282CKS9,TSRYS5814779,D,S,T,2024-06-05,3000000.00,4.788915,100.16015625
08:00:33,91282CKS9,TSRYS5814779,D,S,T,2024-06-05,3000000.00,4.791001,100.15625
08:00:33,91282CKS9,TSRYS5814779,D,S,T,2024-06-05,3000000.00,4.789958,100.158203125
08:00:33,91282CKS9,TSRYS5814779,D,S,T,2024-06-05,3000000.00,4.791001,100.15625
08:00:33,91282CKS9,TSRYS5814779,D,S,T,2024-06-05,1000000.00,4.789958,100.158203125
08:00:33,91282CKS9,TSRYS5814779,D,S,T,2024-06-05,1000000.00,4.789958,100.158203125
08:00:33,91282CKS9,TSRYS5814779,D,S,T,2024-06-05,1000000.00,4.789958,100.158203125
08:00:33,91282CKS9,TSRYS5814779,D,S,T,2024-06-05,1000000.00,4.789958,100.158203125
08:00:33,91282CKS9,TSRYS5814779,D,S,T,2024-06-05,1000000.00,4.789958,100.158203125
08:00:33,91282CKS9,TSRYS5814779,D,S,T,2024-06-05,1000000.00,4.789958,100.158203125
08:00:33,91282CKS9,TSRYS5814779,D,S,T,2024-06-05,1000000.00,4.789958,100.158203125
08:00:33,91282CKS9,TSRYS5814779,D,S,T,2024-06-05,1000000.00,4.789958,100.158203125
08:00:33,91282CKS9,TSRYS5814779,D,S,T,2024-06-05,1000000.00,4.789958,100.158203125
08:00:33,91282CKS9,TSRYS5814779,D,S,T,2024-06-05,1000000.00,4.789958,100.158203125
08:00:33,91282CKS9,TSRYS5814779,D,S,T,2024-06-05,1000000.00,4.789958,100.158203125
08:00:33,91282CKS9,TSRYS5814779,D,S,T,2024-06-05,1000000.00,4.789958,100.158203125
08:00:33,91282CKS9,TSRYS5814779,D,S,T,2024-06-05,1000000.00,4.789958,100.158203125
08:00:33,91282CKS9,TSRYS5814779,D,S,T,2024-06-05,1000000.00,4.789958,100.158203125
08:00:33,91282CKS9,TSRYS5814779,D,S,T,2024-06-05,1000000.00,4.789958,100.158203125
08:00:33,91282CKS9,TSRYS5814779,D,S,T,2024-06-05,1000000.00,4.789958,100.158203125
08:00:33,91282CKS9,TSRYS5814779,D,S,T,2024-06-05,1000000.00,4.789958,100.158203125
08:00:33,91282CKS9,TSRYS5814779,D,S,T,2024-06-05,1000000.00,4.789958,100.158203125
08:00:33,91282CKS9,TSRYS5814779,D,S,T,2024-06-05,3000000.00,4.785787,100.166015625
08:00:33,91282CKS9,TSRYS5814779,D,S,T,2024-06-05,3000000.00,4.785787,100.166015625
08:00:33,91282CKS9,TSRYS5814779,D,S,T,2024-06-05,3000000.00,4.785787,100.166015625
08:00:33,91282CKS9,TSRYS5814779,D,S,T,2024-06-05,3000000.00,4.785787,100.166015625
08:00:33,91282CKS9,TSRYS5814779,D,S,T,2024-06-05,3000000.00,4.785787,100.166015625
08:00:33,91282CKS9,TSRYS5814779,D,S,T,2024-06-05,3000000.00,4.785787,100.166015625
08:00:33,91282CKS9,TSRYS5814779,D,S,T,2024-06-05,2000000.00,4.785787,100.166015625
08:00:33,91282CKS9,TSRYS5814779,D,S,T,2024-06-05,2000000.00,4.785787,100.166015625
08:00:33,91282CKS9,TSRYS5814779,D,S,T,2024-06-05,2000000.00,4.785787,100.166015625
08:00:33,91282CKS9,TSRYS5814779,D,S,T,2024-06-05,1000000.00,4.785787,100.166015625
08:00:33,91282CKS9,TSRYS5814779,D,S,T,2024-06-05,1000000.00,4.785787,100.166015625
08:00:33,91282CKS9,TSRYS5814779,D,S,T,2024-06-05,1000000.00,4.785787,100.166015625
08:00:33,91282CKS9,TSRYS5814779,D,S,T,2024-06-05,1000000.00,4.785787,100.166015625
08:00:33,91282CKS9,TSRYS5814779,D,S,T,2024-06-05,1000000.00,4.785787,100.166015625
08:00:33,91282CKS9,TSRYS5814779,D,S,T,2024-06-05,3000000.00,4.781617,100.173828125
08:00:33,91282CKS9,TSRYS5814779,D,S,T,2024-06-05,2000000.00,4.784745,100.16796875
08:00:33,91282CKS9,TSRYS5814779,D,S,T,2024-06-05,2000000.00,4.784745,100.16796875
08:00:33,91282CKS9,TSRYS5814779,D,S,T,2024-06-05,4000000.00,4.784745,100.16796875
08:00:33,91282CKS9,TSRYS5814779,D,S,T,2024-06-05,4000000.00,4.784745,100.16796875
08:00:33,91282CKS9,TSRYS5814779,D,S,T,2024-06-05,4000000.00,4.784745,100.16796875
08:00:33,91282CKS9,TSRYS5814779,D,S,T,2024-06-05,4000000.00,4.784745,100.16796875
08:00:33,91282CKS9,TSRYS5814779,D,S,T,2024-06-05,3000000.00,4.773278,100.189453125
08:00:33,91282CKS9,TSRYS5814779,D,S,T,2024-06-05,4000000.00,4.773278,100.189453125
08:00:33,91282CKS9,TSRYS5814779,D,S,T,2024-06-05,4000000.00,4.773278,100.189453125
08:00:33,91282CKS9,TSRYS5814779,D,S,T,2024-06-05,4000000.00,4.773278,100.189453125
08:00:33,91282CKS9,TSRYS5814779,D,S,T,2024-06-05,4000000.00,4.773278,100.189453125
08:00:33,91282CKS9,TSRYS5814779,D,S,T,2024-06-05,4000000.00,4.773278,100.189453125
08:00:33,91282CKS9,TSRYS5814779,D,S,T,2024-06-05,1000000.00,4.771193,100.193359375
08:00:33,91282CKS9,TSRYS5814779,D,S,T,2024-06-05,1000000.00,4.771193,100.193359375
08:00:33,91282CKS9,TSRYS5814779,D,S,T,2024-06-05,2000000.00,4.771193,100.193359375
08:00:33,91282CKS9,TSRYS5814779,D,S,T,2024-06-05,2000000.00,4.771193,100.193359375
08:00:33,91282CKS9,TSRYS5814779,D,S,T,2024-06-05,2000000.00,4.771193,100.193359375
08:00:33,91282CKS9,TSRYS5814779,D,S,T,2024-06-05,3000000.00,4.771193,100.193359375
08:00:33,91282CKS9,TSRYS5814779,D,S,T,2024-06-05,4000000.00,4.771193,100.193359375
08:00:33,91282CKS9,TSRYS5814779,D,S,T,2024-06-05,1000000.00,4.771193,100.193359375
08:00:33,91282CKS9,TSRYS5814779,D,S,T,2024-06-05,1000000.00,4.772236,100.19140625
08:00:33,91282CKS9,TSRYS5814779,D,S,T,2024-06-05,1000000.00,4.772236,100.19140625
08:00:33,91282CKS9,TSRYS5814779,D,S,T,2024-06-05,1000000.00,4.772236,100.19140625
08:00:33,91282CKS9,TSRYS5814779,D,S,T,2024-06-05,1000000.00,4.772236,100.19140625
08:00:33,91282CKS9,TSRYS5814779,D,S,T,2024-06-05,1000000.00,4.772236,100.19140625
08:00:33,91282CKS9,TSRYS5814779,D,S,T,2024-06-05,1000000.00,4.772236,100.19140625
08:00:33,91282CKS9,TSRYS5814779,D,S,T,2024-06-05,1000000.00,4.772236,100.19140625
08:00:33,91282CKS9,TSRYS5814779,D,S,T,2024-06-05,1000000.00,4.772236,100.19140625
08:00:33,91282CKS9,TSRYS5814779,D,S,T,2024-06-05,1000000.00,4.772236,100.19140625
08:00:33,91282CKS9,TSRYS5814779,D,S,T,2024-06-05,1000000.00,4.772236,100.19140625
08:00:33,91282CKS9,TSRYS5814779,D,S,T,2024-06-05,1000000.00,4.773278,100.189453125
08:00:33,91282CKS9,TSRYS5814779,D,S,T,2024-06-05,4000000.00,4.773278,100.189453125
08:00:33,91282CKS9,TSRYS5814779,D,S,T,2024-06-05,1000000.00,4.777447,100.181640625
08:00:33,91282CKS9,TSRYS5814779,D,S,T,2024-06-05,1000000.00,4.777447,100.181640625
08:00:33,91282CKS9,TSRYS5814779,D,S,T,2024-06-05,1000000.00,4.777447,100.181640625
08:00:33,91282CKS9,TSRYS5814779,D,S,T,2024-06-05,1000000.00,4.77849,100.1796875
08:00:33,91282CKS9,TSRYS5814779,D,S,T,2024-06-05,1000000.00,4.77849,100.1796875
08:00:33,91282CKS9,TSRYS5814779,D,S,T,2024-06-05,1000000.00,4.77849,100.1796875
08:00:33,91282CKS9,TSRYS5814779,D,S,T,2024-06-05,2000000.00,4.77432,100.1875
08:00:33,91282CKS9,TSRYS5814779,D,S,T,2024-06-05,1000000.00,4.77432,100.1875
08:00:33,91282CKS9,TSRYS5814779,D,S,T,2024-06-05,1000000.00,4.77432,100.1875
08:00:33,91282CKS9,TSRYS5814779,D,S,T,2024-06-05,1000000.00,4.776405,100.18359375
08:00:33,91282CKS9,TSRYS5814779,D,S,T,2024-06-05,1000000.00,4.77849,100.1796875
08:00:33,91282CKS9,TSRYS5814779,D,S,T,2024-06-05,1000000.00,4.777447,100.181640625
08:00:33,91282CKS9,TSRYS5814779,D,S,T,2024-06-05,3000000.00,4.777447,100.181640625
08:00:33,91282CKS9,TSRYS5814779,D,S,T,2024-06-05,4000000.00,4.776405,100.18359375
08:00:33,91282CKS9,TSRYS5814779,D,S,T,2024-06-05,18000000.00,4.776405,100.18359375
08:00:33,91282CKS9,TSRYS5814779,D,S,T,2024-06-05,12000000.00,4.776405,100.18359375
08:00:33,91282CKS9,TSRYS5814779,D,S,T,2024-06-05,2000000.00,4.776405,100.18359375
08:00:33,91282CKS9,TSRYS5814779,D,S,T,2024-06-05,2000000.00,4.776405,100.18359375
08:00:33,91282CKS9,TSRYS5814779,D,S,T,2024-06-05,1000000.00,4.777447,100.181640625
08:00:33,91282CKS9,TSRYS5814779,D,S,T,2024-06-05,1000000.00,4.776405,100.18359375
08:00:33,91282CKS9,TSRYS5814779,D,S,T,2024-06-05,1000000.00,4.776405,100.18359375
08:00:33,91282CKS9,TSRYS5814779,D,S,T,2024-06-05,1000000.00,4.776405,100.18359375
08:00:33,91282CKS9,TSRYS5814779,D,S,T,2024-06-05,2000000.00,4.776405,100.18359375
08:00:33,91282CKS9,TSRYS5814779,D,S,T,2024-06-05,2000000.00,4.776405,100.18359375
08:00:33,91282CKS9,TSRYS5814779,D,S,T,2024-06-05,1000000.00,4.77849,100.1796875
08:00:33,91282CKS9,TSRYS5814779,D,S,T,2024-06-05,2000000.00,4.77849,100.1796875
08:00:33,91282CKS9,TSRYS5814779,D,S,T,2024-06-05,1000000.00,4.77849,100.1796875
08:00:33,91282CKS9,TSRYS5814779,D,S,T,2024-06-05,1000000.00,4.77849,100.1796875
08:00:33,91282CKS9,TSRYS5814779,D,S,T,2024-06-05,1000000.00,4.776405,100.18359375
08:00:33,91282CKS9,TSRYS5814779,D,S,T,2024-06-05,1000000.00,4.77432,100.1875
08:00:33,91282CKS9,TSRYS5814779,D,S,T,2024-06-05,1000000.00,4.777447,100.181640625
08:00:33,91282CKS9,TSRYS5814779,D,S,T,2024-06-05,1000000.00,4.777447,100.181640625
08:00:33,91282CKS9,TSRYS5814779,D,S,T,2024-06-05,1000000.00,4.777447,100.181640625
08:00:33,91282CKS9,TSRYS5814779,D,S,T,2024-06-05,1000000.00,4.777447,100.181640625
08:00:33,91282CKS9,TSRYS5814779,D,S,T,2024-06-05,1000000.00,4.777447,100.181640625
08:00:33,91282CKS9,TSRYS5814779,D,S,T,2024-06-05,1000000.00,4.777447,100.181640625
08:00:33,91282CKS9,TSRYS5814779,D,S,T,2024-06-05,1000000.00,4.776405,100.18359375
08:00:33,91282CKS9,TSRYS5814779,D,S,T,2024-06-05,1000000.00,4.77849,100.1796875
08:00:33,91282CKS9,TSRYS5814779,D,S,T,2024-06-05,1000000.00,4.77849,100.1796875
08:00:33,91282CKS9,TSRYS5814779,D,S,T,2024-06-05,1000000.00,4.77849,100.1796875
08:00:33,91282CKS9,TSRYS5814779,D,S,T,2024-06-05,1000000.00,4.77849,100.1796875
08:00:33,91282CKS9,TSRYS5814779,D,S,T,2024-06-05,1000000.00,4.77849,100.1796875
08:00:33,91282CKS9,TSRYS5814779,D,S,T,2024-06-05,1000000.00,4.779532,100.177734375
08:00:33,91282CKS9,TSRYS5814779,D,S,T,2024-06-05,2000000.00,4.779532,100.177734375
08:00:33,91282CKS9,TSRYS5814779,D,S,T,2024-06-05,1000000.00,4.77849,100.1796875
08:00:33,91282CKS9,TSRYS5814779,D,S,T,2024-06-05,1000000.00,4.77849,100.1796875
08:00:33,91282CKS9,TSRYS5814779,D,S,T,2024-06-05,1000000.00,4.780575,100.17578125
08:00:33,91282CKS9,TSRYS5814779,D,S,T,2024-06-05,1000000.00,4.780575,100.17578125
08:00:33,91282CKS9,TSRYS5814779,D,S,T,2024-06-05,1000000.00,4.780575,100.17578125
08:00:33,91282CKS9,TSRYS5814779,D,S,T,2024-06-05,1000000.00,4.780575,100.17578125
08:00:33,91282CKS9,TSRYS5814779,D,S,T,2024-06-05,1000000.00,4.780575,100.17578125
08:00:33,91282CKS9,TSRYS5814779,D,S,T,2024-06-05,2000000.00,4.780575,100.17578125
08:00:33,91282CKS9,TSRYS5814779,D,S,T,2024-06-05,2000000.00,4.780575,100.17578125
08:00:33,91282CKS9,TSRYS5814779,D,S,T,2024-06-05,1000000.00,4.780575,100.17578125
08:00:33,91282CKS9,TSRYS5814779,D,S,T,2024-06-05,2000000.00,4.780575,100.17578125
08:00:33,91282CKS9,TSRYS5814779,D,S,T,2024-06-05,1000000.00,4.780575,100.17578125
08:00:33,91282CKS9,TSRYS5814779,D,S,T,2024-06-05,2000000.00,4.780575,100.17578125
08:00:33,91282CKS9,TSRYS5814779,D,S,T,2024-06-05,1000000.00,4.780575,100.17578125
08:00:33,91282CKS9,TSRYS5814779,D,S,T,2024-06-05,1000000.00,4.779532,100.177734375
08:00:33,91282CKS9,TSRYS5814779,D,S,T,2024-06-05,1000000.00,4.779532,100.177734375
08:00:33,91282CKS9,TSRYS5814779,D,S,T,2024-06-05,11000000.00,4.779532,100.177734375
08:00:33,91282CKS9,TSRYS5814779,D,S,T,2024-06-05,2000000.00,4.779532,100.177734375
08:00:33,91282CKS9,TSRYS5814779,D,S,T,2024-06-05,1000000.00,4.780575,100.17578125
08:00:33,91282CKS9,TSRYS5814779,D,S,T,2024-06-05,1000000.00,4.780575,100.17578125
08:00:33,91282CKS9,TSRYS5814779,D,S,T,2024-06-05,1000000.00,4.780575,100.17578125
08:00:33,91282CKS9,TSRYS5814779,D,S,T,2024-06-05,2000000.00,4.781617,100.173828125
08:00:33,91282CKS9,TSRYS5814779,D,S,T,2024-06-05,14000000.00,4.781617,100.173828125
08:00:33,91282CKS9,TSRYS5814779,D,S,T,2024-06-05,1000000.00,4.781617,100.173828125
08:00:33,91282CKS9,TSRYS5814779,D,S,T,2024-06-05,1000000.00,4.781617,100.173828125
08:00:33,91282CKS9,TSRYS5814779,D,S,T,2024-06-05,1000000.00,4.781617,100.173828125
08:00:33,91282CKS9,TSRYS5814779,D,S,T,2024-06-05,1000000.00,4.781617,100.173828125
08:00:33,91282CKS9,TSRYS5814779,D,S,T,2024-06-05,1000000.00,4.781617,100.173828125
08:00:33,91282CKS9,TSRYS5814779,D,S,T,2024-06-05,2000000.00,4.781617,100.173828125
08:00:33,91282CKS9,TSRYS5814779,D,S,T,2024-06-05,5000000.00,4.781617,100.173828125
08:00:33,91282CKS9,TSRYS5814779,D,S,T,2024-06-05,1000000.00,4.781617,100.173828125
08:00:33,91282CKS9,TSRYS5814779,D,S,T,2024-06-05,4000000.00,4.781617,100.173828125
08:00:33,91282CKS9,TSRYS5814779,D,S,T,2024-06-05,1000000.00,4.781617,100.173828125
08:00:33,91282CKS9,TSRYS5814779,D,S,T,2024-06-05,2000000.00,4.78266,100.171875
08:00:33,91282CKS9,TSRYS5814779,D,S,T,2024-06-05,1000000.00,4.78266,100.171875
08:00:33,91282CKS9,TSRYS5814779,D,S,T,2024-06-05,3000000.00,4.781617,100.173828125
08:00:33,91282CKS9,TSRYS5814779,D,S,T,2024-06-05,2000000.00,4.781617,100.173828125
08:00:33,91282CKS9,TSRYS5814779,D,S,T,2024-06-05,2000000.00,4.783702,100.169921875
08:00:33,91282CKS9,TSRYS5814779,D,S,T,2024-06-05,1000000.00,4.784745,100.16796875
08:00:33,91282CKS9,TSRYS5814779,D,S,T,2024-06-05,1000000.00,4.784745,100.16796875
08:00:33,91282CKS9,TSRYS5814779,D,S,T,2024-06-05,1000000.00,4.784745,100.16796875
08:00:33,91282CKS9,TSRYS5814779,D,S,T,2024-06-05,1000000.00,4.784745,100.16796875
08:00:33,91282CKS9,TSRYS5814779,D,S,T,2024-06-05,1000000.00,4.784745,100.16796875
08:00:33,91282CKS9,TSRYS5814779,D,S,T,2024-06-05,1000000.00,4.784745,100.16796875
08:00:33,91282CKS9,TSRYS5814779,D,S,T,2024-06-05,1000000.00,4.784745,100.16796875
08:00:33,91282CKS9,TSRYS5814779,D,S,T,2024-06-05,1000000.00,4.783702,100.169921875
08:00:33,91282CKS9,TSRYS5814779,D,S,T,2024-06-05,4000000.00,4.784745,100.16796875
08:00:33,91282CKS9,TSRYS5814779,D,S,T,2024-06-05,1000000.00,4.78683,100.1640625
08:00:33,91282CKS9,TSRYS5814779,D,S,T,2024-06-05,2000000.00,4.78683,100.1640625
08:00:33,91282CKS9,TSRYS5814779,D,S,T,2024-06-05,1000000.00,4.78683,100.1640625
08:00:33,91282CKS9,TSRYS5814779,D,S,T,2024-06-05,1000000.00,4.78683,100.1640625
08:00:33,91282CKS9,TSRYS5814779,D,S,T,2024-06-05,1000000.00,4.78683,100.1640625
08:00:33,91282CKS9,TSRYS5814779,D,S,T,2024-06-05,1000000.00,4.78683,100.1640625
08:00:33,91282CKS9,TSRYS5814779,D,S,T,2024-06-05,1000000.00,4.78683,100.1640625
08:00:33,91282CKS9,TSRYS5814779,D,S,T,2024-06-05,1000000.00,4.78683,100.1640625
08:00:33,91282CKS9,TSRYS5814779,D,S,T,2024-06-05,1000000.00,4.78683,100.1640625
08:00:33,91282CKS9,TSRYS5814779,D,S,T,2024-06-05,2000000.00,4.78683,100.1640625
08:00:33,91282CKS9,TSRYS5814779,D,S,T,2024-06-05,1000000.00,4.787873,100.162109375
08:00:33,91282CKS9,TSRYS5814779,D,S,T,2024-06-05,1000000.00,4.787873,100.162109375
08:00:33,91282CKS9,TSRYS5814779,D,S,T,2024-06-05,1000000.00,4.787873,100.162109375
08:00:33,91282CKS9,TSRYS5814779,D,S,T,2024-06-05,1000000.00,4.787873,100.162109375
08:00:33,91282CKS9,TSRYS5814779,D,S,T,2024-06-05,1000000.00,4.787873,100.162109375
08:00:33,91282CKS9,TSRYS5814779,D,S,T,2024-06-05,1000000.00,4.787873,100.162109375
08:00:33,91282CKS9,TSRYS5814779,D,S,T,2024-06-05,1000000.00,4.789958,100.158203125
08:00:33,91282CKS9,TSRYS5814779,D,S,T,2024-06-05,1000000.00,4.788915,100.16015625
08:00:33,91282CKS9,TSRYS5814779,D,S,T,2024-06-05,1000000.00,4.788915,100.16015625
08:00:33,91282CKS9,TSRYS5814779,D,S,T,2024-06-05,2000000.00,4.791001,100.15625
08:00:33,91282CKS9,TSRYS5814779,D,S,T,2024-06-05,6000000.00,4.791001,100.15625
08:00:33,91282CKS9,TSRYS5814779,D,S,T,2024-06-05,4000000.00,4.788915,100.16015625
08:00:33,91282CKS9,TSRYS5814779,D,S,T,2024-06-05,1000000.00,4.788915,100.16015625
08:00:33,91282CKS9,TSRYS5814779,D,S,T,2024-06-05,2000000.00,4.788915,100.16015625
08:00:33,91282CKS9,TSRYS5814779,D,S,T,2024-06-05,4000000.00,4.788915,100.16015625
08:00:33,91282CKS9,TSRYS5814779,D,S,T,2024-06-05,2000000.00,4.792044,100.154296875
08:00:33,91282CKS9,TSRYS5814779,D,S,T,2024-06-05,2000000.00,4.793086,100.15234375
08:00:33,91282CKS9,TSRYS5814779,D,S,T,2024-06-05,2000000.00,4.793086,100.15234375
08:00:33,91282CKS9,TSRYS5814779,D,S,T,2024-06-05,3000000.00,4.789958,100.158203125
08:00:33,91282CKS9,TSRYS5814779,D,S,T,2024-06-05,2000000.00,4.791001,100.15625
08:00:33,91282CKS9,TSRYS5814779,D,S,T,2024-06-05,2000000.00,4.791001,100.15625
08:00:33,91282CKS9,TSRYS5814779,D,S,T,2024-06-05,1000000.00,4.791001,100.15625
08:00:33,91282CKS9,TSRYS5814779,D,S,T,2024-06-05,2000000.00,4.791001,100.15625
08:00:33,91282CKS9,TSRYS5814779,D,S,T,2024-06-05,2000000.00,4.791001,100.15625
08:00:33,91282CKS9,TSRYS5814779,D,S,T,2024-06-05,1000000.00,4.793086,100.15234375
08:00:33,91282CKS9,TSRYS5814779,D,S,T,2024-06-05,1000000.00,4.793086,100.15234375
08:00:33,91282CKS9,TSRYS5814779,D,S,T,2024-06-05,2000000.00,4.791001,100.15625
08:00:33,91282CKS9,TSRYS5814779,D,S,T,2024-06-05,1000000.00,4.788915,100.16015625
08:00:33,91282CKS9,TSRYS5814779,D,S,T,2024-06-05,1000000.00,4.788915,100.16015625
08:00:33,91282CKS9,TSRYS5814779,D,S,T,2024-06-05,3000000.00,4.789958,100.158203125
08:00:33,91282CKS9,TSRYS5814779,D,S,T,2024-06-05,1000000.00,4.788915,100.16015625
08:00:33,91282CKS9,TSRYS5814779,D,S,T,2024-06-05,1000000.00,4.788915,100.16015625
08:00:33,91282CKS9,TSRYS5814779,D,S,T,2024-06-05,2000000.00,4.788915,100.16015625
08:00:33,91282CKS9,TSRYS5814779,D,S,T,2024-06-05,1000000.00,4.788915,100.16015625
08:00:33,91282CKS9,TSRYS5814779,D,S,T,2024-06-05,2000000.00,4.78683,100.1640625
08:00:33,91282CKS9,TSRYS5814779,D,S,T,2024-06-05,3000000.00,4.785787,100.166015625
08:00:33,91282CKS9,TSRYS5814779,D,S,T,2024-06-05,3000000.00,4.785787,100.166015625
08:00:33,91282CKS9,TSRYS5814779,D,S,T,2024-06-05,4000000.00,4.785787,100.166015625
08:00:33,91282CKS9,TSRYS5814779,D,S,T,2024-06-05,1000000.00,4.78683,100.1640625
08:00:33,91282CKS9,TSRYS5814779,D,S,T,2024-06-05,1000000.00,4.78683,100.1640625
08:00:33,91282CKS9,TSRYS5814779,D,S,T,2024-06-05,1000000.00,4.78683,100.1640625
08:00:33,91282CKS9,TSRYS5814779,D,S,T,2024-06-05,2000000.00,4.78266,100.171875
08:00:33,91282CKS9,TSRYS5814779,D,S,T,2024-06-05,1000000.00,4.78266,100.171875
08:00:33,91282CKS9,TSRYS5814779,D,S,T,2024-06-05,2000000.00,4.78266,100.171875
08:00:33,91282CKS9,TSRYS5814779,D,S,T,2024-06-05,2000000.00,4.783702,100.169921875
08:00:33,91282CKS9,TSRYS5814779,D,S,T,2024-06-05,1000000.00,4.784745,100.16796875
08:00:33,91282CKS9,TSRYS5814779,D,S,T,2024-06-05,2000000.00,4.784745,100.16796875
08:00:33,91282CKS9,TSRYS5814779,D,S,T,2024-06-05,2000000.00,4.784745,100.16796875
08:00:33,91282CKS9,TSRYS5814779,D,S,T,2024-06-05,1000000.00,4.783702,100.169921875
08:00:33,91282CKS9,TSRYS5814779,D,S,T,2024-06-05,3000000.00,4.784745,100.16796875
08:00:33,91282CKS9,TSRYS5814779,D,S,T,2024-06-05,2000000.00,4.784745,100.16796875
08:00:33,91282CKS9,TSRYS5814779,D,S,T,2024-06-05,4000000.00,4.784745,100.16796875
08:00:33,91282CKS9,TSRYS5814779,D,S,T,2024-06-05,2000000.00,4.784745,100.16796875
08:00:33,91282CKS9,TSRYS5814779,D,S,T,2024-06-05,2000000.00,4.784745,100.16796875
08:00:34,91282CKS9,TSRYS5814779,D,S,T,2024-06-05,1000000.00,4.784745,100.16796875
08:00:34,91282CKS9,TSRYS5814779,D,S,T,2024-06-05,1000000.00,4.784745,100.16796875
08:00:34,91282CKS9,TSRYS5814779,D,S,T,2024-06-05,1000000.00,4.784745,100.16796875
08:00:34,91282CKS9,TSRYS5814779,D,S,T,2024-06-05,3000000.00,4.784745,100.16796875
08:00:34,91282CKS9,TSRYS5814779,D,S,T,2024-06-05,2000000.00,4.784745,100.16796875
08:00:34,91282CKS9,TSRYS5814779,D,S,T,2024-06-05,2000000.00,4.784745,100.16796875
08:00:34,91282CKS9,TSRYS5814779,D,S,T,2024-06-05,2000000.00,4.784745,100.16796875
08:00:34,91282CKS9,TSRYS5814779,D,S,T,2024-06-05,4000000.00,4.781617,100.173828125
08:00:34,91282CKS9,TSRYS5814779,D,S,T,2024-06-05,4000000.00,4.781617,100.173828125
08:00:34,91282CKS9,TSRYS5814779,D,S,T,2024-06-05,4000000.00,4.780575,100.17578125
08:00:34,91282CKS9,TSRYS5814779,D,S,T,2024-06-05,1000000.00,4.775363,100.185546875
08:00:34,91282CKS9,TSRYS5814779,D,S,T,2024-06-05,1000000.00,4.775363,100.185546875
08:00:34,91282CKS9,TSRYS5814779,D,S,T,2024-06-05,1000000.00,4.775363,100.185546875
08:00:34,91282CKS9,TSRYS5814779,D,S,T,2024-06-05,1000000.00,4.77432,100.1875
08:00:34,91282CKS9,TSRYS5814779,D,S,T,2024-06-05,1000000.00,4.77432,100.1875
08:00:34,91282CKS9,TSRYS5814779,D,S,T,2024-06-05,1000000.00,4.77432,100.1875
08:00:34,91282CKS9,TSRYS5814779,D,S,T,2024-06-05,1000000.00,4.77432,100.1875
08:00:34,91282CKS9,TSRYS5814779,D,S,T,2024-06-05,1000000.00,4.77432,100.1875
08:00:34,91282CKS9,TSRYS5814779,D,S,T,2024-06-05,1000000.00,4.77432,100.1875
08:00:34,91282CKS9,TSRYS5814779,D,S,T,2024-06-05,2000000.00,4.77432,100.1875
08:00:34,91282CKS9,TSRYS5814779,D,S,T,2024-06-05,2000000.00,4.77432,100.1875
08:00:34,91282CKS9,TSRYS5814779,D,S,T,2024-06-05,2000000.00,4.772236,100.19140625
08:00:34,91282CKS9,TSRYS5814779,D,S,T,2024-06-05,1000000.00,4.770151,100.1953125
08:00:34,91282CKS9,TSRYS5814779,D,S,T,2024-06-05,1000000.00,4.770151,100.1953125
08:00:34,91282CKS9,TSRYS5814779,D,S,T,2024-06-05,2000000.00,4.770151,100.1953125
08:00:34,91282CKS9,TSRYS5814779,D,S,T,2024-06-05,1000000.00,4.770151,100.1953125
08:00:34,91282CKS9,TSRYS5814779,D,S,T,2024-06-05,1000000.00,4.770151,100.1953125
08:00:34,91282CKS9,TSRYS5814779,D,S,T,2024-06-05,1000000.00,4.770151,100.1953125
08:00:34,91282CKS9,TSRYS5814779,D,S,T,2024-06-05,3000000.00,4.770151,100.1953125
08:00:34,91282CKS9,TSRYS5814779,D,S,T,2024-06-05,1000000.00,4.770151,100.1953125
08:00:34,91282CKS9,TSRYS5814779,D,S,T,2024-06-05,2000000.00,4.770151,100.1953125
08:00:34,91282CKS9,TSRYS5814779,D,S,T,2024-06-05,3000000.00,4.770151,100.1953125
08:00:34,91282CKS9,TSRYS5814779,D,S,T,2024-06-05,1000000.00,4.770151,100.1953125
08:00:34,91282CKS9,TSRYS5814779,D,S,T,2024-06-05,2000000.00,4.768067,100.19921875
08:00:34,91282CKS9,TSRYS5814779,D,S,T,2024-06-05,1000000.00,4.768067,100.19921875
08:00:34,91282CKS9,TSRYS5814779,D,S,T,2024-06-05,1000000.00,4.768067,100.19921875
08:00:34,91282CKS9,TSRYS5814779,D,S,T,2024-06-05,1000000.00,4.768067,100.19921875
08:00:34,91282CKS9,TSRYS5814779,D,S,T,2024-06-05,1000000.00,4.768067,100.19921875
08:00:34,91282CKS9,TSRYS5814779,D,S,T,2024-06-05,1000000.00,4.768067,100.19921875
08:00:34,91282CKS9,TSRYS5814779,D,S,T,2024-06-05,1000000.00,4.768067,100.19921875
08:00:34,91282CKS9,TSRYS5814779,D,S,T,2024-06-05,2000000.00,4.768067,100.19921875
08:00:34,91282CKS9,TSRYS5814779,D,S,T,2024-06-05,1000000.00,4.768067,100.19921875
08:00:34,91282CKS9,TSRYS5814779,D,S,T,2024-06-05,2000000.00,4.768067,100.19921875
08:00:34,91282CKS9,TSRYS5814779,D,S,T,2024-06-05,1000000.00,4.768067,100.19921875
08:00:34,91282CKS9,TSRYS5814779,D,S,T,2024-06-05,1000000.00,4.768067,100.19921875
08:00:34,91282CKS9,TSRYS5814779,D,S,T,2024-06-05,1000000.00,4.768067,100.19921875
08:00:34,91282CKS9,TSRYS5814779,D,S,T,2024-06-05,1000000.00,4.768067,100.19921875
08:00:34,91282CKS9,TSRYS5814779,D,S,T,2024-06-05,1000000.00,4.768067,100.19921875
08:00:34,91282CKS9,TSRYS5814779,D,S,T,2024-06-05,1000000.00,4.768067,100.19921875
08:00:34,91282CKS9,TSRYS5814779,D,S,T,2024-06-05,1000000.00,4.768067,100.19921875
08:00:34,91282CKS9,TSRYS5814779,D,S,T,2024-06-05,1000000.00,4.769109,100.197265625
08:00:34,91282CKS9,TSRYS5814779,D,S,T,2024-06-05,1000000.00,4.769109,100.197265625
08:00:34,91282CKS9,TSRYS5814779,D,S,T,2024-06-05,1000000.00,4.769109,100.197265625
08:00:34,91282CKS9,TSRYS5814779,D,S,T,2024-06-05,4000000.00,4.769109,100.197265625
08:00:34,91282CKS9,TSRYS5814779,D,S,T,2024-06-05,1000000.00,4.769109,100.197265625
08:00:34,91282CKS9,TSRYS5814779,D,S,T,2024-06-05,1000000.00,4.772236,100.19140625
08:00:34,91282CKS9,TSRYS5814779,D,S,T,2024-06-05,1000000.00,4.772236,100.19140625
08:00:34,91282CKS9,TSRYS5814779,D,S,T,2024-06-05,1000000.00,4.772236,100.19140625
08:00:34,91282CKS9,TSRYS5814779,D,S,T,2024-06-05,2000000.00,4.772236,100.19140625
08:00:34,91282CKS9,TSRYS5814779,D,S,T,2024-06-05,2000000.00,4.772236,100.19140625
08:00:34,91282CKS9,TSRYS5814779,D,S,T,2024-06-05,2000000.00,4.772236,100.19140625
08:00:34,91282CKS9,TSRYS5814779,D,S,T,2024-06-05,2000000.00,4.772236,100.19140625
08:00:34,91282CKS9,TSRYS5814779,D,S,T,2024-06-05,1000000.00,4.772236,100.19140625
08:00:34,91282CKS9,TSRYS5814779,D,S,T,2024-06-05,1000000.00,4.772236,100.19140625
08:00:34,91282CKS9,TSRYS5814779,D,S,T,2024-06-05,3000000.00,4.77432,100.1875
08:00:34,91282CKS9,TSRYS5814779,D,S,T,2024-06-05,2000000.00,4.77432,100.1875
08:00:34,91282CKS9,TSRYS5814779,D,S,T,2024-06-05,1000000.00,4.77432,100.1875
08:00:34,91282CKS9,TSRYS5814779,D,S,T,2024-06-05,3000000.00,4.77432,100.1875
08:00:34,91282CKS9,TSRYS5814779,D,S,T,2024-06-05,1000000.00,4.77432,100.1875
08:00:34,91282CKS9,TSRYS5814779,D,S,T,2024-06-05,1000000.00,4.77432,100.1875
08:00:34,91282CKS9,TSRYS5814779,D,S,T,2024-06-05,1000000.00,4.77432,100.1875
08:00:34,91282CKS9,TSRYS5814779,D,S,T,2024-06-05,3000000.00,4.77432,100.1875
08:00:34,91282CKS9,TSRYS5814779,D,B,A,2024-06-05,302000.00,4.784745,100.167969
08:00:34,91282CKS9,TSRYS5814779,D,S,D,2024-06-05,5000000.00,4.780575,100.17578125
08:00:37,91282CKS9,TSRYS5814779,D,B,A,2024-06-05,9700000.00,4.788915,100.16015625
08:00:37,91282CKS9,TSRYS5814779,D,B,A,2024-06-05,1000000.00,4.791001,100.15625
08:00:37,91282CKS9,TSRYS5814779,D,S,T,2024-06-05,3000000.00,4.791001,100.15625
08:00:37,91282CKS9,TSRYS5814779,D,S,T,2024-06-05,4000000.00,4.777447,100.181640625
08:00:37,91282CKS9,TSRYS5814779,D,S,T,2024-06-05,1000000.00,4.77849,100.1796875
08:00:37,91282CKS9,TSRYS5814779,D,S,T,2024-06-05,4000000.00,4.77849,100.1796875
08:00:37,91282CKS9,TSRYS5814779,D,S,T,2024-06-05,1000000.00,4.77849,100.1796875
08:00:37,91282CKS9,TSRYS5814779,D,S,T,2024-06-05,1000000.00,4.77849,100.1796875
08:00:37,91282CKS9,TSRYS5814779,D,S,T,2024-06-05,4000000.00,4.77849,100.1796875
08:00:37,91282CKS9,TSRYS5814779,D,S,T,2024-06-05,1000000.00,4.77849,100.1796875
08:00:37,91282CKS9,TSRYS5814779,D,S,T,2024-06-05,2000000.00,4.77849,100.1796875
08:00:37,91282CKS9,TSRYS5814779,D,S,T,2024-06-05,2000000.00,4.77849,100.1796875
08:00:37,91282CKS9,TSRYS5814779,D,S,T,2024-06-05,1000000.00,4.77849,100.1796875
08:00:37,91282CKS9,TSRYS5814779,D,S,T,2024-06-05,1000000.00,4.77849,100.1796875
08:00:37,91282CKS9,TSRYS5814779,D,S,T,2024-06-05,5000000.00,4.77849,100.1796875
08:00:37,91282CKS9,TSRYS5814779,D,S,T,2024-06-05,2000000.00,4.77849,100.1796875
08:00:37,91282CKS9,TSRYS5814779,D,S,T,2024-06-05,1000000.00,4.77849,100.1796875
08:00:37,91282CKS9,TSRYS5814779,D,S,T,2024-06-05,2000000.00,4.77849,100.1796875
08:00:37,91282CKS9,TSRYS5814779,D,B,C,2024-06-05,2000000.00,4.776405,100.18359375
08:00:37,91282CKS9,TSRYS5814779,D,S,A,2024-06-05,3240000.00,4.791001,100.15625
08:00:37,91282CKS9,TSRYS5814779,D,S,T,2024-06-05,1000000.00,4.777447,100.181640625
08:00:37,91282CKS9,TSRYS5814779,D,S,T,2024-06-05,1000000.00,4.776405,100.18359375
08:00:37,91282CKS9,TSRYS5814779,D,S,T,2024-06-05,1000000.00,4.776405,100.18359375
08:00:37,91282CKS9,TSRYS5814779,D,S,A,2024-06-05,21000000.00,4.776405,100.18359375
08:00:37,91282CKS9,TSRYS5814779,D,S,T,2024-06-05,1000000.00,4.777447,100.181640625
08:00:37,91282CKS9,TSRYS5814779,D,S,T,2024-06-05,1000000.00,4.777447,100.181640625
08:00:37,91282CKS9,TSRYS5814779,D,S,A,2024-06-05,1000000.00,4.77849,100.1796875
08:00:37,91282CKS9,TSRYS5814779,D,S,T,2024-06-05,1000000.00,4.780575,100.17578125
08:00:37,91282CKS9,TSRYS5814779,D,S,T,2024-06-05,4000000.00,4.784745,100.16796875
08:00:37,91282CKS9,TSRYS5814779,D,S,T,2024-06-05,1000000.00,4.784745,100.16796875
08:00:37,91282CKS9,TSRYS5814779,D,S,T,2024-06-05,1000000.00,4.784745,100.16796875
08:00:37,91282CKS9,TSRYS5814779,D,S,A,2024-06-05,2480000.00,4.784745,100.16796875
08:00:37,91282CKS9,TSRYS5814779,D,S,T,2024-06-05,1000000.00,4.788915,100.16015625
08:00:37,91282CKS9,TSRYS5814779,D,S,T,2024-06-05,1000000.00,4.788915,100.16015625
08:00:37,91282CKS9,TSRYS5814779,D,B,C,2024-06-05,5250000.00,4.791001,100.15625
08:00:37,91282CKS9,TSRYS5814779,D,S,T,2024-06-05,1000000.00,4.788915,100.16015625
08:00:37,91282CKS9,TSRYS5814779,D,S,C,2024-06-05,2000000.00,4.793273,100.15234375
08:00:37,91282CKS9,TSRYS5814779,D,S,T,2024-06-05,1000000.00,4.793086,100.15234375
08:00:37,91282CKS9,TSRYS5814779,D,S,T,2024-06-05,8000000.00,4.791001,100.15625
08:00:37,91282CKS9,TSRYS5814779,D,S,T,2024-06-05,1000000.00,4.791001,100.15625
08:00:37,91282CKS9,TSRYS5814779,D,S,T,2024-06-05,1000000.00,4.791001,100.15625
08:00:37,91282CKS9,TSRYS5814779,D,S,T,2024-06-05,1000000.00,4.791001,100.15625
08:00:37,91282CKS9,TSRYS5814779,D,S,T,2024-06-05,1000000.00,4.791001,100.15625
08:00:37,91282CKS9,TSRYS5814779,D,S,T,2024-06-05,1000000.00,4.791001,100.15625
08:00:37,91282CKS9,TSRYS5814779,D,S,T,2024-06-05,1000000.00,4.791001,100.15625
08:00:37,91282CKS9,TSRYS5814779,D,S,T,2024-06-05,1000000.00,4.791001,100.15625
08:00:37,91282CKS9,TSRYS5814779,D,S,T,2024-06-05,1000000.00,4.791001,100.15625
08:00:37,91282CKS9,TSRYS5814779,D,S,T,2024-06-05,1000000.00,4.791001,100.15625
08:00:37,91282CKS9,TSRYS5814779,D,S,T,2024-06-05,1000000.00,4.791001,100.15625
08:00:37,91282CKS9,TSRYS5814779,D,S,T,2024-06-05,1000000.00,4.791001,100.15625
08:00:37,91282CKS9,TSRYS5814779,D,S,T,2024-06-05,1000000.00,4.791001,100.15625
08:00:37,91282CKS9,TSRYS5814779,D,S,T,2024-06-05,2000000.00,4.791001,100.15625
08:00:37,91282CKS9,TSRYS5814779,D,S,T,2024-06-05,1000000.00,4.791001,100.15625
08:00:37,91282CKS9,TSRYS5814779,D,S,T,2024-06-05,1000000.00,4.791001,100.15625
08:00:37,91282CKS9,TSRYS5814779,D,S,T,2024-06-05,2000000.00,4.789958,100.158203125
08:00:37,91282CKS9,TSRYS5814779,D,S,T,2024-06-05,2000000.00,4.791001,100.15625
08:00:37,91282CKS9,TSRYS5814779,D,S,T,2024-06-05,2000000.00,4.791001,100.15625
08:00:37,91282CKS9,TSRYS5814779,D,S,T,2024-06-05,1000000.00,4.791001,100.15625
08:00:37,91282CKS9,TSRYS5814779,D,S,T,2024-06-05,1000000.00,4.791001,100.15625
08:00:37,91282CKS9,TSRYS5814779,D,S,T,2024-06-05,1000000.00,4.791001,100.15625
08:00:37,91282CKS9,TSRYS5814779,D,S,T,2024-06-05,1000000.00,4.791001,100.15625
08:00:37,91282CKS9,TSRYS5814779,D,S,T,2024-06-05,2000000.00,4.791001,100.15625
08:00:37,91282CKS9,TSRYS5814779,D,S,T,2024-06-05,1000000.00,4.791001,100.15625
08:00:37,91282CKS9,TSRYS5814779,D,S,T,2024-06-05,1000000.00,4.791001,100.15625
08:00:37,91282CKS9,TSRYS5814779,D,S,T,2024-06-05,4000000.00,4.791001,100.15625
08:00:37,91282CKS9,TSRYS5814779,D,S,T,2024-06-05,1000000.00,4.791001,100.15625
08:00:37,91282CKS9,TSRYS5814779,D,S,T,2024-06-05,1000000.00,4.791001,100.15625
08:00:37,91282CKS9,TSRYS5814779,D,S,T,2024-06-05,1000000.00,4.791001,100.15625
08:00:37,91282CKS9,TSRYS5814779,D,S,T,2024-06-05,1000000.00,4.791001,100.15625
08:00:37,91282CKS9,TSRYS5814779,D,S,T,2024-06-05,1000000.00,4.791001,100.15625
08:00:37,91282CKS9,TSRYS5814779,D,S,T,2024-06-05,1000000.00,4.791001,100.15625
08:00:37,91282CKS9,TSRYS5814779,D,S,T,2024-06-05,1000000.00,4.791001,100.15625
08:00:37,91282CKS9,TSRYS5814779,D,S,T,2024-06-05,1000000.00,4.791001,100.15625
08:00:37,91282CKS9,TSRYS5814779,D,S,T,2024-06-05,2000000.00,4.791001,100.15625
08:00:37,91282CKS9,TSRYS5814779,D,S,T,2024-06-05,1000000.00,4.791001,100.15625
08:00:37,91282CKS9,TSRYS5814779,D,S,T,2024-06-05,1000000.00,4.791001,100.15625
08:00:37,91282CKS9,TSRYS5814779,D,S,T,2024-06-05,1000000.00,4.791001,100.15625
08:00:37,91282CKS9,TSRYS5814779,D,S,T,2024-06-05,1000000.00,4.791001,100.15625
08:00:37,91282CKS9,TSRYS5814779,D,S,T,2024-06-05,1000000.00,4.791001,100.15625
08:00:37,91282CKS9,TSRYS5814779,D,S,T,2024-06-05,2000000.00,4.791001,100.15625
08:00:37,91282CKS9,TSRYS5814779,D,S,T,2024-06-05,1000000.00,4.791001,100.15625
08:00:37,91282CKS9,TSRYS5814779,D,S,T,2024-06-05,1000000.00,4.791001,100.15625
08:00:37,91282CKS9,TSRYS5814779,D,S,T,2024-06-05,1000000.00,4.791001,100.15625
08:00:37,91282CKS9,TSRYS5814779,D,S,T,2024-06-05,1000000.00,4.791001,100.15625
08:00:37,91282CKS9,TSRYS5814779,D,S,T,2024-06-05,1000000.00,4.791001,100.15625
08:00:37,91282CKS9,TSRYS5814779,D,S,T,2024-06-05,1000000.00,4.791001,100.15625
08:00:37,91282CKS9,TSRYS5814779,D,S,T,2024-06-05,1000000.00,4.789958,100.158203125
08:00:37,91282CKS9,TSRYS5814779,D,S,T,2024-06-05,1000000.00,4.789958,100.158203125
08:00:37,91282CKS9,TSRYS5814779,D,S,T,2024-06-05,1000000.00,4.789958,100.158203125
08:00:37,91282CKS9,TSRYS5814779,D,S,T,2024-06-05,3000000.00,4.791001,100.15625
08:00:37,91282CKS9,TSRYS5814779,D,S,T,2024-06-05,1000000.00,4.791001,100.15625
08:00:37,91282CKS9,TSRYS5814779,D,S,T,2024-06-05,1000000.00,4.789958,100.158203125
08:00:37,91282CKS9,TSRYS5814779,D,S,T,2024-06-05,1000000.00,4.789958,100.158203125
08:00:37,91282CKS9,TSRYS5814779,D,S,T,2024-06-05,1000000.00,4.791001,100.15625
08:00:37,91282CKS9,TSRYS5814779,D,S,T,2024-06-05,1000000.00,4.789958,100.158203125
08:00:37,91282CKS9,TSRYS5814779,D,S,T,2024-06-05,1000000.00,4.791001,100.15625
08:00:37,91282CKS9,TSRYS5814779,D,S,T,2024-06-05,1000000.00,4.789958,100.158203125
08:00:37,91282CKS9,TSRYS5814779,D,S,T,2024-06-05,1000000.00,4.789958,100.158203125
08:00:37,91282CKS9,TSRYS5814779,D,S,T,2024-06-05,1000000.00,4.789958,100.158203125
08:00:37,91282CKS9,TSRYS5814779,D,S,T,2024-06-05,1000000.00,4.789958,100.158203125
08:00:37,91282CKS9,TSRYS5814779,D,S,T,2024-06-05,3000000.00,4.791001,100.15625
08:00:37,91282CKS9,TSRYS5814779,D,S,T,2024-06-05,1000000.00,4.791001,100.15625
08:00:37,91282CKS9,TSRYS5814779,D,S,T,2024-06-05,1000000.00,4.791001,100.15625
08:00:37,91282CKS9,TSRYS5814779,D,S,T,2024-06-05,1000000.00,4.791001,100.15625
08:00:37,91282CKS9,TSRYS5814779,D,S,T,2024-06-05,1000000.00,4.791001,100.15625
08:00:37,91282CKS9,TSRYS5814779,D,S,T,2024-06-05,2000000.00,4.791001,100.15625
08:00:37,91282CKS9,TSRYS5814779,D,S,T,2024-06-05,1000000.00,4.791001,100.15625
08:00:37,91282CKS9,TSRYS5814779,D,S,T,2024-06-05,1000000.00,4.791001,100.15625
08:00:37,91282CKS9,TSRYS5814779,D,S,T,2024-06-05,1000000.00,4.791001,100.15625
08:00:37,91282CKS9,TSRYS5814779,D,S,T,2024-06-05,1000000.00,4.791001,100.15625
08:00:37,91282CKS9,TSRYS5814779,D,S,T,2024-06-05,1000000.00,4.791001,100.15625
08:00:37,91282CKS9,TSRYS5814779,D,S,T,2024-06-05,1000000.00,4.791001,100.15625
08:00:37,91282CKS9,TSRYS5814779,D,S,T,2024-06-05,1000000.00,4.791001,100.15625
08:00:37,91282CKS9,TSRYS5814779,D,S,T,2024-06-05,1000000.00,4.791001,100.15625
08:00:37,91282CKS9,TSRYS5814779,D,S,T,2024-06-05,1000000.00,4.791001,100.15625
08:00:37,91282CKS9,TSRYS5814779,D,S,T,2024-06-05,1000000.00,4.791001,100.15625
08:00:37,91282CKS9,TSRYS5814779,D,S,T,2024-06-05,1000000.00,4.791001,100.15625
08:00:37,91282CKS9,TSRYS5814779,D,S,T,2024-06-05,1000000.00,4.791001,100.15625
08:00:37,91282CKS9,TSRYS5814779,D,S,T,2024-06-05,1000000.00,4.791001,100.15625
08:00:37,91282CKS9,TSRYS5814779,D,S,T,2024-06-05,1000000.00,4.791001,100.15625
08:00:37,91282CKS9,TSRYS5814779,D,S,T,2024-06-05,1000000.00,4.791001,100.15625
08:00:37,91282CKS9,TSRYS5814779,D,S,T,2024-06-05,1000000.00,4.791001,100.15625
08:00:37,91282CKS9,TSRYS5814779,D,S,T,2024-06-05,1000000.00,4.791001,100.15625
08:00:37,91282CKS9,TSRYS5814779,D,S,T,2024-06-05,1000000.00,4.791001,100.15625
08:00:37,91282CKS9,TSRYS5814779,D,S,T,2024-06-05,2000000.00,4.791001,100.15625
08:00:37,91282CKS9,TSRYS5814779,D,S,T,2024-06-05,1000000.00,4.791001,100.15625
08:00:37,91282CKS9,TSRYS5814779,D,S,T,2024-06-05,2000000.00,4.791001,100.15625
08:00:37,91282CKS9,TSRYS5814779,D,S,T,2024-06-05,1000000.00,4.791001,100.15625
08:00:37,91282CKS9,TSRYS5814779,D,S,T,2024-06-05,2000000.00,4.791001,100.15625
08:00:37,91282CKS9,TSRYS5814779,D,S,T,2024-06-05,1000000.00,4.791001,100.15625
08:00:37,91282CKS9,TSRYS5814779,D,S,T,2024-06-05,1000000.00,4.791001,100.15625
08:00:37,91282CKS9,TSRYS5814779,D,S,T,2024-06-05,2000000.00,4.791001,100.15625
08:00:37,91282CKS9,TSRYS5814779,D,S,T,2024-06-05,3000000.00,4.791001,100.15625
08:00:37,91282CKS9,TSRYS5814779,D,S,T,2024-06-05,1000000.00,4.791001,100.15625
08:00:37,91282CKS9,TSRYS5814779,D,S,T,2024-06-05,2000000.00,4.791001,100.15625
08:00:37,91282CKS9,TSRYS5814779,D,S,T,2024-06-05,1000000.00,4.791001,100.15625
08:00:37,91282CKS9,TSRYS5814779,D,S,T,2024-06-05,1000000.00,4.791001,100.15625
08:00:37,91282CKS9,TSRYS5814779,D,S,T,2024-06-05,2000000.00,4.791001,100.15625
08:00:37,91282CKS9,TSRYS5814779,D,S,T,2024-06-05,1000000.00,4.791001,100.15625
08:00:37,91282CKS9,TSRYS5814779,D,S,T,2024-06-05,1000000.00,4.791001,100.15625
08:00:37,91282CKS9,TSRYS5814779,D,S,T,2024-06-05,1000000.00,4.791001,100.15625
08:00:37,91282CKS9,TSRYS5814779,D,S,T,2024-06-05,2000000.00,4.791001,100.15625
08:00:37,91282CKS9,TSRYS5814779,D,S,T,2024-06-05,1000000.00,4.791001,100.15625
08:00:37,91282CKS9,TSRYS5814779,D,S,T,2024-06-05,1000000.00,4.791001,100.15625
08:00:37,91282CKS9,TSRYS5814779,D,S,T,2024-06-05,1000000.00,4.791001,100.15625
08:00:37,91282CKS9,TSRYS5814779,D,S,T,2024-06-05,1000000.00,4.791001,100.15625
08:00:37,91282CKS9,TSRYS5814779,D,S,T,2024-06-05,1000000.00,4.791001,100.15625
08:00:37,91282CKS9,TSRYS5814779,D,S,T,2024-06-05,1000000.00,4.791001,100.15625
08:00:37,91282CKS9,TSRYS5814779,D,S,T,2024-06-05,2000000.00,4.791001,100.15625
08:00:37,91282CKS9,TSRYS5814779,D,S,T,2024-06-05,1000000.00,4.791001,100.15625
08:00:37,91282CKS9,TSRYS5814779,D,S,T,2024-06-05,1000000.00,4.791001,100.15625
08:00:37,91282CKS9,TSRYS5814779,D,S,T,2024-06-05,1000000.00,4.791001,100.15625
08:00:37,91282CKS9,TSRYS5814779,D,S,T,2024-06-05,1000000.00,4.791001,100.15625
08:00:37,91282CKS9,TSRYS5814779,D,S,T,2024-06-05,1000000.00,4.791001,100.15625
08:00:37,91282CKS9,TSRYS5814779,D,S,T,2024-06-05,1000000.00,4.791001,100.15625
08:00:37,91282CKS9,TSRYS5814779,D,S,T,2024-06-05,1000000.00,4.791001,100.15625
08:00:37,91282CKS9,TSRYS5814779,D,S,T,2024-06-05,3000000.00,4.791001,100.15625
08:00:37,91282CKS9,TSRYS5814779,D,S,T,2024-06-05,1000000.00,4.791001,100.15625
08:00:37,91282CKS9,TSRYS5814779,D,S,T,2024-06-05,1000000.00,4.791001,100.15625
08:00:37,91282CKS9,TSRYS5814779,D,S,T,2024-06-05,1000000.00,4.791001,100.15625
08:00:37,91282CKS9,TSRYS5814779,D,S,T,2024-06-05,2000000.00,4.791001,100.15625
08:00:37,91282CKS9,TSRYS5814779,D,S,T,2024-06-05,3000000.00,4.791001,100.15625
08:00:37,91282CKS9,TSRYS5814779,D,S,T,2024-06-05,2000000.00,4.791001,100.15625
08:00:37,91282CKS9,TSRYS5814779,D,S,T,2024-06-05,2000000.00,4.791001,100.15625
08:00:37,91282CKS9,TSRYS5814779,D,S,T,2024-06-05,1000000.00,4.791001,100.15625
08:00:37,91282CKS9,TSRYS5814779,D,S,T,2024-06-05,1000000.00,4.791001,100.15625
08:00:37,91282CKS9,TSRYS5814779,D,S,T,2024-06-05,1000000.00,4.791001,100.15625
08:00:37,91282CKS9,TSRYS5814779,D,S,T,2024-06-05,1000000.00,4.791001,100.15625
08:00:37,91282CKS9,TSRYS5814779,D,S,T,2024-06-05,2000000.00,4.791001,100.15625
08:00:37,91282CKS9,TSRYS5814779,D,S,T,2024-06-05,1000000.00,4.791001,100.15625
08:00:37,91282CKS9,TSRYS5814779,D,S,T,2024-06-05,2000000.00,4.791001,100.15625
08:00:37,91282CKS9,TSRYS5814779,D,S,T,2024-06-05,1000000.00,4.791001,100.15625
08:00:37,91282CKS9,TSRYS5814779,D,S,T,2024-06-05,1000000.00,4.791001,100.15625
08:00:37,91282CKS9,TSRYS5814779,D,S,T,2024-06-05,1000000.00,4.791001,100.15625
08:00:37,91282CKS9,TSRYS5814779,D,S,T,2024-06-05,1000000.00,4.791001,100.15625
08:00:37,91282CKS9,TSRYS5814779,D,S,T,2024-06-05,1000000.00,4.791001,100.15625
08:00:37,91282CKS9,TSRYS5814779,D,S,T,2024-06-05,1000000.00,4.791001,100.15625
08:00:37,91282CKS9,TSRYS5814779,D,S,T,2024-06-05,2000000.00,4.791001,100.15625
08:00:37,91282CKS9,TSRYS5814779,D,S,T,2024-06-05,1000000.00,4.791001,100.15625
08:00:37,91282CKS9,TSRYS5814779,D,S,T,2024-06-05,2000000.00,4.791001,100.15625
08:00:37,91282CKS9,TSRYS5814779,D,S,T,2024-06-05,2000000.00,4.791001,100.15625
08:00:37,91282CKS9,TSRYS5814779,D,S,T,2024-06-05,1000000.00,4.791001,100.15625
08:00:37,91282CKS9,TSRYS5814779,D,S,T,2024-06-05,2000000.00,4.791001,100.15625
08:00:37,91282CKS9,TSRYS5814779,D,S,T,2024-06-05,1000000.00,4.791001,100.15625
08:00:37,91282CKS9,TSRYS5814779,D,S,T,2024-06-05,1000000.00,4.791001,100.15625
08:00:37,91282CKS9,TSRYS5814779,D,S,T,2024-06-05,1000000.00,4.791001,100.15625
08:00:37,91282CKS9,TSRYS5814779,D,S,T,2024-06-05,1000000.00,4.791001,100.15625
08:00:37,91282CKS9,TSRYS5814779,D,S,T,2024-06-05,1000000.00,4.791001,100.15625
08:00:37,91282CKS9,TSRYS5814779,D,S,T,2024-06-05,1000000.00,4.791001,100.15625
08:00:37,91282CKS9,TSRYS5814779,D,S,T,2024-06-05,4000000.00,4.791001,100.15625
08:00:37,91282CKS9,TSRYS5814779,D,S,T,2024-06-05,1000000.00,4.791001,100.15625
08:00:37,91282CKS9,TSRYS5814779,D,S,T,2024-06-05,2000000.00,4.791001,100.15625
08:00:37,91282CKS9,TSRYS5814779,D,S,T,2024-06-05,1000000.00,4.791001,100.15625
08:00:37,91282CKS9,TSRYS5814779,D,S,T,2024-06-05,1000000.00,4.791001,100.15625
08:00:37,91282CKS9,TSRYS5814779,D,S,T,2024-06-05,1000000.00,4.791001,100.15625
08:00:37,91282CKS9,TSRYS5814779,D,S,T,2024-06-05,2000000.00,4.791001,100.15625
08:00:37,91282CKS9,TSRYS5814779,D,S,T,2024-06-05,1000000.00,4.791001,100.15625
08:00:37,91282CKS9,TSRYS5814779,D,S,T,2024-06-05,1000000.00,4.791001,100.15625
08:00:37,91282CKS9,TSRYS5814779,D,S,T,2024-06-05,1000000.00,4.791001,100.15625
08:00:37,91282CKS9,TSRYS5814779,D,S,T,2024-06-05,1000000.00,4.791001,100.15625
08:00:37,91282CKS9,TSRYS5814779,D,S,T,2024-06-05,1000000.00,4.791001,100.15625
08:00:37,91282CKS9,TSRYS5814779,D,S,T,2024-06-05,1000000.00,4.791001,100.15625
08:00:37,91282CKS9,TSRYS5814779,D,S,T,2024-06-05,1000000.00,4.791001,100.15625
08:00:37,91282CKS9,TSRYS5814779,D,S,T,2024-06-05,1000000.00,4.791001,100.15625
08:00:37,91282CKS9,TSRYS5814779,D,S,T,2024-06-05,3000000.00,4.791001,100.15625
08:00:37,91282CKS9,TSRYS5814779,D,S,T,2024-06-05,1000000.00,4.791001,100.15625
08:00:37,91282CKS9,TSRYS5814779,D,S,T,2024-06-05,1000000.00,4.791001,100.15625
08:00:37,91282CKS9,TSRYS5814779,D,S,T,2024-06-05,1000000.00,4.791001,100.15625
08:00:37,91282CKS9,TSRYS5814779,D,S,T,2024-06-05,2000000.00,4.791001,100.15625
08:00:37,91282CKS9,TSRYS5814779,D,S,T,2024-06-05,1000000.00,4.791001,100.15625
08:00:37,91282CKS9,TSRYS5814779,D,S,T,2024-06-05,1000000.00,4.791001,100.15625
08:00:37,91282CKS9,TSRYS5814779,D,S,T,2024-06-05,1000000.00,4.791001,100.15625
08:00:37,91282CKS9,TSRYS5814779,D,S,T,2024-06-05,2000000.00,4.791001,100.15625
08:00:37,91282CKS9,TSRYS5814779,D,S,T,2024-06-05,1000000.00,4.791001,100.15625
08:00:37,91282CKS9,TSRYS5814779,D,S,T,2024-06-05,13000000.00,4.791001,100.15625
08:00:37,91282CKS9,TSRYS5814779,D,S,T,2024-06-05,1000000.00,4.791001,100.15625
08:00:37,91282CKS9,TSRYS5814779,D,S,T,2024-06-05,1000000.00,4.791001,100.15625
08:00:37,91282CKS9,TSRYS5814779,D,S,T,2024-06-05,1000000.00,4.791001,100.15625
08:00:37,91282CKS9,TSRYS5814779,D,S,T,2024-06-05,1000000.00,4.791001,100.15625
08:00:37,91282CKS9,TSRYS5814779,D,S,T,2024-06-05,1000000.00,4.791001,100.15625
08:00:37,91282CKS9,TSRYS5814779,D,S,T,2024-06-05,2000000.00,4.791001,100.15625
08:00:37,91282CKS9,TSRYS5814779,D,S,T,2024-06-05,1000000.00,4.791001,100.15625
08:00:37,91282CKS9,TSRYS5814779,D,S,T,2024-06-05,1000000.00,4.791001,100.15625
08:00:37,91282CKS9,TSRYS5814779,D,S,T,2024-06-05,1000000.00,4.791001,100.15625
08:00:37,91282CKS9,TSRYS5814779,D,S,T,2024-06-05,1000000.00,4.791001,100.15625
08:00:37,91282CKS9,TSRYS5814779,D,S,T,2024-06-05,1000000.00,4.791001,100.15625
08:00:37,91282CKS9,TSRYS5814779,D,S,T,2024-06-05,4000000.00,4.791001,100.15625
08:00:37,91282CKS9,TSRYS5814779,D,S,T,2024-06-05,1000000.00,4.791001,100.15625
08:00:37,91282CKS9,TSRYS5814779,D,S,T,2024-06-05,2000000.00,4.791001,100.15625
08:00:37,91282CKS9,TSRYS5814779,D,S,T,2024-06-05,1000000.00,4.791001,100.15625
08:00:37,91282CKS9,TSRYS5814779,D,S,T,2024-06-05,1000000.00,4.791001,100.15625
08:00:37,91282CKS9,TSRYS5814779,D,B,A,2024-06-05,3100000.00,4.791001,100.15625
08:00:37,91282CKS9,TSRYS5814779,D,S,A,2024-06-05,100000.00,4.788915,100.16015625
08:00:37,91282CKS9,TSRYS5814779,D,S,D,2024-06-05,1000000.00,4.78683,100.1640625
08:00:37,91282CKS9,TSRYS5814779,D,S,D,2024-06-05,1000000.00,4.78683,100.1640625
08:00:37,91282CKS9,TSRYS5814779,D,S,D,2024-06-05,1000000.00,4.78683,100.1640625
08:00:37,91282CKS9,TSRYS5814779,D,S,D,2024-06-05,1000000.00,4.78683,100.1640625
08:00:37,91282CKS9,TSRYS5814779,D,S,T,2024-06-05,1000000.00,4.785787,100.166015625
08:00:37,91282CKS9,TSRYS5814779,D,S,T,2024-06-05,1000000.00,4.788915,100.16015625
08:00:37,91282CKS9,TSRYS5814779,D,S,T,2024-06-05,1000000.00,4.788915,100.16015625
08:00:37,91282CKS9,TSRYS5814779,D,S,T,2024-06-05,9000000.00,4.788915,100.16015625
08:00:37,91282CKS9,TSRYS5814779,D,S,T,2024-06-05,1000000.00,4.788915,100.16015625
08:00:37,91282CKS9,TSRYS5814779,D,S,T,2024-06-05,1000000.00,4.788915,100.16015625
08:00:37,91282CKS9,TSRYS5814779,D,S,T,2024-06-05,1000000.00,4.788915,100.16015625
08:00:37,91282CKS9,TSRYS5814779,D,S,T,2024-06-05,1000000.00,4.788915,100.16015625
08:00:37,91282CKS9,TSRYS5814779,D,S,T,2024-06-05,1000000.00,4.788915,100.16015625
08:00:37,91282CKS9,TSRYS5814779,D,S,T,2024-06-05,1000000.00,4.788915,100.16015625
08:00:37,91282CKS9,TSRYS5814779,D,S,T,2024-06-05,1000000.00,4.788915,100.16015625
08:00:37,91282CKS9,TSRYS5814779,D,S,T,2024-06-05,1000000.00,4.788915,100.16015625
08:00:37,91282CKS9,TSRYS5814779,D,S,T,2024-06-05,2000000.00,4.788915,100.16015625
08:00:37,91282CKS9,TSRYS5814779,D,S,T,2024-06-05,2000000.00,4.788915,100.16015625
08:00:37,91282CKS9,TSRYS5814779,D,S,T,2024-06-05,2000000.00,4.788915,100.16015625
08:00:37,91282CKS9,TSRYS5814779,D,S,T,2024-06-05,3000000.00,4.788915,100.16015625
08:00:37,91282CKS9,TSRYS5814779,D,S,T,2024-06-05,1000000.00,4.788915,100.16015625
08:00:37,91282CKS9,TSRYS5814779,D,S,T,2024-06-05,1000000.00,4.788915,100.16015625
08:00:37,91282CKS9,TSRYS5814779,D,S,T,2024-06-05,1000000.00,4.788915,100.16015625
08:00:37,91282CKS9,TSRYS5814779,D,S,T,2024-06-05,1000000.00,4.788915,100.16015625
08:00:37,91282CKS9,TSRYS5814779,D,S,T,2024-06-05,1000000.00,4.788915,100.16015625
08:00:37,91282CKS9,TSRYS5814779,D,S,T,2024-06-05,1000000.00,4.788915,100.16015625
08:00:37,91282CKS9,TSRYS5814779,D,S,T,2024-06-05,2000000.00,4.788915,100.16015625
08:00:41,91282CKS9,TSRYS5814779,D,S,T,2024-06-05,1000000.00,4.78683,100.1640625
08:00:41,91282CKS9,TSRYS5814779,D,S,T,2024-06-05,6000000.00,4.78683,100.1640625
08:00:41,91282CKS9,TSRYS5814779,D,S,T,2024-06-05,1000000.00,4.78683,100.1640625
08:00:41,91282CKS9,TSRYS5814779,D,S,T,2024-06-05,1000000.00,4.78683,100.1640625
08:00:41,91282CKS9,TSRYS5814779,D,S,T,2024-06-05,1000000.00,4.78683,100.1640625
08:00:41,91282CKS9,TSRYS5814779,D,S,T,2024-06-05,2000000.00,4.78683,100.1640625
08:00:41,91282CKS9,TSRYS5814779,D,S,T,2024-06-05,6000000.00,4.78683,100.1640625
08:00:41,91282CKS9,TSRYS5814779,D,S,T,2024-06-05,2000000.00,4.78683,100.1640625
08:00:41,91282CKS9,TSRYS5814779,D,S,T,2024-06-05,11000000.00,4.78683,100.1640625
08:00:41,91282CKS9,TSRYS5814779,D,S,T,2024-06-05,1000000.00,4.78683,100.1640625
08:00:41,91282CKS9,TSRYS5814779,D,S,T,2024-06-05,2000000.00,4.78683,100.1640625
08:00:41,91282CKS9,TSRYS5814779,D,B,A,2024-06-05,40000000.00,4.78683,100.1640625
08:00:41,91282CKS9,TSRYS5814779,D,S,C,2024-06-05,5194000.00,4.78683,100.1640625
08:00:41,91282CKS9,TSRYS5814779,D,S,T,2024-06-05,1000000.00,4.783702,100.169921875
08:00:41,91282CKS9,TSRYS5814779,D,S,T,2024-06-05,10000000.00,4.784745,100.16796875
08:00:41,91282CKS9,TSRYS5814779,D,S,T,2024-06-05,4000000.00,4.78266,100.171875
08:00:41,91282CKS9,TSRYS5814779,D,S,T,2024-06-05,4000000.00,4.78266,100.171875
08:00:41,91282CKS9,TSRYS5814779,D,S,T,2024-06-05,1000000.00,4.78266,100.171875
08:00:41,91282CKS9,TSRYS5814779,D,S,T,2024-06-05,1000000.00,4.78266,100.171875
08:00:41,91282CKS9,TSRYS5814779,D,S,T,2024-06-05,1000000.00,4.78266,100.171875
08:00:41,91282CKS9,TSRYS5814779,D,S,T,2024-06-05,2000000.00,4.78266,100.171875
08:00:41,91282CKS9,TSRYS5814779,D,S,T,2024-06-05,5000000.00,4.78266,100.171875
08:00:41,91282CKS9,TSRYS5814779,D,S,T,2024-06-05,5000000.00,4.78266,100.171875
08:00:41,91282CKS9,TSRYS5814779,D,S,T,2024-06-05,2000000.00,4.78266,100.171875
08:00:41,91282CKS9,TSRYS5814779,D,S,T,2024-06-05,1000000.00,4.78266,100.171875
08:00:41,91282CKS9,TSRYS5814779,D,S,T,2024-06-05,4000000.00,4.78266,100.171875
08:00:41,91282CKS9,TSRYS5814779,D,S,T,2024-06-05,2000000.00,4.78266,100.171875
08:00:41,91282CKS9,TSRYS5814779,D,S,T,2024-06-05,1000000.00,4.780575,100.17578125
08:00:41,91282CKS9,TSRYS5814779,D,S,T,2024-06-05,5000000.00,4.77849,100.1796875
08:00:41,91282CKS9,TSRYS5814779,D,S,T,2024-06-05,1000000.00,4.77849,100.1796875
08:00:41,91282CKS9,TSRYS5814779,D,S,T,2024-06-05,4000000.00,4.77849,100.1796875
08:00:41,91282CKS9,TSRYS5814779,D,S,T,2024-06-05,5000000.00,4.77849,100.1796875
08:00:41,91282CKS9,TSRYS5814779,D,S,T,2024-06-05,1000000.00,4.77849,100.1796875
08:00:41,91282CKS9,TSRYS5814779,D,S,T,2024-06-05,5000000.00,4.77849,100.1796875
08:00:41,91282CKS9,TSRYS5814779,D,S,T,2024-06-05,1000000.00,4.77849,100.1796875
08:00:41,91282CKS9,TSRYS5814779,D,S,T,2024-06-05,2000000.00,4.77849,100.1796875
08:00:41,91282CKS9,TSRYS5814779,D,S,T,2024-06-05,17000000.00,4.77849,100.1796875
08:00:41,91282CKS9,TSRYS5814779,D,S,T,2024-06-05,6300000.00,4.807688,100.125
08:00:41,91282CKS9,TSRYS5814779,D,S,T,2024-06-05,4000000.00,4.773278,100.189453125
08:00:41,91282CKS9,TSRYS5814779,D,S,T,2024-06-05,1000000.00,4.773278,100.189453125
08:00:41,91282CKS9,TSRYS5814779,D,S,D,2024-06-05,2000000.00,4.773,100.1899742083
08:00:41,91282CKS9,TSRYS5814779,D,S,D,2024-06-05,1000000.00,4.773,100.1899742083
08:00:41,91282CKS9,TSRYS5814779,D,S,D,2024-06-05,3000000.00,4.773,100.1899742083
08:00:41,91282CKS9,TSRYS5814779,D,S,D,2024-06-05,2000000.00,4.7755,100.1852892686
08:00:41,91282CKS9,TSRYS5814779,D,S,D,2024-06-05,2000000.00,4.775,100.1862260192
08:00:41,91282CKS9,TSRYS5814779,D,S,D,2024-06-05,2000000.00,4.770151,100.1953125
08:00:41,91282CKS9,TSRYS5814779,D,S,D,2024-06-05,3000000.00,4.770151,100.1953125
08:00:41,91282CKS9,TSRYS5814779,D,S,D,2024-06-05,3000000.00,4.770151,100.1953125
08:00:41,91282CKS9,TSRYS5814779,D,S,D,2024-06-05,3000000.00,4.770151,100.1953125
08:00:41,91282CKS9,TSRYS5814779,D,S,D,2024-06-05,3000000.00,4.770151,100.1953125
08:00:41,91282CKS9,TSRYS5814779,D,S,D,2024-06-05,3000000.00,4.770151,100.1953125
08:00:41,91282CKS9,TSRYS5814779,D,S,D,2024-06-05,2000000.00,4.770151,100.1953125
08:00:41,91282CKS9,TSRYS5814779,D,S,D,2024-06-05,2000000.00,4.770151,100.1953125
08:00:41,91282CKS9,TSRYS5814779,D,S,D,2024-06-05,3000000.00,4.770151,100.1953125
08:00:41,91282CKS9,TSRYS5814779,D,B,C,2024-06-05,2045000.00,4.77432,100.1875
08:00:41,91282CKS9,TSRYS5814779,D,S,T,2024-06-05,1000000.00,4.77432,100.1875
08:00:41,91282CKS9,TSRYS5814779,D,S,D,2024-06-05,1000000.00,4.781617,100.173828125
08:00:41,91282CKS9,TSRYS5814779,D,S,D,2024-06-05,1000000.00,4.781617,100.173828125
08:00:41,91282CKS9,TSRYS5814779,D,S,D,2024-06-05,1000000.00,4.78266,100.171875
08:00:41,91282CKS9,TSRYS5814779,D,S,D,2024-06-05,1000000.00,4.78266,100.171875
08:00:41,91282CKS9,TSRYS5814779,D,S,D,2024-06-05,1000000.00,4.78266,100.171875
08:00:41,91282CKS9,TSRYS5814779,D,S,D,2024-06-05,1000000.00,4.78266,100.171875
08:00:41,91282CKS9,TSRYS5814779,D,S,T,2024-06-05,1000000.00,4.772236,100.19140625
08:00:41,91282CKS9,TSRYS5814779,D,S,T,2024-06-05,1000000.00,4.772236,100.19140625
08:00:41,91282CKS9,TSRYS5814779,D,B,A,2024-06-05,1000000.00,4.788915,100.16015625
08:00:41,91282CKS9,TSRYS5814779,D,B,A,2024-06-05,2000000.00,4.791001,100.15625
08:00:42,91282CKS9,TSRYS5814779,D,S,T,2024-06-05,2000000.00,4.776405,100.18359375
08:00:43,91282CKS9,TSRYS5814779,D,S,T,2024-06-05,1000000.00,4.777447,100.181640625
08:00:43,91282CKS9,TSRYS5814779,D,S,T,2024-06-05,1000000.00,4.777447,100.181640625
08:00:43,91282CKS9,TSRYS5814779,D,S,T,2024-06-05,1000000.00,4.777447,100.181640625
08:00:43,91282CKS9,TSRYS5814779,D,B,C,2024-06-05,7000000.00,4.793086,100.15234375
08:00:43,91282CKS9,TSRYS5814779,D,S,D,2024-06-05,7000000.00,4.793086,100.15234375
08:00:43,91282CKS9,TSRYS5814779,D,S,T,2024-06-05,3000000.00,4.780575,100.17578125
08:00:43,91282CKS9,TSRYS5814779,D,S,T,2024-06-05,1000000.00,4.780575,100.17578125
08:00:43,91282CKS9,TSRYS5814779,D,S,T,2024-06-05,1000000.00,4.780575,100.17578125
08:00:43,91282CKS9,TSRYS5814779,D,S,T,2024-06-05,1000000.00,4.780575,100.17578125
08:00:43,91282CKS9,TSRYS5814779,D,S,T,2024-06-05,1000000.00,4.780575,100.17578125
08:00:43,91282CKS9,TSRYS5814779,D,S,T,2024-06-05,1000000.00,4.780575,100.17578125
08:00:43,91282CKS9,TSRYS5814779,D,S,D,2024-06-05,1000000.00,4.780575,100.17578125
08:00:43,91282CKS9,TSRYS5814779,D,S,T,2024-06-05,5000000.00,4.780575,100.17578125
08:00:43,91282CKS9,TSRYS5814779,D,S,T,2024-06-05,1000000.00,4.780575,100.17578125
08:00:43,91282CKS9,TSRYS5814779,D,S,T,2024-06-05,2000000.00,4.780575,100.17578125
08:00:43,91282CKS9,TSRYS5814779,D,S,T,2024-06-05,2000000.00,4.780575,100.17578125
08:00:43,91282CKS9,TSRYS5814779,D,S,T,2024-06-05,1000000.00,4.780575,100.17578125
08:00:43,91282CKS9,TSRYS5814779,D,S,T,2024-06-05,1000000.00,4.780575,100.17578125
08:00:43,91282CKS9,TSRYS5814779,D,S,T,2024-06-05,2000000.00,4.780575,100.17578125
08:00:43,91282CKS9,TSRYS5814779,D,S,T,2024-06-05,1000000.00,4.780575,100.17578125
08:00:43,91282CKS9,TSRYS5814779,D,S,T,2024-06-05,1000000.00,4.780575,100.17578125
08:00:43,91282CKS9,TSRYS5814779,D,S,T,2024-06-05,1000000.00,4.780575,100.17578125
08:00:43,91282CKS9,TSRYS5814779,D,S,T,2024-06-05,1000000.00,4.780575,100.17578125
08:00:43,91282CKS9,TSRYS5814779,D,S,T,2024-06-05,1000000.00,4.780575,100.17578125
08:00:43,91282CKS9,TSRYS5814779,D,S,T,2024-06-05,16000000.00,4.780575,100.17578125
08:00:43,91282CKS9,TSRYS5814779,D,S,T,2024-06-05,16000000.00,4.780575,100.17578125
08:00:43,91282CKS9,TSRYS5814779,D,S,T,2024-06-05,1000000.00,4.78266,100.171875
08:00:43,91282CKS9,TSRYS5814779,D,S,T,2024-06-05,1000000.00,4.781617,100.173828125
08:00:43,91282CKS9,TSRYS5814779,D,S,T,2024-06-05,1000000.00,4.781617,100.173828125
08:00:43,91282CKS9,TSRYS5814779,D,S,T,2024-06-05,1000000.00,4.781617,100.173828125
08:00:43,91282CKS9,TSRYS5814779,D,S,D,2024-06-05,1000000.00,4.781617,100.173828125
08:00:43,91282CKS9,TSRYS5814779,D,S,T,2024-06-05,4000000.00,4.78266,100.171875
08:00:43,91282CKS9,TSRYS5814779,D,S,T,2024-06-05,1000000.00,4.781617,100.173828125
08:00:43,91282CKS9,TSRYS5814779,D,S,T,2024-06-05,2000000.00,4.781617,100.173828125
08:00:43,91282CKS9,TSRYS5814779,D,S,T,2024-06-05,1000000.00,4.781617,100.173828125
08:00:44,91282CKS9,TSRYS5814779,D,S,T,2024-06-05,2000000.00,4.780575,100.17578125
08:00:44,91282CKS9,TSRYS5814779,D,S,D,2024-06-05,53000000.00,4.779604,100.1776
08:00:44,91282CKS9,TSRYS5814779,D,S,T,2024-06-05,1000000.00,4.780575,100.17578125
08:00:44,91282CKS9,TSRYS5814779,D,S,T,2024-06-05,2000000.00,4.780575,100.17578125
08:00:44,91282CKS9,TSRYS5814779,D,S,T,2024-06-05,1000000.00,4.780575,100.17578125
08:00:44,91282CKS9,TSRYS5814779,D,S,T,2024-06-05,1000000.00,4.779532,100.177734375
08:00:44,91282CKS9,TSRYS5814779,D,S,T,2024-06-05,2000000.00,4.780575,100.17578125
08:00:44,91282CKS9,TSRYS5814779,D,S,T,2024-06-05,3000000.00,4.780575,100.17578125
08:00:44,91282CKS9,TSRYS5814779,D,S,T,2024-06-05,1000000.00,4.779532,100.177734375
08:00:44,91282CKS9,TSRYS5814779,D,S,T,2024-06-05,1000000.00,4.779532,100.177734375
08:00:44,91282CKS9,TSRYS5814779,D,S,T,2024-06-05,6000000.00,4.780575,100.17578125
08:00:44,91282CKS9,TSRYS5814779,D,S,T,2024-06-05,3000000.00,4.780575,100.17578125
08:00:44,91282CKS9,TSRYS5814779,D,S,T,2024-06-05,14000000.00,4.780575,100.17578125
08:00:44,91282CKS9,TSRYS5814779,D,S,T,2024-06-05,5000000.00,4.780575,100.17578125
08:00:44,91282CKS9,TSRYS5814779,D,S,T,2024-06-05,2000000.00,4.780575,100.17578125
08:00:44,91282CKS9,TSRYS5814779,D,S,T,2024-06-05,1000000.00,4.780575,100.17578125
08:00:44,91282CKS9,TSRYS5814779,D,S,T,2024-06-05,2000000.00,4.780575,100.17578125
08:00:44,91282CKS9,TSRYS5814779,D,S,T,2024-06-05,7000000.00,4.780575,100.17578125
08:00:44,91282CKS9,TSRYS5814779,D,S,T,2024-06-05,1000000.00,4.772236,100.19140625
08:00:44,91282CKS9,TSRYS5814779,D,S,T,2024-06-05,2000000.00,4.780575,100.17578125
08:00:44,91282CKS9,TSRYS5814779,D,S,T,2024-06-05,1000000.00,4.780575,100.17578125
08:00:44,91282CKS9,TSRYS5814779,D,S,T,2024-06-05,1000000.00,4.779532,100.177734375
08:00:44,91282CKS9,TSRYS5814779,D,S,T,2024-06-05,1000000.00,4.780575,100.17578125
08:00:44,91282CKS9,TSRYS5814779,D,S,T,2024-06-05,1000000.00,4.780575,100.17578125
08:00:44,91282CKS9,TSRYS5814779,D,S,T,2024-06-05,1000000.00,4.780575,100.17578125
08:00:44,91282CKS9,TSRYS5814779,D,S,T,2024-06-05,2000000.00,4.780575,100.17578125
08:00:44,91282CKS9,TSRYS5814779,D,S,C,2024-06-05,250000.00,4.784566,100.16830375
08:00:44,91282CKS9,TSRYS5814779,D,S,D,2024-06-05,1000000.00,4.780575,100.17578125
08:00:44,91282CKS9,TSRYS5814779,D,S,T,2024-06-05,5000000.00,4.780575,100.17578125
08:00:44,91282CKS9,TSRYS5814779,D,S,T,2024-06-05,1000000.00,4.780575,100.17578125
08:00:44,91282CKS9,TSRYS5814779,D,S,T,2024-06-05,1000000.00,4.780575,100.17578125
08:00:44,91282CKS9,TSRYS5814779,D,S,T,2024-06-05,1000000.00,4.780575,100.17578125
08:00:44,91282CKS9,TSRYS5814779,D,S,T,2024-06-05,1000000.00,4.780575,100.17578125
08:00:44,91282CKS9,TSRYS5814779,D,S,T,2024-06-05,1000000.00,4.780575,100.17578125
08:00:44,91282CKS9,TSRYS5814779,D,S,T,2024-06-05,1000000.00,4.780575,100.17578125
08:00:44,91282CKS9,TSRYS5814779,D,S,T,2024-06-05,1000000.00,4.780575,100.17578125
08:00:44,91282CKS9,TSRYS5814779,D,S,T,2024-06-05,1000000.00,4.780575,100.17578125
08:00:44,91282CKS9,TSRYS5814779,D,S,T,2024-06-05,1000000.00,4.780575,100.17578125
08:00:44,91282CKS9,TSRYS5814779,D,S,T,2024-06-05,1000000.00,4.780575,100.17578125
08:00:44,91282CKS9,TSRYS5814779,D,S,T,2024-06-05,1000000.00,4.780575,100.17578125
08:00:44,91282CKS9,TSRYS5814779,D,S,T,2024-06-05,7000000.00,4.780575,100.17578125
08:00:44,91282CKS9,TSRYS5814779,D,S,T,2024-06-05,1000000.00,4.780575,100.17578125
08:00:44,91282CKS9,TSRYS5814779,D,S,T,2024-06-05,1000000.00,4.780575,100.17578125
08:00:44,91282CKS9,TSRYS5814779,D,S,T,2024-06-05,6000000.00,4.780575,100.17578125
08:00:44,91282CKS9,TSRYS5814779,D,S,T,2024-06-05,1000000.00,4.780575,100.17578125
08:00:44,91282CKS9,TSRYS5814779,D,S,T,2024-06-05,1000000.00,4.780575,100.17578125
08:00:44,91282CKS9,TSRYS5814779,D,S,T,2024-06-05,1000000.00,4.780575,100.17578125
08:00:44,91282CKS9,TSRYS5814779,D,S,T,2024-06-05,1000000.00,4.780575,100.17578125
08:00:44,91282CKS9,TSRYS5814779,D,S,T,2024-06-05,1000000.00,4.780575,100.17578125
08:00:44,91282CKS9,TSRYS5814779,D,S,T,2024-06-05,1000000.00,4.780575,100.17578125
08:00:44,91282CKS9,TSRYS5814779,D,S,T,2024-06-05,1000000.00,4.780575,100.17578125
08:00:44,91282CKS9,TSRYS5814779,D,S,T,2024-06-05,1000000.00,4.780575,100.17578125
08:00:44,91282CKS9,TSRYS5814779,D,S,T,2024-06-05,1000000.00,4.780575,100.17578125
08:00:44,91282CKS9,TSRYS5814779,D,S,T,2024-06-05,1000000.00,4.780575,100.17578125
08:00:44,91282CKS9,TSRYS5814779,D,S,T,2024-06-05,1000000.00,4.780575,100.17578125
08:00:44,91282CKS9,TSRYS5814779,D,S,T,2024-06-05,1000000.00,4.780575,100.17578125
08:00:44,91282CKS9,TSRYS5814779,D,S,T,2024-06-05,1000000.00,4.780575,100.17578125
08:00:44,91282CKS9,TSRYS5814779,D,S,T,2024-06-05,1000000.00,4.780575,100.17578125
08:00:44,91282CKS9,TSRYS5814779,D,S,T,2024-06-05,1000000.00,4.780575,100.17578125
08:00:44,91282CKS9,TSRYS5814779,D,S,T,2024-06-05,1000000.00,4.780575,100.17578125
08:00:44,91282CKS9,TSRYS5814779,D,S,T,2024-06-05,5000000.00,4.780575,100.17578125
08:00:44,91282CKS9,TSRYS5814779,D,S,T,2024-06-05,5000000.00,4.780575,100.17578125
08:00:44,91282CKS9,TSRYS5814779,D,S,T,2024-06-05,1000000.00,4.780575,100.17578125
08:00:44,91282CKS9,TSRYS5814779,D,S,T,2024-06-05,3000000.00,4.780575,100.17578125
08:00:44,91282CKS9,TSRYS5814779,D,S,T,2024-06-05,1000000.00,4.780575,100.17578125
08:00:44,91282CKS9,TSRYS5814779,D,S,T,2024-06-05,1000000.00,4.780575,100.17578125
08:00:44,91282CKS9,TSRYS5814779,D,S,T,2024-06-05,1000000.00,4.780575,100.17578125
08:00:44,91282CKS9,TSRYS5814779,D,S,T,2024-06-05,2000000.00,4.780575,100.17578125
08:00:44,91282CKS9,TSRYS5814779,D,S,T,2024-06-05,3000000.00,4.780575,100.17578125
08:00:44,91282CKS9,TSRYS5814779,D,S,T,2024-06-05,1000000.00,4.780575,100.17578125
08:00:44,91282CKS9,TSRYS5814779,D,S,T,2024-06-05,3000000.00,4.780575,100.17578125
08:00:44,91282CKS9,TSRYS5814779,D,S,T,2024-06-05,1000000.00,4.780575,100.17578125
08:00:44,91282CKS9,TSRYS5814779,D,S,T,2024-06-05,1000000.00,4.780575,100.17578125
08:00:44,91282CKS9,TSRYS5814779,D,S,T,2024-06-05,1000000.00,4.780575,100.17578125
08:00:44,91282CKS9,TSRYS5814779,D,S,T,2024-06-05,1000000.00,4.780575,100.17578125
08:00:44,91282CKS9,TSRYS5814779,D,S,T,2024-06-05,1000000.00,4.780575,100.17578125
08:00:44,91282CKS9,TSRYS5814779,D,S,T,2024-06-05,1000000.00,4.780575,100.17578125
08:00:44,91282CKS9,TSRYS5814779,D,S,T,2024-06-05,1000000.00,4.780575,100.17578125
08:00:44,91282CKS9,TSRYS5814779,D,S,T,2024-06-05,1000000.00,4.780575,100.17578125
08:00:44,91282CKS9,TSRYS5814779,D,S,T,2024-06-05,1000000.00,4.780575,100.17578125
08:00:44,91282CKS9,TSRYS5814779,D,S,T,2024-06-05,1000000.00,4.780575,100.17578125
08:00:44,91282CKS9,TSRYS5814779,D,S,T,2024-06-05,1000000.00,4.780575,100.17578125
08:00:44,91282CKS9,TSRYS5814779,D,S,T,2024-06-05,2000000.00,4.780575,100.17578125
08:00:44,91282CKS9,TSRYS5814779,D,S,T,2024-06-05,1000000.00,4.780575,100.17578125
08:00:44,91282CKS9,TSRYS5814779,D,S,T,2024-06-05,2000000.00,4.780575,100.17578125
08:00:45,91282CKS9,TSRYS5814779,D,S,T,2024-06-05,1000000.00,4.780575,100.17578125
08:00:45,91282CKS9,TSRYS5814779,D,S,T,2024-06-05,1000000.00,4.780575,100.17578125
08:00:45,91282CKS9,TSRYS5814779,D,S,T,2024-06-05,1000000.00,4.780575,100.17578125
08:00:45,91282CKS9,TSRYS5814779,D,S,T,2024-06-05,1000000.00,4.780575,100.17578125
08:00:45,91282CKS9,TSRYS5814779,D,S,T,2024-06-05,1000000.00,4.77849,100.1796875
08:00:45,91282CKS9,TSRYS5814779,D,S,T,2024-06-05,1000000.00,4.77849,100.1796875
08:00:45,91282CKS9,TSRYS5814779,D,S,T,2024-06-05,1000000.00,4.77849,100.1796875
08:00:45,91282CKS9,TSRYS5814779,D,S,T,2024-06-05,1000000.00,4.77849,100.1796875
08:00:45,91282CKS9,TSRYS5814779,D,S,T,2024-06-05,1000000.00,4.780575,100.17578125
08:00:45,91282CKS9,TSRYS5814779,D,S,T,2024-06-05,1000000.00,4.781617,100.173828125
08:00:45,91282CKS9,TSRYS5814779,D,S,T,2024-06-05,1000000.00,4.781617,100.173828125
08:00:45,91282CKS9,TSRYS5814779,D,S,T,2024-06-05,1000000.00,4.781617,100.173828125
08:00:45,91282CKS9,TSRYS5814779,D,S,D,2024-06-05,2000000.00,4.783702,100.169921875
08:00:45,91282CKS9,TSRYS5814779,D,S,T,2024-06-05,1000000.00,4.780575,100.17578125
08:00:45,91282CKS9,TSRYS5814779,D,S,T,2024-06-05,1000000.00,4.780575,100.17578125
08:00:45,91282CKS9,TSRYS5814779,D,S,T,2024-06-05,1000000.00,4.780575,100.17578125
08:00:45,91282CKS9,TSRYS5814779,D,S,T,2024-06-05,1000000.00,4.780575,100.17578125
08:00:45,91282CKS9,TSRYS5814779,D,S,T,2024-06-05,1000000.00,4.780575,100.17578125
08:00:45,91282CKS9,TSRYS5814779,D,S,T,2024-06-05,3000000.00,4.780575,100.17578125
08:00:45,91282CKS9,TSRYS5814779,D,S,T,2024-06-05,1000000.00,4.780575,100.17578125
08:00:45,91282CKS9,TSRYS5814779,D,S,T,2024-06-05,3000000.00,4.781617,100.173828125
08:00:45,91282CKS9,TSRYS5814779,D,B,A,2024-06-05,8412000.00,4.78266,100.171875
08:00:45,91282CKS9,TSRYS5814779,D,B,A,2024-06-05,1676000.00,4.78266,100.171875
08:00:45,91282CKS9,TSRYS5814779,D,B,A,2024-06-05,9659000.00,4.78683,100.1640625
08:00:45,91282CKS9,TSRYS5814779,D,S,T,2024-06-05,1000000.00,4.784745,100.16796875
08:00:45,91282CKS9,TSRYS5814779,D,S,T,2024-06-05,1000000.00,4.784745,100.16796875
08:00:45,91282CKS9,TSRYS5814779,D,S,T,2024-06-05,1000000.00,4.784745,100.16796875
08:00:45,91282CKS9,TSRYS5814779,D,S,T,2024-06-05,1000000.00,4.784745,100.16796875
08:00:45,91282CKS9,TSRYS5814779,D,S,D,2024-06-05,1000000.00,4.784745,100.16796875
08:00:45,91282CKS9,TSRYS5814779,D,S,D,2024-06-05,1000000.00,4.784745,100.16796875
08:00:45,91282CKS9,TSRYS5814779,D,S,D,2024-06-05,1000000.00,4.784745,100.16796875
08:00:45,91282CKS9,TSRYS5814779,D,S,D,2024-06-05,1000000.00,4.784745,100.16796875
08:00:45,91282CKS9,TSRYS5814779,D,S,D,2024-06-05,1000000.00,4.784745,100.16796875
08:00:45,91282CKS9,TSRYS5814779,D,S,D,2024-06-05,1000000.00,4.784745,100.16796875
08:00:45,91282CKS9,TSRYS5814779,D,S,D,2024-06-05,1000000.00,4.784745,100.16796875
08:00:45,91282CKS9,TSRYS5814779,D,S,D,2024-06-05,1000000.00,4.784745,100.16796875
08:00:46,91282CKS9,TSRYS5814779,D,S,D,2024-06-05,1000000.00,4.787873,100.162109375
08:00:46,91282CKS9,TSRYS5814779,D,S,D,2024-06-05,2000000.00,4.787873,100.162109375
08:00:46,91282CKS9,TSRYS5814779,D,B,C,2024-06-05,3000000.00,4.787873,100.162109375
08:00:46,91282CKS9,TSRYS5814779,D,S,D,2024-06-05,3000000.00,4.787873,100.162109375
08:00:46,91282CKS9,TSRYS5814779,D,B,C,2024-06-05,16014200.00,4.784745,100.16796875
08:00:46,91282CKS9,TSRYS5814779,D,S,D,2024-06-05,16014200.00,4.784745,100.16796875
08:00:47,91282CKS9,TSRYS5814779,D,S,D,2024-06-05,2000000.00,4.792044,100.154296875
08:00:47,91282CKS9,TSRYS5814779,D,S,D,2024-06-05,2000000.00,4.789958,100.158203125
08:00:49,91282CKS9,TSRYS5814779,D,S,A,2024-06-05,2475000.00,4.793086,100.15234375
08:00:49,91282CKS9,TSRYS5814779,D,S,A,2024-06-05,90000.00,4.78683,100.1640625
08:00:49,91282CKS9,TSRYS5814779,D,S,T,2024-06-05,1000000.00,4.78683,100.1640625
08:00:49,91282CKS9,TSRYS5814779,D,S,D,2024-06-05,1000000.00,4.78683,100.1640625
08:00:49,91282CKS9,TSRYS5814779,D,S,D,2024-06-05,1000000.00,4.78683,100.1640625
08:00:49,91282CKS9,TSRYS5814779,D,S,D,2024-06-05,2000000.00,4.785787,100.166015625
08:00:49,91282CKS9,TSRYS5814779,D,S,T,2024-06-05,1000000.00,4.784745,100.16796875
08:00:49,91282CKS9,TSRYS5814779,D,S,A,2024-06-05,124000.00,4.788915,100.16015625
08:00:49,91282CKS9,TSRYS5814779,D,S,T,2024-06-05,1000000.00,4.783702,100.169921875
08:00:49,91282CKS9,TSRYS5814779,D,S,T,2024-06-05,4000000.00,4.78266,100.171875
08:00:49,91282CKS9,TSRYS5814779,D,S,D,2024-06-05,2000000.00,4.781617,100.173828125
08:00:49,91282CKS9,TSRYS5814779,D,S,D,2024-06-05,2000000.00,4.781617,100.173828125
08:00:49,91282CKS9,TSRYS5814779,D,S,D,2024-06-05,250000.00,4.784566,100.16830375
08:00:50,91282CKS9,TSRYS5814779,D,S,T,2024-06-05,2000000.00,4.78683,100.1640625
08:00:50,91282CKS9,TSRYS5814779,D,S,A,2024-06-05,1100000.00,4.78683,100.1640625
08:00:50,91282CKS9,TSRYS5814779,D,S,T,2024-06-05,1000000.00,4.78683,100.1640625
08:00:50,91282CKS9,TSRYS5814779,D,S,T,2024-06-05,1000000.00,4.78683,100.1640625
08:00:50,91282CKS9,TSRYS5814779,D,S,T,2024-06-05,1000000.00,4.784745,100.16796875
08:00:50,91282CKS9,TSRYS5814779,D,S,T,2024-06-05,1000000.00,4.783702,100.169921875
08:00:50,91282CKS9,TSRYS5814779,D,S,T,2024-06-05,1000000.00,4.783702,100.169921875
08:00:50,91282CKS9,TSRYS5814779,D,S,T,2024-06-05,3000000.00,4.784745,100.16796875
08:00:51,91282CKS9,TSRYS5814779,D,B,A,2024-06-05,1000000.00,4.78683,100.1640625
08:00:51,91282CKS9,TSRYS5814779,D,B,A,2024-06-05,1000000.00,4.78683,100.1640625
08:00:51,91282CKS9,TSRYS5814779,D,B,A,2024-06-05,7000000.00,4.78683,100.1640625
08:00:51,91282CKS9,TSRYS5814779,D,S,T,2024-06-05,3000000.00,4.786883,100.1639625
08:00:51,91282CKS9,TSRYS5814779,D,S,T,2024-06-05,6000000.00,4.786883,100.1639625
08:00:52,91282CKS9,TSRYS5814779,D,B,A,2024-06-05,10000000.00,4.78266,100.171875
08:00:52,91282CKS9,TSRYS5814779,D,S,T,2024-06-05,4000000.00,4.781671,100.173728125
08:00:52,91282CKS9,TSRYS5814779,D,S,T,2024-06-05,2000000.00,4.781671,100.173728125
08:00:52,91282CKS9,TSRYS5814779,D,S,T,2024-06-05,4000000.00,4.781671,100.173728125
08:00:52,91282CKS9,TSRYS5814779,D,S,D,2024-06-05,2100000.00,4.776405,100.18359375
08:00:52,91282CKS9,TSRYS5814779,D,S,T,2024-06-05,1000000.00,4.77432,100.1875
08:00:52,91282CKS9,TSRYS5814779,D,S,A,2024-06-05,5370000.00,4.77432,100.1875
08:00:52,91282CKS9,TSRYS5814779,D,S,T,2024-06-05,1000000.00,4.772289,100.19130625
08:00:52,91282CKS9,TSRYS5814779,D,S,T,2024-06-05,4000000.00,4.772289,100.19130625
