tradeTime,cusip,issueSymbolIdentifier,priceType,reportingSideCode,contraPartyTypeCode,tradeDate,reportedTradeVolume,lastSaleYield,lastSalePrice
08:00:03,91282CKK6,TSRYS5793014,D,S,D,2024-04-25,1000000.00,4.926872,99.90234375
08:00:03,91282CKK6,TSRYS5793014,D,S,D,2024-04-25,1000000.00,4.926872,99.90234375
08:00:03,91282CKK6,TSRYS5793014,D,S,D,2024-04-25,1000000.00,4.926872,99.90234375
08:00:03,91282CKK6,TSRYS5793014,D,S,T,2024-04-25,5000000.00,4.924796,99.90625
08:00:03,91282CKK6,TSRYS5793014,D,S,T,2024-04-25,1000000.00,4.924796,99.90625
08:00:08,91282CKK6,TSRYS5793014,D,B,A,2024-04-25,1189000.00,4.935177,99.88671875
08:00:13,91282CKK6,TSRYS5793014,D,S,D,2024-04-25,2000000.00,4.924796,99.90625
08:00:13,91282CKK6,TSRYS5793014,D,B,A,2024-04-25,800000.00,4.931024,99.89453125
08:00:13,91282CKK6,TSRYS5793014,D,B,A,2024-04-25,872000.00,4.931024,99.89453125
08:00:13,91282CKK6,TSRYS5793014,D,S,D,2024-04-25,1000000.00,4.931024,99.89453125
08:00:14,91282CKK6,TSRYS5793014,D,S,D,2024-04-25,1000000.00,4.931024,99.89453125
08:00:15,91282CKK6,TSRYS5793014,D,S,A,2024-04-25,875000.00,4.931024,99.89453125
08:00:15,91282CKK6,TSRYS5793014,D,S,D,2024-04-25,2000000.00,4.929986,99.896484375
08:00:21,91282CKK6,TSRYS5793014,D,S,D,2024-04-25,1000000.00,4.931024,99.89453125
08:00:21,91282CKK6,TSRYS5793014,D,S,T,2024-04-25,1000000.00,4.931024,99.89453125
08:00:23,91282CKK6,TSRYS5793014,D,S,C,2024-04-25,2000000.00,4.934139,99.888671875
08:00:23,91282CKK6,TSRYS5793014,D,S,C,2024-04-25,1000000.00,4.934139,99.888671875
08:00:23,91282CKK6,TSRYS5793014,D,S,C,2024-04-25,1000000.00,4.934139,99.888671875
08:00:23,91282CKK6,TSRYS5793014,D,S,D,2024-04-25,3000000.00,4.933101,99.890625
08:00:23,91282CKK6,TSRYS5793014,D,S,D,2024-04-25,3000000.00,4.932063,99.892578125
08:00:24,91282CKK6,TSRYS5793014,D,S,T,2024-04-25,2000000.00,4.931024,99.89453125
08:00:25,91282CKK6,TSRYS5793014,D,S,T,2024-04-25,3000000.00,4.932063,99.892578125
08:00:25,91282CKK6,TSRYS5793014,D,S,T,2024-04-25,1000000.00,4.933101,99.890625
08:00:26,91282CKK6,TSRYS5793014,D,S,D,2024-04-25,2000000.00,4.932063,99.892578125
08:00:28,91282CKK6,TSRYS5793014,D,S,T,2024-04-25,2000000.00,4.932063,99.892578125
08:00:29,91282CKK6,TSRYS5793014,D,S,D,2024-04-25,3000000.00,4.931024,99.89453125
08:00:29,91282CKK6,TSRYS5793014,D,S,T,2024-04-25,2000000.00,4.931024,99.89453125
08:00:29,91282CKK6,TSRYS5793014,D,S,T,2024-04-25,2000000.00,4.931024,99.89453125
08:00:30,91282CKK6,TSRYS5793014,D,S,T,2024-04-25,1000000.00,4.924796,99.90625
08:00:30,91282CKK6,TSRYS5793014,D,S,T,2024-04-25,1000000.00,4.925834,99.904296875
08:00:30,91282CKK6,TSRYS5793014,D,S,T,2024-04-25,1000000.00,4.925834,99.904296875
08:00:30,91282CKK6,TSRYS5793014,D,S,T,2024-04-25,1000000.00,4.926872,99.90234375
08:00:30,91282CKK6,TSRYS5793014,D,S,T,2024-04-25,1000000.00,4.929986,99.896484375
08:00:30,91282CKK6,TSRYS5793014,D,S,T,2024-04-25,2000000.00,4.929986,99.896484375
08:00:30,91282CKK6,TSRYS5793014,D,S,T,2024-04-25,1000000.00,4.929986,99.896484375
08:00:30,91282CKK6,TSRYS5793014,D,S,T,2024-04-25,1000000.00,4.929986,99.896484375
08:00:30,91282CKK6,TSRYS5793014,D,S,T,2024-04-25,1000000.00,4.929986,99.896484375
08:00:30,91282CKK6,TSRYS5793014,D,S,T,2024-04-25,1000000.00,4.926872,99.90234375
08:00:30,91282CKK6,TSRYS5793014,D,S,T,2024-04-25,1000000.00,4.926872,99.90234375
08:00:30,91282CKK6,TSRYS5793014,D,S,T,2024-04-25,1000000.00,4.926872,99.90234375
08:00:30,91282CKK6,TSRYS5793014,D,S,T,2024-04-25,1000000.00,4.926872,99.90234375
08:00:30,91282CKK6,TSRYS5793014,D,S,T,2024-04-25,1000000.00,4.926872,99.90234375
08:00:30,91282CKK6,TSRYS5793014,D,S,T,2024-04-25,1000000.00,4.926872,99.90234375
08:00:30,91282CKK6,TSRYS5793014,D,S,T,2024-04-25,1000000.00,4.926872,99.90234375
08:00:30,91282CKK6,TSRYS5793014,D,S,T,2024-04-25,1000000.00,4.926872,99.90234375
08:00:30,91282CKK6,TSRYS5793014,D,S,T,2024-04-25,1000000.00,4.926872,99.90234375
08:00:30,91282CKK6,TSRYS5793014,D,S,T,2024-04-25,2000000.00,4.928948,99.8984375
08:00:30,91282CKK6,TSRYS5793014,D,S,T,2024-04-25,1000000.00,4.928948,99.8984375
08:00:30,91282CKK6,TSRYS5793014,D,S,T,2024-04-25,3000000.00,4.92791,99.900390625
08:00:30,91282CKK6,TSRYS5793014,D,S,T,2024-04-25,1000000.00,4.932063,99.892578125
08:00:30,91282CKK6,TSRYS5793014,D,S,T,2024-04-25,3000000.00,4.933101,99.890625
08:00:30,91282CKK6,TSRYS5793014,D,S,T,2024-04-25,3000000.00,4.933101,99.890625
08:00:30,91282CKK6,TSRYS5793014,D,S,T,2024-04-25,2000000.00,4.933101,99.890625
08:00:30,91282CKK6,TSRYS5793014,D,S,T,2024-04-25,3000000.00,4.933101,99.890625
08:00:30,91282CKK6,TSRYS5793014,D,S,T,2024-04-25,3000000.00,4.933101,99.890625
08:00:30,91282CKK6,TSRYS5793014,D,S,T,2024-04-25,2000000.00,4.933101,99.890625
08:00:30,91282CKK6,TSRYS5793014,D,S,T,2024-04-25,3000000.00,4.933101,99.890625
08:00:30,91282CKK6,TSRYS5793014,D,S,T,2024-04-25,1000000.00,4.935177,99.88671875
08:00:30,91282CKK6,TSRYS5793014,D,S,T,2024-04-25,1000000.00,4.937254,99.8828125
08:00:30,91282CKK6,TSRYS5793014,D,S,T,2024-04-25,2000000.00,4.935177,99.88671875
08:00:30,91282CKK6,TSRYS5793014,D,S,T,2024-04-25,1000000.00,4.935177,99.88671875
08:00:30,91282CKK6,TSRYS5793014,D,S,T,2024-04-25,1000000.00,4.935177,99.88671875
08:00:30,91282CKK6,TSRYS5793014,D,S,T,2024-04-25,1000000.00,4.935177,99.88671875
08:00:30,91282CKK6,TSRYS5793014,D,S,T,2024-04-25,1000000.00,4.935177,99.88671875
08:00:30,91282CKK6,TSRYS5793014,D,S,T,2024-04-25,1000000.00,4.935177,99.88671875
08:00:30,91282CKK6,TSRYS5793014,D,S,T,2024-04-25,2000000.00,4.935177,99.88671875
08:00:30,91282CKK6,TSRYS5793014,D,S,T,2024-04-25,2000000.00,4.932063,99.892578125
08:00:30,91282CKK6,TSRYS5793014,D,S,T,2024-04-25,1000000.00,4.933101,99.890625
08:00:30,91282CKK6,TSRYS5793014,D,S,T,2024-04-25,1000000.00,4.933101,99.890625
08:00:30,91282CKK6,TSRYS5793014,D,S,T,2024-04-25,1000000.00,4.933101,99.890625
08:00:30,91282CKK6,TSRYS5793014,D,S,T,2024-04-25,6000000.00,4.933101,99.890625
08:00:30,91282CKK6,TSRYS5793014,D,S,T,2024-04-25,1000000.00,4.933101,99.890625
08:00:30,91282CKK6,TSRYS5793014,D,S,T,2024-04-25,4000000.00,4.933101,99.890625
08:00:30,91282CKK6,TSRYS5793014,D,S,T,2024-04-25,5000000.00,4.933101,99.890625
08:00:30,91282CKK6,TSRYS5793014,D,S,T,2024-04-25,1000000.00,4.931024,99.89453125
08:00:30,91282CKK6,TSRYS5793014,D,S,T,2024-04-25,4000000.00,4.931024,99.89453125
08:00:30,91282CKK6,TSRYS5793014,D,S,T,2024-04-25,1000000.00,4.931024,99.89453125
08:00:30,91282CKK6,TSRYS5793014,D,S,T,2024-04-25,1000000.00,4.931024,99.89453125
08:00:30,91282CKK6,TSRYS5793014,D,S,T,2024-04-25,4000000.00,4.931024,99.89453125
08:00:30,91282CKK6,TSRYS5793014,D,S,T,2024-04-25,3000000.00,4.931024,99.89453125
08:00:30,91282CKK6,TSRYS5793014,D,S,T,2024-04-25,3000000.00,4.931024,99.89453125
08:00:30,91282CKK6,TSRYS5793014,D,S,T,2024-04-25,2000000.00,4.929986,99.896484375
08:00:30,91282CKK6,TSRYS5793014,D,S,T,2024-04-25,2000000.00,4.929986,99.896484375
08:00:30,91282CKK6,TSRYS5793014,D,S,T,2024-04-25,1000000.00,4.929986,99.896484375
08:00:30,91282CKK6,TSRYS5793014,D,S,T,2024-04-25,2000000.00,4.929986,99.896484375
08:00:30,91282CKK6,TSRYS5793014,D,S,T,2024-04-25,2000000.00,4.929986,99.896484375
08:00:30,91282CKK6,TSRYS5793014,D,S,T,2024-04-25,1000000.00,4.929986,99.896484375
08:00:30,91282CKK6,TSRYS5793014,D,S,T,2024-04-25,2000000.00,4.929986,99.896484375
08:00:30,91282CKK6,TSRYS5793014,D,S,T,2024-04-25,1000000.00,4.929986,99.896484375
08:00:30,91282CKK6,TSRYS5793014,D,S,T,2024-04-25,2000000.00,4.929986,99.896484375
08:00:30,91282CKK6,TSRYS5793014,D,S,T,2024-04-25,2000000.00,4.928948,99.8984375
08:00:30,91282CKK6,TSRYS5793014,D,S,T,2024-04-25,1000000.00,4.924796,99.90625
08:00:30,91282CKK6,TSRYS5793014,D,S,T,2024-04-25,1000000.00,4.924796,99.90625
08:00:30,91282CKK6,TSRYS5793014,D,S,T,2024-04-25,3000000.00,4.924796,99.90625
08:00:30,91282CKK6,TSRYS5793014,D,S,T,2024-04-25,1000000.00,4.924796,99.90625
08:00:30,91282CKK6,TSRYS5793014,D,S,T,2024-04-25,2000000.00,4.924796,99.90625
08:00:30,91282CKK6,TSRYS5793014,D,S,T,2024-04-25,1000000.00,4.924796,99.90625
08:00:30,91282CKK6,TSRYS5793014,D,S,T,2024-04-25,1000000.00,4.924796,99.90625
08:00:30,91282CKK6,TSRYS5793014,D,S,T,2024-04-25,2000000.00,4.924796,99.90625
08:00:30,91282CKK6,TSRYS5793014,D,S,T,2024-04-25,1000000.00,4.924796,99.90625
08:00:30,91282CKK6,TSRYS5793014,D,S,T,2024-04-25,2000000.00,4.924796,99.90625
08:00:30,91282CKK6,TSRYS5793014,D,S,D,2024-04-25,1000000.00,4.926872,99.90234375
08:00:30,91282CKK6,TSRYS5793014,D,S,D,2024-04-25,1000000.00,4.926872,99.90234375
08:00:30,91282CKK6,TSRYS5793014,D,S,T,2024-04-25,2000000.00,4.933101,99.890625
08:00:30,91282CKK6,TSRYS5793014,D,S,D,2024-04-25,2000000.00,4.928948,99.8984375
08:00:30,91282CKK6,TSRYS5793014,D,S,D,2024-04-25,2000000.00,4.928948,99.8984375
08:00:30,91282CKK6,TSRYS5793014,D,S,T,2024-04-25,1000000.00,4.928948,99.8984375
08:00:30,91282CKK6,TSRYS5793014,D,S,D,2024-04-25,2000000.00,4.926872,99.90234375
08:00:30,91282CKK6,TSRYS5793014,D,S,T,2024-04-25,2000000.00,4.926872,99.90234375
08:00:30,91282CKK6,TSRYS5793014,D,S,T,2024-04-25,1000000.00,4.928948,99.8984375
08:00:30,91282CKK6,TSRYS5793014,D,S,T,2024-04-25,2000000.00,4.928948,99.8984375
08:00:30,91282CKK6,TSRYS5793014,D,S,D,2024-04-25,2000000.00,4.92272,99.91015625
08:00:30,91282CKK6,TSRYS5793014,D,S,T,2024-04-25,3000000.00,4.924796,99.90625
08:00:30,91282CKK6,TSRYS5793014,D,S,T,2024-04-25,3000000.00,4.924796,99.90625
08:00:30,91282CKK6,TSRYS5793014,D,S,T,2024-04-25,2000000.00,4.928948,99.8984375
08:00:30,91282CKK6,TSRYS5793014,D,S,T,2024-04-25,2000000.00,4.926872,99.90234375
08:00:30,91282CKK6,TSRYS5793014,D,S,T,2024-04-25,1000000.00,4.926872,99.90234375
08:00:30,91282CKK6,TSRYS5793014,D,S,T,2024-04-25,1000000.00,4.926872,99.90234375
08:00:30,91282CKK6,TSRYS5793014,D,S,T,2024-04-25,2000000.00,4.92272,99.91015625
08:00:30,91282CKK6,TSRYS5793014,D,S,T,2024-04-25,1000000.00,4.924796,99.90625
08:00:30,91282CKK6,TSRYS5793014,D,S,T,2024-04-25,1000000.00,4.924796,99.90625
08:00:30,91282CKK6,TSRYS5793014,D,S,T,2024-04-25,1000000.00,4.924796,99.90625
08:00:30,91282CKK6,TSRYS5793014,D,S,T,2024-04-25,1000000.00,4.931024,99.89453125
08:00:34,91282CKK6,TSRYS5793014,D,S,T,2024-04-25,1000000.00,4.924796,99.90625
08:00:34,91282CKK6,TSRYS5793014,D,S,T,2024-04-25,2000000.00,4.92272,99.91015625
08:00:34,91282CKK6,TSRYS5793014,D,S,T,2024-04-25,4000000.00,4.92272,99.91015625
08:00:34,91282CKK6,TSRYS5793014,D,S,T,2024-04-25,4000000.00,4.92272,99.91015625
08:00:34,91282CKK6,TSRYS5793014,D,S,T,2024-04-25,2000000.00,4.92272,99.91015625
08:00:34,91282CKK6,TSRYS5793014,D,S,T,2024-04-25,1000000.00,4.92272,99.91015625
08:00:34,91282CKK6,TSRYS5793014,D,S,T,2024-04-25,3000000.00,4.923758,99.908203125
08:00:34,91282CKK6,TSRYS5793014,D,S,T,2024-04-25,1000000.00,4.923758,99.908203125
08:00:34,91282CKK6,TSRYS5793014,D,S,T,2024-04-25,1000000.00,4.923758,99.908203125
08:00:34,91282CKK6,TSRYS5793014,D,S,T,2024-04-25,1000000.00,4.923758,99.908203125
08:00:34,91282CKK6,TSRYS5793014,D,S,T,2024-04-25,1000000.00,4.923758,99.908203125
08:00:34,91282CKK6,TSRYS5793014,D,S,T,2024-04-25,1000000.00,4.923758,99.908203125
08:00:34,91282CKK6,TSRYS5793014,D,S,T,2024-04-25,1000000.00,4.923758,99.908203125
08:00:34,91282CKK6,TSRYS5793014,D,S,T,2024-04-25,2000000.00,4.923758,99.908203125
08:00:34,91282CKK6,TSRYS5793014,D,S,T,2024-04-25,1000000.00,4.923758,99.908203125
08:00:34,91282CKK6,TSRYS5793014,D,S,T,2024-04-25,2000000.00,4.923758,99.908203125
08:00:34,91282CKK6,TSRYS5793014,D,S,T,2024-04-25,1000000.00,4.923758,99.908203125
08:00:34,91282CKK6,TSRYS5793014,D,S,T,2024-04-25,1000000.00,4.923758,99.908203125
08:00:34,91282CKK6,TSRYS5793014,D,S,T,2024-04-25,1000000.00,4.923758,99.908203125
08:00:34,91282CKK6,TSRYS5793014,D,S,T,2024-04-25,1000000.00,4.923758,99.908203125
08:00:34,91282CKK6,TSRYS5793014,D,S,T,2024-04-25,1000000.00,4.923758,99.908203125
08:00:34,91282CKK6,TSRYS5793014,D,S,T,2024-04-25,2000000.00,4.923758,99.908203125
08:00:34,91282CKK6,TSRYS5793014,D,S,T,2024-04-25,1000000.00,4.923758,99.908203125
08:00:34,91282CKK6,TSRYS5793014,D,S,T,2024-04-25,2000000.00,4.923758,99.908203125
08:00:34,91282CKK6,TSRYS5793014,D,S,T,2024-04-25,1000000.00,4.923758,99.908203125
08:00:34,91282CKK6,TSRYS5793014,D,S,T,2024-04-25,2000000.00,4.923758,99.908203125
08:00:34,91282CKK6,TSRYS5793014,D,S,T,2024-04-25,1000000.00,4.923758,99.908203125
08:00:34,91282CKK6,TSRYS5793014,D,S,T,2024-04-25,2000000.00,4.924796,99.90625
08:00:34,91282CKK6,TSRYS5793014,D,S,T,2024-04-25,2000000.00,4.924796,99.90625
08:00:34,91282CKK6,TSRYS5793014,D,S,T,2024-04-25,2000000.00,4.924796,99.90625
08:00:34,91282CKK6,TSRYS5793014,D,S,T,2024-04-25,2000000.00,4.924796,99.90625
08:00:34,91282CKK6,TSRYS5793014,D,S,T,2024-04-25,5000000.00,4.924796,99.90625
08:00:34,91282CKK6,TSRYS5793014,D,S,T,2024-04-25,2000000.00,4.924796,99.90625
08:00:34,91282CKK6,TSRYS5793014,D,S,T,2024-04-25,2000000.00,4.924796,99.90625
08:00:34,91282CKK6,TSRYS5793014,D,S,T,2024-04-25,1000000.00,4.924796,99.90625
08:00:34,91282CKK6,TSRYS5793014,D,S,T,2024-04-25,2000000.00,4.924796,99.90625
08:00:34,91282CKK6,TSRYS5793014,D,S,T,2024-04-25,1000000.00,4.924796,99.90625
08:00:34,91282CKK6,TSRYS5793014,D,S,T,2024-04-25,2000000.00,4.924796,99.90625
08:00:34,91282CKK6,TSRYS5793014,D,S,T,2024-04-25,1000000.00,4.924796,99.90625
08:00:34,91282CKK6,TSRYS5793014,D,S,T,2024-04-25,1000000.00,4.924796,99.90625
08:00:34,91282CKK6,TSRYS5793014,D,S,T,2024-04-25,1000000.00,4.924796,99.90625
08:00:34,91282CKK6,TSRYS5793014,D,S,T,2024-04-25,1000000.00,4.924796,99.90625
08:00:34,91282CKK6,TSRYS5793014,D,S,T,2024-04-25,1000000.00,4.923758,99.908203125
08:00:34,91282CKK6,TSRYS5793014,D,S,T,2024-04-25,1000000.00,4.92272,99.91015625
08:00:34,91282CKK6,TSRYS5793014,D,S,D,2024-04-25,2000000.00,4.92272,99.91015625
08:00:34,91282CKK6,TSRYS5793014,D,S,T,2024-04-25,1000000.00,4.92272,99.91015625
08:00:34,91282CKK6,TSRYS5793014,D,S,T,2024-04-25,1000000.00,4.923758,99.908203125
08:00:34,91282CKK6,TSRYS5793014,D,S,T,2024-04-25,2000000.00,4.92272,99.91015625
08:00:34,91282CKK6,TSRYS5793014,D,S,T,2024-04-25,1000000.00,4.92272,99.91015625
08:00:34,91282CKK6,TSRYS5793014,D,S,T,2024-04-25,1000000.00,4.92272,99.91015625
08:00:34,91282CKK6,TSRYS5793014,D,S,T,2024-04-25,1000000.00,4.92272,99.91015625
08:00:34,91282CKK6,TSRYS5793014,D,S,T,2024-04-25,1000000.00,4.923758,99.908203125
08:00:34,91282CKK6,TSRYS5793014,D,S,T,2024-04-25,2000000.00,4.923758,99.908203125
08:00:34,91282CKK6,TSRYS5793014,D,S,T,2024-04-25,1000000.00,4.923758,99.908203125
08:00:34,91282CKK6,TSRYS5793014,D,S,T,2024-04-25,1000000.00,4.923758,99.908203125
08:00:34,91282CKK6,TSRYS5793014,D,S,T,2024-04-25,1000000.00,4.923758,99.908203125
08:00:34,91282CKK6,TSRYS5793014,D,S,T,2024-04-25,1000000.00,4.92791,99.900390625
08:00:34,91282CKK6,TSRYS5793014,D,S,T,2024-04-25,1000000.00,4.925834,99.904296875
08:00:34,91282CKK6,TSRYS5793014,D,S,T,2024-04-25,1000000.00,4.925834,99.904296875
08:00:34,91282CKK6,TSRYS5793014,D,S,T,2024-04-25,2000000.00,4.926872,99.90234375
08:00:34,91282CKK6,TSRYS5793014,D,S,T,2024-04-25,2000000.00,4.926872,99.90234375
08:00:34,91282CKK6,TSRYS5793014,D,S,T,2024-04-25,1000000.00,4.924796,99.90625
08:00:34,91282CKK6,TSRYS5793014,D,S,T,2024-04-25,1000000.00,4.923758,99.908203125
08:00:34,91282CKK6,TSRYS5793014,D,S,T,2024-04-25,1000000.00,4.923758,99.908203125
08:00:34,91282CKK6,TSRYS5793014,D,S,D,2024-04-25,2000000.00,4.92791,99.900390625
08:00:34,91282CKK6,TSRYS5793014,D,S,D,2024-04-25,1000000.00,4.934139,99.888671875
08:00:34,91282CKK6,TSRYS5793014,D,S,D,2024-04-25,1000000.00,4.934139,99.888671875
08:00:34,91282CKK6,TSRYS5793014,D,S,D,2024-04-25,2000000.00,4.934139,99.888671875
08:00:34,91282CKK6,TSRYS5793014,D,S,D,2024-04-25,1000000.00,4.934139,99.888671875
08:00:34,91282CKK6,TSRYS5793014,D,S,D,2024-04-25,1000000.00,4.935177,99.88671875
08:00:34,91282CKK6,TSRYS5793014,D,S,D,2024-04-25,2000000.00,4.932063,99.892578125
08:00:34,91282CKK6,TSRYS5793014,D,S,D,2024-04-25,3000000.00,4.926872,99.90234375
08:00:34,91282CKK6,TSRYS5793014,D,S,D,2024-04-25,2000000.00,4.926872,99.90234375
08:00:34,91282CKK6,TSRYS5793014,D,S,D,2024-04-25,2000000.00,4.925834,99.904296875
08:00:34,91282CKK6,TSRYS5793014,D,S,D,2024-04-25,3000000.00,4.924796,99.90625
08:00:34,91282CKK6,TSRYS5793014,D,S,T,2024-04-25,2000000.00,4.931024,99.89453125
08:00:34,91282CKK6,TSRYS5793014,D,S,D,2024-04-25,1000000.00,4.92272,99.91015625
08:00:34,91282CKK6,TSRYS5793014,D,S,D,2024-04-25,2000000.00,4.92272,99.91015625
08:00:34,91282CKK6,TSRYS5793014,D,S,D,2024-04-25,3000000.00,4.92272,99.91015625
08:00:34,91282CKK6,TSRYS5793014,D,S,D,2024-04-25,3000000.00,4.92272,99.91015625
08:00:34,91282CKK6,TSRYS5793014,D,S,D,2024-04-25,3000000.00,4.92272,99.91015625
08:00:34,91282CKK6,TSRYS5793014,D,S,D,2024-04-25,1000000.00,4.92272,99.91015625
08:00:34,91282CKK6,TSRYS5793014,D,S,D,2024-04-25,2000000.00,4.92272,99.91015625
08:00:34,91282CKK6,TSRYS5793014,D,S,D,2024-04-25,3000000.00,4.92272,99.91015625
08:00:34,91282CKK6,TSRYS5793014,D,S,D,2024-04-25,1000000.00,4.92272,99.91015625
08:00:34,91282CKK6,TSRYS5793014,D,S,D,2024-04-25,3000000.00,4.923758,99.908203125
08:00:34,91282CKK6,TSRYS5793014,D,S,D,2024-04-25,3000000.00,4.92791,99.900390625
08:00:34,91282CKK6,TSRYS5793014,D,S,D,2024-04-25,4000000.00,4.92791,99.900390625
08:00:34,91282CKK6,TSRYS5793014,D,S,D,2024-04-25,1000000.00,4.92272,99.91015625
08:00:34,91282CKK6,TSRYS5793014,D,S,D,2024-04-25,1000000.00,4.924796,99.90625
08:00:34,91282CKK6,TSRYS5793014,D,S,D,2024-04-25,1000000.00,4.926872,99.90234375
08:00:34,91282CKK6,TSRYS5793014,D,S,D,2024-04-25,1000000.00,4.92791,99.900390625
08:00:34,91282CKK6,TSRYS5793014,D,S,D,2024-04-25,2000000.00,4.92791,99.900390625
08:00:34,91282CKK6,TSRYS5793014,D,S,D,2024-04-25,2000000.00,4.92791,99.900390625
08:00:34,91282CKK6,TSRYS5793014,D,S,D,2024-04-25,1000000.00,4.926872,99.90234375
08:00:34,91282CKK6,TSRYS5793014,D,S,D,2024-04-25,2000000.00,4.926872,99.90234375
08:00:34,91282CKK6,TSRYS5793014,D,S,D,2024-04-25,2000000.00,4.92791,99.900390625
08:00:34,91282CKK6,TSRYS5793014,D,S,D,2024-04-25,3000000.00,4.92791,99.900390625
08:00:34,91282CKK6,TSRYS5793014,D,S,D,2024-04-25,1000000.00,4.92791,99.900390625
08:00:34,91282CKK6,TSRYS5793014,D,S,D,2024-04-25,1000000.00,4.934139,99.888671875
08:00:34,91282CKK6,TSRYS5793014,D,S,D,2024-04-25,1000000.00,4.934139,99.888671875
08:00:34,91282CKK6,TSRYS5793014,D,S,D,2024-04-25,1000000.00,4.934139,99.888671875
08:00:34,91282CKK6,TSRYS5793014,D,S,D,2024-04-25,1000000.00,4.934139,99.888671875
08:00:34,91282CKK6,TSRYS5793014,D,S,D,2024-04-25,1000000.00,4.934139,99.888671875
08:00:34,91282CKK6,TSRYS5793014,D,S,D,2024-04-25,1000000.00,4.934139,99.888671875
08:00:34,91282CKK6,TSRYS5793014,D,S,D,2024-04-25,1000000.00,4.934139,99.888671875
08:00:34,91282CKK6,TSRYS5793014,D,S,D,2024-04-25,1000000.00,4.934139,99.888671875
08:00:34,91282CKK6,TSRYS5793014,D,S,D,2024-04-25,1000000.00,4.934139,99.888671875
08:00:34,91282CKK6,TSRYS5793014,D,S,D,2024-04-25,3000000.00,4.934139,99.888671875
08:00:34,91282CKK6,TSRYS5793014,D,S,D,2024-04-25,3000000.00,4.934139,99.888671875
08:00:34,91282CKK6,TSRYS5793014,D,S,D,2024-04-25,1000000.00,4.934139,99.888671875
08:00:34,91282CKK6,TSRYS5793014,D,S,D,2024-04-25,1000000.00,4.934139,99.888671875
08:00:34,91282CKK6,TSRYS5793014,D,S,D,2024-04-25,4000000.00,4.935177,99.88671875
08:00:34,91282CKK6,TSRYS5793014,D,S,D,2024-04-25,1000000.00,4.935177,99.88671875
08:00:34,91282CKK6,TSRYS5793014,D,S,D,2024-04-25,3000000.00,4.935177,99.88671875
08:00:34,91282CKK6,TSRYS5793014,D,S,D,2024-04-25,1000000.00,4.935177,99.88671875
08:00:34,91282CKK6,TSRYS5793014,D,S,D,2024-04-25,1000000.00,4.935177,99.88671875
08:00:34,91282CKK6,TSRYS5793014,D,S,D,2024-04-25,1000000.00,4.935177,99.88671875
08:00:34,91282CKK6,TSRYS5793014,D,S,D,2024-04-25,1000000.00,4.937254,99.8828125
08:00:34,91282CKK6,TSRYS5793014,D,S,D,2024-04-25,1000000.00,4.937254,99.8828125
08:00:34,91282CKK6,TSRYS5793014,D,S,D,2024-04-25,2000000.00,4.931024,99.89453125
08:00:34,91282CKK6,TSRYS5793014,D,S,D,2024-04-25,1000000.00,4.931024,99.89453125
08:00:34,91282CKK6,TSRYS5793014,D,S,D,2024-04-25,2000000.00,4.933101,99.890625
08:00:34,91282CKK6,TSRYS5793014,D,S,D,2024-04-25,1000000.00,4.933101,99.890625
08:00:34,91282CKK6,TSRYS5793014,D,S,D,2024-04-25,1000000.00,4.933101,99.890625
08:00:34,91282CKK6,TSRYS5793014,D,S,D,2024-04-25,1000000.00,4.933101,99.890625
08:00:34,91282CKK6,TSRYS5793014,D,S,D,2024-04-25,3000000.00,4.931024,99.89453125
08:00:34,91282CKK6,TSRYS5793014,D,S,D,2024-04-25,2000000.00,4.931024,99.89453125
08:00:34,91282CKK6,TSRYS5793014,D,S,D,2024-04-25,1000000.00,4.931024,99.89453125
08:00:34,91282CKK6,TSRYS5793014,D,S,D,2024-04-25,1000000.00,4.931024,99.89453125
08:00:34,91282CKK6,TSRYS5793014,D,S,D,2024-04-25,1000000.00,4.931024,99.89453125
08:00:34,91282CKK6,TSRYS5793014,D,S,D,2024-04-25,1000000.00,4.923758,99.908203125
08:00:34,91282CKK6,TSRYS5793014,D,S,D,2024-04-25,1000000.00,4.923758,99.908203125
08:00:34,91282CKK6,TSRYS5793014,D,S,D,2024-04-25,3000000.00,4.923758,99.908203125
08:00:34,91282CKK6,TSRYS5793014,D,S,D,2024-04-25,2000000.00,4.923758,99.908203125
08:00:34,91282CKK6,TSRYS5793014,D,S,D,2024-04-25,3000000.00,4.92272,99.91015625
08:00:34,91282CKK6,TSRYS5793014,D,S,D,2024-04-25,1000000.00,4.92272,99.91015625
08:00:34,91282CKK6,TSRYS5793014,D,S,D,2024-04-25,4000000.00,4.92272,99.91015625
08:00:34,91282CKK6,TSRYS5793014,D,S,T,2024-04-25,2000000.00,4.92791,99.900390625
08:00:34,91282CKK6,TSRYS5793014,D,S,T,2024-04-25,2000000.00,4.92791,99.900390625
08:00:34,91282CKK6,TSRYS5793014,D,S,T,2024-04-25,2000000.00,4.92791,99.900390625
08:00:34,91282CKK6,TSRYS5793014,D,S,T,2024-04-25,2000000.00,4.92791,99.900390625
08:00:34,91282CKK6,TSRYS5793014,D,S,T,2024-04-25,2000000.00,4.92791,99.900390625
08:00:34,91282CKK6,TSRYS5793014,D,S,T,2024-04-25,1000000.00,4.92791,99.900390625
08:00:34,91282CKK6,TSRYS5793014,D,S,T,2024-04-25,1000000.00,4.92791,99.900390625
08:00:34,91282CKK6,TSRYS5793014,D,S,T,2024-04-25,1000000.00,4.92791,99.900390625
08:00:34,91282CKK6,TSRYS5793014,D,S,T,2024-04-25,2000000.00,4.934139,99.888671875
08:00:34,91282CKK6,TSRYS5793014,D,S,T,2024-04-25,2000000.00,4.935177,99.88671875
08:00:34,91282CKK6,TSRYS5793014,D,S,T,2024-04-25,1000000.00,4.935177,99.88671875
08:00:34,91282CKK6,TSRYS5793014,D,S,T,2024-04-25,1000000.00,4.935177,99.88671875
08:00:34,91282CKK6,TSRYS5793014,D,S,T,2024-04-25,1000000.00,4.935177,99.88671875
08:00:34,91282CKK6,TSRYS5793014,D,S,T,2024-04-25,1000000.00,4.935177,99.88671875
08:00:34,91282CKK6,TSRYS5793014,D,S,T,2024-04-25,2000000.00,4.936216,99.884765625
08:00:34,91282CKK6,TSRYS5793014,D,S,T,2024-04-25,1000000.00,4.931024,99.89453125
08:00:34,91282CKK6,TSRYS5793014,D,S,T,2024-04-25,2000000.00,4.931024,99.89453125
08:00:34,91282CKK6,TSRYS5793014,D,S,T,2024-04-25,1000000.00,4.931024,99.89453125
08:00:34,91282CKK6,TSRYS5793014,D,S,T,2024-04-25,1000000.00,4.931024,99.89453125
08:00:34,91282CKK6,TSRYS5793014,D,S,T,2024-04-25,1000000.00,4.931024,99.89453125
08:00:34,91282CKK6,TSRYS5793014,D,S,T,2024-04-25,1000000.00,4.931024,99.89453125
08:00:34,91282CKK6,TSRYS5793014,D,S,T,2024-04-25,3000000.00,4.925834,99.904296875
08:00:34,91282CKK6,TSRYS5793014,D,S,T,2024-04-25,3000000.00,4.925834,99.904296875
08:00:34,91282CKK6,TSRYS5793014,D,S,T,2024-04-25,3000000.00,4.924796,99.90625
08:00:34,91282CKK6,TSRYS5793014,D,S,T,2024-04-25,1000000.00,4.924796,99.90625
08:00:34,91282CKK6,TSRYS5793014,D,S,T,2024-04-25,2000000.00,4.924796,99.90625
08:00:34,91282CKK6,TSRYS5793014,D,S,D,2024-04-25,3000000.00,4.92272,99.91015625
08:00:34,91282CKK6,TSRYS5793014,D,S,D,2024-04-25,3000000.00,4.92272,99.91015625
08:00:34,91282CKK6,TSRYS5793014,D,S,D,2024-04-25,3000000.00,4.92272,99.91015625
08:00:34,91282CKK6,TSRYS5793014,D,S,D,2024-04-25,3000000.00,4.92272,99.91015625
08:00:34,91282CKK6,TSRYS5793014,D,S,D,2024-04-25,3000000.00,4.92272,99.91015625
08:00:34,91282CKK6,TSRYS5793014,D,S,D,2024-04-25,3000000.00,4.92272,99.91015625
08:00:34,91282CKK6,TSRYS5793014,D,S,D,2024-04-25,2000000.00,4.92272,99.91015625
08:00:34,91282CKK6,TSRYS5793014,D,S,D,2024-04-25,4000000.00,4.92272,99.91015625
08:00:34,91282CKK6,TSRYS5793014,D,S,D,2024-04-25,1000000.00,4.92272,99.91015625
08:00:34,91282CKK6,TSRYS5793014,D,S,D,2024-04-25,3000000.00,4.92272,99.91015625
08:00:34,91282CKK6,TSRYS5793014,D,S,D,2024-04-25,3000000.00,4.92272,99.91015625
08:00:34,91282CKK6,TSRYS5793014,D,S,D,2024-04-25,1000000.00,4.92272,99.91015625
08:00:34,91282CKK6,TSRYS5793014,D,S,D,2024-04-25,2000000.00,4.92272,99.91015625
08:00:34,91282CKK6,TSRYS5793014,D,S,D,2024-04-25,3000000.00,4.92272,99.91015625
08:00:34,91282CKK6,TSRYS5793014,D,S,D,2024-04-25,1000000.00,4.92272,99.91015625
08:00:34,91282CKK6,TSRYS5793014,D,S,D,2024-04-25,3000000.00,4.92272,99.91015625
08:00:34,91282CKK6,TSRYS5793014,D,S,D,2024-04-25,3000000.00,4.92272,99.91015625
08:00:34,91282CKK6,TSRYS5793014,D,S,D,2024-04-25,1000000.00,4.92272,99.91015625
08:00:34,91282CKK6,TSRYS5793014,D,S,D,2024-04-25,3000000.00,4.92272,99.91015625
08:00:34,91282CKK6,TSRYS5793014,D,S,D,2024-04-25,3000000.00,4.92272,99.91015625
08:00:34,91282CKK6,TSRYS5793014,D,S,T,2024-04-25,1000000.00,4.923758,99.908203125
08:00:34,91282CKK6,TSRYS5793014,D,S,T,2024-04-25,1000000.00,4.923758,99.908203125
08:00:34,91282CKK6,TSRYS5793014,D,S,T,2024-04-25,1000000.00,4.923758,99.908203125
08:00:34,91282CKK6,TSRYS5793014,D,S,T,2024-04-25,1000000.00,4.923758,99.908203125
08:00:34,91282CKK6,TSRYS5793014,D,S,T,2024-04-25,1000000.00,4.923758,99.908203125
08:00:34,91282CKK6,TSRYS5793014,D,S,T,2024-04-25,2000000.00,4.923758,99.908203125
08:00:34,91282CKK6,TSRYS5793014,D,S,T,2024-04-25,2000000.00,4.923758,99.908203125
08:00:34,91282CKK6,TSRYS5793014,D,S,T,2024-04-25,1000000.00,4.923758,99.908203125
08:00:34,91282CKK6,TSRYS5793014,D,S,T,2024-04-25,1000000.00,4.923758,99.908203125
08:00:34,91282CKK6,TSRYS5793014,D,S,T,2024-04-25,2000000.00,4.923758,99.908203125
08:00:34,91282CKK6,TSRYS5793014,D,S,T,2024-04-25,2000000.00,4.923758,99.908203125
08:00:34,91282CKK6,TSRYS5793014,D,S,T,2024-04-25,1000000.00,4.923758,99.908203125
08:00:34,91282CKK6,TSRYS5793014,D,S,T,2024-04-25,1000000.00,4.923758,99.908203125
08:00:34,91282CKK6,TSRYS5793014,D,S,T,2024-04-25,2000000.00,4.923758,99.908203125
08:00:34,91282CKK6,TSRYS5793014,D,S,T,2024-04-25,2000000.00,4.923758,99.908203125
08:00:34,91282CKK6,TSRYS5793014,D,S,T,2024-04-25,1000000.00,4.923758,99.908203125
08:00:34,91282CKK6,TSRYS5793014,D,S,T,2024-04-25,1000000.00,4.923758,99.908203125
08:00:34,91282CKK6,TSRYS5793014,D,S,T,2024-04-25,2000000.00,4.923758,99.908203125
08:00:34,91282CKK6,TSRYS5793014,D,S,T,2024-04-25,1000000.00,4.923758,99.908203125
08:00:34,91282CKK6,TSRYS5793014,D,S,T,2024-04-25,1000000.00,4.923758,99.908203125
08:00:34,91282CKK6,TSRYS5793014,D,S,T,2024-04-25,1000000.00,4.923758,99.908203125
08:00:34,91282CKK6,TSRYS5793014,D,S,T,2024-04-25,3000000.00,4.925834,99.904296875
08:00:34,91282CKK6,TSRYS5793014,D,S,T,2024-04-25,2000000.00,4.925834,99.904296875
08:00:34,91282CKK6,TSRYS5793014,D,S,T,2024-04-25,2000000.00,4.926872,99.90234375
08:00:34,91282CKK6,TSRYS5793014,D,S,T,2024-04-25,1000000.00,4.92791,99.900390625
08:00:34,91282CKK6,TSRYS5793014,D,S,T,2024-04-25,1000000.00,4.92791,99.900390625
08:00:34,91282CKK6,TSRYS5793014,D,S,T,2024-04-25,3000000.00,4.924796,99.90625
08:00:34,91282CKK6,TSRYS5793014,D,S,T,2024-04-25,2000000.00,4.923758,99.908203125
08:00:34,91282CKK6,TSRYS5793014,D,S,T,2024-04-25,2000000.00,4.923758,99.908203125
08:00:34,91282CKK6,TSRYS5793014,D,S,T,2024-04-25,1000000.00,4.92272,99.91015625
08:00:34,91282CKK6,TSRYS5793014,D,S,T,2024-04-25,1000000.00,4.92272,99.91015625
08:00:34,91282CKK6,TSRYS5793014,D,S,T,2024-04-25,4000000.00,4.92272,99.91015625
08:00:34,91282CKK6,TSRYS5793014,D,S,T,2024-04-25,3000000.00,4.92272,99.91015625
08:00:34,91282CKK6,TSRYS5793014,D,S,T,2024-04-25,2000000.00,4.931024,99.89453125
08:00:34,91282CKK6,TSRYS5793014,D,S,T,2024-04-25,1000000.00,4.931024,99.89453125
08:00:34,91282CKK6,TSRYS5793014,D,S,T,2024-04-25,1000000.00,4.931024,99.89453125
08:00:34,91282CKK6,TSRYS5793014,D,S,T,2024-04-25,1000000.00,4.932063,99.892578125
08:00:34,91282CKK6,TSRYS5793014,D,S,T,2024-04-25,1000000.00,4.932063,99.892578125
08:00:34,91282CKK6,TSRYS5793014,D,S,T,2024-04-25,5000000.00,4.931024,99.89453125
08:00:34,91282CKK6,TSRYS5793014,D,S,T,2024-04-25,1000000.00,4.931024,99.89453125
08:00:34,91282CKK6,TSRYS5793014,D,S,T,2024-04-25,1000000.00,4.933101,99.890625
08:00:34,91282CKK6,TSRYS5793014,D,S,T,2024-04-25,1000000.00,4.932063,99.892578125
08:00:34,91282CKK6,TSRYS5793014,D,S,T,2024-04-25,1000000.00,4.924796,99.90625
08:00:34,91282CKK6,TSRYS5793014,D,S,T,2024-04-25,1000000.00,4.931024,99.89453125
08:00:34,91282CKK6,TSRYS5793014,D,S,D,2024-04-25,1000000.00,4.924796,99.90625
08:00:34,91282CKK6,TSRYS5793014,D,S,T,2024-04-25,1000000.00,4.931024,99.89453125
08:00:34,91282CKK6,TSRYS5793014,D,S,T,2024-04-25,1000000.00,4.931024,99.89453125
08:00:34,91282CKK6,TSRYS5793014,D,S,T,2024-04-25,1000000.00,4.931024,99.89453125
08:00:34,91282CKK6,TSRYS5793014,D,S,T,2024-04-25,1000000.00,4.931024,99.89453125
08:00:34,91282CKK6,TSRYS5793014,D,S,T,2024-04-25,1000000.00,4.931024,99.89453125
08:00:34,91282CKK6,TSRYS5793014,D,S,D,2024-04-25,1000000.00,4.931024,99.89453125
08:00:34,91282CKK6,TSRYS5793014,D,S,D,2024-04-25,1000000.00,4.931024,99.89453125
08:00:34,91282CKK6,TSRYS5793014,D,S,T,2024-04-25,1000000.00,4.931024,99.89453125
08:00:34,91282CKK6,TSRYS5793014,D,S,T,2024-04-25,1000000.00,4.929986,99.896484375
08:00:34,91282CKK6,TSRYS5793014,D,S,T,2024-04-25,1000000.00,4.929986,99.896484375
08:00:34,91282CKK6,TSRYS5793014,D,S,T,2024-04-25,14000000.00,4.929986,99.896484375
08:00:34,91282CKK6,TSRYS5793014,D,S,T,2024-04-25,1000000.00,4.929986,99.896484375
08:00:34,91282CKK6,TSRYS5793014,D,S,T,2024-04-25,1000000.00,4.92791,99.900390625
08:00:38,91282CKK6,TSRYS5793014,D,S,T,2024-04-25,1000000.00,4.92791,99.900390625
08:00:38,91282CKK6,TSRYS5793014,D,S,T,2024-04-25,1000000.00,4.92791,99.900390625
08:00:38,91282CKK6,TSRYS5793014,D,S,T,2024-04-25,2000000.00,4.92791,99.900390625
08:00:38,91282CKK6,TSRYS5793014,D,S,T,2024-04-25,1000000.00,4.92791,99.900390625
08:00:38,91282CKK6,TSRYS5793014,D,S,T,2024-04-25,2000000.00,4.92791,99.900390625
08:00:38,91282CKK6,TSRYS5793014,D,S,T,2024-04-25,2000000.00,4.92791,99.900390625
08:00:38,91282CKK6,TSRYS5793014,D,S,T,2024-04-25,1000000.00,4.92791,99.900390625
08:00:38,91282CKK6,TSRYS5793014,D,S,T,2024-04-25,2000000.00,4.92791,99.900390625
08:00:38,91282CKK6,TSRYS5793014,D,S,T,2024-04-25,1000000.00,4.92791,99.900390625
08:00:38,91282CKK6,TSRYS5793014,D,S,T,2024-04-25,1000000.00,4.92791,99.900390625
08:00:38,91282CKK6,TSRYS5793014,D,S,T,2024-04-25,3000000.00,4.92791,99.900390625
08:00:38,91282CKK6,TSRYS5793014,D,S,T,2024-04-25,1000000.00,4.92791,99.900390625
08:00:38,91282CKK6,TSRYS5793014,D,S,T,2024-04-25,1000000.00,4.92791,99.900390625
08:00:38,91282CKK6,TSRYS5793014,D,S,T,2024-04-25,1000000.00,4.92791,99.900390625
08:00:38,91282CKK6,TSRYS5793014,D,S,D,2024-04-25,1000000.00,4.934139,99.888671875
08:00:38,91282CKK6,TSRYS5793014,D,S,D,2024-04-25,1000000.00,4.934139,99.888671875
08:00:38,91282CKK6,TSRYS5793014,D,S,T,2024-04-25,3000000.00,4.932063,99.892578125
08:00:38,91282CKK6,TSRYS5793014,D,S,T,2024-04-25,1000000.00,4.933101,99.890625
08:00:38,91282CKK6,TSRYS5793014,D,S,T,2024-04-25,1000000.00,4.933101,99.890625
08:00:38,91282CKK6,TSRYS5793014,D,S,T,2024-04-25,1000000.00,4.933101,99.890625
08:00:38,91282CKK6,TSRYS5793014,D,S,T,2024-04-25,1000000.00,4.933101,99.890625
08:00:38,91282CKK6,TSRYS5793014,D,S,T,2024-04-25,1000000.00,4.933101,99.890625
08:00:38,91282CKK6,TSRYS5793014,D,S,T,2024-04-25,1000000.00,4.931024,99.89453125
08:00:38,91282CKK6,TSRYS5793014,D,S,A,2024-04-25,4000000.00,4.933101,99.890625
08:00:38,91282CKK6,TSRYS5793014,D,S,T,2024-04-25,1000000.00,4.935177,99.88671875
08:00:38,91282CKK6,TSRYS5793014,D,S,T,2024-04-25,1000000.00,4.935177,99.88671875
08:00:38,91282CKK6,TSRYS5793014,D,S,T,2024-04-25,7000000.00,4.935177,99.88671875
08:00:38,91282CKK6,TSRYS5793014,D,S,T,2024-04-25,1000000.00,4.935177,99.88671875
08:00:38,91282CKK6,TSRYS5793014,D,S,T,2024-04-25,1000000.00,4.935177,99.88671875
08:00:38,91282CKK6,TSRYS5793014,D,S,T,2024-04-25,1000000.00,4.935177,99.88671875
08:00:38,91282CKK6,TSRYS5793014,D,S,T,2024-04-25,1000000.00,4.935177,99.88671875
08:00:38,91282CKK6,TSRYS5793014,D,S,T,2024-04-25,1000000.00,4.935177,99.88671875
08:00:38,91282CKK6,TSRYS5793014,D,S,T,2024-04-25,1000000.00,4.935177,99.88671875
08:00:38,91282CKK6,TSRYS5793014,D,S,T,2024-04-25,1000000.00,4.935177,99.88671875
08:00:38,91282CKK6,TSRYS5793014,D,S,T,2024-04-25,4000000.00,4.935177,99.88671875
08:00:38,91282CKK6,TSRYS5793014,D,S,T,2024-04-25,2000000.00,4.935177,99.88671875
08:00:38,91282CKK6,TSRYS5793014,D,S,T,2024-04-25,2000000.00,4.935177,99.88671875
08:00:38,91282CKK6,TSRYS5793014,D,S,T,2024-04-25,1000000.00,4.935177,99.88671875
08:00:38,91282CKK6,TSRYS5793014,D,S,T,2024-04-25,1000000.00,4.935177,99.88671875
08:00:38,91282CKK6,TSRYS5793014,D,S,T,2024-04-25,2000000.00,4.935177,99.88671875
08:00:38,91282CKK6,TSRYS5793014,D,S,T,2024-04-25,1000000.00,4.935177,99.88671875
08:00:38,91282CKK6,TSRYS5793014,D,S,T,2024-04-25,1000000.00,4.935177,99.88671875
08:00:38,91282CKK6,TSRYS5793014,D,S,T,2024-04-25,1000000.00,4.935177,99.88671875
08:00:38,91282CKK6,TSRYS5793014,D,S,T,2024-04-25,1000000.00,4.935177,99.88671875
08:00:38,91282CKK6,TSRYS5793014,D,S,T,2024-04-25,2000000.00,4.935177,99.88671875
08:00:38,91282CKK6,TSRYS5793014,D,S,T,2024-04-25,3000000.00,4.935177,99.88671875
08:00:38,91282CKK6,TSRYS5793014,D,S,T,2024-04-25,2000000.00,4.935177,99.88671875
08:00:38,91282CKK6,TSRYS5793014,D,S,T,2024-04-25,1000000.00,4.935177,99.88671875
08:00:38,91282CKK6,TSRYS5793014,D,S,T,2024-04-25,1000000.00,4.935177,99.88671875
08:00:38,91282CKK6,TSRYS5793014,D,S,T,2024-04-25,1000000.00,4.935177,99.88671875
08:00:38,91282CKK6,TSRYS5793014,D,S,T,2024-04-25,1000000.00,4.935177,99.88671875
08:00:38,91282CKK6,TSRYS5793014,D,S,T,2024-04-25,1000000.00,4.935177,99.88671875
08:00:38,91282CKK6,TSRYS5793014,D,S,T,2024-04-25,1000000.00,4.935177,99.88671875
08:00:38,91282CKK6,TSRYS5793014,D,S,T,2024-04-25,1000000.00,4.935177,99.88671875
08:00:38,91282CKK6,TSRYS5793014,D,S,T,2024-04-25,1000000.00,4.935177,99.88671875
08:00:38,91282CKK6,TSRYS5793014,D,S,T,2024-04-25,1000000.00,4.936216,99.884765625
08:00:38,91282CKK6,TSRYS5793014,D,S,T,2024-04-25,1000000.00,4.936216,99.884765625
08:00:38,91282CKK6,TSRYS5793014,D,S,T,2024-04-25,1000000.00,4.936216,99.884765625
08:00:38,91282CKK6,TSRYS5793014,D,S,T,2024-04-25,3000000.00,4.936216,99.884765625
08:00:38,91282CKK6,TSRYS5793014,D,S,T,2024-04-25,1000000.00,4.936216,99.884765625
08:00:38,91282CKK6,TSRYS5793014,D,S,T,2024-04-25,2000000.00,4.936216,99.884765625
08:00:38,91282CKK6,TSRYS5793014,D,S,T,2024-04-25,11000000.00,4.936216,99.884765625
08:00:38,91282CKK6,TSRYS5793014,D,S,T,2024-04-25,4000000.00,4.935177,99.88671875
08:00:38,91282CKK6,TSRYS5793014,D,S,T,2024-04-25,4000000.00,4.936216,99.884765625
08:00:38,91282CKK6,TSRYS5793014,D,S,T,2024-04-25,1000000.00,4.935177,99.88671875
08:00:38,91282CKK6,TSRYS5793014,D,S,T,2024-04-25,1000000.00,4.935177,99.88671875
08:00:38,91282CKK6,TSRYS5793014,D,S,A,2024-04-25,3000000.00,4.931024,99.89453125
08:00:38,91282CKK6,TSRYS5793014,D,S,A,2024-04-25,1000000.00,4.931024,99.89453125
08:00:38,91282CKK6,TSRYS5793014,D,S,A,2024-04-25,4000000.00,4.931024,99.89453125
08:00:38,91282CKK6,TSRYS5793014,D,S,A,2024-04-25,3000000.00,4.931024,99.89453125
08:00:38,91282CKK6,TSRYS5793014,D,S,A,2024-04-25,1000000.00,4.931024,99.89453125
08:00:38,91282CKK6,TSRYS5793014,D,S,A,2024-04-25,4000000.00,4.931024,99.89453125
08:00:38,91282CKK6,TSRYS5793014,D,S,A,2024-04-25,1000000.00,4.931024,99.89453125
08:00:38,91282CKK6,TSRYS5793014,D,S,A,2024-04-25,1000000.00,4.931024,99.89453125
08:00:38,91282CKK6,TSRYS5793014,D,S,A,2024-04-25,7000000.00,4.931024,99.89453125
08:00:38,91282CKK6,TSRYS5793014,D,S,T,2024-04-25,1000000.00,4.929986,99.896484375
08:00:38,91282CKK6,TSRYS5793014,D,S,T,2024-04-25,1000000.00,4.929986,99.896484375
08:00:38,91282CKK6,TSRYS5793014,D,S,T,2024-04-25,1000000.00,4.929986,99.896484375
08:00:38,91282CKK6,TSRYS5793014,D,S,T,2024-04-25,1000000.00,4.929986,99.896484375
08:00:38,91282CKK6,TSRYS5793014,D,S,T,2024-04-25,3000000.00,4.926872,99.90234375
08:00:38,91282CKK6,TSRYS5793014,D,S,T,2024-04-25,1000000.00,4.926872,99.90234375
08:00:38,91282CKK6,TSRYS5793014,D,S,T,2024-04-25,1000000.00,4.926872,99.90234375
08:00:38,91282CKK6,TSRYS5793014,D,S,T,2024-04-25,1000000.00,4.926872,99.90234375
08:00:38,91282CKK6,TSRYS5793014,D,S,T,2024-04-25,2000000.00,4.926872,99.90234375
08:00:38,91282CKK6,TSRYS5793014,D,S,T,2024-04-25,1000000.00,4.926872,99.90234375
08:00:38,91282CKK6,TSRYS5793014,D,S,T,2024-04-25,1000000.00,4.926872,99.90234375
08:00:38,91282CKK6,TSRYS5793014,D,S,T,2024-04-25,10000000.00,4.926872,99.90234375
08:00:38,91282CKK6,TSRYS5793014,D,S,T,2024-04-25,12000000.00,4.926872,99.90234375
08:00:38,91282CKK6,TSRYS5793014,D,S,T,2024-04-25,1000000.00,4.926872,99.90234375
08:00:38,91282CKK6,TSRYS5793014,D,S,C,2024-04-25,10000000.00,4.92272,99.91015625
08:00:38,91282CKK6,TSRYS5793014,D,S,A,2024-04-25,5000000.00,4.928948,99.8984375
08:00:38,91282CKK6,TSRYS5793014,D,S,T,2024-04-25,1000000.00,4.92791,99.900390625
08:00:38,91282CKK6,TSRYS5793014,D,S,T,2024-04-25,1000000.00,4.926872,99.90234375
08:00:38,91282CKK6,TSRYS5793014,D,S,D,2024-04-25,1000000.00,4.926872,99.90234375
08:00:38,91282CKK6,TSRYS5793014,D,S,T,2024-04-25,1000000.00,4.926872,99.90234375
08:00:38,91282CKK6,TSRYS5793014,D,S,T,2024-04-25,1000000.00,4.926872,99.90234375
08:00:38,91282CKK6,TSRYS5793014,D,S,T,2024-04-25,1000000.00,4.92272,99.91015625
08:00:38,91282CKK6,TSRYS5793014,D,S,A,2024-04-25,10000000.00,4.924796,99.90625
08:00:38,91282CKK6,TSRYS5793014,D,S,T,2024-04-25,1000000.00,4.92272,99.91015625
08:00:38,91282CKK6,TSRYS5793014,D,S,D,2024-04-25,1000000.00,4.92272,99.91015625
08:00:38,91282CKK6,TSRYS5793014,D,S,D,2024-04-25,1000000.00,4.92272,99.91015625
08:00:38,91282CKK6,TSRYS5793014,D,S,D,2024-04-25,1000000.00,4.92272,99.91015625
08:00:38,91282CKK6,TSRYS5793014,D,S,T,2024-04-25,1000000.00,4.92272,99.91015625
08:00:38,91282CKK6,TSRYS5793014,D,S,T,2024-04-25,1000000.00,4.92272,99.91015625
08:00:38,91282CKK6,TSRYS5793014,D,S,D,2024-04-25,1000000.00,4.92272,99.91015625
08:00:38,91282CKK6,TSRYS5793014,D,S,D,2024-04-25,1000000.00,4.92272,99.91015625
08:00:38,91282CKK6,TSRYS5793014,D,S,T,2024-04-25,1000000.00,4.92272,99.91015625
08:00:38,91282CKK6,TSRYS5793014,D,S,T,2024-04-25,1000000.00,4.926872,99.90234375
08:00:38,91282CKK6,TSRYS5793014,D,S,T,2024-04-25,1000000.00,4.926872,99.90234375
08:00:38,91282CKK6,TSRYS5793014,D,S,T,2024-04-25,1000000.00,4.926872,99.90234375
08:00:38,91282CKK6,TSRYS5793014,D,S,T,2024-04-25,1000000.00,4.926872,99.90234375
08:00:38,91282CKK6,TSRYS5793014,D,S,T,2024-04-25,3000000.00,4.926872,99.90234375
08:00:38,91282CKK6,TSRYS5793014,D,S,T,2024-04-25,2000000.00,4.926872,99.90234375
08:00:38,91282CKK6,TSRYS5793014,D,S,T,2024-04-25,2000000.00,4.926872,99.90234375
08:00:38,91282CKK6,TSRYS5793014,D,B,C,2024-04-25,10982000.00,4.926872,99.90234375
08:00:38,91282CKK6,TSRYS5793014,D,S,T,2024-04-25,1000000.00,4.926872,99.90234375
08:00:38,91282CKK6,TSRYS5793014,D,S,T,2024-04-25,1000000.00,4.92272,99.91015625
08:00:38,91282CKK6,TSRYS5793014,D,S,T,2024-04-25,1000000.00,4.92272,99.91015625
08:00:38,91282CKK6,TSRYS5793014,D,S,T,2024-04-25,48100000.00,4.875,100.0
08:00:38,91282CKK6,TSRYS5793014,D,S,T,2024-04-25,86550000.00,4.875,100.0
08:00:38,91282CKK6,TSRYS5793014,D,S,T,2024-04-25,48100000.00,4.875,100.0
08:00:38,91282CKK6,TSRYS5793014,D,S,T,2024-04-25,57700000.00,4.875,100.0
08:00:38,91282CKK6,TSRYS5793014,D,S,T,2024-04-25,9600000.00,4.875,100.0
08:00:38,91282CKK6,TSRYS5793014,D,S,T,2024-04-25,86550000.00,4.875,100.0
08:00:38,91282CKK6,TSRYS5793014,D,S,T,2024-04-25,19250000.00,4.875,100.0
08:00:38,91282CKK6,TSRYS5793014,D,S,T,2024-04-25,76950000.00,4.875,100.0
08:00:38,91282CKK6,TSRYS5793014,D,S,T,2024-04-25,48100000.00,4.875,100.0
08:00:38,91282CKK6,TSRYS5793014,D,S,T,2024-04-25,9600000.00,4.875,100.0
08:00:38,91282CKK6,TSRYS5793014,D,S,T,2024-04-25,9600000.00,4.875,100.0
08:00:38,91282CKK6,TSRYS5793014,D,S,T,2024-04-25,76950000.00,4.875,100.0
08:00:38,91282CKK6,TSRYS5793014,D,B,C,2024-04-25,250MM+,4.875,100.0
08:00:38,91282CKK6,TSRYS5793014,D,S,T,2024-04-25,3000000.00,4.931024,99.89453125
08:00:38,91282CKK6,TSRYS5793014,D,S,D,2024-04-25,1000000.00,4.932063,99.892578125
08:00:38,91282CKK6,TSRYS5793014,D,S,T,2024-04-25,2000000.00,4.931024,99.89453125
08:00:38,91282CKK6,TSRYS5793014,D,S,D,2024-04-25,1000000.00,4.932063,99.892578125
08:00:38,91282CKK6,TSRYS5793014,D,S,T,2024-04-25,3000000.00,4.932063,99.892578125
08:00:38,91282CKK6,TSRYS5793014,D,S,T,2024-04-25,3000000.00,4.924796,99.90625
08:00:38,91282CKK6,TSRYS5793014,D,S,T,2024-04-25,1000000.00,4.932063,99.892578125
08:00:38,91282CKK6,TSRYS5793014,D,S,T,2024-04-25,1000000.00,4.932063,99.892578125
08:00:38,91282CKK6,TSRYS5793014,D,S,D,2024-04-25,3000000.00,4.931024,99.89453125
08:00:38,91282CKK6,TSRYS5793014,D,S,T,2024-04-25,1000000.00,4.924796,99.90625
08:00:38,91282CKK6,TSRYS5793014,D,S,D,2024-04-25,1000000.00,4.931024,99.89453125
08:00:38,91282CKK6,TSRYS5793014,D,S,D,2024-04-25,1000000.00,4.931024,99.89453125
08:00:38,91282CKK6,TSRYS5793014,D,B,A,2024-04-25,7000000.00,4.924796,99.90625
08:00:38,91282CKK6,TSRYS5793014,D,S,T,2024-04-25,1000000.00,4.931024,99.89453125
08:00:38,91282CKK6,TSRYS5793014,D,S,T,2024-04-25,1000000.00,4.926872,99.90234375
08:00:38,91282CKK6,TSRYS5793014,D,S,D,2024-04-25,3000000.00,4.926872,99.90234375
08:00:38,91282CKK6,TSRYS5793014,D,S,T,2024-04-25,1000000.00,4.931024,99.89453125
08:00:38,91282CKK6,TSRYS5793014,D,S,D,2024-04-25,1000000.00,4.928948,99.8984375
08:00:38,91282CKK6,TSRYS5793014,D,S,D,2024-04-25,1000000.00,4.928948,99.8984375
08:00:38,91282CKK6,TSRYS5793014,D,S,T,2024-04-25,1000000.00,4.932063,99.892578125
08:00:38,91282CKK6,TSRYS5793014,D,S,T,2024-04-25,1000000.00,4.92791,99.900390625
08:00:38,91282CKK6,TSRYS5793014,D,S,T,2024-04-25,2000000.00,4.92791,99.900390625
08:00:38,91282CKK6,TSRYS5793014,D,S,T,2024-04-25,1000000.00,4.92791,99.900390625
08:00:38,91282CKK6,TSRYS5793014,D,S,T,2024-04-25,1000000.00,4.92791,99.900390625
08:00:39,91282CKK6,TSRYS5793014,D,S,T,2024-04-25,1000000.00,4.92791,99.900390625
08:00:39,91282CKK6,TSRYS5793014,D,S,T,2024-04-25,1000000.00,4.92791,99.900390625
08:00:39,91282CKK6,TSRYS5793014,D,S,T,2024-04-25,1000000.00,4.92791,99.900390625
08:00:39,91282CKK6,TSRYS5793014,D,S,D,2024-04-25,3000000.00,4.932063,99.892578125
08:00:39,91282CKK6,TSRYS5793014,D,S,D,2024-04-25,1000000.00,4.932063,99.892578125
08:00:39,91282CKK6,TSRYS5793014,D,S,D,2024-04-25,1000000.00,4.932063,99.892578125
08:00:39,91282CKK6,TSRYS5793014,D,S,D,2024-04-25,2000000.00,4.932063,99.892578125
08:00:39,91282CKK6,TSRYS5793014,D,S,T,2024-04-25,1000000.00,4.92791,99.900390625
08:00:39,91282CKK6,TSRYS5793014,D,S,T,2024-04-25,1000000.00,4.92791,99.900390625
08:00:39,91282CKK6,TSRYS5793014,D,S,T,2024-04-25,1000000.00,4.92791,99.900390625
08:00:39,91282CKK6,TSRYS5793014,D,S,T,2024-04-25,1000000.00,4.92791,99.900390625
08:00:39,91282CKK6,TSRYS5793014,D,S,T,2024-04-25,2000000.00,4.92791,99.900390625
08:00:39,91282CKK6,TSRYS5793014,D,S,T,2024-04-25,1000000.00,4.92791,99.900390625
08:00:40,91282CKK6,TSRYS5793014,D,S,D,2024-04-25,1000000.00,4.924796,99.90625
08:00:40,91282CKK6,TSRYS5793014,D,S,D,2024-04-25,1000000.00,4.924796,99.90625
08:00:40,91282CKK6,TSRYS5793014,D,S,D,2024-04-25,2000000.00,4.924796,99.90625
08:00:40,91282CKK6,TSRYS5793014,D,S,T,2024-04-25,1000000.00,4.933101,99.890625
08:00:40,91282CKK6,TSRYS5793014,D,S,T,2024-04-25,1000000.00,4.929986,99.896484375
08:00:40,91282CKK6,TSRYS5793014,D,S,D,2024-04-25,1000000.00,4.929986,99.896484375
08:00:40,91282CKK6,TSRYS5793014,D,S,D,2024-04-25,1000000.00,4.929986,99.896484375
08:00:40,91282CKK6,TSRYS5793014,D,S,T,2024-04-25,1000000.00,4.928948,99.8984375
08:00:40,91282CKK6,TSRYS5793014,D,S,D,2024-04-25,1000000.00,4.929986,99.896484375
08:00:40,91282CKK6,TSRYS5793014,D,S,D,2024-04-25,1000000.00,4.929986,99.896484375
08:00:40,91282CKK6,TSRYS5793014,D,S,T,2024-04-25,1000000.00,4.929986,99.896484375
08:00:40,91282CKK6,TSRYS5793014,D,S,D,2024-04-25,1000000.00,4.92791,99.900390625
08:00:40,91282CKK6,TSRYS5793014,D,S,T,2024-04-25,2000000.00,4.926872,99.90234375
08:00:40,91282CKK6,TSRYS5793014,D,S,T,2024-04-25,2000000.00,4.926872,99.90234375
08:00:40,91282CKK6,TSRYS5793014,D,S,T,2024-04-25,2000000.00,4.926872,99.90234375
08:00:40,91282CKK6,TSRYS5793014,D,S,D,2024-04-25,1000000.00,4.928948,99.8984375
08:00:40,91282CKK6,TSRYS5793014,D,S,D,2024-04-25,1000000.00,4.928948,99.8984375
08:00:40,91282CKK6,TSRYS5793014,D,S,D,2024-04-25,1000000.00,4.928948,99.8984375
08:00:40,91282CKK6,TSRYS5793014,D,S,D,2024-04-25,1000000.00,4.92791,99.900390625
08:00:40,91282CKK6,TSRYS5793014,D,S,D,2024-04-25,1000000.00,4.92791,99.900390625
08:00:40,91282CKK6,TSRYS5793014,D,S,T,2024-04-25,1000000.00,4.92791,99.900390625
08:00:40,91282CKK6,TSRYS5793014,D,S,T,2024-04-25,1000000.00,4.92791,99.900390625
08:00:40,91282CKK6,TSRYS5793014,D,S,D,2024-04-25,1000000.00,4.92791,99.900390625
08:00:40,91282CKK6,TSRYS5793014,D,S,T,2024-04-25,1000000.00,4.92791,99.900390625
08:00:40,91282CKK6,TSRYS5793014,D,S,D,2024-04-25,1000000.00,4.92791,99.900390625
08:00:40,91282CKK6,TSRYS5793014,D,S,T,2024-04-25,1000000.00,4.929986,99.896484375
08:00:40,91282CKK6,TSRYS5793014,D,S,D,2024-04-25,1000000.00,4.934139,99.888671875
08:00:40,91282CKK6,TSRYS5793014,D,S,T,2024-04-25,1000000.00,4.934139,99.888671875
08:00:40,91282CKK6,TSRYS5793014,D,S,T,2024-04-25,1000000.00,4.936216,99.884765625
08:00:40,91282CKK6,TSRYS5793014,D,S,T,2024-04-25,1000000.00,4.935177,99.88671875
08:00:40,91282CKK6,TSRYS5793014,D,S,T,2024-04-25,1000000.00,4.933101,99.890625
08:00:40,91282CKK6,TSRYS5793014,D,S,D,2024-04-25,1000000.00,4.934139,99.888671875
08:00:40,91282CKK6,TSRYS5793014,D,S,T,2024-04-25,1000000.00,4.938292,99.880859375
08:00:40,91282CKK6,TSRYS5793014,D,S,T,2024-04-25,1000000.00,4.937254,99.8828125
08:00:41,91282CKK6,TSRYS5793014,D,S,T,2024-04-25,1000000.00,4.932063,99.892578125
08:00:41,91282CKK6,TSRYS5793014,D,S,T,2024-04-25,1000000.00,4.932063,99.892578125
08:00:41,91282CKK6,TSRYS5793014,D,S,D,2024-04-25,1000000.00,4.929986,99.896484375
08:00:41,91282CKK6,TSRYS5793014,D,S,T,2024-04-25,1000000.00,4.929986,99.896484375
08:00:41,91282CKK6,TSRYS5793014,D,S,D,2024-04-25,1000000.00,4.933101,99.890625
08:00:41,91282CKK6,TSRYS5793014,D,S,D,2024-04-25,1000000.00,4.933101,99.890625
08:00:41,91282CKK6,TSRYS5793014,D,S,T,2024-04-25,1000000.00,4.932063,99.892578125
08:00:41,91282CKK6,TSRYS5793014,D,S,T,2024-04-25,1000000.00,4.929986,99.896484375
08:00:41,91282CKK6,TSRYS5793014,D,S,T,2024-04-25,1000000.00,4.926872,99.90234375
08:00:41,91282CKK6,TSRYS5793014,D,S,T,2024-04-25,1000000.00,4.926872,99.90234375
08:00:41,91282CKK6,TSRYS5793014,D,S,T,2024-04-25,1000000.00,4.926872,99.90234375
08:00:41,91282CKK6,TSRYS5793014,D,S,T,2024-04-25,1000000.00,4.925834,99.904296875
08:00:41,91282CKK6,TSRYS5793014,D,S,D,2024-04-25,1000000.00,4.926872,99.90234375
08:00:41,91282CKK6,TSRYS5793014,D,S,D,2024-04-25,1000000.00,4.925834,99.904296875
08:00:41,91282CKK6,TSRYS5793014,D,S,T,2024-04-25,1000000.00,4.925834,99.904296875
08:00:41,91282CKK6,TSRYS5793014,D,S,T,2024-04-25,1000000.00,4.925834,99.904296875
08:00:41,91282CKK6,TSRYS5793014,D,S,T,2024-04-25,6000000.00,4.92272,99.91015625
08:00:41,91282CKK6,TSRYS5793014,D,S,T,2024-04-25,1000000.00,4.931024,99.89453125
08:00:41,91282CKK6,TSRYS5793014,D,S,T,2024-04-25,1000000.00,4.92272,99.91015625
08:00:41,91282CKK6,TSRYS5793014,D,S,D,2024-04-25,1000000.00,4.926872,99.90234375
08:00:41,91282CKK6,TSRYS5793014,D,S,T,2024-04-25,1000000.00,4.931079,99.89442925
08:00:41,91282CKK6,TSRYS5793014,D,S,D,2024-04-25,1000000.00,4.92272,99.91015625
08:00:41,91282CKK6,TSRYS5793014,D,S,T,2024-04-25,1000000.00,4.92272,99.91015625
08:00:41,91282CKK6,TSRYS5793014,D,S,D,2024-04-25,1000000.00,4.92272,99.91015625
08:00:41,91282CKK6,TSRYS5793014,D,S,T,2024-04-25,1000000.00,4.932063,99.892578125
08:00:41,91282CKK6,TSRYS5793014,D,S,T,2024-04-25,1000000.00,4.92272,99.91015625
08:00:41,91282CKK6,TSRYS5793014,D,S,D,2024-04-25,1000000.00,4.92272,99.91015625
08:00:41,91282CKK6,TSRYS5793014,D,S,D,2024-04-25,1000000.00,4.92272,99.91015625
08:00:41,91282CKK6,TSRYS5793014,D,S,D,2024-04-25,1000000.00,4.92272,99.91015625
08:00:41,91282CKK6,TSRYS5793014,D,S,T,2024-04-25,1000000.00,4.926872,99.90234375
08:00:41,91282CKK6,TSRYS5793014,D,S,T,2024-04-25,1000000.00,4.926872,99.90234375
08:00:41,91282CKK6,TSRYS5793014,D,S,T,2024-04-25,1000000.00,4.926872,99.90234375
08:00:41,91282CKK6,TSRYS5793014,D,S,T,2024-04-25,1000000.00,4.926872,99.90234375
08:00:41,91282CKK6,TSRYS5793014,D,S,T,2024-04-25,1000000.00,4.924796,99.90625
08:00:41,91282CKK6,TSRYS5793014,D,S,T,2024-04-25,1000000.00,4.933101,99.890625
08:00:42,91282CKK6,TSRYS5793014,D,S,D,2024-04-25,1000000.00,4.928948,99.8984375
08:00:42,91282CKK6,TSRYS5793014,D,S,D,2024-04-25,1000000.00,4.928948,99.8984375
08:00:42,91282CKK6,TSRYS5793014,D,S,D,2024-04-25,3000000.00,4.926872,99.90234375
08:00:42,91282CKK6,TSRYS5793014,D,S,D,2024-04-25,2000000.00,4.926872,99.90234375
08:00:43,91282CKK6,TSRYS5793014,D,S,T,2024-04-25,1000000.00,4.923758,99.908203125
08:00:43,91282CKK6,TSRYS5793014,D,S,D,2024-04-25,2000000.00,4.924796,99.90625
08:00:43,91282CKK6,TSRYS5793014,D,S,T,2024-04-25,1000000.00,4.933101,99.890625
08:00:43,91282CKK6,TSRYS5793014,D,S,D,2024-04-25,1000000.00,4.926872,99.90234375
08:00:43,91282CKK6,TSRYS5793014,D,S,D,2024-04-25,2000000.00,4.925834,99.904296875
08:00:43,91282CKK6,TSRYS5793014,D,S,D,2024-04-25,1000000.00,4.926872,99.90234375
08:00:43,91282CKK6,TSRYS5793014,D,S,D,2024-04-25,3000000.00,4.924796,99.90625
08:00:43,91282CKK6,TSRYS5793014,D,S,T,2024-04-25,1000000.00,4.924796,99.90625
08:00:43,91282CKK6,TSRYS5793014,D,S,T,2024-04-25,1000000.00,4.924796,99.90625
08:00:43,91282CKK6,TSRYS5793014,D,S,A,2024-04-25,537000.00,4.933101,99.890625
08:00:44,91282CKK6,TSRYS5793014,D,S,A,2024-04-25,10600000.00,4.92272,99.91015625
08:00:44,91282CKK6,TSRYS5793014,D,S,T,2024-04-25,1000000.00,4.933101,99.890625
08:00:45,91282CKK6,TSRYS5793014,D,S,D,2024-04-25,4000000.00,4.926872,99.90234375
08:00:45,91282CKK6,TSRYS5793014,D,S,T,2024-04-25,1000000.00,4.928948,99.8984375
08:00:47,91282CKK6,TSRYS5793014,D,S,T,2024-04-25,1000000.00,4.934139,99.888671875
08:00:47,91282CKK6,TSRYS5793014,D,S,T,2024-04-25,1000000.00,4.934139,99.888671875
08:00:47,91282CKK6,TSRYS5793014,D,S,T,2024-04-25,1000000.00,4.934139,99.888671875
08:00:47,91282CKK6,TSRYS5793014,D,S,T,2024-04-25,1000000.00,4.934139,99.888671875
08:00:47,91282CKK6,TSRYS5793014,D,S,T,2024-04-25,1000000.00,4.934139,99.888671875
08:00:47,91282CKK6,TSRYS5793014,D,S,T,2024-04-25,1000000.00,4.934139,99.888671875
08:00:47,91282CKK6,TSRYS5793014,D,S,T,2024-04-25,1000000.00,4.934139,99.888671875
08:00:47,91282CKK6,TSRYS5793014,D,S,T,2024-04-25,1000000.00,4.934139,99.888671875
08:00:47,91282CKK6,TSRYS5793014,D,S,T,2024-04-25,1000000.00,4.926872,99.90234375
08:00:48,91282CKK6,TSRYS5793014,D,S,D,2024-04-25,1000000.00,4.924796,99.90625
08:00:48,91282CKK6,TSRYS5793014,D,S,T,2024-04-25,1000000.00,4.924796,99.90625
08:00:48,91282CKK6,TSRYS5793014,D,S,T,2024-04-25,1000000.00,4.933155,99.890523
08:00:48,91282CKK6,TSRYS5793014,D,S,T,2024-04-25,2000000.00,4.933155,99.890523
08:00:48,91282CKK6,TSRYS5793014,D,S,T,2024-04-25,8000000.00,4.931024,99.89453125
08:00:48,91282CKK6,TSRYS5793014,D,S,T,2024-04-25,2000000.00,4.931024,99.89453125
08:00:48,91282CKK6,TSRYS5793014,D,S,T,2024-04-25,1000000.00,4.929986,99.896484375
08:00:48,91282CKK6,TSRYS5793014,D,S,T,2024-04-25,1000000.00,4.929986,99.896484375
08:00:48,91282CKK6,TSRYS5793014,D,S,T,2024-04-25,2000000.00,4.929986,99.896484375
08:00:48,91282CKK6,TSRYS5793014,D,S,T,2024-04-25,2000000.00,4.929986,99.896484375
08:00:49,91282CKK6,TSRYS5793014,D,S,T,2024-04-25,2000000.00,4.929986,99.896484375
08:00:49,91282CKK6,TSRYS5793014,D,S,T,2024-04-25,1000000.00,4.929986,99.896484375
08:00:49,91282CKK6,TSRYS5793014,D,S,T,2024-04-25,1000000.00,4.929986,99.896484375
08:00:49,91282CKK6,TSRYS5793014,D,S,T,2024-04-25,1000000.00,4.926872,99.90234375
08:00:49,91282CKK6,TSRYS5793014,D,S,T,2024-04-25,2000000.00,4.926872,99.90234375
08:00:50,91282CKK6,TSRYS5793014,D,S,T,2024-04-25,3000000.00,4.923758,99.908203125
08:00:50,91282CKK6,TSRYS5793014,D,S,T,2024-04-25,1000000.00,4.926872,99.90234375
08:00:50,91282CKK6,TSRYS5793014,D,S,T,2024-04-25,1000000.00,4.926872,99.90234375
08:00:50,91282CKK6,TSRYS5793014,D,S,T,2024-04-25,1000000.00,4.926872,99.90234375
08:00:51,91282CKK6,TSRYS5793014,D,S,T,2024-04-25,1000000.00,4.926872,99.90234375
08:00:51,91282CKK6,TSRYS5793014,D,S,T,2024-04-25,2000000.00,4.926872,99.90234375
08:00:51,91282CKK6,TSRYS5793014,D,S,T,2024-04-25,1000000.00,4.926872,99.90234375
08:00:51,91282CKK6,TSRYS5793014,D,S,D,2024-04-25,1000000.00,4.92272,99.91015625
08:00:51,91282CKK6,TSRYS5793014,D,S,D,2024-04-25,1000000.00,4.92272,99.91015625
08:00:51,91282CKK6,TSRYS5793014,D,S,D,2024-04-25,1000000.00,4.92272,99.91015625
08:00:52,91282CKK6,TSRYS5793014,D,S,T,2024-04-25,3000000.00,4.926872,99.90234375
08:00:52,91282CKK6,TSRYS5793014,D,S,T,2024-04-25,1000000.00,4.924796,99.90625
08:00:52,91282CKK6,TSRYS5793014,D,S,D,2024-04-25,3000000.00,4.921682,99.912109375
08:00:52,91282CKK6,TSRYS5793014,D,S,D,2024-04-25,3000000.00,4.921682,99.912109375
08:00:53,91282CKK6,TSRYS5793014,D,S,D,2024-04-25,1000000.00,4.92272,99.91015625
08:00:53,91282CKK6,TSRYS5793014,D,S,D,2024-04-25,2000000.00,4.92272,99.91015625
08:00:53,91282CKK6,TSRYS5793014,D,S,D,2024-04-25,3000000.00,4.92272,99.91015625
08:00:53,91282CKK6,TSRYS5793014,D,S,D,2024-04-25,1000000.00,4.92272,99.91015625
08:00:53,91282CKK6,TSRYS5793014,D,S,D,2024-04-25,1000000.00,4.92272,99.91015625
08:00:53,91282CKK6,TSRYS5793014,D,S,A,2024-04-25,200000.00,4.931025,99.894531
08:00:53,91282CKK6,TSRYS5793014,D,S,A,2024-04-25,200000.00,4.931025,99.894531
08:00:53,91282CKK6,TSRYS5793014,D,S,A,2024-04-25,200000.00,4.931025,99.894531
08:00:53,91282CKK6,TSRYS5793014,D,S,T,2024-04-25,1000000.00,4.925834,99.904296875
08:00:53,91282CKK6,TSRYS5793014,D,S,D,2024-04-25,7000000.00,4.926872,99.90234375
08:00:54,91282CKK6,TSRYS5793014,D,S,D,2024-04-25,7000000.00,4.924796,99.90625
08:00:54,91282CKK6,TSRYS5793014,D,S,D,2024-04-25,1000000.00,4.924796,99.90625
08:00:54,91282CKK6,TSRYS5793014,D,B,A,2024-04-25,8154000.00,4.935177,99.88671875
08:00:54,91282CKK6,TSRYS5793014,D,S,D,2024-04-25,3000000.00,4.923758,99.908203125
08:00:54,91282CKK6,TSRYS5793014,D,S,D,2024-04-25,3000000.00,4.924796,99.90625
08:00:54,91282CKK6,TSRYS5793014,D,S,D,2024-04-25,1000000.00,4.924796,99.90625
08:00:55,91282CKK6,TSRYS5793014,D,S,T,2024-04-25,2000000.00,4.925834,99.904296875
08:00:55,91282CKK6,TSRYS5793014,D,S,T,2024-04-25,1000000.00,4.925834,99.904296875
08:00:55,91282CKK6,TSRYS5793014,D,S,D,2024-04-25,2000000.00,4.926872,99.90234375
08:00:55,91282CKK6,TSRYS5793014,D,S,D,2024-04-25,1000000.00,4.926872,99.90234375
08:00:55,91282CKK6,TSRYS5793014,D,S,D,2024-04-25,1000000.00,4.926872,99.90234375
08:00:55,91282CKK6,TSRYS5793014,D,S,D,2024-04-25,3000000.00,4.926872,99.90234375
08:00:55,91282CKK6,TSRYS5793014,D,S,D,2024-04-25,4000000.00,4.926872,99.90234375
08:00:55,91282CKK6,TSRYS5793014,D,S,D,2024-04-25,1000000.00,4.926872,99.90234375
08:00:55,91282CKK6,TSRYS5793014,D,S,D,2024-04-25,1000000.00,4.926872,99.90234375
08:00:55,91282CKK6,TSRYS5793014,D,S,D,2024-04-25,1000000.00,4.926872,99.90234375
08:00:55,91282CKK6,TSRYS5793014,D,S,D,2024-04-25,3000000.00,4.926872,99.90234375
08:00:55,91282CKK6,TSRYS5793014,D,S,D,2024-04-25,3000000.00,4.926872,99.90234375
08:00:55,91282CKK6,TSRYS5793014,D,S,D,2024-04-25,1000000.00,4.926872,99.90234375
08:00:55,91282CKK6,TSRYS5793014,D,S,D,2024-04-25,1000000.00,4.926872,99.90234375
08:00:55,91282CKK6,TSRYS5793014,D,S,D,2024-04-25,1000000.00,4.926872,99.90234375
08:00:55,91282CKK6,TSRYS5793014,D,S,D,2024-04-25,1000000.00,4.926872,99.90234375
08:00:55,91282CKK6,TSRYS5793014,D,S,D,2024-04-25,3000000.00,4.926872,99.90234375
08:00:55,91282CKK6,TSRYS5793014,D,S,D,2024-04-25,1000000.00,4.926872,99.90234375
08:00:55,91282CKK6,TSRYS5793014,D,S,D,2024-04-25,1000000.00,4.926872,99.90234375
08:00:55,91282CKK6,TSRYS5793014,D,S,D,2024-04-25,1000000.00,4.926872,99.90234375
08:00:55,91282CKK6,TSRYS5793014,D,S,D,2024-04-25,1000000.00,4.926872,99.90234375
08:00:55,91282CKK6,TSRYS5793014,D,S,D,2024-04-25,2000000.00,4.926872,99.90234375
08:00:55,91282CKK6,TSRYS5793014,D,S,D,2024-04-25,3000000.00,4.926872,99.90234375
08:00:56,91282CKK6,TSRYS5793014,D,S,D,2024-04-25,3000000.00,4.926872,99.90234375
08:00:56,91282CKK6,TSRYS5793014,D,S,T,2024-04-25,1000000.00,4.926872,99.90234375
08:00:56,91282CKK6,TSRYS5793014,D,S,T,2024-04-25,1000000.00,4.925887,99.904196875
08:00:56,91282CKK6,TSRYS5793014,D,S,T,2024-04-25,1000000.00,4.926872,99.90234375
08:00:56,91282CKK6,TSRYS5793014,D,S,T,2024-04-25,1000000.00,4.922774,99.91005425
08:00:56,91282CKK6,TSRYS5793014,D,S,T,2024-04-25,1000000.00,4.925887,99.904196875
08:00:56,91282CKK6,TSRYS5793014,D,S,T,2024-04-25,1000000.00,4.922774,99.91005425
08:00:56,91282CKK6,TSRYS5793014,D,S,T,2024-04-25,1000000.00,4.926925,99.90224375
08:00:56,91282CKK6,TSRYS5793014,D,S,T,2024-04-25,6000000.00,4.92272,99.91015625
08:00:56,91282CKK6,TSRYS5793014,D,S,T,2024-04-25,1000000.00,4.92272,99.91015625
08:00:56,91282CKK6,TSRYS5793014,D,S,T,2024-04-25,1000000.00,4.92272,99.91015625
08:00:56,91282CKK6,TSRYS5793014,D,S,D,2024-04-25,1000000.00,4.926872,99.90234375
08:00:56,91282CKK6,TSRYS5793014,D,S,D,2024-04-25,2000000.00,4.926872,99.90234375
08:00:56,91282CKK6,TSRYS5793014,D,S,D,2024-04-25,1000000.00,4.926872,99.90234375
08:00:56,91282CKK6,TSRYS5793014,D,S,D,2024-04-25,1000000.00,4.926872,99.90234375
08:00:56,91282CKK6,TSRYS5793014,D,S,T,2024-04-25,1000000.00,4.925887,99.904196875
08:00:56,91282CKK6,TSRYS5793014,D,S,D,2024-04-25,1000000.00,4.926872,99.90234375
08:00:56,91282CKK6,TSRYS5793014,D,S,D,2024-04-25,1000000.00,4.926872,99.90234375
08:00:56,91282CKK6,TSRYS5793014,D,S,D,2024-04-25,2000000.00,4.926872,99.90234375
08:00:56,91282CKK6,TSRYS5793014,D,S,D,2024-04-25,2000000.00,4.926872,99.90234375
08:00:56,91282CKK6,TSRYS5793014,D,S,D,2024-04-25,1000000.00,4.926872,99.90234375
08:00:57,91282CKK6,TSRYS5793014,D,S,A,2024-04-25,275000.00,4.922542,99.91049125
08:00:57,91282CKK6,TSRYS5793014,D,S,D,2024-04-25,4000000.00,4.926872,99.90234375
08:00:58,91282CKK6,TSRYS5793014,D,S,D,2024-04-25,3000000.00,4.92791,99.900390625
08:00:58,91282CKK6,TSRYS5793014,D,S,D,2024-04-25,4000000.00,4.92791,99.900390625
08:00:58,91282CKK6,TSRYS5793014,D,S,T,2024-04-25,3000000.00,4.92791,99.900390625
08:00:59,91282CKK6,TSRYS5793014,D,S,A,2024-04-25,826000.00,4.924796,99.90625
08:00:59,91282CKK6,TSRYS5793014,D,S,T,2024-04-25,1000000.00,4.92272,99.91015625
08:00:59,91282CKK6,TSRYS5793014,D,S,T,2024-04-25,1000000.00,4.92272,99.91015625
08:00:59,91282CKK6,TSRYS5793014,D,S,T,2024-04-25,1000000.00,4.92272,99.91015625
08:00:59,91282CKK6,TSRYS5793014,D,S,A,2024-04-25,2000000.00,4.924796,99.90625
08:01:00,91282CKK6,TSRYS5793014,D,S,C,2024-04-25,2000000.00,4.924796,99.90625
08:01:00,91282CKK6,TSRYS5793014,D,S,D,2024-04-25,1000000.00,4.924796,99.90625
08:01:00,91282CKK6,TSRYS5793014,D,S,T,2024-04-25,2000000.00,4.926872,99.90234375
08:01:00,91282CKK6,TSRYS5793014,D,S,D,2024-04-25,1000000.00,4.924796,99.90625
08:01:01,91282CKK6,TSRYS5793014,D,S,D,2024-04-25,1000000.00,4.926872,99.90234375
08:01:01,91282CKK6,TSRYS5793014,D,S,T,2024-04-25,1000000.00,4.926872,99.90234375
08:01:01,91282CKK6,TSRYS5793014,D,S,D,2024-04-25,1000000.00,4.931024,99.89453125
08:01:01,91282CKK6,TSRYS5793014,D,S,D,2024-04-25,1000000.00,4.926872,99.90234375
08:01:01,91282CKK6,TSRYS5793014,D,S,C,2024-04-25,1000000.00,4.929986,99.896484375
08:01:01,91282CKK6,TSRYS5793014,D,B,C,2024-04-25,1000000.00,4.929986,99.896484375
08:01:01,91282CKK6,TSRYS5793014,D,S,D,2024-04-25,1000000.00,4.931024,99.89453125
08:01:01,91282CKK6,TSRYS5793014,D,B,C,2024-04-25,1000000.00,4.929986,99.896484375
08:01:01,91282CKK6,TSRYS5793014,D,S,D,2024-04-25,1000000.00,4.929986,99.896484375
08:01:01,91282CKK6,TSRYS5793014,D,S,C,2024-04-25,1000000.00,4.929986,99.896484375
08:01:01,91282CKK6,TSRYS5793014,D,S,D,2024-04-25,1000000.00,4.929986,99.896484375
08:01:01,91282CKK6,TSRYS5793014,D,B,C,2024-04-25,1000000.00,4.929986,99.896484375
08:01:01,91282CKK6,TSRYS5793014,D,B,C,2024-04-25,1000000.00,4.929986,99.896484375
08:01:01,91282CKK6,TSRYS5793014,D,S,C,2024-04-25,1000000.00,4.929986,99.896484375
08:01:01,91282CKK6,TSRYS5793014,D,S,D,2024-04-25,1000000.00,4.929986,99.896484375
08:01:01,91282CKK6,TSRYS5793014,D,B,C,2024-04-25,1000000.00,4.929986,99.896484375
08:01:01,91282CKK6,TSRYS5793014,D,B,C,2024-04-25,2000000.00,4.929986,99.896484375
08:01:01,91282CKK6,TSRYS5793014,D,B,C,2024-04-25,1000000.00,4.929986,99.896484375
08:01:01,91282CKK6,TSRYS5793014,D,B,C,2024-04-25,2000000.00,4.929986,99.896484375
08:01:01,91282CKK6,TSRYS5793014,D,B,C,2024-04-25,1000000.00,4.929986,99.896484375
08:01:01,91282CKK6,TSRYS5793014,D,S,D,2024-04-25,2000000.00,4.929986,99.896484375
08:01:01,91282CKK6,TSRYS5793014,D,B,C,2024-04-25,1000000.00,4.931024,99.89453125
08:01:01,91282CKK6,TSRYS5793014,D,S,C,2024-04-25,1000000.00,4.929986,99.896484375
08:01:01,91282CKK6,TSRYS5793014,D,S,D,2024-04-25,2000000.00,4.926872,99.90234375
08:01:01,91282CKK6,TSRYS5793014,D,S,D,2024-04-25,1000000.00,4.929986,99.896484375
08:01:01,91282CKK6,TSRYS5793014,D,S,D,2024-04-25,1000000.00,4.928948,99.8984375
08:01:01,91282CKK6,TSRYS5793014,D,S,D,2024-04-25,1000000.00,4.931024,99.89453125
08:01:01,91282CKK6,TSRYS5793014,D,B,C,2024-04-25,1000000.00,4.934139,99.888671875
08:01:01,91282CKK6,TSRYS5793014,D,B,C,2024-04-25,2000000.00,4.926872,99.90234375
08:01:01,91282CKK6,TSRYS5793014,D,S,D,2024-04-25,2000000.00,4.929986,99.896484375
08:01:01,91282CKK6,TSRYS5793014,D,B,C,2024-04-25,1000000.00,4.933101,99.890625
08:01:01,91282CKK6,TSRYS5793014,D,B,C,2024-04-25,1000000.00,4.926872,99.90234375
08:01:01,91282CKK6,TSRYS5793014,D,S,C,2024-04-25,1000000.00,4.935177,99.88671875
08:01:01,91282CKK6,TSRYS5793014,D,S,D,2024-04-25,1000000.00,4.934139,99.888671875
08:01:01,91282CKK6,TSRYS5793014,D,S,D,2024-04-25,1000000.00,4.926872,99.90234375
08:01:01,91282CKK6,TSRYS5793014,D,S,D,2024-04-25,3000000.00,4.933101,99.890625
08:01:01,91282CKK6,TSRYS5793014,D,S,C,2024-04-25,1000000.00,4.933101,99.890625
08:01:01,91282CKK6,TSRYS5793014,D,B,C,2024-04-25,1000000.00,4.935177,99.88671875
08:01:01,91282CKK6,TSRYS5793014,D,B,C,2024-04-25,1000000.00,4.937254,99.8828125
08:01:01,91282CKK6,TSRYS5793014,D,S,C,2024-04-25,1000000.00,4.937254,99.8828125
08:01:01,91282CKK6,TSRYS5793014,D,B,C,2024-04-25,1000000.00,4.937254,99.8828125
08:01:01,91282CKK6,TSRYS5793014,D,S,C,2024-04-25,1000000.00,4.929986,99.896484375
08:01:01,91282CKK6,TSRYS5793014,D,S,D,2024-04-25,1000000.00,4.931024,99.89453125
08:01:01,91282CKK6,TSRYS5793014,D,S,C,2024-04-25,1000000.00,4.937254,99.8828125
08:01:01,91282CKK6,TSRYS5793014,D,B,C,2024-04-25,1000000.00,4.929986,99.896484375
08:01:01,91282CKK6,TSRYS5793014,D,B,C,2024-04-25,1000000.00,4.929986,99.896484375
08:01:01,91282CKK6,TSRYS5793014,D,S,D,2024-04-25,2000000.00,4.926872,99.90234375
08:01:01,91282CKK6,TSRYS5793014,D,S,C,2024-04-25,1000000.00,4.929986,99.896484375
08:01:01,91282CKK6,TSRYS5793014,D,S,C,2024-04-25,1000000.00,4.929986,99.896484375
08:01:01,91282CKK6,TSRYS5793014,D,S,C,2024-04-25,3000000.00,4.931024,99.89453125
08:01:01,91282CKK6,TSRYS5793014,D,S,C,2024-04-25,3000000.00,4.931024,99.89453125
08:01:01,91282CKK6,TSRYS5793014,D,S,C,2024-04-25,1000000.00,4.924796,99.90625
08:01:01,91282CKK6,TSRYS5793014,D,B,C,2024-04-25,2000000.00,4.926872,99.90234375
08:01:01,91282CKK6,TSRYS5793014,D,S,C,2024-04-25,1000000.00,4.924796,99.90625
08:01:01,91282CKK6,TSRYS5793014,D,B,C,2024-04-25,5000000.00,4.928948,99.8984375
08:01:01,91282CKK6,TSRYS5793014,D,S,C,2024-04-25,2000000.00,4.924796,99.90625
08:01:01,91282CKK6,TSRYS5793014,D,S,C,2024-04-25,9000000.00,4.928948,99.8984375
08:01:01,91282CKK6,TSRYS5793014,D,B,C,2024-04-25,1000000.00,4.928948,99.8984375
08:01:01,91282CKK6,TSRYS5793014,D,S,D,2024-04-25,1000000.00,4.931024,99.89453125
08:01:02,91282CKK6,TSRYS5793014,D,S,C,2024-04-25,1000000.00,4.928948,99.8984375
08:01:02,91282CKK6,TSRYS5793014,D,S,C,2024-04-25,2000000.00,4.928948,99.8984375
08:01:02,91282CKK6,TSRYS5793014,D,B,C,2024-04-25,1000000.00,4.926872,99.90234375
08:01:02,91282CKK6,TSRYS5793014,D,S,C,2024-04-25,2000000.00,4.928948,99.8984375
08:01:02,91282CKK6,TSRYS5793014,D,S,C,2024-04-25,1000000.00,4.926872,99.90234375
08:01:02,91282CKK6,TSRYS5793014,D,S,C,2024-04-25,5000000.00,4.928948,99.8984375
08:01:02,91282CKK6,TSRYS5793014,D,B,C,2024-04-25,9000000.00,4.928948,99.8984375
08:01:02,91282CKK6,TSRYS5793014,D,S,C,2024-04-25,1000000.00,4.928948,99.8984375
08:01:02,91282CKK6,TSRYS5793014,D,B,C,2024-04-25,1000000.00,4.926872,99.90234375
08:01:02,91282CKK6,TSRYS5793014,D,S,C,2024-04-25,1000000.00,4.926872,99.90234375
08:01:02,91282CKK6,TSRYS5793014,D,S,C,2024-04-25,2000000.00,4.928948,99.8984375
08:01:02,91282CKK6,TSRYS5793014,D,S,C,2024-04-25,1000000.00,4.926872,99.90234375
08:01:02,91282CKK6,TSRYS5793014,D,B,C,2024-04-25,1000000.00,4.926872,99.90234375
08:01:02,91282CKK6,TSRYS5793014,D,B,C,2024-04-25,2000000.00,4.928948,99.8984375
08:01:02,91282CKK6,TSRYS5793014,D,S,C,2024-04-25,1000000.00,4.926872,99.90234375
08:01:02,91282CKK6,TSRYS5793014,D,S,C,2024-04-25,3000000.00,4.926872,99.90234375
08:01:02,91282CKK6,TSRYS5793014,D,B,C,2024-04-25,3000000.00,4.926872,99.90234375
08:01:02,91282CKK6,TSRYS5793014,D,B,C,2024-04-25,1000000.00,4.926872,99.90234375
08:01:02,91282CKK6,TSRYS5793014,D,S,C,2024-04-25,2000000.00,4.925834,99.904296875
08:01:02,91282CKK6,TSRYS5793014,D,S,C,2024-04-25,1000000.00,4.928948,99.8984375
08:01:02,91282CKK6,TSRYS5793014,D,S,C,2024-04-25,1000000.00,4.926872,99.90234375
08:01:02,91282CKK6,TSRYS5793014,D,S,C,2024-04-25,3000000.00,4.926872,99.90234375
08:01:02,91282CKK6,TSRYS5793014,D,S,C,2024-04-25,1000000.00,4.926872,99.90234375
08:01:02,91282CKK6,TSRYS5793014,D,S,C,2024-04-25,1000000.00,4.926872,99.90234375
08:01:02,91282CKK6,TSRYS5793014,D,S,C,2024-04-25,1000000.00,4.926872,99.90234375
08:01:02,91282CKK6,TSRYS5793014,D,S,C,2024-04-25,1000000.00,4.926872,99.90234375
08:01:02,91282CKK6,TSRYS5793014,D,B,C,2024-04-25,2000000.00,4.925834,99.904296875
08:01:02,91282CKK6,TSRYS5793014,D,B,C,2024-04-25,1000000.00,4.925834,99.904296875
08:01:02,91282CKK6,TSRYS5793014,D,B,C,2024-04-25,1000000.00,4.926872,99.90234375
08:01:02,91282CKK6,TSRYS5793014,D,S,C,2024-04-25,1000000.00,4.925834,99.904296875
08:01:02,91282CKK6,TSRYS5793014,D,S,C,2024-04-25,7000000.00,4.926872,99.90234375
08:01:02,91282CKK6,TSRYS5793014,D,S,C,2024-04-25,1000000.00,4.926872,99.90234375
08:01:02,91282CKK6,TSRYS5793014,D,S,C,2024-04-25,1000000.00,4.925834,99.904296875
08:01:02,91282CKK6,TSRYS5793014,D,S,C,2024-04-25,2000000.00,4.926872,99.90234375
08:01:02,91282CKK6,TSRYS5793014,D,B,C,2024-04-25,1000000.00,4.925834,99.904296875
08:01:02,91282CKK6,TSRYS5793014,D,B,C,2024-04-25,1000000.00,4.925834,99.904296875
08:01:02,91282CKK6,TSRYS5793014,D,S,C,2024-04-25,1000000.00,4.926872,99.90234375
08:01:02,91282CKK6,TSRYS5793014,D,B,C,2024-04-25,1000000.00,4.925834,99.904296875
08:01:02,91282CKK6,TSRYS5793014,D,S,C,2024-04-25,1000000.00,4.925834,99.904296875
08:01:02,91282CKK6,TSRYS5793014,D,B,C,2024-04-25,1000000.00,4.924796,99.90625
08:01:02,91282CKK6,TSRYS5793014,D,S,C,2024-04-25,1000000.00,4.925834,99.904296875
08:01:02,91282CKK6,TSRYS5793014,D,S,C,2024-04-25,1000000.00,4.924796,99.90625
08:01:02,91282CKK6,TSRYS5793014,D,B,C,2024-04-25,1000000.00,4.926872,99.90234375
08:01:02,91282CKK6,TSRYS5793014,D,S,C,2024-04-25,2000000.00,4.924796,99.90625
08:01:02,91282CKK6,TSRYS5793014,D,B,C,2024-04-25,1000000.00,4.924796,99.90625
08:01:02,91282CKK6,TSRYS5793014,D,S,C,2024-04-25,2000000.00,4.926872,99.90234375
08:01:02,91282CKK6,TSRYS5793014,D,B,C,2024-04-25,1000000.00,4.925834,99.904296875
08:01:02,91282CKK6,TSRYS5793014,D,S,C,2024-04-25,3000000.00,4.924796,99.90625
08:01:02,91282CKK6,TSRYS5793014,D,S,C,2024-04-25,1000000.00,4.925834,99.904296875
08:01:02,91282CKK6,TSRYS5793014,D,S,C,2024-04-25,7000000.00,4.924796,99.90625
08:01:02,91282CKK6,TSRYS5793014,D,S,C,2024-04-25,2000000.00,4.925834,99.904296875
08:01:02,91282CKK6,TSRYS5793014,D,S,C,2024-04-25,1000000.00,4.925834,99.904296875
08:01:02,91282CKK6,TSRYS5793014,D,B,C,2024-04-25,2000000.00,4.924796,99.90625
08:01:02,91282CKK6,TSRYS5793014,D,B,C,2024-04-25,3000000.00,4.92272,99.91015625
08:01:02,91282CKK6,TSRYS5793014,D,S,C,2024-04-25,1000000.00,4.924796,99.90625
08:01:02,91282CKK6,TSRYS5793014,D,S,C,2024-04-25,1000000.00,4.924796,99.90625
08:01:02,91282CKK6,TSRYS5793014,D,B,C,2024-04-25,1000000.00,4.92272,99.91015625
08:01:02,91282CKK6,TSRYS5793014,D,S,D,2024-04-25,3000000.00,4.92272,99.91015625
08:01:02,91282CKK6,TSRYS5793014,D,S,D,2024-04-25,1000000.00,4.92272,99.91015625
08:01:02,91282CKK6,TSRYS5793014,D,S,C,2024-04-25,1000000.00,4.924796,99.90625
08:01:02,91282CKK6,TSRYS5793014,D,S,D,2024-04-25,1000000.00,4.92272,99.91015625
08:01:02,91282CKK6,TSRYS5793014,D,B,C,2024-04-25,1000000.00,4.924796,99.90625
08:01:02,91282CKK6,TSRYS5793014,D,S,D,2024-04-25,1000000.00,4.92272,99.91015625
08:01:02,91282CKK6,TSRYS5793014,D,B,C,2024-04-25,1000000.00,4.92272,99.91015625
08:01:02,91282CKK6,TSRYS5793014,D,B,C,2024-04-25,1000000.00,4.92272,99.91015625
08:01:02,91282CKK6,TSRYS5793014,D,B,C,2024-04-25,1000000.00,4.92272,99.91015625
08:01:02,91282CKK6,TSRYS5793014,D,S,D,2024-04-25,1000000.00,4.92272,99.91015625
08:01:02,91282CKK6,TSRYS5793014,D,B,C,2024-04-25,1000000.00,4.92272,99.91015625
08:01:02,91282CKK6,TSRYS5793014,D,S,D,2024-04-25,1000000.00,4.92272,99.91015625
08:01:02,91282CKK6,TSRYS5793014,D,S,D,2024-04-25,1000000.00,4.92272,99.91015625
08:01:02,91282CKK6,TSRYS5793014,D,S,D,2024-04-25,1000000.00,4.92272,99.91015625
08:01:02,91282CKK6,TSRYS5793014,D,B,C,2024-04-25,3000000.00,4.92272,99.91015625
08:01:02,91282CKK6,TSRYS5793014,D,S,D,2024-04-25,3000000.00,4.92272,99.91015625
08:01:02,91282CKK6,TSRYS5793014,D,B,C,2024-04-25,1000000.00,4.92272,99.91015625
08:01:02,91282CKK6,TSRYS5793014,D,B,C,2024-04-25,1000000.00,4.92272,99.91015625
08:01:02,91282CKK6,TSRYS5793014,D,S,D,2024-04-25,1000000.00,4.92272,99.91015625
08:01:02,91282CKK6,TSRYS5793014,D,S,D,2024-04-25,1000000.00,4.92272,99.91015625
08:01:02,91282CKK6,TSRYS5793014,D,B,C,2024-04-25,2000000.00,4.92272,99.91015625
08:01:02,91282CKK6,TSRYS5793014,D,S,D,2024-04-25,1000000.00,4.92272,99.91015625
08:01:02,91282CKK6,TSRYS5793014,D,S,D,2024-04-25,2000000.00,4.92272,99.91015625
08:01:02,91282CKK6,TSRYS5793014,D,B,C,2024-04-25,1000000.00,4.92272,99.91015625
08:01:02,91282CKK6,TSRYS5793014,D,B,C,2024-04-25,1000000.00,4.92272,99.91015625
08:01:02,91282CKK6,TSRYS5793014,D,S,D,2024-04-25,1000000.00,4.92272,99.91015625
08:01:02,91282CKK6,TSRYS5793014,D,S,D,2024-04-25,1000000.00,4.92272,99.91015625
08:01:02,91282CKK6,TSRYS5793014,D,B,C,2024-04-25,1000000.00,4.92272,99.91015625
08:01:02,91282CKK6,TSRYS5793014,D,B,C,2024-04-25,1000000.00,4.92272,99.91015625
08:01:02,91282CKK6,TSRYS5793014,D,S,D,2024-04-25,1000000.00,4.92272,99.91015625
08:01:02,91282CKK6,TSRYS5793014,D,B,C,2024-04-25,1000000.00,4.92272,99.91015625
08:01:02,91282CKK6,TSRYS5793014,D,S,D,2024-04-25,1000000.00,4.92272,99.91015625
08:01:02,91282CKK6,TSRYS5793014,D,S,D,2024-04-25,2000000.00,4.92272,99.91015625
08:01:02,91282CKK6,TSRYS5793014,D,S,D,2024-04-25,1000000.00,4.92272,99.91015625
08:01:02,91282CKK6,TSRYS5793014,D,S,D,2024-04-25,1000000.00,4.92272,99.91015625
08:01:02,91282CKK6,TSRYS5793014,D,B,C,2024-04-25,1000000.00,4.92272,99.91015625
08:01:02,91282CKK6,TSRYS5793014,D,S,D,2024-04-25,1000000.00,4.92272,99.91015625
08:01:02,91282CKK6,TSRYS5793014,D,B,C,2024-04-25,2000000.00,4.92272,99.91015625
08:01:02,91282CKK6,TSRYS5793014,D,S,D,2024-04-25,2000000.00,4.92272,99.91015625
08:01:02,91282CKK6,TSRYS5793014,D,S,D,2024-04-25,3000000.00,4.92272,99.91015625
08:01:02,91282CKK6,TSRYS5793014,D,B,C,2024-04-25,2000000.00,4.92272,99.91015625
08:01:02,91282CKK6,TSRYS5793014,D,S,D,2024-04-25,2000000.00,4.92272,99.91015625
08:01:02,91282CKK6,TSRYS5793014,D,B,C,2024-04-25,3000000.00,4.92272,99.91015625
08:01:02,91282CKK6,TSRYS5793014,D,B,C,2024-04-25,3000000.00,4.92272,99.91015625
08:01:02,91282CKK6,TSRYS5793014,D,S,D,2024-04-25,1000000.00,4.92272,99.91015625
08:01:02,91282CKK6,TSRYS5793014,D,S,T,2024-04-25,1000000.00,4.926872,99.90234375
08:01:02,91282CKK6,TSRYS5793014,D,S,D,2024-04-25,3000000.00,4.92272,99.91015625
08:01:02,91282CKK6,TSRYS5793014,D,S,D,2024-04-25,3000000.00,4.92272,99.91015625
08:01:02,91282CKK6,TSRYS5793014,D,B,C,2024-04-25,3000000.00,4.92272,99.91015625
08:01:02,91282CKK6,TSRYS5793014,D,S,D,2024-04-25,3000000.00,4.921682,99.912109375
08:01:02,91282CKK6,TSRYS5793014,D,S,C,2024-04-25,1000000.00,4.921682,99.912109375
08:01:02,91282CKK6,TSRYS5793014,D,B,C,2024-04-25,1000000.00,4.920644,99.9140625
08:01:02,91282CKK6,TSRYS5793014,D,S,D,2024-04-25,3000000.00,4.921682,99.912109375
08:01:03,91282CKK6,TSRYS5793014,D,B,C,2024-04-25,1000000.00,4.92272,99.91015625
08:01:03,91282CKK6,TSRYS5793014,D,S,D,2024-04-25,1000000.00,4.92272,99.91015625
08:01:03,91282CKK6,TSRYS5793014,D,S,D,2024-04-25,1000000.00,4.92272,99.91015625
08:01:03,91282CKK6,TSRYS5793014,D,S,D,2024-04-25,1000000.00,4.920644,99.9140625
08:01:03,91282CKK6,TSRYS5793014,D,S,C,2024-04-25,1000000.00,4.92272,99.91015625
08:01:03,91282CKK6,TSRYS5793014,D,S,C,2024-04-25,2000000.00,4.92272,99.91015625
08:01:03,91282CKK6,TSRYS5793014,D,B,C,2024-04-25,1000000.00,4.92272,99.91015625
08:01:03,91282CKK6,TSRYS5793014,D,S,C,2024-04-25,1000000.00,4.92272,99.91015625
08:01:03,91282CKK6,TSRYS5793014,D,S,C,2024-04-25,1000000.00,4.92272,99.91015625
08:01:03,91282CKK6,TSRYS5793014,D,S,C,2024-04-25,3000000.00,4.92272,99.91015625
08:01:03,91282CKK6,TSRYS5793014,D,S,C,2024-04-25,1000000.00,4.92272,99.91015625
08:01:03,91282CKK6,TSRYS5793014,D,S,C,2024-04-25,1000000.00,4.92272,99.91015625
08:01:03,91282CKK6,TSRYS5793014,D,B,C,2024-04-25,1000000.00,4.92272,99.91015625
08:01:03,91282CKK6,TSRYS5793014,D,B,C,2024-04-25,1000000.00,4.92272,99.91015625
08:01:03,91282CKK6,TSRYS5793014,D,S,D,2024-04-25,1000000.00,4.926872,99.90234375
08:01:03,91282CKK6,TSRYS5793014,D,S,C,2024-04-25,1000000.00,4.92272,99.91015625
08:01:03,91282CKK6,TSRYS5793014,D,B,C,2024-04-25,1000000.00,4.92272,99.91015625
08:01:03,91282CKK6,TSRYS5793014,D,S,C,2024-04-25,1000000.00,4.92272,99.91015625
08:01:03,91282CKK6,TSRYS5793014,D,S,C,2024-04-25,3000000.00,4.921682,99.912109375
08:01:03,91282CKK6,TSRYS5793014,D,S,D,2024-04-25,3000000.00,4.926872,99.90234375
08:01:03,91282CKK6,TSRYS5793014,D,S,D,2024-04-25,1000000.00,4.92272,99.91015625
08:01:03,91282CKK6,TSRYS5793014,D,S,D,2024-04-25,1000000.00,4.92272,99.91015625
08:01:03,91282CKK6,TSRYS5793014,D,S,D,2024-04-25,1000000.00,4.924796,99.90625
08:01:03,91282CKK6,TSRYS5793014,D,B,C,2024-04-25,1000000.00,4.923758,99.908203125
08:01:03,91282CKK6,TSRYS5793014,D,B,C,2024-04-25,1000000.00,4.924796,99.90625
08:01:03,91282CKK6,TSRYS5793014,D,S,D,2024-04-25,1000000.00,4.923758,99.908203125
08:01:03,91282CKK6,TSRYS5793014,D,S,D,2024-04-25,1000000.00,4.924796,99.90625
08:01:03,91282CKK6,TSRYS5793014,D,S,D,2024-04-25,3000000.00,4.923758,99.908203125
08:01:03,91282CKK6,TSRYS5793014,D,S,C,2024-04-25,1000000.00,4.926872,99.90234375
08:01:03,91282CKK6,TSRYS5793014,D,S,C,2024-04-25,2000000.00,4.926872,99.90234375
08:01:03,91282CKK6,TSRYS5793014,D,S,C,2024-04-25,3000000.00,4.926872,99.90234375
08:01:03,91282CKK6,TSRYS5793014,D,S,C,2024-04-25,1000000.00,4.926872,99.90234375
08:01:03,91282CKK6,TSRYS5793014,D,S,C,2024-04-25,4000000.00,4.926872,99.90234375
08:01:03,91282CKK6,TSRYS5793014,D,S,C,2024-04-25,1000000.00,4.926872,99.90234375
08:01:03,91282CKK6,TSRYS5793014,D,S,A,2024-04-25,2100000.00,4.92272,99.91015625
08:01:03,91282CKK6,TSRYS5793014,D,S,C,2024-04-25,1000000.00,4.926872,99.90234375
08:01:03,91282CKK6,TSRYS5793014,D,S,C,2024-04-25,1000000.00,4.926872,99.90234375
08:01:03,91282CKK6,TSRYS5793014,D,S,C,2024-04-25,3000000.00,4.926872,99.90234375
08:01:03,91282CKK6,TSRYS5793014,D,S,C,2024-04-25,1000000.00,4.926872,99.90234375
08:01:03,91282CKK6,TSRYS5793014,D,S,C,2024-04-25,3000000.00,4.926872,99.90234375
08:01:03,91282CKK6,TSRYS5793014,D,S,D,2024-04-25,1000000.00,4.926872,99.90234375
08:01:03,91282CKK6,TSRYS5793014,D,S,D,2024-04-25,1000000.00,4.926872,99.90234375
08:01:03,91282CKK6,TSRYS5793014,D,S,C,2024-04-25,1000000.00,4.926872,99.90234375
08:01:03,91282CKK6,TSRYS5793014,D,S,C,2024-04-25,3000000.00,4.926872,99.90234375
08:01:03,91282CKK6,TSRYS5793014,D,S,T,2024-04-25,1000000.00,4.926872,99.90234375
08:01:03,91282CKK6,TSRYS5793014,D,S,C,2024-04-25,1000000.00,4.926872,99.90234375
08:01:03,91282CKK6,TSRYS5793014,D,S,C,2024-04-25,1000000.00,4.926872,99.90234375
08:01:04,91282CKK6,TSRYS5793014,D,S,D,2024-04-25,1000000.00,4.926872,99.90234375
08:01:04,91282CKK6,TSRYS5793014,D,S,D,2024-04-25,1000000.00,4.924796,99.90625
08:01:04,91282CKK6,TSRYS5793014,D,S,D,2024-04-25,1000000.00,4.926872,99.90234375
08:01:04,91282CKK6,TSRYS5793014,D,S,D,2024-04-25,1000000.00,4.926872,99.90234375
08:01:04,91282CKK6,TSRYS5793014,D,S,T,2024-04-25,3000000.00,4.926872,99.90234375
08:01:04,91282CKK6,TSRYS5793014,D,S,D,2024-04-25,1000000.00,4.926872,99.90234375
08:01:04,91282CKK6,TSRYS5793014,D,S,T,2024-04-25,2000000.00,4.926872,99.90234375
08:01:04,91282CKK6,TSRYS5793014,D,S,D,2024-04-25,1000000.00,4.926872,99.90234375
08:01:05,91282CKK6,TSRYS5793014,D,S,T,2024-04-25,1000000.00,4.926872,99.90234375
08:01:05,91282CKK6,TSRYS5793014,D,S,T,2024-04-25,1000000.00,4.926872,99.90234375
08:01:05,91282CKK6,TSRYS5793014,D,S,T,2024-04-25,1000000.00,4.926872,99.90234375
08:01:05,91282CKK6,TSRYS5793014,D,S,D,2024-04-25,1000000.00,4.926872,99.90234375
08:01:06,91282CKK6,TSRYS5793014,D,S,T,2024-04-25,1000000.00,4.92791,99.900390625
08:01:06,91282CKK6,TSRYS5793014,D,S,T,2024-04-25,1000000.00,4.926872,99.90234375
08:01:06,91282CKK6,TSRYS5793014,D,S,D,2024-04-25,3000000.00,4.926872,99.90234375
08:01:06,91282CKK6,TSRYS5793014,D,S,T,2024-04-25,1000000.00,4.926872,99.90234375
08:01:06,91282CKK6,TSRYS5793014,D,S,T,2024-04-25,4000000.00,4.926872,99.90234375
08:01:06,91282CKK6,TSRYS5793014,D,S,D,2024-04-25,2000000.00,4.926872,99.90234375
08:01:06,91282CKK6,TSRYS5793014,D,S,T,2024-04-25,1000000.00,4.926872,99.90234375
08:01:07,91282CKK6,TSRYS5793014,D,S,T,2024-04-25,4000000.00,4.926872,99.90234375
08:01:08,91282CKK6,TSRYS5793014,D,S,T,2024-04-25,1000000.00,4.926872,99.90234375
08:01:08,91282CKK6,TSRYS5793014,D,S,D,2024-04-25,1000000.00,4.926872,99.90234375
08:01:08,91282CKK6,TSRYS5793014,D,S,T,2024-04-25,1000000.00,4.92791,99.900390625
08:01:08,91282CKK6,TSRYS5793014,D,S,T,2024-04-25,1000000.00,4.92791,99.900390625
08:01:10,91282CKK6,TSRYS5793014,D,S,D,2024-04-25,3000000.00,4.933101,99.890625
08:01:10,91282CKK6,TSRYS5793014,D,S,T,2024-04-25,1000000.00,4.925834,99.904296875
08:01:10,91282CKK6,TSRYS5793014,D,S,D,2024-04-25,3000000.00,4.921682,99.912109375
08:01:10,91282CKK6,TSRYS5793014,D,S,D,2024-04-25,1000000.00,4.921682,99.912109375
08:01:10,91282CKK6,TSRYS5793014,D,S,D,2024-04-25,3000000.00,4.921682,99.912109375
08:01:10,91282CKK6,TSRYS5793014,D,S,D,2024-04-25,3000000.00,4.921682,99.912109375
08:01:11,91282CKK6,TSRYS5793014,D,S,T,2024-04-25,1000000.00,4.926872,99.90234375
08:01:11,91282CKK6,TSRYS5793014,D,S,T,2024-04-25,6000000.00,4.935231,99.88661875
08:01:11,91282CKK6,TSRYS5793014,D,S,T,2024-04-25,1000000.00,4.935231,99.88661875
08:01:11,91282CKK6,TSRYS5793014,D,S,T,2024-04-25,1000000.00,4.935231,99.88661875
08:01:11,91282CKK6,TSRYS5793014,D,S,T,2024-04-25,1000000.00,4.935231,99.88661875
08:01:11,91282CKK6,TSRYS5793014,D,S,T,2024-04-25,5000000.00,4.935231,99.88661875
08:01:11,91282CKK6,TSRYS5793014,D,B,A,2024-04-25,3189100.00,4.926872,99.90234375
08:01:11,91282CKK6,TSRYS5793014,D,S,T,2024-04-25,2000000.00,4.921735,99.912009375
08:01:11,91282CKK6,TSRYS5793014,D,S,T,2024-04-25,1000000.00,4.921735,99.912009375
08:01:11,91282CKK6,TSRYS5793014,D,S,T,2024-04-25,1000000.00,4.921735,99.912009375
08:01:11,91282CKK6,TSRYS5793014,D,S,T,2024-04-25,1000000.00,4.921735,99.912009375
08:01:11,91282CKK6,TSRYS5793014,D,S,T,2024-04-25,1000000.00,4.921735,99.912009375
08:01:11,91282CKK6,TSRYS5793014,D,S,T,2024-04-25,1000000.00,4.921735,99.912009375
08:01:12,91282CKK6,TSRYS5793014,D,S,D,2024-04-25,3000000.00,4.926872,99.90234375
08:01:12,91282CKK6,TSRYS5793014,D,S,T,2024-04-25,1000000.00,4.933194,99.89045
08:01:12,91282CKK6,TSRYS5793014,D,S,D,2024-04-25,1000000.00,4.926872,99.90234375
08:01:12,91282CKK6,TSRYS5793014,D,S,T,2024-04-25,1000000.00,4.921775,99.911934375
08:01:12,91282CKK6,TSRYS5793014,D,S,T,2024-04-25,1000000.00,4.926872,99.90234375
08:01:12,91282CKK6,TSRYS5793014,D,S,T,2024-04-25,1000000.00,4.93322,99.8904
08:01:12,91282CKK6,TSRYS5793014,D,S,T,2024-04-25,1000000.00,4.926872,99.90234375
08:01:12,91282CKK6,TSRYS5793014,D,S,T,2024-04-25,2000000.00,4.926872,99.90234375
08:01:13,91282CKK6,TSRYS5793014,D,B,A,2024-04-25,20000000.00,4.931024,99.89453125
08:01:13,91282CKK6,TSRYS5793014,D,S,D,2024-04-25,1000000.00,4.926872,99.90234375
08:01:13,91282CKK6,TSRYS5793014,D,S,D,2024-04-25,1000000.00,4.926872,99.90234375
08:01:13,91282CKK6,TSRYS5793014,D,S,D,2024-04-25,3000000.00,4.926872,99.90234375
08:01:13,91282CKK6,TSRYS5793014,D,S,T,2024-04-25,2000000.00,4.924796,99.90625
08:01:13,91282CKK6,TSRYS5793014,D,S,T,2024-04-25,1000000.00,4.92791,99.900390625
08:01:13,91282CKK6,TSRYS5793014,D,S,T,2024-04-25,1000000.00,4.92791,99.900390625
08:01:13,91282CKK6,TSRYS5793014,D,S,T,2024-04-25,2000000.00,4.92791,99.900390625
08:01:13,91282CKK6,TSRYS5793014,D,S,T,2024-04-25,3000000.00,4.925834,99.904296875
08:01:13,91282CKK6,TSRYS5793014,D,B,A,2024-04-25,1000000.00,4.9228,99.91000425
08:01:13,91282CKK6,TSRYS5793014,D,S,T,2024-04-25,1000000.00,4.9228,99.91000425
08:01:13,91282CKK6,TSRYS5793014,D,S,T,2024-04-25,1000000.00,4.9228,99.91000425
08:01:13,91282CKK6,TSRYS5793014,D,B,A,2024-04-25,1000000.00,4.9228,99.91000425
08:01:13,91282CKK6,TSRYS5793014,D,S,T,2024-04-25,1000000.00,4.9228,99.91000425
08:01:13,91282CKK6,TSRYS5793014,D,B,A,2024-04-25,1000000.00,4.9228,99.91000425
08:01:14,91282CKK6,TSRYS5793014,D,S,T,2024-04-25,1000000.00,4.92791,99.900390625
08:01:14,91282CKK6,TSRYS5793014,D,S,T,2024-04-25,2000000.00,4.927963,99.900290625
08:01:14,91282CKK6,TSRYS5793014,D,S,T,2024-04-25,1000000.00,4.929001,99.8983375
08:01:14,91282CKK6,TSRYS5793014,D,S,T,2024-04-25,1000000.00,4.926872,99.90234375
08:01:14,91282CKK6,TSRYS5793014,D,S,T,2024-04-25,2000000.00,4.927963,99.900290625
08:01:14,91282CKK6,TSRYS5793014,D,S,T,2024-04-25,1000000.00,4.926872,99.90234375
08:01:14,91282CKK6,TSRYS5793014,D,S,T,2024-04-25,26950000.00,4.875,100.0
08:01:14,91282CKK6,TSRYS5793014,D,S,T,2024-04-25,5750000.00,4.875,100.0
08:01:15,91282CKK6,TSRYS5793014,D,S,T,2024-04-25,1000000.00,4.926872,99.90234375
08:01:16,91282CKK6,TSRYS5793014,D,S,D,2024-04-25,3500000.00,4.924796,99.90625
08:01:16,91282CKK6,TSRYS5793014,D,S,D,2024-04-25,250000.00,4.920644,99.9140625
08:01:16,91282CKK6,TSRYS5793014,D,S,D,2024-04-25,2000000.00,4.926872,99.90234375
08:01:17,91282CKK6,TSRYS5793014,D,S,D,2024-04-25,1000000.00,4.926872,99.90234375
08:01:17,91282CKK6,TSRYS5793014,D,S,C,2024-04-25,1000000.00,4.926872,99.90234375
08:01:17,91282CKK6,TSRYS5793014,D,S,C,2024-04-25,2000000.00,4.926872,99.90234375
08:01:17,91282CKK6,TSRYS5793014,D,S,C,2024-04-25,2000000.00,4.926872,99.90234375
08:01:17,91282CKK6,TSRYS5793014,D,S,C,2024-04-25,1000000.00,4.926872,99.90234375
08:01:17,91282CKK6,TSRYS5793014,D,S,D,2024-04-25,4000000.00,4.926872,99.90234375
08:01:17,91282CKK6,TSRYS5793014,D,S,D,2024-04-25,3000000.00,4.92791,99.900390625
08:01:17,91282CKK6,TSRYS5793014,D,S,D,2024-04-25,4000000.00,4.92791,99.900390625
08:01:17,91282CKK6,TSRYS5793014,D,S,D,2024-04-25,1000000.00,4.92791,99.900390625
08:01:17,91282CKK6,TSRYS5793014,D,B,C,2024-04-25,1000000.00,4.92791,99.900390625
08:01:17,91282CKK6,TSRYS5793014,D,S,D,2024-04-25,1000000.00,4.92791,99.900390625
08:01:17,91282CKK6,TSRYS5793014,D,B,C,2024-04-25,1000000.00,4.92791,99.900390625
08:01:17,91282CKK6,TSRYS5793014,D,S,D,2024-04-25,1000000.00,4.92791,99.900390625
08:01:17,91282CKK6,TSRYS5793014,D,B,C,2024-04-25,1000000.00,4.92791,99.900390625
08:01:17,91282CKK6,TSRYS5793014,D,B,C,2024-04-25,10000000.00,4.926872,99.90234375
08:01:17,91282CKK6,TSRYS5793014,D,S,D,2024-04-25,10000000.00,4.926872,99.90234375
08:01:17,91282CKK6,TSRYS5793014,D,S,T,2024-04-25,1000000.00,4.926872,99.90234375
08:01:17,91282CKK6,TSRYS5793014,D,S,D,2024-04-25,5000000.00,4.926872,99.90234375
08:01:17,91282CKK6,TSRYS5793014,D,B,C,2024-04-25,5000000.00,4.926872,99.90234375
08:01:17,91282CKK6,TSRYS5793014,D,S,D,2024-04-25,4000000.00,4.926872,99.90234375
08:01:17,91282CKK6,TSRYS5793014,D,S,D,2024-04-25,2000000.00,4.926872,99.90234375
08:01:17,91282CKK6,TSRYS5793014,D,B,C,2024-04-25,1000000.00,4.92272,99.91015625
08:01:17,91282CKK6,TSRYS5793014,D,S,D,2024-04-25,1000000.00,4.92272,99.91015625
08:01:18,91282CKK6,TSRYS5793014,D,S,C,2024-04-25,1000000.00,4.924796,99.90625
08:01:18,91282CKK6,TSRYS5793014,D,S,C,2024-04-25,1000000.00,4.924796,99.90625
08:01:18,91282CKK6,TSRYS5793014,D,S,C,2024-04-25,1000000.00,4.925834,99.904296875
08:01:18,91282CKK6,TSRYS5793014,D,S,C,2024-04-25,1000000.00,4.925834,99.904296875
08:01:18,91282CKK6,TSRYS5793014,D,S,T,2024-04-25,2000000.00,4.92272,99.91015625
08:01:18,91282CKK6,TSRYS5793014,D,S,D,2024-04-25,47000000.00,4.916492,99.921875
08:01:18,91282CKK6,TSRYS5793014,D,S,T,2024-04-25,2000000.00,4.924796,99.90625
08:01:19,91282CKK6,TSRYS5793014,D,B,C,2024-04-25,3000000.00,4.926872,99.90234375
08:01:19,91282CKK6,TSRYS5793014,D,S,C,2024-04-25,3000000.00,4.926872,99.90234375
08:01:19,91282CKK6,TSRYS5793014,D,B,C,2024-04-25,7000000.00,4.926872,99.90234375
08:01:19,91282CKK6,TSRYS5793014,D,S,C,2024-04-25,3000000.00,4.926872,99.90234375
08:01:19,91282CKK6,TSRYS5793014,D,S,T,2024-04-25,1000000.00,4.924796,99.90625
08:01:19,91282CKK6,TSRYS5793014,D,B,C,2024-04-25,2000000.00,4.926872,99.90234375
08:01:19,91282CKK6,TSRYS5793014,D,S,C,2024-04-25,7000000.00,4.926872,99.90234375
08:01:19,91282CKK6,TSRYS5793014,D,B,C,2024-04-25,3000000.00,4.926872,99.90234375
08:01:19,91282CKK6,TSRYS5793014,D,S,C,2024-04-25,2000000.00,4.926872,99.90234375
08:01:19,91282CKK6,TSRYS5793014,D,S,T,2024-04-25,1000000.00,4.926872,99.90234375
08:01:19,91282CKK6,TSRYS5793014,D,B,C,2024-04-25,1000000.00,4.926872,99.90234375
08:01:19,91282CKK6,TSRYS5793014,D,S,C,2024-04-25,1000000.00,4.926872,99.90234375
08:01:19,91282CKK6,TSRYS5793014,D,S,D,2024-04-25,4000000.00,4.926872,99.90234375
08:01:19,91282CKK6,TSRYS5793014,D,S,D,2024-04-25,3000000.00,4.926872,99.90234375
08:01:19,91282CKK6,TSRYS5793014,D,S,T,2024-04-25,1000000.00,4.926872,99.90234375
08:01:19,91282CKK6,TSRYS5793014,D,S,D,2024-04-25,4000000.00,4.926872,99.90234375
08:01:19,91282CKK6,TSRYS5793014,D,S,D,2024-04-25,1000000.00,4.926872,99.90234375
08:01:19,91282CKK6,TSRYS5793014,D,S,D,2024-04-25,4000000.00,4.926872,99.90234375
08:01:19,91282CKK6,TSRYS5793014,D,S,D,2024-04-25,4000000.00,4.926872,99.90234375
08:01:19,91282CKK6,TSRYS5793014,D,S,D,2024-04-25,4000000.00,4.926872,99.90234375
08:01:19,91282CKK6,TSRYS5793014,D,B,C,2024-04-25,1000000.00,4.926872,99.90234375
08:01:19,91282CKK6,TSRYS5793014,D,S,D,2024-04-25,1000000.00,4.926872,99.90234375
08:01:19,91282CKK6,TSRYS5793014,D,S,D,2024-04-25,1000000.00,4.926872,99.90234375
08:01:19,91282CKK6,TSRYS5793014,D,S,D,2024-04-25,9600000.00,4.875,100.0
08:01:19,91282CKK6,TSRYS5793014,D,S,D,2024-04-25,90450000.00,4.875,100.0
08:01:19,91282CKK6,TSRYS5793014,D,S,D,2024-04-25,950000.00,4.875,100.0
08:01:19,91282CKK6,TSRYS5793014,D,S,D,2024-04-25,650000.00,4.875,100.0
08:01:19,91282CKK6,TSRYS5793014,D,S,T,2024-04-25,1000000.00,4.933101,99.890625
08:01:19,91282CKK6,TSRYS5793014,D,S,T,2024-04-25,2000000.00,4.933101,99.890625
08:01:19,91282CKK6,TSRYS5793014,D,S,T,2024-04-25,1000000.00,4.933101,99.890625
08:01:19,91282CKK6,TSRYS5793014,D,S,T,2024-04-25,1000000.00,4.933101,99.890625
08:01:19,91282CKK6,TSRYS5793014,D,S,T,2024-04-25,1000000.00,4.933101,99.890625
08:01:19,91282CKK6,TSRYS5793014,D,S,T,2024-04-25,1000000.00,4.933101,99.890625
08:01:19,91282CKK6,TSRYS5793014,D,S,T,2024-04-25,1000000.00,4.933101,99.890625
08:01:19,91282CKK6,TSRYS5793014,D,S,T,2024-04-25,1000000.00,4.933101,99.890625
08:01:19,91282CKK6,TSRYS5793014,D,S,T,2024-04-25,1000000.00,4.933101,99.890625
08:01:19,91282CKK6,TSRYS5793014,D,S,T,2024-04-25,1000000.00,4.933101,99.890625
08:01:19,91282CKK6,TSRYS5793014,D,S,T,2024-04-25,5000000.00,4.933101,99.890625
08:01:19,91282CKK6,TSRYS5793014,D,S,T,2024-04-25,2000000.00,4.933101,99.890625
08:01:19,91282CKK6,TSRYS5793014,D,B,C,2024-04-25,9600000.00,4.875,100.0
08:01:19,91282CKK6,TSRYS5793014,D,B,C,2024-04-25,9600000.00,4.875,100.0
08:01:19,91282CKK6,TSRYS5793014,D,S,T,2024-04-25,1000000.00,4.933101,99.890625
08:01:19,91282CKK6,TSRYS5793014,D,S,T,2024-04-25,1000000.00,4.933101,99.890625
08:01:19,91282CKK6,TSRYS5793014,D,B,C,2024-04-25,9600000.00,4.875,100.0
08:01:19,91282CKK6,TSRYS5793014,D,B,C,2024-04-25,90450000.00,4.875,100.0
08:01:19,91282CKK6,TSRYS5793014,D,B,C,2024-04-25,650000.00,4.875,100.0
08:01:19,91282CKK6,TSRYS5793014,D,S,D,2024-04-25,1000000.00,4.931024,99.89453125
08:01:19,91282CKK6,TSRYS5793014,D,S,D,2024-04-25,3000000.00,4.931024,99.89453125
08:01:19,91282CKK6,TSRYS5793014,D,B,C,2024-04-25,19250000.00,4.875,100.0
08:01:20,91282CKK6,TSRYS5793014,D,S,D,2024-04-25,1000000.00,4.931024,99.89453125
08:01:20,91282CKK6,TSRYS5793014,D,S,T,2024-04-25,1000000.00,4.926872,99.90234375
08:01:20,91282CKK6,TSRYS5793014,D,S,D,2024-04-25,4000000.00,4.926872,99.90234375
08:01:20,91282CKK6,TSRYS5793014,D,B,C,2024-04-25,4800000.00,4.875,100.0
08:01:20,91282CKK6,TSRYS5793014,D,B,C,2024-04-25,24100000.00,4.875,100.0
08:01:20,91282CKK6,TSRYS5793014,D,S,D,2024-04-25,1000000.00,4.931024,99.89453125
08:01:20,91282CKK6,TSRYS5793014,D,S,T,2024-04-25,1000000.00,4.926872,99.90234375
08:01:20,91282CKK6,TSRYS5793014,D,S,T,2024-04-25,2000000.00,4.933101,99.890625
08:01:20,91282CKK6,TSRYS5793014,D,S,T,2024-04-25,3000000.00,4.933101,99.890625
08:01:20,91282CKK6,TSRYS5793014,D,S,T,2024-04-25,1000000.00,4.926872,99.90234375
08:01:20,91282CKK6,TSRYS5793014,D,S,D,2024-04-25,1000000.00,4.926872,99.90234375
08:01:20,91282CKK6,TSRYS5793014,D,S,D,2024-04-25,9600000.00,4.875,100.0
08:01:20,91282CKK6,TSRYS5793014,D,S,D,2024-04-25,9600000.00,4.875,100.0
08:01:20,91282CKK6,TSRYS5793014,D,S,D,2024-04-25,28900000.00,4.875,100.0
08:01:20,91282CKK6,TSRYS5793014,D,S,D,2024-04-25,14450000.00,4.875,100.0
08:01:20,91282CKK6,TSRYS5793014,D,B,C,2024-04-25,9600000.00,4.875,100.0
08:01:20,91282CKK6,TSRYS5793014,D,S,D,2024-04-25,24050000.00,4.875,100.0
08:01:20,91282CKK6,TSRYS5793014,D,S,D,2024-04-25,9600000.00,4.875,100.0
08:01:20,91282CKK6,TSRYS5793014,D,B,C,2024-04-25,14450000.00,4.875,100.0
08:01:20,91282CKK6,TSRYS5793014,D,B,C,2024-04-25,28850000.00,4.875,100.0
08:01:20,91282CKK6,TSRYS5793014,D,S,D,2024-04-25,4800000.00,4.875,100.0
08:01:20,91282CKK6,TSRYS5793014,D,S,D,2024-04-25,19250000.00,4.875,100.0
08:01:20,91282CKK6,TSRYS5793014,D,S,D,2024-04-25,3000000.00,4.926872,99.90234375
08:01:20,91282CKK6,TSRYS5793014,D,B,C,2024-04-25,950000.00,4.875,100.0
08:01:20,91282CKK6,TSRYS5793014,D,S,C,2024-04-25,1000000.00,4.929986,99.896484375
08:01:20,91282CKK6,TSRYS5793014,D,S,C,2024-04-25,2000000.00,4.929986,99.896484375
08:01:20,91282CKK6,TSRYS5793014,D,S,D,2024-04-25,1000000.00,4.926872,99.90234375
08:01:20,91282CKK6,TSRYS5793014,D,S,T,2024-04-25,3000000.00,4.921682,99.912109375
08:01:20,91282CKK6,TSRYS5793014,D,S,T,2024-04-25,3000000.00,4.921682,99.912109375
08:01:20,91282CKK6,TSRYS5793014,D,S,T,2024-04-25,1000000.00,4.921682,99.912109375
08:01:20,91282CKK6,TSRYS5793014,D,S,T,2024-04-25,3000000.00,4.921682,99.912109375
08:01:20,91282CKK6,TSRYS5793014,D,S,T,2024-04-25,3000000.00,4.926872,99.90234375
08:01:20,91282CKK6,TSRYS5793014,D,S,D,2024-04-25,1000000.00,4.929986,99.896484375
08:01:20,91282CKK6,TSRYS5793014,D,S,T,2024-04-25,1000000.00,4.926872,99.90234375
08:01:21,91282CKK6,TSRYS5793014,D,S,D,2024-04-25,1000000.00,4.926872,99.90234375
08:01:21,91282CKK6,TSRYS5793014,D,S,T,2024-04-25,1000000.00,4.926872,99.90234375
08:01:21,91282CKK6,TSRYS5793014,D,B,A,2024-04-25,15807993.00,4.931024,99.89453125
08:01:21,91282CKK6,TSRYS5793014,D,S,T,2024-04-25,2000000.00,4.926872,99.90234375
08:01:21,91282CKK6,TSRYS5793014,D,S,T,2024-04-25,1000000.00,4.926872,99.90234375
08:01:21,91282CKK6,TSRYS5793014,D,S,A,2024-04-25,25000000.00,4.924796,99.90625
08:01:22,91282CKK6,TSRYS5793014,D,S,T,2024-04-25,1000000.00,4.926872,99.90234375
08:01:22,91282CKK6,TSRYS5793014,D,S,T,2024-04-25,18000000.00,4.925834,99.90429688
08:01:22,91282CKK6,TSRYS5793014,D,B,A,2024-04-25,18000000.00,4.925834,99.90429688
08:01:22,91282CKK6,TSRYS5793014,D,S,T,2024-04-25,3000000.00,4.925834,99.90429688
08:01:22,91282CKK6,TSRYS5793014,D,B,A,2024-04-25,3000000.00,4.925834,99.90429688
08:01:22,91282CKK6,TSRYS5793014,D,S,T,2024-04-25,1000000.00,4.926872,99.90234375
08:01:22,91282CKK6,TSRYS5793014,D,S,T,2024-04-25,4000000.00,4.925834,99.90429688
08:01:22,91282CKK6,TSRYS5793014,D,B,A,2024-04-25,4000000.00,4.925834,99.90429688
08:01:22,91282CKK6,TSRYS5793014,D,S,T,2024-04-25,2000000.00,4.925834,99.90429688
08:01:22,91282CKK6,TSRYS5793014,D,B,A,2024-04-25,2000000.00,4.925834,99.90429688
08:01:23,91282CKK6,TSRYS5793014,D,S,C,2024-04-25,153000000.00,4.928075,99.90008
08:01:23,91282CKK6,TSRYS5793014,D,B,C,2024-04-25,5500000.00,4.933101,99.890625
08:01:23,91282CKK6,TSRYS5793014,D,S,D,2024-04-25,250000.00,4.926872,99.90234375
08:01:23,91282CKK6,TSRYS5793014,D,S,A,2024-04-25,5000000.00,4.924796,99.90625
08:01:23,91282CKK6,TSRYS5793014,D,S,D,2024-04-25,1000000.00,4.931024,99.89453125
08:01:23,91282CKK6,TSRYS5793014,D,S,C,2024-04-25,30000000.00,4.930653,99.89523
08:01:24,91282CKK6,TSRYS5793014,D,S,C,2024-04-25,10000000.00,4.933768,99.88937
08:01:24,91282CKK6,TSRYS5793014,D,S,T,2024-04-25,1000000.00,4.925834,99.904296875
08:01:24,91282CKK6,TSRYS5793014,D,S,T,2024-04-25,2000000.00,4.926872,99.90234375
08:01:24,91282CKK6,TSRYS5793014,D,S,T,2024-04-25,1000000.00,4.926872,99.90234375
08:01:24,91282CKK6,TSRYS5793014,D,S,T,2024-04-25,3000000.00,4.92791,99.900390625
08:01:25,91282CKK6,TSRYS5793014,D,B,C,2024-04-25,2000000.00,4.929986,99.89648437
08:01:25,91282CKK6,TSRYS5793014,D,B,C,2024-04-25,2000000.00,4.929986,99.89648437
08:01:25,91282CKK6,TSRYS5793014,D,B,A,2024-04-25,1000000.00,4.926872,99.90234375
08:01:25,91282CKK6,TSRYS5793014,D,B,C,2024-04-25,6000000.00,4.92272,99.91015625
08:01:25,91282CKK6,TSRYS5793014,D,B,C,2024-04-25,3000000.00,4.92272,99.91015625
08:01:25,91282CKK6,TSRYS5793014,D,B,C,2024-04-25,2000000.00,4.92272,99.91015625
08:01:25,91282CKK6,TSRYS5793014,D,S,C,2024-04-25,20000000.00,4.934805,99.88742
08:01:25,91282CKK6,TSRYS5793014,D,B,C,2024-04-25,5000000.00,4.937254,99.8828125
08:01:25,91282CKK6,TSRYS5793014,D,B,C,2024-04-25,6000000.00,4.92272,99.91015625
08:01:26,91282CKK6,TSRYS5793014,D,B,C,2024-04-25,1000000.00,4.92272,99.91015625
08:01:26,91282CKK6,TSRYS5793014,D,B,C,2024-04-25,2000000.00,4.92272,99.91015625
08:01:26,91282CKK6,TSRYS5793014,D,S,C,2024-04-25,20000000.00,4.936883,99.88351
08:01:26,91282CKK6,TSRYS5793014,D,B,C,2024-04-25,6000000.00,4.92272,99.91015625
08:01:26,91282CKK6,TSRYS5793014,D,B,C,2024-04-25,1000000.00,4.92272,99.91015625
08:01:26,91282CKK6,TSRYS5793014,D,B,C,2024-04-25,2000000.00,4.926872,99.90234375
08:01:26,91282CKK6,TSRYS5793014,D,B,C,2024-04-25,2000000.00,4.92272,99.91015625
08:01:26,91282CKK6,TSRYS5793014,D,B,C,2024-04-25,1000000.00,4.92272,99.91015625
08:01:27,91282CKK6,TSRYS5793014,D,S,T,2024-04-25,3000000.00,4.924796,99.90625
08:01:27,91282CKK6,TSRYS5793014,D,S,T,2024-04-25,3000000.00,4.926872,99.90234375
08:01:27,91282CKK6,TSRYS5793014,D,S,T,2024-04-25,1000000.00,4.925834,99.904296875
08:01:27,91282CKK6,TSRYS5793014,D,S,T,2024-04-25,1000000.00,4.926872,99.90234375
08:01:27,91282CKK6,TSRYS5793014,D,S,T,2024-04-25,1000000.00,4.926872,99.90234375
08:01:27,91282CKK6,TSRYS5793014,D,S,T,2024-04-25,1000000.00,4.926872,99.90234375
08:01:27,91282CKK6,TSRYS5793014,D,S,D,2024-04-25,1000000.00,4.926872,99.90234375
08:01:27,91282CKK6,TSRYS5793014,D,S,T,2024-04-25,1000000.00,4.926872,99.90234375
08:01:28,91282CKK6,TSRYS5793014,D,S,T,2024-04-25,1000000.00,4.926872,99.90234375
08:01:28,91282CKK6,TSRYS5793014,D,S,D,2024-04-25,1000000.00,4.926872,99.90234375
08:01:28,91282CKK6,TSRYS5793014,D,S,T,2024-04-25,1000000.00,4.926872,99.90234375
08:01:28,91282CKK6,TSRYS5793014,D,B,C,2024-04-25,1000000.00,4.928948,99.8984375
08:01:28,91282CKK6,TSRYS5793014,D,S,C,2024-04-25,1000000.00,4.928948,99.8984375
08:01:28,91282CKK6,TSRYS5793014,D,S,C,2024-04-25,1000000.00,4.928948,99.8984375
08:01:28,91282CKK6,TSRYS5793014,D,B,C,2024-04-25,1000000.00,4.928948,99.8984375
08:01:28,91282CKK6,TSRYS5793014,D,S,T,2024-04-25,1000000.00,4.925834,99.904296875
08:01:28,91282CKK6,TSRYS5793014,D,S,T,2024-04-25,1000000.00,4.926872,99.90234375
08:01:28,91282CKK6,TSRYS5793014,D,S,T,2024-04-25,1000000.00,4.925834,99.904296875
08:01:28,91282CKK6,TSRYS5793014,D,B,C,2024-04-25,1000000.00,4.929986,99.896484375
08:01:28,91282CKK6,TSRYS5793014,D,S,C,2024-04-25,1000000.00,4.929986,99.896484375
08:01:28,91282CKK6,TSRYS5793014,D,B,C,2024-04-25,1000000.00,4.926872,99.90234375
08:01:28,91282CKK6,TSRYS5793014,D,S,D,2024-04-25,1000000.00,4.929986,99.896484375
08:01:28,91282CKK6,TSRYS5793014,D,B,C,2024-04-25,1000000.00,4.929986,99.896484375
08:01:28,91282CKK6,TSRYS5793014,D,S,D,2024-04-25,1000000.00,4.929986,99.896484375
08:01:28,91282CKK6,TSRYS5793014,D,S,D,2024-04-25,1000000.00,4.926872,99.90234375
08:01:28,91282CKK6,TSRYS5793014,D,S,T,2024-04-25,1000000.00,4.926872,99.90234375
08:01:28,91282CKK6,TSRYS5793014,D,B,C,2024-04-25,1000000.00,4.934139,99.88867187
08:01:28,91282CKK6,TSRYS5793014,D,S,D,2024-04-25,2000000.00,4.926872,99.90234375
08:01:28,91282CKK6,TSRYS5793014,D,S,D,2024-04-25,1000000.00,4.928948,99.8984375
08:01:28,91282CKK6,TSRYS5793014,D,B,C,2024-04-25,1000000.00,4.929986,99.896484375
08:01:28,91282CKK6,TSRYS5793014,D,S,C,2024-04-25,1000000.00,4.929986,99.896684375
08:01:28,91282CKK6,TSRYS5793014,D,B,C,2024-04-25,1000000.00,4.92791,99.900390625
08:01:28,91282CKK6,TSRYS5793014,D,S,D,2024-04-25,1000000.00,4.92791,99.900390625
08:01:28,91282CKK6,TSRYS5793014,D,B,C,2024-04-25,1000000.00,4.92791,99.900390625
08:01:28,91282CKK6,TSRYS5793014,D,S,D,2024-04-25,1000000.00,4.92791,99.900390625
08:01:28,91282CKK6,TSRYS5793014,D,B,C,2024-04-25,1000000.00,4.92791,99.900390625
08:01:28,91282CKK6,TSRYS5793014,D,B,C,2024-04-25,1000000.00,4.92791,99.900390625
08:01:28,91282CKK6,TSRYS5793014,D,S,D,2024-04-25,1000000.00,4.92791,99.900390625
08:01:28,91282CKK6,TSRYS5793014,D,S,D,2024-04-25,1000000.00,4.92791,99.900390625
08:01:28,91282CKK6,TSRYS5793014,D,B,C,2024-04-25,1000000.00,4.92791,99.900390625
08:01:28,91282CKK6,TSRYS5793014,D,S,D,2024-04-25,1000000.00,4.92791,99.900390625
08:01:28,91282CKK6,TSRYS5793014,D,B,C,2024-04-25,1000000.00,4.92791,99.900390625
08:01:28,91282CKK6,TSRYS5793014,D,B,C,2024-04-25,1000000.00,4.92791,99.900390625
08:01:28,91282CKK6,TSRYS5793014,D,S,D,2024-04-25,1000000.00,4.92791,99.900390625
08:01:28,91282CKK6,TSRYS5793014,D,S,D,2024-04-25,1000000.00,4.92791,99.900390625
08:01:28,91282CKK6,TSRYS5793014,D,B,C,2024-04-25,1000000.00,4.92791,99.900390625
08:01:28,91282CKK6,TSRYS5793014,D,S,D,2024-04-25,1000000.00,4.92791,99.900390625
08:01:28,91282CKK6,TSRYS5793014,D,B,C,2024-04-25,1000000.00,4.92791,99.900390625
08:01:28,91282CKK6,TSRYS5793014,D,S,D,2024-04-25,1000000.00,4.92791,99.900390625
08:01:28,91282CKK6,TSRYS5793014,D,S,D,2024-04-25,2000000.00,4.92791,99.900390625
08:01:28,91282CKK6,TSRYS5793014,D,S,D,2024-04-25,2000000.00,4.92791,99.900390625
08:01:28,91282CKK6,TSRYS5793014,D,S,D,2024-04-25,2000000.00,4.92791,99.900390625
08:01:28,91282CKK6,TSRYS5793014,D,B,C,2024-04-25,1000000.00,4.934139,99.88867187
08:01:29,91282CKK6,TSRYS5793014,D,S,A,2024-04-25,20000000.00,4.924796,99.90625
08:01:29,91282CKK6,TSRYS5793014,D,B,C,2024-04-25,1000000.00,4.934139,99.88867187
08:01:29,91282CKK6,TSRYS5793014,D,B,C,2024-04-25,1000000.00,4.934139,99.88867187
08:01:29,91282CKK6,TSRYS5793014,D,B,C,2024-04-25,3000000.00,4.92791,99.90039062
08:01:29,91282CKK6,TSRYS5793014,D,B,C,2024-04-25,1000000.00,4.934139,99.88867187
