tradeTime,cusip,issueSymbolIdentifier,priceType,reportingSideCode,contraPartyTypeCode,tradeDate,reportedTradeVolume,lastSaleYield,lastSalePrice
08:00:05,91282CKN0,TSRYS5793018,D,S,T,2024-05-09,2000000.00,4.5091,100.685546875
08:00:05,91282CKN0,TSRYS5793018,D,S,D,2024-05-09,1000000.00,4.5091,100.685546875
08:00:05,91282CKN0,TSRYS5793018,D,S,D,2024-05-09,1000000.00,4.5091,100.685546875
08:00:05,91282CKN0,TSRYS5793018,D,S,T,2024-05-09,1000000.00,4.511398,100.671875
08:00:05,91282CKN0,TSRYS5793018,D,S,D,2024-05-09,1000000.00,4.506147,100.703125
08:00:05,91282CKN0,TSRYS5793018,D,S,T,2024-05-09,1000000.00,4.515666,100.646484375
08:00:05,91282CKN0,TSRYS5793018,D,S,T,2024-05-09,1000000.00,4.513368,100.66015625
08:00:09,91282CKN0,TSRYS5793018,D,S,D,2024-05-09,1000000.00,4.517308,100.63671875
08:00:09,91282CKN0,TSRYS5793018,D,S,D,2024-05-09,1000000.00,4.517308,100.63671875
08:00:09,91282CKN0,TSRYS5793018,D,S,D,2024-05-09,1000000.00,4.517308,100.63671875
08:00:09,91282CKN0,TSRYS5793018,D,S,D,2024-05-09,1000000.00,4.517308,100.63671875
08:00:09,91282CKN0,TSRYS5793018,D,S,D,2024-05-09,1000000.00,4.515338,100.6484375
08:00:09,91282CKN0,TSRYS5793018,D,S,D,2024-05-09,2000000.00,4.515338,100.6484375
08:00:09,91282CKN0,TSRYS5793018,D,S,D,2024-05-09,1000000.00,4.515338,100.6484375
08:00:09,91282CKN0,TSRYS5793018,D,S,D,2024-05-09,1000000.00,4.515338,100.6484375
08:00:09,91282CKN0,TSRYS5793018,D,S,D,2024-05-09,1000000.00,4.515338,100.6484375
08:00:09,91282CKN0,TSRYS5793018,D,S,D,2024-05-09,2000000.00,4.515338,100.6484375
08:00:09,91282CKN0,TSRYS5793018,D,S,D,2024-05-09,1000000.00,4.515338,100.6484375
08:00:09,91282CKN0,TSRYS5793018,D,S,D,2024-05-09,1000000.00,4.515338,100.6484375
08:00:09,91282CKN0,TSRYS5793018,D,S,D,2024-05-09,2000000.00,4.515338,100.6484375
08:00:09,91282CKN0,TSRYS5793018,D,S,D,2024-05-09,1000000.00,4.515338,100.6484375
08:00:09,91282CKN0,TSRYS5793018,D,S,T,2024-05-09,1000000.00,4.516652,100.640625
08:00:09,91282CKN0,TSRYS5793018,D,S,D,2024-05-09,2000000.00,4.515995,100.64453125
08:00:09,91282CKN0,TSRYS5793018,D,S,D,2024-05-09,2000000.00,4.515995,100.64453125
08:00:09,91282CKN0,TSRYS5793018,D,S,D,2024-05-09,2000000.00,4.515995,100.64453125
08:00:09,91282CKN0,TSRYS5793018,D,S,D,2024-05-09,2000000.00,4.515995,100.64453125
08:00:09,91282CKN0,TSRYS5793018,D,S,T,2024-05-09,1000000.00,4.515995,100.64453125
08:00:09,91282CKN0,TSRYS5793018,D,S,D,2024-05-09,1000000.00,4.515995,100.64453125
08:00:09,91282CKN0,TSRYS5793018,D,S,D,2024-05-09,1000000.00,4.513696,100.658203125
08:00:09,91282CKN0,TSRYS5793018,D,S,D,2024-05-09,1000000.00,4.513696,100.658203125
08:00:09,91282CKN0,TSRYS5793018,D,S,D,2024-05-09,1000000.00,4.513696,100.658203125
08:00:09,91282CKN0,TSRYS5793018,D,S,D,2024-05-09,1000000.00,4.517308,100.63671875
08:00:09,91282CKN0,TSRYS5793018,D,S,D,2024-05-09,1000000.00,4.517308,100.63671875
08:00:09,91282CKN0,TSRYS5793018,D,S,D,2024-05-09,1000000.00,4.517308,100.63671875
08:00:09,91282CKN0,TSRYS5793018,D,S,D,2024-05-09,2000000.00,4.516652,100.640625
08:00:09,91282CKN0,TSRYS5793018,D,S,D,2024-05-09,480000.00,4.514681,100.65234375
08:00:09,91282CKN0,TSRYS5793018,D,S,T,2024-05-09,3000000.00,4.514681,100.65234375
08:00:09,91282CKN0,TSRYS5793018,D,S,D,2024-05-09,2000000.00,4.515995,100.64453125
08:00:09,91282CKN0,TSRYS5793018,D,S,D,2024-05-09,1000000.00,4.515995,100.64453125
08:00:09,91282CKN0,TSRYS5793018,D,S,D,2024-05-09,1000000.00,4.512055,100.66796875
08:00:09,91282CKN0,TSRYS5793018,D,S,D,2024-05-09,1000000.00,4.512055,100.66796875
08:00:09,91282CKN0,TSRYS5793018,D,S,D,2024-05-09,1000000.00,4.512055,100.66796875
08:00:09,91282CKN0,TSRYS5793018,D,S,T,2024-05-09,2000000.00,4.508772,100.6875
08:00:09,91282CKN0,TSRYS5793018,D,S,T,2024-05-09,1000000.00,4.508444,100.689453125
08:00:09,91282CKN0,TSRYS5793018,D,S,T,2024-05-09,1000000.00,4.508444,100.689453125
08:00:09,91282CKN0,TSRYS5793018,D,S,T,2024-05-09,1000000.00,4.508444,100.689453125
08:00:09,91282CKN0,TSRYS5793018,D,S,T,2024-05-09,1000000.00,4.508444,100.689453125
08:00:09,91282CKN0,TSRYS5793018,D,S,T,2024-05-09,1000000.00,4.508444,100.689453125
08:00:09,91282CKN0,TSRYS5793018,D,S,D,2024-05-09,1000000.00,4.508444,100.689453125
08:00:09,91282CKN0,TSRYS5793018,D,S,D,2024-05-09,1000000.00,4.508444,100.689453125
08:00:09,91282CKN0,TSRYS5793018,D,S,T,2024-05-09,2000000.00,4.508444,100.689453125
08:00:09,91282CKN0,TSRYS5793018,D,S,D,2024-05-09,1000000.00,4.508116,100.69140625
08:00:09,91282CKN0,TSRYS5793018,D,S,D,2024-05-09,1000000.00,4.508772,100.6875
08:00:09,91282CKN0,TSRYS5793018,D,S,T,2024-05-09,2000000.00,4.508772,100.6875
08:00:09,91282CKN0,TSRYS5793018,D,S,T,2024-05-09,1000000.00,4.508772,100.6875
08:00:10,91282CKN0,TSRYS5793018,D,S,T,2024-05-09,1000000.00,4.500897,100.734375
08:00:10,91282CKN0,TSRYS5793018,D,S,T,2024-05-09,1000000.00,4.500897,100.734375
08:00:10,91282CKN0,TSRYS5793018,D,S,T,2024-05-09,1000000.00,4.503522,100.71875
08:00:10,91282CKN0,TSRYS5793018,D,S,T,2024-05-09,1000000.00,4.502866,100.72265625
08:00:10,91282CKN0,TSRYS5793018,D,S,T,2024-05-09,1000000.00,4.50549,100.70703125
08:00:10,91282CKN0,TSRYS5793018,D,S,T,2024-05-09,1000000.00,4.50549,100.70703125
08:00:10,91282CKN0,TSRYS5793018,D,S,T,2024-05-09,1000000.00,4.504834,100.7109375
08:00:10,91282CKN0,TSRYS5793018,D,S,T,2024-05-09,1000000.00,4.510742,100.67578125
08:00:10,91282CKN0,TSRYS5793018,D,S,T,2024-05-09,1000000.00,4.510413,100.677734375
08:00:10,91282CKN0,TSRYS5793018,D,S,T,2024-05-09,1000000.00,4.514025,100.65625
08:00:10,91282CKN0,TSRYS5793018,D,S,D,2024-05-09,1000000.00,4.506147,100.703125
08:00:10,91282CKN0,TSRYS5793018,D,S,T,2024-05-09,1000000.00,4.506147,100.703125
08:00:10,91282CKN0,TSRYS5793018,D,S,T,2024-05-09,1000000.00,4.513368,100.66015625
08:00:10,91282CKN0,TSRYS5793018,D,S,D,2024-05-09,1000000.00,4.515666,100.646484375
08:00:10,91282CKN0,TSRYS5793018,D,S,T,2024-05-09,1000000.00,4.515666,100.646484375
08:00:10,91282CKN0,TSRYS5793018,D,S,D,2024-05-09,1000000.00,4.515995,100.64453125
08:00:10,91282CKN0,TSRYS5793018,D,S,D,2024-05-09,1000000.00,4.515995,100.64453125
08:00:10,91282CKN0,TSRYS5793018,D,S,T,2024-05-09,1000000.00,4.515995,100.64453125
08:00:10,91282CKN0,TSRYS5793018,D,S,T,2024-05-09,1000000.00,4.513368,100.66015625
08:00:10,91282CKN0,TSRYS5793018,D,S,T,2024-05-09,1000000.00,4.513368,100.66015625
08:00:14,91282CKN0,TSRYS5793018,D,S,D,2024-05-09,1000000.00,4.502866,100.72265625
08:00:14,91282CKN0,TSRYS5793018,D,S,D,2024-05-09,1000000.00,4.501553,100.73046875
08:00:16,91282CKN0,TSRYS5793018,D,S,D,2024-05-09,1000000.00,4.505162,100.708984375
08:00:16,91282CKN0,TSRYS5793018,D,S,D,2024-05-09,1000000.00,4.504506,100.712890625
08:00:16,91282CKN0,TSRYS5793018,D,S,D,2024-05-09,1000000.00,4.504506,100.712890625
08:00:17,91282CKN0,TSRYS5793018,D,S,D,2024-05-09,1000000.00,4.506147,100.703125
08:00:18,91282CKN0,TSRYS5793018,D,S,D,2024-05-09,2000000.00,4.5091,100.685546875
08:00:26,91282CKN0,TSRYS5793018,D,S,D,2024-05-09,1000000.00,4.509429,100.68359375
08:00:26,91282CKN0,TSRYS5793018,D,S,D,2024-05-09,1000000.00,4.509429,100.68359375
08:00:26,91282CKN0,TSRYS5793018,D,S,D,2024-05-09,1000000.00,4.509757,100.681640625
08:00:26,91282CKN0,TSRYS5793018,D,S,D,2024-05-09,1000000.00,4.509429,100.68359375
08:00:26,91282CKN0,TSRYS5793018,D,S,D,2024-05-09,2000000.00,4.509429,100.68359375
08:00:27,91282CKN0,TSRYS5793018,D,S,D,2024-05-09,1000000.00,4.5091,100.685546875
08:00:27,91282CKN0,TSRYS5793018,D,S,C,2024-05-09,1000000.00,4.508772,100.6875
08:00:28,91282CKN0,TSRYS5793018,D,S,C,2024-05-09,1000000.00,4.508772,100.6875
08:00:28,91282CKN0,TSRYS5793018,D,S,C,2024-05-09,1000000.00,4.508772,100.6875
08:00:28,91282CKN0,TSRYS5793018,D,S,C,2024-05-09,1000000.00,4.508772,100.6875
08:00:28,91282CKN0,TSRYS5793018,D,S,C,2024-05-09,1000000.00,4.508772,100.6875
08:00:28,91282CKN0,TSRYS5793018,D,S,C,2024-05-09,1000000.00,4.508772,100.6875
08:00:28,91282CKN0,TSRYS5793018,D,S,C,2024-05-09,1000000.00,4.508772,100.6875
08:00:28,91282CKN0,TSRYS5793018,D,S,C,2024-05-09,1000000.00,4.515666,100.646484375
08:00:28,91282CKN0,TSRYS5793018,D,B,A,2024-05-09,25770000.00,4.511398,100.671875
08:00:30,91282CKN0,TSRYS5793018,D,S,T,2024-05-09,1000000.00,4.500897,100.734375
08:00:30,91282CKN0,TSRYS5793018,D,S,T,2024-05-09,2000000.00,4.500897,100.734375
08:00:30,91282CKN0,TSRYS5793018,D,S,T,2024-05-09,1000000.00,4.500897,100.734375
08:00:30,91282CKN0,TSRYS5793018,D,S,T,2024-05-09,1000000.00,4.500897,100.734375
08:00:30,91282CKN0,TSRYS5793018,D,S,T,2024-05-09,2000000.00,4.500897,100.734375
08:00:30,91282CKN0,TSRYS5793018,D,S,T,2024-05-09,1000000.00,4.500897,100.734375
08:00:30,91282CKN0,TSRYS5793018,D,S,T,2024-05-09,1000000.00,4.500897,100.734375
08:00:30,91282CKN0,TSRYS5793018,D,S,T,2024-05-09,1000000.00,4.500897,100.734375
08:00:30,91282CKN0,TSRYS5793018,D,S,T,2024-05-09,1000000.00,4.501553,100.73046875
08:00:30,91282CKN0,TSRYS5793018,D,S,T,2024-05-09,1000000.00,4.501553,100.73046875
08:00:30,91282CKN0,TSRYS5793018,D,S,T,2024-05-09,1000000.00,4.501553,100.73046875
08:00:30,91282CKN0,TSRYS5793018,D,S,T,2024-05-09,1000000.00,4.501553,100.73046875
08:00:30,91282CKN0,TSRYS5793018,D,S,T,2024-05-09,1000000.00,4.503522,100.71875
08:00:30,91282CKN0,TSRYS5793018,D,S,T,2024-05-09,1000000.00,4.503522,100.71875
08:00:30,91282CKN0,TSRYS5793018,D,S,T,2024-05-09,1000000.00,4.503522,100.71875
08:00:30,91282CKN0,TSRYS5793018,D,S,T,2024-05-09,1000000.00,4.503522,100.71875
08:00:30,91282CKN0,TSRYS5793018,D,S,T,2024-05-09,1000000.00,4.503522,100.71875
08:00:30,91282CKN0,TSRYS5793018,D,S,T,2024-05-09,1000000.00,4.503522,100.71875
08:00:30,91282CKN0,TSRYS5793018,D,S,T,2024-05-09,1000000.00,4.50385,100.716796875
08:00:30,91282CKN0,TSRYS5793018,D,S,T,2024-05-09,1000000.00,4.50385,100.716796875
08:00:30,91282CKN0,TSRYS5793018,D,S,T,2024-05-09,1000000.00,4.500897,100.734375
08:00:30,91282CKN0,TSRYS5793018,D,S,T,2024-05-09,1000000.00,4.500897,100.734375
08:00:30,91282CKN0,TSRYS5793018,D,S,T,2024-05-09,2000000.00,4.501553,100.73046875
08:00:30,91282CKN0,TSRYS5793018,D,S,T,2024-05-09,1000000.00,4.500897,100.734375
08:00:30,91282CKN0,TSRYS5793018,D,S,T,2024-05-09,1000000.00,4.500897,100.734375
08:00:30,91282CKN0,TSRYS5793018,D,S,T,2024-05-09,1000000.00,4.500569,100.736328125
08:00:30,91282CKN0,TSRYS5793018,D,S,T,2024-05-09,1000000.00,4.500569,100.736328125
08:00:30,91282CKN0,TSRYS5793018,D,S,T,2024-05-09,2000000.00,4.501553,100.73046875
08:00:30,91282CKN0,TSRYS5793018,D,S,T,2024-05-09,2000000.00,4.50385,100.716796875
08:00:30,91282CKN0,TSRYS5793018,D,S,T,2024-05-09,1000000.00,4.504834,100.7109375
08:00:30,91282CKN0,TSRYS5793018,D,S,T,2024-05-09,1000000.00,4.503522,100.71875
08:00:30,91282CKN0,TSRYS5793018,D,S,T,2024-05-09,2000000.00,4.504834,100.7109375
08:00:30,91282CKN0,TSRYS5793018,D,S,T,2024-05-09,1000000.00,4.506147,100.703125
08:00:30,91282CKN0,TSRYS5793018,D,S,T,2024-05-09,1000000.00,4.508772,100.6875
08:00:30,91282CKN0,TSRYS5793018,D,S,T,2024-05-09,1000000.00,4.508772,100.6875
08:00:30,91282CKN0,TSRYS5793018,D,S,T,2024-05-09,1000000.00,4.508772,100.6875
08:00:30,91282CKN0,TSRYS5793018,D,S,T,2024-05-09,1000000.00,4.508772,100.6875
08:00:30,91282CKN0,TSRYS5793018,D,S,T,2024-05-09,1000000.00,4.508772,100.6875
08:00:30,91282CKN0,TSRYS5793018,D,S,T,2024-05-09,1000000.00,4.508772,100.6875
08:00:30,91282CKN0,TSRYS5793018,D,S,T,2024-05-09,1000000.00,4.509429,100.68359375
08:00:30,91282CKN0,TSRYS5793018,D,S,T,2024-05-09,1000000.00,4.5091,100.685546875
08:00:30,91282CKN0,TSRYS5793018,D,S,T,2024-05-09,1000000.00,4.508772,100.6875
08:00:30,91282CKN0,TSRYS5793018,D,S,T,2024-05-09,1000000.00,4.508772,100.6875
08:00:30,91282CKN0,TSRYS5793018,D,S,T,2024-05-09,1000000.00,4.508772,100.6875
08:00:30,91282CKN0,TSRYS5793018,D,S,T,2024-05-09,1000000.00,4.508772,100.6875
08:00:30,91282CKN0,TSRYS5793018,D,S,T,2024-05-09,2000000.00,4.511398,100.671875
08:00:30,91282CKN0,TSRYS5793018,D,S,T,2024-05-09,1000000.00,4.511398,100.671875
08:00:30,91282CKN0,TSRYS5793018,D,S,T,2024-05-09,1000000.00,4.511398,100.671875
08:00:30,91282CKN0,TSRYS5793018,D,S,T,2024-05-09,1000000.00,4.511398,100.671875
08:00:30,91282CKN0,TSRYS5793018,D,S,T,2024-05-09,1000000.00,4.511398,100.671875
08:00:30,91282CKN0,TSRYS5793018,D,S,T,2024-05-09,1000000.00,4.512711,100.6640625
08:00:30,91282CKN0,TSRYS5793018,D,S,T,2024-05-09,1000000.00,4.511398,100.671875
08:00:30,91282CKN0,TSRYS5793018,D,S,T,2024-05-09,1000000.00,4.510085,100.6796875
08:00:30,91282CKN0,TSRYS5793018,D,S,T,2024-05-09,1000000.00,4.509757,100.681640625
08:00:30,91282CKN0,TSRYS5793018,D,S,T,2024-05-09,1000000.00,4.509429,100.68359375
08:00:30,91282CKN0,TSRYS5793018,D,S,T,2024-05-09,1000000.00,4.509429,100.68359375
08:00:30,91282CKN0,TSRYS5793018,D,S,T,2024-05-09,1000000.00,4.509429,100.68359375
08:00:30,91282CKN0,TSRYS5793018,D,S,T,2024-05-09,2000000.00,4.509429,100.68359375
08:00:30,91282CKN0,TSRYS5793018,D,S,T,2024-05-09,3000000.00,4.511726,100.669921875
08:00:30,91282CKN0,TSRYS5793018,D,S,T,2024-05-09,2000000.00,4.511726,100.669921875
08:00:30,91282CKN0,TSRYS5793018,D,S,T,2024-05-09,1000000.00,4.511726,100.669921875
08:00:30,91282CKN0,TSRYS5793018,D,S,T,2024-05-09,1000000.00,4.511726,100.669921875
08:00:30,91282CKN0,TSRYS5793018,D,S,T,2024-05-09,1000000.00,4.514025,100.65625
08:00:30,91282CKN0,TSRYS5793018,D,S,T,2024-05-09,1000000.00,4.511398,100.671875
08:00:30,91282CKN0,TSRYS5793018,D,S,T,2024-05-09,1000000.00,4.511398,100.671875
08:00:30,91282CKN0,TSRYS5793018,D,S,T,2024-05-09,1000000.00,4.508772,100.6875
08:00:30,91282CKN0,TSRYS5793018,D,S,T,2024-05-09,1000000.00,4.508772,100.6875
08:00:30,91282CKN0,TSRYS5793018,D,S,T,2024-05-09,2000000.00,4.506147,100.703125
08:00:30,91282CKN0,TSRYS5793018,D,S,T,2024-05-09,1000000.00,4.508772,100.6875
08:00:30,91282CKN0,TSRYS5793018,D,S,T,2024-05-09,1000000.00,4.508772,100.6875
08:00:30,91282CKN0,TSRYS5793018,D,S,T,2024-05-09,1000000.00,4.508772,100.6875
08:00:30,91282CKN0,TSRYS5793018,D,S,T,2024-05-09,2000000.00,4.506147,100.703125
08:00:30,91282CKN0,TSRYS5793018,D,S,T,2024-05-09,1000000.00,4.506147,100.703125
08:00:30,91282CKN0,TSRYS5793018,D,S,T,2024-05-09,1000000.00,4.506147,100.703125
08:00:30,91282CKN0,TSRYS5793018,D,S,T,2024-05-09,2000000.00,4.506147,100.703125
08:00:30,91282CKN0,TSRYS5793018,D,S,T,2024-05-09,1000000.00,4.506147,100.703125
08:00:30,91282CKN0,TSRYS5793018,D,S,T,2024-05-09,2000000.00,4.508772,100.6875
08:00:30,91282CKN0,TSRYS5793018,D,S,T,2024-05-09,1000000.00,4.508772,100.6875
08:00:30,91282CKN0,TSRYS5793018,D,S,T,2024-05-09,1000000.00,4.509429,100.68359375
08:00:30,91282CKN0,TSRYS5793018,D,S,T,2024-05-09,1000000.00,4.508772,100.6875
08:00:30,91282CKN0,TSRYS5793018,D,S,T,2024-05-09,1000000.00,4.508772,100.6875
08:00:30,91282CKN0,TSRYS5793018,D,S,T,2024-05-09,1000000.00,4.514025,100.65625
08:00:30,91282CKN0,TSRYS5793018,D,S,T,2024-05-09,1000000.00,4.514025,100.65625
08:00:30,91282CKN0,TSRYS5793018,D,S,T,2024-05-09,1000000.00,4.514025,100.65625
08:00:30,91282CKN0,TSRYS5793018,D,S,T,2024-05-09,1000000.00,4.514025,100.65625
08:00:30,91282CKN0,TSRYS5793018,D,S,T,2024-05-09,2000000.00,4.514025,100.65625
08:00:30,91282CKN0,TSRYS5793018,D,S,T,2024-05-09,1000000.00,4.514025,100.65625
08:00:30,91282CKN0,TSRYS5793018,D,S,T,2024-05-09,1000000.00,4.514025,100.65625
08:00:30,91282CKN0,TSRYS5793018,D,S,T,2024-05-09,1000000.00,4.514025,100.65625
08:00:30,91282CKN0,TSRYS5793018,D,S,T,2024-05-09,2000000.00,4.511398,100.671875
08:00:30,91282CKN0,TSRYS5793018,D,S,T,2024-05-09,1000000.00,4.511398,100.671875
08:00:30,91282CKN0,TSRYS5793018,D,S,T,2024-05-09,1000000.00,4.511398,100.671875
08:00:30,91282CKN0,TSRYS5793018,D,S,D,2024-05-09,1000000.00,4.511398,100.671875
08:00:30,91282CKN0,TSRYS5793018,D,S,T,2024-05-09,2000000.00,4.514025,100.65625
08:00:30,91282CKN0,TSRYS5793018,D,S,T,2024-05-09,1000000.00,4.514353,100.654296875
08:00:30,91282CKN0,TSRYS5793018,D,S,T,2024-05-09,1000000.00,4.514025,100.65625
08:00:30,91282CKN0,TSRYS5793018,D,S,T,2024-05-09,1000000.00,4.514025,100.65625
08:00:30,91282CKN0,TSRYS5793018,D,S,T,2024-05-09,1000000.00,4.514025,100.65625
08:00:30,91282CKN0,TSRYS5793018,D,S,T,2024-05-09,1000000.00,4.514025,100.65625
08:00:30,91282CKN0,TSRYS5793018,D,S,T,2024-05-09,2000000.00,4.514025,100.65625
08:00:30,91282CKN0,TSRYS5793018,D,S,T,2024-05-09,2000000.00,4.514025,100.65625
08:00:30,91282CKN0,TSRYS5793018,D,S,T,2024-05-09,1000000.00,4.514025,100.65625
08:00:30,91282CKN0,TSRYS5793018,D,S,T,2024-05-09,1000000.00,4.514025,100.65625
08:00:30,91282CKN0,TSRYS5793018,D,S,T,2024-05-09,1000000.00,4.514025,100.65625
08:00:30,91282CKN0,TSRYS5793018,D,S,T,2024-05-09,2000000.00,4.516652,100.640625
08:00:30,91282CKN0,TSRYS5793018,D,S,T,2024-05-09,1000000.00,4.516652,100.640625
08:00:30,91282CKN0,TSRYS5793018,D,S,T,2024-05-09,1000000.00,4.516652,100.640625
08:00:30,91282CKN0,TSRYS5793018,D,S,T,2024-05-09,1000000.00,4.519279,100.625
08:00:30,91282CKN0,TSRYS5793018,D,S,T,2024-05-09,1000000.00,4.519279,100.625
08:00:30,91282CKN0,TSRYS5793018,D,S,T,2024-05-09,1000000.00,4.519279,100.625
08:00:30,91282CKN0,TSRYS5793018,D,S,T,2024-05-09,2000000.00,4.519279,100.625
08:00:30,91282CKN0,TSRYS5793018,D,S,T,2024-05-09,1000000.00,4.519279,100.625
08:00:30,91282CKN0,TSRYS5793018,D,S,T,2024-05-09,2000000.00,4.519279,100.625
08:00:30,91282CKN0,TSRYS5793018,D,S,T,2024-05-09,1000000.00,4.516652,100.640625
08:00:30,91282CKN0,TSRYS5793018,D,S,T,2024-05-09,1000000.00,4.516652,100.640625
08:00:30,91282CKN0,TSRYS5793018,D,S,T,2024-05-09,1000000.00,4.516652,100.640625
08:00:30,91282CKN0,TSRYS5793018,D,S,T,2024-05-09,2000000.00,4.516652,100.640625
08:00:30,91282CKN0,TSRYS5793018,D,S,T,2024-05-09,1000000.00,4.516652,100.640625
08:00:30,91282CKN0,TSRYS5793018,D,S,T,2024-05-09,1000000.00,4.516652,100.640625
08:00:30,91282CKN0,TSRYS5793018,D,S,T,2024-05-09,1000000.00,4.516652,100.640625
08:00:30,91282CKN0,TSRYS5793018,D,S,T,2024-05-09,1000000.00,4.516652,100.640625
08:00:30,91282CKN0,TSRYS5793018,D,S,T,2024-05-09,1000000.00,4.516652,100.640625
08:00:30,91282CKN0,TSRYS5793018,D,S,T,2024-05-09,1000000.00,4.516652,100.640625
08:00:30,91282CKN0,TSRYS5793018,D,S,T,2024-05-09,1000000.00,4.519279,100.625
08:00:30,91282CKN0,TSRYS5793018,D,S,T,2024-05-09,1000000.00,4.519279,100.625
08:00:30,91282CKN0,TSRYS5793018,D,S,T,2024-05-09,1000000.00,4.519279,100.625
08:00:30,91282CKN0,TSRYS5793018,D,S,T,2024-05-09,1000000.00,4.519279,100.625
08:00:30,91282CKN0,TSRYS5793018,D,S,T,2024-05-09,1000000.00,4.519279,100.625
08:00:30,91282CKN0,TSRYS5793018,D,S,T,2024-05-09,1000000.00,4.519279,100.625
08:00:30,91282CKN0,TSRYS5793018,D,S,T,2024-05-09,1000000.00,4.519279,100.625
08:00:30,91282CKN0,TSRYS5793018,D,S,T,2024-05-09,1000000.00,4.519607,100.623046875
08:00:30,91282CKN0,TSRYS5793018,D,S,T,2024-05-09,2000000.00,4.518951,100.626953125
08:00:30,91282CKN0,TSRYS5793018,D,S,T,2024-05-09,1000000.00,4.516652,100.640625
08:00:30,91282CKN0,TSRYS5793018,D,S,T,2024-05-09,1000000.00,4.516652,100.640625
08:00:30,91282CKN0,TSRYS5793018,D,S,T,2024-05-09,2000000.00,4.516652,100.640625
08:00:30,91282CKN0,TSRYS5793018,D,S,T,2024-05-09,2000000.00,4.516652,100.640625
08:00:30,91282CKN0,TSRYS5793018,D,S,T,2024-05-09,1000000.00,4.516652,100.640625
08:00:30,91282CKN0,TSRYS5793018,D,S,T,2024-05-09,1000000.00,4.516652,100.640625
08:00:30,91282CKN0,TSRYS5793018,D,S,T,2024-05-09,1000000.00,4.516652,100.640625
08:00:30,91282CKN0,TSRYS5793018,D,S,T,2024-05-09,1000000.00,4.516652,100.640625
08:00:30,91282CKN0,TSRYS5793018,D,S,T,2024-05-09,1000000.00,4.516652,100.640625
08:00:30,91282CKN0,TSRYS5793018,D,S,T,2024-05-09,1000000.00,4.516652,100.640625
08:00:30,91282CKN0,TSRYS5793018,D,S,T,2024-05-09,1000000.00,4.516652,100.640625
08:00:30,91282CKN0,TSRYS5793018,D,S,T,2024-05-09,1000000.00,4.516652,100.640625
08:00:30,91282CKN0,TSRYS5793018,D,S,T,2024-05-09,1000000.00,4.516652,100.640625
08:00:30,91282CKN0,TSRYS5793018,D,S,T,2024-05-09,1000000.00,4.516652,100.640625
08:00:30,91282CKN0,TSRYS5793018,D,S,T,2024-05-09,1000000.00,4.516652,100.640625
08:00:30,91282CKN0,TSRYS5793018,D,S,T,2024-05-09,1000000.00,4.516652,100.640625
08:00:30,91282CKN0,TSRYS5793018,D,S,T,2024-05-09,1000000.00,4.516652,100.640625
08:00:30,91282CKN0,TSRYS5793018,D,S,T,2024-05-09,1000000.00,4.516652,100.640625
08:00:30,91282CKN0,TSRYS5793018,D,S,T,2024-05-09,1000000.00,4.516652,100.640625
08:00:30,91282CKN0,TSRYS5793018,D,S,T,2024-05-09,1000000.00,4.516652,100.640625
08:00:30,91282CKN0,TSRYS5793018,D,S,T,2024-05-09,2000000.00,4.516652,100.640625
08:00:30,91282CKN0,TSRYS5793018,D,S,T,2024-05-09,1000000.00,4.516652,100.640625
08:00:30,91282CKN0,TSRYS5793018,D,S,T,2024-05-09,1000000.00,4.516652,100.640625
08:00:30,91282CKN0,TSRYS5793018,D,S,T,2024-05-09,1000000.00,4.516652,100.640625
08:00:30,91282CKN0,TSRYS5793018,D,S,T,2024-05-09,1000000.00,4.516652,100.640625
08:00:30,91282CKN0,TSRYS5793018,D,S,T,2024-05-09,1000000.00,4.516652,100.640625
08:00:30,91282CKN0,TSRYS5793018,D,S,T,2024-05-09,2000000.00,4.516652,100.640625
08:00:30,91282CKN0,TSRYS5793018,D,S,T,2024-05-09,2000000.00,4.516652,100.640625
08:00:30,91282CKN0,TSRYS5793018,D,S,T,2024-05-09,2000000.00,4.516652,100.640625
08:00:30,91282CKN0,TSRYS5793018,D,S,T,2024-05-09,2000000.00,4.511398,100.671875
08:00:30,91282CKN0,TSRYS5793018,D,S,T,2024-05-09,2000000.00,4.508772,100.6875
08:00:30,91282CKN0,TSRYS5793018,D,S,T,2024-05-09,1000000.00,4.508772,100.6875
08:00:30,91282CKN0,TSRYS5793018,D,S,T,2024-05-09,1000000.00,4.508772,100.6875
08:00:30,91282CKN0,TSRYS5793018,D,S,T,2024-05-09,2000000.00,4.508772,100.6875
08:00:30,91282CKN0,TSRYS5793018,D,S,T,2024-05-09,2000000.00,4.508772,100.6875
08:00:30,91282CKN0,TSRYS5793018,D,S,T,2024-05-09,1000000.00,4.516652,100.640625
08:00:30,91282CKN0,TSRYS5793018,D,S,T,2024-05-09,1000000.00,4.511398,100.671875
08:00:30,91282CKN0,TSRYS5793018,D,S,T,2024-05-09,1000000.00,4.511726,100.669921875
08:00:30,91282CKN0,TSRYS5793018,D,S,D,2024-05-09,1000000.00,4.511398,100.671875
08:00:30,91282CKN0,TSRYS5793018,D,S,T,2024-05-09,1000000.00,4.511726,100.669921875
08:00:30,91282CKN0,TSRYS5793018,D,S,T,2024-05-09,1000000.00,4.512055,100.66796875
08:00:30,91282CKN0,TSRYS5793018,D,S,T,2024-05-09,1000000.00,4.509429,100.68359375
08:00:30,91282CKN0,TSRYS5793018,D,S,T,2024-05-09,1000000.00,4.511726,100.669921875
08:00:30,91282CKN0,TSRYS5793018,D,S,T,2024-05-09,1000000.00,4.512055,100.66796875
08:00:34,91282CKN0,TSRYS5793018,D,S,T,2024-05-09,2000000.00,4.514025,100.65625
08:00:34,91282CKN0,TSRYS5793018,D,S,T,2024-05-09,2000000.00,4.514025,100.65625
08:00:34,91282CKN0,TSRYS5793018,D,S,T,2024-05-09,1000000.00,4.516652,100.640625
08:00:34,91282CKN0,TSRYS5793018,D,S,T,2024-05-09,4000000.00,4.51698,100.638671875
08:00:34,91282CKN0,TSRYS5793018,D,S,T,2024-05-09,1000000.00,4.51698,100.638671875
08:00:34,91282CKN0,TSRYS5793018,D,S,T,2024-05-09,1000000.00,4.514025,100.65625
08:00:34,91282CKN0,TSRYS5793018,D,S,T,2024-05-09,1000000.00,4.514025,100.65625
08:00:34,91282CKN0,TSRYS5793018,D,S,T,2024-05-09,2000000.00,4.514025,100.65625
08:00:34,91282CKN0,TSRYS5793018,D,S,T,2024-05-09,1000000.00,4.515338,100.6484375
08:00:34,91282CKN0,TSRYS5793018,D,S,T,2024-05-09,2000000.00,4.517965,100.6328125
08:00:34,91282CKN0,TSRYS5793018,D,S,T,2024-05-09,1000000.00,4.516652,100.640625
08:00:34,91282CKN0,TSRYS5793018,D,S,T,2024-05-09,1000000.00,4.516652,100.640625
08:00:34,91282CKN0,TSRYS5793018,D,S,T,2024-05-09,1000000.00,4.516652,100.640625
08:00:34,91282CKN0,TSRYS5793018,D,S,T,2024-05-09,5000000.00,4.516652,100.640625
08:00:34,91282CKN0,TSRYS5793018,D,S,T,2024-05-09,2000000.00,4.516652,100.640625
08:00:34,91282CKN0,TSRYS5793018,D,S,T,2024-05-09,1000000.00,4.516652,100.640625
08:00:34,91282CKN0,TSRYS5793018,D,S,T,2024-05-09,1000000.00,4.516652,100.640625
08:00:34,91282CKN0,TSRYS5793018,D,S,T,2024-05-09,2000000.00,4.514353,100.654296875
08:00:34,91282CKN0,TSRYS5793018,D,S,T,2024-05-09,2000000.00,4.514025,100.65625
08:00:34,91282CKN0,TSRYS5793018,D,S,T,2024-05-09,1000000.00,4.514025,100.65625
08:00:34,91282CKN0,TSRYS5793018,D,S,T,2024-05-09,1000000.00,4.514025,100.65625
08:00:34,91282CKN0,TSRYS5793018,D,S,T,2024-05-09,1000000.00,4.515338,100.6484375
08:00:34,91282CKN0,TSRYS5793018,D,S,T,2024-05-09,2000000.00,4.515338,100.6484375
08:00:34,91282CKN0,TSRYS5793018,D,S,T,2024-05-09,2000000.00,4.515338,100.6484375
08:00:34,91282CKN0,TSRYS5793018,D,S,T,2024-05-09,2000000.00,4.514025,100.65625
08:00:34,91282CKN0,TSRYS5793018,D,S,T,2024-05-09,1000000.00,4.511398,100.671875
08:00:34,91282CKN0,TSRYS5793018,D,S,T,2024-05-09,1000000.00,4.511398,100.671875
08:00:34,91282CKN0,TSRYS5793018,D,S,T,2024-05-09,1000000.00,4.511398,100.671875
08:00:34,91282CKN0,TSRYS5793018,D,S,T,2024-05-09,1000000.00,4.511398,100.671875
08:00:34,91282CKN0,TSRYS5793018,D,S,T,2024-05-09,1000000.00,4.511398,100.671875
08:00:34,91282CKN0,TSRYS5793018,D,S,T,2024-05-09,1000000.00,4.511398,100.671875
08:00:34,91282CKN0,TSRYS5793018,D,S,T,2024-05-09,2000000.00,4.511398,100.671875
08:00:34,91282CKN0,TSRYS5793018,D,S,T,2024-05-09,1000000.00,4.509429,100.68359375
08:00:34,91282CKN0,TSRYS5793018,D,S,T,2024-05-09,2000000.00,4.508772,100.6875
08:00:34,91282CKN0,TSRYS5793018,D,S,T,2024-05-09,1000000.00,4.509429,100.68359375
08:00:34,91282CKN0,TSRYS5793018,D,S,D,2024-05-09,1000000.00,4.508444,100.689453125
08:00:34,91282CKN0,TSRYS5793018,D,S,D,2024-05-09,1000000.00,4.501553,100.73046875
08:00:34,91282CKN0,TSRYS5793018,D,S,D,2024-05-09,1000000.00,4.504506,100.712890625
08:00:34,91282CKN0,TSRYS5793018,D,S,D,2024-05-09,2000000.00,4.5091,100.685546875
08:00:34,91282CKN0,TSRYS5793018,D,S,D,2024-05-09,2000000.00,4.509429,100.68359375
08:00:34,91282CKN0,TSRYS5793018,D,S,D,2024-05-09,1000000.00,4.5091,100.685546875
08:00:34,91282CKN0,TSRYS5793018,D,S,D,2024-05-09,1000000.00,4.506147,100.703125
08:00:34,91282CKN0,TSRYS5793018,D,S,D,2024-05-09,1000000.00,4.506147,100.703125
08:00:34,91282CKN0,TSRYS5793018,D,S,D,2024-05-09,1000000.00,4.506475,100.701171875
08:00:34,91282CKN0,TSRYS5793018,D,S,D,2024-05-09,1000000.00,4.502537,100.724609375
08:00:34,91282CKN0,TSRYS5793018,D,S,D,2024-05-09,1000000.00,4.508772,100.6875
08:00:34,91282CKN0,TSRYS5793018,D,S,D,2024-05-09,2000000.00,4.516652,100.640625
08:00:34,91282CKN0,TSRYS5793018,D,S,D,2024-05-09,2000000.00,4.515995,100.64453125
08:00:34,91282CKN0,TSRYS5793018,D,S,D,2024-05-09,1000000.00,4.51304,100.662109375
08:00:34,91282CKN0,TSRYS5793018,D,S,D,2024-05-09,1000000.00,4.510742,100.67578125
08:00:34,91282CKN0,TSRYS5793018,D,S,D,2024-05-09,1000000.00,4.508444,100.689453125
08:00:34,91282CKN0,TSRYS5793018,D,S,D,2024-05-09,5000000.00,4.504178,100.71484375
08:00:34,91282CKN0,TSRYS5793018,D,S,D,2024-05-09,5000000.00,4.504178,100.71484375
08:00:34,91282CKN0,TSRYS5793018,D,S,D,2024-05-09,1000000.00,4.51698,100.638671875
08:00:34,91282CKN0,TSRYS5793018,D,S,D,2024-05-09,2000000.00,4.515995,100.64453125
08:00:34,91282CKN0,TSRYS5793018,D,S,D,2024-05-09,1000000.00,4.515995,100.64453125
08:00:34,91282CKN0,TSRYS5793018,D,S,D,2024-05-09,1000000.00,4.515995,100.64453125
08:00:34,91282CKN0,TSRYS5793018,D,S,D,2024-05-09,2000000.00,4.515995,100.64453125
08:00:34,91282CKN0,TSRYS5793018,D,S,D,2024-05-09,1000000.00,4.515995,100.64453125
08:00:34,91282CKN0,TSRYS5793018,D,S,D,2024-05-09,1000000.00,4.513696,100.658203125
08:00:34,91282CKN0,TSRYS5793018,D,S,D,2024-05-09,1000000.00,4.51698,100.638671875
08:00:34,91282CKN0,TSRYS5793018,D,S,D,2024-05-09,1000000.00,4.517308,100.63671875
08:00:34,91282CKN0,TSRYS5793018,D,S,D,2024-05-09,1000000.00,4.517308,100.63671875
08:00:34,91282CKN0,TSRYS5793018,D,S,D,2024-05-09,1000000.00,4.512711,100.6640625
08:00:34,91282CKN0,TSRYS5793018,D,S,D,2024-05-09,1000000.00,4.515338,100.6484375
08:00:34,91282CKN0,TSRYS5793018,D,S,D,2024-05-09,1000000.00,4.515338,100.6484375
08:00:34,91282CKN0,TSRYS5793018,D,S,D,2024-05-09,1000000.00,4.512055,100.66796875
08:00:34,91282CKN0,TSRYS5793018,D,S,D,2024-05-09,1000000.00,4.512055,100.66796875
08:00:34,91282CKN0,TSRYS5793018,D,S,D,2024-05-09,1000000.00,4.511726,100.669921875
08:00:34,91282CKN0,TSRYS5793018,D,S,D,2024-05-09,1000000.00,4.511726,100.669921875
08:00:34,91282CKN0,TSRYS5793018,D,S,D,2024-05-09,1000000.00,4.511726,100.669921875
08:00:34,91282CKN0,TSRYS5793018,D,S,D,2024-05-09,1000000.00,4.511726,100.669921875
08:00:34,91282CKN0,TSRYS5793018,D,S,D,2024-05-09,1000000.00,4.508444,100.689453125
08:00:34,91282CKN0,TSRYS5793018,D,S,D,2024-05-09,2000000.00,4.508444,100.689453125
08:00:34,91282CKN0,TSRYS5793018,D,S,D,2024-05-09,1000000.00,4.508444,100.689453125
08:00:34,91282CKN0,TSRYS5793018,D,S,D,2024-05-09,1000000.00,4.508444,100.689453125
08:00:34,91282CKN0,TSRYS5793018,D,S,D,2024-05-09,1000000.00,4.508444,100.689453125
08:00:34,91282CKN0,TSRYS5793018,D,S,D,2024-05-09,1000000.00,4.508444,100.689453125
08:00:34,91282CKN0,TSRYS5793018,D,S,D,2024-05-09,1000000.00,4.508444,100.689453125
08:00:34,91282CKN0,TSRYS5793018,D,S,D,2024-05-09,1000000.00,4.508444,100.689453125
08:00:34,91282CKN0,TSRYS5793018,D,S,D,2024-05-09,1000000.00,4.508444,100.689453125
08:00:34,91282CKN0,TSRYS5793018,D,S,D,2024-05-09,1000000.00,4.508444,100.689453125
08:00:34,91282CKN0,TSRYS5793018,D,S,D,2024-05-09,1000000.00,4.508444,100.689453125
08:00:34,91282CKN0,TSRYS5793018,D,S,D,2024-05-09,1000000.00,4.508444,100.689453125
08:00:34,91282CKN0,TSRYS5793018,D,S,D,2024-05-09,1000000.00,4.51107,100.673828125
08:00:34,91282CKN0,TSRYS5793018,D,S,D,2024-05-09,2000000.00,4.508444,100.689453125
08:00:34,91282CKN0,TSRYS5793018,D,S,T,2024-05-09,1000000.00,4.500569,100.736328125
08:00:34,91282CKN0,TSRYS5793018,D,S,T,2024-05-09,2000000.00,4.5091,100.685546875
08:00:34,91282CKN0,TSRYS5793018,D,S,T,2024-05-09,2000000.00,4.5091,100.685546875
08:00:34,91282CKN0,TSRYS5793018,D,S,T,2024-05-09,1000000.00,4.508116,100.69140625
08:00:34,91282CKN0,TSRYS5793018,D,S,T,2024-05-09,1000000.00,4.5091,100.685546875
08:00:34,91282CKN0,TSRYS5793018,D,S,T,2024-05-09,1000000.00,4.507788,100.693359375
08:00:34,91282CKN0,TSRYS5793018,D,S,T,2024-05-09,1000000.00,4.514353,100.654296875
08:00:34,91282CKN0,TSRYS5793018,D,S,T,2024-05-09,1000000.00,4.514353,100.654296875
08:00:34,91282CKN0,TSRYS5793018,D,S,T,2024-05-09,2000000.00,4.515666,100.646484375
08:00:34,91282CKN0,TSRYS5793018,D,S,T,2024-05-09,1000000.00,4.519279,100.625
08:00:34,91282CKN0,TSRYS5793018,D,S,T,2024-05-09,1000000.00,4.519279,100.625
08:00:34,91282CKN0,TSRYS5793018,D,S,T,2024-05-09,2000000.00,4.515995,100.64453125
08:00:34,91282CKN0,TSRYS5793018,D,S,T,2024-05-09,1000000.00,4.515995,100.64453125
08:00:34,91282CKN0,TSRYS5793018,D,S,T,2024-05-09,1000000.00,4.515995,100.64453125
08:00:34,91282CKN0,TSRYS5793018,D,S,T,2024-05-09,2000000.00,4.515995,100.64453125
08:00:34,91282CKN0,TSRYS5793018,D,S,T,2024-05-09,2000000.00,4.508772,100.6875
08:00:34,91282CKN0,TSRYS5793018,D,S,T,2024-05-09,1000000.00,4.511398,100.671875
08:00:34,91282CKN0,TSRYS5793018,D,S,T,2024-05-09,1000000.00,4.511398,100.671875
08:00:34,91282CKN0,TSRYS5793018,D,S,T,2024-05-09,2000000.00,4.515338,100.6484375
08:00:34,91282CKN0,TSRYS5793018,D,S,T,2024-05-09,2000000.00,4.515338,100.6484375
08:00:34,91282CKN0,TSRYS5793018,D,S,T,2024-05-09,1000000.00,4.514353,100.654296875
08:00:34,91282CKN0,TSRYS5793018,D,S,T,2024-05-09,1000000.00,4.514353,100.654296875
08:00:34,91282CKN0,TSRYS5793018,D,S,T,2024-05-09,3000000.00,4.515338,100.6484375
08:00:34,91282CKN0,TSRYS5793018,D,S,T,2024-05-09,1000000.00,4.512711,100.6640625
08:00:34,91282CKN0,TSRYS5793018,D,S,T,2024-05-09,1000000.00,4.514025,100.65625
08:00:34,91282CKN0,TSRYS5793018,D,S,T,2024-05-09,1000000.00,4.508772,100.6875
08:00:34,91282CKN0,TSRYS5793018,D,S,D,2024-05-09,2000000.00,4.516652,100.640625
08:00:34,91282CKN0,TSRYS5793018,D,S,D,2024-05-09,1000000.00,4.519607,100.623046875
08:00:34,91282CKN0,TSRYS5793018,D,S,D,2024-05-09,13000000.00,4.687892,99.62836
08:00:34,91282CKN0,TSRYS5793018,D,S,A,2024-05-09,500000.00,4.508772,100.6875
08:00:34,91282CKN0,TSRYS5793018,D,B,A,2024-05-09,478700.00,4.502209,100.7265625
08:00:34,91282CKN0,TSRYS5793018,D,S,T,2024-05-09,1000000.00,4.503522,100.71875
08:00:34,91282CKN0,TSRYS5793018,D,S,T,2024-05-09,1000000.00,4.508772,100.6875
08:00:34,91282CKN0,TSRYS5793018,D,S,T,2024-05-09,5000000.00,4.514353,100.654296875
08:00:34,91282CKN0,TSRYS5793018,D,S,T,2024-05-09,5000000.00,4.516652,100.640625
08:00:34,91282CKN0,TSRYS5793018,D,S,T,2024-05-09,1000000.00,4.516652,100.640625
08:00:34,91282CKN0,TSRYS5793018,D,S,T,2024-05-09,1000000.00,4.516652,100.640625
08:00:34,91282CKN0,TSRYS5793018,D,S,T,2024-05-09,1000000.00,4.516652,100.640625
08:00:34,91282CKN0,TSRYS5793018,D,S,T,2024-05-09,1000000.00,4.508772,100.6875
08:00:34,91282CKN0,TSRYS5793018,D,S,T,2024-05-09,1000000.00,4.508772,100.6875
08:00:38,91282CKN0,TSRYS5793018,D,S,T,2024-05-09,1000000.00,4.514025,100.65625
08:00:38,91282CKN0,TSRYS5793018,D,S,T,2024-05-09,1000000.00,4.514025,100.65625
08:00:38,91282CKN0,TSRYS5793018,D,S,T,2024-05-09,1000000.00,4.515666,100.646484375
08:00:38,91282CKN0,TSRYS5793018,D,S,T,2024-05-09,1000000.00,4.515666,100.646484375
08:00:38,91282CKN0,TSRYS5793018,D,S,T,2024-05-09,1000000.00,4.515666,100.646484375
08:00:38,91282CKN0,TSRYS5793018,D,S,T,2024-05-09,1000000.00,4.515666,100.646484375
08:00:38,91282CKN0,TSRYS5793018,D,S,T,2024-05-09,1000000.00,4.515666,100.646484375
08:00:38,91282CKN0,TSRYS5793018,D,S,T,2024-05-09,1000000.00,4.515666,100.646484375
08:00:38,91282CKN0,TSRYS5793018,D,S,T,2024-05-09,1000000.00,4.515666,100.646484375
08:00:38,91282CKN0,TSRYS5793018,D,S,T,2024-05-09,1000000.00,4.515666,100.646484375
08:00:38,91282CKN0,TSRYS5793018,D,S,T,2024-05-09,1000000.00,4.515666,100.646484375
08:00:38,91282CKN0,TSRYS5793018,D,S,T,2024-05-09,1000000.00,4.515666,100.646484375
08:00:38,91282CKN0,TSRYS5793018,D,S,D,2024-05-09,500000.00,4.504834,100.7109375
08:00:38,91282CKN0,TSRYS5793018,D,S,T,2024-05-09,1000000.00,4.516652,100.640625
08:00:38,91282CKN0,TSRYS5793018,D,S,T,2024-05-09,1000000.00,4.514353,100.654296875
08:00:38,91282CKN0,TSRYS5793018,D,S,T,2024-05-09,1000000.00,4.514353,100.654296875
08:00:38,91282CKN0,TSRYS5793018,D,S,D,2024-05-09,2000000.00,4.516652,100.640625
08:00:38,91282CKN0,TSRYS5793018,D,S,T,2024-05-09,1000000.00,4.508772,100.6875
08:00:38,91282CKN0,TSRYS5793018,D,S,T,2024-05-09,1000000.00,4.508772,100.6875
08:00:38,91282CKN0,TSRYS5793018,D,S,T,2024-05-09,1000000.00,4.508772,100.6875
08:00:38,91282CKN0,TSRYS5793018,D,S,T,2024-05-09,1000000.00,4.508772,100.6875
08:00:38,91282CKN0,TSRYS5793018,D,S,T,2024-05-09,1000000.00,4.508772,100.6875
08:00:38,91282CKN0,TSRYS5793018,D,S,T,2024-05-09,1000000.00,4.503522,100.71875
08:00:38,91282CKN0,TSRYS5793018,D,S,T,2024-05-09,1000000.00,4.514025,100.65625
08:00:38,91282CKN0,TSRYS5793018,D,S,T,2024-05-09,1000000.00,4.514025,100.65625
08:00:38,91282CKN0,TSRYS5793018,D,S,T,2024-05-09,1000000.00,4.514025,100.65625
08:00:38,91282CKN0,TSRYS5793018,D,S,T,2024-05-09,1000000.00,4.514025,100.65625
08:00:38,91282CKN0,TSRYS5793018,D,S,T,2024-05-09,1000000.00,4.514025,100.65625
08:00:38,91282CKN0,TSRYS5793018,D,S,T,2024-05-09,1000000.00,4.514025,100.65625
08:00:38,91282CKN0,TSRYS5793018,D,S,T,2024-05-09,1000000.00,4.514025,100.65625
08:00:38,91282CKN0,TSRYS5793018,D,S,T,2024-05-09,1000000.00,4.514025,100.65625
08:00:38,91282CKN0,TSRYS5793018,D,S,T,2024-05-09,1000000.00,4.514025,100.65625
08:00:38,91282CKN0,TSRYS5793018,D,S,T,2024-05-09,1000000.00,4.516652,100.640625
08:00:38,91282CKN0,TSRYS5793018,D,S,T,2024-05-09,1000000.00,4.516652,100.640625
08:00:38,91282CKN0,TSRYS5793018,D,S,T,2024-05-09,1000000.00,4.516652,100.640625
08:00:38,91282CKN0,TSRYS5793018,D,S,T,2024-05-09,1000000.00,4.516652,100.640625
08:00:38,91282CKN0,TSRYS5793018,D,S,T,2024-05-09,1000000.00,4.516652,100.640625
08:00:38,91282CKN0,TSRYS5793018,D,S,T,2024-05-09,1000000.00,4.516652,100.640625
08:00:38,91282CKN0,TSRYS5793018,D,S,T,2024-05-09,1000000.00,4.508772,100.6875
08:00:38,91282CKN0,TSRYS5793018,D,S,T,2024-05-09,1000000.00,4.514025,100.65625
08:00:38,91282CKN0,TSRYS5793018,D,S,T,2024-05-09,1000000.00,4.504178,100.71484375
08:00:38,91282CKN0,TSRYS5793018,D,S,T,2024-05-09,1000000.00,4.504178,100.71484375
08:00:38,91282CKN0,TSRYS5793018,D,S,T,2024-05-09,1000000.00,4.504178,100.71484375
08:00:38,91282CKN0,TSRYS5793018,D,S,T,2024-05-09,1000000.00,4.504834,100.7109375
08:00:38,91282CKN0,TSRYS5793018,D,S,T,2024-05-09,1000000.00,4.504834,100.7109375
08:00:38,91282CKN0,TSRYS5793018,D,S,T,2024-05-09,1000000.00,4.504834,100.7109375
08:00:38,91282CKN0,TSRYS5793018,D,S,T,2024-05-09,1000000.00,4.504834,100.7109375
08:00:38,91282CKN0,TSRYS5793018,D,S,T,2024-05-09,1000000.00,4.504834,100.7109375
08:00:38,91282CKN0,TSRYS5793018,D,S,T,2024-05-09,1000000.00,4.504506,100.712890625
08:00:38,91282CKN0,TSRYS5793018,D,S,T,2024-05-09,1000000.00,4.504834,100.7109375
08:00:38,91282CKN0,TSRYS5793018,D,S,T,2024-05-09,1000000.00,4.504834,100.7109375
08:00:38,91282CKN0,TSRYS5793018,D,S,T,2024-05-09,1000000.00,4.504834,100.7109375
08:00:38,91282CKN0,TSRYS5793018,D,S,T,2024-05-09,1000000.00,4.504834,100.7109375
08:00:38,91282CKN0,TSRYS5793018,D,S,T,2024-05-09,1000000.00,4.509429,100.68359375
08:00:38,91282CKN0,TSRYS5793018,D,S,T,2024-05-09,1000000.00,4.510085,100.6796875
08:00:38,91282CKN0,TSRYS5793018,D,S,T,2024-05-09,1000000.00,4.510085,100.6796875
08:00:38,91282CKN0,TSRYS5793018,D,S,T,2024-05-09,1000000.00,4.510085,100.6796875
08:00:38,91282CKN0,TSRYS5793018,D,S,T,2024-05-09,1000000.00,4.510742,100.67578125
08:00:38,91282CKN0,TSRYS5793018,D,S,T,2024-05-09,1000000.00,4.510742,100.67578125
08:00:38,91282CKN0,TSRYS5793018,D,S,T,2024-05-09,1000000.00,4.511398,100.671875
08:00:38,91282CKN0,TSRYS5793018,D,S,T,2024-05-09,1000000.00,4.511398,100.671875
08:00:38,91282CKN0,TSRYS5793018,D,S,T,2024-05-09,1000000.00,4.511398,100.671875
08:00:38,91282CKN0,TSRYS5793018,D,S,T,2024-05-09,1000000.00,4.509429,100.68359375
08:00:38,91282CKN0,TSRYS5793018,D,S,T,2024-05-09,1000000.00,4.509429,100.68359375
08:00:38,91282CKN0,TSRYS5793018,D,S,T,2024-05-09,1000000.00,4.509429,100.68359375
08:00:38,91282CKN0,TSRYS5793018,D,S,T,2024-05-09,1000000.00,4.511398,100.671875
08:00:38,91282CKN0,TSRYS5793018,D,S,T,2024-05-09,1000000.00,4.511398,100.671875
08:00:38,91282CKN0,TSRYS5793018,D,S,T,2024-05-09,1000000.00,4.514025,100.65625
08:00:38,91282CKN0,TSRYS5793018,D,S,T,2024-05-09,1000000.00,4.514025,100.65625
08:00:38,91282CKN0,TSRYS5793018,D,S,T,2024-05-09,1000000.00,4.514025,100.65625
08:00:38,91282CKN0,TSRYS5793018,D,S,T,2024-05-09,1000000.00,4.514025,100.65625
08:00:38,91282CKN0,TSRYS5793018,D,S,T,2024-05-09,1000000.00,4.507459,100.6953125
08:00:38,91282CKN0,TSRYS5793018,D,S,T,2024-05-09,1000000.00,4.507459,100.6953125
08:00:38,91282CKN0,TSRYS5793018,D,S,T,2024-05-09,1000000.00,4.514025,100.65625
08:00:38,91282CKN0,TSRYS5793018,D,S,T,2024-05-09,1000000.00,4.514025,100.65625
08:00:38,91282CKN0,TSRYS5793018,D,S,T,2024-05-09,1000000.00,4.513368,100.66015625
08:00:38,91282CKN0,TSRYS5793018,D,S,T,2024-05-09,1000000.00,4.514025,100.65625
08:00:38,91282CKN0,TSRYS5793018,D,S,T,2024-05-09,1000000.00,4.516652,100.640625
08:00:38,91282CKN0,TSRYS5793018,D,S,T,2024-05-09,1000000.00,4.516652,100.640625
08:00:38,91282CKN0,TSRYS5793018,D,S,T,2024-05-09,1000000.00,4.515995,100.64453125
08:00:38,91282CKN0,TSRYS5793018,D,S,T,2024-05-09,2000000.00,4.516652,100.640625
08:00:38,91282CKN0,TSRYS5793018,D,S,T,2024-05-09,1000000.00,4.512055,100.66796875
08:00:38,91282CKN0,TSRYS5793018,D,S,T,2024-05-09,1000000.00,4.515666,100.646484375
08:00:38,91282CKN0,TSRYS5793018,D,S,T,2024-05-09,1000000.00,4.515995,100.64453125
08:00:38,91282CKN0,TSRYS5793018,D,S,T,2024-05-09,1000000.00,4.515995,100.64453125
08:00:38,91282CKN0,TSRYS5793018,D,S,T,2024-05-09,1000000.00,4.516652,100.640625
08:00:38,91282CKN0,TSRYS5793018,D,S,T,2024-05-09,1000000.00,4.514025,100.65625
08:00:38,91282CKN0,TSRYS5793018,D,S,T,2024-05-09,1000000.00,4.515995,100.64453125
08:00:38,91282CKN0,TSRYS5793018,D,S,T,2024-05-09,1000000.00,4.515995,100.64453125
08:00:38,91282CKN0,TSRYS5793018,D,S,T,2024-05-09,1000000.00,4.515995,100.64453125
08:00:38,91282CKN0,TSRYS5793018,D,S,T,2024-05-09,1000000.00,4.506147,100.703125
08:00:38,91282CKN0,TSRYS5793018,D,S,T,2024-05-09,1000000.00,4.506147,100.703125
08:00:38,91282CKN0,TSRYS5793018,D,B,C,2024-05-09,84000000.00,4.506147,100.703125
08:00:38,91282CKN0,TSRYS5793018,D,S,D,2024-05-09,1000000.00,4.51698,100.638671875
08:00:38,91282CKN0,TSRYS5793018,D,B,A,2024-05-09,20000.00,4.519279,100.625
08:00:38,91282CKN0,TSRYS5793018,D,B,A,2024-05-09,18670000.00,4.519279,100.625
08:00:38,91282CKN0,TSRYS5793018,D,S,A,2024-05-09,20000000.00,4.518555,100.62930625
08:00:38,91282CKN0,TSRYS5793018,D,S,D,2024-05-09,1000000.00,4.51304,100.662109375
08:00:39,91282CKN0,TSRYS5793018,D,S,D,2024-05-09,6703000.00,4.510742,100.67578125
08:00:39,91282CKN0,TSRYS5793018,D,B,C,2024-05-09,6703000.00,4.510742,100.67578125
08:00:39,91282CKN0,TSRYS5793018,D,B,A,2024-05-09,2000000.00,4.516652,100.640625
08:00:39,91282CKN0,TSRYS5793018,D,S,C,2024-05-09,50000.00,4.512055,100.66796875
08:00:39,91282CKN0,TSRYS5793018,D,S,C,2024-05-09,500000.00,4.504834,100.7109375
08:00:39,91282CKN0,TSRYS5793018,D,S,T,2024-05-09,1000000.00,4.516652,100.640625
08:00:39,91282CKN0,TSRYS5793018,D,S,T,2024-05-09,1000000.00,4.516652,100.640625
08:00:39,91282CKN0,TSRYS5793018,D,S,T,2024-05-09,1000000.00,4.516323,100.642578125
08:00:39,91282CKN0,TSRYS5793018,D,S,T,2024-05-09,1000000.00,4.516652,100.640625
08:00:41,91282CKN0,TSRYS5793018,D,S,C,2024-05-09,480000.00,4.514631,100.65264375
08:00:41,91282CKN0,TSRYS5793018,D,S,D,2024-05-09,2000000.00,4.515995,100.64453125
08:00:41,91282CKN0,TSRYS5793018,D,S,T,2024-05-09,1000000.00,4.516652,100.640625
08:00:42,91282CKN0,TSRYS5793018,D,S,D,2024-05-09,1000000.00,4.515995,100.64453125
08:00:42,91282CKN0,TSRYS5793018,D,S,D,2024-05-09,1000000.00,4.515995,100.64453125
08:00:42,91282CKN0,TSRYS5793018,D,S,T,2024-05-09,1000000.00,4.51698,100.638671875
08:00:43,91282CKN0,TSRYS5793018,D,S,D,2024-05-09,1000000.00,4.510742,100.67578125
08:00:43,91282CKN0,TSRYS5793018,D,S,D,2024-05-09,1000000.00,4.506475,100.701171875
08:00:43,91282CKN0,TSRYS5793018,D,S,D,2024-05-09,1000000.00,4.506475,100.701171875
08:00:44,91282CKN0,TSRYS5793018,D,S,C,2024-05-09,1950000.00,4.511398,100.671875
08:00:44,91282CKN0,TSRYS5793018,D,S,T,2024-05-09,1000000.00,4.514025,100.65625
08:00:44,91282CKN0,TSRYS5793018,D,S,T,2024-05-09,1000000.00,4.514025,100.65625
08:00:44,91282CKN0,TSRYS5793018,D,S,T,2024-05-09,3000000.00,4.514025,100.65625
08:00:44,91282CKN0,TSRYS5793018,D,S,D,2024-05-09,1000000.00,4.508116,100.69140625
08:00:44,91282CKN0,TSRYS5793018,D,S,D,2024-05-09,1000000.00,4.508444,100.689453125
08:00:44,91282CKN0,TSRYS5793018,D,B,C,2024-05-09,1950000.00,4.514025,100.65625
08:00:44,91282CKN0,TSRYS5793018,D,S,T,2024-05-09,1000000.00,4.514025,100.65625
08:00:44,91282CKN0,TSRYS5793018,D,S,T,2024-05-09,1000000.00,4.514025,100.65625
08:00:44,91282CKN0,TSRYS5793018,D,S,D,2024-05-09,1000000.00,4.497617,100.75390625
08:00:44,91282CKN0,TSRYS5793018,D,S,T,2024-05-09,1000000.00,4.501553,100.73046875
08:00:44,91282CKN0,TSRYS5793018,D,S,D,2024-05-09,480000.00,4.502209,100.7265625
08:00:45,91282CKN0,TSRYS5793018,D,S,T,2024-05-09,1000000.00,4.506803,100.69921875
08:00:45,91282CKN0,TSRYS5793018,D,S,D,2024-05-09,1000000.00,4.514681,100.65234375
08:00:46,91282CKN0,TSRYS5793018,D,B,A,2024-05-09,1916000.00,4.50549,100.70703125
08:00:46,91282CKN0,TSRYS5793018,D,S,D,2024-05-09,3000000.00,4.511726,100.669921875
08:00:46,91282CKN0,TSRYS5793018,D,S,D,2024-05-09,4000000.00,4.511726,100.669921875
08:00:46,91282CKN0,TSRYS5793018,D,S,T,2024-05-09,1000000.00,4.503539,100.718648
08:00:46,91282CKN0,TSRYS5793018,D,S,T,2024-05-09,1000000.00,4.503539,100.718648
08:00:46,91282CKN0,TSRYS5793018,D,S,T,2024-05-09,1000000.00,4.516652,100.640625
08:00:47,91282CKN0,TSRYS5793018,D,S,T,2024-05-09,1000000.00,4.516652,100.640625
08:00:47,91282CKN0,TSRYS5793018,D,B,A,2024-05-09,1000000.00,4.502866,100.72265625
08:00:47,91282CKN0,TSRYS5793018,D,S,T,2024-05-09,1000000.00,4.502209,100.7265625
08:00:47,91282CKN0,TSRYS5793018,D,S,D,2024-05-09,1000000.00,4.5091,100.685546875
08:00:48,91282CKN0,TSRYS5793018,D,S,T,2024-05-09,1000000.00,4.516652,100.640625
08:00:49,91282CKN0,TSRYS5793018,D,S,D,2024-05-09,50000.00,4.512055,100.66796875
08:00:49,91282CKN0,TSRYS5793018,D,S,T,2024-05-09,2000000.00,4.514025,100.65625
08:00:49,91282CKN0,TSRYS5793018,D,S,T,2024-05-09,1000000.00,4.514025,100.65625
08:00:49,91282CKN0,TSRYS5793018,D,S,T,2024-05-09,1000000.00,4.514025,100.65625
08:00:49,91282CKN0,TSRYS5793018,D,S,T,2024-05-09,1000000.00,4.514025,100.65625
08:00:49,91282CKN0,TSRYS5793018,D,S,T,2024-05-09,1000000.00,4.516323,100.642578125
08:00:49,91282CKN0,TSRYS5793018,D,S,T,2024-05-09,2000000.00,4.513696,100.658203125
08:00:49,91282CKN0,TSRYS5793018,D,S,T,2024-05-09,1000000.00,4.514025,100.65625
08:00:49,91282CKN0,TSRYS5793018,D,S,D,2024-05-09,1000000.00,4.514681,100.65234375
08:00:54,91282CKN0,TSRYS5793018,D,B,A,2024-05-09,1000000.00,4.510742,100.67578125
08:00:54,91282CKN0,TSRYS5793018,D,S,T,2024-05-09,1000000.00,4.510085,100.6796875
08:00:55,91282CKN0,TSRYS5793018,D,S,D,2024-05-09,1000000.00,4.514025,100.65625
08:00:59,91282CKN0,TSRYS5793018,D,S,D,2024-05-09,1000000.00,4.511398,100.671875
08:00:59,91282CKN0,TSRYS5793018,D,S,D,2024-05-09,2000000.00,4.511398,100.671875
08:00:59,91282CKN0,TSRYS5793018,D,S,C,2024-05-09,2000000.00,4.511398,100.671875
08:01:02,91282CKN0,TSRYS5793018,D,S,D,2024-05-09,1000000.00,4.502866,100.72265625
08:01:02,91282CKN0,TSRYS5793018,D,B,C,2024-05-09,1000000.00,4.503522,100.71875
08:01:02,91282CKN0,TSRYS5793018,D,S,C,2024-05-09,1000000.00,4.503522,100.71875
08:01:02,91282CKN0,TSRYS5793018,D,S,C,2024-05-09,1000000.00,4.497617,100.75390625
08:01:02,91282CKN0,TSRYS5793018,D,B,C,2024-05-09,1000000.00,4.501225,100.732421875
08:01:02,91282CKN0,TSRYS5793018,D,S,C,2024-05-09,1000000.00,4.501225,100.732421875
08:01:02,91282CKN0,TSRYS5793018,D,S,C,2024-05-09,1000000.00,4.501553,100.73046875
08:01:02,91282CKN0,TSRYS5793018,D,S,C,2024-05-09,1000000.00,4.501553,100.73046875
08:01:02,91282CKN0,TSRYS5793018,D,S,C,2024-05-09,1000000.00,4.50385,100.716796875
08:01:02,91282CKN0,TSRYS5793018,D,B,C,2024-05-09,1000000.00,4.50385,100.716796875
08:01:02,91282CKN0,TSRYS5793018,D,S,C,2024-05-09,1000000.00,4.50385,100.716796875
08:01:02,91282CKN0,TSRYS5793018,D,S,D,2024-05-09,1000000.00,4.501553,100.73046875
08:01:02,91282CKN0,TSRYS5793018,D,B,C,2024-05-09,1000000.00,4.50385,100.716796875
08:01:02,91282CKN0,TSRYS5793018,D,B,C,2024-05-09,1000000.00,4.501553,100.73046875
08:01:03,91282CKN0,TSRYS5793018,D,B,C,2024-05-09,1000000.00,4.50385,100.716796875
08:01:03,91282CKN0,TSRYS5793018,D,B,C,2024-05-09,1000000.00,4.501553,100.73046875
08:01:03,91282CKN0,TSRYS5793018,D,S,D,2024-05-09,1000000.00,4.505162,100.708984375
08:01:03,91282CKN0,TSRYS5793018,D,B,C,2024-05-09,1000000.00,4.50385,100.716796875
08:01:03,91282CKN0,TSRYS5793018,D,B,C,2024-05-09,1000000.00,4.50385,100.716796875
08:01:03,91282CKN0,TSRYS5793018,D,S,C,2024-05-09,1000000.00,4.50385,100.716796875
08:01:03,91282CKN0,TSRYS5793018,D,B,C,2024-05-09,1000000.00,4.505162,100.708984375
08:01:03,91282CKN0,TSRYS5793018,D,S,C,2024-05-09,1000000.00,4.50385,100.716796875
08:01:03,91282CKN0,TSRYS5793018,D,S,C,2024-05-09,1000000.00,4.503522,100.71875
08:01:03,91282CKN0,TSRYS5793018,D,B,C,2024-05-09,1000000.00,4.503522,100.71875
08:01:03,91282CKN0,TSRYS5793018,D,S,C,2024-05-09,1000000.00,4.503522,100.71875
08:01:03,91282CKN0,TSRYS5793018,D,S,C,2024-05-09,1000000.00,4.50385,100.716796875
08:01:03,91282CKN0,TSRYS5793018,D,B,C,2024-05-09,1000000.00,4.503522,100.71875
08:01:03,91282CKN0,TSRYS5793018,D,S,C,2024-05-09,1000000.00,4.502537,100.724609375
08:01:03,91282CKN0,TSRYS5793018,D,B,C,2024-05-09,1000000.00,4.502537,100.724609375
08:01:03,91282CKN0,TSRYS5793018,D,S,D,2024-05-09,1000000.00,4.50385,100.716796875
08:01:03,91282CKN0,TSRYS5793018,D,S,T,2024-05-09,1000000.00,4.503522,100.71875
08:01:03,91282CKN0,TSRYS5793018,D,B,C,2024-05-09,1000000.00,4.50385,100.716796875
08:01:03,91282CKN0,TSRYS5793018,D,S,C,2024-05-09,1000000.00,4.502537,100.724609375
08:01:03,91282CKN0,TSRYS5793018,D,B,C,2024-05-09,1000000.00,4.502537,100.724609375
08:01:03,91282CKN0,TSRYS5793018,D,S,C,2024-05-09,1000000.00,4.502537,100.724609375
08:01:03,91282CKN0,TSRYS5793018,D,B,C,2024-05-09,1000000.00,4.502537,100.724609375
08:01:03,91282CKN0,TSRYS5793018,D,B,C,2024-05-09,1000000.00,4.501225,100.732421875
08:01:03,91282CKN0,TSRYS5793018,D,S,D,2024-05-09,1000000.00,4.501225,100.732421875
08:01:03,91282CKN0,TSRYS5793018,D,B,C,2024-05-09,1000000.00,4.504834,100.7109375
08:01:03,91282CKN0,TSRYS5793018,D,S,C,2024-05-09,1000000.00,4.504834,100.7109375
08:01:03,91282CKN0,TSRYS5793018,D,B,C,2024-05-09,1000000.00,4.505162,100.708984375
08:01:03,91282CKN0,TSRYS5793018,D,B,C,2024-05-09,1000000.00,4.504834,100.7109375
08:01:03,91282CKN0,TSRYS5793018,D,S,D,2024-05-09,1000000.00,4.505162,100.708984375
08:01:03,91282CKN0,TSRYS5793018,D,S,C,2024-05-09,1000000.00,4.504834,100.7109375
08:01:03,91282CKN0,TSRYS5793018,D,B,C,2024-05-09,1000000.00,4.504834,100.7109375
08:01:04,91282CKN0,TSRYS5793018,D,S,C,2024-05-09,1000000.00,4.504834,100.7109375
08:01:04,91282CKN0,TSRYS5793018,D,B,C,2024-05-09,1000000.00,4.504506,100.712890625
08:01:04,91282CKN0,TSRYS5793018,D,S,C,2024-05-09,1000000.00,4.504506,100.712890625
08:01:04,91282CKN0,TSRYS5793018,D,S,C,2024-05-09,1000000.00,4.504506,100.712890625
08:01:04,91282CKN0,TSRYS5793018,D,S,C,2024-05-09,1000000.00,4.504506,100.712890625
08:01:04,91282CKN0,TSRYS5793018,D,B,C,2024-05-09,1000000.00,4.504506,100.712890625
08:01:04,91282CKN0,TSRYS5793018,D,S,C,2024-05-09,1000000.00,4.504506,100.712890625
08:01:04,91282CKN0,TSRYS5793018,D,B,C,2024-05-09,1000000.00,4.504506,100.712890625
08:01:04,91282CKN0,TSRYS5793018,D,S,C,2024-05-09,1000000.00,4.504506,100.712890625
08:01:04,91282CKN0,TSRYS5793018,D,B,C,2024-05-09,1000000.00,4.504506,100.712890625
08:01:04,91282CKN0,TSRYS5793018,D,B,C,2024-05-09,1000000.00,4.504506,100.712890625
08:01:04,91282CKN0,TSRYS5793018,D,S,C,2024-05-09,1000000.00,4.504506,100.712890625
08:01:04,91282CKN0,TSRYS5793018,D,B,A,2024-05-09,1000000.00,4.509429,100.68359375
08:01:04,91282CKN0,TSRYS5793018,D,B,C,2024-05-09,1000000.00,4.50385,100.716796875
08:01:04,91282CKN0,TSRYS5793018,D,S,C,2024-05-09,1000000.00,4.50385,100.716796875
08:01:04,91282CKN0,TSRYS5793018,D,S,T,2024-05-09,1000000.00,4.508772,100.6875
08:01:04,91282CKN0,TSRYS5793018,D,B,C,2024-05-09,1000000.00,4.50385,100.716796875
08:01:04,91282CKN0,TSRYS5793018,D,S,D,2024-05-09,1000000.00,4.50385,100.716796875
08:01:04,91282CKN0,TSRYS5793018,D,B,C,2024-05-09,1000000.00,4.506147,100.703125
08:01:04,91282CKN0,TSRYS5793018,D,S,D,2024-05-09,1000000.00,4.506147,100.703125
08:01:04,91282CKN0,TSRYS5793018,D,S,C,2024-05-09,1000000.00,4.506475,100.701171875
08:01:04,91282CKN0,TSRYS5793018,D,B,C,2024-05-09,1000000.00,4.506475,100.701171875
08:01:04,91282CKN0,TSRYS5793018,D,B,C,2024-05-09,1000000.00,4.5091,100.685546875
08:01:04,91282CKN0,TSRYS5793018,D,S,C,2024-05-09,1000000.00,4.5091,100.685546875
08:01:04,91282CKN0,TSRYS5793018,D,S,C,2024-05-09,1000000.00,4.510085,100.6796875
08:01:04,91282CKN0,TSRYS5793018,D,B,C,2024-05-09,1000000.00,4.510085,100.6796875
08:01:04,91282CKN0,TSRYS5793018,D,B,C,2024-05-09,1000000.00,4.51107,100.673828125
08:01:04,91282CKN0,TSRYS5793018,D,S,D,2024-05-09,1000000.00,4.51107,100.673828125
08:01:05,91282CKN0,TSRYS5793018,D,S,C,2024-05-09,1000000.00,4.510413,100.677734375
08:01:05,91282CKN0,TSRYS5793018,D,B,C,2024-05-09,1000000.00,4.510413,100.677734375
08:01:05,91282CKN0,TSRYS5793018,D,S,C,2024-05-09,1000000.00,4.510742,100.67578125
08:01:05,91282CKN0,TSRYS5793018,D,B,C,2024-05-09,1000000.00,4.510742,100.67578125
08:01:05,91282CKN0,TSRYS5793018,D,S,C,2024-05-09,1000000.00,4.512055,100.66796875
08:01:05,91282CKN0,TSRYS5793018,D,S,C,2024-05-09,1000000.00,4.512383,100.666015625
08:01:05,91282CKN0,TSRYS5793018,D,B,C,2024-05-09,1000000.00,4.512055,100.66796875
08:01:05,91282CKN0,TSRYS5793018,D,B,C,2024-05-09,1000000.00,4.512383,100.666015625
08:01:05,91282CKN0,TSRYS5793018,D,B,C,2024-05-09,1000000.00,4.511726,100.669921875
08:01:05,91282CKN0,TSRYS5793018,D,S,C,2024-05-09,1000000.00,4.511726,100.669921875
08:01:05,91282CKN0,TSRYS5793018,D,S,C,2024-05-09,1000000.00,4.511726,100.669921875
08:01:05,91282CKN0,TSRYS5793018,D,B,C,2024-05-09,1000000.00,4.511726,100.669921875
08:01:05,91282CKN0,TSRYS5793018,D,B,C,2024-05-09,1000000.00,4.512055,100.66796875
08:01:05,91282CKN0,TSRYS5793018,D,S,D,2024-05-09,1000000.00,4.512055,100.66796875
08:01:05,91282CKN0,TSRYS5793018,D,S,T,2024-05-09,1000000.00,4.503522,100.71875
08:01:05,91282CKN0,TSRYS5793018,D,S,C,2024-05-09,1000000.00,4.510742,100.67578125
08:01:05,91282CKN0,TSRYS5793018,D,B,C,2024-05-09,1000000.00,4.510742,100.67578125
08:01:05,91282CKN0,TSRYS5793018,D,B,C,2024-05-09,1000000.00,4.510085,100.6796875
08:01:05,91282CKN0,TSRYS5793018,D,S,C,2024-05-09,1000000.00,4.510085,100.6796875
08:01:05,91282CKN0,TSRYS5793018,D,S,C,2024-05-09,1000000.00,4.509757,100.681640625
08:01:05,91282CKN0,TSRYS5793018,D,B,C,2024-05-09,1000000.00,4.509757,100.681640625
08:01:05,91282CKN0,TSRYS5793018,D,S,C,2024-05-09,1000000.00,4.508444,100.689453125
08:01:05,91282CKN0,TSRYS5793018,D,B,C,2024-05-09,1000000.00,4.508444,100.689453125
08:01:05,91282CKN0,TSRYS5793018,D,S,C,2024-05-09,1000000.00,4.509429,100.68359375
08:01:05,91282CKN0,TSRYS5793018,D,S,C,2024-05-09,1000000.00,4.509429,100.68359375
08:01:07,91282CKN0,TSRYS5793018,D,S,T,2024-05-09,1000000.00,4.511398,100.671875
08:01:08,91282CKN0,TSRYS5793018,D,S,T,2024-05-09,1000000.00,4.514353,100.654296875
08:01:08,91282CKN0,TSRYS5793018,D,S,T,2024-05-09,1000000.00,4.514353,100.654296875
08:01:11,91282CKN0,TSRYS5793018,D,S,D,2024-05-09,1000000.00,4.502866,100.72265625
08:01:11,91282CKN0,TSRYS5793018,D,S,A,2024-05-09,479000.00,4.515995,100.6445313
08:01:11,91282CKN0,TSRYS5793018,D,S,C,2024-05-09,1000000.00,4.512383,100.666015625
08:01:11,91282CKN0,TSRYS5793018,D,B,C,2024-05-09,1000000.00,4.512383,100.666015625
08:01:11,91282CKN0,TSRYS5793018,D,S,C,2024-05-09,1000000.00,4.509757,100.681640625
08:01:11,91282CKN0,TSRYS5793018,D,B,C,2024-05-09,1000000.00,4.509757,100.681640625
08:01:11,91282CKN0,TSRYS5793018,D,S,C,2024-05-09,1000000.00,4.5091,100.685546875
08:01:11,91282CKN0,TSRYS5793018,D,S,C,2024-05-09,1000000.00,4.508444,100.689453125
08:01:11,91282CKN0,TSRYS5793018,D,S,C,2024-05-09,1000000.00,4.508444,100.689453125
08:01:11,91282CKN0,TSRYS5793018,D,B,C,2024-05-09,1000000.00,4.508444,100.689453125
08:01:11,91282CKN0,TSRYS5793018,D,B,C,2024-05-09,1000000.00,4.508444,100.689453125
08:01:11,91282CKN0,TSRYS5793018,D,B,C,2024-05-09,1000000.00,4.508444,100.689453125
08:01:11,91282CKN0,TSRYS5793018,D,S,C,2024-05-09,1000000.00,4.508116,100.69140625
08:01:11,91282CKN0,TSRYS5793018,D,S,D,2024-05-09,1000000.00,4.508444,100.689453125
08:01:11,91282CKN0,TSRYS5793018,D,B,C,2024-05-09,1000000.00,4.508116,100.69140625
08:01:11,91282CKN0,TSRYS5793018,D,S,C,2024-05-09,1000000.00,4.508116,100.69140625
08:01:11,91282CKN0,TSRYS5793018,D,B,C,2024-05-09,1000000.00,4.508116,100.69140625
08:01:11,91282CKN0,TSRYS5793018,D,B,C,2024-05-09,1000000.00,4.507459,100.6953125
08:01:11,91282CKN0,TSRYS5793018,D,S,C,2024-05-09,1000000.00,4.507459,100.6953125
08:01:11,91282CKN0,TSRYS5793018,D,S,D,2024-05-09,480000.00,4.482539,100.84375
08:01:11,91282CKN0,TSRYS5793018,D,B,C,2024-05-09,1000000.00,4.507459,100.6953125
08:01:11,91282CKN0,TSRYS5793018,D,S,C,2024-05-09,1000000.00,4.507459,100.6953125
08:01:11,91282CKN0,TSRYS5793018,D,S,D,2024-05-09,1000000.00,4.506803,100.69921875
08:01:11,91282CKN0,TSRYS5793018,D,B,C,2024-05-09,1000000.00,4.506803,100.69921875
08:01:11,91282CKN0,TSRYS5793018,D,S,C,2024-05-09,1000000.00,4.506803,100.69921875
08:01:11,91282CKN0,TSRYS5793018,D,B,C,2024-05-09,1000000.00,4.506803,100.69921875
08:01:12,91282CKN0,TSRYS5793018,D,B,C,2024-05-09,1000000.00,4.506147,100.703125
08:01:12,91282CKN0,TSRYS5793018,D,S,D,2024-05-09,1000000.00,4.506147,100.703125
08:01:12,91282CKN0,TSRYS5793018,D,S,D,2024-05-09,1000000.00,4.506147,100.703125
08:01:12,91282CKN0,TSRYS5793018,D,B,C,2024-05-09,1000000.00,4.504178,100.71484375
08:01:12,91282CKN0,TSRYS5793018,D,S,D,2024-05-09,1000000.00,4.504178,100.71484375
08:01:12,91282CKN0,TSRYS5793018,D,B,C,2024-05-09,1000000.00,4.508772,100.6875
08:01:12,91282CKN0,TSRYS5793018,D,S,D,2024-05-09,1000000.00,4.508772,100.6875
08:01:12,91282CKN0,TSRYS5793018,D,B,C,2024-05-09,1000000.00,4.508772,100.6875
08:01:12,91282CKN0,TSRYS5793018,D,S,D,2024-05-09,1000000.00,4.508772,100.6875
08:01:12,91282CKN0,TSRYS5793018,D,B,C,2024-05-09,1000000.00,4.508772,100.6875
08:01:12,91282CKN0,TSRYS5793018,D,B,C,2024-05-09,1000000.00,4.508772,100.6875
08:01:12,91282CKN0,TSRYS5793018,D,S,D,2024-05-09,1000000.00,4.508772,100.6875
08:01:12,91282CKN0,TSRYS5793018,D,S,D,2024-05-09,1000000.00,4.508772,100.6875
08:01:12,91282CKN0,TSRYS5793018,D,S,D,2024-05-09,1000000.00,4.515338,100.6484375
08:01:12,91282CKN0,TSRYS5793018,D,B,C,2024-05-09,1000000.00,4.508772,100.6875
08:01:12,91282CKN0,TSRYS5793018,D,S,D,2024-05-09,1000000.00,4.508772,100.6875
08:01:12,91282CKN0,TSRYS5793018,D,S,T,2024-05-09,1000000.00,4.514353,100.654296875
08:01:12,91282CKN0,TSRYS5793018,D,S,D,2024-05-09,1000000.00,4.506475,100.701171875
08:01:12,91282CKN0,TSRYS5793018,D,B,C,2024-05-09,1000000.00,4.506475,100.701171875
08:01:12,91282CKN0,TSRYS5793018,D,B,C,2024-05-09,1000000.00,4.506475,100.701171875
08:01:12,91282CKN0,TSRYS5793018,D,S,D,2024-05-09,1000000.00,4.506475,100.701171875
08:01:12,91282CKN0,TSRYS5793018,D,S,A,2024-05-09,1916000.00,4.50549,100.7070313
08:01:12,91282CKN0,TSRYS5793018,D,S,D,2024-05-09,1000000.00,4.515666,100.646484375
08:01:12,91282CKN0,TSRYS5793018,D,B,C,2024-05-09,1000000.00,4.510742,100.67578125
08:01:12,91282CKN0,TSRYS5793018,D,S,C,2024-05-09,1000000.00,4.510742,100.67578125
08:01:12,91282CKN0,TSRYS5793018,D,S,D,2024-05-09,4000000.00,4.511726,100.669921875
08:01:12,91282CKN0,TSRYS5793018,D,S,D,2024-05-09,3000000.00,4.511726,100.669921875
08:01:12,91282CKN0,TSRYS5793018,D,S,D,2024-05-09,1000000.00,4.516323,100.642578125
08:01:12,91282CKN0,TSRYS5793018,D,S,C,2024-05-09,1000000.00,4.519936,100.62109375
08:01:12,91282CKN0,TSRYS5793018,D,S,C,2024-05-09,1000000.00,4.519936,100.62109375
08:01:12,91282CKN0,TSRYS5793018,D,S,C,2024-05-09,1000000.00,4.519936,100.62109375
08:01:13,91282CKN0,TSRYS5793018,D,S,D,2024-05-09,1000000.00,4.515995,100.64453125
08:01:13,91282CKN0,TSRYS5793018,D,S,D,2024-05-09,1000000.00,4.515995,100.64453125
08:01:13,91282CKN0,TSRYS5793018,D,S,A,2024-05-09,9600000.00,4.503522,100.71875
08:01:13,91282CKN0,TSRYS5793018,D,S,T,2024-05-09,1000000.00,4.515355,100.6483375
08:01:13,91282CKN0,TSRYS5793018,D,S,T,2024-05-09,1000000.00,4.515355,100.6483375
08:01:13,91282CKN0,TSRYS5793018,D,S,T,2024-05-09,1000000.00,4.515355,100.6483375
08:01:13,91282CKN0,TSRYS5793018,D,S,T,2024-05-09,1000000.00,4.515355,100.6483375
08:01:13,91282CKN0,TSRYS5793018,D,S,T,2024-05-09,1000000.00,4.515355,100.6483375
08:01:13,91282CKN0,TSRYS5793018,D,S,T,2024-05-09,1000000.00,4.515355,100.6483375
08:01:13,91282CKN0,TSRYS5793018,D,S,T,2024-05-09,1000000.00,4.515355,100.6483375
08:01:13,91282CKN0,TSRYS5793018,D,S,T,2024-05-09,1000000.00,4.515355,100.6483375
08:01:13,91282CKN0,TSRYS5793018,D,S,T,2024-05-09,1000000.00,4.515355,100.6483375
08:01:13,91282CKN0,TSRYS5793018,D,S,T,2024-05-09,1000000.00,4.515355,100.6483375
08:01:13,91282CKN0,TSRYS5793018,D,S,T,2024-05-09,1000000.00,4.515355,100.6483375
08:01:13,91282CKN0,TSRYS5793018,D,S,T,2024-05-09,2000000.00,4.515355,100.6483375
08:01:13,91282CKN0,TSRYS5793018,D,S,C,2024-05-09,2000000.00,4.516652,100.640625
08:01:13,91282CKN0,TSRYS5793018,D,S,T,2024-05-09,1000000.00,4.515367,100.6482625
08:01:13,91282CKN0,TSRYS5793018,D,S,T,2024-05-09,1000000.00,4.515367,100.6482625
08:01:13,91282CKN0,TSRYS5793018,D,S,C,2024-05-09,1000000.00,4.519607,100.623046875
08:01:13,91282CKN0,TSRYS5793018,D,B,C,2024-05-09,1000000.00,4.519607,100.623046875
08:01:13,91282CKN0,TSRYS5793018,D,B,C,2024-05-09,1000000.00,4.519607,100.623046875
08:01:13,91282CKN0,TSRYS5793018,D,S,D,2024-05-09,1000000.00,4.519607,100.623046875
08:01:13,91282CKN0,TSRYS5793018,D,S,D,2024-05-09,2000000.00,4.516652,100.640625
08:01:13,91282CKN0,TSRYS5793018,D,B,C,2024-05-09,1000000.00,4.515995,100.64453125
08:01:13,91282CKN0,TSRYS5793018,D,B,C,2024-05-09,1000000.00,4.515995,100.64453125
08:01:13,91282CKN0,TSRYS5793018,D,S,D,2024-05-09,1000000.00,4.515995,100.64453125
08:01:13,91282CKN0,TSRYS5793018,D,B,C,2024-05-09,1000000.00,4.515995,100.64453125
08:01:13,91282CKN0,TSRYS5793018,D,S,D,2024-05-09,1000000.00,4.515995,100.64453125
08:01:13,91282CKN0,TSRYS5793018,D,B,C,2024-05-09,1000000.00,4.515995,100.64453125
08:01:13,91282CKN0,TSRYS5793018,D,S,C,2024-05-09,1000000.00,4.515995,100.64453125
08:01:13,91282CKN0,TSRYS5793018,D,B,C,2024-05-09,2000000.00,4.508116,100.69140625
08:01:13,91282CKN0,TSRYS5793018,D,S,D,2024-05-09,1000000.00,4.515995,100.64453125
08:01:13,91282CKN0,TSRYS5793018,D,S,D,2024-05-09,1000000.00,4.515995,100.64453125
08:01:13,91282CKN0,TSRYS5793018,D,B,C,2024-05-09,1000000.00,4.515995,100.64453125
08:01:13,91282CKN0,TSRYS5793018,D,S,C,2024-05-09,1000000.00,4.515995,100.64453125
08:01:13,91282CKN0,TSRYS5793018,D,S,D,2024-05-09,1000000.00,4.515995,100.64453125
08:01:13,91282CKN0,TSRYS5793018,D,B,C,2024-05-09,1000000.00,4.515995,100.64453125
08:01:13,91282CKN0,TSRYS5793018,D,S,C,2024-05-09,1000000.00,4.516323,100.642578125
08:01:13,91282CKN0,TSRYS5793018,D,S,D,2024-05-09,5100000.00,,100.812
08:01:13,91282CKN0,TSRYS5793018,D,B,C,2024-05-09,1000000.00,4.514025,100.65625
08:01:13,91282CKN0,TSRYS5793018,D,S,D,2024-05-09,1000000.00,4.514025,100.65625
08:01:13,91282CKN0,TSRYS5793018,D,B,C,2024-05-09,1000000.00,4.51107,100.673828125
08:01:13,91282CKN0,TSRYS5793018,D,S,C,2024-05-09,1000000.00,4.51107,100.673828125
08:01:14,91282CKN0,TSRYS5793018,D,B,C,2024-05-09,1000000.00,4.512055,100.66796875
08:01:14,91282CKN0,TSRYS5793018,D,S,C,2024-05-09,1000000.00,4.512055,100.66796875
08:01:14,91282CKN0,TSRYS5793018,D,S,D,2024-05-09,2000000.00,4.511398,100.671875
08:01:14,91282CKN0,TSRYS5793018,D,S,D,2024-05-09,1000000.00,4.511398,100.671875
08:01:14,91282CKN0,TSRYS5793018,D,S,D,2024-05-09,2000000.00,4.511398,100.671875
08:01:14,91282CKN0,TSRYS5793018,D,S,C,2024-05-09,1000000.00,4.5091,100.685546875
08:01:14,91282CKN0,TSRYS5793018,D,B,C,2024-05-09,1000000.00,4.514681,100.65234375
08:01:14,91282CKN0,TSRYS5793018,D,S,D,2024-05-09,1000000.00,4.514681,100.65234375
08:01:14,91282CKN0,TSRYS5793018,D,B,C,2024-05-09,1000000.00,4.514681,100.65234375
08:01:14,91282CKN0,TSRYS5793018,D,S,C,2024-05-09,1000000.00,4.514681,100.65234375
08:01:14,91282CKN0,TSRYS5793018,D,B,C,2024-05-09,1000000.00,4.51501,100.650390625
08:01:14,91282CKN0,TSRYS5793018,D,S,D,2024-05-09,1000000.00,4.51501,100.650390625
08:01:14,91282CKN0,TSRYS5793018,D,S,D,2024-05-09,2000000.00,4.51501,100.650390625
08:01:14,91282CKN0,TSRYS5793018,D,B,C,2024-05-09,2000000.00,4.51501,100.650390625
08:01:14,91282CKN0,TSRYS5793018,D,B,C,2024-05-09,1000000.00,4.51698,100.638671875
08:01:15,91282CKN0,TSRYS5793018,D,S,D,2024-05-09,1000000.00,4.51698,100.638671875
08:01:15,91282CKN0,TSRYS5793018,D,S,C,2024-05-09,1000000.00,4.51304,100.662109375
08:01:15,91282CKN0,TSRYS5793018,D,S,C,2024-05-09,2000000.00,4.516652,100.640625
08:01:15,91282CKN0,TSRYS5793018,D,S,C,2024-05-09,1000000.00,4.517637,100.634765625
08:01:15,91282CKN0,TSRYS5793018,D,S,C,2024-05-09,1000000.00,4.51698,100.638671875
08:01:15,91282CKN0,TSRYS5793018,D,B,C,2024-05-09,1000000.00,4.51698,100.638671875
08:01:15,91282CKN0,TSRYS5793018,D,S,C,2024-05-09,1000000.00,4.516323,100.642578125
08:01:15,91282CKN0,TSRYS5793018,D,B,C,2024-05-09,1000000.00,4.516323,100.642578125
08:01:15,91282CKN0,TSRYS5793018,D,S,C,2024-05-09,1000000.00,4.516323,100.642578125
08:01:15,91282CKN0,TSRYS5793018,D,B,C,2024-05-09,1000000.00,4.516323,100.642578125
08:01:15,91282CKN0,TSRYS5793018,D,S,D,2024-05-09,1000000.00,4.515995,100.64453125
08:01:15,91282CKN0,TSRYS5793018,D,S,D,2024-05-09,1000000.00,4.515995,100.64453125
08:01:15,91282CKN0,TSRYS5793018,D,B,C,2024-05-09,1000000.00,4.515995,100.64453125
08:01:15,91282CKN0,TSRYS5793018,D,S,D,2024-05-09,2000000.00,4.515995,100.64453125
08:01:16,91282CKN0,TSRYS5793018,D,S,C,2024-05-09,10000000.00,4.517308,100.63671875
08:01:16,91282CKN0,TSRYS5793018,D,S,T,2024-05-09,1000000.00,4.514353,100.654296875
08:01:16,91282CKN0,TSRYS5793018,D,B,C,2024-05-09,1000000.00,4.511398,100.671875
08:01:16,91282CKN0,TSRYS5793018,D,S,C,2024-05-09,1000000.00,4.511398,100.671875
08:01:16,91282CKN0,TSRYS5793018,D,B,C,2024-05-09,1000000.00,4.510742,100.67578125
08:01:16,91282CKN0,TSRYS5793018,D,S,C,2024-05-09,1000000.00,4.510742,100.67578125
08:01:17,91282CKN0,TSRYS5793018,D,S,D,2024-05-09,1000000.00,4.510742,100.67578125
08:01:17,91282CKN0,TSRYS5793018,D,S,D,2024-05-09,1000000.00,4.508116,100.69140625
08:01:17,91282CKN0,TSRYS5793018,D,B,C,2024-05-09,1000000.00,4.508116,100.69140625
08:01:17,91282CKN0,TSRYS5793018,D,S,C,2024-05-09,1000000.00,4.508444,100.689453125
08:01:17,91282CKN0,TSRYS5793018,D,B,C,2024-05-09,1000000.00,4.508444,100.689453125
08:01:17,91282CKN0,TSRYS5793018,D,B,C,2024-05-09,4000000.00,4.494338,100.7734375
08:01:17,91282CKN0,TSRYS5793018,D,S,C,2024-05-09,4000000.00,4.494338,100.7734375
08:01:17,91282CKN0,TSRYS5793018,D,S,T,2024-05-09,1000000.00,4.495683,100.765425
08:01:17,91282CKN0,TSRYS5793018,D,S,T,2024-05-09,1000000.00,4.495683,100.765425
08:01:17,91282CKN0,TSRYS5793018,D,S,C,2024-05-09,1000000.00,4.49565,100.765625
08:01:17,91282CKN0,TSRYS5793018,D,S,C,2024-05-09,1000000.00,4.49565,100.765625
08:01:17,91282CKN0,TSRYS5793018,D,S,C,2024-05-09,1000000.00,4.49565,100.765625
08:01:17,91282CKN0,TSRYS5793018,D,S,C,2024-05-09,1000000.00,4.49565,100.765625
08:01:17,91282CKN0,TSRYS5793018,D,S,C,2024-05-09,1000000.00,4.49565,100.765625
08:01:17,91282CKN0,TSRYS5793018,D,S,D,2024-05-09,1000000.00,4.506475,100.701171875
08:01:17,91282CKN0,TSRYS5793018,D,S,T,2024-05-09,2000000.00,4.514025,100.65625
08:01:18,91282CKN0,TSRYS5793018,D,S,D,2024-05-09,1000000.00,4.500241,100.73828125
08:01:18,91282CKN0,TSRYS5793018,D,B,C,2024-05-09,1000000.00,4.500241,100.73828125
08:01:18,91282CKN0,TSRYS5793018,D,S,D,2024-05-09,1000000.00,4.508116,100.69140625
08:01:18,91282CKN0,TSRYS5793018,D,S,D,2024-05-09,1000000.00,4.500241,100.73828125
08:01:18,91282CKN0,TSRYS5793018,D,B,C,2024-05-09,1000000.00,4.500241,100.73828125
08:01:18,91282CKN0,TSRYS5793018,D,S,C,2024-05-09,1000000.00,4.5091,100.685546875
08:01:18,91282CKN0,TSRYS5793018,D,S,T,2024-05-09,1000000.00,4.514353,100.654296875
08:01:18,91282CKN0,TSRYS5793018,D,S,D,2024-05-09,1000000.00,4.514681,100.65234375
08:01:18,91282CKN0,TSRYS5793018,D,S,D,2024-05-09,1000000.00,4.515338,100.6484375
08:01:19,91282CKN0,TSRYS5793018,D,S,T,2024-05-09,1000000.00,4.514353,100.654296875
08:01:19,91282CKN0,TSRYS5793018,D,S,C,2024-05-09,10000000.00,4.504061,100.71554
08:01:20,91282CKN0,TSRYS5793018,D,S,D,2024-05-09,500000.00,4.510742,100.67578125
08:01:20,91282CKN0,TSRYS5793018,D,B,C,2024-05-09,1000000.00,4.500897,100.734375
08:01:20,91282CKN0,TSRYS5793018,D,S,D,2024-05-09,1000000.00,4.500897,100.734375
08:01:21,91282CKN0,TSRYS5793018,D,S,A,2024-05-09,960000.00,4.515338,100.6484375
08:01:21,91282CKN0,TSRYS5793018,D,S,C,2024-05-09,2000000.00,4.502209,100.7265625
08:01:21,91282CKN0,TSRYS5793018,D,B,C,2024-05-09,2000000.00,4.502209,100.7265625
08:01:22,91282CKN0,TSRYS5793018,D,S,D,2024-05-09,1000000.00,4.502537,100.724609375
08:01:22,91282CKN0,TSRYS5793018,D,B,C,2024-05-09,1000000.00,4.502537,100.724609375
08:01:24,91282CKN0,TSRYS5793018,D,S,D,2024-05-09,25000000.00,4.516315,100.642628
08:01:25,91282CKN0,TSRYS5793018,D,S,A,2024-05-09,5000000.00,4.515338,100.6484375
08:01:25,91282CKN0,TSRYS5793018,D,B,A,2024-05-09,3685000.00,4.515338,100.6484375
08:01:26,91282CKN0,TSRYS5793018,D,S,C,2024-05-09,2000000.00,4.504834,100.7109375
08:01:26,91282CKN0,TSRYS5793018,D,B,C,2024-05-09,2000000.00,4.504834,100.7109375
08:01:26,91282CKN0,TSRYS5793018,D,B,C,2024-05-09,1000000.00,4.504834,100.7109375
08:01:26,91282CKN0,TSRYS5793018,D,S,D,2024-05-09,1000000.00,4.504834,100.7109375
08:01:27,91282CKN0,TSRYS5793018,D,S,C,2024-05-09,9600000.00,4.503522,100.71875
08:01:27,91282CKN0,TSRYS5793018,D,S,T,2024-05-09,1000000.00,4.514042,100.656148
08:01:27,91282CKN0,TSRYS5793018,D,B,C,2024-05-09,17500000.00,4.456353,101.0
08:01:27,91282CKN0,TSRYS5793018,D,S,T,2024-05-09,5000000.00,4.514042,100.656148
08:01:27,91282CKN0,TSRYS5793018,D,S,T,2024-05-09,1000000.00,4.514025,100.65625
08:01:27,91282CKN0,TSRYS5793018,D,S,D,2024-05-09,1000000.00,4.501225,100.732421875
08:01:27,91282CKN0,TSRYS5793018,D,B,C,2024-05-09,1000000.00,4.501225,100.732421875
08:01:27,91282CKN0,TSRYS5793018,D,S,T,2024-05-09,2000000.00,4.514042,100.656148
08:01:27,91282CKN0,TSRYS5793018,D,S,T,2024-05-09,1000000.00,4.514042,100.656148
08:01:27,91282CKN0,TSRYS5793018,D,S,T,2024-05-09,2000000.00,4.514042,100.656148
08:01:27,91282CKN0,TSRYS5793018,D,S,C,2024-05-09,1000000.00,4.500569,100.736328125
08:01:27,91282CKN0,TSRYS5793018,D,S,T,2024-05-09,3000000.00,4.514042,100.656148
08:01:27,91282CKN0,TSRYS5793018,D,S,T,2024-05-09,1000000.00,4.514042,100.656148
08:01:27,91282CKN0,TSRYS5793018,D,S,T,2024-05-09,1000000.00,4.514042,100.656148
08:01:27,91282CKN0,TSRYS5793018,D,S,T,2024-05-09,1000000.00,4.514042,100.656148
08:01:27,91282CKN0,TSRYS5793018,D,S,D,2024-05-09,17500000.00,4.456353,101.0
08:01:27,91282CKN0,TSRYS5793018,D,S,T,2024-05-09,1000000.00,4.514042,100.656148
08:01:27,91282CKN0,TSRYS5793018,D,S,T,2024-05-09,1000000.00,4.514042,100.656148
08:01:28,91282CKN0,TSRYS5793018,D,S,T,2024-05-09,2000000.00,4.514042,100.656148
08:01:28,91282CKN0,TSRYS5793018,D,S,T,2024-05-09,2000000.00,4.514042,100.656148
08:01:28,91282CKN0,TSRYS5793018,D,S,T,2024-05-09,1000000.00,4.514042,100.656148
08:01:28,91282CKN0,TSRYS5793018,D,S,T,2024-05-09,1000000.00,4.514042,100.656148
08:01:28,91282CKN0,TSRYS5793018,D,S,T,2024-05-09,3000000.00,4.514025,100.65625
08:01:28,91282CKN0,TSRYS5793018,D,S,T,2024-05-09,2000000.00,4.514025,100.65625
08:01:28,91282CKN0,TSRYS5793018,D,S,T,2024-05-09,1000000.00,4.514025,100.65625
08:01:28,91282CKN0,TSRYS5793018,D,S,T,2024-05-09,2000000.00,4.514025,100.65625
08:01:28,91282CKN0,TSRYS5793018,D,S,T,2024-05-09,1000000.00,4.514025,100.65625
08:01:28,91282CKN0,TSRYS5793018,D,S,T,2024-05-09,1000000.00,4.511726,100.669921875
08:01:28,91282CKN0,TSRYS5793018,D,S,T,2024-05-09,1000000.00,4.514042,100.656148
08:01:28,91282CKN0,TSRYS5793018,D,S,T,2024-05-09,1000000.00,4.511726,100.669921875
08:01:28,91282CKN0,TSRYS5793018,D,S,T,2024-05-09,2000000.00,4.514042,100.656148
08:01:28,91282CKN0,TSRYS5793018,D,S,T,2024-05-09,1000000.00,4.511726,100.669921875
08:01:29,91282CKN0,TSRYS5793018,D,S,A,2024-05-09,10000.00,4.515995,100.64453125
08:01:29,91282CKN0,TSRYS5793018,D,S,A,2024-05-09,5000000.00,4.516652,100.640625
08:01:33,91282CKN0,TSRYS5793018,D,S,C,2024-05-09,1000000.00,4.51304,100.66210937
08:01:34,91282CKN0,TSRYS5793018,D,S,T,2024-05-09,2000000.00,4.5091,100.685546875
08:01:34,91282CKN0,TSRYS5793018,D,S,D,2024-05-09,3500000.00,4.509429,100.68359375
08:01:35,91282CKN0,TSRYS5793018,D,S,D,2024-05-09,1000000.00,4.516323,100.64257812
08:01:35,91282CKN0,TSRYS5793018,D,S,T,2024-05-09,1000000.00,4.516323,100.64257812
08:01:36,91282CKN0,TSRYS5793018,D,S,D,2024-05-09,1000000.00,4.516323,100.64257812
08:01:36,91282CKN0,TSRYS5793018,D,S,T,2024-05-09,1000000.00,4.510742,100.67578125
08:01:38,91282CKN0,TSRYS5793018,D,S,T,2024-05-09,2000000.00,4.515338,100.6484375
08:01:38,91282CKN0,TSRYS5793018,D,S,D,2024-05-09,1000000.00,4.519936,100.62109375
08:01:38,91282CKN0,TSRYS5793018,D,S,D,2024-05-09,1000000.00,4.519936,100.62109375
08:01:38,91282CKN0,TSRYS5793018,D,S,T,2024-05-09,1000000.00,4.519936,100.62109375
08:01:38,91282CKN0,TSRYS5793018,D,S,C,2024-05-09,1000000.00,4.519936,100.62109375
08:01:38,91282CKN0,TSRYS5793018,D,S,C,2024-05-09,1000000.00,4.519936,100.62109375
08:01:38,91282CKN0,TSRYS5793018,D,S,T,2024-05-09,1000000.00,4.521907,100.609375
08:01:38,91282CKN0,TSRYS5793018,D,S,C,2024-05-09,1000000.00,4.521907,100.609375
08:01:38,91282CKN0,TSRYS5793018,D,S,T,2024-05-09,1000000.00,4.521907,100.609375
08:01:38,91282CKN0,TSRYS5793018,D,S,C,2024-05-09,1000000.00,4.52125,100.61328125
08:01:38,91282CKN0,TSRYS5793018,D,S,C,2024-05-09,1000000.00,4.52125,100.61328125
08:01:38,91282CKN0,TSRYS5793018,D,S,D,2024-05-09,1000000.00,4.520593,100.6171875
08:01:39,91282CKN0,TSRYS5793018,D,S,D,2024-05-09,1000000.00,4.517965,100.6328125
08:01:39,91282CKN0,TSRYS5793018,D,S,D,2024-05-09,1000000.00,4.520921,100.61523437
08:01:39,91282CKN0,TSRYS5793018,D,S,C,2024-05-09,1000000.00,4.520593,100.6171875
08:01:39,91282CKN0,TSRYS5793018,D,S,C,2024-05-09,1000000.00,4.520593,100.6171875
08:01:39,91282CKN0,TSRYS5793018,D,S,T,2024-05-09,1000000.00,4.520593,100.6171875
08:01:39,91282CKN0,TSRYS5793018,D,S,C,2024-05-09,1000000.00,4.520264,100.61914062
08:01:39,91282CKN0,TSRYS5793018,D,S,D,2024-05-09,1000000.00,4.520264,100.61914062
08:01:39,91282CKN0,TSRYS5793018,D,S,T,2024-05-09,1000000.00,4.518622,100.62890625
08:01:39,91282CKN0,TSRYS5793018,D,S,T,2024-05-09,1000000.00,4.518622,100.62890625
08:01:39,91282CKN0,TSRYS5793018,D,S,D,2024-05-09,1000000.00,4.518622,100.62890625
08:01:39,91282CKN0,TSRYS5793018,D,S,C,2024-05-09,1000000.00,4.518622,100.62890625
08:01:39,91282CKN0,TSRYS5793018,D,S,D,2024-05-09,1000000.00,4.517965,100.6328125
08:01:39,91282CKN0,TSRYS5793018,D,S,D,2024-05-09,1000000.00,4.519936,100.62109375
08:01:39,91282CKN0,TSRYS5793018,D,S,D,2024-05-09,1000000.00,4.519936,100.62109375
08:01:39,91282CKN0,TSRYS5793018,D,S,C,2024-05-09,1000000.00,4.517965,100.6328125
08:01:39,91282CKN0,TSRYS5793018,D,S,D,2024-05-09,1000000.00,4.519936,100.62109375
08:01:39,91282CKN0,TSRYS5793018,D,S,D,2024-05-09,1000000.00,4.519936,100.62109375
08:01:39,91282CKN0,TSRYS5793018,D,S,D,2024-05-09,1000000.00,4.519936,100.62109375
08:01:39,91282CKN0,TSRYS5793018,D,S,C,2024-05-09,1000000.00,4.519936,100.62109375
08:01:39,91282CKN0,TSRYS5793018,D,S,D,2024-05-09,1000000.00,4.519279,100.625
08:01:39,91282CKN0,TSRYS5793018,D,S,C,2024-05-09,1000000.00,4.518951,100.62695312
08:01:39,91282CKN0,TSRYS5793018,D,S,D,2024-05-09,1000000.00,4.516652,100.640625
08:01:39,91282CKN0,TSRYS5793018,D,S,T,2024-05-09,1000000.00,4.516652,100.640625
08:01:40,91282CKN0,TSRYS5793018,D,S,C,2024-05-09,1000000.00,4.518951,100.62695312
08:01:40,91282CKN0,TSRYS5793018,D,S,C,2024-05-09,1000000.00,4.518951,100.62695312
08:01:40,91282CKN0,TSRYS5793018,D,S,C,2024-05-09,1000000.00,4.518951,100.62695312
08:01:40,91282CKN0,TSRYS5793018,D,S,T,2024-05-09,1000000.00,4.516323,100.64257812
08:01:40,91282CKN0,TSRYS5793018,D,S,C,2024-05-09,1000000.00,4.518951,100.62695312
08:01:40,91282CKN0,TSRYS5793018,D,S,C,2024-05-09,1000000.00,4.518951,100.62695312
08:01:40,91282CKN0,TSRYS5793018,D,S,C,2024-05-09,1000000.00,4.518951,100.62695312
08:01:40,91282CKN0,TSRYS5793018,D,S,C,2024-05-09,1000000.00,4.518951,100.62695312
08:01:40,91282CKN0,TSRYS5793018,D,S,D,2024-05-09,1000000.00,4.518951,100.62695312
08:01:40,91282CKN0,TSRYS5793018,D,S,D,2024-05-09,1000000.00,4.518951,100.62695312
08:01:40,91282CKN0,TSRYS5793018,D,S,D,2024-05-09,1000000.00,4.518951,100.62695312
08:01:40,91282CKN0,TSRYS5793018,D,S,D,2024-05-09,1000000.00,4.518951,100.62695312
08:01:40,91282CKN0,TSRYS5793018,D,S,D,2024-05-09,1000000.00,4.518951,100.62695312
08:01:40,91282CKN0,TSRYS5793018,D,S,T,2024-05-09,1000000.00,4.518951,100.62695312
08:01:40,91282CKN0,TSRYS5793018,D,S,C,2024-05-09,1000000.00,4.517308,100.63671875
08:01:40,91282CKN0,TSRYS5793018,D,S,T,2024-05-09,1000000.00,4.516323,100.64257812
08:01:40,91282CKN0,TSRYS5793018,D,S,C,2024-05-09,1000000.00,4.508772,100.6875
08:01:40,91282CKN0,TSRYS5793018,D,B,C,2024-05-09,1000000.00,4.508772,100.6875
08:01:40,91282CKN0,TSRYS5793018,D,B,C,2024-05-09,1000000.00,4.508772,100.6875
08:01:40,91282CKN0,TSRYS5793018,D,S,D,2024-05-09,1000000.00,4.508772,100.6875
08:01:40,91282CKN0,TSRYS5793018,D,S,D,2024-05-09,2000000.00,4.5091,100.685546875
08:01:40,91282CKN0,TSRYS5793018,D,S,D,2024-05-09,2000000.00,4.5091,100.685546875
08:01:40,91282CKN0,TSRYS5793018,D,B,C,2024-05-09,3000000.00,4.5091,100.685546875
08:01:40,91282CKN0,TSRYS5793018,D,S,D,2024-05-09,3000000.00,4.5091,100.685546875
08:01:40,91282CKN0,TSRYS5793018,D,B,C,2024-05-09,1000000.00,4.508772,100.6875
08:01:40,91282CKN0,TSRYS5793018,D,S,D,2024-05-09,1000000.00,4.508772,100.6875
08:01:40,91282CKN0,TSRYS5793018,D,B,C,2024-05-09,2000000.00,4.508772,100.6875
08:01:40,91282CKN0,TSRYS5793018,D,S,D,2024-05-09,2000000.00,4.508772,100.6875
08:01:40,91282CKN0,TSRYS5793018,D,B,C,2024-05-09,50000000.00,4.519388,100.62435
08:01:41,91282CKN0,TSRYS5793018,D,S,T,2024-05-09,1000000.00,4.515338,100.6484375
08:01:44,91282CKN0,TSRYS5793018,D,S,D,2024-05-09,1000000.00,4.508116,100.69140625
08:01:44,91282CKN0,TSRYS5793018,D,S,D,2024-05-09,1000000.00,4.5091,100.685546875
08:01:45,91282CKN0,TSRYS5793018,D,B,A,2024-05-09,84000000.00,4.515338,100.6484375
08:01:46,91282CKN0,TSRYS5793018,D,S,C,2024-05-09,84000000.00,4.515338,100.6484375
08:01:46,91282CKN0,TSRYS5793018,D,S,C,2024-05-09,1000000.00,4.512711,100.6640625
08:01:46,91282CKN0,TSRYS5793018,D,B,C,2024-05-09,1000000.00,4.515995,100.64453125
08:01:46,91282CKN0,TSRYS5793018,D,B,C,2024-05-09,1000000.00,4.515995,100.64453125
08:01:46,91282CKN0,TSRYS5793018,D,B,C,2024-05-09,1000000.00,4.515995,100.64453125
08:01:47,91282CKN0,TSRYS5793018,D,B,C,2024-05-09,1000000.00,4.515995,100.64453125
08:01:47,91282CKN0,TSRYS5793018,D,S,T,2024-05-09,1000000.00,4.515666,100.64648437
08:01:47,91282CKN0,TSRYS5793018,D,S,D,2024-05-09,2000000.00,4.515666,100.64648437
08:01:47,91282CKN0,TSRYS5793018,D,B,C,2024-05-09,1000000.00,4.515995,100.64453125
08:01:47,91282CKN0,TSRYS5793018,D,B,C,2024-05-09,5000000.00,4.512383,100.666015625
08:01:47,91282CKN0,TSRYS5793018,D,S,D,2024-05-09,5000000.00,4.512383,100.666015625
08:01:47,91282CKN0,TSRYS5793018,D,B,C,2024-05-09,1000000.00,4.515995,100.64453125
08:01:47,91282CKN0,TSRYS5793018,D,S,D,2024-05-09,1000000.00,4.515995,100.64453125
08:01:47,91282CKN0,TSRYS5793018,D,S,T,2024-05-09,1000000.00,4.516652,100.640625
08:01:47,91282CKN0,TSRYS5793018,D,S,D,2024-05-09,2000000.00,4.516652,100.640625
08:01:47,91282CKN0,TSRYS5793018,D,S,D,2024-05-09,1000000.00,4.512055,100.66796875
08:01:47,91282CKN0,TSRYS5793018,D,B,C,2024-05-09,1000000.00,4.512055,100.66796875
08:01:48,91282CKN0,TSRYS5793018,D,B,C,2024-05-09,1000000.00,4.515995,100.64453125
08:01:48,91282CKN0,TSRYS5793018,D,B,C,2024-05-09,1000000.00,4.515995,100.64453125
08:01:48,91282CKN0,TSRYS5793018,D,S,C,2024-05-09,1000000.00,4.510413,100.677734375
08:01:48,91282CKN0,TSRYS5793018,D,B,C,2024-05-09,1000000.00,4.515995,100.64453125
08:01:48,91282CKN0,TSRYS5793018,D,B,C,2024-05-09,2000000.00,4.515995,100.64453125
08:01:48,91282CKN0,TSRYS5793018,D,B,C,2024-05-09,2000000.00,4.515995,100.64453125
08:01:48,91282CKN0,TSRYS5793018,D,B,C,2024-05-09,2000000.00,4.515995,100.64453125
08:01:48,91282CKN0,TSRYS5793018,D,S,C,2024-05-09,1000000.00,4.515995,100.64453125
08:01:48,91282CKN0,TSRYS5793018,D,S,D,2024-05-09,1000000.00,4.515995,100.64453125
08:01:48,91282CKN0,TSRYS5793018,D,S,C,2024-05-09,1000000.00,4.510742,100.67578125
08:01:48,91282CKN0,TSRYS5793018,D,S,C,2024-05-09,1000000.00,4.516323,100.64257812
08:01:48,91282CKN0,TSRYS5793018,D,S,D,2024-05-09,1000000.00,4.516323,100.64257812
08:01:48,91282CKN0,TSRYS5793018,D,S,T,2024-05-09,1000000.00,4.516323,100.64257812
08:01:48,91282CKN0,TSRYS5793018,D,B,C,2024-05-09,1000000.00,4.510413,100.677734375
08:01:48,91282CKN0,TSRYS5793018,D,S,D,2024-05-09,1000000.00,4.510413,100.677734375
08:01:49,91282CKN0,TSRYS5793018,D,S,D,2024-05-09,2000000.00,4.514025,100.65625
08:01:49,91282CKN0,TSRYS5793018,D,B,C,2024-05-09,1000000.00,4.513696,100.65820312
08:01:49,91282CKN0,TSRYS5793018,D,B,C,2024-05-09,17000000.00,4.515973,100.64466
08:01:49,91282CKN0,TSRYS5793018,D,S,C,2024-05-09,1000000.00,4.510085,100.6796875
08:01:49,91282CKN0,TSRYS5793018,D,B,C,2024-05-09,2000000.00,4.508772,100.6875
08:01:49,91282CKN0,TSRYS5793018,D,S,C,2024-05-09,2000000.00,4.508772,100.6875
08:01:49,91282CKN0,TSRYS5793018,D,B,C,2024-05-09,1000000.00,4.51698,100.63867187
08:01:50,91282CKN0,TSRYS5793018,D,S,D,2024-05-09,1000000.00,4.510413,100.67773437
08:01:50,91282CKN0,TSRYS5793018,D,S,D,2024-05-09,1000000.00,4.510413,100.67773437
08:01:50,91282CKN0,TSRYS5793018,D,S,C,2024-05-09,1000000.00,4.510085,100.6796875
08:01:50,91282CKN0,TSRYS5793018,D,B,C,2024-05-09,1000000.00,4.510085,100.6796875
08:01:50,91282CKN0,TSRYS5793018,D,S,C,2024-05-09,1000000.00,4.508116,100.69140625
08:01:50,91282CKN0,TSRYS5793018,D,S,C,2024-05-09,1000000.00,4.508116,100.69140625
08:01:51,91282CKN0,TSRYS5793018,D,S,D,2024-05-09,1000000.00,4.5091,100.685546875
08:01:51,91282CKN0,TSRYS5793018,D,S,T,2024-05-09,2000000.00,4.515367,100.6482625
08:01:51,91282CKN0,TSRYS5793018,D,S,T,2024-05-09,1000000.00,4.515355,100.6483375
08:01:51,91282CKN0,TSRYS5793018,D,S,T,2024-05-09,1000000.00,4.515355,100.6483375
08:01:51,91282CKN0,TSRYS5793018,D,S,T,2024-05-09,1000000.00,4.515355,100.6483375
08:01:51,91282CKN0,TSRYS5793018,D,S,T,2024-05-09,1000000.00,4.515355,100.6483375
08:01:51,91282CKN0,TSRYS5793018,D,S,T,2024-05-09,1000000.00,4.516668,100.640525
08:01:51,91282CKN0,TSRYS5793018,D,S,T,2024-05-09,1000000.00,4.516668,100.640525
08:01:51,91282CKN0,TSRYS5793018,D,S,T,2024-05-09,1000000.00,4.516689,100.6404
08:01:54,91282CKN0,TSRYS5793018,D,S,D,2024-05-09,2000000.00,4.509429,100.68359375
08:01:54,91282CKN0,TSRYS5793018,D,S,D,2024-05-09,2000000.00,4.509429,100.68359375
08:01:55,91282CKN0,TSRYS5793018,D,B,C,2024-05-09,1000000.00,4.508772,100.6875
08:01:55,91282CKN0,TSRYS5793018,D,B,C,2024-05-09,1000000.00,4.511398,100.671875
08:01:55,91282CKN0,TSRYS5793018,D,B,C,2024-05-09,1000000.00,4.511726,100.66992187
08:01:56,91282CKN0,TSRYS5793018,D,B,C,2024-05-09,1000000.00,4.511726,100.66992187
08:01:56,91282CKN0,TSRYS5793018,D,S,D,2024-05-09,80000000.00,4.514485,100.65351
08:01:57,91282CKN0,TSRYS5793018,D,B,C,2024-05-09,1000000.00,4.515995,100.64453125
08:01:57,91282CKN0,TSRYS5793018,D,B,C,2024-05-09,1000000.00,4.515995,100.64453125
08:01:57,91282CKN0,TSRYS5793018,D,B,C,2024-05-09,1000000.00,4.515995,100.64453125
08:01:57,91282CKN0,TSRYS5793018,D,B,C,2024-05-09,1000000.00,4.515995,100.64453125
08:01:57,91282CKN0,TSRYS5793018,D,S,D,2024-05-09,33000000.00,4.51638,100.64224
08:01:58,91282CKN0,TSRYS5793018,D,B,C,2024-05-09,1000000.00,4.511398,100.671875
08:01:58,91282CKN0,TSRYS5793018,D,S,D,2024-05-09,1000000.00,4.511398,100.671875
08:01:58,91282CKN0,TSRYS5793018,D,S,T,2024-05-09,4000000.00,4.503544,100.71862
08:01:59,91282CKN0,TSRYS5793018,D,S,D,2024-05-09,1000000.00,4.511398,100.671875
08:01:59,91282CKN0,TSRYS5793018,D,B,C,2024-05-09,1000000.00,4.511398,100.671875
08:01:59,91282CKN0,TSRYS5793018,D,B,C,2024-05-09,1000000.00,4.512055,100.66796875
08:01:59,91282CKN0,TSRYS5793018,D,S,D,2024-05-09,1000000.00,4.512055,100.66796875
08:01:59,91282CKN0,TSRYS5793018,D,S,D,2024-05-09,1000000.00,4.509429,100.68359375
08:01:59,91282CKN0,TSRYS5793018,D,B,C,2024-05-09,1000000.00,4.509429,100.68359375
08:02:00,91282CKN0,TSRYS5793018,D,S,D,2024-05-09,1000000.00,4.507788,100.693359375
08:02:00,91282CKN0,TSRYS5793018,D,B,A,2024-05-09,4800000.00,4.50549,100.70703125
08:02:00,91282CKN0,TSRYS5793018,D,S,T,2024-05-09,1000000.00,4.514025,100.65625
08:02:00,91282CKN0,TSRYS5793018,D,S,T,2024-05-09,1000000.00,4.508772,100.6875
08:02:01,91282CKN0,TSRYS5793018,D,S,D,2024-05-09,1000000.00,4.517637,100.63476562
08:02:01,91282CKN0,TSRYS5793018,D,S,C,2024-05-09,1000000.00,4.517637,100.63476562
08:02:01,91282CKN0,TSRYS5793018,D,S,C,2024-05-09,1000000.00,4.517637,100.63476562
08:02:02,91282CKN0,TSRYS5793018,D,S,C,2024-05-09,2000000.00,4.515666,100.64648437
08:02:02,91282CKN0,TSRYS5793018,D,S,D,2024-05-09,1000000.00,4.515338,100.6484375
08:02:02,91282CKN0,TSRYS5793018,D,B,C,2024-05-09,1000000.00,4.514353,100.65429687
08:02:02,91282CKN0,TSRYS5793018,D,B,C,2024-05-09,1000000.00,4.514353,100.65429687
08:02:03,91282CKN0,TSRYS5793018,D,B,C,2024-05-09,1000000.00,4.508772,100.6875
08:02:03,91282CKN0,TSRYS5793018,D,S,D,2024-05-09,1000000.00,4.508772,100.6875
08:02:03,91282CKN0,TSRYS5793018,D,S,D,2024-05-09,3500000.00,4.508772,100.6875
08:02:03,91282CKN0,TSRYS5793018,D,S,T,2024-05-09,1000000.00,4.508772,100.6875
08:02:03,91282CKN0,TSRYS5793018,D,S,T,2024-05-09,1000000.00,4.514025,100.65625
08:02:04,91282CKN0,TSRYS5793018,D,S,T,2024-05-09,1000000.00,4.508772,100.6875
08:02:04,91282CKN0,TSRYS5793018,D,S,A,2024-05-09,190000.00,4.509429,100.68359375
08:02:06,91282CKN0,TSRYS5793018,D,S,D,2024-05-09,17000000.00,4.515287,100.64874
08:02:07,91282CKN0,TSRYS5793018,D,S,D,2024-05-09,4000000.00,4.508772,100.6875
08:02:07,91282CKN0,TSRYS5793018,D,S,C,2024-05-09,1000000.00,4.508772,100.6875
08:02:07,91282CKN0,TSRYS5793018,D,S,C,2024-05-09,1000000.00,4.51304,100.66210937
08:02:07,91282CKN0,TSRYS5793018,D,S,D,2024-05-09,1000000.00,4.51304,100.66210937
08:02:07,91282CKN0,TSRYS5793018,D,S,D,2024-05-09,1000000.00,4.51304,100.66210937
08:02:07,91282CKN0,TSRYS5793018,D,S,T,2024-05-09,1000000.00,4.516652,100.640625
08:02:07,91282CKN0,TSRYS5793018,D,S,T,2024-05-09,1000000.00,4.516652,100.640625
08:02:07,91282CKN0,TSRYS5793018,D,S,T,2024-05-09,2000000.00,4.516652,100.640625
08:02:07,91282CKN0,TSRYS5793018,D,S,T,2024-05-09,1000000.00,4.508772,100.6875
08:02:07,91282CKN0,TSRYS5793018,D,S,T,2024-05-09,1000000.00,4.508772,100.6875
08:02:08,91282CKN0,TSRYS5793018,D,S,C,2024-05-09,1000000.00,4.51304,100.66210937
08:02:08,91282CKN0,TSRYS5793018,D,S,C,2024-05-09,1000000.00,4.510413,100.67773437
08:02:08,91282CKN0,TSRYS5793018,D,S,C,2024-05-09,1000000.00,4.510413,100.67773437
08:02:08,91282CKN0,TSRYS5793018,D,S,C,2024-05-09,1000000.00,4.510413,100.67773437
08:02:08,91282CKN0,TSRYS5793018,D,B,C,2024-05-09,1000000.00,4.512055,100.66796875
08:02:09,91282CKN0,TSRYS5793018,D,S,D,2024-05-09,25000000.00,4.513038,100.66212
08:02:10,91282CKN0,TSRYS5793018,D,S,C,2024-05-09,1000000.00,4.508116,100.69140625
08:02:10,91282CKN0,TSRYS5793018,D,S,D,2024-05-09,1000000.00,4.508116,100.69140625
08:02:11,91282CKN0,TSRYS5793018,D,B,C,2024-05-09,1000000.00,4.506147,100.703125
08:02:11,91282CKN0,TSRYS5793018,D,B,C,2024-05-09,1000000.00,4.506147,100.703125
08:02:11,91282CKN0,TSRYS5793018,D,S,C,2024-05-09,1000000.00,4.495616,100.765825
08:02:11,91282CKN0,TSRYS5793018,D,S,C,2024-05-09,1000000.00,4.495616,100.765825
08:02:11,91282CKN0,TSRYS5793018,D,S,A,2024-05-09,380000.00,4.506803,100.69921875
08:02:11,91282CKN0,TSRYS5793018,D,B,C,2024-05-09,2000000.00,4.4957,100.765325
08:02:11,91282CKN0,TSRYS5793018,D,S,D,2024-05-09,2000000.00,4.49565,100.765625
08:02:11,91282CKN0,TSRYS5793018,D,B,C,2024-05-09,1000000.00,4.495679,100.76545
08:02:11,91282CKN0,TSRYS5793018,D,S,C,2024-05-09,1000000.00,4.49565,100.765625
08:02:11,91282CKN0,TSRYS5793018,D,S,C,2024-05-09,1000000.00,4.512711,100.6640625
08:02:11,91282CKN0,TSRYS5793018,D,B,C,2024-05-09,1000000.00,4.512711,100.6640625
08:02:11,91282CKN0,TSRYS5793018,D,B,C,2024-05-09,2000000.00,4.4957,100.765325
08:02:11,91282CKN0,TSRYS5793018,D,S,C,2024-05-09,1000000.00,4.495616,100.765825
08:02:11,91282CKN0,TSRYS5793018,D,S,T,2024-05-09,1000000.00,4.514025,100.65625
08:02:11,91282CKN0,TSRYS5793018,D,B,C,2024-05-09,1000000.00,4.495692,100.765375
08:02:11,91282CKN0,TSRYS5793018,D,S,D,2024-05-09,2000000.00,4.49565,100.765625
08:02:11,91282CKN0,TSRYS5793018,D,S,C,2024-05-09,1000000.00,4.500864,100.734575
08:02:11,91282CKN0,TSRYS5793018,D,S,C,2024-05-09,2000000.00,4.500897,100.734375
08:02:11,91282CKN0,TSRYS5793018,D,S,C,2024-05-09,1000000.00,4.500897,100.734375
08:02:11,91282CKN0,TSRYS5793018,D,B,C,2024-05-09,2000000.00,4.498273,100.75
08:02:11,91282CKN0,TSRYS5793018,D,S,C,2024-05-09,1000000.00,4.500864,100.734575
08:02:11,91282CKN0,TSRYS5793018,D,S,C,2024-05-09,2000000.00,4.49824,100.7502
08:02:11,91282CKN0,TSRYS5793018,D,B,C,2024-05-09,1000000.00,4.500922,100.734225
08:02:11,91282CKN0,TSRYS5793018,D,S,C,2024-05-09,1000000.00,4.500864,100.734575
08:02:11,91282CKN0,TSRYS5793018,D,B,C,2024-05-09,1000000.00,4.500922,100.734225
08:02:11,91282CKN0,TSRYS5793018,D,S,C,2024-05-09,2000000.00,4.500897,100.734375
08:02:11,91282CKN0,TSRYS5793018,D,S,C,2024-05-09,1000000.00,4.500864,100.734575
08:02:11,91282CKN0,TSRYS5793018,D,B,C,2024-05-09,2000000.00,4.500948,100.734075
08:02:11,91282CKN0,TSRYS5793018,D,S,D,2024-05-09,1000000.00,4.500897,100.734375
08:02:11,91282CKN0,TSRYS5793018,D,S,C,2024-05-09,1000000.00,4.500897,100.734375
08:02:11,91282CKN0,TSRYS5793018,D,B,C,2024-05-09,1000000.00,4.500922,100.734225
08:02:11,91282CKN0,TSRYS5793018,D,S,D,2024-05-09,1000000.00,4.498273,100.75
08:02:11,91282CKN0,TSRYS5793018,D,B,C,2024-05-09,1000000.00,4.498302,100.749825
08:02:11,91282CKN0,TSRYS5793018,D,S,D,2024-05-09,1000000.00,4.498273,100.75
08:02:11,91282CKN0,TSRYS5793018,D,B,C,2024-05-09,1000000.00,4.498323,100.7497
08:02:11,91282CKN0,TSRYS5793018,D,B,C,2024-05-09,1000000.00,4.498302,100.749825
08:02:11,91282CKN0,TSRYS5793018,D,S,D,2024-05-09,1000000.00,4.498273,100.75
08:02:11,91282CKN0,TSRYS5793018,D,S,D,2024-05-09,1000000.00,4.498273,100.75
08:02:11,91282CKN0,TSRYS5793018,D,B,C,2024-05-09,1000000.00,4.498323,100.7497
08:02:12,91282CKN0,TSRYS5793018,D,B,C,2024-05-09,1000000.00,4.508444,100.68945312
08:02:12,91282CKN0,TSRYS5793018,D,B,C,2024-05-09,9300000.00,4.519279,100.625
08:02:12,91282CKN0,TSRYS5793018,D,S,D,2024-05-09,1000000.00,4.500897,100.734375
08:02:12,91282CKN0,TSRYS5793018,D,S,C,2024-05-09,1000000.00,4.500897,100.734375
08:02:12,91282CKN0,TSRYS5793018,D,S,D,2024-05-09,1000000.00,4.500897,100.734375
08:02:12,91282CKN0,TSRYS5793018,D,S,D,2024-05-09,1000000.00,4.500897,100.734375
08:02:12,91282CKN0,TSRYS5793018,D,S,D,2024-05-09,1000000.00,4.500897,100.734375
08:02:12,91282CKN0,TSRYS5793018,D,S,D,2024-05-09,1000000.00,4.500897,100.734375
08:02:12,91282CKN0,TSRYS5793018,D,S,D,2024-05-09,1000000.00,4.500897,100.734375
08:02:12,91282CKN0,TSRYS5793018,D,S,C,2024-05-09,1000000.00,4.500897,100.734375
08:02:12,91282CKN0,TSRYS5793018,D,B,C,2024-05-09,1000000.00,4.500897,100.734375
08:02:12,91282CKN0,TSRYS5793018,D,B,C,2024-05-09,1000000.00,4.500897,100.734375
08:02:12,91282CKN0,TSRYS5793018,D,B,C,2024-05-09,1000000.00,4.500897,100.734375
08:02:12,91282CKN0,TSRYS5793018,D,S,D,2024-05-09,2000000.00,4.500897,100.734375
08:02:12,91282CKN0,TSRYS5793018,D,S,D,2024-05-09,1000000.00,4.500897,100.734375
08:02:12,91282CKN0,TSRYS5793018,D,B,C,2024-05-09,1000000.00,4.500897,100.734375
08:02:12,91282CKN0,TSRYS5793018,D,S,D,2024-05-09,1000000.00,4.500897,100.734375
08:02:12,91282CKN0,TSRYS5793018,D,B,C,2024-05-09,1000000.00,4.500897,100.734375
08:02:12,91282CKN0,TSRYS5793018,D,B,C,2024-05-09,1000000.00,4.500897,100.734375
08:02:12,91282CKN0,TSRYS5793018,D,S,C,2024-05-09,2000000.00,4.500897,100.734375
08:02:12,91282CKN0,TSRYS5793018,D,B,C,2024-05-09,2000000.00,4.500948,100.734075
08:02:12,91282CKN0,TSRYS5793018,D,B,C,2024-05-09,1000000.00,4.500897,100.734375
08:02:12,91282CKN0,TSRYS5793018,D,S,D,2024-05-09,1000000.00,4.500897,100.734375
08:02:12,91282CKN0,TSRYS5793018,D,S,D,2024-05-09,1000000.00,4.500897,100.734375
08:02:12,91282CKN0,TSRYS5793018,D,B,C,2024-05-09,1000000.00,4.500922,100.734225
08:02:13,91282CKN0,TSRYS5793018,D,S,D,2024-05-09,1000000.00,4.500897,100.734375
08:02:13,91282CKN0,TSRYS5793018,D,B,C,2024-05-09,1000000.00,4.500927,100.7342
08:02:13,91282CKN0,TSRYS5793018,D,S,D,2024-05-09,1000000.00,4.500897,100.734375
08:02:13,91282CKN0,TSRYS5793018,D,B,C,2024-05-09,1000000.00,4.500897,100.734375
08:02:13,91282CKN0,TSRYS5793018,D,S,C,2024-05-09,3000000.00,4.510742,100.67578125
08:02:13,91282CKN0,TSRYS5793018,D,S,T,2024-05-09,1000000.00,4.509757,100.68164062
08:02:13,91282CKN0,TSRYS5793018,D,S,D,2024-05-09,1000000.00,4.503522,100.71875
08:02:13,91282CKN0,TSRYS5793018,D,S,D,2024-05-09,4000000.00,4.503522,100.71875
08:02:13,91282CKN0,TSRYS5793018,D,B,C,2024-05-09,4000000.00,4.503572,100.71845
08:02:13,91282CKN0,TSRYS5793018,D,B,C,2024-05-09,1000000.00,4.503572,100.71845
08:02:13,91282CKN0,TSRYS5793018,D,S,D,2024-05-09,2000000.00,4.509757,100.68164062
08:02:13,91282CKN0,TSRYS5793018,D,S,D,2024-05-09,2000000.00,4.509757,100.68164062
08:02:13,91282CKN0,TSRYS5793018,D,S,D,2024-05-09,2000000.00,4.509757,100.68164062
08:02:13,91282CKN0,TSRYS5793018,D,S,C,2024-05-09,1000000.00,4.500859,100.7346
08:02:13,91282CKN0,TSRYS5793018,D,S,D,2024-05-09,2000000.00,4.508116,100.69140625
08:02:13,91282CKN0,TSRYS5793018,D,S,D,2024-05-09,2000000.00,4.509429,100.68359375
08:02:13,91282CKN0,TSRYS5793018,D,B,C,2024-05-09,1000000.00,4.500948,100.734075
08:02:13,91282CKN0,TSRYS5793018,D,S,C,2024-05-09,1000000.00,4.509429,100.68359375
08:02:13,91282CKN0,TSRYS5793018,D,S,D,2024-05-09,3000000.00,4.507788,100.69335937
08:02:13,91282CKN0,TSRYS5793018,D,S,T,2024-05-09,2000000.00,4.508772,100.6875
08:02:13,91282CKN0,TSRYS5793018,D,S,T,2024-05-09,1000000.00,4.508772,100.6875
08:02:13,91282CKN0,TSRYS5793018,D,S,D,2024-05-09,1000000.00,4.5091,100.68554687
08:02:13,91282CKN0,TSRYS5793018,D,S,C,2024-05-09,1000000.00,4.5091,100.68554687
08:02:13,91282CKN0,TSRYS5793018,D,S,C,2024-05-09,1000000.00,4.508772,100.6875
08:02:14,91282CKN0,TSRYS5793018,D,S,D,2024-05-09,4000000.00,4.503522,100.71875
08:02:14,91282CKN0,TSRYS5793018,D,S,D,2024-05-09,1000000.00,4.503522,100.71875
08:02:14,91282CKN0,TSRYS5793018,D,B,C,2024-05-09,1000000.00,4.503572,100.71845
08:02:14,91282CKN0,TSRYS5793018,D,B,C,2024-05-09,1000000.00,4.508444,100.68945312
08:02:14,91282CKN0,TSRYS5793018,D,S,D,2024-05-09,1000000.00,4.503522,100.71875
08:02:14,91282CKN0,TSRYS5793018,D,S,D,2024-05-09,1000000.00,4.503522,100.71875
08:02:14,91282CKN0,TSRYS5793018,D,S,D,2024-05-09,1000000.00,4.503522,100.71875
08:02:14,91282CKN0,TSRYS5793018,D,S,T,2024-05-09,1000000.00,4.514025,100.65625
08:02:14,91282CKN0,TSRYS5793018,D,S,D,2024-05-09,1000000.00,4.503522,100.71875
08:02:14,91282CKN0,TSRYS5793018,D,S,D,2024-05-09,1000000.00,4.503522,100.71875
08:02:14,91282CKN0,TSRYS5793018,D,S,C,2024-05-09,1000000.00,4.503522,100.71875
08:02:14,91282CKN0,TSRYS5793018,D,B,C,2024-05-09,1000000.00,4.503564,100.7185
08:02:14,91282CKN0,TSRYS5793018,D,B,C,2024-05-09,1000000.00,4.503572,100.71845
08:02:14,91282CKN0,TSRYS5793018,D,S,C,2024-05-09,1000000.00,4.503522,100.71875
08:02:14,91282CKN0,TSRYS5793018,D,S,C,2024-05-09,1000000.00,4.503522,100.71875
08:02:14,91282CKN0,TSRYS5793018,D,S,C,2024-05-09,1000000.00,4.503488,100.71895
08:02:14,91282CKN0,TSRYS5793018,D,B,C,2024-05-09,1000000.00,4.503522,100.71875
08:02:14,91282CKN0,TSRYS5793018,D,S,C,2024-05-09,1000000.00,4.503522,100.71875
08:02:14,91282CKN0,TSRYS5793018,D,S,C,2024-05-09,85000000.00,4.508502,100.68911
08:02:14,91282CKN0,TSRYS5793018,D,S,D,2024-05-09,1000000.00,4.51304,100.66210937
08:02:15,91282CKN0,TSRYS5793018,D,B,C,2024-05-09,1000000.00,4.503522,100.71875
08:02:15,91282CKN0,TSRYS5793018,D,B,C,2024-05-09,1000000.00,4.514025,100.65625
08:02:15,91282CKN0,TSRYS5793018,D,S,C,2024-05-09,1000000.00,4.503488,100.71895
08:02:15,91282CKN0,TSRYS5793018,D,B,C,2024-05-09,1000000.00,4.514025,100.65625
08:02:15,91282CKN0,TSRYS5793018,D,S,D,2024-05-09,1000000.00,4.503522,100.71875
08:02:15,91282CKN0,TSRYS5793018,D,S,D,2024-05-09,1000000.00,4.503522,100.71875
08:02:15,91282CKN0,TSRYS5793018,D,S,C,2024-05-09,1000000.00,4.500872,100.734525
08:02:15,91282CKN0,TSRYS5793018,D,S,C,2024-05-09,1000000.00,4.500872,100.734525
08:02:15,91282CKN0,TSRYS5793018,D,B,C,2024-05-09,1000000.00,4.500897,100.734375
08:02:15,91282CKN0,TSRYS5793018,D,S,D,2024-05-09,1000000.00,4.515338,100.6484375
08:02:15,91282CKN0,TSRYS5793018,D,S,C,2024-05-09,1000000.00,4.500859,100.734602
08:02:16,91282CKN0,TSRYS5793018,D,S,D,2024-05-09,1000000.00,4.515338,100.6484375
08:02:16,91282CKN0,TSRYS5793018,D,S,C,2024-05-09,1000000.00,4.515338,100.6484375
08:02:16,91282CKN0,TSRYS5793018,D,S,D,2024-05-09,1000000.00,4.515338,100.6484375
08:02:16,91282CKN0,TSRYS5793018,D,S,D,2024-05-09,1000000.00,4.514353,100.654296875
08:02:16,91282CKN0,TSRYS5793018,D,S,D,2024-05-09,1000000.00,4.514353,100.654296875
08:02:17,91282CKN0,TSRYS5793018,D,S,C,2024-05-09,1000000.00,4.515666,100.646484375
08:02:17,91282CKN0,TSRYS5793018,D,S,C,2024-05-09,2000000.00,4.515666,100.646484375
08:02:17,91282CKN0,TSRYS5793018,D,S,C,2024-05-09,1000000.00,4.515666,100.646484375
08:02:17,91282CKN0,TSRYS5793018,D,S,D,2024-05-09,1000000.00,4.514681,100.65234375
08:02:17,91282CKN0,TSRYS5793018,D,B,C,2024-05-09,1000000.00,4.514681,100.65234375
08:02:17,91282CKN0,TSRYS5793018,D,S,D,2024-05-09,1000000.00,4.514681,100.65234375
08:02:17,91282CKN0,TSRYS5793018,D,B,C,2024-05-09,1000000.00,4.514681,100.65234375
08:02:17,91282CKN0,TSRYS5793018,D,S,D,2024-05-09,1000000.00,4.514681,100.65234375
08:02:17,91282CKN0,TSRYS5793018,D,B,C,2024-05-09,1000000.00,4.514681,100.65234375
08:02:18,91282CKN0,TSRYS5793018,D,S,D,2024-05-09,1000000.00,4.514353,100.654296875
08:02:18,91282CKN0,TSRYS5793018,D,B,C,2024-05-09,1000000.00,4.514353,100.654296875
08:02:19,91282CKN0,TSRYS5793018,D,B,C,2024-05-09,1000000.00,4.514025,100.65625
08:02:19,91282CKN0,TSRYS5793018,D,S,C,2024-05-09,1000000.00,4.514025,100.65625
08:02:19,91282CKN0,TSRYS5793018,D,S,T,2024-05-09,1000000.00,4.506169,100.702995
08:02:21,91282CKN0,TSRYS5793018,D,S,D,2024-05-09,1000000.00,4.502983,100.7219563
08:02:21,91282CKN0,TSRYS5793018,D,B,C,2024-05-09,500000.00,4.504834,100.7109375
08:02:21,91282CKN0,TSRYS5793018,D,S,A,2024-05-09,960000.00,4.508772,100.6875
08:02:21,91282CKN0,TSRYS5793018,D,B,C,2024-05-09,478900.00,4.507459,100.6953125
08:02:21,91282CKN0,TSRYS5793018,D,S,C,2024-05-09,500000.00,4.514025,100.65625
08:02:21,91282CKN0,TSRYS5793018,D,B,C,2024-05-09,10000000.00,4.512711,100.6640625
08:02:21,91282CKN0,TSRYS5793018,D,B,C,2024-05-09,10000000.00,4.517965,100.6328125
08:02:21,91282CKN0,TSRYS5793018,D,S,C,2024-05-09,17000000.00,4.518949,100.62696
08:02:21,91282CKN0,TSRYS5793018,D,S,A,2024-05-09,4800000.00,4.506147,100.703125
08:02:21,91282CKN0,TSRYS5793018,D,S,D,2024-05-09,5000000.00,4.516795,100.63977
08:02:21,91282CKN0,TSRYS5793018,D,S,D,2024-05-09,5078000.00,4.512446,100.66564065567
08:02:22,91282CKN0,TSRYS5793018,D,S,D,2024-05-09,2000000.00,4.516652,100.640625
08:02:23,91282CKN0,TSRYS5793018,D,S,T,2024-05-09,1000000.00,4.508794,100.68737
08:02:23,91282CKN0,TSRYS5793018,D,S,T,2024-05-09,1000000.00,4.508794,100.68737
08:02:24,91282CKN0,TSRYS5793018,D,S,C,2024-05-09,1900000.00,4.514025,100.65625
08:02:28,91282CKN0,TSRYS5793018,D,S,T,2024-05-09,1000000.00,4.51142,100.671745
08:02:29,91282CKN0,TSRYS5793018,D,S,T,2024-05-09,2000000.00,4.515359,100.6483125
08:02:29,91282CKN0,TSRYS5793018,D,S,T,2024-05-09,2000000.00,4.517308,100.63671875
08:02:29,91282CKN0,TSRYS5793018,D,S,T,2024-05-09,2000000.00,4.517308,100.63671875
08:02:29,91282CKN0,TSRYS5793018,D,S,T,2024-05-09,2000000.00,4.517329,100.63659375
08:02:29,91282CKN0,TSRYS5793018,D,S,T,2024-05-09,1000000.00,4.517658,100.634640625
08:02:29,91282CKN0,TSRYS5793018,D,S,T,2024-05-09,1000000.00,4.517329,100.63659375
08:02:29,91282CKN0,TSRYS5793018,D,S,T,2024-05-09,2000000.00,4.517329,100.63659375
08:02:29,91282CKN0,TSRYS5793018,D,S,T,2024-05-09,2000000.00,4.517637,100.634765625
08:02:29,91282CKN0,TSRYS5793018,D,S,T,2024-05-09,1000000.00,4.517329,100.63659375
08:02:29,91282CKN0,TSRYS5793018,D,S,T,2024-05-09,4000000.00,4.517637,100.634765625
08:02:29,91282CKN0,TSRYS5793018,D,S,T,2024-05-09,1000000.00,4.517329,100.63659375
08:02:30,91282CKN0,TSRYS5793018,D,S,D,2024-05-09,1000000.00,4.516323,100.642578125
08:02:30,91282CKN0,TSRYS5793018,D,S,T,2024-05-09,2000000.00,4.517637,100.634765625
08:02:30,91282CKN0,TSRYS5793018,D,S,C,2024-05-09,10000000.00,4.510085,100.6796875
08:02:31,91282CKN0,TSRYS5793018,D,B,C,2024-05-09,1000000.00,4.518951,100.626953125
08:02:31,91282CKN0,TSRYS5793018,D,S,D,2024-05-09,1000000.00,4.518951,100.626953125
08:02:31,91282CKN0,TSRYS5793018,D,S,D,2024-05-09,1000000.00,4.500897,100.734375
08:02:31,91282CKN0,TSRYS5793018,D,S,D,2024-05-09,1000000.00,4.500897,100.734375
08:02:32,91282CKN0,TSRYS5793018,D,B,C,2024-05-09,1000000.00,4.500927,100.7342
08:02:32,91282CKN0,TSRYS5793018,D,S,C,2024-05-09,1000000.00,4.500897,100.734375
08:02:32,91282CKN0,TSRYS5793018,D,S,D,2024-05-09,1000000.00,4.500897,100.734375
08:02:32,91282CKN0,TSRYS5793018,D,B,C,2024-05-09,1000000.00,4.500927,100.7342
08:02:32,91282CKN0,TSRYS5793018,D,B,C,2024-05-09,1000000.00,4.503522,100.71875
08:02:32,91282CKN0,TSRYS5793018,D,B,C,2024-05-09,1000000.00,4.503522,100.71875
08:02:32,91282CKN0,TSRYS5793018,D,S,C,2024-05-09,1000000.00,4.503522,100.71875
08:02:33,91282CKN0,TSRYS5793018,D,S,C,2024-05-09,1000000.00,4.503522,100.71875
08:02:33,91282CKN0,TSRYS5793018,D,S,D,2024-05-09,1000000.00,4.503522,100.71875
08:02:33,91282CKN0,TSRYS5793018,D,B,C,2024-05-09,1000000.00,4.50356,100.718523
