tradeTime,cusip,issueSymbolIdentifier,priceType,reportingSideCode,contraPartyTypeCode,tradeDate,reportedTradeVolume,lastSaleYield,lastSalePrice
08:00:05,91282CKF7,TSRYS5774875,D,S,D,2024-04-24,102650000.00,4.664994,96.8302
08:00:05,91282CKF7,TSRYS5774875,D,S,T,2024-04-24,1000000.00,4.627401,97.046875
08:00:05,91282CKF7,TSRYS5774875,D,S,D,2024-04-24,1000000.00,4.63451,97.005859375
08:00:05,91282CKF7,TSRYS5774875,D,S,D,2024-04-24,2000000.00,4.633833,97.009765625
08:00:05,91282CKF7,TSRYS5774875,D,S,D,2024-04-24,2000000.00,4.633833,97.009765625
08:00:05,91282CKF7,TSRYS5774875,D,S,D,2024-04-24,1000000.00,4.633833,97.009765625
08:00:05,91282CKF7,TSRYS5774875,D,S,D,2024-04-24,1000000.00,4.633494,97.01171875
08:00:05,91282CKF7,TSRYS5774875,D,S,D,2024-04-24,1000000.00,4.63959,96.9765625
08:00:05,91282CKF7,TSRYS5774875,D,S,T,2024-04-24,1000000.00,4.63959,96.9765625
08:00:05,91282CKF7,TSRYS5774875,D,S,D,2024-04-24,2000000.00,4.63959,96.9765625
08:00:05,91282CKF7,TSRYS5774875,D,S,T,2024-04-24,1000000.00,4.63959,96.9765625
08:00:05,91282CKF7,TSRYS5774875,D,S,D,2024-04-24,1000000.00,4.63959,96.9765625
08:00:05,91282CKF7,TSRYS5774875,D,S,D,2024-04-24,1000000.00,4.63959,96.9765625
08:00:05,91282CKF7,TSRYS5774875,D,S,D,2024-04-24,1000000.00,4.63688,96.9921875
08:00:05,91282CKF7,TSRYS5774875,D,S,D,2024-04-24,1000000.00,4.63688,96.9921875
08:00:05,91282CKF7,TSRYS5774875,D,S,D,2024-04-24,1000000.00,4.63688,96.9921875
08:00:08,91282CKF7,TSRYS5774875,D,S,T,2024-04-24,1000000.00,4.644671,96.947265625
08:00:08,91282CKF7,TSRYS5774875,D,S,D,2024-04-24,2000000.00,4.643655,96.953125
08:00:08,91282CKF7,TSRYS5774875,D,S,D,2024-04-24,1000000.00,4.644671,96.947265625
08:00:08,91282CKF7,TSRYS5774875,D,S,D,2024-04-24,1000000.00,4.641961,96.962890625
08:00:08,91282CKF7,TSRYS5774875,D,S,D,2024-04-24,2000000.00,4.641961,96.962890625
08:00:08,91282CKF7,TSRYS5774875,D,S,D,2024-04-24,1000000.00,4.641961,96.962890625
08:00:08,91282CKF7,TSRYS5774875,D,S,D,2024-04-24,2000000.00,4.641961,96.962890625
08:00:08,91282CKF7,TSRYS5774875,D,S,D,2024-04-24,1000000.00,4.641961,96.962890625
08:00:08,91282CKF7,TSRYS5774875,D,S,D,2024-04-24,3000000.00,4.642638,96.958984375
08:00:08,91282CKF7,TSRYS5774875,D,S,D,2024-04-24,1000000.00,4.642638,96.958984375
08:00:08,91282CKF7,TSRYS5774875,D,S,D,2024-04-24,3000000.00,4.642638,96.958984375
08:00:08,91282CKF7,TSRYS5774875,D,S,D,2024-04-24,1000000.00,4.6423,96.9609375
08:00:08,91282CKF7,TSRYS5774875,D,S,D,2024-04-24,2000000.00,4.6423,96.9609375
08:00:08,91282CKF7,TSRYS5774875,D,S,D,2024-04-24,3000000.00,4.642638,96.958984375
08:00:08,91282CKF7,TSRYS5774875,D,S,D,2024-04-24,1000000.00,4.642638,96.958984375
08:00:08,91282CKF7,TSRYS5774875,D,S,D,2024-04-24,2000000.00,4.642638,96.958984375
08:00:08,91282CKF7,TSRYS5774875,D,S,D,2024-04-24,1000000.00,4.642638,96.958984375
08:00:08,91282CKF7,TSRYS5774875,D,S,D,2024-04-24,1000000.00,4.641622,96.96484375
08:00:08,91282CKF7,TSRYS5774875,D,S,T,2024-04-24,1000000.00,4.643655,96.953125
08:00:08,91282CKF7,TSRYS5774875,D,S,T,2024-04-24,1000000.00,4.643655,96.953125
08:00:08,91282CKF7,TSRYS5774875,D,S,D,2024-04-24,1000000.00,4.643655,96.953125
08:00:08,91282CKF7,TSRYS5774875,D,S,T,2024-04-24,2000000.00,4.643316,96.955078125
08:00:08,91282CKF7,TSRYS5774875,D,S,D,2024-04-24,1000000.00,4.643316,96.955078125
08:00:08,91282CKF7,TSRYS5774875,D,S,D,2024-04-24,3000000.00,4.641283,96.966796875
08:00:08,91282CKF7,TSRYS5774875,D,S,D,2024-04-24,2000000.00,4.639928,96.974609375
08:00:08,91282CKF7,TSRYS5774875,D,S,D,2024-04-24,2000000.00,4.641622,96.96484375
08:00:08,91282CKF7,TSRYS5774875,D,S,D,2024-04-24,2000000.00,4.641622,96.96484375
08:00:08,91282CKF7,TSRYS5774875,D,S,D,2024-04-24,1000000.00,4.652805,96.900390625
08:00:08,91282CKF7,TSRYS5774875,D,S,D,2024-04-24,3000000.00,4.657213,96.875
08:00:08,91282CKF7,TSRYS5774875,D,S,T,2024-04-24,1000000.00,4.654162,96.892578125
08:00:08,91282CKF7,TSRYS5774875,D,S,D,2024-04-24,1000000.00,4.654162,96.892578125
08:00:08,91282CKF7,TSRYS5774875,D,S,D,2024-04-24,1000000.00,4.654162,96.892578125
08:00:08,91282CKF7,TSRYS5774875,D,S,D,2024-04-24,1000000.00,4.654162,96.892578125
08:00:08,91282CKF7,TSRYS5774875,D,S,D,2024-04-24,1000000.00,4.654162,96.892578125
08:00:08,91282CKF7,TSRYS5774875,D,S,D,2024-04-24,1000000.00,4.654162,96.892578125
08:00:08,91282CKF7,TSRYS5774875,D,S,D,2024-04-24,1000000.00,4.654162,96.892578125
08:00:08,91282CKF7,TSRYS5774875,D,S,D,2024-04-24,1000000.00,4.654162,96.892578125
08:00:08,91282CKF7,TSRYS5774875,D,S,D,2024-04-24,1000000.00,4.654162,96.892578125
08:00:08,91282CKF7,TSRYS5774875,D,S,T,2024-04-24,1000000.00,4.654162,96.892578125
08:00:08,91282CKF7,TSRYS5774875,D,S,D,2024-04-24,1000000.00,4.654162,96.892578125
08:00:08,91282CKF7,TSRYS5774875,D,S,D,2024-04-24,1000000.00,4.654501,96.890625
08:00:08,91282CKF7,TSRYS5774875,D,S,D,2024-04-24,2000000.00,4.654501,96.890625
08:00:08,91282CKF7,TSRYS5774875,D,S,D,2024-04-24,2000000.00,4.659927,96.859375
08:00:08,91282CKF7,TSRYS5774875,D,S,D,2024-04-24,1000000.00,4.659927,96.859375
08:00:08,91282CKF7,TSRYS5774875,D,S,D,2024-04-24,1000000.00,4.659927,96.859375
08:00:08,91282CKF7,TSRYS5774875,D,S,D,2024-04-24,2000000.00,4.666033,96.82421875
08:00:08,91282CKF7,TSRYS5774875,D,S,D,2024-04-24,2000000.00,4.663658,96.837890625
08:00:08,91282CKF7,TSRYS5774875,D,S,D,2024-04-24,1000000.00,4.663658,96.837890625
08:00:08,91282CKF7,TSRYS5774875,D,S,D,2024-04-24,1000000.00,4.659248,96.86328125
08:00:08,91282CKF7,TSRYS5774875,D,S,D,2024-04-24,2000000.00,4.657213,96.875
08:00:08,91282CKF7,TSRYS5774875,D,S,D,2024-04-24,1000000.00,4.660605,96.85546875
08:00:08,91282CKF7,TSRYS5774875,D,S,D,2024-04-24,1000000.00,4.660605,96.85546875
08:00:08,91282CKF7,TSRYS5774875,D,S,T,2024-04-24,1000000.00,4.660605,96.85546875
08:00:08,91282CKF7,TSRYS5774875,D,S,D,2024-04-24,1000000.00,4.659927,96.859375
08:00:08,91282CKF7,TSRYS5774875,D,S,T,2024-04-24,30000000.00,4.659248,96.86328125
08:00:08,91282CKF7,TSRYS5774875,D,S,T,2024-04-24,3000000.00,4.659248,96.86328125
08:00:08,91282CKF7,TSRYS5774875,D,S,T,2024-04-24,1000000.00,4.63688,96.9921875
08:00:08,91282CKF7,TSRYS5774875,D,S,T,2024-04-24,1000000.00,4.635526,97.0
08:00:09,91282CKF7,TSRYS5774875,D,S,T,2024-04-24,1000000.00,4.643655,96.953125
08:00:09,91282CKF7,TSRYS5774875,D,S,T,2024-04-24,1000000.00,4.640944,96.96875
08:00:09,91282CKF7,TSRYS5774875,D,S,D,2024-04-24,1000000.00,4.640944,96.96875
08:00:09,91282CKF7,TSRYS5774875,D,S,A,2024-04-24,10000000.00,4.638912,96.98046875
08:00:09,91282CKF7,TSRYS5774875,D,S,T,2024-04-24,1000000.00,4.638235,96.984375
08:00:09,91282CKF7,TSRYS5774875,D,B,A,2024-04-24,10000000.00,4.642977,96.95703125
08:00:09,91282CKF7,TSRYS5774875,D,S,C,2024-04-24,17000000.00,4.643655,96.953125
08:00:09,91282CKF7,TSRYS5774875,D,S,A,2024-04-24,120000.00,4.64501,96.9453125
08:00:09,91282CKF7,TSRYS5774875,D,S,T,2024-04-24,1000000.00,4.646365,96.9375
08:00:09,91282CKF7,TSRYS5774875,D,S,T,2024-04-24,1000000.00,4.630109,97.03125
08:00:09,91282CKF7,TSRYS5774875,D,S,T,2024-04-24,1000000.00,4.630109,97.03125
08:00:09,91282CKF7,TSRYS5774875,D,S,T,2024-04-24,1000000.00,4.654501,96.890625
08:00:09,91282CKF7,TSRYS5774875,D,S,T,2024-04-24,1000000.00,4.654501,96.890625
08:00:09,91282CKF7,TSRYS5774875,D,B,C,2024-04-24,8700000.00,4.655857,96.8828125
08:00:10,91282CKF7,TSRYS5774875,D,S,T,2024-04-24,1000000.00,4.657213,96.875
08:00:10,91282CKF7,TSRYS5774875,D,S,T,2024-04-24,2000000.00,4.659248,96.86328125
08:00:10,91282CKF7,TSRYS5774875,D,S,T,2024-04-24,1000000.00,4.659248,96.86328125
08:00:10,91282CKF7,TSRYS5774875,D,S,T,2024-04-24,1000000.00,4.659248,96.86328125
08:00:10,91282CKF7,TSRYS5774875,D,S,T,2024-04-24,1000000.00,4.659248,96.86328125
08:00:10,91282CKF7,TSRYS5774875,D,S,T,2024-04-24,1000000.00,4.659248,96.86328125
08:00:10,91282CKF7,TSRYS5774875,D,S,T,2024-04-24,1000000.00,4.659248,96.86328125
08:00:10,91282CKF7,TSRYS5774875,D,S,T,2024-04-24,1000000.00,4.659248,96.86328125
08:00:10,91282CKF7,TSRYS5774875,D,S,T,2024-04-24,1000000.00,4.659248,96.86328125
08:00:10,91282CKF7,TSRYS5774875,D,B,A,2024-04-24,2000000.00,4.659248,96.86328125
08:00:10,91282CKF7,TSRYS5774875,D,B,A,2024-04-24,1000000.00,4.659248,96.86328125
08:00:10,91282CKF7,TSRYS5774875,D,B,A,2024-04-24,1000000.00,4.659248,96.86328125
08:00:10,91282CKF7,TSRYS5774875,D,B,A,2024-04-24,1000000.00,4.659248,96.86328125
08:00:10,91282CKF7,TSRYS5774875,D,B,A,2024-04-24,1000000.00,4.659248,96.86328125
08:00:10,91282CKF7,TSRYS5774875,D,B,A,2024-04-24,1000000.00,4.659248,96.86328125
08:00:10,91282CKF7,TSRYS5774875,D,B,A,2024-04-24,1000000.00,4.659248,96.86328125
08:00:10,91282CKF7,TSRYS5774875,D,B,A,2024-04-24,1000000.00,4.659248,96.86328125
08:00:10,91282CKF7,TSRYS5774875,D,B,A,2024-04-24,1000000.00,4.658909,96.865234375
08:00:10,91282CKF7,TSRYS5774875,D,B,A,2024-04-24,1000000.00,4.658909,96.865234375
08:00:10,91282CKF7,TSRYS5774875,D,B,A,2024-04-24,1000000.00,4.658909,96.865234375
08:00:10,91282CKF7,TSRYS5774875,D,B,A,2024-04-24,1000000.00,4.658909,96.865234375
08:00:10,91282CKF7,TSRYS5774875,D,B,A,2024-04-24,1000000.00,4.658909,96.865234375
08:00:10,91282CKF7,TSRYS5774875,D,B,A,2024-04-24,1000000.00,4.658909,96.865234375
08:00:10,91282CKF7,TSRYS5774875,D,S,T,2024-04-24,1000000.00,4.65857,96.8671875
08:00:10,91282CKF7,TSRYS5774875,D,S,T,2024-04-24,1000000.00,4.65857,96.8671875
08:00:10,91282CKF7,TSRYS5774875,D,B,A,2024-04-24,1000000.00,4.65857,96.8671875
08:00:10,91282CKF7,TSRYS5774875,D,B,A,2024-04-24,1000000.00,4.65857,96.8671875
08:00:10,91282CKF7,TSRYS5774875,D,S,T,2024-04-24,1000000.00,4.65857,96.8671875
08:00:10,91282CKF7,TSRYS5774875,D,B,A,2024-04-24,1000000.00,4.65857,96.8671875
08:00:10,91282CKF7,TSRYS5774875,D,B,A,2024-04-24,2000000.00,4.65857,96.8671875
08:00:10,91282CKF7,TSRYS5774875,D,B,A,2024-04-24,1000000.00,4.65857,96.8671875
08:00:10,91282CKF7,TSRYS5774875,D,B,A,2024-04-24,1000000.00,4.65857,96.8671875
08:00:10,91282CKF7,TSRYS5774875,D,B,A,2024-04-24,1000000.00,4.65857,96.8671875
08:00:10,91282CKF7,TSRYS5774875,D,B,A,2024-04-24,1000000.00,4.65857,96.8671875
08:00:10,91282CKF7,TSRYS5774875,D,B,A,2024-04-24,1000000.00,4.65857,96.8671875
08:00:10,91282CKF7,TSRYS5774875,D,S,T,2024-04-24,1000000.00,4.654501,96.890625
08:00:11,91282CKF7,TSRYS5774875,D,B,C,2024-04-24,1000000.00,4.659927,96.859375
08:00:11,91282CKF7,TSRYS5774875,D,S,T,2024-04-24,1000000.00,4.654501,96.890625
08:00:11,91282CKF7,TSRYS5774875,D,S,T,2024-04-24,1000000.00,4.654501,96.890625
08:00:11,91282CKF7,TSRYS5774875,D,S,T,2024-04-24,1000000.00,4.654501,96.890625
08:00:14,91282CKF7,TSRYS5774875,D,S,T,2024-04-24,1000000.00,4.621987,97.078125
08:00:18,91282CKF7,TSRYS5774875,D,S,T,2024-04-24,1000000.00,4.621987,97.078125
08:00:18,91282CKF7,TSRYS5774875,D,S,T,2024-04-24,1000000.00,4.627401,97.046875
08:00:18,91282CKF7,TSRYS5774875,D,S,T,2024-04-24,1000000.00,4.627401,97.046875
08:00:19,91282CKF7,TSRYS5774875,D,S,T,2024-04-24,2000000.00,4.638235,96.984375
08:00:20,91282CKF7,TSRYS5774875,D,S,D,2024-04-24,1000000.00,4.631801,97.021484375
08:00:23,91282CKF7,TSRYS5774875,D,S,T,2024-04-24,1000000.00,4.627401,97.046875
08:00:23,91282CKF7,TSRYS5774875,D,S,T,2024-04-24,1000000.00,4.632817,97.015625
08:00:24,91282CKF7,TSRYS5774875,D,S,T,2024-04-24,2000000.00,4.638235,96.984375
08:00:30,91282CKF7,TSRYS5774875,D,S,D,2024-04-24,1000000.00,4.631801,97.021484375
08:00:33,91282CKF7,TSRYS5774875,D,S,D,2024-04-24,2000000.00,4.641961,96.962890625
08:00:33,91282CKF7,TSRYS5774875,D,S,D,2024-04-24,2000000.00,4.641283,96.966796875
08:00:33,91282CKF7,TSRYS5774875,D,S,D,2024-04-24,1000000.00,4.63959,96.9765625
08:00:33,91282CKF7,TSRYS5774875,D,S,D,2024-04-24,2000000.00,4.639928,96.974609375
08:00:33,91282CKF7,TSRYS5774875,D,S,D,2024-04-24,2000000.00,4.641622,96.96484375
08:00:33,91282CKF7,TSRYS5774875,D,S,D,2024-04-24,2000000.00,4.641622,96.96484375
08:00:33,91282CKF7,TSRYS5774875,D,S,D,2024-04-24,1000000.00,4.654162,96.892578125
08:00:33,91282CKF7,TSRYS5774875,D,S,D,2024-04-24,2000000.00,4.654162,96.892578125
08:00:33,91282CKF7,TSRYS5774875,D,S,D,2024-04-24,2000000.00,4.655179,96.88671875
08:00:33,91282CKF7,TSRYS5774875,D,S,D,2024-04-24,2000000.00,4.659248,96.86328125
08:00:33,91282CKF7,TSRYS5774875,D,S,D,2024-04-24,1000000.00,4.656874,96.876953125
08:00:33,91282CKF7,TSRYS5774875,D,S,D,2024-04-24,1000000.00,4.659248,96.86328125
08:00:33,91282CKF7,TSRYS5774875,D,S,D,2024-04-24,1000000.00,4.63959,96.9765625
08:00:33,91282CKF7,TSRYS5774875,D,S,D,2024-04-24,1000000.00,4.637557,96.98828125
08:00:33,91282CKF7,TSRYS5774875,D,S,D,2024-04-24,1000000.00,4.637557,96.98828125
08:00:33,91282CKF7,TSRYS5774875,D,S,D,2024-04-24,2000000.00,4.637557,96.98828125
08:00:33,91282CKF7,TSRYS5774875,D,S,D,2024-04-24,1000000.00,4.63688,96.9921875
08:00:33,91282CKF7,TSRYS5774875,D,S,D,2024-04-24,1000000.00,4.63688,96.9921875
08:00:33,91282CKF7,TSRYS5774875,D,S,D,2024-04-24,1000000.00,4.63688,96.9921875
08:00:33,91282CKF7,TSRYS5774875,D,S,D,2024-04-24,1000000.00,4.63688,96.9921875
08:00:33,91282CKF7,TSRYS5774875,D,S,D,2024-04-24,1000000.00,4.643655,96.953125
08:00:33,91282CKF7,TSRYS5774875,D,S,D,2024-04-24,1000000.00,4.64501,96.9453125
08:00:33,91282CKF7,TSRYS5774875,D,S,D,2024-04-24,1000000.00,4.64501,96.9453125
08:00:33,91282CKF7,TSRYS5774875,D,S,D,2024-04-24,2000000.00,4.643994,96.951171875
08:00:33,91282CKF7,TSRYS5774875,D,S,D,2024-04-24,1000000.00,4.645688,96.94140625
08:00:33,91282CKF7,TSRYS5774875,D,S,D,2024-04-24,1000000.00,4.645688,96.94140625
08:00:33,91282CKF7,TSRYS5774875,D,S,D,2024-04-24,1000000.00,4.645688,96.94140625
08:00:33,91282CKF7,TSRYS5774875,D,S,D,2024-04-24,2000000.00,4.6423,96.9609375
08:00:33,91282CKF7,TSRYS5774875,D,S,D,2024-04-24,1000000.00,4.6423,96.9609375
08:00:33,91282CKF7,TSRYS5774875,D,S,D,2024-04-24,2000000.00,4.642638,96.958984375
08:00:33,91282CKF7,TSRYS5774875,D,S,D,2024-04-24,1000000.00,4.641961,96.962890625
08:00:33,91282CKF7,TSRYS5774875,D,S,D,2024-04-24,3000000.00,4.640944,96.96875
08:00:33,91282CKF7,TSRYS5774875,D,S,D,2024-04-24,2000000.00,4.63959,96.9765625
08:00:33,91282CKF7,TSRYS5774875,D,S,D,2024-04-24,1000000.00,4.638912,96.98046875
08:00:33,91282CKF7,TSRYS5774875,D,S,D,2024-04-24,1000000.00,4.638912,96.98046875
08:00:33,91282CKF7,TSRYS5774875,D,S,D,2024-04-24,1000000.00,4.656535,96.87890625
08:00:33,91282CKF7,TSRYS5774875,D,S,D,2024-04-24,1000000.00,4.654162,96.892578125
08:00:33,91282CKF7,TSRYS5774875,D,S,D,2024-04-24,1000000.00,4.654162,96.892578125
08:00:33,91282CKF7,TSRYS5774875,D,S,D,2024-04-24,1000000.00,4.654162,96.892578125
08:00:33,91282CKF7,TSRYS5774875,D,S,D,2024-04-24,1000000.00,4.654162,96.892578125
08:00:33,91282CKF7,TSRYS5774875,D,S,D,2024-04-24,2000000.00,4.654162,96.892578125
08:00:33,91282CKF7,TSRYS5774875,D,S,D,2024-04-24,2000000.00,4.654162,96.892578125
08:00:33,91282CKF7,TSRYS5774875,D,S,D,2024-04-24,4000000.00,4.65857,96.8671875
08:00:33,91282CKF7,TSRYS5774875,D,S,D,2024-04-24,2000000.00,4.666712,96.8203125
08:00:33,91282CKF7,TSRYS5774875,D,S,D,2024-04-24,1000000.00,4.666712,96.8203125
08:00:33,91282CKF7,TSRYS5774875,D,S,D,2024-04-24,2000000.00,4.666712,96.8203125
08:00:33,91282CKF7,TSRYS5774875,D,S,D,2024-04-24,2000000.00,4.659588,96.861328125
08:00:33,91282CKF7,TSRYS5774875,D,S,D,2024-04-24,2000000.00,4.659248,96.86328125
08:00:33,91282CKF7,TSRYS5774875,D,S,D,2024-04-24,2000000.00,4.659248,96.86328125
08:00:33,91282CKF7,TSRYS5774875,D,S,D,2024-04-24,1000000.00,4.659248,96.86328125
08:00:33,91282CKF7,TSRYS5774875,D,S,D,2024-04-24,1000000.00,4.657213,96.875
08:00:33,91282CKF7,TSRYS5774875,D,S,D,2024-04-24,2000000.00,4.657213,96.875
08:00:33,91282CKF7,TSRYS5774875,D,S,D,2024-04-24,2000000.00,4.656874,96.876953125
08:00:33,91282CKF7,TSRYS5774875,D,S,D,2024-04-24,1000000.00,4.656874,96.876953125
08:00:33,91282CKF7,TSRYS5774875,D,S,D,2024-04-24,2000000.00,4.659248,96.86328125
08:00:33,91282CKF7,TSRYS5774875,D,S,D,2024-04-24,2000000.00,4.659588,96.861328125
08:00:33,91282CKF7,TSRYS5774875,D,S,D,2024-04-24,1000000.00,4.659248,96.86328125
08:00:33,91282CKF7,TSRYS5774875,D,S,D,2024-04-24,1000000.00,4.659248,96.86328125
08:00:33,91282CKF7,TSRYS5774875,D,S,T,2024-04-24,2000000.00,4.63688,96.9921875
08:00:33,91282CKF7,TSRYS5774875,D,S,T,2024-04-24,2000000.00,4.635526,97.0
08:00:33,91282CKF7,TSRYS5774875,D,S,T,2024-04-24,2000000.00,4.642638,96.958984375
08:00:33,91282CKF7,TSRYS5774875,D,S,T,2024-04-24,1000000.00,4.642638,96.958984375
08:00:33,91282CKF7,TSRYS5774875,D,S,T,2024-04-24,2000000.00,4.641961,96.962890625
08:00:33,91282CKF7,TSRYS5774875,D,S,T,2024-04-24,1000000.00,4.641961,96.962890625
08:00:33,91282CKF7,TSRYS5774875,D,S,T,2024-04-24,1000000.00,4.6423,96.9609375
08:00:33,91282CKF7,TSRYS5774875,D,S,T,2024-04-24,1000000.00,4.6423,96.9609375
08:00:33,91282CKF7,TSRYS5774875,D,S,T,2024-04-24,1000000.00,4.6423,96.9609375
08:00:33,91282CKF7,TSRYS5774875,D,S,T,2024-04-24,1000000.00,4.63959,96.9765625
08:00:33,91282CKF7,TSRYS5774875,D,S,T,2024-04-24,1000000.00,4.63959,96.9765625
08:00:33,91282CKF7,TSRYS5774875,D,S,T,2024-04-24,2000000.00,4.63959,96.9765625
08:00:33,91282CKF7,TSRYS5774875,D,S,T,2024-04-24,2000000.00,4.639928,96.974609375
08:00:33,91282CKF7,TSRYS5774875,D,S,T,2024-04-24,2000000.00,4.639928,96.974609375
08:00:33,91282CKF7,TSRYS5774875,D,S,T,2024-04-24,2000000.00,4.641622,96.96484375
08:00:33,91282CKF7,TSRYS5774875,D,S,T,2024-04-24,2000000.00,4.641622,96.96484375
08:00:33,91282CKF7,TSRYS5774875,D,S,T,2024-04-24,2000000.00,4.641622,96.96484375
08:00:33,91282CKF7,TSRYS5774875,D,S,T,2024-04-24,2000000.00,4.654501,96.890625
08:00:33,91282CKF7,TSRYS5774875,D,S,T,2024-04-24,2000000.00,4.653144,96.8984375
08:00:33,91282CKF7,TSRYS5774875,D,S,T,2024-04-24,1000000.00,4.655179,96.88671875
08:00:33,91282CKF7,TSRYS5774875,D,S,T,2024-04-24,1000000.00,4.655179,96.88671875
08:00:33,91282CKF7,TSRYS5774875,D,S,T,2024-04-24,2000000.00,4.654162,96.892578125
08:00:33,91282CKF7,TSRYS5774875,D,S,T,2024-04-24,2000000.00,4.663658,96.837890625
08:00:33,91282CKF7,TSRYS5774875,D,S,T,2024-04-24,1000000.00,4.663658,96.837890625
08:00:33,91282CKF7,TSRYS5774875,D,S,T,2024-04-24,1000000.00,4.660944,96.853515625
08:00:33,91282CKF7,TSRYS5774875,D,S,T,2024-04-24,2000000.00,4.65857,96.8671875
08:00:33,91282CKF7,TSRYS5774875,D,S,T,2024-04-24,2000000.00,4.65857,96.8671875
08:00:33,91282CKF7,TSRYS5774875,D,S,T,2024-04-24,1000000.00,4.658909,96.865234375
08:00:33,91282CKF7,TSRYS5774875,D,S,T,2024-04-24,2000000.00,4.659927,96.859375
08:00:33,91282CKF7,TSRYS5774875,D,S,T,2024-04-24,1000000.00,4.659248,96.86328125
08:00:33,91282CKF7,TSRYS5774875,D,S,T,2024-04-24,1000000.00,4.659248,96.86328125
08:00:33,91282CKF7,TSRYS5774875,D,S,T,2024-04-24,1000000.00,4.659248,96.86328125
08:00:33,91282CKF7,TSRYS5774875,D,S,T,2024-04-24,1000000.00,4.618943,97.095703125
08:00:33,91282CKF7,TSRYS5774875,D,S,T,2024-04-24,1000000.00,4.619281,97.09375
08:00:33,91282CKF7,TSRYS5774875,D,S,T,2024-04-24,1000000.00,4.619281,97.09375
08:00:33,91282CKF7,TSRYS5774875,D,S,T,2024-04-24,1000000.00,4.619281,97.09375
08:00:33,91282CKF7,TSRYS5774875,D,S,T,2024-04-24,1000000.00,4.619281,97.09375
08:00:33,91282CKF7,TSRYS5774875,D,S,T,2024-04-24,1000000.00,4.619281,97.09375
08:00:33,91282CKF7,TSRYS5774875,D,S,T,2024-04-24,1000000.00,4.618605,97.09765625
08:00:33,91282CKF7,TSRYS5774875,D,S,T,2024-04-24,4000000.00,4.621311,97.08203125
08:00:33,91282CKF7,TSRYS5774875,D,S,T,2024-04-24,1000000.00,4.624694,97.0625
08:00:33,91282CKF7,TSRYS5774875,D,S,T,2024-04-24,1000000.00,4.630109,97.03125
08:00:33,91282CKF7,TSRYS5774875,D,S,T,2024-04-24,1000000.00,4.632817,97.015625
08:00:33,91282CKF7,TSRYS5774875,D,S,T,2024-04-24,1000000.00,4.632817,97.015625
08:00:33,91282CKF7,TSRYS5774875,D,S,T,2024-04-24,1000000.00,4.635526,97.0
08:00:33,91282CKF7,TSRYS5774875,D,S,T,2024-04-24,2000000.00,4.636203,96.99609375
08:00:33,91282CKF7,TSRYS5774875,D,S,T,2024-04-24,1000000.00,4.636203,96.99609375
08:00:33,91282CKF7,TSRYS5774875,D,S,T,2024-04-24,1000000.00,4.636203,96.99609375
08:00:33,91282CKF7,TSRYS5774875,D,S,T,2024-04-24,1000000.00,4.635526,97.0
08:00:33,91282CKF7,TSRYS5774875,D,S,T,2024-04-24,1000000.00,4.636203,96.99609375
08:00:33,91282CKF7,TSRYS5774875,D,S,T,2024-04-24,1000000.00,4.636541,96.994140625
08:00:33,91282CKF7,TSRYS5774875,D,S,T,2024-04-24,1000000.00,4.638573,96.982421875
08:00:33,91282CKF7,TSRYS5774875,D,S,T,2024-04-24,1000000.00,4.638573,96.982421875
08:00:33,91282CKF7,TSRYS5774875,D,S,T,2024-04-24,1000000.00,4.638573,96.982421875
08:00:33,91282CKF7,TSRYS5774875,D,S,T,2024-04-24,1000000.00,4.638573,96.982421875
08:00:33,91282CKF7,TSRYS5774875,D,S,T,2024-04-24,1000000.00,4.640944,96.96875
08:00:33,91282CKF7,TSRYS5774875,D,S,T,2024-04-24,1000000.00,4.640944,96.96875
08:00:33,91282CKF7,TSRYS5774875,D,S,T,2024-04-24,1000000.00,4.640944,96.96875
08:00:33,91282CKF7,TSRYS5774875,D,S,T,2024-04-24,1000000.00,4.635526,97.0
08:00:33,91282CKF7,TSRYS5774875,D,S,T,2024-04-24,1000000.00,4.63688,96.9921875
08:00:33,91282CKF7,TSRYS5774875,D,S,T,2024-04-24,1000000.00,4.63688,96.9921875
08:00:33,91282CKF7,TSRYS5774875,D,S,T,2024-04-24,1000000.00,4.637219,96.990234375
08:00:33,91282CKF7,TSRYS5774875,D,S,T,2024-04-24,1000000.00,4.638573,96.982421875
08:00:33,91282CKF7,TSRYS5774875,D,S,T,2024-04-24,1000000.00,4.638235,96.984375
08:00:33,91282CKF7,TSRYS5774875,D,S,T,2024-04-24,1000000.00,4.638235,96.984375
08:00:33,91282CKF7,TSRYS5774875,D,S,T,2024-04-24,1000000.00,4.638235,96.984375
08:00:33,91282CKF7,TSRYS5774875,D,S,T,2024-04-24,1000000.00,4.638235,96.984375
08:00:33,91282CKF7,TSRYS5774875,D,S,T,2024-04-24,1000000.00,4.635526,97.0
08:00:33,91282CKF7,TSRYS5774875,D,S,T,2024-04-24,3000000.00,4.635526,97.0
08:00:33,91282CKF7,TSRYS5774875,D,S,T,2024-04-24,1000000.00,4.635526,97.0
08:00:33,91282CKF7,TSRYS5774875,D,S,T,2024-04-24,1000000.00,4.635526,97.0
08:00:33,91282CKF7,TSRYS5774875,D,S,T,2024-04-24,1000000.00,4.643655,96.953125
08:00:33,91282CKF7,TSRYS5774875,D,S,T,2024-04-24,1000000.00,4.640944,96.96875
08:00:33,91282CKF7,TSRYS5774875,D,S,T,2024-04-24,1000000.00,4.640944,96.96875
08:00:33,91282CKF7,TSRYS5774875,D,S,T,2024-04-24,3000000.00,4.639928,96.974609375
08:00:33,91282CKF7,TSRYS5774875,D,S,T,2024-04-24,3000000.00,4.639928,96.974609375
08:00:33,91282CKF7,TSRYS5774875,D,S,T,2024-04-24,2000000.00,4.639928,96.974609375
08:00:33,91282CKF7,TSRYS5774875,D,S,T,2024-04-24,1000000.00,4.639928,96.974609375
08:00:33,91282CKF7,TSRYS5774875,D,S,T,2024-04-24,1000000.00,4.639928,96.974609375
08:00:33,91282CKF7,TSRYS5774875,D,S,T,2024-04-24,1000000.00,4.638235,96.984375
08:00:33,91282CKF7,TSRYS5774875,D,S,T,2024-04-24,1000000.00,4.638235,96.984375
08:00:33,91282CKF7,TSRYS5774875,D,S,T,2024-04-24,6000000.00,4.641622,96.96484375
08:00:33,91282CKF7,TSRYS5774875,D,S,T,2024-04-24,4000000.00,4.641622,96.96484375
08:00:33,91282CKF7,TSRYS5774875,D,S,T,2024-04-24,3000000.00,4.640944,96.96875
08:00:33,91282CKF7,TSRYS5774875,D,S,T,2024-04-24,1000000.00,4.640944,96.96875
08:00:33,91282CKF7,TSRYS5774875,D,S,T,2024-04-24,3000000.00,4.640944,96.96875
08:00:33,91282CKF7,TSRYS5774875,D,S,T,2024-04-24,1000000.00,4.640944,96.96875
08:00:33,91282CKF7,TSRYS5774875,D,S,T,2024-04-24,1000000.00,4.643655,96.953125
08:00:33,91282CKF7,TSRYS5774875,D,S,T,2024-04-24,1000000.00,4.643655,96.953125
08:00:33,91282CKF7,TSRYS5774875,D,S,T,2024-04-24,1000000.00,4.646365,96.9375
08:00:33,91282CKF7,TSRYS5774875,D,S,T,2024-04-24,2000000.00,4.644332,96.94921875
08:00:33,91282CKF7,TSRYS5774875,D,S,T,2024-04-24,1000000.00,4.643655,96.953125
08:00:33,91282CKF7,TSRYS5774875,D,S,T,2024-04-24,1000000.00,4.646365,96.9375
08:00:33,91282CKF7,TSRYS5774875,D,S,T,2024-04-24,1000000.00,4.646365,96.9375
08:00:33,91282CKF7,TSRYS5774875,D,S,T,2024-04-24,1000000.00,4.643655,96.953125
08:00:33,91282CKF7,TSRYS5774875,D,S,T,2024-04-24,1000000.00,4.646365,96.9375
08:00:33,91282CKF7,TSRYS5774875,D,S,T,2024-04-24,1000000.00,4.646365,96.9375
08:00:33,91282CKF7,TSRYS5774875,D,S,T,2024-04-24,1000000.00,4.646365,96.9375
08:00:33,91282CKF7,TSRYS5774875,D,S,T,2024-04-24,1000000.00,4.646365,96.9375
08:00:33,91282CKF7,TSRYS5774875,D,S,T,2024-04-24,1000000.00,4.646365,96.9375
08:00:33,91282CKF7,TSRYS5774875,D,S,T,2024-04-24,1000000.00,4.646365,96.9375
08:00:33,91282CKF7,TSRYS5774875,D,S,T,2024-04-24,1000000.00,4.646365,96.9375
08:00:33,91282CKF7,TSRYS5774875,D,S,T,2024-04-24,1000000.00,4.649077,96.921875
08:00:33,91282CKF7,TSRYS5774875,D,S,T,2024-04-24,1000000.00,4.649077,96.921875
08:00:33,91282CKF7,TSRYS5774875,D,S,T,2024-04-24,1000000.00,4.649077,96.921875
08:00:33,91282CKF7,TSRYS5774875,D,S,T,2024-04-24,1000000.00,4.650771,96.912109375
08:00:33,91282CKF7,TSRYS5774875,D,S,T,2024-04-24,1000000.00,4.654501,96.890625
08:00:33,91282CKF7,TSRYS5774875,D,S,T,2024-04-24,1000000.00,4.654501,96.890625
08:00:33,91282CKF7,TSRYS5774875,D,S,T,2024-04-24,1000000.00,4.654501,96.890625
08:00:33,91282CKF7,TSRYS5774875,D,S,T,2024-04-24,1000000.00,4.654501,96.890625
08:00:33,91282CKF7,TSRYS5774875,D,S,T,2024-04-24,1000000.00,4.654501,96.890625
08:00:33,91282CKF7,TSRYS5774875,D,S,T,2024-04-24,1000000.00,4.654501,96.890625
08:00:33,91282CKF7,TSRYS5774875,D,S,T,2024-04-24,2000000.00,4.655518,96.884765625
08:00:33,91282CKF7,TSRYS5774875,D,S,T,2024-04-24,1000000.00,4.654501,96.890625
08:00:33,91282CKF7,TSRYS5774875,D,S,T,2024-04-24,2000000.00,4.654501,96.890625
08:00:33,91282CKF7,TSRYS5774875,D,S,T,2024-04-24,1000000.00,4.654501,96.890625
08:00:33,91282CKF7,TSRYS5774875,D,S,T,2024-04-24,1000000.00,4.651788,96.90625
08:00:33,91282CKF7,TSRYS5774875,D,S,T,2024-04-24,1000000.00,4.651788,96.90625
08:00:33,91282CKF7,TSRYS5774875,D,S,T,2024-04-24,1000000.00,4.652805,96.900390625
08:00:33,91282CKF7,TSRYS5774875,D,S,T,2024-04-24,1000000.00,4.654501,96.890625
08:00:33,91282CKF7,TSRYS5774875,D,S,T,2024-04-24,1000000.00,4.654501,96.890625
08:00:33,91282CKF7,TSRYS5774875,D,S,T,2024-04-24,1000000.00,4.654501,96.890625
08:00:33,91282CKF7,TSRYS5774875,D,S,T,2024-04-24,1000000.00,4.654501,96.890625
08:00:33,91282CKF7,TSRYS5774875,D,S,T,2024-04-24,1000000.00,4.654501,96.890625
08:00:33,91282CKF7,TSRYS5774875,D,S,T,2024-04-24,1000000.00,4.654501,96.890625
08:00:33,91282CKF7,TSRYS5774875,D,S,T,2024-04-24,1000000.00,4.654501,96.890625
08:00:33,91282CKF7,TSRYS5774875,D,S,T,2024-04-24,1000000.00,4.654501,96.890625
08:00:33,91282CKF7,TSRYS5774875,D,S,T,2024-04-24,1000000.00,4.654501,96.890625
08:00:33,91282CKF7,TSRYS5774875,D,S,T,2024-04-24,1000000.00,4.654501,96.890625
08:00:33,91282CKF7,TSRYS5774875,D,S,T,2024-04-24,1000000.00,4.654501,96.890625
08:00:33,91282CKF7,TSRYS5774875,D,S,T,2024-04-24,1000000.00,4.654501,96.890625
08:00:33,91282CKF7,TSRYS5774875,D,S,T,2024-04-24,1000000.00,4.654501,96.890625
08:00:33,91282CKF7,TSRYS5774875,D,S,T,2024-04-24,1000000.00,4.65484,96.888671875
08:00:33,91282CKF7,TSRYS5774875,D,S,T,2024-04-24,1000000.00,4.654501,96.890625
08:00:33,91282CKF7,TSRYS5774875,D,S,T,2024-04-24,1000000.00,4.654501,96.890625
08:00:33,91282CKF7,TSRYS5774875,D,S,T,2024-04-24,1000000.00,4.654501,96.890625
08:00:33,91282CKF7,TSRYS5774875,D,S,T,2024-04-24,1000000.00,4.654501,96.890625
08:00:33,91282CKF7,TSRYS5774875,D,S,T,2024-04-24,1000000.00,4.654501,96.890625
08:00:33,91282CKF7,TSRYS5774875,D,S,T,2024-04-24,1000000.00,4.654501,96.890625
08:00:33,91282CKF7,TSRYS5774875,D,S,T,2024-04-24,1000000.00,4.654501,96.890625
08:00:33,91282CKF7,TSRYS5774875,D,S,T,2024-04-24,1000000.00,4.657213,96.875
08:00:33,91282CKF7,TSRYS5774875,D,S,T,2024-04-24,1000000.00,4.655179,96.88671875
08:00:33,91282CKF7,TSRYS5774875,D,S,T,2024-04-24,1000000.00,4.654501,96.890625
08:00:33,91282CKF7,TSRYS5774875,D,S,T,2024-04-24,1000000.00,4.659927,96.859375
08:00:33,91282CKF7,TSRYS5774875,D,S,T,2024-04-24,1000000.00,4.66264,96.84375
08:00:33,91282CKF7,TSRYS5774875,D,S,T,2024-04-24,1000000.00,4.659927,96.859375
08:00:33,91282CKF7,TSRYS5774875,D,S,T,2024-04-24,1000000.00,4.659927,96.859375
08:00:33,91282CKF7,TSRYS5774875,D,S,T,2024-04-24,1000000.00,4.659927,96.859375
08:00:33,91282CKF7,TSRYS5774875,D,S,T,2024-04-24,1000000.00,4.659927,96.859375
08:00:33,91282CKF7,TSRYS5774875,D,S,T,2024-04-24,1000000.00,4.657213,96.875
08:00:33,91282CKF7,TSRYS5774875,D,S,T,2024-04-24,1000000.00,4.657213,96.875
08:00:33,91282CKF7,TSRYS5774875,D,S,T,2024-04-24,1000000.00,4.657213,96.875
08:00:33,91282CKF7,TSRYS5774875,D,S,T,2024-04-24,1000000.00,4.657213,96.875
08:00:33,91282CKF7,TSRYS5774875,D,S,T,2024-04-24,1000000.00,4.658231,96.869140625
08:00:33,91282CKF7,TSRYS5774875,D,S,T,2024-04-24,1000000.00,4.657892,96.87109375
08:00:33,91282CKF7,TSRYS5774875,D,S,T,2024-04-24,1000000.00,4.659927,96.859375
08:00:33,91282CKF7,TSRYS5774875,D,S,T,2024-04-24,1000000.00,4.659927,96.859375
08:00:33,91282CKF7,TSRYS5774875,D,S,T,2024-04-24,1000000.00,4.654501,96.890625
08:00:33,91282CKF7,TSRYS5774875,D,S,T,2024-04-24,1000000.00,4.654501,96.890625
08:00:33,91282CKF7,TSRYS5774875,D,S,T,2024-04-24,1000000.00,4.656535,96.87890625
08:00:33,91282CKF7,TSRYS5774875,D,S,T,2024-04-24,1000000.00,4.656535,96.87890625
08:00:33,91282CKF7,TSRYS5774875,D,S,T,2024-04-24,1000000.00,4.656874,96.876953125
08:00:33,91282CKF7,TSRYS5774875,D,S,T,2024-04-24,1000000.00,4.657213,96.875
08:00:33,91282CKF7,TSRYS5774875,D,S,T,2024-04-24,1000000.00,4.657213,96.875
08:00:33,91282CKF7,TSRYS5774875,D,S,T,2024-04-24,1000000.00,4.657213,96.875
08:00:33,91282CKF7,TSRYS5774875,D,S,T,2024-04-24,1000000.00,4.657213,96.875
08:00:33,91282CKF7,TSRYS5774875,D,S,T,2024-04-24,1000000.00,4.657213,96.875
08:00:33,91282CKF7,TSRYS5774875,D,S,T,2024-04-24,2000000.00,4.658909,96.865234375
08:00:33,91282CKF7,TSRYS5774875,D,S,T,2024-04-24,1000000.00,4.659927,96.859375
08:00:33,91282CKF7,TSRYS5774875,D,S,T,2024-04-24,1000000.00,4.659927,96.859375
08:00:33,91282CKF7,TSRYS5774875,D,S,T,2024-04-24,1000000.00,4.659927,96.859375
08:00:33,91282CKF7,TSRYS5774875,D,S,T,2024-04-24,2000000.00,4.659927,96.859375
08:00:33,91282CKF7,TSRYS5774875,D,S,T,2024-04-24,1000000.00,4.659927,96.859375
08:00:33,91282CKF7,TSRYS5774875,D,S,T,2024-04-24,1000000.00,4.659927,96.859375
08:00:33,91282CKF7,TSRYS5774875,D,S,T,2024-04-24,2000000.00,4.660266,96.857421875
08:00:33,91282CKF7,TSRYS5774875,D,S,T,2024-04-24,1000000.00,4.659927,96.859375
08:00:33,91282CKF7,TSRYS5774875,D,S,T,2024-04-24,1000000.00,4.638235,96.984375
08:00:33,91282CKF7,TSRYS5774875,D,S,T,2024-04-24,1000000.00,4.640944,96.96875
08:00:33,91282CKF7,TSRYS5774875,D,S,T,2024-04-24,1000000.00,4.640944,96.96875
08:00:33,91282CKF7,TSRYS5774875,D,S,T,2024-04-24,1000000.00,4.640944,96.96875
08:00:33,91282CKF7,TSRYS5774875,D,S,T,2024-04-24,1000000.00,4.640944,96.96875
08:00:33,91282CKF7,TSRYS5774875,D,S,T,2024-04-24,1000000.00,4.643655,96.953125
08:00:33,91282CKF7,TSRYS5774875,D,S,T,2024-04-24,1000000.00,4.643655,96.953125
08:00:33,91282CKF7,TSRYS5774875,D,S,T,2024-04-24,1000000.00,4.643655,96.953125
08:00:33,91282CKF7,TSRYS5774875,D,S,T,2024-04-24,1000000.00,4.643655,96.953125
08:00:33,91282CKF7,TSRYS5774875,D,S,T,2024-04-24,1000000.00,4.646365,96.9375
08:00:33,91282CKF7,TSRYS5774875,D,S,T,2024-04-24,1000000.00,4.657213,96.875
08:00:33,91282CKF7,TSRYS5774875,D,S,T,2024-04-24,1000000.00,4.659927,96.859375
08:00:33,91282CKF7,TSRYS5774875,D,S,T,2024-04-24,1000000.00,4.618605,97.09765625
08:00:33,91282CKF7,TSRYS5774875,D,S,T,2024-04-24,1000000.00,4.628078,97.04296875
08:00:33,91282CKF7,TSRYS5774875,D,S,T,2024-04-24,1000000.00,4.628078,97.04296875
08:00:33,91282CKF7,TSRYS5774875,D,S,T,2024-04-24,1000000.00,4.636203,96.99609375
08:00:33,91282CKF7,TSRYS5774875,D,S,T,2024-04-24,1000000.00,4.636203,96.99609375
08:00:33,91282CKF7,TSRYS5774875,D,S,T,2024-04-24,1000000.00,4.636203,96.99609375
08:00:33,91282CKF7,TSRYS5774875,D,S,T,2024-04-24,1000000.00,4.636203,96.99609375
08:00:33,91282CKF7,TSRYS5774875,D,S,T,2024-04-24,1000000.00,4.63959,96.9765625
08:00:33,91282CKF7,TSRYS5774875,D,S,T,2024-04-24,1000000.00,4.643316,96.955078125
08:00:33,91282CKF7,TSRYS5774875,D,S,T,2024-04-24,1000000.00,4.642977,96.95703125
08:00:33,91282CKF7,TSRYS5774875,D,S,T,2024-04-24,1000000.00,4.643655,96.953125
08:00:33,91282CKF7,TSRYS5774875,D,S,T,2024-04-24,1000000.00,4.653823,96.89453125
08:00:33,91282CKF7,TSRYS5774875,D,S,T,2024-04-24,1000000.00,4.654501,96.890625
08:00:33,91282CKF7,TSRYS5774875,D,S,T,2024-04-24,1000000.00,4.654501,96.890625
08:00:33,91282CKF7,TSRYS5774875,D,S,T,2024-04-24,1000000.00,4.659927,96.859375
08:00:33,91282CKF7,TSRYS5774875,D,S,T,2024-04-24,1000000.00,4.660266,96.857421875
08:00:33,91282CKF7,TSRYS5774875,D,S,D,2024-04-24,1000000.00,4.654501,96.890625
08:00:37,91282CKF7,TSRYS5774875,D,S,T,2024-04-24,1000000.00,4.640944,96.96875
08:00:37,91282CKF7,TSRYS5774875,D,S,T,2024-04-24,1000000.00,4.640944,96.96875
08:00:37,91282CKF7,TSRYS5774875,D,S,T,2024-04-24,1000000.00,4.643655,96.953125
08:00:37,91282CKF7,TSRYS5774875,D,S,D,2024-04-24,2000000.00,4.641283,96.966796875
08:00:38,91282CKF7,TSRYS5774875,D,S,D,2024-04-24,2000000.00,4.639928,96.974609375
08:00:38,91282CKF7,TSRYS5774875,D,S,D,2024-04-24,1000000.00,4.640944,96.96875
08:00:40,91282CKF7,TSRYS5774875,D,S,D,2024-04-24,2000000.00,4.641622,96.96484375
08:00:40,91282CKF7,TSRYS5774875,D,S,D,2024-04-24,2000000.00,4.641622,96.96484375
08:00:40,91282CKF7,TSRYS5774875,D,S,T,2024-04-24,1000000.00,4.618943,97.095703125
08:00:40,91282CKF7,TSRYS5774875,D,S,T,2024-04-24,1000000.00,4.618943,97.095703125
08:00:40,91282CKF7,TSRYS5774875,D,S,C,2024-04-24,2755000.00,4.631463,97.0234375
08:00:40,91282CKF7,TSRYS5774875,D,S,T,2024-04-24,1000000.00,4.624017,97.06640625
08:00:40,91282CKF7,TSRYS5774875,D,S,T,2024-04-24,1000000.00,4.624017,97.06640625
08:00:40,91282CKF7,TSRYS5774875,D,S,T,2024-04-24,1000000.00,4.620634,97.0859375
08:00:40,91282CKF7,TSRYS5774875,D,S,T,2024-04-24,1000000.00,4.621311,97.08203125
08:00:40,91282CKF7,TSRYS5774875,D,S,T,2024-04-24,1000000.00,4.621311,97.08203125
08:00:40,91282CKF7,TSRYS5774875,D,S,T,2024-04-24,1000000.00,4.621311,97.08203125
08:00:40,91282CKF7,TSRYS5774875,D,S,T,2024-04-24,1000000.00,4.621311,97.08203125
08:00:40,91282CKF7,TSRYS5774875,D,S,T,2024-04-24,1000000.00,4.621311,97.08203125
08:00:40,91282CKF7,TSRYS5774875,D,S,T,2024-04-24,1000000.00,4.621311,97.08203125
08:00:40,91282CKF7,TSRYS5774875,D,S,T,2024-04-24,1000000.00,4.621311,97.08203125
08:00:40,91282CKF7,TSRYS5774875,D,S,T,2024-04-24,1000000.00,4.621311,97.08203125
08:00:40,91282CKF7,TSRYS5774875,D,S,T,2024-04-24,1000000.00,4.621311,97.08203125
08:00:40,91282CKF7,TSRYS5774875,D,S,T,2024-04-24,1000000.00,4.621311,97.08203125
08:00:40,91282CKF7,TSRYS5774875,D,S,T,2024-04-24,1000000.00,4.621311,97.08203125
08:00:40,91282CKF7,TSRYS5774875,D,S,T,2024-04-24,1000000.00,4.62334,97.0703125
08:00:40,91282CKF7,TSRYS5774875,D,S,T,2024-04-24,1000000.00,4.62334,97.0703125
08:00:41,91282CKF7,TSRYS5774875,D,S,T,2024-04-24,1000000.00,4.632817,97.015625
08:00:41,91282CKF7,TSRYS5774875,D,S,T,2024-04-24,1000000.00,4.638235,96.984375
08:00:41,91282CKF7,TSRYS5774875,D,S,T,2024-04-24,1000000.00,4.640944,96.96875
08:00:41,91282CKF7,TSRYS5774875,D,S,T,2024-04-24,1000000.00,4.635526,97.0
08:00:41,91282CKF7,TSRYS5774875,D,S,D,2024-04-24,1000000.00,4.637557,96.98828125
08:00:41,91282CKF7,TSRYS5774875,D,S,D,2024-04-24,1000000.00,4.637557,96.98828125
08:00:41,91282CKF7,TSRYS5774875,D,S,T,2024-04-24,1000000.00,4.637557,96.98828125
08:00:41,91282CKF7,TSRYS5774875,D,S,D,2024-04-24,1000000.00,4.637557,96.98828125
08:00:41,91282CKF7,TSRYS5774875,D,S,D,2024-04-24,1000000.00,4.637557,96.98828125
08:00:41,91282CKF7,TSRYS5774875,D,S,D,2024-04-24,1000000.00,4.637557,96.98828125
08:00:41,91282CKF7,TSRYS5774875,D,S,D,2024-04-24,1000000.00,4.637557,96.98828125
08:00:41,91282CKF7,TSRYS5774875,D,S,T,2024-04-24,1000000.00,4.637557,96.98828125
08:00:41,91282CKF7,TSRYS5774875,D,S,D,2024-04-24,1000000.00,4.637557,96.98828125
08:00:41,91282CKF7,TSRYS5774875,D,S,T,2024-04-24,1000000.00,4.637557,96.98828125
08:00:41,91282CKF7,TSRYS5774875,D,S,T,2024-04-24,1000000.00,4.635526,97.0
08:00:41,91282CKF7,TSRYS5774875,D,S,T,2024-04-24,1000000.00,4.635526,97.0
08:00:41,91282CKF7,TSRYS5774875,D,S,T,2024-04-24,1000000.00,4.635526,97.0
08:00:41,91282CKF7,TSRYS5774875,D,S,T,2024-04-24,1000000.00,4.642977,96.95703125
08:00:41,91282CKF7,TSRYS5774875,D,S,D,2024-04-24,2000000.00,4.6423,96.9609375
08:00:41,91282CKF7,TSRYS5774875,D,S,T,2024-04-24,1000000.00,4.646365,96.9375
08:00:41,91282CKF7,TSRYS5774875,D,S,D,2024-04-24,2000000.00,4.641961,96.962890625
08:00:41,91282CKF7,TSRYS5774875,D,S,T,2024-04-24,1000000.00,4.646365,96.9375
08:00:41,91282CKF7,TSRYS5774875,D,S,T,2024-04-24,1000000.00,4.646365,96.9375
08:00:41,91282CKF7,TSRYS5774875,D,S,T,2024-04-24,1000000.00,4.654501,96.890625
08:00:41,91282CKF7,TSRYS5774875,D,S,T,2024-04-24,1000000.00,4.66264,96.84375
08:00:41,91282CKF7,TSRYS5774875,D,S,T,2024-04-24,1000000.00,4.659248,96.86328125
08:00:41,91282CKF7,TSRYS5774875,D,S,D,2024-04-24,1000000.00,4.659248,96.86328125
08:00:41,91282CKF7,TSRYS5774875,D,S,D,2024-04-24,1000000.00,4.659248,96.86328125
08:00:41,91282CKF7,TSRYS5774875,D,S,T,2024-04-24,1000000.00,4.657213,96.875
08:00:41,91282CKF7,TSRYS5774875,D,S,T,2024-04-24,1000000.00,4.657213,96.875
08:00:41,91282CKF7,TSRYS5774875,D,S,T,2024-04-24,1000000.00,4.657213,96.875
08:00:41,91282CKF7,TSRYS5774875,D,S,T,2024-04-24,1000000.00,4.657213,96.875
08:00:41,91282CKF7,TSRYS5774875,D,S,T,2024-04-24,1000000.00,4.657213,96.875
08:00:44,91282CKF7,TSRYS5774875,D,S,T,2024-04-24,1000000.00,4.63959,96.9765625
08:00:45,91282CKF7,TSRYS5774875,D,S,A,2024-04-24,760000.00,4.639071,96.98046875
08:00:46,91282CKF7,TSRYS5774875,D,S,T,2024-04-24,2000000.00,4.656213,96.880759375
08:00:46,91282CKF7,TSRYS5774875,D,S,T,2024-04-24,1000000.00,4.656553,96.87880625
08:00:46,91282CKF7,TSRYS5774875,D,S,T,2024-04-24,1000000.00,4.65757,96.872946875
08:00:46,91282CKF7,TSRYS5774875,D,S,T,2024-04-24,1000000.00,4.65757,96.872946875
08:00:46,91282CKF7,TSRYS5774875,D,S,T,2024-04-24,1000000.00,4.65757,96.872946875
08:00:46,91282CKF7,TSRYS5774875,D,S,T,2024-04-24,1000000.00,4.656892,96.876853125
08:00:46,91282CKF7,TSRYS5774875,D,S,T,2024-04-24,2000000.00,4.656874,96.876953125
08:00:46,91282CKF7,TSRYS5774875,D,S,T,2024-04-24,1000000.00,4.657231,96.8749
08:00:46,91282CKF7,TSRYS5774875,D,S,T,2024-04-24,1000000.00,4.657231,96.8749
08:00:46,91282CKF7,TSRYS5774875,D,S,T,2024-04-24,1000000.00,4.657231,96.8749
08:00:46,91282CKF7,TSRYS5774875,D,S,T,2024-04-24,1000000.00,4.657231,96.8749
08:00:46,91282CKF7,TSRYS5774875,D,S,T,2024-04-24,1000000.00,4.657213,96.875
08:00:46,91282CKF7,TSRYS5774875,D,S,T,2024-04-24,1000000.00,4.657213,96.875
08:00:46,91282CKF7,TSRYS5774875,D,S,T,2024-04-24,1000000.00,4.657213,96.875
08:00:47,91282CKF7,TSRYS5774875,D,S,T,2024-04-24,1000000.00,4.660622,96.85536875
08:00:47,91282CKF7,TSRYS5774875,D,S,T,2024-04-24,1000000.00,4.660622,96.85536875
08:00:47,91282CKF7,TSRYS5774875,D,S,T,2024-04-24,1000000.00,4.660622,96.85536875
08:00:47,91282CKF7,TSRYS5774875,D,S,T,2024-04-24,1000000.00,4.660622,96.85536875
08:00:47,91282CKF7,TSRYS5774875,D,S,T,2024-04-24,1000000.00,4.660622,96.85536875
08:00:47,91282CKF7,TSRYS5774875,D,S,T,2024-04-24,1000000.00,4.659944,96.859275
08:00:48,91282CKF7,TSRYS5774875,D,S,T,2024-04-24,2000000.00,4.661284,96.8515625
08:00:48,91282CKF7,TSRYS5774875,D,S,T,2024-04-24,2000000.00,4.66264,96.84375
08:00:48,91282CKF7,TSRYS5774875,D,S,T,2024-04-24,2000000.00,4.66264,96.84375
08:00:48,91282CKF7,TSRYS5774875,D,S,T,2024-04-24,1000000.00,4.661284,96.8515625
08:00:50,91282CKF7,TSRYS5774875,D,S,D,2024-04-24,2000000.00,4.654501,96.890625
08:00:53,91282CKF7,TSRYS5774875,D,S,T,2024-04-24,1000000.00,4.665355,96.828125
08:00:53,91282CKF7,TSRYS5774875,D,S,T,2024-04-24,1000000.00,4.659927,96.859375
08:00:56,91282CKF7,TSRYS5774875,D,S,D,2024-04-24,1000000.00,4.657213,96.875
08:00:59,91282CKF7,TSRYS5774875,D,S,T,2024-04-24,1000000.00,4.654518,96.890523
08:00:59,91282CKF7,TSRYS5774875,D,S,T,2024-04-24,1000000.00,4.654518,96.890523
08:01:00,91282CKF7,TSRYS5774875,D,S,D,2024-04-24,2000000.00,4.657553,96.873046875
08:01:01,91282CKF7,TSRYS5774875,D,S,D,2024-04-24,2000000.00,4.660605,96.85546875
08:01:02,91282CKF7,TSRYS5774875,D,S,T,2024-04-24,1000000.00,4.656535,96.87890625
08:01:02,91282CKF7,TSRYS5774875,D,S,T,2024-04-24,1000000.00,4.656535,96.87890625
08:01:04,91282CKF7,TSRYS5774875,D,B,C,2024-04-24,1000000.00,4.618266,97.099609375
08:01:04,91282CKF7,TSRYS5774875,D,B,C,2024-04-24,1000000.00,4.619281,97.09375
08:01:04,91282CKF7,TSRYS5774875,D,S,D,2024-04-24,1000000.00,4.618266,97.099609375
08:01:04,91282CKF7,TSRYS5774875,D,S,C,2024-04-24,1000000.00,4.619281,97.09375
08:01:05,91282CKF7,TSRYS5774875,D,S,C,2024-04-24,1000000.00,4.63451,97.005859375
08:01:05,91282CKF7,TSRYS5774875,D,S,C,2024-04-24,2000000.00,4.633833,97.009765625
08:01:05,91282CKF7,TSRYS5774875,D,S,C,2024-04-24,2000000.00,4.633833,97.009765625
08:01:05,91282CKF7,TSRYS5774875,D,S,C,2024-04-24,1000000.00,4.633833,97.009765625
08:01:05,91282CKF7,TSRYS5774875,D,S,C,2024-04-24,1000000.00,4.633494,97.01171875
08:01:05,91282CKF7,TSRYS5774875,D,B,C,2024-04-24,1000000.00,4.632478,97.017578125
08:01:05,91282CKF7,TSRYS5774875,D,S,C,2024-04-24,1000000.00,4.632478,97.017578125
08:01:05,91282CKF7,TSRYS5774875,D,S,C,2024-04-24,1000000.00,4.631463,97.0234375
08:01:05,91282CKF7,TSRYS5774875,D,B,C,2024-04-24,1000000.00,4.631463,97.0234375
08:01:06,91282CKF7,TSRYS5774875,D,S,D,2024-04-24,1000000.00,4.631801,97.021484375
08:01:06,91282CKF7,TSRYS5774875,D,B,C,2024-04-24,3000000.00,4.637219,96.990234375
08:01:06,91282CKF7,TSRYS5774875,D,S,D,2024-04-24,3000000.00,4.637219,96.990234375
08:01:06,91282CKF7,TSRYS5774875,D,S,A,2024-04-24,500000.00,4.647721,96.9296875
08:01:07,91282CKF7,TSRYS5774875,D,S,C,2024-04-24,1000000.00,4.637557,96.98828125
08:01:07,91282CKF7,TSRYS5774875,D,B,C,2024-04-24,1000000.00,4.637557,96.98828125
08:01:07,91282CKF7,TSRYS5774875,D,S,C,2024-04-24,1000000.00,4.637557,96.98828125
08:01:07,91282CKF7,TSRYS5774875,D,B,C,2024-04-24,1000000.00,4.637557,96.98828125
08:01:07,91282CKF7,TSRYS5774875,D,B,C,2024-04-24,1000000.00,4.637557,96.98828125
08:01:07,91282CKF7,TSRYS5774875,D,S,C,2024-04-24,1000000.00,4.637557,96.98828125
08:01:07,91282CKF7,TSRYS5774875,D,S,C,2024-04-24,1000000.00,4.637557,96.98828125
08:01:07,91282CKF7,TSRYS5774875,D,B,C,2024-04-24,1000000.00,4.637557,96.98828125
08:01:07,91282CKF7,TSRYS5774875,D,S,C,2024-04-24,1000000.00,4.637557,96.98828125
08:01:07,91282CKF7,TSRYS5774875,D,B,C,2024-04-24,1000000.00,4.637557,96.98828125
08:01:07,91282CKF7,TSRYS5774875,D,S,T,2024-04-24,1000000.00,4.654523,96.890495
08:01:08,91282CKF7,TSRYS5774875,D,S,T,2024-04-24,1000000.00,4.654523,96.890495
08:01:08,91282CKF7,TSRYS5774875,D,S,T,2024-04-24,1000000.00,4.654523,96.890495
08:01:08,91282CKF7,TSRYS5774875,D,S,T,2024-04-24,1000000.00,4.654523,96.890495
08:01:08,91282CKF7,TSRYS5774875,D,S,T,2024-04-24,1000000.00,4.654523,96.890495
08:01:10,91282CKF7,TSRYS5774875,D,S,D,2024-04-24,2000000.00,4.641961,96.962890625
08:01:10,91282CKF7,TSRYS5774875,D,S,D,2024-04-24,1000000.00,4.6423,96.9609375
08:01:10,91282CKF7,TSRYS5774875,D,S,D,2024-04-24,2000000.00,4.6423,96.9609375
08:01:10,91282CKF7,TSRYS5774875,D,S,D,2024-04-24,1000000.00,4.646365,96.9375
08:01:10,91282CKF7,TSRYS5774875,D,S,D,2024-04-24,2000000.00,4.654501,96.890625
08:01:10,91282CKF7,TSRYS5774875,D,S,D,2024-04-24,2000000.00,4.655857,96.8828125
08:01:10,91282CKF7,TSRYS5774875,D,S,D,2024-04-24,1000000.00,4.655857,96.8828125
08:01:10,91282CKF7,TSRYS5774875,D,B,C,2024-04-24,1000000.00,4.653823,96.89453125
08:01:10,91282CKF7,TSRYS5774875,D,B,C,2024-04-24,2000000.00,4.654501,96.890625
08:01:11,91282CKF7,TSRYS5774875,D,S,T,2024-04-24,1000000.00,4.645027,96.9452125
08:01:11,91282CKF7,TSRYS5774875,D,S,T,2024-04-24,1000000.00,4.645027,96.9452125
08:01:11,91282CKF7,TSRYS5774875,D,S,T,2024-04-24,1000000.00,4.646383,96.9374
08:01:11,91282CKF7,TSRYS5774875,D,S,T,2024-04-24,1000000.00,4.646383,96.9374
08:01:11,91282CKF7,TSRYS5774875,D,S,T,2024-04-24,2000000.00,4.63691,96.9920125
08:01:11,91282CKF7,TSRYS5774875,D,S,T,2024-04-24,1000000.00,4.63691,96.9920125
08:01:11,91282CKF7,TSRYS5774875,D,S,T,2024-04-24,1000000.00,4.64504,96.9451375
08:01:11,91282CKF7,TSRYS5774875,D,S,T,2024-04-24,1000000.00,4.64504,96.9451375
08:01:11,91282CKF7,TSRYS5774875,D,S,T,2024-04-24,1000000.00,4.64504,96.9451375
08:01:11,91282CKF7,TSRYS5774875,D,S,T,2024-04-24,1000000.00,4.64504,96.9451375
08:01:11,91282CKF7,TSRYS5774875,D,S,T,2024-04-24,1000000.00,4.64504,96.9451375
08:01:11,91282CKF7,TSRYS5774875,D,S,T,2024-04-24,1000000.00,4.646404,96.937275
08:01:11,91282CKF7,TSRYS5774875,D,S,T,2024-04-24,1000000.00,4.646404,96.937275
08:01:12,91282CKF7,TSRYS5774875,D,B,C,2024-04-24,7000000.00,4.637071,96.9910875
08:01:12,91282CKF7,TSRYS5774875,D,S,D,2024-04-24,30000000.00,4.639855,96.9750344
08:01:12,91282CKF7,TSRYS5774875,D,S,D,2024-04-24,7000000.00,4.639503,96.9770625
08:01:12,91282CKF7,TSRYS5774875,D,S,D,2024-04-24,25000000.00,4.641548,96.9652688
08:01:12,91282CKF7,TSRYS5774875,D,B,C,2024-04-24,10000000.00,4.645336,96.9434313
08:01:12,91282CKF7,TSRYS5774875,D,B,C,2024-04-24,4000000.00,4.646556,96.9364
08:01:12,91282CKF7,TSRYS5774875,D,B,C,2024-04-24,6000000.00,4.65537,96.8856188
08:01:12,91282CKF7,TSRYS5774875,D,B,C,2024-04-24,2000000.00,4.619281,97.09375
08:01:12,91282CKF7,TSRYS5774875,D,S,C,2024-04-24,2000000.00,4.619281,97.09375
08:01:12,91282CKF7,TSRYS5774875,D,S,D,2024-04-24,1000000.00,4.616914,97.107421875
08:01:13,91282CKF7,TSRYS5774875,D,S,D,2024-04-24,1000000.00,4.616575,97.109375
08:01:13,91282CKF7,TSRYS5774875,D,S,D,2024-04-24,1000000.00,4.616575,97.109375
08:01:14,91282CKF7,TSRYS5774875,D,S,D,2024-04-24,1000000.00,4.619281,97.09375
08:01:14,91282CKF7,TSRYS5774875,D,S,D,2024-04-24,1000000.00,4.619281,97.09375
08:01:14,91282CKF7,TSRYS5774875,D,S,D,2024-04-24,1000000.00,4.619281,97.09375
08:01:14,91282CKF7,TSRYS5774875,D,S,D,2024-04-24,1000000.00,4.619281,97.09375
08:01:14,91282CKF7,TSRYS5774875,D,S,D,2024-04-24,1000000.00,4.619619,97.091796875
08:01:15,91282CKF7,TSRYS5774875,D,S,D,2024-04-24,1000000.00,4.617928,97.1015625
08:01:15,91282CKF7,TSRYS5774875,D,S,D,2024-04-24,1000000.00,4.617928,97.1015625
08:01:16,91282CKF7,TSRYS5774875,D,S,D,2024-04-24,2000000.00,4.619958,97.08984375
08:01:16,91282CKF7,TSRYS5774875,D,S,D,2024-04-24,2000000.00,4.619958,97.08984375
08:01:19,91282CKF7,TSRYS5774875,D,S,D,2024-04-24,1000000.00,4.657213,96.875
08:01:19,91282CKF7,TSRYS5774875,D,B,C,2024-04-24,2000000.00,4.656535,96.87890625
08:01:19,91282CKF7,TSRYS5774875,D,S,D,2024-04-24,1000000.00,4.65484,96.888671875
08:01:19,91282CKF7,TSRYS5774875,D,S,D,2024-04-24,16000000.00,4.660374,96.8568
08:01:19,91282CKF7,TSRYS5774875,D,B,A,2024-04-24,8700000.00,4.657213,96.875
08:01:19,91282CKF7,TSRYS5774875,D,S,D,2024-04-24,2000000.00,4.657553,96.873046875
08:01:19,91282CKF7,TSRYS5774875,D,S,T,2024-04-24,2000000.00,4.656874,96.876953125
08:01:19,91282CKF7,TSRYS5774875,D,S,D,2024-04-24,2000000.00,4.656874,96.876953125
08:01:19,91282CKF7,TSRYS5774875,D,S,D,2024-04-24,12000000.00,4.658042,96.87023
08:01:20,91282CKF7,TSRYS5774875,D,S,T,2024-04-24,4000000.00,4.63688,96.9921875
08:01:20,91282CKF7,TSRYS5774875,D,S,T,2024-04-24,1000000.00,4.64501,96.9453125
08:01:20,91282CKF7,TSRYS5774875,D,S,T,2024-04-24,1000000.00,4.64501,96.9453125
08:01:20,91282CKF7,TSRYS5774875,D,S,T,2024-04-24,1000000.00,4.654501,96.890625
08:01:20,91282CKF7,TSRYS5774875,D,S,C,2024-04-24,1000000.00,4.63688,96.9921875
08:01:20,91282CKF7,TSRYS5774875,D,B,C,2024-04-24,1000000.00,4.63688,96.9921875
08:01:20,91282CKF7,TSRYS5774875,D,S,D,2024-04-24,1000000.00,4.637557,96.98828125
08:01:20,91282CKF7,TSRYS5774875,D,S,D,2024-04-24,1000000.00,4.637557,96.98828125
08:01:20,91282CKF7,TSRYS5774875,D,B,C,2024-04-24,1000000.00,4.637219,96.990234375
08:01:20,91282CKF7,TSRYS5774875,D,S,D,2024-04-24,1000000.00,4.637219,96.990234375
08:01:20,91282CKF7,TSRYS5774875,D,S,D,2024-04-24,1000000.00,4.638573,96.982421875
08:01:20,91282CKF7,TSRYS5774875,D,B,C,2024-04-24,1000000.00,4.638573,96.982421875
08:01:21,91282CKF7,TSRYS5774875,D,S,D,2024-04-24,2755000.00,4.631463,97.0234375
08:01:21,91282CKF7,TSRYS5774875,D,S,D,2024-04-24,124300000.00,4.592248,97.25
08:01:21,91282CKF7,TSRYS5774875,D,S,D,2024-04-24,9950000.00,4.592248,97.25
08:01:21,91282CKF7,TSRYS5774875,D,B,C,2024-04-24,9950000.00,4.592248,97.25
08:01:21,91282CKF7,TSRYS5774875,D,S,D,2024-04-24,5950000.00,4.592248,97.25
08:01:21,91282CKF7,TSRYS5774875,D,B,C,2024-04-24,5950000.00,4.592248,97.25
08:01:21,91282CKF7,TSRYS5774875,D,B,C,2024-04-24,1000000.00,4.639251,96.978515625
08:01:21,91282CKF7,TSRYS5774875,D,S,C,2024-04-24,1000000.00,4.639251,96.978515625
08:01:21,91282CKF7,TSRYS5774875,D,S,C,2024-04-24,1000000.00,4.639251,96.978515625
08:01:21,91282CKF7,TSRYS5774875,D,B,C,2024-04-24,1000000.00,4.639251,96.978515625
08:01:21,91282CKF7,TSRYS5774875,D,B,C,2024-04-24,1000000.00,4.639251,96.978515625
08:01:21,91282CKF7,TSRYS5774875,D,S,C,2024-04-24,1000000.00,4.639251,96.978515625
08:01:21,91282CKF7,TSRYS5774875,D,B,C,2024-04-24,1000000.00,4.638912,96.98046875
08:01:21,91282CKF7,TSRYS5774875,D,S,C,2024-04-24,1000000.00,4.638912,96.98046875
08:01:21,91282CKF7,TSRYS5774875,D,B,C,2024-04-24,1000000.00,4.638912,96.98046875
08:01:21,91282CKF7,TSRYS5774875,D,S,C,2024-04-24,1000000.00,4.638912,96.98046875
08:01:21,91282CKF7,TSRYS5774875,D,S,C,2024-04-24,1000000.00,4.646027,96.939453125
08:01:21,91282CKF7,TSRYS5774875,D,B,C,2024-04-24,1000000.00,4.646027,96.939453125
08:01:21,91282CKF7,TSRYS5774875,D,S,D,2024-04-24,1000000.00,4.645349,96.943359375
08:01:21,91282CKF7,TSRYS5774875,D,B,C,2024-04-24,1000000.00,4.645349,96.943359375
08:01:21,91282CKF7,TSRYS5774875,D,S,C,2024-04-24,1000000.00,4.645349,96.943359375
08:01:21,91282CKF7,TSRYS5774875,D,B,C,2024-04-24,1000000.00,4.645349,96.943359375
08:01:21,91282CKF7,TSRYS5774875,D,B,C,2024-04-24,1000000.00,4.644332,96.94921875
08:01:21,91282CKF7,TSRYS5774875,D,S,D,2024-04-24,1000000.00,4.643316,96.955078125
08:01:21,91282CKF7,TSRYS5774875,D,S,C,2024-04-24,1000000.00,4.644332,96.94921875
08:01:21,91282CKF7,TSRYS5774875,D,S,C,2024-04-24,2000000.00,4.641283,96.966796875
08:01:21,91282CKF7,TSRYS5774875,D,S,C,2024-04-24,1000000.00,4.641283,96.966796875
08:01:21,91282CKF7,TSRYS5774875,D,B,C,2024-04-24,1000000.00,4.641283,96.966796875
08:01:21,91282CKF7,TSRYS5774875,D,S,C,2024-04-24,3000000.00,4.641283,96.966796875
08:01:21,91282CKF7,TSRYS5774875,D,B,C,2024-04-24,1000000.00,4.641283,96.966796875
08:01:21,91282CKF7,TSRYS5774875,D,S,D,2024-04-24,1000000.00,4.641283,96.966796875
08:01:21,91282CKF7,TSRYS5774875,D,S,D,2024-04-24,1000000.00,4.641283,96.966796875
08:01:21,91282CKF7,TSRYS5774875,D,B,C,2024-04-24,1000000.00,4.641283,96.966796875
08:01:21,91282CKF7,TSRYS5774875,D,S,C,2024-04-24,1000000.00,4.641622,96.96484375
08:01:21,91282CKF7,TSRYS5774875,D,B,C,2024-04-24,1000000.00,4.641622,96.96484375
08:01:21,91282CKF7,TSRYS5774875,D,S,D,2024-04-24,2000000.00,4.641961,96.962890625
08:01:21,91282CKF7,TSRYS5774875,D,B,C,2024-04-24,2000000.00,4.641961,96.962890625
08:01:21,91282CKF7,TSRYS5774875,D,S,C,2024-04-24,1000000.00,4.641283,96.966796875
08:01:21,91282CKF7,TSRYS5774875,D,B,C,2024-04-24,1000000.00,4.641283,96.966796875
08:01:21,91282CKF7,TSRYS5774875,D,B,C,2024-04-24,1000000.00,4.640944,96.96875
08:01:21,91282CKF7,TSRYS5774875,D,S,D,2024-04-24,1000000.00,4.640944,96.96875
08:01:21,91282CKF7,TSRYS5774875,D,S,D,2024-04-24,1000000.00,4.640944,96.96875
08:01:21,91282CKF7,TSRYS5774875,D,B,C,2024-04-24,1000000.00,4.640944,96.96875
08:01:21,91282CKF7,TSRYS5774875,D,S,D,2024-04-24,1000000.00,4.640944,96.96875
08:01:21,91282CKF7,TSRYS5774875,D,B,C,2024-04-24,1000000.00,4.640944,96.96875
08:01:21,91282CKF7,TSRYS5774875,D,S,D,2024-04-24,1000000.00,4.640944,96.96875
08:01:22,91282CKF7,TSRYS5774875,D,B,C,2024-04-24,1000000.00,4.640944,96.96875
08:01:22,91282CKF7,TSRYS5774875,D,S,C,2024-04-24,1000000.00,4.640944,96.96875
08:01:22,91282CKF7,TSRYS5774875,D,B,C,2024-04-24,1000000.00,4.640944,96.96875
08:01:22,91282CKF7,TSRYS5774875,D,B,C,2024-04-24,1000000.00,4.640606,96.970703125
08:01:22,91282CKF7,TSRYS5774875,D,S,C,2024-04-24,1000000.00,4.640606,96.970703125
08:01:22,91282CKF7,TSRYS5774875,D,S,C,2024-04-24,3000000.00,4.617928,97.1015625
08:01:22,91282CKF7,TSRYS5774875,D,S,C,2024-04-24,1000000.00,4.640606,96.970703125
08:01:22,91282CKF7,TSRYS5774875,D,B,C,2024-04-24,1000000.00,4.640606,96.970703125
08:01:22,91282CKF7,TSRYS5774875,D,S,C,2024-04-24,1000000.00,4.640606,96.970703125
08:01:22,91282CKF7,TSRYS5774875,D,B,C,2024-04-24,1000000.00,4.640606,96.970703125
08:01:22,91282CKF7,TSRYS5774875,D,S,D,2024-04-24,4000000.00,4.639928,96.974609375
08:01:22,91282CKF7,TSRYS5774875,D,B,C,2024-04-24,4000000.00,4.639928,96.974609375
08:01:22,91282CKF7,TSRYS5774875,D,S,D,2024-04-24,2000000.00,4.639928,96.974609375
08:01:22,91282CKF7,TSRYS5774875,D,B,C,2024-04-24,2000000.00,4.639928,96.974609375
08:01:22,91282CKF7,TSRYS5774875,D,B,C,2024-04-24,2000000.00,4.639928,96.974609375
08:01:22,91282CKF7,TSRYS5774875,D,S,D,2024-04-24,2000000.00,4.639928,96.974609375
08:01:22,91282CKF7,TSRYS5774875,D,S,D,2024-04-24,2000000.00,4.639928,96.974609375
08:01:22,91282CKF7,TSRYS5774875,D,S,D,2024-04-24,2000000.00,4.639928,96.974609375
08:01:22,91282CKF7,TSRYS5774875,D,B,C,2024-04-24,2000000.00,4.639928,96.974609375
08:01:22,91282CKF7,TSRYS5774875,D,S,D,2024-04-24,2000000.00,4.639928,96.974609375
08:01:22,91282CKF7,TSRYS5774875,D,S,D,2024-04-24,1000000.00,4.639928,96.974609375
08:01:22,91282CKF7,TSRYS5774875,D,B,C,2024-04-24,1000000.00,4.639928,96.974609375
08:01:22,91282CKF7,TSRYS5774875,D,S,D,2024-04-24,1000000.00,4.640944,96.96875
08:01:22,91282CKF7,TSRYS5774875,D,S,D,2024-04-24,2000000.00,4.63959,96.9765625
08:01:22,91282CKF7,TSRYS5774875,D,B,C,2024-04-24,2000000.00,4.63959,96.9765625
08:01:22,91282CKF7,TSRYS5774875,D,S,C,2024-04-24,1000000.00,4.638235,96.984375
08:01:22,91282CKF7,TSRYS5774875,D,S,C,2024-04-24,1000000.00,4.638235,96.984375
08:01:22,91282CKF7,TSRYS5774875,D,B,C,2024-04-24,1000000.00,4.638235,96.984375
08:01:22,91282CKF7,TSRYS5774875,D,B,C,2024-04-24,1000000.00,4.638235,96.984375
08:01:22,91282CKF7,TSRYS5774875,D,S,C,2024-04-24,1000000.00,4.638573,96.982421875
08:01:22,91282CKF7,TSRYS5774875,D,B,C,2024-04-24,1000000.00,4.638573,96.982421875
08:01:22,91282CKF7,TSRYS5774875,D,S,C,2024-04-24,1000000.00,4.638573,96.982421875
08:01:22,91282CKF7,TSRYS5774875,D,B,C,2024-04-24,1000000.00,4.638573,96.982421875
08:01:22,91282CKF7,TSRYS5774875,D,B,C,2024-04-24,1000000.00,4.638912,96.98046875
08:01:22,91282CKF7,TSRYS5774875,D,S,C,2024-04-24,1000000.00,4.638912,96.98046875
08:01:22,91282CKF7,TSRYS5774875,D,B,C,2024-04-24,1000000.00,4.638912,96.98046875
08:01:22,91282CKF7,TSRYS5774875,D,S,D,2024-04-24,1000000.00,4.637219,96.99023437
08:01:22,91282CKF7,TSRYS5774875,D,S,D,2024-04-24,1000000.00,4.638912,96.98046875
08:01:22,91282CKF7,TSRYS5774875,D,S,T,2024-04-24,1000000.00,4.659949,96.859245
08:01:22,91282CKF7,TSRYS5774875,D,S,D,2024-04-24,2000000.00,4.641622,96.96484375
08:01:22,91282CKF7,TSRYS5774875,D,S,D,2024-04-24,2000000.00,4.641622,96.96484375
08:01:22,91282CKF7,TSRYS5774875,D,S,D,2024-04-24,2000000.00,4.641622,96.96484375
08:01:22,91282CKF7,TSRYS5774875,D,S,D,2024-04-24,2000000.00,4.641622,96.96484375
08:01:22,91282CKF7,TSRYS5774875,D,S,D,2024-04-24,2000000.00,4.641961,96.962890625
08:01:22,91282CKF7,TSRYS5774875,D,S,D,2024-04-24,1000000.00,4.6423,96.9609375
08:01:22,91282CKF7,TSRYS5774875,D,S,D,2024-04-24,2000000.00,4.6423,96.9609375
08:01:23,91282CKF7,TSRYS5774875,D,S,C,2024-04-24,3000000.00,4.619619,97.09179687
08:01:23,91282CKF7,TSRYS5774875,D,S,T,2024-04-24,1000000.00,4.616914,97.10742187
08:01:23,91282CKF7,TSRYS5774875,D,S,D,2024-04-24,2000000.00,4.641961,96.962890625
08:01:23,91282CKF7,TSRYS5774875,D,S,C,2024-04-24,1000000.00,4.64501,96.9453125
08:01:23,91282CKF7,TSRYS5774875,D,B,C,2024-04-24,1000000.00,4.64501,96.9453125
08:01:23,91282CKF7,TSRYS5774875,D,S,D,2024-04-24,2000000.00,4.616914,97.10742187
08:01:23,91282CKF7,TSRYS5774875,D,S,D,2024-04-24,1000000.00,4.646365,96.9375
08:01:23,91282CKF7,TSRYS5774875,D,S,D,2024-04-24,2000000.00,4.616237,97.11132812
08:01:23,91282CKF7,TSRYS5774875,D,S,D,2024-04-24,1000000.00,4.616575,97.109375
08:01:24,91282CKF7,TSRYS5774875,D,B,C,2024-04-24,1000000.00,4.641961,96.96289062
08:01:24,91282CKF7,TSRYS5774875,D,S,D,2024-04-24,10250000.00,4.655008,96.8877
08:01:24,91282CKF7,TSRYS5774875,D,S,D,2024-04-24,10250000.00,4.655008,96.8877
08:01:24,91282CKF7,TSRYS5774875,D,S,D,2024-04-24,5150000.00,4.655008,96.8877
08:01:24,91282CKF7,TSRYS5774875,D,S,D,2024-04-24,15450000.00,4.655008,96.8877
08:01:24,91282CKF7,TSRYS5774875,D,S,D,2024-04-24,10250000.00,4.655008,96.8877
08:01:24,91282CKF7,TSRYS5774875,D,S,D,2024-04-24,51300000.00,4.654922,96.8882
08:01:24,91282CKF7,TSRYS5774875,D,S,T,2024-04-24,1000000.00,4.616575,97.109375
08:01:24,91282CKF7,TSRYS5774875,D,S,T,2024-04-24,1000000.00,4.616575,97.109375
08:01:25,91282CKF7,TSRYS5774875,D,S,D,2024-04-24,1000000.00,4.617928,97.1015625
08:01:25,91282CKF7,TSRYS5774875,D,S,C,2024-04-24,1000000.00,4.617928,97.1015625
08:01:25,91282CKF7,TSRYS5774875,D,S,D,2024-04-24,1000000.00,4.620634,97.0859375
08:01:25,91282CKF7,TSRYS5774875,D,S,D,2024-04-24,2000000.00,4.660266,96.85742187
08:01:25,91282CKF7,TSRYS5774875,D,B,C,2024-04-24,1000000.00,4.655857,96.8828125
08:01:25,91282CKF7,TSRYS5774875,D,S,D,2024-04-24,1000000.00,4.660266,96.85742187
08:01:25,91282CKF7,TSRYS5774875,D,S,D,2024-04-24,1000000.00,4.660605,96.85546875
08:01:25,91282CKF7,TSRYS5774875,D,S,C,2024-04-24,1000000.00,4.655857,96.8828125
08:01:25,91282CKF7,TSRYS5774875,D,S,D,2024-04-24,1000000.00,4.617928,97.1015625
08:01:25,91282CKF7,TSRYS5774875,D,S,T,2024-04-24,2000000.00,4.660266,96.85742187
08:01:25,91282CKF7,TSRYS5774875,D,S,T,2024-04-24,2000000.00,4.660266,96.85742187
08:01:25,91282CKF7,TSRYS5774875,D,S,T,2024-04-24,2000000.00,4.660266,96.85742187
08:01:25,91282CKF7,TSRYS5774875,D,S,T,2024-04-24,2000000.00,4.660266,96.85742187
08:01:26,91282CKF7,TSRYS5774875,D,S,C,2024-04-24,1000000.00,4.654162,96.892578125
08:01:26,91282CKF7,TSRYS5774875,D,S,T,2024-04-24,2000000.00,4.660266,96.85742187
08:01:26,91282CKF7,TSRYS5774875,D,S,T,2024-04-24,2000000.00,4.660266,96.85742187
08:01:26,91282CKF7,TSRYS5774875,D,S,C,2024-04-24,1000000.00,4.654501,96.890625
08:01:26,91282CKF7,TSRYS5774875,D,B,C,2024-04-24,1000000.00,4.654501,96.890625
08:01:26,91282CKF7,TSRYS5774875,D,S,C,2024-04-24,1000000.00,4.652805,96.900390625
08:01:26,91282CKF7,TSRYS5774875,D,S,A,2024-04-24,9050000.00,4.658556,96.87109375
08:01:26,91282CKF7,TSRYS5774875,D,S,A,2024-04-24,1500.00,4.655343,96.88671875
08:01:26,91282CKF7,TSRYS5774875,D,B,C,2024-04-24,1000000.00,4.657213,96.875
08:01:26,91282CKF7,TSRYS5774875,D,S,C,2024-04-24,1000000.00,4.657213,96.875
08:01:26,91282CKF7,TSRYS5774875,D,S,C,2024-04-24,3000000.00,4.657213,96.875
08:01:26,91282CKF7,TSRYS5774875,D,S,D,2024-04-24,1000000.00,4.657213,96.875
08:01:26,91282CKF7,TSRYS5774875,D,S,D,2024-04-24,2000000.00,4.654501,96.890625
08:01:26,91282CKF7,TSRYS5774875,D,S,D,2024-04-24,2000000.00,4.655857,96.8828125
08:01:26,91282CKF7,TSRYS5774875,D,S,D,2024-04-24,1000000.00,4.655857,96.8828125
08:01:26,91282CKF7,TSRYS5774875,D,S,D,2024-04-24,125000.00,4.666712,96.8203125
08:01:26,91282CKF7,TSRYS5774875,D,S,C,2024-04-24,3000000.00,4.618266,97.09960937
08:01:27,91282CKF7,TSRYS5774875,D,B,C,2024-04-24,1000000.00,4.638912,96.98046875
08:01:27,91282CKF7,TSRYS5774875,D,B,C,2024-04-24,1000000.00,4.6423,96.9609375
08:01:27,91282CKF7,TSRYS5774875,D,B,C,2024-04-24,2000000.00,4.6423,96.9609375
08:01:27,91282CKF7,TSRYS5774875,D,B,C,2024-04-24,1000000.00,4.6423,96.9609375
08:01:27,91282CKF7,TSRYS5774875,D,S,C,2024-04-24,1000000.00,4.660605,96.85546875
08:01:27,91282CKF7,TSRYS5774875,D,S,C,2024-04-24,1000000.00,4.660266,96.857421875
08:01:27,91282CKF7,TSRYS5774875,D,B,C,2024-04-24,1000000.00,4.6423,96.9609375
08:01:27,91282CKF7,TSRYS5774875,D,S,C,2024-04-24,2000000.00,4.666033,96.82421875
08:01:27,91282CKF7,TSRYS5774875,D,S,C,2024-04-24,3000000.00,4.618266,97.09960937
08:01:28,91282CKF7,TSRYS5774875,D,B,C,2024-04-24,1000000.00,4.665015,96.830078125
08:01:28,91282CKF7,TSRYS5774875,D,S,C,2024-04-24,1000000.00,4.665015,96.830078125
08:01:28,91282CKF7,TSRYS5774875,D,S,D,2024-04-24,1000000.00,4.637219,96.99023437
08:01:28,91282CKF7,TSRYS5774875,D,S,C,2024-04-24,1000000.00,4.637219,96.99023437
08:01:28,91282CKF7,TSRYS5774875,D,S,D,2024-04-24,1000000.00,4.637219,96.99023437
08:01:28,91282CKF7,TSRYS5774875,D,B,C,2024-04-24,1000000.00,4.637219,96.99023437
08:01:28,91282CKF7,TSRYS5774875,D,S,C,2024-04-24,2000000.00,4.663658,96.837890625
08:01:28,91282CKF7,TSRYS5774875,D,S,C,2024-04-24,1000000.00,4.663658,96.837890625
08:01:28,91282CKF7,TSRYS5774875,D,B,C,2024-04-24,1000000.00,4.660605,96.85546875
08:01:28,91282CKF7,TSRYS5774875,D,S,D,2024-04-24,1000000.00,4.660605,96.85546875
08:01:28,91282CKF7,TSRYS5774875,D,S,A,2024-04-24,25000000.00,4.657213,96.875
08:01:28,91282CKF7,TSRYS5774875,D,S,D,2024-04-24,1000000.00,4.659248,96.86328125
08:01:28,91282CKF7,TSRYS5774875,D,S,C,2024-04-24,1000000.00,4.63959,96.9765625
08:01:28,91282CKF7,TSRYS5774875,D,B,C,2024-04-24,1000000.00,4.657553,96.873046875
08:01:28,91282CKF7,TSRYS5774875,D,S,D,2024-04-24,1000000.00,4.657553,96.873046875
08:01:28,91282CKF7,TSRYS5774875,D,S,C,2024-04-24,1000000.00,4.657213,96.875
08:01:28,91282CKF7,TSRYS5774875,D,B,C,2024-04-24,2000000.00,4.63959,96.9765625
08:01:28,91282CKF7,TSRYS5774875,D,S,D,2024-04-24,2000000.00,4.656874,96.876953125
08:01:28,91282CKF7,TSRYS5774875,D,B,C,2024-04-24,1000000.00,4.63959,96.9765625
08:01:29,91282CKF7,TSRYS5774875,D,B,C,2024-04-24,1000000.00,4.638912,96.98046875
08:01:29,91282CKF7,TSRYS5774875,D,B,C,2024-04-24,1000000.00,4.638912,96.98046875
08:01:29,91282CKF7,TSRYS5774875,D,S,C,2024-04-24,1000000.00,4.659248,96.86328125
08:01:29,91282CKF7,TSRYS5774875,D,B,C,2024-04-24,1000000.00,4.659248,96.86328125
08:01:29,91282CKF7,TSRYS5774875,D,B,C,2024-04-24,1000000.00,4.657553,96.873046875
08:01:29,91282CKF7,TSRYS5774875,D,S,D,2024-04-24,1000000.00,4.657553,96.873046875
08:01:29,91282CKF7,TSRYS5774875,D,B,C,2024-04-24,1000000.00,4.657892,96.87109375
08:01:29,91282CKF7,TSRYS5774875,D,S,C,2024-04-24,1000000.00,4.657892,96.87109375
08:01:29,91282CKF7,TSRYS5774875,D,S,D,2024-04-24,1000000.00,4.659248,96.86328125
08:01:29,91282CKF7,TSRYS5774875,D,B,C,2024-04-24,2000000.00,4.637557,96.98828125
08:01:30,91282CKF7,TSRYS5774875,D,B,C,2024-04-24,3000000.00,4.637557,96.98828125
08:01:30,91282CKF7,TSRYS5774875,D,S,C,2024-04-24,24000000.00,4.639727,96.97577
08:01:30,91282CKF7,TSRYS5774875,D,B,C,2024-04-24,1000000.00,4.637557,96.98828125
08:01:30,91282CKF7,TSRYS5774875,D,S,D,2024-04-24,1000000.00,4.654501,96.890625
08:01:30,91282CKF7,TSRYS5774875,D,S,D,2024-04-24,1000000.00,4.653823,96.89453125
08:01:30,91282CKF7,TSRYS5774875,D,B,C,2024-04-24,1000000.00,4.653823,96.89453125
08:01:30,91282CKF7,TSRYS5774875,D,B,C,2024-04-24,1000000.00,4.626047,97.0546875
08:01:30,91282CKF7,TSRYS5774875,D,S,D,2024-04-24,1000000.00,4.626047,97.0546875
08:01:30,91282CKF7,TSRYS5774875,D,B,C,2024-04-24,1000000.00,4.627401,97.046875
08:01:30,91282CKF7,TSRYS5774875,D,S,D,2024-04-24,1000000.00,4.627401,97.046875
08:01:30,91282CKF7,TSRYS5774875,D,S,C,2024-04-24,1000000.00,4.65484,96.888671875
08:01:31,91282CKF7,TSRYS5774875,D,S,D,2024-04-24,2000000.00,4.657553,96.873046875
08:01:31,91282CKF7,TSRYS5774875,D,S,D,2024-04-24,2000000.00,4.656874,96.876953125
08:01:31,91282CKF7,TSRYS5774875,D,S,D,2024-04-24,2000000.00,4.656874,96.876953125
08:01:31,91282CKF7,TSRYS5774875,D,B,C,2024-04-24,1000000.00,4.659248,96.86328125
08:01:31,91282CKF7,TSRYS5774875,D,S,D,2024-04-24,1000000.00,4.659248,96.86328125
08:01:32,91282CKF7,TSRYS5774875,D,B,C,2024-04-24,1000000.00,4.643994,96.95117187
08:01:32,91282CKF7,TSRYS5774875,D,S,D,2024-04-24,2000000.00,4.660605,96.85546875
08:01:32,91282CKF7,TSRYS5774875,D,B,C,2024-04-24,1000000.00,4.660944,96.853515625
08:01:32,91282CKF7,TSRYS5774875,D,S,C,2024-04-24,1000000.00,4.660944,96.853515625
08:01:32,91282CKF7,TSRYS5774875,D,B,C,2024-04-24,1000000.00,4.643655,96.953125
08:01:32,91282CKF7,TSRYS5774875,D,S,D,2024-04-24,1000000.00,4.619619,97.09179687
08:01:32,91282CKF7,TSRYS5774875,D,S,T,2024-04-24,1000000.00,4.619619,97.09179687
08:01:32,91282CKF7,TSRYS5774875,D,S,C,2024-04-24,1000000.00,4.660605,96.85546875
08:01:32,91282CKF7,TSRYS5774875,D,S,C,2024-04-24,1000000.00,4.660605,96.85546875
08:01:33,91282CKF7,TSRYS5774875,D,S,T,2024-04-24,1000000.00,4.617928,97.1015625
08:01:33,91282CKF7,TSRYS5774875,D,S,T,2024-04-24,1000000.00,4.617928,97.1015625
08:01:33,91282CKF7,TSRYS5774875,D,S,D,2024-04-24,1000000.00,4.617928,97.1015625
08:01:33,91282CKF7,TSRYS5774875,D,B,C,2024-04-24,1000000.00,4.636541,96.99414062
08:01:34,91282CKF7,TSRYS5774875,D,B,C,2024-04-24,1000000.00,4.645688,96.94140625
08:01:34,91282CKF7,TSRYS5774875,D,S,T,2024-04-24,6000000.00,4.656874,96.87695313
08:01:34,91282CKF7,TSRYS5774875,D,S,D,2024-04-24,7000000.00,4.657213,96.875
08:01:34,91282CKF7,TSRYS5774875,D,S,T,2024-04-24,1000000.00,4.656535,96.87890625
08:01:34,91282CKF7,TSRYS5774875,D,B,C,2024-04-24,1000000.00,4.644671,96.94726562
08:01:34,91282CKF7,TSRYS5774875,D,S,T,2024-04-24,5000000.00,4.656874,96.87695313
08:01:34,91282CKF7,TSRYS5774875,D,S,T,2024-04-24,2000000.00,4.619958,97.08984375
08:01:35,91282CKF7,TSRYS5774875,D,S,T,2024-04-24,2000000.00,4.619958,97.08984375
08:01:35,91282CKF7,TSRYS5774875,D,S,T,2024-04-24,1000000.00,4.656874,96.87695313
08:01:35,91282CKF7,TSRYS5774875,D,S,D,2024-04-24,1000000.00,4.619958,97.08984375
08:01:35,91282CKF7,TSRYS5774875,D,S,T,2024-04-24,1000000.00,4.656535,96.87890625
08:01:35,91282CKF7,TSRYS5774875,D,S,T,2024-04-24,2000000.00,4.656874,96.87695313
08:01:35,91282CKF7,TSRYS5774875,D,S,T,2024-04-24,1000000.00,4.657213,96.875
08:01:35,91282CKF7,TSRYS5774875,D,S,T,2024-04-24,1000000.00,4.657213,96.875
08:01:36,91282CKF7,TSRYS5774875,D,S,T,2024-04-24,1000000.00,4.657213,96.875
08:01:36,91282CKF7,TSRYS5774875,D,S,C,2024-04-24,1000000.00,4.660605,96.85546875
08:01:36,91282CKF7,TSRYS5774875,D,B,C,2024-04-24,1000000.00,4.660605,96.85546875
08:01:36,91282CKF7,TSRYS5774875,D,S,D,2024-04-24,1000000.00,4.660605,96.85546875
08:01:36,91282CKF7,TSRYS5774875,D,S,T,2024-04-24,2000000.00,4.657213,96.875
08:01:36,91282CKF7,TSRYS5774875,D,S,T,2024-04-24,2000000.00,4.657213,96.875
08:01:36,91282CKF7,TSRYS5774875,D,S,T,2024-04-24,1000000.00,4.656874,96.87695313
08:01:36,91282CKF7,TSRYS5774875,D,S,T,2024-04-24,1000000.00,4.656874,96.87695313
08:01:37,91282CKF7,TSRYS5774875,D,B,C,2024-04-24,1000000.00,4.637219,96.99023437
08:01:37,91282CKF7,TSRYS5774875,D,S,T,2024-04-24,1000000.00,4.657213,96.875
08:01:37,91282CKF7,TSRYS5774875,D,S,T,2024-04-24,2000000.00,4.657213,96.875
08:01:37,91282CKF7,TSRYS5774875,D,S,T,2024-04-24,2000000.00,4.656535,96.87890625
08:01:37,91282CKF7,TSRYS5774875,D,S,T,2024-04-24,2000000.00,4.657213,96.875
08:01:38,91282CKF7,TSRYS5774875,D,S,T,2024-04-24,1000000.00,4.657213,96.875
08:01:38,91282CKF7,TSRYS5774875,D,S,T,2024-04-24,1000000.00,4.657213,96.875
08:01:38,91282CKF7,TSRYS5774875,D,S,T,2024-04-24,1000000.00,4.657213,96.875
08:01:39,91282CKF7,TSRYS5774875,D,S,T,2024-04-24,1000000.00,4.657213,96.875
08:01:39,91282CKF7,TSRYS5774875,D,B,C,2024-04-24,1000000.00,4.643655,96.953125
08:01:39,91282CKF7,TSRYS5774875,D,S,T,2024-04-24,1000000.00,4.657213,96.875
08:01:39,91282CKF7,TSRYS5774875,D,S,T,2024-04-24,1000000.00,4.657213,96.875
08:01:39,91282CKF7,TSRYS5774875,D,S,T,2024-04-24,2000000.00,4.659605,96.861228125
08:01:40,91282CKF7,TSRYS5774875,D,S,T,2024-04-24,1000000.00,4.657213,96.875
08:01:40,91282CKF7,TSRYS5774875,D,S,T,2024-04-24,3000000.00,4.659622,96.861128125
08:01:40,91282CKF7,TSRYS5774875,D,S,T,2024-04-24,1000000.00,4.657213,96.875
08:01:40,91282CKF7,TSRYS5774875,D,S,D,2024-04-24,5000000.00,4.657213,96.875
08:01:41,91282CKF7,TSRYS5774875,D,S,T,2024-04-24,1000000.00,4.656874,96.87695313
08:01:41,91282CKF7,TSRYS5774875,D,S,D,2024-04-24,1000000.00,4.660605,96.85546875
08:01:41,91282CKF7,TSRYS5774875,D,S,T,2024-04-24,1000000.00,4.656874,96.87695313
08:01:41,91282CKF7,TSRYS5774875,D,S,T,2024-04-24,6000000.00,4.657213,96.875
08:01:43,91282CKF7,TSRYS5774875,D,B,C,2024-04-24,40000000.00,4.621482,97.08104
08:01:43,91282CKF7,TSRYS5774875,D,S,C,2024-04-24,40000000.00,4.638071,96.98532
08:01:43,91282CKF7,TSRYS5774875,D,S,C,2024-04-24,15000000.00,4.636758,96.99289
08:01:45,91282CKF7,TSRYS5774875,D,S,C,2024-04-24,87000000.00,4.643,96.9569
08:01:46,91282CKF7,TSRYS5774875,D,S,T,2024-04-24,2000000.00,4.656535,96.87890625
08:01:47,91282CKF7,TSRYS5774875,D,S,T,2024-04-24,1000000.00,4.656874,96.87695313
08:01:47,91282CKF7,TSRYS5774875,D,B,C,2024-04-24,1000000.00,4.63959,96.9765625
08:01:47,91282CKF7,TSRYS5774875,D,B,C,2024-04-24,1000000.00,4.63959,96.9765625
08:01:47,91282CKF7,TSRYS5774875,D,S,T,2024-04-24,2000000.00,4.656874,96.87695313
08:01:47,91282CKF7,TSRYS5774875,D,S,T,2024-04-24,1000000.00,4.657213,96.875
08:01:47,91282CKF7,TSRYS5774875,D,S,T,2024-04-24,1000000.00,4.657213,96.875
08:01:47,91282CKF7,TSRYS5774875,D,S,T,2024-04-24,1000000.00,4.657213,96.875
08:01:48,91282CKF7,TSRYS5774875,D,S,T,2024-04-24,1000000.00,4.657213,96.875
08:01:48,91282CKF7,TSRYS5774875,D,S,T,2024-04-24,1000000.00,4.657213,96.875
08:01:48,91282CKF7,TSRYS5774875,D,S,T,2024-04-24,1000000.00,4.657213,96.875
08:01:54,91282CKF7,TSRYS5774875,D,S,D,2024-04-24,1000000.00,4.63688,96.9921875
08:01:54,91282CKF7,TSRYS5774875,D,S,T,2024-04-24,1000000.00,4.63688,96.9921875
08:01:54,91282CKF7,TSRYS5774875,D,S,T,2024-04-24,1000000.00,4.63688,96.9921875
08:01:56,91282CKF7,TSRYS5774875,D,S,A,2024-04-24,100000000.00,4.657198,96.87890625
08:01:57,91282CKF7,TSRYS5774875,D,B,C,2024-04-24,1000000.00,4.61932,97.093525
08:01:58,91282CKF7,TSRYS5774875,D,S,C,2024-04-24,1000000.00,4.619281,97.09375
08:01:58,91282CKF7,TSRYS5774875,D,B,C,2024-04-24,2000000.00,4.61932,97.093525
08:01:58,91282CKF7,TSRYS5774875,D,B,C,2024-04-24,2000000.00,4.619333,97.09345
08:01:58,91282CKF7,TSRYS5774875,D,S,C,2024-04-24,2000000.00,4.619246,97.09395
08:01:58,91282CKF7,TSRYS5774875,D,S,C,2024-04-24,2000000.00,4.619246,97.09395
08:01:59,91282CKF7,TSRYS5774875,D,S,D,2024-04-24,1000000.00,4.619281,97.09375
08:01:59,91282CKF7,TSRYS5774875,D,B,C,2024-04-24,1000000.00,4.61932,97.093525
08:01:59,91282CKF7,TSRYS5774875,D,S,C,2024-04-24,1000000.00,4.619281,97.09375
08:01:59,91282CKF7,TSRYS5774875,D,B,C,2024-04-24,1000000.00,4.61932,97.093525
08:01:59,91282CKF7,TSRYS5774875,D,S,D,2024-04-24,1000000.00,4.619281,97.09375
08:02:00,91282CKF7,TSRYS5774875,D,S,T,2024-04-24,1000000.00,4.659248,96.86328125
08:02:00,91282CKF7,TSRYS5774875,D,S,T,2024-04-24,1000000.00,4.659248,96.86328125
08:02:00,91282CKF7,TSRYS5774875,D,S,T,2024-04-24,1000000.00,4.659248,96.86328125
08:02:00,91282CKF7,TSRYS5774875,D,B,C,2024-04-24,1000000.00,4.622027,97.077898
08:02:00,91282CKF7,TSRYS5774875,D,S,C,2024-04-24,1000000.00,4.621944,97.078375
08:02:00,91282CKF7,TSRYS5774875,D,B,C,2024-04-24,1000000.00,4.622027,97.077898
08:02:00,91282CKF7,TSRYS5774875,D,S,D,2024-04-24,1000000.00,4.621987,97.078125
08:02:01,91282CKF7,TSRYS5774875,D,B,C,2024-04-24,1000000.00,4.624694,97.0625
08:02:01,91282CKF7,TSRYS5774875,D,S,C,2024-04-24,1000000.00,4.624694,97.0625
08:02:01,91282CKF7,TSRYS5774875,D,S,D,2024-04-24,1000000.00,4.63688,96.9921875
08:02:01,91282CKF7,TSRYS5774875,D,S,D,2024-04-24,1000000.00,4.63688,96.9921875
08:02:03,91282CKF7,TSRYS5774875,D,S,D,2024-04-24,1000000.00,4.621987,97.078125
08:02:03,91282CKF7,TSRYS5774875,D,B,C,2024-04-24,1000000.00,4.622031,97.077875
08:02:03,91282CKF7,TSRYS5774875,D,S,D,2024-04-24,125000.00,4.646365,96.9375
08:02:04,91282CKF7,TSRYS5774875,D,S,T,2024-04-24,1000000.00,4.659927,96.859375
08:02:04,91282CKF7,TSRYS5774875,D,S,T,2024-04-24,1000000.00,4.659927,96.859375
08:02:05,91282CKF7,TSRYS5774875,D,S,C,2024-04-24,1000000.00,4.635526,97.0
08:02:05,91282CKF7,TSRYS5774875,D,B,C,2024-04-24,1000000.00,4.635526,97.0
08:02:06,91282CKF7,TSRYS5774875,D,S,D,2024-04-24,1000000.00,4.63959,96.9765625
08:02:06,91282CKF7,TSRYS5774875,D,S,D,2024-04-24,1000000.00,4.63959,96.9765625
08:02:07,91282CKF7,TSRYS5774875,D,S,D,2024-04-24,1000000.00,4.637557,96.98828125
08:02:08,91282CKF7,TSRYS5774875,D,S,D,2024-04-24,1000000.00,4.637557,96.98828125
08:02:08,91282CKF7,TSRYS5774875,D,B,C,2024-04-24,1000000.00,4.637219,96.990234375
08:02:08,91282CKF7,TSRYS5774875,D,S,D,2024-04-24,1000000.00,4.637219,96.990234375
08:02:08,91282CKF7,TSRYS5774875,D,S,D,2024-04-24,2000000.00,4.63688,96.9921875
08:02:08,91282CKF7,TSRYS5774875,D,B,C,2024-04-24,1000000.00,4.63688,96.9921875
08:02:08,91282CKF7,TSRYS5774875,D,S,D,2024-04-24,1000000.00,4.63688,96.9921875
08:02:08,91282CKF7,TSRYS5774875,D,S,D,2024-04-24,1000000.00,4.637557,96.98828125
08:02:09,91282CKF7,TSRYS5774875,D,S,D,2024-04-24,1000000.00,4.63688,96.9921875
08:02:09,91282CKF7,TSRYS5774875,D,S,D,2024-04-24,2000000.00,4.63688,96.9921875
08:02:09,91282CKF7,TSRYS5774875,D,S,D,2024-04-24,1000000.00,4.63688,96.9921875
08:02:09,91282CKF7,TSRYS5774875,D,S,D,2024-04-24,1000000.00,4.63688,96.9921875
08:02:09,91282CKF7,TSRYS5774875,D,S,D,2024-04-24,1000000.00,4.63688,96.9921875
08:02:09,91282CKF7,TSRYS5774875,D,S,D,2024-04-24,2000000.00,4.63688,96.9921875
08:02:09,91282CKF7,TSRYS5774875,D,S,D,2024-04-24,1000000.00,4.637219,96.990234375
08:02:09,91282CKF7,TSRYS5774875,D,B,C,2024-04-24,1000000.00,4.637219,96.990234375
08:02:13,91282CKF7,TSRYS5774875,D,B,C,2024-04-24,1000000.00,4.654162,96.89257812
08:02:14,91282CKF7,TSRYS5774875,D,B,C,2024-04-24,1000000.00,4.654162,96.89257812
08:02:14,91282CKF7,TSRYS5774875,D,B,C,2024-04-24,1000000.00,4.654162,96.89257812
08:02:14,91282CKF7,TSRYS5774875,D,B,C,2024-04-24,1000000.00,4.654162,96.89257812
08:02:15,91282CKF7,TSRYS5774875,D,B,C,2024-04-24,1000000.00,4.654501,96.890625
08:02:17,91282CKF7,TSRYS5774875,D,B,C,2024-04-24,1000000.00,4.656874,96.87695312
08:02:18,91282CKF7,TSRYS5774875,D,S,C,2024-04-24,1000000.00,4.621953,97.078325
08:02:19,91282CKF7,TSRYS5774875,D,B,C,2024-04-24,1000000.00,4.656874,96.87695312
08:02:19,91282CKF7,TSRYS5774875,D,B,C,2024-04-24,1000000.00,4.656874,96.87695312
08:02:19,91282CKF7,TSRYS5774875,D,S,D,2024-04-24,4000000.00,4.658483,96.86769
08:02:19,91282CKF7,TSRYS5774875,D,S,D,2024-04-24,1000000.00,4.624694,97.0625
08:02:19,91282CKF7,TSRYS5774875,D,B,C,2024-04-24,1000000.00,4.62472,97.06235
08:02:20,91282CKF7,TSRYS5774875,D,S,D,2024-04-24,1000000.00,4.659588,96.86132812
08:02:20,91282CKF7,TSRYS5774875,D,S,D,2024-04-24,1000000.00,4.659588,96.86132812
08:02:20,91282CKF7,TSRYS5774875,D,B,C,2024-04-24,1000000.00,4.624694,97.0625
08:02:20,91282CKF7,TSRYS5774875,D,S,D,2024-04-24,1000000.00,4.624694,97.0625
08:02:20,91282CKF7,TSRYS5774875,D,S,D,2024-04-24,1000000.00,4.621987,97.078125
08:02:20,91282CKF7,TSRYS5774875,D,S,C,2024-04-24,1000000.00,4.661623,96.84960937
08:02:20,91282CKF7,TSRYS5774875,D,S,T,2024-04-24,1000000.00,4.661623,96.84960937
08:02:20,91282CKF7,TSRYS5774875,D,B,C,2024-04-24,1000000.00,4.627401,97.046875
08:02:20,91282CKF7,TSRYS5774875,D,S,D,2024-04-24,1000000.00,4.624694,97.0625
08:02:20,91282CKF7,TSRYS5774875,D,B,C,2024-04-24,1000000.00,4.662301,96.84570312
08:02:21,91282CKF7,TSRYS5774875,D,B,C,2024-04-24,1000000.00,4.661962,96.84765625
08:02:21,91282CKF7,TSRYS5774875,D,S,D,2024-04-24,1000000.00,4.627401,97.046875
08:02:21,91282CKF7,TSRYS5774875,D,B,C,2024-04-24,1000000.00,4.627401,97.046875
08:02:21,91282CKF7,TSRYS5774875,D,S,D,2024-04-24,1000000.00,4.627401,97.046875
08:02:21,91282CKF7,TSRYS5774875,D,S,C,2024-04-24,1000000.00,4.627366,97.047075
08:02:21,91282CKF7,TSRYS5774875,D,S,D,2024-04-24,1000000.00,4.627401,97.046875
08:02:21,91282CKF7,TSRYS5774875,D,B,C,2024-04-24,1000000.00,4.627401,97.046875
08:02:21,91282CKF7,TSRYS5774875,D,B,C,2024-04-24,1000000.00,4.627436,97.046675
08:02:21,91282CKF7,TSRYS5774875,D,S,D,2024-04-24,1000000.00,4.627401,97.046875
08:02:21,91282CKF7,TSRYS5774875,D,B,C,2024-04-24,1000000.00,4.666712,96.8203125
08:02:21,91282CKF7,TSRYS5774875,D,S,C,2024-04-24,1000000.00,4.630109,97.03125
08:02:21,91282CKF7,TSRYS5774875,D,S,D,2024-04-24,1000000.00,4.627401,97.046875
08:02:21,91282CKF7,TSRYS5774875,D,S,C,2024-04-24,49905000.00,4.637676,96.9921875
08:02:21,91282CKF7,TSRYS5774875,D,S,D,2024-04-24,1000000.00,4.667051,96.81835937
08:02:21,91282CKF7,TSRYS5774875,D,S,D,2024-04-24,1000000.00,4.667051,96.81835937
08:02:21,91282CKF7,TSRYS5774875,D,S,D,2024-04-24,1000000.00,4.667051,96.81835937
08:02:21,91282CKF7,TSRYS5774875,D,S,D,2024-04-24,1000000.00,4.667051,96.81835937
08:02:21,91282CKF7,TSRYS5774875,D,S,D,2024-04-24,5000000.00,4.642285,96.9610188
08:02:21,91282CKF7,TSRYS5774875,D,S,D,2024-04-24,1000000.00,4.667051,96.81835937
08:02:21,91282CKF7,TSRYS5774875,D,S,C,2024-04-24,3800000.00,4.640944,96.96875
08:02:21,91282CKF7,TSRYS5774875,D,S,D,2024-04-24,1000000.00,4.667051,96.81835937
08:02:21,91282CKF7,TSRYS5774875,D,S,D,2024-04-24,1000000.00,4.667051,96.81835937
08:02:21,91282CKF7,TSRYS5774875,D,S,D,2024-04-24,1000000.00,4.627401,97.046875
08:02:21,91282CKF7,TSRYS5774875,D,S,D,2024-04-24,1000000.00,4.667051,96.81835937
08:02:21,91282CKF7,TSRYS5774875,D,S,D,2024-04-24,1000000.00,4.667051,96.81835937
08:02:21,91282CKF7,TSRYS5774875,D,S,C,2024-04-24,1000000.00,4.667051,96.81835937
08:02:21,91282CKF7,TSRYS5774875,D,S,D,2024-04-24,1000000.00,4.667051,96.81835937
08:02:21,91282CKF7,TSRYS5774875,D,S,T,2024-04-24,1000000.00,4.667051,96.81835937
08:02:21,91282CKF7,TSRYS5774875,D,S,T,2024-04-24,1000000.00,4.667051,96.81835937
08:02:21,91282CKF7,TSRYS5774875,D,S,T,2024-04-24,1000000.00,4.667051,96.81835937
08:02:22,91282CKF7,TSRYS5774875,D,S,C,2024-04-24,1000000.00,4.667051,96.81835937
08:02:22,91282CKF7,TSRYS5774875,D,S,C,2024-04-24,1000000.00,4.667051,96.81835937
08:02:22,91282CKF7,TSRYS5774875,D,S,C,2024-04-24,1000000.00,4.627375,97.047025
08:02:22,91282CKF7,TSRYS5774875,D,S,D,2024-04-24,1000000.00,4.667051,96.81835937
08:02:22,91282CKF7,TSRYS5774875,D,S,D,2024-04-24,1000000.00,4.627401,97.046875
08:02:22,91282CKF7,TSRYS5774875,D,B,C,2024-04-24,1000000.00,4.627401,97.046875
08:02:22,91282CKF7,TSRYS5774875,D,S,D,2024-04-24,1000000.00,4.667051,96.81835937
08:02:22,91282CKF7,TSRYS5774875,D,S,D,2024-04-24,1000000.00,4.627401,97.046875
08:02:22,91282CKF7,TSRYS5774875,D,B,C,2024-04-24,1000000.00,4.666712,96.8203125
08:02:22,91282CKF7,TSRYS5774875,D,B,C,2024-04-24,1000000.00,4.666712,96.8203125
08:02:22,91282CKF7,TSRYS5774875,D,S,D,2024-04-24,1000000.00,4.667051,96.81835937
08:02:22,91282CKF7,TSRYS5774875,D,S,C,2024-04-24,1000000.00,4.667051,96.81835937
08:02:22,91282CKF7,TSRYS5774875,D,S,D,2024-04-24,1000000.00,4.667051,96.81835937
08:02:22,91282CKF7,TSRYS5774875,D,S,C,2024-04-24,1000000.00,4.663998,96.8359375
08:02:22,91282CKF7,TSRYS5774875,D,S,D,2024-04-24,1000000.00,4.661623,96.84960937
08:02:22,91282CKF7,TSRYS5774875,D,S,C,2024-04-24,1000000.00,4.661623,96.84960937
08:02:22,91282CKF7,TSRYS5774875,D,S,D,2024-04-24,1000000.00,4.661623,96.84960937
08:02:22,91282CKF7,TSRYS5774875,D,S,T,2024-04-24,1000000.00,4.656196,96.880859375
08:02:22,91282CKF7,TSRYS5774875,D,S,C,2024-04-24,4000000.00,4.653823,96.89453125
08:02:22,91282CKF7,TSRYS5774875,D,S,T,2024-04-24,1000000.00,4.653823,96.89453125
08:02:22,91282CKF7,TSRYS5774875,D,S,T,2024-04-24,1000000.00,4.651449,96.908203125
08:02:22,91282CKF7,TSRYS5774875,D,S,C,2024-04-24,1000000.00,4.630074,97.03145
08:02:22,91282CKF7,TSRYS5774875,D,S,D,2024-04-24,1000000.00,4.630109,97.03125
08:02:22,91282CKF7,TSRYS5774875,D,S,T,2024-04-24,1000000.00,4.653823,96.89453125
08:02:22,91282CKF7,TSRYS5774875,D,S,T,2024-04-24,1000000.00,4.654162,96.892578125
08:02:22,91282CKF7,TSRYS5774875,D,S,T,2024-04-24,1000000.00,4.653823,96.89453125
08:02:22,91282CKF7,TSRYS5774875,D,S,T,2024-04-24,1000000.00,4.656535,96.87890625
08:02:23,91282CKF7,TSRYS5774875,D,S,T,2024-04-24,1000000.00,4.653823,96.89453125
08:02:23,91282CKF7,TSRYS5774875,D,S,T,2024-04-24,1000000.00,4.656535,96.87890625
08:02:23,91282CKF7,TSRYS5774875,D,S,T,2024-04-24,1000000.00,4.656535,96.87890625
08:02:23,91282CKF7,TSRYS5774875,D,S,T,2024-04-24,1000000.00,4.656535,96.87890625
08:02:23,91282CKF7,TSRYS5774875,D,S,T,2024-04-24,1000000.00,4.656535,96.87890625
08:02:23,91282CKF7,TSRYS5774875,D,S,T,2024-04-24,1000000.00,4.656535,96.87890625
08:02:23,91282CKF7,TSRYS5774875,D,S,C,2024-04-24,8000000.00,4.65857,96.8671875
08:02:23,91282CKF7,TSRYS5774875,D,S,T,2024-04-24,1000000.00,4.656535,96.87890625
08:02:23,91282CKF7,TSRYS5774875,D,S,T,2024-04-24,1000000.00,4.656535,96.87890625
08:02:23,91282CKF7,TSRYS5774875,D,S,T,2024-04-24,1000000.00,4.656535,96.87890625
08:02:23,91282CKF7,TSRYS5774875,D,S,T,2024-04-24,1000000.00,4.656535,96.87890625
08:02:23,91282CKF7,TSRYS5774875,D,S,T,2024-04-24,1000000.00,4.658909,96.865234375
08:02:23,91282CKF7,TSRYS5774875,D,S,T,2024-04-24,1000000.00,4.656535,96.87890625
08:02:23,91282CKF7,TSRYS5774875,D,S,T,2024-04-24,1000000.00,4.656535,96.87890625
08:02:23,91282CKF7,TSRYS5774875,D,S,T,2024-04-24,1000000.00,4.661284,96.8515625
08:02:23,91282CKF7,TSRYS5774875,D,S,T,2024-04-24,1000000.00,4.661284,96.8515625
08:02:23,91282CKF7,TSRYS5774875,D,S,T,2024-04-24,1000000.00,4.661284,96.8515625
08:02:24,91282CKF7,TSRYS5774875,D,S,D,2024-04-24,1000000.00,4.632817,97.015625
08:02:24,91282CKF7,TSRYS5774875,D,S,D,2024-04-24,2000000.00,4.635526,97.0
08:02:25,91282CKF7,TSRYS5774875,D,S,D,2024-04-24,1000000.00,4.630109,97.03125
08:02:25,91282CKF7,TSRYS5774875,D,B,C,2024-04-24,1000000.00,4.630161,97.03095
08:02:25,91282CKF7,TSRYS5774875,D,S,C,2024-04-24,1000000.00,4.635187,97.001953125
08:02:25,91282CKF7,TSRYS5774875,D,B,C,2024-04-24,1000000.00,4.635187,97.001953125
08:02:25,91282CKF7,TSRYS5774875,D,S,D,2024-04-24,1000000.00,4.630109,97.03125
08:02:25,91282CKF7,TSRYS5774875,D,B,C,2024-04-24,1000000.00,4.630109,97.03125
08:02:25,91282CKF7,TSRYS5774875,D,S,C,2024-04-24,1000000.00,4.635526,97.0
08:02:25,91282CKF7,TSRYS5774875,D,S,D,2024-04-24,1000000.00,4.630086,97.03138
08:02:25,91282CKF7,TSRYS5774875,D,B,C,2024-04-24,1000000.00,4.630139,97.031075
08:02:26,91282CKF7,TSRYS5774875,D,S,D,2024-04-24,1000000.00,4.630109,97.03125
08:02:26,91282CKF7,TSRYS5774875,D,B,C,2024-04-24,1000000.00,4.630139,97.031075
08:02:26,91282CKF7,TSRYS5774875,D,S,D,2024-04-24,1000000.00,4.659588,96.86132812
08:02:26,91282CKF7,TSRYS5774875,D,S,D,2024-04-24,1000000.00,4.659588,96.86132812
08:02:26,91282CKF7,TSRYS5774875,D,S,D,2024-04-24,1000000.00,4.659588,96.86132812
08:02:26,91282CKF7,TSRYS5774875,D,S,D,2024-04-24,1000000.00,4.659588,96.86132812
08:02:26,91282CKF7,TSRYS5774875,D,S,C,2024-04-24,1000000.00,4.659588,96.86132812
08:02:26,91282CKF7,TSRYS5774875,D,S,C,2024-04-24,1000000.00,4.659588,96.86132812
08:02:26,91282CKF7,TSRYS5774875,D,S,C,2024-04-24,1000000.00,4.659588,96.86132812
08:02:26,91282CKF7,TSRYS5774875,D,S,C,2024-04-24,1000000.00,4.659588,96.86132812
08:02:26,91282CKF7,TSRYS5774875,D,S,C,2024-04-24,1000000.00,4.659588,96.86132812
08:02:27,91282CKF7,TSRYS5774875,D,S,C,2024-04-24,1000000.00,4.659588,96.86132812
08:02:27,91282CKF7,TSRYS5774875,D,S,C,2024-04-24,1000000.00,4.659588,96.86132812
08:02:27,91282CKF7,TSRYS5774875,D,S,C,2024-04-24,1000000.00,4.659588,96.86132812
08:02:27,91282CKF7,TSRYS5774875,D,S,C,2024-04-24,1000000.00,4.659248,96.86328125
08:02:27,91282CKF7,TSRYS5774875,D,S,C,2024-04-24,1000000.00,4.659588,96.86132812
08:02:27,91282CKF7,TSRYS5774875,D,S,C,2024-04-24,1000000.00,4.659588,96.86132812
08:02:27,91282CKF7,TSRYS5774875,D,S,C,2024-04-24,1000000.00,4.659588,96.86132812
08:02:27,91282CKF7,TSRYS5774875,D,B,C,2024-04-24,1000000.00,4.659248,96.86328125
08:02:27,91282CKF7,TSRYS5774875,D,B,C,2024-04-24,1000000.00,4.659248,96.86328125
08:02:27,91282CKF7,TSRYS5774875,D,S,C,2024-04-24,19000.00,4.655857,96.8828125
08:02:27,91282CKF7,TSRYS5774875,D,B,C,2024-04-24,1000000.00,4.657213,96.875
08:02:27,91282CKF7,TSRYS5774875,D,B,C,2024-04-24,1000000.00,4.657213,96.875
08:02:27,91282CKF7,TSRYS5774875,D,S,D,2024-04-24,1000000.00,4.632817,97.015625
08:02:27,91282CKF7,TSRYS5774875,D,B,C,2024-04-24,1000000.00,4.632817,97.015625
08:02:28,91282CKF7,TSRYS5774875,D,S,T,2024-04-24,1000000.00,4.638235,96.984375
08:02:28,91282CKF7,TSRYS5774875,D,S,D,2024-04-24,1000000.00,4.632817,97.015625
08:02:28,91282CKF7,TSRYS5774875,D,S,D,2024-04-24,1000000.00,4.632817,97.015625
08:02:29,91282CKF7,TSRYS5774875,D,S,D,2024-04-24,1000000.00,4.632817,97.015625
08:02:29,91282CKF7,TSRYS5774875,D,B,C,2024-04-24,1000000.00,4.632817,97.015625
08:02:29,91282CKF7,TSRYS5774875,D,B,C,2024-04-24,1000000.00,4.632852,97.015425
08:02:29,91282CKF7,TSRYS5774875,D,S,C,2024-04-24,1000000.00,4.632782,97.015825
08:02:29,91282CKF7,TSRYS5774875,D,S,D,2024-04-24,1000000.00,4.632817,97.015625
08:02:29,91282CKF7,TSRYS5774875,D,S,D,2024-04-24,1000000.00,4.632817,97.015625
08:02:29,91282CKF7,TSRYS5774875,D,S,D,2024-04-24,2000000.00,4.632817,97.015625
08:02:29,91282CKF7,TSRYS5774875,D,S,D,2024-04-24,1000000.00,4.657213,96.875
08:02:29,91282CKF7,TSRYS5774875,D,S,C,2024-04-24,1000000.00,4.657213,96.875
08:02:29,91282CKF7,TSRYS5774875,D,S,D,2024-04-24,1000000.00,4.657213,96.875
08:02:29,91282CKF7,TSRYS5774875,D,S,D,2024-04-24,1000000.00,4.657213,96.875
08:02:29,91282CKF7,TSRYS5774875,D,S,D,2024-04-24,1000000.00,4.657213,96.875
08:02:29,91282CKF7,TSRYS5774875,D,B,C,2024-04-24,1000000.00,4.632817,97.015625
08:02:29,91282CKF7,TSRYS5774875,D,S,D,2024-04-24,1000000.00,4.632817,97.015625
08:02:29,91282CKF7,TSRYS5774875,D,S,D,2024-04-24,1000000.00,4.657213,96.875
08:02:29,91282CKF7,TSRYS5774875,D,B,C,2024-04-24,1000000.00,4.632817,97.015625
08:02:29,91282CKF7,TSRYS5774875,D,S,C,2024-04-24,1000000.00,4.632782,97.015825
08:02:29,91282CKF7,TSRYS5774875,D,S,D,2024-04-24,1000000.00,4.657213,96.875
08:02:29,91282CKF7,TSRYS5774875,D,B,C,2024-04-24,1000000.00,4.632817,97.015625
08:02:29,91282CKF7,TSRYS5774875,D,S,C,2024-04-24,1000000.00,4.632817,97.015625
08:02:29,91282CKF7,TSRYS5774875,D,S,D,2024-04-24,1000000.00,4.632817,97.015625
08:02:29,91282CKF7,TSRYS5774875,D,S,D,2024-04-24,1000000.00,4.657213,96.875
08:02:29,91282CKF7,TSRYS5774875,D,B,C,2024-04-24,1000000.00,4.63286,97.015375
08:02:29,91282CKF7,TSRYS5774875,D,S,D,2024-04-24,1000000.00,4.657213,96.875
08:02:29,91282CKF7,TSRYS5774875,D,S,D,2024-04-24,1000000.00,4.657213,96.875
08:02:29,91282CKF7,TSRYS5774875,D,S,D,2024-04-24,1000000.00,4.657213,96.875
08:02:29,91282CKF7,TSRYS5774875,D,S,D,2024-04-24,1000000.00,4.657213,96.875
08:02:29,91282CKF7,TSRYS5774875,D,S,D,2024-04-24,1000000.00,4.657213,96.875
08:02:29,91282CKF7,TSRYS5774875,D,S,D,2024-04-24,1000000.00,4.657213,96.875
08:02:29,91282CKF7,TSRYS5774875,D,S,D,2024-04-24,1000000.00,4.657213,96.875
08:02:29,91282CKF7,TSRYS5774875,D,S,D,2024-04-24,1000000.00,4.657213,96.875
08:02:29,91282CKF7,TSRYS5774875,D,S,D,2024-04-24,1000000.00,4.657213,96.875
08:02:29,91282CKF7,TSRYS5774875,D,S,D,2024-04-24,1000000.00,4.657213,96.875
08:02:29,91282CKF7,TSRYS5774875,D,S,D,2024-04-24,1000000.00,4.657213,96.875
08:02:29,91282CKF7,TSRYS5774875,D,S,T,2024-04-24,1000000.00,4.627424,97.046745
08:02:29,91282CKF7,TSRYS5774875,D,S,D,2024-04-24,1000000.00,4.657213,96.875
08:02:29,91282CKF7,TSRYS5774875,D,S,D,2024-04-24,1000000.00,4.657213,96.875
08:02:29,91282CKF7,TSRYS5774875,D,S,D,2024-04-24,1000000.00,4.657213,96.875
08:02:29,91282CKF7,TSRYS5774875,D,S,D,2024-04-24,1000000.00,4.657213,96.875
08:02:29,91282CKF7,TSRYS5774875,D,S,D,2024-04-24,1000000.00,4.657213,96.875
08:02:30,91282CKF7,TSRYS5774875,D,S,D,2024-04-24,1000000.00,4.657213,96.875
08:02:30,91282CKF7,TSRYS5774875,D,S,D,2024-04-24,1000000.00,4.657213,96.875
08:02:30,91282CKF7,TSRYS5774875,D,S,D,2024-04-24,1000000.00,4.657213,96.875
08:02:30,91282CKF7,TSRYS5774875,D,S,D,2024-04-24,1000000.00,4.657213,96.875
08:02:30,91282CKF7,TSRYS5774875,D,S,D,2024-04-24,1000000.00,4.657213,96.875
08:02:30,91282CKF7,TSRYS5774875,D,S,D,2024-04-24,1000000.00,4.657213,96.875
08:02:30,91282CKF7,TSRYS5774875,D,S,D,2024-04-24,1000000.00,4.657213,96.875
08:02:30,91282CKF7,TSRYS5774875,D,S,D,2024-04-24,1000000.00,4.657213,96.875
08:02:30,91282CKF7,TSRYS5774875,D,S,D,2024-04-24,1000000.00,4.657213,96.875
08:02:30,91282CKF7,TSRYS5774875,D,S,T,2024-04-24,1000000.00,4.657248,96.8748
08:02:30,91282CKF7,TSRYS5774875,D,S,D,2024-04-24,1000000.00,4.657213,96.875
08:02:30,91282CKF7,TSRYS5774875,D,S,T,2024-04-24,1000000.00,4.657248,96.8748
08:02:30,91282CKF7,TSRYS5774875,D,S,T,2024-04-24,1000000.00,4.657248,96.8748
08:02:30,91282CKF7,TSRYS5774875,D,S,T,2024-04-24,1000000.00,4.657248,96.8748
08:02:31,91282CKF7,TSRYS5774875,D,S,T,2024-04-24,1000000.00,4.657248,96.8748
08:02:31,91282CKF7,TSRYS5774875,D,S,C,2024-04-24,1000000.00,4.632817,97.015625
08:02:31,91282CKF7,TSRYS5774875,D,B,C,2024-04-24,1000000.00,4.635552,96.99985
08:02:31,91282CKF7,TSRYS5774875,D,S,D,2024-04-24,1000000.00,4.635526,97.0
08:02:31,91282CKF7,TSRYS5774875,D,S,C,2024-04-24,1000000.00,4.635526,97.0
08:02:31,91282CKF7,TSRYS5774875,D,B,C,2024-04-24,1000000.00,4.635526,97.0
08:02:32,91282CKF7,TSRYS5774875,D,S,C,2024-04-24,1000000.00,4.635526,97.0
08:02:32,91282CKF7,TSRYS5774875,D,B,C,2024-04-24,1000000.00,4.635526,97.0
08:02:32,91282CKF7,TSRYS5774875,D,S,D,2024-04-24,1000000.00,4.635526,97.0
08:02:32,91282CKF7,TSRYS5774875,D,B,C,2024-04-24,1000000.00,4.635526,97.0
08:02:32,91282CKF7,TSRYS5774875,D,S,D,2024-04-24,1000000.00,4.635526,97.0
08:02:32,91282CKF7,TSRYS5774875,D,B,C,2024-04-24,1000000.00,4.635526,97.0
08:02:32,91282CKF7,TSRYS5774875,D,S,D,2024-04-24,1000000.00,4.635526,97.0
08:02:32,91282CKF7,TSRYS5774875,D,B,C,2024-04-24,1000000.00,4.659248,96.86328125
08:02:32,91282CKF7,TSRYS5774875,D,B,C,2024-04-24,1000000.00,4.659248,96.86328125
08:02:32,91282CKF7,TSRYS5774875,D,S,C,2024-04-24,1000000.00,4.635526,97.0
08:02:32,91282CKF7,TSRYS5774875,D,S,C,2024-04-24,1000000.00,4.635526,97.0
08:02:32,91282CKF7,TSRYS5774875,D,B,C,2024-04-24,1000000.00,4.635526,97.0
08:02:33,91282CKF7,TSRYS5774875,D,B,C,2024-04-24,1000000.00,4.659588,96.86132812
08:02:33,91282CKF7,TSRYS5774875,D,S,D,2024-04-24,1000000.00,4.659248,96.86328125
08:02:33,91282CKF7,TSRYS5774875,D,B,C,2024-04-24,1000000.00,4.659248,96.86328125
08:02:33,91282CKF7,TSRYS5774875,D,S,D,2024-04-24,1000000.00,4.659248,96.86328125
08:02:33,91282CKF7,TSRYS5774875,D,B,C,2024-04-24,1000000.00,4.638235,96.984375
08:02:33,91282CKF7,TSRYS5774875,D,S,D,2024-04-24,1000000.00,4.638235,96.984375
08:02:33,91282CKF7,TSRYS5774875,D,S,C,2024-04-24,1000000.00,4.638217,96.984475
08:02:33,91282CKF7,TSRYS5774875,D,B,C,2024-04-24,1000000.00,4.638235,96.984375
08:02:33,91282CKF7,TSRYS5774875,D,S,T,2024-04-24,1000000.00,4.638235,96.984375
08:02:34,91282CKF7,TSRYS5774875,D,S,C,2024-04-24,1000000.00,4.643655,96.953125
08:02:34,91282CKF7,TSRYS5774875,D,B,C,2024-04-24,1000000.00,4.643655,96.952825
08:02:34,91282CKF7,TSRYS5774875,D,S,C,2024-04-24,1000000.00,4.6382,96.984575
08:02:34,91282CKF7,TSRYS5774875,D,B,C,2024-04-24,1000000.00,4.659588,96.86132812
08:02:34,91282CKF7,TSRYS5774875,D,B,C,2024-04-24,1000000.00,4.659588,96.86132812
08:02:34,91282CKF7,TSRYS5774875,D,S,D,2024-04-24,1000000.00,4.638235,96.984375
08:02:34,91282CKF7,TSRYS5774875,D,B,C,2024-04-24,1000000.00,4.638287,96.984075
08:02:34,91282CKF7,TSRYS5774875,D,B,C,2024-04-24,1000000.00,4.638287,96.984075
08:02:34,91282CKF7,TSRYS5774875,D,S,D,2024-04-24,1000000.00,4.638235,96.984375
08:02:34,91282CKF7,TSRYS5774875,D,S,D,2024-04-24,2000000.00,4.638235,96.984375
08:02:34,91282CKF7,TSRYS5774875,D,S,T,2024-04-24,2000000.00,4.632817,97.015625
08:02:34,91282CKF7,TSRYS5774875,D,S,D,2024-04-24,1000000.00,4.64501,96.9453125
08:02:34,91282CKF7,TSRYS5774875,D,B,C,2024-04-24,1000000.00,4.64501,96.9453125
08:02:34,91282CKF7,TSRYS5774875,D,S,D,2024-04-24,1000000.00,4.64501,96.9453125
08:02:34,91282CKF7,TSRYS5774875,D,B,C,2024-04-24,1000000.00,4.64501,96.9453125
08:02:35,91282CKF7,TSRYS5774875,D,S,D,2024-04-24,1000000.00,4.644671,96.947265625
08:02:35,91282CKF7,TSRYS5774875,D,S,D,2024-04-24,1000000.00,4.645349,96.943359375
08:02:35,91282CKF7,TSRYS5774875,D,B,C,2024-04-24,1000000.00,4.645349,96.943359375
08:02:35,91282CKF7,TSRYS5774875,D,S,D,2024-04-24,1000000.00,4.645349,96.943359375
08:02:35,91282CKF7,TSRYS5774875,D,B,C,2024-04-24,1000000.00,4.645349,96.943359375
08:02:35,91282CKF7,TSRYS5774875,D,S,D,2024-04-24,1000000.00,4.640944,96.96875
08:02:35,91282CKF7,TSRYS5774875,D,S,C,2024-04-24,1000000.00,4.64091,96.96895
08:02:35,91282CKF7,TSRYS5774875,D,B,C,2024-04-24,1000000.00,4.659248,96.86328125
08:02:35,91282CKF7,TSRYS5774875,D,S,D,2024-04-24,1000000.00,4.638235,96.984375
08:02:35,91282CKF7,TSRYS5774875,D,S,D,2024-04-24,1000000.00,4.659248,96.86328125
08:02:35,91282CKF7,TSRYS5774875,D,S,D,2024-04-24,1000000.00,4.659248,96.86328125
08:02:35,91282CKF7,TSRYS5774875,D,B,C,2024-04-24,1000000.00,4.638235,96.984375
08:02:35,91282CKF7,TSRYS5774875,D,B,C,2024-04-24,1000000.00,4.638235,96.984375
08:02:35,91282CKF7,TSRYS5774875,D,S,T,2024-04-24,1000000.00,4.638235,96.984375
08:02:36,91282CKF7,TSRYS5774875,D,S,C,2024-04-24,1000000.00,4.6382,96.984575
08:02:36,91282CKF7,TSRYS5774875,D,S,D,2024-04-24,1000000.00,4.638235,96.984375
08:02:36,91282CKF7,TSRYS5774875,D,B,C,2024-04-24,1000000.00,4.638278,96.984125
08:02:36,91282CKF7,TSRYS5774875,D,B,C,2024-04-24,1000000.00,4.659588,96.86132812
08:02:36,91282CKF7,TSRYS5774875,D,B,C,2024-04-24,1000000.00,4.659248,96.86328125
08:02:36,91282CKF7,TSRYS5774875,D,B,C,2024-04-24,1000000.00,4.659248,96.86328125
08:02:36,91282CKF7,TSRYS5774875,D,B,C,2024-04-24,1000000.00,4.659248,96.86328125
08:02:36,91282CKF7,TSRYS5774875,D,B,C,2024-04-24,1000000.00,4.659248,96.86328125
08:02:36,91282CKF7,TSRYS5774875,D,B,C,2024-04-24,1000000.00,4.659248,96.86328125
08:02:36,91282CKF7,TSRYS5774875,D,B,C,2024-04-24,1000000.00,4.659248,96.86328125
08:02:36,91282CKF7,TSRYS5774875,D,S,D,2024-04-24,1000000.00,4.638235,96.984375
08:02:36,91282CKF7,TSRYS5774875,D,B,C,2024-04-24,1000000.00,4.659248,96.86328125
08:02:36,91282CKF7,TSRYS5774875,D,B,C,2024-04-24,1000000.00,4.638287,96.984075
08:02:36,91282CKF7,TSRYS5774875,D,S,C,2024-04-24,1000000.00,4.638235,96.984375
08:02:36,91282CKF7,TSRYS5774875,D,B,C,2024-04-24,1000000.00,4.638287,96.984075
08:02:36,91282CKF7,TSRYS5774875,D,B,C,2024-04-24,1000000.00,4.659248,96.86328125
08:02:36,91282CKF7,TSRYS5774875,D,B,C,2024-04-24,1000000.00,4.638235,96.984375
08:02:36,91282CKF7,TSRYS5774875,D,B,C,2024-04-24,1000000.00,4.659248,96.86328125
08:02:36,91282CKF7,TSRYS5774875,D,S,D,2024-04-24,1000000.00,4.638235,96.984375
08:02:36,91282CKF7,TSRYS5774875,D,S,D,2024-04-24,1000000.00,4.656874,96.87695312
08:02:36,91282CKF7,TSRYS5774875,D,S,D,2024-04-24,1000000.00,4.656874,96.87695312
08:02:37,91282CKF7,TSRYS5774875,D,S,C,2024-04-24,1000000.00,4.640944,96.96875
08:02:37,91282CKF7,TSRYS5774875,D,S,D,2024-04-24,1000000.00,4.640944,96.96875
08:02:37,91282CKF7,TSRYS5774875,D,S,T,2024-04-24,1000000.00,4.658909,96.865234375
08:02:37,91282CKF7,TSRYS5774875,D,S,D,2024-04-24,1000000.00,4.638235,96.984375
08:02:38,91282CKF7,TSRYS5774875,D,S,C,2024-04-24,1000000.00,4.660605,96.85546875
08:02:38,91282CKF7,TSRYS5774875,D,S,C,2024-04-24,1000000.00,4.656874,96.87695312
08:02:38,91282CKF7,TSRYS5774875,D,S,T,2024-04-24,2000000.00,4.656535,96.87890625
08:02:38,91282CKF7,TSRYS5774875,D,S,D,2024-04-24,2000000.00,4.642638,96.958984375
08:02:38,91282CKF7,TSRYS5774875,D,S,D,2024-04-24,1000000.00,4.642638,96.958984375
08:02:38,91282CKF7,TSRYS5774875,D,B,C,2024-04-24,2000000.00,4.641961,96.962890625
08:02:38,91282CKF7,TSRYS5774875,D,S,D,2024-04-24,2000000.00,4.641961,96.962890625
08:02:38,91282CKF7,TSRYS5774875,D,B,C,2024-04-24,2000000.00,4.641961,96.962890625
08:02:38,91282CKF7,TSRYS5774875,D,S,D,2024-04-24,2000000.00,4.641961,96.962890625
08:02:38,91282CKF7,TSRYS5774875,D,S,C,2024-04-24,1000000.00,4.659248,96.86328125
08:02:38,91282CKF7,TSRYS5774875,D,S,C,2024-04-24,1000000.00,4.659248,96.86328125
08:02:39,91282CKF7,TSRYS5774875,D,S,D,2024-04-24,1000000.00,4.656874,96.87695312
08:02:39,91282CKF7,TSRYS5774875,D,S,D,2024-04-24,2000000.00,4.641961,96.962890625
08:02:39,91282CKF7,TSRYS5774875,D,S,D,2024-04-24,1000000.00,4.641961,96.962890625
08:02:39,91282CKF7,TSRYS5774875,D,S,D,2024-04-24,1000000.00,4.635526,97.0
08:02:39,91282CKF7,TSRYS5774875,D,S,D,2024-04-24,1000000.00,4.6423,96.9609375
08:02:39,91282CKF7,TSRYS5774875,D,B,C,2024-04-24,1000000.00,4.635526,97.0
08:02:39,91282CKF7,TSRYS5774875,D,S,C,2024-04-24,1000000.00,4.635526,97.0
08:02:39,91282CKF7,TSRYS5774875,D,S,D,2024-04-24,1000000.00,4.635503,97.00013
08:02:39,91282CKF7,TSRYS5774875,D,S,D,2024-04-24,1000000.00,4.6423,96.9609375
08:02:39,91282CKF7,TSRYS5774875,D,S,D,2024-04-24,1000000.00,4.6423,96.9609375
08:02:39,91282CKF7,TSRYS5774875,D,S,D,2024-04-24,1000000.00,4.635503,97.00013
08:02:39,91282CKF7,TSRYS5774875,D,B,C,2024-04-24,1000000.00,4.635526,97.0
08:02:39,91282CKF7,TSRYS5774875,D,B,C,2024-04-24,1000000.00,4.635526,97.0
08:02:39,91282CKF7,TSRYS5774875,D,S,D,2024-04-24,1000000.00,4.656196,96.88085937
08:02:39,91282CKF7,TSRYS5774875,D,S,T,2024-04-24,2000000.00,4.656196,96.88085937
08:02:39,91282CKF7,TSRYS5774875,D,S,D,2024-04-24,1000000.00,4.656196,96.88085937
08:02:39,91282CKF7,TSRYS5774875,D,S,D,2024-04-24,1000000.00,4.656196,96.88085937
08:02:39,91282CKF7,TSRYS5774875,D,S,T,2024-04-24,1000000.00,4.632817,97.015625
08:02:39,91282CKF7,TSRYS5774875,D,S,D,2024-04-24,1000000.00,4.643655,96.953125
08:02:39,91282CKF7,TSRYS5774875,D,B,C,2024-04-24,1000000.00,4.643655,96.953125
08:02:39,91282CKF7,TSRYS5774875,D,S,D,2024-04-24,1000000.00,4.643655,96.953125
08:02:39,91282CKF7,TSRYS5774875,D,B,C,2024-04-24,1000000.00,4.657213,96.875
08:02:39,91282CKF7,TSRYS5774875,D,S,D,2024-04-24,1000000.00,4.643655,96.953125
08:02:39,91282CKF7,TSRYS5774875,D,S,D,2024-04-24,1000000.00,4.643655,96.953125
08:02:39,91282CKF7,TSRYS5774875,D,S,D,2024-04-24,2000000.00,4.643316,96.955078125
08:02:39,91282CKF7,TSRYS5774875,D,S,C,2024-04-24,1000000.00,4.635526,97.0
08:02:39,91282CKF7,TSRYS5774875,D,S,D,2024-04-24,1000000.00,4.656535,96.87890625
08:02:39,91282CKF7,TSRYS5774875,D,S,D,2024-04-24,1000000.00,4.656535,96.87890625
08:02:39,91282CKF7,TSRYS5774875,D,B,C,2024-04-24,1000000.00,4.656874,96.87695312
08:02:39,91282CKF7,TSRYS5774875,D,B,C,2024-04-24,1000000.00,4.656874,96.87695312
08:02:39,91282CKF7,TSRYS5774875,D,S,C,2024-04-24,1000000.00,4.635526,97.0
08:02:39,91282CKF7,TSRYS5774875,D,S,C,2024-04-24,1000000.00,4.635526,97.0
08:02:39,91282CKF7,TSRYS5774875,D,S,C,2024-04-24,1000000.00,4.635526,97.0
08:02:39,91282CKF7,TSRYS5774875,D,B,C,2024-04-24,1000000.00,4.635578,96.9997
08:02:40,91282CKF7,TSRYS5774875,D,B,C,2024-04-24,1000000.00,4.635578,96.9997
08:02:40,91282CKF7,TSRYS5774875,D,B,C,2024-04-24,1000000.00,4.635526,97.0
08:02:40,91282CKF7,TSRYS5774875,D,S,C,2024-04-24,1000000.00,4.635526,97.0
08:02:40,91282CKF7,TSRYS5774875,D,B,C,2024-04-24,1000000.00,4.635526,97.0
08:02:40,91282CKF7,TSRYS5774875,D,S,C,2024-04-24,1000000.00,4.635526,97.0
08:02:40,91282CKF7,TSRYS5774875,D,S,C,2024-04-24,1000000.00,4.635526,97.0
08:02:40,91282CKF7,TSRYS5774875,D,B,C,2024-04-24,2000000.00,4.659248,96.86328125
08:02:40,91282CKF7,TSRYS5774875,D,S,C,2024-04-24,1000000.00,4.635526,97.0
08:02:40,91282CKF7,TSRYS5774875,D,B,C,2024-04-24,1000000.00,4.659248,96.86328125
08:02:40,91282CKF7,TSRYS5774875,D,B,C,2024-04-24,1000000.00,4.659248,96.86328125
08:02:40,91282CKF7,TSRYS5774875,D,B,C,2024-04-24,1000000.00,4.659248,96.86328125
08:02:40,91282CKF7,TSRYS5774875,D,S,T,2024-04-24,1000000.00,4.658909,96.865234375
08:02:40,91282CKF7,TSRYS5774875,D,B,C,2024-04-24,1000000.00,4.659248,96.86328125
08:02:40,91282CKF7,TSRYS5774875,D,B,C,2024-04-24,1000000.00,4.659248,96.86328125
08:02:40,91282CKF7,TSRYS5774875,D,B,C,2024-04-24,1000000.00,4.659248,96.86328125
08:02:40,91282CKF7,TSRYS5774875,D,S,D,2024-04-24,1000000.00,4.638235,96.984375
08:02:40,91282CKF7,TSRYS5774875,D,S,D,2024-04-24,1000000.00,4.638235,96.984375
08:02:40,91282CKF7,TSRYS5774875,D,B,C,2024-04-24,1000000.00,4.638235,96.984375
08:02:40,91282CKF7,TSRYS5774875,D,B,C,2024-04-24,1000000.00,4.638235,96.984375
08:02:40,91282CKF7,TSRYS5774875,D,S,C,2024-04-24,1000000.00,4.638235,96.984375
08:02:40,91282CKF7,TSRYS5774875,D,B,C,2024-04-24,1000000.00,4.638235,96.984375
08:02:41,91282CKF7,TSRYS5774875,D,S,D,2024-04-24,1000000.00,4.638235,96.984375
08:02:41,91282CKF7,TSRYS5774875,D,S,D,2024-04-24,1000000.00,4.638235,96.984375
08:02:41,91282CKF7,TSRYS5774875,D,S,C,2024-04-24,2000000.00,4.6382,96.984575
08:02:41,91282CKF7,TSRYS5774875,D,B,C,2024-04-24,1000000.00,4.638278,96.984125
08:02:42,91282CKF7,TSRYS5774875,D,S,D,2024-04-24,2000000.00,4.660605,96.85546875
08:02:42,91282CKF7,TSRYS5774875,D,S,C,2024-04-24,1000000.00,4.660605,96.85546875
08:02:42,91282CKF7,TSRYS5774875,D,S,C,2024-04-24,10000000.00,4.660563,96.85571
08:02:42,91282CKF7,TSRYS5774875,D,B,C,2024-04-24,1000000.00,4.638278,96.984125
08:02:42,91282CKF7,TSRYS5774875,D,S,D,2024-04-24,1000000.00,4.638235,96.984375
08:02:42,91282CKF7,TSRYS5774875,D,S,C,2024-04-24,1000000.00,4.638235,96.984375
