tradeTime,cusip,issueSymbolIdentifier,priceType,reportingSideCode,contraPartyTypeCode,tradeDate,reportedTradeVolume,lastSaleYield,lastSalePrice
08:00:03,91282CLJ8,TSRYS5875649,D,S,D,2024-09-16,1000000.00,3.526965,101.36328125
08:00:03,91282CLJ8,TSRYS5875649,D,S,T,2024-09-16,2000000.00,3.510506,101.46484375
08:00:03,91282CLJ8,TSRYS5875649,D,S,T,2024-09-16,1000000.00,3.513353,101.447265625
08:00:03,91282CLJ8,TSRYS5875649,D,S,T,2024-09-16,1000000.00,3.510822,101.462890625
08:00:03,91282CLJ8,TSRYS5875649,D,S,T,2024-09-16,1000000.00,3.515568,101.43359375
08:00:03,91282CLJ8,TSRYS5875649,D,S,D,2024-09-16,1000000.00,3.517783,101.419921875
08:00:03,91282CLJ8,TSRYS5875649,D,S,T,2024-09-16,1000000.00,3.511138,101.4609375
08:00:03,91282CLJ8,TSRYS5875649,D,S,T,2024-09-16,1000000.00,3.511138,101.4609375
08:00:03,91282CLJ8,TSRYS5875649,D,S,T,2024-09-16,1000000.00,3.511138,101.4609375
08:00:03,91282CLJ8,TSRYS5875649,D,S,T,2024-09-16,1000000.00,3.511138,101.4609375
08:00:03,91282CLJ8,TSRYS5875649,D,S,T,2024-09-16,1000000.00,3.511138,101.4609375
08:00:03,91282CLJ8,TSRYS5875649,D,S,T,2024-09-16,1000000.00,3.510822,101.462890625
08:00:03,91282CLJ8,TSRYS5875649,D,S,T,2024-09-16,1000000.00,3.515252,101.435546875
08:00:03,91282CLJ8,TSRYS5875649,D,S,D,2024-09-16,1000000.00,3.515568,101.43359375
08:00:03,91282CLJ8,TSRYS5875649,D,S,D,2024-09-16,1000000.00,3.516201,101.4296875
08:00:03,91282CLJ8,TSRYS5875649,D,S,D,2024-09-16,1000000.00,3.516201,101.4296875
08:00:03,91282CLJ8,TSRYS5875649,D,S,D,2024-09-16,1000000.00,3.516201,101.4296875
08:00:03,91282CLJ8,TSRYS5875649,D,S,D,2024-09-16,1000000.00,3.523165,101.38671875
08:00:03,91282CLJ8,TSRYS5875649,D,S,D,2024-09-16,1000000.00,3.522532,101.390625
08:00:03,91282CLJ8,TSRYS5875649,D,S,D,2024-09-16,1000000.00,3.526965,101.36328125
08:00:03,91282CLJ8,TSRYS5875649,D,S,D,2024-09-16,1000000.00,3.527598,101.359375
08:00:03,91282CLJ8,TSRYS5875649,D,S,D,2024-09-16,1000000.00,3.527598,101.359375
08:00:03,91282CLJ8,TSRYS5875649,D,S,D,2024-09-16,1000000.00,3.527598,101.359375
08:00:03,91282CLJ8,TSRYS5875649,D,S,D,2024-09-16,1000000.00,3.527598,101.359375
08:00:03,91282CLJ8,TSRYS5875649,D,S,D,2024-09-16,1000000.00,3.527598,101.359375
08:00:03,91282CLJ8,TSRYS5875649,D,S,D,2024-09-16,1000000.00,3.527598,101.359375
08:00:03,91282CLJ8,TSRYS5875649,D,S,D,2024-09-16,2000000.00,3.527598,101.359375
08:00:03,91282CLJ8,TSRYS5875649,D,S,D,2024-09-16,1000000.00,3.527598,101.359375
08:00:03,91282CLJ8,TSRYS5875649,D,S,D,2024-09-16,1000000.00,3.526648,101.365234375
08:00:03,91282CLJ8,TSRYS5875649,D,S,D,2024-09-16,1000000.00,3.526648,101.365234375
08:00:03,91282CLJ8,TSRYS5875649,D,S,D,2024-09-16,1000000.00,3.524748,101.376953125
08:00:03,91282CLJ8,TSRYS5875649,D,S,D,2024-09-16,1000000.00,3.524431,101.37890625
08:00:03,91282CLJ8,TSRYS5875649,D,S,T,2024-09-16,1000000.00,3.522532,101.390625
08:00:03,91282CLJ8,TSRYS5875649,D,S,D,2024-09-16,2000000.00,3.519682,101.408203125
08:00:03,91282CLJ8,TSRYS5875649,D,S,D,2024-09-16,1000000.00,3.519999,101.40625
08:00:03,91282CLJ8,TSRYS5875649,D,S,T,2024-09-16,1000000.00,3.5181,101.41796875
08:00:03,91282CLJ8,TSRYS5875649,D,S,T,2024-09-16,1000000.00,3.5181,101.41796875
08:00:03,91282CLJ8,TSRYS5875649,D,S,T,2024-09-16,1000000.00,3.5181,101.41796875
08:00:03,91282CLJ8,TSRYS5875649,D,S,T,2024-09-16,1000000.00,3.5181,101.41796875
08:00:03,91282CLJ8,TSRYS5875649,D,S,T,2024-09-16,1000000.00,3.517783,101.419921875
08:00:03,91282CLJ8,TSRYS5875649,D,S,T,2024-09-16,1000000.00,3.51715,101.423828125
08:00:03,91282CLJ8,TSRYS5875649,D,S,D,2024-09-16,1000000.00,3.517783,101.419921875
08:00:03,91282CLJ8,TSRYS5875649,D,S,D,2024-09-16,1000000.00,3.517783,101.419921875
08:00:03,91282CLJ8,TSRYS5875649,D,S,D,2024-09-16,1000000.00,3.51715,101.423828125
08:00:13,91282CLJ8,TSRYS5875649,D,S,D,2024-09-16,1000000.00,3.505762,101.494140625
08:00:13,91282CLJ8,TSRYS5875649,D,S,C,2024-09-16,1000000.00,3.513037,101.44921875
08:00:13,91282CLJ8,TSRYS5875649,D,S,C,2024-09-16,1000000.00,3.513353,101.447265625
08:00:14,91282CLJ8,TSRYS5875649,D,S,T,2024-09-16,1000000.00,3.518416,101.416015625
08:00:14,91282CLJ8,TSRYS5875649,D,S,T,2024-09-16,1000000.00,3.516201,101.4296875
08:00:14,91282CLJ8,TSRYS5875649,D,S,D,2024-09-16,1000000.00,3.523165,101.38671875
08:00:14,91282CLJ8,TSRYS5875649,D,S,D,2024-09-16,1000000.00,3.524431,101.37890625
08:00:17,91282CLJ8,TSRYS5875649,D,S,C,2024-09-16,1000000.00,3.507975,101.48046875
08:00:18,91282CLJ8,TSRYS5875649,D,S,C,2024-09-16,1000000.00,3.510189,101.466796875
08:00:19,91282CLJ8,TSRYS5875649,D,S,C,2024-09-16,1000000.00,3.51272,101.451171875
08:00:19,91282CLJ8,TSRYS5875649,D,S,C,2024-09-16,1000000.00,3.51272,101.451171875
08:00:19,91282CLJ8,TSRYS5875649,D,S,C,2024-09-16,1000000.00,3.511455,101.458984375
08:00:19,91282CLJ8,TSRYS5875649,D,S,C,2024-09-16,1000000.00,3.511455,101.458984375
08:00:19,91282CLJ8,TSRYS5875649,D,S,C,2024-09-16,1000000.00,3.511138,101.4609375
08:00:19,91282CLJ8,TSRYS5875649,D,S,C,2024-09-16,1000000.00,3.511138,101.4609375
08:00:20,91282CLJ8,TSRYS5875649,D,S,C,2024-09-16,1000000.00,3.510506,101.46484375
08:00:23,91282CLJ8,TSRYS5875649,D,S,C,2024-09-16,1000000.00,3.51272,101.451171875
08:00:23,91282CLJ8,TSRYS5875649,D,S,C,2024-09-16,1000000.00,3.510189,101.466796875
08:00:23,91282CLJ8,TSRYS5875649,D,S,C,2024-09-16,1000000.00,3.512404,101.453125
08:00:23,91282CLJ8,TSRYS5875649,D,S,D,2024-09-16,1000000.00,3.514935,101.4375
08:00:24,91282CLJ8,TSRYS5875649,D,S,D,2024-09-16,1000000.00,3.516201,101.4296875
08:00:24,91282CLJ8,TSRYS5875649,D,S,D,2024-09-16,1000000.00,3.511771,101.45703125
08:00:27,91282CLJ8,TSRYS5875649,D,S,T,2024-09-16,1000000.00,3.509873,101.46875
08:00:27,91282CLJ8,TSRYS5875649,D,S,T,2024-09-16,2000000.00,3.509873,101.46875
08:00:27,91282CLJ8,TSRYS5875649,D,S,T,2024-09-16,1000000.00,3.512404,101.453125
08:00:27,91282CLJ8,TSRYS5875649,D,S,T,2024-09-16,1000000.00,3.512404,101.453125
08:00:27,91282CLJ8,TSRYS5875649,D,S,T,2024-09-16,1000000.00,3.512404,101.453125
08:00:27,91282CLJ8,TSRYS5875649,D,S,D,2024-09-16,2000000.00,3.515568,101.43359375
08:00:27,91282CLJ8,TSRYS5875649,D,S,D,2024-09-16,1000000.00,3.514935,101.4375
08:00:27,91282CLJ8,TSRYS5875649,D,S,T,2024-09-16,1000000.00,3.522848,101.388671875
08:00:27,91282CLJ8,TSRYS5875649,D,S,D,2024-09-16,1000000.00,3.513669,101.4453125
08:00:28,91282CLJ8,TSRYS5875649,D,S,D,2024-09-16,1000000.00,3.514935,101.4375
08:00:28,91282CLJ8,TSRYS5875649,D,S,D,2024-09-16,1000000.00,3.517467,101.421875
08:00:28,91282CLJ8,TSRYS5875649,D,S,D,2024-09-16,1000000.00,3.517467,101.421875
08:00:29,91282CLJ8,TSRYS5875649,D,S,D,2024-09-16,1000000.00,3.514935,101.4375
08:00:29,91282CLJ8,TSRYS5875649,D,S,D,2024-09-16,1000000.00,3.516201,101.4296875
08:00:29,91282CLJ8,TSRYS5875649,D,S,D,2024-09-16,1000000.00,3.513669,101.4453125
08:00:29,91282CLJ8,TSRYS5875649,D,S,D,2024-09-16,1000000.00,3.517467,101.421875
08:00:29,91282CLJ8,TSRYS5875649,D,S,D,2024-09-16,1000000.00,3.517467,101.421875
08:00:29,91282CLJ8,TSRYS5875649,D,S,A,2024-09-16,70000.00,3.516201,101.4296875
08:00:29,91282CLJ8,TSRYS5875649,D,S,D,2024-09-16,1000000.00,3.522532,101.390625
08:00:29,91282CLJ8,TSRYS5875649,D,S,D,2024-09-16,1000000.00,3.525065,101.375
08:00:29,91282CLJ8,TSRYS5875649,D,S,T,2024-09-16,1000000.00,3.522532,101.390625
08:00:29,91282CLJ8,TSRYS5875649,D,S,D,2024-09-16,1000000.00,3.518733,101.4140625
08:00:29,91282CLJ8,TSRYS5875649,D,S,D,2024-09-16,1000000.00,3.522532,101.390625
08:00:29,91282CLJ8,TSRYS5875649,D,S,D,2024-09-16,1000000.00,3.525065,101.375
08:00:29,91282CLJ8,TSRYS5875649,D,B,C,2024-09-16,1841000.00,3.517467,101.421875
08:00:29,91282CLJ8,TSRYS5875649,D,S,C,2024-09-16,2122000.00,3.509873,101.46875
08:00:29,91282CLJ8,TSRYS5875649,D,S,D,2024-09-16,1000000.00,3.522532,101.390625
08:00:30,91282CLJ8,TSRYS5875649,D,S,D,2024-09-16,1000000.00,3.520632,101.40234375
08:00:30,91282CLJ8,TSRYS5875649,D,S,T,2024-09-16,1000000.00,3.511138,101.4609375
08:00:30,91282CLJ8,TSRYS5875649,D,S,T,2024-09-16,1000000.00,3.511138,101.4609375
08:00:30,91282CLJ8,TSRYS5875649,D,S,T,2024-09-16,1000000.00,3.511138,101.4609375
08:00:30,91282CLJ8,TSRYS5875649,D,S,T,2024-09-16,1000000.00,3.511138,101.4609375
08:00:30,91282CLJ8,TSRYS5875649,D,S,T,2024-09-16,1000000.00,3.511138,101.4609375
08:00:30,91282CLJ8,TSRYS5875649,D,S,T,2024-09-16,1000000.00,3.511138,101.4609375
08:00:30,91282CLJ8,TSRYS5875649,D,S,T,2024-09-16,1000000.00,3.511138,101.4609375
08:00:30,91282CLJ8,TSRYS5875649,D,S,T,2024-09-16,1000000.00,3.526331,101.3671875
08:00:30,91282CLJ8,TSRYS5875649,D,S,T,2024-09-16,1000000.00,3.526965,101.36328125
08:00:30,91282CLJ8,TSRYS5875649,D,S,T,2024-09-16,1000000.00,3.517783,101.419921875
08:00:30,91282CLJ8,TSRYS5875649,D,S,T,2024-09-16,1000000.00,3.515568,101.43359375
08:00:30,91282CLJ8,TSRYS5875649,D,S,T,2024-09-16,1000000.00,3.515568,101.43359375
08:00:30,91282CLJ8,TSRYS5875649,D,S,T,2024-09-16,1000000.00,3.515252,101.435546875
08:00:30,91282CLJ8,TSRYS5875649,D,S,T,2024-09-16,1000000.00,3.512404,101.453125
08:00:30,91282CLJ8,TSRYS5875649,D,S,T,2024-09-16,2000000.00,3.513037,101.44921875
08:00:30,91282CLJ8,TSRYS5875649,D,S,T,2024-09-16,1000000.00,3.513037,101.44921875
08:00:30,91282CLJ8,TSRYS5875649,D,S,T,2024-09-16,1000000.00,3.511138,101.4609375
08:00:30,91282CLJ8,TSRYS5875649,D,S,T,2024-09-16,1000000.00,3.511455,101.458984375
08:00:30,91282CLJ8,TSRYS5875649,D,S,C,2024-09-16,1000000.00,3.51715,101.423828125
08:00:30,91282CLJ8,TSRYS5875649,D,S,C,2024-09-16,1000000.00,3.51715,101.423828125
08:00:30,91282CLJ8,TSRYS5875649,D,S,C,2024-09-16,1000000.00,3.51715,101.423828125
08:00:30,91282CLJ8,TSRYS5875649,D,S,C,2024-09-16,1000000.00,3.51715,101.423828125
08:00:30,91282CLJ8,TSRYS5875649,D,S,C,2024-09-16,1000000.00,3.51715,101.423828125
08:00:30,91282CLJ8,TSRYS5875649,D,S,C,2024-09-16,1000000.00,3.51715,101.423828125
08:00:30,91282CLJ8,TSRYS5875649,D,S,C,2024-09-16,1000000.00,3.51715,101.423828125
08:00:30,91282CLJ8,TSRYS5875649,D,S,T,2024-09-16,1000000.00,3.511138,101.4609375
08:00:30,91282CLJ8,TSRYS5875649,D,S,T,2024-09-16,1000000.00,3.513669,101.4453125
08:00:30,91282CLJ8,TSRYS5875649,D,S,T,2024-09-16,1000000.00,3.514935,101.4375
08:00:30,91282CLJ8,TSRYS5875649,D,S,T,2024-09-16,1000000.00,3.514935,101.4375
08:00:30,91282CLJ8,TSRYS5875649,D,S,T,2024-09-16,1000000.00,3.514935,101.4375
08:00:30,91282CLJ8,TSRYS5875649,D,S,T,2024-09-16,1000000.00,3.511138,101.4609375
08:00:30,91282CLJ8,TSRYS5875649,D,S,T,2024-09-16,1000000.00,3.511138,101.4609375
08:00:30,91282CLJ8,TSRYS5875649,D,S,T,2024-09-16,1000000.00,3.509873,101.46875
08:00:30,91282CLJ8,TSRYS5875649,D,S,T,2024-09-16,1000000.00,3.509873,101.46875
08:00:30,91282CLJ8,TSRYS5875649,D,S,T,2024-09-16,1000000.00,3.508608,101.4765625
08:00:30,91282CLJ8,TSRYS5875649,D,S,T,2024-09-16,1000000.00,3.508608,101.4765625
08:00:30,91282CLJ8,TSRYS5875649,D,S,T,2024-09-16,1000000.00,3.508608,101.4765625
08:00:30,91282CLJ8,TSRYS5875649,D,S,T,2024-09-16,1000000.00,3.509873,101.46875
08:00:30,91282CLJ8,TSRYS5875649,D,S,T,2024-09-16,1000000.00,3.509873,101.46875
08:00:30,91282CLJ8,TSRYS5875649,D,S,T,2024-09-16,1000000.00,3.509873,101.46875
08:00:30,91282CLJ8,TSRYS5875649,D,S,T,2024-09-16,1000000.00,3.509873,101.46875
08:00:30,91282CLJ8,TSRYS5875649,D,S,T,2024-09-16,1000000.00,3.511138,101.4609375
08:00:30,91282CLJ8,TSRYS5875649,D,B,C,2024-09-16,1000000.00,3.519366,101.41015625
08:00:30,91282CLJ8,TSRYS5875649,D,S,D,2024-09-16,1000000.00,3.519366,101.41015625
08:00:30,91282CLJ8,TSRYS5875649,D,B,C,2024-09-16,1000000.00,3.519366,101.41015625
08:00:30,91282CLJ8,TSRYS5875649,D,B,C,2024-09-16,1000000.00,3.519366,101.41015625
08:00:30,91282CLJ8,TSRYS5875649,D,S,D,2024-09-16,1000000.00,3.519366,101.41015625
08:00:30,91282CLJ8,TSRYS5875649,D,S,D,2024-09-16,1000000.00,3.519366,101.41015625
08:00:30,91282CLJ8,TSRYS5875649,D,S,T,2024-09-16,1000000.00,3.513037,101.44921875
08:00:30,91282CLJ8,TSRYS5875649,D,S,T,2024-09-16,1000000.00,3.515568,101.43359375
08:00:30,91282CLJ8,TSRYS5875649,D,S,T,2024-09-16,1000000.00,3.515568,101.43359375
08:00:30,91282CLJ8,TSRYS5875649,D,S,T,2024-09-16,1000000.00,3.5181,101.41796875
08:00:30,91282CLJ8,TSRYS5875649,D,S,T,2024-09-16,1000000.00,3.517467,101.421875
08:00:30,91282CLJ8,TSRYS5875649,D,S,T,2024-09-16,1000000.00,3.518733,101.4140625
08:00:30,91282CLJ8,TSRYS5875649,D,S,T,2024-09-16,1000000.00,3.519999,101.40625
08:00:30,91282CLJ8,TSRYS5875649,D,S,T,2024-09-16,1000000.00,3.519999,101.40625
08:00:30,91282CLJ8,TSRYS5875649,D,S,T,2024-09-16,1000000.00,3.517783,101.419921875
08:00:30,91282CLJ8,TSRYS5875649,D,S,T,2024-09-16,1000000.00,3.515252,101.435546875
08:00:30,91282CLJ8,TSRYS5875649,D,S,T,2024-09-16,1000000.00,3.516201,101.4296875
08:00:30,91282CLJ8,TSRYS5875649,D,S,T,2024-09-16,1000000.00,3.513037,101.44921875
08:00:30,91282CLJ8,TSRYS5875649,D,S,T,2024-09-16,1000000.00,3.511138,101.4609375
08:00:30,91282CLJ8,TSRYS5875649,D,S,T,2024-09-16,1000000.00,3.511138,101.4609375
08:00:30,91282CLJ8,TSRYS5875649,D,S,T,2024-09-16,1000000.00,3.511138,101.4609375
08:00:30,91282CLJ8,TSRYS5875649,D,S,T,2024-09-16,1000000.00,3.512088,101.455078125
08:00:30,91282CLJ8,TSRYS5875649,D,S,T,2024-09-16,1000000.00,3.511771,101.45703125
08:00:30,91282CLJ8,TSRYS5875649,D,S,T,2024-09-16,1000000.00,3.509873,101.46875
08:00:30,91282CLJ8,TSRYS5875649,D,S,T,2024-09-16,1000000.00,3.512404,101.453125
08:00:30,91282CLJ8,TSRYS5875649,D,S,D,2024-09-16,1000000.00,3.512404,101.453125
08:00:30,91282CLJ8,TSRYS5875649,D,S,T,2024-09-16,1000000.00,3.512404,101.453125
08:00:30,91282CLJ8,TSRYS5875649,D,S,T,2024-09-16,1000000.00,3.512404,101.453125
08:00:30,91282CLJ8,TSRYS5875649,D,S,T,2024-09-16,1000000.00,3.512404,101.453125
08:00:30,91282CLJ8,TSRYS5875649,D,S,T,2024-09-16,1000000.00,3.512404,101.453125
08:00:30,91282CLJ8,TSRYS5875649,D,S,T,2024-09-16,1000000.00,3.512404,101.453125
08:00:30,91282CLJ8,TSRYS5875649,D,S,T,2024-09-16,1000000.00,3.511138,101.4609375
08:00:30,91282CLJ8,TSRYS5875649,D,S,T,2024-09-16,1000000.00,3.511138,101.4609375
08:00:30,91282CLJ8,TSRYS5875649,D,S,T,2024-09-16,1000000.00,3.513669,101.4453125
08:00:30,91282CLJ8,TSRYS5875649,D,S,T,2024-09-16,1000000.00,3.514302,101.44140625
08:00:30,91282CLJ8,TSRYS5875649,D,S,T,2024-09-16,1000000.00,3.515568,101.43359375
08:00:30,91282CLJ8,TSRYS5875649,D,S,T,2024-09-16,1000000.00,3.513353,101.447265625
08:00:30,91282CLJ8,TSRYS5875649,D,S,T,2024-09-16,1000000.00,3.513669,101.4453125
08:00:30,91282CLJ8,TSRYS5875649,D,S,T,2024-09-16,1000000.00,3.514935,101.4375
08:00:30,91282CLJ8,TSRYS5875649,D,S,T,2024-09-16,1000000.00,3.515568,101.43359375
08:00:30,91282CLJ8,TSRYS5875649,D,S,T,2024-09-16,1000000.00,3.513669,101.4453125
08:00:30,91282CLJ8,TSRYS5875649,D,S,T,2024-09-16,1000000.00,3.513669,101.4453125
08:00:30,91282CLJ8,TSRYS5875649,D,S,T,2024-09-16,1000000.00,3.513669,101.4453125
08:00:30,91282CLJ8,TSRYS5875649,D,S,T,2024-09-16,1000000.00,3.513669,101.4453125
08:00:30,91282CLJ8,TSRYS5875649,D,S,T,2024-09-16,1000000.00,3.513669,101.4453125
08:00:30,91282CLJ8,TSRYS5875649,D,S,T,2024-09-16,1000000.00,3.513669,101.4453125
08:00:30,91282CLJ8,TSRYS5875649,D,S,T,2024-09-16,1000000.00,3.513669,101.4453125
08:00:30,91282CLJ8,TSRYS5875649,D,S,T,2024-09-16,1000000.00,3.513669,101.4453125
08:00:30,91282CLJ8,TSRYS5875649,D,S,T,2024-09-16,1000000.00,3.512404,101.453125
08:00:30,91282CLJ8,TSRYS5875649,D,S,T,2024-09-16,2000000.00,3.512404,101.453125
08:00:30,91282CLJ8,TSRYS5875649,D,S,T,2024-09-16,1000000.00,3.512404,101.453125
08:00:30,91282CLJ8,TSRYS5875649,D,S,T,2024-09-16,1000000.00,3.512404,101.453125
08:00:30,91282CLJ8,TSRYS5875649,D,S,T,2024-09-16,1000000.00,3.512404,101.453125
08:00:30,91282CLJ8,TSRYS5875649,D,S,T,2024-09-16,1000000.00,3.512404,101.453125
08:00:30,91282CLJ8,TSRYS5875649,D,S,T,2024-09-16,1000000.00,3.512404,101.453125
08:00:30,91282CLJ8,TSRYS5875649,D,S,T,2024-09-16,1000000.00,3.512404,101.453125
08:00:30,91282CLJ8,TSRYS5875649,D,S,T,2024-09-16,1000000.00,3.514935,101.4375
08:00:30,91282CLJ8,TSRYS5875649,D,S,T,2024-09-16,1000000.00,3.515252,101.435546875
08:00:30,91282CLJ8,TSRYS5875649,D,S,D,2024-09-16,1000000.00,3.515252,101.435546875
08:00:30,91282CLJ8,TSRYS5875649,D,S,T,2024-09-16,1000000.00,3.514935,101.4375
08:00:30,91282CLJ8,TSRYS5875649,D,S,T,2024-09-16,1000000.00,3.514935,101.4375
08:00:30,91282CLJ8,TSRYS5875649,D,S,T,2024-09-16,1000000.00,3.515568,101.43359375
08:00:30,91282CLJ8,TSRYS5875649,D,S,T,2024-09-16,1000000.00,3.51715,101.423828125
08:00:30,91282CLJ8,TSRYS5875649,D,S,T,2024-09-16,1000000.00,3.517467,101.421875
08:00:30,91282CLJ8,TSRYS5875649,D,S,D,2024-09-16,1000000.00,3.517467,101.421875
08:00:30,91282CLJ8,TSRYS5875649,D,S,T,2024-09-16,1000000.00,3.517467,101.421875
08:00:30,91282CLJ8,TSRYS5875649,D,S,T,2024-09-16,1000000.00,3.517467,101.421875
08:00:30,91282CLJ8,TSRYS5875649,D,S,T,2024-09-16,1000000.00,3.517467,101.421875
08:00:30,91282CLJ8,TSRYS5875649,D,S,T,2024-09-16,1000000.00,3.517467,101.421875
08:00:30,91282CLJ8,TSRYS5875649,D,S,T,2024-09-16,1000000.00,3.517467,101.421875
08:00:30,91282CLJ8,TSRYS5875649,D,S,T,2024-09-16,1000000.00,3.517467,101.421875
08:00:30,91282CLJ8,TSRYS5875649,D,S,T,2024-09-16,1000000.00,3.513669,101.4453125
08:00:30,91282CLJ8,TSRYS5875649,D,S,T,2024-09-16,1000000.00,3.513669,101.4453125
08:00:30,91282CLJ8,TSRYS5875649,D,S,T,2024-09-16,1000000.00,3.513669,101.4453125
08:00:30,91282CLJ8,TSRYS5875649,D,S,D,2024-09-16,1000000.00,3.517467,101.421875
08:00:30,91282CLJ8,TSRYS5875649,D,S,T,2024-09-16,1000000.00,3.523798,101.3828125
08:00:30,91282CLJ8,TSRYS5875649,D,S,D,2024-09-16,1000000.00,3.526331,101.3671875
08:00:30,91282CLJ8,TSRYS5875649,D,S,T,2024-09-16,1000000.00,3.526331,101.3671875
08:00:30,91282CLJ8,TSRYS5875649,D,S,T,2024-09-16,1000000.00,3.526331,101.3671875
08:00:30,91282CLJ8,TSRYS5875649,D,S,T,2024-09-16,1000000.00,3.526648,101.365234375
08:00:30,91282CLJ8,TSRYS5875649,D,S,T,2024-09-16,1000000.00,3.526331,101.3671875
08:00:30,91282CLJ8,TSRYS5875649,D,S,T,2024-09-16,1000000.00,3.526648,101.365234375
08:00:30,91282CLJ8,TSRYS5875649,D,S,D,2024-09-16,1000000.00,3.526648,101.365234375
08:00:30,91282CLJ8,TSRYS5875649,D,S,T,2024-09-16,1000000.00,3.526331,101.3671875
08:00:30,91282CLJ8,TSRYS5875649,D,S,T,2024-09-16,1000000.00,3.526331,101.3671875
08:00:30,91282CLJ8,TSRYS5875649,D,S,T,2024-09-16,1000000.00,3.526331,101.3671875
08:00:30,91282CLJ8,TSRYS5875649,D,S,T,2024-09-16,1000000.00,3.526331,101.3671875
08:00:30,91282CLJ8,TSRYS5875649,D,S,T,2024-09-16,1000000.00,3.527598,101.359375
08:00:31,91282CLJ8,TSRYS5875649,D,S,T,2024-09-16,1000000.00,3.523798,101.3828125
08:00:31,91282CLJ8,TSRYS5875649,D,S,T,2024-09-16,1000000.00,3.522532,101.390625
08:00:31,91282CLJ8,TSRYS5875649,D,S,T,2024-09-16,3000000.00,3.522532,101.390625
08:00:31,91282CLJ8,TSRYS5875649,D,S,T,2024-09-16,1000000.00,3.522532,101.390625
08:00:31,91282CLJ8,TSRYS5875649,D,S,T,2024-09-16,1000000.00,3.522532,101.390625
08:00:31,91282CLJ8,TSRYS5875649,D,S,T,2024-09-16,1000000.00,3.522532,101.390625
08:00:31,91282CLJ8,TSRYS5875649,D,S,T,2024-09-16,3000000.00,3.522532,101.390625
08:00:31,91282CLJ8,TSRYS5875649,D,S,T,2024-09-16,2000000.00,3.522532,101.390625
08:00:31,91282CLJ8,TSRYS5875649,D,S,T,2024-09-16,1000000.00,3.522532,101.390625
08:00:31,91282CLJ8,TSRYS5875649,D,S,T,2024-09-16,1000000.00,3.522532,101.390625
08:00:31,91282CLJ8,TSRYS5875649,D,S,T,2024-09-16,1000000.00,3.522532,101.390625
08:00:31,91282CLJ8,TSRYS5875649,D,S,T,2024-09-16,1000000.00,3.522532,101.390625
08:00:31,91282CLJ8,TSRYS5875649,D,S,T,2024-09-16,1000000.00,3.522532,101.390625
08:00:31,91282CLJ8,TSRYS5875649,D,S,D,2024-09-16,1000000.00,3.518733,101.4140625
08:00:31,91282CLJ8,TSRYS5875649,D,S,D,2024-09-16,1000000.00,3.517783,101.419921875
08:00:31,91282CLJ8,TSRYS5875649,D,S,T,2024-09-16,1000000.00,3.520632,101.40234375
08:00:31,91282CLJ8,TSRYS5875649,D,S,T,2024-09-16,1000000.00,3.517467,101.421875
08:00:31,91282CLJ8,TSRYS5875649,D,S,T,2024-09-16,1000000.00,3.517783,101.419921875
08:00:31,91282CLJ8,TSRYS5875649,D,S,T,2024-09-16,1000000.00,3.517467,101.421875
08:00:31,91282CLJ8,TSRYS5875649,D,S,T,2024-09-16,1000000.00,3.517783,101.419921875
08:00:31,91282CLJ8,TSRYS5875649,D,S,T,2024-09-16,1000000.00,3.51715,101.423828125
08:00:31,91282CLJ8,TSRYS5875649,D,S,T,2024-09-16,1000000.00,3.516834,101.42578125
08:00:31,91282CLJ8,TSRYS5875649,D,S,T,2024-09-16,1000000.00,3.517467,101.421875
08:00:31,91282CLJ8,TSRYS5875649,D,S,T,2024-09-16,1000000.00,3.518733,101.4140625
08:00:31,91282CLJ8,TSRYS5875649,D,S,T,2024-09-16,1000000.00,3.516201,101.4296875
08:00:31,91282CLJ8,TSRYS5875649,D,S,T,2024-09-16,1000000.00,3.515568,101.43359375
08:00:31,91282CLJ8,TSRYS5875649,D,S,T,2024-09-16,1000000.00,3.517467,101.421875
08:00:31,91282CLJ8,TSRYS5875649,D,S,T,2024-09-16,1000000.00,3.517467,101.421875
08:00:31,91282CLJ8,TSRYS5875649,D,S,T,2024-09-16,1000000.00,3.517467,101.421875
08:00:31,91282CLJ8,TSRYS5875649,D,S,T,2024-09-16,1000000.00,3.507343,101.484375
08:00:31,91282CLJ8,TSRYS5875649,D,S,T,2024-09-16,1000000.00,3.507343,101.484375
08:00:31,91282CLJ8,TSRYS5875649,D,S,T,2024-09-16,4000000.00,3.507343,101.484375
08:00:31,91282CLJ8,TSRYS5875649,D,S,D,2024-09-16,1000000.00,3.513669,101.4453125
08:00:31,91282CLJ8,TSRYS5875649,D,S,D,2024-09-16,1000000.00,3.519682,101.408203125
08:00:31,91282CLJ8,TSRYS5875649,D,S,D,2024-09-16,1000000.00,3.526015,101.369140625
08:00:31,91282CLJ8,TSRYS5875649,D,S,D,2024-09-16,1000000.00,3.524748,101.376953125
08:00:31,91282CLJ8,TSRYS5875649,D,S,D,2024-09-16,1000000.00,3.524748,101.376953125
08:00:31,91282CLJ8,TSRYS5875649,D,S,D,2024-09-16,1000000.00,3.522532,101.390625
08:00:31,91282CLJ8,TSRYS5875649,D,S,D,2024-09-16,1000000.00,3.522532,101.390625
08:00:31,91282CLJ8,TSRYS5875649,D,S,D,2024-09-16,1000000.00,3.518416,101.416015625
08:00:31,91282CLJ8,TSRYS5875649,D,S,D,2024-09-16,1000000.00,3.518733,101.4140625
08:00:31,91282CLJ8,TSRYS5875649,D,S,D,2024-09-16,1000000.00,3.517467,101.421875
08:00:31,91282CLJ8,TSRYS5875649,D,S,D,2024-09-16,1000000.00,3.5181,101.41796875
08:00:31,91282CLJ8,TSRYS5875649,D,S,D,2024-09-16,1000000.00,3.517783,101.419921875
08:00:31,91282CLJ8,TSRYS5875649,D,S,D,2024-09-16,1000000.00,3.517467,101.421875
08:00:31,91282CLJ8,TSRYS5875649,D,S,D,2024-09-16,1000000.00,3.517467,101.421875
08:00:31,91282CLJ8,TSRYS5875649,D,S,D,2024-09-16,1000000.00,3.510506,101.46484375
08:00:31,91282CLJ8,TSRYS5875649,D,S,D,2024-09-16,1000000.00,3.507027,101.486328125
08:00:31,91282CLJ8,TSRYS5875649,D,S,D,2024-09-16,1000000.00,3.507343,101.484375
08:00:31,91282CLJ8,TSRYS5875649,D,S,D,2024-09-16,1000000.00,3.508292,101.478515625
08:00:32,91282CLJ8,TSRYS5875649,D,S,D,2024-09-16,2000000.00,3.516517,101.427734375
08:00:33,91282CLJ8,TSRYS5875649,D,S,D,2024-09-16,958000.00,3.50671,101.48828125
08:00:33,91282CLJ8,TSRYS5875649,D,S,D,2024-09-16,985000.00,3.507343,101.484375
08:00:33,91282CLJ8,TSRYS5875649,D,S,D,2024-09-16,1991000.00,3.517467,101.421875
08:00:33,91282CLJ8,TSRYS5875649,D,S,D,2024-09-16,1993000.00,3.517467,101.421875
08:00:33,91282CLJ8,TSRYS5875649,D,S,D,2024-09-16,1994000.00,3.519366,101.41015625
08:00:33,91282CLJ8,TSRYS5875649,D,S,D,2024-09-16,1993000.00,3.518733,101.4140625
08:00:33,91282CLJ8,TSRYS5875649,D,S,D,2024-09-16,1994000.00,3.5181,101.41796875
08:00:33,91282CLJ8,TSRYS5875649,D,S,D,2024-09-16,1993000.00,3.516201,101.4296875
08:00:33,91282CLJ8,TSRYS5875649,D,S,D,2024-09-16,1992000.00,3.515568,101.43359375
08:00:33,91282CLJ8,TSRYS5875649,D,S,D,2024-09-16,2004000.00,3.517467,101.421875
08:00:33,91282CLJ8,TSRYS5875649,D,S,D,2024-09-16,1992000.00,3.517467,101.421875
08:00:33,91282CLJ8,TSRYS5875649,D,S,D,2024-09-16,951000.00,3.514935,101.4375
08:00:33,91282CLJ8,TSRYS5875649,D,S,D,2024-09-16,959000.00,3.511138,101.4609375
08:00:33,91282CLJ8,TSRYS5875649,D,S,D,2024-09-16,952000.00,3.510506,101.46484375
08:00:33,91282CLJ8,TSRYS5875649,D,S,D,2024-09-16,915000.00,3.507975,101.48046875
08:00:33,91282CLJ8,TSRYS5875649,D,S,D,2024-09-16,1000000.00,3.51715,101.423828125
08:00:34,91282CLJ8,TSRYS5875649,D,S,A,2024-09-16,1887000.00,3.525698,101.371094
08:00:36,91282CLJ8,TSRYS5875649,D,S,D,2024-09-16,1000000.00,3.505762,101.494140625
08:00:38,91282CLJ8,TSRYS5875649,D,S,A,2024-09-16,1830000.00,3.5181,101.41796875
08:00:38,91282CLJ8,TSRYS5875649,D,B,A,2024-09-16,40000.00,3.517467,101.421875
08:00:41,91282CLJ8,TSRYS5875649,D,S,T,2024-09-16,1000000.00,3.517467,101.421875
08:00:41,91282CLJ8,TSRYS5875649,D,S,T,2024-09-16,1000000.00,3.516201,101.4296875
08:00:42,91282CLJ8,TSRYS5875649,D,S,D,2024-09-16,1000000.00,3.511455,101.458984375
08:00:42,91282CLJ8,TSRYS5875649,D,B,A,2024-09-16,1789000.00,3.518743,101.414
08:00:42,91282CLJ8,TSRYS5875649,D,S,D,2024-09-16,1000000.00,3.513986,101.443359375
08:00:42,91282CLJ8,TSRYS5875649,D,S,C,2024-09-16,23000000.00,3.517467,101.421875
08:00:45,91282CLJ8,TSRYS5875649,D,S,T,2024-09-16,1000000.00,3.506394,101.490234375
08:00:45,91282CLJ8,TSRYS5875649,D,S,T,2024-09-16,1000000.00,3.506078,101.4921875
08:00:48,91282CLJ8,TSRYS5875649,D,B,A,2024-09-16,2500000.00,3.5181,101.41796875
08:00:49,91282CLJ8,TSRYS5875649,D,S,T,2024-09-16,3000000.00,3.514302,101.44140625
08:00:49,91282CLJ8,TSRYS5875649,D,S,D,2024-09-16,1000000.00,3.513986,101.443359375
08:00:49,91282CLJ8,TSRYS5875649,D,S,T,2024-09-16,1000000.00,3.513669,101.4453125
08:00:52,91282CLJ8,TSRYS5875649,D,S,T,2024-09-16,1000000.00,3.518416,101.416015625
08:00:57,91282CLJ8,TSRYS5875649,D,S,T,2024-09-16,1000000.00,3.507343,101.484375
08:00:57,91282CLJ8,TSRYS5875649,D,S,T,2024-09-16,1000000.00,3.507343,101.484375
08:00:57,91282CLJ8,TSRYS5875649,D,S,T,2024-09-16,1000000.00,3.507343,101.484375
08:00:57,91282CLJ8,TSRYS5875649,D,S,T,2024-09-16,1000000.00,3.506078,101.4921875
08:00:57,91282CLJ8,TSRYS5875649,D,S,T,2024-09-16,1000000.00,3.506078,101.4921875
08:00:58,91282CLJ8,TSRYS5875649,D,S,D,2024-09-16,1000000.00,3.505445,101.49609375
08:01:02,91282CLJ8,TSRYS5875649,D,S,A,2024-09-16,2901000.00,3.511771,101.45703125
08:01:05,91282CLJ8,TSRYS5875649,D,S,D,2024-09-16,220000.00,3.509873,101.46875
08:01:06,91282CLJ8,TSRYS5875649,D,B,C,2024-09-16,1000000.00,3.513037,101.44921875
08:01:06,91282CLJ8,TSRYS5875649,D,S,D,2024-09-16,1000000.00,3.513353,101.447265625
08:01:06,91282CLJ8,TSRYS5875649,D,B,C,2024-09-16,1000000.00,3.513353,101.447265625
08:01:06,91282CLJ8,TSRYS5875649,D,S,D,2024-09-16,1000000.00,3.513037,101.44921875
08:01:06,91282CLJ8,TSRYS5875649,D,S,D,2024-09-16,1000000.00,3.513353,101.447265625
08:01:06,91282CLJ8,TSRYS5875649,D,B,C,2024-09-16,1000000.00,3.513353,101.447265625
08:01:06,91282CLJ8,TSRYS5875649,D,B,C,2024-09-16,1000000.00,3.513353,101.447265625
08:01:06,91282CLJ8,TSRYS5875649,D,B,C,2024-09-16,1000000.00,3.513353,101.447265625
08:01:06,91282CLJ8,TSRYS5875649,D,S,D,2024-09-16,1000000.00,3.513353,101.447265625
08:01:06,91282CLJ8,TSRYS5875649,D,S,D,2024-09-16,1000000.00,3.513353,101.447265625
08:01:06,91282CLJ8,TSRYS5875649,D,B,C,2024-09-16,1000000.00,3.513353,101.447265625
08:01:06,91282CLJ8,TSRYS5875649,D,S,D,2024-09-16,1000000.00,3.513353,101.447265625
08:01:06,91282CLJ8,TSRYS5875649,D,S,D,2024-09-16,1000000.00,3.512404,101.453125
08:01:06,91282CLJ8,TSRYS5875649,D,B,C,2024-09-16,1000000.00,3.512404,101.453125
08:01:06,91282CLJ8,TSRYS5875649,D,S,D,2024-09-16,1000000.00,3.512404,101.453125
08:01:06,91282CLJ8,TSRYS5875649,D,B,C,2024-09-16,1000000.00,3.512404,101.453125
08:01:06,91282CLJ8,TSRYS5875649,D,B,C,2024-09-16,1000000.00,3.512404,101.453125
08:01:06,91282CLJ8,TSRYS5875649,D,B,C,2024-09-16,1000000.00,3.512404,101.453125
08:01:06,91282CLJ8,TSRYS5875649,D,S,D,2024-09-16,1000000.00,3.512404,101.453125
08:01:06,91282CLJ8,TSRYS5875649,D,S,D,2024-09-16,1000000.00,3.512404,101.453125
08:01:06,91282CLJ8,TSRYS5875649,D,B,C,2024-09-16,1000000.00,3.512404,101.453125
08:01:06,91282CLJ8,TSRYS5875649,D,S,D,2024-09-16,1000000.00,3.512404,101.453125
08:01:07,91282CLJ8,TSRYS5875649,D,B,C,2024-09-16,1000000.00,3.507975,101.48046875
08:01:07,91282CLJ8,TSRYS5875649,D,S,D,2024-09-16,1000000.00,3.507975,101.48046875
08:01:07,91282CLJ8,TSRYS5875649,D,B,C,2024-09-16,1000000.00,3.510189,101.466796875
08:01:07,91282CLJ8,TSRYS5875649,D,S,D,2024-09-16,1000000.00,3.510189,101.466796875
08:01:07,91282CLJ8,TSRYS5875649,D,B,C,2024-09-16,1000000.00,3.510189,101.466796875
08:01:07,91282CLJ8,TSRYS5875649,D,S,D,2024-09-16,1000000.00,3.510189,101.466796875
08:01:07,91282CLJ8,TSRYS5875649,D,S,D,2024-09-16,1000000.00,3.51272,101.451171875
08:01:07,91282CLJ8,TSRYS5875649,D,S,D,2024-09-16,1000000.00,3.51272,101.451171875
08:01:07,91282CLJ8,TSRYS5875649,D,B,C,2024-09-16,1000000.00,3.51272,101.451171875
08:01:07,91282CLJ8,TSRYS5875649,D,B,C,2024-09-16,1000000.00,3.51272,101.451171875
08:01:07,91282CLJ8,TSRYS5875649,D,B,C,2024-09-16,1000000.00,3.511455,101.458984375
08:01:07,91282CLJ8,TSRYS5875649,D,B,C,2024-09-16,1000000.00,3.511455,101.458984375
08:01:07,91282CLJ8,TSRYS5875649,D,S,D,2024-09-16,1000000.00,3.511455,101.458984375
08:01:07,91282CLJ8,TSRYS5875649,D,S,D,2024-09-16,1000000.00,3.511455,101.458984375
08:01:07,91282CLJ8,TSRYS5875649,D,S,D,2024-09-16,1000000.00,3.511138,101.4609375
08:01:07,91282CLJ8,TSRYS5875649,D,B,C,2024-09-16,1000000.00,3.511138,101.4609375
08:01:07,91282CLJ8,TSRYS5875649,D,S,D,2024-09-16,1000000.00,3.510189,101.466796875
08:01:07,91282CLJ8,TSRYS5875649,D,B,C,2024-09-16,1000000.00,3.511138,101.4609375
08:01:07,91282CLJ8,TSRYS5875649,D,S,D,2024-09-16,1000000.00,3.511138,101.4609375
08:01:07,91282CLJ8,TSRYS5875649,D,B,C,2024-09-16,1000000.00,3.510189,101.466796875
08:01:07,91282CLJ8,TSRYS5875649,D,B,C,2024-09-16,1000000.00,3.51272,101.451171875
08:01:07,91282CLJ8,TSRYS5875649,D,S,D,2024-09-16,1000000.00,3.51272,101.451171875
08:01:07,91282CLJ8,TSRYS5875649,D,B,C,2024-09-16,1000000.00,3.511138,101.4609375
08:01:07,91282CLJ8,TSRYS5875649,D,S,D,2024-09-16,1000000.00,3.51272,101.451171875
08:01:07,91282CLJ8,TSRYS5875649,D,B,C,2024-09-16,1000000.00,3.51272,101.451171875
08:01:07,91282CLJ8,TSRYS5875649,D,S,D,2024-09-16,1000000.00,3.511138,101.4609375
08:01:07,91282CLJ8,TSRYS5875649,D,B,C,2024-09-16,1000000.00,3.507975,101.48046875
08:01:07,91282CLJ8,TSRYS5875649,D,B,C,2024-09-16,1000000.00,3.510189,101.466796875
08:01:07,91282CLJ8,TSRYS5875649,D,S,D,2024-09-16,1000000.00,3.512404,101.453125
08:01:07,91282CLJ8,TSRYS5875649,D,S,D,2024-09-16,1000000.00,3.507975,101.48046875
08:01:07,91282CLJ8,TSRYS5875649,D,B,C,2024-09-16,1000000.00,3.512404,101.453125
08:01:07,91282CLJ8,TSRYS5875649,D,S,D,2024-09-16,1000000.00,3.510189,101.466796875
08:01:07,91282CLJ8,TSRYS5875649,D,S,D,2024-09-16,1000000.00,3.514935,101.4375
08:01:08,91282CLJ8,TSRYS5875649,D,S,D,2024-09-16,1000000.00,3.513669,101.4453125
08:01:08,91282CLJ8,TSRYS5875649,D,S,C,2024-09-16,1000000.00,3.517783,101.419921875
08:01:08,91282CLJ8,TSRYS5875649,D,S,D,2024-09-16,1000000.00,3.508608,101.4765625
08:01:08,91282CLJ8,TSRYS5875649,D,S,D,2024-09-16,1000000.00,3.516201,101.4296875
08:01:08,91282CLJ8,TSRYS5875649,D,S,D,2024-09-16,1000000.00,3.511455,101.458984375
08:01:08,91282CLJ8,TSRYS5875649,D,S,C,2024-09-16,1000000.00,3.512404,101.453125
08:01:08,91282CLJ8,TSRYS5875649,D,B,C,2024-09-16,1000000.00,3.51272,101.451171875
08:01:08,91282CLJ8,TSRYS5875649,D,S,D,2024-09-16,1000000.00,3.513986,101.443359375
08:01:08,91282CLJ8,TSRYS5875649,D,S,D,2024-09-16,1000000.00,3.51272,101.451171875
08:01:08,91282CLJ8,TSRYS5875649,D,S,D,2024-09-16,1000000.00,3.513986,101.443359375
08:01:08,91282CLJ8,TSRYS5875649,D,S,D,2024-09-16,1000000.00,3.513669,101.4453125
08:01:08,91282CLJ8,TSRYS5875649,D,B,C,2024-09-16,1000000.00,3.512404,101.453125
08:01:08,91282CLJ8,TSRYS5875649,D,S,D,2024-09-16,1000000.00,3.512404,101.453125
08:01:08,91282CLJ8,TSRYS5875649,D,S,C,2024-09-16,2000000.00,3.515568,101.43359375
08:01:09,91282CLJ8,TSRYS5875649,D,S,C,2024-09-16,1000000.00,3.515252,101.435546875
08:01:09,91282CLJ8,TSRYS5875649,D,S,D,2024-09-16,1000000.00,3.514935,101.4375
08:01:09,91282CLJ8,TSRYS5875649,D,S,C,2024-09-16,1000000.00,3.517467,101.421875
08:01:09,91282CLJ8,TSRYS5875649,D,S,D,2024-09-16,1000000.00,3.517467,101.421875
08:01:09,91282CLJ8,TSRYS5875649,D,S,D,2024-09-16,1000000.00,3.517467,101.421875
08:01:09,91282CLJ8,TSRYS5875649,D,S,C,2024-09-16,1000000.00,3.515568,101.43359375
08:01:09,91282CLJ8,TSRYS5875649,D,S,C,2024-09-16,1000000.00,3.516201,101.4296875
08:01:09,91282CLJ8,TSRYS5875649,D,S,C,2024-09-16,1000000.00,3.516201,101.4296875
08:01:09,91282CLJ8,TSRYS5875649,D,S,C,2024-09-16,1000000.00,3.516201,101.4296875
08:01:09,91282CLJ8,TSRYS5875649,D,S,D,2024-09-16,1000000.00,3.519682,101.408203125
08:01:09,91282CLJ8,TSRYS5875649,D,S,C,2024-09-16,1000000.00,3.523165,101.38671875
08:01:09,91282CLJ8,TSRYS5875649,D,S,C,2024-09-16,1000000.00,3.523165,101.38671875
08:01:09,91282CLJ8,TSRYS5875649,D,S,C,2024-09-16,1000000.00,3.522532,101.390625
08:01:09,91282CLJ8,TSRYS5875649,D,S,D,2024-09-16,1000000.00,3.522532,101.390625
08:01:09,91282CLJ8,TSRYS5875649,D,S,C,2024-09-16,1000000.00,3.522532,101.390625
08:01:09,91282CLJ8,TSRYS5875649,D,S,C,2024-09-16,1000000.00,3.526331,101.3671875
08:01:09,91282CLJ8,TSRYS5875649,D,S,C,2024-09-16,1000000.00,3.526965,101.36328125
08:01:09,91282CLJ8,TSRYS5875649,D,S,C,2024-09-16,1000000.00,3.526965,101.36328125
08:01:09,91282CLJ8,TSRYS5875649,D,S,D,2024-09-16,1000000.00,3.527281,101.361328125
08:01:09,91282CLJ8,TSRYS5875649,D,S,D,2024-09-16,2000000.00,3.527281,101.361328125
08:01:09,91282CLJ8,TSRYS5875649,D,S,D,2024-09-16,1000000.00,3.527281,101.361328125
08:01:09,91282CLJ8,TSRYS5875649,D,S,D,2024-09-16,1000000.00,3.527281,101.361328125
08:01:09,91282CLJ8,TSRYS5875649,D,S,C,2024-09-16,3000000.00,3.527281,101.361328125
08:01:09,91282CLJ8,TSRYS5875649,D,S,C,2024-09-16,1000000.00,3.527598,101.359375
08:01:09,91282CLJ8,TSRYS5875649,D,S,C,2024-09-16,1000000.00,3.527598,101.359375
08:01:09,91282CLJ8,TSRYS5875649,D,S,C,2024-09-16,1000000.00,3.527598,101.359375
08:01:09,91282CLJ8,TSRYS5875649,D,S,C,2024-09-16,1000000.00,3.527598,101.359375
08:01:09,91282CLJ8,TSRYS5875649,D,S,C,2024-09-16,1000000.00,3.527598,101.359375
08:01:09,91282CLJ8,TSRYS5875649,D,S,C,2024-09-16,1000000.00,3.527598,101.359375
08:01:09,91282CLJ8,TSRYS5875649,D,S,C,2024-09-16,2000000.00,3.527598,101.359375
08:01:09,91282CLJ8,TSRYS5875649,D,S,C,2024-09-16,1000000.00,3.527598,101.359375
08:01:09,91282CLJ8,TSRYS5875649,D,S,C,2024-09-16,1000000.00,3.526331,101.3671875
08:01:10,91282CLJ8,TSRYS5875649,D,S,C,2024-09-16,1000000.00,3.526648,101.365234375
08:01:10,91282CLJ8,TSRYS5875649,D,S,C,2024-09-16,1000000.00,3.526648,101.365234375
08:01:10,91282CLJ8,TSRYS5875649,D,S,C,2024-09-16,1000000.00,3.526648,101.365234375
08:01:10,91282CLJ8,TSRYS5875649,D,S,C,2024-09-16,1000000.00,3.526648,101.365234375
08:01:10,91282CLJ8,TSRYS5875649,D,S,D,2024-09-16,1000000.00,3.526015,101.369140625
08:01:10,91282CLJ8,TSRYS5875649,D,S,C,2024-09-16,1000000.00,3.524431,101.37890625
08:01:10,91282CLJ8,TSRYS5875649,D,S,D,2024-09-16,1000000.00,3.525065,101.375
08:01:10,91282CLJ8,TSRYS5875649,D,S,D,2024-09-16,1000000.00,3.524748,101.376953125
08:01:10,91282CLJ8,TSRYS5875649,D,S,D,2024-09-16,1000000.00,3.524748,101.376953125
08:01:10,91282CLJ8,TSRYS5875649,D,S,C,2024-09-16,1000000.00,3.524748,101.376953125
08:01:10,91282CLJ8,TSRYS5875649,D,S,C,2024-09-16,1000000.00,3.524431,101.37890625
08:01:10,91282CLJ8,TSRYS5875649,D,S,C,2024-09-16,1000000.00,3.524115,101.380859375
08:01:10,91282CLJ8,TSRYS5875649,D,S,T,2024-09-16,1000000.00,3.527298,101.361228125
08:01:10,91282CLJ8,TSRYS5875649,D,S,T,2024-09-16,1000000.00,3.527298,101.361228125
08:01:10,91282CLJ8,TSRYS5875649,D,S,T,2024-09-16,1000000.00,3.527298,101.361228125
08:01:10,91282CLJ8,TSRYS5875649,D,S,T,2024-09-16,2000000.00,3.527298,101.361228125
08:01:10,91282CLJ8,TSRYS5875649,D,S,T,2024-09-16,1000000.00,3.527298,101.361228125
08:01:10,91282CLJ8,TSRYS5875649,D,S,D,2024-09-16,3000000.00,3.527281,101.361328125
08:01:10,91282CLJ8,TSRYS5875649,D,S,D,2024-09-16,2000000.00,3.527281,101.361328125
08:01:10,91282CLJ8,TSRYS5875649,D,S,D,2024-09-16,1000000.00,3.527281,101.361328125
08:01:10,91282CLJ8,TSRYS5875649,D,S,D,2024-09-16,1000000.00,3.527281,101.361328125
08:01:10,91282CLJ8,TSRYS5875649,D,S,D,2024-09-16,1000000.00,3.522532,101.390625
08:01:10,91282CLJ8,TSRYS5875649,D,S,D,2024-09-16,1000000.00,3.527281,101.361328125
08:01:11,91282CLJ8,TSRYS5875649,D,S,D,2024-09-16,1000000.00,3.522532,101.390625
08:01:11,91282CLJ8,TSRYS5875649,D,B,C,2024-09-16,1000000.00,3.522532,101.390625
08:01:11,91282CLJ8,TSRYS5875649,D,S,D,2024-09-16,1000000.00,3.522532,101.390625
08:01:11,91282CLJ8,TSRYS5875649,D,B,C,2024-09-16,1000000.00,3.521898,101.39453125
08:01:11,91282CLJ8,TSRYS5875649,D,S,D,2024-09-16,1000000.00,3.521898,101.39453125
08:01:11,91282CLJ8,TSRYS5875649,D,B,C,2024-09-16,1000000.00,3.521898,101.39453125
08:01:11,91282CLJ8,TSRYS5875649,D,S,D,2024-09-16,1000000.00,3.521898,101.39453125
08:01:11,91282CLJ8,TSRYS5875649,D,S,T,2024-09-16,1000000.00,3.527281,101.361328125
08:01:11,91282CLJ8,TSRYS5875649,D,B,C,2024-09-16,1000000.00,3.524115,101.380859375
08:01:11,91282CLJ8,TSRYS5875649,D,S,T,2024-09-16,1000000.00,3.527281,101.361328125
08:01:11,91282CLJ8,TSRYS5875649,D,S,D,2024-09-16,1000000.00,3.524115,101.380859375
08:01:11,91282CLJ8,TSRYS5875649,D,S,D,2024-09-16,1000000.00,3.522532,101.390625
08:01:11,91282CLJ8,TSRYS5875649,D,B,C,2024-09-16,1000000.00,3.522532,101.390625
08:01:11,91282CLJ8,TSRYS5875649,D,B,C,2024-09-16,1000000.00,3.521898,101.39453125
08:01:11,91282CLJ8,TSRYS5875649,D,S,D,2024-09-16,1000000.00,3.521898,101.39453125
08:01:11,91282CLJ8,TSRYS5875649,D,B,C,2024-09-16,1000000.00,3.519682,101.408203125
08:01:11,91282CLJ8,TSRYS5875649,D,S,D,2024-09-16,1000000.00,3.519682,101.408203125
08:01:11,91282CLJ8,TSRYS5875649,D,S,C,2024-09-16,2000000.00,3.519682,101.408203125
08:01:11,91282CLJ8,TSRYS5875649,D,S,C,2024-09-16,1000000.00,3.519999,101.40625
08:01:11,91282CLJ8,TSRYS5875649,D,S,D,2024-09-16,1000000.00,3.519049,101.412109375
08:01:11,91282CLJ8,TSRYS5875649,D,B,C,2024-09-16,1000000.00,3.519049,101.412109375
08:01:11,91282CLJ8,TSRYS5875649,D,S,C,2024-09-16,1000000.00,3.51715,101.423828125
08:01:11,91282CLJ8,TSRYS5875649,D,S,D,2024-09-16,1000000.00,3.518733,101.4140625
08:01:11,91282CLJ8,TSRYS5875649,D,S,D,2024-09-16,1000000.00,3.518416,101.416015625
08:01:11,91282CLJ8,TSRYS5875649,D,B,C,2024-09-16,1000000.00,3.51715,101.423828125
08:01:11,91282CLJ8,TSRYS5875649,D,S,C,2024-09-16,1000000.00,3.51715,101.423828125
08:01:11,91282CLJ8,TSRYS5875649,D,B,C,2024-09-16,1000000.00,3.51715,101.423828125
08:01:11,91282CLJ8,TSRYS5875649,D,S,D,2024-09-16,1000000.00,3.51715,101.423828125
08:01:11,91282CLJ8,TSRYS5875649,D,B,C,2024-09-16,1000000.00,3.51715,101.423828125
08:01:11,91282CLJ8,TSRYS5875649,D,S,D,2024-09-16,1000000.00,3.51715,101.423828125
08:01:11,91282CLJ8,TSRYS5875649,D,B,C,2024-09-16,1000000.00,3.51715,101.423828125
08:01:11,91282CLJ8,TSRYS5875649,D,S,D,2024-09-16,1000000.00,3.51715,101.423828125
08:01:11,91282CLJ8,TSRYS5875649,D,B,C,2024-09-16,1000000.00,3.51715,101.423828125
08:01:11,91282CLJ8,TSRYS5875649,D,S,D,2024-09-16,1000000.00,3.51715,101.423828125
08:01:11,91282CLJ8,TSRYS5875649,D,B,C,2024-09-16,1000000.00,3.51715,101.423828125
08:01:11,91282CLJ8,TSRYS5875649,D,S,D,2024-09-16,1000000.00,3.51715,101.423828125
08:01:11,91282CLJ8,TSRYS5875649,D,S,D,2024-09-16,1000000.00,3.51715,101.423828125
08:01:11,91282CLJ8,TSRYS5875649,D,B,C,2024-09-16,1000000.00,3.51715,101.423828125
08:01:11,91282CLJ8,TSRYS5875649,D,B,C,2024-09-16,1000000.00,3.51715,101.423828125
08:01:11,91282CLJ8,TSRYS5875649,D,B,C,2024-09-16,1000000.00,3.51715,101.423828125
08:01:11,91282CLJ8,TSRYS5875649,D,S,D,2024-09-16,1000000.00,3.51715,101.423828125
08:01:11,91282CLJ8,TSRYS5875649,D,S,D,2024-09-16,1000000.00,3.51715,101.423828125
08:01:11,91282CLJ8,TSRYS5875649,D,B,C,2024-09-16,1000000.00,3.51715,101.423828125
08:01:11,91282CLJ8,TSRYS5875649,D,S,D,2024-09-16,1000000.00,3.51715,101.423828125
08:01:11,91282CLJ8,TSRYS5875649,D,B,C,2024-09-16,1000000.00,3.51715,101.423828125
08:01:11,91282CLJ8,TSRYS5875649,D,S,D,2024-09-16,1000000.00,3.51715,101.423828125
08:01:11,91282CLJ8,TSRYS5875649,D,B,C,2024-09-16,1000000.00,3.51715,101.423828125
08:01:11,91282CLJ8,TSRYS5875649,D,B,C,2024-09-16,1000000.00,3.51715,101.423828125
08:01:11,91282CLJ8,TSRYS5875649,D,S,D,2024-09-16,1000000.00,3.51715,101.423828125
08:01:11,91282CLJ8,TSRYS5875649,D,S,D,2024-09-16,1000000.00,3.51715,101.423828125
08:01:11,91282CLJ8,TSRYS5875649,D,S,D,2024-09-16,1000000.00,3.51715,101.423828125
08:01:11,91282CLJ8,TSRYS5875649,D,B,C,2024-09-16,1000000.00,3.51715,101.423828125
08:01:11,91282CLJ8,TSRYS5875649,D,B,C,2024-09-16,1000000.00,3.51715,101.423828125
08:01:11,91282CLJ8,TSRYS5875649,D,B,C,2024-09-16,1000000.00,3.51715,101.423828125
08:01:11,91282CLJ8,TSRYS5875649,D,S,D,2024-09-16,1000000.00,3.51715,101.423828125
08:01:11,91282CLJ8,TSRYS5875649,D,S,D,2024-09-16,1000000.00,3.51715,101.423828125
08:01:11,91282CLJ8,TSRYS5875649,D,S,C,2024-09-16,1000000.00,3.519366,101.41015625
08:01:11,91282CLJ8,TSRYS5875649,D,S,C,2024-09-16,1000000.00,3.519366,101.41015625
08:01:11,91282CLJ8,TSRYS5875649,D,S,C,2024-09-16,1000000.00,3.519366,101.41015625
08:01:12,91282CLJ8,TSRYS5875649,D,S,D,2024-09-16,1000000.00,3.518733,101.4140625
08:01:12,91282CLJ8,TSRYS5875649,D,S,D,2024-09-16,1000000.00,3.5181,101.41796875
08:01:12,91282CLJ8,TSRYS5875649,D,S,D,2024-09-16,1000000.00,3.517467,101.421875
08:01:12,91282CLJ8,TSRYS5875649,D,S,D,2024-09-16,1000000.00,3.517467,101.421875
08:01:12,91282CLJ8,TSRYS5875649,D,S,D,2024-09-16,1000000.00,3.517467,101.421875
08:01:13,91282CLJ8,TSRYS5875649,D,S,D,2024-09-16,2000000.00,3.516517,101.427734375
08:01:14,91282CLJ8,TSRYS5875649,D,S,D,2024-09-16,1000000.00,3.51715,101.423828125
08:01:14,91282CLJ8,TSRYS5875649,D,S,D,2024-09-16,1000000.00,3.510506,101.46484375
08:01:14,91282CLJ8,TSRYS5875649,D,S,D,2024-09-16,1000000.00,3.507027,101.486328125
08:01:14,91282CLJ8,TSRYS5875649,D,S,D,2024-09-16,1000000.00,3.507343,101.484375
08:01:14,91282CLJ8,TSRYS5875649,D,S,D,2024-09-16,1000000.00,3.508292,101.478515625
08:01:15,91282CLJ8,TSRYS5875649,D,S,D,2024-09-16,1000000.00,3.505762,101.494140625
08:01:15,91282CLJ8,TSRYS5875649,D,B,C,2024-09-16,1000000.00,3.505445,101.49609375
08:01:15,91282CLJ8,TSRYS5875649,D,S,D,2024-09-16,1000000.00,3.505445,101.49609375
08:01:18,91282CLJ8,TSRYS5875649,D,B,C,2024-09-16,1000000.00,3.512404,101.453125
08:01:18,91282CLJ8,TSRYS5875649,D,S,C,2024-09-16,1000000.00,3.512404,101.453125
08:01:18,91282CLJ8,TSRYS5875649,D,S,C,2024-09-16,1000000.00,3.512404,101.453125
08:01:18,91282CLJ8,TSRYS5875649,D,B,C,2024-09-16,1000000.00,3.512404,101.453125
08:01:18,91282CLJ8,TSRYS5875649,D,S,T,2024-09-16,1000000.00,3.509873,101.46875
08:01:19,91282CLJ8,TSRYS5875649,D,B,C,2024-09-16,2000000.00,3.509873,101.46875
08:01:19,91282CLJ8,TSRYS5875649,D,S,C,2024-09-16,2000000.00,3.509873,101.46875
08:01:21,91282CLJ8,TSRYS5875649,D,S,D,2024-09-16,1000000.00,3.507343,101.484375
08:01:22,91282CLJ8,TSRYS5875649,D,S,C,2024-09-16,1000000.00,3.513669,101.4453125
08:01:22,91282CLJ8,TSRYS5875649,D,B,C,2024-09-16,1000000.00,3.513669,101.4453125
08:01:22,91282CLJ8,TSRYS5875649,D,S,C,2024-09-16,1000000.00,3.510506,101.46484375
08:01:26,91282CLJ8,TSRYS5875649,D,S,D,2024-09-16,1000000.00,3.512404,101.453125
08:01:26,91282CLJ8,TSRYS5875649,D,B,C,2024-09-16,1000000.00,3.512404,101.453125
08:01:26,91282CLJ8,TSRYS5875649,D,B,C,2024-09-16,1000000.00,3.511138,101.4609375
08:01:26,91282CLJ8,TSRYS5875649,D,S,D,2024-09-16,1000000.00,3.511138,101.4609375
08:01:26,91282CLJ8,TSRYS5875649,D,S,D,2024-09-16,1000000.00,3.511455,101.458984375
08:01:26,91282CLJ8,TSRYS5875649,D,B,C,2024-09-16,1000000.00,3.511455,101.458984375
08:01:26,91282CLJ8,TSRYS5875649,D,S,D,2024-09-16,1000000.00,3.511771,101.45703125
08:01:26,91282CLJ8,TSRYS5875649,D,B,C,2024-09-16,1000000.00,3.511771,101.45703125
08:01:26,91282CLJ8,TSRYS5875649,D,S,C,2024-09-16,1000000.00,3.507975,101.48046875
08:01:27,91282CLJ8,TSRYS5875649,D,S,D,2024-09-16,1000000.00,3.51715,101.423828125
08:01:27,91282CLJ8,TSRYS5875649,D,B,C,2024-09-16,1000000.00,3.51715,101.423828125
08:01:27,91282CLJ8,TSRYS5875649,D,B,C,2024-09-16,1000000.00,3.514935,101.4375
08:01:27,91282CLJ8,TSRYS5875649,D,S,C,2024-09-16,1000000.00,3.514935,101.4375
08:01:28,91282CLJ8,TSRYS5875649,D,S,D,2024-09-16,1000000.00,3.511455,101.458984375
08:01:28,91282CLJ8,TSRYS5875649,D,B,C,2024-09-16,1000000.00,3.511455,101.458984375
08:01:28,91282CLJ8,TSRYS5875649,D,S,D,2024-09-16,1000000.00,3.512088,101.455078125
08:01:28,91282CLJ8,TSRYS5875649,D,B,C,2024-09-16,1000000.00,3.512088,101.455078125
08:01:28,91282CLJ8,TSRYS5875649,D,S,D,2024-09-16,1000000.00,3.511138,101.4609375
08:01:28,91282CLJ8,TSRYS5875649,D,S,D,2024-09-16,1000000.00,3.511138,101.4609375
08:01:28,91282CLJ8,TSRYS5875649,D,B,C,2024-09-16,3000000.00,3.511138,101.4609375
08:01:28,91282CLJ8,TSRYS5875649,D,S,D,2024-09-16,3000000.00,3.511138,101.4609375
08:01:28,91282CLJ8,TSRYS5875649,D,S,D,2024-09-16,1000000.00,3.511138,101.4609375
08:01:28,91282CLJ8,TSRYS5875649,D,S,D,2024-09-16,2000000.00,3.511138,101.4609375
08:01:28,91282CLJ8,TSRYS5875649,D,S,D,2024-09-16,1000000.00,3.511138,101.4609375
08:01:28,91282CLJ8,TSRYS5875649,D,S,D,2024-09-16,1000000.00,3.511138,101.4609375
08:01:28,91282CLJ8,TSRYS5875649,D,B,C,2024-09-16,1000000.00,3.511138,101.4609375
08:01:28,91282CLJ8,TSRYS5875649,D,S,D,2024-09-16,1000000.00,3.511138,101.4609375
08:01:28,91282CLJ8,TSRYS5875649,D,S,D,2024-09-16,1000000.00,3.511138,101.4609375
08:01:28,91282CLJ8,TSRYS5875649,D,S,D,2024-09-16,1000000.00,3.511138,101.4609375
08:01:28,91282CLJ8,TSRYS5875649,D,S,D,2024-09-16,1000000.00,3.511138,101.4609375
08:01:28,91282CLJ8,TSRYS5875649,D,S,D,2024-09-16,1000000.00,3.509873,101.46875
08:01:28,91282CLJ8,TSRYS5875649,D,B,C,2024-09-16,1000000.00,3.509873,101.46875
08:01:28,91282CLJ8,TSRYS5875649,D,S,D,2024-09-16,1000000.00,3.509873,101.46875
08:01:28,91282CLJ8,TSRYS5875649,D,B,C,2024-09-16,1000000.00,3.509873,101.46875
08:01:28,91282CLJ8,TSRYS5875649,D,S,D,2024-09-16,1000000.00,3.510506,101.46484375
08:01:28,91282CLJ8,TSRYS5875649,D,S,D,2024-09-16,1000000.00,3.510506,101.46484375
08:01:29,91282CLJ8,TSRYS5875649,D,S,C,2024-09-16,1000000.00,3.512404,101.453125
08:01:29,91282CLJ8,TSRYS5875649,D,B,C,2024-09-16,1000000.00,3.511138,101.4609375
08:01:29,91282CLJ8,TSRYS5875649,D,S,D,2024-09-16,1000000.00,3.511138,101.4609375
08:01:29,91282CLJ8,TSRYS5875649,D,B,C,2024-09-16,15000000.00,3.530221,101.34375
08:01:30,91282CLJ8,TSRYS5875649,D,B,C,2024-09-16,1000000.00,3.514935,101.4375
08:01:30,91282CLJ8,TSRYS5875649,D,S,C,2024-09-16,1000000.00,3.514935,101.4375
08:01:30,91282CLJ8,TSRYS5875649,D,B,C,2024-09-16,1000000.00,3.514935,101.4375
08:01:30,91282CLJ8,TSRYS5875649,D,S,D,2024-09-16,1000000.00,3.514935,101.4375
08:01:31,91282CLJ8,TSRYS5875649,D,S,C,2024-09-16,1000000.00,3.514935,101.4375
08:01:31,91282CLJ8,TSRYS5875649,D,B,C,2024-09-16,1000000.00,3.514935,101.4375
08:01:31,91282CLJ8,TSRYS5875649,D,S,C,2024-09-16,1000000.00,3.514935,101.4375
08:01:32,91282CLJ8,TSRYS5875649,D,B,C,2024-09-16,1000000.00,3.517467,101.421875
08:01:32,91282CLJ8,TSRYS5875649,D,S,D,2024-09-16,1000000.00,3.517467,101.421875
08:01:32,91282CLJ8,TSRYS5875649,D,S,C,2024-09-16,1000000.00,3.517467,101.421875
08:01:33,91282CLJ8,TSRYS5875649,D,B,C,2024-09-16,1000000.00,3.513669,101.4453125
08:01:33,91282CLJ8,TSRYS5875649,D,S,C,2024-09-16,1000000.00,3.513669,101.4453125
08:01:33,91282CLJ8,TSRYS5875649,D,S,C,2024-09-16,1000000.00,3.514935,101.4375
08:01:33,91282CLJ8,TSRYS5875649,D,B,C,2024-09-16,1000000.00,3.514935,101.4375
08:01:33,91282CLJ8,TSRYS5875649,D,B,C,2024-09-16,1000000.00,3.515568,101.43359375
08:01:33,91282CLJ8,TSRYS5875649,D,S,D,2024-09-16,1000000.00,3.515568,101.43359375
08:01:33,91282CLJ8,TSRYS5875649,D,S,C,2024-09-16,1000000.00,3.522532,101.390625
08:01:33,91282CLJ8,TSRYS5875649,D,S,C,2024-09-16,1000000.00,3.522532,101.390625
08:01:33,91282CLJ8,TSRYS5875649,D,B,C,2024-09-16,1000000.00,3.522532,101.390425
08:01:33,91282CLJ8,TSRYS5875649,D,S,C,2024-09-16,1000000.00,3.522532,101.390625
08:01:33,91282CLJ8,TSRYS5875649,D,B,C,2024-09-16,1000000.00,3.522532,101.390425
08:01:33,91282CLJ8,TSRYS5875649,D,S,C,2024-09-16,1000000.00,3.522532,101.3908
08:01:33,91282CLJ8,TSRYS5875649,D,B,C,2024-09-16,1000000.00,3.522532,101.390425
08:01:33,91282CLJ8,TSRYS5875649,D,S,C,2024-09-16,1000000.00,3.522532,101.390625
08:01:33,91282CLJ8,TSRYS5875649,D,B,C,2024-09-16,1000000.00,3.522532,101.390425
08:01:33,91282CLJ8,TSRYS5875649,D,S,D,2024-09-16,1000000.00,3.521265,101.3984375
08:01:33,91282CLJ8,TSRYS5875649,D,B,C,2024-09-16,1000000.00,3.521265,101.3984375
08:01:33,91282CLJ8,TSRYS5875649,D,S,D,2024-09-16,1000000.00,3.521265,101.3984375
08:01:33,91282CLJ8,TSRYS5875649,D,B,C,2024-09-16,1000000.00,3.523798,101.3828125
08:01:33,91282CLJ8,TSRYS5875649,D,S,C,2024-09-16,1000000.00,3.523798,101.3828125
08:01:34,91282CLJ8,TSRYS5875649,D,B,C,2024-09-16,1000000.00,3.522532,101.390625
08:01:34,91282CLJ8,TSRYS5875649,D,S,D,2024-09-16,1000000.00,3.522532,101.390625
08:01:34,91282CLJ8,TSRYS5875649,D,B,C,2024-09-16,1000000.00,3.522532,101.390625
08:01:34,91282CLJ8,TSRYS5875649,D,S,D,2024-09-16,1000000.00,3.522532,101.390625
08:01:34,91282CLJ8,TSRYS5875649,D,S,C,2024-09-16,1000000.00,3.522532,101.390625
08:01:34,91282CLJ8,TSRYS5875649,D,B,C,2024-09-16,1000000.00,3.526331,101.3671875
08:01:34,91282CLJ8,TSRYS5875649,D,S,C,2024-09-16,1000000.00,3.526331,101.3671875
08:01:34,91282CLJ8,TSRYS5875649,D,S,D,2024-09-16,1000000.00,3.527281,101.361328125
08:01:34,91282CLJ8,TSRYS5875649,D,S,D,2024-09-16,1000000.00,3.527281,101.361328125
08:01:34,91282CLJ8,TSRYS5875649,D,B,C,2024-09-16,1000000.00,3.527598,101.359375
08:01:34,91282CLJ8,TSRYS5875649,D,S,C,2024-09-16,1000000.00,3.527598,101.359375
08:01:34,91282CLJ8,TSRYS5875649,D,B,C,2024-09-16,1000000.00,3.527598,101.359375
08:01:34,91282CLJ8,TSRYS5875649,D,S,C,2024-09-16,1000000.00,3.527598,101.359375
08:01:34,91282CLJ8,TSRYS5875649,D,B,C,2024-09-16,1000000.00,3.526331,101.3671875
08:01:34,91282CLJ8,TSRYS5875649,D,S,C,2024-09-16,1000000.00,3.526331,101.3671875
08:01:34,91282CLJ8,TSRYS5875649,D,B,C,2024-09-16,1000000.00,3.526331,101.3671875
08:01:34,91282CLJ8,TSRYS5875649,D,S,C,2024-09-16,1000000.00,3.526331,101.3671875
08:01:34,91282CLJ8,TSRYS5875649,D,S,C,2024-09-16,1000000.00,3.526331,101.3671875
08:01:34,91282CLJ8,TSRYS5875649,D,S,C,2024-09-16,1000000.00,3.526965,101.36328125
08:01:34,91282CLJ8,TSRYS5875649,D,S,C,2024-09-16,1000000.00,3.526331,101.3671875
08:01:34,91282CLJ8,TSRYS5875649,D,S,C,2024-09-16,1000000.00,3.526331,101.3671875
08:01:35,91282CLJ8,TSRYS5875649,D,S,A,2024-09-16,1000000.00,3.513669,101.4453125
08:01:35,91282CLJ8,TSRYS5875649,D,B,C,2024-09-16,1000000.00,3.525065,101.375
08:01:35,91282CLJ8,TSRYS5875649,D,S,D,2024-09-16,1000000.00,3.525065,101.375
08:01:36,91282CLJ8,TSRYS5875649,D,S,C,2024-09-16,1000000.00,3.525065,101.375
08:01:36,91282CLJ8,TSRYS5875649,D,B,C,2024-09-16,1000000.00,3.525065,101.37485
08:01:36,91282CLJ8,TSRYS5875649,D,B,C,2024-09-16,1000000.00,3.523798,101.3828125
08:01:36,91282CLJ8,TSRYS5875649,D,S,D,2024-09-16,1000000.00,3.523798,101.3828125
08:01:36,91282CLJ8,TSRYS5875649,D,B,C,2024-09-16,1000000.00,3.523798,101.3828125
08:01:36,91282CLJ8,TSRYS5875649,D,S,D,2024-09-16,1000000.00,3.523798,101.3828125
08:01:36,91282CLJ8,TSRYS5875649,D,B,C,2024-09-16,1000000.00,3.523798,101.3828125
08:01:36,91282CLJ8,TSRYS5875649,D,S,D,2024-09-16,1000000.00,3.523798,101.3828125
08:01:37,91282CLJ8,TSRYS5875649,D,B,C,2024-09-16,1000000.00,3.522532,101.390625
08:01:37,91282CLJ8,TSRYS5875649,D,S,D,2024-09-16,1000000.00,3.522532,101.390625
08:01:37,91282CLJ8,TSRYS5875649,D,S,D,2024-09-16,1000000.00,3.523165,101.38671875
08:01:37,91282CLJ8,TSRYS5875649,D,B,C,2024-09-16,1000000.00,3.523165,101.38671875
08:01:38,91282CLJ8,TSRYS5875649,D,B,C,2024-09-16,1000000.00,3.523798,101.3828125
08:01:38,91282CLJ8,TSRYS5875649,D,S,D,2024-09-16,1000000.00,3.523798,101.3828125
08:01:38,91282CLJ8,TSRYS5875649,D,B,C,2024-09-16,1000000.00,3.523798,101.3828125
08:01:38,91282CLJ8,TSRYS5875649,D,S,D,2024-09-16,1000000.00,3.523798,101.3828125
08:01:38,91282CLJ8,TSRYS5875649,D,B,C,2024-09-16,1000000.00,3.522532,101.390625
08:01:38,91282CLJ8,TSRYS5875649,D,S,D,2024-09-16,1000000.00,3.522532,101.390625
08:01:38,91282CLJ8,TSRYS5875649,D,B,C,2024-09-16,1000000.00,3.522532,101.390625
08:01:38,91282CLJ8,TSRYS5875649,D,S,D,2024-09-16,1000000.00,3.522532,101.390625
08:01:38,91282CLJ8,TSRYS5875649,D,S,D,2024-09-16,1000000.00,3.519682,101.408203125
08:01:38,91282CLJ8,TSRYS5875649,D,S,D,2024-09-16,1000000.00,3.519682,101.408203125
08:01:38,91282CLJ8,TSRYS5875649,D,S,D,2024-09-16,1000000.00,3.519682,101.408203125
08:01:38,91282CLJ8,TSRYS5875649,D,S,D,2024-09-16,1000000.00,3.519682,101.408203125
08:01:39,91282CLJ8,TSRYS5875649,D,S,C,2024-09-16,1000000.00,3.517467,101.421875
08:01:39,91282CLJ8,TSRYS5875649,D,B,C,2024-09-16,1000000.00,3.517467,101.421875
08:01:39,91282CLJ8,TSRYS5875649,D,B,C,2024-09-16,1000000.00,3.516201,101.4296875
08:01:39,91282CLJ8,TSRYS5875649,D,S,D,2024-09-16,1000000.00,3.516201,101.4296875
08:01:39,91282CLJ8,TSRYS5875649,D,S,D,2024-09-16,1000000.00,3.5181,101.41796875
08:01:39,91282CLJ8,TSRYS5875649,D,S,D,2024-09-16,1000000.00,3.5181,101.41796875
08:01:39,91282CLJ8,TSRYS5875649,D,S,D,2024-09-16,1000000.00,3.5181,101.41796875
08:01:39,91282CLJ8,TSRYS5875649,D,S,D,2024-09-16,1000000.00,3.5181,101.41796875
08:01:39,91282CLJ8,TSRYS5875649,D,S,D,2024-09-16,1000000.00,3.5181,101.41796875
08:01:39,91282CLJ8,TSRYS5875649,D,S,D,2024-09-16,1000000.00,3.51715,101.423828125
08:01:39,91282CLJ8,TSRYS5875649,D,S,D,2024-09-16,1000000.00,3.51715,101.423828125
08:01:39,91282CLJ8,TSRYS5875649,D,S,D,2024-09-16,1000000.00,3.51715,101.423828125
08:01:39,91282CLJ8,TSRYS5875649,D,S,D,2024-09-16,1000000.00,3.51715,101.423828125
08:01:39,91282CLJ8,TSRYS5875649,D,S,C,2024-09-16,1000000.00,3.51715,101.423828125
08:01:39,91282CLJ8,TSRYS5875649,D,S,D,2024-09-16,1000000.00,3.51715,101.423828125
08:01:39,91282CLJ8,TSRYS5875649,D,S,D,2024-09-16,1000000.00,3.517783,101.419921875
08:01:39,91282CLJ8,TSRYS5875649,D,S,D,2024-09-16,1000000.00,3.517783,101.419921875
08:01:39,91282CLJ8,TSRYS5875649,D,B,C,2024-09-16,1000000.00,3.51715,101.423828125
08:01:39,91282CLJ8,TSRYS5875649,D,S,D,2024-09-16,2000000.00,3.51715,101.423828125
08:01:39,91282CLJ8,TSRYS5875649,D,B,C,2024-09-16,1000000.00,3.51715,101.423828125
08:01:39,91282CLJ8,TSRYS5875649,D,S,D,2024-09-16,1000000.00,3.51715,101.423828125
08:01:39,91282CLJ8,TSRYS5875649,D,B,C,2024-09-16,1000000.00,3.51715,101.423828125
08:01:39,91282CLJ8,TSRYS5875649,D,S,D,2024-09-16,1000000.00,3.51715,101.423828125
08:01:40,91282CLJ8,TSRYS5875649,D,S,D,2024-09-16,1000000.00,3.518733,101.4140625
08:01:40,91282CLJ8,TSRYS5875649,D,B,C,2024-09-16,1000000.00,3.519049,101.412109375
08:01:40,91282CLJ8,TSRYS5875649,D,S,D,2024-09-16,1000000.00,3.519049,101.412109375
08:01:41,91282CLJ8,TSRYS5875649,D,S,D,2024-09-16,1000000.00,3.516834,101.42578125
08:01:41,91282CLJ8,TSRYS5875649,D,B,C,2024-09-16,1000000.00,3.516834,101.42578125
08:01:41,91282CLJ8,TSRYS5875649,D,B,C,2024-09-16,1000000.00,3.516834,101.42578125
08:01:41,91282CLJ8,TSRYS5875649,D,S,C,2024-09-16,1000000.00,3.516834,101.42578125
08:01:41,91282CLJ8,TSRYS5875649,D,S,D,2024-09-16,1000000.00,3.518416,101.416015625
08:01:41,91282CLJ8,TSRYS5875649,D,B,C,2024-09-16,1000000.00,3.518416,101.416015625
08:01:42,91282CLJ8,TSRYS5875649,D,S,C,2024-09-16,1000000.00,3.516201,101.4296875
08:01:42,91282CLJ8,TSRYS5875649,D,S,D,2024-09-16,1000000.00,3.515568,101.43359375
08:01:42,91282CLJ8,TSRYS5875649,D,S,D,2024-09-16,1000000.00,3.515568,101.43359375
08:01:42,91282CLJ8,TSRYS5875649,D,S,D,2024-09-16,1000000.00,3.515252,101.435546875
08:01:42,91282CLJ8,TSRYS5875649,D,S,C,2024-09-16,1000000.00,3.517467,101.421875
08:01:42,91282CLJ8,TSRYS5875649,D,B,C,2024-09-16,1000000.00,3.517467,101.421875
08:01:42,91282CLJ8,TSRYS5875649,D,S,C,2024-09-16,1000000.00,3.517467,101.421875
08:01:42,91282CLJ8,TSRYS5875649,D,B,C,2024-09-16,1000000.00,3.517467,101.421875
08:01:43,91282CLJ8,TSRYS5875649,D,B,C,2024-09-16,1000000.00,3.517467,101.421875
08:01:43,91282CLJ8,TSRYS5875649,D,S,D,2024-09-16,1000000.00,3.517467,101.421875
08:01:43,91282CLJ8,TSRYS5875649,D,B,C,2024-09-16,1000000.00,3.517467,101.421875
08:01:43,91282CLJ8,TSRYS5875649,D,S,C,2024-09-16,1000000.00,3.517467,101.421875
08:01:43,91282CLJ8,TSRYS5875649,D,S,D,2024-09-16,1000000.00,3.517783,101.419921875
08:01:44,91282CLJ8,TSRYS5875649,D,S,D,2024-09-16,1000000.00,3.507343,101.484375
08:01:45,91282CLJ8,TSRYS5875649,D,S,D,2024-09-16,1000000.00,3.507343,101.484375
08:01:45,91282CLJ8,TSRYS5875649,D,S,D,2024-09-16,1000000.00,3.507343,101.484375
08:01:46,91282CLJ8,TSRYS5875649,D,S,D,2024-09-16,1000000.00,3.505445,101.49609375
08:01:48,91282CLJ8,TSRYS5875649,D,S,T,2024-09-16,1000000.00,3.519682,101.40820312
08:01:48,91282CLJ8,TSRYS5875649,D,S,T,2024-09-16,1000000.00,3.519682,101.40820312
08:01:48,91282CLJ8,TSRYS5875649,D,S,D,2024-09-16,1000000.00,3.519682,101.40820312
08:01:48,91282CLJ8,TSRYS5875649,D,S,T,2024-09-16,1000000.00,3.519682,101.40820312
08:01:48,91282CLJ8,TSRYS5875649,D,S,T,2024-09-16,1000000.00,3.519682,101.40820312
08:01:48,91282CLJ8,TSRYS5875649,D,S,D,2024-09-16,1000000.00,3.519682,101.40820312
08:01:48,91282CLJ8,TSRYS5875649,D,S,D,2024-09-16,1000000.00,3.519682,101.40820312
08:01:48,91282CLJ8,TSRYS5875649,D,S,C,2024-09-16,1000000.00,3.519682,101.40820312
08:01:48,91282CLJ8,TSRYS5875649,D,S,C,2024-09-16,1000000.00,3.519682,101.40820312
08:01:48,91282CLJ8,TSRYS5875649,D,S,C,2024-09-16,1000000.00,3.519682,101.40820312
08:01:48,91282CLJ8,TSRYS5875649,D,S,C,2024-09-16,1000000.00,3.519682,101.40820312
08:01:48,91282CLJ8,TSRYS5875649,D,S,C,2024-09-16,1000000.00,3.519682,101.40820312
08:01:48,91282CLJ8,TSRYS5875649,D,S,C,2024-09-16,1000000.00,3.519682,101.40820312
08:01:48,91282CLJ8,TSRYS5875649,D,S,C,2024-09-16,1000000.00,3.519682,101.40820312
08:01:48,91282CLJ8,TSRYS5875649,D,S,C,2024-09-16,1000000.00,3.519682,101.40820312
08:01:48,91282CLJ8,TSRYS5875649,D,S,C,2024-09-16,1000000.00,3.519682,101.40820312
08:01:48,91282CLJ8,TSRYS5875649,D,S,C,2024-09-16,1000000.00,3.519682,101.40820312
08:01:48,91282CLJ8,TSRYS5875649,D,S,C,2024-09-16,1000000.00,3.519682,101.40820312
08:01:48,91282CLJ8,TSRYS5875649,D,S,C,2024-09-16,1000000.00,3.519682,101.40820312
08:01:49,91282CLJ8,TSRYS5875649,D,S,D,2024-09-16,1000000.00,3.516834,101.42578125
08:01:50,91282CLJ8,TSRYS5875649,D,S,C,2024-09-16,1000000.00,3.51715,101.42382812
08:01:50,91282CLJ8,TSRYS5875649,D,S,D,2024-09-16,1000000.00,3.51715,101.42382812
08:01:50,91282CLJ8,TSRYS5875649,D,S,C,2024-09-16,1000000.00,3.51715,101.42382812
08:01:50,91282CLJ8,TSRYS5875649,D,S,C,2024-09-16,1000000.00,3.51715,101.42382812
08:01:50,91282CLJ8,TSRYS5875649,D,S,D,2024-09-16,1000000.00,3.51715,101.42382812
08:01:50,91282CLJ8,TSRYS5875649,D,S,D,2024-09-16,1000000.00,3.51715,101.42382812
08:01:50,91282CLJ8,TSRYS5875649,D,S,T,2024-09-16,1000000.00,3.51715,101.42382812
08:01:50,91282CLJ8,TSRYS5875649,D,S,D,2024-09-16,1000000.00,3.51715,101.42382812
08:01:50,91282CLJ8,TSRYS5875649,D,S,T,2024-09-16,1000000.00,3.51715,101.42382812
08:01:50,91282CLJ8,TSRYS5875649,D,S,T,2024-09-16,1000000.00,3.51715,101.42382812
08:01:50,91282CLJ8,TSRYS5875649,D,S,C,2024-09-16,1000000.00,3.51715,101.42382812
08:01:50,91282CLJ8,TSRYS5875649,D,S,D,2024-09-16,1000000.00,3.51715,101.42382812
08:01:50,91282CLJ8,TSRYS5875649,D,S,C,2024-09-16,1000000.00,3.51715,101.42382812
08:01:50,91282CLJ8,TSRYS5875649,D,S,T,2024-09-16,1000000.00,3.51715,101.42382812
08:01:50,91282CLJ8,TSRYS5875649,D,S,T,2024-09-16,1000000.00,3.51715,101.42382812
08:01:50,91282CLJ8,TSRYS5875649,D,S,C,2024-09-16,1000000.00,3.51715,101.42382812
08:01:50,91282CLJ8,TSRYS5875649,D,S,D,2024-09-16,1000000.00,3.51715,101.42382812
08:01:50,91282CLJ8,TSRYS5875649,D,S,T,2024-09-16,1000000.00,3.51715,101.42382812
08:01:50,91282CLJ8,TSRYS5875649,D,B,C,2024-09-16,39000000.00,3.518258,101.41699
08:01:52,91282CLJ8,TSRYS5875649,D,S,A,2024-09-16,100000000.00,3.510506,101.46484375
08:01:52,91282CLJ8,TSRYS5875649,D,S,T,2024-09-16,1000000.00,3.509894,101.46862
08:01:52,91282CLJ8,TSRYS5875649,D,S,C,2024-09-16,2685000.00,3.5181,101.41796875
08:01:52,91282CLJ8,TSRYS5875649,D,S,D,2024-09-16,13501000.00,3.508608,101.4765625
08:01:56,91282CLJ8,TSRYS5875649,D,S,C,2024-09-16,1000000.00,3.51715,101.42382812
08:01:56,91282CLJ8,TSRYS5875649,D,S,D,2024-09-16,2000000.00,3.518733,101.4140625
08:01:57,91282CLJ8,TSRYS5875649,D,S,C,2024-09-16,1000000.00,3.513669,101.4453125
08:01:57,91282CLJ8,TSRYS5875649,D,B,C,2024-09-16,1000000.00,3.517467,101.421875
08:01:57,91282CLJ8,TSRYS5875649,D,B,C,2024-09-16,1000000.00,3.517467,101.421875
08:01:57,91282CLJ8,TSRYS5875649,D,S,C,2024-09-16,1000000.00,3.517434,101.422075
08:01:57,91282CLJ8,TSRYS5875649,D,B,C,2024-09-16,1000000.00,3.517467,101.421875
08:01:57,91282CLJ8,TSRYS5875649,D,B,C,2024-09-16,1000000.00,3.517467,101.421875
08:01:57,91282CLJ8,TSRYS5875649,D,S,C,2024-09-16,1000000.00,3.517434,101.422075
08:01:57,91282CLJ8,TSRYS5875649,D,B,C,2024-09-16,1000000.00,3.517467,101.421875
08:01:57,91282CLJ8,TSRYS5875649,D,S,C,2024-09-16,1000000.00,3.517434,101.422075
08:01:57,91282CLJ8,TSRYS5875649,D,S,C,2024-09-16,1000000.00,3.517434,101.422075
08:01:57,91282CLJ8,TSRYS5875649,D,S,C,2024-09-16,1000000.00,3.517434,101.422075
08:01:58,91282CLJ8,TSRYS5875649,D,S,C,2024-09-16,1000000.00,3.518733,101.4140625
08:01:58,91282CLJ8,TSRYS5875649,D,B,C,2024-09-16,1000000.00,3.518733,101.4140625
08:01:58,91282CLJ8,TSRYS5875649,D,S,D,2024-09-16,1000000.00,3.51618,101.4298175
08:01:58,91282CLJ8,TSRYS5875649,D,S,D,2024-09-16,1000000.00,3.51618,101.4298175
08:01:58,91282CLJ8,TSRYS5875649,D,B,C,2024-09-16,1000000.00,3.516201,101.4296875
08:01:58,91282CLJ8,TSRYS5875649,D,S,D,2024-09-16,1000000.00,3.51618,101.4298175
08:01:58,91282CLJ8,TSRYS5875649,D,S,D,2024-09-16,1000000.00,3.51618,101.4298175
08:01:58,91282CLJ8,TSRYS5875649,D,B,C,2024-09-16,1000000.00,3.516233,101.4294875
08:01:58,91282CLJ8,TSRYS5875649,D,S,D,2024-09-16,1000000.00,3.51618,101.4298175
08:01:59,91282CLJ8,TSRYS5875649,D,S,A,2024-09-16,1150000.00,3.516834,101.42578125
08:01:59,91282CLJ8,TSRYS5875649,D,S,C,2024-09-16,1000000.00,3.512404,101.453125
08:01:59,91282CLJ8,TSRYS5875649,D,S,C,2024-09-16,1000000.00,3.512404,101.453125
08:01:59,91282CLJ8,TSRYS5875649,D,B,C,2024-09-16,1000000.00,3.512404,101.453125
08:01:59,91282CLJ8,TSRYS5875649,D,B,C,2024-09-16,1000000.00,3.512432,101.45295
08:02:00,91282CLJ8,TSRYS5875649,D,S,C,2024-09-16,1000000.00,3.511138,101.4609375
08:02:00,91282CLJ8,TSRYS5875649,D,B,C,2024-09-16,1000000.00,3.511171,101.4607375
08:02:00,91282CLJ8,TSRYS5875649,D,S,T,2024-09-16,1000000.00,3.510822,101.462890625
08:02:00,91282CLJ8,TSRYS5875649,D,S,T,2024-09-16,1000000.00,3.513037,101.44921875
08:02:00,91282CLJ8,TSRYS5875649,D,S,T,2024-09-16,1000000.00,3.513037,101.44921875
08:02:00,91282CLJ8,TSRYS5875649,D,S,T,2024-09-16,1000000.00,3.510822,101.462890625
08:02:00,91282CLJ8,TSRYS5875649,D,S,T,2024-09-16,1000000.00,3.511138,101.4609375
08:02:00,91282CLJ8,TSRYS5875649,D,S,T,2024-09-16,1000000.00,3.517783,101.419921875
08:02:00,91282CLJ8,TSRYS5875649,D,S,T,2024-09-16,1000000.00,3.515252,101.435546875
08:02:00,91282CLJ8,TSRYS5875649,D,S,T,2024-09-16,1000000.00,3.510822,101.462890625
08:02:00,91282CLJ8,TSRYS5875649,D,S,T,2024-09-16,1000000.00,3.511138,101.4609375
08:02:00,91282CLJ8,TSRYS5875649,D,S,T,2024-09-16,2000000.00,3.511138,101.4609375
08:02:00,91282CLJ8,TSRYS5875649,D,S,T,2024-09-16,2000000.00,3.511138,101.4609375
08:02:00,91282CLJ8,TSRYS5875649,D,S,T,2024-09-16,1000000.00,3.511771,101.45703125
08:02:00,91282CLJ8,TSRYS5875649,D,S,T,2024-09-16,1000000.00,3.514302,101.44140625
08:02:00,91282CLJ8,TSRYS5875649,D,S,T,2024-09-16,1000000.00,3.515568,101.43359375
08:02:00,91282CLJ8,TSRYS5875649,D,S,T,2024-09-16,1000000.00,3.516201,101.4296875
08:02:00,91282CLJ8,TSRYS5875649,D,S,T,2024-09-16,1000000.00,3.515568,101.43359375
08:02:00,91282CLJ8,TSRYS5875649,D,S,T,2024-09-16,1000000.00,3.522532,101.390625
08:02:00,91282CLJ8,TSRYS5875649,D,S,T,2024-09-16,1000000.00,3.521265,101.3984375
08:02:00,91282CLJ8,TSRYS5875649,D,S,D,2024-09-16,1000000.00,3.522532,101.390625
08:02:00,91282CLJ8,TSRYS5875649,D,S,T,2024-09-16,1000000.00,3.522532,101.390625
08:02:00,91282CLJ8,TSRYS5875649,D,S,T,2024-09-16,1000000.00,3.526331,101.3671875
08:02:00,91282CLJ8,TSRYS5875649,D,S,D,2024-09-16,1000000.00,3.526331,101.3671875
08:02:00,91282CLJ8,TSRYS5875649,D,S,D,2024-09-16,1000000.00,3.526648,101.365234375
08:02:00,91282CLJ8,TSRYS5875649,D,S,T,2024-09-16,1000000.00,3.526648,101.365234375
08:02:00,91282CLJ8,TSRYS5875649,D,S,D,2024-09-16,1000000.00,3.524115,101.380859375
08:02:00,91282CLJ8,TSRYS5875649,D,S,T,2024-09-16,1000000.00,3.524115,101.380859375
08:02:00,91282CLJ8,TSRYS5875649,D,S,T,2024-09-16,2000000.00,3.522532,101.390625
08:02:00,91282CLJ8,TSRYS5875649,D,S,D,2024-09-16,1000000.00,3.522532,101.390625
08:02:00,91282CLJ8,TSRYS5875649,D,S,D,2024-09-16,1000000.00,3.51715,101.423828125
08:02:00,91282CLJ8,TSRYS5875649,D,S,T,2024-09-16,1000000.00,3.5181,101.41796875
08:02:00,91282CLJ8,TSRYS5875649,D,S,T,2024-09-16,1000000.00,3.5181,101.41796875
08:02:00,91282CLJ8,TSRYS5875649,D,S,T,2024-09-16,1000000.00,3.5181,101.41796875
08:02:00,91282CLJ8,TSRYS5875649,D,S,T,2024-09-16,2000000.00,3.517783,101.419921875
08:02:00,91282CLJ8,TSRYS5875649,D,S,T,2024-09-16,1000000.00,3.517783,101.419921875
08:02:00,91282CLJ8,TSRYS5875649,D,S,T,2024-09-16,1000000.00,3.518733,101.4140625
08:02:00,91282CLJ8,TSRYS5875649,D,S,T,2024-09-16,1000000.00,3.518416,101.416015625
08:02:00,91282CLJ8,TSRYS5875649,D,S,T,2024-09-16,1000000.00,3.518416,101.416015625
08:02:00,91282CLJ8,TSRYS5875649,D,S,D,2024-09-16,1000000.00,3.517467,101.421875
08:02:00,91282CLJ8,TSRYS5875649,D,S,T,2024-09-16,1000000.00,3.516201,101.4296875
08:02:00,91282CLJ8,TSRYS5875649,D,S,T,2024-09-16,1000000.00,3.516201,101.4296875
08:02:00,91282CLJ8,TSRYS5875649,D,S,D,2024-09-16,2000000.00,3.516517,101.427734375
08:02:00,91282CLJ8,TSRYS5875649,D,S,T,2024-09-16,1000000.00,3.516834,101.42578125
08:02:00,91282CLJ8,TSRYS5875649,D,S,T,2024-09-16,1000000.00,3.507343,101.484375
08:02:00,91282CLJ8,TSRYS5875649,D,S,T,2024-09-16,1000000.00,3.505445,101.49609375
08:02:00,91282CLJ8,TSRYS5875649,D,S,C,2024-09-16,1000000.00,3.508608,101.4765625
08:02:01,91282CLJ8,TSRYS5875649,D,S,T,2024-09-16,1000000.00,3.513669,101.4453125
08:02:01,91282CLJ8,TSRYS5875649,D,S,T,2024-09-16,1000000.00,3.516201,101.4296875
08:02:01,91282CLJ8,TSRYS5875649,D,S,T,2024-09-16,1000000.00,3.516201,101.4296875
08:02:01,91282CLJ8,TSRYS5875649,D,S,T,2024-09-16,1000000.00,3.508608,101.4765625
08:02:01,91282CLJ8,TSRYS5875649,D,S,T,2024-09-16,1000000.00,3.511138,101.4609375
08:02:01,91282CLJ8,TSRYS5875649,D,S,T,2024-09-16,1000000.00,3.508608,101.4765625
08:02:01,91282CLJ8,TSRYS5875649,D,S,T,2024-09-16,1000000.00,3.507343,101.484375
08:02:01,91282CLJ8,TSRYS5875649,D,S,T,2024-09-16,1000000.00,3.512404,101.453125
08:02:01,91282CLJ8,TSRYS5875649,D,S,C,2024-09-16,1000000.00,3.511138,101.4609375
08:02:01,91282CLJ8,TSRYS5875649,D,S,T,2024-09-16,1000000.00,3.511138,101.4609375
08:02:01,91282CLJ8,TSRYS5875649,D,S,T,2024-09-16,1000000.00,3.517467,101.421875
08:02:01,91282CLJ8,TSRYS5875649,D,S,T,2024-09-16,1000000.00,3.517467,101.421875
08:02:01,91282CLJ8,TSRYS5875649,D,S,T,2024-09-16,1000000.00,3.516201,101.4296875
08:02:01,91282CLJ8,TSRYS5875649,D,S,T,2024-09-16,1000000.00,3.512404,101.453125
08:02:01,91282CLJ8,TSRYS5875649,D,S,T,2024-09-16,1000000.00,3.511138,101.4609375
08:02:01,91282CLJ8,TSRYS5875649,D,S,T,2024-09-16,1000000.00,3.511138,101.4609375
08:02:01,91282CLJ8,TSRYS5875649,D,S,T,2024-09-16,1000000.00,3.511138,101.4609375
08:02:01,91282CLJ8,TSRYS5875649,D,S,T,2024-09-16,1000000.00,3.512404,101.453125
08:02:01,91282CLJ8,TSRYS5875649,D,S,T,2024-09-16,1000000.00,3.513669,101.4453125
08:02:01,91282CLJ8,TSRYS5875649,D,S,T,2024-09-16,1000000.00,3.512404,101.453125
08:02:01,91282CLJ8,TSRYS5875649,D,S,T,2024-09-16,1000000.00,3.512404,101.453125
08:02:01,91282CLJ8,TSRYS5875649,D,S,T,2024-09-16,1000000.00,3.514935,101.4375
08:02:01,91282CLJ8,TSRYS5875649,D,S,T,2024-09-16,1000000.00,3.516201,101.4296875
08:02:01,91282CLJ8,TSRYS5875649,D,S,T,2024-09-16,1000000.00,3.516201,101.4296875
08:02:01,91282CLJ8,TSRYS5875649,D,S,T,2024-09-16,1000000.00,3.514935,101.4375
08:02:01,91282CLJ8,TSRYS5875649,D,S,T,2024-09-16,1000000.00,3.522532,101.390625
08:02:01,91282CLJ8,TSRYS5875649,D,S,T,2024-09-16,1000000.00,3.522532,101.390625
08:02:01,91282CLJ8,TSRYS5875649,D,S,T,2024-09-16,1000000.00,3.522532,101.390625
08:02:01,91282CLJ8,TSRYS5875649,D,S,T,2024-09-16,1000000.00,3.523798,101.3828125
08:02:01,91282CLJ8,TSRYS5875649,D,S,T,2024-09-16,1000000.00,3.526331,101.3671875
08:02:01,91282CLJ8,TSRYS5875649,D,S,T,2024-09-16,1000000.00,3.527598,101.359375
08:02:01,91282CLJ8,TSRYS5875649,D,S,T,2024-09-16,1000000.00,3.526331,101.3671875
08:02:01,91282CLJ8,TSRYS5875649,D,S,T,2024-09-16,1000000.00,3.526331,101.3671875
08:02:01,91282CLJ8,TSRYS5875649,D,S,T,2024-09-16,1000000.00,3.525065,101.375
08:02:01,91282CLJ8,TSRYS5875649,D,S,T,2024-09-16,1000000.00,3.525065,101.375
08:02:01,91282CLJ8,TSRYS5875649,D,S,T,2024-09-16,1000000.00,3.523798,101.3828125
08:02:01,91282CLJ8,TSRYS5875649,D,S,T,2024-09-16,1000000.00,3.522532,101.390625
08:02:01,91282CLJ8,TSRYS5875649,D,S,T,2024-09-16,1000000.00,3.522532,101.390625
08:02:01,91282CLJ8,TSRYS5875649,D,S,T,2024-09-16,1000000.00,3.522532,101.390625
08:02:01,91282CLJ8,TSRYS5875649,D,S,T,2024-09-16,1000000.00,3.522532,101.390625
08:02:01,91282CLJ8,TSRYS5875649,D,S,T,2024-09-16,1000000.00,3.522532,101.390625
08:02:01,91282CLJ8,TSRYS5875649,D,S,T,2024-09-16,1000000.00,3.522532,101.390625
08:02:01,91282CLJ8,TSRYS5875649,D,S,T,2024-09-16,1000000.00,3.522532,101.390625
08:02:01,91282CLJ8,TSRYS5875649,D,S,T,2024-09-16,1000000.00,3.521265,101.3984375
08:02:01,91282CLJ8,TSRYS5875649,D,S,T,2024-09-16,1000000.00,3.519999,101.40625
08:02:01,91282CLJ8,TSRYS5875649,D,S,T,2024-09-16,1000000.00,3.517467,101.421875
08:02:01,91282CLJ8,TSRYS5875649,D,S,T,2024-09-16,1000000.00,3.517467,101.421875
08:02:02,91282CLJ8,TSRYS5875649,D,S,T,2024-09-16,1000000.00,3.518733,101.4140625
08:02:02,91282CLJ8,TSRYS5875649,D,S,T,2024-09-16,1000000.00,3.517783,101.41992187
08:02:02,91282CLJ8,TSRYS5875649,D,B,C,2024-09-16,4000000.00,3.51803,101.4184
08:02:02,91282CLJ8,TSRYS5875649,D,S,C,2024-09-16,30000000.00,3.5181,101.41796875
08:02:02,91282CLJ8,TSRYS5875649,D,S,D,2024-09-16,1000000.00,3.516517,101.42773437
08:02:02,91282CLJ8,TSRYS5875649,D,S,C,2024-09-16,1000000.00,3.516517,101.42773437
08:02:02,91282CLJ8,TSRYS5875649,D,B,C,2024-09-16,2000000.00,3.516654,101.42689
08:02:02,91282CLJ8,TSRYS5875649,D,S,A,2024-09-16,470000.00,3.514302,101.44140625
08:02:03,91282CLJ8,TSRYS5875649,D,S,T,2024-09-16,1000000.00,3.507975,101.48046875
08:02:03,91282CLJ8,TSRYS5875649,D,S,D,2024-09-16,1000000.00,3.511138,101.4609375
08:02:04,91282CLJ8,TSRYS5875649,D,S,D,2024-09-16,3000000.00,3.511138,101.4609375
08:02:04,91282CLJ8,TSRYS5875649,D,S,D,2024-09-16,1000000.00,3.511138,101.4609375
08:02:04,91282CLJ8,TSRYS5875649,D,S,D,2024-09-16,1000000.00,3.511138,101.4609375
08:02:04,91282CLJ8,TSRYS5875649,D,S,D,2024-09-16,1000000.00,3.511138,101.4609375
08:02:04,91282CLJ8,TSRYS5875649,D,S,C,2024-09-16,1000000.00,3.511138,101.4609375
08:02:04,91282CLJ8,TSRYS5875649,D,S,C,2024-09-16,1000000.00,3.511138,101.4609375
08:02:04,91282CLJ8,TSRYS5875649,D,S,D,2024-09-16,1000000.00,3.511138,101.4609375
08:02:04,91282CLJ8,TSRYS5875649,D,B,C,2024-09-16,10000000.00,3.511251,101.46024
08:02:07,91282CLJ8,TSRYS5875649,D,S,C,2024-09-16,2960000.00,3.526965,101.36328125
08:02:12,91282CLJ8,TSRYS5875649,D,B,A,2024-09-16,616000.00,3.520632,101.40234375
08:02:16,91282CLJ8,TSRYS5875649,D,B,C,2024-09-16,1000000.00,3.511171,101.4607375
08:02:16,91282CLJ8,TSRYS5875649,D,S,D,2024-09-16,1000000.00,3.511117,101.4610675
08:02:16,91282CLJ8,TSRYS5875649,D,B,C,2024-09-16,1000000.00,3.509873,101.46875
08:02:16,91282CLJ8,TSRYS5875649,D,S,D,2024-09-16,1000000.00,3.509852,101.46888
08:02:17,91282CLJ8,TSRYS5875649,D,S,D,2024-09-16,1000000.00,3.512404,101.453125
08:02:18,91282CLJ8,TSRYS5875649,D,S,D,2024-09-16,1000000.00,3.513669,101.4453125
08:02:18,91282CLJ8,TSRYS5875649,D,B,C,2024-09-16,1000000.00,3.513718,101.4450125
08:02:18,91282CLJ8,TSRYS5875649,D,B,C,2024-09-16,1000000.00,3.513702,101.4451125
08:02:18,91282CLJ8,TSRYS5875649,D,S,D,2024-09-16,1000000.00,3.513669,101.4453125
08:02:18,91282CLJ8,TSRYS5875649,D,S,T,2024-09-16,1000000.00,3.512425,101.452995
08:02:18,91282CLJ8,TSRYS5875649,D,S,D,2024-09-16,1000000.00,3.511117,101.4610675
08:02:19,91282CLJ8,TSRYS5875649,D,S,T,2024-09-16,1000000.00,3.514956,101.43737
08:02:20,91282CLJ8,TSRYS5875649,D,S,C,2024-09-16,1000000.00,3.509841,101.46895
08:02:20,91282CLJ8,TSRYS5875649,D,S,D,2024-09-16,1000000.00,3.509873,101.46875
08:02:20,91282CLJ8,TSRYS5875649,D,B,C,2024-09-16,1000000.00,3.509873,101.46875
08:02:20,91282CLJ8,TSRYS5875649,D,B,C,2024-09-16,1000000.00,3.509873,101.46875
08:02:21,91282CLJ8,TSRYS5875649,D,S,T,2024-09-16,1000000.00,3.513691,101.4451825
08:02:21,91282CLJ8,TSRYS5875649,D,S,T,2024-09-16,1000000.00,3.513691,101.4451825
08:02:22,91282CLJ8,TSRYS5875649,D,S,C,2024-09-16,1000000.00,3.511138,101.4609375
08:02:22,91282CLJ8,TSRYS5875649,D,S,C,2024-09-16,1000000.00,3.511138,101.4609375
08:02:22,91282CLJ8,TSRYS5875649,D,B,C,2024-09-16,1000000.00,3.511187,101.4606375
08:02:22,91282CLJ8,TSRYS5875649,D,S,C,2024-09-16,500000.00,3.514302,101.44140625
08:02:22,91282CLJ8,TSRYS5875649,D,S,C,2024-09-16,32000000.00,3.513482,101.44647
08:02:22,91282CLJ8,TSRYS5875649,D,S,T,2024-09-16,1000000.00,3.527598,101.359375
08:02:22,91282CLJ8,TSRYS5875649,D,S,T,2024-09-16,1000000.00,3.527598,101.359375
08:02:22,91282CLJ8,TSRYS5875649,D,S,T,2024-09-16,1000000.00,3.527598,101.359375
08:02:22,91282CLJ8,TSRYS5875649,D,S,T,2024-09-16,1000000.00,3.527598,101.359375
08:02:22,91282CLJ8,TSRYS5875649,D,S,T,2024-09-16,1000000.00,3.527598,101.359375
08:02:22,91282CLJ8,TSRYS5875649,D,S,T,2024-09-16,1000000.00,3.527598,101.359375
08:02:22,91282CLJ8,TSRYS5875649,D,S,T,2024-09-16,1000000.00,3.527598,101.359375
08:02:22,91282CLJ8,TSRYS5875649,D,S,T,2024-09-16,1000000.00,3.527598,101.359375
08:02:22,91282CLJ8,TSRYS5875649,D,S,T,2024-09-16,1000000.00,3.527598,101.359375
08:02:22,91282CLJ8,TSRYS5875649,D,S,T,2024-09-16,1000000.00,3.527598,101.359375
08:02:22,91282CLJ8,TSRYS5875649,D,S,T,2024-09-16,1000000.00,3.527598,101.359375
08:02:22,91282CLJ8,TSRYS5875649,D,S,T,2024-09-16,1000000.00,3.527598,101.359375
08:02:22,91282CLJ8,TSRYS5875649,D,S,T,2024-09-16,1000000.00,3.527598,101.359375
08:02:22,91282CLJ8,TSRYS5875649,D,S,T,2024-09-16,1000000.00,3.527598,101.359375
08:02:22,91282CLJ8,TSRYS5875649,D,S,T,2024-09-16,2000000.00,3.527598,101.359375
08:02:22,91282CLJ8,TSRYS5875649,D,S,T,2024-09-16,1000000.00,3.527598,101.359375
08:02:22,91282CLJ8,TSRYS5875649,D,S,T,2024-09-16,1000000.00,3.527598,101.359375
08:02:22,91282CLJ8,TSRYS5875649,D,S,T,2024-09-16,1000000.00,3.527598,101.359375
08:02:22,91282CLJ8,TSRYS5875649,D,S,T,2024-09-16,1000000.00,3.527598,101.359375
08:02:22,91282CLJ8,TSRYS5875649,D,S,T,2024-09-16,1000000.00,3.527598,101.359375
08:02:22,91282CLJ8,TSRYS5875649,D,S,T,2024-09-16,1000000.00,3.527598,101.359375
08:02:22,91282CLJ8,TSRYS5875649,D,S,T,2024-09-16,1000000.00,3.527598,101.359375
08:02:22,91282CLJ8,TSRYS5875649,D,S,T,2024-09-16,1000000.00,3.527598,101.359375
08:02:22,91282CLJ8,TSRYS5875649,D,S,T,2024-09-16,1000000.00,3.527598,101.359375
08:02:22,91282CLJ8,TSRYS5875649,D,S,D,2024-09-16,16000000.00,3.527362,101.3608281
08:02:22,91282CLJ8,TSRYS5875649,D,S,T,2024-09-16,1000000.00,3.527598,101.359375
08:02:22,91282CLJ8,TSRYS5875649,D,S,T,2024-09-16,1000000.00,3.527598,101.359375
08:02:22,91282CLJ8,TSRYS5875649,D,S,T,2024-09-16,1000000.00,3.527598,101.359375
08:02:22,91282CLJ8,TSRYS5875649,D,S,T,2024-09-16,1000000.00,3.527598,101.359375
08:02:22,91282CLJ8,TSRYS5875649,D,S,T,2024-09-16,1000000.00,3.527598,101.359375
08:02:22,91282CLJ8,TSRYS5875649,D,S,T,2024-09-16,1000000.00,3.527598,101.359375
08:02:22,91282CLJ8,TSRYS5875649,D,S,T,2024-09-16,1000000.00,3.527598,101.359375
08:02:22,91282CLJ8,TSRYS5875649,D,S,T,2024-09-16,1000000.00,3.527598,101.359375
08:02:22,91282CLJ8,TSRYS5875649,D,S,T,2024-09-16,1000000.00,3.527598,101.359375
08:02:22,91282CLJ8,TSRYS5875649,D,S,T,2024-09-16,1000000.00,3.527598,101.359375
08:02:22,91282CLJ8,TSRYS5875649,D,S,T,2024-09-16,1000000.00,3.527598,101.359375
08:02:22,91282CLJ8,TSRYS5875649,D,S,T,2024-09-16,1000000.00,3.527598,101.359375
08:02:22,91282CLJ8,TSRYS5875649,D,S,T,2024-09-16,4000000.00,3.527598,101.359375
08:02:22,91282CLJ8,TSRYS5875649,D,S,T,2024-09-16,1000000.00,3.527598,101.359375
08:02:22,91282CLJ8,TSRYS5875649,D,S,T,2024-09-16,1000000.00,3.527598,101.359375
08:02:22,91282CLJ8,TSRYS5875649,D,S,T,2024-09-16,1000000.00,3.527598,101.359375
08:02:22,91282CLJ8,TSRYS5875649,D,S,T,2024-09-16,1000000.00,3.527598,101.359375
08:02:22,91282CLJ8,TSRYS5875649,D,S,T,2024-09-16,1000000.00,3.527598,101.359375
08:02:22,91282CLJ8,TSRYS5875649,D,S,T,2024-09-16,1000000.00,3.527598,101.359375
08:02:22,91282CLJ8,TSRYS5875649,D,S,T,2024-09-16,1000000.00,3.527598,101.359375
08:02:22,91282CLJ8,TSRYS5875649,D,S,T,2024-09-16,1000000.00,3.527598,101.359375
08:02:22,91282CLJ8,TSRYS5875649,D,S,T,2024-09-16,1000000.00,3.527598,101.359375
08:02:22,91282CLJ8,TSRYS5875649,D,B,C,2024-09-16,5735000.00,3.515381,101.43359375
08:02:22,91282CLJ8,TSRYS5875649,D,S,T,2024-09-16,1000000.00,3.507975,101.48046875
08:02:22,91282CLJ8,TSRYS5875649,D,S,T,2024-09-16,1000000.00,3.507975,101.48046875
08:02:23,91282CLJ8,TSRYS5875649,D,S,C,2024-09-16,1000000.00,3.513669,101.4453125
08:02:23,91282CLJ8,TSRYS5875649,D,S,C,2024-09-16,1000000.00,3.514935,101.4375
08:02:23,91282CLJ8,TSRYS5875649,D,S,C,2024-09-16,1000000.00,3.514935,101.4375
08:02:23,91282CLJ8,TSRYS5875649,D,S,C,2024-09-16,1000000.00,3.514887,101.4378
08:02:24,91282CLJ8,TSRYS5875649,D,B,C,2024-09-16,1000000.00,3.511171,101.4607375
08:02:24,91282CLJ8,TSRYS5875649,D,S,C,2024-09-16,1000000.00,3.511138,101.4609375
08:02:25,91282CLJ8,TSRYS5875649,D,S,D,2024-09-16,1000000.00,3.509873,101.46875
08:02:25,91282CLJ8,TSRYS5875649,D,S,T,2024-09-16,1000000.00,3.507343,101.484375
08:02:25,91282CLJ8,TSRYS5875649,D,S,T,2024-09-16,1000000.00,3.507343,101.484375
08:02:25,91282CLJ8,TSRYS5875649,D,S,D,2024-09-16,1000000.00,3.509857,101.468852
08:02:25,91282CLJ8,TSRYS5875649,D,S,D,2024-09-16,1000000.00,3.509857,101.468852
08:02:25,91282CLJ8,TSRYS5875649,D,S,D,2024-09-16,1000000.00,3.509857,101.468852
08:02:25,91282CLJ8,TSRYS5875649,D,S,D,2024-09-16,1000000.00,3.509857,101.468852
08:02:25,91282CLJ8,TSRYS5875649,D,B,C,2024-09-16,1000000.00,3.509873,101.46875
08:02:25,91282CLJ8,TSRYS5875649,D,B,C,2024-09-16,1000000.00,3.509873,101.46875
08:02:25,91282CLJ8,TSRYS5875649,D,S,D,2024-09-16,1000000.00,3.509857,101.468852
08:02:25,91282CLJ8,TSRYS5875649,D,B,C,2024-09-16,1000000.00,3.50864,101.4763625
08:02:25,91282CLJ8,TSRYS5875649,D,S,D,2024-09-16,1000000.00,3.508587,101.4766925
08:02:25,91282CLJ8,TSRYS5875649,D,S,C,2024-09-16,1000000.00,3.508608,101.4765625
08:02:25,91282CLJ8,TSRYS5875649,D,S,D,2024-09-16,1000000.00,3.508587,101.4766925
08:02:25,91282CLJ8,TSRYS5875649,D,S,D,2024-09-16,1000000.00,3.508587,101.4766925
08:02:25,91282CLJ8,TSRYS5875649,D,S,D,2024-09-16,1000000.00,3.508587,101.4766925
08:02:25,91282CLJ8,TSRYS5875649,D,S,D,2024-09-16,1000000.00,3.508587,101.4766925
08:02:25,91282CLJ8,TSRYS5875649,D,S,D,2024-09-16,1000000.00,3.508587,101.4766925
08:02:25,91282CLJ8,TSRYS5875649,D,B,C,2024-09-16,1000000.00,3.508648,101.4763125
08:02:25,91282CLJ8,TSRYS5875649,D,B,C,2024-09-16,1000000.00,3.508648,101.4763125
08:02:25,91282CLJ8,TSRYS5875649,D,S,D,2024-09-16,1000000.00,3.507322,101.484505
08:02:25,91282CLJ8,TSRYS5875649,D,B,C,2024-09-16,1000000.00,3.507343,101.484375
08:02:25,91282CLJ8,TSRYS5875649,D,S,D,2024-09-16,1000000.00,3.507322,101.484505
08:02:26,91282CLJ8,TSRYS5875649,D,S,D,2024-09-16,1000000.00,3.509857,101.468852
08:02:26,91282CLJ8,TSRYS5875649,D,S,D,2024-09-16,2000000.00,3.509857,101.468852
08:02:26,91282CLJ8,TSRYS5875649,D,S,D,2024-09-16,1000000.00,3.509857,101.468852
08:02:26,91282CLJ8,TSRYS5875649,D,S,D,2024-09-16,1000000.00,3.509852,101.46888
08:02:26,91282CLJ8,TSRYS5875649,D,S,D,2024-09-16,1000000.00,3.509852,101.46888
08:02:26,91282CLJ8,TSRYS5875649,D,B,C,2024-09-16,1000000.00,3.509873,101.46875
08:02:26,91282CLJ8,TSRYS5875649,D,S,D,2024-09-16,1000000.00,3.509857,101.468852
08:02:26,91282CLJ8,TSRYS5875649,D,S,D,2024-09-16,1000000.00,3.509857,101.468852
08:02:26,91282CLJ8,TSRYS5875649,D,B,C,2024-09-16,1000000.00,3.509873,101.46875
08:02:27,91282CLJ8,TSRYS5875649,D,S,D,2024-09-16,1000000.00,3.512404,101.453125
08:02:28,91282CLJ8,TSRYS5875649,D,S,D,2024-09-16,1000000.00,3.511117,101.4610675
08:02:28,91282CLJ8,TSRYS5875649,D,S,D,2024-09-16,1000000.00,3.511117,101.4610675
08:02:28,91282CLJ8,TSRYS5875649,D,B,C,2024-09-16,1000000.00,3.511138,101.4609375
08:02:28,91282CLJ8,TSRYS5875649,D,S,D,2024-09-16,1000000.00,3.511117,101.4610675
08:02:29,91282CLJ8,TSRYS5875649,D,B,C,2024-09-16,1000000.00,3.511167,101.4607625
08:02:29,91282CLJ8,TSRYS5875649,D,S,C,2024-09-16,1000000.00,3.511138,101.4609375
08:02:29,91282CLJ8,TSRYS5875649,D,B,C,2024-09-16,1000000.00,3.511167,101.4607625
08:02:29,91282CLJ8,TSRYS5875649,D,S,D,2024-09-16,1000000.00,3.511138,101.4609375
08:02:31,91282CLJ8,TSRYS5875649,D,B,C,2024-09-16,10000000.00,3.523165,101.38671875
08:02:31,91282CLJ8,TSRYS5875649,D,S,T,2024-09-16,10000000.00,3.522532,101.390625
08:02:32,91282CLJ8,TSRYS5875649,D,S,C,2024-09-16,2000000.00,3.514903,101.4377
08:02:32,91282CLJ8,TSRYS5875649,D,S,C,2024-09-16,1000000.00,3.514903,101.4377
08:02:32,91282CLJ8,TSRYS5875649,D,B,C,2024-09-16,1000000.00,3.514935,101.4375
08:02:32,91282CLJ8,TSRYS5875649,D,B,C,2024-09-16,2000000.00,3.514959,101.43735
08:02:32,91282CLJ8,TSRYS5875649,D,B,C,2024-09-16,1000000.00,3.514951,101.4374
08:02:32,91282CLJ8,TSRYS5875649,D,S,D,2024-09-16,1000000.00,3.514935,101.4375
08:02:32,91282CLJ8,TSRYS5875649,D,B,C,2024-09-16,1000000.00,3.514976,101.43725
08:02:32,91282CLJ8,TSRYS5875649,D,B,C,2024-09-16,1000000.00,3.514935,101.4375
08:02:32,91282CLJ8,TSRYS5875649,D,S,D,2024-09-16,2000000.00,3.514935,101.4375
08:02:32,91282CLJ8,TSRYS5875649,D,S,D,2024-09-16,2000000.00,3.514935,101.4375
08:02:32,91282CLJ8,TSRYS5875649,D,S,C,2024-09-16,1000000.00,3.514935,101.4375
08:02:32,91282CLJ8,TSRYS5875649,D,S,D,2024-09-16,1000000.00,3.514935,101.4375
08:02:32,91282CLJ8,TSRYS5875649,D,B,C,2024-09-16,2000000.00,3.514935,101.4375
08:02:32,91282CLJ8,TSRYS5875649,D,B,C,2024-09-16,1000000.00,3.514935,101.4375
08:02:32,91282CLJ8,TSRYS5875649,D,S,D,2024-09-16,1000000.00,3.514935,101.4375
08:02:33,91282CLJ8,TSRYS5875649,D,S,T,2024-09-16,1000000.00,3.517488,101.421745
08:02:33,91282CLJ8,TSRYS5875649,D,B,C,2024-09-16,2000000.00,3.514959,101.43735
08:02:34,91282CLJ8,TSRYS5875649,D,B,C,2024-09-16,1000000.00,3.516201,101.4296875
08:02:34,91282CLJ8,TSRYS5875649,D,S,D,2024-09-16,1000000.00,3.516201,101.4296875
08:02:34,91282CLJ8,TSRYS5875649,D,S,C,2024-09-16,1000000.00,3.517443,101.422025
08:02:35,91282CLJ8,TSRYS5875649,D,S,C,2024-09-16,1000000.00,3.517443,101.422025
08:02:35,91282CLJ8,TSRYS5875649,D,S,D,2024-09-16,1000000.00,3.517467,101.421875
08:02:35,91282CLJ8,TSRYS5875649,D,B,C,2024-09-16,1000000.00,3.517467,101.421875
08:02:35,91282CLJ8,TSRYS5875649,D,S,C,2024-09-16,1000000.00,3.517467,101.421875
08:02:36,91282CLJ8,TSRYS5875649,D,B,C,2024-09-16,1000000.00,3.518733,101.4140625
08:02:36,91282CLJ8,TSRYS5875649,D,S,D,2024-09-16,1000000.00,3.518733,101.4140625
08:02:36,91282CLJ8,TSRYS5875649,D,S,D,2024-09-16,1000000.00,3.518733,101.4140625
08:02:36,91282CLJ8,TSRYS5875649,D,S,T,2024-09-16,1000000.00,3.508608,101.4765625
08:02:36,91282CLJ8,TSRYS5875649,D,S,T,2024-09-16,1000000.00,3.507343,101.484375
08:02:36,91282CLJ8,TSRYS5875649,D,S,T,2024-09-16,1000000.00,3.507343,101.484375
08:02:37,91282CLJ8,TSRYS5875649,D,S,C,2024-09-16,1000000.00,3.519975,101.4064
08:02:37,91282CLJ8,TSRYS5875649,D,S,C,2024-09-16,1000000.00,3.507343,101.484375
08:02:37,91282CLJ8,TSRYS5875649,D,B,C,2024-09-16,1000000.00,3.507343,101.484375
08:02:37,91282CLJ8,TSRYS5875649,D,S,D,2024-09-16,1000000.00,3.507343,101.484375
08:02:37,91282CLJ8,TSRYS5875649,D,S,D,2024-09-16,1000000.00,3.507343,101.484375
08:02:37,91282CLJ8,TSRYS5875649,D,S,D,2024-09-16,1000000.00,3.507343,101.484375
08:02:38,91282CLJ8,TSRYS5875649,D,S,D,2024-09-16,1000000.00,3.517467,101.421875
08:02:38,91282CLJ8,TSRYS5875649,D,S,D,2024-09-16,1000000.00,3.516201,101.4296875
08:02:39,91282CLJ8,TSRYS5875649,D,S,C,2024-09-16,1000000.00,3.519971,101.406425
08:02:39,91282CLJ8,TSRYS5875649,D,S,D,2024-09-16,1000000.00,3.519999,101.40625
08:02:39,91282CLJ8,TSRYS5875649,D,B,C,2024-09-16,1000000.00,3.520023,101.4061
08:02:39,91282CLJ8,TSRYS5875649,D,S,C,2024-09-16,1000000.00,3.519958,101.4065
08:02:39,91282CLJ8,TSRYS5875649,D,B,C,2024-09-16,1000000.00,3.520023,101.4061
08:02:39,91282CLJ8,TSRYS5875649,D,B,C,2024-09-16,1000000.00,3.520023,101.4061
08:02:39,91282CLJ8,TSRYS5875649,D,B,C,2024-09-16,1000000.00,3.518733,101.4140625
08:02:39,91282CLJ8,TSRYS5875649,D,S,C,2024-09-16,1000000.00,3.518733,101.4140625
08:02:40,91282CLJ8,TSRYS5875649,D,B,C,2024-09-16,1000000.00,3.517495,101.4217
08:02:40,91282CLJ8,TSRYS5875649,D,S,C,2024-09-16,1000000.00,3.517467,101.421875
08:02:40,91282CLJ8,TSRYS5875649,D,B,C,2024-09-16,1000000.00,3.517495,101.4217
08:02:40,91282CLJ8,TSRYS5875649,D,B,C,2024-09-16,1000000.00,3.517495,101.4217
08:02:40,91282CLJ8,TSRYS5875649,D,S,C,2024-09-16,1000000.00,3.517467,101.421875
08:02:40,91282CLJ8,TSRYS5875649,D,S,D,2024-09-16,1000000.00,3.517467,101.421875
08:02:41,91282CLJ8,TSRYS5875649,D,S,C,2024-09-16,1000000.00,3.508608,101.4765625
08:02:41,91282CLJ8,TSRYS5875649,D,S,D,2024-09-16,1000000.00,3.516201,101.4296875
08:02:41,91282CLJ8,TSRYS5875649,D,S,D,2024-09-16,1000000.00,3.516201,101.4296875
08:02:41,91282CLJ8,TSRYS5875649,D,B,C,2024-09-16,1000000.00,3.51625,101.4293875
08:02:41,91282CLJ8,TSRYS5875649,D,S,D,2024-09-16,1000000.00,3.51618,101.4298175
08:02:42,91282CLJ8,TSRYS5875649,D,S,D,2024-09-16,1000000.00,3.512404,101.453125
08:02:42,91282CLJ8,TSRYS5875649,D,S,C,2024-09-16,1000000.00,3.511138,101.4609375
08:02:42,91282CLJ8,TSRYS5875649,D,B,C,2024-09-16,1000000.00,3.512436,101.452925
08:02:42,91282CLJ8,TSRYS5875649,D,S,D,2024-09-16,1000000.00,3.512404,101.453125
08:02:43,91282CLJ8,TSRYS5875649,D,S,C,2024-09-16,1000000.00,3.511102,101.4611625
08:02:43,91282CLJ8,TSRYS5875649,D,S,C,2024-09-16,1000000.00,3.511138,101.4609375
08:02:43,91282CLJ8,TSRYS5875649,D,B,C,2024-09-16,1000000.00,3.509922,101.46845
08:02:43,91282CLJ8,TSRYS5875649,D,S,D,2024-09-16,1000000.00,3.509873,101.46875
08:02:43,91282CLJ8,TSRYS5875649,D,B,C,2024-09-16,1000000.00,3.509873,101.46875
08:02:43,91282CLJ8,TSRYS5875649,D,S,D,2024-09-16,1000000.00,3.509873,101.46875
08:02:43,91282CLJ8,TSRYS5875649,D,B,C,2024-09-16,1000000.00,3.509873,101.46875
08:02:43,91282CLJ8,TSRYS5875649,D,S,D,2024-09-16,1000000.00,3.509852,101.46888
08:02:43,91282CLJ8,TSRYS5875649,D,S,D,2024-09-16,1000000.00,3.512404,101.453125
08:02:43,91282CLJ8,TSRYS5875649,D,B,C,2024-09-16,1000000.00,3.511171,101.4607375
08:02:43,91282CLJ8,TSRYS5875649,D,S,C,2024-09-16,1000000.00,3.511098,101.4611875
08:02:44,91282CLJ8,TSRYS5875649,D,S,D,2024-09-16,1000000.00,3.509873,101.46875
08:02:44,91282CLJ8,TSRYS5875649,D,S,C,2024-09-16,1000000.00,3.51238,101.453275
08:02:44,91282CLJ8,TSRYS5875649,D,S,D,2024-09-16,1000000.00,3.512404,101.453125
08:02:44,91282CLJ8,TSRYS5875649,D,S,D,2024-09-16,1000000.00,3.512404,101.453125
08:02:44,91282CLJ8,TSRYS5875649,D,S,C,2024-09-16,1000000.00,3.512376,101.4533
08:02:44,91282CLJ8,TSRYS5875649,D,S,D,2024-09-16,1000000.00,3.512404,101.453125
08:02:45,91282CLJ8,TSRYS5875649,D,B,C,2024-09-16,1000000.00,3.511187,101.4606375
08:02:45,91282CLJ8,TSRYS5875649,D,S,C,2024-09-16,1000000.00,3.511106,101.4611375
08:02:45,91282CLJ8,TSRYS5875649,D,S,C,2024-09-16,1000000.00,3.511106,101.4611375
08:02:45,91282CLJ8,TSRYS5875649,D,B,C,2024-09-16,1000000.00,3.511187,101.4606375
08:02:45,91282CLJ8,TSRYS5875649,D,S,D,2024-09-16,1000000.00,3.511138,101.4609375
08:02:45,91282CLJ8,TSRYS5875649,D,B,C,2024-09-16,1000000.00,3.511171,101.4607375
08:02:45,91282CLJ8,TSRYS5875649,D,S,D,2024-09-16,1000000.00,3.511138,101.4609375
08:02:45,91282CLJ8,TSRYS5875649,D,B,C,2024-09-16,1000000.00,3.511138,101.4609375
08:02:45,91282CLJ8,TSRYS5875649,D,S,D,2024-09-16,1000000.00,3.511138,101.4609375
08:02:45,91282CLJ8,TSRYS5875649,D,S,D,2024-09-16,1000000.00,3.513669,101.4453125
08:02:45,91282CLJ8,TSRYS5875649,D,S,D,2024-09-16,1000000.00,3.514935,101.4375
08:02:45,91282CLJ8,TSRYS5875649,D,B,C,2024-09-16,1000000.00,3.514984,101.4372
08:02:46,91282CLJ8,TSRYS5875649,D,B,C,2024-09-16,1000000.00,3.513702,101.4451125
08:02:46,91282CLJ8,TSRYS5875649,D,S,D,2024-09-16,1000000.00,3.513669,101.4453125
08:02:46,91282CLJ8,TSRYS5875649,D,S,D,2024-09-16,1000000.00,3.513669,101.4453125
08:02:46,91282CLJ8,TSRYS5875649,D,S,D,2024-09-16,986000.00,3.50671,101.48828125
08:02:46,91282CLJ8,TSRYS5875649,D,B,C,2024-09-16,1000000.00,3.514984,101.4372
08:02:46,91282CLJ8,TSRYS5875649,D,S,D,2024-09-16,1000000.00,3.514935,101.4375
08:02:46,91282CLJ8,TSRYS5875649,D,S,D,2024-09-16,1000000.00,3.514914,101.43763
08:02:47,91282CLJ8,TSRYS5875649,D,B,C,2024-09-16,1000000.00,3.513718,101.4450125
08:02:47,91282CLJ8,TSRYS5875649,D,S,D,2024-09-16,1000000.00,3.513669,101.4453125
08:02:47,91282CLJ8,TSRYS5875649,D,B,C,2024-09-16,1000000.00,3.513718,101.4450125
08:02:47,91282CLJ8,TSRYS5875649,D,S,D,2024-09-16,1000000.00,3.513669,101.4453125
08:02:47,91282CLJ8,TSRYS5875649,D,B,C,2024-09-16,1000000.00,3.513669,101.4453125
08:02:47,91282CLJ8,TSRYS5875649,D,S,D,2024-09-16,1000000.00,3.513669,101.4453125
08:02:47,91282CLJ8,TSRYS5875649,D,S,D,2024-09-16,1000000.00,3.513669,101.4453125
08:02:47,91282CLJ8,TSRYS5875649,D,S,D,2024-09-16,1000000.00,3.513669,101.4453125
08:02:47,91282CLJ8,TSRYS5875649,D,B,C,2024-09-16,1000000.00,3.513702,101.4451125
08:02:47,91282CLJ8,TSRYS5875649,D,S,D,2024-09-16,1000000.00,3.513669,101.4453125
08:02:47,91282CLJ8,TSRYS5875649,D,B,C,2024-09-16,1000000.00,3.513694,101.4451625
08:02:47,91282CLJ8,TSRYS5875649,D,S,D,2024-09-16,1000000.00,3.513669,101.4453125
08:02:47,91282CLJ8,TSRYS5875649,D,S,D,2024-09-16,1000000.00,3.513669,101.4453125
08:02:47,91282CLJ8,TSRYS5875649,D,S,D,2024-09-16,1000000.00,3.513669,101.4453125
08:02:47,91282CLJ8,TSRYS5875649,D,S,D,2024-09-16,1000000.00,3.513669,101.4453125
08:02:47,91282CLJ8,TSRYS5875649,D,S,D,2024-09-16,1000000.00,3.513669,101.4453125
08:02:47,91282CLJ8,TSRYS5875649,D,S,D,2024-09-16,1000000.00,3.513669,101.4453125
08:02:47,91282CLJ8,TSRYS5875649,D,B,C,2024-09-16,1000000.00,3.51371,101.4450625
08:02:47,91282CLJ8,TSRYS5875649,D,S,D,2024-09-16,1000000.00,3.513669,101.4453125
08:02:47,91282CLJ8,TSRYS5875649,D,S,D,2024-09-16,1000000.00,3.513669,101.4453125
08:02:47,91282CLJ8,TSRYS5875649,D,S,D,2024-09-16,1000000.00,3.513669,101.4453125
08:02:47,91282CLJ8,TSRYS5875649,D,B,C,2024-09-16,1000000.00,3.513669,101.4453125
08:02:47,91282CLJ8,TSRYS5875649,D,S,D,2024-09-16,1000000.00,3.513669,101.4453125
08:02:47,91282CLJ8,TSRYS5875649,D,S,D,2024-09-16,1000000.00,3.513669,101.4453125
08:02:47,91282CLJ8,TSRYS5875649,D,B,C,2024-09-16,1000000.00,3.512404,101.453125
08:02:47,91282CLJ8,TSRYS5875649,D,S,D,2024-09-16,1000000.00,3.512404,101.453125
08:02:48,91282CLJ8,TSRYS5875649,D,S,D,2024-09-16,1000000.00,3.512404,101.453125
08:02:48,91282CLJ8,TSRYS5875649,D,S,D,2024-09-16,2000000.00,3.512383,101.453255
08:02:48,91282CLJ8,TSRYS5875649,D,S,D,2024-09-16,1000000.00,3.512404,101.453125
08:02:48,91282CLJ8,TSRYS5875649,D,S,D,2024-09-16,1000000.00,3.512404,101.453125
08:02:48,91282CLJ8,TSRYS5875649,D,S,D,2024-09-16,1000000.00,3.512404,101.453125
08:02:48,91282CLJ8,TSRYS5875649,D,S,D,2024-09-16,1000000.00,3.512404,101.453125
08:02:48,91282CLJ8,TSRYS5875649,D,B,C,2024-09-16,1000000.00,3.512404,101.453125
08:02:48,91282CLJ8,TSRYS5875649,D,S,D,2024-09-16,1000000.00,3.512404,101.453125
08:02:48,91282CLJ8,TSRYS5875649,D,B,C,2024-09-16,1000000.00,3.512404,101.453125
08:02:48,91282CLJ8,TSRYS5875649,D,B,C,2024-09-16,1000000.00,3.512404,101.453125
08:02:48,91282CLJ8,TSRYS5875649,D,S,D,2024-09-16,1000000.00,3.512383,101.453255
08:02:48,91282CLJ8,TSRYS5875649,D,S,D,2024-09-16,1000000.00,3.512404,101.453125
08:02:48,91282CLJ8,TSRYS5875649,D,S,D,2024-09-16,1000000.00,3.512404,101.453125
08:02:48,91282CLJ8,TSRYS5875649,D,S,D,2024-09-16,1000000.00,3.512383,101.453255
08:02:48,91282CLJ8,TSRYS5875649,D,S,D,2024-09-16,1000000.00,3.512383,101.453255
08:02:48,91282CLJ8,TSRYS5875649,D,S,D,2024-09-16,1000000.00,3.512383,101.453255
08:02:48,91282CLJ8,TSRYS5875649,D,S,D,2024-09-16,1000000.00,3.512383,101.453255
08:02:48,91282CLJ8,TSRYS5875649,D,B,C,2024-09-16,1000000.00,3.513702,101.4451125
08:02:48,91282CLJ8,TSRYS5875649,D,S,D,2024-09-16,1000000.00,3.513669,101.4453125
08:02:48,91282CLJ8,TSRYS5875649,D,B,C,2024-09-16,1000000.00,3.513669,101.4453125
08:02:48,91282CLJ8,TSRYS5875649,D,S,D,2024-09-16,1000000.00,3.513669,101.4453125
08:02:48,91282CLJ8,TSRYS5875649,D,B,C,2024-09-16,1000000.00,3.512453,101.452825
08:02:48,91282CLJ8,TSRYS5875649,D,S,D,2024-09-16,1000000.00,3.512404,101.453125
08:02:48,91282CLJ8,TSRYS5875649,D,B,C,2024-09-16,1000000.00,3.512453,101.452825
08:02:48,91282CLJ8,TSRYS5875649,D,S,D,2024-09-16,1000000.00,3.512404,101.453125
08:02:49,91282CLJ8,TSRYS5875649,D,S,D,2024-09-16,1000000.00,3.512383,101.453255
08:02:49,91282CLJ8,TSRYS5875649,D,S,D,2024-09-16,1000000.00,3.512383,101.453255
08:02:49,91282CLJ8,TSRYS5875649,D,S,D,2024-09-16,1000000.00,3.512379,101.453277
08:02:49,91282CLJ8,TSRYS5875649,D,B,C,2024-09-16,1000000.00,3.512444,101.452875
08:02:49,91282CLJ8,TSRYS5875649,D,S,D,2024-09-16,1000000.00,3.513669,101.4453125
08:02:49,91282CLJ8,TSRYS5875649,D,B,C,2024-09-16,1000000.00,3.513669,101.4453125
08:02:49,91282CLJ8,TSRYS5875649,D,S,C,2024-09-16,1000000.00,3.513669,101.4453125
08:02:49,91282CLJ8,TSRYS5875649,D,S,C,2024-09-16,1000000.00,3.513669,101.4453125
08:02:49,91282CLJ8,TSRYS5875649,D,B,C,2024-09-16,1000000.00,3.513718,101.4450125
08:02:49,91282CLJ8,TSRYS5875649,D,B,C,2024-09-16,1000000.00,3.513718,101.4450125
08:02:49,91282CLJ8,TSRYS5875649,D,S,C,2024-09-16,1000000.00,3.513669,101.4453125
08:02:49,91282CLJ8,TSRYS5875649,D,B,C,2024-09-16,1000000.00,3.513718,101.4450125
08:02:49,91282CLJ8,TSRYS5875649,D,S,D,2024-09-16,1000000.00,3.513669,101.4453125
08:02:49,91282CLJ8,TSRYS5875649,D,B,C,2024-09-16,1000000.00,3.513669,101.4453125
08:02:49,91282CLJ8,TSRYS5875649,D,B,C,2024-09-16,1000000.00,3.513718,101.4450125
08:02:49,91282CLJ8,TSRYS5875649,D,S,D,2024-09-16,1000000.00,3.513669,101.4453125
08:02:50,91282CLJ8,TSRYS5875649,D,B,C,2024-09-16,1000000.00,3.514984,101.4372
08:02:50,91282CLJ8,TSRYS5875649,D,S,D,2024-09-16,1000000.00,3.514935,101.4375
08:02:50,91282CLJ8,TSRYS5875649,D,S,D,2024-09-16,1000000.00,3.513669,101.4453125
08:02:50,91282CLJ8,TSRYS5875649,D,B,C,2024-09-16,1000000.00,3.513718,101.4450125
08:02:50,91282CLJ8,TSRYS5875649,D,S,D,2024-09-16,1000000.00,3.513669,101.4453125
08:02:50,91282CLJ8,TSRYS5875649,D,B,C,2024-09-16,1000000.00,3.513718,101.4450125
08:02:50,91282CLJ8,TSRYS5875649,D,S,D,2024-09-16,1000000.00,3.512404,101.453125
08:02:50,91282CLJ8,TSRYS5875649,D,S,D,2024-09-16,1000000.00,3.514935,101.4375
08:02:50,91282CLJ8,TSRYS5875649,D,B,C,2024-09-16,1000000.00,3.513718,101.4450125
08:02:50,91282CLJ8,TSRYS5875649,D,S,D,2024-09-16,1000000.00,3.513669,101.4453125
08:02:50,91282CLJ8,TSRYS5875649,D,S,D,2024-09-16,1000000.00,3.514935,101.4375
08:02:50,91282CLJ8,TSRYS5875649,D,S,C,2024-09-16,1000000.00,3.514907,101.437675
08:02:51,91282CLJ8,TSRYS5875649,D,S,C,2024-09-16,1000000.00,3.516169,101.4298875
08:02:51,91282CLJ8,TSRYS5875649,D,B,C,2024-09-16,1000000.00,3.51625,101.4293875
08:02:51,91282CLJ8,TSRYS5875649,D,S,C,2024-09-16,1000000.00,3.516169,101.4298875
08:02:51,91282CLJ8,TSRYS5875649,D,B,C,2024-09-16,1000000.00,3.51625,101.4293875
08:02:51,91282CLJ8,TSRYS5875649,D,S,D,2024-09-16,1000000.00,3.514935,101.4375
08:02:51,91282CLJ8,TSRYS5875649,D,S,D,2024-09-16,1000000.00,3.514935,101.4375
08:02:51,91282CLJ8,TSRYS5875649,D,S,D,2024-09-16,1000000.00,3.514935,101.4375
08:02:51,91282CLJ8,TSRYS5875649,D,B,C,2024-09-16,1000000.00,3.514935,101.4375
08:02:52,91282CLJ8,TSRYS5875649,D,S,C,2024-09-16,1000000.00,3.517438,101.42205
08:02:52,91282CLJ8,TSRYS5875649,D,S,C,2024-09-16,1000000.00,3.517438,101.42205
08:02:52,91282CLJ8,TSRYS5875649,D,S,D,2024-09-16,1000000.00,3.517467,101.421875
08:02:52,91282CLJ8,TSRYS5875649,D,B,C,2024-09-16,1000000.00,3.517467,101.421875
08:02:52,91282CLJ8,TSRYS5875649,D,B,C,2024-09-16,1000000.00,3.517467,101.421875
08:02:52,91282CLJ8,TSRYS5875649,D,S,C,2024-09-16,1000000.00,3.517467,101.421875
08:02:52,91282CLJ8,TSRYS5875649,D,S,C,2024-09-16,1000000.00,3.517467,101.421875
08:02:52,91282CLJ8,TSRYS5875649,D,B,C,2024-09-16,1000000.00,3.517467,101.421875
08:02:52,91282CLJ8,TSRYS5875649,D,S,C,2024-09-16,1000000.00,3.517467,101.421875
08:02:52,91282CLJ8,TSRYS5875649,D,S,D,2024-09-16,1000000.00,3.517467,101.421875
08:02:52,91282CLJ8,TSRYS5875649,D,S,D,2024-09-16,1000000.00,3.517467,101.421875
08:02:52,91282CLJ8,TSRYS5875649,D,B,C,2024-09-16,1000000.00,3.517515,101.421575
08:02:53,91282CLJ8,TSRYS5875649,D,S,D,2024-09-16,1000000.00,3.517467,101.421875
08:02:53,91282CLJ8,TSRYS5875649,D,S,D,2024-09-16,1000000.00,3.517467,101.421875
08:02:53,91282CLJ8,TSRYS5875649,D,B,C,2024-09-16,1000000.00,3.517515,101.421575
08:02:53,91282CLJ8,TSRYS5875649,D,S,D,2024-09-16,1000000.00,3.516201,101.4296875
08:02:53,91282CLJ8,TSRYS5875649,D,S,D,2024-09-16,1000000.00,3.516201,101.4296875
08:02:53,91282CLJ8,TSRYS5875649,D,S,C,2024-09-16,1000000.00,3.514935,101.4375
08:02:53,91282CLJ8,TSRYS5875649,D,B,C,2024-09-16,1000000.00,3.514984,101.4372
08:02:53,91282CLJ8,TSRYS5875649,D,B,C,2024-09-16,1000000.00,3.514976,101.43725
08:02:53,91282CLJ8,TSRYS5875649,D,S,D,2024-09-16,1000000.00,3.514935,101.4375
08:02:53,91282CLJ8,TSRYS5875649,D,S,C,2024-09-16,1000000.00,3.513669,101.4453125
08:02:53,91282CLJ8,TSRYS5875649,D,S,D,2024-09-16,1000000.00,3.513669,101.4453125
08:02:53,91282CLJ8,TSRYS5875649,D,S,C,2024-09-16,1000000.00,3.513669,101.4453125
08:02:53,91282CLJ8,TSRYS5875649,D,S,C,2024-09-16,1000000.00,3.513637,101.4455125
08:02:53,91282CLJ8,TSRYS5875649,D,S,C,2024-09-16,1000000.00,3.513669,101.4453125
08:02:54,91282CLJ8,TSRYS5875649,D,S,D,2024-09-16,1000000.00,3.514935,101.4375
08:02:54,91282CLJ8,TSRYS5875649,D,S,D,2024-09-16,1000000.00,3.516201,101.4296875
08:02:54,91282CLJ8,TSRYS5875649,D,B,C,2024-09-16,1000000.00,3.516201,101.4296875
08:02:54,91282CLJ8,TSRYS5875649,D,B,C,2024-09-16,1000000.00,3.516201,101.4296875
08:02:54,91282CLJ8,TSRYS5875649,D,S,D,2024-09-16,1000000.00,3.516201,101.4296875
08:02:54,91282CLJ8,TSRYS5875649,D,S,D,2024-09-16,1000000.00,3.516201,101.4296875
08:02:54,91282CLJ8,TSRYS5875649,D,B,C,2024-09-16,1000000.00,3.516201,101.4296875
08:02:54,91282CLJ8,TSRYS5875649,D,B,C,2024-09-16,1000000.00,3.521265,101.3984375
08:02:54,91282CLJ8,TSRYS5875649,D,S,C,2024-09-16,1000000.00,3.521225,101.3986875
08:02:55,91282CLJ8,TSRYS5875649,D,B,C,2024-09-16,1000000.00,3.522532,101.390625
08:02:55,91282CLJ8,TSRYS5875649,D,S,C,2024-09-16,1000000.00,3.522503,101.3908
08:02:55,91282CLJ8,TSRYS5875649,D,B,C,2024-09-16,2000000.00,3.522532,101.390625
08:02:55,91282CLJ8,TSRYS5875649,D,S,C,2024-09-16,1000000.00,3.522507,101.390775
08:02:55,91282CLJ8,TSRYS5875649,D,B,C,2024-09-16,3000000.00,3.522532,101.390625
08:02:55,91282CLJ8,TSRYS5875649,D,B,C,2024-09-16,1000000.00,3.522532,101.390625
08:02:55,91282CLJ8,TSRYS5875649,D,B,C,2024-09-16,1000000.00,3.522532,101.390625
08:02:55,91282CLJ8,TSRYS5875649,D,S,C,2024-09-16,2000000.00,3.522507,101.390775
08:02:55,91282CLJ8,TSRYS5875649,D,S,C,2024-09-16,1000000.00,3.522499,101.390825
08:02:55,91282CLJ8,TSRYS5875649,D,S,C,2024-09-16,3000000.00,3.522491,101.390875
08:02:55,91282CLJ8,TSRYS5875649,D,B,C,2024-09-16,1000000.00,3.522532,101.390625
08:02:55,91282CLJ8,TSRYS5875649,D,S,C,2024-09-16,1000000.00,3.522503,101.3908
08:02:55,91282CLJ8,TSRYS5875649,D,B,C,2024-09-16,1000000.00,3.522532,101.390625
08:02:55,91282CLJ8,TSRYS5875649,D,S,D,2024-09-16,1000000.00,3.522532,101.390625
08:02:55,91282CLJ8,TSRYS5875649,D,S,C,2024-09-16,1000000.00,3.523782,101.3829125
08:02:55,91282CLJ8,TSRYS5875649,D,B,C,2024-09-16,1000000.00,3.523798,101.3828125
08:02:55,91282CLJ8,TSRYS5875649,D,S,D,2024-09-16,1000000.00,3.522532,101.390625
08:02:55,91282CLJ8,TSRYS5875649,D,S,D,2024-09-16,1000000.00,3.522532,101.390625
08:02:55,91282CLJ8,TSRYS5875649,D,B,C,2024-09-16,1000000.00,3.522572,101.390375
08:02:55,91282CLJ8,TSRYS5875649,D,B,C,2024-09-16,1000000.00,3.522572,101.390375
