tradeTime,cusip,issueSymbolIdentifier,priceType,reportingSideCode,contraPartyTypeCode,tradeDate,reportedTradeVolume,lastSaleYield,lastSalePrice
08:00:03,91282CLM1,TSRYS5893517,D,S,D,2024-10-25,1000000.00,4.110901,97.095703125
08:00:03,91282CLM1,TSRYS5893517,D,S,D,2024-10-25,1000000.00,4.108905,97.107421875
08:00:03,91282CLM1,TSRYS5893517,D,S,D,2024-10-25,1000000.00,4.106577,97.12109375
08:00:03,91282CLM1,TSRYS5893517,D,S,D,2024-10-25,1000000.00,4.106245,97.123046875
08:00:03,91282CLM1,TSRYS5893517,D,S,D,2024-10-25,1000000.00,4.100593,97.15625
08:00:03,91282CLM1,TSRYS5893517,D,S,T,2024-10-25,1000000.00,4.099928,97.16015625
08:00:03,91282CLM1,TSRYS5893517,D,S,D,2024-10-25,1000000.00,4.102588,97.14453125
08:00:03,91282CLM1,TSRYS5893517,D,S,T,2024-10-25,1000000.00,4.102255,97.146484375
08:00:03,91282CLM1,TSRYS5893517,D,S,T,2024-10-25,1000000.00,4.102588,97.14453125
08:00:03,91282CLM1,TSRYS5893517,D,S,D,2024-10-25,1000000.00,4.102255,97.146484375
08:00:03,91282CLM1,TSRYS5893517,D,S,D,2024-10-25,1000000.00,4.101923,97.1484375
08:00:03,91282CLM1,TSRYS5893517,D,S,D,2024-10-25,1000000.00,4.091622,97.208984375
08:00:03,91282CLM1,TSRYS5893517,D,S,T,2024-10-25,1000000.00,4.094612,97.19140625
08:00:03,91282CLM1,TSRYS5893517,D,S,D,2024-10-25,1000000.00,4.107575,97.115234375
08:00:03,91282CLM1,TSRYS5893517,D,S,D,2024-10-25,1000000.00,4.102588,97.14453125
08:00:03,91282CLM1,TSRYS5893517,D,S,D,2024-10-25,1000000.00,4.102588,97.14453125
08:00:03,91282CLM1,TSRYS5893517,D,S,D,2024-10-25,1000000.00,4.102588,97.14453125
08:00:03,91282CLM1,TSRYS5893517,D,S,D,2024-10-25,1000000.00,4.102588,97.14453125
08:00:03,91282CLM1,TSRYS5893517,D,S,D,2024-10-25,1000000.00,4.09727,97.17578125
08:00:03,91282CLM1,TSRYS5893517,D,S,D,2024-10-25,1000000.00,4.094612,97.19140625
08:00:03,91282CLM1,TSRYS5893517,D,S,D,2024-10-25,1000000.00,4.094612,97.19140625
08:00:06,91282CLM1,TSRYS5893517,D,S,A,2024-10-25,10000.00,4.093947,97.2453125
08:00:09,91282CLM1,TSRYS5893517,D,S,T,2024-10-25,1000000.00,4.096605,97.1796875
08:00:09,91282CLM1,TSRYS5893517,D,S,T,2024-10-25,1000000.00,4.088632,97.2265625
08:00:09,91282CLM1,TSRYS5893517,D,S,T,2024-10-25,1000000.00,4.088632,97.2265625
08:00:09,91282CLM1,TSRYS5893517,D,S,T,2024-10-25,1000000.00,4.095276,97.1875
08:00:09,91282CLM1,TSRYS5893517,D,S,T,2024-10-25,1000000.00,4.095276,97.1875
08:00:09,91282CLM1,TSRYS5893517,D,S,T,2024-10-25,1000000.00,4.095276,97.1875
08:00:09,91282CLM1,TSRYS5893517,D,S,T,2024-10-25,1000000.00,4.095276,97.1875
08:00:09,91282CLM1,TSRYS5893517,D,S,T,2024-10-25,1000000.00,4.095276,97.1875
08:00:10,91282CLM1,TSRYS5893517,D,S,D,2024-10-25,1000000.00,4.109903,97.1015625
08:00:10,91282CLM1,TSRYS5893517,D,S,T,2024-10-25,1000000.00,4.105912,97.125
08:00:10,91282CLM1,TSRYS5893517,D,S,D,2024-10-25,1000000.00,4.105912,97.125
08:00:10,91282CLM1,TSRYS5893517,D,S,D,2024-10-25,1000000.00,4.101923,97.1484375
08:00:11,91282CLM1,TSRYS5893517,D,S,T,2024-10-25,1000000.00,4.100593,97.15625
08:00:11,91282CLM1,TSRYS5893517,D,S,D,2024-10-25,1000000.00,4.093947,97.1953125
08:00:11,91282CLM1,TSRYS5893517,D,S,D,2024-10-25,1000000.00,4.085976,97.2421875
08:00:11,91282CLM1,TSRYS5893517,D,S,D,2024-10-25,1000000.00,4.08332,97.2578125
08:00:11,91282CLM1,TSRYS5893517,D,S,T,2024-10-25,1000000.00,4.081992,97.265625
08:00:11,91282CLM1,TSRYS5893517,D,B,C,2024-10-25,1000000.00,4.082911,97.26021875
08:00:11,91282CLM1,TSRYS5893517,D,S,D,2024-10-25,1000000.00,4.081992,97.265625
08:00:11,91282CLM1,TSRYS5893517,D,S,T,2024-10-25,1000000.00,4.084648,97.25
08:00:11,91282CLM1,TSRYS5893517,D,S,T,2024-10-25,1000000.00,4.084648,97.25
08:00:11,91282CLM1,TSRYS5893517,D,S,T,2024-10-25,1000000.00,4.087304,97.234375
08:00:11,91282CLM1,TSRYS5893517,D,S,D,2024-10-25,1000000.00,4.095276,97.1875
08:00:11,91282CLM1,TSRYS5893517,D,S,T,2024-10-25,5000000.00,4.097934,97.171875
08:00:11,91282CLM1,TSRYS5893517,D,S,D,2024-10-25,1000000.00,4.104582,97.1328125
08:00:11,91282CLM1,TSRYS5893517,D,S,D,2024-10-25,1000000.00,4.105912,97.125
08:00:11,91282CLM1,TSRYS5893517,D,S,T,2024-10-25,2000000.00,4.101258,97.15234375
08:00:11,91282CLM1,TSRYS5893517,D,S,C,2024-10-25,9700000.00,4.098599,97.16796875
08:00:11,91282CLM1,TSRYS5893517,D,S,T,2024-10-25,2000000.00,4.096605,97.1796875
08:00:11,91282CLM1,TSRYS5893517,D,S,D,2024-10-25,1000000.00,4.109903,97.1015625
08:00:11,91282CLM1,TSRYS5893517,D,S,T,2024-10-25,1000000.00,4.103253,97.140625
08:00:11,91282CLM1,TSRYS5893517,D,S,T,2024-10-25,1000000.00,4.089961,97.21875
08:00:12,91282CLM1,TSRYS5893517,D,S,T,2024-10-25,2000000.00,4.091954,97.20703125
08:00:12,91282CLM1,TSRYS5893517,D,S,T,2024-10-25,2000000.00,4.093947,97.1953125
08:00:12,91282CLM1,TSRYS5893517,D,S,T,2024-10-25,1000000.00,4.099928,97.16015625
08:00:12,91282CLM1,TSRYS5893517,D,S,T,2024-10-25,1000000.00,4.099928,97.16015625
08:00:12,91282CLM1,TSRYS5893517,D,S,T,2024-10-25,1000000.00,4.103253,97.140625
08:00:12,91282CLM1,TSRYS5893517,D,S,T,2024-10-25,2000000.00,4.102255,97.146484375
08:00:12,91282CLM1,TSRYS5893517,D,S,T,2024-10-25,1000000.00,4.102255,97.146484375
08:00:12,91282CLM1,TSRYS5893517,D,S,T,2024-10-25,1000000.00,4.102255,97.146484375
08:00:12,91282CLM1,TSRYS5893517,D,S,T,2024-10-25,1000000.00,4.102255,97.146484375
08:00:12,91282CLM1,TSRYS5893517,D,S,T,2024-10-25,1000000.00,4.101923,97.1484375
08:00:12,91282CLM1,TSRYS5893517,D,S,D,2024-10-25,1000000.00,4.09727,97.17578125
08:00:12,91282CLM1,TSRYS5893517,D,S,D,2024-10-25,1000000.00,4.09727,97.17578125
08:00:12,91282CLM1,TSRYS5893517,D,S,T,2024-10-25,1000000.00,4.101923,97.1484375
08:00:12,91282CLM1,TSRYS5893517,D,S,T,2024-10-25,1000000.00,4.094612,97.19140625
08:00:12,91282CLM1,TSRYS5893517,D,S,T,2024-10-25,1000000.00,4.094612,97.19140625
08:00:12,91282CLM1,TSRYS5893517,D,S,T,2024-10-25,1000000.00,4.094612,97.19140625
08:00:12,91282CLM1,TSRYS5893517,D,S,T,2024-10-25,1000000.00,4.094612,97.19140625
08:00:12,91282CLM1,TSRYS5893517,D,S,T,2024-10-25,1000000.00,4.092618,97.203125
08:00:12,91282CLM1,TSRYS5893517,D,S,D,2024-10-25,1000000.00,4.096273,97.181640625
08:00:12,91282CLM1,TSRYS5893517,D,S,D,2024-10-25,1000000.00,4.096273,97.181640625
08:00:12,91282CLM1,TSRYS5893517,D,S,T,2024-10-25,1000000.00,4.097934,97.171875
08:00:12,91282CLM1,TSRYS5893517,D,S,T,2024-10-25,1000000.00,4.097934,97.171875
08:00:12,91282CLM1,TSRYS5893517,D,S,D,2024-10-25,1000000.00,4.10691,97.119140625
08:00:12,91282CLM1,TSRYS5893517,D,S,T,2024-10-25,1000000.00,4.103585,97.138671875
08:00:12,91282CLM1,TSRYS5893517,D,S,T,2024-10-25,1000000.00,4.103585,97.138671875
08:00:12,91282CLM1,TSRYS5893517,D,S,T,2024-10-25,1000000.00,4.103585,97.138671875
08:00:12,91282CLM1,TSRYS5893517,D,S,D,2024-10-25,1000000.00,4.102588,97.14453125
08:00:12,91282CLM1,TSRYS5893517,D,S,D,2024-10-25,1000000.00,4.102588,97.14453125
08:00:12,91282CLM1,TSRYS5893517,D,S,T,2024-10-25,1000000.00,4.103585,97.138671875
08:00:12,91282CLM1,TSRYS5893517,D,S,T,2024-10-25,1000000.00,4.103585,97.138671875
08:00:12,91282CLM1,TSRYS5893517,D,S,T,2024-10-25,1000000.00,4.103585,97.138671875
08:00:12,91282CLM1,TSRYS5893517,D,S,T,2024-10-25,1000000.00,4.103585,97.138671875
08:00:12,91282CLM1,TSRYS5893517,D,S,T,2024-10-25,1000000.00,4.103585,97.138671875
08:00:12,91282CLM1,TSRYS5893517,D,S,T,2024-10-25,1000000.00,4.106577,97.12109375
08:00:12,91282CLM1,TSRYS5893517,D,S,T,2024-10-25,1000000.00,4.104582,97.1328125
08:00:12,91282CLM1,TSRYS5893517,D,S,T,2024-10-25,1000000.00,4.104582,97.1328125
08:00:12,91282CLM1,TSRYS5893517,D,S,T,2024-10-25,1000000.00,4.104582,97.1328125
08:00:12,91282CLM1,TSRYS5893517,D,S,T,2024-10-25,1000000.00,4.104582,97.1328125
08:00:12,91282CLM1,TSRYS5893517,D,S,T,2024-10-25,1000000.00,4.104582,97.1328125
08:00:12,91282CLM1,TSRYS5893517,D,S,T,2024-10-25,2000000.00,4.091289,97.2109375
08:00:12,91282CLM1,TSRYS5893517,D,S,D,2024-10-25,1000000.00,4.103253,97.140625
08:00:12,91282CLM1,TSRYS5893517,D,S,T,2024-10-25,5000000.00,4.093947,97.1953125
08:00:12,91282CLM1,TSRYS5893517,D,S,T,2024-10-25,1000000.00,4.103253,97.140625
08:00:12,91282CLM1,TSRYS5893517,D,S,T,2024-10-25,1000000.00,4.103253,97.140625
08:00:13,91282CLM1,TSRYS5893517,D,S,T,2024-10-25,1000000.00,4.103253,97.140625
08:00:13,91282CLM1,TSRYS5893517,D,S,D,2024-10-25,3000000.00,4.103253,97.140625
08:00:14,91282CLM1,TSRYS5893517,D,S,T,2024-10-25,1000000.00,4.095276,97.1875
08:00:14,91282CLM1,TSRYS5893517,D,S,D,2024-10-25,5000000.00,4.103917,97.13671875
08:00:14,91282CLM1,TSRYS5893517,D,B,C,2024-10-25,5000000.00,4.103917,97.13671875
08:00:14,91282CLM1,TSRYS5893517,D,S,C,2024-10-25,42500000.00,4.090625,97.21484375
08:00:14,91282CLM1,TSRYS5893517,D,S,D,2024-10-25,42500000.00,4.090625,97.21484375
08:00:14,91282CLM1,TSRYS5893517,D,S,D,2024-10-25,1000000.00,4.089961,97.21875
08:00:14,91282CLM1,TSRYS5893517,D,S,D,2024-10-25,1000000.00,4.089961,97.21875
08:00:14,91282CLM1,TSRYS5893517,D,S,D,2024-10-25,1000000.00,4.107575,97.115234375
08:00:14,91282CLM1,TSRYS5893517,D,B,A,2024-10-25,17000000.00,4.107243,97.1171875
08:00:14,91282CLM1,TSRYS5893517,D,S,D,2024-10-25,1000000.00,4.107575,97.115234375
08:00:14,91282CLM1,TSRYS5893517,D,S,D,2024-10-25,1000000.00,4.106245,97.123046875
08:00:14,91282CLM1,TSRYS5893517,D,S,D,2024-10-25,1000000.00,4.106245,97.123046875
08:00:14,91282CLM1,TSRYS5893517,D,S,D,2024-10-25,1000000.00,4.106577,97.12109375
08:00:14,91282CLM1,TSRYS5893517,D,S,D,2024-10-25,1000000.00,4.107243,97.1171875
08:00:14,91282CLM1,TSRYS5893517,D,S,D,2024-10-25,1000000.00,4.10691,97.119140625
08:00:14,91282CLM1,TSRYS5893517,D,S,T,2024-10-25,1000000.00,4.105912,97.125
08:00:14,91282CLM1,TSRYS5893517,D,S,D,2024-10-25,1000000.00,4.104915,97.130859375
08:00:14,91282CLM1,TSRYS5893517,D,S,D,2024-10-25,2000000.00,4.10558,97.126953125
08:00:14,91282CLM1,TSRYS5893517,D,S,D,2024-10-25,1000000.00,4.10558,97.126953125
08:00:14,91282CLM1,TSRYS5893517,D,S,D,2024-10-25,1000000.00,4.10558,97.126953125
08:00:14,91282CLM1,TSRYS5893517,D,S,D,2024-10-25,1000000.00,4.105247,97.12890625
08:00:14,91282CLM1,TSRYS5893517,D,S,T,2024-10-25,4000000.00,4.104582,97.1328125
08:00:15,91282CLM1,TSRYS5893517,D,S,D,2024-10-25,1000000.00,4.104915,97.130859375
08:00:15,91282CLM1,TSRYS5893517,D,S,D,2024-10-25,1000000.00,4.104915,97.130859375
08:00:15,91282CLM1,TSRYS5893517,D,S,D,2024-10-25,1000000.00,4.103585,97.138671875
08:00:15,91282CLM1,TSRYS5893517,D,S,D,2024-10-25,1000000.00,4.10425,97.134765625
08:00:15,91282CLM1,TSRYS5893517,D,S,D,2024-10-25,2000000.00,4.10425,97.134765625
08:00:15,91282CLM1,TSRYS5893517,D,S,D,2024-10-25,1000000.00,4.09727,97.17578125
08:00:15,91282CLM1,TSRYS5893517,D,S,D,2024-10-25,500000.00,4.095276,97.1875
08:00:15,91282CLM1,TSRYS5893517,D,S,D,2024-10-25,2862000.00,4.095941,97.18359375
08:00:15,91282CLM1,TSRYS5893517,D,S,T,2024-10-25,1000000.00,4.095276,97.1875
08:00:15,91282CLM1,TSRYS5893517,D,S,D,2024-10-25,1000000.00,4.093283,97.19921875
08:00:15,91282CLM1,TSRYS5893517,D,S,T,2024-10-25,1000000.00,4.093283,97.19921875
08:00:15,91282CLM1,TSRYS5893517,D,S,D,2024-10-25,1000000.00,4.091954,97.20703125
08:00:15,91282CLM1,TSRYS5893517,D,S,D,2024-10-25,2000000.00,4.090625,97.21484375
08:00:15,91282CLM1,TSRYS5893517,D,S,T,2024-10-25,9000000.00,4.090293,97.216796875
08:00:15,91282CLM1,TSRYS5893517,D,S,T,2024-10-25,4000000.00,4.090293,97.216796875
08:00:15,91282CLM1,TSRYS5893517,D,S,D,2024-10-25,500000.00,4.088632,97.2265625
08:00:15,91282CLM1,TSRYS5893517,D,S,D,2024-10-25,500000.00,4.088632,97.2265625
08:00:15,91282CLM1,TSRYS5893517,D,S,D,2024-10-25,42500000.00,4.090625,97.21484375
08:00:15,91282CLM1,TSRYS5893517,D,S,D,2024-10-25,1000000.00,4.089961,97.21875
08:00:15,91282CLM1,TSRYS5893517,D,S,T,2024-10-25,2000000.00,4.089961,97.21875
08:00:15,91282CLM1,TSRYS5893517,D,S,D,2024-10-25,4000000.00,4.089961,97.21875
08:00:15,91282CLM1,TSRYS5893517,D,S,D,2024-10-25,1000000.00,4.094612,97.19140625
08:00:15,91282CLM1,TSRYS5893517,D,S,T,2024-10-25,1000000.00,4.093947,97.1953125
08:00:15,91282CLM1,TSRYS5893517,D,S,D,2024-10-25,1000000.00,4.094279,97.193359375
08:00:17,91282CLM1,TSRYS5893517,D,S,D,2024-10-25,1000000.00,4.095276,97.1875
08:00:20,91282CLM1,TSRYS5893517,D,S,D,2024-10-25,1000000.00,4.105912,97.125
08:00:20,91282CLM1,TSRYS5893517,D,S,D,2024-10-25,1000000.00,4.101923,97.1484375
08:00:21,91282CLM1,TSRYS5893517,D,B,C,2024-10-25,1000000.00,4.100593,97.15625
08:00:21,91282CLM1,TSRYS5893517,D,S,D,2024-10-25,1000000.00,4.100593,97.15625
08:00:23,91282CLM1,TSRYS5893517,D,B,C,2024-10-25,1000000.00,4.10292,97.142578125
08:00:23,91282CLM1,TSRYS5893517,D,S,D,2024-10-25,1000000.00,4.10292,97.142578125
08:00:23,91282CLM1,TSRYS5893517,D,S,C,2024-10-25,1000000.00,4.102255,97.146484375
08:00:23,91282CLM1,TSRYS5893517,D,S,D,2024-10-25,3000000.00,4.103253,97.140625
08:00:23,91282CLM1,TSRYS5893517,D,S,D,2024-10-25,1000000.00,4.103253,97.140625
08:00:23,91282CLM1,TSRYS5893517,D,S,C,2024-10-25,1000000.00,4.101258,97.15234375
08:00:23,91282CLM1,TSRYS5893517,D,S,T,2024-10-25,1000000.00,4.104915,97.130859375
08:00:25,91282CLM1,TSRYS5893517,D,S,D,2024-10-25,1000000.00,4.093947,97.1953125
08:00:25,91282CLM1,TSRYS5893517,D,S,D,2024-10-25,1000000.00,4.085976,97.2421875
08:00:25,91282CLM1,TSRYS5893517,D,S,D,2024-10-25,1000000.00,4.08332,97.2578125
08:00:25,91282CLM1,TSRYS5893517,D,S,D,2024-10-25,1000000.00,4.081992,97.265625
08:00:26,91282CLM1,TSRYS5893517,D,B,C,2024-10-25,1000000.00,4.0883,97.228515625
08:00:26,91282CLM1,TSRYS5893517,D,S,D,2024-10-25,1000000.00,4.0883,97.228515625
08:00:26,91282CLM1,TSRYS5893517,D,S,D,2024-10-25,1000000.00,4.089961,97.21875
08:00:26,91282CLM1,TSRYS5893517,D,S,D,2024-10-25,1000000.00,4.089961,97.21875
08:00:27,91282CLM1,TSRYS5893517,D,B,C,2024-10-25,36700000.00,4.106577,97.12109375
08:00:27,91282CLM1,TSRYS5893517,D,S,D,2024-10-25,1000000.00,4.092286,97.205078125
08:00:27,91282CLM1,TSRYS5893517,D,B,C,2024-10-25,1000000.00,4.09295,97.201171875
08:00:27,91282CLM1,TSRYS5893517,D,S,D,2024-10-25,1000000.00,4.09295,97.201171875
08:00:27,91282CLM1,TSRYS5893517,D,B,C,2024-10-25,1000000.00,4.09295,97.201171875
08:00:27,91282CLM1,TSRYS5893517,D,S,D,2024-10-25,1000000.00,4.09295,97.201171875
08:00:27,91282CLM1,TSRYS5893517,D,S,D,2024-10-25,1000000.00,4.09295,97.201171875
08:00:27,91282CLM1,TSRYS5893517,D,S,D,2024-10-25,1000000.00,4.09295,97.201171875
08:00:27,91282CLM1,TSRYS5893517,D,S,D,2024-10-25,1000000.00,4.09295,97.201171875
08:00:27,91282CLM1,TSRYS5893517,D,S,D,2024-10-25,1000000.00,4.09295,97.201171875
08:00:29,91282CLM1,TSRYS5893517,D,S,D,2024-10-25,1000000.00,4.096273,97.181640625
08:00:29,91282CLM1,TSRYS5893517,D,S,C,2024-10-25,1000000.00,4.089629,97.220703125
08:00:30,91282CLM1,TSRYS5893517,D,S,T,2024-10-25,1000000.00,4.113895,97.078125
08:00:30,91282CLM1,TSRYS5893517,D,S,T,2024-10-25,1000000.00,4.109903,97.1015625
08:00:30,91282CLM1,TSRYS5893517,D,S,T,2024-10-25,1000000.00,4.108573,97.109375
08:00:30,91282CLM1,TSRYS5893517,D,S,T,2024-10-25,1000000.00,4.107243,97.1171875
08:00:30,91282CLM1,TSRYS5893517,D,S,T,2024-10-25,1000000.00,4.106577,97.12109375
08:00:30,91282CLM1,TSRYS5893517,D,S,T,2024-10-25,1000000.00,4.107243,97.1171875
08:00:30,91282CLM1,TSRYS5893517,D,S,T,2024-10-25,1000000.00,4.109903,97.1015625
08:00:30,91282CLM1,TSRYS5893517,D,S,T,2024-10-25,1000000.00,4.105912,97.125
08:00:30,91282CLM1,TSRYS5893517,D,S,T,2024-10-25,1000000.00,4.10425,97.134765625
08:00:30,91282CLM1,TSRYS5893517,D,S,T,2024-10-25,1000000.00,4.101923,97.1484375
08:00:30,91282CLM1,TSRYS5893517,D,S,T,2024-10-25,1000000.00,4.099264,97.1640625
08:00:30,91282CLM1,TSRYS5893517,D,S,T,2024-10-25,1000000.00,4.100593,97.15625
08:00:30,91282CLM1,TSRYS5893517,D,S,T,2024-10-25,1000000.00,4.103253,97.140625
08:00:30,91282CLM1,TSRYS5893517,D,S,T,2024-10-25,1000000.00,4.103253,97.140625
08:00:30,91282CLM1,TSRYS5893517,D,S,T,2024-10-25,1000000.00,4.101923,97.1484375
08:00:30,91282CLM1,TSRYS5893517,D,S,T,2024-10-25,1000000.00,4.10292,97.142578125
08:00:30,91282CLM1,TSRYS5893517,D,S,T,2024-10-25,1000000.00,4.102588,97.14453125
08:00:30,91282CLM1,TSRYS5893517,D,S,T,2024-10-25,1000000.00,4.102588,97.14453125
08:00:30,91282CLM1,TSRYS5893517,D,S,T,2024-10-25,1000000.00,4.101923,97.1484375
08:00:30,91282CLM1,TSRYS5893517,D,S,T,2024-10-25,1000000.00,4.101923,97.1484375
08:00:30,91282CLM1,TSRYS5893517,D,S,T,2024-10-25,1000000.00,4.101923,97.1484375
08:00:30,91282CLM1,TSRYS5893517,D,S,T,2024-10-25,1000000.00,4.101923,97.1484375
08:00:30,91282CLM1,TSRYS5893517,D,S,T,2024-10-25,1000000.00,4.100593,97.15625
08:00:30,91282CLM1,TSRYS5893517,D,S,T,2024-10-25,1000000.00,4.099264,97.1640625
08:00:30,91282CLM1,TSRYS5893517,D,S,T,2024-10-25,1000000.00,4.099264,97.1640625
08:00:30,91282CLM1,TSRYS5893517,D,S,T,2024-10-25,1000000.00,4.099264,97.1640625
08:00:30,91282CLM1,TSRYS5893517,D,S,T,2024-10-25,1000000.00,4.096605,97.1796875
08:00:30,91282CLM1,TSRYS5893517,D,S,T,2024-10-25,1000000.00,4.096605,97.1796875
08:00:30,91282CLM1,TSRYS5893517,D,S,T,2024-10-25,1000000.00,4.097934,97.171875
08:00:30,91282CLM1,TSRYS5893517,D,S,T,2024-10-25,1000000.00,4.097934,97.171875
08:00:30,91282CLM1,TSRYS5893517,D,S,T,2024-10-25,1000000.00,4.09727,97.17578125
08:00:30,91282CLM1,TSRYS5893517,D,S,T,2024-10-25,1000000.00,4.097934,97.171875
08:00:30,91282CLM1,TSRYS5893517,D,S,T,2024-10-25,1000000.00,4.096605,97.1796875
08:00:30,91282CLM1,TSRYS5893517,D,S,T,2024-10-25,1000000.00,4.092618,97.203125
08:00:30,91282CLM1,TSRYS5893517,D,S,T,2024-10-25,1000000.00,4.089961,97.21875
08:00:30,91282CLM1,TSRYS5893517,D,S,T,2024-10-25,1000000.00,4.088632,97.2265625
08:00:30,91282CLM1,TSRYS5893517,D,S,T,2024-10-25,2000000.00,4.088632,97.2265625
08:00:30,91282CLM1,TSRYS5893517,D,S,T,2024-10-25,1000000.00,4.087304,97.234375
08:00:30,91282CLM1,TSRYS5893517,D,S,D,2024-10-25,1000000.00,4.096937,97.177734375
08:00:30,91282CLM1,TSRYS5893517,D,S,D,2024-10-25,1000000.00,4.098599,97.16796875
08:00:30,91282CLM1,TSRYS5893517,D,S,D,2024-10-25,1000000.00,4.095276,97.1875
08:00:31,91282CLM1,TSRYS5893517,D,S,T,2024-10-25,1000000.00,4.08332,97.2578125
08:00:31,91282CLM1,TSRYS5893517,D,S,T,2024-10-25,1000000.00,4.08332,97.2578125
08:00:31,91282CLM1,TSRYS5893517,D,S,T,2024-10-25,1000000.00,4.08332,97.2578125
08:00:31,91282CLM1,TSRYS5893517,D,S,T,2024-10-25,1000000.00,4.08332,97.2578125
08:00:31,91282CLM1,TSRYS5893517,D,S,T,2024-10-25,1000000.00,4.08332,97.2578125
08:00:31,91282CLM1,TSRYS5893517,D,S,T,2024-10-25,1000000.00,4.08332,97.2578125
08:00:31,91282CLM1,TSRYS5893517,D,S,T,2024-10-25,1000000.00,4.08332,97.2578125
08:00:31,91282CLM1,TSRYS5893517,D,S,T,2024-10-25,1000000.00,4.083652,97.255859375
08:00:31,91282CLM1,TSRYS5893517,D,S,T,2024-10-25,1000000.00,4.083984,97.25390625
08:00:31,91282CLM1,TSRYS5893517,D,S,T,2024-10-25,1000000.00,4.084648,97.25
08:00:31,91282CLM1,TSRYS5893517,D,S,T,2024-10-25,1000000.00,4.084648,97.25
08:00:31,91282CLM1,TSRYS5893517,D,S,T,2024-10-25,1000000.00,4.084648,97.25
08:00:31,91282CLM1,TSRYS5893517,D,S,T,2024-10-25,1000000.00,4.08332,97.2578125
08:00:31,91282CLM1,TSRYS5893517,D,S,T,2024-10-25,1000000.00,4.08332,97.2578125
08:00:31,91282CLM1,TSRYS5893517,D,S,T,2024-10-25,1000000.00,4.084648,97.25
08:00:31,91282CLM1,TSRYS5893517,D,S,T,2024-10-25,1000000.00,4.085976,97.2421875
08:00:31,91282CLM1,TSRYS5893517,D,S,T,2024-10-25,1000000.00,4.08664,97.23828125
08:00:31,91282CLM1,TSRYS5893517,D,S,T,2024-10-25,1000000.00,4.086972,97.236328125
08:00:31,91282CLM1,TSRYS5893517,D,S,T,2024-10-25,1000000.00,4.08664,97.23828125
08:00:31,91282CLM1,TSRYS5893517,D,S,T,2024-10-25,1000000.00,4.087304,97.234375
08:00:31,91282CLM1,TSRYS5893517,D,S,T,2024-10-25,1000000.00,4.087304,97.234375
08:00:31,91282CLM1,TSRYS5893517,D,S,T,2024-10-25,1000000.00,4.093947,97.1953125
08:00:31,91282CLM1,TSRYS5893517,D,S,T,2024-10-25,1000000.00,4.093947,97.1953125
08:00:31,91282CLM1,TSRYS5893517,D,S,T,2024-10-25,1000000.00,4.092618,97.203125
08:00:31,91282CLM1,TSRYS5893517,D,S,T,2024-10-25,1000000.00,4.089961,97.21875
08:00:31,91282CLM1,TSRYS5893517,D,S,T,2024-10-25,1000000.00,4.091289,97.2109375
08:00:31,91282CLM1,TSRYS5893517,D,S,T,2024-10-25,1000000.00,4.091289,97.2109375
08:00:31,91282CLM1,TSRYS5893517,D,S,T,2024-10-25,1000000.00,4.087304,97.234375
08:00:31,91282CLM1,TSRYS5893517,D,S,T,2024-10-25,1000000.00,4.087304,97.234375
08:00:31,91282CLM1,TSRYS5893517,D,S,T,2024-10-25,2000000.00,4.087304,97.234375
08:00:31,91282CLM1,TSRYS5893517,D,S,T,2024-10-25,1000000.00,4.087304,97.234375
08:00:31,91282CLM1,TSRYS5893517,D,S,T,2024-10-25,1000000.00,4.089961,97.21875
08:00:31,91282CLM1,TSRYS5893517,D,S,T,2024-10-25,1000000.00,4.090625,97.21484375
08:00:31,91282CLM1,TSRYS5893517,D,S,T,2024-10-25,1000000.00,4.092618,97.203125
08:00:31,91282CLM1,TSRYS5893517,D,S,T,2024-10-25,1000000.00,4.094612,97.19140625
08:00:31,91282CLM1,TSRYS5893517,D,S,T,2024-10-25,1000000.00,4.094612,97.19140625
08:00:31,91282CLM1,TSRYS5893517,D,S,T,2024-10-25,1000000.00,4.094612,97.19140625
08:00:31,91282CLM1,TSRYS5893517,D,S,T,2024-10-25,1000000.00,4.094612,97.19140625
08:00:31,91282CLM1,TSRYS5893517,D,S,T,2024-10-25,1000000.00,4.095276,97.1875
08:00:31,91282CLM1,TSRYS5893517,D,S,T,2024-10-25,1000000.00,4.087304,97.234375
08:00:31,91282CLM1,TSRYS5893517,D,S,T,2024-10-25,1000000.00,4.085976,97.2421875
08:00:31,91282CLM1,TSRYS5893517,D,S,T,2024-10-25,1000000.00,4.092618,97.203125
08:00:31,91282CLM1,TSRYS5893517,D,S,T,2024-10-25,1000000.00,4.095276,97.1875
08:00:31,91282CLM1,TSRYS5893517,D,S,T,2024-10-25,1000000.00,4.087304,97.234375
08:00:31,91282CLM1,TSRYS5893517,D,S,T,2024-10-25,1000000.00,4.088632,97.2265625
08:00:31,91282CLM1,TSRYS5893517,D,S,T,2024-10-25,1000000.00,4.091289,97.2109375
08:00:31,91282CLM1,TSRYS5893517,D,S,T,2024-10-25,1000000.00,4.091289,97.2109375
08:00:31,91282CLM1,TSRYS5893517,D,S,T,2024-10-25,1000000.00,4.089961,97.21875
08:00:31,91282CLM1,TSRYS5893517,D,S,T,2024-10-25,1000000.00,4.089961,97.21875
08:00:31,91282CLM1,TSRYS5893517,D,S,T,2024-10-25,1000000.00,4.089961,97.21875
08:00:31,91282CLM1,TSRYS5893517,D,S,T,2024-10-25,1000000.00,4.095276,97.1875
08:00:31,91282CLM1,TSRYS5893517,D,S,T,2024-10-25,1000000.00,4.097934,97.171875
08:00:31,91282CLM1,TSRYS5893517,D,S,T,2024-10-25,1000000.00,4.097934,97.171875
08:00:31,91282CLM1,TSRYS5893517,D,S,T,2024-10-25,1000000.00,4.097934,97.171875
08:00:31,91282CLM1,TSRYS5893517,D,S,T,2024-10-25,1000000.00,4.097934,97.171875
08:00:31,91282CLM1,TSRYS5893517,D,S,T,2024-10-25,1000000.00,4.095276,97.1875
08:00:31,91282CLM1,TSRYS5893517,D,S,T,2024-10-25,2000000.00,4.095941,97.18359375
08:00:31,91282CLM1,TSRYS5893517,D,S,T,2024-10-25,1000000.00,4.095941,97.18359375
08:00:31,91282CLM1,TSRYS5893517,D,S,T,2024-10-25,1000000.00,4.097934,97.171875
08:00:31,91282CLM1,TSRYS5893517,D,S,T,2024-10-25,1000000.00,4.099264,97.1640625
08:00:31,91282CLM1,TSRYS5893517,D,S,T,2024-10-25,1000000.00,4.098267,97.169921875
08:00:31,91282CLM1,TSRYS5893517,D,S,T,2024-10-25,1000000.00,4.098931,97.166015625
08:00:31,91282CLM1,TSRYS5893517,D,S,T,2024-10-25,1000000.00,4.098599,97.16796875
08:00:31,91282CLM1,TSRYS5893517,D,S,T,2024-10-25,1000000.00,4.097934,97.171875
08:00:31,91282CLM1,TSRYS5893517,D,S,T,2024-10-25,1000000.00,4.101923,97.1484375
08:00:31,91282CLM1,TSRYS5893517,D,S,T,2024-10-25,1000000.00,4.103253,97.140625
08:00:31,91282CLM1,TSRYS5893517,D,S,T,2024-10-25,1000000.00,4.101923,97.1484375
08:00:31,91282CLM1,TSRYS5893517,D,S,T,2024-10-25,1000000.00,4.104582,97.1328125
08:00:31,91282CLM1,TSRYS5893517,D,S,T,2024-10-25,1000000.00,4.104582,97.1328125
08:00:31,91282CLM1,TSRYS5893517,D,S,T,2024-10-25,1000000.00,4.10425,97.134765625
08:00:31,91282CLM1,TSRYS5893517,D,S,T,2024-10-25,1000000.00,4.104582,97.1328125
08:00:31,91282CLM1,TSRYS5893517,D,S,T,2024-10-25,1000000.00,4.104582,97.1328125
08:00:31,91282CLM1,TSRYS5893517,D,S,T,2024-10-25,1000000.00,4.10558,97.126953125
08:00:31,91282CLM1,TSRYS5893517,D,S,T,2024-10-25,1000000.00,4.10558,97.126953125
08:00:31,91282CLM1,TSRYS5893517,D,S,T,2024-10-25,1000000.00,4.107243,97.1171875
08:00:31,91282CLM1,TSRYS5893517,D,S,T,2024-10-25,1000000.00,4.105912,97.125
08:00:31,91282CLM1,TSRYS5893517,D,S,T,2024-10-25,1000000.00,4.105912,97.125
08:00:32,91282CLM1,TSRYS5893517,D,S,T,2024-10-25,1000000.00,4.107243,97.1171875
08:00:32,91282CLM1,TSRYS5893517,D,S,T,2024-10-25,1000000.00,4.105912,97.125
08:00:32,91282CLM1,TSRYS5893517,D,S,T,2024-10-25,1000000.00,4.105247,97.12890625
08:00:32,91282CLM1,TSRYS5893517,D,S,T,2024-10-25,1000000.00,4.105247,97.12890625
08:00:32,91282CLM1,TSRYS5893517,D,S,T,2024-10-25,1000000.00,4.104582,97.1328125
08:00:32,91282CLM1,TSRYS5893517,D,S,T,2024-10-25,1000000.00,4.103253,97.140625
08:00:32,91282CLM1,TSRYS5893517,D,S,T,2024-10-25,1000000.00,4.103585,97.138671875
08:00:32,91282CLM1,TSRYS5893517,D,S,T,2024-10-25,1000000.00,4.10558,97.126953125
08:00:32,91282CLM1,TSRYS5893517,D,S,T,2024-10-25,1000000.00,4.107243,97.1171875
08:00:32,91282CLM1,TSRYS5893517,D,S,T,2024-10-25,1000000.00,4.105912,97.125
08:00:32,91282CLM1,TSRYS5893517,D,S,T,2024-10-25,1000000.00,4.104582,97.1328125
08:00:32,91282CLM1,TSRYS5893517,D,S,T,2024-10-25,1000000.00,4.104582,97.1328125
08:00:32,91282CLM1,TSRYS5893517,D,S,T,2024-10-25,1000000.00,4.104582,97.1328125
08:00:32,91282CLM1,TSRYS5893517,D,S,T,2024-10-25,4000000.00,4.10425,97.134765625
08:00:32,91282CLM1,TSRYS5893517,D,S,T,2024-10-25,1000000.00,4.104582,97.1328125
08:00:32,91282CLM1,TSRYS5893517,D,S,T,2024-10-25,1000000.00,4.103253,97.140625
08:00:32,91282CLM1,TSRYS5893517,D,S,T,2024-10-25,1000000.00,4.104582,97.1328125
08:00:32,91282CLM1,TSRYS5893517,D,S,T,2024-10-25,2000000.00,4.104582,97.1328125
08:00:32,91282CLM1,TSRYS5893517,D,S,T,2024-10-25,1000000.00,4.104582,97.1328125
08:00:32,91282CLM1,TSRYS5893517,D,S,T,2024-10-25,1000000.00,4.103253,97.140625
08:00:32,91282CLM1,TSRYS5893517,D,S,T,2024-10-25,1000000.00,4.102255,97.146484375
08:00:32,91282CLM1,TSRYS5893517,D,S,T,2024-10-25,1000000.00,4.101923,97.1484375
08:00:32,91282CLM1,TSRYS5893517,D,S,D,2024-10-25,1000000.00,4.103253,97.140625
08:00:32,91282CLM1,TSRYS5893517,D,S,T,2024-10-25,1000000.00,4.100593,97.15625
08:00:32,91282CLM1,TSRYS5893517,D,S,T,2024-10-25,1000000.00,4.096605,97.1796875
08:00:32,91282CLM1,TSRYS5893517,D,S,T,2024-10-25,1000000.00,4.097602,97.173828125
08:00:32,91282CLM1,TSRYS5893517,D,S,T,2024-10-25,1000000.00,4.093947,97.1953125
08:00:32,91282CLM1,TSRYS5893517,D,S,T,2024-10-25,1000000.00,4.093615,97.197265625
08:00:32,91282CLM1,TSRYS5893517,D,S,T,2024-10-25,1000000.00,4.095276,97.1875
08:00:32,91282CLM1,TSRYS5893517,D,S,T,2024-10-25,1000000.00,4.095276,97.1875
08:00:32,91282CLM1,TSRYS5893517,D,S,T,2024-10-25,1000000.00,4.093947,97.1953125
08:00:32,91282CLM1,TSRYS5893517,D,S,T,2024-10-25,1000000.00,4.093947,97.1953125
08:00:32,91282CLM1,TSRYS5893517,D,S,T,2024-10-25,1000000.00,4.093615,97.197265625
08:00:32,91282CLM1,TSRYS5893517,D,S,T,2024-10-25,1000000.00,4.092618,97.203125
08:00:32,91282CLM1,TSRYS5893517,D,S,T,2024-10-25,1000000.00,4.091289,97.2109375
08:00:32,91282CLM1,TSRYS5893517,D,S,D,2024-10-25,1000000.00,4.107243,97.1171875
08:00:32,91282CLM1,TSRYS5893517,D,S,C,2024-10-25,1000000.00,4.107575,97.115234375
08:00:32,91282CLM1,TSRYS5893517,D,S,D,2024-10-25,1000000.00,4.104915,97.130859375
08:00:32,91282CLM1,TSRYS5893517,D,S,D,2024-10-25,1000000.00,4.104915,97.130859375
08:00:32,91282CLM1,TSRYS5893517,D,S,T,2024-10-25,1000000.00,4.104915,97.130859375
08:00:32,91282CLM1,TSRYS5893517,D,S,T,2024-10-25,1000000.00,4.09295,97.201171875
08:00:32,91282CLM1,TSRYS5893517,D,S,T,2024-10-25,1000000.00,4.106245,97.123046875
08:00:32,91282CLM1,TSRYS5893517,D,S,D,2024-10-25,1000000.00,4.103585,97.138671875
08:00:32,91282CLM1,TSRYS5893517,D,S,D,2024-10-25,1000000.00,4.104582,97.1328125
08:00:32,91282CLM1,TSRYS5893517,D,S,T,2024-10-25,1000000.00,4.090293,97.216796875
08:00:32,91282CLM1,TSRYS5893517,D,S,T,2024-10-25,1000000.00,4.089961,97.21875
08:00:32,91282CLM1,TSRYS5893517,D,S,T,2024-10-25,1000000.00,4.089961,97.21875
08:00:32,91282CLM1,TSRYS5893517,D,S,T,2024-10-25,1000000.00,4.091289,97.2109375
08:00:32,91282CLM1,TSRYS5893517,D,S,D,2024-10-25,1000000.00,4.092618,97.203125
08:00:32,91282CLM1,TSRYS5893517,D,S,T,2024-10-25,1000000.00,4.092618,97.203125
08:00:32,91282CLM1,TSRYS5893517,D,S,T,2024-10-25,1000000.00,4.092618,97.203125
08:00:32,91282CLM1,TSRYS5893517,D,S,T,2024-10-25,1000000.00,4.092618,97.203125
08:00:32,91282CLM1,TSRYS5893517,D,S,T,2024-10-25,1000000.00,4.092618,97.203125
08:00:32,91282CLM1,TSRYS5893517,D,S,T,2024-10-25,1000000.00,4.092618,97.203125
08:00:32,91282CLM1,TSRYS5893517,D,S,T,2024-10-25,1000000.00,4.092618,97.203125
08:00:32,91282CLM1,TSRYS5893517,D,S,T,2024-10-25,1000000.00,4.092618,97.203125
08:00:32,91282CLM1,TSRYS5893517,D,S,T,2024-10-25,1000000.00,4.092618,97.203125
08:00:32,91282CLM1,TSRYS5893517,D,S,T,2024-10-25,1000000.00,4.092618,97.203125
08:00:32,91282CLM1,TSRYS5893517,D,S,T,2024-10-25,1000000.00,4.092618,97.203125
08:00:32,91282CLM1,TSRYS5893517,D,S,T,2024-10-25,1000000.00,4.092618,97.203125
08:00:32,91282CLM1,TSRYS5893517,D,S,T,2024-10-25,1000000.00,4.092618,97.203125
08:00:32,91282CLM1,TSRYS5893517,D,S,T,2024-10-25,1000000.00,4.092618,97.203125
08:00:32,91282CLM1,TSRYS5893517,D,S,T,2024-10-25,1000000.00,4.092618,97.203125
08:00:32,91282CLM1,TSRYS5893517,D,S,T,2024-10-25,1000000.00,4.092618,97.203125
08:00:32,91282CLM1,TSRYS5893517,D,S,T,2024-10-25,1000000.00,4.093947,97.1953125
08:00:32,91282CLM1,TSRYS5893517,D,S,T,2024-10-25,1000000.00,4.093947,97.1953125
08:00:32,91282CLM1,TSRYS5893517,D,S,T,2024-10-25,1000000.00,4.093947,97.1953125
08:00:32,91282CLM1,TSRYS5893517,D,S,T,2024-10-25,1000000.00,4.093947,97.1953125
08:00:32,91282CLM1,TSRYS5893517,D,S,T,2024-10-25,1000000.00,4.093947,97.1953125
08:00:32,91282CLM1,TSRYS5893517,D,S,T,2024-10-25,1000000.00,4.093947,97.1953125
08:00:32,91282CLM1,TSRYS5893517,D,S,T,2024-10-25,1000000.00,4.093947,97.1953125
08:00:32,91282CLM1,TSRYS5893517,D,S,T,2024-10-25,1000000.00,4.095276,97.1875
08:00:32,91282CLM1,TSRYS5893517,D,S,T,2024-10-25,1000000.00,4.095276,97.1875
08:00:32,91282CLM1,TSRYS5893517,D,S,T,2024-10-25,1000000.00,4.095276,97.1875
08:00:32,91282CLM1,TSRYS5893517,D,S,T,2024-10-25,1000000.00,4.095276,97.1875
08:00:32,91282CLM1,TSRYS5893517,D,S,T,2024-10-25,1000000.00,4.095276,97.1875
08:00:32,91282CLM1,TSRYS5893517,D,S,T,2024-10-25,3000000.00,4.095276,97.1875
08:00:32,91282CLM1,TSRYS5893517,D,S,T,2024-10-25,1000000.00,4.095276,97.1875
08:00:32,91282CLM1,TSRYS5893517,D,S,T,2024-10-25,1000000.00,4.095276,97.1875
08:00:32,91282CLM1,TSRYS5893517,D,S,D,2024-10-25,1000000.00,4.09295,97.201171875
08:00:32,91282CLM1,TSRYS5893517,D,S,D,2024-10-25,1000000.00,4.09295,97.201171875
08:00:32,91282CLM1,TSRYS5893517,D,S,D,2024-10-25,1000000.00,4.096937,97.177734375
08:00:32,91282CLM1,TSRYS5893517,D,S,D,2024-10-25,1000000.00,4.107243,97.1171875
08:00:32,91282CLM1,TSRYS5893517,D,S,D,2024-10-25,1000000.00,4.104915,97.130859375
08:00:32,91282CLM1,TSRYS5893517,D,S,D,2024-10-25,1000000.00,4.106577,97.12109375
08:00:32,91282CLM1,TSRYS5893517,D,S,D,2024-10-25,1000000.00,4.105247,97.12890625
08:00:32,91282CLM1,TSRYS5893517,D,S,D,2024-10-25,1000000.00,4.103585,97.138671875
08:00:32,91282CLM1,TSRYS5893517,D,S,D,2024-10-25,1000000.00,4.103585,97.138671875
08:00:32,91282CLM1,TSRYS5893517,D,S,D,2024-10-25,1000000.00,4.10425,97.134765625
08:00:32,91282CLM1,TSRYS5893517,D,S,D,2024-10-25,1000000.00,4.10425,97.134765625
08:00:32,91282CLM1,TSRYS5893517,D,S,D,2024-10-25,1000000.00,4.10425,97.134765625
08:00:32,91282CLM1,TSRYS5893517,D,S,D,2024-10-25,1000000.00,4.10425,97.134765625
08:00:32,91282CLM1,TSRYS5893517,D,S,D,2024-10-25,1000000.00,4.10425,97.134765625
08:00:32,91282CLM1,TSRYS5893517,D,S,D,2024-10-25,1000000.00,4.10425,97.134765625
08:00:32,91282CLM1,TSRYS5893517,D,S,D,2024-10-25,1000000.00,4.10425,97.134765625
08:00:32,91282CLM1,TSRYS5893517,D,S,D,2024-10-25,500000.00,4.090625,97.21484375
08:00:32,91282CLM1,TSRYS5893517,D,S,D,2024-10-25,1000000.00,4.091289,97.2109375
08:00:32,91282CLM1,TSRYS5893517,D,S,D,2024-10-25,1000000.00,4.090957,97.212890625
08:00:32,91282CLM1,TSRYS5893517,D,S,D,2024-10-25,1000000.00,4.092618,97.203125
08:00:32,91282CLM1,TSRYS5893517,D,S,D,2024-10-25,1000000.00,4.092618,97.203125
08:00:32,91282CLM1,TSRYS5893517,D,S,D,2024-10-25,1000000.00,4.094944,97.189453125
08:00:32,91282CLM1,TSRYS5893517,D,S,D,2024-10-25,1000000.00,4.094612,97.19140625
08:00:32,91282CLM1,TSRYS5893517,D,S,D,2024-10-25,1000000.00,4.104582,97.1328125
08:00:32,91282CLM1,TSRYS5893517,D,S,D,2024-10-25,1000000.00,4.104582,97.1328125
08:00:32,91282CLM1,TSRYS5893517,D,S,D,2024-10-25,1000000.00,4.093283,97.19921875
08:00:32,91282CLM1,TSRYS5893517,D,S,D,2024-10-25,1000000.00,4.093947,97.1953125
08:00:32,91282CLM1,TSRYS5893517,D,S,D,2024-10-25,1000000.00,4.093283,97.19921875
08:00:32,91282CLM1,TSRYS5893517,D,S,D,2024-10-25,1000000.00,4.093283,97.19921875
08:00:32,91282CLM1,TSRYS5893517,D,S,D,2024-10-25,1000000.00,4.093283,97.19921875
08:00:32,91282CLM1,TSRYS5893517,D,S,T,2024-10-25,1000000.00,4.110568,97.09765625
08:00:32,91282CLM1,TSRYS5893517,D,S,T,2024-10-25,1000000.00,4.10824,97.111328125
08:00:32,91282CLM1,TSRYS5893517,D,S,T,2024-10-25,1000000.00,4.10691,97.119140625
08:00:32,91282CLM1,TSRYS5893517,D,S,T,2024-10-25,1000000.00,4.10691,97.119140625
08:00:32,91282CLM1,TSRYS5893517,D,S,T,2024-10-25,1000000.00,4.106245,97.123046875
08:00:32,91282CLM1,TSRYS5893517,D,S,T,2024-10-25,1000000.00,4.105247,97.12890625
08:00:33,91282CLM1,TSRYS5893517,D,S,T,2024-10-25,1000000.00,4.102255,97.146484375
08:00:33,91282CLM1,TSRYS5893517,D,S,T,2024-10-25,1000000.00,4.102255,97.146484375
08:00:33,91282CLM1,TSRYS5893517,D,S,T,2024-10-25,1000000.00,4.101923,97.1484375
08:00:33,91282CLM1,TSRYS5893517,D,S,T,2024-10-25,1000000.00,4.101258,97.15234375
08:00:33,91282CLM1,TSRYS5893517,D,S,T,2024-10-25,1000000.00,4.102255,97.146484375
08:00:33,91282CLM1,TSRYS5893517,D,S,T,2024-10-25,1000000.00,4.102588,97.14453125
08:00:33,91282CLM1,TSRYS5893517,D,S,T,2024-10-25,1000000.00,4.102588,97.14453125
08:00:33,91282CLM1,TSRYS5893517,D,S,T,2024-10-25,1000000.00,4.10159,97.150390625
08:00:33,91282CLM1,TSRYS5893517,D,S,T,2024-10-25,1000000.00,4.102588,97.14453125
08:00:33,91282CLM1,TSRYS5893517,D,S,T,2024-10-25,1000000.00,4.09727,97.17578125
08:00:33,91282CLM1,TSRYS5893517,D,S,T,2024-10-25,1000000.00,4.09727,97.17578125
08:00:33,91282CLM1,TSRYS5893517,D,S,T,2024-10-25,1000000.00,4.096937,97.177734375
08:00:33,91282CLM1,TSRYS5893517,D,S,T,2024-10-25,1000000.00,4.096937,97.177734375
08:00:33,91282CLM1,TSRYS5893517,D,S,T,2024-10-25,1000000.00,4.096937,97.177734375
08:00:33,91282CLM1,TSRYS5893517,D,S,T,2024-10-25,1000000.00,4.096937,97.177734375
08:00:33,91282CLM1,TSRYS5893517,D,S,T,2024-10-25,1000000.00,4.08332,97.2578125
08:00:33,91282CLM1,TSRYS5893517,D,S,T,2024-10-25,1000000.00,4.083652,97.255859375
08:00:33,91282CLM1,TSRYS5893517,D,S,T,2024-10-25,1000000.00,4.083984,97.25390625
08:00:33,91282CLM1,TSRYS5893517,D,S,T,2024-10-25,1000000.00,4.083984,97.25390625
08:00:33,91282CLM1,TSRYS5893517,D,S,D,2024-10-25,1000000.00,4.106577,97.12109375
08:00:33,91282CLM1,TSRYS5893517,D,S,D,2024-10-25,1000000.00,4.105247,97.12890625
08:00:33,91282CLM1,TSRYS5893517,D,S,D,2024-10-25,1000000.00,4.103585,97.138671875
08:00:33,91282CLM1,TSRYS5893517,D,S,D,2024-10-25,1000000.00,4.103585,97.138671875
08:00:33,91282CLM1,TSRYS5893517,D,S,D,2024-10-25,1000000.00,4.103585,97.138671875
08:00:33,91282CLM1,TSRYS5893517,D,S,D,2024-10-25,1000000.00,4.103585,97.138671875
08:00:33,91282CLM1,TSRYS5893517,D,S,T,2024-10-25,1000000.00,4.083652,97.255859375
08:00:33,91282CLM1,TSRYS5893517,D,S,T,2024-10-25,1000000.00,4.083652,97.255859375
08:00:33,91282CLM1,TSRYS5893517,D,S,T,2024-10-25,1000000.00,4.083984,97.25390625
08:00:33,91282CLM1,TSRYS5893517,D,S,T,2024-10-25,1000000.00,4.083984,97.25390625
08:00:33,91282CLM1,TSRYS5893517,D,S,T,2024-10-25,1000000.00,4.08498,97.248046875
08:00:33,91282CLM1,TSRYS5893517,D,S,T,2024-10-25,1000000.00,4.083652,97.255859375
08:00:33,91282CLM1,TSRYS5893517,D,S,T,2024-10-25,1000000.00,4.091289,97.2109375
08:00:33,91282CLM1,TSRYS5893517,D,S,T,2024-10-25,1000000.00,4.091289,97.2109375
08:00:33,91282CLM1,TSRYS5893517,D,S,D,2024-10-25,1000000.00,4.103585,97.138671875
08:00:33,91282CLM1,TSRYS5893517,D,S,D,2024-10-25,1000000.00,4.104582,97.1328125
08:00:33,91282CLM1,TSRYS5893517,D,S,D,2024-10-25,1000000.00,4.102255,97.146484375
08:00:33,91282CLM1,TSRYS5893517,D,S,T,2024-10-25,1000000.00,4.094612,97.19140625
08:00:33,91282CLM1,TSRYS5893517,D,S,T,2024-10-25,1000000.00,4.094612,97.19140625
08:00:33,91282CLM1,TSRYS5893517,D,S,T,2024-10-25,1000000.00,4.094612,97.19140625
08:00:33,91282CLM1,TSRYS5893517,D,S,T,2024-10-25,1000000.00,4.094612,97.19140625
08:00:33,91282CLM1,TSRYS5893517,D,S,T,2024-10-25,1000000.00,4.094612,97.19140625
08:00:33,91282CLM1,TSRYS5893517,D,S,T,2024-10-25,1000000.00,4.094612,97.19140625
08:00:33,91282CLM1,TSRYS5893517,D,S,T,2024-10-25,1000000.00,4.094279,97.193359375
08:00:33,91282CLM1,TSRYS5893517,D,S,T,2024-10-25,1000000.00,4.093947,97.1953125
08:00:33,91282CLM1,TSRYS5893517,D,S,T,2024-10-25,1000000.00,4.098267,97.169921875
08:00:33,91282CLM1,TSRYS5893517,D,S,T,2024-10-25,1000000.00,4.098267,97.169921875
08:00:33,91282CLM1,TSRYS5893517,D,S,T,2024-10-25,1000000.00,4.098931,97.166015625
08:00:33,91282CLM1,TSRYS5893517,D,S,T,2024-10-25,1000000.00,4.098599,97.16796875
08:00:33,91282CLM1,TSRYS5893517,D,S,T,2024-10-25,1000000.00,4.098599,97.16796875
08:00:33,91282CLM1,TSRYS5893517,D,S,T,2024-10-25,1000000.00,4.098931,97.166015625
08:00:33,91282CLM1,TSRYS5893517,D,S,T,2024-10-25,1000000.00,4.104582,97.1328125
08:00:33,91282CLM1,TSRYS5893517,D,S,T,2024-10-25,1000000.00,4.104582,97.1328125
08:00:33,91282CLM1,TSRYS5893517,D,S,T,2024-10-25,1000000.00,4.106245,97.123046875
08:00:33,91282CLM1,TSRYS5893517,D,S,T,2024-10-25,1000000.00,4.106245,97.123046875
08:00:33,91282CLM1,TSRYS5893517,D,S,T,2024-10-25,1000000.00,4.104915,97.130859375
08:00:33,91282CLM1,TSRYS5893517,D,S,T,2024-10-25,1000000.00,4.104915,97.130859375
08:00:33,91282CLM1,TSRYS5893517,D,S,T,2024-10-25,1000000.00,4.104915,97.130859375
08:00:33,91282CLM1,TSRYS5893517,D,S,T,2024-10-25,1000000.00,4.105247,97.12890625
08:00:33,91282CLM1,TSRYS5893517,D,S,T,2024-10-25,1000000.00,4.103585,97.138671875
08:00:33,91282CLM1,TSRYS5893517,D,S,T,2024-10-25,1000000.00,4.103585,97.138671875
08:00:33,91282CLM1,TSRYS5893517,D,S,T,2024-10-25,1000000.00,4.103585,97.138671875
08:00:33,91282CLM1,TSRYS5893517,D,S,T,2024-10-25,1000000.00,4.103585,97.138671875
08:00:33,91282CLM1,TSRYS5893517,D,S,T,2024-10-25,1000000.00,4.106577,97.12109375
08:00:33,91282CLM1,TSRYS5893517,D,S,T,2024-10-25,1000000.00,4.106577,97.12109375
08:00:33,91282CLM1,TSRYS5893517,D,S,T,2024-10-25,1000000.00,4.106577,97.12109375
08:00:33,91282CLM1,TSRYS5893517,D,S,T,2024-10-25,1000000.00,4.106577,97.12109375
08:00:33,91282CLM1,TSRYS5893517,D,S,T,2024-10-25,1000000.00,4.106245,97.123046875
08:00:33,91282CLM1,TSRYS5893517,D,S,T,2024-10-25,1000000.00,4.10425,97.134765625
08:00:33,91282CLM1,TSRYS5893517,D,S,T,2024-10-25,1000000.00,4.10425,97.134765625
08:00:33,91282CLM1,TSRYS5893517,D,S,T,2024-10-25,1000000.00,4.10425,97.134765625
08:00:33,91282CLM1,TSRYS5893517,D,S,T,2024-10-25,1000000.00,4.10425,97.134765625
08:00:33,91282CLM1,TSRYS5893517,D,S,T,2024-10-25,1000000.00,4.10425,97.134765625
08:00:33,91282CLM1,TSRYS5893517,D,S,T,2024-10-25,1000000.00,4.10425,97.134765625
08:00:33,91282CLM1,TSRYS5893517,D,S,T,2024-10-25,1000000.00,4.10425,97.134765625
08:00:33,91282CLM1,TSRYS5893517,D,S,T,2024-10-25,1000000.00,4.10425,97.134765625
08:00:33,91282CLM1,TSRYS5893517,D,S,T,2024-10-25,1000000.00,4.10425,97.134765625
08:00:33,91282CLM1,TSRYS5893517,D,S,T,2024-10-25,1000000.00,4.10425,97.134765625
08:00:33,91282CLM1,TSRYS5893517,D,S,T,2024-10-25,1000000.00,4.10425,97.134765625
08:00:33,91282CLM1,TSRYS5893517,D,S,T,2024-10-25,1000000.00,4.103917,97.13671875
08:00:33,91282CLM1,TSRYS5893517,D,S,T,2024-10-25,1000000.00,4.10425,97.134765625
08:00:33,91282CLM1,TSRYS5893517,D,S,T,2024-10-25,1000000.00,4.10425,97.134765625
08:00:33,91282CLM1,TSRYS5893517,D,S,T,2024-10-25,1000000.00,4.10425,97.134765625
08:00:33,91282CLM1,TSRYS5893517,D,S,T,2024-10-25,1000000.00,4.10425,97.134765625
08:00:33,91282CLM1,TSRYS5893517,D,S,T,2024-10-25,1000000.00,4.10425,97.134765625
08:00:33,91282CLM1,TSRYS5893517,D,S,T,2024-10-25,1000000.00,4.10425,97.134765625
08:00:33,91282CLM1,TSRYS5893517,D,S,T,2024-10-25,1000000.00,4.10425,97.134765625
08:00:33,91282CLM1,TSRYS5893517,D,S,T,2024-10-25,1000000.00,4.10425,97.134765625
08:00:33,91282CLM1,TSRYS5893517,D,S,T,2024-10-25,1000000.00,4.10425,97.134765625
08:00:33,91282CLM1,TSRYS5893517,D,S,T,2024-10-25,1000000.00,4.103917,97.13671875
08:00:33,91282CLM1,TSRYS5893517,D,S,T,2024-10-25,1000000.00,4.104582,97.1328125
08:00:33,91282CLM1,TSRYS5893517,D,S,T,2024-10-25,1000000.00,4.104582,97.1328125
08:00:33,91282CLM1,TSRYS5893517,D,S,T,2024-10-25,1000000.00,4.10425,97.134765625
08:00:33,91282CLM1,TSRYS5893517,D,S,T,2024-10-25,1000000.00,4.10425,97.134765625
08:00:33,91282CLM1,TSRYS5893517,D,S,T,2024-10-25,1000000.00,4.10425,97.134765625
08:00:33,91282CLM1,TSRYS5893517,D,S,T,2024-10-25,1000000.00,4.10425,97.134765625
08:00:33,91282CLM1,TSRYS5893517,D,S,T,2024-10-25,1000000.00,4.10425,97.134765625
08:00:33,91282CLM1,TSRYS5893517,D,S,T,2024-10-25,1000000.00,4.10425,97.134765625
08:00:33,91282CLM1,TSRYS5893517,D,S,T,2024-10-25,1000000.00,4.10425,97.134765625
08:00:33,91282CLM1,TSRYS5893517,D,S,D,2024-10-25,1000000.00,4.102588,97.14453125
08:00:33,91282CLM1,TSRYS5893517,D,S,D,2024-10-25,1000000.00,4.102588,97.14453125
08:00:33,91282CLM1,TSRYS5893517,D,S,D,2024-10-25,1000000.00,4.103917,97.13671875
08:00:33,91282CLM1,TSRYS5893517,D,S,D,2024-10-25,1000000.00,4.103585,97.138671875
08:00:33,91282CLM1,TSRYS5893517,D,S,D,2024-10-25,1000000.00,4.103585,97.138671875
08:00:33,91282CLM1,TSRYS5893517,D,S,D,2024-10-25,1000000.00,4.103585,97.138671875
08:00:33,91282CLM1,TSRYS5893517,D,S,D,2024-10-25,1000000.00,4.10425,97.134765625
08:00:33,91282CLM1,TSRYS5893517,D,S,D,2024-10-25,1000000.00,4.104582,97.1328125
08:00:33,91282CLM1,TSRYS5893517,D,S,D,2024-10-25,1000000.00,4.103917,97.13671875
08:00:33,91282CLM1,TSRYS5893517,D,S,D,2024-10-25,2000000.00,4.103585,97.138671875
08:00:33,91282CLM1,TSRYS5893517,D,S,C,2024-10-25,1000000.00,4.105912,97.125
08:00:33,91282CLM1,TSRYS5893517,D,S,D,2024-10-25,1000000.00,4.106577,97.12109375
08:00:33,91282CLM1,TSRYS5893517,D,S,D,2024-10-25,1000000.00,4.106577,97.12109375
08:00:33,91282CLM1,TSRYS5893517,D,S,D,2024-10-25,1000000.00,4.106577,97.12109375
08:00:33,91282CLM1,TSRYS5893517,D,S,D,2024-10-25,1000000.00,4.105912,97.125
08:00:33,91282CLM1,TSRYS5893517,D,S,T,2024-10-25,1000000.00,4.102255,97.146484375
08:00:33,91282CLM1,TSRYS5893517,D,S,T,2024-10-25,1000000.00,4.102255,97.146484375
08:00:33,91282CLM1,TSRYS5893517,D,S,T,2024-10-25,1000000.00,4.093947,97.1953125
08:00:33,91282CLM1,TSRYS5893517,D,S,T,2024-10-25,1000000.00,4.093283,97.19921875
08:00:33,91282CLM1,TSRYS5893517,D,S,T,2024-10-25,1000000.00,4.094279,97.193359375
08:00:33,91282CLM1,TSRYS5893517,D,S,T,2024-10-25,1000000.00,4.094279,97.193359375
08:00:33,91282CLM1,TSRYS5893517,D,S,T,2024-10-25,1000000.00,4.094279,97.193359375
08:00:33,91282CLM1,TSRYS5893517,D,S,T,2024-10-25,1000000.00,4.094612,97.19140625
08:00:33,91282CLM1,TSRYS5893517,D,S,T,2024-10-25,1000000.00,4.094612,97.19140625
08:00:34,91282CLM1,TSRYS5893517,D,S,D,2024-10-25,1000000.00,4.10425,97.134765625
08:00:34,91282CLM1,TSRYS5893517,D,S,D,2024-10-25,1000000.00,4.10425,97.134765625
08:00:34,91282CLM1,TSRYS5893517,D,S,D,2024-10-25,1000000.00,4.10425,97.134765625
08:00:34,91282CLM1,TSRYS5893517,D,S,D,2024-10-25,1000000.00,4.10425,97.134765625
08:00:34,91282CLM1,TSRYS5893517,D,S,D,2024-10-25,1000000.00,4.10425,97.134765625
08:00:34,91282CLM1,TSRYS5893517,D,S,D,2024-10-25,1000000.00,4.10425,97.134765625
08:00:34,91282CLM1,TSRYS5893517,D,S,C,2024-10-25,1000000.00,4.104582,97.1328125
08:00:34,91282CLM1,TSRYS5893517,D,S,D,2024-10-25,1000000.00,4.10425,97.134765625
08:00:34,91282CLM1,TSRYS5893517,D,S,D,2024-10-25,1000000.00,4.10425,97.134765625
08:00:34,91282CLM1,TSRYS5893517,D,S,D,2024-10-25,1000000.00,4.10425,97.134765625
08:00:34,91282CLM1,TSRYS5893517,D,S,D,2024-10-25,1000000.00,4.10425,97.134765625
08:00:34,91282CLM1,TSRYS5893517,D,S,D,2024-10-25,1000000.00,4.10425,97.134765625
08:00:34,91282CLM1,TSRYS5893517,D,S,D,2024-10-25,2000000.00,4.10425,97.134765625
08:00:34,91282CLM1,TSRYS5893517,D,S,D,2024-10-25,1000000.00,4.10425,97.134765625
08:00:34,91282CLM1,TSRYS5893517,D,S,D,2024-10-25,1000000.00,4.10425,97.134765625
08:00:34,91282CLM1,TSRYS5893517,D,S,D,2024-10-25,1000000.00,4.10425,97.134765625
08:00:34,91282CLM1,TSRYS5893517,D,S,C,2024-10-25,1000000.00,4.102255,97.146484375
08:00:38,91282CLM1,TSRYS5893517,D,S,T,2024-10-25,1000000.00,4.09727,97.17578125
08:00:38,91282CLM1,TSRYS5893517,D,S,T,2024-10-25,1000000.00,4.096605,97.1796875
08:00:39,91282CLM1,TSRYS5893517,D,S,C,2024-10-25,1000000.00,4.090957,97.212890625
08:00:39,91282CLM1,TSRYS5893517,D,S,C,2024-10-25,2500000.00,4.090574,97.21514375
08:00:40,91282CLM1,TSRYS5893517,D,S,D,2024-10-25,1000000.00,4.0883,97.228515625
08:00:40,91282CLM1,TSRYS5893517,D,S,D,2024-10-25,4000000.00,4.089961,97.21875
08:00:40,91282CLM1,TSRYS5893517,D,B,C,2024-10-25,1000000.00,4.091622,97.208984375
08:00:40,91282CLM1,TSRYS5893517,D,B,C,2024-10-25,1000000.00,4.091622,97.208984375
08:00:40,91282CLM1,TSRYS5893517,D,S,D,2024-10-25,1000000.00,4.091622,97.208984375
08:00:40,91282CLM1,TSRYS5893517,D,S,D,2024-10-25,1000000.00,4.091622,97.208984375
08:00:40,91282CLM1,TSRYS5893517,D,B,C,2024-10-25,1000000.00,4.090957,97.212890625
08:00:40,91282CLM1,TSRYS5893517,D,B,C,2024-10-25,1000000.00,4.090957,97.212890625
08:00:40,91282CLM1,TSRYS5893517,D,S,D,2024-10-25,1000000.00,4.090957,97.212890625
08:00:40,91282CLM1,TSRYS5893517,D,S,D,2024-10-25,1000000.00,4.090957,97.212890625
08:00:40,91282CLM1,TSRYS5893517,D,B,C,2024-10-25,1000000.00,4.091622,97.208984375
08:00:40,91282CLM1,TSRYS5893517,D,B,C,2024-10-25,1000000.00,4.091622,97.208984375
08:00:40,91282CLM1,TSRYS5893517,D,S,D,2024-10-25,1000000.00,4.091622,97.208984375
08:00:40,91282CLM1,TSRYS5893517,D,S,D,2024-10-25,1000000.00,4.091622,97.208984375
08:00:41,91282CLM1,TSRYS5893517,D,B,C,2024-10-25,1000000.00,4.091289,97.2109375
08:00:41,91282CLM1,TSRYS5893517,D,B,C,2024-10-25,1000000.00,4.091289,97.2109375
08:00:41,91282CLM1,TSRYS5893517,D,B,C,2024-10-25,2000000.00,4.091289,97.2109375
08:00:41,91282CLM1,TSRYS5893517,D,S,D,2024-10-25,1000000.00,4.091289,97.2109375
08:00:41,91282CLM1,TSRYS5893517,D,S,D,2024-10-25,2000000.00,4.091289,97.2109375
08:00:41,91282CLM1,TSRYS5893517,D,S,D,2024-10-25,1000000.00,4.091289,97.2109375
08:00:41,91282CLM1,TSRYS5893517,D,B,C,2024-10-25,1000000.00,4.091622,97.208984375
08:00:41,91282CLM1,TSRYS5893517,D,B,C,2024-10-25,1000000.00,4.091954,97.20703125
08:00:41,91282CLM1,TSRYS5893517,D,S,D,2024-10-25,1000000.00,4.091622,97.208984375
08:00:41,91282CLM1,TSRYS5893517,D,S,D,2024-10-25,1000000.00,4.091954,97.20703125
08:00:41,91282CLM1,TSRYS5893517,D,B,C,2024-10-25,1000000.00,4.09295,97.201171875
08:00:41,91282CLM1,TSRYS5893517,D,S,D,2024-10-25,1000000.00,4.09295,97.201171875
08:00:42,91282CLM1,TSRYS5893517,D,B,C,2024-10-25,1000000.00,4.092618,97.203125
08:00:42,91282CLM1,TSRYS5893517,D,S,D,2024-10-25,1000000.00,4.092618,97.203125
08:00:44,91282CLM1,TSRYS5893517,D,S,D,2024-10-25,500000.00,4.092618,97.203125
08:00:44,91282CLM1,TSRYS5893517,D,S,D,2024-10-25,500000.00,4.09727,97.17578125
08:00:44,91282CLM1,TSRYS5893517,D,S,D,2024-10-25,500000.00,4.096605,97.1796875
08:00:44,91282CLM1,TSRYS5893517,D,S,D,2024-10-25,500000.00,4.096605,97.1796875
08:00:44,91282CLM1,TSRYS5893517,D,S,D,2024-10-25,500000.00,4.090625,97.21484375
08:00:44,91282CLM1,TSRYS5893517,D,S,D,2024-10-25,500000.00,4.090625,97.21484375
08:00:44,91282CLM1,TSRYS5893517,D,S,D,2024-10-25,2970000.00,4.089297,97.22265625
08:00:44,91282CLM1,TSRYS5893517,D,S,D,2024-10-25,500000.00,4.091954,97.20703125
08:00:44,91282CLM1,TSRYS5893517,D,S,D,2024-10-25,500000.00,4.092618,97.203125
08:00:44,91282CLM1,TSRYS5893517,D,B,C,2024-10-25,1000000.00,4.094612,97.19140625
08:00:44,91282CLM1,TSRYS5893517,D,S,D,2024-10-25,2000000.00,4.093947,97.1953125
08:00:44,91282CLM1,TSRYS5893517,D,B,C,2024-10-25,1000000.00,4.094612,97.19140625
08:00:44,91282CLM1,TSRYS5893517,D,S,D,2024-10-25,1000000.00,4.093947,97.1953125
08:00:44,91282CLM1,TSRYS5893517,D,S,D,2024-10-25,1000000.00,4.094612,97.19140625
08:00:44,91282CLM1,TSRYS5893517,D,B,C,2024-10-25,1000000.00,4.093947,97.1953125
08:00:44,91282CLM1,TSRYS5893517,D,S,D,2024-10-25,1000000.00,4.094612,97.19140625
08:00:44,91282CLM1,TSRYS5893517,D,S,D,2024-10-25,1000000.00,4.094944,97.189453125
08:00:45,91282CLM1,TSRYS5893517,D,S,C,2024-10-25,1000000.00,4.094612,97.19140625
08:00:45,91282CLM1,TSRYS5893517,D,S,A,2024-10-25,1000000.00,4.103253,97.140625
08:00:45,91282CLM1,TSRYS5893517,D,B,A,2024-10-25,1000000.00,4.103253,97.140625
08:00:45,91282CLM1,TSRYS5893517,D,S,D,2024-10-25,1000000.00,4.094612,97.19140625
08:00:45,91282CLM1,TSRYS5893517,D,S,D,2024-10-25,1000000.00,4.094612,97.19140625
08:00:45,91282CLM1,TSRYS5893517,D,S,A,2024-10-25,1000000.00,4.103253,97.140625
08:00:45,91282CLM1,TSRYS5893517,D,B,C,2024-10-25,1000000.00,4.095941,97.18359375
08:00:45,91282CLM1,TSRYS5893517,D,B,C,2024-10-25,1000000.00,4.095941,97.18359375
08:00:45,91282CLM1,TSRYS5893517,D,B,A,2024-10-25,1000000.00,4.103253,97.140625
08:00:45,91282CLM1,TSRYS5893517,D,S,D,2024-10-25,1000000.00,4.095941,97.18359375
08:00:45,91282CLM1,TSRYS5893517,D,S,D,2024-10-25,1000000.00,4.095941,97.18359375
08:00:47,91282CLM1,TSRYS5893517,D,S,A,2024-10-25,1000000.00,4.103253,97.140625
08:00:47,91282CLM1,TSRYS5893517,D,B,A,2024-10-25,1000000.00,4.103253,97.140625
08:00:47,91282CLM1,TSRYS5893517,D,S,C,2024-10-25,2971000.00,4.095276,97.1875
08:00:47,91282CLM1,TSRYS5893517,D,B,A,2024-10-25,1000000.00,4.103253,97.140625
08:00:47,91282CLM1,TSRYS5893517,D,S,A,2024-10-25,1000000.00,4.103253,97.140625
08:00:48,91282CLM1,TSRYS5893517,D,S,A,2024-10-25,18000000.00,4.105912,97.125
08:00:49,91282CLM1,TSRYS5893517,D,S,A,2024-10-25,500000.00,4.104582,97.1328125
08:00:52,91282CLM1,TSRYS5893517,D,S,D,2024-10-25,2971000.00,,97.1875
08:00:52,91282CLM1,TSRYS5893517,D,B,C,2024-10-25,1860000.00,4.089961,97.21875
08:00:57,91282CLM1,TSRYS5893517,D,S,D,2024-10-25,1000000.00,4.095276,97.1875
08:01:00,91282CLM1,TSRYS5893517,D,S,D,2024-10-25,1860000.00,4.089961,97.21875
08:01:04,91282CLM1,TSRYS5893517,D,S,T,2024-10-25,1000000.00,4.091962,97.20698125
08:01:05,91282CLM1,TSRYS5893517,D,S,D,2024-10-25,2843000.00,4.089961,97.21875
08:01:09,91282CLM1,TSRYS5893517,D,S,D,2024-10-25,1000000.00,4.095276,97.1875
08:01:09,91282CLM1,TSRYS5893517,D,S,D,2024-10-25,1000000.00,4.095276,97.1875
08:01:09,91282CLM1,TSRYS5893517,D,S,D,2024-10-25,2000000.00,4.095276,97.1875
08:01:10,91282CLM1,TSRYS5893517,D,S,T,2024-10-25,1000000.00,4.10194,97.1483375
08:01:10,91282CLM1,TSRYS5893517,D,S,T,2024-10-25,1000000.00,4.092635,97.203025
08:01:10,91282CLM1,TSRYS5893517,D,S,T,2024-10-25,1000000.00,4.092635,97.203025
08:01:10,91282CLM1,TSRYS5893517,D,S,T,2024-10-25,1000000.00,4.095293,97.1874
08:01:10,91282CLM1,TSRYS5893517,D,S,T,2024-10-25,1000000.00,4.109933,97.1013875
08:01:10,91282CLM1,TSRYS5893517,D,S,T,2024-10-25,1000000.00,4.101953,97.1482625
08:01:10,91282CLM1,TSRYS5893517,D,S,T,2024-10-25,1000000.00,4.092648,97.20295
08:01:10,91282CLM1,TSRYS5893517,D,S,T,2024-10-25,1000000.00,4.101961,97.1482125
08:01:10,91282CLM1,TSRYS5893517,D,S,T,2024-10-25,1000000.00,4.101961,97.1482125
08:01:10,91282CLM1,TSRYS5893517,D,S,T,2024-10-25,1000000.00,4.092656,97.2029
08:01:10,91282CLM1,TSRYS5893517,D,S,T,2024-10-25,2000000.00,4.092656,97.2029
08:01:10,91282CLM1,TSRYS5893517,D,S,T,2024-10-25,1000000.00,4.095314,97.187275
08:01:11,91282CLM1,TSRYS5893517,D,B,C,2024-10-25,1000000.00,4.11009,97.1004625
08:01:11,91282CLM1,TSRYS5893517,D,S,C,2024-10-25,1000000.00,4.110901,97.095703125
08:01:11,91282CLM1,TSRYS5893517,D,S,D,2024-10-25,1000000.00,4.109903,97.1015625
08:01:11,91282CLM1,TSRYS5893517,D,S,C,2024-10-25,1000000.00,4.108905,97.107421875
08:01:11,91282CLM1,TSRYS5893517,D,B,C,2024-10-25,4000000.00,4.10211,97.1473375
08:01:11,91282CLM1,TSRYS5893517,D,S,D,2024-10-25,4000000.00,4.097234,97.175993
08:01:11,91282CLM1,TSRYS5893517,D,B,C,2024-10-25,8000000.00,4.09347,97.1981188
08:01:11,91282CLM1,TSRYS5893517,D,B,C,2024-10-25,4000000.00,4.095463,97.1864
08:01:11,91282CLM1,TSRYS5893517,D,B,C,2024-10-25,4000000.00,4.095463,97.1864
08:01:11,91282CLM1,TSRYS5893517,D,S,C,2024-10-25,1000000.00,4.106577,97.12109375
08:01:11,91282CLM1,TSRYS5893517,D,S,C,2024-10-25,1000000.00,4.106245,97.123046875
08:01:11,91282CLM1,TSRYS5893517,D,S,C,2024-10-25,1000000.00,4.105912,97.125
08:01:12,91282CLM1,TSRYS5893517,D,S,C,2024-10-25,1000000.00,4.101923,97.1484375
08:01:12,91282CLM1,TSRYS5893517,D,S,C,2024-10-25,1000000.00,4.100593,97.15625
08:01:13,91282CLM1,TSRYS5893517,D,S,C,2024-10-25,1000000.00,4.10292,97.142578125
08:01:13,91282CLM1,TSRYS5893517,D,S,C,2024-10-25,1000000.00,4.100593,97.15625
08:01:13,91282CLM1,TSRYS5893517,D,S,C,2024-10-25,1000000.00,4.102588,97.14453125
08:01:13,91282CLM1,TSRYS5893517,D,S,D,2024-10-25,1000000.00,4.102255,97.146484375
08:01:13,91282CLM1,TSRYS5893517,D,S,D,2024-10-25,1000000.00,4.102255,97.146484375
08:01:13,91282CLM1,TSRYS5893517,D,S,D,2024-10-25,1000000.00,4.102255,97.146484375
08:01:13,91282CLM1,TSRYS5893517,D,S,D,2024-10-25,1000000.00,4.102255,97.146484375
08:01:13,91282CLM1,TSRYS5893517,D,S,D,2024-10-25,1000000.00,4.102255,97.146484375
08:01:13,91282CLM1,TSRYS5893517,D,S,C,2024-10-25,1000000.00,4.102255,97.146484375
08:01:13,91282CLM1,TSRYS5893517,D,S,C,2024-10-25,1000000.00,4.102255,97.146484375
08:01:13,91282CLM1,TSRYS5893517,D,S,C,2024-10-25,1000000.00,4.102588,97.14453125
08:01:13,91282CLM1,TSRYS5893517,D,S,D,2024-10-25,1000000.00,4.102255,97.146484375
08:01:13,91282CLM1,TSRYS5893517,D,S,D,2024-10-25,1000000.00,4.102255,97.146484375
08:01:13,91282CLM1,TSRYS5893517,D,S,C,2024-10-25,1000000.00,4.101923,97.1484375
08:01:14,91282CLM1,TSRYS5893517,D,S,C,2024-10-25,1000000.00,4.102255,97.146484375
08:01:14,91282CLM1,TSRYS5893517,D,S,C,2024-10-25,1000000.00,4.102588,97.14453125
08:01:14,91282CLM1,TSRYS5893517,D,S,D,2024-10-25,1000000.00,4.102255,97.146484375
08:01:14,91282CLM1,TSRYS5893517,D,S,D,2024-10-25,1000000.00,4.102255,97.146484375
08:01:14,91282CLM1,TSRYS5893517,D,S,C,2024-10-25,1000000.00,4.102588,97.14453125
08:01:14,91282CLM1,TSRYS5893517,D,B,C,2024-10-25,1000000.00,4.09727,97.17578125
08:01:14,91282CLM1,TSRYS5893517,D,S,D,2024-10-25,1000000.00,4.09727,97.17578125
08:01:14,91282CLM1,TSRYS5893517,D,S,D,2024-10-25,1000000.00,4.097602,97.173828125
08:01:14,91282CLM1,TSRYS5893517,D,B,C,2024-10-25,1000000.00,4.097602,97.173828125
08:01:14,91282CLM1,TSRYS5893517,D,S,D,2024-10-25,1000000.00,4.09727,97.17578125
08:01:14,91282CLM1,TSRYS5893517,D,S,D,2024-10-25,1000000.00,4.09727,97.17578125
08:01:14,91282CLM1,TSRYS5893517,D,S,D,2024-10-25,1000000.00,4.093947,97.1953125
08:01:14,91282CLM1,TSRYS5893517,D,S,D,2024-10-25,1000000.00,4.085976,97.2421875
08:01:14,91282CLM1,TSRYS5893517,D,S,D,2024-10-25,1000000.00,4.08332,97.2578125
08:01:14,91282CLM1,TSRYS5893517,D,B,C,2024-10-25,1000000.00,4.082324,97.263671875
08:01:14,91282CLM1,TSRYS5893517,D,S,D,2024-10-25,1000000.00,4.082324,97.263671875
08:01:14,91282CLM1,TSRYS5893517,D,S,D,2024-10-25,1000000.00,4.081992,97.265625
08:01:15,91282CLM1,TSRYS5893517,D,S,C,2024-10-25,1000000.00,4.0883,97.228515625
08:01:15,91282CLM1,TSRYS5893517,D,S,D,2024-10-25,1000000.00,4.089961,97.21875
08:01:15,91282CLM1,TSRYS5893517,D,S,D,2024-10-25,1000000.00,4.09295,97.201171875
08:01:15,91282CLM1,TSRYS5893517,D,S,D,2024-10-25,1000000.00,4.092286,97.205078125
08:01:15,91282CLM1,TSRYS5893517,D,S,D,2024-10-25,1000000.00,4.09295,97.201171875
08:01:16,91282CLM1,TSRYS5893517,D,B,C,2024-10-25,1000000.00,4.096273,97.181640625
08:01:16,91282CLM1,TSRYS5893517,D,S,D,2024-10-25,1000000.00,4.096273,97.181640625
08:01:16,91282CLM1,TSRYS5893517,D,S,D,2024-10-25,1000000.00,4.089629,97.220703125
08:01:16,91282CLM1,TSRYS5893517,D,B,C,2024-10-25,1000000.00,4.089629,97.220703125
08:01:16,91282CLM1,TSRYS5893517,D,S,D,2024-10-25,1000000.00,4.089629,97.220703125
08:01:16,91282CLM1,TSRYS5893517,D,B,C,2024-10-25,1000000.00,4.090625,97.21484375
08:01:16,91282CLM1,TSRYS5893517,D,B,C,2024-10-25,1000000.00,4.089629,97.220703125
08:01:16,91282CLM1,TSRYS5893517,D,S,D,2024-10-25,1000000.00,4.090625,97.21484375
08:01:16,91282CLM1,TSRYS5893517,D,B,C,2024-10-25,1000000.00,4.091954,97.20703125
08:01:16,91282CLM1,TSRYS5893517,D,S,D,2024-10-25,1000000.00,4.091954,97.20703125
08:01:16,91282CLM1,TSRYS5893517,D,S,D,2024-10-25,1000000.00,4.09295,97.201171875
08:01:16,91282CLM1,TSRYS5893517,D,S,C,2024-10-25,1000000.00,4.094944,97.189453125
08:01:16,91282CLM1,TSRYS5893517,D,B,C,2024-10-25,1000000.00,4.09295,97.201171875
08:01:16,91282CLM1,TSRYS5893517,D,S,D,2024-10-25,1000000.00,4.098599,97.16796875
08:01:16,91282CLM1,TSRYS5893517,D,S,C,2024-10-25,1000000.00,4.096273,97.181640625
08:01:16,91282CLM1,TSRYS5893517,D,S,C,2024-10-25,1000000.00,4.096273,97.181640625
08:01:17,91282CLM1,TSRYS5893517,D,S,D,2024-10-25,1000000.00,4.095276,97.1875
08:01:17,91282CLM1,TSRYS5893517,D,S,D,2024-10-25,1000000.00,4.107575,97.115234375
08:01:17,91282CLM1,TSRYS5893517,D,S,D,2024-10-25,1000000.00,4.102255,97.14648437
08:01:17,91282CLM1,TSRYS5893517,D,S,C,2024-10-25,1000000.00,4.102255,97.14648437
08:01:17,91282CLM1,TSRYS5893517,D,S,D,2024-10-25,1000000.00,4.102255,97.14648437
08:01:17,91282CLM1,TSRYS5893517,D,S,D,2024-10-25,1000000.00,4.102255,97.14648437
08:01:17,91282CLM1,TSRYS5893517,D,S,C,2024-10-25,1000000.00,4.086972,97.23632812
08:01:17,91282CLM1,TSRYS5893517,D,S,D,2024-10-25,1000000.00,4.086972,97.23632812
08:01:17,91282CLM1,TSRYS5893517,D,S,C,2024-10-25,1000000.00,4.10691,97.119140625
08:01:17,91282CLM1,TSRYS5893517,D,S,D,2024-10-25,1000000.00,4.106245,97.123046875
08:01:17,91282CLM1,TSRYS5893517,D,S,D,2024-10-25,1000000.00,4.106245,97.123046875
08:01:17,91282CLM1,TSRYS5893517,D,S,D,2024-10-25,1000000.00,4.107575,97.115234375
08:01:17,91282CLM1,TSRYS5893517,D,S,D,2024-10-25,1000000.00,4.106577,97.12109375
08:01:17,91282CLM1,TSRYS5893517,D,S,D,2024-10-25,1000000.00,4.104915,97.130859375
08:01:17,91282CLM1,TSRYS5893517,D,S,D,2024-10-25,1000000.00,4.107243,97.1171875
08:01:17,91282CLM1,TSRYS5893517,D,S,D,2024-10-25,1000000.00,4.10691,97.119140625
08:01:17,91282CLM1,TSRYS5893517,D,S,C,2024-10-25,1000000.00,4.10558,97.126953125
08:01:17,91282CLM1,TSRYS5893517,D,S,C,2024-10-25,1000000.00,4.104915,97.130859375
08:01:17,91282CLM1,TSRYS5893517,D,S,T,2024-10-25,1000000.00,4.102255,97.14648437
08:01:17,91282CLM1,TSRYS5893517,D,S,T,2024-10-25,1000000.00,4.102255,97.14648437
08:01:17,91282CLM1,TSRYS5893517,D,S,D,2024-10-25,1000000.00,4.102255,97.14648437
08:01:17,91282CLM1,TSRYS5893517,D,S,C,2024-10-25,2000000.00,4.10558,97.126953125
08:01:17,91282CLM1,TSRYS5893517,D,S,C,2024-10-25,1000000.00,4.104915,97.130859375
08:01:17,91282CLM1,TSRYS5893517,D,S,D,2024-10-25,1000000.00,4.10558,97.126953125
08:01:17,91282CLM1,TSRYS5893517,D,S,D,2024-10-25,1000000.00,4.10558,97.126953125
08:01:17,91282CLM1,TSRYS5893517,D,S,D,2024-10-25,1000000.00,4.105247,97.12890625
08:01:18,91282CLM1,TSRYS5893517,D,S,T,2024-10-25,1000000.00,4.102255,97.14648437
08:01:18,91282CLM1,TSRYS5893517,D,S,D,2024-10-25,1000000.00,4.103585,97.138671875
08:01:18,91282CLM1,TSRYS5893517,D,B,C,2024-10-25,1000000.00,4.103585,97.138671875
08:01:18,91282CLM1,TSRYS5893517,D,S,D,2024-10-25,1000000.00,4.103585,97.138671875
08:01:18,91282CLM1,TSRYS5893517,D,S,T,2024-10-25,1000000.00,4.102255,97.14648437
08:01:18,91282CLM1,TSRYS5893517,D,S,D,2024-10-25,1000000.00,4.103585,97.138671875
08:01:18,91282CLM1,TSRYS5893517,D,S,D,2024-10-25,1000000.00,4.104582,97.1328125
08:01:18,91282CLM1,TSRYS5893517,D,S,D,2024-10-25,1000000.00,4.102255,97.14648437
08:01:18,91282CLM1,TSRYS5893517,D,S,D,2024-10-25,1000000.00,4.102588,97.14453125
08:01:18,91282CLM1,TSRYS5893517,D,S,D,2024-10-25,1000000.00,4.102588,97.14453125
08:01:18,91282CLM1,TSRYS5893517,D,S,D,2024-10-25,1000000.00,4.102255,97.146484375
08:01:18,91282CLM1,TSRYS5893517,D,S,D,2024-10-25,1000000.00,4.102255,97.14648437
08:01:18,91282CLM1,TSRYS5893517,D,S,D,2024-10-25,1000000.00,4.103917,97.13671875
08:01:18,91282CLM1,TSRYS5893517,D,B,C,2024-10-25,1000000.00,4.103917,97.13671875
08:01:18,91282CLM1,TSRYS5893517,D,S,C,2024-10-25,1000000.00,4.102255,97.14648437
08:01:18,91282CLM1,TSRYS5893517,D,S,D,2024-10-25,1000000.00,4.103585,97.138671875
08:01:18,91282CLM1,TSRYS5893517,D,S,D,2024-10-25,1000000.00,4.103585,97.138671875
08:01:18,91282CLM1,TSRYS5893517,D,B,C,2024-10-25,1000000.00,4.103585,97.138671875
08:01:18,91282CLM1,TSRYS5893517,D,S,D,2024-10-25,345000.00,4.105247,97.12890625
08:01:18,91282CLM1,TSRYS5893517,D,S,D,2024-10-25,1000000.00,4.103585,97.138671875
08:01:18,91282CLM1,TSRYS5893517,D,B,C,2024-10-25,1000000.00,4.10425,97.134765625
08:01:18,91282CLM1,TSRYS5893517,D,S,D,2024-10-25,1000000.00,4.10425,97.134765625
08:01:18,91282CLM1,TSRYS5893517,D,S,D,2024-10-25,1000000.00,4.104582,97.1328125
08:01:18,91282CLM1,TSRYS5893517,D,B,C,2024-10-25,2000000.00,4.103585,97.138671875
08:01:18,91282CLM1,TSRYS5893517,D,S,D,2024-10-25,1000000.00,4.103917,97.13671875
08:01:18,91282CLM1,TSRYS5893517,D,S,D,2024-10-25,1000000.00,4.102255,97.14648437
08:01:18,91282CLM1,TSRYS5893517,D,S,D,2024-10-25,2000000.00,4.103585,97.138671875
08:01:18,91282CLM1,TSRYS5893517,D,S,T,2024-10-25,1000000.00,4.102255,97.14648437
08:01:18,91282CLM1,TSRYS5893517,D,S,D,2024-10-25,1000000.00,4.105912,97.125
08:01:18,91282CLM1,TSRYS5893517,D,S,D,2024-10-25,1000000.00,4.106577,97.12109375
08:01:18,91282CLM1,TSRYS5893517,D,S,C,2024-10-25,1000000.00,4.107575,97.115234375
08:01:18,91282CLM1,TSRYS5893517,D,S,D,2024-10-25,1000000.00,4.10691,97.119140625
08:01:18,91282CLM1,TSRYS5893517,D,S,D,2024-10-25,1000000.00,4.106577,97.12109375
08:01:18,91282CLM1,TSRYS5893517,D,B,C,2024-10-25,1000000.00,4.106577,97.12109375
08:01:18,91282CLM1,TSRYS5893517,D,S,D,2024-10-25,1000000.00,4.106577,97.12109375
08:01:18,91282CLM1,TSRYS5893517,D,S,C,2024-10-25,1000000.00,4.10691,97.119140625
08:01:18,91282CLM1,TSRYS5893517,D,S,C,2024-10-25,1000000.00,4.10691,97.119140625
08:01:18,91282CLM1,TSRYS5893517,D,S,D,2024-10-25,1000000.00,4.105912,97.125
08:01:18,91282CLM1,TSRYS5893517,D,S,D,2024-10-25,1000000.00,4.104582,97.1328125
08:01:18,91282CLM1,TSRYS5893517,D,S,D,2024-10-25,1000000.00,4.10425,97.134765625
08:01:18,91282CLM1,TSRYS5893517,D,S,D,2024-10-25,1000000.00,4.10425,97.134765625
08:01:18,91282CLM1,TSRYS5893517,D,S,D,2024-10-25,1000000.00,4.104582,97.1328125
08:01:18,91282CLM1,TSRYS5893517,D,S,D,2024-10-25,1000000.00,4.10425,97.134765625
08:01:18,91282CLM1,TSRYS5893517,D,S,D,2024-10-25,1000000.00,4.104582,97.1328125
08:01:18,91282CLM1,TSRYS5893517,D,S,D,2024-10-25,1000000.00,4.10425,97.134765625
08:01:18,91282CLM1,TSRYS5893517,D,S,D,2024-10-25,1000000.00,4.104582,97.1328125
08:01:18,91282CLM1,TSRYS5893517,D,S,D,2024-10-25,1000000.00,4.102255,97.14648437
08:01:18,91282CLM1,TSRYS5893517,D,S,D,2024-10-25,2000000.00,4.105247,97.12890625
08:01:18,91282CLM1,TSRYS5893517,D,B,C,2024-10-25,1000000.00,4.105247,97.12890625
08:01:18,91282CLM1,TSRYS5893517,D,S,D,2024-10-25,1000000.00,4.104915,97.130859375
08:01:18,91282CLM1,TSRYS5893517,D,B,C,2024-10-25,2000000.00,4.105247,97.12890625
08:01:18,91282CLM1,TSRYS5893517,D,S,D,2024-10-25,1000000.00,4.105247,97.12890625
08:01:18,91282CLM1,TSRYS5893517,D,S,D,2024-10-25,1000000.00,4.104582,97.1328125
08:01:18,91282CLM1,TSRYS5893517,D,S,D,2024-10-25,1000000.00,4.104582,97.1328125
08:01:18,91282CLM1,TSRYS5893517,D,S,D,2024-10-25,1000000.00,4.104915,97.130859375
08:01:18,91282CLM1,TSRYS5893517,D,S,D,2024-10-25,1000000.00,4.103585,97.138671875
08:01:19,91282CLM1,TSRYS5893517,D,S,D,2024-10-25,1000000.00,4.104582,97.1328125
08:01:19,91282CLM1,TSRYS5893517,D,S,D,2024-10-25,1000000.00,4.10425,97.134765625
08:01:19,91282CLM1,TSRYS5893517,D,B,C,2024-10-25,1000000.00,4.103253,97.140625
08:01:19,91282CLM1,TSRYS5893517,D,S,D,2024-10-25,1000000.00,4.10425,97.134765625
08:01:19,91282CLM1,TSRYS5893517,D,S,D,2024-10-25,1000000.00,4.102255,97.146484375
08:01:19,91282CLM1,TSRYS5893517,D,S,D,2024-10-25,2000000.00,4.10425,97.134765625
08:01:19,91282CLM1,TSRYS5893517,D,S,D,2024-10-25,1000000.00,4.10425,97.134765625
08:01:19,91282CLM1,TSRYS5893517,D,S,C,2024-10-25,1000000.00,4.103253,97.140625
08:01:19,91282CLM1,TSRYS5893517,D,B,C,2024-10-25,1000000.00,4.102255,97.146484375
08:01:19,91282CLM1,TSRYS5893517,D,S,C,2024-10-25,1000000.00,4.102588,97.14453125
08:01:19,91282CLM1,TSRYS5893517,D,S,C,2024-10-25,1000000.00,4.102588,97.14453125
08:01:19,91282CLM1,TSRYS5893517,D,S,C,2024-10-25,1000000.00,4.102588,97.14453125
08:01:19,91282CLM1,TSRYS5893517,D,S,C,2024-10-25,1000000.00,4.102588,97.14453125
08:01:19,91282CLM1,TSRYS5893517,D,B,C,2024-10-25,17000000.00,4.106246,97.12304
08:01:19,91282CLM1,TSRYS5893517,D,S,C,2024-10-25,1000000.00,4.103253,97.140625
08:01:19,91282CLM1,TSRYS5893517,D,S,D,2024-10-25,1000000.00,4.102255,97.14648437
08:01:19,91282CLM1,TSRYS5893517,D,S,D,2024-10-25,1000000.00,4.102255,97.14648437
08:01:19,91282CLM1,TSRYS5893517,D,S,T,2024-10-25,1000000.00,4.095276,97.1875
08:01:19,91282CLM1,TSRYS5893517,D,S,T,2024-10-25,2000000.00,4.095276,97.1875
08:01:19,91282CLM1,TSRYS5893517,D,S,T,2024-10-25,1000000.00,4.095276,97.1875
08:01:19,91282CLM1,TSRYS5893517,D,S,D,2024-10-25,1000000.00,4.09727,97.17578125
08:01:19,91282CLM1,TSRYS5893517,D,S,C,2024-10-25,1000000.00,4.09727,97.17578125
08:01:20,91282CLM1,TSRYS5893517,D,S,D,2024-10-25,1000000.00,4.102255,97.14648437
08:01:20,91282CLM1,TSRYS5893517,D,S,D,2024-10-25,1000000.00,4.090957,97.212890625
08:01:20,91282CLM1,TSRYS5893517,D,S,D,2024-10-25,1000000.00,4.091954,97.20703125
08:01:20,91282CLM1,TSRYS5893517,D,S,T,2024-10-25,1000000.00,4.102255,97.14648437
08:01:20,91282CLM1,TSRYS5893517,D,S,D,2024-10-25,1000000.00,4.091622,97.208984375
08:01:20,91282CLM1,TSRYS5893517,D,S,D,2024-10-25,2000000.00,4.090625,97.21484375
08:01:20,91282CLM1,TSRYS5893517,D,S,D,2024-10-25,1000000.00,4.0883,97.228515625
08:01:20,91282CLM1,TSRYS5893517,D,S,D,2024-10-25,1000000.00,4.089961,97.21875
08:01:20,91282CLM1,TSRYS5893517,D,S,D,2024-10-25,4000000.00,4.089961,97.21875
08:01:20,91282CLM1,TSRYS5893517,D,B,C,2024-10-25,1000000.00,4.090293,97.216796875
08:01:20,91282CLM1,TSRYS5893517,D,S,D,2024-10-25,1000000.00,4.090293,97.216796875
08:01:20,91282CLM1,TSRYS5893517,D,S,D,2024-10-25,1000000.00,4.091289,97.2109375
08:01:20,91282CLM1,TSRYS5893517,D,S,D,2024-10-25,1000000.00,4.091622,97.208984375
08:01:20,91282CLM1,TSRYS5893517,D,S,D,2024-10-25,1000000.00,4.091622,97.208984375
08:01:20,91282CLM1,TSRYS5893517,D,S,D,2024-10-25,1000000.00,4.090957,97.212890625
08:01:20,91282CLM1,TSRYS5893517,D,S,D,2024-10-25,1000000.00,4.090957,97.212890625
08:01:20,91282CLM1,TSRYS5893517,D,S,D,2024-10-25,1000000.00,4.090957,97.212890625
08:01:20,91282CLM1,TSRYS5893517,D,S,D,2024-10-25,1000000.00,4.091622,97.208984375
08:01:20,91282CLM1,TSRYS5893517,D,S,D,2024-10-25,1000000.00,4.091622,97.208984375
08:01:20,91282CLM1,TSRYS5893517,D,S,D,2024-10-25,2000000.00,4.091289,97.2109375
08:01:20,91282CLM1,TSRYS5893517,D,S,D,2024-10-25,1000000.00,4.091289,97.2109375
08:01:20,91282CLM1,TSRYS5893517,D,S,D,2024-10-25,1000000.00,4.091289,97.2109375
08:01:20,91282CLM1,TSRYS5893517,D,S,D,2024-10-25,1000000.00,4.091622,97.208984375
08:01:20,91282CLM1,TSRYS5893517,D,S,D,2024-10-25,1000000.00,4.091954,97.20703125
08:01:20,91282CLM1,TSRYS5893517,D,S,D,2024-10-25,1000000.00,4.09295,97.201171875
08:01:21,91282CLM1,TSRYS5893517,D,S,D,2024-10-25,1000000.00,4.092618,97.203125
08:01:21,91282CLM1,TSRYS5893517,D,S,D,2024-10-25,1000000.00,4.092618,97.203125
08:01:21,91282CLM1,TSRYS5893517,D,S,D,2024-10-25,1000000.00,4.092618,97.203125
08:01:21,91282CLM1,TSRYS5893517,D,S,D,2024-10-25,1000000.00,4.092618,97.203125
08:01:21,91282CLM1,TSRYS5893517,D,S,D,2024-10-25,1000000.00,4.092618,97.203125
08:01:21,91282CLM1,TSRYS5893517,D,S,C,2024-10-25,1000000.00,4.102255,97.14648437
08:01:21,91282CLM1,TSRYS5893517,D,S,D,2024-10-25,1000000.00,4.102255,97.14648437
08:01:21,91282CLM1,TSRYS5893517,D,S,D,2024-10-25,1000000.00,4.102255,97.14648437
08:01:21,91282CLM1,TSRYS5893517,D,S,C,2024-10-25,1000000.00,4.102255,97.14648437
08:01:21,91282CLM1,TSRYS5893517,D,S,C,2024-10-25,1000000.00,4.102255,97.14648437
08:01:21,91282CLM1,TSRYS5893517,D,S,C,2024-10-25,1000000.00,4.102255,97.14648437
08:01:21,91282CLM1,TSRYS5893517,D,S,D,2024-10-25,1000000.00,4.102255,97.14648437
08:01:21,91282CLM1,TSRYS5893517,D,S,D,2024-10-25,1000000.00,4.102255,97.14648437
08:01:21,91282CLM1,TSRYS5893517,D,S,D,2024-10-25,1000000.00,4.102255,97.14648437
08:01:21,91282CLM1,TSRYS5893517,D,S,C,2024-10-25,1000000.00,4.094612,97.19140625
08:01:21,91282CLM1,TSRYS5893517,D,S,C,2024-10-25,1000000.00,4.094612,97.19140625
08:01:21,91282CLM1,TSRYS5893517,D,S,C,2024-10-25,1000000.00,4.094612,97.19140625
08:01:21,91282CLM1,TSRYS5893517,D,S,C,2024-10-25,1000000.00,4.094612,97.19140625
08:01:21,91282CLM1,TSRYS5893517,D,S,D,2024-10-25,1000000.00,4.094612,97.19140625
08:01:21,91282CLM1,TSRYS5893517,D,B,C,2024-10-25,1000000.00,4.094612,97.19140625
08:01:21,91282CLM1,TSRYS5893517,D,B,C,2024-10-25,2000000.00,4.093947,97.1953125
08:01:21,91282CLM1,TSRYS5893517,D,S,D,2024-10-25,2000000.00,4.093947,97.1953125
08:01:21,91282CLM1,TSRYS5893517,D,S,C,2024-10-25,1000000.00,4.093947,97.1953125
08:01:21,91282CLM1,TSRYS5893517,D,S,D,2024-10-25,1000000.00,4.095276,97.1875
08:01:21,91282CLM1,TSRYS5893517,D,S,C,2024-10-25,1000000.00,4.095276,97.1875
08:01:21,91282CLM1,TSRYS5893517,D,S,D,2024-10-25,2000000.00,4.095276,97.1875
08:01:22,91282CLM1,TSRYS5893517,D,S,D,2024-10-25,1000000.00,4.094612,97.19140625
08:01:22,91282CLM1,TSRYS5893517,D,S,C,2024-10-25,1000000.00,4.095276,97.1875
08:01:22,91282CLM1,TSRYS5893517,D,S,D,2024-10-25,1000000.00,4.094612,97.19140625
08:01:22,91282CLM1,TSRYS5893517,D,S,D,2024-10-25,1000000.00,4.094279,97.193359375
08:01:22,91282CLM1,TSRYS5893517,D,S,D,2024-10-25,1000000.00,4.094612,97.19140625
08:01:22,91282CLM1,TSRYS5893517,D,S,D,2024-10-25,1000000.00,4.102255,97.14648437
08:01:22,91282CLM1,TSRYS5893517,D,S,D,2024-10-25,1000000.00,4.102255,97.14648437
08:01:22,91282CLM1,TSRYS5893517,D,S,D,2024-10-25,1000000.00,4.102255,97.14648437
08:01:22,91282CLM1,TSRYS5893517,D,S,C,2024-10-25,1000000.00,4.102255,97.14648437
08:01:22,91282CLM1,TSRYS5893517,D,S,C,2024-10-25,1000000.00,4.102255,97.14648437
08:01:22,91282CLM1,TSRYS5893517,D,S,C,2024-10-25,1000000.00,4.102255,97.14648437
08:01:22,91282CLM1,TSRYS5893517,D,B,A,2024-10-25,4000000.00,4.104498,97.13331
08:01:22,91282CLM1,TSRYS5893517,D,B,A,2024-10-25,591000.00,4.104582,97.1328125
08:01:22,91282CLM1,TSRYS5893517,D,S,C,2024-10-25,1000000.00,4.102255,97.14648437
08:01:22,91282CLM1,TSRYS5893517,D,S,C,2024-10-25,1000000.00,4.102255,97.14648437
08:01:22,91282CLM1,TSRYS5893517,D,S,C,2024-10-25,1000000.00,4.102255,97.14648437
08:01:22,91282CLM1,TSRYS5893517,D,S,C,2024-10-25,1000000.00,4.102255,97.14648437
08:01:22,91282CLM1,TSRYS5893517,D,S,C,2024-10-25,1000000.00,4.102255,97.14648437
08:01:22,91282CLM1,TSRYS5893517,D,S,C,2024-10-25,1000000.00,4.102255,97.14648437
08:01:23,91282CLM1,TSRYS5893517,D,S,C,2024-10-25,1000000.00,4.102255,97.14648437
08:01:23,91282CLM1,TSRYS5893517,D,S,T,2024-10-25,1000000.00,4.104582,97.1328125
08:01:23,91282CLM1,TSRYS5893517,D,S,C,2024-10-25,1000000.00,4.102255,97.14648437
08:01:23,91282CLM1,TSRYS5893517,D,S,T,2024-10-25,1000000.00,4.104582,97.1328125
08:01:23,91282CLM1,TSRYS5893517,D,S,D,2024-10-25,1000000.00,4.104582,97.1328125
08:01:23,91282CLM1,TSRYS5893517,D,S,T,2024-10-25,1000000.00,4.104608,97.1326605
08:01:23,91282CLM1,TSRYS5893517,D,S,D,2024-10-25,1000000.00,4.105912,97.125
08:01:23,91282CLM1,TSRYS5893517,D,S,T,2024-10-25,1000000.00,4.10558,97.12695312
08:01:23,91282CLM1,TSRYS5893517,D,S,C,2024-10-25,1000000.00,4.102255,97.14648437
08:01:23,91282CLM1,TSRYS5893517,D,S,D,2024-10-25,1000000.00,4.104582,97.1328125
08:01:23,91282CLM1,TSRYS5893517,D,S,T,2024-10-25,1000000.00,4.104608,97.1326605
08:01:23,91282CLM1,TSRYS5893517,D,S,C,2024-10-25,1000000.00,4.102255,97.14648437
08:01:23,91282CLM1,TSRYS5893517,D,S,D,2024-10-25,1000000.00,4.10691,97.11914062
08:01:23,91282CLM1,TSRYS5893517,D,S,D,2024-10-25,1000000.00,4.10691,97.11914062
08:01:23,91282CLM1,TSRYS5893517,D,S,D,2024-10-25,1000000.00,4.10691,97.11914062
08:01:23,91282CLM1,TSRYS5893517,D,S,T,2024-10-25,1000000.00,4.10691,97.11914062
08:01:23,91282CLM1,TSRYS5893517,D,S,D,2024-10-25,1000000.00,4.10691,97.11914062
08:01:23,91282CLM1,TSRYS5893517,D,S,T,2024-10-25,1000000.00,4.10691,97.11914062
08:01:23,91282CLM1,TSRYS5893517,D,S,C,2024-10-25,1000000.00,4.10691,97.11914062
08:01:23,91282CLM1,TSRYS5893517,D,S,T,2024-10-25,1000000.00,4.104608,97.1326605
08:01:23,91282CLM1,TSRYS5893517,D,S,D,2024-10-25,1000000.00,4.104582,97.1328125
08:01:23,91282CLM1,TSRYS5893517,D,S,C,2024-10-25,1000000.00,4.104582,97.1328125
08:01:23,91282CLM1,TSRYS5893517,D,S,D,2024-10-25,1000000.00,4.10425,97.13476562
08:01:23,91282CLM1,TSRYS5893517,D,S,C,2024-10-25,1000000.00,4.10425,97.13476562
08:01:23,91282CLM1,TSRYS5893517,D,S,D,2024-10-25,1000000.00,4.104582,97.1328125
08:01:23,91282CLM1,TSRYS5893517,D,S,T,2024-10-25,1000000.00,4.104608,97.1326605
08:01:23,91282CLM1,TSRYS5893517,D,S,T,2024-10-25,1000000.00,4.104582,97.1328125
08:01:23,91282CLM1,TSRYS5893517,D,S,D,2024-10-25,1000000.00,4.091954,97.20703125
08:01:23,91282CLM1,TSRYS5893517,D,S,D,2024-10-25,1000000.00,4.091954,97.20703125
08:01:23,91282CLM1,TSRYS5893517,D,S,T,2024-10-25,1000000.00,4.104582,97.1328125
08:01:23,91282CLM1,TSRYS5893517,D,S,D,2024-10-25,1000000.00,4.104582,97.1328125
08:01:23,91282CLM1,TSRYS5893517,D,S,D,2024-10-25,1000000.00,4.104582,97.1328125
08:01:23,91282CLM1,TSRYS5893517,D,S,D,2024-10-25,1000000.00,4.10425,97.13476562
08:01:23,91282CLM1,TSRYS5893517,D,S,D,2024-10-25,1000000.00,4.104582,97.1328125
08:01:23,91282CLM1,TSRYS5893517,D,S,T,2024-10-25,1000000.00,4.104582,97.1328125
08:01:23,91282CLM1,TSRYS5893517,D,S,D,2024-10-25,1000000.00,4.104582,97.1328125
08:01:23,91282CLM1,TSRYS5893517,D,S,T,2024-10-25,1000000.00,4.104582,97.1328125
08:01:23,91282CLM1,TSRYS5893517,D,S,D,2024-10-25,1000000.00,4.104582,97.1328125
08:01:23,91282CLM1,TSRYS5893517,D,S,D,2024-10-25,1000000.00,4.104582,97.1328125
08:01:23,91282CLM1,TSRYS5893517,D,S,T,2024-10-25,1000000.00,4.104582,97.1328125
08:01:23,91282CLM1,TSRYS5893517,D,S,D,2024-10-25,1000000.00,4.104582,97.1328125
08:01:23,91282CLM1,TSRYS5893517,D,S,D,2024-10-25,1000000.00,4.104582,97.1328125
08:01:23,91282CLM1,TSRYS5893517,D,S,D,2024-10-25,1000000.00,4.104582,97.1328125
08:01:23,91282CLM1,TSRYS5893517,D,S,T,2024-10-25,1000000.00,4.104582,97.1328125
08:01:23,91282CLM1,TSRYS5893517,D,S,D,2024-10-25,1000000.00,4.104582,97.1328125
08:01:23,91282CLM1,TSRYS5893517,D,S,D,2024-10-25,1000000.00,4.104582,97.1328125
08:01:23,91282CLM1,TSRYS5893517,D,S,D,2024-10-25,1000000.00,4.10425,97.13476562
08:01:23,91282CLM1,TSRYS5893517,D,S,D,2024-10-25,1000000.00,4.104582,97.1328125
08:01:23,91282CLM1,TSRYS5893517,D,S,T,2024-10-25,1000000.00,4.104608,97.1326605
08:01:23,91282CLM1,TSRYS5893517,D,S,D,2024-10-25,1000000.00,4.104582,97.1328125
08:01:24,91282CLM1,TSRYS5893517,D,S,D,2024-10-25,1000000.00,4.104582,97.1328125
08:01:24,91282CLM1,TSRYS5893517,D,S,D,2024-10-25,1000000.00,4.104582,97.1328125
08:01:24,91282CLM1,TSRYS5893517,D,S,D,2024-10-25,1000000.00,4.104582,97.1328125
08:01:24,91282CLM1,TSRYS5893517,D,S,D,2024-10-25,1000000.00,4.104582,97.1328125
08:01:24,91282CLM1,TSRYS5893517,D,S,D,2024-10-25,1000000.00,4.091954,97.20703125
08:01:24,91282CLM1,TSRYS5893517,D,S,D,2024-10-25,1000000.00,4.104582,97.1328125
08:01:24,91282CLM1,TSRYS5893517,D,S,T,2024-10-25,1000000.00,4.104608,97.1326605
08:01:24,91282CLM1,TSRYS5893517,D,S,D,2024-10-25,1000000.00,4.104582,97.1328125
08:01:24,91282CLM1,TSRYS5893517,D,S,D,2024-10-25,1000000.00,4.104582,97.1328125
08:01:24,91282CLM1,TSRYS5893517,D,S,C,2024-10-25,1000000.00,4.104582,97.1328125
08:01:24,91282CLM1,TSRYS5893517,D,S,T,2024-10-25,1000000.00,4.104608,97.1326605
08:01:24,91282CLM1,TSRYS5893517,D,S,T,2024-10-25,1000000.00,4.104608,97.1326605
08:01:24,91282CLM1,TSRYS5893517,D,S,D,2024-10-25,1000000.00,4.104582,97.1328125
08:01:24,91282CLM1,TSRYS5893517,D,S,D,2024-10-25,2000000.00,4.104582,97.1328125
08:01:24,91282CLM1,TSRYS5893517,D,S,D,2024-10-25,1000000.00,4.104582,97.1328125
08:01:24,91282CLM1,TSRYS5893517,D,S,D,2024-10-25,1000000.00,4.104582,97.1328125
08:01:24,91282CLM1,TSRYS5893517,D,S,D,2024-10-25,1000000.00,4.104582,97.1328125
08:01:24,91282CLM1,TSRYS5893517,D,S,D,2024-10-25,1000000.00,4.104582,97.1328125
08:01:24,91282CLM1,TSRYS5893517,D,S,D,2024-10-25,1000000.00,4.104582,97.1328125
08:01:24,91282CLM1,TSRYS5893517,D,S,D,2024-10-25,1000000.00,4.104582,97.1328125
08:01:24,91282CLM1,TSRYS5893517,D,S,C,2024-10-25,1000000.00,4.104582,97.1328125
08:01:24,91282CLM1,TSRYS5893517,D,S,D,2024-10-25,1000000.00,4.104582,97.1328125
08:01:24,91282CLM1,TSRYS5893517,D,S,T,2024-10-25,1000000.00,4.104608,97.1326605
08:01:24,91282CLM1,TSRYS5893517,D,S,T,2024-10-25,1000000.00,4.104608,97.1326605
08:01:24,91282CLM1,TSRYS5893517,D,S,T,2024-10-25,1000000.00,4.104608,97.1326605
08:01:24,91282CLM1,TSRYS5893517,D,S,C,2024-10-25,1000000.00,4.104582,97.1328125
08:01:24,91282CLM1,TSRYS5893517,D,S,T,2024-10-25,1000000.00,4.104608,97.1326605
08:01:24,91282CLM1,TSRYS5893517,D,S,D,2024-10-25,1000000.00,4.104582,97.1328125
08:01:24,91282CLM1,TSRYS5893517,D,S,D,2024-10-25,1000000.00,4.104582,97.1328125
08:01:24,91282CLM1,TSRYS5893517,D,S,D,2024-10-25,1000000.00,4.104582,97.1328125
08:01:24,91282CLM1,TSRYS5893517,D,S,D,2024-10-25,1000000.00,4.104582,97.1328125
08:01:24,91282CLM1,TSRYS5893517,D,S,D,2024-10-25,1000000.00,4.104582,97.1328125
08:01:24,91282CLM1,TSRYS5893517,D,S,T,2024-10-25,1000000.00,4.104608,97.1326605
08:01:24,91282CLM1,TSRYS5893517,D,S,T,2024-10-25,1000000.00,4.104608,97.1326605
08:01:24,91282CLM1,TSRYS5893517,D,S,T,2024-10-25,1000000.00,4.104608,97.1326605
08:01:24,91282CLM1,TSRYS5893517,D,S,T,2024-10-25,1000000.00,4.104608,97.1326605
08:01:24,91282CLM1,TSRYS5893517,D,S,D,2024-10-25,1000000.00,4.104582,97.1328125
08:01:24,91282CLM1,TSRYS5893517,D,S,D,2024-10-25,1000000.00,4.104582,97.1328125
08:01:24,91282CLM1,TSRYS5893517,D,S,D,2024-10-25,1000000.00,4.104582,97.1328125
08:01:24,91282CLM1,TSRYS5893517,D,S,D,2024-10-25,1000000.00,4.104582,97.1328125
08:01:24,91282CLM1,TSRYS5893517,D,S,T,2024-10-25,1000000.00,4.104582,97.1328125
08:01:24,91282CLM1,TSRYS5893517,D,S,D,2024-10-25,1000000.00,4.104582,97.1328125
08:01:24,91282CLM1,TSRYS5893517,D,S,D,2024-10-25,1000000.00,4.104582,97.1328125
08:01:24,91282CLM1,TSRYS5893517,D,S,D,2024-10-25,1000000.00,4.104582,97.1328125
08:01:24,91282CLM1,TSRYS5893517,D,S,D,2024-10-25,1000000.00,4.104582,97.1328125
08:01:24,91282CLM1,TSRYS5893517,D,S,D,2024-10-25,1000000.00,4.104582,97.1328125
08:01:24,91282CLM1,TSRYS5893517,D,S,D,2024-10-25,1000000.00,4.104582,97.1328125
08:01:24,91282CLM1,TSRYS5893517,D,S,D,2024-10-25,1000000.00,4.104582,97.1328125
08:01:24,91282CLM1,TSRYS5893517,D,S,T,2024-10-25,1000000.00,4.104608,97.1326605
08:01:24,91282CLM1,TSRYS5893517,D,S,C,2024-10-25,1000000.00,4.104582,97.1328125
08:01:24,91282CLM1,TSRYS5893517,D,S,T,2024-10-25,1000000.00,4.104608,97.1326605
08:01:24,91282CLM1,TSRYS5893517,D,S,D,2024-10-25,1000000.00,4.104582,97.1328125
08:01:24,91282CLM1,TSRYS5893517,D,S,D,2024-10-25,1000000.00,4.104582,97.1328125
08:01:24,91282CLM1,TSRYS5893517,D,S,D,2024-10-25,1000000.00,4.104582,97.1328125
08:01:24,91282CLM1,TSRYS5893517,D,S,D,2024-10-25,1000000.00,4.104582,97.1328125
08:01:24,91282CLM1,TSRYS5893517,D,S,C,2024-10-25,1000000.00,4.104582,97.1328125
08:01:25,91282CLM1,TSRYS5893517,D,B,C,2024-10-25,100000000.00,4.104871,97.13112
08:01:25,91282CLM1,TSRYS5893517,D,S,A,2024-10-25,1140000.00,4.084648,97.25
08:01:27,91282CLM1,TSRYS5893517,D,S,D,2024-10-25,1000000.00,4.105912,97.125
08:01:27,91282CLM1,TSRYS5893517,D,S,D,2024-10-25,1000000.00,4.105912,97.125
08:01:27,91282CLM1,TSRYS5893517,D,S,D,2024-10-25,1000000.00,4.106245,97.123046875
08:01:27,91282CLM1,TSRYS5893517,D,S,D,2024-10-25,1000000.00,4.106245,97.123046875
08:01:28,91282CLM1,TSRYS5893517,D,S,T,2024-10-25,1000000.00,4.105912,97.125
08:01:28,91282CLM1,TSRYS5893517,D,S,C,2024-10-25,1000000.00,4.110568,97.09765625
08:01:28,91282CLM1,TSRYS5893517,D,S,C,2024-10-25,1000000.00,4.10824,97.111328125
08:01:28,91282CLM1,TSRYS5893517,D,S,T,2024-10-25,1000000.00,4.105912,97.125
08:01:28,91282CLM1,TSRYS5893517,D,S,C,2024-10-25,1000000.00,4.10691,97.119140625
08:01:28,91282CLM1,TSRYS5893517,D,S,C,2024-10-25,1000000.00,4.10691,97.119140625
08:01:28,91282CLM1,TSRYS5893517,D,S,D,2024-10-25,1000000.00,4.105912,97.125
08:01:28,91282CLM1,TSRYS5893517,D,S,D,2024-10-25,1000000.00,4.105912,97.125
08:01:28,91282CLM1,TSRYS5893517,D,S,C,2024-10-25,1000000.00,4.106245,97.123046875
08:01:29,91282CLM1,TSRYS5893517,D,S,D,2024-10-25,1000000.00,4.087636,97.23242187
08:01:29,91282CLM1,TSRYS5893517,D,B,C,2024-10-25,5000000.00,4.101413,97.15234375
08:01:29,91282CLM1,TSRYS5893517,D,S,D,2024-10-25,1000000.00,4.106245,97.12304687
08:01:29,91282CLM1,TSRYS5893517,D,S,C,2024-10-25,1000000.00,4.105247,97.12890625
08:01:29,91282CLM1,TSRYS5893517,D,S,T,2024-10-25,1000000.00,4.106245,97.12304687
08:01:29,91282CLM1,TSRYS5893517,D,S,C,2024-10-25,1000000.00,4.104915,97.130859375
08:01:29,91282CLM1,TSRYS5893517,D,S,T,2024-10-25,1000000.00,4.106245,97.12304687
08:01:29,91282CLM1,TSRYS5893517,D,S,T,2024-10-25,1000000.00,4.102255,97.14648437
08:01:29,91282CLM1,TSRYS5893517,D,S,T,2024-10-25,1000000.00,4.102255,97.14648437
08:01:29,91282CLM1,TSRYS5893517,D,S,D,2024-10-25,1000000.00,4.102255,97.14648437
08:01:30,91282CLM1,TSRYS5893517,D,S,D,2024-10-25,1000000.00,4.106245,97.12304687
08:01:30,91282CLM1,TSRYS5893517,D,S,D,2024-10-25,1000000.00,4.106245,97.12304687
08:01:30,91282CLM1,TSRYS5893517,D,S,D,2024-10-25,1000000.00,4.089629,97.22070312
08:01:30,91282CLM1,TSRYS5893517,D,S,C,2024-10-25,2000000.00,4.106245,97.12304687
08:01:30,91282CLM1,TSRYS5893517,D,S,C,2024-10-25,2000000.00,4.106245,97.12304687
08:01:31,91282CLM1,TSRYS5893517,D,S,D,2024-10-25,1000000.00,4.094944,97.18945312
08:01:31,91282CLM1,TSRYS5893517,D,S,T,2024-10-25,1000000.00,4.094944,97.18945312
08:01:31,91282CLM1,TSRYS5893517,D,S,T,2024-10-25,1000000.00,4.094944,97.18945312
08:01:31,91282CLM1,TSRYS5893517,D,S,T,2024-10-25,2000000.00,4.091323,97.2107375
08:01:31,91282CLM1,TSRYS5893517,D,S,D,2024-10-25,2000000.00,4.089629,97.22070312
08:01:31,91282CLM1,TSRYS5893517,D,S,C,2024-10-25,1000000.00,4.106245,97.12304687
08:01:31,91282CLM1,TSRYS5893517,D,S,D,2024-10-25,1000000.00,4.094944,97.18945312
08:01:31,91282CLM1,TSRYS5893517,D,S,D,2024-10-25,1000000.00,4.093283,97.19921875
08:01:31,91282CLM1,TSRYS5893517,D,S,D,2024-10-25,1000000.00,4.094944,97.18945312
08:01:31,91282CLM1,TSRYS5893517,D,S,C,2024-10-25,1000000.00,4.093283,97.19921875
08:01:31,91282CLM1,TSRYS5893517,D,S,C,2024-10-25,1000000.00,4.106245,97.12304687
08:01:31,91282CLM1,TSRYS5893517,D,S,C,2024-10-25,1000000.00,4.106245,97.12304687
08:01:31,91282CLM1,TSRYS5893517,D,S,D,2024-10-25,1000000.00,4.102255,97.14648437
08:01:32,91282CLM1,TSRYS5893517,D,S,T,2024-10-25,1000000.00,4.089983,97.21862
08:01:32,91282CLM1,TSRYS5893517,D,S,T,2024-10-25,1000000.00,4.089983,97.21862
08:01:32,91282CLM1,TSRYS5893517,D,S,C,2024-10-25,1000000.00,4.106245,97.12304687
08:01:32,91282CLM1,TSRYS5893517,D,S,T,2024-10-25,1000000.00,4.092286,97.20507812
08:01:32,91282CLM1,TSRYS5893517,D,S,C,2024-10-25,1000000.00,4.092286,97.20507812
08:01:32,91282CLM1,TSRYS5893517,D,S,T,2024-10-25,1000000.00,4.092286,97.20507812
08:01:32,91282CLM1,TSRYS5893517,D,S,D,2024-10-25,1000000.00,4.092286,97.20507812
08:01:33,91282CLM1,TSRYS5893517,D,S,D,2024-10-25,1000000.00,4.102255,97.146484375
08:01:33,91282CLM1,TSRYS5893517,D,S,D,2024-10-25,1000000.00,4.102255,97.146484375
08:01:34,91282CLM1,TSRYS5893517,D,S,T,2024-10-25,1000000.00,4.102255,97.14648437
08:01:34,91282CLM1,TSRYS5893517,D,S,T,2024-10-25,1000000.00,4.102255,97.14648437
08:01:34,91282CLM1,TSRYS5893517,D,S,D,2024-10-25,1000000.00,4.098267,97.169921875
08:01:34,91282CLM1,TSRYS5893517,D,S,C,2024-10-25,1000000.00,4.098267,97.169921875
08:01:34,91282CLM1,TSRYS5893517,D,S,D,2024-10-25,1000000.00,4.099928,97.16015625
08:01:34,91282CLM1,TSRYS5893517,D,S,D,2024-10-25,1000000.00,4.099928,97.16015625
08:01:35,91282CLM1,TSRYS5893517,D,S,D,2024-10-25,2000000.00,4.099928,97.16015625
08:01:35,91282CLM1,TSRYS5893517,D,S,D,2024-10-25,1000000.00,4.099928,97.16015625
08:01:36,91282CLM1,TSRYS5893517,D,S,D,2024-10-25,1000000.00,4.102255,97.146484375
08:01:36,91282CLM1,TSRYS5893517,D,S,D,2024-10-25,1000000.00,4.102255,97.146484375
08:01:36,91282CLM1,TSRYS5893517,D,S,D,2024-10-25,1000000.00,4.102255,97.146484375
08:01:36,91282CLM1,TSRYS5893517,D,S,D,2024-10-25,1000000.00,4.103585,97.138671875
08:01:36,91282CLM1,TSRYS5893517,D,S,D,2024-10-25,1000000.00,4.102588,97.14453125
08:01:36,91282CLM1,TSRYS5893517,D,S,D,2024-10-25,1000000.00,4.102255,97.146484375
08:01:36,91282CLM1,TSRYS5893517,D,S,D,2024-10-25,1000000.00,4.102255,97.146484375
08:01:36,91282CLM1,TSRYS5893517,D,S,D,2024-10-25,1000000.00,4.102255,97.146484375
08:01:36,91282CLM1,TSRYS5893517,D,S,D,2024-10-25,1000000.00,4.102255,97.146484375
08:01:36,91282CLM1,TSRYS5893517,D,S,D,2024-10-25,1000000.00,4.101923,97.1484375
08:01:36,91282CLM1,TSRYS5893517,D,S,D,2024-10-25,1000000.00,4.102255,97.146484375
08:01:36,91282CLM1,TSRYS5893517,D,S,D,2024-10-25,1000000.00,4.102255,97.146484375
08:01:36,91282CLM1,TSRYS5893517,D,S,C,2024-10-25,2000000.00,4.102255,97.146484375
08:01:36,91282CLM1,TSRYS5893517,D,S,D,2024-10-25,1000000.00,4.101258,97.15234375
08:01:36,91282CLM1,TSRYS5893517,D,S,C,2024-10-25,1000000.00,4.102255,97.146484375
08:01:36,91282CLM1,TSRYS5893517,D,S,C,2024-10-25,1000000.00,4.102588,97.14453125
08:01:36,91282CLM1,TSRYS5893517,D,S,C,2024-10-25,1000000.00,4.102588,97.14453125
08:01:36,91282CLM1,TSRYS5893517,D,S,D,2024-10-25,1000000.00,4.101923,97.1484375
08:01:36,91282CLM1,TSRYS5893517,D,S,D,2024-10-25,1000000.00,4.102255,97.146484375
08:01:36,91282CLM1,TSRYS5893517,D,S,D,2024-10-25,1000000.00,4.102255,97.146484375
08:01:36,91282CLM1,TSRYS5893517,D,S,D,2024-10-25,1000000.00,4.102255,97.146484375
08:01:36,91282CLM1,TSRYS5893517,D,S,D,2024-10-25,1000000.00,4.102255,97.146484375
08:01:36,91282CLM1,TSRYS5893517,D,S,D,2024-10-25,1000000.00,4.102255,97.146484375
08:01:36,91282CLM1,TSRYS5893517,D,S,D,2024-10-25,1000000.00,4.10159,97.150390625
08:01:36,91282CLM1,TSRYS5893517,D,S,D,2024-10-25,1000000.00,4.10159,97.150390625
08:01:36,91282CLM1,TSRYS5893517,D,S,D,2024-10-25,1000000.00,4.102255,97.146484375
08:01:36,91282CLM1,TSRYS5893517,D,S,C,2024-10-25,1000000.00,4.101923,97.1484375
08:01:36,91282CLM1,TSRYS5893517,D,S,D,2024-10-25,1000000.00,4.102255,97.146484375
08:01:36,91282CLM1,TSRYS5893517,D,S,D,2024-10-25,1000000.00,4.102255,97.146484375
08:01:36,91282CLM1,TSRYS5893517,D,S,C,2024-10-25,1000000.00,4.102588,97.14453125
08:01:36,91282CLM1,TSRYS5893517,D,B,C,2024-10-25,1000000.00,4.099596,97.162109375
08:01:36,91282CLM1,TSRYS5893517,D,S,D,2024-10-25,1000000.00,4.099596,97.162109375
08:01:36,91282CLM1,TSRYS5893517,D,S,D,2024-10-25,1000000.00,4.099596,97.162109375
08:01:36,91282CLM1,TSRYS5893517,D,S,D,2024-10-25,1000000.00,4.099596,97.162109375
08:01:36,91282CLM1,TSRYS5893517,D,B,C,2024-10-25,1000000.00,4.099264,97.1640625
08:01:36,91282CLM1,TSRYS5893517,D,S,D,2024-10-25,1000000.00,4.099264,97.1640625
08:01:37,91282CLM1,TSRYS5893517,D,S,D,2024-10-25,1000000.00,4.09727,97.17578125
08:01:37,91282CLM1,TSRYS5893517,D,S,D,2024-10-25,1000000.00,4.09727,97.17578125
08:01:37,91282CLM1,TSRYS5893517,D,S,D,2024-10-25,1000000.00,4.096937,97.177734375
08:01:37,91282CLM1,TSRYS5893517,D,S,T,2024-10-25,1000000.00,4.089297,97.22265625
08:01:37,91282CLM1,TSRYS5893517,D,S,T,2024-10-25,1000000.00,4.088964,97.224609375
08:01:37,91282CLM1,TSRYS5893517,D,S,T,2024-10-25,1000000.00,4.088964,97.224609375
08:01:37,91282CLM1,TSRYS5893517,D,S,T,2024-10-25,1000000.00,4.089961,97.21875
08:01:37,91282CLM1,TSRYS5893517,D,S,T,2024-10-25,1000000.00,4.089961,97.21875
08:01:37,91282CLM1,TSRYS5893517,D,S,T,2024-10-25,1000000.00,4.089629,97.220703125
08:01:37,91282CLM1,TSRYS5893517,D,S,T,2024-10-25,1000000.00,4.089961,97.21875
08:01:37,91282CLM1,TSRYS5893517,D,S,T,2024-10-25,1000000.00,4.088964,97.224609375
08:01:38,91282CLM1,TSRYS5893517,D,S,T,2024-10-25,1000000.00,4.089629,97.220703125
08:01:38,91282CLM1,TSRYS5893517,D,S,T,2024-10-25,1000000.00,4.089297,97.22265625
08:01:38,91282CLM1,TSRYS5893517,D,S,T,2024-10-25,1000000.00,4.089629,97.220703125
08:01:38,91282CLM1,TSRYS5893517,D,S,T,2024-10-25,1000000.00,4.089961,97.21875
08:01:38,91282CLM1,TSRYS5893517,D,S,T,2024-10-25,1000000.00,4.089629,97.220703125
08:01:38,91282CLM1,TSRYS5893517,D,S,T,2024-10-25,1000000.00,4.089297,97.22265625
08:01:38,91282CLM1,TSRYS5893517,D,S,T,2024-10-25,1000000.00,4.089961,97.21875
08:01:38,91282CLM1,TSRYS5893517,D,B,A,2024-10-25,1000000.00,4.088964,97.224609375
08:01:38,91282CLM1,TSRYS5893517,D,B,A,2024-10-25,1000000.00,4.088964,97.224609375
08:01:38,91282CLM1,TSRYS5893517,D,B,A,2024-10-25,1000000.00,4.089629,97.220703125
08:01:38,91282CLM1,TSRYS5893517,D,B,A,2024-10-25,1000000.00,4.089961,97.21875
08:01:38,91282CLM1,TSRYS5893517,D,B,A,2024-10-25,1000000.00,4.088964,97.224609375
08:01:38,91282CLM1,TSRYS5893517,D,B,A,2024-10-25,1000000.00,4.089961,97.21875
08:01:38,91282CLM1,TSRYS5893517,D,B,A,2024-10-25,1000000.00,4.089629,97.220703125
08:01:38,91282CLM1,TSRYS5893517,D,S,D,2024-10-25,1000000.00,4.097602,97.173828125
08:01:38,91282CLM1,TSRYS5893517,D,B,A,2024-10-25,1000000.00,4.089961,97.21875
08:01:38,91282CLM1,TSRYS5893517,D,B,A,2024-10-25,1000000.00,4.089297,97.22265625
08:01:38,91282CLM1,TSRYS5893517,D,B,A,2024-10-25,1000000.00,4.089297,97.22265625
08:01:38,91282CLM1,TSRYS5893517,D,B,A,2024-10-25,1000000.00,4.089961,97.21875
08:01:38,91282CLM1,TSRYS5893517,D,B,A,2024-10-25,1000000.00,4.089297,97.22265625
08:01:38,91282CLM1,TSRYS5893517,D,B,A,2024-10-25,1000000.00,4.089629,97.220703125
08:01:38,91282CLM1,TSRYS5893517,D,B,A,2024-10-25,1000000.00,4.089629,97.220703125
08:01:38,91282CLM1,TSRYS5893517,D,B,A,2024-10-25,1000000.00,4.089961,97.21875
08:01:38,91282CLM1,TSRYS5893517,D,S,D,2024-10-25,1000000.00,4.096937,97.177734375
08:01:38,91282CLM1,TSRYS5893517,D,S,D,2024-10-25,1000000.00,4.096937,97.177734375
08:01:38,91282CLM1,TSRYS5893517,D,S,D,2024-10-25,1000000.00,4.096937,97.177734375
08:01:38,91282CLM1,TSRYS5893517,D,B,C,2024-10-25,1000000.00,4.098267,97.169921875
08:01:38,91282CLM1,TSRYS5893517,D,S,C,2024-10-25,1000000.00,4.098267,97.169921875
08:01:38,91282CLM1,TSRYS5893517,D,S,D,2024-10-25,1000000.00,4.094944,97.189453125
08:01:38,91282CLM1,TSRYS5893517,D,S,D,2024-10-25,1000000.00,4.094944,97.189453125
08:01:39,91282CLM1,TSRYS5893517,D,S,D,2024-10-25,1000000.00,4.092286,97.205078125
08:01:39,91282CLM1,TSRYS5893517,D,S,D,2024-10-25,1000000.00,4.092286,97.205078125
08:01:39,91282CLM1,TSRYS5893517,D,S,D,2024-10-25,1000000.00,4.089297,97.22265625
08:01:40,91282CLM1,TSRYS5893517,D,S,C,2024-10-25,1000000.00,4.08332,97.2578125
08:01:40,91282CLM1,TSRYS5893517,D,S,D,2024-10-25,1000000.00,4.083652,97.255859375
08:01:40,91282CLM1,TSRYS5893517,D,S,D,2024-10-25,1000000.00,4.083984,97.25390625
08:01:40,91282CLM1,TSRYS5893517,D,S,D,2024-10-25,1000000.00,4.083984,97.25390625
08:01:40,91282CLM1,TSRYS5893517,D,B,C,2024-10-25,1000000.00,4.083652,97.255859375
08:01:40,91282CLM1,TSRYS5893517,D,S,D,2024-10-25,1000000.00,4.083652,97.255859375
08:01:40,91282CLM1,TSRYS5893517,D,S,D,2024-10-25,1000000.00,4.083652,97.255859375
08:01:40,91282CLM1,TSRYS5893517,D,S,D,2024-10-25,1000000.00,4.083652,97.255859375
08:01:40,91282CLM1,TSRYS5893517,D,S,D,2024-10-25,1000000.00,4.083984,97.25390625
08:01:40,91282CLM1,TSRYS5893517,D,S,D,2024-10-25,1000000.00,4.083984,97.25390625
08:01:40,91282CLM1,TSRYS5893517,D,S,D,2024-10-25,1000000.00,4.08498,97.248046875
08:01:42,91282CLM1,TSRYS5893517,D,S,C,2024-10-25,1000000.00,4.083652,97.255859375
08:01:42,91282CLM1,TSRYS5893517,D,B,C,2024-10-25,1000000.00,4.087636,97.232421875
08:01:42,91282CLM1,TSRYS5893517,D,S,C,2024-10-25,1000000.00,4.087636,97.232421875
08:01:42,91282CLM1,TSRYS5893517,D,S,C,2024-10-25,1000000.00,4.086972,97.236328125
08:01:42,91282CLM1,TSRYS5893517,D,S,C,2024-10-25,1000000.00,4.102255,97.14648437
08:01:42,91282CLM1,TSRYS5893517,D,S,C,2024-10-25,1000000.00,4.102255,97.14648437
08:01:42,91282CLM1,TSRYS5893517,D,S,C,2024-10-25,1000000.00,4.102255,97.14648437
08:01:42,91282CLM1,TSRYS5893517,D,S,C,2024-10-25,1000000.00,4.102255,97.14648437
08:01:42,91282CLM1,TSRYS5893517,D,S,C,2024-10-25,1000000.00,4.102255,97.14648437
08:01:42,91282CLM1,TSRYS5893517,D,S,C,2024-10-25,1000000.00,4.102255,97.14648437
08:01:42,91282CLM1,TSRYS5893517,D,S,C,2024-10-25,1000000.00,4.102255,97.14648437
08:01:42,91282CLM1,TSRYS5893517,D,S,C,2024-10-25,1000000.00,4.102255,97.14648437
08:01:43,91282CLM1,TSRYS5893517,D,S,D,2024-10-25,1000000.00,4.102255,97.14648437
08:01:43,91282CLM1,TSRYS5893517,D,S,D,2024-10-25,1000000.00,4.102255,97.14648437
08:01:43,91282CLM1,TSRYS5893517,D,S,D,2024-10-25,1000000.00,4.102255,97.14648437
08:01:43,91282CLM1,TSRYS5893517,D,S,D,2024-10-25,1000000.00,4.102255,97.14648437
08:01:43,91282CLM1,TSRYS5893517,D,S,D,2024-10-25,1000000.00,4.102255,97.14648437
08:01:43,91282CLM1,TSRYS5893517,D,S,D,2024-10-25,1000000.00,4.102255,97.14648437
08:01:43,91282CLM1,TSRYS5893517,D,S,D,2024-10-25,1000000.00,4.102255,97.14648437
08:01:43,91282CLM1,TSRYS5893517,D,S,D,2024-10-25,1000000.00,4.102255,97.14648437
08:01:43,91282CLM1,TSRYS5893517,D,S,D,2024-10-25,1000000.00,4.102255,97.14648437
08:01:43,91282CLM1,TSRYS5893517,D,S,T,2024-10-25,1000000.00,4.102255,97.14648437
08:01:43,91282CLM1,TSRYS5893517,D,S,T,2024-10-25,1000000.00,4.102255,97.14648437
08:01:43,91282CLM1,TSRYS5893517,D,S,D,2024-10-25,1000000.00,4.102255,97.14648437
08:01:43,91282CLM1,TSRYS5893517,D,S,D,2024-10-25,1000000.00,4.102255,97.14648437
08:01:43,91282CLM1,TSRYS5893517,D,S,D,2024-10-25,1000000.00,4.102255,97.14648437
08:01:43,91282CLM1,TSRYS5893517,D,S,D,2024-10-25,1000000.00,4.102255,97.14648437
08:01:43,91282CLM1,TSRYS5893517,D,S,C,2024-10-25,1000000.00,4.102255,97.14648437
08:01:43,91282CLM1,TSRYS5893517,D,S,C,2024-10-25,1000000.00,4.102255,97.14648437
08:01:43,91282CLM1,TSRYS5893517,D,S,C,2024-10-25,1000000.00,4.102255,97.14648437
08:01:43,91282CLM1,TSRYS5893517,D,S,C,2024-10-25,1000000.00,4.102255,97.14648437
08:01:43,91282CLM1,TSRYS5893517,D,S,C,2024-10-25,1000000.00,4.102255,97.14648437
08:01:43,91282CLM1,TSRYS5893517,D,S,C,2024-10-25,1000000.00,4.102255,97.14648437
08:01:43,91282CLM1,TSRYS5893517,D,S,C,2024-10-25,1000000.00,4.102255,97.14648437
08:01:43,91282CLM1,TSRYS5893517,D,S,D,2024-10-25,1000000.00,4.102255,97.14648437
08:01:43,91282CLM1,TSRYS5893517,D,S,D,2024-10-25,1000000.00,4.102255,97.14648437
08:01:43,91282CLM1,TSRYS5893517,D,S,C,2024-10-25,1000000.00,4.102255,97.14648437
08:01:43,91282CLM1,TSRYS5893517,D,S,D,2024-10-25,1000000.00,4.102255,97.14648437
08:01:43,91282CLM1,TSRYS5893517,D,S,T,2024-10-25,1000000.00,4.102255,97.14648437
08:01:43,91282CLM1,TSRYS5893517,D,S,D,2024-10-25,1000000.00,4.102255,97.14648437
08:01:43,91282CLM1,TSRYS5893517,D,S,T,2024-10-25,1000000.00,4.102255,97.14648437
08:01:43,91282CLM1,TSRYS5893517,D,S,D,2024-10-25,1000000.00,4.102255,97.14648437
08:01:44,91282CLM1,TSRYS5893517,D,S,D,2024-10-25,1000000.00,4.089629,97.220703125
08:01:44,91282CLM1,TSRYS5893517,D,S,D,2024-10-25,1000000.00,4.088964,97.224609375
08:01:45,91282CLM1,TSRYS5893517,D,S,D,2024-10-25,1000000.00,4.089297,97.22265625
08:01:45,91282CLM1,TSRYS5893517,D,S,D,2024-10-25,1000000.00,4.089629,97.220703125
08:01:45,91282CLM1,TSRYS5893517,D,S,D,2024-10-25,1000000.00,4.088964,97.224609375
08:01:45,91282CLM1,TSRYS5893517,D,S,D,2024-10-25,1000000.00,4.089297,97.22265625
08:01:45,91282CLM1,TSRYS5893517,D,S,D,2024-10-25,1000000.00,4.089629,97.220703125
08:01:45,91282CLM1,TSRYS5893517,D,S,C,2024-10-25,1000000.00,4.091289,97.2109375
08:01:45,91282CLM1,TSRYS5893517,D,S,C,2024-10-25,1000000.00,4.091289,97.2109375
08:01:45,91282CLM1,TSRYS5893517,D,S,D,2024-10-25,1000000.00,4.09295,97.201171875
08:01:45,91282CLM1,TSRYS5893517,D,S,D,2024-10-25,1000000.00,4.09295,97.201171875
08:01:45,91282CLM1,TSRYS5893517,D,B,C,2024-10-25,1000000.00,4.094612,97.19140625
08:01:45,91282CLM1,TSRYS5893517,D,S,D,2024-10-25,1000000.00,4.094612,97.19140625
08:01:45,91282CLM1,TSRYS5893517,D,B,C,2024-10-25,1000000.00,4.094612,97.19140625
08:01:45,91282CLM1,TSRYS5893517,D,S,D,2024-10-25,1000000.00,4.094612,97.19140625
08:01:45,91282CLM1,TSRYS5893517,D,S,D,2024-10-25,1000000.00,4.094612,97.19140625
08:01:45,91282CLM1,TSRYS5893517,D,S,D,2024-10-25,1000000.00,4.094944,97.189453125
08:01:45,91282CLM1,TSRYS5893517,D,S,D,2024-10-25,1000000.00,4.094944,97.189453125
08:01:45,91282CLM1,TSRYS5893517,D,B,C,2024-10-25,1000000.00,4.094612,97.19140625
08:01:45,91282CLM1,TSRYS5893517,D,S,D,2024-10-25,1000000.00,4.094612,97.19140625
08:01:45,91282CLM1,TSRYS5893517,D,S,D,2024-10-25,2000000.00,4.094612,97.19140625
08:01:45,91282CLM1,TSRYS5893517,D,S,D,2024-10-25,1000000.00,4.094612,97.19140625
08:01:45,91282CLM1,TSRYS5893517,D,S,D,2024-10-25,1000000.00,4.094612,97.19140625
08:01:45,91282CLM1,TSRYS5893517,D,S,D,2024-10-25,1000000.00,4.094612,97.19140625
08:01:45,91282CLM1,TSRYS5893517,D,S,D,2024-10-25,1000000.00,4.094612,97.19140625
08:01:45,91282CLM1,TSRYS5893517,D,S,D,2024-10-25,1000000.00,4.094612,97.19140625
08:01:45,91282CLM1,TSRYS5893517,D,S,D,2024-10-25,1000000.00,4.094612,97.19140625
08:01:45,91282CLM1,TSRYS5893517,D,S,D,2024-10-25,1000000.00,4.094612,97.19140625
08:01:45,91282CLM1,TSRYS5893517,D,S,D,2024-10-25,1000000.00,4.094612,97.19140625
08:01:45,91282CLM1,TSRYS5893517,D,S,D,2024-10-25,1000000.00,4.094279,97.193359375
08:01:46,91282CLM1,TSRYS5893517,D,S,D,2024-10-25,1000000.00,4.091954,97.20703125
08:01:46,91282CLM1,TSRYS5893517,D,B,C,2024-10-25,1000000.00,4.091954,97.20703125
08:01:48,91282CLM1,TSRYS5893517,D,S,C,2024-10-25,1000000.00,4.093947,97.1953125
08:01:48,91282CLM1,TSRYS5893517,D,S,T,2024-10-25,1000000.00,4.092618,97.203125
08:01:48,91282CLM1,TSRYS5893517,D,S,T,2024-10-25,1000000.00,4.093947,97.1953125
08:01:49,91282CLM1,TSRYS5893517,D,S,D,2024-10-25,3530000.00,4.091289,97.2109375
08:01:49,91282CLM1,TSRYS5893517,D,S,D,2024-10-25,1000000.00,4.094612,97.19140625
08:01:49,91282CLM1,TSRYS5893517,D,B,C,2024-10-25,1000000.00,4.093283,97.19921875
08:01:49,91282CLM1,TSRYS5893517,D,S,C,2024-10-25,1000000.00,4.093283,97.19921875
08:01:49,91282CLM1,TSRYS5893517,D,S,D,2024-10-25,1000000.00,4.09295,97.201171875
08:01:49,91282CLM1,TSRYS5893517,D,B,C,2024-10-25,1000000.00,4.09295,97.201171875
08:01:49,91282CLM1,TSRYS5893517,D,S,D,2024-10-25,1000000.00,4.09295,97.201171875
08:01:49,91282CLM1,TSRYS5893517,D,B,C,2024-10-25,1000000.00,4.09295,97.201171875
08:01:49,91282CLM1,TSRYS5893517,D,B,C,2024-10-25,1000000.00,4.09295,97.201171875
08:01:49,91282CLM1,TSRYS5893517,D,S,C,2024-10-25,1000000.00,4.09295,97.201171875
08:01:49,91282CLM1,TSRYS5893517,D,B,C,2024-10-25,1000000.00,4.09295,97.201171875
08:01:49,91282CLM1,TSRYS5893517,D,S,D,2024-10-25,1000000.00,4.09295,97.201171875
08:01:49,91282CLM1,TSRYS5893517,D,B,C,2024-10-25,1000000.00,4.09295,97.201171875
08:01:49,91282CLM1,TSRYS5893517,D,S,D,2024-10-25,1000000.00,4.09295,97.201171875
08:01:49,91282CLM1,TSRYS5893517,D,S,C,2024-10-25,1000000.00,4.09295,97.201171875
08:01:50,91282CLM1,TSRYS5893517,D,S,C,2024-10-25,1000000.00,4.095941,97.18359375
08:01:50,91282CLM1,TSRYS5893517,D,S,C,2024-10-25,1000000.00,4.095941,97.18359375
08:01:50,91282CLM1,TSRYS5893517,D,S,D,2024-10-25,1000000.00,4.095941,97.18359375
08:01:50,91282CLM1,TSRYS5893517,D,S,D,2024-10-25,1000000.00,4.095941,97.18359375
08:01:50,91282CLM1,TSRYS5893517,D,S,D,2024-10-25,1000000.00,4.095941,97.18359375
08:01:50,91282CLM1,TSRYS5893517,D,S,D,2024-10-25,1000000.00,4.095941,97.18359375
08:01:50,91282CLM1,TSRYS5893517,D,S,D,2024-10-25,1000000.00,4.095941,97.18359375
08:01:50,91282CLM1,TSRYS5893517,D,S,D,2024-10-25,1000000.00,4.095941,97.18359375
08:01:50,91282CLM1,TSRYS5893517,D,S,A,2024-10-25,591000.00,4.104582,97.1328125
08:01:50,91282CLM1,TSRYS5893517,D,S,D,2024-10-25,1000000.00,4.095941,97.18359375
08:01:50,91282CLM1,TSRYS5893517,D,S,D,2024-10-25,1000000.00,4.095941,97.18359375
08:01:50,91282CLM1,TSRYS5893517,D,S,D,2024-10-25,1000000.00,4.098931,97.166015625
08:01:52,91282CLM1,TSRYS5893517,D,S,D,2024-10-25,1000000.00,4.099264,97.1640625
08:01:52,91282CLM1,TSRYS5893517,D,S,D,2024-10-25,1000000.00,4.099264,97.1640625
