tradeTime,cusip,issueSymbolIdentifier,priceType,reportingSideCode,contraPartyTypeCode,tradeDate,reportedTradeVolume,lastSaleYield,lastSalePrice
08:00:10,91282CKU4,TSRYS5814781,D,S,D,2024-05-31,1000000.00,4.555112,100.4140625
08:00:10,91282CKU4,TSRYS5814781,D,S,D,2024-05-31,2000000.00,4.555112,100.4140625
08:00:10,91282CKU4,TSRYS5814781,D,S,D,2024-05-31,2000000.00,4.555112,100.4140625
08:00:10,91282CKU4,TSRYS5814781,D,S,D,2024-05-31,1000000.00,4.555112,100.4140625
08:00:10,91282CKU4,TSRYS5814781,D,S,T,2024-05-31,1000000.00,4.555112,100.4140625
08:00:14,91282CKU4,TSRYS5814781,D,S,D,2024-05-31,1000000.00,4.555112,100.4140625
08:00:14,91282CKU4,TSRYS5814781,D,S,D,2024-05-31,2000000.00,4.555112,100.4140625
08:00:14,91282CKU4,TSRYS5814781,D,S,D,2024-05-31,1000000.00,4.555112,100.4140625
08:00:14,91282CKU4,TSRYS5814781,D,S,D,2024-05-31,1000000.00,4.555112,100.4140625
08:00:14,91282CKU4,TSRYS5814781,D,S,T,2024-05-31,2000000.00,4.566944,100.34375
08:00:14,91282CKU4,TSRYS5814781,D,S,T,2024-05-31,2000000.00,4.566944,100.34375
08:00:14,91282CKU4,TSRYS5814781,D,S,D,2024-05-31,2000000.00,4.564971,100.35546875
08:00:14,91282CKU4,TSRYS5814781,D,S,D,2024-05-31,1000000.00,4.564971,100.35546875
08:00:14,91282CKU4,TSRYS5814781,D,S,D,2024-05-31,2000000.00,4.564971,100.35546875
08:00:14,91282CKU4,TSRYS5814781,D,S,D,2024-05-31,1000000.00,4.564971,100.35546875
08:00:14,91282CKU4,TSRYS5814781,D,S,D,2024-05-31,1000000.00,4.563327,100.365234375
08:00:14,91282CKU4,TSRYS5814781,D,S,T,2024-05-31,1000000.00,4.566286,100.34765625
08:00:14,91282CKU4,TSRYS5814781,D,S,D,2024-05-31,1000000.00,4.572205,100.3125
08:00:14,91282CKU4,TSRYS5814781,D,S,T,2024-05-31,1000000.00,4.575166,100.294921875
08:00:14,91282CKU4,TSRYS5814781,D,S,D,2024-05-31,1000000.00,4.574508,100.298828125
08:00:14,91282CKU4,TSRYS5814781,D,S,D,2024-05-31,2000000.00,4.57714,100.283203125
08:00:14,91282CKU4,TSRYS5814781,D,S,T,2024-05-31,2000000.00,4.577469,100.28125
08:00:14,91282CKU4,TSRYS5814781,D,S,T,2024-05-31,2000000.00,4.572863,100.30859375
08:00:14,91282CKU4,TSRYS5814781,D,S,T,2024-05-31,4000000.00,4.572534,100.310546875
08:00:14,91282CKU4,TSRYS5814781,D,S,T,2024-05-31,9000000.00,4.572534,100.310546875
08:00:14,91282CKU4,TSRYS5814781,D,S,D,2024-05-31,2000000.00,4.571547,100.31640625
08:00:14,91282CKU4,TSRYS5814781,D,S,D,2024-05-31,1000000.00,4.574837,100.296875
08:00:14,91282CKU4,TSRYS5814781,D,S,D,2024-05-31,1000000.00,4.575824,100.291015625
08:00:14,91282CKU4,TSRYS5814781,D,S,D,2024-05-31,1000000.00,4.575824,100.291015625
08:00:14,91282CKU4,TSRYS5814781,D,S,D,2024-05-31,1000000.00,4.572205,100.3125
08:00:14,91282CKU4,TSRYS5814781,D,S,D,2024-05-31,2000000.00,4.579114,100.271484375
08:00:14,91282CKU4,TSRYS5814781,D,S,D,2024-05-31,1000000.00,4.579114,100.271484375
08:00:14,91282CKU4,TSRYS5814781,D,S,T,2024-05-31,8000000.00,4.56793,100.337890625
08:00:14,91282CKU4,TSRYS5814781,D,S,D,2024-05-31,8000000.00,4.56793,100.337890625
08:00:14,91282CKU4,TSRYS5814781,D,S,T,2024-05-31,1000000.00,4.567272,100.341796875
08:00:14,91282CKU4,TSRYS5814781,D,S,D,2024-05-31,4000000.00,4.56793,100.337890625
08:00:14,91282CKU4,TSRYS5814781,D,S,D,2024-05-31,8000000.00,4.569574,100.328125
08:00:14,91282CKU4,TSRYS5814781,D,S,D,2024-05-31,2000000.00,4.569574,100.328125
08:00:14,91282CKU4,TSRYS5814781,D,S,D,2024-05-31,2000000.00,4.569574,100.328125
08:00:14,91282CKU4,TSRYS5814781,D,S,T,2024-05-31,1000000.00,4.571218,100.318359375
08:00:14,91282CKU4,TSRYS5814781,D,S,T,2024-05-31,1000000.00,4.571547,100.31640625
08:00:14,91282CKU4,TSRYS5814781,D,S,D,2024-05-31,1000000.00,4.571547,100.31640625
08:00:14,91282CKU4,TSRYS5814781,D,S,D,2024-05-31,1000000.00,4.571547,100.31640625
08:00:14,91282CKU4,TSRYS5814781,D,S,D,2024-05-31,2000000.00,4.572205,100.3125
08:00:14,91282CKU4,TSRYS5814781,D,S,D,2024-05-31,2000000.00,4.572205,100.3125
08:00:14,91282CKU4,TSRYS5814781,D,S,T,2024-05-31,1000000.00,4.572205,100.3125
08:00:14,91282CKU4,TSRYS5814781,D,S,D,2024-05-31,2000000.00,4.572205,100.3125
08:00:14,91282CKU4,TSRYS5814781,D,S,T,2024-05-31,1000000.00,4.564313,100.359375
08:00:14,91282CKU4,TSRYS5814781,D,S,T,2024-05-31,1000000.00,4.561684,100.375
08:00:14,91282CKU4,TSRYS5814781,D,S,T,2024-05-31,1000000.00,4.574837,100.296875
08:00:14,91282CKU4,TSRYS5814781,D,S,T,2024-05-31,1000000.00,4.577469,100.28125
08:00:14,91282CKU4,TSRYS5814781,D,S,T,2024-05-31,1000000.00,4.580101,100.265625
08:00:14,91282CKU4,TSRYS5814781,D,S,T,2024-05-31,1000000.00,4.55117,100.4375
08:00:14,91282CKU4,TSRYS5814781,D,S,T,2024-05-31,1000000.00,4.55117,100.4375
08:00:14,91282CKU4,TSRYS5814781,D,S,T,2024-05-31,1000000.00,4.55117,100.4375
08:00:14,91282CKU4,TSRYS5814781,D,S,T,2024-05-31,1000000.00,4.55117,100.4375
08:00:14,91282CKU4,TSRYS5814781,D,S,T,2024-05-31,1000000.00,4.55117,100.4375
08:00:14,91282CKU4,TSRYS5814781,D,S,T,2024-05-31,1000000.00,4.55117,100.4375
08:00:14,91282CKU4,TSRYS5814781,D,S,T,2024-05-31,1000000.00,4.547886,100.45703125
08:00:14,91282CKU4,TSRYS5814781,D,S,T,2024-05-31,1000000.00,4.547886,100.45703125
08:00:14,91282CKU4,TSRYS5814781,D,S,T,2024-05-31,1000000.00,4.547886,100.45703125
08:00:14,91282CKU4,TSRYS5814781,D,S,T,2024-05-31,1000000.00,4.547886,100.45703125
08:00:14,91282CKU4,TSRYS5814781,D,S,T,2024-05-31,1000000.00,4.547886,100.45703125
08:00:14,91282CKU4,TSRYS5814781,D,S,T,2024-05-31,1000000.00,4.547886,100.45703125
08:00:14,91282CKU4,TSRYS5814781,D,S,T,2024-05-31,1000000.00,4.547886,100.45703125
08:00:14,91282CKU4,TSRYS5814781,D,S,T,2024-05-31,1000000.00,4.547886,100.45703125
08:00:14,91282CKU4,TSRYS5814781,D,S,T,2024-05-31,1000000.00,4.547886,100.45703125
08:00:14,91282CKU4,TSRYS5814781,D,S,D,2024-05-31,1000000.00,4.553469,100.423828125
08:00:14,91282CKU4,TSRYS5814781,D,S,T,2024-05-31,1000000.00,4.553798,100.421875
08:00:14,91282CKU4,TSRYS5814781,D,S,T,2024-05-31,1000000.00,4.553798,100.421875
08:00:14,91282CKU4,TSRYS5814781,D,S,D,2024-05-31,1000000.00,4.553141,100.42578125
08:00:14,91282CKU4,TSRYS5814781,D,S,D,2024-05-31,1000000.00,4.550842,100.439453125
08:00:14,91282CKU4,TSRYS5814781,D,S,D,2024-05-31,1000000.00,4.547886,100.45703125
08:00:14,91282CKU4,TSRYS5814781,D,S,T,2024-05-31,1000000.00,4.547886,100.45703125
08:00:14,91282CKU4,TSRYS5814781,D,S,T,2024-05-31,1000000.00,4.556426,100.40625
08:00:14,91282CKU4,TSRYS5814781,D,S,T,2024-05-31,1000000.00,4.556426,100.40625
08:00:14,91282CKU4,TSRYS5814781,D,S,D,2024-05-31,1000000.00,4.55544,100.412109375
08:00:14,91282CKU4,TSRYS5814781,D,S,T,2024-05-31,1000000.00,4.555112,100.4140625
08:00:14,91282CKU4,TSRYS5814781,D,S,T,2024-05-31,1000000.00,4.55544,100.412109375
08:00:14,91282CKU4,TSRYS5814781,D,S,D,2024-05-31,1000000.00,4.555112,100.4140625
08:00:14,91282CKU4,TSRYS5814781,D,S,D,2024-05-31,1000000.00,4.555112,100.4140625
08:00:14,91282CKU4,TSRYS5814781,D,S,D,2024-05-31,1000000.00,4.555769,100.41015625
08:00:14,91282CKU4,TSRYS5814781,D,S,T,2024-05-31,1000000.00,4.555769,100.41015625
08:00:14,91282CKU4,TSRYS5814781,D,S,T,2024-05-31,1000000.00,4.555769,100.41015625
08:00:14,91282CKU4,TSRYS5814781,D,S,T,2024-05-31,1000000.00,4.55544,100.412109375
08:00:14,91282CKU4,TSRYS5814781,D,S,T,2024-05-31,1000000.00,4.55544,100.412109375
08:00:14,91282CKU4,TSRYS5814781,D,S,T,2024-05-31,1000000.00,4.555112,100.4140625
08:00:14,91282CKU4,TSRYS5814781,D,S,D,2024-05-31,1000000.00,4.555112,100.4140625
08:00:14,91282CKU4,TSRYS5814781,D,S,T,2024-05-31,2000000.00,4.559055,100.390625
08:00:14,91282CKU4,TSRYS5814781,D,S,D,2024-05-31,1000000.00,4.563327,100.365234375
08:00:14,91282CKU4,TSRYS5814781,D,S,T,2024-05-31,1000000.00,4.562999,100.3671875
08:00:14,91282CKU4,TSRYS5814781,D,S,T,2024-05-31,1000000.00,4.562999,100.3671875
08:00:14,91282CKU4,TSRYS5814781,D,S,T,2024-05-31,1000000.00,4.562999,100.3671875
08:00:14,91282CKU4,TSRYS5814781,D,S,T,2024-05-31,1000000.00,4.562999,100.3671875
08:00:14,91282CKU4,TSRYS5814781,D,S,T,2024-05-31,1000000.00,4.560369,100.3828125
08:00:14,91282CKU4,TSRYS5814781,D,S,T,2024-05-31,1000000.00,4.572205,100.3125
08:00:14,91282CKU4,TSRYS5814781,D,S,T,2024-05-31,1000000.00,4.572205,100.3125
08:00:14,91282CKU4,TSRYS5814781,D,S,T,2024-05-31,1000000.00,4.577469,100.28125
08:00:14,91282CKU4,TSRYS5814781,D,S,T,2024-05-31,1000000.00,4.577469,100.28125
08:00:14,91282CKU4,TSRYS5814781,D,S,T,2024-05-31,1000000.00,4.575495,100.29296875
08:00:14,91282CKU4,TSRYS5814781,D,S,T,2024-05-31,1000000.00,4.575166,100.294921875
08:00:14,91282CKU4,TSRYS5814781,D,S,T,2024-05-31,1000000.00,4.573521,100.3046875
08:00:14,91282CKU4,TSRYS5814781,D,S,D,2024-05-31,1000000.00,4.578785,100.2734375
08:00:14,91282CKU4,TSRYS5814781,D,S,T,2024-05-31,1000000.00,4.578785,100.2734375
08:00:14,91282CKU4,TSRYS5814781,D,S,T,2024-05-31,1000000.00,4.578785,100.2734375
08:00:14,91282CKU4,TSRYS5814781,D,S,D,2024-05-31,1000000.00,4.579114,100.271484375
08:00:14,91282CKU4,TSRYS5814781,D,S,D,2024-05-31,1000000.00,4.58438,100.240234375
08:00:14,91282CKU4,TSRYS5814781,D,S,T,2024-05-31,1000000.00,4.58438,100.240234375
08:00:14,91282CKU4,TSRYS5814781,D,S,T,2024-05-31,1000000.00,4.576153,100.2890625
08:00:14,91282CKU4,TSRYS5814781,D,S,T,2024-05-31,1000000.00,4.565628,100.3515625
08:00:18,91282CKU4,TSRYS5814781,D,S,T,2024-05-31,1000000.00,4.55117,100.4375
08:00:18,91282CKU4,TSRYS5814781,D,S,D,2024-05-31,1000000.00,4.548543,100.453125
08:00:18,91282CKU4,TSRYS5814781,D,S,T,2024-05-31,1000000.00,4.55774,100.3984375
08:00:18,91282CKU4,TSRYS5814781,D,S,T,2024-05-31,1000000.00,4.558069,100.396484375
08:00:18,91282CKU4,TSRYS5814781,D,S,T,2024-05-31,1000000.00,4.556426,100.40625
08:00:18,91282CKU4,TSRYS5814781,D,S,T,2024-05-31,1000000.00,4.556426,100.40625
08:00:18,91282CKU4,TSRYS5814781,D,S,T,2024-05-31,1000000.00,4.582734,100.25
08:00:18,91282CKU4,TSRYS5814781,D,S,T,2024-05-31,1000000.00,4.582734,100.25
08:00:18,91282CKU4,TSRYS5814781,D,S,D,2024-05-31,1000000.00,4.548543,100.453125
08:00:18,91282CKU4,TSRYS5814781,D,S,D,2024-05-31,2000000.00,4.553141,100.42578125
08:00:18,91282CKU4,TSRYS5814781,D,S,T,2024-05-31,1000000.00,4.564313,100.359375
08:00:18,91282CKU4,TSRYS5814781,D,S,T,2024-05-31,1000000.00,4.564313,100.359375
08:00:18,91282CKU4,TSRYS5814781,D,S,D,2024-05-31,2000000.00,4.552812,100.427734375
08:00:18,91282CKU4,TSRYS5814781,D,S,D,2024-05-31,2000000.00,4.552812,100.427734375
08:00:19,91282CKU4,TSRYS5814781,D,S,D,2024-05-31,2000000.00,4.556426,100.40625
08:00:20,91282CKU4,TSRYS5814781,D,S,D,2024-05-31,2000000.00,4.556426,100.40625
08:00:22,91282CKU4,TSRYS5814781,D,S,T,2024-05-31,1000000.00,4.555769,100.41015625
08:00:22,91282CKU4,TSRYS5814781,D,S,T,2024-05-31,1000000.00,4.555112,100.4140625
08:00:23,91282CKU4,TSRYS5814781,D,S,T,2024-05-31,2000000.00,4.556426,100.40625
08:00:23,91282CKU4,TSRYS5814781,D,S,T,2024-05-31,1000000.00,4.558069,100.396484375
08:00:28,91282CKU4,TSRYS5814781,D,S,T,2024-05-31,1000000.00,4.556755,100.404296875
08:00:28,91282CKU4,TSRYS5814781,D,S,T,2024-05-31,2000000.00,4.556426,100.40625
08:00:28,91282CKU4,TSRYS5814781,D,S,T,2024-05-31,1000000.00,4.556426,100.40625
08:00:28,91282CKU4,TSRYS5814781,D,S,T,2024-05-31,1000000.00,4.55544,100.412109375
08:00:29,91282CKU4,TSRYS5814781,D,S,T,2024-05-31,1000000.00,4.555112,100.4140625
08:00:29,91282CKU4,TSRYS5814781,D,S,T,2024-05-31,1000000.00,4.55544,100.412109375
08:00:30,91282CKU4,TSRYS5814781,D,S,T,2024-05-31,1000000.00,4.559055,100.390625
08:00:30,91282CKU4,TSRYS5814781,D,S,T,2024-05-31,1000000.00,4.557412,100.400390625
08:00:30,91282CKU4,TSRYS5814781,D,S,T,2024-05-31,1000000.00,4.55117,100.4375
08:00:30,91282CKU4,TSRYS5814781,D,S,T,2024-05-31,1000000.00,4.55117,100.4375
08:00:30,91282CKU4,TSRYS5814781,D,S,T,2024-05-31,1000000.00,4.548543,100.453125
08:00:30,91282CKU4,TSRYS5814781,D,S,T,2024-05-31,1000000.00,4.548543,100.453125
08:00:30,91282CKU4,TSRYS5814781,D,S,T,2024-05-31,1000000.00,4.548543,100.453125
08:00:30,91282CKU4,TSRYS5814781,D,S,T,2024-05-31,1000000.00,4.550842,100.439453125
08:00:30,91282CKU4,TSRYS5814781,D,S,T,2024-05-31,1000000.00,4.55117,100.4375
08:00:30,91282CKU4,TSRYS5814781,D,S,T,2024-05-31,1000000.00,4.550185,100.443359375
08:00:30,91282CKU4,TSRYS5814781,D,S,D,2024-05-31,1000000.00,4.552812,100.427734375
08:00:30,91282CKU4,TSRYS5814781,D,S,D,2024-05-31,1000000.00,4.552812,100.427734375
08:00:30,91282CKU4,TSRYS5814781,D,S,D,2024-05-31,1000000.00,4.552812,100.427734375
08:00:30,91282CKU4,TSRYS5814781,D,S,T,2024-05-31,1000000.00,4.553798,100.421875
08:00:30,91282CKU4,TSRYS5814781,D,S,D,2024-05-31,2000000.00,4.555112,100.4140625
08:00:30,91282CKU4,TSRYS5814781,D,S,T,2024-05-31,2000000.00,4.556097,100.408203125
08:00:30,91282CKU4,TSRYS5814781,D,S,D,2024-05-31,2000000.00,4.555112,100.4140625
08:00:30,91282CKU4,TSRYS5814781,D,S,D,2024-05-31,1000000.00,4.555112,100.4140625
08:00:30,91282CKU4,TSRYS5814781,D,S,D,2024-05-31,4000000.00,4.555112,100.4140625
08:00:30,91282CKU4,TSRYS5814781,D,S,T,2024-05-31,1000000.00,4.55774,100.3984375
08:00:30,91282CKU4,TSRYS5814781,D,S,D,2024-05-31,1000000.00,4.555112,100.4140625
08:00:30,91282CKU4,TSRYS5814781,D,S,D,2024-05-31,1000000.00,4.555112,100.4140625
08:00:30,91282CKU4,TSRYS5814781,D,S,D,2024-05-31,1000000.00,4.55544,100.412109375
08:00:30,91282CKU4,TSRYS5814781,D,S,D,2024-05-31,1000000.00,4.555112,100.4140625
08:00:30,91282CKU4,TSRYS5814781,D,S,T,2024-05-31,2000000.00,4.562012,100.373046875
08:00:30,91282CKU4,TSRYS5814781,D,S,T,2024-05-31,1000000.00,4.561684,100.375
08:00:30,91282CKU4,TSRYS5814781,D,S,T,2024-05-31,1000000.00,4.562341,100.37109375
08:00:30,91282CKU4,TSRYS5814781,D,S,T,2024-05-31,1000000.00,4.562341,100.37109375
08:00:30,91282CKU4,TSRYS5814781,D,S,T,2024-05-31,1000000.00,4.562341,100.37109375
08:00:30,91282CKU4,TSRYS5814781,D,S,T,2024-05-31,1000000.00,4.568259,100.3359375
08:00:30,91282CKU4,TSRYS5814781,D,S,T,2024-05-31,1000000.00,4.566944,100.34375
08:00:30,91282CKU4,TSRYS5814781,D,S,T,2024-05-31,2000000.00,4.566944,100.34375
08:00:30,91282CKU4,TSRYS5814781,D,S,T,2024-05-31,1000000.00,4.566944,100.34375
08:00:30,91282CKU4,TSRYS5814781,D,S,T,2024-05-31,2000000.00,4.566944,100.34375
08:00:30,91282CKU4,TSRYS5814781,D,S,T,2024-05-31,2000000.00,4.566944,100.34375
08:00:30,91282CKU4,TSRYS5814781,D,S,D,2024-05-31,1000000.00,4.564971,100.35546875
08:00:30,91282CKU4,TSRYS5814781,D,S,D,2024-05-31,1000000.00,4.564971,100.35546875
08:00:30,91282CKU4,TSRYS5814781,D,S,D,2024-05-31,1000000.00,4.564971,100.35546875
08:00:30,91282CKU4,TSRYS5814781,D,S,D,2024-05-31,1000000.00,4.564971,100.35546875
08:00:30,91282CKU4,TSRYS5814781,D,S,T,2024-05-31,1000000.00,4.564313,100.359375
08:00:30,91282CKU4,TSRYS5814781,D,S,T,2024-05-31,1000000.00,4.564313,100.359375
08:00:30,91282CKU4,TSRYS5814781,D,S,T,2024-05-31,1000000.00,4.562341,100.37109375
08:00:30,91282CKU4,TSRYS5814781,D,S,T,2024-05-31,1000000.00,4.562999,100.3671875
08:00:30,91282CKU4,TSRYS5814781,D,S,T,2024-05-31,2000000.00,4.567601,100.33984375
08:00:30,91282CKU4,TSRYS5814781,D,S,T,2024-05-31,1000000.00,4.567272,100.341796875
08:00:30,91282CKU4,TSRYS5814781,D,S,T,2024-05-31,1000000.00,4.567601,100.33984375
08:00:30,91282CKU4,TSRYS5814781,D,S,T,2024-05-31,1000000.00,4.564971,100.35546875
08:00:30,91282CKU4,TSRYS5814781,D,S,T,2024-05-31,1000000.00,4.564971,100.35546875
08:00:30,91282CKU4,TSRYS5814781,D,S,T,2024-05-31,1000000.00,4.566615,100.345703125
08:00:30,91282CKU4,TSRYS5814781,D,S,T,2024-05-31,1000000.00,4.567272,100.341796875
08:00:30,91282CKU4,TSRYS5814781,D,S,T,2024-05-31,2000000.00,4.56793,100.337890625
08:00:30,91282CKU4,TSRYS5814781,D,S,T,2024-05-31,1000000.00,4.567601,100.33984375
08:00:30,91282CKU4,TSRYS5814781,D,S,T,2024-05-31,2000000.00,4.56793,100.337890625
08:00:30,91282CKU4,TSRYS5814781,D,S,T,2024-05-31,1000000.00,4.569574,100.328125
08:00:30,91282CKU4,TSRYS5814781,D,S,T,2024-05-31,1000000.00,4.569574,100.328125
08:00:30,91282CKU4,TSRYS5814781,D,S,T,2024-05-31,1000000.00,4.569574,100.328125
08:00:30,91282CKU4,TSRYS5814781,D,S,T,2024-05-31,1000000.00,4.569574,100.328125
08:00:30,91282CKU4,TSRYS5814781,D,S,T,2024-05-31,1000000.00,4.570232,100.32421875
08:00:30,91282CKU4,TSRYS5814781,D,S,T,2024-05-31,2000000.00,4.572205,100.3125
08:00:30,91282CKU4,TSRYS5814781,D,S,T,2024-05-31,2000000.00,4.572205,100.3125
08:00:30,91282CKU4,TSRYS5814781,D,S,D,2024-05-31,1000000.00,4.572205,100.3125
08:00:30,91282CKU4,TSRYS5814781,D,S,T,2024-05-31,2000000.00,4.572205,100.3125
08:00:30,91282CKU4,TSRYS5814781,D,S,T,2024-05-31,1000000.00,4.572205,100.3125
08:00:30,91282CKU4,TSRYS5814781,D,S,D,2024-05-31,1000000.00,4.572205,100.3125
08:00:30,91282CKU4,TSRYS5814781,D,S,D,2024-05-31,1000000.00,4.572205,100.3125
08:00:30,91282CKU4,TSRYS5814781,D,S,T,2024-05-31,1000000.00,4.574837,100.296875
08:00:30,91282CKU4,TSRYS5814781,D,S,T,2024-05-31,1000000.00,4.574837,100.296875
08:00:34,91282CKU4,TSRYS5814781,D,S,T,2024-05-31,1000000.00,4.574837,100.296875
08:00:34,91282CKU4,TSRYS5814781,D,S,T,2024-05-31,1000000.00,4.577469,100.28125
08:00:34,91282CKU4,TSRYS5814781,D,S,T,2024-05-31,1000000.00,4.574837,100.296875
08:00:34,91282CKU4,TSRYS5814781,D,S,T,2024-05-31,1000000.00,4.577469,100.28125
08:00:34,91282CKU4,TSRYS5814781,D,S,T,2024-05-31,2000000.00,4.57714,100.283203125
08:00:34,91282CKU4,TSRYS5814781,D,S,T,2024-05-31,1000000.00,4.577469,100.28125
08:00:34,91282CKU4,TSRYS5814781,D,S,T,2024-05-31,2000000.00,4.577469,100.28125
08:00:34,91282CKU4,TSRYS5814781,D,S,T,2024-05-31,1000000.00,4.577469,100.28125
08:00:34,91282CKU4,TSRYS5814781,D,S,T,2024-05-31,1000000.00,4.577469,100.28125
08:00:34,91282CKU4,TSRYS5814781,D,S,T,2024-05-31,1000000.00,4.577469,100.28125
08:00:34,91282CKU4,TSRYS5814781,D,S,T,2024-05-31,1000000.00,4.577469,100.28125
08:00:34,91282CKU4,TSRYS5814781,D,S,T,2024-05-31,2000000.00,4.575824,100.291015625
08:00:34,91282CKU4,TSRYS5814781,D,S,T,2024-05-31,1000000.00,4.575495,100.29296875
08:00:34,91282CKU4,TSRYS5814781,D,S,T,2024-05-31,2000000.00,4.575166,100.294921875
08:00:34,91282CKU4,TSRYS5814781,D,S,T,2024-05-31,1000000.00,4.574837,100.296875
08:00:34,91282CKU4,TSRYS5814781,D,S,T,2024-05-31,1000000.00,4.572205,100.3125
08:00:34,91282CKU4,TSRYS5814781,D,S,T,2024-05-31,1000000.00,4.572205,100.3125
08:00:34,91282CKU4,TSRYS5814781,D,S,T,2024-05-31,2000000.00,4.572863,100.30859375
08:00:34,91282CKU4,TSRYS5814781,D,S,T,2024-05-31,1000000.00,4.571876,100.314453125
08:00:34,91282CKU4,TSRYS5814781,D,S,T,2024-05-31,1000000.00,4.571218,100.318359375
08:00:34,91282CKU4,TSRYS5814781,D,S,T,2024-05-31,1000000.00,4.572205,100.3125
08:00:34,91282CKU4,TSRYS5814781,D,S,T,2024-05-31,1000000.00,4.569574,100.328125
08:00:34,91282CKU4,TSRYS5814781,D,S,T,2024-05-31,1000000.00,4.572205,100.3125
08:00:34,91282CKU4,TSRYS5814781,D,S,T,2024-05-31,2000000.00,4.575166,100.294921875
08:00:34,91282CKU4,TSRYS5814781,D,S,T,2024-05-31,1000000.00,4.575166,100.294921875
08:00:34,91282CKU4,TSRYS5814781,D,S,T,2024-05-31,1000000.00,4.572205,100.3125
08:00:34,91282CKU4,TSRYS5814781,D,S,T,2024-05-31,1000000.00,4.572205,100.3125
08:00:34,91282CKU4,TSRYS5814781,D,S,T,2024-05-31,1000000.00,4.572205,100.3125
08:00:34,91282CKU4,TSRYS5814781,D,S,T,2024-05-31,1000000.00,4.573521,100.3046875
08:00:34,91282CKU4,TSRYS5814781,D,S,T,2024-05-31,1000000.00,4.574837,100.296875
08:00:34,91282CKU4,TSRYS5814781,D,S,T,2024-05-31,5000000.00,4.574837,100.296875
08:00:34,91282CKU4,TSRYS5814781,D,S,T,2024-05-31,1000000.00,4.574837,100.296875
08:00:34,91282CKU4,TSRYS5814781,D,S,T,2024-05-31,1000000.00,4.574837,100.296875
08:00:34,91282CKU4,TSRYS5814781,D,S,T,2024-05-31,1000000.00,4.574837,100.296875
08:00:34,91282CKU4,TSRYS5814781,D,S,T,2024-05-31,2000000.00,4.575824,100.291015625
08:00:34,91282CKU4,TSRYS5814781,D,S,T,2024-05-31,1000000.00,4.577469,100.28125
08:00:34,91282CKU4,TSRYS5814781,D,S,T,2024-05-31,1000000.00,4.577469,100.28125
08:00:34,91282CKU4,TSRYS5814781,D,S,T,2024-05-31,1000000.00,4.577469,100.28125
08:00:34,91282CKU4,TSRYS5814781,D,S,T,2024-05-31,1000000.00,4.577469,100.28125
08:00:34,91282CKU4,TSRYS5814781,D,S,T,2024-05-31,1000000.00,4.578785,100.2734375
08:00:34,91282CKU4,TSRYS5814781,D,S,T,2024-05-31,1000000.00,4.577469,100.28125
08:00:34,91282CKU4,TSRYS5814781,D,S,T,2024-05-31,1000000.00,4.581418,100.2578125
08:00:34,91282CKU4,TSRYS5814781,D,S,T,2024-05-31,1000000.00,4.581418,100.2578125
08:00:34,91282CKU4,TSRYS5814781,D,S,T,2024-05-31,1000000.00,4.58076,100.26171875
08:00:34,91282CKU4,TSRYS5814781,D,S,T,2024-05-31,1000000.00,4.581418,100.2578125
08:00:34,91282CKU4,TSRYS5814781,D,S,T,2024-05-31,1000000.00,4.582734,100.25
08:00:34,91282CKU4,TSRYS5814781,D,S,T,2024-05-31,1000000.00,4.581418,100.2578125
08:00:34,91282CKU4,TSRYS5814781,D,S,T,2024-05-31,1000000.00,4.581418,100.2578125
08:00:34,91282CKU4,TSRYS5814781,D,S,T,2024-05-31,1000000.00,4.581418,100.2578125
08:00:34,91282CKU4,TSRYS5814781,D,S,T,2024-05-31,1000000.00,4.581418,100.2578125
08:00:34,91282CKU4,TSRYS5814781,D,S,T,2024-05-31,1000000.00,4.581418,100.2578125
08:00:34,91282CKU4,TSRYS5814781,D,S,T,2024-05-31,1000000.00,4.581418,100.2578125
08:00:34,91282CKU4,TSRYS5814781,D,S,T,2024-05-31,1000000.00,4.582734,100.25
08:00:34,91282CKU4,TSRYS5814781,D,S,T,2024-05-31,1000000.00,4.582734,100.25
08:00:34,91282CKU4,TSRYS5814781,D,S,T,2024-05-31,1000000.00,4.582734,100.25
08:00:34,91282CKU4,TSRYS5814781,D,S,T,2024-05-31,1000000.00,4.582734,100.25
08:00:34,91282CKU4,TSRYS5814781,D,S,T,2024-05-31,1000000.00,4.580101,100.265625
08:00:34,91282CKU4,TSRYS5814781,D,S,T,2024-05-31,1000000.00,4.581418,100.2578125
08:00:34,91282CKU4,TSRYS5814781,D,S,T,2024-05-31,1000000.00,4.581418,100.2578125
08:00:34,91282CKU4,TSRYS5814781,D,S,T,2024-05-31,1000000.00,4.577469,100.28125
08:00:34,91282CKU4,TSRYS5814781,D,S,T,2024-05-31,1000000.00,4.577469,100.28125
08:00:34,91282CKU4,TSRYS5814781,D,S,T,2024-05-31,1000000.00,4.574837,100.296875
08:00:34,91282CKU4,TSRYS5814781,D,S,T,2024-05-31,1000000.00,4.572205,100.3125
08:00:34,91282CKU4,TSRYS5814781,D,S,T,2024-05-31,1000000.00,4.572205,100.3125
08:00:34,91282CKU4,TSRYS5814781,D,S,T,2024-05-31,1000000.00,4.572205,100.3125
08:00:34,91282CKU4,TSRYS5814781,D,S,T,2024-05-31,2000000.00,4.572205,100.3125
08:00:34,91282CKU4,TSRYS5814781,D,S,T,2024-05-31,1000000.00,4.572205,100.3125
08:00:34,91282CKU4,TSRYS5814781,D,S,T,2024-05-31,1000000.00,4.572205,100.3125
08:00:34,91282CKU4,TSRYS5814781,D,S,T,2024-05-31,1000000.00,4.574837,100.296875
08:00:34,91282CKU4,TSRYS5814781,D,S,T,2024-05-31,1000000.00,4.574837,100.296875
08:00:34,91282CKU4,TSRYS5814781,D,S,T,2024-05-31,1000000.00,4.574837,100.296875
08:00:34,91282CKU4,TSRYS5814781,D,S,T,2024-05-31,1000000.00,4.574837,100.296875
08:00:34,91282CKU4,TSRYS5814781,D,S,T,2024-05-31,1000000.00,4.576153,100.2890625
08:00:34,91282CKU4,TSRYS5814781,D,S,T,2024-05-31,1000000.00,4.572205,100.3125
08:00:34,91282CKU4,TSRYS5814781,D,S,T,2024-05-31,1000000.00,4.572205,100.3125
08:00:34,91282CKU4,TSRYS5814781,D,S,T,2024-05-31,1000000.00,4.572205,100.3125
08:00:34,91282CKU4,TSRYS5814781,D,S,T,2024-05-31,1000000.00,4.578785,100.2734375
08:00:34,91282CKU4,TSRYS5814781,D,S,T,2024-05-31,1000000.00,4.577469,100.28125
08:00:34,91282CKU4,TSRYS5814781,D,S,T,2024-05-31,1000000.00,4.573521,100.3046875
08:00:34,91282CKU4,TSRYS5814781,D,S,T,2024-05-31,1000000.00,4.574837,100.296875
08:00:34,91282CKU4,TSRYS5814781,D,S,T,2024-05-31,1000000.00,4.574837,100.296875
08:00:34,91282CKU4,TSRYS5814781,D,S,T,2024-05-31,1000000.00,4.574837,100.296875
08:00:34,91282CKU4,TSRYS5814781,D,S,T,2024-05-31,1000000.00,4.574837,100.296875
08:00:34,91282CKU4,TSRYS5814781,D,S,T,2024-05-31,1000000.00,4.574837,100.296875
08:00:34,91282CKU4,TSRYS5814781,D,S,T,2024-05-31,1000000.00,4.574837,100.296875
08:00:34,91282CKU4,TSRYS5814781,D,S,T,2024-05-31,1000000.00,4.572205,100.3125
08:00:34,91282CKU4,TSRYS5814781,D,S,T,2024-05-31,1000000.00,4.569574,100.328125
08:00:34,91282CKU4,TSRYS5814781,D,S,T,2024-05-31,1000000.00,4.569574,100.328125
08:00:34,91282CKU4,TSRYS5814781,D,S,T,2024-05-31,2000000.00,4.56793,100.337890625
08:00:34,91282CKU4,TSRYS5814781,D,S,T,2024-05-31,2000000.00,4.567272,100.341796875
08:00:34,91282CKU4,TSRYS5814781,D,S,T,2024-05-31,1000000.00,4.566944,100.34375
08:00:34,91282CKU4,TSRYS5814781,D,S,T,2024-05-31,1000000.00,4.566944,100.34375
08:00:34,91282CKU4,TSRYS5814781,D,S,T,2024-05-31,1000000.00,4.569574,100.328125
08:00:34,91282CKU4,TSRYS5814781,D,S,T,2024-05-31,1000000.00,4.569574,100.328125
08:00:34,91282CKU4,TSRYS5814781,D,S,T,2024-05-31,1000000.00,4.570232,100.32421875
08:00:34,91282CKU4,TSRYS5814781,D,S,T,2024-05-31,2000000.00,4.569903,100.326171875
08:00:34,91282CKU4,TSRYS5814781,D,S,T,2024-05-31,1000000.00,4.569574,100.328125
08:00:34,91282CKU4,TSRYS5814781,D,S,T,2024-05-31,2000000.00,4.569574,100.328125
08:00:34,91282CKU4,TSRYS5814781,D,S,T,2024-05-31,3000000.00,4.569574,100.328125
08:00:34,91282CKU4,TSRYS5814781,D,S,T,2024-05-31,1000000.00,4.570232,100.32421875
08:00:34,91282CKU4,TSRYS5814781,D,S,T,2024-05-31,2000000.00,4.570232,100.32421875
08:00:34,91282CKU4,TSRYS5814781,D,S,T,2024-05-31,1000000.00,4.570232,100.32421875
08:00:34,91282CKU4,TSRYS5814781,D,S,T,2024-05-31,1000000.00,4.569574,100.328125
08:00:34,91282CKU4,TSRYS5814781,D,S,T,2024-05-31,1000000.00,4.570232,100.32421875
08:00:34,91282CKU4,TSRYS5814781,D,S,T,2024-05-31,1000000.00,4.569574,100.328125
08:00:34,91282CKU4,TSRYS5814781,D,S,T,2024-05-31,1000000.00,4.57089,100.3203125
08:00:34,91282CKU4,TSRYS5814781,D,S,T,2024-05-31,1000000.00,4.57089,100.3203125
08:00:34,91282CKU4,TSRYS5814781,D,S,T,2024-05-31,1000000.00,4.572205,100.3125
08:00:34,91282CKU4,TSRYS5814781,D,S,T,2024-05-31,2000000.00,4.572205,100.3125
08:00:34,91282CKU4,TSRYS5814781,D,S,T,2024-05-31,1000000.00,4.572205,100.3125
08:00:34,91282CKU4,TSRYS5814781,D,S,T,2024-05-31,1000000.00,4.569574,100.328125
08:00:34,91282CKU4,TSRYS5814781,D,S,T,2024-05-31,1000000.00,4.569574,100.328125
08:00:34,91282CKU4,TSRYS5814781,D,S,T,2024-05-31,1000000.00,4.569574,100.328125
08:00:34,91282CKU4,TSRYS5814781,D,S,T,2024-05-31,1000000.00,4.569574,100.328125
08:00:34,91282CKU4,TSRYS5814781,D,S,T,2024-05-31,2000000.00,4.569574,100.328125
08:00:34,91282CKU4,TSRYS5814781,D,S,T,2024-05-31,1000000.00,4.569574,100.328125
08:00:34,91282CKU4,TSRYS5814781,D,S,T,2024-05-31,1000000.00,4.569574,100.328125
08:00:34,91282CKU4,TSRYS5814781,D,S,T,2024-05-31,1000000.00,4.569574,100.328125
08:00:34,91282CKU4,TSRYS5814781,D,S,T,2024-05-31,1000000.00,4.569574,100.328125
08:00:34,91282CKU4,TSRYS5814781,D,S,T,2024-05-31,1000000.00,4.569574,100.328125
08:00:34,91282CKU4,TSRYS5814781,D,S,T,2024-05-31,1000000.00,4.569574,100.328125
08:00:34,91282CKU4,TSRYS5814781,D,S,T,2024-05-31,1000000.00,4.569574,100.328125
08:00:34,91282CKU4,TSRYS5814781,D,S,T,2024-05-31,1000000.00,4.569574,100.328125
08:00:34,91282CKU4,TSRYS5814781,D,S,T,2024-05-31,1000000.00,4.564313,100.359375
08:00:34,91282CKU4,TSRYS5814781,D,S,T,2024-05-31,1000000.00,4.566944,100.34375
08:00:34,91282CKU4,TSRYS5814781,D,S,T,2024-05-31,1000000.00,4.564971,100.35546875
08:00:34,91282CKU4,TSRYS5814781,D,S,D,2024-05-31,2000000.00,4.552812,100.427734375
08:00:34,91282CKU4,TSRYS5814781,D,S,D,2024-05-31,2000000.00,4.555112,100.4140625
08:00:34,91282CKU4,TSRYS5814781,D,S,D,2024-05-31,1000000.00,4.555112,100.4140625
08:00:34,91282CKU4,TSRYS5814781,D,S,D,2024-05-31,2000000.00,4.564971,100.35546875
08:00:34,91282CKU4,TSRYS5814781,D,S,D,2024-05-31,2000000.00,4.577469,100.28125
08:00:34,91282CKU4,TSRYS5814781,D,S,D,2024-05-31,1000000.00,4.567601,100.33984375
08:00:34,91282CKU4,TSRYS5814781,D,S,D,2024-05-31,2000000.00,4.56793,100.337890625
08:00:34,91282CKU4,TSRYS5814781,D,S,D,2024-05-31,1000000.00,4.5653,100.353515625
08:00:34,91282CKU4,TSRYS5814781,D,S,D,2024-05-31,1000000.00,4.561026,100.37890625
08:00:34,91282CKU4,TSRYS5814781,D,S,D,2024-05-31,1000000.00,4.560698,100.380859375
08:00:34,91282CKU4,TSRYS5814781,D,S,D,2024-05-31,1000000.00,4.560698,100.380859375
08:00:34,91282CKU4,TSRYS5814781,D,S,D,2024-05-31,2000000.00,4.57089,100.3203125
08:00:34,91282CKU4,TSRYS5814781,D,S,D,2024-05-31,1000000.00,4.570561,100.322265625
08:00:34,91282CKU4,TSRYS5814781,D,S,T,2024-05-31,1000000.00,4.55117,100.4375
08:00:34,91282CKU4,TSRYS5814781,D,S,T,2024-05-31,1000000.00,4.550513,100.44140625
08:00:34,91282CKU4,TSRYS5814781,D,S,T,2024-05-31,1000000.00,4.550513,100.44140625
08:00:34,91282CKU4,TSRYS5814781,D,S,D,2024-05-31,2000000.00,4.552812,100.427734375
08:00:34,91282CKU4,TSRYS5814781,D,S,D,2024-05-31,1000000.00,4.552812,100.427734375
08:00:34,91282CKU4,TSRYS5814781,D,S,D,2024-05-31,2000000.00,4.552812,100.427734375
08:00:34,91282CKU4,TSRYS5814781,D,S,D,2024-05-31,2000000.00,4.552812,100.427734375
08:00:34,91282CKU4,TSRYS5814781,D,S,D,2024-05-31,4000000.00,4.552812,100.427734375
08:00:34,91282CKU4,TSRYS5814781,D,S,D,2024-05-31,2000000.00,4.552812,100.427734375
08:00:34,91282CKU4,TSRYS5814781,D,S,D,2024-05-31,3000000.00,4.552812,100.427734375
08:00:34,91282CKU4,TSRYS5814781,D,S,D,2024-05-31,1000000.00,4.552812,100.427734375
08:00:34,91282CKU4,TSRYS5814781,D,S,D,2024-05-31,4000000.00,4.552812,100.427734375
08:00:34,91282CKU4,TSRYS5814781,D,S,D,2024-05-31,3000000.00,4.555112,100.4140625
08:00:34,91282CKU4,TSRYS5814781,D,S,D,2024-05-31,3000000.00,4.555112,100.4140625
08:00:34,91282CKU4,TSRYS5814781,D,S,D,2024-05-31,4000000.00,4.555112,100.4140625
08:00:34,91282CKU4,TSRYS5814781,D,S,D,2024-05-31,2000000.00,4.555112,100.4140625
08:00:34,91282CKU4,TSRYS5814781,D,S,D,2024-05-31,2000000.00,4.555112,100.4140625
08:00:34,91282CKU4,TSRYS5814781,D,S,D,2024-05-31,2000000.00,4.555112,100.4140625
08:00:34,91282CKU4,TSRYS5814781,D,S,T,2024-05-31,1000000.00,4.555112,100.4140625
08:00:34,91282CKU4,TSRYS5814781,D,S,T,2024-05-31,1000000.00,4.555112,100.4140625
08:00:34,91282CKU4,TSRYS5814781,D,S,T,2024-05-31,2000000.00,4.555112,100.4140625
08:00:34,91282CKU4,TSRYS5814781,D,S,D,2024-05-31,1000000.00,4.555112,100.4140625
08:00:34,91282CKU4,TSRYS5814781,D,S,D,2024-05-31,3000000.00,4.555112,100.4140625
08:00:34,91282CKU4,TSRYS5814781,D,S,D,2024-05-31,5000000.00,4.555112,100.4140625
08:00:34,91282CKU4,TSRYS5814781,D,S,D,2024-05-31,6000000.00,4.555112,100.4140625
08:00:34,91282CKU4,TSRYS5814781,D,S,D,2024-05-31,1000000.00,4.555112,100.4140625
08:00:34,91282CKU4,TSRYS5814781,D,S,T,2024-05-31,2000000.00,4.555112,100.4140625
08:00:34,91282CKU4,TSRYS5814781,D,S,T,2024-05-31,1000000.00,4.555112,100.4140625
08:00:34,91282CKU4,TSRYS5814781,D,S,D,2024-05-31,2000000.00,4.555112,100.4140625
08:00:34,91282CKU4,TSRYS5814781,D,S,T,2024-05-31,1000000.00,4.555112,100.4140625
08:00:34,91282CKU4,TSRYS5814781,D,S,D,2024-05-31,3000000.00,4.555112,100.4140625
08:00:34,91282CKU4,TSRYS5814781,D,S,D,2024-05-31,3000000.00,4.55544,100.412109375
08:00:34,91282CKU4,TSRYS5814781,D,S,D,2024-05-31,2000000.00,4.55544,100.412109375
08:00:34,91282CKU4,TSRYS5814781,D,S,D,2024-05-31,3000000.00,4.555112,100.4140625
08:00:34,91282CKU4,TSRYS5814781,D,S,D,2024-05-31,2000000.00,4.555112,100.4140625
08:00:34,91282CKU4,TSRYS5814781,D,S,D,2024-05-31,2000000.00,4.564971,100.35546875
08:00:34,91282CKU4,TSRYS5814781,D,S,D,2024-05-31,1000000.00,4.564971,100.35546875
08:00:34,91282CKU4,TSRYS5814781,D,S,D,2024-05-31,2000000.00,4.564971,100.35546875
08:00:34,91282CKU4,TSRYS5814781,D,S,D,2024-05-31,2000000.00,4.564971,100.35546875
08:00:34,91282CKU4,TSRYS5814781,D,S,T,2024-05-31,1000000.00,4.564971,100.35546875
08:00:34,91282CKU4,TSRYS5814781,D,S,D,2024-05-31,1000000.00,4.564971,100.35546875
08:00:34,91282CKU4,TSRYS5814781,D,S,D,2024-05-31,1000000.00,4.564971,100.35546875
08:00:34,91282CKU4,TSRYS5814781,D,S,D,2024-05-31,1000000.00,4.564971,100.35546875
08:00:34,91282CKU4,TSRYS5814781,D,S,D,2024-05-31,2000000.00,4.564971,100.35546875
08:00:34,91282CKU4,TSRYS5814781,D,S,T,2024-05-31,1000000.00,4.564971,100.35546875
08:00:34,91282CKU4,TSRYS5814781,D,S,D,2024-05-31,1000000.00,4.564971,100.35546875
08:00:34,91282CKU4,TSRYS5814781,D,S,D,2024-05-31,1000000.00,4.564971,100.35546875
08:00:34,91282CKU4,TSRYS5814781,D,S,D,2024-05-31,1000000.00,4.564971,100.35546875
08:00:34,91282CKU4,TSRYS5814781,D,S,D,2024-05-31,2000000.00,4.564971,100.35546875
08:00:34,91282CKU4,TSRYS5814781,D,S,D,2024-05-31,1000000.00,4.56267,100.369140625
08:00:34,91282CKU4,TSRYS5814781,D,S,D,2024-05-31,1000000.00,4.567601,100.33984375
08:00:34,91282CKU4,TSRYS5814781,D,S,D,2024-05-31,1000000.00,4.567601,100.33984375
08:00:34,91282CKU4,TSRYS5814781,D,S,D,2024-05-31,1000000.00,4.569903,100.326171875
08:00:34,91282CKU4,TSRYS5814781,D,S,D,2024-05-31,1000000.00,4.570232,100.32421875
08:00:34,91282CKU4,TSRYS5814781,D,S,D,2024-05-31,1000000.00,4.572205,100.3125
08:00:34,91282CKU4,TSRYS5814781,D,S,D,2024-05-31,1000000.00,4.572205,100.3125
08:00:34,91282CKU4,TSRYS5814781,D,S,D,2024-05-31,1000000.00,4.572205,100.3125
08:00:34,91282CKU4,TSRYS5814781,D,S,D,2024-05-31,1000000.00,4.572205,100.3125
08:00:34,91282CKU4,TSRYS5814781,D,S,D,2024-05-31,1000000.00,4.574508,100.298828125
08:00:34,91282CKU4,TSRYS5814781,D,S,D,2024-05-31,1000000.00,4.574508,100.298828125
08:00:34,91282CKU4,TSRYS5814781,D,S,D,2024-05-31,1000000.00,4.574508,100.298828125
08:00:34,91282CKU4,TSRYS5814781,D,S,D,2024-05-31,1000000.00,4.574508,100.298828125
08:00:34,91282CKU4,TSRYS5814781,D,S,D,2024-05-31,1000000.00,4.57714,100.283203125
08:00:34,91282CKU4,TSRYS5814781,D,S,D,2024-05-31,1000000.00,4.574508,100.298828125
08:00:34,91282CKU4,TSRYS5814781,D,S,D,2024-05-31,1000000.00,4.57714,100.283203125
08:00:34,91282CKU4,TSRYS5814781,D,S,D,2024-05-31,1000000.00,4.57714,100.283203125
08:00:34,91282CKU4,TSRYS5814781,D,S,T,2024-05-31,1000000.00,4.57714,100.283203125
08:00:34,91282CKU4,TSRYS5814781,D,S,T,2024-05-31,2000000.00,4.577798,100.279296875
08:00:34,91282CKU4,TSRYS5814781,D,S,T,2024-05-31,2000000.00,4.577798,100.279296875
08:00:34,91282CKU4,TSRYS5814781,D,S,T,2024-05-31,2000000.00,4.577469,100.28125
08:00:34,91282CKU4,TSRYS5814781,D,S,D,2024-05-31,1000000.00,4.57714,100.283203125
08:00:34,91282CKU4,TSRYS5814781,D,S,T,2024-05-31,1000000.00,4.578127,100.27734375
08:00:34,91282CKU4,TSRYS5814781,D,S,T,2024-05-31,2000000.00,4.58076,100.26171875
08:00:34,91282CKU4,TSRYS5814781,D,S,T,2024-05-31,1000000.00,4.58076,100.26171875
08:00:34,91282CKU4,TSRYS5814781,D,S,T,2024-05-31,2000000.00,4.580101,100.265625
08:00:34,91282CKU4,TSRYS5814781,D,S,D,2024-05-31,1000000.00,4.574837,100.296875
08:00:34,91282CKU4,TSRYS5814781,D,S,D,2024-05-31,1000000.00,4.579443,100.26953125
08:00:34,91282CKU4,TSRYS5814781,D,S,T,2024-05-31,2000000.00,4.56793,100.337890625
08:00:34,91282CKU4,TSRYS5814781,D,S,T,2024-05-31,2000000.00,4.56793,100.337890625
08:00:34,91282CKU4,TSRYS5814781,D,S,T,2024-05-31,1000000.00,4.567601,100.33984375
08:00:34,91282CKU4,TSRYS5814781,D,S,T,2024-05-31,2000000.00,4.566944,100.34375
08:00:34,91282CKU4,TSRYS5814781,D,S,T,2024-05-31,2000000.00,4.566944,100.34375
08:00:34,91282CKU4,TSRYS5814781,D,S,T,2024-05-31,2000000.00,4.569574,100.328125
08:00:34,91282CKU4,TSRYS5814781,D,S,T,2024-05-31,2000000.00,4.569574,100.328125
08:00:34,91282CKU4,TSRYS5814781,D,S,T,2024-05-31,2000000.00,4.569574,100.328125
08:00:34,91282CKU4,TSRYS5814781,D,S,T,2024-05-31,2000000.00,4.569574,100.328125
08:00:34,91282CKU4,TSRYS5814781,D,S,T,2024-05-31,1000000.00,4.572205,100.3125
08:00:34,91282CKU4,TSRYS5814781,D,S,T,2024-05-31,2000000.00,4.572205,100.3125
08:00:34,91282CKU4,TSRYS5814781,D,S,T,2024-05-31,2000000.00,4.570561,100.322265625
08:00:34,91282CKU4,TSRYS5814781,D,S,T,2024-05-31,1000000.00,4.558397,100.39453125
08:00:34,91282CKU4,TSRYS5814781,D,S,D,2024-05-31,2000000.00,4.577469,100.28125
08:00:34,91282CKU4,TSRYS5814781,D,S,T,2024-05-31,2000000.00,4.561684,100.375
08:00:34,91282CKU4,TSRYS5814781,D,S,T,2024-05-31,1000000.00,4.561684,100.375
08:00:34,91282CKU4,TSRYS5814781,D,S,T,2024-05-31,1000000.00,4.561026,100.37890625
08:00:38,91282CKU4,TSRYS5814781,D,S,D,2024-05-31,2000000.00,4.572205,100.3125
08:00:38,91282CKU4,TSRYS5814781,D,S,T,2024-05-31,1000000.00,4.55117,100.4375
08:00:38,91282CKU4,TSRYS5814781,D,S,T,2024-05-31,1000000.00,4.561684,100.375
08:00:38,91282CKU4,TSRYS5814781,D,S,T,2024-05-31,1000000.00,4.561684,100.375
08:00:38,91282CKU4,TSRYS5814781,D,S,T,2024-05-31,1000000.00,4.574837,100.296875
08:00:38,91282CKU4,TSRYS5814781,D,S,T,2024-05-31,1000000.00,4.574837,100.296875
08:00:38,91282CKU4,TSRYS5814781,D,S,T,2024-05-31,1000000.00,4.582734,100.25
08:00:38,91282CKU4,TSRYS5814781,D,S,T,2024-05-31,1000000.00,4.577469,100.28125
08:00:38,91282CKU4,TSRYS5814781,D,S,T,2024-05-31,1000000.00,4.569574,100.328125
08:00:38,91282CKU4,TSRYS5814781,D,S,T,2024-05-31,1000000.00,4.569574,100.328125
08:00:38,91282CKU4,TSRYS5814781,D,S,T,2024-05-31,1000000.00,4.557412,100.400390625
08:00:38,91282CKU4,TSRYS5814781,D,S,T,2024-05-31,1000000.00,4.552484,100.4296875
08:00:38,91282CKU4,TSRYS5814781,D,S,T,2024-05-31,1000000.00,4.547886,100.45703125
08:00:38,91282CKU4,TSRYS5814781,D,S,D,2024-05-31,2000000.00,4.555112,100.4140625
08:00:38,91282CKU4,TSRYS5814781,D,S,D,2024-05-31,1000000.00,4.555112,100.4140625
08:00:38,91282CKU4,TSRYS5814781,D,S,D,2024-05-31,1000000.00,4.555112,100.4140625
08:00:38,91282CKU4,TSRYS5814781,D,S,D,2024-05-31,1000000.00,4.555112,100.4140625
08:00:38,91282CKU4,TSRYS5814781,D,S,D,2024-05-31,1000000.00,4.555112,100.4140625
08:00:38,91282CKU4,TSRYS5814781,D,S,D,2024-05-31,1000000.00,4.558069,100.396484375
08:00:38,91282CKU4,TSRYS5814781,D,S,T,2024-05-31,1000000.00,4.564971,100.35546875
08:00:38,91282CKU4,TSRYS5814781,D,S,T,2024-05-31,1000000.00,4.562341,100.37109375
08:00:38,91282CKU4,TSRYS5814781,D,S,D,2024-05-31,1000000.00,4.572534,100.310546875
08:00:38,91282CKU4,TSRYS5814781,D,S,D,2024-05-31,1000000.00,4.572205,100.3125
08:00:38,91282CKU4,TSRYS5814781,D,S,D,2024-05-31,2000000.00,4.572205,100.3125
08:00:38,91282CKU4,TSRYS5814781,D,S,D,2024-05-31,2000000.00,4.572205,100.3125
08:00:38,91282CKU4,TSRYS5814781,D,S,D,2024-05-31,1000000.00,4.572205,100.3125
08:00:38,91282CKU4,TSRYS5814781,D,S,D,2024-05-31,2000000.00,4.572205,100.3125
08:00:38,91282CKU4,TSRYS5814781,D,S,D,2024-05-31,1000000.00,4.572205,100.3125
08:00:38,91282CKU4,TSRYS5814781,D,S,D,2024-05-31,1000000.00,4.572205,100.3125
08:00:38,91282CKU4,TSRYS5814781,D,S,D,2024-05-31,2000000.00,4.572205,100.3125
08:00:38,91282CKU4,TSRYS5814781,D,S,D,2024-05-31,2000000.00,4.572205,100.3125
08:00:38,91282CKU4,TSRYS5814781,D,S,D,2024-05-31,2000000.00,4.572205,100.3125
08:00:38,91282CKU4,TSRYS5814781,D,S,D,2024-05-31,2000000.00,4.572205,100.3125
08:00:38,91282CKU4,TSRYS5814781,D,S,D,2024-05-31,1000000.00,4.572205,100.3125
08:00:38,91282CKU4,TSRYS5814781,D,S,D,2024-05-31,2000000.00,4.572205,100.3125
08:00:38,91282CKU4,TSRYS5814781,D,S,D,2024-05-31,2000000.00,4.572205,100.3125
08:00:38,91282CKU4,TSRYS5814781,D,S,D,2024-05-31,2000000.00,4.572205,100.3125
08:00:38,91282CKU4,TSRYS5814781,D,S,D,2024-05-31,2000000.00,4.572205,100.3125
08:00:38,91282CKU4,TSRYS5814781,D,S,D,2024-05-31,1000000.00,4.572205,100.3125
08:00:38,91282CKU4,TSRYS5814781,D,S,D,2024-05-31,2000000.00,4.572205,100.3125
08:00:38,91282CKU4,TSRYS5814781,D,S,D,2024-05-31,2000000.00,4.572205,100.3125
08:00:38,91282CKU4,TSRYS5814781,D,S,D,2024-05-31,1000000.00,4.572205,100.3125
08:00:38,91282CKU4,TSRYS5814781,D,S,D,2024-05-31,2000000.00,4.572205,100.3125
08:00:38,91282CKU4,TSRYS5814781,D,S,D,2024-05-31,2000000.00,4.572205,100.3125
08:00:38,91282CKU4,TSRYS5814781,D,S,D,2024-05-31,2000000.00,4.572205,100.3125
08:00:38,91282CKU4,TSRYS5814781,D,S,D,2024-05-31,1000000.00,4.572205,100.3125
08:00:38,91282CKU4,TSRYS5814781,D,S,D,2024-05-31,2000000.00,4.572205,100.3125
08:00:38,91282CKU4,TSRYS5814781,D,S,D,2024-05-31,2000000.00,4.572205,100.3125
08:00:38,91282CKU4,TSRYS5814781,D,S,D,2024-05-31,1000000.00,4.572205,100.3125
08:00:38,91282CKU4,TSRYS5814781,D,S,D,2024-05-31,2000000.00,4.572205,100.3125
08:00:38,91282CKU4,TSRYS5814781,D,S,D,2024-05-31,2000000.00,4.572205,100.3125
08:00:38,91282CKU4,TSRYS5814781,D,S,D,2024-05-31,1000000.00,4.572205,100.3125
08:00:38,91282CKU4,TSRYS5814781,D,S,D,2024-05-31,2000000.00,4.572205,100.3125
08:00:38,91282CKU4,TSRYS5814781,D,S,D,2024-05-31,2000000.00,4.572205,100.3125
08:00:38,91282CKU4,TSRYS5814781,D,S,D,2024-05-31,2000000.00,4.572205,100.3125
08:00:38,91282CKU4,TSRYS5814781,D,S,D,2024-05-31,2000000.00,4.572205,100.3125
08:00:38,91282CKU4,TSRYS5814781,D,S,D,2024-05-31,2000000.00,4.572205,100.3125
08:00:38,91282CKU4,TSRYS5814781,D,S,D,2024-05-31,2000000.00,4.572205,100.3125
08:00:38,91282CKU4,TSRYS5814781,D,S,D,2024-05-31,2000000.00,4.572205,100.3125
08:00:38,91282CKU4,TSRYS5814781,D,S,D,2024-05-31,2000000.00,4.572205,100.3125
08:00:38,91282CKU4,TSRYS5814781,D,S,D,2024-05-31,2000000.00,4.572205,100.3125
08:00:38,91282CKU4,TSRYS5814781,D,S,D,2024-05-31,1000000.00,4.572205,100.3125
08:00:38,91282CKU4,TSRYS5814781,D,S,T,2024-05-31,1000000.00,4.548543,100.453125
08:00:38,91282CKU4,TSRYS5814781,D,S,D,2024-05-31,2000000.00,4.572205,100.3125
08:00:38,91282CKU4,TSRYS5814781,D,S,D,2024-05-31,2000000.00,4.572205,100.3125
08:00:38,91282CKU4,TSRYS5814781,D,S,D,2024-05-31,2000000.00,4.572205,100.3125
08:00:38,91282CKU4,TSRYS5814781,D,S,D,2024-05-31,2000000.00,4.572205,100.3125
08:00:38,91282CKU4,TSRYS5814781,D,S,D,2024-05-31,2000000.00,4.572205,100.3125
08:00:38,91282CKU4,TSRYS5814781,D,S,D,2024-05-31,2000000.00,4.572205,100.3125
08:00:38,91282CKU4,TSRYS5814781,D,S,D,2024-05-31,2000000.00,4.572205,100.3125
08:00:38,91282CKU4,TSRYS5814781,D,S,D,2024-05-31,2000000.00,4.572205,100.3125
08:00:38,91282CKU4,TSRYS5814781,D,S,D,2024-05-31,2000000.00,4.572205,100.3125
08:00:38,91282CKU4,TSRYS5814781,D,S,D,2024-05-31,2000000.00,4.572205,100.3125
08:00:38,91282CKU4,TSRYS5814781,D,S,D,2024-05-31,2000000.00,4.572205,100.3125
08:00:38,91282CKU4,TSRYS5814781,D,S,D,2024-05-31,2000000.00,4.572205,100.3125
08:00:38,91282CKU4,TSRYS5814781,D,S,D,2024-05-31,2000000.00,4.572205,100.3125
08:00:38,91282CKU4,TSRYS5814781,D,S,D,2024-05-31,2000000.00,4.572205,100.3125
08:00:38,91282CKU4,TSRYS5814781,D,S,D,2024-05-31,2000000.00,4.572205,100.3125
08:00:38,91282CKU4,TSRYS5814781,D,S,D,2024-05-31,2000000.00,4.572205,100.3125
08:00:38,91282CKU4,TSRYS5814781,D,S,D,2024-05-31,2000000.00,4.572205,100.3125
08:00:38,91282CKU4,TSRYS5814781,D,S,D,2024-05-31,2000000.00,4.572205,100.3125
08:00:38,91282CKU4,TSRYS5814781,D,S,D,2024-05-31,2000000.00,4.572205,100.3125
08:00:38,91282CKU4,TSRYS5814781,D,S,D,2024-05-31,2000000.00,4.572205,100.3125
08:00:38,91282CKU4,TSRYS5814781,D,S,D,2024-05-31,2000000.00,4.572205,100.3125
08:00:38,91282CKU4,TSRYS5814781,D,S,D,2024-05-31,2000000.00,4.572205,100.3125
08:00:38,91282CKU4,TSRYS5814781,D,S,D,2024-05-31,2000000.00,4.572205,100.3125
08:00:38,91282CKU4,TSRYS5814781,D,S,D,2024-05-31,2000000.00,4.572205,100.3125
08:00:38,91282CKU4,TSRYS5814781,D,S,D,2024-05-31,2000000.00,4.572205,100.3125
08:00:38,91282CKU4,TSRYS5814781,D,S,D,2024-05-31,1000000.00,4.572205,100.3125
08:00:38,91282CKU4,TSRYS5814781,D,S,D,2024-05-31,1000000.00,4.572205,100.3125
08:00:38,91282CKU4,TSRYS5814781,D,S,D,2024-05-31,1000000.00,4.572205,100.3125
08:00:38,91282CKU4,TSRYS5814781,D,S,D,2024-05-31,2000000.00,4.572205,100.3125
08:00:38,91282CKU4,TSRYS5814781,D,S,D,2024-05-31,2000000.00,4.572205,100.3125
08:00:38,91282CKU4,TSRYS5814781,D,S,D,2024-05-31,2000000.00,4.572205,100.3125
08:00:38,91282CKU4,TSRYS5814781,D,S,D,2024-05-31,2000000.00,4.572205,100.3125
08:00:38,91282CKU4,TSRYS5814781,D,S,D,2024-05-31,2000000.00,4.572205,100.3125
08:00:38,91282CKU4,TSRYS5814781,D,S,D,2024-05-31,2000000.00,4.572205,100.3125
08:00:38,91282CKU4,TSRYS5814781,D,S,D,2024-05-31,2000000.00,4.572205,100.3125
08:00:38,91282CKU4,TSRYS5814781,D,S,D,2024-05-31,2000000.00,4.572205,100.3125
08:00:38,91282CKU4,TSRYS5814781,D,S,D,2024-05-31,2000000.00,4.572205,100.3125
08:00:38,91282CKU4,TSRYS5814781,D,S,T,2024-05-31,1000000.00,4.548543,100.453125
08:00:38,91282CKU4,TSRYS5814781,D,S,D,2024-05-31,2000000.00,4.572205,100.3125
08:00:38,91282CKU4,TSRYS5814781,D,S,D,2024-05-31,2000000.00,4.572205,100.3125
08:00:39,91282CKU4,TSRYS5814781,D,S,T,2024-05-31,1000000.00,4.56793,100.337890625
08:00:39,91282CKU4,TSRYS5814781,D,S,T,2024-05-31,6000000.00,4.567601,100.33984375
08:00:39,91282CKU4,TSRYS5814781,D,S,D,2024-05-31,2000000.00,4.572534,100.310546875
08:00:39,91282CKU4,TSRYS5814781,D,S,T,2024-05-31,1000000.00,4.569574,100.328125
08:00:39,91282CKU4,TSRYS5814781,D,S,T,2024-05-31,1000000.00,4.572205,100.3125
08:00:39,91282CKU4,TSRYS5814781,D,B,C,2024-05-31,4000000.00,4.568916,100.33203125
08:00:39,91282CKU4,TSRYS5814781,D,S,T,2024-05-31,1000000.00,4.559055,100.390625
08:00:39,91282CKU4,TSRYS5814781,D,S,T,2024-05-31,1000000.00,4.559055,100.390625
08:00:39,91282CKU4,TSRYS5814781,D,S,T,2024-05-31,1000000.00,4.559055,100.390625
08:00:39,91282CKU4,TSRYS5814781,D,S,T,2024-05-31,2000000.00,4.556426,100.40625
08:00:39,91282CKU4,TSRYS5814781,D,S,T,2024-05-31,2000000.00,4.556426,100.40625
08:00:39,91282CKU4,TSRYS5814781,D,S,T,2024-05-31,2000000.00,4.556426,100.40625
08:00:39,91282CKU4,TSRYS5814781,D,S,T,2024-05-31,2000000.00,4.556426,100.40625
08:00:39,91282CKU4,TSRYS5814781,D,S,T,2024-05-31,1000000.00,4.554455,100.41796875
08:00:39,91282CKU4,TSRYS5814781,D,S,T,2024-05-31,2000000.00,4.553798,100.421875
08:00:39,91282CKU4,TSRYS5814781,D,S,T,2024-05-31,1000000.00,4.554455,100.41796875
08:00:39,91282CKU4,TSRYS5814781,D,B,C,2024-05-31,1000000.00,4.548689,100.453125
08:00:39,91282CKU4,TSRYS5814781,D,S,C,2024-05-31,4595000.00,4.564904,100.35586875
08:00:39,91282CKU4,TSRYS5814781,D,S,T,2024-05-31,1000000.00,4.561684,100.375
08:00:39,91282CKU4,TSRYS5814781,D,S,T,2024-05-31,1000000.00,4.561684,100.375
08:00:39,91282CKU4,TSRYS5814781,D,S,T,2024-05-31,1000000.00,4.561684,100.375
08:00:39,91282CKU4,TSRYS5814781,D,S,T,2024-05-31,1000000.00,4.566944,100.34375
08:00:39,91282CKU4,TSRYS5814781,D,S,T,2024-05-31,1000000.00,4.564313,100.359375
08:00:40,91282CKU4,TSRYS5814781,D,S,T,2024-05-31,1000000.00,4.573521,100.3046875
08:00:40,91282CKU4,TSRYS5814781,D,S,T,2024-05-31,1000000.00,4.574179,100.30078125
08:00:40,91282CKU4,TSRYS5814781,D,S,T,2024-05-31,1000000.00,4.574179,100.30078125
08:00:40,91282CKU4,TSRYS5814781,D,S,T,2024-05-31,1000000.00,4.57089,100.3203125
08:00:40,91282CKU4,TSRYS5814781,D,S,T,2024-05-31,1000000.00,4.573521,100.3046875
08:00:40,91282CKU4,TSRYS5814781,D,S,T,2024-05-31,1000000.00,4.57089,100.3203125
08:00:40,91282CKU4,TSRYS5814781,D,S,T,2024-05-31,1000000.00,4.57089,100.3203125
08:00:40,91282CKU4,TSRYS5814781,D,S,T,2024-05-31,1000000.00,4.573521,100.3046875
08:00:40,91282CKU4,TSRYS5814781,D,S,T,2024-05-31,1000000.00,4.573521,100.3046875
08:00:40,91282CKU4,TSRYS5814781,D,S,T,2024-05-31,1000000.00,4.573521,100.3046875
08:00:40,91282CKU4,TSRYS5814781,D,S,T,2024-05-31,1000000.00,4.573521,100.3046875
08:00:40,91282CKU4,TSRYS5814781,D,S,T,2024-05-31,2000000.00,4.573521,100.3046875
08:00:40,91282CKU4,TSRYS5814781,D,S,T,2024-05-31,1000000.00,4.58076,100.26171875
08:00:40,91282CKU4,TSRYS5814781,D,S,T,2024-05-31,1000000.00,4.58076,100.26171875
08:00:40,91282CKU4,TSRYS5814781,D,S,T,2024-05-31,1000000.00,4.582734,100.25
08:00:40,91282CKU4,TSRYS5814781,D,S,D,2024-05-31,200000.00,4.586026,100.23046875
08:00:40,91282CKU4,TSRYS5814781,D,S,T,2024-05-31,1000000.00,4.58076,100.26171875
08:00:40,91282CKU4,TSRYS5814781,D,S,T,2024-05-31,1000000.00,4.58076,100.26171875
08:00:40,91282CKU4,TSRYS5814781,D,S,T,2024-05-31,1000000.00,4.58076,100.26171875
08:00:40,91282CKU4,TSRYS5814781,D,S,T,2024-05-31,1000000.00,4.58076,100.26171875
08:00:40,91282CKU4,TSRYS5814781,D,S,T,2024-05-31,1000000.00,4.573521,100.3046875
08:00:40,91282CKU4,TSRYS5814781,D,S,T,2024-05-31,1000000.00,4.573521,100.3046875
08:00:40,91282CKU4,TSRYS5814781,D,S,T,2024-05-31,1000000.00,4.573521,100.3046875
08:00:40,91282CKU4,TSRYS5814781,D,S,T,2024-05-31,1000000.00,4.573521,100.3046875
08:00:40,91282CKU4,TSRYS5814781,D,S,T,2024-05-31,1000000.00,4.573521,100.3046875
08:00:40,91282CKU4,TSRYS5814781,D,S,T,2024-05-31,1000000.00,4.573521,100.3046875
08:00:40,91282CKU4,TSRYS5814781,D,S,T,2024-05-31,5000000.00,4.574837,100.296875
08:00:40,91282CKU4,TSRYS5814781,D,B,C,2024-05-31,12000000.00,4.55943,100.3883968
08:00:40,91282CKU4,TSRYS5814781,D,S,T,2024-05-31,1000000.00,4.573521,100.3046875
08:00:40,91282CKU4,TSRYS5814781,D,S,T,2024-05-31,1000000.00,4.566944,100.34375
08:00:40,91282CKU4,TSRYS5814781,D,S,T,2024-05-31,1000000.00,4.569574,100.328125
08:00:40,91282CKU4,TSRYS5814781,D,S,T,2024-05-31,2000000.00,4.57089,100.3203125
08:00:40,91282CKU4,TSRYS5814781,D,S,T,2024-05-31,1000000.00,4.57089,100.3203125
08:00:40,91282CKU4,TSRYS5814781,D,S,T,2024-05-31,1000000.00,4.57089,100.3203125
08:00:40,91282CKU4,TSRYS5814781,D,S,T,2024-05-31,1000000.00,4.57089,100.3203125
08:00:40,91282CKU4,TSRYS5814781,D,S,C,2024-05-31,3000000.00,4.568217,100.3359375
08:00:40,91282CKU4,TSRYS5814781,D,S,T,2024-05-31,1000000.00,4.565628,100.3515625
08:00:40,91282CKU4,TSRYS5814781,D,S,T,2024-05-31,1000000.00,4.564313,100.359375
08:00:40,91282CKU4,TSRYS5814781,D,S,T,2024-05-31,1000000.00,4.563656,100.36328125
08:00:40,91282CKU4,TSRYS5814781,D,S,T,2024-05-31,2000000.00,4.565628,100.3515625
08:00:40,91282CKU4,TSRYS5814781,D,S,T,2024-05-31,1000000.00,4.564313,100.359375
08:00:41,91282CKU4,TSRYS5814781,D,S,D,2024-05-31,4000000.00,4.568916,100.33203125
08:00:41,91282CKU4,TSRYS5814781,D,S,T,2024-05-31,1000000.00,4.572205,100.3125
08:00:41,91282CKU4,TSRYS5814781,D,S,A,2024-05-31,48600000.00,4.572863,100.30859375
08:00:41,91282CKU4,TSRYS5814781,D,S,T,2024-05-31,1000000.00,4.572534,100.310546875
08:00:43,91282CKU4,TSRYS5814781,D,S,D,2024-05-31,2000000.00,4.571218,100.318359375
08:00:43,91282CKU4,TSRYS5814781,D,S,T,2024-05-31,1000000.00,4.567601,100.33984375
08:00:43,91282CKU4,TSRYS5814781,D,S,D,2024-05-31,2000000.00,4.569574,100.328125
08:00:43,91282CKU4,TSRYS5814781,D,B,C,2024-05-31,2000000.00,4.568916,100.33203125
08:00:44,91282CKU4,TSRYS5814781,D,S,T,2024-05-31,1000000.00,4.55117,100.4375
08:00:46,91282CKU4,TSRYS5814781,D,S,T,2024-05-31,1000000.00,4.55117,100.4375
08:00:47,91282CKU4,TSRYS5814781,D,S,T,2024-05-31,3000000.00,4.572205,100.3125
08:00:47,91282CKU4,TSRYS5814781,D,S,D,2024-05-31,2000000.00,4.572534,100.310546875
08:00:48,91282CKU4,TSRYS5814781,D,S,A,2024-05-31,100000000.00,4.581418,100.2578125
08:00:50,91282CKU4,TSRYS5814781,D,S,T,2024-05-31,2000000.00,4.570232,100.32421875
08:00:50,91282CKU4,TSRYS5814781,D,S,A,2024-05-31,100000000.00,4.54495,100.473908
08:00:50,91282CKU4,TSRYS5814781,D,S,T,2024-05-31,2000000.00,4.569574,100.328125
08:00:50,91282CKU4,TSRYS5814781,D,S,D,2024-05-31,4595000.00,4.564904,100.35586875
08:00:51,91282CKU4,TSRYS5814781,D,B,A,2024-05-31,1900000.00,4.56941,100.329101562
08:00:51,91282CKU4,TSRYS5814781,D,S,D,2024-05-31,2000000.00,4.56793,100.337890625
08:00:51,91282CKU4,TSRYS5814781,D,S,D,2024-05-31,1000000.00,4.567601,100.33984375
08:00:51,91282CKU4,TSRYS5814781,D,S,D,2024-05-31,2000000.00,4.569574,100.328125
08:00:51,91282CKU4,TSRYS5814781,D,S,D,2024-05-31,3000000.00,4.572205,100.3125
08:00:51,91282CKU4,TSRYS5814781,D,S,D,2024-05-31,3000000.00,4.572205,100.3125
08:00:51,91282CKU4,TSRYS5814781,D,S,D,2024-05-31,3000000.00,4.572205,100.3125
08:00:52,91282CKU4,TSRYS5814781,D,S,D,2024-05-31,3000000.00,4.572205,100.3125
08:00:54,91282CKU4,TSRYS5814781,D,S,D,2024-05-31,1000000.00,4.568916,100.33203125
08:00:54,91282CKU4,TSRYS5814781,D,S,D,2024-05-31,1000000.00,4.569574,100.328125
08:00:57,91282CKU4,TSRYS5814781,D,S,D,2024-05-31,2000000.00,4.565628,100.3515625
08:01:01,91282CKU4,TSRYS5814781,D,S,D,2024-05-31,1000000.00,4.559383,100.388671875
08:01:01,91282CKU4,TSRYS5814781,D,B,C,2024-05-31,1000000.00,4.559383,100.388671875
08:01:01,91282CKU4,TSRYS5814781,D,B,C,2024-05-31,1000000.00,4.556097,100.408203125
08:01:01,91282CKU4,TSRYS5814781,D,B,C,2024-05-31,1000000.00,4.552155,100.431640625
08:01:01,91282CKU4,TSRYS5814781,D,S,C,2024-05-31,1000000.00,4.556097,100.408203125
08:01:01,91282CKU4,TSRYS5814781,D,S,C,2024-05-31,1000000.00,4.552155,100.431640625
08:01:02,91282CKU4,TSRYS5814781,D,S,C,2024-05-31,1000000.00,4.553469,100.423828125
08:01:02,91282CKU4,TSRYS5814781,D,S,C,2024-05-31,1000000.00,4.553141,100.42578125
08:01:02,91282CKU4,TSRYS5814781,D,S,C,2024-05-31,1000000.00,4.55117,100.4375
08:01:02,91282CKU4,TSRYS5814781,D,S,C,2024-05-31,1000000.00,4.550842,100.439453125
08:01:02,91282CKU4,TSRYS5814781,D,B,C,2024-05-31,1000000.00,4.55117,100.4375
08:01:02,91282CKU4,TSRYS5814781,D,B,C,2024-05-31,1000000.00,4.550513,100.44140625
08:01:02,91282CKU4,TSRYS5814781,D,S,C,2024-05-31,1000000.00,4.550513,100.44140625
08:01:02,91282CKU4,TSRYS5814781,D,S,C,2024-05-31,1000000.00,4.547886,100.45703125
08:01:02,91282CKU4,TSRYS5814781,D,S,D,2024-05-31,1000000.00,4.548543,100.453125
08:01:02,91282CKU4,TSRYS5814781,D,B,C,2024-05-31,1000000.00,4.548543,100.453125
08:01:02,91282CKU4,TSRYS5814781,D,S,C,2024-05-31,5000000.00,4.553141,100.42578125
08:01:03,91282CKU4,TSRYS5814781,D,S,D,2024-05-31,1000000.00,4.553141,100.42578125
08:01:03,91282CKU4,TSRYS5814781,D,S,D,2024-05-31,4000000.00,4.553141,100.42578125
08:01:03,91282CKU4,TSRYS5814781,D,S,D,2024-05-31,2000000.00,4.553141,100.42578125
08:01:03,91282CKU4,TSRYS5814781,D,S,D,2024-05-31,1000000.00,4.552812,100.427734375
08:01:03,91282CKU4,TSRYS5814781,D,S,D,2024-05-31,4000000.00,4.552812,100.427734375
08:01:03,91282CKU4,TSRYS5814781,D,B,C,2024-05-31,1000000.00,4.550185,100.443359375
08:01:03,91282CKU4,TSRYS5814781,D,S,C,2024-05-31,1000000.00,4.550185,100.443359375
08:01:03,91282CKU4,TSRYS5814781,D,S,C,2024-05-31,5000000.00,4.552155,100.431640625
08:01:03,91282CKU4,TSRYS5814781,D,S,C,2024-05-31,1000000.00,4.552812,100.427734375
08:01:03,91282CKU4,TSRYS5814781,D,S,D,2024-05-31,2000000.00,4.552812,100.427734375
08:01:03,91282CKU4,TSRYS5814781,D,S,D,2024-05-31,2000000.00,4.552812,100.427734375
08:01:03,91282CKU4,TSRYS5814781,D,S,D,2024-05-31,2000000.00,4.552812,100.427734375
08:01:03,91282CKU4,TSRYS5814781,D,S,D,2024-05-31,2000000.00,4.552812,100.427734375
08:01:03,91282CKU4,TSRYS5814781,D,S,D,2024-05-31,1000000.00,4.552812,100.427734375
08:01:03,91282CKU4,TSRYS5814781,D,B,C,2024-05-31,1000000.00,4.552812,100.427734375
08:01:03,91282CKU4,TSRYS5814781,D,S,C,2024-05-31,1000000.00,4.552812,100.427734375
08:01:03,91282CKU4,TSRYS5814781,D,S,D,2024-05-31,1000000.00,4.552812,100.427734375
08:01:03,91282CKU4,TSRYS5814781,D,S,D,2024-05-31,1000000.00,4.552812,100.427734375
08:01:03,91282CKU4,TSRYS5814781,D,S,D,2024-05-31,1000000.00,4.552812,100.427734375
08:01:03,91282CKU4,TSRYS5814781,D,S,D,2024-05-31,2000000.00,4.552812,100.427734375
08:01:03,91282CKU4,TSRYS5814781,D,S,D,2024-05-31,1000000.00,4.552812,100.427734375
08:01:03,91282CKU4,TSRYS5814781,D,S,D,2024-05-31,1000000.00,4.552812,100.427734375
08:01:03,91282CKU4,TSRYS5814781,D,S,C,2024-05-31,1000000.00,4.552812,100.427734375
08:01:03,91282CKU4,TSRYS5814781,D,S,D,2024-05-31,3000000.00,4.552812,100.427734375
08:01:03,91282CKU4,TSRYS5814781,D,S,D,2024-05-31,5000000.00,4.552812,100.427734375
08:01:03,91282CKU4,TSRYS5814781,D,S,D,2024-05-31,1000000.00,4.552812,100.427734375
08:01:03,91282CKU4,TSRYS5814781,D,S,D,2024-05-31,1000000.00,4.552812,100.427734375
08:01:03,91282CKU4,TSRYS5814781,D,S,D,2024-05-31,2000000.00,4.552812,100.427734375
08:01:03,91282CKU4,TSRYS5814781,D,S,D,2024-05-31,1000000.00,4.552812,100.427734375
08:01:03,91282CKU4,TSRYS5814781,D,B,C,2024-05-31,1000000.00,4.552812,100.427734375
08:01:03,91282CKU4,TSRYS5814781,D,S,C,2024-05-31,1000000.00,4.554126,100.419921875
08:01:03,91282CKU4,TSRYS5814781,D,B,C,2024-05-31,1000000.00,4.554126,100.419921875
08:01:03,91282CKU4,TSRYS5814781,D,S,C,2024-05-31,1000000.00,4.555769,100.41015625
08:01:03,91282CKU4,TSRYS5814781,D,B,C,2024-05-31,1000000.00,4.555769,100.41015625
08:01:03,91282CKU4,TSRYS5814781,D,S,D,2024-05-31,2000000.00,4.555112,100.4140625
08:01:03,91282CKU4,TSRYS5814781,D,S,C,2024-05-31,1000000.00,4.55544,100.412109375
08:01:03,91282CKU4,TSRYS5814781,D,B,C,2024-05-31,1000000.00,4.555112,100.4140625
08:01:03,91282CKU4,TSRYS5814781,D,S,D,2024-05-31,1000000.00,4.555112,100.4140625
08:01:03,91282CKU4,TSRYS5814781,D,S,D,2024-05-31,1000000.00,4.555112,100.4140625
08:01:04,91282CKU4,TSRYS5814781,D,S,D,2024-05-31,1000000.00,4.555112,100.4140625
08:01:04,91282CKU4,TSRYS5814781,D,S,D,2024-05-31,1000000.00,4.555112,100.4140625
08:01:04,91282CKU4,TSRYS5814781,D,S,D,2024-05-31,2000000.00,4.555112,100.4140625
08:01:04,91282CKU4,TSRYS5814781,D,B,C,2024-05-31,2000000.00,4.555112,100.4140625
08:01:04,91282CKU4,TSRYS5814781,D,B,C,2024-05-31,1000000.00,4.556426,100.40625
08:01:04,91282CKU4,TSRYS5814781,D,S,C,2024-05-31,1000000.00,4.556426,100.40625
08:01:04,91282CKU4,TSRYS5814781,D,S,D,2024-05-31,1000000.00,4.555112,100.4140625
08:01:04,91282CKU4,TSRYS5814781,D,B,C,2024-05-31,1000000.00,4.555112,100.4140625
08:01:04,91282CKU4,TSRYS5814781,D,S,D,2024-05-31,1000000.00,4.555112,100.4140625
08:01:04,91282CKU4,TSRYS5814781,D,B,C,2024-05-31,1000000.00,4.555112,100.4140625
08:01:04,91282CKU4,TSRYS5814781,D,S,D,2024-05-31,1000000.00,4.555112,100.4140625
08:01:04,91282CKU4,TSRYS5814781,D,B,C,2024-05-31,1000000.00,4.555112,100.4140625
08:01:04,91282CKU4,TSRYS5814781,D,S,D,2024-05-31,1000000.00,4.555112,100.4140625
08:01:04,91282CKU4,TSRYS5814781,D,B,C,2024-05-31,1000000.00,4.555112,100.4140625
08:01:04,91282CKU4,TSRYS5814781,D,S,D,2024-05-31,1000000.00,4.555112,100.4140625
08:01:04,91282CKU4,TSRYS5814781,D,S,D,2024-05-31,1000000.00,4.555112,100.4140625
08:01:04,91282CKU4,TSRYS5814781,D,S,C,2024-05-31,1000000.00,4.556426,100.40625
08:01:04,91282CKU4,TSRYS5814781,D,B,C,2024-05-31,1000000.00,4.556426,100.40625
08:01:04,91282CKU4,TSRYS5814781,D,S,D,2024-05-31,2000000.00,4.556426,100.40625
08:01:04,91282CKU4,TSRYS5814781,D,B,C,2024-05-31,2000000.00,4.556426,100.40625
08:01:04,91282CKU4,TSRYS5814781,D,B,C,2024-05-31,1000000.00,4.556426,100.40625
08:01:04,91282CKU4,TSRYS5814781,D,S,C,2024-05-31,1000000.00,4.556426,100.40625
08:01:04,91282CKU4,TSRYS5814781,D,B,C,2024-05-31,1000000.00,4.556426,100.40625
08:01:04,91282CKU4,TSRYS5814781,D,S,C,2024-05-31,1000000.00,4.556426,100.40625
08:01:04,91282CKU4,TSRYS5814781,D,B,C,2024-05-31,1000000.00,4.556426,100.40625
08:01:04,91282CKU4,TSRYS5814781,D,S,D,2024-05-31,2000000.00,4.556426,100.40625
08:01:04,91282CKU4,TSRYS5814781,D,S,C,2024-05-31,1000000.00,4.556426,100.40625
08:01:04,91282CKU4,TSRYS5814781,D,B,C,2024-05-31,1000000.00,4.555112,100.4140625
08:01:04,91282CKU4,TSRYS5814781,D,S,D,2024-05-31,1000000.00,4.555112,100.4140625
08:01:04,91282CKU4,TSRYS5814781,D,B,C,2024-05-31,2000000.00,4.556426,100.40625
08:01:04,91282CKU4,TSRYS5814781,D,B,C,2024-05-31,1000000.00,4.555112,100.4140625
08:01:04,91282CKU4,TSRYS5814781,D,S,D,2024-05-31,1000000.00,4.555112,100.4140625
08:01:04,91282CKU4,TSRYS5814781,D,S,T,2024-05-31,1000000.00,4.569903,100.326171875
08:01:04,91282CKU4,TSRYS5814781,D,S,D,2024-05-31,1000000.00,4.555112,100.4140625
08:01:04,91282CKU4,TSRYS5814781,D,S,D,2024-05-31,1000000.00,4.555112,100.4140625
08:01:04,91282CKU4,TSRYS5814781,D,B,C,2024-05-31,1000000.00,4.555112,100.4140625
08:01:04,91282CKU4,TSRYS5814781,D,S,D,2024-05-31,1000000.00,4.555112,100.4140625
08:01:04,91282CKU4,TSRYS5814781,D,S,T,2024-05-31,2000000.00,4.569903,100.326171875
08:01:04,91282CKU4,TSRYS5814781,D,S,T,2024-05-31,2000000.00,4.570232,100.32421875
08:01:05,91282CKU4,TSRYS5814781,D,B,C,2024-05-31,1000000.00,4.555112,100.4140625
08:01:05,91282CKU4,TSRYS5814781,D,S,C,2024-05-31,1000000.00,4.555112,100.4140625
08:01:05,91282CKU4,TSRYS5814781,D,S,D,2024-05-31,1000000.00,4.555112,100.4140625
08:01:05,91282CKU4,TSRYS5814781,D,B,C,2024-05-31,1000000.00,4.555112,100.4140625
08:01:05,91282CKU4,TSRYS5814781,D,S,C,2024-05-31,1000000.00,4.555769,100.41015625
08:01:05,91282CKU4,TSRYS5814781,D,S,T,2024-05-31,1000000.00,4.570232,100.32421875
08:01:05,91282CKU4,TSRYS5814781,D,S,D,2024-05-31,1000000.00,4.555112,100.4140625
08:01:05,91282CKU4,TSRYS5814781,D,B,C,2024-05-31,1000000.00,4.555112,100.4140625
08:01:05,91282CKU4,TSRYS5814781,D,B,C,2024-05-31,1000000.00,4.555112,100.4140625
08:01:05,91282CKU4,TSRYS5814781,D,S,D,2024-05-31,1000000.00,4.555112,100.4140625
08:01:05,91282CKU4,TSRYS5814781,D,S,D,2024-05-31,1000000.00,4.555112,100.4140625
08:01:05,91282CKU4,TSRYS5814781,D,B,C,2024-05-31,1000000.00,4.555112,100.4140625
08:01:05,91282CKU4,TSRYS5814781,D,S,D,2024-05-31,1000000.00,4.555112,100.4140625
08:01:05,91282CKU4,TSRYS5814781,D,S,D,2024-05-31,1000000.00,4.555112,100.4140625
08:01:05,91282CKU4,TSRYS5814781,D,S,D,2024-05-31,1000000.00,4.558069,100.396484375
08:01:05,91282CKU4,TSRYS5814781,D,B,C,2024-05-31,1000000.00,4.562341,100.37109375
08:01:05,91282CKU4,TSRYS5814781,D,S,D,2024-05-31,1000000.00,4.562341,100.37109375
08:01:05,91282CKU4,TSRYS5814781,D,B,C,2024-05-31,1000000.00,4.562341,100.37109375
08:01:05,91282CKU4,TSRYS5814781,D,S,D,2024-05-31,1000000.00,4.562012,100.373046875
08:01:05,91282CKU4,TSRYS5814781,D,B,C,2024-05-31,1000000.00,4.562012,100.373046875
08:01:05,91282CKU4,TSRYS5814781,D,S,D,2024-05-31,1000000.00,4.562341,100.37109375
08:01:05,91282CKU4,TSRYS5814781,D,B,C,2024-05-31,1000000.00,4.562012,100.373046875
08:01:05,91282CKU4,TSRYS5814781,D,S,C,2024-05-31,1000000.00,4.562012,100.373046875
08:01:06,91282CKU4,TSRYS5814781,D,S,C,2024-05-31,2000000.00,4.567601,100.33984375
08:01:06,91282CKU4,TSRYS5814781,D,S,D,2024-05-31,1000000.00,4.567601,100.33984375
08:01:06,91282CKU4,TSRYS5814781,D,B,C,2024-05-31,1000000.00,4.568588,100.333984375
08:01:06,91282CKU4,TSRYS5814781,D,S,C,2024-05-31,1000000.00,4.568588,100.333984375
08:01:06,91282CKU4,TSRYS5814781,D,S,T,2024-05-31,2000000.00,4.572205,100.3125
08:01:06,91282CKU4,TSRYS5814781,D,S,T,2024-05-31,1000000.00,4.572226,100.312375
08:01:06,91282CKU4,TSRYS5814781,D,S,T,2024-05-31,2000000.00,4.572226,100.312375
08:01:06,91282CKU4,TSRYS5814781,D,S,T,2024-05-31,2000000.00,4.572205,100.3125
08:01:06,91282CKU4,TSRYS5814781,D,S,T,2024-05-31,1000000.00,4.572243,100.312273
08:01:06,91282CKU4,TSRYS5814781,D,S,D,2024-05-31,1000000.00,4.567272,100.341796875
08:01:06,91282CKU4,TSRYS5814781,D,B,C,2024-05-31,1000000.00,4.567272,100.341796875
08:01:06,91282CKU4,TSRYS5814781,D,S,D,2024-05-31,2000000.00,4.564971,100.35546875
08:01:06,91282CKU4,TSRYS5814781,D,B,C,2024-05-31,2000000.00,4.564971,100.35546875
08:01:06,91282CKU4,TSRYS5814781,D,S,C,2024-05-31,1000000.00,4.564971,100.35546875
08:01:06,91282CKU4,TSRYS5814781,D,B,C,2024-05-31,1000000.00,4.564971,100.35546875
08:01:06,91282CKU4,TSRYS5814781,D,B,C,2024-05-31,1000000.00,4.564971,100.35546875
08:01:06,91282CKU4,TSRYS5814781,D,S,D,2024-05-31,1000000.00,4.564971,100.35546875
08:01:06,91282CKU4,TSRYS5814781,D,B,C,2024-05-31,1000000.00,4.564971,100.35546875
08:01:06,91282CKU4,TSRYS5814781,D,S,D,2024-05-31,1000000.00,4.564971,100.35546875
08:01:07,91282CKU4,TSRYS5814781,D,B,C,2024-05-31,1000000.00,4.564971,100.35546875
08:01:07,91282CKU4,TSRYS5814781,D,S,D,2024-05-31,1000000.00,4.564971,100.35546875
08:01:07,91282CKU4,TSRYS5814781,D,B,C,2024-05-31,1000000.00,4.564971,100.35546875
08:01:07,91282CKU4,TSRYS5814781,D,S,D,2024-05-31,1000000.00,4.564971,100.35546875
08:01:07,91282CKU4,TSRYS5814781,D,S,D,2024-05-31,1000000.00,4.5653,100.353515625
08:01:07,91282CKU4,TSRYS5814781,D,B,C,2024-05-31,1000000.00,4.5653,100.353515625
08:01:07,91282CKU4,TSRYS5814781,D,B,C,2024-05-31,1000000.00,4.5653,100.353515625
08:01:07,91282CKU4,TSRYS5814781,D,S,D,2024-05-31,1000000.00,4.5653,100.353515625
08:01:07,91282CKU4,TSRYS5814781,D,S,D,2024-05-31,1000000.00,4.5653,100.353515625
08:01:07,91282CKU4,TSRYS5814781,D,B,C,2024-05-31,1000000.00,4.5653,100.353515625
08:01:07,91282CKU4,TSRYS5814781,D,S,D,2024-05-31,1000000.00,4.563327,100.365234375
08:01:07,91282CKU4,TSRYS5814781,D,S,D,2024-05-31,1000000.00,4.563327,100.365234375
08:01:07,91282CKU4,TSRYS5814781,D,B,C,2024-05-31,1000000.00,4.560369,100.3828125
08:01:07,91282CKU4,TSRYS5814781,D,S,D,2024-05-31,1000000.00,4.560369,100.3828125
08:01:07,91282CKU4,TSRYS5814781,D,S,D,2024-05-31,2000000.00,4.562341,100.37109375
08:01:07,91282CKU4,TSRYS5814781,D,B,C,2024-05-31,2000000.00,4.562341,100.37109375
08:01:08,91282CKU4,TSRYS5814781,D,S,C,2024-05-31,1000000.00,4.567601,100.33984375
08:01:08,91282CKU4,TSRYS5814781,D,B,C,2024-05-31,1000000.00,4.567601,100.33984375
08:01:08,91282CKU4,TSRYS5814781,D,B,C,2024-05-31,1000000.00,4.567601,100.33984375
08:01:08,91282CKU4,TSRYS5814781,D,S,D,2024-05-31,1000000.00,4.567601,100.33984375
08:01:08,91282CKU4,TSRYS5814781,D,S,D,2024-05-31,1000000.00,4.572205,100.3125
08:01:08,91282CKU4,TSRYS5814781,D,B,C,2024-05-31,1000000.00,4.572205,100.3125
08:01:08,91282CKU4,TSRYS5814781,D,B,C,2024-05-31,1000000.00,4.572205,100.3125
08:01:08,91282CKU4,TSRYS5814781,D,S,D,2024-05-31,1000000.00,4.572205,100.3125
08:01:09,91282CKU4,TSRYS5814781,D,B,C,2024-05-31,1000000.00,4.577798,100.279296875
08:01:09,91282CKU4,TSRYS5814781,D,S,C,2024-05-31,1000000.00,4.577798,100.279296875
08:01:09,91282CKU4,TSRYS5814781,D,B,C,2024-05-31,1000000.00,4.577798,100.279296875
08:01:09,91282CKU4,TSRYS5814781,D,S,C,2024-05-31,1000000.00,4.577798,100.279296875
08:01:09,91282CKU4,TSRYS5814781,D,S,C,2024-05-31,1000000.00,4.577469,100.28125
08:01:09,91282CKU4,TSRYS5814781,D,B,C,2024-05-31,1000000.00,4.577469,100.28125
08:01:09,91282CKU4,TSRYS5814781,D,B,C,2024-05-31,1000000.00,4.577469,100.28125
08:01:09,91282CKU4,TSRYS5814781,D,S,C,2024-05-31,1000000.00,4.577469,100.28125
08:01:09,91282CKU4,TSRYS5814781,D,B,C,2024-05-31,1000000.00,4.57714,100.283203125
08:01:09,91282CKU4,TSRYS5814781,D,S,C,2024-05-31,1000000.00,4.57714,100.283203125
08:01:09,91282CKU4,TSRYS5814781,D,S,D,2024-05-31,1000000.00,4.576482,100.287109375
08:01:09,91282CKU4,TSRYS5814781,D,B,C,2024-05-31,1000000.00,4.576482,100.287109375
08:01:09,91282CKU4,TSRYS5814781,D,S,D,2024-05-31,1000000.00,4.572205,100.3125
08:01:09,91282CKU4,TSRYS5814781,D,S,D,2024-05-31,2000000.00,4.572205,100.3125
08:01:09,91282CKU4,TSRYS5814781,D,S,D,2024-05-31,2000000.00,4.572205,100.3125
08:01:09,91282CKU4,TSRYS5814781,D,B,C,2024-05-31,1000000.00,4.572205,100.3125
08:01:09,91282CKU4,TSRYS5814781,D,S,D,2024-05-31,1000000.00,4.572205,100.3125
08:01:09,91282CKU4,TSRYS5814781,D,S,D,2024-05-31,1000000.00,4.572205,100.3125
08:01:09,91282CKU4,TSRYS5814781,D,B,C,2024-05-31,1000000.00,4.572205,100.3125
08:01:09,91282CKU4,TSRYS5814781,D,S,D,2024-05-31,2000000.00,4.572205,100.3125
08:01:09,91282CKU4,TSRYS5814781,D,S,D,2024-05-31,2000000.00,4.572205,100.3125
08:01:09,91282CKU4,TSRYS5814781,D,S,D,2024-05-31,1000000.00,4.572205,100.3125
08:01:09,91282CKU4,TSRYS5814781,D,B,C,2024-05-31,1000000.00,4.572205,100.3125
08:01:09,91282CKU4,TSRYS5814781,D,S,D,2024-05-31,2000000.00,4.572205,100.3125
08:01:09,91282CKU4,TSRYS5814781,D,S,D,2024-05-31,2000000.00,4.572205,100.3125
08:01:09,91282CKU4,TSRYS5814781,D,S,D,2024-05-31,2000000.00,4.572205,100.3125
08:01:09,91282CKU4,TSRYS5814781,D,B,C,2024-05-31,2000000.00,4.572205,100.3125
08:01:09,91282CKU4,TSRYS5814781,D,S,D,2024-05-31,2000000.00,4.572205,100.3125
08:01:09,91282CKU4,TSRYS5814781,D,S,D,2024-05-31,2000000.00,4.572205,100.3125
08:01:09,91282CKU4,TSRYS5814781,D,S,D,2024-05-31,2000000.00,4.572205,100.3125
08:01:09,91282CKU4,TSRYS5814781,D,S,D,2024-05-31,2000000.00,4.572205,100.3125
08:01:09,91282CKU4,TSRYS5814781,D,S,D,2024-05-31,1000000.00,4.572205,100.3125
08:01:09,91282CKU4,TSRYS5814781,D,B,C,2024-05-31,1000000.00,4.572205,100.3125
08:01:09,91282CKU4,TSRYS5814781,D,S,D,2024-05-31,2000000.00,4.572205,100.3125
08:01:09,91282CKU4,TSRYS5814781,D,S,D,2024-05-31,2000000.00,4.572205,100.3125
08:01:09,91282CKU4,TSRYS5814781,D,S,D,2024-05-31,1000000.00,4.572205,100.3125
08:01:09,91282CKU4,TSRYS5814781,D,S,D,2024-05-31,2000000.00,4.572205,100.3125
08:01:09,91282CKU4,TSRYS5814781,D,B,C,2024-05-31,1000000.00,4.572205,100.3125
08:01:09,91282CKU4,TSRYS5814781,D,S,D,2024-05-31,2000000.00,4.572205,100.3125
08:01:09,91282CKU4,TSRYS5814781,D,S,D,2024-05-31,1000000.00,4.572205,100.3125
08:01:09,91282CKU4,TSRYS5814781,D,B,C,2024-05-31,1000000.00,4.572205,100.3125
08:01:09,91282CKU4,TSRYS5814781,D,S,D,2024-05-31,2000000.00,4.572205,100.3125
08:01:09,91282CKU4,TSRYS5814781,D,B,C,2024-05-31,1000000.00,4.572205,100.3125
08:01:09,91282CKU4,TSRYS5814781,D,S,D,2024-05-31,1000000.00,4.572205,100.3125
08:01:09,91282CKU4,TSRYS5814781,D,S,D,2024-05-31,2000000.00,4.572205,100.3125
08:01:09,91282CKU4,TSRYS5814781,D,S,D,2024-05-31,2000000.00,4.572205,100.3125
08:01:09,91282CKU4,TSRYS5814781,D,S,D,2024-05-31,1000000.00,4.572205,100.3125
08:01:09,91282CKU4,TSRYS5814781,D,B,C,2024-05-31,1000000.00,4.572205,100.3125
08:01:09,91282CKU4,TSRYS5814781,D,S,D,2024-05-31,2000000.00,4.572205,100.3125
08:01:09,91282CKU4,TSRYS5814781,D,S,D,2024-05-31,2000000.00,4.572205,100.3125
08:01:09,91282CKU4,TSRYS5814781,D,S,D,2024-05-31,1000000.00,4.572205,100.3125
08:01:09,91282CKU4,TSRYS5814781,D,B,C,2024-05-31,1000000.00,4.572205,100.3125
08:01:09,91282CKU4,TSRYS5814781,D,S,D,2024-05-31,2000000.00,4.572205,100.3125
08:01:09,91282CKU4,TSRYS5814781,D,S,D,2024-05-31,2000000.00,4.572205,100.3125
08:01:09,91282CKU4,TSRYS5814781,D,S,D,2024-05-31,2000000.00,4.572205,100.3125
08:01:09,91282CKU4,TSRYS5814781,D,S,D,2024-05-31,1000000.00,4.572205,100.3125
08:01:09,91282CKU4,TSRYS5814781,D,S,D,2024-05-31,2000000.00,4.572205,100.3125
08:01:09,91282CKU4,TSRYS5814781,D,S,D,2024-05-31,1000000.00,4.553141,100.42578125
08:01:09,91282CKU4,TSRYS5814781,D,B,C,2024-05-31,1000000.00,4.572205,100.3125
08:01:09,91282CKU4,TSRYS5814781,D,S,D,2024-05-31,2000000.00,4.553141,100.42578125
08:01:09,91282CKU4,TSRYS5814781,D,S,D,2024-05-31,5000000.00,4.553141,100.42578125
08:01:09,91282CKU4,TSRYS5814781,D,S,D,2024-05-31,4000000.00,4.553141,100.42578125
08:01:09,91282CKU4,TSRYS5814781,D,S,D,2024-05-31,2000000.00,4.572205,100.3125
08:01:09,91282CKU4,TSRYS5814781,D,S,D,2024-05-31,1000000.00,4.552812,100.427734375
08:01:09,91282CKU4,TSRYS5814781,D,S,D,2024-05-31,4000000.00,4.552812,100.427734375
08:01:09,91282CKU4,TSRYS5814781,D,S,D,2024-05-31,2000000.00,4.572205,100.3125
08:01:09,91282CKU4,TSRYS5814781,D,S,D,2024-05-31,2000000.00,4.572205,100.3125
08:01:09,91282CKU4,TSRYS5814781,D,S,D,2024-05-31,2000000.00,4.572205,100.3125
08:01:10,91282CKU4,TSRYS5814781,D,S,D,2024-05-31,2000000.00,4.572205,100.3125
08:01:10,91282CKU4,TSRYS5814781,D,S,D,2024-05-31,2000000.00,4.572205,100.3125
08:01:10,91282CKU4,TSRYS5814781,D,S,D,2024-05-31,2000000.00,4.572205,100.3125
08:01:10,91282CKU4,TSRYS5814781,D,S,D,2024-05-31,2000000.00,4.572205,100.3125
08:01:10,91282CKU4,TSRYS5814781,D,S,D,2024-05-31,5000000.00,4.552155,100.431640625
08:01:10,91282CKU4,TSRYS5814781,D,S,D,2024-05-31,2000000.00,4.572205,100.3125
08:01:10,91282CKU4,TSRYS5814781,D,S,D,2024-05-31,1000000.00,4.552812,100.427734375
08:01:10,91282CKU4,TSRYS5814781,D,S,D,2024-05-31,2000000.00,4.552812,100.427734375
08:01:10,91282CKU4,TSRYS5814781,D,S,D,2024-05-31,2000000.00,4.572205,100.3125
08:01:10,91282CKU4,TSRYS5814781,D,S,D,2024-05-31,2000000.00,4.552812,100.427734375
08:01:10,91282CKU4,TSRYS5814781,D,S,D,2024-05-31,2000000.00,4.552812,100.427734375
08:01:10,91282CKU4,TSRYS5814781,D,S,D,2024-05-31,2000000.00,4.552812,100.427734375
08:01:10,91282CKU4,TSRYS5814781,D,S,D,2024-05-31,1000000.00,4.552812,100.427734375
08:01:10,91282CKU4,TSRYS5814781,D,S,D,2024-05-31,2000000.00,4.572205,100.3125
08:01:10,91282CKU4,TSRYS5814781,D,S,D,2024-05-31,1000000.00,4.552812,100.427734375
08:01:10,91282CKU4,TSRYS5814781,D,S,D,2024-05-31,2000000.00,4.572205,100.3125
08:01:10,91282CKU4,TSRYS5814781,D,S,D,2024-05-31,1000000.00,4.552812,100.427734375
08:01:10,91282CKU4,TSRYS5814781,D,S,D,2024-05-31,1000000.00,4.552812,100.427734375
08:01:10,91282CKU4,TSRYS5814781,D,S,D,2024-05-31,2000000.00,4.572205,100.3125
08:01:10,91282CKU4,TSRYS5814781,D,S,D,2024-05-31,2000000.00,4.552812,100.427734375
08:01:10,91282CKU4,TSRYS5814781,D,S,D,2024-05-31,1000000.00,4.552812,100.427734375
08:01:10,91282CKU4,TSRYS5814781,D,S,D,2024-05-31,2000000.00,4.572205,100.3125
08:01:10,91282CKU4,TSRYS5814781,D,S,D,2024-05-31,2000000.00,4.572205,100.3125
08:01:10,91282CKU4,TSRYS5814781,D,S,D,2024-05-31,1000000.00,4.552812,100.427734375
08:01:10,91282CKU4,TSRYS5814781,D,S,D,2024-05-31,2000000.00,4.572205,100.3125
08:01:10,91282CKU4,TSRYS5814781,D,S,D,2024-05-31,1000000.00,4.552812,100.427734375
08:01:10,91282CKU4,TSRYS5814781,D,S,D,2024-05-31,3000000.00,4.552812,100.427734375
08:01:10,91282CKU4,TSRYS5814781,D,S,D,2024-05-31,2000000.00,4.572205,100.3125
08:01:10,91282CKU4,TSRYS5814781,D,S,D,2024-05-31,5000000.00,4.552812,100.427734375
08:01:10,91282CKU4,TSRYS5814781,D,S,D,2024-05-31,2000000.00,4.572205,100.3125
08:01:10,91282CKU4,TSRYS5814781,D,S,D,2024-05-31,1000000.00,4.552812,100.427734375
08:01:10,91282CKU4,TSRYS5814781,D,S,D,2024-05-31,2000000.00,4.572205,100.3125
08:01:10,91282CKU4,TSRYS5814781,D,S,D,2024-05-31,1000000.00,4.552812,100.427734375
08:01:10,91282CKU4,TSRYS5814781,D,S,D,2024-05-31,2000000.00,4.572205,100.3125
08:01:10,91282CKU4,TSRYS5814781,D,S,D,2024-05-31,2000000.00,4.552812,100.427734375
08:01:10,91282CKU4,TSRYS5814781,D,S,D,2024-05-31,2000000.00,4.572205,100.3125
08:01:10,91282CKU4,TSRYS5814781,D,S,D,2024-05-31,2000000.00,4.572205,100.3125
08:01:10,91282CKU4,TSRYS5814781,D,S,D,2024-05-31,2000000.00,4.572205,100.3125
08:01:10,91282CKU4,TSRYS5814781,D,S,D,2024-05-31,2000000.00,4.572205,100.3125
08:01:10,91282CKU4,TSRYS5814781,D,S,D,2024-05-31,2000000.00,4.572205,100.3125
08:01:10,91282CKU4,TSRYS5814781,D,S,D,2024-05-31,2000000.00,4.572205,100.3125
08:01:10,91282CKU4,TSRYS5814781,D,S,D,2024-05-31,2000000.00,4.572205,100.3125
08:01:10,91282CKU4,TSRYS5814781,D,S,D,2024-05-31,2000000.00,4.572205,100.3125
08:01:10,91282CKU4,TSRYS5814781,D,S,D,2024-05-31,2000000.00,4.572205,100.3125
08:01:10,91282CKU4,TSRYS5814781,D,S,D,2024-05-31,2000000.00,4.572205,100.3125
08:01:10,91282CKU4,TSRYS5814781,D,S,D,2024-05-31,2000000.00,4.572205,100.3125
08:01:10,91282CKU4,TSRYS5814781,D,S,D,2024-05-31,2000000.00,4.572205,100.3125
08:01:10,91282CKU4,TSRYS5814781,D,S,D,2024-05-31,2000000.00,4.572205,100.3125
08:01:10,91282CKU4,TSRYS5814781,D,S,D,2024-05-31,2000000.00,4.572205,100.3125
08:01:10,91282CKU4,TSRYS5814781,D,S,D,2024-05-31,2000000.00,4.572205,100.3125
08:01:10,91282CKU4,TSRYS5814781,D,S,D,2024-05-31,2000000.00,4.572205,100.3125
08:01:10,91282CKU4,TSRYS5814781,D,S,D,2024-05-31,2000000.00,4.572205,100.3125
08:01:10,91282CKU4,TSRYS5814781,D,S,D,2024-05-31,1000000.00,4.572205,100.3125
08:01:10,91282CKU4,TSRYS5814781,D,S,D,2024-05-31,1000000.00,4.572205,100.3125
08:01:10,91282CKU4,TSRYS5814781,D,S,D,2024-05-31,1000000.00,4.572205,100.3125
08:01:10,91282CKU4,TSRYS5814781,D,S,D,2024-05-31,2000000.00,4.572205,100.3125
08:01:10,91282CKU4,TSRYS5814781,D,S,D,2024-05-31,2000000.00,4.572205,100.3125
08:01:10,91282CKU4,TSRYS5814781,D,S,D,2024-05-31,2000000.00,4.572205,100.3125
08:01:10,91282CKU4,TSRYS5814781,D,S,D,2024-05-31,2000000.00,4.572205,100.3125
08:01:10,91282CKU4,TSRYS5814781,D,S,D,2024-05-31,2000000.00,4.572205,100.3125
08:01:10,91282CKU4,TSRYS5814781,D,S,C,2024-05-31,1000000.00,4.574508,100.298828125
08:01:10,91282CKU4,TSRYS5814781,D,S,C,2024-05-31,7200000.00,4.580101,100.265625
08:01:10,91282CKU4,TSRYS5814781,D,S,D,2024-05-31,2000000.00,4.572534,100.310546875
08:01:10,91282CKU4,TSRYS5814781,D,S,T,2024-05-31,1000000.00,4.564331,100.359273
08:01:10,91282CKU4,TSRYS5814781,D,S,T,2024-05-31,1000000.00,4.564331,100.359273
08:01:11,91282CKU4,TSRYS5814781,D,S,T,2024-05-31,2000000.00,4.553158,100.42568125
08:01:11,91282CKU4,TSRYS5814781,D,S,T,2024-05-31,1000000.00,4.553158,100.42568125
08:01:11,91282CKU4,TSRYS5814781,D,S,T,2024-05-31,1000000.00,4.553158,100.42568125
08:01:11,91282CKU4,TSRYS5814781,D,B,C,2024-05-31,1000000.00,4.572205,100.3125
08:01:11,91282CKU4,TSRYS5814781,D,S,T,2024-05-31,1000000.00,4.553158,100.42568125
08:01:11,91282CKU4,TSRYS5814781,D,S,D,2024-05-31,1000000.00,4.572205,100.3125
08:01:11,91282CKU4,TSRYS5814781,D,S,T,2024-05-31,1000000.00,4.552829,100.427634375
08:01:11,91282CKU4,TSRYS5814781,D,S,T,2024-05-31,2000000.00,4.552829,100.427634375
08:01:11,91282CKU4,TSRYS5814781,D,S,T,2024-05-31,1000000.00,4.552829,100.427634375
08:01:11,91282CKU4,TSRYS5814781,D,S,T,2024-05-31,1000000.00,4.552829,100.427634375
08:01:11,91282CKU4,TSRYS5814781,D,S,T,2024-05-31,2000000.00,4.564331,100.359273
08:01:11,91282CKU4,TSRYS5814781,D,S,T,2024-05-31,4000000.00,4.551844,100.43349375
08:01:11,91282CKU4,TSRYS5814781,D,S,T,2024-05-31,1000000.00,4.552172,100.431540625
08:01:11,91282CKU4,TSRYS5814781,D,S,T,2024-05-31,1000000.00,4.552172,100.431540625
08:01:11,91282CKU4,TSRYS5814781,D,S,T,2024-05-31,2000000.00,4.552501,100.4295875
08:01:11,91282CKU4,TSRYS5814781,D,S,T,2024-05-31,2000000.00,4.552829,100.427634375
08:01:11,91282CKU4,TSRYS5814781,D,S,T,2024-05-31,4000000.00,4.552829,100.427634375
08:01:11,91282CKU4,TSRYS5814781,D,S,T,2024-05-31,1000000.00,4.552829,100.427634375
08:01:11,91282CKU4,TSRYS5814781,D,S,T,2024-05-31,4000000.00,4.552829,100.427634375
08:01:11,91282CKU4,TSRYS5814781,D,S,T,2024-05-31,1000000.00,4.552829,100.427634375
08:01:11,91282CKU4,TSRYS5814781,D,S,T,2024-05-31,4000000.00,4.552829,100.427634375
08:01:11,91282CKU4,TSRYS5814781,D,S,T,2024-05-31,1000000.00,4.552829,100.427634375
08:01:11,91282CKU4,TSRYS5814781,D,S,T,2024-05-31,1000000.00,4.552829,100.427634375
08:01:11,91282CKU4,TSRYS5814781,D,S,T,2024-05-31,5000000.00,4.552829,100.427634375
08:01:11,91282CKU4,TSRYS5814781,D,S,T,2024-05-31,1000000.00,4.552829,100.427634375
08:01:11,91282CKU4,TSRYS5814781,D,S,T,2024-05-31,1000000.00,4.564331,100.359273
08:01:11,91282CKU4,TSRYS5814781,D,S,T,2024-05-31,1000000.00,4.564331,100.359273
08:01:11,91282CKU4,TSRYS5814781,D,S,T,2024-05-31,4000000.00,4.555129,100.4139625
08:01:11,91282CKU4,TSRYS5814781,D,S,T,2024-05-31,1000000.00,4.570906,100.3202125
08:01:11,91282CKU4,TSRYS5814781,D,B,C,2024-05-31,2000000.00,4.571218,100.318359375
08:01:11,91282CKU4,TSRYS5814781,D,S,D,2024-05-31,2000000.00,4.571218,100.318359375
08:01:12,91282CKU4,TSRYS5814781,D,S,C,2024-05-31,2000000.00,4.571547,100.31640625
08:01:12,91282CKU4,TSRYS5814781,D,S,T,2024-05-31,1000000.00,4.564331,100.359273
08:01:12,91282CKU4,TSRYS5814781,D,S,D,2024-05-31,1000000.00,4.548425,100.453825
08:01:12,91282CKU4,TSRYS5814781,D,B,C,2024-05-31,4000000.00,4.55523,100.4133625
08:01:12,91282CKU4,TSRYS5814781,D,B,C,2024-05-31,2000000.00,4.571075,100.3192125
08:01:12,91282CKU4,TSRYS5814781,D,B,C,2024-05-31,14000000.00,4.569337,100.3295313
08:01:14,91282CKU4,TSRYS5814781,D,S,T,2024-05-31,1000000.00,4.582756,100.24987
08:01:14,91282CKU4,TSRYS5814781,D,S,T,2024-05-31,1000000.00,4.564331,100.359273
08:01:14,91282CKU4,TSRYS5814781,D,S,T,2024-05-31,1000000.00,4.564331,100.359273
08:01:15,91282CKU4,TSRYS5814781,D,S,T,2024-05-31,1000000.00,4.564331,100.359273
08:01:15,91282CKU4,TSRYS5814781,D,S,T,2024-05-31,1000000.00,4.564331,100.359273
08:01:15,91282CKU4,TSRYS5814781,D,S,T,2024-05-31,3000000.00,4.564331,100.359273
08:01:15,91282CKU4,TSRYS5814781,D,S,T,2024-05-31,2000000.00,4.564331,100.359273
08:01:15,91282CKU4,TSRYS5814781,D,S,T,2024-05-31,1000000.00,4.564331,100.359273
08:01:15,91282CKU4,TSRYS5814781,D,S,T,2024-05-31,1000000.00,4.564331,100.359273
08:01:15,91282CKU4,TSRYS5814781,D,S,T,2024-05-31,1000000.00,4.564331,100.359273
08:01:15,91282CKU4,TSRYS5814781,D,S,T,2024-05-31,1000000.00,4.564331,100.359273
08:01:15,91282CKU4,TSRYS5814781,D,S,T,2024-05-31,1000000.00,4.564331,100.359273
08:01:15,91282CKU4,TSRYS5814781,D,S,T,2024-05-31,1000000.00,4.564331,100.359273
08:01:15,91282CKU4,TSRYS5814781,D,S,T,2024-05-31,1000000.00,4.564331,100.359273
08:01:15,91282CKU4,TSRYS5814781,D,S,T,2024-05-31,1000000.00,4.564331,100.359273
08:01:15,91282CKU4,TSRYS5814781,D,S,T,2024-05-31,1000000.00,4.564331,100.359273
08:01:15,91282CKU4,TSRYS5814781,D,S,D,2024-05-31,8200000.00,4.624928,100.0
08:01:15,91282CKU4,TSRYS5814781,D,S,C,2024-05-31,9000000.00,4.624928,100.0
08:01:16,91282CKU4,TSRYS5814781,D,S,C,2024-05-31,13550000.00,4.624928,100.0
08:01:16,91282CKU4,TSRYS5814781,D,S,C,2024-05-31,2700000.00,4.624928,100.0
08:01:18,91282CKU4,TSRYS5814781,D,S,C,2024-05-31,2000000.00,4.568259,100.3359375
08:01:19,91282CKU4,TSRYS5814781,D,S,T,2024-05-31,1000000.00,4.553798,100.421875
08:01:20,91282CKU4,TSRYS5814781,D,S,T,2024-05-31,2000000.00,4.568276,100.3358375
08:01:20,91282CKU4,TSRYS5814781,D,S,T,2024-05-31,1000000.00,4.568276,100.3358375
08:01:20,91282CKU4,TSRYS5814781,D,S,T,2024-05-31,1000000.00,4.568276,100.3358375
08:01:20,91282CKU4,TSRYS5814781,D,S,T,2024-05-31,1000000.00,4.568276,100.3358375
08:01:20,91282CKU4,TSRYS5814781,D,S,T,2024-05-31,1000000.00,4.568276,100.3358375
08:01:20,91282CKU4,TSRYS5814781,D,S,T,2024-05-31,2000000.00,4.568276,100.3358375
08:01:20,91282CKU4,TSRYS5814781,D,S,T,2024-05-31,1000000.00,4.568276,100.3358375
08:01:20,91282CKU4,TSRYS5814781,D,S,D,2024-05-31,20000000.00,4.58055,100.26296
08:01:20,91282CKU4,TSRYS5814781,D,S,T,2024-05-31,1000000.00,4.570919,100.3201375
08:01:20,91282CKU4,TSRYS5814781,D,S,T,2024-05-31,1000000.00,4.555112,100.4140625
08:01:20,91282CKU4,TSRYS5814781,D,S,T,2024-05-31,2000000.00,4.555112,100.4140625
08:01:20,91282CKU4,TSRYS5814781,D,S,T,2024-05-31,2000000.00,4.568288,100.3357625
08:01:20,91282CKU4,TSRYS5814781,D,S,T,2024-05-31,2000000.00,4.568288,100.3357625
08:01:20,91282CKU4,TSRYS5814781,D,S,T,2024-05-31,1000000.00,4.555112,100.4140625
08:01:20,91282CKU4,TSRYS5814781,D,S,T,2024-05-31,1000000.00,4.555112,100.4140625
08:01:20,91282CKU4,TSRYS5814781,D,S,T,2024-05-31,1000000.00,4.568288,100.3357625
08:01:21,91282CKU4,TSRYS5814781,D,S,T,2024-05-31,2000000.00,4.553141,100.42578125
08:01:21,91282CKU4,TSRYS5814781,D,S,T,2024-05-31,2000000.00,4.553141,100.42578125
08:01:21,91282CKU4,TSRYS5814781,D,S,T,2024-05-31,2000000.00,4.552155,100.431640625
08:01:21,91282CKU4,TSRYS5814781,D,S,T,2024-05-31,2000000.00,4.552155,100.431640625
08:01:21,91282CKU4,TSRYS5814781,D,S,T,2024-05-31,1000000.00,4.552812,100.427734375
08:01:21,91282CKU4,TSRYS5814781,D,S,T,2024-05-31,1000000.00,4.552812,100.427734375
08:01:21,91282CKU4,TSRYS5814781,D,S,T,2024-05-31,2000000.00,4.552812,100.427734375
08:01:21,91282CKU4,TSRYS5814781,D,S,T,2024-05-31,1000000.00,4.552812,100.427734375
08:01:21,91282CKU4,TSRYS5814781,D,S,T,2024-05-31,1000000.00,4.552812,100.427734375
08:01:23,91282CKU4,TSRYS5814781,D,B,C,2024-05-31,3000000.00,4.555112,100.4140625
08:01:23,91282CKU4,TSRYS5814781,D,B,C,2024-05-31,1000000.00,4.555112,100.4140625
08:01:23,91282CKU4,TSRYS5814781,D,B,C,2024-05-31,1000000.00,4.555112,100.4140625
08:01:23,91282CKU4,TSRYS5814781,D,B,C,2024-05-31,1000000.00,4.555112,100.4140625
08:01:23,91282CKU4,TSRYS5814781,D,B,C,2024-05-31,3000000.00,4.555112,100.4140625
08:01:23,91282CKU4,TSRYS5814781,D,B,C,2024-05-31,1000000.00,4.555112,100.4140625
08:01:24,91282CKU4,TSRYS5814781,D,S,T,2024-05-31,1000000.00,4.560369,100.3828125
08:01:24,91282CKU4,TSRYS5814781,D,S,C,2024-05-31,1000000.00,4.576153,100.2890625
08:01:24,91282CKU4,TSRYS5814781,D,S,C,2024-05-31,1000000.00,4.569574,100.328125
08:01:24,91282CKU4,TSRYS5814781,D,B,C,2024-05-31,1000000.00,4.569574,100.328125
08:01:24,91282CKU4,TSRYS5814781,D,S,C,2024-05-31,1000000.00,4.574837,100.296875
08:01:24,91282CKU4,TSRYS5814781,D,S,C,2024-05-31,1000000.00,4.575824,100.291015625
08:01:24,91282CKU4,TSRYS5814781,D,S,C,2024-05-31,1000000.00,4.575824,100.291015625
08:01:24,91282CKU4,TSRYS5814781,D,B,C,2024-05-31,4800000.00,4.553798,100.421875
08:01:24,91282CKU4,TSRYS5814781,D,B,C,2024-05-31,1000000.00,4.558069,100.396484375
08:01:24,91282CKU4,TSRYS5814781,D,S,D,2024-05-31,1000000.00,4.558069,100.396484375
08:01:24,91282CKU4,TSRYS5814781,D,S,D,2024-05-31,2000000.00,4.555112,100.4140625
08:01:24,91282CKU4,TSRYS5814781,D,B,A,2024-05-31,6600000.00,4.549856,100.4453125
08:01:24,91282CKU4,TSRYS5814781,D,S,C,2024-05-31,1000000.00,4.572534,100.310546875
08:01:24,91282CKU4,TSRYS5814781,D,S,C,2024-05-31,1000000.00,4.572534,100.310546875
08:01:24,91282CKU4,TSRYS5814781,D,B,C,2024-05-31,1000000.00,4.572534,100.310546875
08:01:24,91282CKU4,TSRYS5814781,D,B,C,2024-05-31,1000000.00,4.576153,100.2890625
08:01:24,91282CKU4,TSRYS5814781,D,S,D,2024-05-31,1000000.00,4.576153,100.2890625
08:01:24,91282CKU4,TSRYS5814781,D,B,C,2024-05-31,1000000.00,4.576153,100.2890625
08:01:24,91282CKU4,TSRYS5814781,D,S,C,2024-05-31,1000000.00,4.578785,100.2734375
08:01:24,91282CKU4,TSRYS5814781,D,S,C,2024-05-31,1000000.00,4.579114,100.271484375
08:01:24,91282CKU4,TSRYS5814781,D,S,C,2024-05-31,2000000.00,4.579114,100.271484375
08:01:24,91282CKU4,TSRYS5814781,D,S,C,2024-05-31,1000000.00,4.579114,100.271484375
08:01:25,91282CKU4,TSRYS5814781,D,S,C,2024-05-31,1000000.00,4.584051,100.2421875
08:01:25,91282CKU4,TSRYS5814781,D,B,C,2024-05-31,1000000.00,4.584051,100.2421875
08:01:25,91282CKU4,TSRYS5814781,D,S,C,2024-05-31,1000000.00,4.58438,100.240234375
08:01:25,91282CKU4,TSRYS5814781,D,B,C,2024-05-31,1000000.00,4.58438,100.240234375
08:01:25,91282CKU4,TSRYS5814781,D,S,C,2024-05-31,1000000.00,4.58438,100.240234375
08:01:25,91282CKU4,TSRYS5814781,D,B,C,2024-05-31,1000000.00,4.555112,100.4140625
08:01:25,91282CKU4,TSRYS5814781,D,B,C,2024-05-31,1000000.00,4.555112,100.4140625
08:01:25,91282CKU4,TSRYS5814781,D,B,C,2024-05-31,1000000.00,4.555112,100.4140625
08:01:25,91282CKU4,TSRYS5814781,D,S,T,2024-05-31,1000000.00,4.554455,100.41796875
08:01:25,91282CKU4,TSRYS5814781,D,B,C,2024-05-31,1000000.00,4.555112,100.4140625
08:01:25,91282CKU4,TSRYS5814781,D,B,C,2024-05-31,1000000.00,4.573521,100.3046875
08:01:25,91282CKU4,TSRYS5814781,D,S,C,2024-05-31,1000000.00,4.573521,100.3046875
08:01:25,91282CKU4,TSRYS5814781,D,B,C,2024-05-31,1000000.00,4.573521,100.3046875
08:01:25,91282CKU4,TSRYS5814781,D,B,C,2024-05-31,1000000.00,4.573521,100.3046875
08:01:25,91282CKU4,TSRYS5814781,D,S,D,2024-05-31,1000000.00,4.573521,100.3046875
08:01:25,91282CKU4,TSRYS5814781,D,S,C,2024-05-31,1000000.00,4.573521,100.3046875
08:01:25,91282CKU4,TSRYS5814781,D,S,D,2024-05-31,1000000.00,4.555112,100.4140625
08:01:25,91282CKU4,TSRYS5814781,D,S,T,2024-05-31,2000000.00,4.566944,100.34375
08:01:25,91282CKU4,TSRYS5814781,D,S,D,2024-05-31,1000000.00,4.555112,100.4140625
08:01:25,91282CKU4,TSRYS5814781,D,B,C,2024-05-31,1000000.00,4.56793,100.337890625
08:01:25,91282CKU4,TSRYS5814781,D,S,D,2024-05-31,1000000.00,4.56793,100.337890625
08:01:25,91282CKU4,TSRYS5814781,D,S,D,2024-05-31,8000000.00,4.56793,100.337890625
08:01:26,91282CKU4,TSRYS5814781,D,S,D,2024-05-31,1000000.00,4.567601,100.33984375
08:01:26,91282CKU4,TSRYS5814781,D,S,D,2024-05-31,2000000.00,4.56793,100.337890625
08:01:26,91282CKU4,TSRYS5814781,D,B,C,2024-05-31,5000000.00,4.56793,100.337890625
08:01:26,91282CKU4,TSRYS5814781,D,S,D,2024-05-31,5000000.00,4.56793,100.337890625
08:01:26,91282CKU4,TSRYS5814781,D,S,D,2024-05-31,4000000.00,4.56793,100.337890625
08:01:26,91282CKU4,TSRYS5814781,D,S,D,2024-05-31,2000000.00,4.569574,100.328125
08:01:26,91282CKU4,TSRYS5814781,D,B,C,2024-05-31,2000000.00,4.570232,100.32421875
08:01:26,91282CKU4,TSRYS5814781,D,S,D,2024-05-31,2000000.00,4.570232,100.32421875
08:01:26,91282CKU4,TSRYS5814781,D,S,C,2024-05-31,1000000.00,4.57089,100.3203125
08:01:26,91282CKU4,TSRYS5814781,D,S,D,2024-05-31,3000000.00,4.572205,100.3125
08:01:26,91282CKU4,TSRYS5814781,D,S,D,2024-05-31,3000000.00,4.572205,100.3125
08:01:26,91282CKU4,TSRYS5814781,D,S,D,2024-05-31,3000000.00,4.572205,100.3125
08:01:26,91282CKU4,TSRYS5814781,D,S,D,2024-05-31,3000000.00,4.572205,100.3125
08:01:26,91282CKU4,TSRYS5814781,D,B,C,2024-05-31,1000000.00,4.555112,100.4140625
08:01:26,91282CKU4,TSRYS5814781,D,B,C,2024-05-31,1000000.00,4.555112,100.4140625
08:01:26,91282CKU4,TSRYS5814781,D,B,C,2024-05-31,1000000.00,4.555112,100.4140625
08:01:26,91282CKU4,TSRYS5814781,D,B,C,2024-05-31,1000000.00,4.555112,100.4140625
08:01:26,91282CKU4,TSRYS5814781,D,B,C,2024-05-31,1000000.00,4.555112,100.4140625
08:01:26,91282CKU4,TSRYS5814781,D,B,C,2024-05-31,1000000.00,4.555112,100.4140625
08:01:26,91282CKU4,TSRYS5814781,D,B,C,2024-05-31,1000000.00,4.555112,100.4140625
08:01:26,91282CKU4,TSRYS5814781,D,B,C,2024-05-31,1000000.00,4.555112,100.4140625
08:01:26,91282CKU4,TSRYS5814781,D,B,C,2024-05-31,3000000.00,4.555112,100.4140625
08:01:26,91282CKU4,TSRYS5814781,D,B,C,2024-05-31,3000000.00,4.555112,100.4140625
08:01:26,91282CKU4,TSRYS5814781,D,B,C,2024-05-31,1000000.00,4.555112,100.4140625
08:01:26,91282CKU4,TSRYS5814781,D,B,C,2024-05-31,1000000.00,4.56267,100.36914062
08:01:26,91282CKU4,TSRYS5814781,D,B,C,2024-05-31,1000000.00,4.562341,100.37109375
08:01:26,91282CKU4,TSRYS5814781,D,S,T,2024-05-31,2000000.00,4.564642,100.35742187
08:01:27,91282CKU4,TSRYS5814781,D,S,T,2024-05-31,2000000.00,4.567601,100.33984375
08:01:27,91282CKU4,TSRYS5814781,D,S,T,2024-05-31,1000000.00,4.567601,100.33984375
08:01:27,91282CKU4,TSRYS5814781,D,S,T,2024-05-31,1000000.00,4.567601,100.33984375
08:01:27,91282CKU4,TSRYS5814781,D,S,D,2024-05-31,2000000.00,4.567601,100.33984375
08:01:27,91282CKU4,TSRYS5814781,D,S,D,2024-05-31,2000000.00,4.565628,100.3515625
08:01:27,91282CKU4,TSRYS5814781,D,S,T,2024-05-31,1000000.00,4.567601,100.33984375
08:01:27,91282CKU4,TSRYS5814781,D,S,C,2024-05-31,1000000.00,4.568916,100.33203125
08:01:27,91282CKU4,TSRYS5814781,D,S,T,2024-05-31,1000000.00,4.567601,100.33984375
08:01:27,91282CKU4,TSRYS5814781,D,S,T,2024-05-31,2000000.00,4.567601,100.33984375
08:01:27,91282CKU4,TSRYS5814781,D,S,T,2024-05-31,1000000.00,4.567601,100.33984375
08:01:27,91282CKU4,TSRYS5814781,D,S,D,2024-05-31,1000000.00,4.569574,100.328125
08:01:27,91282CKU4,TSRYS5814781,D,S,T,2024-05-31,1000000.00,4.567601,100.33984375
08:01:27,91282CKU4,TSRYS5814781,D,B,C,2024-05-31,1000000.00,4.569574,100.328125
08:01:27,91282CKU4,TSRYS5814781,D,S,T,2024-05-31,1000000.00,4.567601,100.33984375
08:01:27,91282CKU4,TSRYS5814781,D,S,T,2024-05-31,1000000.00,4.567601,100.33984375
08:01:27,91282CKU4,TSRYS5814781,D,S,T,2024-05-31,1000000.00,4.567601,100.33984375
08:01:27,91282CKU4,TSRYS5814781,D,S,T,2024-05-31,1000000.00,4.567601,100.33984375
08:01:27,91282CKU4,TSRYS5814781,D,S,C,2024-05-31,5000000.00,4.561684,100.375
08:01:27,91282CKU4,TSRYS5814781,D,S,D,2024-05-31,2000000.00,4.560698,100.38085937
08:01:27,91282CKU4,TSRYS5814781,D,S,C,2024-05-31,1000000.00,4.560698,100.38085937
08:01:27,91282CKU4,TSRYS5814781,D,S,T,2024-05-31,1000000.00,4.567601,100.33984375
08:01:27,91282CKU4,TSRYS5814781,D,S,C,2024-05-31,2000000.00,4.560698,100.38085937
08:01:27,91282CKU4,TSRYS5814781,D,S,D,2024-05-31,2000000.00,4.561026,100.37890625
08:01:27,91282CKU4,TSRYS5814781,D,S,T,2024-05-31,1000000.00,4.567601,100.33984375
08:01:27,91282CKU4,TSRYS5814781,D,S,D,2024-05-31,1000000.00,4.561026,100.37890625
08:01:27,91282CKU4,TSRYS5814781,D,S,D,2024-05-31,1000000.00,4.560698,100.38085937
08:01:27,91282CKU4,TSRYS5814781,D,S,T,2024-05-31,1000000.00,4.567601,100.33984375
08:01:27,91282CKU4,TSRYS5814781,D,S,T,2024-05-31,1000000.00,4.567601,100.33984375
08:01:27,91282CKU4,TSRYS5814781,D,S,T,2024-05-31,1000000.00,4.567601,100.33984375
08:01:27,91282CKU4,TSRYS5814781,D,S,C,2024-05-31,1000000.00,4.561026,100.37890625
08:01:27,91282CKU4,TSRYS5814781,D,S,T,2024-05-31,1000000.00,4.567601,100.33984375
08:01:27,91282CKU4,TSRYS5814781,D,S,D,2024-05-31,2000000.00,4.561026,100.37890625
08:01:27,91282CKU4,TSRYS5814781,D,S,T,2024-05-31,1000000.00,4.567601,100.33984375
08:01:27,91282CKU4,TSRYS5814781,D,S,T,2024-05-31,1000000.00,4.567601,100.33984375
08:01:27,91282CKU4,TSRYS5814781,D,S,T,2024-05-31,1000000.00,4.567601,100.33984375
08:01:27,91282CKU4,TSRYS5814781,D,S,T,2024-05-31,1000000.00,4.567601,100.33984375
08:01:27,91282CKU4,TSRYS5814781,D,S,T,2024-05-31,1000000.00,4.567601,100.33984375
08:01:27,91282CKU4,TSRYS5814781,D,S,D,2024-05-31,1000000.00,4.561026,100.37890625
08:01:27,91282CKU4,TSRYS5814781,D,S,T,2024-05-31,1000000.00,4.567601,100.33984375
08:01:27,91282CKU4,TSRYS5814781,D,S,D,2024-05-31,1000000.00,4.561026,100.37890625
08:01:27,91282CKU4,TSRYS5814781,D,S,D,2024-05-31,1000000.00,4.561026,100.37890625
08:01:27,91282CKU4,TSRYS5814781,D,B,C,2024-05-31,1000000.00,4.5653,100.353515625
08:01:27,91282CKU4,TSRYS5814781,D,S,C,2024-05-31,1000000.00,4.5653,100.353515625
08:01:27,91282CKU4,TSRYS5814781,D,S,T,2024-05-31,1000000.00,4.567601,100.33984375
08:01:27,91282CKU4,TSRYS5814781,D,S,D,2024-05-31,1000000.00,4.567601,100.33984375
08:01:28,91282CKU4,TSRYS5814781,D,B,C,2024-05-31,20000000.00,4.561209,100.37782
08:01:28,91282CKU4,TSRYS5814781,D,S,T,2024-05-31,1000000.00,4.566969,100.3436
08:01:28,91282CKU4,TSRYS5814781,D,B,C,2024-05-31,2000000.00,4.565628,100.3515625
08:01:28,91282CKU4,TSRYS5814781,D,S,D,2024-05-31,2000000.00,4.565628,100.3515625
08:01:28,91282CKU4,TSRYS5814781,D,S,C,2024-05-31,2000000.00,4.565628,100.3515625
08:01:28,91282CKU4,TSRYS5814781,D,B,C,2024-05-31,2000000.00,4.564971,100.35546875
08:01:28,91282CKU4,TSRYS5814781,D,B,C,2024-05-31,1000000.00,4.564971,100.35546875
08:01:28,91282CKU4,TSRYS5814781,D,B,C,2024-05-31,1000000.00,4.565628,100.3515625
08:01:28,91282CKU4,TSRYS5814781,D,S,D,2024-05-31,2000000.00,4.565628,100.3515625
08:01:28,91282CKU4,TSRYS5814781,D,B,C,2024-05-31,2000000.00,4.565628,100.3515625
08:01:28,91282CKU4,TSRYS5814781,D,S,C,2024-05-31,1000000.00,4.565628,100.3515625
08:01:28,91282CKU4,TSRYS5814781,D,B,C,2024-05-31,1000000.00,4.564971,100.35546875
08:01:28,91282CKU4,TSRYS5814781,D,B,C,2024-05-31,1000000.00,4.564971,100.35546875
08:01:29,91282CKU4,TSRYS5814781,D,B,C,2024-05-31,1000000.00,4.566944,100.34375
08:01:29,91282CKU4,TSRYS5814781,D,S,D,2024-05-31,1000000.00,4.566944,100.34375
08:01:29,91282CKU4,TSRYS5814781,D,B,C,2024-05-31,1000000.00,4.56267,100.36914062
08:01:29,91282CKU4,TSRYS5814781,D,B,C,2024-05-31,1000000.00,4.56267,100.36914062
08:01:29,91282CKU4,TSRYS5814781,D,B,C,2024-05-31,1000000.00,4.567601,100.33984375
08:01:29,91282CKU4,TSRYS5814781,D,B,C,2024-05-31,1000000.00,4.567601,100.33984375
08:01:29,91282CKU4,TSRYS5814781,D,B,C,2024-05-31,1000000.00,4.572205,100.3125
08:01:29,91282CKU4,TSRYS5814781,D,B,C,2024-05-31,1000000.00,4.572205,100.3125
08:01:30,91282CKU4,TSRYS5814781,D,B,C,2024-05-31,1000000.00,4.574508,100.29882812
08:01:30,91282CKU4,TSRYS5814781,D,B,C,2024-05-31,1000000.00,4.577469,100.28125
08:01:30,91282CKU4,TSRYS5814781,D,S,D,2024-05-31,1000000.00,4.572205,100.3125
08:01:30,91282CKU4,TSRYS5814781,D,S,D,2024-05-31,2000000.00,4.572205,100.3125
08:01:30,91282CKU4,TSRYS5814781,D,S,D,2024-05-31,2000000.00,4.572205,100.3125
08:01:30,91282CKU4,TSRYS5814781,D,S,D,2024-05-31,2000000.00,4.572205,100.3125
08:01:30,91282CKU4,TSRYS5814781,D,S,D,2024-05-31,2000000.00,4.572205,100.3125
08:01:30,91282CKU4,TSRYS5814781,D,S,D,2024-05-31,2000000.00,4.572205,100.3125
08:01:30,91282CKU4,TSRYS5814781,D,S,D,2024-05-31,2000000.00,4.572205,100.3125
08:01:30,91282CKU4,TSRYS5814781,D,S,D,2024-05-31,2000000.00,4.572205,100.3125
08:01:30,91282CKU4,TSRYS5814781,D,S,D,2024-05-31,2000000.00,4.572205,100.3125
08:01:30,91282CKU4,TSRYS5814781,D,S,A,2024-05-31,69000000.00,4.574837,100.296875
08:01:30,91282CKU4,TSRYS5814781,D,S,D,2024-05-31,2000000.00,4.572205,100.3125
08:01:30,91282CKU4,TSRYS5814781,D,S,D,2024-05-31,2000000.00,4.572205,100.3125
08:01:30,91282CKU4,TSRYS5814781,D,S,D,2024-05-31,2000000.00,4.572205,100.3125
08:01:30,91282CKU4,TSRYS5814781,D,S,D,2024-05-31,2000000.00,4.572205,100.3125
08:01:30,91282CKU4,TSRYS5814781,D,S,D,2024-05-31,2000000.00,4.572205,100.3125
08:01:30,91282CKU4,TSRYS5814781,D,S,D,2024-05-31,2000000.00,4.572205,100.3125
08:01:30,91282CKU4,TSRYS5814781,D,S,D,2024-05-31,2000000.00,4.572205,100.3125
08:01:30,91282CKU4,TSRYS5814781,D,S,D,2024-05-31,2000000.00,4.572205,100.3125
08:01:30,91282CKU4,TSRYS5814781,D,S,D,2024-05-31,2000000.00,4.572205,100.3125
08:01:30,91282CKU4,TSRYS5814781,D,S,D,2024-05-31,2000000.00,4.572205,100.3125
08:01:30,91282CKU4,TSRYS5814781,D,S,D,2024-05-31,2000000.00,4.572205,100.3125
08:01:30,91282CKU4,TSRYS5814781,D,S,D,2024-05-31,2000000.00,4.572205,100.3125
08:01:30,91282CKU4,TSRYS5814781,D,S,D,2024-05-31,2000000.00,4.572205,100.3125
08:01:30,91282CKU4,TSRYS5814781,D,S,D,2024-05-31,2000000.00,4.572205,100.3125
08:01:30,91282CKU4,TSRYS5814781,D,S,D,2024-05-31,2000000.00,4.572205,100.3125
08:01:30,91282CKU4,TSRYS5814781,D,S,D,2024-05-31,2000000.00,4.572205,100.3125
08:01:30,91282CKU4,TSRYS5814781,D,S,D,2024-05-31,2000000.00,4.572205,100.3125
08:01:31,91282CKU4,TSRYS5814781,D,S,D,2024-05-31,2000000.00,4.572205,100.3125
08:01:31,91282CKU4,TSRYS5814781,D,S,D,2024-05-31,2000000.00,4.572205,100.3125
08:01:31,91282CKU4,TSRYS5814781,D,S,D,2024-05-31,2000000.00,4.572205,100.3125
08:01:31,91282CKU4,TSRYS5814781,D,S,D,2024-05-31,2000000.00,4.572205,100.3125
08:01:31,91282CKU4,TSRYS5814781,D,S,D,2024-05-31,2000000.00,4.572205,100.3125
08:01:31,91282CKU4,TSRYS5814781,D,S,D,2024-05-31,2000000.00,4.572205,100.3125
08:01:31,91282CKU4,TSRYS5814781,D,S,D,2024-05-31,2000000.00,4.572205,100.3125
08:01:31,91282CKU4,TSRYS5814781,D,S,D,2024-05-31,2000000.00,4.572205,100.3125
08:01:31,91282CKU4,TSRYS5814781,D,S,D,2024-05-31,2000000.00,4.572205,100.3125
08:01:31,91282CKU4,TSRYS5814781,D,S,D,2024-05-31,2000000.00,4.572205,100.3125
08:01:31,91282CKU4,TSRYS5814781,D,S,D,2024-05-31,2000000.00,4.572205,100.3125
08:01:31,91282CKU4,TSRYS5814781,D,S,D,2024-05-31,2000000.00,4.572205,100.3125
08:01:31,91282CKU4,TSRYS5814781,D,S,D,2024-05-31,2000000.00,4.572205,100.3125
08:01:31,91282CKU4,TSRYS5814781,D,S,D,2024-05-31,2000000.00,4.572205,100.3125
08:01:31,91282CKU4,TSRYS5814781,D,S,D,2024-05-31,2000000.00,4.572205,100.3125
08:01:31,91282CKU4,TSRYS5814781,D,S,D,2024-05-31,2000000.00,4.572205,100.3125
08:01:31,91282CKU4,TSRYS5814781,D,S,D,2024-05-31,2000000.00,4.572205,100.3125
08:01:31,91282CKU4,TSRYS5814781,D,S,D,2024-05-31,2000000.00,4.572205,100.3125
08:01:31,91282CKU4,TSRYS5814781,D,S,D,2024-05-31,2000000.00,4.572205,100.3125
08:01:31,91282CKU4,TSRYS5814781,D,S,D,2024-05-31,2000000.00,4.572205,100.3125
08:01:31,91282CKU4,TSRYS5814781,D,S,D,2024-05-31,2000000.00,4.572205,100.3125
08:01:31,91282CKU4,TSRYS5814781,D,S,D,2024-05-31,2000000.00,4.572205,100.3125
08:01:31,91282CKU4,TSRYS5814781,D,S,D,2024-05-31,2000000.00,4.572205,100.3125
08:01:31,91282CKU4,TSRYS5814781,D,S,D,2024-05-31,2000000.00,4.572205,100.3125
08:01:31,91282CKU4,TSRYS5814781,D,S,D,2024-05-31,2000000.00,4.572205,100.3125
08:01:31,91282CKU4,TSRYS5814781,D,S,D,2024-05-31,2000000.00,4.572205,100.3125
08:01:31,91282CKU4,TSRYS5814781,D,S,D,2024-05-31,2000000.00,4.572205,100.3125
08:01:31,91282CKU4,TSRYS5814781,D,S,D,2024-05-31,2000000.00,4.572205,100.3125
08:01:31,91282CKU4,TSRYS5814781,D,S,D,2024-05-31,2000000.00,4.572205,100.3125
08:01:31,91282CKU4,TSRYS5814781,D,S,D,2024-05-31,1000000.00,4.572205,100.3125
08:01:31,91282CKU4,TSRYS5814781,D,S,D,2024-05-31,2000000.00,4.572205,100.3125
08:01:31,91282CKU4,TSRYS5814781,D,S,D,2024-05-31,2000000.00,4.572205,100.3125
08:01:31,91282CKU4,TSRYS5814781,D,S,D,2024-05-31,1000000.00,4.572205,100.3125
08:01:31,91282CKU4,TSRYS5814781,D,S,D,2024-05-31,1000000.00,4.572205,100.3125
08:01:31,91282CKU4,TSRYS5814781,D,S,D,2024-05-31,2000000.00,4.572205,100.3125
08:01:31,91282CKU4,TSRYS5814781,D,S,D,2024-05-31,2000000.00,4.572205,100.3125
08:01:31,91282CKU4,TSRYS5814781,D,S,D,2024-05-31,2000000.00,4.572205,100.3125
08:01:31,91282CKU4,TSRYS5814781,D,S,D,2024-05-31,2000000.00,4.572205,100.3125
08:01:31,91282CKU4,TSRYS5814781,D,S,D,2024-05-31,2000000.00,4.572205,100.3125
08:01:31,91282CKU4,TSRYS5814781,D,S,D,2024-05-31,2000000.00,4.572205,100.3125
08:01:31,91282CKU4,TSRYS5814781,D,S,D,2024-05-31,2000000.00,4.572205,100.3125
08:01:31,91282CKU4,TSRYS5814781,D,S,D,2024-05-31,2000000.00,4.572205,100.3125
08:01:31,91282CKU4,TSRYS5814781,D,S,D,2024-05-31,2000000.00,4.572205,100.3125
08:01:32,91282CKU4,TSRYS5814781,D,B,C,2024-05-31,1000000.00,4.55117,100.4375
08:01:32,91282CKU4,TSRYS5814781,D,S,C,2024-05-31,1000000.00,4.55117,100.4375
08:01:32,91282CKU4,TSRYS5814781,D,B,C,2024-05-31,1000000.00,4.549856,100.4453125
08:01:32,91282CKU4,TSRYS5814781,D,S,C,2024-05-31,1000000.00,4.549856,100.4453125
08:01:33,91282CKU4,TSRYS5814781,D,B,C,2024-05-31,1000000.00,4.549856,100.4453125
08:01:33,91282CKU4,TSRYS5814781,D,B,C,2024-05-31,1000000.00,4.55774,100.3984375
08:01:33,91282CKU4,TSRYS5814781,D,S,D,2024-05-31,1250000.00,4.562999,100.3671875
08:01:33,91282CKU4,TSRYS5814781,D,S,C,2024-05-31,1000000.00,4.549856,100.4453125
08:01:33,91282CKU4,TSRYS5814781,D,B,C,2024-05-31,1000000.00,4.552812,100.42773437
08:01:33,91282CKU4,TSRYS5814781,D,B,C,2024-05-31,1000000.00,4.552812,100.42773437
08:01:34,91282CKU4,TSRYS5814781,D,S,D,2024-05-31,3000000.00,4.572205,100.3125
08:01:34,91282CKU4,TSRYS5814781,D,S,T,2024-05-31,1000000.00,4.574862,100.296725
08:01:34,91282CKU4,TSRYS5814781,D,S,D,2024-05-31,3000000.00,4.572205,100.3125
08:01:34,91282CKU4,TSRYS5814781,D,S,D,2024-05-31,3000000.00,4.572205,100.3125
08:01:34,91282CKU4,TSRYS5814781,D,S,T,2024-05-31,1000000.00,4.574862,100.296725
08:01:34,91282CKU4,TSRYS5814781,D,S,D,2024-05-31,1000000.00,4.582734,100.25
08:01:34,91282CKU4,TSRYS5814781,D,S,D,2024-05-31,1000000.00,4.548543,100.453125
08:01:35,91282CKU4,TSRYS5814781,D,S,D,2024-05-31,1000000.00,4.548543,100.453125
