tradeTime,cusip,issueSymbolIdentifier,priceType,reportingSideCode,contraPartyTypeCode,tradeDate,reportedTradeVolume,lastSaleYield,lastSalePrice
08:00:02,91282CKN0,TSRYS5793018,D,S,T,2024-05-21,2000000.00,4.4397,101.09375
08:00:03,91282CKN0,TSRYS5793018,D,S,D,2024-05-21,4000000.00,4.455122,101.001953125
08:00:03,91282CKN0,TSRYS5793018,D,S,D,2024-05-21,1000000.00,4.455122,101.001953125
08:00:03,91282CKN0,TSRYS5793018,D,S,T,2024-05-21,1000000.00,4.452824,101.015625
08:00:03,91282CKN0,TSRYS5793018,D,S,D,2024-05-21,2000000.00,4.449214,101.037109375
08:00:03,91282CKN0,TSRYS5793018,D,S,D,2024-05-21,2000000.00,4.449214,101.037109375
08:00:03,91282CKN0,TSRYS5793018,D,S,D,2024-05-21,1000000.00,4.446917,101.05078125
08:00:03,91282CKN0,TSRYS5793018,D,S,D,2024-05-21,1000000.00,4.448229,101.04296875
08:00:03,91282CKN0,TSRYS5793018,D,S,D,2024-05-21,1000000.00,4.448229,101.04296875
08:00:03,91282CKN0,TSRYS5793018,D,S,D,2024-05-21,1000000.00,4.448229,101.04296875
08:00:03,91282CKN0,TSRYS5793018,D,S,D,2024-05-21,2000000.00,4.448229,101.04296875
08:00:03,91282CKN0,TSRYS5793018,D,S,D,2024-05-21,2000000.00,4.448229,101.04296875
08:00:03,91282CKN0,TSRYS5793018,D,S,T,2024-05-21,1000000.00,4.447573,101.046875
08:00:07,91282CKN0,TSRYS5793018,D,S,D,2024-05-21,1000000.00,4.446589,101.052734375
08:00:07,91282CKN0,TSRYS5793018,D,S,T,2024-05-21,1000000.00,4.444948,101.0625
08:00:07,91282CKN0,TSRYS5793018,D,S,D,2024-05-21,1000000.00,4.437077,101.109375
08:00:07,91282CKN0,TSRYS5793018,D,S,D,2024-05-21,1000000.00,4.437077,101.109375
08:00:07,91282CKN0,TSRYS5793018,D,S,T,2024-05-21,1000000.00,4.438716,101.099609375
08:00:07,91282CKN0,TSRYS5793018,D,S,D,2024-05-21,1000000.00,4.441668,101.08203125
08:00:07,91282CKN0,TSRYS5793018,D,S,D,2024-05-21,1000000.00,4.441668,101.08203125
08:00:07,91282CKN0,TSRYS5793018,D,S,D,2024-05-21,2000000.00,4.441668,101.08203125
08:00:07,91282CKN0,TSRYS5793018,D,S,D,2024-05-21,2000000.00,4.441668,101.08203125
08:00:07,91282CKN0,TSRYS5793018,D,S,D,2024-05-21,2000000.00,4.441668,101.08203125
08:00:07,91282CKN0,TSRYS5793018,D,S,D,2024-05-21,1000000.00,4.439372,101.095703125
08:00:07,91282CKN0,TSRYS5793018,D,S,T,2024-05-21,1000000.00,4.43806,101.103515625
08:00:07,91282CKN0,TSRYS5793018,D,S,D,2024-05-21,2000000.00,4.437077,101.109375
08:00:07,91282CKN0,TSRYS5793018,D,S,D,2024-05-21,2000000.00,4.439372,101.095703125
08:00:07,91282CKN0,TSRYS5793018,D,S,T,2024-05-21,1000000.00,4.431831,101.140625
08:00:07,91282CKN0,TSRYS5793018,D,S,D,2024-05-21,1000000.00,4.432159,101.138671875
08:00:07,91282CKN0,TSRYS5793018,D,S,D,2024-05-21,1000000.00,4.432159,101.138671875
08:00:07,91282CKN0,TSRYS5793018,D,S,T,2024-05-21,1000000.00,4.43052,101.1484375
08:00:07,91282CKN0,TSRYS5793018,D,S,D,2024-05-21,1000000.00,4.431831,101.140625
08:00:07,91282CKN0,TSRYS5793018,D,S,T,2024-05-21,1000000.00,4.423967,101.1875
08:00:10,91282CKN0,TSRYS5793018,D,S,D,2024-05-21,1000000.00,4.449214,101.037109375
08:00:10,91282CKN0,TSRYS5793018,D,S,T,2024-05-21,1000000.00,4.449214,101.037109375
08:00:10,91282CKN0,TSRYS5793018,D,S,T,2024-05-21,1000000.00,4.450198,101.03125
08:00:10,91282CKN0,TSRYS5793018,D,S,T,2024-05-21,1000000.00,4.450198,101.03125
08:00:10,91282CKN0,TSRYS5793018,D,S,T,2024-05-21,2000000.00,4.452824,101.015625
08:00:10,91282CKN0,TSRYS5793018,D,S,T,2024-05-21,1000000.00,4.45545,101.0
08:00:10,91282CKN0,TSRYS5793018,D,S,T,2024-05-21,1000000.00,4.45545,101.0
08:00:10,91282CKN0,TSRYS5793018,D,S,D,2024-05-21,1000000.00,4.448229,101.04296875
08:00:10,91282CKN0,TSRYS5793018,D,S,D,2024-05-21,1000000.00,4.447245,101.048828125
08:00:10,91282CKN0,TSRYS5793018,D,S,T,2024-05-21,1000000.00,4.44626,101.0546875
08:00:10,91282CKN0,TSRYS5793018,D,S,T,2024-05-21,1000000.00,4.44626,101.0546875
08:00:10,91282CKN0,TSRYS5793018,D,S,T,2024-05-21,1000000.00,4.444948,101.0625
08:00:10,91282CKN0,TSRYS5793018,D,S,T,2024-05-21,1000000.00,4.445604,101.05859375
08:00:10,91282CKN0,TSRYS5793018,D,S,T,2024-05-21,1000000.00,4.445276,101.060546875
08:00:10,91282CKN0,TSRYS5793018,D,S,T,2024-05-21,1000000.00,4.444948,101.0625
08:00:10,91282CKN0,TSRYS5793018,D,S,T,2024-05-21,1000000.00,4.44462,101.064453125
08:00:10,91282CKN0,TSRYS5793018,D,S,T,2024-05-21,1000000.00,4.444292,101.06640625
08:00:10,91282CKN0,TSRYS5793018,D,S,T,2024-05-21,1000000.00,4.438388,101.1015625
08:00:10,91282CKN0,TSRYS5793018,D,S,T,2024-05-21,1000000.00,4.440684,101.087890625
08:00:10,91282CKN0,TSRYS5793018,D,S,T,2024-05-21,1000000.00,4.43052,101.1484375
08:00:10,91282CKN0,TSRYS5793018,D,S,T,2024-05-21,1000000.00,4.43052,101.1484375
08:00:14,91282CKN0,TSRYS5793018,D,S,D,2024-05-21,1000000.00,4.429209,101.15625
08:00:15,91282CKN0,TSRYS5793018,D,S,D,2024-05-21,1000000.00,4.446917,101.05078125
08:00:15,91282CKN0,TSRYS5793018,D,S,D,2024-05-21,1000000.00,4.446589,101.052734375
08:00:30,91282CKN0,TSRYS5793018,D,S,T,2024-05-21,1000000.00,4.452824,101.015625
08:00:30,91282CKN0,TSRYS5793018,D,S,T,2024-05-21,1000000.00,4.452824,101.015625
08:00:30,91282CKN0,TSRYS5793018,D,S,T,2024-05-21,1000000.00,4.452824,101.015625
08:00:30,91282CKN0,TSRYS5793018,D,S,T,2024-05-21,1000000.00,4.45545,101.0
08:00:30,91282CKN0,TSRYS5793018,D,S,T,2024-05-21,1000000.00,4.45545,101.0
08:00:30,91282CKN0,TSRYS5793018,D,S,T,2024-05-21,2000000.00,4.449542,101.03515625
08:00:30,91282CKN0,TSRYS5793018,D,S,T,2024-05-21,1000000.00,4.448229,101.04296875
08:00:30,91282CKN0,TSRYS5793018,D,S,T,2024-05-21,1000000.00,4.448229,101.04296875
08:00:30,91282CKN0,TSRYS5793018,D,S,T,2024-05-21,1000000.00,4.448229,101.04296875
08:00:30,91282CKN0,TSRYS5793018,D,S,T,2024-05-21,1000000.00,4.447573,101.046875
08:00:30,91282CKN0,TSRYS5793018,D,S,T,2024-05-21,1000000.00,4.447573,101.046875
08:00:30,91282CKN0,TSRYS5793018,D,S,T,2024-05-21,1000000.00,4.447573,101.046875
08:00:30,91282CKN0,TSRYS5793018,D,S,T,2024-05-21,1000000.00,4.447573,101.046875
08:00:30,91282CKN0,TSRYS5793018,D,S,T,2024-05-21,1000000.00,4.444948,101.0625
08:00:30,91282CKN0,TSRYS5793018,D,S,T,2024-05-21,1000000.00,4.444948,101.0625
08:00:30,91282CKN0,TSRYS5793018,D,S,T,2024-05-21,1000000.00,4.444948,101.0625
08:00:30,91282CKN0,TSRYS5793018,D,S,T,2024-05-21,1000000.00,4.444948,101.0625
08:00:30,91282CKN0,TSRYS5793018,D,S,T,2024-05-21,1000000.00,4.444948,101.0625
08:00:30,91282CKN0,TSRYS5793018,D,S,T,2024-05-21,1000000.00,4.444948,101.0625
08:00:30,91282CKN0,TSRYS5793018,D,S,T,2024-05-21,1000000.00,4.444948,101.0625
08:00:30,91282CKN0,TSRYS5793018,D,S,T,2024-05-21,1000000.00,4.444948,101.0625
08:00:30,91282CKN0,TSRYS5793018,D,S,T,2024-05-21,1000000.00,4.4397,101.09375
08:00:30,91282CKN0,TSRYS5793018,D,S,T,2024-05-21,2000000.00,4.440684,101.087890625
08:00:30,91282CKN0,TSRYS5793018,D,S,T,2024-05-21,1000000.00,4.437077,101.109375
08:00:30,91282CKN0,TSRYS5793018,D,S,T,2024-05-21,2000000.00,4.438716,101.099609375
08:00:30,91282CKN0,TSRYS5793018,D,S,T,2024-05-21,1000000.00,4.4397,101.09375
08:00:30,91282CKN0,TSRYS5793018,D,S,T,2024-05-21,1000000.00,4.442324,101.078125
08:00:30,91282CKN0,TSRYS5793018,D,S,T,2024-05-21,1000000.00,4.442324,101.078125
08:00:30,91282CKN0,TSRYS5793018,D,S,D,2024-05-21,1000000.00,4.441668,101.08203125
08:00:30,91282CKN0,TSRYS5793018,D,S,D,2024-05-21,1000000.00,4.441668,101.08203125
08:00:30,91282CKN0,TSRYS5793018,D,S,D,2024-05-21,1000000.00,4.441668,101.08203125
08:00:30,91282CKN0,TSRYS5793018,D,S,T,2024-05-21,1000000.00,4.442324,101.078125
08:00:30,91282CKN0,TSRYS5793018,D,S,T,2024-05-21,1000000.00,4.442324,101.078125
08:00:30,91282CKN0,TSRYS5793018,D,S,T,2024-05-21,1000000.00,4.442324,101.078125
08:00:30,91282CKN0,TSRYS5793018,D,S,T,2024-05-21,1000000.00,4.442324,101.078125
08:00:30,91282CKN0,TSRYS5793018,D,S,T,2024-05-21,1000000.00,4.442324,101.078125
08:00:30,91282CKN0,TSRYS5793018,D,S,T,2024-05-21,1000000.00,4.442324,101.078125
08:00:30,91282CKN0,TSRYS5793018,D,S,T,2024-05-21,1000000.00,4.438388,101.1015625
08:00:30,91282CKN0,TSRYS5793018,D,S,T,2024-05-21,1000000.00,4.437077,101.109375
08:00:30,91282CKN0,TSRYS5793018,D,S,T,2024-05-21,1000000.00,4.4397,101.09375
08:00:30,91282CKN0,TSRYS5793018,D,S,T,2024-05-21,1000000.00,4.4397,101.09375
08:00:30,91282CKN0,TSRYS5793018,D,S,T,2024-05-21,1000000.00,4.4397,101.09375
08:00:30,91282CKN0,TSRYS5793018,D,S,T,2024-05-21,1000000.00,4.4397,101.09375
08:00:30,91282CKN0,TSRYS5793018,D,S,T,2024-05-21,1000000.00,4.437077,101.109375
08:00:30,91282CKN0,TSRYS5793018,D,S,T,2024-05-21,1000000.00,4.434454,101.125
08:00:30,91282CKN0,TSRYS5793018,D,S,T,2024-05-21,1000000.00,4.431831,101.140625
08:00:30,91282CKN0,TSRYS5793018,D,S,T,2024-05-21,1000000.00,4.431831,101.140625
08:00:30,91282CKN0,TSRYS5793018,D,S,D,2024-05-21,1000000.00,4.432159,101.138671875
08:00:30,91282CKN0,TSRYS5793018,D,S,T,2024-05-21,2000000.00,4.431176,101.14453125
08:00:30,91282CKN0,TSRYS5793018,D,S,T,2024-05-21,1000000.00,4.431176,101.14453125
08:00:30,91282CKN0,TSRYS5793018,D,S,T,2024-05-21,1000000.00,4.431176,101.14453125
08:00:30,91282CKN0,TSRYS5793018,D,S,T,2024-05-21,1000000.00,4.431831,101.140625
08:00:30,91282CKN0,TSRYS5793018,D,S,D,2024-05-21,1000000.00,4.432159,101.138671875
08:00:30,91282CKN0,TSRYS5793018,D,S,T,2024-05-21,1000000.00,4.431831,101.140625
08:00:30,91282CKN0,TSRYS5793018,D,S,D,2024-05-21,1000000.00,4.432159,101.138671875
08:00:30,91282CKN0,TSRYS5793018,D,S,T,2024-05-21,1000000.00,4.431831,101.140625
08:00:30,91282CKN0,TSRYS5793018,D,S,T,2024-05-21,1000000.00,4.431831,101.140625
08:00:30,91282CKN0,TSRYS5793018,D,S,T,2024-05-21,1000000.00,4.431831,101.140625
08:00:30,91282CKN0,TSRYS5793018,D,S,T,2024-05-21,1000000.00,4.431831,101.140625
08:00:30,91282CKN0,TSRYS5793018,D,S,T,2024-05-21,1000000.00,4.431831,101.140625
08:00:30,91282CKN0,TSRYS5793018,D,S,T,2024-05-21,1000000.00,4.431831,101.140625
08:00:30,91282CKN0,TSRYS5793018,D,S,T,2024-05-21,1000000.00,4.431831,101.140625
08:00:30,91282CKN0,TSRYS5793018,D,S,T,2024-05-21,2000000.00,4.431831,101.140625
08:00:30,91282CKN0,TSRYS5793018,D,S,D,2024-05-21,1000000.00,4.430848,101.146484375
08:00:30,91282CKN0,TSRYS5793018,D,S,D,2024-05-21,1000000.00,4.430848,101.146484375
08:00:30,91282CKN0,TSRYS5793018,D,S,D,2024-05-21,1000000.00,4.430848,101.146484375
08:00:30,91282CKN0,TSRYS5793018,D,S,D,2024-05-21,1000000.00,4.430848,101.146484375
08:00:30,91282CKN0,TSRYS5793018,D,S,T,2024-05-21,1000000.00,4.431831,101.140625
08:00:30,91282CKN0,TSRYS5793018,D,S,T,2024-05-21,1000000.00,4.431831,101.140625
08:00:30,91282CKN0,TSRYS5793018,D,S,T,2024-05-21,1000000.00,4.429209,101.15625
08:00:30,91282CKN0,TSRYS5793018,D,S,T,2024-05-21,1000000.00,4.429209,101.15625
08:00:30,91282CKN0,TSRYS5793018,D,S,T,2024-05-21,2000000.00,4.431831,101.140625
08:00:30,91282CKN0,TSRYS5793018,D,S,T,2024-05-21,1000000.00,4.431831,101.140625
08:00:30,91282CKN0,TSRYS5793018,D,S,T,2024-05-21,1000000.00,4.431831,101.140625
08:00:30,91282CKN0,TSRYS5793018,D,S,T,2024-05-21,1000000.00,4.431831,101.140625
08:00:30,91282CKN0,TSRYS5793018,D,S,T,2024-05-21,1000000.00,4.431831,101.140625
08:00:30,91282CKN0,TSRYS5793018,D,S,T,2024-05-21,1000000.00,4.431831,101.140625
08:00:30,91282CKN0,TSRYS5793018,D,S,D,2024-05-21,2000000.00,4.430848,101.146484375
08:00:30,91282CKN0,TSRYS5793018,D,S,D,2024-05-21,1000000.00,4.430848,101.146484375
08:00:30,91282CKN0,TSRYS5793018,D,S,T,2024-05-21,2000000.00,4.431831,101.140625
08:00:30,91282CKN0,TSRYS5793018,D,S,T,2024-05-21,1000000.00,4.431831,101.140625
08:00:30,91282CKN0,TSRYS5793018,D,S,T,2024-05-21,1000000.00,4.431831,101.140625
08:00:30,91282CKN0,TSRYS5793018,D,S,D,2024-05-21,1000000.00,4.43347,101.130859375
08:00:30,91282CKN0,TSRYS5793018,D,S,T,2024-05-21,1000000.00,4.431831,101.140625
08:00:30,91282CKN0,TSRYS5793018,D,S,T,2024-05-21,1000000.00,4.431831,101.140625
08:00:30,91282CKN0,TSRYS5793018,D,S,T,2024-05-21,1000000.00,4.431831,101.140625
08:00:30,91282CKN0,TSRYS5793018,D,S,T,2024-05-21,1000000.00,4.431831,101.140625
08:00:30,91282CKN0,TSRYS5793018,D,S,T,2024-05-21,1000000.00,4.431831,101.140625
08:00:30,91282CKN0,TSRYS5793018,D,S,T,2024-05-21,2000000.00,4.431831,101.140625
08:00:30,91282CKN0,TSRYS5793018,D,S,T,2024-05-21,1000000.00,4.431831,101.140625
08:00:30,91282CKN0,TSRYS5793018,D,S,T,2024-05-21,2000000.00,4.43052,101.1484375
08:00:30,91282CKN0,TSRYS5793018,D,S,T,2024-05-21,1000000.00,4.431831,101.140625
08:00:30,91282CKN0,TSRYS5793018,D,S,T,2024-05-21,1000000.00,4.431831,101.140625
08:00:30,91282CKN0,TSRYS5793018,D,S,T,2024-05-21,1000000.00,4.431831,101.140625
08:00:30,91282CKN0,TSRYS5793018,D,S,T,2024-05-21,1000000.00,4.431831,101.140625
08:00:30,91282CKN0,TSRYS5793018,D,S,T,2024-05-21,1000000.00,4.431831,101.140625
08:00:30,91282CKN0,TSRYS5793018,D,S,T,2024-05-21,2000000.00,4.431831,101.140625
08:00:30,91282CKN0,TSRYS5793018,D,S,T,2024-05-21,2000000.00,4.429209,101.15625
08:00:30,91282CKN0,TSRYS5793018,D,S,T,2024-05-21,1000000.00,4.431176,101.14453125
08:00:30,91282CKN0,TSRYS5793018,D,S,T,2024-05-21,1000000.00,4.431176,101.14453125
08:00:30,91282CKN0,TSRYS5793018,D,S,T,2024-05-21,1000000.00,4.43052,101.1484375
08:00:30,91282CKN0,TSRYS5793018,D,S,T,2024-05-21,1000000.00,4.429209,101.15625
08:00:30,91282CKN0,TSRYS5793018,D,S,T,2024-05-21,1000000.00,4.429209,101.15625
08:00:30,91282CKN0,TSRYS5793018,D,S,T,2024-05-21,2000000.00,4.426588,101.171875
08:00:30,91282CKN0,TSRYS5793018,D,S,T,2024-05-21,1000000.00,4.423967,101.1875
08:00:30,91282CKN0,TSRYS5793018,D,S,T,2024-05-21,5000000.00,4.423967,101.1875
08:00:30,91282CKN0,TSRYS5793018,D,S,T,2024-05-21,4000000.00,4.423967,101.1875
08:00:30,91282CKN0,TSRYS5793018,D,S,T,2024-05-21,2000000.00,4.423967,101.1875
08:00:30,91282CKN0,TSRYS5793018,D,S,T,2024-05-21,1000000.00,4.423967,101.1875
08:00:30,91282CKN0,TSRYS5793018,D,S,T,2024-05-21,1000000.00,4.423967,101.1875
08:00:30,91282CKN0,TSRYS5793018,D,S,T,2024-05-21,2000000.00,4.424622,101.18359375
08:00:30,91282CKN0,TSRYS5793018,D,S,T,2024-05-21,1000000.00,4.424622,101.18359375
08:00:30,91282CKN0,TSRYS5793018,D,S,T,2024-05-21,1000000.00,4.424622,101.18359375
08:00:30,91282CKN0,TSRYS5793018,D,S,T,2024-05-21,1000000.00,4.424622,101.18359375
08:00:30,91282CKN0,TSRYS5793018,D,S,D,2024-05-21,1000000.00,4.446917,101.05078125
08:00:30,91282CKN0,TSRYS5793018,D,S,D,2024-05-21,1000000.00,4.446589,101.052734375
08:00:30,91282CKN0,TSRYS5793018,D,S,D,2024-05-21,2000000.00,4.446589,101.052734375
08:00:30,91282CKN0,TSRYS5793018,D,S,D,2024-05-21,1000000.00,4.437732,101.10546875
08:00:30,91282CKN0,TSRYS5793018,D,S,D,2024-05-21,2000000.00,4.437405,101.107421875
08:00:30,91282CKN0,TSRYS5793018,D,S,D,2024-05-21,1000000.00,4.447901,101.044921875
08:00:30,91282CKN0,TSRYS5793018,D,S,D,2024-05-21,1000000.00,4.447901,101.044921875
08:00:30,91282CKN0,TSRYS5793018,D,S,D,2024-05-21,1000000.00,4.44987,101.033203125
08:00:30,91282CKN0,TSRYS5793018,D,S,D,2024-05-21,1000000.00,4.447901,101.044921875
08:00:30,91282CKN0,TSRYS5793018,D,S,D,2024-05-21,1000000.00,4.44134,101.083984375
08:00:30,91282CKN0,TSRYS5793018,D,S,D,2024-05-21,1000000.00,4.443308,101.072265625
08:00:30,91282CKN0,TSRYS5793018,D,S,T,2024-05-21,1000000.00,4.448229,101.04296875
08:00:30,91282CKN0,TSRYS5793018,D,S,T,2024-05-21,1000000.00,4.448229,101.04296875
08:00:30,91282CKN0,TSRYS5793018,D,S,T,2024-05-21,1000000.00,4.446917,101.05078125
08:00:30,91282CKN0,TSRYS5793018,D,S,T,2024-05-21,1000000.00,4.446917,101.05078125
08:00:30,91282CKN0,TSRYS5793018,D,S,T,2024-05-21,1000000.00,4.45545,101.0
08:00:30,91282CKN0,TSRYS5793018,D,S,T,2024-05-21,1000000.00,4.454465,101.005859375
08:00:30,91282CKN0,TSRYS5793018,D,S,T,2024-05-21,1000000.00,4.456763,100.9921875
08:00:30,91282CKN0,TSRYS5793018,D,S,T,2024-05-21,1000000.00,4.452167,101.01953125
08:00:30,91282CKN0,TSRYS5793018,D,S,T,2024-05-21,1000000.00,4.447901,101.044921875
08:00:30,91282CKN0,TSRYS5793018,D,S,T,2024-05-21,1000000.00,4.448229,101.04296875
08:00:30,91282CKN0,TSRYS5793018,D,S,T,2024-05-21,1000000.00,4.445276,101.060546875
08:00:30,91282CKN0,TSRYS5793018,D,S,D,2024-05-21,2000000.00,4.446589,101.052734375
08:00:30,91282CKN0,TSRYS5793018,D,S,D,2024-05-21,2000000.00,4.446589,101.052734375
08:00:30,91282CKN0,TSRYS5793018,D,S,D,2024-05-21,1000000.00,4.444292,101.06640625
08:00:30,91282CKN0,TSRYS5793018,D,S,D,2024-05-21,1000000.00,4.444292,101.06640625
08:00:30,91282CKN0,TSRYS5793018,D,S,D,2024-05-21,1000000.00,4.441668,101.08203125
08:00:30,91282CKN0,TSRYS5793018,D,S,D,2024-05-21,1000000.00,4.441668,101.08203125
08:00:30,91282CKN0,TSRYS5793018,D,S,D,2024-05-21,1000000.00,4.441668,101.08203125
08:00:30,91282CKN0,TSRYS5793018,D,S,D,2024-05-21,1000000.00,4.441668,101.08203125
08:00:30,91282CKN0,TSRYS5793018,D,S,D,2024-05-21,1000000.00,4.441668,101.08203125
08:00:30,91282CKN0,TSRYS5793018,D,S,D,2024-05-21,1000000.00,4.441668,101.08203125
08:00:30,91282CKN0,TSRYS5793018,D,S,D,2024-05-21,2000000.00,4.437405,101.107421875
08:00:30,91282CKN0,TSRYS5793018,D,S,D,2024-05-21,2000000.00,4.437077,101.109375
08:00:30,91282CKN0,TSRYS5793018,D,S,D,2024-05-21,1000000.00,4.439372,101.095703125
08:00:30,91282CKN0,TSRYS5793018,D,S,D,2024-05-21,1000000.00,4.432159,101.138671875
08:00:30,91282CKN0,TSRYS5793018,D,S,D,2024-05-21,1000000.00,4.432159,101.138671875
08:00:30,91282CKN0,TSRYS5793018,D,S,D,2024-05-21,1000000.00,4.432159,101.138671875
08:00:30,91282CKN0,TSRYS5793018,D,S,D,2024-05-21,2000000.00,4.430848,101.146484375
08:00:30,91282CKN0,TSRYS5793018,D,S,D,2024-05-21,1000000.00,4.430848,101.146484375
08:00:30,91282CKN0,TSRYS5793018,D,S,D,2024-05-21,1000000.00,4.430848,101.146484375
08:00:30,91282CKN0,TSRYS5793018,D,S,D,2024-05-21,1000000.00,4.430848,101.146484375
08:00:30,91282CKN0,TSRYS5793018,D,S,D,2024-05-21,1000000.00,4.430848,101.146484375
08:00:30,91282CKN0,TSRYS5793018,D,S,D,2024-05-21,1000000.00,4.430848,101.146484375
08:00:30,91282CKN0,TSRYS5793018,D,S,D,2024-05-21,2000000.00,4.430848,101.146484375
08:00:30,91282CKN0,TSRYS5793018,D,S,D,2024-05-21,1000000.00,4.430848,101.146484375
08:00:30,91282CKN0,TSRYS5793018,D,S,D,2024-05-21,1000000.00,4.43347,101.130859375
08:00:30,91282CKN0,TSRYS5793018,D,S,T,2024-05-21,1000000.00,4.430848,101.146484375
08:00:30,91282CKN0,TSRYS5793018,D,S,T,2024-05-21,1000000.00,4.43052,101.1484375
08:00:30,91282CKN0,TSRYS5793018,D,S,T,2024-05-21,1000000.00,4.430193,101.150390625
08:00:30,91282CKN0,TSRYS5793018,D,S,T,2024-05-21,1000000.00,4.43052,101.1484375
08:00:30,91282CKN0,TSRYS5793018,D,S,T,2024-05-21,1000000.00,4.43052,101.1484375
08:00:30,91282CKN0,TSRYS5793018,D,S,T,2024-05-21,1000000.00,4.43052,101.1484375
08:00:30,91282CKN0,TSRYS5793018,D,S,D,2024-05-21,1000000.00,4.426916,101.169921875
08:00:30,91282CKN0,TSRYS5793018,D,S,D,2024-05-21,1000000.00,4.425933,101.17578125
08:00:33,91282CKN0,TSRYS5793018,D,S,T,2024-05-21,1000000.00,4.452824,101.015625
08:00:33,91282CKN0,TSRYS5793018,D,S,T,2024-05-21,1000000.00,4.450198,101.03125
08:00:33,91282CKN0,TSRYS5793018,D,S,T,2024-05-21,1000000.00,4.450198,101.03125
08:00:33,91282CKN0,TSRYS5793018,D,S,T,2024-05-21,1000000.00,4.450198,101.03125
08:00:33,91282CKN0,TSRYS5793018,D,S,T,2024-05-21,1000000.00,4.450198,101.03125
08:00:33,91282CKN0,TSRYS5793018,D,S,T,2024-05-21,1000000.00,4.450198,101.03125
08:00:33,91282CKN0,TSRYS5793018,D,S,T,2024-05-21,2000000.00,4.444948,101.0625
08:00:33,91282CKN0,TSRYS5793018,D,S,A,2024-05-21,30000000.00,4.440356,101.08984375
08:00:34,91282CKN0,TSRYS5793018,D,S,A,2024-05-21,2000000.00,4.440684,101.087890625
08:00:34,91282CKN0,TSRYS5793018,D,S,A,2024-05-21,2000000.00,4.440356,101.08984375
08:00:34,91282CKN0,TSRYS5793018,D,S,A,2024-05-21,2000000.00,4.440684,101.087890625
08:00:34,91282CKN0,TSRYS5793018,D,S,A,2024-05-21,1000000.00,4.440356,101.08984375
08:00:34,91282CKN0,TSRYS5793018,D,S,A,2024-05-21,1000000.00,4.440356,101.08984375
08:00:34,91282CKN0,TSRYS5793018,D,S,A,2024-05-21,1000000.00,4.440356,101.08984375
08:00:34,91282CKN0,TSRYS5793018,D,S,A,2024-05-21,1000000.00,4.440356,101.08984375
08:00:34,91282CKN0,TSRYS5793018,D,S,T,2024-05-21,1000000.00,4.449542,101.03515625
08:00:34,91282CKN0,TSRYS5793018,D,S,T,2024-05-21,1000000.00,4.426588,101.171875
08:00:34,91282CKN0,TSRYS5793018,D,B,C,2024-05-21,2136000.00,4.423967,101.1875
08:00:38,91282CKN0,TSRYS5793018,D,S,T,2024-05-21,1000000.00,4.431831,101.140625
08:00:38,91282CKN0,TSRYS5793018,D,S,T,2024-05-21,1000000.00,4.431831,101.140625
08:00:38,91282CKN0,TSRYS5793018,D,S,T,2024-05-21,1000000.00,4.431831,101.140625
08:00:38,91282CKN0,TSRYS5793018,D,S,T,2024-05-21,2000000.00,4.431831,101.140625
08:00:38,91282CKN0,TSRYS5793018,D,S,T,2024-05-21,1000000.00,4.431831,101.140625
08:00:40,91282CKN0,TSRYS5793018,D,S,T,2024-05-21,1000000.00,4.425622,101.177634375
08:00:41,91282CKN0,TSRYS5793018,D,S,D,2024-05-21,1000000.00,4.442324,101.078125
08:00:41,91282CKN0,TSRYS5793018,D,S,D,2024-05-21,1000000.00,4.442324,101.078125
08:00:41,91282CKN0,TSRYS5793018,D,S,T,2024-05-21,1000000.00,4.452824,101.015625
08:00:41,91282CKN0,TSRYS5793018,D,S,T,2024-05-21,1000000.00,4.452824,101.015625
08:00:41,91282CKN0,TSRYS5793018,D,S,T,2024-05-21,1000000.00,4.444948,101.0625
08:00:41,91282CKN0,TSRYS5793018,D,S,T,2024-05-21,1000000.00,4.444948,101.0625
08:00:41,91282CKN0,TSRYS5793018,D,S,T,2024-05-21,1000000.00,4.447573,101.046875
08:00:41,91282CKN0,TSRYS5793018,D,S,T,2024-05-21,1000000.00,4.447573,101.046875
08:00:41,91282CKN0,TSRYS5793018,D,S,T,2024-05-21,1000000.00,4.444948,101.0625
08:00:41,91282CKN0,TSRYS5793018,D,S,T,2024-05-21,1000000.00,4.444948,101.0625
08:00:41,91282CKN0,TSRYS5793018,D,S,T,2024-05-21,1000000.00,4.444948,101.0625
08:00:41,91282CKN0,TSRYS5793018,D,S,T,2024-05-21,1000000.00,4.444948,101.0625
08:00:41,91282CKN0,TSRYS5793018,D,S,T,2024-05-21,1000000.00,4.444948,101.0625
08:00:41,91282CKN0,TSRYS5793018,D,S,T,2024-05-21,1000000.00,4.444948,101.0625
08:00:41,91282CKN0,TSRYS5793018,D,S,T,2024-05-21,1000000.00,4.444948,101.0625
08:00:41,91282CKN0,TSRYS5793018,D,S,T,2024-05-21,1000000.00,4.444948,101.0625
08:00:41,91282CKN0,TSRYS5793018,D,S,T,2024-05-21,1000000.00,4.444948,101.0625
08:00:41,91282CKN0,TSRYS5793018,D,S,T,2024-05-21,1000000.00,4.4397,101.09375
08:00:41,91282CKN0,TSRYS5793018,D,S,T,2024-05-21,1000000.00,4.4397,101.09375
08:00:41,91282CKN0,TSRYS5793018,D,S,T,2024-05-21,1000000.00,4.434454,101.125
08:00:41,91282CKN0,TSRYS5793018,D,S,T,2024-05-21,1000000.00,4.431831,101.140625
08:00:41,91282CKN0,TSRYS5793018,D,S,T,2024-05-21,1000000.00,4.431831,101.140625
08:00:41,91282CKN0,TSRYS5793018,D,S,T,2024-05-21,1000000.00,4.431831,101.140625
08:00:41,91282CKN0,TSRYS5793018,D,S,T,2024-05-21,1000000.00,4.431831,101.140625
08:00:41,91282CKN0,TSRYS5793018,D,S,T,2024-05-21,1000000.00,4.431831,101.140625
08:00:41,91282CKN0,TSRYS5793018,D,S,T,2024-05-21,1000000.00,4.431831,101.140625
08:00:41,91282CKN0,TSRYS5793018,D,S,T,2024-05-21,1000000.00,4.431831,101.140625
08:00:41,91282CKN0,TSRYS5793018,D,S,T,2024-05-21,1000000.00,4.431831,101.140625
08:00:41,91282CKN0,TSRYS5793018,D,S,T,2024-05-21,2000000.00,4.431831,101.140625
08:00:41,91282CKN0,TSRYS5793018,D,S,T,2024-05-21,1000000.00,4.431831,101.140625
08:00:41,91282CKN0,TSRYS5793018,D,S,T,2024-05-21,1000000.00,4.431831,101.140625
08:00:41,91282CKN0,TSRYS5793018,D,S,T,2024-05-21,1000000.00,4.452167,101.01953125
08:00:41,91282CKN0,TSRYS5793018,D,S,T,2024-05-21,1000000.00,4.452824,101.015625
08:00:41,91282CKN0,TSRYS5793018,D,S,T,2024-05-21,1000000.00,4.449542,101.03515625
08:00:41,91282CKN0,TSRYS5793018,D,S,T,2024-05-21,1000000.00,4.447573,101.046875
08:00:41,91282CKN0,TSRYS5793018,D,S,T,2024-05-21,1000000.00,4.448229,101.04296875
08:00:41,91282CKN0,TSRYS5793018,D,S,T,2024-05-21,1000000.00,4.448229,101.04296875
08:00:41,91282CKN0,TSRYS5793018,D,S,T,2024-05-21,1000000.00,4.448229,101.04296875
08:00:41,91282CKN0,TSRYS5793018,D,S,T,2024-05-21,1000000.00,4.447573,101.046875
08:00:41,91282CKN0,TSRYS5793018,D,S,T,2024-05-21,1000000.00,4.447573,101.046875
08:00:41,91282CKN0,TSRYS5793018,D,S,T,2024-05-21,1000000.00,4.446917,101.05078125
08:00:41,91282CKN0,TSRYS5793018,D,S,T,2024-05-21,1000000.00,4.446917,101.05078125
08:00:41,91282CKN0,TSRYS5793018,D,S,T,2024-05-21,1000000.00,4.446917,101.05078125
08:00:41,91282CKN0,TSRYS5793018,D,S,T,2024-05-21,1000000.00,4.446917,101.05078125
08:00:41,91282CKN0,TSRYS5793018,D,S,T,2024-05-21,1000000.00,4.444948,101.0625
08:00:41,91282CKN0,TSRYS5793018,D,S,T,2024-05-21,1000000.00,4.444292,101.06640625
08:00:41,91282CKN0,TSRYS5793018,D,S,T,2024-05-21,1000000.00,4.444292,101.06640625
08:00:41,91282CKN0,TSRYS5793018,D,S,T,2024-05-21,1000000.00,4.444292,101.06640625
08:00:41,91282CKN0,TSRYS5793018,D,S,T,2024-05-21,1000000.00,4.444292,101.06640625
08:00:41,91282CKN0,TSRYS5793018,D,S,T,2024-05-21,1000000.00,4.444292,101.06640625
08:00:41,91282CKN0,TSRYS5793018,D,S,T,2024-05-21,1000000.00,4.444292,101.06640625
08:00:41,91282CKN0,TSRYS5793018,D,S,T,2024-05-21,1000000.00,4.43806,101.103515625
08:00:41,91282CKN0,TSRYS5793018,D,S,T,2024-05-21,1000000.00,4.441012,101.0859375
08:00:41,91282CKN0,TSRYS5793018,D,S,T,2024-05-21,1000000.00,4.441012,101.0859375
08:00:41,91282CKN0,TSRYS5793018,D,S,T,2024-05-21,1000000.00,4.4397,101.09375
08:00:41,91282CKN0,TSRYS5793018,D,S,T,2024-05-21,1000000.00,4.439044,101.09765625
08:00:41,91282CKN0,TSRYS5793018,D,S,T,2024-05-21,1000000.00,4.439044,101.09765625
08:00:41,91282CKN0,TSRYS5793018,D,S,T,2024-05-21,1000000.00,4.433142,101.1328125
08:00:41,91282CKN0,TSRYS5793018,D,S,T,2024-05-21,1000000.00,4.431504,101.142578125
08:00:41,91282CKN0,TSRYS5793018,D,S,T,2024-05-21,1000000.00,4.431176,101.14453125
08:00:41,91282CKN0,TSRYS5793018,D,S,T,2024-05-21,1000000.00,4.431176,101.14453125
08:00:41,91282CKN0,TSRYS5793018,D,S,T,2024-05-21,2000000.00,4.43052,101.1484375
08:00:41,91282CKN0,TSRYS5793018,D,S,T,2024-05-21,1000000.00,4.43052,101.1484375
08:00:41,91282CKN0,TSRYS5793018,D,S,T,2024-05-21,1000000.00,4.424622,101.18359375
08:00:41,91282CKN0,TSRYS5793018,D,S,T,2024-05-21,1000000.00,4.426588,101.171875
08:00:42,91282CKN0,TSRYS5793018,D,S,T,2024-05-21,1000000.00,4.431831,101.140625
08:00:42,91282CKN0,TSRYS5793018,D,S,T,2024-05-21,1000000.00,4.431831,101.140625
08:00:43,91282CKN0,TSRYS5793018,D,S,T,2024-05-21,1000000.00,4.431831,101.140625
08:00:44,91282CKN0,TSRYS5793018,D,S,D,2024-05-21,1000000.00,4.450198,101.03125
08:00:45,91282CKN0,TSRYS5793018,D,S,A,2024-05-21,385000.00,4.44298,101.07421875
08:00:48,91282CKN0,TSRYS5793018,D,S,T,2024-05-21,1000000.00,4.431831,101.140625
08:00:48,91282CKN0,TSRYS5793018,D,S,T,2024-05-21,1000000.00,4.431831,101.140625
08:00:48,91282CKN0,TSRYS5793018,D,S,A,2024-05-21,180000.00,4.431176,101.14453125
08:00:48,91282CKN0,TSRYS5793018,D,S,D,2024-05-21,2000000.00,4.431831,101.140625
08:00:49,91282CKN0,TSRYS5793018,D,S,D,2024-05-21,8000000.00,4.424622,101.18359375
08:00:50,91282CKN0,TSRYS5793018,D,S,D,2024-05-21,3000000.00,4.431831,101.140625
08:00:50,91282CKN0,TSRYS5793018,D,S,D,2024-05-21,1000000.00,4.431831,101.140625
08:00:50,91282CKN0,TSRYS5793018,D,S,D,2024-05-21,1000000.00,4.431831,101.140625
08:00:50,91282CKN0,TSRYS5793018,D,S,D,2024-05-21,2000000.00,4.431831,101.140625
08:00:50,91282CKN0,TSRYS5793018,D,S,D,2024-05-21,2000000.00,4.431831,101.140625
08:00:53,91282CKN0,TSRYS5793018,D,S,D,2024-05-21,1000000.00,4.43052,101.1484375
08:00:54,91282CKN0,TSRYS5793018,D,S,D,2024-05-21,1000000.00,4.426588,101.171875
08:00:54,91282CKN0,TSRYS5793018,D,S,D,2024-05-21,1000000.00,4.426588,101.171875
08:00:58,91282CKN0,TSRYS5793018,D,S,T,2024-05-21,1000000.00,4.429209,101.15625
08:01:00,91282CKN0,TSRYS5793018,D,B,A,2024-05-21,192000.00,4.427899,101.1640625
08:01:03,91282CKN0,TSRYS5793018,D,B,A,2024-05-21,1000000.00,4.431831,101.140625
08:01:04,91282CKN0,TSRYS5793018,D,S,A,2024-05-21,1000000.00,4.439044,101.09765625
08:01:05,91282CKN0,TSRYS5793018,D,B,C,2024-05-21,1000000.00,4.452496,101.017578125
08:01:05,91282CKN0,TSRYS5793018,D,S,D,2024-05-21,1000000.00,4.446917,101.05078125
08:01:05,91282CKN0,TSRYS5793018,D,S,C,2024-05-21,1000000.00,4.452824,101.015625
08:01:05,91282CKN0,TSRYS5793018,D,B,C,2024-05-21,1000000.00,4.452824,101.015625
08:01:05,91282CKN0,TSRYS5793018,D,S,C,2024-05-21,1000000.00,4.452496,101.017578125
08:01:05,91282CKN0,TSRYS5793018,D,B,C,2024-05-21,1000000.00,4.446589,101.052734375
08:01:05,91282CKN0,TSRYS5793018,D,B,C,2024-05-21,1000000.00,4.446589,101.052734375
08:01:05,91282CKN0,TSRYS5793018,D,S,D,2024-05-21,1000000.00,4.446589,101.052734375
08:01:05,91282CKN0,TSRYS5793018,D,S,D,2024-05-21,1000000.00,4.446589,101.052734375
08:01:06,91282CKN0,TSRYS5793018,D,S,C,2024-05-21,1000000.00,4.446589,101.052734375
08:01:06,91282CKN0,TSRYS5793018,D,S,C,2024-05-21,1000000.00,4.451511,101.0234375
08:01:06,91282CKN0,TSRYS5793018,D,B,C,2024-05-21,1000000.00,4.451511,101.0234375
08:01:06,91282CKN0,TSRYS5793018,D,B,C,2024-05-21,1000000.00,4.451511,101.0234375
08:01:06,91282CKN0,TSRYS5793018,D,S,C,2024-05-21,1000000.00,4.451511,101.0234375
08:01:06,91282CKN0,TSRYS5793018,D,B,C,2024-05-21,1000000.00,4.451511,101.0234375
08:01:06,91282CKN0,TSRYS5793018,D,S,C,2024-05-21,1000000.00,4.451511,101.0234375
08:01:06,91282CKN0,TSRYS5793018,D,B,C,2024-05-21,2000000.00,4.431176,101.14453125
08:01:07,91282CKN0,TSRYS5793018,D,S,D,2024-05-21,1000000.00,4.450526,101.029296875
08:01:07,91282CKN0,TSRYS5793018,D,B,C,2024-05-21,1000000.00,4.450526,101.029296875
08:01:07,91282CKN0,TSRYS5793018,D,B,C,2024-05-21,1000000.00,4.455122,101.001953125
08:01:07,91282CKN0,TSRYS5793018,D,S,C,2024-05-21,1000000.00,4.455122,101.001953125
08:01:07,91282CKN0,TSRYS5793018,D,B,C,2024-05-21,1000000.00,4.455122,101.001953125
08:01:07,91282CKN0,TSRYS5793018,D,S,C,2024-05-21,1000000.00,4.455122,101.001953125
08:01:07,91282CKN0,TSRYS5793018,D,B,C,2024-05-21,1000000.00,4.451511,101.0234375
08:01:07,91282CKN0,TSRYS5793018,D,S,C,2024-05-21,1000000.00,4.451511,101.0234375
08:01:07,91282CKN0,TSRYS5793018,D,B,C,2024-05-21,1000000.00,4.451183,101.025390625
08:01:07,91282CKN0,TSRYS5793018,D,S,C,2024-05-21,1000000.00,4.451183,101.025390625
08:01:07,91282CKN0,TSRYS5793018,D,S,C,2024-05-21,1000000.00,4.450198,101.03125
08:01:08,91282CKN0,TSRYS5793018,D,S,C,2024-05-21,2000000.00,4.449214,101.037109375
08:01:08,91282CKN0,TSRYS5793018,D,B,C,2024-05-21,1000000.00,4.44987,101.033203125
08:01:08,91282CKN0,TSRYS5793018,D,S,C,2024-05-21,1000000.00,4.44987,101.033203125
08:01:08,91282CKN0,TSRYS5793018,D,B,C,2024-05-21,1000000.00,4.448229,101.04296875
08:01:08,91282CKN0,TSRYS5793018,D,B,C,2024-05-21,1000000.00,4.448229,101.04296875
08:01:08,91282CKN0,TSRYS5793018,D,S,C,2024-05-21,1000000.00,4.448229,101.04296875
08:01:08,91282CKN0,TSRYS5793018,D,S,C,2024-05-21,1000000.00,4.448229,101.04296875
08:01:08,91282CKN0,TSRYS5793018,D,B,C,2024-05-21,1000000.00,4.448229,101.04296875
08:01:08,91282CKN0,TSRYS5793018,D,S,C,2024-05-21,1000000.00,4.448229,101.04296875
08:01:08,91282CKN0,TSRYS5793018,D,B,C,2024-05-21,1000000.00,4.448885,101.0390625
08:01:08,91282CKN0,TSRYS5793018,D,B,C,2024-05-21,1000000.00,4.448885,101.0390625
08:01:08,91282CKN0,TSRYS5793018,D,S,C,2024-05-21,1000000.00,4.448885,101.0390625
08:01:08,91282CKN0,TSRYS5793018,D,S,C,2024-05-21,1000000.00,4.448885,101.0390625
08:01:08,91282CKN0,TSRYS5793018,D,B,C,2024-05-21,1000000.00,4.447573,101.046875
08:01:08,91282CKN0,TSRYS5793018,D,S,C,2024-05-21,1000000.00,4.447573,101.046875
08:01:08,91282CKN0,TSRYS5793018,D,S,C,2024-05-21,1000000.00,4.446917,101.05078125
08:01:08,91282CKN0,TSRYS5793018,D,B,C,2024-05-21,1000000.00,4.447901,101.044921875
08:01:08,91282CKN0,TSRYS5793018,D,S,C,2024-05-21,1000000.00,4.447901,101.044921875
08:01:08,91282CKN0,TSRYS5793018,D,S,C,2024-05-21,1000000.00,4.447901,101.044921875
08:01:08,91282CKN0,TSRYS5793018,D,B,C,2024-05-21,1000000.00,4.447901,101.044921875
08:01:08,91282CKN0,TSRYS5793018,D,B,C,2024-05-21,1000000.00,4.447901,101.044921875
08:01:08,91282CKN0,TSRYS5793018,D,S,C,2024-05-21,1000000.00,4.447901,101.044921875
08:01:08,91282CKN0,TSRYS5793018,D,S,C,2024-05-21,1000000.00,4.447901,101.044921875
08:01:08,91282CKN0,TSRYS5793018,D,B,C,2024-05-21,1000000.00,4.447901,101.044921875
08:01:08,91282CKN0,TSRYS5793018,D,B,C,2024-05-21,1000000.00,4.447901,101.044921875
08:01:08,91282CKN0,TSRYS5793018,D,S,C,2024-05-21,1000000.00,4.447901,101.044921875
08:01:08,91282CKN0,TSRYS5793018,D,B,C,2024-05-21,1000000.00,4.445604,101.05859375
08:01:08,91282CKN0,TSRYS5793018,D,S,C,2024-05-21,1000000.00,4.445604,101.05859375
08:01:08,91282CKN0,TSRYS5793018,D,B,C,2024-05-21,1000000.00,4.445604,101.05859375
08:01:08,91282CKN0,TSRYS5793018,D,S,C,2024-05-21,1000000.00,4.445604,101.05859375
08:01:10,91282CKN0,TSRYS5793018,D,S,C,2024-05-21,1000000.00,4.444292,101.06640625
08:01:10,91282CKN0,TSRYS5793018,D,S,D,2024-05-21,1000000.00,4.444292,101.06640625
08:01:10,91282CKN0,TSRYS5793018,D,S,C,2024-05-21,1000000.00,4.440356,101.08984375
08:01:10,91282CKN0,TSRYS5793018,D,B,C,2024-05-21,1000000.00,4.437077,101.109375
08:01:10,91282CKN0,TSRYS5793018,D,S,D,2024-05-21,1000000.00,4.437077,101.109375
08:01:11,91282CKN0,TSRYS5793018,D,S,C,2024-05-21,1000000.00,4.440684,101.087890625
08:01:11,91282CKN0,TSRYS5793018,D,B,C,2024-05-21,1000000.00,4.440684,101.087890625
08:01:11,91282CKN0,TSRYS5793018,D,B,C,2024-05-21,1000000.00,4.441668,101.08203125
08:01:11,91282CKN0,TSRYS5793018,D,S,D,2024-05-21,1000000.00,4.441668,101.08203125
08:01:11,91282CKN0,TSRYS5793018,D,S,D,2024-05-21,1000000.00,4.441668,101.08203125
08:01:11,91282CKN0,TSRYS5793018,D,S,D,2024-05-21,1000000.00,4.442324,101.078125
08:01:11,91282CKN0,TSRYS5793018,D,S,D,2024-05-21,1000000.00,4.442324,101.078125
08:01:11,91282CKN0,TSRYS5793018,D,S,D,2024-05-21,10000000.00,4.446734,101.0518672
08:01:11,91282CKN0,TSRYS5793018,D,B,C,2024-05-21,1000000.00,4.442324,101.078125
08:01:11,91282CKN0,TSRYS5793018,D,S,D,2024-05-21,1000000.00,4.442324,101.078125
08:01:11,91282CKN0,TSRYS5793018,D,S,C,2024-05-21,1000000.00,4.44134,101.083984375
08:01:11,91282CKN0,TSRYS5793018,D,S,C,2024-05-21,1000000.00,4.441996,101.080078125
08:01:11,91282CKN0,TSRYS5793018,D,B,C,2024-05-21,1000000.00,4.44134,101.083984375
08:01:11,91282CKN0,TSRYS5793018,D,B,C,2024-05-21,1000000.00,4.441996,101.080078125
08:01:11,91282CKN0,TSRYS5793018,D,S,C,2024-05-21,1000000.00,4.439372,101.095703125
08:01:11,91282CKN0,TSRYS5793018,D,B,C,2024-05-21,1000000.00,4.439372,101.095703125
08:01:11,91282CKN0,TSRYS5793018,D,B,C,2024-05-21,1000000.00,4.437732,101.10546875
08:01:11,91282CKN0,TSRYS5793018,D,S,D,2024-05-21,1000000.00,4.437732,101.10546875
08:01:11,91282CKN0,TSRYS5793018,D,S,D,2024-05-21,1000000.00,4.439372,101.095703125
08:01:11,91282CKN0,TSRYS5793018,D,B,C,2024-05-21,1000000.00,4.439372,101.095703125
08:01:11,91282CKN0,TSRYS5793018,D,S,C,2024-05-21,1000000.00,4.4397,101.09375
08:01:12,91282CKN0,TSRYS5793018,D,S,D,2024-05-21,1000000.00,4.434454,101.125
08:01:12,91282CKN0,TSRYS5793018,D,B,C,2024-05-21,1000000.00,4.434454,101.125
08:01:12,91282CKN0,TSRYS5793018,D,S,C,2024-05-21,2450000.00,4.431913,101.140625
08:01:12,91282CKN0,TSRYS5793018,D,B,A,2024-05-21,10000000.00,4.431831,101.140625
08:01:12,91282CKN0,TSRYS5793018,D,S,D,2024-05-21,10000000.00,4.431831,101.140625
08:01:12,91282CKN0,TSRYS5793018,D,S,D,2024-05-21,3000000.00,4.431831,101.140625
08:01:12,91282CKN0,TSRYS5793018,D,S,D,2024-05-21,1000000.00,4.431831,101.140625
08:01:12,91282CKN0,TSRYS5793018,D,S,D,2024-05-21,1000000.00,4.431831,101.140625
08:01:12,91282CKN0,TSRYS5793018,D,S,D,2024-05-21,2000000.00,4.431831,101.140625
08:01:12,91282CKN0,TSRYS5793018,D,S,D,2024-05-21,2000000.00,4.431831,101.140625
08:01:12,91282CKN0,TSRYS5793018,D,S,C,2024-05-21,1000000.00,4.433142,101.1328125
08:01:12,91282CKN0,TSRYS5793018,D,S,C,2024-05-21,1000000.00,4.432159,101.138671875
08:01:12,91282CKN0,TSRYS5793018,D,S,C,2024-05-21,1000000.00,4.432159,101.138671875
08:01:12,91282CKN0,TSRYS5793018,D,S,D,2024-05-21,1000000.00,4.432159,101.138671875
08:01:12,91282CKN0,TSRYS5793018,D,B,C,2024-05-21,1000000.00,4.432159,101.138671875
08:01:12,91282CKN0,TSRYS5793018,D,B,C,2024-05-21,1000000.00,4.431831,101.140625
08:01:12,91282CKN0,TSRYS5793018,D,S,C,2024-05-21,1000000.00,4.431831,101.140625
08:01:12,91282CKN0,TSRYS5793018,D,B,C,2024-05-21,1000000.00,4.431831,101.140625
08:01:12,91282CKN0,TSRYS5793018,D,S,C,2024-05-21,1000000.00,4.431831,101.140625
08:01:13,91282CKN0,TSRYS5793018,D,S,C,2024-05-21,2000000.00,4.43052,101.1484375
08:01:13,91282CKN0,TSRYS5793018,D,S,C,2024-05-21,2000000.00,4.43052,101.1484375
08:01:13,91282CKN0,TSRYS5793018,D,S,C,2024-05-21,2000000.00,4.431176,101.14453125
08:01:13,91282CKN0,TSRYS5793018,D,S,D,2024-05-21,1000000.00,4.430848,101.146484375
08:01:13,91282CKN0,TSRYS5793018,D,S,D,2024-05-21,1000000.00,4.430848,101.146484375
08:01:13,91282CKN0,TSRYS5793018,D,S,D,2024-05-21,1000000.00,4.430848,101.146484375
08:01:13,91282CKN0,TSRYS5793018,D,B,C,2024-05-21,1000000.00,4.430848,101.146484375
08:01:13,91282CKN0,TSRYS5793018,D,S,D,2024-05-21,1000000.00,4.430848,101.146484375
08:01:13,91282CKN0,TSRYS5793018,D,S,C,2024-05-21,1000000.00,4.432159,101.138671875
08:01:13,91282CKN0,TSRYS5793018,D,B,C,2024-05-21,1000000.00,4.432159,101.138671875
08:01:13,91282CKN0,TSRYS5793018,D,S,D,2024-05-21,1000000.00,4.430848,101.146484375
08:01:13,91282CKN0,TSRYS5793018,D,B,C,2024-05-21,1000000.00,4.430848,101.146484375
08:01:13,91282CKN0,TSRYS5793018,D,S,D,2024-05-21,1000000.00,4.430848,101.146484375
08:01:13,91282CKN0,TSRYS5793018,D,B,C,2024-05-21,1000000.00,4.430848,101.146484375
08:01:13,91282CKN0,TSRYS5793018,D,S,C,2024-05-21,1000000.00,4.432159,101.138671875
08:01:14,91282CKN0,TSRYS5793018,D,S,D,2024-05-21,1000000.00,4.43052,101.1484375
08:01:14,91282CKN0,TSRYS5793018,D,B,C,2024-05-21,1000000.00,4.43052,101.1484375
08:01:14,91282CKN0,TSRYS5793018,D,S,T,2024-05-21,1000000.00,4.426588,101.171875
08:01:14,91282CKN0,TSRYS5793018,D,S,D,2024-05-21,1000000.00,4.426916,101.169921875
08:01:14,91282CKN0,TSRYS5793018,D,S,D,2024-05-21,1000000.00,4.426588,101.171875
08:01:14,91282CKN0,TSRYS5793018,D,S,D,2024-05-21,1000000.00,4.426588,101.171875
08:01:14,91282CKN0,TSRYS5793018,D,S,C,2024-05-21,1000000.00,4.426588,101.171875
08:01:19,91282CKN0,TSRYS5793018,D,S,T,2024-05-21,1000000.00,4.448902,101.0389625
08:01:19,91282CKN0,TSRYS5793018,D,B,A,2024-05-21,1000000.00,4.448885,101.0390625
08:01:19,91282CKN0,TSRYS5793018,D,S,T,2024-05-21,1000000.00,4.448902,101.0389625
08:01:19,91282CKN0,TSRYS5793018,D,B,A,2024-05-21,1000000.00,4.448885,101.0390625
08:01:19,91282CKN0,TSRYS5793018,D,S,T,2024-05-21,1000000.00,4.448902,101.0389625
08:01:19,91282CKN0,TSRYS5793018,D,B,A,2024-05-21,1000000.00,4.449214,101.037109375
08:01:20,91282CKN0,TSRYS5793018,D,S,T,2024-05-21,1000000.00,4.44923,101.037009375
08:01:20,91282CKN0,TSRYS5793018,D,B,A,2024-05-21,1000000.00,4.448885,101.0390625
08:01:21,91282CKN0,TSRYS5793018,D,B,C,2024-05-21,1000000.00,4.450198,101.03125
08:01:21,91282CKN0,TSRYS5793018,D,S,C,2024-05-21,1000000.00,4.450198,101.03125
08:01:21,91282CKN0,TSRYS5793018,D,B,C,2024-05-21,1000000.00,4.451183,101.02539062
08:01:21,91282CKN0,TSRYS5793018,D,B,C,2024-05-21,1000000.00,4.450855,101.02734375
08:01:21,91282CKN0,TSRYS5793018,D,B,C,2024-05-21,3000000.00,4.452497,101.01757
08:01:22,91282CKN0,TSRYS5793018,D,S,A,2024-05-21,25000000.00,4.429865,101.15234375
08:01:22,91282CKN0,TSRYS5793018,D,S,D,2024-05-21,1000000.00,4.449214,101.037109375
08:01:22,91282CKN0,TSRYS5793018,D,S,D,2024-05-21,1000000.00,4.448229,101.04296875
08:01:22,91282CKN0,TSRYS5793018,D,S,D,2024-05-21,1000000.00,4.448229,101.04296875
08:01:22,91282CKN0,TSRYS5793018,D,B,C,2024-05-21,1000000.00,4.448229,101.04296875
08:01:22,91282CKN0,TSRYS5793018,D,S,D,2024-05-21,1000000.00,4.448229,101.04296875
08:01:22,91282CKN0,TSRYS5793018,D,S,A,2024-05-21,1000000.00,4.442324,101.078125
08:01:22,91282CKN0,TSRYS5793018,D,S,A,2024-05-21,1000000.00,4.442324,101.078125
08:01:22,91282CKN0,TSRYS5793018,D,S,A,2024-05-21,1000000.00,4.442324,101.078125
08:01:22,91282CKN0,TSRYS5793018,D,S,D,2024-05-21,1000000.00,4.447901,101.044921875
08:01:22,91282CKN0,TSRYS5793018,D,S,A,2024-05-21,1000000.00,4.442652,101.076171875
08:01:22,91282CKN0,TSRYS5793018,D,S,A,2024-05-21,1000000.00,4.442652,101.076171875
08:01:22,91282CKN0,TSRYS5793018,D,S,D,2024-05-21,1000000.00,4.447901,101.044921875
08:01:23,91282CKN0,TSRYS5793018,D,S,D,2024-05-21,1000000.00,4.446917,101.05078125
08:01:23,91282CKN0,TSRYS5793018,D,B,C,2024-05-21,1000000.00,4.446917,101.05078125
08:01:23,91282CKN0,TSRYS5793018,D,S,D,2024-05-21,1000000.00,4.446917,101.05078125
08:01:23,91282CKN0,TSRYS5793018,D,S,D,2024-05-21,1000000.00,4.446917,101.05078125
08:01:23,91282CKN0,TSRYS5793018,D,B,C,2024-05-21,1000000.00,4.446917,101.05078125
08:01:23,91282CKN0,TSRYS5793018,D,S,D,2024-05-21,1000000.00,4.446917,101.05078125
08:01:23,91282CKN0,TSRYS5793018,D,B,C,2024-05-21,1000000.00,4.445276,101.060546875
08:01:23,91282CKN0,TSRYS5793018,D,S,D,2024-05-21,1000000.00,4.445276,101.060546875
08:01:23,91282CKN0,TSRYS5793018,D,S,D,2024-05-21,13500000.00,4.45545,101.0
08:01:23,91282CKN0,TSRYS5793018,D,S,D,2024-05-21,3000000.00,4.452496,101.01757812
08:01:23,91282CKN0,TSRYS5793018,D,S,C,2024-05-21,4070000.00,4.43052,101.1484375
08:01:25,91282CKN0,TSRYS5793018,D,B,C,2024-05-21,1000000.00,4.444292,101.06640625
08:01:25,91282CKN0,TSRYS5793018,D,B,C,2024-05-21,1000000.00,4.441668,101.08203125
08:01:26,91282CKN0,TSRYS5793018,D,S,D,2024-05-21,1000000.00,4.447901,101.04492187
08:01:26,91282CKN0,TSRYS5793018,D,S,C,2024-05-21,1000000.00,4.447573,101.046875
08:01:26,91282CKN0,TSRYS5793018,D,S,D,2024-05-21,1000000.00,4.447901,101.04492187
08:01:26,91282CKN0,TSRYS5793018,D,S,T,2024-05-21,1000000.00,4.447901,101.04492187
08:01:26,91282CKN0,TSRYS5793018,D,S,T,2024-05-21,1000000.00,4.447901,101.04492187
08:01:26,91282CKN0,TSRYS5793018,D,S,D,2024-05-21,1000000.00,4.447901,101.04492187
08:01:26,91282CKN0,TSRYS5793018,D,S,D,2024-05-21,1000000.00,4.447573,101.046875
08:01:26,91282CKN0,TSRYS5793018,D,S,D,2024-05-21,1000000.00,4.447901,101.04492187
08:01:26,91282CKN0,TSRYS5793018,D,S,D,2024-05-21,1000000.00,4.447901,101.04492187
08:01:26,91282CKN0,TSRYS5793018,D,S,D,2024-05-21,1000000.00,4.444948,101.0625
08:01:27,91282CKN0,TSRYS5793018,D,S,C,2024-05-21,1000000.00,4.450198,101.031425
08:01:27,91282CKN0,TSRYS5793018,D,B,C,2024-05-21,1000000.00,4.450198,101.03125
08:01:28,91282CKN0,TSRYS5793018,D,B,C,2024-05-21,1000000.00,4.432159,101.13867187
08:01:28,91282CKN0,TSRYS5793018,D,S,T,2024-05-21,2000000.00,4.429209,101.15625
08:01:30,91282CKN0,TSRYS5793018,D,B,C,2024-05-21,1000000.00,4.429537,101.15429687
08:01:31,91282CKN0,TSRYS5793018,D,S,D,2024-05-21,1000000.00,4.451511,101.0234375
08:01:31,91282CKN0,TSRYS5793018,D,B,C,2024-05-21,1000000.00,4.451511,101.0234375
08:01:31,91282CKN0,TSRYS5793018,D,S,D,2024-05-21,2000000.00,4.451511,101.0234375
08:01:31,91282CKN0,TSRYS5793018,D,B,C,2024-05-21,2000000.00,4.451511,101.0234375
08:01:31,91282CKN0,TSRYS5793018,D,S,D,2024-05-21,2000000.00,4.440684,101.08789062
08:01:32,91282CKN0,TSRYS5793018,D,S,C,2024-05-21,1000000.00,4.44462,101.06445312
08:01:33,91282CKN0,TSRYS5793018,D,S,C,2024-05-21,1000000.00,4.45545,101.0
08:01:33,91282CKN0,TSRYS5793018,D,S,C,2024-05-21,1000000.00,4.454465,101.005859375
08:01:33,91282CKN0,TSRYS5793018,D,S,D,2024-05-21,1000000.00,4.444292,101.06640625
08:01:33,91282CKN0,TSRYS5793018,D,S,D,2024-05-21,1000000.00,4.444292,101.06640625
08:01:33,91282CKN0,TSRYS5793018,D,S,C,2024-05-21,1000000.00,4.444292,101.06640625
08:01:33,91282CKN0,TSRYS5793018,D,S,D,2024-05-21,1000000.00,4.444292,101.06640625
08:01:33,91282CKN0,TSRYS5793018,D,S,D,2024-05-21,1000000.00,4.444292,101.06640625
08:01:33,91282CKN0,TSRYS5793018,D,S,C,2024-05-21,1000000.00,4.444292,101.06640625
08:01:34,91282CKN0,TSRYS5793018,D,S,C,2024-05-21,2000000.00,4.444292,101.06640625
08:01:34,91282CKN0,TSRYS5793018,D,S,C,2024-05-21,2000000.00,4.444292,101.06640625
08:01:34,91282CKN0,TSRYS5793018,D,S,C,2024-05-21,1000000.00,4.443308,101.07226562
08:01:34,91282CKN0,TSRYS5793018,D,S,D,2024-05-21,1000000.00,4.443308,101.07226562
08:01:34,91282CKN0,TSRYS5793018,D,S,D,2024-05-21,1000000.00,4.440356,101.08984375
08:01:34,91282CKN0,TSRYS5793018,D,S,C,2024-05-21,1000000.00,4.440356,101.08984375
08:01:34,91282CKN0,TSRYS5793018,D,S,D,2024-05-21,2000000.00,4.440028,101.09179687
08:01:34,91282CKN0,TSRYS5793018,D,S,C,2024-05-21,1000000.00,4.4397,101.09375
08:01:34,91282CKN0,TSRYS5793018,D,S,T,2024-05-21,1000000.00,4.439734,101.09355
08:01:34,91282CKN0,TSRYS5793018,D,S,T,2024-05-21,1000000.00,4.439734,101.09355
08:01:34,91282CKN0,TSRYS5793018,D,S,D,2024-05-21,2000000.00,4.439044,101.09765625
08:01:34,91282CKN0,TSRYS5793018,D,S,T,2024-05-21,2000000.00,4.439734,101.09355
08:01:34,91282CKN0,TSRYS5793018,D,S,T,2024-05-21,1000000.00,4.4397,101.09375
08:01:34,91282CKN0,TSRYS5793018,D,S,T,2024-05-21,1000000.00,4.439734,101.09355
08:01:35,91282CKN0,TSRYS5793018,D,S,D,2024-05-21,1000000.00,4.4397,101.09375
08:01:35,91282CKN0,TSRYS5793018,D,S,C,2024-05-21,2000000.00,4.4397,101.09375
08:01:35,91282CKN0,TSRYS5793018,D,S,C,2024-05-21,2000000.00,4.4397,101.09375
08:01:35,91282CKN0,TSRYS5793018,D,S,T,2024-05-21,1000000.00,4.439734,101.09355
08:01:35,91282CKN0,TSRYS5793018,D,S,T,2024-05-21,1000000.00,4.45022,101.03112
08:01:37,91282CKN0,TSRYS5793018,D,S,C,2024-05-21,1000000.00,4.45348,101.01171875
08:01:37,91282CKN0,TSRYS5793018,D,B,C,2024-05-21,1000000.00,4.44987,101.03320312
08:01:40,91282CKN0,TSRYS5793018,D,S,C,2024-05-21,2000000.00,4.440684,101.08789062
08:01:40,91282CKN0,TSRYS5793018,D,S,C,2024-05-21,2000000.00,4.440684,101.08789062
08:01:40,91282CKN0,TSRYS5793018,D,S,C,2024-05-21,2000000.00,4.440684,101.08789062
08:01:40,91282CKN0,TSRYS5793018,D,S,D,2024-05-21,1000000.00,4.454793,101.00390625
08:01:40,91282CKN0,TSRYS5793018,D,B,C,2024-05-21,1000000.00,4.454793,101.00390625
08:01:40,91282CKN0,TSRYS5793018,D,S,T,2024-05-21,1000000.00,4.441668,101.08203125
08:01:40,91282CKN0,TSRYS5793018,D,S,C,2024-05-21,1000000.00,4.441668,101.08203125
08:01:40,91282CKN0,TSRYS5793018,D,S,D,2024-05-21,1000000.00,4.441668,101.08203125
08:01:40,91282CKN0,TSRYS5793018,D,S,C,2024-05-21,2000000.00,4.441668,101.08203125
08:01:40,91282CKN0,TSRYS5793018,D,S,D,2024-05-21,2000000.00,4.441668,101.08203125
08:01:40,91282CKN0,TSRYS5793018,D,S,C,2024-05-21,2000000.00,4.441668,101.08203125
08:01:40,91282CKN0,TSRYS5793018,D,S,C,2024-05-21,1000000.00,4.441668,101.08203125
08:01:40,91282CKN0,TSRYS5793018,D,S,C,2024-05-21,1000000.00,4.441668,101.08203125
08:01:40,91282CKN0,TSRYS5793018,D,S,D,2024-05-21,1000000.00,4.442652,101.07617187
08:01:40,91282CKN0,TSRYS5793018,D,S,C,2024-05-21,1000000.00,4.442652,101.07617187
08:01:40,91282CKN0,TSRYS5793018,D,S,C,2024-05-21,1000000.00,4.442652,101.07617187
08:01:40,91282CKN0,TSRYS5793018,D,S,D,2024-05-21,2000000.00,4.442652,101.07617187
08:01:40,91282CKN0,TSRYS5793018,D,S,D,2024-05-21,2000000.00,4.442652,101.07617187
08:01:40,91282CKN0,TSRYS5793018,D,S,C,2024-05-21,1000000.00,4.442324,101.078125
08:01:40,91282CKN0,TSRYS5793018,D,S,C,2024-05-21,1000000.00,4.442324,101.078125
08:01:40,91282CKN0,TSRYS5793018,D,S,D,2024-05-21,1000000.00,4.442324,101.078125
08:01:40,91282CKN0,TSRYS5793018,D,S,T,2024-05-21,1000000.00,4.442324,101.078125
08:01:40,91282CKN0,TSRYS5793018,D,S,T,2024-05-21,2000000.00,4.442324,101.078125
08:01:40,91282CKN0,TSRYS5793018,D,S,D,2024-05-21,2000000.00,4.442652,101.07617187
08:01:40,91282CKN0,TSRYS5793018,D,S,D,2024-05-21,1000000.00,4.442324,101.078125
08:01:41,91282CKN0,TSRYS5793018,D,S,D,2024-05-21,1000000.00,4.442324,101.078125
08:01:41,91282CKN0,TSRYS5793018,D,S,T,2024-05-21,2000000.00,4.442357,101.077925
08:01:41,91282CKN0,TSRYS5793018,D,S,T,2024-05-21,1000000.00,4.442357,101.077925
08:01:41,91282CKN0,TSRYS5793018,D,S,T,2024-05-21,1000000.00,4.442357,101.077925
08:01:41,91282CKN0,TSRYS5793018,D,S,D,2024-05-21,2000000.00,4.442652,101.07617187
08:01:41,91282CKN0,TSRYS5793018,D,S,D,2024-05-21,2000000.00,4.442652,101.07617187
08:01:42,91282CKN0,TSRYS5793018,D,S,C,2024-05-21,1000000.00,4.440028,101.09179687
08:01:42,91282CKN0,TSRYS5793018,D,S,D,2024-05-21,1000000.00,4.440028,101.09179687
08:01:42,91282CKN0,TSRYS5793018,D,S,D,2024-05-21,1000000.00,4.456763,100.9921875
08:01:42,91282CKN0,TSRYS5793018,D,S,D,2024-05-21,1000000.00,4.456763,100.9921875
08:01:42,91282CKN0,TSRYS5793018,D,S,D,2024-05-21,1000000.00,4.457092,100.990234375
08:01:42,91282CKN0,TSRYS5793018,D,S,C,2024-05-21,1000000.00,4.456763,100.9921875
08:01:43,91282CKN0,TSRYS5793018,D,B,C,2024-05-21,1000000.00,4.437405,101.10742187
08:01:43,91282CKN0,TSRYS5793018,D,B,C,2024-05-21,1000000.00,4.452824,101.015625
08:01:43,91282CKN0,TSRYS5793018,D,S,C,2024-05-21,1000000.00,4.452824,101.015625
08:01:44,91282CKN0,TSRYS5793018,D,S,T,2024-05-21,1000000.00,4.453501,101.01159375
08:01:44,91282CKN0,TSRYS5793018,D,S,T,2024-05-21,2000000.00,4.439372,101.09570312
08:01:44,91282CKN0,TSRYS5793018,D,S,D,2024-05-21,1000000.00,4.452496,101.017578125
08:01:44,91282CKN0,TSRYS5793018,D,S,C,2024-05-21,2000000.00,4.439372,101.09570312
08:01:44,91282CKN0,TSRYS5793018,D,S,C,2024-05-21,1000000.00,4.439372,101.09570312
08:01:44,91282CKN0,TSRYS5793018,D,S,T,2024-05-21,1000000.00,4.45348,101.01171875
08:01:44,91282CKN0,TSRYS5793018,D,S,D,2024-05-21,1000000.00,4.4397,101.09375
08:01:44,91282CKN0,TSRYS5793018,D,S,C,2024-05-21,1000000.00,4.4397,101.09375
08:01:44,91282CKN0,TSRYS5793018,D,S,C,2024-05-21,1000000.00,4.452167,101.01953125
08:01:44,91282CKN0,TSRYS5793018,D,S,C,2024-05-21,2000000.00,4.452496,101.017578125
08:01:44,91282CKN0,TSRYS5793018,D,S,T,2024-05-21,1000000.00,4.4397,101.09375
08:01:44,91282CKN0,TSRYS5793018,D,S,T,2024-05-21,1000000.00,4.4397,101.09375
08:01:44,91282CKN0,TSRYS5793018,D,S,D,2024-05-21,2000000.00,4.438716,101.09960937
08:01:44,91282CKN0,TSRYS5793018,D,S,D,2024-05-21,2000000.00,4.438716,101.09960937
08:01:44,91282CKN0,TSRYS5793018,D,S,D,2024-05-21,2000000.00,4.438716,101.09960937
08:01:44,91282CKN0,TSRYS5793018,D,S,T,2024-05-21,1000000.00,4.453501,101.01159375
08:01:44,91282CKN0,TSRYS5793018,D,S,T,2024-05-21,2000000.00,4.438716,101.09960937
08:01:44,91282CKN0,TSRYS5793018,D,B,C,2024-05-21,1000000.00,4.450198,101.03125
08:01:44,91282CKN0,TSRYS5793018,D,S,C,2024-05-21,1000000.00,4.450198,101.03125
08:01:44,91282CKN0,TSRYS5793018,D,S,D,2024-05-21,2000000.00,4.438716,101.09960937
08:01:44,91282CKN0,TSRYS5793018,D,S,D,2024-05-21,1000000.00,4.437732,101.10546875
08:01:44,91282CKN0,TSRYS5793018,D,S,C,2024-05-21,1000000.00,4.437732,101.10546875
08:01:44,91282CKN0,TSRYS5793018,D,S,C,2024-05-21,1000000.00,4.435109,101.12109375
08:01:44,91282CKN0,TSRYS5793018,D,S,C,2024-05-21,1000000.00,4.435109,101.12109375
08:01:44,91282CKN0,TSRYS5793018,D,S,C,2024-05-21,2000000.00,4.435109,101.12109375
08:01:44,91282CKN0,TSRYS5793018,D,S,T,2024-05-21,1000000.00,4.452845,101.0155
08:01:44,91282CKN0,TSRYS5793018,D,S,T,2024-05-21,2000000.00,4.452845,101.0155
08:01:44,91282CKN0,TSRYS5793018,D,S,T,2024-05-21,1000000.00,4.452845,101.0155
08:01:44,91282CKN0,TSRYS5793018,D,S,C,2024-05-21,1000000.00,4.432815,101.13476562
08:01:45,91282CKN0,TSRYS5793018,D,S,T,2024-05-21,1000000.00,4.452845,101.0155
08:01:45,91282CKN0,TSRYS5793018,D,S,D,2024-05-21,1000000.00,4.432815,101.13476562
08:01:45,91282CKN0,TSRYS5793018,D,S,D,2024-05-21,1000000.00,4.432815,101.13476562
08:01:45,91282CKN0,TSRYS5793018,D,S,D,2024-05-21,1000000.00,4.432815,101.13476562
08:01:45,91282CKN0,TSRYS5793018,D,S,D,2024-05-21,1000000.00,4.432815,101.13476562
08:01:45,91282CKN0,TSRYS5793018,D,S,D,2024-05-21,1000000.00,4.432815,101.13476562
08:01:45,91282CKN0,TSRYS5793018,D,S,C,2024-05-21,1000000.00,4.432815,101.13476562
08:01:45,91282CKN0,TSRYS5793018,D,S,C,2024-05-21,1000000.00,4.432487,101.13671875
08:01:45,91282CKN0,TSRYS5793018,D,S,D,2024-05-21,1000000.00,4.432487,101.13671875
08:01:45,91282CKN0,TSRYS5793018,D,S,C,2024-05-21,2000000.00,4.432487,101.13671875
08:01:45,91282CKN0,TSRYS5793018,D,S,D,2024-05-21,1000000.00,4.430193,101.15039062
08:01:45,91282CKN0,TSRYS5793018,D,S,D,2024-05-21,3000000.00,4.431831,101.140625
08:01:45,91282CKN0,TSRYS5793018,D,S,D,2024-05-21,3000000.00,4.431831,101.140625
08:01:45,91282CKN0,TSRYS5793018,D,S,D,2024-05-21,3000000.00,4.431504,101.14257812
08:01:45,91282CKN0,TSRYS5793018,D,S,T,2024-05-21,1000000.00,4.431504,101.14257812
08:01:45,91282CKN0,TSRYS5793018,D,S,T,2024-05-21,1000000.00,4.431504,101.14257812
08:01:45,91282CKN0,TSRYS5793018,D,S,D,2024-05-21,1000000.00,4.431831,101.140625
08:01:45,91282CKN0,TSRYS5793018,D,S,D,2024-05-21,1000000.00,4.431831,101.140625
08:01:45,91282CKN0,TSRYS5793018,D,S,D,2024-05-21,2000000.00,4.431831,101.140625
08:01:45,91282CKN0,TSRYS5793018,D,S,T,2024-05-21,1000000.00,4.431865,101.140425
08:01:45,91282CKN0,TSRYS5793018,D,S,T,2024-05-21,1000000.00,4.431865,101.140425
08:01:45,91282CKN0,TSRYS5793018,D,S,T,2024-05-21,1000000.00,4.431865,101.140425
08:01:45,91282CKN0,TSRYS5793018,D,S,D,2024-05-21,3000000.00,4.431831,101.140625
08:01:45,91282CKN0,TSRYS5793018,D,S,D,2024-05-21,2000000.00,4.431831,101.140625
08:01:45,91282CKN0,TSRYS5793018,D,S,T,2024-05-21,2000000.00,4.431865,101.140425
08:01:45,91282CKN0,TSRYS5793018,D,S,T,2024-05-21,1000000.00,4.431865,101.140425
08:01:46,91282CKN0,TSRYS5793018,D,S,T,2024-05-21,1000000.00,4.431865,101.140425
08:01:46,91282CKN0,TSRYS5793018,D,S,D,2024-05-21,4000000.00,4.432159,101.13867187
08:01:46,91282CKN0,TSRYS5793018,D,S,T,2024-05-21,1000000.00,4.433142,101.1328125
08:01:46,91282CKN0,TSRYS5793018,D,S,T,2024-05-21,1000000.00,4.433142,101.1328125
08:01:46,91282CKN0,TSRYS5793018,D,S,D,2024-05-21,1000000.00,4.433142,101.1328125
08:01:46,91282CKN0,TSRYS5793018,D,S,C,2024-05-21,1000000.00,4.433142,101.1328125
08:01:47,91282CKN0,TSRYS5793018,D,S,T,2024-05-21,1000000.00,4.431831,101.140625
08:01:47,91282CKN0,TSRYS5793018,D,S,T,2024-05-21,2000000.00,4.431831,101.140625
08:01:47,91282CKN0,TSRYS5793018,D,S,T,2024-05-21,2000000.00,4.431831,101.140625
08:01:47,91282CKN0,TSRYS5793018,D,S,C,2024-05-21,1000000.00,4.431831,101.140625
08:01:47,91282CKN0,TSRYS5793018,D,S,T,2024-05-21,2000000.00,4.431504,101.14257812
08:01:47,91282CKN0,TSRYS5793018,D,S,T,2024-05-21,2000000.00,4.431504,101.14257812
08:01:47,91282CKN0,TSRYS5793018,D,S,T,2024-05-21,1000000.00,4.431504,101.14257812
08:01:48,91282CKN0,TSRYS5793018,D,S,C,2024-05-21,1000000.00,4.43052,101.1484375
08:01:48,91282CKN0,TSRYS5793018,D,S,C,2024-05-21,1000000.00,4.430848,101.14648437
08:01:48,91282CKN0,TSRYS5793018,D,S,T,2024-05-21,2000000.00,4.43052,101.1484375
08:01:48,91282CKN0,TSRYS5793018,D,S,D,2024-05-21,2000000.00,4.430848,101.14648437
08:01:48,91282CKN0,TSRYS5793018,D,S,D,2024-05-21,2000000.00,4.43052,101.1484375
08:01:48,91282CKN0,TSRYS5793018,D,S,D,2024-05-21,2000000.00,4.43052,101.1484375
08:01:48,91282CKN0,TSRYS5793018,D,S,C,2024-05-21,2000000.00,4.430193,101.15039062
08:01:48,91282CKN0,TSRYS5793018,D,S,C,2024-05-21,2000000.00,4.430193,101.15039062
08:01:48,91282CKN0,TSRYS5793018,D,S,T,2024-05-21,2000000.00,4.430193,101.15039062
08:01:48,91282CKN0,TSRYS5793018,D,S,C,2024-05-21,2000000.00,4.430193,101.15039062
08:01:48,91282CKN0,TSRYS5793018,D,S,D,2024-05-21,2000000.00,4.431176,101.14453125
08:01:48,91282CKN0,TSRYS5793018,D,S,C,2024-05-21,2000000.00,4.431504,101.14257812
08:01:48,91282CKN0,TSRYS5793018,D,S,D,2024-05-21,1000000.00,4.431504,101.14257812
08:01:48,91282CKN0,TSRYS5793018,D,S,T,2024-05-21,1000000.00,4.430848,101.14648437
08:01:48,91282CKN0,TSRYS5793018,D,S,D,2024-05-21,1000000.00,4.430848,101.14648437
08:01:48,91282CKN0,TSRYS5793018,D,S,D,2024-05-21,1000000.00,4.430848,101.14648437
08:01:48,91282CKN0,TSRYS5793018,D,S,D,2024-05-21,1000000.00,4.430848,101.14648437
08:01:48,91282CKN0,TSRYS5793018,D,S,D,2024-05-21,1000000.00,4.430848,101.14648437
08:01:48,91282CKN0,TSRYS5793018,D,S,D,2024-05-21,1000000.00,4.430848,101.14648437
08:01:49,91282CKN0,TSRYS5793018,D,S,T,2024-05-21,1000000.00,4.456763,100.9921875
08:01:49,91282CKN0,TSRYS5793018,D,S,T,2024-05-21,1000000.00,4.456763,100.9921875
08:01:49,91282CKN0,TSRYS5793018,D,S,T,2024-05-21,1000000.00,4.457092,100.990234375
08:01:49,91282CKN0,TSRYS5793018,D,S,T,2024-05-21,1000000.00,4.452845,101.0155
08:01:49,91282CKN0,TSRYS5793018,D,S,T,2024-05-21,1000000.00,4.452845,101.0155
08:01:49,91282CKN0,TSRYS5793018,D,S,T,2024-05-21,1000000.00,4.452845,101.0155
08:01:49,91282CKN0,TSRYS5793018,D,S,C,2024-05-21,2000000.00,4.448885,101.0390625
08:01:50,91282CKN0,TSRYS5793018,D,S,C,2024-05-21,1000000.00,4.448885,101.0390625
08:01:50,91282CKN0,TSRYS5793018,D,S,T,2024-05-21,1000000.00,4.452845,101.0155
08:01:50,91282CKN0,TSRYS5793018,D,S,T,2024-05-21,1000000.00,4.452496,101.017578125
08:01:50,91282CKN0,TSRYS5793018,D,S,T,2024-05-21,2000000.00,4.452496,101.017578125
08:01:50,91282CKN0,TSRYS5793018,D,B,C,2024-05-21,3000000.00,4.447901,101.044921875
08:01:50,91282CKN0,TSRYS5793018,D,S,D,2024-05-21,3000000.00,4.447901,101.044921875
08:01:50,91282CKN0,TSRYS5793018,D,S,D,2024-05-21,1000000.00,4.447901,101.044921875
08:01:50,91282CKN0,TSRYS5793018,D,B,C,2024-05-21,1000000.00,4.447901,101.044921875
08:01:50,91282CKN0,TSRYS5793018,D,S,D,2024-05-21,1000000.00,4.447901,101.044921875
08:01:50,91282CKN0,TSRYS5793018,D,B,C,2024-05-21,1000000.00,4.447901,101.044921875
08:01:50,91282CKN0,TSRYS5793018,D,S,C,2024-05-21,1000000.00,4.447901,101.044921875
08:01:50,91282CKN0,TSRYS5793018,D,S,T,2024-05-21,1000000.00,4.452845,101.0155
08:01:50,91282CKN0,TSRYS5793018,D,S,C,2024-05-21,1000000.00,4.432159,101.13867187
08:01:50,91282CKN0,TSRYS5793018,D,S,D,2024-05-21,1000000.00,4.432159,101.13867187
08:01:50,91282CKN0,TSRYS5793018,D,S,T,2024-05-21,1000000.00,4.432159,101.13867187
08:01:50,91282CKN0,TSRYS5793018,D,S,C,2024-05-21,1000000.00,4.432159,101.13867187
08:01:51,91282CKN0,TSRYS5793018,D,S,T,2024-05-21,1000000.00,4.450198,101.03125
08:01:52,91282CKN0,TSRYS5793018,D,S,D,2024-05-21,2000000.00,4.432159,101.13867187
08:01:52,91282CKN0,TSRYS5793018,D,S,C,2024-05-21,1000000.00,4.432159,101.13867187
08:01:52,91282CKN0,TSRYS5793018,D,S,T,2024-05-21,1000000.00,4.44923,101.037009375
08:01:52,91282CKN0,TSRYS5793018,D,S,D,2024-05-21,3000000.00,4.429865,101.15234375
08:01:52,91282CKN0,TSRYS5793018,D,S,C,2024-05-21,6000000.00,4.445877,101.05697
08:01:53,91282CKN0,TSRYS5793018,D,S,C,2024-05-21,1000000.00,4.426588,101.171875
08:01:53,91282CKN0,TSRYS5793018,D,S,D,2024-05-21,1000000.00,4.426588,101.171875
08:01:53,91282CKN0,TSRYS5793018,D,S,C,2024-05-21,1000000.00,4.426588,101.171875
08:01:53,91282CKN0,TSRYS5793018,D,S,D,2024-05-21,1000000.00,4.426916,101.16992187
08:01:53,91282CKN0,TSRYS5793018,D,S,T,2024-05-21,2000000.00,4.426588,101.171875
08:01:53,91282CKN0,TSRYS5793018,D,S,D,2024-05-21,2000000.00,4.426588,101.171875
08:01:53,91282CKN0,TSRYS5793018,D,S,T,2024-05-21,1000000.00,4.426588,101.171875
08:01:53,91282CKN0,TSRYS5793018,D,S,C,2024-05-21,2000000.00,4.448885,101.0390625
08:01:53,91282CKN0,TSRYS5793018,D,S,D,2024-05-21,1000000.00,4.426588,101.171875
08:01:53,91282CKN0,TSRYS5793018,D,S,D,2024-05-21,2000000.00,4.426588,101.171875
08:01:53,91282CKN0,TSRYS5793018,D,S,C,2024-05-21,1000000.00,4.426588,101.171875
08:01:53,91282CKN0,TSRYS5793018,D,S,D,2024-05-21,3000000.00,4.426588,101.171875
08:01:54,91282CKN0,TSRYS5793018,D,S,D,2024-05-21,1000000.00,4.426588,101.171875
08:01:54,91282CKN0,TSRYS5793018,D,S,C,2024-05-21,1000000.00,4.448229,101.04296875
08:01:54,91282CKN0,TSRYS5793018,D,S,C,2024-05-21,1000000.00,4.427243,101.16796875
08:01:54,91282CKN0,TSRYS5793018,D,S,D,2024-05-21,2000000.00,4.427243,101.16796875
08:01:54,91282CKN0,TSRYS5793018,D,S,D,2024-05-21,1000000.00,4.426588,101.171875
08:01:54,91282CKN0,TSRYS5793018,D,S,T,2024-05-21,1000000.00,4.426588,101.171875
08:01:54,91282CKN0,TSRYS5793018,D,S,T,2024-05-21,2000000.00,4.426588,101.171875
08:01:54,91282CKN0,TSRYS5793018,D,S,T,2024-05-21,1000000.00,4.44497,101.06237
08:01:54,91282CKN0,TSRYS5793018,D,S,T,2024-05-21,1000000.00,4.45545,101.0
08:01:55,91282CKN0,TSRYS5793018,D,S,D,2024-05-21,34000000.00,4.441557,101.08269
08:01:55,91282CKN0,TSRYS5793018,D,S,T,2024-05-21,1000000.00,4.425605,101.17773437
08:01:55,91282CKN0,TSRYS5793018,D,S,D,2024-05-21,1000000.00,4.425605,101.17773437
08:01:55,91282CKN0,TSRYS5793018,D,S,D,2024-05-21,1000000.00,4.425605,101.17773437
08:01:55,91282CKN0,TSRYS5793018,D,S,D,2024-05-21,1000000.00,4.425605,101.17773437
08:01:55,91282CKN0,TSRYS5793018,D,S,D,2024-05-21,1000000.00,4.425605,101.17773437
08:01:55,91282CKN0,TSRYS5793018,D,S,D,2024-05-21,1000000.00,4.425605,101.17773437
08:01:55,91282CKN0,TSRYS5793018,D,S,D,2024-05-21,1000000.00,4.425605,101.17773437
08:01:55,91282CKN0,TSRYS5793018,D,S,D,2024-05-21,1000000.00,4.425605,101.17773437
08:01:55,91282CKN0,TSRYS5793018,D,S,D,2024-05-21,1000000.00,4.425605,101.17773437
08:01:55,91282CKN0,TSRYS5793018,D,S,D,2024-05-21,1000000.00,4.425605,101.17773437
08:01:55,91282CKN0,TSRYS5793018,D,S,D,2024-05-21,1000000.00,4.425605,101.17773437
08:01:55,91282CKN0,TSRYS5793018,D,S,D,2024-05-21,1000000.00,4.425605,101.17773437
08:01:55,91282CKN0,TSRYS5793018,D,S,D,2024-05-21,3000000.00,4.425605,101.17773437
08:01:55,91282CKN0,TSRYS5793018,D,S,D,2024-05-21,1000000.00,4.425605,101.17773437
08:01:55,91282CKN0,TSRYS5793018,D,S,D,2024-05-21,4000000.00,4.427899,101.1640625
08:01:56,91282CKN0,TSRYS5793018,D,S,T,2024-05-21,1000000.00,4.45545,101.0
08:01:56,91282CKN0,TSRYS5793018,D,S,T,2024-05-21,1000000.00,4.439722,101.09362
08:01:56,91282CKN0,TSRYS5793018,D,S,T,2024-05-21,1000000.00,4.439722,101.09362
08:01:57,91282CKN0,TSRYS5793018,D,S,T,2024-05-21,1000000.00,4.439722,101.09362
08:01:57,91282CKN0,TSRYS5793018,D,S,C,2024-05-21,1000000.00,4.447573,101.046875
08:01:57,91282CKN0,TSRYS5793018,D,S,D,2024-05-21,1000000.00,4.44626,101.0546875
08:01:57,91282CKN0,TSRYS5793018,D,S,C,2024-05-21,1000000.00,4.44626,101.0546875
08:01:57,91282CKN0,TSRYS5793018,D,S,C,2024-05-21,1000000.00,4.445276,101.060546875
08:01:59,91282CKN0,TSRYS5793018,D,S,A,2024-05-21,400000.00,4.438388,101.1015625
08:02:00,91282CKN0,TSRYS5793018,D,S,T,2024-05-21,1000000.00,4.429209,101.15625
08:02:01,91282CKN0,TSRYS5793018,D,S,D,2024-05-21,1000000.00,4.448229,101.04296875
08:02:01,91282CKN0,TSRYS5793018,D,B,C,2024-05-21,1000000.00,4.448229,101.04296875
08:02:01,91282CKN0,TSRYS5793018,D,S,D,2024-05-21,1000000.00,4.448229,101.04296875
08:02:01,91282CKN0,TSRYS5793018,D,B,C,2024-05-21,1000000.00,4.448229,101.04296875
08:02:01,91282CKN0,TSRYS5793018,D,B,C,2024-05-21,1000000.00,4.448229,101.04296875
08:02:01,91282CKN0,TSRYS5793018,D,S,C,2024-05-21,1000000.00,4.448229,101.04296875
08:02:01,91282CKN0,TSRYS5793018,D,S,D,2024-05-21,42000000.00,4.442071,101.07963
08:02:01,91282CKN0,TSRYS5793018,D,B,C,2024-05-21,1000000.00,4.447573,101.046875
08:02:01,91282CKN0,TSRYS5793018,D,S,C,2024-05-21,1000000.00,4.447573,101.046875
08:02:01,91282CKN0,TSRYS5793018,D,S,D,2024-05-21,1000000.00,4.447573,101.046875
08:02:01,91282CKN0,TSRYS5793018,D,B,C,2024-05-21,1000000.00,4.447573,101.046875
08:02:01,91282CKN0,TSRYS5793018,D,S,D,2024-05-21,1000000.00,4.447573,101.046875
08:02:01,91282CKN0,TSRYS5793018,D,B,C,2024-05-21,1000000.00,4.447573,101.046875
08:02:03,91282CKN0,TSRYS5793018,D,S,T,2024-05-21,2000000.00,4.431831,101.140625
08:02:03,91282CKN0,TSRYS5793018,D,S,T,2024-05-21,1000000.00,4.45545,101.0
08:02:03,91282CKN0,TSRYS5793018,D,S,T,2024-05-21,1000000.00,4.431831,101.140625
08:02:03,91282CKN0,TSRYS5793018,D,S,T,2024-05-21,1000000.00,4.45545,101.0
08:02:03,91282CKN0,TSRYS5793018,D,S,D,2024-05-21,1000000.00,4.444948,101.0625
08:02:03,91282CKN0,TSRYS5793018,D,S,D,2024-05-21,2000000.00,4.444948,101.0625
08:02:03,91282CKN0,TSRYS5793018,D,B,C,2024-05-21,1000000.00,4.444982,101.0623
08:02:03,91282CKN0,TSRYS5793018,D,B,C,2024-05-21,2000000.00,4.444948,101.0625
08:02:04,91282CKN0,TSRYS5793018,D,S,D,2024-05-21,1000000.00,4.452824,101.015625
08:02:04,91282CKN0,TSRYS5793018,D,S,C,2024-05-21,1000000.00,4.452824,101.015625
08:02:05,91282CKN0,TSRYS5793018,D,S,T,2024-05-21,1000000.00,4.45545,101.0
08:02:05,91282CKN0,TSRYS5793018,D,S,T,2024-05-21,1000000.00,4.45545,101.0
08:02:05,91282CKN0,TSRYS5793018,D,S,T,2024-05-21,1000000.00,4.45545,101.0
08:02:05,91282CKN0,TSRYS5793018,D,S,T,2024-05-21,1000000.00,4.45545,101.0
08:02:05,91282CKN0,TSRYS5793018,D,B,C,2024-05-21,3000000.00,4.452874,101.015325
08:02:05,91282CKN0,TSRYS5793018,D,S,C,2024-05-21,3000000.00,4.452799,101.015775
08:02:05,91282CKN0,TSRYS5793018,D,S,C,2024-05-21,1000000.00,4.444948,101.0625
08:02:05,91282CKN0,TSRYS5793018,D,B,C,2024-05-21,1000000.00,4.444977,101.062325
08:02:05,91282CKN0,TSRYS5793018,D,B,C,2024-05-21,1000000.00,4.444977,101.062325
08:02:05,91282CKN0,TSRYS5793018,D,B,C,2024-05-21,1000000.00,4.444977,101.062325
08:02:05,91282CKN0,TSRYS5793018,D,S,D,2024-05-21,1000000.00,4.444948,101.0625
08:02:05,91282CKN0,TSRYS5793018,D,S,D,2024-05-21,1000000.00,4.444948,101.0625
08:02:06,91282CKN0,TSRYS5793018,D,S,C,2024-05-21,1000000.00,4.447573,101.046875
08:02:06,91282CKN0,TSRYS5793018,D,B,C,2024-05-21,1000000.00,4.447602,101.0467
08:02:06,91282CKN0,TSRYS5793018,D,S,C,2024-05-21,25000000.00,4.43052,101.1484375
08:02:06,91282CKN0,TSRYS5793018,D,S,D,2024-05-21,25000000.00,4.43052,101.1484375
08:02:06,91282CKN0,TSRYS5793018,D,B,C,2024-05-21,1000000.00,4.450232,101.03105
08:02:06,91282CKN0,TSRYS5793018,D,B,C,2024-05-21,1000000.00,4.450198,101.03125
08:02:06,91282CKN0,TSRYS5793018,D,S,C,2024-05-21,1000000.00,4.450165,101.03145
08:02:06,91282CKN0,TSRYS5793018,D,S,C,2024-05-21,1000000.00,4.450156,101.0315
08:02:06,91282CKN0,TSRYS5793018,D,S,D,2024-05-21,1000000.00,4.450198,101.03125
08:02:06,91282CKN0,TSRYS5793018,D,B,C,2024-05-21,1000000.00,4.447573,101.046875
08:02:06,91282CKN0,TSRYS5793018,D,S,D,2024-05-21,1000000.00,4.447573,101.046875
08:02:06,91282CKN0,TSRYS5793018,D,S,C,2024-05-21,1000000.00,4.450156,101.0315
08:02:06,91282CKN0,TSRYS5793018,D,B,C,2024-05-21,1000000.00,4.447573,101.046875
08:02:06,91282CKN0,TSRYS5793018,D,S,C,2024-05-21,1000000.00,4.447573,101.046875
08:02:07,91282CKN0,TSRYS5793018,D,S,D,2024-05-21,1000000.00,4.450198,101.03125
08:02:07,91282CKN0,TSRYS5793018,D,S,D,2024-05-21,1000000.00,4.450198,101.03125
08:02:07,91282CKN0,TSRYS5793018,D,B,C,2024-05-21,1000000.00,4.450198,101.03125
08:02:07,91282CKN0,TSRYS5793018,D,S,C,2024-05-21,1000000.00,4.450198,101.03125
08:02:07,91282CKN0,TSRYS5793018,D,B,C,2024-05-21,1000000.00,4.450198,101.03125
08:02:07,91282CKN0,TSRYS5793018,D,S,C,2024-05-21,1000000.00,4.450198,101.03125
08:02:08,91282CKN0,TSRYS5793018,D,B,C,2024-05-21,1000000.00,4.444948,101.0625
08:02:08,91282CKN0,TSRYS5793018,D,S,C,2024-05-21,1000000.00,4.444948,101.0625
08:02:08,91282CKN0,TSRYS5793018,D,B,C,2024-05-21,1000000.00,4.444948,101.0625
08:02:08,91282CKN0,TSRYS5793018,D,S,D,2024-05-21,1000000.00,4.444948,101.0625
08:02:08,91282CKN0,TSRYS5793018,D,S,C,2024-05-21,2000000.00,4.452824,101.015625
08:02:09,91282CKN0,TSRYS5793018,D,S,T,2024-05-21,5000000.00,4.430848,101.146484375
08:02:09,91282CKN0,TSRYS5793018,D,S,C,2024-05-21,1000000.00,4.452824,101.015625
08:02:09,91282CKN0,TSRYS5793018,D,S,C,2024-05-21,1000000.00,4.452799,101.015775
08:02:10,91282CKN0,TSRYS5793018,D,S,C,2024-05-21,1000000.00,4.452824,101.015625
08:02:10,91282CKN0,TSRYS5793018,D,B,C,2024-05-21,1000000.00,4.452824,101.015625
08:02:10,91282CKN0,TSRYS5793018,D,B,C,2024-05-21,1000000.00,4.452824,101.015625
08:02:10,91282CKN0,TSRYS5793018,D,S,D,2024-05-21,1000000.00,4.452824,101.015625
08:02:12,91282CKN0,TSRYS5793018,D,S,D,2024-05-21,1000000.00,4.4397,101.09375
08:02:12,91282CKN0,TSRYS5793018,D,S,A,2024-05-21,25000000.00,4.429209,101.15625
08:02:14,91282CKN0,TSRYS5793018,D,S,T,2024-05-21,1000000.00,4.439722,101.09362
08:02:15,91282CKN0,TSRYS5793018,D,S,D,2024-05-21,1000000.00,4.438388,101.1015625
08:02:18,91282CKN0,TSRYS5793018,D,S,C,2024-05-21,1000000.00,4.438388,101.1015625
08:02:18,91282CKN0,TSRYS5793018,D,B,C,2024-05-21,1000000.00,4.438388,101.1015625
08:02:19,91282CKN0,TSRYS5793018,D,S,D,2024-05-21,12000000.00,4.425933,101.17578125
08:02:19,91282CKN0,TSRYS5793018,D,S,T,2024-05-21,1000000.00,4.431853,101.140495
08:02:19,91282CKN0,TSRYS5793018,D,S,D,2024-05-21,1000000.00,4.438716,101.099609375
08:02:21,91282CKN0,TSRYS5793018,D,S,C,2024-05-21,238400.00,4.437077,101.109375
08:02:22,91282CKN0,TSRYS5793018,D,S,T,2024-05-21,13500000.00,4.45545,101.0
08:02:22,91282CKN0,TSRYS5793018,D,S,A,2024-05-21,3660000.00,4.429209,101.15625
08:02:22,91282CKN0,TSRYS5793018,D,S,D,2024-05-21,34000000.00,4.428178,101.1624
08:02:22,91282CKN0,TSRYS5793018,D,S,C,2024-05-21,1000000.00,4.455408,101.00025
08:02:22,91282CKN0,TSRYS5793018,D,B,C,2024-05-21,1000000.00,4.455484,100.9998
08:02:22,91282CKN0,TSRYS5793018,D,S,C,2024-05-21,1000000.00,4.45545,101.0
08:02:22,91282CKN0,TSRYS5793018,D,S,D,2024-05-21,1000000.00,4.45545,101.0
08:02:22,91282CKN0,TSRYS5793018,D,B,C,2024-05-21,1000000.00,4.455484,100.9998
08:02:22,91282CKN0,TSRYS5793018,D,B,C,2024-05-21,1000000.00,4.455484,100.9998
08:02:23,91282CKN0,TSRYS5793018,D,S,C,2024-05-21,1000000.00,4.455425,101.00015
08:02:23,91282CKN0,TSRYS5793018,D,S,D,2024-05-21,1000000.00,4.45545,101.0
08:02:23,91282CKN0,TSRYS5793018,D,B,C,2024-05-21,1000000.00,4.455484,100.9998
08:02:23,91282CKN0,TSRYS5793018,D,S,D,2024-05-21,1000000.00,4.45545,101.0
08:02:23,91282CKN0,TSRYS5793018,D,B,C,2024-05-21,1000000.00,4.45545,101.0
08:02:23,91282CKN0,TSRYS5793018,D,S,C,2024-05-21,1000000.00,4.441668,101.08203125
08:02:24,91282CKN0,TSRYS5793018,D,S,D,2024-05-21,25000000.00,4.431846,101.14054
08:02:24,91282CKN0,TSRYS5793018,D,B,C,2024-05-21,1000000.00,4.450198,101.03125
08:02:24,91282CKN0,TSRYS5793018,D,S,D,2024-05-21,1000000.00,4.450198,101.03125
08:02:24,91282CKN0,TSRYS5793018,D,B,C,2024-05-21,1000000.00,4.450198,101.03125
08:02:24,91282CKN0,TSRYS5793018,D,S,C,2024-05-21,1000000.00,4.450198,101.03125
08:02:24,91282CKN0,TSRYS5793018,D,S,D,2024-05-21,1000000.00,4.450198,101.03125
08:02:24,91282CKN0,TSRYS5793018,D,B,C,2024-05-21,1000000.00,4.450198,101.03125
08:02:24,91282CKN0,TSRYS5793018,D,S,D,2024-05-21,1000000.00,4.442324,101.078125
08:02:24,91282CKN0,TSRYS5793018,D,S,D,2024-05-21,2000000.00,4.442324,101.078125
08:02:25,91282CKN0,TSRYS5793018,D,B,C,2024-05-21,1000000.00,4.452857,101.015425
08:02:25,91282CKN0,TSRYS5793018,D,S,C,2024-05-21,1000000.00,4.452824,101.015625
08:02:25,91282CKN0,TSRYS5793018,D,S,D,2024-05-21,1000000.00,4.440356,101.08984375
08:02:25,91282CKN0,TSRYS5793018,D,S,D,2024-05-21,50000000.00,4.435348,101.11967
08:02:25,91282CKN0,TSRYS5793018,D,B,C,2024-05-21,1000000.00,4.440356,101.08984375
08:02:25,91282CKN0,TSRYS5793018,D,B,C,2024-05-21,1000000.00,4.440356,101.08984375
08:02:25,91282CKN0,TSRYS5793018,D,S,C,2024-05-21,1000000.00,4.440356,101.08984375
08:02:25,91282CKN0,TSRYS5793018,D,S,D,2024-05-21,29000000.00,4.430703,101.14735
08:02:26,91282CKN0,TSRYS5793018,D,S,C,2024-05-21,1000000.00,4.452824,101.015625
08:02:26,91282CKN0,TSRYS5793018,D,B,C,2024-05-21,1000000.00,4.452862,101.0154
08:02:26,91282CKN0,TSRYS5793018,D,B,C,2024-05-21,2000000.00,4.452862,101.0154
08:02:26,91282CKN0,TSRYS5793018,D,S,C,2024-05-21,2000000.00,4.452782,101.015875
08:02:26,91282CKN0,TSRYS5793018,D,B,C,2024-05-21,1000000.00,4.452841,101.015525
08:02:26,91282CKN0,TSRYS5793018,D,B,C,2024-05-21,2000000.00,4.452862,101.0154
08:02:26,91282CKN0,TSRYS5793018,D,S,C,2024-05-21,2000000.00,4.452824,101.015625
08:02:26,91282CKN0,TSRYS5793018,D,S,C,2024-05-21,1000000.00,4.452824,101.015625
08:02:26,91282CKN0,TSRYS5793018,D,S,C,2024-05-21,1000000.00,4.45279,101.015825
08:02:26,91282CKN0,TSRYS5793018,D,B,C,2024-05-21,1000000.00,4.452824,101.015625
08:02:27,91282CKN0,TSRYS5793018,D,S,C,2024-05-21,1000000.00,4.455425,101.00015
08:02:27,91282CKN0,TSRYS5793018,D,S,D,2024-05-21,1000000.00,4.45545,101.0
08:02:27,91282CKN0,TSRYS5793018,D,S,C,2024-05-21,1000000.00,4.45545,101.0
08:02:27,91282CKN0,TSRYS5793018,D,S,D,2024-05-21,1000000.00,4.45545,101.0
08:02:27,91282CKN0,TSRYS5793018,D,S,C,2024-05-21,1000000.00,4.455416,101.0002
08:02:27,91282CKN0,TSRYS5793018,D,S,C,2024-05-21,1000000.00,4.45545,101.0
08:02:27,91282CKN0,TSRYS5793018,D,S,C,2024-05-21,1000000.00,4.45545,101.0
08:02:27,91282CKN0,TSRYS5793018,D,S,C,2024-05-21,1000000.00,4.45545,101.0
08:02:27,91282CKN0,TSRYS5793018,D,S,D,2024-05-21,1000000.00,4.45545,101.0
08:02:27,91282CKN0,TSRYS5793018,D,S,C,2024-05-21,1000000.00,4.455416,101.0002
08:02:27,91282CKN0,TSRYS5793018,D,S,D,2024-05-21,1000000.00,4.45545,101.0
08:02:27,91282CKN0,TSRYS5793018,D,B,C,2024-05-21,1000000.00,4.45545,101.0
08:02:27,91282CKN0,TSRYS5793018,D,B,A,2024-05-21,528000.00,4.433142,101.1328125
08:02:27,91282CKN0,TSRYS5793018,D,S,D,2024-05-21,1000000.00,4.45545,101.0
08:02:27,91282CKN0,TSRYS5793018,D,B,C,2024-05-21,1000000.00,4.45545,101.0
08:02:28,91282CKN0,TSRYS5793018,D,B,C,2024-05-21,1000000.00,4.45545,101.0
08:02:28,91282CKN0,TSRYS5793018,D,S,D,2024-05-21,1000000.00,4.45545,101.0
08:02:28,91282CKN0,TSRYS5793018,D,S,D,2024-05-21,1000000.00,4.45545,101.0
08:02:28,91282CKN0,TSRYS5793018,D,B,C,2024-05-21,1000000.00,4.45545,101.0
08:02:28,91282CKN0,TSRYS5793018,D,S,D,2024-05-21,1000000.00,4.45545,101.0
08:02:28,91282CKN0,TSRYS5793018,D,B,C,2024-05-21,1000000.00,4.45545,101.0
08:02:28,91282CKN0,TSRYS5793018,D,S,D,2024-05-21,1000000.00,4.45545,101.0
08:02:28,91282CKN0,TSRYS5793018,D,B,C,2024-05-21,1000000.00,4.45545,101.0
08:02:28,91282CKN0,TSRYS5793018,D,S,D,2024-05-21,1000000.00,4.45545,101.0
08:02:28,91282CKN0,TSRYS5793018,D,B,C,2024-05-21,1000000.00,4.45545,101.0
08:02:28,91282CKN0,TSRYS5793018,D,S,D,2024-05-21,1000000.00,4.45545,101.0
08:02:28,91282CKN0,TSRYS5793018,D,B,C,2024-05-21,1000000.00,4.45545,101.0
08:02:28,91282CKN0,TSRYS5793018,D,S,D,2024-05-21,1000000.00,4.45545,101.0
08:02:28,91282CKN0,TSRYS5793018,D,B,C,2024-05-21,1000000.00,4.452862,101.0154
08:02:28,91282CKN0,TSRYS5793018,D,S,C,2024-05-21,4000000.00,4.452824,101.015625
08:02:28,91282CKN0,TSRYS5793018,D,B,C,2024-05-21,4000000.00,4.452862,101.0154
08:02:29,91282CKN0,TSRYS5793018,D,S,C,2024-05-21,1000000.00,4.452824,101.015625
08:02:29,91282CKN0,TSRYS5793018,D,B,C,2024-05-21,1000000.00,4.442324,101.078125
08:02:29,91282CKN0,TSRYS5793018,D,S,D,2024-05-21,1000000.00,4.442324,101.078125
08:02:29,91282CKN0,TSRYS5793018,D,S,C,2024-05-21,1000000.00,4.442324,101.078125
08:02:29,91282CKN0,TSRYS5793018,D,B,C,2024-05-21,1000000.00,4.442324,101.077975
08:02:29,91282CKN0,TSRYS5793018,D,S,D,2024-05-21,1000000.00,4.442324,101.078125
08:02:29,91282CKN0,TSRYS5793018,D,S,C,2024-05-21,1000000.00,4.442324,101.078125
08:02:29,91282CKN0,TSRYS5793018,D,B,C,2024-05-21,1000000.00,4.442324,101.078125
08:02:29,91282CKN0,TSRYS5793018,D,S,C,2024-05-21,1000000.00,4.442324,101.078125
08:02:29,91282CKN0,TSRYS5793018,D,S,C,2024-05-21,1000000.00,4.442324,101.078125
08:02:29,91282CKN0,TSRYS5793018,D,S,T,2024-05-21,2000000.00,4.428882,101.158203125
08:02:30,91282CKN0,TSRYS5793018,D,S,C,2024-05-21,1000000.00,4.438388,101.1015625
08:02:30,91282CKN0,TSRYS5793018,D,S,C,2024-05-21,1000000.00,4.450148,101.03155
08:02:30,91282CKN0,TSRYS5793018,D,S,C,2024-05-21,1000000.00,4.450198,101.03125
08:02:30,91282CKN0,TSRYS5793018,D,S,C,2024-05-21,1000000.00,4.450148,101.03155
08:02:30,91282CKN0,TSRYS5793018,D,S,C,2024-05-21,1000000.00,4.450198,101.03125
08:02:30,91282CKN0,TSRYS5793018,D,S,C,2024-05-21,1000000.00,4.450148,101.03155
08:02:30,91282CKN0,TSRYS5793018,D,B,C,2024-05-21,1000000.00,4.450198,101.03125
08:02:30,91282CKN0,TSRYS5793018,D,S,D,2024-05-21,1000000.00,4.450198,101.03125
08:02:30,91282CKN0,TSRYS5793018,D,S,D,2024-05-21,3000000.00,4.450198,101.03125
08:02:30,91282CKN0,TSRYS5793018,D,S,C,2024-05-21,1000000.00,4.450165,101.03145
08:02:30,91282CKN0,TSRYS5793018,D,B,C,2024-05-21,3000000.00,4.450223,101.0311
08:02:30,91282CKN0,TSRYS5793018,D,S,C,2024-05-21,1000000.00,4.450165,101.03145
08:02:30,91282CKN0,TSRYS5793018,D,S,C,2024-05-21,1000000.00,4.450173,101.0314
08:02:30,91282CKN0,TSRYS5793018,D,B,C,2024-05-21,1000000.00,4.450198,101.03125
08:02:30,91282CKN0,TSRYS5793018,D,B,C,2024-05-21,1000000.00,4.450198,101.03125
08:02:30,91282CKN0,TSRYS5793018,D,B,C,2024-05-21,1000000.00,4.450198,101.03125
08:02:30,91282CKN0,TSRYS5793018,D,S,C,2024-05-21,1000000.00,4.450198,101.03125
08:02:30,91282CKN0,TSRYS5793018,D,B,C,2024-05-21,1000000.00,4.450228,101.031075
08:02:31,91282CKN0,TSRYS5793018,D,S,C,2024-05-21,1000000.00,4.450181,101.03135
08:02:31,91282CKN0,TSRYS5793018,D,S,C,2024-05-21,1000000.00,4.450198,101.03125
08:02:31,91282CKN0,TSRYS5793018,D,S,C,2024-05-21,1000000.00,4.450156,101.0315
08:02:31,91282CKN0,TSRYS5793018,D,S,C,2024-05-21,1000000.00,4.450198,101.03125
08:02:31,91282CKN0,TSRYS5793018,D,S,C,2024-05-21,1000000.00,4.450148,101.03155
08:02:31,91282CKN0,TSRYS5793018,D,S,T,2024-05-21,3000000.00,4.428882,101.158203125
08:02:31,91282CKN0,TSRYS5793018,D,S,C,2024-05-21,1000000.00,4.450156,101.0315
08:02:31,91282CKN0,TSRYS5793018,D,S,C,2024-05-21,2000000.00,4.450198,101.03125
08:02:31,91282CKN0,TSRYS5793018,D,S,D,2024-05-21,2000000.00,4.447573,101.046875
08:02:31,91282CKN0,TSRYS5793018,D,B,C,2024-05-21,2000000.00,4.447573,101.046875
08:02:31,91282CKN0,TSRYS5793018,D,B,C,2024-05-21,1000000.00,4.431831,101.140625
08:02:32,91282CKN0,TSRYS5793018,D,S,D,2024-05-21,1000000.00,4.447551,101.047005
08:02:32,91282CKN0,TSRYS5793018,D,S,D,2024-05-21,1000000.00,4.447551,101.047005
08:02:32,91282CKN0,TSRYS5793018,D,B,C,2024-05-21,1000000.00,4.447573,101.046875
08:02:32,91282CKN0,TSRYS5793018,D,B,C,2024-05-21,1000000.00,4.447573,101.046875
08:02:33,91282CKN0,TSRYS5793018,D,S,T,2024-05-21,4000000.00,4.428882,101.158203125
08:02:33,91282CKN0,TSRYS5793018,D,B,C,2024-05-21,1000000.00,4.447573,101.046875
08:02:33,91282CKN0,TSRYS5793018,D,B,C,2024-05-21,2000000.00,4.447573,101.046875
08:02:33,91282CKN0,TSRYS5793018,D,S,C,2024-05-21,1000000.00,4.447573,101.046875
08:02:33,91282CKN0,TSRYS5793018,D,S,C,2024-05-21,1000000.00,4.447522,101.047175
08:02:33,91282CKN0,TSRYS5793018,D,S,C,2024-05-21,1000000.00,4.447522,101.047175
08:02:33,91282CKN0,TSRYS5793018,D,S,C,2024-05-21,2000000.00,4.447573,101.046875
08:02:33,91282CKN0,TSRYS5793018,D,B,C,2024-05-21,1000000.00,4.447573,101.046875
08:02:33,91282CKN0,TSRYS5793018,D,B,C,2024-05-21,1000000.00,4.447573,101.046875
08:02:34,91282CKN0,TSRYS5793018,D,B,C,2024-05-21,1000000.00,4.447573,101.046875
08:02:34,91282CKN0,TSRYS5793018,D,S,D,2024-05-21,1000000.00,4.447573,101.046875
08:02:34,91282CKN0,TSRYS5793018,D,B,C,2024-05-21,1000000.00,4.447573,101.046875
08:02:34,91282CKN0,TSRYS5793018,D,S,D,2024-05-21,1000000.00,4.447573,101.046875
08:02:34,91282CKN0,TSRYS5793018,D,S,D,2024-05-21,1000000.00,4.43806,101.103515625
08:02:34,91282CKN0,TSRYS5793018,D,B,C,2024-05-21,1000000.00,4.444948,101.0625
08:02:34,91282CKN0,TSRYS5793018,D,S,D,2024-05-21,1000000.00,4.444926,101.06263
08:02:34,91282CKN0,TSRYS5793018,D,S,D,2024-05-21,1000000.00,4.444926,101.06263
08:02:34,91282CKN0,TSRYS5793018,D,S,D,2024-05-21,1000000.00,4.444926,101.06263
08:02:34,91282CKN0,TSRYS5793018,D,B,C,2024-05-21,1000000.00,4.444948,101.0625
08:02:34,91282CKN0,TSRYS5793018,D,B,C,2024-05-21,1000000.00,4.444948,101.0625
08:02:34,91282CKN0,TSRYS5793018,D,S,D,2024-05-21,1000000.00,4.444926,101.06263
08:02:34,91282CKN0,TSRYS5793018,D,B,C,2024-05-21,1000000.00,4.444948,101.0625
08:02:35,91282CKN0,TSRYS5793018,D,S,D,2024-05-21,1000000.00,4.444948,101.0625
08:02:35,91282CKN0,TSRYS5793018,D,B,C,2024-05-21,1000000.00,4.444948,101.0625
08:02:35,91282CKN0,TSRYS5793018,D,B,C,2024-05-21,1000000.00,4.444948,101.0625
08:02:35,91282CKN0,TSRYS5793018,D,S,C,2024-05-21,1000000.00,4.444906,101.06275
08:02:35,91282CKN0,TSRYS5793018,D,B,C,2024-05-21,1000000.00,4.444948,101.0625
08:02:35,91282CKN0,TSRYS5793018,D,S,D,2024-05-21,1000000.00,4.444948,101.0625
08:02:35,91282CKN0,TSRYS5793018,D,S,D,2024-05-21,1000000.00,4.444926,101.06263
08:02:35,91282CKN0,TSRYS5793018,D,B,C,2024-05-21,1000000.00,4.444982,101.0623
08:02:35,91282CKN0,TSRYS5793018,D,S,D,2024-05-21,1000000.00,4.444926,101.06263
08:02:35,91282CKN0,TSRYS5793018,D,S,D,2024-05-21,1000000.00,4.444926,101.06263
08:02:35,91282CKN0,TSRYS5793018,D,B,C,2024-05-21,1000000.00,4.426588,101.171875
08:02:35,91282CKN0,TSRYS5793018,D,S,T,2024-05-21,2000000.00,4.428882,101.158203125
08:02:35,91282CKN0,TSRYS5793018,D,B,C,2024-05-21,1000000.00,4.444948,101.0625
08:02:36,91282CKN0,TSRYS5793018,D,B,C,2024-05-21,2000000.00,4.426588,101.171875
08:02:36,91282CKN0,TSRYS5793018,D,B,C,2024-05-21,1000000.00,4.444977,101.062325
08:02:36,91282CKN0,TSRYS5793018,D,S,C,2024-05-21,1000000.00,4.444948,101.0625
08:02:36,91282CKN0,TSRYS5793018,D,S,C,2024-05-21,1000000.00,4.444948,101.0625
08:02:36,91282CKN0,TSRYS5793018,D,B,C,2024-05-21,1000000.00,4.444982,101.0623
08:02:36,91282CKN0,TSRYS5793018,D,S,C,2024-05-21,1000000.00,4.444948,101.0625
08:02:36,91282CKN0,TSRYS5793018,D,S,C,2024-05-21,1000000.00,4.444948,101.0625
08:02:36,91282CKN0,TSRYS5793018,D,B,C,2024-05-21,1000000.00,4.444948,101.0625
08:02:36,91282CKN0,TSRYS5793018,D,S,C,2024-05-21,1000000.00,4.444948,101.0625
08:02:36,91282CKN0,TSRYS5793018,D,S,C,2024-05-21,1000000.00,4.444948,101.0625
08:02:36,91282CKN0,TSRYS5793018,D,S,C,2024-05-21,1000000.00,4.444948,101.0625
08:02:36,91282CKN0,TSRYS5793018,D,B,C,2024-05-21,1000000.00,4.444982,101.0623
08:02:36,91282CKN0,TSRYS5793018,D,S,C,2024-05-21,1000000.00,4.444948,101.0625
08:02:36,91282CKN0,TSRYS5793018,D,B,C,2024-05-21,1000000.00,4.444948,101.0625
08:02:36,91282CKN0,TSRYS5793018,D,S,C,2024-05-21,1000000.00,4.444948,101.0625
08:02:36,91282CKN0,TSRYS5793018,D,B,C,2024-05-21,1000000.00,4.444982,101.0623
08:02:36,91282CKN0,TSRYS5793018,D,B,C,2024-05-21,1000000.00,4.444977,101.062325
08:02:37,91282CKN0,TSRYS5793018,D,B,C,2024-05-21,2000000.00,4.426588,101.171875
08:02:37,91282CKN0,TSRYS5793018,D,S,C,2024-05-21,1000000.00,4.447573,101.046875
08:02:37,91282CKN0,TSRYS5793018,D,S,C,2024-05-21,1000000.00,4.447531,101.047125
08:02:38,91282CKN0,TSRYS5793018,D,S,C,2024-05-21,1000000.00,4.447573,101.046875
08:02:38,91282CKN0,TSRYS5793018,D,B,C,2024-05-21,1000000.00,4.447623,101.046575
08:02:38,91282CKN0,TSRYS5793018,D,S,C,2024-05-21,1000000.00,4.447573,101.046875
08:02:38,91282CKN0,TSRYS5793018,D,B,C,2024-05-21,1000000.00,4.447623,101.046575
08:02:39,91282CKN0,TSRYS5793018,D,B,C,2024-05-21,1000000.00,4.437732,101.10546875
08:02:39,91282CKN0,TSRYS5793018,D,S,D,2024-05-21,1000000.00,4.437732,101.10546875
08:02:39,91282CKN0,TSRYS5793018,D,S,C,2024-05-21,1000000.00,4.438388,101.1015625
08:02:39,91282CKN0,TSRYS5793018,D,B,C,2024-05-21,1000000.00,4.438388,101.1015625
08:02:40,91282CKN0,TSRYS5793018,D,S,C,2024-05-21,1000000.00,4.447573,101.046875
08:02:40,91282CKN0,TSRYS5793018,D,B,C,2024-05-21,1000000.00,4.447623,101.046575
08:02:40,91282CKN0,TSRYS5793018,D,S,C,2024-05-21,1000000.00,4.447573,101.046875
08:02:40,91282CKN0,TSRYS5793018,D,B,C,2024-05-21,1000000.00,4.447573,101.046875
08:02:40,91282CKN0,TSRYS5793018,D,B,C,2024-05-21,1000000.00,4.447573,101.046875
08:02:40,91282CKN0,TSRYS5793018,D,B,C,2024-05-21,1000000.00,4.447606,101.046675
08:02:40,91282CKN0,TSRYS5793018,D,S,D,2024-05-21,1000000.00,4.447573,101.046875
08:02:40,91282CKN0,TSRYS5793018,D,B,C,2024-05-21,1000000.00,4.447606,101.046675
08:02:40,91282CKN0,TSRYS5793018,D,S,C,2024-05-21,1000000.00,4.447573,101.046875
08:02:40,91282CKN0,TSRYS5793018,D,S,C,2024-05-21,1000000.00,4.447573,101.046875
08:02:40,91282CKN0,TSRYS5793018,D,S,C,2024-05-21,1000000.00,4.447573,101.046875
08:02:40,91282CKN0,TSRYS5793018,D,S,D,2024-05-21,1000000.00,4.447573,101.046875
08:02:40,91282CKN0,TSRYS5793018,D,S,C,2024-05-21,1000000.00,4.447573,101.046875
08:02:40,91282CKN0,TSRYS5793018,D,B,C,2024-05-21,1000000.00,4.44759,101.046775
08:02:41,91282CKN0,TSRYS5793018,D,B,C,2024-05-21,1000000.00,4.447573,101.046875
08:02:41,91282CKN0,TSRYS5793018,D,S,C,2024-05-21,1000000.00,4.447573,101.046875
08:02:41,91282CKN0,TSRYS5793018,D,S,D,2024-05-21,1000000.00,4.444948,101.0625
08:02:41,91282CKN0,TSRYS5793018,D,B,C,2024-05-21,1000000.00,4.444982,101.0623
08:02:41,91282CKN0,TSRYS5793018,D,B,C,2024-05-21,1000000.00,4.444948,101.0625
08:02:41,91282CKN0,TSRYS5793018,D,S,D,2024-05-21,1000000.00,4.444948,101.0625
08:02:41,91282CKN0,TSRYS5793018,D,S,D,2024-05-21,1000000.00,4.444948,101.0625
08:02:41,91282CKN0,TSRYS5793018,D,S,C,2024-05-21,1000000.00,4.444948,101.0625
08:02:41,91282CKN0,TSRYS5793018,D,S,C,2024-05-21,1000000.00,4.444948,101.0625
08:02:41,91282CKN0,TSRYS5793018,D,S,C,2024-05-21,1000000.00,4.444948,101.0625
08:02:41,91282CKN0,TSRYS5793018,D,S,C,2024-05-21,1000000.00,4.444948,101.0625
08:02:41,91282CKN0,TSRYS5793018,D,S,C,2024-05-21,1000000.00,4.444906,101.06275
08:02:41,91282CKN0,TSRYS5793018,D,B,C,2024-05-21,1000000.00,4.431831,101.140625
08:02:41,91282CKN0,TSRYS5793018,D,S,C,2024-05-21,1000000.00,4.444948,101.0625
08:02:41,91282CKN0,TSRYS5793018,D,S,C,2024-05-21,1000000.00,4.444948,101.0625
08:02:41,91282CKN0,TSRYS5793018,D,S,C,2024-05-21,1000000.00,4.444948,101.0625
08:02:41,91282CKN0,TSRYS5793018,D,S,C,2024-05-21,1000000.00,4.444948,101.0625
08:02:41,91282CKN0,TSRYS5793018,D,S,C,2024-05-21,1000000.00,4.444948,101.0625
08:02:42,91282CKN0,TSRYS5793018,D,S,C,2024-05-21,1000000.00,4.444906,101.06275
08:02:42,91282CKN0,TSRYS5793018,D,S,C,2024-05-21,1000000.00,4.444948,101.0625
08:02:42,91282CKN0,TSRYS5793018,D,S,C,2024-05-21,1000000.00,4.444948,101.0625
08:02:42,91282CKN0,TSRYS5793018,D,S,C,2024-05-21,1000000.00,4.444948,101.0625
08:02:42,91282CKN0,TSRYS5793018,D,S,C,2024-05-21,1000000.00,4.444948,101.0625
08:02:42,91282CKN0,TSRYS5793018,D,B,C,2024-05-21,1000000.00,4.444982,101.0623
08:02:42,91282CKN0,TSRYS5793018,D,S,C,2024-05-21,1000000.00,4.438388,101.1015625
08:02:42,91282CKN0,TSRYS5793018,D,B,C,2024-05-21,1000000.00,4.438388,101.1015625
08:02:42,91282CKN0,TSRYS5793018,D,S,C,2024-05-21,1000000.00,4.438388,101.1015625
08:02:42,91282CKN0,TSRYS5793018,D,B,C,2024-05-21,1000000.00,4.438388,101.1015625
08:02:42,91282CKN0,TSRYS5793018,D,S,D,2024-05-21,2000000.00,4.439372,101.095703125
08:02:42,91282CKN0,TSRYS5793018,D,B,C,2024-05-21,1000000.00,4.442357,101.077925
08:02:42,91282CKN0,TSRYS5793018,D,S,D,2024-05-21,1000000.00,4.444948,101.0625
08:02:42,91282CKN0,TSRYS5793018,D,S,D,2024-05-21,2000000.00,4.444948,101.0625
08:02:42,91282CKN0,TSRYS5793018,D,B,C,2024-05-21,2000000.00,4.444948,101.0625
08:02:42,91282CKN0,TSRYS5793018,D,S,D,2024-05-21,1000000.00,4.444948,101.0625
08:02:42,91282CKN0,TSRYS5793018,D,S,D,2024-05-21,1000000.00,4.444948,101.0625
08:02:42,91282CKN0,TSRYS5793018,D,S,D,2024-05-21,1000000.00,4.444948,101.0625
08:02:42,91282CKN0,TSRYS5793018,D,S,D,2024-05-21,1000000.00,4.444948,101.0625
08:02:42,91282CKN0,TSRYS5793018,D,B,C,2024-05-21,1000000.00,4.444948,101.0625
08:02:42,91282CKN0,TSRYS5793018,D,S,D,2024-05-21,1000000.00,4.444948,101.0625
08:02:42,91282CKN0,TSRYS5793018,D,B,C,2024-05-21,1000000.00,4.444982,101.0623
08:02:43,91282CKN0,TSRYS5793018,D,B,C,2024-05-21,1000000.00,4.444948,101.0625
08:02:43,91282CKN0,TSRYS5793018,D,S,D,2024-05-21,2000000.00,4.444948,101.0625
08:02:43,91282CKN0,TSRYS5793018,D,B,C,2024-05-21,1000000.00,4.444948,101.0625
08:02:43,91282CKN0,TSRYS5793018,D,S,C,2024-05-21,1000000.00,4.4397,101.09375
08:02:43,91282CKN0,TSRYS5793018,D,S,C,2024-05-21,1000000.00,4.442324,101.078125
08:02:43,91282CKN0,TSRYS5793018,D,S,D,2024-05-21,1000000.00,4.444948,101.0625
08:02:43,91282CKN0,TSRYS5793018,D,B,C,2024-05-21,2000000.00,4.444948,101.0625
08:02:43,91282CKN0,TSRYS5793018,D,S,D,2024-05-21,1000000.00,4.444948,101.0625
08:02:43,91282CKN0,TSRYS5793018,D,S,D,2024-05-21,1000000.00,4.4397,101.09375
08:02:43,91282CKN0,TSRYS5793018,D,S,C,2024-05-21,1000000.00,4.442324,101.078125
08:02:43,91282CKN0,TSRYS5793018,D,B,C,2024-05-21,1000000.00,4.442324,101.078125
08:02:44,91282CKN0,TSRYS5793018,D,S,D,2024-05-21,2000000.00,4.438716,101.099609375
08:02:44,91282CKN0,TSRYS5793018,D,S,D,2024-05-21,2000000.00,4.4397,101.09375
08:02:44,91282CKN0,TSRYS5793018,D,S,C,2024-05-21,1000000.00,4.4397,101.09375
08:02:44,91282CKN0,TSRYS5793018,D,S,D,2024-05-21,1000000.00,4.4397,101.09375
08:02:44,91282CKN0,TSRYS5793018,D,S,C,2024-05-21,1000000.00,4.4397,101.09375
08:02:44,91282CKN0,TSRYS5793018,D,S,D,2024-05-21,1000000.00,4.4397,101.09375
08:02:44,91282CKN0,TSRYS5793018,D,S,C,2024-05-21,1000000.00,4.4397,101.09375
08:02:44,91282CKN0,TSRYS5793018,D,B,C,2024-05-21,1000000.00,4.439734,101.09355
08:02:44,91282CKN0,TSRYS5793018,D,S,C,2024-05-21,1000000.00,4.4397,101.09375
08:02:45,91282CKN0,TSRYS5793018,D,S,D,2024-05-21,1000000.00,4.4397,101.09375
08:02:45,91282CKN0,TSRYS5793018,D,B,C,2024-05-21,1000000.00,4.439729,101.093575
08:02:45,91282CKN0,TSRYS5793018,D,S,D,2024-05-21,1000000.00,4.4397,101.09375
08:02:45,91282CKN0,TSRYS5793018,D,S,C,2024-05-21,1000000.00,4.4397,101.09375
08:02:45,91282CKN0,TSRYS5793018,D,S,D,2024-05-21,1000000.00,4.4397,101.09375
08:02:47,91282CKN0,TSRYS5793018,D,B,C,2024-05-21,1000000.00,4.437077,101.109375
08:02:47,91282CKN0,TSRYS5793018,D,S,C,2024-05-21,1000000.00,4.437077,101.109375
08:02:47,91282CKN0,TSRYS5793018,D,S,C,2024-05-21,1000000.00,4.437077,101.109375
08:02:47,91282CKN0,TSRYS5793018,D,B,C,2024-05-21,1000000.00,4.437077,101.109375
08:02:47,91282CKN0,TSRYS5793018,D,B,C,2024-05-21,2000000.00,4.437077,101.109375
08:02:47,91282CKN0,TSRYS5793018,D,S,C,2024-05-21,2000000.00,4.437077,101.109375
08:02:47,91282CKN0,TSRYS5793018,D,B,C,2024-05-21,1000000.00,4.437077,101.109375
08:02:47,91282CKN0,TSRYS5793018,D,S,D,2024-05-21,1000000.00,4.437077,101.109375
08:02:47,91282CKN0,TSRYS5793018,D,B,C,2024-05-21,1000000.00,4.437077,101.109375
08:02:47,91282CKN0,TSRYS5793018,D,S,D,2024-05-21,1000000.00,4.437051,101.109525
08:02:47,91282CKN0,TSRYS5793018,D,S,C,2024-05-21,1000000.00,4.437035,101.109625
08:02:47,91282CKN0,TSRYS5793018,D,B,C,2024-05-21,1000000.00,4.437077,101.109375
08:02:47,91282CKN0,TSRYS5793018,D,S,C,2024-05-21,1000000.00,4.437077,101.109375
08:02:47,91282CKN0,TSRYS5793018,D,S,C,2024-05-21,1000000.00,4.437077,101.109375
08:02:47,91282CKN0,TSRYS5793018,D,B,C,2024-05-21,1000000.00,4.437077,101.109375
08:02:47,91282CKN0,TSRYS5793018,D,S,D,2024-05-21,1000000.00,4.437051,101.109525
08:02:47,91282CKN0,TSRYS5793018,D,B,C,2024-05-21,1000000.00,4.437077,101.109375
08:02:49,91282CKN0,TSRYS5793018,D,S,C,2024-05-21,1000000.00,4.4397,101.09375
08:02:49,91282CKN0,TSRYS5793018,D,B,C,2024-05-21,1000000.00,4.4397,101.09375
08:02:49,91282CKN0,TSRYS5793018,D,S,C,2024-05-21,1000000.00,4.439658,101.094
08:02:49,91282CKN0,TSRYS5793018,D,S,C,2024-05-21,1000000.00,4.442324,101.078125
08:02:49,91282CKN0,TSRYS5793018,D,S,C,2024-05-21,1000000.00,4.442324,101.078125
08:02:49,91282CKN0,TSRYS5793018,D,S,C,2024-05-21,2000000.00,4.442307,101.078225
08:02:49,91282CKN0,TSRYS5793018,D,S,C,2024-05-21,1000000.00,4.442324,101.078125
08:02:49,91282CKN0,TSRYS5793018,D,S,C,2024-05-21,1000000.00,4.442324,101.078125
08:02:49,91282CKN0,TSRYS5793018,D,S,C,2024-05-21,1000000.00,4.442282,101.078375
08:02:49,91282CKN0,TSRYS5793018,D,B,C,2024-05-21,1000000.00,4.442324,101.078125
08:02:50,91282CKN0,TSRYS5793018,D,B,C,2024-05-21,1000000.00,4.4397,101.09375
08:02:50,91282CKN0,TSRYS5793018,D,S,D,2024-05-21,1000000.00,4.4397,101.09375
08:02:50,91282CKN0,TSRYS5793018,D,B,C,2024-05-21,1000000.00,4.4397,101.09375
08:02:50,91282CKN0,TSRYS5793018,D,S,D,2024-05-21,1000000.00,4.4397,101.09375
08:02:50,91282CKN0,TSRYS5793018,D,S,D,2024-05-21,1000000.00,4.433142,101.1328125
08:02:50,91282CKN0,TSRYS5793018,D,B,C,2024-05-21,1000000.00,4.433142,101.1328125
08:02:51,91282CKN0,TSRYS5793018,D,B,C,2024-05-21,1000000.00,4.442374,101.077825
08:02:51,91282CKN0,TSRYS5793018,D,B,C,2024-05-21,1000000.00,4.442324,101.078125
08:02:51,91282CKN0,TSRYS5793018,D,S,C,2024-05-21,1000000.00,4.442324,101.078125
08:02:51,91282CKN0,TSRYS5793018,D,S,C,2024-05-21,1000000.00,4.442324,101.078125
08:02:51,91282CKN0,TSRYS5793018,D,S,D,2024-05-21,2000000.00,4.442324,101.078125
08:02:51,91282CKN0,TSRYS5793018,D,B,C,2024-05-21,2000000.00,4.442362,101.077898
08:02:51,91282CKN0,TSRYS5793018,D,B,C,2024-05-21,2000000.00,4.442362,101.077898
08:02:51,91282CKN0,TSRYS5793018,D,S,C,2024-05-21,2000000.00,4.44229,101.078325
08:02:52,91282CKN0,TSRYS5793018,D,B,C,2024-05-21,1000000.00,4.442324,101.078125
08:02:52,91282CKN0,TSRYS5793018,D,B,C,2024-05-21,1000000.00,4.442362,101.077898
08:02:52,91282CKN0,TSRYS5793018,D,S,C,2024-05-21,1000000.00,4.442324,101.078125
08:02:52,91282CKN0,TSRYS5793018,D,B,C,2024-05-21,1000000.00,4.442362,101.077898
08:02:52,91282CKN0,TSRYS5793018,D,S,C,2024-05-21,1000000.00,4.442324,101.078125
08:02:52,91282CKN0,TSRYS5793018,D,B,C,2024-05-21,1000000.00,4.442362,101.077898
08:02:52,91282CKN0,TSRYS5793018,D,S,C,2024-05-21,1000000.00,4.442324,101.078125
08:02:52,91282CKN0,TSRYS5793018,D,B,C,2024-05-21,1000000.00,4.442324,101.078125
08:02:52,91282CKN0,TSRYS5793018,D,B,C,2024-05-21,1000000.00,4.442362,101.077898
08:02:52,91282CKN0,TSRYS5793018,D,S,C,2024-05-21,1000000.00,4.442324,101.078125
08:02:52,91282CKN0,TSRYS5793018,D,S,C,2024-05-21,1000000.00,4.442324,101.078125
08:02:52,91282CKN0,TSRYS5793018,D,S,D,2024-05-21,1000000.00,4.442324,101.078125
08:02:52,91282CKN0,TSRYS5793018,D,S,C,2024-05-21,1000000.00,4.442324,101.078125
08:02:52,91282CKN0,TSRYS5793018,D,S,D,2024-05-21,1000000.00,4.442324,101.078125
08:02:52,91282CKN0,TSRYS5793018,D,B,C,2024-05-21,1000000.00,4.442362,101.077898
08:02:52,91282CKN0,TSRYS5793018,D,B,C,2024-05-21,1000000.00,4.442324,101.078125
08:02:52,91282CKN0,TSRYS5793018,D,S,D,2024-05-21,1000000.00,4.442324,101.078125
08:02:52,91282CKN0,TSRYS5793018,D,S,D,2024-05-21,1000000.00,4.442324,101.078125
08:02:52,91282CKN0,TSRYS5793018,D,S,C,2024-05-21,1000000.00,4.442324,101.078125
08:02:52,91282CKN0,TSRYS5793018,D,B,C,2024-05-21,1000000.00,4.442324,101.078125
08:02:52,91282CKN0,TSRYS5793018,D,B,C,2024-05-21,1000000.00,4.442324,101.078125
08:02:52,91282CKN0,TSRYS5793018,D,B,C,2024-05-21,1000000.00,4.442324,101.078125
08:02:52,91282CKN0,TSRYS5793018,D,S,D,2024-05-21,1000000.00,4.442324,101.078125
08:02:52,91282CKN0,TSRYS5793018,D,B,C,2024-05-21,1000000.00,4.442324,101.078125
08:02:52,91282CKN0,TSRYS5793018,D,S,D,2024-05-21,1000000.00,4.442324,101.078125
08:02:52,91282CKN0,TSRYS5793018,D,B,C,2024-05-21,1000000.00,4.442324,101.078125
08:02:52,91282CKN0,TSRYS5793018,D,B,C,2024-05-21,1000000.00,4.442324,101.078125
08:02:52,91282CKN0,TSRYS5793018,D,B,C,2024-05-21,1000000.00,4.442324,101.078125
08:02:52,91282CKN0,TSRYS5793018,D,B,C,2024-05-21,1000000.00,4.442324,101.078125
08:02:52,91282CKN0,TSRYS5793018,D,S,D,2024-05-21,1000000.00,4.442324,101.078125
08:02:52,91282CKN0,TSRYS5793018,D,S,C,2024-05-21,1000000.00,4.442282,101.078375
08:02:52,91282CKN0,TSRYS5793018,D,S,D,2024-05-21,1000000.00,4.442324,101.078125
08:02:52,91282CKN0,TSRYS5793018,D,S,C,2024-05-21,1000000.00,4.442324,101.078125
08:02:52,91282CKN0,TSRYS5793018,D,B,C,2024-05-21,1000000.00,4.442324,101.078125
08:02:52,91282CKN0,TSRYS5793018,D,S,C,2024-05-21,1000000.00,4.442282,101.078375
08:02:52,91282CKN0,TSRYS5793018,D,S,D,2024-05-21,1000000.00,4.442324,101.078125
08:02:52,91282CKN0,TSRYS5793018,D,B,C,2024-05-21,1000000.00,4.442324,101.078125
08:02:52,91282CKN0,TSRYS5793018,D,S,C,2024-05-21,1000000.00,4.442324,101.078125
08:02:52,91282CKN0,TSRYS5793018,D,S,C,2024-05-21,1000000.00,4.442324,101.078125
08:02:52,91282CKN0,TSRYS5793018,D,S,C,2024-05-21,1000000.00,4.44229,101.078325
08:02:52,91282CKN0,TSRYS5793018,D,B,C,2024-05-21,1000000.00,4.442324,101.078125
08:02:53,91282CKN0,TSRYS5793018,D,B,C,2024-05-21,1000000.00,4.442324,101.078125
08:02:53,91282CKN0,TSRYS5793018,D,S,D,2024-05-21,1000000.00,4.442324,101.078125
08:02:53,91282CKN0,TSRYS5793018,D,S,D,2024-05-21,1000000.00,4.4397,101.09375
08:02:53,91282CKN0,TSRYS5793018,D,B,C,2024-05-21,1000000.00,4.4397,101.09375
08:02:53,91282CKN0,TSRYS5793018,D,B,C,2024-05-21,1000000.00,4.4397,101.09375
08:02:53,91282CKN0,TSRYS5793018,D,S,D,2024-05-21,1000000.00,4.4397,101.09375
08:02:54,91282CKN0,TSRYS5793018,D,S,D,2024-05-21,4000000.00,4.427899,101.1640625
08:02:54,91282CKN0,TSRYS5793018,D,B,C,2024-05-21,1000000.00,4.4397,101.09375
08:02:54,91282CKN0,TSRYS5793018,D,S,C,2024-05-21,1000000.00,4.4397,101.09375
08:02:54,91282CKN0,TSRYS5793018,D,B,C,2024-05-21,1000000.00,4.4397,101.09375
08:02:54,91282CKN0,TSRYS5793018,D,S,C,2024-05-21,1000000.00,4.4397,101.09375
08:02:54,91282CKN0,TSRYS5793018,D,B,C,2024-05-21,1000000.00,4.4397,101.09375
08:02:54,91282CKN0,TSRYS5793018,D,B,C,2024-05-21,1000000.00,4.4397,101.09375
08:02:54,91282CKN0,TSRYS5793018,D,S,C,2024-05-21,1000000.00,4.439658,101.094
08:02:54,91282CKN0,TSRYS5793018,D,S,D,2024-05-21,1000000.00,4.4397,101.09375
08:02:54,91282CKN0,TSRYS5793018,D,S,C,2024-05-21,1000000.00,4.439666,101.09395
08:02:54,91282CKN0,TSRYS5793018,D,B,C,2024-05-21,1000000.00,4.4397,101.09375
08:02:54,91282CKN0,TSRYS5793018,D,B,C,2024-05-21,1000000.00,4.4397,101.09375
08:02:54,91282CKN0,TSRYS5793018,D,S,C,2024-05-21,1000000.00,4.439666,101.09395
08:02:54,91282CKN0,TSRYS5793018,D,S,D,2024-05-21,1000000.00,4.4397,101.09375
08:02:54,91282CKN0,TSRYS5793018,D,B,C,2024-05-21,1000000.00,4.4397,101.09375
08:02:54,91282CKN0,TSRYS5793018,D,S,D,2024-05-21,2000000.00,4.4397,101.09375
08:02:54,91282CKN0,TSRYS5793018,D,B,C,2024-05-21,2000000.00,4.4397,101.09375
08:02:54,91282CKN0,TSRYS5793018,D,S,D,2024-05-21,1000000.00,4.4397,101.09375
08:02:54,91282CKN0,TSRYS5793018,D,B,C,2024-05-21,1000000.00,4.43975,101.09345
08:02:54,91282CKN0,TSRYS5793018,D,S,C,2024-05-21,1000000.00,4.4397,101.09375
08:02:54,91282CKN0,TSRYS5793018,D,B,C,2024-05-21,1000000.00,4.4397,101.09375
08:02:54,91282CKN0,TSRYS5793018,D,S,C,2024-05-21,1000000.00,4.4397,101.09375
08:02:54,91282CKN0,TSRYS5793018,D,B,C,2024-05-21,1000000.00,4.4397,101.09375
08:02:55,91282CKN0,TSRYS5793018,D,S,C,2024-05-21,2000000.00,4.4397,101.09375
08:02:55,91282CKN0,TSRYS5793018,D,B,C,2024-05-21,2000000.00,4.4397,101.09375
08:02:55,91282CKN0,TSRYS5793018,D,B,C,2024-05-21,1000000.00,4.4397,101.09375
08:02:55,91282CKN0,TSRYS5793018,D,S,C,2024-05-21,1000000.00,4.4397,101.09375
08:02:55,91282CKN0,TSRYS5793018,D,S,C,2024-05-21,1000000.00,4.4397,101.09375
08:02:55,91282CKN0,TSRYS5793018,D,S,C,2024-05-21,1000000.00,4.4397,101.09375
08:02:55,91282CKN0,TSRYS5793018,D,B,C,2024-05-21,1000000.00,4.437077,101.109375
08:02:55,91282CKN0,TSRYS5793018,D,S,D,2024-05-21,1000000.00,4.437077,101.109375
08:02:55,91282CKN0,TSRYS5793018,D,B,C,2024-05-21,1000000.00,4.437077,101.109375
08:02:55,91282CKN0,TSRYS5793018,D,S,C,2024-05-21,1000000.00,4.437077,101.109375
08:02:55,91282CKN0,TSRYS5793018,D,S,D,2024-05-21,1000000.00,4.437077,101.109375
08:02:55,91282CKN0,TSRYS5793018,D,B,C,2024-05-21,1000000.00,4.437077,101.109375
08:02:55,91282CKN0,TSRYS5793018,D,B,C,2024-05-21,1000000.00,4.43711,101.109175
08:02:55,91282CKN0,TSRYS5793018,D,B,C,2024-05-21,2000000.00,4.437077,101.109375
08:02:55,91282CKN0,TSRYS5793018,D,S,D,2024-05-21,1000000.00,4.437077,101.109375
08:02:55,91282CKN0,TSRYS5793018,D,S,D,2024-05-21,1000000.00,4.437077,101.109375
08:02:55,91282CKN0,TSRYS5793018,D,B,C,2024-05-21,1000000.00,4.437077,101.109375
08:02:55,91282CKN0,TSRYS5793018,D,S,D,2024-05-21,2000000.00,4.437077,101.109375
08:02:56,91282CKN0,TSRYS5793018,D,B,C,2024-05-21,1000000.00,4.437077,101.109375
08:02:56,91282CKN0,TSRYS5793018,D,B,C,2024-05-21,1000000.00,4.437077,101.109375
08:02:56,91282CKN0,TSRYS5793018,D,S,D,2024-05-21,1000000.00,4.437077,101.109375
08:02:56,91282CKN0,TSRYS5793018,D,S,D,2024-05-21,1000000.00,4.437077,101.109375
08:02:56,91282CKN0,TSRYS5793018,D,S,D,2024-05-21,1000000.00,4.437077,101.109375
08:02:58,91282CKN0,TSRYS5793018,D,S,C,2024-05-21,1000000.00,4.4397,101.09375
08:02:58,91282CKN0,TSRYS5793018,D,S,C,2024-05-21,1000000.00,4.4397,101.09375
08:02:58,91282CKN0,TSRYS5793018,D,S,C,2024-05-21,1000000.00,4.4397,101.09375
08:02:58,91282CKN0,TSRYS5793018,D,S,C,2024-05-21,1000000.00,4.4397,101.09375
08:02:58,91282CKN0,TSRYS5793018,D,S,C,2024-05-21,1000000.00,4.4397,101.09375
08:02:58,91282CKN0,TSRYS5793018,D,S,C,2024-05-21,1000000.00,4.4397,101.09375
08:02:58,91282CKN0,TSRYS5793018,D,B,C,2024-05-21,1000000.00,4.4397,101.09375
08:02:58,91282CKN0,TSRYS5793018,D,B,C,2024-05-21,1000000.00,4.4397,101.09375
08:02:58,91282CKN0,TSRYS5793018,D,B,C,2024-05-21,1000000.00,4.4397,101.09375
08:02:58,91282CKN0,TSRYS5793018,D,S,C,2024-05-21,1000000.00,4.439683,101.09385
08:02:58,91282CKN0,TSRYS5793018,D,S,C,2024-05-21,1000000.00,4.4397,101.09375
08:02:58,91282CKN0,TSRYS5793018,D,S,C,2024-05-21,1000000.00,4.4397,101.09375
08:02:58,91282CKN0,TSRYS5793018,D,S,C,2024-05-21,1000000.00,4.439683,101.09385
08:02:58,91282CKN0,TSRYS5793018,D,B,C,2024-05-21,1000000.00,4.4397,101.09375
08:02:58,91282CKN0,TSRYS5793018,D,S,C,2024-05-21,1000000.00,4.437077,101.109375
08:02:59,91282CKN0,TSRYS5793018,D,B,C,2024-05-21,1000000.00,4.437127,101.109075
08:02:59,91282CKN0,TSRYS5793018,D,S,C,2024-05-21,1000000.00,4.437077,101.109375
08:02:59,91282CKN0,TSRYS5793018,D,S,C,2024-05-21,1000000.00,4.437043,101.109575
08:02:59,91282CKN0,TSRYS5793018,D,B,C,2024-05-21,1000000.00,4.437127,101.109075
08:02:59,91282CKN0,TSRYS5793018,D,S,C,2024-05-21,1000000.00,4.434454,101.125
08:03:00,91282CKN0,TSRYS5793018,D,S,D,2024-05-21,1000000.00,4.434454,101.125
08:03:00,91282CKN0,TSRYS5793018,D,S,C,2024-05-21,1000000.00,4.434412,101.12525
