tradeTime,cusip,issueSymbolIdentifier,priceType,reportingSideCode,contraPartyTypeCode,tradeDate,reportedTradeVolume,lastSaleYield,lastSalePrice
08:00:03,91282CLM1,TSRYS5893517,D,S,T,2024-10-24,2000000.00,4.122728,97.0234375
08:00:03,91282CLM1,TSRYS5893517,D,S,T,2024-10-24,2000000.00,4.122728,97.0234375
08:00:03,91282CLM1,TSRYS5893517,D,S,D,2024-10-24,2000000.00,4.123394,97.01953125
08:00:03,91282CLM1,TSRYS5893517,D,S,D,2024-10-24,1000000.00,4.116079,97.0625
08:00:03,91282CLM1,TSRYS5893517,D,S,T,2024-10-24,1000000.00,4.114749,97.0703125
08:00:03,91282CLM1,TSRYS5893517,D,S,D,2024-10-24,1000000.00,4.118406,97.048828125
08:00:03,91282CLM1,TSRYS5893517,D,S,D,2024-10-24,2000000.00,4.116411,97.060546875
08:00:03,91282CLM1,TSRYS5893517,D,S,D,2024-10-24,2000000.00,4.116411,97.060546875
08:00:03,91282CLM1,TSRYS5893517,D,S,D,2024-10-24,1000000.00,4.116411,97.060546875
08:00:03,91282CLM1,TSRYS5893517,D,S,D,2024-10-24,1000000.00,4.111426,97.08984375
08:00:03,91282CLM1,TSRYS5893517,D,S,T,2024-10-24,1000000.00,4.104781,97.12890625
08:00:03,91282CLM1,TSRYS5893517,D,S,C,2024-10-24,2000000.00,4.112423,97.083984375
08:00:03,91282CLM1,TSRYS5893517,D,S,C,2024-10-24,1000000.00,4.112423,97.083984375
08:00:03,91282CLM1,TSRYS5893517,D,S,C,2024-10-24,1000000.00,4.11209,97.0859375
08:00:03,91282CLM1,TSRYS5893517,D,S,C,2024-10-24,1000000.00,4.112423,97.083984375
08:00:03,91282CLM1,TSRYS5893517,D,S,C,2024-10-24,1000000.00,4.11209,97.0859375
08:00:03,91282CLM1,TSRYS5893517,D,S,D,2024-10-24,1000000.00,4.114749,97.0703125
08:00:03,91282CLM1,TSRYS5893517,D,S,D,2024-10-24,1000000.00,4.097476,97.171875
08:00:03,91282CLM1,TSRYS5893517,D,S,D,2024-10-24,1000000.00,4.097144,97.173828125
08:00:03,91282CLM1,TSRYS5893517,D,S,D,2024-10-24,1000000.00,4.0998,97.158203125
08:00:03,91282CLM1,TSRYS5893517,D,S,D,2024-10-24,1000000.00,4.10146,97.1484375
08:00:03,91282CLM1,TSRYS5893517,D,S,D,2024-10-24,1000000.00,4.104117,97.1328125
08:00:03,91282CLM1,TSRYS5893517,D,S,T,2024-10-24,1000000.00,4.097476,97.171875
08:00:03,91282CLM1,TSRYS5893517,D,S,D,2024-10-24,1000000.00,4.098804,97.1640625
08:00:03,91282CLM1,TSRYS5893517,D,S,D,2024-10-24,1000000.00,4.098472,97.166015625
08:00:03,91282CLM1,TSRYS5893517,D,S,D,2024-10-24,1000000.00,4.09814,97.16796875
08:00:04,91282CLM1,TSRYS5893517,D,S,D,2024-10-24,1000000.00,4.10146,97.1484375
08:00:04,91282CLM1,TSRYS5893517,D,S,D,2024-10-24,1000000.00,4.101792,97.146484375
08:00:04,91282CLM1,TSRYS5893517,D,S,D,2024-10-24,1000000.00,4.099136,97.162109375
08:00:04,91282CLM1,TSRYS5893517,D,S,D,2024-10-24,1000000.00,4.099468,97.16015625
08:00:04,91282CLM1,TSRYS5893517,D,S,D,2024-10-24,1000000.00,4.099468,97.16015625
08:00:04,91282CLM1,TSRYS5893517,D,S,D,2024-10-24,1000000.00,4.099468,97.16015625
08:00:04,91282CLM1,TSRYS5893517,D,S,D,2024-10-24,1000000.00,4.0998,97.158203125
08:00:04,91282CLM1,TSRYS5893517,D,S,D,2024-10-24,1000000.00,4.0998,97.158203125
08:00:04,91282CLM1,TSRYS5893517,D,S,T,2024-10-24,1000000.00,4.099136,97.162109375
08:00:04,91282CLM1,TSRYS5893517,D,S,D,2024-10-24,1000000.00,4.0998,97.158203125
08:00:04,91282CLM1,TSRYS5893517,D,S,D,2024-10-24,1000000.00,4.09482,97.1875
08:00:04,91282CLM1,TSRYS5893517,D,S,T,2024-10-24,1000000.00,4.092829,97.19921875
08:00:04,91282CLM1,TSRYS5893517,D,S,T,2024-10-24,1000000.00,4.091833,97.205078125
08:00:04,91282CLM1,TSRYS5893517,D,S,T,2024-10-24,1000000.00,4.091833,97.205078125
08:00:04,91282CLM1,TSRYS5893517,D,S,T,2024-10-24,1000000.00,4.091833,97.205078125
08:00:04,91282CLM1,TSRYS5893517,D,S,T,2024-10-24,1000000.00,4.092165,97.203125
08:00:04,91282CLM1,TSRYS5893517,D,S,D,2024-10-24,1000000.00,4.092165,97.203125
08:00:04,91282CLM1,TSRYS5893517,D,S,T,2024-10-24,1000000.00,4.092165,97.203125
08:00:04,91282CLM1,TSRYS5893517,D,S,T,2024-10-24,1000000.00,4.094156,97.19140625
08:00:04,91282CLM1,TSRYS5893517,D,S,D,2024-10-24,1000000.00,4.094156,97.19140625
08:00:04,91282CLM1,TSRYS5893517,D,S,D,2024-10-24,1000000.00,4.094156,97.19140625
08:00:04,91282CLM1,TSRYS5893517,D,S,D,2024-10-24,1000000.00,4.094156,97.19140625
08:00:04,91282CLM1,TSRYS5893517,D,S,T,2024-10-24,1000000.00,4.094156,97.19140625
08:00:04,91282CLM1,TSRYS5893517,D,S,D,2024-10-24,1000000.00,4.094156,97.19140625
08:00:04,91282CLM1,TSRYS5893517,D,S,T,2024-10-24,1000000.00,4.094156,97.19140625
08:00:04,91282CLM1,TSRYS5893517,D,S,D,2024-10-24,1000000.00,4.094156,97.19140625
08:00:04,91282CLM1,TSRYS5893517,D,S,D,2024-10-24,1000000.00,4.095152,97.185546875
08:00:04,91282CLM1,TSRYS5893517,D,S,D,2024-10-24,2000000.00,4.09482,97.1875
08:00:04,91282CLM1,TSRYS5893517,D,S,D,2024-10-24,1000000.00,4.095152,97.185546875
08:00:04,91282CLM1,TSRYS5893517,D,S,D,2024-10-24,2000000.00,4.094156,97.19140625
08:00:04,91282CLM1,TSRYS5893517,D,S,D,2024-10-24,1000000.00,4.094488,97.189453125
08:00:04,91282CLM1,TSRYS5893517,D,S,D,2024-10-24,1000000.00,4.094156,97.19140625
08:00:04,91282CLM1,TSRYS5893517,D,S,D,2024-10-24,1000000.00,4.094156,97.19140625
08:00:04,91282CLM1,TSRYS5893517,D,S,C,2024-10-24,360000.00,4.090838,97.2109375
08:00:04,91282CLM1,TSRYS5893517,D,S,D,2024-10-24,1000000.00,4.092165,97.203125
08:00:04,91282CLM1,TSRYS5893517,D,S,D,2024-10-24,1000000.00,4.094488,97.189453125
08:00:04,91282CLM1,TSRYS5893517,D,S,D,2024-10-24,2000000.00,4.096812,97.17578125
08:00:04,91282CLM1,TSRYS5893517,D,S,D,2024-10-24,1000000.00,4.096812,97.17578125
08:00:04,91282CLM1,TSRYS5893517,D,S,T,2024-10-24,1000000.00,4.096812,97.17578125
08:00:04,91282CLM1,TSRYS5893517,D,S,D,2024-10-24,1000000.00,4.09482,97.1875
08:00:04,91282CLM1,TSRYS5893517,D,S,D,2024-10-24,1000000.00,4.09482,97.1875
08:00:04,91282CLM1,TSRYS5893517,D,S,T,2024-10-24,1000000.00,4.094156,97.19140625
08:00:04,91282CLM1,TSRYS5893517,D,S,D,2024-10-24,2000000.00,4.094156,97.19140625
08:00:04,91282CLM1,TSRYS5893517,D,S,D,2024-10-24,1000000.00,4.094156,97.19140625
08:00:04,91282CLM1,TSRYS5893517,D,S,D,2024-10-24,2000000.00,4.094156,97.19140625
08:00:04,91282CLM1,TSRYS5893517,D,S,D,2024-10-24,1000000.00,4.094156,97.19140625
08:00:04,91282CLM1,TSRYS5893517,D,S,D,2024-10-24,2000000.00,4.094156,97.19140625
08:00:04,91282CLM1,TSRYS5893517,D,S,T,2024-10-24,1000000.00,4.095484,97.18359375
08:00:04,91282CLM1,TSRYS5893517,D,S,T,2024-10-24,1000000.00,4.095484,97.18359375
08:00:04,91282CLM1,TSRYS5893517,D,S,T,2024-10-24,2000000.00,4.093824,97.193359375
08:00:04,91282CLM1,TSRYS5893517,D,S,D,2024-10-24,1000000.00,4.091169,97.208984375
08:00:04,91282CLM1,TSRYS5893517,D,S,D,2024-10-24,1000000.00,4.091169,97.208984375
08:00:04,91282CLM1,TSRYS5893517,D,S,D,2024-10-24,1000000.00,4.091169,97.208984375
08:00:04,91282CLM1,TSRYS5893517,D,S,D,2024-10-24,1000000.00,4.091169,97.208984375
08:00:04,91282CLM1,TSRYS5893517,D,S,D,2024-10-24,1000000.00,4.091169,97.208984375
08:00:04,91282CLM1,TSRYS5893517,D,S,D,2024-10-24,1000000.00,4.091169,97.208984375
08:00:05,91282CLM1,TSRYS5893517,D,S,T,2024-10-24,1000000.00,4.11209,97.0859375
08:00:05,91282CLM1,TSRYS5893517,D,S,T,2024-10-24,1000000.00,4.105445,97.125
08:00:05,91282CLM1,TSRYS5893517,D,S,T,2024-10-24,1000000.00,4.105445,97.125
08:00:11,91282CLM1,TSRYS5893517,D,S,T,2024-10-24,1000000.00,4.13637,96.943359375
08:00:11,91282CLM1,TSRYS5893517,D,S,T,2024-10-24,1000000.00,4.136037,96.9453125
08:00:11,91282CLM1,TSRYS5893517,D,S,D,2024-10-24,1000000.00,4.105445,97.125
08:00:11,91282CLM1,TSRYS5893517,D,S,D,2024-10-24,1000000.00,4.096148,97.1796875
08:00:12,91282CLM1,TSRYS5893517,D,B,C,2024-10-24,1000000.00,4.096735,97.176234375
08:00:12,91282CLM1,TSRYS5893517,D,S,D,2024-10-24,1000000.00,4.098804,97.1640625
08:00:12,91282CLM1,TSRYS5893517,D,B,C,2024-10-24,17000000.00,4.094156,97.19140625
08:00:12,91282CLM1,TSRYS5893517,D,S,T,2024-10-24,1000000.00,4.09482,97.1875
08:00:12,91282CLM1,TSRYS5893517,D,S,T,2024-10-24,1000000.00,4.093492,97.1953125
08:00:12,91282CLM1,TSRYS5893517,D,S,D,2024-10-24,1000000.00,4.096148,97.1796875
08:00:12,91282CLM1,TSRYS5893517,D,S,T,2024-10-24,1000000.00,4.096148,97.1796875
08:00:12,91282CLM1,TSRYS5893517,D,S,D,2024-10-24,1000000.00,4.146693,96.8828125
08:00:12,91282CLM1,TSRYS5893517,D,S,D,2024-10-24,1000000.00,4.093492,97.1953125
08:00:12,91282CLM1,TSRYS5893517,D,S,D,2024-10-24,1000000.00,4.09482,97.1875
08:00:12,91282CLM1,TSRYS5893517,D,S,D,2024-10-24,1000000.00,4.096148,97.1796875
08:00:12,91282CLM1,TSRYS5893517,D,S,T,2024-10-24,1000000.00,4.093492,97.1953125
08:00:12,91282CLM1,TSRYS5893517,D,S,T,2024-10-24,1000000.00,4.093492,97.1953125
08:00:12,91282CLM1,TSRYS5893517,D,S,T,2024-10-24,1000000.00,4.093492,97.1953125
08:00:12,91282CLM1,TSRYS5893517,D,S,T,2024-10-24,1000000.00,4.093492,97.1953125
08:00:12,91282CLM1,TSRYS5893517,D,S,D,2024-10-24,1000000.00,4.093492,97.1953125
08:00:12,91282CLM1,TSRYS5893517,D,S,T,2024-10-24,1000000.00,4.093492,97.1953125
08:00:12,91282CLM1,TSRYS5893517,D,S,T,2024-10-24,1000000.00,4.093492,97.1953125
08:00:12,91282CLM1,TSRYS5893517,D,S,D,2024-10-24,1000000.00,4.093492,97.1953125
08:00:12,91282CLM1,TSRYS5893517,D,S,T,2024-10-24,1000000.00,4.093492,97.1953125
08:00:12,91282CLM1,TSRYS5893517,D,S,D,2024-10-24,1000000.00,4.093492,97.1953125
08:00:12,91282CLM1,TSRYS5893517,D,S,D,2024-10-24,1000000.00,4.093492,97.1953125
08:00:12,91282CLM1,TSRYS5893517,D,S,T,2024-10-24,1000000.00,4.093492,97.1953125
08:00:12,91282CLM1,TSRYS5893517,D,S,T,2024-10-24,1000000.00,4.093492,97.1953125
08:00:12,91282CLM1,TSRYS5893517,D,S,D,2024-10-24,1000000.00,4.093492,97.1953125
08:00:12,91282CLM1,TSRYS5893517,D,S,T,2024-10-24,1000000.00,4.093492,97.1953125
08:00:12,91282CLM1,TSRYS5893517,D,S,T,2024-10-24,1000000.00,4.093492,97.1953125
08:00:12,91282CLM1,TSRYS5893517,D,S,D,2024-10-24,1000000.00,4.093492,97.1953125
08:00:15,91282CLM1,TSRYS5893517,D,B,A,2024-10-24,16650000.00,4.106842,97.1167875
08:00:15,91282CLM1,TSRYS5893517,D,S,D,2024-10-24,1000000.00,4.107106,97.115234375
08:00:15,91282CLM1,TSRYS5893517,D,S,D,2024-10-24,1000000.00,4.107106,97.115234375
08:00:15,91282CLM1,TSRYS5893517,D,S,D,2024-10-24,1000000.00,4.106774,97.1171875
08:00:15,91282CLM1,TSRYS5893517,D,S,D,2024-10-24,1000000.00,4.106774,97.1171875
08:00:15,91282CLM1,TSRYS5893517,D,S,D,2024-10-24,1000000.00,4.108435,97.107421875
08:00:15,91282CLM1,TSRYS5893517,D,S,D,2024-10-24,1000000.00,4.108435,97.107421875
08:00:15,91282CLM1,TSRYS5893517,D,S,D,2024-10-24,1000000.00,4.114417,97.072265625
08:00:15,91282CLM1,TSRYS5893517,D,S,D,2024-10-24,1000000.00,4.117408,97.0546875
08:00:15,91282CLM1,TSRYS5893517,D,S,D,2024-10-24,1000000.00,4.115746,97.064453125
08:00:15,91282CLM1,TSRYS5893517,D,S,D,2024-10-24,1000000.00,4.116411,97.060546875
08:00:15,91282CLM1,TSRYS5893517,D,S,D,2024-10-24,1000000.00,4.116411,97.060546875
08:00:15,91282CLM1,TSRYS5893517,D,S,T,2024-10-24,2000000.00,4.114749,97.0703125
08:00:15,91282CLM1,TSRYS5893517,D,S,D,2024-10-24,1000000.00,4.113752,97.076171875
08:00:15,91282CLM1,TSRYS5893517,D,S,D,2024-10-24,1000000.00,4.114749,97.0703125
08:00:15,91282CLM1,TSRYS5893517,D,S,D,2024-10-24,2000000.00,4.113752,97.076171875
08:00:16,91282CLM1,TSRYS5893517,D,S,D,2024-10-24,500000.00,4.097476,97.171875
08:00:16,91282CLM1,TSRYS5893517,D,S,D,2024-10-24,500000.00,4.097476,97.171875
08:00:16,91282CLM1,TSRYS5893517,D,S,C,2024-10-24,50968500.00,4.08951,97.21875
08:00:16,91282CLM1,TSRYS5893517,D,S,D,2024-10-24,1000000.00,4.122728,97.0234375
08:00:16,91282CLM1,TSRYS5893517,D,S,D,2024-10-24,1000000.00,4.090838,97.2109375
08:00:17,91282CLM1,TSRYS5893517,D,S,D,2024-10-24,50968500.00,4.08951,97.21875
08:00:17,91282CLM1,TSRYS5893517,D,S,T,2024-10-24,1000000.00,4.092165,97.203125
08:00:17,91282CLM1,TSRYS5893517,D,S,T,2024-10-24,1000000.00,4.092165,97.203125
08:00:17,91282CLM1,TSRYS5893517,D,S,T,2024-10-24,1000000.00,4.092165,97.203125
08:00:17,91282CLM1,TSRYS5893517,D,S,D,2024-10-24,1000000.00,4.095152,97.185546875
08:00:17,91282CLM1,TSRYS5893517,D,S,D,2024-10-24,2974000.00,4.095484,97.18359375
08:00:17,91282CLM1,TSRYS5893517,D,S,T,2024-10-24,9050000.00,4.12672,97.0
08:00:17,91282CLM1,TSRYS5893517,D,S,T,2024-10-24,13550000.00,4.12672,97.0
08:00:17,91282CLM1,TSRYS5893517,D,S,T,2024-10-24,67600000.00,4.12672,97.0
08:00:17,91282CLM1,TSRYS5893517,D,S,T,2024-10-24,45150000.00,4.12672,97.0
08:00:17,91282CLM1,TSRYS5893517,D,S,T,2024-10-24,45150000.00,4.12672,97.0
08:00:17,91282CLM1,TSRYS5893517,D,S,D,2024-10-24,1000000.00,4.095152,97.185546875
08:00:17,91282CLM1,TSRYS5893517,D,S,T,2024-10-24,9050000.00,4.12672,97.0
08:00:17,91282CLM1,TSRYS5893517,D,S,T,2024-10-24,4500000.00,4.12672,97.0
08:00:17,91282CLM1,TSRYS5893517,D,B,C,2024-10-24,100000000.00,4.094283,97.190661
08:00:17,91282CLM1,TSRYS5893517,D,S,T,2024-10-24,1000000.00,4.128383,96.990234375
08:00:17,91282CLM1,TSRYS5893517,D,S,T,2024-10-24,1000000.00,4.122063,97.02734375
08:00:17,91282CLM1,TSRYS5893517,D,S,D,2024-10-24,1000000.00,4.114417,97.072265625
08:00:17,91282CLM1,TSRYS5893517,D,S,D,2024-10-24,1000000.00,4.118406,97.048828125
08:00:17,91282CLM1,TSRYS5893517,D,S,T,2024-10-24,1000000.00,4.108103,97.109375
08:00:17,91282CLM1,TSRYS5893517,D,S,T,2024-10-24,1000000.00,4.110761,97.09375
08:00:17,91282CLM1,TSRYS5893517,D,S,T,2024-10-24,1000000.00,4.110761,97.09375
08:00:17,91282CLM1,TSRYS5893517,D,S,T,2024-10-24,5000000.00,4.110761,97.09375
08:00:17,91282CLM1,TSRYS5893517,D,S,T,2024-10-24,1000000.00,4.11209,97.0859375
08:00:17,91282CLM1,TSRYS5893517,D,S,T,2024-10-24,1000000.00,4.11209,97.0859375
08:00:17,91282CLM1,TSRYS5893517,D,S,T,2024-10-24,2000000.00,4.106774,97.1171875
08:00:17,91282CLM1,TSRYS5893517,D,S,T,2024-10-24,1000000.00,4.114749,97.0703125
08:00:17,91282CLM1,TSRYS5893517,D,S,T,2024-10-24,1000000.00,4.114749,97.0703125
08:00:17,91282CLM1,TSRYS5893517,D,S,T,2024-10-24,1000000.00,4.114749,97.0703125
08:00:17,91282CLM1,TSRYS5893517,D,S,D,2024-10-24,1000000.00,4.115746,97.064453125
08:00:17,91282CLM1,TSRYS5893517,D,S,D,2024-10-24,1000000.00,4.115746,97.064453125
08:00:17,91282CLM1,TSRYS5893517,D,S,D,2024-10-24,1000000.00,4.115746,97.064453125
08:00:17,91282CLM1,TSRYS5893517,D,S,T,2024-10-24,1000000.00,4.115746,97.064453125
08:00:17,91282CLM1,TSRYS5893517,D,S,T,2024-10-24,2000000.00,4.114749,97.0703125
08:00:17,91282CLM1,TSRYS5893517,D,S,T,2024-10-24,1000000.00,4.114749,97.0703125
08:00:17,91282CLM1,TSRYS5893517,D,S,T,2024-10-24,1000000.00,4.096148,97.1796875
08:00:17,91282CLM1,TSRYS5893517,D,S,T,2024-10-24,2000000.00,4.097476,97.171875
08:00:17,91282CLM1,TSRYS5893517,D,S,T,2024-10-24,1000000.00,4.098804,97.1640625
08:00:17,91282CLM1,TSRYS5893517,D,S,T,2024-10-24,5000000.00,4.10146,97.1484375
08:00:17,91282CLM1,TSRYS5893517,D,S,D,2024-10-24,1000000.00,4.101128,97.150390625
08:00:17,91282CLM1,TSRYS5893517,D,S,T,2024-10-24,1000000.00,4.093492,97.1953125
08:00:17,91282CLM1,TSRYS5893517,D,S,T,2024-10-24,1000000.00,4.093492,97.1953125
08:00:17,91282CLM1,TSRYS5893517,D,S,D,2024-10-24,1000000.00,4.099136,97.162109375
08:00:17,91282CLM1,TSRYS5893517,D,S,D,2024-10-24,1000000.00,4.099468,97.16015625
08:00:17,91282CLM1,TSRYS5893517,D,S,D,2024-10-24,1000000.00,4.099468,97.16015625
08:00:17,91282CLM1,TSRYS5893517,D,S,T,2024-10-24,1000000.00,4.099468,97.16015625
08:00:17,91282CLM1,TSRYS5893517,D,S,T,2024-10-24,1000000.00,4.099468,97.16015625
08:00:17,91282CLM1,TSRYS5893517,D,S,T,2024-10-24,1000000.00,4.099468,97.16015625
08:00:17,91282CLM1,TSRYS5893517,D,S,T,2024-10-24,1000000.00,4.099468,97.16015625
08:00:17,91282CLM1,TSRYS5893517,D,S,T,2024-10-24,1000000.00,4.099468,97.16015625
08:00:17,91282CLM1,TSRYS5893517,D,S,T,2024-10-24,1000000.00,4.098804,97.1640625
08:00:17,91282CLM1,TSRYS5893517,D,S,T,2024-10-24,1000000.00,4.09482,97.1875
08:00:19,91282CLM1,TSRYS5893517,D,S,D,2024-10-24,1000000.00,4.12672,97.0
08:00:19,91282CLM1,TSRYS5893517,D,S,C,2024-10-24,1000000.00,4.127385,96.99609375
08:00:20,91282CLM1,TSRYS5893517,D,S,D,2024-10-24,1000000.00,4.128051,96.9921875
08:00:22,91282CLM1,TSRYS5893517,D,S,T,2024-10-24,1000000.00,4.097476,97.171875
08:00:22,91282CLM1,TSRYS5893517,D,S,T,2024-10-24,1000000.00,4.097476,97.171875
08:00:22,91282CLM1,TSRYS5893517,D,S,T,2024-10-24,3000000.00,4.100132,97.15625
08:00:22,91282CLM1,TSRYS5893517,D,S,T,2024-10-24,1000000.00,4.093492,97.1953125
08:00:22,91282CLM1,TSRYS5893517,D,S,T,2024-10-24,1000000.00,4.093492,97.1953125
08:00:22,91282CLM1,TSRYS5893517,D,S,T,2024-10-24,1000000.00,4.093492,97.1953125
08:00:22,91282CLM1,TSRYS5893517,D,S,T,2024-10-24,1000000.00,4.093492,97.1953125
08:00:22,91282CLM1,TSRYS5893517,D,S,T,2024-10-24,1000000.00,4.098804,97.1640625
08:00:22,91282CLM1,TSRYS5893517,D,S,T,2024-10-24,2000000.00,4.098804,97.1640625
08:00:23,91282CLM1,TSRYS5893517,D,S,T,2024-10-24,1000000.00,4.106774,97.1171875
08:00:23,91282CLM1,TSRYS5893517,D,S,D,2024-10-24,1000000.00,4.116079,97.0625
08:00:23,91282CLM1,TSRYS5893517,D,S,D,2024-10-24,1000000.00,4.11342,97.078125
08:00:25,91282CLM1,TSRYS5893517,D,S,D,2024-10-24,1000000.00,4.109432,97.1015625
08:00:25,91282CLM1,TSRYS5893517,D,S,D,2024-10-24,1000000.00,4.1091,97.103515625
08:00:25,91282CLM1,TSRYS5893517,D,S,D,2024-10-24,1000000.00,4.110761,97.09375
08:00:27,91282CLM1,TSRYS5893517,D,S,D,2024-10-24,1000000.00,4.105445,97.125
08:00:27,91282CLM1,TSRYS5893517,D,S,D,2024-10-24,1000000.00,4.104117,97.1328125
08:00:29,91282CLM1,TSRYS5893517,D,S,D,2024-10-24,1000000.00,4.096148,97.1796875
08:00:30,91282CLM1,TSRYS5893517,D,S,T,2024-10-24,1000000.00,4.146693,96.8828125
08:00:30,91282CLM1,TSRYS5893517,D,S,T,2024-10-24,1000000.00,4.146693,96.8828125
08:00:30,91282CLM1,TSRYS5893517,D,S,T,2024-10-24,1000000.00,4.145361,96.890625
08:00:30,91282CLM1,TSRYS5893517,D,S,T,2024-10-24,1000000.00,4.14736,96.87890625
08:00:30,91282CLM1,TSRYS5893517,D,S,T,2024-10-24,1000000.00,4.142696,96.90625
08:00:30,91282CLM1,TSRYS5893517,D,S,T,2024-10-24,1000000.00,4.141364,96.9140625
08:00:30,91282CLM1,TSRYS5893517,D,S,T,2024-10-24,1000000.00,4.137369,96.9375
08:00:30,91282CLM1,TSRYS5893517,D,S,T,2024-10-24,1000000.00,4.136037,96.9453125
08:00:30,91282CLM1,TSRYS5893517,D,S,T,2024-10-24,1000000.00,4.136037,96.9453125
08:00:30,91282CLM1,TSRYS5893517,D,S,T,2024-10-24,1000000.00,4.136037,96.9453125
08:00:30,91282CLM1,TSRYS5893517,D,S,T,2024-10-24,1000000.00,4.13637,96.943359375
08:00:30,91282CLM1,TSRYS5893517,D,S,T,2024-10-24,1000000.00,4.136037,96.9453125
08:00:30,91282CLM1,TSRYS5893517,D,S,T,2024-10-24,1000000.00,4.137369,96.9375
08:00:30,91282CLM1,TSRYS5893517,D,S,T,2024-10-24,1000000.00,4.137369,96.9375
08:00:30,91282CLM1,TSRYS5893517,D,S,T,2024-10-24,1000000.00,4.137369,96.9375
08:00:30,91282CLM1,TSRYS5893517,D,S,T,2024-10-24,1000000.00,4.137369,96.9375
08:00:30,91282CLM1,TSRYS5893517,D,S,T,2024-10-24,1000000.00,4.137369,96.9375
08:00:30,91282CLM1,TSRYS5893517,D,S,T,2024-10-24,1000000.00,4.137369,96.9375
08:00:30,91282CLM1,TSRYS5893517,D,S,T,2024-10-24,1000000.00,4.137369,96.9375
08:00:30,91282CLM1,TSRYS5893517,D,S,T,2024-10-24,1000000.00,4.136037,96.9453125
08:00:30,91282CLM1,TSRYS5893517,D,S,T,2024-10-24,1000000.00,4.136037,96.9453125
08:00:30,91282CLM1,TSRYS5893517,D,S,T,2024-10-24,1000000.00,4.133375,96.9609375
08:00:30,91282CLM1,TSRYS5893517,D,S,T,2024-10-24,1000000.00,4.132043,96.96875
08:00:30,91282CLM1,TSRYS5893517,D,S,T,2024-10-24,2000000.00,4.132043,96.96875
08:00:30,91282CLM1,TSRYS5893517,D,S,T,2024-10-24,1000000.00,4.133375,96.9609375
08:00:30,91282CLM1,TSRYS5893517,D,S,T,2024-10-24,1000000.00,4.133375,96.9609375
08:00:30,91282CLM1,TSRYS5893517,D,S,T,2024-10-24,1000000.00,4.132043,96.96875
08:00:30,91282CLM1,TSRYS5893517,D,S,T,2024-10-24,1000000.00,4.132043,96.96875
08:00:30,91282CLM1,TSRYS5893517,D,S,T,2024-10-24,1000000.00,4.132043,96.96875
08:00:30,91282CLM1,TSRYS5893517,D,S,T,2024-10-24,1000000.00,4.132043,96.96875
08:00:30,91282CLM1,TSRYS5893517,D,S,T,2024-10-24,1000000.00,4.132043,96.96875
08:00:30,91282CLM1,TSRYS5893517,D,S,T,2024-10-24,1000000.00,4.132043,96.96875
08:00:30,91282CLM1,TSRYS5893517,D,S,T,2024-10-24,1000000.00,4.129381,96.984375
08:00:30,91282CLM1,TSRYS5893517,D,S,T,2024-10-24,1000000.00,4.129381,96.984375
08:00:30,91282CLM1,TSRYS5893517,D,S,T,2024-10-24,1000000.00,4.129381,96.984375
08:00:30,91282CLM1,TSRYS5893517,D,S,T,2024-10-24,1000000.00,4.128383,96.990234375
08:00:30,91282CLM1,TSRYS5893517,D,S,T,2024-10-24,1000000.00,4.12672,97.0
08:00:30,91282CLM1,TSRYS5893517,D,S,T,2024-10-24,1000000.00,4.124724,97.01171875
08:00:30,91282CLM1,TSRYS5893517,D,S,T,2024-10-24,1000000.00,4.122728,97.0234375
08:00:30,91282CLM1,TSRYS5893517,D,S,T,2024-10-24,1000000.00,4.122063,97.02734375
08:00:30,91282CLM1,TSRYS5893517,D,S,T,2024-10-24,1000000.00,4.122063,97.02734375
08:00:30,91282CLM1,TSRYS5893517,D,S,T,2024-10-24,1000000.00,4.122063,97.02734375
08:00:30,91282CLM1,TSRYS5893517,D,S,T,2024-10-24,1000000.00,4.121398,97.03125
08:00:30,91282CLM1,TSRYS5893517,D,S,T,2024-10-24,1000000.00,4.120733,97.03515625
08:00:30,91282CLM1,TSRYS5893517,D,S,T,2024-10-24,1000000.00,4.121398,97.03125
08:00:30,91282CLM1,TSRYS5893517,D,S,T,2024-10-24,1000000.00,4.121398,97.03125
08:00:30,91282CLM1,TSRYS5893517,D,S,T,2024-10-24,1000000.00,4.121398,97.03125
08:00:30,91282CLM1,TSRYS5893517,D,S,T,2024-10-24,1000000.00,4.122728,97.0234375
08:00:30,91282CLM1,TSRYS5893517,D,S,T,2024-10-24,1000000.00,4.122728,97.0234375
08:00:30,91282CLM1,TSRYS5893517,D,S,T,2024-10-24,1000000.00,4.122728,97.0234375
08:00:30,91282CLM1,TSRYS5893517,D,S,D,2024-10-24,1000000.00,4.098804,97.1640625
08:00:30,91282CLM1,TSRYS5893517,D,S,D,2024-10-24,1000000.00,4.098472,97.166015625
08:00:30,91282CLM1,TSRYS5893517,D,S,D,2024-10-24,1000000.00,4.101128,97.150390625
08:00:30,91282CLM1,TSRYS5893517,D,S,T,2024-10-24,1000000.00,4.124059,97.015625
08:00:30,91282CLM1,TSRYS5893517,D,S,D,2024-10-24,2000000.00,4.124059,97.015625
08:00:30,91282CLM1,TSRYS5893517,D,S,T,2024-10-24,1000000.00,4.124059,97.015625
08:00:30,91282CLM1,TSRYS5893517,D,S,T,2024-10-24,1000000.00,4.124059,97.015625
08:00:30,91282CLM1,TSRYS5893517,D,S,T,2024-10-24,1000000.00,4.124059,97.015625
08:00:30,91282CLM1,TSRYS5893517,D,S,T,2024-10-24,1000000.00,4.124059,97.015625
08:00:30,91282CLM1,TSRYS5893517,D,S,T,2024-10-24,1000000.00,4.122728,97.0234375
08:00:30,91282CLM1,TSRYS5893517,D,S,T,2024-10-24,1000000.00,4.122728,97.0234375
08:00:30,91282CLM1,TSRYS5893517,D,S,T,2024-10-24,1000000.00,4.124059,97.015625
08:00:30,91282CLM1,TSRYS5893517,D,S,T,2024-10-24,1000000.00,4.124059,97.015625
08:00:30,91282CLM1,TSRYS5893517,D,S,T,2024-10-24,1000000.00,4.124059,97.015625
08:00:30,91282CLM1,TSRYS5893517,D,S,T,2024-10-24,1000000.00,4.124059,97.015625
08:00:30,91282CLM1,TSRYS5893517,D,S,T,2024-10-24,1000000.00,4.12672,97.0
08:00:30,91282CLM1,TSRYS5893517,D,S,T,2024-10-24,1000000.00,4.12672,97.0
08:00:30,91282CLM1,TSRYS5893517,D,S,T,2024-10-24,1000000.00,4.12672,97.0
08:00:30,91282CLM1,TSRYS5893517,D,S,T,2024-10-24,1000000.00,4.12672,97.0
08:00:30,91282CLM1,TSRYS5893517,D,S,T,2024-10-24,1000000.00,4.128051,96.9921875
08:00:30,91282CLM1,TSRYS5893517,D,S,T,2024-10-24,1000000.00,4.128051,96.9921875
08:00:30,91282CLM1,TSRYS5893517,D,S,T,2024-10-24,1000000.00,4.120068,97.0390625
08:00:30,91282CLM1,TSRYS5893517,D,S,T,2024-10-24,1000000.00,4.116744,97.05859375
08:00:30,91282CLM1,TSRYS5893517,D,S,T,2024-10-24,1000000.00,4.117408,97.0546875
08:00:30,91282CLM1,TSRYS5893517,D,S,T,2024-10-24,1000000.00,4.117408,97.0546875
08:00:30,91282CLM1,TSRYS5893517,D,S,T,2024-10-24,1000000.00,4.117408,97.0546875
08:00:30,91282CLM1,TSRYS5893517,D,S,T,2024-10-24,1000000.00,4.117741,97.052734375
08:00:30,91282CLM1,TSRYS5893517,D,S,T,2024-10-24,1000000.00,4.117741,97.052734375
08:00:30,91282CLM1,TSRYS5893517,D,S,T,2024-10-24,1000000.00,4.117741,97.052734375
08:00:30,91282CLM1,TSRYS5893517,D,S,T,2024-10-24,1000000.00,4.117408,97.0546875
08:00:30,91282CLM1,TSRYS5893517,D,S,T,2024-10-24,1000000.00,4.117408,97.0546875
08:00:30,91282CLM1,TSRYS5893517,D,S,T,2024-10-24,1000000.00,4.116079,97.0625
08:00:30,91282CLM1,TSRYS5893517,D,S,T,2024-10-24,1000000.00,4.116079,97.0625
08:00:30,91282CLM1,TSRYS5893517,D,S,T,2024-10-24,1000000.00,4.116079,97.0625
08:00:30,91282CLM1,TSRYS5893517,D,S,T,2024-10-24,1000000.00,4.116079,97.0625
08:00:30,91282CLM1,TSRYS5893517,D,S,T,2024-10-24,1000000.00,4.116079,97.0625
08:00:30,91282CLM1,TSRYS5893517,D,S,T,2024-10-24,1000000.00,4.114749,97.0703125
08:00:30,91282CLM1,TSRYS5893517,D,S,T,2024-10-24,1000000.00,4.114749,97.0703125
08:00:30,91282CLM1,TSRYS5893517,D,S,T,2024-10-24,1000000.00,4.114749,97.0703125
08:00:30,91282CLM1,TSRYS5893517,D,S,T,2024-10-24,1000000.00,4.114749,97.0703125
08:00:30,91282CLM1,TSRYS5893517,D,S,T,2024-10-24,1000000.00,4.11342,97.078125
08:00:30,91282CLM1,TSRYS5893517,D,S,T,2024-10-24,1000000.00,4.11342,97.078125
08:00:30,91282CLM1,TSRYS5893517,D,S,T,2024-10-24,1000000.00,4.114749,97.0703125
08:00:30,91282CLM1,TSRYS5893517,D,S,T,2024-10-24,1000000.00,4.114749,97.0703125
08:00:30,91282CLM1,TSRYS5893517,D,S,T,2024-10-24,1000000.00,4.114749,97.0703125
08:00:30,91282CLM1,TSRYS5893517,D,S,T,2024-10-24,1000000.00,4.114749,97.0703125
08:00:30,91282CLM1,TSRYS5893517,D,S,T,2024-10-24,1000000.00,4.114749,97.0703125
08:00:31,91282CLM1,TSRYS5893517,D,S,T,2024-10-24,1000000.00,4.11342,97.078125
08:00:31,91282CLM1,TSRYS5893517,D,S,T,2024-10-24,1000000.00,4.11342,97.078125
08:00:31,91282CLM1,TSRYS5893517,D,S,T,2024-10-24,1000000.00,4.11342,97.078125
08:00:31,91282CLM1,TSRYS5893517,D,S,T,2024-10-24,1000000.00,4.11209,97.0859375
08:00:31,91282CLM1,TSRYS5893517,D,S,T,2024-10-24,1000000.00,4.11342,97.078125
08:00:31,91282CLM1,TSRYS5893517,D,S,T,2024-10-24,2000000.00,4.11342,97.078125
08:00:31,91282CLM1,TSRYS5893517,D,S,T,2024-10-24,1000000.00,4.114749,97.0703125
08:00:31,91282CLM1,TSRYS5893517,D,S,T,2024-10-24,1000000.00,4.115746,97.064453125
08:00:31,91282CLM1,TSRYS5893517,D,S,T,2024-10-24,1000000.00,4.11342,97.078125
08:00:31,91282CLM1,TSRYS5893517,D,S,T,2024-10-24,1000000.00,4.116079,97.0625
08:00:31,91282CLM1,TSRYS5893517,D,S,T,2024-10-24,1000000.00,4.117076,97.056640625
08:00:31,91282CLM1,TSRYS5893517,D,S,T,2024-10-24,1000000.00,4.117408,97.0546875
08:00:31,91282CLM1,TSRYS5893517,D,S,T,2024-10-24,1000000.00,4.114749,97.0703125
08:00:31,91282CLM1,TSRYS5893517,D,S,T,2024-10-24,1000000.00,4.114749,97.0703125
08:00:31,91282CLM1,TSRYS5893517,D,S,T,2024-10-24,1000000.00,4.114749,97.0703125
08:00:31,91282CLM1,TSRYS5893517,D,S,T,2024-10-24,1000000.00,4.118738,97.046875
08:00:31,91282CLM1,TSRYS5893517,D,S,T,2024-10-24,1000000.00,4.119071,97.044921875
08:00:31,91282CLM1,TSRYS5893517,D,S,T,2024-10-24,1000000.00,4.118738,97.046875
08:00:31,91282CLM1,TSRYS5893517,D,S,T,2024-10-24,1000000.00,4.116079,97.0625
08:00:31,91282CLM1,TSRYS5893517,D,S,T,2024-10-24,1000000.00,4.116079,97.0625
08:00:31,91282CLM1,TSRYS5893517,D,S,T,2024-10-24,1000000.00,4.116079,97.0625
08:00:31,91282CLM1,TSRYS5893517,D,S,T,2024-10-24,2000000.00,4.11342,97.078125
08:00:31,91282CLM1,TSRYS5893517,D,S,T,2024-10-24,1000000.00,4.112755,97.08203125
08:00:31,91282CLM1,TSRYS5893517,D,S,T,2024-10-24,1000000.00,4.112423,97.083984375
08:00:31,91282CLM1,TSRYS5893517,D,S,T,2024-10-24,1000000.00,4.109432,97.1015625
08:00:31,91282CLM1,TSRYS5893517,D,S,T,2024-10-24,1000000.00,4.110761,97.09375
08:00:31,91282CLM1,TSRYS5893517,D,S,T,2024-10-24,1000000.00,4.110761,97.09375
08:00:31,91282CLM1,TSRYS5893517,D,S,T,2024-10-24,1000000.00,4.110761,97.09375
08:00:31,91282CLM1,TSRYS5893517,D,S,T,2024-10-24,1000000.00,4.110761,97.09375
08:00:31,91282CLM1,TSRYS5893517,D,S,T,2024-10-24,1000000.00,4.110761,97.09375
08:00:31,91282CLM1,TSRYS5893517,D,S,T,2024-10-24,1000000.00,4.114749,97.0703125
08:00:31,91282CLM1,TSRYS5893517,D,S,T,2024-10-24,1000000.00,4.114749,97.0703125
08:00:31,91282CLM1,TSRYS5893517,D,S,T,2024-10-24,1000000.00,4.11209,97.0859375
08:00:31,91282CLM1,TSRYS5893517,D,S,T,2024-10-24,1000000.00,4.110761,97.09375
08:00:31,91282CLM1,TSRYS5893517,D,S,T,2024-10-24,1000000.00,4.110761,97.09375
08:00:31,91282CLM1,TSRYS5893517,D,S,T,2024-10-24,1000000.00,4.105445,97.125
08:00:31,91282CLM1,TSRYS5893517,D,S,T,2024-10-24,1000000.00,4.105445,97.125
08:00:31,91282CLM1,TSRYS5893517,D,S,T,2024-10-24,1000000.00,4.107439,97.11328125
08:00:31,91282CLM1,TSRYS5893517,D,S,T,2024-10-24,2000000.00,4.107439,97.11328125
08:00:31,91282CLM1,TSRYS5893517,D,S,T,2024-10-24,1000000.00,4.108103,97.109375
08:00:31,91282CLM1,TSRYS5893517,D,S,T,2024-10-24,1000000.00,4.108103,97.109375
08:00:31,91282CLM1,TSRYS5893517,D,S,T,2024-10-24,1000000.00,4.108103,97.109375
08:00:31,91282CLM1,TSRYS5893517,D,S,T,2024-10-24,1000000.00,4.105445,97.125
08:00:31,91282CLM1,TSRYS5893517,D,S,T,2024-10-24,1000000.00,4.106774,97.1171875
08:00:31,91282CLM1,TSRYS5893517,D,S,T,2024-10-24,1000000.00,4.106774,97.1171875
08:00:31,91282CLM1,TSRYS5893517,D,S,T,2024-10-24,1000000.00,4.105445,97.125
08:00:31,91282CLM1,TSRYS5893517,D,S,T,2024-10-24,1000000.00,4.105445,97.125
08:00:31,91282CLM1,TSRYS5893517,D,S,T,2024-10-24,1000000.00,4.105445,97.125
08:00:31,91282CLM1,TSRYS5893517,D,S,T,2024-10-24,1000000.00,4.105445,97.125
08:00:31,91282CLM1,TSRYS5893517,D,S,T,2024-10-24,1000000.00,4.106774,97.1171875
08:00:31,91282CLM1,TSRYS5893517,D,S,T,2024-10-24,1000000.00,4.106774,97.1171875
08:00:31,91282CLM1,TSRYS5893517,D,S,T,2024-10-24,2000000.00,4.106774,97.1171875
08:00:31,91282CLM1,TSRYS5893517,D,S,T,2024-10-24,1000000.00,4.106774,97.1171875
08:00:31,91282CLM1,TSRYS5893517,D,S,T,2024-10-24,2000000.00,4.106774,97.1171875
08:00:31,91282CLM1,TSRYS5893517,D,S,T,2024-10-24,1000000.00,4.106774,97.1171875
08:00:31,91282CLM1,TSRYS5893517,D,S,T,2024-10-24,1000000.00,4.108103,97.109375
08:00:31,91282CLM1,TSRYS5893517,D,S,T,2024-10-24,1000000.00,4.108103,97.109375
08:00:31,91282CLM1,TSRYS5893517,D,S,T,2024-10-24,1000000.00,4.110761,97.09375
08:00:31,91282CLM1,TSRYS5893517,D,S,T,2024-10-24,1000000.00,4.110761,97.09375
08:00:31,91282CLM1,TSRYS5893517,D,S,T,2024-10-24,1000000.00,4.114749,97.0703125
08:00:31,91282CLM1,TSRYS5893517,D,S,T,2024-10-24,1000000.00,4.114749,97.0703125
08:00:31,91282CLM1,TSRYS5893517,D,S,T,2024-10-24,1000000.00,4.116079,97.0625
08:00:31,91282CLM1,TSRYS5893517,D,S,T,2024-10-24,1000000.00,4.117408,97.0546875
08:00:31,91282CLM1,TSRYS5893517,D,S,T,2024-10-24,1000000.00,4.11342,97.078125
08:00:31,91282CLM1,TSRYS5893517,D,S,T,2024-10-24,1000000.00,4.114749,97.0703125
08:00:31,91282CLM1,TSRYS5893517,D,S,T,2024-10-24,1000000.00,4.11342,97.078125
08:00:31,91282CLM1,TSRYS5893517,D,S,T,2024-10-24,1000000.00,4.11342,97.078125
08:00:31,91282CLM1,TSRYS5893517,D,S,T,2024-10-24,1000000.00,4.11342,97.078125
08:00:31,91282CLM1,TSRYS5893517,D,S,T,2024-10-24,2000000.00,4.11209,97.0859375
08:00:31,91282CLM1,TSRYS5893517,D,S,T,2024-10-24,2000000.00,4.11209,97.0859375
08:00:31,91282CLM1,TSRYS5893517,D,S,T,2024-10-24,1000000.00,4.11209,97.0859375
08:00:31,91282CLM1,TSRYS5893517,D,S,T,2024-10-24,1000000.00,4.11209,97.0859375
08:00:31,91282CLM1,TSRYS5893517,D,S,T,2024-10-24,1000000.00,4.11209,97.0859375
08:00:31,91282CLM1,TSRYS5893517,D,S,T,2024-10-24,1000000.00,4.11342,97.078125
08:00:31,91282CLM1,TSRYS5893517,D,S,T,2024-10-24,1000000.00,4.11342,97.078125
08:00:31,91282CLM1,TSRYS5893517,D,S,T,2024-10-24,1000000.00,4.11209,97.0859375
08:00:31,91282CLM1,TSRYS5893517,D,S,T,2024-10-24,2000000.00,4.11209,97.0859375
08:00:31,91282CLM1,TSRYS5893517,D,S,T,2024-10-24,3000000.00,4.11209,97.0859375
08:00:31,91282CLM1,TSRYS5893517,D,S,T,2024-10-24,1000000.00,4.112755,97.08203125
08:00:31,91282CLM1,TSRYS5893517,D,S,T,2024-10-24,1000000.00,4.112755,97.08203125
08:00:31,91282CLM1,TSRYS5893517,D,S,D,2024-10-24,2000000.00,4.112755,97.08203125
08:00:31,91282CLM1,TSRYS5893517,D,S,T,2024-10-24,1000000.00,4.109432,97.1015625
08:00:31,91282CLM1,TSRYS5893517,D,S,T,2024-10-24,1000000.00,4.105445,97.125
08:00:31,91282CLM1,TSRYS5893517,D,S,T,2024-10-24,1000000.00,4.104117,97.1328125
08:00:31,91282CLM1,TSRYS5893517,D,S,T,2024-10-24,1000000.00,4.104117,97.1328125
08:00:31,91282CLM1,TSRYS5893517,D,S,T,2024-10-24,1000000.00,4.104117,97.1328125
08:00:31,91282CLM1,TSRYS5893517,D,S,T,2024-10-24,1000000.00,4.098804,97.1640625
08:00:31,91282CLM1,TSRYS5893517,D,S,T,2024-10-24,1000000.00,4.09482,97.1875
08:00:31,91282CLM1,TSRYS5893517,D,S,T,2024-10-24,1000000.00,4.096148,97.1796875
08:00:31,91282CLM1,TSRYS5893517,D,S,T,2024-10-24,2000000.00,4.096148,97.1796875
08:00:31,91282CLM1,TSRYS5893517,D,S,T,2024-10-24,2000000.00,4.096148,97.1796875
08:00:31,91282CLM1,TSRYS5893517,D,S,T,2024-10-24,1000000.00,4.09482,97.1875
08:00:31,91282CLM1,TSRYS5893517,D,S,T,2024-10-24,1000000.00,4.097476,97.171875
08:00:31,91282CLM1,TSRYS5893517,D,S,T,2024-10-24,1000000.00,4.098804,97.1640625
08:00:31,91282CLM1,TSRYS5893517,D,S,T,2024-10-24,1000000.00,4.097476,97.171875
08:00:31,91282CLM1,TSRYS5893517,D,S,T,2024-10-24,1000000.00,4.098472,97.166015625
08:00:31,91282CLM1,TSRYS5893517,D,S,T,2024-10-24,1000000.00,4.098804,97.1640625
08:00:31,91282CLM1,TSRYS5893517,D,S,T,2024-10-24,1000000.00,4.099468,97.16015625
08:00:31,91282CLM1,TSRYS5893517,D,S,T,2024-10-24,1000000.00,4.10146,97.1484375
08:00:31,91282CLM1,TSRYS5893517,D,S,T,2024-10-24,1000000.00,4.100132,97.15625
08:00:31,91282CLM1,TSRYS5893517,D,S,T,2024-10-24,1000000.00,4.0998,97.158203125
08:00:31,91282CLM1,TSRYS5893517,D,S,T,2024-10-24,2000000.00,4.0998,97.158203125
08:00:31,91282CLM1,TSRYS5893517,D,S,T,2024-10-24,1000000.00,4.100132,97.15625
08:00:31,91282CLM1,TSRYS5893517,D,S,T,2024-10-24,1000000.00,4.098804,97.1640625
08:00:31,91282CLM1,TSRYS5893517,D,S,T,2024-10-24,2000000.00,4.098804,97.1640625
08:00:31,91282CLM1,TSRYS5893517,D,S,T,2024-10-24,1000000.00,4.098804,97.1640625
08:00:31,91282CLM1,TSRYS5893517,D,S,D,2024-10-24,1000000.00,4.092165,97.203125
08:00:31,91282CLM1,TSRYS5893517,D,S,T,2024-10-24,2000000.00,4.10146,97.1484375
08:00:31,91282CLM1,TSRYS5893517,D,S,T,2024-10-24,1000000.00,4.097476,97.171875
08:00:31,91282CLM1,TSRYS5893517,D,S,T,2024-10-24,1000000.00,4.098804,97.1640625
08:00:31,91282CLM1,TSRYS5893517,D,S,T,2024-10-24,1000000.00,4.098804,97.1640625
08:00:31,91282CLM1,TSRYS5893517,D,S,T,2024-10-24,1000000.00,4.097476,97.171875
08:00:31,91282CLM1,TSRYS5893517,D,S,T,2024-10-24,1000000.00,4.096148,97.1796875
08:00:31,91282CLM1,TSRYS5893517,D,S,T,2024-10-24,1000000.00,4.09482,97.1875
08:00:31,91282CLM1,TSRYS5893517,D,S,T,2024-10-24,1000000.00,4.093492,97.1953125
08:00:31,91282CLM1,TSRYS5893517,D,S,T,2024-10-24,2000000.00,4.093492,97.1953125
08:00:31,91282CLM1,TSRYS5893517,D,S,T,2024-10-24,1000000.00,4.092165,97.203125
08:00:32,91282CLM1,TSRYS5893517,D,S,T,2024-10-24,1000000.00,4.096148,97.1796875
08:00:32,91282CLM1,TSRYS5893517,D,S,T,2024-10-24,1000000.00,4.097476,97.171875
08:00:32,91282CLM1,TSRYS5893517,D,S,T,2024-10-24,1000000.00,4.097476,97.171875
08:00:32,91282CLM1,TSRYS5893517,D,S,T,2024-10-24,1000000.00,4.096148,97.1796875
08:00:32,91282CLM1,TSRYS5893517,D,S,T,2024-10-24,1000000.00,4.097144,97.173828125
08:00:32,91282CLM1,TSRYS5893517,D,S,T,2024-10-24,1000000.00,4.098804,97.1640625
08:00:32,91282CLM1,TSRYS5893517,D,S,T,2024-10-24,1000000.00,4.098804,97.1640625
08:00:32,91282CLM1,TSRYS5893517,D,S,T,2024-10-24,1000000.00,4.098804,97.1640625
08:00:32,91282CLM1,TSRYS5893517,D,S,T,2024-10-24,1000000.00,4.099468,97.16015625
08:00:32,91282CLM1,TSRYS5893517,D,S,T,2024-10-24,1000000.00,4.098804,97.1640625
08:00:32,91282CLM1,TSRYS5893517,D,S,T,2024-10-24,1000000.00,4.097476,97.171875
08:00:32,91282CLM1,TSRYS5893517,D,S,T,2024-10-24,1000000.00,4.098804,97.1640625
08:00:32,91282CLM1,TSRYS5893517,D,S,T,2024-10-24,1000000.00,4.098804,97.1640625
08:00:32,91282CLM1,TSRYS5893517,D,S,T,2024-10-24,1000000.00,4.10146,97.1484375
08:00:32,91282CLM1,TSRYS5893517,D,S,T,2024-10-24,1000000.00,4.101792,97.146484375
08:00:32,91282CLM1,TSRYS5893517,D,S,T,2024-10-24,1000000.00,4.10146,97.1484375
08:00:32,91282CLM1,TSRYS5893517,D,S,T,2024-10-24,1000000.00,4.100132,97.15625
08:00:32,91282CLM1,TSRYS5893517,D,S,T,2024-10-24,1000000.00,4.097476,97.171875
08:00:32,91282CLM1,TSRYS5893517,D,S,T,2024-10-24,1000000.00,4.097476,97.171875
08:00:32,91282CLM1,TSRYS5893517,D,S,T,2024-10-24,1000000.00,4.098804,97.1640625
08:00:32,91282CLM1,TSRYS5893517,D,S,T,2024-10-24,1000000.00,4.098804,97.1640625
08:00:32,91282CLM1,TSRYS5893517,D,S,T,2024-10-24,1000000.00,4.098804,97.1640625
08:00:32,91282CLM1,TSRYS5893517,D,S,T,2024-10-24,1000000.00,4.098804,97.1640625
08:00:32,91282CLM1,TSRYS5893517,D,S,T,2024-10-24,1000000.00,4.098804,97.1640625
08:00:32,91282CLM1,TSRYS5893517,D,S,T,2024-10-24,1000000.00,4.098804,97.1640625
08:00:32,91282CLM1,TSRYS5893517,D,S,T,2024-10-24,1000000.00,4.098804,97.1640625
08:00:32,91282CLM1,TSRYS5893517,D,S,T,2024-10-24,1000000.00,4.098804,97.1640625
08:00:32,91282CLM1,TSRYS5893517,D,S,T,2024-10-24,1000000.00,4.09814,97.16796875
08:00:32,91282CLM1,TSRYS5893517,D,S,T,2024-10-24,1000000.00,4.096148,97.1796875
08:00:32,91282CLM1,TSRYS5893517,D,S,T,2024-10-24,1000000.00,4.096148,97.1796875
08:00:32,91282CLM1,TSRYS5893517,D,S,T,2024-10-24,1000000.00,4.096148,97.1796875
08:00:32,91282CLM1,TSRYS5893517,D,S,T,2024-10-24,2000000.00,4.096148,97.1796875
08:00:32,91282CLM1,TSRYS5893517,D,S,T,2024-10-24,1000000.00,4.096148,97.1796875
08:00:32,91282CLM1,TSRYS5893517,D,S,T,2024-10-24,1000000.00,4.096148,97.1796875
08:00:32,91282CLM1,TSRYS5893517,D,S,T,2024-10-24,1000000.00,4.09482,97.1875
08:00:32,91282CLM1,TSRYS5893517,D,S,T,2024-10-24,1000000.00,4.096148,97.1796875
08:00:32,91282CLM1,TSRYS5893517,D,S,T,2024-10-24,1000000.00,4.096812,97.17578125
08:00:32,91282CLM1,TSRYS5893517,D,S,T,2024-10-24,1000000.00,4.096148,97.1796875
08:00:32,91282CLM1,TSRYS5893517,D,S,T,2024-10-24,1000000.00,4.092165,97.203125
08:00:32,91282CLM1,TSRYS5893517,D,S,T,2024-10-24,1000000.00,4.090838,97.2109375
08:00:32,91282CLM1,TSRYS5893517,D,S,T,2024-10-24,1000000.00,4.090838,97.2109375
08:00:32,91282CLM1,TSRYS5893517,D,S,T,2024-10-24,1000000.00,4.09482,97.1875
08:00:32,91282CLM1,TSRYS5893517,D,S,T,2024-10-24,2000000.00,4.09482,97.1875
08:00:32,91282CLM1,TSRYS5893517,D,S,T,2024-10-24,1000000.00,4.096148,97.1796875
08:00:32,91282CLM1,TSRYS5893517,D,S,T,2024-10-24,1000000.00,4.096148,97.1796875
08:00:32,91282CLM1,TSRYS5893517,D,S,T,2024-10-24,1000000.00,4.096148,97.1796875
08:00:32,91282CLM1,TSRYS5893517,D,S,T,2024-10-24,1000000.00,4.097476,97.171875
08:00:32,91282CLM1,TSRYS5893517,D,S,T,2024-10-24,1000000.00,4.097476,97.171875
08:00:32,91282CLM1,TSRYS5893517,D,S,T,2024-10-24,1000000.00,4.096148,97.1796875
08:00:32,91282CLM1,TSRYS5893517,D,S,T,2024-10-24,2000000.00,4.096148,97.1796875
08:00:32,91282CLM1,TSRYS5893517,D,S,D,2024-10-24,1000000.00,4.097476,97.171875
08:00:32,91282CLM1,TSRYS5893517,D,S,D,2024-10-24,1000000.00,4.098804,97.1640625
08:00:32,91282CLM1,TSRYS5893517,D,S,T,2024-10-24,1000000.00,4.09482,97.1875
08:00:32,91282CLM1,TSRYS5893517,D,S,T,2024-10-24,1000000.00,4.09482,97.1875
08:00:32,91282CLM1,TSRYS5893517,D,S,T,2024-10-24,1000000.00,4.09482,97.1875
08:00:32,91282CLM1,TSRYS5893517,D,S,T,2024-10-24,1000000.00,4.09482,97.1875
08:00:32,91282CLM1,TSRYS5893517,D,S,T,2024-10-24,1000000.00,4.09482,97.1875
08:00:32,91282CLM1,TSRYS5893517,D,S,T,2024-10-24,1000000.00,4.09482,97.1875
08:00:32,91282CLM1,TSRYS5893517,D,S,T,2024-10-24,1000000.00,4.09482,97.1875
08:00:32,91282CLM1,TSRYS5893517,D,S,T,2024-10-24,1000000.00,4.09482,97.1875
08:00:32,91282CLM1,TSRYS5893517,D,S,T,2024-10-24,2000000.00,4.09482,97.1875
08:00:32,91282CLM1,TSRYS5893517,D,S,T,2024-10-24,1000000.00,4.093824,97.193359375
08:00:32,91282CLM1,TSRYS5893517,D,S,T,2024-10-24,1000000.00,4.08951,97.21875
08:00:32,91282CLM1,TSRYS5893517,D,S,T,2024-10-24,1000000.00,4.090838,97.2109375
08:00:32,91282CLM1,TSRYS5893517,D,S,T,2024-10-24,1000000.00,4.090838,97.2109375
08:00:32,91282CLM1,TSRYS5893517,D,S,T,2024-10-24,1000000.00,4.092165,97.203125
08:00:32,91282CLM1,TSRYS5893517,D,S,T,2024-10-24,1000000.00,4.092165,97.203125
08:00:32,91282CLM1,TSRYS5893517,D,S,T,2024-10-24,1000000.00,4.092165,97.203125
08:00:32,91282CLM1,TSRYS5893517,D,S,T,2024-10-24,1000000.00,4.09482,97.1875
08:00:32,91282CLM1,TSRYS5893517,D,S,T,2024-10-24,1000000.00,4.09482,97.1875
08:00:32,91282CLM1,TSRYS5893517,D,S,T,2024-10-24,1000000.00,4.09482,97.1875
08:00:32,91282CLM1,TSRYS5893517,D,S,T,2024-10-24,1000000.00,4.09482,97.1875
08:00:32,91282CLM1,TSRYS5893517,D,S,T,2024-10-24,1000000.00,4.092165,97.203125
08:00:32,91282CLM1,TSRYS5893517,D,S,T,2024-10-24,1000000.00,4.092165,97.203125
08:00:32,91282CLM1,TSRYS5893517,D,S,T,2024-10-24,1000000.00,4.092165,97.203125
08:00:32,91282CLM1,TSRYS5893517,D,S,T,2024-10-24,1000000.00,4.090838,97.2109375
08:00:32,91282CLM1,TSRYS5893517,D,S,T,2024-10-24,1000000.00,4.08951,97.21875
08:00:32,91282CLM1,TSRYS5893517,D,S,T,2024-10-24,1000000.00,4.090838,97.2109375
08:00:32,91282CLM1,TSRYS5893517,D,S,T,2024-10-24,1000000.00,4.090838,97.2109375
08:00:32,91282CLM1,TSRYS5893517,D,S,T,2024-10-24,1000000.00,4.090838,97.2109375
08:00:32,91282CLM1,TSRYS5893517,D,S,T,2024-10-24,1000000.00,4.090838,97.2109375
08:00:32,91282CLM1,TSRYS5893517,D,S,T,2024-10-24,1000000.00,4.090838,97.2109375
08:00:32,91282CLM1,TSRYS5893517,D,S,T,2024-10-24,1000000.00,4.090838,97.2109375
08:00:32,91282CLM1,TSRYS5893517,D,S,T,2024-10-24,1000000.00,4.090838,97.2109375
08:00:32,91282CLM1,TSRYS5893517,D,S,T,2024-10-24,1000000.00,4.090838,97.2109375
08:00:32,91282CLM1,TSRYS5893517,D,S,T,2024-10-24,1000000.00,4.090838,97.2109375
08:00:32,91282CLM1,TSRYS5893517,D,S,T,2024-10-24,1000000.00,4.090838,97.2109375
08:00:32,91282CLM1,TSRYS5893517,D,S,T,2024-10-24,1000000.00,4.090838,97.2109375
08:00:32,91282CLM1,TSRYS5893517,D,S,T,2024-10-24,1000000.00,4.090838,97.2109375
08:00:32,91282CLM1,TSRYS5893517,D,S,T,2024-10-24,2000000.00,4.092165,97.203125
08:00:32,91282CLM1,TSRYS5893517,D,S,T,2024-10-24,1000000.00,4.092165,97.203125
08:00:32,91282CLM1,TSRYS5893517,D,S,T,2024-10-24,1000000.00,4.092165,97.203125
08:00:32,91282CLM1,TSRYS5893517,D,S,T,2024-10-24,1000000.00,4.092165,97.203125
08:00:32,91282CLM1,TSRYS5893517,D,S,T,2024-10-24,1000000.00,4.092165,97.203125
08:00:32,91282CLM1,TSRYS5893517,D,S,T,2024-10-24,1000000.00,4.092165,97.203125
08:00:32,91282CLM1,TSRYS5893517,D,S,T,2024-10-24,1000000.00,4.092165,97.203125
08:00:32,91282CLM1,TSRYS5893517,D,S,T,2024-10-24,1000000.00,4.092165,97.203125
08:00:32,91282CLM1,TSRYS5893517,D,S,T,2024-10-24,1000000.00,4.092165,97.203125
08:00:32,91282CLM1,TSRYS5893517,D,S,T,2024-10-24,1000000.00,4.092165,97.203125
08:00:32,91282CLM1,TSRYS5893517,D,S,T,2024-10-24,1000000.00,4.093492,97.1953125
08:00:32,91282CLM1,TSRYS5893517,D,S,T,2024-10-24,1000000.00,4.093492,97.1953125
08:00:32,91282CLM1,TSRYS5893517,D,S,T,2024-10-24,1000000.00,4.093492,97.1953125
08:00:32,91282CLM1,TSRYS5893517,D,S,T,2024-10-24,1000000.00,4.093492,97.1953125
08:00:32,91282CLM1,TSRYS5893517,D,S,T,2024-10-24,1000000.00,4.090838,97.2109375
08:00:32,91282CLM1,TSRYS5893517,D,S,T,2024-10-24,1000000.00,4.090838,97.2109375
08:00:32,91282CLM1,TSRYS5893517,D,S,T,2024-10-24,1000000.00,4.092165,97.203125
08:00:32,91282CLM1,TSRYS5893517,D,S,T,2024-10-24,1000000.00,4.09482,97.1875
08:00:32,91282CLM1,TSRYS5893517,D,S,T,2024-10-24,1000000.00,4.09482,97.1875
08:00:32,91282CLM1,TSRYS5893517,D,S,T,2024-10-24,1000000.00,4.096148,97.1796875
08:00:32,91282CLM1,TSRYS5893517,D,S,D,2024-10-24,1000000.00,4.096148,97.1796875
08:00:32,91282CLM1,TSRYS5893517,D,S,D,2024-10-24,1000000.00,4.096148,97.1796875
08:00:32,91282CLM1,TSRYS5893517,D,S,T,2024-10-24,1000000.00,4.09648,97.177734375
08:00:32,91282CLM1,TSRYS5893517,D,S,T,2024-10-24,1000000.00,4.096148,97.1796875
08:00:32,91282CLM1,TSRYS5893517,D,S,D,2024-10-24,1000000.00,4.096148,97.1796875
08:00:32,91282CLM1,TSRYS5893517,D,S,D,2024-10-24,1000000.00,4.096148,97.1796875
08:00:32,91282CLM1,TSRYS5893517,D,S,T,2024-10-24,1000000.00,4.096148,97.1796875
08:00:32,91282CLM1,TSRYS5893517,D,S,T,2024-10-24,1000000.00,4.093824,97.193359375
08:00:32,91282CLM1,TSRYS5893517,D,S,D,2024-10-24,1000000.00,4.093824,97.193359375
08:00:32,91282CLM1,TSRYS5893517,D,S,T,2024-10-24,1000000.00,4.093492,97.1953125
08:00:32,91282CLM1,TSRYS5893517,D,S,D,2024-10-24,1000000.00,4.093492,97.1953125
08:00:32,91282CLM1,TSRYS5893517,D,S,T,2024-10-24,1000000.00,4.093492,97.1953125
08:00:32,91282CLM1,TSRYS5893517,D,S,D,2024-10-24,1000000.00,4.093492,97.1953125
08:00:32,91282CLM1,TSRYS5893517,D,S,T,2024-10-24,1000000.00,4.093492,97.1953125
08:00:32,91282CLM1,TSRYS5893517,D,S,T,2024-10-24,1000000.00,4.092165,97.203125
08:00:32,91282CLM1,TSRYS5893517,D,S,T,2024-10-24,1000000.00,4.090838,97.2109375
08:00:32,91282CLM1,TSRYS5893517,D,S,D,2024-10-24,1000000.00,4.132043,96.96875
08:00:32,91282CLM1,TSRYS5893517,D,S,D,2024-10-24,1000000.00,4.132043,96.96875
08:00:32,91282CLM1,TSRYS5893517,D,S,T,2024-10-24,1000000.00,4.098804,97.1640625
08:00:32,91282CLM1,TSRYS5893517,D,S,T,2024-10-24,1000000.00,4.097476,97.171875
08:00:32,91282CLM1,TSRYS5893517,D,S,T,2024-10-24,2000000.00,4.092165,97.203125
08:00:32,91282CLM1,TSRYS5893517,D,S,T,2024-10-24,1000000.00,4.093492,97.1953125
08:00:32,91282CLM1,TSRYS5893517,D,S,T,2024-10-24,1000000.00,4.093492,97.1953125
08:00:32,91282CLM1,TSRYS5893517,D,S,D,2024-10-24,1000000.00,4.146693,96.8828125
08:00:32,91282CLM1,TSRYS5893517,D,S,D,2024-10-24,1000000.00,4.121398,97.03125
08:00:32,91282CLM1,TSRYS5893517,D,S,D,2024-10-24,1000000.00,4.124059,97.015625
08:00:32,91282CLM1,TSRYS5893517,D,S,D,2024-10-24,1000000.00,4.117408,97.0546875
08:00:32,91282CLM1,TSRYS5893517,D,S,D,2024-10-24,1000000.00,4.122728,97.0234375
08:00:32,91282CLM1,TSRYS5893517,D,S,T,2024-10-24,1000000.00,4.122728,97.0234375
08:00:32,91282CLM1,TSRYS5893517,D,S,D,2024-10-24,1000000.00,4.128051,96.9921875
08:00:32,91282CLM1,TSRYS5893517,D,S,D,2024-10-24,1000000.00,4.116079,97.0625
08:00:32,91282CLM1,TSRYS5893517,D,S,D,2024-10-24,1000000.00,4.116079,97.0625
08:00:32,91282CLM1,TSRYS5893517,D,S,D,2024-10-24,1000000.00,4.11342,97.078125
08:00:32,91282CLM1,TSRYS5893517,D,S,T,2024-10-24,1000000.00,4.115746,97.064453125
08:00:32,91282CLM1,TSRYS5893517,D,S,D,2024-10-24,1000000.00,4.113752,97.076171875
08:00:32,91282CLM1,TSRYS5893517,D,S,D,2024-10-24,1000000.00,4.109432,97.1015625
08:00:32,91282CLM1,TSRYS5893517,D,S,T,2024-10-24,1000000.00,4.108767,97.10546875
08:00:32,91282CLM1,TSRYS5893517,D,S,D,2024-10-24,1000000.00,4.110761,97.09375
08:00:32,91282CLM1,TSRYS5893517,D,S,D,2024-10-24,1000000.00,4.119071,97.044921875
08:00:32,91282CLM1,TSRYS5893517,D,S,D,2024-10-24,1000000.00,4.11209,97.0859375
08:00:32,91282CLM1,TSRYS5893517,D,S,D,2024-10-24,1000000.00,4.1091,97.103515625
08:00:32,91282CLM1,TSRYS5893517,D,S,D,2024-10-24,1000000.00,4.106774,97.1171875
08:00:32,91282CLM1,TSRYS5893517,D,S,D,2024-10-24,1000000.00,4.115746,97.064453125
08:00:32,91282CLM1,TSRYS5893517,D,S,D,2024-10-24,1000000.00,4.112755,97.08203125
08:00:32,91282CLM1,TSRYS5893517,D,S,D,2024-10-24,1000000.00,4.112755,97.08203125
08:00:32,91282CLM1,TSRYS5893517,D,S,D,2024-10-24,1000000.00,4.098472,97.166015625
08:00:32,91282CLM1,TSRYS5893517,D,S,D,2024-10-24,1000000.00,4.101128,97.150390625
08:00:32,91282CLM1,TSRYS5893517,D,S,D,2024-10-24,1000000.00,4.097476,97.171875
08:00:32,91282CLM1,TSRYS5893517,D,S,D,2024-10-24,1000000.00,4.098804,97.1640625
08:00:32,91282CLM1,TSRYS5893517,D,S,D,2024-10-24,1000000.00,4.10146,97.1484375
08:00:32,91282CLM1,TSRYS5893517,D,S,D,2024-10-24,1000000.00,4.100132,97.15625
08:00:33,91282CLM1,TSRYS5893517,D,S,D,2024-10-24,1000000.00,4.093824,97.193359375
08:00:33,91282CLM1,TSRYS5893517,D,S,D,2024-10-24,1000000.00,4.094156,97.19140625
08:00:33,91282CLM1,TSRYS5893517,D,S,D,2024-10-24,1000000.00,4.096148,97.1796875
08:00:33,91282CLM1,TSRYS5893517,D,S,D,2024-10-24,1000000.00,4.096148,97.1796875
08:00:33,91282CLM1,TSRYS5893517,D,S,D,2024-10-24,1000000.00,4.096148,97.1796875
08:00:33,91282CLM1,TSRYS5893517,D,S,D,2024-10-24,1000000.00,4.096148,97.1796875
08:00:33,91282CLM1,TSRYS5893517,D,S,D,2024-10-24,1000000.00,4.093824,97.193359375
08:00:33,91282CLM1,TSRYS5893517,D,S,D,2024-10-24,1000000.00,4.093824,97.193359375
08:00:33,91282CLM1,TSRYS5893517,D,S,D,2024-10-24,1000000.00,4.091169,97.208984375
08:00:33,91282CLM1,TSRYS5893517,D,S,D,2024-10-24,1000000.00,4.091169,97.208984375
08:00:33,91282CLM1,TSRYS5893517,D,S,D,2024-10-24,1000000.00,4.090838,97.2109375
08:00:33,91282CLM1,TSRYS5893517,D,S,D,2024-10-24,1000000.00,4.093161,97.197265625
08:00:33,91282CLM1,TSRYS5893517,D,S,D,2024-10-24,1000000.00,4.091169,97.208984375
08:00:33,91282CLM1,TSRYS5893517,D,S,D,2024-10-24,1000000.00,4.091169,97.208984375
08:00:33,91282CLM1,TSRYS5893517,D,S,D,2024-10-24,1000000.00,4.104117,97.1328125
08:00:33,91282CLM1,TSRYS5893517,D,S,T,2024-10-24,1000000.00,4.094156,97.19140625
08:00:33,91282CLM1,TSRYS5893517,D,S,D,2024-10-24,1000000.00,4.097808,97.169921875
08:00:33,91282CLM1,TSRYS5893517,D,S,D,2024-10-24,1000000.00,4.097476,97.171875
08:00:33,91282CLM1,TSRYS5893517,D,S,D,2024-10-24,1000000.00,4.098804,97.1640625
08:00:33,91282CLM1,TSRYS5893517,D,S,D,2024-10-24,1000000.00,4.092165,97.203125
08:00:33,91282CLM1,TSRYS5893517,D,S,T,2024-10-24,1000000.00,4.092165,97.203125
08:00:33,91282CLM1,TSRYS5893517,D,S,T,2024-10-24,1000000.00,4.093492,97.1953125
08:00:33,91282CLM1,TSRYS5893517,D,S,T,2024-10-24,1000000.00,4.093492,97.1953125
08:00:33,91282CLM1,TSRYS5893517,D,S,D,2024-10-24,1000000.00,4.097144,97.173828125
08:00:33,91282CLM1,TSRYS5893517,D,S,D,2024-10-24,1000000.00,4.089842,97.216796875
08:00:33,91282CLM1,TSRYS5893517,D,S,D,2024-10-24,1000000.00,4.093824,97.193359375
08:00:33,91282CLM1,TSRYS5893517,D,S,D,2024-10-24,1000000.00,4.093824,97.193359375
08:00:33,91282CLM1,TSRYS5893517,D,S,D,2024-10-24,1000000.00,4.094488,97.189453125
08:00:33,91282CLM1,TSRYS5893517,D,S,D,2024-10-24,2000000.00,4.092165,97.203125
08:00:33,91282CLM1,TSRYS5893517,D,S,D,2024-10-24,1000000.00,4.092165,97.203125
08:00:33,91282CLM1,TSRYS5893517,D,S,D,2024-10-24,1000000.00,4.096148,97.1796875
08:00:33,91282CLM1,TSRYS5893517,D,S,D,2024-10-24,1000000.00,4.096148,97.1796875
08:00:33,91282CLM1,TSRYS5893517,D,S,D,2024-10-24,1000000.00,4.093824,97.193359375
08:00:33,91282CLM1,TSRYS5893517,D,S,D,2024-10-24,1000000.00,4.091501,97.20703125
08:00:33,91282CLM1,TSRYS5893517,D,S,D,2024-10-24,1000000.00,4.092829,97.19921875
08:00:33,91282CLM1,TSRYS5893517,D,S,D,2024-10-24,1000000.00,4.092829,97.19921875
08:00:33,91282CLM1,TSRYS5893517,D,S,D,2024-10-24,1000000.00,4.092829,97.19921875
08:00:33,91282CLM1,TSRYS5893517,D,S,D,2024-10-24,1000000.00,4.092829,97.19921875
08:00:33,91282CLM1,TSRYS5893517,D,S,D,2024-10-24,1000000.00,4.091169,97.208984375
08:00:33,91282CLM1,TSRYS5893517,D,S,D,2024-10-24,1000000.00,4.091169,97.208984375
08:00:33,91282CLM1,TSRYS5893517,D,S,D,2024-10-24,1000000.00,4.091169,97.208984375
08:00:33,91282CLM1,TSRYS5893517,D,S,D,2024-10-24,1000000.00,4.091169,97.208984375
08:00:33,91282CLM1,TSRYS5893517,D,S,D,2024-10-24,1000000.00,4.091169,97.208984375
08:00:33,91282CLM1,TSRYS5893517,D,S,D,2024-10-24,1000000.00,4.091169,97.208984375
08:00:33,91282CLM1,TSRYS5893517,D,S,D,2024-10-24,1000000.00,4.091169,97.208984375
08:00:33,91282CLM1,TSRYS5893517,D,S,D,2024-10-24,1000000.00,4.091169,97.208984375
08:00:33,91282CLM1,TSRYS5893517,D,S,D,2024-10-24,1000000.00,4.091169,97.208984375
08:00:33,91282CLM1,TSRYS5893517,D,S,D,2024-10-24,1000000.00,4.091169,97.208984375
08:00:33,91282CLM1,TSRYS5893517,D,S,D,2024-10-24,1000000.00,4.091169,97.208984375
08:00:33,91282CLM1,TSRYS5893517,D,S,D,2024-10-24,1000000.00,4.091169,97.208984375
08:00:33,91282CLM1,TSRYS5893517,D,S,T,2024-10-24,1000000.00,4.127718,96.994140625
08:00:33,91282CLM1,TSRYS5893517,D,S,T,2024-10-24,1000000.00,4.125057,97.009765625
08:00:33,91282CLM1,TSRYS5893517,D,S,T,2024-10-24,1000000.00,4.125057,97.009765625
08:00:33,91282CLM1,TSRYS5893517,D,S,T,2024-10-24,1000000.00,4.124059,97.015625
08:00:33,91282CLM1,TSRYS5893517,D,S,T,2024-10-24,1000000.00,4.123394,97.01953125
08:00:33,91282CLM1,TSRYS5893517,D,S,T,2024-10-24,1000000.00,4.123394,97.01953125
08:00:33,91282CLM1,TSRYS5893517,D,S,T,2024-10-24,1000000.00,4.123061,97.021484375
08:00:33,91282CLM1,TSRYS5893517,D,S,T,2024-10-24,1000000.00,4.123061,97.021484375
08:00:33,91282CLM1,TSRYS5893517,D,S,T,2024-10-24,1000000.00,4.122063,97.02734375
08:00:33,91282CLM1,TSRYS5893517,D,S,T,2024-10-24,1000000.00,4.121066,97.033203125
08:00:33,91282CLM1,TSRYS5893517,D,S,T,2024-10-24,1000000.00,4.120733,97.03515625
08:00:33,91282CLM1,TSRYS5893517,D,S,T,2024-10-24,1000000.00,4.121731,97.029296875
08:00:33,91282CLM1,TSRYS5893517,D,S,T,2024-10-24,1000000.00,4.122728,97.0234375
08:00:33,91282CLM1,TSRYS5893517,D,S,T,2024-10-24,1000000.00,4.122728,97.0234375
08:00:33,91282CLM1,TSRYS5893517,D,S,T,2024-10-24,1000000.00,4.122728,97.0234375
08:00:33,91282CLM1,TSRYS5893517,D,S,T,2024-10-24,1000000.00,4.122728,97.0234375
08:00:33,91282CLM1,TSRYS5893517,D,S,T,2024-10-24,1000000.00,4.123726,97.017578125
08:00:33,91282CLM1,TSRYS5893517,D,S,T,2024-10-24,1000000.00,4.123394,97.01953125
08:00:33,91282CLM1,TSRYS5893517,D,S,T,2024-10-24,1000000.00,4.116411,97.060546875
08:00:33,91282CLM1,TSRYS5893517,D,S,T,2024-10-24,1000000.00,4.118738,97.046875
08:00:33,91282CLM1,TSRYS5893517,D,S,T,2024-10-24,1000000.00,4.117408,97.0546875
08:00:33,91282CLM1,TSRYS5893517,D,S,T,2024-10-24,1000000.00,4.117408,97.0546875
08:00:33,91282CLM1,TSRYS5893517,D,S,T,2024-10-24,1000000.00,4.119071,97.044921875
08:00:33,91282CLM1,TSRYS5893517,D,S,T,2024-10-24,1000000.00,4.119071,97.044921875
08:00:33,91282CLM1,TSRYS5893517,D,S,T,2024-10-24,1000000.00,4.117076,97.056640625
08:00:33,91282CLM1,TSRYS5893517,D,S,T,2024-10-24,1000000.00,4.117408,97.0546875
08:00:33,91282CLM1,TSRYS5893517,D,S,T,2024-10-24,1000000.00,4.115414,97.06640625
08:00:33,91282CLM1,TSRYS5893517,D,S,T,2024-10-24,1000000.00,4.114749,97.0703125
08:00:33,91282CLM1,TSRYS5893517,D,S,T,2024-10-24,1000000.00,4.117076,97.056640625
08:00:33,91282CLM1,TSRYS5893517,D,S,T,2024-10-24,1000000.00,4.117076,97.056640625
08:00:33,91282CLM1,TSRYS5893517,D,S,T,2024-10-24,1000000.00,4.117076,97.056640625
08:00:33,91282CLM1,TSRYS5893517,D,S,T,2024-10-24,1000000.00,4.114749,97.0703125
08:00:33,91282CLM1,TSRYS5893517,D,S,T,2024-10-24,1000000.00,4.114749,97.0703125
08:00:33,91282CLM1,TSRYS5893517,D,S,T,2024-10-24,1000000.00,4.119071,97.044921875
08:00:33,91282CLM1,TSRYS5893517,D,S,T,2024-10-24,1000000.00,4.119071,97.044921875
08:00:33,91282CLM1,TSRYS5893517,D,S,T,2024-10-24,1000000.00,4.11209,97.0859375
08:00:33,91282CLM1,TSRYS5893517,D,S,T,2024-10-24,1000000.00,4.11209,97.0859375
08:00:33,91282CLM1,TSRYS5893517,D,S,T,2024-10-24,1000000.00,4.111426,97.08984375
08:00:33,91282CLM1,TSRYS5893517,D,S,T,2024-10-24,1000000.00,4.111426,97.08984375
08:00:33,91282CLM1,TSRYS5893517,D,S,T,2024-10-24,1000000.00,4.106442,97.119140625
08:00:33,91282CLM1,TSRYS5893517,D,S,T,2024-10-24,1000000.00,4.112755,97.08203125
08:00:33,91282CLM1,TSRYS5893517,D,S,T,2024-10-24,1000000.00,4.112755,97.08203125
08:00:33,91282CLM1,TSRYS5893517,D,S,T,2024-10-24,1000000.00,4.108435,97.107421875
08:00:33,91282CLM1,TSRYS5893517,D,S,T,2024-10-24,1000000.00,4.104117,97.1328125
08:00:33,91282CLM1,TSRYS5893517,D,S,D,2024-10-24,1000000.00,4.098804,97.1640625
08:00:33,91282CLM1,TSRYS5893517,D,S,T,2024-10-24,1000000.00,4.094488,97.189453125
08:00:33,91282CLM1,TSRYS5893517,D,S,T,2024-10-24,2000000.00,4.096148,97.1796875
08:00:33,91282CLM1,TSRYS5893517,D,S,T,2024-10-24,1000000.00,4.096148,97.1796875
08:00:33,91282CLM1,TSRYS5893517,D,S,T,2024-10-24,1000000.00,4.09648,97.177734375
08:00:33,91282CLM1,TSRYS5893517,D,S,T,2024-10-24,1000000.00,4.098804,97.1640625
08:00:33,91282CLM1,TSRYS5893517,D,S,T,2024-10-24,1000000.00,4.098804,97.1640625
08:00:33,91282CLM1,TSRYS5893517,D,S,T,2024-10-24,1000000.00,4.098472,97.166015625
08:00:33,91282CLM1,TSRYS5893517,D,S,T,2024-10-24,1000000.00,4.099136,97.162109375
08:00:33,91282CLM1,TSRYS5893517,D,S,T,2024-10-24,1000000.00,4.099136,97.162109375
08:00:33,91282CLM1,TSRYS5893517,D,S,T,2024-10-24,1000000.00,4.099136,97.162109375
08:00:33,91282CLM1,TSRYS5893517,D,S,T,2024-10-24,1000000.00,4.099468,97.16015625
08:00:33,91282CLM1,TSRYS5893517,D,S,T,2024-10-24,1000000.00,4.099468,97.16015625
08:00:33,91282CLM1,TSRYS5893517,D,S,T,2024-10-24,1000000.00,4.101128,97.150390625
08:00:33,91282CLM1,TSRYS5893517,D,S,T,2024-10-24,1000000.00,4.101128,97.150390625
08:00:33,91282CLM1,TSRYS5893517,D,S,T,2024-10-24,1000000.00,4.101792,97.146484375
08:00:33,91282CLM1,TSRYS5893517,D,S,T,2024-10-24,1000000.00,4.101792,97.146484375
08:00:33,91282CLM1,TSRYS5893517,D,S,T,2024-10-24,1000000.00,4.09648,97.177734375
08:00:33,91282CLM1,TSRYS5893517,D,S,T,2024-10-24,1000000.00,4.097808,97.169921875
08:00:33,91282CLM1,TSRYS5893517,D,S,T,2024-10-24,1000000.00,4.097808,97.169921875
08:00:33,91282CLM1,TSRYS5893517,D,S,T,2024-10-24,1000000.00,4.099468,97.16015625
08:00:33,91282CLM1,TSRYS5893517,D,S,T,2024-10-24,1000000.00,4.099468,97.16015625
08:00:33,91282CLM1,TSRYS5893517,D,S,T,2024-10-24,1000000.00,4.099468,97.16015625
08:00:33,91282CLM1,TSRYS5893517,D,S,T,2024-10-24,1000000.00,4.099136,97.162109375
08:00:33,91282CLM1,TSRYS5893517,D,S,T,2024-10-24,1000000.00,4.099468,97.16015625
08:00:33,91282CLM1,TSRYS5893517,D,S,T,2024-10-24,1000000.00,4.098804,97.1640625
08:00:33,91282CLM1,TSRYS5893517,D,S,D,2024-10-24,1000000.00,4.10146,97.1484375
08:00:33,91282CLM1,TSRYS5893517,D,S,T,2024-10-24,1000000.00,4.10146,97.1484375
08:00:33,91282CLM1,TSRYS5893517,D,S,T,2024-10-24,1000000.00,4.101792,97.146484375
08:00:33,91282CLM1,TSRYS5893517,D,S,T,2024-10-24,1000000.00,4.097144,97.173828125
08:00:33,91282CLM1,TSRYS5893517,D,S,T,2024-10-24,1000000.00,4.09814,97.16796875
08:00:33,91282CLM1,TSRYS5893517,D,S,T,2024-10-24,1000000.00,4.09814,97.16796875
08:00:33,91282CLM1,TSRYS5893517,D,S,T,2024-10-24,1000000.00,4.097808,97.169921875
08:00:33,91282CLM1,TSRYS5893517,D,S,T,2024-10-24,1000000.00,4.097808,97.169921875
08:00:33,91282CLM1,TSRYS5893517,D,S,T,2024-10-24,1000000.00,4.099136,97.162109375
08:00:33,91282CLM1,TSRYS5893517,D,S,T,2024-10-24,1000000.00,4.098472,97.166015625
08:00:33,91282CLM1,TSRYS5893517,D,S,T,2024-10-24,1000000.00,4.09814,97.16796875
08:00:33,91282CLM1,TSRYS5893517,D,S,T,2024-10-24,3000000.00,4.098804,97.1640625
08:00:33,91282CLM1,TSRYS5893517,D,S,T,2024-10-24,1000000.00,4.096812,97.17578125
08:00:33,91282CLM1,TSRYS5893517,D,S,T,2024-10-24,1000000.00,4.09648,97.177734375
08:00:33,91282CLM1,TSRYS5893517,D,S,T,2024-10-24,1000000.00,4.09648,97.177734375
08:00:33,91282CLM1,TSRYS5893517,D,S,T,2024-10-24,1000000.00,4.09648,97.177734375
08:00:33,91282CLM1,TSRYS5893517,D,S,T,2024-10-24,1000000.00,4.095816,97.181640625
08:00:33,91282CLM1,TSRYS5893517,D,S,T,2024-10-24,1000000.00,4.095152,97.185546875
08:00:33,91282CLM1,TSRYS5893517,D,S,T,2024-10-24,1000000.00,4.095152,97.185546875
08:00:33,91282CLM1,TSRYS5893517,D,S,T,2024-10-24,1000000.00,4.09482,97.1875
08:00:33,91282CLM1,TSRYS5893517,D,S,T,2024-10-24,1000000.00,4.093824,97.193359375
08:00:33,91282CLM1,TSRYS5893517,D,S,T,2024-10-24,1000000.00,4.092165,97.203125
08:00:33,91282CLM1,TSRYS5893517,D,S,T,2024-10-24,1000000.00,4.092165,97.203125
08:00:33,91282CLM1,TSRYS5893517,D,S,T,2024-10-24,1000000.00,4.092165,97.203125
08:00:33,91282CLM1,TSRYS5893517,D,S,T,2024-10-24,1000000.00,4.092165,97.203125
08:00:33,91282CLM1,TSRYS5893517,D,S,T,2024-10-24,1000000.00,4.094156,97.19140625
08:00:33,91282CLM1,TSRYS5893517,D,S,D,2024-10-24,1000000.00,4.094156,97.19140625
08:00:33,91282CLM1,TSRYS5893517,D,S,D,2024-10-24,1000000.00,4.094156,97.19140625
08:00:33,91282CLM1,TSRYS5893517,D,S,D,2024-10-24,1000000.00,4.094156,97.19140625
08:00:33,91282CLM1,TSRYS5893517,D,S,D,2024-10-24,1000000.00,4.094156,97.19140625
08:00:33,91282CLM1,TSRYS5893517,D,S,T,2024-10-24,1000000.00,4.093824,97.193359375
08:00:33,91282CLM1,TSRYS5893517,D,S,T,2024-10-24,1000000.00,4.093824,97.193359375
08:00:33,91282CLM1,TSRYS5893517,D,S,T,2024-10-24,1000000.00,4.094156,97.19140625
08:00:33,91282CLM1,TSRYS5893517,D,S,T,2024-10-24,1000000.00,4.094156,97.19140625
08:00:33,91282CLM1,TSRYS5893517,D,S,D,2024-10-24,1000000.00,4.094156,97.19140625
08:00:33,91282CLM1,TSRYS5893517,D,S,D,2024-10-24,1000000.00,4.094156,97.19140625
08:00:33,91282CLM1,TSRYS5893517,D,S,D,2024-10-24,1000000.00,4.094156,97.19140625
08:00:33,91282CLM1,TSRYS5893517,D,S,T,2024-10-24,1000000.00,4.093824,97.193359375
08:00:33,91282CLM1,TSRYS5893517,D,S,T,2024-10-24,1000000.00,4.093824,97.193359375
08:00:33,91282CLM1,TSRYS5893517,D,S,T,2024-10-24,1000000.00,4.093824,97.193359375
08:00:33,91282CLM1,TSRYS5893517,D,S,T,2024-10-24,1000000.00,4.094488,97.189453125
08:00:33,91282CLM1,TSRYS5893517,D,S,T,2024-10-24,1000000.00,4.096148,97.1796875
08:00:33,91282CLM1,TSRYS5893517,D,S,T,2024-10-24,1000000.00,4.096148,97.1796875
08:00:33,91282CLM1,TSRYS5893517,D,S,T,2024-10-24,1000000.00,4.09648,97.177734375
08:00:33,91282CLM1,TSRYS5893517,D,S,T,2024-10-24,1000000.00,4.096148,97.1796875
08:00:33,91282CLM1,TSRYS5893517,D,S,T,2024-10-24,1000000.00,4.096148,97.1796875
08:00:33,91282CLM1,TSRYS5893517,D,S,T,2024-10-24,1000000.00,4.096148,97.1796875
08:00:33,91282CLM1,TSRYS5893517,D,S,T,2024-10-24,1000000.00,4.093824,97.193359375
08:00:33,91282CLM1,TSRYS5893517,D,S,T,2024-10-24,1000000.00,4.093824,97.193359375
08:00:33,91282CLM1,TSRYS5893517,D,S,T,2024-10-24,1000000.00,4.093824,97.193359375
08:00:33,91282CLM1,TSRYS5893517,D,S,T,2024-10-24,1000000.00,4.093824,97.193359375
08:00:33,91282CLM1,TSRYS5893517,D,S,T,2024-10-24,1000000.00,4.093824,97.193359375
08:00:33,91282CLM1,TSRYS5893517,D,S,T,2024-10-24,1000000.00,4.093824,97.193359375
08:00:33,91282CLM1,TSRYS5893517,D,S,T,2024-10-24,1000000.00,4.093492,97.1953125
08:00:33,91282CLM1,TSRYS5893517,D,S,T,2024-10-24,1000000.00,4.093492,97.1953125
08:00:33,91282CLM1,TSRYS5893517,D,S,T,2024-10-24,1000000.00,4.093492,97.1953125
08:00:33,91282CLM1,TSRYS5893517,D,S,T,2024-10-24,1000000.00,4.093492,97.1953125
08:00:33,91282CLM1,TSRYS5893517,D,S,T,2024-10-24,1000000.00,4.093492,97.1953125
08:00:33,91282CLM1,TSRYS5893517,D,S,T,2024-10-24,1000000.00,4.093492,97.1953125
08:00:33,91282CLM1,TSRYS5893517,D,S,T,2024-10-24,1000000.00,4.091169,97.208984375
08:00:33,91282CLM1,TSRYS5893517,D,S,T,2024-10-24,1000000.00,4.091169,97.208984375
08:00:33,91282CLM1,TSRYS5893517,D,S,T,2024-10-24,1000000.00,4.091169,97.208984375
08:00:33,91282CLM1,TSRYS5893517,D,S,T,2024-10-24,1000000.00,4.091169,97.208984375
08:00:33,91282CLM1,TSRYS5893517,D,S,T,2024-10-24,1000000.00,4.091169,97.208984375
08:00:33,91282CLM1,TSRYS5893517,D,S,T,2024-10-24,1000000.00,4.091169,97.208984375
08:00:33,91282CLM1,TSRYS5893517,D,S,T,2024-10-24,1000000.00,4.091169,97.208984375
08:00:33,91282CLM1,TSRYS5893517,D,S,T,2024-10-24,1000000.00,4.092829,97.19921875
08:00:33,91282CLM1,TSRYS5893517,D,S,T,2024-10-24,1000000.00,4.092829,97.19921875
08:00:33,91282CLM1,TSRYS5893517,D,S,T,2024-10-24,1000000.00,4.092829,97.19921875
08:00:33,91282CLM1,TSRYS5893517,D,S,T,2024-10-24,1000000.00,4.091169,97.208984375
08:00:33,91282CLM1,TSRYS5893517,D,S,T,2024-10-24,1000000.00,4.091169,97.208984375
08:00:33,91282CLM1,TSRYS5893517,D,S,T,2024-10-24,1000000.00,4.091169,97.208984375
08:00:33,91282CLM1,TSRYS5893517,D,S,T,2024-10-24,1000000.00,4.091169,97.208984375
08:00:33,91282CLM1,TSRYS5893517,D,S,T,2024-10-24,1000000.00,4.091169,97.208984375
08:00:33,91282CLM1,TSRYS5893517,D,S,T,2024-10-24,1000000.00,4.091169,97.208984375
08:00:33,91282CLM1,TSRYS5893517,D,S,T,2024-10-24,1000000.00,4.091169,97.208984375
08:00:33,91282CLM1,TSRYS5893517,D,S,T,2024-10-24,1000000.00,4.091169,97.208984375
08:00:33,91282CLM1,TSRYS5893517,D,S,T,2024-10-24,1000000.00,4.091169,97.208984375
08:00:33,91282CLM1,TSRYS5893517,D,S,T,2024-10-24,1000000.00,4.091169,97.208984375
08:00:33,91282CLM1,TSRYS5893517,D,S,T,2024-10-24,1000000.00,4.091169,97.208984375
08:00:33,91282CLM1,TSRYS5893517,D,S,T,2024-10-24,1000000.00,4.091169,97.208984375
08:00:33,91282CLM1,TSRYS5893517,D,S,T,2024-10-24,1000000.00,4.091169,97.208984375
08:00:33,91282CLM1,TSRYS5893517,D,S,T,2024-10-24,1000000.00,4.091169,97.208984375
08:00:34,91282CLM1,TSRYS5893517,D,S,D,2024-10-24,1000000.00,4.098804,97.1640625
08:00:34,91282CLM1,TSRYS5893517,D,S,D,2024-10-24,1000000.00,4.098804,97.1640625
08:00:35,91282CLM1,TSRYS5893517,D,S,D,2024-10-24,1000000.00,4.095816,97.181640625
08:00:35,91282CLM1,TSRYS5893517,D,S,D,2024-10-24,1000000.00,4.095816,97.181640625
08:00:36,91282CLM1,TSRYS5893517,D,S,D,2024-10-24,1000000.00,4.092165,97.203125
08:00:36,91282CLM1,TSRYS5893517,D,S,D,2024-10-24,1000000.00,4.091833,97.205078125
08:00:36,91282CLM1,TSRYS5893517,D,S,D,2024-10-24,1000000.00,4.090506,97.212890625
08:00:36,91282CLM1,TSRYS5893517,D,S,D,2024-10-24,1000000.00,4.090506,97.212890625
08:00:37,91282CLM1,TSRYS5893517,D,S,D,2024-10-24,2000000.00,4.090506,97.212890625
08:00:37,91282CLM1,TSRYS5893517,D,S,D,2024-10-24,1000000.00,4.090506,97.212890625
08:00:37,91282CLM1,TSRYS5893517,D,S,D,2024-10-24,1000000.00,4.090506,97.212890625
08:00:37,91282CLM1,TSRYS5893517,D,S,D,2024-10-24,1000000.00,4.091833,97.205078125
08:00:37,91282CLM1,TSRYS5893517,D,B,C,2024-10-24,1000000.00,4.091833,97.205078125
08:00:37,91282CLM1,TSRYS5893517,D,S,D,2024-10-24,1000000.00,4.089179,97.220703125
08:00:37,91282CLM1,TSRYS5893517,D,S,T,2024-10-24,1000000.00,4.093492,97.1953125
08:00:37,91282CLM1,TSRYS5893517,D,S,T,2024-10-24,1000000.00,4.093824,97.193359375
08:00:37,91282CLM1,TSRYS5893517,D,S,T,2024-10-24,1000000.00,4.093824,97.193359375
08:00:37,91282CLM1,TSRYS5893517,D,S,T,2024-10-24,1000000.00,4.093824,97.193359375
08:00:37,91282CLM1,TSRYS5893517,D,S,T,2024-10-24,1000000.00,4.093824,97.193359375
08:00:37,91282CLM1,TSRYS5893517,D,S,T,2024-10-24,2000000.00,4.093824,97.193359375
08:00:37,91282CLM1,TSRYS5893517,D,S,T,2024-10-24,1000000.00,4.093824,97.193359375
08:00:37,91282CLM1,TSRYS5893517,D,S,T,2024-10-24,2000000.00,4.093824,97.193359375
08:00:37,91282CLM1,TSRYS5893517,D,S,T,2024-10-24,1000000.00,4.093824,97.193359375
08:00:37,91282CLM1,TSRYS5893517,D,S,T,2024-10-24,1000000.00,4.093492,97.1953125
08:00:37,91282CLM1,TSRYS5893517,D,S,T,2024-10-24,1000000.00,4.093824,97.193359375
08:00:37,91282CLM1,TSRYS5893517,D,S,T,2024-10-24,1000000.00,4.093492,97.1953125
08:00:37,91282CLM1,TSRYS5893517,D,S,T,2024-10-24,1000000.00,4.093824,97.193359375
08:00:37,91282CLM1,TSRYS5893517,D,S,T,2024-10-24,1000000.00,4.093492,97.1953125
08:00:37,91282CLM1,TSRYS5893517,D,S,T,2024-10-24,1000000.00,4.093824,97.193359375
08:00:37,91282CLM1,TSRYS5893517,D,S,T,2024-10-24,1000000.00,4.093492,97.1953125
08:00:37,91282CLM1,TSRYS5893517,D,S,T,2024-10-24,1000000.00,4.093824,97.193359375
08:00:37,91282CLM1,TSRYS5893517,D,S,T,2024-10-24,1000000.00,4.093824,97.193359375
08:00:37,91282CLM1,TSRYS5893517,D,S,T,2024-10-24,1000000.00,4.093492,97.1953125
08:00:37,91282CLM1,TSRYS5893517,D,S,T,2024-10-24,1000000.00,4.093492,97.1953125
08:00:37,91282CLM1,TSRYS5893517,D,S,T,2024-10-24,1000000.00,4.093492,97.1953125
08:00:37,91282CLM1,TSRYS5893517,D,S,T,2024-10-24,1000000.00,4.093492,97.1953125
08:00:37,91282CLM1,TSRYS5893517,D,S,T,2024-10-24,1000000.00,4.093492,97.1953125
08:00:37,91282CLM1,TSRYS5893517,D,S,T,2024-10-24,1000000.00,4.09482,97.1875
08:00:37,91282CLM1,TSRYS5893517,D,S,T,2024-10-24,1000000.00,4.09482,97.1875
08:00:37,91282CLM1,TSRYS5893517,D,S,T,2024-10-24,1000000.00,4.09482,97.1875
08:00:37,91282CLM1,TSRYS5893517,D,S,T,2024-10-24,1000000.00,4.09482,97.1875
08:00:37,91282CLM1,TSRYS5893517,D,S,T,2024-10-24,1000000.00,4.09482,97.1875
08:00:37,91282CLM1,TSRYS5893517,D,S,T,2024-10-24,1000000.00,4.09482,97.1875
08:00:37,91282CLM1,TSRYS5893517,D,S,T,2024-10-24,1000000.00,4.09482,97.1875
08:00:37,91282CLM1,TSRYS5893517,D,S,T,2024-10-24,5000000.00,4.09482,97.1875
08:00:37,91282CLM1,TSRYS5893517,D,S,T,2024-10-24,1000000.00,4.09482,97.1875
08:00:37,91282CLM1,TSRYS5893517,D,S,T,2024-10-24,1000000.00,4.09482,97.1875
08:00:37,91282CLM1,TSRYS5893517,D,S,T,2024-10-24,1000000.00,4.09482,97.1875
08:00:37,91282CLM1,TSRYS5893517,D,S,T,2024-10-24,1000000.00,4.09482,97.1875
08:00:37,91282CLM1,TSRYS5893517,D,S,T,2024-10-24,2000000.00,4.09482,97.1875
08:00:37,91282CLM1,TSRYS5893517,D,S,T,2024-10-24,1000000.00,4.09482,97.1875
08:00:37,91282CLM1,TSRYS5893517,D,S,T,2024-10-24,1000000.00,4.09482,97.1875
08:00:37,91282CLM1,TSRYS5893517,D,S,T,2024-10-24,1000000.00,4.096812,97.17578125
08:00:37,91282CLM1,TSRYS5893517,D,S,T,2024-10-24,5000000.00,4.096812,97.17578125
08:00:37,91282CLM1,TSRYS5893517,D,S,T,2024-10-24,1000000.00,4.096812,97.17578125
08:00:37,91282CLM1,TSRYS5893517,D,S,T,2024-10-24,2000000.00,4.096812,97.17578125
08:00:37,91282CLM1,TSRYS5893517,D,S,T,2024-10-24,1000000.00,4.09648,97.177734375
08:00:37,91282CLM1,TSRYS5893517,D,S,T,2024-10-24,1000000.00,4.096812,97.17578125
08:00:37,91282CLM1,TSRYS5893517,D,S,T,2024-10-24,1000000.00,4.096812,97.17578125
08:00:37,91282CLM1,TSRYS5893517,D,S,T,2024-10-24,5000000.00,4.096812,97.17578125
08:00:38,91282CLM1,TSRYS5893517,D,S,T,2024-10-24,1000000.00,4.096812,97.17578125
08:00:38,91282CLM1,TSRYS5893517,D,S,T,2024-10-24,1000000.00,4.09648,97.177734375
08:00:38,91282CLM1,TSRYS5893517,D,S,T,2024-10-24,1000000.00,4.096812,97.17578125
08:00:38,91282CLM1,TSRYS5893517,D,S,T,2024-10-24,1000000.00,4.096812,97.17578125
08:00:38,91282CLM1,TSRYS5893517,D,S,T,2024-10-24,1000000.00,4.096812,97.17578125
08:00:38,91282CLM1,TSRYS5893517,D,S,T,2024-10-24,1000000.00,4.096812,97.17578125
08:00:38,91282CLM1,TSRYS5893517,D,S,T,2024-10-24,1000000.00,4.096812,97.17578125
08:00:38,91282CLM1,TSRYS5893517,D,S,T,2024-10-24,1000000.00,4.096812,97.17578125
08:00:38,91282CLM1,TSRYS5893517,D,S,T,2024-10-24,1000000.00,4.096812,97.17578125
08:00:38,91282CLM1,TSRYS5893517,D,S,T,2024-10-24,1000000.00,4.096812,97.17578125
08:00:38,91282CLM1,TSRYS5893517,D,S,T,2024-10-24,1000000.00,4.096812,97.17578125
08:00:38,91282CLM1,TSRYS5893517,D,S,T,2024-10-24,1000000.00,4.096812,97.17578125
08:00:38,91282CLM1,TSRYS5893517,D,S,D,2024-10-24,1000000.00,4.089179,97.220703125
08:00:38,91282CLM1,TSRYS5893517,D,S,D,2024-10-24,1000000.00,4.090506,97.212890625
08:00:39,91282CLM1,TSRYS5893517,D,S,D,2024-10-24,1000000.00,4.091833,97.205078125
08:00:39,91282CLM1,TSRYS5893517,D,S,C,2024-10-24,1000000.00,4.091501,97.20703125
08:00:39,91282CLM1,TSRYS5893517,D,S,D,2024-10-24,1000000.00,4.094156,97.19140625
08:00:39,91282CLM1,TSRYS5893517,D,B,C,2024-10-24,1000000.00,4.094156,97.19140625
08:00:39,91282CLM1,TSRYS5893517,D,S,D,2024-10-24,1000000.00,4.094156,97.19140625
08:00:39,91282CLM1,TSRYS5893517,D,B,C,2024-10-24,1000000.00,4.094156,97.19140625
08:00:39,91282CLM1,TSRYS5893517,D,S,D,2024-10-24,1000000.00,4.094156,97.19140625
08:00:39,91282CLM1,TSRYS5893517,D,B,C,2024-10-24,1000000.00,4.094156,97.19140625
08:00:39,91282CLM1,TSRYS5893517,D,S,D,2024-10-24,1000000.00,4.094488,97.189453125
08:00:39,91282CLM1,TSRYS5893517,D,S,C,2024-10-24,1000000.00,4.093824,97.193359375
08:00:39,91282CLM1,TSRYS5893517,D,S,C,2024-10-24,1000000.00,4.093824,97.193359375
08:00:39,91282CLM1,TSRYS5893517,D,S,C,2024-10-24,1000000.00,4.093492,97.1953125
08:00:39,91282CLM1,TSRYS5893517,D,B,C,2024-10-24,1000000.00,4.093824,97.193359375
08:00:39,91282CLM1,TSRYS5893517,D,S,D,2024-10-24,1000000.00,4.093824,97.193359375
08:00:39,91282CLM1,TSRYS5893517,D,S,D,2024-10-24,1000000.00,4.094156,97.19140625
08:00:39,91282CLM1,TSRYS5893517,D,B,C,2024-10-24,1000000.00,4.094156,97.19140625
08:00:39,91282CLM1,TSRYS5893517,D,S,C,2024-10-24,1000000.00,4.093492,97.1953125
08:00:40,91282CLM1,TSRYS5893517,D,S,C,2024-10-24,1000000.00,4.093824,97.193359375
08:00:41,91282CLM1,TSRYS5893517,D,S,D,2024-10-24,1000000.00,4.094156,97.19140625
08:00:41,91282CLM1,TSRYS5893517,D,B,C,2024-10-24,1000000.00,4.094156,97.19140625
08:00:41,91282CLM1,TSRYS5893517,D,S,C,2024-10-24,1000000.00,4.093492,97.1953125
08:00:41,91282CLM1,TSRYS5893517,D,S,C,2024-10-24,1000000.00,4.093824,97.193359375
08:00:42,91282CLM1,TSRYS5893517,D,S,T,2024-10-24,1000000.00,4.096812,97.17578125
08:00:42,91282CLM1,TSRYS5893517,D,S,T,2024-10-24,1000000.00,4.096812,97.17578125
08:00:42,91282CLM1,TSRYS5893517,D,S,T,2024-10-24,1000000.00,4.096812,97.17578125
08:00:42,91282CLM1,TSRYS5893517,D,S,T,2024-10-24,2000000.00,4.096812,97.17578125
08:00:42,91282CLM1,TSRYS5893517,D,S,T,2024-10-24,1000000.00,4.096812,97.17578125
08:00:42,91282CLM1,TSRYS5893517,D,S,T,2024-10-24,2000000.00,4.096812,97.17578125
08:00:42,91282CLM1,TSRYS5893517,D,S,T,2024-10-24,1000000.00,4.096812,97.17578125
08:00:42,91282CLM1,TSRYS5893517,D,S,T,2024-10-24,1000000.00,4.096812,97.17578125
08:00:42,91282CLM1,TSRYS5893517,D,S,T,2024-10-24,1000000.00,4.096812,97.17578125
08:00:42,91282CLM1,TSRYS5893517,D,S,T,2024-10-24,2000000.00,4.096148,97.1796875
08:00:42,91282CLM1,TSRYS5893517,D,S,T,2024-10-24,1000000.00,4.096812,97.17578125
08:00:42,91282CLM1,TSRYS5893517,D,S,T,2024-10-24,1000000.00,4.097144,97.173828125
08:00:42,91282CLM1,TSRYS5893517,D,S,T,2024-10-24,5000000.00,4.097144,97.173828125
08:00:42,91282CLM1,TSRYS5893517,D,S,T,2024-10-24,1000000.00,4.097476,97.171875
08:00:42,91282CLM1,TSRYS5893517,D,S,T,2024-10-24,1000000.00,4.097476,97.171875
08:00:42,91282CLM1,TSRYS5893517,D,S,T,2024-10-24,3000000.00,4.097476,97.171875
08:00:42,91282CLM1,TSRYS5893517,D,S,T,2024-10-24,3000000.00,4.098804,97.1640625
08:00:42,91282CLM1,TSRYS5893517,D,S,T,2024-10-24,1000000.00,4.098804,97.1640625
08:00:42,91282CLM1,TSRYS5893517,D,S,T,2024-10-24,1000000.00,4.098804,97.1640625
08:00:42,91282CLM1,TSRYS5893517,D,S,T,2024-10-24,1000000.00,4.099136,97.162109375
08:00:42,91282CLM1,TSRYS5893517,D,S,T,2024-10-24,1000000.00,4.098804,97.1640625
08:00:42,91282CLM1,TSRYS5893517,D,S,T,2024-10-24,1000000.00,4.098804,97.1640625
08:00:43,91282CLM1,TSRYS5893517,D,S,T,2024-10-24,1000000.00,4.098804,97.1640625
08:00:43,91282CLM1,TSRYS5893517,D,S,T,2024-10-24,2000000.00,4.098804,97.1640625
08:00:43,91282CLM1,TSRYS5893517,D,S,T,2024-10-24,1000000.00,4.098804,97.1640625
08:00:43,91282CLM1,TSRYS5893517,D,S,T,2024-10-24,1000000.00,4.099468,97.16015625
08:00:43,91282CLM1,TSRYS5893517,D,S,T,2024-10-24,1000000.00,4.099136,97.162109375
08:00:44,91282CLM1,TSRYS5893517,D,S,D,2024-10-24,2861000.00,4.092829,97.19921875
08:00:44,91282CLM1,TSRYS5893517,D,S,D,2024-10-24,2863000.00,4.093492,97.1953125
08:00:44,91282CLM1,TSRYS5893517,D,S,D,2024-10-24,2786000.00,4.091501,97.20703125
08:00:44,91282CLM1,TSRYS5893517,D,S,D,2024-10-24,2843000.00,4.092165,97.203125
08:00:44,91282CLM1,TSRYS5893517,D,S,T,2024-10-24,1000000.00,4.124059,97.015625
08:00:44,91282CLM1,TSRYS5893517,D,S,C,2024-10-24,1000000.00,4.093824,97.193359375
08:00:45,91282CLM1,TSRYS5893517,D,S,T,2024-10-24,1000000.00,4.124059,97.015625
08:00:45,91282CLM1,TSRYS5893517,D,S,T,2024-10-24,1000000.00,4.124059,97.015625
08:00:46,91282CLM1,TSRYS5893517,D,S,T,2024-10-24,2000000.00,4.124059,97.015625
08:00:46,91282CLM1,TSRYS5893517,D,S,T,2024-10-24,2000000.00,4.124059,97.015625
08:00:46,91282CLM1,TSRYS5893517,D,S,T,2024-10-24,1000000.00,4.092165,97.203125
08:00:46,91282CLM1,TSRYS5893517,D,S,D,2024-10-24,1000000.00,4.092165,97.203125
08:00:47,91282CLM1,TSRYS5893517,D,S,T,2024-10-24,3000000.00,4.124059,97.015625
08:00:47,91282CLM1,TSRYS5893517,D,S,T,2024-10-24,1000000.00,4.099136,97.162109375
08:00:47,91282CLM1,TSRYS5893517,D,S,T,2024-10-24,1000000.00,4.099136,97.162109375
08:00:47,91282CLM1,TSRYS5893517,D,S,T,2024-10-24,2000000.00,4.0998,97.158203125
08:00:47,91282CLM1,TSRYS5893517,D,S,T,2024-10-24,1000000.00,4.0998,97.158203125
08:00:47,91282CLM1,TSRYS5893517,D,S,T,2024-10-24,1000000.00,4.0998,97.158203125
08:00:47,91282CLM1,TSRYS5893517,D,S,T,2024-10-24,1000000.00,4.099468,97.16015625
08:00:47,91282CLM1,TSRYS5893517,D,S,T,2024-10-24,2000000.00,4.098804,97.1640625
08:00:47,91282CLM1,TSRYS5893517,D,S,T,2024-10-24,1000000.00,4.098804,97.1640625
08:00:47,91282CLM1,TSRYS5893517,D,S,T,2024-10-24,1000000.00,4.098804,97.1640625
08:00:47,91282CLM1,TSRYS5893517,D,S,T,2024-10-24,1000000.00,4.098804,97.1640625
08:00:47,91282CLM1,TSRYS5893517,D,S,T,2024-10-24,1000000.00,4.098804,97.1640625
08:00:47,91282CLM1,TSRYS5893517,D,S,T,2024-10-24,1000000.00,4.098472,97.166015625
08:00:47,91282CLM1,TSRYS5893517,D,S,T,2024-10-24,1000000.00,4.098804,97.1640625
08:00:47,91282CLM1,TSRYS5893517,D,S,T,2024-10-24,1000000.00,4.098804,97.1640625
08:00:47,91282CLM1,TSRYS5893517,D,S,D,2024-10-24,1000000.00,4.096148,97.1796875
08:00:47,91282CLM1,TSRYS5893517,D,S,D,2024-10-24,1000000.00,4.094488,97.189453125
08:00:47,91282CLM1,TSRYS5893517,D,B,C,2024-10-24,1000000.00,4.094488,97.189453125
08:00:47,91282CLM1,TSRYS5893517,D,S,D,2024-10-24,1000000.00,4.096148,97.1796875
08:00:47,91282CLM1,TSRYS5893517,D,S,D,2024-10-24,1000000.00,4.096148,97.1796875
08:00:47,91282CLM1,TSRYS5893517,D,S,D,2024-10-24,1000000.00,4.096148,97.1796875
08:00:47,91282CLM1,TSRYS5893517,D,S,C,2024-10-24,1000000.00,4.093824,97.193359375
08:00:48,91282CLM1,TSRYS5893517,D,S,C,2024-10-24,1000000.00,4.093824,97.193359375
08:00:49,91282CLM1,TSRYS5893517,D,S,C,2024-10-24,1000000.00,4.093824,97.193359375
08:00:49,91282CLM1,TSRYS5893517,D,S,D,2024-10-24,1000000.00,4.092829,97.19921875
08:00:49,91282CLM1,TSRYS5893517,D,S,D,2024-10-24,1000000.00,4.093492,97.1953125
08:00:49,91282CLM1,TSRYS5893517,D,S,D,2024-10-24,1000000.00,4.093492,97.1953125
08:00:49,91282CLM1,TSRYS5893517,D,S,D,2024-10-24,1000000.00,4.093492,97.1953125
08:00:49,91282CLM1,TSRYS5893517,D,S,D,2024-10-24,1000000.00,4.093492,97.1953125
08:00:49,91282CLM1,TSRYS5893517,D,S,D,2024-10-24,1000000.00,4.093492,97.1953125
08:00:49,91282CLM1,TSRYS5893517,D,S,D,2024-10-24,1000000.00,4.093492,97.1953125
08:00:49,91282CLM1,TSRYS5893517,D,S,D,2024-10-24,1000000.00,4.093492,97.1953125
08:00:49,91282CLM1,TSRYS5893517,D,S,D,2024-10-24,1000000.00,4.093492,97.1953125
08:00:49,91282CLM1,TSRYS5893517,D,B,C,2024-10-24,1000000.00,4.093492,97.1953125
08:00:49,91282CLM1,TSRYS5893517,D,B,C,2024-10-24,1000000.00,4.093824,97.193359375
08:00:50,91282CLM1,TSRYS5893517,D,S,D,2024-10-24,1000000.00,4.093824,97.193359375
08:00:51,91282CLM1,TSRYS5893517,D,S,C,2024-10-24,1000000.00,4.091501,97.20703125
08:00:51,91282CLM1,TSRYS5893517,D,S,C,2024-10-24,1000000.00,4.091501,97.20703125
08:00:53,91282CLM1,TSRYS5893517,D,S,D,2024-10-24,1000000.00,4.093492,97.1953125
08:00:54,91282CLM1,TSRYS5893517,D,S,C,2024-10-24,1000000.00,4.091501,97.20703125
08:00:54,91282CLM1,TSRYS5893517,D,S,C,2024-10-24,1000000.00,4.091501,97.20703125
08:00:57,91282CLM1,TSRYS5893517,D,S,T,2024-10-24,1000000.00,4.093492,97.1953125
08:00:58,91282CLM1,TSRYS5893517,D,B,A,2024-10-24,1000000.00,4.092829,97.19921875
08:00:59,91282CLM1,TSRYS5893517,D,S,C,2024-10-24,1000000.00,4.091501,97.20703125
08:00:59,91282CLM1,TSRYS5893517,D,S,T,2024-10-24,1000000.00,4.122728,97.0234375
08:01:00,91282CLM1,TSRYS5893517,D,B,C,2024-10-24,15000.00,4.092829,97.19921875
08:01:01,91282CLM1,TSRYS5893517,D,S,D,2024-10-24,15000.00,4.092829,97.19921875
08:01:01,91282CLM1,TSRYS5893517,D,S,T,2024-10-24,1000000.00,4.097476,97.171875
08:01:01,91282CLM1,TSRYS5893517,D,S,T,2024-10-24,1000000.00,4.097476,97.171875
08:01:02,91282CLM1,TSRYS5893517,D,B,A,2024-10-24,210000.00,4.093492,97.1953125
08:01:02,91282CLM1,TSRYS5893517,D,B,A,2024-10-24,650000.00,4.092829,97.19921875
08:01:03,91282CLM1,TSRYS5893517,D,S,D,2024-10-24,1000000.00,4.146693,96.8828125
08:01:03,91282CLM1,TSRYS5893517,D,S,D,2024-10-24,1000000.00,4.138701,96.9296875
08:01:03,91282CLM1,TSRYS5893517,D,S,D,2024-10-24,1000000.00,4.135039,96.951171875
08:01:03,91282CLM1,TSRYS5893517,D,S,D,2024-10-24,1000000.00,4.137369,96.9375
08:01:03,91282CLM1,TSRYS5893517,D,S,D,2024-10-24,1000000.00,4.137369,96.9375
08:01:03,91282CLM1,TSRYS5893517,D,B,C,2024-10-24,1000000.00,4.137369,96.9375
08:01:03,91282CLM1,TSRYS5893517,D,B,C,2024-10-24,1000000.00,4.137369,96.9375
08:01:03,91282CLM1,TSRYS5893517,D,S,D,2024-10-24,1000000.00,4.135039,96.951171875
08:01:03,91282CLM1,TSRYS5893517,D,S,D,2024-10-24,1000000.00,4.135039,96.951171875
08:01:03,91282CLM1,TSRYS5893517,D,B,C,2024-10-24,1000000.00,4.135039,96.951171875
08:01:03,91282CLM1,TSRYS5893517,D,B,C,2024-10-24,1000000.00,4.138701,96.9296875
08:01:03,91282CLM1,TSRYS5893517,D,S,D,2024-10-24,1000000.00,4.135039,96.951171875
08:01:03,91282CLM1,TSRYS5893517,D,S,D,2024-10-24,1000000.00,4.132376,96.966796875
08:01:03,91282CLM1,TSRYS5893517,D,B,C,2024-10-24,1000000.00,4.132376,96.966796875
08:01:03,91282CLM1,TSRYS5893517,D,B,C,2024-10-24,1000000.00,4.131711,96.970703125
08:01:03,91282CLM1,TSRYS5893517,D,B,C,2024-10-24,1000000.00,4.135039,96.951171875
08:01:03,91282CLM1,TSRYS5893517,D,B,C,2024-10-24,1000000.00,4.135039,96.951171875
08:01:03,91282CLM1,TSRYS5893517,D,B,C,2024-10-24,1000000.00,4.132709,96.96484375
08:01:03,91282CLM1,TSRYS5893517,D,B,C,2024-10-24,1000000.00,4.135039,96.951171875
08:01:03,91282CLM1,TSRYS5893517,D,S,D,2024-10-24,1000000.00,4.131711,96.970703125
08:01:04,91282CLM1,TSRYS5893517,D,S,D,2024-10-24,1000000.00,4.132043,96.96875
08:01:04,91282CLM1,TSRYS5893517,D,S,D,2024-10-24,1000000.00,4.132043,96.96875
08:01:04,91282CLM1,TSRYS5893517,D,S,D,2024-10-24,1000000.00,4.132709,96.96484375
08:01:04,91282CLM1,TSRYS5893517,D,S,T,2024-10-24,1000000.00,4.096148,97.1796875
08:01:04,91282CLM1,TSRYS5893517,D,S,D,2024-10-24,1000000.00,4.096148,97.1796875
08:01:04,91282CLM1,TSRYS5893517,D,S,C,2024-10-24,1000000.00,4.13038,96.978515625
08:01:04,91282CLM1,TSRYS5893517,D,S,T,2024-10-24,1000000.00,4.096148,97.1796875
08:01:04,91282CLM1,TSRYS5893517,D,B,C,2024-10-24,1000000.00,4.130047,96.98046875
08:01:04,91282CLM1,TSRYS5893517,D,S,T,2024-10-24,1000000.00,4.096148,97.1796875
08:01:04,91282CLM1,TSRYS5893517,D,S,D,2024-10-24,1000000.00,4.096148,97.1796875
08:01:04,91282CLM1,TSRYS5893517,D,S,D,2024-10-24,1000000.00,4.130047,96.98046875
08:01:05,91282CLM1,TSRYS5893517,D,S,C,2024-10-24,1000000.00,4.125057,97.009765625
08:01:05,91282CLM1,TSRYS5893517,D,S,C,2024-10-24,1000000.00,4.124059,97.015625
08:01:06,91282CLM1,TSRYS5893517,D,S,C,2024-10-24,1000000.00,4.123061,97.021484375
08:01:06,91282CLM1,TSRYS5893517,D,S,D,2024-10-24,1000000.00,4.121731,97.029296875
08:01:06,91282CLM1,TSRYS5893517,D,B,C,2024-10-24,1000000.00,4.121731,97.029296875
08:01:06,91282CLM1,TSRYS5893517,D,S,D,2024-10-24,1000000.00,4.121398,97.03125
08:01:06,91282CLM1,TSRYS5893517,D,S,D,2024-10-24,1000000.00,4.121398,97.03125
08:01:06,91282CLM1,TSRYS5893517,D,S,D,2024-10-24,1000000.00,4.122728,97.0234375
08:01:06,91282CLM1,TSRYS5893517,D,S,D,2024-10-24,2000000.00,4.124059,97.015625
08:01:06,91282CLM1,TSRYS5893517,D,S,D,2024-10-24,1000000.00,4.124059,97.015625
08:01:06,91282CLM1,TSRYS5893517,D,S,D,2024-10-24,10000000.00,4.105616,97.124
08:01:06,91282CLM1,TSRYS5893517,D,S,C,2024-10-24,2000000.00,4.123394,97.01953125
08:01:06,91282CLM1,TSRYS5893517,D,S,D,2024-10-24,20000000.00,4.131378,96.97265625
08:01:07,91282CLM1,TSRYS5893517,D,S,D,2024-10-24,1000000.00,4.12672,97.0
08:01:07,91282CLM1,TSRYS5893517,D,S,D,2024-10-24,1000000.00,4.128051,96.9921875
08:01:07,91282CLM1,TSRYS5893517,D,S,D,2024-10-24,1000000.00,4.117408,97.0546875
08:01:07,91282CLM1,TSRYS5893517,D,S,C,2024-10-24,1000000.00,4.118406,97.048828125
08:01:09,91282CLM1,TSRYS5893517,D,S,D,2024-10-24,1000000.00,4.093492,97.1953125
08:01:09,91282CLM1,TSRYS5893517,D,S,T,2024-10-24,1000000.00,4.093492,97.1953125
08:01:09,91282CLM1,TSRYS5893517,D,S,T,2024-10-24,1000000.00,4.093492,97.1953125
08:01:09,91282CLM1,TSRYS5893517,D,S,D,2024-10-24,1000000.00,4.093492,97.1953125
08:01:10,91282CLM1,TSRYS5893517,D,S,D,2024-10-24,2000000.00,4.117408,97.0546875
08:01:10,91282CLM1,TSRYS5893517,D,S,D,2024-10-24,1000000.00,4.093492,97.1953125
08:01:11,91282CLM1,TSRYS5893517,D,S,T,2024-10-24,1000000.00,4.117425,97.0545875
08:01:11,91282CLM1,TSRYS5893517,D,S,T,2024-10-24,1000000.00,4.117425,97.0545875
08:01:11,91282CLM1,TSRYS5893517,D,S,T,2024-10-24,1000000.00,4.117425,97.0545875
08:01:11,91282CLM1,TSRYS5893517,D,S,T,2024-10-24,1000000.00,4.117425,97.0545875
08:01:11,91282CLM1,TSRYS5893517,D,S,T,2024-10-24,1000000.00,4.117425,97.0545875
08:01:11,91282CLM1,TSRYS5893517,D,S,T,2024-10-24,8900000.00,4.12672,97.0
08:01:11,91282CLM1,TSRYS5893517,D,S,T,2024-10-24,8900000.00,4.12672,97.0
08:01:11,91282CLM1,TSRYS5893517,D,S,T,2024-10-24,1000000.00,4.117438,97.0545125
08:01:11,91282CLM1,TSRYS5893517,D,S,T,2024-10-24,1000000.00,4.117438,97.0545125
08:01:12,91282CLM1,TSRYS5893517,D,S,T,2024-10-24,4450000.00,4.12672,97.0
08:01:12,91282CLM1,TSRYS5893517,D,S,T,2024-10-24,2000000.00,4.117447,97.0544625
08:01:12,91282CLM1,TSRYS5893517,D,S,T,2024-10-24,1000000.00,4.117447,97.0544625
08:01:12,91282CLM1,TSRYS5893517,D,S,D,2024-10-24,2000000.00,4.121279,97.03195
08:01:12,91282CLM1,TSRYS5893517,D,S,D,2024-10-24,4000000.00,4.12394,97.016325
08:01:12,91282CLM1,TSRYS5893517,D,S,D,2024-10-24,2000000.00,4.118619,97.047575
08:01:12,91282CLM1,TSRYS5893517,D,S,D,2024-10-24,3000000.00,4.117289,97.0553875
08:01:12,91282CLM1,TSRYS5893517,D,S,A,2024-10-24,860000.00,4.092186,97.203
08:01:12,91282CLM1,TSRYS5893517,D,S,D,2024-10-24,7000000.00,4.118986,97.0454219
08:01:12,91282CLM1,TSRYS5893517,D,S,D,2024-10-24,5000000.00,4.111971,97.0866375
08:01:12,91282CLM1,TSRYS5893517,D,S,D,2024-10-24,4000000.00,4.111307,97.0905438
08:01:12,91282CLM1,TSRYS5893517,D,B,C,2024-10-24,6000000.00,4.117596,97.0535875
08:01:12,91282CLM1,TSRYS5893517,D,B,C,2024-10-24,6000000.00,4.117596,97.0535875
08:01:12,91282CLM1,TSRYS5893517,D,S,D,2024-10-24,8000000.00,4.11267,97.0825313
08:01:13,91282CLM1,TSRYS5893517,D,S,T,2024-10-24,1000000.00,4.097498,97.171745
08:01:13,91282CLM1,TSRYS5893517,D,S,T,2024-10-24,1000000.00,4.097498,97.171745
08:01:13,91282CLM1,TSRYS5893517,D,S,T,2024-10-24,1000000.00,4.097498,97.171745
08:01:13,91282CLM1,TSRYS5893517,D,S,T,2024-10-24,1000000.00,4.097498,97.171745
08:01:13,91282CLM1,TSRYS5893517,D,S,T,2024-10-24,1000000.00,4.097498,97.171745
08:01:13,91282CLM1,TSRYS5893517,D,S,T,2024-10-24,1000000.00,4.097498,97.171745
08:01:13,91282CLM1,TSRYS5893517,D,S,T,2024-10-24,1000000.00,4.097498,97.171745
08:01:13,91282CLM1,TSRYS5893517,D,S,T,2024-10-24,1000000.00,4.097498,97.171745
08:01:13,91282CLM1,TSRYS5893517,D,S,T,2024-10-24,1000000.00,4.097498,97.171745
08:01:14,91282CLM1,TSRYS5893517,D,S,T,2024-10-24,1000000.00,4.097498,97.171745
08:01:14,91282CLM1,TSRYS5893517,D,S,T,2024-10-24,1000000.00,4.097498,97.171745
08:01:14,91282CLM1,TSRYS5893517,D,S,T,2024-10-24,1000000.00,4.097498,97.171745
08:01:14,91282CLM1,TSRYS5893517,D,S,T,2024-10-24,1000000.00,4.097498,97.171745
08:01:14,91282CLM1,TSRYS5893517,D,S,T,2024-10-24,1000000.00,4.097498,97.171745
08:01:14,91282CLM1,TSRYS5893517,D,S,T,2024-10-24,1000000.00,4.097498,97.171745
08:01:14,91282CLM1,TSRYS5893517,D,S,T,2024-10-24,1000000.00,4.097498,97.171745
08:01:14,91282CLM1,TSRYS5893517,D,S,T,2024-10-24,1000000.00,4.097498,97.171745
08:01:14,91282CLM1,TSRYS5893517,D,S,T,2024-10-24,1000000.00,4.097498,97.171745
08:01:17,91282CLM1,TSRYS5893517,D,S,T,2024-10-24,1000000.00,4.09482,97.1875
08:01:17,91282CLM1,TSRYS5893517,D,S,T,2024-10-24,1000000.00,4.09482,97.1875
08:01:17,91282CLM1,TSRYS5893517,D,S,T,2024-10-24,1000000.00,4.09482,97.1875
08:01:17,91282CLM1,TSRYS5893517,D,S,T,2024-10-24,1000000.00,4.09482,97.1875
08:01:17,91282CLM1,TSRYS5893517,D,S,T,2024-10-24,1000000.00,4.09482,97.1875
08:01:17,91282CLM1,TSRYS5893517,D,S,T,2024-10-24,1000000.00,4.09482,97.1875
08:01:17,91282CLM1,TSRYS5893517,D,S,T,2024-10-24,1000000.00,4.09482,97.1875
08:01:17,91282CLM1,TSRYS5893517,D,S,T,2024-10-24,1000000.00,4.09482,97.1875
08:01:17,91282CLM1,TSRYS5893517,D,S,T,2024-10-24,1000000.00,4.09482,97.1875
08:01:17,91282CLM1,TSRYS5893517,D,S,T,2024-10-24,2000000.00,4.09482,97.1875
08:01:17,91282CLM1,TSRYS5893517,D,S,T,2024-10-24,1000000.00,4.09482,97.1875
08:01:17,91282CLM1,TSRYS5893517,D,S,T,2024-10-24,4000000.00,4.09482,97.1875
08:01:17,91282CLM1,TSRYS5893517,D,S,T,2024-10-24,1000000.00,4.09482,97.1875
08:01:17,91282CLM1,TSRYS5893517,D,S,T,2024-10-24,1000000.00,4.09482,97.1875
08:01:17,91282CLM1,TSRYS5893517,D,S,T,2024-10-24,1000000.00,4.09482,97.1875
08:01:17,91282CLM1,TSRYS5893517,D,S,T,2024-10-24,1000000.00,4.09482,97.1875
08:01:17,91282CLM1,TSRYS5893517,D,S,T,2024-10-24,1000000.00,4.09482,97.1875
08:01:17,91282CLM1,TSRYS5893517,D,S,T,2024-10-24,6000000.00,4.09482,97.1875
08:01:17,91282CLM1,TSRYS5893517,D,S,T,2024-10-24,3000000.00,4.09482,97.1875
08:01:17,91282CLM1,TSRYS5893517,D,S,D,2024-10-24,1000000.00,4.096148,97.1796875
08:01:18,91282CLM1,TSRYS5893517,D,S,C,2024-10-24,9900000.00,4.094156,97.19140625
08:01:18,91282CLM1,TSRYS5893517,D,S,D,2024-10-24,8900000.00,4.12672,97.0
08:01:18,91282CLM1,TSRYS5893517,D,S,D,2024-10-24,63200000.00,4.12672,97.0
08:01:18,91282CLM1,TSRYS5893517,D,S,D,2024-10-24,4500000.00,4.12672,97.0
08:01:18,91282CLM1,TSRYS5893517,D,S,D,2024-10-24,9050000.00,4.12672,97.0
08:01:18,91282CLM1,TSRYS5893517,D,S,D,2024-10-24,8900000.00,4.12672,97.0
08:01:18,91282CLM1,TSRYS5893517,D,S,D,2024-10-24,13550000.00,4.12672,97.0
08:01:18,91282CLM1,TSRYS5893517,D,S,D,2024-10-24,4500000.00,4.12672,97.0
08:01:18,91282CLM1,TSRYS5893517,D,S,D,2024-10-24,45150000.00,4.12672,97.0
08:01:19,91282CLM1,TSRYS5893517,D,S,D,2024-10-24,4500000.00,4.12672,97.0
08:01:19,91282CLM1,TSRYS5893517,D,S,D,2024-10-24,4450000.00,4.12672,97.0
08:01:19,91282CLM1,TSRYS5893517,D,S,D,2024-10-24,45150000.00,4.12672,97.0
08:01:19,91282CLM1,TSRYS5893517,D,S,D,2024-10-24,9050000.00,4.12672,97.0
08:01:19,91282CLM1,TSRYS5893517,D,S,D,2024-10-24,67600000.00,4.12672,97.0
08:01:19,91282CLM1,TSRYS5893517,D,S,D,2024-10-24,81200000.00,4.12672,97.0
08:01:19,91282CLM1,TSRYS5893517,D,S,D,2024-10-24,9050000.00,4.12672,97.0
08:01:20,91282CLM1,TSRYS5893517,D,S,D,2024-10-24,4500000.00,4.12672,97.0
08:01:20,91282CLM1,TSRYS5893517,D,S,D,2024-10-24,9050000.00,4.12672,97.0
08:01:21,91282CLM1,TSRYS5893517,D,S,C,2024-10-24,1000000.00,4.118073,97.05078125
08:01:21,91282CLM1,TSRYS5893517,D,S,C,2024-10-24,9900000.00,4.094156,97.19140625
08:01:21,91282CLM1,TSRYS5893517,D,S,C,2024-10-24,1000000.00,4.116079,97.0625
08:01:21,91282CLM1,TSRYS5893517,D,S,C,2024-10-24,1000000.00,4.115746,97.064453125
08:01:21,91282CLM1,TSRYS5893517,D,S,C,2024-10-24,1000000.00,4.115746,97.064453125
08:01:21,91282CLM1,TSRYS5893517,D,S,D,2024-10-24,1000000.00,4.116079,97.0625
08:01:21,91282CLM1,TSRYS5893517,D,S,D,2024-10-24,1000000.00,4.116079,97.0625
08:01:21,91282CLM1,TSRYS5893517,D,S,C,2024-10-24,1000000.00,4.114417,97.072265625
08:01:21,91282CLM1,TSRYS5893517,D,S,D,2024-10-24,1000000.00,4.11342,97.078125
08:01:22,91282CLM1,TSRYS5893517,D,S,C,2024-10-24,1000000.00,4.116079,97.0625
08:01:22,91282CLM1,TSRYS5893517,D,S,C,2024-10-24,1000000.00,4.118406,97.048828125
08:01:22,91282CLM1,TSRYS5893517,D,S,C,2024-10-24,1000000.00,4.118406,97.048828125
08:01:22,91282CLM1,TSRYS5893517,D,S,T,2024-10-24,1000000.00,4.097498,97.171745
08:01:22,91282CLM1,TSRYS5893517,D,S,D,2024-10-24,1000000.00,4.119071,97.044921875
08:01:22,91282CLM1,TSRYS5893517,D,S,D,2024-10-24,1000000.00,4.119071,97.044921875
08:01:22,91282CLM1,TSRYS5893517,D,S,T,2024-10-24,1000000.00,4.090838,97.2109375
08:01:23,91282CLM1,TSRYS5893517,D,S,T,2024-10-24,1000000.00,4.092165,97.203125
08:01:23,91282CLM1,TSRYS5893517,D,S,T,2024-10-24,1000000.00,4.092165,97.203125
08:01:23,91282CLM1,TSRYS5893517,D,S,D,2024-10-24,1000000.00,4.113752,97.076171875
08:01:24,91282CLM1,TSRYS5893517,D,S,C,2024-10-24,1000000.00,4.113752,97.076171875
08:01:24,91282CLM1,TSRYS5893517,D,B,C,2024-10-24,1000000.00,4.11209,97.0859375
08:01:24,91282CLM1,TSRYS5893517,D,S,D,2024-10-24,1000000.00,4.11209,97.0859375
08:01:24,91282CLM1,TSRYS5893517,D,S,D,2024-10-24,1000000.00,4.11209,97.0859375
08:01:24,91282CLM1,TSRYS5893517,D,S,T,2024-10-24,1000000.00,4.105445,97.125
08:01:24,91282CLM1,TSRYS5893517,D,S,D,2024-10-24,1000000.00,4.105445,97.125
08:01:24,91282CLM1,TSRYS5893517,D,S,T,2024-10-24,2000000.00,4.105471,97.124848
08:01:24,91282CLM1,TSRYS5893517,D,S,T,2024-10-24,1000000.00,4.105445,97.125
08:01:24,91282CLM1,TSRYS5893517,D,S,T,2024-10-24,1000000.00,4.105445,97.125
08:01:24,91282CLM1,TSRYS5893517,D,S,T,2024-10-24,2000000.00,4.105445,97.125
08:01:24,91282CLM1,TSRYS5893517,D,S,D,2024-10-24,1000000.00,4.105445,97.125
08:01:24,91282CLM1,TSRYS5893517,D,S,T,2024-10-24,1000000.00,4.105445,97.125
08:01:24,91282CLM1,TSRYS5893517,D,S,D,2024-10-24,1000000.00,4.109432,97.1015625
08:01:24,91282CLM1,TSRYS5893517,D,B,C,2024-10-24,1000000.00,4.111426,97.08984375
08:01:24,91282CLM1,TSRYS5893517,D,S,D,2024-10-24,1000000.00,4.111426,97.08984375
08:01:24,91282CLM1,TSRYS5893517,D,S,D,2024-10-24,1000000.00,4.111426,97.08984375
08:01:24,91282CLM1,TSRYS5893517,D,B,C,2024-10-24,1000000.00,4.111426,97.08984375
08:01:24,91282CLM1,TSRYS5893517,D,S,D,2024-10-24,1000000.00,4.111426,97.08984375
08:01:25,91282CLM1,TSRYS5893517,D,S,D,2024-10-24,1000000.00,4.098804,97.1640625
08:01:25,91282CLM1,TSRYS5893517,D,S,D,2024-10-24,1000000.00,4.098804,97.1640625
08:01:25,91282CLM1,TSRYS5893517,D,S,D,2024-10-24,1000000.00,4.110761,97.09375
08:01:25,91282CLM1,TSRYS5893517,D,S,D,2024-10-24,2000000.00,4.098804,97.1640625
08:01:25,91282CLM1,TSRYS5893517,D,S,D,2024-10-24,1000000.00,4.098804,97.1640625
08:01:25,91282CLM1,TSRYS5893517,D,S,D,2024-10-24,1000000.00,4.098804,97.1640625
08:01:25,91282CLM1,TSRYS5893517,D,S,D,2024-10-24,1000000.00,4.098804,97.1640625
08:01:25,91282CLM1,TSRYS5893517,D,S,D,2024-10-24,1000000.00,4.098804,97.1640625
08:01:25,91282CLM1,TSRYS5893517,D,S,D,2024-10-24,1000000.00,4.098804,97.1640625
08:01:25,91282CLM1,TSRYS5893517,D,S,D,2024-10-24,1000000.00,4.098804,97.1640625
08:01:25,91282CLM1,TSRYS5893517,D,S,D,2024-10-24,1000000.00,4.098804,97.1640625
08:01:25,91282CLM1,TSRYS5893517,D,S,D,2024-10-24,1000000.00,4.098804,97.1640625
08:01:25,91282CLM1,TSRYS5893517,D,S,D,2024-10-24,1000000.00,4.098804,97.1640625
08:01:25,91282CLM1,TSRYS5893517,D,S,D,2024-10-24,1000000.00,4.098804,97.1640625
08:01:25,91282CLM1,TSRYS5893517,D,S,D,2024-10-24,1000000.00,4.098804,97.1640625
08:01:25,91282CLM1,TSRYS5893517,D,S,D,2024-10-24,1000000.00,4.098804,97.1640625
08:01:25,91282CLM1,TSRYS5893517,D,S,D,2024-10-24,1000000.00,4.098804,97.1640625
08:01:25,91282CLM1,TSRYS5893517,D,S,D,2024-10-24,1000000.00,4.098804,97.1640625
08:01:25,91282CLM1,TSRYS5893517,D,S,D,2024-10-24,1000000.00,4.105445,97.125
08:01:25,91282CLM1,TSRYS5893517,D,S,D,2024-10-24,1000000.00,4.098804,97.1640625
08:01:25,91282CLM1,TSRYS5893517,D,S,D,2024-10-24,1000000.00,4.098804,97.1640625
08:01:25,91282CLM1,TSRYS5893517,D,S,D,2024-10-24,1000000.00,4.098804,97.1640625
08:01:25,91282CLM1,TSRYS5893517,D,S,D,2024-10-24,1000000.00,4.098804,97.1640625
08:01:25,91282CLM1,TSRYS5893517,D,S,T,2024-10-24,1000000.00,4.09883,97.1639105
08:01:25,91282CLM1,TSRYS5893517,D,S,D,2024-10-24,1000000.00,4.098804,97.1640625
08:01:25,91282CLM1,TSRYS5893517,D,S,D,2024-10-24,1000000.00,4.098804,97.1640625
08:01:25,91282CLM1,TSRYS5893517,D,S,T,2024-10-24,1000000.00,4.09883,97.1639105
08:01:25,91282CLM1,TSRYS5893517,D,S,D,2024-10-24,1000000.00,4.098804,97.1640625
08:01:25,91282CLM1,TSRYS5893517,D,S,T,2024-10-24,1000000.00,4.09883,97.1639105
08:01:25,91282CLM1,TSRYS5893517,D,S,T,2024-10-24,1000000.00,4.09883,97.1639105
08:01:25,91282CLM1,TSRYS5893517,D,S,T,2024-10-24,1000000.00,4.09883,97.1639105
08:01:25,91282CLM1,TSRYS5893517,D,S,T,2024-10-24,1000000.00,4.09883,97.1639105
08:01:25,91282CLM1,TSRYS5893517,D,S,T,2024-10-24,1000000.00,4.09883,97.1639105
08:01:25,91282CLM1,TSRYS5893517,D,S,T,2024-10-24,1000000.00,4.09883,97.1639105
08:01:25,91282CLM1,TSRYS5893517,D,S,T,2024-10-24,1000000.00,4.09883,97.1639105
08:01:25,91282CLM1,TSRYS5893517,D,S,T,2024-10-24,1000000.00,4.09883,97.1639105
08:01:25,91282CLM1,TSRYS5893517,D,S,T,2024-10-24,1000000.00,4.09883,97.1639105
08:01:25,91282CLM1,TSRYS5893517,D,S,D,2024-10-24,1000000.00,4.105445,97.125
08:01:25,91282CLM1,TSRYS5893517,D,B,C,2024-10-24,1000000.00,4.105445,97.125
08:01:25,91282CLM1,TSRYS5893517,D,S,T,2024-10-24,1000000.00,4.09883,97.1639105
08:01:25,91282CLM1,TSRYS5893517,D,S,D,2024-10-24,1000000.00,4.106774,97.1171875
08:01:25,91282CLM1,TSRYS5893517,D,S,D,2024-10-24,1000000.00,4.107106,97.115234375
08:01:25,91282CLM1,TSRYS5893517,D,S,D,2024-10-24,1000000.00,4.107106,97.115234375
08:01:25,91282CLM1,TSRYS5893517,D,S,D,2024-10-24,1000000.00,4.106774,97.1171875
08:01:25,91282CLM1,TSRYS5893517,D,S,D,2024-10-24,1000000.00,4.106774,97.1171875
08:01:25,91282CLM1,TSRYS5893517,D,S,D,2024-10-24,1000000.00,4.098804,97.1640625
08:01:25,91282CLM1,TSRYS5893517,D,S,T,2024-10-24,1000000.00,4.098804,97.1640625
08:01:25,91282CLM1,TSRYS5893517,D,S,D,2024-10-24,1000000.00,4.149359,96.8671875
08:01:25,91282CLM1,TSRYS5893517,D,S,D,2024-10-24,2000000.00,4.14636,96.884765625
08:01:25,91282CLM1,TSRYS5893517,D,S,D,2024-10-24,1000000.00,4.14636,96.884765625
08:01:25,91282CLM1,TSRYS5893517,D,S,T,2024-10-24,1000000.00,4.09883,97.1639105
08:01:25,91282CLM1,TSRYS5893517,D,S,D,2024-10-24,1000000.00,4.098804,97.1640625
08:01:25,91282CLM1,TSRYS5893517,D,S,D,2024-10-24,1000000.00,4.108435,97.107421875
08:01:25,91282CLM1,TSRYS5893517,D,S,D,2024-10-24,1000000.00,4.108435,97.107421875
08:01:25,91282CLM1,TSRYS5893517,D,S,D,2024-10-24,1000000.00,4.098804,97.1640625
08:01:25,91282CLM1,TSRYS5893517,D,S,D,2024-10-24,1000000.00,4.098804,97.1640625
08:01:25,91282CLM1,TSRYS5893517,D,S,T,2024-10-24,1000000.00,4.09883,97.1639105
08:01:25,91282CLM1,TSRYS5893517,D,S,D,2024-10-24,1000000.00,4.114417,97.072265625
08:01:25,91282CLM1,TSRYS5893517,D,S,T,2024-10-24,1000000.00,4.09883,97.1639105
08:01:25,91282CLM1,TSRYS5893517,D,S,D,2024-10-24,2000000.00,4.117408,97.0546875
08:01:26,91282CLM1,TSRYS5893517,D,S,T,2024-10-24,1000000.00,4.09883,97.1639105
08:01:26,91282CLM1,TSRYS5893517,D,S,C,2024-10-24,1000000.00,4.114749,97.0703125
08:01:26,91282CLM1,TSRYS5893517,D,S,D,2024-10-24,1000000.00,4.117408,97.0546875
08:01:26,91282CLM1,TSRYS5893517,D,S,T,2024-10-24,1000000.00,4.09883,97.1639105
08:01:26,91282CLM1,TSRYS5893517,D,S,D,2024-10-24,1000000.00,4.115746,97.064453125
08:01:26,91282CLM1,TSRYS5893517,D,S,D,2024-10-24,1000000.00,4.116411,97.060546875
08:01:26,91282CLM1,TSRYS5893517,D,S,D,2024-10-24,1000000.00,4.116411,97.060546875
08:01:26,91282CLM1,TSRYS5893517,D,S,C,2024-10-24,1000000.00,4.115746,97.064453125
08:01:26,91282CLM1,TSRYS5893517,D,S,C,2024-10-24,1000000.00,4.115746,97.064453125
08:01:26,91282CLM1,TSRYS5893517,D,S,C,2024-10-24,1000000.00,4.115746,97.064453125
08:01:26,91282CLM1,TSRYS5893517,D,S,T,2024-10-24,1000000.00,4.09883,97.1639105
08:01:26,91282CLM1,TSRYS5893517,D,S,T,2024-10-24,1000000.00,4.09883,97.1639105
08:01:26,91282CLM1,TSRYS5893517,D,S,T,2024-10-24,1000000.00,4.09883,97.1639105
08:01:26,91282CLM1,TSRYS5893517,D,S,D,2024-10-24,1000000.00,4.113752,97.076171875
08:01:26,91282CLM1,TSRYS5893517,D,S,D,2024-10-24,2000000.00,4.113752,97.076171875
08:01:26,91282CLM1,TSRYS5893517,D,S,D,2024-10-24,1000000.00,4.098804,97.1640625
08:01:26,91282CLM1,TSRYS5893517,D,S,T,2024-10-24,1000000.00,4.09883,97.1639105
08:01:26,91282CLM1,TSRYS5893517,D,S,D,2024-10-24,1000000.00,4.114749,97.0703125
08:01:26,91282CLM1,TSRYS5893517,D,S,T,2024-10-24,1000000.00,4.09883,97.1639105
08:01:26,91282CLM1,TSRYS5893517,D,S,D,2024-10-24,1000000.00,4.098804,97.1640625
08:01:26,91282CLM1,TSRYS5893517,D,S,D,2024-10-24,1000000.00,4.115746,97.064453125
08:01:26,91282CLM1,TSRYS5893517,D,S,T,2024-10-24,1000000.00,4.09883,97.1639105
08:01:26,91282CLM1,TSRYS5893517,D,S,D,2024-10-24,1000000.00,4.112755,97.08203125
08:01:26,91282CLM1,TSRYS5893517,D,S,D,2024-10-24,1000000.00,4.112755,97.08203125
08:01:26,91282CLM1,TSRYS5893517,D,S,D,2024-10-24,2000000.00,4.112755,97.08203125
08:01:26,91282CLM1,TSRYS5893517,D,S,C,2024-10-24,1000000.00,4.104781,97.12890625
08:01:26,91282CLM1,TSRYS5893517,D,B,C,2024-10-24,1000000.00,4.104781,97.12890625
08:01:26,91282CLM1,TSRYS5893517,D,S,D,2024-10-24,1000000.00,4.104117,97.1328125
08:01:26,91282CLM1,TSRYS5893517,D,S,D,2024-10-24,1000000.00,4.101128,97.15039062
08:01:26,91282CLM1,TSRYS5893517,D,S,D,2024-10-24,1000000.00,4.105445,97.125
08:01:26,91282CLM1,TSRYS5893517,D,S,D,2024-10-24,1000000.00,4.101128,97.15039062
08:01:26,91282CLM1,TSRYS5893517,D,S,T,2024-10-24,1000000.00,4.09883,97.1639105
08:01:26,91282CLM1,TSRYS5893517,D,S,D,2024-10-24,1000000.00,4.101128,97.15039062
08:01:26,91282CLM1,TSRYS5893517,D,S,D,2024-10-24,1000000.00,4.14636,96.884765625
08:01:26,91282CLM1,TSRYS5893517,D,S,D,2024-10-24,1000000.00,4.146027,96.88671875
08:01:26,91282CLM1,TSRYS5893517,D,B,C,2024-10-24,1000000.00,4.146027,96.88671875
08:01:26,91282CLM1,TSRYS5893517,D,S,D,2024-10-24,1000000.00,4.101128,97.15039062
08:01:26,91282CLM1,TSRYS5893517,D,S,D,2024-10-24,1000000.00,4.101128,97.15039062
08:01:26,91282CLM1,TSRYS5893517,D,S,D,2024-10-24,1000000.00,4.101128,97.15039062
08:01:26,91282CLM1,TSRYS5893517,D,S,D,2024-10-24,1000000.00,4.101128,97.15039062
08:01:26,91282CLM1,TSRYS5893517,D,S,D,2024-10-24,1000000.00,4.101128,97.15039062
08:01:26,91282CLM1,TSRYS5893517,D,S,D,2024-10-24,1000000.00,4.101128,97.15039062
08:01:26,91282CLM1,TSRYS5893517,D,S,D,2024-10-24,1000000.00,4.099136,97.162109375
08:01:26,91282CLM1,TSRYS5893517,D,S,C,2024-10-24,1000000.00,4.101128,97.15039062
08:01:26,91282CLM1,TSRYS5893517,D,S,D,2024-10-24,1000000.00,4.101128,97.15039062
08:01:26,91282CLM1,TSRYS5893517,D,B,C,2024-10-24,1000000.00,4.099136,97.162109375
08:01:26,91282CLM1,TSRYS5893517,D,S,C,2024-10-24,1000000.00,4.101128,97.15039062
