tradeTime,cusip,issueSymbolIdentifier,priceType,reportingSideCode,contraPartyTypeCode,tradeDate,reportedTradeVolume,lastSaleYield,lastSalePrice
08:00:03,91282CKU4,TSRYS5814781,D,S,T,2024-05-30,1000000.00,4.643481,99.890625
08:00:03,91282CKU4,TSRYS5814781,D,S,D,2024-05-30,1000000.00,4.637208,99.927734375
08:00:03,91282CKU4,TSRYS5814781,D,S,D,2024-05-30,1000000.00,4.637208,99.927734375
08:00:03,91282CKU4,TSRYS5814781,D,S,D,2024-05-30,1000000.00,4.637208,99.927734375
08:00:03,91282CKU4,TSRYS5814781,D,S,D,2024-05-30,1000000.00,4.637208,99.927734375
08:00:03,91282CKU4,TSRYS5814781,D,S,D,2024-05-30,2000000.00,4.636878,99.9296875
08:00:03,91282CKU4,TSRYS5814781,D,S,D,2024-05-30,2000000.00,4.637208,99.927734375
08:00:03,91282CKU4,TSRYS5814781,D,S,D,2024-05-30,2000000.00,4.633247,99.951171875
08:00:03,91282CKU4,TSRYS5814781,D,S,D,2024-05-30,2000000.00,4.633247,99.951171875
08:00:03,91282CKU4,TSRYS5814781,D,S,D,2024-05-30,1000000.00,4.636218,99.93359375
08:00:03,91282CKU4,TSRYS5814781,D,S,D,2024-05-30,1000000.00,4.636218,99.93359375
08:00:03,91282CKU4,TSRYS5814781,D,S,D,2024-05-30,1000000.00,4.636218,99.93359375
08:00:03,91282CKU4,TSRYS5814781,D,S,D,2024-05-30,2000000.00,4.638198,99.921875
08:00:03,91282CKU4,TSRYS5814781,D,S,D,2024-05-30,2000000.00,4.639849,99.912109375
08:00:03,91282CKU4,TSRYS5814781,D,S,D,2024-05-30,1000000.00,4.6415,99.90234375
08:00:07,91282CKU4,TSRYS5814781,D,S,D,2024-05-30,1000000.00,4.632917,99.953125
08:00:07,91282CKU4,TSRYS5814781,D,S,D,2024-05-30,2000000.00,4.632917,99.953125
08:00:07,91282CKU4,TSRYS5814781,D,S,D,2024-05-30,1000000.00,4.632917,99.953125
08:00:07,91282CKU4,TSRYS5814781,D,S,D,2024-05-30,1000000.00,4.632917,99.953125
08:00:07,91282CKU4,TSRYS5814781,D,S,D,2024-05-30,1000000.00,4.635228,99.939453125
08:00:07,91282CKU4,TSRYS5814781,D,S,D,2024-05-30,1000000.00,4.634898,99.94140625
08:00:07,91282CKU4,TSRYS5814781,D,S,T,2024-05-30,1000000.00,4.635228,99.939453125
08:00:07,91282CKU4,TSRYS5814781,D,S,D,2024-05-30,1000000.00,4.638858,99.91796875
08:00:07,91282CKU4,TSRYS5814781,D,S,D,2024-05-30,1000000.00,4.638858,99.91796875
08:00:07,91282CKU4,TSRYS5814781,D,S,D,2024-05-30,1000000.00,4.640179,99.91015625
08:00:07,91282CKU4,TSRYS5814781,D,S,T,2024-05-30,1000000.00,4.636548,99.931640625
08:00:07,91282CKU4,TSRYS5814781,D,S,T,2024-05-30,1000000.00,4.629948,99.970703125
08:00:07,91282CKU4,TSRYS5814781,D,S,D,2024-05-30,2000000.00,4.621373,100.021484375
08:00:07,91282CKU4,TSRYS5814781,D,S,D,2024-05-30,2000000.00,4.621373,100.021484375
08:00:07,91282CKU4,TSRYS5814781,D,S,D,2024-05-30,2000000.00,4.621043,100.0234375
08:00:07,91282CKU4,TSRYS5814781,D,S,D,2024-05-30,2000000.00,4.619724,100.03125
08:00:07,91282CKU4,TSRYS5814781,D,S,D,2024-05-30,2000000.00,4.619724,100.03125
08:00:07,91282CKU4,TSRYS5814781,D,S,D,2024-05-30,1000000.00,4.621043,100.0234375
08:00:07,91282CKU4,TSRYS5814781,D,S,T,2024-05-30,2000000.00,4.621043,100.0234375
08:00:07,91282CKU4,TSRYS5814781,D,S,T,2024-05-30,2000000.00,4.621043,100.0234375
08:00:07,91282CKU4,TSRYS5814781,D,S,T,2024-05-30,2000000.00,4.621043,100.0234375
08:00:07,91282CKU4,TSRYS5814781,D,S,T,2024-05-30,2000000.00,4.621043,100.0234375
08:00:07,91282CKU4,TSRYS5814781,D,S,T,2024-05-30,2000000.00,4.621373,100.021484375
08:00:07,91282CKU4,TSRYS5814781,D,S,T,2024-05-30,1000000.00,4.621373,100.021484375
08:00:07,91282CKU4,TSRYS5814781,D,S,D,2024-05-30,2000000.00,4.621373,100.021484375
08:00:07,91282CKU4,TSRYS5814781,D,S,D,2024-05-30,2000000.00,4.622362,100.015625
08:00:07,91282CKU4,TSRYS5814781,D,S,D,2024-05-30,2000000.00,4.622362,100.015625
08:00:07,91282CKU4,TSRYS5814781,D,S,T,2024-05-30,4000000.00,4.619724,100.03125
08:00:07,91282CKU4,TSRYS5814781,D,S,T,2024-05-30,2000000.00,4.619724,100.03125
08:00:07,91282CKU4,TSRYS5814781,D,S,T,2024-05-30,2000000.00,4.619724,100.03125
08:00:07,91282CKU4,TSRYS5814781,D,S,D,2024-05-30,1000000.00,4.617087,100.046875
08:00:07,91282CKU4,TSRYS5814781,D,S,D,2024-05-30,1000000.00,4.616098,100.052734375
08:00:07,91282CKU4,TSRYS5814781,D,S,D,2024-05-30,1000000.00,4.616098,100.052734375
08:00:07,91282CKU4,TSRYS5814781,D,S,D,2024-05-30,1000000.00,4.616098,100.052734375
08:00:07,91282CKU4,TSRYS5814781,D,S,D,2024-05-30,1000000.00,4.616098,100.052734375
08:00:07,91282CKU4,TSRYS5814781,D,S,D,2024-05-30,1000000.00,4.616098,100.052734375
08:00:07,91282CKU4,TSRYS5814781,D,S,D,2024-05-30,1000000.00,4.616098,100.052734375
08:00:07,91282CKU4,TSRYS5814781,D,S,D,2024-05-30,1000000.00,4.616098,100.052734375
08:00:07,91282CKU4,TSRYS5814781,D,S,D,2024-05-30,1000000.00,4.616098,100.052734375
08:00:07,91282CKU4,TSRYS5814781,D,S,D,2024-05-30,1000000.00,4.616098,100.052734375
08:00:07,91282CKU4,TSRYS5814781,D,S,D,2024-05-30,2000000.00,4.616098,100.052734375
08:00:07,91282CKU4,TSRYS5814781,D,S,D,2024-05-30,1000000.00,4.612143,100.076171875
08:00:07,91282CKU4,TSRYS5814781,D,S,T,2024-05-30,1000000.00,4.609178,100.09375
08:00:07,91282CKU4,TSRYS5814781,D,S,T,2024-05-30,1000000.00,4.608519,100.09765625
08:00:07,91282CKU4,TSRYS5814781,D,S,D,2024-05-30,1000000.00,4.609837,100.08984375
08:00:07,91282CKU4,TSRYS5814781,D,S,T,2024-05-30,1000000.00,4.609837,100.08984375
08:00:07,91282CKU4,TSRYS5814781,D,S,D,2024-05-30,1000000.00,4.609837,100.08984375
08:00:07,91282CKU4,TSRYS5814781,D,S,T,2024-05-30,1000000.00,4.609837,100.08984375
08:00:07,91282CKU4,TSRYS5814781,D,S,D,2024-05-30,1000000.00,4.609837,100.08984375
08:00:07,91282CKU4,TSRYS5814781,D,S,D,2024-05-30,1000000.00,4.609837,100.08984375
08:00:07,91282CKU4,TSRYS5814781,D,S,D,2024-05-30,1000000.00,4.609837,100.08984375
08:00:07,91282CKU4,TSRYS5814781,D,S,D,2024-05-30,1000000.00,4.609837,100.08984375
08:00:07,91282CKU4,TSRYS5814781,D,S,T,2024-05-30,1000000.00,4.60292,100.130859375
08:00:07,91282CKU4,TSRYS5814781,D,S,T,2024-05-30,1000000.00,4.603579,100.126953125
08:00:07,91282CKU4,TSRYS5814781,D,S,T,2024-05-30,1000000.00,4.603249,100.12890625
08:00:07,91282CKU4,TSRYS5814781,D,S,T,2024-05-30,1000000.00,4.60292,100.130859375
08:00:07,91282CKU4,TSRYS5814781,D,S,T,2024-05-30,1000000.00,4.602591,100.1328125
08:00:07,91282CKU4,TSRYS5814781,D,S,D,2024-05-30,1000000.00,4.604567,100.12109375
08:00:07,91282CKU4,TSRYS5814781,D,S,D,2024-05-30,1000000.00,4.604567,100.12109375
08:00:07,91282CKU4,TSRYS5814781,D,S,D,2024-05-30,1000000.00,4.604567,100.12109375
08:00:07,91282CKU4,TSRYS5814781,D,S,T,2024-05-30,1000000.00,4.604567,100.12109375
08:00:07,91282CKU4,TSRYS5814781,D,S,D,2024-05-30,1000000.00,4.604567,100.12109375
08:00:07,91282CKU4,TSRYS5814781,D,S,D,2024-05-30,2000000.00,4.604567,100.12109375
08:00:07,91282CKU4,TSRYS5814781,D,S,D,2024-05-30,2000000.00,4.604567,100.12109375
08:00:07,91282CKU4,TSRYS5814781,D,S,D,2024-05-30,1000000.00,4.604567,100.12109375
08:00:07,91282CKU4,TSRYS5814781,D,S,D,2024-05-30,2000000.00,4.604567,100.12109375
08:00:07,91282CKU4,TSRYS5814781,D,S,D,2024-05-30,2000000.00,4.604567,100.12109375
08:00:07,91282CKU4,TSRYS5814781,D,S,D,2024-05-30,1000000.00,4.604567,100.12109375
08:00:07,91282CKU4,TSRYS5814781,D,S,D,2024-05-30,2000000.00,4.604567,100.12109375
08:00:07,91282CKU4,TSRYS5814781,D,S,D,2024-05-30,2000000.00,4.604567,100.12109375
08:00:07,91282CKU4,TSRYS5814781,D,S,D,2024-05-30,1000000.00,4.604567,100.12109375
08:00:07,91282CKU4,TSRYS5814781,D,S,T,2024-05-30,1000000.00,4.604567,100.12109375
08:00:07,91282CKU4,TSRYS5814781,D,S,T,2024-05-30,2000000.00,4.604567,100.12109375
08:00:07,91282CKU4,TSRYS5814781,D,S,T,2024-05-30,2000000.00,4.604567,100.12109375
08:00:07,91282CKU4,TSRYS5814781,D,S,T,2024-05-30,1000000.00,4.604567,100.12109375
08:00:07,91282CKU4,TSRYS5814781,D,S,T,2024-05-30,2000000.00,4.604567,100.12109375
08:00:07,91282CKU4,TSRYS5814781,D,S,T,2024-05-30,2000000.00,4.604567,100.12109375
08:00:07,91282CKU4,TSRYS5814781,D,S,T,2024-05-30,1000000.00,4.604567,100.12109375
08:00:07,91282CKU4,TSRYS5814781,D,S,T,2024-05-30,3000000.00,4.604567,100.12109375
08:00:07,91282CKU4,TSRYS5814781,D,S,T,2024-05-30,1000000.00,4.604567,100.12109375
08:00:07,91282CKU4,TSRYS5814781,D,S,D,2024-05-30,1000000.00,4.612143,100.076171875
08:00:07,91282CKU4,TSRYS5814781,D,S,D,2024-05-30,1000000.00,4.612143,100.076171875
08:00:07,91282CKU4,TSRYS5814781,D,S,D,2024-05-30,3000000.00,4.611814,100.078125
08:00:07,91282CKU4,TSRYS5814781,D,S,D,2024-05-30,2000000.00,4.611814,100.078125
08:00:07,91282CKU4,TSRYS5814781,D,S,D,2024-05-30,1000000.00,4.611814,100.078125
08:00:07,91282CKU4,TSRYS5814781,D,S,D,2024-05-30,3000000.00,4.611155,100.08203125
08:00:07,91282CKU4,TSRYS5814781,D,S,D,2024-05-30,2000000.00,4.611155,100.08203125
08:00:07,91282CKU4,TSRYS5814781,D,S,D,2024-05-30,1000000.00,4.611155,100.08203125
08:00:07,91282CKU4,TSRYS5814781,D,S,D,2024-05-30,2000000.00,4.611155,100.08203125
08:00:07,91282CKU4,TSRYS5814781,D,S,T,2024-05-30,2000000.00,4.611155,100.08203125
08:00:07,91282CKU4,TSRYS5814781,D,S,T,2024-05-30,3000000.00,4.611155,100.08203125
08:00:07,91282CKU4,TSRYS5814781,D,S,D,2024-05-30,2000000.00,4.610496,100.0859375
08:00:07,91282CKU4,TSRYS5814781,D,S,T,2024-05-30,1000000.00,4.609508,100.091796875
08:00:07,91282CKU4,TSRYS5814781,D,S,D,2024-05-30,2000000.00,4.609837,100.08984375
08:00:07,91282CKU4,TSRYS5814781,D,S,D,2024-05-30,2000000.00,4.609837,100.08984375
08:00:07,91282CKU4,TSRYS5814781,D,S,D,2024-05-30,2000000.00,4.609837,100.08984375
08:00:07,91282CKU4,TSRYS5814781,D,S,D,2024-05-30,2000000.00,4.609837,100.08984375
08:00:07,91282CKU4,TSRYS5814781,D,S,D,2024-05-30,2000000.00,4.613132,100.0703125
08:00:07,91282CKU4,TSRYS5814781,D,S,D,2024-05-30,2000000.00,4.613132,100.0703125
08:00:07,91282CKU4,TSRYS5814781,D,S,D,2024-05-30,1000000.00,4.613132,100.0703125
08:00:07,91282CKU4,TSRYS5814781,D,S,D,2024-05-30,2000000.00,4.610496,100.0859375
08:00:07,91282CKU4,TSRYS5814781,D,S,D,2024-05-30,2000000.00,4.610825,100.083984375
08:00:07,91282CKU4,TSRYS5814781,D,S,D,2024-05-30,2000000.00,4.612143,100.076171875
08:00:07,91282CKU4,TSRYS5814781,D,S,D,2024-05-30,2000000.00,4.612143,100.076171875
08:00:07,91282CKU4,TSRYS5814781,D,S,D,2024-05-30,2000000.00,4.611814,100.078125
08:00:07,91282CKU4,TSRYS5814781,D,S,D,2024-05-30,1000000.00,4.611814,100.078125
08:00:07,91282CKU4,TSRYS5814781,D,S,D,2024-05-30,2000000.00,4.610167,100.087890625
08:00:07,91282CKU4,TSRYS5814781,D,S,D,2024-05-30,2000000.00,4.610167,100.087890625
08:00:07,91282CKU4,TSRYS5814781,D,S,D,2024-05-30,2000000.00,4.610167,100.087890625
08:00:07,91282CKU4,TSRYS5814781,D,S,D,2024-05-30,2000000.00,4.610167,100.087890625
08:00:07,91282CKU4,TSRYS5814781,D,S,D,2024-05-30,2000000.00,4.610167,100.087890625
08:00:07,91282CKU4,TSRYS5814781,D,S,D,2024-05-30,2000000.00,4.60819,100.099609375
08:00:07,91282CKU4,TSRYS5814781,D,S,D,2024-05-30,2000000.00,4.60819,100.099609375
08:00:07,91282CKU4,TSRYS5814781,D,S,D,2024-05-30,2000000.00,4.60819,100.099609375
08:00:07,91282CKU4,TSRYS5814781,D,S,D,2024-05-30,2000000.00,4.60819,100.099609375
08:00:07,91282CKU4,TSRYS5814781,D,S,D,2024-05-30,1000000.00,4.60819,100.099609375
08:00:07,91282CKU4,TSRYS5814781,D,S,T,2024-05-30,1000000.00,4.611814,100.078125
08:00:07,91282CKU4,TSRYS5814781,D,S,D,2024-05-30,3000000.00,4.611814,100.078125
08:00:07,91282CKU4,TSRYS5814781,D,S,D,2024-05-30,1000000.00,4.611814,100.078125
08:00:07,91282CKU4,TSRYS5814781,D,S,D,2024-05-30,2000000.00,4.611814,100.078125
08:00:07,91282CKU4,TSRYS5814781,D,S,T,2024-05-30,1000000.00,4.610825,100.083984375
08:00:07,91282CKU4,TSRYS5814781,D,S,T,2024-05-30,1000000.00,4.608519,100.09765625
08:00:07,91282CKU4,TSRYS5814781,D,S,D,2024-05-30,1000000.00,4.605884,100.11328125
08:00:07,91282CKU4,TSRYS5814781,D,S,T,2024-05-30,1000000.00,4.605884,100.11328125
08:00:07,91282CKU4,TSRYS5814781,D,S,D,2024-05-30,2000000.00,4.606543,100.109375
08:00:07,91282CKU4,TSRYS5814781,D,S,T,2024-05-30,2000000.00,4.607531,100.103515625
08:00:07,91282CKU4,TSRYS5814781,D,S,T,2024-05-30,1000000.00,4.619724,100.03125
08:00:07,91282CKU4,TSRYS5814781,D,S,D,2024-05-30,133600000.00,4.625,100.0
08:00:07,91282CKU4,TSRYS5814781,D,S,T,2024-05-30,2000000.00,4.61445,100.0625
08:00:07,91282CKU4,TSRYS5814781,D,S,T,2024-05-30,1000000.00,4.617087,100.046875
08:00:08,91282CKU4,TSRYS5814781,D,S,T,2024-05-30,1000000.00,4.617087,100.046875
08:00:08,91282CKU4,TSRYS5814781,D,S,T,2024-05-30,2000000.00,4.609178,100.09375
08:00:08,91282CKU4,TSRYS5814781,D,S,T,2024-05-30,1000000.00,4.638198,99.921875
08:00:08,91282CKU4,TSRYS5814781,D,S,T,2024-05-30,1000000.00,4.635558,99.9375
08:00:08,91282CKU4,TSRYS5814781,D,S,T,2024-05-30,1000000.00,4.638198,99.921875
08:00:08,91282CKU4,TSRYS5814781,D,S,T,2024-05-30,2000000.00,4.635558,99.9375
08:00:08,91282CKU4,TSRYS5814781,D,S,T,2024-05-30,1000000.00,4.635558,99.9375
08:00:08,91282CKU4,TSRYS5814781,D,S,T,2024-05-30,1000000.00,4.635228,99.939453125
08:00:08,91282CKU4,TSRYS5814781,D,S,T,2024-05-30,1000000.00,4.632917,99.953125
08:00:08,91282CKU4,TSRYS5814781,D,S,T,2024-05-30,1000000.00,4.632917,99.953125
08:00:08,91282CKU4,TSRYS5814781,D,S,T,2024-05-30,1000000.00,4.630278,99.96875
08:00:08,91282CKU4,TSRYS5814781,D,S,T,2024-05-30,1000000.00,4.630278,99.96875
08:00:09,91282CKU4,TSRYS5814781,D,S,T,2024-05-30,1000000.00,4.635888,99.935546875
08:00:09,91282CKU4,TSRYS5814781,D,S,T,2024-05-30,1000000.00,4.635558,99.9375
08:00:09,91282CKU4,TSRYS5814781,D,S,T,2024-05-30,1000000.00,4.640839,99.90625
08:00:09,91282CKU4,TSRYS5814781,D,S,T,2024-05-30,1000000.00,4.64183,99.900390625
08:00:09,91282CKU4,TSRYS5814781,D,S,T,2024-05-30,1000000.00,4.635558,99.9375
08:00:09,91282CKU4,TSRYS5814781,D,S,T,2024-05-30,1000000.00,4.632917,99.953125
08:00:10,91282CKU4,TSRYS5814781,D,S,T,2024-05-30,2000000.00,4.635558,99.9375
08:00:10,91282CKU4,TSRYS5814781,D,S,T,2024-05-30,1000000.00,4.635228,99.939453125
08:00:10,91282CKU4,TSRYS5814781,D,S,T,2024-05-30,2000000.00,4.638198,99.921875
08:00:10,91282CKU4,TSRYS5814781,D,S,T,2024-05-30,1000000.00,4.637868,99.923828125
08:00:11,91282CKU4,TSRYS5814781,D,S,T,2024-05-30,1000000.00,4.637208,99.927734375
08:00:11,91282CKU4,TSRYS5814781,D,S,T,2024-05-30,2000000.00,4.635558,99.9375
08:00:11,91282CKU4,TSRYS5814781,D,S,T,2024-05-30,1000000.00,4.632917,99.953125
08:00:11,91282CKU4,TSRYS5814781,D,S,T,2024-05-30,2000000.00,4.632917,99.953125
08:00:11,91282CKU4,TSRYS5814781,D,S,T,2024-05-30,1000000.00,4.634898,99.94140625
08:00:12,91282CKU4,TSRYS5814781,D,S,T,2024-05-30,1000000.00,4.636548,99.931640625
08:00:13,91282CKU4,TSRYS5814781,D,S,T,2024-05-30,1000000.00,4.639519,99.9140625
08:00:13,91282CKU4,TSRYS5814781,D,S,T,2024-05-30,1000000.00,4.640839,99.90625
08:00:13,91282CKU4,TSRYS5814781,D,S,T,2024-05-30,1000000.00,4.638198,99.921875
08:00:13,91282CKU4,TSRYS5814781,D,S,T,2024-05-30,1000000.00,4.638198,99.921875
08:00:13,91282CKU4,TSRYS5814781,D,S,T,2024-05-30,1000000.00,4.638198,99.921875
08:00:13,91282CKU4,TSRYS5814781,D,S,T,2024-05-30,1000000.00,4.638198,99.921875
08:00:13,91282CKU4,TSRYS5814781,D,S,T,2024-05-30,1000000.00,4.636878,99.9296875
08:00:13,91282CKU4,TSRYS5814781,D,S,T,2024-05-30,1000000.00,4.636548,99.931640625
08:00:13,91282CKU4,TSRYS5814781,D,S,D,2024-05-30,1000000.00,4.639519,99.9140625
08:00:13,91282CKU4,TSRYS5814781,D,S,T,2024-05-30,4000000.00,4.632917,99.953125
08:00:13,91282CKU4,TSRYS5814781,D,S,T,2024-05-30,1000000.00,4.636878,99.9296875
08:00:13,91282CKU4,TSRYS5814781,D,S,T,2024-05-30,1000000.00,4.632917,99.953125
08:00:13,91282CKU4,TSRYS5814781,D,S,T,2024-05-30,1000000.00,4.634237,99.9453125
08:00:13,91282CKU4,TSRYS5814781,D,S,D,2024-05-30,1000000.00,4.636218,99.93359375
08:00:13,91282CKU4,TSRYS5814781,D,S,T,2024-05-30,1000000.00,4.636218,99.93359375
08:00:14,91282CKU4,TSRYS5814781,D,S,T,2024-05-30,1000000.00,4.640839,99.90625
08:00:14,91282CKU4,TSRYS5814781,D,S,D,2024-05-30,1000000.00,4.6415,99.90234375
08:00:14,91282CKU4,TSRYS5814781,D,S,T,2024-05-30,1000000.00,4.6415,99.90234375
08:00:14,91282CKU4,TSRYS5814781,D,S,T,2024-05-30,1000000.00,4.64183,99.900390625
08:00:14,91282CKU4,TSRYS5814781,D,S,T,2024-05-30,2000000.00,4.638198,99.921875
08:00:14,91282CKU4,TSRYS5814781,D,S,T,2024-05-30,1000000.00,4.637868,99.923828125
08:00:14,91282CKU4,TSRYS5814781,D,S,T,2024-05-30,1000000.00,4.634898,99.94140625
08:00:14,91282CKU4,TSRYS5814781,D,S,T,2024-05-30,1000000.00,4.635558,99.9375
08:00:14,91282CKU4,TSRYS5814781,D,S,T,2024-05-30,1000000.00,4.635558,99.9375
08:00:14,91282CKU4,TSRYS5814781,D,S,T,2024-05-30,1000000.00,4.636878,99.9296875
08:00:14,91282CKU4,TSRYS5814781,D,S,T,2024-05-30,1000000.00,4.636878,99.9296875
08:00:14,91282CKU4,TSRYS5814781,D,S,T,2024-05-30,1000000.00,4.636878,99.9296875
08:00:14,91282CKU4,TSRYS5814781,D,S,T,2024-05-30,1000000.00,4.637868,99.923828125
08:00:14,91282CKU4,TSRYS5814781,D,S,T,2024-05-30,1000000.00,4.638198,99.921875
08:00:14,91282CKU4,TSRYS5814781,D,S,T,2024-05-30,1000000.00,4.638198,99.921875
08:00:14,91282CKU4,TSRYS5814781,D,S,T,2024-05-30,1000000.00,4.640509,99.908203125
08:00:14,91282CKU4,TSRYS5814781,D,S,T,2024-05-30,2000000.00,4.640839,99.90625
08:00:14,91282CKU4,TSRYS5814781,D,S,D,2024-05-30,1000000.00,4.640509,99.908203125
08:00:14,91282CKU4,TSRYS5814781,D,S,T,2024-05-30,1000000.00,4.638198,99.921875
08:00:14,91282CKU4,TSRYS5814781,D,S,T,2024-05-30,1000000.00,4.638198,99.921875
08:00:14,91282CKU4,TSRYS5814781,D,S,T,2024-05-30,2000000.00,4.632917,99.953125
08:00:14,91282CKU4,TSRYS5814781,D,S,T,2024-05-30,3000000.00,4.630278,99.96875
08:00:14,91282CKU4,TSRYS5814781,D,S,T,2024-05-30,1000000.00,4.628958,99.9765625
08:00:14,91282CKU4,TSRYS5814781,D,S,T,2024-05-30,1000000.00,4.627309,99.986328125
08:00:14,91282CKU4,TSRYS5814781,D,S,T,2024-05-30,1000000.00,4.627309,99.986328125
08:00:14,91282CKU4,TSRYS5814781,D,S,T,2024-05-30,6000000.00,4.627639,99.984375
08:00:14,91282CKU4,TSRYS5814781,D,S,T,2024-05-30,1000000.00,4.625,100.0
08:00:14,91282CKU4,TSRYS5814781,D,S,D,2024-05-30,1000000.00,4.622032,100.017578125
08:00:14,91282CKU4,TSRYS5814781,D,S,T,2024-05-30,1000000.00,4.622032,100.017578125
08:00:14,91282CKU4,TSRYS5814781,D,S,T,2024-05-30,1000000.00,4.636878,99.9296875
08:00:14,91282CKU4,TSRYS5814781,D,S,T,2024-05-30,3000000.00,4.619724,100.03125
08:00:14,91282CKU4,TSRYS5814781,D,S,T,2024-05-30,1000000.00,4.619724,100.03125
08:00:14,91282CKU4,TSRYS5814781,D,S,D,2024-05-30,1000000.00,4.616428,100.05078125
08:00:14,91282CKU4,TSRYS5814781,D,S,D,2024-05-30,1000000.00,4.616757,100.048828125
08:00:14,91282CKU4,TSRYS5814781,D,S,T,2024-05-30,1000000.00,4.616757,100.048828125
08:00:14,91282CKU4,TSRYS5814781,D,S,D,2024-05-30,1000000.00,4.616757,100.048828125
08:00:14,91282CKU4,TSRYS5814781,D,S,D,2024-05-30,1000000.00,4.616757,100.048828125
08:00:14,91282CKU4,TSRYS5814781,D,S,T,2024-05-30,1000000.00,4.616757,100.048828125
08:00:14,91282CKU4,TSRYS5814781,D,S,D,2024-05-30,1000000.00,4.616757,100.048828125
08:00:14,91282CKU4,TSRYS5814781,D,S,T,2024-05-30,1000000.00,4.611814,100.078125
08:00:14,91282CKU4,TSRYS5814781,D,S,T,2024-05-30,1000000.00,4.611814,100.078125
08:00:14,91282CKU4,TSRYS5814781,D,S,D,2024-05-30,1000000.00,4.609837,100.08984375
08:00:14,91282CKU4,TSRYS5814781,D,S,T,2024-05-30,1000000.00,4.636878,99.9296875
08:00:14,91282CKU4,TSRYS5814781,D,S,D,2024-05-30,1000000.00,4.606214,100.111328125
08:00:14,91282CKU4,TSRYS5814781,D,S,D,2024-05-30,1000000.00,4.605555,100.115234375
08:00:14,91282CKU4,TSRYS5814781,D,S,T,2024-05-30,1000000.00,4.605555,100.115234375
08:00:14,91282CKU4,TSRYS5814781,D,S,T,2024-05-30,1000000.00,4.635558,99.9375
08:00:14,91282CKU4,TSRYS5814781,D,S,T,2024-05-30,1000000.00,4.635558,99.9375
08:00:14,91282CKU4,TSRYS5814781,D,S,T,2024-05-30,1000000.00,4.609178,100.09375
08:00:14,91282CKU4,TSRYS5814781,D,B,C,2024-05-30,1000000.00,4.630278,99.96875
08:00:14,91282CKU4,TSRYS5814781,D,S,T,2024-05-30,1000000.00,4.609837,100.08984375
08:00:14,91282CKU4,TSRYS5814781,D,S,T,2024-05-30,1000000.00,4.609837,100.08984375
08:00:14,91282CKU4,TSRYS5814781,D,S,D,2024-05-30,1000000.00,4.609508,100.091796875
08:00:14,91282CKU4,TSRYS5814781,D,S,T,2024-05-30,1000000.00,4.609508,100.091796875
08:00:14,91282CKU4,TSRYS5814781,D,S,D,2024-05-30,1000000.00,4.609508,100.091796875
08:00:14,91282CKU4,TSRYS5814781,D,S,D,2024-05-30,1000000.00,4.607202,100.10546875
08:00:14,91282CKU4,TSRYS5814781,D,S,D,2024-05-30,1000000.00,4.607202,100.10546875
08:00:14,91282CKU4,TSRYS5814781,D,S,D,2024-05-30,1000000.00,4.607202,100.10546875
08:00:14,91282CKU4,TSRYS5814781,D,S,T,2024-05-30,1000000.00,4.632917,99.953125
08:00:14,91282CKU4,TSRYS5814781,D,S,T,2024-05-30,1000000.00,4.612143,100.076171875
08:00:14,91282CKU4,TSRYS5814781,D,S,T,2024-05-30,1000000.00,4.632917,99.953125
08:00:19,91282CKU4,TSRYS5814781,D,S,D,2024-05-30,1000000.00,4.643481,99.890625
08:00:23,91282CKU4,TSRYS5814781,D,S,D,2024-05-30,1000000.00,4.637868,99.923828125
08:00:27,91282CKU4,TSRYS5814781,D,S,D,2024-05-30,1000000.00,4.632917,99.953125
08:00:27,91282CKU4,TSRYS5814781,D,S,D,2024-05-30,1000000.00,4.632917,99.953125
08:00:27,91282CKU4,TSRYS5814781,D,S,D,2024-05-30,1000000.00,4.632917,99.953125
08:00:28,91282CKU4,TSRYS5814781,D,S,D,2024-05-30,1000000.00,4.635558,99.9375
08:00:28,91282CKU4,TSRYS5814781,D,S,D,2024-05-30,1000000.00,4.635558,99.9375
08:00:28,91282CKU4,TSRYS5814781,D,S,D,2024-05-30,1000000.00,4.635558,99.9375
08:00:30,91282CKU4,TSRYS5814781,D,S,T,2024-05-30,1000000.00,4.636878,99.9296875
08:00:30,91282CKU4,TSRYS5814781,D,S,T,2024-05-30,1000000.00,4.639519,99.9140625
08:00:30,91282CKU4,TSRYS5814781,D,S,T,2024-05-30,2000000.00,4.639519,99.9140625
08:00:30,91282CKU4,TSRYS5814781,D,S,T,2024-05-30,2000000.00,4.639519,99.9140625
08:00:30,91282CKU4,TSRYS5814781,D,S,T,2024-05-30,1000000.00,4.639519,99.9140625
08:00:30,91282CKU4,TSRYS5814781,D,S,T,2024-05-30,1000000.00,4.638198,99.921875
08:00:30,91282CKU4,TSRYS5814781,D,S,T,2024-05-30,3000000.00,4.638198,99.921875
08:00:30,91282CKU4,TSRYS5814781,D,S,T,2024-05-30,2000000.00,4.638198,99.921875
08:00:30,91282CKU4,TSRYS5814781,D,S,T,2024-05-30,3000000.00,4.638198,99.921875
08:00:30,91282CKU4,TSRYS5814781,D,S,T,2024-05-30,3000000.00,4.638198,99.921875
08:00:30,91282CKU4,TSRYS5814781,D,S,T,2024-05-30,1000000.00,4.633577,99.94921875
08:00:30,91282CKU4,TSRYS5814781,D,S,T,2024-05-30,2000000.00,4.633577,99.94921875
08:00:30,91282CKU4,TSRYS5814781,D,S,T,2024-05-30,2000000.00,4.635558,99.9375
08:00:30,91282CKU4,TSRYS5814781,D,S,T,2024-05-30,1000000.00,4.635558,99.9375
08:00:30,91282CKU4,TSRYS5814781,D,S,T,2024-05-30,2000000.00,4.637208,99.927734375
08:00:30,91282CKU4,TSRYS5814781,D,S,T,2024-05-30,1000000.00,4.638858,99.91796875
08:00:30,91282CKU4,TSRYS5814781,D,S,T,2024-05-30,1000000.00,4.639189,99.916015625
08:00:30,91282CKU4,TSRYS5814781,D,S,T,2024-05-30,1000000.00,4.638858,99.91796875
08:00:30,91282CKU4,TSRYS5814781,D,S,T,2024-05-30,2000000.00,4.632917,99.953125
08:00:30,91282CKU4,TSRYS5814781,D,S,T,2024-05-30,3000000.00,4.635558,99.9375
08:00:30,91282CKU4,TSRYS5814781,D,S,T,2024-05-30,1000000.00,4.635558,99.9375
08:00:30,91282CKU4,TSRYS5814781,D,S,T,2024-05-30,2000000.00,4.635558,99.9375
08:00:30,91282CKU4,TSRYS5814781,D,S,T,2024-05-30,2000000.00,4.630278,99.96875
08:00:30,91282CKU4,TSRYS5814781,D,S,T,2024-05-30,1000000.00,4.630278,99.96875
08:00:30,91282CKU4,TSRYS5814781,D,S,T,2024-05-30,1000000.00,4.632917,99.953125
08:00:30,91282CKU4,TSRYS5814781,D,S,T,2024-05-30,1000000.00,4.634567,99.943359375
08:00:30,91282CKU4,TSRYS5814781,D,S,T,2024-05-30,2000000.00,4.634567,99.943359375
08:00:30,91282CKU4,TSRYS5814781,D,S,T,2024-05-30,1000000.00,4.634567,99.943359375
08:00:30,91282CKU4,TSRYS5814781,D,S,T,2024-05-30,1000000.00,4.635558,99.9375
08:00:30,91282CKU4,TSRYS5814781,D,S,T,2024-05-30,8000000.00,4.635558,99.9375
08:00:30,91282CKU4,TSRYS5814781,D,S,T,2024-05-30,1000000.00,4.635558,99.9375
08:00:30,91282CKU4,TSRYS5814781,D,S,T,2024-05-30,6000000.00,4.635558,99.9375
08:00:30,91282CKU4,TSRYS5814781,D,S,T,2024-05-30,1000000.00,4.635558,99.9375
08:00:30,91282CKU4,TSRYS5814781,D,S,T,2024-05-30,3000000.00,4.635558,99.9375
08:00:30,91282CKU4,TSRYS5814781,D,S,T,2024-05-30,1000000.00,4.640839,99.90625
08:00:30,91282CKU4,TSRYS5814781,D,S,T,2024-05-30,1000000.00,4.64183,99.900390625
08:00:30,91282CKU4,TSRYS5814781,D,S,T,2024-05-30,1000000.00,4.641169,99.904296875
08:00:30,91282CKU4,TSRYS5814781,D,S,T,2024-05-30,1000000.00,4.632587,99.955078125
08:00:30,91282CKU4,TSRYS5814781,D,S,T,2024-05-30,1000000.00,4.632917,99.953125
08:00:30,91282CKU4,TSRYS5814781,D,S,T,2024-05-30,3000000.00,4.632917,99.953125
08:00:30,91282CKU4,TSRYS5814781,D,S,T,2024-05-30,1000000.00,4.635558,99.9375
08:00:30,91282CKU4,TSRYS5814781,D,S,T,2024-05-30,1000000.00,4.640509,99.908203125
08:00:30,91282CKU4,TSRYS5814781,D,S,T,2024-05-30,1000000.00,4.638198,99.921875
08:00:30,91282CKU4,TSRYS5814781,D,S,T,2024-05-30,1000000.00,4.638198,99.921875
08:00:30,91282CKU4,TSRYS5814781,D,S,T,2024-05-30,1000000.00,4.638198,99.921875
08:00:30,91282CKU4,TSRYS5814781,D,S,T,2024-05-30,1000000.00,4.638198,99.921875
08:00:30,91282CKU4,TSRYS5814781,D,S,T,2024-05-30,1000000.00,4.638198,99.921875
08:00:30,91282CKU4,TSRYS5814781,D,S,T,2024-05-30,1000000.00,4.638198,99.921875
08:00:30,91282CKU4,TSRYS5814781,D,S,T,2024-05-30,1000000.00,4.635558,99.9375
08:00:30,91282CKU4,TSRYS5814781,D,S,T,2024-05-30,1000000.00,4.635558,99.9375
08:00:30,91282CKU4,TSRYS5814781,D,S,T,2024-05-30,2000000.00,4.635558,99.9375
08:00:30,91282CKU4,TSRYS5814781,D,S,T,2024-05-30,1000000.00,4.632917,99.953125
08:00:30,91282CKU4,TSRYS5814781,D,S,T,2024-05-30,1000000.00,4.632917,99.953125
08:00:30,91282CKU4,TSRYS5814781,D,S,T,2024-05-30,1000000.00,4.632917,99.953125
08:00:30,91282CKU4,TSRYS5814781,D,S,T,2024-05-30,1000000.00,4.632917,99.953125
08:00:30,91282CKU4,TSRYS5814781,D,S,T,2024-05-30,1000000.00,4.632917,99.953125
08:00:30,91282CKU4,TSRYS5814781,D,S,T,2024-05-30,1000000.00,4.632917,99.953125
08:00:30,91282CKU4,TSRYS5814781,D,S,T,2024-05-30,1000000.00,4.632917,99.953125
08:00:30,91282CKU4,TSRYS5814781,D,S,T,2024-05-30,1000000.00,4.632917,99.953125
08:00:30,91282CKU4,TSRYS5814781,D,S,T,2024-05-30,1000000.00,4.633577,99.94921875
08:00:30,91282CKU4,TSRYS5814781,D,S,T,2024-05-30,1000000.00,4.637868,99.923828125
08:00:30,91282CKU4,TSRYS5814781,D,S,T,2024-05-30,1000000.00,4.636548,99.931640625
08:00:30,91282CKU4,TSRYS5814781,D,S,T,2024-05-30,1000000.00,4.635888,99.935546875
08:00:30,91282CKU4,TSRYS5814781,D,S,T,2024-05-30,1000000.00,4.632257,99.95703125
08:00:30,91282CKU4,TSRYS5814781,D,S,T,2024-05-30,1000000.00,4.632917,99.953125
08:00:30,91282CKU4,TSRYS5814781,D,S,T,2024-05-30,1000000.00,4.633247,99.951171875
08:00:30,91282CKU4,TSRYS5814781,D,S,T,2024-05-30,1000000.00,4.630278,99.96875
08:00:30,91282CKU4,TSRYS5814781,D,S,T,2024-05-30,1000000.00,4.630278,99.96875
08:00:30,91282CKU4,TSRYS5814781,D,S,T,2024-05-30,2000000.00,4.627639,99.984375
08:00:33,91282CKU4,TSRYS5814781,D,S,T,2024-05-30,1000000.00,4.61445,100.0625
08:00:33,91282CKU4,TSRYS5814781,D,S,T,2024-05-30,1000000.00,4.617087,100.046875
08:00:33,91282CKU4,TSRYS5814781,D,S,T,2024-05-30,1000000.00,4.617087,100.046875
08:00:33,91282CKU4,TSRYS5814781,D,S,T,2024-05-30,2000000.00,4.617087,100.046875
08:00:33,91282CKU4,TSRYS5814781,D,S,T,2024-05-30,3000000.00,4.617087,100.046875
08:00:33,91282CKU4,TSRYS5814781,D,S,T,2024-05-30,1000000.00,4.617087,100.046875
08:00:33,91282CKU4,TSRYS5814781,D,S,T,2024-05-30,1000000.00,4.618405,100.0390625
08:00:33,91282CKU4,TSRYS5814781,D,S,T,2024-05-30,1000000.00,4.619724,100.03125
08:00:33,91282CKU4,TSRYS5814781,D,S,T,2024-05-30,3000000.00,4.622362,100.015625
08:00:33,91282CKU4,TSRYS5814781,D,S,T,2024-05-30,3000000.00,4.622362,100.015625
08:00:33,91282CKU4,TSRYS5814781,D,S,T,2024-05-30,4000000.00,4.617087,100.046875
08:00:33,91282CKU4,TSRYS5814781,D,S,T,2024-05-30,1000000.00,4.615768,100.0546875
08:00:33,91282CKU4,TSRYS5814781,D,S,T,2024-05-30,1000000.00,4.61445,100.0625
08:00:33,91282CKU4,TSRYS5814781,D,S,T,2024-05-30,1000000.00,4.612802,100.072265625
08:00:33,91282CKU4,TSRYS5814781,D,S,T,2024-05-30,1000000.00,4.611814,100.078125
08:00:33,91282CKU4,TSRYS5814781,D,S,T,2024-05-30,1000000.00,4.611814,100.078125
08:00:33,91282CKU4,TSRYS5814781,D,S,T,2024-05-30,1000000.00,4.609178,100.09375
08:00:33,91282CKU4,TSRYS5814781,D,S,T,2024-05-30,1000000.00,4.608519,100.09765625
08:00:33,91282CKU4,TSRYS5814781,D,S,T,2024-05-30,2000000.00,4.610496,100.0859375
08:00:33,91282CKU4,TSRYS5814781,D,S,T,2024-05-30,1000000.00,4.609837,100.08984375
08:00:33,91282CKU4,TSRYS5814781,D,S,T,2024-05-30,1000000.00,4.609508,100.091796875
08:00:33,91282CKU4,TSRYS5814781,D,S,T,2024-05-30,1000000.00,4.609178,100.09375
08:00:33,91282CKU4,TSRYS5814781,D,S,T,2024-05-30,1000000.00,4.609178,100.09375
08:00:33,91282CKU4,TSRYS5814781,D,S,T,2024-05-30,1000000.00,4.609178,100.09375
08:00:33,91282CKU4,TSRYS5814781,D,S,T,2024-05-30,2000000.00,4.609178,100.09375
08:00:33,91282CKU4,TSRYS5814781,D,S,T,2024-05-30,3000000.00,4.609178,100.09375
08:00:33,91282CKU4,TSRYS5814781,D,S,T,2024-05-30,2000000.00,4.609178,100.09375
08:00:33,91282CKU4,TSRYS5814781,D,S,T,2024-05-30,1000000.00,4.606543,100.109375
08:00:33,91282CKU4,TSRYS5814781,D,S,D,2024-05-30,1000000.00,4.606214,100.111328125
08:00:33,91282CKU4,TSRYS5814781,D,S,T,2024-05-30,1000000.00,4.603908,100.125
08:00:33,91282CKU4,TSRYS5814781,D,S,T,2024-05-30,1000000.00,4.603908,100.125
08:00:33,91282CKU4,TSRYS5814781,D,S,T,2024-05-30,1000000.00,4.603908,100.125
08:00:33,91282CKU4,TSRYS5814781,D,S,T,2024-05-30,1000000.00,4.606543,100.109375
08:00:33,91282CKU4,TSRYS5814781,D,S,T,2024-05-30,1000000.00,4.606543,100.109375
08:00:33,91282CKU4,TSRYS5814781,D,S,T,2024-05-30,1000000.00,4.606543,100.109375
08:00:33,91282CKU4,TSRYS5814781,D,S,T,2024-05-30,3000000.00,4.606543,100.109375
08:00:33,91282CKU4,TSRYS5814781,D,S,T,2024-05-30,1000000.00,4.605555,100.115234375
08:00:33,91282CKU4,TSRYS5814781,D,S,T,2024-05-30,1000000.00,4.606543,100.109375
08:00:33,91282CKU4,TSRYS5814781,D,S,T,2024-05-30,1000000.00,4.609178,100.09375
08:00:33,91282CKU4,TSRYS5814781,D,S,T,2024-05-30,2000000.00,4.610496,100.0859375
08:00:33,91282CKU4,TSRYS5814781,D,S,T,2024-05-30,2000000.00,4.610496,100.0859375
08:00:33,91282CKU4,TSRYS5814781,D,S,T,2024-05-30,2000000.00,4.612802,100.072265625
08:00:33,91282CKU4,TSRYS5814781,D,S,T,2024-05-30,2000000.00,4.611155,100.08203125
08:00:33,91282CKU4,TSRYS5814781,D,S,T,2024-05-30,1000000.00,4.609178,100.09375
08:00:33,91282CKU4,TSRYS5814781,D,S,T,2024-05-30,1000000.00,4.606543,100.109375
08:00:33,91282CKU4,TSRYS5814781,D,S,T,2024-05-30,1000000.00,4.605225,100.1171875
08:00:33,91282CKU4,TSRYS5814781,D,S,T,2024-05-30,1000000.00,4.606543,100.109375
08:00:33,91282CKU4,TSRYS5814781,D,S,T,2024-05-30,1000000.00,4.611814,100.078125
08:00:33,91282CKU4,TSRYS5814781,D,S,T,2024-05-30,1000000.00,4.611814,100.078125
08:00:33,91282CKU4,TSRYS5814781,D,S,T,2024-05-30,1000000.00,4.611814,100.078125
08:00:33,91282CKU4,TSRYS5814781,D,S,T,2024-05-30,1000000.00,4.611814,100.078125
08:00:33,91282CKU4,TSRYS5814781,D,S,T,2024-05-30,1000000.00,4.611814,100.078125
08:00:33,91282CKU4,TSRYS5814781,D,S,T,2024-05-30,1000000.00,4.611814,100.078125
08:00:33,91282CKU4,TSRYS5814781,D,S,T,2024-05-30,1000000.00,4.611814,100.078125
08:00:33,91282CKU4,TSRYS5814781,D,S,T,2024-05-30,1000000.00,4.611814,100.078125
08:00:33,91282CKU4,TSRYS5814781,D,S,T,2024-05-30,1000000.00,4.611814,100.078125
08:00:33,91282CKU4,TSRYS5814781,D,S,T,2024-05-30,1000000.00,4.611814,100.078125
08:00:33,91282CKU4,TSRYS5814781,D,S,T,2024-05-30,1000000.00,4.611814,100.078125
08:00:33,91282CKU4,TSRYS5814781,D,S,T,2024-05-30,1000000.00,4.611814,100.078125
08:00:33,91282CKU4,TSRYS5814781,D,S,T,2024-05-30,1000000.00,4.611814,100.078125
08:00:33,91282CKU4,TSRYS5814781,D,S,T,2024-05-30,1000000.00,4.611814,100.078125
08:00:33,91282CKU4,TSRYS5814781,D,S,T,2024-05-30,1000000.00,4.611814,100.078125
08:00:33,91282CKU4,TSRYS5814781,D,S,T,2024-05-30,1000000.00,4.611814,100.078125
08:00:33,91282CKU4,TSRYS5814781,D,S,T,2024-05-30,1000000.00,4.611814,100.078125
08:00:33,91282CKU4,TSRYS5814781,D,S,T,2024-05-30,1000000.00,4.611814,100.078125
08:00:33,91282CKU4,TSRYS5814781,D,S,T,2024-05-30,1000000.00,4.611814,100.078125
08:00:33,91282CKU4,TSRYS5814781,D,S,T,2024-05-30,1000000.00,4.611814,100.078125
08:00:33,91282CKU4,TSRYS5814781,D,S,T,2024-05-30,1000000.00,4.611814,100.078125
08:00:33,91282CKU4,TSRYS5814781,D,S,T,2024-05-30,1000000.00,4.611814,100.078125
08:00:33,91282CKU4,TSRYS5814781,D,S,T,2024-05-30,1000000.00,4.609178,100.09375
08:00:33,91282CKU4,TSRYS5814781,D,S,T,2024-05-30,1000000.00,4.609178,100.09375
08:00:33,91282CKU4,TSRYS5814781,D,S,T,2024-05-30,1000000.00,4.609178,100.09375
08:00:33,91282CKU4,TSRYS5814781,D,S,T,2024-05-30,1000000.00,4.609178,100.09375
08:00:33,91282CKU4,TSRYS5814781,D,S,T,2024-05-30,1000000.00,4.609178,100.09375
08:00:33,91282CKU4,TSRYS5814781,D,S,T,2024-05-30,1000000.00,4.609178,100.09375
08:00:33,91282CKU4,TSRYS5814781,D,S,T,2024-05-30,1000000.00,4.609178,100.09375
08:00:33,91282CKU4,TSRYS5814781,D,S,T,2024-05-30,1000000.00,4.609178,100.09375
08:00:33,91282CKU4,TSRYS5814781,D,S,T,2024-05-30,1000000.00,4.609178,100.09375
08:00:33,91282CKU4,TSRYS5814781,D,S,T,2024-05-30,1000000.00,4.609178,100.09375
08:00:33,91282CKU4,TSRYS5814781,D,S,T,2024-05-30,1000000.00,4.609178,100.09375
08:00:33,91282CKU4,TSRYS5814781,D,S,T,2024-05-30,1000000.00,4.609178,100.09375
08:00:33,91282CKU4,TSRYS5814781,D,S,T,2024-05-30,1000000.00,4.609178,100.09375
08:00:33,91282CKU4,TSRYS5814781,D,S,T,2024-05-30,1000000.00,4.612143,100.076171875
08:00:33,91282CKU4,TSRYS5814781,D,S,D,2024-05-30,1000000.00,4.611814,100.078125
08:00:33,91282CKU4,TSRYS5814781,D,S,T,2024-05-30,1000000.00,4.610167,100.087890625
08:00:33,91282CKU4,TSRYS5814781,D,S,T,2024-05-30,1000000.00,4.609837,100.08984375
08:00:33,91282CKU4,TSRYS5814781,D,S,T,2024-05-30,1000000.00,4.611814,100.078125
08:00:33,91282CKU4,TSRYS5814781,D,S,D,2024-05-30,1000000.00,4.611814,100.078125
08:00:33,91282CKU4,TSRYS5814781,D,S,T,2024-05-30,1000000.00,4.611814,100.078125
08:00:33,91282CKU4,TSRYS5814781,D,S,T,2024-05-30,1000000.00,4.611814,100.078125
08:00:33,91282CKU4,TSRYS5814781,D,S,T,2024-05-30,1000000.00,4.611814,100.078125
08:00:33,91282CKU4,TSRYS5814781,D,S,T,2024-05-30,1000000.00,4.611814,100.078125
08:00:33,91282CKU4,TSRYS5814781,D,S,T,2024-05-30,1000000.00,4.612143,100.076171875
08:00:33,91282CKU4,TSRYS5814781,D,S,T,2024-05-30,1000000.00,4.611814,100.078125
08:00:33,91282CKU4,TSRYS5814781,D,S,D,2024-05-30,2000000.00,4.612473,100.07421875
08:00:33,91282CKU4,TSRYS5814781,D,S,D,2024-05-30,2000000.00,4.612473,100.07421875
08:00:33,91282CKU4,TSRYS5814781,D,S,D,2024-05-30,1000000.00,4.612473,100.07421875
08:00:33,91282CKU4,TSRYS5814781,D,S,D,2024-05-30,1000000.00,4.612473,100.07421875
08:00:33,91282CKU4,TSRYS5814781,D,S,D,2024-05-30,1000000.00,4.612473,100.07421875
08:00:33,91282CKU4,TSRYS5814781,D,S,T,2024-05-30,1000000.00,4.611814,100.078125
08:00:33,91282CKU4,TSRYS5814781,D,S,D,2024-05-30,1000000.00,4.612473,100.07421875
08:00:33,91282CKU4,TSRYS5814781,D,S,D,2024-05-30,1000000.00,4.612473,100.07421875
08:00:33,91282CKU4,TSRYS5814781,D,S,D,2024-05-30,2000000.00,4.611814,100.078125
08:00:33,91282CKU4,TSRYS5814781,D,S,T,2024-05-30,1000000.00,4.611814,100.078125
08:00:33,91282CKU4,TSRYS5814781,D,S,T,2024-05-30,1000000.00,4.611814,100.078125
08:00:33,91282CKU4,TSRYS5814781,D,S,T,2024-05-30,1000000.00,4.611814,100.078125
08:00:33,91282CKU4,TSRYS5814781,D,S,D,2024-05-30,2000000.00,4.611814,100.078125
08:00:33,91282CKU4,TSRYS5814781,D,S,T,2024-05-30,3000000.00,4.612143,100.076171875
08:00:33,91282CKU4,TSRYS5814781,D,S,T,2024-05-30,4000000.00,4.612143,100.076171875
08:00:33,91282CKU4,TSRYS5814781,D,S,T,2024-05-30,2000000.00,4.611814,100.078125
08:00:33,91282CKU4,TSRYS5814781,D,S,D,2024-05-30,5000000.00,4.611814,100.078125
08:00:33,91282CKU4,TSRYS5814781,D,S,T,2024-05-30,1000000.00,4.611814,100.078125
08:00:33,91282CKU4,TSRYS5814781,D,S,T,2024-05-30,4000000.00,4.612143,100.076171875
08:00:33,91282CKU4,TSRYS5814781,D,S,T,2024-05-30,3000000.00,4.612143,100.076171875
08:00:33,91282CKU4,TSRYS5814781,D,S,T,2024-05-30,1000000.00,4.611814,100.078125
08:00:33,91282CKU4,TSRYS5814781,D,S,D,2024-05-30,1000000.00,4.611814,100.078125
08:00:33,91282CKU4,TSRYS5814781,D,S,D,2024-05-30,3000000.00,4.611814,100.078125
08:00:33,91282CKU4,TSRYS5814781,D,S,T,2024-05-30,1000000.00,4.611814,100.078125
08:00:33,91282CKU4,TSRYS5814781,D,S,T,2024-05-30,1000000.00,4.611814,100.078125
08:00:33,91282CKU4,TSRYS5814781,D,S,D,2024-05-30,1000000.00,4.611814,100.078125
08:00:33,91282CKU4,TSRYS5814781,D,S,D,2024-05-30,1000000.00,4.611814,100.078125
08:00:33,91282CKU4,TSRYS5814781,D,S,D,2024-05-30,1000000.00,4.611814,100.078125
08:00:33,91282CKU4,TSRYS5814781,D,S,D,2024-05-30,1000000.00,4.611814,100.078125
08:00:33,91282CKU4,TSRYS5814781,D,S,T,2024-05-30,1000000.00,4.611814,100.078125
08:00:33,91282CKU4,TSRYS5814781,D,S,T,2024-05-30,1000000.00,4.611814,100.078125
08:00:33,91282CKU4,TSRYS5814781,D,S,D,2024-05-30,1000000.00,4.611814,100.078125
08:00:33,91282CKU4,TSRYS5814781,D,S,D,2024-05-30,3000000.00,4.611814,100.078125
08:00:33,91282CKU4,TSRYS5814781,D,S,D,2024-05-30,2000000.00,4.611814,100.078125
08:00:33,91282CKU4,TSRYS5814781,D,S,D,2024-05-30,2000000.00,4.609508,100.091796875
08:00:33,91282CKU4,TSRYS5814781,D,S,D,2024-05-30,3000000.00,4.609508,100.091796875
08:00:33,91282CKU4,TSRYS5814781,D,S,T,2024-05-30,1000000.00,4.609837,100.08984375
08:00:33,91282CKU4,TSRYS5814781,D,S,T,2024-05-30,2000000.00,4.609837,100.08984375
08:00:33,91282CKU4,TSRYS5814781,D,S,T,2024-05-30,1000000.00,4.609837,100.08984375
08:00:33,91282CKU4,TSRYS5814781,D,S,D,2024-05-30,2000000.00,4.609508,100.091796875
08:00:33,91282CKU4,TSRYS5814781,D,S,D,2024-05-30,1000000.00,4.609508,100.091796875
08:00:33,91282CKU4,TSRYS5814781,D,S,T,2024-05-30,3000000.00,4.609837,100.08984375
08:00:33,91282CKU4,TSRYS5814781,D,S,D,2024-05-30,2000000.00,4.609508,100.091796875
08:00:33,91282CKU4,TSRYS5814781,D,S,D,2024-05-30,2000000.00,4.609508,100.091796875
08:00:33,91282CKU4,TSRYS5814781,D,S,D,2024-05-30,2000000.00,4.609508,100.091796875
08:00:33,91282CKU4,TSRYS5814781,D,S,D,2024-05-30,2000000.00,4.609508,100.091796875
08:00:33,91282CKU4,TSRYS5814781,D,S,D,2024-05-30,1000000.00,4.609508,100.091796875
08:00:33,91282CKU4,TSRYS5814781,D,S,D,2024-05-30,2000000.00,4.609508,100.091796875
08:00:33,91282CKU4,TSRYS5814781,D,S,D,2024-05-30,1000000.00,4.609508,100.091796875
08:00:33,91282CKU4,TSRYS5814781,D,S,D,2024-05-30,1000000.00,4.609508,100.091796875
08:00:33,91282CKU4,TSRYS5814781,D,S,D,2024-05-30,1000000.00,4.609508,100.091796875
08:00:33,91282CKU4,TSRYS5814781,D,S,D,2024-05-30,1000000.00,4.609508,100.091796875
08:00:33,91282CKU4,TSRYS5814781,D,S,D,2024-05-30,2000000.00,4.609508,100.091796875
08:00:33,91282CKU4,TSRYS5814781,D,S,D,2024-05-30,2000000.00,4.611814,100.078125
08:00:33,91282CKU4,TSRYS5814781,D,S,D,2024-05-30,2000000.00,4.609508,100.091796875
08:00:33,91282CKU4,TSRYS5814781,D,S,T,2024-05-30,2000000.00,4.609837,100.08984375
08:00:33,91282CKU4,TSRYS5814781,D,S,T,2024-05-30,1000000.00,4.609837,100.08984375
08:00:33,91282CKU4,TSRYS5814781,D,S,D,2024-05-30,1000000.00,4.609837,100.08984375
08:00:33,91282CKU4,TSRYS5814781,D,S,T,2024-05-30,2000000.00,4.609837,100.08984375
08:00:33,91282CKU4,TSRYS5814781,D,S,T,2024-05-30,3000000.00,4.609837,100.08984375
08:00:33,91282CKU4,TSRYS5814781,D,S,D,2024-05-30,2000000.00,4.609508,100.091796875
08:00:33,91282CKU4,TSRYS5814781,D,S,T,2024-05-30,1000000.00,4.611814,100.078125
08:00:33,91282CKU4,TSRYS5814781,D,S,D,2024-05-30,2000000.00,4.611814,100.078125
08:00:33,91282CKU4,TSRYS5814781,D,S,T,2024-05-30,1000000.00,4.611814,100.078125
08:00:33,91282CKU4,TSRYS5814781,D,S,T,2024-05-30,1000000.00,4.611814,100.078125
08:00:33,91282CKU4,TSRYS5814781,D,S,T,2024-05-30,2000000.00,4.611814,100.078125
08:00:33,91282CKU4,TSRYS5814781,D,S,T,2024-05-30,1000000.00,4.611814,100.078125
08:00:33,91282CKU4,TSRYS5814781,D,S,T,2024-05-30,3000000.00,4.612143,100.076171875
08:00:33,91282CKU4,TSRYS5814781,D,S,T,2024-05-30,1000000.00,4.611814,100.078125
08:00:33,91282CKU4,TSRYS5814781,D,S,T,2024-05-30,1000000.00,4.611814,100.078125
08:00:33,91282CKU4,TSRYS5814781,D,S,T,2024-05-30,4000000.00,4.612143,100.076171875
08:00:33,91282CKU4,TSRYS5814781,D,S,T,2024-05-30,1000000.00,4.611814,100.078125
08:00:33,91282CKU4,TSRYS5814781,D,S,T,2024-05-30,1000000.00,4.611814,100.078125
08:00:33,91282CKU4,TSRYS5814781,D,S,T,2024-05-30,1000000.00,4.611814,100.078125
08:00:33,91282CKU4,TSRYS5814781,D,S,T,2024-05-30,1000000.00,4.611814,100.078125
08:00:33,91282CKU4,TSRYS5814781,D,S,T,2024-05-30,1000000.00,4.611814,100.078125
08:00:33,91282CKU4,TSRYS5814781,D,S,D,2024-05-30,3000000.00,4.611814,100.078125
08:00:33,91282CKU4,TSRYS5814781,D,S,T,2024-05-30,1000000.00,4.611814,100.078125
08:00:33,91282CKU4,TSRYS5814781,D,S,T,2024-05-30,1000000.00,4.611814,100.078125
08:00:33,91282CKU4,TSRYS5814781,D,S,T,2024-05-30,3000000.00,4.611814,100.078125
08:00:33,91282CKU4,TSRYS5814781,D,S,T,2024-05-30,1000000.00,4.611814,100.078125
08:00:33,91282CKU4,TSRYS5814781,D,S,D,2024-05-30,1000000.00,4.607202,100.10546875
08:00:33,91282CKU4,TSRYS5814781,D,S,T,2024-05-30,2000000.00,4.607202,100.10546875
08:00:33,91282CKU4,TSRYS5814781,D,S,D,2024-05-30,2000000.00,4.607202,100.10546875
08:00:33,91282CKU4,TSRYS5814781,D,S,T,2024-05-30,2000000.00,4.607202,100.10546875
08:00:33,91282CKU4,TSRYS5814781,D,S,D,2024-05-30,1000000.00,4.607202,100.10546875
08:00:33,91282CKU4,TSRYS5814781,D,S,T,2024-05-30,1000000.00,4.606543,100.109375
08:00:33,91282CKU4,TSRYS5814781,D,S,T,2024-05-30,1000000.00,4.606543,100.109375
08:00:33,91282CKU4,TSRYS5814781,D,S,D,2024-05-30,2000000.00,4.607202,100.10546875
08:00:33,91282CKU4,TSRYS5814781,D,S,T,2024-05-30,2000000.00,4.607202,100.10546875
08:00:33,91282CKU4,TSRYS5814781,D,S,T,2024-05-30,2000000.00,4.607531,100.103515625
08:00:33,91282CKU4,TSRYS5814781,D,S,D,2024-05-30,1000000.00,4.637868,99.923828125
08:00:33,91282CKU4,TSRYS5814781,D,S,D,2024-05-30,1000000.00,4.629288,99.974609375
08:00:33,91282CKU4,TSRYS5814781,D,S,D,2024-05-30,1000000.00,4.629618,99.97265625
08:00:33,91282CKU4,TSRYS5814781,D,S,D,2024-05-30,1000000.00,4.626649,99.990234375
08:00:33,91282CKU4,TSRYS5814781,D,S,D,2024-05-30,1000000.00,4.626319,99.9921875
08:00:33,91282CKU4,TSRYS5814781,D,S,D,2024-05-30,1000000.00,4.626319,99.9921875
08:00:33,91282CKU4,TSRYS5814781,D,S,D,2024-05-30,1000000.00,4.626319,99.9921875
08:00:33,91282CKU4,TSRYS5814781,D,S,D,2024-05-30,1000000.00,4.626319,99.9921875
08:00:33,91282CKU4,TSRYS5814781,D,S,D,2024-05-30,1000000.00,4.626649,99.990234375
08:00:33,91282CKU4,TSRYS5814781,D,S,D,2024-05-30,1000000.00,4.616098,100.052734375
08:00:33,91282CKU4,TSRYS5814781,D,S,D,2024-05-30,1000000.00,4.61445,100.0625
08:00:33,91282CKU4,TSRYS5814781,D,S,D,2024-05-30,1000000.00,4.61445,100.0625
08:00:33,91282CKU4,TSRYS5814781,D,S,D,2024-05-30,1000000.00,4.617746,100.04296875
08:00:33,91282CKU4,TSRYS5814781,D,S,D,2024-05-30,1000000.00,4.620054,100.029296875
08:00:33,91282CKU4,TSRYS5814781,D,S,D,2024-05-30,1000000.00,4.619724,100.03125
08:00:33,91282CKU4,TSRYS5814781,D,S,D,2024-05-30,1000000.00,4.615109,100.05859375
08:00:33,91282CKU4,TSRYS5814781,D,S,D,2024-05-30,1000000.00,4.610825,100.083984375
08:00:33,91282CKU4,TSRYS5814781,D,S,D,2024-05-30,1000000.00,4.605555,100.115234375
08:00:33,91282CKU4,TSRYS5814781,D,S,D,2024-05-30,1000000.00,4.606214,100.111328125
08:00:33,91282CKU4,TSRYS5814781,D,S,D,2024-05-30,1000000.00,4.606214,100.111328125
08:00:33,91282CKU4,TSRYS5814781,D,S,D,2024-05-30,1000000.00,4.604567,100.12109375
08:00:33,91282CKU4,TSRYS5814781,D,S,D,2024-05-30,1000000.00,4.604567,100.12109375
08:00:33,91282CKU4,TSRYS5814781,D,S,D,2024-05-30,1000000.00,4.604567,100.12109375
08:00:33,91282CKU4,TSRYS5814781,D,S,D,2024-05-30,2000000.00,4.604567,100.12109375
08:00:33,91282CKU4,TSRYS5814781,D,S,D,2024-05-30,1000000.00,4.611814,100.078125
08:00:33,91282CKU4,TSRYS5814781,D,S,D,2024-05-30,1000000.00,4.611814,100.078125
08:00:33,91282CKU4,TSRYS5814781,D,S,D,2024-05-30,2000000.00,4.610496,100.0859375
08:00:33,91282CKU4,TSRYS5814781,D,S,D,2024-05-30,1000000.00,4.610825,100.083984375
08:00:33,91282CKU4,TSRYS5814781,D,S,D,2024-05-30,1000000.00,4.612143,100.076171875
08:00:33,91282CKU4,TSRYS5814781,D,S,D,2024-05-30,1000000.00,4.611814,100.078125
08:00:33,91282CKU4,TSRYS5814781,D,S,D,2024-05-30,1000000.00,4.611814,100.078125
08:00:33,91282CKU4,TSRYS5814781,D,S,D,2024-05-30,1000000.00,4.611814,100.078125
08:00:33,91282CKU4,TSRYS5814781,D,S,D,2024-05-30,1000000.00,4.611814,100.078125
08:00:33,91282CKU4,TSRYS5814781,D,S,D,2024-05-30,1000000.00,4.611814,100.078125
08:00:33,91282CKU4,TSRYS5814781,D,S,D,2024-05-30,1000000.00,4.609508,100.091796875
08:00:33,91282CKU4,TSRYS5814781,D,S,D,2024-05-30,1000000.00,4.609508,100.091796875
08:00:33,91282CKU4,TSRYS5814781,D,S,D,2024-05-30,1000000.00,4.611814,100.078125
08:00:33,91282CKU4,TSRYS5814781,D,S,D,2024-05-30,1000000.00,4.611814,100.078125
08:00:33,91282CKU4,TSRYS5814781,D,S,D,2024-05-30,2000000.00,4.608519,100.09765625
08:00:33,91282CKU4,TSRYS5814781,D,S,D,2024-05-30,1000000.00,4.629288,99.974609375
08:00:33,91282CKU4,TSRYS5814781,D,S,D,2024-05-30,1000000.00,4.628958,99.9765625
08:00:33,91282CKU4,TSRYS5814781,D,S,D,2024-05-30,2000000.00,4.629618,99.97265625
08:00:33,91282CKU4,TSRYS5814781,D,S,D,2024-05-30,1000000.00,4.626649,99.990234375
08:00:33,91282CKU4,TSRYS5814781,D,S,D,2024-05-30,1000000.00,4.626649,99.990234375
08:00:33,91282CKU4,TSRYS5814781,D,S,D,2024-05-30,1000000.00,4.626649,99.990234375
08:00:33,91282CKU4,TSRYS5814781,D,S,D,2024-05-30,2000000.00,4.626649,99.990234375
08:00:33,91282CKU4,TSRYS5814781,D,S,D,2024-05-30,1000000.00,4.626649,99.990234375
08:00:33,91282CKU4,TSRYS5814781,D,S,D,2024-05-30,1000000.00,4.626319,99.9921875
08:00:33,91282CKU4,TSRYS5814781,D,S,D,2024-05-30,1000000.00,4.626319,99.9921875
08:00:33,91282CKU4,TSRYS5814781,D,S,D,2024-05-30,1000000.00,4.626649,99.990234375
08:00:33,91282CKU4,TSRYS5814781,D,S,D,2024-05-30,1000000.00,4.620713,100.025390625
08:00:33,91282CKU4,TSRYS5814781,D,S,D,2024-05-30,1000000.00,4.615109,100.05859375
08:00:33,91282CKU4,TSRYS5814781,D,S,D,2024-05-30,1000000.00,4.61445,100.0625
08:00:33,91282CKU4,TSRYS5814781,D,S,D,2024-05-30,1000000.00,4.61445,100.0625
08:00:33,91282CKU4,TSRYS5814781,D,S,D,2024-05-30,1000000.00,4.615109,100.05859375
08:00:33,91282CKU4,TSRYS5814781,D,S,D,2024-05-30,2000000.00,4.61478,100.060546875
08:00:33,91282CKU4,TSRYS5814781,D,S,D,2024-05-30,2000000.00,4.617746,100.04296875
08:00:33,91282CKU4,TSRYS5814781,D,S,D,2024-05-30,1000000.00,4.617417,100.044921875
08:00:33,91282CKU4,TSRYS5814781,D,S,D,2024-05-30,1000000.00,4.620054,100.029296875
08:00:33,91282CKU4,TSRYS5814781,D,S,D,2024-05-30,1000000.00,4.619724,100.03125
08:00:33,91282CKU4,TSRYS5814781,D,S,D,2024-05-30,1000000.00,4.619724,100.03125
08:00:33,91282CKU4,TSRYS5814781,D,S,D,2024-05-30,1000000.00,4.617417,100.044921875
08:00:33,91282CKU4,TSRYS5814781,D,S,D,2024-05-30,1000000.00,4.617746,100.04296875
08:00:33,91282CKU4,TSRYS5814781,D,S,D,2024-05-30,1000000.00,4.617746,100.04296875
08:00:33,91282CKU4,TSRYS5814781,D,S,D,2024-05-30,1000000.00,4.616757,100.048828125
08:00:33,91282CKU4,TSRYS5814781,D,S,D,2024-05-30,1000000.00,4.615768,100.0546875
08:00:33,91282CKU4,TSRYS5814781,D,S,D,2024-05-30,1000000.00,4.612143,100.076171875
08:00:33,91282CKU4,TSRYS5814781,D,S,D,2024-05-30,1000000.00,4.612143,100.076171875
08:00:33,91282CKU4,TSRYS5814781,D,S,D,2024-05-30,1000000.00,4.612143,100.076171875
08:00:33,91282CKU4,TSRYS5814781,D,S,D,2024-05-30,1000000.00,4.612143,100.076171875
08:00:33,91282CKU4,TSRYS5814781,D,S,D,2024-05-30,1000000.00,4.612143,100.076171875
08:00:33,91282CKU4,TSRYS5814781,D,S,D,2024-05-30,1000000.00,4.612143,100.076171875
08:00:33,91282CKU4,TSRYS5814781,D,S,D,2024-05-30,1000000.00,4.612143,100.076171875
08:00:33,91282CKU4,TSRYS5814781,D,S,D,2024-05-30,1000000.00,4.612473,100.07421875
08:00:33,91282CKU4,TSRYS5814781,D,S,D,2024-05-30,1000000.00,4.612473,100.07421875
08:00:33,91282CKU4,TSRYS5814781,D,S,D,2024-05-30,1000000.00,4.612473,100.07421875
08:00:33,91282CKU4,TSRYS5814781,D,S,D,2024-05-30,1000000.00,4.612473,100.07421875
08:00:33,91282CKU4,TSRYS5814781,D,S,D,2024-05-30,1000000.00,4.609837,100.08984375
08:00:33,91282CKU4,TSRYS5814781,D,S,D,2024-05-30,1000000.00,4.609837,100.08984375
08:00:33,91282CKU4,TSRYS5814781,D,S,D,2024-05-30,1000000.00,4.609837,100.08984375
08:00:33,91282CKU4,TSRYS5814781,D,S,D,2024-05-30,1000000.00,4.609837,100.08984375
08:00:33,91282CKU4,TSRYS5814781,D,S,D,2024-05-30,1000000.00,4.609837,100.08984375
08:00:33,91282CKU4,TSRYS5814781,D,S,D,2024-05-30,1000000.00,4.609837,100.08984375
08:00:33,91282CKU4,TSRYS5814781,D,S,D,2024-05-30,1000000.00,4.609837,100.08984375
08:00:33,91282CKU4,TSRYS5814781,D,S,D,2024-05-30,1000000.00,4.609837,100.08984375
08:00:33,91282CKU4,TSRYS5814781,D,S,D,2024-05-30,1000000.00,4.609837,100.08984375
08:00:33,91282CKU4,TSRYS5814781,D,S,D,2024-05-30,1000000.00,4.609837,100.08984375
08:00:33,91282CKU4,TSRYS5814781,D,S,D,2024-05-30,1000000.00,4.609837,100.08984375
08:00:33,91282CKU4,TSRYS5814781,D,S,D,2024-05-30,1000000.00,4.610825,100.083984375
08:00:33,91282CKU4,TSRYS5814781,D,S,D,2024-05-30,1000000.00,4.606543,100.109375
08:00:33,91282CKU4,TSRYS5814781,D,S,D,2024-05-30,2000000.00,4.606214,100.111328125
08:00:33,91282CKU4,TSRYS5814781,D,S,D,2024-05-30,1000000.00,4.60292,100.130859375
08:00:33,91282CKU4,TSRYS5814781,D,S,D,2024-05-30,2000000.00,4.60292,100.130859375
08:00:33,91282CKU4,TSRYS5814781,D,S,D,2024-05-30,1000000.00,4.604567,100.12109375
08:00:33,91282CKU4,TSRYS5814781,D,S,D,2024-05-30,2000000.00,4.604567,100.12109375
08:00:33,91282CKU4,TSRYS5814781,D,S,D,2024-05-30,2000000.00,4.604567,100.12109375
08:00:33,91282CKU4,TSRYS5814781,D,S,D,2024-05-30,4000000.00,4.607531,100.103515625
08:00:33,91282CKU4,TSRYS5814781,D,S,D,2024-05-30,2000000.00,4.607531,100.103515625
08:00:33,91282CKU4,TSRYS5814781,D,S,D,2024-05-30,4000000.00,4.607531,100.103515625
08:00:33,91282CKU4,TSRYS5814781,D,S,D,2024-05-30,2000000.00,4.607531,100.103515625
08:00:33,91282CKU4,TSRYS5814781,D,S,D,2024-05-30,2000000.00,4.605555,100.115234375
08:00:33,91282CKU4,TSRYS5814781,D,S,D,2024-05-30,2000000.00,4.611814,100.078125
08:00:33,91282CKU4,TSRYS5814781,D,S,D,2024-05-30,1000000.00,4.612143,100.076171875
08:00:33,91282CKU4,TSRYS5814781,D,S,D,2024-05-30,2000000.00,4.611155,100.08203125
08:00:33,91282CKU4,TSRYS5814781,D,S,D,2024-05-30,1000000.00,4.611155,100.08203125
08:00:33,91282CKU4,TSRYS5814781,D,S,D,2024-05-30,2000000.00,4.608519,100.09765625
08:00:33,91282CKU4,TSRYS5814781,D,S,D,2024-05-30,1000000.00,4.609508,100.091796875
08:00:33,91282CKU4,TSRYS5814781,D,S,D,2024-05-30,1000000.00,4.609508,100.091796875
08:00:33,91282CKU4,TSRYS5814781,D,S,D,2024-05-30,1000000.00,4.609508,100.091796875
08:00:33,91282CKU4,TSRYS5814781,D,S,D,2024-05-30,1000000.00,4.605884,100.11328125
08:00:33,91282CKU4,TSRYS5814781,D,S,D,2024-05-30,1000000.00,4.607202,100.10546875
08:00:33,91282CKU4,TSRYS5814781,D,S,D,2024-05-30,1000000.00,4.60786,100.1015625
08:00:33,91282CKU4,TSRYS5814781,D,S,D,2024-05-30,1000000.00,4.607202,100.10546875
08:00:33,91282CKU4,TSRYS5814781,D,S,D,2024-05-30,1000000.00,4.607531,100.103515625
08:00:33,91282CKU4,TSRYS5814781,D,S,D,2024-05-30,1000000.00,4.607531,100.103515625
08:00:33,91282CKU4,TSRYS5814781,D,S,D,2024-05-30,2000000.00,4.608519,100.09765625
08:00:33,91282CKU4,TSRYS5814781,D,S,T,2024-05-30,1000000.00,4.643481,99.890625
08:00:33,91282CKU4,TSRYS5814781,D,S,T,2024-05-30,1000000.00,4.639189,99.916015625
08:00:33,91282CKU4,TSRYS5814781,D,S,T,2024-05-30,1000000.00,4.639189,99.916015625
08:00:33,91282CKU4,TSRYS5814781,D,S,T,2024-05-30,1000000.00,4.638858,99.91796875
08:00:33,91282CKU4,TSRYS5814781,D,S,T,2024-05-30,1000000.00,4.638858,99.91796875
08:00:33,91282CKU4,TSRYS5814781,D,S,T,2024-05-30,1000000.00,4.637208,99.927734375
08:00:33,91282CKU4,TSRYS5814781,D,S,T,2024-05-30,1000000.00,4.637208,99.927734375
08:00:33,91282CKU4,TSRYS5814781,D,S,T,2024-05-30,1000000.00,4.6415,99.90234375
08:00:33,91282CKU4,TSRYS5814781,D,S,T,2024-05-30,1000000.00,4.6415,99.90234375
08:00:33,91282CKU4,TSRYS5814781,D,S,T,2024-05-30,1000000.00,4.635228,99.939453125
08:00:33,91282CKU4,TSRYS5814781,D,S,T,2024-05-30,1000000.00,4.635228,99.939453125
08:00:33,91282CKU4,TSRYS5814781,D,S,T,2024-05-30,3000000.00,4.633907,99.947265625
08:00:33,91282CKU4,TSRYS5814781,D,S,T,2024-05-30,1000000.00,4.633907,99.947265625
08:00:33,91282CKU4,TSRYS5814781,D,S,T,2024-05-30,1000000.00,4.633907,99.947265625
08:00:33,91282CKU4,TSRYS5814781,D,S,T,2024-05-30,2000000.00,4.636548,99.931640625
08:00:33,91282CKU4,TSRYS5814781,D,S,T,2024-05-30,1000000.00,4.633577,99.94921875
08:00:33,91282CKU4,TSRYS5814781,D,S,T,2024-05-30,1000000.00,4.633577,99.94921875
08:00:33,91282CKU4,TSRYS5814781,D,S,T,2024-05-30,1000000.00,4.629288,99.974609375
08:00:33,91282CKU4,TSRYS5814781,D,S,T,2024-05-30,1000000.00,4.629288,99.974609375
08:00:33,91282CKU4,TSRYS5814781,D,S,T,2024-05-30,1000000.00,4.628958,99.9765625
08:00:33,91282CKU4,TSRYS5814781,D,S,T,2024-05-30,1000000.00,4.627309,99.986328125
08:00:33,91282CKU4,TSRYS5814781,D,S,T,2024-05-30,1000000.00,4.627309,99.986328125
08:00:33,91282CKU4,TSRYS5814781,D,S,T,2024-05-30,1000000.00,4.626649,99.990234375
08:00:33,91282CKU4,TSRYS5814781,D,S,T,2024-05-30,1000000.00,4.626649,99.990234375
08:00:33,91282CKU4,TSRYS5814781,D,S,T,2024-05-30,1000000.00,4.626319,99.9921875
08:00:33,91282CKU4,TSRYS5814781,D,S,T,2024-05-30,1000000.00,4.626319,99.9921875
08:00:33,91282CKU4,TSRYS5814781,D,S,T,2024-05-30,1000000.00,4.626319,99.9921875
08:00:33,91282CKU4,TSRYS5814781,D,S,T,2024-05-30,1000000.00,4.626319,99.9921875
08:00:33,91282CKU4,TSRYS5814781,D,S,T,2024-05-30,1000000.00,4.626319,99.9921875
08:00:33,91282CKU4,TSRYS5814781,D,S,T,2024-05-30,1000000.00,4.626319,99.9921875
08:00:33,91282CKU4,TSRYS5814781,D,S,T,2024-05-30,1000000.00,4.626319,99.9921875
08:00:33,91282CKU4,TSRYS5814781,D,S,T,2024-05-30,1000000.00,4.626319,99.9921875
08:00:33,91282CKU4,TSRYS5814781,D,S,T,2024-05-30,1000000.00,4.626319,99.9921875
08:00:33,91282CKU4,TSRYS5814781,D,S,T,2024-05-30,1000000.00,4.626319,99.9921875
08:00:33,91282CKU4,TSRYS5814781,D,S,T,2024-05-30,1000000.00,4.626649,99.990234375
08:00:33,91282CKU4,TSRYS5814781,D,S,T,2024-05-30,1000000.00,4.615109,100.05859375
08:00:33,91282CKU4,TSRYS5814781,D,S,T,2024-05-30,1000000.00,4.615109,100.05859375
08:00:33,91282CKU4,TSRYS5814781,D,S,T,2024-05-30,1000000.00,4.61445,100.0625
08:00:33,91282CKU4,TSRYS5814781,D,S,T,2024-05-30,1000000.00,4.61445,100.0625
08:00:33,91282CKU4,TSRYS5814781,D,S,T,2024-05-30,1000000.00,4.615109,100.05859375
08:00:33,91282CKU4,TSRYS5814781,D,S,T,2024-05-30,1000000.00,4.617746,100.04296875
08:00:33,91282CKU4,TSRYS5814781,D,S,T,2024-05-30,1000000.00,4.617746,100.04296875
08:00:33,91282CKU4,TSRYS5814781,D,S,T,2024-05-30,1000000.00,4.620054,100.029296875
08:00:33,91282CKU4,TSRYS5814781,D,S,T,2024-05-30,1000000.00,4.620054,100.029296875
08:00:33,91282CKU4,TSRYS5814781,D,S,T,2024-05-30,1000000.00,4.619724,100.03125
08:00:33,91282CKU4,TSRYS5814781,D,S,T,2024-05-30,1000000.00,4.619724,100.03125
08:00:33,91282CKU4,TSRYS5814781,D,S,T,2024-05-30,1000000.00,4.616098,100.052734375
08:00:33,91282CKU4,TSRYS5814781,D,S,T,2024-05-30,1000000.00,4.616098,100.052734375
08:00:33,91282CKU4,TSRYS5814781,D,S,T,2024-05-30,1000000.00,4.615109,100.05859375
08:00:33,91282CKU4,TSRYS5814781,D,S,T,2024-05-30,1000000.00,4.615109,100.05859375
08:00:33,91282CKU4,TSRYS5814781,D,S,T,2024-05-30,1000000.00,4.610825,100.083984375
08:00:33,91282CKU4,TSRYS5814781,D,S,T,2024-05-30,1000000.00,4.610825,100.083984375
08:00:33,91282CKU4,TSRYS5814781,D,S,T,2024-05-30,1000000.00,4.609837,100.08984375
08:00:33,91282CKU4,TSRYS5814781,D,S,T,2024-05-30,1000000.00,4.609837,100.08984375
08:00:33,91282CKU4,TSRYS5814781,D,S,T,2024-05-30,1000000.00,4.609178,100.09375
08:00:33,91282CKU4,TSRYS5814781,D,S,T,2024-05-30,1000000.00,4.606543,100.109375
08:00:33,91282CKU4,TSRYS5814781,D,S,T,2024-05-30,1000000.00,4.604567,100.12109375
08:00:33,91282CKU4,TSRYS5814781,D,S,T,2024-05-30,1000000.00,4.604567,100.12109375
08:00:33,91282CKU4,TSRYS5814781,D,S,T,2024-05-30,1000000.00,4.604567,100.12109375
08:00:33,91282CKU4,TSRYS5814781,D,S,T,2024-05-30,1000000.00,4.604567,100.12109375
08:00:33,91282CKU4,TSRYS5814781,D,S,T,2024-05-30,1000000.00,4.604567,100.12109375
08:00:33,91282CKU4,TSRYS5814781,D,S,T,2024-05-30,2000000.00,4.604567,100.12109375
08:00:33,91282CKU4,TSRYS5814781,D,S,T,2024-05-30,2000000.00,4.604567,100.12109375
08:00:33,91282CKU4,TSRYS5814781,D,S,T,2024-05-30,1000000.00,4.604567,100.12109375
08:00:33,91282CKU4,TSRYS5814781,D,S,T,2024-05-30,1000000.00,4.609178,100.09375
08:00:33,91282CKU4,TSRYS5814781,D,S,T,2024-05-30,2000000.00,4.611155,100.08203125
08:00:33,91282CKU4,TSRYS5814781,D,S,T,2024-05-30,2000000.00,4.611155,100.08203125
08:00:33,91282CKU4,TSRYS5814781,D,S,T,2024-05-30,2000000.00,4.610167,100.087890625
08:00:33,91282CKU4,TSRYS5814781,D,S,T,2024-05-30,1000000.00,4.610167,100.087890625
08:00:33,91282CKU4,TSRYS5814781,D,S,T,2024-05-30,1000000.00,4.609508,100.091796875
08:00:33,91282CKU4,TSRYS5814781,D,S,T,2024-05-30,1000000.00,4.609837,100.08984375
08:00:33,91282CKU4,TSRYS5814781,D,S,T,2024-05-30,1000000.00,4.609508,100.091796875
08:00:33,91282CKU4,TSRYS5814781,D,S,T,2024-05-30,1000000.00,4.609837,100.08984375
08:00:33,91282CKU4,TSRYS5814781,D,S,T,2024-05-30,1000000.00,4.609508,100.091796875
08:00:33,91282CKU4,TSRYS5814781,D,S,T,2024-05-30,1000000.00,4.612473,100.07421875
08:00:33,91282CKU4,TSRYS5814781,D,S,D,2024-05-30,2000000.00,4.612473,100.07421875
08:00:33,91282CKU4,TSRYS5814781,D,S,D,2024-05-30,1000000.00,4.612473,100.07421875
08:00:33,91282CKU4,TSRYS5814781,D,S,D,2024-05-30,1000000.00,4.612473,100.07421875
08:00:33,91282CKU4,TSRYS5814781,D,S,D,2024-05-30,3000000.00,4.612473,100.07421875
08:00:33,91282CKU4,TSRYS5814781,D,S,D,2024-05-30,2000000.00,4.612473,100.07421875
08:00:33,91282CKU4,TSRYS5814781,D,S,D,2024-05-30,1000000.00,4.612473,100.07421875
08:00:33,91282CKU4,TSRYS5814781,D,S,D,2024-05-30,3000000.00,4.612473,100.07421875
08:00:33,91282CKU4,TSRYS5814781,D,S,D,2024-05-30,1000000.00,4.612473,100.07421875
08:00:33,91282CKU4,TSRYS5814781,D,S,D,2024-05-30,2000000.00,4.612473,100.07421875
08:00:33,91282CKU4,TSRYS5814781,D,S,D,2024-05-30,1000000.00,4.612473,100.07421875
08:00:33,91282CKU4,TSRYS5814781,D,S,D,2024-05-30,2000000.00,4.612473,100.07421875
08:00:33,91282CKU4,TSRYS5814781,D,S,D,2024-05-30,1000000.00,4.612473,100.07421875
08:00:33,91282CKU4,TSRYS5814781,D,S,D,2024-05-30,1000000.00,4.612473,100.07421875
08:00:33,91282CKU4,TSRYS5814781,D,S,T,2024-05-30,2000000.00,4.611814,100.078125
08:00:33,91282CKU4,TSRYS5814781,D,S,D,2024-05-30,2000000.00,4.611814,100.078125
08:00:33,91282CKU4,TSRYS5814781,D,S,D,2024-05-30,1000000.00,4.611814,100.078125
08:00:33,91282CKU4,TSRYS5814781,D,S,D,2024-05-30,2000000.00,4.611814,100.078125
08:00:33,91282CKU4,TSRYS5814781,D,S,D,2024-05-30,2000000.00,4.611814,100.078125
08:00:33,91282CKU4,TSRYS5814781,D,S,D,2024-05-30,2000000.00,4.609508,100.091796875
08:00:33,91282CKU4,TSRYS5814781,D,S,D,2024-05-30,1000000.00,4.609508,100.091796875
08:00:33,91282CKU4,TSRYS5814781,D,S,D,2024-05-30,3000000.00,4.609508,100.091796875
08:00:33,91282CKU4,TSRYS5814781,D,S,T,2024-05-30,1000000.00,4.609508,100.091796875
08:00:33,91282CKU4,TSRYS5814781,D,S,D,2024-05-30,2000000.00,4.609508,100.091796875
08:00:33,91282CKU4,TSRYS5814781,D,S,T,2024-05-30,1000000.00,4.612143,100.076171875
08:00:33,91282CKU4,TSRYS5814781,D,S,D,2024-05-30,4000000.00,4.611814,100.078125
08:00:33,91282CKU4,TSRYS5814781,D,S,T,2024-05-30,1000000.00,4.611814,100.078125
08:00:33,91282CKU4,TSRYS5814781,D,S,D,2024-05-30,1000000.00,4.611814,100.078125
08:00:33,91282CKU4,TSRYS5814781,D,S,T,2024-05-30,1000000.00,4.611814,100.078125
08:00:33,91282CKU4,TSRYS5814781,D,S,D,2024-05-30,1000000.00,4.611814,100.078125
08:00:33,91282CKU4,TSRYS5814781,D,S,T,2024-05-30,1000000.00,4.611814,100.078125
08:00:33,91282CKU4,TSRYS5814781,D,S,T,2024-05-30,2000000.00,4.611814,100.078125
08:00:33,91282CKU4,TSRYS5814781,D,S,D,2024-05-30,3000000.00,4.611814,100.078125
08:00:33,91282CKU4,TSRYS5814781,D,S,D,2024-05-30,3000000.00,4.611814,100.078125
08:00:33,91282CKU4,TSRYS5814781,D,S,D,2024-05-30,1000000.00,4.611814,100.078125
08:00:33,91282CKU4,TSRYS5814781,D,S,D,2024-05-30,1000000.00,4.611814,100.078125
08:00:33,91282CKU4,TSRYS5814781,D,S,T,2024-05-30,1000000.00,4.611814,100.078125
08:00:33,91282CKU4,TSRYS5814781,D,S,T,2024-05-30,2000000.00,4.611814,100.078125
08:00:33,91282CKU4,TSRYS5814781,D,S,D,2024-05-30,2000000.00,4.611814,100.078125
08:00:33,91282CKU4,TSRYS5814781,D,S,T,2024-05-30,1000000.00,4.609508,100.091796875
08:00:33,91282CKU4,TSRYS5814781,D,S,D,2024-05-30,1000000.00,4.609508,100.091796875
08:00:33,91282CKU4,TSRYS5814781,D,S,D,2024-05-30,1000000.00,4.609508,100.091796875
08:00:33,91282CKU4,TSRYS5814781,D,S,D,2024-05-30,1000000.00,4.609508,100.091796875
08:00:33,91282CKU4,TSRYS5814781,D,S,T,2024-05-30,3000000.00,4.609508,100.091796875
08:00:33,91282CKU4,TSRYS5814781,D,S,D,2024-05-30,3000000.00,4.609508,100.091796875
08:00:33,91282CKU4,TSRYS5814781,D,S,D,2024-05-30,2000000.00,4.609508,100.091796875
08:00:33,91282CKU4,TSRYS5814781,D,S,D,2024-05-30,2000000.00,4.609508,100.091796875
08:00:33,91282CKU4,TSRYS5814781,D,S,D,2024-05-30,3000000.00,4.609508,100.091796875
08:00:33,91282CKU4,TSRYS5814781,D,S,T,2024-05-30,1000000.00,4.609508,100.091796875
08:00:33,91282CKU4,TSRYS5814781,D,S,T,2024-05-30,1000000.00,4.609508,100.091796875
08:00:33,91282CKU4,TSRYS5814781,D,S,D,2024-05-30,1000000.00,4.609508,100.091796875
08:00:33,91282CKU4,TSRYS5814781,D,S,D,2024-05-30,2000000.00,4.609508,100.091796875
08:00:33,91282CKU4,TSRYS5814781,D,S,D,2024-05-30,3000000.00,4.609508,100.091796875
08:00:33,91282CKU4,TSRYS5814781,D,S,D,2024-05-30,3000000.00,4.609508,100.091796875
08:00:33,91282CKU4,TSRYS5814781,D,S,D,2024-05-30,3000000.00,4.609508,100.091796875
08:00:33,91282CKU4,TSRYS5814781,D,S,T,2024-05-30,1000000.00,4.609508,100.091796875
08:00:33,91282CKU4,TSRYS5814781,D,S,D,2024-05-30,3000000.00,4.609508,100.091796875
08:00:33,91282CKU4,TSRYS5814781,D,S,D,2024-05-30,3000000.00,4.609508,100.091796875
08:00:33,91282CKU4,TSRYS5814781,D,S,D,2024-05-30,3000000.00,4.609508,100.091796875
08:00:33,91282CKU4,TSRYS5814781,D,S,D,2024-05-30,2000000.00,4.609508,100.091796875
08:00:33,91282CKU4,TSRYS5814781,D,S,D,2024-05-30,1000000.00,4.609508,100.091796875
08:00:33,91282CKU4,TSRYS5814781,D,S,D,2024-05-30,3000000.00,4.609508,100.091796875
08:00:33,91282CKU4,TSRYS5814781,D,S,D,2024-05-30,3000000.00,4.609508,100.091796875
08:00:33,91282CKU4,TSRYS5814781,D,S,T,2024-05-30,1000000.00,4.609508,100.091796875
08:00:33,91282CKU4,TSRYS5814781,D,S,D,2024-05-30,1000000.00,4.609508,100.091796875
08:00:33,91282CKU4,TSRYS5814781,D,S,T,2024-05-30,1000000.00,4.609508,100.091796875
08:00:33,91282CKU4,TSRYS5814781,D,S,D,2024-05-30,2000000.00,4.609508,100.091796875
08:00:33,91282CKU4,TSRYS5814781,D,S,D,2024-05-30,1000000.00,4.609508,100.091796875
08:00:33,91282CKU4,TSRYS5814781,D,S,D,2024-05-30,3000000.00,4.609508,100.091796875
08:00:33,91282CKU4,TSRYS5814781,D,S,T,2024-05-30,1000000.00,4.609508,100.091796875
08:00:33,91282CKU4,TSRYS5814781,D,S,D,2024-05-30,3000000.00,4.609508,100.091796875
08:00:33,91282CKU4,TSRYS5814781,D,S,D,2024-05-30,2000000.00,4.609508,100.091796875
08:00:33,91282CKU4,TSRYS5814781,D,S,D,2024-05-30,3000000.00,4.609508,100.091796875
08:00:33,91282CKU4,TSRYS5814781,D,S,T,2024-05-30,1000000.00,4.609508,100.091796875
08:00:33,91282CKU4,TSRYS5814781,D,S,D,2024-05-30,2000000.00,4.609508,100.091796875
08:00:33,91282CKU4,TSRYS5814781,D,S,D,2024-05-30,1000000.00,4.609508,100.091796875
08:00:33,91282CKU4,TSRYS5814781,D,S,D,2024-05-30,2000000.00,4.609508,100.091796875
08:00:33,91282CKU4,TSRYS5814781,D,S,D,2024-05-30,1000000.00,4.609508,100.091796875
08:00:33,91282CKU4,TSRYS5814781,D,S,T,2024-05-30,1000000.00,4.609508,100.091796875
08:00:33,91282CKU4,TSRYS5814781,D,S,D,2024-05-30,3000000.00,4.609508,100.091796875
08:00:33,91282CKU4,TSRYS5814781,D,S,D,2024-05-30,3000000.00,4.609508,100.091796875
08:00:33,91282CKU4,TSRYS5814781,D,S,T,2024-05-30,1000000.00,4.609508,100.091796875
08:00:33,91282CKU4,TSRYS5814781,D,S,D,2024-05-30,1000000.00,4.609508,100.091796875
08:00:33,91282CKU4,TSRYS5814781,D,S,D,2024-05-30,2000000.00,4.609508,100.091796875
08:00:33,91282CKU4,TSRYS5814781,D,S,D,2024-05-30,3000000.00,4.609508,100.091796875
08:00:33,91282CKU4,TSRYS5814781,D,S,T,2024-05-30,1000000.00,4.609508,100.091796875
08:00:33,91282CKU4,TSRYS5814781,D,S,D,2024-05-30,2000000.00,4.609508,100.091796875
08:00:33,91282CKU4,TSRYS5814781,D,S,T,2024-05-30,1000000.00,4.609508,100.091796875
08:00:33,91282CKU4,TSRYS5814781,D,S,D,2024-05-30,2000000.00,4.611814,100.078125
08:00:33,91282CKU4,TSRYS5814781,D,S,D,2024-05-30,1000000.00,4.609508,100.091796875
08:00:33,91282CKU4,TSRYS5814781,D,S,D,2024-05-30,2000000.00,4.611814,100.078125
08:00:33,91282CKU4,TSRYS5814781,D,S,D,2024-05-30,3000000.00,4.609508,100.091796875
08:00:33,91282CKU4,TSRYS5814781,D,S,T,2024-05-30,1000000.00,4.609508,100.091796875
08:00:33,91282CKU4,TSRYS5814781,D,S,D,2024-05-30,1000000.00,4.609837,100.08984375
08:00:33,91282CKU4,TSRYS5814781,D,S,D,2024-05-30,3000000.00,4.607202,100.10546875
08:00:33,91282CKU4,TSRYS5814781,D,S,D,2024-05-30,3000000.00,4.607202,100.10546875
08:00:33,91282CKU4,TSRYS5814781,D,S,D,2024-05-30,3000000.00,4.607202,100.10546875
08:00:33,91282CKU4,TSRYS5814781,D,S,D,2024-05-30,3000000.00,4.609508,100.091796875
08:00:33,91282CKU4,TSRYS5814781,D,S,T,2024-05-30,1000000.00,4.609508,100.091796875
08:00:33,91282CKU4,TSRYS5814781,D,S,D,2024-05-30,1000000.00,4.611814,100.078125
08:00:33,91282CKU4,TSRYS5814781,D,S,D,2024-05-30,2000000.00,4.611814,100.078125
08:00:33,91282CKU4,TSRYS5814781,D,S,T,2024-05-30,1000000.00,4.611814,100.078125
08:00:33,91282CKU4,TSRYS5814781,D,S,T,2024-05-30,1000000.00,4.611814,100.078125
08:00:33,91282CKU4,TSRYS5814781,D,S,D,2024-05-30,3000000.00,4.611814,100.078125
08:00:33,91282CKU4,TSRYS5814781,D,S,D,2024-05-30,4000000.00,4.611814,100.078125
08:00:33,91282CKU4,TSRYS5814781,D,S,D,2024-05-30,2000000.00,4.611814,100.078125
08:00:33,91282CKU4,TSRYS5814781,D,S,D,2024-05-30,1000000.00,4.611814,100.078125
08:00:33,91282CKU4,TSRYS5814781,D,S,D,2024-05-30,1000000.00,4.611814,100.078125
08:00:33,91282CKU4,TSRYS5814781,D,S,D,2024-05-30,1000000.00,4.611814,100.078125
08:00:33,91282CKU4,TSRYS5814781,D,S,D,2024-05-30,3000000.00,4.611814,100.078125
08:00:33,91282CKU4,TSRYS5814781,D,S,D,2024-05-30,1000000.00,4.611814,100.078125
08:00:33,91282CKU4,TSRYS5814781,D,S,D,2024-05-30,1000000.00,4.611814,100.078125
08:00:33,91282CKU4,TSRYS5814781,D,S,D,2024-05-30,2000000.00,4.607202,100.10546875
08:00:33,91282CKU4,TSRYS5814781,D,S,D,2024-05-30,3000000.00,4.607202,100.10546875
08:00:33,91282CKU4,TSRYS5814781,D,S,T,2024-05-30,1000000.00,4.607202,100.10546875
08:00:33,91282CKU4,TSRYS5814781,D,S,D,2024-05-30,4000000.00,4.607202,100.10546875
08:00:33,91282CKU4,TSRYS5814781,D,S,D,2024-05-30,2000000.00,4.607202,100.10546875
08:00:33,91282CKU4,TSRYS5814781,D,S,D,2024-05-30,3000000.00,4.607202,100.10546875
08:00:33,91282CKU4,TSRYS5814781,D,S,T,2024-05-30,1000000.00,4.607202,100.10546875
08:00:33,91282CKU4,TSRYS5814781,D,S,D,2024-05-30,3000000.00,4.607202,100.10546875
08:00:33,91282CKU4,TSRYS5814781,D,S,T,2024-05-30,1000000.00,4.607202,100.10546875
08:00:33,91282CKU4,TSRYS5814781,D,S,D,2024-05-30,1000000.00,4.638198,99.921875
08:00:33,91282CKU4,TSRYS5814781,D,S,D,2024-05-30,1000000.00,4.638198,99.921875
08:00:33,91282CKU4,TSRYS5814781,D,S,T,2024-05-30,1000000.00,4.635558,99.9375
08:00:33,91282CKU4,TSRYS5814781,D,S,T,2024-05-30,1000000.00,4.632917,99.953125
08:00:33,91282CKU4,TSRYS5814781,D,S,T,2024-05-30,1000000.00,4.632917,99.953125
08:00:33,91282CKU4,TSRYS5814781,D,S,T,2024-05-30,1000000.00,4.611814,100.078125
08:00:33,91282CKU4,TSRYS5814781,D,S,T,2024-05-30,1000000.00,4.611814,100.078125
08:00:33,91282CKU4,TSRYS5814781,D,S,T,2024-05-30,1000000.00,4.611814,100.078125
08:00:33,91282CKU4,TSRYS5814781,D,S,T,2024-05-30,1000000.00,4.609178,100.09375
08:00:33,91282CKU4,TSRYS5814781,D,S,T,2024-05-30,2000000.00,4.611814,100.078125
08:00:33,91282CKU4,TSRYS5814781,D,S,D,2024-05-30,1000000.00,4.635558,99.9375
08:00:33,91282CKU4,TSRYS5814781,D,S,D,2024-05-30,1000000.00,4.635558,99.9375
08:00:34,91282CKU4,TSRYS5814781,D,S,D,2024-05-30,1000000.00,4.635558,99.9375
08:00:34,91282CKU4,TSRYS5814781,D,S,T,2024-05-30,1000000.00,4.638858,99.91796875
08:00:34,91282CKU4,TSRYS5814781,D,S,T,2024-05-30,1000000.00,4.635558,99.9375
08:00:34,91282CKU4,TSRYS5814781,D,S,T,2024-05-30,1000000.00,4.636218,99.93359375
08:00:34,91282CKU4,TSRYS5814781,D,S,T,2024-05-30,1000000.00,4.636218,99.93359375
08:00:34,91282CKU4,TSRYS5814781,D,S,T,2024-05-30,1000000.00,4.638858,99.91796875
08:00:34,91282CKU4,TSRYS5814781,D,S,T,2024-05-30,1000000.00,4.626319,99.9921875
08:00:34,91282CKU4,TSRYS5814781,D,S,T,2024-05-30,1000000.00,4.617087,100.046875
08:00:34,91282CKU4,TSRYS5814781,D,S,T,2024-05-30,1000000.00,4.611814,100.078125
08:00:34,91282CKU4,TSRYS5814781,D,S,T,2024-05-30,1000000.00,4.609178,100.09375
08:00:34,91282CKU4,TSRYS5814781,D,S,T,2024-05-30,1000000.00,4.606543,100.109375
08:00:34,91282CKU4,TSRYS5814781,D,S,T,2024-05-30,1000000.00,4.610167,100.087890625
08:00:34,91282CKU4,TSRYS5814781,D,S,T,2024-05-30,1000000.00,4.609508,100.091796875
08:00:34,91282CKU4,TSRYS5814781,D,S,D,2024-05-30,1000000.00,4.609508,100.091796875
08:00:34,91282CKU4,TSRYS5814781,D,S,D,2024-05-30,4000000.00,4.610825,100.083984375
08:00:34,91282CKU4,TSRYS5814781,D,S,D,2024-05-30,1000000.00,4.611814,100.078125
08:00:34,91282CKU4,TSRYS5814781,D,S,T,2024-05-30,1000000.00,4.612143,100.076171875
08:00:34,91282CKU4,TSRYS5814781,D,S,T,2024-05-30,2000000.00,4.612143,100.076171875
08:00:34,91282CKU4,TSRYS5814781,D,S,D,2024-05-30,1000000.00,4.611814,100.078125
08:00:34,91282CKU4,TSRYS5814781,D,S,D,2024-05-30,1000000.00,4.611814,100.078125
08:00:34,91282CKU4,TSRYS5814781,D,S,D,2024-05-30,1000000.00,4.635558,99.9375
08:00:34,91282CKU4,TSRYS5814781,D,S,D,2024-05-30,1000000.00,4.635558,99.9375
08:00:35,91282CKU4,TSRYS5814781,D,S,D,2024-05-30,1000000.00,4.630278,99.96875
08:00:35,91282CKU4,TSRYS5814781,D,S,D,2024-05-30,1000000.00,4.630278,99.96875
08:00:39,91282CKU4,TSRYS5814781,D,S,T,2024-05-30,2000000.00,4.625,100.0
08:00:39,91282CKU4,TSRYS5814781,D,S,D,2024-05-30,1000000.00,4.629618,99.97265625
08:00:40,91282CKU4,TSRYS5814781,D,S,T,2024-05-30,9900000.00,4.625,100.0
08:00:40,91282CKU4,TSRYS5814781,D,S,D,2024-05-30,2000000.00,4.6415,99.90234375
08:00:40,91282CKU4,TSRYS5814781,D,S,T,2024-05-30,1000000.00,4.61216,100.076071875
08:00:40,91282CKU4,TSRYS5814781,D,S,T,2024-05-30,3000000.00,4.61216,100.076071875
08:00:40,91282CKU4,TSRYS5814781,D,S,T,2024-05-30,1000000.00,4.609508,100.091796875
08:00:40,91282CKU4,TSRYS5814781,D,S,A,2024-05-30,150MM+,4.640839,99.90625
08:00:41,91282CKU4,TSRYS5814781,D,S,D,2024-05-30,1000000.00,4.635888,99.935546875
08:00:42,91282CKU4,TSRYS5814781,D,S,T,2024-05-30,2000000.00,4.636218,99.93359375
08:00:42,91282CKU4,TSRYS5814781,D,S,T,2024-05-30,2000000.00,4.633577,99.94921875
08:00:42,91282CKU4,TSRYS5814781,D,S,T,2024-05-30,1000000.00,4.636218,99.93359375
08:00:42,91282CKU4,TSRYS5814781,D,S,T,2024-05-30,1000000.00,4.631598,99.9609375
08:00:42,91282CKU4,TSRYS5814781,D,S,T,2024-05-30,1000000.00,4.631598,99.9609375
08:00:42,91282CKU4,TSRYS5814781,D,S,T,2024-05-30,1000000.00,4.631598,99.9609375
08:00:42,91282CKU4,TSRYS5814781,D,S,T,2024-05-30,1000000.00,4.631598,99.9609375
08:00:42,91282CKU4,TSRYS5814781,D,S,T,2024-05-30,1000000.00,4.631598,99.9609375
08:00:42,91282CKU4,TSRYS5814781,D,S,T,2024-05-30,1000000.00,4.638858,99.91796875
08:00:42,91282CKU4,TSRYS5814781,D,S,T,2024-05-30,2000000.00,4.633577,99.94921875
08:00:42,91282CKU4,TSRYS5814781,D,S,T,2024-05-30,2000000.00,4.633577,99.94921875
08:00:42,91282CKU4,TSRYS5814781,D,B,C,2024-05-30,15000000.00,4.634898,99.94140625
08:00:42,91282CKU4,TSRYS5814781,D,S,T,2024-05-30,2000000.00,4.633577,99.94921875
08:00:42,91282CKU4,TSRYS5814781,D,S,T,2024-05-30,1000000.00,4.632917,99.953125
08:00:42,91282CKU4,TSRYS5814781,D,S,T,2024-05-30,2000000.00,4.636218,99.93359375
08:00:42,91282CKU4,TSRYS5814781,D,B,C,2024-05-30,93147000.00,4.640839,99.90625
08:00:42,91282CKU4,TSRYS5814781,D,S,T,2024-05-30,1000000.00,4.638858,99.91796875
08:00:43,91282CKU4,TSRYS5814781,D,S,T,2024-05-30,2000000.00,4.626319,99.9921875
08:00:43,91282CKU4,TSRYS5814781,D,S,T,2024-05-30,2000000.00,4.636218,99.93359375
08:00:43,91282CKU4,TSRYS5814781,D,S,T,2024-05-30,2000000.00,4.636218,99.93359375
08:00:43,91282CKU4,TSRYS5814781,D,S,T,2024-05-30,2000000.00,4.633577,99.94921875
08:00:43,91282CKU4,TSRYS5814781,D,S,T,2024-05-30,1000000.00,4.619065,100.03515625
08:00:43,91282CKU4,TSRYS5814781,D,B,C,2024-05-30,96007000.00,4.637538,99.92578125
08:00:43,91282CKU4,TSRYS5814781,D,S,C,2024-05-30,2000000.00,4.6415,99.90234375
08:00:43,91282CKU4,TSRYS5814781,D,S,T,2024-05-30,1000000.00,4.631598,99.9609375
08:00:43,91282CKU4,TSRYS5814781,D,S,T,2024-05-30,2000000.00,4.628958,99.9765625
08:00:43,91282CKU4,TSRYS5814781,D,S,T,2024-05-30,1000000.00,4.631598,99.9609375
08:00:43,91282CKU4,TSRYS5814781,D,S,T,2024-05-30,1000000.00,4.631598,99.9609375
08:00:43,91282CKU4,TSRYS5814781,D,S,T,2024-05-30,1000000.00,4.631598,99.9609375
08:00:43,91282CKU4,TSRYS5814781,D,S,T,2024-05-30,1000000.00,4.630938,99.96484375
08:00:43,91282CKU4,TSRYS5814781,D,S,T,2024-05-30,1000000.00,4.631598,99.9609375
08:00:43,91282CKU4,TSRYS5814781,D,S,T,2024-05-30,1000000.00,4.631598,99.9609375
08:00:43,91282CKU4,TSRYS5814781,D,S,T,2024-05-30,1000000.00,4.631598,99.9609375
08:00:43,91282CKU4,TSRYS5814781,D,S,T,2024-05-30,1000000.00,4.631598,99.9609375
08:00:43,91282CKU4,TSRYS5814781,D,S,T,2024-05-30,1000000.00,4.631598,99.9609375
08:00:43,91282CKU4,TSRYS5814781,D,S,T,2024-05-30,1000000.00,4.631598,99.9609375
08:00:43,91282CKU4,TSRYS5814781,D,S,T,2024-05-30,1000000.00,4.630278,99.96875
08:00:43,91282CKU4,TSRYS5814781,D,S,T,2024-05-30,1000000.00,4.619065,100.03515625
08:00:43,91282CKU4,TSRYS5814781,D,S,T,2024-05-30,2000000.00,4.628958,99.9765625
08:00:43,91282CKU4,TSRYS5814781,D,S,T,2024-05-30,1000000.00,4.628958,99.9765625
08:00:43,91282CKU4,TSRYS5814781,D,S,T,2024-05-30,1000000.00,4.628958,99.9765625
08:00:43,91282CKU4,TSRYS5814781,D,S,T,2024-05-30,1000000.00,4.628958,99.9765625
08:00:43,91282CKU4,TSRYS5814781,D,S,T,2024-05-30,1000000.00,4.628958,99.9765625
08:00:43,91282CKU4,TSRYS5814781,D,S,T,2024-05-30,1000000.00,4.628958,99.9765625
08:00:43,91282CKU4,TSRYS5814781,D,S,T,2024-05-30,1000000.00,4.628958,99.9765625
08:00:43,91282CKU4,TSRYS5814781,D,S,T,2024-05-30,1000000.00,4.628958,99.9765625
08:00:43,91282CKU4,TSRYS5814781,D,S,T,2024-05-30,1000000.00,4.626319,99.9921875
08:00:43,91282CKU4,TSRYS5814781,D,S,T,2024-05-30,1000000.00,4.626319,99.9921875
08:00:43,91282CKU4,TSRYS5814781,D,S,T,2024-05-30,2000000.00,4.626319,99.9921875
08:00:43,91282CKU4,TSRYS5814781,D,S,T,2024-05-30,2000000.00,4.626319,99.9921875
08:00:43,91282CKU4,TSRYS5814781,D,S,T,2024-05-30,2000000.00,4.626319,99.9921875
08:00:43,91282CKU4,TSRYS5814781,D,S,T,2024-05-30,2000000.00,4.626319,99.9921875
08:00:43,91282CKU4,TSRYS5814781,D,S,T,2024-05-30,2000000.00,4.626319,99.9921875
08:00:43,91282CKU4,TSRYS5814781,D,S,T,2024-05-30,2000000.00,4.626319,99.9921875
08:00:43,91282CKU4,TSRYS5814781,D,S,D,2024-05-30,1000000.00,4.609837,100.08984375
08:00:43,91282CKU4,TSRYS5814781,D,S,T,2024-05-30,2000000.00,4.626319,99.9921875
08:00:43,91282CKU4,TSRYS5814781,D,S,T,2024-05-30,2000000.00,4.626319,99.9921875
08:00:43,91282CKU4,TSRYS5814781,D,S,T,2024-05-30,2000000.00,4.626319,99.9921875
08:00:43,91282CKU4,TSRYS5814781,D,S,T,2024-05-30,2000000.00,4.626319,99.9921875
08:00:43,91282CKU4,TSRYS5814781,D,S,T,2024-05-30,2000000.00,4.626319,99.9921875
08:00:43,91282CKU4,TSRYS5814781,D,S,T,2024-05-30,2000000.00,4.609837,100.08984375
08:00:43,91282CKU4,TSRYS5814781,D,S,T,2024-05-30,4000000.00,4.626319,99.9921875
08:00:43,91282CKU4,TSRYS5814781,D,S,T,2024-05-30,2000000.00,4.626319,99.9921875
08:00:43,91282CKU4,TSRYS5814781,D,S,T,2024-05-30,2000000.00,4.626319,99.9921875
08:00:43,91282CKU4,TSRYS5814781,D,S,T,2024-05-30,2000000.00,4.626319,99.9921875
08:00:43,91282CKU4,TSRYS5814781,D,S,T,2024-05-30,3000000.00,4.609837,100.08984375
08:00:43,91282CKU4,TSRYS5814781,D,S,T,2024-05-30,2000000.00,4.621702,100.01953125
08:00:43,91282CKU4,TSRYS5814781,D,B,C,2024-05-30,100000.00,4.623275,100.01021875
08:00:43,91282CKU4,TSRYS5814781,D,S,T,2024-05-30,2000000.00,4.621702,100.01953125
08:00:43,91282CKU4,TSRYS5814781,D,B,C,2024-05-30,1000000.00,4.622362,100.015625
08:00:43,91282CKU4,TSRYS5814781,D,B,C,2024-05-30,1000000.00,4.622362,100.015625
08:00:43,91282CKU4,TSRYS5814781,D,S,T,2024-05-30,2000000.00,4.623681,100.0078125
08:00:43,91282CKU4,TSRYS5814781,D,S,T,2024-05-30,1000000.00,4.621702,100.01953125
08:00:43,91282CKU4,TSRYS5814781,D,S,T,2024-05-30,1000000.00,4.621702,100.01953125
08:00:43,91282CKU4,TSRYS5814781,D,S,T,2024-05-30,1000000.00,4.621043,100.0234375
08:00:43,91282CKU4,TSRYS5814781,D,S,T,2024-05-30,1000000.00,4.621043,100.0234375
08:00:43,91282CKU4,TSRYS5814781,D,S,T,2024-05-30,2000000.00,4.619065,100.03515625
08:00:43,91282CKU4,TSRYS5814781,D,S,T,2024-05-30,2000000.00,4.616428,100.05078125
08:00:43,91282CKU4,TSRYS5814781,D,S,T,2024-05-30,2000000.00,4.616428,100.05078125
08:00:43,91282CKU4,TSRYS5814781,D,S,T,2024-05-30,1000000.00,4.61445,100.0625
08:00:43,91282CKU4,TSRYS5814781,D,S,T,2024-05-30,1000000.00,4.61445,100.0625
08:00:43,91282CKU4,TSRYS5814781,D,S,T,2024-05-30,1000000.00,4.61445,100.0625
08:00:43,91282CKU4,TSRYS5814781,D,S,T,2024-05-30,1000000.00,4.61445,100.0625
08:00:43,91282CKU4,TSRYS5814781,D,S,T,2024-05-30,1000000.00,4.61445,100.0625
08:00:43,91282CKU4,TSRYS5814781,D,S,T,2024-05-30,1000000.00,4.61445,100.0625
08:00:43,91282CKU4,TSRYS5814781,D,S,T,2024-05-30,1000000.00,4.61445,100.0625
08:00:43,91282CKU4,TSRYS5814781,D,S,T,2024-05-30,1000000.00,4.61445,100.0625
08:00:43,91282CKU4,TSRYS5814781,D,S,T,2024-05-30,1000000.00,4.61445,100.0625
08:00:43,91282CKU4,TSRYS5814781,D,S,T,2024-05-30,1000000.00,4.61445,100.0625
08:00:43,91282CKU4,TSRYS5814781,D,S,T,2024-05-30,1000000.00,4.61445,100.0625
08:00:43,91282CKU4,TSRYS5814781,D,S,T,2024-05-30,1000000.00,4.61445,100.0625
08:00:43,91282CKU4,TSRYS5814781,D,S,D,2024-05-30,1000000.00,4.61445,100.0625
08:00:43,91282CKU4,TSRYS5814781,D,S,T,2024-05-30,1000000.00,4.61445,100.0625
08:00:43,91282CKU4,TSRYS5814781,D,S,T,2024-05-30,1000000.00,4.61445,100.0625
08:00:43,91282CKU4,TSRYS5814781,D,S,T,2024-05-30,1000000.00,4.618405,100.0390625
08:00:43,91282CKU4,TSRYS5814781,D,S,T,2024-05-30,1000000.00,4.618405,100.0390625
08:00:43,91282CKU4,TSRYS5814781,D,S,T,2024-05-30,1000000.00,4.619065,100.03515625
08:00:43,91282CKU4,TSRYS5814781,D,S,T,2024-05-30,1000000.00,4.619065,100.03515625
08:00:43,91282CKU4,TSRYS5814781,D,S,T,2024-05-30,3000000.00,4.619065,100.03515625
08:00:43,91282CKU4,TSRYS5814781,D,S,T,2024-05-30,1000000.00,4.619065,100.03515625
08:00:43,91282CKU4,TSRYS5814781,D,S,T,2024-05-30,1000000.00,4.619065,100.03515625
08:00:43,91282CKU4,TSRYS5814781,D,S,T,2024-05-30,1000000.00,4.619065,100.03515625
08:00:43,91282CKU4,TSRYS5814781,D,S,T,2024-05-30,2000000.00,4.619065,100.03515625
08:00:43,91282CKU4,TSRYS5814781,D,S,T,2024-05-30,1000000.00,4.619065,100.03515625
08:00:43,91282CKU4,TSRYS5814781,D,S,T,2024-05-30,1000000.00,4.619065,100.03515625
08:00:43,91282CKU4,TSRYS5814781,D,S,T,2024-05-30,1000000.00,4.619065,100.03515625
08:00:43,91282CKU4,TSRYS5814781,D,S,T,2024-05-30,1000000.00,4.619065,100.03515625
08:00:43,91282CKU4,TSRYS5814781,D,S,D,2024-05-30,153000.00,4.617087,100.046875
08:00:43,91282CKU4,TSRYS5814781,D,S,T,2024-05-30,1000000.00,4.621702,100.01953125
08:00:43,91282CKU4,TSRYS5814781,D,S,T,2024-05-30,1000000.00,4.621702,100.01953125
08:00:43,91282CKU4,TSRYS5814781,D,S,T,2024-05-30,1000000.00,4.619065,100.03515625
08:00:43,91282CKU4,TSRYS5814781,D,S,T,2024-05-30,1000000.00,4.616428,100.05078125
08:00:43,91282CKU4,TSRYS5814781,D,S,T,2024-05-30,1000000.00,4.616428,100.05078125
08:00:43,91282CKU4,TSRYS5814781,D,S,T,2024-05-30,1000000.00,4.616428,100.05078125
08:00:43,91282CKU4,TSRYS5814781,D,S,T,2024-05-30,1000000.00,4.61445,100.0625
08:00:43,91282CKU4,TSRYS5814781,D,S,T,2024-05-30,1000000.00,4.616428,100.05078125
08:00:43,91282CKU4,TSRYS5814781,D,S,T,2024-05-30,1000000.00,4.61445,100.0625
08:00:43,91282CKU4,TSRYS5814781,D,S,T,2024-05-30,1000000.00,4.61445,100.0625
08:00:43,91282CKU4,TSRYS5814781,D,S,T,2024-05-30,1000000.00,4.61445,100.0625
08:00:43,91282CKU4,TSRYS5814781,D,S,T,2024-05-30,1000000.00,4.61445,100.0625
08:00:43,91282CKU4,TSRYS5814781,D,S,T,2024-05-30,1000000.00,4.61445,100.0625
08:00:43,91282CKU4,TSRYS5814781,D,S,T,2024-05-30,1000000.00,4.611814,100.078125
08:00:43,91282CKU4,TSRYS5814781,D,B,C,2024-05-30,1000000.00,4.611814,100.078125
08:00:43,91282CKU4,TSRYS5814781,D,S,T,2024-05-30,1000000.00,4.611814,100.078125
08:00:43,91282CKU4,TSRYS5814781,D,S,T,2024-05-30,1000000.00,4.611814,100.078125
08:00:43,91282CKU4,TSRYS5814781,D,S,T,2024-05-30,1000000.00,4.61445,100.0625
08:00:43,91282CKU4,TSRYS5814781,D,S,T,2024-05-30,1000000.00,4.611814,100.078125
08:00:43,91282CKU4,TSRYS5814781,D,S,T,2024-05-30,1000000.00,4.611814,100.078125
08:00:43,91282CKU4,TSRYS5814781,D,S,T,2024-05-30,1000000.00,4.611814,100.078125
08:00:43,91282CKU4,TSRYS5814781,D,S,T,2024-05-30,1000000.00,4.609508,100.091796875
08:00:43,91282CKU4,TSRYS5814781,D,S,T,2024-05-30,1000000.00,4.609178,100.09375
08:00:43,91282CKU4,TSRYS5814781,D,S,T,2024-05-30,1000000.00,4.609837,100.08984375
08:00:43,91282CKU4,TSRYS5814781,D,B,C,2024-05-30,1000000.00,4.61009,100.08834375
08:00:43,91282CKU4,TSRYS5814781,D,S,T,2024-05-30,1000000.00,4.609178,100.09375
08:00:43,91282CKU4,TSRYS5814781,D,S,T,2024-05-30,1000000.00,4.609178,100.09375
08:00:44,91282CKU4,TSRYS5814781,D,S,T,2024-05-30,1000000.00,4.607202,100.10546875
08:00:44,91282CKU4,TSRYS5814781,D,S,T,2024-05-30,2000000.00,4.607202,100.10546875
08:00:44,91282CKU4,TSRYS5814781,D,S,T,2024-05-30,1000000.00,4.607202,100.10546875
08:00:44,91282CKU4,TSRYS5814781,D,S,T,2024-05-30,1000000.00,4.607202,100.10546875
08:00:44,91282CKU4,TSRYS5814781,D,S,T,2024-05-30,1000000.00,4.607202,100.10546875
08:00:44,91282CKU4,TSRYS5814781,D,S,T,2024-05-30,1000000.00,4.607202,100.10546875
08:00:44,91282CKU4,TSRYS5814781,D,S,T,2024-05-30,1000000.00,4.607202,100.10546875
08:00:44,91282CKU4,TSRYS5814781,D,S,T,2024-05-30,1000000.00,4.603908,100.125
08:00:44,91282CKU4,TSRYS5814781,D,S,T,2024-05-30,1000000.00,4.612143,100.076171875
08:00:44,91282CKU4,TSRYS5814781,D,S,T,2024-05-30,1000000.00,4.612143,100.076171875
08:00:44,91282CKU4,TSRYS5814781,D,S,T,2024-05-30,1000000.00,4.612143,100.076171875
08:00:44,91282CKU4,TSRYS5814781,D,S,T,2024-05-30,1000000.00,4.612143,100.076171875
08:00:44,91282CKU4,TSRYS5814781,D,S,T,2024-05-30,1000000.00,4.612143,100.076171875
08:00:44,91282CKU4,TSRYS5814781,D,S,T,2024-05-30,1000000.00,4.612143,100.076171875
08:00:44,91282CKU4,TSRYS5814781,D,S,T,2024-05-30,1000000.00,4.612143,100.076171875
08:00:44,91282CKU4,TSRYS5814781,D,S,T,2024-05-30,1000000.00,4.612143,100.076171875
08:00:44,91282CKU4,TSRYS5814781,D,S,T,2024-05-30,1000000.00,4.612143,100.076171875
08:00:44,91282CKU4,TSRYS5814781,D,S,T,2024-05-30,1000000.00,4.612143,100.076171875
08:00:44,91282CKU4,TSRYS5814781,D,S,T,2024-05-30,1000000.00,4.612143,100.076171875
08:00:44,91282CKU4,TSRYS5814781,D,S,T,2024-05-30,1000000.00,4.612143,100.076171875
08:00:44,91282CKU4,TSRYS5814781,D,S,T,2024-05-30,1000000.00,4.611155,100.08203125
08:00:44,91282CKU4,TSRYS5814781,D,S,T,2024-05-30,1000000.00,4.611814,100.078125
08:00:44,91282CKU4,TSRYS5814781,D,S,T,2024-05-30,1000000.00,4.611814,100.078125
08:00:44,91282CKU4,TSRYS5814781,D,S,T,2024-05-30,1000000.00,4.611155,100.08203125
08:00:44,91282CKU4,TSRYS5814781,D,S,D,2024-05-30,1000000.00,4.611814,100.078125
08:00:44,91282CKU4,TSRYS5814781,D,S,T,2024-05-30,1000000.00,4.611814,100.078125
08:00:44,91282CKU4,TSRYS5814781,D,S,T,2024-05-30,2000000.00,4.611814,100.078125
08:00:44,91282CKU4,TSRYS5814781,D,S,T,2024-05-30,1000000.00,4.611814,100.078125
08:00:44,91282CKU4,TSRYS5814781,D,S,T,2024-05-30,1000000.00,4.611814,100.078125
08:00:44,91282CKU4,TSRYS5814781,D,S,C,2024-05-30,150MM+,4.625,100.0
08:00:44,91282CKU4,TSRYS5814781,D,S,T,2024-05-30,1000000.00,4.609178,100.09375
08:00:44,91282CKU4,TSRYS5814781,D,S,T,2024-05-30,1000000.00,4.609178,100.09375
08:00:44,91282CKU4,TSRYS5814781,D,S,T,2024-05-30,1000000.00,4.609178,100.09375
08:00:44,91282CKU4,TSRYS5814781,D,S,T,2024-05-30,1000000.00,4.611155,100.08203125
08:00:44,91282CKU4,TSRYS5814781,D,S,T,2024-05-30,2000000.00,4.611814,100.078125
08:00:44,91282CKU4,TSRYS5814781,D,B,C,2024-05-30,114000000.00,4.621572,100.0203059
08:00:44,91282CKU4,TSRYS5814781,D,S,A,2024-05-30,18500000.00,4.609178,100.09375
08:00:45,91282CKU4,TSRYS5814781,D,S,T,2024-05-30,1000000.00,4.609178,100.09375
08:00:45,91282CKU4,TSRYS5814781,D,S,D,2024-05-30,2000000.00,4.610167,100.087890625
08:00:45,91282CKU4,TSRYS5814781,D,S,D,2024-05-30,4000000.00,4.610496,100.0859375
08:00:45,91282CKU4,TSRYS5814781,D,S,T,2024-05-30,1000000.00,4.609178,100.09375
08:00:45,91282CKU4,TSRYS5814781,D,S,T,2024-05-30,1000000.00,4.609178,100.09375
08:00:45,91282CKU4,TSRYS5814781,D,S,T,2024-05-30,1000000.00,4.609178,100.09375
08:00:45,91282CKU4,TSRYS5814781,D,S,D,2024-05-30,1000000.00,4.609837,100.08984375
08:00:45,91282CKU4,TSRYS5814781,D,S,D,2024-05-30,1000000.00,4.61445,100.0625
08:00:45,91282CKU4,TSRYS5814781,D,S,D,2024-05-30,1000000.00,4.609837,100.08984375
08:00:45,91282CKU4,TSRYS5814781,D,S,D,2024-05-30,1000000.00,4.610167,100.087890625
08:00:45,91282CKU4,TSRYS5814781,D,S,D,2024-05-30,1000000.00,4.609837,100.08984375
08:00:45,91282CKU4,TSRYS5814781,D,S,D,2024-05-30,1000000.00,4.610167,100.087890625
08:00:45,91282CKU4,TSRYS5814781,D,S,D,2024-05-30,1000000.00,4.609837,100.08984375
08:00:45,91282CKU4,TSRYS5814781,D,S,D,2024-05-30,1000000.00,4.609837,100.08984375
08:00:45,91282CKU4,TSRYS5814781,D,S,D,2024-05-30,1000000.00,4.609837,100.08984375
08:00:45,91282CKU4,TSRYS5814781,D,S,D,2024-05-30,1000000.00,4.609837,100.08984375
08:00:45,91282CKU4,TSRYS5814781,D,S,D,2024-05-30,1000000.00,4.609837,100.08984375
08:00:45,91282CKU4,TSRYS5814781,D,S,T,2024-05-30,1000000.00,4.609178,100.09375
08:00:45,91282CKU4,TSRYS5814781,D,S,D,2024-05-30,1000000.00,4.609178,100.09375
08:00:45,91282CKU4,TSRYS5814781,D,S,T,2024-05-30,2000000.00,4.611814,100.078125
08:00:45,91282CKU4,TSRYS5814781,D,S,D,2024-05-30,1000000.00,4.610392,100.0865539643
08:00:45,91282CKU4,TSRYS5814781,D,S,D,2024-05-30,1000000.00,4.610392,100.0865539643
08:00:45,91282CKU4,TSRYS5814781,D,S,T,2024-05-30,2000000.00,4.611814,100.078125
08:00:45,91282CKU4,TSRYS5814781,D,S,D,2024-05-30,1000000.00,4.610392,100.0865539643
08:00:45,91282CKU4,TSRYS5814781,D,S,D,2024-05-30,1000000.00,4.610496,100.0859375
08:00:45,91282CKU4,TSRYS5814781,D,S,D,2024-05-30,1000000.00,4.610392,100.0865539643
08:00:45,91282CKU4,TSRYS5814781,D,S,D,2024-05-30,1000000.00,4.610392,100.0865539643
08:00:45,91282CKU4,TSRYS5814781,D,S,D,2024-05-30,1000000.00,4.610392,100.0865539643
08:00:45,91282CKU4,TSRYS5814781,D,S,D,2024-05-30,1000000.00,4.610392,100.0865539643
08:00:45,91282CKU4,TSRYS5814781,D,S,D,2024-05-30,1000000.00,4.611814,100.078125
08:00:45,91282CKU4,TSRYS5814781,D,S,D,2024-05-30,1000000.00,4.611814,100.078125
08:00:45,91282CKU4,TSRYS5814781,D,S,D,2024-05-30,1000000.00,4.611814,100.078125
08:00:45,91282CKU4,TSRYS5814781,D,S,D,2024-05-30,1000000.00,4.611814,100.078125
08:00:45,91282CKU4,TSRYS5814781,D,S,D,2024-05-30,1000000.00,4.612165,100.0760444329
08:00:45,91282CKU4,TSRYS5814781,D,S,D,2024-05-30,1000000.00,4.612165,100.0760444329
08:00:45,91282CKU4,TSRYS5814781,D,S,D,2024-05-30,2000000.00,4.612165,100.0760444329
08:00:45,91282CKU4,TSRYS5814781,D,S,D,2024-05-30,1000000.00,4.612165,100.0760444329
08:00:45,91282CKU4,TSRYS5814781,D,S,D,2024-05-30,2000000.00,4.612165,100.0760444329
08:00:45,91282CKU4,TSRYS5814781,D,S,D,2024-05-30,1000000.00,4.612165,100.0760444329
08:00:45,91282CKU4,TSRYS5814781,D,S,D,2024-05-30,1000000.00,4.612165,100.0760444329
08:00:45,91282CKU4,TSRYS5814781,D,S,D,2024-05-30,1000000.00,4.610392,100.0865539643
08:00:45,91282CKU4,TSRYS5814781,D,S,D,2024-05-30,1000000.00,4.610392,100.0865539643
08:00:45,91282CKU4,TSRYS5814781,D,S,D,2024-05-30,1000000.00,4.610825,100.083984375
08:00:45,91282CKU4,TSRYS5814781,D,S,D,2024-05-30,1000000.00,4.610392,100.0865539643
08:00:45,91282CKU4,TSRYS5814781,D,S,D,2024-05-30,1000000.00,4.610825,100.083984375
08:00:45,91282CKU4,TSRYS5814781,D,S,D,2024-05-30,1000000.00,4.611279,100.0812962348
08:00:45,91282CKU4,TSRYS5814781,D,S,D,2024-05-30,1000000.00,4.610518,100.0858070941
08:00:45,91282CKU4,TSRYS5814781,D,S,D,2024-05-30,1000000.00,4.610518,100.0858070941
08:00:45,91282CKU4,TSRYS5814781,D,S,D,2024-05-30,2000000.00,4.610518,100.0858070941
08:00:45,91282CKU4,TSRYS5814781,D,S,D,2024-05-30,1000000.00,4.610518,100.0858070941
08:00:45,91282CKU4,TSRYS5814781,D,S,T,2024-05-30,1000000.00,4.611814,100.078125
08:00:45,91282CKU4,TSRYS5814781,D,S,T,2024-05-30,2000000.00,4.611814,100.078125
08:00:45,91282CKU4,TSRYS5814781,D,S,T,2024-05-30,1000000.00,4.611814,100.078125
08:00:45,91282CKU4,TSRYS5814781,D,S,T,2024-05-30,1000000.00,4.611814,100.078125
08:00:45,91282CKU4,TSRYS5814781,D,S,T,2024-05-30,1000000.00,4.611814,100.078125
08:00:45,91282CKU4,TSRYS5814781,D,S,T,2024-05-30,1000000.00,4.611814,100.078125
08:00:45,91282CKU4,TSRYS5814781,D,S,T,2024-05-30,1000000.00,4.611814,100.078125
08:00:45,91282CKU4,TSRYS5814781,D,S,T,2024-05-30,1000000.00,4.611814,100.078125
08:00:45,91282CKU4,TSRYS5814781,D,S,T,2024-05-30,1000000.00,4.611814,100.078125
08:00:45,91282CKU4,TSRYS5814781,D,S,T,2024-05-30,1000000.00,4.611814,100.078125
08:00:45,91282CKU4,TSRYS5814781,D,S,T,2024-05-30,1000000.00,4.611814,100.078125
08:00:45,91282CKU4,TSRYS5814781,D,S,T,2024-05-30,1000000.00,4.611814,100.078125
08:00:45,91282CKU4,TSRYS5814781,D,S,T,2024-05-30,3000000.00,4.611155,100.08203125
08:00:45,91282CKU4,TSRYS5814781,D,S,T,2024-05-30,1000000.00,4.611814,100.078125
08:00:45,91282CKU4,TSRYS5814781,D,S,D,2024-05-30,1000000.00,4.610518,100.0858070941
08:00:45,91282CKU4,TSRYS5814781,D,S,D,2024-05-30,1000000.00,4.610518,100.0858070941
08:00:45,91282CKU4,TSRYS5814781,D,S,D,2024-05-30,1000000.00,4.610518,100.0858070941
08:00:45,91282CKU4,TSRYS5814781,D,S,D,2024-05-30,1000000.00,4.611814,100.078125
08:00:45,91282CKU4,TSRYS5814781,D,S,D,2024-05-30,3000000.00,4.611814,100.078125
08:00:45,91282CKU4,TSRYS5814781,D,S,D,2024-05-30,1000000.00,4.611814,100.078125
08:00:45,91282CKU4,TSRYS5814781,D,S,D,2024-05-30,1000000.00,4.611814,100.078125
08:00:45,91282CKU4,TSRYS5814781,D,S,D,2024-05-30,1000000.00,4.611814,100.078125
08:00:45,91282CKU4,TSRYS5814781,D,S,D,2024-05-30,1000000.00,4.611814,100.078125
08:00:45,91282CKU4,TSRYS5814781,D,S,D,2024-05-30,1000000.00,4.611814,100.078125
08:00:45,91282CKU4,TSRYS5814781,D,S,D,2024-05-30,1000000.00,4.611814,100.078125
08:00:45,91282CKU4,TSRYS5814781,D,S,D,2024-05-30,1000000.00,4.611814,100.078125
08:00:45,91282CKU4,TSRYS5814781,D,S,T,2024-05-30,1000000.00,4.606543,100.109375
08:00:45,91282CKU4,TSRYS5814781,D,S,T,2024-05-30,1000000.00,4.606543,100.109375
08:00:45,91282CKU4,TSRYS5814781,D,B,C,2024-05-30,150MM+,4.625,100.0
08:00:45,91282CKU4,TSRYS5814781,D,S,D,2024-05-30,7424000.00,4.609837,100.08984375
08:00:46,91282CKU4,TSRYS5814781,D,S,T,2024-05-30,1000000.00,4.609178,100.09375
08:00:46,91282CKU4,TSRYS5814781,D,S,D,2024-05-30,1000000.00,4.61445,100.0625
08:00:46,91282CKU4,TSRYS5814781,D,S,T,2024-05-30,1000000.00,4.610825,100.083984375
08:00:46,91282CKU4,TSRYS5814781,D,S,D,2024-05-30,1000000.00,4.612143,100.076171875
08:00:47,91282CKU4,TSRYS5814781,D,S,D,2024-05-30,2000000.00,4.609508,100.091796875
08:00:47,91282CKU4,TSRYS5814781,D,S,D,2024-05-30,2000000.00,4.609508,100.091796875
08:00:47,91282CKU4,TSRYS5814781,D,S,D,2024-05-30,2000000.00,4.609508,100.091796875
08:00:47,91282CKU4,TSRYS5814781,D,S,D,2024-05-30,2000000.00,4.611814,100.078125
08:00:47,91282CKU4,TSRYS5814781,D,S,D,2024-05-30,3000000.00,4.611814,100.078125
08:00:48,91282CKU4,TSRYS5814781,D,S,T,2024-05-30,60300000.00,4.625,100.0
08:00:50,91282CKU4,TSRYS5814781,D,S,D,2024-05-30,1000000.00,4.635888,99.935546875
08:00:50,91282CKU4,TSRYS5814781,D,S,T,2024-05-30,1000000.00,4.635888,99.935546875
08:00:52,91282CKU4,TSRYS5814781,D,S,D,2024-05-30,4000000.00,4.609837,100.08984375
08:00:53,91282CKU4,TSRYS5814781,D,S,D,2024-05-30,1000000.00,4.610496,100.0859375
08:00:53,91282CKU4,TSRYS5814781,D,S,T,2024-05-30,1000000.00,4.605225,100.1171875
08:00:53,91282CKU4,TSRYS5814781,D,S,D,2024-05-30,3000000.00,4.604567,100.12109375
08:00:54,91282CKU4,TSRYS5814781,D,S,T,2024-05-30,1000000.00,4.609178,100.09375
08:00:54,91282CKU4,TSRYS5814781,D,S,D,2024-05-30,960000.00,4.606543,100.109375
08:00:56,91282CKU4,TSRYS5814781,D,S,D,2024-05-30,1000000.00,4.611155,100.08203125
08:00:56,91282CKU4,TSRYS5814781,D,S,T,2024-05-30,1000000.00,4.612143,100.076171875
08:00:56,91282CKU4,TSRYS5814781,D,B,A,2024-05-30,10000000.00,4.609837,100.08984375
08:00:56,91282CKU4,TSRYS5814781,D,S,T,2024-05-30,1000000.00,4.609508,100.091796875
08:00:56,91282CKU4,TSRYS5814781,D,S,D,2024-05-30,1000000.00,4.609508,100.091796875
08:00:56,91282CKU4,TSRYS5814781,D,S,D,2024-05-30,1000000.00,4.609178,100.09375
08:00:56,91282CKU4,TSRYS5814781,D,S,T,2024-05-30,1000000.00,4.609508,100.091796875
08:00:57,91282CKU4,TSRYS5814781,D,S,D,2024-05-30,1000000.00,4.605555,100.115234375
08:00:57,91282CKU4,TSRYS5814781,D,S,D,2024-05-30,1000000.00,4.606214,100.111328125
08:00:57,91282CKU4,TSRYS5814781,D,S,D,2024-05-30,1000000.00,4.606214,100.111328125
08:00:57,91282CKU4,TSRYS5814781,D,S,T,2024-05-30,9550000.00,4.625,100.0
08:00:57,91282CKU4,TSRYS5814781,D,S,D,2024-05-30,1000000.00,4.611814,100.078125
08:00:57,91282CKU4,TSRYS5814781,D,S,D,2024-05-30,1000000.00,4.611814,100.078125
08:01:00,91282CKU4,TSRYS5814781,D,S,T,2024-05-30,1000000.00,4.606543,100.109375
08:01:01,91282CKU4,TSRYS5814781,D,S,T,2024-05-30,1000000.00,4.606543,100.109375
08:01:01,91282CKU4,TSRYS5814781,D,S,T,2024-05-30,1000000.00,4.606543,100.109375
08:01:01,91282CKU4,TSRYS5814781,D,S,T,2024-05-30,1000000.00,4.606543,100.109375
08:01:01,91282CKU4,TSRYS5814781,D,S,T,2024-05-30,1000000.00,4.606543,100.109375
08:01:03,91282CKU4,TSRYS5814781,D,S,T,2024-05-30,1000000.00,4.606565,100.109245
08:01:03,91282CKU4,TSRYS5814781,D,S,T,2024-05-30,1000000.00,4.606565,100.109245
08:01:04,91282CKU4,TSRYS5814781,D,S,T,2024-05-30,1000000.00,4.606565,100.109245
08:01:04,91282CKU4,TSRYS5814781,D,S,D,2024-05-30,1000000.00,4.610496,100.0859375
08:01:04,91282CKU4,TSRYS5814781,D,S,T,2024-05-30,1000000.00,4.606565,100.109245
08:01:05,91282CKU4,TSRYS5814781,D,B,A,2024-05-30,10640000.00,4.605952,100.11288125
08:01:05,91282CKU4,TSRYS5814781,D,S,T,2024-05-30,1000000.00,4.606565,100.109245
08:01:05,91282CKU4,TSRYS5814781,D,S,T,2024-05-30,1000000.00,4.606565,100.109245
08:01:05,91282CKU4,TSRYS5814781,D,S,T,2024-05-30,1000000.00,4.606565,100.109245
08:01:05,91282CKU4,TSRYS5814781,D,S,D,2024-05-30,1000000.00,4.612143,100.076171875
08:01:05,91282CKU4,TSRYS5814781,D,S,D,2024-05-30,1000000.00,4.612143,100.076171875
08:01:06,91282CKU4,TSRYS5814781,D,S,T,2024-05-30,1000000.00,4.6092,100.09362
08:01:06,91282CKU4,TSRYS5814781,D,S,T,2024-05-30,1000000.00,4.6092,100.09362
08:01:06,91282CKU4,TSRYS5814781,D,S,D,2024-05-30,1000000.00,4.611814,100.078125
08:01:06,91282CKU4,TSRYS5814781,D,S,D,2024-05-30,1000000.00,4.611814,100.078125
08:01:06,91282CKU4,TSRYS5814781,D,S,D,2024-05-30,2000000.00,4.610496,100.0859375
08:01:06,91282CKU4,TSRYS5814781,D,S,T,2024-05-30,1000000.00,4.6092,100.09362
08:01:06,91282CKU4,TSRYS5814781,D,S,D,2024-05-30,1000000.00,4.610825,100.083984375
08:01:06,91282CKU4,TSRYS5814781,D,S,D,2024-05-30,1000000.00,4.611155,100.08203125
08:01:06,91282CKU4,TSRYS5814781,D,S,D,2024-05-30,2000000.00,4.611814,100.078125
08:01:06,91282CKU4,TSRYS5814781,D,S,D,2024-05-30,1000000.00,4.611814,100.078125
08:01:06,91282CKU4,TSRYS5814781,D,S,T,2024-05-30,1000000.00,4.611836,100.077995
08:01:07,91282CKU4,TSRYS5814781,D,S,D,2024-05-30,3000000.00,4.611814,100.078125
08:01:07,91282CKU4,TSRYS5814781,D,S,D,2024-05-30,1000000.00,4.609178,100.09375
08:01:07,91282CKU4,TSRYS5814781,D,S,D,2024-05-30,1000000.00,4.609508,100.091796875
08:01:07,91282CKU4,TSRYS5814781,D,S,D,2024-05-30,1000000.00,4.609837,100.08984375
08:01:08,91282CKU4,TSRYS5814781,D,S,T,2024-05-30,2000000.00,4.614471,100.062375
08:01:08,91282CKU4,TSRYS5814781,D,S,T,2024-05-30,2000000.00,4.614471,100.062375
08:01:09,91282CKU4,TSRYS5814781,D,S,D,2024-05-30,2000000.00,4.609837,100.08984375
08:01:09,91282CKU4,TSRYS5814781,D,S,T,2024-05-30,1000000.00,4.614471,100.062375
08:01:09,91282CKU4,TSRYS5814781,D,S,D,2024-05-30,1000000.00,4.610825,100.083984375
08:01:09,91282CKU4,TSRYS5814781,D,S,D,2024-05-30,1000000.00,4.611814,100.078125
08:01:09,91282CKU4,TSRYS5814781,D,S,D,2024-05-30,1000000.00,4.610496,100.0859375
08:01:09,91282CKU4,TSRYS5814781,D,S,D,2024-05-30,1000000.00,4.610167,100.087890625
08:01:09,91282CKU4,TSRYS5814781,D,S,D,2024-05-30,1000000.00,4.611814,100.078125
08:01:09,91282CKU4,TSRYS5814781,D,S,D,2024-05-30,1000000.00,4.611814,100.078125
08:01:09,91282CKU4,TSRYS5814781,D,S,D,2024-05-30,2000000.00,4.611155,100.08203125
08:01:09,91282CKU4,TSRYS5814781,D,S,T,2024-05-30,1000000.00,4.606565,100.109245
08:01:09,91282CKU4,TSRYS5814781,D,S,T,2024-05-30,1000000.00,4.606565,100.109245
08:01:09,91282CKU4,TSRYS5814781,D,S,D,2024-05-30,3000000.00,4.607202,100.10546875
08:01:09,91282CKU4,TSRYS5814781,D,S,T,2024-05-30,2000000.00,4.607202,100.10546875
08:01:10,91282CKU4,TSRYS5814781,D,S,T,2024-05-30,1000000.00,4.606565,100.109245
08:01:10,91282CKU4,TSRYS5814781,D,S,D,2024-05-30,2000000.00,4.609837,100.08984375
08:01:10,91282CKU4,TSRYS5814781,D,S,D,2024-05-30,1000000.00,4.610825,100.083984375
08:01:10,91282CKU4,TSRYS5814781,D,S,D,2024-05-30,1000000.00,4.610825,100.083984375
08:01:10,91282CKU4,TSRYS5814781,D,S,D,2024-05-30,4000000.00,4.610825,100.083984375
08:01:10,91282CKU4,TSRYS5814781,D,S,D,2024-05-30,8000000.00,4.611814,100.078125
08:01:10,91282CKU4,TSRYS5814781,D,S,D,2024-05-30,3000000.00,4.611814,100.078125
08:01:10,91282CKU4,TSRYS5814781,D,S,D,2024-05-30,3000000.00,4.611814,100.078125
08:01:10,91282CKU4,TSRYS5814781,D,S,D,2024-05-30,1000000.00,4.610496,100.0859375
08:01:10,91282CKU4,TSRYS5814781,D,S,D,2024-05-30,1000000.00,4.610496,100.0859375
08:01:10,91282CKU4,TSRYS5814781,D,S,D,2024-05-30,1000000.00,4.610496,100.0859375
08:01:10,91282CKU4,TSRYS5814781,D,S,D,2024-05-30,1000000.00,4.610167,100.087890625
08:01:10,91282CKU4,TSRYS5814781,D,S,D,2024-05-30,2000000.00,4.611155,100.08203125
08:01:11,91282CKU4,TSRYS5814781,D,S,T,2024-05-30,2000000.00,4.610842,100.083884375
08:01:11,91282CKU4,TSRYS5814781,D,S,T,2024-05-30,1000000.00,4.610842,100.083884375
08:01:11,91282CKU4,TSRYS5814781,D,S,T,2024-05-30,1000000.00,4.609854,100.08974375
08:01:11,91282CKU4,TSRYS5814781,D,S,T,2024-05-30,1000000.00,4.610842,100.083884375
08:01:11,91282CKU4,TSRYS5814781,D,S,T,2024-05-30,1000000.00,4.610842,100.083884375
08:01:11,91282CKU4,TSRYS5814781,D,S,T,2024-05-30,1000000.00,4.610842,100.083884375
08:01:11,91282CKU4,TSRYS5814781,D,S,T,2024-05-30,1000000.00,4.640179,99.91015625
08:01:11,91282CKU4,TSRYS5814781,D,S,T,2024-05-30,1000000.00,4.610842,100.083884375
08:01:11,91282CKU4,TSRYS5814781,D,S,T,2024-05-30,2000000.00,4.610842,100.083884375
08:01:11,91282CKU4,TSRYS5814781,D,S,T,2024-05-30,1000000.00,4.610842,100.083884375
08:01:11,91282CKU4,TSRYS5814781,D,S,T,2024-05-30,3000000.00,4.611831,100.078025
08:01:11,91282CKU4,TSRYS5814781,D,S,T,2024-05-30,1000000.00,4.611831,100.078025
08:01:11,91282CKU4,TSRYS5814781,D,S,T,2024-05-30,1000000.00,4.611831,100.078025
08:01:11,91282CKU4,TSRYS5814781,D,S,T,2024-05-30,1000000.00,4.611831,100.078025
08:01:11,91282CKU4,TSRYS5814781,D,S,T,2024-05-30,1000000.00,4.611831,100.078025
08:01:11,91282CKU4,TSRYS5814781,D,S,T,2024-05-30,1000000.00,4.611831,100.078025
08:01:11,91282CKU4,TSRYS5814781,D,S,T,2024-05-30,1000000.00,4.619754,100.031075
08:01:11,91282CKU4,TSRYS5814781,D,S,T,2024-05-30,3000000.00,4.619762,100.031025
08:01:11,91282CKU4,TSRYS5814781,D,S,T,2024-05-30,1000000.00,4.619762,100.031025
08:01:11,91282CKU4,TSRYS5814781,D,S,T,2024-05-30,1000000.00,4.606565,100.109245
08:01:11,91282CKU4,TSRYS5814781,D,S,T,2024-05-30,1000000.00,4.606565,100.109245
08:01:11,91282CKU4,TSRYS5814781,D,S,T,2024-05-30,1000000.00,4.611852,100.0779
08:01:11,91282CKU4,TSRYS5814781,D,S,T,2024-05-30,1000000.00,4.611852,100.0779
08:01:11,91282CKU4,TSRYS5814781,D,S,T,2024-05-30,1000000.00,4.611852,100.0779
08:01:11,91282CKU4,TSRYS5814781,D,B,C,2024-05-30,5000000.00,4.617351,100.0453125
08:01:12,91282CKU4,TSRYS5814781,D,S,T,2024-05-30,2000000.00,4.603929,100.124875
