tradeTime,cusip,issueSymbolIdentifier,priceType,reportingSideCode,contraPartyTypeCode,tradeDate,reportedTradeVolume,lastSaleYield,lastSalePrice
08:00:03,91282CLJ8,TSRYS5875649,D,S,T,2024-09-06,1000000.00,3.627521,100.748046875
08:00:03,91282CLJ8,TSRYS5875649,D,S,D,2024-09-06,1000000.00,3.621798,100.783203125
08:00:03,91282CLJ8,TSRYS5875649,D,S,D,2024-09-06,2000000.00,3.622115,100.78125
08:00:03,91282CLJ8,TSRYS5875649,D,S,D,2024-09-06,2000000.00,3.621798,100.783203125
08:00:03,91282CLJ8,TSRYS5875649,D,S,D,2024-09-06,1000000.00,3.61989,100.794921875
08:00:03,91282CLJ8,TSRYS5875649,D,S,D,2024-09-06,1000000.00,3.620208,100.79296875
08:00:03,91282CLJ8,TSRYS5875649,D,S,D,2024-09-06,1000000.00,3.620208,100.79296875
08:00:03,91282CLJ8,TSRYS5875649,D,S,D,2024-09-06,1000000.00,3.624023,100.76953125
08:00:03,91282CLJ8,TSRYS5875649,D,S,D,2024-09-06,1000000.00,3.624977,100.763671875
08:00:03,91282CLJ8,TSRYS5875649,D,S,D,2024-09-06,2000000.00,3.627521,100.748046875
08:00:03,91282CLJ8,TSRYS5875649,D,S,D,2024-09-06,1000000.00,3.624977,100.763671875
08:00:03,91282CLJ8,TSRYS5875649,D,S,D,2024-09-06,1000000.00,3.624977,100.763671875
08:00:03,91282CLJ8,TSRYS5875649,D,S,D,2024-09-06,1000000.00,3.624659,100.765625
08:00:03,91282CLJ8,TSRYS5875649,D,S,D,2024-09-06,2000000.00,3.61258,100.83984375
08:00:03,91282CLJ8,TSRYS5875649,D,S,D,2024-09-06,1000000.00,3.60591,100.880859375
08:00:03,91282CLJ8,TSRYS5875649,D,S,D,2024-09-06,1000000.00,3.608133,100.8671875
08:00:03,91282CLJ8,TSRYS5875649,D,S,D,2024-09-06,1000000.00,3.607815,100.869140625
08:00:03,91282CLJ8,TSRYS5875649,D,S,T,2024-09-06,2000000.00,3.596068,100.94140625
08:00:03,91282CLJ8,TSRYS5875649,D,S,D,2024-09-06,1000000.00,3.596703,100.9375
08:00:03,91282CLJ8,TSRYS5875649,D,S,D,2024-09-06,2000000.00,3.591626,100.96875
08:00:03,91282CLJ8,TSRYS5875649,D,S,D,2024-09-06,1000000.00,3.589722,100.98046875
08:00:03,91282CLJ8,TSRYS5875649,D,S,D,2024-09-06,1000000.00,3.590991,100.97265625
08:00:03,91282CLJ8,TSRYS5875649,D,S,D,2024-09-06,1000000.00,3.590991,100.97265625
08:00:03,91282CLJ8,TSRYS5875649,D,S,D,2024-09-06,1000000.00,3.601782,100.90625
08:00:03,91282CLJ8,TSRYS5875649,D,S,D,2024-09-06,1000000.00,3.601782,100.90625
08:00:03,91282CLJ8,TSRYS5875649,D,S,D,2024-09-06,1000000.00,3.601782,100.90625
08:00:03,91282CLJ8,TSRYS5875649,D,S,D,2024-09-06,1000000.00,3.601782,100.90625
08:00:03,91282CLJ8,TSRYS5875649,D,S,D,2024-09-06,1000000.00,3.601782,100.90625
08:00:03,91282CLJ8,TSRYS5875649,D,S,D,2024-09-06,1000000.00,3.603687,100.89453125
08:00:03,91282CLJ8,TSRYS5875649,D,S,D,2024-09-06,1000000.00,3.596068,100.94140625
08:00:03,91282CLJ8,TSRYS5875649,D,S,T,2024-09-06,2000000.00,3.593847,100.955078125
08:00:03,91282CLJ8,TSRYS5875649,D,S,D,2024-09-06,2000000.00,3.596068,100.94140625
08:00:03,91282CLJ8,TSRYS5875649,D,S,D,2024-09-06,1000000.00,3.59226,100.96484375
08:00:03,91282CLJ8,TSRYS5875649,D,S,T,2024-09-06,1000000.00,3.603052,100.8984375
08:00:03,91282CLJ8,TSRYS5875649,D,S,T,2024-09-06,1000000.00,3.603052,100.8984375
08:00:03,91282CLJ8,TSRYS5875649,D,S,D,2024-09-06,2000000.00,3.604957,100.88671875
08:00:03,91282CLJ8,TSRYS5875649,D,S,D,2024-09-06,1000000.00,3.604957,100.88671875
08:00:03,91282CLJ8,TSRYS5875649,D,S,D,2024-09-06,2000000.00,3.604957,100.88671875
08:00:03,91282CLJ8,TSRYS5875649,D,S,D,2024-09-06,1000000.00,3.604957,100.88671875
08:00:03,91282CLJ8,TSRYS5875649,D,S,T,2024-09-06,2000000.00,3.604957,100.88671875
08:00:03,91282CLJ8,TSRYS5875649,D,S,D,2024-09-06,2000000.00,3.604957,100.88671875
08:00:03,91282CLJ8,TSRYS5875649,D,S,D,2024-09-06,2000000.00,3.604957,100.88671875
08:00:03,91282CLJ8,TSRYS5875649,D,S,D,2024-09-06,1000000.00,3.604957,100.88671875
08:00:03,91282CLJ8,TSRYS5875649,D,S,T,2024-09-06,1000000.00,3.605592,100.8828125
08:00:04,91282CLJ8,TSRYS5875649,D,S,D,2024-09-06,2000000.00,3.602734,100.900390625
08:00:09,91282CLJ8,TSRYS5875649,D,S,T,2024-09-06,1000000.00,3.595434,100.9453125
08:00:15,91282CLJ8,TSRYS5875649,D,S,T,2024-09-06,1000000.00,3.623705,100.771484375
08:00:15,91282CLJ8,TSRYS5875649,D,S,T,2024-09-06,1000000.00,3.625931,100.7578125
08:00:15,91282CLJ8,TSRYS5875649,D,S,T,2024-09-06,1000000.00,3.597973,100.9296875
08:00:15,91282CLJ8,TSRYS5875649,D,S,T,2024-09-06,2000000.00,3.592895,100.9609375
08:00:15,91282CLJ8,TSRYS5875649,D,S,D,2024-09-06,1000000.00,3.622115,100.78125
08:00:15,91282CLJ8,TSRYS5875649,D,S,T,2024-09-06,1000000.00,3.591626,100.96875
08:00:15,91282CLJ8,TSRYS5875649,D,S,T,2024-09-06,1000000.00,3.591626,100.96875
08:00:15,91282CLJ8,TSRYS5875649,D,S,T,2024-09-06,1000000.00,3.596068,100.94140625
08:00:15,91282CLJ8,TSRYS5875649,D,S,D,2024-09-06,1000000.00,3.596068,100.94140625
08:00:15,91282CLJ8,TSRYS5875649,D,S,D,2024-09-06,1000000.00,3.596068,100.94140625
08:00:15,91282CLJ8,TSRYS5875649,D,S,T,2024-09-06,1000000.00,3.596068,100.94140625
08:00:15,91282CLJ8,TSRYS5875649,D,S,T,2024-09-06,1000000.00,3.595434,100.9453125
08:00:15,91282CLJ8,TSRYS5875649,D,S,D,2024-09-06,1000000.00,3.596068,100.94140625
08:00:15,91282CLJ8,TSRYS5875649,D,S,T,2024-09-06,1000000.00,3.596068,100.94140625
08:00:15,91282CLJ8,TSRYS5875649,D,S,T,2024-09-06,1000000.00,3.603052,100.8984375
08:00:15,91282CLJ8,TSRYS5875649,D,S,T,2024-09-06,1000000.00,3.604957,100.88671875
08:00:15,91282CLJ8,TSRYS5875649,D,S,T,2024-09-06,1000000.00,3.603052,100.8984375
08:00:15,91282CLJ8,TSRYS5875649,D,S,D,2024-09-06,1000000.00,3.604639,100.888671875
08:00:15,91282CLJ8,TSRYS5875649,D,S,T,2024-09-06,1000000.00,3.60718,100.873046875
08:00:15,91282CLJ8,TSRYS5875649,D,S,T,2024-09-06,1000000.00,3.60718,100.873046875
08:00:15,91282CLJ8,TSRYS5875649,D,S,T,2024-09-06,1000000.00,3.60718,100.873046875
08:00:15,91282CLJ8,TSRYS5875649,D,S,T,2024-09-06,1000000.00,3.60718,100.873046875
08:00:15,91282CLJ8,TSRYS5875649,D,S,T,2024-09-06,1000000.00,3.60718,100.873046875
08:00:15,91282CLJ8,TSRYS5875649,D,S,T,2024-09-06,1000000.00,3.60718,100.873046875
08:00:15,91282CLJ8,TSRYS5875649,D,S,T,2024-09-06,1000000.00,3.60718,100.873046875
08:00:15,91282CLJ8,TSRYS5875649,D,S,T,2024-09-06,1000000.00,3.60718,100.873046875
08:00:15,91282CLJ8,TSRYS5875649,D,S,T,2024-09-06,1000000.00,3.60718,100.873046875
08:00:15,91282CLJ8,TSRYS5875649,D,S,T,2024-09-06,1000000.00,3.603052,100.8984375
08:00:18,91282CLJ8,TSRYS5875649,D,S,D,2024-09-06,1000000.00,3.596703,100.9375
08:00:18,91282CLJ8,TSRYS5875649,D,S,D,2024-09-06,1000000.00,3.59226,100.96484375
08:00:18,91282CLJ8,TSRYS5875649,D,S,D,2024-09-06,1000000.00,3.591626,100.96875
08:00:18,91282CLJ8,TSRYS5875649,D,S,D,2024-09-06,1000000.00,3.590674,100.974609375
08:00:18,91282CLJ8,TSRYS5875649,D,S,D,2024-09-06,1000000.00,3.590674,100.974609375
08:00:18,91282CLJ8,TSRYS5875649,D,S,D,2024-09-06,2000000.00,3.590674,100.974609375
08:00:18,91282CLJ8,TSRYS5875649,D,S,D,2024-09-06,1000000.00,3.590674,100.974609375
08:00:19,91282CLJ8,TSRYS5875649,D,S,C,2024-09-06,10000000.00,3.625295,100.76171875
08:00:21,91282CLJ8,TSRYS5875649,D,S,D,2024-09-06,1000000.00,3.620844,100.7890625
08:00:21,91282CLJ8,TSRYS5875649,D,B,C,2024-09-06,1000000.00,3.622433,100.779296875
08:00:21,91282CLJ8,TSRYS5875649,D,S,D,2024-09-06,1000000.00,3.622433,100.779296875
08:00:22,91282CLJ8,TSRYS5875649,D,B,C,2024-09-06,1000000.00,3.617347,100.810546875
08:00:22,91282CLJ8,TSRYS5875649,D,S,D,2024-09-06,1000000.00,3.617347,100.810546875
08:00:22,91282CLJ8,TSRYS5875649,D,B,C,2024-09-06,1000000.00,3.617347,100.810546875
08:00:22,91282CLJ8,TSRYS5875649,D,B,C,2024-09-06,1000000.00,3.617347,100.810546875
08:00:22,91282CLJ8,TSRYS5875649,D,S,D,2024-09-06,1000000.00,3.617347,100.810546875
08:00:22,91282CLJ8,TSRYS5875649,D,S,D,2024-09-06,1000000.00,3.617347,100.810546875
08:00:24,91282CLJ8,TSRYS5875649,D,S,C,2024-09-06,200000.00,3.601717,100.90915
08:00:28,91282CLJ8,TSRYS5875649,D,B,C,2024-09-06,1000000.00,3.611945,100.84375
08:00:28,91282CLJ8,TSRYS5875649,D,S,D,2024-09-06,1000000.00,3.611945,100.84375
08:00:29,91282CLJ8,TSRYS5875649,D,S,T,2024-09-06,1000000.00,3.622115,100.78125
08:00:29,91282CLJ8,TSRYS5875649,D,S,T,2024-09-06,1000000.00,3.600512,100.9140625
08:00:29,91282CLJ8,TSRYS5875649,D,S,T,2024-09-06,1000000.00,3.600512,100.9140625
08:00:29,91282CLJ8,TSRYS5875649,D,S,T,2024-09-06,1000000.00,3.597973,100.9296875
08:00:29,91282CLJ8,TSRYS5875649,D,S,T,2024-09-06,1000000.00,3.597973,100.9296875
08:00:30,91282CLJ8,TSRYS5875649,D,S,D,2024-09-06,1000000.00,3.606862,100.875
08:00:30,91282CLJ8,TSRYS5875649,D,S,D,2024-09-06,1000000.00,3.594164,100.953125
08:00:30,91282CLJ8,TSRYS5875649,D,S,D,2024-09-06,1000000.00,3.595434,100.9453125
08:00:30,91282CLJ8,TSRYS5875649,D,S,T,2024-09-06,1000000.00,3.596703,100.9375
08:00:30,91282CLJ8,TSRYS5875649,D,S,T,2024-09-06,1000000.00,3.595434,100.9453125
08:00:30,91282CLJ8,TSRYS5875649,D,S,D,2024-09-06,1000000.00,3.594799,100.94921875
08:00:30,91282CLJ8,TSRYS5875649,D,S,T,2024-09-06,1000000.00,3.595434,100.9453125
08:00:30,91282CLJ8,TSRYS5875649,D,S,D,2024-09-06,1000000.00,3.595434,100.9453125
08:00:30,91282CLJ8,TSRYS5875649,D,S,D,2024-09-06,1000000.00,3.605275,100.884765625
08:00:30,91282CLJ8,TSRYS5875649,D,S,D,2024-09-06,1000000.00,3.603052,100.8984375
08:00:30,91282CLJ8,TSRYS5875649,D,S,T,2024-09-06,1000000.00,3.60718,100.873046875
08:00:30,91282CLJ8,TSRYS5875649,D,S,T,2024-09-06,1000000.00,3.627203,100.75
08:00:30,91282CLJ8,TSRYS5875649,D,S,T,2024-09-06,1000000.00,3.624659,100.765625
08:00:30,91282CLJ8,TSRYS5875649,D,S,T,2024-09-06,1000000.00,3.625931,100.7578125
08:00:30,91282CLJ8,TSRYS5875649,D,S,T,2024-09-06,1000000.00,3.625931,100.7578125
08:00:30,91282CLJ8,TSRYS5875649,D,S,T,2024-09-06,1000000.00,3.628476,100.7421875
08:00:30,91282CLJ8,TSRYS5875649,D,S,T,2024-09-06,1000000.00,3.628476,100.7421875
08:00:30,91282CLJ8,TSRYS5875649,D,S,T,2024-09-06,1000000.00,3.624659,100.765625
08:00:30,91282CLJ8,TSRYS5875649,D,S,T,2024-09-06,1000000.00,3.625931,100.7578125
08:00:30,91282CLJ8,TSRYS5875649,D,S,T,2024-09-06,1000000.00,3.625295,100.76171875
08:00:30,91282CLJ8,TSRYS5875649,D,S,T,2024-09-06,1000000.00,3.625295,100.76171875
08:00:30,91282CLJ8,TSRYS5875649,D,S,T,2024-09-06,1000000.00,3.624659,100.765625
08:00:30,91282CLJ8,TSRYS5875649,D,S,T,2024-09-06,1000000.00,3.627203,100.75
08:00:30,91282CLJ8,TSRYS5875649,D,S,T,2024-09-06,1000000.00,3.62784,100.74609375
08:00:30,91282CLJ8,TSRYS5875649,D,S,T,2024-09-06,1000000.00,3.627521,100.748046875
08:00:30,91282CLJ8,TSRYS5875649,D,S,T,2024-09-06,1000000.00,3.627203,100.75
08:00:30,91282CLJ8,TSRYS5875649,D,S,T,2024-09-06,1000000.00,3.627203,100.75
08:00:30,91282CLJ8,TSRYS5875649,D,S,T,2024-09-06,1000000.00,3.625931,100.7578125
08:00:30,91282CLJ8,TSRYS5875649,D,S,T,2024-09-06,1000000.00,3.622115,100.78125
08:00:30,91282CLJ8,TSRYS5875649,D,S,T,2024-09-06,1000000.00,3.622115,100.78125
08:00:30,91282CLJ8,TSRYS5875649,D,S,T,2024-09-06,2000000.00,3.622115,100.78125
08:00:30,91282CLJ8,TSRYS5875649,D,S,T,2024-09-06,2000000.00,3.622115,100.78125
08:00:30,91282CLJ8,TSRYS5875649,D,S,T,2024-09-06,1000000.00,3.623387,100.7734375
08:00:30,91282CLJ8,TSRYS5875649,D,S,T,2024-09-06,1000000.00,3.623387,100.7734375
08:00:30,91282CLJ8,TSRYS5875649,D,S,T,2024-09-06,1000000.00,3.624659,100.765625
08:00:30,91282CLJ8,TSRYS5875649,D,S,T,2024-09-06,1000000.00,3.624659,100.765625
08:00:30,91282CLJ8,TSRYS5875649,D,S,T,2024-09-06,1000000.00,3.624659,100.765625
08:00:30,91282CLJ8,TSRYS5875649,D,S,T,2024-09-06,1000000.00,3.620844,100.7890625
08:00:30,91282CLJ8,TSRYS5875649,D,S,T,2024-09-06,1000000.00,3.624659,100.765625
08:00:30,91282CLJ8,TSRYS5875649,D,S,T,2024-09-06,1000000.00,3.624659,100.765625
08:00:30,91282CLJ8,TSRYS5875649,D,S,T,2024-09-06,1000000.00,3.622751,100.77734375
08:00:30,91282CLJ8,TSRYS5875649,D,S,T,2024-09-06,1000000.00,3.625931,100.7578125
08:00:30,91282CLJ8,TSRYS5875649,D,S,T,2024-09-06,1000000.00,3.624659,100.765625
08:00:30,91282CLJ8,TSRYS5875649,D,B,C,2024-09-06,1000000.00,3.613851,100.83203125
08:00:30,91282CLJ8,TSRYS5875649,D,S,D,2024-09-06,1000000.00,3.613851,100.83203125
08:00:30,91282CLJ8,TSRYS5875649,D,S,T,2024-09-06,1000000.00,3.625931,100.7578125
08:00:30,91282CLJ8,TSRYS5875649,D,S,T,2024-09-06,1000000.00,3.627203,100.75
08:00:30,91282CLJ8,TSRYS5875649,D,S,T,2024-09-06,1000000.00,3.627203,100.75
08:00:30,91282CLJ8,TSRYS5875649,D,S,T,2024-09-06,3000000.00,3.626885,100.751953125
08:00:30,91282CLJ8,TSRYS5875649,D,S,T,2024-09-06,1000000.00,3.627203,100.75
08:00:30,91282CLJ8,TSRYS5875649,D,S,T,2024-09-06,2000000.00,3.626567,100.75390625
08:00:30,91282CLJ8,TSRYS5875649,D,S,T,2024-09-06,1000000.00,3.628476,100.7421875
08:00:30,91282CLJ8,TSRYS5875649,D,S,T,2024-09-06,1000000.00,3.628476,100.7421875
08:00:30,91282CLJ8,TSRYS5875649,D,S,T,2024-09-06,1000000.00,3.628476,100.7421875
08:00:30,91282CLJ8,TSRYS5875649,D,S,T,2024-09-06,1000000.00,3.628476,100.7421875
08:00:30,91282CLJ8,TSRYS5875649,D,S,T,2024-09-06,1000000.00,3.629112,100.73828125
08:00:30,91282CLJ8,TSRYS5875649,D,S,T,2024-09-06,1000000.00,3.628794,100.740234375
08:00:30,91282CLJ8,TSRYS5875649,D,S,T,2024-09-06,1000000.00,3.624659,100.765625
08:00:30,91282CLJ8,TSRYS5875649,D,S,T,2024-09-06,1000000.00,3.624659,100.765625
08:00:30,91282CLJ8,TSRYS5875649,D,S,T,2024-09-06,1000000.00,3.620844,100.7890625
08:00:30,91282CLJ8,TSRYS5875649,D,S,T,2024-09-06,1000000.00,3.622115,100.78125
08:00:30,91282CLJ8,TSRYS5875649,D,S,T,2024-09-06,3000000.00,3.622115,100.78125
08:00:30,91282CLJ8,TSRYS5875649,D,S,T,2024-09-06,1000000.00,3.622115,100.78125
08:00:30,91282CLJ8,TSRYS5875649,D,S,T,2024-09-06,1000000.00,3.619572,100.796875
08:00:30,91282CLJ8,TSRYS5875649,D,S,T,2024-09-06,1000000.00,3.617029,100.8125
08:00:30,91282CLJ8,TSRYS5875649,D,S,T,2024-09-06,1000000.00,3.617347,100.810546875
08:00:30,91282CLJ8,TSRYS5875649,D,S,T,2024-09-06,3000000.00,3.617665,100.80859375
08:00:30,91282CLJ8,TSRYS5875649,D,S,T,2024-09-06,1000000.00,3.614487,100.828125
08:00:30,91282CLJ8,TSRYS5875649,D,S,T,2024-09-06,1000000.00,3.613216,100.8359375
08:00:30,91282CLJ8,TSRYS5875649,D,S,T,2024-09-06,1000000.00,3.613216,100.8359375
08:00:30,91282CLJ8,TSRYS5875649,D,S,T,2024-09-06,1000000.00,3.613216,100.8359375
08:00:30,91282CLJ8,TSRYS5875649,D,S,T,2024-09-06,1000000.00,3.611945,100.84375
08:00:30,91282CLJ8,TSRYS5875649,D,S,T,2024-09-06,1000000.00,3.614487,100.828125
08:00:30,91282CLJ8,TSRYS5875649,D,S,T,2024-09-06,1000000.00,3.614487,100.828125
08:00:30,91282CLJ8,TSRYS5875649,D,S,T,2024-09-06,1000000.00,3.606862,100.875
08:00:30,91282CLJ8,TSRYS5875649,D,S,T,2024-09-06,1000000.00,3.605592,100.8828125
08:00:30,91282CLJ8,TSRYS5875649,D,S,T,2024-09-06,1000000.00,3.605592,100.8828125
08:00:30,91282CLJ8,TSRYS5875649,D,S,T,2024-09-06,1000000.00,3.605592,100.8828125
08:00:30,91282CLJ8,TSRYS5875649,D,S,T,2024-09-06,1000000.00,3.605592,100.8828125
08:00:30,91282CLJ8,TSRYS5875649,D,S,T,2024-09-06,1000000.00,3.604322,100.890625
08:00:30,91282CLJ8,TSRYS5875649,D,S,T,2024-09-06,1000000.00,3.604322,100.890625
08:00:30,91282CLJ8,TSRYS5875649,D,S,T,2024-09-06,1000000.00,3.605592,100.8828125
08:00:30,91282CLJ8,TSRYS5875649,D,S,T,2024-09-06,1000000.00,3.605592,100.8828125
08:00:30,91282CLJ8,TSRYS5875649,D,S,T,2024-09-06,1000000.00,3.609404,100.859375
08:00:30,91282CLJ8,TSRYS5875649,D,S,T,2024-09-06,1000000.00,3.604322,100.890625
08:00:30,91282CLJ8,TSRYS5875649,D,S,T,2024-09-06,1000000.00,3.606862,100.875
08:00:30,91282CLJ8,TSRYS5875649,D,S,T,2024-09-06,1000000.00,3.604957,100.88671875
08:00:30,91282CLJ8,TSRYS5875649,D,S,T,2024-09-06,1000000.00,3.605592,100.8828125
08:00:30,91282CLJ8,TSRYS5875649,D,S,T,2024-09-06,1000000.00,3.606862,100.875
08:00:30,91282CLJ8,TSRYS5875649,D,S,T,2024-09-06,1000000.00,3.605592,100.8828125
08:00:30,91282CLJ8,TSRYS5875649,D,S,T,2024-09-06,1000000.00,3.604322,100.890625
08:00:30,91282CLJ8,TSRYS5875649,D,S,T,2024-09-06,1000000.00,3.605592,100.8828125
08:00:30,91282CLJ8,TSRYS5875649,D,S,T,2024-09-06,1000000.00,3.605592,100.8828125
08:00:30,91282CLJ8,TSRYS5875649,D,S,T,2024-09-06,1000000.00,3.604322,100.890625
08:00:30,91282CLJ8,TSRYS5875649,D,S,T,2024-09-06,1000000.00,3.603052,100.8984375
08:00:30,91282CLJ8,TSRYS5875649,D,S,T,2024-09-06,1000000.00,3.601147,100.91015625
08:00:30,91282CLJ8,TSRYS5875649,D,S,T,2024-09-06,1000000.00,3.603052,100.8984375
08:00:30,91282CLJ8,TSRYS5875649,D,S,T,2024-09-06,1000000.00,3.601782,100.90625
08:00:30,91282CLJ8,TSRYS5875649,D,S,T,2024-09-06,1000000.00,3.597973,100.9296875
08:00:30,91282CLJ8,TSRYS5875649,D,S,T,2024-09-06,1000000.00,3.597973,100.9296875
08:00:30,91282CLJ8,TSRYS5875649,D,S,T,2024-09-06,1000000.00,3.597973,100.9296875
08:00:30,91282CLJ8,TSRYS5875649,D,S,T,2024-09-06,1000000.00,3.597973,100.9296875
08:00:30,91282CLJ8,TSRYS5875649,D,S,T,2024-09-06,1000000.00,3.594164,100.953125
08:00:30,91282CLJ8,TSRYS5875649,D,S,T,2024-09-06,2000000.00,3.594164,100.953125
08:00:30,91282CLJ8,TSRYS5875649,D,S,T,2024-09-06,1000000.00,3.592895,100.9609375
08:00:30,91282CLJ8,TSRYS5875649,D,S,T,2024-09-06,1000000.00,3.594164,100.953125
08:00:30,91282CLJ8,TSRYS5875649,D,S,T,2024-09-06,1000000.00,3.594164,100.953125
08:00:30,91282CLJ8,TSRYS5875649,D,S,T,2024-09-06,1000000.00,3.589088,100.984375
08:00:31,91282CLJ8,TSRYS5875649,D,S,T,2024-09-06,1000000.00,3.587819,100.9921875
08:00:31,91282CLJ8,TSRYS5875649,D,S,T,2024-09-06,1000000.00,3.591626,100.96875
08:00:31,91282CLJ8,TSRYS5875649,D,S,T,2024-09-06,1000000.00,3.592895,100.9609375
08:00:31,91282CLJ8,TSRYS5875649,D,S,T,2024-09-06,1000000.00,3.594164,100.953125
08:00:31,91282CLJ8,TSRYS5875649,D,S,T,2024-09-06,1000000.00,3.591626,100.96875
08:00:31,91282CLJ8,TSRYS5875649,D,S,T,2024-09-06,1000000.00,3.591626,100.96875
08:00:31,91282CLJ8,TSRYS5875649,D,S,T,2024-09-06,1000000.00,3.591626,100.96875
08:00:31,91282CLJ8,TSRYS5875649,D,S,T,2024-09-06,1000000.00,3.591626,100.96875
08:00:31,91282CLJ8,TSRYS5875649,D,S,T,2024-09-06,1000000.00,3.597973,100.9296875
08:00:31,91282CLJ8,TSRYS5875649,D,S,T,2024-09-06,1000000.00,3.597973,100.9296875
08:00:31,91282CLJ8,TSRYS5875649,D,S,T,2024-09-06,1000000.00,3.596703,100.9375
08:00:31,91282CLJ8,TSRYS5875649,D,S,T,2024-09-06,1000000.00,3.590357,100.9765625
08:00:31,91282CLJ8,TSRYS5875649,D,S,T,2024-09-06,1000000.00,3.591626,100.96875
08:00:31,91282CLJ8,TSRYS5875649,D,S,T,2024-09-06,1000000.00,3.589088,100.984375
08:00:31,91282CLJ8,TSRYS5875649,D,S,T,2024-09-06,1000000.00,3.596703,100.9375
08:00:31,91282CLJ8,TSRYS5875649,D,S,T,2024-09-06,2000000.00,3.596703,100.9375
08:00:31,91282CLJ8,TSRYS5875649,D,S,T,2024-09-06,2000000.00,3.596703,100.9375
08:00:31,91282CLJ8,TSRYS5875649,D,S,T,2024-09-06,3000000.00,3.596703,100.9375
08:00:31,91282CLJ8,TSRYS5875649,D,S,T,2024-09-06,1000000.00,3.596703,100.9375
08:00:31,91282CLJ8,TSRYS5875649,D,S,T,2024-09-06,1000000.00,3.596703,100.9375
08:00:31,91282CLJ8,TSRYS5875649,D,S,T,2024-09-06,1000000.00,3.59702,100.935546875
08:00:31,91282CLJ8,TSRYS5875649,D,S,T,2024-09-06,1000000.00,3.59702,100.935546875
08:00:31,91282CLJ8,TSRYS5875649,D,S,T,2024-09-06,1000000.00,3.59702,100.935546875
08:00:31,91282CLJ8,TSRYS5875649,D,S,T,2024-09-06,1000000.00,3.59702,100.935546875
08:00:31,91282CLJ8,TSRYS5875649,D,S,T,2024-09-06,1000000.00,3.597973,100.9296875
08:00:31,91282CLJ8,TSRYS5875649,D,S,T,2024-09-06,1000000.00,3.599242,100.921875
08:00:31,91282CLJ8,TSRYS5875649,D,S,T,2024-09-06,1000000.00,3.599242,100.921875
08:00:31,91282CLJ8,TSRYS5875649,D,S,T,2024-09-06,1000000.00,3.599242,100.921875
08:00:31,91282CLJ8,TSRYS5875649,D,S,T,2024-09-06,1000000.00,3.600512,100.9140625
08:00:31,91282CLJ8,TSRYS5875649,D,S,T,2024-09-06,1000000.00,3.601782,100.90625
08:00:31,91282CLJ8,TSRYS5875649,D,S,T,2024-09-06,1000000.00,3.601782,100.90625
08:00:31,91282CLJ8,TSRYS5875649,D,S,T,2024-09-06,1000000.00,3.603052,100.8984375
08:00:31,91282CLJ8,TSRYS5875649,D,S,T,2024-09-06,1000000.00,3.600512,100.9140625
08:00:31,91282CLJ8,TSRYS5875649,D,S,T,2024-09-06,1000000.00,3.601782,100.90625
08:00:31,91282CLJ8,TSRYS5875649,D,S,T,2024-09-06,1000000.00,3.601782,100.90625
08:00:31,91282CLJ8,TSRYS5875649,D,S,T,2024-09-06,1000000.00,3.601782,100.90625
08:00:31,91282CLJ8,TSRYS5875649,D,S,T,2024-09-06,1000000.00,3.604004,100.892578125
08:00:31,91282CLJ8,TSRYS5875649,D,S,T,2024-09-06,1000000.00,3.604004,100.892578125
08:00:31,91282CLJ8,TSRYS5875649,D,S,T,2024-09-06,2000000.00,3.604004,100.892578125
08:00:31,91282CLJ8,TSRYS5875649,D,S,T,2024-09-06,1000000.00,3.600512,100.9140625
08:00:31,91282CLJ8,TSRYS5875649,D,S,T,2024-09-06,1000000.00,3.603052,100.8984375
08:00:31,91282CLJ8,TSRYS5875649,D,S,T,2024-09-06,1000000.00,3.603052,100.8984375
08:00:31,91282CLJ8,TSRYS5875649,D,S,T,2024-09-06,1000000.00,3.601782,100.90625
08:00:31,91282CLJ8,TSRYS5875649,D,S,T,2024-09-06,1000000.00,3.599242,100.921875
08:00:31,91282CLJ8,TSRYS5875649,D,S,T,2024-09-06,1000000.00,3.599242,100.921875
08:00:31,91282CLJ8,TSRYS5875649,D,S,T,2024-09-06,1000000.00,3.599242,100.921875
08:00:31,91282CLJ8,TSRYS5875649,D,S,T,2024-09-06,1000000.00,3.599242,100.921875
08:00:31,91282CLJ8,TSRYS5875649,D,S,T,2024-09-06,1000000.00,3.599242,100.921875
08:00:31,91282CLJ8,TSRYS5875649,D,S,T,2024-09-06,1000000.00,3.599242,100.921875
08:00:31,91282CLJ8,TSRYS5875649,D,S,T,2024-09-06,1000000.00,3.599242,100.921875
08:00:31,91282CLJ8,TSRYS5875649,D,S,T,2024-09-06,1000000.00,3.59956,100.919921875
08:00:31,91282CLJ8,TSRYS5875649,D,S,T,2024-09-06,1000000.00,3.598925,100.923828125
08:00:31,91282CLJ8,TSRYS5875649,D,S,T,2024-09-06,1000000.00,3.599242,100.921875
08:00:31,91282CLJ8,TSRYS5875649,D,S,T,2024-09-06,1000000.00,3.599242,100.921875
08:00:31,91282CLJ8,TSRYS5875649,D,S,T,2024-09-06,1000000.00,3.596703,100.9375
08:00:31,91282CLJ8,TSRYS5875649,D,S,T,2024-09-06,1000000.00,3.59702,100.935546875
08:00:31,91282CLJ8,TSRYS5875649,D,S,T,2024-09-06,1000000.00,3.597655,100.931640625
08:00:31,91282CLJ8,TSRYS5875649,D,S,T,2024-09-06,1000000.00,3.596703,100.9375
08:00:31,91282CLJ8,TSRYS5875649,D,S,T,2024-09-06,1000000.00,3.596703,100.9375
08:00:31,91282CLJ8,TSRYS5875649,D,S,T,2024-09-06,1000000.00,3.596703,100.9375
08:00:31,91282CLJ8,TSRYS5875649,D,S,T,2024-09-06,1000000.00,3.596703,100.9375
08:00:31,91282CLJ8,TSRYS5875649,D,S,T,2024-09-06,1000000.00,3.596703,100.9375
08:00:31,91282CLJ8,TSRYS5875649,D,S,T,2024-09-06,1000000.00,3.596703,100.9375
08:00:31,91282CLJ8,TSRYS5875649,D,S,T,2024-09-06,1000000.00,3.596703,100.9375
08:00:31,91282CLJ8,TSRYS5875649,D,S,T,2024-09-06,1000000.00,3.596703,100.9375
08:00:31,91282CLJ8,TSRYS5875649,D,S,T,2024-09-06,1000000.00,3.597973,100.9296875
08:00:31,91282CLJ8,TSRYS5875649,D,S,T,2024-09-06,1000000.00,3.599242,100.921875
08:00:31,91282CLJ8,TSRYS5875649,D,S,T,2024-09-06,1000000.00,3.599242,100.921875
08:00:31,91282CLJ8,TSRYS5875649,D,S,T,2024-09-06,1000000.00,3.599242,100.921875
08:00:31,91282CLJ8,TSRYS5875649,D,S,T,2024-09-06,1000000.00,3.599242,100.921875
08:00:31,91282CLJ8,TSRYS5875649,D,S,T,2024-09-06,1000000.00,3.599242,100.921875
08:00:31,91282CLJ8,TSRYS5875649,D,S,T,2024-09-06,1000000.00,3.596703,100.9375
08:00:31,91282CLJ8,TSRYS5875649,D,S,T,2024-09-06,1000000.00,3.596703,100.9375
08:00:31,91282CLJ8,TSRYS5875649,D,S,T,2024-09-06,1000000.00,3.596703,100.9375
08:00:31,91282CLJ8,TSRYS5875649,D,S,T,2024-09-06,1000000.00,3.597338,100.93359375
08:00:31,91282CLJ8,TSRYS5875649,D,S,T,2024-09-06,1000000.00,3.597338,100.93359375
08:00:31,91282CLJ8,TSRYS5875649,D,S,T,2024-09-06,1000000.00,3.597338,100.93359375
08:00:31,91282CLJ8,TSRYS5875649,D,S,T,2024-09-06,1000000.00,3.597338,100.93359375
08:00:31,91282CLJ8,TSRYS5875649,D,S,T,2024-09-06,1000000.00,3.597338,100.93359375
08:00:31,91282CLJ8,TSRYS5875649,D,S,T,2024-09-06,1000000.00,3.597338,100.93359375
08:00:31,91282CLJ8,TSRYS5875649,D,S,T,2024-09-06,1000000.00,3.597338,100.93359375
08:00:31,91282CLJ8,TSRYS5875649,D,S,T,2024-09-06,1000000.00,3.597338,100.93359375
08:00:31,91282CLJ8,TSRYS5875649,D,S,T,2024-09-06,1000000.00,3.597973,100.9296875
08:00:31,91282CLJ8,TSRYS5875649,D,S,T,2024-09-06,1000000.00,3.597973,100.9296875
08:00:31,91282CLJ8,TSRYS5875649,D,S,T,2024-09-06,1000000.00,3.597973,100.9296875
08:00:31,91282CLJ8,TSRYS5875649,D,S,T,2024-09-06,2000000.00,3.597973,100.9296875
08:00:31,91282CLJ8,TSRYS5875649,D,S,T,2024-09-06,1000000.00,3.597973,100.9296875
08:00:31,91282CLJ8,TSRYS5875649,D,S,T,2024-09-06,1000000.00,3.597973,100.9296875
08:00:31,91282CLJ8,TSRYS5875649,D,S,T,2024-09-06,1000000.00,3.597973,100.9296875
08:00:31,91282CLJ8,TSRYS5875649,D,S,T,2024-09-06,1000000.00,3.597973,100.9296875
08:00:31,91282CLJ8,TSRYS5875649,D,S,T,2024-09-06,1000000.00,3.597973,100.9296875
08:00:31,91282CLJ8,TSRYS5875649,D,S,T,2024-09-06,1000000.00,3.597973,100.9296875
08:00:31,91282CLJ8,TSRYS5875649,D,S,T,2024-09-06,1000000.00,3.597973,100.9296875
08:00:31,91282CLJ8,TSRYS5875649,D,S,T,2024-09-06,1000000.00,3.597973,100.9296875
08:00:31,91282CLJ8,TSRYS5875649,D,S,T,2024-09-06,1000000.00,3.597973,100.9296875
08:00:31,91282CLJ8,TSRYS5875649,D,S,T,2024-09-06,1000000.00,3.597973,100.9296875
08:00:31,91282CLJ8,TSRYS5875649,D,S,T,2024-09-06,1000000.00,3.600512,100.9140625
08:00:31,91282CLJ8,TSRYS5875649,D,S,T,2024-09-06,1000000.00,3.599242,100.921875
08:00:31,91282CLJ8,TSRYS5875649,D,S,D,2024-09-06,1000000.00,3.605592,100.8828125
08:00:31,91282CLJ8,TSRYS5875649,D,S,D,2024-09-06,1000000.00,3.605592,100.8828125
08:00:31,91282CLJ8,TSRYS5875649,D,S,D,2024-09-06,1000000.00,3.605592,100.8828125
08:00:31,91282CLJ8,TSRYS5875649,D,S,D,2024-09-06,1000000.00,3.605592,100.8828125
08:00:31,91282CLJ8,TSRYS5875649,D,S,D,2024-09-06,1000000.00,3.605592,100.8828125
08:00:31,91282CLJ8,TSRYS5875649,D,B,C,2024-09-06,1000000.00,3.60591,100.880859375
08:00:31,91282CLJ8,TSRYS5875649,D,S,D,2024-09-06,1000000.00,3.60591,100.880859375
08:00:31,91282CLJ8,TSRYS5875649,D,S,T,2024-09-06,1000000.00,3.595434,100.9453125
08:00:31,91282CLJ8,TSRYS5875649,D,S,T,2024-09-06,1000000.00,3.596703,100.9375
08:00:31,91282CLJ8,TSRYS5875649,D,S,T,2024-09-06,1000000.00,3.598607,100.92578125
08:00:31,91282CLJ8,TSRYS5875649,D,S,T,2024-09-06,1000000.00,3.598607,100.92578125
08:00:31,91282CLJ8,TSRYS5875649,D,S,T,2024-09-06,1000000.00,3.59956,100.919921875
08:00:31,91282CLJ8,TSRYS5875649,D,S,T,2024-09-06,1000000.00,3.599242,100.921875
08:00:31,91282CLJ8,TSRYS5875649,D,S,T,2024-09-06,1000000.00,3.596703,100.9375
08:00:31,91282CLJ8,TSRYS5875649,D,S,T,2024-09-06,1000000.00,3.594164,100.953125
08:00:31,91282CLJ8,TSRYS5875649,D,S,T,2024-09-06,1000000.00,3.59353,100.95703125
08:00:31,91282CLJ8,TSRYS5875649,D,S,D,2024-09-06,1000000.00,3.594164,100.953125
08:00:31,91282CLJ8,TSRYS5875649,D,S,T,2024-09-06,1000000.00,3.595434,100.9453125
08:00:31,91282CLJ8,TSRYS5875649,D,S,T,2024-09-06,1000000.00,3.595434,100.9453125
08:00:31,91282CLJ8,TSRYS5875649,D,S,T,2024-09-06,1000000.00,3.596386,100.939453125
08:00:31,91282CLJ8,TSRYS5875649,D,S,T,2024-09-06,1000000.00,3.596703,100.9375
08:00:31,91282CLJ8,TSRYS5875649,D,S,T,2024-09-06,1000000.00,3.596703,100.9375
08:00:31,91282CLJ8,TSRYS5875649,D,S,T,2024-09-06,1000000.00,3.596703,100.9375
08:00:31,91282CLJ8,TSRYS5875649,D,S,T,2024-09-06,1000000.00,3.596703,100.9375
08:00:31,91282CLJ8,TSRYS5875649,D,S,T,2024-09-06,1000000.00,3.596703,100.9375
08:00:31,91282CLJ8,TSRYS5875649,D,S,T,2024-09-06,1000000.00,3.595116,100.947265625
08:00:31,91282CLJ8,TSRYS5875649,D,S,T,2024-09-06,1000000.00,3.595116,100.947265625
08:00:31,91282CLJ8,TSRYS5875649,D,S,T,2024-09-06,1000000.00,3.594799,100.94921875
08:00:31,91282CLJ8,TSRYS5875649,D,S,T,2024-09-06,1000000.00,3.594482,100.951171875
08:00:31,91282CLJ8,TSRYS5875649,D,S,T,2024-09-06,1000000.00,3.595434,100.9453125
08:00:31,91282CLJ8,TSRYS5875649,D,S,T,2024-09-06,1000000.00,3.594164,100.953125
08:00:31,91282CLJ8,TSRYS5875649,D,S,T,2024-09-06,1000000.00,3.594164,100.953125
08:00:31,91282CLJ8,TSRYS5875649,D,S,T,2024-09-06,1000000.00,3.595434,100.9453125
08:00:31,91282CLJ8,TSRYS5875649,D,S,T,2024-09-06,1000000.00,3.595434,100.9453125
08:00:31,91282CLJ8,TSRYS5875649,D,S,T,2024-09-06,1000000.00,3.594482,100.951171875
08:00:31,91282CLJ8,TSRYS5875649,D,S,T,2024-09-06,1000000.00,3.595434,100.9453125
08:00:31,91282CLJ8,TSRYS5875649,D,S,T,2024-09-06,1000000.00,3.595434,100.9453125
08:00:31,91282CLJ8,TSRYS5875649,D,S,T,2024-09-06,3000000.00,3.595434,100.9453125
08:00:31,91282CLJ8,TSRYS5875649,D,S,T,2024-09-06,1000000.00,3.595434,100.9453125
08:00:31,91282CLJ8,TSRYS5875649,D,S,T,2024-09-06,3000000.00,3.595434,100.9453125
08:00:31,91282CLJ8,TSRYS5875649,D,S,T,2024-09-06,2000000.00,3.595434,100.9453125
08:00:31,91282CLJ8,TSRYS5875649,D,S,T,2024-09-06,1000000.00,3.596703,100.9375
08:00:31,91282CLJ8,TSRYS5875649,D,S,T,2024-09-06,1000000.00,3.596703,100.9375
08:00:31,91282CLJ8,TSRYS5875649,D,S,T,2024-09-06,1000000.00,3.595434,100.9453125
08:00:31,91282CLJ8,TSRYS5875649,D,S,T,2024-09-06,1000000.00,3.597973,100.9296875
08:00:31,91282CLJ8,TSRYS5875649,D,S,T,2024-09-06,1000000.00,3.596703,100.9375
08:00:31,91282CLJ8,TSRYS5875649,D,S,T,2024-09-06,1000000.00,3.595434,100.9453125
08:00:31,91282CLJ8,TSRYS5875649,D,S,T,2024-09-06,1000000.00,3.595434,100.9453125
08:00:31,91282CLJ8,TSRYS5875649,D,S,T,2024-09-06,1000000.00,3.595434,100.9453125
08:00:31,91282CLJ8,TSRYS5875649,D,S,T,2024-09-06,1000000.00,3.595434,100.9453125
08:00:31,91282CLJ8,TSRYS5875649,D,S,T,2024-09-06,1000000.00,3.595434,100.9453125
08:00:31,91282CLJ8,TSRYS5875649,D,S,T,2024-09-06,1000000.00,3.595434,100.9453125
08:00:31,91282CLJ8,TSRYS5875649,D,S,T,2024-09-06,1000000.00,3.595434,100.9453125
08:00:31,91282CLJ8,TSRYS5875649,D,S,T,2024-09-06,1000000.00,3.595434,100.9453125
08:00:31,91282CLJ8,TSRYS5875649,D,S,T,2024-09-06,1000000.00,3.595434,100.9453125
08:00:31,91282CLJ8,TSRYS5875649,D,S,T,2024-09-06,1000000.00,3.595434,100.9453125
08:00:31,91282CLJ8,TSRYS5875649,D,S,T,2024-09-06,1000000.00,3.595434,100.9453125
08:00:31,91282CLJ8,TSRYS5875649,D,S,T,2024-09-06,1000000.00,3.594164,100.953125
08:00:31,91282CLJ8,TSRYS5875649,D,S,T,2024-09-06,1000000.00,3.594164,100.953125
08:00:31,91282CLJ8,TSRYS5875649,D,S,T,2024-09-06,1000000.00,3.594164,100.953125
08:00:31,91282CLJ8,TSRYS5875649,D,S,T,2024-09-06,1000000.00,3.594164,100.953125
08:00:31,91282CLJ8,TSRYS5875649,D,S,T,2024-09-06,1000000.00,3.594164,100.953125
08:00:31,91282CLJ8,TSRYS5875649,D,S,T,2024-09-06,1000000.00,3.595434,100.9453125
08:00:31,91282CLJ8,TSRYS5875649,D,S,T,2024-09-06,1000000.00,3.595434,100.9453125
08:00:31,91282CLJ8,TSRYS5875649,D,S,T,2024-09-06,1000000.00,3.595434,100.9453125
08:00:31,91282CLJ8,TSRYS5875649,D,S,T,2024-09-06,1000000.00,3.595434,100.9453125
08:00:31,91282CLJ8,TSRYS5875649,D,S,T,2024-09-06,1000000.00,3.595434,100.9453125
08:00:31,91282CLJ8,TSRYS5875649,D,S,T,2024-09-06,1000000.00,3.594164,100.953125
08:00:31,91282CLJ8,TSRYS5875649,D,S,T,2024-09-06,1000000.00,3.591626,100.96875
08:00:32,91282CLJ8,TSRYS5875649,D,S,T,2024-09-06,1000000.00,3.592895,100.9609375
08:00:32,91282CLJ8,TSRYS5875649,D,S,T,2024-09-06,1000000.00,3.592895,100.9609375
08:00:32,91282CLJ8,TSRYS5875649,D,S,T,2024-09-06,1000000.00,3.592895,100.9609375
08:00:32,91282CLJ8,TSRYS5875649,D,S,T,2024-09-06,1000000.00,3.592895,100.9609375
08:00:32,91282CLJ8,TSRYS5875649,D,S,T,2024-09-06,1000000.00,3.592895,100.9609375
08:00:32,91282CLJ8,TSRYS5875649,D,S,T,2024-09-06,1000000.00,3.592895,100.9609375
08:00:32,91282CLJ8,TSRYS5875649,D,S,T,2024-09-06,1000000.00,3.59226,100.96484375
08:00:32,91282CLJ8,TSRYS5875649,D,S,T,2024-09-06,1000000.00,3.591626,100.96875
08:00:32,91282CLJ8,TSRYS5875649,D,S,T,2024-09-06,1000000.00,3.591626,100.96875
08:00:32,91282CLJ8,TSRYS5875649,D,S,T,2024-09-06,1000000.00,3.597973,100.9296875
08:00:32,91282CLJ8,TSRYS5875649,D,S,T,2024-09-06,1000000.00,3.599242,100.921875
08:00:32,91282CLJ8,TSRYS5875649,D,S,T,2024-09-06,1000000.00,3.599242,100.921875
08:00:32,91282CLJ8,TSRYS5875649,D,S,T,2024-09-06,1000000.00,3.599242,100.921875
08:00:32,91282CLJ8,TSRYS5875649,D,S,T,2024-09-06,1000000.00,3.599242,100.921875
08:00:32,91282CLJ8,TSRYS5875649,D,S,T,2024-09-06,1000000.00,3.599242,100.921875
08:00:32,91282CLJ8,TSRYS5875649,D,S,T,2024-09-06,1000000.00,3.599242,100.921875
08:00:32,91282CLJ8,TSRYS5875649,D,S,T,2024-09-06,2000000.00,3.600512,100.9140625
08:00:32,91282CLJ8,TSRYS5875649,D,S,T,2024-09-06,1000000.00,3.600512,100.9140625
08:00:32,91282CLJ8,TSRYS5875649,D,S,T,2024-09-06,1000000.00,3.600512,100.9140625
08:00:32,91282CLJ8,TSRYS5875649,D,S,T,2024-09-06,1000000.00,3.600512,100.9140625
08:00:32,91282CLJ8,TSRYS5875649,D,S,T,2024-09-06,1000000.00,3.601147,100.91015625
08:00:32,91282CLJ8,TSRYS5875649,D,S,T,2024-09-06,1000000.00,3.597973,100.9296875
08:00:32,91282CLJ8,TSRYS5875649,D,S,T,2024-09-06,1000000.00,3.597973,100.9296875
08:00:32,91282CLJ8,TSRYS5875649,D,S,T,2024-09-06,1000000.00,3.597973,100.9296875
08:00:32,91282CLJ8,TSRYS5875649,D,S,T,2024-09-06,1000000.00,3.597973,100.9296875
08:00:32,91282CLJ8,TSRYS5875649,D,S,T,2024-09-06,1000000.00,3.597973,100.9296875
08:00:32,91282CLJ8,TSRYS5875649,D,S,T,2024-09-06,1000000.00,3.597973,100.9296875
08:00:32,91282CLJ8,TSRYS5875649,D,S,T,2024-09-06,1000000.00,3.597973,100.9296875
08:00:32,91282CLJ8,TSRYS5875649,D,S,T,2024-09-06,1000000.00,3.597973,100.9296875
08:00:32,91282CLJ8,TSRYS5875649,D,S,T,2024-09-06,1000000.00,3.597973,100.9296875
08:00:32,91282CLJ8,TSRYS5875649,D,S,T,2024-09-06,1000000.00,3.597973,100.9296875
08:00:32,91282CLJ8,TSRYS5875649,D,S,T,2024-09-06,1000000.00,3.597973,100.9296875
08:00:32,91282CLJ8,TSRYS5875649,D,S,T,2024-09-06,1000000.00,3.600512,100.9140625
08:00:32,91282CLJ8,TSRYS5875649,D,S,T,2024-09-06,1000000.00,3.600512,100.9140625
08:00:32,91282CLJ8,TSRYS5875649,D,S,T,2024-09-06,1000000.00,3.603052,100.8984375
08:00:32,91282CLJ8,TSRYS5875649,D,S,T,2024-09-06,1000000.00,3.603052,100.8984375
08:00:32,91282CLJ8,TSRYS5875649,D,S,T,2024-09-06,1000000.00,3.603052,100.8984375
08:00:32,91282CLJ8,TSRYS5875649,D,S,T,2024-09-06,1000000.00,3.603052,100.8984375
08:00:32,91282CLJ8,TSRYS5875649,D,S,T,2024-09-06,2000000.00,3.603052,100.8984375
08:00:32,91282CLJ8,TSRYS5875649,D,S,T,2024-09-06,1000000.00,3.603052,100.8984375
08:00:32,91282CLJ8,TSRYS5875649,D,S,T,2024-09-06,1000000.00,3.603052,100.8984375
08:00:32,91282CLJ8,TSRYS5875649,D,S,T,2024-09-06,1000000.00,3.602417,100.90234375
08:00:32,91282CLJ8,TSRYS5875649,D,S,T,2024-09-06,1000000.00,3.603052,100.8984375
08:00:32,91282CLJ8,TSRYS5875649,D,S,T,2024-09-06,1000000.00,3.604322,100.890625
08:00:32,91282CLJ8,TSRYS5875649,D,S,T,2024-09-06,1000000.00,3.604322,100.890625
08:00:32,91282CLJ8,TSRYS5875649,D,S,T,2024-09-06,1000000.00,3.604322,100.890625
08:00:32,91282CLJ8,TSRYS5875649,D,S,T,2024-09-06,1000000.00,3.604322,100.890625
08:00:32,91282CLJ8,TSRYS5875649,D,S,T,2024-09-06,1000000.00,3.604639,100.888671875
08:00:32,91282CLJ8,TSRYS5875649,D,S,T,2024-09-06,1000000.00,3.601782,100.90625
08:00:32,91282CLJ8,TSRYS5875649,D,S,T,2024-09-06,1000000.00,3.603052,100.8984375
08:00:32,91282CLJ8,TSRYS5875649,D,B,C,2024-09-06,1000000.00,3.604957,100.88671875
08:00:32,91282CLJ8,TSRYS5875649,D,S,D,2024-09-06,1000000.00,3.604957,100.88671875
08:00:32,91282CLJ8,TSRYS5875649,D,B,C,2024-09-06,1000000.00,3.605592,100.8828125
08:00:32,91282CLJ8,TSRYS5875649,D,S,D,2024-09-06,1000000.00,3.605592,100.8828125
08:00:32,91282CLJ8,TSRYS5875649,D,S,T,2024-09-06,2000000.00,3.604322,100.890625
08:00:32,91282CLJ8,TSRYS5875649,D,S,T,2024-09-06,1000000.00,3.605592,100.8828125
08:00:32,91282CLJ8,TSRYS5875649,D,S,T,2024-09-06,1000000.00,3.605592,100.8828125
08:00:32,91282CLJ8,TSRYS5875649,D,S,T,2024-09-06,1000000.00,3.604957,100.88671875
08:00:32,91282CLJ8,TSRYS5875649,D,S,T,2024-09-06,1000000.00,3.604322,100.890625
08:00:32,91282CLJ8,TSRYS5875649,D,S,T,2024-09-06,1000000.00,3.603687,100.89453125
08:00:32,91282CLJ8,TSRYS5875649,D,B,C,2024-09-06,1000000.00,3.60718,100.873046875
08:00:32,91282CLJ8,TSRYS5875649,D,S,D,2024-09-06,1000000.00,3.60718,100.873046875
08:00:33,91282CLJ8,TSRYS5875649,D,S,T,2024-09-06,1000000.00,3.605592,100.8828125
08:00:33,91282CLJ8,TSRYS5875649,D,S,T,2024-09-06,1000000.00,3.605592,100.8828125
08:00:33,91282CLJ8,TSRYS5875649,D,S,T,2024-09-06,3000000.00,3.605592,100.8828125
08:00:33,91282CLJ8,TSRYS5875649,D,S,T,2024-09-06,1000000.00,3.606862,100.875
08:00:33,91282CLJ8,TSRYS5875649,D,S,T,2024-09-06,1000000.00,3.605275,100.884765625
08:00:33,91282CLJ8,TSRYS5875649,D,B,C,2024-09-06,1000000.00,3.608451,100.865234375
08:00:33,91282CLJ8,TSRYS5875649,D,S,D,2024-09-06,1000000.00,3.608451,100.865234375
08:00:33,91282CLJ8,TSRYS5875649,D,B,C,2024-09-06,1000000.00,3.608768,100.86328125
08:00:33,91282CLJ8,TSRYS5875649,D,S,D,2024-09-06,1000000.00,3.608768,100.86328125
08:00:33,91282CLJ8,TSRYS5875649,D,S,T,2024-09-06,1000000.00,3.599877,100.91796875
08:00:33,91282CLJ8,TSRYS5875649,D,S,T,2024-09-06,1000000.00,3.600512,100.9140625
08:00:33,91282CLJ8,TSRYS5875649,D,S,T,2024-09-06,1000000.00,3.600512,100.9140625
08:00:33,91282CLJ8,TSRYS5875649,D,S,T,2024-09-06,1000000.00,3.601782,100.90625
08:00:33,91282CLJ8,TSRYS5875649,D,S,T,2024-09-06,1000000.00,3.603052,100.8984375
08:00:33,91282CLJ8,TSRYS5875649,D,S,T,2024-09-06,1000000.00,3.601782,100.90625
08:00:33,91282CLJ8,TSRYS5875649,D,S,T,2024-09-06,1000000.00,3.600512,100.9140625
08:00:33,91282CLJ8,TSRYS5875649,D,B,C,2024-09-06,1000000.00,3.608768,100.86328125
08:00:33,91282CLJ8,TSRYS5875649,D,S,D,2024-09-06,1000000.00,3.608768,100.86328125
08:00:33,91282CLJ8,TSRYS5875649,D,S,T,2024-09-06,1000000.00,3.627203,100.75
08:00:33,91282CLJ8,TSRYS5875649,D,S,T,2024-09-06,1000000.00,3.627203,100.75
08:00:33,91282CLJ8,TSRYS5875649,D,S,T,2024-09-06,1000000.00,3.626567,100.75390625
08:00:33,91282CLJ8,TSRYS5875649,D,S,T,2024-09-06,1000000.00,3.626567,100.75390625
08:00:33,91282CLJ8,TSRYS5875649,D,S,T,2024-09-06,1000000.00,3.621798,100.783203125
08:00:33,91282CLJ8,TSRYS5875649,D,S,T,2024-09-06,1000000.00,3.623069,100.775390625
08:00:33,91282CLJ8,TSRYS5875649,D,S,T,2024-09-06,1000000.00,3.623069,100.775390625
08:00:33,91282CLJ8,TSRYS5875649,D,S,T,2024-09-06,1000000.00,3.622751,100.77734375
08:00:33,91282CLJ8,TSRYS5875649,D,S,T,2024-09-06,1000000.00,3.626885,100.751953125
08:00:33,91282CLJ8,TSRYS5875649,D,S,T,2024-09-06,1000000.00,3.624977,100.763671875
08:00:33,91282CLJ8,TSRYS5875649,D,S,T,2024-09-06,1000000.00,3.623069,100.775390625
08:00:33,91282CLJ8,TSRYS5875649,D,S,T,2024-09-06,1000000.00,3.626567,100.75390625
08:00:33,91282CLJ8,TSRYS5875649,D,S,T,2024-09-06,1000000.00,3.626249,100.755859375
08:00:33,91282CLJ8,TSRYS5875649,D,S,T,2024-09-06,1000000.00,3.624023,100.76953125
08:00:33,91282CLJ8,TSRYS5875649,D,S,T,2024-09-06,1000000.00,3.624023,100.76953125
08:00:33,91282CLJ8,TSRYS5875649,D,S,T,2024-09-06,1000000.00,3.616076,100.818359375
08:00:33,91282CLJ8,TSRYS5875649,D,S,T,2024-09-06,1000000.00,3.616076,100.818359375
08:00:33,91282CLJ8,TSRYS5875649,D,S,T,2024-09-06,1000000.00,3.607815,100.869140625
08:00:33,91282CLJ8,TSRYS5875649,D,S,T,2024-09-06,1000000.00,3.608451,100.865234375
08:00:33,91282CLJ8,TSRYS5875649,D,S,T,2024-09-06,1000000.00,3.606227,100.87890625
08:00:33,91282CLJ8,TSRYS5875649,D,S,T,2024-09-06,1000000.00,3.604639,100.888671875
08:00:33,91282CLJ8,TSRYS5875649,D,S,T,2024-09-06,1000000.00,3.594164,100.953125
08:00:33,91282CLJ8,TSRYS5875649,D,S,T,2024-09-06,1000000.00,3.594164,100.953125
08:00:33,91282CLJ8,TSRYS5875649,D,S,T,2024-09-06,1000000.00,3.591626,100.96875
08:00:33,91282CLJ8,TSRYS5875649,D,S,T,2024-09-06,1000000.00,3.591626,100.96875
08:00:33,91282CLJ8,TSRYS5875649,D,S,T,2024-09-06,1000000.00,3.591626,100.96875
08:00:33,91282CLJ8,TSRYS5875649,D,S,T,2024-09-06,1000000.00,3.589088,100.984375
08:00:33,91282CLJ8,TSRYS5875649,D,S,T,2024-09-06,1000000.00,3.589088,100.984375
08:00:33,91282CLJ8,TSRYS5875649,D,S,T,2024-09-06,1000000.00,3.596068,100.94140625
08:00:33,91282CLJ8,TSRYS5875649,D,S,T,2024-09-06,1000000.00,3.59004,100.978515625
08:00:33,91282CLJ8,TSRYS5875649,D,S,T,2024-09-06,1000000.00,3.59829,100.927734375
08:00:33,91282CLJ8,TSRYS5875649,D,S,T,2024-09-06,1000000.00,3.601782,100.90625
08:00:33,91282CLJ8,TSRYS5875649,D,S,T,2024-09-06,1000000.00,3.601782,100.90625
08:00:33,91282CLJ8,TSRYS5875649,D,S,T,2024-09-06,1000000.00,3.601782,100.90625
08:00:33,91282CLJ8,TSRYS5875649,D,S,T,2024-09-06,1000000.00,3.601782,100.90625
08:00:33,91282CLJ8,TSRYS5875649,D,S,T,2024-09-06,1000000.00,3.597973,100.9296875
08:00:33,91282CLJ8,TSRYS5875649,D,S,T,2024-09-06,1000000.00,3.59956,100.919921875
08:00:33,91282CLJ8,TSRYS5875649,D,S,T,2024-09-06,1000000.00,3.598607,100.92578125
08:00:33,91282CLJ8,TSRYS5875649,D,S,T,2024-09-06,1000000.00,3.598607,100.92578125
08:00:33,91282CLJ8,TSRYS5875649,D,S,T,2024-09-06,1000000.00,3.596068,100.94140625
08:00:33,91282CLJ8,TSRYS5875649,D,S,T,2024-09-06,1000000.00,3.596068,100.94140625
08:00:33,91282CLJ8,TSRYS5875649,D,S,T,2024-09-06,1000000.00,3.596068,100.94140625
08:00:33,91282CLJ8,TSRYS5875649,D,S,T,2024-09-06,1000000.00,3.596068,100.94140625
08:00:33,91282CLJ8,TSRYS5875649,D,S,T,2024-09-06,1000000.00,3.596068,100.94140625
08:00:33,91282CLJ8,TSRYS5875649,D,S,T,2024-09-06,1000000.00,3.596068,100.94140625
08:00:33,91282CLJ8,TSRYS5875649,D,S,T,2024-09-06,2000000.00,3.593847,100.955078125
08:00:33,91282CLJ8,TSRYS5875649,D,S,T,2024-09-06,1000000.00,3.593847,100.955078125
08:00:33,91282CLJ8,TSRYS5875649,D,S,T,2024-09-06,2000000.00,3.593847,100.955078125
08:00:33,91282CLJ8,TSRYS5875649,D,S,T,2024-09-06,1000000.00,3.593847,100.955078125
08:00:33,91282CLJ8,TSRYS5875649,D,S,T,2024-09-06,1000000.00,3.593847,100.955078125
08:00:33,91282CLJ8,TSRYS5875649,D,S,T,2024-09-06,2000000.00,3.593847,100.955078125
08:00:33,91282CLJ8,TSRYS5875649,D,S,T,2024-09-06,1000000.00,3.594164,100.953125
08:00:33,91282CLJ8,TSRYS5875649,D,S,T,2024-09-06,1000000.00,3.594164,100.953125
08:00:33,91282CLJ8,TSRYS5875649,D,S,T,2024-09-06,1000000.00,3.596068,100.94140625
08:00:33,91282CLJ8,TSRYS5875649,D,S,T,2024-09-06,1000000.00,3.596068,100.94140625
08:00:33,91282CLJ8,TSRYS5875649,D,S,T,2024-09-06,3000000.00,3.596068,100.94140625
08:00:33,91282CLJ8,TSRYS5875649,D,S,T,2024-09-06,3000000.00,3.596068,100.94140625
08:00:33,91282CLJ8,TSRYS5875649,D,S,T,2024-09-06,2000000.00,3.596068,100.94140625
08:00:33,91282CLJ8,TSRYS5875649,D,S,T,2024-09-06,1000000.00,3.596068,100.94140625
08:00:33,91282CLJ8,TSRYS5875649,D,S,T,2024-09-06,1000000.00,3.596068,100.94140625
08:00:33,91282CLJ8,TSRYS5875649,D,S,T,2024-09-06,2000000.00,3.596068,100.94140625
08:00:33,91282CLJ8,TSRYS5875649,D,S,T,2024-09-06,1000000.00,3.596068,100.94140625
08:00:33,91282CLJ8,TSRYS5875649,D,S,T,2024-09-06,1000000.00,3.596068,100.94140625
08:00:33,91282CLJ8,TSRYS5875649,D,S,T,2024-09-06,1000000.00,3.595116,100.947265625
08:00:33,91282CLJ8,TSRYS5875649,D,S,T,2024-09-06,1000000.00,3.595116,100.947265625
08:00:33,91282CLJ8,TSRYS5875649,D,S,D,2024-09-06,2000000.00,3.601782,100.90625
08:00:33,91282CLJ8,TSRYS5875649,D,S,D,2024-09-06,2000000.00,3.606862,100.875
08:00:33,91282CLJ8,TSRYS5875649,D,S,D,2024-09-06,2000000.00,3.606862,100.875
08:00:33,91282CLJ8,TSRYS5875649,D,S,D,2024-09-06,2000000.00,3.601782,100.90625
08:00:34,91282CLJ8,TSRYS5875649,D,S,T,2024-09-06,1000000.00,3.600194,100.916015625
08:00:34,91282CLJ8,TSRYS5875649,D,S,T,2024-09-06,1000000.00,3.59956,100.919921875
08:00:34,91282CLJ8,TSRYS5875649,D,S,T,2024-09-06,1000000.00,3.59956,100.919921875
08:00:34,91282CLJ8,TSRYS5875649,D,S,T,2024-09-06,1000000.00,3.59956,100.919921875
08:00:34,91282CLJ8,TSRYS5875649,D,S,T,2024-09-06,1000000.00,3.59956,100.919921875
08:00:34,91282CLJ8,TSRYS5875649,D,S,T,2024-09-06,1000000.00,3.600194,100.916015625
08:00:34,91282CLJ8,TSRYS5875649,D,S,T,2024-09-06,1000000.00,3.600194,100.916015625
08:00:34,91282CLJ8,TSRYS5875649,D,S,T,2024-09-06,1000000.00,3.597973,100.9296875
08:00:34,91282CLJ8,TSRYS5875649,D,S,T,2024-09-06,1000000.00,3.597973,100.9296875
08:00:34,91282CLJ8,TSRYS5875649,D,S,T,2024-09-06,2000000.00,3.598925,100.923828125
08:00:34,91282CLJ8,TSRYS5875649,D,S,T,2024-09-06,1000000.00,3.600829,100.912109375
08:00:34,91282CLJ8,TSRYS5875649,D,S,T,2024-09-06,1000000.00,3.602734,100.900390625
08:00:34,91282CLJ8,TSRYS5875649,D,S,T,2024-09-06,1000000.00,3.602734,100.900390625
08:00:34,91282CLJ8,TSRYS5875649,D,S,T,2024-09-06,1000000.00,3.602417,100.90234375
08:00:34,91282CLJ8,TSRYS5875649,D,S,T,2024-09-06,1000000.00,3.602417,100.90234375
08:00:34,91282CLJ8,TSRYS5875649,D,S,T,2024-09-06,1000000.00,3.604639,100.888671875
08:00:34,91282CLJ8,TSRYS5875649,D,S,T,2024-09-06,1000000.00,3.603052,100.8984375
08:00:34,91282CLJ8,TSRYS5875649,D,S,T,2024-09-06,1000000.00,3.604322,100.890625
08:00:34,91282CLJ8,TSRYS5875649,D,S,T,2024-09-06,1000000.00,3.604322,100.890625
08:00:34,91282CLJ8,TSRYS5875649,D,S,T,2024-09-06,1000000.00,3.604957,100.88671875
08:00:34,91282CLJ8,TSRYS5875649,D,S,T,2024-09-06,1000000.00,3.604957,100.88671875
08:00:34,91282CLJ8,TSRYS5875649,D,S,T,2024-09-06,1000000.00,3.604639,100.888671875
08:00:34,91282CLJ8,TSRYS5875649,D,S,T,2024-09-06,1000000.00,3.604004,100.892578125
08:00:34,91282CLJ8,TSRYS5875649,D,S,T,2024-09-06,1000000.00,3.604004,100.892578125
08:00:34,91282CLJ8,TSRYS5875649,D,S,T,2024-09-06,1000000.00,3.602734,100.900390625
08:00:34,91282CLJ8,TSRYS5875649,D,S,T,2024-09-06,1000000.00,3.602734,100.900390625
08:00:34,91282CLJ8,TSRYS5875649,D,S,T,2024-09-06,2000000.00,3.602734,100.900390625
08:00:34,91282CLJ8,TSRYS5875649,D,S,D,2024-09-06,1000000.00,3.628476,100.7421875
08:00:34,91282CLJ8,TSRYS5875649,D,S,D,2024-09-06,1000000.00,3.627203,100.75
08:00:34,91282CLJ8,TSRYS5875649,D,S,D,2024-09-06,1000000.00,3.628476,100.7421875
08:00:34,91282CLJ8,TSRYS5875649,D,S,D,2024-09-06,1000000.00,3.626567,100.75390625
08:00:34,91282CLJ8,TSRYS5875649,D,S,D,2024-09-06,1000000.00,3.624023,100.76953125
08:00:34,91282CLJ8,TSRYS5875649,D,S,D,2024-09-06,1000000.00,3.624023,100.76953125
08:00:34,91282CLJ8,TSRYS5875649,D,S,D,2024-09-06,1000000.00,3.617347,100.810546875
08:00:34,91282CLJ8,TSRYS5875649,D,S,D,2024-09-06,1000000.00,3.615758,100.8203125
08:00:34,91282CLJ8,TSRYS5875649,D,S,D,2024-09-06,1000000.00,3.606862,100.875
08:00:34,91282CLJ8,TSRYS5875649,D,S,D,2024-09-06,1000000.00,3.594164,100.953125
08:00:34,91282CLJ8,TSRYS5875649,D,S,D,2024-09-06,1000000.00,3.591626,100.96875
08:00:34,91282CLJ8,TSRYS5875649,D,S,D,2024-09-06,1000000.00,3.59702,100.935546875
08:00:34,91282CLJ8,TSRYS5875649,D,S,D,2024-09-06,1000000.00,3.600194,100.916015625
08:00:34,91282CLJ8,TSRYS5875649,D,S,D,2024-09-06,1000000.00,3.600194,100.916015625
08:00:34,91282CLJ8,TSRYS5875649,D,S,D,2024-09-06,1000000.00,3.601782,100.90625
08:00:34,91282CLJ8,TSRYS5875649,D,S,D,2024-09-06,1000000.00,3.601782,100.90625
08:00:34,91282CLJ8,TSRYS5875649,D,S,D,2024-09-06,1000000.00,3.595116,100.947265625
08:00:34,91282CLJ8,TSRYS5875649,D,S,D,2024-09-06,1000000.00,3.596068,100.94140625
08:00:34,91282CLJ8,TSRYS5875649,D,S,D,2024-09-06,1000000.00,3.593847,100.955078125
08:00:34,91282CLJ8,TSRYS5875649,D,S,D,2024-09-06,1000000.00,3.594164,100.953125
08:00:34,91282CLJ8,TSRYS5875649,D,S,D,2024-09-06,1000000.00,3.596068,100.94140625
08:00:34,91282CLJ8,TSRYS5875649,D,S,D,2024-09-06,1000000.00,3.594164,100.953125
08:00:34,91282CLJ8,TSRYS5875649,D,S,D,2024-09-06,1000000.00,3.609086,100.861328125
08:00:34,91282CLJ8,TSRYS5875649,D,B,C,2024-09-06,1000000.00,3.609086,100.861328125
08:00:34,91282CLJ8,TSRYS5875649,D,B,C,2024-09-06,1000000.00,3.608768,100.86328125
08:00:34,91282CLJ8,TSRYS5875649,D,S,D,2024-09-06,1000000.00,3.608768,100.86328125
08:00:34,91282CLJ8,TSRYS5875649,D,S,D,2024-09-06,1000000.00,3.597973,100.9296875
08:00:34,91282CLJ8,TSRYS5875649,D,S,D,2024-09-06,290000.00,3.601147,100.91015625
08:00:34,91282CLJ8,TSRYS5875649,D,S,D,2024-09-06,1000000.00,3.604004,100.892578125
08:00:34,91282CLJ8,TSRYS5875649,D,S,D,2024-09-06,1000000.00,3.604322,100.890625
08:00:34,91282CLJ8,TSRYS5875649,D,S,D,2024-09-06,1000000.00,3.604322,100.890625
08:00:34,91282CLJ8,TSRYS5875649,D,S,D,2024-09-06,1000000.00,3.603052,100.8984375
08:00:34,91282CLJ8,TSRYS5875649,D,S,D,2024-09-06,1000000.00,3.603052,100.8984375
08:00:34,91282CLJ8,TSRYS5875649,D,S,D,2024-09-06,1000000.00,3.603052,100.8984375
08:00:34,91282CLJ8,TSRYS5875649,D,S,D,2024-09-06,1000000.00,3.603052,100.8984375
08:00:34,91282CLJ8,TSRYS5875649,D,S,D,2024-09-06,1000000.00,3.603052,100.8984375
08:00:34,91282CLJ8,TSRYS5875649,D,S,D,2024-09-06,1000000.00,3.603687,100.89453125
08:00:34,91282CLJ8,TSRYS5875649,D,S,D,2024-09-06,1000000.00,3.603687,100.89453125
08:00:34,91282CLJ8,TSRYS5875649,D,S,D,2024-09-06,1000000.00,3.603687,100.89453125
08:00:34,91282CLJ8,TSRYS5875649,D,S,D,2024-09-06,1000000.00,3.603687,100.89453125
08:00:34,91282CLJ8,TSRYS5875649,D,S,D,2024-09-06,1000000.00,3.604322,100.890625
08:00:34,91282CLJ8,TSRYS5875649,D,S,D,2024-09-06,1000000.00,3.599877,100.91796875
08:00:34,91282CLJ8,TSRYS5875649,D,S,D,2024-09-06,1000000.00,3.599877,100.91796875
08:00:34,91282CLJ8,TSRYS5875649,D,S,D,2024-09-06,1000000.00,3.599877,100.91796875
08:00:34,91282CLJ8,TSRYS5875649,D,S,D,2024-09-06,1000000.00,3.604322,100.890625
08:00:34,91282CLJ8,TSRYS5875649,D,S,D,2024-09-06,1000000.00,3.604322,100.890625
08:00:34,91282CLJ8,TSRYS5875649,D,S,D,2024-09-06,1000000.00,3.602417,100.90234375
08:00:34,91282CLJ8,TSRYS5875649,D,S,D,2024-09-06,1000000.00,3.603052,100.8984375
08:00:34,91282CLJ8,TSRYS5875649,D,S,D,2024-09-06,1000000.00,3.628476,100.7421875
08:00:34,91282CLJ8,TSRYS5875649,D,S,D,2024-09-06,1000000.00,3.624023,100.76953125
08:00:34,91282CLJ8,TSRYS5875649,D,B,C,2024-09-06,1000000.00,3.60591,100.880859375
08:00:34,91282CLJ8,TSRYS5875649,D,S,D,2024-09-06,1000000.00,3.594164,100.953125
08:00:34,91282CLJ8,TSRYS5875649,D,S,D,2024-09-06,1000000.00,3.594164,100.953125
08:00:34,91282CLJ8,TSRYS5875649,D,S,D,2024-09-06,1000000.00,3.594164,100.953125
08:00:34,91282CLJ8,TSRYS5875649,D,S,D,2024-09-06,1000000.00,3.589088,100.984375
08:00:34,91282CLJ8,TSRYS5875649,D,S,D,2024-09-06,2000000.00,3.589088,100.984375
08:00:34,91282CLJ8,TSRYS5875649,D,S,D,2024-09-06,2000000.00,3.587502,100.994140625
08:00:34,91282CLJ8,TSRYS5875649,D,S,D,2024-09-06,1000000.00,3.594482,100.951171875
08:00:34,91282CLJ8,TSRYS5875649,D,S,D,2024-09-06,1000000.00,3.594482,100.951171875
08:00:34,91282CLJ8,TSRYS5875649,D,S,D,2024-09-06,2000000.00,3.594482,100.951171875
08:00:34,91282CLJ8,TSRYS5875649,D,S,D,2024-09-06,2000000.00,3.59226,100.96484375
08:00:34,91282CLJ8,TSRYS5875649,D,S,D,2024-09-06,2000000.00,3.594799,100.94921875
08:00:34,91282CLJ8,TSRYS5875649,D,S,D,2024-09-06,2000000.00,3.601147,100.91015625
08:00:34,91282CLJ8,TSRYS5875649,D,S,D,2024-09-06,1000000.00,3.601464,100.908203125
08:00:34,91282CLJ8,TSRYS5875649,D,S,D,2024-09-06,1000000.00,3.601782,100.90625
08:00:34,91282CLJ8,TSRYS5875649,D,S,D,2024-09-06,1000000.00,3.601782,100.90625
08:00:34,91282CLJ8,TSRYS5875649,D,S,D,2024-09-06,1000000.00,3.601782,100.90625
08:00:34,91282CLJ8,TSRYS5875649,D,S,D,2024-09-06,2000000.00,3.604004,100.892578125
08:00:34,91282CLJ8,TSRYS5875649,D,S,D,2024-09-06,2000000.00,3.601782,100.90625
08:00:34,91282CLJ8,TSRYS5875649,D,S,D,2024-09-06,1000000.00,3.604004,100.892578125
08:00:34,91282CLJ8,TSRYS5875649,D,S,D,2024-09-06,1000000.00,3.60591,100.880859375
08:00:34,91282CLJ8,TSRYS5875649,D,S,D,2024-09-06,1000000.00,3.59702,100.935546875
08:00:34,91282CLJ8,TSRYS5875649,D,S,D,2024-09-06,2000000.00,3.59702,100.935546875
08:00:34,91282CLJ8,TSRYS5875649,D,S,D,2024-09-06,1000000.00,3.59702,100.935546875
08:00:34,91282CLJ8,TSRYS5875649,D,S,D,2024-09-06,1000000.00,3.59702,100.935546875
08:00:34,91282CLJ8,TSRYS5875649,D,S,D,2024-09-06,2000000.00,3.602099,100.904296875
08:00:34,91282CLJ8,TSRYS5875649,D,S,D,2024-09-06,1000000.00,3.602099,100.904296875
08:00:34,91282CLJ8,TSRYS5875649,D,S,D,2024-09-06,1000000.00,3.603052,100.8984375
08:00:34,91282CLJ8,TSRYS5875649,D,S,D,2024-09-06,3000000.00,3.603369,100.896484375
08:00:34,91282CLJ8,TSRYS5875649,D,S,D,2024-09-06,2000000.00,3.604322,100.890625
08:00:34,91282CLJ8,TSRYS5875649,D,S,D,2024-09-06,1000000.00,3.604322,100.890625
08:00:34,91282CLJ8,TSRYS5875649,D,S,D,2024-09-06,1000000.00,3.604322,100.890625
08:00:34,91282CLJ8,TSRYS5875649,D,S,D,2024-09-06,1000000.00,3.604957,100.88671875
08:00:34,91282CLJ8,TSRYS5875649,D,S,D,2024-09-06,1000000.00,3.604639,100.888671875
08:00:34,91282CLJ8,TSRYS5875649,D,S,D,2024-09-06,1000000.00,3.602734,100.900390625
08:00:35,91282CLJ8,TSRYS5875649,D,B,C,2024-09-06,1000000.00,3.60591,100.880859375
08:00:35,91282CLJ8,TSRYS5875649,D,S,D,2024-09-06,1000000.00,3.60591,100.880859375
08:00:35,91282CLJ8,TSRYS5875649,D,S,D,2024-09-06,1000000.00,3.606862,100.875
08:00:35,91282CLJ8,TSRYS5875649,D,B,C,2024-09-06,1000000.00,3.604322,100.890625
08:00:35,91282CLJ8,TSRYS5875649,D,S,D,2024-09-06,1000000.00,3.604322,100.890625
08:00:35,91282CLJ8,TSRYS5875649,D,B,C,2024-09-06,1000000.00,3.606862,100.875
08:00:35,91282CLJ8,TSRYS5875649,D,S,D,2024-09-06,1000000.00,3.606862,100.875
08:00:37,91282CLJ8,TSRYS5875649,D,S,T,2024-09-06,1000000.00,3.627203,100.75
08:00:37,91282CLJ8,TSRYS5875649,D,S,D,2024-09-06,1000000.00,3.622115,100.78125
08:00:37,91282CLJ8,TSRYS5875649,D,S,T,2024-09-06,1000000.00,3.608451,100.865234375
08:00:37,91282CLJ8,TSRYS5875649,D,S,D,2024-09-06,3000000.00,3.598373,100.92722
08:00:37,91282CLJ8,TSRYS5875649,D,B,A,2024-09-06,1000000.00,3.595434,100.9453125
08:00:37,91282CLJ8,TSRYS5875649,D,S,T,2024-09-06,1000000.00,3.590674,100.974609375
08:00:37,91282CLJ8,TSRYS5875649,D,S,T,2024-09-06,2000000.00,3.590674,100.974609375
08:00:37,91282CLJ8,TSRYS5875649,D,S,T,2024-09-06,1000000.00,3.595434,100.9453125
08:00:37,91282CLJ8,TSRYS5875649,D,S,T,2024-09-06,1000000.00,3.595434,100.9453125
08:00:37,91282CLJ8,TSRYS5875649,D,S,A,2024-09-06,15000000.00,3.59353,100.95703125
08:00:38,91282CLJ8,TSRYS5875649,D,S,C,2024-09-06,495000.00,3.597338,100.93359375
08:00:38,91282CLJ8,TSRYS5875649,D,B,A,2024-09-06,1000000.00,3.603052,100.8984375
08:00:38,91282CLJ8,TSRYS5875649,D,S,A,2024-09-06,1000000.00,3.59829,100.927734375
08:00:38,91282CLJ8,TSRYS5875649,D,S,T,2024-09-06,1000000.00,3.594164,100.953125
08:00:38,91282CLJ8,TSRYS5875649,D,S,D,2024-09-06,6751000.00,3.59944,100.921875
08:00:38,91282CLJ8,TSRYS5875649,D,B,C,2024-09-06,6022000.00,3.597338,100.93359375
08:00:38,91282CLJ8,TSRYS5875649,D,S,T,2024-09-06,1000000.00,3.599242,100.921875
08:00:38,91282CLJ8,TSRYS5875649,D,S,D,2024-09-06,1000000.00,3.59891,100.9239173228
08:00:38,91282CLJ8,TSRYS5875649,D,S,D,2024-09-06,1000000.00,3.603052,100.8984375
08:00:38,91282CLJ8,TSRYS5875649,D,S,D,2024-09-06,1000000.00,3.604322,100.890625
08:00:38,91282CLJ8,TSRYS5875649,D,S,D,2024-09-06,1000000.00,3.603052,100.8984375
08:00:38,91282CLJ8,TSRYS5875649,D,S,D,2024-09-06,2000000.00,3.603603,100.8950449065
08:00:38,91282CLJ8,TSRYS5875649,D,S,D,2024-09-06,1000000.00,3.605199,100.8852331447
08:00:38,91282CLJ8,TSRYS5875649,D,S,D,2024-09-06,1000000.00,3.605403,100.8839751476
08:00:38,91282CLJ8,TSRYS5875649,D,S,D,2024-09-06,1000000.00,3.604934,100.886863312
08:00:38,91282CLJ8,TSRYS5875649,D,S,D,2024-09-06,1000000.00,3.604934,100.886863312
08:00:38,91282CLJ8,TSRYS5875649,D,S,D,2024-09-06,1000000.00,3.604934,100.886863312
08:00:38,91282CLJ8,TSRYS5875649,D,S,D,2024-09-06,1000000.00,3.604934,100.886863312
08:00:38,91282CLJ8,TSRYS5875649,D,S,D,2024-09-06,1000000.00,3.606862,100.875
08:00:38,91282CLJ8,TSRYS5875649,D,S,D,2024-09-06,1000000.00,3.605403,100.8839751476
08:00:38,91282CLJ8,TSRYS5875649,D,S,D,2024-09-06,1000000.00,3.606616,100.8765132874
08:00:38,91282CLJ8,TSRYS5875649,D,S,D,2024-09-06,1000000.00,3.606734,100.8757904774
08:00:38,91282CLJ8,TSRYS5875649,D,S,D,2024-09-06,1000000.00,3.603052,100.8984375
08:00:38,91282CLJ8,TSRYS5875649,D,S,D,2024-09-06,3000000.00,3.606862,100.875
08:00:38,91282CLJ8,TSRYS5875649,D,S,D,2024-09-06,2000000.00,3.606862,100.875
08:00:38,91282CLJ8,TSRYS5875649,D,S,D,2024-09-06,1000000.00,3.606862,100.875
08:00:41,91282CLJ8,TSRYS5875649,D,S,D,2024-09-06,1881900.00,3.596703,100.9375
08:00:42,91282CLJ8,TSRYS5875649,D,B,C,2024-09-06,1000000.00,3.594482,100.951171875
08:00:42,91282CLJ8,TSRYS5875649,D,S,D,2024-09-06,1000000.00,3.594482,100.951171875
08:00:42,91282CLJ8,TSRYS5875649,D,S,D,2024-09-06,1000000.00,3.594164,100.953125
08:00:44,91282CLJ8,TSRYS5875649,D,S,D,2024-09-06,1000000.00,3.595434,100.9453125
08:00:44,91282CLJ8,TSRYS5875649,D,S,A,2024-09-06,40000000.00,3.601977,100.90625
08:00:44,91282CLJ8,TSRYS5875649,D,B,C,2024-09-06,1881900.00,3.596703,100.9375
08:00:45,91282CLJ8,TSRYS5875649,D,B,C,2024-09-06,1000000.00,3.59829,100.927734375
08:00:45,91282CLJ8,TSRYS5875649,D,S,D,2024-09-06,1000000.00,3.59829,100.927734375
08:00:49,91282CLJ8,TSRYS5875649,D,S,T,2024-09-06,1000000.00,3.597973,100.9296875
08:00:50,91282CLJ8,TSRYS5875649,D,S,T,2024-09-06,2000000.00,3.591626,100.96875
08:00:50,91282CLJ8,TSRYS5875649,D,S,T,2024-09-06,1000000.00,3.591626,100.96875
08:00:50,91282CLJ8,TSRYS5875649,D,S,D,2024-09-06,1000000.00,3.590674,100.974609375
08:00:50,91282CLJ8,TSRYS5875649,D,S,D,2024-09-06,1000000.00,3.59829,100.927734375
08:00:51,91282CLJ8,TSRYS5875649,D,S,D,2024-09-06,1000000.00,3.59956,100.919921875
08:00:51,91282CLJ8,TSRYS5875649,D,S,D,2024-09-06,1000000.00,3.59956,100.919921875
08:00:51,91282CLJ8,TSRYS5875649,D,S,D,2024-09-06,1000000.00,3.59956,100.919921875
08:00:51,91282CLJ8,TSRYS5875649,D,S,T,2024-09-06,1000000.00,3.600512,100.9140625
08:00:52,91282CLJ8,TSRYS5875649,D,S,T,2024-09-06,1000000.00,3.601782,100.90625
08:00:52,91282CLJ8,TSRYS5875649,D,S,T,2024-09-06,1000000.00,3.600512,100.9140625
08:00:52,91282CLJ8,TSRYS5875649,D,S,T,2024-09-06,1000000.00,3.600512,100.9140625
08:00:52,91282CLJ8,TSRYS5875649,D,S,D,2024-09-06,2000000.00,3.602417,100.90234375
08:00:52,91282CLJ8,TSRYS5875649,D,S,D,2024-09-06,1000000.00,3.603687,100.89453125
08:00:53,91282CLJ8,TSRYS5875649,D,S,D,2024-09-06,15000000.00,3.603052,100.8984375
08:00:53,91282CLJ8,TSRYS5875649,D,S,C,2024-09-06,1000000.00,3.592578,100.962890625
08:00:54,91282CLJ8,TSRYS5875649,D,S,C,2024-09-06,1000000.00,3.592895,100.9609375
08:00:54,91282CLJ8,TSRYS5875649,D,S,D,2024-09-06,1000000.00,3.592895,100.9609375
08:00:55,91282CLJ8,TSRYS5875649,D,S,C,2024-09-06,1000000.00,3.591943,100.966796875
08:00:55,91282CLJ8,TSRYS5875649,D,S,D,2024-09-06,1000000.00,3.591943,100.966796875
08:00:55,91282CLJ8,TSRYS5875649,D,S,D,2024-09-06,1000000.00,3.595434,100.9453125
08:00:55,91282CLJ8,TSRYS5875649,D,S,D,2024-09-06,300000.00,3.605592,100.8828125
08:00:57,91282CLJ8,TSRYS5875649,D,S,D,2024-09-06,2000000.00,3.59956,100.919921875
08:00:57,91282CLJ8,TSRYS5875649,D,S,D,2024-09-06,1000000.00,3.599242,100.921875
08:00:57,91282CLJ8,TSRYS5875649,D,S,D,2024-09-06,1000000.00,3.600512,100.9140625
08:00:59,91282CLJ8,TSRYS5875649,D,S,D,2024-09-06,3000000.00,3.59956,100.919921875
08:00:59,91282CLJ8,TSRYS5875649,D,S,D,2024-09-06,1000000.00,3.59956,100.919921875
08:00:59,91282CLJ8,TSRYS5875649,D,S,D,2024-09-06,1000000.00,3.597973,100.9296875
08:01:00,91282CLJ8,TSRYS5875649,D,S,C,2024-09-06,1000000.00,3.628476,100.7421875
08:01:01,91282CLJ8,TSRYS5875649,D,B,C,2024-09-06,2000000.00,3.601147,100.91015625
08:01:01,91282CLJ8,TSRYS5875649,D,S,D,2024-09-06,290000.00,3.601098,100.91045625
08:01:01,91282CLJ8,TSRYS5875649,D,S,D,2024-09-06,2000000.00,3.601098,100.91045625
08:01:02,91282CLJ8,TSRYS5875649,D,B,C,2024-09-06,35000000.00,3.603687,100.89453125
08:01:02,91282CLJ8,TSRYS5875649,D,S,T,2024-09-06,1000000.00,3.603052,100.8984375
08:01:02,91282CLJ8,TSRYS5875649,D,S,T,2024-09-06,1000000.00,3.602734,100.900390625
08:01:02,91282CLJ8,TSRYS5875649,D,S,T,2024-09-06,1000000.00,3.602734,100.900390625
08:01:02,91282CLJ8,TSRYS5875649,D,S,T,2024-09-06,1000000.00,3.602417,100.90234375
08:01:02,91282CLJ8,TSRYS5875649,D,S,T,2024-09-06,1000000.00,3.602099,100.904296875
08:01:02,91282CLJ8,TSRYS5875649,D,S,T,2024-09-06,1000000.00,3.601782,100.90625
08:01:02,91282CLJ8,TSRYS5875649,D,S,T,2024-09-06,1000000.00,3.601782,100.90625
08:01:02,91282CLJ8,TSRYS5875649,D,S,T,2024-09-06,1000000.00,3.601464,100.908203125
08:01:02,91282CLJ8,TSRYS5875649,D,S,T,2024-09-06,1000000.00,3.601147,100.91015625
08:01:03,91282CLJ8,TSRYS5875649,D,S,D,2024-09-06,1000000.00,3.590674,100.974609375
08:01:03,91282CLJ8,TSRYS5875649,D,S,D,2024-09-06,1000000.00,3.590674,100.974609375
08:01:03,91282CLJ8,TSRYS5875649,D,S,D,2024-09-06,1600000.00,3.59226,100.96484375
08:01:04,91282CLJ8,TSRYS5875649,D,S,C,2024-09-06,1000000.00,3.625931,100.7578125
08:01:04,91282CLJ8,TSRYS5875649,D,S,D,2024-09-06,300000.00,3.599307,100.921475
08:01:04,91282CLJ8,TSRYS5875649,D,S,T,2024-09-06,1000000.00,3.599242,100.921875
08:01:04,91282CLJ8,TSRYS5875649,D,S,C,2024-09-06,1000000.00,3.625931,100.7578125
08:01:04,91282CLJ8,TSRYS5875649,D,S,D,2024-09-06,1000000.00,3.603052,100.8984375
08:01:04,91282CLJ8,TSRYS5875649,D,B,C,2024-09-06,1000000.00,3.604322,100.890625
08:01:04,91282CLJ8,TSRYS5875649,D,S,D,2024-09-06,1000000.00,3.604322,100.890625
08:01:04,91282CLJ8,TSRYS5875649,D,S,D,2024-09-06,1000000.00,3.59956,100.919921875
08:01:04,91282CLJ8,TSRYS5875649,D,S,T,2024-09-06,1000000.00,3.603084,100.8982375
08:01:05,91282CLJ8,TSRYS5875649,D,S,T,2024-09-06,1000000.00,3.623408,100.7733075
08:01:05,91282CLJ8,TSRYS5875649,D,S,T,2024-09-06,1000000.00,3.623408,100.7733075
08:01:05,91282CLJ8,TSRYS5875649,D,S,T,2024-09-06,1000000.00,3.623408,100.7733075
08:01:05,91282CLJ8,TSRYS5875649,D,S,D,2024-09-06,1000000.00,3.603052,100.8984375
08:01:05,91282CLJ8,TSRYS5875649,D,S,D,2024-09-06,1000000.00,3.603369,100.896484375
08:01:05,91282CLJ8,TSRYS5875649,D,S,D,2024-09-06,1000000.00,3.603052,100.8984375
08:01:05,91282CLJ8,TSRYS5875649,D,S,T,2024-09-06,1000000.00,3.597354,100.93349375
08:01:05,91282CLJ8,TSRYS5875649,D,S,D,2024-09-06,1000000.00,3.603369,100.896484375
08:01:06,91282CLJ8,TSRYS5875649,D,S,D,2024-09-06,1000000.00,3.628476,100.7421875
08:01:06,91282CLJ8,TSRYS5875649,D,S,D,2024-09-06,1000000.00,3.627521,100.748046875
08:01:06,91282CLJ8,TSRYS5875649,D,B,C,2024-09-06,1000000.00,3.628476,100.7421875
08:01:06,91282CLJ8,TSRYS5875649,D,S,D,2024-09-06,1000000.00,3.628476,100.7421875
08:01:06,91282CLJ8,TSRYS5875649,D,S,D,2024-09-06,1000000.00,3.628476,100.7421875
08:01:06,91282CLJ8,TSRYS5875649,D,B,C,2024-09-06,1000000.00,3.628476,100.7421875
08:01:06,91282CLJ8,TSRYS5875649,D,B,C,2024-09-06,1000000.00,3.628476,100.7421875
08:01:06,91282CLJ8,TSRYS5875649,D,S,D,2024-09-06,1000000.00,3.625931,100.7578125
08:01:06,91282CLJ8,TSRYS5875649,D,S,D,2024-09-06,1000000.00,3.627203,100.75
08:01:06,91282CLJ8,TSRYS5875649,D,S,T,2024-09-06,3000000.00,3.601782,100.90625
08:01:06,91282CLJ8,TSRYS5875649,D,S,D,2024-09-06,1000000.00,3.627203,100.75
08:01:06,91282CLJ8,TSRYS5875649,D,B,C,2024-09-06,1000000.00,3.625931,100.7578125
08:01:06,91282CLJ8,TSRYS5875649,D,B,C,2024-09-06,1000000.00,3.627203,100.75
08:01:06,91282CLJ8,TSRYS5875649,D,S,C,2024-09-06,1000000.00,3.620208,100.79296875
08:01:06,91282CLJ8,TSRYS5875649,D,B,C,2024-09-06,1000000.00,3.627521,100.748046875
08:01:06,91282CLJ8,TSRYS5875649,D,S,C,2024-09-06,1000000.00,3.620208,100.79296875
08:01:06,91282CLJ8,TSRYS5875649,D,S,C,2024-09-06,1000000.00,3.621798,100.783203125
08:01:06,91282CLJ8,TSRYS5875649,D,S,C,2024-09-06,1000000.00,3.622115,100.78125
08:01:06,91282CLJ8,TSRYS5875649,D,S,C,2024-09-06,2000000.00,3.621798,100.783203125
08:01:06,91282CLJ8,TSRYS5875649,D,S,C,2024-09-06,2000000.00,3.622115,100.78125
08:01:06,91282CLJ8,TSRYS5875649,D,S,C,2024-09-06,1000000.00,3.61989,100.794921875
08:01:06,91282CLJ8,TSRYS5875649,D,S,C,2024-09-06,1000000.00,3.624023,100.76953125
08:01:06,91282CLJ8,TSRYS5875649,D,S,T,2024-09-06,1000000.00,3.603703,100.89443125
08:01:06,91282CLJ8,TSRYS5875649,D,S,C,2024-09-06,1000000.00,3.626885,100.751953125
08:01:06,91282CLJ8,TSRYS5875649,D,S,T,2024-09-06,1000000.00,3.627225,100.74987
08:01:06,91282CLJ8,TSRYS5875649,D,S,C,2024-09-06,1000000.00,3.626567,100.75390625
08:01:06,91282CLJ8,TSRYS5875649,D,B,C,2024-09-06,1000000.00,3.626885,100.751953125
08:01:06,91282CLJ8,TSRYS5875649,D,S,D,2024-09-06,1000000.00,3.626567,100.75390625
08:01:06,91282CLJ8,TSRYS5875649,D,S,T,2024-09-06,1000000.00,3.627225,100.74987
08:01:06,91282CLJ8,TSRYS5875649,D,S,C,2024-09-06,1000000.00,3.624023,100.76953125
08:01:06,91282CLJ8,TSRYS5875649,D,S,D,2024-09-06,1000000.00,3.626567,100.75390625
08:01:07,91282CLJ8,TSRYS5875649,D,S,T,2024-09-06,1000000.00,3.603052,100.8984375
08:01:07,91282CLJ8,TSRYS5875649,D,S,C,2024-09-06,2000000.00,3.627521,100.748046875
08:01:07,91282CLJ8,TSRYS5875649,D,S,T,2024-09-06,1000000.00,3.627225,100.74987
08:01:07,91282CLJ8,TSRYS5875649,D,S,C,2024-09-06,1000000.00,3.624977,100.763671875
08:01:07,91282CLJ8,TSRYS5875649,D,S,T,2024-09-06,1000000.00,3.603052,100.8984375
08:01:07,91282CLJ8,TSRYS5875649,D,S,C,2024-09-06,1000000.00,3.624977,100.763671875
08:01:07,91282CLJ8,TSRYS5875649,D,S,C,2024-09-06,1000000.00,3.624659,100.765625
08:01:07,91282CLJ8,TSRYS5875649,D,S,T,2024-09-06,1000000.00,3.601782,100.90625
08:01:07,91282CLJ8,TSRYS5875649,D,S,C,2024-09-06,1000000.00,3.624659,100.765625
08:01:07,91282CLJ8,TSRYS5875649,D,S,T,2024-09-06,1000000.00,3.627225,100.74987
08:01:07,91282CLJ8,TSRYS5875649,D,S,D,2024-09-06,495000.00,3.604639,100.888671875
08:01:07,91282CLJ8,TSRYS5875649,D,S,C,2024-09-06,1000000.00,3.617983,100.806640625
08:01:07,91282CLJ8,TSRYS5875649,D,S,C,2024-09-06,1000000.00,3.622433,100.779296875
08:01:07,91282CLJ8,TSRYS5875649,D,S,C,2024-09-06,1000000.00,3.617347,100.810546875
08:01:07,91282CLJ8,TSRYS5875649,D,S,T,2024-09-06,1000000.00,3.599242,100.921875
08:01:07,91282CLJ8,TSRYS5875649,D,S,D,2024-09-06,1000000.00,3.617983,100.806640625
08:01:07,91282CLJ8,TSRYS5875649,D,B,C,2024-09-06,1000000.00,3.617665,100.80859375
08:01:07,91282CLJ8,TSRYS5875649,D,B,C,2024-09-06,1000000.00,3.617983,100.806640625
08:01:07,91282CLJ8,TSRYS5875649,D,B,C,2024-09-06,1000000.00,3.617983,100.806640625
08:01:07,91282CLJ8,TSRYS5875649,D,S,C,2024-09-06,1000000.00,3.617665,100.80859375
08:01:07,91282CLJ8,TSRYS5875649,D,S,C,2024-09-06,1000000.00,3.617347,100.810546875
08:01:07,91282CLJ8,TSRYS5875649,D,S,C,2024-09-06,1000000.00,3.617347,100.810546875
08:01:07,91282CLJ8,TSRYS5875649,D,S,C,2024-09-06,1000000.00,3.617347,100.810546875
08:01:07,91282CLJ8,TSRYS5875649,D,S,D,2024-09-06,1000000.00,3.616076,100.818359375
08:01:07,91282CLJ8,TSRYS5875649,D,B,C,2024-09-06,1000000.00,3.616076,100.818359375
08:01:07,91282CLJ8,TSRYS5875649,D,S,D,2024-09-06,1000000.00,3.615758,100.8203125
08:01:07,91282CLJ8,TSRYS5875649,D,S,A,2024-09-06,100000000.00,3.599242,100.921875
08:01:07,91282CLJ8,TSRYS5875649,D,S,D,2024-09-06,1000000.00,3.612263,100.841796875
08:01:07,91282CLJ8,TSRYS5875649,D,B,A,2024-09-06,2000000.00,3.603687,100.89453125
08:01:07,91282CLJ8,TSRYS5875649,D,S,T,2024-09-06,1000000.00,3.602417,100.90234375
08:01:07,91282CLJ8,TSRYS5875649,D,B,C,2024-09-06,1000000.00,3.612263,100.841796875
08:01:07,91282CLJ8,TSRYS5875649,D,S,T,2024-09-06,1000000.00,3.602417,100.90234375
08:01:07,91282CLJ8,TSRYS5875649,D,S,C,2024-09-06,1000000.00,3.611945,100.84375
08:01:08,91282CLJ8,TSRYS5875649,D,S,C,2024-09-06,2000000.00,3.61258,100.83984375
08:01:08,91282CLJ8,TSRYS5875649,D,S,T,2024-09-06,3000000.00,3.591943,100.966796875
08:01:08,91282CLJ8,TSRYS5875649,D,S,C,2024-09-06,1000000.00,3.613851,100.83203125
08:01:08,91282CLJ8,TSRYS5875649,D,S,D,2024-09-06,1000000.00,3.60718,100.873046875
08:01:08,91282CLJ8,TSRYS5875649,D,S,D,2024-09-06,1000000.00,3.606862,100.875
08:01:08,91282CLJ8,TSRYS5875649,D,B,C,2024-09-06,1000000.00,3.60718,100.873046875
08:01:08,91282CLJ8,TSRYS5875649,D,B,C,2024-09-06,1000000.00,3.605592,100.8828125
08:01:08,91282CLJ8,TSRYS5875649,D,S,D,2024-09-06,1000000.00,3.605592,100.8828125
08:01:08,91282CLJ8,TSRYS5875649,D,B,C,2024-09-06,1000000.00,3.605592,100.8828125
08:01:08,91282CLJ8,TSRYS5875649,D,S,D,2024-09-06,1000000.00,3.605592,100.8828125
08:01:08,91282CLJ8,TSRYS5875649,D,S,D,2024-09-06,1000000.00,3.605592,100.8828125
08:01:08,91282CLJ8,TSRYS5875649,D,B,C,2024-09-06,1000000.00,3.605592,100.8828125
08:01:08,91282CLJ8,TSRYS5875649,D,S,D,2024-09-06,1000000.00,3.605592,100.8828125
08:01:08,91282CLJ8,TSRYS5875649,D,S,D,2024-09-06,1000000.00,3.605592,100.8828125
08:01:08,91282CLJ8,TSRYS5875649,D,B,C,2024-09-06,1000000.00,3.605592,100.8828125
08:01:08,91282CLJ8,TSRYS5875649,D,B,C,2024-09-06,1000000.00,3.605592,100.8828125
08:01:08,91282CLJ8,TSRYS5875649,D,B,C,2024-09-06,1000000.00,3.605592,100.8828125
08:01:08,91282CLJ8,TSRYS5875649,D,S,D,2024-09-06,1000000.00,3.605592,100.8828125
08:01:08,91282CLJ8,TSRYS5875649,D,B,C,2024-09-06,1000000.00,3.605592,100.8828125
08:01:08,91282CLJ8,TSRYS5875649,D,S,D,2024-09-06,1000000.00,3.605592,100.8828125
08:01:08,91282CLJ8,TSRYS5875649,D,B,C,2024-09-06,1000000.00,3.605592,100.8828125
08:01:08,91282CLJ8,TSRYS5875649,D,S,D,2024-09-06,1000000.00,3.605592,100.8828125
08:01:08,91282CLJ8,TSRYS5875649,D,B,C,2024-09-06,1000000.00,3.605592,100.8828125
08:01:08,91282CLJ8,TSRYS5875649,D,S,D,2024-09-06,1000000.00,3.605592,100.8828125
08:01:08,91282CLJ8,TSRYS5875649,D,S,C,2024-09-06,1000000.00,3.60591,100.880859375
08:01:08,91282CLJ8,TSRYS5875649,D,S,D,2024-09-06,1000000.00,3.606862,100.875
08:01:08,91282CLJ8,TSRYS5875649,D,S,D,2024-09-06,1000000.00,3.603052,100.8984375
08:01:08,91282CLJ8,TSRYS5875649,D,S,C,2024-09-06,1000000.00,3.60591,100.880859375
08:01:08,91282CLJ8,TSRYS5875649,D,S,D,2024-09-06,200000.00,3.601717,100.90665
08:01:08,91282CLJ8,TSRYS5875649,D,S,D,2024-09-06,1000000.00,3.602993,100.8988
08:01:08,91282CLJ8,TSRYS5875649,D,S,C,2024-09-06,1000000.00,3.604957,100.88671875
08:01:08,91282CLJ8,TSRYS5875649,D,S,C,2024-09-06,1000000.00,3.605592,100.8828125
08:01:09,91282CLJ8,TSRYS5875649,D,S,T,2024-09-06,1000000.00,3.597338,100.93359375
08:01:09,91282CLJ8,TSRYS5875649,D,S,T,2024-09-06,1000000.00,3.597338,100.93359375
08:01:09,91282CLJ8,TSRYS5875649,D,S,C,2024-09-06,1000000.00,3.600194,100.916015625
08:01:11,91282CLJ8,TSRYS5875649,D,S,D,2024-09-06,1000000.00,3.627203,100.75
08:01:11,91282CLJ8,TSRYS5875649,D,S,D,2024-09-06,1000000.00,3.627203,100.75
08:01:11,91282CLJ8,TSRYS5875649,D,S,D,2024-09-06,4000000.00,3.627024,100.7511
08:01:11,91282CLJ8,TSRYS5875649,D,S,D,2024-09-06,1000000.00,3.627024,100.7511
08:01:11,91282CLJ8,TSRYS5875649,D,S,D,2024-09-06,1000000.00,3.627024,100.7511
08:01:11,91282CLJ8,TSRYS5875649,D,S,D,2024-09-06,1000000.00,3.627342,100.7491469
08:01:11,91282CLJ8,TSRYS5875649,D,S,D,2024-09-06,5000000.00,3.615898,100.81945
08:01:12,91282CLJ8,TSRYS5875649,D,S,C,2024-09-06,1000000.00,3.626567,100.75390625
08:01:12,91282CLJ8,TSRYS5875649,D,S,C,2024-09-06,1000000.00,3.626567,100.75390625
08:01:13,91282CLJ8,TSRYS5875649,D,S,D,2024-09-06,1000000.00,3.624659,100.765625
08:01:13,91282CLJ8,TSRYS5875649,D,S,D,2024-09-06,1000000.00,3.624659,100.765625
08:01:13,91282CLJ8,TSRYS5875649,D,S,D,2024-09-06,1000000.00,3.624659,100.765625
08:01:14,91282CLJ8,TSRYS5875649,D,S,D,2024-09-06,1000000.00,3.623387,100.7734375
08:01:14,91282CLJ8,TSRYS5875649,D,S,D,2024-09-06,2000000.00,3.623387,100.7734375
08:01:14,91282CLJ8,TSRYS5875649,D,S,D,2024-09-06,2000000.00,3.623387,100.7734375
08:01:14,91282CLJ8,TSRYS5875649,D,S,D,2024-09-06,2000000.00,3.623387,100.7734375
08:01:14,91282CLJ8,TSRYS5875649,D,S,D,2024-09-06,2000000.00,3.622115,100.78125
08:01:14,91282CLJ8,TSRYS5875649,D,S,D,2024-09-06,1000000.00,3.622433,100.779296875
08:01:14,91282CLJ8,TSRYS5875649,D,S,D,2024-09-06,1000000.00,3.622433,100.779296875
08:01:14,91282CLJ8,TSRYS5875649,D,S,D,2024-09-06,2000000.00,3.622115,100.78125
08:01:14,91282CLJ8,TSRYS5875649,D,S,D,2024-09-06,1000000.00,3.622115,100.78125
08:01:14,91282CLJ8,TSRYS5875649,D,S,D,2024-09-06,1000000.00,3.622115,100.78125
08:01:14,91282CLJ8,TSRYS5875649,D,S,D,2024-09-06,1000000.00,3.622115,100.78125
08:01:15,91282CLJ8,TSRYS5875649,D,S,T,2024-09-06,1000000.00,3.599242,100.921875
08:01:16,91282CLJ8,TSRYS5875649,D,S,D,2024-09-06,2000000.00,3.623387,100.7734375
08:01:16,91282CLJ8,TSRYS5875649,D,S,D,2024-09-06,1000000.00,3.622115,100.78125
08:01:16,91282CLJ8,TSRYS5875649,D,S,T,2024-09-06,1000000.00,3.624659,100.765625
08:01:16,91282CLJ8,TSRYS5875649,D,S,T,2024-09-06,1000000.00,3.624659,100.765625
08:01:16,91282CLJ8,TSRYS5875649,D,S,T,2024-09-06,1000000.00,3.624659,100.765625
08:01:16,91282CLJ8,TSRYS5875649,D,S,T,2024-09-06,1000000.00,3.623387,100.7734375
08:01:16,91282CLJ8,TSRYS5875649,D,S,T,2024-09-06,2000000.00,3.623387,100.7734375
08:01:16,91282CLJ8,TSRYS5875649,D,S,T,2024-09-06,2000000.00,3.623387,100.7734375
08:01:16,91282CLJ8,TSRYS5875649,D,S,T,2024-09-06,2000000.00,3.623387,100.7734375
08:01:16,91282CLJ8,TSRYS5875649,D,S,T,2024-09-06,2000000.00,3.622115,100.78125
08:01:16,91282CLJ8,TSRYS5875649,D,S,T,2024-09-06,1000000.00,3.622433,100.77929687
08:01:16,91282CLJ8,TSRYS5875649,D,S,T,2024-09-06,1000000.00,3.622433,100.77929687
08:01:16,91282CLJ8,TSRYS5875649,D,S,T,2024-09-06,2000000.00,3.622115,100.78125
08:01:16,91282CLJ8,TSRYS5875649,D,S,T,2024-09-06,1000000.00,3.622115,100.78125
08:01:16,91282CLJ8,TSRYS5875649,D,S,T,2024-09-06,1000000.00,3.622115,100.78125
08:01:16,91282CLJ8,TSRYS5875649,D,S,T,2024-09-06,1000000.00,3.622115,100.78125
08:01:17,91282CLJ8,TSRYS5875649,D,S,D,2024-09-06,1000000.00,3.622433,100.77929687
08:01:17,91282CLJ8,TSRYS5875649,D,S,T,2024-09-06,1000000.00,3.623412,100.7732875
08:01:17,91282CLJ8,TSRYS5875649,D,S,T,2024-09-06,1000000.00,3.604343,100.890495
08:01:17,91282CLJ8,TSRYS5875649,D,S,T,2024-09-06,1000000.00,3.604343,100.890495
08:01:17,91282CLJ8,TSRYS5875649,D,S,T,2024-09-06,1000000.00,3.604343,100.890495
08:01:17,91282CLJ8,TSRYS5875649,D,S,T,2024-09-06,1000000.00,3.604343,100.890495
08:01:17,91282CLJ8,TSRYS5875649,D,S,T,2024-09-06,1000000.00,3.604343,100.890495
08:01:17,91282CLJ8,TSRYS5875649,D,S,T,2024-09-06,1000000.00,3.604343,100.890495
08:01:17,91282CLJ8,TSRYS5875649,D,S,T,2024-09-06,1000000.00,3.604343,100.890495
08:01:17,91282CLJ8,TSRYS5875649,D,S,T,2024-09-06,1000000.00,3.604343,100.890495
08:01:17,91282CLJ8,TSRYS5875649,D,S,D,2024-09-06,1000000.00,3.626567,100.75390625
08:01:17,91282CLJ8,TSRYS5875649,D,S,D,2024-09-06,1000000.00,3.626567,100.75390625
08:01:17,91282CLJ8,TSRYS5875649,D,S,D,2024-09-06,1000000.00,3.626567,100.75390625
08:01:17,91282CLJ8,TSRYS5875649,D,S,T,2024-09-06,1000000.00,3.592895,100.9609375
08:01:18,91282CLJ8,TSRYS5875649,D,S,D,2024-09-06,1000000.00,3.626567,100.75390625
08:01:18,91282CLJ8,TSRYS5875649,D,S,C,2024-09-06,1000000.00,3.60718,100.873046875
08:01:18,91282CLJ8,TSRYS5875649,D,S,C,2024-09-06,1000000.00,3.608451,100.865234375
08:01:18,91282CLJ8,TSRYS5875649,D,S,C,2024-09-06,3000000.00,3.626567,100.75390625
08:01:18,91282CLJ8,TSRYS5875649,D,S,C,2024-09-06,1000000.00,3.608768,100.86328125
08:01:18,91282CLJ8,TSRYS5875649,D,S,D,2024-09-06,1000000.00,3.591626,100.96875
08:01:18,91282CLJ8,TSRYS5875649,D,S,D,2024-09-06,1000000.00,3.626567,100.75390625
08:01:18,91282CLJ8,TSRYS5875649,D,S,C,2024-09-06,1000000.00,3.608768,100.86328125
08:01:18,91282CLJ8,TSRYS5875649,D,S,T,2024-09-06,1000000.00,3.591626,100.96875
08:01:18,91282CLJ8,TSRYS5875649,D,S,C,2024-09-06,1000000.00,3.608133,100.8671875
08:01:18,91282CLJ8,TSRYS5875649,D,S,C,2024-09-06,1000000.00,3.609086,100.861328125
08:01:18,91282CLJ8,TSRYS5875649,D,S,C,2024-09-06,1000000.00,3.608768,100.86328125
08:01:18,91282CLJ8,TSRYS5875649,D,S,C,2024-09-06,1000000.00,3.607815,100.869140625
08:01:18,91282CLJ8,TSRYS5875649,D,S,C,2024-09-06,1000000.00,3.60591,100.880859375
08:01:18,91282CLJ8,TSRYS5875649,D,S,C,2024-09-06,1000000.00,3.60591,100.880859375
08:01:18,91282CLJ8,TSRYS5875649,D,S,D,2024-09-06,1000000.00,3.606862,100.875
08:01:18,91282CLJ8,TSRYS5875649,D,S,C,2024-09-06,1000000.00,3.604322,100.890625
08:01:18,91282CLJ8,TSRYS5875649,D,S,C,2024-09-06,1000000.00,3.606862,100.875
08:01:18,91282CLJ8,TSRYS5875649,D,B,C,2024-09-06,4000000.00,3.591654,100.96858
08:01:18,91282CLJ8,TSRYS5875649,D,S,D,2024-09-06,1000000.00,3.626567,100.75390625
08:01:18,91282CLJ8,TSRYS5875649,D,B,C,2024-09-06,1000000.00,3.589722,100.98046875
08:01:18,91282CLJ8,TSRYS5875649,D,B,C,2024-09-06,2000000.00,3.589722,100.98046875
08:01:18,91282CLJ8,TSRYS5875649,D,B,C,2024-09-06,1000000.00,3.622115,100.78125
08:01:18,91282CLJ8,TSRYS5875649,D,S,C,2024-09-06,1000000.00,3.622115,100.7814
08:01:18,91282CLJ8,TSRYS5875649,D,S,C,2024-09-06,2000000.00,3.622115,100.7814
08:01:18,91282CLJ8,TSRYS5875649,D,S,C,2024-09-06,2000000.00,3.622115,100.7814
08:01:18,91282CLJ8,TSRYS5875649,D,S,D,2024-09-06,1000000.00,3.592895,100.9609375
08:01:18,91282CLJ8,TSRYS5875649,D,S,T,2024-09-06,1000000.00,3.592895,100.9609375
08:01:18,91282CLJ8,TSRYS5875649,D,S,C,2024-09-06,1000000.00,3.594482,100.951171875
08:01:18,91282CLJ8,TSRYS5875649,D,S,C,2024-09-06,24000000.00,3.591415,100.97005
08:01:18,91282CLJ8,TSRYS5875649,D,S,T,2024-09-06,1000000.00,3.626567,100.75390625
08:01:19,91282CLJ8,TSRYS5875649,D,B,C,2024-09-06,1000000.00,3.590674,100.974609375
08:01:19,91282CLJ8,TSRYS5875649,D,S,D,2024-09-06,6751000.00,3.597338,100.93359375
08:01:19,91282CLJ8,TSRYS5875649,D,S,D,2024-09-06,1000000.00,3.590674,100.974609375
08:01:19,91282CLJ8,TSRYS5875649,D,S,D,2024-09-06,1000000.00,3.594164,100.953125
08:01:19,91282CLJ8,TSRYS5875649,D,S,D,2024-09-06,15000.00,3.594799,100.94921875
08:01:19,91282CLJ8,TSRYS5875649,D,S,D,2024-09-06,2000000.00,3.626567,100.75390625
08:01:19,91282CLJ8,TSRYS5875649,D,S,D,2024-09-06,1000000.00,3.626567,100.75390625
08:01:19,91282CLJ8,TSRYS5875649,D,S,D,2024-09-06,14500000.00,3.594799,100.94921875
08:01:19,91282CLJ8,TSRYS5875649,D,S,C,2024-09-06,1000000.00,3.590991,100.97265625
08:01:19,91282CLJ8,TSRYS5875649,D,B,C,2024-09-06,2000000.00,3.586234,101.00195312
08:01:19,91282CLJ8,TSRYS5875649,D,S,C,2024-09-06,1000000.00,3.621798,100.783203125
08:01:19,91282CLJ8,TSRYS5875649,D,S,D,2024-09-06,15000000.00,3.596068,100.94140625
08:01:19,91282CLJ8,TSRYS5875649,D,S,C,2024-09-06,2000000.00,3.627521,100.74804687
08:01:19,91282CLJ8,TSRYS5875649,D,B,C,2024-09-06,1000000.00,3.590991,100.97265625
08:01:19,91282CLJ8,TSRYS5875649,D,S,C,2024-09-06,1000000.00,3.623069,100.775390625
08:01:19,91282CLJ8,TSRYS5875649,D,S,C,2024-09-06,1000000.00,3.623069,100.775390625
08:01:19,91282CLJ8,TSRYS5875649,D,B,C,2024-09-06,1000000.00,3.590991,100.97265625
08:01:19,91282CLJ8,TSRYS5875649,D,B,C,2024-09-06,24000000.00,3.623211,100.77452
08:01:19,91282CLJ8,TSRYS5875649,D,S,D,2024-09-06,1000000.00,3.622751,100.77734375
08:01:19,91282CLJ8,TSRYS5875649,D,B,C,2024-09-06,1000000.00,3.590991,100.97265625
08:01:19,91282CLJ8,TSRYS5875649,D,S,D,2024-09-06,1000000.00,3.595434,100.9453125
08:01:20,91282CLJ8,TSRYS5875649,D,S,C,2024-09-06,16000000.00,3.589505,100.98181
08:01:20,91282CLJ8,TSRYS5875649,D,S,D,2024-09-06,1000000.00,3.600194,100.916015625
08:01:20,91282CLJ8,TSRYS5875649,D,S,D,2024-09-06,1000000.00,3.600194,100.916015625
08:01:20,91282CLJ8,TSRYS5875649,D,S,C,2024-09-06,1000000.00,3.59829,100.927734375
08:01:20,91282CLJ8,TSRYS5875649,D,S,C,2024-09-06,1000000.00,3.603687,100.89453125
08:01:20,91282CLJ8,TSRYS5875649,D,B,C,2024-09-06,1000000.00,3.603687,100.89453125
08:01:20,91282CLJ8,TSRYS5875649,D,S,D,2024-09-06,1000000.00,3.601464,100.908203125
08:01:20,91282CLJ8,TSRYS5875649,D,S,D,2024-09-06,81000000.00,3.627352,100.74909
08:01:20,91282CLJ8,TSRYS5875649,D,S,C,2024-09-06,3000000.00,3.62784,100.74609375
08:01:20,91282CLJ8,TSRYS5875649,D,S,C,2024-09-06,1000000.00,3.603687,100.89453125
08:01:20,91282CLJ8,TSRYS5875649,D,S,D,2024-09-06,1000000.00,3.602734,100.900390625
08:01:20,91282CLJ8,TSRYS5875649,D,B,C,2024-09-06,1000000.00,3.602734,100.900390625
08:01:20,91282CLJ8,TSRYS5875649,D,S,D,2024-09-06,1000000.00,3.602734,100.900390625
08:01:20,91282CLJ8,TSRYS5875649,D,B,C,2024-09-06,1000000.00,3.602734,100.900390625
08:01:20,91282CLJ8,TSRYS5875649,D,B,C,2024-09-06,1000000.00,3.596703,100.9375
08:01:20,91282CLJ8,TSRYS5875649,D,S,D,2024-09-06,1000000.00,3.596703,100.9375
08:01:20,91282CLJ8,TSRYS5875649,D,S,D,2024-09-06,1000000.00,3.597973,100.9296875
08:01:20,91282CLJ8,TSRYS5875649,D,B,C,2024-09-06,1000000.00,3.597973,100.9296875
08:01:20,91282CLJ8,TSRYS5875649,D,S,D,2024-09-06,1000000.00,3.597655,100.931640625
08:01:20,91282CLJ8,TSRYS5875649,D,S,D,2024-09-06,2000000.00,3.598925,100.923828125
08:01:20,91282CLJ8,TSRYS5875649,D,B,C,2024-09-06,2000000.00,3.598925,100.923828125
08:01:20,91282CLJ8,TSRYS5875649,D,B,C,2024-09-06,1000000.00,3.597655,100.931640625
08:01:21,91282CLJ8,TSRYS5875649,D,S,C,2024-09-06,1000000.00,3.626885,100.751953125
08:01:21,91282CLJ8,TSRYS5875649,D,S,D,2024-09-06,1000000.00,3.595116,100.947265625
08:01:22,91282CLJ8,TSRYS5875649,D,S,T,2024-09-06,1000000.00,3.611945,100.84375
08:01:22,91282CLJ8,TSRYS5875649,D,S,T,2024-09-06,1000000.00,3.611961,100.84365
08:01:22,91282CLJ8,TSRYS5875649,D,S,T,2024-09-06,1000000.00,3.611961,100.84365
08:01:22,91282CLJ8,TSRYS5875649,D,S,T,2024-09-06,1000000.00,3.611945,100.84375
08:01:22,91282CLJ8,TSRYS5875649,D,S,T,2024-09-06,1000000.00,3.611945,100.84375
08:01:22,91282CLJ8,TSRYS5875649,D,S,T,2024-09-06,1000000.00,3.597994,100.9295575
08:01:22,91282CLJ8,TSRYS5875649,D,S,C,2024-09-06,1000000.00,3.624977,100.763671875
08:01:22,91282CLJ8,TSRYS5875649,D,S,T,2024-09-06,1000000.00,3.597994,100.9295575
08:01:22,91282CLJ8,TSRYS5875649,D,S,D,2024-09-06,1000000.00,3.596068,100.94140625
08:01:22,91282CLJ8,TSRYS5875649,D,S,D,2024-09-06,1000000.00,3.596068,100.94140625
08:01:22,91282CLJ8,TSRYS5875649,D,B,C,2024-09-06,1000000.00,3.595751,100.943359375
08:01:22,91282CLJ8,TSRYS5875649,D,S,D,2024-09-06,1000000.00,3.595751,100.943359375
08:01:22,91282CLJ8,TSRYS5875649,D,B,C,2024-09-06,1000000.00,3.595751,100.943359375
08:01:22,91282CLJ8,TSRYS5875649,D,S,D,2024-09-06,1000000.00,3.595751,100.943359375
08:01:22,91282CLJ8,TSRYS5875649,D,B,C,2024-09-06,1000000.00,3.595751,100.943359375
08:01:22,91282CLJ8,TSRYS5875649,D,S,D,2024-09-06,1000000.00,3.595751,100.943359375
08:01:22,91282CLJ8,TSRYS5875649,D,B,C,2024-09-06,1000000.00,3.594164,100.953125
08:01:22,91282CLJ8,TSRYS5875649,D,S,D,2024-09-06,1000000.00,3.594164,100.953125
08:01:22,91282CLJ8,TSRYS5875649,D,S,D,2024-09-06,1000000.00,3.595751,100.943359375
08:01:22,91282CLJ8,TSRYS5875649,D,B,C,2024-09-06,1000000.00,3.595751,100.943359375
08:01:22,91282CLJ8,TSRYS5875649,D,S,D,2024-09-06,1000000.00,3.594164,100.953125
08:01:22,91282CLJ8,TSRYS5875649,D,S,D,2024-09-06,1000000.00,3.596068,100.94140625
08:01:22,91282CLJ8,TSRYS5875649,D,S,T,2024-09-06,1000000.00,3.603068,100.8983355
08:01:22,91282CLJ8,TSRYS5875649,D,S,C,2024-09-06,1000000.00,3.623705,100.771484375
08:01:23,91282CLJ8,TSRYS5875649,D,S,D,2024-09-06,70000000.00,3.595486,100.94499
08:01:23,91282CLJ8,TSRYS5875649,D,S,C,2024-09-06,1000000.00,3.623069,100.775390625
08:01:23,91282CLJ8,TSRYS5875649,D,B,C,2024-09-06,13350000.00,3.599877,100.91796875
08:01:23,91282CLJ8,TSRYS5875649,D,S,T,2024-09-06,1000000.00,3.592895,100.9609375
08:01:23,91282CLJ8,TSRYS5875649,D,S,D,2024-09-06,1000000.00,3.603052,100.8984375
08:01:23,91282CLJ8,TSRYS5875649,D,S,T,2024-09-06,5000000.00,3.603077,100.8982855
08:01:23,91282CLJ8,TSRYS5875649,D,B,A,2024-09-06,5000000.00,3.603077,100.8982855
08:01:23,91282CLJ8,TSRYS5875649,D,S,T,2024-09-06,1000000.00,3.603052,100.8984375
08:01:23,91282CLJ8,TSRYS5875649,D,B,A,2024-09-06,1000000.00,3.603052,100.8984375
08:01:23,91282CLJ8,TSRYS5875649,D,S,T,2024-09-06,1000000.00,3.604029,100.89242812
08:01:23,91282CLJ8,TSRYS5875649,D,B,A,2024-09-06,1000000.00,3.604029,100.89242812
08:01:23,91282CLJ8,TSRYS5875649,D,S,T,2024-09-06,1000000.00,3.604029,100.89242812
08:01:23,91282CLJ8,TSRYS5875649,D,B,A,2024-09-06,1000000.00,3.604029,100.89242812
08:01:23,91282CLJ8,TSRYS5875649,D,S,D,2024-09-06,1000000.00,3.603052,100.8984375
08:01:23,91282CLJ8,TSRYS5875649,D,B,A,2024-09-06,1000000.00,3.603076,100.8982875
08:01:23,91282CLJ8,TSRYS5875649,D,S,T,2024-09-06,1000000.00,3.603076,100.8982875
08:01:24,91282CLJ8,TSRYS5875649,D,S,D,2024-09-06,1000000.00,3.594164,100.953125
08:01:24,91282CLJ8,TSRYS5875649,D,S,D,2024-09-06,1000000.00,3.594799,100.94921875
08:01:24,91282CLJ8,TSRYS5875649,D,S,C,2024-09-06,1000000.00,3.625931,100.7578125
08:01:24,91282CLJ8,TSRYS5875649,D,S,A,2024-09-06,2500000.00,3.590357,100.9765625
08:01:24,91282CLJ8,TSRYS5875649,D,S,D,2024-09-06,1000000.00,3.590674,100.974609375
08:01:24,91282CLJ8,TSRYS5875649,D,S,D,2024-09-06,1000000.00,3.590674,100.974609375
08:01:24,91282CLJ8,TSRYS5875649,D,S,D,2024-09-06,1000000.00,3.590674,100.974609375
08:01:24,91282CLJ8,TSRYS5875649,D,B,C,2024-09-06,1000000.00,3.591943,100.966796875
08:01:24,91282CLJ8,TSRYS5875649,D,S,D,2024-09-06,1000000.00,3.591943,100.966796875
08:01:24,91282CLJ8,TSRYS5875649,D,S,C,2024-09-06,1000000.00,3.59226,100.96484375
08:01:24,91282CLJ8,TSRYS5875649,D,S,D,2024-09-06,1000000.00,3.626249,100.755859375
08:01:24,91282CLJ8,TSRYS5875649,D,S,D,2024-09-06,1000000.00,3.626249,100.755859375
08:01:24,91282CLJ8,TSRYS5875649,D,S,C,2024-09-06,1000000.00,3.591943,100.966796875
08:01:24,91282CLJ8,TSRYS5875649,D,S,D,2024-09-06,1000000.00,3.626249,100.755859375
08:01:24,91282CLJ8,TSRYS5875649,D,S,D,2024-09-06,1000000.00,3.626249,100.755859375
08:01:24,91282CLJ8,TSRYS5875649,D,S,D,2024-09-06,1000000.00,3.595434,100.9453125
08:01:24,91282CLJ8,TSRYS5875649,D,S,C,2024-09-06,1000000.00,3.626567,100.75390625
08:01:24,91282CLJ8,TSRYS5875649,D,S,D,2024-09-06,1000000.00,3.59829,100.927734375
08:01:25,91282CLJ8,TSRYS5875649,D,S,D,2024-09-06,1000000.00,3.59956,100.919921875
08:01:25,91282CLJ8,TSRYS5875649,D,S,D,2024-09-06,1000000.00,3.59956,100.919921875
08:01:25,91282CLJ8,TSRYS5875649,D,S,D,2024-09-06,1000000.00,3.59956,100.919921875
08:01:25,91282CLJ8,TSRYS5875649,D,S,D,2024-09-06,1000000.00,3.59956,100.919921875
08:01:25,91282CLJ8,TSRYS5875649,D,S,C,2024-09-06,2000000.00,3.59956,100.919921875
08:01:25,91282CLJ8,TSRYS5875649,D,S,C,2024-09-06,3000000.00,3.59956,100.919921875
08:01:25,91282CLJ8,TSRYS5875649,D,S,C,2024-09-06,1000000.00,3.59956,100.919921875
08:01:25,91282CLJ8,TSRYS5875649,D,S,T,2024-09-06,1000000.00,3.596724,100.93737
08:01:25,91282CLJ8,TSRYS5875649,D,S,T,2024-09-06,1000000.00,3.596724,100.93737
08:01:25,91282CLJ8,TSRYS5875649,D,S,D,2024-09-06,1000000.00,3.604004,100.892578125
08:01:25,91282CLJ8,TSRYS5875649,D,S,D,2024-09-06,1000000.00,3.604322,100.890625
08:01:25,91282CLJ8,TSRYS5875649,D,S,D,2024-09-06,3000000.00,3.627203,100.75
08:01:25,91282CLJ8,TSRYS5875649,D,S,D,2024-09-06,1000000.00,3.604322,100.890625
08:01:25,91282CLJ8,TSRYS5875649,D,S,D,2024-09-06,1000000.00,3.605275,100.884765625
08:01:25,91282CLJ8,TSRYS5875649,D,S,D,2024-09-06,1000000.00,3.627203,100.75
08:01:26,91282CLJ8,TSRYS5875649,D,S,T,2024-09-06,1000000.00,3.592895,100.9609375
08:01:26,91282CLJ8,TSRYS5875649,D,S,C,2024-09-06,1000000.00,3.604322,100.890625
08:01:26,91282CLJ8,TSRYS5875649,D,S,T,2024-09-06,1000000.00,3.602099,100.904296875
08:01:26,91282CLJ8,TSRYS5875649,D,S,C,2024-09-06,1000000.00,3.603052,100.8984375
08:01:26,91282CLJ8,TSRYS5875649,D,S,D,2024-09-06,1000000.00,3.603052,100.8984375
08:01:26,91282CLJ8,TSRYS5875649,D,S,D,2024-09-06,1000000.00,3.604322,100.890625
08:01:26,91282CLJ8,TSRYS5875649,D,S,T,2024-09-06,1000000.00,3.601782,100.90625
08:01:26,91282CLJ8,TSRYS5875649,D,S,T,2024-09-06,1000000.00,3.601782,100.90625
08:01:26,91282CLJ8,TSRYS5875649,D,S,T,2024-09-06,1000000.00,3.601782,100.90625
08:01:26,91282CLJ8,TSRYS5875649,D,B,A,2024-09-06,77000000.00,3.622115,100.78125
08:01:27,91282CLJ8,TSRYS5875649,D,S,D,2024-09-06,1000000.00,3.603052,100.8984375
08:01:27,91282CLJ8,TSRYS5875649,D,S,T,2024-09-06,1000000.00,3.602417,100.90234375
08:01:27,91282CLJ8,TSRYS5875649,D,S,T,2024-09-06,1000000.00,3.603369,100.896484375
08:01:27,91282CLJ8,TSRYS5875649,D,S,D,2024-09-06,1000000.00,3.603052,100.8984375
08:01:27,91282CLJ8,TSRYS5875649,D,S,D,2024-09-06,1000000.00,3.603052,100.8984375
08:01:27,91282CLJ8,TSRYS5875649,D,S,D,2024-09-06,1000000.00,3.603052,100.8984375
08:01:27,91282CLJ8,TSRYS5875649,D,S,D,2024-09-06,1000000.00,3.603369,100.896484375
08:01:27,91282CLJ8,TSRYS5875649,D,S,D,2024-09-06,1000000.00,3.603052,100.8984375
08:01:27,91282CLJ8,TSRYS5875649,D,S,D,2024-09-06,1000000.00,3.603052,100.8984375
08:01:27,91282CLJ8,TSRYS5875649,D,S,T,2024-09-06,2000000.00,3.603369,100.896484375
08:01:27,91282CLJ8,TSRYS5875649,D,S,D,2024-09-06,1000000.00,3.591943,100.966796875
08:01:27,91282CLJ8,TSRYS5875649,D,S,D,2024-09-06,1000000.00,3.603687,100.89453125
08:01:27,91282CLJ8,TSRYS5875649,D,S,D,2024-09-06,1000000.00,3.603687,100.89453125
08:01:27,91282CLJ8,TSRYS5875649,D,S,C,2024-09-06,1000000.00,3.603052,100.8984375
08:01:27,91282CLJ8,TSRYS5875649,D,S,D,2024-09-06,1000000.00,3.603369,100.896484375
08:01:27,91282CLJ8,TSRYS5875649,D,S,D,2024-09-06,1000000.00,3.603687,100.89453125
08:01:27,91282CLJ8,TSRYS5875649,D,S,D,2024-09-06,1000000.00,3.603687,100.89453125
08:01:27,91282CLJ8,TSRYS5875649,D,S,D,2024-09-06,1000000.00,3.603052,100.8984375
08:01:27,91282CLJ8,TSRYS5875649,D,S,D,2024-09-06,1000000.00,3.603369,100.896484375
08:01:27,91282CLJ8,TSRYS5875649,D,S,D,2024-09-06,1000000.00,3.60591,100.880859375
08:01:27,91282CLJ8,TSRYS5875649,D,S,T,2024-09-06,1000000.00,3.595455,100.9451825
08:01:27,91282CLJ8,TSRYS5875649,D,S,D,2024-09-06,1000000.00,3.606227,100.87890625
08:01:27,91282CLJ8,TSRYS5875649,D,S,D,2024-09-06,1000000.00,3.606227,100.87890625
08:01:28,91282CLJ8,TSRYS5875649,D,S,T,2024-09-06,1000000.00,3.595455,100.9451825
08:01:28,91282CLJ8,TSRYS5875649,D,S,T,2024-09-06,1000000.00,3.595455,100.9451825
08:01:28,91282CLJ8,TSRYS5875649,D,B,A,2024-09-06,4300000.00,3.597973,100.9296875
08:01:28,91282CLJ8,TSRYS5875649,D,S,T,2024-09-06,1000000.00,3.592916,100.9608075
08:01:28,91282CLJ8,TSRYS5875649,D,S,T,2024-09-06,1000000.00,3.592916,100.9608075
08:01:28,91282CLJ8,TSRYS5875649,D,S,T,2024-09-06,1000000.00,3.592916,100.9608075
08:01:29,91282CLJ8,TSRYS5875649,D,S,T,2024-09-06,1000000.00,3.592916,100.9608075
08:01:29,91282CLJ8,TSRYS5875649,D,S,T,2024-09-06,1000000.00,3.592916,100.9608075
08:01:29,91282CLJ8,TSRYS5875649,D,S,D,2024-09-06,3000000.00,3.59956,100.919921875
08:01:29,91282CLJ8,TSRYS5875649,D,S,D,2024-09-06,1000000.00,3.606862,100.875
08:01:29,91282CLJ8,TSRYS5875649,D,S,D,2024-09-06,1000000.00,3.603052,100.8984375
08:01:29,91282CLJ8,TSRYS5875649,D,S,C,2024-09-06,5000000.00,3.623994,100.76971
08:01:29,91282CLJ8,TSRYS5875649,D,S,C,2024-09-06,5000000.00,3.627052,100.75093
08:01:29,91282CLJ8,TSRYS5875649,D,S,C,2024-09-06,5000000.00,3.617666,100.80859
08:01:30,91282CLJ8,TSRYS5875649,D,S,D,2024-09-06,1000000.00,3.600194,100.916015625
08:01:30,91282CLJ8,TSRYS5875649,D,S,T,2024-09-06,1000000.00,3.592594,100.962790625
08:01:30,91282CLJ8,TSRYS5875649,D,S,T,2024-09-06,1000000.00,3.592594,100.962790625
08:01:30,91282CLJ8,TSRYS5875649,D,S,D,2024-09-06,1000000.00,3.599877,100.91796875
08:01:30,91282CLJ8,TSRYS5875649,D,S,D,2024-09-06,1000000.00,3.599877,100.91796875
08:01:30,91282CLJ8,TSRYS5875649,D,S,D,2024-09-06,1000000.00,3.599877,100.91796875
08:01:30,91282CLJ8,TSRYS5875649,D,B,A,2024-09-06,2000000.00,3.592895,100.9609375
08:01:30,91282CLJ8,TSRYS5875649,D,S,D,2024-09-06,1000000.00,3.604322,100.890625
08:01:30,91282CLJ8,TSRYS5875649,D,S,D,2024-09-06,1000000.00,3.604322,100.890625
08:01:30,91282CLJ8,TSRYS5875649,D,S,D,2024-09-06,1000000.00,3.602417,100.90234375
08:01:31,91282CLJ8,TSRYS5875649,D,S,D,2024-09-06,1000000.00,3.603052,100.8984375
08:01:31,91282CLJ8,TSRYS5875649,D,S,C,2024-09-06,1000000.00,3.628476,100.7421875
08:01:31,91282CLJ8,TSRYS5875649,D,S,C,2024-09-06,1000000.00,3.628476,100.7421875
08:01:31,91282CLJ8,TSRYS5875649,D,S,D,2024-09-06,1000000.00,3.628476,100.7421875
08:01:31,91282CLJ8,TSRYS5875649,D,S,C,2024-09-06,3000000.00,3.62943,100.736328125
08:01:31,91282CLJ8,TSRYS5875649,D,S,D,2024-09-06,1000000.00,3.62784,100.74609375
08:01:31,91282CLJ8,TSRYS5875649,D,S,D,2024-09-06,1000000.00,3.62784,100.74609375
08:01:31,91282CLJ8,TSRYS5875649,D,S,D,2024-09-06,1000000.00,3.62784,100.74609375
08:01:31,91282CLJ8,TSRYS5875649,D,S,D,2024-09-06,1000000.00,3.62784,100.74609375
08:01:31,91282CLJ8,TSRYS5875649,D,S,D,2024-09-06,1000000.00,3.62784,100.74609375
08:01:31,91282CLJ8,TSRYS5875649,D,S,D,2024-09-06,1000000.00,3.62784,100.74609375
08:01:31,91282CLJ8,TSRYS5875649,D,S,D,2024-09-06,1000000.00,3.62784,100.74609375
08:01:31,91282CLJ8,TSRYS5875649,D,S,D,2024-09-06,2000000.00,3.626249,100.755859375
08:01:31,91282CLJ8,TSRYS5875649,D,S,D,2024-09-06,1000000.00,3.626249,100.755859375
08:01:31,91282CLJ8,TSRYS5875649,D,S,D,2024-09-06,1000000.00,3.626249,100.755859375
08:01:31,91282CLJ8,TSRYS5875649,D,S,D,2024-09-06,1000000.00,3.626567,100.75390625
08:01:31,91282CLJ8,TSRYS5875649,D,S,C,2024-09-06,1000000.00,3.626567,100.75390625
08:01:31,91282CLJ8,TSRYS5875649,D,S,C,2024-09-06,1000000.00,3.626249,100.755859375
08:01:32,91282CLJ8,TSRYS5875649,D,S,T,2024-09-06,2000000.00,3.591626,100.96875
08:01:32,91282CLJ8,TSRYS5875649,D,S,T,2024-09-06,1000000.00,3.591626,100.96875
08:01:32,91282CLJ8,TSRYS5875649,D,S,T,2024-09-06,1000000.00,3.603052,100.8984375
08:01:32,91282CLJ8,TSRYS5875649,D,S,T,2024-09-06,1000000.00,3.603052,100.8984375
08:01:32,91282CLJ8,TSRYS5875649,D,S,T,2024-09-06,1000000.00,3.603052,100.8984375
08:01:32,91282CLJ8,TSRYS5875649,D,S,T,2024-09-06,1000000.00,3.603052,100.8984375
08:01:32,91282CLJ8,TSRYS5875649,D,S,D,2024-09-06,1000000.00,3.624023,100.76953125
08:01:32,91282CLJ8,TSRYS5875649,D,S,D,2024-09-06,1000000.00,3.624023,100.76953125
08:01:32,91282CLJ8,TSRYS5875649,D,S,T,2024-09-06,1000000.00,3.605592,100.8828125
08:01:33,91282CLJ8,TSRYS5875649,D,S,D,2024-09-06,1000000.00,3.60591,100.880859375
08:01:33,91282CLJ8,TSRYS5875649,D,S,T,2024-09-06,3000000.00,3.606227,100.87890625
08:01:33,91282CLJ8,TSRYS5875649,D,S,D,2024-09-06,1000000.00,3.606227,100.87890625
08:01:33,91282CLJ8,TSRYS5875649,D,S,D,2024-09-06,1000000.00,3.606227,100.87890625
08:01:33,91282CLJ8,TSRYS5875649,D,S,C,2024-09-06,1000000.00,3.624023,100.76953125
08:01:33,91282CLJ8,TSRYS5875649,D,S,D,2024-09-06,1000000.00,3.624023,100.76953125
08:01:33,91282CLJ8,TSRYS5875649,D,S,T,2024-09-06,1000000.00,3.590674,100.974609375
08:01:34,91282CLJ8,TSRYS5875649,D,S,T,2024-09-06,1000000.00,3.603687,100.89453125
08:01:34,91282CLJ8,TSRYS5875649,D,S,T,2024-09-06,1000000.00,3.603687,100.89453125
08:01:34,91282CLJ8,TSRYS5875649,D,S,T,2024-09-06,1000000.00,3.592895,100.9609375
08:01:35,91282CLJ8,TSRYS5875649,D,S,T,2024-09-06,1000000.00,3.603073,100.8983075
08:01:35,91282CLJ8,TSRYS5875649,D,S,T,2024-09-06,1000000.00,3.603073,100.8983075
08:01:35,91282CLJ8,TSRYS5875649,D,S,T,2024-09-06,1000000.00,3.603073,100.8983075
08:01:35,91282CLJ8,TSRYS5875649,D,S,T,2024-09-06,1000000.00,3.603073,100.8983075
08:01:35,91282CLJ8,TSRYS5875649,D,S,T,2024-09-06,1000000.00,3.594482,100.95117187
08:01:35,91282CLJ8,TSRYS5875649,D,S,D,2024-09-06,1000000.00,3.594164,100.953125
08:01:35,91282CLJ8,TSRYS5875649,D,B,C,2024-09-06,4000000.00,3.594441,100.95142
08:01:35,91282CLJ8,TSRYS5875649,D,S,T,2024-09-06,1000000.00,3.597989,100.9295855
08:01:35,91282CLJ8,TSRYS5875649,D,S,T,2024-09-06,2000000.00,3.597989,100.9295855
08:01:35,91282CLJ8,TSRYS5875649,D,S,T,2024-09-06,1000000.00,3.597989,100.9295855
08:01:35,91282CLJ8,TSRYS5875649,D,B,C,2024-09-06,1000000.00,3.626249,100.75585937
08:01:36,91282CLJ8,TSRYS5875649,D,S,T,2024-09-06,1000000.00,3.626249,100.75585937
08:01:36,91282CLJ8,TSRYS5875649,D,S,T,2024-09-06,1000000.00,3.626249,100.75585937
08:01:36,91282CLJ8,TSRYS5875649,D,S,T,2024-09-06,1000000.00,3.626249,100.75585937
08:01:36,91282CLJ8,TSRYS5875649,D,S,T,2024-09-06,1000000.00,3.597994,100.9295575
08:01:36,91282CLJ8,TSRYS5875649,D,S,T,2024-09-06,1000000.00,3.597994,100.9295575
08:01:36,91282CLJ8,TSRYS5875649,D,S,T,2024-09-06,1000000.00,3.626249,100.75585937
08:01:36,91282CLJ8,TSRYS5875649,D,S,D,2024-09-06,1000000.00,3.626249,100.75585937
08:01:36,91282CLJ8,TSRYS5875649,D,S,T,2024-09-06,6000000.00,3.592895,100.9609375
08:01:36,91282CLJ8,TSRYS5875649,D,S,T,2024-09-06,3000000.00,3.627203,100.75
08:01:36,91282CLJ8,TSRYS5875649,D,B,C,2024-09-06,1000000.00,3.594164,100.953125
08:01:36,91282CLJ8,TSRYS5875649,D,B,C,2024-09-06,1000000.00,3.594164,100.953125
08:01:36,91282CLJ8,TSRYS5875649,D,B,C,2024-09-06,1000000.00,3.594164,100.953125
08:01:36,91282CLJ8,TSRYS5875649,D,S,T,2024-09-06,1000000.00,3.599259,100.921773
08:01:36,91282CLJ8,TSRYS5875649,D,B,C,2024-09-06,1000000.00,3.594164,100.953125
08:01:36,91282CLJ8,TSRYS5875649,D,S,T,2024-09-06,1000000.00,3.627203,100.75
08:01:36,91282CLJ8,TSRYS5875649,D,B,C,2024-09-06,1000000.00,3.594164,100.953125
08:01:36,91282CLJ8,TSRYS5875649,D,B,C,2024-09-06,1000000.00,3.594164,100.953125
08:01:37,91282CLJ8,TSRYS5875649,D,B,C,2024-09-06,1000000.00,3.594164,100.953125
08:01:37,91282CLJ8,TSRYS5875649,D,S,C,2024-09-06,3000000.00,3.62784,100.74609375
08:01:37,91282CLJ8,TSRYS5875649,D,B,C,2024-09-06,1000000.00,3.594164,100.953125
08:01:37,91282CLJ8,TSRYS5875649,D,S,C,2024-09-06,3000000.00,3.62784,100.74609375
08:01:37,91282CLJ8,TSRYS5875649,D,B,C,2024-09-06,1000000.00,3.594164,100.953125
08:01:37,91282CLJ8,TSRYS5875649,D,B,C,2024-09-06,1000000.00,3.594164,100.953125
08:01:37,91282CLJ8,TSRYS5875649,D,B,C,2024-09-06,1000000.00,3.594164,100.953125
08:01:37,91282CLJ8,TSRYS5875649,D,B,C,2024-09-06,1000000.00,3.619572,100.796875
08:01:37,91282CLJ8,TSRYS5875649,D,S,C,2024-09-06,1000000.00,3.62784,100.74609375
08:01:37,91282CLJ8,TSRYS5875649,D,S,T,2024-09-06,1000000.00,3.628476,100.7421875
08:01:37,91282CLJ8,TSRYS5875649,D,S,T,2024-09-06,1000000.00,3.628476,100.7421875
08:01:38,91282CLJ8,TSRYS5875649,D,B,C,2024-09-06,1000000.00,3.617347,100.81054687
08:01:38,91282CLJ8,TSRYS5875649,D,B,C,2024-09-06,1000000.00,3.617347,100.81054687
08:01:38,91282CLJ8,TSRYS5875649,D,B,C,2024-09-06,1000000.00,3.617347,100.81054687
08:01:38,91282CLJ8,TSRYS5875649,D,B,C,2024-09-06,1000000.00,3.617347,100.81054687
08:01:38,91282CLJ8,TSRYS5875649,D,S,T,2024-09-06,1000000.00,3.628476,100.7421875
08:01:39,91282CLJ8,TSRYS5875649,D,S,T,2024-09-06,3000000.00,3.62943,100.73632812
08:01:39,91282CLJ8,TSRYS5875649,D,S,T,2024-09-06,1000000.00,3.59829,100.92773437
08:01:39,91282CLJ8,TSRYS5875649,D,S,D,2024-09-06,1000000.00,3.59829,100.92773437
08:01:39,91282CLJ8,TSRYS5875649,D,S,C,2024-09-06,1000000.00,3.59829,100.92773437
08:01:39,91282CLJ8,TSRYS5875649,D,S,D,2024-09-06,1000000.00,3.594482,100.95117187
08:01:39,91282CLJ8,TSRYS5875649,D,S,T,2024-09-06,1000000.00,3.594482,100.95117187
08:01:40,91282CLJ8,TSRYS5875649,D,S,D,2024-09-06,1000000.00,3.592578,100.962890625
08:01:40,91282CLJ8,TSRYS5875649,D,B,C,2024-09-06,1000000.00,3.594164,100.953125
08:01:40,91282CLJ8,TSRYS5875649,D,B,C,2024-09-06,1000000.00,3.594164,100.953125
08:01:40,91282CLJ8,TSRYS5875649,D,B,C,2024-09-06,1000000.00,3.594164,100.953125
08:01:40,91282CLJ8,TSRYS5875649,D,B,C,2024-09-06,1000000.00,3.594164,100.953125
08:01:40,91282CLJ8,TSRYS5875649,D,S,C,2024-09-06,3000000.00,3.62784,100.74609375
08:01:40,91282CLJ8,TSRYS5875649,D,S,T,2024-09-06,1000000.00,3.592895,100.9609375
08:01:40,91282CLJ8,TSRYS5875649,D,S,C,2024-09-06,3000000.00,3.62784,100.74609375
08:01:40,91282CLJ8,TSRYS5875649,D,S,T,2024-09-06,1000000.00,3.62784,100.74609375
08:01:40,91282CLJ8,TSRYS5875649,D,S,D,2024-09-06,1000000.00,3.62784,100.74609375
08:01:40,91282CLJ8,TSRYS5875649,D,S,T,2024-09-06,1000000.00,3.62784,100.74609375
08:01:40,91282CLJ8,TSRYS5875649,D,S,T,2024-09-06,1000000.00,3.62784,100.74609375
08:01:40,91282CLJ8,TSRYS5875649,D,S,T,2024-09-06,1000000.00,3.62784,100.74609375
08:01:40,91282CLJ8,TSRYS5875649,D,S,D,2024-09-06,1000000.00,3.62784,100.74609375
08:01:40,91282CLJ8,TSRYS5875649,D,S,D,2024-09-06,1000000.00,3.62784,100.74609375
08:01:40,91282CLJ8,TSRYS5875649,D,S,D,2024-09-06,2000000.00,3.62784,100.74609375
08:01:41,91282CLJ8,TSRYS5875649,D,S,C,2024-09-06,3000000.00,3.62784,100.74609375
08:01:41,91282CLJ8,TSRYS5875649,D,S,C,2024-09-06,3000000.00,3.62784,100.74609375
08:01:41,91282CLJ8,TSRYS5875649,D,S,T,2024-09-06,1000000.00,3.62784,100.74609375
08:01:41,91282CLJ8,TSRYS5875649,D,S,D,2024-09-06,1000000.00,3.62784,100.74609375
08:01:41,91282CLJ8,TSRYS5875649,D,S,T,2024-09-06,1000000.00,3.62784,100.74609375
08:01:41,91282CLJ8,TSRYS5875649,D,S,D,2024-09-06,1000000.00,3.62784,100.74609375
08:01:41,91282CLJ8,TSRYS5875649,D,S,T,2024-09-06,1000000.00,3.62784,100.74609375
08:01:41,91282CLJ8,TSRYS5875649,D,S,D,2024-09-06,1000000.00,3.62784,100.74609375
08:01:41,91282CLJ8,TSRYS5875649,D,B,C,2024-09-06,1000000.00,3.626249,100.75585937
08:01:41,91282CLJ8,TSRYS5875649,D,B,C,2024-09-06,1000000.00,3.626249,100.75585937
08:01:41,91282CLJ8,TSRYS5875649,D,S,T,2024-09-06,2000000.00,3.592895,100.9609375
08:01:41,91282CLJ8,TSRYS5875649,D,S,C,2024-09-06,3000000.00,3.626249,100.75585937
08:01:41,91282CLJ8,TSRYS5875649,D,S,T,2024-09-06,1000000.00,3.592895,100.9609375
08:01:41,91282CLJ8,TSRYS5875649,D,S,C,2024-09-06,1000000.00,3.626249,100.75585937
08:01:41,91282CLJ8,TSRYS5875649,D,S,D,2024-09-06,2000000.00,3.626249,100.75585937
08:01:41,91282CLJ8,TSRYS5875649,D,S,T,2024-09-06,1000000.00,3.592895,100.9609375
08:01:41,91282CLJ8,TSRYS5875649,D,S,T,2024-09-06,2000000.00,3.626249,100.75585937
08:01:41,91282CLJ8,TSRYS5875649,D,S,T,2024-09-06,1000000.00,3.626249,100.75585937
08:01:41,91282CLJ8,TSRYS5875649,D,S,T,2024-09-06,1000000.00,3.626249,100.75585937
08:01:41,91282CLJ8,TSRYS5875649,D,S,T,2024-09-06,1000000.00,3.592895,100.9609375
08:01:41,91282CLJ8,TSRYS5875649,D,S,D,2024-09-06,1000000.00,3.626249,100.75585937
