tradeTime,cusip,issueSymbolIdentifier,priceType,reportingSideCode,contraPartyTypeCode,tradeDate,reportedTradeVolume,lastSaleYield,lastSalePrice
08:00:05,91282CKF7,TSRYS5774875,D,S,D,2024-04-23,1000000.00,4.645527,96.94140625
08:00:05,91282CKF7,TSRYS5774875,D,S,D,2024-04-23,1000000.00,4.645865,96.939453125
08:00:05,91282CKF7,TSRYS5774875,D,S,D,2024-04-23,1000000.00,4.644172,96.94921875
08:00:05,91282CKF7,TSRYS5774875,D,S,D,2024-04-23,1000000.00,4.644172,96.94921875
08:00:05,91282CKF7,TSRYS5774875,D,S,D,2024-04-23,1000000.00,4.644172,96.94921875
08:00:05,91282CKF7,TSRYS5774875,D,S,T,2024-04-23,1000000.00,4.641801,96.962890625
08:00:05,91282CKF7,TSRYS5774875,D,S,T,2024-04-23,1000000.00,4.634014,97.0078125
08:00:05,91282CKF7,TSRYS5774875,D,S,T,2024-04-23,1000000.00,4.634014,97.0078125
08:00:05,91282CKF7,TSRYS5774875,D,S,D,2024-04-23,1000000.00,4.639092,96.978515625
08:00:05,91282CKF7,TSRYS5774875,D,S,D,2024-04-23,1000000.00,4.639092,96.978515625
08:00:05,91282CKF7,TSRYS5774875,D,S,T,2024-04-23,1000000.00,4.639092,96.978515625
08:00:05,91282CKF7,TSRYS5774875,D,S,D,2024-04-23,1000000.00,4.633337,97.01171875
08:00:05,91282CKF7,TSRYS5774875,D,S,T,2024-04-23,2000000.00,4.633337,97.01171875
08:00:05,91282CKF7,TSRYS5774875,D,S,D,2024-04-23,2000000.00,4.633337,97.01171875
08:00:05,91282CKF7,TSRYS5774875,D,S,T,2024-04-23,1000000.00,4.644849,96.9453125
08:00:05,91282CKF7,TSRYS5774875,D,S,D,2024-04-23,1000000.00,4.644849,96.9453125
08:00:05,91282CKF7,TSRYS5774875,D,S,D,2024-04-23,1000000.00,4.644849,96.9453125
08:00:05,91282CKF7,TSRYS5774875,D,S,T,2024-04-23,1000000.00,4.644849,96.9453125
08:00:05,91282CKF7,TSRYS5774875,D,S,D,2024-04-23,1000000.00,4.644849,96.9453125
08:00:05,91282CKF7,TSRYS5774875,D,S,D,2024-04-23,1000000.00,4.644849,96.9453125
08:00:05,91282CKF7,TSRYS5774875,D,S,D,2024-04-23,1000000.00,4.645527,96.94140625
08:00:05,91282CKF7,TSRYS5774875,D,S,T,2024-04-23,1000000.00,4.646204,96.9375
08:00:05,91282CKF7,TSRYS5774875,D,S,D,2024-04-23,1000000.00,4.640446,96.970703125
08:00:05,91282CKF7,TSRYS5774875,D,B,C,2024-04-23,3000000.00,4.660439,96.85546875
08:00:05,91282CKF7,TSRYS5774875,D,S,D,2024-04-23,1000000.00,4.665187,96.828125
08:00:05,91282CKF7,TSRYS5774875,D,S,D,2024-04-23,1000000.00,4.665187,96.828125
08:00:05,91282CKF7,TSRYS5774875,D,S,T,2024-04-23,1000000.00,4.665187,96.828125
08:00:05,91282CKF7,TSRYS5774875,D,S,T,2024-04-23,1000000.00,4.665187,96.828125
08:00:05,91282CKF7,TSRYS5774875,D,S,T,2024-04-23,1000000.00,4.665187,96.828125
08:00:05,91282CKF7,TSRYS5774875,D,S,D,2024-04-23,2000000.00,4.665187,96.828125
08:00:05,91282CKF7,TSRYS5774875,D,S,D,2024-04-23,1000000.00,4.665187,96.828125
08:00:05,91282CKF7,TSRYS5774875,D,S,D,2024-04-23,3000000.00,4.665187,96.828125
08:00:05,91282CKF7,TSRYS5774875,D,S,T,2024-04-23,1000000.00,4.665187,96.828125
08:00:05,91282CKF7,TSRYS5774875,D,S,D,2024-04-23,2000000.00,4.665187,96.828125
08:00:05,91282CKF7,TSRYS5774875,D,S,D,2024-04-23,1000000.00,4.665187,96.828125
08:00:05,91282CKF7,TSRYS5774875,D,S,D,2024-04-23,2000000.00,4.665187,96.828125
08:00:05,91282CKF7,TSRYS5774875,D,S,T,2024-04-23,1000000.00,4.665187,96.828125
08:00:05,91282CKF7,TSRYS5774875,D,S,D,2024-04-23,2000000.00,4.665187,96.828125
08:00:05,91282CKF7,TSRYS5774875,D,S,T,2024-04-23,1000000.00,4.665187,96.828125
08:00:05,91282CKF7,TSRYS5774875,D,S,D,2024-04-23,2000000.00,4.665187,96.828125
08:00:05,91282CKF7,TSRYS5774875,D,S,D,2024-04-23,2000000.00,4.665187,96.828125
08:00:05,91282CKF7,TSRYS5774875,D,S,D,2024-04-23,1000000.00,4.665187,96.828125
08:00:05,91282CKF7,TSRYS5774875,D,S,D,2024-04-23,2000000.00,4.665187,96.828125
08:00:05,91282CKF7,TSRYS5774875,D,S,T,2024-04-23,1000000.00,4.665187,96.828125
08:00:05,91282CKF7,TSRYS5774875,D,S,D,2024-04-23,1000000.00,4.665187,96.828125
08:00:05,91282CKF7,TSRYS5774875,D,S,D,2024-04-23,1000000.00,4.665187,96.828125
08:00:05,91282CKF7,TSRYS5774875,D,S,D,2024-04-23,1000000.00,4.665187,96.828125
08:00:05,91282CKF7,TSRYS5774875,D,S,D,2024-04-23,1000000.00,4.665187,96.828125
08:00:05,91282CKF7,TSRYS5774875,D,S,D,2024-04-23,1000000.00,4.664848,96.830078125
08:00:05,91282CKF7,TSRYS5774875,D,S,D,2024-04-23,2000000.00,4.664848,96.830078125
08:00:05,91282CKF7,TSRYS5774875,D,S,T,2024-04-23,2000000.00,4.667562,96.814453125
08:00:05,91282CKF7,TSRYS5774875,D,S,T,2024-04-23,2000000.00,4.667562,96.814453125
08:00:05,91282CKF7,TSRYS5774875,D,S,T,2024-04-23,2000000.00,4.667562,96.814453125
08:00:05,91282CKF7,TSRYS5774875,D,S,T,2024-04-23,2000000.00,4.667562,96.814453125
08:00:05,91282CKF7,TSRYS5774875,D,S,T,2024-04-23,2000000.00,4.667562,96.814453125
08:00:05,91282CKF7,TSRYS5774875,D,S,T,2024-04-23,2000000.00,4.667562,96.814453125
08:00:05,91282CKF7,TSRYS5774875,D,S,D,2024-04-23,1000000.00,4.672312,96.787109375
08:00:05,91282CKF7,TSRYS5774875,D,S,D,2024-04-23,1000000.00,4.672312,96.787109375
08:00:05,91282CKF7,TSRYS5774875,D,S,D,2024-04-23,1000000.00,4.672312,96.787109375
08:00:05,91282CKF7,TSRYS5774875,D,S,D,2024-04-23,1000000.00,4.672312,96.787109375
08:00:05,91282CKF7,TSRYS5774875,D,S,D,2024-04-23,1000000.00,4.672312,96.787109375
08:00:05,91282CKF7,TSRYS5774875,D,S,D,2024-04-23,1000000.00,4.672312,96.787109375
08:00:05,91282CKF7,TSRYS5774875,D,S,D,2024-04-23,1000000.00,4.672312,96.787109375
08:00:05,91282CKF7,TSRYS5774875,D,S,D,2024-04-23,1000000.00,4.672312,96.787109375
08:00:05,91282CKF7,TSRYS5774875,D,S,D,2024-04-23,1000000.00,4.672312,96.787109375
08:00:05,91282CKF7,TSRYS5774875,D,S,D,2024-04-23,1000000.00,4.67333,96.78125
08:00:05,91282CKF7,TSRYS5774875,D,S,D,2024-04-23,1000000.00,4.674009,96.77734375
08:00:05,91282CKF7,TSRYS5774875,D,S,D,2024-04-23,1000000.00,4.674009,96.77734375
08:00:05,91282CKF7,TSRYS5774875,D,S,D,2024-04-23,1000000.00,4.674009,96.77734375
08:00:05,91282CKF7,TSRYS5774875,D,S,T,2024-04-23,1000000.00,4.674688,96.7734375
08:00:05,91282CKF7,TSRYS5774875,D,S,D,2024-04-23,2000000.00,4.678762,96.75
08:00:09,91282CKF7,TSRYS5774875,D,B,C,2024-04-23,17000000.00,4.638146,96.983975
08:00:09,91282CKF7,TSRYS5774875,D,S,T,2024-04-23,1000000.00,4.657049,96.875
08:00:09,91282CKF7,TSRYS5774875,D,S,T,2024-04-23,1000000.00,4.657049,96.875
08:00:10,91282CKF7,TSRYS5774875,D,S,D,2024-04-23,1000000.00,4.672312,96.787109375
08:00:11,91282CKF7,TSRYS5774875,D,S,T,2024-04-23,1000000.00,4.643494,96.953125
08:00:11,91282CKF7,TSRYS5774875,D,S,T,2024-04-23,1000000.00,4.643494,96.953125
08:00:13,91282CKF7,TSRYS5774875,D,S,T,2024-04-23,2000000.00,4.678762,96.75
08:00:15,91282CKF7,TSRYS5774875,D,S,T,2024-04-23,1000000.00,4.646204,96.9375
08:00:16,91282CKF7,TSRYS5774875,D,B,C,2024-04-23,21000000.00,4.644849,96.9453125
08:00:17,91282CKF7,TSRYS5774875,D,S,T,2024-04-23,1000000.00,4.640785,96.96875
08:00:18,91282CKF7,TSRYS5774875,D,S,T,2024-04-23,1000000.00,4.646204,96.9375
08:00:18,91282CKF7,TSRYS5774875,D,S,T,2024-04-23,1000000.00,4.638076,96.984375
08:00:18,91282CKF7,TSRYS5774875,D,S,T,2024-04-23,1000000.00,4.645865,96.939453125
08:00:18,91282CKF7,TSRYS5774875,D,S,D,2024-04-23,2000000.00,4.638076,96.984375
08:00:19,91282CKF7,TSRYS5774875,D,S,T,2024-04-23,1000000.00,4.646204,96.9375
08:00:21,91282CKF7,TSRYS5774875,D,S,D,2024-04-23,1000000.00,4.645527,96.94140625
08:00:22,91282CKF7,TSRYS5774875,D,S,T,2024-04-23,1000000.00,4.646204,96.9375
08:00:23,91282CKF7,TSRYS5774875,D,S,T,2024-04-23,1000000.00,4.646204,96.9375
08:00:23,91282CKF7,TSRYS5774875,D,S,T,2024-04-23,1000000.00,4.648915,96.921875
08:00:23,91282CKF7,TSRYS5774875,D,S,T,2024-04-23,1000000.00,4.646204,96.9375
08:00:27,91282CKF7,TSRYS5774875,D,S,D,2024-04-23,2000000.00,4.638076,96.984375
08:00:27,91282CKF7,TSRYS5774875,D,S,D,2024-04-23,1000000.00,4.637738,96.986328125
08:00:27,91282CKF7,TSRYS5774875,D,S,D,2024-04-23,1000000.00,4.637738,96.986328125
08:00:29,91282CKF7,TSRYS5774875,D,S,D,2024-04-23,1000000.00,4.639769,96.974609375
08:00:29,91282CKF7,TSRYS5774875,D,S,D,2024-04-23,1000000.00,4.64451,96.947265625
08:00:30,91282CKF7,TSRYS5774875,D,S,D,2024-04-23,2000000.00,4.638076,96.984375
08:00:30,91282CKF7,TSRYS5774875,D,S,D,2024-04-23,1000000.00,4.644172,96.94921875
08:00:30,91282CKF7,TSRYS5774875,D,S,D,2024-04-23,1000000.00,4.644172,96.94921875
08:00:30,91282CKF7,TSRYS5774875,D,S,D,2024-04-23,1000000.00,4.643833,96.951171875
08:00:30,91282CKF7,TSRYS5774875,D,S,D,2024-04-23,1000000.00,4.637738,96.986328125
08:00:33,91282CKF7,TSRYS5774875,D,S,D,2024-04-23,1000000.00,4.658405,96.8671875
08:00:33,91282CKF7,TSRYS5774875,D,S,D,2024-04-23,1000000.00,4.656032,96.880859375
08:00:33,91282CKF7,TSRYS5774875,D,S,D,2024-04-23,1000000.00,4.659422,96.861328125
08:00:33,91282CKF7,TSRYS5774875,D,S,D,2024-04-23,1000000.00,4.654676,96.888671875
08:00:33,91282CKF7,TSRYS5774875,D,S,D,2024-04-23,1000000.00,4.662474,96.84375
08:00:33,91282CKF7,TSRYS5774875,D,S,D,2024-04-23,1000000.00,4.664848,96.830078125
08:00:33,91282CKF7,TSRYS5774875,D,S,D,2024-04-23,1000000.00,4.666205,96.822265625
08:00:33,91282CKF7,TSRYS5774875,D,S,D,2024-04-23,1000000.00,4.666205,96.822265625
08:00:33,91282CKF7,TSRYS5774875,D,S,D,2024-04-23,1000000.00,4.675028,96.771484375
08:00:33,91282CKF7,TSRYS5774875,D,S,D,2024-04-23,1000000.00,4.674688,96.7734375
08:00:33,91282CKF7,TSRYS5774875,D,S,D,2024-04-23,1000000.00,4.674688,96.7734375
08:00:33,91282CKF7,TSRYS5774875,D,S,D,2024-04-23,1000000.00,4.674349,96.775390625
08:00:33,91282CKF7,TSRYS5774875,D,S,D,2024-04-23,1000000.00,4.674349,96.775390625
08:00:33,91282CKF7,TSRYS5774875,D,S,D,2024-04-23,1000000.00,4.675367,96.76953125
08:00:33,91282CKF7,TSRYS5774875,D,S,D,2024-04-23,1000000.00,4.64451,96.947265625
08:00:33,91282CKF7,TSRYS5774875,D,S,D,2024-04-23,1000000.00,4.644172,96.94921875
08:00:33,91282CKF7,TSRYS5774875,D,S,D,2024-04-23,1000000.00,4.643833,96.951171875
08:00:33,91282CKF7,TSRYS5774875,D,S,D,2024-04-23,1000000.00,4.638415,96.982421875
08:00:33,91282CKF7,TSRYS5774875,D,S,D,2024-04-23,2000000.00,4.638415,96.982421875
08:00:33,91282CKF7,TSRYS5774875,D,S,D,2024-04-23,2000000.00,4.638415,96.982421875
08:00:33,91282CKF7,TSRYS5774875,D,S,D,2024-04-23,2000000.00,4.63266,97.015625
08:00:33,91282CKF7,TSRYS5774875,D,S,D,2024-04-23,1000000.00,4.63266,97.015625
08:00:33,91282CKF7,TSRYS5774875,D,S,D,2024-04-23,1000000.00,4.63266,97.015625
08:00:33,91282CKF7,TSRYS5774875,D,S,D,2024-04-23,1000000.00,4.63266,97.015625
08:00:33,91282CKF7,TSRYS5774875,D,S,D,2024-04-23,1000000.00,4.63266,97.015625
08:00:33,91282CKF7,TSRYS5774875,D,S,D,2024-04-23,1000000.00,4.63266,97.015625
08:00:33,91282CKF7,TSRYS5774875,D,S,D,2024-04-23,1000000.00,4.63266,97.015625
08:00:33,91282CKF7,TSRYS5774875,D,S,D,2024-04-23,1000000.00,4.63266,97.015625
08:00:33,91282CKF7,TSRYS5774875,D,S,D,2024-04-23,1000000.00,4.63266,97.015625
08:00:33,91282CKF7,TSRYS5774875,D,S,D,2024-04-23,1000000.00,4.633337,97.01171875
08:00:33,91282CKF7,TSRYS5774875,D,S,D,2024-04-23,3000000.00,4.633337,97.01171875
08:00:33,91282CKF7,TSRYS5774875,D,S,D,2024-04-23,1000000.00,4.645527,96.94140625
08:00:33,91282CKF7,TSRYS5774875,D,S,D,2024-04-23,1000000.00,4.645865,96.939453125
08:00:33,91282CKF7,TSRYS5774875,D,S,D,2024-04-23,2000000.00,4.646204,96.9375
08:00:33,91282CKF7,TSRYS5774875,D,S,D,2024-04-23,2000000.00,4.646204,96.9375
08:00:33,91282CKF7,TSRYS5774875,D,S,D,2024-04-23,1000000.00,4.645527,96.94140625
08:00:33,91282CKF7,TSRYS5774875,D,S,D,2024-04-23,1000000.00,4.643156,96.955078125
08:00:33,91282CKF7,TSRYS5774875,D,S,D,2024-04-23,1000000.00,4.643156,96.955078125
08:00:33,91282CKF7,TSRYS5774875,D,S,D,2024-04-23,3000000.00,4.654676,96.888671875
08:00:33,91282CKF7,TSRYS5774875,D,S,D,2024-04-23,1000000.00,4.658405,96.8671875
08:00:33,91282CKF7,TSRYS5774875,D,S,D,2024-04-23,1000000.00,4.658405,96.8671875
08:00:33,91282CKF7,TSRYS5774875,D,S,D,2024-04-23,1000000.00,4.658405,96.8671875
08:00:33,91282CKF7,TSRYS5774875,D,S,D,2024-04-23,1000000.00,4.655354,96.884765625
08:00:33,91282CKF7,TSRYS5774875,D,S,D,2024-04-23,1000000.00,4.655354,96.884765625
08:00:33,91282CKF7,TSRYS5774875,D,S,D,2024-04-23,1000000.00,4.655354,96.884765625
08:00:33,91282CKF7,TSRYS5774875,D,S,D,2024-04-23,1000000.00,4.655354,96.884765625
08:00:33,91282CKF7,TSRYS5774875,D,S,D,2024-04-23,1000000.00,4.655354,96.884765625
08:00:33,91282CKF7,TSRYS5774875,D,S,D,2024-04-23,1000000.00,4.655354,96.884765625
08:00:33,91282CKF7,TSRYS5774875,D,S,D,2024-04-23,2000000.00,4.656032,96.880859375
08:00:33,91282CKF7,TSRYS5774875,D,S,D,2024-04-23,1000000.00,4.655354,96.884765625
08:00:33,91282CKF7,TSRYS5774875,D,S,D,2024-04-23,1000000.00,4.655354,96.884765625
08:00:33,91282CKF7,TSRYS5774875,D,S,D,2024-04-23,1000000.00,4.650609,96.912109375
08:00:33,91282CKF7,TSRYS5774875,D,S,D,2024-04-23,1000000.00,4.647898,96.927734375
08:00:33,91282CKF7,TSRYS5774875,D,S,D,2024-04-23,1000000.00,4.647898,96.927734375
08:00:33,91282CKF7,TSRYS5774875,D,S,D,2024-04-23,1000000.00,4.647898,96.927734375
08:00:33,91282CKF7,TSRYS5774875,D,S,D,2024-04-23,1000000.00,4.652981,96.8984375
08:00:33,91282CKF7,TSRYS5774875,D,S,D,2024-04-23,1000000.00,4.652981,96.8984375
08:00:33,91282CKF7,TSRYS5774875,D,S,D,2024-04-23,1000000.00,4.652981,96.8984375
08:00:33,91282CKF7,TSRYS5774875,D,S,D,2024-04-23,1000000.00,4.6601,96.857421875
08:00:33,91282CKF7,TSRYS5774875,D,S,D,2024-04-23,1000000.00,4.6601,96.857421875
08:00:33,91282CKF7,TSRYS5774875,D,S,D,2024-04-23,1000000.00,4.6601,96.857421875
08:00:33,91282CKF7,TSRYS5774875,D,S,D,2024-04-23,1000000.00,4.6601,96.857421875
08:00:33,91282CKF7,TSRYS5774875,D,S,D,2024-04-23,1000000.00,4.660439,96.85546875
08:00:33,91282CKF7,TSRYS5774875,D,S,D,2024-04-23,1000000.00,4.660439,96.85546875
08:00:33,91282CKF7,TSRYS5774875,D,S,D,2024-04-23,1000000.00,4.6601,96.857421875
08:00:33,91282CKF7,TSRYS5774875,D,S,D,2024-04-23,1000000.00,4.659422,96.861328125
08:00:33,91282CKF7,TSRYS5774875,D,S,D,2024-04-23,1000000.00,4.659083,96.86328125
08:00:33,91282CKF7,TSRYS5774875,D,S,D,2024-04-23,2000000.00,4.658405,96.8671875
08:00:33,91282CKF7,TSRYS5774875,D,S,D,2024-04-23,2000000.00,4.658405,96.8671875
08:00:33,91282CKF7,TSRYS5774875,D,S,D,2024-04-23,2000000.00,4.659422,96.861328125
08:00:33,91282CKF7,TSRYS5774875,D,S,D,2024-04-23,3000000.00,4.659083,96.86328125
08:00:33,91282CKF7,TSRYS5774875,D,S,D,2024-04-23,1000000.00,4.655015,96.88671875
08:00:33,91282CKF7,TSRYS5774875,D,S,D,2024-04-23,2000000.00,4.654676,96.888671875
08:00:33,91282CKF7,TSRYS5774875,D,S,D,2024-04-23,2000000.00,4.665187,96.828125
08:00:33,91282CKF7,TSRYS5774875,D,S,D,2024-04-23,2000000.00,4.664848,96.830078125
08:00:33,91282CKF7,TSRYS5774875,D,S,D,2024-04-23,2000000.00,4.665187,96.828125
08:00:33,91282CKF7,TSRYS5774875,D,S,D,2024-04-23,2000000.00,4.666205,96.822265625
08:00:33,91282CKF7,TSRYS5774875,D,S,D,2024-04-23,2000000.00,4.666205,96.822265625
08:00:33,91282CKF7,TSRYS5774875,D,S,D,2024-04-23,2000000.00,4.666205,96.822265625
08:00:33,91282CKF7,TSRYS5774875,D,S,D,2024-04-23,2000000.00,4.666205,96.822265625
08:00:33,91282CKF7,TSRYS5774875,D,S,D,2024-04-23,1000000.00,4.672312,96.787109375
08:00:33,91282CKF7,TSRYS5774875,D,S,D,2024-04-23,1000000.00,4.672312,96.787109375
08:00:33,91282CKF7,TSRYS5774875,D,S,D,2024-04-23,1000000.00,4.67333,96.78125
08:00:33,91282CKF7,TSRYS5774875,D,S,D,2024-04-23,1000000.00,4.67367,96.779296875
08:00:33,91282CKF7,TSRYS5774875,D,S,D,2024-04-23,1000000.00,4.67367,96.779296875
08:00:33,91282CKF7,TSRYS5774875,D,S,D,2024-04-23,1000000.00,4.674688,96.7734375
08:00:33,91282CKF7,TSRYS5774875,D,S,D,2024-04-23,1000000.00,4.674688,96.7734375
08:00:33,91282CKF7,TSRYS5774875,D,S,D,2024-04-23,1000000.00,4.674349,96.775390625
08:00:33,91282CKF7,TSRYS5774875,D,S,D,2024-04-23,1000000.00,4.674349,96.775390625
08:00:33,91282CKF7,TSRYS5774875,D,S,D,2024-04-23,1000000.00,4.675367,96.76953125
08:00:33,91282CKF7,TSRYS5774875,D,S,D,2024-04-23,1000000.00,4.676385,96.763671875
08:00:33,91282CKF7,TSRYS5774875,D,S,D,2024-04-23,1000000.00,4.676046,96.765625
08:00:33,91282CKF7,TSRYS5774875,D,S,D,2024-04-23,1000000.00,4.676046,96.765625
08:00:33,91282CKF7,TSRYS5774875,D,S,T,2024-04-23,1000000.00,4.635706,96.998046875
08:00:33,91282CKF7,TSRYS5774875,D,S,T,2024-04-23,1000000.00,4.643156,96.955078125
08:00:33,91282CKF7,TSRYS5774875,D,S,T,2024-04-23,1000000.00,4.643156,96.955078125
08:00:33,91282CKF7,TSRYS5774875,D,S,T,2024-04-23,2000000.00,4.643156,96.955078125
08:00:33,91282CKF7,TSRYS5774875,D,S,T,2024-04-23,1000000.00,4.643156,96.955078125
08:00:33,91282CKF7,TSRYS5774875,D,S,T,2024-04-23,1000000.00,4.641801,96.962890625
08:00:33,91282CKF7,TSRYS5774875,D,S,T,2024-04-23,1000000.00,4.634014,97.0078125
08:00:33,91282CKF7,TSRYS5774875,D,S,T,2024-04-23,1000000.00,4.634014,97.0078125
08:00:33,91282CKF7,TSRYS5774875,D,S,T,2024-04-23,2000000.00,4.635706,96.998046875
08:00:33,91282CKF7,TSRYS5774875,D,S,T,2024-04-23,1000000.00,4.641462,96.96484375
08:00:33,91282CKF7,TSRYS5774875,D,S,T,2024-04-23,1000000.00,4.644172,96.94921875
08:00:33,91282CKF7,TSRYS5774875,D,S,T,2024-04-23,1000000.00,4.643833,96.951171875
08:00:33,91282CKF7,TSRYS5774875,D,S,T,2024-04-23,1000000.00,4.643833,96.951171875
08:00:33,91282CKF7,TSRYS5774875,D,S,T,2024-04-23,2000000.00,4.638076,96.984375
08:00:33,91282CKF7,TSRYS5774875,D,S,T,2024-04-23,2000000.00,4.638076,96.984375
08:00:33,91282CKF7,TSRYS5774875,D,S,T,2024-04-23,1000000.00,4.637738,96.986328125
08:00:33,91282CKF7,TSRYS5774875,D,S,T,2024-04-23,1000000.00,4.637738,96.986328125
08:00:33,91282CKF7,TSRYS5774875,D,S,T,2024-04-23,1000000.00,4.637738,96.986328125
08:00:33,91282CKF7,TSRYS5774875,D,S,T,2024-04-23,2000000.00,4.645865,96.939453125
08:00:33,91282CKF7,TSRYS5774875,D,S,T,2024-04-23,1000000.00,4.645865,96.939453125
08:00:33,91282CKF7,TSRYS5774875,D,S,T,2024-04-23,1000000.00,4.642478,96.958984375
08:00:33,91282CKF7,TSRYS5774875,D,S,T,2024-04-23,1000000.00,4.652303,96.90234375
08:00:33,91282CKF7,TSRYS5774875,D,S,T,2024-04-23,1000000.00,4.651625,96.90625
08:00:33,91282CKF7,TSRYS5774875,D,S,T,2024-04-23,1000000.00,4.658405,96.8671875
08:00:33,91282CKF7,TSRYS5774875,D,S,T,2024-04-23,1000000.00,4.658405,96.8671875
08:00:33,91282CKF7,TSRYS5774875,D,S,T,2024-04-23,1000000.00,4.65671,96.876953125
08:00:33,91282CKF7,TSRYS5774875,D,S,T,2024-04-23,1000000.00,4.655354,96.884765625
08:00:33,91282CKF7,TSRYS5774875,D,S,T,2024-04-23,1000000.00,4.646543,96.935546875
08:00:33,91282CKF7,TSRYS5774875,D,S,T,2024-04-23,1000000.00,4.654337,96.890625
08:00:33,91282CKF7,TSRYS5774875,D,S,T,2024-04-23,1000000.00,4.654337,96.890625
08:00:33,91282CKF7,TSRYS5774875,D,S,T,2024-04-23,1000000.00,4.659422,96.861328125
08:00:33,91282CKF7,TSRYS5774875,D,S,T,2024-04-23,1000000.00,4.659422,96.861328125
08:00:33,91282CKF7,TSRYS5774875,D,S,T,2024-04-23,1000000.00,4.654337,96.890625
08:00:33,91282CKF7,TSRYS5774875,D,S,T,2024-04-23,1000000.00,4.657727,96.87109375
08:00:33,91282CKF7,TSRYS5774875,D,S,T,2024-04-23,1000000.00,4.657388,96.873046875
08:00:33,91282CKF7,TSRYS5774875,D,S,T,2024-04-23,1000000.00,4.662474,96.84375
08:00:33,91282CKF7,TSRYS5774875,D,S,T,2024-04-23,1000000.00,4.662474,96.84375
08:00:33,91282CKF7,TSRYS5774875,D,S,T,2024-04-23,1000000.00,4.665187,96.828125
08:00:33,91282CKF7,TSRYS5774875,D,S,T,2024-04-23,1000000.00,4.665187,96.828125
08:00:33,91282CKF7,TSRYS5774875,D,S,T,2024-04-23,2000000.00,4.664848,96.830078125
08:00:33,91282CKF7,TSRYS5774875,D,S,T,2024-04-23,1000000.00,4.664848,96.830078125
08:00:33,91282CKF7,TSRYS5774875,D,S,T,2024-04-23,1000000.00,4.666205,96.822265625
08:00:33,91282CKF7,TSRYS5774875,D,S,T,2024-04-23,1000000.00,4.666205,96.822265625
08:00:33,91282CKF7,TSRYS5774875,D,S,T,2024-04-23,1000000.00,4.666205,96.822265625
08:00:33,91282CKF7,TSRYS5774875,D,S,T,2024-04-23,1000000.00,4.666205,96.822265625
08:00:33,91282CKF7,TSRYS5774875,D,S,T,2024-04-23,1000000.00,4.67367,96.779296875
08:00:33,91282CKF7,TSRYS5774875,D,S,T,2024-04-23,1000000.00,4.675028,96.771484375
08:00:33,91282CKF7,TSRYS5774875,D,S,T,2024-04-23,1000000.00,4.675028,96.771484375
08:00:33,91282CKF7,TSRYS5774875,D,S,T,2024-04-23,1000000.00,4.674688,96.7734375
08:00:33,91282CKF7,TSRYS5774875,D,S,T,2024-04-23,1000000.00,4.674688,96.7734375
08:00:33,91282CKF7,TSRYS5774875,D,S,T,2024-04-23,1000000.00,4.674688,96.7734375
08:00:33,91282CKF7,TSRYS5774875,D,S,T,2024-04-23,1000000.00,4.674688,96.7734375
08:00:33,91282CKF7,TSRYS5774875,D,S,T,2024-04-23,1000000.00,4.674688,96.7734375
08:00:33,91282CKF7,TSRYS5774875,D,S,T,2024-04-23,1000000.00,4.674688,96.7734375
08:00:33,91282CKF7,TSRYS5774875,D,S,T,2024-04-23,1000000.00,4.675367,96.76953125
08:00:33,91282CKF7,TSRYS5774875,D,S,T,2024-04-23,1000000.00,4.675706,96.767578125
08:00:33,91282CKF7,TSRYS5774875,D,S,T,2024-04-23,1000000.00,4.675706,96.767578125
08:00:33,91282CKF7,TSRYS5774875,D,S,T,2024-04-23,1000000.00,4.675706,96.767578125
08:00:33,91282CKF7,TSRYS5774875,D,S,T,2024-04-23,1000000.00,4.675706,96.767578125
08:00:33,91282CKF7,TSRYS5774875,D,S,T,2024-04-23,1000000.00,4.675367,96.76953125
08:00:33,91282CKF7,TSRYS5774875,D,S,T,2024-04-23,1000000.00,4.675367,96.76953125
08:00:33,91282CKF7,TSRYS5774875,D,S,T,2024-04-23,1000000.00,4.675367,96.76953125
08:00:33,91282CKF7,TSRYS5774875,D,S,T,2024-04-23,1000000.00,4.675367,96.76953125
08:00:33,91282CKF7,TSRYS5774875,D,S,T,2024-04-23,1000000.00,4.676385,96.763671875
08:00:33,91282CKF7,TSRYS5774875,D,S,T,2024-04-23,1000000.00,4.639431,96.9765625
08:00:33,91282CKF7,TSRYS5774875,D,S,T,2024-04-23,1000000.00,4.635706,96.998046875
08:00:33,91282CKF7,TSRYS5774875,D,S,T,2024-04-23,1000000.00,4.638076,96.984375
08:00:33,91282CKF7,TSRYS5774875,D,S,T,2024-04-23,1000000.00,4.643833,96.951171875
08:00:33,91282CKF7,TSRYS5774875,D,S,T,2024-04-23,1000000.00,4.643494,96.953125
08:00:33,91282CKF7,TSRYS5774875,D,S,T,2024-04-23,2000000.00,4.645188,96.943359375
08:00:33,91282CKF7,TSRYS5774875,D,S,T,2024-04-23,1000000.00,4.646204,96.9375
08:00:33,91282CKF7,TSRYS5774875,D,S,T,2024-04-23,2000000.00,4.645188,96.943359375
08:00:33,91282CKF7,TSRYS5774875,D,S,T,2024-04-23,2000000.00,4.645188,96.943359375
08:00:33,91282CKF7,TSRYS5774875,D,S,T,2024-04-23,1000000.00,4.648915,96.921875
08:00:33,91282CKF7,TSRYS5774875,D,S,T,2024-04-23,1000000.00,4.648915,96.921875
08:00:33,91282CKF7,TSRYS5774875,D,S,T,2024-04-23,1000000.00,4.648915,96.921875
08:00:33,91282CKF7,TSRYS5774875,D,S,T,2024-04-23,1000000.00,4.648915,96.921875
08:00:33,91282CKF7,TSRYS5774875,D,S,T,2024-04-23,1000000.00,4.648915,96.921875
08:00:33,91282CKF7,TSRYS5774875,D,S,T,2024-04-23,1000000.00,4.648915,96.921875
08:00:33,91282CKF7,TSRYS5774875,D,S,T,2024-04-23,1000000.00,4.648915,96.921875
08:00:33,91282CKF7,TSRYS5774875,D,S,T,2024-04-23,2000000.00,4.647898,96.927734375
08:00:33,91282CKF7,TSRYS5774875,D,S,T,2024-04-23,1000000.00,4.647898,96.927734375
08:00:33,91282CKF7,TSRYS5774875,D,S,T,2024-04-23,1000000.00,4.646204,96.9375
08:00:33,91282CKF7,TSRYS5774875,D,S,T,2024-04-23,1000000.00,4.644849,96.9453125
08:00:33,91282CKF7,TSRYS5774875,D,S,T,2024-04-23,1000000.00,4.64451,96.947265625
08:00:33,91282CKF7,TSRYS5774875,D,S,T,2024-04-23,1000000.00,4.645188,96.943359375
08:00:33,91282CKF7,TSRYS5774875,D,S,T,2024-04-23,1000000.00,4.644849,96.9453125
08:00:33,91282CKF7,TSRYS5774875,D,S,T,2024-04-23,1000000.00,4.643156,96.955078125
08:00:33,91282CKF7,TSRYS5774875,D,S,T,2024-04-23,1000000.00,4.643156,96.955078125
08:00:33,91282CKF7,TSRYS5774875,D,S,T,2024-04-23,2000000.00,4.640785,96.96875
08:00:33,91282CKF7,TSRYS5774875,D,S,T,2024-04-23,1000000.00,4.640785,96.96875
08:00:33,91282CKF7,TSRYS5774875,D,S,T,2024-04-23,1000000.00,4.638076,96.984375
08:00:33,91282CKF7,TSRYS5774875,D,S,T,2024-04-23,1000000.00,4.634014,97.0078125
08:00:33,91282CKF7,TSRYS5774875,D,S,T,2024-04-23,1000000.00,4.638415,96.982421875
08:00:33,91282CKF7,TSRYS5774875,D,S,T,2024-04-23,1000000.00,4.644172,96.94921875
08:00:33,91282CKF7,TSRYS5774875,D,S,T,2024-04-23,1000000.00,4.643833,96.951171875
08:00:33,91282CKF7,TSRYS5774875,D,S,T,2024-04-23,1000000.00,4.643494,96.953125
08:00:33,91282CKF7,TSRYS5774875,D,S,T,2024-04-23,2000000.00,4.643156,96.955078125
08:00:33,91282CKF7,TSRYS5774875,D,S,T,2024-04-23,1000000.00,4.643494,96.953125
08:00:33,91282CKF7,TSRYS5774875,D,S,T,2024-04-23,1000000.00,4.643833,96.951171875
08:00:33,91282CKF7,TSRYS5774875,D,S,T,2024-04-23,1000000.00,4.643494,96.953125
08:00:33,91282CKF7,TSRYS5774875,D,S,T,2024-04-23,1000000.00,4.643494,96.953125
08:00:33,91282CKF7,TSRYS5774875,D,S,T,2024-04-23,1000000.00,4.643494,96.953125
08:00:33,91282CKF7,TSRYS5774875,D,S,T,2024-04-23,2000000.00,4.643494,96.953125
08:00:33,91282CKF7,TSRYS5774875,D,S,T,2024-04-23,1000000.00,4.644172,96.94921875
08:00:33,91282CKF7,TSRYS5774875,D,S,T,2024-04-23,2000000.00,4.640108,96.97265625
08:00:33,91282CKF7,TSRYS5774875,D,S,T,2024-04-23,1000000.00,4.640108,96.97265625
08:00:33,91282CKF7,TSRYS5774875,D,S,T,2024-04-23,1000000.00,4.640446,96.970703125
08:00:33,91282CKF7,TSRYS5774875,D,S,T,2024-04-23,1000000.00,4.640785,96.96875
08:00:33,91282CKF7,TSRYS5774875,D,S,T,2024-04-23,3000000.00,4.640785,96.96875
08:00:33,91282CKF7,TSRYS5774875,D,S,T,2024-04-23,1000000.00,4.640785,96.96875
08:00:33,91282CKF7,TSRYS5774875,D,S,T,2024-04-23,1000000.00,4.640785,96.96875
08:00:33,91282CKF7,TSRYS5774875,D,S,T,2024-04-23,2000000.00,4.640446,96.970703125
08:00:33,91282CKF7,TSRYS5774875,D,S,T,2024-04-23,1000000.00,4.640785,96.96875
08:00:33,91282CKF7,TSRYS5774875,D,S,T,2024-04-23,2000000.00,4.642817,96.95703125
08:00:33,91282CKF7,TSRYS5774875,D,S,T,2024-04-23,1000000.00,4.643156,96.955078125
08:00:33,91282CKF7,TSRYS5774875,D,S,T,2024-04-23,1000000.00,4.642817,96.95703125
08:00:33,91282CKF7,TSRYS5774875,D,S,T,2024-04-23,1000000.00,4.643494,96.953125
08:00:33,91282CKF7,TSRYS5774875,D,S,T,2024-04-23,2000000.00,4.645188,96.943359375
08:00:33,91282CKF7,TSRYS5774875,D,S,T,2024-04-23,1000000.00,4.645188,96.943359375
08:00:33,91282CKF7,TSRYS5774875,D,S,T,2024-04-23,1000000.00,4.638076,96.984375
08:00:33,91282CKF7,TSRYS5774875,D,S,T,2024-04-23,2000000.00,4.635368,97.0
08:00:33,91282CKF7,TSRYS5774875,D,S,T,2024-04-23,1000000.00,4.635368,97.0
08:00:33,91282CKF7,TSRYS5774875,D,S,T,2024-04-23,1000000.00,4.638076,96.984375
08:00:33,91282CKF7,TSRYS5774875,D,S,T,2024-04-23,1000000.00,4.638076,96.984375
08:00:33,91282CKF7,TSRYS5774875,D,S,T,2024-04-23,1000000.00,4.638076,96.984375
08:00:33,91282CKF7,TSRYS5774875,D,S,T,2024-04-23,2000000.00,4.637738,96.986328125
08:00:33,91282CKF7,TSRYS5774875,D,S,T,2024-04-23,1000000.00,4.638076,96.984375
08:00:33,91282CKF7,TSRYS5774875,D,S,T,2024-04-23,1000000.00,4.638076,96.984375
08:00:33,91282CKF7,TSRYS5774875,D,S,T,2024-04-23,2000000.00,4.637738,96.986328125
08:00:33,91282CKF7,TSRYS5774875,D,S,T,2024-04-23,1000000.00,4.63266,97.015625
08:00:33,91282CKF7,TSRYS5774875,D,S,T,2024-04-23,1000000.00,4.63266,97.015625
08:00:33,91282CKF7,TSRYS5774875,D,S,T,2024-04-23,1000000.00,4.640446,96.970703125
08:00:33,91282CKF7,TSRYS5774875,D,S,T,2024-04-23,1000000.00,4.640785,96.96875
08:00:33,91282CKF7,TSRYS5774875,D,S,T,2024-04-23,1000000.00,4.643494,96.953125
08:00:33,91282CKF7,TSRYS5774875,D,S,T,2024-04-23,1000000.00,4.644849,96.9453125
08:00:33,91282CKF7,TSRYS5774875,D,S,T,2024-04-23,1000000.00,4.643494,96.953125
08:00:33,91282CKF7,TSRYS5774875,D,S,T,2024-04-23,1000000.00,4.643494,96.953125
08:00:33,91282CKF7,TSRYS5774875,D,S,T,2024-04-23,1000000.00,4.646204,96.9375
08:00:33,91282CKF7,TSRYS5774875,D,S,T,2024-04-23,1000000.00,4.646204,96.9375
08:00:33,91282CKF7,TSRYS5774875,D,S,T,2024-04-23,1000000.00,4.646204,96.9375
08:00:33,91282CKF7,TSRYS5774875,D,S,T,2024-04-23,1000000.00,4.646204,96.9375
08:00:33,91282CKF7,TSRYS5774875,D,S,T,2024-04-23,1000000.00,4.643494,96.953125
08:00:33,91282CKF7,TSRYS5774875,D,S,T,2024-04-23,1000000.00,4.646204,96.9375
08:00:33,91282CKF7,TSRYS5774875,D,S,T,2024-04-23,1000000.00,4.648915,96.921875
08:00:33,91282CKF7,TSRYS5774875,D,S,T,2024-04-23,1000000.00,4.648915,96.921875
08:00:33,91282CKF7,TSRYS5774875,D,S,T,2024-04-23,1000000.00,4.648915,96.921875
08:00:33,91282CKF7,TSRYS5774875,D,S,T,2024-04-23,1000000.00,4.648915,96.921875
08:00:33,91282CKF7,TSRYS5774875,D,S,T,2024-04-23,1000000.00,4.648915,96.921875
08:00:33,91282CKF7,TSRYS5774875,D,S,T,2024-04-23,1000000.00,4.646204,96.9375
08:00:33,91282CKF7,TSRYS5774875,D,S,T,2024-04-23,1000000.00,4.643494,96.953125
08:00:33,91282CKF7,TSRYS5774875,D,S,T,2024-04-23,1000000.00,4.643494,96.953125
08:00:33,91282CKF7,TSRYS5774875,D,S,T,2024-04-23,1000000.00,4.646204,96.9375
08:00:33,91282CKF7,TSRYS5774875,D,S,T,2024-04-23,1000000.00,4.646204,96.9375
08:00:33,91282CKF7,TSRYS5774875,D,S,T,2024-04-23,1000000.00,4.643494,96.953125
08:00:33,91282CKF7,TSRYS5774875,D,S,T,2024-04-23,2000000.00,4.648915,96.921875
08:00:33,91282CKF7,TSRYS5774875,D,S,T,2024-04-23,1000000.00,4.648915,96.921875
08:00:33,91282CKF7,TSRYS5774875,D,S,T,2024-04-23,1000000.00,4.651625,96.90625
08:00:33,91282CKF7,TSRYS5774875,D,S,T,2024-04-23,1000000.00,4.651625,96.90625
08:00:33,91282CKF7,TSRYS5774875,D,S,T,2024-04-23,1000000.00,4.651625,96.90625
08:00:33,91282CKF7,TSRYS5774875,D,S,T,2024-04-23,1000000.00,4.651625,96.90625
08:00:33,91282CKF7,TSRYS5774875,D,S,T,2024-04-23,1000000.00,4.651625,96.90625
08:00:33,91282CKF7,TSRYS5774875,D,S,T,2024-04-23,1000000.00,4.651625,96.90625
08:00:33,91282CKF7,TSRYS5774875,D,S,T,2024-04-23,1000000.00,4.651625,96.90625
08:00:33,91282CKF7,TSRYS5774875,D,S,T,2024-04-23,1000000.00,4.651625,96.90625
08:00:33,91282CKF7,TSRYS5774875,D,S,T,2024-04-23,1000000.00,4.654337,96.890625
08:00:33,91282CKF7,TSRYS5774875,D,S,T,2024-04-23,1000000.00,4.654337,96.890625
08:00:33,91282CKF7,TSRYS5774875,D,S,T,2024-04-23,1000000.00,4.654337,96.890625
08:00:33,91282CKF7,TSRYS5774875,D,S,T,2024-04-23,1000000.00,4.654337,96.890625
08:00:33,91282CKF7,TSRYS5774875,D,S,T,2024-04-23,1000000.00,4.651625,96.90625
08:00:33,91282CKF7,TSRYS5774875,D,S,T,2024-04-23,1000000.00,4.651625,96.90625
08:00:33,91282CKF7,TSRYS5774875,D,S,T,2024-04-23,1000000.00,4.658066,96.869140625
08:00:33,91282CKF7,TSRYS5774875,D,S,T,2024-04-23,1000000.00,4.658066,96.869140625
08:00:33,91282CKF7,TSRYS5774875,D,S,T,2024-04-23,1000000.00,4.657049,96.875
08:00:33,91282CKF7,TSRYS5774875,D,S,T,2024-04-23,1000000.00,4.657049,96.875
08:00:33,91282CKF7,TSRYS5774875,D,S,T,2024-04-23,1000000.00,4.654337,96.890625
08:00:33,91282CKF7,TSRYS5774875,D,S,T,2024-04-23,1000000.00,4.659761,96.859375
08:00:33,91282CKF7,TSRYS5774875,D,S,T,2024-04-23,1000000.00,4.657049,96.875
08:00:33,91282CKF7,TSRYS5774875,D,S,T,2024-04-23,1000000.00,4.657049,96.875
08:00:33,91282CKF7,TSRYS5774875,D,S,T,2024-04-23,1000000.00,4.657727,96.87109375
08:00:33,91282CKF7,TSRYS5774875,D,S,T,2024-04-23,1000000.00,4.656032,96.880859375
08:00:33,91282CKF7,TSRYS5774875,D,S,T,2024-04-23,1000000.00,4.654337,96.890625
08:00:33,91282CKF7,TSRYS5774875,D,S,T,2024-04-23,1000000.00,4.654337,96.890625
08:00:33,91282CKF7,TSRYS5774875,D,S,T,2024-04-23,1000000.00,4.654337,96.890625
08:00:33,91282CKF7,TSRYS5774875,D,S,T,2024-04-23,1000000.00,4.651625,96.90625
08:00:33,91282CKF7,TSRYS5774875,D,S,T,2024-04-23,1000000.00,4.648915,96.921875
08:00:33,91282CKF7,TSRYS5774875,D,S,T,2024-04-23,1000000.00,4.646204,96.9375
08:00:33,91282CKF7,TSRYS5774875,D,S,T,2024-04-23,2000000.00,4.647559,96.9296875
08:00:33,91282CKF7,TSRYS5774875,D,S,T,2024-04-23,1000000.00,4.644849,96.9453125
08:00:33,91282CKF7,TSRYS5774875,D,S,T,2024-04-23,1000000.00,4.647559,96.9296875
08:00:33,91282CKF7,TSRYS5774875,D,S,T,2024-04-23,1000000.00,4.646204,96.9375
08:00:33,91282CKF7,TSRYS5774875,D,S,T,2024-04-23,1000000.00,4.651625,96.90625
08:00:33,91282CKF7,TSRYS5774875,D,S,T,2024-04-23,1000000.00,4.651625,96.90625
08:00:33,91282CKF7,TSRYS5774875,D,S,T,2024-04-23,1000000.00,4.654337,96.890625
08:00:33,91282CKF7,TSRYS5774875,D,S,T,2024-04-23,1000000.00,4.659761,96.859375
08:00:33,91282CKF7,TSRYS5774875,D,S,T,2024-04-23,1000000.00,4.661117,96.8515625
08:00:33,91282CKF7,TSRYS5774875,D,S,T,2024-04-23,1000000.00,4.657049,96.875
08:00:33,91282CKF7,TSRYS5774875,D,S,T,2024-04-23,1000000.00,4.657049,96.875
08:00:33,91282CKF7,TSRYS5774875,D,S,T,2024-04-23,1000000.00,4.659761,96.859375
08:00:33,91282CKF7,TSRYS5774875,D,S,T,2024-04-23,1000000.00,4.659761,96.859375
08:00:33,91282CKF7,TSRYS5774875,D,S,T,2024-04-23,1000000.00,4.654337,96.890625
08:00:33,91282CKF7,TSRYS5774875,D,S,T,2024-04-23,2000000.00,4.652981,96.8984375
08:00:33,91282CKF7,TSRYS5774875,D,S,T,2024-04-23,2000000.00,4.652981,96.8984375
08:00:33,91282CKF7,TSRYS5774875,D,S,T,2024-04-23,2000000.00,4.652642,96.900390625
08:00:33,91282CKF7,TSRYS5774875,D,S,T,2024-04-23,2000000.00,4.652303,96.90234375
08:00:33,91282CKF7,TSRYS5774875,D,S,T,2024-04-23,1000000.00,4.651625,96.90625
08:00:33,91282CKF7,TSRYS5774875,D,S,T,2024-04-23,1000000.00,4.648915,96.921875
08:00:33,91282CKF7,TSRYS5774875,D,S,T,2024-04-23,1000000.00,4.648576,96.923828125
08:00:33,91282CKF7,TSRYS5774875,D,S,T,2024-04-23,1000000.00,4.648915,96.921875
08:00:33,91282CKF7,TSRYS5774875,D,S,T,2024-04-23,2000000.00,4.648576,96.923828125
08:00:33,91282CKF7,TSRYS5774875,D,S,T,2024-04-23,1000000.00,4.648915,96.921875
08:00:33,91282CKF7,TSRYS5774875,D,S,T,2024-04-23,1000000.00,4.647221,96.931640625
08:00:33,91282CKF7,TSRYS5774875,D,S,T,2024-04-23,2000000.00,4.646882,96.93359375
08:00:33,91282CKF7,TSRYS5774875,D,S,T,2024-04-23,1000000.00,4.646204,96.9375
08:00:33,91282CKF7,TSRYS5774875,D,S,T,2024-04-23,1000000.00,4.643494,96.953125
08:00:33,91282CKF7,TSRYS5774875,D,S,T,2024-04-23,1000000.00,4.643494,96.953125
08:00:33,91282CKF7,TSRYS5774875,D,S,T,2024-04-23,2000000.00,4.643156,96.955078125
08:00:33,91282CKF7,TSRYS5774875,D,S,T,2024-04-23,1000000.00,4.643494,96.953125
08:00:33,91282CKF7,TSRYS5774875,D,S,T,2024-04-23,2000000.00,4.641124,96.966796875
08:00:33,91282CKF7,TSRYS5774875,D,S,T,2024-04-23,1000000.00,4.640785,96.96875
08:00:33,91282CKF7,TSRYS5774875,D,S,T,2024-04-23,3000000.00,4.641124,96.966796875
08:00:33,91282CKF7,TSRYS5774875,D,S,T,2024-04-23,1000000.00,4.643494,96.953125
08:00:33,91282CKF7,TSRYS5774875,D,S,T,2024-04-23,1000000.00,4.643494,96.953125
08:00:33,91282CKF7,TSRYS5774875,D,S,T,2024-04-23,1000000.00,4.643494,96.953125
08:00:33,91282CKF7,TSRYS5774875,D,S,T,2024-04-23,1000000.00,4.643494,96.953125
08:00:33,91282CKF7,TSRYS5774875,D,S,T,2024-04-23,2000000.00,4.643494,96.953125
08:00:33,91282CKF7,TSRYS5774875,D,S,T,2024-04-23,1000000.00,4.643494,96.953125
08:00:33,91282CKF7,TSRYS5774875,D,S,T,2024-04-23,1000000.00,4.643494,96.953125
08:00:33,91282CKF7,TSRYS5774875,D,S,T,2024-04-23,1000000.00,4.643494,96.953125
08:00:33,91282CKF7,TSRYS5774875,D,S,T,2024-04-23,1000000.00,4.643494,96.953125
08:00:33,91282CKF7,TSRYS5774875,D,S,T,2024-04-23,1000000.00,4.643494,96.953125
08:00:33,91282CKF7,TSRYS5774875,D,S,T,2024-04-23,1000000.00,4.646204,96.9375
08:00:33,91282CKF7,TSRYS5774875,D,S,T,2024-04-23,1000000.00,4.646204,96.9375
08:00:33,91282CKF7,TSRYS5774875,D,S,T,2024-04-23,1000000.00,4.651625,96.90625
08:00:33,91282CKF7,TSRYS5774875,D,S,T,2024-04-23,6000000.00,4.655015,96.88671875
08:00:33,91282CKF7,TSRYS5774875,D,S,T,2024-04-23,3000000.00,4.655015,96.88671875
08:00:33,91282CKF7,TSRYS5774875,D,S,T,2024-04-23,6000000.00,4.655015,96.88671875
08:00:33,91282CKF7,TSRYS5774875,D,S,T,2024-04-23,1000000.00,4.655015,96.88671875
08:00:33,91282CKF7,TSRYS5774875,D,S,T,2024-04-23,1000000.00,4.651625,96.90625
08:00:33,91282CKF7,TSRYS5774875,D,S,T,2024-04-23,3000000.00,4.657049,96.875
08:00:33,91282CKF7,TSRYS5774875,D,S,T,2024-04-23,1000000.00,4.657049,96.875
08:00:33,91282CKF7,TSRYS5774875,D,S,T,2024-04-23,1000000.00,4.657049,96.875
08:00:33,91282CKF7,TSRYS5774875,D,S,T,2024-04-23,1000000.00,4.659761,96.859375
08:00:33,91282CKF7,TSRYS5774875,D,S,T,2024-04-23,1000000.00,4.657049,96.875
08:00:33,91282CKF7,TSRYS5774875,D,S,T,2024-04-23,1000000.00,4.657049,96.875
08:00:33,91282CKF7,TSRYS5774875,D,S,T,2024-04-23,1000000.00,4.657049,96.875
08:00:33,91282CKF7,TSRYS5774875,D,S,D,2024-04-23,1000000.00,4.644849,96.9453125
08:00:33,91282CKF7,TSRYS5774875,D,S,T,2024-04-23,1000000.00,4.662474,96.84375
08:00:33,91282CKF7,TSRYS5774875,D,S,T,2024-04-23,1000000.00,4.662474,96.84375
08:00:33,91282CKF7,TSRYS5774875,D,S,T,2024-04-23,1000000.00,4.665187,96.828125
08:00:33,91282CKF7,TSRYS5774875,D,S,T,2024-04-23,1000000.00,4.665187,96.828125
08:00:33,91282CKF7,TSRYS5774875,D,S,T,2024-04-23,1000000.00,4.665187,96.828125
08:00:33,91282CKF7,TSRYS5774875,D,S,T,2024-04-23,1000000.00,4.665187,96.828125
08:00:33,91282CKF7,TSRYS5774875,D,S,T,2024-04-23,1000000.00,4.665187,96.828125
08:00:33,91282CKF7,TSRYS5774875,D,S,T,2024-04-23,1000000.00,4.670615,96.796875
08:00:33,91282CKF7,TSRYS5774875,D,S,T,2024-04-23,2000000.00,4.670615,96.796875
08:00:33,91282CKF7,TSRYS5774875,D,S,T,2024-04-23,1000000.00,4.670615,96.796875
08:00:33,91282CKF7,TSRYS5774875,D,S,T,2024-04-23,1000000.00,4.672991,96.783203125
08:00:33,91282CKF7,TSRYS5774875,D,S,T,2024-04-23,1000000.00,4.675028,96.771484375
08:00:33,91282CKF7,TSRYS5774875,D,S,T,2024-04-23,1000000.00,4.674349,96.775390625
08:00:33,91282CKF7,TSRYS5774875,D,S,T,2024-04-23,1000000.00,4.674349,96.775390625
08:00:33,91282CKF7,TSRYS5774875,D,S,T,2024-04-23,1000000.00,4.675706,96.767578125
08:00:33,91282CKF7,TSRYS5774875,D,S,T,2024-04-23,1000000.00,4.675706,96.767578125
08:00:33,91282CKF7,TSRYS5774875,D,S,T,2024-04-23,2000000.00,4.676046,96.765625
08:00:33,91282CKF7,TSRYS5774875,D,S,T,2024-04-23,1000000.00,4.678762,96.75
08:00:33,91282CKF7,TSRYS5774875,D,S,T,2024-04-23,1000000.00,4.678762,96.75
08:00:33,91282CKF7,TSRYS5774875,D,S,T,2024-04-23,2000000.00,4.678762,96.75
08:00:33,91282CKF7,TSRYS5774875,D,S,T,2024-04-23,1000000.00,4.648915,96.921875
08:00:33,91282CKF7,TSRYS5774875,D,S,T,2024-04-23,1000000.00,4.648915,96.921875
08:00:33,91282CKF7,TSRYS5774875,D,S,T,2024-04-23,1000000.00,4.643494,96.953125
08:00:33,91282CKF7,TSRYS5774875,D,S,T,2024-04-23,1000000.00,4.638076,96.984375
08:00:33,91282CKF7,TSRYS5774875,D,S,T,2024-04-23,1000000.00,4.638076,96.984375
08:00:33,91282CKF7,TSRYS5774875,D,S,T,2024-04-23,1000000.00,4.638076,96.984375
08:00:33,91282CKF7,TSRYS5774875,D,S,T,2024-04-23,1000000.00,4.643494,96.953125
08:00:33,91282CKF7,TSRYS5774875,D,S,T,2024-04-23,1000000.00,4.643494,96.953125
08:00:33,91282CKF7,TSRYS5774875,D,S,T,2024-04-23,1000000.00,4.643494,96.953125
08:00:33,91282CKF7,TSRYS5774875,D,S,T,2024-04-23,1000000.00,4.643494,96.953125
08:00:33,91282CKF7,TSRYS5774875,D,S,T,2024-04-23,1000000.00,4.643494,96.953125
08:00:33,91282CKF7,TSRYS5774875,D,S,T,2024-04-23,1000000.00,4.643494,96.953125
08:00:33,91282CKF7,TSRYS5774875,D,S,T,2024-04-23,1000000.00,4.638076,96.984375
08:00:33,91282CKF7,TSRYS5774875,D,S,T,2024-04-23,1000000.00,4.638076,96.984375
08:00:33,91282CKF7,TSRYS5774875,D,S,T,2024-04-23,1000000.00,4.635368,97.0
08:00:33,91282CKF7,TSRYS5774875,D,S,T,2024-04-23,1000000.00,4.63266,97.015625
08:00:33,91282CKF7,TSRYS5774875,D,S,T,2024-04-23,1000000.00,4.63266,97.015625
08:00:33,91282CKF7,TSRYS5774875,D,S,T,2024-04-23,1000000.00,4.63266,97.015625
08:00:33,91282CKF7,TSRYS5774875,D,S,T,2024-04-23,1000000.00,4.654337,96.890625
08:00:33,91282CKF7,TSRYS5774875,D,S,T,2024-04-23,1000000.00,4.657049,96.875
08:00:33,91282CKF7,TSRYS5774875,D,S,T,2024-04-23,1000000.00,4.657049,96.875
08:00:33,91282CKF7,TSRYS5774875,D,S,T,2024-04-23,1000000.00,4.657049,96.875
08:00:33,91282CKF7,TSRYS5774875,D,S,T,2024-04-23,1000000.00,4.654337,96.890625
08:00:33,91282CKF7,TSRYS5774875,D,S,T,2024-04-23,1000000.00,4.654337,96.890625
08:00:33,91282CKF7,TSRYS5774875,D,S,T,2024-04-23,1000000.00,4.651625,96.90625
08:00:33,91282CKF7,TSRYS5774875,D,S,T,2024-04-23,1000000.00,4.651625,96.90625
08:00:33,91282CKF7,TSRYS5774875,D,S,T,2024-04-23,1000000.00,4.643494,96.953125
08:00:33,91282CKF7,TSRYS5774875,D,S,T,2024-04-23,1000000.00,4.640785,96.96875
08:00:33,91282CKF7,TSRYS5774875,D,S,T,2024-04-23,1000000.00,4.648915,96.921875
08:00:33,91282CKF7,TSRYS5774875,D,S,T,2024-04-23,1000000.00,4.678762,96.75
08:00:33,91282CKF7,TSRYS5774875,D,S,T,2024-04-23,1000000.00,4.678762,96.75
08:00:33,91282CKF7,TSRYS5774875,D,S,T,2024-04-23,1000000.00,4.638753,96.98046875
08:00:33,91282CKF7,TSRYS5774875,D,S,T,2024-04-23,1000000.00,4.638076,96.984375
08:00:33,91282CKF7,TSRYS5774875,D,S,T,2024-04-23,1000000.00,4.645188,96.943359375
08:00:33,91282CKF7,TSRYS5774875,D,S,T,2024-04-23,1000000.00,4.645527,96.94140625
08:00:33,91282CKF7,TSRYS5774875,D,S,T,2024-04-23,1000000.00,4.645527,96.94140625
08:00:33,91282CKF7,TSRYS5774875,D,S,T,2024-04-23,1000000.00,4.644172,96.94921875
08:00:33,91282CKF7,TSRYS5774875,D,S,T,2024-04-23,1000000.00,4.644172,96.94921875
08:00:33,91282CKF7,TSRYS5774875,D,S,T,2024-04-23,1000000.00,4.644172,96.94921875
08:00:33,91282CKF7,TSRYS5774875,D,S,T,2024-04-23,1000000.00,4.645527,96.94140625
08:00:33,91282CKF7,TSRYS5774875,D,S,T,2024-04-23,1000000.00,4.645527,96.94140625
08:00:33,91282CKF7,TSRYS5774875,D,S,T,2024-04-23,1000000.00,4.648915,96.921875
08:00:33,91282CKF7,TSRYS5774875,D,S,T,2024-04-23,1000000.00,4.647559,96.9296875
08:00:33,91282CKF7,TSRYS5774875,D,S,T,2024-04-23,1000000.00,4.647559,96.9296875
08:00:33,91282CKF7,TSRYS5774875,D,S,T,2024-04-23,1000000.00,4.645527,96.94140625
08:00:33,91282CKF7,TSRYS5774875,D,S,T,2024-04-23,1000000.00,4.645527,96.94140625
08:00:33,91282CKF7,TSRYS5774875,D,S,T,2024-04-23,1000000.00,4.644849,96.9453125
08:00:33,91282CKF7,TSRYS5774875,D,S,T,2024-04-23,1000000.00,4.635368,97.0
08:00:33,91282CKF7,TSRYS5774875,D,S,T,2024-04-23,1000000.00,4.640108,96.97265625
08:00:33,91282CKF7,TSRYS5774875,D,S,T,2024-04-23,1000000.00,4.640785,96.96875
08:00:33,91282CKF7,TSRYS5774875,D,S,T,2024-04-23,1000000.00,4.642817,96.95703125
08:00:33,91282CKF7,TSRYS5774875,D,S,T,2024-04-23,1000000.00,4.643494,96.953125
08:00:33,91282CKF7,TSRYS5774875,D,S,T,2024-04-23,1000000.00,4.645527,96.94140625
08:00:33,91282CKF7,TSRYS5774875,D,S,T,2024-04-23,1000000.00,4.645527,96.94140625
08:00:33,91282CKF7,TSRYS5774875,D,S,T,2024-04-23,1000000.00,4.638076,96.984375
08:00:33,91282CKF7,TSRYS5774875,D,S,T,2024-04-23,1000000.00,4.649592,96.91796875
08:00:33,91282CKF7,TSRYS5774875,D,S,T,2024-04-23,1000000.00,4.654676,96.888671875
08:00:33,91282CKF7,TSRYS5774875,D,S,T,2024-04-23,1000000.00,4.655015,96.88671875
08:00:33,91282CKF7,TSRYS5774875,D,S,T,2024-04-23,1000000.00,4.655015,96.88671875
08:00:33,91282CKF7,TSRYS5774875,D,S,T,2024-04-23,1000000.00,4.655015,96.88671875
08:00:33,91282CKF7,TSRYS5774875,D,S,T,2024-04-23,1000000.00,4.655015,96.88671875
08:00:33,91282CKF7,TSRYS5774875,D,S,T,2024-04-23,1000000.00,4.654337,96.890625
08:00:33,91282CKF7,TSRYS5774875,D,S,T,2024-04-23,1000000.00,4.655015,96.88671875
08:00:33,91282CKF7,TSRYS5774875,D,S,T,2024-04-23,1000000.00,4.655015,96.88671875
08:00:33,91282CKF7,TSRYS5774875,D,S,T,2024-04-23,1000000.00,4.646543,96.935546875
08:00:33,91282CKF7,TSRYS5774875,D,S,T,2024-04-23,1000000.00,4.646882,96.93359375
08:00:33,91282CKF7,TSRYS5774875,D,S,T,2024-04-23,1000000.00,4.645527,96.94140625
08:00:33,91282CKF7,TSRYS5774875,D,S,D,2024-04-23,1000000.00,4.64451,96.947265625
08:00:33,91282CKF7,TSRYS5774875,D,S,D,2024-04-23,1000000.00,4.640446,96.970703125
08:00:33,91282CKF7,TSRYS5774875,D,S,T,2024-04-23,1000000.00,4.652303,96.90234375
08:00:33,91282CKF7,TSRYS5774875,D,S,T,2024-04-23,1000000.00,4.651625,96.90625
08:00:33,91282CKF7,TSRYS5774875,D,S,T,2024-04-23,1000000.00,4.651625,96.90625
08:00:33,91282CKF7,TSRYS5774875,D,S,T,2024-04-23,1000000.00,4.654337,96.890625
08:00:33,91282CKF7,TSRYS5774875,D,S,T,2024-04-23,1000000.00,4.646204,96.9375
08:00:33,91282CKF7,TSRYS5774875,D,S,T,2024-04-23,1000000.00,4.646204,96.9375
08:00:33,91282CKF7,TSRYS5774875,D,S,T,2024-04-23,1000000.00,4.64214,96.9609375
08:00:33,91282CKF7,TSRYS5774875,D,S,T,2024-04-23,1000000.00,4.641801,96.962890625
08:00:33,91282CKF7,TSRYS5774875,D,S,T,2024-04-23,1000000.00,4.64214,96.9609375
08:00:33,91282CKF7,TSRYS5774875,D,S,T,2024-04-23,1000000.00,4.64214,96.9609375
08:00:33,91282CKF7,TSRYS5774875,D,S,T,2024-04-23,1000000.00,4.64214,96.9609375
08:00:33,91282CKF7,TSRYS5774875,D,S,T,2024-04-23,1000000.00,4.64214,96.9609375
08:00:33,91282CKF7,TSRYS5774875,D,S,T,2024-04-23,1000000.00,4.64214,96.9609375
08:00:33,91282CKF7,TSRYS5774875,D,S,T,2024-04-23,1000000.00,4.641462,96.96484375
08:00:33,91282CKF7,TSRYS5774875,D,S,T,2024-04-23,1000000.00,4.640785,96.96875
08:00:33,91282CKF7,TSRYS5774875,D,S,T,2024-04-23,1000000.00,4.640108,96.97265625
08:00:33,91282CKF7,TSRYS5774875,D,S,D,2024-04-23,1000000.00,4.637399,96.98828125
08:00:33,91282CKF7,TSRYS5774875,D,S,D,2024-04-23,1000000.00,4.636722,96.9921875
08:00:33,91282CKF7,TSRYS5774875,D,S,T,2024-04-23,1000000.00,4.643494,96.953125
08:00:33,91282CKF7,TSRYS5774875,D,S,T,2024-04-23,1000000.00,4.653659,96.89453125
08:00:33,91282CKF7,TSRYS5774875,D,S,D,2024-04-23,1000000.00,4.674688,96.7734375
08:00:33,91282CKF7,TSRYS5774875,D,S,D,2024-04-23,1000000.00,4.675367,96.76953125
08:00:33,91282CKF7,TSRYS5774875,D,S,T,2024-04-23,1000000.00,4.678762,96.75
08:00:33,91282CKF7,TSRYS5774875,D,S,T,2024-04-23,1000000.00,4.678762,96.75
08:00:33,91282CKF7,TSRYS5774875,D,S,D,2024-04-23,1000000.00,4.634014,97.0078125
08:00:33,91282CKF7,TSRYS5774875,D,S,D,2024-04-23,1000000.00,4.634014,97.0078125
08:00:33,91282CKF7,TSRYS5774875,D,S,D,2024-04-23,2000000.00,4.638076,96.984375
08:00:33,91282CKF7,TSRYS5774875,D,S,T,2024-04-23,1000000.00,4.654337,96.890625
08:00:37,91282CKF7,TSRYS5774875,D,S,D,2024-04-23,2000000.00,4.647221,96.931640625
08:00:37,91282CKF7,TSRYS5774875,D,S,D,2024-04-23,1000000.00,4.658066,96.869140625
08:00:37,91282CKF7,TSRYS5774875,D,S,D,2024-04-23,1000000.00,4.658066,96.869140625
08:00:37,91282CKF7,TSRYS5774875,D,S,T,2024-04-23,2000000.00,4.64451,96.947265625
08:00:37,91282CKF7,TSRYS5774875,D,S,T,2024-04-23,2000000.00,4.644849,96.9453125
08:00:37,91282CKF7,TSRYS5774875,D,S,T,2024-04-23,3000000.00,4.644849,96.9453125
08:00:37,91282CKF7,TSRYS5774875,D,S,T,2024-04-23,2000000.00,4.644849,96.9453125
08:00:37,91282CKF7,TSRYS5774875,D,S,T,2024-04-23,1000000.00,4.644849,96.9453125
08:00:37,91282CKF7,TSRYS5774875,D,S,T,2024-04-23,1000000.00,4.644849,96.9453125
08:00:37,91282CKF7,TSRYS5774875,D,S,T,2024-04-23,1000000.00,4.644849,96.9453125
08:00:37,91282CKF7,TSRYS5774875,D,S,T,2024-04-23,1000000.00,4.644849,96.9453125
08:00:37,91282CKF7,TSRYS5774875,D,S,T,2024-04-23,1000000.00,4.644849,96.9453125
08:00:37,91282CKF7,TSRYS5774875,D,S,T,2024-04-23,1000000.00,4.644849,96.9453125
08:00:37,91282CKF7,TSRYS5774875,D,S,T,2024-04-23,1000000.00,4.640785,96.96875
08:00:37,91282CKF7,TSRYS5774875,D,B,A,2024-04-23,1000000.00,4.636722,96.9921875
08:00:37,91282CKF7,TSRYS5774875,D,B,C,2024-04-23,16000000.00,4.640785,96.96875
08:00:37,91282CKF7,TSRYS5774875,D,S,T,2024-04-23,1000000.00,4.654337,96.890625
08:00:37,91282CKF7,TSRYS5774875,D,S,A,2024-04-23,3000000.00,4.652642,96.900390625
08:00:37,91282CKF7,TSRYS5774875,D,S,A,2024-04-23,2000000.00,4.652303,96.90234375
08:00:37,91282CKF7,TSRYS5774875,D,S,A,2024-04-23,3000000.00,4.652642,96.900390625
08:00:37,91282CKF7,TSRYS5774875,D,S,A,2024-04-23,1000000.00,4.652303,96.90234375
08:00:37,91282CKF7,TSRYS5774875,D,S,A,2024-04-23,1000000.00,4.652642,96.900390625
08:00:37,91282CKF7,TSRYS5774875,D,B,A,2024-04-23,10000000.00,4.654337,96.890625
08:00:37,91282CKF7,TSRYS5774875,D,S,T,2024-04-23,1000000.00,4.651625,96.90625
08:00:37,91282CKF7,TSRYS5774875,D,S,T,2024-04-23,1000000.00,4.648915,96.921875
08:00:37,91282CKF7,TSRYS5774875,D,S,T,2024-04-23,1000000.00,4.643494,96.953125
08:00:37,91282CKF7,TSRYS5774875,D,S,C,2024-04-23,31700000.00,4.671294,96.79296875
08:00:37,91282CKF7,TSRYS5774875,D,S,T,2024-04-23,1000000.00,4.676046,96.765625
08:00:37,91282CKF7,TSRYS5774875,D,S,T,2024-04-23,1000000.00,4.676046,96.765625
08:00:37,91282CKF7,TSRYS5774875,D,S,T,2024-04-23,1000000.00,4.676046,96.765625
08:00:37,91282CKF7,TSRYS5774875,D,S,T,2024-04-23,1000000.00,4.676046,96.765625
08:00:37,91282CKF7,TSRYS5774875,D,S,T,2024-04-23,1000000.00,4.676046,96.765625
08:00:38,91282CKF7,TSRYS5774875,D,S,T,2024-04-23,1000000.00,4.678762,96.75
08:00:38,91282CKF7,TSRYS5774875,D,S,T,2024-04-23,1000000.00,4.654337,96.890625
08:00:39,91282CKF7,TSRYS5774875,D,S,T,2024-04-23,1000000.00,4.654337,96.890625
08:00:40,91282CKF7,TSRYS5774875,D,S,D,2024-04-23,1000000.00,4.640108,96.97265625
08:00:40,91282CKF7,TSRYS5774875,D,S,T,2024-04-23,1000000.00,4.647898,96.927734375
08:00:40,91282CKF7,TSRYS5774875,D,S,T,2024-04-23,1000000.00,4.638076,96.984375
08:00:40,91282CKF7,TSRYS5774875,D,S,T,2024-04-23,1000000.00,4.640446,96.970703125
08:00:40,91282CKF7,TSRYS5774875,D,S,T,2024-04-23,1000000.00,4.640446,96.970703125
08:00:41,91282CKF7,TSRYS5774875,D,S,T,2024-04-23,1000000.00,4.642817,96.95703125
08:00:41,91282CKF7,TSRYS5774875,D,S,T,2024-04-23,1000000.00,4.645188,96.943359375
08:00:41,91282CKF7,TSRYS5774875,D,S,T,2024-04-23,1000000.00,4.645188,96.943359375
08:00:41,91282CKF7,TSRYS5774875,D,S,T,2024-04-23,1000000.00,4.63266,97.015625
08:00:41,91282CKF7,TSRYS5774875,D,S,D,2024-04-23,1000000.00,4.63266,97.015625
08:00:41,91282CKF7,TSRYS5774875,D,S,T,2024-04-23,1000000.00,4.642817,96.95703125
08:00:41,91282CKF7,TSRYS5774875,D,S,T,2024-04-23,1000000.00,4.642817,96.95703125
08:00:41,91282CKF7,TSRYS5774875,D,S,T,2024-04-23,1000000.00,4.646204,96.9375
08:00:41,91282CKF7,TSRYS5774875,D,S,T,2024-04-23,3000000.00,4.646204,96.9375
08:00:41,91282CKF7,TSRYS5774875,D,S,T,2024-04-23,1000000.00,4.657727,96.87109375
08:00:41,91282CKF7,TSRYS5774875,D,S,T,2024-04-23,1000000.00,4.65671,96.876953125
08:00:41,91282CKF7,TSRYS5774875,D,S,D,2024-04-23,1000000.00,4.65671,96.876953125
08:00:41,91282CKF7,TSRYS5774875,D,S,D,2024-04-23,1000000.00,4.655354,96.884765625
08:00:41,91282CKF7,TSRYS5774875,D,S,T,2024-04-23,1000000.00,4.652981,96.8984375
08:00:41,91282CKF7,TSRYS5774875,D,S,T,2024-04-23,1000000.00,4.647559,96.9296875
08:00:41,91282CKF7,TSRYS5774875,D,S,T,2024-04-23,1000000.00,4.655354,96.884765625
08:00:41,91282CKF7,TSRYS5774875,D,S,T,2024-04-23,1000000.00,4.655354,96.884765625
08:00:41,91282CKF7,TSRYS5774875,D,S,T,2024-04-23,1000000.00,4.659761,96.859375
08:00:41,91282CKF7,TSRYS5774875,D,S,C,2024-04-23,5200000.00,4.657727,96.87109375
08:00:41,91282CKF7,TSRYS5774875,D,S,D,2024-04-23,1000000.00,4.6601,96.857421875
08:00:41,91282CKF7,TSRYS5774875,D,S,T,2024-04-23,1000000.00,4.6601,96.857421875
08:00:41,91282CKF7,TSRYS5774875,D,S,D,2024-04-23,1000000.00,4.6601,96.857421875
08:00:41,91282CKF7,TSRYS5774875,D,S,D,2024-04-23,1000000.00,4.6601,96.857421875
08:00:41,91282CKF7,TSRYS5774875,D,S,D,2024-04-23,1000000.00,4.6601,96.857421875
08:00:41,91282CKF7,TSRYS5774875,D,S,D,2024-04-23,1000000.00,4.6601,96.857421875
08:00:41,91282CKF7,TSRYS5774875,D,S,T,2024-04-23,1000000.00,4.6601,96.857421875
08:00:41,91282CKF7,TSRYS5774875,D,S,T,2024-04-23,1000000.00,4.6601,96.857421875
08:00:41,91282CKF7,TSRYS5774875,D,S,T,2024-04-23,1000000.00,4.652303,96.90234375
08:00:41,91282CKF7,TSRYS5774875,D,S,T,2024-04-23,1000000.00,4.652303,96.90234375
08:00:41,91282CKF7,TSRYS5774875,D,S,T,2024-04-23,1000000.00,4.652303,96.90234375
08:00:41,91282CKF7,TSRYS5774875,D,S,T,2024-04-23,1000000.00,4.651964,96.904296875
08:00:41,91282CKF7,TSRYS5774875,D,S,T,2024-04-23,1000000.00,4.648915,96.921875
08:00:41,91282CKF7,TSRYS5774875,D,S,T,2024-04-23,2000000.00,4.643494,96.953125
08:00:41,91282CKF7,TSRYS5774875,D,S,T,2024-04-23,1000000.00,4.643494,96.953125
08:00:41,91282CKF7,TSRYS5774875,D,S,D,2024-04-23,1000000.00,4.658066,96.869140625
08:00:41,91282CKF7,TSRYS5774875,D,S,D,2024-04-23,1000000.00,4.658066,96.869140625
08:00:41,91282CKF7,TSRYS5774875,D,S,T,2024-04-23,1000000.00,4.667901,96.8125
08:00:41,91282CKF7,TSRYS5774875,D,S,T,2024-04-23,1000000.00,4.667901,96.8125
08:00:41,91282CKF7,TSRYS5774875,D,S,T,2024-04-23,1000000.00,4.667901,96.8125
08:00:41,91282CKF7,TSRYS5774875,D,S,T,2024-04-23,1000000.00,4.658066,96.869140625
08:00:41,91282CKF7,TSRYS5774875,D,S,D,2024-04-23,1000000.00,4.674009,96.77734375
08:00:41,91282CKF7,TSRYS5774875,D,S,T,2024-04-23,1000000.00,4.674349,96.775390625
08:00:41,91282CKF7,TSRYS5774875,D,S,D,2024-04-23,1000000.00,4.658066,96.869140625
08:00:41,91282CKF7,TSRYS5774875,D,S,D,2024-04-23,1000000.00,4.676725,96.76171875
08:00:41,91282CKF7,TSRYS5774875,D,S,D,2024-04-23,1000000.00,4.658066,96.869140625
08:00:41,91282CKF7,TSRYS5774875,D,S,D,2024-04-23,1000000.00,4.676046,96.765625
08:00:41,91282CKF7,TSRYS5774875,D,S,T,2024-04-23,1000000.00,4.676725,96.76171875
08:00:41,91282CKF7,TSRYS5774875,D,S,D,2024-04-23,1000000.00,4.676725,96.76171875
08:00:41,91282CKF7,TSRYS5774875,D,S,D,2024-04-23,1000000.00,4.658066,96.869140625
08:00:41,91282CKF7,TSRYS5774875,D,S,T,2024-04-23,4000000.00,4.678762,96.75
08:00:41,91282CKF7,TSRYS5774875,D,S,D,2024-04-23,1000000.00,4.658405,96.8671875
08:00:41,91282CKF7,TSRYS5774875,D,S,D,2024-04-23,1000000.00,4.658405,96.8671875
08:00:41,91282CKF7,TSRYS5774875,D,S,D,2024-04-23,1000000.00,4.658405,96.8671875
08:00:41,91282CKF7,TSRYS5774875,D,S,D,2024-04-23,1000000.00,4.658405,96.8671875
08:00:42,91282CKF7,TSRYS5774875,D,B,C,2024-04-23,17000000.00,4.658405,96.8671875
08:00:42,91282CKF7,TSRYS5774875,D,S,D,2024-04-23,17000000.00,4.658405,96.8671875
08:00:42,91282CKF7,TSRYS5774875,D,S,D,2024-04-23,2000000.00,4.659083,96.86328125
08:00:42,91282CKF7,TSRYS5774875,D,S,D,2024-04-23,1000000.00,4.654676,96.888671875
08:00:44,91282CKF7,TSRYS5774875,D,S,T,2024-04-23,1000000.00,4.658405,96.8671875
08:00:44,91282CKF7,TSRYS5774875,D,S,D,2024-04-23,1000000.00,4.658066,96.869140625
08:00:44,91282CKF7,TSRYS5774875,D,S,D,2024-04-23,1000000.00,4.658066,96.869140625
08:00:44,91282CKF7,TSRYS5774875,D,S,D,2024-04-23,1000000.00,4.658405,96.8671875
08:00:44,91282CKF7,TSRYS5774875,D,S,D,2024-04-23,1000000.00,4.658405,96.8671875
08:00:44,91282CKF7,TSRYS5774875,D,S,D,2024-04-23,1000000.00,4.658405,96.8671875
08:00:44,91282CKF7,TSRYS5774875,D,S,D,2024-04-23,1000000.00,4.658405,96.8671875
08:00:44,91282CKF7,TSRYS5774875,D,S,T,2024-04-23,1000000.00,4.654337,96.890625
08:00:46,91282CKF7,TSRYS5774875,D,S,T,2024-04-23,1000000.00,4.678083,96.75390625
08:00:46,91282CKF7,TSRYS5774875,D,S,D,2024-04-23,2000000.00,4.64451,96.947265625
08:00:46,91282CKF7,TSRYS5774875,D,S,D,2024-04-23,1000000.00,4.643494,96.953125
08:00:46,91282CKF7,TSRYS5774875,D,S,T,2024-04-23,1000000.00,4.632678,97.015523
08:00:46,91282CKF7,TSRYS5774875,D,S,T,2024-04-23,10000000.00,4.632678,97.015523
08:00:46,91282CKF7,TSRYS5774875,D,S,T,2024-04-23,1000000.00,4.632678,97.015523
08:00:47,91282CKF7,TSRYS5774875,D,S,T,2024-04-23,1000000.00,4.632678,97.015523
08:00:47,91282CKF7,TSRYS5774875,D,S,T,2024-04-23,1000000.00,4.632678,97.015523
08:00:47,91282CKF7,TSRYS5774875,D,S,T,2024-04-23,1000000.00,4.632678,97.015523
08:00:47,91282CKF7,TSRYS5774875,D,S,T,2024-04-23,1000000.00,4.678083,96.75390625
08:00:47,91282CKF7,TSRYS5774875,D,S,T,2024-04-23,1000000.00,4.632678,97.015523
08:00:47,91282CKF7,TSRYS5774875,D,S,T,2024-04-23,1000000.00,4.632678,97.015523
08:00:47,91282CKF7,TSRYS5774875,D,S,T,2024-04-23,1000000.00,4.632678,97.015523
08:00:47,91282CKF7,TSRYS5774875,D,S,T,2024-04-23,1000000.00,4.632678,97.015523
08:00:47,91282CKF7,TSRYS5774875,D,S,T,2024-04-23,1000000.00,4.632678,97.015523
08:00:47,91282CKF7,TSRYS5774875,D,S,T,2024-04-23,1000000.00,4.632678,97.015523
08:00:47,91282CKF7,TSRYS5774875,D,S,T,2024-04-23,1000000.00,4.632678,97.015523
08:00:47,91282CKF7,TSRYS5774875,D,S,T,2024-04-23,2000000.00,4.654337,96.890625
08:00:48,91282CKF7,TSRYS5774875,D,S,T,2024-04-23,1000000.00,4.641462,96.96484375
08:00:48,91282CKF7,TSRYS5774875,D,S,T,2024-04-23,1000000.00,4.652303,96.90234375
08:00:48,91282CKF7,TSRYS5774875,D,S,T,2024-04-23,1000000.00,4.654337,96.890625
08:00:48,91282CKF7,TSRYS5774875,D,S,D,2024-04-23,5200000.00,4.657727,96.87109375
08:00:49,91282CKF7,TSRYS5774875,D,S,C,2024-04-23,3000000.00,4.665866,96.82421875
08:00:49,91282CKF7,TSRYS5774875,D,S,D,2024-04-23,125000.00,4.671973,96.7890625
08:00:49,91282CKF7,TSRYS5774875,D,S,D,2024-04-23,1000000.00,4.674009,96.77734375
08:00:49,91282CKF7,TSRYS5774875,D,S,D,2024-04-23,1000000.00,4.674009,96.77734375
08:00:49,91282CKF7,TSRYS5774875,D,S,D,2024-04-23,700000.00,4.677404,96.7578125
08:00:51,91282CKF7,TSRYS5774875,D,B,A,2024-04-23,8700000.00,4.643494,96.953125
08:00:51,91282CKF7,TSRYS5774875,D,S,D,2024-04-23,2000000.00,4.64451,96.947265625
08:00:51,91282CKF7,TSRYS5774875,D,S,T,2024-04-23,1000000.00,4.644172,96.94921875
08:00:51,91282CKF7,TSRYS5774875,D,S,T,2024-04-23,1000000.00,4.646882,96.93359375
08:00:51,91282CKF7,TSRYS5774875,D,S,T,2024-04-23,3000000.00,4.649592,96.91796875
08:00:52,91282CKF7,TSRYS5774875,D,S,T,2024-04-23,1000000.00,4.651286,96.908203125
08:00:52,91282CKF7,TSRYS5774875,D,S,D,2024-04-23,2000000.00,4.663491,96.837890625
08:00:52,91282CKF7,TSRYS5774875,D,S,T,2024-04-23,2000000.00,4.648932,96.921773
08:00:52,91282CKF7,TSRYS5774875,D,S,T,2024-04-23,1000000.00,4.648932,96.921773
08:00:52,91282CKF7,TSRYS5774875,D,B,C,2024-04-23,3000000.00,4.661117,96.8515625
08:00:52,91282CKF7,TSRYS5774875,D,S,T,2024-04-23,1000000.00,4.6601,96.857421875
08:00:53,91282CKF7,TSRYS5774875,D,B,C,2024-04-23,2000000.00,4.670615,96.796875
08:00:53,91282CKF7,TSRYS5774875,D,S,D,2024-04-23,1000000.00,4.674688,96.7734375
08:00:53,91282CKF7,TSRYS5774875,D,S,D,2024-04-23,1000000.00,4.674349,96.775390625
08:00:53,91282CKF7,TSRYS5774875,D,S,D,2024-04-23,1000000.00,4.674688,96.7734375
08:00:53,91282CKF7,TSRYS5774875,D,S,D,2024-04-23,1000000.00,4.674349,96.775390625
08:00:53,91282CKF7,TSRYS5774875,D,S,D,2024-04-23,1000000.00,4.676046,96.765625
08:00:53,91282CKF7,TSRYS5774875,D,S,T,2024-04-23,1000000.00,4.679441,96.74609375
08:00:53,91282CKF7,TSRYS5774875,D,B,A,2024-04-23,480000.00,4.652981,96.8984375
08:00:55,91282CKF7,TSRYS5774875,D,S,D,2024-04-23,1000000.00,4.664848,96.830078125
08:00:55,91282CKF7,TSRYS5774875,D,S,T,2024-04-23,1000000.00,4.645527,96.94140625
08:00:55,91282CKF7,TSRYS5774875,D,S,T,2024-04-23,1000000.00,4.645527,96.94140625
08:00:55,91282CKF7,TSRYS5774875,D,S,T,2024-04-23,1000000.00,4.674688,96.7734375
08:00:55,91282CKF7,TSRYS5774875,D,S,T,2024-04-23,1000000.00,4.674688,96.7734375
08:00:55,91282CKF7,TSRYS5774875,D,S,T,2024-04-23,1000000.00,4.674349,96.775390625
08:00:55,91282CKF7,TSRYS5774875,D,S,T,2024-04-23,1000000.00,4.674349,96.775390625
08:00:55,91282CKF7,TSRYS5774875,D,S,T,2024-04-23,1000000.00,4.674349,96.775390625
08:00:56,91282CKF7,TSRYS5774875,D,S,T,2024-04-23,1000000.00,4.675367,96.76953125
08:00:56,91282CKF7,TSRYS5774875,D,S,T,2024-04-23,1000000.00,4.675367,96.76953125
08:00:56,91282CKF7,TSRYS5774875,D,S,T,2024-04-23,1000000.00,4.676046,96.765625
08:00:56,91282CKF7,TSRYS5774875,D,S,D,2024-04-23,2000000.00,4.677743,96.755859375
08:00:56,91282CKF7,TSRYS5774875,D,S,T,2024-04-23,2000000.00,4.677761,96.755759375
08:00:56,91282CKF7,TSRYS5774875,D,S,T,2024-04-23,3000000.00,4.665187,96.828125
08:00:57,91282CKF7,TSRYS5774875,D,S,T,2024-04-23,1000000.00,4.653659,96.89453125
08:00:57,91282CKF7,TSRYS5774875,D,S,D,2024-04-23,1000000.00,4.674009,96.77734375
08:00:57,91282CKF7,TSRYS5774875,D,S,T,2024-04-23,1000000.00,4.659083,96.86328125
08:00:57,91282CKF7,TSRYS5774875,D,B,A,2024-04-23,13000000.00,4.659083,96.86328125
08:00:57,91282CKF7,TSRYS5774875,D,S,T,2024-04-23,1000000.00,4.658405,96.8671875
08:00:57,91282CKF7,TSRYS5774875,D,S,T,2024-04-23,1000000.00,4.658405,96.8671875
08:00:57,91282CKF7,TSRYS5774875,D,S,T,2024-04-23,1000000.00,4.658405,96.8671875
08:00:57,91282CKF7,TSRYS5774875,D,S,T,2024-04-23,1000000.00,4.658405,96.8671875
08:00:57,91282CKF7,TSRYS5774875,D,S,T,2024-04-23,1000000.00,4.658405,96.8671875
08:00:57,91282CKF7,TSRYS5774875,D,S,T,2024-04-23,1000000.00,4.658405,96.8671875
08:00:57,91282CKF7,TSRYS5774875,D,S,T,2024-04-23,1000000.00,4.658405,96.8671875
08:00:57,91282CKF7,TSRYS5774875,D,S,T,2024-04-23,1000000.00,4.658405,96.8671875
08:00:58,91282CKF7,TSRYS5774875,D,S,T,2024-04-23,1000000.00,4.658405,96.8671875
08:00:58,91282CKF7,TSRYS5774875,D,S,T,2024-04-23,1000000.00,4.658405,96.8671875
08:00:58,91282CKF7,TSRYS5774875,D,S,T,2024-04-23,1000000.00,4.658405,96.8671875
08:00:58,91282CKF7,TSRYS5774875,D,S,T,2024-04-23,1000000.00,4.658405,96.8671875
08:00:58,91282CKF7,TSRYS5774875,D,S,T,2024-04-23,1000000.00,4.658405,96.8671875
08:00:58,91282CKF7,TSRYS5774875,D,S,A,2024-04-23,200000.00,4.658405,96.8671875
08:00:58,91282CKF7,TSRYS5774875,D,S,D,2024-04-23,1000000.00,4.676385,96.763671875
08:00:58,91282CKF7,TSRYS5774875,D,S,D,2024-04-23,1000000.00,4.676385,96.763671875
08:00:58,91282CKF7,TSRYS5774875,D,S,D,2024-04-23,1000000.00,4.676385,96.763671875
08:00:58,91282CKF7,TSRYS5774875,D,S,D,2024-04-23,1000000.00,4.676385,96.763671875
08:00:59,91282CKF7,TSRYS5774875,D,S,D,2024-04-23,2000000.00,4.677743,96.755859375
08:01:00,91282CKF7,TSRYS5774875,D,S,T,2024-04-23,1000000.00,4.654354,96.890523
08:01:01,91282CKF7,TSRYS5774875,D,S,T,2024-04-23,2000000.00,4.646222,96.937398
08:01:01,91282CKF7,TSRYS5774875,D,S,T,2024-04-23,1000000.00,4.646222,96.937398
08:01:01,91282CKF7,TSRYS5774875,D,S,T,2024-04-23,1000000.00,4.646222,96.937398
08:01:01,91282CKF7,TSRYS5774875,D,S,T,2024-04-23,1000000.00,4.646222,96.937398
08:01:01,91282CKF7,TSRYS5774875,D,S,T,2024-04-23,1000000.00,4.646222,96.937398
08:01:01,91282CKF7,TSRYS5774875,D,S,T,2024-04-23,2000000.00,4.646222,96.937398
08:01:03,91282CKF7,TSRYS5774875,D,B,C,2024-04-23,1000000.00,4.64214,96.9609375
08:01:03,91282CKF7,TSRYS5774875,D,S,C,2024-04-23,1000000.00,4.640108,96.97265625
08:01:03,91282CKF7,TSRYS5774875,D,S,C,2024-04-23,1000000.00,4.64214,96.9609375
08:01:03,91282CKF7,TSRYS5774875,D,S,C,2024-04-23,1000000.00,4.644172,96.94921875
08:01:03,91282CKF7,TSRYS5774875,D,S,C,2024-04-23,1000000.00,4.645527,96.94140625
08:01:03,91282CKF7,TSRYS5774875,D,B,C,2024-04-23,1000000.00,4.644172,96.94921875
08:01:03,91282CKF7,TSRYS5774875,D,B,C,2024-04-23,1000000.00,4.644172,96.94921875
08:01:03,91282CKF7,TSRYS5774875,D,B,C,2024-04-23,1000000.00,4.643833,96.951171875
08:01:03,91282CKF7,TSRYS5774875,D,S,C,2024-04-23,1000000.00,4.644172,96.94921875
08:01:03,91282CKF7,TSRYS5774875,D,S,C,2024-04-23,1000000.00,4.643833,96.951171875
08:01:03,91282CKF7,TSRYS5774875,D,S,C,2024-04-23,1000000.00,4.643494,96.953125
08:01:03,91282CKF7,TSRYS5774875,D,B,C,2024-04-23,1000000.00,4.643494,96.953125
08:01:04,91282CKF7,TSRYS5774875,D,B,C,2024-04-23,1000000.00,4.643833,96.951171875
08:01:04,91282CKF7,TSRYS5774875,D,S,C,2024-04-23,1000000.00,4.643833,96.951171875
08:01:04,91282CKF7,TSRYS5774875,D,S,D,2024-04-23,6000.00,4.670615,96.796875
08:01:06,91282CKF7,TSRYS5774875,D,S,A,2024-04-23,1000000.00,4.670615,96.796875
08:01:06,91282CKF7,TSRYS5774875,D,S,C,2024-04-23,1000000.00,4.645865,96.939453125
08:01:06,91282CKF7,TSRYS5774875,D,B,C,2024-04-23,1000000.00,4.647559,96.9296875
08:01:06,91282CKF7,TSRYS5774875,D,S,D,2024-04-23,1000000.00,4.647559,96.9296875
08:01:06,91282CKF7,TSRYS5774875,D,B,C,2024-04-23,1000000.00,4.644172,96.94921875
08:01:06,91282CKF7,TSRYS5774875,D,S,C,2024-04-23,1000000.00,4.644172,96.94921875
08:01:06,91282CKF7,TSRYS5774875,D,S,C,2024-04-23,1000000.00,4.644172,96.94921875
08:01:06,91282CKF7,TSRYS5774875,D,S,C,2024-04-23,1000000.00,4.644172,96.94921875
08:01:06,91282CKF7,TSRYS5774875,D,S,C,2024-04-23,1000000.00,4.644172,96.94921875
08:01:06,91282CKF7,TSRYS5774875,D,B,C,2024-04-23,1000000.00,4.640785,96.96875
08:01:06,91282CKF7,TSRYS5774875,D,S,C,2024-04-23,1000000.00,4.640785,96.96875
08:01:06,91282CKF7,TSRYS5774875,D,S,D,2024-04-23,2000000.00,4.638753,96.98046875
08:01:06,91282CKF7,TSRYS5774875,D,B,C,2024-04-23,2000000.00,4.638753,96.98046875
08:01:06,91282CKF7,TSRYS5774875,D,B,C,2024-04-23,1000000.00,4.638753,96.98046875
08:01:06,91282CKF7,TSRYS5774875,D,S,C,2024-04-23,1000000.00,4.638753,96.98046875
08:01:06,91282CKF7,TSRYS5774875,D,S,C,2024-04-23,2000000.00,4.638076,96.984375
08:01:06,91282CKF7,TSRYS5774875,D,S,D,2024-04-23,1000000.00,4.637738,96.986328125
08:01:06,91282CKF7,TSRYS5774875,D,B,C,2024-04-23,1000000.00,4.637738,96.986328125
08:01:06,91282CKF7,TSRYS5774875,D,S,D,2024-04-23,1000000.00,4.637738,96.986328125
08:01:06,91282CKF7,TSRYS5774875,D,B,C,2024-04-23,1000000.00,4.637738,96.986328125
08:01:06,91282CKF7,TSRYS5774875,D,B,C,2024-04-23,1000000.00,4.637738,96.986328125
08:01:06,91282CKF7,TSRYS5774875,D,S,C,2024-04-23,1000000.00,4.637738,96.986328125
08:01:06,91282CKF7,TSRYS5774875,D,B,C,2024-04-23,1000000.00,4.637738,96.986328125
08:01:06,91282CKF7,TSRYS5774875,D,S,C,2024-04-23,1000000.00,4.637738,96.986328125
08:01:06,91282CKF7,TSRYS5774875,D,B,C,2024-04-23,1000000.00,4.638753,96.98046875
08:01:06,91282CKF7,TSRYS5774875,D,B,C,2024-04-23,1000000.00,4.638076,96.984375
08:01:06,91282CKF7,TSRYS5774875,D,S,C,2024-04-23,1000000.00,4.638753,96.98046875
08:01:06,91282CKF7,TSRYS5774875,D,S,C,2024-04-23,1000000.00,4.638076,96.984375
08:01:06,91282CKF7,TSRYS5774875,D,B,C,2024-04-23,1000000.00,4.636045,96.99609375
08:01:06,91282CKF7,TSRYS5774875,D,S,C,2024-04-23,1000000.00,4.636045,96.99609375
08:01:06,91282CKF7,TSRYS5774875,D,B,C,2024-04-23,1000000.00,4.635706,96.998046875
08:01:06,91282CKF7,TSRYS5774875,D,S,D,2024-04-23,1000000.00,4.635706,96.998046875
08:01:08,91282CKF7,TSRYS5774875,D,S,D,2024-04-23,1000000.00,4.639769,96.974609375
08:01:08,91282CKF7,TSRYS5774875,D,B,C,2024-04-23,1000000.00,4.639769,96.974609375
08:01:08,91282CKF7,TSRYS5774875,D,B,C,2024-04-23,1000000.00,4.639769,96.974609375
08:01:08,91282CKF7,TSRYS5774875,D,S,C,2024-04-23,1000000.00,4.639769,96.974609375
08:01:08,91282CKF7,TSRYS5774875,D,S,C,2024-04-23,1000000.00,4.639769,96.974609375
08:01:08,91282CKF7,TSRYS5774875,D,B,C,2024-04-23,1000000.00,4.639769,96.974609375
08:01:08,91282CKF7,TSRYS5774875,D,S,D,2024-04-23,1000000.00,4.64451,96.947265625
08:01:08,91282CKF7,TSRYS5774875,D,B,C,2024-04-23,1000000.00,4.64451,96.947265625
08:01:08,91282CKF7,TSRYS5774875,D,S,C,2024-04-23,1000000.00,4.644849,96.9453125
08:01:08,91282CKF7,TSRYS5774875,D,B,C,2024-04-23,1000000.00,4.643833,96.951171875
08:01:08,91282CKF7,TSRYS5774875,D,S,C,2024-04-23,1000000.00,4.643833,96.951171875
08:01:08,91282CKF7,TSRYS5774875,D,S,D,2024-04-23,1000000.00,4.644849,96.9453125
08:01:08,91282CKF7,TSRYS5774875,D,S,D,2024-04-23,1000000.00,4.644849,96.9453125
08:01:08,91282CKF7,TSRYS5774875,D,S,D,2024-04-23,1000000.00,4.64451,96.947265625
08:01:08,91282CKF7,TSRYS5774875,D,B,C,2024-04-23,1000000.00,4.643494,96.953125
08:01:08,91282CKF7,TSRYS5774875,D,S,C,2024-04-23,1000000.00,4.643494,96.953125
08:01:08,91282CKF7,TSRYS5774875,D,B,C,2024-04-23,1000000.00,4.640446,96.970703125
08:01:08,91282CKF7,TSRYS5774875,D,S,C,2024-04-23,1000000.00,4.640446,96.970703125
08:01:09,91282CKF7,TSRYS5774875,D,S,D,2024-04-23,1000000.00,4.640446,96.970703125
08:01:09,91282CKF7,TSRYS5774875,D,B,C,2024-04-23,1000000.00,4.640446,96.970703125
08:01:09,91282CKF7,TSRYS5774875,D,B,C,2024-04-23,1000000.00,4.643833,96.951171875
08:01:09,91282CKF7,TSRYS5774875,D,S,C,2024-04-23,1000000.00,4.643833,96.951171875
08:01:09,91282CKF7,TSRYS5774875,D,B,C,2024-04-23,2000000.00,4.643833,96.951171875
08:01:09,91282CKF7,TSRYS5774875,D,S,C,2024-04-23,2000000.00,4.643833,96.951171875
08:01:09,91282CKF7,TSRYS5774875,D,S,D,2024-04-23,1000000.00,4.637399,96.98828125
08:01:09,91282CKF7,TSRYS5774875,D,B,C,2024-04-23,1000000.00,4.637399,96.98828125
08:01:09,91282CKF7,TSRYS5774875,D,B,C,2024-04-23,1000000.00,4.636722,96.9921875
08:01:09,91282CKF7,TSRYS5774875,D,S,C,2024-04-23,1000000.00,4.637061,96.990234375
08:01:09,91282CKF7,TSRYS5774875,D,S,D,2024-04-23,1000000.00,4.636722,96.9921875
08:01:09,91282CKF7,TSRYS5774875,D,B,C,2024-04-23,1000000.00,4.637061,96.990234375
08:01:09,91282CKF7,TSRYS5774875,D,B,C,2024-04-23,1000000.00,4.639431,96.9765625
08:01:09,91282CKF7,TSRYS5774875,D,S,D,2024-04-23,1000000.00,4.639431,96.9765625
08:01:09,91282CKF7,TSRYS5774875,D,B,C,2024-04-23,1000000.00,4.639431,96.9765625
08:01:09,91282CKF7,TSRYS5774875,D,S,D,2024-04-23,1000000.00,4.639431,96.9765625
08:01:09,91282CKF7,TSRYS5774875,D,S,D,2024-04-23,1000000.00,4.639431,96.9765625
08:01:09,91282CKF7,TSRYS5774875,D,B,C,2024-04-23,1000000.00,4.639431,96.9765625
08:01:09,91282CKF7,TSRYS5774875,D,S,T,2024-04-23,1000000.00,4.672312,96.787109375
08:01:09,91282CKF7,TSRYS5774875,D,B,C,2024-04-23,1000000.00,4.637738,96.986328125
08:01:09,91282CKF7,TSRYS5774875,D,S,D,2024-04-23,1000000.00,4.637738,96.986328125
08:01:09,91282CKF7,TSRYS5774875,D,B,C,2024-04-23,1000000.00,4.638076,96.984375
08:01:09,91282CKF7,TSRYS5774875,D,S,C,2024-04-23,1000000.00,4.638076,96.984375
08:01:09,91282CKF7,TSRYS5774875,D,S,D,2024-04-23,1000000.00,4.644849,96.9453125
08:01:09,91282CKF7,TSRYS5774875,D,S,D,2024-04-23,1000000.00,4.644849,96.9453125
08:01:09,91282CKF7,TSRYS5774875,D,S,D,2024-04-23,1000000.00,4.64451,96.947265625
08:01:09,91282CKF7,TSRYS5774875,D,S,D,2024-04-23,2000000.00,4.663491,96.837890625
08:01:09,91282CKF7,TSRYS5774875,D,B,C,2024-04-23,1000000.00,4.643833,96.951171875
08:01:09,91282CKF7,TSRYS5774875,D,S,C,2024-04-23,1000000.00,4.643833,96.951171875
08:01:09,91282CKF7,TSRYS5774875,D,B,C,2024-04-23,1000000.00,4.644172,96.94921875
08:01:09,91282CKF7,TSRYS5774875,D,S,D,2024-04-23,1000000.00,4.644172,96.94921875
08:01:09,91282CKF7,TSRYS5774875,D,B,C,2024-04-23,1000000.00,4.647559,96.9296875
08:01:09,91282CKF7,TSRYS5774875,D,S,D,2024-04-23,1000000.00,4.647559,96.9296875
08:01:10,91282CKF7,TSRYS5774875,D,S,T,2024-04-23,1000000.00,4.644867,96.9452125
08:01:10,91282CKF7,TSRYS5774875,D,S,T,2024-04-23,1000000.00,4.644867,96.9452125
08:01:10,91282CKF7,TSRYS5774875,D,S,T,2024-04-23,2000000.00,4.644867,96.9452125
08:01:10,91282CKF7,TSRYS5774875,D,S,T,2024-04-23,1000000.00,4.644867,96.9452125
08:01:10,91282CKF7,TSRYS5774875,D,B,C,2024-04-23,1000000.00,4.645865,96.939453125
08:01:10,91282CKF7,TSRYS5774875,D,B,C,2024-04-23,1000000.00,4.645865,96.939453125
08:01:10,91282CKF7,TSRYS5774875,D,S,D,2024-04-23,1000000.00,4.645865,96.939453125
08:01:10,91282CKF7,TSRYS5774875,D,S,D,2024-04-23,1000000.00,4.645865,96.939453125
08:01:10,91282CKF7,TSRYS5774875,D,B,C,2024-04-23,1000000.00,4.648237,96.92578125
08:01:10,91282CKF7,TSRYS5774875,D,S,D,2024-04-23,1000000.00,4.648237,96.92578125
08:01:10,91282CKF7,TSRYS5774875,D,B,C,2024-04-23,1000000.00,4.657727,96.87109375
08:01:10,91282CKF7,TSRYS5774875,D,S,D,2024-04-23,1000000.00,4.657727,96.87109375
08:01:10,91282CKF7,TSRYS5774875,D,S,D,2024-04-23,1000000.00,4.658066,96.869140625
08:01:10,91282CKF7,TSRYS5774875,D,S,D,2024-04-23,1000000.00,4.658066,96.869140625
08:01:10,91282CKF7,TSRYS5774875,D,S,C,2024-04-23,1000000.00,4.658066,96.869140625
08:01:10,91282CKF7,TSRYS5774875,D,S,D,2024-04-23,1000000.00,4.655015,96.88671875
08:01:10,91282CKF7,TSRYS5774875,D,S,T,2024-04-23,1000000.00,4.663848,96.8358375
08:01:11,91282CKF7,TSRYS5774875,D,S,T,2024-04-23,1000000.00,4.663848,96.8358375
08:01:11,91282CKF7,TSRYS5774875,D,S,T,2024-04-23,1000000.00,4.678779,96.7499
08:01:11,91282CKF7,TSRYS5774875,D,S,T,2024-04-23,1000000.00,4.678779,96.7499
08:01:11,91282CKF7,TSRYS5774875,D,S,T,2024-04-23,1000000.00,4.678779,96.7499
08:01:11,91282CKF7,TSRYS5774875,D,S,T,2024-04-23,1000000.00,4.678779,96.7499
08:01:11,91282CKF7,TSRYS5774875,D,S,T,2024-04-23,1000000.00,4.678779,96.7499
08:01:11,91282CKF7,TSRYS5774875,D,B,C,2024-04-23,1000000.00,4.644172,96.94921875
08:01:11,91282CKF7,TSRYS5774875,D,S,C,2024-04-23,1000000.00,4.644172,96.94921875
08:01:11,91282CKF7,TSRYS5774875,D,S,T,2024-04-23,1000000.00,4.663861,96.8357625
08:01:11,91282CKF7,TSRYS5774875,D,B,C,2024-04-23,1000000.00,4.652981,96.8984375
08:01:11,91282CKF7,TSRYS5774875,D,S,C,2024-04-23,1000000.00,4.660778,96.853515625
08:01:11,91282CKF7,TSRYS5774875,D,B,C,2024-04-23,1000000.00,4.660778,96.853515625
08:01:11,91282CKF7,TSRYS5774875,D,S,D,2024-04-23,1000000.00,4.652981,96.8984375
08:01:11,91282CKF7,TSRYS5774875,D,S,D,2024-04-23,1000000.00,4.6601,96.857421875
08:01:11,91282CKF7,TSRYS5774875,D,S,D,2024-04-23,1000000.00,4.6601,96.857421875
08:01:11,91282CKF7,TSRYS5774875,D,S,D,2024-04-23,1000000.00,4.6601,96.857421875
08:01:11,91282CKF7,TSRYS5774875,D,S,D,2024-04-23,2000000.00,4.659083,96.86328125
08:01:11,91282CKF7,TSRYS5774875,D,B,C,2024-04-23,2000000.00,4.659083,96.86328125
08:01:11,91282CKF7,TSRYS5774875,D,S,C,2024-04-23,1000000.00,4.659083,96.86328125
08:01:11,91282CKF7,TSRYS5774875,D,S,C,2024-04-23,1000000.00,4.658744,96.865234375
08:01:11,91282CKF7,TSRYS5774875,D,B,C,2024-04-23,1000000.00,4.659083,96.86328125
08:01:11,91282CKF7,TSRYS5774875,D,B,C,2024-04-23,1000000.00,4.658744,96.865234375
08:01:11,91282CKF7,TSRYS5774875,D,S,C,2024-04-23,1000000.00,4.659422,96.861328125
08:01:11,91282CKF7,TSRYS5774875,D,B,C,2024-04-23,1000000.00,4.659422,96.861328125
08:01:11,91282CKF7,TSRYS5774875,D,S,C,2024-04-23,1000000.00,4.659083,96.86328125
08:01:11,91282CKF7,TSRYS5774875,D,B,C,2024-04-23,1000000.00,4.659083,96.86328125
08:01:11,91282CKF7,TSRYS5774875,D,S,D,2024-04-23,1000000.00,4.659761,96.859375
08:01:11,91282CKF7,TSRYS5774875,D,B,C,2024-04-23,1000000.00,4.659761,96.859375
08:01:11,91282CKF7,TSRYS5774875,D,S,C,2024-04-23,1000000.00,4.659422,96.861328125
08:01:11,91282CKF7,TSRYS5774875,D,B,C,2024-04-23,1000000.00,4.659422,96.861328125
08:01:11,91282CKF7,TSRYS5774875,D,B,C,2024-04-23,1000000.00,4.659422,96.861328125
08:01:12,91282CKF7,TSRYS5774875,D,S,D,2024-04-23,1000000.00,4.659422,96.861328125
08:01:12,91282CKF7,TSRYS5774875,D,B,C,2024-04-23,1000000.00,4.659083,96.86328125
08:01:12,91282CKF7,TSRYS5774875,D,S,D,2024-04-23,1000000.00,4.659083,96.86328125
08:01:12,91282CKF7,TSRYS5774875,D,B,C,2024-04-23,4000000.00,4.663937,96.8353258
08:01:12,91282CKF7,TSRYS5774875,D,B,C,2024-04-23,5000000.00,4.663682,96.8367906
08:01:12,91282CKF7,TSRYS5774875,D,S,C,2024-04-23,1000000.00,4.654676,96.888671875
08:01:12,91282CKF7,TSRYS5774875,D,B,C,2024-04-23,5000000.00,4.678953,96.7489
08:01:12,91282CKF7,TSRYS5774875,D,S,C,2024-04-23,1000000.00,4.646882,96.93359375
08:01:12,91282CKF7,TSRYS5774875,D,S,C,2024-04-23,1000000.00,4.640446,96.970703125
08:01:12,91282CKF7,TSRYS5774875,D,S,D,2024-04-23,2000000.00,4.64451,96.947265625
08:01:12,91282CKF7,TSRYS5774875,D,S,D,2024-04-23,1000000.00,4.643494,96.953125
08:01:12,91282CKF7,TSRYS5774875,D,B,C,2024-04-23,1000000.00,4.643494,96.953125
08:01:13,91282CKF7,TSRYS5774875,D,S,C,2024-04-23,1000000.00,4.657388,96.873046875
08:01:13,91282CKF7,TSRYS5774875,D,B,C,2024-04-23,1000000.00,4.657388,96.873046875
08:01:13,91282CKF7,TSRYS5774875,D,S,D,2024-04-23,1000000.00,4.658066,96.869140625
08:01:13,91282CKF7,TSRYS5774875,D,S,D,2024-04-23,1000000.00,4.656371,96.87890625
08:01:13,91282CKF7,TSRYS5774875,D,B,C,2024-04-23,1000000.00,4.656371,96.87890625
08:01:13,91282CKF7,TSRYS5774875,D,S,D,2024-04-23,1000000.00,4.662813,96.841796875
08:01:13,91282CKF7,TSRYS5774875,D,S,D,2024-04-23,2000000.00,4.663491,96.837890625
08:01:14,91282CKF7,TSRYS5774875,D,S,C,2024-04-23,1000000.00,4.639431,96.9765625
08:01:14,91282CKF7,TSRYS5774875,D,B,C,2024-04-23,1000000.00,4.636722,96.9920125
08:01:14,91282CKF7,TSRYS5774875,D,S,D,2024-04-23,1000000.00,4.636722,96.9921875
08:01:15,91282CKF7,TSRYS5774875,D,S,D,2024-04-23,1000000.00,4.635706,96.998046875
08:01:15,91282CKF7,TSRYS5774875,D,S,C,2024-04-23,1000000.00,4.636384,96.994140625
08:01:16,91282CKF7,TSRYS5774875,D,B,C,2024-04-23,1000000.00,4.638415,96.982421875
08:01:16,91282CKF7,TSRYS5774875,D,S,D,2024-04-23,1000000.00,4.638415,96.982421875
08:01:19,91282CKF7,TSRYS5774875,D,S,T,2024-04-23,1000000.00,4.64451,96.947265625
08:01:19,91282CKF7,TSRYS5774875,D,S,T,2024-04-23,1000000.00,4.64451,96.947265625
08:01:19,91282CKF7,TSRYS5774875,D,S,T,2024-04-23,1000000.00,4.644849,96.9453125
08:01:20,91282CKF7,TSRYS5774875,D,S,T,2024-04-23,3000000.00,4.644849,96.9453125
08:01:20,91282CKF7,TSRYS5774875,D,S,T,2024-04-23,2000000.00,4.663491,96.837890625
08:01:20,91282CKF7,TSRYS5774875,D,S,T,2024-04-23,2000000.00,4.663491,96.837890625
08:01:21,91282CKF7,TSRYS5774875,D,B,C,2024-04-23,3000000.00,4.644172,96.94921875
08:01:21,91282CKF7,TSRYS5774875,D,S,C,2024-04-23,3000000.00,4.644172,96.94921875
08:01:21,91282CKF7,TSRYS5774875,D,S,D,2024-04-23,1000000.00,4.664848,96.830078125
08:01:21,91282CKF7,TSRYS5774875,D,S,C,2024-04-23,2000000.00,4.665187,96.828125
08:01:22,91282CKF7,TSRYS5774875,D,S,D,2024-04-23,1000000.00,4.664509,96.83203125
08:01:22,91282CKF7,TSRYS5774875,D,B,C,2024-04-23,1000000.00,4.664848,96.830078125
08:01:22,91282CKF7,TSRYS5774875,D,S,D,2024-04-23,1000000.00,4.664848,96.830078125
08:01:22,91282CKF7,TSRYS5774875,D,S,D,2024-04-23,1000000.00,4.666205,96.822265625
08:01:22,91282CKF7,TSRYS5774875,D,B,C,2024-04-23,1000000.00,4.666205,96.822265625
08:01:22,91282CKF7,TSRYS5774875,D,S,D,2024-04-23,125000.00,4.642817,96.95703125
08:01:22,91282CKF7,TSRYS5774875,D,S,C,2024-04-23,1000000.00,4.670615,96.796875
08:01:22,91282CKF7,TSRYS5774875,D,B,C,2024-04-23,1000000.00,4.670615,96.796875
08:01:22,91282CKF7,TSRYS5774875,D,S,C,2024-04-23,1000000.00,4.671294,96.79296875
08:01:22,91282CKF7,TSRYS5774875,D,S,D,2024-04-23,1000000.00,4.674009,96.77734375
08:01:23,91282CKF7,TSRYS5774875,D,S,D,2024-04-23,1000000.00,4.674688,96.7734375
08:01:23,91282CKF7,TSRYS5774875,D,S,D,2024-04-23,1000000.00,4.658066,96.869140625
08:01:23,91282CKF7,TSRYS5774875,D,S,D,2024-04-23,1000000.00,4.674688,96.7734375
08:01:23,91282CKF7,TSRYS5774875,D,B,C,2024-04-23,1000000.00,4.674688,96.7734375
08:01:23,91282CKF7,TSRYS5774875,D,S,D,2024-04-23,1000000.00,4.674688,96.7734375
08:01:23,91282CKF7,TSRYS5774875,D,B,C,2024-04-23,1000000.00,4.674688,96.7734375
08:01:23,91282CKF7,TSRYS5774875,D,B,C,2024-04-23,1000000.00,4.675028,96.771484375
08:01:23,91282CKF7,TSRYS5774875,D,S,D,2024-04-23,1000000.00,4.675028,96.771484375
08:01:23,91282CKF7,TSRYS5774875,D,B,C,2024-04-23,1000000.00,4.674688,96.7734375
08:01:23,91282CKF7,TSRYS5774875,D,S,D,2024-04-23,1000000.00,4.674688,96.7734375
08:01:23,91282CKF7,TSRYS5774875,D,S,D,2024-04-23,1000000.00,4.675367,96.76953125
08:01:23,91282CKF7,TSRYS5774875,D,S,D,2024-04-23,1000000.00,4.676385,96.763671875
08:01:23,91282CKF7,TSRYS5774875,D,B,C,2024-04-23,1000000.00,4.676046,96.765625
08:01:23,91282CKF7,TSRYS5774875,D,S,D,2024-04-23,1000000.00,4.676046,96.765625
08:01:23,91282CKF7,TSRYS5774875,D,S,D,2024-04-23,1000000.00,4.676385,96.763671875
08:01:23,91282CKF7,TSRYS5774875,D,S,D,2024-04-23,1000000.00,4.676385,96.763671875
08:01:23,91282CKF7,TSRYS5774875,D,S,D,2024-04-23,1000000.00,4.676385,96.763671875
08:01:23,91282CKF7,TSRYS5774875,D,S,T,2024-04-23,1000000.00,4.63266,97.015625
08:01:23,91282CKF7,TSRYS5774875,D,S,T,2024-04-23,1000000.00,4.632686,97.015475
08:01:23,91282CKF7,TSRYS5774875,D,S,T,2024-04-23,1000000.00,4.632686,97.015475
08:01:23,91282CKF7,TSRYS5774875,D,S,T,2024-04-23,1000000.00,4.632686,97.015475
08:01:23,91282CKF7,TSRYS5774875,D,S,T,2024-04-23,1000000.00,4.632686,97.015475
08:01:23,91282CKF7,TSRYS5774875,D,S,T,2024-04-23,2000000.00,4.63266,97.015625
08:01:23,91282CKF7,TSRYS5774875,D,S,T,2024-04-23,2000000.00,4.634353,97.00585937
08:01:23,91282CKF7,TSRYS5774875,D,S,T,2024-04-23,1000000.00,4.631983,97.01953125
08:01:23,91282CKF7,TSRYS5774875,D,S,T,2024-04-23,1000000.00,4.631983,97.01953125
08:01:23,91282CKF7,TSRYS5774875,D,S,T,2024-04-23,2000000.00,4.636045,96.99609375
08:01:23,91282CKF7,TSRYS5774875,D,S,T,2024-04-23,1000000.00,4.636722,96.9921875
08:01:23,91282CKF7,TSRYS5774875,D,S,T,2024-04-23,1000000.00,4.636722,96.9921875
08:01:23,91282CKF7,TSRYS5774875,D,S,C,2024-04-23,1000000.00,4.678422,96.751953125
08:01:23,91282CKF7,TSRYS5774875,D,B,C,2024-04-23,1000000.00,4.678422,96.751953125
08:01:23,91282CKF7,TSRYS5774875,D,S,D,2024-04-23,3000000.00,4.636722,96.9921875
08:01:23,91282CKF7,TSRYS5774875,D,S,T,2024-04-23,2000000.00,4.636045,96.99609375
08:01:23,91282CKF7,TSRYS5774875,D,S,C,2024-04-23,1000000.00,4.679101,96.748046875
08:01:23,91282CKF7,TSRYS5774875,D,B,C,2024-04-23,1000000.00,4.679101,96.748046875
08:01:23,91282CKF7,TSRYS5774875,D,S,T,2024-04-23,1000000.00,4.636045,96.99609375
08:01:23,91282CKF7,TSRYS5774875,D,S,T,2024-04-23,1000000.00,4.636045,96.99609375
08:01:23,91282CKF7,TSRYS5774875,D,S,T,2024-04-23,1000000.00,4.636045,96.99609375
08:01:23,91282CKF7,TSRYS5774875,D,B,C,2024-04-23,1000000.00,4.678762,96.75
08:01:23,91282CKF7,TSRYS5774875,D,S,T,2024-04-23,1000000.00,4.636045,96.99609375
08:01:23,91282CKF7,TSRYS5774875,D,S,C,2024-04-23,1000000.00,4.678762,96.75
08:01:23,91282CKF7,TSRYS5774875,D,S,T,2024-04-23,2000000.00,4.636045,96.99609375
08:01:24,91282CKF7,TSRYS5774875,D,S,D,2024-04-23,2000000.00,4.677743,96.755859375
08:01:24,91282CKF7,TSRYS5774875,D,S,T,2024-04-23,2000000.00,4.643833,96.95117187
08:01:24,91282CKF7,TSRYS5774875,D,S,T,2024-04-23,2000000.00,4.647559,96.9296875
08:01:24,91282CKF7,TSRYS5774875,D,S,T,2024-04-23,2000000.00,4.645527,96.94140625
08:01:24,91282CKF7,TSRYS5774875,D,S,T,2024-04-23,1000000.00,4.64451,96.94726562
08:01:24,91282CKF7,TSRYS5774875,D,S,T,2024-04-23,1000000.00,4.64451,96.94726562
08:01:24,91282CKF7,TSRYS5774875,D,S,T,2024-04-23,1000000.00,4.64214,96.9609375
08:01:24,91282CKF7,TSRYS5774875,D,S,T,2024-04-23,2000000.00,4.649592,96.91796875
08:01:24,91282CKF7,TSRYS5774875,D,S,T,2024-04-23,1000000.00,4.636384,96.994140625
08:01:25,91282CKF7,TSRYS5774875,D,S,D,2024-04-23,1000000.00,4.662813,96.841796875
08:01:26,91282CKF7,TSRYS5774875,D,S,D,2024-04-23,1000000.00,4.664509,96.83203125
08:01:26,91282CKF7,TSRYS5774875,D,B,C,2024-04-23,1000000.00,4.641124,96.96679687
08:01:26,91282CKF7,TSRYS5774875,D,B,C,2024-04-23,1000000.00,4.641124,96.96679687
08:01:26,91282CKF7,TSRYS5774875,D,S,C,2024-04-23,1000000.00,4.635368,97.0
08:01:26,91282CKF7,TSRYS5774875,D,B,C,2024-04-23,3000000.00,4.645188,96.94335937
08:01:27,91282CKF7,TSRYS5774875,D,B,C,2024-04-23,1000000.00,4.645865,96.93945312
08:01:27,91282CKF7,TSRYS5774875,D,B,C,2024-04-23,1000000.00,4.645865,96.93945312
08:01:27,91282CKF7,TSRYS5774875,D,S,T,2024-04-23,1000000.00,4.646204,96.9375
08:01:27,91282CKF7,TSRYS5774875,D,S,T,2024-04-23,1000000.00,4.646204,96.9375
08:01:27,91282CKF7,TSRYS5774875,D,S,T,2024-04-23,1000000.00,4.646204,96.9375
08:01:27,91282CKF7,TSRYS5774875,D,S,T,2024-04-23,1000000.00,4.646204,96.9375
08:01:27,91282CKF7,TSRYS5774875,D,S,T,2024-04-23,1000000.00,4.646204,96.9375
08:01:27,91282CKF7,TSRYS5774875,D,S,T,2024-04-23,1000000.00,4.646204,96.9375
08:01:28,91282CKF7,TSRYS5774875,D,S,T,2024-04-23,1000000.00,4.646204,96.9375
08:01:28,91282CKF7,TSRYS5774875,D,S,T,2024-04-23,1000000.00,4.646204,96.9375
08:01:28,91282CKF7,TSRYS5774875,D,S,T,2024-04-23,1000000.00,4.646204,96.9375
08:01:28,91282CKF7,TSRYS5774875,D,S,C,2024-04-23,1000000.00,4.638076,96.984375
08:01:28,91282CKF7,TSRYS5774875,D,S,T,2024-04-23,1000000.00,4.646204,96.9375
08:01:28,91282CKF7,TSRYS5774875,D,S,T,2024-04-23,1000000.00,4.646204,96.9375
08:01:28,91282CKF7,TSRYS5774875,D,S,T,2024-04-23,1000000.00,4.646204,96.9375
08:01:28,91282CKF7,TSRYS5774875,D,B,C,2024-04-23,1000000.00,4.643833,96.95117187
08:01:28,91282CKF7,TSRYS5774875,D,B,C,2024-04-23,1000000.00,4.645865,96.93945312
08:01:28,91282CKF7,TSRYS5774875,D,S,T,2024-04-23,1000000.00,4.646204,96.9375
08:01:28,91282CKF7,TSRYS5774875,D,S,T,2024-04-23,1000000.00,4.646204,96.9375
08:01:28,91282CKF7,TSRYS5774875,D,S,T,2024-04-23,1000000.00,4.646204,96.9375
08:01:28,91282CKF7,TSRYS5774875,D,B,C,2024-04-23,1000000.00,4.645865,96.93945312
08:01:28,91282CKF7,TSRYS5774875,D,B,C,2024-04-23,1000000.00,4.643833,96.95117187
08:01:28,91282CKF7,TSRYS5774875,D,S,T,2024-04-23,1000000.00,4.646204,96.9375
08:01:28,91282CKF7,TSRYS5774875,D,S,T,2024-04-23,1000000.00,4.646204,96.9375
08:01:28,91282CKF7,TSRYS5774875,D,S,T,2024-04-23,1000000.00,4.646204,96.9375
08:01:28,91282CKF7,TSRYS5774875,D,S,T,2024-04-23,1000000.00,4.646204,96.9375
08:01:28,91282CKF7,TSRYS5774875,D,S,T,2024-04-23,1000000.00,4.646204,96.9375
08:01:28,91282CKF7,TSRYS5774875,D,S,T,2024-04-23,1000000.00,4.638111,96.984175
08:01:28,91282CKF7,TSRYS5774875,D,S,T,2024-04-23,1000000.00,4.638111,96.984175
08:01:28,91282CKF7,TSRYS5774875,D,S,T,2024-04-23,1000000.00,4.638111,96.984175
08:01:28,91282CKF7,TSRYS5774875,D,S,T,2024-04-23,1000000.00,4.646204,96.9375
08:01:28,91282CKF7,TSRYS5774875,D,S,T,2024-04-23,1000000.00,4.646204,96.9375
08:01:28,91282CKF7,TSRYS5774875,D,S,D,2024-04-23,2000000.00,4.654766,96.88815
08:01:28,91282CKF7,TSRYS5774875,D,S,T,2024-04-23,1000000.00,4.646204,96.9375
08:01:28,91282CKF7,TSRYS5774875,D,S,T,2024-04-23,1000000.00,4.646204,96.9375
08:01:28,91282CKF7,TSRYS5774875,D,S,T,2024-04-23,1000000.00,4.646204,96.9375
08:01:28,91282CKF7,TSRYS5774875,D,S,T,2024-04-23,1000000.00,4.646204,96.9375
08:01:28,91282CKF7,TSRYS5774875,D,S,T,2024-04-23,1000000.00,4.646204,96.9375
08:01:29,91282CKF7,TSRYS5774875,D,S,T,2024-04-23,1000000.00,4.646204,96.9375
08:01:29,91282CKF7,TSRYS5774875,D,B,C,2024-04-23,1000000.00,4.635706,96.99804687
08:01:29,91282CKF7,TSRYS5774875,D,B,C,2024-04-23,1000000.00,4.643833,96.951171875
08:01:29,91282CKF7,TSRYS5774875,D,S,D,2024-04-23,1000000.00,4.643833,96.951171875
08:01:29,91282CKF7,TSRYS5774875,D,S,C,2024-04-23,1000000.00,4.638076,96.984375
08:01:29,91282CKF7,TSRYS5774875,D,S,D,2024-04-23,1000000.00,4.638076,96.984375
08:01:29,91282CKF7,TSRYS5774875,D,S,T,2024-04-23,1000000.00,4.635368,97.0
08:01:29,91282CKF7,TSRYS5774875,D,B,C,2024-04-23,1000000.00,4.647559,96.9296875
08:01:29,91282CKF7,TSRYS5774875,D,B,C,2024-04-23,15000000.00,4.638174,96.98381
08:01:30,91282CKF7,TSRYS5774875,D,S,A,2024-04-23,1000000.00,4.676725,96.76171875
08:01:30,91282CKF7,TSRYS5774875,D,B,C,2024-04-23,1000000.00,4.635706,96.99804687
08:01:31,91282CKF7,TSRYS5774875,D,S,A,2024-04-23,700000.00,4.677404,96.7578125
08:01:31,91282CKF7,TSRYS5774875,D,B,C,2024-04-23,1000000.00,4.642817,96.95703125
08:01:32,91282CKF7,TSRYS5774875,D,S,C,2024-04-23,1000000.00,4.646204,96.9375
08:01:32,91282CKF7,TSRYS5774875,D,S,C,2024-04-23,1000000.00,4.647898,96.927734375
08:01:32,91282CKF7,TSRYS5774875,D,B,C,2024-04-23,1000000.00,4.647559,96.9296875
08:01:32,91282CKF7,TSRYS5774875,D,S,D,2024-04-23,1000000.00,4.647559,96.9296875
08:01:32,91282CKF7,TSRYS5774875,D,B,C,2024-04-23,1000000.00,4.647559,96.9296875
08:01:33,91282CKF7,TSRYS5774875,D,S,D,2024-04-23,1000000.00,4.647559,96.9296875
08:01:33,91282CKF7,TSRYS5774875,D,B,C,2024-04-23,1000000.00,4.647898,96.927734375
08:01:33,91282CKF7,TSRYS5774875,D,S,C,2024-04-23,1000000.00,4.647898,96.927734375
08:01:33,91282CKF7,TSRYS5774875,D,B,C,2024-04-23,2000000.00,4.646204,96.9375
08:01:33,91282CKF7,TSRYS5774875,D,S,D,2024-04-23,2000000.00,4.646204,96.9375
08:01:33,91282CKF7,TSRYS5774875,D,B,C,2024-04-23,1000000.00,4.646204,96.9375
08:01:33,91282CKF7,TSRYS5774875,D,S,D,2024-04-23,1000000.00,4.646204,96.9375
08:01:33,91282CKF7,TSRYS5774875,D,S,D,2024-04-23,1000000.00,4.646204,96.9375
08:01:33,91282CKF7,TSRYS5774875,D,B,C,2024-04-23,2000000.00,4.646204,96.9375
08:01:33,91282CKF7,TSRYS5774875,D,B,C,2024-04-23,1000000.00,4.646204,96.9375
08:01:34,91282CKF7,TSRYS5774875,D,B,C,2024-04-23,1000000.00,4.636045,96.99609375
08:01:34,91282CKF7,TSRYS5774875,D,B,C,2024-04-23,1000000.00,4.648237,96.92578125
08:01:34,91282CKF7,TSRYS5774875,D,B,C,2024-04-23,1000000.00,4.647559,96.9296875
08:01:34,91282CKF7,TSRYS5774875,D,B,C,2024-04-23,1000000.00,4.648237,96.92578125
08:01:34,91282CKF7,TSRYS5774875,D,B,C,2024-04-23,1000000.00,4.647559,96.9296875
08:01:35,91282CKF7,TSRYS5774875,D,B,C,2024-04-23,3000000.00,4.648576,96.92382812
08:01:35,91282CKF7,TSRYS5774875,D,B,C,2024-04-23,3000000.00,4.646204,96.9375
08:01:35,91282CKF7,TSRYS5774875,D,B,C,2024-04-23,1000000.00,4.647559,96.9296875
08:01:35,91282CKF7,TSRYS5774875,D,B,C,2024-04-23,2000000.00,4.646204,96.9375
08:01:35,91282CKF7,TSRYS5774875,D,B,C,2024-04-23,1000000.00,4.645188,96.94335937
08:01:36,91282CKF7,TSRYS5774875,D,S,D,2024-04-23,1000000.00,4.635368,97.0
08:01:36,91282CKF7,TSRYS5774875,D,B,C,2024-04-23,1000000.00,4.647559,96.9296875
08:01:36,91282CKF7,TSRYS5774875,D,B,C,2024-04-23,1000000.00,4.635706,96.99804687
08:01:37,91282CKF7,TSRYS5774875,D,B,C,2024-04-23,1000000.00,4.647559,96.9296875
08:01:38,91282CKF7,TSRYS5774875,D,B,C,2024-04-23,1000000.00,4.645188,96.94335937
08:01:38,91282CKF7,TSRYS5774875,D,B,C,2024-04-23,1000000.00,4.638753,96.98046875
08:01:39,91282CKF7,TSRYS5774875,D,B,C,2024-04-23,1000000.00,4.638076,96.984375
08:01:39,91282CKF7,TSRYS5774875,D,B,C,2024-04-23,1000000.00,4.638753,96.98046875
08:01:39,91282CKF7,TSRYS5774875,D,S,C,2024-04-23,1000000.00,4.639092,96.97851562
08:01:39,91282CKF7,TSRYS5774875,D,B,C,2024-04-23,1000000.00,4.645188,96.94335937
08:01:39,91282CKF7,TSRYS5774875,D,S,D,2024-04-23,1000000.00,4.643156,96.955078125
08:01:39,91282CKF7,TSRYS5774875,D,S,D,2024-04-23,1000000.00,4.643156,96.955078125
08:01:39,91282CKF7,TSRYS5774875,D,S,D,2024-04-23,2000000.00,4.643156,96.955078125
08:01:39,91282CKF7,TSRYS5774875,D,S,D,2024-04-23,1000000.00,4.643156,96.955078125
08:01:39,91282CKF7,TSRYS5774875,D,B,C,2024-04-23,2000000.00,4.641801,96.962890625
08:01:39,91282CKF7,TSRYS5774875,D,S,D,2024-04-23,2000000.00,4.641801,96.962890625
08:01:39,91282CKF7,TSRYS5774875,D,S,D,2024-04-23,1000000.00,4.641801,96.962890625
08:01:39,91282CKF7,TSRYS5774875,D,S,D,2024-04-23,1000000.00,4.641801,96.962890625
08:01:39,91282CKF7,TSRYS5774875,D,S,D,2024-04-23,1000000.00,4.641801,96.962890625
08:01:39,91282CKF7,TSRYS5774875,D,B,C,2024-04-23,1000000.00,4.641801,96.962890625
08:01:39,91282CKF7,TSRYS5774875,D,B,C,2024-04-23,1000000.00,4.64214,96.9609375
08:01:39,91282CKF7,TSRYS5774875,D,S,C,2024-04-23,1000000.00,4.64214,96.9609375
08:01:39,91282CKF7,TSRYS5774875,D,B,C,2024-04-23,1000000.00,4.639431,96.9765625
08:01:40,91282CKF7,TSRYS5774875,D,S,D,2024-04-23,1000000.00,4.639431,96.9765625
08:01:40,91282CKF7,TSRYS5774875,D,B,C,2024-04-23,1000000.00,4.639431,96.9763875
08:01:40,91282CKF7,TSRYS5774875,D,S,D,2024-04-23,1000000.00,4.639431,96.9765625
08:01:40,91282CKF7,TSRYS5774875,D,S,D,2024-04-23,1000000.00,4.644849,96.9453125
08:01:40,91282CKF7,TSRYS5774875,D,S,C,2024-04-23,1000000.00,4.644849,96.9453125
08:01:40,91282CKF7,TSRYS5774875,D,S,C,2024-04-23,1000000.00,4.644849,96.9453125
08:01:40,91282CKF7,TSRYS5774875,D,S,C,2024-04-23,1000000.00,4.644849,96.9453125
08:01:40,91282CKF7,TSRYS5774875,D,S,C,2024-04-23,1000000.00,4.644849,96.9453125
08:01:40,91282CKF7,TSRYS5774875,D,S,C,2024-04-23,1000000.00,4.644849,96.9453125
08:01:40,91282CKF7,TSRYS5774875,D,S,T,2024-04-23,1000000.00,4.67333,96.78125
08:01:40,91282CKF7,TSRYS5774875,D,S,T,2024-04-23,1000000.00,4.635368,97.0
08:01:40,91282CKF7,TSRYS5774875,D,S,D,2024-04-23,1000000.00,4.638753,96.98046875
08:01:40,91282CKF7,TSRYS5774875,D,B,C,2024-04-23,1000000.00,4.638753,96.98046875
08:01:40,91282CKF7,TSRYS5774875,D,S,D,2024-04-23,1000000.00,4.638753,96.98046875
08:01:40,91282CKF7,TSRYS5774875,D,B,C,2024-04-23,1000000.00,4.638753,96.98046875
08:01:40,91282CKF7,TSRYS5774875,D,B,C,2024-04-23,1000000.00,4.647559,96.9296875
08:01:41,91282CKF7,TSRYS5774875,D,B,A,2024-04-23,6000000.00,4.652981,96.8984375
08:01:41,91282CKF7,TSRYS5774875,D,S,D,2024-04-23,1000000.00,4.644849,96.9453125
08:01:41,91282CKF7,TSRYS5774875,D,S,D,2024-04-23,1000000.00,4.64451,96.94726562
08:01:41,91282CKF7,TSRYS5774875,D,S,D,2024-04-23,1000000.00,4.644849,96.9453125
08:01:41,91282CKF7,TSRYS5774875,D,S,C,2024-04-23,1000000.00,4.644849,96.9453125
08:01:41,91282CKF7,TSRYS5774875,D,S,C,2024-04-23,1000000.00,4.638076,96.984375
08:01:41,91282CKF7,TSRYS5774875,D,B,C,2024-04-23,1000000.00,4.638076,96.984375
08:01:41,91282CKF7,TSRYS5774875,D,B,C,2024-04-23,1000000.00,4.643833,96.95117187
08:01:41,91282CKF7,TSRYS5774875,D,B,C,2024-04-23,1000000.00,4.643833,96.95117187
08:01:42,91282CKF7,TSRYS5774875,D,B,C,2024-04-23,1000000.00,4.643833,96.95117187
08:01:42,91282CKF7,TSRYS5774875,D,S,T,2024-04-23,1000000.00,4.646227,96.93737
08:01:42,91282CKF7,TSRYS5774875,D,S,D,2024-04-23,3000000.00,4.636722,96.9921875
08:01:42,91282CKF7,TSRYS5774875,D,B,C,2024-04-23,3000000.00,4.636722,96.9921875
08:01:42,91282CKF7,TSRYS5774875,D,S,C,2024-04-23,5000000.00,4.633216,97.01242
08:01:44,91282CKF7,TSRYS5774875,D,B,C,2024-04-23,1000000.00,4.63266,97.015625
08:01:44,91282CKF7,TSRYS5774875,D,S,C,2024-04-23,5000000.00,4.638294,96.98312
08:01:44,91282CKF7,TSRYS5774875,D,B,C,2024-04-23,1000000.00,4.63266,97.015625
08:01:44,91282CKF7,TSRYS5774875,D,B,C,2024-04-23,1000000.00,4.632999,97.01367187
08:01:44,91282CKF7,TSRYS5774875,D,B,C,2024-04-23,1000000.00,4.632999,97.01367187
08:01:44,91282CKF7,TSRYS5774875,D,B,C,2024-04-23,1000000.00,4.63266,97.015625
08:01:44,91282CKF7,TSRYS5774875,D,B,C,2024-04-23,1000000.00,4.63266,97.015625
08:01:44,91282CKF7,TSRYS5774875,D,B,C,2024-04-23,1000000.00,4.63266,97.015625
08:01:44,91282CKF7,TSRYS5774875,D,B,C,2024-04-23,1000000.00,4.63266,97.015625
08:01:44,91282CKF7,TSRYS5774875,D,B,C,2024-04-23,1000000.00,4.63266,97.015625
08:01:44,91282CKF7,TSRYS5774875,D,S,C,2024-04-23,20000000.00,4.632573,97.01613
08:01:44,91282CKF7,TSRYS5774875,D,B,C,2024-04-23,1000000.00,4.642817,96.95703125
08:01:45,91282CKF7,TSRYS5774875,D,B,C,2024-04-23,1000000.00,4.633337,97.01171875
08:01:45,91282CKF7,TSRYS5774875,D,S,C,2024-04-23,5000000.00,4.633216,97.01242
08:01:46,91282CKF7,TSRYS5774875,D,S,T,2024-04-23,1000000.00,4.638076,96.984375
08:01:46,91282CKF7,TSRYS5774875,D,S,T,2024-04-23,1000000.00,4.638076,96.984375
08:01:46,91282CKF7,TSRYS5774875,D,S,T,2024-04-23,1000000.00,4.638076,96.984375
08:01:46,91282CKF7,TSRYS5774875,D,S,T,2024-04-23,1000000.00,4.638076,96.984375
08:01:46,91282CKF7,TSRYS5774875,D,S,D,2024-04-23,2000000.00,4.638076,96.984375
08:01:46,91282CKF7,TSRYS5774875,D,S,D,2024-04-23,2000000.00,4.638076,96.984375
08:01:46,91282CKF7,TSRYS5774875,D,S,C,2024-04-23,1000000.00,4.637738,96.98632812
08:01:46,91282CKF7,TSRYS5774875,D,B,C,2024-04-23,1000000.00,4.644172,96.94921875
08:01:47,91282CKF7,TSRYS5774875,D,B,C,2024-04-23,1000000.00,4.657727,96.87109375
08:01:47,91282CKF7,TSRYS5774875,D,B,C,2024-04-23,3000000.00,4.636045,96.99609375
08:01:47,91282CKF7,TSRYS5774875,D,S,D,2024-04-23,3000000.00,4.636045,96.99609375
08:01:47,91282CKF7,TSRYS5774875,D,S,D,2024-04-23,1000000.00,4.634014,97.0078125
08:01:47,91282CKF7,TSRYS5774875,D,S,D,2024-04-23,1000000.00,4.634014,97.0078125
08:01:47,91282CKF7,TSRYS5774875,D,S,D,2024-04-23,1000000.00,4.634014,97.0078125
08:01:47,91282CKF7,TSRYS5774875,D,S,D,2024-04-23,1000000.00,4.634014,97.0078125
08:01:47,91282CKF7,TSRYS5774875,D,S,D,2024-04-23,1000000.00,4.635368,97.0
08:01:47,91282CKF7,TSRYS5774875,D,S,D,2024-04-23,1000000.00,4.635368,97.0
08:01:47,91282CKF7,TSRYS5774875,D,S,D,2024-04-23,2000000.00,4.635706,96.998046875
08:01:47,91282CKF7,TSRYS5774875,D,S,C,2024-04-23,1000000.00,4.637399,96.98828125
08:01:47,91282CKF7,TSRYS5774875,D,B,C,2024-04-23,1000000.00,4.637399,96.98828125
08:01:47,91282CKF7,TSRYS5774875,D,S,D,2024-04-23,1000000.00,4.637399,96.98828125
08:01:47,91282CKF7,TSRYS5774875,D,B,C,2024-04-23,1000000.00,4.637399,96.98828125
08:01:48,91282CKF7,TSRYS5774875,D,B,C,2024-04-23,1000000.00,4.647559,96.9296875
08:01:48,91282CKF7,TSRYS5774875,D,B,C,2024-04-23,21000000.00,4.644172,96.94921875
08:01:48,91282CKF7,TSRYS5774875,D,S,D,2024-04-23,21000000.00,4.644172,96.94921875
08:01:48,91282CKF7,TSRYS5774875,D,B,C,2024-04-23,3000000.00,4.645188,96.94335937
08:01:48,91282CKF7,TSRYS5774875,D,B,C,2024-04-23,3000000.00,4.645188,96.94335937
08:01:48,91282CKF7,TSRYS5774875,D,B,C,2024-04-23,1000000.00,4.645865,96.93945312
08:01:48,91282CKF7,TSRYS5774875,D,S,T,2024-04-23,1000000.00,4.651648,96.90612
08:01:48,91282CKF7,TSRYS5774875,D,S,T,2024-04-23,1000000.00,4.651648,96.90612
08:01:48,91282CKF7,TSRYS5774875,D,S,T,2024-04-23,1000000.00,4.651648,96.90612
08:01:49,91282CKF7,TSRYS5774875,D,B,C,2024-04-23,3000000.00,4.645188,96.94335937
08:01:49,91282CKF7,TSRYS5774875,D,S,T,2024-04-23,1000000.00,4.651648,96.90612
08:01:49,91282CKF7,TSRYS5774875,D,S,T,2024-04-23,1000000.00,4.651648,96.90612
08:01:49,91282CKF7,TSRYS5774875,D,S,T,2024-04-23,1000000.00,4.651648,96.90612
08:01:49,91282CKF7,TSRYS5774875,D,S,D,2024-04-23,1000000.00,4.658744,96.86523437
08:01:49,91282CKF7,TSRYS5774875,D,S,D,2024-04-23,1000000.00,4.639769,96.974609375
08:01:49,91282CKF7,TSRYS5774875,D,B,C,2024-04-23,1000000.00,4.639769,96.974609375
08:01:49,91282CKF7,TSRYS5774875,D,S,T,2024-04-23,1000000.00,4.658744,96.86523437
08:01:49,91282CKF7,TSRYS5774875,D,S,T,2024-04-23,1000000.00,4.651648,96.90612
08:01:49,91282CKF7,TSRYS5774875,D,S,T,2024-04-23,1000000.00,4.658744,96.86523437
08:01:49,91282CKF7,TSRYS5774875,D,S,T,2024-04-23,1000000.00,4.658744,96.86523437
08:01:49,91282CKF7,TSRYS5774875,D,S,D,2024-04-23,1000000.00,4.658744,96.86523437
08:01:49,91282CKF7,TSRYS5774875,D,S,T,2024-04-23,1000000.00,4.658744,96.86523437
08:01:50,91282CKF7,TSRYS5774875,D,S,D,2024-04-23,1000000.00,4.658405,96.8671875
08:01:50,91282CKF7,TSRYS5774875,D,S,C,2024-04-23,1000000.00,4.658405,96.8671875
08:01:50,91282CKF7,TSRYS5774875,D,S,D,2024-04-23,1000000.00,4.640108,96.97265625
08:01:50,91282CKF7,TSRYS5774875,D,B,C,2024-04-23,1000000.00,4.640108,96.97265625
08:01:50,91282CKF7,TSRYS5774875,D,B,C,2024-04-23,1000000.00,4.658405,96.8671875
08:01:51,91282CKF7,TSRYS5774875,D,B,C,2024-04-23,1000000.00,4.658405,96.8671875
08:01:51,91282CKF7,TSRYS5774875,D,B,C,2024-04-23,1000000.00,4.655354,96.88476562
08:01:51,91282CKF7,TSRYS5774875,D,B,C,2024-04-23,1000000.00,4.655354,96.88476562
08:01:51,91282CKF7,TSRYS5774875,D,S,C,2024-04-23,1000000.00,4.656032,96.88085937
08:01:52,91282CKF7,TSRYS5774875,D,S,T,2024-04-23,1000000.00,4.659783,96.859245
08:01:52,91282CKF7,TSRYS5774875,D,S,T,2024-04-23,1000000.00,4.659783,96.859245
08:01:52,91282CKF7,TSRYS5774875,D,S,T,2024-04-23,1000000.00,4.659783,96.859245
08:01:52,91282CKF7,TSRYS5774875,D,S,C,2024-04-23,1000000.00,4.640785,96.96875
08:01:52,91282CKF7,TSRYS5774875,D,B,C,2024-04-23,1000000.00,4.640785,96.96875
08:01:52,91282CKF7,TSRYS5774875,D,S,T,2024-04-23,1000000.00,4.659783,96.859245
08:01:52,91282CKF7,TSRYS5774875,D,S,D,2024-04-23,1000000.00,4.655015,96.88671875
08:01:52,91282CKF7,TSRYS5774875,D,S,C,2024-04-23,1000000.00,4.641462,96.96484375
08:01:52,91282CKF7,TSRYS5774875,D,S,C,2024-04-23,1000000.00,4.641462,96.96484375
08:01:52,91282CKF7,TSRYS5774875,D,B,C,2024-04-23,1000000.00,4.641462,96.96484375
08:01:53,91282CKF7,TSRYS5774875,D,S,D,2024-04-23,1000000.00,4.641801,96.962890625
08:01:53,91282CKF7,TSRYS5774875,D,B,C,2024-04-23,1000000.00,4.641801,96.962890625
08:01:53,91282CKF7,TSRYS5774875,D,S,C,2024-04-23,1000000.00,4.641801,96.962890625
08:01:53,91282CKF7,TSRYS5774875,D,B,C,2024-04-23,1000000.00,4.641801,96.962890625
08:01:53,91282CKF7,TSRYS5774875,D,S,A,2024-04-23,500000.00,4.658405,96.8671875
08:01:54,91282CKF7,TSRYS5774875,D,S,D,2024-04-23,1000000.00,4.644172,96.94921875
08:01:54,91282CKF7,TSRYS5774875,D,S,C,2024-04-23,1000000.00,4.640785,96.96875
08:01:54,91282CKF7,TSRYS5774875,D,B,A,2024-04-23,573000.00,4.659761,96.859375
08:01:54,91282CKF7,TSRYS5774875,D,B,C,2024-04-23,1000000.00,4.638076,96.984375
08:01:54,91282CKF7,TSRYS5774875,D,S,C,2024-04-23,1000000.00,4.638076,96.984375
08:01:54,91282CKF7,TSRYS5774875,D,S,C,2024-04-23,1000000.00,4.638059,96.984475
08:01:54,91282CKF7,TSRYS5774875,D,B,C,2024-04-23,1000000.00,4.63812,96.984125
08:01:54,91282CKF7,TSRYS5774875,D,B,C,2024-04-23,1000000.00,4.650609,96.91210937
08:01:55,91282CKF7,TSRYS5774875,D,B,C,2024-04-23,1000000.00,4.638076,96.984375
08:01:55,91282CKF7,TSRYS5774875,D,S,C,2024-04-23,1000000.00,4.638033,96.984625
08:01:55,91282CKF7,TSRYS5774875,D,S,D,2024-04-23,1000000.00,4.638076,96.984375
08:01:55,91282CKF7,TSRYS5774875,D,B,C,2024-04-23,1000000.00,4.638076,96.984375
08:01:55,91282CKF7,TSRYS5774875,D,S,C,2024-04-23,1000000.00,4.638042,96.984575
08:01:56,91282CKF7,TSRYS5774875,D,B,C,2024-04-23,1000000.00,4.652981,96.8984375
08:01:56,91282CKF7,TSRYS5774875,D,B,C,2024-04-23,1000000.00,4.652981,96.8984375
08:01:56,91282CKF7,TSRYS5774875,D,B,C,2024-04-23,1000000.00,4.640785,96.96875
08:01:56,91282CKF7,TSRYS5774875,D,S,C,2024-04-23,1000000.00,4.640785,96.96875
08:01:56,91282CKF7,TSRYS5774875,D,B,C,2024-04-23,1000000.00,4.654337,96.890625
08:01:56,91282CKF7,TSRYS5774875,D,B,C,2024-04-23,1000000.00,4.655354,96.88476562
08:01:56,91282CKF7,TSRYS5774875,D,B,C,2024-04-23,1000000.00,4.652981,96.8984375
08:01:56,91282CKF7,TSRYS5774875,D,B,C,2024-04-23,1000000.00,4.643494,96.953125
08:01:56,91282CKF7,TSRYS5774875,D,S,C,2024-04-23,1000000.00,4.64346,96.953325
08:01:56,91282CKF7,TSRYS5774875,D,B,C,2024-04-23,1000000.00,4.643494,96.953125
08:01:56,91282CKF7,TSRYS5774875,D,S,D,2024-04-23,1000000.00,4.643494,96.953125
08:01:56,91282CKF7,TSRYS5774875,D,B,C,2024-04-23,1000000.00,4.64352,96.952975
08:01:56,91282CKF7,TSRYS5774875,D,S,D,2024-04-23,1000000.00,4.643494,96.953125
08:01:56,91282CKF7,TSRYS5774875,D,S,D,2024-04-23,1000000.00,4.64451,96.947265625
08:01:56,91282CKF7,TSRYS5774875,D,S,D,2024-04-23,1000000.00,4.64451,96.947265625
08:01:56,91282CKF7,TSRYS5774875,D,S,C,2024-04-23,1000000.00,4.644849,96.9453125
08:01:56,91282CKF7,TSRYS5774875,D,S,C,2024-04-23,3000000.00,4.644849,96.9453125
08:01:56,91282CKF7,TSRYS5774875,D,B,C,2024-04-23,1000000.00,4.643512,96.953025
08:01:56,91282CKF7,TSRYS5774875,D,S,C,2024-04-23,1000000.00,4.643494,96.953125
08:01:56,91282CKF7,TSRYS5774875,D,S,D,2024-04-23,1000000.00,4.643833,96.951171875
08:01:56,91282CKF7,TSRYS5774875,D,S,D,2024-04-23,1000000.00,4.643833,96.951171875
