tradeTime,cusip,issueSymbolIdentifier,priceType,reportingSideCode,contraPartyTypeCode,tradeDate,reportedTradeVolume,lastSaleYield,lastSalePrice
08:00:04,91282CKU4,TSRYS5814781,D,S,D,2024-06-14,1000000.00,4.24012,102.294921875
08:00:04,91282CKU4,TSRYS5814781,D,S,D,2024-06-14,1000000.00,4.24012,102.294921875
08:00:04,91282CKU4,TSRYS5814781,D,S,D,2024-06-14,1000000.00,4.24012,102.294921875
08:00:04,91282CKU4,TSRYS5814781,D,S,D,2024-06-14,1000000.00,4.24012,102.294921875
08:00:04,91282CKU4,TSRYS5814781,D,S,D,2024-06-14,1000000.00,4.24012,102.294921875
08:00:04,91282CKU4,TSRYS5814781,D,S,D,2024-06-14,1000000.00,4.24012,102.294921875
08:00:04,91282CKU4,TSRYS5814781,D,S,D,2024-06-14,1000000.00,4.237537,102.310546875
08:00:04,91282CKU4,TSRYS5814781,D,S,T,2024-06-14,1000000.00,4.237537,102.310546875
08:00:04,91282CKU4,TSRYS5814781,D,S,T,2024-06-14,1000000.00,4.235923,102.3203125
08:00:04,91282CKU4,TSRYS5814781,D,S,T,2024-06-14,2000000.00,4.234954,102.326171875
08:00:04,91282CKU4,TSRYS5814781,D,S,T,2024-06-14,2000000.00,4.234954,102.326171875
08:00:04,91282CKU4,TSRYS5814781,D,S,T,2024-06-14,2000000.00,4.234954,102.326171875
08:00:04,91282CKU4,TSRYS5814781,D,S,T,2024-06-14,1000000.00,4.234954,102.326171875
08:00:04,91282CKU4,TSRYS5814781,D,S,T,2024-06-14,2000000.00,4.237214,102.3125
08:00:04,91282CKU4,TSRYS5814781,D,S,T,2024-06-14,2000000.00,4.237214,102.3125
08:00:04,91282CKU4,TSRYS5814781,D,S,T,2024-06-14,1000000.00,4.242381,102.28125
08:00:04,91282CKU4,TSRYS5814781,D,S,T,2024-06-14,1000000.00,4.242381,102.28125
08:00:04,91282CKU4,TSRYS5814781,D,S,T,2024-06-14,1000000.00,4.242381,102.28125
08:00:04,91282CKU4,TSRYS5814781,D,S,T,2024-06-14,2000000.00,4.242381,102.28125
08:00:04,91282CKU4,TSRYS5814781,D,S,T,2024-06-14,2000000.00,4.242381,102.28125
08:00:04,91282CKU4,TSRYS5814781,D,S,D,2024-06-14,2000000.00,4.242381,102.28125
08:00:04,91282CKU4,TSRYS5814781,D,S,T,2024-06-14,2000000.00,4.242381,102.28125
08:00:04,91282CKU4,TSRYS5814781,D,S,D,2024-06-14,2000000.00,4.242381,102.28125
08:00:04,91282CKU4,TSRYS5814781,D,S,T,2024-06-14,2000000.00,4.247226,102.251953125
08:00:04,91282CKU4,TSRYS5814781,D,S,T,2024-06-14,2000000.00,4.247226,102.251953125
08:00:04,91282CKU4,TSRYS5814781,D,S,T,2024-06-14,2000000.00,4.247226,102.251953125
08:00:04,91282CKU4,TSRYS5814781,D,S,T,2024-06-14,2000000.00,4.247226,102.251953125
08:00:04,91282CKU4,TSRYS5814781,D,S,T,2024-06-14,2000000.00,4.247226,102.251953125
08:00:04,91282CKU4,TSRYS5814781,D,S,T,2024-06-14,1000000.00,4.247226,102.251953125
08:00:04,91282CKU4,TSRYS5814781,D,S,T,2024-06-14,1000000.00,4.248841,102.2421875
08:00:04,91282CKU4,TSRYS5814781,D,S,T,2024-06-14,1000000.00,4.249811,102.236328125
08:00:04,91282CKU4,TSRYS5814781,D,S,T,2024-06-14,1000000.00,4.249811,102.236328125
08:00:04,91282CKU4,TSRYS5814781,D,S,T,2024-06-14,1000000.00,4.250134,102.234375
08:00:04,91282CKU4,TSRYS5814781,D,S,T,2024-06-14,1000000.00,4.254658,102.20703125
08:00:04,91282CKU4,TSRYS5814781,D,S,T,2024-06-14,2000000.00,4.254658,102.20703125
08:00:04,91282CKU4,TSRYS5814781,D,S,T,2024-06-14,2000000.00,4.254658,102.20703125
08:00:04,91282CKU4,TSRYS5814781,D,S,T,2024-06-14,1000000.00,4.254658,102.20703125
08:00:04,91282CKU4,TSRYS5814781,D,S,T,2024-06-14,1000000.00,4.257245,102.19140625
08:00:04,91282CKU4,TSRYS5814781,D,S,T,2024-06-14,1000000.00,4.257245,102.19140625
08:00:04,91282CKU4,TSRYS5814781,D,S,T,2024-06-14,1000000.00,4.250457,102.232421875
08:00:04,91282CKU4,TSRYS5814781,D,S,T,2024-06-14,2000000.00,4.250457,102.232421875
08:00:04,91282CKU4,TSRYS5814781,D,S,T,2024-06-14,2000000.00,4.250134,102.234375
08:00:04,91282CKU4,TSRYS5814781,D,S,T,2024-06-14,1000000.00,4.250134,102.234375
08:00:04,91282CKU4,TSRYS5814781,D,S,T,2024-06-14,1000000.00,4.249811,102.236328125
08:00:04,91282CKU4,TSRYS5814781,D,S,T,2024-06-14,1000000.00,4.259508,102.177734375
08:00:04,91282CKU4,TSRYS5814781,D,S,T,2024-06-14,1000000.00,4.259508,102.177734375
08:00:04,91282CKU4,TSRYS5814781,D,S,T,2024-06-14,1000000.00,4.259508,102.177734375
08:00:04,91282CKU4,TSRYS5814781,D,S,T,2024-06-14,1000000.00,4.259508,102.177734375
08:00:04,91282CKU4,TSRYS5814781,D,S,D,2024-06-14,1000000.00,4.254658,102.20703125
08:00:04,91282CKU4,TSRYS5814781,D,S,D,2024-06-14,2000000.00,4.254658,102.20703125
08:00:04,91282CKU4,TSRYS5814781,D,S,T,2024-06-14,1000000.00,4.252719,102.21875
08:00:04,91282CKU4,TSRYS5814781,D,S,D,2024-06-14,2000000.00,4.252396,102.220703125
08:00:04,91282CKU4,TSRYS5814781,D,S,D,2024-06-14,2000000.00,4.252396,102.220703125
08:00:04,91282CKU4,TSRYS5814781,D,S,D,2024-06-14,1000000.00,4.252396,102.220703125
08:00:04,91282CKU4,TSRYS5814781,D,S,T,2024-06-14,1000000.00,4.252719,102.21875
08:00:04,91282CKU4,TSRYS5814781,D,S,D,2024-06-14,2000000.00,4.247549,102.25
08:00:04,91282CKU4,TSRYS5814781,D,S,D,2024-06-14,2000000.00,4.247549,102.25
08:00:04,91282CKU4,TSRYS5814781,D,S,T,2024-06-14,1000000.00,4.250134,102.234375
08:00:04,91282CKU4,TSRYS5814781,D,S,T,2024-06-14,1000000.00,4.247872,102.248046875
08:00:04,91282CKU4,TSRYS5814781,D,S,T,2024-06-14,1000000.00,4.250134,102.234375
08:00:04,91282CKU4,TSRYS5814781,D,S,T,2024-06-14,1000000.00,4.250457,102.232421875
08:00:04,91282CKU4,TSRYS5814781,D,S,T,2024-06-14,1000000.00,4.250457,102.232421875
08:00:04,91282CKU4,TSRYS5814781,D,S,T,2024-06-14,1000000.00,4.250134,102.234375
08:00:04,91282CKU4,TSRYS5814781,D,S,T,2024-06-14,1000000.00,4.250134,102.234375
08:00:04,91282CKU4,TSRYS5814781,D,S,T,2024-06-14,1000000.00,4.250134,102.234375
08:00:04,91282CKU4,TSRYS5814781,D,S,T,2024-06-14,1000000.00,4.250134,102.234375
08:00:04,91282CKU4,TSRYS5814781,D,S,T,2024-06-14,1000000.00,4.250134,102.234375
08:00:04,91282CKU4,TSRYS5814781,D,S,T,2024-06-14,1000000.00,4.250134,102.234375
08:00:04,91282CKU4,TSRYS5814781,D,S,T,2024-06-14,1000000.00,4.252396,102.220703125
08:00:04,91282CKU4,TSRYS5814781,D,S,T,2024-06-14,2000000.00,4.252396,102.220703125
08:00:04,91282CKU4,TSRYS5814781,D,S,T,2024-06-14,1000000.00,4.247549,102.25
08:00:04,91282CKU4,TSRYS5814781,D,S,T,2024-06-14,1000000.00,4.247549,102.25
08:00:04,91282CKU4,TSRYS5814781,D,S,T,2024-06-14,1000000.00,4.247549,102.25
08:00:04,91282CKU4,TSRYS5814781,D,S,T,2024-06-14,1000000.00,4.247549,102.25
08:00:04,91282CKU4,TSRYS5814781,D,S,D,2024-06-14,2000000.00,4.247549,102.25
08:00:04,91282CKU4,TSRYS5814781,D,S,T,2024-06-14,1000000.00,4.247549,102.25
08:00:04,91282CKU4,TSRYS5814781,D,S,T,2024-06-14,1000000.00,4.249811,102.236328125
08:00:04,91282CKU4,TSRYS5814781,D,S,D,2024-06-14,1000000.00,4.250134,102.234375
08:00:04,91282CKU4,TSRYS5814781,D,S,D,2024-06-14,1000000.00,4.260478,102.171875
08:00:04,91282CKU4,TSRYS5814781,D,S,D,2024-06-14,2000000.00,4.262095,102.162109375
08:00:04,91282CKU4,TSRYS5814781,D,S,T,2024-06-14,2000000.00,4.261771,102.1640625
08:00:04,91282CKU4,TSRYS5814781,D,S,T,2024-06-14,2000000.00,4.261771,102.1640625
08:00:04,91282CKU4,TSRYS5814781,D,S,D,2024-06-14,2000000.00,4.261771,102.1640625
08:00:04,91282CKU4,TSRYS5814781,D,S,D,2024-06-14,2000000.00,4.261771,102.1640625
08:00:04,91282CKU4,TSRYS5814781,D,S,D,2024-06-14,1000000.00,4.261771,102.1640625
08:00:04,91282CKU4,TSRYS5814781,D,S,T,2024-06-14,1000000.00,4.259508,102.177734375
08:00:04,91282CKU4,TSRYS5814781,D,S,T,2024-06-14,1000000.00,4.259508,102.177734375
08:00:04,91282CKU4,TSRYS5814781,D,S,T,2024-06-14,2000000.00,4.259508,102.177734375
08:00:04,91282CKU4,TSRYS5814781,D,S,T,2024-06-14,1000000.00,4.259508,102.177734375
08:00:04,91282CKU4,TSRYS5814781,D,S,T,2024-06-14,2000000.00,4.259508,102.177734375
08:00:04,91282CKU4,TSRYS5814781,D,S,T,2024-06-14,2000000.00,4.259508,102.177734375
08:00:04,91282CKU4,TSRYS5814781,D,S,T,2024-06-14,2000000.00,4.259508,102.177734375
08:00:04,91282CKU4,TSRYS5814781,D,S,T,2024-06-14,1000000.00,4.259508,102.177734375
08:00:04,91282CKU4,TSRYS5814781,D,S,D,2024-06-14,1000000.00,4.259831,102.17578125
08:00:04,91282CKU4,TSRYS5814781,D,S,T,2024-06-14,1000000.00,4.259508,102.177734375
08:00:04,91282CKU4,TSRYS5814781,D,S,T,2024-06-14,1000000.00,4.259508,102.177734375
08:00:04,91282CKU4,TSRYS5814781,D,S,T,2024-06-14,1000000.00,4.259508,102.177734375
08:00:04,91282CKU4,TSRYS5814781,D,S,T,2024-06-14,1000000.00,4.259508,102.177734375
08:00:04,91282CKU4,TSRYS5814781,D,S,T,2024-06-14,1000000.00,4.259184,102.1796875
08:00:04,91282CKU4,TSRYS5814781,D,S,D,2024-06-14,1000000.00,4.259184,102.1796875
08:00:04,91282CKU4,TSRYS5814781,D,S,T,2024-06-14,2000000.00,4.254658,102.20703125
08:00:04,91282CKU4,TSRYS5814781,D,S,T,2024-06-14,1000000.00,4.253042,102.216796875
08:00:04,91282CKU4,TSRYS5814781,D,S,T,2024-06-14,1000000.00,4.252719,102.21875
08:00:04,91282CKU4,TSRYS5814781,D,S,T,2024-06-14,1000000.00,4.252719,102.21875
08:00:04,91282CKU4,TSRYS5814781,D,S,T,2024-06-14,1000000.00,4.252073,102.22265625
08:00:04,91282CKU4,TSRYS5814781,D,S,T,2024-06-14,2000000.00,4.252073,102.22265625
08:00:04,91282CKU4,TSRYS5814781,D,S,T,2024-06-14,1000000.00,4.242381,102.28125
08:00:04,91282CKU4,TSRYS5814781,D,S,T,2024-06-14,1000000.00,4.242381,102.28125
08:00:04,91282CKU4,TSRYS5814781,D,S,T,2024-06-14,2000000.00,4.242381,102.28125
08:00:04,91282CKU4,TSRYS5814781,D,S,T,2024-06-14,2000000.00,4.23786,102.30859375
08:00:04,91282CKU4,TSRYS5814781,D,S,D,2024-06-14,2000000.00,4.237537,102.310546875
08:00:04,91282CKU4,TSRYS5814781,D,S,T,2024-06-14,2000000.00,4.237537,102.310546875
08:00:04,91282CKU4,TSRYS5814781,D,S,T,2024-06-14,2000000.00,4.237537,102.310546875
08:00:04,91282CKU4,TSRYS5814781,D,S,T,2024-06-14,2000000.00,4.237537,102.310546875
08:00:04,91282CKU4,TSRYS5814781,D,S,D,2024-06-14,2000000.00,4.237537,102.310546875
08:00:04,91282CKU4,TSRYS5814781,D,S,D,2024-06-14,2000000.00,4.237537,102.310546875
08:00:04,91282CKU4,TSRYS5814781,D,S,D,2024-06-14,2000000.00,4.237537,102.310546875
08:00:04,91282CKU4,TSRYS5814781,D,S,D,2024-06-14,1000000.00,4.237537,102.310546875
08:00:04,91282CKU4,TSRYS5814781,D,S,D,2024-06-14,2000000.00,4.237537,102.310546875
08:00:04,91282CKU4,TSRYS5814781,D,S,D,2024-06-14,1000000.00,4.233018,102.337890625
08:00:04,91282CKU4,TSRYS5814781,D,S,D,2024-06-14,2000000.00,4.233018,102.337890625
08:00:04,91282CKU4,TSRYS5814781,D,S,D,2024-06-14,1000000.00,4.233986,102.33203125
08:00:04,91282CKU4,TSRYS5814781,D,S,D,2024-06-14,1000000.00,4.233341,102.3359375
08:00:04,91282CKU4,TSRYS5814781,D,S,D,2024-06-14,1000000.00,4.238183,102.306640625
08:00:04,91282CKU4,TSRYS5814781,D,S,D,2024-06-14,1000000.00,4.238183,102.306640625
08:00:04,91282CKU4,TSRYS5814781,D,S,D,2024-06-14,1000000.00,4.240766,102.291015625
08:00:04,91282CKU4,TSRYS5814781,D,S,D,2024-06-14,1000000.00,4.240443,102.29296875
08:00:04,91282CKU4,TSRYS5814781,D,S,D,2024-06-14,1000000.00,4.240443,102.29296875
08:00:04,91282CKU4,TSRYS5814781,D,S,D,2024-06-14,1000000.00,4.240443,102.29296875
08:00:04,91282CKU4,TSRYS5814781,D,S,D,2024-06-14,1000000.00,4.240443,102.29296875
08:00:04,91282CKU4,TSRYS5814781,D,S,D,2024-06-14,1000000.00,4.240443,102.29296875
08:00:04,91282CKU4,TSRYS5814781,D,S,T,2024-06-14,1000000.00,4.238183,102.306640625
08:00:04,91282CKU4,TSRYS5814781,D,S,D,2024-06-14,1000000.00,4.238183,102.306640625
08:00:04,91282CKU4,TSRYS5814781,D,S,D,2024-06-14,1000000.00,4.238829,102.302734375
08:00:04,91282CKU4,TSRYS5814781,D,S,D,2024-06-14,1000000.00,4.238506,102.3046875
08:00:04,91282CKU4,TSRYS5814781,D,S,D,2024-06-14,1000000.00,4.238506,102.3046875
08:00:04,91282CKU4,TSRYS5814781,D,S,D,2024-06-14,1000000.00,4.238506,102.3046875
08:00:04,91282CKU4,TSRYS5814781,D,S,D,2024-06-14,1000000.00,4.238506,102.3046875
08:00:04,91282CKU4,TSRYS5814781,D,S,D,2024-06-14,1000000.00,4.238506,102.3046875
08:00:04,91282CKU4,TSRYS5814781,D,S,D,2024-06-14,1000000.00,4.238183,102.306640625
08:00:04,91282CKU4,TSRYS5814781,D,S,D,2024-06-14,1000000.00,4.238183,102.306640625
08:00:04,91282CKU4,TSRYS5814781,D,S,D,2024-06-14,1000000.00,4.220759,102.412109375
08:00:04,91282CKU4,TSRYS5814781,D,S,D,2024-06-14,2000000.00,4.221726,102.40625
08:00:04,91282CKU4,TSRYS5814781,D,S,T,2024-06-14,2000000.00,4.220759,102.412109375
08:00:04,91282CKU4,TSRYS5814781,D,S,D,2024-06-14,1000000.00,4.218179,102.427734375
08:00:04,91282CKU4,TSRYS5814781,D,S,D,2024-06-14,1000000.00,4.218179,102.427734375
08:00:04,91282CKU4,TSRYS5814781,D,S,D,2024-06-14,1000000.00,4.218179,102.427734375
08:00:04,91282CKU4,TSRYS5814781,D,S,D,2024-06-14,1000000.00,4.218179,102.427734375
08:00:08,91282CKU4,TSRYS5814781,D,S,D,2024-06-14,1000000.00,4.218179,102.427734375
08:00:08,91282CKU4,TSRYS5814781,D,S,D,2024-06-14,1000000.00,4.218179,102.427734375
08:00:08,91282CKU4,TSRYS5814781,D,S,D,2024-06-14,1000000.00,4.218179,102.427734375
08:00:08,91282CKU4,TSRYS5814781,D,S,D,2024-06-14,1000000.00,4.218179,102.427734375
08:00:08,91282CKU4,TSRYS5814781,D,S,D,2024-06-14,1000000.00,4.218179,102.427734375
08:00:08,91282CKU4,TSRYS5814781,D,S,D,2024-06-14,1000000.00,4.218179,102.427734375
08:00:08,91282CKU4,TSRYS5814781,D,S,D,2024-06-14,1000000.00,4.218179,102.427734375
08:00:08,91282CKU4,TSRYS5814781,D,S,D,2024-06-14,1000000.00,4.218179,102.427734375
08:00:08,91282CKU4,TSRYS5814781,D,S,T,2024-06-14,1000000.00,4.217212,102.43359375
08:00:08,91282CKU4,TSRYS5814781,D,S,D,2024-06-14,1000000.00,4.217534,102.431640625
08:00:08,91282CKU4,TSRYS5814781,D,S,D,2024-06-14,1000000.00,4.217534,102.431640625
08:00:08,91282CKU4,TSRYS5814781,D,S,D,2024-06-14,2000000.00,4.218179,102.427734375
08:00:08,91282CKU4,TSRYS5814781,D,S,D,2024-06-14,1000000.00,4.218179,102.427734375
08:00:08,91282CKU4,TSRYS5814781,D,S,D,2024-06-14,1000000.00,4.2156,102.443359375
08:00:08,91282CKU4,TSRYS5814781,D,S,D,2024-06-14,2000000.00,4.2156,102.443359375
08:00:08,91282CKU4,TSRYS5814781,D,S,D,2024-06-14,1000000.00,4.2156,102.443359375
08:00:08,91282CKU4,TSRYS5814781,D,S,D,2024-06-14,2000000.00,4.211732,102.466796875
08:00:08,91282CKU4,TSRYS5814781,D,S,D,2024-06-14,1000000.00,4.211732,102.466796875
08:00:08,91282CKU4,TSRYS5814781,D,S,D,2024-06-14,1000000.00,4.210121,102.4765625
08:00:08,91282CKU4,TSRYS5814781,D,S,T,2024-06-14,1000000.00,4.210121,102.4765625
08:00:08,91282CKU4,TSRYS5814781,D,S,D,2024-06-14,1000000.00,4.210765,102.47265625
08:00:08,91282CKU4,TSRYS5814781,D,S,D,2024-06-14,1000000.00,4.210765,102.47265625
08:00:08,91282CKU4,TSRYS5814781,D,S,D,2024-06-14,2000000.00,4.198203,102.548828125
08:00:08,91282CKU4,TSRYS5814781,D,S,D,2024-06-14,2000000.00,4.200135,102.537109375
08:00:08,91282CKU4,TSRYS5814781,D,S,D,2024-06-14,1000000.00,4.205932,102.501953125
08:00:08,91282CKU4,TSRYS5814781,D,S,D,2024-06-14,1000000.00,4.205932,102.501953125
08:00:08,91282CKU4,TSRYS5814781,D,S,D,2024-06-14,2000000.00,4.206254,102.5
08:00:08,91282CKU4,TSRYS5814781,D,S,D,2024-06-14,1000000.00,4.206254,102.5
08:00:08,91282CKU4,TSRYS5814781,D,S,D,2024-06-14,1000000.00,4.206254,102.5
08:00:08,91282CKU4,TSRYS5814781,D,S,D,2024-06-14,1000000.00,4.206254,102.5
08:00:08,91282CKU4,TSRYS5814781,D,S,D,2024-06-14,1000000.00,4.206254,102.5
08:00:08,91282CKU4,TSRYS5814781,D,S,D,2024-06-14,1000000.00,4.206254,102.5
08:00:08,91282CKU4,TSRYS5814781,D,S,D,2024-06-14,1000000.00,4.206254,102.5
08:00:08,91282CKU4,TSRYS5814781,D,S,D,2024-06-14,2000000.00,4.205932,102.501953125
08:00:08,91282CKU4,TSRYS5814781,D,S,D,2024-06-14,2000000.00,4.205932,102.501953125
08:00:08,91282CKU4,TSRYS5814781,D,S,D,2024-06-14,1000000.00,4.205932,102.501953125
08:00:08,91282CKU4,TSRYS5814781,D,S,T,2024-06-14,1000000.00,4.202711,102.521484375
08:00:08,91282CKU4,TSRYS5814781,D,S,D,2024-06-14,1000000.00,4.201101,102.53125
08:00:08,91282CKU4,TSRYS5814781,D,S,D,2024-06-14,1000000.00,4.201101,102.53125
08:00:08,91282CKU4,TSRYS5814781,D,S,D,2024-06-14,2000000.00,4.201101,102.53125
08:00:08,91282CKU4,TSRYS5814781,D,S,D,2024-06-14,1000000.00,4.204,102.513671875
08:00:08,91282CKU4,TSRYS5814781,D,S,D,2024-06-14,2000000.00,4.204,102.513671875
08:00:08,91282CKU4,TSRYS5814781,D,S,T,2024-06-14,1000000.00,4.197559,102.552734375
08:00:08,91282CKU4,TSRYS5814781,D,S,D,2024-06-14,1000000.00,4.192409,102.583984375
08:00:08,91282CKU4,TSRYS5814781,D,S,D,2024-06-14,1000000.00,4.194662,102.5703125
08:00:08,91282CKU4,TSRYS5814781,D,S,D,2024-06-14,2000000.00,4.194662,102.5703125
08:00:08,91282CKU4,TSRYS5814781,D,S,D,2024-06-14,1000000.00,4.194662,102.5703125
08:00:08,91282CKU4,TSRYS5814781,D,S,D,2024-06-14,1000000.00,4.194662,102.5703125
08:00:08,91282CKU4,TSRYS5814781,D,S,D,2024-06-14,1000000.00,4.194662,102.5703125
08:00:08,91282CKU4,TSRYS5814781,D,S,D,2024-06-14,1000000.00,4.194662,102.5703125
08:00:08,91282CKU4,TSRYS5814781,D,S,D,2024-06-14,2000000.00,4.194662,102.5703125
08:00:08,91282CKU4,TSRYS5814781,D,S,D,2024-06-14,1000000.00,4.19434,102.572265625
08:00:08,91282CKU4,TSRYS5814781,D,S,D,2024-06-14,1000000.00,4.196915,102.556640625
08:00:08,91282CKU4,TSRYS5814781,D,S,D,2024-06-14,2000000.00,4.197237,102.5546875
08:00:08,91282CKU4,TSRYS5814781,D,S,D,2024-06-14,1000000.00,4.197237,102.5546875
08:00:08,91282CKU4,TSRYS5814781,D,S,D,2024-06-14,1000000.00,4.196915,102.556640625
08:00:08,91282CKU4,TSRYS5814781,D,S,D,2024-06-14,1000000.00,4.199491,102.541015625
08:00:08,91282CKU4,TSRYS5814781,D,S,D,2024-06-14,2000000.00,4.199491,102.541015625
08:00:08,91282CKU4,TSRYS5814781,D,S,D,2024-06-14,1000000.00,4.201423,102.529296875
08:00:08,91282CKU4,TSRYS5814781,D,S,D,2024-06-14,1000000.00,4.201423,102.529296875
08:00:08,91282CKU4,TSRYS5814781,D,S,D,2024-06-14,1000000.00,4.201423,102.529296875
08:00:08,91282CKU4,TSRYS5814781,D,S,D,2024-06-14,1000000.00,4.204,102.513671875
08:00:08,91282CKU4,TSRYS5814781,D,S,D,2024-06-14,1000000.00,4.206254,102.5
08:00:08,91282CKU4,TSRYS5814781,D,S,D,2024-06-14,1000000.00,4.206254,102.5
08:00:08,91282CKU4,TSRYS5814781,D,S,D,2024-06-14,1000000.00,4.206254,102.5
08:00:08,91282CKU4,TSRYS5814781,D,S,D,2024-06-14,1000000.00,4.204,102.513671875
08:00:08,91282CKU4,TSRYS5814781,D,S,D,2024-06-14,1000000.00,4.199813,102.5390625
08:00:08,91282CKU4,TSRYS5814781,D,S,D,2024-06-14,1000000.00,4.200457,102.53515625
08:00:08,91282CKU4,TSRYS5814781,D,S,D,2024-06-14,1000000.00,4.206577,102.498046875
08:00:08,91282CKU4,TSRYS5814781,D,S,D,2024-06-14,1000000.00,4.202067,102.525390625
08:00:08,91282CKU4,TSRYS5814781,D,S,T,2024-06-14,1000000.00,4.201745,102.52734375
08:00:08,91282CKU4,TSRYS5814781,D,S,D,2024-06-14,1000000.00,4.200457,102.53515625
08:00:08,91282CKU4,TSRYS5814781,D,S,D,2024-06-14,2000000.00,4.200457,102.53515625
08:00:08,91282CKU4,TSRYS5814781,D,S,D,2024-06-14,2000000.00,4.200457,102.53515625
08:00:08,91282CKU4,TSRYS5814781,D,S,D,2024-06-14,2000000.00,4.193696,102.576171875
08:00:08,91282CKU4,TSRYS5814781,D,S,D,2024-06-14,2000000.00,4.193696,102.576171875
08:00:08,91282CKU4,TSRYS5814781,D,S,D,2024-06-14,1000000.00,4.193696,102.576171875
08:00:08,91282CKU4,TSRYS5814781,D,S,D,2024-06-14,2000000.00,4.196271,102.560546875
08:00:08,91282CKU4,TSRYS5814781,D,S,D,2024-06-14,1000000.00,4.196271,102.560546875
08:00:08,91282CKU4,TSRYS5814781,D,S,D,2024-06-14,2000000.00,4.196271,102.560546875
08:00:08,91282CKU4,TSRYS5814781,D,S,D,2024-06-14,1000000.00,4.196271,102.560546875
08:00:08,91282CKU4,TSRYS5814781,D,S,D,2024-06-14,2000000.00,4.193052,102.580078125
08:00:08,91282CKU4,TSRYS5814781,D,S,D,2024-06-14,1000000.00,4.193052,102.580078125
08:00:08,91282CKU4,TSRYS5814781,D,S,D,2024-06-14,2000000.00,4.193374,102.578125
08:00:08,91282CKU4,TSRYS5814781,D,S,D,2024-06-14,2000000.00,4.193374,102.578125
08:00:08,91282CKU4,TSRYS5814781,D,S,D,2024-06-14,2000000.00,4.193374,102.578125
08:00:08,91282CKU4,TSRYS5814781,D,S,D,2024-06-14,2000000.00,4.193374,102.578125
08:00:08,91282CKU4,TSRYS5814781,D,S,D,2024-06-14,1000000.00,4.193374,102.578125
08:00:08,91282CKU4,TSRYS5814781,D,S,T,2024-06-14,2000000.00,4.198525,102.546875
08:00:08,91282CKU4,TSRYS5814781,D,S,T,2024-06-14,2000000.00,4.198525,102.546875
08:00:08,91282CKU4,TSRYS5814781,D,S,T,2024-06-14,1000000.00,4.198525,102.546875
08:00:08,91282CKU4,TSRYS5814781,D,S,T,2024-06-14,1000000.00,4.233341,102.3359375
08:00:08,91282CKU4,TSRYS5814781,D,S,T,2024-06-14,1000000.00,4.241089,102.2890625
08:00:08,91282CKU4,TSRYS5814781,D,S,T,2024-06-14,1000000.00,4.215277,102.4453125
08:00:08,91282CKU4,TSRYS5814781,D,S,T,2024-06-14,1000000.00,4.198525,102.546875
08:00:08,91282CKU4,TSRYS5814781,D,S,T,2024-06-14,1000000.00,4.199813,102.5390625
08:00:08,91282CKU4,TSRYS5814781,D,S,T,2024-06-14,1000000.00,4.199813,102.5390625
08:00:12,91282CKU4,TSRYS5814781,D,S,T,2024-06-14,1000000.00,4.24335,102.275390625
08:00:12,91282CKU4,TSRYS5814781,D,S,T,2024-06-14,1000000.00,4.244965,102.265625
08:00:12,91282CKU4,TSRYS5814781,D,S,T,2024-06-14,1000000.00,4.248518,102.244140625
08:00:12,91282CKU4,TSRYS5814781,D,S,T,2024-06-14,1000000.00,4.253042,102.216796875
08:00:12,91282CKU4,TSRYS5814781,D,S,T,2024-06-14,1000000.00,4.253689,102.212890625
08:00:12,91282CKU4,TSRYS5814781,D,S,T,2024-06-14,1000000.00,4.254982,102.205078125
08:00:12,91282CKU4,TSRYS5814781,D,S,T,2024-06-14,1000000.00,4.254982,102.205078125
08:00:12,91282CKU4,TSRYS5814781,D,S,T,2024-06-14,1000000.00,4.254012,102.2109375
08:00:12,91282CKU4,TSRYS5814781,D,S,T,2024-06-14,1000000.00,4.252719,102.21875
08:00:12,91282CKU4,TSRYS5814781,D,S,T,2024-06-14,1000000.00,4.255305,102.203125
08:00:12,91282CKU4,TSRYS5814781,D,S,T,2024-06-14,1000000.00,4.254012,102.2109375
08:00:12,91282CKU4,TSRYS5814781,D,S,A,2024-06-14,84000000.00,4.257063,102.19250372023
08:00:12,91282CKU4,TSRYS5814781,D,S,T,2024-06-14,1000000.00,4.259184,102.1796875
08:00:12,91282CKU4,TSRYS5814781,D,S,T,2024-06-14,2000000.00,4.235923,102.3203125
08:00:12,91282CKU4,TSRYS5814781,D,S,D,2024-06-14,1000000.00,4.238183,102.306640625
08:00:12,91282CKU4,TSRYS5814781,D,S,D,2024-06-14,1000000.00,4.23786,102.30859375
08:00:12,91282CKU4,TSRYS5814781,D,S,T,2024-06-14,1000000.00,4.23786,102.30859375
08:00:12,91282CKU4,TSRYS5814781,D,S,T,2024-06-14,1000000.00,4.23786,102.30859375
08:00:12,91282CKU4,TSRYS5814781,D,S,T,2024-06-14,1000000.00,4.23786,102.30859375
08:00:12,91282CKU4,TSRYS5814781,D,S,T,2024-06-14,1000000.00,4.23786,102.30859375
08:00:12,91282CKU4,TSRYS5814781,D,S,T,2024-06-14,1000000.00,4.234954,102.326171875
08:00:12,91282CKU4,TSRYS5814781,D,S,T,2024-06-14,1000000.00,4.238506,102.3046875
08:00:12,91282CKU4,TSRYS5814781,D,S,T,2024-06-14,1000000.00,4.239797,102.296875
08:00:12,91282CKU4,TSRYS5814781,D,S,T,2024-06-14,1000000.00,4.246257,102.2578125
08:00:12,91282CKU4,TSRYS5814781,D,S,T,2024-06-14,1000000.00,4.246257,102.2578125
08:00:12,91282CKU4,TSRYS5814781,D,S,T,2024-06-14,1000000.00,4.244965,102.265625
08:00:12,91282CKU4,TSRYS5814781,D,S,T,2024-06-14,1000000.00,4.245288,102.263671875
08:00:12,91282CKU4,TSRYS5814781,D,S,T,2024-06-14,1000000.00,4.244965,102.265625
08:00:12,91282CKU4,TSRYS5814781,D,S,T,2024-06-14,1000000.00,4.245288,102.263671875
08:00:12,91282CKU4,TSRYS5814781,D,S,T,2024-06-14,1000000.00,4.244965,102.265625
08:00:12,91282CKU4,TSRYS5814781,D,S,D,2024-06-14,1000000.00,4.247226,102.251953125
08:00:12,91282CKU4,TSRYS5814781,D,S,D,2024-06-14,1000000.00,4.247226,102.251953125
08:00:12,91282CKU4,TSRYS5814781,D,S,D,2024-06-14,1000000.00,4.247226,102.251953125
08:00:12,91282CKU4,TSRYS5814781,D,S,D,2024-06-14,1000000.00,4.247226,102.251953125
08:00:12,91282CKU4,TSRYS5814781,D,S,D,2024-06-14,1000000.00,4.247226,102.251953125
08:00:12,91282CKU4,TSRYS5814781,D,S,D,2024-06-14,1000000.00,4.247226,102.251953125
08:00:12,91282CKU4,TSRYS5814781,D,S,D,2024-06-14,1000000.00,4.247226,102.251953125
08:00:12,91282CKU4,TSRYS5814781,D,S,D,2024-06-14,1000000.00,4.247226,102.251953125
08:00:12,91282CKU4,TSRYS5814781,D,S,D,2024-06-14,1000000.00,4.247226,102.251953125
08:00:12,91282CKU4,TSRYS5814781,D,S,T,2024-06-14,1000000.00,4.247226,102.251953125
08:00:12,91282CKU4,TSRYS5814781,D,S,T,2024-06-14,1000000.00,4.247226,102.251953125
08:00:12,91282CKU4,TSRYS5814781,D,S,T,2024-06-14,1000000.00,4.247226,102.251953125
08:00:12,91282CKU4,TSRYS5814781,D,S,T,2024-06-14,1000000.00,4.247226,102.251953125
08:00:12,91282CKU4,TSRYS5814781,D,S,T,2024-06-14,1000000.00,4.247226,102.251953125
08:00:12,91282CKU4,TSRYS5814781,D,S,T,2024-06-14,1000000.00,4.247226,102.251953125
08:00:12,91282CKU4,TSRYS5814781,D,S,T,2024-06-14,1000000.00,4.250134,102.234375
08:00:12,91282CKU4,TSRYS5814781,D,S,T,2024-06-14,3000000.00,4.250134,102.234375
08:00:12,91282CKU4,TSRYS5814781,D,S,T,2024-06-14,1000000.00,4.249811,102.236328125
08:00:12,91282CKU4,TSRYS5814781,D,S,T,2024-06-14,1000000.00,4.249488,102.23828125
08:00:12,91282CKU4,TSRYS5814781,D,S,T,2024-06-14,1000000.00,4.249488,102.23828125
08:00:12,91282CKU4,TSRYS5814781,D,S,T,2024-06-14,1000000.00,4.249811,102.236328125
08:00:12,91282CKU4,TSRYS5814781,D,S,T,2024-06-14,1000000.00,4.249811,102.236328125
08:00:12,91282CKU4,TSRYS5814781,D,S,T,2024-06-14,1000000.00,4.249811,102.236328125
08:00:12,91282CKU4,TSRYS5814781,D,S,T,2024-06-14,1000000.00,4.254658,102.20703125
08:00:12,91282CKU4,TSRYS5814781,D,S,T,2024-06-14,1000000.00,4.254658,102.20703125
08:00:12,91282CKU4,TSRYS5814781,D,S,T,2024-06-14,1000000.00,4.254012,102.2109375
08:00:12,91282CKU4,TSRYS5814781,D,S,T,2024-06-14,1000000.00,4.257245,102.19140625
08:00:12,91282CKU4,TSRYS5814781,D,S,T,2024-06-14,1000000.00,4.257245,102.19140625
08:00:12,91282CKU4,TSRYS5814781,D,S,D,2024-06-14,1000000.00,4.252396,102.220703125
08:00:12,91282CKU4,TSRYS5814781,D,S,D,2024-06-14,1000000.00,4.249811,102.236328125
08:00:12,91282CKU4,TSRYS5814781,D,S,D,2024-06-14,1000000.00,4.252396,102.220703125
08:00:12,91282CKU4,TSRYS5814781,D,S,T,2024-06-14,1000000.00,4.252396,102.220703125
08:00:12,91282CKU4,TSRYS5814781,D,S,T,2024-06-14,1000000.00,4.256598,102.1953125
08:00:12,91282CKU4,TSRYS5814781,D,S,T,2024-06-14,1000000.00,4.256598,102.1953125
08:00:12,91282CKU4,TSRYS5814781,D,S,T,2024-06-14,1000000.00,4.256598,102.1953125
08:00:12,91282CKU4,TSRYS5814781,D,S,T,2024-06-14,1000000.00,4.259184,102.1796875
08:00:12,91282CKU4,TSRYS5814781,D,S,T,2024-06-14,1000000.00,4.259184,102.1796875
08:00:12,91282CKU4,TSRYS5814781,D,S,T,2024-06-14,1000000.00,4.259184,102.1796875
08:00:12,91282CKU4,TSRYS5814781,D,S,T,2024-06-14,1000000.00,4.257891,102.1875
08:00:12,91282CKU4,TSRYS5814781,D,S,T,2024-06-14,1000000.00,4.257891,102.1875
08:00:12,91282CKU4,TSRYS5814781,D,S,C,2024-06-14,150MM+,4.206254,102.5
08:00:12,91282CKU4,TSRYS5814781,D,S,D,2024-06-14,1000000.00,4.254982,102.205078125
08:00:12,91282CKU4,TSRYS5814781,D,S,D,2024-06-14,1000000.00,4.254982,102.205078125
08:00:12,91282CKU4,TSRYS5814781,D,S,T,2024-06-14,1000000.00,4.255305,102.203125
08:00:12,91282CKU4,TSRYS5814781,D,S,T,2024-06-14,1000000.00,4.255305,102.203125
08:00:12,91282CKU4,TSRYS5814781,D,S,T,2024-06-14,1000000.00,4.250134,102.234375
08:00:12,91282CKU4,TSRYS5814781,D,S,T,2024-06-14,1000000.00,4.250134,102.234375
08:00:12,91282CKU4,TSRYS5814781,D,S,T,2024-06-14,1000000.00,4.251426,102.2265625
08:00:12,91282CKU4,TSRYS5814781,D,S,T,2024-06-14,1000000.00,4.247549,102.25
08:00:12,91282CKU4,TSRYS5814781,D,S,T,2024-06-14,1000000.00,4.249811,102.236328125
08:00:12,91282CKU4,TSRYS5814781,D,S,T,2024-06-14,1000000.00,4.249811,102.236328125
08:00:12,91282CKU4,TSRYS5814781,D,S,T,2024-06-14,1000000.00,4.249811,102.236328125
08:00:12,91282CKU4,TSRYS5814781,D,S,T,2024-06-14,1000000.00,4.252396,102.220703125
08:00:12,91282CKU4,TSRYS5814781,D,S,T,2024-06-14,1000000.00,4.252073,102.22265625
08:00:12,91282CKU4,TSRYS5814781,D,S,T,2024-06-14,1000000.00,4.249811,102.236328125
08:00:12,91282CKU4,TSRYS5814781,D,S,T,2024-06-14,2000000.00,4.250134,102.234375
08:00:12,91282CKU4,TSRYS5814781,D,S,D,2024-06-14,1000000.00,4.261771,102.1640625
08:00:12,91282CKU4,TSRYS5814781,D,S,T,2024-06-14,1000000.00,4.261771,102.1640625
08:00:12,91282CKU4,TSRYS5814781,D,S,T,2024-06-14,1000000.00,4.261771,102.1640625
08:00:12,91282CKU4,TSRYS5814781,D,S,T,2024-06-14,1000000.00,4.254012,102.2109375
08:00:12,91282CKU4,TSRYS5814781,D,S,T,2024-06-14,1000000.00,4.254012,102.2109375
08:00:12,91282CKU4,TSRYS5814781,D,S,T,2024-06-14,2000000.00,4.247549,102.25
08:00:12,91282CKU4,TSRYS5814781,D,S,D,2024-06-14,1000000.00,4.23786,102.30859375
08:00:12,91282CKU4,TSRYS5814781,D,S,D,2024-06-14,1000000.00,4.23786,102.30859375
08:00:12,91282CKU4,TSRYS5814781,D,S,D,2024-06-14,1000000.00,4.238183,102.306640625
08:00:12,91282CKU4,TSRYS5814781,D,S,T,2024-06-14,1000000.00,4.238183,102.306640625
08:00:12,91282CKU4,TSRYS5814781,D,S,D,2024-06-14,1000000.00,4.238183,102.306640625
08:00:12,91282CKU4,TSRYS5814781,D,S,T,2024-06-14,2000000.00,4.235923,102.3203125
08:00:12,91282CKU4,TSRYS5814781,D,S,D,2024-06-14,1000000.00,4.2356,102.322265625
08:00:12,91282CKU4,TSRYS5814781,D,S,D,2024-06-14,1000000.00,4.240766,102.291015625
08:00:12,91282CKU4,TSRYS5814781,D,S,D,2024-06-14,1000000.00,4.240766,102.291015625
08:00:12,91282CKU4,TSRYS5814781,D,S,D,2024-06-14,1000000.00,4.240766,102.291015625
08:00:12,91282CKU4,TSRYS5814781,D,S,D,2024-06-14,1000000.00,4.240766,102.291015625
08:00:12,91282CKU4,TSRYS5814781,D,S,D,2024-06-14,1000000.00,4.240766,102.291015625
08:00:12,91282CKU4,TSRYS5814781,D,S,D,2024-06-14,1000000.00,4.240766,102.291015625
08:00:12,91282CKU4,TSRYS5814781,D,S,D,2024-06-14,1000000.00,4.240766,102.291015625
08:00:12,91282CKU4,TSRYS5814781,D,S,D,2024-06-14,1000000.00,4.240766,102.291015625
08:00:12,91282CKU4,TSRYS5814781,D,S,D,2024-06-14,1000000.00,4.240766,102.291015625
08:00:12,91282CKU4,TSRYS5814781,D,S,D,2024-06-14,1000000.00,4.240766,102.291015625
08:00:12,91282CKU4,TSRYS5814781,D,S,D,2024-06-14,1000000.00,4.240766,102.291015625
08:00:12,91282CKU4,TSRYS5814781,D,S,D,2024-06-14,1000000.00,4.240766,102.291015625
08:00:12,91282CKU4,TSRYS5814781,D,S,T,2024-06-14,1000000.00,4.240766,102.291015625
08:00:12,91282CKU4,TSRYS5814781,D,S,T,2024-06-14,1000000.00,4.240766,102.291015625
08:00:12,91282CKU4,TSRYS5814781,D,S,T,2024-06-14,1000000.00,4.240766,102.291015625
08:00:12,91282CKU4,TSRYS5814781,D,S,T,2024-06-14,1000000.00,4.240766,102.291015625
08:00:12,91282CKU4,TSRYS5814781,D,S,D,2024-06-14,1000000.00,4.240443,102.29296875
08:00:12,91282CKU4,TSRYS5814781,D,S,D,2024-06-14,1000000.00,4.238183,102.306640625
08:00:12,91282CKU4,TSRYS5814781,D,S,D,2024-06-14,1000000.00,4.238183,102.306640625
08:00:12,91282CKU4,TSRYS5814781,D,S,T,2024-06-14,1000000.00,4.238183,102.306640625
08:00:12,91282CKU4,TSRYS5814781,D,S,D,2024-06-14,1000000.00,4.240766,102.291015625
08:00:12,91282CKU4,TSRYS5814781,D,S,T,2024-06-14,1000000.00,4.223016,102.3984375
08:00:12,91282CKU4,TSRYS5814781,D,S,T,2024-06-14,1000000.00,4.223016,102.3984375
08:00:12,91282CKU4,TSRYS5814781,D,S,T,2024-06-14,1000000.00,4.223016,102.3984375
08:00:12,91282CKU4,TSRYS5814781,D,S,T,2024-06-14,1000000.00,4.220436,102.4140625
08:00:12,91282CKU4,TSRYS5814781,D,S,D,2024-06-14,1000000.00,4.221404,102.408203125
08:00:12,91282CKU4,TSRYS5814781,D,S,T,2024-06-14,1000000.00,4.216567,102.4375
08:00:12,91282CKU4,TSRYS5814781,D,S,T,2024-06-14,1000000.00,4.221404,102.408203125
08:00:12,91282CKU4,TSRYS5814781,D,S,T,2024-06-14,1000000.00,4.221404,102.408203125
08:00:12,91282CKU4,TSRYS5814781,D,S,D,2024-06-14,1000000.00,4.221404,102.408203125
08:00:12,91282CKU4,TSRYS5814781,D,S,D,2024-06-14,1000000.00,4.221404,102.408203125
08:00:12,91282CKU4,TSRYS5814781,D,S,T,2024-06-14,1000000.00,4.221404,102.408203125
08:00:12,91282CKU4,TSRYS5814781,D,S,T,2024-06-14,1000000.00,4.221404,102.408203125
08:00:12,91282CKU4,TSRYS5814781,D,S,T,2024-06-14,1000000.00,4.221404,102.408203125
08:00:12,91282CKU4,TSRYS5814781,D,S,T,2024-06-14,1000000.00,4.221404,102.408203125
08:00:12,91282CKU4,TSRYS5814781,D,S,T,2024-06-14,1000000.00,4.221404,102.408203125
08:00:12,91282CKU4,TSRYS5814781,D,S,T,2024-06-14,1000000.00,4.222694,102.400390625
08:00:12,91282CKU4,TSRYS5814781,D,S,T,2024-06-14,1000000.00,4.221726,102.40625
08:00:12,91282CKU4,TSRYS5814781,D,S,T,2024-06-14,1000000.00,4.221726,102.40625
08:00:12,91282CKU4,TSRYS5814781,D,S,D,2024-06-14,1000000.00,4.221404,102.408203125
08:00:12,91282CKU4,TSRYS5814781,D,S,D,2024-06-14,1000000.00,4.220114,102.416015625
08:00:12,91282CKU4,TSRYS5814781,D,S,D,2024-06-14,1000000.00,4.220114,102.416015625
08:00:12,91282CKU4,TSRYS5814781,D,S,T,2024-06-14,1000000.00,4.217857,102.4296875
08:00:12,91282CKU4,TSRYS5814781,D,S,D,2024-06-14,2000000.00,4.190799,102.59375
08:00:12,91282CKU4,TSRYS5814781,D,S,T,2024-06-14,1000000.00,4.217534,102.431640625
08:00:12,91282CKU4,TSRYS5814781,D,S,T,2024-06-14,1000000.00,4.217534,102.431640625
08:00:12,91282CKU4,TSRYS5814781,D,S,D,2024-06-14,1000000.00,4.213666,102.455078125
08:00:12,91282CKU4,TSRYS5814781,D,S,D,2024-06-14,1000000.00,4.213666,102.455078125
08:00:12,91282CKU4,TSRYS5814781,D,S,T,2024-06-14,1000000.00,4.212699,102.4609375
08:00:12,91282CKU4,TSRYS5814781,D,S,D,2024-06-14,1000000.00,4.212377,102.462890625
08:00:12,91282CKU4,TSRYS5814781,D,S,T,2024-06-14,1000000.00,4.212377,102.462890625
08:00:12,91282CKU4,TSRYS5814781,D,S,T,2024-06-14,1000000.00,4.212377,102.462890625
08:00:12,91282CKU4,TSRYS5814781,D,S,D,2024-06-14,1000000.00,4.209799,102.478515625
08:00:12,91282CKU4,TSRYS5814781,D,S,D,2024-06-14,1000000.00,4.212377,102.462890625
08:00:12,91282CKU4,TSRYS5814781,D,S,D,2024-06-14,1000000.00,4.212377,102.462890625
08:00:12,91282CKU4,TSRYS5814781,D,S,D,2024-06-14,1000000.00,4.212377,102.462890625
08:00:12,91282CKU4,TSRYS5814781,D,S,D,2024-06-14,1000000.00,4.212377,102.462890625
08:00:12,91282CKU4,TSRYS5814781,D,S,D,2024-06-14,1000000.00,4.209799,102.478515625
08:00:12,91282CKU4,TSRYS5814781,D,S,D,2024-06-14,1000000.00,4.197881,102.55078125
08:00:12,91282CKU4,TSRYS5814781,D,S,D,2024-06-14,1000000.00,4.197881,102.55078125
08:00:12,91282CKU4,TSRYS5814781,D,S,D,2024-06-14,1000000.00,4.197881,102.55078125
08:00:12,91282CKU4,TSRYS5814781,D,S,D,2024-06-14,1000000.00,4.197881,102.55078125
08:00:12,91282CKU4,TSRYS5814781,D,S,D,2024-06-14,1000000.00,4.197881,102.55078125
08:00:12,91282CKU4,TSRYS5814781,D,S,D,2024-06-14,1000000.00,4.197881,102.55078125
08:00:12,91282CKU4,TSRYS5814781,D,S,D,2024-06-14,1000000.00,4.197881,102.55078125
08:00:12,91282CKU4,TSRYS5814781,D,S,T,2024-06-14,1000000.00,4.197881,102.55078125
08:00:12,91282CKU4,TSRYS5814781,D,S,T,2024-06-14,1000000.00,4.197881,102.55078125
08:00:12,91282CKU4,TSRYS5814781,D,S,T,2024-06-14,1000000.00,4.197881,102.55078125
08:00:12,91282CKU4,TSRYS5814781,D,S,T,2024-06-14,1000000.00,4.195949,102.5625
08:00:12,91282CKU4,TSRYS5814781,D,S,T,2024-06-14,1000000.00,4.200779,102.533203125
08:00:12,91282CKU4,TSRYS5814781,D,S,T,2024-06-14,1000000.00,4.198525,102.546875
08:00:12,91282CKU4,TSRYS5814781,D,S,D,2024-06-14,1000000.00,4.198203,102.548828125
08:00:12,91282CKU4,TSRYS5814781,D,S,D,2024-06-14,1000000.00,4.198203,102.548828125
08:00:12,91282CKU4,TSRYS5814781,D,S,D,2024-06-14,1000000.00,4.198203,102.548828125
08:00:12,91282CKU4,TSRYS5814781,D,S,T,2024-06-14,1000000.00,4.198203,102.548828125
08:00:12,91282CKU4,TSRYS5814781,D,S,T,2024-06-14,1000000.00,4.198203,102.548828125
08:00:12,91282CKU4,TSRYS5814781,D,S,T,2024-06-14,1000000.00,4.198203,102.548828125
08:00:12,91282CKU4,TSRYS5814781,D,S,T,2024-06-14,1000000.00,4.198203,102.548828125
08:00:12,91282CKU4,TSRYS5814781,D,S,T,2024-06-14,1000000.00,4.198203,102.548828125
08:00:12,91282CKU4,TSRYS5814781,D,S,T,2024-06-14,1000000.00,4.198203,102.548828125
08:00:12,91282CKU4,TSRYS5814781,D,S,D,2024-06-14,1000000.00,4.198203,102.548828125
08:00:12,91282CKU4,TSRYS5814781,D,S,T,2024-06-14,1000000.00,4.198203,102.548828125
08:00:12,91282CKU4,TSRYS5814781,D,S,T,2024-06-14,1000000.00,4.198203,102.548828125
08:00:12,91282CKU4,TSRYS5814781,D,S,T,2024-06-14,1000000.00,4.202389,102.5234375
08:00:12,91282CKU4,TSRYS5814781,D,S,T,2024-06-14,1000000.00,4.202389,102.5234375
08:00:12,91282CKU4,TSRYS5814781,D,S,T,2024-06-14,1000000.00,4.201101,102.53125
08:00:12,91282CKU4,TSRYS5814781,D,S,T,2024-06-14,1000000.00,4.201101,102.53125
08:00:12,91282CKU4,TSRYS5814781,D,S,T,2024-06-14,1000000.00,4.201101,102.53125
08:00:12,91282CKU4,TSRYS5814781,D,S,T,2024-06-14,1000000.00,4.201101,102.53125
08:00:12,91282CKU4,TSRYS5814781,D,S,D,2024-06-14,1000000.00,4.240443,102.29296875
08:00:12,91282CKU4,TSRYS5814781,D,S,T,2024-06-14,1000000.00,4.204644,102.509765625
08:00:16,91282CKU4,TSRYS5814781,D,B,C,2024-06-14,1000000.00,4.240443,102.29296875
08:00:16,91282CKU4,TSRYS5814781,D,S,T,2024-06-14,1000000.00,4.195949,102.5625
08:00:16,91282CKU4,TSRYS5814781,D,S,D,2024-06-14,1000000.00,4.195627,102.564453125
08:00:16,91282CKU4,TSRYS5814781,D,S,D,2024-06-14,1000000.00,4.195627,102.564453125
08:00:16,91282CKU4,TSRYS5814781,D,S,T,2024-06-14,1000000.00,4.195627,102.564453125
08:00:16,91282CKU4,TSRYS5814781,D,S,T,2024-06-14,2000000.00,4.193374,102.578125
08:00:16,91282CKU4,TSRYS5814781,D,S,D,2024-06-14,1000000.00,4.19434,102.572265625
08:00:16,91282CKU4,TSRYS5814781,D,S,D,2024-06-14,1000000.00,4.196915,102.556640625
08:00:16,91282CKU4,TSRYS5814781,D,S,D,2024-06-14,1000000.00,4.196593,102.55859375
08:00:16,91282CKU4,TSRYS5814781,D,S,T,2024-06-14,1000000.00,4.196593,102.55859375
08:00:16,91282CKU4,TSRYS5814781,D,S,T,2024-06-14,1000000.00,4.196593,102.55859375
08:00:16,91282CKU4,TSRYS5814781,D,S,D,2024-06-14,1000000.00,4.196915,102.556640625
08:00:16,91282CKU4,TSRYS5814781,D,S,D,2024-06-14,1000000.00,4.199169,102.54296875
08:00:16,91282CKU4,TSRYS5814781,D,S,D,2024-06-14,1000000.00,4.199169,102.54296875
08:00:16,91282CKU4,TSRYS5814781,D,S,T,2024-06-14,1000000.00,4.199169,102.54296875
08:00:16,91282CKU4,TSRYS5814781,D,S,D,2024-06-14,1000000.00,4.202067,102.525390625
08:00:16,91282CKU4,TSRYS5814781,D,S,D,2024-06-14,1000000.00,4.202067,102.525390625
08:00:16,91282CKU4,TSRYS5814781,D,S,D,2024-06-14,1000000.00,4.202067,102.525390625
08:00:16,91282CKU4,TSRYS5814781,D,S,D,2024-06-14,1000000.00,4.205932,102.501953125
08:00:16,91282CKU4,TSRYS5814781,D,S,D,2024-06-14,1000000.00,4.205932,102.501953125
08:00:16,91282CKU4,TSRYS5814781,D,S,T,2024-06-14,1000000.00,4.206254,102.5
08:00:16,91282CKU4,TSRYS5814781,D,S,T,2024-06-14,1000000.00,4.206254,102.5
08:00:16,91282CKU4,TSRYS5814781,D,S,T,2024-06-14,1000000.00,4.206254,102.5
08:00:16,91282CKU4,TSRYS5814781,D,S,D,2024-06-14,1000000.00,4.206254,102.5
08:00:16,91282CKU4,TSRYS5814781,D,S,D,2024-06-14,1000000.00,4.206254,102.5
08:00:16,91282CKU4,TSRYS5814781,D,S,T,2024-06-14,2000000.00,4.206254,102.5
08:00:16,91282CKU4,TSRYS5814781,D,S,T,2024-06-14,2000000.00,4.206254,102.5
08:00:16,91282CKU4,TSRYS5814781,D,S,T,2024-06-14,1000000.00,4.201101,102.53125
08:00:16,91282CKU4,TSRYS5814781,D,B,C,2024-06-14,1000000.00,4.2356,102.322265625
08:00:16,91282CKU4,TSRYS5814781,D,S,D,2024-06-14,1000000.00,4.2356,102.322265625
08:00:16,91282CKU4,TSRYS5814781,D,S,T,2024-06-14,5000000.00,4.189512,102.6015625
08:00:16,91282CKU4,TSRYS5814781,D,S,T,2024-06-14,1000000.00,4.195627,102.564453125
08:00:16,91282CKU4,TSRYS5814781,D,S,T,2024-06-14,1000000.00,4.195305,102.56640625
08:00:16,91282CKU4,TSRYS5814781,D,S,D,2024-06-14,1000000.00,4.193052,102.580078125
08:00:16,91282CKU4,TSRYS5814781,D,S,D,2024-06-14,1000000.00,4.193052,102.580078125
08:00:16,91282CKU4,TSRYS5814781,D,S,T,2024-06-14,1000000.00,4.193052,102.580078125
08:00:16,91282CKU4,TSRYS5814781,D,S,D,2024-06-14,1000000.00,4.193052,102.580078125
08:00:16,91282CKU4,TSRYS5814781,D,S,D,2024-06-14,1000000.00,4.193374,102.578125
08:00:16,91282CKU4,TSRYS5814781,D,S,T,2024-06-14,1000000.00,4.194662,102.5703125
08:00:16,91282CKU4,TSRYS5814781,D,S,T,2024-06-14,1000000.00,4.194662,102.5703125
08:00:16,91282CKU4,TSRYS5814781,D,S,T,2024-06-14,1000000.00,4.194662,102.5703125
08:00:16,91282CKU4,TSRYS5814781,D,S,T,2024-06-14,1000000.00,4.194662,102.5703125
08:00:16,91282CKU4,TSRYS5814781,D,S,T,2024-06-14,1000000.00,4.197881,102.55078125
08:00:16,91282CKU4,TSRYS5814781,D,S,T,2024-06-14,1000000.00,4.198203,102.548828125
08:00:16,91282CKU4,TSRYS5814781,D,S,T,2024-06-14,1000000.00,4.198203,102.548828125
08:00:16,91282CKU4,TSRYS5814781,D,S,T,2024-06-14,1000000.00,4.197881,102.55078125
08:00:16,91282CKU4,TSRYS5814781,D,S,T,2024-06-14,1000000.00,4.198203,102.548828125
08:00:16,91282CKU4,TSRYS5814781,D,S,T,2024-06-14,1000000.00,4.198203,102.548828125
08:00:16,91282CKU4,TSRYS5814781,D,S,T,2024-06-14,1000000.00,4.198203,102.548828125
08:00:16,91282CKU4,TSRYS5814781,D,S,T,2024-06-14,1000000.00,4.197881,102.55078125
08:00:16,91282CKU4,TSRYS5814781,D,S,T,2024-06-14,1000000.00,4.197881,102.55078125
08:00:16,91282CKU4,TSRYS5814781,D,S,T,2024-06-14,1000000.00,4.193052,102.580078125
08:00:16,91282CKU4,TSRYS5814781,D,S,D,2024-06-14,1000000.00,4.193052,102.580078125
08:00:16,91282CKU4,TSRYS5814781,D,S,T,2024-06-14,1000000.00,4.193052,102.580078125
08:00:16,91282CKU4,TSRYS5814781,D,S,T,2024-06-14,1000000.00,4.193052,102.580078125
08:00:16,91282CKU4,TSRYS5814781,D,S,T,2024-06-14,1000000.00,4.193052,102.580078125
08:00:16,91282CKU4,TSRYS5814781,D,S,T,2024-06-14,1000000.00,4.193052,102.580078125
08:00:16,91282CKU4,TSRYS5814781,D,S,T,2024-06-14,1000000.00,4.250134,102.234375
08:00:16,91282CKU4,TSRYS5814781,D,S,T,2024-06-14,1000000.00,4.248841,102.2421875
08:00:16,91282CKU4,TSRYS5814781,D,S,D,2024-06-14,1000000.00,4.235923,102.3203125
08:00:20,91282CKU4,TSRYS5814781,D,S,D,2024-06-14,1000000.00,4.237214,102.3125
08:00:20,91282CKU4,TSRYS5814781,D,S,D,2024-06-14,2000000.00,4.237214,102.3125
08:00:20,91282CKU4,TSRYS5814781,D,S,D,2024-06-14,1000000.00,4.235277,102.32421875
08:00:20,91282CKU4,TSRYS5814781,D,S,C,2024-06-14,1000000.00,4.235923,102.3203125
08:00:20,91282CKU4,TSRYS5814781,D,S,T,2024-06-14,1000000.00,4.242381,102.28125
08:00:20,91282CKU4,TSRYS5814781,D,S,T,2024-06-14,1000000.00,4.237214,102.3125
08:00:20,91282CKU4,TSRYS5814781,D,S,D,2024-06-14,2000000.00,4.237214,102.3125
08:00:20,91282CKU4,TSRYS5814781,D,S,D,2024-06-14,1000000.00,4.237214,102.3125
08:00:20,91282CKU4,TSRYS5814781,D,S,T,2024-06-14,1000000.00,4.23786,102.30859375
08:00:20,91282CKU4,TSRYS5814781,D,S,T,2024-06-14,1000000.00,4.23786,102.30859375
08:00:20,91282CKU4,TSRYS5814781,D,S,T,2024-06-14,1000000.00,4.237214,102.3125
08:00:20,91282CKU4,TSRYS5814781,D,S,A,2024-06-14,945000.00,4.239151,102.300781
08:00:20,91282CKU4,TSRYS5814781,D,S,T,2024-06-14,2000000.00,4.197237,102.5546875
08:00:20,91282CKU4,TSRYS5814781,D,S,T,2024-06-14,1000000.00,4.207543,102.4921875
08:00:20,91282CKU4,TSRYS5814781,D,S,T,2024-06-14,1000000.00,4.207543,102.4921875
08:00:20,91282CKU4,TSRYS5814781,D,S,T,2024-06-14,1000000.00,4.207543,102.4921875
08:00:20,91282CKU4,TSRYS5814781,D,S,T,2024-06-14,1000000.00,4.190799,102.59375
08:00:22,91282CKU4,TSRYS5814781,D,S,D,2024-06-14,1000000.00,4.249164,102.240234375
08:00:24,91282CKU4,TSRYS5814781,D,S,T,2024-06-14,1000000.00,4.261771,102.1640625
08:00:27,91282CKU4,TSRYS5814781,D,S,D,2024-06-14,1000000.00,4.253689,102.212890625
08:00:28,91282CKU4,TSRYS5814781,D,S,D,2024-06-14,5000000.00,4.257891,102.1875
08:00:28,91282CKU4,TSRYS5814781,D,S,D,2024-06-14,5000000.00,4.257891,102.1875
08:00:28,91282CKU4,TSRYS5814781,D,S,D,2024-06-14,3000000.00,4.257891,102.1875
08:00:29,91282CKU4,TSRYS5814781,D,S,D,2024-06-14,2000000.00,4.257891,102.1875
08:00:29,91282CKU4,TSRYS5814781,D,S,D,2024-06-14,1000000.00,4.255305,102.203125
08:00:30,91282CKU4,TSRYS5814781,D,S,D,2024-06-14,1000000.00,4.237214,102.3125
08:00:30,91282CKU4,TSRYS5814781,D,S,D,2024-06-14,1000000.00,4.237214,102.3125
08:00:30,91282CKU4,TSRYS5814781,D,S,T,2024-06-14,1000000.00,4.239797,102.296875
08:00:30,91282CKU4,TSRYS5814781,D,S,T,2024-06-14,1000000.00,4.237214,102.3125
08:00:30,91282CKU4,TSRYS5814781,D,S,T,2024-06-14,1000000.00,4.237214,102.3125
08:00:30,91282CKU4,TSRYS5814781,D,S,T,2024-06-14,1000000.00,4.235923,102.3203125
08:00:30,91282CKU4,TSRYS5814781,D,S,D,2024-06-14,1000000.00,4.234954,102.326171875
08:00:30,91282CKU4,TSRYS5814781,D,S,T,2024-06-14,1000000.00,4.234632,102.328125
08:00:30,91282CKU4,TSRYS5814781,D,S,T,2024-06-14,1000000.00,4.237214,102.3125
08:00:30,91282CKU4,TSRYS5814781,D,S,D,2024-06-14,2000000.00,4.237214,102.3125
08:00:30,91282CKU4,TSRYS5814781,D,S,D,2024-06-14,1000000.00,4.237537,102.310546875
08:00:30,91282CKU4,TSRYS5814781,D,S,D,2024-06-14,1000000.00,4.237537,102.310546875
08:00:30,91282CKU4,TSRYS5814781,D,S,T,2024-06-14,1000000.00,4.238183,102.306640625
08:00:30,91282CKU4,TSRYS5814781,D,S,T,2024-06-14,1000000.00,4.23786,102.30859375
08:00:30,91282CKU4,TSRYS5814781,D,S,D,2024-06-14,1000000.00,4.234954,102.326171875
08:00:30,91282CKU4,TSRYS5814781,D,S,T,2024-06-14,1000000.00,4.242381,102.28125
08:00:30,91282CKU4,TSRYS5814781,D,S,T,2024-06-14,1000000.00,4.242381,102.28125
08:00:30,91282CKU4,TSRYS5814781,D,S,D,2024-06-14,2000000.00,4.242381,102.28125
08:00:30,91282CKU4,TSRYS5814781,D,S,T,2024-06-14,1000000.00,4.245611,102.26171875
08:00:30,91282CKU4,TSRYS5814781,D,S,T,2024-06-14,1000000.00,4.245288,102.263671875
08:00:30,91282CKU4,TSRYS5814781,D,S,T,2024-06-14,1000000.00,4.244965,102.265625
08:00:30,91282CKU4,TSRYS5814781,D,S,T,2024-06-14,1000000.00,4.250134,102.234375
08:00:30,91282CKU4,TSRYS5814781,D,S,T,2024-06-14,2000000.00,4.250134,102.234375
08:00:30,91282CKU4,TSRYS5814781,D,S,T,2024-06-14,1000000.00,4.250134,102.234375
08:00:30,91282CKU4,TSRYS5814781,D,S,T,2024-06-14,1000000.00,4.250134,102.234375
08:00:30,91282CKU4,TSRYS5814781,D,S,T,2024-06-14,1000000.00,4.250134,102.234375
08:00:30,91282CKU4,TSRYS5814781,D,S,T,2024-06-14,1000000.00,4.249488,102.23828125
08:00:30,91282CKU4,TSRYS5814781,D,S,D,2024-06-14,1000000.00,4.254658,102.20703125
08:00:30,91282CKU4,TSRYS5814781,D,S,T,2024-06-14,3000000.00,4.254012,102.2109375
08:00:30,91282CKU4,TSRYS5814781,D,S,D,2024-06-14,1000000.00,4.249811,102.236328125
08:00:30,91282CKU4,TSRYS5814781,D,S,D,2024-06-14,1000000.00,4.252073,102.22265625
08:00:30,91282CKU4,TSRYS5814781,D,S,T,2024-06-14,1000000.00,4.254012,102.2109375
08:00:30,91282CKU4,TSRYS5814781,D,S,T,2024-06-14,1000000.00,4.254012,102.2109375
08:00:30,91282CKU4,TSRYS5814781,D,S,T,2024-06-14,1000000.00,4.254012,102.2109375
08:00:30,91282CKU4,TSRYS5814781,D,S,T,2024-06-14,1000000.00,4.254012,102.2109375
08:00:30,91282CKU4,TSRYS5814781,D,S,T,2024-06-14,1000000.00,4.254335,102.208984375
08:00:30,91282CKU4,TSRYS5814781,D,S,T,2024-06-14,1000000.00,4.254335,102.208984375
08:00:30,91282CKU4,TSRYS5814781,D,S,D,2024-06-14,1000000.00,4.254658,102.20703125
08:00:30,91282CKU4,TSRYS5814781,D,S,D,2024-06-14,1000000.00,4.254658,102.20703125
08:00:30,91282CKU4,TSRYS5814781,D,S,D,2024-06-14,1000000.00,4.254658,102.20703125
08:00:30,91282CKU4,TSRYS5814781,D,S,T,2024-06-14,1000000.00,4.259184,102.1796875
08:00:30,91282CKU4,TSRYS5814781,D,S,T,2024-06-14,1000000.00,4.259184,102.1796875
08:00:30,91282CKU4,TSRYS5814781,D,S,T,2024-06-14,1000000.00,4.259184,102.1796875
08:00:30,91282CKU4,TSRYS5814781,D,S,D,2024-06-14,1000000.00,4.259508,102.177734375
08:00:30,91282CKU4,TSRYS5814781,D,S,D,2024-06-14,3000000.00,4.259508,102.177734375
08:00:30,91282CKU4,TSRYS5814781,D,S,D,2024-06-14,1000000.00,4.259508,102.177734375
08:00:30,91282CKU4,TSRYS5814781,D,S,T,2024-06-14,1000000.00,4.261771,102.1640625
08:00:30,91282CKU4,TSRYS5814781,D,S,T,2024-06-14,1000000.00,4.258861,102.181640625
08:00:30,91282CKU4,TSRYS5814781,D,S,T,2024-06-14,1000000.00,4.259184,102.1796875
08:00:30,91282CKU4,TSRYS5814781,D,S,T,2024-06-14,1000000.00,4.260478,102.171875
08:00:30,91282CKU4,TSRYS5814781,D,S,T,2024-06-14,1000000.00,4.257891,102.1875
08:00:30,91282CKU4,TSRYS5814781,D,S,T,2024-06-14,1000000.00,4.257891,102.1875
08:00:30,91282CKU4,TSRYS5814781,D,S,T,2024-06-14,1000000.00,4.257891,102.1875
08:00:30,91282CKU4,TSRYS5814781,D,S,T,2024-06-14,1000000.00,4.257891,102.1875
08:00:30,91282CKU4,TSRYS5814781,D,S,T,2024-06-14,1000000.00,4.257891,102.1875
08:00:30,91282CKU4,TSRYS5814781,D,S,T,2024-06-14,1000000.00,4.257891,102.1875
08:00:30,91282CKU4,TSRYS5814781,D,S,T,2024-06-14,1000000.00,4.257891,102.1875
08:00:30,91282CKU4,TSRYS5814781,D,S,T,2024-06-14,1000000.00,4.257891,102.1875
08:00:30,91282CKU4,TSRYS5814781,D,S,T,2024-06-14,1000000.00,4.257891,102.1875
08:00:30,91282CKU4,TSRYS5814781,D,S,T,2024-06-14,1000000.00,4.257891,102.1875
08:00:30,91282CKU4,TSRYS5814781,D,S,T,2024-06-14,1000000.00,4.257891,102.1875
08:00:30,91282CKU4,TSRYS5814781,D,S,T,2024-06-14,1000000.00,4.257891,102.1875
08:00:30,91282CKU4,TSRYS5814781,D,S,T,2024-06-14,1000000.00,4.257891,102.1875
08:00:30,91282CKU4,TSRYS5814781,D,S,T,2024-06-14,1000000.00,4.257891,102.1875
08:00:30,91282CKU4,TSRYS5814781,D,S,T,2024-06-14,1000000.00,4.257891,102.1875
08:00:30,91282CKU4,TSRYS5814781,D,S,T,2024-06-14,1000000.00,4.257891,102.1875
08:00:30,91282CKU4,TSRYS5814781,D,S,T,2024-06-14,1000000.00,4.257891,102.1875
08:00:30,91282CKU4,TSRYS5814781,D,S,T,2024-06-14,1000000.00,4.257891,102.1875
08:00:30,91282CKU4,TSRYS5814781,D,S,T,2024-06-14,1000000.00,4.257891,102.1875
08:00:30,91282CKU4,TSRYS5814781,D,S,T,2024-06-14,1000000.00,4.257891,102.1875
08:00:30,91282CKU4,TSRYS5814781,D,S,T,2024-06-14,1000000.00,4.257891,102.1875
08:00:30,91282CKU4,TSRYS5814781,D,S,T,2024-06-14,1000000.00,4.257891,102.1875
08:00:30,91282CKU4,TSRYS5814781,D,S,T,2024-06-14,1000000.00,4.257891,102.1875
08:00:30,91282CKU4,TSRYS5814781,D,S,T,2024-06-14,1000000.00,4.257891,102.1875
08:00:30,91282CKU4,TSRYS5814781,D,S,T,2024-06-14,1000000.00,4.257891,102.1875
08:00:30,91282CKU4,TSRYS5814781,D,S,T,2024-06-14,1000000.00,4.257891,102.1875
08:00:30,91282CKU4,TSRYS5814781,D,S,T,2024-06-14,1000000.00,4.257891,102.1875
08:00:30,91282CKU4,TSRYS5814781,D,S,T,2024-06-14,1000000.00,4.257891,102.1875
08:00:30,91282CKU4,TSRYS5814781,D,S,T,2024-06-14,1000000.00,4.257891,102.1875
08:00:30,91282CKU4,TSRYS5814781,D,S,T,2024-06-14,1000000.00,4.257891,102.1875
08:00:30,91282CKU4,TSRYS5814781,D,S,T,2024-06-14,1000000.00,4.257891,102.1875
08:00:30,91282CKU4,TSRYS5814781,D,S,T,2024-06-14,1000000.00,4.257891,102.1875
08:00:30,91282CKU4,TSRYS5814781,D,S,T,2024-06-14,1000000.00,4.257891,102.1875
08:00:30,91282CKU4,TSRYS5814781,D,S,T,2024-06-14,1000000.00,4.257891,102.1875
08:00:30,91282CKU4,TSRYS5814781,D,S,T,2024-06-14,1000000.00,4.257891,102.1875
08:00:30,91282CKU4,TSRYS5814781,D,S,T,2024-06-14,1000000.00,4.257891,102.1875
08:00:30,91282CKU4,TSRYS5814781,D,S,T,2024-06-14,1000000.00,4.257891,102.1875
08:00:30,91282CKU4,TSRYS5814781,D,S,T,2024-06-14,1000000.00,4.257891,102.1875
08:00:30,91282CKU4,TSRYS5814781,D,S,D,2024-06-14,1000000.00,4.256921,102.193359375
08:00:30,91282CKU4,TSRYS5814781,D,S,T,2024-06-14,1000000.00,4.256598,102.1953125
08:00:30,91282CKU4,TSRYS5814781,D,S,T,2024-06-14,1000000.00,4.256598,102.1953125
08:00:30,91282CKU4,TSRYS5814781,D,S,T,2024-06-14,1000000.00,4.256598,102.1953125
08:00:30,91282CKU4,TSRYS5814781,D,S,T,2024-06-14,1000000.00,4.255305,102.203125
08:00:30,91282CKU4,TSRYS5814781,D,S,T,2024-06-14,1000000.00,4.255305,102.203125
08:00:30,91282CKU4,TSRYS5814781,D,S,T,2024-06-14,1000000.00,4.255305,102.203125
08:00:30,91282CKU4,TSRYS5814781,D,S,T,2024-06-14,1000000.00,4.255305,102.203125
08:00:30,91282CKU4,TSRYS5814781,D,S,T,2024-06-14,1000000.00,4.251426,102.2265625
08:00:30,91282CKU4,TSRYS5814781,D,S,T,2024-06-14,1000000.00,4.252719,102.21875
08:00:30,91282CKU4,TSRYS5814781,D,S,T,2024-06-14,1000000.00,4.252719,102.21875
08:00:30,91282CKU4,TSRYS5814781,D,S,T,2024-06-14,1000000.00,4.257891,102.1875
08:00:30,91282CKU4,TSRYS5814781,D,S,T,2024-06-14,1000000.00,4.250134,102.234375
08:00:30,91282CKU4,TSRYS5814781,D,S,T,2024-06-14,1000000.00,4.252073,102.22265625
08:00:30,91282CKU4,TSRYS5814781,D,S,T,2024-06-14,1000000.00,4.250134,102.234375
08:00:30,91282CKU4,TSRYS5814781,D,S,T,2024-06-14,1000000.00,4.250134,102.234375
08:00:30,91282CKU4,TSRYS5814781,D,S,T,2024-06-14,1000000.00,4.252719,102.21875
08:00:30,91282CKU4,TSRYS5814781,D,S,D,2024-06-14,1000000.00,4.250134,102.234375
08:00:30,91282CKU4,TSRYS5814781,D,S,D,2024-06-14,1000000.00,4.250134,102.234375
08:00:30,91282CKU4,TSRYS5814781,D,S,T,2024-06-14,1000000.00,4.249811,102.236328125
08:00:30,91282CKU4,TSRYS5814781,D,S,T,2024-06-14,1000000.00,4.249811,102.236328125
08:00:30,91282CKU4,TSRYS5814781,D,S,T,2024-06-14,1000000.00,4.249811,102.236328125
08:00:30,91282CKU4,TSRYS5814781,D,S,T,2024-06-14,1000000.00,4.249811,102.236328125
08:00:30,91282CKU4,TSRYS5814781,D,S,T,2024-06-14,1000000.00,4.252073,102.22265625
08:00:30,91282CKU4,TSRYS5814781,D,S,T,2024-06-14,1000000.00,4.252396,102.220703125
08:00:30,91282CKU4,TSRYS5814781,D,S,T,2024-06-14,1000000.00,4.252073,102.22265625
08:00:30,91282CKU4,TSRYS5814781,D,S,T,2024-06-14,1000000.00,4.252073,102.22265625
08:00:30,91282CKU4,TSRYS5814781,D,S,T,2024-06-14,1000000.00,4.252073,102.22265625
08:00:30,91282CKU4,TSRYS5814781,D,S,T,2024-06-14,1000000.00,4.252073,102.22265625
08:00:30,91282CKU4,TSRYS5814781,D,S,T,2024-06-14,1000000.00,4.252073,102.22265625
08:00:30,91282CKU4,TSRYS5814781,D,S,T,2024-06-14,1000000.00,4.252073,102.22265625
08:00:30,91282CKU4,TSRYS5814781,D,S,T,2024-06-14,1000000.00,4.252073,102.22265625
08:00:30,91282CKU4,TSRYS5814781,D,S,T,2024-06-14,1000000.00,4.252073,102.22265625
08:00:30,91282CKU4,TSRYS5814781,D,S,T,2024-06-14,1000000.00,4.252073,102.22265625
08:00:30,91282CKU4,TSRYS5814781,D,S,T,2024-06-14,1000000.00,4.249811,102.236328125
08:00:30,91282CKU4,TSRYS5814781,D,S,T,2024-06-14,1000000.00,4.249811,102.236328125
08:00:30,91282CKU4,TSRYS5814781,D,S,T,2024-06-14,1000000.00,4.252073,102.22265625
08:00:30,91282CKU4,TSRYS5814781,D,S,T,2024-06-14,2000000.00,4.250134,102.234375
08:00:30,91282CKU4,TSRYS5814781,D,S,T,2024-06-14,2000000.00,4.248841,102.2421875
08:00:30,91282CKU4,TSRYS5814781,D,S,T,2024-06-14,1000000.00,4.249811,102.236328125
08:00:30,91282CKU4,TSRYS5814781,D,S,T,2024-06-14,2000000.00,4.250134,102.234375
08:00:30,91282CKU4,TSRYS5814781,D,S,T,2024-06-14,1000000.00,4.249811,102.236328125
08:00:30,91282CKU4,TSRYS5814781,D,S,T,2024-06-14,1000000.00,4.249811,102.236328125
08:00:30,91282CKU4,TSRYS5814781,D,S,T,2024-06-14,1000000.00,4.249811,102.236328125
08:00:30,91282CKU4,TSRYS5814781,D,S,T,2024-06-14,1000000.00,4.252073,102.22265625
08:00:30,91282CKU4,TSRYS5814781,D,S,T,2024-06-14,1000000.00,4.252073,102.22265625
08:00:30,91282CKU4,TSRYS5814781,D,S,T,2024-06-14,1000000.00,4.254012,102.2109375
08:00:30,91282CKU4,TSRYS5814781,D,S,T,2024-06-14,1000000.00,4.254012,102.2109375
08:00:30,91282CKU4,TSRYS5814781,D,S,T,2024-06-14,1000000.00,4.251426,102.2265625
08:00:30,91282CKU4,TSRYS5814781,D,S,T,2024-06-14,1000000.00,4.247549,102.25
08:00:30,91282CKU4,TSRYS5814781,D,S,T,2024-06-14,1000000.00,4.251426,102.2265625
08:00:30,91282CKU4,TSRYS5814781,D,S,T,2024-06-14,1000000.00,4.252719,102.21875
08:00:30,91282CKU4,TSRYS5814781,D,S,T,2024-06-14,1000000.00,4.252719,102.21875
08:00:30,91282CKU4,TSRYS5814781,D,S,T,2024-06-14,1000000.00,4.252719,102.21875
08:00:30,91282CKU4,TSRYS5814781,D,S,T,2024-06-14,1000000.00,4.252719,102.21875
08:00:30,91282CKU4,TSRYS5814781,D,S,T,2024-06-14,1000000.00,4.252719,102.21875
08:00:30,91282CKU4,TSRYS5814781,D,S,T,2024-06-14,1000000.00,4.259184,102.1796875
08:00:30,91282CKU4,TSRYS5814781,D,S,T,2024-06-14,1000000.00,4.259184,102.1796875
08:00:30,91282CKU4,TSRYS5814781,D,S,T,2024-06-14,1000000.00,4.259184,102.1796875
08:00:30,91282CKU4,TSRYS5814781,D,S,T,2024-06-14,1000000.00,4.259184,102.1796875
08:00:30,91282CKU4,TSRYS5814781,D,S,T,2024-06-14,1000000.00,4.259184,102.1796875
08:00:30,91282CKU4,TSRYS5814781,D,S,T,2024-06-14,1000000.00,4.259184,102.1796875
08:00:30,91282CKU4,TSRYS5814781,D,S,T,2024-06-14,1000000.00,4.259184,102.1796875
08:00:30,91282CKU4,TSRYS5814781,D,S,T,2024-06-14,1000000.00,4.257891,102.1875
08:00:30,91282CKU4,TSRYS5814781,D,S,T,2024-06-14,1000000.00,4.261771,102.1640625
08:00:30,91282CKU4,TSRYS5814781,D,S,T,2024-06-14,1000000.00,4.261771,102.1640625
08:00:30,91282CKU4,TSRYS5814781,D,S,T,2024-06-14,1000000.00,4.261771,102.1640625
08:00:30,91282CKU4,TSRYS5814781,D,S,T,2024-06-14,1000000.00,4.262095,102.162109375
08:00:30,91282CKU4,TSRYS5814781,D,S,T,2024-06-14,1000000.00,4.261771,102.1640625
08:00:30,91282CKU4,TSRYS5814781,D,S,T,2024-06-14,1000000.00,4.261771,102.1640625
08:00:30,91282CKU4,TSRYS5814781,D,S,T,2024-06-14,1000000.00,4.261771,102.1640625
08:00:30,91282CKU4,TSRYS5814781,D,S,T,2024-06-14,1000000.00,4.261771,102.1640625
08:00:30,91282CKU4,TSRYS5814781,D,S,T,2024-06-14,3000000.00,4.261771,102.1640625
08:00:30,91282CKU4,TSRYS5814781,D,S,T,2024-06-14,2000000.00,4.261771,102.1640625
08:00:30,91282CKU4,TSRYS5814781,D,S,T,2024-06-14,1000000.00,4.261771,102.1640625
08:00:30,91282CKU4,TSRYS5814781,D,S,T,2024-06-14,1000000.00,4.261771,102.1640625
08:00:30,91282CKU4,TSRYS5814781,D,S,T,2024-06-14,1000000.00,4.262418,102.16015625
08:00:30,91282CKU4,TSRYS5814781,D,S,T,2024-06-14,1000000.00,4.261771,102.1640625
08:00:30,91282CKU4,TSRYS5814781,D,S,T,2024-06-14,1000000.00,4.261771,102.1640625
08:00:30,91282CKU4,TSRYS5814781,D,S,T,2024-06-14,1000000.00,4.261771,102.1640625
08:00:30,91282CKU4,TSRYS5814781,D,S,T,2024-06-14,2000000.00,4.261771,102.1640625
08:00:30,91282CKU4,TSRYS5814781,D,S,T,2024-06-14,1000000.00,4.261771,102.1640625
08:00:30,91282CKU4,TSRYS5814781,D,S,T,2024-06-14,1000000.00,4.261771,102.1640625
08:00:30,91282CKU4,TSRYS5814781,D,S,T,2024-06-14,1000000.00,4.261771,102.1640625
08:00:30,91282CKU4,TSRYS5814781,D,S,T,2024-06-14,1000000.00,4.261771,102.1640625
08:00:30,91282CKU4,TSRYS5814781,D,S,T,2024-06-14,1000000.00,4.261771,102.1640625
08:00:30,91282CKU4,TSRYS5814781,D,S,T,2024-06-14,1000000.00,4.261771,102.1640625
08:00:30,91282CKU4,TSRYS5814781,D,S,T,2024-06-14,1000000.00,4.261771,102.1640625
08:00:30,91282CKU4,TSRYS5814781,D,S,T,2024-06-14,1000000.00,4.261771,102.1640625
08:00:30,91282CKU4,TSRYS5814781,D,S,T,2024-06-14,2000000.00,4.261771,102.1640625
08:00:30,91282CKU4,TSRYS5814781,D,S,T,2024-06-14,1000000.00,4.260478,102.171875
08:00:30,91282CKU4,TSRYS5814781,D,S,T,2024-06-14,1000000.00,4.260478,102.171875
08:00:30,91282CKU4,TSRYS5814781,D,S,D,2024-06-14,1000000.00,4.259184,102.1796875
08:00:30,91282CKU4,TSRYS5814781,D,S,D,2024-06-14,1000000.00,4.259508,102.177734375
08:00:30,91282CKU4,TSRYS5814781,D,S,T,2024-06-14,1000000.00,4.260478,102.171875
08:00:30,91282CKU4,TSRYS5814781,D,S,T,2024-06-14,1000000.00,4.259184,102.1796875
08:00:30,91282CKU4,TSRYS5814781,D,S,D,2024-06-14,1000000.00,4.261771,102.1640625
08:00:30,91282CKU4,TSRYS5814781,D,S,T,2024-06-14,1000000.00,4.259184,102.1796875
08:00:30,91282CKU4,TSRYS5814781,D,S,D,2024-06-14,1000000.00,4.256598,102.1953125
08:00:30,91282CKU4,TSRYS5814781,D,S,D,2024-06-14,1000000.00,4.254658,102.20703125
08:00:30,91282CKU4,TSRYS5814781,D,S,T,2024-06-14,1000000.00,4.256598,102.1953125
08:00:30,91282CKU4,TSRYS5814781,D,S,D,2024-06-14,1000000.00,4.254658,102.20703125
08:00:30,91282CKU4,TSRYS5814781,D,S,T,2024-06-14,2000000.00,4.238506,102.3046875
08:00:30,91282CKU4,TSRYS5814781,D,S,T,2024-06-14,1000000.00,4.238506,102.3046875
08:00:30,91282CKU4,TSRYS5814781,D,S,T,2024-06-14,1000000.00,4.238506,102.3046875
08:00:30,91282CKU4,TSRYS5814781,D,S,T,2024-06-14,2000000.00,4.238506,102.3046875
08:00:30,91282CKU4,TSRYS5814781,D,S,D,2024-06-14,1000000.00,4.237537,102.310546875
08:00:30,91282CKU4,TSRYS5814781,D,S,D,2024-06-14,2000000.00,4.237537,102.310546875
08:00:30,91282CKU4,TSRYS5814781,D,S,T,2024-06-14,1000000.00,4.238506,102.3046875
08:00:30,91282CKU4,TSRYS5814781,D,S,T,2024-06-14,1000000.00,4.238506,102.3046875
08:00:30,91282CKU4,TSRYS5814781,D,S,T,2024-06-14,1000000.00,4.235923,102.3203125
08:00:30,91282CKU4,TSRYS5814781,D,S,T,2024-06-14,2000000.00,4.233341,102.3359375
08:00:30,91282CKU4,TSRYS5814781,D,S,T,2024-06-14,1000000.00,4.23205,102.34375
08:00:30,91282CKU4,TSRYS5814781,D,S,T,2024-06-14,1000000.00,4.233341,102.3359375
08:00:30,91282CKU4,TSRYS5814781,D,S,T,2024-06-14,1000000.00,4.233341,102.3359375
08:00:30,91282CKU4,TSRYS5814781,D,S,T,2024-06-14,1000000.00,4.237214,102.3125
08:00:30,91282CKU4,TSRYS5814781,D,S,D,2024-06-14,1000000.00,4.237214,102.3125
08:00:30,91282CKU4,TSRYS5814781,D,S,T,2024-06-14,1000000.00,4.233341,102.3359375
08:00:30,91282CKU4,TSRYS5814781,D,S,T,2024-06-14,1000000.00,4.233341,102.3359375
08:00:30,91282CKU4,TSRYS5814781,D,S,T,2024-06-14,1000000.00,4.233341,102.3359375
08:00:30,91282CKU4,TSRYS5814781,D,S,T,2024-06-14,1000000.00,4.233341,102.3359375
08:00:30,91282CKU4,TSRYS5814781,D,S,T,2024-06-14,1000000.00,4.233341,102.3359375
08:00:30,91282CKU4,TSRYS5814781,D,S,T,2024-06-14,1000000.00,4.233341,102.3359375
08:00:30,91282CKU4,TSRYS5814781,D,S,T,2024-06-14,1000000.00,4.233341,102.3359375
08:00:30,91282CKU4,TSRYS5814781,D,S,T,2024-06-14,1000000.00,4.233341,102.3359375
08:00:30,91282CKU4,TSRYS5814781,D,S,T,2024-06-14,1000000.00,4.243673,102.2734375
08:00:30,91282CKU4,TSRYS5814781,D,S,T,2024-06-14,1000000.00,4.239797,102.296875
08:00:30,91282CKU4,TSRYS5814781,D,S,T,2024-06-14,1000000.00,4.239797,102.296875
08:00:30,91282CKU4,TSRYS5814781,D,S,T,2024-06-14,1000000.00,4.239797,102.296875
08:00:30,91282CKU4,TSRYS5814781,D,S,T,2024-06-14,1000000.00,4.239797,102.296875
08:00:30,91282CKU4,TSRYS5814781,D,S,T,2024-06-14,1000000.00,4.239797,102.296875
08:00:30,91282CKU4,TSRYS5814781,D,S,T,2024-06-14,1000000.00,4.239797,102.296875
08:00:30,91282CKU4,TSRYS5814781,D,S,T,2024-06-14,1000000.00,4.238506,102.3046875
08:00:30,91282CKU4,TSRYS5814781,D,S,T,2024-06-14,1000000.00,4.239151,102.30078125
08:00:30,91282CKU4,TSRYS5814781,D,S,T,2024-06-14,2000000.00,4.238506,102.3046875
08:00:30,91282CKU4,TSRYS5814781,D,S,T,2024-06-14,1000000.00,4.238506,102.3046875
08:00:30,91282CKU4,TSRYS5814781,D,S,T,2024-06-14,1000000.00,4.238506,102.3046875
08:00:30,91282CKU4,TSRYS5814781,D,S,T,2024-06-14,1000000.00,4.242381,102.28125
08:00:30,91282CKU4,TSRYS5814781,D,S,T,2024-06-14,1000000.00,4.242381,102.28125
08:00:30,91282CKU4,TSRYS5814781,D,S,T,2024-06-14,1000000.00,4.244965,102.265625
08:00:30,91282CKU4,TSRYS5814781,D,S,T,2024-06-14,1000000.00,4.244965,102.265625
08:00:30,91282CKU4,TSRYS5814781,D,S,T,2024-06-14,1000000.00,4.244965,102.265625
08:00:30,91282CKU4,TSRYS5814781,D,S,T,2024-06-14,1000000.00,4.226887,102.375
08:00:30,91282CKU4,TSRYS5814781,D,S,T,2024-06-14,1000000.00,4.223016,102.3984375
08:00:30,91282CKU4,TSRYS5814781,D,S,T,2024-06-14,1000000.00,4.220436,102.4140625
08:00:30,91282CKU4,TSRYS5814781,D,S,T,2024-06-14,1000000.00,4.223016,102.3984375
08:00:30,91282CKU4,TSRYS5814781,D,S,T,2024-06-14,1000000.00,4.221726,102.40625
08:00:30,91282CKU4,TSRYS5814781,D,S,T,2024-06-14,1000000.00,4.220436,102.4140625
08:00:30,91282CKU4,TSRYS5814781,D,S,T,2024-06-14,1000000.00,4.221404,102.408203125
08:00:30,91282CKU4,TSRYS5814781,D,S,T,2024-06-14,1000000.00,4.221726,102.40625
08:00:30,91282CKU4,TSRYS5814781,D,S,T,2024-06-14,1000000.00,4.221726,102.40625
08:00:30,91282CKU4,TSRYS5814781,D,S,T,2024-06-14,1000000.00,4.221726,102.40625
08:00:30,91282CKU4,TSRYS5814781,D,S,T,2024-06-14,1000000.00,4.221726,102.40625
08:00:30,91282CKU4,TSRYS5814781,D,S,T,2024-06-14,1000000.00,4.221726,102.40625
08:00:30,91282CKU4,TSRYS5814781,D,S,T,2024-06-14,1000000.00,4.221726,102.40625
08:00:30,91282CKU4,TSRYS5814781,D,S,T,2024-06-14,1000000.00,4.221726,102.40625
08:00:30,91282CKU4,TSRYS5814781,D,S,T,2024-06-14,1000000.00,4.221726,102.40625
08:00:30,91282CKU4,TSRYS5814781,D,S,T,2024-06-14,1000000.00,4.225596,102.3828125
08:00:30,91282CKU4,TSRYS5814781,D,S,T,2024-06-14,1000000.00,4.225596,102.3828125
08:00:30,91282CKU4,TSRYS5814781,D,S,T,2024-06-14,1000000.00,4.225596,102.3828125
08:00:30,91282CKU4,TSRYS5814781,D,S,T,2024-06-14,1000000.00,4.225596,102.3828125
08:00:30,91282CKU4,TSRYS5814781,D,S,T,2024-06-14,1000000.00,4.224306,102.390625
08:00:30,91282CKU4,TSRYS5814781,D,S,T,2024-06-14,1000000.00,4.219791,102.41796875
08:00:30,91282CKU4,TSRYS5814781,D,S,T,2024-06-14,1000000.00,4.221404,102.408203125
08:00:30,91282CKU4,TSRYS5814781,D,S,T,2024-06-14,1000000.00,4.220436,102.4140625
08:00:30,91282CKU4,TSRYS5814781,D,S,T,2024-06-14,1000000.00,4.221726,102.40625
08:00:30,91282CKU4,TSRYS5814781,D,S,T,2024-06-14,1000000.00,4.221726,102.40625
08:00:30,91282CKU4,TSRYS5814781,D,S,T,2024-06-14,1000000.00,4.221726,102.40625
08:00:30,91282CKU4,TSRYS5814781,D,S,T,2024-06-14,1000000.00,4.221726,102.40625
08:00:30,91282CKU4,TSRYS5814781,D,S,T,2024-06-14,1000000.00,4.221726,102.40625
08:00:30,91282CKU4,TSRYS5814781,D,S,T,2024-06-14,1000000.00,4.221726,102.40625
08:00:30,91282CKU4,TSRYS5814781,D,S,T,2024-06-14,1000000.00,4.221726,102.40625
08:00:30,91282CKU4,TSRYS5814781,D,S,T,2024-06-14,1000000.00,4.222049,102.404296875
08:00:30,91282CKU4,TSRYS5814781,D,S,T,2024-06-14,1000000.00,4.224306,102.390625
08:00:30,91282CKU4,TSRYS5814781,D,S,T,2024-06-14,1000000.00,4.221726,102.40625
08:00:30,91282CKU4,TSRYS5814781,D,S,T,2024-06-14,2000000.00,4.221726,102.40625
08:00:30,91282CKU4,TSRYS5814781,D,S,T,2024-06-14,1000000.00,4.221404,102.408203125
08:00:30,91282CKU4,TSRYS5814781,D,S,T,2024-06-14,1000000.00,4.221404,102.408203125
08:00:30,91282CKU4,TSRYS5814781,D,S,T,2024-06-14,1000000.00,4.221404,102.408203125
08:00:30,91282CKU4,TSRYS5814781,D,S,T,2024-06-14,1000000.00,4.221404,102.408203125
08:00:30,91282CKU4,TSRYS5814781,D,S,T,2024-06-14,1000000.00,4.221404,102.408203125
08:00:30,91282CKU4,TSRYS5814781,D,S,T,2024-06-14,1000000.00,4.216245,102.439453125
08:00:30,91282CKU4,TSRYS5814781,D,S,T,2024-06-14,1000000.00,4.215277,102.4453125
08:00:30,91282CKU4,TSRYS5814781,D,S,T,2024-06-14,2000000.00,4.215277,102.4453125
08:00:30,91282CKU4,TSRYS5814781,D,S,T,2024-06-14,2000000.00,4.215277,102.4453125
08:00:30,91282CKU4,TSRYS5814781,D,S,T,2024-06-14,1000000.00,4.215277,102.4453125
08:00:30,91282CKU4,TSRYS5814781,D,S,T,2024-06-14,1000000.00,4.220436,102.4140625
08:00:30,91282CKU4,TSRYS5814781,D,S,T,2024-06-14,1000000.00,4.219146,102.421875
08:00:30,91282CKU4,TSRYS5814781,D,S,T,2024-06-14,1000000.00,4.217857,102.4296875
08:00:30,91282CKU4,TSRYS5814781,D,S,T,2024-06-14,1000000.00,4.216567,102.4375
08:00:30,91282CKU4,TSRYS5814781,D,S,T,2024-06-14,1000000.00,4.216567,102.4375
08:00:30,91282CKU4,TSRYS5814781,D,S,T,2024-06-14,1000000.00,4.216567,102.4375
08:00:30,91282CKU4,TSRYS5814781,D,S,T,2024-06-14,1000000.00,4.213988,102.453125
08:00:30,91282CKU4,TSRYS5814781,D,S,T,2024-06-14,1000000.00,4.213988,102.453125
08:00:30,91282CKU4,TSRYS5814781,D,S,T,2024-06-14,1000000.00,4.213988,102.453125
08:00:30,91282CKU4,TSRYS5814781,D,S,T,2024-06-14,1000000.00,4.213988,102.453125
08:00:30,91282CKU4,TSRYS5814781,D,S,T,2024-06-14,2000000.00,4.213988,102.453125
08:00:30,91282CKU4,TSRYS5814781,D,S,T,2024-06-14,2000000.00,4.213988,102.453125
08:00:30,91282CKU4,TSRYS5814781,D,S,T,2024-06-14,1000000.00,4.213988,102.453125
08:00:30,91282CKU4,TSRYS5814781,D,S,T,2024-06-14,1000000.00,4.213988,102.453125
08:00:30,91282CKU4,TSRYS5814781,D,S,T,2024-06-14,1000000.00,4.212699,102.4609375
08:00:30,91282CKU4,TSRYS5814781,D,S,T,2024-06-14,1000000.00,4.212699,102.4609375
08:00:30,91282CKU4,TSRYS5814781,D,S,T,2024-06-14,1000000.00,4.210765,102.47265625
08:00:30,91282CKU4,TSRYS5814781,D,S,T,2024-06-14,3000000.00,4.21141,102.46875
08:00:30,91282CKU4,TSRYS5814781,D,S,T,2024-06-14,1000000.00,4.21141,102.46875
08:00:30,91282CKU4,TSRYS5814781,D,S,T,2024-06-14,1000000.00,4.212699,102.4609375
08:00:30,91282CKU4,TSRYS5814781,D,S,T,2024-06-14,1000000.00,4.212699,102.4609375
08:00:30,91282CKU4,TSRYS5814781,D,S,T,2024-06-14,1000000.00,4.212699,102.4609375
08:00:30,91282CKU4,TSRYS5814781,D,S,T,2024-06-14,1000000.00,4.212699,102.4609375
08:00:30,91282CKU4,TSRYS5814781,D,S,T,2024-06-14,1000000.00,4.212699,102.4609375
08:00:30,91282CKU4,TSRYS5814781,D,S,T,2024-06-14,1000000.00,4.21141,102.46875
08:00:30,91282CKU4,TSRYS5814781,D,S,T,2024-06-14,1000000.00,4.20851,102.486328125
08:00:30,91282CKU4,TSRYS5814781,D,S,T,2024-06-14,1000000.00,4.208832,102.484375
08:00:30,91282CKU4,TSRYS5814781,D,S,T,2024-06-14,1000000.00,4.208832,102.484375
08:00:30,91282CKU4,TSRYS5814781,D,S,T,2024-06-14,1000000.00,4.208832,102.484375
08:00:30,91282CKU4,TSRYS5814781,D,S,T,2024-06-14,1000000.00,4.213988,102.453125
08:00:30,91282CKU4,TSRYS5814781,D,S,T,2024-06-14,1000000.00,4.210121,102.4765625
08:00:30,91282CKU4,TSRYS5814781,D,S,T,2024-06-14,1000000.00,4.210121,102.4765625
08:00:30,91282CKU4,TSRYS5814781,D,S,T,2024-06-14,1000000.00,4.210121,102.4765625
08:00:30,91282CKU4,TSRYS5814781,D,S,T,2024-06-14,1000000.00,4.210121,102.4765625
08:00:30,91282CKU4,TSRYS5814781,D,S,T,2024-06-14,1000000.00,4.201745,102.52734375
08:00:30,91282CKU4,TSRYS5814781,D,S,T,2024-06-14,1000000.00,4.200135,102.537109375
08:00:30,91282CKU4,TSRYS5814781,D,S,T,2024-06-14,1000000.00,4.199813,102.5390625
08:00:30,91282CKU4,TSRYS5814781,D,S,T,2024-06-14,1000000.00,4.198847,102.544921875
08:00:30,91282CKU4,TSRYS5814781,D,S,T,2024-06-14,1000000.00,4.198525,102.546875
08:00:30,91282CKU4,TSRYS5814781,D,S,T,2024-06-14,1000000.00,4.197881,102.55078125
08:00:30,91282CKU4,TSRYS5814781,D,S,T,2024-06-14,1000000.00,4.198525,102.546875
08:00:30,91282CKU4,TSRYS5814781,D,S,T,2024-06-14,1000000.00,4.198525,102.546875
08:00:30,91282CKU4,TSRYS5814781,D,S,T,2024-06-14,1000000.00,4.198525,102.546875
08:00:30,91282CKU4,TSRYS5814781,D,S,T,2024-06-14,1000000.00,4.198525,102.546875
08:00:30,91282CKU4,TSRYS5814781,D,S,T,2024-06-14,1000000.00,4.198525,102.546875
08:00:30,91282CKU4,TSRYS5814781,D,S,T,2024-06-14,1000000.00,4.199813,102.5390625
08:00:30,91282CKU4,TSRYS5814781,D,S,T,2024-06-14,1000000.00,4.199813,102.5390625
08:00:30,91282CKU4,TSRYS5814781,D,S,T,2024-06-14,1000000.00,4.198525,102.546875
08:00:30,91282CKU4,TSRYS5814781,D,S,T,2024-06-14,1000000.00,4.198525,102.546875
08:00:30,91282CKU4,TSRYS5814781,D,S,T,2024-06-14,1000000.00,4.198525,102.546875
08:00:30,91282CKU4,TSRYS5814781,D,S,T,2024-06-14,1000000.00,4.198525,102.546875
08:00:30,91282CKU4,TSRYS5814781,D,S,T,2024-06-14,1000000.00,4.201101,102.53125
08:00:30,91282CKU4,TSRYS5814781,D,S,T,2024-06-14,1000000.00,4.201101,102.53125
08:00:30,91282CKU4,TSRYS5814781,D,S,T,2024-06-14,1000000.00,4.201101,102.53125
08:00:30,91282CKU4,TSRYS5814781,D,S,T,2024-06-14,1000000.00,4.197237,102.5546875
08:00:30,91282CKU4,TSRYS5814781,D,S,T,2024-06-14,2000000.00,4.197237,102.5546875
08:00:30,91282CKU4,TSRYS5814781,D,S,T,2024-06-14,1000000.00,4.197237,102.5546875
08:00:30,91282CKU4,TSRYS5814781,D,S,T,2024-06-14,1000000.00,4.197237,102.5546875
08:00:30,91282CKU4,TSRYS5814781,D,S,T,2024-06-14,1000000.00,4.198525,102.546875
08:00:30,91282CKU4,TSRYS5814781,D,S,T,2024-06-14,1000000.00,4.198525,102.546875
08:00:30,91282CKU4,TSRYS5814781,D,S,T,2024-06-14,1000000.00,4.201101,102.53125
08:00:30,91282CKU4,TSRYS5814781,D,S,T,2024-06-14,1000000.00,4.199813,102.5390625
08:00:30,91282CKU4,TSRYS5814781,D,S,T,2024-06-14,1000000.00,4.199813,102.5390625
08:00:30,91282CKU4,TSRYS5814781,D,S,T,2024-06-14,1000000.00,4.195949,102.5625
08:00:30,91282CKU4,TSRYS5814781,D,S,T,2024-06-14,1000000.00,4.195949,102.5625
08:00:30,91282CKU4,TSRYS5814781,D,S,T,2024-06-14,2000000.00,4.198525,102.546875
08:00:30,91282CKU4,TSRYS5814781,D,S,T,2024-06-14,1000000.00,4.198525,102.546875
08:00:30,91282CKU4,TSRYS5814781,D,S,T,2024-06-14,1000000.00,4.199813,102.5390625
08:00:30,91282CKU4,TSRYS5814781,D,S,T,2024-06-14,2000000.00,4.197237,102.5546875
08:00:30,91282CKU4,TSRYS5814781,D,S,T,2024-06-14,1000000.00,4.199813,102.5390625
08:00:30,91282CKU4,TSRYS5814781,D,S,T,2024-06-14,1000000.00,4.199813,102.5390625
08:00:30,91282CKU4,TSRYS5814781,D,S,T,2024-06-14,1000000.00,4.199813,102.5390625
08:00:30,91282CKU4,TSRYS5814781,D,S,T,2024-06-14,1000000.00,4.199813,102.5390625
08:00:30,91282CKU4,TSRYS5814781,D,S,T,2024-06-14,1000000.00,4.199813,102.5390625
08:00:30,91282CKU4,TSRYS5814781,D,S,T,2024-06-14,1000000.00,4.199813,102.5390625
08:00:30,91282CKU4,TSRYS5814781,D,S,T,2024-06-14,1000000.00,4.204966,102.5078125
08:00:30,91282CKU4,TSRYS5814781,D,S,T,2024-06-14,1000000.00,4.20561,102.50390625
08:00:30,91282CKU4,TSRYS5814781,D,S,T,2024-06-14,1000000.00,4.203033,102.51953125
08:00:30,91282CKU4,TSRYS5814781,D,S,T,2024-06-14,2000000.00,4.203677,102.515625
08:00:30,91282CKU4,TSRYS5814781,D,S,T,2024-06-14,4000000.00,4.203677,102.515625
08:00:30,91282CKU4,TSRYS5814781,D,S,T,2024-06-14,1000000.00,4.203677,102.515625
08:00:30,91282CKU4,TSRYS5814781,D,S,T,2024-06-14,2000000.00,4.203677,102.515625
08:00:30,91282CKU4,TSRYS5814781,D,S,T,2024-06-14,1000000.00,4.203677,102.515625
08:00:30,91282CKU4,TSRYS5814781,D,S,T,2024-06-14,1000000.00,4.203677,102.515625
08:00:30,91282CKU4,TSRYS5814781,D,S,T,2024-06-14,1000000.00,4.197237,102.5546875
08:00:30,91282CKU4,TSRYS5814781,D,S,T,2024-06-14,2000000.00,4.198525,102.546875
08:00:30,91282CKU4,TSRYS5814781,D,S,T,2024-06-14,1000000.00,4.198203,102.548828125
08:00:30,91282CKU4,TSRYS5814781,D,S,T,2024-06-14,2000000.00,4.198525,102.546875
08:00:30,91282CKU4,TSRYS5814781,D,S,T,2024-06-14,1000000.00,4.198203,102.548828125
08:00:30,91282CKU4,TSRYS5814781,D,S,T,2024-06-14,1000000.00,4.197881,102.55078125
08:00:30,91282CKU4,TSRYS5814781,D,S,T,2024-06-14,1000000.00,4.199813,102.5390625
08:00:30,91282CKU4,TSRYS5814781,D,S,T,2024-06-14,1000000.00,4.201101,102.53125
08:00:30,91282CKU4,TSRYS5814781,D,S,T,2024-06-14,1000000.00,4.201101,102.53125
08:00:30,91282CKU4,TSRYS5814781,D,S,T,2024-06-14,1000000.00,4.201101,102.53125
08:00:30,91282CKU4,TSRYS5814781,D,S,T,2024-06-14,1000000.00,4.201101,102.53125
08:00:30,91282CKU4,TSRYS5814781,D,S,T,2024-06-14,1000000.00,4.201101,102.53125
08:00:30,91282CKU4,TSRYS5814781,D,S,T,2024-06-14,1000000.00,4.201745,102.52734375
08:00:30,91282CKU4,TSRYS5814781,D,S,T,2024-06-14,1000000.00,4.202389,102.5234375
08:00:30,91282CKU4,TSRYS5814781,D,S,T,2024-06-14,1000000.00,4.203355,102.517578125
08:00:30,91282CKU4,TSRYS5814781,D,S,T,2024-06-14,1000000.00,4.203355,102.517578125
08:00:30,91282CKU4,TSRYS5814781,D,S,T,2024-06-14,1000000.00,4.203355,102.517578125
08:00:30,91282CKU4,TSRYS5814781,D,S,T,2024-06-14,1000000.00,4.203355,102.517578125
08:00:30,91282CKU4,TSRYS5814781,D,S,T,2024-06-14,1000000.00,4.204644,102.509765625
08:00:30,91282CKU4,TSRYS5814781,D,S,T,2024-06-14,1000000.00,4.204966,102.5078125
08:00:30,91282CKU4,TSRYS5814781,D,S,T,2024-06-14,1000000.00,4.204966,102.5078125
08:00:30,91282CKU4,TSRYS5814781,D,S,T,2024-06-14,1000000.00,4.204966,102.5078125
08:00:30,91282CKU4,TSRYS5814781,D,S,T,2024-06-14,1000000.00,4.204966,102.5078125
08:00:30,91282CKU4,TSRYS5814781,D,S,T,2024-06-14,1000000.00,4.204966,102.5078125
08:00:30,91282CKU4,TSRYS5814781,D,S,T,2024-06-14,1000000.00,4.20561,102.50390625
08:00:30,91282CKU4,TSRYS5814781,D,S,T,2024-06-14,1000000.00,4.20561,102.50390625
08:00:30,91282CKU4,TSRYS5814781,D,S,T,2024-06-14,1000000.00,4.20561,102.50390625
08:00:30,91282CKU4,TSRYS5814781,D,S,T,2024-06-14,1000000.00,4.20561,102.50390625
08:00:30,91282CKU4,TSRYS5814781,D,S,T,2024-06-14,1000000.00,4.20561,102.50390625
08:00:30,91282CKU4,TSRYS5814781,D,S,T,2024-06-14,1000000.00,4.20561,102.50390625
08:00:30,91282CKU4,TSRYS5814781,D,S,T,2024-06-14,1000000.00,4.20561,102.50390625
08:00:30,91282CKU4,TSRYS5814781,D,S,T,2024-06-14,1000000.00,4.20561,102.50390625
08:00:30,91282CKU4,TSRYS5814781,D,S,T,2024-06-14,1000000.00,4.20561,102.50390625
08:00:30,91282CKU4,TSRYS5814781,D,S,T,2024-06-14,1000000.00,4.20561,102.50390625
08:00:30,91282CKU4,TSRYS5814781,D,S,T,2024-06-14,1000000.00,4.20561,102.50390625
08:00:30,91282CKU4,TSRYS5814781,D,S,T,2024-06-14,1000000.00,4.20561,102.50390625
08:00:30,91282CKU4,TSRYS5814781,D,S,T,2024-06-14,1000000.00,4.20561,102.50390625
08:00:30,91282CKU4,TSRYS5814781,D,S,T,2024-06-14,1000000.00,4.20561,102.50390625
08:00:30,91282CKU4,TSRYS5814781,D,S,T,2024-06-14,1000000.00,4.20561,102.50390625
08:00:30,91282CKU4,TSRYS5814781,D,S,T,2024-06-14,1000000.00,4.203355,102.517578125
08:00:30,91282CKU4,TSRYS5814781,D,S,T,2024-06-14,1000000.00,4.203677,102.515625
08:00:30,91282CKU4,TSRYS5814781,D,S,T,2024-06-14,1000000.00,4.197881,102.55078125
08:00:30,91282CKU4,TSRYS5814781,D,S,T,2024-06-14,3000000.00,4.197237,102.5546875
08:00:30,91282CKU4,TSRYS5814781,D,S,T,2024-06-14,1000000.00,4.196915,102.556640625
08:00:30,91282CKU4,TSRYS5814781,D,S,T,2024-06-14,1000000.00,4.194662,102.5703125
08:00:30,91282CKU4,TSRYS5814781,D,S,T,2024-06-14,3000000.00,4.195949,102.5625
08:00:30,91282CKU4,TSRYS5814781,D,S,T,2024-06-14,1000000.00,4.195949,102.5625
08:00:30,91282CKU4,TSRYS5814781,D,S,T,2024-06-14,1000000.00,4.194662,102.5703125
08:00:30,91282CKU4,TSRYS5814781,D,S,T,2024-06-14,1000000.00,4.194662,102.5703125
08:00:30,91282CKU4,TSRYS5814781,D,S,T,2024-06-14,1000000.00,4.194662,102.5703125
08:00:30,91282CKU4,TSRYS5814781,D,S,T,2024-06-14,1000000.00,4.19434,102.572265625
08:00:30,91282CKU4,TSRYS5814781,D,S,T,2024-06-14,1000000.00,4.194662,102.5703125
08:00:30,91282CKU4,TSRYS5814781,D,S,T,2024-06-14,1000000.00,4.194662,102.5703125
08:00:30,91282CKU4,TSRYS5814781,D,S,T,2024-06-14,1000000.00,4.194662,102.5703125
08:00:30,91282CKU4,TSRYS5814781,D,S,T,2024-06-14,1000000.00,4.193374,102.578125
08:00:30,91282CKU4,TSRYS5814781,D,S,T,2024-06-14,1000000.00,4.193696,102.576171875
08:00:30,91282CKU4,TSRYS5814781,D,S,T,2024-06-14,1000000.00,4.193374,102.578125
08:00:30,91282CKU4,TSRYS5814781,D,S,T,2024-06-14,1000000.00,4.194662,102.5703125
08:00:30,91282CKU4,TSRYS5814781,D,S,T,2024-06-14,1000000.00,4.193374,102.578125
08:00:30,91282CKU4,TSRYS5814781,D,S,T,2024-06-14,1000000.00,4.193374,102.578125
08:00:30,91282CKU4,TSRYS5814781,D,S,T,2024-06-14,1000000.00,4.194662,102.5703125
08:00:30,91282CKU4,TSRYS5814781,D,S,T,2024-06-14,1000000.00,4.194662,102.5703125
08:00:30,91282CKU4,TSRYS5814781,D,S,T,2024-06-14,1000000.00,4.194662,102.5703125
08:00:30,91282CKU4,TSRYS5814781,D,S,T,2024-06-14,1000000.00,4.195305,102.56640625
08:00:30,91282CKU4,TSRYS5814781,D,S,T,2024-06-14,1000000.00,4.195305,102.56640625
08:00:30,91282CKU4,TSRYS5814781,D,S,T,2024-06-14,2000000.00,4.195305,102.56640625
08:00:30,91282CKU4,TSRYS5814781,D,S,T,2024-06-14,1000000.00,4.195305,102.56640625
08:00:30,91282CKU4,TSRYS5814781,D,S,T,2024-06-14,1000000.00,4.195949,102.5625
08:00:30,91282CKU4,TSRYS5814781,D,S,T,2024-06-14,1000000.00,4.195949,102.5625
08:00:30,91282CKU4,TSRYS5814781,D,S,T,2024-06-14,1000000.00,4.195949,102.5625
08:00:30,91282CKU4,TSRYS5814781,D,S,T,2024-06-14,1000000.00,4.195949,102.5625
08:00:30,91282CKU4,TSRYS5814781,D,S,T,2024-06-14,1000000.00,4.195949,102.5625
08:00:30,91282CKU4,TSRYS5814781,D,S,T,2024-06-14,1000000.00,4.195949,102.5625
08:00:30,91282CKU4,TSRYS5814781,D,S,T,2024-06-14,1000000.00,4.195949,102.5625
08:00:30,91282CKU4,TSRYS5814781,D,S,T,2024-06-14,1000000.00,4.195949,102.5625
08:00:30,91282CKU4,TSRYS5814781,D,S,T,2024-06-14,1000000.00,4.195949,102.5625
08:00:30,91282CKU4,TSRYS5814781,D,S,T,2024-06-14,1000000.00,4.195949,102.5625
08:00:30,91282CKU4,TSRYS5814781,D,S,T,2024-06-14,1000000.00,4.195949,102.5625
08:00:30,91282CKU4,TSRYS5814781,D,S,T,2024-06-14,1000000.00,4.196271,102.560546875
08:00:30,91282CKU4,TSRYS5814781,D,S,T,2024-06-14,1000000.00,4.196593,102.55859375
08:00:30,91282CKU4,TSRYS5814781,D,S,D,2024-06-14,1000000.00,4.196271,102.560546875
08:00:30,91282CKU4,TSRYS5814781,D,S,T,2024-06-14,1000000.00,4.197881,102.55078125
08:00:30,91282CKU4,TSRYS5814781,D,S,T,2024-06-14,1000000.00,4.196593,102.55859375
08:00:30,91282CKU4,TSRYS5814781,D,S,T,2024-06-14,1000000.00,4.196593,102.55859375
08:00:30,91282CKU4,TSRYS5814781,D,S,T,2024-06-14,1000000.00,4.196593,102.55859375
08:00:30,91282CKU4,TSRYS5814781,D,S,T,2024-06-14,1000000.00,4.195949,102.5625
08:00:30,91282CKU4,TSRYS5814781,D,S,T,2024-06-14,1000000.00,4.196271,102.560546875
08:00:30,91282CKU4,TSRYS5814781,D,S,T,2024-06-14,1000000.00,4.197237,102.5546875
08:00:30,91282CKU4,TSRYS5814781,D,S,T,2024-06-14,1000000.00,4.197881,102.55078125
08:00:30,91282CKU4,TSRYS5814781,D,S,T,2024-06-14,1000000.00,4.198525,102.546875
08:00:30,91282CKU4,TSRYS5814781,D,S,T,2024-06-14,1000000.00,4.198525,102.546875
08:00:30,91282CKU4,TSRYS5814781,D,S,T,2024-06-14,1000000.00,4.198525,102.546875
08:00:30,91282CKU4,TSRYS5814781,D,S,T,2024-06-14,1000000.00,4.198525,102.546875
08:00:30,91282CKU4,TSRYS5814781,D,S,T,2024-06-14,1000000.00,4.198525,102.546875
08:00:30,91282CKU4,TSRYS5814781,D,S,T,2024-06-14,1000000.00,4.198525,102.546875
08:00:30,91282CKU4,TSRYS5814781,D,S,T,2024-06-14,1000000.00,4.198525,102.546875
08:00:30,91282CKU4,TSRYS5814781,D,S,T,2024-06-14,1000000.00,4.198525,102.546875
08:00:30,91282CKU4,TSRYS5814781,D,S,T,2024-06-14,1000000.00,4.198525,102.546875
08:00:30,91282CKU4,TSRYS5814781,D,S,T,2024-06-14,1000000.00,4.198525,102.546875
08:00:30,91282CKU4,TSRYS5814781,D,S,T,2024-06-14,1000000.00,4.200135,102.537109375
08:00:30,91282CKU4,TSRYS5814781,D,S,T,2024-06-14,1000000.00,4.201101,102.53125
08:00:30,91282CKU4,TSRYS5814781,D,S,T,2024-06-14,1000000.00,4.201101,102.53125
08:00:30,91282CKU4,TSRYS5814781,D,S,T,2024-06-14,1000000.00,4.201423,102.529296875
08:00:30,91282CKU4,TSRYS5814781,D,S,T,2024-06-14,1000000.00,4.201101,102.53125
08:00:30,91282CKU4,TSRYS5814781,D,S,T,2024-06-14,1000000.00,4.201101,102.53125
08:00:30,91282CKU4,TSRYS5814781,D,S,T,2024-06-14,1000000.00,4.201101,102.53125
08:00:30,91282CKU4,TSRYS5814781,D,S,T,2024-06-14,2000000.00,4.201101,102.53125
08:00:30,91282CKU4,TSRYS5814781,D,S,T,2024-06-14,1000000.00,4.201101,102.53125
08:00:30,91282CKU4,TSRYS5814781,D,S,T,2024-06-14,1000000.00,4.201101,102.53125
08:00:30,91282CKU4,TSRYS5814781,D,S,T,2024-06-14,1000000.00,4.201101,102.53125
08:00:30,91282CKU4,TSRYS5814781,D,S,T,2024-06-14,1000000.00,4.201101,102.53125
08:00:30,91282CKU4,TSRYS5814781,D,S,T,2024-06-14,2000000.00,4.201101,102.53125
08:00:30,91282CKU4,TSRYS5814781,D,S,T,2024-06-14,2000000.00,4.203677,102.515625
08:00:30,91282CKU4,TSRYS5814781,D,S,T,2024-06-14,1000000.00,4.204966,102.5078125
08:00:30,91282CKU4,TSRYS5814781,D,S,T,2024-06-14,1000000.00,4.207543,102.4921875
08:00:30,91282CKU4,TSRYS5814781,D,S,T,2024-06-14,1000000.00,4.206577,102.498046875
08:00:30,91282CKU4,TSRYS5814781,D,S,T,2024-06-14,1000000.00,4.207865,102.490234375
08:00:30,91282CKU4,TSRYS5814781,D,S,T,2024-06-14,1000000.00,4.207543,102.4921875
08:00:30,91282CKU4,TSRYS5814781,D,S,T,2024-06-14,1000000.00,4.207543,102.4921875
08:00:31,91282CKU4,TSRYS5814781,D,S,T,2024-06-14,1000000.00,4.207543,102.4921875
08:00:31,91282CKU4,TSRYS5814781,D,S,T,2024-06-14,1000000.00,4.207543,102.4921875
08:00:31,91282CKU4,TSRYS5814781,D,S,T,2024-06-14,1000000.00,4.207543,102.4921875
08:00:31,91282CKU4,TSRYS5814781,D,S,T,2024-06-14,1000000.00,4.207543,102.4921875
08:00:31,91282CKU4,TSRYS5814781,D,S,T,2024-06-14,1000000.00,4.207543,102.4921875
08:00:31,91282CKU4,TSRYS5814781,D,S,T,2024-06-14,1000000.00,4.207221,102.494140625
08:00:31,91282CKU4,TSRYS5814781,D,S,T,2024-06-14,1000000.00,4.206254,102.5
08:00:31,91282CKU4,TSRYS5814781,D,S,T,2024-06-14,1000000.00,4.203677,102.515625
08:00:31,91282CKU4,TSRYS5814781,D,S,T,2024-06-14,1000000.00,4.203677,102.515625
08:00:31,91282CKU4,TSRYS5814781,D,S,T,2024-06-14,1000000.00,4.203677,102.515625
08:00:31,91282CKU4,TSRYS5814781,D,S,T,2024-06-14,1000000.00,4.204966,102.5078125
08:00:31,91282CKU4,TSRYS5814781,D,S,T,2024-06-14,2000000.00,4.199813,102.5390625
08:00:31,91282CKU4,TSRYS5814781,D,S,T,2024-06-14,1000000.00,4.199813,102.5390625
08:00:31,91282CKU4,TSRYS5814781,D,S,T,2024-06-14,1000000.00,4.199813,102.5390625
08:00:31,91282CKU4,TSRYS5814781,D,S,T,2024-06-14,1000000.00,4.199813,102.5390625
08:00:31,91282CKU4,TSRYS5814781,D,S,T,2024-06-14,1000000.00,4.199813,102.5390625
08:00:31,91282CKU4,TSRYS5814781,D,S,T,2024-06-14,1000000.00,4.199813,102.5390625
08:00:31,91282CKU4,TSRYS5814781,D,S,T,2024-06-14,1000000.00,4.201101,102.53125
08:00:31,91282CKU4,TSRYS5814781,D,S,T,2024-06-14,1000000.00,4.201101,102.53125
08:00:31,91282CKU4,TSRYS5814781,D,S,T,2024-06-14,1000000.00,4.201101,102.53125
08:00:31,91282CKU4,TSRYS5814781,D,S,T,2024-06-14,1000000.00,4.203677,102.515625
08:00:31,91282CKU4,TSRYS5814781,D,S,T,2024-06-14,1000000.00,4.203677,102.515625
08:00:31,91282CKU4,TSRYS5814781,D,S,T,2024-06-14,2000000.00,4.206254,102.5
08:00:31,91282CKU4,TSRYS5814781,D,S,T,2024-06-14,1000000.00,4.206254,102.5
08:00:31,91282CKU4,TSRYS5814781,D,S,T,2024-06-14,1000000.00,4.206254,102.5
08:00:31,91282CKU4,TSRYS5814781,D,S,T,2024-06-14,1000000.00,4.206254,102.5
08:00:31,91282CKU4,TSRYS5814781,D,S,T,2024-06-14,1000000.00,4.206254,102.5
08:00:31,91282CKU4,TSRYS5814781,D,S,T,2024-06-14,1000000.00,4.206254,102.5
08:00:31,91282CKU4,TSRYS5814781,D,S,T,2024-06-14,1000000.00,4.206254,102.5
08:00:31,91282CKU4,TSRYS5814781,D,S,T,2024-06-14,1000000.00,4.206254,102.5
08:00:31,91282CKU4,TSRYS5814781,D,S,T,2024-06-14,1000000.00,4.206254,102.5
08:00:31,91282CKU4,TSRYS5814781,D,S,T,2024-06-14,1000000.00,4.206254,102.5
08:00:31,91282CKU4,TSRYS5814781,D,S,T,2024-06-14,1000000.00,4.206254,102.5
08:00:31,91282CKU4,TSRYS5814781,D,S,T,2024-06-14,1000000.00,4.206254,102.5
08:00:31,91282CKU4,TSRYS5814781,D,S,T,2024-06-14,1000000.00,4.208832,102.484375
08:00:31,91282CKU4,TSRYS5814781,D,S,T,2024-06-14,1000000.00,4.208832,102.484375
08:00:31,91282CKU4,TSRYS5814781,D,S,T,2024-06-14,1000000.00,4.208832,102.484375
08:00:31,91282CKU4,TSRYS5814781,D,S,T,2024-06-14,1000000.00,4.206899,102.49609375
08:00:31,91282CKU4,TSRYS5814781,D,S,T,2024-06-14,1000000.00,4.204966,102.5078125
08:00:31,91282CKU4,TSRYS5814781,D,S,T,2024-06-14,1000000.00,4.203677,102.515625
08:00:31,91282CKU4,TSRYS5814781,D,S,T,2024-06-14,1000000.00,4.202389,102.5234375
08:00:31,91282CKU4,TSRYS5814781,D,S,T,2024-06-14,1000000.00,4.199813,102.5390625
08:00:31,91282CKU4,TSRYS5814781,D,S,T,2024-06-14,1000000.00,4.198525,102.546875
08:00:31,91282CKU4,TSRYS5814781,D,S,T,2024-06-14,1000000.00,4.202389,102.5234375
08:00:31,91282CKU4,TSRYS5814781,D,S,T,2024-06-14,1000000.00,4.202389,102.5234375
08:00:31,91282CKU4,TSRYS5814781,D,S,T,2024-06-14,1000000.00,4.202389,102.5234375
08:00:31,91282CKU4,TSRYS5814781,D,S,T,2024-06-14,1000000.00,4.202389,102.5234375
08:00:31,91282CKU4,TSRYS5814781,D,S,T,2024-06-14,1000000.00,4.202389,102.5234375
08:00:31,91282CKU4,TSRYS5814781,D,S,T,2024-06-14,1000000.00,4.203355,102.517578125
08:00:31,91282CKU4,TSRYS5814781,D,S,T,2024-06-14,1000000.00,4.197559,102.552734375
08:00:31,91282CKU4,TSRYS5814781,D,S,T,2024-06-14,1000000.00,4.196271,102.560546875
08:00:31,91282CKU4,TSRYS5814781,D,S,T,2024-06-14,3000000.00,4.196271,102.560546875
08:00:31,91282CKU4,TSRYS5814781,D,S,T,2024-06-14,1000000.00,4.196271,102.560546875
08:00:31,91282CKU4,TSRYS5814781,D,S,T,2024-06-14,2000000.00,4.196271,102.560546875
08:00:31,91282CKU4,TSRYS5814781,D,S,T,2024-06-14,1000000.00,4.196271,102.560546875
08:00:31,91282CKU4,TSRYS5814781,D,S,T,2024-06-14,1000000.00,4.195949,102.5625
08:00:31,91282CKU4,TSRYS5814781,D,S,T,2024-06-14,1000000.00,4.199813,102.5390625
08:00:31,91282CKU4,TSRYS5814781,D,S,T,2024-06-14,1000000.00,4.199813,102.5390625
08:00:31,91282CKU4,TSRYS5814781,D,S,T,2024-06-14,1000000.00,4.199813,102.5390625
08:00:31,91282CKU4,TSRYS5814781,D,S,T,2024-06-14,1000000.00,4.197237,102.5546875
08:00:31,91282CKU4,TSRYS5814781,D,S,T,2024-06-14,2000000.00,4.197237,102.5546875
08:00:31,91282CKU4,TSRYS5814781,D,S,T,2024-06-14,2000000.00,4.197237,102.5546875
08:00:31,91282CKU4,TSRYS5814781,D,S,T,2024-06-14,1000000.00,4.197237,102.5546875
08:00:31,91282CKU4,TSRYS5814781,D,S,T,2024-06-14,1000000.00,4.195949,102.5625
08:00:31,91282CKU4,TSRYS5814781,D,S,T,2024-06-14,1000000.00,4.195949,102.5625
08:00:31,91282CKU4,TSRYS5814781,D,S,T,2024-06-14,1000000.00,4.198525,102.546875
08:00:31,91282CKU4,TSRYS5814781,D,S,T,2024-06-14,1000000.00,4.201101,102.53125
08:00:31,91282CKU4,TSRYS5814781,D,S,T,2024-06-14,1000000.00,4.201101,102.53125
08:00:31,91282CKU4,TSRYS5814781,D,S,T,2024-06-14,1000000.00,4.203677,102.515625
08:00:31,91282CKU4,TSRYS5814781,D,S,T,2024-06-14,1000000.00,4.203677,102.515625
08:00:31,91282CKU4,TSRYS5814781,D,S,T,2024-06-14,1000000.00,4.203677,102.515625
08:00:31,91282CKU4,TSRYS5814781,D,S,T,2024-06-14,1000000.00,4.203677,102.515625
08:00:31,91282CKU4,TSRYS5814781,D,S,T,2024-06-14,1000000.00,4.203677,102.515625
08:00:31,91282CKU4,TSRYS5814781,D,S,T,2024-06-14,1000000.00,4.203677,102.515625
08:00:31,91282CKU4,TSRYS5814781,D,S,T,2024-06-14,1000000.00,4.203677,102.515625
08:00:31,91282CKU4,TSRYS5814781,D,S,T,2024-06-14,1000000.00,4.203677,102.515625
08:00:31,91282CKU4,TSRYS5814781,D,S,T,2024-06-14,1000000.00,4.201101,102.53125
08:00:31,91282CKU4,TSRYS5814781,D,S,T,2024-06-14,1000000.00,4.197881,102.55078125
08:00:31,91282CKU4,TSRYS5814781,D,S,T,2024-06-14,1000000.00,4.197559,102.552734375
08:00:31,91282CKU4,TSRYS5814781,D,S,T,2024-06-14,1000000.00,4.198525,102.546875
08:00:31,91282CKU4,TSRYS5814781,D,S,T,2024-06-14,1000000.00,4.197237,102.5546875
08:00:31,91282CKU4,TSRYS5814781,D,S,T,2024-06-14,1000000.00,4.197237,102.5546875
08:00:31,91282CKU4,TSRYS5814781,D,S,T,2024-06-14,1000000.00,4.197559,102.552734375
08:00:31,91282CKU4,TSRYS5814781,D,S,T,2024-06-14,1000000.00,4.197559,102.552734375
08:00:31,91282CKU4,TSRYS5814781,D,S,T,2024-06-14,1000000.00,4.197237,102.5546875
08:00:31,91282CKU4,TSRYS5814781,D,S,T,2024-06-14,1000000.00,4.197237,102.5546875
08:00:31,91282CKU4,TSRYS5814781,D,S,T,2024-06-14,1000000.00,4.197237,102.5546875
08:00:31,91282CKU4,TSRYS5814781,D,S,T,2024-06-14,1000000.00,4.197237,102.5546875
08:00:31,91282CKU4,TSRYS5814781,D,S,T,2024-06-14,1000000.00,4.197237,102.5546875
08:00:31,91282CKU4,TSRYS5814781,D,S,T,2024-06-14,1000000.00,4.197237,102.5546875
08:00:31,91282CKU4,TSRYS5814781,D,S,T,2024-06-14,1000000.00,4.196593,102.55859375
08:00:31,91282CKU4,TSRYS5814781,D,S,T,2024-06-14,1000000.00,4.197559,102.552734375
08:00:31,91282CKU4,TSRYS5814781,D,S,T,2024-06-14,1000000.00,4.197237,102.5546875
08:00:31,91282CKU4,TSRYS5814781,D,S,T,2024-06-14,2000000.00,4.195949,102.5625
08:00:31,91282CKU4,TSRYS5814781,D,S,T,2024-06-14,1000000.00,4.194662,102.5703125
08:00:31,91282CKU4,TSRYS5814781,D,S,T,2024-06-14,1000000.00,4.192087,102.5859375
08:00:31,91282CKU4,TSRYS5814781,D,S,T,2024-06-14,1000000.00,4.192087,102.5859375
08:00:31,91282CKU4,TSRYS5814781,D,S,T,2024-06-14,1000000.00,4.192087,102.5859375
08:00:31,91282CKU4,TSRYS5814781,D,S,T,2024-06-14,1000000.00,4.192087,102.5859375
08:00:31,91282CKU4,TSRYS5814781,D,S,T,2024-06-14,1000000.00,4.192087,102.5859375
08:00:31,91282CKU4,TSRYS5814781,D,S,T,2024-06-14,1000000.00,4.192087,102.5859375
08:00:31,91282CKU4,TSRYS5814781,D,S,T,2024-06-14,1000000.00,4.192087,102.5859375
08:00:31,91282CKU4,TSRYS5814781,D,S,T,2024-06-14,1000000.00,4.192087,102.5859375
08:00:31,91282CKU4,TSRYS5814781,D,S,T,2024-06-14,1000000.00,4.189512,102.6015625
08:00:31,91282CKU4,TSRYS5814781,D,S,T,2024-06-14,1000000.00,4.189512,102.6015625
08:00:31,91282CKU4,TSRYS5814781,D,S,T,2024-06-14,1000000.00,4.189512,102.6015625
08:00:31,91282CKU4,TSRYS5814781,D,S,T,2024-06-14,1000000.00,4.189512,102.6015625
08:00:31,91282CKU4,TSRYS5814781,D,S,T,2024-06-14,1000000.00,4.189512,102.6015625
08:00:31,91282CKU4,TSRYS5814781,D,S,T,2024-06-14,1000000.00,4.189512,102.6015625
08:00:31,91282CKU4,TSRYS5814781,D,S,T,2024-06-14,1000000.00,4.189512,102.6015625
08:00:31,91282CKU4,TSRYS5814781,D,S,T,2024-06-14,1000000.00,4.189512,102.6015625
08:00:31,91282CKU4,TSRYS5814781,D,S,T,2024-06-14,1000000.00,4.189512,102.6015625
08:00:31,91282CKU4,TSRYS5814781,D,S,T,2024-06-14,2000000.00,4.189512,102.6015625
08:00:31,91282CKU4,TSRYS5814781,D,S,T,2024-06-14,1000000.00,4.190478,102.595703125
08:00:31,91282CKU4,TSRYS5814781,D,S,T,2024-06-14,1000000.00,4.190799,102.59375
08:00:31,91282CKU4,TSRYS5814781,D,S,T,2024-06-14,2000000.00,4.190799,102.59375
08:00:31,91282CKU4,TSRYS5814781,D,S,T,2024-06-14,2000000.00,4.190799,102.59375
08:00:31,91282CKU4,TSRYS5814781,D,S,T,2024-06-14,2000000.00,4.190478,102.595703125
08:00:31,91282CKU4,TSRYS5814781,D,S,T,2024-06-14,1000000.00,4.190799,102.59375
08:00:31,91282CKU4,TSRYS5814781,D,S,T,2024-06-14,1000000.00,4.190799,102.59375
08:00:31,91282CKU4,TSRYS5814781,D,S,T,2024-06-14,1000000.00,4.190799,102.59375
08:00:31,91282CKU4,TSRYS5814781,D,S,T,2024-06-14,1000000.00,4.190799,102.59375
08:00:31,91282CKU4,TSRYS5814781,D,S,T,2024-06-14,1000000.00,4.190799,102.59375
08:00:31,91282CKU4,TSRYS5814781,D,S,T,2024-06-14,1000000.00,4.190799,102.59375
08:00:31,91282CKU4,TSRYS5814781,D,S,T,2024-06-14,2000000.00,4.190799,102.59375
08:00:31,91282CKU4,TSRYS5814781,D,S,T,2024-06-14,1000000.00,4.189512,102.6015625
08:00:31,91282CKU4,TSRYS5814781,D,S,T,2024-06-14,1000000.00,4.189512,102.6015625
08:00:31,91282CKU4,TSRYS5814781,D,S,T,2024-06-14,1000000.00,4.189512,102.6015625
08:00:31,91282CKU4,TSRYS5814781,D,S,T,2024-06-14,1000000.00,4.189512,102.6015625
08:00:31,91282CKU4,TSRYS5814781,D,S,T,2024-06-14,3000000.00,4.189512,102.6015625
08:00:31,91282CKU4,TSRYS5814781,D,S,T,2024-06-14,1000000.00,4.19273,102.58203125
08:00:31,91282CKU4,TSRYS5814781,D,S,T,2024-06-14,1000000.00,4.19273,102.58203125
08:00:31,91282CKU4,TSRYS5814781,D,S,T,2024-06-14,1000000.00,4.193374,102.578125
08:00:31,91282CKU4,TSRYS5814781,D,S,T,2024-06-14,1000000.00,4.193374,102.578125
08:00:31,91282CKU4,TSRYS5814781,D,S,T,2024-06-14,1000000.00,4.195305,102.56640625
08:00:31,91282CKU4,TSRYS5814781,D,S,T,2024-06-14,1000000.00,4.195305,102.56640625
08:00:31,91282CKU4,TSRYS5814781,D,S,T,2024-06-14,1000000.00,4.195305,102.56640625
08:00:31,91282CKU4,TSRYS5814781,D,S,T,2024-06-14,1000000.00,4.195305,102.56640625
08:00:31,91282CKU4,TSRYS5814781,D,S,T,2024-06-14,1000000.00,4.195305,102.56640625
08:00:31,91282CKU4,TSRYS5814781,D,S,T,2024-06-14,1000000.00,4.193374,102.578125
08:00:31,91282CKU4,TSRYS5814781,D,S,T,2024-06-14,1000000.00,4.193374,102.578125
08:00:31,91282CKU4,TSRYS5814781,D,S,T,2024-06-14,1000000.00,4.193374,102.578125
08:00:31,91282CKU4,TSRYS5814781,D,S,T,2024-06-14,1000000.00,4.193374,102.578125
08:00:31,91282CKU4,TSRYS5814781,D,S,T,2024-06-14,2000000.00,4.19273,102.58203125
08:00:31,91282CKU4,TSRYS5814781,D,S,T,2024-06-14,1000000.00,4.193374,102.578125
08:00:31,91282CKU4,TSRYS5814781,D,S,T,2024-06-14,1000000.00,4.19434,102.572265625
08:00:31,91282CKU4,TSRYS5814781,D,S,T,2024-06-14,1000000.00,4.193374,102.578125
08:00:31,91282CKU4,TSRYS5814781,D,S,T,2024-06-14,1000000.00,4.194662,102.5703125
08:00:31,91282CKU4,TSRYS5814781,D,S,T,2024-06-14,1000000.00,4.194662,102.5703125
08:00:31,91282CKU4,TSRYS5814781,D,S,T,2024-06-14,1000000.00,4.19273,102.58203125
08:00:31,91282CKU4,TSRYS5814781,D,S,T,2024-06-14,1000000.00,4.195305,102.56640625
08:00:31,91282CKU4,TSRYS5814781,D,S,T,2024-06-14,1000000.00,4.195949,102.5625
08:00:31,91282CKU4,TSRYS5814781,D,S,T,2024-06-14,1000000.00,4.195949,102.5625
08:00:31,91282CKU4,TSRYS5814781,D,S,T,2024-06-14,1000000.00,4.195949,102.5625
08:00:31,91282CKU4,TSRYS5814781,D,S,T,2024-06-14,1000000.00,4.195949,102.5625
08:00:31,91282CKU4,TSRYS5814781,D,S,T,2024-06-14,1000000.00,4.197237,102.5546875
08:00:31,91282CKU4,TSRYS5814781,D,S,T,2024-06-14,1000000.00,4.197559,102.552734375
08:00:31,91282CKU4,TSRYS5814781,D,S,T,2024-06-14,1000000.00,4.197559,102.552734375
08:00:31,91282CKU4,TSRYS5814781,D,S,T,2024-06-14,1000000.00,4.197881,102.55078125
08:00:31,91282CKU4,TSRYS5814781,D,S,T,2024-06-14,1000000.00,4.198525,102.546875
08:00:31,91282CKU4,TSRYS5814781,D,S,T,2024-06-14,1000000.00,4.190799,102.59375
08:00:31,91282CKU4,TSRYS5814781,D,S,T,2024-06-14,1000000.00,4.190799,102.59375
08:00:31,91282CKU4,TSRYS5814781,D,S,D,2024-06-14,1000000.00,4.237214,102.3125
08:00:31,91282CKU4,TSRYS5814781,D,S,D,2024-06-14,1000000.00,4.239797,102.296875
08:00:31,91282CKU4,TSRYS5814781,D,S,D,2024-06-14,1000000.00,4.239797,102.296875
08:00:31,91282CKU4,TSRYS5814781,D,S,D,2024-06-14,1000000.00,4.234954,102.326171875
08:00:31,91282CKU4,TSRYS5814781,D,S,D,2024-06-14,1000000.00,4.234954,102.326171875
08:00:31,91282CKU4,TSRYS5814781,D,S,D,2024-06-14,1000000.00,4.235923,102.3203125
08:00:31,91282CKU4,TSRYS5814781,D,S,D,2024-06-14,1000000.00,4.23786,102.30859375
08:00:31,91282CKU4,TSRYS5814781,D,S,D,2024-06-14,1000000.00,4.234954,102.326171875
08:00:31,91282CKU4,TSRYS5814781,D,S,D,2024-06-14,1000000.00,4.235277,102.32421875
08:00:31,91282CKU4,TSRYS5814781,D,S,D,2024-06-14,1000000.00,4.235277,102.32421875
08:00:31,91282CKU4,TSRYS5814781,D,S,D,2024-06-14,1000000.00,4.235923,102.3203125
08:00:31,91282CKU4,TSRYS5814781,D,S,D,2024-06-14,1000000.00,4.239797,102.296875
08:00:31,91282CKU4,TSRYS5814781,D,S,D,2024-06-14,1000000.00,4.245288,102.263671875
08:00:31,91282CKU4,TSRYS5814781,D,S,D,2024-06-14,1000000.00,4.247226,102.251953125
08:00:31,91282CKU4,TSRYS5814781,D,S,D,2024-06-14,1000000.00,4.249811,102.236328125
08:00:31,91282CKU4,TSRYS5814781,D,S,D,2024-06-14,1000000.00,4.249164,102.240234375
08:00:31,91282CKU4,TSRYS5814781,D,S,D,2024-06-14,1000000.00,4.254658,102.20703125
08:00:31,91282CKU4,TSRYS5814781,D,S,D,2024-06-14,1000000.00,4.254658,102.20703125
08:00:31,91282CKU4,TSRYS5814781,D,S,D,2024-06-14,1000000.00,4.252396,102.220703125
08:00:31,91282CKU4,TSRYS5814781,D,S,D,2024-06-14,1000000.00,4.250134,102.234375
08:00:31,91282CKU4,TSRYS5814781,D,S,D,2024-06-14,1000000.00,4.252073,102.22265625
08:00:31,91282CKU4,TSRYS5814781,D,S,D,2024-06-14,1000000.00,4.252396,102.220703125
08:00:31,91282CKU4,TSRYS5814781,D,S,D,2024-06-14,1000000.00,4.252073,102.22265625
08:00:31,91282CKU4,TSRYS5814781,D,S,D,2024-06-14,1000000.00,4.253689,102.212890625
08:00:31,91282CKU4,TSRYS5814781,D,S,D,2024-06-14,1000000.00,4.254658,102.20703125
08:00:31,91282CKU4,TSRYS5814781,D,S,D,2024-06-14,1000000.00,4.254658,102.20703125
08:00:31,91282CKU4,TSRYS5814781,D,S,D,2024-06-14,1000000.00,4.254658,102.20703125
08:00:31,91282CKU4,TSRYS5814781,D,S,D,2024-06-14,1000000.00,4.254658,102.20703125
08:00:31,91282CKU4,TSRYS5814781,D,S,D,2024-06-14,1000000.00,4.254658,102.20703125
08:00:31,91282CKU4,TSRYS5814781,D,S,D,2024-06-14,1000000.00,4.254658,102.20703125
08:00:31,91282CKU4,TSRYS5814781,D,S,D,2024-06-14,1000000.00,4.255305,102.203125
08:00:31,91282CKU4,TSRYS5814781,D,S,D,2024-06-14,1000000.00,4.259508,102.177734375
08:00:31,91282CKU4,TSRYS5814781,D,S,D,2024-06-14,1000000.00,4.259831,102.17578125
08:00:31,91282CKU4,TSRYS5814781,D,S,D,2024-06-14,1000000.00,4.259508,102.177734375
08:00:31,91282CKU4,TSRYS5814781,D,S,D,2024-06-14,1000000.00,4.256921,102.193359375
08:00:31,91282CKU4,TSRYS5814781,D,S,D,2024-06-14,1000000.00,4.256921,102.193359375
08:00:31,91282CKU4,TSRYS5814781,D,S,D,2024-06-14,1000000.00,4.254658,102.20703125
08:00:31,91282CKU4,TSRYS5814781,D,S,D,2024-06-14,1000000.00,4.254658,102.20703125
08:00:31,91282CKU4,TSRYS5814781,D,S,D,2024-06-14,1000000.00,4.254658,102.20703125
08:00:31,91282CKU4,TSRYS5814781,D,S,D,2024-06-14,1000000.00,4.254658,102.20703125
08:00:31,91282CKU4,TSRYS5814781,D,S,D,2024-06-14,1000000.00,4.254658,102.20703125
08:00:31,91282CKU4,TSRYS5814781,D,S,D,2024-06-14,1000000.00,4.254658,102.20703125
08:00:31,91282CKU4,TSRYS5814781,D,S,D,2024-06-14,1000000.00,4.254658,102.20703125
08:00:31,91282CKU4,TSRYS5814781,D,S,D,2024-06-14,1000000.00,4.254658,102.20703125
08:00:31,91282CKU4,TSRYS5814781,D,S,D,2024-06-14,1000000.00,4.254658,102.20703125
08:00:31,91282CKU4,TSRYS5814781,D,S,D,2024-06-14,1000000.00,4.254658,102.20703125
08:00:31,91282CKU4,TSRYS5814781,D,S,D,2024-06-14,1000000.00,4.254658,102.20703125
08:00:31,91282CKU4,TSRYS5814781,D,S,D,2024-06-14,1000000.00,4.254982,102.205078125
08:00:31,91282CKU4,TSRYS5814781,D,S,D,2024-06-14,1000000.00,4.254658,102.20703125
08:00:31,91282CKU4,TSRYS5814781,D,S,D,2024-06-14,1000000.00,4.254658,102.20703125
08:00:31,91282CKU4,TSRYS5814781,D,S,D,2024-06-14,1000000.00,4.254658,102.20703125
08:00:31,91282CKU4,TSRYS5814781,D,S,D,2024-06-14,1000000.00,4.254658,102.20703125
08:00:31,91282CKU4,TSRYS5814781,D,S,D,2024-06-14,1000000.00,4.254658,102.20703125
08:00:31,91282CKU4,TSRYS5814781,D,S,D,2024-06-14,1000000.00,4.254658,102.20703125
08:00:31,91282CKU4,TSRYS5814781,D,S,D,2024-06-14,1000000.00,4.254658,102.20703125
08:00:31,91282CKU4,TSRYS5814781,D,S,D,2024-06-14,1000000.00,4.254658,102.20703125
08:00:31,91282CKU4,TSRYS5814781,D,S,D,2024-06-14,1000000.00,4.254658,102.20703125
08:00:31,91282CKU4,TSRYS5814781,D,S,D,2024-06-14,1000000.00,4.254658,102.20703125
08:00:31,91282CKU4,TSRYS5814781,D,S,D,2024-06-14,1000000.00,4.254658,102.20703125
08:00:31,91282CKU4,TSRYS5814781,D,S,D,2024-06-14,1000000.00,4.249811,102.236328125
08:00:31,91282CKU4,TSRYS5814781,D,S,D,2024-06-14,1000000.00,4.252396,102.220703125
08:00:31,91282CKU4,TSRYS5814781,D,S,D,2024-06-14,1000000.00,4.248841,102.2421875
08:00:31,91282CKU4,TSRYS5814781,D,S,D,2024-06-14,1000000.00,4.249811,102.236328125
08:00:31,91282CKU4,TSRYS5814781,D,S,D,2024-06-14,1000000.00,4.249811,102.236328125
08:00:31,91282CKU4,TSRYS5814781,D,S,D,2024-06-14,1000000.00,4.249811,102.236328125
08:00:31,91282CKU4,TSRYS5814781,D,S,D,2024-06-14,1000000.00,4.247549,102.25
08:00:31,91282CKU4,TSRYS5814781,D,S,D,2024-06-14,1000000.00,4.249811,102.236328125
08:00:31,91282CKU4,TSRYS5814781,D,S,D,2024-06-14,1000000.00,4.252396,102.220703125
08:00:31,91282CKU4,TSRYS5814781,D,S,D,2024-06-14,1000000.00,4.261771,102.1640625
08:00:31,91282CKU4,TSRYS5814781,D,S,D,2024-06-14,1000000.00,4.261771,102.1640625
08:00:31,91282CKU4,TSRYS5814781,D,S,D,2024-06-14,1000000.00,4.261771,102.1640625
08:00:31,91282CKU4,TSRYS5814781,D,S,D,2024-06-14,1000000.00,4.259508,102.177734375
08:00:31,91282CKU4,TSRYS5814781,D,S,D,2024-06-14,1000000.00,4.259184,102.1796875
08:00:31,91282CKU4,TSRYS5814781,D,S,D,2024-06-14,1000000.00,4.259508,102.177734375
