tradeTime,cusip,issueSymbolIdentifier,priceType,reportingSideCode,contraPartyTypeCode,tradeDate,reportedTradeVolume,lastSaleYield,lastSalePrice
08:00:06,91282CKU4,TSRYS5814781,D,S,D,2024-06-06,2000000.00,4.298348,101.951171875
08:00:06,91282CKU4,TSRYS5814781,D,S,D,2024-06-06,2000000.00,4.298348,101.951171875
08:00:06,91282CKU4,TSRYS5814781,D,S,D,2024-06-06,2000000.00,4.298348,101.951171875
08:00:06,91282CKU4,TSRYS5814781,D,S,D,2024-06-06,2000000.00,4.298348,101.951171875
08:00:06,91282CKU4,TSRYS5814781,D,S,D,2024-06-06,2000000.00,4.298348,101.951171875
08:00:06,91282CKU4,TSRYS5814781,D,S,D,2024-06-06,2000000.00,4.298348,101.951171875
08:00:06,91282CKU4,TSRYS5814781,D,S,D,2024-06-06,2000000.00,4.298348,101.951171875
08:00:06,91282CKU4,TSRYS5814781,D,S,D,2024-06-06,2000000.00,4.298025,101.953125
08:00:06,91282CKU4,TSRYS5814781,D,S,D,2024-06-06,1000000.00,4.298025,101.953125
08:00:06,91282CKU4,TSRYS5814781,D,S,T,2024-06-06,2000000.00,4.299317,101.9453125
08:00:06,91282CKU4,TSRYS5814781,D,S,T,2024-06-06,2000000.00,4.299317,101.9453125
08:00:06,91282CKU4,TSRYS5814781,D,S,T,2024-06-06,2000000.00,4.299317,101.9453125
08:00:06,91282CKU4,TSRYS5814781,D,S,T,2024-06-06,2000000.00,4.299317,101.9453125
08:00:06,91282CKU4,TSRYS5814781,D,S,T,2024-06-06,2000000.00,4.297055,101.958984375
08:00:06,91282CKU4,TSRYS5814781,D,S,D,2024-06-06,1000000.00,4.297055,101.958984375
08:00:06,91282CKU4,TSRYS5814781,D,S,D,2024-06-06,2000000.00,4.298025,101.953125
08:00:06,91282CKU4,TSRYS5814781,D,S,D,2024-06-06,1000000.00,4.298025,101.953125
08:00:06,91282CKU4,TSRYS5814781,D,B,C,2024-06-06,2000000.00,4.305135,101.91015625
08:00:06,91282CKU4,TSRYS5814781,D,B,C,2024-06-06,2000000.00,4.305135,101.91015625
08:00:06,91282CKU4,TSRYS5814781,D,B,C,2024-06-06,2000000.00,4.305135,101.91015625
08:00:06,91282CKU4,TSRYS5814781,D,B,C,2024-06-06,2000000.00,4.305135,101.91015625
08:00:06,91282CKU4,TSRYS5814781,D,B,C,2024-06-06,1000000.00,4.305135,101.91015625
08:00:06,91282CKU4,TSRYS5814781,D,S,T,2024-06-06,1000000.00,4.304812,101.912109375
08:00:06,91282CKU4,TSRYS5814781,D,B,C,2024-06-06,1000000.00,4.305135,101.91015625
08:00:06,91282CKU4,TSRYS5814781,D,S,T,2024-06-06,1000000.00,4.304489,101.9140625
08:00:06,91282CKU4,TSRYS5814781,D,S,D,2024-06-06,1000000.00,4.307075,101.8984375
08:00:06,91282CKU4,TSRYS5814781,D,S,T,2024-06-06,1000000.00,4.307075,101.8984375
08:00:06,91282CKU4,TSRYS5814781,D,S,T,2024-06-06,1000000.00,4.308692,101.888671875
08:00:06,91282CKU4,TSRYS5814781,D,S,T,2024-06-06,1000000.00,4.309015,101.88671875
08:00:06,91282CKU4,TSRYS5814781,D,S,T,2024-06-06,2000000.00,4.308692,101.888671875
08:00:06,91282CKU4,TSRYS5814781,D,S,T,2024-06-06,2000000.00,4.308368,101.890625
08:00:06,91282CKU4,TSRYS5814781,D,S,D,2024-06-06,2000000.00,4.308692,101.888671875
08:00:06,91282CKU4,TSRYS5814781,D,S,D,2024-06-06,1000000.00,4.308368,101.890625
08:00:06,91282CKU4,TSRYS5814781,D,S,D,2024-06-06,2000000.00,4.29544,101.96875
08:00:06,91282CKU4,TSRYS5814781,D,S,D,2024-06-06,1000000.00,4.293825,101.978515625
08:00:06,91282CKU4,TSRYS5814781,D,S,D,2024-06-06,1000000.00,4.296086,101.96484375
08:00:06,91282CKU4,TSRYS5814781,D,S,D,2024-06-06,1000000.00,4.296086,101.96484375
08:00:06,91282CKU4,TSRYS5814781,D,S,D,2024-06-06,1000000.00,4.296086,101.96484375
08:00:06,91282CKU4,TSRYS5814781,D,S,D,2024-06-06,1000000.00,4.296086,101.96484375
08:00:06,91282CKU4,TSRYS5814781,D,S,D,2024-06-06,1000000.00,4.296086,101.96484375
08:00:06,91282CKU4,TSRYS5814781,D,S,D,2024-06-06,1000000.00,4.296086,101.96484375
08:00:06,91282CKU4,TSRYS5814781,D,S,D,2024-06-06,1000000.00,4.296086,101.96484375
08:00:06,91282CKU4,TSRYS5814781,D,S,D,2024-06-06,1000000.00,4.296086,101.96484375
08:00:06,91282CKU4,TSRYS5814781,D,S,D,2024-06-06,1000000.00,4.296086,101.96484375
08:00:06,91282CKU4,TSRYS5814781,D,S,D,2024-06-06,1000000.00,4.296086,101.96484375
08:00:06,91282CKU4,TSRYS5814781,D,S,T,2024-06-06,1000000.00,4.296086,101.96484375
08:00:06,91282CKU4,TSRYS5814781,D,S,T,2024-06-06,1000000.00,4.296086,101.96484375
08:00:06,91282CKU4,TSRYS5814781,D,S,D,2024-06-06,1000000.00,4.297702,101.955078125
08:00:06,91282CKU4,TSRYS5814781,D,S,D,2024-06-06,1000000.00,4.300287,101.939453125
08:00:06,91282CKU4,TSRYS5814781,D,S,D,2024-06-06,2000000.00,4.298994,101.947265625
08:00:06,91282CKU4,TSRYS5814781,D,S,D,2024-06-06,1000000.00,4.299317,101.9453125
08:00:06,91282CKU4,TSRYS5814781,D,S,D,2024-06-06,1000000.00,4.299317,101.9453125
08:00:06,91282CKU4,TSRYS5814781,D,S,D,2024-06-06,1000000.00,4.29964,101.943359375
08:00:06,91282CKU4,TSRYS5814781,D,S,D,2024-06-06,1000000.00,4.300287,101.939453125
08:00:06,91282CKU4,TSRYS5814781,D,S,D,2024-06-06,1000000.00,4.30061,101.9375
08:00:06,91282CKU4,TSRYS5814781,D,S,D,2024-06-06,2000000.00,4.30061,101.9375
08:00:06,91282CKU4,TSRYS5814781,D,S,D,2024-06-06,2000000.00,4.30061,101.9375
08:00:06,91282CKU4,TSRYS5814781,D,S,D,2024-06-06,3000000.00,4.30061,101.9375
08:00:06,91282CKU4,TSRYS5814781,D,S,D,2024-06-06,1000000.00,4.30061,101.9375
08:00:06,91282CKU4,TSRYS5814781,D,S,D,2024-06-06,1000000.00,4.30061,101.9375
08:00:06,91282CKU4,TSRYS5814781,D,S,D,2024-06-06,1000000.00,4.30061,101.9375
08:00:06,91282CKU4,TSRYS5814781,D,S,D,2024-06-06,1000000.00,4.30061,101.9375
08:00:06,91282CKU4,TSRYS5814781,D,S,D,2024-06-06,1000000.00,4.298671,101.94921875
08:00:06,91282CKU4,TSRYS5814781,D,S,D,2024-06-06,1000000.00,4.298025,101.953125
08:00:06,91282CKU4,TSRYS5814781,D,S,T,2024-06-06,1000000.00,4.304489,101.9140625
08:00:06,91282CKU4,TSRYS5814781,D,S,D,2024-06-06,1000000.00,4.304812,101.912109375
08:00:06,91282CKU4,TSRYS5814781,D,S,D,2024-06-06,2000000.00,4.304812,101.912109375
08:00:06,91282CKU4,TSRYS5814781,D,S,D,2024-06-06,1000000.00,4.302872,101.923828125
08:00:06,91282CKU4,TSRYS5814781,D,S,D,2024-06-06,1000000.00,4.302872,101.923828125
08:00:06,91282CKU4,TSRYS5814781,D,S,D,2024-06-06,1000000.00,4.302872,101.923828125
08:00:06,91282CKU4,TSRYS5814781,D,S,D,2024-06-06,1000000.00,4.302872,101.923828125
08:00:06,91282CKU4,TSRYS5814781,D,S,D,2024-06-06,1000000.00,4.302872,101.923828125
08:00:06,91282CKU4,TSRYS5814781,D,S,D,2024-06-06,1000000.00,4.302872,101.923828125
08:00:06,91282CKU4,TSRYS5814781,D,S,D,2024-06-06,1000000.00,4.305135,101.91015625
08:00:06,91282CKU4,TSRYS5814781,D,S,D,2024-06-06,1000000.00,4.305458,101.908203125
08:00:06,91282CKU4,TSRYS5814781,D,S,D,2024-06-06,1000000.00,4.305135,101.91015625
08:00:06,91282CKU4,TSRYS5814781,D,S,D,2024-06-06,1000000.00,4.305135,101.91015625
08:00:06,91282CKU4,TSRYS5814781,D,S,D,2024-06-06,1000000.00,4.305135,101.91015625
08:00:06,91282CKU4,TSRYS5814781,D,S,D,2024-06-06,1000000.00,4.305135,101.91015625
08:00:06,91282CKU4,TSRYS5814781,D,S,D,2024-06-06,1000000.00,4.305135,101.91015625
08:00:06,91282CKU4,TSRYS5814781,D,S,D,2024-06-06,1000000.00,4.305135,101.91015625
08:00:06,91282CKU4,TSRYS5814781,D,S,D,2024-06-06,1000000.00,4.305135,101.91015625
08:00:06,91282CKU4,TSRYS5814781,D,S,D,2024-06-06,1000000.00,4.305135,101.91015625
08:00:06,91282CKU4,TSRYS5814781,D,S,D,2024-06-06,1000000.00,4.305135,101.91015625
08:00:06,91282CKU4,TSRYS5814781,D,S,D,2024-06-06,1000000.00,4.305135,101.91015625
08:00:06,91282CKU4,TSRYS5814781,D,S,D,2024-06-06,1000000.00,4.305135,101.91015625
08:00:06,91282CKU4,TSRYS5814781,D,S,D,2024-06-06,1000000.00,4.305135,101.91015625
08:00:06,91282CKU4,TSRYS5814781,D,S,D,2024-06-06,1000000.00,4.305135,101.91015625
08:00:06,91282CKU4,TSRYS5814781,D,S,T,2024-06-06,1000000.00,4.306752,101.900390625
08:00:06,91282CKU4,TSRYS5814781,D,S,T,2024-06-06,1000000.00,4.305458,101.908203125
08:00:06,91282CKU4,TSRYS5814781,D,S,T,2024-06-06,1000000.00,4.306752,101.900390625
08:00:06,91282CKU4,TSRYS5814781,D,S,T,2024-06-06,1000000.00,4.306428,101.90234375
08:00:06,91282CKU4,TSRYS5814781,D,S,T,2024-06-06,1000000.00,4.306428,101.90234375
08:00:06,91282CKU4,TSRYS5814781,D,S,T,2024-06-06,1000000.00,4.306752,101.900390625
08:00:06,91282CKU4,TSRYS5814781,D,S,T,2024-06-06,1000000.00,4.306752,101.900390625
08:00:06,91282CKU4,TSRYS5814781,D,S,T,2024-06-06,1000000.00,4.29544,101.96875
08:00:06,91282CKU4,TSRYS5814781,D,S,T,2024-06-06,1000000.00,4.29544,101.96875
08:00:06,91282CKU4,TSRYS5814781,D,S,T,2024-06-06,2000000.00,4.29544,101.96875
08:00:06,91282CKU4,TSRYS5814781,D,S,T,2024-06-06,1000000.00,4.299317,101.9453125
08:00:06,91282CKU4,TSRYS5814781,D,S,T,2024-06-06,5000000.00,4.307075,101.8984375
08:00:06,91282CKU4,TSRYS5814781,D,S,T,2024-06-06,2000000.00,4.294148,101.9765625
08:00:06,91282CKU4,TSRYS5814781,D,S,T,2024-06-06,1000000.00,4.292856,101.984375
08:00:06,91282CKU4,TSRYS5814781,D,S,T,2024-06-06,1000000.00,4.29544,101.96875
08:00:06,91282CKU4,TSRYS5814781,D,S,T,2024-06-06,1000000.00,4.29544,101.96875
08:00:06,91282CKU4,TSRYS5814781,D,S,T,2024-06-06,1000000.00,4.299317,101.9453125
08:00:06,91282CKU4,TSRYS5814781,D,S,T,2024-06-06,2000000.00,4.301903,101.9296875
08:00:06,91282CKU4,TSRYS5814781,D,S,T,2024-06-06,1000000.00,4.301903,101.9296875
08:00:06,91282CKU4,TSRYS5814781,D,S,T,2024-06-06,1000000.00,4.303196,101.921875
08:00:06,91282CKU4,TSRYS5814781,D,S,T,2024-06-06,1000000.00,4.308368,101.890625
08:00:06,91282CKU4,TSRYS5814781,D,S,T,2024-06-06,1000000.00,4.309662,101.8828125
08:00:06,91282CKU4,TSRYS5814781,D,S,T,2024-06-06,1000000.00,4.313543,101.859375
08:00:06,91282CKU4,TSRYS5814781,D,S,T,2024-06-06,1000000.00,4.313543,101.859375
08:00:08,91282CKU4,TSRYS5814781,D,S,T,2024-06-06,2000000.00,4.287689,102.015625
08:00:08,91282CKU4,TSRYS5814781,D,S,T,2024-06-06,1000000.00,4.287689,102.015625
08:00:08,91282CKU4,TSRYS5814781,D,S,T,2024-06-06,2000000.00,4.287689,102.015625
08:00:08,91282CKU4,TSRYS5814781,D,S,T,2024-06-06,1000000.00,4.287689,102.015625
08:00:08,91282CKU4,TSRYS5814781,D,S,T,2024-06-06,1000000.00,4.287689,102.015625
08:00:08,91282CKU4,TSRYS5814781,D,S,T,2024-06-06,1000000.00,4.287689,102.015625
08:00:08,91282CKU4,TSRYS5814781,D,S,T,2024-06-06,1000000.00,4.287689,102.015625
08:00:08,91282CKU4,TSRYS5814781,D,S,T,2024-06-06,1000000.00,4.287689,102.015625
08:00:08,91282CKU4,TSRYS5814781,D,S,T,2024-06-06,1000000.00,4.287689,102.015625
08:00:08,91282CKU4,TSRYS5814781,D,S,T,2024-06-06,1000000.00,4.287689,102.015625
08:00:08,91282CKU4,TSRYS5814781,D,S,T,2024-06-06,1000000.00,4.287689,102.015625
08:00:08,91282CKU4,TSRYS5814781,D,S,T,2024-06-06,1000000.00,4.287689,102.015625
08:00:11,91282CKU4,TSRYS5814781,D,S,D,2024-06-06,1000000.00,4.298025,101.953125
08:00:11,91282CKU4,TSRYS5814781,D,S,D,2024-06-06,1000000.00,4.298025,101.953125
08:00:11,91282CKU4,TSRYS5814781,D,S,T,2024-06-06,1000000.00,4.30061,101.9375
08:00:11,91282CKU4,TSRYS5814781,D,S,T,2024-06-06,1000000.00,4.30061,101.9375
08:00:11,91282CKU4,TSRYS5814781,D,S,T,2024-06-06,1000000.00,4.301256,101.93359375
08:00:11,91282CKU4,TSRYS5814781,D,S,T,2024-06-06,1000000.00,4.302872,101.923828125
08:00:11,91282CKU4,TSRYS5814781,D,S,T,2024-06-06,1000000.00,4.302872,101.923828125
08:00:11,91282CKU4,TSRYS5814781,D,S,D,2024-06-06,1000000.00,4.302872,101.923828125
08:00:11,91282CKU4,TSRYS5814781,D,S,T,2024-06-06,1000000.00,4.303196,101.921875
08:00:11,91282CKU4,TSRYS5814781,D,S,T,2024-06-06,1000000.00,4.303196,101.921875
08:00:12,91282CKU4,TSRYS5814781,D,S,T,2024-06-06,2000000.00,4.309662,101.8828125
08:00:12,91282CKU4,TSRYS5814781,D,S,T,2024-06-06,1000000.00,4.309662,101.8828125
08:00:12,91282CKU4,TSRYS5814781,D,S,T,2024-06-06,1000000.00,4.309662,101.8828125
08:00:12,91282CKU4,TSRYS5814781,D,S,D,2024-06-06,1000000.00,4.308692,101.888671875
08:00:12,91282CKU4,TSRYS5814781,D,S,T,2024-06-06,1000000.00,4.308692,101.888671875
08:00:12,91282CKU4,TSRYS5814781,D,S,T,2024-06-06,1000000.00,4.296086,101.96484375
08:00:12,91282CKU4,TSRYS5814781,D,S,D,2024-06-06,1000000.00,4.298994,101.947265625
08:00:12,91282CKU4,TSRYS5814781,D,S,T,2024-06-06,1000000.00,4.298994,101.947265625
08:00:12,91282CKU4,TSRYS5814781,D,S,T,2024-06-06,1000000.00,4.301903,101.9296875
08:00:12,91282CKU4,TSRYS5814781,D,S,T,2024-06-06,1000000.00,4.301903,101.9296875
08:00:12,91282CKU4,TSRYS5814781,D,S,T,2024-06-06,1000000.00,4.305782,101.90625
08:00:12,91282CKU4,TSRYS5814781,D,S,T,2024-06-06,1000000.00,4.305782,101.90625
08:00:12,91282CKU4,TSRYS5814781,D,S,T,2024-06-06,1000000.00,4.305782,101.90625
08:00:12,91282CKU4,TSRYS5814781,D,S,T,2024-06-06,1000000.00,4.306752,101.900390625
08:00:12,91282CKU4,TSRYS5814781,D,S,T,2024-06-06,1000000.00,4.308368,101.890625
08:00:12,91282CKU4,TSRYS5814781,D,S,T,2024-06-06,1000000.00,4.308368,101.890625
08:00:13,91282CKU4,TSRYS5814781,D,S,D,2024-06-06,1000000.00,4.290272,102.0
08:00:13,91282CKU4,TSRYS5814781,D,S,D,2024-06-06,1000000.00,4.289626,102.00390625
08:00:13,91282CKU4,TSRYS5814781,D,S,D,2024-06-06,1000000.00,4.289626,102.00390625
08:00:13,91282CKU4,TSRYS5814781,D,S,D,2024-06-06,1000000.00,4.288334,102.01171875
08:00:13,91282CKU4,TSRYS5814781,D,S,D,2024-06-06,1000000.00,4.288334,102.01171875
08:00:13,91282CKU4,TSRYS5814781,D,S,D,2024-06-06,1000000.00,4.288334,102.01171875
08:00:13,91282CKU4,TSRYS5814781,D,S,D,2024-06-06,1000000.00,4.290272,102.0
08:00:13,91282CKU4,TSRYS5814781,D,S,T,2024-06-06,1000000.00,4.287689,102.015625
08:00:13,91282CKU4,TSRYS5814781,D,S,T,2024-06-06,1000000.00,4.287689,102.015625
08:00:13,91282CKU4,TSRYS5814781,D,S,T,2024-06-06,1000000.00,4.287689,102.015625
08:00:13,91282CKU4,TSRYS5814781,D,S,T,2024-06-06,1000000.00,4.287689,102.015625
08:00:13,91282CKU4,TSRYS5814781,D,S,T,2024-06-06,1000000.00,4.287689,102.015625
08:00:13,91282CKU4,TSRYS5814781,D,S,T,2024-06-06,1000000.00,4.29544,101.96875
08:00:13,91282CKU4,TSRYS5814781,D,S,T,2024-06-06,1000000.00,4.29544,101.96875
08:00:13,91282CKU4,TSRYS5814781,D,S,T,2024-06-06,1000000.00,4.296086,101.96484375
08:00:13,91282CKU4,TSRYS5814781,D,S,T,2024-06-06,2000000.00,4.295763,101.966796875
08:00:14,91282CKU4,TSRYS5814781,D,S,T,2024-06-06,1000000.00,4.296086,101.96484375
08:00:14,91282CKU4,TSRYS5814781,D,S,T,2024-06-06,1000000.00,4.295763,101.966796875
08:00:14,91282CKU4,TSRYS5814781,D,S,T,2024-06-06,1000000.00,4.295763,101.966796875
08:00:14,91282CKU4,TSRYS5814781,D,S,T,2024-06-06,1000000.00,4.29544,101.96875
08:00:14,91282CKU4,TSRYS5814781,D,S,D,2024-06-06,2000000.00,4.296732,101.9609375
08:00:14,91282CKU4,TSRYS5814781,D,S,D,2024-06-06,1000000.00,4.296732,101.9609375
08:00:14,91282CKU4,TSRYS5814781,D,S,D,2024-06-06,2000000.00,4.296732,101.9609375
08:00:14,91282CKU4,TSRYS5814781,D,S,D,2024-06-06,1000000.00,4.296732,101.9609375
08:00:14,91282CKU4,TSRYS5814781,D,S,D,2024-06-06,5000000.00,4.296732,101.9609375
08:00:14,91282CKU4,TSRYS5814781,D,S,D,2024-06-06,4000000.00,4.296732,101.9609375
08:00:15,91282CKU4,TSRYS5814781,D,S,D,2024-06-06,4000000.00,4.296732,101.9609375
08:00:15,91282CKU4,TSRYS5814781,D,S,D,2024-06-06,5000000.00,4.296732,101.9609375
08:00:15,91282CKU4,TSRYS5814781,D,S,D,2024-06-06,4000000.00,4.296732,101.9609375
08:00:15,91282CKU4,TSRYS5814781,D,S,D,2024-06-06,5000000.00,4.296732,101.9609375
08:00:15,91282CKU4,TSRYS5814781,D,S,D,2024-06-06,2000000.00,4.296732,101.9609375
08:00:15,91282CKU4,TSRYS5814781,D,S,D,2024-06-06,1000000.00,4.296732,101.9609375
08:00:15,91282CKU4,TSRYS5814781,D,S,D,2024-06-06,2000000.00,4.296732,101.9609375
08:00:15,91282CKU4,TSRYS5814781,D,S,D,2024-06-06,1000000.00,4.296732,101.9609375
08:00:15,91282CKU4,TSRYS5814781,D,S,D,2024-06-06,1000000.00,4.296732,101.9609375
08:00:15,91282CKU4,TSRYS5814781,D,S,D,2024-06-06,2000000.00,4.296732,101.9609375
08:00:15,91282CKU4,TSRYS5814781,D,S,D,2024-06-06,4000000.00,4.296732,101.9609375
08:00:15,91282CKU4,TSRYS5814781,D,S,D,2024-06-06,3000000.00,4.296732,101.9609375
08:00:15,91282CKU4,TSRYS5814781,D,S,D,2024-06-06,1000000.00,4.296732,101.9609375
08:00:16,91282CKU4,TSRYS5814781,D,S,D,2024-06-06,3000000.00,4.296732,101.9609375
08:00:16,91282CKU4,TSRYS5814781,D,S,D,2024-06-06,3000000.00,4.296732,101.9609375
08:00:16,91282CKU4,TSRYS5814781,D,S,D,2024-06-06,3000000.00,4.296732,101.9609375
08:00:16,91282CKU4,TSRYS5814781,D,S,D,2024-06-06,3000000.00,4.296732,101.9609375
08:00:16,91282CKU4,TSRYS5814781,D,S,D,2024-06-06,1000000.00,4.296732,101.9609375
08:00:16,91282CKU4,TSRYS5814781,D,S,D,2024-06-06,1000000.00,4.296732,101.9609375
08:00:16,91282CKU4,TSRYS5814781,D,S,D,2024-06-06,2000000.00,4.296732,101.9609375
08:00:18,91282CKU4,TSRYS5814781,D,S,T,2024-06-06,1000000.00,4.287689,102.015625
08:00:18,91282CKU4,TSRYS5814781,D,S,T,2024-06-06,2000000.00,4.287689,102.015625
08:00:18,91282CKU4,TSRYS5814781,D,S,T,2024-06-06,2000000.00,4.287689,102.015625
08:00:18,91282CKU4,TSRYS5814781,D,S,T,2024-06-06,1000000.00,4.287689,102.015625
08:00:18,91282CKU4,TSRYS5814781,D,S,T,2024-06-06,1000000.00,4.287689,102.015625
08:00:18,91282CKU4,TSRYS5814781,D,S,T,2024-06-06,1000000.00,4.287689,102.015625
08:00:18,91282CKU4,TSRYS5814781,D,S,T,2024-06-06,1000000.00,4.287689,102.015625
08:00:18,91282CKU4,TSRYS5814781,D,S,T,2024-06-06,1000000.00,4.287689,102.015625
08:00:18,91282CKU4,TSRYS5814781,D,S,T,2024-06-06,1000000.00,4.287689,102.015625
08:00:18,91282CKU4,TSRYS5814781,D,S,T,2024-06-06,1000000.00,4.287689,102.015625
08:00:18,91282CKU4,TSRYS5814781,D,S,T,2024-06-06,1000000.00,4.287689,102.015625
08:00:18,91282CKU4,TSRYS5814781,D,S,T,2024-06-06,1000000.00,4.287689,102.015625
08:00:18,91282CKU4,TSRYS5814781,D,S,T,2024-06-06,1000000.00,4.287689,102.015625
08:00:18,91282CKU4,TSRYS5814781,D,S,T,2024-06-06,1000000.00,4.287689,102.015625
08:00:18,91282CKU4,TSRYS5814781,D,S,T,2024-06-06,1000000.00,4.287689,102.015625
08:00:18,91282CKU4,TSRYS5814781,D,S,T,2024-06-06,1000000.00,4.287689,102.015625
08:00:18,91282CKU4,TSRYS5814781,D,S,D,2024-06-06,2000000.00,4.297378,101.95703125
08:00:18,91282CKU4,TSRYS5814781,D,S,T,2024-06-06,8200000.00,4.414822,101.25
08:00:18,91282CKU4,TSRYS5814781,D,S,D,2024-06-06,1000000.00,4.297055,101.958984375
08:00:19,91282CKU4,TSRYS5814781,D,S,D,2024-06-06,2000000.00,4.297055,101.958984375
08:00:19,91282CKU4,TSRYS5814781,D,S,D,2024-06-06,2000000.00,4.297055,101.958984375
08:00:19,91282CKU4,TSRYS5814781,D,S,D,2024-06-06,3000000.00,4.297378,101.95703125
08:00:19,91282CKU4,TSRYS5814781,D,S,D,2024-06-06,4000000.00,4.297378,101.95703125
08:00:19,91282CKU4,TSRYS5814781,D,S,D,2024-06-06,3000000.00,4.297378,101.95703125
08:00:19,91282CKU4,TSRYS5814781,D,S,D,2024-06-06,1000000.00,4.297378,101.95703125
08:00:19,91282CKU4,TSRYS5814781,D,S,D,2024-06-06,2000000.00,4.297055,101.958984375
08:00:19,91282CKU4,TSRYS5814781,D,S,D,2024-06-06,1000000.00,4.297378,101.95703125
08:00:19,91282CKU4,TSRYS5814781,D,S,D,2024-06-06,1000000.00,4.297378,101.95703125
08:00:19,91282CKU4,TSRYS5814781,D,S,D,2024-06-06,3000000.00,4.297378,101.95703125
08:00:19,91282CKU4,TSRYS5814781,D,S,D,2024-06-06,1000000.00,4.297378,101.95703125
08:00:19,91282CKU4,TSRYS5814781,D,S,D,2024-06-06,2000000.00,4.297378,101.95703125
08:00:19,91282CKU4,TSRYS5814781,D,S,D,2024-06-06,1000000.00,4.297378,101.95703125
08:00:19,91282CKU4,TSRYS5814781,D,S,D,2024-06-06,2000000.00,4.297378,101.95703125
08:00:19,91282CKU4,TSRYS5814781,D,S,D,2024-06-06,1000000.00,4.297378,101.95703125
08:00:19,91282CKU4,TSRYS5814781,D,S,D,2024-06-06,4000000.00,4.297378,101.95703125
08:00:20,91282CKU4,TSRYS5814781,D,S,D,2024-06-06,5000000.00,4.297378,101.95703125
08:00:20,91282CKU4,TSRYS5814781,D,S,D,2024-06-06,5000000.00,4.297378,101.95703125
08:00:20,91282CKU4,TSRYS5814781,D,S,D,2024-06-06,4000000.00,4.297378,101.95703125
08:00:25,91282CKU4,TSRYS5814781,D,S,D,2024-06-06,4000000.00,4.298348,101.951171875
08:00:25,91282CKU4,TSRYS5814781,D,S,D,2024-06-06,1000000.00,4.298025,101.953125
08:00:25,91282CKU4,TSRYS5814781,D,S,D,2024-06-06,1000000.00,4.298025,101.953125
08:00:25,91282CKU4,TSRYS5814781,D,S,D,2024-06-06,1000000.00,4.298025,101.953125
08:00:25,91282CKU4,TSRYS5814781,D,S,D,2024-06-06,1000000.00,4.298025,101.953125
08:00:25,91282CKU4,TSRYS5814781,D,S,D,2024-06-06,1000000.00,4.298025,101.953125
08:00:25,91282CKU4,TSRYS5814781,D,S,D,2024-06-06,1000000.00,4.298348,101.951171875
08:00:25,91282CKU4,TSRYS5814781,D,S,D,2024-06-06,1000000.00,4.298348,101.951171875
08:00:25,91282CKU4,TSRYS5814781,D,S,D,2024-06-06,1000000.00,4.298348,101.951171875
08:00:25,91282CKU4,TSRYS5814781,D,S,D,2024-06-06,1000000.00,4.298994,101.947265625
08:00:25,91282CKU4,TSRYS5814781,D,S,D,2024-06-06,1000000.00,4.298348,101.951171875
08:00:25,91282CKU4,TSRYS5814781,D,S,D,2024-06-06,1000000.00,4.298025,101.953125
08:00:25,91282CKU4,TSRYS5814781,D,S,D,2024-06-06,2000000.00,4.298348,101.951171875
08:00:25,91282CKU4,TSRYS5814781,D,S,D,2024-06-06,1000000.00,4.298025,101.953125
08:00:25,91282CKU4,TSRYS5814781,D,S,D,2024-06-06,1000000.00,4.298994,101.947265625
08:00:25,91282CKU4,TSRYS5814781,D,S,D,2024-06-06,2000000.00,4.298994,101.947265625
08:00:25,91282CKU4,TSRYS5814781,D,S,D,2024-06-06,1000000.00,4.298994,101.947265625
08:00:25,91282CKU4,TSRYS5814781,D,S,D,2024-06-06,2000000.00,4.299317,101.9453125
08:00:25,91282CKU4,TSRYS5814781,D,S,D,2024-06-06,1000000.00,4.299317,101.9453125
08:00:25,91282CKU4,TSRYS5814781,D,S,D,2024-06-06,1000000.00,4.299317,101.9453125
08:00:25,91282CKU4,TSRYS5814781,D,S,D,2024-06-06,2000000.00,4.298994,101.947265625
08:00:25,91282CKU4,TSRYS5814781,D,S,D,2024-06-06,2000000.00,4.298348,101.951171875
08:00:25,91282CKU4,TSRYS5814781,D,S,D,2024-06-06,1000000.00,4.298025,101.953125
08:00:25,91282CKU4,TSRYS5814781,D,S,D,2024-06-06,1000000.00,4.298994,101.947265625
08:00:25,91282CKU4,TSRYS5814781,D,S,D,2024-06-06,1000000.00,4.298994,101.947265625
08:00:25,91282CKU4,TSRYS5814781,D,S,D,2024-06-06,3000000.00,4.298994,101.947265625
08:00:25,91282CKU4,TSRYS5814781,D,S,D,2024-06-06,2000000.00,4.299317,101.9453125
08:00:28,91282CKU4,TSRYS5814781,D,B,A,2024-06-06,50000000.00,4.303196,101.921875
08:00:28,91282CKU4,TSRYS5814781,D,S,T,2024-06-06,1000000.00,4.301903,101.9296875
08:00:28,91282CKU4,TSRYS5814781,D,S,T,2024-06-06,1000000.00,4.301903,101.9296875
08:00:28,91282CKU4,TSRYS5814781,D,S,D,2024-06-06,5000000.00,4.298025,101.953125
08:00:29,91282CKU4,TSRYS5814781,D,S,D,2024-06-06,1000000.00,4.298994,101.947265625
08:00:29,91282CKU4,TSRYS5814781,D,S,T,2024-06-06,1000000.00,4.30061,101.9375
08:00:29,91282CKU4,TSRYS5814781,D,S,D,2024-06-06,1000000.00,4.298348,101.951171875
08:00:29,91282CKU4,TSRYS5814781,D,S,T,2024-06-06,1000000.00,4.301903,101.9296875
08:00:29,91282CKU4,TSRYS5814781,D,S,D,2024-06-06,1000000.00,4.298994,101.947265625
08:00:29,91282CKU4,TSRYS5814781,D,S,T,2024-06-06,1000000.00,4.30061,101.9375
08:00:29,91282CKU4,TSRYS5814781,D,S,T,2024-06-06,1000000.00,4.30061,101.9375
08:00:29,91282CKU4,TSRYS5814781,D,S,D,2024-06-06,1000000.00,4.298994,101.947265625
08:00:29,91282CKU4,TSRYS5814781,D,S,D,2024-06-06,2000000.00,4.298994,101.947265625
08:00:29,91282CKU4,TSRYS5814781,D,S,T,2024-06-06,2000000.00,4.301903,101.9296875
08:00:29,91282CKU4,TSRYS5814781,D,S,D,2024-06-06,1000000.00,4.299317,101.9453125
08:00:29,91282CKU4,TSRYS5814781,D,S,T,2024-06-06,1000000.00,4.301903,101.9296875
08:00:30,91282CKU4,TSRYS5814781,D,S,T,2024-06-06,1000000.00,4.286397,102.0234375
08:00:30,91282CKU4,TSRYS5814781,D,S,T,2024-06-06,1000000.00,4.290272,102.0
08:00:30,91282CKU4,TSRYS5814781,D,S,T,2024-06-06,1000000.00,4.28898,102.0078125
08:00:30,91282CKU4,TSRYS5814781,D,S,T,2024-06-06,1000000.00,4.28898,102.0078125
08:00:30,91282CKU4,TSRYS5814781,D,S,T,2024-06-06,1000000.00,4.28898,102.0078125
08:00:30,91282CKU4,TSRYS5814781,D,S,T,2024-06-06,1000000.00,4.28898,102.0078125
08:00:30,91282CKU4,TSRYS5814781,D,S,T,2024-06-06,1000000.00,4.287689,102.015625
08:00:30,91282CKU4,TSRYS5814781,D,S,T,2024-06-06,1000000.00,4.288011,102.013671875
08:00:30,91282CKU4,TSRYS5814781,D,S,T,2024-06-06,1000000.00,4.288334,102.01171875
08:00:30,91282CKU4,TSRYS5814781,D,S,T,2024-06-06,1000000.00,4.288657,102.009765625
08:00:30,91282CKU4,TSRYS5814781,D,S,T,2024-06-06,1000000.00,4.28898,102.0078125
08:00:30,91282CKU4,TSRYS5814781,D,S,T,2024-06-06,2000000.00,4.289303,102.005859375
08:00:30,91282CKU4,TSRYS5814781,D,S,T,2024-06-06,1000000.00,4.290595,101.998046875
08:00:30,91282CKU4,TSRYS5814781,D,S,T,2024-06-06,1000000.00,4.290595,101.998046875
08:00:30,91282CKU4,TSRYS5814781,D,S,T,2024-06-06,1000000.00,4.296086,101.96484375
08:00:30,91282CKU4,TSRYS5814781,D,S,T,2024-06-06,1000000.00,4.296409,101.962890625
08:00:30,91282CKU4,TSRYS5814781,D,S,T,2024-06-06,1000000.00,4.296732,101.9609375
08:00:30,91282CKU4,TSRYS5814781,D,S,T,2024-06-06,3000000.00,4.296732,101.9609375
08:00:30,91282CKU4,TSRYS5814781,D,S,T,2024-06-06,1000000.00,4.296732,101.9609375
08:00:30,91282CKU4,TSRYS5814781,D,S,T,2024-06-06,1000000.00,4.296732,101.9609375
08:00:30,91282CKU4,TSRYS5814781,D,S,T,2024-06-06,1000000.00,4.296732,101.9609375
08:00:30,91282CKU4,TSRYS5814781,D,S,T,2024-06-06,1000000.00,4.298025,101.953125
08:00:30,91282CKU4,TSRYS5814781,D,S,T,2024-06-06,1000000.00,4.299317,101.9453125
08:00:30,91282CKU4,TSRYS5814781,D,S,T,2024-06-06,1000000.00,4.299317,101.9453125
08:00:30,91282CKU4,TSRYS5814781,D,S,T,2024-06-06,1000000.00,4.299317,101.9453125
08:00:30,91282CKU4,TSRYS5814781,D,S,T,2024-06-06,1000000.00,4.299317,101.9453125
08:00:30,91282CKU4,TSRYS5814781,D,S,T,2024-06-06,1000000.00,4.299317,101.9453125
08:00:30,91282CKU4,TSRYS5814781,D,S,T,2024-06-06,1000000.00,4.299317,101.9453125
08:00:30,91282CKU4,TSRYS5814781,D,S,T,2024-06-06,1000000.00,4.299317,101.9453125
08:00:30,91282CKU4,TSRYS5814781,D,S,T,2024-06-06,1000000.00,4.299317,101.9453125
08:00:30,91282CKU4,TSRYS5814781,D,S,T,2024-06-06,1000000.00,4.299317,101.9453125
08:00:30,91282CKU4,TSRYS5814781,D,S,T,2024-06-06,1000000.00,4.299317,101.9453125
08:00:30,91282CKU4,TSRYS5814781,D,S,T,2024-06-06,1000000.00,4.299317,101.9453125
08:00:30,91282CKU4,TSRYS5814781,D,S,T,2024-06-06,1000000.00,4.299317,101.9453125
08:00:30,91282CKU4,TSRYS5814781,D,S,T,2024-06-06,1000000.00,4.30061,101.9375
08:00:30,91282CKU4,TSRYS5814781,D,S,T,2024-06-06,1000000.00,4.30061,101.9375
08:00:30,91282CKU4,TSRYS5814781,D,S,T,2024-06-06,1000000.00,4.301903,101.9296875
08:00:30,91282CKU4,TSRYS5814781,D,S,T,2024-06-06,1000000.00,4.299317,101.9453125
08:00:30,91282CKU4,TSRYS5814781,D,S,T,2024-06-06,1000000.00,4.299317,101.9453125
08:00:30,91282CKU4,TSRYS5814781,D,S,T,2024-06-06,1000000.00,4.296732,101.9609375
08:00:30,91282CKU4,TSRYS5814781,D,S,T,2024-06-06,1000000.00,4.29544,101.96875
08:00:30,91282CKU4,TSRYS5814781,D,S,T,2024-06-06,1000000.00,4.296732,101.9609375
08:00:30,91282CKU4,TSRYS5814781,D,S,T,2024-06-06,1000000.00,4.299317,101.9453125
08:00:30,91282CKU4,TSRYS5814781,D,S,T,2024-06-06,1000000.00,4.296732,101.9609375
08:00:30,91282CKU4,TSRYS5814781,D,S,T,2024-06-06,2000000.00,4.299317,101.9453125
08:00:30,91282CKU4,TSRYS5814781,D,S,T,2024-06-06,1000000.00,4.299317,101.9453125
08:00:30,91282CKU4,TSRYS5814781,D,S,T,2024-06-06,1000000.00,4.298025,101.953125
08:00:30,91282CKU4,TSRYS5814781,D,S,T,2024-06-06,4000000.00,4.301256,101.93359375
08:00:30,91282CKU4,TSRYS5814781,D,S,T,2024-06-06,1000000.00,4.29544,101.96875
08:00:33,91282CKU4,TSRYS5814781,D,S,T,2024-06-06,1000000.00,4.308368,101.890625
08:00:33,91282CKU4,TSRYS5814781,D,S,T,2024-06-06,1000000.00,4.291564,101.9921875
08:00:33,91282CKU4,TSRYS5814781,D,S,T,2024-06-06,1000000.00,4.292856,101.984375
08:00:33,91282CKU4,TSRYS5814781,D,S,T,2024-06-06,1000000.00,4.293179,101.982421875
08:00:33,91282CKU4,TSRYS5814781,D,S,T,2024-06-06,1000000.00,4.294148,101.9765625
08:00:33,91282CKU4,TSRYS5814781,D,S,T,2024-06-06,1000000.00,4.294148,101.9765625
08:00:33,91282CKU4,TSRYS5814781,D,S,T,2024-06-06,1000000.00,4.294148,101.9765625
08:00:33,91282CKU4,TSRYS5814781,D,S,T,2024-06-06,1000000.00,4.294148,101.9765625
08:00:33,91282CKU4,TSRYS5814781,D,S,T,2024-06-06,1000000.00,4.295763,101.966796875
08:00:33,91282CKU4,TSRYS5814781,D,S,T,2024-06-06,1000000.00,4.29544,101.96875
08:00:33,91282CKU4,TSRYS5814781,D,S,T,2024-06-06,1000000.00,4.29544,101.96875
08:00:33,91282CKU4,TSRYS5814781,D,S,T,2024-06-06,1000000.00,4.29544,101.96875
08:00:33,91282CKU4,TSRYS5814781,D,S,T,2024-06-06,1000000.00,4.29544,101.96875
08:00:33,91282CKU4,TSRYS5814781,D,S,T,2024-06-06,3000000.00,4.296409,101.962890625
08:00:33,91282CKU4,TSRYS5814781,D,S,T,2024-06-06,1000000.00,4.296409,101.962890625
08:00:33,91282CKU4,TSRYS5814781,D,S,T,2024-06-06,1000000.00,4.301903,101.9296875
08:00:33,91282CKU4,TSRYS5814781,D,S,T,2024-06-06,1000000.00,4.30061,101.9375
08:00:33,91282CKU4,TSRYS5814781,D,S,T,2024-06-06,1000000.00,4.303196,101.921875
08:00:33,91282CKU4,TSRYS5814781,D,S,T,2024-06-06,1000000.00,4.303196,101.921875
08:00:33,91282CKU4,TSRYS5814781,D,S,T,2024-06-06,1000000.00,4.303196,101.921875
08:00:33,91282CKU4,TSRYS5814781,D,S,T,2024-06-06,1000000.00,4.303196,101.921875
08:00:33,91282CKU4,TSRYS5814781,D,S,T,2024-06-06,1000000.00,4.303196,101.921875
08:00:33,91282CKU4,TSRYS5814781,D,S,T,2024-06-06,1000000.00,4.303196,101.921875
08:00:33,91282CKU4,TSRYS5814781,D,S,T,2024-06-06,1000000.00,4.301903,101.9296875
08:00:33,91282CKU4,TSRYS5814781,D,S,T,2024-06-06,1000000.00,4.303196,101.921875
08:00:33,91282CKU4,TSRYS5814781,D,S,T,2024-06-06,1000000.00,4.301903,101.9296875
08:00:33,91282CKU4,TSRYS5814781,D,S,T,2024-06-06,1000000.00,4.301903,101.9296875
08:00:33,91282CKU4,TSRYS5814781,D,S,T,2024-06-06,1000000.00,4.30061,101.9375
08:00:33,91282CKU4,TSRYS5814781,D,S,T,2024-06-06,2000000.00,4.301256,101.93359375
08:00:33,91282CKU4,TSRYS5814781,D,S,T,2024-06-06,1000000.00,4.301903,101.9296875
08:00:33,91282CKU4,TSRYS5814781,D,S,T,2024-06-06,1000000.00,4.301903,101.9296875
08:00:33,91282CKU4,TSRYS5814781,D,S,T,2024-06-06,1000000.00,4.301903,101.9296875
08:00:33,91282CKU4,TSRYS5814781,D,S,T,2024-06-06,1000000.00,4.303196,101.921875
08:00:33,91282CKU4,TSRYS5814781,D,S,T,2024-06-06,1000000.00,4.303196,101.921875
08:00:33,91282CKU4,TSRYS5814781,D,S,T,2024-06-06,1000000.00,4.303196,101.921875
08:00:33,91282CKU4,TSRYS5814781,D,S,T,2024-06-06,1000000.00,4.303196,101.921875
08:00:33,91282CKU4,TSRYS5814781,D,S,T,2024-06-06,1000000.00,4.303196,101.921875
08:00:33,91282CKU4,TSRYS5814781,D,S,T,2024-06-06,2000000.00,4.303519,101.919921875
08:00:33,91282CKU4,TSRYS5814781,D,S,T,2024-06-06,2000000.00,4.303519,101.919921875
08:00:33,91282CKU4,TSRYS5814781,D,S,T,2024-06-06,2000000.00,4.303519,101.919921875
08:00:33,91282CKU4,TSRYS5814781,D,S,T,2024-06-06,2000000.00,4.303519,101.919921875
08:00:33,91282CKU4,TSRYS5814781,D,S,T,2024-06-06,2000000.00,4.303519,101.919921875
08:00:33,91282CKU4,TSRYS5814781,D,S,T,2024-06-06,1000000.00,4.303519,101.919921875
08:00:33,91282CKU4,TSRYS5814781,D,S,T,2024-06-06,2000000.00,4.303519,101.919921875
08:00:33,91282CKU4,TSRYS5814781,D,S,T,2024-06-06,2000000.00,4.303519,101.919921875
08:00:33,91282CKU4,TSRYS5814781,D,S,T,2024-06-06,1000000.00,4.303196,101.921875
08:00:33,91282CKU4,TSRYS5814781,D,S,T,2024-06-06,1000000.00,4.305458,101.908203125
08:00:33,91282CKU4,TSRYS5814781,D,S,T,2024-06-06,1000000.00,4.305782,101.90625
08:00:33,91282CKU4,TSRYS5814781,D,S,T,2024-06-06,1000000.00,4.305782,101.90625
08:00:33,91282CKU4,TSRYS5814781,D,S,T,2024-06-06,3000000.00,4.304489,101.9140625
08:00:33,91282CKU4,TSRYS5814781,D,S,T,2024-06-06,1000000.00,4.304489,101.9140625
08:00:33,91282CKU4,TSRYS5814781,D,S,T,2024-06-06,1000000.00,4.304489,101.9140625
08:00:33,91282CKU4,TSRYS5814781,D,S,T,2024-06-06,1000000.00,4.304489,101.9140625
08:00:33,91282CKU4,TSRYS5814781,D,S,T,2024-06-06,1000000.00,4.304489,101.9140625
08:00:33,91282CKU4,TSRYS5814781,D,S,T,2024-06-06,1000000.00,4.304489,101.9140625
08:00:33,91282CKU4,TSRYS5814781,D,S,T,2024-06-06,1000000.00,4.304489,101.9140625
08:00:33,91282CKU4,TSRYS5814781,D,S,T,2024-06-06,1000000.00,4.304489,101.9140625
08:00:33,91282CKU4,TSRYS5814781,D,S,T,2024-06-06,1000000.00,4.304489,101.9140625
08:00:33,91282CKU4,TSRYS5814781,D,S,T,2024-06-06,1000000.00,4.304489,101.9140625
08:00:33,91282CKU4,TSRYS5814781,D,S,T,2024-06-06,1000000.00,4.304489,101.9140625
08:00:33,91282CKU4,TSRYS5814781,D,S,T,2024-06-06,1000000.00,4.304489,101.9140625
08:00:33,91282CKU4,TSRYS5814781,D,S,T,2024-06-06,1000000.00,4.304489,101.9140625
08:00:33,91282CKU4,TSRYS5814781,D,S,T,2024-06-06,1000000.00,4.304489,101.9140625
08:00:33,91282CKU4,TSRYS5814781,D,S,T,2024-06-06,2000000.00,4.304489,101.9140625
08:00:33,91282CKU4,TSRYS5814781,D,S,T,2024-06-06,1000000.00,4.304489,101.9140625
08:00:33,91282CKU4,TSRYS5814781,D,S,T,2024-06-06,1000000.00,4.304489,101.9140625
08:00:33,91282CKU4,TSRYS5814781,D,S,T,2024-06-06,1000000.00,4.304489,101.9140625
08:00:33,91282CKU4,TSRYS5814781,D,S,T,2024-06-06,1000000.00,4.304489,101.9140625
08:00:33,91282CKU4,TSRYS5814781,D,S,T,2024-06-06,1000000.00,4.304489,101.9140625
08:00:33,91282CKU4,TSRYS5814781,D,S,T,2024-06-06,1000000.00,4.304489,101.9140625
08:00:33,91282CKU4,TSRYS5814781,D,S,T,2024-06-06,2000000.00,4.304489,101.9140625
08:00:33,91282CKU4,TSRYS5814781,D,S,T,2024-06-06,2000000.00,4.304489,101.9140625
08:00:33,91282CKU4,TSRYS5814781,D,S,T,2024-06-06,1000000.00,4.305782,101.90625
08:00:33,91282CKU4,TSRYS5814781,D,S,T,2024-06-06,2000000.00,4.306428,101.90234375
08:00:33,91282CKU4,TSRYS5814781,D,S,T,2024-06-06,1000000.00,4.307075,101.8984375
08:00:33,91282CKU4,TSRYS5814781,D,S,T,2024-06-06,1000000.00,4.307075,101.8984375
08:00:33,91282CKU4,TSRYS5814781,D,S,T,2024-06-06,1000000.00,4.307075,101.8984375
08:00:33,91282CKU4,TSRYS5814781,D,S,T,2024-06-06,1000000.00,4.307075,101.8984375
08:00:33,91282CKU4,TSRYS5814781,D,S,T,2024-06-06,1000000.00,4.307075,101.8984375
08:00:33,91282CKU4,TSRYS5814781,D,S,T,2024-06-06,1000000.00,4.307075,101.8984375
08:00:33,91282CKU4,TSRYS5814781,D,S,T,2024-06-06,1000000.00,4.307075,101.8984375
08:00:33,91282CKU4,TSRYS5814781,D,S,T,2024-06-06,1000000.00,4.307075,101.8984375
08:00:33,91282CKU4,TSRYS5814781,D,S,T,2024-06-06,1000000.00,4.307075,101.8984375
08:00:33,91282CKU4,TSRYS5814781,D,S,T,2024-06-06,1000000.00,4.307075,101.8984375
08:00:33,91282CKU4,TSRYS5814781,D,S,T,2024-06-06,1000000.00,4.307075,101.8984375
08:00:33,91282CKU4,TSRYS5814781,D,S,T,2024-06-06,1000000.00,4.307398,101.896484375
08:00:33,91282CKU4,TSRYS5814781,D,S,T,2024-06-06,1000000.00,4.307722,101.89453125
08:00:33,91282CKU4,TSRYS5814781,D,S,T,2024-06-06,1000000.00,4.308368,101.890625
08:00:33,91282CKU4,TSRYS5814781,D,S,T,2024-06-06,1000000.00,4.308368,101.890625
08:00:33,91282CKU4,TSRYS5814781,D,S,T,2024-06-06,1000000.00,4.308692,101.888671875
08:00:33,91282CKU4,TSRYS5814781,D,S,T,2024-06-06,1000000.00,4.308368,101.890625
08:00:33,91282CKU4,TSRYS5814781,D,S,T,2024-06-06,2000000.00,4.308692,101.888671875
08:00:33,91282CKU4,TSRYS5814781,D,S,T,2024-06-06,1000000.00,4.308692,101.888671875
08:00:33,91282CKU4,TSRYS5814781,D,S,T,2024-06-06,1000000.00,4.308692,101.888671875
08:00:33,91282CKU4,TSRYS5814781,D,S,T,2024-06-06,1000000.00,4.308692,101.888671875
08:00:33,91282CKU4,TSRYS5814781,D,S,T,2024-06-06,1000000.00,4.309015,101.88671875
08:00:33,91282CKU4,TSRYS5814781,D,S,T,2024-06-06,1000000.00,4.308692,101.888671875
08:00:33,91282CKU4,TSRYS5814781,D,S,T,2024-06-06,1000000.00,4.308692,101.888671875
08:00:33,91282CKU4,TSRYS5814781,D,S,T,2024-06-06,1000000.00,4.309015,101.88671875
08:00:33,91282CKU4,TSRYS5814781,D,S,T,2024-06-06,5000000.00,4.309015,101.88671875
08:00:33,91282CKU4,TSRYS5814781,D,S,T,2024-06-06,1000000.00,4.309338,101.884765625
08:00:33,91282CKU4,TSRYS5814781,D,S,T,2024-06-06,1000000.00,4.309338,101.884765625
08:00:33,91282CKU4,TSRYS5814781,D,S,T,2024-06-06,1000000.00,4.309662,101.8828125
08:00:33,91282CKU4,TSRYS5814781,D,S,T,2024-06-06,1000000.00,4.309662,101.8828125
08:00:33,91282CKU4,TSRYS5814781,D,S,T,2024-06-06,1000000.00,4.310955,101.875
08:00:33,91282CKU4,TSRYS5814781,D,S,T,2024-06-06,2000000.00,4.310955,101.875
08:00:33,91282CKU4,TSRYS5814781,D,S,T,2024-06-06,1000000.00,4.310955,101.875
08:00:33,91282CKU4,TSRYS5814781,D,S,T,2024-06-06,5000000.00,4.311279,101.873046875
08:00:33,91282CKU4,TSRYS5814781,D,S,T,2024-06-06,1000000.00,4.311279,101.873046875
08:00:33,91282CKU4,TSRYS5814781,D,S,T,2024-06-06,1000000.00,4.311279,101.873046875
08:00:33,91282CKU4,TSRYS5814781,D,S,T,2024-06-06,1000000.00,4.310955,101.875
08:00:33,91282CKU4,TSRYS5814781,D,S,T,2024-06-06,1000000.00,4.310955,101.875
08:00:33,91282CKU4,TSRYS5814781,D,S,T,2024-06-06,1000000.00,4.310955,101.875
08:00:33,91282CKU4,TSRYS5814781,D,S,T,2024-06-06,1000000.00,4.310955,101.875
08:00:33,91282CKU4,TSRYS5814781,D,S,T,2024-06-06,1000000.00,4.310955,101.875
08:00:33,91282CKU4,TSRYS5814781,D,S,T,2024-06-06,1000000.00,4.310955,101.875
08:00:33,91282CKU4,TSRYS5814781,D,S,T,2024-06-06,1000000.00,4.310955,101.875
08:00:33,91282CKU4,TSRYS5814781,D,S,T,2024-06-06,1000000.00,4.308368,101.890625
08:00:33,91282CKU4,TSRYS5814781,D,S,T,2024-06-06,1000000.00,4.307075,101.8984375
08:00:33,91282CKU4,TSRYS5814781,D,S,T,2024-06-06,1000000.00,4.307722,101.89453125
08:00:33,91282CKU4,TSRYS5814781,D,S,T,2024-06-06,1000000.00,4.308368,101.890625
08:00:33,91282CKU4,TSRYS5814781,D,S,T,2024-06-06,1000000.00,4.308368,101.890625
08:00:33,91282CKU4,TSRYS5814781,D,S,T,2024-06-06,1000000.00,4.307075,101.8984375
08:00:33,91282CKU4,TSRYS5814781,D,S,T,2024-06-06,1000000.00,4.308045,101.892578125
08:00:33,91282CKU4,TSRYS5814781,D,S,T,2024-06-06,1000000.00,4.305782,101.90625
08:00:33,91282CKU4,TSRYS5814781,D,S,T,2024-06-06,2000000.00,4.307398,101.896484375
08:00:33,91282CKU4,TSRYS5814781,D,S,T,2024-06-06,1000000.00,4.308692,101.888671875
08:00:33,91282CKU4,TSRYS5814781,D,S,T,2024-06-06,1000000.00,4.307075,101.8984375
08:00:33,91282CKU4,TSRYS5814781,D,S,T,2024-06-06,1000000.00,4.307722,101.89453125
08:00:33,91282CKU4,TSRYS5814781,D,S,T,2024-06-06,1000000.00,4.308368,101.890625
08:00:33,91282CKU4,TSRYS5814781,D,S,T,2024-06-06,1000000.00,4.308692,101.888671875
08:00:33,91282CKU4,TSRYS5814781,D,S,T,2024-06-06,1000000.00,4.308368,101.890625
08:00:33,91282CKU4,TSRYS5814781,D,S,T,2024-06-06,1000000.00,4.308368,101.890625
08:00:33,91282CKU4,TSRYS5814781,D,S,T,2024-06-06,2000000.00,4.309015,101.88671875
08:00:33,91282CKU4,TSRYS5814781,D,S,T,2024-06-06,1000000.00,4.304489,101.9140625
08:00:33,91282CKU4,TSRYS5814781,D,S,T,2024-06-06,1000000.00,4.304489,101.9140625
08:00:33,91282CKU4,TSRYS5814781,D,S,T,2024-06-06,1000000.00,4.305782,101.90625
08:00:33,91282CKU4,TSRYS5814781,D,S,T,2024-06-06,1000000.00,4.305782,101.90625
08:00:33,91282CKU4,TSRYS5814781,D,S,T,2024-06-06,2000000.00,4.305782,101.90625
08:00:33,91282CKU4,TSRYS5814781,D,S,T,2024-06-06,2000000.00,4.306428,101.90234375
08:00:33,91282CKU4,TSRYS5814781,D,S,T,2024-06-06,1000000.00,4.306428,101.90234375
08:00:33,91282CKU4,TSRYS5814781,D,S,T,2024-06-06,3000000.00,4.306428,101.90234375
08:00:33,91282CKU4,TSRYS5814781,D,S,T,2024-06-06,2000000.00,4.306428,101.90234375
08:00:33,91282CKU4,TSRYS5814781,D,S,T,2024-06-06,1000000.00,4.301903,101.9296875
08:00:33,91282CKU4,TSRYS5814781,D,S,T,2024-06-06,1000000.00,4.299317,101.9453125
08:00:33,91282CKU4,TSRYS5814781,D,S,T,2024-06-06,1000000.00,4.298025,101.953125
08:00:33,91282CKU4,TSRYS5814781,D,S,T,2024-06-06,2000000.00,4.296732,101.9609375
08:00:33,91282CKU4,TSRYS5814781,D,S,T,2024-06-06,1000000.00,4.295763,101.966796875
08:00:33,91282CKU4,TSRYS5814781,D,S,T,2024-06-06,1000000.00,4.29544,101.96875
08:00:33,91282CKU4,TSRYS5814781,D,S,T,2024-06-06,1000000.00,4.29544,101.96875
08:00:33,91282CKU4,TSRYS5814781,D,S,T,2024-06-06,1000000.00,4.29544,101.96875
08:00:33,91282CKU4,TSRYS5814781,D,S,T,2024-06-06,1000000.00,4.29544,101.96875
08:00:33,91282CKU4,TSRYS5814781,D,S,T,2024-06-06,1000000.00,4.29544,101.96875
08:00:33,91282CKU4,TSRYS5814781,D,S,T,2024-06-06,1000000.00,4.29544,101.96875
08:00:33,91282CKU4,TSRYS5814781,D,S,T,2024-06-06,1000000.00,4.29544,101.96875
08:00:33,91282CKU4,TSRYS5814781,D,S,T,2024-06-06,1000000.00,4.29544,101.96875
08:00:33,91282CKU4,TSRYS5814781,D,S,T,2024-06-06,1000000.00,4.29544,101.96875
08:00:33,91282CKU4,TSRYS5814781,D,S,T,2024-06-06,1000000.00,4.29544,101.96875
08:00:33,91282CKU4,TSRYS5814781,D,S,T,2024-06-06,1000000.00,4.29544,101.96875
08:00:33,91282CKU4,TSRYS5814781,D,S,T,2024-06-06,1000000.00,4.29544,101.96875
08:00:33,91282CKU4,TSRYS5814781,D,S,T,2024-06-06,1000000.00,4.29544,101.96875
08:00:33,91282CKU4,TSRYS5814781,D,S,T,2024-06-06,1000000.00,4.29544,101.96875
08:00:33,91282CKU4,TSRYS5814781,D,S,T,2024-06-06,1000000.00,4.29544,101.96875
08:00:33,91282CKU4,TSRYS5814781,D,S,T,2024-06-06,1000000.00,4.29544,101.96875
08:00:33,91282CKU4,TSRYS5814781,D,S,T,2024-06-06,1000000.00,4.294148,101.9765625
08:00:33,91282CKU4,TSRYS5814781,D,S,T,2024-06-06,1000000.00,4.294148,101.9765625
08:00:33,91282CKU4,TSRYS5814781,D,S,T,2024-06-06,1000000.00,4.294148,101.9765625
08:00:33,91282CKU4,TSRYS5814781,D,S,T,2024-06-06,1000000.00,4.294148,101.9765625
08:00:33,91282CKU4,TSRYS5814781,D,S,T,2024-06-06,1000000.00,4.294148,101.9765625
08:00:33,91282CKU4,TSRYS5814781,D,S,T,2024-06-06,1000000.00,4.294148,101.9765625
08:00:33,91282CKU4,TSRYS5814781,D,S,T,2024-06-06,1000000.00,4.294148,101.9765625
08:00:33,91282CKU4,TSRYS5814781,D,S,T,2024-06-06,1000000.00,4.294148,101.9765625
08:00:33,91282CKU4,TSRYS5814781,D,S,T,2024-06-06,1000000.00,4.294148,101.9765625
08:00:33,91282CKU4,TSRYS5814781,D,S,T,2024-06-06,1000000.00,4.294148,101.9765625
08:00:33,91282CKU4,TSRYS5814781,D,S,T,2024-06-06,1000000.00,4.294148,101.9765625
08:00:33,91282CKU4,TSRYS5814781,D,S,T,2024-06-06,1000000.00,4.292856,101.984375
08:00:33,91282CKU4,TSRYS5814781,D,S,T,2024-06-06,1000000.00,4.292856,101.984375
08:00:33,91282CKU4,TSRYS5814781,D,S,T,2024-06-06,1000000.00,4.29544,101.96875
08:00:33,91282CKU4,TSRYS5814781,D,S,T,2024-06-06,1000000.00,4.298025,101.953125
08:00:33,91282CKU4,TSRYS5814781,D,S,T,2024-06-06,1000000.00,4.298025,101.953125
08:00:33,91282CKU4,TSRYS5814781,D,S,T,2024-06-06,1000000.00,4.29544,101.96875
08:00:33,91282CKU4,TSRYS5814781,D,S,T,2024-06-06,1000000.00,4.29544,101.96875
08:00:33,91282CKU4,TSRYS5814781,D,S,T,2024-06-06,1000000.00,4.29544,101.96875
08:00:33,91282CKU4,TSRYS5814781,D,S,T,2024-06-06,1000000.00,4.296732,101.9609375
08:00:33,91282CKU4,TSRYS5814781,D,S,T,2024-06-06,2000000.00,4.296732,101.9609375
08:00:33,91282CKU4,TSRYS5814781,D,S,T,2024-06-06,1000000.00,4.297055,101.958984375
08:00:33,91282CKU4,TSRYS5814781,D,S,T,2024-06-06,1000000.00,4.297055,101.958984375
08:00:33,91282CKU4,TSRYS5814781,D,S,T,2024-06-06,1000000.00,4.299317,101.9453125
08:00:33,91282CKU4,TSRYS5814781,D,S,T,2024-06-06,1000000.00,4.299317,101.9453125
08:00:33,91282CKU4,TSRYS5814781,D,S,T,2024-06-06,2000000.00,4.299317,101.9453125
08:00:33,91282CKU4,TSRYS5814781,D,S,T,2024-06-06,1000000.00,4.299317,101.9453125
08:00:33,91282CKU4,TSRYS5814781,D,S,T,2024-06-06,1000000.00,4.299317,101.9453125
08:00:33,91282CKU4,TSRYS5814781,D,S,T,2024-06-06,1000000.00,4.299317,101.9453125
08:00:33,91282CKU4,TSRYS5814781,D,S,T,2024-06-06,1000000.00,4.299317,101.9453125
08:00:33,91282CKU4,TSRYS5814781,D,S,T,2024-06-06,1000000.00,4.299317,101.9453125
08:00:33,91282CKU4,TSRYS5814781,D,S,T,2024-06-06,1000000.00,4.299317,101.9453125
08:00:33,91282CKU4,TSRYS5814781,D,S,T,2024-06-06,3000000.00,4.298025,101.953125
08:00:33,91282CKU4,TSRYS5814781,D,S,T,2024-06-06,1000000.00,4.298025,101.953125
08:00:33,91282CKU4,TSRYS5814781,D,S,T,2024-06-06,2000000.00,4.296732,101.9609375
08:00:33,91282CKU4,TSRYS5814781,D,S,T,2024-06-06,1000000.00,4.296732,101.9609375
08:00:33,91282CKU4,TSRYS5814781,D,S,T,2024-06-06,5000000.00,4.296732,101.9609375
08:00:33,91282CKU4,TSRYS5814781,D,S,T,2024-06-06,1000000.00,4.296732,101.9609375
08:00:33,91282CKU4,TSRYS5814781,D,S,T,2024-06-06,1000000.00,4.296732,101.9609375
08:00:33,91282CKU4,TSRYS5814781,D,S,T,2024-06-06,1000000.00,4.298994,101.947265625
08:00:33,91282CKU4,TSRYS5814781,D,S,T,2024-06-06,2000000.00,4.299317,101.9453125
08:00:33,91282CKU4,TSRYS5814781,D,S,T,2024-06-06,1000000.00,4.299317,101.9453125
08:00:33,91282CKU4,TSRYS5814781,D,S,T,2024-06-06,2000000.00,4.299317,101.9453125
08:00:33,91282CKU4,TSRYS5814781,D,S,T,2024-06-06,1000000.00,4.299317,101.9453125
08:00:33,91282CKU4,TSRYS5814781,D,S,T,2024-06-06,1000000.00,4.299317,101.9453125
08:00:33,91282CKU4,TSRYS5814781,D,S,T,2024-06-06,1000000.00,4.299317,101.9453125
08:00:33,91282CKU4,TSRYS5814781,D,S,T,2024-06-06,1000000.00,4.299317,101.9453125
08:00:33,91282CKU4,TSRYS5814781,D,S,T,2024-06-06,1000000.00,4.299317,101.9453125
08:00:33,91282CKU4,TSRYS5814781,D,S,T,2024-06-06,2000000.00,4.299317,101.9453125
08:00:33,91282CKU4,TSRYS5814781,D,S,T,2024-06-06,1000000.00,4.299317,101.9453125
08:00:33,91282CKU4,TSRYS5814781,D,S,T,2024-06-06,1000000.00,4.299317,101.9453125
08:00:33,91282CKU4,TSRYS5814781,D,S,T,2024-06-06,1000000.00,4.298025,101.953125
08:00:33,91282CKU4,TSRYS5814781,D,S,T,2024-06-06,1000000.00,4.299317,101.9453125
08:00:33,91282CKU4,TSRYS5814781,D,S,T,2024-06-06,1000000.00,4.298671,101.94921875
08:00:33,91282CKU4,TSRYS5814781,D,S,T,2024-06-06,1000000.00,4.298671,101.94921875
08:00:33,91282CKU4,TSRYS5814781,D,S,T,2024-06-06,1000000.00,4.298671,101.94921875
08:00:33,91282CKU4,TSRYS5814781,D,S,T,2024-06-06,1000000.00,4.298025,101.953125
08:00:33,91282CKU4,TSRYS5814781,D,S,T,2024-06-06,1000000.00,4.298025,101.953125
08:00:33,91282CKU4,TSRYS5814781,D,S,T,2024-06-06,1000000.00,4.298025,101.953125
08:00:33,91282CKU4,TSRYS5814781,D,S,T,2024-06-06,4000000.00,4.298025,101.953125
08:00:33,91282CKU4,TSRYS5814781,D,S,T,2024-06-06,1000000.00,4.298025,101.953125
08:00:33,91282CKU4,TSRYS5814781,D,S,T,2024-06-06,1000000.00,4.298025,101.953125
08:00:33,91282CKU4,TSRYS5814781,D,S,T,2024-06-06,1000000.00,4.298025,101.953125
08:00:33,91282CKU4,TSRYS5814781,D,S,T,2024-06-06,1000000.00,4.298025,101.953125
08:00:33,91282CKU4,TSRYS5814781,D,S,T,2024-06-06,1000000.00,4.298025,101.953125
08:00:33,91282CKU4,TSRYS5814781,D,S,T,2024-06-06,1000000.00,4.298671,101.94921875
08:00:33,91282CKU4,TSRYS5814781,D,S,T,2024-06-06,1000000.00,4.298348,101.951171875
08:00:33,91282CKU4,TSRYS5814781,D,S,T,2024-06-06,1000000.00,4.299964,101.94140625
08:00:33,91282CKU4,TSRYS5814781,D,S,T,2024-06-06,1000000.00,4.299317,101.9453125
08:00:33,91282CKU4,TSRYS5814781,D,S,T,2024-06-06,1000000.00,4.298994,101.947265625
08:00:33,91282CKU4,TSRYS5814781,D,S,T,2024-06-06,2000000.00,4.299317,101.9453125
08:00:33,91282CKU4,TSRYS5814781,D,S,T,2024-06-06,1000000.00,4.299317,101.9453125
08:00:33,91282CKU4,TSRYS5814781,D,S,T,2024-06-06,5000000.00,4.299317,101.9453125
08:00:33,91282CKU4,TSRYS5814781,D,S,T,2024-06-06,1000000.00,4.299317,101.9453125
08:00:33,91282CKU4,TSRYS5814781,D,S,T,2024-06-06,2000000.00,4.299317,101.9453125
08:00:33,91282CKU4,TSRYS5814781,D,S,T,2024-06-06,1000000.00,4.298994,101.947265625
08:00:33,91282CKU4,TSRYS5814781,D,S,T,2024-06-06,1000000.00,4.298025,101.953125
08:00:33,91282CKU4,TSRYS5814781,D,S,T,2024-06-06,1000000.00,4.298025,101.953125
08:00:33,91282CKU4,TSRYS5814781,D,S,T,2024-06-06,1000000.00,4.299317,101.9453125
08:00:33,91282CKU4,TSRYS5814781,D,S,T,2024-06-06,1000000.00,4.299317,101.9453125
08:00:33,91282CKU4,TSRYS5814781,D,S,T,2024-06-06,2000000.00,4.299317,101.9453125
08:00:33,91282CKU4,TSRYS5814781,D,S,T,2024-06-06,1000000.00,4.301903,101.9296875
08:00:33,91282CKU4,TSRYS5814781,D,S,D,2024-06-06,1000000.00,4.301579,101.931640625
08:00:33,91282CKU4,TSRYS5814781,D,S,T,2024-06-06,1000000.00,4.301903,101.9296875
08:00:33,91282CKU4,TSRYS5814781,D,S,T,2024-06-06,1000000.00,4.301579,101.931640625
08:00:33,91282CKU4,TSRYS5814781,D,S,T,2024-06-06,1000000.00,4.301903,101.9296875
08:00:33,91282CKU4,TSRYS5814781,D,S,T,2024-06-06,1000000.00,4.303842,101.91796875
08:00:33,91282CKU4,TSRYS5814781,D,S,T,2024-06-06,2000000.00,4.304165,101.916015625
08:00:33,91282CKU4,TSRYS5814781,D,S,T,2024-06-06,2000000.00,4.301903,101.9296875
08:00:33,91282CKU4,TSRYS5814781,D,S,D,2024-06-06,1000000.00,4.302872,101.923828125
08:00:33,91282CKU4,TSRYS5814781,D,S,T,2024-06-06,1000000.00,4.303196,101.921875
08:00:33,91282CKU4,TSRYS5814781,D,S,T,2024-06-06,1000000.00,4.303196,101.921875
08:00:33,91282CKU4,TSRYS5814781,D,S,T,2024-06-06,1000000.00,4.303196,101.921875
08:00:33,91282CKU4,TSRYS5814781,D,S,T,2024-06-06,1000000.00,4.303842,101.91796875
08:00:33,91282CKU4,TSRYS5814781,D,S,T,2024-06-06,1000000.00,4.303196,101.921875
08:00:33,91282CKU4,TSRYS5814781,D,S,T,2024-06-06,1000000.00,4.302872,101.923828125
08:00:33,91282CKU4,TSRYS5814781,D,S,T,2024-06-06,1000000.00,4.304489,101.9140625
08:00:33,91282CKU4,TSRYS5814781,D,S,T,2024-06-06,2000000.00,4.304489,101.9140625
08:00:33,91282CKU4,TSRYS5814781,D,S,T,2024-06-06,1000000.00,4.304489,101.9140625
08:00:33,91282CKU4,TSRYS5814781,D,S,T,2024-06-06,1000000.00,4.305782,101.90625
08:00:33,91282CKU4,TSRYS5814781,D,S,T,2024-06-06,1000000.00,4.305782,101.90625
08:00:33,91282CKU4,TSRYS5814781,D,S,T,2024-06-06,1000000.00,4.305782,101.90625
08:00:33,91282CKU4,TSRYS5814781,D,S,T,2024-06-06,1000000.00,4.305782,101.90625
08:00:33,91282CKU4,TSRYS5814781,D,S,T,2024-06-06,1000000.00,4.305782,101.90625
08:00:33,91282CKU4,TSRYS5814781,D,S,T,2024-06-06,1000000.00,4.305782,101.90625
08:00:33,91282CKU4,TSRYS5814781,D,S,T,2024-06-06,1000000.00,4.305782,101.90625
08:00:33,91282CKU4,TSRYS5814781,D,S,T,2024-06-06,1000000.00,4.305782,101.90625
08:00:33,91282CKU4,TSRYS5814781,D,S,T,2024-06-06,1000000.00,4.305782,101.90625
08:00:33,91282CKU4,TSRYS5814781,D,S,T,2024-06-06,1000000.00,4.305782,101.90625
08:00:33,91282CKU4,TSRYS5814781,D,S,T,2024-06-06,2000000.00,4.305782,101.90625
08:00:33,91282CKU4,TSRYS5814781,D,S,T,2024-06-06,2000000.00,4.305782,101.90625
08:00:33,91282CKU4,TSRYS5814781,D,S,T,2024-06-06,2000000.00,4.305782,101.90625
08:00:33,91282CKU4,TSRYS5814781,D,S,T,2024-06-06,1000000.00,4.305782,101.90625
08:00:33,91282CKU4,TSRYS5814781,D,S,T,2024-06-06,1000000.00,4.306752,101.900390625
08:00:33,91282CKU4,TSRYS5814781,D,S,T,2024-06-06,3000000.00,4.307075,101.8984375
08:00:33,91282CKU4,TSRYS5814781,D,S,T,2024-06-06,1000000.00,4.307075,101.8984375
08:00:33,91282CKU4,TSRYS5814781,D,S,T,2024-06-06,1000000.00,4.305782,101.90625
08:00:33,91282CKU4,TSRYS5814781,D,S,T,2024-06-06,1000000.00,4.305782,101.90625
08:00:33,91282CKU4,TSRYS5814781,D,S,D,2024-06-06,1000000.00,4.307075,101.8984375
08:00:33,91282CKU4,TSRYS5814781,D,S,T,2024-06-06,1000000.00,4.309662,101.8828125
08:00:33,91282CKU4,TSRYS5814781,D,S,T,2024-06-06,2000000.00,4.309662,101.8828125
08:00:33,91282CKU4,TSRYS5814781,D,S,T,2024-06-06,1000000.00,4.313866,101.857421875
08:00:33,91282CKU4,TSRYS5814781,D,S,T,2024-06-06,1000000.00,4.314513,101.853515625
08:00:33,91282CKU4,TSRYS5814781,D,S,T,2024-06-06,1000000.00,4.314513,101.853515625
08:00:33,91282CKU4,TSRYS5814781,D,S,T,2024-06-06,1000000.00,4.312249,101.8671875
08:00:33,91282CKU4,TSRYS5814781,D,S,T,2024-06-06,2000000.00,4.313543,101.859375
08:00:33,91282CKU4,TSRYS5814781,D,S,T,2024-06-06,2000000.00,4.313543,101.859375
08:00:33,91282CKU4,TSRYS5814781,D,S,T,2024-06-06,1000000.00,4.313543,101.859375
08:00:33,91282CKU4,TSRYS5814781,D,S,T,2024-06-06,1000000.00,4.313543,101.859375
08:00:33,91282CKU4,TSRYS5814781,D,S,T,2024-06-06,1000000.00,4.313543,101.859375
08:00:33,91282CKU4,TSRYS5814781,D,S,T,2024-06-06,1000000.00,4.313543,101.859375
08:00:33,91282CKU4,TSRYS5814781,D,S,T,2024-06-06,1000000.00,4.313543,101.859375
08:00:33,91282CKU4,TSRYS5814781,D,S,T,2024-06-06,1000000.00,4.313543,101.859375
08:00:33,91282CKU4,TSRYS5814781,D,S,T,2024-06-06,1000000.00,4.313543,101.859375
08:00:33,91282CKU4,TSRYS5814781,D,S,T,2024-06-06,1000000.00,4.310955,101.875
08:00:33,91282CKU4,TSRYS5814781,D,S,D,2024-06-06,1000000.00,4.290272,102.0
08:00:33,91282CKU4,TSRYS5814781,D,S,D,2024-06-06,1000000.00,4.289626,102.00390625
08:00:33,91282CKU4,TSRYS5814781,D,S,D,2024-06-06,1000000.00,4.289626,102.00390625
08:00:33,91282CKU4,TSRYS5814781,D,S,D,2024-06-06,1000000.00,4.288334,102.01171875
08:00:33,91282CKU4,TSRYS5814781,D,S,D,2024-06-06,1000000.00,4.288334,102.01171875
08:00:33,91282CKU4,TSRYS5814781,D,S,D,2024-06-06,1000000.00,4.288334,102.01171875
08:00:33,91282CKU4,TSRYS5814781,D,S,D,2024-06-06,1000000.00,4.298025,101.953125
08:00:33,91282CKU4,TSRYS5814781,D,S,D,2024-06-06,1000000.00,4.309015,101.88671875
08:00:33,91282CKU4,TSRYS5814781,D,S,D,2024-06-06,1000000.00,4.298994,101.947265625
08:00:33,91282CKU4,TSRYS5814781,D,S,D,2024-06-06,1000000.00,4.298994,101.947265625
08:00:33,91282CKU4,TSRYS5814781,D,S,D,2024-06-06,1000000.00,4.301579,101.931640625
08:00:33,91282CKU4,TSRYS5814781,D,S,D,2024-06-06,1000000.00,4.305458,101.908203125
08:00:33,91282CKU4,TSRYS5814781,D,S,D,2024-06-06,1000000.00,4.312249,101.8671875
08:00:33,91282CKU4,TSRYS5814781,D,S,D,2024-06-06,3000000.00,4.297702,101.955078125
08:00:33,91282CKU4,TSRYS5814781,D,S,D,2024-06-06,1000000.00,4.297378,101.95703125
08:00:33,91282CKU4,TSRYS5814781,D,S,D,2024-06-06,1000000.00,4.298025,101.953125
08:00:33,91282CKU4,TSRYS5814781,D,S,D,2024-06-06,1000000.00,4.298025,101.953125
08:00:33,91282CKU4,TSRYS5814781,D,S,D,2024-06-06,1000000.00,4.298025,101.953125
08:00:33,91282CKU4,TSRYS5814781,D,S,D,2024-06-06,1000000.00,4.298025,101.953125
08:00:33,91282CKU4,TSRYS5814781,D,S,D,2024-06-06,1000000.00,4.298025,101.953125
08:00:33,91282CKU4,TSRYS5814781,D,S,D,2024-06-06,5000000.00,4.297702,101.955078125
08:00:33,91282CKU4,TSRYS5814781,D,S,D,2024-06-06,5000000.00,4.297702,101.955078125
08:00:34,91282CKU4,TSRYS5814781,D,S,D,2024-06-06,1000000.00,4.296409,101.962890625
08:00:34,91282CKU4,TSRYS5814781,D,S,D,2024-06-06,1000000.00,4.296086,101.96484375
08:00:34,91282CKU4,TSRYS5814781,D,S,D,2024-06-06,1000000.00,4.296086,101.96484375
08:00:34,91282CKU4,TSRYS5814781,D,S,D,2024-06-06,1000000.00,4.296086,101.96484375
08:00:34,91282CKU4,TSRYS5814781,D,S,D,2024-06-06,1000000.00,4.296086,101.96484375
08:00:34,91282CKU4,TSRYS5814781,D,S,D,2024-06-06,1000000.00,4.296086,101.96484375
08:00:34,91282CKU4,TSRYS5814781,D,S,D,2024-06-06,1000000.00,4.298994,101.947265625
08:00:34,91282CKU4,TSRYS5814781,D,S,D,2024-06-06,1000000.00,4.298994,101.947265625
08:00:34,91282CKU4,TSRYS5814781,D,S,D,2024-06-06,1000000.00,4.298994,101.947265625
08:00:34,91282CKU4,TSRYS5814781,D,S,D,2024-06-06,1000000.00,4.298994,101.947265625
08:00:34,91282CKU4,TSRYS5814781,D,S,D,2024-06-06,1000000.00,4.298994,101.947265625
08:00:34,91282CKU4,TSRYS5814781,D,S,D,2024-06-06,1000000.00,4.298994,101.947265625
08:00:34,91282CKU4,TSRYS5814781,D,S,D,2024-06-06,1000000.00,4.299317,101.9453125
08:00:34,91282CKU4,TSRYS5814781,D,S,D,2024-06-06,1000000.00,4.299317,101.9453125
08:00:34,91282CKU4,TSRYS5814781,D,S,D,2024-06-06,1000000.00,4.301579,101.931640625
08:00:34,91282CKU4,TSRYS5814781,D,S,D,2024-06-06,1000000.00,4.301579,101.931640625
08:00:34,91282CKU4,TSRYS5814781,D,S,D,2024-06-06,1000000.00,4.301579,101.931640625
08:00:34,91282CKU4,TSRYS5814781,D,S,D,2024-06-06,1000000.00,4.301579,101.931640625
08:00:34,91282CKU4,TSRYS5814781,D,S,D,2024-06-06,1000000.00,4.301903,101.9296875
08:00:34,91282CKU4,TSRYS5814781,D,S,D,2024-06-06,1000000.00,4.301903,101.9296875
08:00:34,91282CKU4,TSRYS5814781,D,S,D,2024-06-06,1000000.00,4.302549,101.92578125
08:00:34,91282CKU4,TSRYS5814781,D,S,D,2024-06-06,1000000.00,4.302872,101.923828125
08:00:34,91282CKU4,TSRYS5814781,D,S,D,2024-06-06,1000000.00,4.306752,101.900390625
08:00:34,91282CKU4,TSRYS5814781,D,S,T,2024-06-06,1000000.00,4.297702,101.955078125
08:00:34,91282CKU4,TSRYS5814781,D,S,T,2024-06-06,1000000.00,4.297702,101.955078125
08:00:34,91282CKU4,TSRYS5814781,D,S,T,2024-06-06,1000000.00,4.297702,101.955078125
08:00:34,91282CKU4,TSRYS5814781,D,S,T,2024-06-06,1000000.00,4.297702,101.955078125
08:00:34,91282CKU4,TSRYS5814781,D,S,T,2024-06-06,1000000.00,4.297378,101.95703125
08:00:34,91282CKU4,TSRYS5814781,D,S,T,2024-06-06,1000000.00,4.297378,101.95703125
08:00:34,91282CKU4,TSRYS5814781,D,S,T,2024-06-06,1000000.00,4.297055,101.958984375
08:00:34,91282CKU4,TSRYS5814781,D,S,T,2024-06-06,1000000.00,4.297055,101.958984375
08:00:34,91282CKU4,TSRYS5814781,D,S,T,2024-06-06,1000000.00,4.297055,101.958984375
08:00:34,91282CKU4,TSRYS5814781,D,S,T,2024-06-06,1000000.00,4.29544,101.96875
08:00:34,91282CKU4,TSRYS5814781,D,S,T,2024-06-06,1000000.00,4.299964,101.94140625
08:00:34,91282CKU4,TSRYS5814781,D,S,T,2024-06-06,1000000.00,4.299964,101.94140625
08:00:34,91282CKU4,TSRYS5814781,D,S,T,2024-06-06,1000000.00,4.301903,101.9296875
08:00:34,91282CKU4,TSRYS5814781,D,S,T,2024-06-06,1000000.00,4.301903,101.9296875
08:00:34,91282CKU4,TSRYS5814781,D,S,T,2024-06-06,1000000.00,4.301903,101.9296875
08:00:34,91282CKU4,TSRYS5814781,D,S,T,2024-06-06,1000000.00,4.304165,101.916015625
08:00:34,91282CKU4,TSRYS5814781,D,S,T,2024-06-06,1000000.00,4.305135,101.91015625
08:00:34,91282CKU4,TSRYS5814781,D,S,T,2024-06-06,1000000.00,4.304812,101.912109375
08:00:34,91282CKU4,TSRYS5814781,D,S,T,2024-06-06,1000000.00,4.304489,101.9140625
08:00:34,91282CKU4,TSRYS5814781,D,S,T,2024-06-06,1000000.00,4.304165,101.916015625
08:00:34,91282CKU4,TSRYS5814781,D,S,T,2024-06-06,1000000.00,4.304489,101.9140625
08:00:34,91282CKU4,TSRYS5814781,D,S,T,2024-06-06,1000000.00,4.304489,101.9140625
08:00:34,91282CKU4,TSRYS5814781,D,S,T,2024-06-06,1000000.00,4.308045,101.892578125
08:00:34,91282CKU4,TSRYS5814781,D,S,T,2024-06-06,1000000.00,4.308692,101.888671875
08:00:34,91282CKU4,TSRYS5814781,D,S,T,2024-06-06,2000000.00,4.309015,101.88671875
08:00:34,91282CKU4,TSRYS5814781,D,S,T,2024-06-06,1000000.00,4.309015,101.88671875
08:00:34,91282CKU4,TSRYS5814781,D,S,T,2024-06-06,1000000.00,4.309662,101.8828125
08:00:34,91282CKU4,TSRYS5814781,D,S,T,2024-06-06,1000000.00,4.309015,101.88671875
08:00:34,91282CKU4,TSRYS5814781,D,S,T,2024-06-06,1000000.00,4.309015,101.88671875
08:00:34,91282CKU4,TSRYS5814781,D,S,T,2024-06-06,1000000.00,4.311279,101.873046875
08:00:34,91282CKU4,TSRYS5814781,D,S,T,2024-06-06,1000000.00,4.307722,101.89453125
08:00:34,91282CKU4,TSRYS5814781,D,S,T,2024-06-06,2000000.00,4.307398,101.896484375
08:00:34,91282CKU4,TSRYS5814781,D,S,T,2024-06-06,1000000.00,4.308368,101.890625
08:00:34,91282CKU4,TSRYS5814781,D,S,T,2024-06-06,1000000.00,4.308368,101.890625
08:00:34,91282CKU4,TSRYS5814781,D,S,T,2024-06-06,1000000.00,4.308368,101.890625
08:00:34,91282CKU4,TSRYS5814781,D,S,T,2024-06-06,1000000.00,4.308368,101.890625
08:00:34,91282CKU4,TSRYS5814781,D,S,T,2024-06-06,1000000.00,4.308045,101.892578125
08:00:34,91282CKU4,TSRYS5814781,D,S,T,2024-06-06,1000000.00,4.308045,101.892578125
08:00:34,91282CKU4,TSRYS5814781,D,S,T,2024-06-06,1000000.00,4.306428,101.90234375
08:00:34,91282CKU4,TSRYS5814781,D,S,T,2024-06-06,1000000.00,4.294148,101.9765625
08:00:34,91282CKU4,TSRYS5814781,D,S,T,2024-06-06,1000000.00,4.294148,101.9765625
08:00:34,91282CKU4,TSRYS5814781,D,S,T,2024-06-06,1000000.00,4.293825,101.978515625
08:00:34,91282CKU4,TSRYS5814781,D,S,T,2024-06-06,1000000.00,4.296086,101.96484375
08:00:34,91282CKU4,TSRYS5814781,D,S,T,2024-06-06,1000000.00,4.296086,101.96484375
08:00:34,91282CKU4,TSRYS5814781,D,S,T,2024-06-06,1000000.00,4.297055,101.958984375
08:00:34,91282CKU4,TSRYS5814781,D,S,T,2024-06-06,1000000.00,4.296732,101.9609375
08:00:34,91282CKU4,TSRYS5814781,D,S,T,2024-06-06,1000000.00,4.298025,101.953125
08:00:34,91282CKU4,TSRYS5814781,D,S,T,2024-06-06,1000000.00,4.298671,101.94921875
08:00:34,91282CKU4,TSRYS5814781,D,S,T,2024-06-06,1000000.00,4.298671,101.94921875
08:00:34,91282CKU4,TSRYS5814781,D,S,T,2024-06-06,1000000.00,4.298994,101.947265625
08:00:34,91282CKU4,TSRYS5814781,D,S,T,2024-06-06,1000000.00,4.298994,101.947265625
08:00:34,91282CKU4,TSRYS5814781,D,S,T,2024-06-06,1000000.00,4.298994,101.947265625
08:00:34,91282CKU4,TSRYS5814781,D,S,T,2024-06-06,1000000.00,4.298994,101.947265625
08:00:34,91282CKU4,TSRYS5814781,D,S,T,2024-06-06,1000000.00,4.298994,101.947265625
08:00:34,91282CKU4,TSRYS5814781,D,S,T,2024-06-06,1000000.00,4.298994,101.947265625
08:00:34,91282CKU4,TSRYS5814781,D,S,T,2024-06-06,1000000.00,4.298994,101.947265625
08:00:34,91282CKU4,TSRYS5814781,D,S,T,2024-06-06,1000000.00,4.298994,101.947265625
08:00:34,91282CKU4,TSRYS5814781,D,S,T,2024-06-06,1000000.00,4.299317,101.9453125
08:00:34,91282CKU4,TSRYS5814781,D,S,T,2024-06-06,1000000.00,4.298994,101.947265625
08:00:34,91282CKU4,TSRYS5814781,D,S,T,2024-06-06,1000000.00,4.298994,101.947265625
08:00:34,91282CKU4,TSRYS5814781,D,S,T,2024-06-06,1000000.00,4.298994,101.947265625
08:00:34,91282CKU4,TSRYS5814781,D,S,T,2024-06-06,1000000.00,4.298994,101.947265625
08:00:34,91282CKU4,TSRYS5814781,D,S,T,2024-06-06,1000000.00,4.300287,101.939453125
08:00:34,91282CKU4,TSRYS5814781,D,S,T,2024-06-06,1000000.00,4.300287,101.939453125
08:00:34,91282CKU4,TSRYS5814781,D,S,T,2024-06-06,1000000.00,4.300287,101.939453125
08:00:34,91282CKU4,TSRYS5814781,D,S,T,2024-06-06,1000000.00,4.300287,101.939453125
08:00:34,91282CKU4,TSRYS5814781,D,S,T,2024-06-06,1000000.00,4.300287,101.939453125
08:00:34,91282CKU4,TSRYS5814781,D,S,T,2024-06-06,1000000.00,4.30061,101.9375
08:00:34,91282CKU4,TSRYS5814781,D,S,T,2024-06-06,1000000.00,4.30061,101.9375
08:00:34,91282CKU4,TSRYS5814781,D,S,T,2024-06-06,1000000.00,4.30061,101.9375
08:00:34,91282CKU4,TSRYS5814781,D,S,T,2024-06-06,1000000.00,4.30061,101.9375
08:00:34,91282CKU4,TSRYS5814781,D,S,T,2024-06-06,1000000.00,4.300287,101.939453125
08:00:34,91282CKU4,TSRYS5814781,D,S,T,2024-06-06,1000000.00,4.30061,101.9375
08:00:34,91282CKU4,TSRYS5814781,D,S,T,2024-06-06,1000000.00,4.30061,101.9375
08:00:34,91282CKU4,TSRYS5814781,D,S,T,2024-06-06,1000000.00,4.300933,101.935546875
08:00:34,91282CKU4,TSRYS5814781,D,S,T,2024-06-06,1000000.00,4.300933,101.935546875
08:00:34,91282CKU4,TSRYS5814781,D,S,T,2024-06-06,1000000.00,4.296409,101.962890625
08:00:34,91282CKU4,TSRYS5814781,D,S,T,2024-06-06,1000000.00,4.296409,101.962890625
08:00:34,91282CKU4,TSRYS5814781,D,S,T,2024-06-06,1000000.00,4.296409,101.962890625
08:00:34,91282CKU4,TSRYS5814781,D,S,T,2024-06-06,1000000.00,4.298994,101.947265625
08:00:34,91282CKU4,TSRYS5814781,D,S,T,2024-06-06,1000000.00,4.298994,101.947265625
08:00:34,91282CKU4,TSRYS5814781,D,S,T,2024-06-06,1000000.00,4.298348,101.951171875
08:00:34,91282CKU4,TSRYS5814781,D,S,T,2024-06-06,1000000.00,4.298671,101.94921875
08:00:34,91282CKU4,TSRYS5814781,D,S,T,2024-06-06,1000000.00,4.298348,101.951171875
08:00:34,91282CKU4,TSRYS5814781,D,S,T,2024-06-06,1000000.00,4.298348,101.951171875
08:00:34,91282CKU4,TSRYS5814781,D,S,T,2024-06-06,1000000.00,4.298994,101.947265625
08:00:34,91282CKU4,TSRYS5814781,D,S,T,2024-06-06,1000000.00,4.298994,101.947265625
08:00:34,91282CKU4,TSRYS5814781,D,S,T,2024-06-06,1000000.00,4.298348,101.951171875
08:00:34,91282CKU4,TSRYS5814781,D,S,T,2024-06-06,1000000.00,4.298348,101.951171875
08:00:34,91282CKU4,TSRYS5814781,D,S,T,2024-06-06,1000000.00,4.298348,101.951171875
08:00:34,91282CKU4,TSRYS5814781,D,S,T,2024-06-06,1000000.00,4.298348,101.951171875
08:00:34,91282CKU4,TSRYS5814781,D,S,T,2024-06-06,1000000.00,4.298348,101.951171875
08:00:34,91282CKU4,TSRYS5814781,D,S,T,2024-06-06,1000000.00,4.298348,101.951171875
08:00:34,91282CKU4,TSRYS5814781,D,S,T,2024-06-06,1000000.00,4.298994,101.947265625
08:00:34,91282CKU4,TSRYS5814781,D,S,T,2024-06-06,1000000.00,4.298994,101.947265625
08:00:34,91282CKU4,TSRYS5814781,D,S,T,2024-06-06,1000000.00,4.299317,101.9453125
08:00:34,91282CKU4,TSRYS5814781,D,S,T,2024-06-06,1000000.00,4.301256,101.93359375
08:00:34,91282CKU4,TSRYS5814781,D,S,T,2024-06-06,1000000.00,4.301256,101.93359375
08:00:34,91282CKU4,TSRYS5814781,D,S,T,2024-06-06,1000000.00,4.301256,101.93359375
08:00:34,91282CKU4,TSRYS5814781,D,S,T,2024-06-06,1000000.00,4.304165,101.916015625
08:00:34,91282CKU4,TSRYS5814781,D,S,T,2024-06-06,1000000.00,4.303196,101.921875
08:00:34,91282CKU4,TSRYS5814781,D,S,T,2024-06-06,1000000.00,4.303196,101.921875
08:00:34,91282CKU4,TSRYS5814781,D,S,T,2024-06-06,1000000.00,4.305782,101.90625
08:00:34,91282CKU4,TSRYS5814781,D,S,T,2024-06-06,1000000.00,4.307075,101.8984375
08:00:34,91282CKU4,TSRYS5814781,D,S,T,2024-06-06,1000000.00,4.306428,101.90234375
08:00:34,91282CKU4,TSRYS5814781,D,S,T,2024-06-06,1000000.00,4.306428,101.90234375
08:00:34,91282CKU4,TSRYS5814781,D,S,T,2024-06-06,1000000.00,4.305782,101.90625
08:00:34,91282CKU4,TSRYS5814781,D,S,T,2024-06-06,1000000.00,4.305782,101.90625
08:00:34,91282CKU4,TSRYS5814781,D,S,T,2024-06-06,1000000.00,4.306428,101.90234375
08:00:34,91282CKU4,TSRYS5814781,D,S,T,2024-06-06,1000000.00,4.307075,101.8984375
08:00:34,91282CKU4,TSRYS5814781,D,S,T,2024-06-06,3000000.00,4.309338,101.884765625
08:00:34,91282CKU4,TSRYS5814781,D,S,T,2024-06-06,1000000.00,4.31419,101.85546875
08:00:34,91282CKU4,TSRYS5814781,D,S,T,2024-06-06,1000000.00,4.31419,101.85546875
08:00:34,91282CKU4,TSRYS5814781,D,S,T,2024-06-06,1000000.00,4.311926,101.869140625
08:00:34,91282CKU4,TSRYS5814781,D,S,D,2024-06-06,1000000.00,4.296732,101.9609375
08:00:34,91282CKU4,TSRYS5814781,D,S,T,2024-06-06,1000000.00,4.304489,101.9140625
08:00:34,91282CKU4,TSRYS5814781,D,S,T,2024-06-06,1000000.00,4.304489,101.9140625
08:00:34,91282CKU4,TSRYS5814781,D,S,T,2024-06-06,1000000.00,4.305782,101.90625
08:00:34,91282CKU4,TSRYS5814781,D,S,D,2024-06-06,1000000.00,4.299317,101.9453125
08:00:34,91282CKU4,TSRYS5814781,D,S,D,2024-06-06,1000000.00,4.299317,101.9453125
08:00:34,91282CKU4,TSRYS5814781,D,S,D,2024-06-06,3000000.00,4.299317,101.9453125
08:00:34,91282CKU4,TSRYS5814781,D,S,T,2024-06-06,1000000.00,4.308368,101.890625
08:00:34,91282CKU4,TSRYS5814781,D,S,D,2024-06-06,3000000.00,4.299317,101.9453125
08:00:34,91282CKU4,TSRYS5814781,D,S,T,2024-06-06,1000000.00,4.308368,101.890625
08:00:34,91282CKU4,TSRYS5814781,D,S,D,2024-06-06,4000000.00,4.299317,101.9453125
08:00:34,91282CKU4,TSRYS5814781,D,S,D,2024-06-06,1000000.00,4.299317,101.9453125
08:00:37,91282CKU4,TSRYS5814781,D,S,D,2024-06-06,1000000.00,4.299317,101.9453125
08:00:37,91282CKU4,TSRYS5814781,D,S,D,2024-06-06,2000000.00,4.299317,101.9453125
08:00:37,91282CKU4,TSRYS5814781,D,S,D,2024-06-06,1000000.00,4.299317,101.9453125
08:00:37,91282CKU4,TSRYS5814781,D,S,D,2024-06-06,1000000.00,4.299317,101.9453125
08:00:37,91282CKU4,TSRYS5814781,D,S,D,2024-06-06,2000000.00,4.309662,101.8828125
08:00:37,91282CKU4,TSRYS5814781,D,S,D,2024-06-06,1000000.00,4.309662,101.8828125
08:00:37,91282CKU4,TSRYS5814781,D,S,D,2024-06-06,2000000.00,4.309662,101.8828125
08:00:37,91282CKU4,TSRYS5814781,D,S,D,2024-06-06,1000000.00,4.299317,101.9453125
08:00:37,91282CKU4,TSRYS5814781,D,S,D,2024-06-06,1000000.00,4.309662,101.8828125
08:00:37,91282CKU4,TSRYS5814781,D,S,T,2024-06-06,1000000.00,4.309662,101.8828125
08:00:37,91282CKU4,TSRYS5814781,D,S,D,2024-06-06,2000000.00,4.299317,101.9453125
08:00:37,91282CKU4,TSRYS5814781,D,S,D,2024-06-06,1000000.00,4.299317,101.9453125
08:00:37,91282CKU4,TSRYS5814781,D,S,D,2024-06-06,3000000.00,4.29964,101.943359375
08:00:37,91282CKU4,TSRYS5814781,D,S,D,2024-06-06,3000000.00,4.29964,101.943359375
08:00:37,91282CKU4,TSRYS5814781,D,S,D,2024-06-06,1000000.00,4.29964,101.943359375
08:00:37,91282CKU4,TSRYS5814781,D,S,D,2024-06-06,1000000.00,4.29964,101.943359375
08:00:37,91282CKU4,TSRYS5814781,D,S,D,2024-06-06,1000000.00,4.299964,101.94140625
08:00:37,91282CKU4,TSRYS5814781,D,S,D,2024-06-06,1000000.00,4.299964,101.94140625
08:00:37,91282CKU4,TSRYS5814781,D,S,D,2024-06-06,4000000.00,4.299964,101.94140625
08:00:37,91282CKU4,TSRYS5814781,D,S,T,2024-06-06,2000000.00,4.309662,101.8828125
08:00:37,91282CKU4,TSRYS5814781,D,S,D,2024-06-06,3000000.00,4.299964,101.94140625
08:00:37,91282CKU4,TSRYS5814781,D,S,T,2024-06-06,1000000.00,4.309662,101.8828125
08:00:37,91282CKU4,TSRYS5814781,D,S,D,2024-06-06,1000000.00,4.29964,101.943359375
08:00:37,91282CKU4,TSRYS5814781,D,S,T,2024-06-06,1000000.00,4.309662,101.8828125
08:00:37,91282CKU4,TSRYS5814781,D,S,T,2024-06-06,1000000.00,4.309662,101.8828125
08:00:37,91282CKU4,TSRYS5814781,D,S,D,2024-06-06,1000000.00,4.29964,101.943359375
08:00:37,91282CKU4,TSRYS5814781,D,S,D,2024-06-06,1000000.00,4.299964,101.94140625
08:00:37,91282CKU4,TSRYS5814781,D,S,T,2024-06-06,1000000.00,4.301903,101.9296875
08:00:37,91282CKU4,TSRYS5814781,D,S,T,2024-06-06,1000000.00,4.304489,101.9140625
08:00:37,91282CKU4,TSRYS5814781,D,S,T,2024-06-06,1000000.00,4.304489,101.9140625
08:00:37,91282CKU4,TSRYS5814781,D,S,T,2024-06-06,1000000.00,4.309662,101.8828125
08:00:37,91282CKU4,TSRYS5814781,D,S,T,2024-06-06,1000000.00,4.309662,101.8828125
08:00:37,91282CKU4,TSRYS5814781,D,B,C,2024-06-06,1000000.00,4.299317,101.9453125
08:00:37,91282CKU4,TSRYS5814781,D,S,D,2024-06-06,1000000.00,4.299317,101.9453125
08:00:37,91282CKU4,TSRYS5814781,D,B,C,2024-06-06,1000000.00,4.299317,101.9453125
08:00:37,91282CKU4,TSRYS5814781,D,S,D,2024-06-06,1000000.00,4.299317,101.9453125
08:00:37,91282CKU4,TSRYS5814781,D,S,D,2024-06-06,1000000.00,4.289626,102.00390625
08:00:37,91282CKU4,TSRYS5814781,D,S,T,2024-06-06,1000000.00,4.290595,101.998046875
08:00:37,91282CKU4,TSRYS5814781,D,S,D,2024-06-06,1000000.00,4.298348,101.951171875
08:00:37,91282CKU4,TSRYS5814781,D,S,D,2024-06-06,1000000.00,4.298348,101.951171875
08:00:37,91282CKU4,TSRYS5814781,D,S,T,2024-06-06,1000000.00,4.305782,101.90625
08:00:37,91282CKU4,TSRYS5814781,D,S,T,2024-06-06,1000000.00,4.307075,101.8984375
08:00:37,91282CKU4,TSRYS5814781,D,S,T,2024-06-06,1000000.00,4.309338,101.884765625
08:00:37,91282CKU4,TSRYS5814781,D,S,T,2024-06-06,1000000.00,4.308692,101.888671875
08:00:37,91282CKU4,TSRYS5814781,D,S,T,2024-06-06,1000000.00,4.308368,101.890625
08:00:37,91282CKU4,TSRYS5814781,D,S,T,2024-06-06,1000000.00,4.299317,101.9453125
08:00:37,91282CKU4,TSRYS5814781,D,S,T,2024-06-06,1000000.00,4.298994,101.947265625
08:00:37,91282CKU4,TSRYS5814781,D,S,T,2024-06-06,1000000.00,4.298348,101.951171875
08:00:37,91282CKU4,TSRYS5814781,D,S,T,2024-06-06,1000000.00,4.303196,101.921875
08:00:37,91282CKU4,TSRYS5814781,D,S,T,2024-06-06,1000000.00,4.298025,101.953125
08:00:37,91282CKU4,TSRYS5814781,D,S,D,2024-06-06,1000000.00,4.299317,101.9453125
08:00:37,91282CKU4,TSRYS5814781,D,B,C,2024-06-06,1000000.00,4.299317,101.9453125
08:00:37,91282CKU4,TSRYS5814781,D,B,C,2024-06-06,1000000.00,4.299317,101.9453125
08:00:37,91282CKU4,TSRYS5814781,D,S,D,2024-06-06,1000000.00,4.299317,101.9453125
08:00:37,91282CKU4,TSRYS5814781,D,S,T,2024-06-06,4000000.00,4.308368,101.890625
08:00:37,91282CKU4,TSRYS5814781,D,S,D,2024-06-06,1000000.00,4.299317,101.9453125
08:00:37,91282CKU4,TSRYS5814781,D,B,C,2024-06-06,1000000.00,4.299317,101.9453125
08:00:37,91282CKU4,TSRYS5814781,D,S,D,2024-06-06,1000000.00,4.299317,101.9453125
08:00:37,91282CKU4,TSRYS5814781,D,B,C,2024-06-06,1000000.00,4.299317,101.9453125
08:00:37,91282CKU4,TSRYS5814781,D,S,D,2024-06-06,4000000.00,4.299317,101.9453125
08:00:37,91282CKU4,TSRYS5814781,D,B,C,2024-06-06,4000000.00,4.299317,101.9453125
08:00:37,91282CKU4,TSRYS5814781,D,S,T,2024-06-06,1000000.00,4.29544,101.96875
08:00:37,91282CKU4,TSRYS5814781,D,S,T,2024-06-06,1000000.00,4.301903,101.9296875
08:00:37,91282CKU4,TSRYS5814781,D,S,T,2024-06-06,54450000.00,4.414822,101.25
08:00:37,91282CKU4,TSRYS5814781,D,S,D,2024-06-06,1000000.00,4.298025,101.953125
08:00:37,91282CKU4,TSRYS5814781,D,S,C,2024-06-06,21000000.00,4.299651,101.9432932
08:00:39,91282CKU4,TSRYS5814781,D,S,T,2024-06-06,1000000.00,4.307075,101.8984375
08:00:39,91282CKU4,TSRYS5814781,D,S,D,2024-06-06,1000000.00,4.298025,101.953125
08:00:39,91282CKU4,TSRYS5814781,D,S,T,2024-06-06,1000000.00,4.308368,101.890625
08:00:39,91282CKU4,TSRYS5814781,D,S,T,2024-06-06,2000000.00,4.308368,101.890625
08:00:40,91282CKU4,TSRYS5814781,D,S,D,2024-06-06,1000000.00,4.299317,101.9453125
08:00:42,91282CKU4,TSRYS5814781,D,S,T,2024-06-06,1000000.00,4.304489,101.9140625
08:00:43,91282CKU4,TSRYS5814781,D,S,T,2024-06-06,1000000.00,4.308368,101.890625
08:00:43,91282CKU4,TSRYS5814781,D,S,T,2024-06-06,1000000.00,4.307075,101.8984375
08:00:43,91282CKU4,TSRYS5814781,D,S,T,2024-06-06,1000000.00,4.308368,101.890625
08:00:43,91282CKU4,TSRYS5814781,D,S,T,2024-06-06,1000000.00,4.305782,101.90625
08:00:43,91282CKU4,TSRYS5814781,D,S,T,2024-06-06,1000000.00,4.305782,101.90625
08:00:43,91282CKU4,TSRYS5814781,D,S,T,2024-06-06,1000000.00,4.305782,101.90625
08:00:43,91282CKU4,TSRYS5814781,D,B,C,2024-06-06,1000000.00,4.30061,101.9375
08:00:43,91282CKU4,TSRYS5814781,D,S,D,2024-06-06,1000000.00,4.30061,101.9375
08:00:43,91282CKU4,TSRYS5814781,D,S,D,2024-06-06,1000000.00,4.30061,101.9375
08:00:43,91282CKU4,TSRYS5814781,D,B,C,2024-06-06,1000000.00,4.30061,101.9375
08:00:43,91282CKU4,TSRYS5814781,D,S,D,2024-06-06,1000000.00,4.30061,101.9375
08:00:43,91282CKU4,TSRYS5814781,D,B,C,2024-06-06,2000000.00,4.30061,101.9375
08:00:43,91282CKU4,TSRYS5814781,D,S,D,2024-06-06,2000000.00,4.30061,101.9375
08:00:43,91282CKU4,TSRYS5814781,D,S,D,2024-06-06,1000000.00,4.30061,101.9375
08:00:43,91282CKU4,TSRYS5814781,D,B,C,2024-06-06,1000000.00,4.30061,101.9375
08:00:43,91282CKU4,TSRYS5814781,D,B,C,2024-06-06,1000000.00,4.30061,101.9375
08:00:43,91282CKU4,TSRYS5814781,D,B,C,2024-06-06,1000000.00,4.30061,101.9375
08:00:43,91282CKU4,TSRYS5814781,D,S,D,2024-06-06,1000000.00,4.30061,101.9375
08:00:43,91282CKU4,TSRYS5814781,D,S,D,2024-06-06,1000000.00,4.30061,101.9375
08:00:43,91282CKU4,TSRYS5814781,D,B,C,2024-06-06,1000000.00,4.30061,101.9375
08:00:43,91282CKU4,TSRYS5814781,D,S,D,2024-06-06,1000000.00,4.30061,101.9375
08:00:43,91282CKU4,TSRYS5814781,D,B,C,2024-06-06,1000000.00,4.30061,101.9375
08:00:43,91282CKU4,TSRYS5814781,D,S,D,2024-06-06,1000000.00,4.30061,101.9375
08:00:43,91282CKU4,TSRYS5814781,D,B,C,2024-06-06,1000000.00,4.30061,101.9375
08:00:43,91282CKU4,TSRYS5814781,D,B,C,2024-06-06,2000000.00,4.30061,101.9375
08:00:43,91282CKU4,TSRYS5814781,D,S,D,2024-06-06,2000000.00,4.30061,101.9375
08:00:43,91282CKU4,TSRYS5814781,D,S,D,2024-06-06,1000000.00,4.30061,101.9375
08:00:43,91282CKU4,TSRYS5814781,D,S,D,2024-06-06,1000000.00,4.30061,101.9375
08:00:43,91282CKU4,TSRYS5814781,D,B,C,2024-06-06,1000000.00,4.30061,101.9375
08:00:43,91282CKU4,TSRYS5814781,D,B,C,2024-06-06,1000000.00,4.30061,101.9375
08:00:43,91282CKU4,TSRYS5814781,D,S,D,2024-06-06,1000000.00,4.30061,101.9375
08:00:43,91282CKU4,TSRYS5814781,D,B,C,2024-06-06,1000000.00,4.30061,101.9375
08:00:43,91282CKU4,TSRYS5814781,D,S,D,2024-06-06,5000000.00,4.30061,101.9375
08:00:43,91282CKU4,TSRYS5814781,D,S,T,2024-06-06,1000000.00,4.304489,101.9140625
08:00:43,91282CKU4,TSRYS5814781,D,S,D,2024-06-06,3000000.00,4.299317,101.9453125
08:00:44,91282CKU4,TSRYS5814781,D,S,T,2024-06-06,1000000.00,4.304489,101.9140625
08:00:44,91282CKU4,TSRYS5814781,D,S,D,2024-06-06,1000000.00,4.299317,101.9453125
08:00:44,91282CKU4,TSRYS5814781,D,S,D,2024-06-06,1000000.00,4.29964,101.943359375
08:00:44,91282CKU4,TSRYS5814781,D,S,D,2024-06-06,1000000.00,4.29964,101.943359375
08:00:44,91282CKU4,TSRYS5814781,D,S,D,2024-06-06,2000000.00,4.299317,101.9453125
08:00:44,91282CKU4,TSRYS5814781,D,S,D,2024-06-06,1000000.00,4.29964,101.943359375
08:00:44,91282CKU4,TSRYS5814781,D,S,D,2024-06-06,1000000.00,4.299317,101.9453125
08:00:44,91282CKU4,TSRYS5814781,D,S,D,2024-06-06,2000000.00,4.299964,101.94140625
08:00:44,91282CKU4,TSRYS5814781,D,S,T,2024-06-06,1000000.00,4.304489,101.9140625
08:00:44,91282CKU4,TSRYS5814781,D,S,D,2024-06-06,1000000.00,4.300287,101.939453125
08:00:44,91282CKU4,TSRYS5814781,D,S,D,2024-06-06,1000000.00,4.299964,101.94140625
08:00:44,91282CKU4,TSRYS5814781,D,S,D,2024-06-06,3000000.00,4.299964,101.94140625
08:00:44,91282CKU4,TSRYS5814781,D,S,T,2024-06-06,1000000.00,4.304489,101.9140625
08:00:44,91282CKU4,TSRYS5814781,D,S,D,2024-06-06,1000000.00,4.29964,101.943359375
08:00:44,91282CKU4,TSRYS5814781,D,S,D,2024-06-06,1000000.00,4.299317,101.9453125
08:00:44,91282CKU4,TSRYS5814781,D,S,D,2024-06-06,1000000.00,4.299964,101.94140625
08:00:44,91282CKU4,TSRYS5814781,D,S,D,2024-06-06,1000000.00,4.30061,101.9375
08:00:44,91282CKU4,TSRYS5814781,D,B,C,2024-06-06,5000000.00,4.30061,101.9375
08:00:44,91282CKU4,TSRYS5814781,D,B,C,2024-06-06,1000000.00,4.30061,101.9375
08:00:44,91282CKU4,TSRYS5814781,D,B,C,2024-06-06,1000000.00,4.30061,101.9375
08:00:44,91282CKU4,TSRYS5814781,D,S,D,2024-06-06,1000000.00,4.300287,101.939453125
08:00:44,91282CKU4,TSRYS5814781,D,S,D,2024-06-06,2000000.00,4.300287,101.939453125
08:00:44,91282CKU4,TSRYS5814781,D,S,D,2024-06-06,1000000.00,4.30061,101.9375
08:00:44,91282CKU4,TSRYS5814781,D,B,C,2024-06-06,1000000.00,4.30061,101.9375
08:00:44,91282CKU4,TSRYS5814781,D,S,D,2024-06-06,1000000.00,4.30061,101.9375
08:00:44,91282CKU4,TSRYS5814781,D,B,C,2024-06-06,1000000.00,4.30061,101.9375
08:00:44,91282CKU4,TSRYS5814781,D,S,D,2024-06-06,1000000.00,4.30061,101.9375
08:00:44,91282CKU4,TSRYS5814781,D,B,C,2024-06-06,1000000.00,4.30061,101.9375
08:00:44,91282CKU4,TSRYS5814781,D,B,C,2024-06-06,1000000.00,4.30061,101.9375
08:00:44,91282CKU4,TSRYS5814781,D,B,C,2024-06-06,1000000.00,4.30061,101.9375
08:00:44,91282CKU4,TSRYS5814781,D,S,D,2024-06-06,1000000.00,4.30061,101.9375
08:00:44,91282CKU4,TSRYS5814781,D,S,D,2024-06-06,1000000.00,4.30061,101.9375
08:00:44,91282CKU4,TSRYS5814781,D,S,D,2024-06-06,1000000.00,4.30061,101.9375
08:00:44,91282CKU4,TSRYS5814781,D,B,C,2024-06-06,1000000.00,4.30061,101.9375
08:00:44,91282CKU4,TSRYS5814781,D,S,D,2024-06-06,1000000.00,4.30061,101.9375
08:00:44,91282CKU4,TSRYS5814781,D,B,C,2024-06-06,1000000.00,4.30061,101.9375
08:00:44,91282CKU4,TSRYS5814781,D,S,D,2024-06-06,1000000.00,4.30061,101.9375
08:00:44,91282CKU4,TSRYS5814781,D,S,D,2024-06-06,1000000.00,4.300287,101.939453125
08:00:44,91282CKU4,TSRYS5814781,D,S,T,2024-06-06,1000000.00,4.304489,101.9140625
08:00:44,91282CKU4,TSRYS5814781,D,S,D,2024-06-06,2000000.00,4.30061,101.9375
08:00:44,91282CKU4,TSRYS5814781,D,B,C,2024-06-06,1000000.00,4.30061,101.9375
08:00:44,91282CKU4,TSRYS5814781,D,S,D,2024-06-06,1000000.00,4.30061,101.9375
08:00:44,91282CKU4,TSRYS5814781,D,B,C,2024-06-06,1000000.00,4.30061,101.9375
08:00:44,91282CKU4,TSRYS5814781,D,S,D,2024-06-06,1000000.00,4.30061,101.9375
08:00:44,91282CKU4,TSRYS5814781,D,S,D,2024-06-06,1000000.00,4.30061,101.9375
08:00:44,91282CKU4,TSRYS5814781,D,B,C,2024-06-06,1000000.00,4.30061,101.9375
08:00:44,91282CKU4,TSRYS5814781,D,S,D,2024-06-06,2000000.00,4.300287,101.939453125
08:00:44,91282CKU4,TSRYS5814781,D,S,T,2024-06-06,1000000.00,4.304489,101.9140625
08:00:44,91282CKU4,TSRYS5814781,D,S,D,2024-06-06,1000000.00,4.300287,101.939453125
08:00:44,91282CKU4,TSRYS5814781,D,S,T,2024-06-06,1000000.00,4.308368,101.890625
08:00:44,91282CKU4,TSRYS5814781,D,S,D,2024-06-06,5000000.00,4.30061,101.9375
08:00:44,91282CKU4,TSRYS5814781,D,S,D,2024-06-06,1000000.00,4.30061,101.9375
08:00:44,91282CKU4,TSRYS5814781,D,B,C,2024-06-06,5000000.00,4.30061,101.9375
08:00:44,91282CKU4,TSRYS5814781,D,B,C,2024-06-06,1000000.00,4.30061,101.9375
08:00:44,91282CKU4,TSRYS5814781,D,B,C,2024-06-06,1000000.00,4.30061,101.9375
08:00:44,91282CKU4,TSRYS5814781,D,S,D,2024-06-06,1000000.00,4.30061,101.9375
08:00:44,91282CKU4,TSRYS5814781,D,S,D,2024-06-06,1000000.00,4.30061,101.9375
08:00:44,91282CKU4,TSRYS5814781,D,B,C,2024-06-06,1000000.00,4.30061,101.9375
08:00:44,91282CKU4,TSRYS5814781,D,B,C,2024-06-06,1000000.00,4.30061,101.9375
08:00:44,91282CKU4,TSRYS5814781,D,B,C,2024-06-06,1000000.00,4.30061,101.9375
08:00:44,91282CKU4,TSRYS5814781,D,S,D,2024-06-06,1000000.00,4.30061,101.9375
08:00:44,91282CKU4,TSRYS5814781,D,S,D,2024-06-06,1000000.00,4.30061,101.9375
08:00:44,91282CKU4,TSRYS5814781,D,B,C,2024-06-06,1000000.00,4.30061,101.9375
08:00:44,91282CKU4,TSRYS5814781,D,S,D,2024-06-06,5000000.00,4.30061,101.9375
08:00:44,91282CKU4,TSRYS5814781,D,S,D,2024-06-06,3000000.00,4.30061,101.9375
08:00:44,91282CKU4,TSRYS5814781,D,S,T,2024-06-06,1000000.00,4.308368,101.890625
08:00:44,91282CKU4,TSRYS5814781,D,S,D,2024-06-06,30000000.00,4.306773,101.90026
08:00:44,91282CKU4,TSRYS5814781,D,S,D,2024-06-06,1000000.00,4.30061,101.9375
08:00:44,91282CKU4,TSRYS5814781,D,S,D,2024-06-06,2000000.00,4.30061,101.9375
08:00:44,91282CKU4,TSRYS5814781,D,S,D,2024-06-06,1000000.00,4.30061,101.9375
08:00:44,91282CKU4,TSRYS5814781,D,B,C,2024-06-06,2000000.00,4.30061,101.9375
08:00:44,91282CKU4,TSRYS5814781,D,B,C,2024-06-06,1000000.00,4.30061,101.9375
08:00:44,91282CKU4,TSRYS5814781,D,S,D,2024-06-06,1000000.00,4.30061,101.9375
08:00:44,91282CKU4,TSRYS5814781,D,S,D,2024-06-06,1000000.00,4.30061,101.9375
08:00:44,91282CKU4,TSRYS5814781,D,S,D,2024-06-06,1000000.00,4.300933,101.935546875
08:00:44,91282CKU4,TSRYS5814781,D,S,T,2024-06-06,1000000.00,4.308368,101.890625
08:00:44,91282CKU4,TSRYS5814781,D,S,D,2024-06-06,5000000.00,4.30061,101.9375
08:00:44,91282CKU4,TSRYS5814781,D,S,D,2024-06-06,1000000.00,4.30061,101.9375
08:00:44,91282CKU4,TSRYS5814781,D,S,T,2024-06-06,1000000.00,4.308368,101.890625
08:00:45,91282CKU4,TSRYS5814781,D,S,D,2024-06-06,1000000.00,4.30061,101.9375
08:00:45,91282CKU4,TSRYS5814781,D,S,D,2024-06-06,1000000.00,4.300933,101.935546875
08:00:45,91282CKU4,TSRYS5814781,D,S,D,2024-06-06,3000000.00,4.30061,101.9375
08:00:45,91282CKU4,TSRYS5814781,D,S,D,2024-06-06,2000000.00,4.300933,101.935546875
08:00:45,91282CKU4,TSRYS5814781,D,S,D,2024-06-06,1000000.00,4.300933,101.935546875
08:00:45,91282CKU4,TSRYS5814781,D,S,D,2024-06-06,2000000.00,4.300933,101.935546875
08:00:45,91282CKU4,TSRYS5814781,D,S,D,2024-06-06,1000000.00,4.30061,101.9375
08:00:45,91282CKU4,TSRYS5814781,D,S,D,2024-06-06,1000000.00,4.30061,101.9375
08:00:45,91282CKU4,TSRYS5814781,D,S,D,2024-06-06,1000000.00,4.301256,101.93359375
08:00:45,91282CKU4,TSRYS5814781,D,S,T,2024-06-06,1000000.00,4.308368,101.890625
08:00:45,91282CKU4,TSRYS5814781,D,S,D,2024-06-06,1000000.00,4.30061,101.9375
08:00:45,91282CKU4,TSRYS5814781,D,B,C,2024-06-06,1000000.00,4.30061,101.9375
08:00:45,91282CKU4,TSRYS5814781,D,B,C,2024-06-06,1000000.00,4.30061,101.9375
08:00:45,91282CKU4,TSRYS5814781,D,B,C,2024-06-06,1000000.00,4.30061,101.9375
08:00:45,91282CKU4,TSRYS5814781,D,S,D,2024-06-06,1000000.00,4.30061,101.9375
08:00:45,91282CKU4,TSRYS5814781,D,S,D,2024-06-06,1000000.00,4.30061,101.9375
08:00:45,91282CKU4,TSRYS5814781,D,S,D,2024-06-06,1000000.00,4.296732,101.9609375
08:00:45,91282CKU4,TSRYS5814781,D,S,T,2024-06-06,1000000.00,4.308368,101.890625
08:00:45,91282CKU4,TSRYS5814781,D,S,D,2024-06-06,2000000.00,4.30061,101.9375
08:00:45,91282CKU4,TSRYS5814781,D,S,D,2024-06-06,1000000.00,4.30061,101.9375
08:00:45,91282CKU4,TSRYS5814781,D,S,T,2024-06-06,1000000.00,4.308368,101.890625
08:00:45,91282CKU4,TSRYS5814781,D,S,D,2024-06-06,1000000.00,4.30061,101.9375
08:00:45,91282CKU4,TSRYS5814781,D,S,D,2024-06-06,1000000.00,4.30061,101.9375
08:00:45,91282CKU4,TSRYS5814781,D,S,D,2024-06-06,1000000.00,4.300287,101.939453125
08:00:45,91282CKU4,TSRYS5814781,D,S,D,2024-06-06,1000000.00,4.30061,101.9375
08:00:45,91282CKU4,TSRYS5814781,D,S,D,2024-06-06,1000000.00,4.30061,101.9375
08:00:45,91282CKU4,TSRYS5814781,D,S,D,2024-06-06,1000000.00,4.30061,101.9375
08:00:45,91282CKU4,TSRYS5814781,D,B,C,2024-06-06,1000000.00,4.30061,101.9375
08:00:45,91282CKU4,TSRYS5814781,D,S,D,2024-06-06,1000000.00,4.30061,101.9375
08:00:45,91282CKU4,TSRYS5814781,D,S,D,2024-06-06,1000000.00,4.30061,101.9375
08:00:45,91282CKU4,TSRYS5814781,D,B,C,2024-06-06,1000000.00,4.30061,101.9375
08:00:45,91282CKU4,TSRYS5814781,D,S,D,2024-06-06,1000000.00,4.30061,101.9375
08:00:45,91282CKU4,TSRYS5814781,D,B,C,2024-06-06,1000000.00,4.30061,101.9375
08:00:45,91282CKU4,TSRYS5814781,D,B,C,2024-06-06,1000000.00,4.30061,101.9375
08:00:45,91282CKU4,TSRYS5814781,D,S,D,2024-06-06,1000000.00,4.30061,101.9375
08:00:45,91282CKU4,TSRYS5814781,D,B,C,2024-06-06,1000000.00,4.30061,101.9375
08:00:45,91282CKU4,TSRYS5814781,D,S,D,2024-06-06,1000000.00,4.300933,101.935546875
08:00:45,91282CKU4,TSRYS5814781,D,S,D,2024-06-06,1000000.00,4.30061,101.9375
08:00:45,91282CKU4,TSRYS5814781,D,S,D,2024-06-06,1000000.00,4.30061,101.9375
08:00:45,91282CKU4,TSRYS5814781,D,S,D,2024-06-06,1000000.00,4.30061,101.9375
08:00:45,91282CKU4,TSRYS5814781,D,S,D,2024-06-06,1000000.00,4.30061,101.9375
08:00:45,91282CKU4,TSRYS5814781,D,S,D,2024-06-06,1000000.00,4.30061,101.9375
08:00:45,91282CKU4,TSRYS5814781,D,S,D,2024-06-06,1000000.00,4.30061,101.9375
08:00:45,91282CKU4,TSRYS5814781,D,S,D,2024-06-06,3000000.00,4.30061,101.9375
08:00:45,91282CKU4,TSRYS5814781,D,S,D,2024-06-06,2000000.00,4.30061,101.9375
08:00:45,91282CKU4,TSRYS5814781,D,S,D,2024-06-06,1000000.00,4.30061,101.9375
08:00:45,91282CKU4,TSRYS5814781,D,S,D,2024-06-06,1000000.00,4.30061,101.9375
08:00:45,91282CKU4,TSRYS5814781,D,S,D,2024-06-06,1000000.00,4.30061,101.9375
08:00:46,91282CKU4,TSRYS5814781,D,S,T,2024-06-06,1000000.00,4.308368,101.890625
08:00:46,91282CKU4,TSRYS5814781,D,S,T,2024-06-06,1000000.00,4.308368,101.890625
08:00:46,91282CKU4,TSRYS5814781,D,S,D,2024-06-06,1000000.00,4.30061,101.9375
08:00:46,91282CKU4,TSRYS5814781,D,B,C,2024-06-06,1000000.00,4.30061,101.9375
08:00:46,91282CKU4,TSRYS5814781,D,S,D,2024-06-06,1000000.00,4.30061,101.9375
08:00:46,91282CKU4,TSRYS5814781,D,B,C,2024-06-06,1000000.00,4.30061,101.9375
08:00:46,91282CKU4,TSRYS5814781,D,B,C,2024-06-06,1000000.00,4.30061,101.9375
08:00:46,91282CKU4,TSRYS5814781,D,S,D,2024-06-06,1000000.00,4.30061,101.9375
08:00:46,91282CKU4,TSRYS5814781,D,S,D,2024-06-06,1000000.00,4.30061,101.9375
08:00:46,91282CKU4,TSRYS5814781,D,S,D,2024-06-06,1000000.00,4.30061,101.9375
08:00:46,91282CKU4,TSRYS5814781,D,B,C,2024-06-06,1000000.00,4.30061,101.9375
08:00:46,91282CKU4,TSRYS5814781,D,S,D,2024-06-06,1000000.00,4.30061,101.9375
08:00:46,91282CKU4,TSRYS5814781,D,B,C,2024-06-06,1000000.00,4.30061,101.9375
08:00:46,91282CKU4,TSRYS5814781,D,B,C,2024-06-06,1000000.00,4.30061,101.9375
08:00:46,91282CKU4,TSRYS5814781,D,S,D,2024-06-06,1000000.00,4.30061,101.9375
08:00:46,91282CKU4,TSRYS5814781,D,B,C,2024-06-06,1000000.00,4.30061,101.9375
08:00:46,91282CKU4,TSRYS5814781,D,S,D,2024-06-06,1000000.00,4.30061,101.9375
08:00:46,91282CKU4,TSRYS5814781,D,B,C,2024-06-06,1000000.00,4.30061,101.9375
08:00:46,91282CKU4,TSRYS5814781,D,B,C,2024-06-06,1000000.00,4.30061,101.9375
08:00:46,91282CKU4,TSRYS5814781,D,S,D,2024-06-06,1000000.00,4.30061,101.9375
08:00:46,91282CKU4,TSRYS5814781,D,S,T,2024-06-06,1000000.00,4.304489,101.9140625
08:00:47,91282CKU4,TSRYS5814781,D,S,T,2024-06-06,1000000.00,4.304489,101.9140625
08:00:47,91282CKU4,TSRYS5814781,D,S,T,2024-06-06,1000000.00,4.304489,101.9140625
08:00:47,91282CKU4,TSRYS5814781,D,S,T,2024-06-06,1000000.00,4.304489,101.9140625
08:00:47,91282CKU4,TSRYS5814781,D,S,T,2024-06-06,1000000.00,4.304489,101.9140625
08:00:47,91282CKU4,TSRYS5814781,D,S,D,2024-06-06,1000000.00,4.304812,101.912109375
08:00:47,91282CKU4,TSRYS5814781,D,S,T,2024-06-06,1000000.00,4.304489,101.9140625
08:00:47,91282CKU4,TSRYS5814781,D,S,D,2024-06-06,1000000.00,4.305135,101.91015625
08:00:47,91282CKU4,TSRYS5814781,D,S,D,2024-06-06,1000000.00,4.305135,101.91015625
08:00:47,91282CKU4,TSRYS5814781,D,S,D,2024-06-06,1000000.00,4.305135,101.91015625
08:00:48,91282CKU4,TSRYS5814781,D,S,D,2024-06-06,1000000.00,4.309015,101.88671875
08:00:48,91282CKU4,TSRYS5814781,D,S,D,2024-06-06,1000000.00,4.309662,101.8828125
08:00:48,91282CKU4,TSRYS5814781,D,S,T,2024-06-06,1000000.00,4.304489,101.9140625
08:00:48,91282CKU4,TSRYS5814781,D,S,T,2024-06-06,2000000.00,4.307075,101.8984375
08:00:48,91282CKU4,TSRYS5814781,D,S,T,2024-06-06,4000000.00,4.305782,101.90625
08:00:48,91282CKU4,TSRYS5814781,D,S,D,2024-06-06,1000000.00,4.30061,101.9375
08:00:48,91282CKU4,TSRYS5814781,D,S,D,2024-06-06,1000000.00,4.300933,101.935546875
08:00:48,91282CKU4,TSRYS5814781,D,S,D,2024-06-06,1000000.00,4.300933,101.935546875
08:00:48,91282CKU4,TSRYS5814781,D,S,D,2024-06-06,1000000.00,4.300933,101.935546875
08:00:49,91282CKU4,TSRYS5814781,D,S,D,2024-06-06,1000000.00,4.30061,101.9375
08:00:49,91282CKU4,TSRYS5814781,D,S,D,2024-06-06,2000000.00,4.300933,101.935546875
08:00:49,91282CKU4,TSRYS5814781,D,S,D,2024-06-06,1000000.00,4.30061,101.9375
08:00:49,91282CKU4,TSRYS5814781,D,S,D,2024-06-06,1000000.00,4.30061,101.9375
08:00:49,91282CKU4,TSRYS5814781,D,S,D,2024-06-06,1000000.00,4.30061,101.9375
08:00:49,91282CKU4,TSRYS5814781,D,S,D,2024-06-06,1000000.00,4.30061,101.9375
08:00:49,91282CKU4,TSRYS5814781,D,S,D,2024-06-06,1000000.00,4.30061,101.9375
08:00:49,91282CKU4,TSRYS5814781,D,S,D,2024-06-06,1000000.00,4.30061,101.9375
08:00:49,91282CKU4,TSRYS5814781,D,S,D,2024-06-06,1000000.00,4.300933,101.935546875
08:00:49,91282CKU4,TSRYS5814781,D,S,D,2024-06-06,1000000.00,4.30061,101.9375
08:00:49,91282CKU4,TSRYS5814781,D,S,D,2024-06-06,1000000.00,4.30061,101.9375
08:00:49,91282CKU4,TSRYS5814781,D,S,T,2024-06-06,1000000.00,4.308368,101.890625
08:00:49,91282CKU4,TSRYS5814781,D,S,C,2024-06-06,12000000.00,4.302431,101.92649739583
08:00:49,91282CKU4,TSRYS5814781,D,S,D,2024-06-06,1000000.00,4.30061,101.9375
08:00:49,91282CKU4,TSRYS5814781,D,S,D,2024-06-06,1000000.00,4.300933,101.935546875
08:00:49,91282CKU4,TSRYS5814781,D,S,D,2024-06-06,1000000.00,4.30061,101.9375
08:00:49,91282CKU4,TSRYS5814781,D,S,D,2024-06-06,1000000.00,4.30061,101.9375
08:00:49,91282CKU4,TSRYS5814781,D,S,T,2024-06-06,1000000.00,4.296732,101.9609375
08:00:49,91282CKU4,TSRYS5814781,D,S,T,2024-06-06,1000000.00,4.296732,101.9609375
08:00:49,91282CKU4,TSRYS5814781,D,S,D,2024-06-06,1000000.00,4.30061,101.9375
08:00:49,91282CKU4,TSRYS5814781,D,S,D,2024-06-06,3000000.00,4.30061,101.9375
08:00:49,91282CKU4,TSRYS5814781,D,S,D,2024-06-06,1000000.00,4.300933,101.935546875
08:00:49,91282CKU4,TSRYS5814781,D,S,D,2024-06-06,1000000.00,4.300933,101.935546875
08:00:49,91282CKU4,TSRYS5814781,D,S,T,2024-06-06,1000000.00,4.308368,101.890625
08:00:49,91282CKU4,TSRYS5814781,D,S,T,2024-06-06,2000000.00,4.308368,101.890625
08:00:49,91282CKU4,TSRYS5814781,D,S,T,2024-06-06,1000000.00,4.308368,101.890625
08:00:49,91282CKU4,TSRYS5814781,D,S,D,2024-06-06,1000000.00,4.300933,101.935546875
08:00:49,91282CKU4,TSRYS5814781,D,S,T,2024-06-06,1000000.00,4.308368,101.890625
08:00:49,91282CKU4,TSRYS5814781,D,S,T,2024-06-06,1000000.00,4.308368,101.890625
08:00:50,91282CKU4,TSRYS5814781,D,S,D,2024-06-06,1000000.00,4.300933,101.935546875
08:00:50,91282CKU4,TSRYS5814781,D,S,D,2024-06-06,1000000.00,4.30061,101.9375
08:00:50,91282CKU4,TSRYS5814781,D,S,D,2024-06-06,1000000.00,4.30061,101.9375
08:00:50,91282CKU4,TSRYS5814781,D,S,D,2024-06-06,1000000.00,4.30061,101.9375
08:00:50,91282CKU4,TSRYS5814781,D,S,D,2024-06-06,1000000.00,4.30061,101.9375
08:00:50,91282CKU4,TSRYS5814781,D,S,D,2024-06-06,1000000.00,4.301256,101.93359375
08:00:50,91282CKU4,TSRYS5814781,D,S,D,2024-06-06,1000000.00,4.301256,101.93359375
08:00:50,91282CKU4,TSRYS5814781,D,S,D,2024-06-06,1000000.00,4.300933,101.935546875
08:00:50,91282CKU4,TSRYS5814781,D,S,T,2024-06-06,1000000.00,4.308368,101.890625
08:00:50,91282CKU4,TSRYS5814781,D,S,D,2024-06-06,2000000.00,4.301256,101.93359375
08:00:50,91282CKU4,TSRYS5814781,D,S,D,2024-06-06,1000000.00,4.301256,101.93359375
08:00:50,91282CKU4,TSRYS5814781,D,S,D,2024-06-06,1000000.00,4.300933,101.935546875
08:00:50,91282CKU4,TSRYS5814781,D,S,D,2024-06-06,2000000.00,4.301256,101.93359375
08:00:50,91282CKU4,TSRYS5814781,D,S,D,2024-06-06,2000000.00,4.300933,101.935546875
08:00:50,91282CKU4,TSRYS5814781,D,S,D,2024-06-06,1000000.00,4.301256,101.93359375
08:00:50,91282CKU4,TSRYS5814781,D,S,D,2024-06-06,1000000.00,4.30061,101.9375
08:00:50,91282CKU4,TSRYS5814781,D,S,D,2024-06-06,1000000.00,4.30061,101.9375
08:00:50,91282CKU4,TSRYS5814781,D,S,D,2024-06-06,1000000.00,4.301579,101.931640625
08:00:50,91282CKU4,TSRYS5814781,D,S,D,2024-06-06,1000000.00,4.300933,101.935546875
08:00:50,91282CKU4,TSRYS5814781,D,S,D,2024-06-06,2000000.00,4.300933,101.935546875
08:00:50,91282CKU4,TSRYS5814781,D,S,D,2024-06-06,1000000.00,4.301256,101.93359375
08:00:50,91282CKU4,TSRYS5814781,D,S,D,2024-06-06,2000000.00,4.301256,101.93359375
08:00:50,91282CKU4,TSRYS5814781,D,S,D,2024-06-06,1000000.00,4.301256,101.93359375
08:00:51,91282CKU4,TSRYS5814781,D,S,D,2024-06-06,2000000.00,4.309662,101.8828125
08:00:51,91282CKU4,TSRYS5814781,D,S,D,2024-06-06,2000000.00,4.309662,101.8828125
08:00:51,91282CKU4,TSRYS5814781,D,S,D,2024-06-06,1000000.00,4.309662,101.8828125
08:00:51,91282CKU4,TSRYS5814781,D,S,T,2024-06-06,1000000.00,4.308368,101.890625
08:00:51,91282CKU4,TSRYS5814781,D,S,D,2024-06-06,1000000.00,4.308368,101.890625
08:00:51,91282CKU4,TSRYS5814781,D,S,T,2024-06-06,1000000.00,4.308368,101.890625
08:00:52,91282CKU4,TSRYS5814781,D,S,D,2024-06-06,1000000.00,4.296732,101.9609375
08:00:52,91282CKU4,TSRYS5814781,D,S,D,2024-06-06,1000000.00,4.29544,101.96875
08:00:53,91282CKU4,TSRYS5814781,D,S,T,2024-06-06,1000000.00,4.308368,101.890625
08:00:53,91282CKU4,TSRYS5814781,D,S,A,2024-06-06,25000000.00,4.293502,101.98046875
08:00:53,91282CKU4,TSRYS5814781,D,S,T,2024-06-06,1000000.00,4.308368,101.890625
08:00:53,91282CKU4,TSRYS5814781,D,S,T,2024-06-06,1000000.00,4.308368,101.890625
08:00:53,91282CKU4,TSRYS5814781,D,S,T,2024-06-06,1000000.00,4.308368,101.890625
08:00:53,91282CKU4,TSRYS5814781,D,S,D,2024-06-06,1000000.00,4.298994,101.947265625
08:00:53,91282CKU4,TSRYS5814781,D,S,D,2024-06-06,1000000.00,4.299317,101.9453125
08:00:53,91282CKU4,TSRYS5814781,D,S,D,2024-06-06,2000000.00,4.301256,101.93359375
08:00:53,91282CKU4,TSRYS5814781,D,S,D,2024-06-06,4000000.00,4.301579,101.931640625
08:00:54,91282CKU4,TSRYS5814781,D,S,D,2024-06-06,1000000.00,4.301579,101.931640625
08:00:54,91282CKU4,TSRYS5814781,D,S,D,2024-06-06,1000000.00,4.298994,101.947265625
08:00:54,91282CKU4,TSRYS5814781,D,S,D,2024-06-06,1000000.00,4.301256,101.93359375
08:00:54,91282CKU4,TSRYS5814781,D,S,D,2024-06-06,4000000.00,4.301579,101.931640625
08:00:54,91282CKU4,TSRYS5814781,D,S,D,2024-06-06,2000000.00,4.301903,101.9296875
08:00:54,91282CKU4,TSRYS5814781,D,S,T,2024-06-06,1000000.00,4.296732,101.9609375
08:00:54,91282CKU4,TSRYS5814781,D,S,T,2024-06-06,8000000.00,4.295763,101.966796875
08:00:54,91282CKU4,TSRYS5814781,D,S,D,2024-06-06,3000000.00,4.301256,101.93359375
08:00:54,91282CKU4,TSRYS5814781,D,S,T,2024-06-06,1000000.00,4.30095,101.935446875
08:00:54,91282CKU4,TSRYS5814781,D,S,T,2024-06-06,1000000.00,4.301273,101.93349375
08:00:54,91282CKU4,TSRYS5814781,D,S,T,2024-06-06,1000000.00,4.301596,101.931540625
08:00:54,91282CKU4,TSRYS5814781,D,S,T,2024-06-06,1000000.00,4.301596,101.931540625
08:00:54,91282CKU4,TSRYS5814781,D,S,T,2024-06-06,1000000.00,4.301596,101.931540625
08:00:54,91282CKU4,TSRYS5814781,D,S,T,2024-06-06,1000000.00,4.301596,101.931540625
08:00:54,91282CKU4,TSRYS5814781,D,S,T,2024-06-06,1000000.00,4.301596,101.931540625
08:00:54,91282CKU4,TSRYS5814781,D,S,D,2024-06-06,3000000.00,4.301579,101.931640625
08:00:54,91282CKU4,TSRYS5814781,D,S,T,2024-06-06,1000000.00,4.308368,101.890625
08:00:54,91282CKU4,TSRYS5814781,D,S,D,2024-06-06,1000000.00,4.30061,101.9375
08:00:54,91282CKU4,TSRYS5814781,D,S,D,2024-06-06,1000000.00,4.30061,101.9375
08:00:54,91282CKU4,TSRYS5814781,D,S,D,2024-06-06,1000000.00,4.301579,101.931640625
08:00:54,91282CKU4,TSRYS5814781,D,S,D,2024-06-06,1000000.00,4.301579,101.931640625
08:00:54,91282CKU4,TSRYS5814781,D,S,D,2024-06-06,1000000.00,4.301256,101.93359375
08:00:55,91282CKU4,TSRYS5814781,D,S,D,2024-06-06,1000000.00,4.301256,101.93359375
08:00:55,91282CKU4,TSRYS5814781,D,S,T,2024-06-06,1000000.00,4.308368,101.890625
08:00:55,91282CKU4,TSRYS5814781,D,S,T,2024-06-06,1000000.00,4.308368,101.890625
08:00:55,91282CKU4,TSRYS5814781,D,S,D,2024-06-06,1000000.00,4.301579,101.931640625
08:00:55,91282CKU4,TSRYS5814781,D,S,D,2024-06-06,1000000.00,4.301256,101.93359375
08:00:55,91282CKU4,TSRYS5814781,D,S,D,2024-06-06,1000000.00,4.301579,101.931640625
08:00:55,91282CKU4,TSRYS5814781,D,S,D,2024-06-06,1000000.00,4.301579,101.931640625
08:00:55,91282CKU4,TSRYS5814781,D,S,D,2024-06-06,1000000.00,4.301579,101.931640625
08:00:55,91282CKU4,TSRYS5814781,D,S,D,2024-06-06,1000000.00,4.301579,101.931640625
08:00:55,91282CKU4,TSRYS5814781,D,S,D,2024-06-06,1000000.00,4.301579,101.931640625
08:00:55,91282CKU4,TSRYS5814781,D,S,D,2024-06-06,1000000.00,4.301903,101.9296875
08:00:55,91282CKU4,TSRYS5814781,D,S,D,2024-06-06,1000000.00,4.303196,101.921875
08:00:55,91282CKU4,TSRYS5814781,D,S,D,2024-06-06,1000000.00,4.30061,101.9375
08:00:55,91282CKU4,TSRYS5814781,D,S,T,2024-06-06,1000000.00,4.308045,101.892578125
08:00:55,91282CKU4,TSRYS5814781,D,S,T,2024-06-06,1000000.00,4.308368,101.890625
08:00:55,91282CKU4,TSRYS5814781,D,S,T,2024-06-06,1000000.00,4.308692,101.888671875
08:00:56,91282CKU4,TSRYS5814781,D,S,T,2024-06-06,1000000.00,4.308368,101.890625
08:00:56,91282CKU4,TSRYS5814781,D,S,T,2024-06-06,1000000.00,4.308368,101.890625
08:00:56,91282CKU4,TSRYS5814781,D,S,T,2024-06-06,1000000.00,4.305782,101.90625
08:00:56,91282CKU4,TSRYS5814781,D,S,T,2024-06-06,1000000.00,4.308368,101.890625
08:00:57,91282CKU4,TSRYS5814781,D,S,T,2024-06-06,1000000.00,4.309338,101.884765625
08:00:57,91282CKU4,TSRYS5814781,D,S,T,2024-06-06,2000000.00,4.308368,101.890625
08:00:57,91282CKU4,TSRYS5814781,D,S,T,2024-06-06,2000000.00,4.308368,101.890625
08:00:57,91282CKU4,TSRYS5814781,D,S,T,2024-06-06,1000000.00,4.308368,101.890625
08:00:57,91282CKU4,TSRYS5814781,D,S,T,2024-06-06,1000000.00,4.308368,101.890625
08:00:57,91282CKU4,TSRYS5814781,D,S,T,2024-06-06,1000000.00,4.308368,101.890625
08:00:57,91282CKU4,TSRYS5814781,D,S,T,2024-06-06,6000000.00,4.309015,101.88671875
08:00:57,91282CKU4,TSRYS5814781,D,S,T,2024-06-06,1000000.00,4.304489,101.9140625
08:00:58,91282CKU4,TSRYS5814781,D,S,T,2024-06-06,1000000.00,4.308368,101.890625
08:00:58,91282CKU4,TSRYS5814781,D,S,T,2024-06-06,1000000.00,4.304489,101.9140625
08:00:58,91282CKU4,TSRYS5814781,D,S,T,2024-06-06,1000000.00,4.308368,101.890625
08:00:58,91282CKU4,TSRYS5814781,D,S,T,2024-06-06,1000000.00,4.308368,101.890625
08:00:58,91282CKU4,TSRYS5814781,D,S,T,2024-06-06,5000000.00,4.308045,101.892578125
08:00:58,91282CKU4,TSRYS5814781,D,S,T,2024-06-06,1000000.00,4.308368,101.890625
08:00:58,91282CKU4,TSRYS5814781,D,S,T,2024-06-06,1000000.00,4.309662,101.8828125
08:00:58,91282CKU4,TSRYS5814781,D,S,T,2024-06-06,1000000.00,4.296732,101.9609375
08:00:58,91282CKU4,TSRYS5814781,D,S,T,2024-06-06,2000000.00,4.296732,101.9609375
08:00:58,91282CKU4,TSRYS5814781,D,S,T,2024-06-06,1000000.00,4.296732,101.9609375
08:00:58,91282CKU4,TSRYS5814781,D,S,T,2024-06-06,1000000.00,4.296732,101.9609375
08:00:58,91282CKU4,TSRYS5814781,D,S,T,2024-06-06,2000000.00,4.296732,101.9609375
08:00:58,91282CKU4,TSRYS5814781,D,S,D,2024-06-06,1000000.00,4.30061,101.9375
08:00:58,91282CKU4,TSRYS5814781,D,S,D,2024-06-06,1000000.00,4.30061,101.9375
08:00:59,91282CKU4,TSRYS5814781,D,S,T,2024-06-06,2000000.00,4.308045,101.892578125
08:00:59,91282CKU4,TSRYS5814781,D,S,D,2024-06-06,4000000.00,4.301903,101.9296875
08:00:59,91282CKU4,TSRYS5814781,D,S,T,2024-06-06,1000000.00,4.308368,101.890625
08:00:59,91282CKU4,TSRYS5814781,D,S,T,2024-06-06,1000000.00,4.308368,101.890625
08:00:59,91282CKU4,TSRYS5814781,D,S,D,2024-06-06,1000000.00,4.304812,101.912109375
08:00:59,91282CKU4,TSRYS5814781,D,S,D,2024-06-06,1000000.00,4.305458,101.908203125
08:00:59,91282CKU4,TSRYS5814781,D,S,T,2024-06-06,1000000.00,4.308368,101.890625
08:00:59,91282CKU4,TSRYS5814781,D,S,D,2024-06-06,2000000.00,4.301579,101.931640625
08:00:59,91282CKU4,TSRYS5814781,D,S,D,2024-06-06,1000000.00,4.301903,101.9296875
08:00:59,91282CKU4,TSRYS5814781,D,S,D,2024-06-06,3000000.00,4.301579,101.931640625
08:00:59,91282CKU4,TSRYS5814781,D,S,T,2024-06-06,1000000.00,4.296732,101.9609375
08:00:59,91282CKU4,TSRYS5814781,D,S,T,2024-06-06,1000000.00,4.296732,101.9609375
08:00:59,91282CKU4,TSRYS5814781,D,S,D,2024-06-06,1000000.00,4.301256,101.93359375
08:00:59,91282CKU4,TSRYS5814781,D,S,T,2024-06-06,1000000.00,4.296732,101.9609375
08:00:59,91282CKU4,TSRYS5814781,D,S,T,2024-06-06,1000000.00,4.309662,101.8828125
08:00:59,91282CKU4,TSRYS5814781,D,S,D,2024-06-06,2000000.00,4.301903,101.9296875
08:00:59,91282CKU4,TSRYS5814781,D,S,D,2024-06-06,3000000.00,4.301903,101.9296875
08:00:59,91282CKU4,TSRYS5814781,D,S,T,2024-06-06,2000000.00,4.296732,101.9609375
08:00:59,91282CKU4,TSRYS5814781,D,S,D,2024-06-06,1000000.00,4.301579,101.931640625
08:00:59,91282CKU4,TSRYS5814781,D,S,T,2024-06-06,1000000.00,4.304489,101.9140625
08:01:00,91282CKU4,TSRYS5814781,D,S,T,2024-06-06,1000000.00,4.308368,101.890625
08:01:00,91282CKU4,TSRYS5814781,D,S,D,2024-06-06,1000000.00,4.310955,101.875
08:01:00,91282CKU4,TSRYS5814781,D,S,D,2024-06-06,3000000.00,4.299964,101.94140625
08:01:00,91282CKU4,TSRYS5814781,D,S,T,2024-06-06,1000000.00,4.308368,101.890625
08:01:00,91282CKU4,TSRYS5814781,D,S,D,2024-06-06,2000000.00,4.30061,101.9375
08:01:00,91282CKU4,TSRYS5814781,D,S,D,2024-06-06,1000000.00,4.30061,101.9375
08:01:00,91282CKU4,TSRYS5814781,D,S,D,2024-06-06,1000000.00,4.298671,101.94921875
08:01:00,91282CKU4,TSRYS5814781,D,S,D,2024-06-06,1000000.00,4.30061,101.9375
08:01:00,91282CKU4,TSRYS5814781,D,S,T,2024-06-06,1000000.00,4.308368,101.890625
08:01:00,91282CKU4,TSRYS5814781,D,S,D,2024-06-06,2000000.00,4.30061,101.9375
08:01:00,91282CKU4,TSRYS5814781,D,S,D,2024-06-06,1000000.00,4.298994,101.947265625
08:01:00,91282CKU4,TSRYS5814781,D,S,T,2024-06-06,1000000.00,4.308368,101.890625
08:01:00,91282CKU4,TSRYS5814781,D,S,A,2024-06-06,339000.00,4.299317,101.9453125
08:01:00,91282CKU4,TSRYS5814781,D,S,D,2024-06-06,1000000.00,4.298994,101.947265625
08:01:00,91282CKU4,TSRYS5814781,D,S,T,2024-06-06,2000000.00,4.308368,101.890625
08:01:01,91282CKU4,TSRYS5814781,D,S,T,2024-06-06,1000000.00,4.308368,101.890625
