tradeTime,cusip,issueSymbolIdentifier,priceType,reportingSideCode,contraPartyTypeCode,tradeDate,reportedTradeVolume,lastSaleYield,lastSalePrice
08:00:02,91282CLM1,TSRYS5893517,D,S,D,2024-10-23,1000000.00,4.113262,97.078125
08:00:02,91282CLM1,TSRYS5893517,D,S,D,2024-10-23,1000000.00,4.113262,97.078125
08:00:02,91282CLM1,TSRYS5893517,D,S,D,2024-10-23,1000000.00,4.118579,97.046875
08:00:02,91282CLM1,TSRYS5893517,D,S,D,2024-10-23,1000000.00,4.12556,97.005859375
08:00:02,91282CLM1,TSRYS5893517,D,S,D,2024-10-23,1000000.00,4.124895,97.009765625
08:00:02,91282CLM1,TSRYS5893517,D,S,D,2024-10-23,1000000.00,4.133875,96.95703125
08:00:02,91282CLM1,TSRYS5893517,D,S,D,2024-10-23,1000000.00,4.133875,96.95703125
08:00:02,91282CLM1,TSRYS5893517,D,S,D,2024-10-23,1000000.00,4.133875,96.95703125
08:00:02,91282CLM1,TSRYS5893517,D,S,D,2024-10-23,1000000.00,4.133875,96.95703125
08:00:02,91282CLM1,TSRYS5893517,D,S,D,2024-10-23,1000000.00,4.133875,96.95703125
08:00:02,91282CLM1,TSRYS5893517,D,S,D,2024-10-23,2000000.00,4.128553,96.98828125
08:00:02,91282CLM1,TSRYS5893517,D,S,D,2024-10-23,1000000.00,4.127888,96.9921875
08:00:02,91282CLM1,TSRYS5893517,D,S,D,2024-10-23,1000000.00,4.127555,96.994140625
08:00:02,91282CLM1,TSRYS5893517,D,S,T,2024-10-23,2000000.00,4.125892,97.00390625
08:00:02,91282CLM1,TSRYS5893517,D,S,T,2024-10-23,1000000.00,4.125892,97.00390625
08:00:02,91282CLM1,TSRYS5893517,D,S,D,2024-10-23,1000000.00,4.121238,97.03125
08:00:02,91282CLM1,TSRYS5893517,D,S,D,2024-10-23,1000000.00,4.12157,97.029296875
08:00:02,91282CLM1,TSRYS5893517,D,S,D,2024-10-23,1000000.00,4.12157,97.029296875
08:00:02,91282CLM1,TSRYS5893517,D,S,D,2024-10-23,1000000.00,4.119243,97.04296875
08:00:02,91282CLM1,TSRYS5893517,D,S,D,2024-10-23,1000000.00,4.118911,97.044921875
08:00:02,91282CLM1,TSRYS5893517,D,S,D,2024-10-23,1000000.00,4.118911,97.044921875
08:00:02,91282CLM1,TSRYS5893517,D,S,D,2024-10-23,1000000.00,4.118911,97.044921875
08:00:02,91282CLM1,TSRYS5893517,D,B,C,2024-10-23,1000000.00,4.125892,97.00390625
08:00:02,91282CLM1,TSRYS5893517,D,S,T,2024-10-23,1000000.00,4.126557,97.0
08:00:02,91282CLM1,TSRYS5893517,D,S,D,2024-10-23,1000000.00,4.12822,96.990234375
08:00:02,91282CLM1,TSRYS5893517,D,B,C,2024-10-23,1000000.00,4.127888,96.9921875
08:00:02,91282CLM1,TSRYS5893517,D,S,D,2024-10-23,1000000.00,4.128553,96.98828125
08:00:02,91282CLM1,TSRYS5893517,D,B,C,2024-10-23,2000000.00,4.128885,96.986328125
08:00:02,91282CLM1,TSRYS5893517,D,S,D,2024-10-23,1000000.00,4.128885,96.986328125
08:00:02,91282CLM1,TSRYS5893517,D,S,D,2024-10-23,1000000.00,4.128885,96.986328125
08:00:02,91282CLM1,TSRYS5893517,D,B,C,2024-10-23,1000000.00,4.129218,96.984375
08:00:02,91282CLM1,TSRYS5893517,D,B,C,2024-10-23,2000000.00,4.128885,96.986328125
08:00:02,91282CLM1,TSRYS5893517,D,B,C,2024-10-23,2000000.00,4.129883,96.98046875
08:00:02,91282CLM1,TSRYS5893517,D,B,C,2024-10-23,2000000.00,4.129218,96.984375
08:00:02,91282CLM1,TSRYS5893517,D,S,D,2024-10-23,1000000.00,4.131214,96.97265625
08:00:02,91282CLM1,TSRYS5893517,D,S,D,2024-10-23,1000000.00,4.131214,96.97265625
08:00:02,91282CLM1,TSRYS5893517,D,S,D,2024-10-23,1000000.00,4.131214,96.97265625
08:00:02,91282CLM1,TSRYS5893517,D,B,C,2024-10-23,2000000.00,4.131214,96.97265625
08:00:02,91282CLM1,TSRYS5893517,D,B,C,2024-10-23,1000000.00,4.131879,96.96875
08:00:02,91282CLM1,TSRYS5893517,D,S,D,2024-10-23,1000000.00,4.131214,96.97265625
08:00:02,91282CLM1,TSRYS5893517,D,B,C,2024-10-23,1000000.00,4.131214,96.97265625
08:00:02,91282CLM1,TSRYS5893517,D,B,C,2024-10-23,2000000.00,4.131879,96.96875
08:00:02,91282CLM1,TSRYS5893517,D,B,C,2024-10-23,2000000.00,4.131879,96.96875
08:00:02,91282CLM1,TSRYS5893517,D,B,C,2024-10-23,2000000.00,4.131879,96.96875
08:00:02,91282CLM1,TSRYS5893517,D,B,C,2024-10-23,2000000.00,4.131214,96.97265625
08:00:02,91282CLM1,TSRYS5893517,D,B,C,2024-10-23,2000000.00,4.129218,96.984375
08:00:02,91282CLM1,TSRYS5893517,D,B,C,2024-10-23,1000000.00,4.127888,96.9921875
08:00:02,91282CLM1,TSRYS5893517,D,S,T,2024-10-23,1000000.00,4.127555,96.994140625
08:00:02,91282CLM1,TSRYS5893517,D,B,C,2024-10-23,1000000.00,4.127888,96.9921875
08:00:02,91282CLM1,TSRYS5893517,D,B,C,2024-10-23,1000000.00,4.12689,96.998046875
08:00:02,91282CLM1,TSRYS5893517,D,S,D,2024-10-23,1000000.00,4.125892,97.00390625
08:00:02,91282CLM1,TSRYS5893517,D,S,D,2024-10-23,1000000.00,4.125892,97.00390625
08:00:02,91282CLM1,TSRYS5893517,D,B,C,2024-10-23,1000000.00,4.127223,96.99609375
08:00:02,91282CLM1,TSRYS5893517,D,B,C,2024-10-23,2000000.00,4.126225,97.001953125
08:00:02,91282CLM1,TSRYS5893517,D,S,D,2024-10-23,1000000.00,4.125227,97.0078125
08:00:02,91282CLM1,TSRYS5893517,D,S,D,2024-10-23,1000000.00,4.125227,97.0078125
08:00:02,91282CLM1,TSRYS5893517,D,S,D,2024-10-23,1000000.00,4.125227,97.0078125
08:00:02,91282CLM1,TSRYS5893517,D,S,D,2024-10-23,1000000.00,4.125227,97.0078125
08:00:02,91282CLM1,TSRYS5893517,D,S,D,2024-10-23,1000000.00,4.125227,97.0078125
08:00:02,91282CLM1,TSRYS5893517,D,B,C,2024-10-23,1000000.00,4.125892,97.00390625
08:00:02,91282CLM1,TSRYS5893517,D,B,C,2024-10-23,1000000.00,4.125892,97.00390625
08:00:02,91282CLM1,TSRYS5893517,D,B,C,2024-10-23,2000000.00,4.126225,97.001953125
08:00:02,91282CLM1,TSRYS5893517,D,B,C,2024-10-23,2000000.00,4.127888,96.9921875
08:00:02,91282CLM1,TSRYS5893517,D,B,C,2024-10-23,2000000.00,4.127555,96.994140625
08:00:02,91282CLM1,TSRYS5893517,D,B,C,2024-10-23,1000000.00,4.127555,96.994140625
08:00:02,91282CLM1,TSRYS5893517,D,B,C,2024-10-23,1000000.00,4.127555,96.994140625
08:00:02,91282CLM1,TSRYS5893517,D,B,C,2024-10-23,1000000.00,4.126557,97.0
08:00:02,91282CLM1,TSRYS5893517,D,S,D,2024-10-23,1000000.00,4.125892,97.00390625
08:00:02,91282CLM1,TSRYS5893517,D,S,D,2024-10-23,1000000.00,4.125892,97.00390625
08:00:02,91282CLM1,TSRYS5893517,D,B,C,2024-10-23,1000000.00,4.12556,97.005859375
08:00:02,91282CLM1,TSRYS5893517,D,S,T,2024-10-23,1000000.00,4.125227,97.0078125
08:00:02,91282CLM1,TSRYS5893517,D,S,D,2024-10-23,1000000.00,4.123897,97.015625
08:00:02,91282CLM1,TSRYS5893517,D,S,D,2024-10-23,1000000.00,4.123897,97.015625
08:00:02,91282CLM1,TSRYS5893517,D,S,D,2024-10-23,1000000.00,4.123897,97.015625
08:00:02,91282CLM1,TSRYS5893517,D,S,D,2024-10-23,1000000.00,4.12423,97.013671875
08:00:02,91282CLM1,TSRYS5893517,D,B,C,2024-10-23,1000000.00,4.124895,97.009765625
08:00:02,91282CLM1,TSRYS5893517,D,S,D,2024-10-23,1000000.00,4.12423,97.013671875
08:00:02,91282CLM1,TSRYS5893517,D,S,D,2024-10-23,1000000.00,4.12423,97.013671875
08:00:02,91282CLM1,TSRYS5893517,D,S,D,2024-10-23,1000000.00,4.124562,97.01171875
08:00:02,91282CLM1,TSRYS5893517,D,B,C,2024-10-23,1000000.00,4.125227,97.0078125
08:00:02,91282CLM1,TSRYS5893517,D,S,D,2024-10-23,1000000.00,4.12423,97.013671875
08:00:02,91282CLM1,TSRYS5893517,D,S,D,2024-10-23,1000000.00,4.12423,97.013671875
08:00:02,91282CLM1,TSRYS5893517,D,S,D,2024-10-23,1000000.00,4.12423,97.013671875
08:00:02,91282CLM1,TSRYS5893517,D,S,D,2024-10-23,1000000.00,4.12423,97.013671875
08:00:02,91282CLM1,TSRYS5893517,D,S,D,2024-10-23,1000000.00,4.117914,97.05078125
08:00:02,91282CLM1,TSRYS5893517,D,S,D,2024-10-23,1000000.00,4.11592,97.0625
08:00:02,91282CLM1,TSRYS5893517,D,B,C,2024-10-23,1000000.00,4.115588,97.064453125
08:00:02,91282CLM1,TSRYS5893517,D,B,C,2024-10-23,1000000.00,4.115588,97.064453125
08:00:02,91282CLM1,TSRYS5893517,D,B,C,2024-10-23,1000000.00,4.115588,97.064453125
08:00:02,91282CLM1,TSRYS5893517,D,B,C,2024-10-23,1000000.00,4.117582,97.052734375
08:00:02,91282CLM1,TSRYS5893517,D,B,C,2024-10-23,1000000.00,4.117582,97.052734375
08:00:02,91282CLM1,TSRYS5893517,D,S,D,2024-10-23,1000000.00,4.116917,97.056640625
08:00:02,91282CLM1,TSRYS5893517,D,B,C,2024-10-23,1000000.00,4.117249,97.0546875
08:00:02,91282CLM1,TSRYS5893517,D,B,C,2024-10-23,1000000.00,4.117582,97.052734375
08:00:02,91282CLM1,TSRYS5893517,D,S,D,2024-10-23,1000000.00,4.118246,97.048828125
08:00:02,91282CLM1,TSRYS5893517,D,S,D,2024-10-23,1000000.00,4.118246,97.048828125
08:00:02,91282CLM1,TSRYS5893517,D,S,D,2024-10-23,1000000.00,4.118246,97.048828125
08:00:02,91282CLM1,TSRYS5893517,D,S,T,2024-10-23,1000000.00,4.118911,97.044921875
08:00:02,91282CLM1,TSRYS5893517,D,S,D,2024-10-23,1000000.00,4.118911,97.044921875
08:00:02,91282CLM1,TSRYS5893517,D,S,D,2024-10-23,1000000.00,4.118911,97.044921875
08:00:02,91282CLM1,TSRYS5893517,D,S,T,2024-10-23,1000000.00,4.118911,97.044921875
08:00:02,91282CLM1,TSRYS5893517,D,S,D,2024-10-23,1000000.00,4.118911,97.044921875
08:00:02,91282CLM1,TSRYS5893517,D,S,D,2024-10-23,1000000.00,4.118911,97.044921875
08:00:02,91282CLM1,TSRYS5893517,D,S,D,2024-10-23,1000000.00,4.118911,97.044921875
08:00:02,91282CLM1,TSRYS5893517,D,S,T,2024-10-23,1000000.00,4.118911,97.044921875
08:00:02,91282CLM1,TSRYS5893517,D,S,D,2024-10-23,1000000.00,4.118911,97.044921875
08:00:02,91282CLM1,TSRYS5893517,D,S,D,2024-10-23,1000000.00,4.118911,97.044921875
08:00:02,91282CLM1,TSRYS5893517,D,B,C,2024-10-23,1000000.00,4.11592,97.0625
08:00:02,91282CLM1,TSRYS5893517,D,B,C,2024-10-23,1000000.00,4.11592,97.0625
08:00:02,91282CLM1,TSRYS5893517,D,S,T,2024-10-23,1000000.00,4.116252,97.060546875
08:00:02,91282CLM1,TSRYS5893517,D,S,D,2024-10-23,1000000.00,4.116252,97.060546875
08:00:02,91282CLM1,TSRYS5893517,D,B,C,2024-10-23,1000000.00,4.11592,97.0625
08:00:02,91282CLM1,TSRYS5893517,D,S,T,2024-10-23,1000000.00,4.117914,97.05078125
08:00:02,91282CLM1,TSRYS5893517,D,S,T,2024-10-23,1000000.00,4.12423,97.013671875
08:00:02,91282CLM1,TSRYS5893517,D,S,T,2024-10-23,2000000.00,4.12423,97.013671875
08:00:02,91282CLM1,TSRYS5893517,D,S,T,2024-10-23,2000000.00,4.123897,97.015625
08:00:02,91282CLM1,TSRYS5893517,D,S,D,2024-10-23,1000000.00,4.12822,96.990234375
08:00:02,91282CLM1,TSRYS5893517,D,S,T,2024-10-23,1000000.00,4.129883,96.98046875
08:00:02,91282CLM1,TSRYS5893517,D,S,T,2024-10-23,1000000.00,4.129883,96.98046875
08:00:02,91282CLM1,TSRYS5893517,D,S,T,2024-10-23,1000000.00,4.129883,96.98046875
08:00:02,91282CLM1,TSRYS5893517,D,S,T,2024-10-23,1000000.00,4.129883,96.98046875
08:00:02,91282CLM1,TSRYS5893517,D,S,T,2024-10-23,1000000.00,4.129883,96.98046875
08:00:02,91282CLM1,TSRYS5893517,D,S,T,2024-10-23,1000000.00,4.129883,96.98046875
08:00:06,91282CLM1,TSRYS5893517,D,S,T,2024-10-23,1000000.00,4.107283,97.11328125
08:00:06,91282CLM1,TSRYS5893517,D,S,D,2024-10-23,1000000.00,4.113262,97.078125
08:00:06,91282CLM1,TSRYS5893517,D,S,D,2024-10-23,1000000.00,4.113262,97.078125
08:00:07,91282CLM1,TSRYS5893517,D,S,D,2024-10-23,1000000.00,4.114591,97.0703125
08:00:07,91282CLM1,TSRYS5893517,D,S,D,2024-10-23,1000000.00,4.118579,97.046875
08:00:07,91282CLM1,TSRYS5893517,D,S,D,2024-10-23,1000000.00,4.122567,97.0234375
08:00:07,91282CLM1,TSRYS5893517,D,S,T,2024-10-23,1000000.00,4.131879,96.96875
08:00:07,91282CLM1,TSRYS5893517,D,S,D,2024-10-23,1000000.00,4.13321,96.9609375
08:00:07,91282CLM1,TSRYS5893517,D,S,A,2024-10-23,135000.00,4.129218,96.984375
08:00:07,91282CLM1,TSRYS5893517,D,S,D,2024-10-23,1000000.00,4.121238,97.03125
08:00:07,91282CLM1,TSRYS5893517,D,S,A,2024-10-23,13617300.00,4.119908,97.0390625
08:00:07,91282CLM1,TSRYS5893517,D,S,T,2024-10-23,1000000.00,4.118579,97.046875
08:00:07,91282CLM1,TSRYS5893517,D,S,T,2024-10-23,1000000.00,4.118579,97.046875
08:00:07,91282CLM1,TSRYS5893517,D,S,T,2024-10-23,1000000.00,4.118579,97.046875
08:00:07,91282CLM1,TSRYS5893517,D,S,T,2024-10-23,1000000.00,4.118579,97.046875
08:00:07,91282CLM1,TSRYS5893517,D,S,T,2024-10-23,1000000.00,4.118579,97.046875
08:00:07,91282CLM1,TSRYS5893517,D,S,T,2024-10-23,1000000.00,4.13321,96.9609375
08:00:07,91282CLM1,TSRYS5893517,D,B,C,2024-10-23,482000.00,4.118579,97.046875
08:00:07,91282CLM1,TSRYS5893517,D,S,C,2024-10-23,34000000.00,4.118579,97.046875
08:00:07,91282CLM1,TSRYS5893517,D,S,D,2024-10-23,39000000.00,4.12828,96.9898838141
08:00:07,91282CLM1,TSRYS5893517,D,B,C,2024-10-23,1729000.00,4.127223,96.99609375
08:00:08,91282CLM1,TSRYS5893517,D,S,T,2024-10-23,1000000.00,4.11592,97.0625
08:00:08,91282CLM1,TSRYS5893517,D,S,T,2024-10-23,3000000.00,4.11592,97.0625
08:00:09,91282CLM1,TSRYS5893517,D,S,T,2024-10-23,1000000.00,4.127888,96.9921875
08:00:09,91282CLM1,TSRYS5893517,D,S,T,2024-10-23,2000000.00,4.127888,96.9921875
08:00:09,91282CLM1,TSRYS5893517,D,S,T,2024-10-23,1000000.00,4.130549,96.9765625
08:00:10,91282CLM1,TSRYS5893517,D,S,D,2024-10-23,1000000.00,4.118911,97.044921875
08:00:10,91282CLM1,TSRYS5893517,D,S,T,2024-10-23,1000000.00,4.118579,97.046875
08:00:10,91282CLM1,TSRYS5893517,D,S,T,2024-10-23,1000000.00,4.127918,96.9920105
08:00:10,91282CLM1,TSRYS5893517,D,S,C,2024-10-23,364400.00,4.127888,96.9921875
08:00:10,91282CLM1,TSRYS5893517,D,S,C,2024-10-23,500600.00,4.129883,96.98046875
08:00:11,91282CLM1,TSRYS5893517,D,S,A,2024-10-23,6000000.00,4.126557,97.0
08:00:11,91282CLM1,TSRYS5893517,D,S,D,2024-10-23,1000000.00,4.125227,97.0078125
08:00:11,91282CLM1,TSRYS5893517,D,S,D,2024-10-23,1000000.00,4.128553,96.98828125
08:00:11,91282CLM1,TSRYS5893517,D,S,T,2024-10-23,1000000.00,4.12822,96.990234375
08:00:11,91282CLM1,TSRYS5893517,D,S,T,2024-10-23,1000000.00,4.126557,97.0
08:00:11,91282CLM1,TSRYS5893517,D,S,T,2024-10-23,2000000.00,4.126557,97.0
08:00:11,91282CLM1,TSRYS5893517,D,S,D,2024-10-23,364400.00,4.127888,96.9921875
08:00:11,91282CLM1,TSRYS5893517,D,S,D,2024-10-23,500600.00,4.129883,96.98046875
08:00:11,91282CLM1,TSRYS5893517,D,S,T,2024-10-23,1000000.00,4.117249,97.0546875
08:00:11,91282CLM1,TSRYS5893517,D,S,D,2024-10-23,1000000.00,4.116585,97.05859375
08:00:11,91282CLM1,TSRYS5893517,D,S,D,2024-10-23,1000000.00,4.120573,97.03515625
08:00:11,91282CLM1,TSRYS5893517,D,S,D,2024-10-23,1200000.00,4.131214,96.97265625
08:00:11,91282CLM1,TSRYS5893517,D,S,T,2024-10-23,1000000.00,4.12689,96.998046875
08:00:11,91282CLM1,TSRYS5893517,D,S,T,2024-10-23,1000000.00,4.127888,96.9921875
08:00:11,91282CLM1,TSRYS5893517,D,S,T,2024-10-23,1000000.00,4.127888,96.9921875
08:00:11,91282CLM1,TSRYS5893517,D,S,T,2024-10-23,1000000.00,4.127888,96.9921875
08:00:11,91282CLM1,TSRYS5893517,D,S,T,2024-10-23,1000000.00,4.127888,96.9921875
08:00:11,91282CLM1,TSRYS5893517,D,S,D,2024-10-23,1000000.00,4.127888,96.9921875
08:00:11,91282CLM1,TSRYS5893517,D,S,T,2024-10-23,1000000.00,4.12822,96.990234375
08:00:11,91282CLM1,TSRYS5893517,D,S,D,2024-10-23,1000000.00,4.126557,97.0
08:00:11,91282CLM1,TSRYS5893517,D,S,T,2024-10-23,1000000.00,4.110604,97.09375
08:00:11,91282CLM1,TSRYS5893517,D,S,T,2024-10-23,1000000.00,4.110604,97.09375
08:00:11,91282CLM1,TSRYS5893517,D,S,T,2024-10-23,1000000.00,4.110604,97.09375
08:00:11,91282CLM1,TSRYS5893517,D,S,T,2024-10-23,3000000.00,4.110604,97.09375
08:00:11,91282CLM1,TSRYS5893517,D,S,T,2024-10-23,2000000.00,4.110604,97.09375
08:00:12,91282CLM1,TSRYS5893517,D,S,T,2024-10-23,1000000.00,4.111933,97.0859375
08:00:12,91282CLM1,TSRYS5893517,D,S,T,2024-10-23,1000000.00,4.126557,97.0
08:00:12,91282CLM1,TSRYS5893517,D,S,T,2024-10-23,1000000.00,4.127888,96.9921875
08:00:12,91282CLM1,TSRYS5893517,D,S,D,2024-10-23,1000000.00,4.123565,97.017578125
08:00:12,91282CLM1,TSRYS5893517,D,S,T,2024-10-23,1000000.00,4.13321,96.9609375
08:00:12,91282CLM1,TSRYS5893517,D,S,T,2024-10-23,1000000.00,4.130549,96.9765625
08:00:12,91282CLM1,TSRYS5893517,D,S,T,2024-10-23,1000000.00,4.12157,97.029296875
08:00:12,91282CLM1,TSRYS5893517,D,S,D,2024-10-23,1000000.00,4.124895,97.009765625
08:00:12,91282CLM1,TSRYS5893517,D,S,T,2024-10-23,2000000.00,4.122567,97.0234375
08:00:12,91282CLM1,TSRYS5893517,D,S,T,2024-10-23,1000000.00,4.122567,97.0234375
08:00:12,91282CLM1,TSRYS5893517,D,S,T,2024-10-23,1000000.00,4.118579,97.046875
08:00:12,91282CLM1,TSRYS5893517,D,S,T,2024-10-23,3000000.00,4.118579,97.046875
08:00:12,91282CLM1,TSRYS5893517,D,S,T,2024-10-23,3000000.00,4.118579,97.046875
08:00:12,91282CLM1,TSRYS5893517,D,S,T,2024-10-23,3000000.00,4.118579,97.046875
08:00:12,91282CLM1,TSRYS5893517,D,S,D,2024-10-23,1000000.00,4.119576,97.041015625
08:00:12,91282CLM1,TSRYS5893517,D,S,D,2024-10-23,1000000.00,4.119576,97.041015625
08:00:12,91282CLM1,TSRYS5893517,D,S,T,2024-10-23,1000000.00,4.126557,97.0
08:00:12,91282CLM1,TSRYS5893517,D,S,T,2024-10-23,1000000.00,4.129218,96.984375
08:00:12,91282CLM1,TSRYS5893517,D,S,D,2024-10-23,1000000.00,4.130881,96.974609375
08:00:12,91282CLM1,TSRYS5893517,D,S,T,2024-10-23,1000000.00,4.13321,96.9609375
08:00:12,91282CLM1,TSRYS5893517,D,S,T,2024-10-23,1000000.00,4.13321,96.9609375
08:00:12,91282CLM1,TSRYS5893517,D,S,T,2024-10-23,1000000.00,4.13321,96.9609375
08:00:12,91282CLM1,TSRYS5893517,D,S,T,2024-10-23,1000000.00,4.13321,96.9609375
08:00:12,91282CLM1,TSRYS5893517,D,S,T,2024-10-23,1000000.00,4.13321,96.9609375
08:00:12,91282CLM1,TSRYS5893517,D,S,T,2024-10-23,3000000.00,4.13321,96.9609375
08:00:12,91282CLM1,TSRYS5893517,D,S,T,2024-10-23,1000000.00,4.119576,97.041015625
08:00:12,91282CLM1,TSRYS5893517,D,S,D,2024-10-23,1000000.00,4.119576,97.041015625
08:00:12,91282CLM1,TSRYS5893517,D,S,D,2024-10-23,1000000.00,4.119576,97.041015625
08:00:12,91282CLM1,TSRYS5893517,D,S,T,2024-10-23,1000000.00,4.126557,97.0
08:00:12,91282CLM1,TSRYS5893517,D,S,T,2024-10-23,1000000.00,4.126557,97.0
08:00:14,91282CLM1,TSRYS5893517,D,S,T,2024-10-23,2000000.00,4.126557,97.0
08:00:14,91282CLM1,TSRYS5893517,D,S,D,2024-10-23,5000000.00,4.127888,96.9921875
08:00:14,91282CLM1,TSRYS5893517,D,B,C,2024-10-23,5000000.00,4.127888,96.9921875
08:00:18,91282CLM1,TSRYS5893517,D,S,D,2024-10-23,615000.00,4.109208,97.1019625
08:00:22,91282CLM1,TSRYS5893517,D,S,T,2024-10-23,1000000.00,4.126557,97.0
08:00:29,91282CLM1,TSRYS5893517,D,S,T,2024-10-23,1000000.00,4.103962,97.1328125
08:00:29,91282CLM1,TSRYS5893517,D,S,T,2024-10-23,4000000.00,4.111933,97.0859375
08:00:29,91282CLM1,TSRYS5893517,D,S,T,2024-10-23,1000000.00,4.109276,97.1015625
08:00:29,91282CLM1,TSRYS5893517,D,S,T,2024-10-23,1000000.00,4.109276,97.1015625
08:00:29,91282CLM1,TSRYS5893517,D,S,T,2024-10-23,2000000.00,4.109276,97.1015625
08:00:29,91282CLM1,TSRYS5893517,D,S,T,2024-10-23,1000000.00,4.110604,97.09375
08:00:29,91282CLM1,TSRYS5893517,D,S,T,2024-10-23,1000000.00,4.109276,97.1015625
08:00:29,91282CLM1,TSRYS5893517,D,S,T,2024-10-23,1000000.00,4.109276,97.1015625
08:00:29,91282CLM1,TSRYS5893517,D,S,T,2024-10-23,1000000.00,4.113262,97.078125
08:00:29,91282CLM1,TSRYS5893517,D,S,T,2024-10-23,2000000.00,4.113262,97.078125
08:00:29,91282CLM1,TSRYS5893517,D,S,T,2024-10-23,1000000.00,4.114591,97.0703125
08:00:29,91282CLM1,TSRYS5893517,D,S,T,2024-10-23,1000000.00,4.119908,97.0390625
08:00:29,91282CLM1,TSRYS5893517,D,S,T,2024-10-23,1000000.00,4.125227,97.0078125
08:00:29,91282CLM1,TSRYS5893517,D,S,T,2024-10-23,1000000.00,4.125227,97.0078125
08:00:29,91282CLM1,TSRYS5893517,D,S,T,2024-10-23,1000000.00,4.125227,97.0078125
08:00:29,91282CLM1,TSRYS5893517,D,S,T,2024-10-23,2000000.00,4.123897,97.015625
08:00:29,91282CLM1,TSRYS5893517,D,S,T,2024-10-23,1000000.00,4.123897,97.015625
08:00:29,91282CLM1,TSRYS5893517,D,S,T,2024-10-23,4000000.00,4.130549,96.9765625
08:00:29,91282CLM1,TSRYS5893517,D,S,T,2024-10-23,3000000.00,4.13321,96.9609375
08:00:29,91282CLM1,TSRYS5893517,D,S,T,2024-10-23,2000000.00,4.13321,96.9609375
08:00:29,91282CLM1,TSRYS5893517,D,S,T,2024-10-23,1000000.00,4.134541,96.953125
08:00:29,91282CLM1,TSRYS5893517,D,S,T,2024-10-23,1000000.00,4.130549,96.9765625
08:00:29,91282CLM1,TSRYS5893517,D,S,T,2024-10-23,1000000.00,4.130549,96.9765625
08:00:29,91282CLM1,TSRYS5893517,D,S,T,2024-10-23,1000000.00,4.126557,97.0
08:00:29,91282CLM1,TSRYS5893517,D,S,T,2024-10-23,1000000.00,4.121238,97.03125
08:00:29,91282CLM1,TSRYS5893517,D,S,T,2024-10-23,2000000.00,4.123897,97.015625
08:00:29,91282CLM1,TSRYS5893517,D,S,T,2024-10-23,1000000.00,4.121238,97.03125
08:00:29,91282CLM1,TSRYS5893517,D,S,T,2024-10-23,2000000.00,4.122567,97.0234375
08:00:29,91282CLM1,TSRYS5893517,D,S,T,2024-10-23,1000000.00,4.122567,97.0234375
08:00:29,91282CLM1,TSRYS5893517,D,S,T,2024-10-23,1000000.00,4.121238,97.03125
08:00:29,91282CLM1,TSRYS5893517,D,S,T,2024-10-23,4000000.00,4.119908,97.0390625
08:00:29,91282CLM1,TSRYS5893517,D,S,T,2024-10-23,1000000.00,4.117249,97.0546875
08:00:29,91282CLM1,TSRYS5893517,D,S,T,2024-10-23,1000000.00,4.122567,97.0234375
08:00:29,91282CLM1,TSRYS5893517,D,S,T,2024-10-23,1000000.00,4.126557,97.0
08:00:29,91282CLM1,TSRYS5893517,D,S,T,2024-10-23,1000000.00,4.126557,97.0
08:00:29,91282CLM1,TSRYS5893517,D,S,T,2024-10-23,1000000.00,4.117249,97.0546875
08:00:29,91282CLM1,TSRYS5893517,D,S,T,2024-10-23,1000000.00,4.117249,97.0546875
08:00:29,91282CLM1,TSRYS5893517,D,S,T,2024-10-23,4000000.00,4.118579,97.046875
08:00:29,91282CLM1,TSRYS5893517,D,S,T,2024-10-23,1000000.00,4.118579,97.046875
08:00:29,91282CLM1,TSRYS5893517,D,S,T,2024-10-23,3000000.00,4.117249,97.0546875
08:00:29,91282CLM1,TSRYS5893517,D,S,T,2024-10-23,4000000.00,4.117249,97.0546875
08:00:29,91282CLM1,TSRYS5893517,D,S,T,2024-10-23,1000000.00,4.122567,97.0234375
08:00:29,91282CLM1,TSRYS5893517,D,S,C,2024-10-23,53000.00,4.118579,97.046875
08:00:29,91282CLM1,TSRYS5893517,D,S,D,2024-10-23,1000000.00,4.110604,97.09375
08:00:29,91282CLM1,TSRYS5893517,D,S,D,2024-10-23,1000000.00,4.111933,97.0859375
08:00:29,91282CLM1,TSRYS5893517,D,S,T,2024-10-23,1000000.00,4.111601,97.087890625
08:00:29,91282CLM1,TSRYS5893517,D,S,D,2024-10-23,1000000.00,4.117249,97.0546875
08:00:29,91282CLM1,TSRYS5893517,D,S,D,2024-10-23,1000000.00,4.117582,97.052734375
08:00:29,91282CLM1,TSRYS5893517,D,S,T,2024-10-23,1000000.00,4.116585,97.05859375
08:00:29,91282CLM1,TSRYS5893517,D,S,D,2024-10-23,1000000.00,4.114591,97.0703125
08:00:29,91282CLM1,TSRYS5893517,D,S,D,2024-10-23,1000000.00,4.11592,97.0625
08:00:29,91282CLM1,TSRYS5893517,D,S,D,2024-10-23,1000000.00,4.125227,97.0078125
08:00:29,91282CLM1,TSRYS5893517,D,S,D,2024-10-23,1000000.00,4.129218,96.984375
08:00:29,91282CLM1,TSRYS5893517,D,S,D,2024-10-23,1000000.00,4.130549,96.9765625
08:00:30,91282CLM1,TSRYS5893517,D,S,T,2024-10-23,1000000.00,4.132877,96.962890625
08:00:30,91282CLM1,TSRYS5893517,D,S,D,2024-10-23,1000000.00,4.13321,96.9609375
08:00:30,91282CLM1,TSRYS5893517,D,S,D,2024-10-23,1000000.00,4.134541,96.953125
08:00:30,91282CLM1,TSRYS5893517,D,S,T,2024-10-23,1000000.00,4.123232,97.01953125
08:00:30,91282CLM1,TSRYS5893517,D,S,T,2024-10-23,1000000.00,4.119243,97.04296875
08:00:30,91282CLM1,TSRYS5893517,D,S,D,2024-10-23,1000000.00,4.123897,97.015625
08:00:30,91282CLM1,TSRYS5893517,D,S,T,2024-10-23,1000000.00,4.118579,97.046875
08:00:30,91282CLM1,TSRYS5893517,D,S,T,2024-10-23,1000000.00,4.118579,97.046875
08:00:30,91282CLM1,TSRYS5893517,D,S,T,2024-10-23,1000000.00,4.117914,97.05078125
08:00:30,91282CLM1,TSRYS5893517,D,S,T,2024-10-23,1000000.00,4.117914,97.05078125
08:00:30,91282CLM1,TSRYS5893517,D,S,T,2024-10-23,1000000.00,4.117914,97.05078125
08:00:30,91282CLM1,TSRYS5893517,D,S,D,2024-10-23,1000000.00,4.126557,97.0
08:00:30,91282CLM1,TSRYS5893517,D,S,T,2024-10-23,2000000.00,4.12822,96.990234375
08:00:30,91282CLM1,TSRYS5893517,D,S,T,2024-10-23,2000000.00,4.118246,97.048828125
08:00:30,91282CLM1,TSRYS5893517,D,S,T,2024-10-23,1000000.00,4.118246,97.048828125
08:00:30,91282CLM1,TSRYS5893517,D,S,D,2024-10-23,1000000.00,4.127888,96.9921875
08:00:30,91282CLM1,TSRYS5893517,D,S,D,2024-10-23,1000000.00,4.129218,96.984375
08:00:30,91282CLM1,TSRYS5893517,D,S,T,2024-10-23,1000000.00,4.101306,97.1484375
08:00:30,91282CLM1,TSRYS5893517,D,S,T,2024-10-23,1000000.00,4.101306,97.1484375
08:00:30,91282CLM1,TSRYS5893517,D,S,T,2024-10-23,1000000.00,4.101306,97.1484375
08:00:30,91282CLM1,TSRYS5893517,D,S,T,2024-10-23,1000000.00,4.10529,97.125
08:00:30,91282CLM1,TSRYS5893517,D,S,T,2024-10-23,1000000.00,4.10529,97.125
08:00:30,91282CLM1,TSRYS5893517,D,S,T,2024-10-23,1000000.00,4.10529,97.125
08:00:30,91282CLM1,TSRYS5893517,D,S,T,2024-10-23,1000000.00,4.10529,97.125
08:00:30,91282CLM1,TSRYS5893517,D,S,T,2024-10-23,1000000.00,4.106619,97.1171875
08:00:30,91282CLM1,TSRYS5893517,D,S,T,2024-10-23,1000000.00,4.106619,97.1171875
08:00:30,91282CLM1,TSRYS5893517,D,S,T,2024-10-23,1000000.00,4.106619,97.1171875
08:00:30,91282CLM1,TSRYS5893517,D,S,T,2024-10-23,3000000.00,4.106619,97.1171875
08:00:30,91282CLM1,TSRYS5893517,D,S,T,2024-10-23,1000000.00,4.106619,97.1171875
08:00:30,91282CLM1,TSRYS5893517,D,S,T,2024-10-23,1000000.00,4.109276,97.1015625
08:00:30,91282CLM1,TSRYS5893517,D,S,T,2024-10-23,1000000.00,4.107947,97.109375
08:00:30,91282CLM1,TSRYS5893517,D,S,T,2024-10-23,1000000.00,4.107947,97.109375
08:00:30,91282CLM1,TSRYS5893517,D,S,T,2024-10-23,1000000.00,4.107947,97.109375
08:00:30,91282CLM1,TSRYS5893517,D,S,T,2024-10-23,1000000.00,4.110604,97.09375
08:00:30,91282CLM1,TSRYS5893517,D,S,T,2024-10-23,1000000.00,4.110604,97.09375
08:00:30,91282CLM1,TSRYS5893517,D,S,T,2024-10-23,1000000.00,4.110604,97.09375
08:00:30,91282CLM1,TSRYS5893517,D,S,T,2024-10-23,1000000.00,4.110604,97.09375
08:00:30,91282CLM1,TSRYS5893517,D,S,T,2024-10-23,1000000.00,4.111933,97.0859375
08:00:30,91282CLM1,TSRYS5893517,D,S,T,2024-10-23,2000000.00,4.111933,97.0859375
08:00:30,91282CLM1,TSRYS5893517,D,S,T,2024-10-23,1000000.00,4.111933,97.0859375
08:00:30,91282CLM1,TSRYS5893517,D,S,T,2024-10-23,1000000.00,4.113262,97.078125
08:00:30,91282CLM1,TSRYS5893517,D,S,T,2024-10-23,1000000.00,4.113262,97.078125
08:00:30,91282CLM1,TSRYS5893517,D,S,T,2024-10-23,1000000.00,4.113262,97.078125
08:00:30,91282CLM1,TSRYS5893517,D,S,T,2024-10-23,1000000.00,4.113262,97.078125
08:00:30,91282CLM1,TSRYS5893517,D,S,T,2024-10-23,1000000.00,4.110604,97.09375
08:00:30,91282CLM1,TSRYS5893517,D,S,T,2024-10-23,1000000.00,4.109276,97.1015625
08:00:30,91282CLM1,TSRYS5893517,D,S,T,2024-10-23,1000000.00,4.110604,97.09375
08:00:30,91282CLM1,TSRYS5893517,D,S,T,2024-10-23,1000000.00,4.109276,97.1015625
08:00:30,91282CLM1,TSRYS5893517,D,S,T,2024-10-23,1000000.00,4.109276,97.1015625
08:00:30,91282CLM1,TSRYS5893517,D,S,T,2024-10-23,1000000.00,4.109276,97.1015625
08:00:30,91282CLM1,TSRYS5893517,D,S,T,2024-10-23,1000000.00,4.109276,97.1015625
08:00:30,91282CLM1,TSRYS5893517,D,S,T,2024-10-23,1000000.00,4.109276,97.1015625
08:00:30,91282CLM1,TSRYS5893517,D,S,T,2024-10-23,1000000.00,4.109276,97.1015625
08:00:30,91282CLM1,TSRYS5893517,D,S,T,2024-10-23,1000000.00,4.107947,97.109375
08:00:30,91282CLM1,TSRYS5893517,D,S,T,2024-10-23,1000000.00,4.107947,97.109375
08:00:30,91282CLM1,TSRYS5893517,D,S,T,2024-10-23,1000000.00,4.107947,97.109375
08:00:30,91282CLM1,TSRYS5893517,D,S,T,2024-10-23,1000000.00,4.109276,97.1015625
08:00:30,91282CLM1,TSRYS5893517,D,S,T,2024-10-23,1000000.00,4.109276,97.1015625
08:00:30,91282CLM1,TSRYS5893517,D,S,T,2024-10-23,1000000.00,4.109276,97.1015625
08:00:30,91282CLM1,TSRYS5893517,D,S,T,2024-10-23,1000000.00,4.109276,97.1015625
08:00:30,91282CLM1,TSRYS5893517,D,S,T,2024-10-23,1000000.00,4.109276,97.1015625
08:00:30,91282CLM1,TSRYS5893517,D,S,T,2024-10-23,1000000.00,4.109608,97.099609375
08:00:30,91282CLM1,TSRYS5893517,D,S,T,2024-10-23,1000000.00,4.109276,97.1015625
08:00:30,91282CLM1,TSRYS5893517,D,S,T,2024-10-23,1000000.00,4.109276,97.1015625
08:00:30,91282CLM1,TSRYS5893517,D,S,T,2024-10-23,1000000.00,4.109276,97.1015625
08:00:30,91282CLM1,TSRYS5893517,D,S,T,2024-10-23,1000000.00,4.109276,97.1015625
08:00:30,91282CLM1,TSRYS5893517,D,S,T,2024-10-23,1000000.00,4.110604,97.09375
08:00:30,91282CLM1,TSRYS5893517,D,S,T,2024-10-23,1000000.00,4.110604,97.09375
08:00:30,91282CLM1,TSRYS5893517,D,S,T,2024-10-23,1000000.00,4.110604,97.09375
08:00:30,91282CLM1,TSRYS5893517,D,S,T,2024-10-23,1000000.00,4.110604,97.09375
08:00:30,91282CLM1,TSRYS5893517,D,S,T,2024-10-23,1000000.00,4.110604,97.09375
08:00:30,91282CLM1,TSRYS5893517,D,S,T,2024-10-23,1000000.00,4.107947,97.109375
08:00:30,91282CLM1,TSRYS5893517,D,S,T,2024-10-23,1000000.00,4.107947,97.109375
08:00:30,91282CLM1,TSRYS5893517,D,S,T,2024-10-23,1000000.00,4.110604,97.09375
08:00:30,91282CLM1,TSRYS5893517,D,S,T,2024-10-23,1000000.00,4.110604,97.09375
08:00:30,91282CLM1,TSRYS5893517,D,S,T,2024-10-23,1000000.00,4.110604,97.09375
08:00:30,91282CLM1,TSRYS5893517,D,S,T,2024-10-23,1000000.00,4.111933,97.0859375
08:00:30,91282CLM1,TSRYS5893517,D,S,T,2024-10-23,2000000.00,4.113262,97.078125
08:00:30,91282CLM1,TSRYS5893517,D,S,T,2024-10-23,1000000.00,4.111933,97.0859375
08:00:30,91282CLM1,TSRYS5893517,D,S,T,2024-10-23,1000000.00,4.111933,97.0859375
08:00:30,91282CLM1,TSRYS5893517,D,S,T,2024-10-23,1000000.00,4.111933,97.0859375
08:00:30,91282CLM1,TSRYS5893517,D,S,T,2024-10-23,1000000.00,4.110604,97.09375
08:00:30,91282CLM1,TSRYS5893517,D,S,T,2024-10-23,1000000.00,4.110604,97.09375
08:00:30,91282CLM1,TSRYS5893517,D,S,T,2024-10-23,1000000.00,4.110604,97.09375
08:00:30,91282CLM1,TSRYS5893517,D,S,T,2024-10-23,1000000.00,4.114591,97.0703125
08:00:30,91282CLM1,TSRYS5893517,D,S,T,2024-10-23,1000000.00,4.113262,97.078125
08:00:30,91282CLM1,TSRYS5893517,D,S,T,2024-10-23,1000000.00,4.11592,97.0625
08:00:30,91282CLM1,TSRYS5893517,D,S,T,2024-10-23,1000000.00,4.11592,97.0625
08:00:30,91282CLM1,TSRYS5893517,D,S,T,2024-10-23,1000000.00,4.11592,97.0625
08:00:30,91282CLM1,TSRYS5893517,D,S,T,2024-10-23,1000000.00,4.11592,97.0625
08:00:30,91282CLM1,TSRYS5893517,D,S,T,2024-10-23,1000000.00,4.11592,97.0625
08:00:30,91282CLM1,TSRYS5893517,D,S,T,2024-10-23,1000000.00,4.11592,97.0625
08:00:30,91282CLM1,TSRYS5893517,D,S,T,2024-10-23,1000000.00,4.117249,97.0546875
08:00:30,91282CLM1,TSRYS5893517,D,S,T,2024-10-23,1000000.00,4.11592,97.0625
08:00:30,91282CLM1,TSRYS5893517,D,S,T,2024-10-23,1000000.00,4.11592,97.0625
08:00:30,91282CLM1,TSRYS5893517,D,S,T,2024-10-23,1000000.00,4.117249,97.0546875
08:00:30,91282CLM1,TSRYS5893517,D,S,T,2024-10-23,1000000.00,4.117249,97.0546875
08:00:30,91282CLM1,TSRYS5893517,D,S,T,2024-10-23,1000000.00,4.117249,97.0546875
08:00:30,91282CLM1,TSRYS5893517,D,S,T,2024-10-23,1000000.00,4.117249,97.0546875
08:00:30,91282CLM1,TSRYS5893517,D,S,T,2024-10-23,1000000.00,4.117249,97.0546875
08:00:30,91282CLM1,TSRYS5893517,D,S,T,2024-10-23,1000000.00,4.117249,97.0546875
08:00:30,91282CLM1,TSRYS5893517,D,S,T,2024-10-23,1000000.00,4.11592,97.0625
08:00:30,91282CLM1,TSRYS5893517,D,S,T,2024-10-23,1000000.00,4.11592,97.0625
08:00:30,91282CLM1,TSRYS5893517,D,S,T,2024-10-23,1000000.00,4.11592,97.0625
08:00:30,91282CLM1,TSRYS5893517,D,S,T,2024-10-23,1000000.00,4.118579,97.046875
08:00:30,91282CLM1,TSRYS5893517,D,S,T,2024-10-23,1000000.00,4.118579,97.046875
08:00:30,91282CLM1,TSRYS5893517,D,S,T,2024-10-23,1000000.00,4.119908,97.0390625
08:00:30,91282CLM1,TSRYS5893517,D,S,T,2024-10-23,1000000.00,4.119908,97.0390625
08:00:30,91282CLM1,TSRYS5893517,D,S,T,2024-10-23,1000000.00,4.11592,97.0625
08:00:30,91282CLM1,TSRYS5893517,D,S,T,2024-10-23,1000000.00,4.118246,97.048828125
08:00:30,91282CLM1,TSRYS5893517,D,S,T,2024-10-23,1000000.00,4.118579,97.046875
08:00:30,91282CLM1,TSRYS5893517,D,S,T,2024-10-23,1000000.00,4.118579,97.046875
08:00:30,91282CLM1,TSRYS5893517,D,S,T,2024-10-23,1000000.00,4.117249,97.0546875
08:00:30,91282CLM1,TSRYS5893517,D,S,T,2024-10-23,1000000.00,4.11592,97.0625
08:00:30,91282CLM1,TSRYS5893517,D,S,T,2024-10-23,1000000.00,4.11592,97.0625
08:00:30,91282CLM1,TSRYS5893517,D,S,T,2024-10-23,2000000.00,4.11592,97.0625
08:00:30,91282CLM1,TSRYS5893517,D,S,T,2024-10-23,1000000.00,4.11592,97.0625
08:00:30,91282CLM1,TSRYS5893517,D,S,T,2024-10-23,1000000.00,4.11592,97.0625
08:00:30,91282CLM1,TSRYS5893517,D,S,T,2024-10-23,1000000.00,4.116252,97.060546875
08:00:30,91282CLM1,TSRYS5893517,D,S,T,2024-10-23,1000000.00,4.116252,97.060546875
08:00:30,91282CLM1,TSRYS5893517,D,S,T,2024-10-23,2000000.00,4.116252,97.060546875
08:00:30,91282CLM1,TSRYS5893517,D,S,T,2024-10-23,1000000.00,4.116252,97.060546875
08:00:30,91282CLM1,TSRYS5893517,D,S,T,2024-10-23,1000000.00,4.11592,97.0625
08:00:30,91282CLM1,TSRYS5893517,D,S,T,2024-10-23,1000000.00,4.11592,97.0625
08:00:30,91282CLM1,TSRYS5893517,D,S,T,2024-10-23,1000000.00,4.114591,97.0703125
08:00:30,91282CLM1,TSRYS5893517,D,S,T,2024-10-23,1000000.00,4.114591,97.0703125
08:00:30,91282CLM1,TSRYS5893517,D,S,T,2024-10-23,1000000.00,4.114591,97.0703125
08:00:30,91282CLM1,TSRYS5893517,D,S,T,2024-10-23,2000000.00,4.114591,97.0703125
08:00:30,91282CLM1,TSRYS5893517,D,S,T,2024-10-23,1000000.00,4.114591,97.0703125
08:00:30,91282CLM1,TSRYS5893517,D,S,T,2024-10-23,1000000.00,4.114591,97.0703125
08:00:30,91282CLM1,TSRYS5893517,D,S,T,2024-10-23,1000000.00,4.117249,97.0546875
08:00:30,91282CLM1,TSRYS5893517,D,S,T,2024-10-23,1000000.00,4.119908,97.0390625
08:00:30,91282CLM1,TSRYS5893517,D,S,T,2024-10-23,1000000.00,4.121238,97.03125
08:00:30,91282CLM1,TSRYS5893517,D,S,T,2024-10-23,2000000.00,4.121238,97.03125
08:00:30,91282CLM1,TSRYS5893517,D,S,T,2024-10-23,1000000.00,4.121238,97.03125
08:00:30,91282CLM1,TSRYS5893517,D,S,T,2024-10-23,2000000.00,4.121238,97.03125
08:00:30,91282CLM1,TSRYS5893517,D,S,T,2024-10-23,2000000.00,4.121238,97.03125
08:00:30,91282CLM1,TSRYS5893517,D,S,T,2024-10-23,1000000.00,4.117249,97.0546875
08:00:30,91282CLM1,TSRYS5893517,D,S,T,2024-10-23,1000000.00,4.117249,97.0546875
08:00:30,91282CLM1,TSRYS5893517,D,S,T,2024-10-23,1000000.00,4.117249,97.0546875
08:00:31,91282CLM1,TSRYS5893517,D,S,T,2024-10-23,1000000.00,4.118579,97.046875
08:00:31,91282CLM1,TSRYS5893517,D,S,T,2024-10-23,1000000.00,4.119908,97.0390625
08:00:31,91282CLM1,TSRYS5893517,D,S,T,2024-10-23,1000000.00,4.12157,97.029296875
08:00:31,91282CLM1,TSRYS5893517,D,S,T,2024-10-23,1000000.00,4.125227,97.0078125
08:00:31,91282CLM1,TSRYS5893517,D,S,T,2024-10-23,1000000.00,4.125227,97.0078125
08:00:31,91282CLM1,TSRYS5893517,D,S,T,2024-10-23,1000000.00,4.123897,97.015625
08:00:31,91282CLM1,TSRYS5893517,D,S,T,2024-10-23,2000000.00,4.123897,97.015625
08:00:31,91282CLM1,TSRYS5893517,D,S,T,2024-10-23,1000000.00,4.123897,97.015625
08:00:31,91282CLM1,TSRYS5893517,D,S,T,2024-10-23,1000000.00,4.123897,97.015625
08:00:31,91282CLM1,TSRYS5893517,D,S,T,2024-10-23,1000000.00,4.123897,97.015625
08:00:31,91282CLM1,TSRYS5893517,D,S,T,2024-10-23,1000000.00,4.123897,97.015625
08:00:31,91282CLM1,TSRYS5893517,D,S,T,2024-10-23,1000000.00,4.122567,97.0234375
08:00:31,91282CLM1,TSRYS5893517,D,S,T,2024-10-23,1000000.00,4.122567,97.0234375
08:00:31,91282CLM1,TSRYS5893517,D,S,T,2024-10-23,1000000.00,4.122567,97.0234375
08:00:31,91282CLM1,TSRYS5893517,D,S,T,2024-10-23,1000000.00,4.122567,97.0234375
08:00:31,91282CLM1,TSRYS5893517,D,S,T,2024-10-23,1000000.00,4.122567,97.0234375
08:00:31,91282CLM1,TSRYS5893517,D,S,T,2024-10-23,1000000.00,4.122567,97.0234375
08:00:31,91282CLM1,TSRYS5893517,D,S,T,2024-10-23,1000000.00,4.122567,97.0234375
08:00:31,91282CLM1,TSRYS5893517,D,S,T,2024-10-23,1000000.00,4.123897,97.015625
08:00:31,91282CLM1,TSRYS5893517,D,S,T,2024-10-23,1000000.00,4.123897,97.015625
08:00:31,91282CLM1,TSRYS5893517,D,S,T,2024-10-23,1000000.00,4.123897,97.015625
08:00:31,91282CLM1,TSRYS5893517,D,S,T,2024-10-23,1000000.00,4.123897,97.015625
08:00:31,91282CLM1,TSRYS5893517,D,S,T,2024-10-23,1000000.00,4.123897,97.015625
08:00:31,91282CLM1,TSRYS5893517,D,S,T,2024-10-23,1000000.00,4.122567,97.0234375
08:00:31,91282CLM1,TSRYS5893517,D,S,T,2024-10-23,1000000.00,4.125227,97.0078125
08:00:31,91282CLM1,TSRYS5893517,D,S,T,2024-10-23,1000000.00,4.125227,97.0078125
08:00:31,91282CLM1,TSRYS5893517,D,S,T,2024-10-23,1000000.00,4.125227,97.0078125
08:00:31,91282CLM1,TSRYS5893517,D,S,T,2024-10-23,1000000.00,4.125227,97.0078125
08:00:31,91282CLM1,TSRYS5893517,D,S,T,2024-10-23,1000000.00,4.125227,97.0078125
08:00:31,91282CLM1,TSRYS5893517,D,S,T,2024-10-23,1000000.00,4.125227,97.0078125
08:00:31,91282CLM1,TSRYS5893517,D,S,T,2024-10-23,2000000.00,4.12822,96.990234375
08:00:31,91282CLM1,TSRYS5893517,D,S,T,2024-10-23,1000000.00,4.12822,96.990234375
08:00:31,91282CLM1,TSRYS5893517,D,S,T,2024-10-23,1000000.00,4.12822,96.990234375
08:00:31,91282CLM1,TSRYS5893517,D,S,T,2024-10-23,1000000.00,4.12822,96.990234375
08:00:31,91282CLM1,TSRYS5893517,D,S,T,2024-10-23,1000000.00,4.12822,96.990234375
08:00:31,91282CLM1,TSRYS5893517,D,S,T,2024-10-23,1000000.00,4.12822,96.990234375
08:00:31,91282CLM1,TSRYS5893517,D,S,T,2024-10-23,1000000.00,4.12822,96.990234375
08:00:31,91282CLM1,TSRYS5893517,D,S,T,2024-10-23,1000000.00,4.12822,96.990234375
08:00:31,91282CLM1,TSRYS5893517,D,S,T,2024-10-23,1000000.00,4.129883,96.98046875
08:00:31,91282CLM1,TSRYS5893517,D,S,T,2024-10-23,1000000.00,4.129883,96.98046875
08:00:31,91282CLM1,TSRYS5893517,D,S,T,2024-10-23,1000000.00,4.129883,96.98046875
08:00:31,91282CLM1,TSRYS5893517,D,S,T,2024-10-23,1000000.00,4.129883,96.98046875
08:00:31,91282CLM1,TSRYS5893517,D,S,T,2024-10-23,1000000.00,4.129883,96.98046875
08:00:31,91282CLM1,TSRYS5893517,D,S,T,2024-10-23,1000000.00,4.129883,96.98046875
08:00:31,91282CLM1,TSRYS5893517,D,S,T,2024-10-23,1000000.00,4.129883,96.98046875
08:00:31,91282CLM1,TSRYS5893517,D,S,T,2024-10-23,1000000.00,4.129883,96.98046875
08:00:31,91282CLM1,TSRYS5893517,D,S,T,2024-10-23,1000000.00,4.129883,96.98046875
08:00:31,91282CLM1,TSRYS5893517,D,S,T,2024-10-23,1000000.00,4.129883,96.98046875
08:00:31,91282CLM1,TSRYS5893517,D,S,T,2024-10-23,1000000.00,4.129883,96.98046875
08:00:31,91282CLM1,TSRYS5893517,D,S,T,2024-10-23,1000000.00,4.129883,96.98046875
08:00:31,91282CLM1,TSRYS5893517,D,S,T,2024-10-23,1000000.00,4.129883,96.98046875
08:00:31,91282CLM1,TSRYS5893517,D,S,T,2024-10-23,1000000.00,4.129883,96.98046875
08:00:31,91282CLM1,TSRYS5893517,D,S,T,2024-10-23,1000000.00,4.129883,96.98046875
08:00:31,91282CLM1,TSRYS5893517,D,S,T,2024-10-23,1000000.00,4.129883,96.98046875
08:00:31,91282CLM1,TSRYS5893517,D,S,T,2024-10-23,1000000.00,4.129883,96.98046875
08:00:31,91282CLM1,TSRYS5893517,D,S,T,2024-10-23,1000000.00,4.129883,96.98046875
08:00:31,91282CLM1,TSRYS5893517,D,S,T,2024-10-23,1000000.00,4.129883,96.98046875
08:00:31,91282CLM1,TSRYS5893517,D,S,T,2024-10-23,1000000.00,4.129883,96.98046875
08:00:31,91282CLM1,TSRYS5893517,D,S,T,2024-10-23,1000000.00,4.129883,96.98046875
08:00:31,91282CLM1,TSRYS5893517,D,S,T,2024-10-23,1000000.00,4.129883,96.98046875
08:00:31,91282CLM1,TSRYS5893517,D,S,T,2024-10-23,1000000.00,4.130549,96.9765625
08:00:31,91282CLM1,TSRYS5893517,D,S,T,2024-10-23,1000000.00,4.130549,96.9765625
08:00:31,91282CLM1,TSRYS5893517,D,S,T,2024-10-23,1000000.00,4.130549,96.9765625
08:00:31,91282CLM1,TSRYS5893517,D,S,T,2024-10-23,1000000.00,4.130549,96.9765625
08:00:31,91282CLM1,TSRYS5893517,D,S,T,2024-10-23,1000000.00,4.130549,96.9765625
08:00:31,91282CLM1,TSRYS5893517,D,S,T,2024-10-23,1000000.00,4.130549,96.9765625
08:00:31,91282CLM1,TSRYS5893517,D,S,T,2024-10-23,1000000.00,4.130549,96.9765625
08:00:31,91282CLM1,TSRYS5893517,D,S,T,2024-10-23,1000000.00,4.130549,96.9765625
08:00:31,91282CLM1,TSRYS5893517,D,S,T,2024-10-23,1000000.00,4.130549,96.9765625
08:00:31,91282CLM1,TSRYS5893517,D,S,T,2024-10-23,2000000.00,4.130549,96.9765625
08:00:31,91282CLM1,TSRYS5893517,D,S,T,2024-10-23,1000000.00,4.130549,96.9765625
08:00:31,91282CLM1,TSRYS5893517,D,S,T,2024-10-23,1000000.00,4.130549,96.9765625
08:00:31,91282CLM1,TSRYS5893517,D,S,T,2024-10-23,1000000.00,4.130549,96.9765625
08:00:31,91282CLM1,TSRYS5893517,D,S,T,2024-10-23,1000000.00,4.130549,96.9765625
08:00:31,91282CLM1,TSRYS5893517,D,S,T,2024-10-23,1000000.00,4.130549,96.9765625
08:00:31,91282CLM1,TSRYS5893517,D,S,T,2024-10-23,1000000.00,4.130549,96.9765625
08:00:31,91282CLM1,TSRYS5893517,D,S,T,2024-10-23,1000000.00,4.130549,96.9765625
08:00:31,91282CLM1,TSRYS5893517,D,S,T,2024-10-23,1000000.00,4.130549,96.9765625
08:00:31,91282CLM1,TSRYS5893517,D,S,T,2024-10-23,1000000.00,4.130549,96.9765625
08:00:31,91282CLM1,TSRYS5893517,D,S,T,2024-10-23,1000000.00,4.130549,96.9765625
08:00:31,91282CLM1,TSRYS5893517,D,S,T,2024-10-23,1000000.00,4.13321,96.9609375
08:00:31,91282CLM1,TSRYS5893517,D,S,T,2024-10-23,1000000.00,4.132545,96.96484375
08:00:31,91282CLM1,TSRYS5893517,D,S,T,2024-10-23,1000000.00,4.13321,96.9609375
08:00:31,91282CLM1,TSRYS5893517,D,S,T,2024-10-23,1000000.00,4.13321,96.9609375
08:00:31,91282CLM1,TSRYS5893517,D,S,T,2024-10-23,1000000.00,4.13321,96.9609375
08:00:31,91282CLM1,TSRYS5893517,D,S,T,2024-10-23,1000000.00,4.13321,96.9609375
08:00:31,91282CLM1,TSRYS5893517,D,S,T,2024-10-23,1000000.00,4.13321,96.9609375
08:00:31,91282CLM1,TSRYS5893517,D,S,T,2024-10-23,1000000.00,4.13321,96.9609375
08:00:31,91282CLM1,TSRYS5893517,D,S,T,2024-10-23,1000000.00,4.131879,96.96875
08:00:31,91282CLM1,TSRYS5893517,D,S,T,2024-10-23,1000000.00,4.13321,96.9609375
08:00:31,91282CLM1,TSRYS5893517,D,S,T,2024-10-23,1000000.00,4.13321,96.9609375
08:00:31,91282CLM1,TSRYS5893517,D,S,T,2024-10-23,1000000.00,4.13321,96.9609375
08:00:31,91282CLM1,TSRYS5893517,D,S,T,2024-10-23,1000000.00,4.13321,96.9609375
08:00:31,91282CLM1,TSRYS5893517,D,S,T,2024-10-23,1000000.00,4.13321,96.9609375
08:00:31,91282CLM1,TSRYS5893517,D,S,T,2024-10-23,2000000.00,4.13321,96.9609375
08:00:31,91282CLM1,TSRYS5893517,D,S,T,2024-10-23,2000000.00,4.13321,96.9609375
08:00:31,91282CLM1,TSRYS5893517,D,S,T,2024-10-23,1000000.00,4.13321,96.9609375
08:00:31,91282CLM1,TSRYS5893517,D,S,T,2024-10-23,2000000.00,4.13321,96.9609375
08:00:31,91282CLM1,TSRYS5893517,D,S,T,2024-10-23,2000000.00,4.13321,96.9609375
08:00:31,91282CLM1,TSRYS5893517,D,S,T,2024-10-23,1000000.00,4.13321,96.9609375
08:00:31,91282CLM1,TSRYS5893517,D,S,T,2024-10-23,1000000.00,4.13321,96.9609375
08:00:31,91282CLM1,TSRYS5893517,D,S,T,2024-10-23,1000000.00,4.134541,96.953125
08:00:31,91282CLM1,TSRYS5893517,D,S,T,2024-10-23,1000000.00,4.134541,96.953125
08:00:31,91282CLM1,TSRYS5893517,D,S,T,2024-10-23,1000000.00,4.134541,96.953125
08:00:31,91282CLM1,TSRYS5893517,D,S,T,2024-10-23,1000000.00,4.135206,96.94921875
08:00:31,91282CLM1,TSRYS5893517,D,S,T,2024-10-23,1000000.00,4.13321,96.9609375
08:00:31,91282CLM1,TSRYS5893517,D,S,T,2024-10-23,1000000.00,4.13321,96.9609375
08:00:31,91282CLM1,TSRYS5893517,D,S,T,2024-10-23,1000000.00,4.13321,96.9609375
08:00:31,91282CLM1,TSRYS5893517,D,S,T,2024-10-23,1000000.00,4.134541,96.953125
08:00:31,91282CLM1,TSRYS5893517,D,S,T,2024-10-23,1000000.00,4.13321,96.9609375
08:00:31,91282CLM1,TSRYS5893517,D,S,T,2024-10-23,1000000.00,4.13321,96.9609375
08:00:31,91282CLM1,TSRYS5893517,D,S,T,2024-10-23,1000000.00,4.13321,96.9609375
08:00:31,91282CLM1,TSRYS5893517,D,S,T,2024-10-23,1000000.00,4.130549,96.9765625
08:00:31,91282CLM1,TSRYS5893517,D,S,T,2024-10-23,1000000.00,4.130549,96.9765625
08:00:31,91282CLM1,TSRYS5893517,D,S,T,2024-10-23,1000000.00,4.130549,96.9765625
08:00:31,91282CLM1,TSRYS5893517,D,S,T,2024-10-23,2000000.00,4.130549,96.9765625
08:00:31,91282CLM1,TSRYS5893517,D,S,T,2024-10-23,1000000.00,4.130549,96.9765625
08:00:31,91282CLM1,TSRYS5893517,D,S,T,2024-10-23,1000000.00,4.131879,96.96875
08:00:31,91282CLM1,TSRYS5893517,D,S,T,2024-10-23,1000000.00,4.131879,96.96875
08:00:31,91282CLM1,TSRYS5893517,D,S,T,2024-10-23,1000000.00,4.131879,96.96875
08:00:31,91282CLM1,TSRYS5893517,D,S,T,2024-10-23,1000000.00,4.131879,96.96875
08:00:31,91282CLM1,TSRYS5893517,D,S,T,2024-10-23,1000000.00,4.131879,96.96875
08:00:31,91282CLM1,TSRYS5893517,D,S,T,2024-10-23,1000000.00,4.131879,96.96875
08:00:31,91282CLM1,TSRYS5893517,D,S,T,2024-10-23,1000000.00,4.129218,96.984375
08:00:31,91282CLM1,TSRYS5893517,D,S,T,2024-10-23,1000000.00,4.127888,96.9921875
08:00:31,91282CLM1,TSRYS5893517,D,S,T,2024-10-23,1000000.00,4.127888,96.9921875
08:00:31,91282CLM1,TSRYS5893517,D,S,T,2024-10-23,1000000.00,4.130549,96.9765625
08:00:31,91282CLM1,TSRYS5893517,D,S,T,2024-10-23,1000000.00,4.130549,96.9765625
08:00:31,91282CLM1,TSRYS5893517,D,S,T,2024-10-23,1000000.00,4.130549,96.9765625
08:00:31,91282CLM1,TSRYS5893517,D,S,T,2024-10-23,1000000.00,4.127888,96.9921875
08:00:31,91282CLM1,TSRYS5893517,D,S,T,2024-10-23,1000000.00,4.127888,96.9921875
08:00:31,91282CLM1,TSRYS5893517,D,S,T,2024-10-23,1000000.00,4.127888,96.9921875
08:00:31,91282CLM1,TSRYS5893517,D,S,T,2024-10-23,1000000.00,4.125227,97.0078125
08:00:31,91282CLM1,TSRYS5893517,D,S,T,2024-10-23,1000000.00,4.123897,97.015625
08:00:31,91282CLM1,TSRYS5893517,D,S,T,2024-10-23,1000000.00,4.123897,97.015625
08:00:31,91282CLM1,TSRYS5893517,D,S,T,2024-10-23,1000000.00,4.122567,97.0234375
08:00:31,91282CLM1,TSRYS5893517,D,S,T,2024-10-23,1000000.00,4.122567,97.0234375
08:00:31,91282CLM1,TSRYS5893517,D,S,T,2024-10-23,1000000.00,4.121238,97.03125
08:00:31,91282CLM1,TSRYS5893517,D,S,T,2024-10-23,1000000.00,4.121238,97.03125
08:00:31,91282CLM1,TSRYS5893517,D,S,T,2024-10-23,1000000.00,4.121238,97.03125
08:00:31,91282CLM1,TSRYS5893517,D,S,T,2024-10-23,2000000.00,4.121238,97.03125
08:00:31,91282CLM1,TSRYS5893517,D,S,T,2024-10-23,1000000.00,4.121238,97.03125
08:00:31,91282CLM1,TSRYS5893517,D,S,T,2024-10-23,1000000.00,4.121238,97.03125
08:00:31,91282CLM1,TSRYS5893517,D,S,T,2024-10-23,1000000.00,4.119908,97.0390625
08:00:31,91282CLM1,TSRYS5893517,D,S,T,2024-10-23,1000000.00,4.118579,97.046875
08:00:31,91282CLM1,TSRYS5893517,D,S,T,2024-10-23,1000000.00,4.123897,97.015625
08:00:31,91282CLM1,TSRYS5893517,D,S,T,2024-10-23,1000000.00,4.121238,97.03125
08:00:31,91282CLM1,TSRYS5893517,D,S,T,2024-10-23,1000000.00,4.122567,97.0234375
08:00:31,91282CLM1,TSRYS5893517,D,S,T,2024-10-23,1000000.00,4.123897,97.015625
08:00:31,91282CLM1,TSRYS5893517,D,S,T,2024-10-23,1000000.00,4.123897,97.015625
08:00:31,91282CLM1,TSRYS5893517,D,S,T,2024-10-23,1000000.00,4.123897,97.015625
08:00:31,91282CLM1,TSRYS5893517,D,S,T,2024-10-23,1000000.00,4.123897,97.015625
08:00:31,91282CLM1,TSRYS5893517,D,S,T,2024-10-23,1000000.00,4.123897,97.015625
08:00:31,91282CLM1,TSRYS5893517,D,S,T,2024-10-23,1000000.00,4.123897,97.015625
08:00:32,91282CLM1,TSRYS5893517,D,S,T,2024-10-23,1000000.00,4.126557,97.0
08:00:32,91282CLM1,TSRYS5893517,D,S,T,2024-10-23,1000000.00,4.125227,97.0078125
08:00:32,91282CLM1,TSRYS5893517,D,S,T,2024-10-23,1000000.00,4.125227,97.0078125
08:00:32,91282CLM1,TSRYS5893517,D,S,T,2024-10-23,1000000.00,4.123897,97.015625
08:00:32,91282CLM1,TSRYS5893517,D,S,T,2024-10-23,1000000.00,4.122567,97.0234375
08:00:32,91282CLM1,TSRYS5893517,D,S,T,2024-10-23,1000000.00,4.119908,97.0390625
08:00:32,91282CLM1,TSRYS5893517,D,S,T,2024-10-23,1000000.00,4.121238,97.03125
08:00:32,91282CLM1,TSRYS5893517,D,S,T,2024-10-23,1000000.00,4.119243,97.04296875
08:00:32,91282CLM1,TSRYS5893517,D,S,T,2024-10-23,1000000.00,4.118579,97.046875
08:00:32,91282CLM1,TSRYS5893517,D,S,T,2024-10-23,1000000.00,4.119243,97.04296875
08:00:32,91282CLM1,TSRYS5893517,D,S,T,2024-10-23,1000000.00,4.119243,97.04296875
08:00:32,91282CLM1,TSRYS5893517,D,S,T,2024-10-23,1000000.00,4.119908,97.0390625
08:00:32,91282CLM1,TSRYS5893517,D,S,T,2024-10-23,1000000.00,4.119908,97.0390625
08:00:32,91282CLM1,TSRYS5893517,D,S,T,2024-10-23,1000000.00,4.119908,97.0390625
08:00:32,91282CLM1,TSRYS5893517,D,S,T,2024-10-23,1000000.00,4.119908,97.0390625
08:00:32,91282CLM1,TSRYS5893517,D,S,T,2024-10-23,1000000.00,4.119908,97.0390625
08:00:32,91282CLM1,TSRYS5893517,D,S,T,2024-10-23,1000000.00,4.119908,97.0390625
08:00:32,91282CLM1,TSRYS5893517,D,S,T,2024-10-23,1000000.00,4.122567,97.0234375
08:00:32,91282CLM1,TSRYS5893517,D,S,T,2024-10-23,1000000.00,4.122567,97.0234375
08:00:32,91282CLM1,TSRYS5893517,D,S,T,2024-10-23,1000000.00,4.122567,97.0234375
08:00:32,91282CLM1,TSRYS5893517,D,S,T,2024-10-23,1000000.00,4.122567,97.0234375
08:00:32,91282CLM1,TSRYS5893517,D,S,T,2024-10-23,1000000.00,4.122567,97.0234375
08:00:32,91282CLM1,TSRYS5893517,D,S,T,2024-10-23,1000000.00,4.122567,97.0234375
08:00:32,91282CLM1,TSRYS5893517,D,S,T,2024-10-23,1000000.00,4.122567,97.0234375
08:00:32,91282CLM1,TSRYS5893517,D,S,T,2024-10-23,1000000.00,4.122567,97.0234375
08:00:32,91282CLM1,TSRYS5893517,D,S,T,2024-10-23,1000000.00,4.121238,97.03125
08:00:32,91282CLM1,TSRYS5893517,D,S,T,2024-10-23,1000000.00,4.118579,97.046875
08:00:32,91282CLM1,TSRYS5893517,D,S,T,2024-10-23,1000000.00,4.118579,97.046875
08:00:32,91282CLM1,TSRYS5893517,D,S,T,2024-10-23,1000000.00,4.118579,97.046875
08:00:32,91282CLM1,TSRYS5893517,D,S,T,2024-10-23,1000000.00,4.119908,97.0390625
08:00:32,91282CLM1,TSRYS5893517,D,S,T,2024-10-23,1000000.00,4.119908,97.0390625
08:00:32,91282CLM1,TSRYS5893517,D,S,T,2024-10-23,1000000.00,4.122567,97.0234375
08:00:32,91282CLM1,TSRYS5893517,D,S,T,2024-10-23,1000000.00,4.119908,97.0390625
08:00:32,91282CLM1,TSRYS5893517,D,S,T,2024-10-23,1000000.00,4.118579,97.046875
08:00:32,91282CLM1,TSRYS5893517,D,S,T,2024-10-23,1000000.00,4.118579,97.046875
08:00:32,91282CLM1,TSRYS5893517,D,S,T,2024-10-23,1000000.00,4.118579,97.046875
08:00:32,91282CLM1,TSRYS5893517,D,S,T,2024-10-23,1000000.00,4.118579,97.046875
08:00:32,91282CLM1,TSRYS5893517,D,S,T,2024-10-23,1000000.00,4.118579,97.046875
08:00:32,91282CLM1,TSRYS5893517,D,S,T,2024-10-23,1000000.00,4.118579,97.046875
08:00:32,91282CLM1,TSRYS5893517,D,S,T,2024-10-23,1000000.00,4.118579,97.046875
08:00:32,91282CLM1,TSRYS5893517,D,S,T,2024-10-23,1000000.00,4.118579,97.046875
08:00:32,91282CLM1,TSRYS5893517,D,S,T,2024-10-23,1000000.00,4.118579,97.046875
08:00:32,91282CLM1,TSRYS5893517,D,S,T,2024-10-23,1000000.00,4.118579,97.046875
08:00:32,91282CLM1,TSRYS5893517,D,S,T,2024-10-23,1000000.00,4.118579,97.046875
08:00:32,91282CLM1,TSRYS5893517,D,S,T,2024-10-23,1000000.00,4.118579,97.046875
08:00:32,91282CLM1,TSRYS5893517,D,S,T,2024-10-23,1000000.00,4.118579,97.046875
08:00:32,91282CLM1,TSRYS5893517,D,S,T,2024-10-23,1000000.00,4.117914,97.05078125
08:00:32,91282CLM1,TSRYS5893517,D,S,T,2024-10-23,1000000.00,4.117914,97.05078125
08:00:32,91282CLM1,TSRYS5893517,D,S,T,2024-10-23,1000000.00,4.117914,97.05078125
08:00:32,91282CLM1,TSRYS5893517,D,S,T,2024-10-23,1000000.00,4.117249,97.0546875
08:00:32,91282CLM1,TSRYS5893517,D,S,T,2024-10-23,1000000.00,4.117249,97.0546875
08:00:32,91282CLM1,TSRYS5893517,D,S,T,2024-10-23,1000000.00,4.117249,97.0546875
08:00:32,91282CLM1,TSRYS5893517,D,S,T,2024-10-23,1000000.00,4.119908,97.0390625
08:00:32,91282CLM1,TSRYS5893517,D,S,T,2024-10-23,1000000.00,4.119908,97.0390625
08:00:32,91282CLM1,TSRYS5893517,D,S,T,2024-10-23,1000000.00,4.117249,97.0546875
08:00:32,91282CLM1,TSRYS5893517,D,S,T,2024-10-23,1000000.00,4.122567,97.0234375
08:00:32,91282CLM1,TSRYS5893517,D,S,T,2024-10-23,1000000.00,4.123565,97.017578125
08:00:32,91282CLM1,TSRYS5893517,D,S,T,2024-10-23,1000000.00,4.125227,97.0078125
08:00:32,91282CLM1,TSRYS5893517,D,S,T,2024-10-23,1000000.00,4.126557,97.0
08:00:32,91282CLM1,TSRYS5893517,D,S,T,2024-10-23,1000000.00,4.125227,97.0078125
08:00:32,91282CLM1,TSRYS5893517,D,S,T,2024-10-23,1000000.00,4.125227,97.0078125
08:00:32,91282CLM1,TSRYS5893517,D,S,T,2024-10-23,1000000.00,4.125227,97.0078125
08:00:32,91282CLM1,TSRYS5893517,D,S,T,2024-10-23,1000000.00,4.125227,97.0078125
08:00:32,91282CLM1,TSRYS5893517,D,S,T,2024-10-23,1000000.00,4.125227,97.0078125
08:00:32,91282CLM1,TSRYS5893517,D,S,T,2024-10-23,1000000.00,4.125227,97.0078125
08:00:32,91282CLM1,TSRYS5893517,D,S,T,2024-10-23,1000000.00,4.127555,96.994140625
08:00:32,91282CLM1,TSRYS5893517,D,S,T,2024-10-23,1000000.00,4.129218,96.984375
08:00:32,91282CLM1,TSRYS5893517,D,S,T,2024-10-23,1000000.00,4.129218,96.984375
08:00:32,91282CLM1,TSRYS5893517,D,S,T,2024-10-23,1000000.00,4.128885,96.986328125
08:00:32,91282CLM1,TSRYS5893517,D,S,T,2024-10-23,1000000.00,4.128553,96.98828125
08:00:32,91282CLM1,TSRYS5893517,D,S,T,2024-10-23,1000000.00,4.129218,96.984375
08:00:32,91282CLM1,TSRYS5893517,D,S,T,2024-10-23,1000000.00,4.129218,96.984375
08:00:32,91282CLM1,TSRYS5893517,D,S,T,2024-10-23,1000000.00,4.13321,96.9609375
08:00:32,91282CLM1,TSRYS5893517,D,S,T,2024-10-23,1000000.00,4.131879,96.96875
08:00:32,91282CLM1,TSRYS5893517,D,S,T,2024-10-23,1000000.00,4.131879,96.96875
08:00:32,91282CLM1,TSRYS5893517,D,S,T,2024-10-23,1000000.00,4.126557,97.0
08:00:32,91282CLM1,TSRYS5893517,D,S,T,2024-10-23,1000000.00,4.125227,97.0078125
08:00:32,91282CLM1,TSRYS5893517,D,S,T,2024-10-23,1000000.00,4.126557,97.0
08:00:32,91282CLM1,TSRYS5893517,D,S,T,2024-10-23,1000000.00,4.125227,97.0078125
08:00:32,91282CLM1,TSRYS5893517,D,S,T,2024-10-23,1000000.00,4.12423,97.013671875
08:00:32,91282CLM1,TSRYS5893517,D,S,T,2024-10-23,1000000.00,4.12423,97.013671875
08:00:32,91282CLM1,TSRYS5893517,D,S,T,2024-10-23,1000000.00,4.123897,97.015625
08:00:32,91282CLM1,TSRYS5893517,D,S,T,2024-10-23,1000000.00,4.123897,97.015625
08:00:32,91282CLM1,TSRYS5893517,D,S,T,2024-10-23,1000000.00,4.123897,97.015625
08:00:32,91282CLM1,TSRYS5893517,D,S,T,2024-10-23,1000000.00,4.123565,97.017578125
08:00:32,91282CLM1,TSRYS5893517,D,S,T,2024-10-23,1000000.00,4.119908,97.0390625
08:00:32,91282CLM1,TSRYS5893517,D,S,T,2024-10-23,1000000.00,4.119908,97.0390625
08:00:32,91282CLM1,TSRYS5893517,D,S,T,2024-10-23,2000000.00,4.119908,97.0390625
08:00:32,91282CLM1,TSRYS5893517,D,S,T,2024-10-23,1000000.00,4.119908,97.0390625
08:00:32,91282CLM1,TSRYS5893517,D,S,T,2024-10-23,1000000.00,4.119908,97.0390625
08:00:32,91282CLM1,TSRYS5893517,D,S,T,2024-10-23,1000000.00,4.118579,97.046875
08:00:32,91282CLM1,TSRYS5893517,D,S,T,2024-10-23,1000000.00,4.117249,97.0546875
08:00:32,91282CLM1,TSRYS5893517,D,S,T,2024-10-23,1000000.00,4.11592,97.0625
08:00:32,91282CLM1,TSRYS5893517,D,S,T,2024-10-23,1000000.00,4.118579,97.046875
08:00:32,91282CLM1,TSRYS5893517,D,S,T,2024-10-23,1000000.00,4.118579,97.046875
08:00:32,91282CLM1,TSRYS5893517,D,S,T,2024-10-23,1000000.00,4.118246,97.048828125
08:00:32,91282CLM1,TSRYS5893517,D,S,T,2024-10-23,1000000.00,4.118579,97.046875
08:00:32,91282CLM1,TSRYS5893517,D,S,T,2024-10-23,1000000.00,4.119908,97.0390625
08:00:32,91282CLM1,TSRYS5893517,D,S,T,2024-10-23,1000000.00,4.119908,97.0390625
08:00:32,91282CLM1,TSRYS5893517,D,S,T,2024-10-23,1000000.00,4.119908,97.0390625
08:00:32,91282CLM1,TSRYS5893517,D,S,T,2024-10-23,1000000.00,4.119908,97.0390625
08:00:32,91282CLM1,TSRYS5893517,D,S,T,2024-10-23,1000000.00,4.119908,97.0390625
08:00:32,91282CLM1,TSRYS5893517,D,S,T,2024-10-23,1000000.00,4.119908,97.0390625
08:00:32,91282CLM1,TSRYS5893517,D,S,T,2024-10-23,1000000.00,4.119908,97.0390625
08:00:32,91282CLM1,TSRYS5893517,D,S,T,2024-10-23,1000000.00,4.119908,97.0390625
08:00:32,91282CLM1,TSRYS5893517,D,S,T,2024-10-23,1000000.00,4.119908,97.0390625
08:00:32,91282CLM1,TSRYS5893517,D,S,T,2024-10-23,1000000.00,4.119908,97.0390625
08:00:32,91282CLM1,TSRYS5893517,D,S,T,2024-10-23,1000000.00,4.119908,97.0390625
08:00:32,91282CLM1,TSRYS5893517,D,S,T,2024-10-23,1000000.00,4.118579,97.046875
08:00:32,91282CLM1,TSRYS5893517,D,S,T,2024-10-23,2000000.00,4.118579,97.046875
08:00:32,91282CLM1,TSRYS5893517,D,S,T,2024-10-23,1000000.00,4.118579,97.046875
08:00:32,91282CLM1,TSRYS5893517,D,S,T,2024-10-23,1000000.00,4.118579,97.046875
08:00:32,91282CLM1,TSRYS5893517,D,S,T,2024-10-23,1000000.00,4.118579,97.046875
08:00:32,91282CLM1,TSRYS5893517,D,S,T,2024-10-23,1000000.00,4.118579,97.046875
08:00:32,91282CLM1,TSRYS5893517,D,S,T,2024-10-23,1000000.00,4.118579,97.046875
08:00:32,91282CLM1,TSRYS5893517,D,S,T,2024-10-23,1000000.00,4.118579,97.046875
08:00:32,91282CLM1,TSRYS5893517,D,S,T,2024-10-23,1000000.00,4.116252,97.060546875
08:00:32,91282CLM1,TSRYS5893517,D,S,T,2024-10-23,1000000.00,4.115588,97.064453125
08:00:32,91282CLM1,TSRYS5893517,D,S,T,2024-10-23,1000000.00,4.111933,97.0859375
08:00:32,91282CLM1,TSRYS5893517,D,S,T,2024-10-23,1000000.00,4.117249,97.0546875
08:00:32,91282CLM1,TSRYS5893517,D,S,T,2024-10-23,1000000.00,4.117249,97.0546875
08:00:32,91282CLM1,TSRYS5893517,D,S,T,2024-10-23,1000000.00,4.115588,97.064453125
08:00:32,91282CLM1,TSRYS5893517,D,S,T,2024-10-23,1000000.00,4.117249,97.0546875
08:00:32,91282CLM1,TSRYS5893517,D,S,T,2024-10-23,1000000.00,4.12423,97.013671875
08:00:32,91282CLM1,TSRYS5893517,D,S,T,2024-10-23,1000000.00,4.12423,97.013671875
08:00:32,91282CLM1,TSRYS5893517,D,S,T,2024-10-23,1000000.00,4.122567,97.0234375
08:00:32,91282CLM1,TSRYS5893517,D,S,T,2024-10-23,1000000.00,4.125227,97.0078125
08:00:32,91282CLM1,TSRYS5893517,D,S,T,2024-10-23,1000000.00,4.125227,97.0078125
08:00:32,91282CLM1,TSRYS5893517,D,S,T,2024-10-23,1000000.00,4.125227,97.0078125
08:00:32,91282CLM1,TSRYS5893517,D,S,T,2024-10-23,3000000.00,4.125227,97.0078125
08:00:32,91282CLM1,TSRYS5893517,D,S,T,2024-10-23,2000000.00,4.125227,97.0078125
08:00:32,91282CLM1,TSRYS5893517,D,S,T,2024-10-23,1000000.00,4.12556,97.005859375
08:00:32,91282CLM1,TSRYS5893517,D,S,T,2024-10-23,1000000.00,4.125892,97.00390625
08:00:32,91282CLM1,TSRYS5893517,D,S,T,2024-10-23,1000000.00,4.127888,96.9921875
08:00:32,91282CLM1,TSRYS5893517,D,S,T,2024-10-23,1000000.00,4.127888,96.9921875
08:00:32,91282CLM1,TSRYS5893517,D,S,T,2024-10-23,1000000.00,4.127888,96.9921875
08:00:32,91282CLM1,TSRYS5893517,D,S,T,2024-10-23,1000000.00,4.129218,96.984375
08:00:32,91282CLM1,TSRYS5893517,D,S,T,2024-10-23,1000000.00,4.129883,96.98046875
08:00:32,91282CLM1,TSRYS5893517,D,S,T,2024-10-23,1000000.00,4.130549,96.9765625
08:00:32,91282CLM1,TSRYS5893517,D,S,T,2024-10-23,1000000.00,4.129883,96.98046875
08:00:32,91282CLM1,TSRYS5893517,D,S,T,2024-10-23,1000000.00,4.129883,96.98046875
08:00:32,91282CLM1,TSRYS5893517,D,S,T,2024-10-23,1000000.00,4.129883,96.98046875
08:00:32,91282CLM1,TSRYS5893517,D,S,T,2024-10-23,1000000.00,4.129883,96.98046875
08:00:33,91282CLM1,TSRYS5893517,D,S,T,2024-10-23,1000000.00,4.129218,96.984375
08:00:33,91282CLM1,TSRYS5893517,D,S,T,2024-10-23,1000000.00,4.127888,96.9921875
08:00:33,91282CLM1,TSRYS5893517,D,S,T,2024-10-23,1000000.00,4.126557,97.0
08:00:33,91282CLM1,TSRYS5893517,D,S,T,2024-10-23,1000000.00,4.127888,96.9921875
08:00:33,91282CLM1,TSRYS5893517,D,S,T,2024-10-23,1000000.00,4.127888,96.9921875
08:00:33,91282CLM1,TSRYS5893517,D,S,T,2024-10-23,1000000.00,4.127888,96.9921875
08:00:33,91282CLM1,TSRYS5893517,D,S,T,2024-10-23,1000000.00,4.127888,96.9921875
08:00:33,91282CLM1,TSRYS5893517,D,S,T,2024-10-23,1000000.00,4.127888,96.9921875
08:00:33,91282CLM1,TSRYS5893517,D,S,T,2024-10-23,1000000.00,4.127555,96.994140625
08:00:33,91282CLM1,TSRYS5893517,D,S,T,2024-10-23,1000000.00,4.127555,96.994140625
08:00:33,91282CLM1,TSRYS5893517,D,S,T,2024-10-23,1000000.00,4.12689,96.998046875
08:00:33,91282CLM1,TSRYS5893517,D,S,T,2024-10-23,1000000.00,4.126557,97.0
08:00:33,91282CLM1,TSRYS5893517,D,S,T,2024-10-23,1000000.00,4.126557,97.0
08:00:33,91282CLM1,TSRYS5893517,D,S,D,2024-10-23,1000000.00,4.110604,97.09375
08:00:33,91282CLM1,TSRYS5893517,D,S,D,2024-10-23,1000000.00,4.107615,97.111328125
08:00:33,91282CLM1,TSRYS5893517,D,S,D,2024-10-23,1000000.00,4.11592,97.0625
08:00:33,91282CLM1,TSRYS5893517,D,S,D,2024-10-23,1000000.00,4.116585,97.05859375
08:00:33,91282CLM1,TSRYS5893517,D,S,D,2024-10-23,1000000.00,4.121238,97.03125
08:00:33,91282CLM1,TSRYS5893517,D,S,D,2024-10-23,1000000.00,4.120905,97.033203125
08:00:33,91282CLM1,TSRYS5893517,D,S,D,2024-10-23,1000000.00,4.120573,97.03515625
08:00:33,91282CLM1,TSRYS5893517,D,S,D,2024-10-23,1000000.00,4.119908,97.0390625
08:00:33,91282CLM1,TSRYS5893517,D,S,D,2024-10-23,1000000.00,4.126557,97.0
08:00:33,91282CLM1,TSRYS5893517,D,S,D,2024-10-23,1000000.00,4.129218,96.984375
08:00:33,91282CLM1,TSRYS5893517,D,S,D,2024-10-23,1000000.00,4.119908,97.0390625
08:00:33,91282CLM1,TSRYS5893517,D,S,D,2024-10-23,1000000.00,4.1229,97.021484375
08:00:33,91282CLM1,TSRYS5893517,D,S,D,2024-10-23,1000000.00,4.127888,96.9921875
08:00:34,91282CLM1,TSRYS5893517,D,S,D,2024-10-23,1000000.00,4.118246,97.048828125
08:00:34,91282CLM1,TSRYS5893517,D,S,T,2024-10-23,1000000.00,4.113594,97.076171875
08:00:34,91282CLM1,TSRYS5893517,D,S,T,2024-10-23,1000000.00,4.112597,97.08203125
08:00:34,91282CLM1,TSRYS5893517,D,S,T,2024-10-23,1000000.00,4.112597,97.08203125
08:00:34,91282CLM1,TSRYS5893517,D,S,T,2024-10-23,1000000.00,4.113262,97.078125
08:00:34,91282CLM1,TSRYS5893517,D,S,T,2024-10-23,1000000.00,4.113262,97.078125
08:00:34,91282CLM1,TSRYS5893517,D,S,T,2024-10-23,1000000.00,4.117914,97.05078125
08:00:34,91282CLM1,TSRYS5893517,D,S,T,2024-10-23,1000000.00,4.118911,97.044921875
08:00:34,91282CLM1,TSRYS5893517,D,S,T,2024-10-23,1000000.00,4.118911,97.044921875
08:00:34,91282CLM1,TSRYS5893517,D,S,T,2024-10-23,1000000.00,4.121903,97.02734375
08:00:34,91282CLM1,TSRYS5893517,D,S,T,2024-10-23,1000000.00,4.121903,97.02734375
08:00:34,91282CLM1,TSRYS5893517,D,S,T,2024-10-23,1000000.00,4.121903,97.02734375
08:00:34,91282CLM1,TSRYS5893517,D,S,T,2024-10-23,1000000.00,4.123565,97.017578125
08:00:34,91282CLM1,TSRYS5893517,D,S,T,2024-10-23,1000000.00,4.129883,96.98046875
08:00:34,91282CLM1,TSRYS5893517,D,S,T,2024-10-23,1000000.00,4.132877,96.962890625
08:00:34,91282CLM1,TSRYS5893517,D,S,T,2024-10-23,1000000.00,4.132877,96.962890625
08:00:34,91282CLM1,TSRYS5893517,D,S,T,2024-10-23,1000000.00,4.13321,96.9609375
08:00:34,91282CLM1,TSRYS5893517,D,S,T,2024-10-23,1000000.00,4.13321,96.9609375
08:00:34,91282CLM1,TSRYS5893517,D,S,T,2024-10-23,1000000.00,4.127555,96.994140625
08:00:34,91282CLM1,TSRYS5893517,D,S,T,2024-10-23,1000000.00,4.128885,96.986328125
08:00:34,91282CLM1,TSRYS5893517,D,S,T,2024-10-23,1000000.00,4.123565,97.017578125
08:00:34,91282CLM1,TSRYS5893517,D,S,T,2024-10-23,1000000.00,4.123565,97.017578125
08:00:34,91282CLM1,TSRYS5893517,D,S,T,2024-10-23,1000000.00,4.12423,97.013671875
08:00:34,91282CLM1,TSRYS5893517,D,S,T,2024-10-23,1000000.00,4.124895,97.009765625
08:00:34,91282CLM1,TSRYS5893517,D,S,T,2024-10-23,1000000.00,4.124895,97.009765625
08:00:34,91282CLM1,TSRYS5893517,D,S,T,2024-10-23,1000000.00,4.116585,97.05859375
08:00:34,91282CLM1,TSRYS5893517,D,S,T,2024-10-23,1000000.00,4.118246,97.048828125
08:00:34,91282CLM1,TSRYS5893517,D,S,T,2024-10-23,1000000.00,4.118246,97.048828125
08:00:34,91282CLM1,TSRYS5893517,D,S,T,2024-10-23,1000000.00,4.118246,97.048828125
08:00:34,91282CLM1,TSRYS5893517,D,S,T,2024-10-23,1000000.00,4.115255,97.06640625
08:00:34,91282CLM1,TSRYS5893517,D,S,T,2024-10-23,1000000.00,4.115588,97.064453125
08:00:34,91282CLM1,TSRYS5893517,D,S,T,2024-10-23,1000000.00,4.115588,97.064453125
08:00:34,91282CLM1,TSRYS5893517,D,S,T,2024-10-23,1000000.00,4.115588,97.064453125
08:00:34,91282CLM1,TSRYS5893517,D,S,T,2024-10-23,1000000.00,4.115255,97.06640625
08:00:34,91282CLM1,TSRYS5893517,D,S,T,2024-10-23,1000000.00,4.116252,97.060546875
08:00:34,91282CLM1,TSRYS5893517,D,S,T,2024-10-23,1000000.00,4.115588,97.064453125
08:00:34,91282CLM1,TSRYS5893517,D,S,T,2024-10-23,1000000.00,4.115588,97.064453125
08:00:34,91282CLM1,TSRYS5893517,D,S,T,2024-10-23,1000000.00,4.117249,97.0546875
08:00:34,91282CLM1,TSRYS5893517,D,S,T,2024-10-23,1000000.00,4.120241,97.037109375
08:00:34,91282CLM1,TSRYS5893517,D,S,T,2024-10-23,1000000.00,4.12423,97.013671875
08:00:34,91282CLM1,TSRYS5893517,D,S,T,2024-10-23,1000000.00,4.12423,97.013671875
08:00:34,91282CLM1,TSRYS5893517,D,S,T,2024-10-23,1000000.00,4.12423,97.013671875
08:00:34,91282CLM1,TSRYS5893517,D,S,T,2024-10-23,1000000.00,4.12423,97.013671875
08:00:34,91282CLM1,TSRYS5893517,D,S,T,2024-10-23,1000000.00,4.123897,97.015625
08:00:34,91282CLM1,TSRYS5893517,D,S,T,2024-10-23,1000000.00,4.126225,97.001953125
08:00:34,91282CLM1,TSRYS5893517,D,S,T,2024-10-23,1000000.00,4.126225,97.001953125
08:00:34,91282CLM1,TSRYS5893517,D,S,T,2024-10-23,1000000.00,4.125892,97.00390625
08:00:34,91282CLM1,TSRYS5893517,D,S,T,2024-10-23,1000000.00,4.125892,97.00390625
08:00:34,91282CLM1,TSRYS5893517,D,S,T,2024-10-23,1000000.00,4.125892,97.00390625
08:00:34,91282CLM1,TSRYS5893517,D,S,T,2024-10-23,1000000.00,4.127223,96.99609375
08:00:34,91282CLM1,TSRYS5893517,D,S,D,2024-10-23,1000000.00,4.129218,96.984375
08:00:34,91282CLM1,TSRYS5893517,D,S,T,2024-10-23,1000000.00,4.129883,96.98046875
08:00:34,91282CLM1,TSRYS5893517,D,S,T,2024-10-23,1000000.00,4.129883,96.98046875
08:00:34,91282CLM1,TSRYS5893517,D,S,T,2024-10-23,1000000.00,4.130216,96.978515625
08:00:34,91282CLM1,TSRYS5893517,D,S,T,2024-10-23,1000000.00,4.129883,96.98046875
08:00:34,91282CLM1,TSRYS5893517,D,S,T,2024-10-23,1000000.00,4.129883,96.98046875
08:00:34,91282CLM1,TSRYS5893517,D,S,T,2024-10-23,1000000.00,4.129883,96.98046875
08:00:34,91282CLM1,TSRYS5893517,D,S,T,2024-10-23,1000000.00,4.129883,96.98046875
08:00:34,91282CLM1,TSRYS5893517,D,S,T,2024-10-23,1000000.00,4.129883,96.98046875
08:00:34,91282CLM1,TSRYS5893517,D,S,T,2024-10-23,1000000.00,4.127555,96.994140625
08:00:34,91282CLM1,TSRYS5893517,D,S,T,2024-10-23,1000000.00,4.127555,96.994140625
08:00:34,91282CLM1,TSRYS5893517,D,S,T,2024-10-23,1000000.00,4.127223,96.99609375
08:00:34,91282CLM1,TSRYS5893517,D,S,T,2024-10-23,1000000.00,4.127223,96.99609375
08:00:34,91282CLM1,TSRYS5893517,D,S,T,2024-10-23,1000000.00,4.126557,97.0
08:00:34,91282CLM1,TSRYS5893517,D,S,T,2024-10-23,1000000.00,4.12689,96.998046875
08:00:42,91282CLM1,TSRYS5893517,D,S,D,2024-10-23,1000000.00,4.110604,97.09375
08:00:42,91282CLM1,TSRYS5893517,D,S,D,2024-10-23,1000000.00,4.111933,97.0859375
08:00:42,91282CLM1,TSRYS5893517,D,S,D,2024-10-23,1000000.00,4.113262,97.078125
08:00:42,91282CLM1,TSRYS5893517,D,S,D,2024-10-23,1000000.00,4.113262,97.078125
08:00:43,91282CLM1,TSRYS5893517,D,S,D,2024-10-23,1000000.00,4.117249,97.0546875
08:00:43,91282CLM1,TSRYS5893517,D,S,D,2024-10-23,1000000.00,4.117249,97.0546875
08:00:44,91282CLM1,TSRYS5893517,D,S,D,2024-10-23,1000000.00,4.114591,97.0703125
08:00:44,91282CLM1,TSRYS5893517,D,S,D,2024-10-23,1000000.00,4.114591,97.0703125
08:00:44,91282CLM1,TSRYS5893517,D,S,D,2024-10-23,1000000.00,4.11592,97.0625
08:00:44,91282CLM1,TSRYS5893517,D,S,D,2024-10-23,500000.00,4.127223,96.99609375
08:00:44,91282CLM1,TSRYS5893517,D,S,D,2024-10-23,1000000.00,4.118579,97.046875
08:00:45,91282CLM1,TSRYS5893517,D,S,D,2024-10-23,1000000.00,4.125227,97.0078125
08:00:45,91282CLM1,TSRYS5893517,D,S,C,2024-10-23,1000000.00,4.124895,97.009765625
08:00:45,91282CLM1,TSRYS5893517,D,S,C,2024-10-23,1000000.00,4.123565,97.017578125
08:00:45,91282CLM1,TSRYS5893517,D,S,C,2024-10-23,1000000.00,4.123565,97.017578125
08:00:45,91282CLM1,TSRYS5893517,D,S,C,2024-10-23,1000000.00,4.1229,97.021484375
08:00:45,91282CLM1,TSRYS5893517,D,S,D,2024-10-23,1000000.00,4.122567,97.0234375
08:00:45,91282CLM1,TSRYS5893517,D,S,C,2024-10-23,1000000.00,4.124895,97.009765625
08:00:45,91282CLM1,TSRYS5893517,D,S,C,2024-10-23,1000000.00,4.124895,97.009765625
08:00:46,91282CLM1,TSRYS5893517,D,S,C,2024-10-23,1000000.00,4.128553,96.98828125
08:00:46,91282CLM1,TSRYS5893517,D,S,C,2024-10-23,1000000.00,4.128553,96.98828125
08:00:46,91282CLM1,TSRYS5893517,D,S,C,2024-10-23,1000000.00,4.128553,96.98828125
08:00:46,91282CLM1,TSRYS5893517,D,S,C,2024-10-23,1000000.00,4.128885,96.986328125
08:00:46,91282CLM1,TSRYS5893517,D,S,D,2024-10-23,1000000.00,4.130549,96.9765625
08:00:46,91282CLM1,TSRYS5893517,D,S,D,2024-10-23,1000000.00,4.13321,96.9609375
08:00:46,91282CLM1,TSRYS5893517,D,S,D,2024-10-23,1000000.00,4.134541,96.953125
08:00:47,91282CLM1,TSRYS5893517,D,S,D,2024-10-23,1000000.00,4.134541,96.953125
08:00:47,91282CLM1,TSRYS5893517,D,S,D,2024-10-23,1000000.00,4.13321,96.9609375
08:00:48,91282CLM1,TSRYS5893517,D,S,D,2024-10-23,1000000.00,4.121238,97.03125
08:00:49,91282CLM1,TSRYS5893517,D,S,D,2024-10-23,1000000.00,4.12423,97.013671875
08:00:51,91282CLM1,TSRYS5893517,D,S,D,2024-10-23,1000000.00,4.126557,97.0
08:00:51,91282CLM1,TSRYS5893517,D,S,D,2024-10-23,1000000.00,4.126557,97.0
08:00:53,91282CLM1,TSRYS5893517,D,S,D,2024-10-23,1000000.00,4.119908,97.0390625
08:00:56,91282CLM1,TSRYS5893517,D,S,T,2024-10-23,1000000.00,4.127888,96.9921875
08:00:57,91282CLM1,TSRYS5893517,D,S,T,2024-10-23,1000000.00,4.127888,96.9921875
08:00:57,91282CLM1,TSRYS5893517,D,S,T,2024-10-23,1000000.00,4.127888,96.9921875
08:00:58,91282CLM1,TSRYS5893517,D,S,C,2024-10-23,1000000.00,4.11592,97.0625
08:00:59,91282CLM1,TSRYS5893517,D,S,C,2024-10-23,1000000.00,4.11592,97.0625
08:00:59,91282CLM1,TSRYS5893517,D,S,C,2024-10-23,1000000.00,4.11592,97.0625
08:00:59,91282CLM1,TSRYS5893517,D,S,D,2024-10-23,2000000.00,4.125227,97.0078125
08:00:59,91282CLM1,TSRYS5893517,D,S,D,2024-10-23,2000000.00,4.125227,97.0078125
08:00:59,91282CLM1,TSRYS5893517,D,S,D,2024-10-23,1000000.00,4.125227,97.0078125
08:00:59,91282CLM1,TSRYS5893517,D,B,C,2024-10-23,1000000.00,4.125227,97.0078125
08:00:59,91282CLM1,TSRYS5893517,D,S,D,2024-10-23,1000000.00,4.125227,97.0078125
08:00:59,91282CLM1,TSRYS5893517,D,S,D,2024-10-23,2000000.00,4.125227,97.0078125
08:01:00,91282CLM1,TSRYS5893517,D,S,C,2024-10-23,495000.00,4.124562,97.01171875
08:01:00,91282CLM1,TSRYS5893517,D,S,T,2024-10-23,1000000.00,4.127888,96.9921875
08:01:00,91282CLM1,TSRYS5893517,D,S,D,2024-10-23,1000000.00,4.125227,97.0078125
08:01:01,91282CLM1,TSRYS5893517,D,S,T,2024-10-23,1000000.00,4.126557,97.0
08:01:02,91282CLM1,TSRYS5893517,D,S,T,2024-10-23,1000000.00,4.12259,97.0233075
08:01:02,91282CLM1,TSRYS5893517,D,S,T,2024-10-23,1000000.00,4.12259,97.0233075
08:01:02,91282CLM1,TSRYS5893517,D,S,T,2024-10-23,1000000.00,4.12259,97.0233075
08:01:02,91282CLM1,TSRYS5893517,D,S,T,2024-10-23,1000000.00,4.12259,97.0233075
08:01:02,91282CLM1,TSRYS5893517,D,S,T,2024-10-23,1000000.00,4.12259,97.0233075
08:01:02,91282CLM1,TSRYS5893517,D,S,T,2024-10-23,3000000.00,4.12259,97.0233075
08:01:02,91282CLM1,TSRYS5893517,D,S,T,2024-10-23,1000000.00,4.12259,97.0233075
08:01:02,91282CLM1,TSRYS5893517,D,S,T,2024-10-23,1000000.00,4.12259,97.0233075
08:01:02,91282CLM1,TSRYS5893517,D,S,T,2024-10-23,1000000.00,4.12259,97.0233075
08:01:02,91282CLM1,TSRYS5893517,D,S,T,2024-10-23,1000000.00,4.12259,97.0233075
08:01:02,91282CLM1,TSRYS5893517,D,S,T,2024-10-23,1000000.00,4.12259,97.0233075
08:01:02,91282CLM1,TSRYS5893517,D,S,T,2024-10-23,1000000.00,4.12259,97.0233075
08:01:02,91282CLM1,TSRYS5893517,D,S,T,2024-10-23,1000000.00,4.12259,97.0233075
08:01:02,91282CLM1,TSRYS5893517,D,S,T,2024-10-23,1000000.00,4.12259,97.0233075
08:01:02,91282CLM1,TSRYS5893517,D,S,T,2024-10-23,1000000.00,4.12259,97.0233075
08:01:02,91282CLM1,TSRYS5893517,D,S,D,2024-10-23,1000000.00,4.128885,96.986328125
08:01:02,91282CLM1,TSRYS5893517,D,B,C,2024-10-23,1000000.00,4.129218,96.984375
08:01:03,91282CLM1,TSRYS5893517,D,S,T,2024-10-23,1000000.00,4.12259,97.0233075
08:01:03,91282CLM1,TSRYS5893517,D,S,T,2024-10-23,1000000.00,4.12259,97.0233075
08:01:03,91282CLM1,TSRYS5893517,D,S,T,2024-10-23,1000000.00,4.12259,97.0233075
08:01:03,91282CLM1,TSRYS5893517,D,S,T,2024-10-23,1000000.00,4.12259,97.0233075
08:01:03,91282CLM1,TSRYS5893517,D,S,T,2024-10-23,1000000.00,4.12259,97.0233075
08:01:03,91282CLM1,TSRYS5893517,D,S,T,2024-10-23,1000000.00,4.12259,97.0233075
08:01:03,91282CLM1,TSRYS5893517,D,S,T,2024-10-23,1000000.00,4.126557,97.0
08:01:03,91282CLM1,TSRYS5893517,D,S,T,2024-10-23,1000000.00,4.12259,97.0233075
08:01:03,91282CLM1,TSRYS5893517,D,S,T,2024-10-23,1000000.00,4.12259,97.0233075
08:01:03,91282CLM1,TSRYS5893517,D,S,D,2024-10-23,1000000.00,4.129218,96.984375
08:01:03,91282CLM1,TSRYS5893517,D,S,D,2024-10-23,1000000.00,4.129218,96.984375
08:01:04,91282CLM1,TSRYS5893517,D,S,D,2024-10-23,2000000.00,4.129218,96.984375
08:01:04,91282CLM1,TSRYS5893517,D,S,D,2024-10-23,1000000.00,4.129218,96.984375
08:01:04,91282CLM1,TSRYS5893517,D,S,C,2024-10-23,1000000.00,4.129218,96.984375
08:01:05,91282CLM1,TSRYS5893517,D,S,T,2024-10-23,2000000.00,4.12126,97.03112
08:01:05,91282CLM1,TSRYS5893517,D,S,T,2024-10-23,1000000.00,4.12126,97.03112
08:01:05,91282CLM1,TSRYS5893517,D,S,T,2024-10-23,2000000.00,4.12126,97.03112
08:01:05,91282CLM1,TSRYS5893517,D,S,T,2024-10-23,3000000.00,4.12126,97.03112
08:01:06,91282CLM1,TSRYS5893517,D,S,T,2024-10-23,1000000.00,4.12126,97.03112
08:01:06,91282CLM1,TSRYS5893517,D,S,T,2024-10-23,1000000.00,4.12126,97.03112
08:01:06,91282CLM1,TSRYS5893517,D,S,T,2024-10-23,1000000.00,4.12126,97.03112
08:01:06,91282CLM1,TSRYS5893517,D,S,T,2024-10-23,1000000.00,4.12126,97.03112
08:01:06,91282CLM1,TSRYS5893517,D,S,T,2024-10-23,1000000.00,4.12126,97.03112
08:01:06,91282CLM1,TSRYS5893517,D,S,T,2024-10-23,2000000.00,4.12126,97.03112
08:01:06,91282CLM1,TSRYS5893517,D,S,T,2024-10-23,1000000.00,4.12126,97.03112
08:01:06,91282CLM1,TSRYS5893517,D,S,T,2024-10-23,1000000.00,4.12423,97.013671875
08:01:06,91282CLM1,TSRYS5893517,D,S,T,2024-10-23,1000000.00,4.12423,97.013671875
08:01:06,91282CLM1,TSRYS5893517,D,S,T,2024-10-23,2000000.00,4.12423,97.013671875
08:01:06,91282CLM1,TSRYS5893517,D,S,T,2024-10-23,1000000.00,4.12126,97.03112
08:01:06,91282CLM1,TSRYS5893517,D,S,T,2024-10-23,1000000.00,4.12126,97.03112
08:01:06,91282CLM1,TSRYS5893517,D,S,C,2024-10-23,1000000.00,4.126557,97.0
08:01:06,91282CLM1,TSRYS5893517,D,S,T,2024-10-23,1000000.00,4.12126,97.03112
08:01:06,91282CLM1,TSRYS5893517,D,S,T,2024-10-23,1000000.00,4.123232,97.01953125
08:01:07,91282CLM1,TSRYS5893517,D,S,T,2024-10-23,1000000.00,4.12822,96.990234375
08:01:07,91282CLM1,TSRYS5893517,D,S,D,2024-10-23,1000000.00,4.12822,96.990234375
08:01:07,91282CLM1,TSRYS5893517,D,S,T,2024-10-23,1000000.00,4.127888,96.9921875
08:01:07,91282CLM1,TSRYS5893517,D,S,T,2024-10-23,1000000.00,4.128553,96.98828125
08:01:07,91282CLM1,TSRYS5893517,D,S,T,2024-10-23,1000000.00,4.128885,96.986328125
08:01:07,91282CLM1,TSRYS5893517,D,S,T,2024-10-23,1000000.00,4.129218,96.984375
08:01:07,91282CLM1,TSRYS5893517,D,S,D,2024-10-23,1000000.00,4.128885,96.986328125
08:01:07,91282CLM1,TSRYS5893517,D,B,C,2024-10-23,1000000.00,4.127223,96.99609375
08:01:07,91282CLM1,TSRYS5893517,D,S,D,2024-10-23,1000000.00,4.127223,96.99609375
08:01:07,91282CLM1,TSRYS5893517,D,S,D,2024-10-23,1000000.00,4.127888,96.9921875
08:01:07,91282CLM1,TSRYS5893517,D,S,T,2024-10-23,1000000.00,4.128553,96.98828125
08:01:08,91282CLM1,TSRYS5893517,D,S,D,2024-10-23,1000000.00,4.129218,96.984375
08:01:08,91282CLM1,TSRYS5893517,D,S,T,2024-10-23,1000000.00,4.128553,96.98828125
08:01:08,91282CLM1,TSRYS5893517,D,S,T,2024-10-23,1000000.00,4.128553,96.98828125
08:01:08,91282CLM1,TSRYS5893517,D,S,D,2024-10-23,1000000.00,4.129218,96.984375
08:01:08,91282CLM1,TSRYS5893517,D,S,T,2024-10-23,1000000.00,4.128885,96.986328125
08:01:08,91282CLM1,TSRYS5893517,D,S,D,2024-10-23,1000000.00,4.128885,96.986328125
08:01:08,91282CLM1,TSRYS5893517,D,S,D,2024-10-23,1000000.00,4.129218,96.984375
08:01:08,91282CLM1,TSRYS5893517,D,S,D,2024-10-23,2000000.00,4.129218,96.984375
08:01:08,91282CLM1,TSRYS5893517,D,S,D,2024-10-23,1000000.00,4.129218,96.984375
08:01:08,91282CLM1,TSRYS5893517,D,S,D,2024-10-23,1000000.00,4.129218,96.984375
08:01:08,91282CLM1,TSRYS5893517,D,S,T,2024-10-23,1000000.00,4.129883,96.98046875
08:01:09,91282CLM1,TSRYS5893517,D,S,T,2024-10-23,1000000.00,4.131547,96.970703125
08:01:09,91282CLM1,TSRYS5893517,D,S,T,2024-10-23,1000000.00,4.131547,96.970703125
08:01:09,91282CLM1,TSRYS5893517,D,S,T,2024-10-23,1000000.00,4.131547,96.970703125
08:01:09,91282CLM1,TSRYS5893517,D,S,D,2024-10-23,1000000.00,4.129218,96.984375
08:01:09,91282CLM1,TSRYS5893517,D,S,D,2024-10-23,1000000.00,4.130216,96.978515625
08:01:09,91282CLM1,TSRYS5893517,D,S,D,2024-10-23,1000000.00,4.130216,96.978515625
08:01:09,91282CLM1,TSRYS5893517,D,S,D,2024-10-23,1000000.00,4.129883,96.98046875
08:01:09,91282CLM1,TSRYS5893517,D,S,D,2024-10-23,1000000.00,4.129883,96.98046875
08:01:10,91282CLM1,TSRYS5893517,D,B,C,2024-10-23,1000000.00,4.104294,97.130859375
08:01:10,91282CLM1,TSRYS5893517,D,S,D,2024-10-23,1000000.00,4.104294,97.130859375
08:01:10,91282CLM1,TSRYS5893517,D,B,C,2024-10-23,1000000.00,4.108611,97.10546875
08:01:10,91282CLM1,TSRYS5893517,D,S,D,2024-10-23,1000000.00,4.108611,97.10546875
08:01:10,91282CLM1,TSRYS5893517,D,S,D,2024-10-23,1000000.00,4.110604,97.09375
08:01:10,91282CLM1,TSRYS5893517,D,S,T,2024-10-23,1000000.00,4.129235,96.984275
08:01:10,91282CLM1,TSRYS5893517,D,S,T,2024-10-23,1000000.00,4.129235,96.984275
08:01:10,91282CLM1,TSRYS5893517,D,S,D,2024-10-23,1000000.00,4.107615,97.111328125
08:01:10,91282CLM1,TSRYS5893517,D,S,D,2024-10-23,1000000.00,4.110604,97.09375
08:01:10,91282CLM1,TSRYS5893517,D,S,D,2024-10-23,1000000.00,4.111933,97.0859375
08:01:10,91282CLM1,TSRYS5893517,D,S,T,2024-10-23,1000000.00,4.1299,96.98036875
08:01:10,91282CLM1,TSRYS5893517,D,S,T,2024-10-23,1000000.00,4.1299,96.98036875
08:01:10,91282CLM1,TSRYS5893517,D,S,T,2024-10-23,1000000.00,4.1299,96.98036875
08:01:10,91282CLM1,TSRYS5893517,D,S,T,2024-10-23,1000000.00,4.130233,96.978415625
08:01:10,91282CLM1,TSRYS5893517,D,S,T,2024-10-23,1000000.00,4.130233,96.978415625
08:01:10,91282CLM1,TSRYS5893517,D,S,T,2024-10-23,1000000.00,4.130233,96.978415625
08:01:10,91282CLM1,TSRYS5893517,D,S,D,2024-10-23,1000000.00,4.113262,97.078125
08:01:10,91282CLM1,TSRYS5893517,D,S,C,2024-10-23,1000000.00,4.113262,97.078125
08:01:10,91282CLM1,TSRYS5893517,D,S,D,2024-10-23,1000000.00,4.113262,97.078125
08:01:10,91282CLM1,TSRYS5893517,D,S,D,2024-10-23,1000000.00,4.11293,97.080078125
08:01:10,91282CLM1,TSRYS5893517,D,S,C,2024-10-23,1000000.00,4.113262,97.078125
08:01:10,91282CLM1,TSRYS5893517,D,S,C,2024-10-23,1000000.00,4.110604,97.09375
08:01:10,91282CLM1,TSRYS5893517,D,S,D,2024-10-23,1000000.00,4.116585,97.05859375
08:01:10,91282CLM1,TSRYS5893517,D,S,D,2024-10-23,1000000.00,4.116917,97.056640625
08:01:10,91282CLM1,TSRYS5893517,D,S,C,2024-10-23,1000000.00,4.113262,97.078125
08:01:10,91282CLM1,TSRYS5893517,D,S,D,2024-10-23,1000000.00,4.117249,97.0546875
08:01:10,91282CLM1,TSRYS5893517,D,S,D,2024-10-23,1000000.00,4.11592,97.0625
08:01:10,91282CLM1,TSRYS5893517,D,S,D,2024-10-23,1000000.00,4.117249,97.0546875
08:01:10,91282CLM1,TSRYS5893517,D,S,D,2024-10-23,1000000.00,4.117582,97.052734375
08:01:11,91282CLM1,TSRYS5893517,D,S,D,2024-10-23,1000000.00,4.117582,97.052734375
08:01:11,91282CLM1,TSRYS5893517,D,S,C,2024-10-23,1000000.00,4.116585,97.05859375
08:01:11,91282CLM1,TSRYS5893517,D,S,D,2024-10-23,1000000.00,4.117249,97.0546875
08:01:11,91282CLM1,TSRYS5893517,D,S,D,2024-10-23,1000000.00,4.117582,97.052734375
08:01:11,91282CLM1,TSRYS5893517,D,S,D,2024-10-23,1000000.00,4.117582,97.052734375
08:01:11,91282CLM1,TSRYS5893517,D,S,D,2024-10-23,1000000.00,4.12238,97.0245375
08:01:11,91282CLM1,TSRYS5893517,D,S,D,2024-10-23,1000000.00,4.118911,97.044921875
08:01:11,91282CLM1,TSRYS5893517,D,S,D,2024-10-23,1000000.00,4.114591,97.0703125
08:01:11,91282CLM1,TSRYS5893517,D,S,D,2024-10-23,1000000.00,4.114591,97.0703125
08:01:11,91282CLM1,TSRYS5893517,D,S,D,2024-10-23,1000000.00,4.11592,97.0625
08:01:11,91282CLM1,TSRYS5893517,D,S,D,2024-10-23,1000000.00,4.121238,97.03125
08:01:11,91282CLM1,TSRYS5893517,D,S,D,2024-10-23,1000000.00,4.118579,97.046875
08:01:11,91282CLM1,TSRYS5893517,D,S,C,2024-10-23,1000000.00,4.118579,97.046875
08:01:11,91282CLM1,TSRYS5893517,D,S,C,2024-10-23,1000000.00,4.119243,97.04296875
08:01:11,91282CLM1,TSRYS5893517,D,S,C,2024-10-23,1000000.00,4.118579,97.046875
08:01:11,91282CLM1,TSRYS5893517,D,S,C,2024-10-23,1000000.00,4.12157,97.029296875
08:01:11,91282CLM1,TSRYS5893517,D,S,D,2024-10-23,1000000.00,4.125227,97.0078125
08:01:11,91282CLM1,TSRYS5893517,D,S,C,2024-10-23,1000000.00,4.12556,97.005859375
08:01:11,91282CLM1,TSRYS5893517,D,B,C,2024-10-23,1000000.00,4.124895,97.009765625
08:01:11,91282CLM1,TSRYS5893517,D,S,D,2024-10-23,1000000.00,4.124895,97.009765625
08:01:11,91282CLM1,TSRYS5893517,D,S,C,2024-10-23,1000000.00,4.124895,97.009765625
08:01:11,91282CLM1,TSRYS5893517,D,S,C,2024-10-23,1000000.00,4.12556,97.005859375
08:01:11,91282CLM1,TSRYS5893517,D,B,C,2024-10-23,1000000.00,4.123565,97.017578125
08:01:11,91282CLM1,TSRYS5893517,D,S,D,2024-10-23,1000000.00,4.123565,97.017578125
08:01:11,91282CLM1,TSRYS5893517,D,S,C,2024-10-23,1000000.00,4.123565,97.017578125
08:01:11,91282CLM1,TSRYS5893517,D,S,D,2024-10-23,1000000.00,4.123565,97.017578125
08:01:11,91282CLM1,TSRYS5893517,D,B,C,2024-10-23,1000000.00,4.123565,97.017578125
08:01:12,91282CLM1,TSRYS5893517,D,S,D,2024-10-23,1000000.00,4.1229,97.021484375
08:01:12,91282CLM1,TSRYS5893517,D,B,C,2024-10-23,1000000.00,4.1229,97.021484375
08:01:12,91282CLM1,TSRYS5893517,D,S,D,2024-10-23,1000000.00,4.122567,97.0234375
08:01:12,91282CLM1,TSRYS5893517,D,B,C,2024-10-23,1000000.00,4.121903,97.02734375
08:01:12,91282CLM1,TSRYS5893517,D,S,D,2024-10-23,1000000.00,4.121903,97.02734375
08:01:12,91282CLM1,TSRYS5893517,D,B,C,2024-10-23,1000000.00,4.124562,97.01171875
08:01:12,91282CLM1,TSRYS5893517,D,S,D,2024-10-23,1000000.00,4.124562,97.01171875
08:01:12,91282CLM1,TSRYS5893517,D,S,D,2024-10-23,1000000.00,4.124895,97.009765625
08:01:12,91282CLM1,TSRYS5893517,D,B,C,2024-10-23,1000000.00,4.124895,97.009765625
08:01:12,91282CLM1,TSRYS5893517,D,S,C,2024-10-23,400000.00,4.131214,96.97265625
08:01:12,91282CLM1,TSRYS5893517,D,B,C,2024-10-23,1000000.00,4.124895,97.009765625
08:01:12,91282CLM1,TSRYS5893517,D,S,D,2024-10-23,1000000.00,4.124895,97.009765625
08:01:12,91282CLM1,TSRYS5893517,D,B,C,2024-10-23,1000000.00,4.124895,97.009765625
08:01:12,91282CLM1,TSRYS5893517,D,S,D,2024-10-23,1000000.00,4.124895,97.009765625
08:01:12,91282CLM1,TSRYS5893517,D,B,C,2024-10-23,1000000.00,4.125892,97.00390625
08:01:12,91282CLM1,TSRYS5893517,D,S,D,2024-10-23,1000000.00,4.125892,97.00390625
08:01:12,91282CLM1,TSRYS5893517,D,S,D,2024-10-23,1000000.00,4.128553,96.98828125
08:01:12,91282CLM1,TSRYS5893517,D,B,C,2024-10-23,1000000.00,4.128553,96.98828125
08:01:12,91282CLM1,TSRYS5893517,D,B,C,2024-10-23,1000000.00,4.128553,96.98828125
08:01:12,91282CLM1,TSRYS5893517,D,S,D,2024-10-23,1000000.00,4.128553,96.98828125
08:01:12,91282CLM1,TSRYS5893517,D,B,C,2024-10-23,1000000.00,4.128553,96.98828125
08:01:12,91282CLM1,TSRYS5893517,D,S,D,2024-10-23,1000000.00,4.128553,96.98828125
08:01:12,91282CLM1,TSRYS5893517,D,S,D,2024-10-23,1000000.00,4.128885,96.986328125
08:01:12,91282CLM1,TSRYS5893517,D,B,C,2024-10-23,1000000.00,4.128885,96.986328125
08:01:12,91282CLM1,TSRYS5893517,D,B,C,2024-10-23,1000000.00,4.129883,96.98046875
08:01:12,91282CLM1,TSRYS5893517,D,S,D,2024-10-23,1000000.00,4.129883,96.98046875
08:01:12,91282CLM1,TSRYS5893517,D,S,D,2024-10-23,1000000.00,4.130216,96.978515625
08:01:12,91282CLM1,TSRYS5893517,D,B,C,2024-10-23,1000000.00,4.130216,96.978515625
08:01:12,91282CLM1,TSRYS5893517,D,S,D,2024-10-23,1000000.00,4.129218,96.984375
08:01:12,91282CLM1,TSRYS5893517,D,S,D,2024-10-23,1000000.00,4.129218,96.984375
08:01:12,91282CLM1,TSRYS5893517,D,S,D,2024-10-23,1000000.00,4.130549,96.9765625
08:01:12,91282CLM1,TSRYS5893517,D,S,D,2024-10-23,1000000.00,4.130216,96.978515625
08:01:12,91282CLM1,TSRYS5893517,D,S,D,2024-10-23,1000000.00,4.129883,96.98046875
08:01:12,91282CLM1,TSRYS5893517,D,S,D,2024-10-23,1000000.00,4.130216,96.978515625
08:01:12,91282CLM1,TSRYS5893517,D,S,D,2024-10-23,1000000.00,4.129883,96.98046875
08:01:12,91282CLM1,TSRYS5893517,D,S,A,2024-10-23,85000000.00,4.129883,96.98046875
08:01:12,91282CLM1,TSRYS5893517,D,B,C,2024-10-23,2000000.00,4.131547,96.970703125
08:01:12,91282CLM1,TSRYS5893517,D,S,D,2024-10-23,2000000.00,4.131547,96.970703125
08:01:12,91282CLM1,TSRYS5893517,D,S,C,2024-10-23,1000000.00,4.133875,96.95703125
08:01:12,91282CLM1,TSRYS5893517,D,S,C,2024-10-23,1000000.00,4.133875,96.95703125
08:01:12,91282CLM1,TSRYS5893517,D,S,C,2024-10-23,1000000.00,4.133875,96.95703125
08:01:12,91282CLM1,TSRYS5893517,D,S,C,2024-10-23,1000000.00,4.133543,96.958984375
08:01:12,91282CLM1,TSRYS5893517,D,S,C,2024-10-23,1000000.00,4.133875,96.95703125
08:01:12,91282CLM1,TSRYS5893517,D,S,C,2024-10-23,1000000.00,4.133875,96.95703125
08:01:12,91282CLM1,TSRYS5893517,D,S,D,2024-10-23,1000000.00,4.13321,96.9609375
08:01:12,91282CLM1,TSRYS5893517,D,S,D,2024-10-23,1000000.00,4.134541,96.953125
08:01:12,91282CLM1,TSRYS5893517,D,S,D,2024-10-23,1000000.00,4.134541,96.953125
08:01:12,91282CLM1,TSRYS5893517,D,B,C,2024-10-23,1000000.00,4.13321,96.9609375
08:01:12,91282CLM1,TSRYS5893517,D,S,D,2024-10-23,1000000.00,4.13321,96.9609375
08:01:12,91282CLM1,TSRYS5893517,D,S,D,2024-10-23,1000000.00,4.13321,96.9609375
08:01:12,91282CLM1,TSRYS5893517,D,S,D,2024-10-23,1000000.00,4.13321,96.9609375
08:01:12,91282CLM1,TSRYS5893517,D,B,C,2024-10-23,1000000.00,4.13321,96.9609375
08:01:13,91282CLM1,TSRYS5893517,D,S,C,2024-10-23,2000000.00,4.128553,96.98828125
08:01:13,91282CLM1,TSRYS5893517,D,S,C,2024-10-23,1000000.00,4.127888,96.9921875
08:01:13,91282CLM1,TSRYS5893517,D,S,C,2024-10-23,1000000.00,4.127555,96.994140625
08:01:13,91282CLM1,TSRYS5893517,D,S,D,2024-10-23,1000000.00,4.121238,97.03125
08:01:13,91282CLM1,TSRYS5893517,D,S,D,2024-10-23,1000000.00,4.121238,97.03125
08:01:13,91282CLM1,TSRYS5893517,D,S,D,2024-10-23,1000000.00,4.120905,97.033203125
08:01:13,91282CLM1,TSRYS5893517,D,S,C,2024-10-23,1000000.00,4.124895,97.009765625
08:01:13,91282CLM1,TSRYS5893517,D,B,C,2024-10-23,1000000.00,4.1229,97.021484375
08:01:13,91282CLM1,TSRYS5893517,D,S,D,2024-10-23,1000000.00,4.1229,97.021484375
08:01:13,91282CLM1,TSRYS5893517,D,B,C,2024-10-23,1000000.00,4.125227,97.0078125
08:01:13,91282CLM1,TSRYS5893517,D,S,D,2024-10-23,1000000.00,4.125227,97.0078125
08:01:13,91282CLM1,TSRYS5893517,D,S,D,2024-10-23,1000000.00,4.120241,97.037109375
08:01:13,91282CLM1,TSRYS5893517,D,S,D,2024-10-23,1000000.00,4.120573,97.03515625
08:01:13,91282CLM1,TSRYS5893517,D,S,D,2024-10-23,1000000.00,4.119908,97.0390625
08:01:13,91282CLM1,TSRYS5893517,D,S,D,2024-10-23,1000000.00,4.119908,97.0390625
08:01:13,91282CLM1,TSRYS5893517,D,S,D,2024-10-23,1000000.00,4.123897,97.015625
08:01:13,91282CLM1,TSRYS5893517,D,S,D,2024-10-23,1000000.00,4.12423,97.013671875
08:01:14,91282CLM1,TSRYS5893517,D,S,C,2024-10-23,1000000.00,4.12157,97.029296875
08:01:14,91282CLM1,TSRYS5893517,D,S,C,2024-10-23,1000000.00,4.121238,97.03125
08:01:14,91282CLM1,TSRYS5893517,D,S,C,2024-10-23,1000000.00,4.12157,97.029296875
08:01:14,91282CLM1,TSRYS5893517,D,S,C,2024-10-23,1000000.00,4.118911,97.044921875
08:01:14,91282CLM1,TSRYS5893517,D,S,C,2024-10-23,1000000.00,4.119243,97.04296875
08:01:14,91282CLM1,TSRYS5893517,D,S,C,2024-10-23,1000000.00,4.118911,97.044921875
08:01:14,91282CLM1,TSRYS5893517,D,S,C,2024-10-23,1000000.00,4.118911,97.044921875
08:01:14,91282CLM1,TSRYS5893517,D,S,D,2024-10-23,1000000.00,4.119576,97.041015625
08:01:14,91282CLM1,TSRYS5893517,D,B,C,2024-10-23,1000000.00,4.119576,97.041015625
08:01:14,91282CLM1,TSRYS5893517,D,B,C,2024-10-23,1000000.00,4.117249,97.0546875
08:01:14,91282CLM1,TSRYS5893517,D,S,D,2024-10-23,1000000.00,4.117249,97.0546875
08:01:14,91282CLM1,TSRYS5893517,D,S,T,2024-10-23,1000000.00,4.118579,97.046875
08:01:14,91282CLM1,TSRYS5893517,D,S,T,2024-10-23,1000000.00,4.118246,97.04882812
08:01:14,91282CLM1,TSRYS5893517,D,S,C,2024-10-23,1000000.00,4.119576,97.041015625
08:01:14,91282CLM1,TSRYS5893517,D,S,T,2024-10-23,1000000.00,4.118579,97.046875
08:01:14,91282CLM1,TSRYS5893517,D,S,T,2024-10-23,1000000.00,4.1229,97.02148437
08:01:14,91282CLM1,TSRYS5893517,D,S,D,2024-10-23,1000000.00,4.119243,97.04296875
08:01:14,91282CLM1,TSRYS5893517,D,B,C,2024-10-23,1000000.00,4.119243,97.04296875
08:01:14,91282CLM1,TSRYS5893517,D,S,C,2024-10-23,1000000.00,4.119576,97.041015625
08:01:14,91282CLM1,TSRYS5893517,D,S,C,2024-10-23,1000000.00,4.119576,97.041015625
08:01:14,91282CLM1,TSRYS5893517,D,S,D,2024-10-23,1000000.00,4.119243,97.04296875
08:01:14,91282CLM1,TSRYS5893517,D,B,C,2024-10-23,1000000.00,4.119243,97.04296875
08:01:14,91282CLM1,TSRYS5893517,D,B,C,2024-10-23,1000000.00,4.119243,97.04296875
08:01:14,91282CLM1,TSRYS5893517,D,S,D,2024-10-23,1000000.00,4.119243,97.04296875
08:01:14,91282CLM1,TSRYS5893517,D,B,C,2024-10-23,1000000.00,4.119243,97.04296875
08:01:14,91282CLM1,TSRYS5893517,D,S,D,2024-10-23,1000000.00,4.119243,97.04296875
08:01:14,91282CLM1,TSRYS5893517,D,S,D,2024-10-23,1000000.00,4.122567,97.0234375
08:01:14,91282CLM1,TSRYS5893517,D,S,D,2024-10-23,1000000.00,4.122567,97.0234375
08:01:14,91282CLM1,TSRYS5893517,D,S,D,2024-10-23,1000000.00,4.122567,97.0234375
08:01:14,91282CLM1,TSRYS5893517,D,B,C,2024-10-23,1000000.00,4.122567,97.0234375
08:01:14,91282CLM1,TSRYS5893517,D,B,C,2024-10-23,1000000.00,4.122567,97.0234375
08:01:14,91282CLM1,TSRYS5893517,D,B,C,2024-10-23,1000000.00,4.122567,97.0234375
08:01:14,91282CLM1,TSRYS5893517,D,S,D,2024-10-23,1000000.00,4.123897,97.015625
08:01:14,91282CLM1,TSRYS5893517,D,B,C,2024-10-23,1000000.00,4.123897,97.015625
08:01:15,91282CLM1,TSRYS5893517,D,S,D,2024-10-23,1000000.00,4.12556,97.00585937
08:01:15,91282CLM1,TSRYS5893517,D,S,D,2024-10-23,1000000.00,4.125227,97.0078125
08:01:15,91282CLM1,TSRYS5893517,D,S,D,2024-10-23,1000000.00,4.128553,96.98828125
08:01:15,91282CLM1,TSRYS5893517,D,S,D,2024-10-23,1000000.00,4.127223,96.99609375
08:01:15,91282CLM1,TSRYS5893517,D,S,D,2024-10-23,1000000.00,4.126557,97.0
08:01:15,91282CLM1,TSRYS5893517,D,B,C,2024-10-23,1000000.00,4.127223,96.99609375
08:01:15,91282CLM1,TSRYS5893517,D,B,C,2024-10-23,1000000.00,4.126557,97.0
08:01:15,91282CLM1,TSRYS5893517,D,S,D,2024-10-23,1000000.00,4.126557,97.0
08:01:15,91282CLM1,TSRYS5893517,D,S,C,2024-10-23,1000000.00,4.127555,96.994140625
08:01:15,91282CLM1,TSRYS5893517,D,B,C,2024-10-23,1000000.00,4.127555,96.994140625
08:01:15,91282CLM1,TSRYS5893517,D,B,C,2024-10-23,1000000.00,4.127555,96.994140625
08:01:15,91282CLM1,TSRYS5893517,D,S,D,2024-10-23,1000000.00,4.1229,97.02148437
08:01:15,91282CLM1,TSRYS5893517,D,S,T,2024-10-23,1000000.00,4.127555,96.994140625
08:01:15,91282CLM1,TSRYS5893517,D,S,C,2024-10-23,1000000.00,4.127555,96.994140625
08:01:15,91282CLM1,TSRYS5893517,D,S,D,2024-10-23,1000000.00,4.12822,96.990234375
08:01:15,91282CLM1,TSRYS5893517,D,B,C,2024-10-23,1000000.00,4.12822,96.990234375
08:01:15,91282CLM1,TSRYS5893517,D,S,D,2024-10-23,1000000.00,4.128553,96.98828125
08:01:15,91282CLM1,TSRYS5893517,D,B,C,2024-10-23,1000000.00,4.128553,96.98828125
08:01:15,91282CLM1,TSRYS5893517,D,S,D,2024-10-23,1000000.00,4.128885,96.986328125
08:01:15,91282CLM1,TSRYS5893517,D,S,C,2024-10-23,1000000.00,4.12822,96.990234375
08:01:15,91282CLM1,TSRYS5893517,D,B,C,2024-10-23,1000000.00,4.128885,96.986328125
08:01:15,91282CLM1,TSRYS5893517,D,S,D,2024-10-23,1000000.00,4.129218,96.984375
08:01:15,91282CLM1,TSRYS5893517,D,B,C,2024-10-23,1000000.00,4.128885,96.986328125
08:01:15,91282CLM1,TSRYS5893517,D,S,D,2024-10-23,1000000.00,4.128885,96.986328125
08:01:15,91282CLM1,TSRYS5893517,D,B,C,2024-10-23,1000000.00,4.129218,96.984375
08:01:15,91282CLM1,TSRYS5893517,D,S,D,2024-10-23,1000000.00,4.129218,96.984375
08:01:15,91282CLM1,TSRYS5893517,D,S,C,2024-10-23,1000000.00,4.128553,96.98828125
08:01:15,91282CLM1,TSRYS5893517,D,S,C,2024-10-23,1000000.00,4.12556,97.00585937
08:01:15,91282CLM1,TSRYS5893517,D,S,C,2024-10-23,1000000.00,4.128885,96.986328125
08:01:15,91282CLM1,TSRYS5893517,D,B,C,2024-10-23,1000000.00,4.129218,96.984375
08:01:15,91282CLM1,TSRYS5893517,D,S,D,2024-10-23,1000000.00,4.1229,97.02148437
08:01:15,91282CLM1,TSRYS5893517,D,S,C,2024-10-23,1000000.00,4.128885,96.986328125
08:01:15,91282CLM1,TSRYS5893517,D,S,C,2024-10-23,1000000.00,4.12556,97.00585937
08:01:15,91282CLM1,TSRYS5893517,D,B,C,2024-10-23,1000000.00,4.128553,96.98828125
08:01:15,91282CLM1,TSRYS5893517,D,B,C,2024-10-23,1000000.00,4.129218,96.984375
08:01:15,91282CLM1,TSRYS5893517,D,S,D,2024-10-23,1000000.00,4.129218,96.984375
08:01:15,91282CLM1,TSRYS5893517,D,S,D,2024-10-23,1000000.00,4.129218,96.984375
08:01:15,91282CLM1,TSRYS5893517,D,S,D,2024-10-23,1000000.00,4.128553,96.98828125
08:01:15,91282CLM1,TSRYS5893517,D,S,C,2024-10-23,1000000.00,4.129218,96.984375
08:01:15,91282CLM1,TSRYS5893517,D,S,C,2024-10-23,1000000.00,4.130881,96.974609375
08:01:15,91282CLM1,TSRYS5893517,D,S,C,2024-10-23,1000000.00,4.130881,96.974609375
08:01:15,91282CLM1,TSRYS5893517,D,S,C,2024-10-23,1000000.00,4.131214,96.97265625
08:01:15,91282CLM1,TSRYS5893517,D,S,C,2024-10-23,1000000.00,4.131214,96.97265625
08:01:15,91282CLM1,TSRYS5893517,D,B,C,2024-10-23,1000000.00,4.131214,96.97265625
08:01:15,91282CLM1,TSRYS5893517,D,S,D,2024-10-23,1000000.00,4.131214,96.97265625
08:01:15,91282CLM1,TSRYS5893517,D,S,C,2024-10-23,1000000.00,4.131214,96.97265625
08:01:15,91282CLM1,TSRYS5893517,D,B,C,2024-10-23,1000000.00,4.131547,96.970703125
08:01:15,91282CLM1,TSRYS5893517,D,S,D,2024-10-23,1000000.00,4.131547,96.970703125
08:01:15,91282CLM1,TSRYS5893517,D,S,C,2024-10-23,1000000.00,4.131214,96.97265625
08:01:15,91282CLM1,TSRYS5893517,D,S,D,2024-10-23,1000000.00,4.131879,96.96875
08:01:15,91282CLM1,TSRYS5893517,D,S,C,2024-10-23,1000000.00,4.1229,97.02148437
08:01:15,91282CLM1,TSRYS5893517,D,B,C,2024-10-23,2000000.00,4.131879,96.96875
08:01:15,91282CLM1,TSRYS5893517,D,B,C,2024-10-23,1000000.00,4.131879,96.96875
08:01:15,91282CLM1,TSRYS5893517,D,S,D,2024-10-23,2000000.00,4.131879,96.96875
08:01:15,91282CLM1,TSRYS5893517,D,S,D,2024-10-23,1000000.00,4.1229,97.02148437
08:01:15,91282CLM1,TSRYS5893517,D,S,D,2024-10-23,1000000.00,4.131879,96.96875
08:01:15,91282CLM1,TSRYS5893517,D,B,C,2024-10-23,1000000.00,4.131879,96.96875
08:01:15,91282CLM1,TSRYS5893517,D,S,D,2024-10-23,1000000.00,4.1229,97.02148437
08:01:15,91282CLM1,TSRYS5893517,D,B,C,2024-10-23,1000000.00,4.130549,96.9765625
08:01:15,91282CLM1,TSRYS5893517,D,S,C,2024-10-23,1000000.00,4.130216,96.978515625
08:01:15,91282CLM1,TSRYS5893517,D,S,D,2024-10-23,1000000.00,4.130549,96.9765625
08:01:16,91282CLM1,TSRYS5893517,D,S,D,2024-10-23,1000000.00,4.127223,96.99609375
08:01:16,91282CLM1,TSRYS5893517,D,B,C,2024-10-23,1000000.00,4.127223,96.99609375
08:01:16,91282CLM1,TSRYS5893517,D,B,C,2024-10-23,1000000.00,4.125892,97.00390625
08:01:16,91282CLM1,TSRYS5893517,D,S,C,2024-10-23,1000000.00,4.12556,97.00585937
08:01:16,91282CLM1,TSRYS5893517,D,S,D,2024-10-23,1000000.00,4.125892,97.00390625
08:01:16,91282CLM1,TSRYS5893517,D,B,C,2024-10-23,1000000.00,4.12556,97.005859375
08:01:16,91282CLM1,TSRYS5893517,D,S,D,2024-10-23,1000000.00,4.12556,97.005859375
08:01:16,91282CLM1,TSRYS5893517,D,B,C,2024-10-23,1000000.00,4.12556,97.005859375
08:01:16,91282CLM1,TSRYS5893517,D,S,D,2024-10-23,1000000.00,4.12556,97.005859375
08:01:16,91282CLM1,TSRYS5893517,D,S,C,2024-10-23,1000000.00,4.125892,97.00390625
08:01:16,91282CLM1,TSRYS5893517,D,S,C,2024-10-23,1000000.00,4.125892,97.00390625
08:01:16,91282CLM1,TSRYS5893517,D,B,C,2024-10-23,1000000.00,4.127555,96.994140625
08:01:16,91282CLM1,TSRYS5893517,D,S,D,2024-10-23,2000000.00,4.119219,97.04311
08:01:16,91282CLM1,TSRYS5893517,D,S,D,2024-10-23,1000000.00,4.127555,96.994140625
08:01:16,91282CLM1,TSRYS5893517,D,B,C,2024-10-23,1000000.00,4.12689,96.998046875
08:01:16,91282CLM1,TSRYS5893517,D,S,D,2024-10-23,1000000.00,4.12689,96.998046875
08:01:16,91282CLM1,TSRYS5893517,D,S,C,2024-10-23,1000000.00,4.125227,97.0078125
08:01:16,91282CLM1,TSRYS5893517,D,S,D,2024-10-23,1000000.00,4.1229,97.02148437
08:01:16,91282CLM1,TSRYS5893517,D,S,C,2024-10-23,1000000.00,4.125227,97.0078125
08:01:16,91282CLM1,TSRYS5893517,D,S,C,2024-10-23,1000000.00,4.125227,97.0078125
08:01:16,91282CLM1,TSRYS5893517,D,S,C,2024-10-23,1000000.00,4.125227,97.0078125
08:01:16,91282CLM1,TSRYS5893517,D,S,C,2024-10-23,1000000.00,4.125227,97.0078125
08:01:16,91282CLM1,TSRYS5893517,D,S,D,2024-10-23,1000000.00,4.12689,96.998046875
08:01:16,91282CLM1,TSRYS5893517,D,B,C,2024-10-23,1000000.00,4.12689,96.998046875
08:01:16,91282CLM1,TSRYS5893517,D,S,D,2024-10-23,1000000.00,4.127888,96.9921875
08:01:16,91282CLM1,TSRYS5893517,D,B,C,2024-10-23,1000000.00,4.127888,96.9921875
08:01:16,91282CLM1,TSRYS5893517,D,B,C,2024-10-23,1000000.00,4.127888,96.9921875
08:01:16,91282CLM1,TSRYS5893517,D,S,D,2024-10-23,1000000.00,4.127888,96.9921875
08:01:16,91282CLM1,TSRYS5893517,D,B,C,2024-10-23,1000000.00,4.12822,96.990234375
08:01:16,91282CLM1,TSRYS5893517,D,S,D,2024-10-23,1000000.00,4.12822,96.990234375
08:01:16,91282CLM1,TSRYS5893517,D,S,C,2024-10-23,1000000.00,4.125892,97.00390625
08:01:16,91282CLM1,TSRYS5893517,D,S,C,2024-10-23,1000000.00,4.125892,97.00390625
08:01:16,91282CLM1,TSRYS5893517,D,S,D,2024-10-23,1000000.00,4.124562,97.01171875
08:01:16,91282CLM1,TSRYS5893517,D,B,C,2024-10-23,1000000.00,4.124562,97.01171875
08:01:16,91282CLM1,TSRYS5893517,D,S,D,2024-10-23,1000000.00,4.124562,97.01171875
08:01:16,91282CLM1,TSRYS5893517,D,B,C,2024-10-23,1000000.00,4.124562,97.01171875
08:01:16,91282CLM1,TSRYS5893517,D,S,C,2024-10-23,1000000.00,4.123897,97.015625
08:01:16,91282CLM1,TSRYS5893517,D,S,D,2024-10-23,1000000.00,4.124562,97.01171875
08:01:16,91282CLM1,TSRYS5893517,D,B,C,2024-10-23,1000000.00,4.124562,97.01171875
08:01:16,91282CLM1,TSRYS5893517,D,S,C,2024-10-23,1000000.00,4.123897,97.015625
08:01:16,91282CLM1,TSRYS5893517,D,S,C,2024-10-23,1000000.00,4.123897,97.015625
08:01:16,91282CLM1,TSRYS5893517,D,S,C,2024-10-23,1000000.00,4.123897,97.015625
08:01:16,91282CLM1,TSRYS5893517,D,S,C,2024-10-23,1000000.00,4.12423,97.013671875
08:01:16,91282CLM1,TSRYS5893517,D,S,C,2024-10-23,1000000.00,4.123897,97.015625
08:01:16,91282CLM1,TSRYS5893517,D,B,C,2024-10-23,1000000.00,4.124895,97.009765625
08:01:16,91282CLM1,TSRYS5893517,D,S,C,2024-10-23,1000000.00,4.124895,97.009765625
08:01:16,91282CLM1,TSRYS5893517,D,S,D,2024-10-23,1000000.00,4.12423,97.013671875
08:01:16,91282CLM1,TSRYS5893517,D,B,C,2024-10-23,1000000.00,4.12423,97.013671875
08:01:16,91282CLM1,TSRYS5893517,D,S,C,2024-10-23,1000000.00,4.12423,97.013671875
08:01:16,91282CLM1,TSRYS5893517,D,S,C,2024-10-23,1000000.00,4.12423,97.013671875
08:01:16,91282CLM1,TSRYS5893517,D,B,C,2024-10-23,1000000.00,4.124562,97.01171875
08:01:16,91282CLM1,TSRYS5893517,D,S,D,2024-10-23,1000000.00,4.124562,97.01171875
08:01:16,91282CLM1,TSRYS5893517,D,S,C,2024-10-23,1000000.00,4.124562,97.01171875
08:01:16,91282CLM1,TSRYS5893517,D,B,C,2024-10-23,1000000.00,4.125227,97.0078125
08:01:16,91282CLM1,TSRYS5893517,D,B,C,2024-10-23,1000000.00,4.125227,97.0078125
08:01:16,91282CLM1,TSRYS5893517,D,S,D,2024-10-23,1000000.00,4.125227,97.0078125
08:01:16,91282CLM1,TSRYS5893517,D,S,C,2024-10-23,1000000.00,4.125227,97.0078125
08:01:16,91282CLM1,TSRYS5893517,D,S,D,2024-10-23,1000000.00,4.124895,97.009765625
08:01:16,91282CLM1,TSRYS5893517,D,S,C,2024-10-23,1000000.00,4.12423,97.013671875
08:01:16,91282CLM1,TSRYS5893517,D,B,C,2024-10-23,1000000.00,4.124895,97.009765625
08:01:16,91282CLM1,TSRYS5893517,D,S,C,2024-10-23,1000000.00,4.12423,97.013671875
08:01:16,91282CLM1,TSRYS5893517,D,S,C,2024-10-23,1000000.00,4.12423,97.013671875
08:01:16,91282CLM1,TSRYS5893517,D,S,C,2024-10-23,1000000.00,4.12423,97.013671875
08:01:17,91282CLM1,TSRYS5893517,D,S,C,2024-10-23,1000000.00,4.117914,97.05078125
08:01:17,91282CLM1,TSRYS5893517,D,B,C,2024-10-23,1000000.00,4.11592,97.0625
08:01:17,91282CLM1,TSRYS5893517,D,S,D,2024-10-23,1000000.00,4.11592,97.0625
08:01:17,91282CLM1,TSRYS5893517,D,S,D,2024-10-23,1000000.00,4.11592,97.0625
08:01:17,91282CLM1,TSRYS5893517,D,B,C,2024-10-23,1000000.00,4.11592,97.0625
08:01:17,91282CLM1,TSRYS5893517,D,S,C,2024-10-23,1000000.00,4.116585,97.05859375
08:01:17,91282CLM1,TSRYS5893517,D,B,C,2024-10-23,1000000.00,4.11592,97.0625
08:01:17,91282CLM1,TSRYS5893517,D,S,C,2024-10-23,1000000.00,4.11592,97.0625
08:01:17,91282CLM1,TSRYS5893517,D,S,D,2024-10-23,1000000.00,4.11592,97.0625
08:01:17,91282CLM1,TSRYS5893517,D,B,C,2024-10-23,1000000.00,4.11592,97.0625
08:01:17,91282CLM1,TSRYS5893517,D,B,C,2024-10-23,1000000.00,4.11592,97.0625
08:01:17,91282CLM1,TSRYS5893517,D,S,D,2024-10-23,1000000.00,4.11592,97.0625
08:01:17,91282CLM1,TSRYS5893517,D,S,D,2024-10-23,1000000.00,4.11592,97.0625
08:01:17,91282CLM1,TSRYS5893517,D,B,C,2024-10-23,1000000.00,4.11592,97.0625
08:01:17,91282CLM1,TSRYS5893517,D,S,D,2024-10-23,1000000.00,4.11592,97.0625
08:01:17,91282CLM1,TSRYS5893517,D,B,C,2024-10-23,1000000.00,4.117582,97.052734375
08:01:17,91282CLM1,TSRYS5893517,D,B,C,2024-10-23,1000000.00,4.117582,97.052734375
08:01:17,91282CLM1,TSRYS5893517,D,B,C,2024-10-23,1000000.00,4.117582,97.052734375
08:01:17,91282CLM1,TSRYS5893517,D,S,D,2024-10-23,1000000.00,4.117582,97.052734375
08:01:17,91282CLM1,TSRYS5893517,D,S,D,2024-10-23,1000000.00,4.117582,97.052734375
08:01:17,91282CLM1,TSRYS5893517,D,S,D,2024-10-23,1000000.00,4.117582,97.052734375
08:01:17,91282CLM1,TSRYS5893517,D,B,C,2024-10-23,1000000.00,4.117582,97.052734375
08:01:17,91282CLM1,TSRYS5893517,D,S,D,2024-10-23,1000000.00,4.117582,97.052734375
08:01:17,91282CLM1,TSRYS5893517,D,S,D,2024-10-23,1000000.00,4.117582,97.052734375
08:01:17,91282CLM1,TSRYS5893517,D,S,C,2024-10-23,1000000.00,4.116917,97.056640625
08:01:17,91282CLM1,TSRYS5893517,D,B,C,2024-10-23,1000000.00,4.117582,97.052734375
08:01:17,91282CLM1,TSRYS5893517,D,S,C,2024-10-23,1000000.00,4.116585,97.05859375
08:01:17,91282CLM1,TSRYS5893517,D,S,D,2024-10-23,1000000.00,4.120573,97.03515625
08:01:17,91282CLM1,TSRYS5893517,D,S,C,2024-10-23,1000000.00,4.118246,97.048828125
08:01:17,91282CLM1,TSRYS5893517,D,S,C,2024-10-23,1000000.00,4.118246,97.048828125
08:01:17,91282CLM1,TSRYS5893517,D,S,C,2024-10-23,1000000.00,4.119576,97.041015625
08:01:17,91282CLM1,TSRYS5893517,D,S,C,2024-10-23,1000000.00,4.119243,97.04296875
08:01:17,91282CLM1,TSRYS5893517,D,S,C,2024-10-23,1000000.00,4.119576,97.041015625
08:01:17,91282CLM1,TSRYS5893517,D,S,C,2024-10-23,1000000.00,4.118246,97.048828125
08:01:17,91282CLM1,TSRYS5893517,D,S,C,2024-10-23,1000000.00,4.119576,97.041015625
08:01:17,91282CLM1,TSRYS5893517,D,S,C,2024-10-23,1000000.00,4.115255,97.06640625
08:01:17,91282CLM1,TSRYS5893517,D,S,C,2024-10-23,1000000.00,4.115255,97.06640625
08:01:17,91282CLM1,TSRYS5893517,D,S,D,2024-10-23,6000000.00,4.128262,96.98999
08:01:18,91282CLM1,TSRYS5893517,D,B,C,2024-10-23,1000000.00,4.11592,97.0625
08:01:18,91282CLM1,TSRYS5893517,D,S,D,2024-10-23,1000000.00,4.11592,97.0625
08:01:18,91282CLM1,TSRYS5893517,D,B,C,2024-10-23,1000000.00,4.11592,97.0625
08:01:18,91282CLM1,TSRYS5893517,D,S,D,2024-10-23,1000000.00,4.11592,97.0625
