tradeTime,cusip,issueSymbolIdentifier,priceType,reportingSideCode,contraPartyTypeCode,tradeDate,reportedTradeVolume,lastSaleYield,lastSalePrice
08:00:06,91282CKN0,TSRYS5793018,D,S,D,2024-05-17,1000000.00,4.372503,101.49609375
08:00:06,91282CKN0,TSRYS5793018,D,S,D,2024-05-17,2000000.00,4.371198,101.50390625
08:00:06,91282CKN0,TSRYS5793018,D,S,D,2024-05-17,1000000.00,4.370872,101.505859375
08:00:06,91282CKN0,TSRYS5793018,D,S,D,2024-05-17,1000000.00,4.370872,101.505859375
08:00:06,91282CKN0,TSRYS5793018,D,S,D,2024-05-17,1000000.00,4.370546,101.5078125
08:00:06,91282CKN0,TSRYS5793018,D,S,T,2024-05-17,4000000.00,4.370872,101.505859375
08:00:06,91282CKN0,TSRYS5793018,D,S,T,2024-05-17,2000000.00,4.376092,101.474609375
08:00:06,91282CKN0,TSRYS5793018,D,S,D,2024-05-17,1000000.00,4.376418,101.47265625
08:00:06,91282CKN0,TSRYS5793018,D,S,D,2024-05-17,4000000.00,4.376418,101.47265625
08:00:06,91282CKN0,TSRYS5793018,D,S,T,2024-05-17,2000000.00,4.373808,101.48828125
08:00:06,91282CKN0,TSRYS5793018,D,S,T,2024-05-17,1000000.00,4.377071,101.46875
08:00:06,91282CKN0,TSRYS5793018,D,S,T,2024-05-17,1000000.00,4.383925,101.427734375
08:00:06,91282CKN0,TSRYS5793018,D,S,T,2024-05-17,1000000.00,4.383925,101.427734375
08:00:06,91282CKN0,TSRYS5793018,D,S,T,2024-05-17,1000000.00,4.383925,101.427734375
08:00:06,91282CKN0,TSRYS5793018,D,S,T,2024-05-17,1000000.00,4.382619,101.435546875
08:00:06,91282CKN0,TSRYS5793018,D,S,D,2024-05-17,1000000.00,4.387517,101.40625
08:00:06,91282CKN0,TSRYS5793018,D,S,T,2024-05-17,2000000.00,4.395029,101.361328125
08:00:06,91282CKN0,TSRYS5793018,D,S,T,2024-05-17,1000000.00,4.402219,101.318359375
08:00:06,91282CKN0,TSRYS5793018,D,S,T,2024-05-17,1000000.00,4.402219,101.318359375
08:00:10,91282CKN0,TSRYS5793018,D,S,D,2024-05-17,1000000.00,4.374461,101.484375
08:00:10,91282CKN0,TSRYS5793018,D,S,D,2024-05-17,1000000.00,4.374461,101.484375
08:00:10,91282CKN0,TSRYS5793018,D,S,T,2024-05-17,1000000.00,4.39797,101.34375
08:00:10,91282CKN0,TSRYS5793018,D,S,D,2024-05-17,1000000.00,4.396989,101.349609375
08:00:10,91282CKN0,TSRYS5793018,D,S,D,2024-05-17,2000000.00,4.374461,101.484375
08:00:10,91282CKN0,TSRYS5793018,D,S,D,2024-05-17,1000000.00,4.374461,101.484375
08:00:10,91282CKN0,TSRYS5793018,D,S,D,2024-05-17,1000000.00,4.374461,101.484375
08:00:10,91282CKN0,TSRYS5793018,D,S,D,2024-05-17,1000000.00,4.374461,101.484375
08:00:10,91282CKN0,TSRYS5793018,D,S,D,2024-05-17,2000000.00,4.374461,101.484375
08:00:10,91282CKN0,TSRYS5793018,D,S,D,2024-05-17,1000000.00,4.374461,101.484375
08:00:10,91282CKN0,TSRYS5793018,D,S,D,2024-05-17,1000000.00,4.374461,101.484375
08:00:10,91282CKN0,TSRYS5793018,D,S,D,2024-05-17,3000000.00,4.374461,101.484375
08:00:10,91282CKN0,TSRYS5793018,D,S,D,2024-05-17,1000000.00,4.374461,101.484375
08:00:10,91282CKN0,TSRYS5793018,D,S,D,2024-05-17,2000000.00,4.374461,101.484375
08:00:10,91282CKN0,TSRYS5793018,D,S,D,2024-05-17,1000000.00,4.374461,101.484375
08:00:10,91282CKN0,TSRYS5793018,D,S,D,2024-05-17,1000000.00,4.374461,101.484375
08:00:10,91282CKN0,TSRYS5793018,D,S,D,2024-05-17,1000000.00,4.37022,101.509765625
08:00:10,91282CKN0,TSRYS5793018,D,S,T,2024-05-17,1000000.00,4.370546,101.5078125
08:00:10,91282CKN0,TSRYS5793018,D,S,T,2024-05-17,1000000.00,4.370546,101.5078125
08:00:10,91282CKN0,TSRYS5793018,D,S,T,2024-05-17,1000000.00,4.371851,101.5
08:00:10,91282CKN0,TSRYS5793018,D,S,T,2024-05-17,1000000.00,4.371851,101.5
08:00:10,91282CKN0,TSRYS5793018,D,S,T,2024-05-17,1000000.00,4.371851,101.5
08:00:10,91282CKN0,TSRYS5793018,D,S,D,2024-05-17,1000000.00,4.370546,101.5078125
08:00:10,91282CKN0,TSRYS5793018,D,S,T,2024-05-17,1000000.00,4.370872,101.505859375
08:00:10,91282CKN0,TSRYS5793018,D,S,T,2024-05-17,1000000.00,4.370872,101.505859375
08:00:10,91282CKN0,TSRYS5793018,D,S,T,2024-05-17,1000000.00,4.370872,101.505859375
08:00:10,91282CKN0,TSRYS5793018,D,S,D,2024-05-17,1000000.00,4.370546,101.5078125
08:00:10,91282CKN0,TSRYS5793018,D,S,D,2024-05-17,1000000.00,4.370546,101.5078125
08:00:10,91282CKN0,TSRYS5793018,D,S,T,2024-05-17,1000000.00,4.371851,101.5
08:00:10,91282CKN0,TSRYS5793018,D,S,T,2024-05-17,1000000.00,4.371851,101.5
08:00:10,91282CKN0,TSRYS5793018,D,S,T,2024-05-17,1000000.00,4.371851,101.5
08:00:10,91282CKN0,TSRYS5793018,D,S,T,2024-05-17,1000000.00,4.371851,101.5
08:00:10,91282CKN0,TSRYS5793018,D,S,T,2024-05-17,1000000.00,4.371851,101.5
08:00:10,91282CKN0,TSRYS5793018,D,S,D,2024-05-17,1000000.00,4.373156,101.4921875
08:00:10,91282CKN0,TSRYS5793018,D,S,D,2024-05-17,1000000.00,4.373156,101.4921875
08:00:10,91282CKN0,TSRYS5793018,D,S,T,2024-05-17,1000000.00,4.372829,101.494140625
08:00:10,91282CKN0,TSRYS5793018,D,S,T,2024-05-17,1000000.00,4.372829,101.494140625
08:00:10,91282CKN0,TSRYS5793018,D,S,T,2024-05-17,1000000.00,4.372829,101.494140625
08:00:10,91282CKN0,TSRYS5793018,D,S,D,2024-05-17,3000000.00,4.371851,101.5
08:00:10,91282CKN0,TSRYS5793018,D,S,D,2024-05-17,1000000.00,4.371851,101.5
08:00:10,91282CKN0,TSRYS5793018,D,S,T,2024-05-17,1000000.00,4.379682,101.453125
08:00:10,91282CKN0,TSRYS5793018,D,S,T,2024-05-17,1000000.00,4.379682,101.453125
08:00:10,91282CKN0,TSRYS5793018,D,S,D,2024-05-17,1000000.00,4.371851,101.5
08:00:10,91282CKN0,TSRYS5793018,D,S,T,2024-05-17,2000000.00,4.382293,101.4375
08:00:10,91282CKN0,TSRYS5793018,D,S,T,2024-05-17,1000000.00,4.382293,101.4375
08:00:10,91282CKN0,TSRYS5793018,D,S,T,2024-05-17,1000000.00,4.382293,101.4375
08:00:10,91282CKN0,TSRYS5793018,D,S,T,2024-05-17,1000000.00,4.384904,101.421875
08:00:10,91282CKN0,TSRYS5793018,D,S,T,2024-05-17,1000000.00,4.384904,101.421875
08:00:10,91282CKN0,TSRYS5793018,D,S,T,2024-05-17,1000000.00,4.390129,101.390625
08:00:10,91282CKN0,TSRYS5793018,D,S,T,2024-05-17,1000000.00,4.390129,101.390625
08:00:10,91282CKN0,TSRYS5793018,D,S,T,2024-05-17,1000000.00,4.390129,101.390625
08:00:10,91282CKN0,TSRYS5793018,D,S,T,2024-05-17,1000000.00,4.390129,101.390625
08:00:10,91282CKN0,TSRYS5793018,D,S,T,2024-05-17,1000000.00,4.390129,101.390625
08:00:10,91282CKN0,TSRYS5793018,D,S,T,2024-05-17,1000000.00,4.390129,101.390625
08:00:10,91282CKN0,TSRYS5793018,D,S,T,2024-05-17,1000000.00,4.400584,101.328125
08:00:10,91282CKN0,TSRYS5793018,D,S,T,2024-05-17,1000000.00,4.400584,101.328125
08:00:10,91282CKN0,TSRYS5793018,D,S,D,2024-05-17,1000000.00,4.402219,101.318359375
08:00:10,91282CKN0,TSRYS5793018,D,S,T,2024-05-17,1000000.00,4.397643,101.345703125
08:00:11,91282CKN0,TSRYS5793018,D,S,D,2024-05-17,1000000.00,4.371525,101.501953125
08:00:11,91282CKN0,TSRYS5793018,D,S,D,2024-05-17,6000000.00,4.373156,101.4921875
08:00:11,91282CKN0,TSRYS5793018,D,S,D,2024-05-17,1000000.00,4.377397,101.466796875
08:00:11,91282CKN0,TSRYS5793018,D,S,D,2024-05-17,1000000.00,4.379682,101.453125
08:00:11,91282CKN0,TSRYS5793018,D,S,D,2024-05-17,2000000.00,4.382293,101.4375
08:00:11,91282CKN0,TSRYS5793018,D,S,D,2024-05-17,2000000.00,4.382293,101.4375
08:00:11,91282CKN0,TSRYS5793018,D,S,D,2024-05-17,1000000.00,4.382293,101.4375
08:00:11,91282CKN0,TSRYS5793018,D,S,D,2024-05-17,1000000.00,4.382293,101.4375
08:00:12,91282CKN0,TSRYS5793018,D,S,D,2024-05-17,1000000.00,4.371851,101.5
08:00:12,91282CKN0,TSRYS5793018,D,S,D,2024-05-17,1000000.00,4.371851,101.5
08:00:13,91282CKN0,TSRYS5793018,D,S,D,2024-05-17,1000000.00,4.382293,101.4375
08:00:13,91282CKN0,TSRYS5793018,D,S,D,2024-05-17,1000000.00,4.382293,101.4375
08:00:13,91282CKN0,TSRYS5793018,D,S,D,2024-05-17,1000000.00,4.382293,101.4375
08:00:13,91282CKN0,TSRYS5793018,D,S,D,2024-05-17,1000000.00,4.382293,101.4375
08:00:13,91282CKN0,TSRYS5793018,D,S,D,2024-05-17,5000000.00,4.383598,101.4296875
08:00:13,91282CKN0,TSRYS5793018,D,S,D,2024-05-17,2000000.00,4.383598,101.4296875
08:00:13,91282CKN0,TSRYS5793018,D,S,D,2024-05-17,1000000.00,4.383925,101.427734375
08:00:14,91282CKN0,TSRYS5793018,D,S,D,2024-05-17,1000000.00,4.371851,101.5
08:00:14,91282CKN0,TSRYS5793018,D,S,D,2024-05-17,1000000.00,4.371851,101.5
08:00:14,91282CKN0,TSRYS5793018,D,S,D,2024-05-17,1000000.00,4.371851,101.5
08:00:20,91282CKN0,TSRYS5793018,D,S,D,2024-05-17,1000000.00,4.369894,101.51171875
08:00:20,91282CKN0,TSRYS5793018,D,S,D,2024-05-17,1000000.00,4.369894,101.51171875
08:00:20,91282CKN0,TSRYS5793018,D,S,D,2024-05-17,2000000.00,4.37022,101.509765625
08:00:20,91282CKN0,TSRYS5793018,D,S,D,2024-05-17,2000000.00,4.370546,101.5078125
08:00:20,91282CKN0,TSRYS5793018,D,S,D,2024-05-17,2000000.00,4.370546,101.5078125
08:00:20,91282CKN0,TSRYS5793018,D,S,D,2024-05-17,2000000.00,4.370546,101.5078125
08:00:20,91282CKN0,TSRYS5793018,D,S,D,2024-05-17,2000000.00,4.370872,101.505859375
08:00:23,91282CKN0,TSRYS5793018,D,S,T,2024-05-17,2000000.00,4.374461,101.484375
08:00:23,91282CKN0,TSRYS5793018,D,S,T,2024-05-17,1000000.00,4.374461,101.484375
08:00:23,91282CKN0,TSRYS5793018,D,S,T,2024-05-17,1000000.00,4.374461,101.484375
08:00:23,91282CKN0,TSRYS5793018,D,S,T,2024-05-17,1000000.00,4.374461,101.484375
08:00:23,91282CKN0,TSRYS5793018,D,S,T,2024-05-17,1000000.00,4.374461,101.484375
08:00:23,91282CKN0,TSRYS5793018,D,S,T,2024-05-17,1000000.00,4.374461,101.484375
08:00:23,91282CKN0,TSRYS5793018,D,S,T,2024-05-17,2000000.00,4.374461,101.484375
08:00:23,91282CKN0,TSRYS5793018,D,S,T,2024-05-17,1000000.00,4.374461,101.484375
08:00:23,91282CKN0,TSRYS5793018,D,S,T,2024-05-17,1000000.00,4.374461,101.484375
08:00:23,91282CKN0,TSRYS5793018,D,S,T,2024-05-17,3000000.00,4.374461,101.484375
08:00:23,91282CKN0,TSRYS5793018,D,S,T,2024-05-17,1000000.00,4.374461,101.484375
08:00:23,91282CKN0,TSRYS5793018,D,S,T,2024-05-17,2000000.00,4.374461,101.484375
08:00:23,91282CKN0,TSRYS5793018,D,S,T,2024-05-17,1000000.00,4.374461,101.484375
08:00:23,91282CKN0,TSRYS5793018,D,S,T,2024-05-17,1000000.00,4.374461,101.484375
08:00:25,91282CKN0,TSRYS5793018,D,S,D,2024-05-17,1000000.00,4.372829,101.494140625
08:00:26,91282CKN0,TSRYS5793018,D,S,D,2024-05-17,1000000.00,4.376418,101.47265625
08:00:26,91282CKN0,TSRYS5793018,D,S,D,2024-05-17,2000000.00,4.376418,101.47265625
08:00:26,91282CKN0,TSRYS5793018,D,S,D,2024-05-17,2000000.00,4.376092,101.474609375
08:00:26,91282CKN0,TSRYS5793018,D,S,D,2024-05-17,1000000.00,4.375766,101.4765625
08:00:27,91282CKN0,TSRYS5793018,D,S,D,2024-05-17,1000000.00,4.374461,101.484375
08:00:28,91282CKN0,TSRYS5793018,D,S,T,2024-05-17,3000000.00,4.371851,101.5
08:00:28,91282CKN0,TSRYS5793018,D,S,T,2024-05-17,1000000.00,4.371851,101.5
08:00:28,91282CKN0,TSRYS5793018,D,S,T,2024-05-17,1000000.00,4.371851,101.5
08:00:28,91282CKN0,TSRYS5793018,D,S,T,2024-05-17,1000000.00,4.377397,101.466796875
08:00:28,91282CKN0,TSRYS5793018,D,S,T,2024-05-17,2000000.00,4.377071,101.46875
08:00:28,91282CKN0,TSRYS5793018,D,S,T,2024-05-17,1000000.00,4.379682,101.453125
08:00:28,91282CKN0,TSRYS5793018,D,S,T,2024-05-17,3000000.00,4.382293,101.4375
08:00:29,91282CKN0,TSRYS5793018,D,S,T,2024-05-17,2000000.00,4.382293,101.4375
08:00:29,91282CKN0,TSRYS5793018,D,S,T,2024-05-17,2000000.00,4.382293,101.4375
08:00:29,91282CKN0,TSRYS5793018,D,S,T,2024-05-17,1000000.00,4.382293,101.4375
08:00:30,91282CKN0,TSRYS5793018,D,S,T,2024-05-17,1000000.00,4.367937,101.5234375
08:00:30,91282CKN0,TSRYS5793018,D,S,T,2024-05-17,1000000.00,4.369241,101.515625
08:00:30,91282CKN0,TSRYS5793018,D,S,T,2024-05-17,1000000.00,4.371198,101.50390625
08:00:30,91282CKN0,TSRYS5793018,D,S,T,2024-05-17,1000000.00,4.366633,101.53125
08:00:30,91282CKN0,TSRYS5793018,D,S,T,2024-05-17,1000000.00,4.366633,101.53125
08:00:30,91282CKN0,TSRYS5793018,D,S,T,2024-05-17,2000000.00,4.366633,101.53125
08:00:30,91282CKN0,TSRYS5793018,D,S,T,2024-05-17,1000000.00,4.370546,101.5078125
08:00:30,91282CKN0,TSRYS5793018,D,S,T,2024-05-17,2000000.00,4.370872,101.505859375
08:00:30,91282CKN0,TSRYS5793018,D,S,T,2024-05-17,1000000.00,4.370546,101.5078125
08:00:30,91282CKN0,TSRYS5793018,D,S,T,2024-05-17,1000000.00,4.370546,101.5078125
08:00:30,91282CKN0,TSRYS5793018,D,S,T,2024-05-17,2000000.00,4.370546,101.5078125
08:00:30,91282CKN0,TSRYS5793018,D,S,T,2024-05-17,2000000.00,4.370546,101.5078125
08:00:30,91282CKN0,TSRYS5793018,D,S,T,2024-05-17,2000000.00,4.369241,101.515625
08:00:30,91282CKN0,TSRYS5793018,D,S,T,2024-05-17,2000000.00,4.369241,101.515625
08:00:30,91282CKN0,TSRYS5793018,D,S,T,2024-05-17,1000000.00,4.369568,101.513671875
08:00:30,91282CKN0,TSRYS5793018,D,S,T,2024-05-17,2000000.00,4.37022,101.509765625
08:00:30,91282CKN0,TSRYS5793018,D,S,T,2024-05-17,2000000.00,4.37022,101.509765625
08:00:30,91282CKN0,TSRYS5793018,D,S,T,2024-05-17,2000000.00,4.369241,101.515625
08:00:30,91282CKN0,TSRYS5793018,D,S,T,2024-05-17,2000000.00,4.369241,101.515625
08:00:30,91282CKN0,TSRYS5793018,D,S,T,2024-05-17,1000000.00,4.369241,101.515625
08:00:30,91282CKN0,TSRYS5793018,D,S,T,2024-05-17,1000000.00,4.371851,101.5
08:00:30,91282CKN0,TSRYS5793018,D,S,T,2024-05-17,1000000.00,4.371851,101.5
08:00:30,91282CKN0,TSRYS5793018,D,S,T,2024-05-17,1000000.00,4.371851,101.5
08:00:30,91282CKN0,TSRYS5793018,D,S,T,2024-05-17,1000000.00,4.371851,101.5
08:00:30,91282CKN0,TSRYS5793018,D,S,T,2024-05-17,1000000.00,4.371851,101.5
08:00:30,91282CKN0,TSRYS5793018,D,S,T,2024-05-17,2000000.00,4.371851,101.5
08:00:30,91282CKN0,TSRYS5793018,D,S,T,2024-05-17,1000000.00,4.371851,101.5
08:00:30,91282CKN0,TSRYS5793018,D,S,T,2024-05-17,2000000.00,4.373808,101.48828125
08:00:30,91282CKN0,TSRYS5793018,D,S,T,2024-05-17,1000000.00,4.371851,101.5
08:00:30,91282CKN0,TSRYS5793018,D,S,T,2024-05-17,1000000.00,4.371851,101.5
08:00:30,91282CKN0,TSRYS5793018,D,S,T,2024-05-17,1000000.00,4.371851,101.5
08:00:30,91282CKN0,TSRYS5793018,D,S,T,2024-05-17,2000000.00,4.371851,101.5
08:00:30,91282CKN0,TSRYS5793018,D,S,T,2024-05-17,2000000.00,4.372503,101.49609375
08:00:30,91282CKN0,TSRYS5793018,D,S,T,2024-05-17,2000000.00,4.374461,101.484375
08:00:30,91282CKN0,TSRYS5793018,D,S,T,2024-05-17,1000000.00,4.374461,101.484375
08:00:30,91282CKN0,TSRYS5793018,D,S,T,2024-05-17,1000000.00,4.374461,101.484375
08:00:30,91282CKN0,TSRYS5793018,D,S,T,2024-05-17,1000000.00,4.377071,101.46875
08:00:30,91282CKN0,TSRYS5793018,D,S,T,2024-05-17,1000000.00,4.377071,101.46875
08:00:30,91282CKN0,TSRYS5793018,D,S,T,2024-05-17,1000000.00,4.377071,101.46875
08:00:30,91282CKN0,TSRYS5793018,D,S,T,2024-05-17,2000000.00,4.375766,101.4765625
08:00:30,91282CKN0,TSRYS5793018,D,S,T,2024-05-17,3000000.00,4.379029,101.45703125
08:00:30,91282CKN0,TSRYS5793018,D,S,T,2024-05-17,1000000.00,4.379682,101.453125
08:00:30,91282CKN0,TSRYS5793018,D,S,T,2024-05-17,1000000.00,4.374461,101.484375
08:00:30,91282CKN0,TSRYS5793018,D,S,T,2024-05-17,3000000.00,4.375113,101.48046875
08:00:30,91282CKN0,TSRYS5793018,D,S,T,2024-05-17,2000000.00,4.372177,101.498046875
08:00:30,91282CKN0,TSRYS5793018,D,S,T,2024-05-17,1000000.00,4.371851,101.5
08:00:30,91282CKN0,TSRYS5793018,D,S,T,2024-05-17,1000000.00,4.371851,101.5
08:00:30,91282CKN0,TSRYS5793018,D,S,T,2024-05-17,3000000.00,4.371851,101.5
08:00:30,91282CKN0,TSRYS5793018,D,S,T,2024-05-17,1000000.00,4.371851,101.5
08:00:30,91282CKN0,TSRYS5793018,D,S,T,2024-05-17,1000000.00,4.371851,101.5
08:00:30,91282CKN0,TSRYS5793018,D,S,T,2024-05-17,1000000.00,4.371851,101.5
08:00:30,91282CKN0,TSRYS5793018,D,S,T,2024-05-17,1000000.00,4.371851,101.5
08:00:30,91282CKN0,TSRYS5793018,D,S,T,2024-05-17,1000000.00,4.371851,101.5
08:00:30,91282CKN0,TSRYS5793018,D,S,T,2024-05-17,1000000.00,4.370546,101.5078125
08:00:30,91282CKN0,TSRYS5793018,D,S,T,2024-05-17,1000000.00,4.370546,101.5078125
08:00:30,91282CKN0,TSRYS5793018,D,S,T,2024-05-17,1000000.00,4.370546,101.5078125
08:00:30,91282CKN0,TSRYS5793018,D,S,T,2024-05-17,1000000.00,4.370546,101.5078125
08:00:30,91282CKN0,TSRYS5793018,D,S,T,2024-05-17,1000000.00,4.370546,101.5078125
08:00:30,91282CKN0,TSRYS5793018,D,S,T,2024-05-17,1000000.00,4.370546,101.5078125
08:00:30,91282CKN0,TSRYS5793018,D,S,T,2024-05-17,1000000.00,4.370546,101.5078125
08:00:30,91282CKN0,TSRYS5793018,D,S,T,2024-05-17,1000000.00,4.370546,101.5078125
08:00:30,91282CKN0,TSRYS5793018,D,S,T,2024-05-17,2000000.00,4.371198,101.50390625
08:00:30,91282CKN0,TSRYS5793018,D,S,T,2024-05-17,1000000.00,4.370872,101.505859375
08:00:30,91282CKN0,TSRYS5793018,D,S,T,2024-05-17,1000000.00,4.373156,101.4921875
08:00:30,91282CKN0,TSRYS5793018,D,S,T,2024-05-17,1000000.00,4.379682,101.453125
08:00:30,91282CKN0,TSRYS5793018,D,S,T,2024-05-17,1000000.00,4.379682,101.453125
08:00:30,91282CKN0,TSRYS5793018,D,S,T,2024-05-17,2000000.00,4.382619,101.435546875
08:00:30,91282CKN0,TSRYS5793018,D,S,T,2024-05-17,2000000.00,4.382293,101.4375
08:00:30,91282CKN0,TSRYS5793018,D,S,T,2024-05-17,2000000.00,4.382293,101.4375
08:00:30,91282CKN0,TSRYS5793018,D,S,T,2024-05-17,1000000.00,4.382293,101.4375
08:00:30,91282CKN0,TSRYS5793018,D,S,T,2024-05-17,1000000.00,4.382293,101.4375
08:00:30,91282CKN0,TSRYS5793018,D,S,T,2024-05-17,1000000.00,4.384904,101.421875
08:00:30,91282CKN0,TSRYS5793018,D,S,T,2024-05-17,1000000.00,4.384904,101.421875
08:00:30,91282CKN0,TSRYS5793018,D,S,T,2024-05-17,1000000.00,4.390129,101.390625
08:00:30,91282CKN0,TSRYS5793018,D,S,T,2024-05-17,1000000.00,4.387517,101.40625
08:00:30,91282CKN0,TSRYS5793018,D,S,T,2024-05-17,1000000.00,4.387517,101.40625
08:00:30,91282CKN0,TSRYS5793018,D,S,T,2024-05-17,1000000.00,4.387517,101.40625
08:00:30,91282CKN0,TSRYS5793018,D,S,T,2024-05-17,1000000.00,4.390129,101.390625
08:00:30,91282CKN0,TSRYS5793018,D,S,T,2024-05-17,1000000.00,4.390129,101.390625
08:00:30,91282CKN0,TSRYS5793018,D,S,T,2024-05-17,1000000.00,4.390129,101.390625
08:00:30,91282CKN0,TSRYS5793018,D,S,T,2024-05-17,1000000.00,4.390129,101.390625
08:00:30,91282CKN0,TSRYS5793018,D,S,T,2024-05-17,1000000.00,4.390129,101.390625
08:00:30,91282CKN0,TSRYS5793018,D,S,T,2024-05-17,1000000.00,4.390129,101.390625
08:00:30,91282CKN0,TSRYS5793018,D,S,T,2024-05-17,1000000.00,4.390129,101.390625
08:00:30,91282CKN0,TSRYS5793018,D,S,D,2024-05-17,3000000.00,4.391436,101.3828125
08:00:30,91282CKN0,TSRYS5793018,D,S,T,2024-05-17,1000000.00,4.390129,101.390625
08:00:30,91282CKN0,TSRYS5793018,D,S,T,2024-05-17,1000000.00,4.390129,101.390625
08:00:30,91282CKN0,TSRYS5793018,D,S,T,2024-05-17,1000000.00,4.390129,101.390625
08:00:30,91282CKN0,TSRYS5793018,D,S,T,2024-05-17,1000000.00,4.390129,101.390625
08:00:30,91282CKN0,TSRYS5793018,D,S,T,2024-05-17,1000000.00,4.390129,101.390625
08:00:30,91282CKN0,TSRYS5793018,D,S,T,2024-05-17,1000000.00,4.390129,101.390625
08:00:30,91282CKN0,TSRYS5793018,D,S,T,2024-05-17,1000000.00,4.389476,101.39453125
08:00:30,91282CKN0,TSRYS5793018,D,S,T,2024-05-17,1000000.00,4.390129,101.390625
08:00:30,91282CKN0,TSRYS5793018,D,S,T,2024-05-17,1000000.00,4.390129,101.390625
08:00:30,91282CKN0,TSRYS5793018,D,S,T,2024-05-17,1000000.00,4.390129,101.390625
08:00:30,91282CKN0,TSRYS5793018,D,S,T,2024-05-17,1000000.00,4.390129,101.390625
08:00:30,91282CKN0,TSRYS5793018,D,S,T,2024-05-17,1000000.00,4.390129,101.390625
08:00:30,91282CKN0,TSRYS5793018,D,S,T,2024-05-17,1000000.00,4.390129,101.390625
08:00:30,91282CKN0,TSRYS5793018,D,S,T,2024-05-17,1000000.00,4.390129,101.390625
08:00:30,91282CKN0,TSRYS5793018,D,S,T,2024-05-17,1000000.00,4.390129,101.390625
08:00:30,91282CKN0,TSRYS5793018,D,S,T,2024-05-17,1000000.00,4.392742,101.375
08:00:30,91282CKN0,TSRYS5793018,D,S,T,2024-05-17,1000000.00,4.392742,101.375
08:00:30,91282CKN0,TSRYS5793018,D,S,T,2024-05-17,1000000.00,4.392742,101.375
08:00:30,91282CKN0,TSRYS5793018,D,S,T,2024-05-17,1000000.00,4.395356,101.359375
08:00:30,91282CKN0,TSRYS5793018,D,S,T,2024-05-17,1000000.00,4.395356,101.359375
08:00:30,91282CKN0,TSRYS5793018,D,S,T,2024-05-17,1000000.00,4.395356,101.359375
08:00:30,91282CKN0,TSRYS5793018,D,S,T,2024-05-17,1000000.00,4.395356,101.359375
08:00:30,91282CKN0,TSRYS5793018,D,S,T,2024-05-17,1000000.00,4.395356,101.359375
08:00:30,91282CKN0,TSRYS5793018,D,S,T,2024-05-17,1000000.00,4.395356,101.359375
08:00:30,91282CKN0,TSRYS5793018,D,S,T,2024-05-17,1000000.00,4.395356,101.359375
08:00:30,91282CKN0,TSRYS5793018,D,S,T,2024-05-17,1000000.00,4.395356,101.359375
08:00:30,91282CKN0,TSRYS5793018,D,S,T,2024-05-17,1000000.00,4.396663,101.3515625
08:00:30,91282CKN0,TSRYS5793018,D,S,T,2024-05-17,1000000.00,4.396663,101.3515625
08:00:30,91282CKN0,TSRYS5793018,D,S,T,2024-05-17,2000000.00,4.396663,101.3515625
08:00:30,91282CKN0,TSRYS5793018,D,S,T,2024-05-17,1000000.00,4.395356,101.359375
08:00:30,91282CKN0,TSRYS5793018,D,S,T,2024-05-17,2000000.00,4.395356,101.359375
08:00:30,91282CKN0,TSRYS5793018,D,S,T,2024-05-17,1000000.00,4.395356,101.359375
08:00:30,91282CKN0,TSRYS5793018,D,S,T,2024-05-17,1000000.00,4.395356,101.359375
08:00:30,91282CKN0,TSRYS5793018,D,S,T,2024-05-17,1000000.00,4.395356,101.359375
08:00:30,91282CKN0,TSRYS5793018,D,S,T,2024-05-17,1000000.00,4.395356,101.359375
08:00:30,91282CKN0,TSRYS5793018,D,S,T,2024-05-17,1000000.00,4.395356,101.359375
08:00:30,91282CKN0,TSRYS5793018,D,S,T,2024-05-17,1000000.00,4.395356,101.359375
08:00:34,91282CKN0,TSRYS5793018,D,S,T,2024-05-17,1000000.00,4.400584,101.328125
08:00:34,91282CKN0,TSRYS5793018,D,S,T,2024-05-17,1000000.00,4.399277,101.3359375
08:00:34,91282CKN0,TSRYS5793018,D,S,T,2024-05-17,1000000.00,4.399277,101.3359375
08:00:34,91282CKN0,TSRYS5793018,D,S,T,2024-05-17,1000000.00,4.399277,101.3359375
08:00:34,91282CKN0,TSRYS5793018,D,S,T,2024-05-17,1000000.00,4.400584,101.328125
08:00:34,91282CKN0,TSRYS5793018,D,S,T,2024-05-17,1000000.00,4.400584,101.328125
08:00:34,91282CKN0,TSRYS5793018,D,S,T,2024-05-17,1000000.00,4.401892,101.3203125
08:00:34,91282CKN0,TSRYS5793018,D,S,T,2024-05-17,1000000.00,4.400584,101.328125
08:00:34,91282CKN0,TSRYS5793018,D,S,T,2024-05-17,2000000.00,4.401892,101.3203125
08:00:34,91282CKN0,TSRYS5793018,D,S,T,2024-05-17,2000000.00,4.401892,101.3203125
08:00:34,91282CKN0,TSRYS5793018,D,S,T,2024-05-17,1000000.00,4.401892,101.3203125
08:00:34,91282CKN0,TSRYS5793018,D,S,T,2024-05-17,1000000.00,4.401892,101.3203125
08:00:34,91282CKN0,TSRYS5793018,D,S,D,2024-05-17,2000000.00,4.370546,101.5078125
08:00:34,91282CKN0,TSRYS5793018,D,S,D,2024-05-17,1000000.00,4.370546,101.5078125
08:00:34,91282CKN0,TSRYS5793018,D,S,D,2024-05-17,1000000.00,4.370546,101.5078125
08:00:34,91282CKN0,TSRYS5793018,D,S,D,2024-05-17,1000000.00,4.370546,101.5078125
08:00:34,91282CKN0,TSRYS5793018,D,S,D,2024-05-17,1000000.00,4.370546,101.5078125
08:00:34,91282CKN0,TSRYS5793018,D,S,D,2024-05-17,1000000.00,4.370546,101.5078125
08:00:34,91282CKN0,TSRYS5793018,D,S,D,2024-05-17,1000000.00,4.372829,101.494140625
08:00:34,91282CKN0,TSRYS5793018,D,S,D,2024-05-17,2000000.00,4.376418,101.47265625
08:00:34,91282CKN0,TSRYS5793018,D,S,D,2024-05-17,1000000.00,4.375766,101.4765625
08:00:34,91282CKN0,TSRYS5793018,D,S,D,2024-05-17,2000000.00,4.376092,101.474609375
08:00:34,91282CKN0,TSRYS5793018,D,S,D,2024-05-17,1000000.00,4.381966,101.439453125
08:00:34,91282CKN0,TSRYS5793018,D,S,D,2024-05-17,1000000.00,4.382619,101.435546875
08:00:34,91282CKN0,TSRYS5793018,D,S,D,2024-05-17,1000000.00,4.383925,101.427734375
08:00:34,91282CKN0,TSRYS5793018,D,S,D,2024-05-17,1000000.00,4.383925,101.427734375
08:00:34,91282CKN0,TSRYS5793018,D,S,D,2024-05-17,2000000.00,4.396663,101.3515625
08:00:34,91282CKN0,TSRYS5793018,D,S,D,2024-05-17,2000000.00,4.399277,101.3359375
08:00:34,91282CKN0,TSRYS5793018,D,S,D,2024-05-17,2000000.00,4.401892,101.3203125
08:00:34,91282CKN0,TSRYS5793018,D,S,D,2024-05-17,1000000.00,4.370546,101.5078125
08:00:34,91282CKN0,TSRYS5793018,D,S,D,2024-05-17,1000000.00,4.370546,101.5078125
08:00:34,91282CKN0,TSRYS5793018,D,S,D,2024-05-17,1000000.00,4.370546,101.5078125
08:00:34,91282CKN0,TSRYS5793018,D,S,D,2024-05-17,1000000.00,4.370546,101.5078125
08:00:34,91282CKN0,TSRYS5793018,D,S,D,2024-05-17,1000000.00,4.370546,101.5078125
08:00:34,91282CKN0,TSRYS5793018,D,S,D,2024-05-17,1000000.00,4.370546,101.5078125
08:00:34,91282CKN0,TSRYS5793018,D,S,D,2024-05-17,1000000.00,4.370546,101.5078125
08:00:34,91282CKN0,TSRYS5793018,D,S,D,2024-05-17,1000000.00,4.370546,101.5078125
08:00:34,91282CKN0,TSRYS5793018,D,S,D,2024-05-17,1000000.00,4.370546,101.5078125
08:00:34,91282CKN0,TSRYS5793018,D,S,D,2024-05-17,1000000.00,4.370546,101.5078125
08:00:34,91282CKN0,TSRYS5793018,D,S,D,2024-05-17,1000000.00,4.370546,101.5078125
08:00:34,91282CKN0,TSRYS5793018,D,S,D,2024-05-17,1000000.00,4.370546,101.5078125
08:00:34,91282CKN0,TSRYS5793018,D,S,D,2024-05-17,1000000.00,4.384904,101.421875
08:00:34,91282CKN0,TSRYS5793018,D,S,D,2024-05-17,1000000.00,4.396989,101.349609375
08:00:34,91282CKN0,TSRYS5793018,D,S,D,2024-05-17,1000000.00,4.403199,101.3125
08:00:34,91282CKN0,TSRYS5793018,D,S,T,2024-05-17,1000000.00,4.368263,101.521484375
08:00:34,91282CKN0,TSRYS5793018,D,S,T,2024-05-17,1000000.00,4.370546,101.5078125
08:00:34,91282CKN0,TSRYS5793018,D,S,T,2024-05-17,2000000.00,4.370872,101.505859375
08:00:34,91282CKN0,TSRYS5793018,D,S,T,2024-05-17,1000000.00,4.370546,101.5078125
08:00:34,91282CKN0,TSRYS5793018,D,S,T,2024-05-17,1000000.00,4.370546,101.5078125
08:00:34,91282CKN0,TSRYS5793018,D,S,T,2024-05-17,1000000.00,4.37022,101.509765625
08:00:34,91282CKN0,TSRYS5793018,D,S,T,2024-05-17,1000000.00,4.37022,101.509765625
08:00:34,91282CKN0,TSRYS5793018,D,S,T,2024-05-17,1000000.00,4.370872,101.505859375
08:00:34,91282CKN0,TSRYS5793018,D,S,T,2024-05-17,2000000.00,4.370872,101.505859375
08:00:34,91282CKN0,TSRYS5793018,D,S,T,2024-05-17,1000000.00,4.370546,101.5078125
08:00:34,91282CKN0,TSRYS5793018,D,S,T,2024-05-17,1000000.00,4.370546,101.5078125
08:00:34,91282CKN0,TSRYS5793018,D,S,T,2024-05-17,1000000.00,4.370546,101.5078125
08:00:34,91282CKN0,TSRYS5793018,D,S,T,2024-05-17,1000000.00,4.370546,101.5078125
08:00:34,91282CKN0,TSRYS5793018,D,S,T,2024-05-17,1000000.00,4.370546,101.5078125
08:00:34,91282CKN0,TSRYS5793018,D,S,T,2024-05-17,2000000.00,4.369894,101.51171875
08:00:34,91282CKN0,TSRYS5793018,D,S,T,2024-05-17,1000000.00,4.369894,101.51171875
08:00:34,91282CKN0,TSRYS5793018,D,S,T,2024-05-17,2000000.00,4.369568,101.513671875
08:00:34,91282CKN0,TSRYS5793018,D,S,T,2024-05-17,1000000.00,4.369894,101.51171875
08:00:34,91282CKN0,TSRYS5793018,D,S,T,2024-05-17,2000000.00,4.369894,101.51171875
08:00:34,91282CKN0,TSRYS5793018,D,S,T,2024-05-17,1000000.00,4.370546,101.5078125
08:00:34,91282CKN0,TSRYS5793018,D,S,T,2024-05-17,1000000.00,4.370546,101.5078125
08:00:34,91282CKN0,TSRYS5793018,D,S,T,2024-05-17,1000000.00,4.370546,101.5078125
08:00:34,91282CKN0,TSRYS5793018,D,S,T,2024-05-17,1000000.00,4.370546,101.5078125
08:00:34,91282CKN0,TSRYS5793018,D,S,T,2024-05-17,1000000.00,4.370546,101.5078125
08:00:34,91282CKN0,TSRYS5793018,D,S,T,2024-05-17,1000000.00,4.370546,101.5078125
08:00:34,91282CKN0,TSRYS5793018,D,S,T,2024-05-17,1000000.00,4.368915,101.517578125
08:00:34,91282CKN0,TSRYS5793018,D,S,T,2024-05-17,1000000.00,4.372503,101.49609375
08:00:34,91282CKN0,TSRYS5793018,D,S,T,2024-05-17,1000000.00,4.373156,101.4921875
08:00:34,91282CKN0,TSRYS5793018,D,S,T,2024-05-17,2000000.00,4.376092,101.474609375
08:00:34,91282CKN0,TSRYS5793018,D,S,T,2024-05-17,1000000.00,4.376092,101.474609375
08:00:34,91282CKN0,TSRYS5793018,D,S,T,2024-05-17,2000000.00,4.376092,101.474609375
08:00:34,91282CKN0,TSRYS5793018,D,S,T,2024-05-17,2000000.00,4.376418,101.47265625
08:00:34,91282CKN0,TSRYS5793018,D,S,T,2024-05-17,2000000.00,4.376418,101.47265625
08:00:34,91282CKN0,TSRYS5793018,D,S,T,2024-05-17,2000000.00,4.375766,101.4765625
08:00:34,91282CKN0,TSRYS5793018,D,S,T,2024-05-17,1000000.00,4.375439,101.478515625
08:00:34,91282CKN0,TSRYS5793018,D,S,T,2024-05-17,2000000.00,4.373808,101.48828125
08:00:34,91282CKN0,TSRYS5793018,D,S,T,2024-05-17,1000000.00,4.373808,101.48828125
08:00:34,91282CKN0,TSRYS5793018,D,S,T,2024-05-17,1000000.00,4.373482,101.490234375
08:00:34,91282CKN0,TSRYS5793018,D,S,T,2024-05-17,1000000.00,4.372503,101.49609375
08:00:34,91282CKN0,TSRYS5793018,D,S,T,2024-05-17,1000000.00,4.373156,101.4921875
08:00:34,91282CKN0,TSRYS5793018,D,S,T,2024-05-17,2000000.00,4.373156,101.4921875
08:00:34,91282CKN0,TSRYS5793018,D,S,T,2024-05-17,2000000.00,4.373156,101.4921875
08:00:34,91282CKN0,TSRYS5793018,D,S,T,2024-05-17,1000000.00,4.370546,101.5078125
08:00:34,91282CKN0,TSRYS5793018,D,S,T,2024-05-17,1000000.00,4.370546,101.5078125
08:00:34,91282CKN0,TSRYS5793018,D,S,T,2024-05-17,2000000.00,4.370546,101.5078125
08:00:34,91282CKN0,TSRYS5793018,D,S,T,2024-05-17,2000000.00,4.370546,101.5078125
08:00:34,91282CKN0,TSRYS5793018,D,S,T,2024-05-17,1000000.00,4.370546,101.5078125
08:00:34,91282CKN0,TSRYS5793018,D,S,T,2024-05-17,1000000.00,4.370546,101.5078125
08:00:34,91282CKN0,TSRYS5793018,D,S,T,2024-05-17,1000000.00,4.370546,101.5078125
08:00:34,91282CKN0,TSRYS5793018,D,S,T,2024-05-17,1000000.00,4.370546,101.5078125
08:00:34,91282CKN0,TSRYS5793018,D,S,T,2024-05-17,1000000.00,4.373156,101.4921875
08:00:34,91282CKN0,TSRYS5793018,D,S,T,2024-05-17,1000000.00,4.373156,101.4921875
08:00:34,91282CKN0,TSRYS5793018,D,S,T,2024-05-17,2000000.00,4.373156,101.4921875
08:00:34,91282CKN0,TSRYS5793018,D,S,T,2024-05-17,2000000.00,4.373156,101.4921875
08:00:34,91282CKN0,TSRYS5793018,D,S,T,2024-05-17,1000000.00,4.373156,101.4921875
08:00:34,91282CKN0,TSRYS5793018,D,S,T,2024-05-17,1000000.00,4.373156,101.4921875
08:00:34,91282CKN0,TSRYS5793018,D,S,T,2024-05-17,1000000.00,4.373156,101.4921875
08:00:34,91282CKN0,TSRYS5793018,D,S,T,2024-05-17,1000000.00,4.373156,101.4921875
08:00:34,91282CKN0,TSRYS5793018,D,S,T,2024-05-17,1000000.00,4.373156,101.4921875
08:00:34,91282CKN0,TSRYS5793018,D,S,T,2024-05-17,2000000.00,4.382619,101.435546875
08:00:34,91282CKN0,TSRYS5793018,D,S,T,2024-05-17,1000000.00,4.382619,101.435546875
08:00:34,91282CKN0,TSRYS5793018,D,S,T,2024-05-17,2000000.00,4.381966,101.439453125
08:00:34,91282CKN0,TSRYS5793018,D,S,T,2024-05-17,1000000.00,4.382619,101.435546875
08:00:34,91282CKN0,TSRYS5793018,D,S,T,2024-05-17,1000000.00,4.383925,101.427734375
08:00:34,91282CKN0,TSRYS5793018,D,S,T,2024-05-17,1000000.00,4.383272,101.431640625
08:00:34,91282CKN0,TSRYS5793018,D,S,T,2024-05-17,1000000.00,4.382946,101.43359375
08:00:34,91282CKN0,TSRYS5793018,D,S,T,2024-05-17,1000000.00,4.382293,101.4375
08:00:34,91282CKN0,TSRYS5793018,D,S,T,2024-05-17,1000000.00,4.386863,101.41015625
08:00:34,91282CKN0,TSRYS5793018,D,S,T,2024-05-17,3000000.00,4.392089,101.37890625
08:00:34,91282CKN0,TSRYS5793018,D,S,D,2024-05-17,1000000.00,4.394702,101.36328125
08:00:34,91282CKN0,TSRYS5793018,D,S,T,2024-05-17,2000000.00,4.396663,101.3515625
08:00:34,91282CKN0,TSRYS5793018,D,S,T,2024-05-17,2000000.00,4.396663,101.3515625
08:00:34,91282CKN0,TSRYS5793018,D,S,D,2024-05-17,1000000.00,4.396989,101.349609375
08:00:34,91282CKN0,TSRYS5793018,D,S,T,2024-05-17,2000000.00,4.399277,101.3359375
08:00:34,91282CKN0,TSRYS5793018,D,S,T,2024-05-17,2000000.00,4.399277,101.3359375
08:00:34,91282CKN0,TSRYS5793018,D,S,T,2024-05-17,2000000.00,4.401892,101.3203125
08:00:34,91282CKN0,TSRYS5793018,D,S,T,2024-05-17,2000000.00,4.401892,101.3203125
08:00:34,91282CKN0,TSRYS5793018,D,S,D,2024-05-17,1000000.00,4.401892,101.3203125
08:00:34,91282CKN0,TSRYS5793018,D,S,T,2024-05-17,1000000.00,4.390129,101.390625
08:00:34,91282CKN0,TSRYS5793018,D,S,T,2024-05-17,1000000.00,4.390129,101.390625
08:00:34,91282CKN0,TSRYS5793018,D,S,T,2024-05-17,1000000.00,4.395356,101.359375
08:00:34,91282CKN0,TSRYS5793018,D,S,T,2024-05-17,1000000.00,4.400584,101.328125
08:00:34,91282CKN0,TSRYS5793018,D,S,T,2024-05-17,1000000.00,4.372503,101.49609375
08:00:34,91282CKN0,TSRYS5793018,D,B,C,2024-05-17,5000000.00,4.390129,101.390625
08:00:34,91282CKN0,TSRYS5793018,D,S,T,2024-05-17,1000000.00,4.390129,101.390625
08:00:34,91282CKN0,TSRYS5793018,D,S,T,2024-05-17,1000000.00,4.390129,101.390625
08:00:34,91282CKN0,TSRYS5793018,D,S,T,2024-05-17,1000000.00,4.390129,101.390625
08:00:34,91282CKN0,TSRYS5793018,D,S,T,2024-05-17,1000000.00,4.390129,101.390625
08:00:34,91282CKN0,TSRYS5793018,D,S,T,2024-05-17,1000000.00,4.390782,101.38671875
08:00:34,91282CKN0,TSRYS5793018,D,S,T,2024-05-17,1000000.00,4.390782,101.38671875
08:00:34,91282CKN0,TSRYS5793018,D,S,T,2024-05-17,1000000.00,4.400584,101.328125
08:00:34,91282CKN0,TSRYS5793018,D,S,T,2024-05-17,1000000.00,4.382293,101.4375
08:00:34,91282CKN0,TSRYS5793018,D,S,T,2024-05-17,1000000.00,4.382293,101.4375
08:00:34,91282CKN0,TSRYS5793018,D,S,T,2024-05-17,1000000.00,4.382293,101.4375
08:00:34,91282CKN0,TSRYS5793018,D,S,T,2024-05-17,1000000.00,4.382293,101.4375
08:00:34,91282CKN0,TSRYS5793018,D,S,T,2024-05-17,1000000.00,4.382293,101.4375
08:00:34,91282CKN0,TSRYS5793018,D,S,T,2024-05-17,2000000.00,4.383598,101.4296875
08:00:34,91282CKN0,TSRYS5793018,D,S,T,2024-05-17,1000000.00,4.384904,101.421875
08:00:34,91282CKN0,TSRYS5793018,D,S,T,2024-05-17,1000000.00,4.384904,101.421875
08:00:34,91282CKN0,TSRYS5793018,D,S,D,2024-05-17,1000000.00,4.381966,101.439453125
08:00:34,91282CKN0,TSRYS5793018,D,S,T,2024-05-17,1000000.00,4.369894,101.51171875
08:00:34,91282CKN0,TSRYS5793018,D,S,T,2024-05-17,2000000.00,4.372503,101.49609375
08:00:34,91282CKN0,TSRYS5793018,D,S,T,2024-05-17,1000000.00,4.369894,101.51171875
08:00:34,91282CKN0,TSRYS5793018,D,S,T,2024-05-17,1000000.00,4.369241,101.515625
08:00:34,91282CKN0,TSRYS5793018,D,S,T,2024-05-17,1000000.00,4.369241,101.515625
08:00:34,91282CKN0,TSRYS5793018,D,S,T,2024-05-17,1000000.00,4.369894,101.51171875
08:00:34,91282CKN0,TSRYS5793018,D,S,T,2024-05-17,1000000.00,4.369894,101.51171875
08:00:34,91282CKN0,TSRYS5793018,D,S,T,2024-05-17,1000000.00,4.369894,101.51171875
08:00:34,91282CKN0,TSRYS5793018,D,S,T,2024-05-17,1000000.00,4.369894,101.51171875
08:00:34,91282CKN0,TSRYS5793018,D,S,T,2024-05-17,1000000.00,4.369894,101.51171875
08:00:34,91282CKN0,TSRYS5793018,D,S,T,2024-05-17,1000000.00,4.367285,101.52734375
08:00:34,91282CKN0,TSRYS5793018,D,S,T,2024-05-17,1000000.00,4.367285,101.52734375
08:00:34,91282CKN0,TSRYS5793018,D,S,T,2024-05-17,1000000.00,4.367285,101.52734375
08:00:34,91282CKN0,TSRYS5793018,D,S,T,2024-05-17,1000000.00,4.372503,101.49609375
08:00:34,91282CKN0,TSRYS5793018,D,S,T,2024-05-17,1000000.00,4.371851,101.5
08:00:34,91282CKN0,TSRYS5793018,D,S,T,2024-05-17,1000000.00,4.372503,101.49609375
08:00:34,91282CKN0,TSRYS5793018,D,S,T,2024-05-17,1000000.00,4.379682,101.453125
08:00:34,91282CKN0,TSRYS5793018,D,S,T,2024-05-17,1000000.00,4.375766,101.4765625
08:00:34,91282CKN0,TSRYS5793018,D,S,T,2024-05-17,1000000.00,4.374461,101.484375
08:00:34,91282CKN0,TSRYS5793018,D,S,D,2024-05-17,1000000.00,4.374461,101.484375
08:00:34,91282CKN0,TSRYS5793018,D,S,T,2024-05-17,1000000.00,4.372503,101.49609375
08:00:34,91282CKN0,TSRYS5793018,D,S,T,2024-05-17,1000000.00,4.372503,101.49609375
08:00:34,91282CKN0,TSRYS5793018,D,S,T,2024-05-17,1000000.00,4.372503,101.49609375
08:00:34,91282CKN0,TSRYS5793018,D,S,T,2024-05-17,1000000.00,4.372503,101.49609375
08:00:34,91282CKN0,TSRYS5793018,D,S,T,2024-05-17,1000000.00,4.372503,101.49609375
08:00:34,91282CKN0,TSRYS5793018,D,S,T,2024-05-17,1000000.00,4.372503,101.49609375
08:00:34,91282CKN0,TSRYS5793018,D,S,T,2024-05-17,1000000.00,4.372503,101.49609375
08:00:34,91282CKN0,TSRYS5793018,D,S,T,2024-05-17,1000000.00,4.372503,101.49609375
08:00:34,91282CKN0,TSRYS5793018,D,S,T,2024-05-17,1000000.00,4.373156,101.4921875
08:00:34,91282CKN0,TSRYS5793018,D,S,T,2024-05-17,1000000.00,4.372503,101.49609375
08:00:34,91282CKN0,TSRYS5793018,D,S,T,2024-05-17,2000000.00,4.372503,101.49609375
08:00:34,91282CKN0,TSRYS5793018,D,S,T,2024-05-17,1000000.00,4.369894,101.51171875
08:00:34,91282CKN0,TSRYS5793018,D,S,T,2024-05-17,1000000.00,4.369894,101.51171875
08:00:34,91282CKN0,TSRYS5793018,D,S,T,2024-05-17,1000000.00,4.369894,101.51171875
08:00:34,91282CKN0,TSRYS5793018,D,S,T,2024-05-17,1000000.00,4.369894,101.51171875
08:00:34,91282CKN0,TSRYS5793018,D,S,T,2024-05-17,1000000.00,4.369894,101.51171875
08:00:34,91282CKN0,TSRYS5793018,D,S,T,2024-05-17,1000000.00,4.369894,101.51171875
08:00:34,91282CKN0,TSRYS5793018,D,S,T,2024-05-17,2000000.00,4.377071,101.46875
08:00:34,91282CKN0,TSRYS5793018,D,S,T,2024-05-17,1000000.00,4.379682,101.453125
08:00:34,91282CKN0,TSRYS5793018,D,S,T,2024-05-17,1000000.00,4.379682,101.453125
08:00:34,91282CKN0,TSRYS5793018,D,S,T,2024-05-17,1000000.00,4.379682,101.453125
08:00:34,91282CKN0,TSRYS5793018,D,S,T,2024-05-17,1000000.00,4.377071,101.46875
08:00:34,91282CKN0,TSRYS5793018,D,S,T,2024-05-17,1000000.00,4.377071,101.46875
08:00:34,91282CKN0,TSRYS5793018,D,S,T,2024-05-17,1000000.00,4.382293,101.4375
08:00:34,91282CKN0,TSRYS5793018,D,S,T,2024-05-17,1000000.00,4.382293,101.4375
08:00:38,91282CKN0,TSRYS5793018,D,S,T,2024-05-17,1000000.00,4.383598,101.4296875
08:00:38,91282CKN0,TSRYS5793018,D,S,T,2024-05-17,1000000.00,4.389476,101.39453125
08:00:38,91282CKN0,TSRYS5793018,D,S,T,2024-05-17,1000000.00,4.389476,101.39453125
08:00:38,91282CKN0,TSRYS5793018,D,S,T,2024-05-17,1000000.00,4.392089,101.37890625
08:00:38,91282CKN0,TSRYS5793018,D,B,A,2024-05-17,192000.00,4.38817,101.40234375
08:00:38,91282CKN0,TSRYS5793018,D,S,T,2024-05-17,1000000.00,4.392089,101.37890625
08:00:38,91282CKN0,TSRYS5793018,D,S,T,2024-05-17,1000000.00,4.392089,101.37890625
08:00:38,91282CKN0,TSRYS5793018,D,S,T,2024-05-17,1000000.00,4.390129,101.390625
08:00:38,91282CKN0,TSRYS5793018,D,B,C,2024-05-17,850000.00,4.391723,101.3828125
08:00:38,91282CKN0,TSRYS5793018,D,B,C,2024-05-17,56000000.00,4.376069,101.4747449
08:00:38,91282CKN0,TSRYS5793018,D,S,T,2024-05-17,1000000.00,4.399277,101.3359375
08:00:38,91282CKN0,TSRYS5793018,D,S,T,2024-05-17,1000000.00,4.401892,101.3203125
08:00:38,91282CKN0,TSRYS5793018,D,B,C,2024-05-17,80000.00,4.402169,101.3203125
08:00:38,91282CKN0,TSRYS5793018,D,S,D,2024-05-17,1000000.00,4.382619,101.435546875
08:00:38,91282CKN0,TSRYS5793018,D,S,D,2024-05-17,1000000.00,4.382619,101.435546875
08:00:38,91282CKN0,TSRYS5793018,D,S,D,2024-05-17,2050000.00,4.400584,101.328125
08:00:38,91282CKN0,TSRYS5793018,D,B,C,2024-05-17,2050000.00,4.400584,101.328125
08:00:38,91282CKN0,TSRYS5793018,D,S,D,2024-05-17,1000000.00,4.383925,101.427734375
08:00:38,91282CKN0,TSRYS5793018,D,S,D,2024-05-17,1000000.00,4.383925,101.427734375
08:00:38,91282CKN0,TSRYS5793018,D,S,D,2024-05-17,2000000.00,4.383272,101.431640625
08:00:38,91282CKN0,TSRYS5793018,D,B,A,2024-05-17,1000000.00,4.382293,101.4375
08:00:38,91282CKN0,TSRYS5793018,D,S,D,2024-05-17,2000000.00,4.390782,101.38671875
08:00:39,91282CKN0,TSRYS5793018,D,B,A,2024-05-17,1000000.00,4.382293,101.4375
08:00:40,91282CKN0,TSRYS5793018,D,S,D,2024-05-17,2000000.00,4.396663,101.3515625
08:00:41,91282CKN0,TSRYS5793018,D,S,D,2024-05-17,1000000.00,4.400257,101.330078125
08:00:41,91282CKN0,TSRYS5793018,D,S,D,2024-05-17,2000000.00,4.399277,101.3359375
08:00:42,91282CKN0,TSRYS5793018,D,S,D,2024-05-17,2000000.00,4.401892,101.3203125
08:00:42,91282CKN0,TSRYS5793018,D,S,T,2024-05-17,1000000.00,4.400257,101.330078125
08:00:42,91282CKN0,TSRYS5793018,D,S,T,2024-05-17,1000000.00,4.400257,101.330078125
08:00:43,91282CKN0,TSRYS5793018,D,S,D,2024-05-17,1000000.00,4.400257,101.330078125
08:00:44,91282CKN0,TSRYS5793018,D,S,D,2024-05-17,25000000.00,4.389543,101.39413125
08:00:46,91282CKN0,TSRYS5793018,D,S,T,2024-05-17,1000000.00,4.390782,101.38671875
08:00:46,91282CKN0,TSRYS5793018,D,S,T,2024-05-17,1000000.00,4.390129,101.390625
08:00:46,91282CKN0,TSRYS5793018,D,S,T,2024-05-17,1000000.00,4.390129,101.390625
08:00:46,91282CKN0,TSRYS5793018,D,S,T,2024-05-17,1000000.00,4.390456,101.388671875
08:00:47,91282CKN0,TSRYS5793018,D,B,C,2024-05-17,25000000.00,4.389543,101.39413125
08:00:51,91282CKN0,TSRYS5793018,D,S,T,2024-05-17,1000000.00,4.390782,101.38671875
08:00:51,91282CKN0,TSRYS5793018,D,S,D,2024-05-17,2000000.00,4.390782,101.38671875
08:00:52,91282CKN0,TSRYS5793018,D,S,D,2024-05-17,1000000.00,4.390129,101.390625
08:00:52,91282CKN0,TSRYS5793018,D,S,D,2024-05-17,1000000.00,4.390129,101.390625
08:00:52,91282CKN0,TSRYS5793018,D,S,T,2024-05-17,1000000.00,4.390129,101.390625
08:00:52,91282CKN0,TSRYS5793018,D,S,T,2024-05-17,1000000.00,4.390456,101.388671875
08:00:52,91282CKN0,TSRYS5793018,D,S,T,2024-05-17,1000000.00,4.391436,101.3828125
08:00:52,91282CKN0,TSRYS5793018,D,S,T,2024-05-17,2000000.00,4.391436,101.3828125
08:00:52,91282CKN0,TSRYS5793018,D,S,T,2024-05-17,1000000.00,4.391436,101.3828125
08:00:52,91282CKN0,TSRYS5793018,D,S,D,2024-05-17,1000000.00,4.389476,101.39453125
08:00:52,91282CKN0,TSRYS5793018,D,S,T,2024-05-17,1000000.00,4.390129,101.390625
08:00:52,91282CKN0,TSRYS5793018,D,S,T,2024-05-17,8000000.00,4.390129,101.390625
08:00:53,91282CKN0,TSRYS5793018,D,S,T,2024-05-17,1000000.00,4.400584,101.328125
08:00:58,91282CKN0,TSRYS5793018,D,S,T,2024-05-17,1000000.00,4.400584,101.328125
08:00:58,91282CKN0,TSRYS5793018,D,B,A,2024-05-17,90000.00,4.396009,101.35546875
08:00:58,91282CKN0,TSRYS5793018,D,S,T,2024-05-17,1000000.00,4.400584,101.328125
08:00:58,91282CKN0,TSRYS5793018,D,S,T,2024-05-17,1000000.00,4.400584,101.328125
08:00:58,91282CKN0,TSRYS5793018,D,S,T,2024-05-17,1000000.00,4.400584,101.328125
08:00:58,91282CKN0,TSRYS5793018,D,S,T,2024-05-17,1000000.00,4.400584,101.328125
08:01:00,91282CKN0,TSRYS5793018,D,B,C,2024-05-17,1000000.00,4.371851,101.5
08:01:00,91282CKN0,TSRYS5793018,D,S,D,2024-05-17,1000000.00,4.371851,101.5
08:01:00,91282CKN0,TSRYS5793018,D,S,D,2024-05-17,1000000.00,4.371851,101.5
08:01:00,91282CKN0,TSRYS5793018,D,B,C,2024-05-17,1000000.00,4.371851,101.5
08:01:00,91282CKN0,TSRYS5793018,D,B,C,2024-05-17,1000000.00,4.371851,101.5
08:01:00,91282CKN0,TSRYS5793018,D,S,D,2024-05-17,1000000.00,4.371851,101.5
08:01:00,91282CKN0,TSRYS5793018,D,S,D,2024-05-17,1000000.00,4.371851,101.5
08:01:00,91282CKN0,TSRYS5793018,D,B,C,2024-05-17,1000000.00,4.371851,101.5
08:01:00,91282CKN0,TSRYS5793018,D,S,D,2024-05-17,1000000.00,4.371851,101.5
08:01:00,91282CKN0,TSRYS5793018,D,B,C,2024-05-17,1000000.00,4.371851,101.5
08:01:00,91282CKN0,TSRYS5793018,D,S,C,2024-05-17,1000000.00,4.372503,101.49609375
08:01:00,91282CKN0,TSRYS5793018,D,B,C,2024-05-17,1000000.00,4.372503,101.49609375
08:01:00,91282CKN0,TSRYS5793018,D,B,C,2024-05-17,1000000.00,4.372503,101.49609375
08:01:00,91282CKN0,TSRYS5793018,D,S,C,2024-05-17,1000000.00,4.372503,101.49609375
08:01:00,91282CKN0,TSRYS5793018,D,B,C,2024-05-17,1000000.00,4.372503,101.49609375
08:01:00,91282CKN0,TSRYS5793018,D,S,C,2024-05-17,1000000.00,4.372503,101.49609375
08:01:00,91282CKN0,TSRYS5793018,D,S,A,2024-05-17,192000.00,4.38817,101.40234375
08:01:01,91282CKN0,TSRYS5793018,D,B,A,2024-05-17,527000.00,4.380987,101.4453125
08:01:02,91282CKN0,TSRYS5793018,D,S,T,2024-05-17,4000000.00,4.402545,101.31640625
08:01:04,91282CKN0,TSRYS5793018,D,S,C,2024-05-17,1000000.00,4.37022,101.509765625
08:01:04,91282CKN0,TSRYS5793018,D,S,C,2024-05-17,2000000.00,4.371198,101.50390625
08:01:04,91282CKN0,TSRYS5793018,D,S,C,2024-05-17,1000000.00,4.370872,101.505859375
08:01:04,91282CKN0,TSRYS5793018,D,S,C,2024-05-17,1000000.00,4.370872,101.505859375
08:01:04,91282CKN0,TSRYS5793018,D,B,C,2024-05-17,1000000.00,4.371525,101.501953125
08:01:04,91282CKN0,TSRYS5793018,D,B,C,2024-05-17,1000000.00,4.370872,101.505859375
08:01:04,91282CKN0,TSRYS5793018,D,S,C,2024-05-17,1000000.00,4.371525,101.501953125
08:01:04,91282CKN0,TSRYS5793018,D,B,C,2024-05-17,1000000.00,4.368589,101.51953125
08:01:04,91282CKN0,TSRYS5793018,D,B,C,2024-05-17,1000000.00,4.368589,101.51953125
08:01:04,91282CKN0,TSRYS5793018,D,S,C,2024-05-17,1000000.00,4.368589,101.51953125
08:01:04,91282CKN0,TSRYS5793018,D,B,C,2024-05-17,1000000.00,4.368589,101.51953125
08:01:04,91282CKN0,TSRYS5793018,D,S,C,2024-05-17,1000000.00,4.368589,101.51953125
08:01:05,91282CKN0,TSRYS5793018,D,S,C,2024-05-17,1000000.00,4.371851,101.5
08:01:05,91282CKN0,TSRYS5793018,D,B,C,2024-05-17,1000000.00,4.371851,101.5
08:01:05,91282CKN0,TSRYS5793018,D,S,C,2024-05-17,1000000.00,4.370872,101.505859375
08:01:05,91282CKN0,TSRYS5793018,D,S,T,2024-05-17,2000000.00,4.402219,101.318359375
08:01:05,91282CKN0,TSRYS5793018,D,S,D,2024-05-17,1000000.00,4.368589,101.51953125
08:01:05,91282CKN0,TSRYS5793018,D,S,C,2024-05-17,1000000.00,4.369241,101.515625
08:01:06,91282CKN0,TSRYS5793018,D,S,C,2024-05-17,1000000.00,4.36598,101.53515625
08:01:06,91282CKN0,TSRYS5793018,D,S,C,2024-05-17,1000000.00,4.36598,101.53515625
08:01:06,91282CKN0,TSRYS5793018,D,B,C,2024-05-17,1000000.00,4.36598,101.53515625
08:01:06,91282CKN0,TSRYS5793018,D,B,C,2024-05-17,1000000.00,4.365654,101.537109375
08:01:06,91282CKN0,TSRYS5793018,D,S,C,2024-05-17,1000000.00,4.365654,101.537109375
08:01:06,91282CKN0,TSRYS5793018,D,S,D,2024-05-17,1000000.00,4.367285,101.52734375
08:01:06,91282CKN0,TSRYS5793018,D,S,C,2024-05-17,1000000.00,4.369241,101.515625
08:01:06,91282CKN0,TSRYS5793018,D,S,D,2024-05-17,1000000.00,4.369894,101.51171875
08:01:06,91282CKN0,TSRYS5793018,D,S,D,2024-05-17,1000000.00,4.369894,101.51171875
08:01:06,91282CKN0,TSRYS5793018,D,S,C,2024-05-17,2000000.00,4.370546,101.5078125
08:01:06,91282CKN0,TSRYS5793018,D,B,C,2024-05-17,1000000.00,4.370546,101.5078125
08:01:06,91282CKN0,TSRYS5793018,D,S,C,2024-05-17,1000000.00,4.370546,101.5078125
08:01:06,91282CKN0,TSRYS5793018,D,B,C,2024-05-17,1000000.00,4.370546,101.5078125
08:01:06,91282CKN0,TSRYS5793018,D,S,D,2024-05-17,1000000.00,4.370546,101.5078125
08:01:06,91282CKN0,TSRYS5793018,D,B,C,2024-05-17,1000000.00,4.37022,101.509765625
08:01:06,91282CKN0,TSRYS5793018,D,S,C,2024-05-17,1000000.00,4.37022,101.509765625
08:01:06,91282CKN0,TSRYS5793018,D,S,D,2024-05-17,1000000.00,4.37022,101.509765625
08:01:06,91282CKN0,TSRYS5793018,D,B,C,2024-05-17,1000000.00,4.37022,101.509765625
08:01:06,91282CKN0,TSRYS5793018,D,B,C,2024-05-17,1000000.00,4.373808,101.48828125
08:01:06,91282CKN0,TSRYS5793018,D,S,C,2024-05-17,1000000.00,4.373808,101.48828125
08:01:06,91282CKN0,TSRYS5793018,D,S,D,2024-05-17,1000000.00,4.373808,101.48828125
08:01:06,91282CKN0,TSRYS5793018,D,B,C,2024-05-17,1000000.00,4.373808,101.48828125
08:01:06,91282CKN0,TSRYS5793018,D,S,T,2024-05-17,1000000.00,4.39797,101.34375
08:01:06,91282CKN0,TSRYS5793018,D,S,T,2024-05-17,1000000.00,4.39797,101.34375
08:01:06,91282CKN0,TSRYS5793018,D,S,T,2024-05-17,1000000.00,4.39797,101.34375
08:01:07,91282CKN0,TSRYS5793018,D,S,C,2024-05-17,1000000.00,4.373156,101.4921875
08:01:07,91282CKN0,TSRYS5793018,D,B,C,2024-05-17,1000000.00,4.372503,101.49609375
08:01:07,91282CKN0,TSRYS5793018,D,S,C,2024-05-17,1000000.00,4.372503,101.49609375
08:01:07,91282CKN0,TSRYS5793018,D,S,C,2024-05-17,1000000.00,4.372503,101.49609375
08:01:07,91282CKN0,TSRYS5793018,D,B,C,2024-05-17,1000000.00,4.372503,101.49609375
08:01:07,91282CKN0,TSRYS5793018,D,S,C,2024-05-17,1000000.00,4.373156,101.4921875
08:01:07,91282CKN0,TSRYS5793018,D,S,C,2024-05-17,1000000.00,4.372829,101.494140625
08:01:08,91282CKN0,TSRYS5793018,D,S,T,2024-05-17,1000000.00,4.374461,101.484375
08:01:10,91282CKN0,TSRYS5793018,D,S,A,2024-05-17,1000000.00,4.390129,101.390625
08:01:11,91282CKN0,TSRYS5793018,D,S,D,2024-05-17,1000000.00,4.376418,101.47265625
08:01:11,91282CKN0,TSRYS5793018,D,S,D,2024-05-17,2000000.00,4.376418,101.47265625
08:01:11,91282CKN0,TSRYS5793018,D,S,D,2024-05-17,1000000.00,4.375766,101.4765625
08:01:11,91282CKN0,TSRYS5793018,D,S,D,2024-05-17,2000000.00,4.376092,101.474609375
08:01:11,91282CKN0,TSRYS5793018,D,S,D,2024-05-17,4000000.00,4.376418,101.47265625
08:01:11,91282CKN0,TSRYS5793018,D,S,C,2024-05-17,1000000.00,4.373482,101.490234375
08:01:11,91282CKN0,TSRYS5793018,D,B,C,2024-05-17,1000000.00,4.373482,101.490234375
08:01:11,91282CKN0,TSRYS5793018,D,S,C,2024-05-17,1000000.00,4.372503,101.49609375
08:01:12,91282CKN0,TSRYS5793018,D,S,C,2024-05-17,1000000.00,4.376744,101.470703125
08:01:12,91282CKN0,TSRYS5793018,D,B,C,2024-05-17,1000000.00,4.376744,101.470703125
08:01:12,91282CKN0,TSRYS5793018,D,B,C,2024-05-17,1000000.00,4.377397,101.466796875
08:01:12,91282CKN0,TSRYS5793018,D,S,C,2024-05-17,1000000.00,4.377397,101.466796875
08:01:12,91282CKN0,TSRYS5793018,D,S,T,2024-05-17,2000000.00,4.37252,101.49599375
08:01:12,91282CKN0,TSRYS5793018,D,S,D,2024-05-17,1000000.00,4.382619,101.435546875
08:01:12,91282CKN0,TSRYS5793018,D,B,C,2024-05-17,1000000.00,4.382619,101.435546875
08:01:12,91282CKN0,TSRYS5793018,D,B,C,2024-05-17,1000000.00,4.382619,101.435546875
08:01:12,91282CKN0,TSRYS5793018,D,S,D,2024-05-17,1000000.00,4.382619,101.435546875
08:01:12,91282CKN0,TSRYS5793018,D,B,C,2024-05-17,1000000.00,4.382619,101.435546875
08:01:12,91282CKN0,TSRYS5793018,D,S,C,2024-05-17,1000000.00,4.382619,101.435546875
08:01:12,91282CKN0,TSRYS5793018,D,S,D,2024-05-17,1000000.00,4.382619,101.435546875
08:01:12,91282CKN0,TSRYS5793018,D,B,C,2024-05-17,1000000.00,4.382619,101.435546875
08:01:12,91282CKN0,TSRYS5793018,D,B,C,2024-05-17,1000000.00,4.390456,101.388671875
08:01:12,91282CKN0,TSRYS5793018,D,S,C,2024-05-17,1000000.00,4.390456,101.388671875
08:01:13,91282CKN0,TSRYS5793018,D,B,C,2024-05-17,1000000.00,4.390456,101.388671875
08:01:13,91282CKN0,TSRYS5793018,D,S,C,2024-05-17,1000000.00,4.390456,101.388671875
08:01:13,91282CKN0,TSRYS5793018,D,S,D,2024-05-17,2000000.00,4.390782,101.38671875
08:01:13,91282CKN0,TSRYS5793018,D,S,C,2024-05-17,1000000.00,4.390129,101.390625
08:01:13,91282CKN0,TSRYS5793018,D,S,C,2024-05-17,1000000.00,4.390129,101.390625
08:01:13,91282CKN0,TSRYS5793018,D,B,C,2024-05-17,1000000.00,4.390782,101.38671875
08:01:13,91282CKN0,TSRYS5793018,D,S,C,2024-05-17,1000000.00,4.390129,101.390625
08:01:13,91282CKN0,TSRYS5793018,D,B,C,2024-05-17,1000000.00,4.390129,101.390625
08:01:13,91282CKN0,TSRYS5793018,D,B,C,2024-05-17,1000000.00,4.390129,101.390625
08:01:13,91282CKN0,TSRYS5793018,D,S,C,2024-05-17,1000000.00,4.390782,101.38671875
08:01:13,91282CKN0,TSRYS5793018,D,S,C,2024-05-17,1000000.00,4.390129,101.390625
08:01:13,91282CKN0,TSRYS5793018,D,S,C,2024-05-17,1000000.00,4.389476,101.39453125
08:01:13,91282CKN0,TSRYS5793018,D,B,A,2024-05-17,4000000.00,4.396009,101.35546875
08:01:13,91282CKN0,TSRYS5793018,D,B,C,2024-05-17,1000000.00,4.389476,101.39453125
08:01:13,91282CKN0,TSRYS5793018,D,S,C,2024-05-17,1000000.00,4.389476,101.39453125
08:01:13,91282CKN0,TSRYS5793018,D,S,D,2024-05-17,1000000.00,4.389803,101.392578125
08:01:13,91282CKN0,TSRYS5793018,D,B,C,2024-05-17,1000000.00,4.389803,101.392578125
08:01:13,91282CKN0,TSRYS5793018,D,S,D,2024-05-17,22000000.00,4.376216,101.4738665
08:01:13,91282CKN0,TSRYS5793018,D,S,C,2024-05-17,1000000.00,4.394702,101.36328125
08:01:13,91282CKN0,TSRYS5793018,D,S,D,2024-05-17,2000000.00,4.396663,101.3515625
08:01:13,91282CKN0,TSRYS5793018,D,B,C,2024-05-17,1000000.00,4.396989,101.349609375
08:01:13,91282CKN0,TSRYS5793018,D,S,D,2024-05-17,1000000.00,4.396989,101.349609375
08:01:13,91282CKN0,TSRYS5793018,D,S,C,2024-05-17,1000000.00,4.399931,101.33203125
08:01:13,91282CKN0,TSRYS5793018,D,B,C,2024-05-17,1000000.00,4.399931,101.33203125
08:01:13,91282CKN0,TSRYS5793018,D,B,C,2024-05-17,1000000.00,4.400257,101.330078125
08:01:13,91282CKN0,TSRYS5793018,D,B,C,2024-05-17,1000000.00,4.400257,101.330078125
08:01:13,91282CKN0,TSRYS5793018,D,S,C,2024-05-17,1000000.00,4.400257,101.330078125
08:01:13,91282CKN0,TSRYS5793018,D,S,D,2024-05-17,1000000.00,4.400257,101.330078125
08:01:13,91282CKN0,TSRYS5793018,D,B,C,2024-05-17,1000000.00,4.399604,101.333984375
08:01:13,91282CKN0,TSRYS5793018,D,S,C,2024-05-17,1000000.00,4.399604,101.333984375
08:01:13,91282CKN0,TSRYS5793018,D,S,D,2024-05-17,2000000.00,4.399277,101.3359375
08:01:14,91282CKN0,TSRYS5793018,D,S,C,2024-05-17,1000000.00,4.402219,101.318359375
08:01:14,91282CKN0,TSRYS5793018,D,S,D,2024-05-17,2000000.00,4.401892,101.3203125
08:01:14,91282CKN0,TSRYS5793018,D,S,A,2024-05-17,1000000.00,4.387517,101.40625
08:01:14,91282CKN0,TSRYS5793018,D,S,D,2024-05-17,1000000.00,4.374461,101.484375
08:01:14,91282CKN0,TSRYS5793018,D,S,T,2024-05-17,1000000.00,4.400635,101.327825
08:01:15,91282CKN0,TSRYS5793018,D,B,C,2024-05-17,1000000.00,4.400257,101.330078125
08:01:15,91282CKN0,TSRYS5793018,D,S,D,2024-05-17,1000000.00,4.400257,101.330078125
08:01:15,91282CKN0,TSRYS5793018,D,S,T,2024-05-17,1000000.00,4.400635,101.327825
08:01:15,91282CKN0,TSRYS5793018,D,S,T,2024-05-17,1000000.00,4.39802,101.34345
08:01:17,91282CKN0,TSRYS5793018,D,B,C,2024-05-17,1000000.00,4.370546,101.5078125
08:01:18,91282CKN0,TSRYS5793018,D,S,T,2024-05-17,1000000.00,4.366959,101.52929687
08:01:18,91282CKN0,TSRYS5793018,D,S,D,2024-05-17,1000000.00,4.369241,101.515625
08:01:19,91282CKN0,TSRYS5793018,D,S,D,2024-05-17,1000000.00,4.367285,101.52734375
08:01:19,91282CKN0,TSRYS5793018,D,S,C,2024-05-17,5000.00,4.395365,101.35932
08:01:19,91282CKN0,TSRYS5793018,D,S,D,2024-05-17,1000000.00,4.36598,101.53515625
08:01:19,91282CKN0,TSRYS5793018,D,S,D,2024-05-17,1000000.00,4.366959,101.52929687
08:01:19,91282CKN0,TSRYS5793018,D,B,C,2024-05-17,680000.00,4.399838,101.33203125
08:01:19,91282CKN0,TSRYS5793018,D,S,D,2024-05-17,1000000.00,4.367285,101.52734375
08:01:19,91282CKN0,TSRYS5793018,D,S,T,2024-05-17,1000000.00,4.366959,101.52929687
08:01:20,91282CKN0,TSRYS5793018,D,S,C,2024-05-17,1000000.00,4.36598,101.53515625
08:01:20,91282CKN0,TSRYS5793018,D,S,D,2024-05-17,2000000.00,4.367285,101.52734375
08:01:20,91282CKN0,TSRYS5793018,D,B,C,2024-05-17,2000000.00,4.369241,101.51545
08:01:20,91282CKN0,TSRYS5793018,D,S,C,2024-05-17,2000000.00,4.369241,101.515625
08:01:20,91282CKN0,TSRYS5793018,D,B,C,2024-05-17,1000000.00,4.369241,101.51545
08:01:20,91282CKN0,TSRYS5793018,D,S,C,2024-05-17,1000000.00,4.369241,101.515625
08:01:20,91282CKN0,TSRYS5793018,D,B,C,2024-05-17,1000000.00,4.367937,101.5234375
08:01:20,91282CKN0,TSRYS5793018,D,S,C,2024-05-17,1000000.00,4.367937,101.5234375
08:01:20,91282CKN0,TSRYS5793018,D,S,C,2024-05-17,1000000.00,4.369241,101.515625
08:01:20,91282CKN0,TSRYS5793018,D,S,C,2024-05-17,1000000.00,4.368915,101.517578125
08:01:20,91282CKN0,TSRYS5793018,D,B,C,2024-05-17,1000000.00,4.368915,101.517578125
08:01:21,91282CKN0,TSRYS5793018,D,S,D,2024-05-17,1000000.00,4.368915,101.517578125
08:01:21,91282CKN0,TSRYS5793018,D,B,C,2024-05-17,1000000.00,4.368915,101.517578125
08:01:21,91282CKN0,TSRYS5793018,D,S,T,2024-05-17,2000000.00,4.372503,101.49609375
08:01:21,91282CKN0,TSRYS5793018,D,S,T,2024-05-17,1000000.00,4.372829,101.494140625
08:01:21,91282CKN0,TSRYS5793018,D,S,D,2024-05-17,1000000.00,4.366959,101.52929687
08:01:21,91282CKN0,TSRYS5793018,D,S,T,2024-05-17,1000000.00,4.372829,101.494140625
08:01:22,91282CKN0,TSRYS5793018,D,B,C,2024-05-17,1000000.00,4.396989,101.34960937
08:01:22,91282CKN0,TSRYS5793018,D,B,C,2024-05-17,1000000.00,4.399604,101.33398437
08:01:22,91282CKN0,TSRYS5793018,D,B,C,2024-05-17,1000000.00,4.370546,101.5078125
08:01:23,91282CKN0,TSRYS5793018,D,S,D,2024-05-17,12000000.00,4.393804,101.36865
08:01:24,91282CKN0,TSRYS5793018,D,S,D,2024-05-17,1000000.00,4.39797,101.34375
08:01:24,91282CKN0,TSRYS5793018,D,S,C,2024-05-17,1000000.00,4.368263,101.521484375
08:01:24,91282CKN0,TSRYS5793018,D,S,T,2024-05-17,1000000.00,4.369568,101.513671875
08:01:24,91282CKN0,TSRYS5793018,D,S,T,2024-05-17,2000000.00,4.369568,101.513671875
08:01:24,91282CKN0,TSRYS5793018,D,S,T,2024-05-17,2000000.00,4.369601,101.513471875
08:01:24,91282CKN0,TSRYS5793018,D,S,T,2024-05-17,2000000.00,4.369568,101.513671875
08:01:24,91282CKN0,TSRYS5793018,D,S,D,2024-05-17,1000000.00,4.369894,101.51171875
08:01:24,91282CKN0,TSRYS5793018,D,S,D,2024-05-17,750000.00,4.374764,101.484375
08:01:24,91282CKN0,TSRYS5793018,D,S,T,2024-05-17,1000000.00,4.369894,101.51171875
08:01:24,91282CKN0,TSRYS5793018,D,S,T,2024-05-17,1000000.00,4.369894,101.51171875
08:01:24,91282CKN0,TSRYS5793018,D,S,T,2024-05-17,4000000.00,4.369894,101.51171875
08:01:24,91282CKN0,TSRYS5793018,D,S,T,2024-05-17,2000000.00,4.369894,101.51171875
08:01:24,91282CKN0,TSRYS5793018,D,S,D,2024-05-17,1000000.00,4.369894,101.51171875
08:01:24,91282CKN0,TSRYS5793018,D,S,T,2024-05-17,1000000.00,4.369927,101.51151875
08:01:25,91282CKN0,TSRYS5793018,D,S,T,2024-05-17,1000000.00,4.369927,101.51151875
08:01:25,91282CKN0,TSRYS5793018,D,S,T,2024-05-17,2000000.00,4.369894,101.51171875
08:01:25,91282CKN0,TSRYS5793018,D,S,T,2024-05-17,2000000.00,4.369927,101.51151875
08:01:25,91282CKN0,TSRYS5793018,D,S,T,2024-05-17,1000000.00,4.369927,101.51151875
08:01:25,91282CKN0,TSRYS5793018,D,B,C,2024-05-17,1000000.00,4.370546,101.5078125
08:01:25,91282CKN0,TSRYS5793018,D,S,T,2024-05-17,2000000.00,4.369927,101.51151875
08:01:25,91282CKN0,TSRYS5793018,D,S,D,2024-05-17,2000000.00,4.37022,101.509765625
08:01:25,91282CKN0,TSRYS5793018,D,S,C,2024-05-17,1000000.00,4.370546,101.5078125
08:01:25,91282CKN0,TSRYS5793018,D,S,T,2024-05-17,1000000.00,4.37022,101.509765625
08:01:25,91282CKN0,TSRYS5793018,D,S,T,2024-05-17,1000000.00,4.37022,101.509765625
08:01:25,91282CKN0,TSRYS5793018,D,S,T,2024-05-17,1000000.00,4.370253,101.509565625
08:01:25,91282CKN0,TSRYS5793018,D,S,T,2024-05-17,2000000.00,4.370546,101.5078125
08:01:25,91282CKN0,TSRYS5793018,D,S,T,2024-05-17,2000000.00,4.370546,101.5078125
08:01:25,91282CKN0,TSRYS5793018,D,S,T,2024-05-17,2000000.00,4.370579,101.5076125
08:01:25,91282CKN0,TSRYS5793018,D,S,D,2024-05-17,2000000.00,4.370546,101.5078125
08:01:25,91282CKN0,TSRYS5793018,D,S,T,2024-05-17,1000000.00,4.370579,101.5076125
08:01:25,91282CKN0,TSRYS5793018,D,S,D,2024-05-17,2000000.00,4.370546,101.5078125
08:01:25,91282CKN0,TSRYS5793018,D,S,T,2024-05-17,1000000.00,4.370906,101.505659375
08:01:25,91282CKN0,TSRYS5793018,D,S,T,2024-05-17,1000000.00,4.370872,101.505859375
08:01:25,91282CKN0,TSRYS5793018,D,S,D,2024-05-17,2000000.00,4.370872,101.505859375
08:01:25,91282CKN0,TSRYS5793018,D,S,T,2024-05-17,1000000.00,4.370906,101.505659375
08:01:26,91282CKN0,TSRYS5793018,D,S,T,2024-05-17,2000000.00,4.370872,101.505859375
08:01:26,91282CKN0,TSRYS5793018,D,S,T,2024-05-17,2000000.00,4.370906,101.505659375
08:01:26,91282CKN0,TSRYS5793018,D,S,T,2024-05-17,2000000.00,4.370906,101.505659375
08:01:26,91282CKN0,TSRYS5793018,D,S,T,2024-05-17,3000000.00,4.370872,101.505859375
08:01:26,91282CKN0,TSRYS5793018,D,S,T,2024-05-17,1000000.00,4.370906,101.505659375
08:01:26,91282CKN0,TSRYS5793018,D,S,T,2024-05-17,4000000.00,4.370872,101.505859375
08:01:26,91282CKN0,TSRYS5793018,D,S,T,2024-05-17,2000000.00,4.370872,101.505859375
08:01:26,91282CKN0,TSRYS5793018,D,S,T,2024-05-17,1000000.00,4.370906,101.505659375
08:01:26,91282CKN0,TSRYS5793018,D,S,T,2024-05-17,1000000.00,4.370872,101.505859375
08:01:26,91282CKN0,TSRYS5793018,D,S,T,2024-05-17,1000000.00,4.370872,101.505859375
08:01:26,91282CKN0,TSRYS5793018,D,S,T,2024-05-17,2000000.00,4.370906,101.505659375
08:01:26,91282CKN0,TSRYS5793018,D,S,T,2024-05-17,1000000.00,4.370906,101.505659375
08:01:26,91282CKN0,TSRYS5793018,D,S,T,2024-05-17,2000000.00,4.370872,101.505859375
08:01:26,91282CKN0,TSRYS5793018,D,S,T,2024-05-17,1000000.00,4.369241,101.515625
08:01:26,91282CKN0,TSRYS5793018,D,S,T,2024-05-17,1000000.00,4.370872,101.505859375
08:01:26,91282CKN0,TSRYS5793018,D,S,T,2024-05-17,2000000.00,4.370906,101.505659375
08:01:26,91282CKN0,TSRYS5793018,D,S,T,2024-05-17,2000000.00,4.370872,101.505859375
08:01:26,91282CKN0,TSRYS5793018,D,S,T,2024-05-17,2000000.00,4.370872,101.505859375
08:01:26,91282CKN0,TSRYS5793018,D,S,T,2024-05-17,9000000.00,4.370546,101.5078125
08:01:26,91282CKN0,TSRYS5793018,D,S,T,2024-05-17,1000000.00,4.370253,101.509565625
08:01:27,91282CKN0,TSRYS5793018,D,S,T,2024-05-17,1000000.00,4.37022,101.509765625
08:01:27,91282CKN0,TSRYS5793018,D,S,T,2024-05-17,2000000.00,4.370872,101.505859375
08:01:27,91282CKN0,TSRYS5793018,D,S,T,2024-05-17,1000000.00,4.370546,101.5078125
08:01:27,91282CKN0,TSRYS5793018,D,S,T,2024-05-17,1000000.00,4.370906,101.505659375
08:01:27,91282CKN0,TSRYS5793018,D,S,C,2024-05-17,1000000.00,4.36598,101.53515625
08:01:27,91282CKN0,TSRYS5793018,D,S,T,2024-05-17,1000000.00,4.370546,101.5078125
08:01:27,91282CKN0,TSRYS5793018,D,S,T,2024-05-17,1000000.00,4.370253,101.509565625
08:01:27,91282CKN0,TSRYS5793018,D,S,T,2024-05-17,1000000.00,4.370579,101.5076125
08:01:27,91282CKN0,TSRYS5793018,D,S,T,2024-05-17,1000000.00,4.370579,101.5076125
08:01:27,91282CKN0,TSRYS5793018,D,S,T,2024-05-17,2000000.00,4.370906,101.505659375
08:01:27,91282CKN0,TSRYS5793018,D,S,T,2024-05-17,2000000.00,4.370872,101.505859375
08:01:27,91282CKN0,TSRYS5793018,D,S,T,2024-05-17,2000000.00,4.370872,101.505859375
08:01:27,91282CKN0,TSRYS5793018,D,S,T,2024-05-17,2000000.00,4.370872,101.505859375
08:01:27,91282CKN0,TSRYS5793018,D,S,T,2024-05-17,1000000.00,4.370906,101.505659375
08:01:27,91282CKN0,TSRYS5793018,D,S,T,2024-05-17,2000000.00,4.370906,101.505659375
08:01:27,91282CKN0,TSRYS5793018,D,S,T,2024-05-17,1000000.00,4.370906,101.505659375
08:01:27,91282CKN0,TSRYS5793018,D,S,T,2024-05-17,1000000.00,4.370906,101.505659375
08:01:27,91282CKN0,TSRYS5793018,D,S,T,2024-05-17,1000000.00,4.37022,101.509765625
08:01:27,91282CKN0,TSRYS5793018,D,S,D,2024-05-17,1000000.00,4.367285,101.52734375
08:01:27,91282CKN0,TSRYS5793018,D,S,T,2024-05-17,2000000.00,4.370906,101.505659375
08:01:27,91282CKN0,TSRYS5793018,D,S,T,2024-05-17,2000000.00,4.370872,101.505859375
08:01:28,91282CKN0,TSRYS5793018,D,S,T,2024-05-17,1000000.00,4.370872,101.505859375
08:01:28,91282CKN0,TSRYS5793018,D,S,T,2024-05-17,1000000.00,4.370906,101.505659375
08:01:28,91282CKN0,TSRYS5793018,D,S,T,2024-05-17,2000000.00,4.370906,101.505659375
08:01:28,91282CKN0,TSRYS5793018,D,S,T,2024-05-17,2000000.00,4.370872,101.505859375
08:01:28,91282CKN0,TSRYS5793018,D,S,T,2024-05-17,1000000.00,4.370906,101.505659375
08:01:28,91282CKN0,TSRYS5793018,D,S,T,2024-05-17,2000000.00,4.370906,101.505659375
08:01:28,91282CKN0,TSRYS5793018,D,S,T,2024-05-17,1000000.00,4.370546,101.5078125
08:01:28,91282CKN0,TSRYS5793018,D,S,T,2024-05-17,2000000.00,4.370906,101.505659375
08:01:28,91282CKN0,TSRYS5793018,D,S,T,2024-05-17,2000000.00,4.370906,101.505659375
08:01:28,91282CKN0,TSRYS5793018,D,S,T,2024-05-17,1000000.00,4.37022,101.509765625
08:01:28,91282CKN0,TSRYS5793018,D,S,T,2024-05-17,1000000.00,4.370253,101.509565625
08:01:28,91282CKN0,TSRYS5793018,D,S,T,2024-05-17,1000000.00,4.370872,101.505859375
08:01:28,91282CKN0,TSRYS5793018,D,S,T,2024-05-17,1000000.00,4.370546,101.5078125
08:01:28,91282CKN0,TSRYS5793018,D,S,T,2024-05-17,1000000.00,4.370906,101.505659375
08:01:28,91282CKN0,TSRYS5793018,D,S,T,2024-05-17,2000000.00,4.370906,101.505659375
08:01:28,91282CKN0,TSRYS5793018,D,S,T,2024-05-17,1000000.00,4.370579,101.5076125
08:01:28,91282CKN0,TSRYS5793018,D,S,C,2024-05-17,1000000.00,4.372503,101.49609375
08:01:28,91282CKN0,TSRYS5793018,D,S,T,2024-05-17,2000000.00,4.370906,101.505659375
08:01:28,91282CKN0,TSRYS5793018,D,S,T,2024-05-17,1000000.00,4.370906,101.505659375
08:01:28,91282CKN0,TSRYS5793018,D,S,T,2024-05-17,1000000.00,4.370906,101.505659375
08:01:28,91282CKN0,TSRYS5793018,D,S,T,2024-05-17,1000000.00,4.370872,101.505859375
08:01:29,91282CKN0,TSRYS5793018,D,S,T,2024-05-17,2000000.00,4.370872,101.505859375
08:01:29,91282CKN0,TSRYS5793018,D,S,T,2024-05-17,2000000.00,4.370546,101.5078125
08:01:29,91282CKN0,TSRYS5793018,D,S,T,2024-05-17,2000000.00,4.370253,101.509565625
08:01:29,91282CKN0,TSRYS5793018,D,S,T,2024-05-17,2000000.00,4.370546,101.5078125
08:01:29,91282CKN0,TSRYS5793018,D,S,D,2024-05-17,1000000.00,4.370546,101.5078125
08:01:29,91282CKN0,TSRYS5793018,D,S,C,2024-05-17,2000000.00,4.370872,101.505859375
08:01:29,91282CKN0,TSRYS5793018,D,B,C,2024-05-17,1000000.00,4.380008,101.45117187
08:01:30,91282CKN0,TSRYS5793018,D,S,T,2024-05-17,1000000.00,4.367285,101.52734375
08:01:31,91282CKN0,TSRYS5793018,D,S,C,2024-05-17,1000000.00,4.372503,101.49609375
08:01:32,91282CKN0,TSRYS5793018,D,S,C,2024-05-17,1000000.00,4.372503,101.49609375
08:01:32,91282CKN0,TSRYS5793018,D,S,C,2024-05-17,1000000.00,4.372503,101.49609375
08:01:32,91282CKN0,TSRYS5793018,D,S,T,2024-05-17,1000000.00,4.371872,101.49987
08:01:32,91282CKN0,TSRYS5793018,D,S,C,2024-05-17,1000000.00,4.372503,101.49609375
08:01:33,91282CKN0,TSRYS5793018,D,S,T,2024-05-17,1000000.00,4.371872,101.49987
08:01:33,91282CKN0,TSRYS5793018,D,S,T,2024-05-17,1000000.00,4.371872,101.49987
08:01:34,91282CKN0,TSRYS5793018,D,S,D,2024-05-17,1000000.00,4.366959,101.52929687
08:01:35,91282CKN0,TSRYS5793018,D,S,C,2024-05-17,1000000.00,4.369894,101.51171875
08:01:35,91282CKN0,TSRYS5793018,D,S,C,2024-05-17,1000000.00,4.369894,101.51171875
08:01:35,91282CKN0,TSRYS5793018,D,S,C,2024-05-17,1000000.00,4.369894,101.51171875
08:01:35,91282CKN0,TSRYS5793018,D,S,C,2024-05-17,1000000.00,4.369894,101.51171875
08:01:35,91282CKN0,TSRYS5793018,D,S,C,2024-05-17,1000000.00,4.369894,101.51171875
08:01:35,91282CKN0,TSRYS5793018,D,S,C,2024-05-17,1000000.00,4.369894,101.51171875
08:01:35,91282CKN0,TSRYS5793018,D,S,C,2024-05-17,1000000.00,4.369894,101.51171875
08:01:35,91282CKN0,TSRYS5793018,D,S,C,2024-05-17,1000000.00,4.371198,101.50390625
08:01:36,91282CKN0,TSRYS5793018,D,B,C,2024-05-17,1000000.00,4.370546,101.5078125
08:01:37,91282CKN0,TSRYS5793018,D,S,T,2024-05-17,1000000.00,4.377092,101.46862
08:01:37,91282CKN0,TSRYS5793018,D,S,T,2024-05-17,1000000.00,4.377092,101.46862
08:01:37,91282CKN0,TSRYS5793018,D,B,C,2024-05-17,1000000.00,4.368915,101.51757812
08:01:37,91282CKN0,TSRYS5793018,D,S,C,2024-05-17,1000000.00,4.372503,101.49609375
08:01:38,91282CKN0,TSRYS5793018,D,S,D,2024-05-17,1000000.00,4.366959,101.529296875
08:01:38,91282CKN0,TSRYS5793018,D,S,D,2024-05-17,1000000.00,4.366959,101.529296875
08:01:38,91282CKN0,TSRYS5793018,D,B,C,2024-05-17,1000000.00,4.380008,101.45117187
08:01:38,91282CKN0,TSRYS5793018,D,S,D,2024-05-17,1000000.00,4.367285,101.52734375
08:01:38,91282CKN0,TSRYS5793018,D,S,D,2024-05-17,1000000.00,4.369568,101.513671875
08:01:38,91282CKN0,TSRYS5793018,D,S,D,2024-05-17,2000000.00,4.369568,101.513671875
08:01:38,91282CKN0,TSRYS5793018,D,S,D,2024-05-17,2000000.00,4.369568,101.513671875
08:01:38,91282CKN0,TSRYS5793018,D,S,D,2024-05-17,1000000.00,4.369894,101.51171875
08:01:38,91282CKN0,TSRYS5793018,D,S,D,2024-05-17,1000000.00,4.369894,101.51171875
08:01:38,91282CKN0,TSRYS5793018,D,S,D,2024-05-17,4000000.00,4.369894,101.51171875
08:01:38,91282CKN0,TSRYS5793018,D,S,D,2024-05-17,2000000.00,4.369894,101.51171875
08:01:38,91282CKN0,TSRYS5793018,D,S,D,2024-05-17,2000000.00,4.369894,101.51171875
08:01:38,91282CKN0,TSRYS5793018,D,S,D,2024-05-17,1000000.00,4.37022,101.509765625
08:01:38,91282CKN0,TSRYS5793018,D,S,C,2024-05-17,1000000.00,4.37022,101.509765625
08:01:38,91282CKN0,TSRYS5793018,D,S,D,2024-05-17,1800000.00,4.390129,101.390625
08:01:38,91282CKN0,TSRYS5793018,D,S,D,2024-05-17,2000000.00,4.370546,101.5078125
08:01:38,91282CKN0,TSRYS5793018,D,S,D,2024-05-17,2000000.00,4.370546,101.5078125
08:01:38,91282CKN0,TSRYS5793018,D,S,D,2024-05-17,1000000.00,4.370546,101.5078125
08:01:38,91282CKN0,TSRYS5793018,D,S,D,2024-05-17,1000000.00,4.370546,101.5078125
08:01:38,91282CKN0,TSRYS5793018,D,S,T,2024-05-17,1000000.00,4.379703,101.452995
08:01:39,91282CKN0,TSRYS5793018,D,S,D,2024-05-17,1000000.00,4.37022,101.509765625
08:01:39,91282CKN0,TSRYS5793018,D,S,C,2024-05-17,1000000.00,4.37022,101.509765625
08:01:39,91282CKN0,TSRYS5793018,D,S,D,2024-05-17,2000000.00,4.370872,101.505859375
08:01:39,91282CKN0,TSRYS5793018,D,S,D,2024-05-17,1000000.00,4.370872,101.505859375
08:01:39,91282CKN0,TSRYS5793018,D,S,C,2024-05-17,3000000.00,4.370872,101.505859375
08:01:39,91282CKN0,TSRYS5793018,D,S,D,2024-05-17,2000000.00,4.370872,101.505859375
08:01:39,91282CKN0,TSRYS5793018,D,S,D,2024-05-17,4000000.00,4.370872,101.505859375
08:01:39,91282CKN0,TSRYS5793018,D,S,D,2024-05-17,1000000.00,4.370872,101.505859375
08:01:39,91282CKN0,TSRYS5793018,D,S,C,2024-05-17,2000000.00,4.370872,101.505859375
08:01:39,91282CKN0,TSRYS5793018,D,S,C,2024-05-17,1000000.00,4.370872,101.505859375
08:01:39,91282CKN0,TSRYS5793018,D,S,C,2024-05-17,2000000.00,4.370872,101.505859375
08:01:39,91282CKN0,TSRYS5793018,D,S,T,2024-05-17,1000000.00,4.377397,101.46679687
08:01:39,91282CKN0,TSRYS5793018,D,S,D,2024-05-17,1000000.00,4.370872,101.505859375
08:01:39,91282CKN0,TSRYS5793018,D,S,D,2024-05-17,1000000.00,4.370872,101.505859375
08:01:39,91282CKN0,TSRYS5793018,D,S,T,2024-05-17,1000000.00,4.377397,101.46679687
08:01:39,91282CKN0,TSRYS5793018,D,S,T,2024-05-17,1000000.00,4.377397,101.46679687
08:01:39,91282CKN0,TSRYS5793018,D,S,T,2024-05-17,1000000.00,4.377397,101.46679687
08:01:39,91282CKN0,TSRYS5793018,D,S,D,2024-05-17,1000000.00,4.377071,101.46875
08:01:39,91282CKN0,TSRYS5793018,D,S,C,2024-05-17,1000000.00,4.377397,101.46679687
08:01:39,91282CKN0,TSRYS5793018,D,S,D,2024-05-17,1000000.00,4.370546,101.5078125
08:01:39,91282CKN0,TSRYS5793018,D,S,D,2024-05-17,2000000.00,4.370872,101.505859375
08:01:39,91282CKN0,TSRYS5793018,D,S,C,2024-05-17,2000000.00,4.370872,101.505859375
08:01:39,91282CKN0,TSRYS5793018,D,S,C,2024-05-17,9000000.00,4.370546,101.5078125
08:01:40,91282CKN0,TSRYS5793018,D,S,D,2024-05-17,1000000.00,4.37022,101.509765625
08:01:40,91282CKN0,TSRYS5793018,D,S,D,2024-05-17,1000000.00,4.370546,101.5078125
08:01:40,91282CKN0,TSRYS5793018,D,S,C,2024-05-17,2000000.00,4.370872,101.505859375
08:01:40,91282CKN0,TSRYS5793018,D,S,D,2024-05-17,1000000.00,4.370546,101.5078125
08:01:40,91282CKN0,TSRYS5793018,D,S,C,2024-05-17,2000000.00,4.370872,101.505859375
08:01:40,91282CKN0,TSRYS5793018,D,S,C,2024-05-17,1000000.00,4.374787,101.48242187
08:01:40,91282CKN0,TSRYS5793018,D,S,C,2024-05-17,1000000.00,4.370546,101.5078125
08:01:40,91282CKN0,TSRYS5793018,D,S,D,2024-05-17,1000000.00,4.370546,101.5078125
08:01:40,91282CKN0,TSRYS5793018,D,S,C,2024-05-17,2000000.00,4.370872,101.505859375
08:01:40,91282CKN0,TSRYS5793018,D,S,C,2024-05-17,2000000.00,4.370872,101.505859375
08:01:40,91282CKN0,TSRYS5793018,D,S,D,2024-05-17,1000000.00,4.370546,101.5078125
08:01:40,91282CKN0,TSRYS5793018,D,S,D,2024-05-17,1000000.00,4.370872,101.505859375
08:01:40,91282CKN0,TSRYS5793018,D,S,C,2024-05-17,1000000.00,4.369894,101.51171875
08:01:40,91282CKN0,TSRYS5793018,D,S,D,2024-05-17,1000000.00,4.370546,101.5078125
08:01:40,91282CKN0,TSRYS5793018,D,S,D,2024-05-17,1000000.00,4.370546,101.5078125
08:01:40,91282CKN0,TSRYS5793018,D,S,C,2024-05-17,1000000.00,4.369894,101.51171875
08:01:40,91282CKN0,TSRYS5793018,D,S,C,2024-05-17,1000000.00,4.369894,101.51171875
08:01:40,91282CKN0,TSRYS5793018,D,S,C,2024-05-17,2000000.00,4.370872,101.505859375
08:01:40,91282CKN0,TSRYS5793018,D,S,D,2024-05-17,1000000.00,4.37022,101.509765625
08:01:40,91282CKN0,TSRYS5793018,D,S,C,2024-05-17,1000000.00,4.369894,101.51171875
08:01:40,91282CKN0,TSRYS5793018,D,S,D,2024-05-17,1000000.00,4.37022,101.509765625
08:01:40,91282CKN0,TSRYS5793018,D,S,C,2024-05-17,2000000.00,4.370872,101.505859375
08:01:40,91282CKN0,TSRYS5793018,D,S,C,2024-05-17,1000000.00,4.369894,101.51171875
08:01:40,91282CKN0,TSRYS5793018,D,S,C,2024-05-17,1000000.00,4.369894,101.51171875
08:01:41,91282CKN0,TSRYS5793018,D,S,D,2024-05-17,1000000.00,4.370872,101.505859375
08:01:41,91282CKN0,TSRYS5793018,D,S,D,2024-05-17,1000000.00,4.370872,101.505859375
08:01:41,91282CKN0,TSRYS5793018,D,S,C,2024-05-17,2000000.00,4.370872,101.505859375
08:01:41,91282CKN0,TSRYS5793018,D,S,D,2024-05-17,1000000.00,4.370546,101.5078125
08:01:41,91282CKN0,TSRYS5793018,D,S,D,2024-05-17,1000000.00,4.370546,101.5078125
08:01:41,91282CKN0,TSRYS5793018,D,S,D,2024-05-17,2000000.00,4.370546,101.5078125
08:01:41,91282CKN0,TSRYS5793018,D,S,D,2024-05-17,2000000.00,4.370546,101.5078125
08:01:41,91282CKN0,TSRYS5793018,D,S,C,2024-05-17,2000000.00,4.369894,101.51171875
08:01:41,91282CKN0,TSRYS5793018,D,S,C,2024-05-17,1000000.00,4.369894,101.51171875
08:01:41,91282CKN0,TSRYS5793018,D,S,C,2024-05-17,2000000.00,4.369568,101.513671875
08:01:42,91282CKN0,TSRYS5793018,D,S,D,2024-05-17,1000000.00,4.369241,101.515625
08:01:43,91282CKN0,TSRYS5793018,D,S,C,2024-05-17,1000000.00,4.369894,101.51171875
08:01:43,91282CKN0,TSRYS5793018,D,S,C,2024-05-17,2000000.00,4.369894,101.51171875
08:01:44,91282CKN0,TSRYS5793018,D,S,C,2024-05-17,2930000.00,4.39797,101.34375
08:01:44,91282CKN0,TSRYS5793018,D,S,T,2024-05-17,1000000.00,4.374482,101.484245
08:01:44,91282CKN0,TSRYS5793018,D,S,C,2024-05-17,1000000.00,4.370546,101.5078125
08:01:45,91282CKN0,TSRYS5793018,D,S,D,2024-05-17,1000000.00,4.370546,101.5078125
08:01:45,91282CKN0,TSRYS5793018,D,S,D,2024-05-17,1000000.00,4.370546,101.5078125
08:01:45,91282CKN0,TSRYS5793018,D,S,T,2024-05-17,1000000.00,4.39797,101.34375
08:01:45,91282CKN0,TSRYS5793018,D,S,D,2024-05-17,4000000.00,4.370872,101.505859375
08:01:45,91282CKN0,TSRYS5793018,D,S,D,2024-05-17,1000000.00,4.370872,101.505859375
08:01:45,91282CKN0,TSRYS5793018,D,S,D,2024-05-17,1000000.00,4.370546,101.5078125
08:01:46,91282CKN0,TSRYS5793018,D,S,D,2024-05-17,1000000.00,4.370546,101.5078125
08:01:46,91282CKN0,TSRYS5793018,D,S,D,2024-05-17,1000000.00,4.370546,101.5078125
08:01:46,91282CKN0,TSRYS5793018,D,S,D,2024-05-17,1000000.00,4.369568,101.513671875
08:01:46,91282CKN0,TSRYS5793018,D,B,C,2024-05-17,1000000.00,4.369568,101.513671875
08:01:46,91282CKN0,TSRYS5793018,D,S,D,2024-05-17,1000000.00,4.369241,101.515625
08:01:46,91282CKN0,TSRYS5793018,D,B,C,2024-05-17,1000000.00,4.369241,101.515625
08:01:46,91282CKN0,TSRYS5793018,D,S,D,2024-05-17,1000000.00,4.369241,101.515625
08:01:46,91282CKN0,TSRYS5793018,D,B,C,2024-05-17,1000000.00,4.369241,101.515625
08:01:46,91282CKN0,TSRYS5793018,D,S,T,2024-05-17,1000000.00,4.384578,101.42382812
08:01:46,91282CKN0,TSRYS5793018,D,S,T,2024-05-17,1000000.00,4.384578,101.42382812
08:01:46,91282CKN0,TSRYS5793018,D,S,C,2024-05-17,1000000.00,4.384578,101.42382812
08:01:46,91282CKN0,TSRYS5793018,D,S,C,2024-05-17,1000000.00,4.368915,101.517578125
08:01:47,91282CKN0,TSRYS5793018,D,S,C,2024-05-17,1000000.00,4.384251,101.42578125
08:01:47,91282CKN0,TSRYS5793018,D,S,C,2024-05-17,1000000.00,4.384251,101.42578125
08:01:48,91282CKN0,TSRYS5793018,D,S,C,2024-05-17,1000000.00,4.384578,101.42382812
08:01:48,91282CKN0,TSRYS5793018,D,S,T,2024-05-17,1000000.00,4.384578,101.42382812
08:01:48,91282CKN0,TSRYS5793018,D,S,C,2024-05-17,1000000.00,4.384251,101.42578125
08:01:48,91282CKN0,TSRYS5793018,D,S,T,2024-05-17,1000000.00,4.384578,101.42382812
08:01:48,91282CKN0,TSRYS5793018,D,S,C,2024-05-17,1000000.00,4.384251,101.42578125
08:01:48,91282CKN0,TSRYS5793018,D,S,C,2024-05-17,1000000.00,4.384251,101.42578125
08:01:48,91282CKN0,TSRYS5793018,D,S,C,2024-05-17,1000000.00,4.384251,101.42578125
08:01:48,91282CKN0,TSRYS5793018,D,S,C,2024-05-17,1000000.00,4.384578,101.42382812
08:01:48,91282CKN0,TSRYS5793018,D,S,C,2024-05-17,1000000.00,4.384578,101.42382812
08:01:48,91282CKN0,TSRYS5793018,D,S,T,2024-05-17,1000000.00,4.384578,101.42382812
08:01:49,91282CKN0,TSRYS5793018,D,S,C,2024-05-17,1000000.00,4.386863,101.41015625
08:01:51,91282CKN0,TSRYS5793018,D,B,C,2024-05-17,1000000.00,4.371851,101.5
08:01:51,91282CKN0,TSRYS5793018,D,S,C,2024-05-17,1000000.00,4.371813,101.500225
08:01:51,91282CKN0,TSRYS5793018,D,S,C,2024-05-17,1000000.00,4.371817,101.5002
08:01:51,91282CKN0,TSRYS5793018,D,S,C,2024-05-17,1000000.00,4.371813,101.500225
08:01:51,91282CKN0,TSRYS5793018,D,B,C,2024-05-17,1000000.00,4.371851,101.5
08:01:51,91282CKN0,TSRYS5793018,D,B,C,2024-05-17,1000000.00,4.371851,101.5
08:01:51,91282CKN0,TSRYS5793018,D,S,D,2024-05-17,1000000.00,4.371851,101.5
08:01:51,91282CKN0,TSRYS5793018,D,B,C,2024-05-17,1000000.00,4.371893,101.49975
08:01:52,91282CKN0,TSRYS5793018,D,B,C,2024-05-17,1000000.00,4.371851,101.5
08:01:52,91282CKN0,TSRYS5793018,D,S,C,2024-05-17,1000000.00,4.371851,101.5
08:01:52,91282CKN0,TSRYS5793018,D,B,C,2024-05-17,1000000.00,4.369271,101.51545
08:01:52,91282CKN0,TSRYS5793018,D,S,C,2024-05-17,2000000.00,4.369208,101.515825
08:01:52,91282CKN0,TSRYS5793018,D,S,C,2024-05-17,2000000.00,4.369208,101.515825
08:01:52,91282CKN0,TSRYS5793018,D,S,T,2024-05-17,1000000.00,4.377092,101.46862
08:01:52,91282CKN0,TSRYS5793018,D,B,C,2024-05-17,1000000.00,4.369271,101.51545
08:01:52,91282CKN0,TSRYS5793018,D,S,C,2024-05-17,1000000.00,4.369208,101.515825
08:01:52,91282CKN0,TSRYS5793018,D,S,C,2024-05-17,1000000.00,4.369208,101.515825
08:01:52,91282CKN0,TSRYS5793018,D,S,C,2024-05-17,2000000.00,4.369208,101.515825
08:01:52,91282CKN0,TSRYS5793018,D,S,C,2024-05-17,1000000.00,4.369208,101.515825
08:01:52,91282CKN0,TSRYS5793018,D,B,C,2024-05-17,2000000.00,4.369241,101.515625
08:01:52,91282CKN0,TSRYS5793018,D,B,C,2024-05-17,1000000.00,4.369271,101.51545
08:01:52,91282CKN0,TSRYS5793018,D,B,C,2024-05-17,2000000.00,4.369271,101.51545
08:01:52,91282CKN0,TSRYS5793018,D,S,T,2024-05-17,1000000.00,4.379703,101.452995
08:01:52,91282CKN0,TSRYS5793018,D,S,C,2024-05-17,1000000.00,4.369208,101.515825
08:01:52,91282CKN0,TSRYS5793018,D,B,C,2024-05-17,2000000.00,4.369241,101.515625
08:01:52,91282CKN0,TSRYS5793018,D,B,C,2024-05-17,1000000.00,4.369266,101.515475
08:01:53,91282CKN0,TSRYS5793018,D,S,D,2024-05-17,2000000.00,4.372503,101.49609375
08:01:53,91282CKN0,TSRYS5793018,D,S,C,2024-05-17,1000000.00,4.372829,101.494140625
08:01:53,91282CKN0,TSRYS5793018,D,S,C,2024-05-17,1000000.00,4.372829,101.494140625
08:01:53,91282CKN0,TSRYS5793018,D,B,C,2024-05-17,2000000.00,4.369241,101.515625
08:01:53,91282CKN0,TSRYS5793018,D,S,C,2024-05-17,2000000.00,4.369241,101.515625
08:01:53,91282CKN0,TSRYS5793018,D,B,C,2024-05-17,1000000.00,4.369241,101.515625
08:01:53,91282CKN0,TSRYS5793018,D,B,C,2024-05-17,2000000.00,4.369241,101.515625
08:01:53,91282CKN0,TSRYS5793018,D,S,C,2024-05-17,1000000.00,4.369208,101.515825
08:01:53,91282CKN0,TSRYS5793018,D,S,C,2024-05-17,2000000.00,4.369241,101.515625
08:01:53,91282CKN0,TSRYS5793018,D,S,D,2024-05-17,1000000.00,4.369241,101.515625
08:01:53,91282CKN0,TSRYS5793018,D,B,C,2024-05-17,2000000.00,4.369241,101.515625
08:01:53,91282CKN0,TSRYS5793018,D,S,C,2024-05-17,2000000.00,4.369241,101.515625
08:01:54,91282CKN0,TSRYS5793018,D,B,C,2024-05-17,3000000.00,4.369266,101.515475
08:01:54,91282CKN0,TSRYS5793018,D,S,C,2024-05-17,3000000.00,4.369191,101.515925
08:01:54,91282CKN0,TSRYS5793018,D,B,C,2024-05-17,3000000.00,4.369266,101.515475
08:01:54,91282CKN0,TSRYS5793018,D,S,C,2024-05-17,3000000.00,4.369191,101.515925
08:01:54,91282CKN0,TSRYS5793018,D,S,D,2024-05-17,1000000.00,4.369241,101.515625
08:01:54,91282CKN0,TSRYS5793018,D,B,C,2024-05-17,1000000.00,4.369266,101.515475
08:01:54,91282CKN0,TSRYS5793018,D,B,C,2024-05-17,1000000.00,4.369266,101.515475
08:01:54,91282CKN0,TSRYS5793018,D,S,D,2024-05-17,1000000.00,4.369241,101.515625
08:01:54,91282CKN0,TSRYS5793018,D,S,C,2024-05-17,1000000.00,4.369241,101.515625
08:01:54,91282CKN0,TSRYS5793018,D,B,C,2024-05-17,1000000.00,4.369241,101.515625
08:01:54,91282CKN0,TSRYS5793018,D,S,C,2024-05-17,1000000.00,4.371817,101.5002
08:01:54,91282CKN0,TSRYS5793018,D,S,C,2024-05-17,1000000.00,4.371851,101.5
08:01:54,91282CKN0,TSRYS5793018,D,S,D,2024-05-17,1000000.00,4.371851,101.5
08:02:00,91282CKN0,TSRYS5793018,D,S,C,2024-05-17,1000000.00,4.389476,101.39453125
08:02:00,91282CKN0,TSRYS5793018,D,B,C,2024-05-17,1000000.00,4.371851,101.5
08:02:00,91282CKN0,TSRYS5793018,D,S,C,2024-05-17,1000000.00,4.391762,101.38085937
08:02:00,91282CKN0,TSRYS5793018,D,S,C,2024-05-17,1000000.00,4.392089,101.37890625
08:02:00,91282CKN0,TSRYS5793018,D,S,D,2024-05-17,2000000.00,4.372177,101.498046875
08:02:00,91282CKN0,TSRYS5793018,D,S,C,2024-05-17,1000000.00,4.391762,101.38085937
08:02:00,91282CKN0,TSRYS5793018,D,S,C,2024-05-17,1000000.00,4.392089,101.37890625
08:02:00,91282CKN0,TSRYS5793018,D,S,D,2024-05-17,4000000.00,4.372177,101.498046875
08:02:00,91282CKN0,TSRYS5793018,D,S,D,2024-05-17,1000000.00,4.372177,101.498046875
08:02:00,91282CKN0,TSRYS5793018,D,S,D,2024-05-17,4000000.00,4.372177,101.498046875
08:02:00,91282CKN0,TSRYS5793018,D,S,D,2024-05-17,4000000.00,4.372503,101.49609375
08:02:01,91282CKN0,TSRYS5793018,D,S,C,2024-05-17,1000000.00,4.372503,101.49609375
08:02:01,91282CKN0,TSRYS5793018,D,S,C,2024-05-17,1000000.00,4.392089,101.37890625
08:02:01,91282CKN0,TSRYS5793018,D,S,C,2024-05-17,1000000.00,4.392089,101.37890625
08:02:01,91282CKN0,TSRYS5793018,D,S,D,2024-05-17,17000000.00,4.367427,101.52649
08:02:02,91282CKN0,TSRYS5793018,D,S,C,2024-05-17,1000000.00,4.373156,101.4921875
08:02:02,91282CKN0,TSRYS5793018,D,S,D,2024-05-17,1000000.00,4.391762,101.38085937
08:02:02,91282CKN0,TSRYS5793018,D,S,D,2024-05-17,1000000.00,4.392089,101.37890625
08:02:02,91282CKN0,TSRYS5793018,D,S,D,2024-05-17,1000000.00,4.391762,101.38085937
08:02:03,91282CKN0,TSRYS5793018,D,S,T,2024-05-17,1000000.00,4.392416,101.37695312
08:02:03,91282CKN0,TSRYS5793018,D,S,T,2024-05-17,1000000.00,4.392416,101.37695312
08:02:03,91282CKN0,TSRYS5793018,D,S,T,2024-05-17,1000000.00,4.392416,101.37695312
08:02:03,91282CKN0,TSRYS5793018,D,S,C,2024-05-17,1000000.00,4.392416,101.37695312
08:02:03,91282CKN0,TSRYS5793018,D,S,D,2024-05-17,1000000.00,4.392416,101.37695312
08:02:03,91282CKN0,TSRYS5793018,D,S,D,2024-05-17,1000000.00,4.392416,101.37695312
08:02:03,91282CKN0,TSRYS5793018,D,S,D,2024-05-17,1000000.00,4.392416,101.37695312
08:02:03,91282CKN0,TSRYS5793018,D,S,D,2024-05-17,1000000.00,4.392416,101.37695312
08:02:03,91282CKN0,TSRYS5793018,D,S,T,2024-05-17,1000000.00,4.392416,101.37695312
08:02:03,91282CKN0,TSRYS5793018,D,S,D,2024-05-17,1000000.00,4.392416,101.37695312
08:02:03,91282CKN0,TSRYS5793018,D,S,D,2024-05-17,1000000.00,4.392416,101.37695312
08:02:03,91282CKN0,TSRYS5793018,D,S,D,2024-05-17,1000000.00,4.392416,101.37695312
08:02:03,91282CKN0,TSRYS5793018,D,S,D,2024-05-17,1000000.00,4.392416,101.37695312
08:02:03,91282CKN0,TSRYS5793018,D,S,D,2024-05-17,3000000.00,4.392416,101.37695312
08:02:03,91282CKN0,TSRYS5793018,D,S,C,2024-05-17,1000000.00,4.392416,101.37695312
08:02:03,91282CKN0,TSRYS5793018,D,S,D,2024-05-17,1000000.00,4.392416,101.37695312
08:02:03,91282CKN0,TSRYS5793018,D,S,C,2024-05-17,1000000.00,4.392416,101.37695312
08:02:03,91282CKN0,TSRYS5793018,D,S,D,2024-05-17,1000000.00,4.392416,101.37695312
08:02:03,91282CKN0,TSRYS5793018,D,S,D,2024-05-17,1000000.00,4.392416,101.37695312
08:02:03,91282CKN0,TSRYS5793018,D,S,C,2024-05-17,1000000.00,4.392416,101.37695312
08:02:04,91282CKN0,TSRYS5793018,D,S,C,2024-05-17,1000000.00,4.394702,101.36328125
08:02:04,91282CKN0,TSRYS5793018,D,S,C,2024-05-17,1000000.00,4.394702,101.36328125
08:02:04,91282CKN0,TSRYS5793018,D,S,D,2024-05-17,1000000.00,4.394702,101.36328125
08:02:04,91282CKN0,TSRYS5793018,D,S,T,2024-05-17,1000000.00,4.371851,101.5
08:02:06,91282CKN0,TSRYS5793018,D,S,D,2024-05-17,1000000.00,4.394702,101.36328125
08:02:06,91282CKN0,TSRYS5793018,D,S,C,2024-05-17,1000000.00,4.397643,101.34570312
08:02:06,91282CKN0,TSRYS5793018,D,S,D,2024-05-17,1000000.00,4.397643,101.34570312
08:02:06,91282CKN0,TSRYS5793018,D,B,C,2024-05-17,1000000.00,4.396989,101.34960937
08:02:06,91282CKN0,TSRYS5793018,D,S,T,2024-05-17,1000000.00,4.397643,101.34570312
08:02:06,91282CKN0,TSRYS5793018,D,S,T,2024-05-17,2000000.00,4.397643,101.34570312
08:02:07,91282CKN0,TSRYS5793018,D,S,T,2024-05-17,2000000.00,4.397316,101.34765625
08:02:07,91282CKN0,TSRYS5793018,D,S,T,2024-05-17,2000000.00,4.397316,101.34765625
08:02:07,91282CKN0,TSRYS5793018,D,S,C,2024-05-17,1000000.00,4.397316,101.34765625
08:02:07,91282CKN0,TSRYS5793018,D,S,T,2024-05-17,1000000.00,4.397316,101.34765625
08:02:07,91282CKN0,TSRYS5793018,D,S,C,2024-05-17,1000000.00,4.377071,101.46875
08:02:07,91282CKN0,TSRYS5793018,D,S,D,2024-05-17,1000000.00,4.377071,101.46875
08:02:07,91282CKN0,TSRYS5793018,D,S,T,2024-05-17,3000000.00,4.397316,101.34765625
08:02:07,91282CKN0,TSRYS5793018,D,S,C,2024-05-17,1000000.00,4.397316,101.34765625
08:02:07,91282CKN0,TSRYS5793018,D,S,C,2024-05-17,1000000.00,4.399604,101.33398437
08:02:07,91282CKN0,TSRYS5793018,D,S,C,2024-05-17,1000000.00,4.399604,101.33398437
08:02:07,91282CKN0,TSRYS5793018,D,S,D,2024-05-17,1000000.00,4.399604,101.33398437
08:02:08,91282CKN0,TSRYS5793018,D,S,D,2024-05-17,2000000.00,4.376092,101.474609375
08:02:08,91282CKN0,TSRYS5793018,D,S,D,2024-05-17,1000000.00,4.376092,101.474609375
08:02:08,91282CKN0,TSRYS5793018,D,S,D,2024-05-17,2000000.00,4.376092,101.474609375
08:02:08,91282CKN0,TSRYS5793018,D,B,C,2024-05-17,1000000.00,4.375766,101.4765625
08:02:08,91282CKN0,TSRYS5793018,D,S,D,2024-05-17,1000000.00,4.375766,101.4765625
08:02:08,91282CKN0,TSRYS5793018,D,S,D,2024-05-17,2000000.00,4.376092,101.474609375
08:02:09,91282CKN0,TSRYS5793018,D,S,T,2024-05-17,1000000.00,4.371851,101.5
08:02:09,91282CKN0,TSRYS5793018,D,B,C,2024-05-17,1000000.00,4.376418,101.47265625
08:02:09,91282CKN0,TSRYS5793018,D,S,D,2024-05-17,1000000.00,4.376418,101.47265625
08:02:09,91282CKN0,TSRYS5793018,D,S,D,2024-05-17,2000000.00,4.376418,101.47265625
08:02:09,91282CKN0,TSRYS5793018,D,S,D,2024-05-17,2000000.00,4.376418,101.47265625
08:02:09,91282CKN0,TSRYS5793018,D,S,D,2024-05-17,1000000.00,4.376092,101.474609375
08:02:09,91282CKN0,TSRYS5793018,D,B,C,2024-05-17,1000000.00,4.376092,101.474609375
08:02:09,91282CKN0,TSRYS5793018,D,B,C,2024-05-17,1000000.00,4.369241,101.515625
08:02:09,91282CKN0,TSRYS5793018,D,S,D,2024-05-17,1000000.00,4.369241,101.515625
08:02:09,91282CKN0,TSRYS5793018,D,B,C,2024-05-17,1000000.00,4.369241,101.515625
08:02:09,91282CKN0,TSRYS5793018,D,S,D,2024-05-17,1000000.00,4.369241,101.515625
08:02:09,91282CKN0,TSRYS5793018,D,B,C,2024-05-17,1000000.00,4.369241,101.515625
08:02:09,91282CKN0,TSRYS5793018,D,S,C,2024-05-17,1000000.00,4.369208,101.515825
08:02:10,91282CKN0,TSRYS5793018,D,S,C,2024-05-17,1000000.00,4.369208,101.515825
08:02:10,91282CKN0,TSRYS5793018,D,B,C,2024-05-17,1000000.00,4.369241,101.515625
08:02:10,91282CKN0,TSRYS5793018,D,S,C,2024-05-17,1000000.00,4.369241,101.515625
08:02:10,91282CKN0,TSRYS5793018,D,B,C,2024-05-17,1000000.00,4.369241,101.515625
08:02:10,91282CKN0,TSRYS5793018,D,S,D,2024-05-17,1000000.00,4.376092,101.474609375
08:02:10,91282CKN0,TSRYS5793018,D,B,C,2024-05-17,1000000.00,4.376092,101.474609375
08:02:11,91282CKN0,TSRYS5793018,D,S,C,2024-05-17,1000000.00,4.369241,101.515625
08:02:11,91282CKN0,TSRYS5793018,D,B,C,2024-05-17,1000000.00,4.369241,101.515625
08:02:12,91282CKN0,TSRYS5793018,D,B,C,2024-05-17,1000000.00,4.380008,101.451171875
08:02:12,91282CKN0,TSRYS5793018,D,S,D,2024-05-17,1000000.00,4.380008,101.451171875
08:02:12,91282CKN0,TSRYS5793018,D,B,C,2024-05-17,1000000.00,4.366633,101.53125
08:02:12,91282CKN0,TSRYS5793018,D,S,C,2024-05-17,1000000.00,4.366633,101.53125
08:02:12,91282CKN0,TSRYS5793018,D,S,C,2024-05-17,1000000.00,4.366633,101.53125
08:02:12,91282CKN0,TSRYS5793018,D,S,C,2024-05-17,1000000.00,4.366633,101.53125
08:02:12,91282CKN0,TSRYS5793018,D,S,T,2024-05-17,2000000.00,4.390151,101.390495
08:02:12,91282CKN0,TSRYS5793018,D,S,C,2024-05-17,1000000.00,4.366633,101.53125
08:02:13,91282CKN0,TSRYS5793018,D,B,C,2024-05-17,1000000.00,4.366633,101.53125
08:02:13,91282CKN0,TSRYS5793018,D,B,C,2024-05-17,1000000.00,4.366658,101.5311
08:02:13,91282CKN0,TSRYS5793018,D,S,C,2024-05-17,1000000.00,4.366616,101.53135
08:02:13,91282CKN0,TSRYS5793018,D,S,T,2024-05-17,1000000.00,4.399604,101.33398437
08:02:13,91282CKN0,TSRYS5793018,D,S,T,2024-05-17,1000000.00,4.399604,101.33398437
08:02:13,91282CKN0,TSRYS5793018,D,S,C,2024-05-17,2000000.00,4.366599,101.53145
08:02:13,91282CKN0,TSRYS5793018,D,B,C,2024-05-17,2000000.00,4.379682,101.453125
08:02:13,91282CKN0,TSRYS5793018,D,S,C,2024-05-17,2000000.00,4.379682,101.453125
08:02:13,91282CKN0,TSRYS5793018,D,S,D,2024-05-17,1000000.00,4.397316,101.34765625
08:02:13,91282CKN0,TSRYS5793018,D,B,C,2024-05-17,1000000.00,4.379682,101.453125
08:02:13,91282CKN0,TSRYS5793018,D,S,D,2024-05-17,1000000.00,4.379682,101.453125
08:02:14,91282CKN0,TSRYS5793018,D,S,D,2024-05-17,1000000.00,4.369241,101.515625
08:02:14,91282CKN0,TSRYS5793018,D,B,C,2024-05-17,1000000.00,4.369283,101.515375
08:02:14,91282CKN0,TSRYS5793018,D,B,C,2024-05-17,6000000.00,4.369266,101.515475
08:02:14,91282CKN0,TSRYS5793018,D,S,D,2024-05-17,3000000.00,4.369241,101.515625
08:02:14,91282CKN0,TSRYS5793018,D,B,C,2024-05-17,1000000.00,4.369241,101.515625
08:02:14,91282CKN0,TSRYS5793018,D,S,D,2024-05-17,1000000.00,4.369241,101.515625
08:02:14,91282CKN0,TSRYS5793018,D,S,D,2024-05-17,1000000.00,4.369241,101.515625
08:02:14,91282CKN0,TSRYS5793018,D,B,C,2024-05-17,1000000.00,4.369241,101.515625
08:02:14,91282CKN0,TSRYS5793018,D,B,C,2024-05-17,2000000.00,4.369266,101.515475
08:02:14,91282CKN0,TSRYS5793018,D,S,D,2024-05-17,6000000.00,4.369241,101.515625
08:02:14,91282CKN0,TSRYS5793018,D,B,C,2024-05-17,3000000.00,4.369266,101.515475
08:02:14,91282CKN0,TSRYS5793018,D,S,D,2024-05-17,2000000.00,4.369241,101.515625
08:02:14,91282CKN0,TSRYS5793018,D,B,C,2024-05-17,1000000.00,4.369241,101.515625
08:02:14,91282CKN0,TSRYS5793018,D,S,D,2024-05-17,1000000.00,4.369241,101.515625
08:02:14,91282CKN0,TSRYS5793018,D,S,C,2024-05-17,1000000.00,4.369208,101.515825
08:02:15,91282CKN0,TSRYS5793018,D,S,C,2024-05-17,2000000.00,4.3692,101.515875
08:02:15,91282CKN0,TSRYS5793018,D,S,D,2024-05-17,1000000.00,4.369241,101.515625
08:02:15,91282CKN0,TSRYS5793018,D,S,D,2024-05-17,2000000.00,4.369241,101.515625
08:02:15,91282CKN0,TSRYS5793018,D,S,C,2024-05-17,1000000.00,4.369216,101.515775
08:02:15,91282CKN0,TSRYS5793018,D,S,C,2024-05-17,2000000.00,4.369216,101.515775
08:02:15,91282CKN0,TSRYS5793018,D,B,C,2024-05-17,1000000.00,4.369241,101.515625
08:02:15,91282CKN0,TSRYS5793018,D,S,T,2024-05-17,3000000.00,4.397643,101.34570312
08:02:15,91282CKN0,TSRYS5793018,D,S,T,2024-05-17,3000000.00,4.397316,101.34765625
08:02:15,91282CKN0,TSRYS5793018,D,S,C,2024-05-17,1000000.00,4.397316,101.34765625
08:02:15,91282CKN0,TSRYS5793018,D,S,T,2024-05-17,2000000.00,4.397316,101.34765625
08:02:15,91282CKN0,TSRYS5793018,D,S,C,2024-05-17,2000000.00,4.397316,101.34765625
08:02:16,91282CKN0,TSRYS5793018,D,B,C,2024-05-17,1000000.00,4.369241,101.515625
08:02:16,91282CKN0,TSRYS5793018,D,S,D,2024-05-17,1000000.00,4.369241,101.515625
08:02:16,91282CKN0,TSRYS5793018,D,S,C,2024-05-17,1000000.00,4.369191,101.515925
08:02:16,91282CKN0,TSRYS5793018,D,B,C,2024-05-17,1000000.00,4.369241,101.515625
08:02:16,91282CKN0,TSRYS5793018,D,B,C,2024-05-17,1000000.00,4.369241,101.515625
08:02:16,91282CKN0,TSRYS5793018,D,S,C,2024-05-17,1000000.00,4.369191,101.515925
08:02:16,91282CKN0,TSRYS5793018,D,S,C,2024-05-17,1000000.00,4.369208,101.515825
08:02:16,91282CKN0,TSRYS5793018,D,S,D,2024-05-17,1000000.00,4.369241,101.515625
08:02:16,91282CKN0,TSRYS5793018,D,B,C,2024-05-17,1000000.00,4.369266,101.515475
08:02:16,91282CKN0,TSRYS5793018,D,B,C,2024-05-17,1000000.00,4.369266,101.515475
08:02:17,91282CKN0,TSRYS5793018,D,B,C,2024-05-17,1000000.00,4.371851,101.5
08:02:17,91282CKN0,TSRYS5793018,D,S,C,2024-05-17,2000000.00,4.371851,101.5
08:02:17,91282CKN0,TSRYS5793018,D,S,C,2024-05-17,1000000.00,4.371817,101.5002
08:02:17,91282CKN0,TSRYS5793018,D,S,C,2024-05-17,1000000.00,4.374419,101.484625
08:02:17,91282CKN0,TSRYS5793018,D,S,C,2024-05-17,1000000.00,4.371817,101.5002
08:02:17,91282CKN0,TSRYS5793018,D,S,A,2024-05-17,5000000.00,4.395942,101.35586875
08:02:17,91282CKN0,TSRYS5793018,D,S,C,2024-05-17,1000000.00,4.371817,101.5002
08:02:17,91282CKN0,TSRYS5793018,D,B,C,2024-05-17,1000000.00,4.371851,101.5
08:02:17,91282CKN0,TSRYS5793018,D,B,C,2024-05-17,2000000.00,4.371851,101.5
08:02:17,91282CKN0,TSRYS5793018,D,B,C,2024-05-17,1000000.00,4.371851,101.5
08:02:18,91282CKN0,TSRYS5793018,D,B,C,2024-05-17,1000000.00,4.371876,101.49985
08:02:18,91282CKN0,TSRYS5793018,D,S,C,2024-05-17,1000000.00,4.371817,101.5002
08:02:18,91282CKN0,TSRYS5793018,D,B,C,2024-05-17,1000000.00,4.371851,101.5
08:02:18,91282CKN0,TSRYS5793018,D,B,C,2024-05-17,1000000.00,4.37449,101.4842
08:02:18,91282CKN0,TSRYS5793018,D,S,C,2024-05-17,1000000.00,4.371851,101.5
08:02:18,91282CKN0,TSRYS5793018,D,B,C,2024-05-17,1000000.00,4.371851,101.5
08:02:18,91282CKN0,TSRYS5793018,D,S,C,2024-05-17,1000000.00,4.371851,101.5
08:02:18,91282CKN0,TSRYS5793018,D,B,C,2024-05-17,50000000.00,4.37257,101.49569375
08:02:18,91282CKN0,TSRYS5793018,D,S,C,2024-05-17,1000000.00,4.374427,101.484575
08:02:19,91282CKN0,TSRYS5793018,D,S,T,2024-05-17,6000000.00,4.372177,101.498046875
08:02:19,91282CKN0,TSRYS5793018,D,S,T,2024-05-17,1000000.00,4.372177,101.498046875
08:02:19,91282CKN0,TSRYS5793018,D,S,T,2024-05-17,1000000.00,4.372177,101.498046875
08:02:19,91282CKN0,TSRYS5793018,D,S,T,2024-05-17,2000000.00,4.372177,101.498046875
08:02:19,91282CKN0,TSRYS5793018,D,B,C,2024-05-17,42000000.00,4.379682,101.453125
08:02:19,91282CKN0,TSRYS5793018,D,S,D,2024-05-17,1000000.00,4.371829,101.50013
08:02:19,91282CKN0,TSRYS5793018,D,S,D,2024-05-17,1000000.00,4.371829,101.50013
08:02:19,91282CKN0,TSRYS5793018,D,S,D,2024-05-17,1000000.00,4.371829,101.50013
08:02:19,91282CKN0,TSRYS5793018,D,B,C,2024-05-17,1000000.00,4.371851,101.5
08:02:19,91282CKN0,TSRYS5793018,D,B,C,2024-05-17,1000000.00,4.371851,101.5
08:02:19,91282CKN0,TSRYS5793018,D,B,C,2024-05-17,1000000.00,4.371851,101.5
08:02:19,91282CKN0,TSRYS5793018,D,S,T,2024-05-17,1000000.00,4.372177,101.498046875
08:02:19,91282CKN0,TSRYS5793018,D,B,C,2024-05-17,1000000.00,4.371851,101.5
08:02:19,91282CKN0,TSRYS5793018,D,B,C,2024-05-17,2000000.00,4.371851,101.5
08:02:19,91282CKN0,TSRYS5793018,D,S,D,2024-05-17,1000000.00,4.371829,101.50013
08:02:19,91282CKN0,TSRYS5793018,D,S,C,2024-05-17,2000000.00,4.371801,101.5003
08:02:19,91282CKN0,TSRYS5793018,D,S,T,2024-05-17,5000000.00,4.372177,101.498046875
08:02:19,91282CKN0,TSRYS5793018,D,S,T,2024-05-17,1000000.00,4.372177,101.498046875
08:02:19,91282CKN0,TSRYS5793018,D,S,D,2024-05-17,1000000.00,4.371829,101.50013
08:02:19,91282CKN0,TSRYS5793018,D,S,D,2024-05-17,1000000.00,4.371829,101.50013
08:02:19,91282CKN0,TSRYS5793018,D,B,C,2024-05-17,1000000.00,4.371851,101.5
08:02:19,91282CKN0,TSRYS5793018,D,S,T,2024-05-17,1000000.00,4.372503,101.49609375
08:02:19,91282CKN0,TSRYS5793018,D,S,D,2024-05-17,1000000.00,4.371851,101.5
08:02:19,91282CKN0,TSRYS5793018,D,S,T,2024-05-17,2000000.00,4.372503,101.49609375
08:02:19,91282CKN0,TSRYS5793018,D,S,T,2024-05-17,3000000.00,4.372503,101.49609375
08:02:19,91282CKN0,TSRYS5793018,D,S,T,2024-05-17,2000000.00,4.372503,101.49609375
08:02:20,91282CKN0,TSRYS5793018,D,S,T,2024-05-17,1000000.00,4.372503,101.49609375
08:02:20,91282CKN0,TSRYS5793018,D,S,T,2024-05-17,4000000.00,4.372503,101.49609375
08:02:20,91282CKN0,TSRYS5793018,D,B,C,2024-05-17,1000000.00,4.371851,101.5
08:02:20,91282CKN0,TSRYS5793018,D,S,D,2024-05-17,1000000.00,4.371851,101.5
08:02:20,91282CKN0,TSRYS5793018,D,S,D,2024-05-17,2000000.00,4.375766,101.4765625
08:02:20,91282CKN0,TSRYS5793018,D,B,C,2024-05-17,1000000.00,4.375766,101.4765625
08:02:20,91282CKN0,TSRYS5793018,D,S,D,2024-05-17,1000000.00,4.375766,101.4765625
08:02:20,91282CKN0,TSRYS5793018,D,S,D,2024-05-17,1000000.00,4.375766,101.4765625
08:02:20,91282CKN0,TSRYS5793018,D,B,C,2024-05-17,1000000.00,4.375766,101.4765625
08:02:20,91282CKN0,TSRYS5793018,D,S,D,2024-05-17,1000000.00,4.375766,101.4765625
08:02:20,91282CKN0,TSRYS5793018,D,B,C,2024-05-17,1000000.00,4.375766,101.4763875
08:02:20,91282CKN0,TSRYS5793018,D,S,D,2024-05-17,1000000.00,4.375766,101.4765625
08:02:20,91282CKN0,TSRYS5793018,D,S,D,2024-05-17,1000000.00,4.375439,101.478515625
08:02:20,91282CKN0,TSRYS5793018,D,B,C,2024-05-17,2000000.00,4.375439,101.478515625
08:02:20,91282CKN0,TSRYS5793018,D,S,D,2024-05-17,2000000.00,4.375439,101.478515625
08:02:20,91282CKN0,TSRYS5793018,D,B,C,2024-05-17,2000000.00,4.374787,101.482421875
08:02:20,91282CKN0,TSRYS5793018,D,S,D,2024-05-17,2000000.00,4.374787,101.482421875
08:02:20,91282CKN0,TSRYS5793018,D,B,C,2024-05-17,1000000.00,4.374787,101.482421875
08:02:20,91282CKN0,TSRYS5793018,D,S,D,2024-05-17,1000000.00,4.374787,101.482421875
08:02:20,91282CKN0,TSRYS5793018,D,S,D,2024-05-17,1000000.00,4.374461,101.484375
08:02:20,91282CKN0,TSRYS5793018,D,S,D,2024-05-17,2000000.00,4.373808,101.48828125
08:02:21,91282CKN0,TSRYS5793018,D,S,D,2024-05-17,1000000.00,4.373808,101.48828125
08:02:21,91282CKN0,TSRYS5793018,D,S,D,2024-05-17,1000000.00,4.371829,101.50013
08:02:21,91282CKN0,TSRYS5793018,D,B,C,2024-05-17,3000000.00,4.375113,101.48046875
08:02:21,91282CKN0,TSRYS5793018,D,S,D,2024-05-17,3000000.00,4.375113,101.48046875
08:02:21,91282CKN0,TSRYS5793018,D,S,C,2024-05-17,17000000.00,4.371455,101.50237
08:02:21,91282CKN0,TSRYS5793018,D,S,D,2024-05-17,6000000.00,4.372729,101.4947427
08:02:21,91282CKN0,TSRYS5793018,D,S,C,2024-05-17,527000.00,4.380987,101.4453125
08:02:21,91282CKN0,TSRYS5793018,D,S,T,2024-05-17,1000000.00,4.384904,101.421875
08:02:22,91282CKN0,TSRYS5793018,D,S,C,2024-05-17,5000000.00,4.390847,101.38633
08:02:22,91282CKN0,TSRYS5793018,D,S,C,2024-05-17,1000000.00,4.371826,101.50015
08:02:22,91282CKN0,TSRYS5793018,D,S,C,2024-05-17,1000000.00,4.371826,101.50015
08:02:22,91282CKN0,TSRYS5793018,D,S,D,2024-05-17,22000000.00,4.380566,101.44783
08:02:22,91282CKN0,TSRYS5793018,D,S,C,2024-05-17,1000000.00,4.371851,101.5
08:02:22,91282CKN0,TSRYS5793018,D,S,C,2024-05-17,1000000.00,4.371851,101.5
08:02:22,91282CKN0,TSRYS5793018,D,S,C,2024-05-17,1000000.00,4.371801,101.5003
08:02:22,91282CKN0,TSRYS5793018,D,S,D,2024-05-17,1000000.00,4.371851,101.5
08:02:22,91282CKN0,TSRYS5793018,D,B,C,2024-05-17,1000000.00,4.371876,101.49985
08:02:22,91282CKN0,TSRYS5793018,D,B,C,2024-05-17,1000000.00,4.371876,101.49985
08:02:22,91282CKN0,TSRYS5793018,D,S,C,2024-05-17,1000000.00,4.371801,101.5003
08:02:22,91282CKN0,TSRYS5793018,D,S,C,2024-05-17,1000000.00,4.371817,101.5002
08:02:22,91282CKN0,TSRYS5793018,D,S,C,2024-05-17,1000000.00,4.371801,101.5003
08:02:23,91282CKN0,TSRYS5793018,D,B,C,2024-05-17,1000000.00,4.371851,101.5
08:02:23,91282CKN0,TSRYS5793018,D,S,C,2024-05-17,1000000.00,4.371851,101.5
08:02:23,91282CKN0,TSRYS5793018,D,S,D,2024-05-17,1000000.00,4.374461,101.484375
08:02:23,91282CKN0,TSRYS5793018,D,S,D,2024-05-17,1000000.00,4.371851,101.5
08:02:23,91282CKN0,TSRYS5793018,D,S,C,2024-05-17,1000000.00,4.371817,101.5002
08:02:23,91282CKN0,TSRYS5793018,D,S,C,2024-05-17,2000000.00,4.371801,101.5003
08:02:23,91282CKN0,TSRYS5793018,D,S,D,2024-05-17,1000000.00,4.371851,101.5
08:02:23,91282CKN0,TSRYS5793018,D,S,D,2024-05-17,1000000.00,4.374461,101.484375
08:02:24,91282CKN0,TSRYS5793018,D,S,D,2024-05-17,1000000.00,4.374461,101.484375
08:02:24,91282CKN0,TSRYS5793018,D,B,C,2024-05-17,2000000.00,4.373808,101.48828125
08:02:24,91282CKN0,TSRYS5793018,D,S,D,2024-05-17,2000000.00,4.373808,101.48828125
08:02:24,91282CKN0,TSRYS5793018,D,S,D,2024-05-17,1000000.00,4.373482,101.490234375
08:02:24,91282CKN0,TSRYS5793018,D,S,D,2024-05-17,1000000.00,4.374461,101.484375
08:02:24,91282CKN0,TSRYS5793018,D,S,D,2024-05-17,2000000.00,4.373808,101.48828125
08:02:24,91282CKN0,TSRYS5793018,D,S,C,2024-05-17,1000000.00,4.371851,101.5
08:02:24,91282CKN0,TSRYS5793018,D,S,C,2024-05-17,2000000.00,4.371801,101.5003
08:02:24,91282CKN0,TSRYS5793018,D,S,C,2024-05-17,1000000.00,4.371851,101.5
08:02:24,91282CKN0,TSRYS5793018,D,S,C,2024-05-17,1000000.00,4.371851,101.5
08:02:25,91282CKN0,TSRYS5793018,D,S,T,2024-05-17,2000000.00,4.384904,101.421875
08:02:25,91282CKN0,TSRYS5793018,D,B,C,2024-05-17,3000000.00,4.371876,101.49985
08:02:25,91282CKN0,TSRYS5793018,D,S,C,2024-05-17,3000000.00,4.371801,101.5003
08:02:25,91282CKN0,TSRYS5793018,D,S,C,2024-05-17,3000000.00,4.371801,101.5003
08:02:25,91282CKN0,TSRYS5793018,D,B,C,2024-05-17,3000000.00,4.371876,101.49985
08:02:25,91282CKN0,TSRYS5793018,D,S,C,2024-05-17,2000000.00,4.374461,101.484375
08:02:25,91282CKN0,TSRYS5793018,D,B,C,2024-05-17,1000000.00,4.374502,101.484125
08:02:25,91282CKN0,TSRYS5793018,D,S,C,2024-05-17,1000000.00,4.374461,101.484375
08:02:26,91282CKN0,TSRYS5793018,D,S,C,2024-05-17,1000000.00,4.374461,101.484375
08:02:26,91282CKN0,TSRYS5793018,D,S,C,2024-05-17,1000000.00,4.374461,101.484375
08:02:27,91282CKN0,TSRYS5793018,D,S,C,2024-05-17,1000000.00,4.377071,101.46875
08:02:27,91282CKN0,TSRYS5793018,D,S,C,2024-05-17,1000000.00,4.377071,101.46875
08:02:27,91282CKN0,TSRYS5793018,D,B,C,2024-05-17,1000000.00,4.377071,101.46875
08:02:27,91282CKN0,TSRYS5793018,D,B,C,2024-05-17,1000000.00,4.377071,101.46875
08:02:27,91282CKN0,TSRYS5793018,D,S,C,2024-05-17,1000000.00,4.377021,101.46905
08:02:27,91282CKN0,TSRYS5793018,D,B,C,2024-05-17,1000000.00,4.377071,101.46875
08:02:27,91282CKN0,TSRYS5793018,D,S,C,2024-05-17,1000000.00,4.377021,101.46905
08:02:27,91282CKN0,TSRYS5793018,D,B,C,2024-05-17,1000000.00,4.377113,101.4685
08:02:27,91282CKN0,TSRYS5793018,D,S,C,2024-05-17,1000000.00,4.377071,101.46875
08:02:27,91282CKN0,TSRYS5793018,D,S,T,2024-05-17,1000000.00,4.384904,101.421875
08:02:27,91282CKN0,TSRYS5793018,D,S,C,2024-05-17,1000000.00,4.377071,101.46875
08:02:27,91282CKN0,TSRYS5793018,D,S,C,2024-05-17,1000000.00,4.377071,101.46875
08:02:28,91282CKN0,TSRYS5793018,D,B,C,2024-05-17,1000000.00,4.377096,101.4686
08:02:28,91282CKN0,TSRYS5793018,D,S,C,2024-05-17,1000000.00,4.377033,101.468975
08:02:28,91282CKN0,TSRYS5793018,D,B,C,2024-05-17,1000000.00,4.377096,101.4686
08:02:28,91282CKN0,TSRYS5793018,D,S,D,2024-05-17,2000000.00,4.377071,101.46875
08:02:28,91282CKN0,TSRYS5793018,D,S,D,2024-05-17,1000000.00,4.377071,101.46875
08:02:28,91282CKN0,TSRYS5793018,D,S,D,2024-05-17,2000000.00,4.377071,101.46875
08:02:28,91282CKN0,TSRYS5793018,D,B,C,2024-05-17,2000000.00,4.377096,101.4686
08:02:28,91282CKN0,TSRYS5793018,D,B,C,2024-05-17,2000000.00,4.377096,101.4686
08:02:28,91282CKN0,TSRYS5793018,D,S,D,2024-05-17,1000000.00,4.377071,101.46875
08:02:28,91282CKN0,TSRYS5793018,D,B,C,2024-05-17,1000000.00,4.377096,101.4686
08:02:29,91282CKN0,TSRYS5793018,D,S,C,2024-05-17,1000000.00,4.379682,101.453125
08:02:29,91282CKN0,TSRYS5793018,D,S,C,2024-05-17,1000000.00,4.379682,101.453125
