tradeTime,cusip,issueSymbolIdentifier,priceType,reportingSideCode,contraPartyTypeCode,tradeDate,reportedTradeVolume,lastSaleYield,lastSalePrice
08:00:01,91282CLD1,TSRYS5850288,D,S,D,2024-08-26,1000000.00,3.689117,102.640625
08:00:01,91282CLD1,TSRYS5850288,D,S,D,2024-08-26,1000000.00,3.682457,102.681640625
08:00:01,91282CLD1,TSRYS5850288,D,S,D,2024-08-26,1000000.00,3.681823,102.685546875
08:00:01,91282CLD1,TSRYS5850288,D,S,D,2024-08-26,2000000.00,3.681823,102.685546875
08:00:01,91282CLD1,TSRYS5850288,D,S,D,2024-08-26,1000000.00,3.681823,102.685546875
08:00:01,91282CLD1,TSRYS5850288,D,S,D,2024-08-26,1000000.00,3.678335,102.70703125
08:00:01,91282CLD1,TSRYS5850288,D,S,D,2024-08-26,1000000.00,3.677384,102.712890625
08:00:01,91282CLD1,TSRYS5850288,D,S,D,2024-08-26,1000000.00,3.67675,102.716796875
08:00:01,91282CLD1,TSRYS5850288,D,S,D,2024-08-26,1000000.00,3.67675,102.716796875
08:00:01,91282CLD1,TSRYS5850288,D,S,D,2024-08-26,1000000.00,3.67675,102.716796875
08:00:01,91282CLD1,TSRYS5850288,D,S,D,2024-08-26,1000000.00,3.677701,102.7109375
08:00:01,91282CLD1,TSRYS5850288,D,S,T,2024-08-26,1000000.00,3.675483,102.724609375
08:00:01,91282CLD1,TSRYS5850288,D,S,T,2024-08-26,2000000.00,3.675483,102.724609375
08:00:01,91282CLD1,TSRYS5850288,D,S,T,2024-08-26,1000000.00,3.675483,102.724609375
08:00:01,91282CLD1,TSRYS5850288,D,S,T,2024-08-26,1000000.00,3.675483,102.724609375
08:00:02,91282CLD1,TSRYS5850288,D,S,D,2024-08-26,1000000.00,3.678018,102.708984375
08:00:02,91282CLD1,TSRYS5850288,D,S,D,2024-08-26,1000000.00,3.678018,102.708984375
08:00:02,91282CLD1,TSRYS5850288,D,S,D,2024-08-26,1000000.00,3.678018,102.708984375
08:00:02,91282CLD1,TSRYS5850288,D,S,D,2024-08-26,1000000.00,3.678018,102.708984375
08:00:02,91282CLD1,TSRYS5850288,D,S,T,2024-08-26,1000000.00,3.680555,102.693359375
08:00:02,91282CLD1,TSRYS5850288,D,S,T,2024-08-26,2000000.00,3.679603,102.69921875
08:00:02,91282CLD1,TSRYS5850288,D,S,T,2024-08-26,1000000.00,3.68214,102.68359375
08:00:02,91282CLD1,TSRYS5850288,D,S,T,2024-08-26,1000000.00,3.68214,102.68359375
08:00:02,91282CLD1,TSRYS5850288,D,S,T,2024-08-26,1000000.00,3.682774,102.6796875
08:00:02,91282CLD1,TSRYS5850288,D,S,T,2024-08-26,2000000.00,3.68214,102.68359375
08:00:02,91282CLD1,TSRYS5850288,D,S,T,2024-08-26,1000000.00,3.68436,102.669921875
08:00:02,91282CLD1,TSRYS5850288,D,S,D,2024-08-26,1000000.00,3.681189,102.689453125
08:00:02,91282CLD1,TSRYS5850288,D,S,D,2024-08-26,1000000.00,3.681506,102.6875
08:00:02,91282CLD1,TSRYS5850288,D,S,D,2024-08-26,2000000.00,3.685311,102.6640625
08:00:02,91282CLD1,TSRYS5850288,D,S,D,2024-08-26,2000000.00,3.685311,102.6640625
08:00:02,91282CLD1,TSRYS5850288,D,S,D,2024-08-26,1000000.00,3.684677,102.66796875
08:00:02,91282CLD1,TSRYS5850288,D,S,D,2024-08-26,1000000.00,3.684677,102.66796875
08:00:02,91282CLD1,TSRYS5850288,D,S,T,2024-08-26,2000000.00,3.684042,102.671875
08:00:02,91282CLD1,TSRYS5850288,D,S,D,2024-08-26,2000000.00,3.684042,102.671875
08:00:02,91282CLD1,TSRYS5850288,D,S,D,2024-08-26,2000000.00,3.684042,102.671875
08:00:02,91282CLD1,TSRYS5850288,D,S,T,2024-08-26,2000000.00,3.684042,102.671875
08:00:02,91282CLD1,TSRYS5850288,D,S,D,2024-08-26,2000000.00,3.684042,102.671875
08:00:02,91282CLD1,TSRYS5850288,D,S,D,2024-08-26,2000000.00,3.684042,102.671875
08:00:02,91282CLD1,TSRYS5850288,D,S,D,2024-08-26,1000000.00,3.684042,102.671875
08:00:02,91282CLD1,TSRYS5850288,D,S,D,2024-08-26,2000000.00,3.683408,102.67578125
08:00:02,91282CLD1,TSRYS5850288,D,S,D,2024-08-26,2000000.00,3.683408,102.67578125
08:00:02,91282CLD1,TSRYS5850288,D,S,D,2024-08-26,2000000.00,3.683408,102.67578125
08:00:02,91282CLD1,TSRYS5850288,D,S,D,2024-08-26,2000000.00,3.682457,102.681640625
08:00:02,91282CLD1,TSRYS5850288,D,S,D,2024-08-26,1000000.00,3.682457,102.681640625
08:00:02,91282CLD1,TSRYS5850288,D,S,D,2024-08-26,1000000.00,3.682457,102.681640625
08:00:02,91282CLD1,TSRYS5850288,D,S,D,2024-08-26,1000000.00,3.682457,102.681640625
08:00:02,91282CLD1,TSRYS5850288,D,S,D,2024-08-26,1000000.00,3.682457,102.681640625
08:00:02,91282CLD1,TSRYS5850288,D,S,D,2024-08-26,1000000.00,3.682457,102.681640625
08:00:02,91282CLD1,TSRYS5850288,D,S,D,2024-08-26,1000000.00,3.68214,102.68359375
08:00:02,91282CLD1,TSRYS5850288,D,S,D,2024-08-26,1000000.00,3.683408,102.67578125
08:00:02,91282CLD1,TSRYS5850288,D,S,D,2024-08-26,2000000.00,3.683408,102.67578125
08:00:02,91282CLD1,TSRYS5850288,D,S,D,2024-08-26,1000000.00,3.682774,102.6796875
08:00:02,91282CLD1,TSRYS5850288,D,S,D,2024-08-26,2000000.00,3.683725,102.673828125
08:00:02,91282CLD1,TSRYS5850288,D,S,D,2024-08-26,2000000.00,3.683725,102.673828125
08:00:02,91282CLD1,TSRYS5850288,D,S,D,2024-08-26,2000000.00,3.683725,102.673828125
08:00:03,91282CLD1,TSRYS5850288,D,S,D,2024-08-26,2000000.00,3.680555,102.693359375
08:00:03,91282CLD1,TSRYS5850288,D,S,D,2024-08-26,2000000.00,3.680555,102.693359375
08:00:03,91282CLD1,TSRYS5850288,D,S,D,2024-08-26,2000000.00,3.680555,102.693359375
08:00:03,91282CLD1,TSRYS5850288,D,S,D,2024-08-26,2000000.00,3.680237,102.6953125
08:00:03,91282CLD1,TSRYS5850288,D,S,D,2024-08-26,2000000.00,3.680237,102.6953125
08:00:03,91282CLD1,TSRYS5850288,D,S,D,2024-08-26,2000000.00,3.680237,102.6953125
08:00:03,91282CLD1,TSRYS5850288,D,S,D,2024-08-26,2000000.00,3.680237,102.6953125
08:00:03,91282CLD1,TSRYS5850288,D,S,D,2024-08-26,2000000.00,3.680237,102.6953125
08:00:03,91282CLD1,TSRYS5850288,D,S,D,2024-08-26,2000000.00,3.680237,102.6953125
08:00:03,91282CLD1,TSRYS5850288,D,S,D,2024-08-26,2000000.00,3.680237,102.6953125
08:00:03,91282CLD1,TSRYS5850288,D,S,D,2024-08-26,2000000.00,3.680237,102.6953125
08:00:03,91282CLD1,TSRYS5850288,D,S,D,2024-08-26,2000000.00,3.680237,102.6953125
08:00:03,91282CLD1,TSRYS5850288,D,S,D,2024-08-26,2000000.00,3.683725,102.673828125
08:00:03,91282CLD1,TSRYS5850288,D,S,T,2024-08-26,1000000.00,3.683725,102.673828125
08:00:03,91282CLD1,TSRYS5850288,D,S,D,2024-08-26,2000000.00,3.683725,102.673828125
08:00:03,91282CLD1,TSRYS5850288,D,S,D,2024-08-26,2000000.00,3.685945,102.66015625
08:00:03,91282CLD1,TSRYS5850288,D,S,D,2024-08-26,2000000.00,3.685945,102.66015625
08:00:03,91282CLD1,TSRYS5850288,D,S,D,2024-08-26,2000000.00,3.686262,102.658203125
08:00:03,91282CLD1,TSRYS5850288,D,S,D,2024-08-26,2000000.00,3.686262,102.658203125
08:00:03,91282CLD1,TSRYS5850288,D,S,D,2024-08-26,2000000.00,3.686262,102.658203125
08:00:03,91282CLD1,TSRYS5850288,D,S,D,2024-08-26,1000000.00,3.686262,102.658203125
08:00:03,91282CLD1,TSRYS5850288,D,S,D,2024-08-26,2000000.00,3.686262,102.658203125
08:00:03,91282CLD1,TSRYS5850288,D,S,T,2024-08-26,1000000.00,3.686262,102.658203125
08:00:03,91282CLD1,TSRYS5850288,D,S,D,2024-08-26,2000000.00,3.686262,102.658203125
08:00:03,91282CLD1,TSRYS5850288,D,S,D,2024-08-26,2000000.00,3.689752,102.63671875
08:00:03,91282CLD1,TSRYS5850288,D,S,D,2024-08-26,1000000.00,3.689752,102.63671875
08:00:03,91282CLD1,TSRYS5850288,D,S,D,2024-08-26,1000000.00,3.688166,102.646484375
08:00:03,91282CLD1,TSRYS5850288,D,S,D,2024-08-26,2000000.00,3.688483,102.64453125
08:00:03,91282CLD1,TSRYS5850288,D,S,D,2024-08-26,2000000.00,3.687848,102.6484375
08:00:03,91282CLD1,TSRYS5850288,D,S,D,2024-08-26,1000000.00,3.687848,102.6484375
08:00:03,91282CLD1,TSRYS5850288,D,S,T,2024-08-26,1000000.00,3.685628,102.662109375
08:00:03,91282CLD1,TSRYS5850288,D,S,D,2024-08-26,2000000.00,3.685628,102.662109375
08:00:03,91282CLD1,TSRYS5850288,D,S,T,2024-08-26,1000000.00,3.685628,102.662109375
08:00:03,91282CLD1,TSRYS5850288,D,S,D,2024-08-26,2000000.00,3.685628,102.662109375
08:00:03,91282CLD1,TSRYS5850288,D,S,T,2024-08-26,1000000.00,3.684677,102.66796875
08:00:03,91282CLD1,TSRYS5850288,D,S,D,2024-08-26,2000000.00,3.684677,102.66796875
08:00:03,91282CLD1,TSRYS5850288,D,S,T,2024-08-26,1000000.00,3.68658,102.65625
08:00:03,91282CLD1,TSRYS5850288,D,S,D,2024-08-26,2000000.00,3.68658,102.65625
08:00:03,91282CLD1,TSRYS5850288,D,S,T,2024-08-26,1000000.00,3.68658,102.65625
08:00:03,91282CLD1,TSRYS5850288,D,S,D,2024-08-26,1000000.00,3.68658,102.65625
08:00:03,91282CLD1,TSRYS5850288,D,S,D,2024-08-26,1000000.00,3.68436,102.669921875
08:00:03,91282CLD1,TSRYS5850288,D,S,D,2024-08-26,1000000.00,3.68436,102.669921875
08:00:03,91282CLD1,TSRYS5850288,D,S,D,2024-08-26,1000000.00,3.68436,102.669921875
08:00:03,91282CLD1,TSRYS5850288,D,S,D,2024-08-26,1000000.00,3.68436,102.669921875
08:00:03,91282CLD1,TSRYS5850288,D,S,D,2024-08-26,1000000.00,3.684042,102.671875
08:00:03,91282CLD1,TSRYS5850288,D,S,D,2024-08-26,1000000.00,3.684042,102.671875
08:00:03,91282CLD1,TSRYS5850288,D,S,D,2024-08-26,1000000.00,3.681506,102.6875
08:00:03,91282CLD1,TSRYS5850288,D,S,D,2024-08-26,1000000.00,3.678652,102.705078125
08:00:03,91282CLD1,TSRYS5850288,D,S,D,2024-08-26,1000000.00,3.678335,102.70703125
08:00:03,91282CLD1,TSRYS5850288,D,S,D,2024-08-26,1000000.00,3.678969,102.703125
08:00:03,91282CLD1,TSRYS5850288,D,S,D,2024-08-26,1000000.00,3.678969,102.703125
08:00:03,91282CLD1,TSRYS5850288,D,S,D,2024-08-26,1000000.00,3.678969,102.703125
08:00:03,91282CLD1,TSRYS5850288,D,S,D,2024-08-26,1000000.00,3.678969,102.703125
08:00:03,91282CLD1,TSRYS5850288,D,S,D,2024-08-26,1000000.00,3.678969,102.703125
08:00:03,91282CLD1,TSRYS5850288,D,S,T,2024-08-26,1000000.00,3.678969,102.703125
08:00:03,91282CLD1,TSRYS5850288,D,S,T,2024-08-26,1000000.00,3.678969,102.703125
08:00:03,91282CLD1,TSRYS5850288,D,S,T,2024-08-26,1000000.00,3.678969,102.703125
08:00:03,91282CLD1,TSRYS5850288,D,S,T,2024-08-26,1000000.00,3.678969,102.703125
08:00:03,91282CLD1,TSRYS5850288,D,S,T,2024-08-26,1000000.00,3.678969,102.703125
08:00:03,91282CLD1,TSRYS5850288,D,S,D,2024-08-26,1000000.00,3.67675,102.716796875
08:00:03,91282CLD1,TSRYS5850288,D,S,D,2024-08-26,1000000.00,3.67675,102.716796875
08:00:03,91282CLD1,TSRYS5850288,D,S,D,2024-08-26,1000000.00,3.68214,102.68359375
08:00:03,91282CLD1,TSRYS5850288,D,S,D,2024-08-26,1000000.00,3.68214,102.68359375
08:00:03,91282CLD1,TSRYS5850288,D,S,D,2024-08-26,1000000.00,3.68214,102.68359375
08:00:03,91282CLD1,TSRYS5850288,D,S,D,2024-08-26,1000000.00,3.68214,102.68359375
08:00:03,91282CLD1,TSRYS5850288,D,S,D,2024-08-26,1000000.00,3.684042,102.671875
08:00:03,91282CLD1,TSRYS5850288,D,S,D,2024-08-26,1000000.00,3.684042,102.671875
08:00:03,91282CLD1,TSRYS5850288,D,S,D,2024-08-26,1000000.00,3.684042,102.671875
08:00:03,91282CLD1,TSRYS5850288,D,S,D,2024-08-26,2000000.00,3.6888,102.642578125
08:00:03,91282CLD1,TSRYS5850288,D,S,D,2024-08-26,1000000.00,3.691338,102.626953125
08:00:03,91282CLD1,TSRYS5850288,D,S,D,2024-08-26,1000000.00,3.689117,102.640625
08:00:03,91282CLD1,TSRYS5850288,D,S,D,2024-08-26,1000000.00,3.689117,102.640625
08:00:03,91282CLD1,TSRYS5850288,D,S,D,2024-08-26,1000000.00,3.689117,102.640625
08:00:03,91282CLD1,TSRYS5850288,D,S,D,2024-08-26,1000000.00,3.689117,102.640625
08:00:03,91282CLD1,TSRYS5850288,D,S,D,2024-08-26,1000000.00,3.689117,102.640625
08:00:03,91282CLD1,TSRYS5850288,D,S,D,2024-08-26,1000000.00,3.689117,102.640625
08:00:03,91282CLD1,TSRYS5850288,D,S,D,2024-08-26,2000000.00,3.689117,102.640625
08:00:03,91282CLD1,TSRYS5850288,D,S,D,2024-08-26,1000000.00,3.689117,102.640625
08:00:03,91282CLD1,TSRYS5850288,D,S,D,2024-08-26,2000000.00,3.698637,102.58203125
08:00:03,91282CLD1,TSRYS5850288,D,S,D,2024-08-26,1000000.00,3.704353,102.546875
08:00:03,91282CLD1,TSRYS5850288,D,S,D,2024-08-26,1000000.00,3.704353,102.546875
08:00:03,91282CLD1,TSRYS5850288,D,S,D,2024-08-26,2000000.00,3.707211,102.529296875
08:00:03,91282CLD1,TSRYS5850288,D,S,D,2024-08-26,2000000.00,3.707211,102.529296875
08:00:03,91282CLD1,TSRYS5850288,D,S,D,2024-08-26,2000000.00,3.707211,102.529296875
08:00:03,91282CLD1,TSRYS5850288,D,S,D,2024-08-26,2000000.00,3.707211,102.529296875
08:00:03,91282CLD1,TSRYS5850288,D,S,D,2024-08-26,2000000.00,3.709435,102.515625
08:00:03,91282CLD1,TSRYS5850288,D,S,D,2024-08-26,4000000.00,3.709435,102.515625
08:00:03,91282CLD1,TSRYS5850288,D,S,D,2024-08-26,1000000.00,3.708482,102.521484375
08:00:03,91282CLD1,TSRYS5850288,D,S,D,2024-08-26,1000000.00,3.708482,102.521484375
08:00:03,91282CLD1,TSRYS5850288,D,S,D,2024-08-26,1000000.00,3.708482,102.521484375
08:00:03,91282CLD1,TSRYS5850288,D,S,D,2024-08-26,1000000.00,3.707846,102.525390625
08:00:03,91282CLD1,TSRYS5850288,D,S,D,2024-08-26,1000000.00,3.707211,102.529296875
08:00:03,91282CLD1,TSRYS5850288,D,S,D,2024-08-26,2000000.00,3.707211,102.529296875
08:00:03,91282CLD1,TSRYS5850288,D,S,D,2024-08-26,1000000.00,3.707211,102.529296875
08:00:03,91282CLD1,TSRYS5850288,D,S,C,2024-08-26,2000000.00,3.705623,102.5390625
08:00:03,91282CLD1,TSRYS5850288,D,S,D,2024-08-26,2000000.00,3.703717,102.55078125
08:00:03,91282CLD1,TSRYS5850288,D,S,C,2024-08-26,1000000.00,3.708482,102.521484375
08:00:03,91282CLD1,TSRYS5850288,D,S,D,2024-08-26,1000000.00,3.708482,102.521484375
08:00:03,91282CLD1,TSRYS5850288,D,S,D,2024-08-26,1000000.00,3.708482,102.521484375
08:00:03,91282CLD1,TSRYS5850288,D,S,D,2024-08-26,1000000.00,3.708482,102.521484375
08:00:03,91282CLD1,TSRYS5850288,D,S,D,2024-08-26,2000000.00,3.708482,102.521484375
08:00:03,91282CLD1,TSRYS5850288,D,S,D,2024-08-26,1000000.00,3.708482,102.521484375
08:00:03,91282CLD1,TSRYS5850288,D,S,T,2024-08-26,2000000.00,3.709435,102.515625
08:00:03,91282CLD1,TSRYS5850288,D,S,D,2024-08-26,2000000.00,3.705941,102.537109375
08:00:03,91282CLD1,TSRYS5850288,D,S,D,2024-08-26,2000000.00,3.705941,102.537109375
08:00:03,91282CLD1,TSRYS5850288,D,S,D,2024-08-26,1000000.00,3.705941,102.537109375
08:00:07,91282CLD1,TSRYS5850288,D,B,C,2024-08-26,7500000.00,3.683408,102.67578125
08:00:12,91282CLD1,TSRYS5850288,D,S,D,2024-08-26,1000000.00,3.687848,102.6484375
08:00:12,91282CLD1,TSRYS5850288,D,S,D,2024-08-26,1000000.00,3.687848,102.6484375
08:00:12,91282CLD1,TSRYS5850288,D,S,D,2024-08-26,1000000.00,3.684994,102.666015625
08:00:12,91282CLD1,TSRYS5850288,D,S,T,2024-08-26,1000000.00,3.684994,102.666015625
08:00:12,91282CLD1,TSRYS5850288,D,S,T,2024-08-26,1000000.00,3.680237,102.6953125
08:00:12,91282CLD1,TSRYS5850288,D,S,T,2024-08-26,1000000.00,3.680237,102.6953125
08:00:12,91282CLD1,TSRYS5850288,D,S,T,2024-08-26,1000000.00,3.680237,102.6953125
08:00:12,91282CLD1,TSRYS5850288,D,S,T,2024-08-26,1000000.00,3.680237,102.6953125
08:00:12,91282CLD1,TSRYS5850288,D,S,T,2024-08-26,1000000.00,3.680237,102.6953125
08:00:12,91282CLD1,TSRYS5850288,D,S,D,2024-08-26,1000000.00,3.677384,102.712890625
08:00:12,91282CLD1,TSRYS5850288,D,S,T,2024-08-26,1000000.00,3.674849,102.728515625
08:00:12,91282CLD1,TSRYS5850288,D,S,T,2024-08-26,1000000.00,3.671363,102.75
08:00:12,91282CLD1,TSRYS5850288,D,S,D,2024-08-26,1000000.00,3.681506,102.6875
08:00:12,91282CLD1,TSRYS5850288,D,S,D,2024-08-26,1000000.00,3.681506,102.6875
08:00:12,91282CLD1,TSRYS5850288,D,S,T,2024-08-26,1000000.00,3.681506,102.6875
08:00:12,91282CLD1,TSRYS5850288,D,S,T,2024-08-26,1000000.00,3.681506,102.6875
08:00:12,91282CLD1,TSRYS5850288,D,S,T,2024-08-26,1000000.00,3.679286,102.701171875
08:00:12,91282CLD1,TSRYS5850288,D,S,T,2024-08-26,1000000.00,3.679286,102.701171875
08:00:12,91282CLD1,TSRYS5850288,D,S,D,2024-08-26,1000000.00,3.679603,102.69921875
08:00:12,91282CLD1,TSRYS5850288,D,S,T,2024-08-26,1000000.00,3.68214,102.68359375
08:00:12,91282CLD1,TSRYS5850288,D,S,T,2024-08-26,1000000.00,3.68214,102.68359375
08:00:12,91282CLD1,TSRYS5850288,D,S,T,2024-08-26,1000000.00,3.68214,102.68359375
08:00:12,91282CLD1,TSRYS5850288,D,S,T,2024-08-26,1000000.00,3.68214,102.68359375
08:00:12,91282CLD1,TSRYS5850288,D,S,T,2024-08-26,1000000.00,3.68214,102.68359375
08:00:12,91282CLD1,TSRYS5850288,D,S,D,2024-08-26,1000000.00,3.68436,102.669921875
08:00:12,91282CLD1,TSRYS5850288,D,S,D,2024-08-26,1000000.00,3.68436,102.669921875
08:00:12,91282CLD1,TSRYS5850288,D,S,D,2024-08-26,1000000.00,3.684042,102.671875
08:00:12,91282CLD1,TSRYS5850288,D,S,T,2024-08-26,1000000.00,3.684042,102.671875
08:00:12,91282CLD1,TSRYS5850288,D,S,D,2024-08-26,1000000.00,3.684042,102.671875
08:00:12,91282CLD1,TSRYS5850288,D,S,D,2024-08-26,1000000.00,3.684042,102.671875
08:00:12,91282CLD1,TSRYS5850288,D,S,T,2024-08-26,1000000.00,3.684042,102.671875
08:00:12,91282CLD1,TSRYS5850288,D,S,D,2024-08-26,1000000.00,3.683725,102.673828125
08:00:12,91282CLD1,TSRYS5850288,D,S,D,2024-08-26,1000000.00,3.682774,102.6796875
08:00:12,91282CLD1,TSRYS5850288,D,S,D,2024-08-26,1000000.00,3.683091,102.677734375
08:00:12,91282CLD1,TSRYS5850288,D,S,D,2024-08-26,1000000.00,3.683725,102.673828125
08:00:12,91282CLD1,TSRYS5850288,D,S,D,2024-08-26,1000000.00,3.683725,102.673828125
08:00:12,91282CLD1,TSRYS5850288,D,S,D,2024-08-26,1000000.00,3.683725,102.673828125
08:00:12,91282CLD1,TSRYS5850288,D,S,D,2024-08-26,1000000.00,3.683408,102.67578125
08:00:12,91282CLD1,TSRYS5850288,D,S,T,2024-08-26,1000000.00,3.683408,102.67578125
08:00:12,91282CLD1,TSRYS5850288,D,S,T,2024-08-26,1000000.00,3.683091,102.677734375
08:00:12,91282CLD1,TSRYS5850288,D,S,T,2024-08-26,1000000.00,3.682774,102.6796875
08:00:12,91282CLD1,TSRYS5850288,D,S,T,2024-08-26,1000000.00,3.682457,102.681640625
08:00:12,91282CLD1,TSRYS5850288,D,S,T,2024-08-26,1000000.00,3.68214,102.68359375
08:00:12,91282CLD1,TSRYS5850288,D,S,T,2024-08-26,1000000.00,3.683408,102.67578125
08:00:12,91282CLD1,TSRYS5850288,D,S,T,2024-08-26,1000000.00,3.683091,102.677734375
08:00:12,91282CLD1,TSRYS5850288,D,S,T,2024-08-26,1000000.00,3.682774,102.6796875
08:00:12,91282CLD1,TSRYS5850288,D,S,T,2024-08-26,1000000.00,3.682457,102.681640625
08:00:12,91282CLD1,TSRYS5850288,D,S,T,2024-08-26,1000000.00,3.68214,102.68359375
08:00:12,91282CLD1,TSRYS5850288,D,S,T,2024-08-26,1000000.00,3.680872,102.69140625
08:00:12,91282CLD1,TSRYS5850288,D,S,D,2024-08-26,1000000.00,3.680237,102.6953125
08:00:12,91282CLD1,TSRYS5850288,D,S,D,2024-08-26,1000000.00,3.680237,102.6953125
08:00:12,91282CLD1,TSRYS5850288,D,S,D,2024-08-26,1000000.00,3.680237,102.6953125
08:00:12,91282CLD1,TSRYS5850288,D,S,T,2024-08-26,1000000.00,3.687848,102.6484375
08:00:12,91282CLD1,TSRYS5850288,D,S,T,2024-08-26,1000000.00,3.687848,102.6484375
08:00:12,91282CLD1,TSRYS5850288,D,S,D,2024-08-26,1000000.00,3.681506,102.6875
08:00:12,91282CLD1,TSRYS5850288,D,S,T,2024-08-26,1000000.00,3.678969,102.703125
08:00:12,91282CLD1,TSRYS5850288,D,S,D,2024-08-26,1000000.00,3.681823,102.685546875
08:00:12,91282CLD1,TSRYS5850288,D,S,D,2024-08-26,1000000.00,3.681823,102.685546875
08:00:12,91282CLD1,TSRYS5850288,D,S,T,2024-08-26,1000000.00,3.683091,102.677734375
08:00:12,91282CLD1,TSRYS5850288,D,S,T,2024-08-26,1000000.00,3.699272,102.578125
08:00:12,91282CLD1,TSRYS5850288,D,S,T,2024-08-26,1000000.00,3.705305,102.541015625
08:00:12,91282CLD1,TSRYS5850288,D,S,D,2024-08-26,1000000.00,3.707846,102.525390625
08:00:12,91282CLD1,TSRYS5850288,D,S,T,2024-08-26,1000000.00,3.706576,102.533203125
08:00:12,91282CLD1,TSRYS5850288,D,S,T,2024-08-26,1000000.00,3.706576,102.533203125
08:00:12,91282CLD1,TSRYS5850288,D,S,D,2024-08-26,1000000.00,3.706576,102.533203125
08:00:12,91282CLD1,TSRYS5850288,D,S,T,2024-08-26,1000000.00,3.706893,102.53125
08:00:12,91282CLD1,TSRYS5850288,D,S,T,2024-08-26,2000000.00,3.709435,102.515625
08:00:12,91282CLD1,TSRYS5850288,D,S,T,2024-08-26,1000000.00,3.704353,102.546875
08:00:12,91282CLD1,TSRYS5850288,D,S,T,2024-08-26,2000000.00,3.703082,102.5546875
08:00:13,91282CLD1,TSRYS5850288,D,S,T,2024-08-26,1000000.00,3.678969,102.703125
08:00:13,91282CLD1,TSRYS5850288,D,B,C,2024-08-26,1000000.00,3.680237,102.6953125
08:00:14,91282CLD1,TSRYS5850288,D,S,D,2024-08-26,1000000.00,3.680237,102.6953125
08:00:14,91282CLD1,TSRYS5850288,D,B,C,2024-08-26,1000000.00,3.678969,102.703125
08:00:15,91282CLD1,TSRYS5850288,D,S,D,2024-08-26,1000000.00,3.678969,102.703125
08:00:17,91282CLD1,TSRYS5850288,D,S,T,2024-08-26,1000000.00,3.689117,102.640625
08:00:17,91282CLD1,TSRYS5850288,D,S,T,2024-08-26,1000000.00,3.687848,102.6484375
08:00:17,91282CLD1,TSRYS5850288,D,S,T,2024-08-26,1000000.00,3.687848,102.6484375
08:00:17,91282CLD1,TSRYS5850288,D,S,T,2024-08-26,1000000.00,3.68658,102.65625
08:00:24,91282CLD1,TSRYS5850288,D,S,D,2024-08-26,1000000.00,3.681506,102.6875
08:00:26,91282CLD1,TSRYS5850288,D,S,C,2024-08-26,30000.00,3.679603,102.71588541667
08:00:26,91282CLD1,TSRYS5850288,D,S,D,2024-08-26,1000000.00,3.680237,102.6953125
08:00:27,91282CLD1,TSRYS5850288,D,S,T,2024-08-26,1000000.00,3.710705,102.5078125
08:00:27,91282CLD1,TSRYS5850288,D,S,T,2024-08-26,1000000.00,3.709435,102.515625
08:00:27,91282CLD1,TSRYS5850288,D,S,T,2024-08-26,1000000.00,3.709117,102.517578125
08:00:27,91282CLD1,TSRYS5850288,D,S,T,2024-08-26,1000000.00,3.709435,102.515625
08:00:27,91282CLD1,TSRYS5850288,D,S,T,2024-08-26,1000000.00,3.706893,102.53125
08:00:27,91282CLD1,TSRYS5850288,D,S,T,2024-08-26,2000000.00,3.706576,102.533203125
08:00:27,91282CLD1,TSRYS5850288,D,S,T,2024-08-26,1000000.00,3.705305,102.541015625
08:00:27,91282CLD1,TSRYS5850288,D,S,T,2024-08-26,1000000.00,3.684042,102.671875
08:00:27,91282CLD1,TSRYS5850288,D,S,T,2024-08-26,1000000.00,3.704988,102.54296875
08:00:27,91282CLD1,TSRYS5850288,D,S,T,2024-08-26,1000000.00,3.70467,102.544921875
08:00:27,91282CLD1,TSRYS5850288,D,S,T,2024-08-26,1000000.00,3.704988,102.54296875
08:00:28,91282CLD1,TSRYS5850288,D,S,T,2024-08-26,1000000.00,3.70467,102.544921875
08:00:28,91282CLD1,TSRYS5850288,D,S,D,2024-08-26,1000000.00,3.684042,102.671875
08:00:28,91282CLD1,TSRYS5850288,D,S,D,2024-08-26,1000000.00,3.685311,102.6640625
08:00:28,91282CLD1,TSRYS5850288,D,S,T,2024-08-26,1000000.00,3.69959,102.576171875
08:00:28,91282CLD1,TSRYS5850288,D,S,D,2024-08-26,1000000.00,3.701812,102.5625
08:00:29,91282CLD1,TSRYS5850288,D,S,D,2024-08-26,1000000.00,3.680237,102.6953125
08:00:29,91282CLD1,TSRYS5850288,D,S,D,2024-08-26,1000000.00,3.678969,102.703125
08:00:29,91282CLD1,TSRYS5850288,D,S,D,2024-08-26,1000000.00,3.678969,102.703125
08:00:29,91282CLD1,TSRYS5850288,D,S,D,2024-08-26,1000000.00,3.678969,102.703125
08:00:29,91282CLD1,TSRYS5850288,D,S,D,2024-08-26,1000000.00,3.678969,102.703125
08:00:29,91282CLD1,TSRYS5850288,D,S,D,2024-08-26,1000000.00,3.680237,102.6953125
08:00:29,91282CLD1,TSRYS5850288,D,S,D,2024-08-26,1000000.00,3.680237,102.6953125
08:00:30,91282CLD1,TSRYS5850288,D,S,D,2024-08-26,1000000.00,3.681506,102.6875
08:00:30,91282CLD1,TSRYS5850288,D,S,D,2024-08-26,1000000.00,3.681506,102.6875
08:00:30,91282CLD1,TSRYS5850288,D,S,D,2024-08-26,1000000.00,3.681506,102.6875
08:00:30,91282CLD1,TSRYS5850288,D,S,D,2024-08-26,1000000.00,3.683725,102.673828125
08:00:30,91282CLD1,TSRYS5850288,D,S,D,2024-08-26,2000000.00,3.683725,102.673828125
08:00:30,91282CLD1,TSRYS5850288,D,S,D,2024-08-26,1000000.00,3.683725,102.673828125
08:00:30,91282CLD1,TSRYS5850288,D,S,D,2024-08-26,1000000.00,3.683725,102.673828125
08:00:30,91282CLD1,TSRYS5850288,D,S,D,2024-08-26,1000000.00,3.685945,102.66015625
08:00:30,91282CLD1,TSRYS5850288,D,S,D,2024-08-26,1000000.00,3.685311,102.6640625
08:00:30,91282CLD1,TSRYS5850288,D,S,D,2024-08-26,1000000.00,3.685311,102.6640625
08:00:30,91282CLD1,TSRYS5850288,D,S,D,2024-08-26,1000000.00,3.686262,102.658203125
08:00:30,91282CLD1,TSRYS5850288,D,S,D,2024-08-26,2000000.00,3.686262,102.658203125
08:00:30,91282CLD1,TSRYS5850288,D,S,D,2024-08-26,1000000.00,3.686262,102.658203125
08:00:30,91282CLD1,TSRYS5850288,D,S,D,2024-08-26,2000000.00,3.688483,102.64453125
08:00:30,91282CLD1,TSRYS5850288,D,S,D,2024-08-26,2000000.00,3.688483,102.64453125
08:00:30,91282CLD1,TSRYS5850288,D,S,D,2024-08-26,1000000.00,3.687848,102.6484375
08:00:30,91282CLD1,TSRYS5850288,D,S,D,2024-08-26,1000000.00,3.687848,102.6484375
08:00:30,91282CLD1,TSRYS5850288,D,S,D,2024-08-26,1000000.00,3.685945,102.66015625
08:00:30,91282CLD1,TSRYS5850288,D,S,D,2024-08-26,1000000.00,3.685945,102.66015625
08:00:30,91282CLD1,TSRYS5850288,D,S,D,2024-08-26,1000000.00,3.684677,102.66796875
08:00:30,91282CLD1,TSRYS5850288,D,S,D,2024-08-26,1000000.00,3.685311,102.6640625
08:00:30,91282CLD1,TSRYS5850288,D,S,D,2024-08-26,1000000.00,3.686897,102.654296875
08:00:30,91282CLD1,TSRYS5850288,D,S,D,2024-08-26,1000000.00,3.683725,102.673828125
08:00:30,91282CLD1,TSRYS5850288,D,S,D,2024-08-26,1000000.00,3.683725,102.673828125
08:00:30,91282CLD1,TSRYS5850288,D,S,D,2024-08-26,1000000.00,3.683725,102.673828125
08:00:30,91282CLD1,TSRYS5850288,D,S,D,2024-08-26,1000000.00,3.681506,102.6875
08:00:30,91282CLD1,TSRYS5850288,D,S,D,2024-08-26,1000000.00,3.678969,102.703125
08:00:30,91282CLD1,TSRYS5850288,D,S,D,2024-08-26,1000000.00,3.680872,102.69140625
08:00:30,91282CLD1,TSRYS5850288,D,S,D,2024-08-26,1000000.00,3.680555,102.693359375
08:00:30,91282CLD1,TSRYS5850288,D,S,D,2024-08-26,1000000.00,3.678652,102.705078125
08:00:30,91282CLD1,TSRYS5850288,D,S,D,2024-08-26,1000000.00,3.678969,102.703125
08:00:30,91282CLD1,TSRYS5850288,D,S,D,2024-08-26,1000000.00,3.678652,102.705078125
08:00:30,91282CLD1,TSRYS5850288,D,S,D,2024-08-26,1000000.00,3.678652,102.705078125
08:00:30,91282CLD1,TSRYS5850288,D,S,D,2024-08-26,1000000.00,3.678652,102.705078125
08:00:30,91282CLD1,TSRYS5850288,D,S,D,2024-08-26,1000000.00,3.678335,102.70703125
08:00:30,91282CLD1,TSRYS5850288,D,S,D,2024-08-26,1000000.00,3.678652,102.705078125
08:00:30,91282CLD1,TSRYS5850288,D,S,D,2024-08-26,1000000.00,3.678335,102.70703125
08:00:30,91282CLD1,TSRYS5850288,D,S,D,2024-08-26,1000000.00,3.678969,102.703125
08:00:30,91282CLD1,TSRYS5850288,D,S,D,2024-08-26,1000000.00,3.678969,102.703125
08:00:30,91282CLD1,TSRYS5850288,D,S,D,2024-08-26,1000000.00,3.678969,102.703125
08:00:30,91282CLD1,TSRYS5850288,D,S,D,2024-08-26,1000000.00,3.678969,102.703125
08:00:30,91282CLD1,TSRYS5850288,D,S,D,2024-08-26,1000000.00,3.679603,102.69921875
08:00:30,91282CLD1,TSRYS5850288,D,S,D,2024-08-26,2000000.00,3.679603,102.69921875
08:00:30,91282CLD1,TSRYS5850288,D,S,D,2024-08-26,1000000.00,3.681506,102.6875
08:00:30,91282CLD1,TSRYS5850288,D,S,D,2024-08-26,1000000.00,3.681506,102.6875
08:00:30,91282CLD1,TSRYS5850288,D,S,D,2024-08-26,1000000.00,3.681506,102.6875
08:00:30,91282CLD1,TSRYS5850288,D,S,D,2024-08-26,1000000.00,3.683725,102.673828125
08:00:30,91282CLD1,TSRYS5850288,D,S,D,2024-08-26,1000000.00,3.683725,102.673828125
08:00:30,91282CLD1,TSRYS5850288,D,S,D,2024-08-26,1000000.00,3.684042,102.671875
08:00:30,91282CLD1,TSRYS5850288,D,S,D,2024-08-26,1000000.00,3.684042,102.671875
08:00:30,91282CLD1,TSRYS5850288,D,S,D,2024-08-26,2000000.00,3.684042,102.671875
08:00:30,91282CLD1,TSRYS5850288,D,S,D,2024-08-26,1000000.00,3.684042,102.671875
08:00:30,91282CLD1,TSRYS5850288,D,S,D,2024-08-26,1000000.00,3.684042,102.671875
08:00:30,91282CLD1,TSRYS5850288,D,S,D,2024-08-26,2000000.00,3.684042,102.671875
08:00:30,91282CLD1,TSRYS5850288,D,S,D,2024-08-26,1000000.00,3.684042,102.671875
08:00:30,91282CLD1,TSRYS5850288,D,S,D,2024-08-26,1000000.00,3.684042,102.671875
08:00:30,91282CLD1,TSRYS5850288,D,S,D,2024-08-26,1000000.00,3.684042,102.671875
08:00:30,91282CLD1,TSRYS5850288,D,S,D,2024-08-26,1000000.00,3.684042,102.671875
08:00:30,91282CLD1,TSRYS5850288,D,S,D,2024-08-26,1000000.00,3.684042,102.671875
08:00:30,91282CLD1,TSRYS5850288,D,S,D,2024-08-26,2000000.00,3.6888,102.642578125
08:00:30,91282CLD1,TSRYS5850288,D,S,D,2024-08-26,1000000.00,3.691338,102.626953125
08:00:30,91282CLD1,TSRYS5850288,D,S,D,2024-08-26,1000000.00,3.689117,102.640625
08:00:30,91282CLD1,TSRYS5850288,D,S,D,2024-08-26,1000000.00,3.689117,102.640625
08:00:30,91282CLD1,TSRYS5850288,D,S,D,2024-08-26,1000000.00,3.689117,102.640625
08:00:30,91282CLD1,TSRYS5850288,D,S,D,2024-08-26,1000000.00,3.689117,102.640625
08:00:30,91282CLD1,TSRYS5850288,D,S,D,2024-08-26,1000000.00,3.689117,102.640625
08:00:30,91282CLD1,TSRYS5850288,D,S,D,2024-08-26,1000000.00,3.689117,102.640625
08:00:30,91282CLD1,TSRYS5850288,D,S,D,2024-08-26,2000000.00,3.689117,102.640625
08:00:30,91282CLD1,TSRYS5850288,D,S,D,2024-08-26,1000000.00,3.689117,102.640625
08:00:30,91282CLD1,TSRYS5850288,D,S,D,2024-08-26,1000000.00,3.689117,102.640625
08:00:30,91282CLD1,TSRYS5850288,D,S,D,2024-08-26,2000000.00,3.689117,102.640625
08:00:30,91282CLD1,TSRYS5850288,D,S,D,2024-08-26,1000000.00,3.68658,102.65625
08:00:30,91282CLD1,TSRYS5850288,D,S,D,2024-08-26,1000000.00,3.686897,102.654296875
08:00:30,91282CLD1,TSRYS5850288,D,S,D,2024-08-26,2000000.00,3.68658,102.65625
08:00:30,91282CLD1,TSRYS5850288,D,S,D,2024-08-26,1000000.00,3.68658,102.65625
08:00:30,91282CLD1,TSRYS5850288,D,S,D,2024-08-26,1000000.00,3.68658,102.65625
08:00:30,91282CLD1,TSRYS5850288,D,S,D,2024-08-26,1000000.00,3.68658,102.65625
08:00:30,91282CLD1,TSRYS5850288,D,S,D,2024-08-26,2000000.00,3.686897,102.654296875
08:00:30,91282CLD1,TSRYS5850288,D,S,D,2024-08-26,1000000.00,3.686897,102.654296875
08:00:30,91282CLD1,TSRYS5850288,D,S,D,2024-08-26,2000000.00,3.689117,102.640625
08:00:30,91282CLD1,TSRYS5850288,D,S,D,2024-08-26,1000000.00,3.689117,102.640625
08:00:30,91282CLD1,TSRYS5850288,D,S,D,2024-08-26,2000000.00,3.689117,102.640625
08:00:30,91282CLD1,TSRYS5850288,D,S,D,2024-08-26,1000000.00,3.689117,102.640625
08:00:30,91282CLD1,TSRYS5850288,D,S,D,2024-08-26,1000000.00,3.689117,102.640625
08:00:30,91282CLD1,TSRYS5850288,D,S,D,2024-08-26,2000000.00,3.689117,102.640625
08:00:30,91282CLD1,TSRYS5850288,D,S,D,2024-08-26,1000000.00,3.686897,102.654296875
08:00:30,91282CLD1,TSRYS5850288,D,S,D,2024-08-26,2000000.00,3.686897,102.654296875
08:00:30,91282CLD1,TSRYS5850288,D,S,D,2024-08-26,1000000.00,3.686897,102.654296875
08:00:30,91282CLD1,TSRYS5850288,D,S,D,2024-08-26,1000000.00,3.686897,102.654296875
08:00:30,91282CLD1,TSRYS5850288,D,S,D,2024-08-26,1000000.00,3.686897,102.654296875
08:00:30,91282CLD1,TSRYS5850288,D,S,D,2024-08-26,1000000.00,3.686897,102.654296875
08:00:30,91282CLD1,TSRYS5850288,D,S,D,2024-08-26,1000000.00,3.686897,102.654296875
08:00:30,91282CLD1,TSRYS5850288,D,S,D,2024-08-26,1000000.00,3.686897,102.654296875
08:00:30,91282CLD1,TSRYS5850288,D,S,D,2024-08-26,1000000.00,3.686897,102.654296875
08:00:30,91282CLD1,TSRYS5850288,D,S,D,2024-08-26,2000000.00,3.689434,102.638671875
08:00:30,91282CLD1,TSRYS5850288,D,S,D,2024-08-26,2000000.00,3.689434,102.638671875
08:00:30,91282CLD1,TSRYS5850288,D,S,D,2024-08-26,1000000.00,3.689434,102.638671875
08:00:30,91282CLD1,TSRYS5850288,D,S,D,2024-08-26,1000000.00,3.689434,102.638671875
08:00:30,91282CLD1,TSRYS5850288,D,S,D,2024-08-26,1000000.00,3.689434,102.638671875
08:00:30,91282CLD1,TSRYS5850288,D,S,D,2024-08-26,1000000.00,3.689434,102.638671875
08:00:30,91282CLD1,TSRYS5850288,D,S,D,2024-08-26,1000000.00,3.689434,102.638671875
08:00:30,91282CLD1,TSRYS5850288,D,S,D,2024-08-26,2000000.00,3.691655,102.625
08:00:30,91282CLD1,TSRYS5850288,D,S,D,2024-08-26,1000000.00,3.691655,102.625
08:00:30,91282CLD1,TSRYS5850288,D,S,D,2024-08-26,1000000.00,3.698955,102.580078125
08:00:30,91282CLD1,TSRYS5850288,D,S,D,2024-08-26,1000000.00,3.698955,102.580078125
08:00:30,91282CLD1,TSRYS5850288,D,S,D,2024-08-26,1000000.00,3.698955,102.580078125
08:00:30,91282CLD1,TSRYS5850288,D,S,D,2024-08-26,1000000.00,3.698955,102.580078125
08:00:30,91282CLD1,TSRYS5850288,D,S,D,2024-08-26,1000000.00,3.698637,102.58203125
08:00:30,91282CLD1,TSRYS5850288,D,S,D,2024-08-26,3000000.00,3.701495,102.564453125
08:00:30,91282CLD1,TSRYS5850288,D,S,D,2024-08-26,1000000.00,3.703717,102.55078125
08:00:30,91282CLD1,TSRYS5850288,D,S,D,2024-08-26,2000000.00,3.703717,102.55078125
08:00:30,91282CLD1,TSRYS5850288,D,S,D,2024-08-26,3000000.00,3.703717,102.55078125
08:00:30,91282CLD1,TSRYS5850288,D,S,D,2024-08-26,1000000.00,3.703717,102.55078125
08:00:30,91282CLD1,TSRYS5850288,D,S,D,2024-08-26,1000000.00,3.703717,102.55078125
08:00:30,91282CLD1,TSRYS5850288,D,S,D,2024-08-26,1000000.00,3.703717,102.55078125
08:00:30,91282CLD1,TSRYS5850288,D,S,D,2024-08-26,3000000.00,3.703717,102.55078125
08:00:30,91282CLD1,TSRYS5850288,D,S,D,2024-08-26,1000000.00,3.706258,102.53515625
08:00:30,91282CLD1,TSRYS5850288,D,S,D,2024-08-26,1000000.00,3.706258,102.53515625
08:00:30,91282CLD1,TSRYS5850288,D,S,D,2024-08-26,1000000.00,3.706258,102.53515625
08:00:30,91282CLD1,TSRYS5850288,D,S,D,2024-08-26,1000000.00,3.706258,102.53515625
08:00:30,91282CLD1,TSRYS5850288,D,S,D,2024-08-26,1000000.00,3.706258,102.53515625
08:00:30,91282CLD1,TSRYS5850288,D,S,D,2024-08-26,3000000.00,3.706258,102.53515625
08:00:30,91282CLD1,TSRYS5850288,D,S,D,2024-08-26,1000000.00,3.706258,102.53515625
08:00:30,91282CLD1,TSRYS5850288,D,S,D,2024-08-26,1000000.00,3.706258,102.53515625
08:00:30,91282CLD1,TSRYS5850288,D,S,D,2024-08-26,1000000.00,3.706258,102.53515625
08:00:30,91282CLD1,TSRYS5850288,D,S,D,2024-08-26,2000000.00,3.708482,102.521484375
08:00:30,91282CLD1,TSRYS5850288,D,S,D,2024-08-26,1000000.00,3.708482,102.521484375
08:00:30,91282CLD1,TSRYS5850288,D,S,D,2024-08-26,1000000.00,3.706258,102.53515625
08:00:30,91282CLD1,TSRYS5850288,D,S,D,2024-08-26,1000000.00,3.706258,102.53515625
08:00:30,91282CLD1,TSRYS5850288,D,S,D,2024-08-26,1000000.00,3.703717,102.55078125
08:00:30,91282CLD1,TSRYS5850288,D,S,D,2024-08-26,1000000.00,3.703717,102.55078125
08:00:30,91282CLD1,TSRYS5850288,D,S,D,2024-08-26,1000000.00,3.703717,102.55078125
08:00:30,91282CLD1,TSRYS5850288,D,S,D,2024-08-26,1000000.00,3.703717,102.55078125
08:00:30,91282CLD1,TSRYS5850288,D,S,D,2024-08-26,1000000.00,3.703717,102.55078125
08:00:30,91282CLD1,TSRYS5850288,D,S,D,2024-08-26,1000000.00,3.703717,102.55078125
08:00:30,91282CLD1,TSRYS5850288,D,S,D,2024-08-26,1000000.00,3.703717,102.55078125
08:00:30,91282CLD1,TSRYS5850288,D,S,D,2024-08-26,1000000.00,3.703717,102.55078125
08:00:30,91282CLD1,TSRYS5850288,D,S,D,2024-08-26,1000000.00,3.703717,102.55078125
08:00:30,91282CLD1,TSRYS5850288,D,S,D,2024-08-26,2000000.00,3.703717,102.55078125
08:00:30,91282CLD1,TSRYS5850288,D,S,D,2024-08-26,3000000.00,3.703717,102.55078125
08:00:30,91282CLD1,TSRYS5850288,D,S,D,2024-08-26,2000000.00,3.708482,102.521484375
08:00:30,91282CLD1,TSRYS5850288,D,S,D,2024-08-26,1000000.00,3.708482,102.521484375
08:00:30,91282CLD1,TSRYS5850288,D,S,D,2024-08-26,3000000.00,3.708482,102.521484375
08:00:30,91282CLD1,TSRYS5850288,D,S,D,2024-08-26,2000000.00,3.708482,102.521484375
08:00:30,91282CLD1,TSRYS5850288,D,S,D,2024-08-26,1000000.00,3.708482,102.521484375
08:00:30,91282CLD1,TSRYS5850288,D,S,D,2024-08-26,1000000.00,3.708482,102.521484375
08:00:30,91282CLD1,TSRYS5850288,D,S,D,2024-08-26,1000000.00,3.708482,102.521484375
08:00:30,91282CLD1,TSRYS5850288,D,S,D,2024-08-26,1000000.00,3.708482,102.521484375
08:00:30,91282CLD1,TSRYS5850288,D,S,D,2024-08-26,2000000.00,3.711023,102.505859375
08:00:30,91282CLD1,TSRYS5850288,D,S,D,2024-08-26,1000000.00,3.711023,102.505859375
08:00:30,91282CLD1,TSRYS5850288,D,S,D,2024-08-26,1000000.00,3.704353,102.546875
08:00:30,91282CLD1,TSRYS5850288,D,S,D,2024-08-26,1000000.00,3.7034,102.552734375
08:00:30,91282CLD1,TSRYS5850288,D,S,D,2024-08-26,1000000.00,3.7034,102.552734375
08:00:30,91282CLD1,TSRYS5850288,D,S,D,2024-08-26,1000000.00,3.7034,102.552734375
08:00:30,91282CLD1,TSRYS5850288,D,S,D,2024-08-26,1000000.00,3.7034,102.552734375
08:00:30,91282CLD1,TSRYS5850288,D,S,D,2024-08-26,1000000.00,3.7034,102.552734375
08:00:30,91282CLD1,TSRYS5850288,D,S,D,2024-08-26,1000000.00,3.7034,102.552734375
08:00:30,91282CLD1,TSRYS5850288,D,S,D,2024-08-26,1000000.00,3.7034,102.552734375
08:00:30,91282CLD1,TSRYS5850288,D,S,D,2024-08-26,1000000.00,3.7034,102.552734375
08:00:30,91282CLD1,TSRYS5850288,D,S,D,2024-08-26,1000000.00,3.70213,102.560546875
08:00:30,91282CLD1,TSRYS5850288,D,S,D,2024-08-26,1000000.00,3.70213,102.560546875
08:00:30,91282CLD1,TSRYS5850288,D,S,D,2024-08-26,2000000.00,3.7034,102.552734375
08:00:30,91282CLD1,TSRYS5850288,D,S,D,2024-08-26,1000000.00,3.7034,102.552734375
08:00:30,91282CLD1,TSRYS5850288,D,S,D,2024-08-26,1000000.00,3.7034,102.552734375
08:00:30,91282CLD1,TSRYS5850288,D,S,D,2024-08-26,1000000.00,3.7034,102.552734375
08:00:30,91282CLD1,TSRYS5850288,D,S,D,2024-08-26,1000000.00,3.7034,102.552734375
08:00:30,91282CLD1,TSRYS5850288,D,S,D,2024-08-26,1000000.00,3.7034,102.552734375
08:00:30,91282CLD1,TSRYS5850288,D,S,T,2024-08-26,1000000.00,3.687848,102.6484375
08:00:30,91282CLD1,TSRYS5850288,D,S,T,2024-08-26,1000000.00,3.690386,102.6328125
08:00:30,91282CLD1,TSRYS5850288,D,S,T,2024-08-26,1000000.00,3.675483,102.724609375
08:00:30,91282CLD1,TSRYS5850288,D,S,T,2024-08-26,1000000.00,3.675483,102.724609375
08:00:30,91282CLD1,TSRYS5850288,D,S,T,2024-08-26,1000000.00,3.675166,102.7265625
08:00:30,91282CLD1,TSRYS5850288,D,S,T,2024-08-26,1000000.00,3.674532,102.73046875
08:00:30,91282CLD1,TSRYS5850288,D,S,T,2024-08-26,1000000.00,3.682457,102.681640625
08:00:30,91282CLD1,TSRYS5850288,D,S,T,2024-08-26,1000000.00,3.682774,102.6796875
08:00:30,91282CLD1,TSRYS5850288,D,S,T,2024-08-26,1000000.00,3.681823,102.685546875
08:00:30,91282CLD1,TSRYS5850288,D,S,T,2024-08-26,1000000.00,3.681823,102.685546875
08:00:30,91282CLD1,TSRYS5850288,D,S,T,2024-08-26,1000000.00,3.680872,102.69140625
08:00:30,91282CLD1,TSRYS5850288,D,S,T,2024-08-26,1000000.00,3.680555,102.693359375
08:00:30,91282CLD1,TSRYS5850288,D,S,T,2024-08-26,1000000.00,3.67992,102.697265625
08:00:30,91282CLD1,TSRYS5850288,D,S,T,2024-08-26,1000000.00,3.680237,102.6953125
08:00:30,91282CLD1,TSRYS5850288,D,S,T,2024-08-26,1000000.00,3.67992,102.697265625
08:00:30,91282CLD1,TSRYS5850288,D,S,T,2024-08-26,1000000.00,3.677701,102.7109375
08:00:30,91282CLD1,TSRYS5850288,D,S,T,2024-08-26,1000000.00,3.677384,102.712890625
08:00:30,91282CLD1,TSRYS5850288,D,S,T,2024-08-26,1000000.00,3.678018,102.708984375
08:00:30,91282CLD1,TSRYS5850288,D,S,T,2024-08-26,1000000.00,3.678018,102.708984375
08:00:30,91282CLD1,TSRYS5850288,D,S,T,2024-08-26,1000000.00,3.678018,102.708984375
08:00:30,91282CLD1,TSRYS5850288,D,S,T,2024-08-26,1000000.00,3.678018,102.708984375
08:00:30,91282CLD1,TSRYS5850288,D,S,T,2024-08-26,1000000.00,3.678335,102.70703125
08:00:30,91282CLD1,TSRYS5850288,D,S,T,2024-08-26,1000000.00,3.678335,102.70703125
08:00:30,91282CLD1,TSRYS5850288,D,S,T,2024-08-26,1000000.00,3.678335,102.70703125
08:00:30,91282CLD1,TSRYS5850288,D,S,T,2024-08-26,1000000.00,3.678652,102.705078125
08:00:30,91282CLD1,TSRYS5850288,D,S,T,2024-08-26,1000000.00,3.679286,102.701171875
08:00:30,91282CLD1,TSRYS5850288,D,S,T,2024-08-26,1000000.00,3.679286,102.701171875
08:00:30,91282CLD1,TSRYS5850288,D,S,T,2024-08-26,1000000.00,3.679603,102.69921875
08:00:30,91282CLD1,TSRYS5850288,D,S,T,2024-08-26,1000000.00,3.681823,102.685546875
08:00:30,91282CLD1,TSRYS5850288,D,S,T,2024-08-26,1000000.00,3.682457,102.681640625
08:00:30,91282CLD1,TSRYS5850288,D,S,T,2024-08-26,1000000.00,3.682457,102.681640625
08:00:30,91282CLD1,TSRYS5850288,D,S,T,2024-08-26,1000000.00,3.682457,102.681640625
08:00:30,91282CLD1,TSRYS5850288,D,S,T,2024-08-26,1000000.00,3.683091,102.677734375
08:00:30,91282CLD1,TSRYS5850288,D,S,T,2024-08-26,1000000.00,3.684042,102.671875
08:00:30,91282CLD1,TSRYS5850288,D,S,T,2024-08-26,1000000.00,3.68436,102.669921875
08:00:30,91282CLD1,TSRYS5850288,D,S,T,2024-08-26,1000000.00,3.68436,102.669921875
08:00:30,91282CLD1,TSRYS5850288,D,S,T,2024-08-26,1000000.00,3.684677,102.66796875
08:00:30,91282CLD1,TSRYS5850288,D,S,T,2024-08-26,1000000.00,3.684994,102.666015625
08:00:30,91282CLD1,TSRYS5850288,D,S,T,2024-08-26,2000000.00,3.68436,102.669921875
08:00:30,91282CLD1,TSRYS5850288,D,S,T,2024-08-26,1000000.00,3.685311,102.6640625
08:00:30,91282CLD1,TSRYS5850288,D,S,T,2024-08-26,1000000.00,3.683091,102.677734375
08:00:30,91282CLD1,TSRYS5850288,D,S,T,2024-08-26,1000000.00,3.682457,102.681640625
08:00:30,91282CLD1,TSRYS5850288,D,S,T,2024-08-26,1000000.00,3.682457,102.681640625
08:00:30,91282CLD1,TSRYS5850288,D,S,T,2024-08-26,1000000.00,3.68436,102.669921875
08:00:30,91282CLD1,TSRYS5850288,D,S,T,2024-08-26,1000000.00,3.684042,102.671875
08:00:30,91282CLD1,TSRYS5850288,D,S,T,2024-08-26,1000000.00,3.68436,102.669921875
08:00:30,91282CLD1,TSRYS5850288,D,S,T,2024-08-26,1000000.00,3.684042,102.671875
08:00:30,91282CLD1,TSRYS5850288,D,S,T,2024-08-26,1000000.00,3.68436,102.669921875
08:00:30,91282CLD1,TSRYS5850288,D,S,T,2024-08-26,1000000.00,3.68436,102.669921875
08:00:30,91282CLD1,TSRYS5850288,D,S,T,2024-08-26,1000000.00,3.684042,102.671875
08:00:30,91282CLD1,TSRYS5850288,D,S,T,2024-08-26,1000000.00,3.684042,102.671875
08:00:30,91282CLD1,TSRYS5850288,D,S,T,2024-08-26,1000000.00,3.684042,102.671875
08:00:30,91282CLD1,TSRYS5850288,D,S,T,2024-08-26,1000000.00,3.684042,102.671875
08:00:30,91282CLD1,TSRYS5850288,D,S,T,2024-08-26,1000000.00,3.684042,102.671875
08:00:30,91282CLD1,TSRYS5850288,D,S,T,2024-08-26,1000000.00,3.681506,102.6875
08:00:30,91282CLD1,TSRYS5850288,D,S,T,2024-08-26,1000000.00,3.681506,102.6875
08:00:30,91282CLD1,TSRYS5850288,D,S,T,2024-08-26,1000000.00,3.680555,102.693359375
08:00:30,91282CLD1,TSRYS5850288,D,S,T,2024-08-26,1000000.00,3.680555,102.693359375
08:00:30,91282CLD1,TSRYS5850288,D,S,T,2024-08-26,1000000.00,3.684042,102.671875
08:00:30,91282CLD1,TSRYS5850288,D,S,T,2024-08-26,1000000.00,3.684042,102.671875
08:00:30,91282CLD1,TSRYS5850288,D,S,T,2024-08-26,1000000.00,3.683725,102.673828125
08:00:30,91282CLD1,TSRYS5850288,D,S,T,2024-08-26,1000000.00,3.683725,102.673828125
08:00:30,91282CLD1,TSRYS5850288,D,S,T,2024-08-26,1000000.00,3.683725,102.673828125
08:00:30,91282CLD1,TSRYS5850288,D,S,T,2024-08-26,1000000.00,3.683725,102.673828125
08:00:30,91282CLD1,TSRYS5850288,D,S,T,2024-08-26,1000000.00,3.685945,102.66015625
08:00:30,91282CLD1,TSRYS5850288,D,S,T,2024-08-26,1000000.00,3.685945,102.66015625
08:00:30,91282CLD1,TSRYS5850288,D,S,T,2024-08-26,1000000.00,3.685311,102.6640625
08:00:30,91282CLD1,TSRYS5850288,D,S,T,2024-08-26,1000000.00,3.685311,102.6640625
08:00:30,91282CLD1,TSRYS5850288,D,S,T,2024-08-26,1000000.00,3.686262,102.658203125
08:00:30,91282CLD1,TSRYS5850288,D,S,T,2024-08-26,1000000.00,3.686262,102.658203125
08:00:30,91282CLD1,TSRYS5850288,D,S,T,2024-08-26,1000000.00,3.686262,102.658203125
08:00:30,91282CLD1,TSRYS5850288,D,S,T,2024-08-26,1000000.00,3.686262,102.658203125
08:00:30,91282CLD1,TSRYS5850288,D,S,T,2024-08-26,1000000.00,3.688166,102.646484375
08:00:30,91282CLD1,TSRYS5850288,D,S,T,2024-08-26,1000000.00,3.688166,102.646484375
08:00:30,91282CLD1,TSRYS5850288,D,S,T,2024-08-26,2000000.00,3.688166,102.646484375
08:00:30,91282CLD1,TSRYS5850288,D,S,T,2024-08-26,1000000.00,3.688166,102.646484375
08:00:30,91282CLD1,TSRYS5850288,D,S,T,2024-08-26,1000000.00,3.688166,102.646484375
08:00:30,91282CLD1,TSRYS5850288,D,S,T,2024-08-26,1000000.00,3.685945,102.66015625
08:00:30,91282CLD1,TSRYS5850288,D,S,T,2024-08-26,1000000.00,3.685945,102.66015625
08:00:30,91282CLD1,TSRYS5850288,D,S,T,2024-08-26,1000000.00,3.684677,102.66796875
08:00:30,91282CLD1,TSRYS5850288,D,S,T,2024-08-26,1000000.00,3.684677,102.66796875
08:00:30,91282CLD1,TSRYS5850288,D,S,T,2024-08-26,1000000.00,3.687214,102.65234375
08:00:30,91282CLD1,TSRYS5850288,D,S,T,2024-08-26,1000000.00,3.687214,102.65234375
08:00:30,91282CLD1,TSRYS5850288,D,S,T,2024-08-26,1000000.00,3.68214,102.68359375
08:00:30,91282CLD1,TSRYS5850288,D,S,T,2024-08-26,1000000.00,3.683725,102.673828125
08:00:30,91282CLD1,TSRYS5850288,D,S,T,2024-08-26,1000000.00,3.683725,102.673828125
08:00:30,91282CLD1,TSRYS5850288,D,S,T,2024-08-26,1000000.00,3.683725,102.673828125
08:00:30,91282CLD1,TSRYS5850288,D,S,T,2024-08-26,1000000.00,3.683725,102.673828125
08:00:30,91282CLD1,TSRYS5850288,D,S,T,2024-08-26,1000000.00,3.683725,102.673828125
08:00:30,91282CLD1,TSRYS5850288,D,S,T,2024-08-26,1000000.00,3.683725,102.673828125
08:00:30,91282CLD1,TSRYS5850288,D,S,T,2024-08-26,1000000.00,3.683725,102.673828125
08:00:30,91282CLD1,TSRYS5850288,D,S,T,2024-08-26,1000000.00,3.683725,102.673828125
08:00:30,91282CLD1,TSRYS5850288,D,S,T,2024-08-26,1000000.00,3.678969,102.703125
08:00:30,91282CLD1,TSRYS5850288,D,S,T,2024-08-26,1000000.00,3.680872,102.69140625
08:00:30,91282CLD1,TSRYS5850288,D,S,T,2024-08-26,1000000.00,3.680872,102.69140625
08:00:30,91282CLD1,TSRYS5850288,D,S,T,2024-08-26,1000000.00,3.680555,102.693359375
08:00:30,91282CLD1,TSRYS5850288,D,S,T,2024-08-26,1000000.00,3.680555,102.693359375
08:00:30,91282CLD1,TSRYS5850288,D,S,T,2024-08-26,1000000.00,3.678969,102.703125
08:00:30,91282CLD1,TSRYS5850288,D,S,T,2024-08-26,1000000.00,3.678969,102.703125
08:00:30,91282CLD1,TSRYS5850288,D,S,T,2024-08-26,1000000.00,3.678969,102.703125
08:00:30,91282CLD1,TSRYS5850288,D,S,T,2024-08-26,1000000.00,3.678652,102.705078125
08:00:30,91282CLD1,TSRYS5850288,D,S,T,2024-08-26,1000000.00,3.678335,102.70703125
08:00:30,91282CLD1,TSRYS5850288,D,S,T,2024-08-26,1000000.00,3.678969,102.703125
08:00:30,91282CLD1,TSRYS5850288,D,S,T,2024-08-26,1000000.00,3.681506,102.6875
08:00:30,91282CLD1,TSRYS5850288,D,S,T,2024-08-26,1000000.00,3.681506,102.6875
08:00:30,91282CLD1,TSRYS5850288,D,S,T,2024-08-26,1000000.00,3.683725,102.673828125
08:00:30,91282CLD1,TSRYS5850288,D,S,T,2024-08-26,1000000.00,3.683725,102.673828125
08:00:30,91282CLD1,TSRYS5850288,D,S,T,2024-08-26,1000000.00,3.678969,102.703125
08:00:30,91282CLD1,TSRYS5850288,D,S,T,2024-08-26,1000000.00,3.678969,102.703125
08:00:30,91282CLD1,TSRYS5850288,D,S,T,2024-08-26,1000000.00,3.706576,102.533203125
08:00:30,91282CLD1,TSRYS5850288,D,S,D,2024-08-26,1000000.00,3.687214,102.65234375
08:00:30,91282CLD1,TSRYS5850288,D,S,D,2024-08-26,1000000.00,3.686897,102.654296875
08:00:30,91282CLD1,TSRYS5850288,D,S,D,2024-08-26,1000000.00,3.686897,102.654296875
08:00:30,91282CLD1,TSRYS5850288,D,S,D,2024-08-26,1000000.00,3.686897,102.654296875
08:00:30,91282CLD1,TSRYS5850288,D,S,D,2024-08-26,1000000.00,3.686897,102.654296875
08:00:30,91282CLD1,TSRYS5850288,D,S,T,2024-08-26,1000000.00,3.689117,102.640625
08:00:30,91282CLD1,TSRYS5850288,D,S,D,2024-08-26,1000000.00,3.678969,102.703125
08:00:30,91282CLD1,TSRYS5850288,D,S,T,2024-08-26,1000000.00,3.690069,102.634765625
08:00:30,91282CLD1,TSRYS5850288,D,S,T,2024-08-26,1000000.00,3.677701,102.7109375
08:00:30,91282CLD1,TSRYS5850288,D,S,T,2024-08-26,1000000.00,3.677701,102.7109375
08:00:30,91282CLD1,TSRYS5850288,D,S,T,2024-08-26,1000000.00,3.678969,102.703125
08:00:30,91282CLD1,TSRYS5850288,D,S,T,2024-08-26,1000000.00,3.677701,102.7109375
08:00:30,91282CLD1,TSRYS5850288,D,S,T,2024-08-26,1000000.00,3.677384,102.712890625
08:00:30,91282CLD1,TSRYS5850288,D,S,T,2024-08-26,1000000.00,3.675166,102.7265625
08:00:30,91282CLD1,TSRYS5850288,D,S,T,2024-08-26,1000000.00,3.678969,102.703125
08:00:30,91282CLD1,TSRYS5850288,D,S,T,2024-08-26,1000000.00,3.678969,102.703125
08:00:30,91282CLD1,TSRYS5850288,D,S,T,2024-08-26,1000000.00,3.678969,102.703125
08:00:30,91282CLD1,TSRYS5850288,D,S,T,2024-08-26,1000000.00,3.678969,102.703125
08:00:30,91282CLD1,TSRYS5850288,D,S,T,2024-08-26,2000000.00,3.681506,102.6875
08:00:30,91282CLD1,TSRYS5850288,D,S,T,2024-08-26,1000000.00,3.681506,102.6875
08:00:30,91282CLD1,TSRYS5850288,D,S,T,2024-08-26,2000000.00,3.681506,102.6875
08:00:30,91282CLD1,TSRYS5850288,D,S,T,2024-08-26,1000000.00,3.681506,102.6875
08:00:30,91282CLD1,TSRYS5850288,D,S,T,2024-08-26,1000000.00,3.68214,102.68359375
08:00:30,91282CLD1,TSRYS5850288,D,S,T,2024-08-26,1000000.00,3.681189,102.689453125
08:00:30,91282CLD1,TSRYS5850288,D,S,T,2024-08-26,1000000.00,3.680237,102.6953125
08:00:30,91282CLD1,TSRYS5850288,D,S,T,2024-08-26,1000000.00,3.680237,102.6953125
08:00:30,91282CLD1,TSRYS5850288,D,S,T,2024-08-26,1000000.00,3.680237,102.6953125
08:00:30,91282CLD1,TSRYS5850288,D,S,T,2024-08-26,1000000.00,3.677384,102.712890625
08:00:30,91282CLD1,TSRYS5850288,D,S,T,2024-08-26,1000000.00,3.678335,102.70703125
08:00:30,91282CLD1,TSRYS5850288,D,S,T,2024-08-26,1000000.00,3.678335,102.70703125
08:00:30,91282CLD1,TSRYS5850288,D,S,T,2024-08-26,1000000.00,3.678335,102.70703125
08:00:30,91282CLD1,TSRYS5850288,D,S,T,2024-08-26,1000000.00,3.682457,102.681640625
08:00:30,91282CLD1,TSRYS5850288,D,S,T,2024-08-26,1000000.00,3.682457,102.681640625
08:00:30,91282CLD1,TSRYS5850288,D,S,D,2024-08-26,1000000.00,3.678969,102.703125
08:00:30,91282CLD1,TSRYS5850288,D,S,T,2024-08-26,1000000.00,3.682457,102.681640625
08:00:30,91282CLD1,TSRYS5850288,D,S,T,2024-08-26,1000000.00,3.684042,102.671875
08:00:30,91282CLD1,TSRYS5850288,D,S,T,2024-08-26,1000000.00,3.684042,102.671875
08:00:30,91282CLD1,TSRYS5850288,D,S,T,2024-08-26,1000000.00,3.681506,102.6875
08:00:30,91282CLD1,TSRYS5850288,D,S,T,2024-08-26,1000000.00,3.681506,102.6875
08:00:30,91282CLD1,TSRYS5850288,D,S,T,2024-08-26,1000000.00,3.680872,102.69140625
08:00:30,91282CLD1,TSRYS5850288,D,S,T,2024-08-26,1000000.00,3.680555,102.693359375
08:00:30,91282CLD1,TSRYS5850288,D,S,T,2024-08-26,1000000.00,3.680872,102.69140625
08:00:30,91282CLD1,TSRYS5850288,D,S,T,2024-08-26,1000000.00,3.678969,102.703125
08:00:30,91282CLD1,TSRYS5850288,D,S,T,2024-08-26,1000000.00,3.678969,102.703125
08:00:30,91282CLD1,TSRYS5850288,D,S,T,2024-08-26,1000000.00,3.678969,102.703125
08:00:30,91282CLD1,TSRYS5850288,D,S,T,2024-08-26,1000000.00,3.680237,102.6953125
08:00:30,91282CLD1,TSRYS5850288,D,S,T,2024-08-26,1000000.00,3.6888,102.642578125
08:00:30,91282CLD1,TSRYS5850288,D,S,T,2024-08-26,1000000.00,3.689117,102.640625
08:00:30,91282CLD1,TSRYS5850288,D,S,T,2024-08-26,1000000.00,3.689117,102.640625
08:00:30,91282CLD1,TSRYS5850288,D,S,T,2024-08-26,1000000.00,3.689117,102.640625
08:00:30,91282CLD1,TSRYS5850288,D,S,T,2024-08-26,1000000.00,3.689117,102.640625
08:00:30,91282CLD1,TSRYS5850288,D,S,T,2024-08-26,1000000.00,3.689117,102.640625
08:00:30,91282CLD1,TSRYS5850288,D,S,T,2024-08-26,1000000.00,3.687848,102.6484375
08:00:30,91282CLD1,TSRYS5850288,D,S,T,2024-08-26,1000000.00,3.687848,102.6484375
08:00:30,91282CLD1,TSRYS5850288,D,S,T,2024-08-26,1000000.00,3.687848,102.6484375
08:00:30,91282CLD1,TSRYS5850288,D,S,T,2024-08-26,1000000.00,3.687848,102.6484375
08:00:30,91282CLD1,TSRYS5850288,D,S,T,2024-08-26,1000000.00,3.687848,102.6484375
08:00:30,91282CLD1,TSRYS5850288,D,S,T,2024-08-26,1000000.00,3.687848,102.6484375
08:00:30,91282CLD1,TSRYS5850288,D,S,T,2024-08-26,1000000.00,3.685311,102.6640625
08:00:30,91282CLD1,TSRYS5850288,D,S,T,2024-08-26,2000000.00,3.684042,102.671875
08:00:30,91282CLD1,TSRYS5850288,D,S,T,2024-08-26,1000000.00,3.684042,102.671875
08:00:30,91282CLD1,TSRYS5850288,D,S,T,2024-08-26,1000000.00,3.684042,102.671875
08:00:30,91282CLD1,TSRYS5850288,D,S,T,2024-08-26,1000000.00,3.685311,102.6640625
08:00:30,91282CLD1,TSRYS5850288,D,S,T,2024-08-26,1000000.00,3.682457,102.681640625
08:00:30,91282CLD1,TSRYS5850288,D,S,T,2024-08-26,1000000.00,3.684042,102.671875
08:00:30,91282CLD1,TSRYS5850288,D,S,T,2024-08-26,1000000.00,3.680237,102.6953125
08:00:30,91282CLD1,TSRYS5850288,D,S,T,2024-08-26,1000000.00,3.678969,102.703125
08:00:30,91282CLD1,TSRYS5850288,D,S,T,2024-08-26,1000000.00,3.678969,102.703125
08:00:30,91282CLD1,TSRYS5850288,D,S,T,2024-08-26,1000000.00,3.683725,102.673828125
08:00:30,91282CLD1,TSRYS5850288,D,S,T,2024-08-26,1000000.00,3.689117,102.640625
08:00:31,91282CLD1,TSRYS5850288,D,S,T,2024-08-26,1000000.00,3.687848,102.6484375
08:00:31,91282CLD1,TSRYS5850288,D,S,T,2024-08-26,1000000.00,3.689117,102.640625
08:00:31,91282CLD1,TSRYS5850288,D,S,T,2024-08-26,1000000.00,3.692925,102.6171875
08:00:31,91282CLD1,TSRYS5850288,D,S,T,2024-08-26,1000000.00,3.695463,102.6015625
08:00:31,91282CLD1,TSRYS5850288,D,S,T,2024-08-26,1000000.00,3.695463,102.6015625
08:00:31,91282CLD1,TSRYS5850288,D,S,T,2024-08-26,1000000.00,3.695463,102.6015625
08:00:31,91282CLD1,TSRYS5850288,D,S,T,2024-08-26,1000000.00,3.695463,102.6015625
08:00:31,91282CLD1,TSRYS5850288,D,S,T,2024-08-26,1000000.00,3.698003,102.5859375
08:00:31,91282CLD1,TSRYS5850288,D,S,T,2024-08-26,1000000.00,3.700542,102.5703125
08:00:31,91282CLD1,TSRYS5850288,D,S,T,2024-08-26,1000000.00,3.700542,102.5703125
08:00:31,91282CLD1,TSRYS5850288,D,S,T,2024-08-26,1000000.00,3.700542,102.5703125
08:00:31,91282CLD1,TSRYS5850288,D,S,T,2024-08-26,1000000.00,3.699907,102.57421875
08:00:31,91282CLD1,TSRYS5850288,D,S,T,2024-08-26,1000000.00,3.699907,102.57421875
08:00:31,91282CLD1,TSRYS5850288,D,S,T,2024-08-26,1000000.00,3.701812,102.5625
08:00:31,91282CLD1,TSRYS5850288,D,S,T,2024-08-26,1000000.00,3.701812,102.5625
08:00:31,91282CLD1,TSRYS5850288,D,S,T,2024-08-26,2000000.00,3.701812,102.5625
08:00:31,91282CLD1,TSRYS5850288,D,S,T,2024-08-26,2000000.00,3.701812,102.5625
08:00:31,91282CLD1,TSRYS5850288,D,S,T,2024-08-26,1000000.00,3.701812,102.5625
08:00:31,91282CLD1,TSRYS5850288,D,S,T,2024-08-26,1000000.00,3.703082,102.5546875
08:00:31,91282CLD1,TSRYS5850288,D,S,T,2024-08-26,1000000.00,3.703082,102.5546875
08:00:31,91282CLD1,TSRYS5850288,D,S,T,2024-08-26,1000000.00,3.703082,102.5546875
08:00:31,91282CLD1,TSRYS5850288,D,S,T,2024-08-26,3000000.00,3.704353,102.546875
08:00:31,91282CLD1,TSRYS5850288,D,S,T,2024-08-26,3000000.00,3.704353,102.546875
08:00:31,91282CLD1,TSRYS5850288,D,S,T,2024-08-26,1000000.00,3.704353,102.546875
08:00:31,91282CLD1,TSRYS5850288,D,S,T,2024-08-26,1000000.00,3.705305,102.541015625
08:00:31,91282CLD1,TSRYS5850288,D,S,T,2024-08-26,1000000.00,3.705305,102.541015625
08:00:31,91282CLD1,TSRYS5850288,D,S,T,2024-08-26,1000000.00,3.705305,102.541015625
08:00:31,91282CLD1,TSRYS5850288,D,S,T,2024-08-26,1000000.00,3.705305,102.541015625
08:00:31,91282CLD1,TSRYS5850288,D,S,T,2024-08-26,1000000.00,3.706258,102.53515625
08:00:31,91282CLD1,TSRYS5850288,D,S,T,2024-08-26,1000000.00,3.706258,102.53515625
08:00:31,91282CLD1,TSRYS5850288,D,S,T,2024-08-26,1000000.00,3.707211,102.529296875
08:00:31,91282CLD1,TSRYS5850288,D,S,T,2024-08-26,2000000.00,3.706893,102.53125
08:00:31,91282CLD1,TSRYS5850288,D,S,T,2024-08-26,2000000.00,3.706893,102.53125
08:00:31,91282CLD1,TSRYS5850288,D,S,T,2024-08-26,1000000.00,3.705941,102.537109375
08:00:31,91282CLD1,TSRYS5850288,D,S,T,2024-08-26,1000000.00,3.706258,102.53515625
08:00:31,91282CLD1,TSRYS5850288,D,S,T,2024-08-26,1000000.00,3.705623,102.5390625
08:00:31,91282CLD1,TSRYS5850288,D,S,T,2024-08-26,1000000.00,3.706893,102.53125
08:00:31,91282CLD1,TSRYS5850288,D,S,T,2024-08-26,1000000.00,3.709435,102.515625
08:00:31,91282CLD1,TSRYS5850288,D,S,T,2024-08-26,2000000.00,3.709435,102.515625
08:00:31,91282CLD1,TSRYS5850288,D,S,T,2024-08-26,1000000.00,3.706893,102.53125
08:00:31,91282CLD1,TSRYS5850288,D,S,T,2024-08-26,1000000.00,3.706893,102.53125
08:00:31,91282CLD1,TSRYS5850288,D,S,T,2024-08-26,1000000.00,3.706893,102.53125
08:00:31,91282CLD1,TSRYS5850288,D,S,T,2024-08-26,1000000.00,3.707211,102.529296875
08:00:31,91282CLD1,TSRYS5850288,D,S,T,2024-08-26,1000000.00,3.706893,102.53125
08:00:31,91282CLD1,TSRYS5850288,D,S,T,2024-08-26,1000000.00,3.707211,102.529296875
08:00:31,91282CLD1,TSRYS5850288,D,S,T,2024-08-26,1000000.00,3.708164,102.5234375
08:00:31,91282CLD1,TSRYS5850288,D,S,T,2024-08-26,1000000.00,3.707211,102.529296875
08:00:31,91282CLD1,TSRYS5850288,D,S,T,2024-08-26,1000000.00,3.706893,102.53125
08:00:31,91282CLD1,TSRYS5850288,D,S,T,2024-08-26,1000000.00,3.705623,102.5390625
08:00:31,91282CLD1,TSRYS5850288,D,S,T,2024-08-26,1000000.00,3.703082,102.5546875
08:00:31,91282CLD1,TSRYS5850288,D,S,T,2024-08-26,1000000.00,3.705623,102.5390625
08:00:31,91282CLD1,TSRYS5850288,D,S,T,2024-08-26,1000000.00,3.705623,102.5390625
08:00:31,91282CLD1,TSRYS5850288,D,S,T,2024-08-26,1000000.00,3.707211,102.529296875
08:00:31,91282CLD1,TSRYS5850288,D,S,T,2024-08-26,1000000.00,3.706893,102.53125
08:00:31,91282CLD1,TSRYS5850288,D,S,T,2024-08-26,1000000.00,3.707211,102.529296875
08:00:31,91282CLD1,TSRYS5850288,D,S,T,2024-08-26,1000000.00,3.709435,102.515625
08:00:31,91282CLD1,TSRYS5850288,D,S,T,2024-08-26,1000000.00,3.708164,102.5234375
08:00:31,91282CLD1,TSRYS5850288,D,S,T,2024-08-26,1000000.00,3.707846,102.525390625
08:00:31,91282CLD1,TSRYS5850288,D,S,T,2024-08-26,1000000.00,3.706893,102.53125
08:00:31,91282CLD1,TSRYS5850288,D,S,T,2024-08-26,1000000.00,3.707211,102.529296875
08:00:31,91282CLD1,TSRYS5850288,D,S,T,2024-08-26,1000000.00,3.706893,102.53125
08:00:31,91282CLD1,TSRYS5850288,D,S,T,2024-08-26,1000000.00,3.704353,102.546875
08:00:31,91282CLD1,TSRYS5850288,D,S,T,2024-08-26,1000000.00,3.703717,102.55078125
08:00:31,91282CLD1,TSRYS5850288,D,S,D,2024-08-26,1000000.00,3.703717,102.55078125
08:00:31,91282CLD1,TSRYS5850288,D,S,T,2024-08-26,1000000.00,3.703082,102.5546875
08:00:31,91282CLD1,TSRYS5850288,D,S,T,2024-08-26,1000000.00,3.702765,102.556640625
08:00:31,91282CLD1,TSRYS5850288,D,S,T,2024-08-26,1000000.00,3.704353,102.546875
08:00:31,91282CLD1,TSRYS5850288,D,S,T,2024-08-26,1000000.00,3.704353,102.546875
08:00:31,91282CLD1,TSRYS5850288,D,S,T,2024-08-26,1000000.00,3.704353,102.546875
08:00:31,91282CLD1,TSRYS5850288,D,S,T,2024-08-26,2000000.00,3.706893,102.53125
08:00:31,91282CLD1,TSRYS5850288,D,S,T,2024-08-26,4000000.00,3.706893,102.53125
08:00:31,91282CLD1,TSRYS5850288,D,S,T,2024-08-26,2000000.00,3.706893,102.53125
08:00:31,91282CLD1,TSRYS5850288,D,S,T,2024-08-26,2000000.00,3.706893,102.53125
08:00:31,91282CLD1,TSRYS5850288,D,S,T,2024-08-26,1000000.00,3.706893,102.53125
08:00:31,91282CLD1,TSRYS5850288,D,S,T,2024-08-26,1000000.00,3.705941,102.537109375
08:00:31,91282CLD1,TSRYS5850288,D,S,T,2024-08-26,1000000.00,3.705941,102.537109375
08:00:31,91282CLD1,TSRYS5850288,D,S,T,2024-08-26,1000000.00,3.705941,102.537109375
08:00:31,91282CLD1,TSRYS5850288,D,S,T,2024-08-26,1000000.00,3.706893,102.53125
08:00:31,91282CLD1,TSRYS5850288,D,S,T,2024-08-26,1000000.00,3.706893,102.53125
08:00:31,91282CLD1,TSRYS5850288,D,S,T,2024-08-26,1000000.00,3.706893,102.53125
08:00:31,91282CLD1,TSRYS5850288,D,S,T,2024-08-26,1000000.00,3.707529,102.52734375
08:00:31,91282CLD1,TSRYS5850288,D,S,T,2024-08-26,1000000.00,3.707529,102.52734375
08:00:31,91282CLD1,TSRYS5850288,D,S,T,2024-08-26,1000000.00,3.708164,102.5234375
08:00:31,91282CLD1,TSRYS5850288,D,S,T,2024-08-26,1000000.00,3.708164,102.5234375
08:00:31,91282CLD1,TSRYS5850288,D,S,T,2024-08-26,1000000.00,3.708164,102.5234375
08:00:31,91282CLD1,TSRYS5850288,D,S,T,2024-08-26,1000000.00,3.708164,102.5234375
08:00:31,91282CLD1,TSRYS5850288,D,S,T,2024-08-26,1000000.00,3.709435,102.515625
08:00:31,91282CLD1,TSRYS5850288,D,S,T,2024-08-26,1000000.00,3.709435,102.515625
08:00:31,91282CLD1,TSRYS5850288,D,S,T,2024-08-26,1000000.00,3.709752,102.513671875
08:00:31,91282CLD1,TSRYS5850288,D,S,T,2024-08-26,1000000.00,3.709435,102.515625
08:00:31,91282CLD1,TSRYS5850288,D,S,T,2024-08-26,1000000.00,3.710705,102.5078125
08:00:31,91282CLD1,TSRYS5850288,D,S,T,2024-08-26,1000000.00,3.711023,102.505859375
08:00:31,91282CLD1,TSRYS5850288,D,S,T,2024-08-26,1000000.00,3.706893,102.53125
08:00:31,91282CLD1,TSRYS5850288,D,S,T,2024-08-26,1000000.00,3.707211,102.529296875
08:00:31,91282CLD1,TSRYS5850288,D,S,T,2024-08-26,1000000.00,3.706893,102.53125
08:00:31,91282CLD1,TSRYS5850288,D,S,T,2024-08-26,1000000.00,3.703717,102.55078125
08:00:31,91282CLD1,TSRYS5850288,D,S,T,2024-08-26,1000000.00,3.701812,102.5625
08:00:31,91282CLD1,TSRYS5850288,D,S,T,2024-08-26,1000000.00,3.703082,102.5546875
08:00:31,91282CLD1,TSRYS5850288,D,S,T,2024-08-26,1000000.00,3.70213,102.560546875
08:00:31,91282CLD1,TSRYS5850288,D,S,T,2024-08-26,1000000.00,3.703082,102.5546875
08:00:31,91282CLD1,TSRYS5850288,D,S,D,2024-08-26,1000000.00,3.689117,102.640625
08:00:31,91282CLD1,TSRYS5850288,D,S,D,2024-08-26,1000000.00,3.689117,102.640625
08:00:31,91282CLD1,TSRYS5850288,D,S,D,2024-08-26,1000000.00,3.686262,102.658203125
08:00:31,91282CLD1,TSRYS5850288,D,S,D,2024-08-26,1000000.00,3.680237,102.6953125
08:00:31,91282CLD1,TSRYS5850288,D,S,D,2024-08-26,1000000.00,3.680237,102.6953125
08:00:31,91282CLD1,TSRYS5850288,D,S,D,2024-08-26,1000000.00,3.678969,102.703125
08:00:31,91282CLD1,TSRYS5850288,D,S,D,2024-08-26,1000000.00,3.678969,102.703125
08:00:31,91282CLD1,TSRYS5850288,D,S,D,2024-08-26,1000000.00,3.68214,102.68359375
08:00:31,91282CLD1,TSRYS5850288,D,S,D,2024-08-26,1000000.00,3.682457,102.681640625
08:00:31,91282CLD1,TSRYS5850288,D,S,D,2024-08-26,1000000.00,3.685628,102.662109375
08:00:31,91282CLD1,TSRYS5850288,D,S,D,2024-08-26,1000000.00,3.685628,102.662109375
08:00:31,91282CLD1,TSRYS5850288,D,S,D,2024-08-26,1000000.00,3.685628,102.662109375
08:00:31,91282CLD1,TSRYS5850288,D,S,D,2024-08-26,1000000.00,3.685311,102.6640625
08:00:31,91282CLD1,TSRYS5850288,D,S,D,2024-08-26,1000000.00,3.685311,102.6640625
08:00:31,91282CLD1,TSRYS5850288,D,S,D,2024-08-26,1000000.00,3.684042,102.671875
08:00:31,91282CLD1,TSRYS5850288,D,S,D,2024-08-26,1000000.00,3.684042,102.671875
08:00:31,91282CLD1,TSRYS5850288,D,S,D,2024-08-26,1000000.00,3.68436,102.669921875
08:00:31,91282CLD1,TSRYS5850288,D,S,D,2024-08-26,1000000.00,3.684042,102.671875
08:00:31,91282CLD1,TSRYS5850288,D,S,D,2024-08-26,1000000.00,3.684042,102.671875
08:00:31,91282CLD1,TSRYS5850288,D,S,D,2024-08-26,1000000.00,3.683408,102.67578125
08:00:31,91282CLD1,TSRYS5850288,D,S,D,2024-08-26,1000000.00,3.683091,102.677734375
08:00:31,91282CLD1,TSRYS5850288,D,S,D,2024-08-26,1000000.00,3.683091,102.677734375
08:00:31,91282CLD1,TSRYS5850288,D,S,D,2024-08-26,1000000.00,3.682457,102.681640625
08:00:31,91282CLD1,TSRYS5850288,D,S,D,2024-08-26,1000000.00,3.682457,102.681640625
08:00:31,91282CLD1,TSRYS5850288,D,S,D,2024-08-26,1000000.00,3.682774,102.6796875
08:00:31,91282CLD1,TSRYS5850288,D,S,D,2024-08-26,1000000.00,3.682457,102.681640625
08:00:31,91282CLD1,TSRYS5850288,D,S,D,2024-08-26,1000000.00,3.682774,102.6796875
08:00:31,91282CLD1,TSRYS5850288,D,S,D,2024-08-26,1000000.00,3.682457,102.681640625
08:00:31,91282CLD1,TSRYS5850288,D,S,D,2024-08-26,1000000.00,3.682774,102.6796875
08:00:31,91282CLD1,TSRYS5850288,D,S,D,2024-08-26,1000000.00,3.682774,102.6796875
08:00:31,91282CLD1,TSRYS5850288,D,S,D,2024-08-26,1000000.00,3.682774,102.6796875
08:00:31,91282CLD1,TSRYS5850288,D,S,D,2024-08-26,1000000.00,3.682774,102.6796875
08:00:31,91282CLD1,TSRYS5850288,D,S,D,2024-08-26,1000000.00,3.682774,102.6796875
08:00:31,91282CLD1,TSRYS5850288,D,S,D,2024-08-26,1000000.00,3.683725,102.673828125
08:00:31,91282CLD1,TSRYS5850288,D,S,D,2024-08-26,1000000.00,3.683408,102.67578125
08:00:31,91282CLD1,TSRYS5850288,D,S,D,2024-08-26,1000000.00,3.684042,102.671875
08:00:31,91282CLD1,TSRYS5850288,D,S,D,2024-08-26,1000000.00,3.684042,102.671875
08:00:31,91282CLD1,TSRYS5850288,D,S,D,2024-08-26,1000000.00,3.683725,102.673828125
08:00:31,91282CLD1,TSRYS5850288,D,S,D,2024-08-26,1000000.00,3.683725,102.673828125
08:00:31,91282CLD1,TSRYS5850288,D,S,D,2024-08-26,1000000.00,3.683725,102.673828125
08:00:31,91282CLD1,TSRYS5850288,D,S,D,2024-08-26,1000000.00,3.683725,102.673828125
08:00:31,91282CLD1,TSRYS5850288,D,S,D,2024-08-26,1000000.00,3.683725,102.673828125
08:00:31,91282CLD1,TSRYS5850288,D,S,D,2024-08-26,1000000.00,3.683408,102.67578125
08:00:31,91282CLD1,TSRYS5850288,D,S,D,2024-08-26,1000000.00,3.681506,102.6875
08:00:31,91282CLD1,TSRYS5850288,D,S,D,2024-08-26,1000000.00,3.681189,102.689453125
08:00:31,91282CLD1,TSRYS5850288,D,S,D,2024-08-26,1000000.00,3.680872,102.69140625
08:00:31,91282CLD1,TSRYS5850288,D,S,D,2024-08-26,1000000.00,3.681189,102.689453125
08:00:31,91282CLD1,TSRYS5850288,D,S,D,2024-08-26,1000000.00,3.680872,102.69140625
08:00:31,91282CLD1,TSRYS5850288,D,S,D,2024-08-26,1000000.00,3.680872,102.69140625
08:00:31,91282CLD1,TSRYS5850288,D,S,D,2024-08-26,1000000.00,3.680872,102.69140625
08:00:31,91282CLD1,TSRYS5850288,D,S,D,2024-08-26,1000000.00,3.680872,102.69140625
08:00:31,91282CLD1,TSRYS5850288,D,S,D,2024-08-26,1000000.00,3.680237,102.6953125
08:00:31,91282CLD1,TSRYS5850288,D,S,D,2024-08-26,1000000.00,3.680237,102.6953125
08:00:31,91282CLD1,TSRYS5850288,D,S,D,2024-08-26,1000000.00,3.680237,102.6953125
08:00:31,91282CLD1,TSRYS5850288,D,S,D,2024-08-26,1000000.00,3.680237,102.6953125
08:00:31,91282CLD1,TSRYS5850288,D,S,D,2024-08-26,1000000.00,3.680237,102.6953125
08:00:31,91282CLD1,TSRYS5850288,D,S,D,2024-08-26,1000000.00,3.680237,102.6953125
08:00:31,91282CLD1,TSRYS5850288,D,S,D,2024-08-26,1000000.00,3.680237,102.6953125
08:00:31,91282CLD1,TSRYS5850288,D,S,D,2024-08-26,1000000.00,3.680237,102.6953125
08:00:31,91282CLD1,TSRYS5850288,D,S,D,2024-08-26,1000000.00,3.680237,102.6953125
08:00:31,91282CLD1,TSRYS5850288,D,S,D,2024-08-26,1000000.00,3.679286,102.701171875
08:00:31,91282CLD1,TSRYS5850288,D,S,D,2024-08-26,1000000.00,3.679286,102.701171875
08:00:31,91282CLD1,TSRYS5850288,D,S,D,2024-08-26,1000000.00,3.683725,102.673828125
08:00:31,91282CLD1,TSRYS5850288,D,S,D,2024-08-26,1000000.00,3.683725,102.673828125
08:00:31,91282CLD1,TSRYS5850288,D,S,D,2024-08-26,1000000.00,3.685945,102.66015625
08:00:31,91282CLD1,TSRYS5850288,D,S,D,2024-08-26,1000000.00,3.685945,102.66015625
08:00:31,91282CLD1,TSRYS5850288,D,S,D,2024-08-26,1000000.00,3.685311,102.6640625
08:00:31,91282CLD1,TSRYS5850288,D,S,D,2024-08-26,1000000.00,3.686262,102.658203125
08:00:31,91282CLD1,TSRYS5850288,D,S,D,2024-08-26,1000000.00,3.686262,102.658203125
08:00:31,91282CLD1,TSRYS5850288,D,S,D,2024-08-26,1000000.00,3.688166,102.646484375
08:00:31,91282CLD1,TSRYS5850288,D,S,D,2024-08-26,1000000.00,3.685945,102.66015625
08:00:31,91282CLD1,TSRYS5850288,D,S,D,2024-08-26,1000000.00,3.685945,102.66015625
08:00:31,91282CLD1,TSRYS5850288,D,S,D,2024-08-26,1000000.00,3.685945,102.66015625
08:00:31,91282CLD1,TSRYS5850288,D,S,D,2024-08-26,1000000.00,3.685311,102.6640625
08:00:31,91282CLD1,TSRYS5850288,D,S,D,2024-08-26,1000000.00,3.68436,102.669921875
08:00:31,91282CLD1,TSRYS5850288,D,S,D,2024-08-26,1000000.00,3.683725,102.673828125
08:00:31,91282CLD1,TSRYS5850288,D,S,D,2024-08-26,1000000.00,3.683725,102.673828125
08:00:31,91282CLD1,TSRYS5850288,D,S,D,2024-08-26,1000000.00,3.681506,102.6875
08:00:31,91282CLD1,TSRYS5850288,D,S,D,2024-08-26,1000000.00,3.681189,102.689453125
08:00:31,91282CLD1,TSRYS5850288,D,S,D,2024-08-26,1000000.00,3.680555,102.693359375
08:00:31,91282CLD1,TSRYS5850288,D,S,D,2024-08-26,1000000.00,3.678969,102.703125
08:00:31,91282CLD1,TSRYS5850288,D,S,D,2024-08-26,1000000.00,3.678335,102.70703125
08:00:31,91282CLD1,TSRYS5850288,D,S,D,2024-08-26,1000000.00,3.678969,102.703125
08:00:31,91282CLD1,TSRYS5850288,D,S,D,2024-08-26,1000000.00,3.681506,102.6875
08:00:31,91282CLD1,TSRYS5850288,D,S,D,2024-08-26,1000000.00,3.681506,102.6875
08:00:31,91282CLD1,TSRYS5850288,D,S,D,2024-08-26,1000000.00,3.683725,102.673828125
08:00:31,91282CLD1,TSRYS5850288,D,S,D,2024-08-26,1000000.00,3.683725,102.673828125
08:00:31,91282CLD1,TSRYS5850288,D,S,D,2024-08-26,1000000.00,3.683725,102.673828125
08:00:31,91282CLD1,TSRYS5850288,D,S,D,2024-08-26,1000000.00,3.684042,102.671875
08:00:31,91282CLD1,TSRYS5850288,D,S,D,2024-08-26,1000000.00,3.684042,102.671875
08:00:31,91282CLD1,TSRYS5850288,D,S,D,2024-08-26,1000000.00,3.691338,102.626953125
08:00:31,91282CLD1,TSRYS5850288,D,S,D,2024-08-26,1000000.00,3.691338,102.626953125
08:00:31,91282CLD1,TSRYS5850288,D,S,D,2024-08-26,1000000.00,3.689117,102.640625
08:00:31,91282CLD1,TSRYS5850288,D,S,D,2024-08-26,1000000.00,3.686897,102.654296875
08:00:31,91282CLD1,TSRYS5850288,D,S,D,2024-08-26,1000000.00,3.686897,102.654296875
08:00:31,91282CLD1,TSRYS5850288,D,S,D,2024-08-26,1000000.00,3.686897,102.654296875
08:00:31,91282CLD1,TSRYS5850288,D,S,D,2024-08-26,1000000.00,3.686897,102.654296875
08:00:31,91282CLD1,TSRYS5850288,D,S,D,2024-08-26,1000000.00,3.686897,102.654296875
08:00:31,91282CLD1,TSRYS5850288,D,S,D,2024-08-26,1000000.00,3.689434,102.638671875
08:00:31,91282CLD1,TSRYS5850288,D,S,D,2024-08-26,1000000.00,3.689434,102.638671875
08:00:31,91282CLD1,TSRYS5850288,D,S,D,2024-08-26,1000000.00,3.689434,102.638671875
08:00:31,91282CLD1,TSRYS5850288,D,S,D,2024-08-26,1000000.00,3.7034,102.552734375
08:00:31,91282CLD1,TSRYS5850288,D,S,D,2024-08-26,1000000.00,3.7034,102.552734375
08:00:31,91282CLD1,TSRYS5850288,D,S,D,2024-08-26,1000000.00,3.7034,102.552734375
08:00:31,91282CLD1,TSRYS5850288,D,S,D,2024-08-26,1000000.00,3.70213,102.560546875
08:00:31,91282CLD1,TSRYS5850288,D,S,D,2024-08-26,1000000.00,3.7034,102.552734375
08:00:32,91282CLD1,TSRYS5850288,D,S,D,2024-08-26,1000000.00,3.68658,102.65625
08:00:32,91282CLD1,TSRYS5850288,D,S,T,2024-08-26,1000000.00,3.704988,102.54296875
08:00:32,91282CLD1,TSRYS5850288,D,S,T,2024-08-26,1000000.00,3.704988,102.54296875
08:00:32,91282CLD1,TSRYS5850288,D,S,T,2024-08-26,1000000.00,3.703082,102.5546875
08:00:32,91282CLD1,TSRYS5850288,D,S,T,2024-08-26,1000000.00,3.703082,102.5546875
08:00:32,91282CLD1,TSRYS5850288,D,S,T,2024-08-26,1000000.00,3.703082,102.5546875
08:00:32,91282CLD1,TSRYS5850288,D,S,T,2024-08-26,1000000.00,3.7034,102.552734375
08:00:32,91282CLD1,TSRYS5850288,D,S,T,2024-08-26,1000000.00,3.703082,102.5546875
08:00:32,91282CLD1,TSRYS5850288,D,S,T,2024-08-26,1000000.00,3.7034,102.552734375
08:00:32,91282CLD1,TSRYS5850288,D,S,T,2024-08-26,1000000.00,3.703082,102.5546875
08:00:32,91282CLD1,TSRYS5850288,D,S,T,2024-08-26,1000000.00,3.703082,102.5546875
08:00:32,91282CLD1,TSRYS5850288,D,S,T,2024-08-26,1000000.00,3.704353,102.546875
08:00:33,91282CLD1,TSRYS5850288,D,S,D,2024-08-26,1000000.00,3.685628,102.662109375
08:00:33,91282CLD1,TSRYS5850288,D,S,D,2024-08-26,1000000.00,3.685628,102.662109375
08:00:33,91282CLD1,TSRYS5850288,D,S,D,2024-08-26,1000000.00,3.685628,102.662109375
08:00:33,91282CLD1,TSRYS5850288,D,S,D,2024-08-26,2000000.00,3.708799,102.51953125
08:00:33,91282CLD1,TSRYS5850288,D,S,D,2024-08-26,2000000.00,3.704353,102.546875
08:00:34,91282CLD1,TSRYS5850288,D,S,D,2024-08-26,2000000.00,3.685311,102.6640625
08:00:34,91282CLD1,TSRYS5850288,D,S,D,2024-08-26,2000000.00,3.685311,102.6640625
08:00:34,91282CLD1,TSRYS5850288,D,S,D,2024-08-26,1000000.00,3.685311,102.6640625
08:00:34,91282CLD1,TSRYS5850288,D,S,D,2024-08-26,1000000.00,3.685311,102.6640625
08:00:34,91282CLD1,TSRYS5850288,D,S,D,2024-08-26,2000000.00,3.685311,102.6640625
08:00:34,91282CLD1,TSRYS5850288,D,S,D,2024-08-26,1000000.00,3.685311,102.6640625
08:00:34,91282CLD1,TSRYS5850288,D,S,D,2024-08-26,1000000.00,3.685311,102.6640625
08:00:34,91282CLD1,TSRYS5850288,D,S,D,2024-08-26,1000000.00,3.684677,102.66796875
08:00:34,91282CLD1,TSRYS5850288,D,S,D,2024-08-26,1000000.00,3.684677,102.66796875
08:00:34,91282CLD1,TSRYS5850288,D,S,D,2024-08-26,1000000.00,3.684677,102.66796875
08:00:34,91282CLD1,TSRYS5850288,D,S,D,2024-08-26,1000000.00,3.684677,102.66796875
08:00:34,91282CLD1,TSRYS5850288,D,S,D,2024-08-26,1000000.00,3.684677,102.66796875
08:00:34,91282CLD1,TSRYS5850288,D,S,D,2024-08-26,1000000.00,3.684677,102.66796875
08:00:34,91282CLD1,TSRYS5850288,D,S,D,2024-08-26,1000000.00,3.684677,102.66796875
08:00:34,91282CLD1,TSRYS5850288,D,S,D,2024-08-26,1000000.00,3.68436,102.669921875
08:00:34,91282CLD1,TSRYS5850288,D,S,D,2024-08-26,1000000.00,3.68436,102.669921875
08:00:34,91282CLD1,TSRYS5850288,D,S,D,2024-08-26,1000000.00,3.684042,102.671875
08:00:34,91282CLD1,TSRYS5850288,D,S,D,2024-08-26,2000000.00,3.684042,102.671875
08:00:34,91282CLD1,TSRYS5850288,D,S,D,2024-08-26,1000000.00,3.684042,102.671875
08:00:34,91282CLD1,TSRYS5850288,D,S,D,2024-08-26,1000000.00,3.684042,102.671875
08:00:34,91282CLD1,TSRYS5850288,D,S,D,2024-08-26,1000000.00,3.684042,102.671875
08:00:34,91282CLD1,TSRYS5850288,D,S,D,2024-08-26,1000000.00,3.684042,102.671875
08:00:35,91282CLD1,TSRYS5850288,D,S,D,2024-08-26,2000000.00,3.684042,102.671875
08:00:35,91282CLD1,TSRYS5850288,D,S,D,2024-08-26,2000000.00,3.684042,102.671875
08:00:35,91282CLD1,TSRYS5850288,D,S,D,2024-08-26,2000000.00,3.684042,102.671875
08:00:35,91282CLD1,TSRYS5850288,D,S,D,2024-08-26,1000000.00,3.684042,102.671875
08:00:35,91282CLD1,TSRYS5850288,D,S,D,2024-08-26,1000000.00,3.684042,102.671875
08:00:35,91282CLD1,TSRYS5850288,D,S,D,2024-08-26,1000000.00,3.684042,102.671875
08:00:35,91282CLD1,TSRYS5850288,D,S,D,2024-08-26,1000000.00,3.684042,102.671875
08:00:35,91282CLD1,TSRYS5850288,D,S,D,2024-08-26,1000000.00,3.684042,102.671875
08:00:35,91282CLD1,TSRYS5850288,D,S,D,2024-08-26,1000000.00,3.68436,102.669921875
08:00:35,91282CLD1,TSRYS5850288,D,S,D,2024-08-26,1000000.00,3.684042,102.671875
08:00:35,91282CLD1,TSRYS5850288,D,S,D,2024-08-26,2000000.00,3.684042,102.671875
08:00:35,91282CLD1,TSRYS5850288,D,S,D,2024-08-26,1000000.00,3.684042,102.671875
08:00:35,91282CLD1,TSRYS5850288,D,S,D,2024-08-26,2000000.00,3.684042,102.671875
08:00:35,91282CLD1,TSRYS5850288,D,S,D,2024-08-26,2000000.00,3.683408,102.67578125
08:00:35,91282CLD1,TSRYS5850288,D,S,D,2024-08-26,2000000.00,3.683408,102.67578125
08:00:36,91282CLD1,TSRYS5850288,D,S,D,2024-08-26,1000000.00,3.683408,102.67578125
08:00:36,91282CLD1,TSRYS5850288,D,S,D,2024-08-26,2000000.00,3.683408,102.67578125
08:00:36,91282CLD1,TSRYS5850288,D,S,D,2024-08-26,1000000.00,3.683091,102.677734375
08:00:36,91282CLD1,TSRYS5850288,D,S,D,2024-08-26,1000000.00,3.683091,102.677734375
08:00:36,91282CLD1,TSRYS5850288,D,S,D,2024-08-26,1000000.00,3.683091,102.677734375
08:00:36,91282CLD1,TSRYS5850288,D,S,D,2024-08-26,2000000.00,3.682457,102.681640625
08:00:36,91282CLD1,TSRYS5850288,D,S,D,2024-08-26,1000000.00,3.682457,102.681640625
08:00:36,91282CLD1,TSRYS5850288,D,S,D,2024-08-26,1000000.00,3.682774,102.6796875
08:00:36,91282CLD1,TSRYS5850288,D,S,D,2024-08-26,1000000.00,3.682457,102.681640625
08:00:36,91282CLD1,TSRYS5850288,D,S,D,2024-08-26,1000000.00,3.682457,102.681640625
08:00:36,91282CLD1,TSRYS5850288,D,S,D,2024-08-26,1000000.00,3.682457,102.681640625
08:00:36,91282CLD1,TSRYS5850288,D,S,D,2024-08-26,1000000.00,3.682774,102.6796875
08:00:36,91282CLD1,TSRYS5850288,D,S,D,2024-08-26,1000000.00,3.682457,102.681640625
08:00:36,91282CLD1,TSRYS5850288,D,S,D,2024-08-26,1000000.00,3.682457,102.681640625
08:00:36,91282CLD1,TSRYS5850288,D,S,D,2024-08-26,1000000.00,3.682774,102.6796875
08:00:36,91282CLD1,TSRYS5850288,D,S,D,2024-08-26,1000000.00,3.682457,102.681640625
08:00:36,91282CLD1,TSRYS5850288,D,S,D,2024-08-26,1000000.00,3.682457,102.681640625
08:00:36,91282CLD1,TSRYS5850288,D,S,D,2024-08-26,1000000.00,3.682457,102.681640625
08:00:36,91282CLD1,TSRYS5850288,D,S,D,2024-08-26,1000000.00,3.682457,102.681640625
08:00:36,91282CLD1,TSRYS5850288,D,S,D,2024-08-26,1000000.00,3.682774,102.6796875
08:00:36,91282CLD1,TSRYS5850288,D,S,D,2024-08-26,1000000.00,3.682457,102.681640625
08:00:36,91282CLD1,TSRYS5850288,D,S,D,2024-08-26,1000000.00,3.68214,102.68359375
08:00:36,91282CLD1,TSRYS5850288,D,S,D,2024-08-26,1000000.00,3.682774,102.6796875
08:00:36,91282CLD1,TSRYS5850288,D,S,D,2024-08-26,1000000.00,3.682774,102.6796875
08:00:36,91282CLD1,TSRYS5850288,D,S,D,2024-08-26,1000000.00,3.682774,102.6796875
08:00:36,91282CLD1,TSRYS5850288,D,S,D,2024-08-26,1000000.00,3.682774,102.6796875
08:00:36,91282CLD1,TSRYS5850288,D,S,D,2024-08-26,1000000.00,3.682774,102.6796875
08:00:36,91282CLD1,TSRYS5850288,D,S,D,2024-08-26,1000000.00,3.683725,102.673828125
08:00:36,91282CLD1,TSRYS5850288,D,S,D,2024-08-26,1000000.00,3.684042,102.671875
08:00:36,91282CLD1,TSRYS5850288,D,S,D,2024-08-26,1000000.00,3.683725,102.673828125
08:00:36,91282CLD1,TSRYS5850288,D,S,D,2024-08-26,1000000.00,3.683408,102.67578125
08:00:36,91282CLD1,TSRYS5850288,D,S,D,2024-08-26,1000000.00,3.683725,102.673828125
08:00:37,91282CLD1,TSRYS5850288,D,S,T,2024-08-26,1000000.00,3.704353,102.546875
08:00:37,91282CLD1,TSRYS5850288,D,S,T,2024-08-26,1000000.00,3.704353,102.546875
08:00:37,91282CLD1,TSRYS5850288,D,S,T,2024-08-26,2000000.00,3.70213,102.560546875
08:00:37,91282CLD1,TSRYS5850288,D,S,T,2024-08-26,2000000.00,3.70213,102.560546875
08:00:37,91282CLD1,TSRYS5850288,D,S,T,2024-08-26,1000000.00,3.702447,102.55859375
08:00:37,91282CLD1,TSRYS5850288,D,S,T,2024-08-26,1000000.00,3.703082,102.5546875
08:00:37,91282CLD1,TSRYS5850288,D,S,T,2024-08-26,1000000.00,3.703082,102.5546875
08:00:37,91282CLD1,TSRYS5850288,D,S,T,2024-08-26,2000000.00,3.703082,102.5546875
08:00:37,91282CLD1,TSRYS5850288,D,S,D,2024-08-26,1000000.00,3.683725,102.673828125
08:00:37,91282CLD1,TSRYS5850288,D,S,D,2024-08-26,1000000.00,3.683408,102.67578125
08:00:38,91282CLD1,TSRYS5850288,D,S,D,2024-08-26,1000000.00,3.683091,102.677734375
08:00:38,91282CLD1,TSRYS5850288,D,S,D,2024-08-26,1000000.00,3.682774,102.6796875
08:00:38,91282CLD1,TSRYS5850288,D,S,D,2024-08-26,2000000.00,3.683408,102.67578125
08:00:38,91282CLD1,TSRYS5850288,D,S,D,2024-08-26,1000000.00,3.684042,102.671875
08:00:38,91282CLD1,TSRYS5850288,D,S,D,2024-08-26,1000000.00,3.682774,102.6796875
08:00:38,91282CLD1,TSRYS5850288,D,S,D,2024-08-26,1000000.00,3.684042,102.671875
08:00:38,91282CLD1,TSRYS5850288,D,S,D,2024-08-26,1000000.00,3.682774,102.6796875
08:00:38,91282CLD1,TSRYS5850288,D,S,D,2024-08-26,1000000.00,3.683725,102.673828125
08:00:38,91282CLD1,TSRYS5850288,D,S,D,2024-08-26,1000000.00,3.683725,102.673828125
08:00:38,91282CLD1,TSRYS5850288,D,S,D,2024-08-26,1000000.00,3.684042,102.671875
08:00:38,91282CLD1,TSRYS5850288,D,S,D,2024-08-26,1000000.00,3.683725,102.673828125
08:00:38,91282CLD1,TSRYS5850288,D,S,D,2024-08-26,1000000.00,3.683725,102.673828125
08:00:38,91282CLD1,TSRYS5850288,D,S,D,2024-08-26,2000000.00,3.683725,102.673828125
08:00:38,91282CLD1,TSRYS5850288,D,S,D,2024-08-26,1000000.00,3.683725,102.673828125
08:00:38,91282CLD1,TSRYS5850288,D,S,D,2024-08-26,2000000.00,3.683725,102.673828125
08:00:38,91282CLD1,TSRYS5850288,D,S,D,2024-08-26,1000000.00,3.684042,102.671875
08:00:38,91282CLD1,TSRYS5850288,D,S,D,2024-08-26,2000000.00,3.683725,102.673828125
08:00:38,91282CLD1,TSRYS5850288,D,S,D,2024-08-26,1000000.00,3.683408,102.67578125
08:00:38,91282CLD1,TSRYS5850288,D,S,D,2024-08-26,1000000.00,3.683408,102.67578125
08:00:38,91282CLD1,TSRYS5850288,D,S,D,2024-08-26,1000000.00,3.683725,102.673828125
08:00:38,91282CLD1,TSRYS5850288,D,S,D,2024-08-26,1000000.00,3.683725,102.673828125
08:00:38,91282CLD1,TSRYS5850288,D,S,D,2024-08-26,1000000.00,3.683725,102.673828125
08:00:38,91282CLD1,TSRYS5850288,D,S,D,2024-08-26,1000000.00,3.683725,102.673828125
08:00:38,91282CLD1,TSRYS5850288,D,S,D,2024-08-26,1000000.00,3.683725,102.673828125
08:00:39,91282CLD1,TSRYS5850288,D,S,D,2024-08-26,1000000.00,3.683725,102.673828125
08:00:39,91282CLD1,TSRYS5850288,D,S,D,2024-08-26,1000000.00,3.683725,102.673828125
08:00:39,91282CLD1,TSRYS5850288,D,S,D,2024-08-26,1000000.00,3.683725,102.673828125
08:00:39,91282CLD1,TSRYS5850288,D,S,D,2024-08-26,1000000.00,3.683725,102.673828125
08:00:39,91282CLD1,TSRYS5850288,D,S,D,2024-08-26,1000000.00,3.683725,102.673828125
08:00:39,91282CLD1,TSRYS5850288,D,S,D,2024-08-26,1000000.00,3.683725,102.673828125
08:00:39,91282CLD1,TSRYS5850288,D,S,D,2024-08-26,1000000.00,3.683408,102.67578125
08:00:39,91282CLD1,TSRYS5850288,D,S,D,2024-08-26,1000000.00,3.683408,102.67578125
08:00:39,91282CLD1,TSRYS5850288,D,S,D,2024-08-26,1000000.00,3.683408,102.67578125
08:00:39,91282CLD1,TSRYS5850288,D,S,D,2024-08-26,1000000.00,3.683408,102.67578125
08:00:39,91282CLD1,TSRYS5850288,D,S,D,2024-08-26,1000000.00,3.683408,102.67578125
08:00:39,91282CLD1,TSRYS5850288,D,S,A,2024-08-26,150MM+,3.676385,102.716022
08:00:39,91282CLD1,TSRYS5850288,D,B,C,2024-08-26,3000000.00,3.679319,102.7009739583
08:00:39,91282CLD1,TSRYS5850288,D,B,C,2024-08-26,1000000.00,3.670656,102.754359375
08:00:39,91282CLD1,TSRYS5850288,D,S,T,2024-08-26,1000000.00,3.681506,102.6875
08:00:39,91282CLD1,TSRYS5850288,D,S,T,2024-08-26,1000000.00,3.681823,102.685546875
08:00:39,91282CLD1,TSRYS5850288,D,S,T,2024-08-26,1000000.00,3.681823,102.685546875
08:00:39,91282CLD1,TSRYS5850288,D,S,T,2024-08-26,1000000.00,3.681506,102.6875
08:00:39,91282CLD1,TSRYS5850288,D,S,D,2024-08-26,1000000.00,3.681506,102.6875
08:00:39,91282CLD1,TSRYS5850288,D,S,T,2024-08-26,1000000.00,3.681823,102.685546875
08:00:39,91282CLD1,TSRYS5850288,D,S,T,2024-08-26,1000000.00,3.681506,102.6875
08:00:39,91282CLD1,TSRYS5850288,D,S,T,2024-08-26,1000000.00,3.681823,102.685546875
08:00:39,91282CLD1,TSRYS5850288,D,S,D,2024-08-26,1000000.00,3.680237,102.6953125
08:00:39,91282CLD1,TSRYS5850288,D,S,D,2024-08-26,1000000.00,3.680237,102.6953125
08:00:39,91282CLD1,TSRYS5850288,D,S,D,2024-08-26,1000000.00,3.678969,102.703125
08:00:39,91282CLD1,TSRYS5850288,D,S,D,2024-08-26,1000000.00,3.678969,102.703125
08:00:39,91282CLD1,TSRYS5850288,D,S,D,2024-08-26,1000000.00,3.678969,102.703125
08:00:39,91282CLD1,TSRYS5850288,D,S,D,2024-08-26,1000000.00,3.678969,102.703125
08:00:39,91282CLD1,TSRYS5850288,D,S,T,2024-08-26,1000000.00,3.679286,102.701171875
08:00:39,91282CLD1,TSRYS5850288,D,S,D,2024-08-26,1000000.00,3.68658,102.65625
08:00:39,91282CLD1,TSRYS5850288,D,S,T,2024-08-26,1000000.00,3.68658,102.65625
08:00:39,91282CLD1,TSRYS5850288,D,S,T,2024-08-26,1000000.00,3.681506,102.6875
08:00:39,91282CLD1,TSRYS5850288,D,S,D,2024-08-26,1000000.00,3.682774,102.6796875
08:00:40,91282CLD1,TSRYS5850288,D,S,C,2024-08-26,2000000.00,3.686336,102.65775
08:00:40,91282CLD1,TSRYS5850288,D,S,C,2024-08-26,1000000.00,3.687288,102.651890625
08:00:40,91282CLD1,TSRYS5850288,D,S,D,2024-08-26,1000000.00,3.709435,102.515625
08:00:40,91282CLD1,TSRYS5850288,D,S,T,2024-08-26,1000000.00,3.706893,102.53125
08:00:40,91282CLD1,TSRYS5850288,D,S,T,2024-08-26,1000000.00,3.706893,102.53125
08:00:40,91282CLD1,TSRYS5850288,D,S,T,2024-08-26,1000000.00,3.705623,102.5390625
08:00:40,91282CLD1,TSRYS5850288,D,S,D,2024-08-26,1000000.00,3.705623,102.5390625
08:00:40,91282CLD1,TSRYS5850288,D,S,T,2024-08-26,1000000.00,3.703082,102.5546875
08:00:40,91282CLD1,TSRYS5850288,D,S,D,2024-08-26,1000000.00,3.704353,102.546875
08:00:40,91282CLD1,TSRYS5850288,D,S,T,2024-08-26,1000000.00,3.709435,102.515625
08:00:40,91282CLD1,TSRYS5850288,D,S,T,2024-08-26,1000000.00,3.704353,102.546875
08:00:40,91282CLD1,TSRYS5850288,D,S,T,2024-08-26,1000000.00,3.704353,102.546875
08:00:40,91282CLD1,TSRYS5850288,D,S,T,2024-08-26,1000000.00,3.704353,102.546875
08:00:41,91282CLD1,TSRYS5850288,D,B,C,2024-08-26,121900000.00,3.703717,102.55078125
08:00:42,91282CLD1,TSRYS5850288,D,S,C,2024-08-26,5547000.00,3.703717,102.55078125
08:00:42,91282CLD1,TSRYS5850288,D,S,D,2024-08-26,1000000.00,3.683408,102.67578125
08:00:42,91282CLD1,TSRYS5850288,D,S,D,2024-08-26,1000000.00,3.681506,102.6875
08:00:42,91282CLD1,TSRYS5850288,D,S,D,2024-08-26,1000000.00,3.681189,102.689453125
08:00:42,91282CLD1,TSRYS5850288,D,S,D,2024-08-26,1000000.00,3.681189,102.689453125
08:00:42,91282CLD1,TSRYS5850288,D,S,D,2024-08-26,1000000.00,3.681189,102.689453125
08:00:42,91282CLD1,TSRYS5850288,D,S,D,2024-08-26,1000000.00,3.681189,102.689453125
08:00:42,91282CLD1,TSRYS5850288,D,S,D,2024-08-26,1000000.00,3.681189,102.689453125
08:00:42,91282CLD1,TSRYS5850288,D,S,D,2024-08-26,1000000.00,3.681189,102.689453125
08:00:42,91282CLD1,TSRYS5850288,D,S,D,2024-08-26,1000000.00,3.681189,102.689453125
08:00:42,91282CLD1,TSRYS5850288,D,S,D,2024-08-26,1000000.00,3.681189,102.689453125
08:00:42,91282CLD1,TSRYS5850288,D,S,D,2024-08-26,1000000.00,3.681189,102.689453125
08:00:42,91282CLD1,TSRYS5850288,D,S,D,2024-08-26,1000000.00,3.681189,102.689453125
08:00:42,91282CLD1,TSRYS5850288,D,S,D,2024-08-26,1000000.00,3.681189,102.689453125
08:00:42,91282CLD1,TSRYS5850288,D,S,A,2024-08-26,235000.00,3.684042,102.671875
08:00:42,91282CLD1,TSRYS5850288,D,S,A,2024-08-26,471000.00,3.684042,102.671875
08:00:43,91282CLD1,TSRYS5850288,D,S,D,2024-08-26,1000000.00,3.681189,102.689453125
08:00:43,91282CLD1,TSRYS5850288,D,S,D,2024-08-26,1000000.00,3.681189,102.689453125
08:00:43,91282CLD1,TSRYS5850288,D,S,D,2024-08-26,1000000.00,3.681506,102.6875
08:00:43,91282CLD1,TSRYS5850288,D,S,D,2024-08-26,1000000.00,3.681506,102.6875
08:00:43,91282CLD1,TSRYS5850288,D,S,D,2024-08-26,1000000.00,3.681506,102.6875
08:00:43,91282CLD1,TSRYS5850288,D,S,D,2024-08-26,1000000.00,3.681506,102.6875
08:00:43,91282CLD1,TSRYS5850288,D,S,D,2024-08-26,1000000.00,3.681506,102.6875
08:00:43,91282CLD1,TSRYS5850288,D,S,D,2024-08-26,1000000.00,3.681506,102.6875
08:00:43,91282CLD1,TSRYS5850288,D,S,D,2024-08-26,1000000.00,3.681506,102.6875
08:00:43,91282CLD1,TSRYS5850288,D,S,D,2024-08-26,1000000.00,3.681506,102.6875
08:00:43,91282CLD1,TSRYS5850288,D,S,D,2024-08-26,1000000.00,3.681506,102.6875
08:00:43,91282CLD1,TSRYS5850288,D,S,D,2024-08-26,1000000.00,3.681506,102.6875
08:00:43,91282CLD1,TSRYS5850288,D,S,D,2024-08-26,1000000.00,3.681189,102.689453125
08:00:43,91282CLD1,TSRYS5850288,D,S,D,2024-08-26,1000000.00,3.680872,102.69140625
08:00:43,91282CLD1,TSRYS5850288,D,S,D,2024-08-26,1000000.00,3.680872,102.69140625
08:00:43,91282CLD1,TSRYS5850288,D,S,D,2024-08-26,1000000.00,3.680872,102.69140625
08:00:43,91282CLD1,TSRYS5850288,D,S,D,2024-08-26,1000000.00,3.680872,102.69140625
08:00:43,91282CLD1,TSRYS5850288,D,S,D,2024-08-26,1000000.00,3.680872,102.69140625
08:00:43,91282CLD1,TSRYS5850288,D,S,D,2024-08-26,1000000.00,3.680872,102.69140625
08:00:43,91282CLD1,TSRYS5850288,D,S,D,2024-08-26,1000000.00,3.680872,102.69140625
08:00:43,91282CLD1,TSRYS5850288,D,S,D,2024-08-26,1000000.00,3.680872,102.69140625
08:00:44,91282CLD1,TSRYS5850288,D,S,D,2024-08-26,1000000.00,3.680237,102.6953125
08:00:44,91282CLD1,TSRYS5850288,D,S,D,2024-08-26,1000000.00,3.680237,102.6953125
08:00:44,91282CLD1,TSRYS5850288,D,S,D,2024-08-26,1000000.00,3.680237,102.6953125
08:00:44,91282CLD1,TSRYS5850288,D,S,D,2024-08-26,1000000.00,3.680237,102.6953125
08:00:44,91282CLD1,TSRYS5850288,D,S,D,2024-08-26,1000000.00,3.680237,102.6953125
08:00:44,91282CLD1,TSRYS5850288,D,S,D,2024-08-26,1000000.00,3.680237,102.6953125
08:00:44,91282CLD1,TSRYS5850288,D,S,D,2024-08-26,1000000.00,3.680237,102.6953125
08:00:44,91282CLD1,TSRYS5850288,D,S,D,2024-08-26,1000000.00,3.677384,102.712890625
08:00:45,91282CLD1,TSRYS5850288,D,S,A,2024-08-26,2500000.00,3.678172,102.70703125
08:00:45,91282CLD1,TSRYS5850288,D,S,D,2024-08-26,2000000.00,3.680237,102.6953125
08:00:45,91282CLD1,TSRYS5850288,D,S,D,2024-08-26,2000000.00,3.680237,102.6953125
08:00:45,91282CLD1,TSRYS5850288,D,S,D,2024-08-26,2000000.00,3.680237,102.6953125
08:00:45,91282CLD1,TSRYS5850288,D,S,D,2024-08-26,2000000.00,3.680237,102.6953125
08:00:45,91282CLD1,TSRYS5850288,D,S,D,2024-08-26,1000000.00,3.680237,102.6953125
08:00:45,91282CLD1,TSRYS5850288,D,S,D,2024-08-26,1000000.00,3.680237,102.6953125
08:00:45,91282CLD1,TSRYS5850288,D,S,D,2024-08-26,1000000.00,3.680237,102.6953125
08:00:45,91282CLD1,TSRYS5850288,D,S,D,2024-08-26,2000000.00,3.680237,102.6953125
08:00:45,91282CLD1,TSRYS5850288,D,S,D,2024-08-26,1000000.00,3.680237,102.6953125
08:00:45,91282CLD1,TSRYS5850288,D,S,D,2024-08-26,1000000.00,3.680237,102.6953125
08:00:45,91282CLD1,TSRYS5850288,D,S,D,2024-08-26,2000000.00,3.680237,102.6953125
08:00:45,91282CLD1,TSRYS5850288,D,S,D,2024-08-26,2000000.00,3.680237,102.6953125
08:00:45,91282CLD1,TSRYS5850288,D,S,D,2024-08-26,2000000.00,3.680237,102.6953125
08:00:45,91282CLD1,TSRYS5850288,D,S,D,2024-08-26,2000000.00,3.680237,102.6953125
08:00:45,91282CLD1,TSRYS5850288,D,S,D,2024-08-26,30000.00,3.679603,102.69921875
08:00:45,91282CLD1,TSRYS5850288,D,S,D,2024-08-26,1000000.00,3.680237,102.6953125
08:00:45,91282CLD1,TSRYS5850288,D,S,D,2024-08-26,1000000.00,3.680237,102.6953125
08:00:45,91282CLD1,TSRYS5850288,D,S,D,2024-08-26,1000000.00,3.680237,102.6953125
08:00:45,91282CLD1,TSRYS5850288,D,S,D,2024-08-26,1000000.00,3.680237,102.6953125
08:00:45,91282CLD1,TSRYS5850288,D,S,D,2024-08-26,1000000.00,3.680237,102.6953125
08:00:45,91282CLD1,TSRYS5850288,D,S,D,2024-08-26,1000000.00,3.680237,102.6953125
08:00:45,91282CLD1,TSRYS5850288,D,S,D,2024-08-26,2000000.00,3.680237,102.6953125
08:00:45,91282CLD1,TSRYS5850288,D,S,D,2024-08-26,1000000.00,3.680237,102.6953125
08:00:45,91282CLD1,TSRYS5850288,D,S,D,2024-08-26,1000000.00,3.680237,102.6953125
08:00:45,91282CLD1,TSRYS5850288,D,S,D,2024-08-26,2000000.00,3.680237,102.6953125
08:00:45,91282CLD1,TSRYS5850288,D,S,D,2024-08-26,1000000.00,3.680237,102.6953125
08:00:45,91282CLD1,TSRYS5850288,D,S,D,2024-08-26,1000000.00,3.680237,102.6953125
08:00:45,91282CLD1,TSRYS5850288,D,S,D,2024-08-26,1000000.00,3.680237,102.6953125
08:00:45,91282CLD1,TSRYS5850288,D,S,D,2024-08-26,1000000.00,3.680237,102.6953125
08:00:45,91282CLD1,TSRYS5850288,D,S,D,2024-08-26,1000000.00,3.67992,102.697265625
08:00:45,91282CLD1,TSRYS5850288,D,S,D,2024-08-26,1000000.00,3.67992,102.697265625
08:00:45,91282CLD1,TSRYS5850288,D,S,D,2024-08-26,1000000.00,3.679603,102.69921875
08:00:45,91282CLD1,TSRYS5850288,D,S,D,2024-08-26,1000000.00,3.679603,102.69921875
08:00:45,91282CLD1,TSRYS5850288,D,S,D,2024-08-26,1000000.00,3.679603,102.69921875
08:00:45,91282CLD1,TSRYS5850288,D,S,D,2024-08-26,1000000.00,3.679603,102.69921875
08:00:45,91282CLD1,TSRYS5850288,D,S,D,2024-08-26,1000000.00,3.679603,102.69921875
08:00:45,91282CLD1,TSRYS5850288,D,S,D,2024-08-26,1000000.00,3.679603,102.69921875
08:00:45,91282CLD1,TSRYS5850288,D,S,D,2024-08-26,1000000.00,3.679603,102.69921875
08:00:45,91282CLD1,TSRYS5850288,D,S,D,2024-08-26,1000000.00,3.679603,102.69921875
08:00:45,91282CLD1,TSRYS5850288,D,S,D,2024-08-26,1000000.00,3.679286,102.701171875
08:00:46,91282CLD1,TSRYS5850288,D,S,D,2024-08-26,1000000.00,3.706893,102.53125
08:00:46,91282CLD1,TSRYS5850288,D,S,D,2024-08-26,1000000.00,3.679286,102.701171875
08:00:46,91282CLD1,TSRYS5850288,D,S,D,2024-08-26,1000000.00,3.679286,102.701171875
08:00:46,91282CLD1,TSRYS5850288,D,S,D,2024-08-26,1000000.00,3.679286,102.701171875
08:00:46,91282CLD1,TSRYS5850288,D,S,D,2024-08-26,1000000.00,3.679286,102.701171875
08:00:46,91282CLD1,TSRYS5850288,D,S,D,2024-08-26,1000000.00,3.678969,102.703125
08:00:46,91282CLD1,TSRYS5850288,D,B,C,2024-08-26,1000000.00,3.678969,102.703125
08:00:46,91282CLD1,TSRYS5850288,D,S,D,2024-08-26,1000000.00,3.687848,102.6484375
08:00:46,91282CLD1,TSRYS5850288,D,S,C,2024-08-26,1000000.00,3.6888,102.642578125
08:00:46,91282CLD1,TSRYS5850288,D,S,C,2024-08-26,1000000.00,3.686262,102.658203125
08:00:46,91282CLD1,TSRYS5850288,D,S,C,2024-08-26,1000000.00,3.686262,102.658203125
08:00:46,91282CLD1,TSRYS5850288,D,S,C,2024-08-26,1000000.00,3.686262,102.658203125
08:00:47,91282CLD1,TSRYS5850288,D,S,D,2024-08-26,1000000.00,3.685311,102.6640625
08:00:47,91282CLD1,TSRYS5850288,D,S,A,2024-08-26,4380000.00,3.683408,102.67578125
08:00:47,91282CLD1,TSRYS5850288,D,S,A,2024-08-26,697000.00,3.682774,102.6796875
08:00:47,91282CLD1,TSRYS5850288,D,S,C,2024-08-26,1000000.00,3.685945,102.66015625
08:00:48,91282CLD1,TSRYS5850288,D,B,A,2024-08-26,4380000.00,3.691655,102.625
08:00:48,91282CLD1,TSRYS5850288,D,S,C,2024-08-26,150MM+,3.689854,102.636088
08:00:48,91282CLD1,TSRYS5850288,D,S,C,2024-08-26,1000000.00,3.685945,102.66015625
08:00:49,91282CLD1,TSRYS5850288,D,S,C,2024-08-26,1000000.00,3.684042,102.671875
08:00:49,91282CLD1,TSRYS5850288,D,S,C,2024-08-26,1000000.00,3.685628,102.662109375
08:00:49,91282CLD1,TSRYS5850288,D,S,C,2024-08-26,1000000.00,3.684677,102.66796875
08:00:49,91282CLD1,TSRYS5850288,D,S,C,2024-08-26,1000000.00,3.684042,102.671875
08:00:49,91282CLD1,TSRYS5850288,D,S,C,2024-08-26,1000000.00,3.682457,102.681640625
08:00:49,91282CLD1,TSRYS5850288,D,S,C,2024-08-26,1000000.00,3.683725,102.673828125
08:00:49,91282CLD1,TSRYS5850288,D,S,D,2024-08-26,800000.00,3.708799,102.51953125
08:00:51,91282CLD1,TSRYS5850288,D,S,C,2024-08-26,98400000.00,3.703717,102.55078125
08:00:51,91282CLD1,TSRYS5850288,D,S,D,2024-08-26,1000000.00,3.704988,102.54296875
08:00:52,91282CLD1,TSRYS5850288,D,S,T,2024-08-26,1000000.00,3.677718,102.7108355
08:00:52,91282CLD1,TSRYS5850288,D,S,A,2024-08-26,9000000.00,3.675166,102.7265625
08:00:53,91282CLD1,TSRYS5850288,D,S,T,2024-08-26,1000000.00,3.678969,102.703125
08:00:53,91282CLD1,TSRYS5850288,D,S,T,2024-08-26,1000000.00,3.678969,102.703125
08:00:53,91282CLD1,TSRYS5850288,D,S,T,2024-08-26,4000000.00,3.678969,102.703125
08:00:53,91282CLD1,TSRYS5850288,D,S,T,2024-08-26,2000000.00,3.678969,102.703125
08:00:53,91282CLD1,TSRYS5850288,D,S,T,2024-08-26,1000000.00,3.678986,102.703023
08:00:53,91282CLD1,TSRYS5850288,D,S,T,2024-08-26,1000000.00,3.678986,102.703023
08:00:53,91282CLD1,TSRYS5850288,D,S,T,2024-08-26,1000000.00,3.678969,102.703125
08:00:53,91282CLD1,TSRYS5850288,D,S,T,2024-08-26,3000000.00,3.678969,102.703125
08:00:53,91282CLD1,TSRYS5850288,D,S,T,2024-08-26,1000000.00,3.678969,102.703125
08:00:59,91282CLD1,TSRYS5850288,D,S,C,2024-08-26,1000000.00,3.692607,102.619140625
08:00:59,91282CLD1,TSRYS5850288,D,S,C,2024-08-26,1000000.00,3.692607,102.619140625
08:01:00,91282CLD1,TSRYS5850288,D,S,C,2024-08-26,1000000.00,3.68658,102.65625
08:01:00,91282CLD1,TSRYS5850288,D,B,C,2024-08-26,1000000.00,3.686262,102.658203125
08:01:00,91282CLD1,TSRYS5850288,D,S,C,2024-08-26,1000000.00,3.686262,102.658203125
08:01:00,91282CLD1,TSRYS5850288,D,S,C,2024-08-26,1000000.00,3.692925,102.6171875
08:01:00,91282CLD1,TSRYS5850288,D,S,C,2024-08-26,1000000.00,3.692607,102.619140625
08:01:00,91282CLD1,TSRYS5850288,D,S,C,2024-08-26,1000000.00,3.692925,102.6171875
08:01:00,91282CLD1,TSRYS5850288,D,S,C,2024-08-26,1000000.00,3.692925,102.6171875
08:01:00,91282CLD1,TSRYS5850288,D,S,C,2024-08-26,1000000.00,3.692925,102.6171875
08:01:00,91282CLD1,TSRYS5850288,D,S,C,2024-08-26,1000000.00,3.692925,102.6171875
08:01:00,91282CLD1,TSRYS5850288,D,S,C,2024-08-26,1000000.00,3.692925,102.6171875
08:01:00,91282CLD1,TSRYS5850288,D,S,C,2024-08-26,1000000.00,3.692925,102.6171875
08:01:00,91282CLD1,TSRYS5850288,D,S,C,2024-08-26,1000000.00,3.692925,102.6171875
08:01:00,91282CLD1,TSRYS5850288,D,S,C,2024-08-26,1000000.00,3.692925,102.6171875
08:01:00,91282CLD1,TSRYS5850288,D,S,C,2024-08-26,1000000.00,3.692925,102.6171875
08:01:00,91282CLD1,TSRYS5850288,D,S,C,2024-08-26,1000000.00,3.692925,102.6171875
08:01:00,91282CLD1,TSRYS5850288,D,S,C,2024-08-26,1000000.00,3.692925,102.6171875
08:01:00,91282CLD1,TSRYS5850288,D,S,C,2024-08-26,1000000.00,3.692925,102.6171875
08:01:00,91282CLD1,TSRYS5850288,D,S,C,2024-08-26,1000000.00,3.692925,102.6171875
08:01:00,91282CLD1,TSRYS5850288,D,S,C,2024-08-26,1000000.00,3.692925,102.6171875
08:01:00,91282CLD1,TSRYS5850288,D,B,C,2024-08-26,1000000.00,3.696415,102.595703125
08:01:00,91282CLD1,TSRYS5850288,D,B,C,2024-08-26,1000000.00,3.696415,102.595703125
08:01:00,91282CLD1,TSRYS5850288,D,S,D,2024-08-26,1000000.00,3.696415,102.595703125
08:01:00,91282CLD1,TSRYS5850288,D,S,D,2024-08-26,1000000.00,3.696415,102.595703125
08:01:00,91282CLD1,TSRYS5850288,D,B,C,2024-08-26,1000000.00,3.696098,102.59765625
08:01:00,91282CLD1,TSRYS5850288,D,S,D,2024-08-26,1000000.00,3.696098,102.59765625
08:01:00,91282CLD1,TSRYS5850288,D,B,C,2024-08-26,1000000.00,3.696415,102.595703125
08:01:00,91282CLD1,TSRYS5850288,D,S,D,2024-08-26,1000000.00,3.696415,102.595703125
08:01:00,91282CLD1,TSRYS5850288,D,S,C,2024-08-26,1000000.00,3.697368,102.58984375
08:01:00,91282CLD1,TSRYS5850288,D,B,C,2024-08-26,1000000.00,3.698955,102.580078125
08:01:00,91282CLD1,TSRYS5850288,D,S,D,2024-08-26,1000000.00,3.698955,102.580078125
08:01:00,91282CLD1,TSRYS5850288,D,B,C,2024-08-26,1000000.00,3.698955,102.580078125
08:01:00,91282CLD1,TSRYS5850288,D,B,C,2024-08-26,1000000.00,3.698955,102.580078125
08:01:00,91282CLD1,TSRYS5850288,D,S,D,2024-08-26,1000000.00,3.698955,102.580078125
08:01:00,91282CLD1,TSRYS5850288,D,S,D,2024-08-26,1000000.00,3.698955,102.580078125
08:01:00,91282CLD1,TSRYS5850288,D,S,C,2024-08-26,1000000.00,3.699907,102.57421875
08:01:00,91282CLD1,TSRYS5850288,D,S,C,2024-08-26,1000000.00,3.699907,102.57421875
08:01:01,91282CLD1,TSRYS5850288,D,S,D,2024-08-26,1000000.00,3.704988,102.54296875
08:01:01,91282CLD1,TSRYS5850288,D,S,C,2024-08-26,1000000.00,3.702447,102.55859375
08:01:01,91282CLD1,TSRYS5850288,D,S,C,2024-08-26,1000000.00,3.70213,102.560546875
08:01:01,91282CLD1,TSRYS5850288,D,B,C,2024-08-26,1000000.00,3.703082,102.5546875
08:01:01,91282CLD1,TSRYS5850288,D,S,D,2024-08-26,1000000.00,3.703082,102.5546875
08:01:01,91282CLD1,TSRYS5850288,D,B,C,2024-08-26,1000000.00,3.703082,102.5546875
08:01:01,91282CLD1,TSRYS5850288,D,S,D,2024-08-26,1000000.00,3.703082,102.5546875
08:01:02,91282CLD1,TSRYS5850288,D,S,D,2024-08-26,1000000.00,3.703717,102.55078125
08:01:02,91282CLD1,TSRYS5850288,D,B,C,2024-08-26,1000000.00,3.703717,102.55078125
08:01:02,91282CLD1,TSRYS5850288,D,B,C,2024-08-26,1000000.00,3.704353,102.546875
08:01:02,91282CLD1,TSRYS5850288,D,S,D,2024-08-26,1000000.00,3.704353,102.546875
08:01:03,91282CLD1,TSRYS5850288,D,S,D,2024-08-26,1000000.00,3.705623,102.5390625
08:01:04,91282CLD1,TSRYS5850288,D,S,D,2024-08-26,1000000.00,3.704353,102.546875
08:01:04,91282CLD1,TSRYS5850288,D,B,C,2024-08-26,1000000.00,3.704353,102.546875
08:01:04,91282CLD1,TSRYS5850288,D,S,D,2024-08-26,1000000.00,3.704988,102.54296875
08:01:04,91282CLD1,TSRYS5850288,D,S,C,2024-08-26,1000000.00,3.70467,102.544921875
08:01:04,91282CLD1,TSRYS5850288,D,S,D,2024-08-26,1000000.00,3.705305,102.541015625
08:01:04,91282CLD1,TSRYS5850288,D,B,C,2024-08-26,1000000.00,3.705305,102.541015625
08:01:04,91282CLD1,TSRYS5850288,D,S,D,2024-08-26,1000000.00,3.705305,102.541015625
08:01:04,91282CLD1,TSRYS5850288,D,B,C,2024-08-26,1000000.00,3.705305,102.541015625
08:01:05,91282CLD1,TSRYS5850288,D,S,C,2024-08-26,1000000.00,3.70467,102.544921875
08:01:05,91282CLD1,TSRYS5850288,D,S,C,2024-08-26,1000000.00,3.70467,102.544921875
08:01:05,91282CLD1,TSRYS5850288,D,B,C,2024-08-26,1000000.00,3.705305,102.541015625
08:01:05,91282CLD1,TSRYS5850288,D,B,C,2024-08-26,1000000.00,3.705305,102.541015625
08:01:05,91282CLD1,TSRYS5850288,D,S,D,2024-08-26,1000000.00,3.705305,102.541015625
08:01:05,91282CLD1,TSRYS5850288,D,S,D,2024-08-26,1000000.00,3.705305,102.541015625
08:01:05,91282CLD1,TSRYS5850288,D,S,D,2024-08-26,2000000.00,3.706893,102.53125
08:01:05,91282CLD1,TSRYS5850288,D,S,D,2024-08-26,1000000.00,3.706576,102.533203125
08:01:05,91282CLD1,TSRYS5850288,D,B,C,2024-08-26,1000000.00,3.706576,102.533203125
08:01:05,91282CLD1,TSRYS5850288,D,S,D,2024-08-26,2000000.00,3.706893,102.53125
08:01:05,91282CLD1,TSRYS5850288,D,S,D,2024-08-26,2000000.00,3.706893,102.53125
08:01:06,91282CLD1,TSRYS5850288,D,S,D,2024-08-26,1000000.00,3.706893,102.53125
08:01:06,91282CLD1,TSRYS5850288,D,S,C,2024-08-26,1000000.00,3.706893,102.53125
08:01:06,91282CLD1,TSRYS5850288,D,S,C,2024-08-26,1000000.00,3.709435,102.515625
08:01:06,91282CLD1,TSRYS5850288,D,S,D,2024-08-26,1000000.00,3.709435,102.515625
08:01:06,91282CLD1,TSRYS5850288,D,S,D,2024-08-26,2000000.00,3.709435,102.515625
08:01:06,91282CLD1,TSRYS5850288,D,S,D,2024-08-26,1000000.00,3.709435,102.515625
08:01:06,91282CLD1,TSRYS5850288,D,S,D,2024-08-26,1000000.00,3.709435,102.515625
08:01:06,91282CLD1,TSRYS5850288,D,S,C,2024-08-26,1000000.00,3.687848,102.6484375
08:01:06,91282CLD1,TSRYS5850288,D,S,C,2024-08-26,1000000.00,3.690386,102.6328125
08:01:07,91282CLD1,TSRYS5850288,D,S,D,2024-08-26,1000000.00,3.706893,102.53125
08:01:07,91282CLD1,TSRYS5850288,D,B,C,2024-08-26,1000000.00,3.688483,102.64453125
08:01:07,91282CLD1,TSRYS5850288,D,S,D,2024-08-26,1000000.00,3.688483,102.64453125
08:01:07,91282CLD1,TSRYS5850288,D,B,C,2024-08-26,1000000.00,3.688483,102.64453125
08:01:07,91282CLD1,TSRYS5850288,D,S,D,2024-08-26,1000000.00,3.688483,102.64453125
08:01:07,91282CLD1,TSRYS5850288,D,B,C,2024-08-26,1000000.00,3.688483,102.64453125
08:01:07,91282CLD1,TSRYS5850288,D,S,D,2024-08-26,1000000.00,3.688483,102.64453125
08:01:07,91282CLD1,TSRYS5850288,D,B,C,2024-08-26,1000000.00,3.688483,102.64453125
08:01:07,91282CLD1,TSRYS5850288,D,S,D,2024-08-26,1000000.00,3.688483,102.64453125
08:01:08,91282CLD1,TSRYS5850288,D,S,C,2024-08-26,1000000.00,3.687214,102.65234375
08:01:08,91282CLD1,TSRYS5850288,D,S,C,2024-08-26,1000000.00,3.686897,102.654296875
08:01:08,91282CLD1,TSRYS5850288,D,S,C,2024-08-26,1000000.00,3.686897,102.654296875
08:01:08,91282CLD1,TSRYS5850288,D,S,C,2024-08-26,1000000.00,3.706576,102.533203125
08:01:08,91282CLD1,TSRYS5850288,D,S,C,2024-08-26,1000000.00,3.706893,102.53125
08:01:08,91282CLD1,TSRYS5850288,D,S,D,2024-08-26,1000000.00,3.706893,102.53125
08:01:08,91282CLD1,TSRYS5850288,D,S,C,2024-08-26,1000000.00,3.686897,102.654296875
08:01:08,91282CLD1,TSRYS5850288,D,S,C,2024-08-26,1000000.00,3.686897,102.654296875
08:01:08,91282CLD1,TSRYS5850288,D,S,C,2024-08-26,1000000.00,3.687848,102.6484375
08:01:08,91282CLD1,TSRYS5850288,D,S,C,2024-08-26,1000000.00,3.689117,102.640625
08:01:08,91282CLD1,TSRYS5850288,D,S,C,2024-08-26,1000000.00,3.689117,102.640625
08:01:08,91282CLD1,TSRYS5850288,D,S,C,2024-08-26,1000000.00,3.687848,102.6484375
08:01:08,91282CLD1,TSRYS5850288,D,S,D,2024-08-26,1000000.00,3.705623,102.5390625
08:01:08,91282CLD1,TSRYS5850288,D,S,D,2024-08-26,1000000.00,3.705941,102.537109375
08:01:08,91282CLD1,TSRYS5850288,D,B,C,2024-08-26,1000000.00,3.705941,102.537109375
08:01:08,91282CLD1,TSRYS5850288,D,S,D,2024-08-26,1000000.00,3.704353,102.546875
08:01:08,91282CLD1,TSRYS5850288,D,S,C,2024-08-26,1000000.00,3.689752,102.63671875
08:01:08,91282CLD1,TSRYS5850288,D,B,C,2024-08-26,1000000.00,3.689752,102.63671875
08:01:08,91282CLD1,TSRYS5850288,D,S,C,2024-08-26,1000000.00,3.689117,102.640625
08:01:08,91282CLD1,TSRYS5850288,D,S,C,2024-08-26,1000000.00,3.684994,102.666015625
08:01:08,91282CLD1,TSRYS5850288,D,S,D,2024-08-26,1000000.00,3.704353,102.546875
08:01:08,91282CLD1,TSRYS5850288,D,S,C,2024-08-26,2000000.00,3.681823,102.685546875
08:01:08,91282CLD1,TSRYS5850288,D,S,C,2024-08-26,1000000.00,3.682457,102.681640625
08:01:08,91282CLD1,TSRYS5850288,D,S,D,2024-08-26,1000000.00,3.680237,102.6953125
08:01:08,91282CLD1,TSRYS5850288,D,B,C,2024-08-26,1000000.00,3.678018,102.708984375
08:01:08,91282CLD1,TSRYS5850288,D,S,C,2024-08-26,1000000.00,3.678335,102.70703125
08:01:08,91282CLD1,TSRYS5850288,D,B,C,2024-08-26,1000000.00,3.678018,102.708984375
08:01:08,91282CLD1,TSRYS5850288,D,S,D,2024-08-26,1000000.00,3.678969,102.703125
