tradeTime,cusip,issueSymbolIdentifier,priceType,reportingSideCode,contraPartyTypeCode,tradeDate,reportedTradeVolume,lastSaleYield,lastSalePrice
08:00:03,91282CLD1,TSRYS5850288,D,S,D,2024-07-30,1000000.00,4.10751,100.10546875
08:00:03,91282CLD1,TSRYS5850288,D,S,D,2024-07-30,1000000.00,4.106863,100.109375
08:00:03,91282CLD1,TSRYS5850288,D,S,D,2024-07-30,1000000.00,4.10751,100.10546875
08:00:03,91282CLD1,TSRYS5850288,D,S,D,2024-07-30,1000000.00,4.107834,100.103515625
08:00:03,91282CLD1,TSRYS5850288,D,S,D,2024-07-30,1000000.00,4.107834,100.103515625
08:00:03,91282CLD1,TSRYS5850288,D,S,D,2024-07-30,1000000.00,4.107834,100.103515625
08:00:03,91282CLD1,TSRYS5850288,D,S,D,2024-07-30,1000000.00,4.10751,100.10546875
08:00:03,91282CLD1,TSRYS5850288,D,S,D,2024-07-30,1000000.00,4.10751,100.10546875
08:00:03,91282CLD1,TSRYS5850288,D,S,D,2024-07-30,1000000.00,4.10751,100.10546875
08:00:03,91282CLD1,TSRYS5850288,D,S,D,2024-07-30,1000000.00,4.106863,100.109375
08:00:03,91282CLD1,TSRYS5850288,D,S,D,2024-07-30,1000000.00,4.106863,100.109375
08:00:03,91282CLD1,TSRYS5850288,D,S,D,2024-07-30,2000000.00,4.10751,100.10546875
08:00:03,91282CLD1,TSRYS5850288,D,S,D,2024-07-30,1000000.00,4.10751,100.10546875
08:00:03,91282CLD1,TSRYS5850288,D,S,D,2024-07-30,1000000.00,4.10751,100.10546875
08:00:03,91282CLD1,TSRYS5850288,D,S,D,2024-07-30,1000000.00,4.104597,100.123046875
08:00:03,91282CLD1,TSRYS5850288,D,S,D,2024-07-30,1000000.00,4.106863,100.109375
08:00:03,91282CLD1,TSRYS5850288,D,S,D,2024-07-30,1000000.00,4.10751,100.10546875
08:00:03,91282CLD1,TSRYS5850288,D,S,D,2024-07-30,1000000.00,4.111719,100.080078125
08:00:03,91282CLD1,TSRYS5850288,D,S,D,2024-07-30,1000000.00,4.111719,100.080078125
08:00:03,91282CLD1,TSRYS5850288,D,S,D,2024-07-30,1000000.00,4.111719,100.080078125
08:00:03,91282CLD1,TSRYS5850288,D,S,D,2024-07-30,1000000.00,4.111719,100.080078125
08:00:03,91282CLD1,TSRYS5850288,D,S,D,2024-07-30,1000000.00,4.112043,100.078125
08:00:03,91282CLD1,TSRYS5850288,D,S,D,2024-07-30,1000000.00,4.108158,100.1015625
08:00:03,91282CLD1,TSRYS5850288,D,S,D,2024-07-30,1000000.00,4.106863,100.109375
08:00:03,91282CLD1,TSRYS5850288,D,S,D,2024-07-30,1000000.00,4.109452,100.09375
08:00:03,91282CLD1,TSRYS5850288,D,S,D,2024-07-30,1000000.00,4.109452,100.09375
08:00:03,91282CLD1,TSRYS5850288,D,S,D,2024-07-30,1000000.00,4.109452,100.09375
08:00:03,91282CLD1,TSRYS5850288,D,S,D,2024-07-30,1000000.00,4.109452,100.09375
08:00:03,91282CLD1,TSRYS5850288,D,S,D,2024-07-30,1000000.00,4.104597,100.123046875
08:00:03,91282CLD1,TSRYS5850288,D,S,D,2024-07-30,1000000.00,4.104597,100.123046875
08:00:03,91282CLD1,TSRYS5850288,D,S,D,2024-07-30,1000000.00,4.104597,100.123046875
08:00:03,91282CLD1,TSRYS5850288,D,S,T,2024-07-30,2000000.00,4.102332,100.13671875
08:00:03,91282CLD1,TSRYS5850288,D,S,T,2024-07-30,2000000.00,4.102332,100.13671875
08:00:03,91282CLD1,TSRYS5850288,D,S,T,2024-07-30,2000000.00,4.102009,100.138671875
08:00:03,91282CLD1,TSRYS5850288,D,S,D,2024-07-30,2000000.00,4.102332,100.13671875
08:00:03,91282CLD1,TSRYS5850288,D,S,D,2024-07-30,2000000.00,4.102332,100.13671875
08:00:03,91282CLD1,TSRYS5850288,D,S,D,2024-07-30,2000000.00,4.102009,100.138671875
08:00:03,91282CLD1,TSRYS5850288,D,S,D,2024-07-30,2000000.00,4.10395,100.126953125
08:00:03,91282CLD1,TSRYS5850288,D,S,D,2024-07-30,2000000.00,4.10395,100.126953125
08:00:03,91282CLD1,TSRYS5850288,D,S,D,2024-07-30,2000000.00,4.10395,100.126953125
08:00:03,91282CLD1,TSRYS5850288,D,S,D,2024-07-30,2000000.00,4.10395,100.126953125
08:00:03,91282CLD1,TSRYS5850288,D,S,D,2024-07-30,1000000.00,4.10395,100.126953125
08:00:03,91282CLD1,TSRYS5850288,D,S,D,2024-07-30,1000000.00,4.10395,100.126953125
08:00:03,91282CLD1,TSRYS5850288,D,S,D,2024-07-30,1000000.00,4.112043,100.078125
08:00:03,91282CLD1,TSRYS5850288,D,S,D,2024-07-30,1000000.00,4.112043,100.078125
08:00:03,91282CLD1,TSRYS5850288,D,S,D,2024-07-30,1000000.00,4.107186,100.107421875
08:00:03,91282CLD1,TSRYS5850288,D,S,D,2024-07-30,1000000.00,4.107186,100.107421875
08:00:03,91282CLD1,TSRYS5850288,D,S,D,2024-07-30,1000000.00,4.109452,100.09375
08:00:03,91282CLD1,TSRYS5850288,D,S,D,2024-07-30,1000000.00,4.109452,100.09375
08:00:03,91282CLD1,TSRYS5850288,D,S,D,2024-07-30,1000000.00,4.109452,100.09375
08:00:03,91282CLD1,TSRYS5850288,D,S,D,2024-07-30,1000000.00,4.108805,100.09765625
08:00:03,91282CLD1,TSRYS5850288,D,S,T,2024-07-30,1000000.00,4.106215,100.11328125
08:00:03,91282CLD1,TSRYS5850288,D,S,T,2024-07-30,1000000.00,4.106215,100.11328125
08:00:03,91282CLD1,TSRYS5850288,D,S,D,2024-07-30,1000000.00,4.106539,100.111328125
08:00:03,91282CLD1,TSRYS5850288,D,S,T,2024-07-30,1000000.00,4.099097,100.15625
08:00:03,91282CLD1,TSRYS5850288,D,S,T,2024-07-30,1000000.00,4.099097,100.15625
08:00:03,91282CLD1,TSRYS5850288,D,S,T,2024-07-30,1000000.00,4.099097,100.15625
08:00:03,91282CLD1,TSRYS5850288,D,S,T,2024-07-30,1000000.00,4.099097,100.15625
08:00:03,91282CLD1,TSRYS5850288,D,S,T,2024-07-30,1000000.00,4.099097,100.15625
08:00:03,91282CLD1,TSRYS5850288,D,S,T,2024-07-30,1000000.00,4.099097,100.15625
08:00:03,91282CLD1,TSRYS5850288,D,S,T,2024-07-30,1000000.00,4.099097,100.15625
08:00:03,91282CLD1,TSRYS5850288,D,S,T,2024-07-30,1000000.00,4.106215,100.11328125
08:00:03,91282CLD1,TSRYS5850288,D,S,D,2024-07-30,2000000.00,4.105568,100.1171875
08:00:03,91282CLD1,TSRYS5850288,D,S,D,2024-07-30,1000000.00,4.111071,100.083984375
08:00:03,91282CLD1,TSRYS5850288,D,S,D,2024-07-30,2000000.00,4.111395,100.08203125
08:00:03,91282CLD1,TSRYS5850288,D,S,D,2024-07-30,1000000.00,4.105568,100.1171875
08:00:03,91282CLD1,TSRYS5850288,D,S,D,2024-07-30,1000000.00,4.105892,100.115234375
08:00:03,91282CLD1,TSRYS5850288,D,S,D,2024-07-30,2000000.00,4.105892,100.115234375
08:00:03,91282CLD1,TSRYS5850288,D,S,D,2024-07-30,1000000.00,4.106215,100.11328125
08:00:03,91282CLD1,TSRYS5850288,D,S,D,2024-07-30,2000000.00,4.093922,100.1875
08:00:03,91282CLD1,TSRYS5850288,D,S,D,2024-07-30,1000000.00,4.093922,100.1875
08:00:03,91282CLD1,TSRYS5850288,D,S,D,2024-07-30,2000000.00,4.094245,100.185546875
08:00:03,91282CLD1,TSRYS5850288,D,S,D,2024-07-30,2000000.00,4.094245,100.185546875
08:00:03,91282CLD1,TSRYS5850288,D,S,D,2024-07-30,2000000.00,4.094245,100.185546875
08:00:03,91282CLD1,TSRYS5850288,D,S,D,2024-07-30,2000000.00,4.094569,100.18359375
08:00:03,91282CLD1,TSRYS5850288,D,S,D,2024-07-30,1000000.00,4.094569,100.18359375
08:00:03,91282CLD1,TSRYS5850288,D,S,D,2024-07-30,2000000.00,4.096186,100.173828125
08:00:03,91282CLD1,TSRYS5850288,D,S,D,2024-07-30,4000000.00,4.096186,100.173828125
08:00:03,91282CLD1,TSRYS5850288,D,S,D,2024-07-30,2000000.00,4.096186,100.173828125
08:00:03,91282CLD1,TSRYS5850288,D,S,D,2024-07-30,2000000.00,4.094892,100.181640625
08:00:03,91282CLD1,TSRYS5850288,D,S,D,2024-07-30,4000000.00,4.094892,100.181640625
08:00:03,91282CLD1,TSRYS5850288,D,S,D,2024-07-30,2000000.00,4.094892,100.181640625
08:00:03,91282CLD1,TSRYS5850288,D,S,D,2024-07-30,4000000.00,4.094892,100.181640625
08:00:04,91282CLD1,TSRYS5850288,D,S,D,2024-07-30,4000000.00,4.093922,100.1875
08:00:04,91282CLD1,TSRYS5850288,D,S,D,2024-07-30,2000000.00,4.093922,100.1875
08:00:04,91282CLD1,TSRYS5850288,D,S,D,2024-07-30,2000000.00,4.093922,100.1875
08:00:04,91282CLD1,TSRYS5850288,D,S,D,2024-07-30,1000000.00,4.093922,100.1875
08:00:04,91282CLD1,TSRYS5850288,D,S,D,2024-07-30,1000000.00,4.093922,100.1875
08:00:04,91282CLD1,TSRYS5850288,D,S,D,2024-07-30,1000000.00,4.093922,100.1875
08:00:04,91282CLD1,TSRYS5850288,D,S,C,2024-07-30,249000.00,4.092628,100.1953125
08:00:04,91282CLD1,TSRYS5850288,D,S,D,2024-07-30,1000000.00,4.097479,100.166015625
08:00:04,91282CLD1,TSRYS5850288,D,S,D,2024-07-30,1000000.00,4.097479,100.166015625
08:00:04,91282CLD1,TSRYS5850288,D,S,D,2024-07-30,2000000.00,4.098126,100.162109375
08:00:04,91282CLD1,TSRYS5850288,D,S,D,2024-07-30,2000000.00,4.098126,100.162109375
08:00:04,91282CLD1,TSRYS5850288,D,S,D,2024-07-30,2000000.00,4.098126,100.162109375
08:00:04,91282CLD1,TSRYS5850288,D,S,D,2024-07-30,1000000.00,4.098126,100.162109375
08:00:04,91282CLD1,TSRYS5850288,D,S,D,2024-07-30,1000000.00,4.098126,100.162109375
08:00:04,91282CLD1,TSRYS5850288,D,S,D,2024-07-30,1000000.00,4.098126,100.162109375
08:00:05,91282CLD1,TSRYS5850288,D,S,D,2024-07-30,23200000.00,4.166543,99.75
08:00:05,91282CLD1,TSRYS5850288,D,B,C,2024-07-30,23200000.00,4.166543,99.75
08:00:05,91282CLD1,TSRYS5850288,D,B,C,2024-07-30,23200000.00,4.166543,99.75
08:00:05,91282CLD1,TSRYS5850288,D,S,D,2024-07-30,23200000.00,4.166543,99.75
08:00:05,91282CLD1,TSRYS5850288,D,S,T,2024-07-30,1000000.00,4.101685,100.140625
08:00:05,91282CLD1,TSRYS5850288,D,S,T,2024-07-30,1000000.00,4.099097,100.15625
08:00:06,91282CLD1,TSRYS5850288,D,S,T,2024-07-30,1000000.00,4.093922,100.1875
08:00:06,91282CLD1,TSRYS5850288,D,S,T,2024-07-30,1000000.00,4.093922,100.1875
08:00:08,91282CLD1,TSRYS5850288,D,B,C,2024-07-30,3314000.00,4.103046,100.1324125
08:00:10,91282CLD1,TSRYS5850288,D,S,D,2024-07-30,2000000.00,4.09845,100.16015625
08:00:11,91282CLD1,TSRYS5850288,D,S,T,2024-07-30,1000000.00,4.106863,100.109375
08:00:11,91282CLD1,TSRYS5850288,D,S,T,2024-07-30,1000000.00,4.108158,100.1015625
08:00:11,91282CLD1,TSRYS5850288,D,S,T,2024-07-30,1000000.00,4.108158,100.1015625
08:00:11,91282CLD1,TSRYS5850288,D,S,T,2024-07-30,1000000.00,4.108158,100.1015625
08:00:11,91282CLD1,TSRYS5850288,D,S,D,2024-07-30,1000000.00,4.111395,100.08203125
08:00:11,91282CLD1,TSRYS5850288,D,S,T,2024-07-30,1000000.00,4.112043,100.078125
08:00:11,91282CLD1,TSRYS5850288,D,S,T,2024-07-30,1000000.00,4.111719,100.080078125
08:00:11,91282CLD1,TSRYS5850288,D,S,T,2024-07-30,1000000.00,4.111719,100.080078125
08:00:11,91282CLD1,TSRYS5850288,D,S,T,2024-07-30,1000000.00,4.109452,100.09375
08:00:11,91282CLD1,TSRYS5850288,D,S,T,2024-07-30,1000000.00,4.109452,100.09375
08:00:11,91282CLD1,TSRYS5850288,D,S,T,2024-07-30,1000000.00,4.097803,100.1640625
08:00:11,91282CLD1,TSRYS5850288,D,S,T,2024-07-30,1000000.00,4.099097,100.15625
08:00:11,91282CLD1,TSRYS5850288,D,S,T,2024-07-30,1000000.00,4.099097,100.15625
08:00:11,91282CLD1,TSRYS5850288,D,S,T,2024-07-30,6000000.00,4.099097,100.15625
08:00:11,91282CLD1,TSRYS5850288,D,S,T,2024-07-30,1000000.00,4.100391,100.1484375
08:00:11,91282CLD1,TSRYS5850288,D,S,T,2024-07-30,1000000.00,4.099097,100.15625
08:00:11,91282CLD1,TSRYS5850288,D,S,T,2024-07-30,1000000.00,4.100391,100.1484375
08:00:11,91282CLD1,TSRYS5850288,D,S,T,2024-07-30,1000000.00,4.099097,100.15625
08:00:11,91282CLD1,TSRYS5850288,D,S,T,2024-07-30,1000000.00,4.097803,100.1640625
08:00:12,91282CLD1,TSRYS5850288,D,S,T,2024-07-30,1000000.00,4.093598,100.189453125
08:00:12,91282CLD1,TSRYS5850288,D,S,T,2024-07-30,1000000.00,4.097479,100.166015625
08:00:12,91282CLD1,TSRYS5850288,D,S,D,2024-07-30,1000000.00,4.091982,100.19921875
08:00:12,91282CLD1,TSRYS5850288,D,S,D,2024-07-30,2000000.00,4.10395,100.126953125
08:00:12,91282CLD1,TSRYS5850288,D,B,C,2024-07-30,2000000.00,4.10395,100.126953125
08:00:12,91282CLD1,TSRYS5850288,D,S,D,2024-07-30,1000000.00,4.10395,100.126953125
08:00:12,91282CLD1,TSRYS5850288,D,B,C,2024-07-30,1000000.00,4.10395,100.126953125
08:00:18,91282CLD1,TSRYS5850288,D,S,T,2024-07-30,1000000.00,4.110747,100.0859375
08:00:18,91282CLD1,TSRYS5850288,D,S,D,2024-07-30,1000000.00,4.102009,100.138671875
08:00:18,91282CLD1,TSRYS5850288,D,S,D,2024-07-30,2000000.00,4.102332,100.13671875
08:00:18,91282CLD1,TSRYS5850288,D,S,D,2024-07-30,2000000.00,4.102332,100.13671875
08:00:18,91282CLD1,TSRYS5850288,D,S,D,2024-07-30,1000000.00,4.102009,100.138671875
08:00:18,91282CLD1,TSRYS5850288,D,S,D,2024-07-30,5000000.00,4.102009,100.138671875
08:00:18,91282CLD1,TSRYS5850288,D,S,D,2024-07-30,2000000.00,4.102009,100.138671875
08:00:18,91282CLD1,TSRYS5850288,D,S,D,2024-07-30,1000000.00,4.100067,100.150390625
08:00:22,91282CLD1,TSRYS5850288,D,S,T,2024-07-30,1000000.00,4.109452,100.09375
08:00:24,91282CLD1,TSRYS5850288,D,S,D,2024-07-30,1000000.00,4.104274,100.125
08:00:24,91282CLD1,TSRYS5850288,D,S,D,2024-07-30,1000000.00,4.109452,100.09375
08:00:24,91282CLD1,TSRYS5850288,D,S,D,2024-07-30,1000000.00,4.109452,100.09375
08:00:24,91282CLD1,TSRYS5850288,D,S,D,2024-07-30,1000000.00,4.109452,100.09375
08:00:24,91282CLD1,TSRYS5850288,D,S,D,2024-07-30,1000000.00,4.10751,100.10546875
08:00:27,91282CLD1,TSRYS5850288,D,S,T,2024-07-30,1000000.00,4.100391,100.1484375
08:00:27,91282CLD1,TSRYS5850288,D,S,T,2024-07-30,1000000.00,4.100391,100.1484375
08:00:27,91282CLD1,TSRYS5850288,D,S,T,2024-07-30,1000000.00,4.100391,100.1484375
08:00:28,91282CLD1,TSRYS5850288,D,S,D,2024-07-30,1000000.00,4.109452,100.09375
08:00:28,91282CLD1,TSRYS5850288,D,S,T,2024-07-30,1000000.00,4.102009,100.138671875
08:00:28,91282CLD1,TSRYS5850288,D,S,T,2024-07-30,1000000.00,4.101685,100.140625
08:00:28,91282CLD1,TSRYS5850288,D,S,D,2024-07-30,1000000.00,4.104274,100.125
08:00:28,91282CLD1,TSRYS5850288,D,S,D,2024-07-30,1000000.00,4.109452,100.09375
08:00:28,91282CLD1,TSRYS5850288,D,S,D,2024-07-30,1000000.00,4.095215,100.1796875
08:00:28,91282CLD1,TSRYS5850288,D,S,D,2024-07-30,1000000.00,4.109452,100.09375
08:00:30,91282CLD1,TSRYS5850288,D,S,D,2024-07-30,1000000.00,4.10395,100.126953125
08:00:30,91282CLD1,TSRYS5850288,D,S,D,2024-07-30,1000000.00,4.107186,100.107421875
08:00:30,91282CLD1,TSRYS5850288,D,S,D,2024-07-30,1000000.00,4.10751,100.10546875
08:00:30,91282CLD1,TSRYS5850288,D,S,D,2024-07-30,1000000.00,4.109452,100.09375
08:00:30,91282CLD1,TSRYS5850288,D,S,D,2024-07-30,1000000.00,4.111719,100.080078125
08:00:30,91282CLD1,TSRYS5850288,D,S,D,2024-07-30,1000000.00,4.108805,100.09765625
08:00:30,91282CLD1,TSRYS5850288,D,S,D,2024-07-30,1000000.00,4.106215,100.11328125
08:00:30,91282CLD1,TSRYS5850288,D,S,D,2024-07-30,1000000.00,4.106215,100.11328125
08:00:30,91282CLD1,TSRYS5850288,D,S,D,2024-07-30,1000000.00,4.106215,100.11328125
08:00:30,91282CLD1,TSRYS5850288,D,S,D,2024-07-30,1000000.00,4.106215,100.11328125
08:00:30,91282CLD1,TSRYS5850288,D,S,D,2024-07-30,1000000.00,4.106215,100.11328125
08:00:30,91282CLD1,TSRYS5850288,D,S,D,2024-07-30,1000000.00,4.106215,100.11328125
08:00:30,91282CLD1,TSRYS5850288,D,S,D,2024-07-30,1000000.00,4.106215,100.11328125
08:00:30,91282CLD1,TSRYS5850288,D,S,D,2024-07-30,1000000.00,4.108805,100.09765625
08:00:30,91282CLD1,TSRYS5850288,D,S,D,2024-07-30,1000000.00,4.108805,100.09765625
08:00:30,91282CLD1,TSRYS5850288,D,S,D,2024-07-30,1000000.00,4.108805,100.09765625
08:00:30,91282CLD1,TSRYS5850288,D,S,D,2024-07-30,1000000.00,4.106215,100.11328125
08:00:30,91282CLD1,TSRYS5850288,D,S,D,2024-07-30,1000000.00,4.106215,100.11328125
08:00:30,91282CLD1,TSRYS5850288,D,S,D,2024-07-30,1000000.00,4.106215,100.11328125
08:00:30,91282CLD1,TSRYS5850288,D,S,D,2024-07-30,1000000.00,4.106215,100.11328125
08:00:30,91282CLD1,TSRYS5850288,D,S,D,2024-07-30,1000000.00,4.099097,100.15625
08:00:30,91282CLD1,TSRYS5850288,D,S,D,2024-07-30,1000000.00,4.106215,100.11328125
08:00:30,91282CLD1,TSRYS5850288,D,S,D,2024-07-30,1000000.00,4.10395,100.126953125
08:00:30,91282CLD1,TSRYS5850288,D,S,D,2024-07-30,1000000.00,4.10395,100.126953125
08:00:30,91282CLD1,TSRYS5850288,D,S,D,2024-07-30,1000000.00,4.10395,100.126953125
08:00:30,91282CLD1,TSRYS5850288,D,S,D,2024-07-30,1000000.00,4.107186,100.107421875
08:00:30,91282CLD1,TSRYS5850288,D,S,D,2024-07-30,1000000.00,4.110747,100.0859375
08:00:30,91282CLD1,TSRYS5850288,D,S,D,2024-07-30,1000000.00,4.109452,100.09375
08:00:30,91282CLD1,TSRYS5850288,D,S,D,2024-07-30,1000000.00,4.102009,100.138671875
08:00:30,91282CLD1,TSRYS5850288,D,S,D,2024-07-30,1000000.00,4.106215,100.11328125
08:00:30,91282CLD1,TSRYS5850288,D,S,D,2024-07-30,1000000.00,4.10395,100.126953125
08:00:30,91282CLD1,TSRYS5850288,D,S,D,2024-07-30,1000000.00,4.10395,100.126953125
08:00:30,91282CLD1,TSRYS5850288,D,S,D,2024-07-30,1000000.00,4.099097,100.15625
08:00:30,91282CLD1,TSRYS5850288,D,S,D,2024-07-30,1000000.00,4.099097,100.15625
08:00:30,91282CLD1,TSRYS5850288,D,S,D,2024-07-30,1000000.00,4.097479,100.166015625
08:00:30,91282CLD1,TSRYS5850288,D,S,D,2024-07-30,1000000.00,4.097479,100.166015625
08:00:30,91282CLD1,TSRYS5850288,D,S,D,2024-07-30,1000000.00,4.091982,100.19921875
08:00:30,91282CLD1,TSRYS5850288,D,S,D,2024-07-30,1000000.00,4.091982,100.19921875
08:00:30,91282CLD1,TSRYS5850288,D,S,D,2024-07-30,1000000.00,4.107186,100.107421875
08:00:30,91282CLD1,TSRYS5850288,D,S,D,2024-07-30,1000000.00,4.112366,100.076171875
08:00:30,91282CLD1,TSRYS5850288,D,S,D,2024-07-30,1000000.00,4.107186,100.107421875
08:00:30,91282CLD1,TSRYS5850288,D,S,D,2024-07-30,1000000.00,4.107186,100.107421875
08:00:30,91282CLD1,TSRYS5850288,D,S,D,2024-07-30,1000000.00,4.107186,100.107421875
08:00:30,91282CLD1,TSRYS5850288,D,S,D,2024-07-30,1000000.00,4.107186,100.107421875
08:00:30,91282CLD1,TSRYS5850288,D,S,D,2024-07-30,1000000.00,4.107186,100.107421875
08:00:30,91282CLD1,TSRYS5850288,D,S,D,2024-07-30,1000000.00,4.107186,100.107421875
08:00:30,91282CLD1,TSRYS5850288,D,S,D,2024-07-30,1000000.00,4.107186,100.107421875
08:00:30,91282CLD1,TSRYS5850288,D,S,D,2024-07-30,1000000.00,4.107186,100.107421875
08:00:30,91282CLD1,TSRYS5850288,D,S,D,2024-07-30,1000000.00,4.094245,100.185546875
08:00:30,91282CLD1,TSRYS5850288,D,S,D,2024-07-30,1000000.00,4.095862,100.17578125
08:00:30,91282CLD1,TSRYS5850288,D,S,D,2024-07-30,3000000.00,4.095862,100.17578125
08:00:30,91282CLD1,TSRYS5850288,D,S,D,2024-07-30,1000000.00,4.096186,100.173828125
08:00:30,91282CLD1,TSRYS5850288,D,S,D,2024-07-30,1000000.00,4.093922,100.1875
08:00:30,91282CLD1,TSRYS5850288,D,S,D,2024-07-30,1000000.00,4.094569,100.18359375
08:00:30,91282CLD1,TSRYS5850288,D,S,D,2024-07-30,1000000.00,4.093922,100.1875
08:00:30,91282CLD1,TSRYS5850288,D,S,D,2024-07-30,1000000.00,4.094245,100.185546875
08:00:30,91282CLD1,TSRYS5850288,D,S,D,2024-07-30,1000000.00,4.097479,100.166015625
08:00:30,91282CLD1,TSRYS5850288,D,S,D,2024-07-30,2000000.00,4.097479,100.166015625
08:00:30,91282CLD1,TSRYS5850288,D,S,D,2024-07-30,1000000.00,4.091982,100.19921875
08:00:30,91282CLD1,TSRYS5850288,D,S,D,2024-07-30,1000000.00,4.094892,100.181640625
08:00:30,91282CLD1,TSRYS5850288,D,S,D,2024-07-30,1000000.00,4.094569,100.18359375
08:00:30,91282CLD1,TSRYS5850288,D,S,D,2024-07-30,1000000.00,4.098126,100.162109375
08:00:30,91282CLD1,TSRYS5850288,D,S,D,2024-07-30,4000000.00,4.09845,100.16015625
08:00:30,91282CLD1,TSRYS5850288,D,S,D,2024-07-30,1000000.00,4.100067,100.150390625
08:00:30,91282CLD1,TSRYS5850288,D,S,D,2024-07-30,1000000.00,4.100391,100.1484375
08:00:30,91282CLD1,TSRYS5850288,D,S,D,2024-07-30,1000000.00,4.100391,100.1484375
08:00:30,91282CLD1,TSRYS5850288,D,S,D,2024-07-30,1000000.00,4.106863,100.109375
08:00:30,91282CLD1,TSRYS5850288,D,S,D,2024-07-30,1000000.00,4.106863,100.109375
08:00:30,91282CLD1,TSRYS5850288,D,S,D,2024-07-30,1000000.00,4.106863,100.109375
08:00:30,91282CLD1,TSRYS5850288,D,S,T,2024-07-30,1000000.00,4.106863,100.109375
08:00:30,91282CLD1,TSRYS5850288,D,S,D,2024-07-30,1000000.00,4.106863,100.109375
08:00:30,91282CLD1,TSRYS5850288,D,S,D,2024-07-30,1000000.00,4.106863,100.109375
08:00:30,91282CLD1,TSRYS5850288,D,S,D,2024-07-30,1000000.00,4.106863,100.109375
08:00:30,91282CLD1,TSRYS5850288,D,S,D,2024-07-30,1000000.00,4.106863,100.109375
08:00:30,91282CLD1,TSRYS5850288,D,S,D,2024-07-30,1000000.00,4.106863,100.109375
08:00:30,91282CLD1,TSRYS5850288,D,S,D,2024-07-30,1000000.00,4.105568,100.1171875
08:00:30,91282CLD1,TSRYS5850288,D,S,D,2024-07-30,1000000.00,4.106863,100.109375
08:00:30,91282CLD1,TSRYS5850288,D,S,D,2024-07-30,1000000.00,4.106863,100.109375
08:00:30,91282CLD1,TSRYS5850288,D,S,D,2024-07-30,1000000.00,4.106863,100.109375
08:00:30,91282CLD1,TSRYS5850288,D,S,D,2024-07-30,1000000.00,4.109452,100.09375
08:00:30,91282CLD1,TSRYS5850288,D,S,D,2024-07-30,1000000.00,4.111719,100.080078125
08:00:30,91282CLD1,TSRYS5850288,D,S,D,2024-07-30,1000000.00,4.111719,100.080078125
08:00:30,91282CLD1,TSRYS5850288,D,S,D,2024-07-30,1000000.00,4.106863,100.109375
08:00:30,91282CLD1,TSRYS5850288,D,S,D,2024-07-30,1000000.00,4.109452,100.09375
08:00:30,91282CLD1,TSRYS5850288,D,S,D,2024-07-30,1000000.00,4.109452,100.09375
08:00:30,91282CLD1,TSRYS5850288,D,S,D,2024-07-30,1000000.00,4.106863,100.109375
08:00:30,91282CLD1,TSRYS5850288,D,S,D,2024-07-30,1000000.00,4.106863,100.109375
08:00:30,91282CLD1,TSRYS5850288,D,S,D,2024-07-30,1000000.00,4.104597,100.123046875
08:00:30,91282CLD1,TSRYS5850288,D,S,D,2024-07-30,1000000.00,4.106863,100.109375
08:00:30,91282CLD1,TSRYS5850288,D,S,T,2024-07-30,1000000.00,4.102009,100.138671875
08:00:30,91282CLD1,TSRYS5850288,D,S,T,2024-07-30,1000000.00,4.102009,100.138671875
08:00:30,91282CLD1,TSRYS5850288,D,S,T,2024-07-30,1000000.00,4.101685,100.140625
08:00:30,91282CLD1,TSRYS5850288,D,S,T,2024-07-30,1000000.00,4.101685,100.140625
08:00:30,91282CLD1,TSRYS5850288,D,S,D,2024-07-30,1000000.00,4.112043,100.078125
08:00:30,91282CLD1,TSRYS5850288,D,S,D,2024-07-30,1000000.00,4.112043,100.078125
08:00:30,91282CLD1,TSRYS5850288,D,S,D,2024-07-30,1000000.00,4.104921,100.12109375
08:00:30,91282CLD1,TSRYS5850288,D,S,T,2024-07-30,1000000.00,4.104274,100.125
08:00:30,91282CLD1,TSRYS5850288,D,S,D,2024-07-30,1000000.00,4.107186,100.107421875
08:00:30,91282CLD1,TSRYS5850288,D,S,D,2024-07-30,1000000.00,4.109452,100.09375
08:00:30,91282CLD1,TSRYS5850288,D,S,D,2024-07-30,1000000.00,4.108158,100.1015625
08:00:30,91282CLD1,TSRYS5850288,D,S,D,2024-07-30,1000000.00,4.109452,100.09375
08:00:30,91282CLD1,TSRYS5850288,D,S,D,2024-07-30,1000000.00,4.109452,100.09375
08:00:30,91282CLD1,TSRYS5850288,D,S,D,2024-07-30,1000000.00,4.109452,100.09375
08:00:30,91282CLD1,TSRYS5850288,D,S,D,2024-07-30,1000000.00,4.109452,100.09375
08:00:30,91282CLD1,TSRYS5850288,D,S,T,2024-07-30,1000000.00,4.108805,100.09765625
08:00:30,91282CLD1,TSRYS5850288,D,S,T,2024-07-30,1000000.00,4.108805,100.09765625
08:00:30,91282CLD1,TSRYS5850288,D,S,T,2024-07-30,1000000.00,4.108805,100.09765625
08:00:30,91282CLD1,TSRYS5850288,D,S,T,2024-07-30,1000000.00,4.108805,100.09765625
08:00:30,91282CLD1,TSRYS5850288,D,S,T,2024-07-30,1000000.00,4.108805,100.09765625
08:00:30,91282CLD1,TSRYS5850288,D,S,T,2024-07-30,1000000.00,4.106215,100.11328125
08:00:30,91282CLD1,TSRYS5850288,D,S,T,2024-07-30,1000000.00,4.099097,100.15625
08:00:30,91282CLD1,TSRYS5850288,D,S,T,2024-07-30,1000000.00,4.099097,100.15625
08:00:30,91282CLD1,TSRYS5850288,D,S,T,2024-07-30,1000000.00,4.099097,100.15625
08:00:30,91282CLD1,TSRYS5850288,D,S,T,2024-07-30,1000000.00,4.099097,100.15625
08:00:30,91282CLD1,TSRYS5850288,D,S,T,2024-07-30,1000000.00,4.099097,100.15625
08:00:30,91282CLD1,TSRYS5850288,D,S,T,2024-07-30,1000000.00,4.106215,100.11328125
08:00:30,91282CLD1,TSRYS5850288,D,S,T,2024-07-30,1000000.00,4.106215,100.11328125
08:00:30,91282CLD1,TSRYS5850288,D,S,T,2024-07-30,1000000.00,4.106215,100.11328125
08:00:30,91282CLD1,TSRYS5850288,D,S,T,2024-07-30,1000000.00,4.106215,100.11328125
08:00:30,91282CLD1,TSRYS5850288,D,S,T,2024-07-30,1000000.00,4.106215,100.11328125
08:00:30,91282CLD1,TSRYS5850288,D,S,T,2024-07-30,1000000.00,4.106215,100.11328125
08:00:30,91282CLD1,TSRYS5850288,D,S,T,2024-07-30,1000000.00,4.106215,100.11328125
08:00:30,91282CLD1,TSRYS5850288,D,S,T,2024-07-30,1000000.00,4.106215,100.11328125
08:00:30,91282CLD1,TSRYS5850288,D,S,T,2024-07-30,1000000.00,4.106215,100.11328125
08:00:30,91282CLD1,TSRYS5850288,D,S,T,2024-07-30,1000000.00,4.10395,100.126953125
08:00:30,91282CLD1,TSRYS5850288,D,S,T,2024-07-30,1000000.00,4.10395,100.126953125
08:00:30,91282CLD1,TSRYS5850288,D,S,T,2024-07-30,1000000.00,4.10395,100.126953125
08:00:30,91282CLD1,TSRYS5850288,D,S,T,2024-07-30,1000000.00,4.109129,100.095703125
08:00:30,91282CLD1,TSRYS5850288,D,S,T,2024-07-30,1000000.00,4.111395,100.08203125
08:00:30,91282CLD1,TSRYS5850288,D,S,T,2024-07-30,1000000.00,4.111395,100.08203125
08:00:30,91282CLD1,TSRYS5850288,D,S,T,2024-07-30,1000000.00,4.111395,100.08203125
08:00:30,91282CLD1,TSRYS5850288,D,S,T,2024-07-30,1000000.00,4.111395,100.08203125
08:00:30,91282CLD1,TSRYS5850288,D,S,T,2024-07-30,1000000.00,4.108158,100.1015625
08:00:30,91282CLD1,TSRYS5850288,D,S,T,2024-07-30,1000000.00,4.106863,100.109375
08:00:30,91282CLD1,TSRYS5850288,D,S,T,2024-07-30,1000000.00,4.107186,100.107421875
08:00:30,91282CLD1,TSRYS5850288,D,S,T,2024-07-30,1000000.00,4.107186,100.107421875
08:00:30,91282CLD1,TSRYS5850288,D,S,T,2024-07-30,1000000.00,4.10751,100.10546875
08:00:30,91282CLD1,TSRYS5850288,D,S,T,2024-07-30,1000000.00,4.10751,100.10546875
08:00:30,91282CLD1,TSRYS5850288,D,S,T,2024-07-30,1000000.00,4.10751,100.10546875
08:00:30,91282CLD1,TSRYS5850288,D,S,T,2024-07-30,1000000.00,4.108158,100.1015625
08:00:30,91282CLD1,TSRYS5850288,D,S,T,2024-07-30,1000000.00,4.102009,100.138671875
08:00:30,91282CLD1,TSRYS5850288,D,S,T,2024-07-30,1000000.00,4.097479,100.166015625
08:00:30,91282CLD1,TSRYS5850288,D,S,D,2024-07-30,1000000.00,4.097803,100.1640625
08:00:30,91282CLD1,TSRYS5850288,D,S,D,2024-07-30,1000000.00,4.097803,100.1640625
08:00:30,91282CLD1,TSRYS5850288,D,S,T,2024-07-30,1000000.00,4.094569,100.18359375
08:00:30,91282CLD1,TSRYS5850288,D,S,T,2024-07-30,1000000.00,4.091982,100.19921875
08:00:30,91282CLD1,TSRYS5850288,D,S,T,2024-07-30,1000000.00,4.091982,100.19921875
08:00:30,91282CLD1,TSRYS5850288,D,S,T,2024-07-30,1000000.00,4.091982,100.19921875
08:00:30,91282CLD1,TSRYS5850288,D,S,T,2024-07-30,1000000.00,4.091982,100.19921875
08:00:30,91282CLD1,TSRYS5850288,D,S,T,2024-07-30,1000000.00,4.091982,100.19921875
08:00:30,91282CLD1,TSRYS5850288,D,S,T,2024-07-30,1000000.00,4.100067,100.150390625
08:00:30,91282CLD1,TSRYS5850288,D,S,D,2024-07-30,1000000.00,4.106863,100.109375
08:00:30,91282CLD1,TSRYS5850288,D,S,D,2024-07-30,1000000.00,4.106863,100.109375
08:00:30,91282CLD1,TSRYS5850288,D,S,T,2024-07-30,2000000.00,4.109452,100.09375
08:00:30,91282CLD1,TSRYS5850288,D,S,D,2024-07-30,1000000.00,4.109452,100.09375
08:00:30,91282CLD1,TSRYS5850288,D,S,D,2024-07-30,1000000.00,4.106863,100.109375
08:00:30,91282CLD1,TSRYS5850288,D,S,T,2024-07-30,1000000.00,4.109452,100.09375
08:00:30,91282CLD1,TSRYS5850288,D,S,T,2024-07-30,1000000.00,4.109452,100.09375
08:00:31,91282CLD1,TSRYS5850288,D,S,T,2024-07-30,1000000.00,4.105568,100.1171875
08:00:31,91282CLD1,TSRYS5850288,D,S,T,2024-07-30,3000000.00,4.105568,100.1171875
08:00:31,91282CLD1,TSRYS5850288,D,S,T,2024-07-30,1000000.00,4.105568,100.1171875
08:00:31,91282CLD1,TSRYS5850288,D,S,T,2024-07-30,1000000.00,4.105568,100.1171875
08:00:31,91282CLD1,TSRYS5850288,D,S,T,2024-07-30,1000000.00,4.102009,100.138671875
08:00:31,91282CLD1,TSRYS5850288,D,S,T,2024-07-30,1000000.00,4.101685,100.140625
08:00:31,91282CLD1,TSRYS5850288,D,S,T,2024-07-30,1000000.00,4.101685,100.140625
08:00:31,91282CLD1,TSRYS5850288,D,S,T,2024-07-30,1000000.00,4.100391,100.1484375
08:00:31,91282CLD1,TSRYS5850288,D,S,T,2024-07-30,1000000.00,4.101685,100.140625
08:00:31,91282CLD1,TSRYS5850288,D,S,T,2024-07-30,1000000.00,4.101685,100.140625
08:00:31,91282CLD1,TSRYS5850288,D,S,T,2024-07-30,1000000.00,4.101685,100.140625
08:00:31,91282CLD1,TSRYS5850288,D,S,T,2024-07-30,1000000.00,4.102979,100.1328125
08:00:31,91282CLD1,TSRYS5850288,D,S,T,2024-07-30,1000000.00,4.102979,100.1328125
08:00:31,91282CLD1,TSRYS5850288,D,S,T,2024-07-30,1000000.00,4.102979,100.1328125
08:00:31,91282CLD1,TSRYS5850288,D,S,T,2024-07-30,1000000.00,4.102979,100.1328125
08:00:31,91282CLD1,TSRYS5850288,D,S,T,2024-07-30,1000000.00,4.104274,100.125
08:00:31,91282CLD1,TSRYS5850288,D,S,T,2024-07-30,1000000.00,4.104274,100.125
08:00:31,91282CLD1,TSRYS5850288,D,S,T,2024-07-30,1000000.00,4.105568,100.1171875
08:00:31,91282CLD1,TSRYS5850288,D,S,T,2024-07-30,1000000.00,4.106863,100.109375
08:00:31,91282CLD1,TSRYS5850288,D,S,T,2024-07-30,1000000.00,4.106863,100.109375
08:00:31,91282CLD1,TSRYS5850288,D,S,T,2024-07-30,1000000.00,4.105568,100.1171875
08:00:31,91282CLD1,TSRYS5850288,D,S,T,2024-07-30,1000000.00,4.105568,100.1171875
08:00:31,91282CLD1,TSRYS5850288,D,S,T,2024-07-30,1000000.00,4.105568,100.1171875
08:00:31,91282CLD1,TSRYS5850288,D,S,D,2024-07-30,1000000.00,4.10395,100.126953125
08:00:31,91282CLD1,TSRYS5850288,D,S,D,2024-07-30,1000000.00,4.10395,100.126953125
08:00:31,91282CLD1,TSRYS5850288,D,S,D,2024-07-30,1000000.00,4.10395,100.126953125
08:00:31,91282CLD1,TSRYS5850288,D,S,D,2024-07-30,1000000.00,4.10395,100.126953125
08:00:31,91282CLD1,TSRYS5850288,D,S,D,2024-07-30,1000000.00,4.10395,100.126953125
08:00:31,91282CLD1,TSRYS5850288,D,S,D,2024-07-30,1000000.00,4.10395,100.126953125
08:00:31,91282CLD1,TSRYS5850288,D,S,D,2024-07-30,1000000.00,4.10395,100.126953125
08:00:31,91282CLD1,TSRYS5850288,D,S,D,2024-07-30,1000000.00,4.10395,100.126953125
08:00:31,91282CLD1,TSRYS5850288,D,S,D,2024-07-30,1000000.00,4.10395,100.126953125
08:00:31,91282CLD1,TSRYS5850288,D,S,D,2024-07-30,1000000.00,4.10395,100.126953125
08:00:31,91282CLD1,TSRYS5850288,D,S,D,2024-07-30,1000000.00,4.10395,100.126953125
08:00:31,91282CLD1,TSRYS5850288,D,S,D,2024-07-30,1000000.00,4.10395,100.126953125
08:00:31,91282CLD1,TSRYS5850288,D,S,D,2024-07-30,1000000.00,4.10395,100.126953125
08:00:31,91282CLD1,TSRYS5850288,D,S,D,2024-07-30,1000000.00,4.10395,100.126953125
08:00:31,91282CLD1,TSRYS5850288,D,S,D,2024-07-30,1000000.00,4.10395,100.126953125
08:00:31,91282CLD1,TSRYS5850288,D,S,T,2024-07-30,1000000.00,4.104274,100.125
08:00:31,91282CLD1,TSRYS5850288,D,S,T,2024-07-30,2000000.00,4.105568,100.1171875
08:00:31,91282CLD1,TSRYS5850288,D,S,T,2024-07-30,1000000.00,4.105568,100.1171875
08:00:31,91282CLD1,TSRYS5850288,D,S,T,2024-07-30,1000000.00,4.108158,100.1015625
08:00:31,91282CLD1,TSRYS5850288,D,S,T,2024-07-30,1000000.00,4.108158,100.1015625
08:00:31,91282CLD1,TSRYS5850288,D,S,T,2024-07-30,1000000.00,4.108158,100.1015625
08:00:31,91282CLD1,TSRYS5850288,D,S,T,2024-07-30,1000000.00,4.108158,100.1015625
08:00:31,91282CLD1,TSRYS5850288,D,S,T,2024-07-30,1000000.00,4.108158,100.1015625
08:00:31,91282CLD1,TSRYS5850288,D,S,T,2024-07-30,1000000.00,4.1101,100.08984375
08:00:31,91282CLD1,TSRYS5850288,D,S,T,2024-07-30,1000000.00,4.108158,100.1015625
08:00:31,91282CLD1,TSRYS5850288,D,S,T,2024-07-30,1000000.00,4.109452,100.09375
08:00:31,91282CLD1,TSRYS5850288,D,S,T,2024-07-30,2000000.00,4.109452,100.09375
08:00:31,91282CLD1,TSRYS5850288,D,S,T,2024-07-30,1000000.00,4.109452,100.09375
08:00:31,91282CLD1,TSRYS5850288,D,S,T,2024-07-30,4000000.00,4.109452,100.09375
08:00:31,91282CLD1,TSRYS5850288,D,S,T,2024-07-30,1000000.00,4.110747,100.0859375
08:00:31,91282CLD1,TSRYS5850288,D,S,T,2024-07-30,1000000.00,4.112043,100.078125
08:00:31,91282CLD1,TSRYS5850288,D,S,T,2024-07-30,1000000.00,4.112043,100.078125
08:00:31,91282CLD1,TSRYS5850288,D,S,T,2024-07-30,1000000.00,4.112043,100.078125
08:00:31,91282CLD1,TSRYS5850288,D,S,T,2024-07-30,1000000.00,4.112043,100.078125
08:00:31,91282CLD1,TSRYS5850288,D,S,T,2024-07-30,1000000.00,4.112043,100.078125
08:00:31,91282CLD1,TSRYS5850288,D,S,T,2024-07-30,1000000.00,4.112043,100.078125
08:00:31,91282CLD1,TSRYS5850288,D,S,T,2024-07-30,1000000.00,4.106863,100.109375
08:00:31,91282CLD1,TSRYS5850288,D,S,T,2024-07-30,1000000.00,4.106863,100.109375
08:00:31,91282CLD1,TSRYS5850288,D,S,T,2024-07-30,1000000.00,4.104274,100.125
08:00:31,91282CLD1,TSRYS5850288,D,S,T,2024-07-30,1000000.00,4.102979,100.1328125
08:00:31,91282CLD1,TSRYS5850288,D,S,T,2024-07-30,1000000.00,4.104597,100.123046875
08:00:31,91282CLD1,TSRYS5850288,D,S,T,2024-07-30,1000000.00,4.104274,100.125
08:00:31,91282CLD1,TSRYS5850288,D,S,T,2024-07-30,1000000.00,4.104921,100.12109375
08:00:31,91282CLD1,TSRYS5850288,D,S,T,2024-07-30,3000000.00,4.104921,100.12109375
08:00:31,91282CLD1,TSRYS5850288,D,S,T,2024-07-30,1000000.00,4.102979,100.1328125
08:00:31,91282CLD1,TSRYS5850288,D,S,T,2024-07-30,2000000.00,4.107186,100.107421875
08:00:31,91282CLD1,TSRYS5850288,D,S,T,2024-07-30,1000000.00,4.10751,100.10546875
08:00:31,91282CLD1,TSRYS5850288,D,S,T,2024-07-30,1000000.00,4.106863,100.109375
08:00:31,91282CLD1,TSRYS5850288,D,S,T,2024-07-30,2000000.00,4.107186,100.107421875
08:00:31,91282CLD1,TSRYS5850288,D,S,T,2024-07-30,1000000.00,4.106863,100.109375
08:00:31,91282CLD1,TSRYS5850288,D,S,T,2024-07-30,2000000.00,4.109452,100.09375
08:00:31,91282CLD1,TSRYS5850288,D,S,T,2024-07-30,1000000.00,4.109452,100.09375
08:00:31,91282CLD1,TSRYS5850288,D,S,T,2024-07-30,1000000.00,4.109452,100.09375
08:00:31,91282CLD1,TSRYS5850288,D,S,T,2024-07-30,1000000.00,4.109452,100.09375
08:00:31,91282CLD1,TSRYS5850288,D,S,T,2024-07-30,1000000.00,4.109452,100.09375
08:00:31,91282CLD1,TSRYS5850288,D,S,T,2024-07-30,1000000.00,4.109452,100.09375
08:00:31,91282CLD1,TSRYS5850288,D,S,T,2024-07-30,1000000.00,4.109452,100.09375
08:00:31,91282CLD1,TSRYS5850288,D,S,T,2024-07-30,2000000.00,4.112043,100.078125
08:00:31,91282CLD1,TSRYS5850288,D,S,T,2024-07-30,1000000.00,4.112043,100.078125
08:00:31,91282CLD1,TSRYS5850288,D,S,T,2024-07-30,1000000.00,4.105568,100.1171875
08:00:31,91282CLD1,TSRYS5850288,D,S,T,2024-07-30,1000000.00,4.101685,100.140625
08:00:31,91282CLD1,TSRYS5850288,D,S,T,2024-07-30,1000000.00,4.104274,100.125
08:00:31,91282CLD1,TSRYS5850288,D,S,T,2024-07-30,1000000.00,4.106863,100.109375
08:00:31,91282CLD1,TSRYS5850288,D,S,T,2024-07-30,1000000.00,4.105892,100.115234375
08:00:31,91282CLD1,TSRYS5850288,D,S,T,2024-07-30,1000000.00,4.105892,100.115234375
08:00:31,91282CLD1,TSRYS5850288,D,S,T,2024-07-30,1000000.00,4.105568,100.1171875
08:00:31,91282CLD1,TSRYS5850288,D,S,T,2024-07-30,1000000.00,4.104274,100.125
08:00:31,91282CLD1,TSRYS5850288,D,S,T,2024-07-30,1000000.00,4.104274,100.125
08:00:31,91282CLD1,TSRYS5850288,D,S,T,2024-07-30,1000000.00,4.106215,100.11328125
08:00:31,91282CLD1,TSRYS5850288,D,S,T,2024-07-30,1000000.00,4.106215,100.11328125
08:00:31,91282CLD1,TSRYS5850288,D,S,T,2024-07-30,1000000.00,4.105568,100.1171875
08:00:31,91282CLD1,TSRYS5850288,D,S,T,2024-07-30,1000000.00,4.105568,100.1171875
08:00:31,91282CLD1,TSRYS5850288,D,S,T,2024-07-30,1000000.00,4.105568,100.1171875
08:00:31,91282CLD1,TSRYS5850288,D,S,T,2024-07-30,1000000.00,4.104274,100.125
08:00:31,91282CLD1,TSRYS5850288,D,S,T,2024-07-30,1000000.00,4.104921,100.12109375
08:00:31,91282CLD1,TSRYS5850288,D,S,T,2024-07-30,1000000.00,4.104274,100.125
08:00:31,91282CLD1,TSRYS5850288,D,S,T,2024-07-30,1000000.00,4.101685,100.140625
08:00:31,91282CLD1,TSRYS5850288,D,S,T,2024-07-30,1000000.00,4.101685,100.140625
08:00:31,91282CLD1,TSRYS5850288,D,S,T,2024-07-30,1000000.00,4.109452,100.09375
08:00:31,91282CLD1,TSRYS5850288,D,S,T,2024-07-30,1000000.00,4.109452,100.09375
08:00:31,91282CLD1,TSRYS5850288,D,S,T,2024-07-30,1000000.00,4.109452,100.09375
08:00:31,91282CLD1,TSRYS5850288,D,S,T,2024-07-30,1000000.00,4.109452,100.09375
08:00:31,91282CLD1,TSRYS5850288,D,S,T,2024-07-30,1000000.00,4.11269,100.07421875
08:00:31,91282CLD1,TSRYS5850288,D,S,T,2024-07-30,1000000.00,4.111719,100.080078125
08:00:31,91282CLD1,TSRYS5850288,D,S,T,2024-07-30,1000000.00,4.111395,100.08203125
08:00:31,91282CLD1,TSRYS5850288,D,S,T,2024-07-30,1000000.00,4.111071,100.083984375
08:00:31,91282CLD1,TSRYS5850288,D,S,T,2024-07-30,1000000.00,4.110747,100.0859375
08:00:31,91282CLD1,TSRYS5850288,D,S,T,2024-07-30,1000000.00,4.109452,100.09375
08:00:31,91282CLD1,TSRYS5850288,D,S,T,2024-07-30,1000000.00,4.109452,100.09375
08:00:31,91282CLD1,TSRYS5850288,D,S,T,2024-07-30,1000000.00,4.106863,100.109375
08:00:31,91282CLD1,TSRYS5850288,D,S,T,2024-07-30,1000000.00,4.106863,100.109375
08:00:31,91282CLD1,TSRYS5850288,D,S,T,2024-07-30,1000000.00,4.106863,100.109375
08:00:31,91282CLD1,TSRYS5850288,D,S,T,2024-07-30,1000000.00,4.106863,100.109375
08:00:31,91282CLD1,TSRYS5850288,D,S,T,2024-07-30,1000000.00,4.106863,100.109375
08:00:31,91282CLD1,TSRYS5850288,D,S,T,2024-07-30,1000000.00,4.110747,100.0859375
08:00:31,91282CLD1,TSRYS5850288,D,S,T,2024-07-30,1000000.00,4.109452,100.09375
08:00:31,91282CLD1,TSRYS5850288,D,S,T,2024-07-30,1000000.00,4.110747,100.0859375
08:00:31,91282CLD1,TSRYS5850288,D,S,T,2024-07-30,1000000.00,4.110747,100.0859375
08:00:31,91282CLD1,TSRYS5850288,D,S,T,2024-07-30,1000000.00,4.110747,100.0859375
08:00:31,91282CLD1,TSRYS5850288,D,S,T,2024-07-30,1000000.00,4.112043,100.078125
08:00:31,91282CLD1,TSRYS5850288,D,S,T,2024-07-30,1000000.00,4.110747,100.0859375
08:00:31,91282CLD1,TSRYS5850288,D,S,T,2024-07-30,1000000.00,4.110747,100.0859375
08:00:31,91282CLD1,TSRYS5850288,D,S,T,2024-07-30,1000000.00,4.102979,100.1328125
08:00:31,91282CLD1,TSRYS5850288,D,S,T,2024-07-30,1000000.00,4.102979,100.1328125
08:00:31,91282CLD1,TSRYS5850288,D,S,T,2024-07-30,1000000.00,4.101685,100.140625
08:00:31,91282CLD1,TSRYS5850288,D,S,T,2024-07-30,1000000.00,4.097803,100.1640625
08:00:31,91282CLD1,TSRYS5850288,D,S,T,2024-07-30,1000000.00,4.097803,100.1640625
08:00:31,91282CLD1,TSRYS5850288,D,S,T,2024-07-30,2000000.00,4.09845,100.16015625
08:00:31,91282CLD1,TSRYS5850288,D,S,T,2024-07-30,2000000.00,4.09845,100.16015625
08:00:31,91282CLD1,TSRYS5850288,D,S,T,2024-07-30,1000000.00,4.09845,100.16015625
08:00:31,91282CLD1,TSRYS5850288,D,S,T,2024-07-30,1000000.00,4.099097,100.15625
08:00:31,91282CLD1,TSRYS5850288,D,S,T,2024-07-30,1000000.00,4.099097,100.15625
08:00:31,91282CLD1,TSRYS5850288,D,S,T,2024-07-30,1000000.00,4.100391,100.1484375
08:00:31,91282CLD1,TSRYS5850288,D,S,T,2024-07-30,1000000.00,4.099097,100.15625
08:00:31,91282CLD1,TSRYS5850288,D,S,T,2024-07-30,1000000.00,4.100391,100.1484375
08:00:31,91282CLD1,TSRYS5850288,D,S,T,2024-07-30,1000000.00,4.100391,100.1484375
08:00:31,91282CLD1,TSRYS5850288,D,S,T,2024-07-30,1000000.00,4.100391,100.1484375
08:00:31,91282CLD1,TSRYS5850288,D,S,T,2024-07-30,1000000.00,4.100391,100.1484375
08:00:31,91282CLD1,TSRYS5850288,D,S,T,2024-07-30,1000000.00,4.097803,100.1640625
08:00:31,91282CLD1,TSRYS5850288,D,S,T,2024-07-30,1000000.00,4.097803,100.1640625
08:00:31,91282CLD1,TSRYS5850288,D,S,T,2024-07-30,1000000.00,4.097803,100.1640625
08:00:31,91282CLD1,TSRYS5850288,D,S,T,2024-07-30,1000000.00,4.099097,100.15625
08:00:31,91282CLD1,TSRYS5850288,D,S,T,2024-07-30,1000000.00,4.097803,100.1640625
08:00:31,91282CLD1,TSRYS5850288,D,S,T,2024-07-30,1000000.00,4.096509,100.171875
08:00:31,91282CLD1,TSRYS5850288,D,S,T,2024-07-30,1000000.00,4.096509,100.171875
08:00:31,91282CLD1,TSRYS5850288,D,S,T,2024-07-30,1000000.00,4.097803,100.1640625
08:00:31,91282CLD1,TSRYS5850288,D,S,T,2024-07-30,1000000.00,4.096509,100.171875
08:00:31,91282CLD1,TSRYS5850288,D,S,T,2024-07-30,1000000.00,4.096509,100.171875
08:00:31,91282CLD1,TSRYS5850288,D,S,T,2024-07-30,1000000.00,4.096509,100.171875
08:00:31,91282CLD1,TSRYS5850288,D,S,T,2024-07-30,1000000.00,4.096509,100.171875
08:00:31,91282CLD1,TSRYS5850288,D,S,T,2024-07-30,1000000.00,4.096509,100.171875
08:00:31,91282CLD1,TSRYS5850288,D,S,T,2024-07-30,1000000.00,4.093922,100.1875
08:00:31,91282CLD1,TSRYS5850288,D,S,T,2024-07-30,1000000.00,4.093922,100.1875
08:00:31,91282CLD1,TSRYS5850288,D,S,T,2024-07-30,1000000.00,4.093922,100.1875
08:00:31,91282CLD1,TSRYS5850288,D,S,T,2024-07-30,1000000.00,4.093922,100.1875
08:00:31,91282CLD1,TSRYS5850288,D,S,T,2024-07-30,1000000.00,4.093922,100.1875
08:00:31,91282CLD1,TSRYS5850288,D,S,T,2024-07-30,1000000.00,4.093922,100.1875
08:00:31,91282CLD1,TSRYS5850288,D,S,T,2024-07-30,1000000.00,4.093922,100.1875
08:00:31,91282CLD1,TSRYS5850288,D,S,T,2024-07-30,1000000.00,4.093922,100.1875
08:00:31,91282CLD1,TSRYS5850288,D,S,T,2024-07-30,1000000.00,4.093922,100.1875
08:00:31,91282CLD1,TSRYS5850288,D,S,T,2024-07-30,1000000.00,4.094892,100.181640625
08:00:31,91282CLD1,TSRYS5850288,D,S,T,2024-07-30,1000000.00,4.093922,100.1875
08:00:31,91282CLD1,TSRYS5850288,D,S,T,2024-07-30,1000000.00,4.093922,100.1875
08:00:31,91282CLD1,TSRYS5850288,D,S,T,2024-07-30,1000000.00,4.093922,100.1875
08:00:31,91282CLD1,TSRYS5850288,D,S,T,2024-07-30,1000000.00,4.093922,100.1875
08:00:31,91282CLD1,TSRYS5850288,D,S,T,2024-07-30,1000000.00,4.093922,100.1875
08:00:31,91282CLD1,TSRYS5850288,D,S,T,2024-07-30,1000000.00,4.093922,100.1875
08:00:31,91282CLD1,TSRYS5850288,D,S,T,2024-07-30,1000000.00,4.093922,100.1875
08:00:31,91282CLD1,TSRYS5850288,D,S,T,2024-07-30,1000000.00,4.095215,100.1796875
08:00:32,91282CLD1,TSRYS5850288,D,S,T,2024-07-30,1000000.00,4.097479,100.166015625
08:00:32,91282CLD1,TSRYS5850288,D,S,D,2024-07-30,1000000.00,4.091982,100.19921875
08:00:32,91282CLD1,TSRYS5850288,D,S,T,2024-07-30,1000000.00,4.095215,100.1796875
08:00:32,91282CLD1,TSRYS5850288,D,S,T,2024-07-30,1000000.00,4.101685,100.140625
08:00:32,91282CLD1,TSRYS5850288,D,S,T,2024-07-30,1000000.00,4.101685,100.140625
08:00:32,91282CLD1,TSRYS5850288,D,S,D,2024-07-30,1000000.00,4.104274,100.125
08:00:32,91282CLD1,TSRYS5850288,D,S,T,2024-07-30,1000000.00,4.109452,100.09375
08:00:32,91282CLD1,TSRYS5850288,D,S,D,2024-07-30,1000000.00,4.109452,100.09375
08:00:32,91282CLD1,TSRYS5850288,D,S,D,2024-07-30,1000000.00,4.109452,100.09375
08:00:32,91282CLD1,TSRYS5850288,D,S,A,2024-07-30,5827000.00,4.103626,100.12890625
08:00:32,91282CLD1,TSRYS5850288,D,S,A,2024-07-30,5469300.00,4.108805,100.09765625
08:00:32,91282CLD1,TSRYS5850288,D,S,D,2024-07-30,1000000.00,4.099097,100.15625
08:00:32,91282CLD1,TSRYS5850288,D,S,D,2024-07-30,1000000.00,4.099097,100.15625
08:00:32,91282CLD1,TSRYS5850288,D,S,T,2024-07-30,1000000.00,4.096509,100.171875
08:00:32,91282CLD1,TSRYS5850288,D,S,T,2024-07-30,1000000.00,4.096509,100.171875
08:00:32,91282CLD1,TSRYS5850288,D,S,T,2024-07-30,4000000.00,4.092628,100.1953125
08:00:32,91282CLD1,TSRYS5850288,D,S,T,2024-07-30,1000000.00,4.096509,100.171875
08:00:34,91282CLD1,TSRYS5850288,D,S,D,2024-07-30,1000000.00,4.095539,100.177734375
08:00:34,91282CLD1,TSRYS5850288,D,S,D,2024-07-30,1000000.00,4.095539,100.177734375
08:00:34,91282CLD1,TSRYS5850288,D,S,D,2024-07-30,1000000.00,4.095215,100.1796875
08:00:35,91282CLD1,TSRYS5850288,D,S,T,2024-07-30,1000000.00,4.101685,100.140625
08:00:38,91282CLD1,TSRYS5850288,D,S,D,2024-07-30,4675000.00,4.093275,100.19140625
08:00:39,91282CLD1,TSRYS5850288,D,B,A,2024-07-30,2448000.00,4.111395,100.08203125
08:00:39,91282CLD1,TSRYS5850288,D,S,D,2024-07-30,83000000.00,4.104274,100.125
08:00:39,91282CLD1,TSRYS5850288,D,B,C,2024-07-30,83000000.00,4.104274,100.125
08:00:40,91282CLD1,TSRYS5850288,D,S,D,2024-07-30,11000000.00,4.108736,100.09807
08:00:40,91282CLD1,TSRYS5850288,D,S,D,2024-07-30,25000000.00,4.10093,100.14518
08:00:41,91282CLD1,TSRYS5850288,D,B,A,2024-07-30,3669000.00,4.105568,100.1171875
08:00:42,91282CLD1,TSRYS5850288,D,S,D,2024-07-30,35000000.00,4.106416,100.11207
08:00:43,91282CLD1,TSRYS5850288,D,S,D,2024-07-30,1000000.00,4.106539,100.111328125
08:00:43,91282CLD1,TSRYS5850288,D,S,T,2024-07-30,1000000.00,4.111719,100.080078125
08:00:43,91282CLD1,TSRYS5850288,D,S,D,2024-07-30,1000000.00,4.109776,100.091796875
08:00:44,91282CLD1,TSRYS5850288,D,S,D,2024-07-30,1000000.00,4.108481,100.099609375
08:00:45,91282CLD1,TSRYS5850288,D,S,D,2024-07-30,1000000.00,4.09942,100.154296875
08:00:45,91282CLD1,TSRYS5850288,D,S,D,2024-07-30,1000000.00,4.09942,100.154296875
08:00:45,91282CLD1,TSRYS5850288,D,S,D,2024-07-30,1000000.00,4.09942,100.154296875
08:00:45,91282CLD1,TSRYS5850288,D,S,D,2024-07-30,1000000.00,4.099097,100.15625
08:00:47,91282CLD1,TSRYS5850288,D,S,D,2024-07-30,3000000.00,4.098126,100.162109375
08:00:49,91282CLD1,TSRYS5850288,D,S,D,2024-07-30,20000000.00,4.104597,100.12305
08:00:49,91282CLD1,TSRYS5850288,D,S,A,2024-07-30,1800000.00,4.104248,100.125
08:00:49,91282CLD1,TSRYS5850288,D,S,D,2024-07-30,1000000.00,4.104274,100.125
08:00:52,91282CLD1,TSRYS5850288,D,S,T,2024-07-30,2000000.00,4.107186,100.107421875
08:00:52,91282CLD1,TSRYS5850288,D,S,D,2024-07-30,1000000.00,4.109776,100.091796875
08:00:54,91282CLD1,TSRYS5850288,D,S,D,2024-07-30,1000000.00,4.09942,100.154296875
08:00:56,91282CLD1,TSRYS5850288,D,S,D,2024-07-30,4000000.00,4.097803,100.1640625
08:00:56,91282CLD1,TSRYS5850288,D,S,D,2024-07-30,3000000.00,4.097803,100.1640625
08:00:56,91282CLD1,TSRYS5850288,D,S,D,2024-07-30,1000000.00,4.096509,100.171875
08:00:59,91282CLD1,TSRYS5850288,D,S,C,2024-07-30,2100000.00,4.102979,100.1328125
08:01:00,91282CLD1,TSRYS5850288,D,B,C,2024-07-30,1000000.00,4.104597,100.123046875
08:01:00,91282CLD1,TSRYS5850288,D,S,D,2024-07-30,1000000.00,4.104597,100.123046875
08:01:00,91282CLD1,TSRYS5850288,D,S,D,2024-07-30,7100000.00,4.166543,99.75
08:01:01,91282CLD1,TSRYS5850288,D,S,T,2024-07-30,1000000.00,4.094909,100.181540625
08:01:01,91282CLD1,TSRYS5850288,D,S,T,2024-07-30,1000000.00,4.099097,100.15625
08:01:02,91282CLD1,TSRYS5850288,D,S,C,2024-07-30,1000000.00,4.10751,100.10546875
08:01:02,91282CLD1,TSRYS5850288,D,S,C,2024-07-30,1000000.00,4.10751,100.10546875
08:01:02,91282CLD1,TSRYS5850288,D,S,C,2024-07-30,1000000.00,4.107834,100.103515625
08:01:03,91282CLD1,TSRYS5850288,D,S,C,2024-07-30,1000000.00,4.107834,100.103515625
08:01:03,91282CLD1,TSRYS5850288,D,S,C,2024-07-30,1000000.00,4.107834,100.103515625
08:01:03,91282CLD1,TSRYS5850288,D,S,C,2024-07-30,1000000.00,4.10751,100.10546875
08:01:03,91282CLD1,TSRYS5850288,D,S,C,2024-07-30,1000000.00,4.10751,100.10546875
08:01:03,91282CLD1,TSRYS5850288,D,S,C,2024-07-30,1000000.00,4.10751,100.10546875
08:01:03,91282CLD1,TSRYS5850288,D,S,C,2024-07-30,2000000.00,4.10751,100.10546875
08:01:03,91282CLD1,TSRYS5850288,D,S,C,2024-07-30,1000000.00,4.10751,100.10546875
08:01:03,91282CLD1,TSRYS5850288,D,S,C,2024-07-30,1000000.00,4.10751,100.10546875
08:01:03,91282CLD1,TSRYS5850288,D,S,D,2024-07-30,2000000.00,4.10395,100.126953125
08:01:03,91282CLD1,TSRYS5850288,D,S,D,2024-07-30,1000000.00,4.10395,100.126953125
08:01:03,91282CLD1,TSRYS5850288,D,S,D,2024-07-30,1000000.00,4.106863,100.109375
08:01:03,91282CLD1,TSRYS5850288,D,S,D,2024-07-30,1000000.00,4.109452,100.09375
08:01:03,91282CLD1,TSRYS5850288,D,S,D,2024-07-30,1000000.00,4.106863,100.109375
08:01:03,91282CLD1,TSRYS5850288,D,S,D,2024-07-30,1000000.00,4.106863,100.109375
08:01:04,91282CLD1,TSRYS5850288,D,S,D,2024-07-30,1000000.00,4.104921,100.12109375
08:01:04,91282CLD1,TSRYS5850288,D,S,D,2024-07-30,2000000.00,4.102332,100.13671875
08:01:04,91282CLD1,TSRYS5850288,D,S,D,2024-07-30,2000000.00,4.102332,100.13671875
08:01:04,91282CLD1,TSRYS5850288,D,S,D,2024-07-30,1000000.00,4.102009,100.138671875
08:01:04,91282CLD1,TSRYS5850288,D,B,C,2024-07-30,5000000.00,4.102009,100.138671875
08:01:04,91282CLD1,TSRYS5850288,D,S,D,2024-07-30,5000000.00,4.102009,100.138671875
08:01:04,91282CLD1,TSRYS5850288,D,S,D,2024-07-30,2000000.00,4.102009,100.138671875
08:01:04,91282CLD1,TSRYS5850288,D,S,D,2024-07-30,1000000.00,4.099744,100.15234375
08:01:04,91282CLD1,TSRYS5850288,D,S,T,2024-07-30,1000000.00,4.100067,100.150390625
08:01:04,91282CLD1,TSRYS5850288,D,S,C,2024-07-30,1000000.00,4.102656,100.134765625
08:01:04,91282CLD1,TSRYS5850288,D,B,C,2024-07-30,1000000.00,4.102656,100.134765625
08:01:04,91282CLD1,TSRYS5850288,D,S,D,2024-07-30,1000000.00,4.104274,100.125
08:01:04,91282CLD1,TSRYS5850288,D,S,C,2024-07-30,1000000.00,4.104274,100.125
08:01:04,91282CLD1,TSRYS5850288,D,S,C,2024-07-30,1000000.00,4.10395,100.126953125
08:01:04,91282CLD1,TSRYS5850288,D,B,C,2024-07-30,1000000.00,4.10395,100.126953125
08:01:04,91282CLD1,TSRYS5850288,D,S,C,2024-07-30,1000000.00,4.10395,100.126953125
08:01:04,91282CLD1,TSRYS5850288,D,S,C,2024-07-30,2000000.00,4.10395,100.126953125
08:01:04,91282CLD1,TSRYS5850288,D,S,C,2024-07-30,2000000.00,4.10395,100.126953125
08:01:04,91282CLD1,TSRYS5850288,D,S,C,2024-07-30,1000000.00,4.10395,100.126953125
08:01:04,91282CLD1,TSRYS5850288,D,S,C,2024-07-30,1000000.00,4.10395,100.126953125
08:01:04,91282CLD1,TSRYS5850288,D,S,C,2024-07-30,2000000.00,4.10395,100.126953125
08:01:05,91282CLD1,TSRYS5850288,D,S,C,2024-07-30,2000000.00,4.10395,100.126953125
08:01:05,91282CLD1,TSRYS5850288,D,S,C,2024-07-30,1000000.00,4.10395,100.126953125
08:01:05,91282CLD1,TSRYS5850288,D,S,C,2024-07-30,1000000.00,4.10395,100.126953125
08:01:05,91282CLD1,TSRYS5850288,D,S,C,2024-07-30,1000000.00,4.10395,100.126953125
08:01:05,91282CLD1,TSRYS5850288,D,S,C,2024-07-30,1000000.00,4.10395,100.126953125
08:01:05,91282CLD1,TSRYS5850288,D,S,C,2024-07-30,1000000.00,4.10395,100.126953125
08:01:05,91282CLD1,TSRYS5850288,D,S,C,2024-07-30,1000000.00,4.10395,100.126953125
08:01:05,91282CLD1,TSRYS5850288,D,S,C,2024-07-30,1000000.00,4.10395,100.126953125
08:01:05,91282CLD1,TSRYS5850288,D,S,C,2024-07-30,1000000.00,4.10395,100.126953125
08:01:05,91282CLD1,TSRYS5850288,D,S,C,2024-07-30,1000000.00,4.10395,100.126953125
08:01:05,91282CLD1,TSRYS5850288,D,S,C,2024-07-30,1000000.00,4.10395,100.126953125
08:01:05,91282CLD1,TSRYS5850288,D,S,C,2024-07-30,1000000.00,4.10395,100.126953125
08:01:05,91282CLD1,TSRYS5850288,D,S,C,2024-07-30,1000000.00,4.10395,100.126953125
08:01:05,91282CLD1,TSRYS5850288,D,S,C,2024-07-30,1000000.00,4.10395,100.126953125
08:01:05,91282CLD1,TSRYS5850288,D,S,C,2024-07-30,1000000.00,4.10395,100.126953125
08:01:05,91282CLD1,TSRYS5850288,D,S,D,2024-07-30,1000000.00,4.1101,100.08984375
08:01:05,91282CLD1,TSRYS5850288,D,S,D,2024-07-30,1000000.00,4.109452,100.09375
08:01:05,91282CLD1,TSRYS5850288,D,S,D,2024-07-30,1000000.00,4.109452,100.09375
08:01:05,91282CLD1,TSRYS5850288,D,S,D,2024-07-30,1000000.00,4.107186,100.107421875
08:01:05,91282CLD1,TSRYS5850288,D,S,D,2024-07-30,1000000.00,4.107186,100.107421875
08:01:05,91282CLD1,TSRYS5850288,D,S,C,2024-07-30,1000000.00,4.104274,100.125
08:01:05,91282CLD1,TSRYS5850288,D,B,C,2024-07-30,1000000.00,4.10751,100.10546875
08:01:05,91282CLD1,TSRYS5850288,D,S,D,2024-07-30,1000000.00,4.10751,100.10546875
08:01:05,91282CLD1,TSRYS5850288,D,S,D,2024-07-30,1000000.00,4.10751,100.10546875
08:01:05,91282CLD1,TSRYS5850288,D,S,D,2024-07-30,1000000.00,4.10751,100.10546875
08:01:05,91282CLD1,TSRYS5850288,D,S,C,2024-07-30,1000000.00,4.111719,100.080078125
08:01:05,91282CLD1,TSRYS5850288,D,B,C,2024-07-30,1000000.00,4.111719,100.080078125
08:01:05,91282CLD1,TSRYS5850288,D,S,C,2024-07-30,1000000.00,4.111395,100.08203125
08:01:05,91282CLD1,TSRYS5850288,D,S,D,2024-07-30,1000000.00,4.111719,100.080078125
08:01:05,91282CLD1,TSRYS5850288,D,S,C,2024-07-30,1000000.00,4.111071,100.083984375
08:01:05,91282CLD1,TSRYS5850288,D,B,C,2024-07-30,1000000.00,4.111071,100.083984375
08:01:06,91282CLD1,TSRYS5850288,D,S,C,2024-07-30,1000000.00,4.109452,100.09375
08:01:06,91282CLD1,TSRYS5850288,D,S,C,2024-07-30,1000000.00,4.109452,100.09375
08:01:06,91282CLD1,TSRYS5850288,D,B,C,2024-07-30,1000000.00,4.109452,100.09375
08:01:06,91282CLD1,TSRYS5850288,D,S,D,2024-07-30,1000000.00,4.106215,100.11328125
08:01:06,91282CLD1,TSRYS5850288,D,S,D,2024-07-30,1000000.00,4.106215,100.11328125
08:01:06,91282CLD1,TSRYS5850288,D,S,C,2024-07-30,1000000.00,4.10751,100.10546875
08:01:06,91282CLD1,TSRYS5850288,D,B,C,2024-07-30,1000000.00,4.104274,100.125
08:01:06,91282CLD1,TSRYS5850288,D,S,C,2024-07-30,1000000.00,4.104274,100.125
08:01:06,91282CLD1,TSRYS5850288,D,S,C,2024-07-30,1000000.00,4.106863,100.109375
08:01:06,91282CLD1,TSRYS5850288,D,B,C,2024-07-30,1000000.00,4.106863,100.109175
08:01:06,91282CLD1,TSRYS5850288,D,S,D,2024-07-30,1000000.00,4.104597,100.123046875
08:01:06,91282CLD1,TSRYS5850288,D,B,C,2024-07-30,1000000.00,4.104597,100.123046875
08:01:06,91282CLD1,TSRYS5850288,D,S,D,2024-07-30,1000000.00,4.09942,100.154296875
08:01:06,91282CLD1,TSRYS5850288,D,B,C,2024-07-30,1000000.00,4.09942,100.154296875
08:01:06,91282CLD1,TSRYS5850288,D,S,D,2024-07-30,2000000.00,4.098773,100.158203125
08:01:06,91282CLD1,TSRYS5850288,D,B,C,2024-07-30,2000000.00,4.098773,100.158203125
08:01:06,91282CLD1,TSRYS5850288,D,S,C,2024-07-30,2000000.00,4.105568,100.1171875
08:01:06,91282CLD1,TSRYS5850288,D,S,D,2024-07-30,1000000.00,4.10395,100.126953125
08:01:07,91282CLD1,TSRYS5850288,D,S,D,2024-07-30,1000000.00,4.106863,100.109375
08:01:07,91282CLD1,TSRYS5850288,D,S,D,2024-07-30,1000000.00,4.105892,100.115234375
08:01:07,91282CLD1,TSRYS5850288,D,B,C,2024-07-30,1000000.00,4.105892,100.115234375
08:01:07,91282CLD1,TSRYS5850288,D,S,D,2024-07-30,1000000.00,4.106215,100.11328125
08:01:07,91282CLD1,TSRYS5850288,D,S,C,2024-07-30,1000000.00,4.111071,100.083984375
08:01:07,91282CLD1,TSRYS5850288,D,S,C,2024-07-30,2000000.00,4.111395,100.08203125
08:01:07,91282CLD1,TSRYS5850288,D,B,C,2024-07-30,1000000.00,4.106863,100.109375
08:01:07,91282CLD1,TSRYS5850288,D,S,C,2024-07-30,1000000.00,4.106863,100.109375
08:01:07,91282CLD1,TSRYS5850288,D,S,C,2024-07-30,1000000.00,4.105568,100.1171875
08:01:07,91282CLD1,TSRYS5850288,D,S,C,2024-07-30,1000000.00,4.105892,100.115234375
08:01:07,91282CLD1,TSRYS5850288,D,S,C,2024-07-30,2000000.00,4.105892,100.115234375
08:01:07,91282CLD1,TSRYS5850288,D,S,C,2024-07-30,1000000.00,4.106215,100.11328125
08:01:07,91282CLD1,TSRYS5850288,D,S,C,2024-07-30,1000000.00,4.108481,100.099609375
08:01:07,91282CLD1,TSRYS5850288,D,S,D,2024-07-30,1000000.00,4.109452,100.09375
08:01:08,91282CLD1,TSRYS5850288,D,S,D,2024-07-30,1000000.00,4.099097,100.15625
08:01:08,91282CLD1,TSRYS5850288,D,S,D,2024-07-30,1000000.00,4.099097,100.15625
08:01:08,91282CLD1,TSRYS5850288,D,S,D,2024-07-30,1000000.00,4.099097,100.15625
08:01:08,91282CLD1,TSRYS5850288,D,S,D,2024-07-30,1000000.00,4.097479,100.166015625
08:01:08,91282CLD1,TSRYS5850288,D,S,D,2024-07-30,1000000.00,4.097479,100.166015625
08:01:08,91282CLD1,TSRYS5850288,D,S,D,2024-07-30,1000000.00,4.09942,100.154296875
08:01:08,91282CLD1,TSRYS5850288,D,S,D,2024-07-30,1000000.00,4.09942,100.154296875
08:01:08,91282CLD1,TSRYS5850288,D,S,D,2024-07-30,1000000.00,4.09942,100.154296875
08:01:08,91282CLD1,TSRYS5850288,D,S,D,2024-07-30,1000000.00,4.09942,100.154296875
08:01:08,91282CLD1,TSRYS5850288,D,S,D,2024-07-30,1000000.00,4.095539,100.177734375
08:01:08,91282CLD1,TSRYS5850288,D,S,D,2024-07-30,1000000.00,4.095539,100.177734375
08:01:08,91282CLD1,TSRYS5850288,D,S,D,2024-07-30,1000000.00,4.095215,100.1796875
08:01:09,91282CLD1,TSRYS5850288,D,S,D,2024-07-30,1000000.00,4.104921,100.12109375
08:01:09,91282CLD1,TSRYS5850288,D,S,T,2024-07-30,1000000.00,4.104937,100.12099375
08:01:10,91282CLD1,TSRYS5850288,D,S,D,2024-07-30,8000000.00,4.107427,100.1059688
08:01:11,91282CLD1,TSRYS5850288,D,B,C,2024-07-30,1658000.00,4.111461,100.08163125
08:01:12,91282CLD1,TSRYS5850288,D,B,C,2024-07-30,7000000.00,4.108158,100.1015625
08:01:12,91282CLD1,TSRYS5850288,D,S,T,2024-07-30,1000000.00,4.102009,100.13867187
08:01:12,91282CLD1,TSRYS5850288,D,S,D,2024-07-30,1000000.00,4.102009,100.13867187
08:01:12,91282CLD1,TSRYS5850288,D,S,T,2024-07-30,1000000.00,4.1101,100.08984375
08:01:12,91282CLD1,TSRYS5850288,D,S,T,2024-07-30,1000000.00,4.1101,100.08984375
08:01:12,91282CLD1,TSRYS5850288,D,S,T,2024-07-30,1000000.00,4.108179,100.1014325
08:01:12,91282CLD1,TSRYS5850288,D,S,T,2024-07-30,1000000.00,4.1101,100.08984375
08:01:13,91282CLD1,TSRYS5850288,D,B,C,2024-07-30,41000000.00,4.11011,100.08978
08:01:13,91282CLD1,TSRYS5850288,D,S,T,2024-07-30,1000000.00,4.1101,100.08984375
08:01:13,91282CLD1,TSRYS5850288,D,S,T,2024-07-30,1000000.00,4.102009,100.13867187
08:01:13,91282CLD1,TSRYS5850288,D,S,T,2024-07-30,1000000.00,4.1101,100.08984375
08:01:13,91282CLD1,TSRYS5850288,D,S,D,2024-07-30,1000000.00,4.099744,100.15234375
08:01:13,91282CLD1,TSRYS5850288,D,S,T,2024-07-30,1000000.00,4.102009,100.13867187
08:01:13,91282CLD1,TSRYS5850288,D,S,T,2024-07-30,1000000.00,4.1101,100.08984375
08:01:13,91282CLD1,TSRYS5850288,D,S,D,2024-07-30,1000000.00,4.107186,100.10742187
08:01:13,91282CLD1,TSRYS5850288,D,S,T,2024-07-30,1000000.00,4.102009,100.13867187
08:01:13,91282CLD1,TSRYS5850288,D,S,D,2024-07-30,1000000.00,4.10751,100.10546875
08:01:13,91282CLD1,TSRYS5850288,D,S,C,2024-07-30,1000000.00,4.102009,100.13867187
08:01:13,91282CLD1,TSRYS5850288,D,S,T,2024-07-30,1000000.00,4.1101,100.08984375
08:01:13,91282CLD1,TSRYS5850288,D,S,T,2024-07-30,1000000.00,4.1101,100.08984375
08:01:13,91282CLD1,TSRYS5850288,D,S,C,2024-07-30,3000000.00,4.10751,100.10546875
08:01:13,91282CLD1,TSRYS5850288,D,S,C,2024-07-30,1000000.00,4.10751,100.10546875
08:01:13,91282CLD1,TSRYS5850288,D,S,D,2024-07-30,1000000.00,4.10751,100.10546875
08:01:13,91282CLD1,TSRYS5850288,D,S,D,2024-07-30,1000000.00,4.10751,100.10546875
08:01:14,91282CLD1,TSRYS5850288,D,S,D,2024-07-30,1000000.00,4.1101,100.08984375
08:01:14,91282CLD1,TSRYS5850288,D,S,D,2024-07-30,1000000.00,4.1101,100.08984375
08:01:14,91282CLD1,TSRYS5850288,D,S,D,2024-07-30,2000000.00,4.10751,100.10546875
08:01:14,91282CLD1,TSRYS5850288,D,S,D,2024-07-30,4850000.00,4.096509,100.171875
08:01:14,91282CLD1,TSRYS5850288,D,S,T,2024-07-30,1000000.00,4.099118,100.15612
08:01:14,91282CLD1,TSRYS5850288,D,S,T,2024-07-30,1000000.00,4.099118,100.15612
08:01:14,91282CLD1,TSRYS5850288,D,S,C,2024-07-30,1000000.00,4.105892,100.11523437
08:01:14,91282CLD1,TSRYS5850288,D,S,C,2024-07-30,1000000.00,4.105892,100.11523437
08:01:14,91282CLD1,TSRYS5850288,D,S,C,2024-07-30,1000000.00,4.105892,100.11523437
08:01:15,91282CLD1,TSRYS5850288,D,S,T,2024-07-30,2000000.00,4.105568,100.1171875
08:01:15,91282CLD1,TSRYS5850288,D,S,T,2024-07-30,1000000.00,4.105568,100.1171875
08:01:15,91282CLD1,TSRYS5850288,D,S,D,2024-07-30,1000000.00,4.105892,100.115234375
08:01:15,91282CLD1,TSRYS5850288,D,B,C,2024-07-30,1000000.00,4.105892,100.115234375
08:01:15,91282CLD1,TSRYS5850288,D,S,T,2024-07-30,2000000.00,4.105568,100.1171875
08:01:15,91282CLD1,TSRYS5850288,D,S,C,2024-07-30,1000000.00,4.102009,100.13867187
08:01:15,91282CLD1,TSRYS5850288,D,S,C,2024-07-30,1000000.00,4.102009,100.13867187
08:01:15,91282CLD1,TSRYS5850288,D,S,C,2024-07-30,1000000.00,4.102009,100.13867187
08:01:15,91282CLD1,TSRYS5850288,D,B,C,2024-07-30,1000000.00,4.106863,100.109375
08:01:15,91282CLD1,TSRYS5850288,D,B,C,2024-07-30,1000000.00,4.106863,100.109375
08:01:15,91282CLD1,TSRYS5850288,D,S,C,2024-07-30,1000000.00,4.102009,100.13867187
08:01:15,91282CLD1,TSRYS5850288,D,S,C,2024-07-30,1000000.00,4.102009,100.13867187
08:01:15,91282CLD1,TSRYS5850288,D,S,T,2024-07-30,1000000.00,4.102009,100.13867187
08:01:15,91282CLD1,TSRYS5850288,D,S,T,2024-07-30,1000000.00,4.102009,100.13867187
08:01:15,91282CLD1,TSRYS5850288,D,S,T,2024-07-30,1000000.00,4.102009,100.13867187
08:01:16,91282CLD1,TSRYS5850288,D,B,C,2024-07-30,1000000.00,4.106863,100.109375
08:01:16,91282CLD1,TSRYS5850288,D,B,C,2024-07-30,1000000.00,4.111719,100.08007812
08:01:16,91282CLD1,TSRYS5850288,D,B,C,2024-07-30,1000000.00,4.111719,100.08007812
08:01:16,91282CLD1,TSRYS5850288,D,B,C,2024-07-30,1000000.00,4.111719,100.08007812
08:01:16,91282CLD1,TSRYS5850288,D,B,C,2024-07-30,2000000.00,4.111719,100.08007812
08:01:16,91282CLD1,TSRYS5850288,D,B,C,2024-07-30,1000000.00,4.109452,100.09375
08:01:16,91282CLD1,TSRYS5850288,D,B,C,2024-07-30,1000000.00,4.108158,100.1015625
08:01:16,91282CLD1,TSRYS5850288,D,B,C,2024-07-30,1000000.00,4.109452,100.09375
08:01:16,91282CLD1,TSRYS5850288,D,S,C,2024-07-30,1000000.00,4.102009,100.13867187
08:01:16,91282CLD1,TSRYS5850288,D,B,C,2024-07-30,1000000.00,4.104597,100.12304687
08:01:16,91282CLD1,TSRYS5850288,D,S,T,2024-07-30,1000000.00,4.102009,100.13867187
08:01:16,91282CLD1,TSRYS5850288,D,S,C,2024-07-30,1000000.00,4.102009,100.13867187
08:01:16,91282CLD1,TSRYS5850288,D,S,T,2024-07-30,2000000.00,4.105568,100.1171875
08:01:17,91282CLD1,TSRYS5850288,D,S,T,2024-07-30,2000000.00,4.104921,100.12109375
08:01:17,91282CLD1,TSRYS5850288,D,B,C,2024-07-30,1000000.00,4.112043,100.078125
08:01:17,91282CLD1,TSRYS5850288,D,B,C,2024-07-30,1000000.00,4.112043,100.078125
08:01:17,91282CLD1,TSRYS5850288,D,S,C,2024-07-30,1000000.00,4.104921,100.12109375
08:01:17,91282CLD1,TSRYS5850288,D,S,D,2024-07-30,1000000.00,4.104921,100.12109375
08:01:17,91282CLD1,TSRYS5850288,D,S,C,2024-07-30,3000000.00,4.104921,100.12109375
08:01:18,91282CLD1,TSRYS5850288,D,S,D,2024-07-30,1000000.00,4.099744,100.15234375
08:01:18,91282CLD1,TSRYS5850288,D,B,C,2024-07-30,1000000.00,4.109452,100.09375
08:01:18,91282CLD1,TSRYS5850288,D,B,C,2024-07-30,1000000.00,4.106215,100.11328125
08:01:18,91282CLD1,TSRYS5850288,D,S,D,2024-07-30,2000000.00,4.099744,100.15234375
08:01:19,91282CLD1,TSRYS5850288,D,S,T,2024-07-30,2000000.00,4.100391,100.1484375
08:01:19,91282CLD1,TSRYS5850288,D,S,T,2024-07-30,1000000.00,4.100391,100.1484375
08:01:19,91282CLD1,TSRYS5850288,D,B,C,2024-07-30,1000000.00,4.109452,100.09375
08:01:19,91282CLD1,TSRYS5850288,D,S,D,2024-07-30,1000000.00,4.109452,100.09375
08:01:19,91282CLD1,TSRYS5850288,D,S,T,2024-07-30,1000000.00,4.100391,100.1484375
08:01:19,91282CLD1,TSRYS5850288,D,S,T,2024-07-30,2000000.00,4.100391,100.1484375
08:01:19,91282CLD1,TSRYS5850288,D,S,D,2024-07-30,1000000.00,4.100391,100.1484375
08:01:19,91282CLD1,TSRYS5850288,D,S,C,2024-07-30,5200000.00,4.093275,100.19140625
08:01:19,91282CLD1,TSRYS5850288,D,B,C,2024-07-30,1000000.00,4.109452,100.09375
08:01:19,91282CLD1,TSRYS5850288,D,S,D,2024-07-30,1000000.00,4.109452,100.09375
08:01:19,91282CLD1,TSRYS5850288,D,S,D,2024-07-30,1000000.00,4.102009,100.13867187
08:01:19,91282CLD1,TSRYS5850288,D,S,T,2024-07-30,1000000.00,4.102009,100.13867187
08:01:19,91282CLD1,TSRYS5850288,D,S,T,2024-07-30,1000000.00,4.102009,100.13867187
08:01:19,91282CLD1,TSRYS5850288,D,S,D,2024-07-30,1000000.00,4.102009,100.13867187
08:01:19,91282CLD1,TSRYS5850288,D,S,T,2024-07-30,2000000.00,4.102009,100.13867187
08:01:19,91282CLD1,TSRYS5850288,D,S,C,2024-07-30,3000000.00,4.102009,100.13867187
08:01:19,91282CLD1,TSRYS5850288,D,S,D,2024-07-30,2000000.00,4.101361,100.14257812
08:01:19,91282CLD1,TSRYS5850288,D,S,D,2024-07-30,1000000.00,4.101685,100.140625
08:01:19,91282CLD1,TSRYS5850288,D,S,D,2024-07-30,1000000.00,4.107186,100.107421875
08:01:20,91282CLD1,TSRYS5850288,D,S,D,2024-07-30,1000000.00,4.108481,100.099609375
08:01:20,91282CLD1,TSRYS5850288,D,S,D,2024-07-30,1000000.00,4.108481,100.099609375
08:01:20,91282CLD1,TSRYS5850288,D,S,C,2024-07-30,2000000.00,4.101038,100.14453125
08:01:20,91282CLD1,TSRYS5850288,D,S,T,2024-07-30,1000000.00,4.097824,100.1639325
08:01:20,91282CLD1,TSRYS5850288,D,S,T,2024-07-30,1000000.00,4.097824,100.1639325
08:01:20,91282CLD1,TSRYS5850288,D,S,T,2024-07-30,1000000.00,4.097824,100.1639325
08:01:20,91282CLD1,TSRYS5850288,D,S,D,2024-07-30,1000000.00,4.100714,100.14648437
08:01:21,91282CLD1,TSRYS5850288,D,S,T,2024-07-30,1000000.00,4.107186,100.10742187
08:01:21,91282CLD1,TSRYS5850288,D,S,T,2024-07-30,1000000.00,4.100391,100.1484375
08:01:21,91282CLD1,TSRYS5850288,D,S,D,2024-07-30,1000000.00,4.100714,100.14648437
08:01:21,91282CLD1,TSRYS5850288,D,S,T,2024-07-30,1000000.00,4.107186,100.10742187
08:01:21,91282CLD1,TSRYS5850288,D,S,T,2024-07-30,1000000.00,4.100391,100.1484375
08:01:21,91282CLD1,TSRYS5850288,D,S,T,2024-07-30,1000000.00,4.100714,100.14648437
08:01:21,91282CLD1,TSRYS5850288,D,S,D,2024-07-30,1000000.00,4.107186,100.10742187
08:01:21,91282CLD1,TSRYS5850288,D,S,C,2024-07-30,1000000.00,4.107186,100.10742187
08:01:21,91282CLD1,TSRYS5850288,D,S,T,2024-07-30,3000000.00,4.100391,100.1484375
08:01:21,91282CLD1,TSRYS5850288,D,S,T,2024-07-30,3000000.00,4.100391,100.1484375
08:01:21,91282CLD1,TSRYS5850288,D,S,C,2024-07-30,1000000.00,4.094569,100.18359375
08:01:21,91282CLD1,TSRYS5850288,D,S,T,2024-07-30,1000000.00,4.097824,100.1639325
08:01:21,91282CLD1,TSRYS5850288,D,S,C,2024-07-30,1000000.00,4.095215,100.1796875
08:01:21,91282CLD1,TSRYS5850288,D,S,D,2024-07-30,1000000.00,4.095215,100.1796875
08:01:21,91282CLD1,TSRYS5850288,D,S,C,2024-07-30,2000000.00,4.101038,100.14453125
08:01:22,91282CLD1,TSRYS5850288,D,S,T,2024-07-30,1000000.00,4.100714,100.14648437
08:01:22,91282CLD1,TSRYS5850288,D,S,D,2024-07-30,1000000.00,4.107186,100.10742187
08:01:22,91282CLD1,TSRYS5850288,D,S,C,2024-07-30,2000000.00,4.100714,100.14648437
08:01:22,91282CLD1,TSRYS5850288,D,S,D,2024-07-30,1000000.00,4.101361,100.14257812
08:01:22,91282CLD1,TSRYS5850288,D,S,T,2024-07-30,1000000.00,4.101361,100.14257812
08:01:22,91282CLD1,TSRYS5850288,D,S,T,2024-07-30,1000000.00,4.101361,100.14257812
08:01:22,91282CLD1,TSRYS5850288,D,S,T,2024-07-30,2000000.00,4.107186,100.10742187
08:01:22,91282CLD1,TSRYS5850288,D,S,T,2024-07-30,1000000.00,4.107186,100.10742187
08:01:22,91282CLD1,TSRYS5850288,D,S,D,2024-07-30,1000000.00,4.099097,100.15625
08:01:23,91282CLD1,TSRYS5850288,D,S,T,2024-07-30,3000000.00,4.101361,100.14257812
08:01:23,91282CLD1,TSRYS5850288,D,S,C,2024-07-30,2000000.00,4.099744,100.15234375
08:01:23,91282CLD1,TSRYS5850288,D,S,T,2024-07-30,2000000.00,4.101361,100.14257812
08:01:23,91282CLD1,TSRYS5850288,D,S,C,2024-07-30,1000000.00,4.101361,100.14257812
08:01:23,91282CLD1,TSRYS5850288,D,S,C,2024-07-30,1000000.00,4.102009,100.13867187
08:01:23,91282CLD1,TSRYS5850288,D,S,A,2024-07-30,2000000.00,4.109452,100.09375
08:01:23,91282CLD1,TSRYS5850288,D,B,C,2024-07-30,1000000.00,4.097803,100.1640625
08:01:23,91282CLD1,TSRYS5850288,D,B,C,2024-07-30,5000000.00,4.105568,100.1171875
08:01:23,91282CLD1,TSRYS5850288,D,S,T,2024-07-30,1000000.00,4.102009,100.13867187
08:01:24,91282CLD1,TSRYS5850288,D,S,C,2024-07-30,1000000.00,4.102009,100.13867187
08:01:24,91282CLD1,TSRYS5850288,D,S,D,2024-07-30,1000000.00,4.104274,100.125
08:01:24,91282CLD1,TSRYS5850288,D,S,C,2024-07-30,1000000.00,4.106215,100.11328125
08:01:24,91282CLD1,TSRYS5850288,D,S,T,2024-07-30,1000000.00,4.108481,100.09960937
08:01:24,91282CLD1,TSRYS5850288,D,B,A,2024-07-30,31600000.00,4.106282,100.11288125
08:01:24,91282CLD1,TSRYS5850288,D,S,D,2024-07-30,1000000.00,4.108481,100.09960937
08:01:24,91282CLD1,TSRYS5850288,D,S,T,2024-07-30,1000000.00,4.105585,100.1170875
08:01:24,91282CLD1,TSRYS5850288,D,S,T,2024-07-30,1000000.00,4.105585,100.1170875
08:01:24,91282CLD1,TSRYS5850288,D,S,T,2024-07-30,1000000.00,4.108481,100.09960937
08:01:24,91282CLD1,TSRYS5850288,D,S,D,2024-07-30,1000000.00,4.108481,100.09960937
08:01:24,91282CLD1,TSRYS5850288,D,S,T,2024-07-30,1000000.00,4.105585,100.1170875
08:01:24,91282CLD1,TSRYS5850288,D,S,T,2024-07-30,2000000.00,4.105568,100.1171875
08:01:24,91282CLD1,TSRYS5850288,D,S,T,2024-07-30,1000000.00,4.105568,100.1171875
08:01:24,91282CLD1,TSRYS5850288,D,S,T,2024-07-30,1000000.00,4.105568,100.1171875
08:01:24,91282CLD1,TSRYS5850288,D,S,D,2024-07-30,1000000.00,4.105245,100.11914062
08:01:24,91282CLD1,TSRYS5850288,D,S,T,2024-07-30,1000000.00,4.105568,100.1171875
08:01:24,91282CLD1,TSRYS5850288,D,S,T,2024-07-30,1000000.00,4.105568,100.1171875
08:01:24,91282CLD1,TSRYS5850288,D,S,T,2024-07-30,1000000.00,4.105568,100.1171875
08:01:24,91282CLD1,TSRYS5850288,D,S,D,2024-07-30,1000000.00,4.109129,100.095703125
08:01:24,91282CLD1,TSRYS5850288,D,S,D,2024-07-30,2000000.00,4.105245,100.11914062
08:01:24,91282CLD1,TSRYS5850288,D,S,D,2024-07-30,1000000.00,4.105245,100.11914062
08:01:24,91282CLD1,TSRYS5850288,D,S,T,2024-07-30,1000000.00,4.105568,100.1171875
08:01:24,91282CLD1,TSRYS5850288,D,S,T,2024-07-30,1000000.00,4.105568,100.1171875
08:01:24,91282CLD1,TSRYS5850288,D,S,D,2024-07-30,3000000.00,4.109129,100.095703125
08:01:24,91282CLD1,TSRYS5850288,D,S,D,2024-07-30,2000000.00,4.109129,100.095703125
08:01:24,91282CLD1,TSRYS5850288,D,S,D,2024-07-30,1000000.00,4.109452,100.09375
08:01:24,91282CLD1,TSRYS5850288,D,S,T,2024-07-30,1000000.00,4.105568,100.1171875
08:01:24,91282CLD1,TSRYS5850288,D,S,T,2024-07-30,1000000.00,4.105568,100.1171875
08:01:24,91282CLD1,TSRYS5850288,D,S,T,2024-07-30,1000000.00,4.105568,100.1171875
08:01:24,91282CLD1,TSRYS5850288,D,S,D,2024-07-30,1000000.00,4.108805,100.09765625
08:01:24,91282CLD1,TSRYS5850288,D,S,T,2024-07-30,1000000.00,4.105568,100.1171875
08:01:24,91282CLD1,TSRYS5850288,D,S,D,2024-07-30,3000000.00,4.108805,100.09765625
08:01:24,91282CLD1,TSRYS5850288,D,S,T,2024-07-30,1000000.00,4.105568,100.1171875
08:01:24,91282CLD1,TSRYS5850288,D,S,D,2024-07-30,2000000.00,4.108805,100.09765625
08:01:24,91282CLD1,TSRYS5850288,D,S,T,2024-07-30,1000000.00,4.105568,100.1171875
08:01:24,91282CLD1,TSRYS5850288,D,S,T,2024-07-30,1000000.00,4.105568,100.1171875
08:01:24,91282CLD1,TSRYS5850288,D,S,T,2024-07-30,1000000.00,4.105568,100.1171875
08:01:24,91282CLD1,TSRYS5850288,D,S,T,2024-07-30,1000000.00,4.109129,100.09570312
08:01:24,91282CLD1,TSRYS5850288,D,S,D,2024-07-30,2000000.00,4.105245,100.11914062
08:01:24,91282CLD1,TSRYS5850288,D,S,T,2024-07-30,1000000.00,4.105568,100.1171875
08:01:24,91282CLD1,TSRYS5850288,D,S,T,2024-07-30,1000000.00,4.105585,100.1170875
08:01:24,91282CLD1,TSRYS5850288,D,S,T,2024-07-30,1000000.00,4.105585,100.1170875
08:01:24,91282CLD1,TSRYS5850288,D,S,T,2024-07-30,1000000.00,4.105568,100.1171875
08:01:24,91282CLD1,TSRYS5850288,D,S,T,2024-07-30,1000000.00,4.105568,100.1171875
08:01:24,91282CLD1,TSRYS5850288,D,S,D,2024-07-30,1000000.00,4.105245,100.11914062
08:01:24,91282CLD1,TSRYS5850288,D,S,T,2024-07-30,1000000.00,4.105568,100.1171875
08:01:25,91282CLD1,TSRYS5850288,D,S,T,2024-07-30,1000000.00,4.105568,100.1171875
08:01:25,91282CLD1,TSRYS5850288,D,S,D,2024-07-30,2000000.00,4.109129,100.09570312
08:01:25,91282CLD1,TSRYS5850288,D,S,D,2024-07-30,2000000.00,4.109129,100.09570312
08:01:25,91282CLD1,TSRYS5850288,D,S,T,2024-07-30,1000000.00,4.105585,100.1170875
08:01:25,91282CLD1,TSRYS5850288,D,S,T,2024-07-30,1000000.00,4.105585,100.1170875
08:01:25,91282CLD1,TSRYS5850288,D,S,D,2024-07-30,3000000.00,4.104921,100.12109375
08:01:25,91282CLD1,TSRYS5850288,D,S,T,2024-07-30,1000000.00,4.105568,100.1171875
08:01:25,91282CLD1,TSRYS5850288,D,S,T,2024-07-30,1000000.00,4.105568,100.1171875
08:01:25,91282CLD1,TSRYS5850288,D,S,D,2024-07-30,2000000.00,4.109129,100.09570312
08:01:25,91282CLD1,TSRYS5850288,D,S,T,2024-07-30,3000000.00,4.109129,100.09570312
08:01:25,91282CLD1,TSRYS5850288,D,S,T,2024-07-30,2000000.00,4.109129,100.09570312
08:01:25,91282CLD1,TSRYS5850288,D,S,D,2024-07-30,1000000.00,4.109129,100.09570312
08:01:26,91282CLD1,TSRYS5850288,D,S,T,2024-07-30,2000000.00,4.104274,100.125
08:01:26,91282CLD1,TSRYS5850288,D,S,D,2024-07-30,1000000.00,4.106863,100.109375
08:01:26,91282CLD1,TSRYS5850288,D,S,D,2024-07-30,1000000.00,4.095215,100.1796875
08:01:26,91282CLD1,TSRYS5850288,D,S,D,2024-07-30,1000000.00,4.095215,100.1796875
08:01:26,91282CLD1,TSRYS5850288,D,B,C,2024-07-30,1000000.00,4.111719,100.08007812
08:01:26,91282CLD1,TSRYS5850288,D,S,D,2024-07-30,1000000.00,4.099744,100.15234375
08:01:26,91282CLD1,TSRYS5850288,D,B,C,2024-07-30,1000000.00,4.111719,100.08007812
08:01:26,91282CLD1,TSRYS5850288,D,S,D,2024-07-30,2000000.00,4.104274,100.125
08:01:26,91282CLD1,TSRYS5850288,D,S,D,2024-07-30,2000000.00,4.104274,100.125
08:01:26,91282CLD1,TSRYS5850288,D,S,D,2024-07-30,1000000.00,4.104274,100.125
08:01:26,91282CLD1,TSRYS5850288,D,S,C,2024-07-30,2000000.00,4.104274,100.125
08:01:26,91282CLD1,TSRYS5850288,D,S,D,2024-07-30,1000000.00,4.099097,100.15625
08:01:26,91282CLD1,TSRYS5850288,D,S,T,2024-07-30,2000000.00,4.104274,100.125
08:01:26,91282CLD1,TSRYS5850288,D,S,C,2024-07-30,3000000.00,4.1101,100.08984375
08:01:26,91282CLD1,TSRYS5850288,D,S,C,2024-07-30,2000000.00,4.1101,100.08984375
08:01:26,91282CLD1,TSRYS5850288,D,B,A,2024-07-30,1000000.00,4.109776,100.091796875
08:01:26,91282CLD1,TSRYS5850288,D,S,T,2024-07-30,1000000.00,4.109793,100.091696875
08:01:26,91282CLD1,TSRYS5850288,D,B,A,2024-07-30,1000000.00,4.109776,100.091796875
08:01:26,91282CLD1,TSRYS5850288,D,S,T,2024-07-30,1000000.00,4.109793,100.091696875
08:01:26,91282CLD1,TSRYS5850288,D,B,A,2024-07-30,1000000.00,4.109776,100.091796875
08:01:26,91282CLD1,TSRYS5850288,D,S,T,2024-07-30,1000000.00,4.109793,100.091696875
08:01:26,91282CLD1,TSRYS5850288,D,S,C,2024-07-30,1000000.00,4.1101,100.08984375
08:01:26,91282CLD1,TSRYS5850288,D,S,C,2024-07-30,2000000.00,4.1101,100.08984375
08:01:26,91282CLD1,TSRYS5850288,D,S,C,2024-07-30,1000000.00,4.1101,100.08984375
08:01:26,91282CLD1,TSRYS5850288,D,S,T,2024-07-30,1000000.00,4.100391,100.1484375
08:01:26,91282CLD1,TSRYS5850288,D,S,T,2024-07-30,1000000.00,4.104921,100.12109375
08:01:26,91282CLD1,TSRYS5850288,D,S,T,2024-07-30,1000000.00,4.104921,100.12109375
08:01:26,91282CLD1,TSRYS5850288,D,S,C,2024-07-30,1000000.00,4.1101,100.08984375
08:01:26,91282CLD1,TSRYS5850288,D,S,T,2024-07-30,1000000.00,4.104921,100.12109375
08:01:26,91282CLD1,TSRYS5850288,D,S,D,2024-07-30,2000000.00,4.1101,100.08984375
08:01:26,91282CLD1,TSRYS5850288,D,B,C,2024-07-30,1000000.00,4.109129,100.09570312
08:01:26,91282CLD1,TSRYS5850288,D,B,A,2024-07-30,522000.00,4.105568,100.1171875
08:01:27,91282CLD1,TSRYS5850288,D,B,C,2024-07-30,1000000.00,4.106215,100.11328125
08:01:27,91282CLD1,TSRYS5850288,D,S,D,2024-07-30,1000000.00,4.1101,100.08984375
08:01:27,91282CLD1,TSRYS5850288,D,S,D,2024-07-30,1000000.00,4.1101,100.08984375
08:01:27,91282CLD1,TSRYS5850288,D,S,T,2024-07-30,1000000.00,4.1101,100.08984375
08:01:27,91282CLD1,TSRYS5850288,D,S,T,2024-07-30,1000000.00,4.1101,100.08984375
08:01:27,91282CLD1,TSRYS5850288,D,S,D,2024-07-30,1000000.00,4.104921,100.12109375
08:01:27,91282CLD1,TSRYS5850288,D,S,D,2024-07-30,1000000.00,4.104921,100.12109375
08:01:27,91282CLD1,TSRYS5850288,D,S,T,2024-07-30,1000000.00,4.103626,100.12890625
08:01:27,91282CLD1,TSRYS5850288,D,S,D,2024-07-30,1000000.00,4.104921,100.12109375
08:01:27,91282CLD1,TSRYS5850288,D,S,T,2024-07-30,1000000.00,4.103626,100.12890625
08:01:27,91282CLD1,TSRYS5850288,D,S,T,2024-07-30,1000000.00,4.103626,100.12890625
08:01:27,91282CLD1,TSRYS5850288,D,S,D,2024-07-30,1000000.00,4.104921,100.12109375
08:01:27,91282CLD1,TSRYS5850288,D,S,T,2024-07-30,1000000.00,4.103626,100.12890625
08:01:27,91282CLD1,TSRYS5850288,D,S,T,2024-07-30,1000000.00,4.103626,100.12890625
08:01:27,91282CLD1,TSRYS5850288,D,B,C,2024-07-30,35000.00,4.097803,100.1640625
08:01:27,91282CLD1,TSRYS5850288,D,S,T,2024-07-30,1000000.00,4.1101,100.08984375
08:01:27,91282CLD1,TSRYS5850288,D,S,T,2024-07-30,1000000.00,4.102996,100.1327105
08:01:27,91282CLD1,TSRYS5850288,D,S,T,2024-07-30,1000000.00,4.102996,100.1327105
08:01:27,91282CLD1,TSRYS5850288,D,S,T,2024-07-30,1000000.00,4.102996,100.1327105
08:01:27,91282CLD1,TSRYS5850288,D,S,T,2024-07-30,1000000.00,4.1101,100.08984375
08:01:27,91282CLD1,TSRYS5850288,D,S,T,2024-07-30,1000000.00,4.102996,100.1327105
08:01:27,91282CLD1,TSRYS5850288,D,S,T,2024-07-30,1000000.00,4.102996,100.1327105
08:01:27,91282CLD1,TSRYS5850288,D,S,T,2024-07-30,1000000.00,4.102996,100.1327105
08:01:27,91282CLD1,TSRYS5850288,D,S,T,2024-07-30,1000000.00,4.1101,100.08984375
08:01:27,91282CLD1,TSRYS5850288,D,S,D,2024-07-30,1000000.00,4.104921,100.12109375
08:01:27,91282CLD1,TSRYS5850288,D,S,D,2024-07-30,1000000.00,4.104921,100.12109375
08:01:27,91282CLD1,TSRYS5850288,D,S,T,2024-07-30,1000000.00,4.1101,100.08984375
08:01:27,91282CLD1,TSRYS5850288,D,S,D,2024-07-30,1000000.00,4.1101,100.08984375
08:01:27,91282CLD1,TSRYS5850288,D,S,D,2024-07-30,1000000.00,4.1101,100.08984375
08:01:27,91282CLD1,TSRYS5850288,D,S,D,2024-07-30,1000000.00,4.1101,100.08984375
08:01:28,91282CLD1,TSRYS5850288,D,S,D,2024-07-30,1000000.00,4.104921,100.12109375
08:01:28,91282CLD1,TSRYS5850288,D,S,D,2024-07-30,1000000.00,4.1101,100.08984375
08:01:28,91282CLD1,TSRYS5850288,D,S,T,2024-07-30,1000000.00,4.1101,100.08984375
08:01:28,91282CLD1,TSRYS5850288,D,S,D,2024-07-30,1000000.00,4.1101,100.08984375
08:01:28,91282CLD1,TSRYS5850288,D,S,D,2024-07-30,1000000.00,4.1101,100.08984375
08:01:28,91282CLD1,TSRYS5850288,D,S,T,2024-07-30,1000000.00,4.1101,100.08984375
08:01:28,91282CLD1,TSRYS5850288,D,S,C,2024-07-30,1000000.00,4.1101,100.08984375
08:01:28,91282CLD1,TSRYS5850288,D,S,D,2024-07-30,1000000.00,4.1101,100.08984375
08:01:28,91282CLD1,TSRYS5850288,D,S,D,2024-07-30,1000000.00,4.1101,100.08984375
08:01:28,91282CLD1,TSRYS5850288,D,S,D,2024-07-30,1000000.00,4.104921,100.12109375
08:01:28,91282CLD1,TSRYS5850288,D,S,T,2024-07-30,1000000.00,4.095215,100.1796875
08:01:28,91282CLD1,TSRYS5850288,D,B,C,2024-07-30,1000000.00,4.106215,100.11328125
08:01:28,91282CLD1,TSRYS5850288,D,S,T,2024-07-30,1000000.00,4.095215,100.1796875
08:01:28,91282CLD1,TSRYS5850288,D,S,D,2024-07-30,1000000.00,4.104921,100.12109375
08:01:28,91282CLD1,TSRYS5850288,D,S,C,2024-07-30,3000000.00,4.104921,100.12109375
08:01:28,91282CLD1,TSRYS5850288,D,S,C,2024-07-30,2000000.00,4.104921,100.12109375
08:01:28,91282CLD1,TSRYS5850288,D,S,T,2024-07-30,1000000.00,4.101685,100.140625
08:01:28,91282CLD1,TSRYS5850288,D,S,T,2024-07-30,1000000.00,4.101685,100.140625
08:01:29,91282CLD1,TSRYS5850288,D,S,T,2024-07-30,3000000.00,4.105245,100.11914062
08:01:29,91282CLD1,TSRYS5850288,D,S,T,2024-07-30,1000000.00,4.105245,100.11914062
08:01:29,91282CLD1,TSRYS5850288,D,S,D,2024-07-30,1000000.00,4.105245,100.11914062
08:01:29,91282CLD1,TSRYS5850288,D,S,T,2024-07-30,1000000.00,4.105245,100.11914062
08:01:29,91282CLD1,TSRYS5850288,D,S,C,2024-07-30,3000000.00,4.105245,100.11914062
08:01:29,91282CLD1,TSRYS5850288,D,S,C,2024-07-30,1000000.00,4.105245,100.11914062
08:01:29,91282CLD1,TSRYS5850288,D,S,C,2024-07-30,1000000.00,4.105245,100.11914062
08:01:29,91282CLD1,TSRYS5850288,D,S,D,2024-07-30,1000000.00,4.105245,100.11914062
08:01:29,91282CLD1,TSRYS5850288,D,S,T,2024-07-30,1000000.00,4.105245,100.11914062
08:01:29,91282CLD1,TSRYS5850288,D,S,T,2024-07-30,1000000.00,4.095215,100.1796875
08:01:29,91282CLD1,TSRYS5850288,D,S,T,2024-07-30,1000000.00,4.095215,100.1796875
08:01:30,91282CLD1,TSRYS5850288,D,S,T,2024-07-30,2000000.00,4.102656,100.13476562
08:01:30,91282CLD1,TSRYS5850288,D,S,T,2024-07-30,1000000.00,4.102656,100.13476562
08:01:30,91282CLD1,TSRYS5850288,D,S,D,2024-07-30,3000000.00,4.105245,100.119140625
08:01:30,91282CLD1,TSRYS5850288,D,S,D,2024-07-30,1000000.00,4.102656,100.13476562
08:01:30,91282CLD1,TSRYS5850288,D,S,T,2024-07-30,1000000.00,4.102656,100.13476562
08:01:30,91282CLD1,TSRYS5850288,D,S,D,2024-07-30,1000000.00,4.105245,100.119140625
08:01:30,91282CLD1,TSRYS5850288,D,S,D,2024-07-30,1000000.00,4.105245,100.119140625
08:01:30,91282CLD1,TSRYS5850288,D,S,D,2024-07-30,1000000.00,4.105245,100.119140625
08:01:30,91282CLD1,TSRYS5850288,D,S,T,2024-07-30,1000000.00,4.093922,100.1875
08:01:30,91282CLD1,TSRYS5850288,D,S,T,2024-07-30,1000000.00,4.093922,100.1875
08:01:30,91282CLD1,TSRYS5850288,D,S,C,2024-07-30,80000000.00,4.104983,100.12072
08:01:30,91282CLD1,TSRYS5850288,D,S,T,2024-07-30,1000000.00,4.103626,100.12890625
08:01:30,91282CLD1,TSRYS5850288,D,S,T,2024-07-30,1000000.00,4.103626,100.12890625
08:01:30,91282CLD1,TSRYS5850288,D,S,T,2024-07-30,1000000.00,4.103626,100.12890625
08:01:31,91282CLD1,TSRYS5850288,D,S,T,2024-07-30,1000000.00,4.102996,100.1327105
08:01:31,91282CLD1,TSRYS5850288,D,S,T,2024-07-30,1000000.00,4.095215,100.1796875
08:01:31,91282CLD1,TSRYS5850288,D,S,T,2024-07-30,1000000.00,4.095215,100.1796875
08:01:31,91282CLD1,TSRYS5850288,D,S,T,2024-07-30,1000000.00,4.095215,100.1796875
08:01:32,91282CLD1,TSRYS5850288,D,S,T,2024-07-30,1000000.00,4.095215,100.1796875
08:01:32,91282CLD1,TSRYS5850288,D,S,T,2024-07-30,1000000.00,4.095215,100.1796875
08:01:32,91282CLD1,TSRYS5850288,D,S,T,2024-07-30,1000000.00,4.095215,100.1796875
08:01:33,91282CLD1,TSRYS5850288,D,S,D,2024-07-30,2000000.00,4.102656,100.134765625
08:01:33,91282CLD1,TSRYS5850288,D,S,T,2024-07-30,1000000.00,4.093922,100.1875
08:01:33,91282CLD1,TSRYS5850288,D,S,D,2024-07-30,1000000.00,4.102656,100.134765625
08:01:33,91282CLD1,TSRYS5850288,D,S,D,2024-07-30,1000000.00,4.102656,100.134765625
08:01:33,91282CLD1,TSRYS5850288,D,S,T,2024-07-30,1000000.00,4.106863,100.109375
08:01:33,91282CLD1,TSRYS5850288,D,S,T,2024-07-30,1000000.00,4.093922,100.1875
08:01:33,91282CLD1,TSRYS5850288,D,S,T,2024-07-30,2000000.00,4.093922,100.1875
08:01:33,91282CLD1,TSRYS5850288,D,S,T,2024-07-30,1000000.00,4.093922,100.1875
08:01:33,91282CLD1,TSRYS5850288,D,S,D,2024-07-30,2000000.00,4.102332,100.13671875
08:01:33,91282CLD1,TSRYS5850288,D,S,D,2024-07-30,1000000.00,4.102009,100.138671875
08:01:33,91282CLD1,TSRYS5850288,D,B,C,2024-07-30,1000000.00,4.101685,100.140625
08:01:33,91282CLD1,TSRYS5850288,D,S,T,2024-07-30,1000000.00,4.093922,100.1875
08:01:34,91282CLD1,TSRYS5850288,D,S,T,2024-07-30,1000000.00,4.093922,100.1875
08:01:34,91282CLD1,TSRYS5850288,D,S,D,2024-07-30,1000000.00,4.101685,100.140625
08:01:34,91282CLD1,TSRYS5850288,D,S,D,2024-07-30,1000000.00,4.102009,100.138671875
08:01:34,91282CLD1,TSRYS5850288,D,B,C,2024-07-30,5000000.00,4.102009,100.138671875
08:01:34,91282CLD1,TSRYS5850288,D,S,D,2024-07-30,5000000.00,4.102009,100.138671875
08:01:34,91282CLD1,TSRYS5850288,D,S,D,2024-07-30,2000000.00,4.102009,100.138671875
08:01:34,91282CLD1,TSRYS5850288,D,S,D,2024-07-30,1000000.00,4.102009,100.138671875
08:01:34,91282CLD1,TSRYS5850288,D,S,D,2024-07-30,1000000.00,4.101685,100.140625
08:01:34,91282CLD1,TSRYS5850288,D,S,D,2024-07-30,3000000.00,4.101685,100.140625
08:01:34,91282CLD1,TSRYS5850288,D,S,D,2024-07-30,1000000.00,4.101685,100.140625
08:01:34,91282CLD1,TSRYS5850288,D,S,D,2024-07-30,1000000.00,4.101685,100.140625
08:01:34,91282CLD1,TSRYS5850288,D,S,D,2024-07-30,2000000.00,4.101685,100.140625
08:01:34,91282CLD1,TSRYS5850288,D,S,D,2024-07-30,1000000.00,4.101685,100.140625
08:01:34,91282CLD1,TSRYS5850288,D,S,D,2024-07-30,1000000.00,4.101685,100.140625
08:01:35,91282CLD1,TSRYS5850288,D,S,T,2024-07-30,1000000.00,4.095215,100.1796875
08:01:35,91282CLD1,TSRYS5850288,D,S,T,2024-07-30,1000000.00,4.095215,100.1796875
08:01:35,91282CLD1,TSRYS5850288,D,S,T,2024-07-30,1000000.00,4.095215,100.1796875
08:01:36,91282CLD1,TSRYS5850288,D,S,T,2024-07-30,1000000.00,4.095215,100.1796875
08:01:37,91282CLD1,TSRYS5850288,D,S,T,2024-07-30,1000000.00,4.093922,100.1875
08:01:37,91282CLD1,TSRYS5850288,D,S,T,2024-07-30,1000000.00,4.093922,100.1875
08:01:37,91282CLD1,TSRYS5850288,D,S,T,2024-07-30,1000000.00,4.093922,100.1875
08:01:37,91282CLD1,TSRYS5850288,D,S,T,2024-07-30,1000000.00,4.093922,100.1875
08:01:37,91282CLD1,TSRYS5850288,D,S,D,2024-07-30,1000000.00,4.1101,100.08984375
08:01:37,91282CLD1,TSRYS5850288,D,S,T,2024-07-30,2000000.00,4.093922,100.1875
08:01:37,91282CLD1,TSRYS5850288,D,S,D,2024-07-30,1000000.00,4.109776,100.09179687
08:01:37,91282CLD1,TSRYS5850288,D,S,D,2024-07-30,1000000.00,4.109776,100.09179687
08:01:37,91282CLD1,TSRYS5850288,D,S,T,2024-07-30,1000000.00,4.109776,100.09179687
08:01:37,91282CLD1,TSRYS5850288,D,S,T,2024-07-30,1000000.00,4.109776,100.09179687
08:01:37,91282CLD1,TSRYS5850288,D,S,T,2024-07-30,1000000.00,4.109776,100.09179687
08:01:37,91282CLD1,TSRYS5850288,D,S,T,2024-07-30,1000000.00,4.095215,100.1796875
08:01:37,91282CLD1,TSRYS5850288,D,S,T,2024-07-30,1000000.00,4.109776,100.09179687
08:01:37,91282CLD1,TSRYS5850288,D,S,T,2024-07-30,1000000.00,4.095215,100.1796875
08:01:37,91282CLD1,TSRYS5850288,D,S,T,2024-07-30,1000000.00,4.109776,100.09179687
08:01:37,91282CLD1,TSRYS5850288,D,S,T,2024-07-30,1000000.00,4.109776,100.09179687
08:01:37,91282CLD1,TSRYS5850288,D,S,T,2024-07-30,1000000.00,4.109776,100.09179687
08:01:37,91282CLD1,TSRYS5850288,D,S,D,2024-07-30,1000000.00,4.109776,100.09179687
08:01:37,91282CLD1,TSRYS5850288,D,S,T,2024-07-30,1000000.00,4.109452,100.09375
08:01:37,91282CLD1,TSRYS5850288,D,S,D,2024-07-30,1000000.00,4.106215,100.11328125
08:01:37,91282CLD1,TSRYS5850288,D,S,T,2024-07-30,1000000.00,4.095215,100.1796875
08:01:37,91282CLD1,TSRYS5850288,D,S,T,2024-07-30,1000000.00,4.106215,100.11328125
08:01:37,91282CLD1,TSRYS5850288,D,S,T,2024-07-30,1000000.00,4.106215,100.11328125
08:01:37,91282CLD1,TSRYS5850288,D,S,T,2024-07-30,1000000.00,4.106215,100.11328125
08:01:37,91282CLD1,TSRYS5850288,D,S,D,2024-07-30,1000000.00,4.106215,100.11328125
08:01:37,91282CLD1,TSRYS5850288,D,S,D,2024-07-30,2000000.00,4.106215,100.11328125
08:01:37,91282CLD1,TSRYS5850288,D,S,D,2024-07-30,1000000.00,4.102009,100.138671875
08:01:37,91282CLD1,TSRYS5850288,D,S,D,2024-07-30,1000000.00,4.102009,100.138671875
08:01:37,91282CLD1,TSRYS5850288,D,S,D,2024-07-30,1000000.00,4.102009,100.138671875
08:01:37,91282CLD1,TSRYS5850288,D,S,D,2024-07-30,1000000.00,4.106215,100.11328125
08:01:37,91282CLD1,TSRYS5850288,D,S,D,2024-07-30,2000000.00,4.106215,100.11328125
08:01:38,91282CLD1,TSRYS5850288,D,S,C,2024-07-30,1000000.00,4.106539,100.11132812
08:01:38,91282CLD1,TSRYS5850288,D,S,C,2024-07-30,1000000.00,4.106539,100.11132812
08:01:38,91282CLD1,TSRYS5850288,D,S,C,2024-07-30,1000000.00,4.106539,100.11132812
08:01:38,91282CLD1,TSRYS5850288,D,S,C,2024-07-30,1000000.00,4.106539,100.11132812
08:01:38,91282CLD1,TSRYS5850288,D,S,C,2024-07-30,1000000.00,4.106539,100.11132812
08:01:38,91282CLD1,TSRYS5850288,D,S,D,2024-07-30,2000000.00,4.102009,100.138671875
08:01:38,91282CLD1,TSRYS5850288,D,S,D,2024-07-30,1000000.00,4.106863,100.109375
08:01:38,91282CLD1,TSRYS5850288,D,S,D,2024-07-30,2000000.00,4.106863,100.109375
08:01:38,91282CLD1,TSRYS5850288,D,S,D,2024-07-30,1000000.00,4.106863,100.109375
08:01:38,91282CLD1,TSRYS5850288,D,S,D,2024-07-30,1000000.00,4.106863,100.109375
08:01:38,91282CLD1,TSRYS5850288,D,S,D,2024-07-30,2000000.00,4.106863,100.109375
08:01:38,91282CLD1,TSRYS5850288,D,S,T,2024-07-30,1000000.00,4.106863,100.109375
08:01:38,91282CLD1,TSRYS5850288,D,S,C,2024-07-30,1000000.00,4.108481,100.09960937
08:01:38,91282CLD1,TSRYS5850288,D,S,D,2024-07-30,1000000.00,4.108481,100.09960937
08:01:38,91282CLD1,TSRYS5850288,D,S,D,2024-07-30,1000000.00,4.108481,100.09960937
08:01:39,91282CLD1,TSRYS5850288,D,S,T,2024-07-30,1000000.00,4.108481,100.09960937
08:01:39,91282CLD1,TSRYS5850288,D,S,D,2024-07-30,1000000.00,4.108805,100.09765625
08:01:39,91282CLD1,TSRYS5850288,D,S,D,2024-07-30,1000000.00,4.108805,100.09765625
08:01:39,91282CLD1,TSRYS5850288,D,S,D,2024-07-30,1000000.00,4.108805,100.09765625
08:01:39,91282CLD1,TSRYS5850288,D,S,T,2024-07-30,1000000.00,4.108481,100.09960937
08:01:39,91282CLD1,TSRYS5850288,D,S,T,2024-07-30,1000000.00,4.093922,100.1875
08:01:39,91282CLD1,TSRYS5850288,D,S,T,2024-07-30,1000000.00,4.093922,100.1875
08:01:39,91282CLD1,TSRYS5850288,D,S,D,2024-07-30,2000000.00,4.100391,100.1484375
08:01:39,91282CLD1,TSRYS5850288,D,S,T,2024-07-30,1000000.00,4.093922,100.1875
08:01:39,91282CLD1,TSRYS5850288,D,S,D,2024-07-30,1000000.00,4.100391,100.1484375
08:01:39,91282CLD1,TSRYS5850288,D,S,D,2024-07-30,2000000.00,4.100391,100.1484375
08:01:39,91282CLD1,TSRYS5850288,D,S,D,2024-07-30,1000000.00,4.100391,100.1484375
08:01:39,91282CLD1,TSRYS5850288,D,S,D,2024-07-30,1000000.00,4.100391,100.1484375
08:01:39,91282CLD1,TSRYS5850288,D,S,D,2024-07-30,1000000.00,4.100391,100.1484375
08:01:39,91282CLD1,TSRYS5850288,D,S,D,2024-07-30,1000000.00,4.100714,100.146484375
08:01:39,91282CLD1,TSRYS5850288,D,S,D,2024-07-30,1000000.00,4.100714,100.146484375
08:01:40,91282CLD1,TSRYS5850288,D,S,D,2024-07-30,1000000.00,4.101361,100.142578125
08:01:40,91282CLD1,TSRYS5850288,D,S,D,2024-07-30,1000000.00,4.101361,100.142578125
08:01:40,91282CLD1,TSRYS5850288,D,S,D,2024-07-30,3000000.00,4.101361,100.142578125
08:01:40,91282CLD1,TSRYS5850288,D,S,D,2024-07-30,2000000.00,4.101361,100.142578125
08:01:40,91282CLD1,TSRYS5850288,D,S,C,2024-07-30,1000000.00,4.102009,100.138671875
08:01:40,91282CLD1,TSRYS5850288,D,S,D,2024-07-30,1000000.00,4.102009,100.138671875
08:01:41,91282CLD1,TSRYS5850288,D,S,D,2024-07-30,1000000.00,4.102009,100.138671875
08:01:41,91282CLD1,TSRYS5850288,D,S,C,2024-07-30,1000000.00,4.102009,100.138671875
08:01:41,91282CLD1,TSRYS5850288,D,S,C,2024-07-30,1000000.00,4.102009,100.138671875
08:01:41,91282CLD1,TSRYS5850288,D,S,D,2024-07-30,1000000.00,4.102009,100.138671875
08:01:41,91282CLD1,TSRYS5850288,D,S,C,2024-07-30,1000000.00,4.102009,100.138671875
08:01:41,91282CLD1,TSRYS5850288,D,S,C,2024-07-30,1000000.00,4.102009,100.138671875
08:01:42,91282CLD1,TSRYS5850288,D,S,C,2024-07-30,9900000.00,4.100391,100.1484375
08:01:45,91282CLD1,TSRYS5850288,D,S,T,2024-07-30,2000000.00,4.108158,100.1015625
08:01:46,91282CLD1,TSRYS5850288,D,B,C,2024-07-30,1000000.00,4.107186,100.10742187
08:01:46,91282CLD1,TSRYS5850288,D,S,T,2024-07-30,1000000.00,4.095215,100.1796875
08:01:48,91282CLD1,TSRYS5850288,D,S,T,2024-07-30,1000000.00,4.110747,100.0859375
08:01:49,91282CLD1,TSRYS5850288,D,S,T,2024-07-30,1000000.00,4.093922,100.1875
08:01:49,91282CLD1,TSRYS5850288,D,S,T,2024-07-30,1000000.00,4.095215,100.1796875
08:01:51,91282CLD1,TSRYS5850288,D,S,T,2024-07-30,1000000.00,4.095215,100.1796875
08:01:51,91282CLD1,TSRYS5850288,D,S,T,2024-07-30,1000000.00,4.095215,100.1796875
08:01:51,91282CLD1,TSRYS5850288,D,S,T,2024-07-30,1000000.00,4.105568,100.1171875
08:01:52,91282CLD1,TSRYS5850288,D,S,A,2024-07-30,1000000.00,4.109452,100.09375
08:01:53,91282CLD1,TSRYS5850288,D,S,A,2024-07-30,1000000.00,4.109452,100.09375
08:01:53,91282CLD1,TSRYS5850288,D,S,D,2024-07-30,1000000.00,4.1101,100.08984375
08:01:53,91282CLD1,TSRYS5850288,D,S,D,2024-07-30,1000000.00,4.1101,100.08984375
08:01:53,91282CLD1,TSRYS5850288,D,S,T,2024-07-30,1000000.00,4.094245,100.18554688
08:01:53,91282CLD1,TSRYS5850288,D,S,D,2024-07-30,1000000.00,4.1101,100.08984375
08:01:53,91282CLD1,TSRYS5850288,D,B,A,2024-07-30,1000000.00,4.094245,100.18554688
08:01:53,91282CLD1,TSRYS5850288,D,S,T,2024-07-30,1000000.00,4.101706,100.1405
08:01:54,91282CLD1,TSRYS5850288,D,S,D,2024-07-30,1000000.00,4.1101,100.08984375
08:01:54,91282CLD1,TSRYS5850288,D,S,D,2024-07-30,1000000.00,4.1101,100.08984375
08:01:54,91282CLD1,TSRYS5850288,D,S,A,2024-07-30,3000000.00,4.108158,100.1015625
08:01:54,91282CLD1,TSRYS5850288,D,S,D,2024-07-30,1000000.00,4.1101,100.08984375
08:01:54,91282CLD1,TSRYS5850288,D,B,A,2024-07-30,1000000.00,4.094892,100.18164063
08:01:54,91282CLD1,TSRYS5850288,D,S,T,2024-07-30,1000000.00,4.094892,100.18164063
08:01:54,91282CLD1,TSRYS5850288,D,B,A,2024-07-30,1000000.00,4.094892,100.18164063
08:01:54,91282CLD1,TSRYS5850288,D,S,T,2024-07-30,1000000.00,4.094892,100.18164063
08:01:55,91282CLD1,TSRYS5850288,D,S,D,2024-07-30,1000000.00,4.094569,100.18359375
08:01:55,91282CLD1,TSRYS5850288,D,S,C,2024-07-30,1000000.00,4.094569,100.18359375
08:01:55,91282CLD1,TSRYS5850288,D,S,D,2024-07-30,1000000.00,4.094569,100.18359375
08:01:55,91282CLD1,TSRYS5850288,D,S,T,2024-07-30,1000000.00,4.094569,100.18359375
08:01:55,91282CLD1,TSRYS5850288,D,S,C,2024-07-30,1000000.00,4.094245,100.18554687
08:01:55,91282CLD1,TSRYS5850288,D,S,T,2024-07-30,1000000.00,4.094569,100.18359375
08:01:55,91282CLD1,TSRYS5850288,D,S,D,2024-07-30,1000000.00,4.094569,100.18359375
08:01:55,91282CLD1,TSRYS5850288,D,S,T,2024-07-30,1000000.00,4.104274,100.125
08:01:55,91282CLD1,TSRYS5850288,D,S,D,2024-07-30,1000000.00,4.094569,100.18359375
08:01:55,91282CLD1,TSRYS5850288,D,S,T,2024-07-30,1000000.00,4.094569,100.18359375
08:01:55,91282CLD1,TSRYS5850288,D,B,C,2024-07-30,1000000.00,4.094245,100.18554687
08:01:55,91282CLD1,TSRYS5850288,D,S,D,2024-07-30,1000000.00,4.094569,100.18359375
08:01:55,91282CLD1,TSRYS5850288,D,B,C,2024-07-30,1000000.00,4.094245,100.18554687
08:01:55,91282CLD1,TSRYS5850288,D,B,A,2024-07-30,1000000.00,4.094569,100.18359375
08:01:55,91282CLD1,TSRYS5850288,D,S,C,2024-07-30,1000000.00,4.094569,100.18359375
08:01:55,91282CLD1,TSRYS5850288,D,S,T,2024-07-30,1000000.00,4.101038,100.14453125
08:01:55,91282CLD1,TSRYS5850288,D,S,C,2024-07-30,1000000.00,4.094569,100.18359375
08:01:55,91282CLD1,TSRYS5850288,D,B,C,2024-07-30,2000000.00,4.094569,100.18359375
08:01:55,91282CLD1,TSRYS5850288,D,B,C,2024-07-30,1000000.00,4.094569,100.18359375
08:01:55,91282CLD1,TSRYS5850288,D,S,D,2024-07-30,1000000.00,4.094569,100.18359375
08:01:56,91282CLD1,TSRYS5850288,D,S,T,2024-07-30,2000000.00,4.112043,100.078125
08:01:56,91282CLD1,TSRYS5850288,D,S,T,2024-07-30,1000000.00,4.097156,100.16796875
08:01:56,91282CLD1,TSRYS5850288,D,S,T,2024-07-30,2000000.00,4.109452,100.09375
08:01:56,91282CLD1,TSRYS5850288,D,S,C,2024-07-30,1000000.00,4.097156,100.16796875
08:01:56,91282CLD1,TSRYS5850288,D,S,C,2024-07-30,1000000.00,4.096509,100.171875
08:01:56,91282CLD1,TSRYS5850288,D,S,T,2024-07-30,1000000.00,4.093922,100.1875
08:01:56,91282CLD1,TSRYS5850288,D,S,C,2024-07-30,1000000.00,4.097156,100.16796875
08:01:56,91282CLD1,TSRYS5850288,D,S,C,2024-07-30,1000000.00,4.097156,100.16796875
08:01:56,91282CLD1,TSRYS5850288,D,S,T,2024-07-30,1000000.00,4.093922,100.1875
08:01:56,91282CLD1,TSRYS5850288,D,B,C,2024-07-30,1000000.00,4.096186,100.17382812
08:01:56,91282CLD1,TSRYS5850288,D,B,C,2024-07-30,10000000.00,4.096186,100.17382812
08:01:56,91282CLD1,TSRYS5850288,D,S,D,2024-07-30,1000000.00,4.106838,100.109525
08:01:56,91282CLD1,TSRYS5850288,D,S,D,2024-07-30,1000000.00,4.106838,100.109525
08:01:57,91282CLD1,TSRYS5850288,D,B,C,2024-07-30,3000000.00,4.095215,100.1796875
08:01:57,91282CLD1,TSRYS5850288,D,S,T,2024-07-30,1000000.00,4.093922,100.1875
08:01:57,91282CLD1,TSRYS5850288,D,B,C,2024-07-30,1000000.00,4.094892,100.18164062
08:01:57,91282CLD1,TSRYS5850288,D,B,C,2024-07-30,3000000.00,4.094892,100.18164062
08:01:57,91282CLD1,TSRYS5850288,D,S,C,2024-07-30,1000000.00,4.10683,100.109575
08:01:57,91282CLD1,TSRYS5850288,D,B,C,2024-07-30,1000000.00,4.108158,100.1015625
08:01:57,91282CLD1,TSRYS5850288,D,B,C,2024-07-30,1000000.00,4.094892,100.18164062
08:01:57,91282CLD1,TSRYS5850288,D,S,C,2024-07-30,1000000.00,4.10812,100.1017895
08:01:57,91282CLD1,TSRYS5850288,D,B,C,2024-07-30,3000000.00,4.094892,100.18164062
08:01:57,91282CLD1,TSRYS5850288,D,B,C,2024-07-30,1000000.00,4.104274,100.125
08:01:57,91282CLD1,TSRYS5850288,D,S,C,2024-07-30,1000000.00,4.104274,100.125
08:01:57,91282CLD1,TSRYS5850288,D,S,C,2024-07-30,1000000.00,4.104274,100.125
08:01:57,91282CLD1,TSRYS5850288,D,B,C,2024-07-30,1000000.00,4.104274,100.125
08:01:57,91282CLD1,TSRYS5850288,D,S,D,2024-07-30,1000000.00,4.102979,100.1328125
08:01:57,91282CLD1,TSRYS5850288,D,B,C,2024-07-30,1000000.00,4.102979,100.1328125
08:01:58,91282CLD1,TSRYS5850288,D,S,D,2024-07-30,2000000.00,4.1101,100.08984375
08:01:58,91282CLD1,TSRYS5850288,D,S,D,2024-07-30,1000000.00,4.1101,100.08984375
08:01:58,91282CLD1,TSRYS5850288,D,S,D,2024-07-30,1000000.00,4.1101,100.08984375
08:01:58,91282CLD1,TSRYS5850288,D,S,D,2024-07-30,1000000.00,4.1101,100.08984375
08:01:58,91282CLD1,TSRYS5850288,D,S,D,2024-07-30,1000000.00,4.1101,100.08984375
08:01:58,91282CLD1,TSRYS5850288,D,S,D,2024-07-30,1000000.00,4.1101,100.08984375
08:01:58,91282CLD1,TSRYS5850288,D,S,D,2024-07-30,1000000.00,4.1101,100.08984375
08:01:58,91282CLD1,TSRYS5850288,D,S,D,2024-07-30,1000000.00,4.1101,100.08984375
08:01:58,91282CLD1,TSRYS5850288,D,S,D,2024-07-30,1000000.00,4.1101,100.08984375
08:01:58,91282CLD1,TSRYS5850288,D,B,C,2024-07-30,1000000.00,4.093922,100.1875
08:01:58,91282CLD1,TSRYS5850288,D,S,C,2024-07-30,2000000.00,4.106838,100.109525
08:01:58,91282CLD1,TSRYS5850288,D,S,D,2024-07-30,1000000.00,4.106863,100.109375
08:01:58,91282CLD1,TSRYS5850288,D,S,D,2024-07-30,2060000.00,4.09845,100.16015625
08:01:58,91282CLD1,TSRYS5850288,D,S,D,2024-07-30,1000000.00,4.106863,100.109375
08:01:58,91282CLD1,TSRYS5850288,D,S,D,2024-07-30,1000000.00,4.106863,100.109375
08:01:58,91282CLD1,TSRYS5850288,D,B,C,2024-07-30,1000000.00,4.106888,100.109225
08:01:58,91282CLD1,TSRYS5850288,D,B,C,2024-07-30,1000000.00,4.106863,100.109375
08:01:58,91282CLD1,TSRYS5850288,D,B,C,2024-07-30,1000000.00,4.106888,100.109225
08:01:58,91282CLD1,TSRYS5850288,D,S,D,2024-07-30,1000000.00,4.106863,100.109375
08:01:58,91282CLD1,TSRYS5850288,D,S,D,2024-07-30,1000000.00,4.106863,100.109375
08:01:58,91282CLD1,TSRYS5850288,D,S,C,2024-07-30,1000000.00,4.105568,100.1171875
08:01:58,91282CLD1,TSRYS5850288,D,B,C,2024-07-30,1000000.00,4.105568,100.1171875
08:01:58,91282CLD1,TSRYS5850288,D,B,C,2024-07-30,1000000.00,4.105568,100.1171875
08:01:58,91282CLD1,TSRYS5850288,D,S,D,2024-07-30,1000000.00,4.105568,100.1171875
08:01:58,91282CLD1,TSRYS5850288,D,S,A,2024-07-30,2000000.00,4.097803,100.1640625
08:01:59,91282CLD1,TSRYS5850288,D,S,A,2024-07-30,1000000.00,4.097479,100.16601563
08:01:59,91282CLD1,TSRYS5850288,D,S,A,2024-07-30,1000000.00,4.097479,100.16601563
08:01:59,91282CLD1,TSRYS5850288,D,S,T,2024-07-30,1000000.00,4.105568,100.1171875
08:01:59,91282CLD1,TSRYS5850288,D,S,T,2024-07-30,1000000.00,4.104274,100.125
08:01:59,91282CLD1,TSRYS5850288,D,S,A,2024-07-30,1000000.00,4.109452,100.09375
08:01:59,91282CLD1,TSRYS5850288,D,S,T,2024-07-30,1000000.00,4.104291,100.124898
08:01:59,91282CLD1,TSRYS5850288,D,S,T,2024-07-30,1000000.00,4.104291,100.124898
08:01:59,91282CLD1,TSRYS5850288,D,S,T,2024-07-30,1000000.00,4.104291,100.124898
08:01:59,91282CLD1,TSRYS5850288,D,B,C,2024-07-30,1000000.00,4.094245,100.18554687
08:01:59,91282CLD1,TSRYS5850288,D,B,C,2024-07-30,1000000.00,4.094245,100.18554687
08:02:00,91282CLD1,TSRYS5850288,D,B,C,2024-07-30,1000000.00,4.093922,100.1875
08:02:00,91282CLD1,TSRYS5850288,D,B,C,2024-07-30,1000000.00,4.093922,100.1875
08:02:00,91282CLD1,TSRYS5850288,D,B,C,2024-07-30,1000000.00,4.109452,100.09375
08:02:00,91282CLD1,TSRYS5850288,D,S,C,2024-07-30,1000000.00,4.109452,100.09375
08:02:00,91282CLD1,TSRYS5850288,D,B,C,2024-07-30,10000000.00,4.092628,100.1953125
08:02:00,91282CLD1,TSRYS5850288,D,S,D,2024-07-30,1000000.00,4.109129,100.095703125
08:02:00,91282CLD1,TSRYS5850288,D,B,C,2024-07-30,1000000.00,4.109129,100.095703125
08:02:01,91282CLD1,TSRYS5850288,D,S,D,2024-07-30,2000000.00,4.107186,100.107421875
08:02:01,91282CLD1,TSRYS5850288,D,S,D,2024-07-30,1000000.00,4.107186,100.107421875
08:02:01,91282CLD1,TSRYS5850288,D,S,D,2024-07-30,1000000.00,4.107186,100.107421875
08:02:01,91282CLD1,TSRYS5850288,D,S,D,2024-07-30,1000000.00,4.107186,100.107421875
08:02:01,91282CLD1,TSRYS5850288,D,S,D,2024-07-30,24800000.00,4.166543,99.75
08:02:01,91282CLD1,TSRYS5850288,D,S,A,2024-07-30,1000000.00,4.109452,100.09375
08:02:02,91282CLD1,TSRYS5850288,D,S,D,2024-07-30,24800000.00,4.166543,99.75
08:02:02,91282CLD1,TSRYS5850288,D,B,C,2024-07-30,145200000.00,4.166543,99.75
08:02:02,91282CLD1,TSRYS5850288,D,S,T,2024-07-30,4000000.00,4.097803,100.1640625
08:02:02,91282CLD1,TSRYS5850288,D,S,T,2024-07-30,1000000.00,4.108158,100.1015625
08:02:02,91282CLD1,TSRYS5850288,D,B,A,2024-07-30,7000000.00,4.109405,100.09375
08:02:02,91282CLD1,TSRYS5850288,D,S,A,2024-07-30,1000000.00,4.109452,100.09375
08:02:03,91282CLD1,TSRYS5850288,D,S,D,2024-07-30,2000000.00,4.105568,100.1171875
08:02:03,91282CLD1,TSRYS5850288,D,S,D,2024-07-30,1000000.00,4.105568,100.1171875
08:02:03,91282CLD1,TSRYS5850288,D,S,D,2024-07-30,2000000.00,4.105568,100.1171875
08:02:03,91282CLD1,TSRYS5850288,D,S,A,2024-07-30,1000000.00,4.110747,100.0859375
08:02:03,91282CLD1,TSRYS5850288,D,S,D,2024-07-30,2000000.00,4.105568,100.1171875
08:02:03,91282CLD1,TSRYS5850288,D,S,D,2024-07-30,2000000.00,4.104921,100.12109375
08:02:03,91282CLD1,TSRYS5850288,D,B,C,2024-07-30,4000000.00,4.093275,100.19140625
08:02:03,91282CLD1,TSRYS5850288,D,S,T,2024-07-30,1000000.00,4.094569,100.18359375
08:02:03,91282CLD1,TSRYS5850288,D,S,D,2024-07-30,1000000.00,4.094569,100.18359375
08:02:04,91282CLD1,TSRYS5850288,D,B,C,2024-07-30,5000000.00,4.094892,100.18164062
08:02:04,91282CLD1,TSRYS5850288,D,B,C,2024-07-30,6000000.00,4.094892,100.18164062
08:02:05,91282CLD1,TSRYS5850288,D,S,C,2024-07-30,1000000.00,4.097156,100.16796875
08:02:05,91282CLD1,TSRYS5850288,D,B,C,2024-07-30,1000000.00,4.097479,100.16601562
08:02:05,91282CLD1,TSRYS5850288,D,S,T,2024-07-30,1000000.00,4.10751,100.10546875
08:02:05,91282CLD1,TSRYS5850288,D,S,T,2024-07-30,1000000.00,4.10751,100.10546875
08:02:05,91282CLD1,TSRYS5850288,D,S,T,2024-07-30,1000000.00,4.10751,100.10546875
08:02:05,91282CLD1,TSRYS5850288,D,S,D,2024-07-30,1000000.00,4.092305,100.19726562
08:02:05,91282CLD1,TSRYS5850288,D,S,C,2024-07-30,1000000.00,4.092305,100.19726562
08:02:05,91282CLD1,TSRYS5850288,D,B,C,2024-07-30,1000000.00,4.091982,100.19921875
08:02:05,91282CLD1,TSRYS5850288,D,S,D,2024-07-30,1000000.00,4.092305,100.19726562
08:02:05,91282CLD1,TSRYS5850288,D,S,C,2024-07-30,1000000.00,4.092305,100.19726562
08:02:05,91282CLD1,TSRYS5850288,D,S,D,2024-07-30,1000000.00,4.092305,100.19726562
08:02:05,91282CLD1,TSRYS5850288,D,S,D,2024-07-30,1000000.00,4.092305,100.19726562
08:02:06,91282CLD1,TSRYS5850288,D,S,C,2024-07-30,1000000.00,4.104274,100.125
08:02:06,91282CLD1,TSRYS5850288,D,S,C,2024-07-30,1000000.00,4.094569,100.18359375
08:02:06,91282CLD1,TSRYS5850288,D,S,D,2024-07-30,1000000.00,4.094569,100.18359375
08:02:06,91282CLD1,TSRYS5850288,D,S,C,2024-07-30,1000000.00,4.094569,100.18359375
08:02:06,91282CLD1,TSRYS5850288,D,S,A,2024-07-30,1000000.00,4.109452,100.09375
08:02:06,91282CLD1,TSRYS5850288,D,S,D,2024-07-30,1000000.00,4.094569,100.18359375
08:02:06,91282CLD1,TSRYS5850288,D,S,T,2024-07-30,1000000.00,4.094569,100.18359375
08:02:06,91282CLD1,TSRYS5850288,D,S,D,2024-07-30,1000000.00,4.094569,100.18359375
08:02:06,91282CLD1,TSRYS5850288,D,S,D,2024-07-30,1000000.00,4.094569,100.18359375
08:02:06,91282CLD1,TSRYS5850288,D,S,C,2024-07-30,1000000.00,4.094569,100.18359375
08:02:06,91282CLD1,TSRYS5850288,D,B,C,2024-07-30,1000000.00,4.094892,100.18164062
08:02:06,91282CLD1,TSRYS5850288,D,B,C,2024-07-30,5000000.00,4.094892,100.18164062
08:02:06,91282CLD1,TSRYS5850288,D,B,C,2024-07-30,1000000.00,4.094569,100.18359375
08:02:06,91282CLD1,TSRYS5850288,D,B,C,2024-07-30,2000000.00,4.094569,100.18359375
08:02:06,91282CLD1,TSRYS5850288,D,S,T,2024-07-30,1000000.00,4.094569,100.18359375
08:02:06,91282CLD1,TSRYS5850288,D,S,D,2024-07-30,1000000.00,4.094569,100.18359375
08:02:06,91282CLD1,TSRYS5850288,D,S,D,2024-07-30,1000000.00,4.094569,100.18359375
08:02:07,91282CLD1,TSRYS5850288,D,S,D,2024-07-30,1000000.00,4.094569,100.18359375
08:02:07,91282CLD1,TSRYS5850288,D,S,T,2024-07-30,1000000.00,4.094569,100.18359375
