tradeTime,cusip,issueSymbolIdentifier,priceType,reportingSideCode,contraPartyTypeCode,tradeDate,reportedTradeVolume,lastSaleYield,lastSalePrice
08:00:05,91282CKC4,TSRYS5756736,D,S,T,2024-03-27,1000000.00,4.236381,100.078125
08:00:05,91282CKC4,TSRYS5756736,D,S,T,2024-03-27,1000000.00,4.233755,100.09375
08:00:05,91282CKC4,TSRYS5756736,D,S,D,2024-03-27,1000000.00,4.233427,100.095703125
08:00:05,91282CKC4,TSRYS5756736,D,S,D,2024-03-27,2000000.00,4.231786,100.10546875
08:00:05,91282CKC4,TSRYS5756736,D,S,D,2024-03-27,3000000.00,4.235396,100.083984375
08:00:05,91282CKC4,TSRYS5756736,D,S,D,2024-03-27,1000000.00,4.234083,100.091796875
08:00:05,91282CKC4,TSRYS5756736,D,S,D,2024-03-27,1000000.00,4.236381,100.078125
08:00:09,91282CKC4,TSRYS5756736,D,S,D,2024-03-27,1000000.00,4.236053,100.080078125
08:00:09,91282CKC4,TSRYS5756736,D,S,D,2024-03-27,1000000.00,4.235396,100.083984375
08:00:09,91282CKC4,TSRYS5756736,D,S,D,2024-03-27,1000000.00,4.235396,100.083984375
08:00:09,91282CKC4,TSRYS5756736,D,S,D,2024-03-27,1000000.00,4.236381,100.078125
08:00:09,91282CKC4,TSRYS5756736,D,S,T,2024-03-27,4000000.00,4.23113,100.109375
08:00:09,91282CKC4,TSRYS5756736,D,S,D,2024-03-27,8000000.00,4.23113,100.109375
08:00:09,91282CKC4,TSRYS5756736,D,S,D,2024-03-27,3000000.00,4.233427,100.095703125
08:00:09,91282CKC4,TSRYS5756736,D,S,D,2024-03-27,1000000.00,4.237366,100.072265625
08:00:09,91282CKC4,TSRYS5756736,D,S,D,2024-03-27,1000000.00,4.237366,100.072265625
08:00:09,91282CKC4,TSRYS5756736,D,S,D,2024-03-27,1000000.00,4.228505,100.125
08:00:09,91282CKC4,TSRYS5756736,D,S,T,2024-03-27,1000000.00,4.223257,100.15625
08:00:09,91282CKC4,TSRYS5756736,D,S,D,2024-03-27,1000000.00,4.223913,100.15234375
08:00:09,91282CKC4,TSRYS5756736,D,S,D,2024-03-27,8000000.00,4.223913,100.15234375
08:00:09,91282CKC4,TSRYS5756736,D,S,D,2024-03-27,1000000.00,4.223913,100.15234375
08:00:09,91282CKC4,TSRYS5756736,D,S,T,2024-03-27,1000000.00,4.223585,100.154296875
08:00:09,91282CKC4,TSRYS5756736,D,S,T,2024-03-27,1000000.00,4.223257,100.15625
08:00:09,91282CKC4,TSRYS5756736,D,S,T,2024-03-27,8000000.00,4.223257,100.15625
08:00:09,91282CKC4,TSRYS5756736,D,S,T,2024-03-27,8000000.00,4.223257,100.15625
08:00:09,91282CKC4,TSRYS5756736,D,S,T,2024-03-27,1000000.00,4.224897,100.146484375
08:00:09,91282CKC4,TSRYS5756736,D,S,T,2024-03-27,1000000.00,4.223585,100.154296875
08:00:09,91282CKC4,TSRYS5756736,D,S,D,2024-03-27,1000000.00,4.223585,100.154296875
08:00:09,91282CKC4,TSRYS5756736,D,S,T,2024-03-27,1000000.00,4.223585,100.154296875
08:00:09,91282CKC4,TSRYS5756736,D,S,D,2024-03-27,1000000.00,4.223257,100.15625
08:00:09,91282CKC4,TSRYS5756736,D,S,T,2024-03-27,1000000.00,4.236381,100.078125
08:00:09,91282CKC4,TSRYS5756736,D,S,T,2024-03-27,1000000.00,4.223257,100.15625
08:00:10,91282CKC4,TSRYS5756736,D,S,C,2024-03-27,18000.00,4.231786,100.105468
08:00:10,91282CKC4,TSRYS5756736,D,S,T,2024-03-27,1000000.00,4.235068,100.0859375
08:00:14,91282CKC4,TSRYS5756736,D,S,T,2024-03-27,3000000.00,4.223585,100.154296875
08:00:14,91282CKC4,TSRYS5756736,D,S,T,2024-03-27,3000000.00,4.223585,100.154296875
08:00:18,91282CKC4,TSRYS5756736,D,S,T,2024-03-27,60000000.00,4.264055,99.91367
08:00:20,91282CKC4,TSRYS5756736,D,S,T,2024-03-27,1000000.00,4.235068,100.0859375
08:00:22,91282CKC4,TSRYS5756736,D,B,C,2024-03-27,1000000.00,4.233427,100.095703125
08:00:22,91282CKC4,TSRYS5756736,D,S,D,2024-03-27,1000000.00,4.233427,100.095703125
08:00:23,91282CKC4,TSRYS5756736,D,B,C,2024-03-27,1000000.00,4.233427,100.095703125
08:00:23,91282CKC4,TSRYS5756736,D,S,D,2024-03-27,1000000.00,4.233427,100.095703125
08:00:23,91282CKC4,TSRYS5756736,D,B,C,2024-03-27,1000000.00,4.233427,100.095703125
08:00:23,91282CKC4,TSRYS5756736,D,S,D,2024-03-27,1000000.00,4.233427,100.095703125
08:00:23,91282CKC4,TSRYS5756736,D,B,C,2024-03-27,1000000.00,4.233427,100.095703125
08:00:23,91282CKC4,TSRYS5756736,D,S,D,2024-03-27,1000000.00,4.233427,100.095703125
08:00:23,91282CKC4,TSRYS5756736,D,B,C,2024-03-27,1000000.00,4.233427,100.095703125
08:00:23,91282CKC4,TSRYS5756736,D,S,D,2024-03-27,1000000.00,4.233427,100.095703125
08:00:24,91282CKC4,TSRYS5756736,D,S,D,2024-03-27,2000000.00,4.238679,100.064453125
08:00:24,91282CKC4,TSRYS5756736,D,B,C,2024-03-27,2000000.00,4.238679,100.064453125
08:00:24,91282CKC4,TSRYS5756736,D,S,C,2024-03-27,2000000.00,4.237694,100.0703125
08:00:24,91282CKC4,TSRYS5756736,D,S,C,2024-03-27,1000000.00,4.237694,100.0703125
08:00:24,91282CKC4,TSRYS5756736,D,S,C,2024-03-27,1000000.00,4.237694,100.0703125
08:00:24,91282CKC4,TSRYS5756736,D,S,D,2024-03-27,1000000.00,4.233755,100.09375
08:00:24,91282CKC4,TSRYS5756736,D,B,C,2024-03-27,1000000.00,4.233755,100.09375
08:00:25,91282CKC4,TSRYS5756736,D,S,T,2024-03-27,2000000.00,4.235068,100.0859375
08:00:25,91282CKC4,TSRYS5756736,D,S,T,2024-03-27,1000000.00,4.236053,100.08007813
08:00:25,91282CKC4,TSRYS5756736,D,S,T,2024-03-27,1000000.00,4.236381,100.078125
08:00:26,91282CKC4,TSRYS5756736,D,S,D,2024-03-27,2000000.00,4.228505,100.125
08:00:26,91282CKC4,TSRYS5756736,D,S,C,2024-03-27,800000.00,4.228505,100.125
08:00:26,91282CKC4,TSRYS5756736,D,S,D,2024-03-27,2000000.00,4.227521,100.130859375
08:00:26,91282CKC4,TSRYS5756736,D,S,C,2024-03-27,800000.00,4.227521,100.130859375
08:00:26,91282CKC4,TSRYS5756736,D,S,T,2024-03-27,1000000.00,4.235724,100.08203125
08:00:26,91282CKC4,TSRYS5756736,D,S,T,2024-03-27,1000000.00,4.232442,100.1015625
08:00:26,91282CKC4,TSRYS5756736,D,S,T,2024-03-27,1000000.00,4.231786,100.10546875
08:00:26,91282CKC4,TSRYS5756736,D,S,T,2024-03-27,1000000.00,4.231786,100.10546875
08:00:26,91282CKC4,TSRYS5756736,D,S,D,2024-03-27,1000000.00,4.233099,100.09765625
08:00:26,91282CKC4,TSRYS5756736,D,S,T,2024-03-27,1000000.00,4.23113,100.109375
08:00:26,91282CKC4,TSRYS5756736,D,S,T,2024-03-27,1000000.00,4.23113,100.109375
08:00:26,91282CKC4,TSRYS5756736,D,S,T,2024-03-27,1000000.00,4.236053,100.080078125
08:00:26,91282CKC4,TSRYS5756736,D,S,T,2024-03-27,1000000.00,4.237366,100.072265625
08:00:26,91282CKC4,TSRYS5756736,D,S,T,2024-03-27,1000000.00,4.236381,100.078125
08:00:26,91282CKC4,TSRYS5756736,D,S,T,2024-03-27,1000000.00,4.236381,100.078125
08:00:26,91282CKC4,TSRYS5756736,D,S,T,2024-03-27,1000000.00,4.235068,100.0859375
08:00:26,91282CKC4,TSRYS5756736,D,S,T,2024-03-27,1000000.00,4.228505,100.125
08:00:26,91282CKC4,TSRYS5756736,D,S,T,2024-03-27,1000000.00,4.235068,100.0859375
08:00:26,91282CKC4,TSRYS5756736,D,S,T,2024-03-27,1000000.00,4.237037,100.07421875
08:00:26,91282CKC4,TSRYS5756736,D,S,T,2024-03-27,1000000.00,4.236381,100.078125
08:00:26,91282CKC4,TSRYS5756736,D,S,T,2024-03-27,1000000.00,4.236709,100.076171875
08:00:26,91282CKC4,TSRYS5756736,D,S,T,2024-03-27,1000000.00,4.223257,100.15625
08:00:26,91282CKC4,TSRYS5756736,D,S,D,2024-03-27,800000.00,4.227521,100.130859375
08:00:26,91282CKC4,TSRYS5756736,D,S,D,2024-03-27,2000000.00,4.227521,100.130859375
08:00:26,91282CKC4,TSRYS5756736,D,S,D,2024-03-27,2000000.00,4.227193,100.1328125
08:00:26,91282CKC4,TSRYS5756736,D,S,C,2024-03-27,800000.00,4.227849,100.12890625
08:00:26,91282CKC4,TSRYS5756736,D,S,D,2024-03-27,1000000.00,4.226537,100.13671875
08:00:26,91282CKC4,TSRYS5756736,D,S,C,2024-03-27,1000000.00,4.226537,100.13671875
08:00:26,91282CKC4,TSRYS5756736,D,S,C,2024-03-27,800000.00,4.226865,100.134765625
08:00:26,91282CKC4,TSRYS5756736,D,S,D,2024-03-27,2000000.00,4.226537,100.13671875
08:00:26,91282CKC4,TSRYS5756736,D,S,T,2024-03-27,1000000.00,4.235068,100.0859375
08:00:26,91282CKC4,TSRYS5756736,D,S,T,2024-03-27,1000000.00,4.235396,100.08398438
08:00:27,91282CKC4,TSRYS5756736,D,S,D,2024-03-27,2000000.00,4.225881,100.140625
08:00:27,91282CKC4,TSRYS5756736,D,S,C,2024-03-27,600000.00,4.225881,100.140625
08:00:27,91282CKC4,TSRYS5756736,D,S,D,2024-03-27,3000000.00,4.225881,100.140625
08:00:27,91282CKC4,TSRYS5756736,D,S,D,2024-03-27,1800000.00,4.225225,100.14453125
08:00:27,91282CKC4,TSRYS5756736,D,S,C,2024-03-27,1000000.00,4.224897,100.146484375
08:00:27,91282CKC4,TSRYS5756736,D,S,D,2024-03-27,2000000.00,4.224569,100.1484375
08:00:27,91282CKC4,TSRYS5756736,D,S,C,2024-03-27,800000.00,4.224569,100.1484375
08:00:27,91282CKC4,TSRYS5756736,D,S,D,2024-03-27,2000000.00,4.224569,100.1484375
08:00:27,91282CKC4,TSRYS5756736,D,S,T,2024-03-27,2000000.00,4.235396,100.08398438
08:00:27,91282CKC4,TSRYS5756736,D,S,T,2024-03-27,1000000.00,4.235724,100.08203125
08:00:28,91282CKC4,TSRYS5756736,D,S,C,2024-03-27,800000.00,4.223913,100.15234375
08:00:28,91282CKC4,TSRYS5756736,D,S,D,2024-03-27,2000000.00,4.224569,100.1484375
08:00:28,91282CKC4,TSRYS5756736,D,S,D,2024-03-27,800000.00,4.224569,100.1484375
08:00:28,91282CKC4,TSRYS5756736,D,S,D,2024-03-27,1000000.00,4.223913,100.15234375
08:00:28,91282CKC4,TSRYS5756736,D,S,D,2024-03-27,1000000.00,4.223913,100.15234375
08:00:28,91282CKC4,TSRYS5756736,D,S,D,2024-03-27,1000000.00,4.223913,100.15234375
08:00:28,91282CKC4,TSRYS5756736,D,S,D,2024-03-27,1000000.00,4.222601,100.16015625
08:00:28,91282CKC4,TSRYS5756736,D,S,D,2024-03-27,1800000.00,4.223257,100.15625
08:00:28,91282CKC4,TSRYS5756736,D,S,T,2024-03-27,2000000.00,4.235724,100.08203125
08:00:28,91282CKC4,TSRYS5756736,D,S,D,2024-03-27,1000000.00,4.223585,100.154296875
08:00:28,91282CKC4,TSRYS5756736,D,S,D,2024-03-27,2000000.00,4.223585,100.154296875
08:00:28,91282CKC4,TSRYS5756736,D,S,C,2024-03-27,1000000.00,4.222601,100.16015625
08:00:28,91282CKC4,TSRYS5756736,D,S,D,2024-03-27,1800000.00,4.222601,100.16015625
08:00:28,91282CKC4,TSRYS5756736,D,S,D,2024-03-27,2000000.00,4.223257,100.15625
08:00:28,91282CKC4,TSRYS5756736,D,S,D,2024-03-27,2000000.00,4.223585,100.154296875
08:00:28,91282CKC4,TSRYS5756736,D,S,C,2024-03-27,800000.00,4.223913,100.15234375
08:00:28,91282CKC4,TSRYS5756736,D,S,D,2024-03-27,1000000.00,4.223257,100.15625
08:00:28,91282CKC4,TSRYS5756736,D,S,D,2024-03-27,1000000.00,4.223585,100.154296875
08:00:28,91282CKC4,TSRYS5756736,D,S,D,2024-03-27,1800000.00,4.224241,100.150390625
08:00:28,91282CKC4,TSRYS5756736,D,S,D,2024-03-27,2000000.00,4.223913,100.15234375
08:00:28,91282CKC4,TSRYS5756736,D,S,C,2024-03-27,800000.00,4.223257,100.15625
08:00:28,91282CKC4,TSRYS5756736,D,S,T,2024-03-27,1000000.00,4.232442,100.1015625
08:00:28,91282CKC4,TSRYS5756736,D,B,A,2024-03-27,4000000.00,4.234411,100.08984375
08:00:28,91282CKC4,TSRYS5756736,D,S,T,2024-03-27,1000000.00,4.236381,100.078125
08:00:29,91282CKC4,TSRYS5756736,D,S,T,2024-03-27,1000000.00,4.236381,100.078125
08:00:29,91282CKC4,TSRYS5756736,D,S,D,2024-03-27,2000000.00,4.221946,100.1640625
08:00:29,91282CKC4,TSRYS5756736,D,S,T,2024-03-27,1000000.00,4.236381,100.078125
08:00:29,91282CKC4,TSRYS5756736,D,S,T,2024-03-27,1000000.00,4.229818,100.1171875
08:00:29,91282CKC4,TSRYS5756736,D,S,D,2024-03-27,800000.00,4.221946,100.1640625
08:00:29,91282CKC4,TSRYS5756736,D,S,D,2024-03-27,2000000.00,4.222601,100.16015625
08:00:29,91282CKC4,TSRYS5756736,D,S,D,2024-03-27,800000.00,4.223257,100.15625
08:00:29,91282CKC4,TSRYS5756736,D,S,D,2024-03-27,1000000.00,4.223585,100.154296875
08:00:30,91282CKC4,TSRYS5756736,D,S,D,2024-03-27,1000000.00,4.235724,100.08203125
08:00:30,91282CKC4,TSRYS5756736,D,S,D,2024-03-27,1000000.00,4.233099,100.09765625
08:00:30,91282CKC4,TSRYS5756736,D,S,D,2024-03-27,1000000.00,4.233427,100.095703125
08:00:30,91282CKC4,TSRYS5756736,D,S,D,2024-03-27,1000000.00,4.235724,100.08203125
08:00:30,91282CKC4,TSRYS5756736,D,S,D,2024-03-27,1000000.00,4.23113,100.109375
08:00:30,91282CKC4,TSRYS5756736,D,S,D,2024-03-27,1000000.00,4.231458,100.107421875
08:00:30,91282CKC4,TSRYS5756736,D,S,D,2024-03-27,2000000.00,4.230146,100.115234375
08:00:30,91282CKC4,TSRYS5756736,D,S,D,2024-03-27,2000000.00,4.228833,100.123046875
08:00:30,91282CKC4,TSRYS5756736,D,S,D,2024-03-27,2000000.00,4.228505,100.125
08:00:30,91282CKC4,TSRYS5756736,D,S,D,2024-03-27,1000000.00,4.229489,100.119140625
08:00:30,91282CKC4,TSRYS5756736,D,S,D,2024-03-27,2000000.00,4.229818,100.1171875
08:00:30,91282CKC4,TSRYS5756736,D,S,D,2024-03-27,2000000.00,4.233427,100.095703125
08:00:30,91282CKC4,TSRYS5756736,D,S,D,2024-03-27,2000000.00,4.238022,100.068359375
08:00:30,91282CKC4,TSRYS5756736,D,S,D,2024-03-27,2000000.00,4.237694,100.0703125
08:00:30,91282CKC4,TSRYS5756736,D,S,D,2024-03-27,1000000.00,4.225881,100.140625
08:00:30,91282CKC4,TSRYS5756736,D,S,D,2024-03-27,1000000.00,4.226209,100.138671875
08:00:30,91282CKC4,TSRYS5756736,D,S,D,2024-03-27,1000000.00,4.226209,100.138671875
08:00:30,91282CKC4,TSRYS5756736,D,S,D,2024-03-27,1000000.00,4.225881,100.140625
08:00:30,91282CKC4,TSRYS5756736,D,S,D,2024-03-27,1000000.00,4.225881,100.140625
08:00:30,91282CKC4,TSRYS5756736,D,S,D,2024-03-27,1000000.00,4.224241,100.150390625
08:00:30,91282CKC4,TSRYS5756736,D,S,D,2024-03-27,1000000.00,4.224241,100.150390625
08:00:30,91282CKC4,TSRYS5756736,D,S,D,2024-03-27,1000000.00,4.225553,100.142578125
08:00:30,91282CKC4,TSRYS5756736,D,S,D,2024-03-27,2000000.00,4.223257,100.15625
08:00:30,91282CKC4,TSRYS5756736,D,S,D,2024-03-27,1000000.00,4.223585,100.154296875
08:00:30,91282CKC4,TSRYS5756736,D,S,D,2024-03-27,1000000.00,4.223257,100.15625
08:00:30,91282CKC4,TSRYS5756736,D,S,D,2024-03-27,1000000.00,4.229818,100.1171875
08:00:30,91282CKC4,TSRYS5756736,D,S,D,2024-03-27,1000000.00,4.229818,100.1171875
08:00:30,91282CKC4,TSRYS5756736,D,S,D,2024-03-27,1000000.00,4.229818,100.1171875
08:00:30,91282CKC4,TSRYS5756736,D,S,D,2024-03-27,1000000.00,4.228177,100.126953125
08:00:30,91282CKC4,TSRYS5756736,D,S,D,2024-03-27,1000000.00,4.227521,100.130859375
08:00:30,91282CKC4,TSRYS5756736,D,S,D,2024-03-27,1000000.00,4.227521,100.130859375
08:00:30,91282CKC4,TSRYS5756736,D,S,D,2024-03-27,1000000.00,4.227521,100.130859375
08:00:30,91282CKC4,TSRYS5756736,D,S,D,2024-03-27,1000000.00,4.227521,100.130859375
08:00:30,91282CKC4,TSRYS5756736,D,S,D,2024-03-27,1000000.00,4.227521,100.130859375
08:00:30,91282CKC4,TSRYS5756736,D,S,D,2024-03-27,1000000.00,4.232442,100.1015625
08:00:30,91282CKC4,TSRYS5756736,D,S,D,2024-03-27,1000000.00,4.232442,100.1015625
08:00:30,91282CKC4,TSRYS5756736,D,S,D,2024-03-27,2000000.00,4.239664,100.05859375
08:00:30,91282CKC4,TSRYS5756736,D,S,D,2024-03-27,2000000.00,4.239664,100.05859375
08:00:30,91282CKC4,TSRYS5756736,D,S,D,2024-03-27,1000000.00,4.223913,100.15234375
08:00:30,91282CKC4,TSRYS5756736,D,S,D,2024-03-27,1800000.00,4.224241,100.150390625
08:00:30,91282CKC4,TSRYS5756736,D,S,D,2024-03-27,1000000.00,4.223257,100.15625
08:00:30,91282CKC4,TSRYS5756736,D,S,D,2024-03-27,1000000.00,4.223257,100.15625
08:00:30,91282CKC4,TSRYS5756736,D,S,D,2024-03-27,800000.00,4.223257,100.15625
08:00:33,91282CKC4,TSRYS5756736,D,S,D,2024-03-27,2000000.00,4.239664,100.05859375
08:00:33,91282CKC4,TSRYS5756736,D,S,D,2024-03-27,2000000.00,4.239664,100.05859375
08:00:33,91282CKC4,TSRYS5756736,D,S,D,2024-03-27,1000000.00,4.239664,100.05859375
08:00:33,91282CKC4,TSRYS5756736,D,S,D,2024-03-27,2000000.00,4.239664,100.05859375
08:00:33,91282CKC4,TSRYS5756736,D,S,D,2024-03-27,1000000.00,4.239664,100.05859375
08:00:33,91282CKC4,TSRYS5756736,D,S,D,2024-03-27,2000000.00,4.239664,100.05859375
08:00:33,91282CKC4,TSRYS5756736,D,S,D,2024-03-27,2000000.00,4.239664,100.05859375
08:00:33,91282CKC4,TSRYS5756736,D,S,D,2024-03-27,1000000.00,4.239664,100.05859375
08:00:33,91282CKC4,TSRYS5756736,D,S,D,2024-03-27,2000000.00,4.239664,100.05859375
08:00:33,91282CKC4,TSRYS5756736,D,S,D,2024-03-27,1000000.00,4.239664,100.05859375
08:00:33,91282CKC4,TSRYS5756736,D,S,D,2024-03-27,1000000.00,4.239664,100.05859375
08:00:33,91282CKC4,TSRYS5756736,D,S,D,2024-03-27,1000000.00,4.223585,100.154296875
08:00:33,91282CKC4,TSRYS5756736,D,S,D,2024-03-27,1000000.00,4.223585,100.154296875
08:00:33,91282CKC4,TSRYS5756736,D,S,D,2024-03-27,1000000.00,4.222601,100.16015625
08:00:33,91282CKC4,TSRYS5756736,D,S,D,2024-03-27,1000000.00,4.235724,100.08203125
08:00:33,91282CKC4,TSRYS5756736,D,S,D,2024-03-27,2000000.00,4.235724,100.08203125
08:00:33,91282CKC4,TSRYS5756736,D,S,D,2024-03-27,1000000.00,4.235724,100.08203125
08:00:33,91282CKC4,TSRYS5756736,D,S,D,2024-03-27,2000000.00,4.235724,100.08203125
08:00:33,91282CKC4,TSRYS5756736,D,S,T,2024-03-27,2000000.00,4.235724,100.08203125
08:00:33,91282CKC4,TSRYS5756736,D,S,D,2024-03-27,1000000.00,4.235724,100.08203125
08:00:33,91282CKC4,TSRYS5756736,D,S,D,2024-03-27,1000000.00,4.235724,100.08203125
08:00:33,91282CKC4,TSRYS5756736,D,S,D,2024-03-27,1000000.00,4.235724,100.08203125
08:00:33,91282CKC4,TSRYS5756736,D,S,D,2024-03-27,1000000.00,4.235724,100.08203125
08:00:33,91282CKC4,TSRYS5756736,D,S,D,2024-03-27,1000000.00,4.235724,100.08203125
08:00:33,91282CKC4,TSRYS5756736,D,S,T,2024-03-27,1000000.00,4.235068,100.0859375
08:00:33,91282CKC4,TSRYS5756736,D,S,D,2024-03-27,1000000.00,4.235724,100.08203125
08:00:33,91282CKC4,TSRYS5756736,D,S,T,2024-03-27,1000000.00,4.235068,100.0859375
08:00:33,91282CKC4,TSRYS5756736,D,S,T,2024-03-27,1000000.00,4.235068,100.0859375
08:00:33,91282CKC4,TSRYS5756736,D,S,D,2024-03-27,2000000.00,4.235724,100.08203125
08:00:33,91282CKC4,TSRYS5756736,D,S,T,2024-03-27,1000000.00,4.23474,100.087890625
08:00:33,91282CKC4,TSRYS5756736,D,S,T,2024-03-27,1000000.00,4.235068,100.0859375
08:00:33,91282CKC4,TSRYS5756736,D,S,T,2024-03-27,1000000.00,4.233755,100.09375
08:00:33,91282CKC4,TSRYS5756736,D,S,T,2024-03-27,1000000.00,4.231458,100.107421875
08:00:33,91282CKC4,TSRYS5756736,D,S,T,2024-03-27,1000000.00,4.230802,100.111328125
08:00:33,91282CKC4,TSRYS5756736,D,S,T,2024-03-27,1000000.00,4.230802,100.111328125
08:00:33,91282CKC4,TSRYS5756736,D,S,T,2024-03-27,1000000.00,4.230146,100.115234375
08:00:33,91282CKC4,TSRYS5756736,D,S,D,2024-03-27,2000000.00,4.233099,100.09765625
08:00:33,91282CKC4,TSRYS5756736,D,S,T,2024-03-27,1000000.00,4.233427,100.095703125
08:00:33,91282CKC4,TSRYS5756736,D,S,D,2024-03-27,1000000.00,4.233099,100.09765625
08:00:33,91282CKC4,TSRYS5756736,D,S,D,2024-03-27,1000000.00,4.233099,100.09765625
08:00:33,91282CKC4,TSRYS5756736,D,S,D,2024-03-27,4000000.00,4.233099,100.09765625
08:00:33,91282CKC4,TSRYS5756736,D,S,D,2024-03-27,1000000.00,4.233099,100.09765625
08:00:33,91282CKC4,TSRYS5756736,D,S,D,2024-03-27,1000000.00,4.230802,100.111328125
08:00:33,91282CKC4,TSRYS5756736,D,S,D,2024-03-27,1000000.00,4.230802,100.111328125
08:00:33,91282CKC4,TSRYS5756736,D,S,T,2024-03-27,1000000.00,4.230802,100.111328125
08:00:33,91282CKC4,TSRYS5756736,D,S,T,2024-03-27,1000000.00,4.233099,100.09765625
08:00:33,91282CKC4,TSRYS5756736,D,S,T,2024-03-27,1000000.00,4.233427,100.095703125
08:00:33,91282CKC4,TSRYS5756736,D,S,D,2024-03-27,1000000.00,4.235724,100.08203125
08:00:33,91282CKC4,TSRYS5756736,D,S,D,2024-03-27,2000000.00,4.235724,100.08203125
08:00:33,91282CKC4,TSRYS5756736,D,S,T,2024-03-27,1000000.00,4.236709,100.076171875
08:00:33,91282CKC4,TSRYS5756736,D,S,T,2024-03-27,1000000.00,4.236709,100.076171875
08:00:33,91282CKC4,TSRYS5756736,D,S,T,2024-03-27,1000000.00,4.237037,100.07421875
08:00:33,91282CKC4,TSRYS5756736,D,S,T,2024-03-27,1000000.00,4.238022,100.068359375
08:00:33,91282CKC4,TSRYS5756736,D,S,T,2024-03-27,1000000.00,4.23835,100.06640625
08:00:33,91282CKC4,TSRYS5756736,D,S,T,2024-03-27,1000000.00,4.237694,100.0703125
08:00:33,91282CKC4,TSRYS5756736,D,S,T,2024-03-27,1000000.00,4.235724,100.08203125
08:00:33,91282CKC4,TSRYS5756736,D,S,T,2024-03-27,1000000.00,4.236053,100.080078125
08:00:33,91282CKC4,TSRYS5756736,D,S,T,2024-03-27,1000000.00,4.237366,100.072265625
08:00:33,91282CKC4,TSRYS5756736,D,S,T,2024-03-27,1000000.00,4.234083,100.091796875
08:00:33,91282CKC4,TSRYS5756736,D,S,T,2024-03-27,1000000.00,4.234411,100.08984375
08:00:33,91282CKC4,TSRYS5756736,D,S,T,2024-03-27,2000000.00,4.228505,100.125
08:00:33,91282CKC4,TSRYS5756736,D,S,T,2024-03-27,2000000.00,4.228177,100.126953125
08:00:33,91282CKC4,TSRYS5756736,D,S,T,2024-03-27,2000000.00,4.228505,100.125
08:00:33,91282CKC4,TSRYS5756736,D,S,T,2024-03-27,2000000.00,4.228177,100.126953125
08:00:33,91282CKC4,TSRYS5756736,D,S,T,2024-03-27,1000000.00,4.228177,100.126953125
08:00:33,91282CKC4,TSRYS5756736,D,S,T,2024-03-27,2000000.00,4.231458,100.107421875
08:00:33,91282CKC4,TSRYS5756736,D,S,T,2024-03-27,2000000.00,4.230146,100.115234375
08:00:33,91282CKC4,TSRYS5756736,D,S,T,2024-03-27,2000000.00,4.230146,100.115234375
08:00:33,91282CKC4,TSRYS5756736,D,S,T,2024-03-27,2000000.00,4.228833,100.123046875
08:00:33,91282CKC4,TSRYS5756736,D,S,T,2024-03-27,2000000.00,4.228505,100.125
08:00:33,91282CKC4,TSRYS5756736,D,S,T,2024-03-27,2000000.00,4.228833,100.123046875
08:00:33,91282CKC4,TSRYS5756736,D,S,T,2024-03-27,2000000.00,4.228505,100.125
08:00:33,91282CKC4,TSRYS5756736,D,S,T,2024-03-27,2000000.00,4.229818,100.1171875
08:00:33,91282CKC4,TSRYS5756736,D,S,T,2024-03-27,1000000.00,4.227849,100.12890625
08:00:33,91282CKC4,TSRYS5756736,D,S,T,2024-03-27,1000000.00,4.232442,100.1015625
08:00:33,91282CKC4,TSRYS5756736,D,S,T,2024-03-27,2000000.00,4.232442,100.1015625
08:00:33,91282CKC4,TSRYS5756736,D,S,T,2024-03-27,1000000.00,4.232114,100.103515625
08:00:33,91282CKC4,TSRYS5756736,D,S,T,2024-03-27,1000000.00,4.232114,100.103515625
08:00:33,91282CKC4,TSRYS5756736,D,S,T,2024-03-27,1000000.00,4.232114,100.103515625
08:00:33,91282CKC4,TSRYS5756736,D,S,T,2024-03-27,1000000.00,4.235068,100.0859375
08:00:33,91282CKC4,TSRYS5756736,D,S,T,2024-03-27,1000000.00,4.239992,100.056640625
08:00:33,91282CKC4,TSRYS5756736,D,S,D,2024-03-27,3000000.00,4.24032,100.0546875
08:00:33,91282CKC4,TSRYS5756736,D,S,T,2024-03-27,1000000.00,4.238022,100.068359375
08:00:33,91282CKC4,TSRYS5756736,D,S,T,2024-03-27,2000000.00,4.235724,100.08203125
08:00:33,91282CKC4,TSRYS5756736,D,S,T,2024-03-27,2000000.00,4.235724,100.08203125
08:00:33,91282CKC4,TSRYS5756736,D,S,T,2024-03-27,1000000.00,4.236381,100.078125
08:00:33,91282CKC4,TSRYS5756736,D,S,T,2024-03-27,2000000.00,4.238022,100.068359375
08:00:33,91282CKC4,TSRYS5756736,D,S,T,2024-03-27,2000000.00,4.238022,100.068359375
08:00:33,91282CKC4,TSRYS5756736,D,S,T,2024-03-27,2000000.00,4.237694,100.0703125
08:00:33,91282CKC4,TSRYS5756736,D,S,T,2024-03-27,2000000.00,4.237694,100.0703125
08:00:33,91282CKC4,TSRYS5756736,D,S,T,2024-03-27,1000000.00,4.237037,100.07421875
08:00:33,91282CKC4,TSRYS5756736,D,S,T,2024-03-27,1000000.00,4.228505,100.125
08:00:33,91282CKC4,TSRYS5756736,D,S,T,2024-03-27,2000000.00,4.228177,100.126953125
08:00:33,91282CKC4,TSRYS5756736,D,S,T,2024-03-27,1000000.00,4.228177,100.126953125
08:00:33,91282CKC4,TSRYS5756736,D,S,T,2024-03-27,2000000.00,4.223585,100.154296875
08:00:33,91282CKC4,TSRYS5756736,D,S,T,2024-03-27,2000000.00,4.223257,100.15625
08:00:33,91282CKC4,TSRYS5756736,D,S,T,2024-03-27,2000000.00,4.223585,100.154296875
08:00:33,91282CKC4,TSRYS5756736,D,S,T,2024-03-27,2000000.00,4.223257,100.15625
08:00:33,91282CKC4,TSRYS5756736,D,S,T,2024-03-27,2000000.00,4.223257,100.15625
08:00:33,91282CKC4,TSRYS5756736,D,S,T,2024-03-27,2000000.00,4.223257,100.15625
08:00:33,91282CKC4,TSRYS5756736,D,S,T,2024-03-27,1000000.00,4.222273,100.162109375
08:00:33,91282CKC4,TSRYS5756736,D,S,T,2024-03-27,2000000.00,4.222273,100.162109375
08:00:33,91282CKC4,TSRYS5756736,D,S,D,2024-03-27,2000000.00,4.222601,100.16015625
08:00:33,91282CKC4,TSRYS5756736,D,S,C,2024-03-27,800000.00,4.224241,100.150390625
08:00:33,91282CKC4,TSRYS5756736,D,S,D,2024-03-27,1000000.00,4.223913,100.15234375
08:00:33,91282CKC4,TSRYS5756736,D,S,D,2024-03-27,1000000.00,4.224569,100.1484375
08:00:33,91282CKC4,TSRYS5756736,D,S,T,2024-03-27,1000000.00,4.223257,100.15625
08:00:33,91282CKC4,TSRYS5756736,D,S,T,2024-03-27,1000000.00,4.225881,100.140625
08:00:33,91282CKC4,TSRYS5756736,D,S,D,2024-03-27,1000000.00,4.226209,100.138671875
08:00:33,91282CKC4,TSRYS5756736,D,S,D,2024-03-27,1000000.00,4.226209,100.138671875
08:00:33,91282CKC4,TSRYS5756736,D,S,T,2024-03-27,1000000.00,4.223585,100.154296875
08:00:33,91282CKC4,TSRYS5756736,D,S,T,2024-03-27,1000000.00,4.236381,100.078125
08:00:33,91282CKC4,TSRYS5756736,D,S,T,2024-03-27,1000000.00,4.236381,100.078125
08:00:33,91282CKC4,TSRYS5756736,D,S,T,2024-03-27,1000000.00,4.236381,100.078125
08:00:33,91282CKC4,TSRYS5756736,D,S,T,2024-03-27,1000000.00,4.236381,100.078125
08:00:33,91282CKC4,TSRYS5756736,D,S,T,2024-03-27,1000000.00,4.236381,100.078125
08:00:33,91282CKC4,TSRYS5756736,D,S,T,2024-03-27,1000000.00,4.236381,100.078125
08:00:33,91282CKC4,TSRYS5756736,D,S,T,2024-03-27,1000000.00,4.236381,100.078125
08:00:33,91282CKC4,TSRYS5756736,D,S,T,2024-03-27,1000000.00,4.236381,100.078125
08:00:33,91282CKC4,TSRYS5756736,D,S,T,2024-03-27,1000000.00,4.236381,100.078125
08:00:33,91282CKC4,TSRYS5756736,D,S,D,2024-03-27,1000000.00,4.235724,100.08203125
08:00:33,91282CKC4,TSRYS5756736,D,S,D,2024-03-27,2000000.00,4.235724,100.08203125
08:00:33,91282CKC4,TSRYS5756736,D,S,D,2024-03-27,1000000.00,4.235724,100.08203125
08:00:33,91282CKC4,TSRYS5756736,D,S,T,2024-03-27,1000000.00,4.235068,100.0859375
08:00:33,91282CKC4,TSRYS5756736,D,S,D,2024-03-27,1000000.00,4.235724,100.08203125
08:00:33,91282CKC4,TSRYS5756736,D,S,T,2024-03-27,1000000.00,4.232442,100.1015625
08:00:33,91282CKC4,TSRYS5756736,D,S,D,2024-03-27,1000000.00,4.233099,100.09765625
08:00:33,91282CKC4,TSRYS5756736,D,S,D,2024-03-27,1000000.00,4.23113,100.109375
08:00:33,91282CKC4,TSRYS5756736,D,S,D,2024-03-27,2000000.00,4.230802,100.111328125
08:00:33,91282CKC4,TSRYS5756736,D,S,D,2024-03-27,1000000.00,4.230802,100.111328125
08:00:33,91282CKC4,TSRYS5756736,D,S,D,2024-03-27,1000000.00,4.235724,100.08203125
08:00:33,91282CKC4,TSRYS5756736,D,S,T,2024-03-27,1000000.00,4.235724,100.08203125
08:00:33,91282CKC4,TSRYS5756736,D,S,T,2024-03-27,1000000.00,4.234083,100.091796875
08:00:33,91282CKC4,TSRYS5756736,D,S,T,2024-03-27,1000000.00,4.236381,100.078125
08:00:33,91282CKC4,TSRYS5756736,D,S,T,2024-03-27,1000000.00,4.236709,100.076171875
08:00:33,91282CKC4,TSRYS5756736,D,S,T,2024-03-27,1000000.00,4.236053,100.080078125
08:00:33,91282CKC4,TSRYS5756736,D,S,T,2024-03-27,1000000.00,4.236381,100.078125
08:00:33,91282CKC4,TSRYS5756736,D,S,T,2024-03-27,1000000.00,4.236381,100.078125
08:00:33,91282CKC4,TSRYS5756736,D,S,T,2024-03-27,1000000.00,4.236381,100.078125
08:00:33,91282CKC4,TSRYS5756736,D,S,T,2024-03-27,1000000.00,4.236381,100.078125
08:00:33,91282CKC4,TSRYS5756736,D,S,T,2024-03-27,1000000.00,4.236381,100.078125
08:00:33,91282CKC4,TSRYS5756736,D,S,T,2024-03-27,1000000.00,4.236381,100.078125
08:00:33,91282CKC4,TSRYS5756736,D,S,T,2024-03-27,1000000.00,4.236381,100.078125
08:00:33,91282CKC4,TSRYS5756736,D,S,T,2024-03-27,1000000.00,4.236381,100.078125
08:00:33,91282CKC4,TSRYS5756736,D,S,T,2024-03-27,1000000.00,4.237366,100.072265625
08:00:33,91282CKC4,TSRYS5756736,D,S,T,2024-03-27,1000000.00,4.236381,100.078125
08:00:33,91282CKC4,TSRYS5756736,D,S,T,2024-03-27,1000000.00,4.236381,100.078125
08:00:33,91282CKC4,TSRYS5756736,D,S,T,2024-03-27,1000000.00,4.236381,100.078125
08:00:33,91282CKC4,TSRYS5756736,D,S,T,2024-03-27,1000000.00,4.236381,100.078125
08:00:33,91282CKC4,TSRYS5756736,D,S,T,2024-03-27,1000000.00,4.229818,100.1171875
08:00:33,91282CKC4,TSRYS5756736,D,S,T,2024-03-27,1000000.00,4.228505,100.125
08:00:33,91282CKC4,TSRYS5756736,D,S,T,2024-03-27,1000000.00,4.230474,100.11328125
08:00:33,91282CKC4,TSRYS5756736,D,S,T,2024-03-27,1000000.00,4.228505,100.125
08:00:33,91282CKC4,TSRYS5756736,D,S,T,2024-03-27,1000000.00,4.228505,100.125
08:00:33,91282CKC4,TSRYS5756736,D,S,T,2024-03-27,1000000.00,4.228505,100.125
08:00:33,91282CKC4,TSRYS5756736,D,S,T,2024-03-27,1000000.00,4.228505,100.125
08:00:33,91282CKC4,TSRYS5756736,D,S,T,2024-03-27,1000000.00,4.228505,100.125
08:00:33,91282CKC4,TSRYS5756736,D,S,T,2024-03-27,1000000.00,4.228505,100.125
08:00:33,91282CKC4,TSRYS5756736,D,S,T,2024-03-27,1000000.00,4.228505,100.125
08:00:33,91282CKC4,TSRYS5756736,D,S,T,2024-03-27,1000000.00,4.229161,100.12109375
08:00:33,91282CKC4,TSRYS5756736,D,S,T,2024-03-27,1000000.00,4.228505,100.125
08:00:33,91282CKC4,TSRYS5756736,D,S,T,2024-03-27,1000000.00,4.23113,100.109375
08:00:33,91282CKC4,TSRYS5756736,D,S,T,2024-03-27,1000000.00,4.228505,100.125
08:00:33,91282CKC4,TSRYS5756736,D,S,T,2024-03-27,1000000.00,4.228177,100.126953125
08:00:33,91282CKC4,TSRYS5756736,D,S,T,2024-03-27,1000000.00,4.228505,100.125
08:00:33,91282CKC4,TSRYS5756736,D,S,T,2024-03-27,1000000.00,4.228505,100.125
08:00:33,91282CKC4,TSRYS5756736,D,S,T,2024-03-27,2000000.00,4.232771,100.099609375
08:00:33,91282CKC4,TSRYS5756736,D,S,T,2024-03-27,1000000.00,4.23113,100.109375
08:00:33,91282CKC4,TSRYS5756736,D,S,D,2024-03-27,800000.00,4.224897,100.146484375
08:00:33,91282CKC4,TSRYS5756736,D,S,D,2024-03-27,1000000.00,4.224569,100.1484375
08:00:33,91282CKC4,TSRYS5756736,D,S,D,2024-03-27,1000000.00,4.224569,100.1484375
08:00:33,91282CKC4,TSRYS5756736,D,S,T,2024-03-27,1000000.00,4.233755,100.09375
08:00:33,91282CKC4,TSRYS5756736,D,S,T,2024-03-27,2000000.00,4.235396,100.083984375
08:00:33,91282CKC4,TSRYS5756736,D,S,T,2024-03-27,1000000.00,4.233755,100.09375
08:00:33,91282CKC4,TSRYS5756736,D,S,T,2024-03-27,1000000.00,4.236381,100.078125
08:00:33,91282CKC4,TSRYS5756736,D,S,T,2024-03-27,1000000.00,4.237694,100.0703125
08:00:33,91282CKC4,TSRYS5756736,D,S,T,2024-03-27,1000000.00,4.237694,100.0703125
08:00:33,91282CKC4,TSRYS5756736,D,S,T,2024-03-27,1000000.00,4.236053,100.080078125
08:00:33,91282CKC4,TSRYS5756736,D,S,T,2024-03-27,1000000.00,4.236381,100.078125
08:00:33,91282CKC4,TSRYS5756736,D,S,T,2024-03-27,1000000.00,4.236381,100.078125
08:00:33,91282CKC4,TSRYS5756736,D,S,T,2024-03-27,1000000.00,4.236381,100.078125
08:00:33,91282CKC4,TSRYS5756736,D,S,T,2024-03-27,2000000.00,4.239992,100.056640625
08:00:33,91282CKC4,TSRYS5756736,D,S,T,2024-03-27,1000000.00,4.244261,100.03125
08:00:33,91282CKC4,TSRYS5756736,D,S,T,2024-03-27,1000000.00,4.241634,100.046875
08:00:33,91282CKC4,TSRYS5756736,D,S,T,2024-03-27,1000000.00,4.239992,100.056640625
08:00:33,91282CKC4,TSRYS5756736,D,S,T,2024-03-27,1000000.00,4.241634,100.046875
08:00:33,91282CKC4,TSRYS5756736,D,S,T,2024-03-27,1000000.00,4.241634,100.046875
08:00:33,91282CKC4,TSRYS5756736,D,S,D,2024-03-27,1000000.00,4.24032,100.0546875
08:00:33,91282CKC4,TSRYS5756736,D,S,T,2024-03-27,1000000.00,4.239007,100.0625
08:00:33,91282CKC4,TSRYS5756736,D,S,T,2024-03-27,1000000.00,4.239007,100.0625
08:00:33,91282CKC4,TSRYS5756736,D,S,T,2024-03-27,1000000.00,4.239007,100.0625
08:00:33,91282CKC4,TSRYS5756736,D,S,T,2024-03-27,1000000.00,4.239007,100.0625
08:00:33,91282CKC4,TSRYS5756736,D,S,T,2024-03-27,1000000.00,4.239007,100.0625
08:00:33,91282CKC4,TSRYS5756736,D,S,T,2024-03-27,6000000.00,4.239007,100.0625
08:00:33,91282CKC4,TSRYS5756736,D,S,T,2024-03-27,8000000.00,4.239007,100.0625
08:00:33,91282CKC4,TSRYS5756736,D,S,T,2024-03-27,3000000.00,4.239007,100.0625
08:00:33,91282CKC4,TSRYS5756736,D,S,T,2024-03-27,2000000.00,4.239007,100.0625
08:00:33,91282CKC4,TSRYS5756736,D,S,T,2024-03-27,2000000.00,4.239007,100.0625
08:00:33,91282CKC4,TSRYS5756736,D,S,T,2024-03-27,1000000.00,4.239007,100.0625
08:00:33,91282CKC4,TSRYS5756736,D,S,T,2024-03-27,3000000.00,4.239007,100.0625
08:00:33,91282CKC4,TSRYS5756736,D,S,T,2024-03-27,1000000.00,4.236381,100.078125
08:00:33,91282CKC4,TSRYS5756736,D,S,T,2024-03-27,1000000.00,4.236381,100.078125
08:00:33,91282CKC4,TSRYS5756736,D,S,T,2024-03-27,2000000.00,4.236381,100.078125
08:00:33,91282CKC4,TSRYS5756736,D,S,T,2024-03-27,1000000.00,4.236381,100.078125
08:00:33,91282CKC4,TSRYS5756736,D,S,T,2024-03-27,1000000.00,4.236381,100.078125
08:00:33,91282CKC4,TSRYS5756736,D,S,T,2024-03-27,1000000.00,4.236381,100.078125
08:00:33,91282CKC4,TSRYS5756736,D,S,T,2024-03-27,1000000.00,4.236381,100.078125
08:00:33,91282CKC4,TSRYS5756736,D,S,T,2024-03-27,1000000.00,4.236381,100.078125
08:00:33,91282CKC4,TSRYS5756736,D,S,T,2024-03-27,1000000.00,4.236381,100.078125
08:00:33,91282CKC4,TSRYS5756736,D,S,T,2024-03-27,1000000.00,4.236381,100.078125
08:00:33,91282CKC4,TSRYS5756736,D,S,T,2024-03-27,1000000.00,4.236381,100.078125
08:00:33,91282CKC4,TSRYS5756736,D,S,T,2024-03-27,1000000.00,4.236381,100.078125
08:00:33,91282CKC4,TSRYS5756736,D,S,T,2024-03-27,1000000.00,4.236381,100.078125
08:00:33,91282CKC4,TSRYS5756736,D,S,T,2024-03-27,1000000.00,4.236381,100.078125
08:00:33,91282CKC4,TSRYS5756736,D,S,T,2024-03-27,1000000.00,4.236381,100.078125
08:00:33,91282CKC4,TSRYS5756736,D,S,T,2024-03-27,1000000.00,4.239007,100.0625
08:00:33,91282CKC4,TSRYS5756736,D,S,T,2024-03-27,2000000.00,4.239007,100.0625
08:00:33,91282CKC4,TSRYS5756736,D,S,T,2024-03-27,1000000.00,4.239007,100.0625
08:00:33,91282CKC4,TSRYS5756736,D,S,T,2024-03-27,1000000.00,4.239007,100.0625
08:00:33,91282CKC4,TSRYS5756736,D,S,T,2024-03-27,1000000.00,4.239007,100.0625
08:00:33,91282CKC4,TSRYS5756736,D,S,T,2024-03-27,3000000.00,4.239007,100.0625
08:00:33,91282CKC4,TSRYS5756736,D,S,T,2024-03-27,3000000.00,4.239007,100.0625
08:00:33,91282CKC4,TSRYS5756736,D,S,T,2024-03-27,1000000.00,4.238022,100.068359375
08:00:33,91282CKC4,TSRYS5756736,D,S,T,2024-03-27,1000000.00,4.238022,100.068359375
08:00:33,91282CKC4,TSRYS5756736,D,S,T,2024-03-27,1000000.00,4.237694,100.0703125
08:00:33,91282CKC4,TSRYS5756736,D,S,T,2024-03-27,3000000.00,4.237694,100.0703125
08:00:33,91282CKC4,TSRYS5756736,D,S,T,2024-03-27,1000000.00,4.237694,100.0703125
08:00:33,91282CKC4,TSRYS5756736,D,S,T,2024-03-27,1000000.00,4.237694,100.0703125
08:00:33,91282CKC4,TSRYS5756736,D,S,T,2024-03-27,1000000.00,4.237694,100.0703125
08:00:33,91282CKC4,TSRYS5756736,D,S,T,2024-03-27,1000000.00,4.237694,100.0703125
08:00:33,91282CKC4,TSRYS5756736,D,S,T,2024-03-27,1000000.00,4.236381,100.078125
08:00:33,91282CKC4,TSRYS5756736,D,S,T,2024-03-27,2000000.00,4.238022,100.068359375
08:00:33,91282CKC4,TSRYS5756736,D,S,T,2024-03-27,1000000.00,4.236381,100.078125
08:00:33,91282CKC4,TSRYS5756736,D,S,T,2024-03-27,1000000.00,4.236381,100.078125
08:00:33,91282CKC4,TSRYS5756736,D,S,T,2024-03-27,1000000.00,4.236381,100.078125
08:00:33,91282CKC4,TSRYS5756736,D,S,T,2024-03-27,1000000.00,4.236381,100.078125
08:00:33,91282CKC4,TSRYS5756736,D,S,T,2024-03-27,2000000.00,4.235724,100.08203125
08:00:33,91282CKC4,TSRYS5756736,D,S,T,2024-03-27,1000000.00,4.236381,100.078125
08:00:33,91282CKC4,TSRYS5756736,D,S,T,2024-03-27,3000000.00,4.236381,100.078125
08:00:33,91282CKC4,TSRYS5756736,D,S,T,2024-03-27,5000000.00,4.236381,100.078125
08:00:33,91282CKC4,TSRYS5756736,D,S,T,2024-03-27,2000000.00,4.236381,100.078125
08:00:33,91282CKC4,TSRYS5756736,D,S,T,2024-03-27,2000000.00,4.236381,100.078125
08:00:33,91282CKC4,TSRYS5756736,D,S,T,2024-03-27,1000000.00,4.236381,100.078125
08:00:33,91282CKC4,TSRYS5756736,D,S,T,2024-03-27,1000000.00,4.236381,100.078125
08:00:33,91282CKC4,TSRYS5756736,D,S,T,2024-03-27,1000000.00,4.236381,100.078125
08:00:33,91282CKC4,TSRYS5756736,D,S,T,2024-03-27,1000000.00,4.239007,100.0625
08:00:33,91282CKC4,TSRYS5756736,D,S,T,2024-03-27,5000000.00,4.238022,100.068359375
08:00:33,91282CKC4,TSRYS5756736,D,S,D,2024-03-27,3000000.00,4.238022,100.068359375
08:00:33,91282CKC4,TSRYS5756736,D,S,D,2024-03-27,2000000.00,4.238022,100.068359375
08:00:33,91282CKC4,TSRYS5756736,D,S,D,2024-03-27,3000000.00,4.238022,100.068359375
08:00:33,91282CKC4,TSRYS5756736,D,S,T,2024-03-27,2000000.00,4.236709,100.076171875
08:00:33,91282CKC4,TSRYS5756736,D,S,T,2024-03-27,1000000.00,4.233755,100.09375
08:00:33,91282CKC4,TSRYS5756736,D,S,T,2024-03-27,1000000.00,4.233755,100.09375
08:00:33,91282CKC4,TSRYS5756736,D,S,T,2024-03-27,1000000.00,4.233755,100.09375
08:00:33,91282CKC4,TSRYS5756736,D,S,T,2024-03-27,1000000.00,4.23113,100.109375
08:00:33,91282CKC4,TSRYS5756736,D,S,T,2024-03-27,1000000.00,4.228177,100.126953125
08:00:33,91282CKC4,TSRYS5756736,D,S,D,2024-03-27,2000000.00,4.226865,100.134765625
08:00:33,91282CKC4,TSRYS5756736,D,S,T,2024-03-27,1000000.00,4.224569,100.1484375
08:00:33,91282CKC4,TSRYS5756736,D,S,T,2024-03-27,1000000.00,4.224569,100.1484375
08:00:33,91282CKC4,TSRYS5756736,D,S,T,2024-03-27,1000000.00,4.224569,100.1484375
08:00:33,91282CKC4,TSRYS5756736,D,S,T,2024-03-27,1000000.00,4.224569,100.1484375
08:00:33,91282CKC4,TSRYS5756736,D,S,T,2024-03-27,1000000.00,4.224569,100.1484375
08:00:33,91282CKC4,TSRYS5756736,D,S,T,2024-03-27,1000000.00,4.224569,100.1484375
08:00:33,91282CKC4,TSRYS5756736,D,S,T,2024-03-27,1000000.00,4.224569,100.1484375
08:00:33,91282CKC4,TSRYS5756736,D,S,T,2024-03-27,1000000.00,4.224569,100.1484375
08:00:33,91282CKC4,TSRYS5756736,D,S,T,2024-03-27,1000000.00,4.224569,100.1484375
08:00:33,91282CKC4,TSRYS5756736,D,S,T,2024-03-27,1000000.00,4.224569,100.1484375
08:00:33,91282CKC4,TSRYS5756736,D,S,T,2024-03-27,1000000.00,4.224569,100.1484375
08:00:33,91282CKC4,TSRYS5756736,D,S,T,2024-03-27,1000000.00,4.224569,100.1484375
08:00:33,91282CKC4,TSRYS5756736,D,S,T,2024-03-27,1000000.00,4.224569,100.1484375
08:00:33,91282CKC4,TSRYS5756736,D,S,T,2024-03-27,1000000.00,4.224569,100.1484375
08:00:33,91282CKC4,TSRYS5756736,D,S,T,2024-03-27,1000000.00,4.224569,100.1484375
08:00:33,91282CKC4,TSRYS5756736,D,S,T,2024-03-27,2000000.00,4.222929,100.158203125
08:00:33,91282CKC4,TSRYS5756736,D,S,T,2024-03-27,1000000.00,4.226537,100.13671875
08:00:33,91282CKC4,TSRYS5756736,D,S,T,2024-03-27,1000000.00,4.226537,100.13671875
08:00:33,91282CKC4,TSRYS5756736,D,S,T,2024-03-27,1000000.00,4.226209,100.138671875
08:00:33,91282CKC4,TSRYS5756736,D,S,T,2024-03-27,1000000.00,4.225881,100.140625
08:00:33,91282CKC4,TSRYS5756736,D,S,T,2024-03-27,1000000.00,4.225881,100.140625
08:00:33,91282CKC4,TSRYS5756736,D,S,T,2024-03-27,1000000.00,4.225881,100.140625
08:00:33,91282CKC4,TSRYS5756736,D,S,T,2024-03-27,1000000.00,4.225881,100.140625
08:00:33,91282CKC4,TSRYS5756736,D,S,T,2024-03-27,1000000.00,4.225881,100.140625
08:00:33,91282CKC4,TSRYS5756736,D,S,T,2024-03-27,1000000.00,4.225881,100.140625
08:00:33,91282CKC4,TSRYS5756736,D,S,T,2024-03-27,1000000.00,4.225881,100.140625
08:00:33,91282CKC4,TSRYS5756736,D,S,T,2024-03-27,1000000.00,4.225881,100.140625
08:00:33,91282CKC4,TSRYS5756736,D,S,T,2024-03-27,1000000.00,4.225881,100.140625
08:00:33,91282CKC4,TSRYS5756736,D,S,T,2024-03-27,1000000.00,4.225881,100.140625
08:00:33,91282CKC4,TSRYS5756736,D,S,T,2024-03-27,1000000.00,4.225881,100.140625
08:00:33,91282CKC4,TSRYS5756736,D,S,T,2024-03-27,1000000.00,4.225881,100.140625
08:00:33,91282CKC4,TSRYS5756736,D,S,T,2024-03-27,1000000.00,4.223913,100.15234375
08:00:33,91282CKC4,TSRYS5756736,D,S,T,2024-03-27,1000000.00,4.223913,100.15234375
08:00:33,91282CKC4,TSRYS5756736,D,S,T,2024-03-27,1000000.00,4.223913,100.15234375
08:00:33,91282CKC4,TSRYS5756736,D,S,T,2024-03-27,1000000.00,4.223913,100.15234375
08:00:33,91282CKC4,TSRYS5756736,D,S,T,2024-03-27,1000000.00,4.236381,100.078125
08:00:33,91282CKC4,TSRYS5756736,D,S,T,2024-03-27,1000000.00,4.236381,100.078125
08:00:33,91282CKC4,TSRYS5756736,D,S,C,2024-03-27,800000.00,4.224897,100.146484375
08:00:33,91282CKC4,TSRYS5756736,D,S,D,2024-03-27,2000000.00,4.224569,100.1484375
08:00:33,91282CKC4,TSRYS5756736,D,S,C,2024-03-27,800000.00,4.224897,100.146484375
08:00:33,91282CKC4,TSRYS5756736,D,S,D,2024-03-27,1000000.00,4.224569,100.1484375
08:00:33,91282CKC4,TSRYS5756736,D,S,D,2024-03-27,1000000.00,4.224569,100.1484375
08:00:33,91282CKC4,TSRYS5756736,D,S,D,2024-03-27,800000.00,4.225225,100.14453125
08:00:33,91282CKC4,TSRYS5756736,D,S,D,2024-03-27,2000000.00,4.225881,100.140625
08:00:33,91282CKC4,TSRYS5756736,D,S,C,2024-03-27,800000.00,4.225881,100.140625
08:00:33,91282CKC4,TSRYS5756736,D,S,T,2024-03-27,1000000.00,4.236381,100.078125
08:00:33,91282CKC4,TSRYS5756736,D,S,T,2024-03-27,1000000.00,4.236381,100.078125
08:00:33,91282CKC4,TSRYS5756736,D,S,D,2024-03-27,1000000.00,4.226865,100.134765625
08:00:33,91282CKC4,TSRYS5756736,D,S,D,2024-03-27,1000000.00,4.226865,100.134765625
08:00:33,91282CKC4,TSRYS5756736,D,S,C,2024-03-27,800000.00,4.227193,100.1328125
08:00:33,91282CKC4,TSRYS5756736,D,S,D,2024-03-27,1000000.00,4.227193,100.1328125
08:00:33,91282CKC4,TSRYS5756736,D,S,D,2024-03-27,2000000.00,4.227193,100.1328125
08:00:37,91282CKC4,TSRYS5756736,D,S,D,2024-03-27,800000.00,4.227849,100.12890625
08:00:37,91282CKC4,TSRYS5756736,D,S,D,2024-03-27,2000000.00,4.227193,100.1328125
08:00:37,91282CKC4,TSRYS5756736,D,S,C,2024-03-27,800000.00,4.228177,100.126953125
08:00:37,91282CKC4,TSRYS5756736,D,S,D,2024-03-27,2000000.00,4.227849,100.12890625
08:00:37,91282CKC4,TSRYS5756736,D,S,C,2024-03-27,800000.00,4.227193,100.1328125
08:00:37,91282CKC4,TSRYS5756736,D,S,D,2024-03-27,1000000.00,4.226537,100.13671875
08:00:37,91282CKC4,TSRYS5756736,D,S,D,2024-03-27,1000000.00,4.226537,100.13671875
08:00:37,91282CKC4,TSRYS5756736,D,S,C,2024-03-27,800000.00,4.225881,100.140625
08:00:37,91282CKC4,TSRYS5756736,D,S,D,2024-03-27,1000000.00,4.225225,100.14453125
08:00:37,91282CKC4,TSRYS5756736,D,S,D,2024-03-27,1000000.00,4.225225,100.14453125
08:00:37,91282CKC4,TSRYS5756736,D,S,D,2024-03-27,800000.00,4.225881,100.140625
08:00:37,91282CKC4,TSRYS5756736,D,S,D,2024-03-27,1000000.00,4.224569,100.1484375
08:00:37,91282CKC4,TSRYS5756736,D,S,D,2024-03-27,1000000.00,4.224569,100.1484375
08:00:37,91282CKC4,TSRYS5756736,D,S,D,2024-03-27,800000.00,4.225225,100.14453125
08:00:37,91282CKC4,TSRYS5756736,D,S,D,2024-03-27,1000000.00,4.224569,100.1484375
08:00:37,91282CKC4,TSRYS5756736,D,S,D,2024-03-27,1000000.00,4.224569,100.1484375
08:00:37,91282CKC4,TSRYS5756736,D,S,D,2024-03-27,1000000.00,4.224569,100.1484375
08:00:37,91282CKC4,TSRYS5756736,D,B,C,2024-03-27,1000000.00,4.224569,100.1484375
08:00:37,91282CKC4,TSRYS5756736,D,S,D,2024-03-27,2000000.00,4.224569,100.1484375
08:00:37,91282CKC4,TSRYS5756736,D,B,C,2024-03-27,2000000.00,4.224569,100.1484375
08:00:37,91282CKC4,TSRYS5756736,D,S,D,2024-03-27,2000000.00,4.224569,100.1484375
08:00:37,91282CKC4,TSRYS5756736,D,B,C,2024-03-27,2000000.00,4.224569,100.1484375
08:00:37,91282CKC4,TSRYS5756736,D,S,D,2024-03-27,1000000.00,4.223585,100.154296875
08:00:37,91282CKC4,TSRYS5756736,D,S,D,2024-03-27,800000.00,4.224569,100.1484375
08:00:37,91282CKC4,TSRYS5756736,D,S,D,2024-03-27,1000000.00,4.223913,100.15234375
08:00:37,91282CKC4,TSRYS5756736,D,S,D,2024-03-27,1000000.00,4.223913,100.15234375
08:00:37,91282CKC4,TSRYS5756736,D,S,C,2024-03-27,600000.00,4.224569,100.1484375
08:00:37,91282CKC4,TSRYS5756736,D,S,D,2024-03-27,1000000.00,4.224241,100.150390625
08:00:37,91282CKC4,TSRYS5756736,D,S,D,2024-03-27,200000.00,4.224569,100.1484375
08:00:37,91282CKC4,TSRYS5756736,D,S,D,2024-03-27,2800000.00,4.225881,100.140625
08:00:37,91282CKC4,TSRYS5756736,D,S,D,2024-03-27,2800000.00,4.225553,100.142578125
08:00:37,91282CKC4,TSRYS5756736,D,S,D,2024-03-27,2000000.00,4.224569,100.1484375
08:00:37,91282CKC4,TSRYS5756736,D,S,T,2024-03-27,1000000.00,4.231458,100.107421875
08:00:37,91282CKC4,TSRYS5756736,D,S,C,2024-03-27,1150000.00,4.233755,100.09375
08:00:37,91282CKC4,TSRYS5756736,D,S,T,2024-03-27,1000000.00,4.236709,100.076171875
08:00:37,91282CKC4,TSRYS5756736,D,S,T,2024-03-27,1000000.00,4.236709,100.076171875
08:00:37,91282CKC4,TSRYS5756736,D,S,T,2024-03-27,1000000.00,4.236709,100.076171875
08:00:37,91282CKC4,TSRYS5756736,D,S,T,2024-03-27,1000000.00,4.236709,100.076171875
08:00:37,91282CKC4,TSRYS5756736,D,S,T,2024-03-27,1000000.00,4.236709,100.076171875
08:00:37,91282CKC4,TSRYS5756736,D,S,T,2024-03-27,1000000.00,4.236709,100.076171875
08:00:37,91282CKC4,TSRYS5756736,D,S,T,2024-03-27,1000000.00,4.236709,100.076171875
08:00:37,91282CKC4,TSRYS5756736,D,S,T,2024-03-27,1000000.00,4.236709,100.076171875
08:00:37,91282CKC4,TSRYS5756736,D,S,T,2024-03-27,1000000.00,4.234411,100.08984375
08:00:37,91282CKC4,TSRYS5756736,D,S,T,2024-03-27,1000000.00,4.234411,100.08984375
08:00:37,91282CKC4,TSRYS5756736,D,S,T,2024-03-27,1000000.00,4.229818,100.1171875
08:00:37,91282CKC4,TSRYS5756736,D,S,T,2024-03-27,1000000.00,4.229818,100.1171875
08:00:37,91282CKC4,TSRYS5756736,D,S,T,2024-03-27,1000000.00,4.229818,100.1171875
08:00:37,91282CKC4,TSRYS5756736,D,S,T,2024-03-27,1000000.00,4.229818,100.1171875
08:00:37,91282CKC4,TSRYS5756736,D,S,T,2024-03-27,1000000.00,4.229818,100.1171875
08:00:37,91282CKC4,TSRYS5756736,D,S,T,2024-03-27,1000000.00,4.229818,100.1171875
08:00:37,91282CKC4,TSRYS5756736,D,S,T,2024-03-27,2000000.00,4.229818,100.1171875
08:00:37,91282CKC4,TSRYS5756736,D,S,T,2024-03-27,1000000.00,4.229818,100.1171875
08:00:37,91282CKC4,TSRYS5756736,D,S,T,2024-03-27,1000000.00,4.229818,100.1171875
08:00:37,91282CKC4,TSRYS5756736,D,S,T,2024-03-27,1000000.00,4.229818,100.1171875
08:00:37,91282CKC4,TSRYS5756736,D,S,T,2024-03-27,2000000.00,4.229818,100.1171875
08:00:37,91282CKC4,TSRYS5756736,D,S,T,2024-03-27,2000000.00,4.229818,100.1171875
08:00:37,91282CKC4,TSRYS5756736,D,S,T,2024-03-27,1000000.00,4.229818,100.1171875
08:00:37,91282CKC4,TSRYS5756736,D,S,T,2024-03-27,1000000.00,4.229818,100.1171875
08:00:37,91282CKC4,TSRYS5756736,D,S,T,2024-03-27,1000000.00,4.236709,100.076171875
08:00:37,91282CKC4,TSRYS5756736,D,S,T,2024-03-27,1000000.00,4.236709,100.076171875
08:00:37,91282CKC4,TSRYS5756736,D,S,T,2024-03-27,1000000.00,4.236709,100.076171875
08:00:37,91282CKC4,TSRYS5756736,D,S,T,2024-03-27,1000000.00,4.236381,100.078125
08:00:37,91282CKC4,TSRYS5756736,D,S,A,2024-03-27,150000.00,4.241634,100.046875
08:00:37,91282CKC4,TSRYS5756736,D,S,A,2024-03-27,1000000.00,4.239664,100.05859375
08:00:37,91282CKC4,TSRYS5756736,D,S,T,2024-03-27,1000000.00,4.239007,100.0625
08:00:37,91282CKC4,TSRYS5756736,D,S,T,2024-03-27,1000000.00,4.237037,100.07421875
08:00:37,91282CKC4,TSRYS5756736,D,S,T,2024-03-27,1000000.00,4.236381,100.078125
08:00:37,91282CKC4,TSRYS5756736,D,S,T,2024-03-27,1000000.00,4.236381,100.078125
08:00:37,91282CKC4,TSRYS5756736,D,S,D,2024-03-27,18000.00,4.231786,100.10546875
08:00:37,91282CKC4,TSRYS5756736,D,S,T,2024-03-27,1000000.00,4.228833,100.123046875
08:00:37,91282CKC4,TSRYS5756736,D,S,C,2024-03-27,150MM+,4.291631,99.75
08:00:37,91282CKC4,TSRYS5756736,D,S,T,2024-03-27,1000000.00,4.225881,100.140625
08:00:37,91282CKC4,TSRYS5756736,D,S,T,2024-03-27,1000000.00,4.223257,100.15625
08:00:37,91282CKC4,TSRYS5756736,D,S,D,2024-03-27,800000.00,4.225553,100.142578125
08:00:37,91282CKC4,TSRYS5756736,D,S,D,2024-03-27,1000000.00,4.225225,100.14453125
08:00:37,91282CKC4,TSRYS5756736,D,S,D,2024-03-27,1000000.00,4.225225,100.14453125
08:00:37,91282CKC4,TSRYS5756736,D,S,D,2024-03-27,800000.00,4.225225,100.14453125
08:00:37,91282CKC4,TSRYS5756736,D,S,D,2024-03-27,2000000.00,4.224569,100.1484375
08:00:37,91282CKC4,TSRYS5756736,D,S,D,2024-03-27,800000.00,4.223257,100.15625
08:00:37,91282CKC4,TSRYS5756736,D,S,D,2024-03-27,2000000.00,4.222601,100.16015625
08:00:37,91282CKC4,TSRYS5756736,D,S,D,2024-03-27,800000.00,4.223257,100.15625
08:00:37,91282CKC4,TSRYS5756736,D,S,D,2024-03-27,2000000.00,4.223913,100.15234375
08:00:37,91282CKC4,TSRYS5756736,D,S,D,2024-03-27,1000000.00,4.223913,100.15234375
08:00:37,91282CKC4,TSRYS5756736,D,S,D,2024-03-27,1000000.00,4.223913,100.15234375
08:00:37,91282CKC4,TSRYS5756736,D,S,D,2024-03-27,1000000.00,4.223913,100.15234375
08:00:38,91282CKC4,TSRYS5756736,D,S,D,2024-03-27,1000000.00,4.223585,100.154296875
08:00:38,91282CKC4,TSRYS5756736,D,S,D,2024-03-27,3000000.00,4.223585,100.154296875
08:00:38,91282CKC4,TSRYS5756736,D,S,D,2024-03-27,1000000.00,4.223585,100.154296875
08:00:39,91282CKC4,TSRYS5756736,D,S,T,2024-03-27,1000000.00,4.236381,100.078125
08:00:40,91282CKC4,TSRYS5756736,D,S,D,2024-03-27,2000000.00,4.223913,100.15234375
08:00:40,91282CKC4,TSRYS5756736,D,S,D,2024-03-27,800000.00,4.224569,100.1484375
08:00:40,91282CKC4,TSRYS5756736,D,S,D,2024-03-27,2000000.00,4.223913,100.15234375
08:00:40,91282CKC4,TSRYS5756736,D,S,D,2024-03-27,800000.00,4.224241,100.150390625
08:00:40,91282CKC4,TSRYS5756736,D,S,D,2024-03-27,2000000.00,4.223585,100.154296875
08:00:40,91282CKC4,TSRYS5756736,D,S,D,2024-03-27,1000000.00,4.223585,100.154296875
08:00:40,91282CKC4,TSRYS5756736,D,S,D,2024-03-27,1000000.00,4.223585,100.154296875
08:00:40,91282CKC4,TSRYS5756736,D,S,D,2024-03-27,1000000.00,4.223585,100.154296875
08:00:40,91282CKC4,TSRYS5756736,D,S,D,2024-03-27,1000000.00,4.223585,100.154296875
08:00:40,91282CKC4,TSRYS5756736,D,S,D,2024-03-27,2000000.00,4.223913,100.15234375
08:00:40,91282CKC4,TSRYS5756736,D,S,T,2024-03-27,2000000.00,4.236381,100.078125
08:00:40,91282CKC4,TSRYS5756736,D,S,T,2024-03-27,3000000.00,4.236381,100.078125
08:00:40,91282CKC4,TSRYS5756736,D,S,D,2024-03-27,2000000.00,4.223585,100.154296875
08:00:40,91282CKC4,TSRYS5756736,D,S,D,2024-03-27,1000000.00,4.223585,100.154296875
08:00:40,91282CKC4,TSRYS5756736,D,S,D,2024-03-27,800000.00,4.223257,100.15625
08:00:43,91282CKC4,TSRYS5756736,D,S,D,2024-03-27,1000000.00,4.235724,100.08203125
08:00:43,91282CKC4,TSRYS5756736,D,S,T,2024-03-27,1000000.00,4.232771,100.099609375
08:00:43,91282CKC4,TSRYS5756736,D,S,D,2024-03-27,1000000.00,4.233099,100.09765625
08:00:43,91282CKC4,TSRYS5756736,D,S,D,2024-03-27,1000000.00,4.231458,100.107421875
08:00:43,91282CKC4,TSRYS5756736,D,S,T,2024-03-27,1000000.00,4.233755,100.09375
08:00:43,91282CKC4,TSRYS5756736,D,S,T,2024-03-27,1000000.00,4.230474,100.11328125
08:00:43,91282CKC4,TSRYS5756736,D,S,T,2024-03-27,1000000.00,4.236381,100.078125
08:00:43,91282CKC4,TSRYS5756736,D,S,T,2024-03-27,1000000.00,4.236381,100.078125
08:00:43,91282CKC4,TSRYS5756736,D,S,D,2024-03-27,1000000.00,4.235396,100.083984375
08:00:43,91282CKC4,TSRYS5756736,D,S,D,2024-03-27,1000000.00,4.235724,100.08203125
08:00:43,91282CKC4,TSRYS5756736,D,S,D,2024-03-27,1000000.00,4.236381,100.078125
08:00:43,91282CKC4,TSRYS5756736,D,S,T,2024-03-27,1000000.00,4.237694,100.0703125
08:00:43,91282CKC4,TSRYS5756736,D,S,D,2024-03-27,1000000.00,4.237694,100.0703125
08:00:43,91282CKC4,TSRYS5756736,D,S,D,2024-03-27,1000000.00,4.237366,100.072265625
08:00:43,91282CKC4,TSRYS5756736,D,S,T,2024-03-27,1000000.00,4.236381,100.078125
08:00:43,91282CKC4,TSRYS5756736,D,S,T,2024-03-27,1000000.00,4.236381,100.078125
08:00:43,91282CKC4,TSRYS5756736,D,S,T,2024-03-27,1000000.00,4.236381,100.078125
08:00:43,91282CKC4,TSRYS5756736,D,S,T,2024-03-27,1000000.00,4.236381,100.078125
08:00:43,91282CKC4,TSRYS5756736,D,S,T,2024-03-27,1000000.00,4.235068,100.0859375
08:00:43,91282CKC4,TSRYS5756736,D,S,T,2024-03-27,1000000.00,4.235068,100.0859375
08:00:43,91282CKC4,TSRYS5756736,D,S,T,2024-03-27,1000000.00,4.235068,100.0859375
08:00:43,91282CKC4,TSRYS5756736,D,S,D,2024-03-27,1000000.00,4.227521,100.130859375
08:00:43,91282CKC4,TSRYS5756736,D,S,D,2024-03-27,1000000.00,4.23113,100.109375
08:00:43,91282CKC4,TSRYS5756736,D,S,T,2024-03-27,1000000.00,4.23113,100.109375
08:00:43,91282CKC4,TSRYS5756736,D,S,T,2024-03-27,1000000.00,4.229818,100.1171875
08:00:43,91282CKC4,TSRYS5756736,D,S,T,2024-03-27,1000000.00,4.23113,100.109375
08:00:43,91282CKC4,TSRYS5756736,D,S,T,2024-03-27,1000000.00,4.23113,100.109375
08:00:43,91282CKC4,TSRYS5756736,D,S,T,2024-03-27,1000000.00,4.227849,100.12890625
08:00:43,91282CKC4,TSRYS5756736,D,S,D,2024-03-27,1000000.00,4.232442,100.1015625
08:00:43,91282CKC4,TSRYS5756736,D,S,T,2024-03-27,1000000.00,4.233755,100.09375
08:00:43,91282CKC4,TSRYS5756736,D,S,T,2024-03-27,1000000.00,4.233755,100.09375
08:00:43,91282CKC4,TSRYS5756736,D,S,D,2024-03-27,1000000.00,4.233755,100.09375
08:00:43,91282CKC4,TSRYS5756736,D,S,T,2024-03-27,1000000.00,4.233755,100.09375
08:00:43,91282CKC4,TSRYS5756736,D,S,T,2024-03-27,1000000.00,4.233755,100.09375
08:00:43,91282CKC4,TSRYS5756736,D,S,T,2024-03-27,1000000.00,4.233755,100.09375
08:00:43,91282CKC4,TSRYS5756736,D,S,T,2024-03-27,1000000.00,4.235396,100.083984375
08:00:43,91282CKC4,TSRYS5756736,D,S,T,2024-03-27,1000000.00,4.236381,100.078125
08:00:43,91282CKC4,TSRYS5756736,D,S,T,2024-03-27,1000000.00,4.236381,100.078125
08:00:43,91282CKC4,TSRYS5756736,D,S,D,2024-03-27,1000000.00,4.235396,100.083984375
08:00:43,91282CKC4,TSRYS5756736,D,S,T,2024-03-27,1000000.00,4.235068,100.0859375
08:00:43,91282CKC4,TSRYS5756736,D,S,T,2024-03-27,1000000.00,4.235068,100.0859375
08:00:43,91282CKC4,TSRYS5756736,D,S,T,2024-03-27,1000000.00,4.235068,100.0859375
08:00:43,91282CKC4,TSRYS5756736,D,S,T,2024-03-27,1000000.00,4.237366,100.072265625
08:00:43,91282CKC4,TSRYS5756736,D,S,T,2024-03-27,1000000.00,4.236381,100.078125
08:00:43,91282CKC4,TSRYS5756736,D,S,T,2024-03-27,1000000.00,4.236381,100.078125
08:00:44,91282CKC4,TSRYS5756736,D,S,D,2024-03-27,2000000.00,4.221946,100.1640625
08:00:44,91282CKC4,TSRYS5756736,D,S,D,2024-03-27,1000000.00,4.239992,100.056640625
08:00:44,91282CKC4,TSRYS5756736,D,S,D,2024-03-27,1000000.00,4.239664,100.05859375
08:00:44,91282CKC4,TSRYS5756736,D,S,D,2024-03-27,1000000.00,4.239664,100.05859375
08:00:44,91282CKC4,TSRYS5756736,D,S,T,2024-03-27,1000000.00,4.239664,100.05859375
08:00:44,91282CKC4,TSRYS5756736,D,S,D,2024-03-27,1000000.00,4.239664,100.05859375
08:00:44,91282CKC4,TSRYS5756736,D,S,T,2024-03-27,1000000.00,4.241634,100.046875
08:00:44,91282CKC4,TSRYS5756736,D,S,T,2024-03-27,1000000.00,4.241634,100.046875
08:00:44,91282CKC4,TSRYS5756736,D,S,T,2024-03-27,1000000.00,4.241634,100.046875
08:00:44,91282CKC4,TSRYS5756736,D,S,T,2024-03-27,1000000.00,4.237694,100.0703125
08:00:44,91282CKC4,TSRYS5756736,D,S,D,2024-03-27,1000000.00,4.238022,100.068359375
08:00:44,91282CKC4,TSRYS5756736,D,S,T,2024-03-27,1000000.00,4.236381,100.078125
08:00:44,91282CKC4,TSRYS5756736,D,S,D,2024-03-27,1000000.00,4.236381,100.078125
08:00:44,91282CKC4,TSRYS5756736,D,S,T,2024-03-27,1000000.00,4.237366,100.072265625
08:00:44,91282CKC4,TSRYS5756736,D,S,T,2024-03-27,1000000.00,4.237694,100.0703125
08:00:44,91282CKC4,TSRYS5756736,D,S,D,2024-03-27,1000000.00,4.237694,100.0703125
08:00:44,91282CKC4,TSRYS5756736,D,S,T,2024-03-27,1000000.00,4.237694,100.0703125
08:00:44,91282CKC4,TSRYS5756736,D,S,T,2024-03-27,1000000.00,4.237694,100.0703125
08:00:44,91282CKC4,TSRYS5756736,D,S,T,2024-03-27,1000000.00,4.237694,100.0703125
08:00:44,91282CKC4,TSRYS5756736,D,S,T,2024-03-27,1000000.00,4.237694,100.0703125
08:00:44,91282CKC4,TSRYS5756736,D,S,T,2024-03-27,1000000.00,4.237694,100.0703125
08:00:44,91282CKC4,TSRYS5756736,D,S,T,2024-03-27,1000000.00,4.236381,100.078125
08:00:44,91282CKC4,TSRYS5756736,D,S,T,2024-03-27,1000000.00,4.236709,100.076171875
08:00:44,91282CKC4,TSRYS5756736,D,S,D,2024-03-27,1000000.00,4.236709,100.076171875
08:00:44,91282CKC4,TSRYS5756736,D,S,D,2024-03-27,1000000.00,4.227193,100.1328125
08:00:44,91282CKC4,TSRYS5756736,D,S,T,2024-03-27,1000000.00,4.223257,100.15625
08:00:44,91282CKC4,TSRYS5756736,D,S,T,2024-03-27,1000000.00,4.223257,100.15625
08:00:44,91282CKC4,TSRYS5756736,D,S,T,2024-03-27,1000000.00,4.223257,100.15625
08:00:44,91282CKC4,TSRYS5756736,D,S,T,2024-03-27,1000000.00,4.225881,100.140625
08:00:44,91282CKC4,TSRYS5756736,D,S,T,2024-03-27,1000000.00,4.225881,100.140625
08:00:44,91282CKC4,TSRYS5756736,D,S,T,2024-03-27,1000000.00,4.225881,100.140625
08:00:44,91282CKC4,TSRYS5756736,D,S,T,2024-03-27,1000000.00,4.225881,100.140625
08:00:44,91282CKC4,TSRYS5756736,D,S,T,2024-03-27,1000000.00,4.223257,100.15625
08:00:46,91282CKC4,TSRYS5756736,D,S,T,2024-03-27,2000000.00,4.233427,100.095703125
08:00:49,91282CKC4,TSRYS5756736,D,S,D,2024-03-27,34000000.00,4.231084,100.1096504
08:00:50,91282CKC4,TSRYS5756736,D,S,T,2024-03-27,1000000.00,4.228505,100.125
08:00:51,91282CKC4,TSRYS5756736,D,S,T,2024-03-27,2000000.00,4.222273,100.162109375
08:00:51,91282CKC4,TSRYS5756736,D,S,D,2024-03-27,1000000.00,4.222273,100.162109375
08:00:51,91282CKC4,TSRYS5756736,D,S,T,2024-03-27,1000000.00,4.225881,100.140625
08:00:54,91282CKC4,TSRYS5756736,D,B,A,2024-03-27,1000000.00,4.241634,100.046875
08:00:58,91282CKC4,TSRYS5756736,D,S,T,2024-03-27,1000000.00,4.225881,100.140625
08:00:59,91282CKC4,TSRYS5756736,D,S,T,2024-03-27,1000000.00,4.236381,100.078125
08:00:59,91282CKC4,TSRYS5756736,D,S,T,2024-03-27,1000000.00,4.236381,100.078125
08:00:59,91282CKC4,TSRYS5756736,D,S,A,2024-03-27,150MM+,4.237694,100.0703125
08:01:01,91282CKC4,TSRYS5756736,D,S,T,2024-03-27,6000000.00,4.223257,100.15625
08:01:01,91282CKC4,TSRYS5756736,D,S,T,2024-03-27,1000000.00,4.223257,100.15625
08:01:03,91282CKC4,TSRYS5756736,D,S,D,2024-03-27,800000.00,4.222273,100.162109375
08:01:03,91282CKC4,TSRYS5756736,D,B,C,2024-03-27,126000000.00,4.224972,100.146038666
08:01:04,91282CKC4,TSRYS5756736,D,S,T,2024-03-27,1000000.00,4.236381,100.078125
08:01:04,91282CKC4,TSRYS5756736,D,S,T,2024-03-27,1000000.00,4.238022,100.068359375
08:01:04,91282CKC4,TSRYS5756736,D,S,T,2024-03-27,1000000.00,4.236381,100.078125
08:01:04,91282CKC4,TSRYS5756736,D,S,T,2024-03-27,1000000.00,4.236381,100.078125
08:01:04,91282CKC4,TSRYS5756736,D,S,T,2024-03-27,1000000.00,4.236381,100.078125
08:01:05,91282CKC4,TSRYS5756736,D,S,T,2024-03-27,1000000.00,4.223257,100.15625
08:01:05,91282CKC4,TSRYS5756736,D,S,T,2024-03-27,2000000.00,4.223257,100.15625
08:01:05,91282CKC4,TSRYS5756736,D,S,T,2024-03-27,1000000.00,4.223274,100.15615
08:01:05,91282CKC4,TSRYS5756736,D,S,T,2024-03-27,1000000.00,4.223602,100.154196875
08:01:06,91282CKC4,TSRYS5756736,D,S,D,2024-03-27,1000000.00,4.235724,100.08203125
08:01:06,91282CKC4,TSRYS5756736,D,B,C,2024-03-27,1000000.00,4.233099,100.09765625
08:01:06,91282CKC4,TSRYS5756736,D,S,D,2024-03-27,1000000.00,4.233099,100.09765625
08:01:06,91282CKC4,TSRYS5756736,D,S,D,2024-03-27,1000000.00,4.233427,100.095703125
08:01:06,91282CKC4,TSRYS5756736,D,S,D,2024-03-27,2000000.00,4.233755,100.09375
08:01:06,91282CKC4,TSRYS5756736,D,B,C,2024-03-27,2000000.00,4.233755,100.09375
08:01:06,91282CKC4,TSRYS5756736,D,S,D,2024-03-27,1000000.00,4.233427,100.095703125
08:01:06,91282CKC4,TSRYS5756736,D,S,D,2024-03-27,1000000.00,4.233099,100.09765625
08:01:06,91282CKC4,TSRYS5756736,D,S,D,2024-03-27,1000000.00,4.233099,100.09765625
08:01:06,91282CKC4,TSRYS5756736,D,B,C,2024-03-27,1000000.00,4.232114,100.103515625
08:01:06,91282CKC4,TSRYS5756736,D,B,C,2024-03-27,1000000.00,4.232114,100.103515625
08:01:06,91282CKC4,TSRYS5756736,D,S,C,2024-03-27,2000000.00,4.231786,100.10546875
08:01:06,91282CKC4,TSRYS5756736,D,S,C,2024-03-27,1000000.00,4.232114,100.103515625
08:01:06,91282CKC4,TSRYS5756736,D,S,C,2024-03-27,1000000.00,4.232114,100.103515625
08:01:06,91282CKC4,TSRYS5756736,D,S,C,2024-03-27,1000000.00,4.231458,100.107421875
08:01:06,91282CKC4,TSRYS5756736,D,S,C,2024-03-27,1000000.00,4.230802,100.111328125
08:01:06,91282CKC4,TSRYS5756736,D,B,C,2024-03-27,1000000.00,4.230802,100.111328125
08:01:06,91282CKC4,TSRYS5756736,D,B,C,2024-03-27,1000000.00,4.230802,100.111328125
08:01:06,91282CKC4,TSRYS5756736,D,S,D,2024-03-27,1000000.00,4.232442,100.1015625
08:01:06,91282CKC4,TSRYS5756736,D,S,D,2024-03-27,2000000.00,4.232442,100.1015625
08:01:06,91282CKC4,TSRYS5756736,D,S,C,2024-03-27,1000000.00,4.230802,100.111328125
08:01:06,91282CKC4,TSRYS5756736,D,B,C,2024-03-27,1000000.00,4.236053,100.080078125
08:01:07,91282CKC4,TSRYS5756736,D,S,C,2024-03-27,1000000.00,4.235396,100.083984375
08:01:07,91282CKC4,TSRYS5756736,D,S,C,2024-03-27,1000000.00,4.236053,100.080078125
08:01:07,91282CKC4,TSRYS5756736,D,S,D,2024-03-27,1000000.00,4.235724,100.08203125
08:01:07,91282CKC4,TSRYS5756736,D,S,C,2024-03-27,1000000.00,4.234083,100.091796875
08:01:07,91282CKC4,TSRYS5756736,D,S,C,2024-03-27,3000000.00,4.235396,100.083984375
08:01:07,91282CKC4,TSRYS5756736,D,B,C,2024-03-27,1000000.00,4.238022,100.068359375
08:01:07,91282CKC4,TSRYS5756736,D,S,C,2024-03-27,1000000.00,4.236381,100.078125
08:01:07,91282CKC4,TSRYS5756736,D,S,C,2024-03-27,1000000.00,4.237694,100.0703125
08:01:07,91282CKC4,TSRYS5756736,D,S,C,2024-03-27,1000000.00,4.236381,100.078125
08:01:07,91282CKC4,TSRYS5756736,D,S,D,2024-03-27,1000000.00,4.238022,100.068359375
08:01:07,91282CKC4,TSRYS5756736,D,S,C,2024-03-27,1000000.00,4.234411,100.08984375
08:01:07,91282CKC4,TSRYS5756736,D,B,C,2024-03-27,1000000.00,4.237366,100.072265625
08:01:07,91282CKC4,TSRYS5756736,D,S,C,2024-03-27,1000000.00,4.237366,100.072265625
08:01:07,91282CKC4,TSRYS5756736,D,S,C,2024-03-27,1000000.00,4.237366,100.072265625
08:01:07,91282CKC4,TSRYS5756736,D,S,C,2024-03-27,1000000.00,4.236053,100.080078125
08:01:07,91282CKC4,TSRYS5756736,D,B,C,2024-03-27,1000000.00,4.235724,100.08203125
08:01:07,91282CKC4,TSRYS5756736,D,S,C,2024-03-27,1000000.00,4.235724,100.08203125
08:01:07,91282CKC4,TSRYS5756736,D,S,C,2024-03-27,1000000.00,4.235396,100.083984375
08:01:07,91282CKC4,TSRYS5756736,D,S,C,2024-03-27,1000000.00,4.235396,100.083984375
08:01:08,91282CKC4,TSRYS5756736,D,S,D,2024-03-27,2000000.00,4.235724,100.08203125
08:01:08,91282CKC4,TSRYS5756736,D,S,C,2024-03-27,1000000.00,4.236381,100.078125
08:01:08,91282CKC4,TSRYS5756736,D,S,C,2024-03-27,1000000.00,4.236381,100.078125
08:01:08,91282CKC4,TSRYS5756736,D,S,C,2024-03-27,1000000.00,4.236709,100.076171875
08:01:08,91282CKC4,TSRYS5756736,D,S,C,2024-03-27,1000000.00,4.236709,100.076171875
08:01:08,91282CKC4,TSRYS5756736,D,S,C,2024-03-27,1000000.00,4.235068,100.0859375
08:01:08,91282CKC4,TSRYS5756736,D,B,C,2024-03-27,1000000.00,4.235068,100.0859375
08:01:08,91282CKC4,TSRYS5756736,D,S,C,2024-03-27,1000000.00,4.235068,100.0859375
08:01:08,91282CKC4,TSRYS5756736,D,B,C,2024-03-27,2000000.00,4.229818,100.1171875
08:01:08,91282CKC4,TSRYS5756736,D,B,C,2024-03-27,2000000.00,4.229818,100.1171875
08:01:08,91282CKC4,TSRYS5756736,D,S,D,2024-03-27,2000000.00,4.229818,100.1171875
08:01:08,91282CKC4,TSRYS5756736,D,S,D,2024-03-27,2000000.00,4.229818,100.1171875
08:01:08,91282CKC4,TSRYS5756736,D,S,C,2024-03-27,1000000.00,4.227521,100.130859375
08:01:08,91282CKC4,TSRYS5756736,D,S,C,2024-03-27,1000000.00,4.235068,100.0859375
08:01:08,91282CKC4,TSRYS5756736,D,S,C,2024-03-27,1000000.00,4.235068,100.0859375
08:01:08,91282CKC4,TSRYS5756736,D,S,C,2024-03-27,1000000.00,4.23474,100.087890625
08:01:08,91282CKC4,TSRYS5756736,D,S,D,2024-03-27,1000000.00,4.23113,100.109375
08:01:08,91282CKC4,TSRYS5756736,D,S,D,2024-03-27,8000000.00,4.23113,100.109375
08:01:08,91282CKC4,TSRYS5756736,D,S,D,2024-03-27,1000000.00,4.23113,100.109375
08:01:08,91282CKC4,TSRYS5756736,D,S,D,2024-03-27,1000000.00,4.231458,100.107421875
08:01:08,91282CKC4,TSRYS5756736,D,B,C,2024-03-27,1000000.00,4.231458,100.107421875
08:01:08,91282CKC4,TSRYS5756736,D,S,D,2024-03-27,1000000.00,4.231458,100.107421875
08:01:08,91282CKC4,TSRYS5756736,D,B,C,2024-03-27,1000000.00,4.229818,100.1171875
08:01:08,91282CKC4,TSRYS5756736,D,B,C,2024-03-27,1000000.00,4.230474,100.11328125
08:01:08,91282CKC4,TSRYS5756736,D,S,D,2024-03-27,1000000.00,4.229818,100.1171875
08:01:08,91282CKC4,TSRYS5756736,D,S,D,2024-03-27,1000000.00,4.230474,100.11328125
08:01:08,91282CKC4,TSRYS5756736,D,B,C,2024-03-27,5000000.00,4.230474,100.11328125
08:01:08,91282CKC4,TSRYS5756736,D,B,C,2024-03-27,5000000.00,4.229161,100.12109375
08:01:08,91282CKC4,TSRYS5756736,D,S,D,2024-03-27,2000000.00,4.230146,100.115234375
08:01:08,91282CKC4,TSRYS5756736,D,S,D,2024-03-27,5000000.00,4.229161,100.12109375
08:01:08,91282CKC4,TSRYS5756736,D,S,D,2024-03-27,2000000.00,4.228833,100.123046875
08:01:08,91282CKC4,TSRYS5756736,D,S,D,2024-03-27,5000000.00,4.230474,100.11328125
08:01:08,91282CKC4,TSRYS5756736,D,S,D,2024-03-27,2000000.00,4.228505,100.125
08:01:08,91282CKC4,TSRYS5756736,D,S,C,2024-03-27,1000000.00,4.229818,100.1171875
08:01:08,91282CKC4,TSRYS5756736,D,S,D,2024-03-27,1000000.00,4.229489,100.119140625
08:01:08,91282CKC4,TSRYS5756736,D,B,C,2024-03-27,1000000.00,4.229818,100.1171875
08:01:08,91282CKC4,TSRYS5756736,D,S,D,2024-03-27,2000000.00,4.229818,100.1171875
08:01:08,91282CKC4,TSRYS5756736,D,S,D,2024-03-27,1000000.00,4.229818,100.1171875
08:01:08,91282CKC4,TSRYS5756736,D,S,T,2024-03-27,1000000.00,4.236381,100.078125
08:01:08,91282CKC4,TSRYS5756736,D,S,C,2024-03-27,1000000.00,4.235068,100.0859375
08:01:08,91282CKC4,TSRYS5756736,D,S,C,2024-03-27,1000000.00,4.233755,100.09375
08:01:08,91282CKC4,TSRYS5756736,D,S,C,2024-03-27,1000000.00,4.232771,100.099609375
08:01:08,91282CKC4,TSRYS5756736,D,S,C,2024-03-27,1000000.00,4.227849,100.12890625
08:01:08,91282CKC4,TSRYS5756736,D,B,C,2024-03-27,1000000.00,4.23113,100.109375
08:01:08,91282CKC4,TSRYS5756736,D,S,C,2024-03-27,1000000.00,4.23113,100.109375
08:01:09,91282CKC4,TSRYS5756736,D,B,C,2024-03-27,1000000.00,4.232114,100.103515625
08:01:09,91282CKC4,TSRYS5756736,D,S,C,2024-03-27,1000000.00,4.232442,100.1015625
08:01:09,91282CKC4,TSRYS5756736,D,S,C,2024-03-27,1000000.00,4.231458,100.107421875
08:01:09,91282CKC4,TSRYS5756736,D,S,D,2024-03-27,1000000.00,4.232114,100.103515625
08:01:09,91282CKC4,TSRYS5756736,D,S,C,2024-03-27,1000000.00,4.233755,100.09375
08:01:09,91282CKC4,TSRYS5756736,D,S,T,2024-03-27,1000000.00,4.236381,100.078125
08:01:09,91282CKC4,TSRYS5756736,D,S,D,2024-03-27,2000000.00,4.233427,100.095703125
08:01:09,91282CKC4,TSRYS5756736,D,S,C,2024-03-27,1000000.00,4.233427,100.095703125
08:01:09,91282CKC4,TSRYS5756736,D,S,D,2024-03-27,3000000.00,4.233427,100.095703125
08:01:09,91282CKC4,TSRYS5756736,D,S,C,2024-03-27,1000000.00,4.233427,100.095703125
08:01:09,91282CKC4,TSRYS5756736,D,S,C,2024-03-27,1000000.00,4.233427,100.095703125
08:01:09,91282CKC4,TSRYS5756736,D,S,C,2024-03-27,1000000.00,4.233427,100.095703125
08:01:09,91282CKC4,TSRYS5756736,D,S,C,2024-03-27,1000000.00,4.233427,100.095703125
08:01:09,91282CKC4,TSRYS5756736,D,S,D,2024-03-27,1000000.00,4.230802,100.111328125
08:01:09,91282CKC4,TSRYS5756736,D,S,D,2024-03-27,1000000.00,4.230802,100.111328125
08:01:09,91282CKC4,TSRYS5756736,D,S,C,2024-03-27,1000000.00,4.230146,100.115234375
08:01:09,91282CKC4,TSRYS5756736,D,S,T,2024-03-27,1000000.00,4.236381,100.078125
08:01:09,91282CKC4,TSRYS5756736,D,S,T,2024-03-27,1000000.00,4.236381,100.078125
08:01:09,91282CKC4,TSRYS5756736,D,S,T,2024-03-27,1000000.00,4.233755,100.09375
08:01:09,91282CKC4,TSRYS5756736,D,S,T,2024-03-27,1000000.00,4.233755,100.09375
08:01:09,91282CKC4,TSRYS5756736,D,S,D,2024-03-27,1000000.00,4.232442,100.1015625
08:01:09,91282CKC4,TSRYS5756736,D,B,C,2024-03-27,1000000.00,4.233099,100.09765625
08:01:09,91282CKC4,TSRYS5756736,D,S,D,2024-03-27,1000000.00,4.233099,100.09765625
08:01:09,91282CKC4,TSRYS5756736,D,S,C,2024-03-27,1000000.00,4.235724,100.08203125
08:01:09,91282CKC4,TSRYS5756736,D,B,C,2024-03-27,1000000.00,4.235724,100.08203125
08:01:09,91282CKC4,TSRYS5756736,D,S,C,2024-03-27,1000000.00,4.235396,100.083984375
08:01:09,91282CKC4,TSRYS5756736,D,B,C,2024-03-27,1000000.00,4.236053,100.080078125
08:01:09,91282CKC4,TSRYS5756736,D,S,C,2024-03-27,1000000.00,4.236053,100.080078125
08:01:09,91282CKC4,TSRYS5756736,D,S,C,2024-03-27,1000000.00,4.236053,100.080078125
08:01:09,91282CKC4,TSRYS5756736,D,B,C,2024-03-27,1000000.00,4.236053,100.080078125
08:01:09,91282CKC4,TSRYS5756736,D,S,C,2024-03-27,1000000.00,4.23474,100.087890625
08:01:09,91282CKC4,TSRYS5756736,D,B,C,2024-03-27,1000000.00,4.235396,100.083984375
08:01:09,91282CKC4,TSRYS5756736,D,S,C,2024-03-27,1000000.00,4.235396,100.083984375
08:01:09,91282CKC4,TSRYS5756736,D,B,C,2024-03-27,1000000.00,4.235068,100.0859375
08:01:09,91282CKC4,TSRYS5756736,D,S,C,2024-03-27,1000000.00,4.235068,100.0859375
08:01:09,91282CKC4,TSRYS5756736,D,B,C,2024-03-27,1000000.00,4.233755,100.09375
08:01:09,91282CKC4,TSRYS5756736,D,S,D,2024-03-27,1000000.00,4.233755,100.09375
08:01:09,91282CKC4,TSRYS5756736,D,S,D,2024-03-27,1000000.00,4.233427,100.095703125
08:01:09,91282CKC4,TSRYS5756736,D,B,C,2024-03-27,1000000.00,4.233427,100.095703125
08:01:09,91282CKC4,TSRYS5756736,D,S,D,2024-03-27,1000000.00,4.233427,100.095703125
08:01:09,91282CKC4,TSRYS5756736,D,B,C,2024-03-27,1000000.00,4.236053,100.080078125
08:01:09,91282CKC4,TSRYS5756736,D,S,C,2024-03-27,1000000.00,4.236053,100.080078125
08:01:09,91282CKC4,TSRYS5756736,D,S,C,2024-03-27,1000000.00,4.237366,100.072265625
08:01:09,91282CKC4,TSRYS5756736,D,B,C,2024-03-27,1000000.00,4.237037,100.07421875
08:01:09,91282CKC4,TSRYS5756736,D,S,C,2024-03-27,1000000.00,4.237037,100.07421875
08:01:09,91282CKC4,TSRYS5756736,D,S,C,2024-03-27,1000000.00,4.237366,100.072265625
08:01:09,91282CKC4,TSRYS5756736,D,S,C,2024-03-27,1000000.00,4.236709,100.076171875
08:01:09,91282CKC4,TSRYS5756736,D,B,C,2024-03-27,1000000.00,4.236709,100.076171875
08:01:09,91282CKC4,TSRYS5756736,D,S,D,2024-03-27,1000000.00,4.239664,100.05859375
08:01:09,91282CKC4,TSRYS5756736,D,S,D,2024-03-27,1000000.00,4.242619,100.041015625
08:01:09,91282CKC4,TSRYS5756736,D,B,C,2024-03-27,1000000.00,4.242619,100.041015625
08:01:09,91282CKC4,TSRYS5756736,D,S,T,2024-03-27,1000000.00,4.23113,100.109375
08:01:09,91282CKC4,TSRYS5756736,D,S,C,2024-03-27,1000000.00,4.237366,100.072265625
08:01:10,91282CKC4,TSRYS5756736,D,B,C,2024-03-27,1000000.00,4.237366,100.072265625
08:01:10,91282CKC4,TSRYS5756736,D,B,C,2024-03-27,1000000.00,4.238022,100.068359375
08:01:10,91282CKC4,TSRYS5756736,D,S,C,2024-03-27,1000000.00,4.238022,100.068359375
08:01:10,91282CKC4,TSRYS5756736,D,S,C,2024-03-27,1000000.00,4.238022,100.068359375
08:01:10,91282CKC4,TSRYS5756736,D,S,C,2024-03-27,1000000.00,4.236381,100.078125
08:01:10,91282CKC4,TSRYS5756736,D,S,D,2024-03-27,1000000.00,4.235396,100.083984375
08:01:10,91282CKC4,TSRYS5756736,D,B,C,2024-03-27,1000000.00,4.235396,100.083984375
08:01:10,91282CKC4,TSRYS5756736,D,B,C,2024-03-27,1000000.00,4.235396,100.083984375
08:01:10,91282CKC4,TSRYS5756736,D,S,D,2024-03-27,1000000.00,4.235396,100.083984375
08:01:10,91282CKC4,TSRYS5756736,D,S,D,2024-03-27,2000000.00,4.238022,100.068359375
08:01:10,91282CKC4,TSRYS5756736,D,S,D,2024-03-27,3000000.00,4.238022,100.068359375
08:01:10,91282CKC4,TSRYS5756736,D,S,D,2024-03-27,2000000.00,4.238022,100.068359375
08:01:10,91282CKC4,TSRYS5756736,D,S,D,2024-03-27,3000000.00,4.238022,100.068359375
08:01:10,91282CKC4,TSRYS5756736,D,S,C,2024-03-27,1000000.00,4.237694,100.0703125
08:01:10,91282CKC4,TSRYS5756736,D,S,C,2024-03-27,1000000.00,4.237366,100.072265625
08:01:10,91282CKC4,TSRYS5756736,D,B,C,2024-03-27,1000000.00,4.237694,100.0703125
08:01:10,91282CKC4,TSRYS5756736,D,S,D,2024-03-27,1000000.00,4.237694,100.0703125
08:01:10,91282CKC4,TSRYS5756736,D,B,C,2024-03-27,1000000.00,4.237694,100.0703125
08:01:10,91282CKC4,TSRYS5756736,D,S,D,2024-03-27,1000000.00,4.237694,100.0703125
08:01:10,91282CKC4,TSRYS5756736,D,S,C,2024-03-27,1000000.00,4.237037,100.07421875
08:01:10,91282CKC4,TSRYS5756736,D,B,C,2024-03-27,1000000.00,4.237037,100.07421875
08:01:10,91282CKC4,TSRYS5756736,D,S,D,2024-03-27,1000000.00,4.232442,100.1015625
08:01:10,91282CKC4,TSRYS5756736,D,B,C,2024-03-27,2000000.00,4.237037,100.07421875
08:01:10,91282CKC4,TSRYS5756736,D,B,C,2024-03-27,2000000.00,4.237037,100.07421875
08:01:10,91282CKC4,TSRYS5756736,D,S,D,2024-03-27,2000000.00,4.232442,100.1015625
08:01:10,91282CKC4,TSRYS5756736,D,S,D,2024-03-27,2000000.00,4.237037,100.07421875
08:01:10,91282CKC4,TSRYS5756736,D,S,D,2024-03-27,2000000.00,4.237037,100.07421875
08:01:10,91282CKC4,TSRYS5756736,D,B,C,2024-03-27,2000000.00,4.237037,100.07421875
08:01:10,91282CKC4,TSRYS5756736,D,S,D,2024-03-27,3000000.00,4.237037,100.07421875
08:01:10,91282CKC4,TSRYS5756736,D,S,D,2024-03-27,2000000.00,4.237037,100.07421875
08:01:10,91282CKC4,TSRYS5756736,D,S,C,2024-03-27,1000000.00,4.237037,100.07421875
08:01:10,91282CKC4,TSRYS5756736,D,B,C,2024-03-27,3000000.00,4.237037,100.07421875
08:01:10,91282CKC4,TSRYS5756736,D,S,C,2024-03-27,1000000.00,4.237037,100.07421875
08:01:10,91282CKC4,TSRYS5756736,D,S,C,2024-03-27,1000000.00,4.236709,100.076171875
08:01:10,91282CKC4,TSRYS5756736,D,B,C,2024-03-27,1000000.00,4.23474,100.087890625
08:01:10,91282CKC4,TSRYS5756736,D,B,C,2024-03-27,1000000.00,4.236709,100.076171875
08:01:10,91282CKC4,TSRYS5756736,D,S,C,2024-03-27,1000000.00,4.236709,100.076171875
08:01:10,91282CKC4,TSRYS5756736,D,S,C,2024-03-27,1000000.00,4.23474,100.087890625
08:01:10,91282CKC4,TSRYS5756736,D,B,C,2024-03-27,1000000.00,4.233427,100.095703125
08:01:10,91282CKC4,TSRYS5756736,D,S,C,2024-03-27,1000000.00,4.233427,100.095703125
08:01:10,91282CKC4,TSRYS5756736,D,B,C,2024-03-27,1000000.00,4.233427,100.095703125
08:01:10,91282CKC4,TSRYS5756736,D,S,C,2024-03-27,1000000.00,4.233427,100.095703125
08:01:10,91282CKC4,TSRYS5756736,D,S,C,2024-03-27,1000000.00,4.233755,100.09375
08:01:10,91282CKC4,TSRYS5756736,D,B,C,2024-03-27,1000000.00,4.232771,100.099609375
08:01:10,91282CKC4,TSRYS5756736,D,S,C,2024-03-27,1000000.00,4.232771,100.099609375
08:01:10,91282CKC4,TSRYS5756736,D,B,C,2024-03-27,1000000.00,4.231786,100.10546875
08:01:10,91282CKC4,TSRYS5756736,D,S,C,2024-03-27,1000000.00,4.231786,100.10546875
08:01:10,91282CKC4,TSRYS5756736,D,B,C,2024-03-27,1000000.00,4.230474,100.11328125
08:01:10,91282CKC4,TSRYS5756736,D,S,C,2024-03-27,1000000.00,4.230474,100.11328125
08:01:10,91282CKC4,TSRYS5756736,D,S,C,2024-03-27,1000000.00,4.228505,100.125
08:01:10,91282CKC4,TSRYS5756736,D,S,C,2024-03-27,3000000.00,4.227193,100.1328125
08:01:10,91282CKC4,TSRYS5756736,D,S,D,2024-03-27,2000000.00,4.227193,100.1328125
08:01:10,91282CKC4,TSRYS5756736,D,B,C,2024-03-27,1000000.00,4.229161,100.12109375
08:01:10,91282CKC4,TSRYS5756736,D,S,C,2024-03-27,1000000.00,4.229161,100.12109375
08:01:10,91282CKC4,TSRYS5756736,D,S,D,2024-03-27,1000000.00,4.26103,99.93164062
08:01:11,91282CKC4,TSRYS5756736,D,B,C,2024-03-27,1000000.00,4.227193,100.1328125
08:01:11,91282CKC4,TSRYS5756736,D,S,C,2024-03-27,1000000.00,4.227193,100.1328125
08:01:11,91282CKC4,TSRYS5756736,D,S,C,2024-03-27,1000000.00,4.26103,99.93164062
08:01:11,91282CKC4,TSRYS5756736,D,S,C,2024-03-27,2000000.00,4.226537,100.13671875
08:01:11,91282CKC4,TSRYS5756736,D,S,C,2024-03-27,1000000.00,4.227193,100.1328125
08:01:11,91282CKC4,TSRYS5756736,D,S,C,2024-03-27,3000000.00,4.225881,100.140625
08:01:11,91282CKC4,TSRYS5756736,D,S,D,2024-03-27,2000000.00,4.224569,100.1484375
08:01:11,91282CKC4,TSRYS5756736,D,S,D,2024-03-27,1000000.00,4.223913,100.15234375
08:01:11,91282CKC4,TSRYS5756736,D,S,D,2024-03-27,1000000.00,4.223913,100.15234375
08:01:11,91282CKC4,TSRYS5756736,D,S,C,2024-03-27,1000000.00,4.223913,100.15234375
08:01:11,91282CKC4,TSRYS5756736,D,S,C,2024-03-27,1000000.00,4.223913,100.15234375
08:01:11,91282CKC4,TSRYS5756736,D,S,D,2024-03-27,8000000.00,4.223913,100.15234375
08:01:11,91282CKC4,TSRYS5756736,D,S,C,2024-03-27,1000000.00,4.223913,100.15234375
08:01:11,91282CKC4,TSRYS5756736,D,S,C,2024-03-27,1000000.00,4.223585,100.154296875
08:01:11,91282CKC4,TSRYS5756736,D,S,C,2024-03-27,2000000.00,4.223585,100.154296875
08:01:11,91282CKC4,TSRYS5756736,D,S,C,2024-03-27,1000000.00,4.222601,100.16015625
08:01:11,91282CKC4,TSRYS5756736,D,B,C,2024-03-27,1000000.00,4.223585,100.154296875
08:01:11,91282CKC4,TSRYS5756736,D,S,C,2024-03-27,1000000.00,4.223585,100.154296875
08:01:11,91282CKC4,TSRYS5756736,D,S,C,2024-03-27,1000000.00,4.262674,99.921875
08:01:11,91282CKC4,TSRYS5756736,D,S,C,2024-03-27,2000000.00,4.223585,100.154296875
08:01:11,91282CKC4,TSRYS5756736,D,S,C,2024-03-27,2000000.00,4.262674,99.921875
08:01:11,91282CKC4,TSRYS5756736,D,S,C,2024-03-27,1000000.00,4.223257,100.15625
08:01:11,91282CKC4,TSRYS5756736,D,S,C,2024-03-27,1000000.00,4.223585,100.154296875
08:01:11,91282CKC4,TSRYS5756736,D,S,D,2024-03-27,1000000.00,4.262016,99.92578125
08:01:11,91282CKC4,TSRYS5756736,D,S,D,2024-03-27,1000000.00,4.262016,99.92578125
08:01:11,91282CKC4,TSRYS5756736,D,S,D,2024-03-27,1000000.00,4.262016,99.92578125
08:01:11,91282CKC4,TSRYS5756736,D,S,C,2024-03-27,2000000.00,4.261688,99.92773437
08:01:11,91282CKC4,TSRYS5756736,D,S,C,2024-03-27,1000000.00,4.221946,100.1640625
08:01:11,91282CKC4,TSRYS5756736,D,B,C,2024-03-27,1000000.00,4.221946,100.1640625
08:01:11,91282CKC4,TSRYS5756736,D,S,C,2024-03-27,1000000.00,4.261688,99.92773437
08:01:11,91282CKC4,TSRYS5756736,D,S,D,2024-03-27,1000000.00,4.232442,100.1015625
08:01:11,91282CKC4,TSRYS5756736,D,S,D,2024-03-27,1000000.00,4.262345,99.92382812
08:01:11,91282CKC4,TSRYS5756736,D,S,D,2024-03-27,1000000.00,4.262674,99.921875
08:01:11,91282CKC4,TSRYS5756736,D,S,D,2024-03-27,1000000.00,4.262345,99.92382812
08:01:11,91282CKC4,TSRYS5756736,D,S,D,2024-03-27,1000000.00,4.262674,99.921875
08:01:11,91282CKC4,TSRYS5756736,D,S,C,2024-03-27,1000000.00,4.262674,99.921875
08:01:11,91282CKC4,TSRYS5756736,D,S,D,2024-03-27,1000000.00,4.262674,99.921875
08:01:11,91282CKC4,TSRYS5756736,D,S,C,2024-03-27,1000000.00,4.230802,100.111328125
08:01:11,91282CKC4,TSRYS5756736,D,S,D,2024-03-27,1000000.00,4.262674,99.921875
08:01:11,91282CKC4,TSRYS5756736,D,S,C,2024-03-27,1000000.00,4.262674,99.921875
08:01:11,91282CKC4,TSRYS5756736,D,S,C,2024-03-27,2000000.00,4.262674,99.921875
08:01:11,91282CKC4,TSRYS5756736,D,S,C,2024-03-27,1000000.00,4.223585,100.154296875
08:01:11,91282CKC4,TSRYS5756736,D,S,D,2024-03-27,1000000.00,4.261359,99.9296875
08:01:11,91282CKC4,TSRYS5756736,D,B,C,2024-03-27,1000000.00,4.222601,100.16015625
08:01:11,91282CKC4,TSRYS5756736,D,S,C,2024-03-27,1000000.00,4.222601,100.16015625
08:01:11,91282CKC4,TSRYS5756736,D,S,C,2024-03-27,1000000.00,4.261359,99.9296875
08:01:11,91282CKC4,TSRYS5756736,D,B,C,2024-03-27,1000000.00,4.223257,100.15625
08:01:11,91282CKC4,TSRYS5756736,D,S,D,2024-03-27,1000000.00,4.261359,99.9296875
08:01:11,91282CKC4,TSRYS5756736,D,S,C,2024-03-27,1000000.00,4.223257,100.15625
08:01:11,91282CKC4,TSRYS5756736,D,S,D,2024-03-27,2000000.00,4.261359,99.9296875
08:01:11,91282CKC4,TSRYS5756736,D,S,C,2024-03-27,1000000.00,4.222929,100.158203125
08:01:11,91282CKC4,TSRYS5756736,D,S,C,2024-03-27,1000000.00,4.223913,100.15234375
08:01:11,91282CKC4,TSRYS5756736,D,S,C,2024-03-27,1000000.00,4.261359,99.9296875
08:01:11,91282CKC4,TSRYS5756736,D,S,D,2024-03-27,1000000.00,4.261359,99.9296875
08:01:11,91282CKC4,TSRYS5756736,D,S,C,2024-03-27,1000000.00,4.261359,99.9296875
08:01:11,91282CKC4,TSRYS5756736,D,B,C,2024-03-27,1000000.00,4.224569,100.1484375
08:01:11,91282CKC4,TSRYS5756736,D,S,C,2024-03-27,1000000.00,4.224569,100.1484375
08:01:11,91282CKC4,TSRYS5756736,D,S,C,2024-03-27,1000000.00,4.261359,99.9296875
08:01:11,91282CKC4,TSRYS5756736,D,S,C,2024-03-27,1000000.00,4.23113,100.109375
08:01:11,91282CKC4,TSRYS5756736,D,S,D,2024-03-27,1000000.00,4.262016,99.92578125
08:01:12,91282CKC4,TSRYS5756736,D,S,C,2024-03-27,1000000.00,4.224569,100.1484375
08:01:12,91282CKC4,TSRYS5756736,D,S,C,2024-03-27,1000000.00,4.259716,99.93945312
08:01:12,91282CKC4,TSRYS5756736,D,S,C,2024-03-27,1000000.00,4.259716,99.93945312
08:01:12,91282CKC4,TSRYS5756736,D,S,C,2024-03-27,1000000.00,4.259716,99.93945312
08:01:12,91282CKC4,TSRYS5756736,D,S,T,2024-03-27,1000000.00,4.232459,100.1014625
08:01:12,91282CKC4,TSRYS5756736,D,S,T,2024-03-27,1000000.00,4.232459,100.1014625
08:01:12,91282CKC4,TSRYS5756736,D,S,T,2024-03-27,1000000.00,4.232459,100.1014625
08:01:12,91282CKC4,TSRYS5756736,D,S,C,2024-03-27,1000000.00,4.259716,99.93945312
08:01:12,91282CKC4,TSRYS5756736,D,S,D,2024-03-27,1000000.00,4.259716,99.93945312
08:01:12,91282CKC4,TSRYS5756736,D,S,C,2024-03-27,1000000.00,4.259716,99.93945312
08:01:12,91282CKC4,TSRYS5756736,D,S,C,2024-03-27,1000000.00,4.259716,99.93945312
08:01:12,91282CKC4,TSRYS5756736,D,S,D,2024-03-27,1000000.00,4.226865,100.134765625
08:01:12,91282CKC4,TSRYS5756736,D,S,C,2024-03-27,1000000.00,4.259716,99.93945312
08:01:12,91282CKC4,TSRYS5756736,D,S,C,2024-03-27,1000000.00,4.259058,99.94335937
08:01:12,91282CKC4,TSRYS5756736,D,S,C,2024-03-27,1000000.00,4.259058,99.94335937
08:01:12,91282CKC4,TSRYS5756736,D,S,C,2024-03-27,1000000.00,4.259387,99.94140625
08:01:12,91282CKC4,TSRYS5756736,D,S,D,2024-03-27,1000000.00,4.259716,99.93945312
08:01:12,91282CKC4,TSRYS5756736,D,S,C,2024-03-27,1000000.00,4.259058,99.94335937
08:01:12,91282CKC4,TSRYS5756736,D,S,D,2024-03-27,1000000.00,4.259058,99.94335937
08:01:12,91282CKC4,TSRYS5756736,D,S,C,2024-03-27,1000000.00,4.259058,99.94335937
08:01:12,91282CKC4,TSRYS5756736,D,S,C,2024-03-27,2000000.00,4.227849,100.12890625
08:01:12,91282CKC4,TSRYS5756736,D,S,C,2024-03-27,1000000.00,4.259058,99.94335937
08:01:12,91282CKC4,TSRYS5756736,D,S,D,2024-03-27,1000000.00,4.259058,99.94335937
08:01:12,91282CKC4,TSRYS5756736,D,S,C,2024-03-27,1000000.00,4.226537,100.13671875
08:01:12,91282CKC4,TSRYS5756736,D,S,C,2024-03-27,1000000.00,4.225225,100.14453125
08:01:12,91282CKC4,TSRYS5756736,D,S,C,2024-03-27,1000000.00,4.224569,100.1484375
08:01:12,91282CKC4,TSRYS5756736,D,S,C,2024-03-27,1000000.00,4.224569,100.1484375
08:01:12,91282CKC4,TSRYS5756736,D,S,C,2024-03-27,1000000.00,4.224569,100.1484375
08:01:12,91282CKC4,TSRYS5756736,D,S,D,2024-03-27,2000000.00,4.224569,100.1484375
08:01:12,91282CKC4,TSRYS5756736,D,S,D,2024-03-27,2000000.00,4.224569,100.1484375
08:01:12,91282CKC4,TSRYS5756736,D,S,C,2024-03-27,1000000.00,4.223585,100.154296875
08:01:12,91282CKC4,TSRYS5756736,D,S,C,2024-03-27,1000000.00,4.223913,100.15234375
08:01:12,91282CKC4,TSRYS5756736,D,S,D,2024-03-27,1000000.00,4.223913,100.15234375
08:01:12,91282CKC4,TSRYS5756736,D,S,C,2024-03-27,2000000.00,4.233309,100.0964031
08:01:12,91282CKC4,TSRYS5756736,D,S,C,2024-03-27,2000000.00,4.233638,100.09445
08:01:13,91282CKC4,TSRYS5756736,D,S,D,2024-03-27,25000000.00,4.231203,100.1089406
08:01:13,91282CKC4,TSRYS5756736,D,S,D,2024-03-27,25000000.00,4.230219,100.1148
08:01:13,91282CKC4,TSRYS5756736,D,S,D,2024-03-27,25000000.00,4.228696,100.1238625
08:01:13,91282CKC4,TSRYS5756736,D,S,D,2024-03-27,10000000.00,4.229701,100.1178828
08:01:13,91282CKC4,TSRYS5756736,D,S,D,2024-03-27,5000000.00,4.233309,100.0964031
08:01:13,91282CKC4,TSRYS5756736,D,B,C,2024-03-27,6000000.00,4.232442,100.1015625
08:01:13,91282CKC4,TSRYS5756736,D,S,D,2024-03-27,20000000.00,4.237938,100.0688594
08:01:13,91282CKC4,TSRYS5756736,D,B,C,2024-03-27,100000000.00,4.245032,100.02676
08:01:13,91282CKC4,TSRYS5756736,D,S,C,2024-03-27,1000000.00,4.225225,100.14453125
08:01:13,91282CKC4,TSRYS5756736,D,S,C,2024-03-27,2000000.00,4.224569,100.1484375
08:01:13,91282CKC4,TSRYS5756736,D,S,C,2024-03-27,4000000.00,4.246049,100.02071
08:01:13,91282CKC4,TSRYS5756736,D,S,D,2024-03-27,2000000.00,4.223257,100.15625
08:01:13,91282CKC4,TSRYS5756736,D,S,C,2024-03-27,18000000.00,4.246049,100.02071
08:01:13,91282CKC4,TSRYS5756736,D,S,C,2024-03-27,11000000.00,4.246049,100.02071
08:01:13,91282CKC4,TSRYS5756736,D,S,D,2024-03-27,2000000.00,4.223913,100.15234375
08:01:13,91282CKC4,TSRYS5756736,D,S,D,2024-03-27,1000000.00,4.223913,100.15234375
08:01:13,91282CKC4,TSRYS5756736,D,S,D,2024-03-27,1000000.00,4.223913,100.15234375
08:01:13,91282CKC4,TSRYS5756736,D,S,D,2024-03-27,1000000.00,4.223913,100.15234375
08:01:13,91282CKC4,TSRYS5756736,D,B,A,2024-03-27,610000.00,4.227193,100.1328125
08:01:13,91282CKC4,TSRYS5756736,D,S,D,2024-03-27,1000000.00,4.223585,100.154296875
08:01:13,91282CKC4,TSRYS5756736,D,S,D,2024-03-27,3000000.00,4.223585,100.154296875
08:01:13,91282CKC4,TSRYS5756736,D,B,C,2024-03-27,1000000.00,4.223913,100.15234375
08:01:13,91282CKC4,TSRYS5756736,D,S,C,2024-03-27,1000000.00,4.223913,100.15234375
08:01:13,91282CKC4,TSRYS5756736,D,S,C,2024-03-27,1000000.00,4.223585,100.154296875
08:01:13,91282CKC4,TSRYS5756736,D,B,A,2024-03-27,50000.00,4.229161,100.12109375
08:01:13,91282CKC4,TSRYS5756736,D,S,D,2024-03-27,1000000.00,4.223585,100.154296875
08:01:13,91282CKC4,TSRYS5756736,D,S,D,2024-03-27,2000000.00,4.223585,100.154296875
08:01:13,91282CKC4,TSRYS5756736,D,S,D,2024-03-27,1000000.00,4.223585,100.154296875
08:01:13,91282CKC4,TSRYS5756736,D,S,D,2024-03-27,1000000.00,4.223585,100.154296875
08:01:14,91282CKC4,TSRYS5756736,D,S,D,2024-03-27,1000000.00,4.223585,100.154296875
08:01:14,91282CKC4,TSRYS5756736,D,B,C,2024-03-27,22000000.00,4.251471,99.98846
08:01:14,91282CKC4,TSRYS5756736,D,S,D,2024-03-27,44000000.00,4.235908,100.08105
08:01:14,91282CKC4,TSRYS5756736,D,S,D,2024-03-27,2000000.00,4.223585,100.154296875
08:01:14,91282CKC4,TSRYS5756736,D,S,D,2024-03-27,1000000.00,4.223585,100.154296875
08:01:14,91282CKC4,TSRYS5756736,D,S,C,2024-03-27,27000000.00,4.240946,100.05107
08:01:14,91282CKC4,TSRYS5756736,D,S,D,2024-03-27,1000000.00,4.23113,100.109375
08:01:14,91282CKC4,TSRYS5756736,D,B,C,2024-03-27,1000000.00,4.23113,100.109375
08:01:14,91282CKC4,TSRYS5756736,D,S,D,2024-03-27,2000000.00,4.26343,99.91738
08:01:14,91282CKC4,TSRYS5756736,D,S,D,2024-03-27,25000000.00,4.257914,99.95016
08:01:14,91282CKC4,TSRYS5756736,D,S,C,2024-03-27,1000000.00,4.222273,100.162109375
08:01:14,91282CKC4,TSRYS5756736,D,S,D,2024-03-27,2000000.00,4.259058,99.94335937
08:01:14,91282CKC4,TSRYS5756736,D,S,D,2024-03-27,1000000.00,4.259716,99.93945312
08:01:14,91282CKC4,TSRYS5756736,D,S,C,2024-03-27,1000000.00,4.259716,99.93945312
08:01:14,91282CKC4,TSRYS5756736,D,S,D,2024-03-27,2000000.00,4.232442,100.1015625
08:01:14,91282CKC4,TSRYS5756736,D,S,D,2024-03-27,2000000.00,4.232442,100.1015625
08:01:14,91282CKC4,TSRYS5756736,D,S,C,2024-03-27,1000000.00,4.259716,99.93945312
08:01:14,91282CKC4,TSRYS5756736,D,S,C,2024-03-27,1000000.00,4.259716,99.93945312
08:01:14,91282CKC4,TSRYS5756736,D,S,D,2024-03-27,1000000.00,4.259716,99.93945312
08:01:14,91282CKC4,TSRYS5756736,D,B,C,2024-03-27,1000000.00,4.221946,100.1640625
08:01:14,91282CKC4,TSRYS5756736,D,S,D,2024-03-27,1000000.00,4.259716,99.93945312
08:01:14,91282CKC4,TSRYS5756736,D,S,D,2024-03-27,1000000.00,4.259716,99.93945312
08:01:14,91282CKC4,TSRYS5756736,D,S,D,2024-03-27,1000000.00,4.259716,99.93945312
08:01:14,91282CKC4,TSRYS5756736,D,S,D,2024-03-27,1000000.00,4.259716,99.93945312
08:01:14,91282CKC4,TSRYS5756736,D,S,D,2024-03-27,1000000.00,4.259716,99.93945312
08:01:14,91282CKC4,TSRYS5756736,D,S,D,2024-03-27,1000000.00,4.259716,99.93945312
08:01:14,91282CKC4,TSRYS5756736,D,S,C,2024-03-27,1000000.00,4.259716,99.93945312
08:01:14,91282CKC4,TSRYS5756736,D,S,D,2024-03-27,1000000.00,4.259716,99.93945312
08:01:15,91282CKC4,TSRYS5756736,D,S,D,2024-03-27,1000000.00,4.259716,99.93945312
08:01:15,91282CKC4,TSRYS5756736,D,S,D,2024-03-27,1000000.00,4.259716,99.93945312
08:01:15,91282CKC4,TSRYS5756736,D,S,C,2024-03-27,1000000.00,4.233099,100.09765625
08:01:15,91282CKC4,TSRYS5756736,D,S,C,2024-03-27,1000000.00,4.233427,100.095703125
08:01:15,91282CKC4,TSRYS5756736,D,S,C,2024-03-27,1000000.00,4.259716,99.93945312
08:01:15,91282CKC4,TSRYS5756736,D,S,C,2024-03-27,1000000.00,4.259058,99.94335937
08:01:15,91282CKC4,TSRYS5756736,D,B,C,2024-03-27,1000000.00,4.233099,100.09765625
08:01:15,91282CKC4,TSRYS5756736,D,S,D,2024-03-27,1000000.00,4.259058,99.94335937
08:01:15,91282CKC4,TSRYS5756736,D,B,C,2024-03-27,1000000.00,4.23113,100.109375
08:01:15,91282CKC4,TSRYS5756736,D,B,C,2024-03-27,1000000.00,4.238022,100.06835937
08:01:15,91282CKC4,TSRYS5756736,D,S,D,2024-03-27,1000000.00,4.259058,99.94335937
08:01:15,91282CKC4,TSRYS5756736,D,S,D,2024-03-27,1000000.00,4.259058,99.94335937
08:01:15,91282CKC4,TSRYS5756736,D,S,D,2024-03-27,1000000.00,4.259058,99.94335937
08:01:15,91282CKC4,TSRYS5756736,D,S,C,2024-03-27,1000000.00,4.259058,99.94335937
08:01:15,91282CKC4,TSRYS5756736,D,B,C,2024-03-27,1000000.00,4.235724,100.08203125
08:01:15,91282CKC4,TSRYS5756736,D,S,D,2024-03-27,1000000.00,4.25873,99.9453125
08:01:15,91282CKC4,TSRYS5756736,D,B,C,2024-03-27,2000000.00,4.233099,100.09765625
08:01:15,91282CKC4,TSRYS5756736,D,B,C,2024-03-27,1000000.00,4.233099,100.09765625
08:01:15,91282CKC4,TSRYS5756736,D,S,D,2024-03-27,1000000.00,4.25873,99.9453125
08:01:15,91282CKC4,TSRYS5756736,D,S,T,2024-03-27,1000000.00,4.25873,99.9453125
08:01:15,91282CKC4,TSRYS5756736,D,S,D,2024-03-27,1000000.00,4.258401,99.94726562
08:01:15,91282CKC4,TSRYS5756736,D,S,D,2024-03-27,1000000.00,4.258401,99.94726562
08:01:15,91282CKC4,TSRYS5756736,D,B,C,2024-03-27,1000000.00,4.233099,100.09765625
08:01:15,91282CKC4,TSRYS5756736,D,S,D,2024-03-27,1000000.00,4.258401,99.94726562
08:01:15,91282CKC4,TSRYS5756736,D,S,C,2024-03-27,1000000.00,4.259058,99.94335937
08:01:15,91282CKC4,TSRYS5756736,D,S,D,2024-03-27,1000000.00,4.259058,99.94335937
08:01:15,91282CKC4,TSRYS5756736,D,S,D,2024-03-27,1000000.00,4.259387,99.94140625
08:01:15,91282CKC4,TSRYS5756736,D,S,D,2024-03-27,1000000.00,4.259387,99.94140625
08:01:17,91282CKC4,TSRYS5756736,D,S,D,2024-03-27,2000000.00,4.256758,99.95703125
08:01:18,91282CKC4,TSRYS5756736,D,B,C,2024-03-27,1000000.00,4.253801,99.97460937
08:01:19,91282CKC4,TSRYS5756736,D,S,D,2024-03-27,1000000.00,4.235068,100.0859375
08:01:19,91282CKC4,TSRYS5756736,D,S,C,2024-03-27,1000000.00,4.236709,100.076171875
08:01:19,91282CKC4,TSRYS5756736,D,S,C,2024-03-27,1000000.00,4.236709,100.076171875
08:01:20,91282CKC4,TSRYS5756736,D,S,T,2024-03-27,2000000.00,4.232442,100.1015625
08:01:20,91282CKC4,TSRYS5756736,D,S,T,2024-03-27,2000000.00,4.232442,100.1015625
08:01:20,91282CKC4,TSRYS5756736,D,S,D,2024-03-27,2000000.00,4.254458,99.97070312
08:01:20,91282CKC4,TSRYS5756736,D,S,D,2024-03-27,1000000.00,4.254458,99.97070312
08:01:20,91282CKC4,TSRYS5756736,D,S,D,2024-03-27,1000000.00,4.254458,99.97070312
08:01:20,91282CKC4,TSRYS5756736,D,S,D,2024-03-27,1000000.00,4.254458,99.97070312
08:01:20,91282CKC4,TSRYS5756736,D,S,C,2024-03-27,1000000.00,4.237037,100.07421875
08:01:20,91282CKC4,TSRYS5756736,D,B,C,2024-03-27,1000000.00,4.237694,100.0701375
08:01:20,91282CKC4,TSRYS5756736,D,S,D,2024-03-27,1000000.00,4.237694,100.0703125
08:01:20,91282CKC4,TSRYS5756736,D,S,T,2024-03-27,1000000.00,4.233755,100.09375
08:01:20,91282CKC4,TSRYS5756736,D,S,C,2024-03-27,1000000.00,4.254458,99.97070312
08:01:20,91282CKC4,TSRYS5756736,D,S,C,2024-03-27,1000000.00,4.254458,99.97070312
08:01:20,91282CKC4,TSRYS5756736,D,S,C,2024-03-27,1000000.00,4.254458,99.97070312
08:01:21,91282CKC4,TSRYS5756736,D,S,T,2024-03-27,1000000.00,4.231458,100.107421875
08:01:21,91282CKC4,TSRYS5756736,D,S,T,2024-03-27,1000000.00,4.236381,100.078125
08:01:21,91282CKC4,TSRYS5756736,D,S,T,2024-03-27,1000000.00,4.232114,100.103515625
08:01:21,91282CKC4,TSRYS5756736,D,S,D,2024-03-27,1000000.00,4.252158,99.984375
08:01:21,91282CKC4,TSRYS5756736,D,S,D,2024-03-27,1000000.00,4.252158,99.984375
08:01:21,91282CKC4,TSRYS5756736,D,S,D,2024-03-27,1000000.00,4.252158,99.984375
08:01:21,91282CKC4,TSRYS5756736,D,S,C,2024-03-27,1000000.00,4.252158,99.984375
08:01:21,91282CKC4,TSRYS5756736,D,S,C,2024-03-27,1000000.00,4.252158,99.984375
08:01:21,91282CKC4,TSRYS5756736,D,S,C,2024-03-27,1000000.00,4.252158,99.984375
08:01:22,91282CKC4,TSRYS5756736,D,S,C,2024-03-27,1000000.00,4.252158,99.984375
08:01:22,91282CKC4,TSRYS5756736,D,S,C,2024-03-27,1000000.00,4.252158,99.984375
08:01:22,91282CKC4,TSRYS5756736,D,S,C,2024-03-27,1000000.00,4.238022,100.068359375
08:01:22,91282CKC4,TSRYS5756736,D,S,C,2024-03-27,1000000.00,4.23835,100.06640625
08:01:22,91282CKC4,TSRYS5756736,D,S,D,2024-03-27,1000000.00,4.253144,99.97851562
08:01:22,91282CKC4,TSRYS5756736,D,S,D,2024-03-27,1000000.00,4.253144,99.97851562
08:01:22,91282CKC4,TSRYS5756736,D,S,D,2024-03-27,1000000.00,4.253144,99.97851562
08:01:22,91282CKC4,TSRYS5756736,D,S,D,2024-03-27,1000000.00,4.253144,99.97851562
08:01:22,91282CKC4,TSRYS5756736,D,S,D,2024-03-27,1000000.00,4.253144,99.97851562
08:01:22,91282CKC4,TSRYS5756736,D,S,D,2024-03-27,1000000.00,4.253144,99.97851562
08:01:22,91282CKC4,TSRYS5756736,D,S,D,2024-03-27,1000000.00,4.253144,99.97851562
08:01:22,91282CKC4,TSRYS5756736,D,S,C,2024-03-27,1000000.00,4.253144,99.97851562
08:01:22,91282CKC4,TSRYS5756736,D,S,D,2024-03-27,1000000.00,4.252815,99.98046875
08:01:22,91282CKC4,TSRYS5756736,D,S,C,2024-03-27,1000000.00,4.252815,99.98046875
08:01:22,91282CKC4,TSRYS5756736,D,S,C,2024-03-27,1000000.00,4.253144,99.97851562
08:01:22,91282CKC4,TSRYS5756736,D,S,D,2024-03-27,1000000.00,4.252158,99.984375
08:01:22,91282CKC4,TSRYS5756736,D,S,D,2024-03-27,1000000.00,4.252158,99.984375
08:01:22,91282CKC4,TSRYS5756736,D,S,C,2024-03-27,1000000.00,4.252158,99.984375
08:01:22,91282CKC4,TSRYS5756736,D,S,T,2024-03-27,1000000.00,4.252158,99.984375
08:01:22,91282CKC4,TSRYS5756736,D,S,D,2024-03-27,1000000.00,4.252158,99.984375
08:01:22,91282CKC4,TSRYS5756736,D,B,C,2024-03-27,1000000.00,4.237694,100.0701375
08:01:22,91282CKC4,TSRYS5756736,D,S,D,2024-03-27,1000000.00,4.237694,100.0703125
08:01:22,91282CKC4,TSRYS5756736,D,S,D,2024-03-27,1000000.00,4.252158,99.984375
08:01:22,91282CKC4,TSRYS5756736,D,S,C,2024-03-27,1000000.00,4.252158,99.984375
08:01:22,91282CKC4,TSRYS5756736,D,S,D,2024-03-27,1000000.00,4.252158,99.984375
08:01:22,91282CKC4,TSRYS5756736,D,S,C,2024-03-27,1000000.00,4.252158,99.984375
08:01:22,91282CKC4,TSRYS5756736,D,S,C,2024-03-27,1000000.00,4.252158,99.984375
08:01:22,91282CKC4,TSRYS5756736,D,S,C,2024-03-27,1000000.00,4.252158,99.984375
08:01:22,91282CKC4,TSRYS5756736,D,S,C,2024-03-27,1000000.00,4.252158,99.984375
08:01:22,91282CKC4,TSRYS5756736,D,S,D,2024-03-27,1000000.00,4.251173,99.99023437
08:01:23,91282CKC4,TSRYS5756736,D,S,D,2024-03-27,1000000.00,4.251173,99.99023437
08:01:23,91282CKC4,TSRYS5756736,D,S,D,2024-03-27,1000000.00,4.250845,99.9921875
08:01:23,91282CKC4,TSRYS5756736,D,S,D,2024-03-27,1000000.00,4.250845,99.9921875
08:01:23,91282CKC4,TSRYS5756736,D,S,C,2024-03-27,1000000.00,4.250845,99.9921875
08:01:23,91282CKC4,TSRYS5756736,D,S,C,2024-03-27,1000000.00,4.250845,99.9921875
08:01:23,91282CKC4,TSRYS5756736,D,S,C,2024-03-27,1000000.00,4.250845,99.9921875
08:01:23,91282CKC4,TSRYS5756736,D,S,D,2024-03-27,1000000.00,4.252158,99.984375
08:01:23,91282CKC4,TSRYS5756736,D,S,D,2024-03-27,1000000.00,4.252158,99.984375
08:01:23,91282CKC4,TSRYS5756736,D,S,D,2024-03-27,1000000.00,4.253801,99.97460937
08:01:23,91282CKC4,TSRYS5756736,D,S,D,2024-03-27,1000000.00,4.244934,100.02734375
08:01:23,91282CKC4,TSRYS5756736,D,S,D,2024-03-27,1000000.00,4.245262,100.02539062
08:01:23,91282CKC4,TSRYS5756736,D,S,D,2024-03-27,1000000.00,4.245262,100.02539062
08:01:23,91282CKC4,TSRYS5756736,D,S,D,2024-03-27,1000000.00,4.245262,100.02539062
08:01:23,91282CKC4,TSRYS5756736,D,S,D,2024-03-27,1000000.00,4.244934,100.02734375
08:01:23,91282CKC4,TSRYS5756736,D,S,D,2024-03-27,1000000.00,4.24559,100.0234375
08:01:23,91282CKC4,TSRYS5756736,D,S,D,2024-03-27,1000000.00,4.24559,100.0234375
08:01:23,91282CKC4,TSRYS5756736,D,S,D,2024-03-27,1000000.00,4.245262,100.02539062
08:01:23,91282CKC4,TSRYS5756736,D,S,D,2024-03-27,1000000.00,4.245262,100.02539062
08:01:23,91282CKC4,TSRYS5756736,D,S,D,2024-03-27,1000000.00,4.24559,100.0234375
08:01:23,91282CKC4,TSRYS5756736,D,S,D,2024-03-27,1000000.00,4.24559,100.0234375
08:01:23,91282CKC4,TSRYS5756736,D,S,D,2024-03-27,1000000.00,4.24559,100.0234375
08:01:24,91282CKC4,TSRYS5756736,D,S,C,2024-03-27,1000000.00,4.243949,100.03320312
08:01:24,91282CKC4,TSRYS5756736,D,S,C,2024-03-27,1000000.00,4.243949,100.03320312
08:01:24,91282CKC4,TSRYS5756736,D,S,C,2024-03-27,1000000.00,4.243949,100.03320312
08:01:24,91282CKC4,TSRYS5756736,D,S,C,2024-03-27,1000000.00,4.243949,100.03320312
08:01:25,91282CKC4,TSRYS5756736,D,S,T,2024-03-27,1000000.00,4.224569,100.1484375
08:01:25,91282CKC4,TSRYS5756736,D,S,C,2024-03-27,1000000.00,4.237694,100.0703125
08:01:25,91282CKC4,TSRYS5756736,D,B,C,2024-03-27,1000000.00,4.237694,100.0701375
08:01:25,91282CKC4,TSRYS5756736,D,S,D,2024-03-27,1000000.00,4.237694,100.0703125
08:01:25,91282CKC4,TSRYS5756736,D,B,C,2024-03-27,1000000.00,4.237694,100.0701375
08:01:25,91282CKC4,TSRYS5756736,D,S,D,2024-03-27,1000000.00,4.237694,100.0703125
08:01:25,91282CKC4,TSRYS5756736,D,S,C,2024-03-27,1000000.00,4.235724,100.08203125
08:01:25,91282CKC4,TSRYS5756736,D,S,C,2024-03-27,1000000.00,4.243949,100.03320312
08:01:25,91282CKC4,TSRYS5756736,D,S,C,2024-03-27,1000000.00,4.243949,100.03320312
08:01:25,91282CKC4,TSRYS5756736,D,S,D,2024-03-27,1000000.00,4.244277,100.03125
08:01:25,91282CKC4,TSRYS5756736,D,S,T,2024-03-27,1000000.00,4.24032,100.0546875
08:01:25,91282CKC4,TSRYS5756736,D,S,C,2024-03-27,1000000.00,4.243949,100.03320312
08:01:25,91282CKC4,TSRYS5756736,D,S,C,2024-03-27,1000000.00,4.243949,100.03320312
08:01:26,91282CKC4,TSRYS5756736,D,S,D,2024-03-27,1000000.00,4.243949,100.03320312
08:01:26,91282CKC4,TSRYS5756736,D,S,D,2024-03-27,1000000.00,4.243949,100.03320312
08:01:26,91282CKC4,TSRYS5756736,D,S,D,2024-03-27,1000000.00,4.243949,100.03320312
08:01:26,91282CKC4,TSRYS5756736,D,S,D,2024-03-27,1000000.00,4.243949,100.03320312
08:01:26,91282CKC4,TSRYS5756736,D,S,D,2024-03-27,1000000.00,4.243949,100.03320312
08:01:26,91282CKC4,TSRYS5756736,D,S,D,2024-03-27,1000000.00,4.243949,100.03320312
08:01:26,91282CKC4,TSRYS5756736,D,S,D,2024-03-27,1000000.00,4.243949,100.03320312
08:01:26,91282CKC4,TSRYS5756736,D,S,D,2024-03-27,1000000.00,4.243949,100.03320312
08:01:26,91282CKC4,TSRYS5756736,D,S,D,2024-03-27,1000000.00,4.243949,100.03320312
08:01:26,91282CKC4,TSRYS5756736,D,S,D,2024-03-27,1000000.00,4.243949,100.03320312
08:01:26,91282CKC4,TSRYS5756736,D,S,C,2024-03-27,1000000.00,4.243949,100.03320312
08:01:26,91282CKC4,TSRYS5756736,D,S,D,2024-03-27,1000000.00,4.243949,100.03320312
08:01:26,91282CKC4,TSRYS5756736,D,S,D,2024-03-27,1000000.00,4.243949,100.03320312
08:01:26,91282CKC4,TSRYS5756736,D,S,D,2024-03-27,1000000.00,4.243949,100.03320312
08:01:26,91282CKC4,TSRYS5756736,D,S,D,2024-03-27,1000000.00,4.243949,100.03320312
08:01:26,91282CKC4,TSRYS5756736,D,S,C,2024-03-27,1000000.00,4.243949,100.03320312
08:01:26,91282CKC4,TSRYS5756736,D,S,D,2024-03-27,1000000.00,4.243949,100.03320312
08:01:26,91282CKC4,TSRYS5756736,D,S,D,2024-03-27,1000000.00,4.244277,100.03125
08:01:26,91282CKC4,TSRYS5756736,D,S,C,2024-03-27,1000000.00,4.244277,100.03125
08:01:26,91282CKC4,TSRYS5756736,D,S,C,2024-03-27,1000000.00,4.244277,100.03125
08:01:26,91282CKC4,TSRYS5756736,D,S,C,2024-03-27,1000000.00,4.244277,100.03125
08:01:26,91282CKC4,TSRYS5756736,D,S,C,2024-03-27,1000000.00,4.244277,100.03125
08:01:26,91282CKC4,TSRYS5756736,D,B,C,2024-03-27,1000000.00,4.239353,100.06054687
08:01:26,91282CKC4,TSRYS5756736,D,B,C,2024-03-27,1000000.00,4.239353,100.06054687
08:01:26,91282CKC4,TSRYS5756736,D,B,C,2024-03-27,1000000.00,4.239353,100.06054687
08:01:26,91282CKC4,TSRYS5756736,D,B,C,2024-03-27,1000000.00,4.239353,100.06054687
08:01:27,91282CKC4,TSRYS5756736,D,S,T,2024-03-27,1000000.00,4.223274,100.156148
08:01:27,91282CKC4,TSRYS5756736,D,B,C,2024-03-27,1000000.00,4.240994,100.05078125
08:01:27,91282CKC4,TSRYS5756736,D,B,C,2024-03-27,1000000.00,4.241322,100.04882812
08:01:27,91282CKC4,TSRYS5756736,D,B,C,2024-03-27,1000000.00,4.241979,100.04492187
08:01:27,91282CKC4,TSRYS5756736,D,B,C,2024-03-27,1000000.00,4.240994,100.05078125
08:01:27,91282CKC4,TSRYS5756736,D,B,C,2024-03-27,1000000.00,4.240994,100.05078125
08:01:27,91282CKC4,TSRYS5756736,D,B,C,2024-03-27,1000000.00,4.240994,100.05078125
08:01:27,91282CKC4,TSRYS5756736,D,B,C,2024-03-27,1000000.00,4.240994,100.05078125
08:01:27,91282CKC4,TSRYS5756736,D,S,C,2024-03-27,1000000.00,4.236053,100.080078125
08:01:27,91282CKC4,TSRYS5756736,D,B,C,2024-03-27,1000000.00,4.240994,100.05078125
08:01:27,91282CKC4,TSRYS5756736,D,B,C,2024-03-27,1000000.00,4.240994,100.05078125
08:01:27,91282CKC4,TSRYS5756736,D,B,C,2024-03-27,1000000.00,4.240994,100.05078125
08:01:27,91282CKC4,TSRYS5756736,D,B,C,2024-03-27,1000000.00,4.240994,100.05078125
08:01:27,91282CKC4,TSRYS5756736,D,B,C,2024-03-27,1000000.00,4.240994,100.05078125
08:01:27,91282CKC4,TSRYS5756736,D,B,C,2024-03-27,1000000.00,4.240994,100.05078125
08:01:27,91282CKC4,TSRYS5756736,D,B,C,2024-03-27,1000000.00,4.240994,100.05078125
08:01:27,91282CKC4,TSRYS5756736,D,B,C,2024-03-27,1000000.00,4.240994,100.05078125
08:01:27,91282CKC4,TSRYS5756736,D,B,C,2024-03-27,1000000.00,4.240994,100.05078125
08:01:27,91282CKC4,TSRYS5756736,D,B,C,2024-03-27,1000000.00,4.240994,100.05078125
08:01:27,91282CKC4,TSRYS5756736,D,B,C,2024-03-27,1000000.00,4.240994,100.05078125
08:01:27,91282CKC4,TSRYS5756736,D,B,C,2024-03-27,1000000.00,4.240994,100.05078125
08:01:27,91282CKC4,TSRYS5756736,D,B,C,2024-03-27,1000000.00,4.240994,100.05078125
08:01:27,91282CKC4,TSRYS5756736,D,B,C,2024-03-27,1000000.00,4.240994,100.05078125
08:01:27,91282CKC4,TSRYS5756736,D,B,C,2024-03-27,1000000.00,4.240994,100.05078125
08:01:27,91282CKC4,TSRYS5756736,D,B,C,2024-03-27,1000000.00,4.240994,100.05078125
08:01:28,91282CKC4,TSRYS5756736,D,B,C,2024-03-27,3000000.00,4.246247,100.01953125
08:01:28,91282CKC4,TSRYS5756736,D,B,C,2024-03-27,1000000.00,4.246247,100.01953125
08:01:29,91282CKC4,TSRYS5756736,D,S,D,2024-03-27,1000000.00,4.236381,100.078125
08:01:29,91282CKC4,TSRYS5756736,D,S,D,2024-03-27,1000000.00,4.236381,100.078125
08:01:29,91282CKC4,TSRYS5756736,D,B,C,2024-03-27,2000000.00,4.245919,100.02148437
08:01:29,91282CKC4,TSRYS5756736,D,B,C,2024-03-27,1000000.00,4.245919,100.02148437
08:01:29,91282CKC4,TSRYS5756736,D,B,C,2024-03-27,1000000.00,4.245919,100.02148437
08:01:29,91282CKC4,TSRYS5756736,D,S,C,2024-03-27,1000000.00,4.237366,100.072265625
08:01:29,91282CKC4,TSRYS5756736,D,B,C,2024-03-27,2000000.00,4.245919,100.02148437
08:01:30,91282CKC4,TSRYS5756736,D,S,D,2024-03-27,1000000.00,4.237712,100.0703125
08:01:30,91282CKC4,TSRYS5756736,D,S,D,2024-03-27,1000000.00,4.237712,100.0703125
08:01:30,91282CKC4,TSRYS5756736,D,S,D,2024-03-27,1000000.00,4.237712,100.0703125
08:01:31,91282CKC4,TSRYS5756736,D,S,D,2024-03-27,1000000.00,4.237712,100.0703125
08:01:32,91282CKC4,TSRYS5756736,D,S,C,2024-03-27,1000000.00,4.235068,100.0859375
08:01:33,91282CKC4,TSRYS5756736,D,S,T,2024-03-27,1000000.00,4.233755,100.09375
08:01:34,91282CKC4,TSRYS5756736,D,S,C,2024-03-27,6750000.00,4.246284,100.01931
08:01:34,91282CKC4,TSRYS5756736,D,S,C,2024-03-27,2250000.00,4.246284,100.01931
08:01:34,91282CKC4,TSRYS5756736,D,B,C,2024-03-27,6275000.00,4.243747,100.0344
08:01:34,91282CKC4,TSRYS5756736,D,B,C,2024-03-27,18825000.00,4.243747,100.0344
08:01:34,91282CKC4,TSRYS5756736,D,S,D,2024-03-27,2000000.00,4.243292,100.03711
