tradeTime,cusip,issueSymbolIdentifier,priceType,reportingSideCode,contraPartyTypeCode,tradeDate,reportedTradeVolume,lastSaleYield,lastSalePrice
08:00:12,91282CKF7,TSRYS5774875,D,S,D,2024-04-02,2000000.00,4.317641,98.84765625
08:00:12,91282CKF7,TSRYS5774875,D,S,D,2024-04-02,2000000.00,4.317641,98.84765625
08:00:12,91282CKF7,TSRYS5774875,D,S,D,2024-04-02,1000000.00,4.317641,98.84765625
08:00:12,91282CKF7,TSRYS5774875,D,S,D,2024-04-02,1000000.00,4.317641,98.84765625
08:00:12,91282CKF7,TSRYS5774875,D,S,D,2024-04-02,1000000.00,4.317641,98.84765625
08:00:12,91282CKF7,TSRYS5774875,D,S,D,2024-04-02,1000000.00,4.317641,98.84765625
08:00:12,91282CKF7,TSRYS5774875,D,S,D,2024-04-02,1000000.00,4.314681,98.865234375
08:00:12,91282CKF7,TSRYS5774875,D,S,D,2024-04-02,1000000.00,4.31238,98.87890625
08:00:12,91282CKF7,TSRYS5774875,D,S,D,2024-04-02,1000000.00,4.312052,98.880859375
08:00:12,91282CKF7,TSRYS5774875,D,S,D,2024-04-02,1000000.00,4.312052,98.880859375
08:00:16,91282CKF7,TSRYS5774875,D,S,D,2024-04-02,1000000.00,4.311394,98.884765625
08:00:16,91282CKF7,TSRYS5774875,D,S,D,2024-04-02,1000000.00,4.311394,98.884765625
08:00:16,91282CKF7,TSRYS5774875,D,S,D,2024-04-02,1000000.00,4.311394,98.884765625
08:00:16,91282CKF7,TSRYS5774875,D,S,D,2024-04-02,1000000.00,4.311394,98.884765625
08:00:16,91282CKF7,TSRYS5774875,D,S,D,2024-04-02,1000000.00,4.311394,98.884765625
08:00:16,91282CKF7,TSRYS5774875,D,S,D,2024-04-02,1000000.00,4.311394,98.884765625
08:00:16,91282CKF7,TSRYS5774875,D,S,D,2024-04-02,1000000.00,4.311394,98.884765625
08:00:16,91282CKF7,TSRYS5774875,D,S,D,2024-04-02,1000000.00,4.314353,98.8671875
08:00:16,91282CKF7,TSRYS5774875,D,S,D,2024-04-02,1000000.00,4.314681,98.865234375
08:00:16,91282CKF7,TSRYS5774875,D,S,T,2024-04-02,1000000.00,4.320929,98.828125
08:00:16,91282CKF7,TSRYS5774875,D,S,T,2024-04-02,1000000.00,4.320929,98.828125
08:00:16,91282CKF7,TSRYS5774875,D,S,D,2024-04-02,1000000.00,4.321916,98.822265625
08:00:16,91282CKF7,TSRYS5774875,D,S,D,2024-04-02,1000000.00,4.331787,98.763671875
08:00:16,91282CKF7,TSRYS5774875,D,S,T,2024-04-02,1000000.00,4.329154,98.779296875
08:00:16,91282CKF7,TSRYS5774875,D,S,T,2024-04-02,2000000.00,4.329154,98.779296875
08:00:16,91282CKF7,TSRYS5774875,D,S,D,2024-04-02,1000000.00,4.329154,98.779296875
08:00:16,91282CKF7,TSRYS5774875,D,S,D,2024-04-02,2000000.00,4.329154,98.779296875
08:00:16,91282CKF7,TSRYS5774875,D,S,D,2024-04-02,1000000.00,4.328167,98.78515625
08:00:16,91282CKF7,TSRYS5774875,D,S,D,2024-04-02,2000000.00,4.331129,98.767578125
08:00:16,91282CKF7,TSRYS5774875,D,S,D,2024-04-02,2000000.00,4.331129,98.767578125
08:00:16,91282CKF7,TSRYS5774875,D,S,T,2024-04-02,1000000.00,4.331458,98.765625
08:00:16,91282CKF7,TSRYS5774875,D,S,D,2024-04-02,1000000.00,4.331129,98.767578125
08:00:16,91282CKF7,TSRYS5774875,D,S,D,2024-04-02,1000000.00,4.328167,98.78515625
08:00:16,91282CKF7,TSRYS5774875,D,S,T,2024-04-02,1000000.00,4.326192,98.796875
08:00:16,91282CKF7,TSRYS5774875,D,S,T,2024-04-02,2000000.00,4.315997,98.857421875
08:00:16,91282CKF7,TSRYS5774875,D,S,T,2024-04-02,1000000.00,4.315668,98.859375
08:00:16,91282CKF7,TSRYS5774875,D,S,D,2024-04-02,1000000.00,4.323561,98.8125
08:00:16,91282CKF7,TSRYS5774875,D,S,D,2024-04-02,1000000.00,4.323561,98.8125
08:00:16,91282CKF7,TSRYS5774875,D,S,D,2024-04-02,1000000.00,4.32718,98.791015625
08:00:16,91282CKF7,TSRYS5774875,D,S,D,2024-04-02,1000000.00,4.32718,98.791015625
08:00:16,91282CKF7,TSRYS5774875,D,S,D,2024-04-02,1000000.00,4.32718,98.791015625
08:00:16,91282CKF7,TSRYS5774875,D,S,D,2024-04-02,1000000.00,4.32718,98.791015625
08:00:16,91282CKF7,TSRYS5774875,D,S,T,2024-04-02,1000000.00,4.339689,98.716796875
08:00:16,91282CKF7,TSRYS5774875,D,S,T,2024-04-02,1000000.00,4.352538,98.640625
08:00:16,91282CKF7,TSRYS5774875,D,S,D,2024-04-02,2000000.00,4.352538,98.640625
08:00:16,91282CKF7,TSRYS5774875,D,S,T,2024-04-02,1000000.00,4.354846,98.626953125
08:00:16,91282CKF7,TSRYS5774875,D,S,D,2024-04-02,2000000.00,4.354846,98.626953125
08:00:16,91282CKF7,TSRYS5774875,D,S,D,2024-04-02,2000000.00,4.354846,98.626953125
08:00:16,91282CKF7,TSRYS5774875,D,S,D,2024-04-02,1000000.00,4.352868,98.638671875
08:00:16,91282CKF7,TSRYS5774875,D,S,T,2024-04-02,1000000.00,4.349901,98.65625
08:00:16,91282CKF7,TSRYS5774875,D,S,D,2024-04-02,1000000.00,4.349901,98.65625
08:00:16,91282CKF7,TSRYS5774875,D,S,T,2024-04-02,1000000.00,4.355175,98.625
08:00:16,91282CKF7,TSRYS5774875,D,S,T,2024-04-02,1000000.00,4.355175,98.625
08:00:16,91282CKF7,TSRYS5774875,D,S,D,2024-04-02,1000000.00,4.36342,98.576171875
08:00:16,91282CKF7,TSRYS5774875,D,S,D,2024-04-02,2000000.00,4.36342,98.576171875
08:00:16,91282CKF7,TSRYS5774875,D,S,D,2024-04-02,1000000.00,4.36309,98.578125
08:00:16,91282CKF7,TSRYS5774875,D,S,D,2024-04-02,1000000.00,4.36309,98.578125
08:00:16,91282CKF7,TSRYS5774875,D,S,D,2024-04-02,3000000.00,4.366059,98.560546875
08:00:16,91282CKF7,TSRYS5774875,D,S,D,2024-04-02,1000000.00,4.369689,98.5390625
08:00:16,91282CKF7,TSRYS5774875,D,S,D,2024-04-02,2000000.00,4.370679,98.533203125
08:00:16,91282CKF7,TSRYS5774875,D,B,C,2024-04-02,1000000.00,4.37332,98.517578125
08:00:16,91282CKF7,TSRYS5774875,D,B,C,2024-04-02,1000000.00,4.37332,98.517578125
08:00:16,91282CKF7,TSRYS5774875,D,B,C,2024-04-02,1000000.00,4.37332,98.517578125
08:00:16,91282CKF7,TSRYS5774875,D,B,C,2024-04-02,2000000.00,4.37332,98.517578125
08:00:16,91282CKF7,TSRYS5774875,D,S,T,2024-04-02,1000000.00,4.37299,98.51953125
08:00:16,91282CKF7,TSRYS5774875,D,S,T,2024-04-02,1000000.00,4.37332,98.517578125
08:00:16,91282CKF7,TSRYS5774875,D,S,D,2024-04-02,2000000.00,4.37332,98.517578125
08:00:16,91282CKF7,TSRYS5774875,D,S,D,2024-04-02,1000000.00,4.37332,98.517578125
08:00:16,91282CKF7,TSRYS5774875,D,S,T,2024-04-02,2000000.00,4.361771,98.5859375
08:00:16,91282CKF7,TSRYS5774875,D,S,D,2024-04-02,2000000.00,4.361771,98.5859375
08:00:16,91282CKF7,TSRYS5774875,D,S,D,2024-04-02,1000000.00,4.361771,98.5859375
08:00:16,91282CKF7,TSRYS5774875,D,S,D,2024-04-02,1000000.00,4.361771,98.5859375
08:00:16,91282CKF7,TSRYS5774875,D,S,D,2024-04-02,1000000.00,4.361771,98.5859375
08:00:16,91282CKF7,TSRYS5774875,D,S,D,2024-04-02,1000000.00,4.361771,98.5859375
08:00:16,91282CKF7,TSRYS5774875,D,S,D,2024-04-02,1000000.00,4.361771,98.5859375
08:00:16,91282CKF7,TSRYS5774875,D,S,D,2024-04-02,1000000.00,4.361771,98.5859375
08:00:16,91282CKF7,TSRYS5774875,D,S,D,2024-04-02,1000000.00,4.361771,98.5859375
08:00:16,91282CKF7,TSRYS5774875,D,S,D,2024-04-02,1000000.00,4.361771,98.5859375
08:00:16,91282CKF7,TSRYS5774875,D,S,D,2024-04-02,1000000.00,4.361771,98.5859375
08:00:16,91282CKF7,TSRYS5774875,D,S,D,2024-04-02,1000000.00,4.361771,98.5859375
08:00:16,91282CKF7,TSRYS5774875,D,S,D,2024-04-02,1000000.00,4.361771,98.5859375
08:00:16,91282CKF7,TSRYS5774875,D,S,D,2024-04-02,1000000.00,4.361771,98.5859375
08:00:16,91282CKF7,TSRYS5774875,D,S,D,2024-04-02,1000000.00,4.361771,98.5859375
08:00:16,91282CKF7,TSRYS5774875,D,S,D,2024-04-02,1000000.00,4.361771,98.5859375
08:00:16,91282CKF7,TSRYS5774875,D,S,D,2024-04-02,1000000.00,4.361771,98.5859375
08:00:16,91282CKF7,TSRYS5774875,D,S,D,2024-04-02,1000000.00,4.361771,98.5859375
08:00:16,91282CKF7,TSRYS5774875,D,S,D,2024-04-02,1000000.00,4.361771,98.5859375
08:00:16,91282CKF7,TSRYS5774875,D,S,D,2024-04-02,1000000.00,4.361771,98.5859375
08:00:16,91282CKF7,TSRYS5774875,D,S,D,2024-04-02,1000000.00,4.361771,98.5859375
08:00:16,91282CKF7,TSRYS5774875,D,S,D,2024-04-02,1000000.00,4.361771,98.5859375
08:00:16,91282CKF7,TSRYS5774875,D,S,D,2024-04-02,1000000.00,4.361771,98.5859375
08:00:16,91282CKF7,TSRYS5774875,D,S,D,2024-04-02,1000000.00,4.361771,98.5859375
08:00:16,91282CKF7,TSRYS5774875,D,S,D,2024-04-02,1000000.00,4.361771,98.5859375
08:00:16,91282CKF7,TSRYS5774875,D,S,D,2024-04-02,1000000.00,4.361771,98.5859375
08:00:16,91282CKF7,TSRYS5774875,D,S,D,2024-04-02,1000000.00,4.361771,98.5859375
08:00:16,91282CKF7,TSRYS5774875,D,S,D,2024-04-02,1000000.00,4.361771,98.5859375
08:00:16,91282CKF7,TSRYS5774875,D,S,T,2024-04-02,2000000.00,4.361111,98.58984375
08:00:16,91282CKF7,TSRYS5774875,D,S,D,2024-04-02,2000000.00,4.361111,98.58984375
08:00:16,91282CKF7,TSRYS5774875,D,S,T,2024-04-02,2000000.00,4.361111,98.58984375
08:00:16,91282CKF7,TSRYS5774875,D,S,D,2024-04-02,1000000.00,4.361111,98.58984375
08:00:16,91282CKF7,TSRYS5774875,D,S,C,2024-04-02,4000000.00,4.36441,98.5703125
08:00:16,91282CKF7,TSRYS5774875,D,B,C,2024-04-02,2000000.00,4.365729,98.5625
08:00:16,91282CKF7,TSRYS5774875,D,S,T,2024-04-02,1000000.00,4.367709,98.55078125
08:00:16,91282CKF7,TSRYS5774875,D,S,T,2024-04-02,2000000.00,4.367709,98.55078125
08:00:16,91282CKF7,TSRYS5774875,D,S,T,2024-04-02,1000000.00,4.367379,98.552734375
08:00:16,91282CKF7,TSRYS5774875,D,B,C,2024-04-02,4000000.00,4.369029,98.54296875
08:00:16,91282CKF7,TSRYS5774875,D,S,D,2024-04-02,27000000.00,4.324836,98.80493
08:00:16,91282CKF7,TSRYS5774875,D,S,D,2024-04-02,55000000.00,4.323151,98.81493
08:00:16,91282CKF7,TSRYS5774875,D,S,D,2024-04-02,5000000.00,4.35634,98.6181
08:00:20,91282CKF7,TSRYS5774875,D,S,T,2024-04-02,1000000.00,4.331458,98.765625
08:00:21,91282CKF7,TSRYS5774875,D,S,T,2024-04-02,1000000.00,4.341994,98.703125
08:00:21,91282CKF7,TSRYS5774875,D,S,T,2024-04-02,1000000.00,4.352538,98.640625
08:00:21,91282CKF7,TSRYS5774875,D,S,T,2024-04-02,1000000.00,4.355175,98.625
08:00:23,91282CKF7,TSRYS5774875,D,S,T,2024-04-02,1000000.00,4.326192,98.796875
08:00:23,91282CKF7,TSRYS5774875,D,S,T,2024-04-02,1000000.00,4.315668,98.859375
08:00:23,91282CKF7,TSRYS5774875,D,S,T,2024-04-02,1000000.00,4.315668,98.859375
08:00:23,91282CKF7,TSRYS5774875,D,S,T,2024-04-02,1000000.00,4.315668,98.859375
08:00:23,91282CKF7,TSRYS5774875,D,S,T,2024-04-02,1000000.00,4.315668,98.859375
08:00:23,91282CKF7,TSRYS5774875,D,S,T,2024-04-02,1000000.00,4.315668,98.859375
08:00:23,91282CKF7,TSRYS5774875,D,S,T,2024-04-02,1000000.00,4.315668,98.859375
08:00:23,91282CKF7,TSRYS5774875,D,S,T,2024-04-02,1000000.00,4.311394,98.884765625
08:00:24,91282CKF7,TSRYS5774875,D,S,T,2024-04-02,1000000.00,4.328825,98.78125
08:00:24,91282CKF7,TSRYS5774875,D,S,T,2024-04-02,1000000.00,4.315668,98.859375
08:00:24,91282CKF7,TSRYS5774875,D,S,T,2024-04-02,1000000.00,4.315668,98.859375
08:00:24,91282CKF7,TSRYS5774875,D,S,T,2024-04-02,1000000.00,4.371009,98.53125
08:00:24,91282CKF7,TSRYS5774875,D,S,T,2024-04-02,1000000.00,4.37332,98.517578125
08:00:24,91282CKF7,TSRYS5774875,D,S,T,2024-04-02,1000000.00,4.37365,98.515625
08:00:24,91282CKF7,TSRYS5774875,D,S,T,2024-04-02,1000000.00,4.37365,98.515625
08:00:24,91282CKF7,TSRYS5774875,D,S,T,2024-04-02,1000000.00,4.371009,98.53125
08:00:26,91282CKF7,TSRYS5774875,D,S,D,2024-04-02,7000000.00,4.357152,98.61329
08:00:26,91282CKF7,TSRYS5774875,D,S,D,2024-04-02,280000.00,4.352627,98.640100446
08:00:26,91282CKF7,TSRYS5774875,D,S,D,2024-04-02,2000000.00,4.37332,98.517578125
08:00:26,91282CKF7,TSRYS5774875,D,S,D,2024-04-02,1000000.00,4.37332,98.517578125
08:00:26,91282CKF7,TSRYS5774875,D,S,D,2024-04-02,1000000.00,4.37332,98.517578125
08:00:26,91282CKF7,TSRYS5774875,D,S,D,2024-04-02,1000000.00,4.37332,98.517578125
08:00:26,91282CKF7,TSRYS5774875,D,S,D,2024-04-02,1000000.00,4.37332,98.517578125
08:00:26,91282CKF7,TSRYS5774875,D,S,D,2024-04-02,1000000.00,4.37332,98.517578125
08:00:26,91282CKF7,TSRYS5774875,D,S,D,2024-04-02,1000000.00,4.37332,98.517578125
08:00:26,91282CKF7,TSRYS5774875,D,S,D,2024-04-02,2000000.00,4.37332,98.517578125
08:00:26,91282CKF7,TSRYS5774875,D,S,D,2024-04-02,1000000.00,4.37332,98.517578125
08:00:29,91282CKF7,TSRYS5774875,D,S,T,2024-04-02,3000000.00,4.328825,98.78125
08:00:30,91282CKF7,TSRYS5774875,D,S,T,2024-04-02,1000000.00,4.311723,98.8828125
08:00:30,91282CKF7,TSRYS5774875,D,S,T,2024-04-02,1000000.00,4.310408,98.890625
08:00:30,91282CKF7,TSRYS5774875,D,S,T,2024-04-02,1000000.00,4.310408,98.890625
08:00:30,91282CKF7,TSRYS5774875,D,S,T,2024-04-02,1000000.00,4.310408,98.890625
08:00:30,91282CKF7,TSRYS5774875,D,S,T,2024-04-02,1000000.00,4.313038,98.875
08:00:30,91282CKF7,TSRYS5774875,D,S,T,2024-04-02,2000000.00,4.313038,98.875
08:00:30,91282CKF7,TSRYS5774875,D,S,T,2024-04-02,2000000.00,4.313038,98.875
08:00:30,91282CKF7,TSRYS5774875,D,S,T,2024-04-02,1000000.00,4.313038,98.875
08:00:30,91282CKF7,TSRYS5774875,D,S,T,2024-04-02,1000000.00,4.313038,98.875
08:00:30,91282CKF7,TSRYS5774875,D,S,T,2024-04-02,1000000.00,4.313038,98.875
08:00:30,91282CKF7,TSRYS5774875,D,S,T,2024-04-02,1000000.00,4.313038,98.875
08:00:30,91282CKF7,TSRYS5774875,D,S,T,2024-04-02,2000000.00,4.317641,98.84765625
08:00:30,91282CKF7,TSRYS5774875,D,S,T,2024-04-02,1000000.00,4.318298,98.84375
08:00:30,91282CKF7,TSRYS5774875,D,S,T,2024-04-02,1000000.00,4.316983,98.8515625
08:00:30,91282CKF7,TSRYS5774875,D,S,T,2024-04-02,1000000.00,4.318298,98.84375
08:00:30,91282CKF7,TSRYS5774875,D,S,T,2024-04-02,1000000.00,4.320929,98.828125
08:00:30,91282CKF7,TSRYS5774875,D,S,T,2024-04-02,1000000.00,4.318298,98.84375
08:00:30,91282CKF7,TSRYS5774875,D,S,T,2024-04-02,1000000.00,4.318298,98.84375
08:00:30,91282CKF7,TSRYS5774875,D,S,T,2024-04-02,1000000.00,4.318298,98.84375
08:00:30,91282CKF7,TSRYS5774875,D,S,T,2024-04-02,1000000.00,4.318298,98.84375
08:00:30,91282CKF7,TSRYS5774875,D,S,T,2024-04-02,1000000.00,4.318298,98.84375
08:00:30,91282CKF7,TSRYS5774875,D,S,T,2024-04-02,1000000.00,4.313038,98.875
08:00:30,91282CKF7,TSRYS5774875,D,S,T,2024-04-02,1000000.00,4.314353,98.8671875
08:00:30,91282CKF7,TSRYS5774875,D,S,T,2024-04-02,1000000.00,4.313038,98.875
08:00:30,91282CKF7,TSRYS5774875,D,S,T,2024-04-02,1000000.00,4.311723,98.8828125
08:00:30,91282CKF7,TSRYS5774875,D,S,T,2024-04-02,1000000.00,4.311394,98.884765625
08:00:30,91282CKF7,TSRYS5774875,D,S,T,2024-04-02,1000000.00,4.311394,98.884765625
08:00:30,91282CKF7,TSRYS5774875,D,S,T,2024-04-02,1000000.00,4.311394,98.884765625
08:00:30,91282CKF7,TSRYS5774875,D,S,T,2024-04-02,1000000.00,4.311394,98.884765625
08:00:30,91282CKF7,TSRYS5774875,D,S,T,2024-04-02,1000000.00,4.311394,98.884765625
08:00:30,91282CKF7,TSRYS5774875,D,S,T,2024-04-02,1000000.00,4.311394,98.884765625
08:00:30,91282CKF7,TSRYS5774875,D,S,T,2024-04-02,1000000.00,4.311394,98.884765625
08:00:30,91282CKF7,TSRYS5774875,D,S,T,2024-04-02,1000000.00,4.311394,98.884765625
08:00:30,91282CKF7,TSRYS5774875,D,S,T,2024-04-02,2000000.00,4.313038,98.875
08:00:30,91282CKF7,TSRYS5774875,D,S,T,2024-04-02,1000000.00,4.313038,98.875
08:00:30,91282CKF7,TSRYS5774875,D,S,T,2024-04-02,1000000.00,4.311394,98.884765625
08:00:30,91282CKF7,TSRYS5774875,D,S,T,2024-04-02,1000000.00,4.311066,98.88671875
08:00:30,91282CKF7,TSRYS5774875,D,S,T,2024-04-02,1000000.00,4.310737,98.888671875
08:00:30,91282CKF7,TSRYS5774875,D,S,T,2024-04-02,1000000.00,4.310408,98.890625
08:00:30,91282CKF7,TSRYS5774875,D,S,T,2024-04-02,2000000.00,4.310408,98.890625
08:00:30,91282CKF7,TSRYS5774875,D,S,T,2024-04-02,1000000.00,4.310408,98.890625
08:00:30,91282CKF7,TSRYS5774875,D,S,T,2024-04-02,1000000.00,4.310408,98.890625
08:00:30,91282CKF7,TSRYS5774875,D,S,T,2024-04-02,1000000.00,4.310408,98.890625
08:00:30,91282CKF7,TSRYS5774875,D,S,T,2024-04-02,1000000.00,4.310408,98.890625
08:00:30,91282CKF7,TSRYS5774875,D,S,T,2024-04-02,1000000.00,4.310408,98.890625
08:00:30,91282CKF7,TSRYS5774875,D,S,T,2024-04-02,1000000.00,4.311723,98.8828125
08:00:30,91282CKF7,TSRYS5774875,D,S,T,2024-04-02,5000000.00,4.314353,98.8671875
08:00:30,91282CKF7,TSRYS5774875,D,S,T,2024-04-02,1000000.00,4.313695,98.87109375
08:00:30,91282CKF7,TSRYS5774875,D,S,T,2024-04-02,1000000.00,4.316983,98.8515625
08:00:30,91282CKF7,TSRYS5774875,D,S,T,2024-04-02,1000000.00,4.316983,98.8515625
08:00:30,91282CKF7,TSRYS5774875,D,S,T,2024-04-02,1000000.00,4.315668,98.859375
08:00:30,91282CKF7,TSRYS5774875,D,S,T,2024-04-02,1000000.00,4.315668,98.859375
08:00:30,91282CKF7,TSRYS5774875,D,S,T,2024-04-02,1000000.00,4.315668,98.859375
08:00:30,91282CKF7,TSRYS5774875,D,S,T,2024-04-02,1000000.00,4.315668,98.859375
08:00:30,91282CKF7,TSRYS5774875,D,S,T,2024-04-02,1000000.00,4.320929,98.828125
08:00:30,91282CKF7,TSRYS5774875,D,S,T,2024-04-02,1000000.00,4.320929,98.828125
08:00:30,91282CKF7,TSRYS5774875,D,S,T,2024-04-02,1000000.00,4.321587,98.82421875
08:00:30,91282CKF7,TSRYS5774875,D,S,T,2024-04-02,1000000.00,4.320929,98.828125
08:00:30,91282CKF7,TSRYS5774875,D,S,T,2024-04-02,1000000.00,4.320929,98.828125
08:00:30,91282CKF7,TSRYS5774875,D,S,T,2024-04-02,1000000.00,4.320929,98.828125
08:00:30,91282CKF7,TSRYS5774875,D,S,T,2024-04-02,1000000.00,4.320929,98.828125
08:00:30,91282CKF7,TSRYS5774875,D,S,T,2024-04-02,1000000.00,4.320929,98.828125
08:00:30,91282CKF7,TSRYS5774875,D,S,T,2024-04-02,1000000.00,4.320929,98.828125
08:00:30,91282CKF7,TSRYS5774875,D,S,T,2024-04-02,1000000.00,4.320929,98.828125
08:00:30,91282CKF7,TSRYS5774875,D,S,T,2024-04-02,1000000.00,4.323561,98.8125
08:00:30,91282CKF7,TSRYS5774875,D,S,T,2024-04-02,1000000.00,4.323889,98.810546875
08:00:30,91282CKF7,TSRYS5774875,D,S,T,2024-04-02,1000000.00,4.323561,98.8125
08:00:30,91282CKF7,TSRYS5774875,D,S,T,2024-04-02,1000000.00,4.323561,98.8125
08:00:30,91282CKF7,TSRYS5774875,D,S,T,2024-04-02,1000000.00,4.323561,98.8125
08:00:30,91282CKF7,TSRYS5774875,D,S,T,2024-04-02,1000000.00,4.326192,98.796875
08:00:30,91282CKF7,TSRYS5774875,D,S,T,2024-04-02,1000000.00,4.328825,98.78125
08:00:30,91282CKF7,TSRYS5774875,D,S,T,2024-04-02,1000000.00,4.328825,98.78125
08:00:30,91282CKF7,TSRYS5774875,D,S,T,2024-04-02,1000000.00,4.328825,98.78125
08:00:30,91282CKF7,TSRYS5774875,D,S,T,2024-04-02,1000000.00,4.328825,98.78125
08:00:30,91282CKF7,TSRYS5774875,D,S,T,2024-04-02,1000000.00,4.328825,98.78125
08:00:30,91282CKF7,TSRYS5774875,D,S,T,2024-04-02,1000000.00,4.331458,98.765625
08:00:30,91282CKF7,TSRYS5774875,D,S,T,2024-04-02,1000000.00,4.331458,98.765625
08:00:30,91282CKF7,TSRYS5774875,D,S,T,2024-04-02,1000000.00,4.331458,98.765625
08:00:30,91282CKF7,TSRYS5774875,D,S,T,2024-04-02,1000000.00,4.331458,98.765625
08:00:30,91282CKF7,TSRYS5774875,D,S,T,2024-04-02,1000000.00,4.334091,98.75
08:00:30,91282CKF7,TSRYS5774875,D,S,T,2024-04-02,1000000.00,4.331458,98.765625
08:00:30,91282CKF7,TSRYS5774875,D,S,T,2024-04-02,1000000.00,4.331458,98.765625
08:00:30,91282CKF7,TSRYS5774875,D,S,T,2024-04-02,1000000.00,4.328825,98.78125
08:00:30,91282CKF7,TSRYS5774875,D,S,T,2024-04-02,1000000.00,4.328825,98.78125
08:00:30,91282CKF7,TSRYS5774875,D,S,T,2024-04-02,1000000.00,4.328825,98.78125
08:00:30,91282CKF7,TSRYS5774875,D,S,T,2024-04-02,1000000.00,4.328825,98.78125
08:00:30,91282CKF7,TSRYS5774875,D,S,T,2024-04-02,1000000.00,4.328825,98.78125
08:00:30,91282CKF7,TSRYS5774875,D,S,T,2024-04-02,1000000.00,4.331458,98.765625
08:00:30,91282CKF7,TSRYS5774875,D,S,T,2024-04-02,1000000.00,4.328825,98.78125
08:00:30,91282CKF7,TSRYS5774875,D,S,T,2024-04-02,1000000.00,4.328825,98.78125
08:00:30,91282CKF7,TSRYS5774875,D,S,T,2024-04-02,1000000.00,4.328825,98.78125
08:00:30,91282CKF7,TSRYS5774875,D,S,T,2024-04-02,1000000.00,4.328825,98.78125
08:00:30,91282CKF7,TSRYS5774875,D,S,T,2024-04-02,1000000.00,4.328825,98.78125
08:00:30,91282CKF7,TSRYS5774875,D,S,T,2024-04-02,1000000.00,4.328825,98.78125
08:00:30,91282CKF7,TSRYS5774875,D,S,T,2024-04-02,1000000.00,4.326192,98.796875
08:00:30,91282CKF7,TSRYS5774875,D,S,T,2024-04-02,1000000.00,4.326192,98.796875
08:00:30,91282CKF7,TSRYS5774875,D,S,T,2024-04-02,1000000.00,4.328496,98.783203125
08:00:30,91282CKF7,TSRYS5774875,D,S,T,2024-04-02,1000000.00,4.328825,98.78125
08:00:30,91282CKF7,TSRYS5774875,D,S,T,2024-04-02,1000000.00,4.328825,98.78125
08:00:30,91282CKF7,TSRYS5774875,D,S,T,2024-04-02,1000000.00,4.328825,98.78125
08:00:30,91282CKF7,TSRYS5774875,D,S,T,2024-04-02,2000000.00,4.328825,98.78125
08:00:30,91282CKF7,TSRYS5774875,D,S,T,2024-04-02,1000000.00,4.328825,98.78125
08:00:30,91282CKF7,TSRYS5774875,D,S,T,2024-04-02,1000000.00,4.326192,98.796875
08:00:30,91282CKF7,TSRYS5774875,D,S,T,2024-04-02,1000000.00,4.326192,98.796875
08:00:30,91282CKF7,TSRYS5774875,D,S,T,2024-04-02,1000000.00,4.326192,98.796875
08:00:30,91282CKF7,TSRYS5774875,D,S,T,2024-04-02,1000000.00,4.326192,98.796875
08:00:30,91282CKF7,TSRYS5774875,D,S,T,2024-04-02,1000000.00,4.326192,98.796875
08:00:30,91282CKF7,TSRYS5774875,D,S,T,2024-04-02,1000000.00,4.326192,98.796875
08:00:30,91282CKF7,TSRYS5774875,D,S,T,2024-04-02,1000000.00,4.326192,98.796875
08:00:30,91282CKF7,TSRYS5774875,D,S,T,2024-04-02,2000000.00,4.326192,98.796875
08:00:30,91282CKF7,TSRYS5774875,D,S,T,2024-04-02,2000000.00,4.328825,98.78125
08:00:30,91282CKF7,TSRYS5774875,D,S,T,2024-04-02,1000000.00,4.328825,98.78125
08:00:30,91282CKF7,TSRYS5774875,D,S,T,2024-04-02,1000000.00,4.327509,98.7890625
08:00:30,91282CKF7,TSRYS5774875,D,S,T,2024-04-02,1000000.00,4.328167,98.78515625
08:00:30,91282CKF7,TSRYS5774875,D,S,T,2024-04-02,1000000.00,4.328167,98.78515625
08:00:30,91282CKF7,TSRYS5774875,D,S,T,2024-04-02,1000000.00,4.328825,98.78125
08:00:30,91282CKF7,TSRYS5774875,D,S,T,2024-04-02,1000000.00,4.326192,98.796875
08:00:30,91282CKF7,TSRYS5774875,D,S,T,2024-04-02,1000000.00,4.326192,98.796875
08:00:30,91282CKF7,TSRYS5774875,D,S,T,2024-04-02,1000000.00,4.326192,98.796875
08:00:30,91282CKF7,TSRYS5774875,D,S,T,2024-04-02,1000000.00,4.326192,98.796875
08:00:30,91282CKF7,TSRYS5774875,D,S,T,2024-04-02,1000000.00,4.326192,98.796875
08:00:30,91282CKF7,TSRYS5774875,D,S,T,2024-04-02,1000000.00,4.325534,98.80078125
08:00:30,91282CKF7,TSRYS5774875,D,S,T,2024-04-02,1000000.00,4.323561,98.8125
08:00:30,91282CKF7,TSRYS5774875,D,S,T,2024-04-02,1000000.00,4.326192,98.796875
08:00:30,91282CKF7,TSRYS5774875,D,S,T,2024-04-02,1000000.00,4.326192,98.796875
08:00:30,91282CKF7,TSRYS5774875,D,S,T,2024-04-02,2000000.00,4.326192,98.796875
08:00:30,91282CKF7,TSRYS5774875,D,S,T,2024-04-02,1000000.00,4.327509,98.7890625
08:00:30,91282CKF7,TSRYS5774875,D,S,T,2024-04-02,1000000.00,4.328825,98.78125
08:00:30,91282CKF7,TSRYS5774875,D,S,T,2024-04-02,1000000.00,4.328825,98.78125
08:00:30,91282CKF7,TSRYS5774875,D,S,T,2024-04-02,2000000.00,4.328825,98.78125
08:00:30,91282CKF7,TSRYS5774875,D,S,T,2024-04-02,2000000.00,4.328825,98.78125
08:00:30,91282CKF7,TSRYS5774875,D,S,T,2024-04-02,2000000.00,4.328825,98.78125
08:00:30,91282CKF7,TSRYS5774875,D,S,T,2024-04-02,2000000.00,4.328825,98.78125
08:00:30,91282CKF7,TSRYS5774875,D,S,T,2024-04-02,1000000.00,4.328825,98.78125
08:00:30,91282CKF7,TSRYS5774875,D,S,T,2024-04-02,2000000.00,4.328825,98.78125
08:00:30,91282CKF7,TSRYS5774875,D,S,T,2024-04-02,1000000.00,4.328825,98.78125
08:00:30,91282CKF7,TSRYS5774875,D,S,T,2024-04-02,1000000.00,4.328825,98.78125
08:00:30,91282CKF7,TSRYS5774875,D,S,T,2024-04-02,1000000.00,4.328825,98.78125
08:00:30,91282CKF7,TSRYS5774875,D,S,T,2024-04-02,1000000.00,4.328825,98.78125
08:00:30,91282CKF7,TSRYS5774875,D,S,T,2024-04-02,1000000.00,4.328825,98.78125
08:00:30,91282CKF7,TSRYS5774875,D,S,T,2024-04-02,1000000.00,4.328825,98.78125
08:00:30,91282CKF7,TSRYS5774875,D,S,T,2024-04-02,1000000.00,4.328825,98.78125
08:00:34,91282CKF7,TSRYS5774875,D,S,T,2024-04-02,1000000.00,4.328825,98.78125
08:00:34,91282CKF7,TSRYS5774875,D,S,T,2024-04-02,1000000.00,4.328825,98.78125
08:00:34,91282CKF7,TSRYS5774875,D,S,T,2024-04-02,1000000.00,4.328825,98.78125
08:00:34,91282CKF7,TSRYS5774875,D,S,T,2024-04-02,2000000.00,4.331458,98.765625
08:00:34,91282CKF7,TSRYS5774875,D,S,T,2024-04-02,1000000.00,4.331458,98.765625
08:00:34,91282CKF7,TSRYS5774875,D,S,T,2024-04-02,1000000.00,4.331458,98.765625
08:00:34,91282CKF7,TSRYS5774875,D,S,T,2024-04-02,2000000.00,4.331458,98.765625
08:00:34,91282CKF7,TSRYS5774875,D,S,T,2024-04-02,1000000.00,4.331458,98.765625
08:00:34,91282CKF7,TSRYS5774875,D,S,T,2024-04-02,1000000.00,4.331458,98.765625
08:00:34,91282CKF7,TSRYS5774875,D,S,T,2024-04-02,2000000.00,4.331458,98.765625
08:00:34,91282CKF7,TSRYS5774875,D,S,T,2024-04-02,1000000.00,4.331458,98.765625
08:00:34,91282CKF7,TSRYS5774875,D,S,T,2024-04-02,1000000.00,4.331458,98.765625
08:00:34,91282CKF7,TSRYS5774875,D,S,T,2024-04-02,1000000.00,4.331458,98.765625
08:00:34,91282CKF7,TSRYS5774875,D,S,T,2024-04-02,1000000.00,4.331458,98.765625
08:00:34,91282CKF7,TSRYS5774875,D,S,T,2024-04-02,1000000.00,4.331458,98.765625
08:00:34,91282CKF7,TSRYS5774875,D,S,T,2024-04-02,1000000.00,4.331458,98.765625
08:00:34,91282CKF7,TSRYS5774875,D,S,T,2024-04-02,1000000.00,4.331458,98.765625
08:00:34,91282CKF7,TSRYS5774875,D,S,T,2024-04-02,2000000.00,4.331458,98.765625
08:00:34,91282CKF7,TSRYS5774875,D,S,T,2024-04-02,1000000.00,4.331458,98.765625
08:00:34,91282CKF7,TSRYS5774875,D,S,T,2024-04-02,2000000.00,4.331458,98.765625
08:00:34,91282CKF7,TSRYS5774875,D,S,T,2024-04-02,1000000.00,4.331129,98.767578125
08:00:34,91282CKF7,TSRYS5774875,D,S,T,2024-04-02,1000000.00,4.331458,98.765625
08:00:34,91282CKF7,TSRYS5774875,D,S,T,2024-04-02,1000000.00,4.331458,98.765625
08:00:34,91282CKF7,TSRYS5774875,D,S,T,2024-04-02,1000000.00,4.331458,98.765625
08:00:34,91282CKF7,TSRYS5774875,D,S,T,2024-04-02,1000000.00,4.331458,98.765625
08:00:34,91282CKF7,TSRYS5774875,D,S,T,2024-04-02,1000000.00,4.331458,98.765625
08:00:34,91282CKF7,TSRYS5774875,D,S,T,2024-04-02,2000000.00,4.328825,98.78125
08:00:34,91282CKF7,TSRYS5774875,D,S,T,2024-04-02,1000000.00,4.328825,98.78125
08:00:34,91282CKF7,TSRYS5774875,D,S,T,2024-04-02,1000000.00,4.328825,98.78125
08:00:34,91282CKF7,TSRYS5774875,D,S,T,2024-04-02,1000000.00,4.328825,98.78125
08:00:34,91282CKF7,TSRYS5774875,D,S,T,2024-04-02,1000000.00,4.328825,98.78125
08:00:34,91282CKF7,TSRYS5774875,D,S,T,2024-04-02,2000000.00,4.327509,98.7890625
08:00:34,91282CKF7,TSRYS5774875,D,S,T,2024-04-02,2000000.00,4.32685,98.79296875
08:00:34,91282CKF7,TSRYS5774875,D,S,T,2024-04-02,2000000.00,4.326521,98.794921875
08:00:34,91282CKF7,TSRYS5774875,D,S,T,2024-04-02,2000000.00,4.32685,98.79296875
08:00:34,91282CKF7,TSRYS5774875,D,S,T,2024-04-02,1000000.00,4.32685,98.79296875
08:00:34,91282CKF7,TSRYS5774875,D,S,T,2024-04-02,2000000.00,4.326192,98.796875
08:00:34,91282CKF7,TSRYS5774875,D,S,T,2024-04-02,1000000.00,4.327509,98.7890625
08:00:34,91282CKF7,TSRYS5774875,D,S,T,2024-04-02,1000000.00,4.327509,98.7890625
08:00:34,91282CKF7,TSRYS5774875,D,S,T,2024-04-02,1000000.00,4.327509,98.7890625
08:00:34,91282CKF7,TSRYS5774875,D,S,T,2024-04-02,1000000.00,4.327509,98.7890625
08:00:34,91282CKF7,TSRYS5774875,D,S,T,2024-04-02,1000000.00,4.327509,98.7890625
08:00:34,91282CKF7,TSRYS5774875,D,S,T,2024-04-02,1000000.00,4.327509,98.7890625
08:00:34,91282CKF7,TSRYS5774875,D,S,T,2024-04-02,1000000.00,4.327509,98.7890625
08:00:34,91282CKF7,TSRYS5774875,D,S,T,2024-04-02,1000000.00,4.327509,98.7890625
08:00:34,91282CKF7,TSRYS5774875,D,S,T,2024-04-02,1000000.00,4.327509,98.7890625
08:00:34,91282CKF7,TSRYS5774875,D,S,T,2024-04-02,1000000.00,4.327509,98.7890625
08:00:34,91282CKF7,TSRYS5774875,D,S,T,2024-04-02,2000000.00,4.328825,98.78125
08:00:34,91282CKF7,TSRYS5774875,D,S,T,2024-04-02,1000000.00,4.328167,98.78515625
08:00:34,91282CKF7,TSRYS5774875,D,S,T,2024-04-02,1000000.00,4.328167,98.78515625
08:00:34,91282CKF7,TSRYS5774875,D,S,T,2024-04-02,1000000.00,4.327509,98.7890625
08:00:34,91282CKF7,TSRYS5774875,D,S,T,2024-04-02,1000000.00,4.327509,98.7890625
08:00:34,91282CKF7,TSRYS5774875,D,S,T,2024-04-02,1000000.00,4.327509,98.7890625
08:00:34,91282CKF7,TSRYS5774875,D,S,T,2024-04-02,1000000.00,4.327509,98.7890625
08:00:34,91282CKF7,TSRYS5774875,D,S,T,2024-04-02,1000000.00,4.327509,98.7890625
08:00:34,91282CKF7,TSRYS5774875,D,S,T,2024-04-02,1000000.00,4.327509,98.7890625
08:00:34,91282CKF7,TSRYS5774875,D,S,T,2024-04-02,1000000.00,4.327509,98.7890625
08:00:34,91282CKF7,TSRYS5774875,D,S,T,2024-04-02,1000000.00,4.327509,98.7890625
08:00:34,91282CKF7,TSRYS5774875,D,S,T,2024-04-02,1000000.00,4.327509,98.7890625
08:00:34,91282CKF7,TSRYS5774875,D,S,T,2024-04-02,1000000.00,4.328825,98.78125
08:00:34,91282CKF7,TSRYS5774875,D,S,T,2024-04-02,1000000.00,4.328825,98.78125
08:00:34,91282CKF7,TSRYS5774875,D,S,T,2024-04-02,1000000.00,4.328825,98.78125
08:00:34,91282CKF7,TSRYS5774875,D,S,T,2024-04-02,1000000.00,4.326192,98.796875
08:00:34,91282CKF7,TSRYS5774875,D,S,T,2024-04-02,2000000.00,4.323561,98.8125
08:00:34,91282CKF7,TSRYS5774875,D,S,T,2024-04-02,1000000.00,4.323561,98.8125
08:00:34,91282CKF7,TSRYS5774875,D,S,T,2024-04-02,1000000.00,4.323561,98.8125
08:00:34,91282CKF7,TSRYS5774875,D,S,T,2024-04-02,1000000.00,4.323561,98.8125
08:00:34,91282CKF7,TSRYS5774875,D,S,T,2024-04-02,2000000.00,4.323561,98.8125
08:00:34,91282CKF7,TSRYS5774875,D,S,T,2024-04-02,1000000.00,4.326192,98.796875
08:00:34,91282CKF7,TSRYS5774875,D,S,T,2024-04-02,1000000.00,4.326192,98.796875
08:00:34,91282CKF7,TSRYS5774875,D,S,T,2024-04-02,2000000.00,4.323561,98.8125
08:00:34,91282CKF7,TSRYS5774875,D,S,T,2024-04-02,1000000.00,4.323561,98.8125
08:00:34,91282CKF7,TSRYS5774875,D,S,T,2024-04-02,1000000.00,4.324218,98.80859375
08:00:34,91282CKF7,TSRYS5774875,D,S,T,2024-04-02,1000000.00,4.324218,98.80859375
08:00:34,91282CKF7,TSRYS5774875,D,S,T,2024-04-02,1000000.00,4.324218,98.80859375
08:00:34,91282CKF7,TSRYS5774875,D,S,T,2024-04-02,1000000.00,4.323561,98.8125
08:00:34,91282CKF7,TSRYS5774875,D,S,T,2024-04-02,1000000.00,4.323561,98.8125
08:00:34,91282CKF7,TSRYS5774875,D,S,T,2024-04-02,1000000.00,4.323561,98.8125
08:00:34,91282CKF7,TSRYS5774875,D,S,T,2024-04-02,1000000.00,4.323561,98.8125
08:00:34,91282CKF7,TSRYS5774875,D,S,T,2024-04-02,1000000.00,4.3206,98.830078125
08:00:34,91282CKF7,TSRYS5774875,D,S,T,2024-04-02,2000000.00,4.320929,98.828125
08:00:34,91282CKF7,TSRYS5774875,D,S,T,2024-04-02,1000000.00,4.320929,98.828125
08:00:34,91282CKF7,TSRYS5774875,D,S,T,2024-04-02,1000000.00,4.320929,98.828125
08:00:34,91282CKF7,TSRYS5774875,D,S,T,2024-04-02,1000000.00,4.323561,98.8125
08:00:34,91282CKF7,TSRYS5774875,D,S,T,2024-04-02,1000000.00,4.323561,98.8125
08:00:34,91282CKF7,TSRYS5774875,D,S,T,2024-04-02,3000000.00,4.323561,98.8125
08:00:34,91282CKF7,TSRYS5774875,D,S,T,2024-04-02,1000000.00,4.323561,98.8125
08:00:34,91282CKF7,TSRYS5774875,D,S,T,2024-04-02,2000000.00,4.323561,98.8125
08:00:34,91282CKF7,TSRYS5774875,D,S,T,2024-04-02,1000000.00,4.318298,98.84375
08:00:34,91282CKF7,TSRYS5774875,D,S,T,2024-04-02,1000000.00,4.315668,98.859375
08:00:34,91282CKF7,TSRYS5774875,D,S,T,2024-04-02,1000000.00,4.315668,98.859375
08:00:34,91282CKF7,TSRYS5774875,D,S,T,2024-04-02,1000000.00,4.318298,98.84375
08:00:34,91282CKF7,TSRYS5774875,D,S,T,2024-04-02,2000000.00,4.315668,98.859375
08:00:34,91282CKF7,TSRYS5774875,D,S,T,2024-04-02,1000000.00,4.315668,98.859375
08:00:34,91282CKF7,TSRYS5774875,D,S,T,2024-04-02,15000000.00,4.315668,98.859375
08:00:34,91282CKF7,TSRYS5774875,D,S,T,2024-04-02,5000000.00,4.315668,98.859375
08:00:34,91282CKF7,TSRYS5774875,D,S,T,2024-04-02,2000000.00,4.315668,98.859375
08:00:34,91282CKF7,TSRYS5774875,D,S,T,2024-04-02,1000000.00,4.315668,98.859375
08:00:34,91282CKF7,TSRYS5774875,D,S,T,2024-04-02,1000000.00,4.315668,98.859375
08:00:34,91282CKF7,TSRYS5774875,D,S,T,2024-04-02,3000000.00,4.315668,98.859375
08:00:34,91282CKF7,TSRYS5774875,D,S,T,2024-04-02,2000000.00,4.315668,98.859375
08:00:34,91282CKF7,TSRYS5774875,D,S,T,2024-04-02,2000000.00,4.315668,98.859375
08:00:34,91282CKF7,TSRYS5774875,D,S,T,2024-04-02,2000000.00,4.315668,98.859375
08:00:34,91282CKF7,TSRYS5774875,D,S,T,2024-04-02,2000000.00,4.315668,98.859375
08:00:34,91282CKF7,TSRYS5774875,D,S,T,2024-04-02,6000000.00,4.315668,98.859375
08:00:34,91282CKF7,TSRYS5774875,D,S,T,2024-04-02,1000000.00,4.316325,98.85546875
08:00:34,91282CKF7,TSRYS5774875,D,S,T,2024-04-02,2000000.00,4.315668,98.859375
08:00:34,91282CKF7,TSRYS5774875,D,S,T,2024-04-02,1000000.00,4.316325,98.85546875
08:00:34,91282CKF7,TSRYS5774875,D,S,T,2024-04-02,2000000.00,4.315668,98.859375
08:00:34,91282CKF7,TSRYS5774875,D,S,T,2024-04-02,1000000.00,4.315668,98.859375
08:00:34,91282CKF7,TSRYS5774875,D,S,T,2024-04-02,1000000.00,4.316325,98.85546875
08:00:34,91282CKF7,TSRYS5774875,D,S,T,2024-04-02,1000000.00,4.316983,98.8515625
08:00:34,91282CKF7,TSRYS5774875,D,S,T,2024-04-02,1000000.00,4.317312,98.849609375
08:00:34,91282CKF7,TSRYS5774875,D,S,T,2024-04-02,1000000.00,4.316983,98.8515625
08:00:34,91282CKF7,TSRYS5774875,D,S,T,2024-04-02,1000000.00,4.317312,98.849609375
08:00:34,91282CKF7,TSRYS5774875,D,S,T,2024-04-02,1000000.00,4.317312,98.849609375
08:00:34,91282CKF7,TSRYS5774875,D,S,T,2024-04-02,1000000.00,4.315668,98.859375
08:00:34,91282CKF7,TSRYS5774875,D,S,T,2024-04-02,1000000.00,4.316983,98.8515625
08:00:34,91282CKF7,TSRYS5774875,D,S,T,2024-04-02,1000000.00,4.317312,98.849609375
08:00:34,91282CKF7,TSRYS5774875,D,S,T,2024-04-02,2000000.00,4.315668,98.859375
08:00:34,91282CKF7,TSRYS5774875,D,S,T,2024-04-02,1000000.00,4.315668,98.859375
08:00:34,91282CKF7,TSRYS5774875,D,S,T,2024-04-02,1000000.00,4.315668,98.859375
08:00:34,91282CKF7,TSRYS5774875,D,S,T,2024-04-02,1000000.00,4.315668,98.859375
08:00:34,91282CKF7,TSRYS5774875,D,S,T,2024-04-02,1000000.00,4.315668,98.859375
08:00:34,91282CKF7,TSRYS5774875,D,S,T,2024-04-02,3000000.00,4.315668,98.859375
08:00:34,91282CKF7,TSRYS5774875,D,S,T,2024-04-02,2000000.00,4.315668,98.859375
08:00:34,91282CKF7,TSRYS5774875,D,S,T,2024-04-02,3000000.00,4.315668,98.859375
08:00:34,91282CKF7,TSRYS5774875,D,S,T,2024-04-02,2000000.00,4.315668,98.859375
08:00:34,91282CKF7,TSRYS5774875,D,S,T,2024-04-02,2000000.00,4.315668,98.859375
08:00:34,91282CKF7,TSRYS5774875,D,S,T,2024-04-02,2000000.00,4.315668,98.859375
08:00:34,91282CKF7,TSRYS5774875,D,S,T,2024-04-02,1000000.00,4.316654,98.853515625
08:00:34,91282CKF7,TSRYS5774875,D,S,T,2024-04-02,1000000.00,4.317969,98.845703125
08:00:34,91282CKF7,TSRYS5774875,D,S,T,2024-04-02,1000000.00,4.318627,98.841796875
08:00:34,91282CKF7,TSRYS5774875,D,S,T,2024-04-02,1000000.00,4.320271,98.83203125
08:00:34,91282CKF7,TSRYS5774875,D,S,T,2024-04-02,2000000.00,4.318298,98.84375
08:00:34,91282CKF7,TSRYS5774875,D,S,T,2024-04-02,2000000.00,4.318298,98.84375
08:00:34,91282CKF7,TSRYS5774875,D,S,T,2024-04-02,1000000.00,4.318298,98.84375
08:00:34,91282CKF7,TSRYS5774875,D,S,T,2024-04-02,1000000.00,4.318956,98.83984375
08:00:34,91282CKF7,TSRYS5774875,D,S,T,2024-04-02,1000000.00,4.320929,98.828125
08:00:34,91282CKF7,TSRYS5774875,D,S,T,2024-04-02,1000000.00,4.320929,98.828125
08:00:34,91282CKF7,TSRYS5774875,D,S,T,2024-04-02,1000000.00,4.320929,98.828125
08:00:34,91282CKF7,TSRYS5774875,D,S,T,2024-04-02,1000000.00,4.320929,98.828125
08:00:34,91282CKF7,TSRYS5774875,D,S,T,2024-04-02,1000000.00,4.320929,98.828125
08:00:34,91282CKF7,TSRYS5774875,D,S,T,2024-04-02,2000000.00,4.320929,98.828125
08:00:34,91282CKF7,TSRYS5774875,D,S,T,2024-04-02,1000000.00,4.320929,98.828125
08:00:34,91282CKF7,TSRYS5774875,D,S,T,2024-04-02,1000000.00,4.320929,98.828125
08:00:34,91282CKF7,TSRYS5774875,D,S,T,2024-04-02,1000000.00,4.320929,98.828125
08:00:34,91282CKF7,TSRYS5774875,D,S,T,2024-04-02,1000000.00,4.320929,98.828125
08:00:34,91282CKF7,TSRYS5774875,D,S,T,2024-04-02,2000000.00,4.320929,98.828125
08:00:34,91282CKF7,TSRYS5774875,D,S,T,2024-04-02,1000000.00,4.323561,98.8125
08:00:34,91282CKF7,TSRYS5774875,D,S,T,2024-04-02,1000000.00,4.323561,98.8125
08:00:34,91282CKF7,TSRYS5774875,D,S,T,2024-04-02,1000000.00,4.323561,98.8125
08:00:34,91282CKF7,TSRYS5774875,D,S,T,2024-04-02,1000000.00,4.323561,98.8125
08:00:34,91282CKF7,TSRYS5774875,D,S,T,2024-04-02,1000000.00,4.323561,98.8125
08:00:34,91282CKF7,TSRYS5774875,D,S,T,2024-04-02,2000000.00,4.323561,98.8125
08:00:34,91282CKF7,TSRYS5774875,D,S,T,2024-04-02,1000000.00,4.323561,98.8125
08:00:34,91282CKF7,TSRYS5774875,D,S,D,2024-04-02,2000000.00,4.323561,98.8125
08:00:34,91282CKF7,TSRYS5774875,D,S,T,2024-04-02,1000000.00,4.324218,98.80859375
08:00:34,91282CKF7,TSRYS5774875,D,S,T,2024-04-02,2000000.00,4.323561,98.8125
08:00:34,91282CKF7,TSRYS5774875,D,S,T,2024-04-02,2000000.00,4.322245,98.8203125
08:00:34,91282CKF7,TSRYS5774875,D,S,T,2024-04-02,1000000.00,4.322245,98.8203125
08:00:34,91282CKF7,TSRYS5774875,D,S,T,2024-04-02,1000000.00,4.323561,98.8125
08:00:34,91282CKF7,TSRYS5774875,D,S,T,2024-04-02,1000000.00,4.323561,98.8125
08:00:34,91282CKF7,TSRYS5774875,D,S,T,2024-04-02,2000000.00,4.323561,98.8125
08:00:34,91282CKF7,TSRYS5774875,D,S,T,2024-04-02,2000000.00,4.323561,98.8125
08:00:34,91282CKF7,TSRYS5774875,D,S,T,2024-04-02,1000000.00,4.323561,98.8125
08:00:34,91282CKF7,TSRYS5774875,D,S,T,2024-04-02,1000000.00,4.323561,98.8125
08:00:34,91282CKF7,TSRYS5774875,D,S,T,2024-04-02,1000000.00,4.323561,98.8125
08:00:34,91282CKF7,TSRYS5774875,D,S,T,2024-04-02,1000000.00,4.323561,98.8125
08:00:34,91282CKF7,TSRYS5774875,D,S,T,2024-04-02,4000000.00,4.323561,98.8125
08:00:34,91282CKF7,TSRYS5774875,D,S,T,2024-04-02,1000000.00,4.323561,98.8125
08:00:34,91282CKF7,TSRYS5774875,D,S,T,2024-04-02,2000000.00,4.323561,98.8125
08:00:34,91282CKF7,TSRYS5774875,D,S,T,2024-04-02,1000000.00,4.323561,98.8125
08:00:34,91282CKF7,TSRYS5774875,D,S,T,2024-04-02,1000000.00,4.323561,98.8125
08:00:34,91282CKF7,TSRYS5774875,D,S,T,2024-04-02,1000000.00,4.326192,98.796875
08:00:34,91282CKF7,TSRYS5774875,D,S,T,2024-04-02,1000000.00,4.326192,98.796875
08:00:34,91282CKF7,TSRYS5774875,D,S,T,2024-04-02,1000000.00,4.326192,98.796875
08:00:34,91282CKF7,TSRYS5774875,D,S,T,2024-04-02,1000000.00,4.326192,98.796875
08:00:34,91282CKF7,TSRYS5774875,D,S,T,2024-04-02,3000000.00,4.326192,98.796875
08:00:34,91282CKF7,TSRYS5774875,D,S,T,2024-04-02,1000000.00,4.326192,98.796875
08:00:34,91282CKF7,TSRYS5774875,D,S,T,2024-04-02,2000000.00,4.326192,98.796875
08:00:34,91282CKF7,TSRYS5774875,D,S,T,2024-04-02,2000000.00,4.326192,98.796875
08:00:34,91282CKF7,TSRYS5774875,D,S,T,2024-04-02,2000000.00,4.326192,98.796875
08:00:34,91282CKF7,TSRYS5774875,D,S,T,2024-04-02,2000000.00,4.326192,98.796875
08:00:34,91282CKF7,TSRYS5774875,D,S,T,2024-04-02,1000000.00,4.326521,98.794921875
08:00:34,91282CKF7,TSRYS5774875,D,S,T,2024-04-02,1000000.00,4.326192,98.796875
08:00:34,91282CKF7,TSRYS5774875,D,S,T,2024-04-02,2000000.00,4.326192,98.796875
08:00:34,91282CKF7,TSRYS5774875,D,S,T,2024-04-02,1000000.00,4.326192,98.796875
08:00:34,91282CKF7,TSRYS5774875,D,S,T,2024-04-02,2000000.00,4.326521,98.794921875
08:00:34,91282CKF7,TSRYS5774875,D,S,T,2024-04-02,4000000.00,4.324876,98.8046875
08:00:34,91282CKF7,TSRYS5774875,D,S,T,2024-04-02,1000000.00,4.326192,98.796875
08:00:34,91282CKF7,TSRYS5774875,D,S,T,2024-04-02,1000000.00,4.328825,98.78125
08:00:34,91282CKF7,TSRYS5774875,D,S,T,2024-04-02,1000000.00,4.328825,98.78125
08:00:34,91282CKF7,TSRYS5774875,D,S,T,2024-04-02,3000000.00,4.328825,98.78125
08:00:34,91282CKF7,TSRYS5774875,D,S,T,2024-04-02,1000000.00,4.328825,98.78125
08:00:34,91282CKF7,TSRYS5774875,D,S,T,2024-04-02,1000000.00,4.328825,98.78125
08:00:34,91282CKF7,TSRYS5774875,D,S,T,2024-04-02,1000000.00,4.33047,98.771484375
08:00:34,91282CKF7,TSRYS5774875,D,S,T,2024-04-02,2000000.00,4.331458,98.765625
08:00:34,91282CKF7,TSRYS5774875,D,S,T,2024-04-02,2000000.00,4.332774,98.7578125
08:00:34,91282CKF7,TSRYS5774875,D,S,T,2024-04-02,1000000.00,4.334091,98.75
08:00:34,91282CKF7,TSRYS5774875,D,S,T,2024-04-02,1000000.00,4.335079,98.744140625
08:00:34,91282CKF7,TSRYS5774875,D,S,T,2024-04-02,1000000.00,4.339359,98.71875
08:00:34,91282CKF7,TSRYS5774875,D,S,T,2024-04-02,1000000.00,4.341994,98.703125
08:00:34,91282CKF7,TSRYS5774875,D,S,T,2024-04-02,1000000.00,4.341994,98.703125
08:00:34,91282CKF7,TSRYS5774875,D,S,T,2024-04-02,1000000.00,4.341994,98.703125
08:00:34,91282CKF7,TSRYS5774875,D,S,T,2024-04-02,1000000.00,4.341006,98.708984375
08:00:34,91282CKF7,TSRYS5774875,D,S,T,2024-04-02,1000000.00,4.341994,98.703125
08:00:34,91282CKF7,TSRYS5774875,D,S,T,2024-04-02,1000000.00,4.341994,98.703125
08:00:34,91282CKF7,TSRYS5774875,D,S,T,2024-04-02,2000000.00,4.343312,98.6953125
08:00:34,91282CKF7,TSRYS5774875,D,S,T,2024-04-02,1000000.00,4.343312,98.6953125
08:00:34,91282CKF7,TSRYS5774875,D,S,T,2024-04-02,1000000.00,4.343312,98.6953125
08:00:34,91282CKF7,TSRYS5774875,D,S,T,2024-04-02,1000000.00,4.344629,98.6875
08:00:34,91282CKF7,TSRYS5774875,D,S,T,2024-04-02,1000000.00,4.344629,98.6875
08:00:34,91282CKF7,TSRYS5774875,D,S,T,2024-04-02,1000000.00,4.344629,98.6875
08:00:34,91282CKF7,TSRYS5774875,D,S,T,2024-04-02,2000000.00,4.344629,98.6875
08:00:34,91282CKF7,TSRYS5774875,D,S,T,2024-04-02,1000000.00,4.347265,98.671875
08:00:34,91282CKF7,TSRYS5774875,D,S,T,2024-04-02,1000000.00,4.348583,98.6640625
08:00:34,91282CKF7,TSRYS5774875,D,S,T,2024-04-02,1000000.00,4.347265,98.671875
08:00:34,91282CKF7,TSRYS5774875,D,S,T,2024-04-02,1000000.00,4.349901,98.65625
08:00:34,91282CKF7,TSRYS5774875,D,S,T,2024-04-02,1000000.00,4.349901,98.65625
08:00:34,91282CKF7,TSRYS5774875,D,S,T,2024-04-02,1000000.00,4.355175,98.625
08:00:34,91282CKF7,TSRYS5774875,D,S,T,2024-04-02,1000000.00,4.355175,98.625
08:00:34,91282CKF7,TSRYS5774875,D,S,T,2024-04-02,1000000.00,4.352538,98.640625
08:00:34,91282CKF7,TSRYS5774875,D,S,T,2024-04-02,1000000.00,4.352538,98.640625
08:00:34,91282CKF7,TSRYS5774875,D,S,T,2024-04-02,1000000.00,4.352538,98.640625
08:00:34,91282CKF7,TSRYS5774875,D,S,T,2024-04-02,2000000.00,4.353197,98.63671875
08:00:34,91282CKF7,TSRYS5774875,D,S,T,2024-04-02,1000000.00,4.352868,98.638671875
08:00:34,91282CKF7,TSRYS5774875,D,S,T,2024-04-02,1000000.00,4.352868,98.638671875
08:00:34,91282CKF7,TSRYS5774875,D,S,T,2024-04-02,1000000.00,4.352868,98.638671875
08:00:34,91282CKF7,TSRYS5774875,D,S,T,2024-04-02,1000000.00,4.352868,98.638671875
08:00:34,91282CKF7,TSRYS5774875,D,S,T,2024-04-02,1000000.00,4.352868,98.638671875
08:00:34,91282CKF7,TSRYS5774875,D,S,T,2024-04-02,1000000.00,4.352868,98.638671875
08:00:34,91282CKF7,TSRYS5774875,D,S,T,2024-04-02,1000000.00,4.352868,98.638671875
08:00:34,91282CKF7,TSRYS5774875,D,S,T,2024-04-02,1000000.00,4.352868,98.638671875
08:00:34,91282CKF7,TSRYS5774875,D,S,T,2024-04-02,1000000.00,4.352868,98.638671875
08:00:34,91282CKF7,TSRYS5774875,D,S,T,2024-04-02,1000000.00,4.352868,98.638671875
08:00:34,91282CKF7,TSRYS5774875,D,S,T,2024-04-02,1000000.00,4.353857,98.6328125
08:00:34,91282CKF7,TSRYS5774875,D,S,T,2024-04-02,1000000.00,4.353857,98.6328125
08:00:34,91282CKF7,TSRYS5774875,D,S,T,2024-04-02,1000000.00,4.352868,98.638671875
08:00:34,91282CKF7,TSRYS5774875,D,S,T,2024-04-02,2000000.00,4.355175,98.625
08:00:34,91282CKF7,TSRYS5774875,D,S,T,2024-04-02,1000000.00,4.355175,98.625
08:00:34,91282CKF7,TSRYS5774875,D,S,T,2024-04-02,1000000.00,4.355175,98.625
08:00:34,91282CKF7,TSRYS5774875,D,S,T,2024-04-02,3000000.00,4.355175,98.625
08:00:34,91282CKF7,TSRYS5774875,D,S,T,2024-04-02,2000000.00,4.355175,98.625
08:00:34,91282CKF7,TSRYS5774875,D,S,T,2024-04-02,1000000.00,4.355175,98.625
08:00:34,91282CKF7,TSRYS5774875,D,S,T,2024-04-02,1000000.00,4.356494,98.6171875
08:00:34,91282CKF7,TSRYS5774875,D,S,T,2024-04-02,1000000.00,4.354846,98.626953125
08:00:34,91282CKF7,TSRYS5774875,D,S,T,2024-04-02,1000000.00,4.354846,98.626953125
08:00:34,91282CKF7,TSRYS5774875,D,S,T,2024-04-02,1000000.00,4.355505,98.623046875
08:00:34,91282CKF7,TSRYS5774875,D,S,T,2024-04-02,1000000.00,4.355175,98.625
08:00:34,91282CKF7,TSRYS5774875,D,S,T,2024-04-02,1000000.00,4.356165,98.619140625
08:00:34,91282CKF7,TSRYS5774875,D,S,T,2024-04-02,1000000.00,4.355175,98.625
08:00:34,91282CKF7,TSRYS5774875,D,S,T,2024-04-02,1000000.00,4.355505,98.623046875
08:00:34,91282CKF7,TSRYS5774875,D,S,T,2024-04-02,1000000.00,4.356494,98.6171875
08:00:34,91282CKF7,TSRYS5774875,D,S,T,2024-04-02,1000000.00,4.356494,98.6171875
08:00:34,91282CKF7,TSRYS5774875,D,S,T,2024-04-02,1000000.00,4.356165,98.619140625
08:00:34,91282CKF7,TSRYS5774875,D,S,T,2024-04-02,1000000.00,4.354516,98.62890625
08:00:34,91282CKF7,TSRYS5774875,D,S,T,2024-04-02,1000000.00,4.354846,98.626953125
08:00:34,91282CKF7,TSRYS5774875,D,S,T,2024-04-02,2000000.00,4.352538,98.640625
08:00:34,91282CKF7,TSRYS5774875,D,S,T,2024-04-02,1000000.00,4.352538,98.640625
08:00:34,91282CKF7,TSRYS5774875,D,S,T,2024-04-02,1000000.00,4.353197,98.63671875
08:00:34,91282CKF7,TSRYS5774875,D,S,T,2024-04-02,1000000.00,4.352538,98.640625
08:00:34,91282CKF7,TSRYS5774875,D,S,T,2024-04-02,1000000.00,4.352538,98.640625
08:00:34,91282CKF7,TSRYS5774875,D,S,T,2024-04-02,1000000.00,4.353197,98.63671875
08:00:34,91282CKF7,TSRYS5774875,D,S,T,2024-04-02,1000000.00,4.35122,98.6484375
08:00:34,91282CKF7,TSRYS5774875,D,S,T,2024-04-02,1000000.00,4.351879,98.64453125
08:00:34,91282CKF7,TSRYS5774875,D,S,T,2024-04-02,2000000.00,4.349901,98.65625
08:00:34,91282CKF7,TSRYS5774875,D,S,T,2024-04-02,1000000.00,4.35089,98.650390625
08:00:34,91282CKF7,TSRYS5774875,D,S,T,2024-04-02,1000000.00,4.35089,98.650390625
08:00:34,91282CKF7,TSRYS5774875,D,S,T,2024-04-02,1000000.00,4.35122,98.6484375
08:00:34,91282CKF7,TSRYS5774875,D,S,T,2024-04-02,1000000.00,4.35122,98.6484375
08:00:34,91282CKF7,TSRYS5774875,D,S,T,2024-04-02,1000000.00,4.351879,98.64453125
08:00:34,91282CKF7,TSRYS5774875,D,S,T,2024-04-02,1000000.00,4.351879,98.64453125
08:00:34,91282CKF7,TSRYS5774875,D,S,T,2024-04-02,1000000.00,4.355175,98.625
08:00:34,91282CKF7,TSRYS5774875,D,S,T,2024-04-02,1000000.00,4.355175,98.625
08:00:34,91282CKF7,TSRYS5774875,D,S,T,2024-04-02,2000000.00,4.355175,98.625
08:00:34,91282CKF7,TSRYS5774875,D,S,T,2024-04-02,2000000.00,4.355175,98.625
08:00:34,91282CKF7,TSRYS5774875,D,S,T,2024-04-02,2000000.00,4.355175,98.625
08:00:34,91282CKF7,TSRYS5774875,D,S,T,2024-04-02,1000000.00,4.352538,98.640625
08:00:34,91282CKF7,TSRYS5774875,D,S,D,2024-04-02,1000000.00,4.355835,98.62109375
08:00:34,91282CKF7,TSRYS5774875,D,S,D,2024-04-02,1000000.00,4.355835,98.62109375
08:00:34,91282CKF7,TSRYS5774875,D,S,D,2024-04-02,2000000.00,4.355835,98.62109375
08:00:34,91282CKF7,TSRYS5774875,D,S,D,2024-04-02,3000000.00,4.353857,98.6328125
08:00:34,91282CKF7,TSRYS5774875,D,S,T,2024-04-02,1000000.00,4.365729,98.5625
08:00:34,91282CKF7,TSRYS5774875,D,S,T,2024-04-02,1000000.00,4.365729,98.5625
08:00:34,91282CKF7,TSRYS5774875,D,S,T,2024-04-02,1000000.00,4.365729,98.5625
08:00:34,91282CKF7,TSRYS5774875,D,S,T,2024-04-02,1000000.00,4.365729,98.5625
08:00:34,91282CKF7,TSRYS5774875,D,S,T,2024-04-02,2000000.00,4.365729,98.5625
08:00:34,91282CKF7,TSRYS5774875,D,S,T,2024-04-02,1000000.00,4.368369,98.546875
08:00:34,91282CKF7,TSRYS5774875,D,S,T,2024-04-02,1000000.00,4.368369,98.546875
08:00:34,91282CKF7,TSRYS5774875,D,S,T,2024-04-02,1000000.00,4.368369,98.546875
08:00:34,91282CKF7,TSRYS5774875,D,S,T,2024-04-02,1000000.00,4.368369,98.546875
08:00:34,91282CKF7,TSRYS5774875,D,S,T,2024-04-02,1000000.00,4.368369,98.546875
08:00:34,91282CKF7,TSRYS5774875,D,S,T,2024-04-02,1000000.00,4.368369,98.546875
08:00:34,91282CKF7,TSRYS5774875,D,S,T,2024-04-02,2000000.00,4.368369,98.546875
08:00:34,91282CKF7,TSRYS5774875,D,S,T,2024-04-02,1000000.00,4.368369,98.546875
08:00:34,91282CKF7,TSRYS5774875,D,S,T,2024-04-02,1000000.00,4.368369,98.546875
08:00:34,91282CKF7,TSRYS5774875,D,S,T,2024-04-02,1000000.00,4.368369,98.546875
08:00:34,91282CKF7,TSRYS5774875,D,S,T,2024-04-02,1000000.00,4.369689,98.5390625
08:00:34,91282CKF7,TSRYS5774875,D,S,T,2024-04-02,1000000.00,4.369689,98.5390625
08:00:34,91282CKF7,TSRYS5774875,D,S,T,2024-04-02,6000000.00,4.371009,98.53125
08:00:34,91282CKF7,TSRYS5774875,D,S,T,2024-04-02,1000000.00,4.371009,98.53125
08:00:34,91282CKF7,TSRYS5774875,D,S,T,2024-04-02,1000000.00,4.371009,98.53125
08:00:34,91282CKF7,TSRYS5774875,D,S,T,2024-04-02,1000000.00,4.371009,98.53125
08:00:34,91282CKF7,TSRYS5774875,D,S,T,2024-04-02,1000000.00,4.371009,98.53125
08:00:34,91282CKF7,TSRYS5774875,D,S,T,2024-04-02,1000000.00,4.371009,98.53125
08:00:34,91282CKF7,TSRYS5774875,D,S,T,2024-04-02,1000000.00,4.371009,98.53125
08:00:34,91282CKF7,TSRYS5774875,D,S,T,2024-04-02,2000000.00,4.371009,98.53125
08:00:34,91282CKF7,TSRYS5774875,D,S,T,2024-04-02,1000000.00,4.371009,98.53125
08:00:34,91282CKF7,TSRYS5774875,D,S,T,2024-04-02,2000000.00,4.371009,98.53125
08:00:34,91282CKF7,TSRYS5774875,D,S,T,2024-04-02,2000000.00,4.37365,98.515625
08:00:34,91282CKF7,TSRYS5774875,D,S,T,2024-04-02,1000000.00,4.37365,98.515625
08:00:34,91282CKF7,TSRYS5774875,D,S,T,2024-04-02,1000000.00,4.37365,98.515625
08:00:34,91282CKF7,TSRYS5774875,D,S,T,2024-04-02,2000000.00,4.37365,98.515625
08:00:34,91282CKF7,TSRYS5774875,D,S,T,2024-04-02,2000000.00,4.37365,98.515625
08:00:34,91282CKF7,TSRYS5774875,D,S,T,2024-04-02,1000000.00,4.37365,98.515625
08:00:34,91282CKF7,TSRYS5774875,D,S,T,2024-04-02,1000000.00,4.37365,98.515625
08:00:34,91282CKF7,TSRYS5774875,D,S,T,2024-04-02,1000000.00,4.37365,98.515625
08:00:34,91282CKF7,TSRYS5774875,D,S,T,2024-04-02,1000000.00,4.37365,98.515625
08:00:34,91282CKF7,TSRYS5774875,D,S,T,2024-04-02,2000000.00,4.37365,98.515625
08:00:34,91282CKF7,TSRYS5774875,D,S,T,2024-04-02,1000000.00,4.37365,98.515625
08:00:34,91282CKF7,TSRYS5774875,D,S,T,2024-04-02,1000000.00,4.37365,98.515625
08:00:34,91282CKF7,TSRYS5774875,D,S,T,2024-04-02,1000000.00,4.37365,98.515625
08:00:34,91282CKF7,TSRYS5774875,D,S,T,2024-04-02,1000000.00,4.37332,98.517578125
08:00:34,91282CKF7,TSRYS5774875,D,S,T,2024-04-02,1000000.00,4.37332,98.517578125
08:00:34,91282CKF7,TSRYS5774875,D,S,T,2024-04-02,1000000.00,4.371009,98.53125
08:00:34,91282CKF7,TSRYS5774875,D,S,T,2024-04-02,1000000.00,4.371009,98.53125
08:00:34,91282CKF7,TSRYS5774875,D,S,T,2024-04-02,1000000.00,4.371009,98.53125
08:00:34,91282CKF7,TSRYS5774875,D,S,T,2024-04-02,1000000.00,4.371009,98.53125
08:00:34,91282CKF7,TSRYS5774875,D,S,T,2024-04-02,2000000.00,4.369689,98.5390625
08:00:34,91282CKF7,TSRYS5774875,D,S,T,2024-04-02,2000000.00,4.368369,98.546875
08:00:34,91282CKF7,TSRYS5774875,D,S,T,2024-04-02,1000000.00,4.368369,98.546875
08:00:34,91282CKF7,TSRYS5774875,D,S,T,2024-04-02,1000000.00,4.368369,98.546875
08:00:34,91282CKF7,TSRYS5774875,D,S,T,2024-04-02,2000000.00,4.368369,98.546875
08:00:34,91282CKF7,TSRYS5774875,D,S,T,2024-04-02,2000000.00,4.368369,98.546875
08:00:34,91282CKF7,TSRYS5774875,D,S,T,2024-04-02,1000000.00,4.368369,98.546875
08:00:34,91282CKF7,TSRYS5774875,D,S,T,2024-04-02,2000000.00,4.368369,98.546875
08:00:34,91282CKF7,TSRYS5774875,D,S,T,2024-04-02,1000000.00,4.368369,98.546875
08:00:34,91282CKF7,TSRYS5774875,D,S,T,2024-04-02,1000000.00,4.368369,98.546875
08:00:34,91282CKF7,TSRYS5774875,D,S,T,2024-04-02,1000000.00,4.368369,98.546875
08:00:34,91282CKF7,TSRYS5774875,D,S,T,2024-04-02,1000000.00,4.368369,98.546875
08:00:34,91282CKF7,TSRYS5774875,D,S,T,2024-04-02,1000000.00,4.368369,98.546875
08:00:34,91282CKF7,TSRYS5774875,D,S,T,2024-04-02,1000000.00,4.368369,98.546875
08:00:34,91282CKF7,TSRYS5774875,D,S,T,2024-04-02,1000000.00,4.368369,98.546875
08:00:34,91282CKF7,TSRYS5774875,D,S,T,2024-04-02,2000000.00,4.368369,98.546875
08:00:34,91282CKF7,TSRYS5774875,D,S,T,2024-04-02,1000000.00,4.368369,98.546875
08:00:34,91282CKF7,TSRYS5774875,D,S,T,2024-04-02,1000000.00,4.368369,98.546875
08:00:34,91282CKF7,TSRYS5774875,D,S,T,2024-04-02,2000000.00,4.368369,98.546875
08:00:34,91282CKF7,TSRYS5774875,D,S,T,2024-04-02,1000000.00,4.368369,98.546875
08:00:34,91282CKF7,TSRYS5774875,D,S,T,2024-04-02,1000000.00,4.368369,98.546875
08:00:34,91282CKF7,TSRYS5774875,D,S,T,2024-04-02,1000000.00,4.369029,98.54296875
08:00:34,91282CKF7,TSRYS5774875,D,S,T,2024-04-02,1000000.00,4.369689,98.5390625
08:00:34,91282CKF7,TSRYS5774875,D,S,T,2024-04-02,1000000.00,4.369689,98.5390625
08:00:34,91282CKF7,TSRYS5774875,D,S,T,2024-04-02,2000000.00,4.369689,98.5390625
08:00:34,91282CKF7,TSRYS5774875,D,S,T,2024-04-02,1000000.00,4.368369,98.546875
08:00:34,91282CKF7,TSRYS5774875,D,S,T,2024-04-02,1000000.00,4.365729,98.5625
08:00:34,91282CKF7,TSRYS5774875,D,S,T,2024-04-02,1000000.00,4.365729,98.5625
08:00:34,91282CKF7,TSRYS5774875,D,S,T,2024-04-02,1000000.00,4.365729,98.5625
08:00:34,91282CKF7,TSRYS5774875,D,S,T,2024-04-02,2000000.00,4.365729,98.5625
08:00:34,91282CKF7,TSRYS5774875,D,S,T,2024-04-02,2000000.00,4.36309,98.578125
08:00:34,91282CKF7,TSRYS5774875,D,S,T,2024-04-02,1000000.00,4.36309,98.578125
08:00:34,91282CKF7,TSRYS5774875,D,S,T,2024-04-02,1000000.00,4.36309,98.578125
08:00:34,91282CKF7,TSRYS5774875,D,S,T,2024-04-02,2000000.00,4.362101,98.583984375
08:00:34,91282CKF7,TSRYS5774875,D,S,T,2024-04-02,2000000.00,4.361771,98.5859375
08:00:34,91282CKF7,TSRYS5774875,D,S,T,2024-04-02,1000000.00,4.361771,98.5859375
08:00:34,91282CKF7,TSRYS5774875,D,S,T,2024-04-02,1000000.00,4.36309,98.578125
08:00:34,91282CKF7,TSRYS5774875,D,S,T,2024-04-02,2000000.00,4.361771,98.5859375
08:00:34,91282CKF7,TSRYS5774875,D,S,T,2024-04-02,1000000.00,4.365729,98.5625
08:00:34,91282CKF7,TSRYS5774875,D,S,T,2024-04-02,1000000.00,4.365729,98.5625
08:00:34,91282CKF7,TSRYS5774875,D,S,T,2024-04-02,1000000.00,4.367709,98.55078125
08:00:34,91282CKF7,TSRYS5774875,D,S,T,2024-04-02,2000000.00,4.371009,98.53125
08:00:34,91282CKF7,TSRYS5774875,D,S,D,2024-04-02,1000000.00,4.311394,98.884765625
08:00:34,91282CKF7,TSRYS5774875,D,S,D,2024-04-02,1000000.00,4.311394,98.884765625
08:00:34,91282CKF7,TSRYS5774875,D,S,D,2024-04-02,1000000.00,4.311394,98.884765625
08:00:34,91282CKF7,TSRYS5774875,D,S,D,2024-04-02,1000000.00,4.311394,98.884765625
08:00:34,91282CKF7,TSRYS5774875,D,S,D,2024-04-02,1000000.00,4.311394,98.884765625
08:00:34,91282CKF7,TSRYS5774875,D,S,D,2024-04-02,1000000.00,4.311394,98.884765625
08:00:34,91282CKF7,TSRYS5774875,D,S,D,2024-04-02,1000000.00,4.311394,98.884765625
08:00:34,91282CKF7,TSRYS5774875,D,S,D,2024-04-02,1000000.00,4.311394,98.884765625
08:00:34,91282CKF7,TSRYS5774875,D,S,D,2024-04-02,1000000.00,4.321916,98.822265625
08:00:34,91282CKF7,TSRYS5774875,D,S,D,2024-04-02,2000000.00,4.329154,98.779296875
08:00:34,91282CKF7,TSRYS5774875,D,S,D,2024-04-02,2000000.00,4.321587,98.82421875
08:00:34,91282CKF7,TSRYS5774875,D,S,D,2024-04-02,2000000.00,4.353197,98.63671875
08:00:34,91282CKF7,TSRYS5774875,D,S,D,2024-04-02,280000.00,4.352868,98.638671875
08:00:34,91282CKF7,TSRYS5774875,D,S,D,2024-04-02,2000000.00,4.366059,98.560546875
08:00:34,91282CKF7,TSRYS5774875,D,S,D,2024-04-02,2000000.00,4.37332,98.517578125
08:00:34,91282CKF7,TSRYS5774875,D,S,D,2024-04-02,2000000.00,4.37365,98.515625
08:00:34,91282CKF7,TSRYS5774875,D,S,D,2024-04-02,2000000.00,4.37365,98.515625
08:00:34,91282CKF7,TSRYS5774875,D,S,D,2024-04-02,2000000.00,4.37365,98.515625
08:00:34,91282CKF7,TSRYS5774875,D,S,D,2024-04-02,1000000.00,4.369359,98.541015625
08:00:34,91282CKF7,TSRYS5774875,D,S,D,2024-04-02,1000000.00,4.369359,98.541015625
08:00:34,91282CKF7,TSRYS5774875,D,S,D,2024-04-02,1000000.00,4.328167,98.78515625
08:00:34,91282CKF7,TSRYS5774875,D,S,D,2024-04-02,3000000.00,4.318627,98.841796875
08:00:34,91282CKF7,TSRYS5774875,D,S,D,2024-04-02,2000000.00,4.316325,98.85546875
08:00:34,91282CKF7,TSRYS5774875,D,S,D,2024-04-02,1000000.00,4.323561,98.8125
08:00:34,91282CKF7,TSRYS5774875,D,S,D,2024-04-02,2000000.00,4.323232,98.814453125
08:00:34,91282CKF7,TSRYS5774875,D,S,D,2024-04-02,2000000.00,4.323232,98.814453125
08:00:34,91282CKF7,TSRYS5774875,D,S,D,2024-04-02,2000000.00,4.323232,98.814453125
08:00:34,91282CKF7,TSRYS5774875,D,S,D,2024-04-02,1000000.00,4.325863,98.798828125
08:00:34,91282CKF7,TSRYS5774875,D,S,D,2024-04-02,1000000.00,4.325863,98.798828125
08:00:34,91282CKF7,TSRYS5774875,D,S,D,2024-04-02,1000000.00,4.325863,98.798828125
08:00:34,91282CKF7,TSRYS5774875,D,S,D,2024-04-02,1000000.00,4.325863,98.798828125
08:00:34,91282CKF7,TSRYS5774875,D,S,D,2024-04-02,1000000.00,4.325863,98.798828125
08:00:34,91282CKF7,TSRYS5774875,D,S,D,2024-04-02,1000000.00,4.325863,98.798828125
08:00:34,91282CKF7,TSRYS5774875,D,S,D,2024-04-02,1000000.00,4.325863,98.798828125
08:00:34,91282CKF7,TSRYS5774875,D,S,D,2024-04-02,1000000.00,4.325863,98.798828125
08:00:34,91282CKF7,TSRYS5774875,D,S,D,2024-04-02,1000000.00,4.325863,98.798828125
08:00:34,91282CKF7,TSRYS5774875,D,S,D,2024-04-02,1000000.00,4.33047,98.771484375
08:00:34,91282CKF7,TSRYS5774875,D,S,D,2024-04-02,1000000.00,4.33047,98.771484375
08:00:34,91282CKF7,TSRYS5774875,D,S,D,2024-04-02,1000000.00,4.33047,98.771484375
08:00:34,91282CKF7,TSRYS5774875,D,S,D,2024-04-02,1000000.00,4.33047,98.771484375
08:00:34,91282CKF7,TSRYS5774875,D,S,D,2024-04-02,1000000.00,4.329812,98.775390625
08:00:34,91282CKF7,TSRYS5774875,D,S,D,2024-04-02,1000000.00,4.33047,98.771484375
08:00:34,91282CKF7,TSRYS5774875,D,S,D,2024-04-02,1000000.00,4.330141,98.7734375
08:00:34,91282CKF7,TSRYS5774875,D,S,D,2024-04-02,3000000.00,4.329812,98.775390625
08:00:34,91282CKF7,TSRYS5774875,D,S,D,2024-04-02,1000000.00,4.33047,98.771484375
08:00:34,91282CKF7,TSRYS5774875,D,S,D,2024-04-02,1000000.00,4.33047,98.771484375
08:00:34,91282CKF7,TSRYS5774875,D,S,D,2024-04-02,1000000.00,4.33047,98.771484375
08:00:34,91282CKF7,TSRYS5774875,D,S,D,2024-04-02,1000000.00,4.33047,98.771484375
08:00:34,91282CKF7,TSRYS5774875,D,S,D,2024-04-02,1000000.00,4.33047,98.771484375
08:00:34,91282CKF7,TSRYS5774875,D,S,D,2024-04-02,1000000.00,4.33047,98.771484375
08:00:34,91282CKF7,TSRYS5774875,D,S,D,2024-04-02,1000000.00,4.33047,98.771484375
08:00:34,91282CKF7,TSRYS5774875,D,S,D,2024-04-02,2000000.00,4.33047,98.771484375
08:00:34,91282CKF7,TSRYS5774875,D,S,D,2024-04-02,1000000.00,4.33047,98.771484375
08:00:34,91282CKF7,TSRYS5774875,D,S,D,2024-04-02,2000000.00,4.33047,98.771484375
08:00:34,91282CKF7,TSRYS5774875,D,S,D,2024-04-02,1000000.00,4.33047,98.771484375
08:00:34,91282CKF7,TSRYS5774875,D,S,D,2024-04-02,1000000.00,4.333103,98.755859375
08:00:34,91282CKF7,TSRYS5774875,D,S,D,2024-04-02,1000000.00,4.335408,98.7421875
08:00:34,91282CKF7,TSRYS5774875,D,S,D,2024-04-02,1000000.00,4.344959,98.685546875
08:00:34,91282CKF7,TSRYS5774875,D,S,D,2024-04-02,3000000.00,4.354516,98.62890625
08:00:34,91282CKF7,TSRYS5774875,D,S,D,2024-04-02,3000000.00,4.356824,98.615234375
08:00:34,91282CKF7,TSRYS5774875,D,S,D,2024-04-02,1000000.00,4.35122,98.6484375
08:00:34,91282CKF7,TSRYS5774875,D,S,D,2024-04-02,1000000.00,4.35122,98.6484375
08:00:34,91282CKF7,TSRYS5774875,D,S,D,2024-04-02,1000000.00,4.35122,98.6484375
08:00:34,91282CKF7,TSRYS5774875,D,S,D,2024-04-02,1000000.00,4.35122,98.6484375
08:00:34,91282CKF7,TSRYS5774875,D,S,D,2024-04-02,1000000.00,4.350561,98.65234375
08:00:34,91282CKF7,TSRYS5774875,D,S,D,2024-04-02,1000000.00,4.354846,98.626953125
08:00:34,91282CKF7,TSRYS5774875,D,S,D,2024-04-02,3000000.00,4.353197,98.63671875
08:00:34,91282CKF7,TSRYS5774875,D,S,D,2024-04-02,1000000.00,4.353197,98.63671875
08:00:34,91282CKF7,TSRYS5774875,D,S,D,2024-04-02,1000000.00,4.353197,98.63671875
08:00:34,91282CKF7,TSRYS5774875,D,S,D,2024-04-02,2000000.00,4.353197,98.63671875
08:00:34,91282CKF7,TSRYS5774875,D,S,D,2024-04-02,2000000.00,4.36309,98.578125
08:00:34,91282CKF7,TSRYS5774875,D,S,D,2024-04-02,1000000.00,4.36309,98.578125
08:00:34,91282CKF7,TSRYS5774875,D,S,D,2024-04-02,1000000.00,4.366389,98.55859375
08:00:34,91282CKF7,TSRYS5774875,D,S,D,2024-04-02,1000000.00,4.366389,98.55859375
08:00:34,91282CKF7,TSRYS5774875,D,S,D,2024-04-02,2000000.00,4.366059,98.560546875
08:00:34,91282CKF7,TSRYS5774875,D,S,D,2024-04-02,1000000.00,4.366059,98.560546875
08:00:34,91282CKF7,TSRYS5774875,D,S,D,2024-04-02,2000000.00,4.367379,98.552734375
08:00:34,91282CKF7,TSRYS5774875,D,S,D,2024-04-02,3000000.00,4.369689,98.5390625
08:00:34,91282CKF7,TSRYS5774875,D,S,D,2024-04-02,1000000.00,4.370679,98.533203125
08:00:34,91282CKF7,TSRYS5774875,D,S,D,2024-04-02,1000000.00,4.369359,98.541015625
08:00:34,91282CKF7,TSRYS5774875,D,S,T,2024-04-02,1000000.00,4.310737,98.888671875
08:00:34,91282CKF7,TSRYS5774875,D,S,T,2024-04-02,1000000.00,4.312052,98.880859375
08:00:34,91282CKF7,TSRYS5774875,D,S,T,2024-04-02,1000000.00,4.314681,98.865234375
08:00:34,91282CKF7,TSRYS5774875,D,S,T,2024-04-02,1000000.00,4.311723,98.8828125
08:00:34,91282CKF7,TSRYS5774875,D,S,T,2024-04-02,1000000.00,4.311723,98.8828125
08:00:34,91282CKF7,TSRYS5774875,D,S,T,2024-04-02,1000000.00,4.311394,98.884765625
08:00:34,91282CKF7,TSRYS5774875,D,S,T,2024-04-02,1000000.00,4.311394,98.884765625
08:00:34,91282CKF7,TSRYS5774875,D,S,T,2024-04-02,1000000.00,4.311394,98.884765625
08:00:34,91282CKF7,TSRYS5774875,D,S,T,2024-04-02,1000000.00,4.311394,98.884765625
08:00:34,91282CKF7,TSRYS5774875,D,S,T,2024-04-02,1000000.00,4.311394,98.884765625
08:00:34,91282CKF7,TSRYS5774875,D,S,T,2024-04-02,1000000.00,4.311394,98.884765625
08:00:34,91282CKF7,TSRYS5774875,D,S,T,2024-04-02,1000000.00,4.311394,98.884765625
08:00:34,91282CKF7,TSRYS5774875,D,S,T,2024-04-02,1000000.00,4.311394,98.884765625
08:00:34,91282CKF7,TSRYS5774875,D,S,T,2024-04-02,1000000.00,4.311394,98.884765625
08:00:34,91282CKF7,TSRYS5774875,D,S,T,2024-04-02,1000000.00,4.311394,98.884765625
08:00:34,91282CKF7,TSRYS5774875,D,S,T,2024-04-02,1000000.00,4.311394,98.884765625
08:00:34,91282CKF7,TSRYS5774875,D,S,T,2024-04-02,1000000.00,4.311394,98.884765625
08:00:34,91282CKF7,TSRYS5774875,D,S,T,2024-04-02,1000000.00,4.311394,98.884765625
08:00:34,91282CKF7,TSRYS5774875,D,S,T,2024-04-02,1000000.00,4.311394,98.884765625
08:00:34,91282CKF7,TSRYS5774875,D,S,T,2024-04-02,1000000.00,4.311394,98.884765625
08:00:34,91282CKF7,TSRYS5774875,D,S,T,2024-04-02,1000000.00,4.311394,98.884765625
08:00:34,91282CKF7,TSRYS5774875,D,S,T,2024-04-02,1000000.00,4.311394,98.884765625
08:00:34,91282CKF7,TSRYS5774875,D,S,T,2024-04-02,1000000.00,4.311394,98.884765625
08:00:34,91282CKF7,TSRYS5774875,D,S,T,2024-04-02,1000000.00,4.311394,98.884765625
08:00:34,91282CKF7,TSRYS5774875,D,S,T,2024-04-02,1000000.00,4.311394,98.884765625
08:00:34,91282CKF7,TSRYS5774875,D,S,T,2024-04-02,1000000.00,4.311394,98.884765625
08:00:34,91282CKF7,TSRYS5774875,D,S,T,2024-04-02,1000000.00,4.311066,98.88671875
08:00:34,91282CKF7,TSRYS5774875,D,S,T,2024-04-02,1000000.00,4.311066,98.88671875
08:00:34,91282CKF7,TSRYS5774875,D,S,T,2024-04-02,1000000.00,4.310737,98.888671875
08:00:34,91282CKF7,TSRYS5774875,D,S,T,2024-04-02,1000000.00,4.310737,98.888671875
08:00:34,91282CKF7,TSRYS5774875,D,S,T,2024-04-02,1000000.00,4.314353,98.8671875
08:00:34,91282CKF7,TSRYS5774875,D,S,T,2024-04-02,1000000.00,4.313695,98.87109375
08:00:34,91282CKF7,TSRYS5774875,D,S,T,2024-04-02,1000000.00,4.332774,98.7578125
08:00:34,91282CKF7,TSRYS5774875,D,S,T,2024-04-02,1000000.00,4.332774,98.7578125
08:00:34,91282CKF7,TSRYS5774875,D,S,T,2024-04-02,2000000.00,4.329154,98.779296875
08:00:34,91282CKF7,TSRYS5774875,D,S,T,2024-04-02,2000000.00,4.329154,98.779296875
08:00:34,91282CKF7,TSRYS5774875,D,S,T,2024-04-02,1000000.00,4.328496,98.783203125
08:00:34,91282CKF7,TSRYS5774875,D,S,T,2024-04-02,1000000.00,4.328496,98.783203125
08:00:34,91282CKF7,TSRYS5774875,D,S,T,2024-04-02,1000000.00,4.328496,98.783203125
08:00:34,91282CKF7,TSRYS5774875,D,S,T,2024-04-02,1000000.00,4.328496,98.783203125
08:00:34,91282CKF7,TSRYS5774875,D,S,T,2024-04-02,1000000.00,4.328496,98.783203125
08:00:34,91282CKF7,TSRYS5774875,D,S,T,2024-04-02,1000000.00,4.324876,98.8046875
08:00:34,91282CKF7,TSRYS5774875,D,S,T,2024-04-02,1000000.00,4.324876,98.8046875
08:00:34,91282CKF7,TSRYS5774875,D,S,T,2024-04-02,1000000.00,4.325205,98.802734375
08:00:34,91282CKF7,TSRYS5774875,D,S,T,2024-04-02,1000000.00,4.325205,98.802734375
08:00:34,91282CKF7,TSRYS5774875,D,S,T,2024-04-02,1000000.00,4.325863,98.798828125
08:00:34,91282CKF7,TSRYS5774875,D,S,T,2024-04-02,1000000.00,4.325534,98.80078125
08:00:34,91282CKF7,TSRYS5774875,D,S,T,2024-04-02,1000000.00,4.324218,98.80859375
08:00:34,91282CKF7,TSRYS5774875,D,S,T,2024-04-02,2000000.00,4.327509,98.7890625
08:00:34,91282CKF7,TSRYS5774875,D,S,T,2024-04-02,2000000.00,4.327509,98.7890625
08:00:34,91282CKF7,TSRYS5774875,D,S,T,2024-04-02,1000000.00,4.327509,98.7890625
08:00:34,91282CKF7,TSRYS5774875,D,S,T,2024-04-02,1000000.00,4.327509,98.7890625
08:00:34,91282CKF7,TSRYS5774875,D,S,T,2024-04-02,1000000.00,4.327509,98.7890625
08:00:34,91282CKF7,TSRYS5774875,D,S,T,2024-04-02,1000000.00,4.327838,98.787109375
08:00:34,91282CKF7,TSRYS5774875,D,S,T,2024-04-02,2000000.00,4.327509,98.7890625
08:00:34,91282CKF7,TSRYS5774875,D,S,T,2024-04-02,2000000.00,4.327509,98.7890625
08:00:34,91282CKF7,TSRYS5774875,D,S,T,2024-04-02,2000000.00,4.328825,98.78125
08:00:34,91282CKF7,TSRYS5774875,D,S,T,2024-04-02,2000000.00,4.329154,98.779296875
08:00:34,91282CKF7,TSRYS5774875,D,S,T,2024-04-02,2000000.00,4.328825,98.78125
08:00:34,91282CKF7,TSRYS5774875,D,S,T,2024-04-02,1000000.00,4.328167,98.78515625
08:00:34,91282CKF7,TSRYS5774875,D,S,T,2024-04-02,2000000.00,4.327509,98.7890625
08:00:34,91282CKF7,TSRYS5774875,D,S,T,2024-04-02,2000000.00,4.327509,98.7890625
08:00:34,91282CKF7,TSRYS5774875,D,S,T,2024-04-02,2000000.00,4.327509,98.7890625
08:00:34,91282CKF7,TSRYS5774875,D,S,T,2024-04-02,1000000.00,4.327509,98.7890625
08:00:34,91282CKF7,TSRYS5774875,D,S,T,2024-04-02,2000000.00,4.327509,98.7890625
08:00:34,91282CKF7,TSRYS5774875,D,S,T,2024-04-02,1000000.00,4.327509,98.7890625
08:00:34,91282CKF7,TSRYS5774875,D,S,T,2024-04-02,1000000.00,4.327509,98.7890625
08:00:34,91282CKF7,TSRYS5774875,D,S,T,2024-04-02,1000000.00,4.322903,98.81640625
08:00:34,91282CKF7,TSRYS5774875,D,S,T,2024-04-02,2000000.00,4.323232,98.814453125
08:00:34,91282CKF7,TSRYS5774875,D,S,T,2024-04-02,2000000.00,4.323889,98.810546875
08:00:34,91282CKF7,TSRYS5774875,D,S,T,2024-04-02,1000000.00,4.323889,98.810546875
08:00:34,91282CKF7,TSRYS5774875,D,S,T,2024-04-02,2000000.00,4.323889,98.810546875
08:00:34,91282CKF7,TSRYS5774875,D,S,T,2024-04-02,1000000.00,4.323561,98.8125
08:00:34,91282CKF7,TSRYS5774875,D,S,T,2024-04-02,1000000.00,4.322574,98.818359375
08:00:34,91282CKF7,TSRYS5774875,D,S,T,2024-04-02,1000000.00,4.318298,98.84375
08:00:34,91282CKF7,TSRYS5774875,D,S,T,2024-04-02,1000000.00,4.316983,98.8515625
08:00:34,91282CKF7,TSRYS5774875,D,S,T,2024-04-02,1000000.00,4.317312,98.849609375
08:00:34,91282CKF7,TSRYS5774875,D,S,T,2024-04-02,1000000.00,4.317312,98.849609375
08:00:34,91282CKF7,TSRYS5774875,D,S,T,2024-04-02,1000000.00,4.316325,98.85546875
08:00:34,91282CKF7,TSRYS5774875,D,S,T,2024-04-02,1000000.00,4.316654,98.853515625
08:00:34,91282CKF7,TSRYS5774875,D,S,T,2024-04-02,1000000.00,4.316654,98.853515625
08:00:34,91282CKF7,TSRYS5774875,D,S,T,2024-04-02,1000000.00,4.316325,98.85546875
08:00:34,91282CKF7,TSRYS5774875,D,S,T,2024-04-02,1000000.00,4.316654,98.853515625
08:00:34,91282CKF7,TSRYS5774875,D,S,T,2024-04-02,1000000.00,4.316983,98.8515625
08:00:34,91282CKF7,TSRYS5774875,D,S,T,2024-04-02,1000000.00,4.317312,98.849609375
08:00:34,91282CKF7,TSRYS5774875,D,S,T,2024-04-02,1000000.00,4.318627,98.841796875
08:00:34,91282CKF7,TSRYS5774875,D,S,T,2024-04-02,1000000.00,4.320271,98.83203125
08:00:34,91282CKF7,TSRYS5774875,D,S,T,2024-04-02,1000000.00,4.319285,98.837890625
08:00:34,91282CKF7,TSRYS5774875,D,S,T,2024-04-02,1000000.00,4.320929,98.828125
08:00:34,91282CKF7,TSRYS5774875,D,S,T,2024-04-02,1000000.00,4.322245,98.8203125
08:00:34,91282CKF7,TSRYS5774875,D,S,T,2024-04-02,1000000.00,4.322245,98.8203125
08:00:34,91282CKF7,TSRYS5774875,D,S,T,2024-04-02,1000000.00,4.32685,98.79296875
08:00:34,91282CKF7,TSRYS5774875,D,S,T,2024-04-02,1000000.00,4.32685,98.79296875
08:00:34,91282CKF7,TSRYS5774875,D,S,T,2024-04-02,2000000.00,4.329812,98.775390625
08:00:34,91282CKF7,TSRYS5774875,D,S,T,2024-04-02,1000000.00,4.329812,98.775390625
08:00:34,91282CKF7,TSRYS5774875,D,S,T,2024-04-02,2000000.00,4.329812,98.775390625
08:00:34,91282CKF7,TSRYS5774875,D,S,T,2024-04-02,2000000.00,4.341335,98.70703125
08:00:34,91282CKF7,TSRYS5774875,D,S,T,2024-04-02,1000000.00,4.343312,98.6953125
08:00:34,91282CKF7,TSRYS5774875,D,S,T,2024-04-02,2000000.00,4.352868,98.638671875
08:00:34,91282CKF7,TSRYS5774875,D,S,T,2024-04-02,2000000.00,4.352868,98.638671875
08:00:34,91282CKF7,TSRYS5774875,D,S,T,2024-04-02,1000000.00,4.355175,98.625
08:00:34,91282CKF7,TSRYS5774875,D,S,T,2024-04-02,1000000.00,4.354846,98.626953125
08:00:34,91282CKF7,TSRYS5774875,D,S,T,2024-04-02,1000000.00,4.355505,98.623046875
08:00:34,91282CKF7,TSRYS5774875,D,S,T,2024-04-02,1000000.00,4.354846,98.626953125
08:00:34,91282CKF7,TSRYS5774875,D,S,T,2024-04-02,1000000.00,4.355175,98.625
08:00:34,91282CKF7,TSRYS5774875,D,S,T,2024-04-02,1000000.00,4.355505,98.623046875
08:00:34,91282CKF7,TSRYS5774875,D,S,T,2024-04-02,1000000.00,4.356494,98.6171875
08:00:34,91282CKF7,TSRYS5774875,D,S,T,2024-04-02,1000000.00,4.355505,98.623046875
08:00:34,91282CKF7,TSRYS5774875,D,S,T,2024-04-02,1000000.00,4.354516,98.62890625
08:00:34,91282CKF7,TSRYS5774875,D,S,T,2024-04-02,1000000.00,4.354516,98.62890625
08:00:34,91282CKF7,TSRYS5774875,D,S,T,2024-04-02,1000000.00,4.354846,98.626953125
08:00:34,91282CKF7,TSRYS5774875,D,S,T,2024-04-02,1000000.00,4.352868,98.638671875
08:00:34,91282CKF7,TSRYS5774875,D,S,T,2024-04-02,1000000.00,4.353197,98.63671875
08:00:34,91282CKF7,TSRYS5774875,D,S,T,2024-04-02,1000000.00,4.353527,98.634765625
08:00:34,91282CKF7,TSRYS5774875,D,S,T,2024-04-02,1000000.00,4.351549,98.646484375
08:00:34,91282CKF7,TSRYS5774875,D,S,T,2024-04-02,2000000.00,4.350231,98.654296875
08:00:34,91282CKF7,TSRYS5774875,D,S,T,2024-04-02,1000000.00,4.350231,98.654296875
08:00:34,91282CKF7,TSRYS5774875,D,S,T,2024-04-02,1000000.00,4.350561,98.65234375
08:00:34,91282CKF7,TSRYS5774875,D,S,T,2024-04-02,1000000.00,4.35089,98.650390625
08:00:34,91282CKF7,TSRYS5774875,D,S,T,2024-04-02,1000000.00,4.35089,98.650390625
08:00:34,91282CKF7,TSRYS5774875,D,S,T,2024-04-02,1000000.00,4.35089,98.650390625
08:00:34,91282CKF7,TSRYS5774875,D,S,T,2024-04-02,1000000.00,4.35122,98.6484375
08:00:34,91282CKF7,TSRYS5774875,D,S,T,2024-04-02,1000000.00,4.351549,98.646484375
08:00:34,91282CKF7,TSRYS5774875,D,S,T,2024-04-02,1000000.00,4.35122,98.6484375
08:00:34,91282CKF7,TSRYS5774875,D,S,T,2024-04-02,1000000.00,4.352209,98.642578125
08:00:34,91282CKF7,TSRYS5774875,D,S,T,2024-04-02,1000000.00,4.355175,98.625
08:00:34,91282CKF7,TSRYS5774875,D,S,T,2024-04-02,1000000.00,4.353857,98.6328125
08:00:34,91282CKF7,TSRYS5774875,D,S,T,2024-04-02,2000000.00,4.352538,98.640625
08:00:34,91282CKF7,TSRYS5774875,D,S,T,2024-04-02,1000000.00,4.352868,98.638671875
08:00:34,91282CKF7,TSRYS5774875,D,S,T,2024-04-02,1000000.00,4.366059,98.560546875
08:00:34,91282CKF7,TSRYS5774875,D,S,T,2024-04-02,1000000.00,4.366059,98.560546875
08:00:34,91282CKF7,TSRYS5774875,D,S,T,2024-04-02,1000000.00,4.366059,98.560546875
08:00:34,91282CKF7,TSRYS5774875,D,S,T,2024-04-02,1000000.00,4.366059,98.560546875
08:00:34,91282CKF7,TSRYS5774875,D,S,T,2024-04-02,1000000.00,4.368039,98.548828125
08:00:34,91282CKF7,TSRYS5774875,D,S,T,2024-04-02,1000000.00,4.368039,98.548828125
08:00:34,91282CKF7,TSRYS5774875,D,S,T,2024-04-02,2000000.00,4.361771,98.5859375
08:00:34,91282CKF7,TSRYS5774875,D,S,T,2024-04-02,2000000.00,4.361771,98.5859375
08:00:34,91282CKF7,TSRYS5774875,D,S,T,2024-04-02,2000000.00,4.366059,98.560546875
08:00:34,91282CKF7,TSRYS5774875,D,S,T,2024-04-02,2000000.00,4.366059,98.560546875
08:00:34,91282CKF7,TSRYS5774875,D,S,T,2024-04-02,1000000.00,4.367709,98.55078125
08:00:34,91282CKF7,TSRYS5774875,D,S,T,2024-04-02,2000000.00,4.367709,98.55078125
08:00:34,91282CKF7,TSRYS5774875,D,S,T,2024-04-02,3000000.00,4.367709,98.55078125
08:00:34,91282CKF7,TSRYS5774875,D,S,D,2024-04-02,2000000.00,4.370019,98.537109375
08:00:34,91282CKF7,TSRYS5774875,D,S,D,2024-04-02,3000000.00,4.369968,98.537409375
08:00:34,91282CKF7,TSRYS5774875,D,S,D,2024-04-02,27000000.00,4.324836,98.80493
08:00:34,91282CKF7,TSRYS5774875,D,S,D,2024-04-02,55000000.00,4.323151,98.81493
08:00:39,91282CKF7,TSRYS5774875,D,S,A,2024-04-02,68200000.00,4.315668,98.859375
08:00:39,91282CKF7,TSRYS5774875,D,S,T,2024-04-02,1000000.00,4.316325,98.85546875
08:00:39,91282CKF7,TSRYS5774875,D,S,T,2024-04-02,1000000.00,4.316325,98.85546875
08:00:39,91282CKF7,TSRYS5774875,D,S,T,2024-04-02,1000000.00,4.316325,98.85546875
08:00:39,91282CKF7,TSRYS5774875,D,S,T,2024-04-02,1000000.00,4.316325,98.85546875
08:00:39,91282CKF7,TSRYS5774875,D,S,T,2024-04-02,1000000.00,4.316325,98.85546875
08:00:41,91282CKF7,TSRYS5774875,D,S,T,2024-04-02,2000000.00,4.354533,98.62880625
08:00:41,91282CKF7,TSRYS5774875,D,S,T,2024-04-02,1000000.00,4.356511,98.6170875
08:00:42,91282CKF7,TSRYS5774875,D,S,D,2024-04-02,1000000.00,4.369359,98.541015625
08:00:42,91282CKF7,TSRYS5774875,D,S,D,2024-04-02,2000000.00,4.369359,98.541015625
08:00:42,91282CKF7,TSRYS5774875,D,B,C,2024-04-02,2000.00,4.365797,98.5621
08:00:42,91282CKF7,TSRYS5774875,D,S,D,2024-04-02,3000000.00,4.369308,98.541315625
08:00:43,91282CKF7,TSRYS5774875,D,S,T,2024-04-02,1000000.00,4.313055,98.874898
08:00:43,91282CKF7,TSRYS5774875,D,S,C,2024-04-02,9018000.00,4.354516,98.62890625
08:00:43,91282CKF7,TSRYS5774875,D,B,A,2024-04-02,1000000.00,4.31238,98.87890625
08:00:43,91282CKF7,TSRYS5774875,D,B,A,2024-04-02,15000000.00,4.315492,98.86041666666
08:00:44,91282CKF7,TSRYS5774875,D,S,T,2024-04-02,1000000.00,4.311723,98.8828125
08:00:44,91282CKF7,TSRYS5774875,D,S,C,2024-04-02,1000000.00,4.331458,98.765625
08:00:44,91282CKF7,TSRYS5774875,D,S,D,2024-04-02,1000000.00,4.329154,98.779296875
08:00:44,91282CKF7,TSRYS5774875,D,S,D,2024-04-02,2000000.00,4.327509,98.7890625
08:00:44,91282CKF7,TSRYS5774875,D,S,T,2024-04-02,1000000.00,4.328825,98.78125
08:00:44,91282CKF7,TSRYS5774875,D,S,T,2024-04-02,1000000.00,4.328825,98.78125
08:00:44,91282CKF7,TSRYS5774875,D,S,T,2024-04-02,1000000.00,4.328825,98.78125
08:00:44,91282CKF7,TSRYS5774875,D,S,D,2024-04-02,1000000.00,4.317641,98.84765625
08:00:44,91282CKF7,TSRYS5774875,D,S,T,2024-04-02,1000000.00,4.317641,98.84765625
08:00:44,91282CKF7,TSRYS5774875,D,S,D,2024-04-02,1000000.00,4.317312,98.849609375
08:00:44,91282CKF7,TSRYS5774875,D,S,T,2024-04-02,1000000.00,4.317312,98.849609375
08:00:44,91282CKF7,TSRYS5774875,D,S,T,2024-04-02,1000000.00,4.315668,98.859375
08:00:44,91282CKF7,TSRYS5774875,D,S,T,2024-04-02,1000000.00,4.315668,98.859375
08:00:44,91282CKF7,TSRYS5774875,D,S,D,2024-04-02,1000000.00,4.317312,98.849609375
08:00:44,91282CKF7,TSRYS5774875,D,S,D,2024-04-02,1000000.00,4.317312,98.849609375
08:00:44,91282CKF7,TSRYS5774875,D,S,T,2024-04-02,2000000.00,4.313038,98.875
08:00:44,91282CKF7,TSRYS5774875,D,S,T,2024-04-02,1000000.00,4.313038,98.875
08:00:44,91282CKF7,TSRYS5774875,D,S,T,2024-04-02,1000000.00,4.325534,98.80078125
08:00:44,91282CKF7,TSRYS5774875,D,S,T,2024-04-02,1000000.00,4.324876,98.8046875
08:00:44,91282CKF7,TSRYS5774875,D,S,T,2024-04-02,2000000.00,4.325534,98.80078125
08:00:44,91282CKF7,TSRYS5774875,D,S,T,2024-04-02,3000000.00,4.325534,98.80078125
08:00:44,91282CKF7,TSRYS5774875,D,S,T,2024-04-02,3000000.00,4.325205,98.802734375
08:00:44,91282CKF7,TSRYS5774875,D,S,T,2024-04-02,1000000.00,4.324547,98.806640625
08:00:44,91282CKF7,TSRYS5774875,D,S,T,2024-04-02,1000000.00,4.325534,98.80078125
08:00:44,91282CKF7,TSRYS5774875,D,S,T,2024-04-02,5000000.00,4.325534,98.80078125
08:00:44,91282CKF7,TSRYS5774875,D,S,T,2024-04-02,2000000.00,4.324876,98.8046875
08:00:44,91282CKF7,TSRYS5774875,D,S,T,2024-04-02,1000000.00,4.325863,98.798828125
08:00:44,91282CKF7,TSRYS5774875,D,S,T,2024-04-02,5000000.00,4.325534,98.80078125
08:00:44,91282CKF7,TSRYS5774875,D,S,T,2024-04-02,5000000.00,4.325534,98.80078125
08:00:44,91282CKF7,TSRYS5774875,D,S,T,2024-04-02,3000000.00,4.325534,98.80078125
08:00:44,91282CKF7,TSRYS5774875,D,S,T,2024-04-02,5000000.00,4.325534,98.80078125
08:00:44,91282CKF7,TSRYS5774875,D,S,T,2024-04-02,1000000.00,4.325534,98.80078125
08:00:44,91282CKF7,TSRYS5774875,D,S,T,2024-04-02,3000000.00,4.325534,98.80078125
08:00:44,91282CKF7,TSRYS5774875,D,S,T,2024-04-02,1000000.00,4.314353,98.8671875
08:00:44,91282CKF7,TSRYS5774875,D,S,T,2024-04-02,1000000.00,4.314353,98.8671875
08:00:44,91282CKF7,TSRYS5774875,D,S,T,2024-04-02,2000000.00,4.325534,98.80078125
08:00:44,91282CKF7,TSRYS5774875,D,S,T,2024-04-02,1000000.00,4.314353,98.8671875
08:00:44,91282CKF7,TSRYS5774875,D,S,T,2024-04-02,3000000.00,4.325534,98.80078125
08:00:44,91282CKF7,TSRYS5774875,D,S,T,2024-04-02,2000000.00,4.325534,98.80078125
08:00:44,91282CKF7,TSRYS5774875,D,S,T,2024-04-02,2000000.00,4.325534,98.80078125
08:00:44,91282CKF7,TSRYS5774875,D,S,T,2024-04-02,3000000.00,4.325534,98.80078125
08:00:44,91282CKF7,TSRYS5774875,D,S,T,2024-04-02,2000000.00,4.325534,98.80078125
08:00:44,91282CKF7,TSRYS5774875,D,S,T,2024-04-02,1000000.00,4.325534,98.80078125
08:00:44,91282CKF7,TSRYS5774875,D,S,T,2024-04-02,2000000.00,4.325534,98.80078125
08:00:44,91282CKF7,TSRYS5774875,D,S,T,2024-04-02,3000000.00,4.325534,98.80078125
08:00:44,91282CKF7,TSRYS5774875,D,S,T,2024-04-02,1000000.00,4.313038,98.875
08:00:44,91282CKF7,TSRYS5774875,D,S,T,2024-04-02,1000000.00,4.313038,98.875
08:00:44,91282CKF7,TSRYS5774875,D,S,T,2024-04-02,5000000.00,4.327509,98.7890625
08:00:44,91282CKF7,TSRYS5774875,D,S,T,2024-04-02,3000000.00,4.327509,98.7890625
08:00:44,91282CKF7,TSRYS5774875,D,S,T,2024-04-02,1000000.00,4.327509,98.7890625
08:00:44,91282CKF7,TSRYS5774875,D,S,T,2024-04-02,1000000.00,4.313038,98.875
08:00:44,91282CKF7,TSRYS5774875,D,S,T,2024-04-02,1000000.00,4.327509,98.7890625
08:00:44,91282CKF7,TSRYS5774875,D,S,T,2024-04-02,3000000.00,4.327509,98.7890625
08:00:44,91282CKF7,TSRYS5774875,D,S,T,2024-04-02,1000000.00,4.327509,98.7890625
08:00:44,91282CKF7,TSRYS5774875,D,S,T,2024-04-02,2000000.00,4.327509,98.7890625
08:00:44,91282CKF7,TSRYS5774875,D,S,T,2024-04-02,2000000.00,4.327509,98.7890625
08:00:44,91282CKF7,TSRYS5774875,D,S,T,2024-04-02,2000000.00,4.327509,98.7890625
08:00:44,91282CKF7,TSRYS5774875,D,S,T,2024-04-02,3000000.00,4.327509,98.7890625
08:00:44,91282CKF7,TSRYS5774875,D,S,T,2024-04-02,3000000.00,4.327509,98.7890625
08:00:44,91282CKF7,TSRYS5774875,D,S,T,2024-04-02,2000000.00,4.327509,98.7890625
08:00:44,91282CKF7,TSRYS5774875,D,S,T,2024-04-02,2000000.00,4.327509,98.7890625
08:00:44,91282CKF7,TSRYS5774875,D,S,T,2024-04-02,1000000.00,4.327509,98.7890625
08:00:44,91282CKF7,TSRYS5774875,D,S,T,2024-04-02,3000000.00,4.327509,98.7890625
08:00:44,91282CKF7,TSRYS5774875,D,S,T,2024-04-02,1000000.00,4.327509,98.7890625
08:00:44,91282CKF7,TSRYS5774875,D,S,T,2024-04-02,2000000.00,4.327509,98.7890625
08:00:44,91282CKF7,TSRYS5774875,D,S,T,2024-04-02,2000000.00,4.327509,98.7890625
08:00:44,91282CKF7,TSRYS5774875,D,S,T,2024-04-02,2000000.00,4.327509,98.7890625
08:00:44,91282CKF7,TSRYS5774875,D,S,T,2024-04-02,1000000.00,4.327509,98.7890625
08:00:44,91282CKF7,TSRYS5774875,D,S,T,2024-04-02,1000000.00,4.327509,98.7890625
08:00:44,91282CKF7,TSRYS5774875,D,S,T,2024-04-02,1000000.00,4.327509,98.7890625
08:00:44,91282CKF7,TSRYS5774875,D,S,T,2024-04-02,1000000.00,4.327509,98.7890625
08:00:44,91282CKF7,TSRYS5774875,D,S,T,2024-04-02,1000000.00,4.327509,98.7890625
08:00:44,91282CKF7,TSRYS5774875,D,S,T,2024-04-02,2000000.00,4.327509,98.7890625
08:00:44,91282CKF7,TSRYS5774875,D,S,T,2024-04-02,1000000.00,4.327509,98.7890625
08:00:44,91282CKF7,TSRYS5774875,D,S,T,2024-04-02,2000000.00,4.327509,98.7890625
08:00:44,91282CKF7,TSRYS5774875,D,S,T,2024-04-02,1000000.00,4.327509,98.7890625
08:00:44,91282CKF7,TSRYS5774875,D,S,T,2024-04-02,3000000.00,4.327509,98.7890625
08:00:44,91282CKF7,TSRYS5774875,D,S,T,2024-04-02,1000000.00,4.327509,98.7890625
08:00:44,91282CKF7,TSRYS5774875,D,S,T,2024-04-02,1000000.00,4.327509,98.7890625
08:00:44,91282CKF7,TSRYS5774875,D,S,T,2024-04-02,1000000.00,4.327509,98.7890625
08:00:44,91282CKF7,TSRYS5774875,D,S,T,2024-04-02,2000000.00,4.327509,98.7890625
08:00:44,91282CKF7,TSRYS5774875,D,S,T,2024-04-02,2000000.00,4.327509,98.7890625
08:00:44,91282CKF7,TSRYS5774875,D,S,T,2024-04-02,1000000.00,4.327509,98.7890625
08:00:44,91282CKF7,TSRYS5774875,D,S,T,2024-04-02,1000000.00,4.327509,98.7890625
08:00:44,91282CKF7,TSRYS5774875,D,S,T,2024-04-02,3000000.00,4.327509,98.7890625
08:00:44,91282CKF7,TSRYS5774875,D,S,T,2024-04-02,1000000.00,4.327509,98.7890625
08:00:44,91282CKF7,TSRYS5774875,D,S,T,2024-04-02,1000000.00,4.327509,98.7890625
08:00:44,91282CKF7,TSRYS5774875,D,S,T,2024-04-02,1000000.00,4.327509,98.7890625
08:00:44,91282CKF7,TSRYS5774875,D,S,T,2024-04-02,1000000.00,4.327509,98.7890625
08:00:44,91282CKF7,TSRYS5774875,D,S,T,2024-04-02,1000000.00,4.327509,98.7890625
08:00:44,91282CKF7,TSRYS5774875,D,S,T,2024-04-02,2000000.00,4.327509,98.7890625
08:00:44,91282CKF7,TSRYS5774875,D,S,T,2024-04-02,1000000.00,4.327509,98.7890625
08:00:44,91282CKF7,TSRYS5774875,D,S,T,2024-04-02,1000000.00,4.327509,98.7890625
08:00:44,91282CKF7,TSRYS5774875,D,S,T,2024-04-02,1000000.00,4.327509,98.7890625
08:00:44,91282CKF7,TSRYS5774875,D,S,T,2024-04-02,1000000.00,4.327509,98.7890625
08:00:44,91282CKF7,TSRYS5774875,D,S,T,2024-04-02,1000000.00,4.327509,98.7890625
08:00:44,91282CKF7,TSRYS5774875,D,S,T,2024-04-02,1000000.00,4.327509,98.7890625
08:00:44,91282CKF7,TSRYS5774875,D,S,T,2024-04-02,1000000.00,4.313038,98.875
08:00:44,91282CKF7,TSRYS5774875,D,S,T,2024-04-02,1000000.00,4.313038,98.875
08:00:44,91282CKF7,TSRYS5774875,D,S,T,2024-04-02,1000000.00,4.313038,98.875
08:00:45,91282CKF7,TSRYS5774875,D,S,T,2024-04-02,1000000.00,4.311066,98.88671875
08:00:45,91282CKF7,TSRYS5774875,D,S,T,2024-04-02,1000000.00,4.311066,98.88671875
08:00:45,91282CKF7,TSRYS5774875,D,S,T,2024-04-02,1000000.00,4.311066,98.88671875
08:00:45,91282CKF7,TSRYS5774875,D,S,T,2024-04-02,1000000.00,4.310737,98.888671875
08:00:45,91282CKF7,TSRYS5774875,D,S,D,2024-04-02,1000000.00,4.311723,98.8828125
08:00:45,91282CKF7,TSRYS5774875,D,S,T,2024-04-02,1000000.00,4.311723,98.8828125
08:00:45,91282CKF7,TSRYS5774875,D,S,D,2024-04-02,1000000.00,4.311723,98.8828125
08:00:45,91282CKF7,TSRYS5774875,D,S,T,2024-04-02,1000000.00,4.313695,98.87109375
08:00:45,91282CKF7,TSRYS5774875,D,S,T,2024-04-02,1000000.00,4.313695,98.87109375
08:00:45,91282CKF7,TSRYS5774875,D,S,T,2024-04-02,1000000.00,4.348583,98.6640625
08:00:45,91282CKF7,TSRYS5774875,D,S,T,2024-04-02,1000000.00,4.353197,98.63671875
08:00:45,91282CKF7,TSRYS5774875,D,S,T,2024-04-02,1000000.00,4.334091,98.75
08:00:45,91282CKF7,TSRYS5774875,D,S,T,2024-04-02,1000000.00,4.334091,98.75
08:00:45,91282CKF7,TSRYS5774875,D,S,T,2024-04-02,1000000.00,4.334091,98.75
08:00:45,91282CKF7,TSRYS5774875,D,S,T,2024-04-02,1000000.00,4.355835,98.62109375
08:00:45,91282CKF7,TSRYS5774875,D,S,T,2024-04-02,1000000.00,4.353197,98.63671875
08:00:45,91282CKF7,TSRYS5774875,D,S,T,2024-04-02,1000000.00,4.350561,98.65234375
08:00:45,91282CKF7,TSRYS5774875,D,S,T,2024-04-02,1000000.00,4.328825,98.78125
08:00:45,91282CKF7,TSRYS5774875,D,S,T,2024-04-02,1000000.00,4.328825,98.78125
08:00:45,91282CKF7,TSRYS5774875,D,S,D,2024-04-02,250000.00,4.352481,98.640625
08:00:45,91282CKF7,TSRYS5774875,D,S,T,2024-04-02,1000000.00,4.328825,98.78125
08:00:45,91282CKF7,TSRYS5774875,D,S,T,2024-04-02,3000000.00,4.31238,98.87890625
08:00:45,91282CKF7,TSRYS5774875,D,S,T,2024-04-02,1000000.00,4.328167,98.78515625
08:00:45,91282CKF7,TSRYS5774875,D,S,T,2024-04-02,1000000.00,4.328167,98.78515625
08:00:45,91282CKF7,TSRYS5774875,D,S,C,2024-04-02,50000000.00,4.355175,98.625
08:00:45,91282CKF7,TSRYS5774875,D,S,T,2024-04-02,1000000.00,4.361111,98.58984375
08:00:45,91282CKF7,TSRYS5774875,D,S,T,2024-04-02,1000000.00,4.328825,98.78125
08:00:45,91282CKF7,TSRYS5774875,D,S,T,2024-04-02,1000000.00,4.331458,98.765625
08:00:45,91282CKF7,TSRYS5774875,D,S,T,2024-04-02,1000000.00,4.331458,98.765625
08:00:45,91282CKF7,TSRYS5774875,D,S,T,2024-04-02,1000000.00,4.331458,98.765625
08:00:45,91282CKF7,TSRYS5774875,D,S,T,2024-04-02,1000000.00,4.331458,98.765625
08:00:45,91282CKF7,TSRYS5774875,D,S,T,2024-04-02,1000000.00,4.331458,98.765625
08:00:45,91282CKF7,TSRYS5774875,D,S,A,2024-04-02,2000000.00,4.36309,98.578125
08:00:45,91282CKF7,TSRYS5774875,D,S,A,2024-04-02,2000000.00,4.36309,98.578125
08:00:45,91282CKF7,TSRYS5774875,D,S,T,2024-04-02,1000000.00,4.331458,98.765625
08:00:45,91282CKF7,TSRYS5774875,D,S,A,2024-04-02,1000000.00,4.36309,98.578125
08:00:45,91282CKF7,TSRYS5774875,D,S,A,2024-04-02,2000000.00,4.36309,98.578125
08:00:45,91282CKF7,TSRYS5774875,D,S,A,2024-04-02,1000000.00,4.36309,98.578125
08:00:45,91282CKF7,TSRYS5774875,D,S,A,2024-04-02,1000000.00,4.36309,98.578125
08:00:45,91282CKF7,TSRYS5774875,D,S,A,2024-04-02,1000000.00,4.36309,98.578125
08:00:45,91282CKF7,TSRYS5774875,D,S,T,2024-04-02,1000000.00,4.331458,98.765625
08:00:45,91282CKF7,TSRYS5774875,D,S,T,2024-04-02,1000000.00,4.326192,98.796875
08:00:45,91282CKF7,TSRYS5774875,D,S,T,2024-04-02,1000000.00,4.326192,98.796875
08:00:45,91282CKF7,TSRYS5774875,D,S,T,2024-04-02,1000000.00,4.326192,98.796875
08:00:45,91282CKF7,TSRYS5774875,D,S,T,2024-04-02,1000000.00,4.327509,98.7890625
08:00:45,91282CKF7,TSRYS5774875,D,S,T,2024-04-02,1000000.00,4.323561,98.8125
08:00:45,91282CKF7,TSRYS5774875,D,S,T,2024-04-02,1000000.00,4.323561,98.8125
08:00:45,91282CKF7,TSRYS5774875,D,S,T,2024-04-02,1000000.00,4.323561,98.8125
08:00:45,91282CKF7,TSRYS5774875,D,S,T,2024-04-02,1000000.00,4.326192,98.796875
08:00:45,91282CKF7,TSRYS5774875,D,S,D,2024-04-02,1000000.00,4.323889,98.810546875
08:00:45,91282CKF7,TSRYS5774875,D,S,T,2024-04-02,1000000.00,4.323561,98.8125
08:00:45,91282CKF7,TSRYS5774875,D,S,T,2024-04-02,1000000.00,4.320929,98.828125
08:00:45,91282CKF7,TSRYS5774875,D,S,D,2024-04-02,1000000.00,4.319614,98.8359375
08:00:45,91282CKF7,TSRYS5774875,D,S,T,2024-04-02,1000000.00,4.318298,98.84375
08:00:45,91282CKF7,TSRYS5774875,D,S,T,2024-04-02,1000000.00,4.318298,98.84375
08:00:45,91282CKF7,TSRYS5774875,D,S,D,2024-04-02,1000000.00,4.315997,98.857421875
08:00:45,91282CKF7,TSRYS5774875,D,S,T,2024-04-02,1000000.00,4.315668,98.859375
08:00:45,91282CKF7,TSRYS5774875,D,S,T,2024-04-02,1000000.00,4.315668,98.859375
08:00:45,91282CKF7,TSRYS5774875,D,S,T,2024-04-02,1000000.00,4.316325,98.85546875
08:00:45,91282CKF7,TSRYS5774875,D,S,T,2024-04-02,1000000.00,4.315997,98.857421875
08:00:45,91282CKF7,TSRYS5774875,D,S,T,2024-04-02,1000000.00,4.315668,98.859375
08:00:45,91282CKF7,TSRYS5774875,D,S,T,2024-04-02,1000000.00,4.315668,98.859375
08:00:45,91282CKF7,TSRYS5774875,D,S,T,2024-04-02,1000000.00,4.315668,98.859375
08:00:45,91282CKF7,TSRYS5774875,D,S,T,2024-04-02,1000000.00,4.315668,98.859375
08:00:45,91282CKF7,TSRYS5774875,D,S,T,2024-04-02,1000000.00,4.315668,98.859375
08:00:45,91282CKF7,TSRYS5774875,D,S,T,2024-04-02,1000000.00,4.323561,98.8125
08:00:45,91282CKF7,TSRYS5774875,D,S,T,2024-04-02,1000000.00,4.323561,98.8125
08:00:45,91282CKF7,TSRYS5774875,D,S,T,2024-04-02,1000000.00,4.323561,98.8125
08:00:45,91282CKF7,TSRYS5774875,D,S,T,2024-04-02,2000000.00,4.323561,98.8125
08:00:45,91282CKF7,TSRYS5774875,D,S,T,2024-04-02,1000000.00,4.324876,98.8046875
08:00:45,91282CKF7,TSRYS5774875,D,S,T,2024-04-02,1000000.00,4.324547,98.806640625
08:00:45,91282CKF7,TSRYS5774875,D,S,T,2024-04-02,1000000.00,4.324218,98.80859375
08:00:45,91282CKF7,TSRYS5774875,D,S,T,2024-04-02,1000000.00,4.324876,98.8046875
08:00:46,91282CKF7,TSRYS5774875,D,S,T,2024-04-02,1000000.00,4.328825,98.78125
08:00:46,91282CKF7,TSRYS5774875,D,S,T,2024-04-02,1000000.00,4.328825,98.78125
08:00:46,91282CKF7,TSRYS5774875,D,S,T,2024-04-02,1000000.00,4.331458,98.765625
08:00:46,91282CKF7,TSRYS5774875,D,S,T,2024-04-02,2000000.00,4.331458,98.765625
08:00:46,91282CKF7,TSRYS5774875,D,S,D,2024-04-02,1000000.00,4.331129,98.767578125
08:00:46,91282CKF7,TSRYS5774875,D,S,T,2024-04-02,1000000.00,4.339359,98.71875
08:00:46,91282CKF7,TSRYS5774875,D,S,T,2024-04-02,1000000.00,4.347265,98.671875
08:00:46,91282CKF7,TSRYS5774875,D,S,T,2024-04-02,1000000.00,4.352868,98.638671875
08:00:46,91282CKF7,TSRYS5774875,D,S,T,2024-04-02,1000000.00,4.352868,98.638671875
08:00:46,91282CKF7,TSRYS5774875,D,S,T,2024-04-02,1000000.00,4.352538,98.640625
08:00:46,91282CKF7,TSRYS5774875,D,S,T,2024-04-02,1000000.00,4.352538,98.640625
08:00:46,91282CKF7,TSRYS5774875,D,S,T,2024-04-02,1000000.00,4.352538,98.640625
08:00:46,91282CKF7,TSRYS5774875,D,S,T,2024-04-02,1000000.00,4.355175,98.625
08:00:46,91282CKF7,TSRYS5774875,D,S,D,2024-04-02,1000000.00,4.356165,98.619140625
08:00:46,91282CKF7,TSRYS5774875,D,S,D,2024-04-02,1000000.00,4.352868,98.638671875
08:00:46,91282CKF7,TSRYS5774875,D,S,D,2024-04-02,1000000.00,4.349901,98.65625
08:00:46,91282CKF7,TSRYS5774875,D,S,T,2024-04-02,1000000.00,4.352538,98.640625
08:00:46,91282CKF7,TSRYS5774875,D,S,T,2024-04-02,1000000.00,4.352538,98.640625
08:00:46,91282CKF7,TSRYS5774875,D,S,T,2024-04-02,1000000.00,4.352538,98.640625
08:00:46,91282CKF7,TSRYS5774875,D,S,T,2024-04-02,1000000.00,4.352538,98.640625
08:00:46,91282CKF7,TSRYS5774875,D,S,T,2024-04-02,1000000.00,4.352538,98.640625
08:00:46,91282CKF7,TSRYS5774875,D,S,T,2024-04-02,3000000.00,4.352538,98.640625
08:00:46,91282CKF7,TSRYS5774875,D,S,T,2024-04-02,1000000.00,4.352538,98.640625
08:00:46,91282CKF7,TSRYS5774875,D,S,T,2024-04-02,2000000.00,4.352538,98.640625
08:00:46,91282CKF7,TSRYS5774875,D,S,T,2024-04-02,1000000.00,4.352538,98.640625
08:00:46,91282CKF7,TSRYS5774875,D,S,T,2024-04-02,1000000.00,4.355175,98.625
08:00:46,91282CKF7,TSRYS5774875,D,S,T,2024-04-02,1000000.00,4.355175,98.625
08:00:46,91282CKF7,TSRYS5774875,D,S,D,2024-04-02,1000000.00,4.36309,98.578125
08:00:46,91282CKF7,TSRYS5774875,D,S,T,2024-04-02,1000000.00,4.368369,98.546875
08:00:46,91282CKF7,TSRYS5774875,D,S,T,2024-04-02,1000000.00,4.367049,98.5546875
08:00:46,91282CKF7,TSRYS5774875,D,S,D,2024-04-02,1000000.00,4.369359,98.541015625
08:00:46,91282CKF7,TSRYS5774875,D,S,D,2024-04-02,1000000.00,4.369359,98.541015625
08:00:46,91282CKF7,TSRYS5774875,D,S,T,2024-04-02,1000000.00,4.369359,98.541015625
08:00:46,91282CKF7,TSRYS5774875,D,S,T,2024-04-02,1000000.00,4.369359,98.541015625
08:00:46,91282CKF7,TSRYS5774875,D,S,T,2024-04-02,2000000.00,4.365729,98.5625
08:00:46,91282CKF7,TSRYS5774875,D,S,T,2024-04-02,1000000.00,4.365729,98.5625
08:00:46,91282CKF7,TSRYS5774875,D,S,T,2024-04-02,1000000.00,4.324876,98.8046875
08:00:47,91282CKF7,TSRYS5774875,D,S,T,2024-04-02,2000000.00,4.315668,98.859375
08:00:47,91282CKF7,TSRYS5774875,D,S,T,2024-04-02,1000000.00,4.315685,98.859273
08:00:47,91282CKF7,TSRYS5774875,D,S,T,2024-04-02,1000000.00,4.315685,98.859273
08:00:48,91282CKF7,TSRYS5774875,D,S,D,2024-04-02,185000.00,4.354516,98.62890625
08:00:48,91282CKF7,TSRYS5774875,D,S,D,2024-04-02,9018000.00,4.354516,98.62890625
08:00:48,91282CKF7,TSRYS5774875,D,S,T,2024-04-02,1000000.00,4.352868,98.638671875
08:00:48,91282CKF7,TSRYS5774875,D,S,D,2024-04-02,1000000.00,4.352868,98.638671875
08:00:48,91282CKF7,TSRYS5774875,D,S,T,2024-04-02,1000000.00,4.353197,98.63671875
08:00:49,91282CKF7,TSRYS5774875,D,S,D,2024-04-02,5000000.00,4.354649,98.62812
08:00:54,91282CKF7,TSRYS5774875,D,S,T,2024-04-02,1000000.00,4.32685,98.79296875
08:00:54,91282CKF7,TSRYS5774875,D,S,D,2024-04-02,2000000.00,4.330141,98.7734375
08:00:56,91282CKF7,TSRYS5774875,D,S,D,2024-04-02,1000000.00,4.324547,98.806640625
08:00:56,91282CKF7,TSRYS5774875,D,S,T,2024-04-02,1000000.00,4.325534,98.80078125
08:00:57,91282CKF7,TSRYS5774875,D,S,T,2024-04-02,1000000.00,4.328167,98.78515625
08:00:57,91282CKF7,TSRYS5774875,D,S,T,2024-04-02,1000000.00,4.328167,98.78515625
08:00:57,91282CKF7,TSRYS5774875,D,S,T,2024-04-02,1000000.00,4.328167,98.78515625
08:00:58,91282CKF7,TSRYS5774875,D,S,A,2024-04-02,1100000.00,4.317641,98.84765625
08:00:58,91282CKF7,TSRYS5774875,D,S,T,2024-04-02,1000000.00,4.353527,98.634765625
08:00:58,91282CKF7,TSRYS5774875,D,S,T,2024-04-02,6000000.00,4.352538,98.640625
08:00:59,91282CKF7,TSRYS5774875,D,S,D,2024-04-02,150000000.00,4.332802,98.75765
08:00:59,91282CKF7,TSRYS5774875,D,S,C,2024-04-02,2700000.00,4.34588,98.6800875
08:01:00,91282CKF7,TSRYS5774875,D,B,C,2024-04-02,1000000.00,4.313367,98.873046875
08:01:00,91282CKF7,TSRYS5774875,D,S,C,2024-04-02,1000000.00,4.313367,98.873046875
08:01:00,91282CKF7,TSRYS5774875,D,S,C,2024-04-02,2000000.00,4.317641,98.84765625
08:01:00,91282CKF7,TSRYS5774875,D,S,C,2024-04-02,2000000.00,4.317641,98.84765625
08:01:00,91282CKF7,TSRYS5774875,D,S,C,2024-04-02,1000000.00,4.317641,98.84765625
08:01:00,91282CKF7,TSRYS5774875,D,S,C,2024-04-02,1000000.00,4.317312,98.849609375
08:01:00,91282CKF7,TSRYS5774875,D,S,C,2024-04-02,1000000.00,4.317641,98.84765625
08:01:00,91282CKF7,TSRYS5774875,D,B,C,2024-04-02,1000000.00,4.318298,98.84375
08:01:00,91282CKF7,TSRYS5774875,D,S,C,2024-04-02,1000000.00,4.317641,98.84765625
08:01:00,91282CKF7,TSRYS5774875,D,S,C,2024-04-02,1000000.00,4.317641,98.84765625
08:01:00,91282CKF7,TSRYS5774875,D,S,C,2024-04-02,1000000.00,4.317641,98.84765625
08:01:00,91282CKF7,TSRYS5774875,D,S,C,2024-04-02,1000000.00,4.318298,98.84375
08:01:00,91282CKF7,TSRYS5774875,D,S,C,2024-04-02,1000000.00,4.317312,98.849609375
08:01:00,91282CKF7,TSRYS5774875,D,S,C,2024-04-02,1000000.00,4.317312,98.849609375
08:01:00,91282CKF7,TSRYS5774875,D,S,C,2024-04-02,1000000.00,4.314024,98.869140625
08:01:00,91282CKF7,TSRYS5774875,D,B,C,2024-04-02,1000000.00,4.314024,98.869140625
08:01:00,91282CKF7,TSRYS5774875,D,S,C,2024-04-02,1000000.00,4.313695,98.87109375
08:01:00,91282CKF7,TSRYS5774875,D,B,C,2024-04-02,1000000.00,4.313695,98.87109375
08:01:00,91282CKF7,TSRYS5774875,D,S,C,2024-04-02,1000000.00,4.314681,98.865234375
08:01:00,91282CKF7,TSRYS5774875,D,B,C,2024-04-02,1000000.00,4.314024,98.869140625
08:01:00,91282CKF7,TSRYS5774875,D,S,D,2024-04-02,1000000.00,4.314024,98.869140625
08:01:00,91282CKF7,TSRYS5774875,D,B,C,2024-04-02,1000000.00,4.312709,98.876953125
08:01:00,91282CKF7,TSRYS5774875,D,S,T,2024-04-02,1000000.00,4.323582,98.81237
08:01:00,91282CKF7,TSRYS5774875,D,S,D,2024-04-02,1000000.00,4.312709,98.876953125
08:01:00,91282CKF7,TSRYS5774875,D,S,C,2024-04-02,1000000.00,4.31238,98.87890625
08:01:00,91282CKF7,TSRYS5774875,D,S,C,2024-04-02,1000000.00,4.312052,98.880859375
08:01:00,91282CKF7,TSRYS5774875,D,S,C,2024-04-02,1000000.00,4.311723,98.8828125
08:01:00,91282CKF7,TSRYS5774875,D,B,C,2024-04-02,1000000.00,4.311723,98.8828125
08:01:00,91282CKF7,TSRYS5774875,D,S,T,2024-04-02,1000000.00,4.323582,98.81237
08:01:00,91282CKF7,TSRYS5774875,D,S,C,2024-04-02,1000000.00,4.312052,98.880859375
08:01:00,91282CKF7,TSRYS5774875,D,S,C,2024-04-02,1000000.00,4.314024,98.869140625
08:01:00,91282CKF7,TSRYS5774875,D,S,C,2024-04-02,1000000.00,4.314024,98.869140625
08:01:00,91282CKF7,TSRYS5774875,D,S,C,2024-04-02,1000000.00,4.314024,98.869140625
08:01:00,91282CKF7,TSRYS5774875,D,S,C,2024-04-02,1000000.00,4.314024,98.869140625
08:01:00,91282CKF7,TSRYS5774875,D,B,C,2024-04-02,1000000.00,4.311723,98.8828125
08:01:00,91282CKF7,TSRYS5774875,D,S,C,2024-04-02,1000000.00,4.314024,98.869140625
08:01:00,91282CKF7,TSRYS5774875,D,S,C,2024-04-02,1000000.00,4.311723,98.8828125
08:01:00,91282CKF7,TSRYS5774875,D,B,C,2024-04-02,1000000.00,4.314353,98.8671875
08:01:00,91282CKF7,TSRYS5774875,D,S,C,2024-04-02,1000000.00,4.314024,98.869140625
08:01:00,91282CKF7,TSRYS5774875,D,S,T,2024-04-02,1000000.00,4.320946,98.828023
08:01:00,91282CKF7,TSRYS5774875,D,S,C,2024-04-02,1000000.00,4.314353,98.8671875
08:01:00,91282CKF7,TSRYS5774875,D,B,C,2024-04-02,1000000.00,4.314024,98.869140625
08:01:00,91282CKF7,TSRYS5774875,D,S,T,2024-04-02,1000000.00,4.320946,98.828023
08:01:00,91282CKF7,TSRYS5774875,D,B,C,2024-04-02,1000000.00,4.314024,98.869140625
08:01:00,91282CKF7,TSRYS5774875,D,S,C,2024-04-02,1000000.00,4.314024,98.869140625
08:01:01,91282CKF7,TSRYS5774875,D,S,D,2024-04-02,1000000.00,4.314024,98.869140625
08:01:01,91282CKF7,TSRYS5774875,D,S,C,2024-04-02,1000000.00,4.314024,98.869140625
08:01:01,91282CKF7,TSRYS5774875,D,S,D,2024-04-02,1000000.00,4.314024,98.869140625
08:01:01,91282CKF7,TSRYS5774875,D,B,C,2024-04-02,1000000.00,4.311723,98.8828125
08:01:01,91282CKF7,TSRYS5774875,D,B,C,2024-04-02,1000000.00,4.311723,98.8828125
08:01:01,91282CKF7,TSRYS5774875,D,S,D,2024-04-02,1000000.00,4.311394,98.884765625
08:01:01,91282CKF7,TSRYS5774875,D,S,D,2024-04-02,1000000.00,4.311723,98.8828125
08:01:01,91282CKF7,TSRYS5774875,D,S,D,2024-04-02,1000000.00,4.311723,98.8828125
08:01:01,91282CKF7,TSRYS5774875,D,B,C,2024-04-02,1000000.00,4.311394,98.884765625
08:01:01,91282CKF7,TSRYS5774875,D,S,T,2024-04-02,1000000.00,4.321587,98.82421875
08:01:01,91282CKF7,TSRYS5774875,D,S,D,2024-04-02,1000000.00,4.311394,98.884765625
08:01:01,91282CKF7,TSRYS5774875,D,B,C,2024-04-02,1000000.00,4.311394,98.884765625
08:01:01,91282CKF7,TSRYS5774875,D,B,C,2024-04-02,1000000.00,4.311394,98.884765625
08:01:01,91282CKF7,TSRYS5774875,D,B,C,2024-04-02,1000000.00,4.311394,98.884765625
08:01:01,91282CKF7,TSRYS5774875,D,S,D,2024-04-02,1000000.00,4.311394,98.884765625
08:01:01,91282CKF7,TSRYS5774875,D,S,D,2024-04-02,1000000.00,4.311394,98.884765625
08:01:01,91282CKF7,TSRYS5774875,D,S,D,2024-04-02,1000000.00,4.311394,98.884765625
08:01:01,91282CKF7,TSRYS5774875,D,S,D,2024-04-02,1000000.00,4.311394,98.884765625
08:01:01,91282CKF7,TSRYS5774875,D,S,D,2024-04-02,1000000.00,4.311723,98.8828125
08:01:01,91282CKF7,TSRYS5774875,D,S,C,2024-04-02,1000000.00,4.311723,98.8828125
08:01:01,91282CKF7,TSRYS5774875,D,S,D,2024-04-02,1000000.00,4.311394,98.884765625
08:01:01,91282CKF7,TSRYS5774875,D,S,D,2024-04-02,1000000.00,4.311394,98.884765625
08:01:01,91282CKF7,TSRYS5774875,D,S,D,2024-04-02,1000000.00,4.311723,98.8828125
08:01:01,91282CKF7,TSRYS5774875,D,S,D,2024-04-02,1000000.00,4.311723,98.8828125
08:01:01,91282CKF7,TSRYS5774875,D,S,D,2024-04-02,1000000.00,4.311394,98.884765625
08:01:01,91282CKF7,TSRYS5774875,D,S,D,2024-04-02,1000000.00,4.311723,98.8828125
08:01:01,91282CKF7,TSRYS5774875,D,S,D,2024-04-02,1000000.00,4.311394,98.884765625
08:01:01,91282CKF7,TSRYS5774875,D,S,D,2024-04-02,1000000.00,4.311394,98.884765625
08:01:01,91282CKF7,TSRYS5774875,D,S,D,2024-04-02,1000000.00,4.311723,98.8828125
08:01:01,91282CKF7,TSRYS5774875,D,S,D,2024-04-02,1000000.00,4.311723,98.8828125
08:01:01,91282CKF7,TSRYS5774875,D,S,D,2024-04-02,1000000.00,4.311723,98.8828125
08:01:01,91282CKF7,TSRYS5774875,D,S,D,2024-04-02,1000000.00,4.311394,98.884765625
08:01:01,91282CKF7,TSRYS5774875,D,S,D,2024-04-02,1000000.00,4.311723,98.8828125
08:01:01,91282CKF7,TSRYS5774875,D,S,D,2024-04-02,1000000.00,4.311394,98.884765625
08:01:01,91282CKF7,TSRYS5774875,D,S,D,2024-04-02,1000000.00,4.311394,98.884765625
08:01:01,91282CKF7,TSRYS5774875,D,S,D,2024-04-02,1000000.00,4.311723,98.8828125
08:01:01,91282CKF7,TSRYS5774875,D,S,D,2024-04-02,1000000.00,4.311394,98.884765625
08:01:01,91282CKF7,TSRYS5774875,D,S,D,2024-04-02,1000000.00,4.311723,98.8828125
08:01:01,91282CKF7,TSRYS5774875,D,S,D,2024-04-02,1000000.00,4.311723,98.8828125
08:01:01,91282CKF7,TSRYS5774875,D,S,D,2024-04-02,1000000.00,4.311394,98.884765625
08:01:01,91282CKF7,TSRYS5774875,D,S,D,2024-04-02,1000000.00,4.311394,98.884765625
08:01:01,91282CKF7,TSRYS5774875,D,S,D,2024-04-02,1000000.00,4.311394,98.884765625
08:01:01,91282CKF7,TSRYS5774875,D,B,C,2024-04-02,1000000.00,4.311394,98.884765625
08:01:01,91282CKF7,TSRYS5774875,D,S,D,2024-04-02,1000000.00,4.311394,98.884765625
08:01:01,91282CKF7,TSRYS5774875,D,S,D,2024-04-02,1000000.00,4.311394,98.884765625
08:01:01,91282CKF7,TSRYS5774875,D,B,C,2024-04-02,1000000.00,4.311394,98.884765625
08:01:01,91282CKF7,TSRYS5774875,D,S,D,2024-04-02,1000000.00,4.311394,98.884765625
08:01:01,91282CKF7,TSRYS5774875,D,S,D,2024-04-02,1000000.00,4.311723,98.8828125
08:01:01,91282CKF7,TSRYS5774875,D,B,C,2024-04-02,1000000.00,4.311723,98.8828125
08:01:01,91282CKF7,TSRYS5774875,D,S,D,2024-04-02,1000000.00,4.311723,98.8828125
08:01:01,91282CKF7,TSRYS5774875,D,B,C,2024-04-02,1000000.00,4.311723,98.8828125
08:01:01,91282CKF7,TSRYS5774875,D,S,D,2024-04-02,1000000.00,4.311723,98.8828125
08:01:01,91282CKF7,TSRYS5774875,D,B,C,2024-04-02,1000000.00,4.311066,98.88671875
08:01:01,91282CKF7,TSRYS5774875,D,S,C,2024-04-02,1000000.00,4.311066,98.88671875
08:01:01,91282CKF7,TSRYS5774875,D,S,C,2024-04-02,1000000.00,4.311723,98.8828125
08:01:01,91282CKF7,TSRYS5774875,D,B,C,2024-04-02,1000000.00,4.310408,98.890625
08:01:01,91282CKF7,TSRYS5774875,D,S,C,2024-04-02,1000000.00,4.310408,98.890625
08:01:01,91282CKF7,TSRYS5774875,D,B,C,2024-04-02,1000000.00,4.309751,98.89453125
08:01:01,91282CKF7,TSRYS5774875,D,S,D,2024-04-02,1000000.00,4.309751,98.89453125
08:01:01,91282CKF7,TSRYS5774875,D,S,C,2024-04-02,1000000.00,4.311723,98.8828125
08:01:01,91282CKF7,TSRYS5774875,D,S,C,2024-04-02,1000000.00,4.311723,98.8828125
08:01:01,91282CKF7,TSRYS5774875,D,S,C,2024-04-02,1000000.00,4.311723,98.8828125
08:01:01,91282CKF7,TSRYS5774875,D,S,C,2024-04-02,1000000.00,4.311723,98.8828125
08:01:02,91282CKF7,TSRYS5774875,D,B,C,2024-04-02,1000000.00,4.310737,98.888671875
08:01:02,91282CKF7,TSRYS5774875,D,S,D,2024-04-02,1000000.00,4.310737,98.888671875
08:01:02,91282CKF7,TSRYS5774875,D,B,C,2024-04-02,1000000.00,4.313695,98.87109375
08:01:02,91282CKF7,TSRYS5774875,D,S,C,2024-04-02,1000000.00,4.313695,98.87109375
08:01:02,91282CKF7,TSRYS5774875,D,S,C,2024-04-02,1000000.00,4.314353,98.8671875
08:01:02,91282CKF7,TSRYS5774875,D,S,C,2024-04-02,1000000.00,4.314353,98.8671875
08:01:02,91282CKF7,TSRYS5774875,D,B,C,2024-04-02,1000000.00,4.314353,98.8671875
08:01:02,91282CKF7,TSRYS5774875,D,B,C,2024-04-02,1000000.00,4.314353,98.8671875
08:01:02,91282CKF7,TSRYS5774875,D,S,C,2024-04-02,1000000.00,4.314353,98.8671875
08:01:02,91282CKF7,TSRYS5774875,D,S,C,2024-04-02,1000000.00,4.314353,98.8671875
08:01:02,91282CKF7,TSRYS5774875,D,B,C,2024-04-02,1000000.00,4.314353,98.8671875
08:01:02,91282CKF7,TSRYS5774875,D,S,C,2024-04-02,1000000.00,4.314024,98.869140625
08:01:02,91282CKF7,TSRYS5774875,D,S,C,2024-04-02,1000000.00,4.314024,98.869140625
08:01:02,91282CKF7,TSRYS5774875,D,S,C,2024-04-02,1000000.00,4.314024,98.869140625
08:01:02,91282CKF7,TSRYS5774875,D,B,C,2024-04-02,1000000.00,4.314353,98.8671875
08:01:02,91282CKF7,TSRYS5774875,D,S,C,2024-04-02,1000000.00,4.314353,98.8671875
