tradeTime,cusip,issueSymbolIdentifier,priceType,reportingSideCode,contraPartyTypeCode,tradeDate,reportedTradeVolume,lastSaleYield,lastSalePrice
08:00:03,91282CKF7,TSRYS5774875,D,S,D,2024-04-19,1000000.00,4.65672,96.875
08:00:03,91282CKF7,TSRYS5774875,D,S,D,2024-04-19,1000000.00,4.65943,96.859375
08:00:03,91282CKF7,TSRYS5774875,D,S,D,2024-04-19,1000000.00,4.65943,96.859375
08:00:03,91282CKF7,TSRYS5774875,D,S,D,2024-04-19,1000000.00,4.65672,96.875
08:00:03,91282CKF7,TSRYS5774875,D,S,T,2024-04-19,1000000.00,4.63776,96.984375
08:00:03,91282CKF7,TSRYS5774875,D,S,T,2024-04-19,1000000.00,4.629643,97.03125
08:00:03,91282CKF7,TSRYS5774875,D,S,T,2024-04-19,1000000.00,4.610719,97.140625
08:00:06,91282CKF7,TSRYS5774875,D,S,D,2024-04-19,1000000.00,4.604641,97.17578125
08:00:06,91282CKF7,TSRYS5774875,D,S,D,2024-04-19,1000000.00,4.576988,97.3359375
08:00:06,91282CKF7,TSRYS5774875,D,S,D,2024-04-19,1000000.00,4.576988,97.3359375
08:00:06,91282CKF7,TSRYS5774875,D,S,D,2024-04-19,1000000.00,4.576314,97.33984375
08:00:06,91282CKF7,TSRYS5774875,D,S,T,2024-04-19,1000000.00,4.57564,97.34375
08:00:06,91282CKF7,TSRYS5774875,D,S,T,2024-04-19,1000000.00,4.576314,97.33984375
08:00:06,91282CKF7,TSRYS5774875,D,S,D,2024-04-19,1000000.00,4.57564,97.34375
08:00:06,91282CKF7,TSRYS5774875,D,S,D,2024-04-19,1000000.00,4.57564,97.34375
08:00:06,91282CKF7,TSRYS5774875,D,S,D,2024-04-19,1000000.00,4.57564,97.34375
08:00:06,91282CKF7,TSRYS5774875,D,S,D,2024-04-19,1000000.00,4.57564,97.34375
08:00:06,91282CKF7,TSRYS5774875,D,S,D,2024-04-19,1000000.00,4.57564,97.34375
08:00:06,91282CKF7,TSRYS5774875,D,S,D,2024-04-19,1000000.00,4.57564,97.34375
08:00:06,91282CKF7,TSRYS5774875,D,S,T,2024-04-19,1000000.00,4.554096,97.46875
08:00:06,91282CKF7,TSRYS5774875,D,S,D,2024-04-19,1000000.00,4.553759,97.470703125
08:00:06,91282CKF7,TSRYS5774875,D,S,T,2024-04-19,1000000.00,4.551405,97.484375
08:00:06,91282CKF7,TSRYS5774875,D,S,D,2024-04-19,1000000.00,4.554096,97.46875
08:00:06,91282CKF7,TSRYS5774875,D,S,T,2024-04-19,1000000.00,4.555778,97.458984375
08:00:06,91282CKF7,TSRYS5774875,D,S,D,2024-04-19,1000000.00,4.555778,97.458984375
08:00:06,91282CKF7,TSRYS5774875,D,S,T,2024-04-19,1000000.00,4.554768,97.46484375
08:00:06,91282CKF7,TSRYS5774875,D,S,D,2024-04-19,1000000.00,4.554768,97.46484375
08:00:06,91282CKF7,TSRYS5774875,D,S,D,2024-04-19,1000000.00,4.553759,97.470703125
08:00:06,91282CKF7,TSRYS5774875,D,S,T,2024-04-19,1000000.00,4.553759,97.470703125
08:00:06,91282CKF7,TSRYS5774875,D,S,D,2024-04-19,1000000.00,4.553759,97.470703125
08:00:06,91282CKF7,TSRYS5774875,D,S,T,2024-04-19,1000000.00,4.55275,97.4765625
08:00:06,91282CKF7,TSRYS5774875,D,S,T,2024-04-19,1000000.00,4.552414,97.478515625
08:00:06,91282CKF7,TSRYS5774875,D,S,D,2024-04-19,1000000.00,4.55275,97.4765625
08:00:06,91282CKF7,TSRYS5774875,D,S,D,2024-04-19,1000000.00,4.552414,97.478515625
08:00:06,91282CKF7,TSRYS5774875,D,S,T,2024-04-19,1000000.00,4.546025,97.515625
08:00:06,91282CKF7,TSRYS5774875,D,S,T,2024-04-19,1000000.00,4.55645,97.455078125
08:00:06,91282CKF7,TSRYS5774875,D,S,D,2024-04-19,1000000.00,4.55645,97.455078125
08:00:06,91282CKF7,TSRYS5774875,D,S,T,2024-04-19,1000000.00,4.55645,97.455078125
08:00:06,91282CKF7,TSRYS5774875,D,S,D,2024-04-19,1000000.00,4.55645,97.455078125
08:00:06,91282CKF7,TSRYS5774875,D,S,T,2024-04-19,1000000.00,4.55645,97.455078125
08:00:06,91282CKF7,TSRYS5774875,D,S,D,2024-04-19,1000000.00,4.55645,97.455078125
08:00:06,91282CKF7,TSRYS5774875,D,S,T,2024-04-19,1000000.00,4.55645,97.455078125
08:00:06,91282CKF7,TSRYS5774875,D,S,D,2024-04-19,1000000.00,4.55645,97.455078125
08:00:06,91282CKF7,TSRYS5774875,D,S,T,2024-04-19,1000000.00,4.55645,97.455078125
08:00:06,91282CKF7,TSRYS5774875,D,S,D,2024-04-19,1000000.00,4.55645,97.455078125
08:00:06,91282CKF7,TSRYS5774875,D,S,T,2024-04-19,1000000.00,4.55645,97.455078125
08:00:06,91282CKF7,TSRYS5774875,D,S,D,2024-04-19,1000000.00,4.55645,97.455078125
08:00:06,91282CKF7,TSRYS5774875,D,S,T,2024-04-19,1000000.00,4.55645,97.455078125
08:00:06,91282CKF7,TSRYS5774875,D,S,D,2024-04-19,1000000.00,4.55645,97.455078125
08:00:06,91282CKF7,TSRYS5774875,D,S,T,2024-04-19,1000000.00,4.55645,97.455078125
08:00:06,91282CKF7,TSRYS5774875,D,S,D,2024-04-19,1000000.00,4.55645,97.455078125
08:00:06,91282CKF7,TSRYS5774875,D,S,D,2024-04-19,1000000.00,4.534599,97.58203125
08:00:06,91282CKF7,TSRYS5774875,D,S,D,2024-04-19,1000000.00,4.539975,97.55078125
08:00:06,91282CKF7,TSRYS5774875,D,S,T,2024-04-19,1000000.00,4.561498,97.42578125
08:00:06,91282CKF7,TSRYS5774875,D,S,T,2024-04-19,1000000.00,4.561498,97.42578125
08:00:06,91282CKF7,TSRYS5774875,D,S,T,2024-04-19,1000000.00,4.559479,97.4375
08:00:06,91282CKF7,TSRYS5774875,D,S,T,2024-04-19,1000000.00,4.559479,97.4375
08:00:06,91282CKF7,TSRYS5774875,D,S,T,2024-04-19,1000000.00,4.564864,97.40625
08:00:06,91282CKF7,TSRYS5774875,D,S,T,2024-04-19,1000000.00,4.564864,97.40625
08:00:06,91282CKF7,TSRYS5774875,D,S,T,2024-04-19,1000000.00,4.567557,97.390625
08:00:06,91282CKF7,TSRYS5774875,D,S,T,2024-04-19,1000000.00,4.567557,97.390625
08:00:06,91282CKF7,TSRYS5774875,D,S,T,2024-04-19,1000000.00,4.563181,97.416015625
08:00:06,91282CKF7,TSRYS5774875,D,S,T,2024-04-19,1000000.00,4.563181,97.416015625
08:00:06,91282CKF7,TSRYS5774875,D,S,T,2024-04-19,1000000.00,4.561834,97.423828125
08:00:06,91282CKF7,TSRYS5774875,D,S,T,2024-04-19,1000000.00,4.558806,97.44140625
08:00:06,91282CKF7,TSRYS5774875,D,S,T,2024-04-19,1000000.00,4.558133,97.4453125
08:00:06,91282CKF7,TSRYS5774875,D,S,T,2024-04-19,1000000.00,4.559815,97.435546875
08:00:06,91282CKF7,TSRYS5774875,D,S,T,2024-04-19,1000000.00,4.559479,97.4375
08:00:06,91282CKF7,TSRYS5774875,D,S,T,2024-04-19,1000000.00,4.559479,97.4375
08:00:06,91282CKF7,TSRYS5774875,D,S,D,2024-04-19,1000000.00,4.559479,97.4375
08:00:06,91282CKF7,TSRYS5774875,D,S,T,2024-04-19,1000000.00,4.558133,97.4453125
08:00:06,91282CKF7,TSRYS5774875,D,S,T,2024-04-19,1000000.00,4.559479,97.4375
08:00:06,91282CKF7,TSRYS5774875,D,S,T,2024-04-19,1000000.00,4.553423,97.47265625
08:00:06,91282CKF7,TSRYS5774875,D,S,T,2024-04-19,1000000.00,4.55275,97.4765625
08:00:06,91282CKF7,TSRYS5774875,D,S,D,2024-04-19,1000000.00,4.542663,97.53515625
08:00:06,91282CKF7,TSRYS5774875,D,S,T,2024-04-19,1000000.00,4.542663,97.53515625
08:00:06,91282CKF7,TSRYS5774875,D,S,T,2024-04-19,1000000.00,4.540647,97.546875
08:00:06,91282CKF7,TSRYS5774875,D,S,T,2024-04-19,1000000.00,4.533927,97.5859375
08:00:06,91282CKF7,TSRYS5774875,D,S,T,2024-04-19,1000000.00,4.515128,97.6953125
08:00:06,91282CKF7,TSRYS5774875,D,S,D,2024-04-19,1000000.00,4.526539,97.62890625
08:00:06,91282CKF7,TSRYS5774875,D,S,T,2024-04-19,1000000.00,4.528889,97.615234375
08:00:06,91282CKF7,TSRYS5774875,D,S,D,2024-04-19,1000000.00,4.528553,97.6171875
08:00:06,91282CKF7,TSRYS5774875,D,S,D,2024-04-19,1000000.00,4.530568,97.60546875
08:00:06,91282CKF7,TSRYS5774875,D,S,T,2024-04-19,1000000.00,4.548715,97.5
08:00:06,91282CKF7,TSRYS5774875,D,S,T,2024-04-19,1000000.00,4.563854,97.412109375
08:00:06,91282CKF7,TSRYS5774875,D,S,D,2024-04-19,1000000.00,4.565537,97.40234375
08:00:06,91282CKF7,TSRYS5774875,D,S,T,2024-04-19,1000000.00,4.565537,97.40234375
08:00:06,91282CKF7,TSRYS5774875,D,S,D,2024-04-19,1000000.00,4.565537,97.40234375
08:00:06,91282CKF7,TSRYS5774875,D,S,D,2024-04-19,1000000.00,4.56823,97.38671875
08:00:06,91282CKF7,TSRYS5774875,D,S,T,2024-04-19,1000000.00,4.570251,97.375
08:00:06,91282CKF7,TSRYS5774875,D,S,T,2024-04-19,1000000.00,4.579683,97.3203125
08:00:06,91282CKF7,TSRYS5774875,D,S,D,2024-04-19,1000000.00,4.583053,97.30078125
08:00:06,91282CKF7,TSRYS5774875,D,S,D,2024-04-19,1000000.00,4.590808,97.255859375
08:00:06,91282CKF7,TSRYS5774875,D,S,T,2024-04-19,1000000.00,4.58811,97.271484375
08:00:06,91282CKF7,TSRYS5774875,D,S,D,2024-04-19,1000000.00,4.576988,97.3359375
08:00:06,91282CKF7,TSRYS5774875,D,S,T,2024-04-19,1000000.00,4.57564,97.34375
08:00:06,91282CKF7,TSRYS5774875,D,S,T,2024-04-19,1000000.00,4.58811,97.271484375
08:00:06,91282CKF7,TSRYS5774875,D,S,D,2024-04-19,1000000.00,4.587773,97.2734375
08:00:06,91282CKF7,TSRYS5774875,D,S,D,2024-04-19,1000000.00,4.593506,97.240234375
08:00:06,91282CKF7,TSRYS5774875,D,S,T,2024-04-19,1000000.00,4.590808,97.255859375
08:00:06,91282CKF7,TSRYS5774875,D,S,T,2024-04-19,1000000.00,4.581031,97.3125
08:00:06,91282CKF7,TSRYS5774875,D,S,D,2024-04-19,1000000.00,4.610043,97.14453125
08:00:06,91282CKF7,TSRYS5774875,D,S,D,2024-04-19,1000000.00,4.606667,97.1640625
08:00:06,91282CKF7,TSRYS5774875,D,S,D,2024-04-19,1000000.00,4.606667,97.1640625
08:00:06,91282CKF7,TSRYS5774875,D,S,T,2024-04-19,1000000.00,4.606667,97.1640625
08:00:06,91282CKF7,TSRYS5774875,D,S,T,2024-04-19,1000000.00,4.609705,97.146484375
08:00:06,91282CKF7,TSRYS5774875,D,S,D,2024-04-19,1000000.00,4.609705,97.146484375
08:00:06,91282CKF7,TSRYS5774875,D,S,D,2024-04-19,1000000.00,4.609705,97.146484375
08:00:06,91282CKF7,TSRYS5774875,D,S,T,2024-04-19,1000000.00,4.609705,97.146484375
08:00:06,91282CKF7,TSRYS5774875,D,S,D,2024-04-19,1000000.00,4.609705,97.146484375
08:00:06,91282CKF7,TSRYS5774875,D,S,D,2024-04-19,1000000.00,4.609705,97.146484375
08:00:06,91282CKF7,TSRYS5774875,D,S,T,2024-04-19,1000000.00,4.607342,97.16015625
08:00:06,91282CKF7,TSRYS5774875,D,S,D,2024-04-19,1000000.00,4.610719,97.140625
08:00:06,91282CKF7,TSRYS5774875,D,S,T,2024-04-19,1000000.00,4.610719,97.140625
08:00:06,91282CKF7,TSRYS5774875,D,S,D,2024-04-19,1000000.00,4.610719,97.140625
08:00:06,91282CKF7,TSRYS5774875,D,S,D,2024-04-19,1000000.00,4.610381,97.142578125
08:00:06,91282CKF7,TSRYS5774875,D,S,D,2024-04-19,1000000.00,4.610381,97.142578125
08:00:06,91282CKF7,TSRYS5774875,D,S,T,2024-04-19,1000000.00,4.618826,97.09375
08:00:06,91282CKF7,TSRYS5774875,D,S,T,2024-04-19,1000000.00,4.612069,97.1328125
08:00:06,91282CKF7,TSRYS5774875,D,S,D,2024-04-19,1000000.00,4.600928,97.197265625
08:00:06,91282CKF7,TSRYS5774875,D,S,T,2024-04-19,1000000.00,4.603629,97.181640625
08:00:06,91282CKF7,TSRYS5774875,D,S,D,2024-04-19,1000000.00,4.603629,97.181640625
08:00:06,91282CKF7,TSRYS5774875,D,S,D,2024-04-19,1000000.00,4.603629,97.181640625
08:00:06,91282CKF7,TSRYS5774875,D,S,T,2024-04-19,1000000.00,4.594518,97.234375
08:00:06,91282CKF7,TSRYS5774875,D,S,D,2024-04-19,1000000.00,4.601603,97.193359375
08:00:06,91282CKF7,TSRYS5774875,D,S,D,2024-04-19,1000000.00,4.601603,97.193359375
08:00:06,91282CKF7,TSRYS5774875,D,S,D,2024-04-19,1000000.00,4.601603,97.193359375
08:00:06,91282CKF7,TSRYS5774875,D,S,D,2024-04-19,1000000.00,4.601603,97.193359375
08:00:06,91282CKF7,TSRYS5774875,D,S,D,2024-04-19,1000000.00,4.601603,97.193359375
08:00:06,91282CKF7,TSRYS5774875,D,S,D,2024-04-19,1000000.00,4.601603,97.193359375
08:00:06,91282CKF7,TSRYS5774875,D,S,D,2024-04-19,1000000.00,4.601603,97.193359375
08:00:06,91282CKF7,TSRYS5774875,D,S,D,2024-04-19,1000000.00,4.601603,97.193359375
08:00:06,91282CKF7,TSRYS5774875,D,S,D,2024-04-19,1000000.00,4.605654,97.169921875
08:00:06,91282CKF7,TSRYS5774875,D,S,D,2024-04-19,1000000.00,4.605654,97.169921875
08:00:06,91282CKF7,TSRYS5774875,D,S,T,2024-04-19,1000000.00,4.603966,97.1796875
08:00:06,91282CKF7,TSRYS5774875,D,S,T,2024-04-19,1000000.00,4.603966,97.1796875
08:00:06,91282CKF7,TSRYS5774875,D,S,T,2024-04-19,2000000.00,4.603966,97.1796875
08:00:06,91282CKF7,TSRYS5774875,D,S,T,2024-04-19,2000000.00,4.603966,97.1796875
08:00:06,91282CKF7,TSRYS5774875,D,S,D,2024-04-19,1000000.00,4.609368,97.1484375
08:00:06,91282CKF7,TSRYS5774875,D,S,D,2024-04-19,1000000.00,4.610381,97.142578125
08:00:06,91282CKF7,TSRYS5774875,D,S,D,2024-04-19,1000000.00,4.610381,97.142578125
08:00:06,91282CKF7,TSRYS5774875,D,S,D,2024-04-19,1000000.00,4.615109,97.115234375
08:00:06,91282CKF7,TSRYS5774875,D,S,D,2024-04-19,1000000.00,4.615109,97.115234375
08:00:06,91282CKF7,TSRYS5774875,D,S,D,2024-04-19,1000000.00,4.61815,97.09765625
08:00:06,91282CKF7,TSRYS5774875,D,S,D,2024-04-19,1000000.00,4.624909,97.05859375
08:00:06,91282CKF7,TSRYS5774875,D,S,D,2024-04-19,1000000.00,4.624909,97.05859375
08:00:06,91282CKF7,TSRYS5774875,D,S,D,2024-04-19,1000000.00,4.624909,97.05859375
08:00:06,91282CKF7,TSRYS5774875,D,S,D,2024-04-19,2000000.00,4.624909,97.05859375
08:00:06,91282CKF7,TSRYS5774875,D,S,D,2024-04-19,1000000.00,4.624909,97.05859375
08:00:06,91282CKF7,TSRYS5774875,D,S,T,2024-04-19,1000000.00,4.624233,97.0625
08:00:06,91282CKF7,TSRYS5774875,D,S,D,2024-04-19,2000000.00,4.621529,97.078125
08:00:06,91282CKF7,TSRYS5774875,D,S,D,2024-04-19,2000000.00,4.624909,97.05859375
08:00:06,91282CKF7,TSRYS5774875,D,S,T,2024-04-19,1000000.00,4.624909,97.05859375
08:00:06,91282CKF7,TSRYS5774875,D,S,D,2024-04-19,1000000.00,4.624909,97.05859375
08:00:06,91282CKF7,TSRYS5774875,D,S,D,2024-04-19,2000000.00,4.624909,97.05859375
08:00:06,91282CKF7,TSRYS5774875,D,B,C,2024-04-19,3000000.00,4.624909,97.05859375
08:00:06,91282CKF7,TSRYS5774875,D,S,T,2024-04-19,1000000.00,4.626938,97.046875
08:00:06,91282CKF7,TSRYS5774875,D,S,D,2024-04-19,2000000.00,4.626938,97.046875
08:00:06,91282CKF7,TSRYS5774875,D,S,D,2024-04-19,2000000.00,4.635054,97.0
08:00:08,91282CKF7,TSRYS5774875,D,S,T,2024-04-19,1000000.00,4.6513,96.90625
08:00:08,91282CKF7,TSRYS5774875,D,S,T,2024-04-19,1000000.00,4.6513,96.90625
08:00:08,91282CKF7,TSRYS5774875,D,S,T,2024-04-19,1000000.00,4.6513,96.90625
08:00:09,91282CKF7,TSRYS5774875,D,S,T,2024-04-19,1000000.00,4.52721,97.625
08:00:09,91282CKF7,TSRYS5774875,D,S,T,2024-04-19,1000000.00,4.521839,97.65625
08:00:10,91282CKF7,TSRYS5774875,D,S,T,2024-04-19,1000000.00,4.521839,97.65625
08:00:10,91282CKF7,TSRYS5774875,D,S,T,2024-04-19,1000000.00,4.521839,97.65625
08:00:10,91282CKF7,TSRYS5774875,D,S,T,2024-04-19,1000000.00,4.521839,97.65625
08:00:10,91282CKF7,TSRYS5774875,D,S,T,2024-04-19,1000000.00,4.605316,97.171875
08:00:10,91282CKF7,TSRYS5774875,D,S,T,2024-04-19,2000000.00,4.605316,97.171875
08:00:11,91282CKF7,TSRYS5774875,D,S,T,2024-04-19,1000000.00,4.632348,97.015625
08:00:13,91282CKF7,TSRYS5774875,D,S,T,2024-04-19,1000000.00,4.554096,97.46875
08:00:14,91282CKF7,TSRYS5774875,D,S,T,2024-04-19,1000000.00,4.551405,97.484375
08:00:14,91282CKF7,TSRYS5774875,D,S,T,2024-04-19,1000000.00,4.551405,97.484375
08:00:14,91282CKF7,TSRYS5774875,D,S,T,2024-04-19,2000000.00,4.548715,97.5
08:00:14,91282CKF7,TSRYS5774875,D,S,T,2024-04-19,1000000.00,4.551405,97.484375
08:00:14,91282CKF7,TSRYS5774875,D,S,T,2024-04-19,2000000.00,4.546025,97.515625
08:00:14,91282CKF7,TSRYS5774875,D,S,T,2024-04-19,1000000.00,4.521839,97.65625
08:00:14,91282CKF7,TSRYS5774875,D,S,D,2024-04-19,1000000.00,4.65943,96.859375
08:00:14,91282CKF7,TSRYS5774875,D,S,T,2024-04-19,1000000.00,4.519155,97.671875
08:00:14,91282CKF7,TSRYS5774875,D,S,D,2024-04-19,3000000.00,4.621867,97.076171875
08:00:15,91282CKF7,TSRYS5774875,D,S,D,2024-04-19,1000000.00,4.65672,96.875
08:00:15,91282CKF7,TSRYS5774875,D,S,D,2024-04-19,1000000.00,4.643175,96.953125
08:00:18,91282CKF7,TSRYS5774875,D,S,T,2024-04-19,1000000.00,4.6513,96.90625
08:00:18,91282CKF7,TSRYS5774875,D,S,T,2024-04-19,1000000.00,4.6513,96.90625
08:00:18,91282CKF7,TSRYS5774875,D,S,T,2024-04-19,1000000.00,4.6513,96.90625
08:00:18,91282CKF7,TSRYS5774875,D,S,T,2024-04-19,1000000.00,4.6513,96.90625
08:00:18,91282CKF7,TSRYS5774875,D,S,T,2024-04-19,1000000.00,4.6513,96.90625
08:00:18,91282CKF7,TSRYS5774875,D,S,T,2024-04-19,1000000.00,4.546025,97.515625
08:00:18,91282CKF7,TSRYS5774875,D,S,T,2024-04-19,1000000.00,4.543336,97.53125
08:00:18,91282CKF7,TSRYS5774875,D,S,T,2024-04-19,1000000.00,4.546025,97.515625
08:00:19,91282CKF7,TSRYS5774875,D,S,T,2024-04-19,1000000.00,4.589122,97.265625
08:00:23,91282CKF7,TSRYS5774875,D,S,D,2024-04-19,1000000.00,4.638775,96.978515625
08:00:23,91282CKF7,TSRYS5774875,D,S,D,2024-04-19,1000000.00,4.638099,96.982421875
08:00:23,91282CKF7,TSRYS5774875,D,S,D,2024-04-19,1000000.00,4.636745,96.990234375
08:00:23,91282CKF7,TSRYS5774875,D,S,D,2024-04-19,1000000.00,4.610381,97.142578125
08:00:24,91282CKF7,TSRYS5774875,D,S,T,2024-04-19,1000000.00,4.519155,97.671875
08:00:24,91282CKF7,TSRYS5774875,D,S,T,2024-04-19,1000000.00,4.51647,97.6875
08:00:24,91282CKF7,TSRYS5774875,D,S,T,2024-04-19,1000000.00,4.517812,97.6796875
08:00:24,91282CKF7,TSRYS5774875,D,S,T,2024-04-19,1000000.00,4.51647,97.6875
08:00:24,91282CKF7,TSRYS5774875,D,B,A,2024-04-19,40000000.00,4.541662,97.5409765625
08:00:24,91282CKF7,TSRYS5774875,D,S,T,2024-04-19,1000000.00,4.521839,97.65625
08:00:24,91282CKF7,TSRYS5774875,D,S,T,2024-04-19,1000000.00,4.586424,97.28125
08:00:27,91282CKF7,TSRYS5774875,D,S,C,2024-04-19,1000000.00,4.58002,97.318359375
08:00:27,91282CKF7,TSRYS5774875,D,S,C,2024-04-19,1000000.00,4.579683,97.3203125
08:00:27,91282CKF7,TSRYS5774875,D,S,C,2024-04-19,1000000.00,4.58002,97.318359375
08:00:27,91282CKF7,TSRYS5774875,D,S,C,2024-04-19,1000000.00,4.579683,97.3203125
08:00:27,91282CKF7,TSRYS5774875,D,S,C,2024-04-19,1000000.00,4.579683,97.3203125
08:00:27,91282CKF7,TSRYS5774875,D,S,C,2024-04-19,1000000.00,4.58002,97.318359375
08:00:27,91282CKF7,TSRYS5774875,D,S,C,2024-04-19,1000000.00,4.579683,97.3203125
08:00:27,91282CKF7,TSRYS5774875,D,S,C,2024-04-19,1000000.00,4.579683,97.3203125
08:00:27,91282CKF7,TSRYS5774875,D,S,C,2024-04-19,1000000.00,4.579683,97.3203125
08:00:27,91282CKF7,TSRYS5774875,D,S,C,2024-04-19,1000000.00,4.579683,97.3203125
08:00:27,91282CKF7,TSRYS5774875,D,S,C,2024-04-19,1000000.00,4.579683,97.3203125
08:00:27,91282CKF7,TSRYS5774875,D,S,C,2024-04-19,1000000.00,4.579683,97.3203125
08:00:28,91282CKF7,TSRYS5774875,D,S,T,2024-04-19,1000000.00,4.6513,96.90625
08:00:28,91282CKF7,TSRYS5774875,D,S,T,2024-04-19,1000000.00,4.6513,96.90625
08:00:28,91282CKF7,TSRYS5774875,D,S,T,2024-04-19,1000000.00,4.6513,96.90625
08:00:28,91282CKF7,TSRYS5774875,D,S,C,2024-04-19,1000000.00,4.579683,97.3203125
08:00:28,91282CKF7,TSRYS5774875,D,S,C,2024-04-19,1000000.00,4.579683,97.3203125
08:00:28,91282CKF7,TSRYS5774875,D,S,C,2024-04-19,1000000.00,4.579683,97.3203125
08:00:28,91282CKF7,TSRYS5774875,D,S,C,2024-04-19,1000000.00,4.579683,97.3203125
08:00:28,91282CKF7,TSRYS5774875,D,S,C,2024-04-19,1000000.00,4.579683,97.3203125
08:00:28,91282CKF7,TSRYS5774875,D,S,C,2024-04-19,1000000.00,4.579683,97.3203125
08:00:28,91282CKF7,TSRYS5774875,D,S,T,2024-04-19,1000000.00,4.65672,96.875
08:00:28,91282CKF7,TSRYS5774875,D,S,C,2024-04-19,1000000.00,4.579683,97.3203125
08:00:28,91282CKF7,TSRYS5774875,D,S,D,2024-04-19,1000000.00,4.578335,97.328125
08:00:28,91282CKF7,TSRYS5774875,D,S,C,2024-04-19,1000000.00,4.579683,97.3203125
08:00:28,91282CKF7,TSRYS5774875,D,S,C,2024-04-19,1000000.00,4.577325,97.333984375
08:00:28,91282CKF7,TSRYS5774875,D,S,C,2024-04-19,1000000.00,4.576651,97.337890625
08:00:28,91282CKF7,TSRYS5774875,D,S,C,2024-04-19,1000000.00,4.576988,97.3359375
08:00:28,91282CKF7,TSRYS5774875,D,S,C,2024-04-19,1000000.00,4.576314,97.33984375
08:00:28,91282CKF7,TSRYS5774875,D,S,C,2024-04-19,1000000.00,4.576988,97.3359375
08:00:28,91282CKF7,TSRYS5774875,D,S,T,2024-04-19,1000000.00,4.537958,97.5625
08:00:28,91282CKF7,TSRYS5774875,D,S,T,2024-04-19,1000000.00,4.537958,97.5625
08:00:28,91282CKF7,TSRYS5774875,D,S,T,2024-04-19,2000000.00,4.540647,97.546875
08:00:29,91282CKF7,TSRYS5774875,D,S,T,2024-04-19,1000000.00,4.578335,97.328125
08:00:29,91282CKF7,TSRYS5774875,D,S,C,2024-04-19,1000000.00,4.577325,97.333984375
08:00:29,91282CKF7,TSRYS5774875,D,S,C,2024-04-19,1000000.00,4.576651,97.337890625
08:00:29,91282CKF7,TSRYS5774875,D,S,C,2024-04-19,1000000.00,4.577325,97.333984375
08:00:29,91282CKF7,TSRYS5774875,D,S,C,2024-04-19,1000000.00,4.576651,97.337890625
08:00:29,91282CKF7,TSRYS5774875,D,S,C,2024-04-19,1000000.00,4.576651,97.337890625
08:00:29,91282CKF7,TSRYS5774875,D,S,C,2024-04-19,1000000.00,4.575977,97.341796875
08:00:29,91282CKF7,TSRYS5774875,D,S,C,2024-04-19,1000000.00,4.576314,97.33984375
08:00:29,91282CKF7,TSRYS5774875,D,S,C,2024-04-19,1000000.00,4.576988,97.3359375
08:00:29,91282CKF7,TSRYS5774875,D,S,C,2024-04-19,1000000.00,4.576314,97.33984375
08:00:29,91282CKF7,TSRYS5774875,D,S,C,2024-04-19,1000000.00,4.57564,97.34375
08:00:29,91282CKF7,TSRYS5774875,D,S,C,2024-04-19,1000000.00,4.57564,97.34375
08:00:29,91282CKF7,TSRYS5774875,D,S,C,2024-04-19,1000000.00,4.57564,97.34375
08:00:29,91282CKF7,TSRYS5774875,D,S,C,2024-04-19,1000000.00,4.576988,97.3359375
08:00:29,91282CKF7,TSRYS5774875,D,S,C,2024-04-19,1000000.00,4.575977,97.341796875
08:00:29,91282CKF7,TSRYS5774875,D,S,C,2024-04-19,1000000.00,4.57564,97.34375
08:00:29,91282CKF7,TSRYS5774875,D,S,C,2024-04-19,1000000.00,4.57564,97.34375
08:00:29,91282CKF7,TSRYS5774875,D,S,C,2024-04-19,1000000.00,4.57564,97.34375
08:00:29,91282CKF7,TSRYS5774875,D,S,C,2024-04-19,1000000.00,4.57564,97.34375
08:00:29,91282CKF7,TSRYS5774875,D,S,C,2024-04-19,1000000.00,4.576988,97.3359375
08:00:29,91282CKF7,TSRYS5774875,D,S,C,2024-04-19,1000000.00,4.57564,97.34375
08:00:29,91282CKF7,TSRYS5774875,D,S,C,2024-04-19,1000000.00,4.57564,97.34375
08:00:29,91282CKF7,TSRYS5774875,D,S,C,2024-04-19,1000000.00,4.57564,97.34375
08:00:29,91282CKF7,TSRYS5774875,D,S,C,2024-04-19,1000000.00,4.57564,97.34375
08:00:29,91282CKF7,TSRYS5774875,D,S,C,2024-04-19,1000000.00,4.57564,97.34375
08:00:29,91282CKF7,TSRYS5774875,D,S,C,2024-04-19,1000000.00,4.57564,97.34375
08:00:30,91282CKF7,TSRYS5774875,D,S,T,2024-04-19,1000000.00,4.65401,96.890625
08:00:30,91282CKF7,TSRYS5774875,D,S,T,2024-04-19,1000000.00,4.65401,96.890625
08:00:30,91282CKF7,TSRYS5774875,D,S,T,2024-04-19,1000000.00,4.65401,96.890625
08:00:30,91282CKF7,TSRYS5774875,D,S,T,2024-04-19,1000000.00,4.65401,96.890625
08:00:30,91282CKF7,TSRYS5774875,D,S,T,2024-04-19,1000000.00,4.655026,96.884765625
08:00:30,91282CKF7,TSRYS5774875,D,S,T,2024-04-19,1000000.00,4.65401,96.890625
08:00:30,91282CKF7,TSRYS5774875,D,S,T,2024-04-19,1000000.00,4.654349,96.888671875
08:00:30,91282CKF7,TSRYS5774875,D,S,T,2024-04-19,1000000.00,4.654349,96.888671875
08:00:30,91282CKF7,TSRYS5774875,D,S,T,2024-04-19,1000000.00,4.65401,96.890625
08:00:30,91282CKF7,TSRYS5774875,D,S,T,2024-04-19,1000000.00,4.65401,96.890625
08:00:30,91282CKF7,TSRYS5774875,D,S,T,2024-04-19,1000000.00,4.65401,96.890625
08:00:30,91282CKF7,TSRYS5774875,D,S,T,2024-04-19,1000000.00,4.65401,96.890625
08:00:30,91282CKF7,TSRYS5774875,D,S,T,2024-04-19,2000000.00,4.65401,96.890625
08:00:30,91282CKF7,TSRYS5774875,D,S,T,2024-04-19,1000000.00,4.65401,96.890625
08:00:30,91282CKF7,TSRYS5774875,D,S,T,2024-04-19,1000000.00,4.65401,96.890625
08:00:30,91282CKF7,TSRYS5774875,D,S,T,2024-04-19,1000000.00,4.65401,96.890625
08:00:30,91282CKF7,TSRYS5774875,D,S,T,2024-04-19,1000000.00,4.65401,96.890625
08:00:30,91282CKF7,TSRYS5774875,D,S,T,2024-04-19,1000000.00,4.65401,96.890625
08:00:30,91282CKF7,TSRYS5774875,D,S,T,2024-04-19,1000000.00,4.65401,96.890625
08:00:30,91282CKF7,TSRYS5774875,D,S,T,2024-04-19,1000000.00,4.65672,96.875
08:00:30,91282CKF7,TSRYS5774875,D,S,T,2024-04-19,1000000.00,4.65672,96.875
08:00:30,91282CKF7,TSRYS5774875,D,S,T,2024-04-19,1000000.00,4.65672,96.875
08:00:30,91282CKF7,TSRYS5774875,D,S,T,2024-04-19,1000000.00,4.65672,96.875
08:00:30,91282CKF7,TSRYS5774875,D,S,T,2024-04-19,1000000.00,4.65672,96.875
08:00:30,91282CKF7,TSRYS5774875,D,S,T,2024-04-19,1000000.00,4.65943,96.859375
08:00:30,91282CKF7,TSRYS5774875,D,S,T,2024-04-19,1000000.00,4.65943,96.859375
08:00:30,91282CKF7,TSRYS5774875,D,S,T,2024-04-19,1000000.00,4.65672,96.875
08:00:30,91282CKF7,TSRYS5774875,D,S,T,2024-04-19,1000000.00,4.65672,96.875
08:00:30,91282CKF7,TSRYS5774875,D,S,T,2024-04-19,1000000.00,4.65401,96.890625
08:00:30,91282CKF7,TSRYS5774875,D,S,T,2024-04-19,1000000.00,4.65401,96.890625
08:00:30,91282CKF7,TSRYS5774875,D,S,T,2024-04-19,1000000.00,4.6513,96.90625
08:00:30,91282CKF7,TSRYS5774875,D,S,T,2024-04-19,1000000.00,4.6513,96.90625
08:00:30,91282CKF7,TSRYS5774875,D,S,T,2024-04-19,1000000.00,4.6513,96.90625
08:00:30,91282CKF7,TSRYS5774875,D,S,T,2024-04-19,1000000.00,4.6513,96.90625
08:00:30,91282CKF7,TSRYS5774875,D,S,T,2024-04-19,1000000.00,4.6513,96.90625
08:00:30,91282CKF7,TSRYS5774875,D,S,T,2024-04-19,1000000.00,4.645883,96.9375
08:00:30,91282CKF7,TSRYS5774875,D,S,T,2024-04-19,1000000.00,4.643175,96.953125
08:00:30,91282CKF7,TSRYS5774875,D,S,T,2024-04-19,1000000.00,4.643175,96.953125
08:00:30,91282CKF7,TSRYS5774875,D,S,T,2024-04-19,1000000.00,4.640467,96.96875
08:00:30,91282CKF7,TSRYS5774875,D,S,T,2024-04-19,1000000.00,4.632348,97.015625
08:00:30,91282CKF7,TSRYS5774875,D,S,T,2024-04-19,1000000.00,4.632348,97.015625
08:00:30,91282CKF7,TSRYS5774875,D,S,T,2024-04-19,1000000.00,4.626938,97.046875
08:00:30,91282CKF7,TSRYS5774875,D,S,T,2024-04-19,1000000.00,4.626938,97.046875
08:00:30,91282CKF7,TSRYS5774875,D,S,T,2024-04-19,1000000.00,4.616123,97.109375
08:00:30,91282CKF7,TSRYS5774875,D,S,T,2024-04-19,1000000.00,4.605316,97.171875
08:00:30,91282CKF7,TSRYS5774875,D,S,T,2024-04-19,1000000.00,4.597217,97.21875
08:00:30,91282CKF7,TSRYS5774875,D,S,T,2024-04-19,1000000.00,4.597217,97.21875
08:00:30,91282CKF7,TSRYS5774875,D,S,T,2024-04-19,1000000.00,4.586087,97.283203125
08:00:30,91282CKF7,TSRYS5774875,D,S,T,2024-04-19,1000000.00,4.585076,97.2890625
08:00:30,91282CKF7,TSRYS5774875,D,S,T,2024-04-19,1000000.00,4.591482,97.251953125
08:00:30,91282CKF7,TSRYS5774875,D,S,T,2024-04-19,1000000.00,4.599916,97.203125
08:00:30,91282CKF7,TSRYS5774875,D,S,T,2024-04-19,1000000.00,4.602616,97.1875
08:00:30,91282CKF7,TSRYS5774875,D,S,T,2024-04-19,1000000.00,4.602616,97.1875
08:00:30,91282CKF7,TSRYS5774875,D,S,T,2024-04-19,1000000.00,4.599916,97.203125
08:00:30,91282CKF7,TSRYS5774875,D,S,T,2024-04-19,1000000.00,4.599916,97.203125
08:00:30,91282CKF7,TSRYS5774875,D,S,T,2024-04-19,1000000.00,4.599916,97.203125
08:00:30,91282CKF7,TSRYS5774875,D,S,T,2024-04-19,1000000.00,4.599916,97.203125
08:00:30,91282CKF7,TSRYS5774875,D,S,T,2024-04-19,1000000.00,4.602616,97.1875
08:00:30,91282CKF7,TSRYS5774875,D,S,T,2024-04-19,1000000.00,4.602616,97.1875
08:00:30,91282CKF7,TSRYS5774875,D,S,T,2024-04-19,1000000.00,4.605316,97.171875
08:00:30,91282CKF7,TSRYS5774875,D,S,T,2024-04-19,1000000.00,4.605316,97.171875
08:00:30,91282CKF7,TSRYS5774875,D,S,T,2024-04-19,1000000.00,4.608017,97.15625
08:00:30,91282CKF7,TSRYS5774875,D,S,T,2024-04-19,1000000.00,4.605991,97.16796875
08:00:30,91282CKF7,TSRYS5774875,D,S,T,2024-04-19,1000000.00,4.605316,97.171875
08:00:30,91282CKF7,TSRYS5774875,D,S,T,2024-04-19,1000000.00,4.602616,97.1875
08:00:30,91282CKF7,TSRYS5774875,D,S,T,2024-04-19,1000000.00,4.605316,97.171875
08:00:30,91282CKF7,TSRYS5774875,D,S,T,2024-04-19,1000000.00,4.605316,97.171875
08:00:30,91282CKF7,TSRYS5774875,D,S,T,2024-04-19,1000000.00,4.589122,97.265625
08:00:30,91282CKF7,TSRYS5774875,D,S,T,2024-04-19,1000000.00,4.584402,97.29296875
08:00:30,91282CKF7,TSRYS5774875,D,S,T,2024-04-19,1000000.00,4.583727,97.296875
08:00:30,91282CKF7,TSRYS5774875,D,S,T,2024-04-19,1000000.00,4.584402,97.29296875
08:00:30,91282CKF7,TSRYS5774875,D,S,T,2024-04-19,1000000.00,4.583727,97.296875
08:00:30,91282CKF7,TSRYS5774875,D,S,T,2024-04-19,1000000.00,4.583727,97.296875
08:00:30,91282CKF7,TSRYS5774875,D,S,T,2024-04-19,1000000.00,4.583727,97.296875
08:00:30,91282CKF7,TSRYS5774875,D,S,T,2024-04-19,1000000.00,4.583727,97.296875
08:00:30,91282CKF7,TSRYS5774875,D,S,T,2024-04-19,1000000.00,4.585076,97.2890625
08:00:30,91282CKF7,TSRYS5774875,D,S,T,2024-04-19,1000000.00,4.585076,97.2890625
08:00:30,91282CKF7,TSRYS5774875,D,S,T,2024-04-19,1000000.00,4.581031,97.3125
08:00:30,91282CKF7,TSRYS5774875,D,S,T,2024-04-19,1000000.00,4.562171,97.421875
08:00:30,91282CKF7,TSRYS5774875,D,S,T,2024-04-19,1000000.00,4.562171,97.421875
08:00:34,91282CKF7,TSRYS5774875,D,S,T,2024-04-19,1000000.00,4.562171,97.421875
08:00:34,91282CKF7,TSRYS5774875,D,S,T,2024-04-19,1000000.00,4.562171,97.421875
08:00:34,91282CKF7,TSRYS5774875,D,S,T,2024-04-19,2000000.00,4.564864,97.40625
08:00:34,91282CKF7,TSRYS5774875,D,S,T,2024-04-19,1000000.00,4.564864,97.40625
08:00:34,91282CKF7,TSRYS5774875,D,S,T,2024-04-19,1000000.00,4.563517,97.4140625
08:00:34,91282CKF7,TSRYS5774875,D,S,T,2024-04-19,1000000.00,4.563517,97.4140625
08:00:34,91282CKF7,TSRYS5774875,D,S,T,2024-04-19,1000000.00,4.559479,97.4375
08:00:34,91282CKF7,TSRYS5774875,D,S,T,2024-04-19,1000000.00,4.559479,97.4375
08:00:34,91282CKF7,TSRYS5774875,D,S,T,2024-04-19,1000000.00,4.559479,97.4375
08:00:34,91282CKF7,TSRYS5774875,D,S,T,2024-04-19,1000000.00,4.556787,97.453125
08:00:34,91282CKF7,TSRYS5774875,D,S,T,2024-04-19,1000000.00,4.554096,97.46875
08:00:34,91282CKF7,TSRYS5774875,D,S,T,2024-04-19,1000000.00,4.554096,97.46875
08:00:34,91282CKF7,TSRYS5774875,D,S,T,2024-04-19,1000000.00,4.554096,97.46875
08:00:34,91282CKF7,TSRYS5774875,D,S,T,2024-04-19,1000000.00,4.554096,97.46875
08:00:34,91282CKF7,TSRYS5774875,D,S,T,2024-04-19,1000000.00,4.554096,97.46875
08:00:34,91282CKF7,TSRYS5774875,D,S,T,2024-04-19,1000000.00,4.551405,97.484375
08:00:34,91282CKF7,TSRYS5774875,D,S,T,2024-04-19,1000000.00,4.551405,97.484375
08:00:34,91282CKF7,TSRYS5774875,D,S,T,2024-04-19,1000000.00,4.551405,97.484375
08:00:34,91282CKF7,TSRYS5774875,D,S,T,2024-04-19,1000000.00,4.551405,97.484375
08:00:34,91282CKF7,TSRYS5774875,D,S,T,2024-04-19,1000000.00,4.551405,97.484375
08:00:34,91282CKF7,TSRYS5774875,D,S,T,2024-04-19,1000000.00,4.551405,97.484375
08:00:34,91282CKF7,TSRYS5774875,D,S,T,2024-04-19,1000000.00,4.543336,97.53125
08:00:34,91282CKF7,TSRYS5774875,D,S,T,2024-04-19,1000000.00,4.543336,97.53125
08:00:34,91282CKF7,TSRYS5774875,D,S,T,2024-04-19,1000000.00,4.543336,97.53125
08:00:34,91282CKF7,TSRYS5774875,D,S,T,2024-04-19,1000000.00,4.543336,97.53125
08:00:34,91282CKF7,TSRYS5774875,D,S,T,2024-04-19,1000000.00,4.543336,97.53125
08:00:34,91282CKF7,TSRYS5774875,D,S,T,2024-04-19,1000000.00,4.543336,97.53125
08:00:34,91282CKF7,TSRYS5774875,D,S,T,2024-04-19,1000000.00,4.548715,97.5
08:00:38,91282CKF7,TSRYS5774875,D,S,T,2024-04-19,1000000.00,4.548715,97.5
08:00:38,91282CKF7,TSRYS5774875,D,S,T,2024-04-19,1000000.00,4.548715,97.5
08:00:38,91282CKF7,TSRYS5774875,D,S,T,2024-04-19,1000000.00,4.548715,97.5
08:00:38,91282CKF7,TSRYS5774875,D,S,T,2024-04-19,1000000.00,4.546025,97.515625
08:00:38,91282CKF7,TSRYS5774875,D,S,T,2024-04-19,1000000.00,4.548715,97.5
08:00:38,91282CKF7,TSRYS5774875,D,S,T,2024-04-19,1000000.00,4.554096,97.46875
08:00:38,91282CKF7,TSRYS5774875,D,S,T,2024-04-19,1000000.00,4.554096,97.46875
08:00:38,91282CKF7,TSRYS5774875,D,S,T,2024-04-19,1000000.00,4.554096,97.46875
08:00:38,91282CKF7,TSRYS5774875,D,S,T,2024-04-19,1000000.00,4.554096,97.46875
08:00:38,91282CKF7,TSRYS5774875,D,S,T,2024-04-19,1000000.00,4.55275,97.4765625
08:00:38,91282CKF7,TSRYS5774875,D,S,T,2024-04-19,1000000.00,4.556787,97.453125
08:00:38,91282CKF7,TSRYS5774875,D,S,T,2024-04-19,1000000.00,4.556787,97.453125
08:00:38,91282CKF7,TSRYS5774875,D,S,T,2024-04-19,1000000.00,4.551405,97.484375
08:00:38,91282CKF7,TSRYS5774875,D,S,T,2024-04-19,1000000.00,4.551405,97.484375
08:00:38,91282CKF7,TSRYS5774875,D,S,T,2024-04-19,1000000.00,4.548715,97.5
08:00:38,91282CKF7,TSRYS5774875,D,S,T,2024-04-19,1000000.00,4.551405,97.484375
08:00:38,91282CKF7,TSRYS5774875,D,S,T,2024-04-19,1000000.00,4.551405,97.484375
08:00:38,91282CKF7,TSRYS5774875,D,S,T,2024-04-19,1000000.00,4.551405,97.484375
08:00:38,91282CKF7,TSRYS5774875,D,S,T,2024-04-19,1000000.00,4.551405,97.484375
08:00:38,91282CKF7,TSRYS5774875,D,S,T,2024-04-19,1000000.00,4.554096,97.46875
08:00:38,91282CKF7,TSRYS5774875,D,S,T,2024-04-19,2000000.00,4.554096,97.46875
08:00:38,91282CKF7,TSRYS5774875,D,S,T,2024-04-19,1000000.00,4.554096,97.46875
08:00:38,91282CKF7,TSRYS5774875,D,S,T,2024-04-19,1000000.00,4.556787,97.453125
08:00:38,91282CKF7,TSRYS5774875,D,S,T,2024-04-19,1000000.00,4.551405,97.484375
08:00:38,91282CKF7,TSRYS5774875,D,S,T,2024-04-19,1000000.00,4.554096,97.46875
08:00:38,91282CKF7,TSRYS5774875,D,S,T,2024-04-19,1000000.00,4.554096,97.46875
08:00:38,91282CKF7,TSRYS5774875,D,S,T,2024-04-19,1000000.00,4.543336,97.53125
08:00:38,91282CKF7,TSRYS5774875,D,S,T,2024-04-19,1000000.00,4.540647,97.546875
08:00:38,91282CKF7,TSRYS5774875,D,S,T,2024-04-19,1000000.00,4.540647,97.546875
08:00:38,91282CKF7,TSRYS5774875,D,S,T,2024-04-19,1000000.00,4.529897,97.609375
08:00:38,91282CKF7,TSRYS5774875,D,S,T,2024-04-19,1000000.00,4.529897,97.609375
08:00:38,91282CKF7,TSRYS5774875,D,S,T,2024-04-19,1000000.00,4.532583,97.59375
08:00:38,91282CKF7,TSRYS5774875,D,S,T,2024-04-19,1000000.00,4.537622,97.564453125
08:00:38,91282CKF7,TSRYS5774875,D,S,T,2024-04-19,1000000.00,4.537958,97.5625
08:00:38,91282CKF7,TSRYS5774875,D,S,T,2024-04-19,1000000.00,4.537958,97.5625
08:00:38,91282CKF7,TSRYS5774875,D,S,T,2024-04-19,1000000.00,4.537958,97.5625
08:00:38,91282CKF7,TSRYS5774875,D,S,T,2024-04-19,1000000.00,4.540647,97.546875
08:00:38,91282CKF7,TSRYS5774875,D,S,T,2024-04-19,1000000.00,4.546025,97.515625
08:00:38,91282CKF7,TSRYS5774875,D,S,T,2024-04-19,1000000.00,4.546025,97.515625
08:00:38,91282CKF7,TSRYS5774875,D,S,T,2024-04-19,1000000.00,4.546025,97.515625
08:00:38,91282CKF7,TSRYS5774875,D,S,T,2024-04-19,1000000.00,4.54468,97.5234375
08:00:38,91282CKF7,TSRYS5774875,D,S,T,2024-04-19,1000000.00,4.54737,97.5078125
08:00:38,91282CKF7,TSRYS5774875,D,S,T,2024-04-19,1000000.00,4.548715,97.5
08:00:38,91282CKF7,TSRYS5774875,D,S,T,2024-04-19,1000000.00,4.552077,97.48046875
08:00:38,91282CKF7,TSRYS5774875,D,S,T,2024-04-19,1000000.00,4.554096,97.46875
08:00:38,91282CKF7,TSRYS5774875,D,S,T,2024-04-19,1000000.00,4.551405,97.484375
08:00:38,91282CKF7,TSRYS5774875,D,S,T,2024-04-19,1000000.00,4.549723,97.494140625
08:00:38,91282CKF7,TSRYS5774875,D,S,T,2024-04-19,1000000.00,4.551405,97.484375
08:00:38,91282CKF7,TSRYS5774875,D,S,T,2024-04-19,1000000.00,4.556787,97.453125
08:00:38,91282CKF7,TSRYS5774875,D,S,T,2024-04-19,1000000.00,4.556787,97.453125
08:00:38,91282CKF7,TSRYS5774875,D,S,T,2024-04-19,1000000.00,4.564864,97.40625
08:00:38,91282CKF7,TSRYS5774875,D,S,T,2024-04-19,1000000.00,4.564864,97.40625
08:00:38,91282CKF7,TSRYS5774875,D,S,T,2024-04-19,1000000.00,4.562171,97.421875
08:00:38,91282CKF7,TSRYS5774875,D,S,T,2024-04-19,1000000.00,4.561834,97.423828125
08:00:38,91282CKF7,TSRYS5774875,D,S,T,2024-04-19,1000000.00,4.561498,97.42578125
08:00:38,91282CKF7,TSRYS5774875,D,S,T,2024-04-19,1000000.00,4.561161,97.427734375
08:00:38,91282CKF7,TSRYS5774875,D,S,T,2024-04-19,1000000.00,4.560825,97.4296875
08:00:38,91282CKF7,TSRYS5774875,D,S,T,2024-04-19,1000000.00,4.560152,97.43359375
08:00:38,91282CKF7,TSRYS5774875,D,S,T,2024-04-19,1000000.00,4.559815,97.435546875
08:00:38,91282CKF7,TSRYS5774875,D,S,T,2024-04-19,1000000.00,4.559479,97.4375
08:00:38,91282CKF7,TSRYS5774875,D,S,T,2024-04-19,1000000.00,4.559479,97.4375
08:00:38,91282CKF7,TSRYS5774875,D,S,T,2024-04-19,1000000.00,4.559479,97.4375
08:00:38,91282CKF7,TSRYS5774875,D,S,T,2024-04-19,1000000.00,4.559479,97.4375
08:00:38,91282CKF7,TSRYS5774875,D,S,T,2024-04-19,1000000.00,4.559815,97.435546875
08:00:38,91282CKF7,TSRYS5774875,D,S,T,2024-04-19,1000000.00,4.559479,97.4375
08:00:38,91282CKF7,TSRYS5774875,D,S,T,2024-04-19,1000000.00,4.559479,97.4375
08:00:38,91282CKF7,TSRYS5774875,D,S,T,2024-04-19,1000000.00,4.559479,97.4375
08:00:38,91282CKF7,TSRYS5774875,D,S,T,2024-04-19,1000000.00,4.559479,97.4375
08:00:38,91282CKF7,TSRYS5774875,D,S,T,2024-04-19,1000000.00,4.559479,97.4375
08:00:38,91282CKF7,TSRYS5774875,D,S,T,2024-04-19,1000000.00,4.562171,97.421875
08:00:38,91282CKF7,TSRYS5774875,D,S,T,2024-04-19,1000000.00,4.562171,97.421875
08:00:38,91282CKF7,TSRYS5774875,D,S,T,2024-04-19,1000000.00,4.562171,97.421875
08:00:38,91282CKF7,TSRYS5774875,D,S,T,2024-04-19,1000000.00,4.562171,97.421875
08:00:38,91282CKF7,TSRYS5774875,D,S,T,2024-04-19,1000000.00,4.562171,97.421875
08:00:38,91282CKF7,TSRYS5774875,D,S,T,2024-04-19,1000000.00,4.564864,97.40625
08:00:38,91282CKF7,TSRYS5774875,D,S,T,2024-04-19,1000000.00,4.564864,97.40625
08:00:38,91282CKF7,TSRYS5774875,D,S,T,2024-04-19,1000000.00,4.564864,97.40625
08:00:38,91282CKF7,TSRYS5774875,D,S,T,2024-04-19,1000000.00,4.564864,97.40625
08:00:38,91282CKF7,TSRYS5774875,D,S,T,2024-04-19,1000000.00,4.564864,97.40625
08:00:38,91282CKF7,TSRYS5774875,D,S,T,2024-04-19,1000000.00,4.564864,97.40625
08:00:38,91282CKF7,TSRYS5774875,D,S,T,2024-04-19,1000000.00,4.564864,97.40625
08:00:38,91282CKF7,TSRYS5774875,D,S,T,2024-04-19,1000000.00,4.564864,97.40625
08:00:38,91282CKF7,TSRYS5774875,D,S,T,2024-04-19,1000000.00,4.564864,97.40625
08:00:38,91282CKF7,TSRYS5774875,D,S,T,2024-04-19,1000000.00,4.564864,97.40625
08:00:38,91282CKF7,TSRYS5774875,D,S,T,2024-04-19,1000000.00,4.564864,97.40625
08:00:38,91282CKF7,TSRYS5774875,D,S,T,2024-04-19,1000000.00,4.564864,97.40625
08:00:38,91282CKF7,TSRYS5774875,D,S,T,2024-04-19,1000000.00,4.564864,97.40625
08:00:38,91282CKF7,TSRYS5774875,D,S,T,2024-04-19,1000000.00,4.567557,97.390625
08:00:38,91282CKF7,TSRYS5774875,D,S,T,2024-04-19,1000000.00,4.567557,97.390625
08:00:38,91282CKF7,TSRYS5774875,D,S,T,2024-04-19,1000000.00,4.56823,97.38671875
08:00:38,91282CKF7,TSRYS5774875,D,S,T,2024-04-19,1000000.00,4.567894,97.388671875
08:00:38,91282CKF7,TSRYS5774875,D,S,T,2024-04-19,1000000.00,4.567557,97.390625
08:00:38,91282CKF7,TSRYS5774875,D,S,T,2024-04-19,1000000.00,4.564864,97.40625
08:00:38,91282CKF7,TSRYS5774875,D,S,T,2024-04-19,1000000.00,4.562171,97.421875
08:00:38,91282CKF7,TSRYS5774875,D,S,T,2024-04-19,1000000.00,4.562171,97.421875
08:00:38,91282CKF7,TSRYS5774875,D,S,T,2024-04-19,1000000.00,4.564191,97.41015625
08:00:38,91282CKF7,TSRYS5774875,D,S,T,2024-04-19,1000000.00,4.563854,97.412109375
08:00:38,91282CKF7,TSRYS5774875,D,S,T,2024-04-19,1000000.00,4.563517,97.4140625
08:00:38,91282CKF7,TSRYS5774875,D,S,T,2024-04-19,1000000.00,4.563181,97.416015625
08:00:38,91282CKF7,TSRYS5774875,D,S,T,2024-04-19,1000000.00,4.562844,97.41796875
08:00:38,91282CKF7,TSRYS5774875,D,S,T,2024-04-19,1000000.00,4.561498,97.42578125
08:00:38,91282CKF7,TSRYS5774875,D,S,T,2024-04-19,1000000.00,4.561161,97.427734375
08:00:38,91282CKF7,TSRYS5774875,D,S,T,2024-04-19,1000000.00,4.560825,97.4296875
08:00:38,91282CKF7,TSRYS5774875,D,S,T,2024-04-19,1000000.00,4.560825,97.4296875
08:00:38,91282CKF7,TSRYS5774875,D,S,T,2024-04-19,1000000.00,4.560825,97.4296875
08:00:38,91282CKF7,TSRYS5774875,D,S,T,2024-04-19,1000000.00,4.560825,97.4296875
08:00:38,91282CKF7,TSRYS5774875,D,S,T,2024-04-19,1000000.00,4.560825,97.4296875
08:00:38,91282CKF7,TSRYS5774875,D,S,T,2024-04-19,1000000.00,4.560825,97.4296875
08:00:38,91282CKF7,TSRYS5774875,D,S,T,2024-04-19,1000000.00,4.560825,97.4296875
08:00:38,91282CKF7,TSRYS5774875,D,S,T,2024-04-19,1000000.00,4.560825,97.4296875
08:00:38,91282CKF7,TSRYS5774875,D,S,T,2024-04-19,1000000.00,4.560825,97.4296875
08:00:38,91282CKF7,TSRYS5774875,D,S,T,2024-04-19,1000000.00,4.560825,97.4296875
08:00:38,91282CKF7,TSRYS5774875,D,S,T,2024-04-19,1000000.00,4.559479,97.4375
08:00:38,91282CKF7,TSRYS5774875,D,S,T,2024-04-19,1000000.00,4.559479,97.4375
08:00:38,91282CKF7,TSRYS5774875,D,S,T,2024-04-19,1000000.00,4.559479,97.4375
08:00:38,91282CKF7,TSRYS5774875,D,S,T,2024-04-19,1000000.00,4.559479,97.4375
08:00:38,91282CKF7,TSRYS5774875,D,S,T,2024-04-19,1000000.00,4.559479,97.4375
08:00:38,91282CKF7,TSRYS5774875,D,S,T,2024-04-19,1000000.00,4.548715,97.5
08:00:38,91282CKF7,TSRYS5774875,D,S,T,2024-04-19,1000000.00,4.556787,97.453125
08:00:38,91282CKF7,TSRYS5774875,D,S,T,2024-04-19,1000000.00,4.556787,97.453125
08:00:38,91282CKF7,TSRYS5774875,D,S,T,2024-04-19,1000000.00,4.559479,97.4375
08:00:38,91282CKF7,TSRYS5774875,D,S,T,2024-04-19,1000000.00,4.559479,97.4375
08:00:38,91282CKF7,TSRYS5774875,D,S,T,2024-04-19,1000000.00,4.559479,97.4375
08:00:38,91282CKF7,TSRYS5774875,D,S,T,2024-04-19,1000000.00,4.559479,97.4375
08:00:38,91282CKF7,TSRYS5774875,D,S,T,2024-04-19,1000000.00,4.559479,97.4375
08:00:38,91282CKF7,TSRYS5774875,D,S,T,2024-04-19,1000000.00,4.556787,97.453125
08:00:38,91282CKF7,TSRYS5774875,D,S,T,2024-04-19,1000000.00,4.556787,97.453125
08:00:38,91282CKF7,TSRYS5774875,D,S,T,2024-04-19,3000000.00,4.558133,97.4453125
08:00:38,91282CKF7,TSRYS5774875,D,S,T,2024-04-19,1000000.00,4.558133,97.4453125
08:00:38,91282CKF7,TSRYS5774875,D,S,T,2024-04-19,2000000.00,4.558133,97.4453125
08:00:38,91282CKF7,TSRYS5774875,D,S,T,2024-04-19,1000000.00,4.558469,97.443359375
08:00:38,91282CKF7,TSRYS5774875,D,S,T,2024-04-19,1000000.00,4.558469,97.443359375
08:00:38,91282CKF7,TSRYS5774875,D,S,T,2024-04-19,1000000.00,4.559479,97.4375
08:00:38,91282CKF7,TSRYS5774875,D,S,T,2024-04-19,1000000.00,4.559479,97.4375
08:00:38,91282CKF7,TSRYS5774875,D,S,T,2024-04-19,1000000.00,4.559479,97.4375
08:00:38,91282CKF7,TSRYS5774875,D,S,T,2024-04-19,1000000.00,4.560825,97.4296875
08:00:38,91282CKF7,TSRYS5774875,D,S,T,2024-04-19,1000000.00,4.560825,97.4296875
08:00:38,91282CKF7,TSRYS5774875,D,S,T,2024-04-19,1000000.00,4.559479,97.4375
08:00:38,91282CKF7,TSRYS5774875,D,S,T,2024-04-19,1000000.00,4.559479,97.4375
08:00:38,91282CKF7,TSRYS5774875,D,S,T,2024-04-19,1000000.00,4.559479,97.4375
08:00:38,91282CKF7,TSRYS5774875,D,S,T,2024-04-19,1000000.00,4.559815,97.435546875
08:00:38,91282CKF7,TSRYS5774875,D,S,T,2024-04-19,1000000.00,4.559479,97.4375
08:00:38,91282CKF7,TSRYS5774875,D,S,T,2024-04-19,1000000.00,4.558133,97.4453125
08:00:38,91282CKF7,TSRYS5774875,D,S,T,2024-04-19,1000000.00,4.558133,97.4453125
08:00:38,91282CKF7,TSRYS5774875,D,S,T,2024-04-19,1000000.00,4.558133,97.4453125
08:00:38,91282CKF7,TSRYS5774875,D,S,T,2024-04-19,1000000.00,4.557123,97.451171875
08:00:38,91282CKF7,TSRYS5774875,D,S,T,2024-04-19,1000000.00,4.556787,97.453125
08:00:38,91282CKF7,TSRYS5774875,D,S,T,2024-04-19,1000000.00,4.558806,97.44140625
08:00:38,91282CKF7,TSRYS5774875,D,S,T,2024-04-19,1000000.00,4.562171,97.421875
08:00:38,91282CKF7,TSRYS5774875,D,S,T,2024-04-19,1000000.00,4.562171,97.421875
08:00:38,91282CKF7,TSRYS5774875,D,S,T,2024-04-19,2000000.00,4.562171,97.421875
08:00:38,91282CKF7,TSRYS5774875,D,S,T,2024-04-19,1000000.00,4.562171,97.421875
08:00:38,91282CKF7,TSRYS5774875,D,S,T,2024-04-19,1000000.00,4.562171,97.421875
08:00:38,91282CKF7,TSRYS5774875,D,S,T,2024-04-19,1000000.00,4.562171,97.421875
08:00:38,91282CKF7,TSRYS5774875,D,S,T,2024-04-19,1000000.00,4.562171,97.421875
08:00:38,91282CKF7,TSRYS5774875,D,S,T,2024-04-19,1000000.00,4.560825,97.4296875
08:00:38,91282CKF7,TSRYS5774875,D,S,T,2024-04-19,1000000.00,4.559815,97.435546875
08:00:38,91282CKF7,TSRYS5774875,D,S,T,2024-04-19,1000000.00,4.555441,97.4609375
08:00:38,91282CKF7,TSRYS5774875,D,S,T,2024-04-19,1000000.00,4.551405,97.484375
08:00:38,91282CKF7,TSRYS5774875,D,S,T,2024-04-19,1000000.00,4.551405,97.484375
08:00:38,91282CKF7,TSRYS5774875,D,S,T,2024-04-19,1000000.00,4.546025,97.515625
08:00:38,91282CKF7,TSRYS5774875,D,S,T,2024-04-19,1000000.00,4.543336,97.53125
08:00:38,91282CKF7,TSRYS5774875,D,S,T,2024-04-19,1000000.00,4.543336,97.53125
08:00:38,91282CKF7,TSRYS5774875,D,S,T,2024-04-19,1000000.00,4.543336,97.53125
08:00:38,91282CKF7,TSRYS5774875,D,S,T,2024-04-19,1000000.00,4.543336,97.53125
08:00:38,91282CKF7,TSRYS5774875,D,S,T,2024-04-19,1000000.00,4.546025,97.515625
08:00:38,91282CKF7,TSRYS5774875,D,S,T,2024-04-19,1000000.00,4.543336,97.53125
08:00:38,91282CKF7,TSRYS5774875,D,S,T,2024-04-19,1000000.00,4.543336,97.53125
08:00:38,91282CKF7,TSRYS5774875,D,S,T,2024-04-19,1000000.00,4.540647,97.546875
08:00:38,91282CKF7,TSRYS5774875,D,S,T,2024-04-19,1000000.00,4.540647,97.546875
08:00:38,91282CKF7,TSRYS5774875,D,S,T,2024-04-19,1000000.00,4.543336,97.53125
08:00:38,91282CKF7,TSRYS5774875,D,S,T,2024-04-19,1000000.00,4.543336,97.53125
08:00:38,91282CKF7,TSRYS5774875,D,S,T,2024-04-19,1000000.00,4.548042,97.50390625
08:00:38,91282CKF7,TSRYS5774875,D,S,T,2024-04-19,1000000.00,4.548042,97.50390625
08:00:38,91282CKF7,TSRYS5774875,D,S,T,2024-04-19,1000000.00,4.551405,97.484375
08:00:38,91282CKF7,TSRYS5774875,D,S,T,2024-04-19,1000000.00,4.551405,97.484375
08:00:38,91282CKF7,TSRYS5774875,D,S,T,2024-04-19,1000000.00,4.55275,97.4765625
08:00:38,91282CKF7,TSRYS5774875,D,S,T,2024-04-19,1000000.00,4.55275,97.4765625
08:00:38,91282CKF7,TSRYS5774875,D,S,T,2024-04-19,1000000.00,4.55275,97.4765625
08:00:38,91282CKF7,TSRYS5774875,D,S,T,2024-04-19,1000000.00,4.553423,97.47265625
08:00:38,91282CKF7,TSRYS5774875,D,S,T,2024-04-19,1000000.00,4.55275,97.4765625
08:00:38,91282CKF7,TSRYS5774875,D,S,T,2024-04-19,1000000.00,4.55275,97.4765625
08:00:38,91282CKF7,TSRYS5774875,D,S,T,2024-04-19,1000000.00,4.554096,97.46875
08:00:38,91282CKF7,TSRYS5774875,D,S,T,2024-04-19,1000000.00,4.554096,97.46875
08:00:38,91282CKF7,TSRYS5774875,D,S,T,2024-04-19,1000000.00,4.554096,97.46875
08:00:38,91282CKF7,TSRYS5774875,D,S,T,2024-04-19,1000000.00,4.55275,97.4765625
08:00:38,91282CKF7,TSRYS5774875,D,S,T,2024-04-19,1000000.00,4.55275,97.4765625
08:00:38,91282CKF7,TSRYS5774875,D,S,T,2024-04-19,1000000.00,4.55275,97.4765625
08:00:38,91282CKF7,TSRYS5774875,D,S,T,2024-04-19,1000000.00,4.55275,97.4765625
08:00:38,91282CKF7,TSRYS5774875,D,S,T,2024-04-19,1000000.00,4.548715,97.5
08:00:38,91282CKF7,TSRYS5774875,D,S,T,2024-04-19,1000000.00,4.548715,97.5
08:00:38,91282CKF7,TSRYS5774875,D,S,T,2024-04-19,2000000.00,4.546697,97.51171875
08:00:38,91282CKF7,TSRYS5774875,D,S,T,2024-04-19,1000000.00,4.546697,97.51171875
08:00:38,91282CKF7,TSRYS5774875,D,S,T,2024-04-19,1000000.00,4.546697,97.51171875
08:00:38,91282CKF7,TSRYS5774875,D,S,T,2024-04-19,1000000.00,4.548715,97.5
08:00:38,91282CKF7,TSRYS5774875,D,S,T,2024-04-19,1000000.00,4.548715,97.5
08:00:38,91282CKF7,TSRYS5774875,D,S,T,2024-04-19,1000000.00,4.542663,97.53515625
08:00:38,91282CKF7,TSRYS5774875,D,S,T,2024-04-19,1000000.00,4.543336,97.53125
08:00:38,91282CKF7,TSRYS5774875,D,S,T,2024-04-19,1000000.00,4.543336,97.53125
08:00:38,91282CKF7,TSRYS5774875,D,S,T,2024-04-19,3000000.00,4.543336,97.53125
08:00:38,91282CKF7,TSRYS5774875,D,S,T,2024-04-19,1000000.00,4.545352,97.51953125
08:00:38,91282CKF7,TSRYS5774875,D,S,T,2024-04-19,2000000.00,4.545352,97.51953125
08:00:38,91282CKF7,TSRYS5774875,D,S,T,2024-04-19,2000000.00,4.545352,97.51953125
08:00:38,91282CKF7,TSRYS5774875,D,S,T,2024-04-19,1000000.00,4.540647,97.546875
08:00:38,91282CKF7,TSRYS5774875,D,S,T,2024-04-19,1000000.00,4.539303,97.5546875
08:00:38,91282CKF7,TSRYS5774875,D,S,T,2024-04-19,2000000.00,4.537286,97.56640625
08:00:38,91282CKF7,TSRYS5774875,D,S,T,2024-04-19,2000000.00,4.537286,97.56640625
08:00:38,91282CKF7,TSRYS5774875,D,S,T,2024-04-19,1000000.00,4.537958,97.5625
08:00:38,91282CKF7,TSRYS5774875,D,S,T,2024-04-19,1000000.00,4.537286,97.56640625
08:00:38,91282CKF7,TSRYS5774875,D,S,T,2024-04-19,1000000.00,4.537286,97.56640625
08:00:38,91282CKF7,TSRYS5774875,D,S,T,2024-04-19,2000000.00,4.537286,97.56640625
08:00:38,91282CKF7,TSRYS5774875,D,S,T,2024-04-19,1000000.00,4.539303,97.5546875
08:00:38,91282CKF7,TSRYS5774875,D,S,T,2024-04-19,1000000.00,4.539303,97.5546875
08:00:38,91282CKF7,TSRYS5774875,D,S,T,2024-04-19,1000000.00,4.537286,97.56640625
08:00:38,91282CKF7,TSRYS5774875,D,S,T,2024-04-19,1000000.00,4.537286,97.56640625
08:00:38,91282CKF7,TSRYS5774875,D,S,T,2024-04-19,1000000.00,4.537286,97.56640625
08:00:38,91282CKF7,TSRYS5774875,D,S,T,2024-04-19,1000000.00,4.540647,97.546875
08:00:38,91282CKF7,TSRYS5774875,D,S,T,2024-04-19,1000000.00,4.540647,97.546875
08:00:38,91282CKF7,TSRYS5774875,D,S,T,2024-04-19,1000000.00,4.540647,97.546875
08:00:38,91282CKF7,TSRYS5774875,D,S,T,2024-04-19,1000000.00,4.543336,97.53125
08:00:38,91282CKF7,TSRYS5774875,D,S,T,2024-04-19,1000000.00,4.543336,97.53125
08:00:38,91282CKF7,TSRYS5774875,D,S,T,2024-04-19,1000000.00,4.543336,97.53125
08:00:38,91282CKF7,TSRYS5774875,D,S,T,2024-04-19,1000000.00,4.535271,97.578125
08:00:38,91282CKF7,TSRYS5774875,D,S,T,2024-04-19,1000000.00,4.532583,97.59375
08:00:38,91282CKF7,TSRYS5774875,D,S,T,2024-04-19,1000000.00,4.529897,97.609375
08:00:38,91282CKF7,TSRYS5774875,D,S,T,2024-04-19,1000000.00,4.529897,97.609375
08:00:38,91282CKF7,TSRYS5774875,D,S,T,2024-04-19,1000000.00,4.529897,97.609375
08:00:38,91282CKF7,TSRYS5774875,D,S,T,2024-04-19,1000000.00,4.529897,97.609375
08:00:38,91282CKF7,TSRYS5774875,D,S,T,2024-04-19,1000000.00,4.529897,97.609375
08:00:38,91282CKF7,TSRYS5774875,D,S,T,2024-04-19,1000000.00,4.529897,97.609375
08:00:38,91282CKF7,TSRYS5774875,D,S,T,2024-04-19,1000000.00,4.535271,97.578125
08:00:38,91282CKF7,TSRYS5774875,D,S,T,2024-04-19,1000000.00,4.535271,97.578125
08:00:38,91282CKF7,TSRYS5774875,D,S,T,2024-04-19,1000000.00,4.532583,97.59375
08:00:38,91282CKF7,TSRYS5774875,D,S,T,2024-04-19,1000000.00,4.532583,97.59375
08:00:38,91282CKF7,TSRYS5774875,D,S,T,2024-04-19,1000000.00,4.52721,97.625
08:00:38,91282CKF7,TSRYS5774875,D,S,T,2024-04-19,1000000.00,4.52721,97.625
08:00:38,91282CKF7,TSRYS5774875,D,S,T,2024-04-19,1000000.00,4.524525,97.640625
08:00:38,91282CKF7,TSRYS5774875,D,S,T,2024-04-19,1000000.00,4.524525,97.640625
08:00:38,91282CKF7,TSRYS5774875,D,S,T,2024-04-19,1000000.00,4.524525,97.640625
08:00:38,91282CKF7,TSRYS5774875,D,S,T,2024-04-19,1000000.00,4.524525,97.640625
08:00:38,91282CKF7,TSRYS5774875,D,S,T,2024-04-19,1000000.00,4.52721,97.625
08:00:38,91282CKF7,TSRYS5774875,D,S,T,2024-04-19,1000000.00,4.52721,97.625
08:00:38,91282CKF7,TSRYS5774875,D,S,T,2024-04-19,1000000.00,4.52721,97.625
08:00:38,91282CKF7,TSRYS5774875,D,S,T,2024-04-19,1000000.00,4.52721,97.625
08:00:38,91282CKF7,TSRYS5774875,D,S,T,2024-04-19,1000000.00,4.52721,97.625
08:00:38,91282CKF7,TSRYS5774875,D,S,T,2024-04-19,1000000.00,4.529897,97.609375
08:00:38,91282CKF7,TSRYS5774875,D,S,T,2024-04-19,1000000.00,4.529897,97.609375
08:00:38,91282CKF7,TSRYS5774875,D,S,T,2024-04-19,1000000.00,4.532583,97.59375
08:00:38,91282CKF7,TSRYS5774875,D,S,T,2024-04-19,1000000.00,4.529897,97.609375
08:00:38,91282CKF7,TSRYS5774875,D,S,T,2024-04-19,1000000.00,4.529897,97.609375
08:00:38,91282CKF7,TSRYS5774875,D,S,T,2024-04-19,1000000.00,4.529897,97.609375
08:00:38,91282CKF7,TSRYS5774875,D,S,T,2024-04-19,1000000.00,4.529897,97.609375
08:00:38,91282CKF7,TSRYS5774875,D,S,T,2024-04-19,1000000.00,4.529897,97.609375
08:00:38,91282CKF7,TSRYS5774875,D,S,T,2024-04-19,1000000.00,4.529897,97.609375
08:00:38,91282CKF7,TSRYS5774875,D,S,T,2024-04-19,1000000.00,4.532583,97.59375
08:00:38,91282CKF7,TSRYS5774875,D,S,T,2024-04-19,1000000.00,4.537958,97.5625
08:00:38,91282CKF7,TSRYS5774875,D,S,T,2024-04-19,1000000.00,4.537958,97.5625
08:00:38,91282CKF7,TSRYS5774875,D,S,T,2024-04-19,1000000.00,4.537958,97.5625
08:00:38,91282CKF7,TSRYS5774875,D,S,T,2024-04-19,1000000.00,4.537958,97.5625
08:00:38,91282CKF7,TSRYS5774875,D,S,T,2024-04-19,2000000.00,4.535271,97.578125
08:00:38,91282CKF7,TSRYS5774875,D,S,T,2024-04-19,1000000.00,4.537958,97.5625
08:00:38,91282CKF7,TSRYS5774875,D,S,T,2024-04-19,1000000.00,4.541319,97.54296875
08:00:38,91282CKF7,TSRYS5774875,D,S,T,2024-04-19,1000000.00,4.541991,97.5390625
08:00:38,91282CKF7,TSRYS5774875,D,S,T,2024-04-19,1000000.00,4.541991,97.5390625
08:00:38,91282CKF7,TSRYS5774875,D,S,T,2024-04-19,1000000.00,4.541991,97.5390625
08:00:38,91282CKF7,TSRYS5774875,D,S,T,2024-04-19,1000000.00,4.541991,97.5390625
08:00:38,91282CKF7,TSRYS5774875,D,S,T,2024-04-19,1000000.00,4.540647,97.546875
08:00:38,91282CKF7,TSRYS5774875,D,S,T,2024-04-19,1000000.00,4.543336,97.53125
08:00:38,91282CKF7,TSRYS5774875,D,S,T,2024-04-19,1000000.00,4.543336,97.53125
08:00:38,91282CKF7,TSRYS5774875,D,S,T,2024-04-19,1000000.00,4.543336,97.53125
08:00:38,91282CKF7,TSRYS5774875,D,S,T,2024-04-19,1000000.00,4.546025,97.515625
08:00:38,91282CKF7,TSRYS5774875,D,S,T,2024-04-19,1000000.00,4.546025,97.515625
08:00:38,91282CKF7,TSRYS5774875,D,S,T,2024-04-19,1000000.00,4.546025,97.515625
08:00:38,91282CKF7,TSRYS5774875,D,S,T,2024-04-19,1000000.00,4.54468,97.5234375
08:00:38,91282CKF7,TSRYS5774875,D,S,T,2024-04-19,1000000.00,4.54468,97.5234375
08:00:38,91282CKF7,TSRYS5774875,D,S,T,2024-04-19,1000000.00,4.54468,97.5234375
08:00:38,91282CKF7,TSRYS5774875,D,S,T,2024-04-19,1000000.00,4.546025,97.515625
08:00:38,91282CKF7,TSRYS5774875,D,S,T,2024-04-19,1000000.00,4.546025,97.515625
08:00:38,91282CKF7,TSRYS5774875,D,S,T,2024-04-19,1000000.00,4.546025,97.515625
08:00:38,91282CKF7,TSRYS5774875,D,S,T,2024-04-19,1000000.00,4.546025,97.515625
08:00:38,91282CKF7,TSRYS5774875,D,S,T,2024-04-19,1000000.00,4.546025,97.515625
08:00:38,91282CKF7,TSRYS5774875,D,S,T,2024-04-19,1000000.00,4.543336,97.53125
08:00:38,91282CKF7,TSRYS5774875,D,S,T,2024-04-19,1000000.00,4.537958,97.5625
08:00:38,91282CKF7,TSRYS5774875,D,S,T,2024-04-19,1000000.00,4.543336,97.53125
08:00:38,91282CKF7,TSRYS5774875,D,S,T,2024-04-19,1000000.00,4.537958,97.5625
08:00:38,91282CKF7,TSRYS5774875,D,S,T,2024-04-19,1000000.00,4.537958,97.5625
08:00:38,91282CKF7,TSRYS5774875,D,S,T,2024-04-19,1000000.00,4.537958,97.5625
08:00:38,91282CKF7,TSRYS5774875,D,S,T,2024-04-19,1000000.00,4.537958,97.5625
08:00:38,91282CKF7,TSRYS5774875,D,S,T,2024-04-19,1000000.00,4.537958,97.5625
08:00:38,91282CKF7,TSRYS5774875,D,S,T,2024-04-19,1000000.00,4.540647,97.546875
08:00:38,91282CKF7,TSRYS5774875,D,S,T,2024-04-19,1000000.00,4.535271,97.578125
08:00:38,91282CKF7,TSRYS5774875,D,S,T,2024-04-19,1000000.00,4.535271,97.578125
08:00:38,91282CKF7,TSRYS5774875,D,S,T,2024-04-19,1000000.00,4.529897,97.609375
08:00:38,91282CKF7,TSRYS5774875,D,S,T,2024-04-19,1000000.00,4.529897,97.609375
08:00:38,91282CKF7,TSRYS5774875,D,S,T,2024-04-19,1000000.00,4.529897,97.609375
08:00:38,91282CKF7,TSRYS5774875,D,S,T,2024-04-19,1000000.00,4.529897,97.609375
08:00:38,91282CKF7,TSRYS5774875,D,S,T,2024-04-19,1000000.00,4.529897,97.609375
08:00:38,91282CKF7,TSRYS5774875,D,S,T,2024-04-19,1000000.00,4.529897,97.609375
08:00:38,91282CKF7,TSRYS5774875,D,S,T,2024-04-19,1000000.00,4.529897,97.609375
08:00:38,91282CKF7,TSRYS5774875,D,S,T,2024-04-19,1000000.00,4.529897,97.609375
08:00:38,91282CKF7,TSRYS5774875,D,S,T,2024-04-19,1000000.00,4.532583,97.59375
08:00:38,91282CKF7,TSRYS5774875,D,S,T,2024-04-19,1000000.00,4.540647,97.546875
08:00:38,91282CKF7,TSRYS5774875,D,S,T,2024-04-19,1000000.00,4.540647,97.546875
08:00:38,91282CKF7,TSRYS5774875,D,S,T,2024-04-19,1000000.00,4.543336,97.53125
08:00:38,91282CKF7,TSRYS5774875,D,S,T,2024-04-19,1000000.00,4.543336,97.53125
08:00:38,91282CKF7,TSRYS5774875,D,S,T,2024-04-19,1000000.00,4.540647,97.546875
08:00:38,91282CKF7,TSRYS5774875,D,S,T,2024-04-19,1000000.00,4.540647,97.546875
08:00:38,91282CKF7,TSRYS5774875,D,S,T,2024-04-19,1000000.00,4.540647,97.546875
08:00:38,91282CKF7,TSRYS5774875,D,S,T,2024-04-19,1000000.00,4.540647,97.546875
08:00:38,91282CKF7,TSRYS5774875,D,S,T,2024-04-19,1000000.00,4.540647,97.546875
08:00:38,91282CKF7,TSRYS5774875,D,S,T,2024-04-19,1000000.00,4.540647,97.546875
08:00:38,91282CKF7,TSRYS5774875,D,S,T,2024-04-19,1000000.00,4.540647,97.546875
08:00:38,91282CKF7,TSRYS5774875,D,S,T,2024-04-19,1000000.00,4.537622,97.564453125
08:00:38,91282CKF7,TSRYS5774875,D,S,T,2024-04-19,1000000.00,4.535271,97.578125
08:00:38,91282CKF7,TSRYS5774875,D,S,T,2024-04-19,1000000.00,4.535271,97.578125
08:00:38,91282CKF7,TSRYS5774875,D,S,T,2024-04-19,1000000.00,4.529897,97.609375
08:00:38,91282CKF7,TSRYS5774875,D,S,T,2024-04-19,1000000.00,4.529897,97.609375
08:00:38,91282CKF7,TSRYS5774875,D,S,T,2024-04-19,1000000.00,4.529897,97.609375
08:00:38,91282CKF7,TSRYS5774875,D,S,T,2024-04-19,1000000.00,4.529897,97.609375
08:00:38,91282CKF7,TSRYS5774875,D,S,T,2024-04-19,1000000.00,4.529897,97.609375
08:00:38,91282CKF7,TSRYS5774875,D,S,T,2024-04-19,1000000.00,4.529897,97.609375
08:00:38,91282CKF7,TSRYS5774875,D,S,T,2024-04-19,1000000.00,4.529897,97.609375
08:00:38,91282CKF7,TSRYS5774875,D,S,T,2024-04-19,1000000.00,4.529897,97.609375
08:00:38,91282CKF7,TSRYS5774875,D,S,T,2024-04-19,1000000.00,4.529897,97.609375
08:00:38,91282CKF7,TSRYS5774875,D,S,T,2024-04-19,1000000.00,4.529897,97.609375
08:00:38,91282CKF7,TSRYS5774875,D,S,T,2024-04-19,1000000.00,4.52721,97.625
08:00:38,91282CKF7,TSRYS5774875,D,S,T,2024-04-19,1000000.00,4.521839,97.65625
08:00:38,91282CKF7,TSRYS5774875,D,S,T,2024-04-19,1000000.00,4.521839,97.65625
08:00:38,91282CKF7,TSRYS5774875,D,S,T,2024-04-19,1000000.00,4.521839,97.65625
08:00:38,91282CKF7,TSRYS5774875,D,S,T,2024-04-19,1000000.00,4.521839,97.65625
08:00:38,91282CKF7,TSRYS5774875,D,S,T,2024-04-19,1000000.00,4.521839,97.65625
08:00:38,91282CKF7,TSRYS5774875,D,S,T,2024-04-19,1000000.00,4.521839,97.65625
08:00:38,91282CKF7,TSRYS5774875,D,S,T,2024-04-19,1000000.00,4.521839,97.65625
08:00:38,91282CKF7,TSRYS5774875,D,S,T,2024-04-19,1000000.00,4.521839,97.65625
08:00:38,91282CKF7,TSRYS5774875,D,S,T,2024-04-19,1000000.00,4.521839,97.65625
08:00:38,91282CKF7,TSRYS5774875,D,S,T,2024-04-19,1000000.00,4.521839,97.65625
08:00:38,91282CKF7,TSRYS5774875,D,S,T,2024-04-19,1000000.00,4.519155,97.671875
08:00:38,91282CKF7,TSRYS5774875,D,S,T,2024-04-19,1000000.00,4.51647,97.6875
08:00:38,91282CKF7,TSRYS5774875,D,S,T,2024-04-19,1000000.00,4.524525,97.640625
08:00:38,91282CKF7,TSRYS5774875,D,S,T,2024-04-19,1000000.00,4.521839,97.65625
08:00:38,91282CKF7,TSRYS5774875,D,S,T,2024-04-19,1000000.00,4.521839,97.65625
08:00:38,91282CKF7,TSRYS5774875,D,S,T,2024-04-19,1000000.00,4.521839,97.65625
08:00:38,91282CKF7,TSRYS5774875,D,S,T,2024-04-19,1000000.00,4.521839,97.65625
08:00:38,91282CKF7,TSRYS5774875,D,S,T,2024-04-19,1000000.00,4.52721,97.625
08:00:38,91282CKF7,TSRYS5774875,D,S,T,2024-04-19,1000000.00,4.52721,97.625
08:00:38,91282CKF7,TSRYS5774875,D,S,T,2024-04-19,1000000.00,4.52721,97.625
08:00:38,91282CKF7,TSRYS5774875,D,S,T,2024-04-19,1000000.00,4.52721,97.625
08:00:38,91282CKF7,TSRYS5774875,D,S,T,2024-04-19,1000000.00,4.529897,97.609375
08:00:38,91282CKF7,TSRYS5774875,D,S,T,2024-04-19,1000000.00,4.529897,97.609375
08:00:38,91282CKF7,TSRYS5774875,D,S,T,2024-04-19,1000000.00,4.529897,97.609375
08:00:38,91282CKF7,TSRYS5774875,D,S,T,2024-04-19,1000000.00,4.529897,97.609375
08:00:38,91282CKF7,TSRYS5774875,D,S,T,2024-04-19,1000000.00,4.525867,97.6328125
08:00:38,91282CKF7,TSRYS5774875,D,S,T,2024-04-19,1000000.00,4.52721,97.625
08:00:38,91282CKF7,TSRYS5774875,D,S,T,2024-04-19,1000000.00,4.52721,97.625
08:00:38,91282CKF7,TSRYS5774875,D,S,T,2024-04-19,1000000.00,4.529897,97.609375
08:00:38,91282CKF7,TSRYS5774875,D,S,T,2024-04-19,1000000.00,4.529897,97.609375
08:00:38,91282CKF7,TSRYS5774875,D,S,T,2024-04-19,1000000.00,4.530568,97.60546875
08:00:38,91282CKF7,TSRYS5774875,D,S,T,2024-04-19,1000000.00,4.532583,97.59375
08:00:38,91282CKF7,TSRYS5774875,D,S,T,2024-04-19,1000000.00,4.537622,97.564453125
08:00:38,91282CKF7,TSRYS5774875,D,S,T,2024-04-19,1000000.00,4.540647,97.546875
08:00:38,91282CKF7,TSRYS5774875,D,S,T,2024-04-19,1000000.00,4.540647,97.546875
08:00:38,91282CKF7,TSRYS5774875,D,S,T,2024-04-19,1000000.00,4.540647,97.546875
08:00:38,91282CKF7,TSRYS5774875,D,S,T,2024-04-19,1000000.00,4.540647,97.546875
08:00:38,91282CKF7,TSRYS5774875,D,S,T,2024-04-19,1000000.00,4.540647,97.546875
08:00:38,91282CKF7,TSRYS5774875,D,S,T,2024-04-19,1000000.00,4.540647,97.546875
08:00:38,91282CKF7,TSRYS5774875,D,S,T,2024-04-19,1000000.00,4.540647,97.546875
08:00:38,91282CKF7,TSRYS5774875,D,S,T,2024-04-19,1000000.00,4.540647,97.546875
08:00:38,91282CKF7,TSRYS5774875,D,S,T,2024-04-19,1000000.00,4.540647,97.546875
08:00:38,91282CKF7,TSRYS5774875,D,S,T,2024-04-19,1000000.00,4.543336,97.53125
08:00:38,91282CKF7,TSRYS5774875,D,S,T,2024-04-19,1000000.00,4.543336,97.53125
08:00:38,91282CKF7,TSRYS5774875,D,S,T,2024-04-19,1000000.00,4.543336,97.53125
08:00:38,91282CKF7,TSRYS5774875,D,S,T,2024-04-19,1000000.00,4.540647,97.546875
08:00:38,91282CKF7,TSRYS5774875,D,S,T,2024-04-19,1000000.00,4.546025,97.515625
08:00:38,91282CKF7,TSRYS5774875,D,S,T,2024-04-19,1000000.00,4.546025,97.515625
08:00:38,91282CKF7,TSRYS5774875,D,S,T,2024-04-19,1000000.00,4.546025,97.515625
08:00:38,91282CKF7,TSRYS5774875,D,S,T,2024-04-19,1000000.00,4.548715,97.5
08:00:38,91282CKF7,TSRYS5774875,D,S,T,2024-04-19,1000000.00,4.548715,97.5
08:00:38,91282CKF7,TSRYS5774875,D,S,T,2024-04-19,1000000.00,4.551405,97.484375
08:00:38,91282CKF7,TSRYS5774875,D,S,T,2024-04-19,1000000.00,4.551405,97.484375
08:00:38,91282CKF7,TSRYS5774875,D,S,T,2024-04-19,1000000.00,4.549723,97.494140625
08:00:38,91282CKF7,TSRYS5774875,D,S,T,2024-04-19,1000000.00,4.549723,97.494140625
08:00:38,91282CKF7,TSRYS5774875,D,S,T,2024-04-19,1000000.00,4.55006,97.4921875
08:00:38,91282CKF7,TSRYS5774875,D,S,T,2024-04-19,1000000.00,4.549387,97.49609375
08:00:38,91282CKF7,TSRYS5774875,D,S,T,2024-04-19,1000000.00,4.549723,97.494140625
08:00:38,91282CKF7,TSRYS5774875,D,S,T,2024-04-19,1000000.00,4.549387,97.49609375
08:00:38,91282CKF7,TSRYS5774875,D,S,T,2024-04-19,1000000.00,4.549051,97.498046875
08:00:38,91282CKF7,TSRYS5774875,D,S,T,2024-04-19,1000000.00,4.549387,97.49609375
08:00:38,91282CKF7,TSRYS5774875,D,S,T,2024-04-19,1000000.00,4.549387,97.49609375
08:00:38,91282CKF7,TSRYS5774875,D,S,T,2024-04-19,1000000.00,4.549051,97.498046875
08:00:38,91282CKF7,TSRYS5774875,D,S,T,2024-04-19,1000000.00,4.548715,97.5
08:00:38,91282CKF7,TSRYS5774875,D,S,T,2024-04-19,1000000.00,4.548715,97.5
08:00:38,91282CKF7,TSRYS5774875,D,S,T,2024-04-19,1000000.00,4.548715,97.5
08:00:38,91282CKF7,TSRYS5774875,D,S,T,2024-04-19,1000000.00,4.548715,97.5
08:00:38,91282CKF7,TSRYS5774875,D,S,T,2024-04-19,1000000.00,4.548715,97.5
08:00:38,91282CKF7,TSRYS5774875,D,S,T,2024-04-19,1000000.00,4.548715,97.5
08:00:38,91282CKF7,TSRYS5774875,D,S,T,2024-04-19,1000000.00,4.548715,97.5
08:00:38,91282CKF7,TSRYS5774875,D,S,T,2024-04-19,1000000.00,4.548715,97.5
08:00:38,91282CKF7,TSRYS5774875,D,S,T,2024-04-19,1000000.00,4.548715,97.5
08:00:38,91282CKF7,TSRYS5774875,D,S,T,2024-04-19,1000000.00,4.549051,97.498046875
08:00:38,91282CKF7,TSRYS5774875,D,S,T,2024-04-19,1000000.00,4.548715,97.5
08:00:38,91282CKF7,TSRYS5774875,D,S,T,2024-04-19,1000000.00,4.548715,97.5
08:00:38,91282CKF7,TSRYS5774875,D,S,T,2024-04-19,1000000.00,4.554096,97.46875
08:00:38,91282CKF7,TSRYS5774875,D,S,T,2024-04-19,1000000.00,4.554096,97.46875
08:00:38,91282CKF7,TSRYS5774875,D,S,T,2024-04-19,1000000.00,4.555778,97.458984375
08:00:38,91282CKF7,TSRYS5774875,D,S,T,2024-04-19,1000000.00,4.556787,97.453125
08:00:38,91282CKF7,TSRYS5774875,D,S,T,2024-04-19,1000000.00,4.556787,97.453125
08:00:38,91282CKF7,TSRYS5774875,D,S,T,2024-04-19,1000000.00,4.554096,97.46875
08:00:38,91282CKF7,TSRYS5774875,D,S,T,2024-04-19,1000000.00,4.553423,97.47265625
08:00:38,91282CKF7,TSRYS5774875,D,S,T,2024-04-19,1000000.00,4.554096,97.46875
08:00:38,91282CKF7,TSRYS5774875,D,S,T,2024-04-19,1000000.00,4.554096,97.46875
08:00:38,91282CKF7,TSRYS5774875,D,S,T,2024-04-19,1000000.00,4.554096,97.46875
08:00:38,91282CKF7,TSRYS5774875,D,S,T,2024-04-19,1000000.00,4.556114,97.45703125
08:00:38,91282CKF7,TSRYS5774875,D,S,T,2024-04-19,1000000.00,4.556787,97.453125
08:00:38,91282CKF7,TSRYS5774875,D,S,T,2024-04-19,1000000.00,4.556787,97.453125
08:00:38,91282CKF7,TSRYS5774875,D,S,T,2024-04-19,1000000.00,4.556787,97.453125
08:00:38,91282CKF7,TSRYS5774875,D,S,T,2024-04-19,1000000.00,4.562171,97.421875
08:00:38,91282CKF7,TSRYS5774875,D,S,T,2024-04-19,1000000.00,4.562171,97.421875
08:00:38,91282CKF7,TSRYS5774875,D,S,T,2024-04-19,1000000.00,4.564864,97.40625
08:00:38,91282CKF7,TSRYS5774875,D,S,T,2024-04-19,1000000.00,4.566547,97.396484375
08:00:38,91282CKF7,TSRYS5774875,D,S,T,2024-04-19,1000000.00,4.568567,97.384765625
08:00:38,91282CKF7,TSRYS5774875,D,S,T,2024-04-19,1000000.00,4.564191,97.41015625
08:00:38,91282CKF7,TSRYS5774875,D,S,T,2024-04-19,1000000.00,4.563517,97.4140625
08:00:38,91282CKF7,TSRYS5774875,D,S,T,2024-04-19,1000000.00,4.562171,97.421875
08:00:38,91282CKF7,TSRYS5774875,D,S,T,2024-04-19,1000000.00,4.559479,97.4375
08:00:38,91282CKF7,TSRYS5774875,D,S,T,2024-04-19,1000000.00,4.556787,97.453125
08:00:38,91282CKF7,TSRYS5774875,D,S,T,2024-04-19,1000000.00,4.559479,97.4375
08:00:38,91282CKF7,TSRYS5774875,D,S,T,2024-04-19,1000000.00,4.559479,97.4375
08:00:38,91282CKF7,TSRYS5774875,D,S,T,2024-04-19,1000000.00,4.559479,97.4375
08:00:38,91282CKF7,TSRYS5774875,D,S,T,2024-04-19,1000000.00,4.559479,97.4375
08:00:38,91282CKF7,TSRYS5774875,D,S,T,2024-04-19,1000000.00,4.562171,97.421875
08:00:38,91282CKF7,TSRYS5774875,D,S,T,2024-04-19,1000000.00,4.562171,97.421875
08:00:38,91282CKF7,TSRYS5774875,D,S,T,2024-04-19,1000000.00,4.562171,97.421875
08:00:38,91282CKF7,TSRYS5774875,D,S,T,2024-04-19,1000000.00,4.562171,97.421875
08:00:38,91282CKF7,TSRYS5774875,D,S,T,2024-04-19,1000000.00,4.564527,97.408203125
08:00:38,91282CKF7,TSRYS5774875,D,S,T,2024-04-19,1000000.00,4.566547,97.396484375
08:00:38,91282CKF7,TSRYS5774875,D,S,T,2024-04-19,1000000.00,4.570251,97.375
08:00:38,91282CKF7,TSRYS5774875,D,S,T,2024-04-19,1000000.00,4.570251,97.375
08:00:38,91282CKF7,TSRYS5774875,D,S,T,2024-04-19,1000000.00,4.572945,97.359375
08:00:38,91282CKF7,TSRYS5774875,D,S,T,2024-04-19,1000000.00,4.573282,97.357421875
08:00:38,91282CKF7,TSRYS5774875,D,S,T,2024-04-19,1000000.00,4.572945,97.359375
08:00:38,91282CKF7,TSRYS5774875,D,S,T,2024-04-19,1000000.00,4.572945,97.359375
08:00:38,91282CKF7,TSRYS5774875,D,S,T,2024-04-19,1000000.00,4.573282,97.357421875
08:00:38,91282CKF7,TSRYS5774875,D,S,T,2024-04-19,1000000.00,4.574293,97.3515625
08:00:38,91282CKF7,TSRYS5774875,D,S,T,2024-04-19,1000000.00,4.574293,97.3515625
08:00:38,91282CKF7,TSRYS5774875,D,S,T,2024-04-19,1000000.00,4.572945,97.359375
08:00:38,91282CKF7,TSRYS5774875,D,S,T,2024-04-19,1000000.00,4.57564,97.34375
08:00:38,91282CKF7,TSRYS5774875,D,S,T,2024-04-19,1000000.00,4.57564,97.34375
08:00:38,91282CKF7,TSRYS5774875,D,S,T,2024-04-19,1000000.00,4.57564,97.34375
08:00:38,91282CKF7,TSRYS5774875,D,S,T,2024-04-19,1000000.00,4.57564,97.34375
08:00:38,91282CKF7,TSRYS5774875,D,S,T,2024-04-19,1000000.00,4.57564,97.34375
08:00:38,91282CKF7,TSRYS5774875,D,S,T,2024-04-19,1000000.00,4.572945,97.359375
08:00:38,91282CKF7,TSRYS5774875,D,S,T,2024-04-19,1000000.00,4.572945,97.359375
08:00:38,91282CKF7,TSRYS5774875,D,S,T,2024-04-19,1000000.00,4.573282,97.357421875
08:00:38,91282CKF7,TSRYS5774875,D,S,T,2024-04-19,1000000.00,4.574293,97.3515625
08:00:38,91282CKF7,TSRYS5774875,D,S,C,2024-04-19,1000000.00,4.57564,97.34375
08:00:38,91282CKF7,TSRYS5774875,D,S,T,2024-04-19,1000000.00,4.568904,97.3828125
08:00:38,91282CKF7,TSRYS5774875,D,S,T,2024-04-19,1000000.00,4.568904,97.3828125
08:00:38,91282CKF7,TSRYS5774875,D,S,T,2024-04-19,1000000.00,4.567557,97.390625
08:00:38,91282CKF7,TSRYS5774875,D,S,T,2024-04-19,1000000.00,4.572945,97.359375
08:00:38,91282CKF7,TSRYS5774875,D,S,T,2024-04-19,1000000.00,4.570251,97.375
08:00:38,91282CKF7,TSRYS5774875,D,S,T,2024-04-19,1000000.00,4.572945,97.359375
08:00:38,91282CKF7,TSRYS5774875,D,S,T,2024-04-19,1000000.00,4.572945,97.359375
08:00:38,91282CKF7,TSRYS5774875,D,S,T,2024-04-19,1000000.00,4.573282,97.357421875
08:00:38,91282CKF7,TSRYS5774875,D,S,T,2024-04-19,1000000.00,4.568567,97.384765625
08:00:38,91282CKF7,TSRYS5774875,D,S,T,2024-04-19,1000000.00,4.570251,97.375
08:00:38,91282CKF7,TSRYS5774875,D,S,T,2024-04-19,1000000.00,4.568567,97.384765625
08:00:38,91282CKF7,TSRYS5774875,D,S,T,2024-04-19,1000000.00,4.570924,97.37109375
08:00:38,91282CKF7,TSRYS5774875,D,S,T,2024-04-19,1000000.00,4.570924,97.37109375
08:00:38,91282CKF7,TSRYS5774875,D,S,T,2024-04-19,1000000.00,4.573282,97.357421875
08:00:38,91282CKF7,TSRYS5774875,D,S,T,2024-04-19,1000000.00,4.573282,97.357421875
08:00:38,91282CKF7,TSRYS5774875,D,S,T,2024-04-19,1000000.00,4.573282,97.357421875
08:00:38,91282CKF7,TSRYS5774875,D,S,T,2024-04-19,1000000.00,4.573282,97.357421875
08:00:38,91282CKF7,TSRYS5774875,D,S,T,2024-04-19,1000000.00,4.573282,97.357421875
08:00:38,91282CKF7,TSRYS5774875,D,S,T,2024-04-19,1000000.00,4.576988,97.3359375
08:00:38,91282CKF7,TSRYS5774875,D,S,T,2024-04-19,1000000.00,4.576988,97.3359375
08:00:38,91282CKF7,TSRYS5774875,D,S,T,2024-04-19,1000000.00,4.577325,97.333984375
08:00:38,91282CKF7,TSRYS5774875,D,S,T,2024-04-19,1000000.00,4.57564,97.34375
08:00:38,91282CKF7,TSRYS5774875,D,S,T,2024-04-19,1000000.00,4.578335,97.328125
08:00:38,91282CKF7,TSRYS5774875,D,S,T,2024-04-19,1000000.00,4.578335,97.328125
08:00:38,91282CKF7,TSRYS5774875,D,S,T,2024-04-19,1000000.00,4.578335,97.328125
08:00:38,91282CKF7,TSRYS5774875,D,S,T,2024-04-19,1000000.00,4.578335,97.328125
08:00:38,91282CKF7,TSRYS5774875,D,S,T,2024-04-19,1000000.00,4.578335,97.328125
08:00:38,91282CKF7,TSRYS5774875,D,S,T,2024-04-19,1000000.00,4.578335,97.328125
08:00:38,91282CKF7,TSRYS5774875,D,S,T,2024-04-19,1000000.00,4.578335,97.328125
08:00:38,91282CKF7,TSRYS5774875,D,S,T,2024-04-19,1000000.00,4.578335,97.328125
08:00:38,91282CKF7,TSRYS5774875,D,S,T,2024-04-19,1000000.00,4.578335,97.328125
08:00:38,91282CKF7,TSRYS5774875,D,S,T,2024-04-19,1000000.00,4.581031,97.3125
08:00:38,91282CKF7,TSRYS5774875,D,S,T,2024-04-19,1000000.00,4.581031,97.3125
08:00:38,91282CKF7,TSRYS5774875,D,S,T,2024-04-19,1000000.00,4.57564,97.34375
08:00:38,91282CKF7,TSRYS5774875,D,S,T,2024-04-19,1000000.00,4.57564,97.34375
08:00:38,91282CKF7,TSRYS5774875,D,S,T,2024-04-19,1000000.00,4.57564,97.34375
08:00:38,91282CKF7,TSRYS5774875,D,S,T,2024-04-19,1000000.00,4.57564,97.34375
08:00:38,91282CKF7,TSRYS5774875,D,S,T,2024-04-19,1000000.00,4.57564,97.34375
08:00:38,91282CKF7,TSRYS5774875,D,S,T,2024-04-19,1000000.00,4.57564,97.34375
08:00:38,91282CKF7,TSRYS5774875,D,S,T,2024-04-19,1000000.00,4.57564,97.34375
08:00:38,91282CKF7,TSRYS5774875,D,S,T,2024-04-19,1000000.00,4.57564,97.34375
08:00:38,91282CKF7,TSRYS5774875,D,S,T,2024-04-19,1000000.00,4.57564,97.34375
08:00:38,91282CKF7,TSRYS5774875,D,S,T,2024-04-19,1000000.00,4.57564,97.34375
08:00:38,91282CKF7,TSRYS5774875,D,S,T,2024-04-19,1000000.00,4.57564,97.34375
08:00:38,91282CKF7,TSRYS5774875,D,S,T,2024-04-19,1000000.00,4.57564,97.34375
08:00:38,91282CKF7,TSRYS5774875,D,S,T,2024-04-19,1000000.00,4.57564,97.34375
08:00:38,91282CKF7,TSRYS5774875,D,S,T,2024-04-19,1000000.00,4.57564,97.34375
08:00:38,91282CKF7,TSRYS5774875,D,S,T,2024-04-19,1000000.00,4.586424,97.28125
08:00:38,91282CKF7,TSRYS5774875,D,S,T,2024-04-19,1000000.00,4.586424,97.28125
08:00:38,91282CKF7,TSRYS5774875,D,S,T,2024-04-19,1000000.00,4.589122,97.265625
08:00:38,91282CKF7,TSRYS5774875,D,S,T,2024-04-19,1000000.00,4.591819,97.25
08:00:38,91282CKF7,TSRYS5774875,D,S,T,2024-04-19,1000000.00,4.593169,97.2421875
08:00:38,91282CKF7,TSRYS5774875,D,S,T,2024-04-19,1000000.00,4.589122,97.265625
08:00:38,91282CKF7,TSRYS5774875,D,S,T,2024-04-19,1000000.00,4.589122,97.265625
08:00:38,91282CKF7,TSRYS5774875,D,S,T,2024-04-19,1000000.00,4.583727,97.296875
08:00:38,91282CKF7,TSRYS5774875,D,S,T,2024-04-19,1000000.00,4.578335,97.328125
08:00:38,91282CKF7,TSRYS5774875,D,S,T,2024-04-19,1000000.00,4.578335,97.328125
08:00:38,91282CKF7,TSRYS5774875,D,S,T,2024-04-19,1000000.00,4.578335,97.328125
08:00:38,91282CKF7,TSRYS5774875,D,S,T,2024-04-19,1000000.00,4.578335,97.328125
08:00:38,91282CKF7,TSRYS5774875,D,S,C,2024-04-19,1000000.00,4.57564,97.34375
08:00:38,91282CKF7,TSRYS5774875,D,S,C,2024-04-19,1000000.00,4.57564,97.34375
08:00:38,91282CKF7,TSRYS5774875,D,S,T,2024-04-19,1000000.00,4.583727,97.296875
08:00:38,91282CKF7,TSRYS5774875,D,S,T,2024-04-19,1000000.00,4.581031,97.3125
08:00:38,91282CKF7,TSRYS5774875,D,S,T,2024-04-19,1000000.00,4.581031,97.3125
08:00:38,91282CKF7,TSRYS5774875,D,S,T,2024-04-19,1000000.00,4.581031,97.3125
08:00:38,91282CKF7,TSRYS5774875,D,S,T,2024-04-19,1000000.00,4.581031,97.3125
08:00:38,91282CKF7,TSRYS5774875,D,S,T,2024-04-19,1000000.00,4.581031,97.3125
08:00:38,91282CKF7,TSRYS5774875,D,S,T,2024-04-19,1000000.00,4.581031,97.3125
08:00:38,91282CKF7,TSRYS5774875,D,S,T,2024-04-19,1000000.00,4.581031,97.3125
08:00:38,91282CKF7,TSRYS5774875,D,S,T,2024-04-19,1000000.00,4.581031,97.3125
08:00:38,91282CKF7,TSRYS5774875,D,S,T,2024-04-19,2000000.00,4.581031,97.3125
08:00:38,91282CKF7,TSRYS5774875,D,S,T,2024-04-19,1000000.00,4.581031,97.3125
08:00:38,91282CKF7,TSRYS5774875,D,S,T,2024-04-19,1000000.00,4.581031,97.3125
08:00:38,91282CKF7,TSRYS5774875,D,S,T,2024-04-19,1000000.00,4.57564,97.34375
08:00:38,91282CKF7,TSRYS5774875,D,S,T,2024-04-19,1000000.00,4.586424,97.28125
08:00:38,91282CKF7,TSRYS5774875,D,S,T,2024-04-19,1000000.00,4.587436,97.275390625
08:00:38,91282CKF7,TSRYS5774875,D,S,T,2024-04-19,1000000.00,4.581031,97.3125
08:00:38,91282CKF7,TSRYS5774875,D,S,T,2024-04-19,1000000.00,4.581031,97.3125
08:00:38,91282CKF7,TSRYS5774875,D,S,T,2024-04-19,1000000.00,4.581031,97.3125
08:00:38,91282CKF7,TSRYS5774875,D,S,T,2024-04-19,1000000.00,4.581031,97.3125
08:00:38,91282CKF7,TSRYS5774875,D,S,T,2024-04-19,1000000.00,4.57564,97.34375
08:00:38,91282CKF7,TSRYS5774875,D,S,T,2024-04-19,1000000.00,4.570251,97.375
08:00:38,91282CKF7,TSRYS5774875,D,S,T,2024-04-19,1000000.00,4.569577,97.37890625
08:00:38,91282CKF7,TSRYS5774875,D,S,T,2024-04-19,1000000.00,4.573282,97.357421875
08:00:38,91282CKF7,TSRYS5774875,D,S,T,2024-04-19,1000000.00,4.57564,97.34375
08:00:38,91282CKF7,TSRYS5774875,D,S,T,2024-04-19,1000000.00,4.578335,97.328125
08:00:38,91282CKF7,TSRYS5774875,D,S,T,2024-04-19,1000000.00,4.578335,97.328125
08:00:38,91282CKF7,TSRYS5774875,D,S,T,2024-04-19,1000000.00,4.57564,97.34375
08:00:38,91282CKF7,TSRYS5774875,D,S,T,2024-04-19,1000000.00,4.57564,97.34375
08:00:38,91282CKF7,TSRYS5774875,D,S,T,2024-04-19,1000000.00,4.57564,97.34375
08:00:38,91282CKF7,TSRYS5774875,D,S,T,2024-04-19,1000000.00,4.579346,97.322265625
08:00:38,91282CKF7,TSRYS5774875,D,S,T,2024-04-19,1000000.00,4.580357,97.31640625
08:00:38,91282CKF7,TSRYS5774875,D,S,T,2024-04-19,1000000.00,4.58002,97.318359375
08:00:38,91282CKF7,TSRYS5774875,D,S,T,2024-04-19,1000000.00,4.583727,97.296875
08:00:38,91282CKF7,TSRYS5774875,D,S,T,2024-04-19,6000000.00,4.583727,97.296875
08:00:38,91282CKF7,TSRYS5774875,D,S,T,2024-04-19,1000000.00,4.586424,97.28125
08:00:38,91282CKF7,TSRYS5774875,D,S,T,2024-04-19,1000000.00,4.586424,97.28125
08:00:38,91282CKF7,TSRYS5774875,D,S,T,2024-04-19,1000000.00,4.586424,97.28125
08:00:38,91282CKF7,TSRYS5774875,D,S,T,2024-04-19,1000000.00,4.583727,97.296875
08:00:38,91282CKF7,TSRYS5774875,D,S,T,2024-04-19,1000000.00,4.587773,97.2734375
08:00:38,91282CKF7,TSRYS5774875,D,S,T,2024-04-19,1000000.00,4.586424,97.28125
08:00:38,91282CKF7,TSRYS5774875,D,S,T,2024-04-19,1000000.00,4.578335,97.328125
08:00:38,91282CKF7,TSRYS5774875,D,S,T,2024-04-19,1000000.00,4.578335,97.328125
08:00:38,91282CKF7,TSRYS5774875,D,S,T,2024-04-19,1000000.00,4.578335,97.328125
08:00:38,91282CKF7,TSRYS5774875,D,S,T,2024-04-19,1000000.00,4.57564,97.34375
08:00:38,91282CKF7,TSRYS5774875,D,S,T,2024-04-19,1000000.00,4.57564,97.34375
08:00:38,91282CKF7,TSRYS5774875,D,S,T,2024-04-19,1000000.00,4.57564,97.34375
08:00:38,91282CKF7,TSRYS5774875,D,S,T,2024-04-19,1000000.00,4.57564,97.34375
08:00:38,91282CKF7,TSRYS5774875,D,S,T,2024-04-19,1000000.00,4.57564,97.34375
08:00:38,91282CKF7,TSRYS5774875,D,S,T,2024-04-19,1000000.00,4.57564,97.34375
08:00:38,91282CKF7,TSRYS5774875,D,S,T,2024-04-19,1000000.00,4.57564,97.34375
08:00:38,91282CKF7,TSRYS5774875,D,S,T,2024-04-19,1000000.00,4.57564,97.34375
08:00:38,91282CKF7,TSRYS5774875,D,S,T,2024-04-19,1000000.00,4.57564,97.34375
08:00:38,91282CKF7,TSRYS5774875,D,S,T,2024-04-19,1000000.00,4.570251,97.375
08:00:38,91282CKF7,TSRYS5774875,D,S,T,2024-04-19,1000000.00,4.57564,97.34375
08:00:38,91282CKF7,TSRYS5774875,D,S,T,2024-04-19,1000000.00,4.57564,97.34375
08:00:38,91282CKF7,TSRYS5774875,D,S,T,2024-04-19,1000000.00,4.573619,97.35546875
08:00:38,91282CKF7,TSRYS5774875,D,S,T,2024-04-19,1000000.00,4.571598,97.3671875
08:00:38,91282CKF7,TSRYS5774875,D,S,T,2024-04-19,1000000.00,4.57564,97.34375
08:00:38,91282CKF7,TSRYS5774875,D,S,T,2024-04-19,1000000.00,4.57564,97.34375
08:00:38,91282CKF7,TSRYS5774875,D,S,T,2024-04-19,1000000.00,4.57564,97.34375
08:00:38,91282CKF7,TSRYS5774875,D,S,T,2024-04-19,1000000.00,4.578335,97.328125
08:00:38,91282CKF7,TSRYS5774875,D,S,T,2024-04-19,1000000.00,4.578335,97.328125
08:00:38,91282CKF7,TSRYS5774875,D,S,T,2024-04-19,1000000.00,4.578672,97.326171875
08:00:38,91282CKF7,TSRYS5774875,D,S,T,2024-04-19,1000000.00,4.57564,97.34375
08:00:38,91282CKF7,TSRYS5774875,D,S,T,2024-04-19,1000000.00,4.578335,97.328125
08:00:38,91282CKF7,TSRYS5774875,D,S,T,2024-04-19,1000000.00,4.578335,97.328125
08:00:38,91282CKF7,TSRYS5774875,D,S,T,2024-04-19,1000000.00,4.581031,97.3125
08:00:38,91282CKF7,TSRYS5774875,D,S,T,2024-04-19,1000000.00,4.593169,97.2421875
08:00:38,91282CKF7,TSRYS5774875,D,S,T,2024-04-19,1000000.00,4.593169,97.2421875
08:00:38,91282CKF7,TSRYS5774875,D,S,T,2024-04-19,1000000.00,4.594518,97.234375
08:00:38,91282CKF7,TSRYS5774875,D,S,T,2024-04-19,1000000.00,4.590808,97.255859375
08:00:38,91282CKF7,TSRYS5774875,D,S,T,2024-04-19,1000000.00,4.589122,97.265625
08:00:38,91282CKF7,TSRYS5774875,D,S,T,2024-04-19,1000000.00,4.589796,97.26171875
08:00:38,91282CKF7,TSRYS5774875,D,S,T,2024-04-19,1000000.00,4.591819,97.25
08:00:38,91282CKF7,TSRYS5774875,D,S,T,2024-04-19,1000000.00,4.591819,97.25
08:00:38,91282CKF7,TSRYS5774875,D,S,T,2024-04-19,1000000.00,4.591819,97.25
08:00:38,91282CKF7,TSRYS5774875,D,S,T,2024-04-19,1000000.00,4.590471,97.2578125
08:00:38,91282CKF7,TSRYS5774875,D,S,T,2024-04-19,1000000.00,4.589122,97.265625
08:00:38,91282CKF7,TSRYS5774875,D,S,T,2024-04-19,2000000.00,4.589122,97.265625
08:00:38,91282CKF7,TSRYS5774875,D,S,T,2024-04-19,1000000.00,4.585076,97.2890625
08:00:38,91282CKF7,TSRYS5774875,D,S,T,2024-04-19,1000000.00,4.586424,97.28125
08:00:38,91282CKF7,TSRYS5774875,D,S,T,2024-04-19,1000000.00,4.586424,97.28125
08:00:38,91282CKF7,TSRYS5774875,D,S,T,2024-04-19,1000000.00,4.583727,97.296875
08:00:38,91282CKF7,TSRYS5774875,D,S,T,2024-04-19,1000000.00,4.589122,97.265625
08:00:38,91282CKF7,TSRYS5774875,D,S,T,2024-04-19,1000000.00,4.596205,97.224609375
08:00:38,91282CKF7,TSRYS5774875,D,S,T,2024-04-19,1000000.00,4.596205,97.224609375
08:00:38,91282CKF7,TSRYS5774875,D,S,T,2024-04-19,1000000.00,4.593506,97.240234375
08:00:38,91282CKF7,TSRYS5774875,D,S,T,2024-04-19,1000000.00,4.599916,97.203125
08:00:38,91282CKF7,TSRYS5774875,D,S,C,2024-04-19,1000000.00,4.57564,97.34375
08:00:38,91282CKF7,TSRYS5774875,D,S,C,2024-04-19,1000000.00,4.57564,97.34375
08:00:38,91282CKF7,TSRYS5774875,D,S,C,2024-04-19,1000000.00,4.57564,97.34375
08:00:38,91282CKF7,TSRYS5774875,D,S,T,2024-04-19,1000000.00,4.605991,97.16796875
08:00:38,91282CKF7,TSRYS5774875,D,S,T,2024-04-19,1000000.00,4.605316,97.171875
08:00:38,91282CKF7,TSRYS5774875,D,S,T,2024-04-19,1000000.00,4.597217,97.21875
08:00:38,91282CKF7,TSRYS5774875,D,S,T,2024-04-19,1000000.00,4.594518,97.234375
08:00:38,91282CKF7,TSRYS5774875,D,S,T,2024-04-19,1000000.00,4.599916,97.203125
08:00:38,91282CKF7,TSRYS5774875,D,S,T,2024-04-19,1000000.00,4.605316,97.171875
08:00:38,91282CKF7,TSRYS5774875,D,S,T,2024-04-19,1000000.00,4.605316,97.171875
08:00:38,91282CKF7,TSRYS5774875,D,S,T,2024-04-19,1000000.00,4.605316,97.171875
08:00:38,91282CKF7,TSRYS5774875,D,S,T,2024-04-19,1000000.00,4.605316,97.171875
08:00:38,91282CKF7,TSRYS5774875,D,S,T,2024-04-19,1000000.00,4.605316,97.171875
08:00:38,91282CKF7,TSRYS5774875,D,S,T,2024-04-19,1000000.00,4.605316,97.171875
08:00:38,91282CKF7,TSRYS5774875,D,S,T,2024-04-19,1000000.00,4.608017,97.15625
08:00:38,91282CKF7,TSRYS5774875,D,S,T,2024-04-19,1000000.00,4.608017,97.15625
08:00:38,91282CKF7,TSRYS5774875,D,S,T,2024-04-19,1000000.00,4.605316,97.171875
08:00:38,91282CKF7,TSRYS5774875,D,S,T,2024-04-19,1000000.00,4.602616,97.1875
08:00:38,91282CKF7,TSRYS5774875,D,S,T,2024-04-19,1000000.00,4.602616,97.1875
08:00:38,91282CKF7,TSRYS5774875,D,S,T,2024-04-19,1000000.00,4.603629,97.181640625
08:00:38,91282CKF7,TSRYS5774875,D,S,T,2024-04-19,1000000.00,4.605654,97.169921875
08:00:38,91282CKF7,TSRYS5774875,D,S,T,2024-04-19,1000000.00,4.605991,97.16796875
08:00:38,91282CKF7,TSRYS5774875,D,S,T,2024-04-19,1000000.00,4.605316,97.171875
08:00:38,91282CKF7,TSRYS5774875,D,S,T,2024-04-19,2000000.00,4.605316,97.171875
08:00:38,91282CKF7,TSRYS5774875,D,S,T,2024-04-19,1000000.00,4.605316,97.171875
08:00:38,91282CKF7,TSRYS5774875,D,S,T,2024-04-19,1000000.00,4.610719,97.140625
08:00:38,91282CKF7,TSRYS5774875,D,S,T,2024-04-19,1000000.00,4.610719,97.140625
08:00:38,91282CKF7,TSRYS5774875,D,S,T,2024-04-19,1000000.00,4.610719,97.140625
08:00:38,91282CKF7,TSRYS5774875,D,S,T,2024-04-19,1000000.00,4.610719,97.140625
08:00:38,91282CKF7,TSRYS5774875,D,S,T,2024-04-19,1000000.00,4.611732,97.134765625
08:00:38,91282CKF7,TSRYS5774875,D,S,T,2024-04-19,1000000.00,4.610719,97.140625
08:00:38,91282CKF7,TSRYS5774875,D,S,T,2024-04-19,1000000.00,4.610719,97.140625
08:00:38,91282CKF7,TSRYS5774875,D,S,T,2024-04-19,1000000.00,4.608017,97.15625
08:00:38,91282CKF7,TSRYS5774875,D,S,T,2024-04-19,1000000.00,4.608017,97.15625
08:00:38,91282CKF7,TSRYS5774875,D,S,T,2024-04-19,2000000.00,4.605316,97.171875
08:00:38,91282CKF7,TSRYS5774875,D,S,T,2024-04-19,1000000.00,4.605316,97.171875
08:00:38,91282CKF7,TSRYS5774875,D,S,T,2024-04-19,1000000.00,4.605316,97.171875
08:00:38,91282CKF7,TSRYS5774875,D,S,T,2024-04-19,1000000.00,4.605316,97.171875
08:00:38,91282CKF7,TSRYS5774875,D,S,T,2024-04-19,1000000.00,4.605316,97.171875
08:00:38,91282CKF7,TSRYS5774875,D,S,T,2024-04-19,1000000.00,4.605316,97.171875
08:00:38,91282CKF7,TSRYS5774875,D,S,T,2024-04-19,1000000.00,4.605316,97.171875
08:00:38,91282CKF7,TSRYS5774875,D,S,T,2024-04-19,1000000.00,4.605316,97.171875
08:00:38,91282CKF7,TSRYS5774875,D,S,T,2024-04-19,1000000.00,4.605316,97.171875
08:00:38,91282CKF7,TSRYS5774875,D,S,T,2024-04-19,2000000.00,4.605316,97.171875
08:00:38,91282CKF7,TSRYS5774875,D,S,T,2024-04-19,1000000.00,4.608017,97.15625
08:00:38,91282CKF7,TSRYS5774875,D,S,T,2024-04-19,1000000.00,4.608017,97.15625
08:00:38,91282CKF7,TSRYS5774875,D,S,T,2024-04-19,1000000.00,4.608017,97.15625
08:00:38,91282CKF7,TSRYS5774875,D,S,T,2024-04-19,1000000.00,4.608017,97.15625
08:00:38,91282CKF7,TSRYS5774875,D,S,T,2024-04-19,1000000.00,4.608017,97.15625
08:00:38,91282CKF7,TSRYS5774875,D,S,T,2024-04-19,1000000.00,4.616123,97.109375
08:00:38,91282CKF7,TSRYS5774875,D,S,T,2024-04-19,1000000.00,4.621529,97.078125
08:00:38,91282CKF7,TSRYS5774875,D,S,T,2024-04-19,1000000.00,4.621529,97.078125
08:00:38,91282CKF7,TSRYS5774875,D,S,T,2024-04-19,1000000.00,4.621867,97.076171875
08:00:38,91282CKF7,TSRYS5774875,D,S,T,2024-04-19,1000000.00,4.621867,97.076171875
08:00:38,91282CKF7,TSRYS5774875,D,S,T,2024-04-19,1000000.00,4.626938,97.046875
08:00:38,91282CKF7,TSRYS5774875,D,S,C,2024-04-19,1000000.00,4.570251,97.375
08:00:38,91282CKF7,TSRYS5774875,D,S,C,2024-04-19,1000000.00,4.570251,97.375
08:00:38,91282CKF7,TSRYS5774875,D,S,T,2024-04-19,1000000.00,4.629643,97.03125
08:00:38,91282CKF7,TSRYS5774875,D,S,T,2024-04-19,1000000.00,4.629643,97.03125
08:00:38,91282CKF7,TSRYS5774875,D,S,T,2024-04-19,1000000.00,4.629981,97.029296875
08:00:38,91282CKF7,TSRYS5774875,D,S,T,2024-04-19,1000000.00,4.629643,97.03125
08:00:38,91282CKF7,TSRYS5774875,D,S,T,2024-04-19,1000000.00,4.629643,97.03125
08:00:38,91282CKF7,TSRYS5774875,D,S,T,2024-04-19,1000000.00,4.624233,97.0625
08:00:38,91282CKF7,TSRYS5774875,D,S,C,2024-04-19,1000000.00,4.570251,97.375
08:00:38,91282CKF7,TSRYS5774875,D,S,C,2024-04-19,1000000.00,4.570251,97.375
08:00:38,91282CKF7,TSRYS5774875,D,S,C,2024-04-19,1000000.00,4.570251,97.375
08:00:38,91282CKF7,TSRYS5774875,D,S,C,2024-04-19,1000000.00,4.570251,97.375
08:00:38,91282CKF7,TSRYS5774875,D,S,C,2024-04-19,1000000.00,4.570251,97.375
08:00:38,91282CKF7,TSRYS5774875,D,S,T,2024-04-19,1000000.00,4.618826,97.09375
08:00:38,91282CKF7,TSRYS5774875,D,S,T,2024-04-19,1000000.00,4.616123,97.109375
08:00:38,91282CKF7,TSRYS5774875,D,S,T,2024-04-19,1000000.00,4.61342,97.125
08:00:38,91282CKF7,TSRYS5774875,D,S,T,2024-04-19,1000000.00,4.618488,97.095703125
08:00:38,91282CKF7,TSRYS5774875,D,S,T,2024-04-19,1000000.00,4.61984,97.087890625
08:00:38,91282CKF7,TSRYS5774875,D,S,C,2024-04-19,1000000.00,4.570251,97.375
08:00:38,91282CKF7,TSRYS5774875,D,S,C,2024-04-19,1000000.00,4.570251,97.375
08:00:38,91282CKF7,TSRYS5774875,D,S,T,2024-04-19,1000000.00,4.624233,97.0625
08:00:38,91282CKF7,TSRYS5774875,D,S,T,2024-04-19,1000000.00,4.624233,97.0625
08:00:38,91282CKF7,TSRYS5774875,D,S,T,2024-04-19,1000000.00,4.621529,97.078125
08:00:38,91282CKF7,TSRYS5774875,D,S,T,2024-04-19,1000000.00,4.618826,97.09375
08:00:38,91282CKF7,TSRYS5774875,D,S,T,2024-04-19,1000000.00,4.618826,97.09375
08:00:38,91282CKF7,TSRYS5774875,D,S,T,2024-04-19,1000000.00,4.61342,97.125
08:00:38,91282CKF7,TSRYS5774875,D,S,T,2024-04-19,1000000.00,4.61342,97.125
08:00:38,91282CKF7,TSRYS5774875,D,S,C,2024-04-19,1000000.00,4.570251,97.375
08:00:38,91282CKF7,TSRYS5774875,D,S,C,2024-04-19,1000000.00,4.570251,97.375
08:00:38,91282CKF7,TSRYS5774875,D,S,T,2024-04-19,1000000.00,4.61342,97.125
08:00:38,91282CKF7,TSRYS5774875,D,S,T,2024-04-19,1000000.00,4.616123,97.109375
08:00:38,91282CKF7,TSRYS5774875,D,S,T,2024-04-19,1000000.00,4.616123,97.109375
08:00:38,91282CKF7,TSRYS5774875,D,S,T,2024-04-19,1000000.00,4.615785,97.111328125
08:00:38,91282CKF7,TSRYS5774875,D,S,T,2024-04-19,1000000.00,4.61342,97.125
08:00:38,91282CKF7,TSRYS5774875,D,S,T,2024-04-19,1000000.00,4.61342,97.125
08:00:38,91282CKF7,TSRYS5774875,D,S,T,2024-04-19,1000000.00,4.612069,97.1328125
08:00:38,91282CKF7,TSRYS5774875,D,S,T,2024-04-19,1000000.00,4.615785,97.111328125
08:00:38,91282CKF7,TSRYS5774875,D,S,T,2024-04-19,1000000.00,4.605316,97.171875
08:00:38,91282CKF7,TSRYS5774875,D,S,T,2024-04-19,1000000.00,4.602953,97.185546875
08:00:38,91282CKF7,TSRYS5774875,D,S,T,2024-04-19,1000000.00,4.603629,97.181640625
08:00:38,91282CKF7,TSRYS5774875,D,S,T,2024-04-19,1000000.00,4.605316,97.171875
08:00:38,91282CKF7,TSRYS5774875,D,S,T,2024-04-19,1000000.00,4.605316,97.171875
08:00:38,91282CKF7,TSRYS5774875,D,S,T,2024-04-19,1000000.00,4.605316,97.171875
08:00:38,91282CKF7,TSRYS5774875,D,S,T,2024-04-19,1000000.00,4.605316,97.171875
08:00:38,91282CKF7,TSRYS5774875,D,S,T,2024-04-19,2000000.00,4.605991,97.16796875
08:00:38,91282CKF7,TSRYS5774875,D,S,T,2024-04-19,1000000.00,4.608017,97.15625
08:00:38,91282CKF7,TSRYS5774875,D,S,T,2024-04-19,1000000.00,4.608355,97.154296875
08:00:38,91282CKF7,TSRYS5774875,D,S,T,2024-04-19,1000000.00,4.605316,97.171875
08:00:38,91282CKF7,TSRYS5774875,D,S,T,2024-04-19,1000000.00,4.605316,97.171875
08:00:38,91282CKF7,TSRYS5774875,D,S,T,2024-04-19,1000000.00,4.605316,97.171875
08:00:38,91282CKF7,TSRYS5774875,D,S,T,2024-04-19,2000000.00,4.605316,97.171875
08:00:38,91282CKF7,TSRYS5774875,D,S,T,2024-04-19,1000000.00,4.605316,97.171875
08:00:38,91282CKF7,TSRYS5774875,D,S,T,2024-04-19,1000000.00,4.605316,97.171875
08:00:38,91282CKF7,TSRYS5774875,D,S,T,2024-04-19,1000000.00,4.602616,97.1875
08:00:38,91282CKF7,TSRYS5774875,D,S,T,2024-04-19,1000000.00,4.605316,97.171875
08:00:38,91282CKF7,TSRYS5774875,D,S,T,2024-04-19,1000000.00,4.597217,97.21875
08:00:38,91282CKF7,TSRYS5774875,D,S,T,2024-04-19,1000000.00,4.594518,97.234375
08:00:38,91282CKF7,TSRYS5774875,D,S,T,2024-04-19,1000000.00,4.599916,97.203125
08:00:38,91282CKF7,TSRYS5774875,D,S,T,2024-04-19,1000000.00,4.601603,97.193359375
08:00:38,91282CKF7,TSRYS5774875,D,S,T,2024-04-19,1000000.00,4.602616,97.1875
08:00:38,91282CKF7,TSRYS5774875,D,S,T,2024-04-19,1000000.00,4.602616,97.1875
08:00:38,91282CKF7,TSRYS5774875,D,S,T,2024-04-19,1000000.00,4.594518,97.234375
08:00:38,91282CKF7,TSRYS5774875,D,S,T,2024-04-19,1000000.00,4.595867,97.2265625
08:00:38,91282CKF7,TSRYS5774875,D,S,T,2024-04-19,1000000.00,4.597217,97.21875
08:00:38,91282CKF7,TSRYS5774875,D,S,T,2024-04-19,1000000.00,4.597217,97.21875
08:00:38,91282CKF7,TSRYS5774875,D,S,T,2024-04-19,1000000.00,4.597217,97.21875
08:00:38,91282CKF7,TSRYS5774875,D,S,T,2024-04-19,1000000.00,4.597217,97.21875
08:00:38,91282CKF7,TSRYS5774875,D,S,T,2024-04-19,1000000.00,4.597217,97.21875
08:00:38,91282CKF7,TSRYS5774875,D,S,T,2024-04-19,1000000.00,4.597217,97.21875
08:00:38,91282CKF7,TSRYS5774875,D,S,T,2024-04-19,1000000.00,4.597217,97.21875
08:00:38,91282CKF7,TSRYS5774875,D,S,T,2024-04-19,1000000.00,4.597217,97.21875
08:00:38,91282CKF7,TSRYS5774875,D,S,T,2024-04-19,1000000.00,4.597217,97.21875
08:00:38,91282CKF7,TSRYS5774875,D,S,T,2024-04-19,1000000.00,4.597217,97.21875
08:00:38,91282CKF7,TSRYS5774875,D,S,T,2024-04-19,1000000.00,4.602616,97.1875
08:00:38,91282CKF7,TSRYS5774875,D,S,T,2024-04-19,1000000.00,4.602616,97.1875
08:00:38,91282CKF7,TSRYS5774875,D,S,T,2024-04-19,1000000.00,4.602616,97.1875
08:00:38,91282CKF7,TSRYS5774875,D,S,D,2024-04-19,2000000.00,4.603966,97.1796875
08:00:38,91282CKF7,TSRYS5774875,D,S,T,2024-04-19,1000000.00,4.605316,97.171875
08:00:38,91282CKF7,TSRYS5774875,D,S,T,2024-04-19,1000000.00,4.605991,97.16796875
08:00:38,91282CKF7,TSRYS5774875,D,S,T,2024-04-19,1000000.00,4.608355,97.154296875
08:00:38,91282CKF7,TSRYS5774875,D,S,T,2024-04-19,1000000.00,4.615785,97.111328125
08:00:38,91282CKF7,TSRYS5774875,D,S,T,2024-04-19,1000000.00,4.616123,97.109375
08:00:38,91282CKF7,TSRYS5774875,D,S,T,2024-04-19,1000000.00,4.616123,97.109375
08:00:38,91282CKF7,TSRYS5774875,D,S,T,2024-04-19,1000000.00,4.616123,97.109375
08:00:38,91282CKF7,TSRYS5774875,D,S,T,2024-04-19,1000000.00,4.616123,97.109375
08:00:38,91282CKF7,TSRYS5774875,D,S,T,2024-04-19,1000000.00,4.616123,97.109375
08:00:38,91282CKF7,TSRYS5774875,D,S,T,2024-04-19,1000000.00,4.616123,97.109375
08:00:38,91282CKF7,TSRYS5774875,D,S,T,2024-04-19,1000000.00,4.616123,97.109375
08:00:38,91282CKF7,TSRYS5774875,D,S,T,2024-04-19,1000000.00,4.61815,97.09765625
08:00:38,91282CKF7,TSRYS5774875,D,S,T,2024-04-19,1000000.00,4.616123,97.109375
08:00:38,91282CKF7,TSRYS5774875,D,S,T,2024-04-19,1000000.00,4.615785,97.111328125
08:00:38,91282CKF7,TSRYS5774875,D,S,T,2024-04-19,1000000.00,4.61815,97.09765625
08:00:38,91282CKF7,TSRYS5774875,D,S,T,2024-04-19,1000000.00,4.621529,97.078125
08:00:38,91282CKF7,TSRYS5774875,D,S,T,2024-04-19,1000000.00,4.624571,97.060546875
08:00:38,91282CKF7,TSRYS5774875,D,S,T,2024-04-19,1000000.00,4.621529,97.078125
08:00:38,91282CKF7,TSRYS5774875,D,S,T,2024-04-19,2000000.00,4.625585,97.0546875
08:00:38,91282CKF7,TSRYS5774875,D,S,T,2024-04-19,1000000.00,4.624909,97.05859375
08:00:38,91282CKF7,TSRYS5774875,D,S,D,2024-04-19,1000000.00,4.624909,97.05859375
08:00:38,91282CKF7,TSRYS5774875,D,S,T,2024-04-19,1000000.00,4.624233,97.0625
08:00:38,91282CKF7,TSRYS5774875,D,S,T,2024-04-19,1000000.00,4.623219,97.068359375
08:00:38,91282CKF7,TSRYS5774875,D,S,T,2024-04-19,1000000.00,4.624233,97.0625
08:00:38,91282CKF7,TSRYS5774875,D,S,T,2024-04-19,1000000.00,4.624909,97.05859375
08:00:38,91282CKF7,TSRYS5774875,D,S,T,2024-04-19,2000000.00,4.625585,97.0546875
08:00:38,91282CKF7,TSRYS5774875,D,S,T,2024-04-19,1000000.00,4.626938,97.046875
08:00:38,91282CKF7,TSRYS5774875,D,S,T,2024-04-19,1000000.00,4.626938,97.046875
08:00:38,91282CKF7,TSRYS5774875,D,S,T,2024-04-19,2000000.00,4.625585,97.0546875
08:00:38,91282CKF7,TSRYS5774875,D,S,T,2024-04-19,1000000.00,4.629643,97.03125
08:00:38,91282CKF7,TSRYS5774875,D,S,T,2024-04-19,1000000.00,4.630657,97.025390625
08:00:38,91282CKF7,TSRYS5774875,D,S,T,2024-04-19,1000000.00,4.632348,97.015625
08:00:38,91282CKF7,TSRYS5774875,D,S,T,2024-04-19,2000000.00,4.630319,97.02734375
08:00:38,91282CKF7,TSRYS5774875,D,S,T,2024-04-19,3000000.00,4.630319,97.02734375
08:00:38,91282CKF7,TSRYS5774875,D,S,T,2024-04-19,2000000.00,4.630319,97.02734375
08:00:38,91282CKF7,TSRYS5774875,D,S,T,2024-04-19,2000000.00,4.630319,97.02734375
08:00:38,91282CKF7,TSRYS5774875,D,S,T,2024-04-19,1000000.00,4.628628,97.037109375
08:00:38,91282CKF7,TSRYS5774875,D,S,T,2024-04-19,1000000.00,4.629643,97.03125
08:00:38,91282CKF7,TSRYS5774875,D,S,T,2024-04-19,1000000.00,4.629643,97.03125
08:00:38,91282CKF7,TSRYS5774875,D,S,T,2024-04-19,1000000.00,4.633701,97.0078125
08:00:38,91282CKF7,TSRYS5774875,D,S,T,2024-04-19,1000000.00,4.629643,97.03125
08:00:38,91282CKF7,TSRYS5774875,D,S,T,2024-04-19,1000000.00,4.629643,97.03125
08:00:38,91282CKF7,TSRYS5774875,D,S,T,2024-04-19,1000000.00,4.629643,97.03125
08:00:38,91282CKF7,TSRYS5774875,D,S,T,2024-04-19,1000000.00,4.629643,97.03125
08:00:38,91282CKF7,TSRYS5774875,D,S,D,2024-04-19,1000000.00,4.65943,96.859375
08:00:38,91282CKF7,TSRYS5774875,D,S,D,2024-04-19,1000000.00,4.65672,96.875
08:00:38,91282CKF7,TSRYS5774875,D,S,D,2024-04-19,1000000.00,4.642159,96.958984375
08:00:38,91282CKF7,TSRYS5774875,D,S,D,2024-04-19,1000000.00,4.58002,97.318359375
08:00:38,91282CKF7,TSRYS5774875,D,S,D,2024-04-19,1000000.00,4.579683,97.3203125
08:00:38,91282CKF7,TSRYS5774875,D,S,D,2024-04-19,1000000.00,4.577325,97.333984375
08:00:38,91282CKF7,TSRYS5774875,D,S,D,2024-04-19,1000000.00,4.576988,97.3359375
08:00:38,91282CKF7,TSRYS5774875,D,S,D,2024-04-19,1000000.00,4.576651,97.337890625
08:00:38,91282CKF7,TSRYS5774875,D,S,D,2024-04-19,1000000.00,4.576314,97.33984375
08:00:38,91282CKF7,TSRYS5774875,D,S,D,2024-04-19,1000000.00,4.575977,97.341796875
08:00:38,91282CKF7,TSRYS5774875,D,S,D,2024-04-19,1000000.00,4.57564,97.34375
08:00:38,91282CKF7,TSRYS5774875,D,S,D,2024-04-19,1000000.00,4.570251,97.375
08:00:38,91282CKF7,TSRYS5774875,D,S,D,2024-04-19,1000000.00,4.570251,97.375
08:00:38,91282CKF7,TSRYS5774875,D,S,D,2024-04-19,1000000.00,4.570251,97.375
08:00:38,91282CKF7,TSRYS5774875,D,S,D,2024-04-19,1000000.00,4.570251,97.375
08:00:38,91282CKF7,TSRYS5774875,D,S,D,2024-04-19,1000000.00,4.570251,97.375
08:00:38,91282CKF7,TSRYS5774875,D,S,D,2024-04-19,1000000.00,4.570251,97.375
08:00:38,91282CKF7,TSRYS5774875,D,S,D,2024-04-19,1000000.00,4.570251,97.375
08:00:38,91282CKF7,TSRYS5774875,D,S,D,2024-04-19,1000000.00,4.570251,97.375
08:00:38,91282CKF7,TSRYS5774875,D,S,D,2024-04-19,1000000.00,4.570251,97.375
08:00:38,91282CKF7,TSRYS5774875,D,S,D,2024-04-19,1000000.00,4.570251,97.375
08:00:38,91282CKF7,TSRYS5774875,D,S,D,2024-04-19,1000000.00,4.570251,97.375
08:00:38,91282CKF7,TSRYS5774875,D,S,D,2024-04-19,1000000.00,4.570251,97.375
08:00:38,91282CKF7,TSRYS5774875,D,S,D,2024-04-19,1000000.00,4.570251,97.375
08:00:38,91282CKF7,TSRYS5774875,D,S,D,2024-04-19,1000000.00,4.570251,97.375
08:00:38,91282CKF7,TSRYS5774875,D,S,D,2024-04-19,1000000.00,4.570251,97.375
08:00:38,91282CKF7,TSRYS5774875,D,S,D,2024-04-19,1000000.00,4.570251,97.375
08:00:38,91282CKF7,TSRYS5774875,D,S,D,2024-04-19,1000000.00,4.570251,97.375
08:00:38,91282CKF7,TSRYS5774875,D,S,D,2024-04-19,1000000.00,4.570251,97.375
08:00:38,91282CKF7,TSRYS5774875,D,S,D,2024-04-19,1000000.00,4.570251,97.375
08:00:38,91282CKF7,TSRYS5774875,D,S,D,2024-04-19,1000000.00,4.557123,97.451171875
08:00:38,91282CKF7,TSRYS5774875,D,S,D,2024-04-19,1000000.00,4.557123,97.451171875
08:00:38,91282CKF7,TSRYS5774875,D,S,D,2024-04-19,1000000.00,4.556787,97.453125
08:00:38,91282CKF7,TSRYS5774875,D,S,D,2024-04-19,1000000.00,4.546025,97.515625
08:00:38,91282CKF7,TSRYS5774875,D,S,D,2024-04-19,1000000.00,4.55275,97.4765625
08:00:38,91282CKF7,TSRYS5774875,D,S,D,2024-04-19,1000000.00,4.570251,97.375
08:00:38,91282CKF7,TSRYS5774875,D,S,D,2024-04-19,1000000.00,4.574293,97.3515625
08:00:38,91282CKF7,TSRYS5774875,D,S,D,2024-04-19,1000000.00,4.574293,97.3515625
08:00:38,91282CKF7,TSRYS5774875,D,S,D,2024-04-19,1000000.00,4.570588,97.373046875
08:00:38,91282CKF7,TSRYS5774875,D,S,D,2024-04-19,1000000.00,4.579346,97.322265625
08:00:38,91282CKF7,TSRYS5774875,D,S,D,2024-04-19,1000000.00,4.578335,97.328125
08:00:38,91282CKF7,TSRYS5774875,D,S,D,2024-04-19,1000000.00,4.575303,97.345703125
08:00:38,91282CKF7,TSRYS5774875,D,S,D,2024-04-19,1000000.00,4.615447,97.11328125
08:00:38,91282CKF7,TSRYS5774875,D,S,D,2024-04-19,1000000.00,4.616123,97.109375
08:00:38,91282CKF7,TSRYS5774875,D,S,D,2024-04-19,1000000.00,4.616799,97.10546875
08:00:38,91282CKF7,TSRYS5774875,D,S,D,2024-04-19,1000000.00,4.619502,97.08984375
08:00:38,91282CKF7,TSRYS5774875,D,S,D,2024-04-19,1000000.00,4.602953,97.185546875
08:00:38,91282CKF7,TSRYS5774875,D,S,D,2024-04-19,1000000.00,4.602278,97.189453125
08:00:38,91282CKF7,TSRYS5774875,D,S,D,2024-04-19,1000000.00,4.624909,97.05859375
08:00:38,91282CKF7,TSRYS5774875,D,S,D,2024-04-19,1000000.00,4.624233,97.0625
08:00:38,91282CKF7,TSRYS5774875,D,S,D,2024-04-19,2000000.00,4.620853,97.08203125
08:00:38,91282CKF7,TSRYS5774875,D,S,D,2024-04-19,2000000.00,4.623557,97.06640625
08:00:38,91282CKF7,TSRYS5774875,D,S,D,2024-04-19,2000000.00,4.623219,97.068359375
08:00:38,91282CKF7,TSRYS5774875,D,S,D,2024-04-19,1000000.00,4.627952,97.041015625
08:00:38,91282CKF7,TSRYS5774875,D,S,D,2024-04-19,2000000.00,4.62829,97.0390625
08:00:38,91282CKF7,TSRYS5774875,D,S,D,2024-04-19,1000000.00,4.642159,96.958984375
08:00:38,91282CKF7,TSRYS5774875,D,S,D,2024-04-19,1000000.00,4.642159,96.958984375
08:00:38,91282CKF7,TSRYS5774875,D,S,D,2024-04-19,1000000.00,4.642159,96.958984375
08:00:39,91282CKF7,TSRYS5774875,D,S,D,2024-04-19,1000000.00,4.537958,97.5625
08:00:39,91282CKF7,TSRYS5774875,D,S,D,2024-04-19,1000000.00,4.537622,97.564453125
08:00:39,91282CKF7,TSRYS5774875,D,S,D,2024-04-19,1000000.00,4.548042,97.50390625
08:00:39,91282CKF7,TSRYS5774875,D,S,D,2024-04-19,1000000.00,4.548042,97.50390625
08:00:39,91282CKF7,TSRYS5774875,D,S,D,2024-04-19,1000000.00,4.548042,97.50390625
08:00:39,91282CKF7,TSRYS5774875,D,S,D,2024-04-19,1000000.00,4.548042,97.50390625
08:00:39,91282CKF7,TSRYS5774875,D,S,D,2024-04-19,1000000.00,4.559479,97.4375
08:00:39,91282CKF7,TSRYS5774875,D,S,D,2024-04-19,1000000.00,4.559815,97.435546875
08:00:39,91282CKF7,TSRYS5774875,D,S,D,2024-04-19,1000000.00,4.565537,97.40234375
08:00:39,91282CKF7,TSRYS5774875,D,S,D,2024-04-19,1000000.00,4.573956,97.353515625
08:00:39,91282CKF7,TSRYS5774875,D,S,D,2024-04-19,1000000.00,4.573956,97.353515625
08:00:39,91282CKF7,TSRYS5774875,D,S,D,2024-04-19,1000000.00,4.581368,97.310546875
08:00:39,91282CKF7,TSRYS5774875,D,S,D,2024-04-19,1000000.00,4.584065,97.294921875
08:00:39,91282CKF7,TSRYS5774875,D,S,D,2024-04-19,1000000.00,4.575977,97.341796875
08:00:39,91282CKF7,TSRYS5774875,D,S,D,2024-04-19,1000000.00,4.58339,97.298828125
08:00:39,91282CKF7,TSRYS5774875,D,S,D,2024-04-19,1000000.00,4.590808,97.255859375
08:00:39,91282CKF7,TSRYS5774875,D,S,D,2024-04-19,1000000.00,4.590808,97.255859375
08:00:39,91282CKF7,TSRYS5774875,D,S,D,2024-04-19,1000000.00,4.593169,97.2421875
08:00:39,91282CKF7,TSRYS5774875,D,S,D,2024-04-19,1000000.00,4.593169,97.2421875
08:00:39,91282CKF7,TSRYS5774875,D,S,D,2024-04-19,2000000.00,4.593169,97.2421875
08:00:39,91282CKF7,TSRYS5774875,D,S,D,2024-04-19,1000000.00,4.574629,97.349609375
08:00:39,91282CKF7,TSRYS5774875,D,S,D,2024-04-19,1000000.00,4.574293,97.3515625
08:00:39,91282CKF7,TSRYS5774875,D,S,D,2024-04-19,1000000.00,4.574293,97.3515625
08:00:39,91282CKF7,TSRYS5774875,D,S,D,2024-04-19,1000000.00,4.606667,97.1640625
08:00:39,91282CKF7,TSRYS5774875,D,S,D,2024-04-19,1000000.00,4.610381,97.142578125
08:00:39,91282CKF7,TSRYS5774875,D,S,D,2024-04-19,1000000.00,4.612069,97.1328125
08:00:39,91282CKF7,TSRYS5774875,D,S,D,2024-04-19,1000000.00,4.615447,97.11328125
08:00:39,91282CKF7,TSRYS5774875,D,S,D,2024-04-19,1000000.00,4.617474,97.1015625
08:00:39,91282CKF7,TSRYS5774875,D,S,D,2024-04-19,1000000.00,4.616799,97.10546875
08:00:39,91282CKF7,TSRYS5774875,D,S,D,2024-04-19,1000000.00,4.619164,97.091796875
08:00:39,91282CKF7,TSRYS5774875,D,S,D,2024-04-19,1000000.00,4.61342,97.125
08:00:39,91282CKF7,TSRYS5774875,D,S,D,2024-04-19,1000000.00,4.619502,97.08984375
08:00:39,91282CKF7,TSRYS5774875,D,S,D,2024-04-19,1000000.00,4.608017,97.15625
08:00:39,91282CKF7,TSRYS5774875,D,S,D,2024-04-19,1000000.00,4.605991,97.16796875
08:00:39,91282CKF7,TSRYS5774875,D,S,D,2024-04-19,1000000.00,4.601266,97.1953125
08:00:39,91282CKF7,TSRYS5774875,D,S,D,2024-04-19,1000000.00,4.602953,97.185546875
08:00:39,91282CKF7,TSRYS5774875,D,S,D,2024-04-19,1000000.00,4.602953,97.185546875
08:00:39,91282CKF7,TSRYS5774875,D,S,D,2024-04-19,1000000.00,4.596205,97.224609375
08:00:39,91282CKF7,TSRYS5774875,D,S,D,2024-04-19,1000000.00,4.598229,97.212890625
08:00:39,91282CKF7,TSRYS5774875,D,S,D,2024-04-19,1000000.00,4.601603,97.193359375
08:00:39,91282CKF7,TSRYS5774875,D,S,D,2024-04-19,1000000.00,4.601266,97.1953125
08:00:39,91282CKF7,TSRYS5774875,D,S,D,2024-04-19,2000000.00,4.603291,97.18359375
08:00:39,91282CKF7,TSRYS5774875,D,S,D,2024-04-19,1000000.00,4.606667,97.1640625
08:00:39,91282CKF7,TSRYS5774875,D,S,D,2024-04-19,1000000.00,4.606329,97.166015625
08:00:39,91282CKF7,TSRYS5774875,D,S,D,2024-04-19,1000000.00,4.610719,97.140625
08:00:39,91282CKF7,TSRYS5774875,D,S,D,2024-04-19,1000000.00,4.610719,97.140625
08:00:39,91282CKF7,TSRYS5774875,D,S,D,2024-04-19,1000000.00,4.613758,97.123046875
08:00:39,91282CKF7,TSRYS5774875,D,S,D,2024-04-19,1000000.00,4.61815,97.09765625
08:00:39,91282CKF7,TSRYS5774875,D,S,D,2024-04-19,1000000.00,4.61815,97.09765625
08:00:39,91282CKF7,TSRYS5774875,D,S,D,2024-04-19,1000000.00,4.624909,97.05859375
08:00:39,91282CKF7,TSRYS5774875,D,S,D,2024-04-19,2000000.00,4.624909,97.05859375
08:00:39,91282CKF7,TSRYS5774875,D,S,D,2024-04-19,2000000.00,4.624909,97.05859375
08:00:39,91282CKF7,TSRYS5774875,D,S,D,2024-04-19,2000000.00,4.624909,97.05859375
08:00:39,91282CKF7,TSRYS5774875,D,S,D,2024-04-19,2000000.00,4.622543,97.072265625
08:00:39,91282CKF7,TSRYS5774875,D,S,D,2024-04-19,2000000.00,4.624909,97.05859375
08:00:39,91282CKF7,TSRYS5774875,D,S,D,2024-04-19,2000000.00,4.624909,97.05859375
08:00:39,91282CKF7,TSRYS5774875,D,S,D,2024-04-19,2000000.00,4.624909,97.05859375
08:00:39,91282CKF7,TSRYS5774875,D,S,D,2024-04-19,2000000.00,4.625585,97.0546875
