tradeTime,cusip,issueSymbolIdentifier,priceType,reportingSideCode,contraPartyTypeCode,tradeDate,reportedTradeVolume,lastSaleYield,lastSalePrice
08:00:03,91282CKN0,TSRYS5793018,D,S,D,2024-05-22,1000000.00,4.420278,101.208984375
08:00:03,91282CKN0,TSRYS5793018,D,S,D,2024-05-22,1000000.00,4.417658,101.224609375
08:00:03,91282CKN0,TSRYS5793018,D,S,D,2024-05-22,1000000.00,4.425194,101.1796875
08:00:03,91282CKN0,TSRYS5793018,D,S,D,2024-05-22,1000000.00,4.42421,101.185546875
08:00:03,91282CKN0,TSRYS5793018,D,S,D,2024-05-22,1000000.00,4.42421,101.185546875
08:00:03,91282CKN0,TSRYS5793018,D,S,T,2024-05-22,1000000.00,4.420934,101.205078125
08:00:03,91282CKN0,TSRYS5793018,D,S,T,2024-05-22,1000000.00,4.41864,101.21875
08:00:03,91282CKN0,TSRYS5793018,D,S,D,2024-05-22,1000000.00,4.419951,101.2109375
08:00:03,91282CKN0,TSRYS5793018,D,S,D,2024-05-22,1000000.00,4.428143,101.162109375
08:00:03,91282CKN0,TSRYS5793018,D,S,D,2024-05-22,1000000.00,4.429782,101.15234375
08:00:03,91282CKN0,TSRYS5793018,D,S,D,2024-05-22,1000000.00,4.435685,101.1171875
08:00:03,91282CKN0,TSRYS5793018,D,S,D,2024-05-22,2000000.00,4.440277,101.08984375
08:00:03,91282CKN0,TSRYS5793018,D,S,T,2024-05-22,1000000.00,4.441917,101.080078125
08:00:03,91282CKN0,TSRYS5793018,D,S,D,2024-05-22,1000000.00,4.443558,101.0703125
08:00:03,91282CKN0,TSRYS5793018,D,S,T,2024-05-22,2000000.00,4.450451,101.029296875
08:00:03,91282CKN0,TSRYS5793018,D,S,T,2024-05-22,2000000.00,4.450451,101.029296875
08:00:03,91282CKN0,TSRYS5793018,D,S,T,2024-05-22,2000000.00,4.450451,101.029296875
08:00:03,91282CKN0,TSRYS5793018,D,S,T,2024-05-22,2000000.00,4.448809,101.0390625
08:00:03,91282CKN0,TSRYS5793018,D,S,T,2024-05-22,2000000.00,4.449466,101.03515625
08:00:03,91282CKN0,TSRYS5793018,D,S,T,2024-05-22,1000000.00,4.449466,101.03515625
08:00:03,91282CKN0,TSRYS5793018,D,S,T,2024-05-22,2000000.00,4.446183,101.0546875
08:00:03,91282CKN0,TSRYS5793018,D,S,T,2024-05-22,1000000.00,4.446183,101.0546875
08:00:03,91282CKN0,TSRYS5793018,D,S,T,2024-05-22,2000000.00,4.446183,101.0546875
08:00:03,91282CKN0,TSRYS5793018,D,S,T,2024-05-22,2000000.00,4.449466,101.03515625
08:00:03,91282CKN0,TSRYS5793018,D,S,T,2024-05-22,1000000.00,4.452749,101.015625
08:00:03,91282CKN0,TSRYS5793018,D,S,D,2024-05-22,1000000.00,4.452749,101.015625
08:00:03,91282CKN0,TSRYS5793018,D,S,T,2024-05-22,2000000.00,4.454062,101.0078125
08:00:03,91282CKN0,TSRYS5793018,D,S,T,2024-05-22,1000000.00,4.454062,101.0078125
08:00:03,91282CKN0,TSRYS5793018,D,S,T,2024-05-22,2000000.00,4.454062,101.0078125
08:00:03,91282CKN0,TSRYS5793018,D,S,D,2024-05-22,1000000.00,4.454062,101.0078125
08:00:03,91282CKN0,TSRYS5793018,D,S,T,2024-05-22,2000000.00,4.454062,101.0078125
08:00:03,91282CKN0,TSRYS5793018,D,S,T,2024-05-22,1000000.00,4.454062,101.0078125
08:00:03,91282CKN0,TSRYS5793018,D,S,D,2024-05-22,3000000.00,4.448481,101.041015625
08:00:03,91282CKN0,TSRYS5793018,D,S,D,2024-05-22,1000000.00,4.450122,101.03125
08:00:03,91282CKN0,TSRYS5793018,D,S,T,2024-05-22,1000000.00,4.454719,101.00390625
08:00:03,91282CKN0,TSRYS5793018,D,S,T,2024-05-22,1000000.00,4.46819,100.923828125
08:00:08,91282CKN0,TSRYS5793018,D,S,T,2024-05-22,1000000.00,4.46326,100.953125
08:00:08,91282CKN0,TSRYS5793018,D,S,T,2024-05-22,1000000.00,4.465889,100.9375
08:00:09,91282CKN0,TSRYS5793018,D,S,T,2024-05-22,1000000.00,4.421261,101.203125
08:00:09,91282CKN0,TSRYS5793018,D,S,T,2024-05-22,1000000.00,4.421589,101.201171875
08:00:10,91282CKN0,TSRYS5793018,D,S,T,2024-05-22,1000000.00,4.41602,101.234375
08:00:10,91282CKN0,TSRYS5793018,D,S,D,2024-05-22,1000000.00,4.420278,101.208984375
08:00:10,91282CKN0,TSRYS5793018,D,S,D,2024-05-22,1000000.00,4.420278,101.208984375
08:00:10,91282CKN0,TSRYS5793018,D,S,T,2024-05-22,1000000.00,4.41864,101.21875
08:00:10,91282CKN0,TSRYS5793018,D,S,D,2024-05-22,1000000.00,4.422572,101.1953125
08:00:10,91282CKN0,TSRYS5793018,D,S,T,2024-05-22,1000000.00,4.420606,101.20703125
08:00:10,91282CKN0,TSRYS5793018,D,S,T,2024-05-22,1000000.00,4.420278,101.208984375
08:00:10,91282CKN0,TSRYS5793018,D,S,T,2024-05-22,1000000.00,4.420278,101.208984375
08:00:10,91282CKN0,TSRYS5793018,D,S,T,2024-05-22,1000000.00,4.419951,101.2109375
08:00:10,91282CKN0,TSRYS5793018,D,S,T,2024-05-22,1000000.00,4.419951,101.2109375
08:00:10,91282CKN0,TSRYS5793018,D,S,T,2024-05-22,1000000.00,4.421261,101.203125
08:00:10,91282CKN0,TSRYS5793018,D,S,T,2024-05-22,1000000.00,4.429127,101.15625
08:00:11,91282CKN0,TSRYS5793018,D,S,T,2024-05-22,1000000.00,4.43175,101.140625
08:00:11,91282CKN0,TSRYS5793018,D,S,T,2024-05-22,1000000.00,4.43175,101.140625
08:00:11,91282CKN0,TSRYS5793018,D,S,D,2024-05-22,1000000.00,4.441589,101.08203125
08:00:11,91282CKN0,TSRYS5793018,D,S,T,2024-05-22,1000000.00,4.441589,101.08203125
08:00:11,91282CKN0,TSRYS5793018,D,S,T,2024-05-22,1000000.00,4.444214,101.06640625
08:00:11,91282CKN0,TSRYS5793018,D,S,T,2024-05-22,1000000.00,4.444871,101.0625
08:00:11,91282CKN0,TSRYS5793018,D,S,T,2024-05-22,1000000.00,4.444871,101.0625
08:00:11,91282CKN0,TSRYS5793018,D,S,T,2024-05-22,1000000.00,4.443886,101.068359375
08:00:11,91282CKN0,TSRYS5793018,D,S,T,2024-05-22,1000000.00,4.441589,101.08203125
08:00:11,91282CKN0,TSRYS5793018,D,S,T,2024-05-22,1000000.00,4.441589,101.08203125
08:00:11,91282CKN0,TSRYS5793018,D,S,T,2024-05-22,1000000.00,4.449138,101.037109375
08:00:11,91282CKN0,TSRYS5793018,D,S,T,2024-05-22,1000000.00,4.447496,101.046875
08:00:11,91282CKN0,TSRYS5793018,D,S,T,2024-05-22,1000000.00,4.450122,101.03125
08:00:11,91282CKN0,TSRYS5793018,D,S,T,2024-05-22,1000000.00,4.447496,101.046875
08:00:11,91282CKN0,TSRYS5793018,D,S,T,2024-05-22,1000000.00,4.447496,101.046875
08:00:11,91282CKN0,TSRYS5793018,D,S,T,2024-05-22,1000000.00,4.446183,101.0546875
08:00:11,91282CKN0,TSRYS5793018,D,S,T,2024-05-22,1000000.00,4.446183,101.0546875
08:00:11,91282CKN0,TSRYS5793018,D,S,T,2024-05-22,1000000.00,4.446183,101.0546875
08:00:11,91282CKN0,TSRYS5793018,D,S,T,2024-05-22,1000000.00,4.452749,101.015625
08:00:11,91282CKN0,TSRYS5793018,D,S,T,2024-05-22,1000000.00,4.452749,101.015625
08:00:11,91282CKN0,TSRYS5793018,D,S,T,2024-05-22,1000000.00,4.452749,101.015625
08:00:11,91282CKN0,TSRYS5793018,D,S,T,2024-05-22,1000000.00,4.448809,101.0390625
08:00:11,91282CKN0,TSRYS5793018,D,S,T,2024-05-22,1000000.00,4.446512,101.052734375
08:00:11,91282CKN0,TSRYS5793018,D,S,T,2024-05-22,1000000.00,4.447496,101.046875
08:00:11,91282CKN0,TSRYS5793018,D,S,T,2024-05-22,1000000.00,4.447496,101.046875
08:00:11,91282CKN0,TSRYS5793018,D,S,T,2024-05-22,1000000.00,4.447496,101.046875
08:00:11,91282CKN0,TSRYS5793018,D,S,T,2024-05-22,1000000.00,4.447496,101.046875
08:00:11,91282CKN0,TSRYS5793018,D,S,T,2024-05-22,1000000.00,4.446183,101.0546875
08:00:11,91282CKN0,TSRYS5793018,D,S,T,2024-05-22,1000000.00,4.452749,101.015625
08:00:11,91282CKN0,TSRYS5793018,D,S,T,2024-05-22,1000000.00,4.452749,101.015625
08:00:11,91282CKN0,TSRYS5793018,D,S,T,2024-05-22,1000000.00,4.452749,101.015625
08:00:11,91282CKN0,TSRYS5793018,D,S,T,2024-05-22,2000000.00,4.452749,101.015625
08:00:11,91282CKN0,TSRYS5793018,D,S,T,2024-05-22,1000000.00,4.454062,101.0078125
08:00:11,91282CKN0,TSRYS5793018,D,S,T,2024-05-22,1000000.00,4.454062,101.0078125
08:00:11,91282CKN0,TSRYS5793018,D,S,T,2024-05-22,1000000.00,4.454062,101.0078125
08:00:11,91282CKN0,TSRYS5793018,D,S,T,2024-05-22,1000000.00,4.448809,101.0390625
08:00:11,91282CKN0,TSRYS5793018,D,S,T,2024-05-22,1000000.00,4.452749,101.015625
08:00:11,91282CKN0,TSRYS5793018,D,S,T,2024-05-22,1000000.00,4.452749,101.015625
08:00:11,91282CKN0,TSRYS5793018,D,S,T,2024-05-22,1000000.00,4.452749,101.015625
08:00:11,91282CKN0,TSRYS5793018,D,S,T,2024-05-22,2000000.00,4.452749,101.015625
08:00:11,91282CKN0,TSRYS5793018,D,S,T,2024-05-22,1000000.00,4.452749,101.015625
08:00:11,91282CKN0,TSRYS5793018,D,S,T,2024-05-22,1000000.00,4.452749,101.015625
08:00:11,91282CKN0,TSRYS5793018,D,S,D,2024-05-22,1000000.00,4.467533,100.927734375
08:00:13,91282CKN0,TSRYS5793018,D,S,T,2024-05-22,1000000.00,4.41864,101.21875
08:00:13,91282CKN0,TSRYS5793018,D,S,T,2024-05-22,1000000.00,4.41864,101.21875
08:00:13,91282CKN0,TSRYS5793018,D,S,T,2024-05-22,1000000.00,4.41864,101.21875
08:00:14,91282CKN0,TSRYS5793018,D,S,T,2024-05-22,3000000.00,4.421261,101.203125
08:00:14,91282CKN0,TSRYS5793018,D,S,T,2024-05-22,1000000.00,4.423883,101.1875
08:00:14,91282CKN0,TSRYS5793018,D,S,T,2024-05-22,1000000.00,4.426505,101.171875
08:00:14,91282CKN0,TSRYS5793018,D,S,T,2024-05-22,1000000.00,4.426505,101.171875
08:00:14,91282CKN0,TSRYS5793018,D,S,T,2024-05-22,1000000.00,4.429127,101.15625
08:00:15,91282CKN0,TSRYS5793018,D,S,T,2024-05-22,1000000.00,4.429127,101.15625
08:00:15,91282CKN0,TSRYS5793018,D,S,T,2024-05-22,1000000.00,4.434373,101.125
08:00:18,91282CKN0,TSRYS5793018,D,S,T,2024-05-22,1000000.00,4.444871,101.0625
08:00:18,91282CKN0,TSRYS5793018,D,S,T,2024-05-22,1000000.00,4.444871,101.0625
08:00:18,91282CKN0,TSRYS5793018,D,S,T,2024-05-22,1000000.00,4.447496,101.046875
08:00:18,91282CKN0,TSRYS5793018,D,S,T,2024-05-22,1000000.00,4.447496,101.046875
08:00:18,91282CKN0,TSRYS5793018,D,S,D,2024-05-22,1000000.00,4.419951,101.2109375
08:00:19,91282CKN0,TSRYS5793018,D,S,T,2024-05-22,1000000.00,4.447496,101.046875
08:00:19,91282CKN0,TSRYS5793018,D,S,D,2024-05-22,1000000.00,4.450122,101.03125
08:00:21,91282CKN0,TSRYS5793018,D,S,D,2024-05-22,1000000.00,4.429127,101.15625
08:00:23,91282CKN0,TSRYS5793018,D,S,D,2024-05-22,2000000.00,4.450779,101.02734375
08:00:27,91282CKN0,TSRYS5793018,D,S,D,2024-05-22,1000000.00,4.450122,101.03125
08:00:28,91282CKN0,TSRYS5793018,D,S,T,2024-05-22,1000000.00,4.446512,101.052734375
08:00:28,91282CKN0,TSRYS5793018,D,S,T,2024-05-22,3000000.00,4.450122,101.03125
08:00:28,91282CKN0,TSRYS5793018,D,S,T,2024-05-22,1000000.00,4.444871,101.0625
08:00:30,91282CKN0,TSRYS5793018,D,S,T,2024-05-22,1000000.00,4.41864,101.21875
08:00:30,91282CKN0,TSRYS5793018,D,S,T,2024-05-22,1000000.00,4.421261,101.203125
08:00:30,91282CKN0,TSRYS5793018,D,S,T,2024-05-22,1000000.00,4.421261,101.203125
08:00:30,91282CKN0,TSRYS5793018,D,S,T,2024-05-22,1000000.00,4.421261,101.203125
08:00:30,91282CKN0,TSRYS5793018,D,S,T,2024-05-22,1000000.00,4.420278,101.208984375
08:00:30,91282CKN0,TSRYS5793018,D,S,D,2024-05-22,1000000.00,4.420278,101.208984375
08:00:30,91282CKN0,TSRYS5793018,D,S,T,2024-05-22,1000000.00,4.41733,101.2265625
08:00:30,91282CKN0,TSRYS5793018,D,S,T,2024-05-22,1000000.00,4.422572,101.1953125
08:00:30,91282CKN0,TSRYS5793018,D,S,T,2024-05-22,1000000.00,4.423883,101.1875
08:00:30,91282CKN0,TSRYS5793018,D,S,T,2024-05-22,1000000.00,4.423883,101.1875
08:00:30,91282CKN0,TSRYS5793018,D,S,T,2024-05-22,1000000.00,4.420606,101.20703125
08:00:30,91282CKN0,TSRYS5793018,D,S,T,2024-05-22,1000000.00,4.419951,101.2109375
08:00:30,91282CKN0,TSRYS5793018,D,S,T,2024-05-22,1000000.00,4.419951,101.2109375
08:00:30,91282CKN0,TSRYS5793018,D,S,T,2024-05-22,1000000.00,4.426505,101.171875
08:00:30,91282CKN0,TSRYS5793018,D,S,T,2024-05-22,1000000.00,4.426505,101.171875
08:00:30,91282CKN0,TSRYS5793018,D,S,T,2024-05-22,1000000.00,4.43175,101.140625
08:00:30,91282CKN0,TSRYS5793018,D,S,T,2024-05-22,1000000.00,4.43175,101.140625
08:00:30,91282CKN0,TSRYS5793018,D,S,T,2024-05-22,1000000.00,4.43175,101.140625
08:00:30,91282CKN0,TSRYS5793018,D,S,T,2024-05-22,1000000.00,4.43175,101.140625
08:00:30,91282CKN0,TSRYS5793018,D,S,T,2024-05-22,1000000.00,4.43175,101.140625
08:00:30,91282CKN0,TSRYS5793018,D,S,T,2024-05-22,1000000.00,4.43175,101.140625
08:00:30,91282CKN0,TSRYS5793018,D,S,T,2024-05-22,1000000.00,4.436341,101.11328125
08:00:30,91282CKN0,TSRYS5793018,D,S,T,2024-05-22,2000000.00,4.435685,101.1171875
08:00:30,91282CKN0,TSRYS5793018,D,S,T,2024-05-22,2000000.00,4.435685,101.1171875
08:00:30,91282CKN0,TSRYS5793018,D,S,T,2024-05-22,1000000.00,4.442245,101.078125
08:00:30,91282CKN0,TSRYS5793018,D,S,T,2024-05-22,1000000.00,4.447496,101.046875
08:00:30,91282CKN0,TSRYS5793018,D,S,T,2024-05-22,1000000.00,4.449138,101.037109375
08:00:30,91282CKN0,TSRYS5793018,D,S,T,2024-05-22,1000000.00,4.449138,101.037109375
08:00:30,91282CKN0,TSRYS5793018,D,S,T,2024-05-22,1000000.00,4.448153,101.04296875
08:00:30,91282CKN0,TSRYS5793018,D,S,D,2024-05-22,1000000.00,4.450122,101.03125
08:00:30,91282CKN0,TSRYS5793018,D,S,T,2024-05-22,1000000.00,4.450451,101.029296875
08:00:30,91282CKN0,TSRYS5793018,D,S,T,2024-05-22,1000000.00,4.450122,101.03125
08:00:30,91282CKN0,TSRYS5793018,D,S,T,2024-05-22,1000000.00,4.450122,101.03125
08:00:30,91282CKN0,TSRYS5793018,D,S,T,2024-05-22,1000000.00,4.450122,101.03125
08:00:30,91282CKN0,TSRYS5793018,D,S,D,2024-05-22,1000000.00,4.450122,101.03125
08:00:30,91282CKN0,TSRYS5793018,D,S,T,2024-05-22,1000000.00,4.450122,101.03125
08:00:30,91282CKN0,TSRYS5793018,D,S,T,2024-05-22,1000000.00,4.450122,101.03125
08:00:30,91282CKN0,TSRYS5793018,D,S,T,2024-05-22,1000000.00,4.448809,101.0390625
08:00:30,91282CKN0,TSRYS5793018,D,S,T,2024-05-22,1000000.00,4.444871,101.0625
08:00:30,91282CKN0,TSRYS5793018,D,S,D,2024-05-22,2000000.00,4.446183,101.0546875
08:00:30,91282CKN0,TSRYS5793018,D,S,D,2024-05-22,1000000.00,4.446183,101.0546875
08:00:30,91282CKN0,TSRYS5793018,D,S,D,2024-05-22,3000000.00,4.446183,101.0546875
08:00:30,91282CKN0,TSRYS5793018,D,S,T,2024-05-22,1000000.00,4.447496,101.046875
08:00:30,91282CKN0,TSRYS5793018,D,S,T,2024-05-22,1000000.00,4.447168,101.048828125
08:00:33,91282CKN0,TSRYS5793018,D,S,T,2024-05-22,1000000.00,4.450122,101.03125
08:00:33,91282CKN0,TSRYS5793018,D,S,T,2024-05-22,1000000.00,4.452749,101.015625
08:00:33,91282CKN0,TSRYS5793018,D,S,T,2024-05-22,1000000.00,4.452749,101.015625
08:00:33,91282CKN0,TSRYS5793018,D,S,T,2024-05-22,1000000.00,4.447496,101.046875
08:00:33,91282CKN0,TSRYS5793018,D,S,T,2024-05-22,1000000.00,4.447496,101.046875
08:00:33,91282CKN0,TSRYS5793018,D,S,T,2024-05-22,1000000.00,4.450122,101.03125
08:00:33,91282CKN0,TSRYS5793018,D,S,T,2024-05-22,1000000.00,4.447496,101.046875
08:00:33,91282CKN0,TSRYS5793018,D,S,T,2024-05-22,1000000.00,4.448809,101.0390625
08:00:33,91282CKN0,TSRYS5793018,D,S,T,2024-05-22,1000000.00,4.447496,101.046875
08:00:33,91282CKN0,TSRYS5793018,D,S,T,2024-05-22,1000000.00,4.450451,101.029296875
08:00:33,91282CKN0,TSRYS5793018,D,S,T,2024-05-22,2000000.00,4.450122,101.03125
08:00:33,91282CKN0,TSRYS5793018,D,S,T,2024-05-22,2000000.00,4.450122,101.03125
08:00:33,91282CKN0,TSRYS5793018,D,S,T,2024-05-22,1000000.00,4.452092,101.01953125
08:00:33,91282CKN0,TSRYS5793018,D,S,T,2024-05-22,1000000.00,4.444871,101.0625
08:00:33,91282CKN0,TSRYS5793018,D,S,T,2024-05-22,1000000.00,4.447496,101.046875
08:00:33,91282CKN0,TSRYS5793018,D,S,T,2024-05-22,1000000.00,4.447496,101.046875
08:00:33,91282CKN0,TSRYS5793018,D,S,T,2024-05-22,2000000.00,4.447496,101.046875
08:00:33,91282CKN0,TSRYS5793018,D,S,T,2024-05-22,2000000.00,4.447496,101.046875
08:00:33,91282CKN0,TSRYS5793018,D,S,T,2024-05-22,1000000.00,4.449794,101.033203125
08:00:33,91282CKN0,TSRYS5793018,D,S,T,2024-05-22,2000000.00,4.452749,101.015625
08:00:33,91282CKN0,TSRYS5793018,D,S,T,2024-05-22,2000000.00,4.455376,101.0
08:00:33,91282CKN0,TSRYS5793018,D,S,T,2024-05-22,1000000.00,4.455376,101.0
08:00:33,91282CKN0,TSRYS5793018,D,S,T,2024-05-22,1000000.00,4.455376,101.0
08:00:33,91282CKN0,TSRYS5793018,D,S,T,2024-05-22,1000000.00,4.452749,101.015625
08:00:33,91282CKN0,TSRYS5793018,D,S,T,2024-05-22,1000000.00,4.452749,101.015625
08:00:33,91282CKN0,TSRYS5793018,D,S,T,2024-05-22,1000000.00,4.452749,101.015625
08:00:33,91282CKN0,TSRYS5793018,D,S,T,2024-05-22,2000000.00,4.452749,101.015625
08:00:33,91282CKN0,TSRYS5793018,D,S,T,2024-05-22,1000000.00,4.452749,101.015625
08:00:33,91282CKN0,TSRYS5793018,D,S,T,2024-05-22,1000000.00,4.452749,101.015625
08:00:33,91282CKN0,TSRYS5793018,D,S,T,2024-05-22,2000000.00,4.458004,100.984375
08:00:33,91282CKN0,TSRYS5793018,D,S,T,2024-05-22,1000000.00,4.460632,100.96875
08:00:33,91282CKN0,TSRYS5793018,D,S,T,2024-05-22,2000000.00,4.460632,100.96875
08:00:33,91282CKN0,TSRYS5793018,D,S,T,2024-05-22,1000000.00,4.460632,100.96875
08:00:33,91282CKN0,TSRYS5793018,D,S,T,2024-05-22,1000000.00,4.46326,100.953125
08:00:33,91282CKN0,TSRYS5793018,D,S,T,2024-05-22,2000000.00,4.46326,100.953125
08:00:33,91282CKN0,TSRYS5793018,D,S,T,2024-05-22,1000000.00,4.46326,100.953125
08:00:33,91282CKN0,TSRYS5793018,D,S,T,2024-05-22,1000000.00,4.46326,100.953125
08:00:33,91282CKN0,TSRYS5793018,D,S,T,2024-05-22,1000000.00,4.46326,100.953125
08:00:33,91282CKN0,TSRYS5793018,D,S,T,2024-05-22,1000000.00,4.46326,100.953125
08:00:33,91282CKN0,TSRYS5793018,D,S,T,2024-05-22,1000000.00,4.465889,100.9375
08:00:33,91282CKN0,TSRYS5793018,D,S,T,2024-05-22,1000000.00,4.46326,100.953125
08:00:33,91282CKN0,TSRYS5793018,D,S,T,2024-05-22,2000000.00,4.46326,100.953125
08:00:33,91282CKN0,TSRYS5793018,D,S,T,2024-05-22,2000000.00,4.46326,100.953125
08:00:33,91282CKN0,TSRYS5793018,D,S,T,2024-05-22,1000000.00,4.46326,100.953125
08:00:33,91282CKN0,TSRYS5793018,D,S,T,2024-05-22,1000000.00,4.46326,100.953125
08:00:33,91282CKN0,TSRYS5793018,D,S,T,2024-05-22,1000000.00,4.465889,100.9375
08:00:33,91282CKN0,TSRYS5793018,D,S,T,2024-05-22,2000000.00,4.465889,100.9375
08:00:33,91282CKN0,TSRYS5793018,D,S,T,2024-05-22,1000000.00,4.468519,100.921875
08:00:33,91282CKN0,TSRYS5793018,D,S,T,2024-05-22,1000000.00,4.468519,100.921875
08:00:33,91282CKN0,TSRYS5793018,D,S,T,2024-05-22,1000000.00,4.468519,100.921875
08:00:33,91282CKN0,TSRYS5793018,D,S,T,2024-05-22,2000000.00,4.465889,100.9375
08:00:33,91282CKN0,TSRYS5793018,D,S,T,2024-05-22,2000000.00,4.463917,100.94921875
08:00:33,91282CKN0,TSRYS5793018,D,S,D,2024-05-22,1000000.00,4.465232,100.94140625
08:00:33,91282CKN0,TSRYS5793018,D,S,D,2024-05-22,1000000.00,4.464575,100.9453125
08:00:33,91282CKN0,TSRYS5793018,D,S,D,2024-05-22,1000000.00,4.419951,101.2109375
08:00:33,91282CKN0,TSRYS5793018,D,S,D,2024-05-22,2000000.00,4.448809,101.0390625
08:00:33,91282CKN0,TSRYS5793018,D,S,D,2024-05-22,2000000.00,4.450122,101.03125
08:00:33,91282CKN0,TSRYS5793018,D,S,D,2024-05-22,2000000.00,4.448809,101.0390625
08:00:33,91282CKN0,TSRYS5793018,D,S,D,2024-05-22,1000000.00,4.449794,101.033203125
08:00:33,91282CKN0,TSRYS5793018,D,S,D,2024-05-22,1000000.00,4.457018,100.990234375
08:00:33,91282CKN0,TSRYS5793018,D,S,D,2024-05-22,1000000.00,4.465232,100.94140625
08:00:33,91282CKN0,TSRYS5793018,D,S,D,2024-05-22,1000000.00,4.421589,101.201171875
08:00:33,91282CKN0,TSRYS5793018,D,S,D,2024-05-22,1000000.00,4.420278,101.208984375
08:00:33,91282CKN0,TSRYS5793018,D,S,D,2024-05-22,1000000.00,4.41602,101.234375
08:00:33,91282CKN0,TSRYS5793018,D,S,D,2024-05-22,1000000.00,4.417658,101.224609375
08:00:33,91282CKN0,TSRYS5793018,D,S,D,2024-05-22,1000000.00,4.417658,101.224609375
08:00:33,91282CKN0,TSRYS5793018,D,S,D,2024-05-22,1000000.00,4.420278,101.208984375
08:00:33,91282CKN0,TSRYS5793018,D,S,D,2024-05-22,1000000.00,4.420278,101.208984375
08:00:33,91282CKN0,TSRYS5793018,D,S,D,2024-05-22,1000000.00,4.422572,101.1953125
08:00:33,91282CKN0,TSRYS5793018,D,S,D,2024-05-22,1000000.00,4.422572,101.1953125
08:00:33,91282CKN0,TSRYS5793018,D,S,T,2024-05-22,1000000.00,4.425194,101.1796875
08:00:33,91282CKN0,TSRYS5793018,D,S,T,2024-05-22,1000000.00,4.419951,101.2109375
08:00:33,91282CKN0,TSRYS5793018,D,S,T,2024-05-22,1000000.00,4.419951,101.2109375
08:00:33,91282CKN0,TSRYS5793018,D,S,T,2024-05-22,1000000.00,4.419623,101.212890625
08:00:33,91282CKN0,TSRYS5793018,D,S,D,2024-05-22,1000000.00,4.43175,101.140625
08:00:33,91282CKN0,TSRYS5793018,D,S,T,2024-05-22,3000000.00,4.449466,101.03515625
08:00:33,91282CKN0,TSRYS5793018,D,S,T,2024-05-22,3000000.00,4.447168,101.048828125
08:00:33,91282CKN0,TSRYS5793018,D,S,T,2024-05-22,3000000.00,4.447168,101.048828125
08:00:33,91282CKN0,TSRYS5793018,D,S,T,2024-05-22,3000000.00,4.447168,101.048828125
08:00:33,91282CKN0,TSRYS5793018,D,S,T,2024-05-22,2000000.00,4.447496,101.046875
08:00:33,91282CKN0,TSRYS5793018,D,S,T,2024-05-22,1000000.00,4.447496,101.046875
08:00:33,91282CKN0,TSRYS5793018,D,S,T,2024-05-22,3000000.00,4.449138,101.037109375
08:00:33,91282CKN0,TSRYS5793018,D,S,T,2024-05-22,2000000.00,4.448481,101.041015625
08:00:33,91282CKN0,TSRYS5793018,D,S,T,2024-05-22,1000000.00,4.450122,101.03125
08:00:33,91282CKN0,TSRYS5793018,D,S,T,2024-05-22,3000000.00,4.451436,101.0234375
08:00:33,91282CKN0,TSRYS5793018,D,S,T,2024-05-22,3000000.00,4.451436,101.0234375
08:00:33,91282CKN0,TSRYS5793018,D,S,T,2024-05-22,2000000.00,4.451436,101.0234375
08:00:33,91282CKN0,TSRYS5793018,D,S,T,2024-05-22,3000000.00,4.451764,101.021484375
08:00:33,91282CKN0,TSRYS5793018,D,S,T,2024-05-22,1000000.00,4.451764,101.021484375
08:00:33,91282CKN0,TSRYS5793018,D,S,T,2024-05-22,2000000.00,4.450122,101.03125
08:00:33,91282CKN0,TSRYS5793018,D,S,T,2024-05-22,1000000.00,4.450122,101.03125
08:00:33,91282CKN0,TSRYS5793018,D,S,T,2024-05-22,1000000.00,4.450122,101.03125
08:00:33,91282CKN0,TSRYS5793018,D,S,T,2024-05-22,2000000.00,4.450122,101.03125
08:00:33,91282CKN0,TSRYS5793018,D,S,T,2024-05-22,1000000.00,4.450122,101.03125
08:00:33,91282CKN0,TSRYS5793018,D,S,T,2024-05-22,3000000.00,4.448481,101.041015625
08:00:33,91282CKN0,TSRYS5793018,D,S,T,2024-05-22,3000000.00,4.449138,101.037109375
08:00:33,91282CKN0,TSRYS5793018,D,S,T,2024-05-22,3000000.00,4.449466,101.03515625
08:00:33,91282CKN0,TSRYS5793018,D,S,T,2024-05-22,3000000.00,4.445855,101.056640625
08:00:33,91282CKN0,TSRYS5793018,D,S,T,2024-05-22,2000000.00,4.446183,101.0546875
08:00:33,91282CKN0,TSRYS5793018,D,S,T,2024-05-22,1000000.00,4.446183,101.0546875
08:00:33,91282CKN0,TSRYS5793018,D,S,T,2024-05-22,1000000.00,4.446183,101.0546875
08:00:33,91282CKN0,TSRYS5793018,D,S,T,2024-05-22,1000000.00,4.446183,101.0546875
08:00:33,91282CKN0,TSRYS5793018,D,S,D,2024-05-22,1000000.00,4.446183,101.0546875
08:00:33,91282CKN0,TSRYS5793018,D,S,T,2024-05-22,3000000.00,4.447168,101.048828125
08:00:33,91282CKN0,TSRYS5793018,D,S,T,2024-05-22,3000000.00,4.448481,101.041015625
08:00:33,91282CKN0,TSRYS5793018,D,S,T,2024-05-22,1000000.00,4.449466,101.03515625
08:00:33,91282CKN0,TSRYS5793018,D,S,T,2024-05-22,3000000.00,4.449138,101.037109375
08:00:33,91282CKN0,TSRYS5793018,D,S,T,2024-05-22,3000000.00,4.451764,101.021484375
08:00:33,91282CKN0,TSRYS5793018,D,S,T,2024-05-22,3000000.00,4.452421,101.017578125
08:00:33,91282CKN0,TSRYS5793018,D,S,T,2024-05-22,3000000.00,4.454062,101.0078125
08:00:33,91282CKN0,TSRYS5793018,D,S,T,2024-05-22,2000000.00,4.459975,100.97265625
08:00:33,91282CKN0,TSRYS5793018,D,S,T,2024-05-22,1000000.00,4.464903,100.943359375
08:00:33,91282CKN0,TSRYS5793018,D,S,T,2024-05-22,1000000.00,4.46556,100.939453125
08:00:33,91282CKN0,TSRYS5793018,D,S,T,2024-05-22,1000000.00,4.46326,100.953125
08:00:33,91282CKN0,TSRYS5793018,D,S,T,2024-05-22,2000000.00,4.466218,100.935546875
08:00:33,91282CKN0,TSRYS5793018,D,S,T,2024-05-22,1000000.00,4.466218,100.935546875
08:00:33,91282CKN0,TSRYS5793018,D,S,T,2024-05-22,1000000.00,4.46819,100.923828125
08:00:33,91282CKN0,TSRYS5793018,D,S,T,2024-05-22,2000000.00,4.46819,100.923828125
08:00:33,91282CKN0,TSRYS5793018,D,S,T,2024-05-22,1000000.00,4.46819,100.923828125
08:00:33,91282CKN0,TSRYS5793018,D,S,T,2024-05-22,1000000.00,4.465889,100.9375
08:00:33,91282CKN0,TSRYS5793018,D,S,T,2024-05-22,1000000.00,4.46819,100.923828125
08:00:33,91282CKN0,TSRYS5793018,D,S,T,2024-05-22,4000000.00,4.465232,100.94140625
08:00:33,91282CKN0,TSRYS5793018,D,S,T,2024-05-22,1000000.00,4.465232,100.94140625
08:00:33,91282CKN0,TSRYS5793018,D,S,T,2024-05-22,4000000.00,4.464575,100.9453125
08:00:33,91282CKN0,TSRYS5793018,D,S,T,2024-05-22,1000000.00,4.464575,100.9453125
08:00:33,91282CKN0,TSRYS5793018,D,S,T,2024-05-22,1000000.00,4.464903,100.943359375
08:00:33,91282CKN0,TSRYS5793018,D,S,T,2024-05-22,1000000.00,4.464903,100.943359375
08:00:33,91282CKN0,TSRYS5793018,D,S,T,2024-05-22,1000000.00,4.464575,100.9453125
08:00:33,91282CKN0,TSRYS5793018,D,S,T,2024-05-22,1000000.00,4.447496,101.046875
08:00:33,91282CKN0,TSRYS5793018,D,S,T,2024-05-22,1000000.00,4.447496,101.046875
08:00:33,91282CKN0,TSRYS5793018,D,S,T,2024-05-22,1000000.00,4.444871,101.0625
08:00:33,91282CKN0,TSRYS5793018,D,S,T,2024-05-22,1000000.00,4.455376,101.0
08:00:33,91282CKN0,TSRYS5793018,D,S,T,2024-05-22,1000000.00,4.452749,101.015625
08:00:33,91282CKN0,TSRYS5793018,D,S,T,2024-05-22,1000000.00,4.452749,101.015625
08:00:33,91282CKN0,TSRYS5793018,D,S,T,2024-05-22,1000000.00,4.452749,101.015625
08:00:33,91282CKN0,TSRYS5793018,D,S,T,2024-05-22,1000000.00,4.452749,101.015625
08:00:33,91282CKN0,TSRYS5793018,D,S,T,2024-05-22,1000000.00,4.460632,100.96875
08:00:37,91282CKN0,TSRYS5793018,D,S,D,2024-05-22,1000000.00,4.452749,101.015625
08:00:37,91282CKN0,TSRYS5793018,D,S,T,2024-05-22,1000000.00,4.420606,101.20703125
08:00:37,91282CKN0,TSRYS5793018,D,S,T,2024-05-22,1000000.00,4.420606,101.20703125
08:00:37,91282CKN0,TSRYS5793018,D,S,T,2024-05-22,1000000.00,4.420606,101.20703125
08:00:37,91282CKN0,TSRYS5793018,D,S,T,2024-05-22,1000000.00,4.422244,101.197265625
08:00:37,91282CKN0,TSRYS5793018,D,S,T,2024-05-22,1000000.00,4.422572,101.1953125
08:00:37,91282CKN0,TSRYS5793018,D,S,T,2024-05-22,1000000.00,4.422572,101.1953125
08:00:37,91282CKN0,TSRYS5793018,D,S,T,2024-05-22,1000000.00,4.422572,101.1953125
08:00:37,91282CKN0,TSRYS5793018,D,S,T,2024-05-22,1000000.00,4.422572,101.1953125
08:00:37,91282CKN0,TSRYS5793018,D,S,T,2024-05-22,1000000.00,4.423227,101.19140625
08:00:37,91282CKN0,TSRYS5793018,D,S,T,2024-05-22,1000000.00,4.423227,101.19140625
08:00:37,91282CKN0,TSRYS5793018,D,S,T,2024-05-22,1000000.00,4.424866,101.181640625
08:00:37,91282CKN0,TSRYS5793018,D,S,T,2024-05-22,1000000.00,4.419296,101.21484375
08:00:37,91282CKN0,TSRYS5793018,D,S,C,2024-05-22,1000000.00,4.41864,101.21875
08:00:37,91282CKN0,TSRYS5793018,D,S,T,2024-05-22,1000000.00,4.417985,101.22265625
08:00:37,91282CKN0,TSRYS5793018,D,S,T,2024-05-22,1000000.00,4.417985,101.22265625
08:00:37,91282CKN0,TSRYS5793018,D,S,T,2024-05-22,1000000.00,4.417985,101.22265625
08:00:37,91282CKN0,TSRYS5793018,D,S,T,2024-05-22,1000000.00,4.417985,101.22265625
08:00:37,91282CKN0,TSRYS5793018,D,S,C,2024-05-22,1000000.00,4.41864,101.21875
08:00:37,91282CKN0,TSRYS5793018,D,S,T,2024-05-22,1000000.00,4.419296,101.21484375
08:00:37,91282CKN0,TSRYS5793018,D,S,T,2024-05-22,1000000.00,4.419951,101.2109375
08:00:37,91282CKN0,TSRYS5793018,D,S,T,2024-05-22,1000000.00,4.419951,101.2109375
08:00:37,91282CKN0,TSRYS5793018,D,S,C,2024-05-22,5000000.00,4.421261,101.203125
08:00:37,91282CKN0,TSRYS5793018,D,S,T,2024-05-22,1000000.00,4.425194,101.1796875
08:00:37,91282CKN0,TSRYS5793018,D,S,T,2024-05-22,1000000.00,4.425194,101.1796875
08:00:37,91282CKN0,TSRYS5793018,D,S,T,2024-05-22,1000000.00,4.425194,101.1796875
08:00:37,91282CKN0,TSRYS5793018,D,S,T,2024-05-22,1000000.00,4.442245,101.078125
08:00:37,91282CKN0,TSRYS5793018,D,S,T,2024-05-22,1000000.00,4.442245,101.078125
08:00:37,91282CKN0,TSRYS5793018,D,S,T,2024-05-22,1000000.00,4.442245,101.078125
08:00:37,91282CKN0,TSRYS5793018,D,S,C,2024-05-22,1000000.00,4.442245,101.078125
08:00:37,91282CKN0,TSRYS5793018,D,S,C,2024-05-22,1000000.00,4.444871,101.0625
08:00:37,91282CKN0,TSRYS5793018,D,S,C,2024-05-22,1000000.00,4.444871,101.0625
08:00:37,91282CKN0,TSRYS5793018,D,S,T,2024-05-22,1000000.00,4.442902,101.07421875
08:00:37,91282CKN0,TSRYS5793018,D,S,T,2024-05-22,1000000.00,4.442902,101.07421875
08:00:37,91282CKN0,TSRYS5793018,D,S,T,2024-05-22,1000000.00,4.441589,101.08203125
08:00:37,91282CKN0,TSRYS5793018,D,S,T,2024-05-22,1000000.00,4.441589,101.08203125
08:00:37,91282CKN0,TSRYS5793018,D,S,T,2024-05-22,1000000.00,4.441589,101.08203125
08:00:37,91282CKN0,TSRYS5793018,D,S,C,2024-05-22,1000000.00,4.444871,101.0625
08:00:37,91282CKN0,TSRYS5793018,D,S,C,2024-05-22,1000000.00,4.447496,101.046875
08:00:37,91282CKN0,TSRYS5793018,D,S,T,2024-05-22,1000000.00,4.44684,101.05078125
08:00:37,91282CKN0,TSRYS5793018,D,S,T,2024-05-22,1000000.00,4.448153,101.04296875
08:00:37,91282CKN0,TSRYS5793018,D,S,T,2024-05-22,1000000.00,4.446183,101.0546875
08:00:37,91282CKN0,TSRYS5793018,D,S,T,2024-05-22,1000000.00,4.44684,101.05078125
08:00:37,91282CKN0,TSRYS5793018,D,B,C,2024-05-22,10000000.00,4.450122,101.03125
08:00:37,91282CKN0,TSRYS5793018,D,S,D,2024-05-22,1000000.00,4.452749,101.015625
08:00:37,91282CKN0,TSRYS5793018,D,S,T,2024-05-22,1000000.00,4.446183,101.0546875
08:00:37,91282CKN0,TSRYS5793018,D,S,T,2024-05-22,1000000.00,4.446183,101.0546875
08:00:37,91282CKN0,TSRYS5793018,D,S,D,2024-05-22,1000000.00,4.447496,101.046875
08:00:37,91282CKN0,TSRYS5793018,D,S,D,2024-05-22,3000000.00,4.446183,101.0546875
08:00:37,91282CKN0,TSRYS5793018,D,S,T,2024-05-22,1000000.00,4.453406,101.01171875
08:00:37,91282CKN0,TSRYS5793018,D,S,T,2024-05-22,1000000.00,4.449466,101.03515625
08:00:37,91282CKN0,TSRYS5793018,D,S,T,2024-05-22,1000000.00,4.449466,101.03515625
08:00:37,91282CKN0,TSRYS5793018,D,S,T,2024-05-22,1000000.00,4.44684,101.05078125
08:00:37,91282CKN0,TSRYS5793018,D,S,T,2024-05-22,1000000.00,4.44684,101.05078125
08:00:37,91282CKN0,TSRYS5793018,D,S,T,2024-05-22,1000000.00,4.448153,101.04296875
08:00:37,91282CKN0,TSRYS5793018,D,B,C,2024-05-22,1000000.00,4.450122,101.03125
08:00:37,91282CKN0,TSRYS5793018,D,B,C,2024-05-22,1000000.00,4.450122,101.03125
08:00:37,91282CKN0,TSRYS5793018,D,S,T,2024-05-22,1000000.00,4.450122,101.03125
08:00:37,91282CKN0,TSRYS5793018,D,S,T,2024-05-22,1000000.00,4.450122,101.03125
08:00:37,91282CKN0,TSRYS5793018,D,B,C,2024-05-22,1000000.00,4.450122,101.03125
08:00:37,91282CKN0,TSRYS5793018,D,B,C,2024-05-22,1000000.00,4.447496,101.046875
08:00:37,91282CKN0,TSRYS5793018,D,S,T,2024-05-22,1000000.00,4.447825,101.044921875
08:00:37,91282CKN0,TSRYS5793018,D,S,T,2024-05-22,1000000.00,4.448153,101.04296875
08:00:37,91282CKN0,TSRYS5793018,D,S,T,2024-05-22,1000000.00,4.448153,101.04296875
08:00:37,91282CKN0,TSRYS5793018,D,S,T,2024-05-22,1000000.00,4.448153,101.04296875
08:00:37,91282CKN0,TSRYS5793018,D,S,T,2024-05-22,1000000.00,4.448153,101.04296875
08:00:37,91282CKN0,TSRYS5793018,D,S,T,2024-05-22,1000000.00,4.448153,101.04296875
08:00:37,91282CKN0,TSRYS5793018,D,B,C,2024-05-22,1000000.00,4.447496,101.046875
08:00:37,91282CKN0,TSRYS5793018,D,B,C,2024-05-22,1000000.00,4.444871,101.0625
08:00:37,91282CKN0,TSRYS5793018,D,S,T,2024-05-22,1000000.00,4.448153,101.04296875
08:00:37,91282CKN0,TSRYS5793018,D,B,C,2024-05-22,1000000.00,4.447496,101.046875
08:00:37,91282CKN0,TSRYS5793018,D,B,C,2024-05-22,2000000.00,4.444871,101.0625
08:00:37,91282CKN0,TSRYS5793018,D,S,T,2024-05-22,1000000.00,4.446183,101.0546875
08:00:37,91282CKN0,TSRYS5793018,D,S,T,2024-05-22,1000000.00,4.446183,101.0546875
08:00:37,91282CKN0,TSRYS5793018,D,S,T,2024-05-22,1000000.00,4.446183,101.0546875
08:00:37,91282CKN0,TSRYS5793018,D,S,T,2024-05-22,1000000.00,4.450779,101.02734375
08:00:37,91282CKN0,TSRYS5793018,D,S,T,2024-05-22,1000000.00,4.450779,101.02734375
08:00:37,91282CKN0,TSRYS5793018,D,S,T,2024-05-22,1000000.00,4.449466,101.03515625
08:00:37,91282CKN0,TSRYS5793018,D,B,C,2024-05-22,1000000.00,4.447496,101.046875
08:00:37,91282CKN0,TSRYS5793018,D,B,C,2024-05-22,1000000.00,4.444871,101.0625
08:00:37,91282CKN0,TSRYS5793018,D,S,T,2024-05-22,1000000.00,4.447496,101.046875
08:00:37,91282CKN0,TSRYS5793018,D,S,T,2024-05-22,1000000.00,4.451436,101.0234375
08:00:37,91282CKN0,TSRYS5793018,D,S,T,2024-05-22,1000000.00,4.451436,101.0234375
08:00:37,91282CKN0,TSRYS5793018,D,S,T,2024-05-22,1000000.00,4.450779,101.02734375
08:00:37,91282CKN0,TSRYS5793018,D,S,T,2024-05-22,1000000.00,4.450779,101.02734375
08:00:37,91282CKN0,TSRYS5793018,D,S,T,2024-05-22,1000000.00,4.450122,101.03125
08:00:37,91282CKN0,TSRYS5793018,D,S,T,2024-05-22,1000000.00,4.450122,101.03125
08:00:37,91282CKN0,TSRYS5793018,D,B,C,2024-05-22,1000000.00,4.450122,101.03125
08:00:37,91282CKN0,TSRYS5793018,D,S,T,2024-05-22,1000000.00,4.455376,101.0
08:00:37,91282CKN0,TSRYS5793018,D,S,T,2024-05-22,1000000.00,4.45669,100.9921875
08:00:37,91282CKN0,TSRYS5793018,D,S,T,2024-05-22,1000000.00,4.45669,100.9921875
08:00:37,91282CKN0,TSRYS5793018,D,S,T,2024-05-22,1000000.00,4.452092,101.01953125
08:00:37,91282CKN0,TSRYS5793018,D,S,T,2024-05-22,1000000.00,4.450779,101.02734375
08:00:37,91282CKN0,TSRYS5793018,D,B,C,2024-05-22,1000000.00,4.46326,100.953125
08:00:37,91282CKN0,TSRYS5793018,D,B,C,2024-05-22,1000000.00,4.465889,100.9375
08:00:37,91282CKN0,TSRYS5793018,D,S,T,2024-05-22,1000000.00,4.469176,100.91796875
08:00:37,91282CKN0,TSRYS5793018,D,B,C,2024-05-22,1000000.00,4.465889,100.9375
08:00:37,91282CKN0,TSRYS5793018,D,B,C,2024-05-22,1000000.00,4.46326,100.953125
08:00:37,91282CKN0,TSRYS5793018,D,S,T,2024-05-22,5000000.00,4.464903,100.943359375
08:00:37,91282CKN0,TSRYS5793018,D,S,D,2024-05-22,1000000.00,4.449794,101.033203125
08:00:37,91282CKN0,TSRYS5793018,D,S,D,2024-05-22,1000000.00,4.464903,100.943359375
08:00:37,91282CKN0,TSRYS5793018,D,S,T,2024-05-22,1000000.00,4.464903,100.943359375
08:00:37,91282CKN0,TSRYS5793018,D,S,D,2024-05-22,1000000.00,4.450779,101.02734375
08:00:37,91282CKN0,TSRYS5793018,D,S,D,2024-05-22,1000000.00,4.450122,101.03125
08:00:37,91282CKN0,TSRYS5793018,D,S,D,2024-05-22,1000000.00,4.450122,101.03125
08:00:37,91282CKN0,TSRYS5793018,D,S,D,2024-05-22,1000000.00,4.452749,101.015625
08:00:37,91282CKN0,TSRYS5793018,D,S,D,2024-05-22,2000000.00,4.453406,101.01171875
08:00:37,91282CKN0,TSRYS5793018,D,S,D,2024-05-22,1000000.00,4.454719,101.00390625
08:00:37,91282CKN0,TSRYS5793018,D,S,D,2024-05-22,1000000.00,4.457018,100.990234375
08:00:37,91282CKN0,TSRYS5793018,D,S,D,2024-05-22,1000000.00,4.457018,100.990234375
08:00:37,91282CKN0,TSRYS5793018,D,S,D,2024-05-22,1000000.00,4.465889,100.9375
08:00:37,91282CKN0,TSRYS5793018,D,S,D,2024-05-22,2000000.00,4.464575,100.9453125
08:00:37,91282CKN0,TSRYS5793018,D,S,D,2024-05-22,2000000.00,4.46556,100.939453125
08:00:38,91282CKN0,TSRYS5793018,D,S,D,2024-05-22,1000000.00,4.416675,101.23046875
08:00:38,91282CKN0,TSRYS5793018,D,S,T,2024-05-22,1000000.00,4.419623,101.212890625
08:00:38,91282CKN0,TSRYS5793018,D,S,T,2024-05-22,1000000.00,4.419951,101.2109375
08:00:38,91282CKN0,TSRYS5793018,D,S,T,2024-05-22,2000000.00,4.419951,101.2109375
08:00:38,91282CKN0,TSRYS5793018,D,S,T,2024-05-22,1000000.00,4.419951,101.2109375
08:00:38,91282CKN0,TSRYS5793018,D,S,T,2024-05-22,1000000.00,4.419951,101.2109375
08:00:38,91282CKN0,TSRYS5793018,D,S,T,2024-05-22,1000000.00,4.419951,101.2109375
08:00:38,91282CKN0,TSRYS5793018,D,S,T,2024-05-22,1000000.00,4.419951,101.2109375
08:00:38,91282CKN0,TSRYS5793018,D,S,T,2024-05-22,1000000.00,4.419951,101.2109375
08:00:38,91282CKN0,TSRYS5793018,D,S,T,2024-05-22,1000000.00,4.419623,101.212890625
08:00:39,91282CKN0,TSRYS5793018,D,S,T,2024-05-22,1000000.00,4.426505,101.171875
08:00:39,91282CKN0,TSRYS5793018,D,S,T,2024-05-22,1000000.00,4.443558,101.0703125
08:00:39,91282CKN0,TSRYS5793018,D,S,D,2024-05-22,17000000.00,4.450779,101.02734375
08:00:39,91282CKN0,TSRYS5793018,D,S,T,2024-05-22,1000000.00,4.443558,101.0703125
08:00:39,91282CKN0,TSRYS5793018,D,S,T,2024-05-22,1000000.00,4.443558,101.0703125
08:00:39,91282CKN0,TSRYS5793018,D,S,T,2024-05-22,1000000.00,4.443558,101.0703125
08:00:39,91282CKN0,TSRYS5793018,D,S,T,2024-05-22,1000000.00,4.443558,101.0703125
08:00:39,91282CKN0,TSRYS5793018,D,S,T,2024-05-22,1000000.00,4.443558,101.0703125
08:00:39,91282CKN0,TSRYS5793018,D,S,T,2024-05-22,1000000.00,4.443558,101.0703125
08:00:39,91282CKN0,TSRYS5793018,D,S,T,2024-05-22,1000000.00,4.443558,101.0703125
08:00:39,91282CKN0,TSRYS5793018,D,S,T,2024-05-22,1000000.00,4.444871,101.0625
08:00:39,91282CKN0,TSRYS5793018,D,S,T,2024-05-22,2000000.00,4.440933,101.0859375
08:00:39,91282CKN0,TSRYS5793018,D,S,T,2024-05-22,2000000.00,4.440933,101.0859375
08:00:39,91282CKN0,TSRYS5793018,D,S,T,2024-05-22,1000000.00,4.446183,101.0546875
08:00:39,91282CKN0,TSRYS5793018,D,S,T,2024-05-22,1000000.00,4.446183,101.0546875
08:00:39,91282CKN0,TSRYS5793018,D,S,T,2024-05-22,2000000.00,4.450779,101.02734375
08:00:39,91282CKN0,TSRYS5793018,D,S,T,2024-05-22,1000000.00,4.450779,101.02734375
08:00:39,91282CKN0,TSRYS5793018,D,S,T,2024-05-22,1000000.00,4.450779,101.02734375
08:00:39,91282CKN0,TSRYS5793018,D,S,T,2024-05-22,1000000.00,4.448153,101.04296875
08:00:39,91282CKN0,TSRYS5793018,D,S,T,2024-05-22,2000000.00,4.450779,101.02734375
08:00:39,91282CKN0,TSRYS5793018,D,S,T,2024-05-22,1000000.00,4.450779,101.02734375
08:00:39,91282CKN0,TSRYS5793018,D,S,T,2024-05-22,1000000.00,4.450779,101.02734375
08:00:39,91282CKN0,TSRYS5793018,D,S,T,2024-05-22,1000000.00,4.450779,101.02734375
08:00:39,91282CKN0,TSRYS5793018,D,S,D,2024-05-22,1000000.00,4.465232,100.94140625
08:00:39,91282CKN0,TSRYS5793018,D,S,T,2024-05-22,1000000.00,4.450779,101.02734375
08:00:39,91282CKN0,TSRYS5793018,D,S,T,2024-05-22,1000000.00,4.450779,101.02734375
08:00:39,91282CKN0,TSRYS5793018,D,S,T,2024-05-22,2000000.00,4.450779,101.02734375
08:00:39,91282CKN0,TSRYS5793018,D,S,T,2024-05-22,1000000.00,4.448153,101.04296875
08:00:39,91282CKN0,TSRYS5793018,D,S,T,2024-05-22,1000000.00,4.447496,101.046875
08:00:39,91282CKN0,TSRYS5793018,D,S,T,2024-05-22,2000000.00,4.448153,101.04296875
08:00:39,91282CKN0,TSRYS5793018,D,S,T,2024-05-22,1000000.00,4.446183,101.0546875
08:00:39,91282CKN0,TSRYS5793018,D,S,T,2024-05-22,1000000.00,4.446183,101.0546875
08:00:39,91282CKN0,TSRYS5793018,D,S,T,2024-05-22,1000000.00,4.446183,101.0546875
08:00:39,91282CKN0,TSRYS5793018,D,S,T,2024-05-22,1000000.00,4.446183,101.0546875
08:00:39,91282CKN0,TSRYS5793018,D,S,T,2024-05-22,1000000.00,4.446183,101.0546875
08:00:39,91282CKN0,TSRYS5793018,D,S,T,2024-05-22,1000000.00,4.446183,101.0546875
08:00:39,91282CKN0,TSRYS5793018,D,S,T,2024-05-22,1000000.00,4.446183,101.0546875
08:00:39,91282CKN0,TSRYS5793018,D,S,T,2024-05-22,1000000.00,4.444871,101.0625
08:00:39,91282CKN0,TSRYS5793018,D,S,T,2024-05-22,1000000.00,4.446183,101.0546875
08:00:39,91282CKN0,TSRYS5793018,D,S,T,2024-05-22,1000000.00,4.446183,101.0546875
08:00:39,91282CKN0,TSRYS5793018,D,S,T,2024-05-22,1000000.00,4.446183,101.0546875
08:00:39,91282CKN0,TSRYS5793018,D,S,T,2024-05-22,1000000.00,4.446183,101.0546875
08:00:39,91282CKN0,TSRYS5793018,D,S,T,2024-05-22,1000000.00,4.446183,101.0546875
08:00:39,91282CKN0,TSRYS5793018,D,S,T,2024-05-22,1000000.00,4.446183,101.0546875
08:00:39,91282CKN0,TSRYS5793018,D,S,T,2024-05-22,1000000.00,4.446183,101.0546875
08:00:39,91282CKN0,TSRYS5793018,D,S,T,2024-05-22,4000000.00,4.450779,101.02734375
08:00:39,91282CKN0,TSRYS5793018,D,S,T,2024-05-22,1000000.00,4.450779,101.02734375
08:00:39,91282CKN0,TSRYS5793018,D,S,T,2024-05-22,1000000.00,4.453406,101.01171875
08:00:39,91282CKN0,TSRYS5793018,D,S,T,2024-05-22,1000000.00,4.453406,101.01171875
08:00:39,91282CKN0,TSRYS5793018,D,S,T,2024-05-22,2000000.00,4.450779,101.02734375
08:00:39,91282CKN0,TSRYS5793018,D,S,T,2024-05-22,1000000.00,4.450779,101.02734375
08:00:39,91282CKN0,TSRYS5793018,D,S,T,2024-05-22,1000000.00,4.446183,101.0546875
08:00:39,91282CKN0,TSRYS5793018,D,S,T,2024-05-22,1000000.00,4.450779,101.02734375
08:00:39,91282CKN0,TSRYS5793018,D,S,T,2024-05-22,1000000.00,4.450779,101.02734375
08:00:39,91282CKN0,TSRYS5793018,D,S,T,2024-05-22,1000000.00,4.450779,101.02734375
08:00:39,91282CKN0,TSRYS5793018,D,S,T,2024-05-22,1000000.00,4.448153,101.04296875
08:00:39,91282CKN0,TSRYS5793018,D,S,T,2024-05-22,1000000.00,4.448153,101.04296875
08:00:39,91282CKN0,TSRYS5793018,D,S,T,2024-05-22,15000000.00,4.455376,101.0
08:00:39,91282CKN0,TSRYS5793018,D,S,T,2024-05-22,9400000.00,4.455376,101.0
08:00:39,91282CKN0,TSRYS5793018,D,S,A,2024-05-22,3000000.00,4.445527,101.05859375
08:00:39,91282CKN0,TSRYS5793018,D,S,A,2024-05-22,4200000.00,4.44684,101.05078125
08:00:40,91282CKN0,TSRYS5793018,D,B,C,2024-05-22,17000000.00,4.450779,101.02734375
08:00:40,91282CKN0,TSRYS5793018,D,S,A,2024-05-22,1000000.00,4.450122,101.03125
08:00:40,91282CKN0,TSRYS5793018,D,S,T,2024-05-22,1000000.00,4.445527,101.05859375
08:00:40,91282CKN0,TSRYS5793018,D,B,C,2024-05-22,9900000.00,4.447496,101.046875
08:00:40,91282CKN0,TSRYS5793018,D,S,T,2024-05-22,1000000.00,4.450779,101.02734375
08:00:40,91282CKN0,TSRYS5793018,D,B,C,2024-05-22,42000000.00,4.445528,101.0585905
08:00:40,91282CKN0,TSRYS5793018,D,S,D,2024-05-22,1000000.00,4.465232,100.94140625
08:00:40,91282CKN0,TSRYS5793018,D,B,C,2024-05-22,17000000.00,4.447647,101.0459811
08:00:41,91282CKN0,TSRYS5793018,D,S,T,2024-05-22,3000000.00,4.460632,100.96875
08:00:41,91282CKN0,TSRYS5793018,D,S,T,2024-05-22,1000000.00,4.46326,100.953125
08:00:41,91282CKN0,TSRYS5793018,D,S,T,2024-05-22,1000000.00,4.46326,100.953125
08:00:41,91282CKN0,TSRYS5793018,D,S,D,2024-05-22,1000000.00,4.465889,100.9375
08:00:41,91282CKN0,TSRYS5793018,D,S,T,2024-05-22,1000000.00,4.465889,100.9375
08:00:41,91282CKN0,TSRYS5793018,D,S,T,2024-05-22,1000000.00,4.465889,100.9375
08:00:41,91282CKN0,TSRYS5793018,D,B,C,2024-05-22,50000000.00,4.464575,100.9453125
08:00:42,91282CKN0,TSRYS5793018,D,S,T,2024-05-22,5000000.00,4.465889,100.9375
08:00:42,91282CKN0,TSRYS5793018,D,S,T,2024-05-22,1000000.00,4.465889,100.9375
08:00:42,91282CKN0,TSRYS5793018,D,S,T,2024-05-22,2000000.00,4.46556,100.939453125
08:00:42,91282CKN0,TSRYS5793018,D,S,T,2024-05-22,1000000.00,4.465889,100.9375
08:00:42,91282CKN0,TSRYS5793018,D,S,T,2024-05-22,2000000.00,4.46556,100.939453125
08:00:42,91282CKN0,TSRYS5793018,D,S,T,2024-05-22,1000000.00,4.465249,100.94130625
08:00:42,91282CKN0,TSRYS5793018,D,S,T,2024-05-22,2000000.00,4.465249,100.94130625
08:00:42,91282CKN0,TSRYS5793018,D,S,D,2024-05-22,989000.00,4.448742,101.0394625
08:00:42,91282CKN0,TSRYS5793018,D,S,T,2024-05-22,2000000.00,4.465249,100.94130625
08:00:42,91282CKN0,TSRYS5793018,D,S,T,2024-05-22,1000000.00,4.468207,100.923728125
08:00:42,91282CKN0,TSRYS5793018,D,S,D,2024-05-22,2000000.00,4.454062,101.0078125
08:00:42,91282CKN0,TSRYS5793018,D,S,D,2024-05-22,1000000.00,4.453734,101.009765625
08:00:42,91282CKN0,TSRYS5793018,D,S,T,2024-05-22,1000000.00,4.453077,101.013671875
08:00:42,91282CKN0,TSRYS5793018,D,S,T,2024-05-22,2000000.00,4.453406,101.01171875
08:00:43,91282CKN0,TSRYS5793018,D,S,T,2024-05-22,1000000.00,4.46326,100.953125
08:00:43,91282CKN0,TSRYS5793018,D,S,T,2024-05-22,1000000.00,4.46326,100.953125
08:00:43,91282CKN0,TSRYS5793018,D,S,D,2024-05-22,1000000.00,4.465232,100.94140625
08:00:44,91282CKN0,TSRYS5793018,D,S,D,2024-05-22,1600000.00,4.450122,101.03125
08:00:46,91282CKN0,TSRYS5793018,D,S,D,2024-05-22,2000000.00,4.454062,101.0078125
08:00:46,91282CKN0,TSRYS5793018,D,S,T,2024-05-22,1000000.00,4.453077,101.013671875
08:00:46,91282CKN0,TSRYS5793018,D,S,D,2024-05-22,5000000.00,4.447825,101.04492
08:00:47,91282CKN0,TSRYS5793018,D,S,D,2024-05-22,1000000.00,4.450779,101.02734375
08:00:47,91282CKN0,TSRYS5793018,D,S,T,2024-05-22,1000000.00,4.453734,101.009765625
08:00:47,91282CKN0,TSRYS5793018,D,S,D,2024-05-22,2000000.00,4.453406,101.01171875
08:00:47,91282CKN0,TSRYS5793018,D,S,T,2024-05-22,2000000.00,4.452749,101.015625
08:00:47,91282CKN0,TSRYS5793018,D,S,T,2024-05-22,2000000.00,4.452749,101.015625
08:00:47,91282CKN0,TSRYS5793018,D,S,C,2024-05-22,1900000.00,4.460632,100.96875
08:00:47,91282CKN0,TSRYS5793018,D,S,C,2024-05-22,1950000.00,4.461946,100.9609375
08:00:47,91282CKN0,TSRYS5793018,D,S,C,2024-05-22,1950000.00,4.467861,100.92578125
08:00:47,91282CKN0,TSRYS5793018,D,B,C,2024-05-22,1850000.00,4.465232,100.94140625
08:00:48,91282CKN0,TSRYS5793018,D,S,T,2024-05-22,1000000.00,4.454391,101.005859375
08:00:49,91282CKN0,TSRYS5793018,D,B,A,2024-05-22,30000.00,4.457347,100.98828125
08:00:51,91282CKN0,TSRYS5793018,D,S,T,2024-05-22,2000000.00,4.465889,100.9375
08:00:51,91282CKN0,TSRYS5793018,D,S,T,2024-05-22,2000000.00,4.465889,100.9375
08:00:51,91282CKN0,TSRYS5793018,D,S,T,2024-05-22,1000000.00,4.465889,100.9375
08:00:51,91282CKN0,TSRYS5793018,D,S,T,2024-05-22,1000000.00,4.465889,100.9375
08:00:51,91282CKN0,TSRYS5793018,D,S,T,2024-05-22,1000000.00,4.465889,100.9375
08:00:51,91282CKN0,TSRYS5793018,D,S,T,2024-05-22,1000000.00,4.465889,100.9375
08:00:54,91282CKN0,TSRYS5793018,D,B,A,2024-05-22,100000.00,4.45669,100.9921875
08:01:03,91282CKN0,TSRYS5793018,D,S,T,2024-05-22,1000000.00,4.460632,100.96875
08:01:03,91282CKN0,TSRYS5793018,D,S,T,2024-05-22,1000000.00,4.46326,100.953125
08:01:05,91282CKN0,TSRYS5793018,D,B,C,2024-05-22,1000000.00,4.419951,101.2109375
08:01:05,91282CKN0,TSRYS5793018,D,S,C,2024-05-22,1000000.00,4.419951,101.2109375
08:01:05,91282CKN0,TSRYS5793018,D,S,C,2024-05-22,1000000.00,4.419296,101.21484375
08:01:05,91282CKN0,TSRYS5793018,D,B,C,2024-05-22,1000000.00,4.419296,101.21484375
08:01:05,91282CKN0,TSRYS5793018,D,S,C,2024-05-22,1000000.00,4.419951,101.2109375
08:01:05,91282CKN0,TSRYS5793018,D,B,C,2024-05-22,1000000.00,4.418968,101.216796875
08:01:05,91282CKN0,TSRYS5793018,D,B,C,2024-05-22,1000000.00,4.419951,101.2109375
08:01:05,91282CKN0,TSRYS5793018,D,S,C,2024-05-22,1000000.00,4.420278,101.208984375
08:01:05,91282CKN0,TSRYS5793018,D,S,D,2024-05-22,1000000.00,4.418968,101.216796875
08:01:05,91282CKN0,TSRYS5793018,D,S,C,2024-05-22,1000000.00,4.416675,101.23046875
08:01:05,91282CKN0,TSRYS5793018,D,B,C,2024-05-22,1000000.00,4.416675,101.23046875
08:01:05,91282CKN0,TSRYS5793018,D,S,C,2024-05-22,1000000.00,4.417658,101.224609375
08:01:05,91282CKN0,TSRYS5793018,D,S,C,2024-05-22,1000000.00,4.417658,101.224609375
08:01:05,91282CKN0,TSRYS5793018,D,B,C,2024-05-22,1000000.00,4.417658,101.224609375
08:01:05,91282CKN0,TSRYS5793018,D,S,D,2024-05-22,1000000.00,4.420278,101.208984375
08:01:05,91282CKN0,TSRYS5793018,D,B,C,2024-05-22,1000000.00,4.422572,101.1953125
08:01:05,91282CKN0,TSRYS5793018,D,S,C,2024-05-22,1000000.00,4.422244,101.197265625
08:01:05,91282CKN0,TSRYS5793018,D,S,C,2024-05-22,1000000.00,4.422572,101.1953125
08:01:05,91282CKN0,TSRYS5793018,D,B,C,2024-05-22,1000000.00,4.422244,101.197265625
08:01:05,91282CKN0,TSRYS5793018,D,S,C,2024-05-22,1000000.00,4.422572,101.1953125
08:01:05,91282CKN0,TSRYS5793018,D,B,C,2024-05-22,1000000.00,4.422572,101.1953125
08:01:05,91282CKN0,TSRYS5793018,D,S,C,2024-05-22,1000000.00,4.422572,101.1953125
08:01:05,91282CKN0,TSRYS5793018,D,B,C,2024-05-22,1000000.00,4.422244,101.197265625
08:01:05,91282CKN0,TSRYS5793018,D,S,C,2024-05-22,1000000.00,4.421589,101.201171875
08:01:05,91282CKN0,TSRYS5793018,D,S,C,2024-05-22,1000000.00,4.422244,101.197265625
08:01:05,91282CKN0,TSRYS5793018,D,B,C,2024-05-22,1000000.00,4.421589,101.201171875
08:01:05,91282CKN0,TSRYS5793018,D,S,D,2024-05-22,1000000.00,4.425194,101.1796875
08:01:05,91282CKN0,TSRYS5793018,D,B,C,2024-05-22,1000000.00,4.421917,101.19921875
08:01:05,91282CKN0,TSRYS5793018,D,S,D,2024-05-22,1000000.00,4.421917,101.19921875
08:01:05,91282CKN0,TSRYS5793018,D,B,C,2024-05-22,1000000.00,4.425194,101.1796875
08:01:05,91282CKN0,TSRYS5793018,D,S,C,2024-05-22,1000000.00,4.419296,101.21484375
08:01:05,91282CKN0,TSRYS5793018,D,B,C,2024-05-22,1000000.00,4.419296,101.21484375
08:01:05,91282CKN0,TSRYS5793018,D,B,C,2024-05-22,2000000.00,4.462603,100.95703125
08:01:06,91282CKN0,TSRYS5793018,D,B,C,2024-05-22,1000000.00,4.420606,101.20703125
08:01:06,91282CKN0,TSRYS5793018,D,S,C,2024-05-22,1000000.00,4.420606,101.20703125
08:01:06,91282CKN0,TSRYS5793018,D,B,C,2024-05-22,1000000.00,4.419951,101.2109375
08:01:06,91282CKN0,TSRYS5793018,D,S,A,2024-05-22,10000.00,4.461289,101.01484375
08:01:06,91282CKN0,TSRYS5793018,D,S,C,2024-05-22,1000000.00,4.419951,101.2109375
08:01:06,91282CKN0,TSRYS5793018,D,B,C,2024-05-22,1000000.00,4.419951,101.2109375
08:01:06,91282CKN0,TSRYS5793018,D,S,D,2024-05-22,1000000.00,4.419951,101.2109375
08:01:06,91282CKN0,TSRYS5793018,D,S,C,2024-05-22,1000000.00,4.419951,101.2109375
08:01:06,91282CKN0,TSRYS5793018,D,S,C,2024-05-22,1000000.00,4.419951,101.2109375
08:01:06,91282CKN0,TSRYS5793018,D,B,C,2024-05-22,1000000.00,4.419951,101.2109375
08:01:06,91282CKN0,TSRYS5793018,D,S,C,2024-05-22,1000000.00,4.421261,101.203125
08:01:06,91282CKN0,TSRYS5793018,D,B,C,2024-05-22,1000000.00,4.421261,101.203125
08:01:06,91282CKN0,TSRYS5793018,D,B,C,2024-05-22,1000000.00,4.421261,101.203125
08:01:06,91282CKN0,TSRYS5793018,D,S,D,2024-05-22,1000000.00,4.421261,101.203125
08:01:06,91282CKN0,TSRYS5793018,D,S,D,2024-05-22,2000000.00,4.421589,101.201171875
08:01:06,91282CKN0,TSRYS5793018,D,B,C,2024-05-22,2000000.00,4.421589,101.201171875
08:01:06,91282CKN0,TSRYS5793018,D,B,C,2024-05-22,1000000.00,4.424866,101.181640625
08:01:06,91282CKN0,TSRYS5793018,D,S,C,2024-05-22,1000000.00,4.424866,101.181640625
08:01:06,91282CKN0,TSRYS5793018,D,B,C,2024-05-22,1000000.00,4.426177,101.173828125
08:01:06,91282CKN0,TSRYS5793018,D,S,C,2024-05-22,1000000.00,4.426177,101.173828125
08:01:06,91282CKN0,TSRYS5793018,D,S,C,2024-05-22,1000000.00,4.428143,101.162109375
08:01:07,91282CKN0,TSRYS5793018,D,S,C,2024-05-22,1000000.00,4.429782,101.15234375
08:01:07,91282CKN0,TSRYS5793018,D,S,D,2024-05-22,1000000.00,4.429455,101.154296875
08:01:07,91282CKN0,TSRYS5793018,D,B,C,2024-05-22,1000000.00,4.429455,101.154296875
08:01:07,91282CKN0,TSRYS5793018,D,S,D,2024-05-22,1000000.00,4.429127,101.15625
08:01:07,91282CKN0,TSRYS5793018,D,B,C,2024-05-22,1000000.00,4.429127,101.15625
08:01:07,91282CKN0,TSRYS5793018,D,B,C,2024-05-22,1000000.00,4.429127,101.15625
08:01:07,91282CKN0,TSRYS5793018,D,S,C,2024-05-22,1000000.00,4.429127,101.15625
08:01:07,91282CKN0,TSRYS5793018,D,S,C,2024-05-22,2000000.00,4.440277,101.08984375
08:01:07,91282CKN0,TSRYS5793018,D,S,C,2024-05-22,1000000.00,4.441589,101.08203125
08:01:07,91282CKN0,TSRYS5793018,D,S,C,2024-05-22,1000000.00,4.444871,101.0625
08:01:07,91282CKN0,TSRYS5793018,D,S,C,2024-05-22,1000000.00,4.443558,101.0703125
08:01:07,91282CKN0,TSRYS5793018,D,B,C,2024-05-22,1000000.00,4.447825,101.044921875
08:01:07,91282CKN0,TSRYS5793018,D,S,C,2024-05-22,1000000.00,4.447825,101.044921875
08:01:07,91282CKN0,TSRYS5793018,D,S,D,2024-05-22,2000000.00,4.450779,101.02734375
08:01:07,91282CKN0,TSRYS5793018,D,S,D,2024-05-22,1000000.00,4.452749,101.015625
08:01:07,91282CKN0,TSRYS5793018,D,S,D,2024-05-22,1000000.00,4.452749,101.015625
08:01:08,91282CKN0,TSRYS5793018,D,S,T,2024-05-22,2000000.00,4.455376,101.0
08:01:08,91282CKN0,TSRYS5793018,D,S,T,2024-05-22,1000000.00,4.455048,101.001953125
08:01:08,91282CKN0,TSRYS5793018,D,B,C,2024-05-22,1000000.00,4.450122,101.03125
08:01:08,91282CKN0,TSRYS5793018,D,S,D,2024-05-22,1000000.00,4.450122,101.03125
08:01:08,91282CKN0,TSRYS5793018,D,S,D,2024-05-22,1000000.00,4.447496,101.046875
08:01:08,91282CKN0,TSRYS5793018,D,S,D,2024-05-22,1000000.00,4.446183,101.0546875
08:01:08,91282CKN0,TSRYS5793018,D,B,C,2024-05-22,1000000.00,4.446183,101.0546875
08:01:08,91282CKN0,TSRYS5793018,D,B,C,2024-05-22,1000000.00,4.446183,101.0546875
08:01:08,91282CKN0,TSRYS5793018,D,S,D,2024-05-22,1000000.00,4.446183,101.0546875
08:01:08,91282CKN0,TSRYS5793018,D,B,C,2024-05-22,1000000.00,4.446183,101.0546875
08:01:08,91282CKN0,TSRYS5793018,D,S,D,2024-05-22,1000000.00,4.446183,101.0546875
08:01:08,91282CKN0,TSRYS5793018,D,S,D,2024-05-22,3000000.00,4.446183,101.0546875
08:01:08,91282CKN0,TSRYS5793018,D,S,D,2024-05-22,1000000.00,4.450122,101.03125
08:01:08,91282CKN0,TSRYS5793018,D,S,C,2024-05-22,3000000.00,4.448481,101.041015625
08:01:08,91282CKN0,TSRYS5793018,D,B,C,2024-05-22,1000000.00,4.448481,101.041015625
08:01:08,91282CKN0,TSRYS5793018,D,S,D,2024-05-22,1000000.00,4.448481,101.041015625
08:01:08,91282CKN0,TSRYS5793018,D,S,D,2024-05-22,1000000.00,4.447496,101.046875
08:01:08,91282CKN0,TSRYS5793018,D,B,C,2024-05-22,1000000.00,4.447496,101.046875
08:01:08,91282CKN0,TSRYS5793018,D,B,C,2024-05-22,1000000.00,4.447825,101.044921875
08:01:08,91282CKN0,TSRYS5793018,D,S,C,2024-05-22,1000000.00,4.447825,101.044921875
08:01:09,91282CKN0,TSRYS5793018,D,B,C,2024-05-22,1000000.00,4.448153,101.04296875
08:01:09,91282CKN0,TSRYS5793018,D,S,C,2024-05-22,1000000.00,4.448153,101.04296875
08:01:09,91282CKN0,TSRYS5793018,D,S,D,2024-05-22,1000000.00,4.449794,101.033203125
08:01:09,91282CKN0,TSRYS5793018,D,S,C,2024-05-22,1000000.00,4.454719,101.00390625
08:01:09,91282CKN0,TSRYS5793018,D,B,C,2024-05-22,1000000.00,4.454719,101.00390625
08:01:09,91282CKN0,TSRYS5793018,D,S,C,2024-05-22,2000000.00,4.454062,101.0078125
08:01:09,91282CKN0,TSRYS5793018,D,S,C,2024-05-22,2000000.00,4.454062,101.0078125
08:01:09,91282CKN0,TSRYS5793018,D,S,C,2024-05-22,1000000.00,4.453734,101.009765625
08:01:09,91282CKN0,TSRYS5793018,D,S,D,2024-05-22,1000000.00,4.450779,101.02734375
08:01:09,91282CKN0,TSRYS5793018,D,S,D,2024-05-22,1000000.00,4.450122,101.03125
08:01:09,91282CKN0,TSRYS5793018,D,B,C,2024-05-22,1000000.00,4.450122,101.03125
08:01:09,91282CKN0,TSRYS5793018,D,B,C,2024-05-22,1000000.00,4.450122,101.03125
08:01:09,91282CKN0,TSRYS5793018,D,S,D,2024-05-22,1000000.00,4.450122,101.03125
08:01:09,91282CKN0,TSRYS5793018,D,S,D,2024-05-22,1000000.00,4.452749,101.015625
08:01:09,91282CKN0,TSRYS5793018,D,S,D,2024-05-22,2000000.00,4.453406,101.01171875
08:01:10,91282CKN0,TSRYS5793018,D,S,T,2024-05-22,5000000.00,4.455048,101.001953125
08:01:11,91282CKN0,TSRYS5793018,D,S,D,2024-05-22,1000000.00,4.444871,101.0625
08:01:11,91282CKN0,TSRYS5793018,D,S,D,2024-05-22,2000000.00,4.450779,101.02734375
08:01:11,91282CKN0,TSRYS5793018,D,S,D,2024-05-22,2000000.00,4.464575,100.9453125
08:01:11,91282CKN0,TSRYS5793018,D,S,D,2024-05-22,2000000.00,4.464575,100.9453125
08:01:11,91282CKN0,TSRYS5793018,D,S,D,2024-05-22,1000000.00,4.46819,100.923828125
08:01:11,91282CKN0,TSRYS5793018,D,S,D,2024-05-22,1000000.00,4.46819,100.923828125
08:01:11,91282CKN0,TSRYS5793018,D,S,T,2024-05-22,1000000.00,4.444887,101.0624
08:01:11,91282CKN0,TSRYS5793018,D,S,T,2024-05-22,2000000.00,4.446857,101.05068125
08:01:11,91282CKN0,TSRYS5793018,D,S,T,2024-05-22,1000000.00,4.450796,101.02724375
08:01:11,91282CKN0,TSRYS5793018,D,S,T,2024-05-22,2000000.00,4.450796,101.02724375
08:01:12,91282CKN0,TSRYS5793018,D,S,A,2024-05-22,14000000.00,4.452564,101.016725
08:01:12,91282CKN0,TSRYS5793018,D,S,A,2024-05-22,1950000.00,4.468519,100.921875
08:01:12,91282CKN0,TSRYS5793018,D,B,C,2024-05-22,1950000.00,4.468519,100.921875
08:01:12,91282CKN0,TSRYS5793018,D,B,C,2024-05-22,1900000.00,4.465889,100.9375
08:01:12,91282CKN0,TSRYS5793018,D,S,A,2024-05-22,1900000.00,4.465889,100.9375
08:01:12,91282CKN0,TSRYS5793018,D,S,D,2024-05-22,1000000.00,4.454719,101.00390625
08:01:12,91282CKN0,TSRYS5793018,D,B,C,2024-05-22,1000000.00,4.454719,101.00390625
08:01:12,91282CKN0,TSRYS5793018,D,B,C,2024-05-22,1000000.00,4.457018,100.990234375
08:01:12,91282CKN0,TSRYS5793018,D,S,D,2024-05-22,1000000.00,4.457018,100.990234375
08:01:12,91282CKN0,TSRYS5793018,D,B,C,2024-05-22,1000000.00,4.458661,100.98046875
08:01:12,91282CKN0,TSRYS5793018,D,S,C,2024-05-22,1000000.00,4.458661,100.98046875
08:01:12,91282CKN0,TSRYS5793018,D,B,C,2024-05-22,1000000.00,4.458661,100.98046875
08:01:12,91282CKN0,TSRYS5793018,D,S,C,2024-05-22,1000000.00,4.458661,100.98046875
08:01:13,91282CKN0,TSRYS5793018,D,S,T,2024-05-22,1000000.00,4.444908,101.062275
08:01:13,91282CKN0,TSRYS5793018,D,S,D,2024-05-22,2000000.00,4.464575,100.9453125
08:01:13,91282CKN0,TSRYS5793018,D,S,D,2024-05-22,2000000.00,4.464575,100.9453125
08:01:13,91282CKN0,TSRYS5793018,D,S,T,2024-05-22,2000000.00,4.455376,101.0
08:01:13,91282CKN0,TSRYS5793018,D,S,D,2024-05-22,2000000.00,4.46556,100.939453125
08:01:13,91282CKN0,TSRYS5793018,D,S,D,2024-05-22,1000000.00,4.463589,100.951171875
08:01:13,91282CKN0,TSRYS5793018,D,B,C,2024-05-22,1000000.00,4.463589,100.951171875
08:01:13,91282CKN0,TSRYS5793018,D,S,A,2024-05-22,500000.00,4.447496,101.046875
08:01:13,91282CKN0,TSRYS5793018,D,S,C,2024-05-22,1000000.00,4.466218,100.935546875
08:01:13,91282CKN0,TSRYS5793018,D,B,C,2024-05-22,1000000.00,4.466218,100.935546875
08:01:13,91282CKN0,TSRYS5793018,D,S,D,2024-05-22,1000000.00,4.46819,100.923828125
08:01:13,91282CKN0,TSRYS5793018,D,S,D,2024-05-22,1000000.00,4.46819,100.923828125
08:01:13,91282CKN0,TSRYS5793018,D,S,D,2024-05-22,14000000.00,4.452564,101.016725
08:01:13,91282CKN0,TSRYS5793018,D,B,C,2024-05-22,7000000.00,4.46476,100.9442125
08:01:13,91282CKN0,TSRYS5793018,D,B,C,2024-05-22,4000000.00,4.468375,100.9227281
08:01:13,91282CKN0,TSRYS5793018,D,S,C,2024-05-22,1000000.00,4.467533,100.927734375
08:01:13,91282CKN0,TSRYS5793018,D,B,C,2024-05-22,1000000.00,4.465232,100.94140625
08:01:13,91282CKN0,TSRYS5793018,D,S,C,2024-05-22,1000000.00,4.465232,100.94140625
08:01:13,91282CKN0,TSRYS5793018,D,S,D,2024-05-22,1000000.00,4.465232,100.94140625
08:01:13,91282CKN0,TSRYS5793018,D,B,C,2024-05-22,1000000.00,4.465232,100.94140625
08:01:14,91282CKN0,TSRYS5793018,D,S,T,2024-05-22,4000000.00,4.41864,101.21875
08:01:14,91282CKN0,TSRYS5793018,D,S,T,2024-05-22,1000000.00,4.455048,101.001953125
08:01:14,91282CKN0,TSRYS5793018,D,S,T,2024-05-22,1000000.00,4.41864,101.21875
08:01:14,91282CKN0,TSRYS5793018,D,B,C,2024-05-22,1000000.00,4.419951,101.2109375
08:01:14,91282CKN0,TSRYS5793018,D,B,C,2024-05-22,1000000.00,4.465232,100.94140625
08:01:14,91282CKN0,TSRYS5793018,D,S,D,2024-05-22,1000000.00,4.465232,100.94140625
08:01:14,91282CKN0,TSRYS5793018,D,S,D,2024-05-22,1000000.00,4.465889,100.9375
08:01:14,91282CKN0,TSRYS5793018,D,B,C,2024-05-22,1000000.00,4.419951,101.2109375
08:01:15,91282CKN0,TSRYS5793018,D,B,C,2024-05-22,1000000.00,4.424538,101.18359375
08:01:15,91282CKN0,TSRYS5793018,D,S,C,2024-05-22,5000000.00,4.424191,101.18566
08:01:16,91282CKN0,TSRYS5793018,D,B,C,2024-05-22,1000000.00,4.419951,101.2109375
08:01:16,91282CKN0,TSRYS5793018,D,B,C,2024-05-22,1000000.00,4.419951,101.2109375
08:01:17,91282CKN0,TSRYS5793018,D,S,T,2024-05-22,1000000.00,4.421261,101.203125
08:01:17,91282CKN0,TSRYS5793018,D,S,T,2024-05-22,1000000.00,4.421261,101.203125
08:01:17,91282CKN0,TSRYS5793018,D,S,T,2024-05-22,1000000.00,4.421261,101.203125
08:01:17,91282CKN0,TSRYS5793018,D,S,T,2024-05-22,1000000.00,4.41864,101.21875
08:01:17,91282CKN0,TSRYS5793018,D,S,C,2024-05-22,9400000.00,4.455376,101.0
08:01:17,91282CKN0,TSRYS5793018,D,S,C,2024-05-22,15000000.00,4.455376,101.0
08:01:17,91282CKN0,TSRYS5793018,D,S,T,2024-05-22,6000000.00,4.455376,101.0
08:01:18,91282CKN0,TSRYS5793018,D,S,T,2024-05-22,1000000.00,4.455376,101.0
08:01:18,91282CKN0,TSRYS5793018,D,B,C,2024-05-22,1000000.00,4.424538,101.18359375
08:01:18,91282CKN0,TSRYS5793018,D,S,T,2024-05-22,1000000.00,4.429127,101.15625
08:01:18,91282CKN0,TSRYS5793018,D,B,C,2024-05-22,1000000.00,4.422572,101.1953125
08:01:20,91282CKN0,TSRYS5793018,D,S,T,2024-05-22,2000000.00,4.455376,101.0
08:01:20,91282CKN0,TSRYS5793018,D,S,A,2024-05-22,1000000.00,4.448809,101.0390625
08:01:21,91282CKN0,TSRYS5793018,D,S,T,2024-05-22,2000000.00,4.450451,101.029296875
08:01:21,91282CKN0,TSRYS5793018,D,S,T,2024-05-22,2000000.00,4.450779,101.02734375
08:01:21,91282CKN0,TSRYS5793018,D,S,T,2024-05-22,2000000.00,4.464575,100.9453125
08:01:21,91282CKN0,TSRYS5793018,D,S,T,2024-05-22,1000000.00,4.464575,100.9453125
08:01:21,91282CKN0,TSRYS5793018,D,S,T,2024-05-22,2000000.00,4.46819,100.923828125
08:01:24,91282CKN0,TSRYS5793018,D,S,D,2024-05-22,1000000.00,4.452749,101.015625
08:01:24,91282CKN0,TSRYS5793018,D,S,T,2024-05-22,1000000.00,4.447168,101.04882812
08:01:24,91282CKN0,TSRYS5793018,D,S,T,2024-05-22,1000000.00,4.447168,101.04882812
08:01:24,91282CKN0,TSRYS5793018,D,S,T,2024-05-22,2000000.00,4.445527,101.05859375
08:01:24,91282CKN0,TSRYS5793018,D,S,T,2024-05-22,1000000.00,4.447496,101.046875
08:01:24,91282CKN0,TSRYS5793018,D,S,D,2024-05-22,1000000.00,4.419296,101.21484375
08:01:24,91282CKN0,TSRYS5793018,D,B,C,2024-05-22,1000000.00,4.419296,101.21484375
08:01:24,91282CKN0,TSRYS5793018,D,S,T,2024-05-22,2000000.00,4.447185,101.048728125
08:01:24,91282CKN0,TSRYS5793018,D,S,T,2024-05-22,1000000.00,4.447185,101.048728125
08:01:24,91282CKN0,TSRYS5793018,D,S,T,2024-05-22,1000000.00,4.447185,101.048728125
08:01:24,91282CKN0,TSRYS5793018,D,S,T,2024-05-22,1000000.00,4.447185,101.048728125
08:01:24,91282CKN0,TSRYS5793018,D,S,D,2024-05-22,2000000.00,4.417985,101.22265625
08:01:24,91282CKN0,TSRYS5793018,D,B,C,2024-05-22,2000000.00,4.417985,101.22265625
08:01:24,91282CKN0,TSRYS5793018,D,S,D,2024-05-22,2000000.00,4.41864,101.21875
08:01:24,91282CKN0,TSRYS5793018,D,B,C,2024-05-22,2000000.00,4.41864,101.21875
08:01:24,91282CKN0,TSRYS5793018,D,S,T,2024-05-22,1000000.00,4.447185,101.048728125
08:01:24,91282CKN0,TSRYS5793018,D,S,T,2024-05-22,1000000.00,4.447496,101.046875
08:01:24,91282CKN0,TSRYS5793018,D,S,T,2024-05-22,1000000.00,4.447496,101.046875
08:01:24,91282CKN0,TSRYS5793018,D,S,T,2024-05-22,1000000.00,4.452774,101.015475
08:01:24,91282CKN0,TSRYS5793018,D,S,D,2024-05-22,1000000.00,4.41864,101.21875
08:01:24,91282CKN0,TSRYS5793018,D,B,C,2024-05-22,1000000.00,4.41864,101.21875
08:01:24,91282CKN0,TSRYS5793018,D,B,C,2024-05-22,1000000.00,4.454719,101.00390625
08:01:24,91282CKN0,TSRYS5793018,D,B,C,2024-05-22,1000000.00,4.452421,101.01757812
08:01:24,91282CKN0,TSRYS5793018,D,S,D,2024-05-22,1000000.00,4.454391,101.00586
08:01:25,91282CKN0,TSRYS5793018,D,S,D,2024-05-22,150MM+,4.449386,101.03563
08:01:25,91282CKN0,TSRYS5793018,D,S,D,2024-05-22,1000000.00,4.455376,101.0
08:01:25,91282CKN0,TSRYS5793018,D,S,T,2024-05-22,1000000.00,4.455401,100.99985
08:01:25,91282CKN0,TSRYS5793018,D,S,T,2024-05-22,1000000.00,4.455401,100.99985
08:01:25,91282CKN0,TSRYS5793018,D,S,T,2024-05-22,2000000.00,4.456361,100.99414062
08:01:25,91282CKN0,TSRYS5793018,D,S,T,2024-05-22,1000000.00,4.455401,100.99985
08:01:25,91282CKN0,TSRYS5793018,D,S,T,2024-05-22,1000000.00,4.455401,100.99985
08:01:25,91282CKN0,TSRYS5793018,D,S,T,2024-05-22,1000000.00,4.460632,100.96875
08:01:27,91282CKN0,TSRYS5793018,D,B,C,2024-05-22,1000000.00,4.419951,101.2109375
08:01:27,91282CKN0,TSRYS5793018,D,S,C,2024-05-22,1000000.00,4.419951,101.2109375
08:01:27,91282CKN0,TSRYS5793018,D,S,D,2024-05-22,1000000.00,4.421589,101.201171875
08:01:28,91282CKN0,TSRYS5793018,D,S,T,2024-05-22,4000000.00,4.464246,100.947265625
08:01:28,91282CKN0,TSRYS5793018,D,S,C,2024-05-22,150MM+,4.464575,100.9453125
08:01:28,91282CKN0,TSRYS5793018,D,S,C,2024-05-22,1000000.00,4.41733,101.2265625
08:01:28,91282CKN0,TSRYS5793018,D,S,D,2024-05-22,1000000.00,4.465889,100.9375
08:01:29,91282CKN0,TSRYS5793018,D,S,D,2024-05-22,1000000.00,4.421917,101.19921875
08:01:29,91282CKN0,TSRYS5793018,D,B,C,2024-05-22,1000000.00,4.421917,101.19921875
08:01:29,91282CKN0,TSRYS5793018,D,B,C,2024-05-22,1000000.00,4.421589,101.201171875
08:01:29,91282CKN0,TSRYS5793018,D,S,C,2024-05-22,1000000.00,4.421589,101.201171875
08:01:29,91282CKN0,TSRYS5793018,D,S,C,2024-05-22,1000000.00,4.422572,101.1953125
08:01:30,91282CKN0,TSRYS5793018,D,S,D,2024-05-22,200000.00,4.452092,101.01953125
08:01:30,91282CKN0,TSRYS5793018,D,S,D,2024-05-22,500000.00,4.450122,101.03125
08:01:30,91282CKN0,TSRYS5793018,D,S,T,2024-05-22,2000000.00,4.447825,101.04492187
08:01:30,91282CKN0,TSRYS5793018,D,S,D,2024-05-22,2000000.00,4.447825,101.04492187
08:01:30,91282CKN0,TSRYS5793018,D,S,D,2024-05-22,1000000.00,4.447825,101.04492187
08:01:31,91282CKN0,TSRYS5793018,D,S,A,2024-05-22,1000000.00,4.452749,101.015625
08:01:31,91282CKN0,TSRYS5793018,D,S,D,2024-05-22,400000.00,4.46267,100.95663125
08:01:32,91282CKN0,TSRYS5793018,D,B,C,2024-05-22,1000000.00,4.454719,101.00390625
08:01:32,91282CKN0,TSRYS5793018,D,S,T,2024-05-22,1000000.00,4.439982,101.091596875
08:01:35,91282CKN0,TSRYS5793018,D,S,D,2024-05-22,500000.00,4.467204,100.9296875
08:01:36,91282CKN0,TSRYS5793018,D,S,D,2024-05-22,1000000.00,4.452092,101.01953125
08:01:36,91282CKN0,TSRYS5793018,D,S,T,2024-05-22,1000000.00,4.452092,101.01953125
08:01:36,91282CKN0,TSRYS5793018,D,S,T,2024-05-22,1000000.00,4.452092,101.01953125
08:01:36,91282CKN0,TSRYS5793018,D,S,T,2024-05-22,1000000.00,4.452092,101.01953125
08:01:37,91282CKN0,TSRYS5793018,D,S,D,2024-05-22,1000000.00,4.425194,101.1796875
08:01:37,91282CKN0,TSRYS5793018,D,B,C,2024-05-22,1000000.00,4.422572,101.1953125
08:01:37,91282CKN0,TSRYS5793018,D,S,D,2024-05-22,1000000.00,4.422572,101.1953125
08:01:37,91282CKN0,TSRYS5793018,D,S,C,2024-05-22,1000000.00,4.420934,101.205078125
08:01:37,91282CKN0,TSRYS5793018,D,B,C,2024-05-22,1000000.00,4.419951,101.2109375
08:01:37,91282CKN0,TSRYS5793018,D,S,D,2024-05-22,1000000.00,4.419951,101.2109375
08:01:37,91282CKN0,TSRYS5793018,D,B,C,2024-05-22,3000000.00,4.418968,101.216796875
08:01:37,91282CKN0,TSRYS5793018,D,S,D,2024-05-22,3000000.00,4.418968,101.216796875
08:01:37,91282CKN0,TSRYS5793018,D,S,D,2024-05-22,1000000.00,4.41864,101.21875
08:01:38,91282CKN0,TSRYS5793018,D,S,D,2024-05-22,1000000.00,4.465232,100.94140625
08:01:40,91282CKN0,TSRYS5793018,D,S,T,2024-05-22,1000000.00,4.465889,100.9375
08:01:40,91282CKN0,TSRYS5793018,D,S,T,2024-05-22,2000000.00,4.465889,100.9375
08:01:41,91282CKN0,TSRYS5793018,D,S,D,2024-05-22,2000000.00,4.465232,100.94140625
08:01:42,91282CKN0,TSRYS5793018,D,B,A,2024-05-22,7000000.00,4.45669,100.9921875
08:01:43,91282CKN0,TSRYS5793018,D,S,D,2024-05-22,1000000.00,4.462274,100.95898437
08:01:43,91282CKN0,TSRYS5793018,D,S,D,2024-05-22,1000000.00,4.462274,100.95898437
08:01:44,91282CKN0,TSRYS5793018,D,S,T,2024-05-22,1000000.00,4.450144,101.03112
08:01:46,91282CKN0,TSRYS5793018,D,S,A,2024-05-22,989000.00,4.448742,101.0414625
08:01:46,91282CKN0,TSRYS5793018,D,B,C,2024-05-22,1000000.00,4.419951,101.2109375
08:01:46,91282CKN0,TSRYS5793018,D,S,D,2024-05-22,1000000.00,4.419951,101.2109375
08:01:47,91282CKN0,TSRYS5793018,D,S,C,2024-05-22,1000000.00,4.419951,101.2109375
08:01:47,91282CKN0,TSRYS5793018,D,S,C,2024-05-22,1000000.00,4.419951,101.2109375
08:01:47,91282CKN0,TSRYS5793018,D,S,D,2024-05-22,1000000.00,4.419951,101.2109375
08:01:47,91282CKN0,TSRYS5793018,D,S,C,2024-05-22,1000000.00,4.419951,101.2109375
08:01:47,91282CKN0,TSRYS5793018,D,B,C,2024-05-22,1000000.00,4.419951,101.2109375
08:01:47,91282CKN0,TSRYS5793018,D,S,C,2024-05-22,1000000.00,4.419951,101.2109375
08:01:47,91282CKN0,TSRYS5793018,D,S,C,2024-05-22,1000000.00,4.419951,101.2109375
08:01:48,91282CKN0,TSRYS5793018,D,S,C,2024-05-22,1000000.00,4.420278,101.208984375
08:01:48,91282CKN0,TSRYS5793018,D,S,D,2024-05-22,1000000.00,4.419951,101.2109375
08:01:48,91282CKN0,TSRYS5793018,D,S,D,2024-05-22,1000000.00,4.419951,101.2109375
08:01:48,91282CKN0,TSRYS5793018,D,S,D,2024-05-22,1000000.00,4.419951,101.2109375
08:01:48,91282CKN0,TSRYS5793018,D,S,D,2024-05-22,4000000.00,4.419951,101.2109375
08:01:48,91282CKN0,TSRYS5793018,D,S,D,2024-05-22,1000000.00,4.419951,101.2109375
08:01:48,91282CKN0,TSRYS5793018,D,S,D,2024-05-22,1000000.00,4.419951,101.2109375
08:01:48,91282CKN0,TSRYS5793018,D,S,C,2024-05-22,1000000.00,4.419951,101.2109375
08:01:48,91282CKN0,TSRYS5793018,D,B,C,2024-05-22,1000000.00,4.419951,101.2109375
08:01:49,91282CKN0,TSRYS5793018,D,B,C,2024-05-22,1000000.00,4.419296,101.21484375
08:01:49,91282CKN0,TSRYS5793018,D,S,D,2024-05-22,1000000.00,4.419296,101.21484375
08:01:49,91282CKN0,TSRYS5793018,D,S,T,2024-05-22,1000000.00,4.450144,101.03112
08:01:49,91282CKN0,TSRYS5793018,D,S,D,2024-05-22,1000000.00,4.419623,101.212890625
08:01:57,91282CKN0,TSRYS5793018,D,S,C,2024-05-22,1000000.00,4.418607,101.21895
08:01:57,91282CKN0,TSRYS5793018,D,S,C,2024-05-22,1000000.00,4.421261,101.203125
08:01:58,91282CKN0,TSRYS5793018,D,S,D,2024-05-22,1000000.00,4.421261,101.203125
08:01:58,91282CKN0,TSRYS5793018,D,S,C,2024-05-22,1000000.00,4.421228,101.203325
08:01:58,91282CKN0,TSRYS5793018,D,S,D,2024-05-22,1000000.00,4.41864,101.21875
08:01:58,91282CKN0,TSRYS5793018,D,B,C,2024-05-22,1000000.00,4.41864,101.21875
08:01:58,91282CKN0,TSRYS5793018,D,B,A,2024-05-22,538000.00,4.448809,101.0390625
08:02:00,91282CKN0,TSRYS5793018,D,S,A,2024-05-22,200000.00,4.448077,101.04296875
08:02:00,91282CKN0,TSRYS5793018,D,S,C,2024-05-22,1000000.00,4.423883,101.1875
08:02:01,91282CKN0,TSRYS5793018,D,S,D,2024-05-22,1000000.00,4.429127,101.15625
08:02:01,91282CKN0,TSRYS5793018,D,B,C,2024-05-22,1000000.00,4.429127,101.15625
08:02:01,91282CKN0,TSRYS5793018,D,B,C,2024-05-22,1000000.00,4.421261,101.203125
08:02:01,91282CKN0,TSRYS5793018,D,S,C,2024-05-22,1000000.00,4.421261,101.203125
08:02:01,91282CKN0,TSRYS5793018,D,S,D,2024-05-22,1000000.00,4.429127,101.15625
08:02:01,91282CKN0,TSRYS5793018,D,B,C,2024-05-22,1000000.00,4.429127,101.15625
08:02:01,91282CKN0,TSRYS5793018,D,S,D,2024-05-22,1000000.00,4.429127,101.15625
08:02:01,91282CKN0,TSRYS5793018,D,B,C,2024-05-22,1000000.00,4.429127,101.15625
08:02:01,91282CKN0,TSRYS5793018,D,S,D,2024-05-22,1000000.00,4.429127,101.15625
08:02:01,91282CKN0,TSRYS5793018,D,B,C,2024-05-22,1000000.00,4.429127,101.15625
08:02:02,91282CKN0,TSRYS5793018,D,S,C,2024-05-22,1000000.00,4.432077,101.138671875
08:02:02,91282CKN0,TSRYS5793018,D,B,C,2024-05-22,1000000.00,4.432077,101.138671875
08:02:02,91282CKN0,TSRYS5793018,D,S,D,2024-05-22,1000000.00,4.432077,101.138671875
08:02:02,91282CKN0,TSRYS5793018,D,B,C,2024-05-22,1000000.00,4.432077,101.138671875
08:02:03,91282CKN0,TSRYS5793018,D,S,A,2024-05-22,500000.00,4.444871,101.0625
08:02:03,91282CKN0,TSRYS5793018,D,S,D,2024-05-22,1000000.00,4.435685,101.1171875
08:02:03,91282CKN0,TSRYS5793018,D,B,C,2024-05-22,1000000.00,4.435685,101.1171875
08:02:03,91282CKN0,TSRYS5793018,D,S,C,2024-05-22,1000000.00,4.435685,101.1171875
08:02:03,91282CKN0,TSRYS5793018,D,B,C,2024-05-22,1000000.00,4.435685,101.1171875
08:02:03,91282CKN0,TSRYS5793018,D,S,C,2024-05-22,1000000.00,4.435685,101.1171875
08:02:03,91282CKN0,TSRYS5793018,D,B,C,2024-05-22,1000000.00,4.435685,101.1171875
08:02:03,91282CKN0,TSRYS5793018,D,S,C,2024-05-22,9600000.00,4.467204,100.9296875
08:02:04,91282CKN0,TSRYS5793018,D,B,C,2024-05-22,1000000.00,4.433061,101.1328125
08:02:04,91282CKN0,TSRYS5793018,D,S,C,2024-05-22,1000000.00,4.433061,101.1328125
08:02:04,91282CKN0,TSRYS5793018,D,B,C,2024-05-22,1000000.00,4.430438,101.1484375
08:02:04,91282CKN0,TSRYS5793018,D,S,C,2024-05-22,1000000.00,4.430438,101.1484375
08:02:06,91282CKN0,TSRYS5793018,D,S,C,2024-05-22,1000000.00,4.438309,101.1015625
08:02:06,91282CKN0,TSRYS5793018,D,B,C,2024-05-22,1000000.00,4.438309,101.1015625
08:02:10,91282CKN0,TSRYS5793018,D,B,C,2024-05-22,1000000.00,4.443558,101.0703125
08:02:11,91282CKN0,TSRYS5793018,D,S,D,2024-05-22,1000000.00,4.443558,101.0703125
08:02:11,91282CKN0,TSRYS5793018,D,S,C,2024-05-22,1000000.00,4.442245,101.078125
08:02:11,91282CKN0,TSRYS5793018,D,S,C,2024-05-22,1000000.00,4.442245,101.078125
08:02:11,91282CKN0,TSRYS5793018,D,S,D,2024-05-22,1000000.00,4.44323,101.072265625
08:02:11,91282CKN0,TSRYS5793018,D,B,C,2024-05-22,1000000.00,4.44323,101.072265625
08:02:11,91282CKN0,TSRYS5793018,D,B,C,2024-05-22,1000000.00,4.444871,101.0625
08:02:11,91282CKN0,TSRYS5793018,D,S,D,2024-05-22,1000000.00,4.444871,101.0625
08:02:12,91282CKN0,TSRYS5793018,D,S,C,2024-05-22,1000000.00,4.423858,101.18765
08:02:12,91282CKN0,TSRYS5793018,D,B,C,2024-05-22,3000000.00,4.442245,101.078125
08:02:12,91282CKN0,TSRYS5793018,D,S,D,2024-05-22,3000000.00,4.442245,101.078125
08:02:12,91282CKN0,TSRYS5793018,D,B,C,2024-05-22,1000000.00,4.421261,101.203125
08:02:12,91282CKN0,TSRYS5793018,D,S,D,2024-05-22,1000000.00,4.421261,101.203125
08:02:13,91282CKN0,TSRYS5793018,D,S,D,2024-05-22,1000000.00,4.41864,101.21875
08:02:13,91282CKN0,TSRYS5793018,D,B,C,2024-05-22,1000000.00,4.41864,101.21875
08:02:13,91282CKN0,TSRYS5793018,D,S,D,2024-05-22,4000000.00,4.41864,101.21875
08:02:13,91282CKN0,TSRYS5793018,D,S,C,2024-05-22,1000000.00,4.421261,101.203125
08:02:13,91282CKN0,TSRYS5793018,D,S,D,2024-05-22,1000000.00,4.421261,101.203125
08:02:13,91282CKN0,TSRYS5793018,D,B,C,2024-05-22,1000000.00,4.442245,101.078125
08:02:13,91282CKN0,TSRYS5793018,D,B,C,2024-05-22,1000000.00,4.421303,101.202875
08:02:13,91282CKN0,TSRYS5793018,D,S,D,2024-05-22,1000000.00,4.421261,101.203125
08:02:13,91282CKN0,TSRYS5793018,D,S,C,2024-05-22,1000000.00,4.442245,101.078125
08:02:13,91282CKN0,TSRYS5793018,D,S,C,2024-05-22,1000000.00,4.421261,101.203125
08:02:14,91282CKN0,TSRYS5793018,D,S,D,2024-05-22,1000000.00,4.41864,101.21875
08:02:14,91282CKN0,TSRYS5793018,D,B,C,2024-05-22,1000000.00,4.41864,101.21875
08:02:14,91282CKN0,TSRYS5793018,D,S,D,2024-05-22,1000000.00,4.41864,101.21875
08:02:14,91282CKN0,TSRYS5793018,D,S,D,2024-05-22,1000000.00,4.41864,101.21875
08:02:14,91282CKN0,TSRYS5793018,D,S,C,2024-05-22,1000000.00,4.41864,101.21875
08:02:14,91282CKN0,TSRYS5793018,D,S,C,2024-05-22,1950000.00,4.466546,100.93359375
08:02:14,91282CKN0,TSRYS5793018,D,B,C,2024-05-22,1000000.00,4.41602,101.234375
08:02:14,91282CKN0,TSRYS5793018,D,B,C,2024-05-22,1000000.00,4.41602,101.234375
08:02:14,91282CKN0,TSRYS5793018,D,S,D,2024-05-22,1000000.00,4.41602,101.234375
08:02:14,91282CKN0,TSRYS5793018,D,S,D,2024-05-22,1000000.00,4.41602,101.234375
08:02:14,91282CKN0,TSRYS5793018,D,B,C,2024-05-22,1000000.00,4.442245,101.078125
08:02:14,91282CKN0,TSRYS5793018,D,S,C,2024-05-22,1000000.00,4.442245,101.078125
08:02:14,91282CKN0,TSRYS5793018,D,B,C,2024-05-22,1000000.00,4.442902,101.07421875
08:02:14,91282CKN0,TSRYS5793018,D,S,C,2024-05-22,1000000.00,4.442902,101.07421875
08:02:14,91282CKN0,TSRYS5793018,D,B,C,2024-05-22,1000000.00,4.440933,101.0859375
08:02:15,91282CKN0,TSRYS5793018,D,S,C,2024-05-22,1000000.00,4.440933,101.0859375
08:02:15,91282CKN0,TSRYS5793018,D,B,C,2024-05-22,1000000.00,4.440933,101.0859375
08:02:15,91282CKN0,TSRYS5793018,D,S,C,2024-05-22,1000000.00,4.440933,101.0859375
08:02:16,91282CKN0,TSRYS5793018,D,S,D,2024-05-22,1000000.00,4.41864,101.21875
08:02:16,91282CKN0,TSRYS5793018,D,B,C,2024-05-22,1000000.00,4.418682,101.2185
08:02:16,91282CKN0,TSRYS5793018,D,S,D,2024-05-22,1000000.00,4.41602,101.234375
08:02:16,91282CKN0,TSRYS5793018,D,S,C,2024-05-22,1000000.00,4.41602,101.234375
08:02:16,91282CKN0,TSRYS5793018,D,B,C,2024-05-22,1000000.00,4.41602,101.234375
08:02:17,91282CKN0,TSRYS5793018,D,S,C,2024-05-22,1000000.00,4.421211,101.203425
08:02:17,91282CKN0,TSRYS5793018,D,S,D,2024-05-22,1000000.00,4.421261,101.203125
08:02:17,91282CKN0,TSRYS5793018,D,B,C,2024-05-22,1000000.00,4.421287,101.202975
08:02:17,91282CKN0,TSRYS5793018,D,B,C,2024-05-22,1000000.00,4.421287,101.202975
08:02:17,91282CKN0,TSRYS5793018,D,S,C,2024-05-22,1000000.00,4.421211,101.203425
08:02:17,91282CKN0,TSRYS5793018,D,B,C,2024-05-22,1000000.00,4.421261,101.203125
08:02:17,91282CKN0,TSRYS5793018,D,B,C,2024-05-22,1000000.00,4.421287,101.202975
08:02:17,91282CKN0,TSRYS5793018,D,S,D,2024-05-22,1000000.00,4.421261,101.203125
08:02:18,91282CKN0,TSRYS5793018,D,S,D,2024-05-22,1000000.00,4.42124,101.203255
08:02:18,91282CKN0,TSRYS5793018,D,B,C,2024-05-22,1000000.00,4.421303,101.202875
08:02:18,91282CKN0,TSRYS5793018,D,B,C,2024-05-22,1000000.00,4.421261,101.203125
08:02:18,91282CKN0,TSRYS5793018,D,S,C,2024-05-22,1000000.00,4.421261,101.203125
08:02:18,91282CKN0,TSRYS5793018,D,B,C,2024-05-22,1000000.00,4.41864,101.21875
08:02:18,91282CKN0,TSRYS5793018,D,B,C,2024-05-22,1000000.00,4.41864,101.21875
08:02:18,91282CKN0,TSRYS5793018,D,S,D,2024-05-22,1000000.00,4.446183,101.0546875
08:02:18,91282CKN0,TSRYS5793018,D,S,D,2024-05-22,1000000.00,4.41864,101.21875
08:02:18,91282CKN0,TSRYS5793018,D,S,D,2024-05-22,1000000.00,4.41864,101.21875
08:02:18,91282CKN0,TSRYS5793018,D,S,D,2024-05-22,1000000.00,4.41864,101.21875
08:02:18,91282CKN0,TSRYS5793018,D,B,C,2024-05-22,1000000.00,4.446183,101.0546875
08:02:19,91282CKN0,TSRYS5793018,D,S,C,2024-05-22,1000000.00,4.41859,101.21905
08:02:19,91282CKN0,TSRYS5793018,D,B,C,2024-05-22,1000000.00,4.41864,101.21875
08:02:19,91282CKN0,TSRYS5793018,D,S,D,2024-05-22,1000000.00,4.41864,101.21875
08:02:19,91282CKN0,TSRYS5793018,D,S,C,2024-05-22,1000000.00,4.41864,101.21875
08:02:19,91282CKN0,TSRYS5793018,D,B,C,2024-05-22,1000000.00,4.41864,101.21875
08:02:19,91282CKN0,TSRYS5793018,D,B,C,2024-05-22,1000000.00,4.41864,101.21875
08:02:19,91282CKN0,TSRYS5793018,D,S,C,2024-05-22,1000000.00,4.41864,101.21875
08:02:19,91282CKN0,TSRYS5793018,D,B,C,2024-05-22,1000000.00,4.41864,101.21875
08:02:19,91282CKN0,TSRYS5793018,D,S,C,2024-05-22,1000000.00,4.41864,101.21875
08:02:19,91282CKN0,TSRYS5793018,D,S,C,2024-05-22,1000000.00,4.41864,101.21875
08:02:19,91282CKN0,TSRYS5793018,D,B,C,2024-05-22,1000000.00,4.418666,101.2186
08:02:19,91282CKN0,TSRYS5793018,D,B,C,2024-05-22,1000000.00,4.418666,101.2186
08:02:19,91282CKN0,TSRYS5793018,D,S,C,2024-05-22,1000000.00,4.41864,101.21875
08:02:19,91282CKN0,TSRYS5793018,D,B,C,2024-05-22,1000000.00,4.418666,101.2186
08:02:20,91282CKN0,TSRYS5793018,D,B,C,2024-05-22,1000000.00,4.41864,101.21875
08:02:20,91282CKN0,TSRYS5793018,D,S,C,2024-05-22,1000000.00,4.41864,101.21875
08:02:20,91282CKN0,TSRYS5793018,D,S,D,2024-05-22,1000000.00,4.41864,101.21875
08:02:20,91282CKN0,TSRYS5793018,D,S,D,2024-05-22,1000000.00,4.41864,101.21875
08:02:20,91282CKN0,TSRYS5793018,D,B,C,2024-05-22,1000000.00,4.41864,101.21875
08:02:20,91282CKN0,TSRYS5793018,D,S,D,2024-05-22,1000000.00,4.41864,101.21875
08:02:20,91282CKN0,TSRYS5793018,D,S,T,2024-05-22,1000000.00,4.419296,101.21484375
08:02:20,91282CKN0,TSRYS5793018,D,S,T,2024-05-22,1000000.00,4.419296,101.21484375
08:02:20,91282CKN0,TSRYS5793018,D,S,T,2024-05-22,1000000.00,4.419296,101.21484375
08:02:20,91282CKN0,TSRYS5793018,D,S,T,2024-05-22,1000000.00,4.419296,101.21484375
08:02:20,91282CKN0,TSRYS5793018,D,S,C,2024-05-22,1000000.00,4.421261,101.203125
08:02:21,91282CKN0,TSRYS5793018,D,S,D,2024-05-22,3000000.00,4.421261,101.203125
08:02:21,91282CKN0,TSRYS5793018,D,S,T,2024-05-22,1000000.00,4.419296,101.21484375
08:02:21,91282CKN0,TSRYS5793018,D,S,T,2024-05-22,1000000.00,4.419296,101.21484375
08:02:21,91282CKN0,TSRYS5793018,D,S,D,2024-05-22,1000000.00,4.421261,101.203125
08:02:21,91282CKN0,TSRYS5793018,D,S,C,2024-05-22,1000000.00,4.421261,101.203125
08:02:21,91282CKN0,TSRYS5793018,D,S,D,2024-05-22,1000000.00,4.421261,101.203125
08:02:21,91282CKN0,TSRYS5793018,D,S,C,2024-05-22,1000000.00,4.421219,101.203375
08:02:21,91282CKN0,TSRYS5793018,D,S,C,2024-05-22,2000000.00,4.421261,101.203125
08:02:21,91282CKN0,TSRYS5793018,D,S,T,2024-05-22,1000000.00,4.419296,101.21484375
08:02:21,91282CKN0,TSRYS5793018,D,S,T,2024-05-22,1000000.00,4.419296,101.21484375
08:02:21,91282CKN0,TSRYS5793018,D,S,T,2024-05-22,1000000.00,4.419951,101.2109375
08:02:21,91282CKN0,TSRYS5793018,D,S,T,2024-05-22,1000000.00,4.419951,101.2109375
08:02:21,91282CKN0,TSRYS5793018,D,S,T,2024-05-22,2000000.00,4.419951,101.2109375
08:02:21,91282CKN0,TSRYS5793018,D,B,C,2024-05-22,1000000.00,4.423883,101.1875
08:02:21,91282CKN0,TSRYS5793018,D,S,T,2024-05-22,1000000.00,4.419951,101.2109375
08:02:21,91282CKN0,TSRYS5793018,D,S,C,2024-05-22,1000000.00,4.423883,101.1875
08:02:21,91282CKN0,TSRYS5793018,D,S,T,2024-05-22,2000000.00,4.419623,101.212890625
08:02:21,91282CKN0,TSRYS5793018,D,S,T,2024-05-22,1000000.00,4.419951,101.2109375
08:02:21,91282CKN0,TSRYS5793018,D,S,T,2024-05-22,1000000.00,4.419951,101.2109375
08:02:21,91282CKN0,TSRYS5793018,D,S,T,2024-05-22,1000000.00,4.419951,101.2109375
08:02:21,91282CKN0,TSRYS5793018,D,S,T,2024-05-22,4000000.00,4.419951,101.2109375
08:02:22,91282CKN0,TSRYS5793018,D,S,D,2024-05-22,1000000.00,4.423883,101.1875
08:02:22,91282CKN0,TSRYS5793018,D,B,C,2024-05-22,1000000.00,4.423883,101.1875
08:02:22,91282CKN0,TSRYS5793018,D,S,D,2024-05-22,1000000.00,4.423883,101.1875
08:02:22,91282CKN0,TSRYS5793018,D,S,C,2024-05-22,1000000.00,4.423849,101.1877
08:02:22,91282CKN0,TSRYS5793018,D,B,C,2024-05-22,1000000.00,4.423883,101.1875
08:02:22,91282CKN0,TSRYS5793018,D,S,C,2024-05-22,1000000.00,4.423849,101.1877
08:02:22,91282CKN0,TSRYS5793018,D,B,C,2024-05-22,1000000.00,4.423883,101.1875
08:02:22,91282CKN0,TSRYS5793018,D,S,T,2024-05-22,2000000.00,4.426505,101.171875
08:02:22,91282CKN0,TSRYS5793018,D,S,T,2024-05-22,2000000.00,4.426505,101.171875
08:02:22,91282CKN0,TSRYS5793018,D,S,T,2024-05-22,1000000.00,4.426505,101.171875
08:02:22,91282CKN0,TSRYS5793018,D,S,T,2024-05-22,1000000.00,4.426505,101.171875
08:02:22,91282CKN0,TSRYS5793018,D,S,D,2024-05-22,2000000.00,4.446957,101.0500813
08:02:22,91282CKN0,TSRYS5793018,D,S,D,2024-05-22,2000000.00,4.450568,101.0285969
08:02:22,91282CKN0,TSRYS5793018,D,S,D,2024-05-22,7000000.00,4.450863,101.0268438
08:02:22,91282CKN0,TSRYS5793018,D,S,C,2024-05-22,12000000.00,4.429264,101.15543
08:02:22,91282CKN0,TSRYS5793018,D,S,D,2024-05-22,3000000.00,4.444988,101.0618
08:02:22,91282CKN0,TSRYS5793018,D,S,T,2024-05-22,1000000.00,4.451107,101.025390625
08:02:22,91282CKN0,TSRYS5793018,D,S,T,2024-05-22,1000000.00,4.448481,101.041015625
08:02:22,91282CKN0,TSRYS5793018,D,S,T,2024-05-22,1000000.00,4.446183,101.0546875
08:02:22,91282CKN0,TSRYS5793018,D,S,T,2024-05-22,1000000.00,4.451107,101.025390625
08:02:22,91282CKN0,TSRYS5793018,D,S,T,2024-05-22,1000000.00,4.451107,101.025390625
08:02:22,91282CKN0,TSRYS5793018,D,S,T,2024-05-22,1000000.00,4.451107,101.025390625
08:02:22,91282CKN0,TSRYS5793018,D,S,T,2024-05-22,1000000.00,4.451107,101.025390625
08:02:22,91282CKN0,TSRYS5793018,D,S,T,2024-05-22,1000000.00,4.446183,101.0546875
08:02:22,91282CKN0,TSRYS5793018,D,S,T,2024-05-22,1000000.00,4.446183,101.0546875
08:02:22,91282CKN0,TSRYS5793018,D,S,C,2024-05-22,169800.00,4.450122,101.03125
08:02:22,91282CKN0,TSRYS5793018,D,S,T,2024-05-22,1000000.00,4.447825,101.044921875
08:02:22,91282CKN0,TSRYS5793018,D,S,T,2024-05-22,1000000.00,4.446183,101.0546875
08:02:22,91282CKN0,TSRYS5793018,D,S,T,2024-05-22,2000000.00,4.445855,101.056640625
08:02:22,91282CKN0,TSRYS5793018,D,S,A,2024-05-22,20000.00,4.44684,101.05078125
08:02:22,91282CKN0,TSRYS5793018,D,S,T,2024-05-22,1000000.00,4.446183,101.0546875
08:02:22,91282CKN0,TSRYS5793018,D,S,T,2024-05-22,1000000.00,4.447496,101.046875
08:02:22,91282CKN0,TSRYS5793018,D,S,T,2024-05-22,1000000.00,4.421261,101.203125
08:02:22,91282CKN0,TSRYS5793018,D,S,T,2024-05-22,1000000.00,4.421261,101.203125
08:02:22,91282CKN0,TSRYS5793018,D,S,T,2024-05-22,2000000.00,4.421261,101.203125
08:02:22,91282CKN0,TSRYS5793018,D,S,T,2024-05-22,1000000.00,4.421261,101.203125
08:02:22,91282CKN0,TSRYS5793018,D,S,C,2024-05-22,2000000.00,4.426471,101.172075
08:02:22,91282CKN0,TSRYS5793018,D,S,D,2024-05-22,2000000.00,4.426505,101.171875
08:02:22,91282CKN0,TSRYS5793018,D,S,D,2024-05-22,1000000.00,4.426505,101.171875
08:02:22,91282CKN0,TSRYS5793018,D,S,C,2024-05-22,1000000.00,4.426505,101.171875
08:02:22,91282CKN0,TSRYS5793018,D,S,T,2024-05-22,2000000.00,4.421261,101.203125
08:02:22,91282CKN0,TSRYS5793018,D,S,T,2024-05-22,2000000.00,4.421261,101.203125
08:02:23,91282CKN0,TSRYS5793018,D,S,T,2024-05-22,1000000.00,4.421261,101.203125
08:02:23,91282CKN0,TSRYS5793018,D,B,C,2024-05-22,1000000.00,4.429127,101.15625
08:02:23,91282CKN0,TSRYS5793018,D,S,C,2024-05-22,1000000.00,4.429076,101.15655
08:02:23,91282CKN0,TSRYS5793018,D,S,D,2024-05-22,1000000.00,4.429127,101.15625
08:02:23,91282CKN0,TSRYS5793018,D,S,T,2024-05-22,1000000.00,4.423883,101.1875
08:02:23,91282CKN0,TSRYS5793018,D,S,T,2024-05-22,1000000.00,4.423883,101.1875
08:02:23,91282CKN0,TSRYS5793018,D,S,T,2024-05-22,3000000.00,4.423883,101.1875
08:02:23,91282CKN0,TSRYS5793018,D,S,T,2024-05-22,1000000.00,4.423227,101.19140625
08:02:23,91282CKN0,TSRYS5793018,D,S,T,2024-05-22,1000000.00,4.445855,101.056640625
08:02:23,91282CKN0,TSRYS5793018,D,S,C,2024-05-22,1000000.00,4.429127,101.15625
08:02:23,91282CKN0,TSRYS5793018,D,S,C,2024-05-22,2000000.00,4.429127,101.15625
08:02:23,91282CKN0,TSRYS5793018,D,B,C,2024-05-22,2000000.00,4.429127,101.15625
08:02:23,91282CKN0,TSRYS5793018,D,B,C,2024-05-22,2000000.00,4.429127,101.15625
08:02:23,91282CKN0,TSRYS5793018,D,B,C,2024-05-22,1000000.00,4.429127,101.15625
08:02:23,91282CKN0,TSRYS5793018,D,S,D,2024-05-22,2000000.00,4.429127,101.15625
08:02:24,91282CKN0,TSRYS5793018,D,B,C,2024-05-22,14000000.00,4.448438,101.04127
08:02:24,91282CKN0,TSRYS5793018,D,S,T,2024-05-22,1000000.00,4.445855,101.056640625
08:02:24,91282CKN0,TSRYS5793018,D,S,T,2024-05-22,1000000.00,4.449138,101.037109375
08:02:24,91282CKN0,TSRYS5793018,D,S,T,2024-05-22,1000000.00,4.450779,101.02734375
08:02:24,91282CKN0,TSRYS5793018,D,S,T,2024-05-22,2000000.00,4.453406,101.01171875
08:02:24,91282CKN0,TSRYS5793018,D,S,T,2024-05-22,2000000.00,4.456033,100.99609375
08:02:24,91282CKN0,TSRYS5793018,D,S,T,2024-05-22,1000000.00,4.453077,101.013671875
08:02:24,91282CKN0,TSRYS5793018,D,S,T,2024-05-22,1000000.00,4.450779,101.02734375
08:02:24,91282CKN0,TSRYS5793018,D,S,T,2024-05-22,2000000.00,4.464575,100.9453125
08:02:24,91282CKN0,TSRYS5793018,D,S,T,2024-05-22,1000000.00,4.465232,100.94140625
08:02:24,91282CKN0,TSRYS5793018,D,S,T,2024-05-22,1000000.00,4.465232,100.94140625
08:02:24,91282CKN0,TSRYS5793018,D,S,T,2024-05-22,2000000.00,4.465232,100.94140625
08:02:24,91282CKN0,TSRYS5793018,D,S,T,2024-05-22,1000000.00,4.462932,100.955078125
08:02:24,91282CKN0,TSRYS5793018,D,S,T,2024-05-22,1000000.00,4.462932,100.955078125
08:02:24,91282CKN0,TSRYS5793018,D,S,T,2024-05-22,2000000.00,4.465232,100.94140625
08:02:24,91282CKN0,TSRYS5793018,D,S,T,2024-05-22,1000000.00,4.462603,100.95703125
08:02:24,91282CKN0,TSRYS5793018,D,S,T,2024-05-22,2000000.00,4.462274,100.958984375
08:02:24,91282CKN0,TSRYS5793018,D,S,T,2024-05-22,2000000.00,4.462274,100.958984375
08:02:25,91282CKN0,TSRYS5793018,D,S,D,2024-05-22,1000000.00,4.429127,101.15625
08:02:25,91282CKN0,TSRYS5793018,D,S,D,2024-05-22,2000000.00,4.450451,101.029296875
08:02:25,91282CKN0,TSRYS5793018,D,S,D,2024-05-22,2000000.00,4.450451,101.029296875
08:02:25,91282CKN0,TSRYS5793018,D,S,D,2024-05-22,2000000.00,4.450451,101.029296875
08:02:25,91282CKN0,TSRYS5793018,D,S,D,2024-05-22,1000000.00,4.429127,101.15625
08:02:25,91282CKN0,TSRYS5793018,D,B,C,2024-05-22,1000000.00,4.429127,101.15625
08:02:25,91282CKN0,TSRYS5793018,D,B,C,2024-05-22,1000000.00,4.429127,101.15625
08:02:25,91282CKN0,TSRYS5793018,D,S,D,2024-05-22,1000000.00,4.429127,101.15625
08:02:25,91282CKN0,TSRYS5793018,D,B,C,2024-05-22,1000000.00,4.429127,101.15625
08:02:25,91282CKN0,TSRYS5793018,D,S,D,2024-05-22,1000000.00,4.429127,101.15625
08:02:25,91282CKN0,TSRYS5793018,D,S,D,2024-05-22,1000000.00,4.429127,101.15625
08:02:25,91282CKN0,TSRYS5793018,D,S,D,2024-05-22,3000000.00,4.449466,101.03515625
08:02:25,91282CKN0,TSRYS5793018,D,B,C,2024-05-22,1000000.00,4.429127,101.15625
08:02:25,91282CKN0,TSRYS5793018,D,S,C,2024-05-22,1000000.00,4.429127,101.15625
08:02:25,91282CKN0,TSRYS5793018,D,S,D,2024-05-22,2000000.00,4.448809,101.0390625
08:02:26,91282CKN0,TSRYS5793018,D,S,D,2024-05-22,3000000.00,4.447168,101.048828125
08:02:26,91282CKN0,TSRYS5793018,D,S,D,2024-05-22,3000000.00,4.447168,101.048828125
08:02:26,91282CKN0,TSRYS5793018,D,S,D,2024-05-22,3000000.00,4.447168,101.048828125
08:02:26,91282CKN0,TSRYS5793018,D,S,D,2024-05-22,2000000.00,4.447496,101.046875
08:02:26,91282CKN0,TSRYS5793018,D,S,D,2024-05-22,1000000.00,4.447496,101.046875
08:02:26,91282CKN0,TSRYS5793018,D,S,D,2024-05-22,1000000.00,4.448153,101.04296875
08:02:26,91282CKN0,TSRYS5793018,D,B,C,2024-05-22,1000000.00,4.448153,101.04296875
08:02:26,91282CKN0,TSRYS5793018,D,S,D,2024-05-22,1000000.00,4.448153,101.04296875
08:02:26,91282CKN0,TSRYS5793018,D,B,C,2024-05-22,1000000.00,4.448153,101.04296875
08:02:26,91282CKN0,TSRYS5793018,D,S,C,2024-05-22,1000000.00,4.43175,101.140625
08:02:26,91282CKN0,TSRYS5793018,D,S,C,2024-05-22,1000000.00,4.43175,101.140625
08:02:27,91282CKN0,TSRYS5793018,D,S,C,2024-05-22,1000000.00,4.429127,101.15625
08:02:27,91282CKN0,TSRYS5793018,D,B,C,2024-05-22,1000000.00,4.429127,101.15625
08:02:27,91282CKN0,TSRYS5793018,D,S,C,2024-05-22,1000000.00,4.429127,101.15625
08:02:27,91282CKN0,TSRYS5793018,D,S,D,2024-05-22,1000000.00,4.434373,101.125
08:02:27,91282CKN0,TSRYS5793018,D,B,C,2024-05-22,1000000.00,4.434373,101.125
08:02:27,91282CKN0,TSRYS5793018,D,S,C,2024-05-22,1000000.00,4.43175,101.140625
08:02:27,91282CKN0,TSRYS5793018,D,B,C,2024-05-22,1000000.00,4.431783,101.140425
08:02:27,91282CKN0,TSRYS5793018,D,S,C,2024-05-22,2000000.00,4.436997,101.109375
08:02:27,91282CKN0,TSRYS5793018,D,B,C,2024-05-22,2000000.00,4.436997,101.109375
08:02:27,91282CKN0,TSRYS5793018,D,B,C,2024-05-22,2000000.00,4.434373,101.125
08:02:27,91282CKN0,TSRYS5793018,D,S,C,2024-05-22,1000000.00,4.436963,101.109575
08:02:27,91282CKN0,TSRYS5793018,D,S,C,2024-05-22,1000000.00,4.431699,101.140925
08:02:27,91282CKN0,TSRYS5793018,D,S,C,2024-05-22,1000000.00,4.431716,101.140825
08:02:27,91282CKN0,TSRYS5793018,D,B,C,2024-05-22,1000000.00,4.43175,101.140625
08:02:28,91282CKN0,TSRYS5793018,D,B,C,2024-05-22,1000000.00,4.434402,101.124825
08:02:28,91282CKN0,TSRYS5793018,D,B,C,2024-05-22,1000000.00,4.434406,101.1248
08:02:28,91282CKN0,TSRYS5793018,D,B,C,2024-05-22,1000000.00,4.434373,101.125
08:02:28,91282CKN0,TSRYS5793018,D,S,C,2024-05-22,1000000.00,4.434348,101.12515
08:02:28,91282CKN0,TSRYS5793018,D,S,C,2024-05-22,2000000.00,4.434373,101.125
08:02:28,91282CKN0,TSRYS5793018,D,B,C,2024-05-22,1000000.00,4.434373,101.125
08:02:28,91282CKN0,TSRYS5793018,D,B,C,2024-05-22,1000000.00,4.43175,101.140625
08:02:28,91282CKN0,TSRYS5793018,D,S,D,2024-05-22,1000000.00,4.43175,101.140625
08:02:28,91282CKN0,TSRYS5793018,D,S,C,2024-05-22,1000000.00,4.431699,101.140925
08:02:28,91282CKN0,TSRYS5793018,D,B,C,2024-05-22,1000000.00,4.43175,101.140625
08:02:28,91282CKN0,TSRYS5793018,D,S,D,2024-05-22,1000000.00,4.434373,101.125
08:02:28,91282CKN0,TSRYS5793018,D,S,D,2024-05-22,1000000.00,4.43175,101.140625
08:02:28,91282CKN0,TSRYS5793018,D,S,C,2024-05-22,2000000.00,4.436997,101.109375
08:02:28,91282CKN0,TSRYS5793018,D,S,D,2024-05-22,3000000.00,4.449138,101.037109375
08:02:28,91282CKN0,TSRYS5793018,D,S,C,2024-05-22,1000000.00,4.434373,101.125
08:02:28,91282CKN0,TSRYS5793018,D,B,C,2024-05-22,2000000.00,4.436997,101.109375
08:02:28,91282CKN0,TSRYS5793018,D,S,D,2024-05-22,1000000.00,4.434373,101.125
08:02:28,91282CKN0,TSRYS5793018,D,S,C,2024-05-22,1000000.00,4.431716,101.140825
08:02:28,91282CKN0,TSRYS5793018,D,S,D,2024-05-22,2000000.00,4.448153,101.04296875
08:02:28,91282CKN0,TSRYS5793018,D,B,C,2024-05-22,2000000.00,4.448153,101.04296875
08:02:29,91282CKN0,TSRYS5793018,D,S,D,2024-05-22,1000000.00,4.434373,101.125
08:02:29,91282CKN0,TSRYS5793018,D,S,D,2024-05-22,1000000.00,4.43175,101.140625
08:02:29,91282CKN0,TSRYS5793018,D,B,C,2024-05-22,1000000.00,4.448153,101.04296875
08:02:29,91282CKN0,TSRYS5793018,D,S,D,2024-05-22,1000000.00,4.448153,101.04296875
08:02:29,91282CKN0,TSRYS5793018,D,B,C,2024-05-22,1000000.00,4.434406,101.1248
08:02:29,91282CKN0,TSRYS5793018,D,S,C,2024-05-22,1000000.00,4.434373,101.125
08:02:29,91282CKN0,TSRYS5793018,D,S,D,2024-05-22,2000000.00,4.448481,101.041015625
08:02:29,91282CKN0,TSRYS5793018,D,S,C,2024-05-22,1000000.00,4.431699,101.140925
08:02:29,91282CKN0,TSRYS5793018,D,B,C,2024-05-22,1000000.00,4.434373,101.125
08:02:29,91282CKN0,TSRYS5793018,D,S,C,2024-05-22,1000000.00,4.43175,101.140625
08:02:29,91282CKN0,TSRYS5793018,D,B,C,2024-05-22,1000000.00,4.436997,101.109375
08:02:29,91282CKN0,TSRYS5793018,D,B,C,2024-05-22,1000000.00,4.436997,101.109375
08:02:29,91282CKN0,TSRYS5793018,D,S,D,2024-05-22,2000000.00,4.449466,101.03515625
08:02:29,91282CKN0,TSRYS5793018,D,S,D,2024-05-22,1000000.00,4.449466,101.03515625
08:02:29,91282CKN0,TSRYS5793018,D,S,C,2024-05-22,1000000.00,4.436997,101.109375
08:02:30,91282CKN0,TSRYS5793018,D,S,D,2024-05-22,1000000.00,4.450122,101.03125
08:02:30,91282CKN0,TSRYS5793018,D,S,C,2024-05-22,1000000.00,4.434373,101.125
08:02:30,91282CKN0,TSRYS5793018,D,B,C,2024-05-22,1000000.00,4.434373,101.125
08:02:30,91282CKN0,TSRYS5793018,D,S,D,2024-05-22,2000000.00,4.450451,101.029296875
08:02:30,91282CKN0,TSRYS5793018,D,S,C,2024-05-22,1000000.00,4.434373,101.125
08:02:30,91282CKN0,TSRYS5793018,D,S,D,2024-05-22,2000000.00,4.450779,101.02734375
08:02:30,91282CKN0,TSRYS5793018,D,S,D,2024-05-22,3000000.00,4.451436,101.0234375
08:02:30,91282CKN0,TSRYS5793018,D,B,C,2024-05-22,1000000.00,4.439654,101.09355
08:02:30,91282CKN0,TSRYS5793018,D,S,C,2024-05-22,1000000.00,4.439591,101.093925
08:02:31,91282CKN0,TSRYS5793018,D,S,D,2024-05-22,3000000.00,4.451436,101.0234375
08:02:31,91282CKN0,TSRYS5793018,D,S,D,2024-05-22,2000000.00,4.451436,101.0234375
08:02:31,91282CKN0,TSRYS5793018,D,B,C,2024-05-22,1000000.00,4.43965,101.093575
08:02:31,91282CKN0,TSRYS5793018,D,S,D,2024-05-22,3000000.00,4.451764,101.021484375
08:02:31,91282CKN0,TSRYS5793018,D,S,C,2024-05-22,1000000.00,4.439621,101.09375
08:02:31,91282CKN0,TSRYS5793018,D,S,D,2024-05-22,3000000.00,4.451764,101.021484375
08:02:32,91282CKN0,TSRYS5793018,D,B,C,2024-05-22,1000000.00,4.439654,101.09355
08:02:32,91282CKN0,TSRYS5793018,D,S,D,2024-05-22,1000000.00,4.439621,101.09375
08:02:32,91282CKN0,TSRYS5793018,D,B,C,2024-05-22,1000000.00,4.439654,101.09355
08:02:32,91282CKN0,TSRYS5793018,D,S,C,2024-05-22,1000000.00,4.439596,101.0939
08:02:32,91282CKN0,TSRYS5793018,D,B,C,2024-05-22,1000000.00,4.439621,101.09375
08:02:32,91282CKN0,TSRYS5793018,D,S,C,2024-05-22,1000000.00,4.439604,101.09385
08:02:32,91282CKN0,TSRYS5793018,D,B,C,2024-05-22,1000000.00,4.439621,101.09375
08:02:32,91282CKN0,TSRYS5793018,D,S,C,2024-05-22,1000000.00,4.439604,101.09385
08:02:32,91282CKN0,TSRYS5793018,D,S,C,2024-05-22,1000000.00,4.439596,101.0939
08:02:32,91282CKN0,TSRYS5793018,D,B,C,2024-05-22,1000000.00,4.439621,101.09375
08:02:32,91282CKN0,TSRYS5793018,D,B,C,2024-05-22,1000000.00,4.439621,101.09375
08:02:32,91282CKN0,TSRYS5793018,D,B,C,2024-05-22,1000000.00,4.439621,101.09375
08:02:32,91282CKN0,TSRYS5793018,D,S,C,2024-05-22,1000000.00,4.439621,101.09375
08:02:32,91282CKN0,TSRYS5793018,D,S,C,2024-05-22,1000000.00,4.439621,101.09375
08:02:33,91282CKN0,TSRYS5793018,D,S,C,2024-05-22,3000000.00,4.43957,101.09405
08:02:33,91282CKN0,TSRYS5793018,D,B,C,2024-05-22,3000000.00,4.439646,101.0936
08:02:33,91282CKN0,TSRYS5793018,D,B,C,2024-05-22,3000000.00,4.439646,101.0936
08:02:33,91282CKN0,TSRYS5793018,D,S,C,2024-05-22,3000000.00,4.43957,101.09405
08:02:33,91282CKN0,TSRYS5793018,D,B,C,2024-05-22,1000000.00,4.444871,101.0625
08:02:33,91282CKN0,TSRYS5793018,D,S,C,2024-05-22,1000000.00,4.444854,101.0626
08:02:34,91282CKN0,TSRYS5793018,D,B,C,2024-05-22,1000000.00,4.444871,101.0625
08:02:34,91282CKN0,TSRYS5793018,D,S,D,2024-05-22,1000000.00,4.444871,101.0625
08:02:34,91282CKN0,TSRYS5793018,D,S,D,2024-05-22,1000000.00,4.444871,101.0625
08:02:34,91282CKN0,TSRYS5793018,D,S,D,2024-05-22,1000000.00,4.444871,101.0625
08:02:34,91282CKN0,TSRYS5793018,D,B,C,2024-05-22,1000000.00,4.444871,101.0625
08:02:34,91282CKN0,TSRYS5793018,D,S,C,2024-05-22,1000000.00,4.444854,101.0626
08:02:35,91282CKN0,TSRYS5793018,D,B,C,2024-05-22,3000000.00,4.451764,101.021484375
08:02:35,91282CKN0,TSRYS5793018,D,S,C,2024-05-22,1000000.00,4.451764,101.021484375
08:02:35,91282CKN0,TSRYS5793018,D,S,D,2024-05-22,1000000.00,4.442245,101.078125
08:02:35,91282CKN0,TSRYS5793018,D,S,D,2024-05-22,1000000.00,4.442245,101.078125
08:02:35,91282CKN0,TSRYS5793018,D,B,C,2024-05-22,1000000.00,4.442245,101.078125
08:02:35,91282CKN0,TSRYS5793018,D,B,C,2024-05-22,1000000.00,4.442245,101.078125
08:02:35,91282CKN0,TSRYS5793018,D,S,D,2024-05-22,1000000.00,4.444871,101.0625
08:02:36,91282CKN0,TSRYS5793018,D,B,C,2024-05-22,1000000.00,4.4449,101.062325
08:02:36,91282CKN0,TSRYS5793018,D,S,C,2024-05-22,1000000.00,4.444871,101.0625
08:02:36,91282CKN0,TSRYS5793018,D,S,D,2024-05-22,1000000.00,4.442245,101.078125
08:02:36,91282CKN0,TSRYS5793018,D,B,C,2024-05-22,1000000.00,4.442296,101.077825
08:02:36,91282CKN0,TSRYS5793018,D,B,C,2024-05-22,1000000.00,4.442271,101.077975
08:02:36,91282CKN0,TSRYS5793018,D,B,C,2024-05-22,1000000.00,4.442245,101.078125
08:02:36,91282CKN0,TSRYS5793018,D,B,C,2024-05-22,1000000.00,4.442275,101.07795
08:02:36,91282CKN0,TSRYS5793018,D,S,D,2024-05-22,1000000.00,4.442245,101.078125
08:02:36,91282CKN0,TSRYS5793018,D,S,C,2024-05-22,1000000.00,4.442245,101.078125
08:02:36,91282CKN0,TSRYS5793018,D,S,C,2024-05-22,1000000.00,4.442245,101.078125
08:02:36,91282CKN0,TSRYS5793018,D,S,D,2024-05-22,2000000.00,4.450122,101.03125
08:02:36,91282CKN0,TSRYS5793018,D,S,D,2024-05-22,1000000.00,4.450122,101.03125
08:02:36,91282CKN0,TSRYS5793018,D,S,D,2024-05-22,1000000.00,4.450122,101.03125
08:02:36,91282CKN0,TSRYS5793018,D,S,D,2024-05-22,2000000.00,4.450122,101.03125
08:02:37,91282CKN0,TSRYS5793018,D,B,C,2024-05-22,1000000.00,4.444871,101.0625
08:02:37,91282CKN0,TSRYS5793018,D,S,C,2024-05-22,1000000.00,4.444845,101.06265
08:02:38,91282CKN0,TSRYS5793018,D,S,C,2024-05-22,1000000.00,4.444871,101.0625
08:02:38,91282CKN0,TSRYS5793018,D,S,D,2024-05-22,1000000.00,4.450122,101.03125
08:02:38,91282CKN0,TSRYS5793018,D,S,D,2024-05-22,3000000.00,4.448481,101.041015625
08:02:38,91282CKN0,TSRYS5793018,D,S,D,2024-05-22,3000000.00,4.449138,101.037109375
08:02:38,91282CKN0,TSRYS5793018,D,S,C,2024-05-22,1000000.00,4.442245,101.078125
08:02:38,91282CKN0,TSRYS5793018,D,B,C,2024-05-22,1000000.00,4.442245,101.078125
08:02:39,91282CKN0,TSRYS5793018,D,S,D,2024-05-22,3000000.00,4.449466,101.03515625
08:02:39,91282CKN0,TSRYS5793018,D,B,C,2024-05-22,1000000.00,4.442296,101.077825
08:02:39,91282CKN0,TSRYS5793018,D,B,C,2024-05-22,1000000.00,4.442245,101.078125
08:02:39,91282CKN0,TSRYS5793018,D,S,D,2024-05-22,1000000.00,4.442245,101.078125
08:02:39,91282CKN0,TSRYS5793018,D,S,C,2024-05-22,1000000.00,4.442245,101.078125
08:02:39,91282CKN0,TSRYS5793018,D,B,C,2024-05-22,1000000.00,4.442296,101.077825
08:02:39,91282CKN0,TSRYS5793018,D,S,C,2024-05-22,1000000.00,4.442245,101.078125
08:02:39,91282CKN0,TSRYS5793018,D,B,C,2024-05-22,1000000.00,4.439671,101.09345
08:02:40,91282CKN0,TSRYS5793018,D,S,C,2024-05-22,1000000.00,4.439596,101.0939
08:02:40,91282CKN0,TSRYS5793018,D,S,D,2024-05-22,1000000.00,4.447496,101.046875
08:02:40,91282CKN0,TSRYS5793018,D,S,D,2024-05-22,1000000.00,4.447496,101.046875
08:02:40,91282CKN0,TSRYS5793018,D,B,C,2024-05-22,1000000.00,4.447496,101.046875
08:02:40,91282CKN0,TSRYS5793018,D,S,D,2024-05-22,3000000.00,4.448153,101.04296875
08:02:41,91282CKN0,TSRYS5793018,D,B,C,2024-05-22,3000000.00,4.448153,101.04296875
08:02:41,91282CKN0,TSRYS5793018,D,S,D,2024-05-22,1000000.00,4.439621,101.09375
08:02:41,91282CKN0,TSRYS5793018,D,B,C,2024-05-22,1000000.00,4.43965,101.093575
08:02:41,91282CKN0,TSRYS5793018,D,S,C,2024-05-22,1000000.00,4.442245,101.078125
08:02:41,91282CKN0,TSRYS5793018,D,B,C,2024-05-22,1000000.00,4.442275,101.07795
08:02:41,91282CKN0,TSRYS5793018,D,S,D,2024-05-22,3000000.00,4.445855,101.056640625
08:02:41,91282CKN0,TSRYS5793018,D,B,C,2024-05-22,1000000.00,4.442245,101.078125
08:02:41,91282CKN0,TSRYS5793018,D,S,C,2024-05-22,1000000.00,4.442195,101.078425
08:02:41,91282CKN0,TSRYS5793018,D,S,C,2024-05-22,1000000.00,4.444871,101.0625
08:02:41,91282CKN0,TSRYS5793018,D,S,D,2024-05-22,1000000.00,4.446183,101.0546875
08:02:41,91282CKN0,TSRYS5793018,D,B,C,2024-05-22,1000000.00,4.446183,101.0546875
08:02:42,91282CKN0,TSRYS5793018,D,B,C,2024-05-22,1000000.00,4.447526,101.0467
08:02:42,91282CKN0,TSRYS5793018,D,S,C,2024-05-22,1000000.00,4.447463,101.047075
08:02:42,91282CKN0,TSRYS5793018,D,S,D,2024-05-22,1000000.00,4.446183,101.0546875
08:02:42,91282CKN0,TSRYS5793018,D,S,D,2024-05-22,1000000.00,4.446183,101.0546875
08:02:42,91282CKN0,TSRYS5793018,D,S,D,2024-05-22,1000000.00,4.446183,101.0546875
08:02:42,91282CKN0,TSRYS5793018,D,S,D,2024-05-22,2000000.00,4.446183,101.0546875
08:02:42,91282CKN0,TSRYS5793018,D,S,D,2024-05-22,1000000.00,4.446183,101.0546875
08:02:42,91282CKN0,TSRYS5793018,D,S,T,2024-05-22,1000000.00,4.463917,100.94921875
08:02:42,91282CKN0,TSRYS5793018,D,S,D,2024-05-22,1000000.00,4.446183,101.0546875
08:02:42,91282CKN0,TSRYS5793018,D,S,D,2024-05-22,1000000.00,4.446183,101.0546875
08:02:43,91282CKN0,TSRYS5793018,D,S,T,2024-05-22,7000000.00,4.46556,100.939453125
08:02:43,91282CKN0,TSRYS5793018,D,S,D,2024-05-22,2000000.00,4.46556,100.939453125
08:02:43,91282CKN0,TSRYS5793018,D,S,T,2024-05-22,1000000.00,4.46556,100.939453125
08:02:43,91282CKN0,TSRYS5793018,D,S,C,2024-05-22,1000000.00,4.447496,101.046875
08:02:43,91282CKN0,TSRYS5793018,D,B,C,2024-05-22,1000000.00,4.44753,101.046675
08:02:43,91282CKN0,TSRYS5793018,D,B,C,2024-05-22,1000000.00,4.447526,101.0467
08:02:43,91282CKN0,TSRYS5793018,D,S,C,2024-05-22,1000000.00,4.447496,101.046875
08:02:43,91282CKN0,TSRYS5793018,D,S,D,2024-05-22,1000000.00,4.447496,101.046875
08:02:43,91282CKN0,TSRYS5793018,D,S,C,2024-05-22,1000000.00,4.447496,101.046875
08:02:43,91282CKN0,TSRYS5793018,D,S,D,2024-05-22,2000000.00,4.446183,101.0546875
08:02:43,91282CKN0,TSRYS5793018,D,S,D,2024-05-22,1000000.00,4.446183,101.0546875
08:02:43,91282CKN0,TSRYS5793018,D,S,D,2024-05-22,2000000.00,4.446183,101.0546875
08:02:43,91282CKN0,TSRYS5793018,D,S,D,2024-05-22,1000000.00,4.447496,101.046875
08:02:43,91282CKN0,TSRYS5793018,D,S,C,2024-05-22,1000000.00,4.447496,101.046875
08:02:43,91282CKN0,TSRYS5793018,D,B,C,2024-05-22,1000000.00,4.447496,101.046875
08:02:43,91282CKN0,TSRYS5793018,D,B,C,2024-05-22,1000000.00,4.447496,101.046875
08:02:43,91282CKN0,TSRYS5793018,D,B,C,2024-05-22,1000000.00,4.447547,101.046575
08:02:43,91282CKN0,TSRYS5793018,D,S,C,2024-05-22,1000000.00,4.447496,101.046875
08:02:43,91282CKN0,TSRYS5793018,D,B,C,2024-05-22,1000000.00,4.447496,101.046875
08:02:43,91282CKN0,TSRYS5793018,D,B,C,2024-05-22,1000000.00,4.447496,101.046875
08:02:43,91282CKN0,TSRYS5793018,D,S,D,2024-05-22,1000000.00,4.447496,101.046875
08:02:43,91282CKN0,TSRYS5793018,D,B,C,2024-05-22,1000000.00,4.447496,101.046875
