tradeTime,cusip,issueSymbolIdentifier,priceType,reportingSideCode,contraPartyTypeCode,tradeDate,reportedTradeVolume,lastSaleYield,lastSalePrice
08:00:03,91282CLJ8,TSRYS5875649,D,S,D,2024-09-04,1000000.00,3.729434,100.125
08:00:03,91282CLJ8,TSRYS5875649,D,S,D,2024-09-04,1000000.00,3.731354,100.11328125
08:00:03,91282CLJ8,TSRYS5875649,D,S,D,2024-09-04,1000000.00,3.731354,100.11328125
08:00:03,91282CLJ8,TSRYS5875649,D,S,D,2024-09-04,1000000.00,3.717922,100.1953125
08:00:03,91282CLJ8,TSRYS5875649,D,S,D,2024-09-04,1000000.00,3.725596,100.1484375
08:00:03,91282CLJ8,TSRYS5875649,D,S,D,2024-09-04,2000000.00,3.723997,100.158203125
08:00:03,91282CLJ8,TSRYS5875649,D,S,D,2024-09-04,2000000.00,3.718242,100.193359375
08:00:03,91282CLJ8,TSRYS5875649,D,S,D,2024-09-04,1000000.00,3.718242,100.193359375
08:00:03,91282CLJ8,TSRYS5875649,D,S,D,2024-09-04,1000000.00,3.719201,100.1875
08:00:03,91282CLJ8,TSRYS5875649,D,S,D,2024-09-04,2000000.00,3.719201,100.1875
08:00:03,91282CLJ8,TSRYS5875649,D,S,D,2024-09-04,2000000.00,3.719201,100.1875
08:00:03,91282CLJ8,TSRYS5875649,D,S,D,2024-09-04,2000000.00,3.719201,100.1875
08:00:03,91282CLJ8,TSRYS5875649,D,S,D,2024-09-04,1000000.00,3.71952,100.185546875
08:00:03,91282CLJ8,TSRYS5875649,D,S,D,2024-09-04,2000000.00,3.719201,100.1875
08:00:03,91282CLJ8,TSRYS5875649,D,S,D,2024-09-04,1000000.00,3.719201,100.1875
08:00:03,91282CLJ8,TSRYS5875649,D,S,T,2024-09-04,2000000.00,3.703864,100.28125
08:00:03,91282CLJ8,TSRYS5875649,D,S,T,2024-09-04,2000000.00,3.703864,100.28125
08:00:03,91282CLJ8,TSRYS5875649,D,S,D,2024-09-04,2000000.00,3.704503,100.27734375
08:00:03,91282CLJ8,TSRYS5875649,D,S,T,2024-09-04,2000000.00,3.708335,100.25390625
08:00:04,91282CLJ8,TSRYS5875649,D,S,D,2024-09-04,1000000.00,3.708335,100.25390625
08:00:04,91282CLJ8,TSRYS5875649,D,S,D,2024-09-04,1000000.00,3.710252,100.2421875
08:00:04,91282CLJ8,TSRYS5875649,D,S,D,2024-09-04,1000000.00,3.710252,100.2421875
08:00:04,91282CLJ8,TSRYS5875649,D,S,D,2024-09-04,1000000.00,3.710572,100.240234375
08:00:04,91282CLJ8,TSRYS5875649,D,S,D,2024-09-04,2000000.00,3.710572,100.240234375
08:00:04,91282CLJ8,TSRYS5875649,D,S,D,2024-09-04,1000000.00,3.710572,100.240234375
08:00:04,91282CLJ8,TSRYS5875649,D,S,D,2024-09-04,1000000.00,3.710572,100.240234375
08:00:04,91282CLJ8,TSRYS5875649,D,S,D,2024-09-04,1000000.00,3.710572,100.240234375
08:00:04,91282CLJ8,TSRYS5875649,D,S,D,2024-09-04,1000000.00,3.712489,100.228515625
08:00:04,91282CLJ8,TSRYS5875649,D,S,T,2024-09-04,1000000.00,3.703864,100.28125
08:00:04,91282CLJ8,TSRYS5875649,D,S,T,2024-09-04,2000000.00,3.702587,100.2890625
08:00:04,91282CLJ8,TSRYS5875649,D,S,D,2024-09-04,2000000.00,3.707697,100.2578125
08:00:04,91282CLJ8,TSRYS5875649,D,S,D,2024-09-04,1000000.00,3.707697,100.2578125
08:00:04,91282CLJ8,TSRYS5875649,D,S,D,2024-09-04,1000000.00,3.7061,100.267578125
08:00:05,91282CLJ8,TSRYS5875649,D,S,T,2024-09-04,1000000.00,3.70131,100.296875
08:00:08,91282CLJ8,TSRYS5875649,D,S,A,2024-09-04,5000000.00,3.710891,100.23828125
08:00:10,91282CLJ8,TSRYS5875649,D,S,T,2024-09-04,1000000.00,3.733594,100.099609375
08:00:10,91282CLJ8,TSRYS5875649,D,S,T,2024-09-04,1000000.00,3.728474,100.130859375
08:00:10,91282CLJ8,TSRYS5875649,D,S,T,2024-09-04,1000000.00,3.728474,100.130859375
08:00:10,91282CLJ8,TSRYS5875649,D,S,T,2024-09-04,5000000.00,3.717283,100.19921875
08:00:10,91282CLJ8,TSRYS5875649,D,S,T,2024-09-04,1000000.00,3.717283,100.19921875
08:00:10,91282CLJ8,TSRYS5875649,D,S,T,2024-09-04,1000000.00,3.717283,100.19921875
08:00:10,91282CLJ8,TSRYS5875649,D,S,T,2024-09-04,1000000.00,3.717283,100.19921875
08:00:10,91282CLJ8,TSRYS5875649,D,S,T,2024-09-04,1000000.00,3.717283,100.19921875
08:00:10,91282CLJ8,TSRYS5875649,D,S,D,2024-09-04,1000000.00,3.730394,100.119140625
08:00:10,91282CLJ8,TSRYS5875649,D,S,D,2024-09-04,1000000.00,3.730394,100.119140625
08:00:10,91282CLJ8,TSRYS5875649,D,S,T,2024-09-04,1000000.00,3.721439,100.173828125
08:00:10,91282CLJ8,TSRYS5875649,D,S,T,2024-09-04,1000000.00,3.721119,100.17578125
08:00:10,91282CLJ8,TSRYS5875649,D,S,T,2024-09-04,1000000.00,3.720799,100.177734375
08:00:10,91282CLJ8,TSRYS5875649,D,S,T,2024-09-04,1000000.00,3.71952,100.185546875
08:00:10,91282CLJ8,TSRYS5875649,D,S,T,2024-09-04,1000000.00,3.719201,100.1875
08:00:10,91282CLJ8,TSRYS5875649,D,S,T,2024-09-04,1000000.00,3.719201,100.1875
08:00:10,91282CLJ8,TSRYS5875649,D,S,T,2024-09-04,1000000.00,3.724316,100.15625
08:00:10,91282CLJ8,TSRYS5875649,D,S,T,2024-09-04,1000000.00,3.724316,100.15625
08:00:10,91282CLJ8,TSRYS5875649,D,S,T,2024-09-04,1000000.00,3.726555,100.142578125
08:00:10,91282CLJ8,TSRYS5875649,D,S,T,2024-09-04,1000000.00,3.726555,100.142578125
08:00:10,91282CLJ8,TSRYS5875649,D,S,T,2024-09-04,1000000.00,3.721758,100.171875
08:00:10,91282CLJ8,TSRYS5875649,D,S,T,2024-09-04,1000000.00,3.721758,100.171875
08:00:10,91282CLJ8,TSRYS5875649,D,S,T,2024-09-04,1000000.00,3.721758,100.171875
08:00:10,91282CLJ8,TSRYS5875649,D,S,D,2024-09-04,1000000.00,3.71952,100.185546875
08:00:10,91282CLJ8,TSRYS5875649,D,S,D,2024-09-04,1000000.00,3.708655,100.251953125
08:00:10,91282CLJ8,TSRYS5875649,D,S,D,2024-09-04,1000000.00,3.708655,100.251953125
08:00:10,91282CLJ8,TSRYS5875649,D,S,T,2024-09-04,1000000.00,3.703864,100.28125
08:00:10,91282CLJ8,TSRYS5875649,D,S,T,2024-09-04,1000000.00,3.703864,100.28125
08:00:10,91282CLJ8,TSRYS5875649,D,S,T,2024-09-04,1000000.00,3.703864,100.28125
08:00:10,91282CLJ8,TSRYS5875649,D,S,T,2024-09-04,1000000.00,3.704822,100.275390625
08:00:10,91282CLJ8,TSRYS5875649,D,S,T,2024-09-04,1000000.00,3.704822,100.275390625
08:00:10,91282CLJ8,TSRYS5875649,D,S,T,2024-09-04,2000000.00,3.705141,100.2734375
08:00:10,91282CLJ8,TSRYS5875649,D,S,T,2024-09-04,1000000.00,3.708974,100.25
08:00:10,91282CLJ8,TSRYS5875649,D,S,T,2024-09-04,1000000.00,3.71153,100.234375
08:00:10,91282CLJ8,TSRYS5875649,D,S,T,2024-09-04,1000000.00,3.712808,100.2265625
08:00:10,91282CLJ8,TSRYS5875649,D,S,D,2024-09-04,1000000.00,3.705141,100.2734375
08:00:10,91282CLJ8,TSRYS5875649,D,S,T,2024-09-04,1000000.00,3.705141,100.2734375
08:00:10,91282CLJ8,TSRYS5875649,D,S,T,2024-09-04,1000000.00,3.706419,100.265625
08:00:10,91282CLJ8,TSRYS5875649,D,S,T,2024-09-04,1000000.00,3.706419,100.265625
08:00:10,91282CLJ8,TSRYS5875649,D,S,T,2024-09-04,1000000.00,3.705141,100.2734375
08:00:10,91282CLJ8,TSRYS5875649,D,S,T,2024-09-04,1000000.00,3.703864,100.28125
08:00:10,91282CLJ8,TSRYS5875649,D,S,T,2024-09-04,1000000.00,3.703864,100.28125
08:00:12,91282CLJ8,TSRYS5875649,D,S,D,2024-09-04,1000000.00,3.724316,100.15625
08:00:14,91282CLJ8,TSRYS5875649,D,S,D,2024-09-04,1000000.00,3.715365,100.2109375
08:00:15,91282CLJ8,TSRYS5875649,D,S,D,2024-09-04,1000000.00,3.717602,100.197265625
08:00:15,91282CLJ8,TSRYS5875649,D,S,D,2024-09-04,1000000.00,3.717602,100.197265625
08:00:15,91282CLJ8,TSRYS5875649,D,S,D,2024-09-04,3000000.00,3.717602,100.197265625
08:00:15,91282CLJ8,TSRYS5875649,D,S,D,2024-09-04,3000000.00,3.717602,100.197265625
08:00:21,91282CLJ8,TSRYS5875649,D,S,D,2024-09-04,1000000.00,3.729434,100.125
08:00:24,91282CLJ8,TSRYS5875649,D,S,D,2024-09-04,1000000.00,3.726875,100.140625
08:00:29,91282CLJ8,TSRYS5875649,D,S,T,2024-09-04,1000000.00,3.719201,100.1875
08:00:29,91282CLJ8,TSRYS5875649,D,S,T,2024-09-04,1000000.00,3.717922,100.1953125
08:00:30,91282CLJ8,TSRYS5875649,D,S,T,2024-09-04,1000000.00,3.720479,100.1796875
08:00:30,91282CLJ8,TSRYS5875649,D,S,T,2024-09-04,1000000.00,3.708974,100.25
08:00:30,91282CLJ8,TSRYS5875649,D,S,T,2024-09-04,1000000.00,3.728155,100.1328125
08:00:30,91282CLJ8,TSRYS5875649,D,S,T,2024-09-04,1000000.00,3.728155,100.1328125
08:00:30,91282CLJ8,TSRYS5875649,D,S,T,2024-09-04,1000000.00,3.728155,100.1328125
08:00:30,91282CLJ8,TSRYS5875649,D,S,T,2024-09-04,1000000.00,3.728155,100.1328125
08:00:30,91282CLJ8,TSRYS5875649,D,S,T,2024-09-04,1000000.00,3.729114,100.126953125
08:00:30,91282CLJ8,TSRYS5875649,D,S,T,2024-09-04,1000000.00,3.729114,100.126953125
08:00:30,91282CLJ8,TSRYS5875649,D,S,T,2024-09-04,1000000.00,3.733914,100.09765625
08:00:30,91282CLJ8,TSRYS5875649,D,S,T,2024-09-04,1000000.00,3.733914,100.09765625
08:00:30,91282CLJ8,TSRYS5875649,D,S,T,2024-09-04,1000000.00,3.733594,100.099609375
08:00:30,91282CLJ8,TSRYS5875649,D,S,T,2024-09-04,1000000.00,3.717602,100.197265625
08:00:30,91282CLJ8,TSRYS5875649,D,S,T,2024-09-04,1000000.00,3.717602,100.197265625
08:00:30,91282CLJ8,TSRYS5875649,D,S,T,2024-09-04,1000000.00,3.717602,100.197265625
08:00:30,91282CLJ8,TSRYS5875649,D,S,T,2024-09-04,1000000.00,3.717602,100.197265625
08:00:30,91282CLJ8,TSRYS5875649,D,S,T,2024-09-04,1000000.00,3.717602,100.197265625
08:00:30,91282CLJ8,TSRYS5875649,D,S,T,2024-09-04,1000000.00,3.720479,100.1796875
08:00:30,91282CLJ8,TSRYS5875649,D,S,T,2024-09-04,1000000.00,3.720479,100.1796875
08:00:30,91282CLJ8,TSRYS5875649,D,S,T,2024-09-04,1000000.00,3.720479,100.1796875
08:00:30,91282CLJ8,TSRYS5875649,D,S,T,2024-09-04,1000000.00,3.720479,100.1796875
08:00:30,91282CLJ8,TSRYS5875649,D,S,T,2024-09-04,1000000.00,3.720479,100.1796875
08:00:30,91282CLJ8,TSRYS5875649,D,S,T,2024-09-04,1000000.00,3.723037,100.1640625
08:00:30,91282CLJ8,TSRYS5875649,D,S,T,2024-09-04,1000000.00,3.730714,100.1171875
08:00:30,91282CLJ8,TSRYS5875649,D,S,T,2024-09-04,1000000.00,3.727515,100.13671875
08:00:30,91282CLJ8,TSRYS5875649,D,S,T,2024-09-04,1000000.00,3.719201,100.1875
08:00:30,91282CLJ8,TSRYS5875649,D,S,T,2024-09-04,1000000.00,3.718561,100.19140625
08:00:30,91282CLJ8,TSRYS5875649,D,S,T,2024-09-04,1000000.00,3.718561,100.19140625
08:00:30,91282CLJ8,TSRYS5875649,D,S,T,2024-09-04,1000000.00,3.718242,100.193359375
08:00:30,91282CLJ8,TSRYS5875649,D,S,T,2024-09-04,1000000.00,3.717922,100.1953125
08:00:30,91282CLJ8,TSRYS5875649,D,S,T,2024-09-04,1000000.00,3.717922,100.1953125
08:00:30,91282CLJ8,TSRYS5875649,D,S,T,2024-09-04,1000000.00,3.717922,100.1953125
08:00:30,91282CLJ8,TSRYS5875649,D,S,T,2024-09-04,1000000.00,3.717922,100.1953125
08:00:30,91282CLJ8,TSRYS5875649,D,S,T,2024-09-04,1000000.00,3.719201,100.1875
08:00:30,91282CLJ8,TSRYS5875649,D,S,T,2024-09-04,1000000.00,3.719201,100.1875
08:00:30,91282CLJ8,TSRYS5875649,D,S,T,2024-09-04,1000000.00,3.703864,100.28125
08:00:30,91282CLJ8,TSRYS5875649,D,S,T,2024-09-04,1000000.00,3.706419,100.265625
08:00:30,91282CLJ8,TSRYS5875649,D,S,T,2024-09-04,1000000.00,3.706419,100.265625
08:00:30,91282CLJ8,TSRYS5875649,D,S,T,2024-09-04,1000000.00,3.706419,100.265625
08:00:30,91282CLJ8,TSRYS5875649,D,S,T,2024-09-04,1000000.00,3.706419,100.265625
08:00:30,91282CLJ8,TSRYS5875649,D,S,T,2024-09-04,1000000.00,3.703545,100.283203125
08:00:30,91282CLJ8,TSRYS5875649,D,S,T,2024-09-04,1000000.00,3.703864,100.28125
08:00:30,91282CLJ8,TSRYS5875649,D,S,T,2024-09-04,1000000.00,3.703864,100.28125
08:00:30,91282CLJ8,TSRYS5875649,D,S,T,2024-09-04,1000000.00,3.703864,100.28125
08:00:30,91282CLJ8,TSRYS5875649,D,S,T,2024-09-04,1000000.00,3.703864,100.28125
08:00:30,91282CLJ8,TSRYS5875649,D,S,T,2024-09-04,1000000.00,3.703864,100.28125
08:00:30,91282CLJ8,TSRYS5875649,D,S,T,2024-09-04,1000000.00,3.703864,100.28125
08:00:30,91282CLJ8,TSRYS5875649,D,S,T,2024-09-04,1000000.00,3.703225,100.28515625
08:00:30,91282CLJ8,TSRYS5875649,D,S,T,2024-09-04,1000000.00,3.704183,100.279296875
08:00:30,91282CLJ8,TSRYS5875649,D,S,T,2024-09-04,1000000.00,3.705461,100.271484375
08:00:30,91282CLJ8,TSRYS5875649,D,S,T,2024-09-04,1000000.00,3.70578,100.26953125
08:00:30,91282CLJ8,TSRYS5875649,D,S,T,2024-09-04,1000000.00,3.70578,100.26953125
08:00:30,91282CLJ8,TSRYS5875649,D,S,T,2024-09-04,1000000.00,3.70578,100.26953125
08:00:30,91282CLJ8,TSRYS5875649,D,S,T,2024-09-04,1000000.00,3.7061,100.267578125
08:00:30,91282CLJ8,TSRYS5875649,D,S,T,2024-09-04,1000000.00,3.708335,100.25390625
08:00:30,91282CLJ8,TSRYS5875649,D,S,T,2024-09-04,1000000.00,3.708335,100.25390625
08:00:30,91282CLJ8,TSRYS5875649,D,S,T,2024-09-04,1000000.00,3.708335,100.25390625
08:00:30,91282CLJ8,TSRYS5875649,D,S,T,2024-09-04,1000000.00,3.708335,100.25390625
08:00:30,91282CLJ8,TSRYS5875649,D,S,T,2024-09-04,1000000.00,3.708335,100.25390625
08:00:30,91282CLJ8,TSRYS5875649,D,S,T,2024-09-04,1000000.00,3.708335,100.25390625
08:00:30,91282CLJ8,TSRYS5875649,D,S,T,2024-09-04,1000000.00,3.708335,100.25390625
08:00:30,91282CLJ8,TSRYS5875649,D,S,T,2024-09-04,1000000.00,3.708335,100.25390625
08:00:30,91282CLJ8,TSRYS5875649,D,S,T,2024-09-04,1000000.00,3.708335,100.25390625
08:00:30,91282CLJ8,TSRYS5875649,D,S,T,2024-09-04,1000000.00,3.708335,100.25390625
08:00:30,91282CLJ8,TSRYS5875649,D,S,T,2024-09-04,1000000.00,3.708335,100.25390625
08:00:30,91282CLJ8,TSRYS5875649,D,S,T,2024-09-04,1000000.00,3.708335,100.25390625
08:00:30,91282CLJ8,TSRYS5875649,D,S,T,2024-09-04,1000000.00,3.708335,100.25390625
08:00:30,91282CLJ8,TSRYS5875649,D,S,T,2024-09-04,1000000.00,3.708335,100.25390625
08:00:30,91282CLJ8,TSRYS5875649,D,S,T,2024-09-04,1000000.00,3.708335,100.25390625
08:00:30,91282CLJ8,TSRYS5875649,D,S,T,2024-09-04,1000000.00,3.708974,100.25
08:00:30,91282CLJ8,TSRYS5875649,D,S,T,2024-09-04,1000000.00,3.708974,100.25
08:00:30,91282CLJ8,TSRYS5875649,D,S,T,2024-09-04,1000000.00,3.708974,100.25
08:00:30,91282CLJ8,TSRYS5875649,D,S,T,2024-09-04,1000000.00,3.708974,100.25
08:00:30,91282CLJ8,TSRYS5875649,D,S,T,2024-09-04,1000000.00,3.708974,100.25
08:00:30,91282CLJ8,TSRYS5875649,D,S,T,2024-09-04,1000000.00,3.709613,100.24609375
08:00:30,91282CLJ8,TSRYS5875649,D,S,T,2024-09-04,1000000.00,3.710252,100.2421875
08:00:30,91282CLJ8,TSRYS5875649,D,S,T,2024-09-04,1000000.00,3.708016,100.255859375
08:00:30,91282CLJ8,TSRYS5875649,D,S,T,2024-09-04,1000000.00,3.710252,100.2421875
08:00:30,91282CLJ8,TSRYS5875649,D,S,T,2024-09-04,1000000.00,3.710252,100.2421875
08:00:30,91282CLJ8,TSRYS5875649,D,S,T,2024-09-04,1000000.00,3.71185,100.232421875
08:00:30,91282CLJ8,TSRYS5875649,D,S,T,2024-09-04,1000000.00,3.710891,100.23828125
08:00:30,91282CLJ8,TSRYS5875649,D,S,T,2024-09-04,1000000.00,3.712169,100.23046875
08:00:30,91282CLJ8,TSRYS5875649,D,S,T,2024-09-04,1000000.00,3.712169,100.23046875
08:00:30,91282CLJ8,TSRYS5875649,D,S,T,2024-09-04,1000000.00,3.712169,100.23046875
08:00:30,91282CLJ8,TSRYS5875649,D,S,T,2024-09-04,1000000.00,3.712169,100.23046875
08:00:30,91282CLJ8,TSRYS5875649,D,S,T,2024-09-04,1000000.00,3.710891,100.23828125
08:00:30,91282CLJ8,TSRYS5875649,D,S,T,2024-09-04,1000000.00,3.713447,100.22265625
08:00:30,91282CLJ8,TSRYS5875649,D,S,T,2024-09-04,1000000.00,3.712808,100.2265625
08:00:30,91282CLJ8,TSRYS5875649,D,S,T,2024-09-04,1000000.00,3.714726,100.21484375
08:00:30,91282CLJ8,TSRYS5875649,D,S,T,2024-09-04,1000000.00,3.714726,100.21484375
08:00:30,91282CLJ8,TSRYS5875649,D,S,T,2024-09-04,1000000.00,3.713128,100.224609375
08:00:30,91282CLJ8,TSRYS5875649,D,S,T,2024-09-04,1000000.00,3.713128,100.224609375
08:00:30,91282CLJ8,TSRYS5875649,D,S,T,2024-09-04,1000000.00,3.713128,100.224609375
08:00:30,91282CLJ8,TSRYS5875649,D,S,T,2024-09-04,1000000.00,3.713128,100.224609375
08:00:30,91282CLJ8,TSRYS5875649,D,S,T,2024-09-04,1000000.00,3.707697,100.2578125
08:00:30,91282CLJ8,TSRYS5875649,D,S,T,2024-09-04,1000000.00,3.708016,100.255859375
08:00:30,91282CLJ8,TSRYS5875649,D,S,T,2024-09-04,1000000.00,3.708016,100.255859375
08:00:30,91282CLJ8,TSRYS5875649,D,S,T,2024-09-04,1000000.00,3.707058,100.26171875
08:00:30,91282CLJ8,TSRYS5875649,D,S,T,2024-09-04,2000000.00,3.707697,100.2578125
08:00:30,91282CLJ8,TSRYS5875649,D,S,T,2024-09-04,1000000.00,3.708655,100.251953125
08:00:30,91282CLJ8,TSRYS5875649,D,S,T,2024-09-04,1000000.00,3.708655,100.251953125
08:00:30,91282CLJ8,TSRYS5875649,D,S,T,2024-09-04,1000000.00,3.708335,100.25390625
08:00:30,91282CLJ8,TSRYS5875649,D,S,T,2024-09-04,1000000.00,3.708335,100.25390625
08:00:30,91282CLJ8,TSRYS5875649,D,S,T,2024-09-04,1000000.00,3.708016,100.255859375
08:00:30,91282CLJ8,TSRYS5875649,D,S,T,2024-09-04,1000000.00,3.711211,100.236328125
08:00:30,91282CLJ8,TSRYS5875649,D,S,T,2024-09-04,1000000.00,3.711211,100.236328125
08:00:30,91282CLJ8,TSRYS5875649,D,S,T,2024-09-04,2000000.00,3.711211,100.236328125
08:00:30,91282CLJ8,TSRYS5875649,D,S,T,2024-09-04,1000000.00,3.709933,100.244140625
08:00:30,91282CLJ8,TSRYS5875649,D,S,T,2024-09-04,1000000.00,3.710572,100.240234375
08:00:30,91282CLJ8,TSRYS5875649,D,S,T,2024-09-04,1000000.00,3.712489,100.228515625
08:00:30,91282CLJ8,TSRYS5875649,D,S,T,2024-09-04,2000000.00,3.698436,100.314453125
08:00:30,91282CLJ8,TSRYS5875649,D,S,T,2024-09-04,3000000.00,3.698436,100.314453125
08:00:30,91282CLJ8,TSRYS5875649,D,S,T,2024-09-04,1000000.00,3.728155,100.1328125
08:00:30,91282CLJ8,TSRYS5875649,D,S,T,2024-09-04,1000000.00,3.728155,100.1328125
08:00:30,91282CLJ8,TSRYS5875649,D,S,T,2024-09-04,1000000.00,3.729434,100.125
08:00:30,91282CLJ8,TSRYS5875649,D,S,T,2024-09-04,1000000.00,3.729114,100.126953125
08:00:30,91282CLJ8,TSRYS5875649,D,S,T,2024-09-04,1000000.00,3.728155,100.1328125
08:00:30,91282CLJ8,TSRYS5875649,D,S,T,2024-09-04,2000000.00,3.728155,100.1328125
08:00:30,91282CLJ8,TSRYS5875649,D,S,T,2024-09-04,1000000.00,3.731994,100.109375
08:00:30,91282CLJ8,TSRYS5875649,D,S,T,2024-09-04,1000000.00,3.733274,100.1015625
08:00:30,91282CLJ8,TSRYS5875649,D,S,T,2024-09-04,1000000.00,3.731674,100.111328125
08:00:30,91282CLJ8,TSRYS5875649,D,S,T,2024-09-04,1000000.00,3.730714,100.1171875
08:00:30,91282CLJ8,TSRYS5875649,D,S,T,2024-09-04,1000000.00,3.719201,100.1875
08:00:30,91282CLJ8,TSRYS5875649,D,S,T,2024-09-04,1000000.00,3.717922,100.1953125
08:00:30,91282CLJ8,TSRYS5875649,D,S,T,2024-09-04,1000000.00,3.715365,100.2109375
08:00:30,91282CLJ8,TSRYS5875649,D,S,T,2024-09-04,1000000.00,3.715365,100.2109375
08:00:30,91282CLJ8,TSRYS5875649,D,S,T,2024-09-04,1000000.00,3.715365,100.2109375
08:00:30,91282CLJ8,TSRYS5875649,D,S,T,2024-09-04,1000000.00,3.715365,100.2109375
08:00:30,91282CLJ8,TSRYS5875649,D,S,T,2024-09-04,1000000.00,3.715365,100.2109375
08:00:30,91282CLJ8,TSRYS5875649,D,S,T,2024-09-04,1000000.00,3.725596,100.1484375
08:00:30,91282CLJ8,TSRYS5875649,D,S,T,2024-09-04,1000000.00,3.714087,100.21875
08:00:30,91282CLJ8,TSRYS5875649,D,S,T,2024-09-04,1000000.00,3.712808,100.2265625
08:00:30,91282CLJ8,TSRYS5875649,D,S,T,2024-09-04,1000000.00,3.715365,100.2109375
08:00:30,91282CLJ8,TSRYS5875649,D,S,T,2024-09-04,1000000.00,3.715365,100.2109375
08:00:30,91282CLJ8,TSRYS5875649,D,S,T,2024-09-04,1000000.00,3.715365,100.2109375
08:00:30,91282CLJ8,TSRYS5875649,D,S,T,2024-09-04,1000000.00,3.715365,100.2109375
08:00:30,91282CLJ8,TSRYS5875649,D,S,T,2024-09-04,2000000.00,3.715365,100.2109375
08:00:30,91282CLJ8,TSRYS5875649,D,S,T,2024-09-04,1000000.00,3.715365,100.2109375
08:00:30,91282CLJ8,TSRYS5875649,D,S,D,2024-09-04,1000000.00,3.712169,100.23046875
08:00:30,91282CLJ8,TSRYS5875649,D,S,D,2024-09-04,1000000.00,3.715365,100.2109375
08:00:30,91282CLJ8,TSRYS5875649,D,S,D,2024-09-04,1000000.00,3.729434,100.125
08:00:30,91282CLJ8,TSRYS5875649,D,S,D,2024-09-04,1000000.00,3.723677,100.16015625
08:00:30,91282CLJ8,TSRYS5875649,D,S,D,2024-09-04,1000000.00,3.706419,100.265625
08:00:30,91282CLJ8,TSRYS5875649,D,S,D,2024-09-04,1000000.00,3.706738,100.263671875
08:00:30,91282CLJ8,TSRYS5875649,D,S,T,2024-09-04,1000000.00,3.700352,100.302734375
08:00:30,91282CLJ8,TSRYS5875649,D,S,T,2024-09-04,1000000.00,3.723037,100.1640625
08:00:30,91282CLJ8,TSRYS5875649,D,S,T,2024-09-04,1000000.00,3.719201,100.1875
08:00:30,91282CLJ8,TSRYS5875649,D,S,T,2024-09-04,1000000.00,3.719201,100.1875
08:00:30,91282CLJ8,TSRYS5875649,D,S,T,2024-09-04,1000000.00,3.719201,100.1875
08:00:30,91282CLJ8,TSRYS5875649,D,S,T,2024-09-04,1000000.00,3.717922,100.1953125
08:00:30,91282CLJ8,TSRYS5875649,D,S,T,2024-09-04,1000000.00,3.717283,100.19921875
08:00:30,91282CLJ8,TSRYS5875649,D,S,T,2024-09-04,1000000.00,3.717283,100.19921875
08:00:30,91282CLJ8,TSRYS5875649,D,S,T,2024-09-04,1000000.00,3.717283,100.19921875
08:00:30,91282CLJ8,TSRYS5875649,D,S,T,2024-09-04,1000000.00,3.717283,100.19921875
08:00:30,91282CLJ8,TSRYS5875649,D,S,T,2024-09-04,1000000.00,3.717283,100.19921875
08:00:30,91282CLJ8,TSRYS5875649,D,S,T,2024-09-04,1000000.00,3.717283,100.19921875
08:00:30,91282CLJ8,TSRYS5875649,D,S,T,2024-09-04,1000000.00,3.717283,100.19921875
08:00:30,91282CLJ8,TSRYS5875649,D,S,T,2024-09-04,1000000.00,3.717283,100.19921875
08:00:30,91282CLJ8,TSRYS5875649,D,S,T,2024-09-04,1000000.00,3.717283,100.19921875
08:00:30,91282CLJ8,TSRYS5875649,D,S,T,2024-09-04,1000000.00,3.717283,100.19921875
08:00:30,91282CLJ8,TSRYS5875649,D,S,T,2024-09-04,1000000.00,3.717283,100.19921875
08:00:30,91282CLJ8,TSRYS5875649,D,S,T,2024-09-04,1000000.00,3.717283,100.19921875
08:00:30,91282CLJ8,TSRYS5875649,D,S,T,2024-09-04,1000000.00,3.717283,100.19921875
08:00:30,91282CLJ8,TSRYS5875649,D,S,T,2024-09-04,1000000.00,3.717283,100.19921875
08:00:30,91282CLJ8,TSRYS5875649,D,S,T,2024-09-04,1000000.00,3.717283,100.19921875
08:00:30,91282CLJ8,TSRYS5875649,D,S,T,2024-09-04,1000000.00,3.717283,100.19921875
08:00:30,91282CLJ8,TSRYS5875649,D,S,T,2024-09-04,1000000.00,3.717283,100.19921875
08:00:30,91282CLJ8,TSRYS5875649,D,S,T,2024-09-04,1000000.00,3.717283,100.19921875
08:00:30,91282CLJ8,TSRYS5875649,D,S,T,2024-09-04,1000000.00,3.717283,100.19921875
08:00:30,91282CLJ8,TSRYS5875649,D,S,T,2024-09-04,1000000.00,3.717922,100.1953125
08:00:30,91282CLJ8,TSRYS5875649,D,S,T,2024-09-04,1000000.00,3.717922,100.1953125
08:00:30,91282CLJ8,TSRYS5875649,D,S,T,2024-09-04,1000000.00,3.717922,100.1953125
08:00:30,91282CLJ8,TSRYS5875649,D,S,T,2024-09-04,1000000.00,3.717922,100.1953125
08:00:30,91282CLJ8,TSRYS5875649,D,S,T,2024-09-04,1000000.00,3.717922,100.1953125
08:00:30,91282CLJ8,TSRYS5875649,D,S,T,2024-09-04,1000000.00,3.712808,100.2265625
08:00:30,91282CLJ8,TSRYS5875649,D,S,T,2024-09-04,1000000.00,3.708655,100.251953125
08:00:30,91282CLJ8,TSRYS5875649,D,S,T,2024-09-04,1000000.00,3.703545,100.283203125
08:00:30,91282CLJ8,TSRYS5875649,D,S,T,2024-09-04,1000000.00,3.702906,100.287109375
08:00:30,91282CLJ8,TSRYS5875649,D,S,T,2024-09-04,1000000.00,3.729434,100.125
08:00:30,91282CLJ8,TSRYS5875649,D,S,T,2024-09-04,1000000.00,3.730714,100.1171875
08:00:30,91282CLJ8,TSRYS5875649,D,S,T,2024-09-04,1000000.00,3.726875,100.140625
08:00:30,91282CLJ8,TSRYS5875649,D,S,T,2024-09-04,1000000.00,3.726875,100.140625
08:00:30,91282CLJ8,TSRYS5875649,D,S,T,2024-09-04,1000000.00,3.726875,100.140625
08:00:30,91282CLJ8,TSRYS5875649,D,S,T,2024-09-04,1000000.00,3.729434,100.125
08:00:30,91282CLJ8,TSRYS5875649,D,S,T,2024-09-04,1000000.00,3.726875,100.140625
08:00:30,91282CLJ8,TSRYS5875649,D,S,T,2024-09-04,1000000.00,3.726875,100.140625
08:00:30,91282CLJ8,TSRYS5875649,D,S,T,2024-09-04,1000000.00,3.726875,100.140625
08:00:30,91282CLJ8,TSRYS5875649,D,S,T,2024-09-04,1000000.00,3.725596,100.1484375
08:00:30,91282CLJ8,TSRYS5875649,D,S,T,2024-09-04,1000000.00,3.729434,100.125
08:00:30,91282CLJ8,TSRYS5875649,D,S,T,2024-09-04,1000000.00,3.729434,100.125
08:00:30,91282CLJ8,TSRYS5875649,D,S,D,2024-09-04,2000000.00,3.729434,100.125
08:00:30,91282CLJ8,TSRYS5875649,D,S,T,2024-09-04,1000000.00,3.726875,100.140625
08:00:30,91282CLJ8,TSRYS5875649,D,S,T,2024-09-04,1000000.00,3.726875,100.140625
08:00:30,91282CLJ8,TSRYS5875649,D,S,T,2024-09-04,1000000.00,3.726875,100.140625
08:00:30,91282CLJ8,TSRYS5875649,D,S,T,2024-09-04,1000000.00,3.726875,100.140625
08:00:30,91282CLJ8,TSRYS5875649,D,S,T,2024-09-04,1000000.00,3.724316,100.15625
08:00:30,91282CLJ8,TSRYS5875649,D,S,T,2024-09-04,1000000.00,3.724636,100.154296875
08:00:30,91282CLJ8,TSRYS5875649,D,S,T,2024-09-04,1000000.00,3.720479,100.1796875
08:00:30,91282CLJ8,TSRYS5875649,D,S,T,2024-09-04,2000000.00,3.722398,100.16796875
08:00:30,91282CLJ8,TSRYS5875649,D,S,T,2024-09-04,1000000.00,3.720479,100.1796875
08:00:30,91282CLJ8,TSRYS5875649,D,S,T,2024-09-04,1000000.00,3.719201,100.1875
08:00:30,91282CLJ8,TSRYS5875649,D,S,T,2024-09-04,1000000.00,3.723037,100.1640625
08:00:30,91282CLJ8,TSRYS5875649,D,S,T,2024-09-04,1000000.00,3.724316,100.15625
08:00:30,91282CLJ8,TSRYS5875649,D,S,T,2024-09-04,1000000.00,3.726875,100.140625
08:00:30,91282CLJ8,TSRYS5875649,D,S,T,2024-09-04,1000000.00,3.726875,100.140625
08:00:30,91282CLJ8,TSRYS5875649,D,S,T,2024-09-04,1000000.00,3.725596,100.1484375
08:00:30,91282CLJ8,TSRYS5875649,D,S,T,2024-09-04,1000000.00,3.724316,100.15625
08:00:30,91282CLJ8,TSRYS5875649,D,S,T,2024-09-04,1000000.00,3.724316,100.15625
08:00:30,91282CLJ8,TSRYS5875649,D,S,T,2024-09-04,1000000.00,3.726875,100.140625
08:00:30,91282CLJ8,TSRYS5875649,D,S,T,2024-09-04,1000000.00,3.726875,100.140625
08:00:30,91282CLJ8,TSRYS5875649,D,S,T,2024-09-04,1000000.00,3.726875,100.140625
08:00:30,91282CLJ8,TSRYS5875649,D,S,T,2024-09-04,1000000.00,3.726875,100.140625
08:00:30,91282CLJ8,TSRYS5875649,D,S,T,2024-09-04,1000000.00,3.726875,100.140625
08:00:31,91282CLJ8,TSRYS5875649,D,S,T,2024-09-04,1000000.00,3.725596,100.1484375
08:00:31,91282CLJ8,TSRYS5875649,D,S,T,2024-09-04,1000000.00,3.724636,100.154296875
08:00:31,91282CLJ8,TSRYS5875649,D,S,T,2024-09-04,1000000.00,3.721758,100.171875
08:00:31,91282CLJ8,TSRYS5875649,D,S,T,2024-09-04,1000000.00,3.721758,100.171875
08:00:31,91282CLJ8,TSRYS5875649,D,S,T,2024-09-04,1000000.00,3.725596,100.1484375
08:00:31,91282CLJ8,TSRYS5875649,D,S,D,2024-09-04,2000000.00,3.724956,100.15234375
08:00:31,91282CLJ8,TSRYS5875649,D,S,D,2024-09-04,2000000.00,3.724956,100.15234375
08:00:31,91282CLJ8,TSRYS5875649,D,S,T,2024-09-04,1000000.00,3.724316,100.15625
08:00:31,91282CLJ8,TSRYS5875649,D,S,T,2024-09-04,1000000.00,3.724316,100.15625
08:00:31,91282CLJ8,TSRYS5875649,D,S,T,2024-09-04,2000000.00,3.724316,100.15625
08:00:31,91282CLJ8,TSRYS5875649,D,S,T,2024-09-04,1000000.00,3.724316,100.15625
08:00:31,91282CLJ8,TSRYS5875649,D,S,T,2024-09-04,1000000.00,3.724316,100.15625
08:00:31,91282CLJ8,TSRYS5875649,D,S,T,2024-09-04,1000000.00,3.724316,100.15625
08:00:31,91282CLJ8,TSRYS5875649,D,S,T,2024-09-04,1000000.00,3.721758,100.171875
08:00:31,91282CLJ8,TSRYS5875649,D,S,T,2024-09-04,1000000.00,3.717922,100.1953125
08:00:31,91282CLJ8,TSRYS5875649,D,S,T,2024-09-04,1000000.00,3.716643,100.203125
08:00:31,91282CLJ8,TSRYS5875649,D,S,T,2024-09-04,1000000.00,3.716643,100.203125
08:00:31,91282CLJ8,TSRYS5875649,D,S,T,2024-09-04,1000000.00,3.716643,100.203125
08:00:31,91282CLJ8,TSRYS5875649,D,S,T,2024-09-04,1000000.00,3.716643,100.203125
08:00:31,91282CLJ8,TSRYS5875649,D,S,T,2024-09-04,1000000.00,3.716643,100.203125
08:00:31,91282CLJ8,TSRYS5875649,D,S,T,2024-09-04,1000000.00,3.716643,100.203125
08:00:31,91282CLJ8,TSRYS5875649,D,S,T,2024-09-04,1000000.00,3.717922,100.1953125
08:00:31,91282CLJ8,TSRYS5875649,D,S,T,2024-09-04,1000000.00,3.716643,100.203125
08:00:31,91282CLJ8,TSRYS5875649,D,S,T,2024-09-04,1000000.00,3.716643,100.203125
08:00:31,91282CLJ8,TSRYS5875649,D,S,T,2024-09-04,1000000.00,3.716643,100.203125
08:00:31,91282CLJ8,TSRYS5875649,D,S,T,2024-09-04,1000000.00,3.715365,100.2109375
08:00:31,91282CLJ8,TSRYS5875649,D,S,T,2024-09-04,1000000.00,3.716643,100.203125
08:00:31,91282CLJ8,TSRYS5875649,D,S,T,2024-09-04,1000000.00,3.716643,100.203125
08:00:31,91282CLJ8,TSRYS5875649,D,S,T,2024-09-04,1000000.00,3.717922,100.1953125
08:00:31,91282CLJ8,TSRYS5875649,D,S,T,2024-09-04,1000000.00,3.717922,100.1953125
08:00:31,91282CLJ8,TSRYS5875649,D,S,T,2024-09-04,1000000.00,3.718242,100.193359375
08:00:31,91282CLJ8,TSRYS5875649,D,S,T,2024-09-04,1000000.00,3.717922,100.1953125
08:00:31,91282CLJ8,TSRYS5875649,D,S,T,2024-09-04,1000000.00,3.717922,100.1953125
08:00:31,91282CLJ8,TSRYS5875649,D,S,T,2024-09-04,1000000.00,3.715365,100.2109375
08:00:31,91282CLJ8,TSRYS5875649,D,S,T,2024-09-04,1000000.00,3.716963,100.201171875
08:00:31,91282CLJ8,TSRYS5875649,D,S,T,2024-09-04,1000000.00,3.717922,100.1953125
08:00:31,91282CLJ8,TSRYS5875649,D,S,T,2024-09-04,1000000.00,3.717922,100.1953125
08:00:31,91282CLJ8,TSRYS5875649,D,S,T,2024-09-04,1000000.00,3.719201,100.1875
08:00:31,91282CLJ8,TSRYS5875649,D,S,T,2024-09-04,1000000.00,3.719201,100.1875
08:00:31,91282CLJ8,TSRYS5875649,D,S,T,2024-09-04,1000000.00,3.719201,100.1875
08:00:31,91282CLJ8,TSRYS5875649,D,S,T,2024-09-04,1000000.00,3.717922,100.1953125
08:00:31,91282CLJ8,TSRYS5875649,D,S,T,2024-09-04,1000000.00,3.721758,100.171875
08:00:31,91282CLJ8,TSRYS5875649,D,S,T,2024-09-04,1000000.00,3.721758,100.171875
08:00:31,91282CLJ8,TSRYS5875649,D,S,T,2024-09-04,1000000.00,3.721758,100.171875
08:00:31,91282CLJ8,TSRYS5875649,D,S,T,2024-09-04,1000000.00,3.721758,100.171875
08:00:31,91282CLJ8,TSRYS5875649,D,S,T,2024-09-04,1000000.00,3.719201,100.1875
08:00:31,91282CLJ8,TSRYS5875649,D,S,T,2024-09-04,1000000.00,3.719201,100.1875
08:00:31,91282CLJ8,TSRYS5875649,D,S,T,2024-09-04,1000000.00,3.719201,100.1875
08:00:31,91282CLJ8,TSRYS5875649,D,S,T,2024-09-04,1000000.00,3.719201,100.1875
08:00:31,91282CLJ8,TSRYS5875649,D,S,T,2024-09-04,1000000.00,3.719201,100.1875
08:00:31,91282CLJ8,TSRYS5875649,D,S,T,2024-09-04,1000000.00,3.719201,100.1875
08:00:31,91282CLJ8,TSRYS5875649,D,S,T,2024-09-04,1000000.00,3.719201,100.1875
08:00:31,91282CLJ8,TSRYS5875649,D,S,T,2024-09-04,1000000.00,3.719201,100.1875
08:00:31,91282CLJ8,TSRYS5875649,D,S,T,2024-09-04,1000000.00,3.720479,100.1796875
08:00:31,91282CLJ8,TSRYS5875649,D,S,T,2024-09-04,1000000.00,3.720479,100.1796875
08:00:31,91282CLJ8,TSRYS5875649,D,S,T,2024-09-04,1000000.00,3.720479,100.1796875
08:00:31,91282CLJ8,TSRYS5875649,D,S,T,2024-09-04,1000000.00,3.720479,100.1796875
08:00:31,91282CLJ8,TSRYS5875649,D,S,T,2024-09-04,1000000.00,3.720479,100.1796875
08:00:31,91282CLJ8,TSRYS5875649,D,S,T,2024-09-04,1000000.00,3.720479,100.1796875
08:00:31,91282CLJ8,TSRYS5875649,D,S,T,2024-09-04,1000000.00,3.720479,100.1796875
08:00:31,91282CLJ8,TSRYS5875649,D,S,T,2024-09-04,1000000.00,3.720479,100.1796875
08:00:31,91282CLJ8,TSRYS5875649,D,S,T,2024-09-04,1000000.00,3.720479,100.1796875
08:00:31,91282CLJ8,TSRYS5875649,D,S,T,2024-09-04,1000000.00,3.720479,100.1796875
08:00:31,91282CLJ8,TSRYS5875649,D,S,T,2024-09-04,1000000.00,3.720479,100.1796875
08:00:31,91282CLJ8,TSRYS5875649,D,S,T,2024-09-04,1000000.00,3.720479,100.1796875
08:00:31,91282CLJ8,TSRYS5875649,D,S,T,2024-09-04,1000000.00,3.716643,100.203125
08:00:31,91282CLJ8,TSRYS5875649,D,S,T,2024-09-04,1000000.00,3.715365,100.2109375
08:00:31,91282CLJ8,TSRYS5875649,D,S,T,2024-09-04,1000000.00,3.71153,100.234375
08:00:31,91282CLJ8,TSRYS5875649,D,S,T,2024-09-04,1000000.00,3.71153,100.234375
08:00:31,91282CLJ8,TSRYS5875649,D,S,T,2024-09-04,1000000.00,3.705141,100.2734375
08:00:31,91282CLJ8,TSRYS5875649,D,S,T,2024-09-04,1000000.00,3.703864,100.28125
08:00:31,91282CLJ8,TSRYS5875649,D,S,T,2024-09-04,1000000.00,3.703864,100.28125
08:00:31,91282CLJ8,TSRYS5875649,D,S,T,2024-09-04,1000000.00,3.703864,100.28125
08:00:31,91282CLJ8,TSRYS5875649,D,S,T,2024-09-04,1000000.00,3.706419,100.265625
08:00:31,91282CLJ8,TSRYS5875649,D,S,T,2024-09-04,1000000.00,3.706419,100.265625
08:00:31,91282CLJ8,TSRYS5875649,D,S,T,2024-09-04,1000000.00,3.706419,100.265625
08:00:31,91282CLJ8,TSRYS5875649,D,S,T,2024-09-04,1000000.00,3.706419,100.265625
08:00:31,91282CLJ8,TSRYS5875649,D,S,T,2024-09-04,1000000.00,3.706419,100.265625
08:00:31,91282CLJ8,TSRYS5875649,D,S,T,2024-09-04,1000000.00,3.706419,100.265625
08:00:31,91282CLJ8,TSRYS5875649,D,S,T,2024-09-04,1000000.00,3.706419,100.265625
08:00:31,91282CLJ8,TSRYS5875649,D,S,T,2024-09-04,1000000.00,3.708974,100.25
08:00:31,91282CLJ8,TSRYS5875649,D,S,T,2024-09-04,1000000.00,3.708974,100.25
08:00:31,91282CLJ8,TSRYS5875649,D,S,T,2024-09-04,1000000.00,3.705141,100.2734375
08:00:31,91282CLJ8,TSRYS5875649,D,S,T,2024-09-04,6000000.00,3.706419,100.265625
08:00:31,91282CLJ8,TSRYS5875649,D,S,T,2024-09-04,1000000.00,3.706419,100.265625
08:00:31,91282CLJ8,TSRYS5875649,D,S,T,2024-09-04,1000000.00,3.707697,100.2578125
08:00:31,91282CLJ8,TSRYS5875649,D,S,T,2024-09-04,1000000.00,3.705141,100.2734375
08:00:31,91282CLJ8,TSRYS5875649,D,S,T,2024-09-04,1000000.00,3.701629,100.294921875
08:00:31,91282CLJ8,TSRYS5875649,D,S,T,2024-09-04,1000000.00,3.70131,100.296875
08:00:31,91282CLJ8,TSRYS5875649,D,S,T,2024-09-04,1000000.00,3.70131,100.296875
08:00:31,91282CLJ8,TSRYS5875649,D,S,T,2024-09-04,1000000.00,3.698756,100.3125
08:00:31,91282CLJ8,TSRYS5875649,D,S,T,2024-09-04,1000000.00,3.700032,100.3046875
08:00:31,91282CLJ8,TSRYS5875649,D,S,T,2024-09-04,1000000.00,3.698756,100.3125
08:00:31,91282CLJ8,TSRYS5875649,D,S,T,2024-09-04,1000000.00,3.703545,100.283203125
08:00:31,91282CLJ8,TSRYS5875649,D,S,T,2024-09-04,1000000.00,3.703225,100.28515625
08:00:31,91282CLJ8,TSRYS5875649,D,S,T,2024-09-04,1000000.00,3.703864,100.28125
08:00:31,91282CLJ8,TSRYS5875649,D,S,T,2024-09-04,1000000.00,3.702587,100.2890625
08:00:31,91282CLJ8,TSRYS5875649,D,S,T,2024-09-04,1000000.00,3.702587,100.2890625
08:00:31,91282CLJ8,TSRYS5875649,D,S,T,2024-09-04,1000000.00,3.700032,100.3046875
08:00:31,91282CLJ8,TSRYS5875649,D,S,T,2024-09-04,1000000.00,3.700032,100.3046875
08:00:31,91282CLJ8,TSRYS5875649,D,S,T,2024-09-04,1000000.00,3.700032,100.3046875
08:00:31,91282CLJ8,TSRYS5875649,D,S,T,2024-09-04,1000000.00,3.700032,100.3046875
08:00:31,91282CLJ8,TSRYS5875649,D,S,T,2024-09-04,1000000.00,3.700032,100.3046875
08:00:31,91282CLJ8,TSRYS5875649,D,S,T,2024-09-04,1000000.00,3.700032,100.3046875
08:00:31,91282CLJ8,TSRYS5875649,D,S,T,2024-09-04,1000000.00,3.702587,100.2890625
08:00:31,91282CLJ8,TSRYS5875649,D,S,T,2024-09-04,1000000.00,3.702587,100.2890625
08:00:31,91282CLJ8,TSRYS5875649,D,S,T,2024-09-04,1000000.00,3.706419,100.265625
08:00:31,91282CLJ8,TSRYS5875649,D,S,T,2024-09-04,1000000.00,3.706419,100.265625
08:00:31,91282CLJ8,TSRYS5875649,D,S,T,2024-09-04,1000000.00,3.706419,100.265625
08:00:31,91282CLJ8,TSRYS5875649,D,S,T,2024-09-04,1000000.00,3.706419,100.265625
08:00:31,91282CLJ8,TSRYS5875649,D,S,T,2024-09-04,1000000.00,3.706419,100.265625
08:00:31,91282CLJ8,TSRYS5875649,D,S,T,2024-09-04,1000000.00,3.706419,100.265625
08:00:31,91282CLJ8,TSRYS5875649,D,S,T,2024-09-04,1000000.00,3.706419,100.265625
08:00:31,91282CLJ8,TSRYS5875649,D,S,T,2024-09-04,1000000.00,3.706419,100.265625
08:00:31,91282CLJ8,TSRYS5875649,D,S,T,2024-09-04,1000000.00,3.706419,100.265625
08:00:31,91282CLJ8,TSRYS5875649,D,S,T,2024-09-04,1000000.00,3.706419,100.265625
08:00:31,91282CLJ8,TSRYS5875649,D,S,T,2024-09-04,1000000.00,3.706419,100.265625
08:00:31,91282CLJ8,TSRYS5875649,D,S,T,2024-09-04,1000000.00,3.706419,100.265625
08:00:31,91282CLJ8,TSRYS5875649,D,S,T,2024-09-04,1000000.00,3.706419,100.265625
08:00:31,91282CLJ8,TSRYS5875649,D,S,T,2024-09-04,1000000.00,3.706419,100.265625
08:00:31,91282CLJ8,TSRYS5875649,D,S,T,2024-09-04,1000000.00,3.706419,100.265625
08:00:31,91282CLJ8,TSRYS5875649,D,S,T,2024-09-04,1000000.00,3.706419,100.265625
08:00:31,91282CLJ8,TSRYS5875649,D,S,T,2024-09-04,1000000.00,3.706419,100.265625
08:00:31,91282CLJ8,TSRYS5875649,D,S,T,2024-09-04,1000000.00,3.706419,100.265625
08:00:31,91282CLJ8,TSRYS5875649,D,S,T,2024-09-04,1000000.00,3.706419,100.265625
08:00:31,91282CLJ8,TSRYS5875649,D,S,T,2024-09-04,1000000.00,3.706419,100.265625
08:00:31,91282CLJ8,TSRYS5875649,D,S,T,2024-09-04,1000000.00,3.706419,100.265625
08:00:31,91282CLJ8,TSRYS5875649,D,S,T,2024-09-04,1000000.00,3.706419,100.265625
08:00:31,91282CLJ8,TSRYS5875649,D,S,T,2024-09-04,1000000.00,3.706419,100.265625
08:00:31,91282CLJ8,TSRYS5875649,D,S,T,2024-09-04,1000000.00,3.706419,100.265625
08:00:31,91282CLJ8,TSRYS5875649,D,S,T,2024-09-04,1000000.00,3.706419,100.265625
08:00:31,91282CLJ8,TSRYS5875649,D,S,T,2024-09-04,1000000.00,3.706419,100.265625
08:00:31,91282CLJ8,TSRYS5875649,D,S,T,2024-09-04,1000000.00,3.706419,100.265625
08:00:31,91282CLJ8,TSRYS5875649,D,S,T,2024-09-04,1000000.00,3.706419,100.265625
08:00:31,91282CLJ8,TSRYS5875649,D,S,T,2024-09-04,1000000.00,3.706419,100.265625
08:00:31,91282CLJ8,TSRYS5875649,D,S,T,2024-09-04,1000000.00,3.706419,100.265625
08:00:31,91282CLJ8,TSRYS5875649,D,S,T,2024-09-04,1000000.00,3.706419,100.265625
08:00:31,91282CLJ8,TSRYS5875649,D,S,T,2024-09-04,1000000.00,3.703864,100.28125
08:00:31,91282CLJ8,TSRYS5875649,D,S,T,2024-09-04,1000000.00,3.703864,100.28125
08:00:31,91282CLJ8,TSRYS5875649,D,S,T,2024-09-04,1000000.00,3.703864,100.28125
08:00:31,91282CLJ8,TSRYS5875649,D,S,T,2024-09-04,1000000.00,3.703864,100.28125
08:00:31,91282CLJ8,TSRYS5875649,D,S,T,2024-09-04,1000000.00,3.703864,100.28125
08:00:31,91282CLJ8,TSRYS5875649,D,S,T,2024-09-04,1000000.00,3.702587,100.2890625
08:00:31,91282CLJ8,TSRYS5875649,D,S,T,2024-09-04,1000000.00,3.703225,100.28515625
08:00:31,91282CLJ8,TSRYS5875649,D,S,T,2024-09-04,1000000.00,3.705141,100.2734375
08:00:31,91282CLJ8,TSRYS5875649,D,S,T,2024-09-04,1000000.00,3.70578,100.26953125
08:00:31,91282CLJ8,TSRYS5875649,D,S,T,2024-09-04,1000000.00,3.708335,100.25390625
08:00:31,91282CLJ8,TSRYS5875649,D,S,T,2024-09-04,1000000.00,3.708335,100.25390625
08:00:31,91282CLJ8,TSRYS5875649,D,S,T,2024-09-04,1000000.00,3.708335,100.25390625
08:00:31,91282CLJ8,TSRYS5875649,D,S,T,2024-09-04,1000000.00,3.708335,100.25390625
08:00:31,91282CLJ8,TSRYS5875649,D,S,T,2024-09-04,1000000.00,3.708335,100.25390625
08:00:31,91282CLJ8,TSRYS5875649,D,S,T,2024-09-04,1000000.00,3.708335,100.25390625
08:00:31,91282CLJ8,TSRYS5875649,D,S,T,2024-09-04,1000000.00,3.708335,100.25390625
08:00:31,91282CLJ8,TSRYS5875649,D,S,T,2024-09-04,1000000.00,3.708335,100.25390625
08:00:31,91282CLJ8,TSRYS5875649,D,S,T,2024-09-04,1000000.00,3.708335,100.25390625
08:00:31,91282CLJ8,TSRYS5875649,D,S,T,2024-09-04,1000000.00,3.708335,100.25390625
08:00:31,91282CLJ8,TSRYS5875649,D,S,T,2024-09-04,1000000.00,3.708974,100.25
08:00:31,91282CLJ8,TSRYS5875649,D,S,T,2024-09-04,1000000.00,3.708335,100.25390625
08:00:31,91282CLJ8,TSRYS5875649,D,S,T,2024-09-04,1000000.00,3.708335,100.25390625
08:00:31,91282CLJ8,TSRYS5875649,D,S,T,2024-09-04,1000000.00,3.708335,100.25390625
08:00:31,91282CLJ8,TSRYS5875649,D,S,T,2024-09-04,1000000.00,3.708335,100.25390625
08:00:31,91282CLJ8,TSRYS5875649,D,S,T,2024-09-04,1000000.00,3.708335,100.25390625
08:00:31,91282CLJ8,TSRYS5875649,D,S,T,2024-09-04,1000000.00,3.708335,100.25390625
08:00:31,91282CLJ8,TSRYS5875649,D,S,T,2024-09-04,1000000.00,3.708335,100.25390625
08:00:31,91282CLJ8,TSRYS5875649,D,S,T,2024-09-04,1000000.00,3.708974,100.25
08:00:31,91282CLJ8,TSRYS5875649,D,S,T,2024-09-04,1000000.00,3.708974,100.25
08:00:31,91282CLJ8,TSRYS5875649,D,S,T,2024-09-04,1000000.00,3.708974,100.25
08:00:31,91282CLJ8,TSRYS5875649,D,S,T,2024-09-04,1000000.00,3.708974,100.25
08:00:31,91282CLJ8,TSRYS5875649,D,S,T,2024-09-04,1000000.00,3.708974,100.25
08:00:31,91282CLJ8,TSRYS5875649,D,S,T,2024-09-04,1000000.00,3.708974,100.25
08:00:31,91282CLJ8,TSRYS5875649,D,S,T,2024-09-04,1000000.00,3.708974,100.25
08:00:31,91282CLJ8,TSRYS5875649,D,S,T,2024-09-04,1000000.00,3.708974,100.25
08:00:31,91282CLJ8,TSRYS5875649,D,S,T,2024-09-04,1000000.00,3.708974,100.25
08:00:31,91282CLJ8,TSRYS5875649,D,S,T,2024-09-04,1000000.00,3.708974,100.25
08:00:31,91282CLJ8,TSRYS5875649,D,S,T,2024-09-04,1000000.00,3.707697,100.2578125
08:00:31,91282CLJ8,TSRYS5875649,D,S,T,2024-09-04,1000000.00,3.707697,100.2578125
08:00:31,91282CLJ8,TSRYS5875649,D,S,T,2024-09-04,1000000.00,3.708335,100.25390625
08:00:31,91282CLJ8,TSRYS5875649,D,S,T,2024-09-04,1000000.00,3.708016,100.255859375
08:00:31,91282CLJ8,TSRYS5875649,D,S,T,2024-09-04,1000000.00,3.708016,100.255859375
08:00:31,91282CLJ8,TSRYS5875649,D,S,T,2024-09-04,1000000.00,3.708016,100.255859375
08:00:31,91282CLJ8,TSRYS5875649,D,S,T,2024-09-04,1000000.00,3.708016,100.255859375
08:00:31,91282CLJ8,TSRYS5875649,D,S,T,2024-09-04,1000000.00,3.71153,100.234375
08:00:32,91282CLJ8,TSRYS5875649,D,S,T,2024-09-04,1000000.00,3.708974,100.25
08:00:32,91282CLJ8,TSRYS5875649,D,S,T,2024-09-04,1000000.00,3.708974,100.25
08:00:32,91282CLJ8,TSRYS5875649,D,S,T,2024-09-04,1000000.00,3.708974,100.25
08:00:32,91282CLJ8,TSRYS5875649,D,S,T,2024-09-04,1000000.00,3.707697,100.2578125
08:00:32,91282CLJ8,TSRYS5875649,D,S,T,2024-09-04,1000000.00,3.710252,100.2421875
08:00:32,91282CLJ8,TSRYS5875649,D,S,T,2024-09-04,1000000.00,3.710252,100.2421875
08:00:32,91282CLJ8,TSRYS5875649,D,S,T,2024-09-04,1000000.00,3.710252,100.2421875
08:00:32,91282CLJ8,TSRYS5875649,D,S,T,2024-09-04,1000000.00,3.712169,100.23046875
08:00:32,91282CLJ8,TSRYS5875649,D,S,T,2024-09-04,1000000.00,3.712169,100.23046875
08:00:32,91282CLJ8,TSRYS5875649,D,S,T,2024-09-04,1000000.00,3.710252,100.2421875
08:00:32,91282CLJ8,TSRYS5875649,D,S,T,2024-09-04,1000000.00,3.710252,100.2421875
08:00:32,91282CLJ8,TSRYS5875649,D,S,T,2024-09-04,1000000.00,3.710252,100.2421875
08:00:32,91282CLJ8,TSRYS5875649,D,S,T,2024-09-04,1000000.00,3.71153,100.234375
08:00:32,91282CLJ8,TSRYS5875649,D,S,T,2024-09-04,1000000.00,3.710572,100.240234375
08:00:32,91282CLJ8,TSRYS5875649,D,S,T,2024-09-04,1000000.00,3.71153,100.234375
08:00:32,91282CLJ8,TSRYS5875649,D,S,T,2024-09-04,1000000.00,3.711211,100.236328125
08:00:32,91282CLJ8,TSRYS5875649,D,S,T,2024-09-04,1000000.00,3.712169,100.23046875
08:00:32,91282CLJ8,TSRYS5875649,D,S,T,2024-09-04,1000000.00,3.714087,100.21875
08:00:32,91282CLJ8,TSRYS5875649,D,S,T,2024-09-04,1000000.00,3.712489,100.228515625
08:00:32,91282CLJ8,TSRYS5875649,D,S,T,2024-09-04,1000000.00,3.712808,100.2265625
08:00:32,91282CLJ8,TSRYS5875649,D,S,T,2024-09-04,1000000.00,3.713767,100.220703125
08:00:32,91282CLJ8,TSRYS5875649,D,S,T,2024-09-04,1000000.00,3.710252,100.2421875
08:00:32,91282CLJ8,TSRYS5875649,D,S,T,2024-09-04,1000000.00,3.707697,100.2578125
08:00:32,91282CLJ8,TSRYS5875649,D,S,T,2024-09-04,1000000.00,3.707697,100.2578125
08:00:32,91282CLJ8,TSRYS5875649,D,S,T,2024-09-04,1000000.00,3.708974,100.25
08:00:32,91282CLJ8,TSRYS5875649,D,S,T,2024-09-04,1000000.00,3.708974,100.25
08:00:32,91282CLJ8,TSRYS5875649,D,S,T,2024-09-04,1000000.00,3.708974,100.25
08:00:32,91282CLJ8,TSRYS5875649,D,S,T,2024-09-04,1000000.00,3.708974,100.25
08:00:32,91282CLJ8,TSRYS5875649,D,S,T,2024-09-04,1000000.00,3.708974,100.25
08:00:32,91282CLJ8,TSRYS5875649,D,S,T,2024-09-04,1000000.00,3.708974,100.25
08:00:32,91282CLJ8,TSRYS5875649,D,S,T,2024-09-04,1000000.00,3.708974,100.25
08:00:32,91282CLJ8,TSRYS5875649,D,S,T,2024-09-04,1000000.00,3.708335,100.25390625
08:00:32,91282CLJ8,TSRYS5875649,D,S,T,2024-09-04,1000000.00,3.707697,100.2578125
08:00:32,91282CLJ8,TSRYS5875649,D,S,T,2024-09-04,1000000.00,3.706419,100.265625
08:00:32,91282CLJ8,TSRYS5875649,D,S,T,2024-09-04,1000000.00,3.707697,100.2578125
08:00:32,91282CLJ8,TSRYS5875649,D,S,T,2024-09-04,1000000.00,3.708974,100.25
08:00:32,91282CLJ8,TSRYS5875649,D,S,T,2024-09-04,1000000.00,3.705461,100.271484375
08:00:32,91282CLJ8,TSRYS5875649,D,S,T,2024-09-04,1000000.00,3.705461,100.271484375
08:00:32,91282CLJ8,TSRYS5875649,D,S,T,2024-09-04,1000000.00,3.704822,100.275390625
08:00:32,91282CLJ8,TSRYS5875649,D,S,T,2024-09-04,1000000.00,3.706419,100.265625
08:00:32,91282CLJ8,TSRYS5875649,D,S,T,2024-09-04,1000000.00,3.706419,100.265625
08:00:32,91282CLJ8,TSRYS5875649,D,S,T,2024-09-04,1000000.00,3.7061,100.267578125
08:00:32,91282CLJ8,TSRYS5875649,D,S,T,2024-09-04,1000000.00,3.706419,100.265625
08:00:32,91282CLJ8,TSRYS5875649,D,S,T,2024-09-04,1000000.00,3.708016,100.255859375
08:00:32,91282CLJ8,TSRYS5875649,D,S,T,2024-09-04,1000000.00,3.706419,100.265625
08:00:32,91282CLJ8,TSRYS5875649,D,S,T,2024-09-04,1000000.00,3.706419,100.265625
08:00:32,91282CLJ8,TSRYS5875649,D,S,T,2024-09-04,1000000.00,3.706419,100.265625
08:00:32,91282CLJ8,TSRYS5875649,D,S,T,2024-09-04,1000000.00,3.705141,100.2734375
08:00:32,91282CLJ8,TSRYS5875649,D,S,T,2024-09-04,1000000.00,3.705141,100.2734375
08:00:32,91282CLJ8,TSRYS5875649,D,S,T,2024-09-04,1000000.00,3.708974,100.25
08:00:32,91282CLJ8,TSRYS5875649,D,S,T,2024-09-04,1000000.00,3.708974,100.25
08:00:32,91282CLJ8,TSRYS5875649,D,S,T,2024-09-04,1000000.00,3.711211,100.236328125
08:00:32,91282CLJ8,TSRYS5875649,D,S,T,2024-09-04,1000000.00,3.709933,100.244140625
08:00:32,91282CLJ8,TSRYS5875649,D,S,T,2024-09-04,1000000.00,3.710252,100.2421875
08:00:32,91282CLJ8,TSRYS5875649,D,S,T,2024-09-04,1000000.00,3.710252,100.2421875
08:00:32,91282CLJ8,TSRYS5875649,D,S,T,2024-09-04,1000000.00,3.708016,100.255859375
08:00:32,91282CLJ8,TSRYS5875649,D,S,T,2024-09-04,1000000.00,3.710891,100.23828125
08:00:32,91282CLJ8,TSRYS5875649,D,S,T,2024-09-04,1000000.00,3.711211,100.236328125
08:00:32,91282CLJ8,TSRYS5875649,D,S,T,2024-09-04,1000000.00,3.710252,100.2421875
08:00:32,91282CLJ8,TSRYS5875649,D,S,T,2024-09-04,1000000.00,3.710252,100.2421875
08:00:32,91282CLJ8,TSRYS5875649,D,S,T,2024-09-04,1000000.00,3.710252,100.2421875
08:00:32,91282CLJ8,TSRYS5875649,D,S,T,2024-09-04,1000000.00,3.710252,100.2421875
08:00:32,91282CLJ8,TSRYS5875649,D,S,T,2024-09-04,1000000.00,3.710252,100.2421875
08:00:32,91282CLJ8,TSRYS5875649,D,S,T,2024-09-04,1000000.00,3.711211,100.236328125
08:00:32,91282CLJ8,TSRYS5875649,D,S,T,2024-09-04,1000000.00,3.712808,100.2265625
08:00:32,91282CLJ8,TSRYS5875649,D,S,T,2024-09-04,1000000.00,3.712808,100.2265625
08:00:32,91282CLJ8,TSRYS5875649,D,S,T,2024-09-04,1000000.00,3.712808,100.2265625
08:00:32,91282CLJ8,TSRYS5875649,D,S,T,2024-09-04,1000000.00,3.712808,100.2265625
08:00:32,91282CLJ8,TSRYS5875649,D,S,T,2024-09-04,1000000.00,3.712808,100.2265625
08:00:32,91282CLJ8,TSRYS5875649,D,S,T,2024-09-04,1000000.00,3.712808,100.2265625
08:00:32,91282CLJ8,TSRYS5875649,D,S,T,2024-09-04,1000000.00,3.712808,100.2265625
08:00:32,91282CLJ8,TSRYS5875649,D,S,T,2024-09-04,1000000.00,3.712808,100.2265625
08:00:32,91282CLJ8,TSRYS5875649,D,S,T,2024-09-04,1000000.00,3.712808,100.2265625
08:00:32,91282CLJ8,TSRYS5875649,D,S,T,2024-09-04,1000000.00,3.712808,100.2265625
08:00:32,91282CLJ8,TSRYS5875649,D,S,T,2024-09-04,1000000.00,3.712808,100.2265625
08:00:32,91282CLJ8,TSRYS5875649,D,S,T,2024-09-04,1000000.00,3.712808,100.2265625
08:00:32,91282CLJ8,TSRYS5875649,D,S,T,2024-09-04,1000000.00,3.712808,100.2265625
08:00:32,91282CLJ8,TSRYS5875649,D,S,T,2024-09-04,1000000.00,3.712808,100.2265625
08:00:32,91282CLJ8,TSRYS5875649,D,S,T,2024-09-04,1000000.00,3.712808,100.2265625
08:00:32,91282CLJ8,TSRYS5875649,D,S,T,2024-09-04,1000000.00,3.712808,100.2265625
08:00:32,91282CLJ8,TSRYS5875649,D,S,T,2024-09-04,1000000.00,3.712808,100.2265625
08:00:32,91282CLJ8,TSRYS5875649,D,S,T,2024-09-04,1000000.00,3.712808,100.2265625
08:00:32,91282CLJ8,TSRYS5875649,D,S,T,2024-09-04,1000000.00,3.71153,100.234375
08:00:32,91282CLJ8,TSRYS5875649,D,S,T,2024-09-04,1000000.00,3.708335,100.25390625
08:00:32,91282CLJ8,TSRYS5875649,D,S,T,2024-09-04,1000000.00,3.705141,100.2734375
08:00:32,91282CLJ8,TSRYS5875649,D,S,T,2024-09-04,2000000.00,3.705141,100.2734375
08:00:32,91282CLJ8,TSRYS5875649,D,S,T,2024-09-04,1000000.00,3.705141,100.2734375
08:00:32,91282CLJ8,TSRYS5875649,D,S,T,2024-09-04,1000000.00,3.705141,100.2734375
08:00:32,91282CLJ8,TSRYS5875649,D,S,T,2024-09-04,1000000.00,3.705141,100.2734375
08:00:32,91282CLJ8,TSRYS5875649,D,S,T,2024-09-04,1000000.00,3.705141,100.2734375
08:00:32,91282CLJ8,TSRYS5875649,D,S,T,2024-09-04,1000000.00,3.704503,100.27734375
08:00:32,91282CLJ8,TSRYS5875649,D,S,T,2024-09-04,2000000.00,3.705141,100.2734375
08:00:32,91282CLJ8,TSRYS5875649,D,S,T,2024-09-04,1000000.00,3.705141,100.2734375
08:00:32,91282CLJ8,TSRYS5875649,D,S,T,2024-09-04,1000000.00,3.705141,100.2734375
08:00:32,91282CLJ8,TSRYS5875649,D,S,T,2024-09-04,1000000.00,3.704503,100.27734375
08:00:32,91282CLJ8,TSRYS5875649,D,S,T,2024-09-04,1000000.00,3.701948,100.29296875
08:00:32,91282CLJ8,TSRYS5875649,D,S,T,2024-09-04,1000000.00,3.702267,100.291015625
08:00:32,91282CLJ8,TSRYS5875649,D,S,T,2024-09-04,1000000.00,3.702587,100.2890625
08:00:32,91282CLJ8,TSRYS5875649,D,S,T,2024-09-04,1000000.00,3.702587,100.2890625
08:00:32,91282CLJ8,TSRYS5875649,D,S,T,2024-09-04,1000000.00,3.703864,100.28125
08:00:32,91282CLJ8,TSRYS5875649,D,S,T,2024-09-04,1000000.00,3.703864,100.28125
08:00:32,91282CLJ8,TSRYS5875649,D,S,T,2024-09-04,1000000.00,3.703864,100.28125
08:00:32,91282CLJ8,TSRYS5875649,D,S,T,2024-09-04,1000000.00,3.703864,100.28125
08:00:32,91282CLJ8,TSRYS5875649,D,S,T,2024-09-04,1000000.00,3.702587,100.2890625
08:00:32,91282CLJ8,TSRYS5875649,D,S,T,2024-09-04,1000000.00,3.700032,100.3046875
08:00:32,91282CLJ8,TSRYS5875649,D,S,T,2024-09-04,1000000.00,3.698436,100.314453125
08:00:32,91282CLJ8,TSRYS5875649,D,S,T,2024-09-04,1000000.00,3.700032,100.3046875
08:00:32,91282CLJ8,TSRYS5875649,D,S,T,2024-09-04,1000000.00,3.700032,100.3046875
08:00:32,91282CLJ8,TSRYS5875649,D,S,T,2024-09-04,1000000.00,3.70131,100.296875
08:00:32,91282CLJ8,TSRYS5875649,D,S,T,2024-09-04,1000000.00,3.705141,100.2734375
08:00:32,91282CLJ8,TSRYS5875649,D,S,T,2024-09-04,1000000.00,3.705141,100.2734375
08:00:32,91282CLJ8,TSRYS5875649,D,S,T,2024-09-04,1000000.00,3.705141,100.2734375
08:00:32,91282CLJ8,TSRYS5875649,D,S,T,2024-09-04,1000000.00,3.705141,100.2734375
08:00:32,91282CLJ8,TSRYS5875649,D,S,T,2024-09-04,1000000.00,3.705141,100.2734375
08:00:32,91282CLJ8,TSRYS5875649,D,S,T,2024-09-04,1000000.00,3.705141,100.2734375
08:00:32,91282CLJ8,TSRYS5875649,D,S,T,2024-09-04,1000000.00,3.705141,100.2734375
08:00:32,91282CLJ8,TSRYS5875649,D,S,T,2024-09-04,1000000.00,3.705141,100.2734375
08:00:32,91282CLJ8,TSRYS5875649,D,S,T,2024-09-04,1000000.00,3.705141,100.2734375
08:00:32,91282CLJ8,TSRYS5875649,D,S,T,2024-09-04,1000000.00,3.705141,100.2734375
08:00:32,91282CLJ8,TSRYS5875649,D,S,T,2024-09-04,1000000.00,3.702587,100.2890625
08:00:32,91282CLJ8,TSRYS5875649,D,S,T,2024-09-04,1000000.00,3.703225,100.28515625
08:00:32,91282CLJ8,TSRYS5875649,D,S,T,2024-09-04,1000000.00,3.702906,100.287109375
08:00:32,91282CLJ8,TSRYS5875649,D,S,T,2024-09-04,1000000.00,3.702587,100.2890625
08:00:32,91282CLJ8,TSRYS5875649,D,S,T,2024-09-04,1000000.00,3.702587,100.2890625
08:00:32,91282CLJ8,TSRYS5875649,D,S,T,2024-09-04,1000000.00,3.702587,100.2890625
08:00:32,91282CLJ8,TSRYS5875649,D,S,T,2024-09-04,1000000.00,3.703225,100.28515625
08:00:32,91282CLJ8,TSRYS5875649,D,S,T,2024-09-04,1000000.00,3.703225,100.28515625
08:00:32,91282CLJ8,TSRYS5875649,D,S,T,2024-09-04,1000000.00,3.706419,100.265625
08:00:32,91282CLJ8,TSRYS5875649,D,S,T,2024-09-04,1000000.00,3.706419,100.265625
08:00:32,91282CLJ8,TSRYS5875649,D,S,T,2024-09-04,1000000.00,3.707697,100.2578125
08:00:32,91282CLJ8,TSRYS5875649,D,S,T,2024-09-04,3000000.00,3.71153,100.234375
08:00:32,91282CLJ8,TSRYS5875649,D,S,T,2024-09-04,1000000.00,3.71153,100.234375
08:00:32,91282CLJ8,TSRYS5875649,D,S,T,2024-09-04,1000000.00,3.71153,100.234375
08:00:32,91282CLJ8,TSRYS5875649,D,S,T,2024-09-04,4000000.00,3.71153,100.234375
08:00:32,91282CLJ8,TSRYS5875649,D,S,T,2024-09-04,3000000.00,3.71153,100.234375
08:00:32,91282CLJ8,TSRYS5875649,D,S,D,2024-09-04,4000000.00,3.71153,100.234375
08:00:32,91282CLJ8,TSRYS5875649,D,S,T,2024-09-04,3000000.00,3.71153,100.234375
08:00:32,91282CLJ8,TSRYS5875649,D,S,T,2024-09-04,1000000.00,3.705141,100.2734375
08:00:32,91282CLJ8,TSRYS5875649,D,S,T,2024-09-04,1000000.00,3.705141,100.2734375
08:00:32,91282CLJ8,TSRYS5875649,D,S,T,2024-09-04,1000000.00,3.705141,100.2734375
08:00:32,91282CLJ8,TSRYS5875649,D,S,T,2024-09-04,1000000.00,3.703864,100.28125
08:00:32,91282CLJ8,TSRYS5875649,D,S,T,2024-09-04,1000000.00,3.703864,100.28125
08:00:32,91282CLJ8,TSRYS5875649,D,S,T,2024-09-04,1000000.00,3.703864,100.28125
08:00:32,91282CLJ8,TSRYS5875649,D,S,T,2024-09-04,1000000.00,3.705141,100.2734375
08:00:32,91282CLJ8,TSRYS5875649,D,S,D,2024-09-04,1000000.00,3.717602,100.197265625
08:00:32,91282CLJ8,TSRYS5875649,D,S,D,2024-09-04,1000000.00,3.720479,100.1796875
08:00:32,91282CLJ8,TSRYS5875649,D,S,D,2024-09-04,1000000.00,3.720479,100.1796875
08:00:32,91282CLJ8,TSRYS5875649,D,S,D,2024-09-04,1000000.00,3.725596,100.1484375
08:00:32,91282CLJ8,TSRYS5875649,D,S,D,2024-09-04,1000000.00,3.725596,100.1484375
08:00:32,91282CLJ8,TSRYS5875649,D,S,D,2024-09-04,1000000.00,3.729434,100.125
08:00:32,91282CLJ8,TSRYS5875649,D,S,D,2024-09-04,1000000.00,3.724956,100.15234375
08:00:32,91282CLJ8,TSRYS5875649,D,S,D,2024-09-04,1000000.00,3.724956,100.15234375
08:00:32,91282CLJ8,TSRYS5875649,D,S,D,2024-09-04,1000000.00,3.718561,100.19140625
08:00:32,91282CLJ8,TSRYS5875649,D,S,D,2024-09-04,1000000.00,3.718561,100.19140625
08:00:32,91282CLJ8,TSRYS5875649,D,S,D,2024-09-04,1000000.00,3.718561,100.19140625
08:00:32,91282CLJ8,TSRYS5875649,D,S,D,2024-09-04,1000000.00,3.718561,100.19140625
08:00:32,91282CLJ8,TSRYS5875649,D,S,D,2024-09-04,1000000.00,3.718561,100.19140625
08:00:32,91282CLJ8,TSRYS5875649,D,S,D,2024-09-04,1000000.00,3.718561,100.19140625
08:00:32,91282CLJ8,TSRYS5875649,D,S,D,2024-09-04,1000000.00,3.718561,100.19140625
08:00:32,91282CLJ8,TSRYS5875649,D,S,D,2024-09-04,1000000.00,3.718242,100.193359375
08:00:32,91282CLJ8,TSRYS5875649,D,S,D,2024-09-04,1000000.00,3.717922,100.1953125
08:00:32,91282CLJ8,TSRYS5875649,D,S,D,2024-09-04,1000000.00,3.717922,100.1953125
08:00:32,91282CLJ8,TSRYS5875649,D,S,D,2024-09-04,1000000.00,3.719201,100.1875
08:00:32,91282CLJ8,TSRYS5875649,D,S,D,2024-09-04,1000000.00,3.702267,100.291015625
08:00:32,91282CLJ8,TSRYS5875649,D,S,D,2024-09-04,1000000.00,3.702267,100.291015625
08:00:32,91282CLJ8,TSRYS5875649,D,S,D,2024-09-04,1000000.00,3.702267,100.291015625
08:00:32,91282CLJ8,TSRYS5875649,D,S,D,2024-09-04,1000000.00,3.705141,100.2734375
08:00:32,91282CLJ8,TSRYS5875649,D,S,D,2024-09-04,1000000.00,3.71153,100.234375
08:00:32,91282CLJ8,TSRYS5875649,D,S,D,2024-09-04,1000000.00,3.703864,100.28125
08:00:32,91282CLJ8,TSRYS5875649,D,S,D,2024-09-04,1000000.00,3.713767,100.220703125
08:00:32,91282CLJ8,TSRYS5875649,D,S,D,2024-09-04,1000000.00,3.720479,100.1796875
08:00:32,91282CLJ8,TSRYS5875649,D,S,D,2024-09-04,1000000.00,3.720479,100.1796875
08:00:32,91282CLJ8,TSRYS5875649,D,S,D,2024-09-04,1000000.00,3.720479,100.1796875
08:00:33,91282CLJ8,TSRYS5875649,D,S,D,2024-09-04,1000000.00,3.723037,100.1640625
08:00:33,91282CLJ8,TSRYS5875649,D,S,D,2024-09-04,4000000.00,3.723037,100.1640625
08:00:33,91282CLJ8,TSRYS5875649,D,S,D,2024-09-04,1000000.00,3.723037,100.1640625
08:00:33,91282CLJ8,TSRYS5875649,D,S,D,2024-09-04,1000000.00,3.723037,100.1640625
08:00:33,91282CLJ8,TSRYS5875649,D,S,D,2024-09-04,1000000.00,3.723037,100.1640625
08:00:33,91282CLJ8,TSRYS5875649,D,S,D,2024-09-04,1000000.00,3.723997,100.158203125
08:00:33,91282CLJ8,TSRYS5875649,D,S,D,2024-09-04,1000000.00,3.723997,100.158203125
08:00:33,91282CLJ8,TSRYS5875649,D,S,D,2024-09-04,1000000.00,3.723997,100.158203125
08:00:33,91282CLJ8,TSRYS5875649,D,S,D,2024-09-04,1000000.00,3.713128,100.224609375
08:00:33,91282CLJ8,TSRYS5875649,D,S,D,2024-09-04,1000000.00,3.713128,100.224609375
08:00:33,91282CLJ8,TSRYS5875649,D,S,D,2024-09-04,1000000.00,3.713128,100.224609375
08:00:33,91282CLJ8,TSRYS5875649,D,S,D,2024-09-04,1000000.00,3.707377,100.259765625
08:00:33,91282CLJ8,TSRYS5875649,D,S,D,2024-09-04,1000000.00,3.708016,100.255859375
08:00:33,91282CLJ8,TSRYS5875649,D,S,D,2024-09-04,2000000.00,3.708016,100.255859375
08:00:33,91282CLJ8,TSRYS5875649,D,S,D,2024-09-04,1000000.00,3.705461,100.271484375
08:00:34,91282CLJ8,TSRYS5875649,D,S,C,2024-09-04,30000000.00,3.706419,100.265625
08:00:34,91282CLJ8,TSRYS5875649,D,S,D,2024-09-04,100000.00,3.708335,100.25390625
08:00:34,91282CLJ8,TSRYS5875649,D,S,D,2024-09-04,100000.00,3.710891,100.23828125
08:00:34,91282CLJ8,TSRYS5875649,D,S,D,2024-09-04,2000000.00,3.710891,100.23828125
08:00:34,91282CLJ8,TSRYS5875649,D,S,T,2024-09-04,1000000.00,3.706419,100.265625
08:00:34,91282CLJ8,TSRYS5875649,D,S,C,2024-09-04,1000000.00,3.723677,100.16015625
08:00:37,91282CLJ8,TSRYS5875649,D,S,C,2024-09-04,1000000.00,3.723997,100.158203125
08:00:37,91282CLJ8,TSRYS5875649,D,S,D,2024-09-04,1000000.00,3.724316,100.15625
08:00:37,91282CLJ8,TSRYS5875649,D,S,D,2024-09-04,4000000.00,3.725058,100.15172
08:00:38,91282CLJ8,TSRYS5875649,D,S,T,2024-09-04,1000000.00,3.725596,100.1484375
08:00:38,91282CLJ8,TSRYS5875649,D,S,T,2024-09-04,1000000.00,3.724636,100.154296875
08:00:38,91282CLJ8,TSRYS5875649,D,S,T,2024-09-04,1000000.00,3.717922,100.1953125
08:00:38,91282CLJ8,TSRYS5875649,D,S,T,2024-09-04,1000000.00,3.717922,100.1953125
08:00:38,91282CLJ8,TSRYS5875649,D,S,D,2024-09-04,1000000.00,3.717922,100.1953125
08:00:38,91282CLJ8,TSRYS5875649,D,S,T,2024-09-04,1000000.00,3.721758,100.171875
08:00:38,91282CLJ8,TSRYS5875649,D,S,T,2024-09-04,10000000.00,3.721758,100.171875
08:00:38,91282CLJ8,TSRYS5875649,D,S,C,2024-09-04,14193000.00,3.71974,100.18359375
08:00:38,91282CLJ8,TSRYS5875649,D,S,D,2024-09-04,1000000.00,3.70131,100.296875
08:00:38,91282CLJ8,TSRYS5875649,D,S,T,2024-09-04,1000000.00,3.700032,100.3046875
08:00:38,91282CLJ8,TSRYS5875649,D,S,T,2024-09-04,1000000.00,3.700032,100.3046875
08:00:38,91282CLJ8,TSRYS5875649,D,S,T,2024-09-04,1000000.00,3.699394,100.30859375
08:00:38,91282CLJ8,TSRYS5875649,D,S,T,2024-09-04,1000000.00,3.700032,100.3046875
08:00:38,91282CLJ8,TSRYS5875649,D,S,T,2024-09-04,2000000.00,3.700032,100.3046875
08:00:38,91282CLJ8,TSRYS5875649,D,S,T,2024-09-04,1000000.00,3.700032,100.3046875
08:00:38,91282CLJ8,TSRYS5875649,D,S,T,2024-09-04,1000000.00,3.706419,100.265625
08:00:38,91282CLJ8,TSRYS5875649,D,S,T,2024-09-04,1000000.00,3.704503,100.27734375
08:00:38,91282CLJ8,TSRYS5875649,D,S,T,2024-09-04,1000000.00,3.703864,100.28125
08:00:38,91282CLJ8,TSRYS5875649,D,S,T,2024-09-04,1000000.00,3.704503,100.27734375
08:00:38,91282CLJ8,TSRYS5875649,D,S,A,2024-09-04,1400000.00,3.703195,100.28515625
08:00:38,91282CLJ8,TSRYS5875649,D,S,T,2024-09-04,1000000.00,3.702587,100.2890625
08:00:38,91282CLJ8,TSRYS5875649,D,S,T,2024-09-04,1000000.00,3.702587,100.2890625
08:00:38,91282CLJ8,TSRYS5875649,D,S,T,2024-09-04,1000000.00,3.702587,100.2890625
08:00:38,91282CLJ8,TSRYS5875649,D,S,T,2024-09-04,1000000.00,3.702587,100.2890625
08:00:38,91282CLJ8,TSRYS5875649,D,S,T,2024-09-04,1000000.00,3.702587,100.2890625
08:00:38,91282CLJ8,TSRYS5875649,D,S,T,2024-09-04,1000000.00,3.702587,100.2890625
08:00:38,91282CLJ8,TSRYS5875649,D,S,T,2024-09-04,1000000.00,3.702587,100.2890625
08:00:38,91282CLJ8,TSRYS5875649,D,S,T,2024-09-04,1000000.00,3.709613,100.24609375
08:00:38,91282CLJ8,TSRYS5875649,D,S,T,2024-09-04,1000000.00,3.709613,100.24609375
08:00:38,91282CLJ8,TSRYS5875649,D,S,T,2024-09-04,1000000.00,3.709613,100.24609375
08:00:38,91282CLJ8,TSRYS5875649,D,S,T,2024-09-04,1000000.00,3.709613,100.24609375
08:00:38,91282CLJ8,TSRYS5875649,D,S,T,2024-09-04,1000000.00,3.709613,100.24609375
08:00:38,91282CLJ8,TSRYS5875649,D,S,T,2024-09-04,1000000.00,3.714087,100.21875
08:00:38,91282CLJ8,TSRYS5875649,D,S,T,2024-09-04,1000000.00,3.707058,100.26171875
08:00:38,91282CLJ8,TSRYS5875649,D,S,D,2024-09-04,1000000.00,3.707697,100.2578125
08:00:38,91282CLJ8,TSRYS5875649,D,S,D,2024-09-04,1000000.00,3.707697,100.2578125
08:00:38,91282CLJ8,TSRYS5875649,D,S,T,2024-09-04,1000000.00,3.707058,100.26171875
08:00:38,91282CLJ8,TSRYS5875649,D,S,T,2024-09-04,1000000.00,3.705141,100.2734375
08:00:38,91282CLJ8,TSRYS5875649,D,S,D,2024-09-04,2215000.00,3.710919,100.23828125
08:00:38,91282CLJ8,TSRYS5875649,D,S,T,2024-09-04,1000000.00,3.712808,100.2265625
08:00:38,91282CLJ8,TSRYS5875649,D,S,T,2024-09-04,1000000.00,3.71153,100.234375
08:00:38,91282CLJ8,TSRYS5875649,D,S,T,2024-09-04,5000000.00,3.705141,100.2734375
08:00:38,91282CLJ8,TSRYS5875649,D,S,D,2024-09-04,1000000.00,3.705141,100.2734375
08:00:38,91282CLJ8,TSRYS5875649,D,S,D,2024-09-04,1000000.00,3.705141,100.2734375
08:00:38,91282CLJ8,TSRYS5875649,D,S,T,2024-09-04,1000000.00,3.702587,100.2890625
08:00:38,91282CLJ8,TSRYS5875649,D,S,T,2024-09-04,1000000.00,3.701948,100.29296875
08:00:38,91282CLJ8,TSRYS5875649,D,S,T,2024-09-04,1000000.00,3.700032,100.3046875
08:00:38,91282CLJ8,TSRYS5875649,D,S,T,2024-09-04,1000000.00,3.700032,100.3046875
08:00:38,91282CLJ8,TSRYS5875649,D,S,T,2024-09-04,1000000.00,3.697479,100.3203125
08:00:38,91282CLJ8,TSRYS5875649,D,S,T,2024-09-04,1000000.00,3.704503,100.27734375
08:00:38,91282CLJ8,TSRYS5875649,D,S,T,2024-09-04,1000000.00,3.702587,100.2890625
08:00:38,91282CLJ8,TSRYS5875649,D,S,T,2024-09-04,1000000.00,3.702587,100.2890625
08:00:38,91282CLJ8,TSRYS5875649,D,S,T,2024-09-04,1000000.00,3.702587,100.2890625
08:00:38,91282CLJ8,TSRYS5875649,D,S,T,2024-09-04,1000000.00,3.702587,100.2890625
08:00:38,91282CLJ8,TSRYS5875649,D,S,T,2024-09-04,1000000.00,3.708974,100.25
08:00:39,91282CLJ8,TSRYS5875649,D,S,T,2024-09-04,1000000.00,3.710891,100.23828125
08:00:39,91282CLJ8,TSRYS5875649,D,S,T,2024-09-04,1000000.00,3.71153,100.234375
08:00:39,91282CLJ8,TSRYS5875649,D,S,T,2024-09-04,1000000.00,3.710891,100.23828125
08:00:39,91282CLJ8,TSRYS5875649,D,S,C,2024-09-04,3576000.00,3.709613,100.24609375
08:00:39,91282CLJ8,TSRYS5875649,D,S,T,2024-09-04,1000000.00,3.71153,100.234375
08:00:39,91282CLJ8,TSRYS5875649,D,S,T,2024-09-04,1000000.00,3.708974,100.25
08:00:39,91282CLJ8,TSRYS5875649,D,S,T,2024-09-04,1000000.00,3.703864,100.28125
08:00:40,91282CLJ8,TSRYS5875649,D,S,T,2024-09-04,1000000.00,3.703864,100.28125
08:00:40,91282CLJ8,TSRYS5875649,D,S,D,2024-09-04,1000000.00,3.717922,100.1953125
08:00:40,91282CLJ8,TSRYS5875649,D,B,C,2024-09-04,310000.00,3.704503,100.27734375
08:00:41,91282CLJ8,TSRYS5875649,D,S,T,2024-09-04,1000000.00,3.719201,100.1875
08:00:42,91282CLJ8,TSRYS5875649,D,S,T,2024-09-04,4000000.00,3.719201,100.1875
08:00:42,91282CLJ8,TSRYS5875649,D,S,C,2024-09-04,1000000.00,3.717283,100.19921875
08:00:43,91282CLJ8,TSRYS5875649,D,S,T,2024-09-04,1000000.00,3.707697,100.2578125
08:00:43,91282CLJ8,TSRYS5875649,D,S,D,2024-09-04,310000.00,3.704503,100.27734375
08:00:43,91282CLJ8,TSRYS5875649,D,S,C,2024-09-04,1000000.00,3.715365,100.2109375
08:00:43,91282CLJ8,TSRYS5875649,D,S,C,2024-09-04,1000000.00,3.718242,100.193359375
08:00:45,91282CLJ8,TSRYS5875649,D,S,C,2024-09-04,1000000.00,3.718561,100.19140625
08:00:45,91282CLJ8,TSRYS5875649,D,S,C,2024-09-04,1000000.00,3.718881,100.189453125
08:00:45,91282CLJ8,TSRYS5875649,D,S,C,2024-09-04,1000000.00,3.718242,100.193359375
08:00:45,91282CLJ8,TSRYS5875649,D,S,C,2024-09-04,1000000.00,3.718242,100.193359375
08:00:45,91282CLJ8,TSRYS5875649,D,S,C,2024-09-04,1000000.00,3.718561,100.19140625
08:00:45,91282CLJ8,TSRYS5875649,D,S,C,2024-09-04,1000000.00,3.718561,100.19140625
08:00:45,91282CLJ8,TSRYS5875649,D,S,C,2024-09-04,1000000.00,3.718561,100.19140625
08:00:45,91282CLJ8,TSRYS5875649,D,S,C,2024-09-04,1000000.00,3.718561,100.19140625
08:00:45,91282CLJ8,TSRYS5875649,D,S,C,2024-09-04,1000000.00,3.718561,100.19140625
08:00:45,91282CLJ8,TSRYS5875649,D,S,D,2024-09-04,1000000.00,3.708016,100.255859375
08:00:46,91282CLJ8,TSRYS5875649,D,S,C,2024-09-04,1000000.00,3.718561,100.19140625
08:00:46,91282CLJ8,TSRYS5875649,D,S,C,2024-09-04,1000000.00,3.718561,100.19140625
08:00:46,91282CLJ8,TSRYS5875649,D,S,C,2024-09-04,1000000.00,3.718881,100.189453125
08:00:46,91282CLJ8,TSRYS5875649,D,S,C,2024-09-04,1000000.00,3.718561,100.19140625
08:00:46,91282CLJ8,TSRYS5875649,D,S,C,2024-09-04,1000000.00,3.718561,100.19140625
08:00:46,91282CLJ8,TSRYS5875649,D,S,C,2024-09-04,1000000.00,3.718561,100.19140625
08:00:46,91282CLJ8,TSRYS5875649,D,S,C,2024-09-04,1000000.00,3.718561,100.19140625
08:00:46,91282CLJ8,TSRYS5875649,D,S,C,2024-09-04,1000000.00,3.718561,100.19140625
08:00:46,91282CLJ8,TSRYS5875649,D,S,C,2024-09-04,1000000.00,3.718561,100.19140625
08:00:46,91282CLJ8,TSRYS5875649,D,S,C,2024-09-04,1000000.00,3.718561,100.19140625
08:00:46,91282CLJ8,TSRYS5875649,D,S,C,2024-09-04,2000000.00,3.718242,100.193359375
08:00:46,91282CLJ8,TSRYS5875649,D,S,C,2024-09-04,1000000.00,3.718561,100.19140625
08:00:46,91282CLJ8,TSRYS5875649,D,S,C,2024-09-04,1000000.00,3.718242,100.193359375
08:00:46,91282CLJ8,TSRYS5875649,D,S,C,2024-09-04,1000000.00,3.718561,100.19140625
08:00:46,91282CLJ8,TSRYS5875649,D,S,C,2024-09-04,1000000.00,3.718242,100.193359375
08:00:46,91282CLJ8,TSRYS5875649,D,S,C,2024-09-04,1000000.00,3.718242,100.193359375
08:00:46,91282CLJ8,TSRYS5875649,D,S,C,2024-09-04,1000000.00,3.717922,100.1953125
08:00:46,91282CLJ8,TSRYS5875649,D,S,C,2024-09-04,1000000.00,3.717922,100.1953125
08:00:46,91282CLJ8,TSRYS5875649,D,S,C,2024-09-04,1000000.00,3.719201,100.1875
08:00:46,91282CLJ8,TSRYS5875649,D,S,C,2024-09-04,2000000.00,3.719201,100.1875
08:00:46,91282CLJ8,TSRYS5875649,D,S,C,2024-09-04,2000000.00,3.719201,100.1875
08:00:46,91282CLJ8,TSRYS5875649,D,S,C,2024-09-04,2000000.00,3.719201,100.1875
08:00:46,91282CLJ8,TSRYS5875649,D,S,C,2024-09-04,2000000.00,3.719201,100.1875
08:00:46,91282CLJ8,TSRYS5875649,D,S,C,2024-09-04,1000000.00,3.719201,100.1875
08:00:46,91282CLJ8,TSRYS5875649,D,S,C,2024-09-04,1000000.00,3.719201,100.1875
08:00:46,91282CLJ8,TSRYS5875649,D,S,C,2024-09-04,1000000.00,3.71952,100.185546875
08:00:47,91282CLJ8,TSRYS5875649,D,S,T,2024-09-04,1000000.00,3.708974,100.25
08:00:47,91282CLJ8,TSRYS5875649,D,S,T,2024-09-04,1000000.00,3.708974,100.25
08:00:47,91282CLJ8,TSRYS5875649,D,S,C,2024-09-04,1000000.00,3.71952,100.185546875
08:00:47,91282CLJ8,TSRYS5875649,D,S,C,2024-09-04,1000000.00,3.719201,100.1875
08:00:48,91282CLJ8,TSRYS5875649,D,S,D,2024-09-04,1000000.00,3.71153,100.234375
08:00:50,91282CLJ8,TSRYS5875649,D,S,D,2024-09-04,1000000.00,3.706419,100.265625
08:00:50,91282CLJ8,TSRYS5875649,D,S,D,2024-09-04,1000000.00,3.70131,100.296875
08:00:51,91282CLJ8,TSRYS5875649,D,S,D,2024-09-04,1000000.00,3.707058,100.26171875
08:00:54,91282CLJ8,TSRYS5875649,D,S,D,2024-09-04,1000000.00,3.713447,100.22265625
08:00:56,91282CLJ8,TSRYS5875649,D,S,D,2024-09-04,1000000.00,3.707697,100.2578125
08:00:56,91282CLJ8,TSRYS5875649,D,S,D,2024-09-04,1000000.00,3.707697,100.2578125
08:00:59,91282CLJ8,TSRYS5875649,D,S,T,2024-09-04,4000000.00,3.702587,100.2890625
08:00:59,91282CLJ8,TSRYS5875649,D,S,D,2024-09-04,1000000.00,3.710252,100.2421875
08:00:59,91282CLJ8,TSRYS5875649,D,S,D,2024-09-04,1000000.00,3.705141,100.2734375
08:00:59,91282CLJ8,TSRYS5875649,D,S,D,2024-09-04,1000000.00,3.705461,100.271484375
08:01:00,91282CLJ8,TSRYS5875649,D,S,D,2024-09-04,2000000.00,3.705141,100.2734375
08:01:00,91282CLJ8,TSRYS5875649,D,S,D,2024-09-04,1000000.00,3.705141,100.2734375
08:01:00,91282CLJ8,TSRYS5875649,D,S,D,2024-09-04,1000000.00,3.704503,100.27734375
08:01:00,91282CLJ8,TSRYS5875649,D,S,D,2024-09-04,1000000.00,3.705141,100.2734375
08:01:01,91282CLJ8,TSRYS5875649,D,S,T,2024-09-04,1000000.00,3.720501,100.1795575
08:01:01,91282CLJ8,TSRYS5875649,D,S,T,2024-09-04,1000000.00,3.720501,100.1795575
08:01:02,91282CLJ8,TSRYS5875649,D,B,A,2024-09-04,10000.00,3.704503,100.27734375
08:01:03,91282CLJ8,TSRYS5875649,D,S,C,2024-09-04,1000000.00,3.71153,100.234375
08:01:03,91282CLJ8,TSRYS5875649,D,S,D,2024-09-04,2000000.00,3.71153,100.234375
08:01:03,91282CLJ8,TSRYS5875649,D,S,C,2024-09-04,1000000.00,3.71153,100.234375
08:01:03,91282CLJ8,TSRYS5875649,D,S,D,2024-09-04,1000000.00,3.71153,100.234375
08:01:03,91282CLJ8,TSRYS5875649,D,S,C,2024-09-04,1000000.00,3.71153,100.234375
08:01:03,91282CLJ8,TSRYS5875649,D,S,C,2024-09-04,1000000.00,3.711211,100.236328125
08:01:03,91282CLJ8,TSRYS5875649,D,S,C,2024-09-04,1000000.00,3.711211,100.236328125
08:01:04,91282CLJ8,TSRYS5875649,D,S,T,2024-09-04,1000000.00,3.719222,100.18737
08:01:04,91282CLJ8,TSRYS5875649,D,S,T,2024-09-04,1000000.00,3.719222,100.18737
08:01:04,91282CLJ8,TSRYS5875649,D,S,D,2024-09-04,1000000.00,3.703864,100.28125
08:01:04,91282CLJ8,TSRYS5875649,D,S,A,2024-09-04,75000000.00,3.716643,100.203125
08:01:05,91282CLJ8,TSRYS5875649,D,S,C,2024-09-04,1000000.00,3.731354,100.11328125
08:01:05,91282CLJ8,TSRYS5875649,D,S,C,2024-09-04,1000000.00,3.729434,100.125
08:01:05,91282CLJ8,TSRYS5875649,D,S,C,2024-09-04,1000000.00,3.731354,100.11328125
08:01:05,91282CLJ8,TSRYS5875649,D,S,C,2024-09-04,1000000.00,3.724316,100.15625
08:01:05,91282CLJ8,TSRYS5875649,D,S,D,2024-09-04,1000000.00,3.718881,100.189453125
08:01:05,91282CLJ8,TSRYS5875649,D,S,T,2024-09-04,1000000.00,3.724316,100.15625
08:01:05,91282CLJ8,TSRYS5875649,D,S,C,2024-09-04,1000000.00,3.717922,100.1953125
08:01:05,91282CLJ8,TSRYS5875649,D,S,D,2024-09-04,1000000.00,3.718561,100.19140625
08:01:05,91282CLJ8,TSRYS5875649,D,S,D,2024-09-04,1000000.00,3.712169,100.23046875
08:01:05,91282CLJ8,TSRYS5875649,D,S,D,2024-09-04,1000000.00,3.715365,100.2109375
08:01:05,91282CLJ8,TSRYS5875649,D,B,C,2024-09-04,1000000.00,3.718561,100.19140625
08:01:05,91282CLJ8,TSRYS5875649,D,B,C,2024-09-04,1000000.00,3.723677,100.16015625
08:01:05,91282CLJ8,TSRYS5875649,D,S,D,2024-09-04,1000000.00,3.723677,100.16015625
08:01:05,91282CLJ8,TSRYS5875649,D,B,C,2024-09-04,3000000.00,3.717602,100.197265625
08:01:05,91282CLJ8,TSRYS5875649,D,S,D,2024-09-04,3000000.00,3.717602,100.197265625
08:01:05,91282CLJ8,TSRYS5875649,D,B,C,2024-09-04,3000000.00,3.717602,100.197265625
08:01:05,91282CLJ8,TSRYS5875649,D,S,D,2024-09-04,1000000.00,3.717602,100.197265625
08:01:05,91282CLJ8,TSRYS5875649,D,S,D,2024-09-04,3000000.00,3.717602,100.197265625
08:01:05,91282CLJ8,TSRYS5875649,D,S,D,2024-09-04,1000000.00,3.720799,100.177734375
08:01:05,91282CLJ8,TSRYS5875649,D,B,C,2024-09-04,1000000.00,3.721119,100.17578125
08:01:05,91282CLJ8,TSRYS5875649,D,B,C,2024-09-04,1000000.00,3.718242,100.193359375
08:01:05,91282CLJ8,TSRYS5875649,D,S,D,2024-09-04,1000000.00,3.718242,100.193359375
08:01:05,91282CLJ8,TSRYS5875649,D,S,D,2024-09-04,1000000.00,3.721119,100.17578125
08:01:06,91282CLJ8,TSRYS5875649,D,S,D,2024-09-04,1000000.00,3.718242,100.193359375
08:01:06,91282CLJ8,TSRYS5875649,D,B,C,2024-09-04,1000000.00,3.721439,100.173828125
08:01:06,91282CLJ8,TSRYS5875649,D,B,C,2024-09-04,1000000.00,3.718242,100.193359375
08:01:06,91282CLJ8,TSRYS5875649,D,B,C,2024-09-04,1000000.00,3.720799,100.177734375
08:01:06,91282CLJ8,TSRYS5875649,D,B,C,2024-09-04,1000000.00,3.720799,100.177734375
08:01:06,91282CLJ8,TSRYS5875649,D,S,D,2024-09-04,1000000.00,3.720799,100.177734375
08:01:06,91282CLJ8,TSRYS5875649,D,S,D,2024-09-04,1000000.00,3.721439,100.173828125
08:01:06,91282CLJ8,TSRYS5875649,D,S,D,2024-09-04,1000000.00,3.721119,100.17578125
08:01:06,91282CLJ8,TSRYS5875649,D,B,C,2024-09-04,1000000.00,3.721119,100.17578125
08:01:06,91282CLJ8,TSRYS5875649,D,S,A,2024-09-04,50000000.00,3.719201,100.1875
08:01:06,91282CLJ8,TSRYS5875649,D,S,C,2024-09-04,1000000.00,3.725596,100.1484375
08:01:06,91282CLJ8,TSRYS5875649,D,S,C,2024-09-04,1000000.00,3.725596,100.1484375
08:01:06,91282CLJ8,TSRYS5875649,D,S,C,2024-09-04,1000000.00,3.725596,100.1484375
08:01:07,91282CLJ8,TSRYS5875649,D,S,A,2024-09-04,10000.00,3.701289,100.297
08:01:07,91282CLJ8,TSRYS5875649,D,S,D,2024-09-04,1000000.00,3.727515,100.13671875
08:01:07,91282CLJ8,TSRYS5875649,D,B,C,2024-09-04,1000000.00,3.727515,100.13671875
08:01:07,91282CLJ8,TSRYS5875649,D,S,D,2024-09-04,1000000.00,3.726875,100.140625
08:01:07,91282CLJ8,TSRYS5875649,D,B,C,2024-09-04,1000000.00,3.726875,100.140625
08:01:07,91282CLJ8,TSRYS5875649,D,B,C,2024-09-04,1000000.00,3.726875,100.140625
08:01:07,91282CLJ8,TSRYS5875649,D,S,D,2024-09-04,1000000.00,3.726875,100.140625
08:01:07,91282CLJ8,TSRYS5875649,D,S,D,2024-09-04,1000000.00,3.729434,100.125
08:01:07,91282CLJ8,TSRYS5875649,D,S,C,2024-09-04,510000.00,3.705141,100.2734375
08:01:07,91282CLJ8,TSRYS5875649,D,S,C,2024-09-04,1000000.00,3.729434,100.125
08:01:07,91282CLJ8,TSRYS5875649,D,S,C,2024-09-04,2000000.00,3.729434,100.125
08:01:07,91282CLJ8,TSRYS5875649,D,B,C,2024-09-04,1000000.00,3.731674,100.111328125
08:01:07,91282CLJ8,TSRYS5875649,D,S,D,2024-09-04,1000000.00,3.731674,100.111328125
08:01:07,91282CLJ8,TSRYS5875649,D,S,D,2024-09-04,1000000.00,3.731674,100.111328125
08:01:07,91282CLJ8,TSRYS5875649,D,B,C,2024-09-04,1000000.00,3.731674,100.111328125
08:01:07,91282CLJ8,TSRYS5875649,D,S,C,2024-09-04,1000000.00,3.730394,100.119140625
08:01:07,91282CLJ8,TSRYS5875649,D,S,T,2024-09-04,1000000.00,3.715365,100.2109375
08:01:07,91282CLJ8,TSRYS5875649,D,S,C,2024-09-04,1000000.00,3.730394,100.119140625
08:01:07,91282CLJ8,TSRYS5875649,D,B,C,2024-09-04,1000000.00,3.727835,100.134765625
08:01:07,91282CLJ8,TSRYS5875649,D,S,D,2024-09-04,1000000.00,3.727835,100.134765625
08:01:07,91282CLJ8,TSRYS5875649,D,S,D,2024-09-04,1000000.00,3.723677,100.16015625
08:01:07,91282CLJ8,TSRYS5875649,D,S,D,2024-09-04,1000000.00,3.724636,100.154296875
08:01:07,91282CLJ8,TSRYS5875649,D,B,C,2024-09-04,1000000.00,3.724636,100.154296875
08:01:07,91282CLJ8,TSRYS5875649,D,S,D,2024-09-04,1000000.00,3.724636,100.154296875
08:01:08,91282CLJ8,TSRYS5875649,D,B,C,2024-09-04,1000000.00,3.722078,100.169921875
08:01:08,91282CLJ8,TSRYS5875649,D,S,D,2024-09-04,1000000.00,3.722078,100.169921875
08:01:08,91282CLJ8,TSRYS5875649,D,B,C,2024-09-04,1000000.00,3.721758,100.171875
08:01:08,91282CLJ8,TSRYS5875649,D,S,D,2024-09-04,1000000.00,3.721758,100.171875
08:01:08,91282CLJ8,TSRYS5875649,D,B,A,2024-09-04,1900000.00,3.730074,100.12109375
08:01:08,91282CLJ8,TSRYS5875649,D,B,C,2024-09-04,1000000.00,3.724636,100.154296875
08:01:08,91282CLJ8,TSRYS5875649,D,S,D,2024-09-04,1000000.00,3.724636,100.154296875
08:01:08,91282CLJ8,TSRYS5875649,D,S,D,2024-09-04,1000000.00,3.724636,100.154296875
08:01:08,91282CLJ8,TSRYS5875649,D,B,C,2024-09-04,1000000.00,3.724636,100.154296875
08:01:08,91282CLJ8,TSRYS5875649,D,S,T,2024-09-04,1000000.00,3.703885,100.28112
08:01:09,91282CLJ8,TSRYS5875649,D,B,A,2024-09-04,1000000.00,3.703864,100.28125
08:01:09,91282CLJ8,TSRYS5875649,D,S,D,2024-09-04,1000000.00,3.724636,100.154296875
08:01:09,91282CLJ8,TSRYS5875649,D,S,D,2024-09-04,1000000.00,3.725916,100.146484375
08:01:09,91282CLJ8,TSRYS5875649,D,S,D,2024-09-04,1000000.00,3.725916,100.146484375
08:01:09,91282CLJ8,TSRYS5875649,D,B,C,2024-09-04,1000000.00,3.723677,100.16015625
08:01:09,91282CLJ8,TSRYS5875649,D,S,D,2024-09-04,1000000.00,3.723677,100.16015625
08:01:09,91282CLJ8,TSRYS5875649,D,S,C,2024-09-04,1000000.00,3.728155,100.1328125
08:01:09,91282CLJ8,TSRYS5875649,D,S,C,2024-09-04,1000000.00,3.728155,100.1328125
08:01:09,91282CLJ8,TSRYS5875649,D,S,C,2024-09-04,1000000.00,3.728155,100.1328125
08:01:09,91282CLJ8,TSRYS5875649,D,S,C,2024-09-04,1000000.00,3.728155,100.1328125
08:01:09,91282CLJ8,TSRYS5875649,D,S,C,2024-09-04,1000000.00,3.729114,100.126953125
08:01:09,91282CLJ8,TSRYS5875649,D,S,C,2024-09-04,1000000.00,3.729114,100.126953125
08:01:09,91282CLJ8,TSRYS5875649,D,S,D,2024-09-04,1000000.00,3.720799,100.177734375
08:01:09,91282CLJ8,TSRYS5875649,D,S,D,2024-09-04,1000000.00,3.720479,100.1796875
08:01:09,91282CLJ8,TSRYS5875649,D,S,D,2024-09-04,1000000.00,3.720479,100.1796875
08:01:09,91282CLJ8,TSRYS5875649,D,S,D,2024-09-04,1000000.00,3.720479,100.1796875
08:01:09,91282CLJ8,TSRYS5875649,D,S,D,2024-09-04,1000000.00,3.723997,100.158203125
08:01:09,91282CLJ8,TSRYS5875649,D,B,C,2024-09-04,1000000.00,3.723997,100.158203125
08:01:09,91282CLJ8,TSRYS5875649,D,S,D,2024-09-04,1000000.00,3.724636,100.154296875
08:01:09,91282CLJ8,TSRYS5875649,D,S,D,2024-09-04,1000000.00,3.724316,100.15625
08:01:10,91282CLJ8,TSRYS5875649,D,S,D,2024-09-04,1000000.00,3.724316,100.15625
08:01:10,91282CLJ8,TSRYS5875649,D,B,C,2024-09-04,1000000.00,3.724956,100.15234375
08:01:10,91282CLJ8,TSRYS5875649,D,S,C,2024-09-04,1000000.00,3.724956,100.15234375
08:01:10,91282CLJ8,TSRYS5875649,D,S,C,2024-09-04,1000000.00,3.724956,100.15234375
08:01:10,91282CLJ8,TSRYS5875649,D,S,C,2024-09-04,1000000.00,3.724956,100.15234375
08:01:10,91282CLJ8,TSRYS5875649,D,S,C,2024-09-04,2000000.00,3.724956,100.15234375
08:01:10,91282CLJ8,TSRYS5875649,D,S,C,2024-09-04,2000000.00,3.724956,100.15234375
08:01:10,91282CLJ8,TSRYS5875649,D,S,D,2024-09-04,1000000.00,3.723037,100.1640625
08:01:10,91282CLJ8,TSRYS5875649,D,S,D,2024-09-04,1000000.00,3.723037,100.1640625
08:01:10,91282CLJ8,TSRYS5875649,D,S,C,2024-09-04,1000000.00,3.733914,100.09765625
08:01:10,91282CLJ8,TSRYS5875649,D,S,D,2024-09-04,1000000.00,3.717922,100.1953125
08:01:10,91282CLJ8,TSRYS5875649,D,S,D,2024-09-04,1000000.00,3.717283,100.19921875
08:01:10,91282CLJ8,TSRYS5875649,D,B,C,2024-09-04,1000000.00,3.717283,100.19921875
08:01:10,91282CLJ8,TSRYS5875649,D,S,D,2024-09-04,1000000.00,3.717283,100.19921875
08:01:10,91282CLJ8,TSRYS5875649,D,S,D,2024-09-04,1000000.00,3.717922,100.1953125
08:01:10,91282CLJ8,TSRYS5875649,D,B,C,2024-09-04,1000000.00,3.717283,100.19921875
08:01:10,91282CLJ8,TSRYS5875649,D,B,C,2024-09-04,1000000.00,3.717922,100.1953125
08:01:10,91282CLJ8,TSRYS5875649,D,S,D,2024-09-04,1000000.00,3.715365,100.2109375
08:01:10,91282CLJ8,TSRYS5875649,D,B,C,2024-09-04,1000000.00,3.715365,100.2109375
08:01:10,91282CLJ8,TSRYS5875649,D,S,C,2024-09-04,1000000.00,3.733914,100.09765625
08:01:10,91282CLJ8,TSRYS5875649,D,S,D,2024-09-04,1000000.00,3.718242,100.193359375
08:01:10,91282CLJ8,TSRYS5875649,D,B,C,2024-09-04,1000000.00,3.718242,100.193359375
08:01:10,91282CLJ8,TSRYS5875649,D,S,C,2024-09-04,1000000.00,3.733594,100.099609375
08:01:11,91282CLJ8,TSRYS5875649,D,S,D,2024-09-04,1000000.00,3.718561,100.19140625
08:01:11,91282CLJ8,TSRYS5875649,D,S,D,2024-09-04,1000000.00,3.716004,100.20703125
08:01:11,91282CLJ8,TSRYS5875649,D,B,C,2024-09-04,1000000.00,3.716004,100.20703125
08:01:11,91282CLJ8,TSRYS5875649,D,S,D,2024-09-04,1000000.00,3.718561,100.19140625
08:01:11,91282CLJ8,TSRYS5875649,D,B,C,2024-09-04,1000000.00,3.718561,100.19140625
08:01:11,91282CLJ8,TSRYS5875649,D,S,D,2024-09-04,1000000.00,3.718881,100.189453125
08:01:11,91282CLJ8,TSRYS5875649,D,B,C,2024-09-04,1000000.00,3.718881,100.189453125
08:01:11,91282CLJ8,TSRYS5875649,D,S,D,2024-09-04,1000000.00,3.718242,100.193359375
08:01:11,91282CLJ8,TSRYS5875649,D,B,C,2024-09-04,1000000.00,3.718242,100.193359375
08:01:11,91282CLJ8,TSRYS5875649,D,B,C,2024-09-04,1000000.00,3.718242,100.193359375
08:01:11,91282CLJ8,TSRYS5875649,D,S,D,2024-09-04,1000000.00,3.718242,100.193359375
08:01:11,91282CLJ8,TSRYS5875649,D,B,C,2024-09-04,1000000.00,3.718561,100.19140625
08:01:11,91282CLJ8,TSRYS5875649,D,S,D,2024-09-04,1000000.00,3.718561,100.19140625
08:01:11,91282CLJ8,TSRYS5875649,D,B,C,2024-09-04,1000000.00,3.718881,100.189453125
08:01:11,91282CLJ8,TSRYS5875649,D,S,D,2024-09-04,1000000.00,3.718881,100.189453125
08:01:11,91282CLJ8,TSRYS5875649,D,B,C,2024-09-04,1000000.00,3.718561,100.19140625
08:01:11,91282CLJ8,TSRYS5875649,D,S,D,2024-09-04,1000000.00,3.718561,100.19140625
08:01:11,91282CLJ8,TSRYS5875649,D,S,D,2024-09-04,1000000.00,3.718561,100.19140625
08:01:11,91282CLJ8,TSRYS5875649,D,S,D,2024-09-04,1000000.00,3.718561,100.19140625
08:01:11,91282CLJ8,TSRYS5875649,D,B,C,2024-09-04,1000000.00,3.718561,100.19140625
08:01:11,91282CLJ8,TSRYS5875649,D,S,D,2024-09-04,1000000.00,3.718561,100.19140625
08:01:11,91282CLJ8,TSRYS5875649,D,S,D,2024-09-04,1000000.00,3.718561,100.19140625
08:01:11,91282CLJ8,TSRYS5875649,D,B,C,2024-09-04,1000000.00,3.718561,100.19140625
08:01:11,91282CLJ8,TSRYS5875649,D,B,C,2024-09-04,1000000.00,3.718561,100.19140625
08:01:11,91282CLJ8,TSRYS5875649,D,S,D,2024-09-04,1000000.00,3.718561,100.19140625
08:01:11,91282CLJ8,TSRYS5875649,D,B,C,2024-09-04,1000000.00,3.718561,100.19140625
08:01:11,91282CLJ8,TSRYS5875649,D,B,C,2024-09-04,1000000.00,3.718242,100.193359375
08:01:11,91282CLJ8,TSRYS5875649,D,S,D,2024-09-04,1000000.00,3.718242,100.193359375
08:01:11,91282CLJ8,TSRYS5875649,D,S,D,2024-09-04,2000000.00,3.718242,100.193359375
08:01:11,91282CLJ8,TSRYS5875649,D,S,D,2024-09-04,1000000.00,3.718242,100.193359375
08:01:11,91282CLJ8,TSRYS5875649,D,B,C,2024-09-04,1000000.00,3.718561,100.19140625
08:01:11,91282CLJ8,TSRYS5875649,D,S,D,2024-09-04,1000000.00,3.718561,100.19140625
08:01:11,91282CLJ8,TSRYS5875649,D,S,D,2024-09-04,1000000.00,3.719201,100.1875
08:01:11,91282CLJ8,TSRYS5875649,D,S,D,2024-09-04,2000000.00,3.719201,100.1875
08:01:11,91282CLJ8,TSRYS5875649,D,S,D,2024-09-04,2000000.00,3.719201,100.1875
08:01:11,91282CLJ8,TSRYS5875649,D,S,D,2024-09-04,2000000.00,3.719201,100.1875
08:01:11,91282CLJ8,TSRYS5875649,D,S,D,2024-09-04,1000000.00,3.719201,100.1875
08:01:11,91282CLJ8,TSRYS5875649,D,S,D,2024-09-04,1000000.00,3.71952,100.185546875
08:01:11,91282CLJ8,TSRYS5875649,D,S,D,2024-09-04,1000000.00,3.71952,100.185546875
08:01:11,91282CLJ8,TSRYS5875649,D,S,D,2024-09-04,2000000.00,3.719201,100.1875
08:01:11,91282CLJ8,TSRYS5875649,D,S,D,2024-09-04,1000000.00,3.719201,100.1875
08:01:11,91282CLJ8,TSRYS5875649,D,B,C,2024-09-04,1000000.00,3.718881,100.189453125
08:01:11,91282CLJ8,TSRYS5875649,D,S,D,2024-09-04,1000000.00,3.71952,100.185546875
08:01:11,91282CLJ8,TSRYS5875649,D,S,D,2024-09-04,1000000.00,3.718881,100.189453125
08:01:11,91282CLJ8,TSRYS5875649,D,B,C,2024-09-04,1000000.00,3.71952,100.185546875
08:01:11,91282CLJ8,TSRYS5875649,D,S,D,2024-09-04,1000000.00,3.71952,100.185546875
08:01:11,91282CLJ8,TSRYS5875649,D,B,C,2024-09-04,1000000.00,3.71952,100.185546875
08:01:11,91282CLJ8,TSRYS5875649,D,S,D,2024-09-04,1000000.00,3.716643,100.203125
08:01:11,91282CLJ8,TSRYS5875649,D,B,C,2024-09-04,1000000.00,3.716643,100.203125
08:01:11,91282CLJ8,TSRYS5875649,D,S,D,2024-09-04,1000000.00,3.716643,100.203125
08:01:11,91282CLJ8,TSRYS5875649,D,S,D,2024-09-04,1000000.00,3.712808,100.2265625
08:01:11,91282CLJ8,TSRYS5875649,D,B,C,2024-09-04,1000000.00,3.712808,100.2265625
08:01:11,91282CLJ8,TSRYS5875649,D,S,D,2024-09-04,1000000.00,3.71153,100.234375
08:01:11,91282CLJ8,TSRYS5875649,D,B,C,2024-09-04,1000000.00,3.71153,100.234375
08:01:11,91282CLJ8,TSRYS5875649,D,S,D,2024-09-04,1000000.00,3.730599,100.1178875
08:01:11,91282CLJ8,TSRYS5875649,D,S,D,2024-09-04,1000000.00,3.706419,100.265625
08:01:11,91282CLJ8,TSRYS5875649,D,S,C,2024-09-04,1000000.00,3.708655,100.251953125
08:01:11,91282CLJ8,TSRYS5875649,D,S,C,2024-09-04,1000000.00,3.708655,100.251953125
08:01:11,91282CLJ8,TSRYS5875649,D,S,C,2024-09-04,1000000.00,3.707377,100.259765625
08:01:11,91282CLJ8,TSRYS5875649,D,B,C,2024-09-04,1000000.00,3.707377,100.259765625
08:01:11,91282CLJ8,TSRYS5875649,D,S,D,2024-09-04,1000000.00,3.706738,100.263671875
08:01:11,91282CLJ8,TSRYS5875649,D,S,D,2024-09-04,3000000.00,3.724522,100.1549969
08:01:11,91282CLJ8,TSRYS5875649,D,S,C,2024-09-04,1000000.00,3.706738,100.263671875
08:01:11,91282CLJ8,TSRYS5875649,D,S,C,2024-09-04,4000000.00,3.725416,100.1495375
08:01:12,91282CLJ8,TSRYS5875649,D,B,C,2024-09-04,1000000.00,3.702587,100.2890625
08:01:12,91282CLJ8,TSRYS5875649,D,S,D,2024-09-04,1000000.00,3.702587,100.2890625
08:01:12,91282CLJ8,TSRYS5875649,D,B,C,2024-09-04,1000000.00,3.702587,100.2890625
08:01:12,91282CLJ8,TSRYS5875649,D,S,D,2024-09-04,1000000.00,3.702587,100.2890625
08:01:12,91282CLJ8,TSRYS5875649,D,S,D,2024-09-04,1000000.00,3.702267,100.291015625
08:01:12,91282CLJ8,TSRYS5875649,D,B,C,2024-09-04,1000000.00,3.702587,100.2890625
08:01:12,91282CLJ8,TSRYS5875649,D,B,C,2024-09-04,1000000.00,3.702267,100.291015625
08:01:12,91282CLJ8,TSRYS5875649,D,S,D,2024-09-04,1000000.00,3.702587,100.2890625
08:01:12,91282CLJ8,TSRYS5875649,D,S,C,2024-09-04,3000000.00,3.703684,100.28235
08:01:12,91282CLJ8,TSRYS5875649,D,S,C,2024-09-04,1000000.00,3.703545,100.283203125
08:01:12,91282CLJ8,TSRYS5875649,D,B,C,2024-09-04,1000000.00,3.702587,100.2890625
08:01:12,91282CLJ8,TSRYS5875649,D,S,D,2024-09-04,1000000.00,3.702587,100.2890625
08:01:12,91282CLJ8,TSRYS5875649,D,S,C,2024-09-04,1000000.00,3.701948,100.29296875
08:01:12,91282CLJ8,TSRYS5875649,D,S,D,2024-09-04,2000000.00,3.702267,100.291015625
08:01:12,91282CLJ8,TSRYS5875649,D,B,C,2024-09-04,2000000.00,3.702267,100.291015625
08:01:12,91282CLJ8,TSRYS5875649,D,S,D,2024-09-04,1000000.00,3.70131,100.296875
08:01:12,91282CLJ8,TSRYS5875649,D,S,T,2024-09-04,1000000.00,3.724636,100.154296875
08:01:12,91282CLJ8,TSRYS5875649,D,S,D,2024-09-04,1000000.00,3.725916,100.146484375
08:01:12,91282CLJ8,TSRYS5875649,D,S,C,2024-09-04,1000000.00,3.70099,100.298828125
08:01:12,91282CLJ8,TSRYS5875649,D,S,D,2024-09-04,1000000.00,3.700352,100.302734375
08:01:12,91282CLJ8,TSRYS5875649,D,S,D,2024-09-04,1000000.00,3.725916,100.146484375
08:01:12,91282CLJ8,TSRYS5875649,D,B,C,2024-09-04,1000000.00,3.700352,100.302734375
08:01:12,91282CLJ8,TSRYS5875649,D,S,C,2024-09-04,1000000.00,3.700352,100.302734375
08:01:12,91282CLJ8,TSRYS5875649,D,B,C,2024-09-04,1000000.00,3.700352,100.302734375
08:01:12,91282CLJ8,TSRYS5875649,D,S,T,2024-09-04,1000000.00,3.724636,100.154296875
08:01:12,91282CLJ8,TSRYS5875649,D,S,T,2024-09-04,1000000.00,3.724636,100.154296875
08:01:12,91282CLJ8,TSRYS5875649,D,S,D,2024-09-04,1000000.00,3.700352,100.302734375
08:01:12,91282CLJ8,TSRYS5875649,D,B,C,2024-09-04,1000000.00,3.700352,100.302734375
08:01:12,91282CLJ8,TSRYS5875649,D,S,D,2024-09-04,1000000.00,3.70099,100.298828125
08:01:12,91282CLJ8,TSRYS5875649,D,S,D,2024-09-04,1000000.00,3.702267,100.291015625
08:01:12,91282CLJ8,TSRYS5875649,D,S,D,2024-09-04,1000000.00,3.702267,100.291015625
08:01:12,91282CLJ8,TSRYS5875649,D,S,D,2024-09-04,1000000.00,3.702267,100.291015625
08:01:12,91282CLJ8,TSRYS5875649,D,S,T,2024-09-04,1000000.00,3.724316,100.15625
08:01:12,91282CLJ8,TSRYS5875649,D,S,T,2024-09-04,1000000.00,3.724316,100.15625
08:01:12,91282CLJ8,TSRYS5875649,D,S,T,2024-09-04,1000000.00,3.723037,100.1640625
08:01:12,91282CLJ8,TSRYS5875649,D,S,D,2024-09-04,1000000.00,3.704503,100.27734375
08:01:12,91282CLJ8,TSRYS5875649,D,S,T,2024-09-04,1000000.00,3.723037,100.1640625
08:01:12,91282CLJ8,TSRYS5875649,D,S,D,2024-09-04,1000000.00,3.702906,100.287109375
08:01:12,91282CLJ8,TSRYS5875649,D,S,D,2024-09-04,1000000.00,3.702906,100.287109375
08:01:12,91282CLJ8,TSRYS5875649,D,S,C,2024-09-04,2000000.00,3.702906,100.287109375
08:01:12,91282CLJ8,TSRYS5875649,D,S,D,2024-09-04,1000000.00,3.702906,100.287109375
08:01:12,91282CLJ8,TSRYS5875649,D,S,T,2024-09-04,1000000.00,3.725596,100.1484375
08:01:12,91282CLJ8,TSRYS5875649,D,S,T,2024-09-04,3000000.00,3.724316,100.15625
08:01:12,91282CLJ8,TSRYS5875649,D,S,D,2024-09-04,1000000.00,3.702906,100.287109375
08:01:12,91282CLJ8,TSRYS5875649,D,S,T,2024-09-04,1000000.00,3.724316,100.15625
08:01:12,91282CLJ8,TSRYS5875649,D,S,D,2024-09-04,1000000.00,3.702906,100.287109375
08:01:12,91282CLJ8,TSRYS5875649,D,S,D,2024-09-04,1000000.00,3.702906,100.287109375
08:01:12,91282CLJ8,TSRYS5875649,D,S,C,2024-09-04,1000000.00,3.705141,100.2734375
08:01:12,91282CLJ8,TSRYS5875649,D,S,C,2024-09-04,1000000.00,3.705141,100.2734375
08:01:12,91282CLJ8,TSRYS5875649,D,S,T,2024-09-04,1000000.00,3.724316,100.15625
08:01:12,91282CLJ8,TSRYS5875649,D,S,C,2024-09-04,2000000.00,3.704503,100.27734375
08:01:12,91282CLJ8,TSRYS5875649,D,S,D,2024-09-04,1000000.00,3.706419,100.265625
08:01:12,91282CLJ8,TSRYS5875649,D,S,C,2024-09-04,1000000.00,3.707058,100.26171875
08:01:12,91282CLJ8,TSRYS5875649,D,S,T,2024-09-04,1000000.00,3.724316,100.15625
08:01:12,91282CLJ8,TSRYS5875649,D,S,T,2024-09-04,1000000.00,3.724316,100.15625
08:01:12,91282CLJ8,TSRYS5875649,D,S,D,2024-09-04,1000000.00,3.720479,100.1796875
08:01:12,91282CLJ8,TSRYS5875649,D,S,T,2024-09-04,1000000.00,3.700671,100.30078125
08:01:12,91282CLJ8,TSRYS5875649,D,S,D,2024-09-04,1000000.00,3.720479,100.1796875
08:01:12,91282CLJ8,TSRYS5875649,D,S,T,2024-09-04,1000000.00,3.700671,100.30078125
08:01:12,91282CLJ8,TSRYS5875649,D,S,T,2024-09-04,1000000.00,3.700032,100.3046875
08:01:12,91282CLJ8,TSRYS5875649,D,S,T,2024-09-04,1000000.00,3.700671,100.30078125
08:01:13,91282CLJ8,TSRYS5875649,D,S,T,2024-09-04,1000000.00,3.724316,100.15625
08:01:13,91282CLJ8,TSRYS5875649,D,S,T,2024-09-04,1000000.00,3.724316,100.15625
08:01:13,91282CLJ8,TSRYS5875649,D,S,T,2024-09-04,1000000.00,3.724316,100.15625
08:01:13,91282CLJ8,TSRYS5875649,D,S,T,2024-09-04,1000000.00,3.724316,100.15625
08:01:13,91282CLJ8,TSRYS5875649,D,S,D,2024-09-04,1000000.00,3.724636,100.154296875
08:01:13,91282CLJ8,TSRYS5875649,D,S,T,2024-09-04,1000000.00,3.724316,100.15625
08:01:13,91282CLJ8,TSRYS5875649,D,S,T,2024-09-04,1000000.00,3.724316,100.15625
08:01:13,91282CLJ8,TSRYS5875649,D,S,T,2024-09-04,1000000.00,3.724316,100.15625
08:01:13,91282CLJ8,TSRYS5875649,D,S,T,2024-09-04,1000000.00,3.724316,100.15625
08:01:13,91282CLJ8,TSRYS5875649,D,B,C,2024-09-04,1000000.00,3.722078,100.169921875
08:01:13,91282CLJ8,TSRYS5875649,D,S,D,2024-09-04,1000000.00,3.722078,100.169921875
08:01:13,91282CLJ8,TSRYS5875649,D,S,T,2024-09-04,1000000.00,3.724316,100.15625
08:01:13,91282CLJ8,TSRYS5875649,D,S,T,2024-09-04,1000000.00,3.724316,100.15625
08:01:14,91282CLJ8,TSRYS5875649,D,S,T,2024-09-04,1000000.00,3.724316,100.15625
08:01:14,91282CLJ8,TSRYS5875649,D,S,D,2024-09-04,2000000.00,3.720799,100.177734375
08:01:14,91282CLJ8,TSRYS5875649,D,S,T,2024-09-04,1000000.00,3.700054,100.3045575
08:01:14,91282CLJ8,TSRYS5875649,D,S,T,2024-09-04,1000000.00,3.724316,100.15625
08:01:14,91282CLJ8,TSRYS5875649,D,S,D,2024-09-04,1000000.00,3.72016,100.181640625
08:01:14,91282CLJ8,TSRYS5875649,D,S,T,2024-09-04,1000000.00,3.724316,100.15625
08:01:14,91282CLJ8,TSRYS5875649,D,S,D,2024-09-04,2000000.00,3.72016,100.181640625
08:01:14,91282CLJ8,TSRYS5875649,D,S,T,2024-09-04,1000000.00,3.724316,100.15625
08:01:14,91282CLJ8,TSRYS5875649,D,S,C,2024-09-04,1000000.00,3.71984,100.18359375
08:01:14,91282CLJ8,TSRYS5875649,D,S,T,2024-09-04,1000000.00,3.724316,100.15625
08:01:14,91282CLJ8,TSRYS5875649,D,S,T,2024-09-04,1000000.00,3.724316,100.15625
08:01:14,91282CLJ8,TSRYS5875649,D,S,T,2024-09-04,1000000.00,3.700054,100.3045575
08:01:14,91282CLJ8,TSRYS5875649,D,S,T,2024-09-04,1000000.00,3.701331,100.296745
08:01:14,91282CLJ8,TSRYS5875649,D,S,T,2024-09-04,1000000.00,3.701331,100.296745
08:01:14,91282CLJ8,TSRYS5875649,D,S,D,2024-09-04,1000000.00,3.718881,100.189453125
08:01:14,91282CLJ8,TSRYS5875649,D,S,T,2024-09-04,2000000.00,3.724316,100.15625
08:01:14,91282CLJ8,TSRYS5875649,D,S,T,2024-09-04,1000000.00,3.724316,100.15625
08:01:14,91282CLJ8,TSRYS5875649,D,S,T,2024-09-04,1000000.00,3.701331,100.296745
08:01:14,91282CLJ8,TSRYS5875649,D,S,D,2024-09-04,1000000.00,3.718881,100.189453125
08:01:14,91282CLJ8,TSRYS5875649,D,S,D,2024-09-04,1000000.00,3.718242,100.193359375
08:01:14,91282CLJ8,TSRYS5875649,D,S,T,2024-09-04,1000000.00,3.724316,100.15625
08:01:15,91282CLJ8,TSRYS5875649,D,S,T,2024-09-04,1000000.00,3.724316,100.15625
08:01:15,91282CLJ8,TSRYS5875649,D,S,T,2024-09-04,1000000.00,3.724316,100.15625
08:01:15,91282CLJ8,TSRYS5875649,D,S,T,2024-09-04,1000000.00,3.724316,100.15625
08:01:15,91282CLJ8,TSRYS5875649,D,S,T,2024-09-04,1000000.00,3.724316,100.15625
08:01:15,91282CLJ8,TSRYS5875649,D,S,T,2024-09-04,1000000.00,3.724316,100.15625
08:01:15,91282CLJ8,TSRYS5875649,D,S,T,2024-09-04,1000000.00,3.724316,100.15625
08:01:15,91282CLJ8,TSRYS5875649,D,S,T,2024-09-04,1000000.00,3.724316,100.15625
08:01:15,91282CLJ8,TSRYS5875649,D,S,T,2024-09-04,1000000.00,3.724316,100.15625
08:01:15,91282CLJ8,TSRYS5875649,D,S,T,2024-09-04,1000000.00,3.724316,100.15625
08:01:15,91282CLJ8,TSRYS5875649,D,S,D,2024-09-04,1000000.00,3.715045,100.212890625
08:01:15,91282CLJ8,TSRYS5875649,D,B,C,2024-09-04,1000000.00,3.715045,100.212890625
08:01:15,91282CLJ8,TSRYS5875649,D,S,T,2024-09-04,1000000.00,3.724316,100.15625
08:01:15,91282CLJ8,TSRYS5875649,D,S,T,2024-09-04,1000000.00,3.724316,100.15625
08:01:16,91282CLJ8,TSRYS5875649,D,S,T,2024-09-04,1000000.00,3.724316,100.15625
08:01:16,91282CLJ8,TSRYS5875649,D,S,T,2024-09-04,1000000.00,3.702587,100.2890625
08:01:16,91282CLJ8,TSRYS5875649,D,S,T,2024-09-04,1000000.00,3.724316,100.15625
08:01:16,91282CLJ8,TSRYS5875649,D,S,T,2024-09-04,1000000.00,3.724316,100.15625
08:01:16,91282CLJ8,TSRYS5875649,D,S,T,2024-09-04,1000000.00,3.724316,100.15625
08:01:16,91282CLJ8,TSRYS5875649,D,S,T,2024-09-04,1000000.00,3.724316,100.15625
08:01:16,91282CLJ8,TSRYS5875649,D,S,T,2024-09-04,1000000.00,3.724316,100.15625
08:01:16,91282CLJ8,TSRYS5875649,D,S,T,2024-09-04,1000000.00,3.724316,100.15625
08:01:16,91282CLJ8,TSRYS5875649,D,B,A,2024-09-04,30000000.00,3.70904,100.2496
08:01:16,91282CLJ8,TSRYS5875649,D,S,T,2024-09-04,1000000.00,3.724316,100.15625
08:01:17,91282CLJ8,TSRYS5875649,D,S,T,2024-09-04,1000000.00,3.724316,100.15625
08:01:17,91282CLJ8,TSRYS5875649,D,S,D,2024-09-04,1000000.00,3.713128,100.224609375
08:01:17,91282CLJ8,TSRYS5875649,D,S,T,2024-09-04,1000000.00,3.724316,100.15625
08:01:17,91282CLJ8,TSRYS5875649,D,S,T,2024-09-04,1000000.00,3.724316,100.15625
08:01:17,91282CLJ8,TSRYS5875649,D,S,D,2024-09-04,1000000.00,3.710891,100.23828125
08:01:17,91282CLJ8,TSRYS5875649,D,S,T,2024-09-04,1000000.00,3.724316,100.15625
08:01:17,91282CLJ8,TSRYS5875649,D,S,A,2024-09-04,100000000.00,3.712808,100.2265625
08:01:17,91282CLJ8,TSRYS5875649,D,S,T,2024-09-04,1000000.00,3.724316,100.15625
08:01:17,91282CLJ8,TSRYS5875649,D,S,T,2024-09-04,1000000.00,3.724316,100.15625
08:01:17,91282CLJ8,TSRYS5875649,D,S,T,2024-09-04,1000000.00,3.724316,100.15625
08:01:17,91282CLJ8,TSRYS5875649,D,S,T,2024-09-04,1000000.00,3.723037,100.1640625
08:01:17,91282CLJ8,TSRYS5875649,D,S,T,2024-09-04,1000000.00,3.723037,100.1640625
08:01:18,91282CLJ8,TSRYS5875649,D,S,A,2024-09-04,15050000.00,3.749923,100.0
08:01:18,91282CLJ8,TSRYS5875649,D,S,T,2024-09-04,1000000.00,3.723037,100.1640625
08:01:18,91282CLJ8,TSRYS5875649,D,S,T,2024-09-04,1000000.00,3.723037,100.1640625
08:01:18,91282CLJ8,TSRYS5875649,D,S,D,2024-09-04,10000000.00,3.707847,100.25689
08:01:18,91282CLJ8,TSRYS5875649,D,S,T,2024-09-04,1000000.00,3.723037,100.1640625
08:01:18,91282CLJ8,TSRYS5875649,D,S,T,2024-09-04,1000000.00,3.723037,100.1640625
08:01:18,91282CLJ8,TSRYS5875649,D,S,T,2024-09-04,1000000.00,3.723037,100.1640625
08:01:18,91282CLJ8,TSRYS5875649,D,S,C,2024-09-04,2900000.00,3.697479,100.3203125
08:01:18,91282CLJ8,TSRYS5875649,D,S,A,2024-09-04,10050000.00,3.749923,100.0
08:01:18,91282CLJ8,TSRYS5875649,D,S,A,2024-09-04,25050000.00,3.749923,100.0
08:01:18,91282CLJ8,TSRYS5875649,D,S,A,2024-09-04,700000.00,3.749923,100.0
08:01:18,91282CLJ8,TSRYS5875649,D,S,A,2024-09-04,4000000.00,3.749923,100.0
08:01:18,91282CLJ8,TSRYS5875649,D,S,T,2024-09-04,1000000.00,3.723037,100.1640625
08:01:18,91282CLJ8,TSRYS5875649,D,S,D,2024-09-04,1000000.00,3.71984,100.18359375
08:01:18,91282CLJ8,TSRYS5875649,D,S,T,2024-09-04,1000000.00,3.723037,100.1640625
08:01:18,91282CLJ8,TSRYS5875649,D,S,T,2024-09-04,1000000.00,3.723037,100.1640625
08:01:18,91282CLJ8,TSRYS5875649,D,S,T,2024-09-04,1000000.00,3.723037,100.1640625
08:01:18,91282CLJ8,TSRYS5875649,D,S,T,2024-09-04,1000000.00,3.723037,100.1640625
08:01:18,91282CLJ8,TSRYS5875649,D,S,T,2024-09-04,1000000.00,3.723037,100.1640625
08:01:18,91282CLJ8,TSRYS5875649,D,S,T,2024-09-04,1000000.00,3.723037,100.1640625
08:01:18,91282CLJ8,TSRYS5875649,D,S,T,2024-09-04,1000000.00,3.723037,100.1640625
08:01:19,91282CLJ8,TSRYS5875649,D,S,T,2024-09-04,1000000.00,3.723037,100.1640625
08:01:19,91282CLJ8,TSRYS5875649,D,S,D,2024-09-04,2000000.00,3.709933,100.244140625
08:01:19,91282CLJ8,TSRYS5875649,D,S,D,2024-09-04,1000000.00,3.709933,100.244140625
08:01:19,91282CLJ8,TSRYS5875649,D,S,C,2024-09-04,1000000.00,3.709933,100.244140625
08:01:19,91282CLJ8,TSRYS5875649,D,S,D,2024-09-04,1000000.00,3.709933,100.244140625
08:01:19,91282CLJ8,TSRYS5875649,D,S,D,2024-09-04,1000000.00,3.709294,100.248046875
08:01:19,91282CLJ8,TSRYS5875649,D,S,C,2024-09-04,1000000.00,3.710252,100.2421875
08:01:19,91282CLJ8,TSRYS5875649,D,B,A,2024-09-04,100000.00,3.707697,100.2578125
08:01:19,91282CLJ8,TSRYS5875649,D,S,D,2024-09-04,100000.00,3.707697,100.2578125
08:01:19,91282CLJ8,TSRYS5875649,D,S,C,2024-09-04,1000000.00,3.71185,100.232421875
08:01:19,91282CLJ8,TSRYS5875649,D,S,D,2024-09-04,1000000.00,3.713128,100.224609375
08:01:19,91282CLJ8,TSRYS5875649,D,S,D,2024-09-04,1000000.00,3.713128,100.224609375
08:01:19,91282CLJ8,TSRYS5875649,D,S,D,2024-09-04,1000000.00,3.713128,100.224609375
08:01:19,91282CLJ8,TSRYS5875649,D,B,A,2024-09-04,38100000.00,3.749923,100.0
08:01:19,91282CLJ8,TSRYS5875649,D,S,D,2024-09-04,1000000.00,3.71185,100.232421875
08:01:19,91282CLJ8,TSRYS5875649,D,S,C,2024-09-04,1000000.00,3.710891,100.23828125
08:01:19,91282CLJ8,TSRYS5875649,D,S,D,2024-09-04,1000000.00,3.711211,100.236328125
08:01:19,91282CLJ8,TSRYS5875649,D,S,D,2024-09-04,20000000.00,3.710891,100.23828125
08:01:19,91282CLJ8,TSRYS5875649,D,S,C,2024-09-04,1000000.00,3.713447,100.22265625
08:01:19,91282CLJ8,TSRYS5875649,D,S,D,2024-09-04,1000000.00,3.702906,100.287109375
08:01:19,91282CLJ8,TSRYS5875649,D,S,T,2024-09-04,2000000.00,3.702906,100.287109375
08:01:19,91282CLJ8,TSRYS5875649,D,S,D,2024-09-04,2000000.00,3.70578,100.26953125
08:01:20,91282CLJ8,TSRYS5875649,D,S,C,2024-09-04,1000000.00,3.707697,100.2578125
08:01:20,91282CLJ8,TSRYS5875649,D,S,D,2024-09-04,1000000.00,3.706738,100.263671875
08:01:20,91282CLJ8,TSRYS5875649,D,S,C,2024-09-04,1000000.00,3.707058,100.26171875
08:01:20,91282CLJ8,TSRYS5875649,D,S,T,2024-09-04,1000000.00,3.705141,100.2734375
08:01:20,91282CLJ8,TSRYS5875649,D,S,D,2024-09-04,1000000.00,3.706738,100.263671875
08:01:20,91282CLJ8,TSRYS5875649,D,S,C,2024-09-04,1000000.00,3.708016,100.255859375
08:01:20,91282CLJ8,TSRYS5875649,D,S,C,2024-09-04,1000000.00,3.708016,100.255859375
08:01:20,91282CLJ8,TSRYS5875649,D,S,C,2024-09-04,1000000.00,3.707697,100.2578125
08:01:20,91282CLJ8,TSRYS5875649,D,S,D,2024-09-04,1000000.00,3.707697,100.2578125
08:01:20,91282CLJ8,TSRYS5875649,D,S,D,2024-09-04,1000000.00,3.725276,100.15039062
08:01:20,91282CLJ8,TSRYS5875649,D,S,T,2024-09-04,2000000.00,3.720799,100.17773437
08:01:20,91282CLJ8,TSRYS5875649,D,S,C,2024-09-04,1000000.00,3.707377,100.259765625
08:01:20,91282CLJ8,TSRYS5875649,D,S,D,2024-09-04,1000000.00,3.721119,100.17578125
08:01:20,91282CLJ8,TSRYS5875649,D,S,C,2024-09-04,1000000.00,3.708335,100.25390625
08:01:20,91282CLJ8,TSRYS5875649,D,S,C,2024-09-04,1000000.00,3.710252,100.2421875
08:01:20,91282CLJ8,TSRYS5875649,D,S,C,2024-09-04,1000000.00,3.710252,100.2421875
08:01:20,91282CLJ8,TSRYS5875649,D,S,C,2024-09-04,1000000.00,3.710572,100.240234375
08:01:20,91282CLJ8,TSRYS5875649,D,S,C,2024-09-04,2000000.00,3.710572,100.240234375
08:01:20,91282CLJ8,TSRYS5875649,D,S,C,2024-09-04,1000000.00,3.721119,100.17578125
08:01:20,91282CLJ8,TSRYS5875649,D,S,D,2024-09-04,1000000.00,3.720799,100.17773437
08:01:20,91282CLJ8,TSRYS5875649,D,S,D,2024-09-04,1000000.00,3.720799,100.17773437
08:01:20,91282CLJ8,TSRYS5875649,D,S,C,2024-09-04,1000000.00,3.710572,100.240234375
08:01:20,91282CLJ8,TSRYS5875649,D,S,T,2024-09-04,1000000.00,3.72016,100.18164062
08:01:20,91282CLJ8,TSRYS5875649,D,S,C,2024-09-04,1000000.00,3.709613,100.24609375
08:01:20,91282CLJ8,TSRYS5875649,D,S,C,2024-09-04,1000000.00,3.710252,100.2421875
08:01:21,91282CLJ8,TSRYS5875649,D,S,C,2024-09-04,1000000.00,3.710252,100.2421875
08:01:21,91282CLJ8,TSRYS5875649,D,S,A,2024-09-04,1900000.00,3.730074,100.12109375
08:01:21,91282CLJ8,TSRYS5875649,D,S,C,2024-09-04,1000000.00,3.710572,100.240234375
08:01:21,91282CLJ8,TSRYS5875649,D,S,C,2024-09-04,1000000.00,3.710572,100.240234375
08:01:21,91282CLJ8,TSRYS5875649,D,S,C,2024-09-04,1000000.00,3.712489,100.228515625
08:01:21,91282CLJ8,TSRYS5875649,D,B,C,2024-09-04,1000000.00,3.705461,100.271484375
08:01:21,91282CLJ8,TSRYS5875649,D,S,D,2024-09-04,1000000.00,3.705461,100.271484375
08:01:21,91282CLJ8,TSRYS5875649,D,B,C,2024-09-04,1000000.00,3.704503,100.27734375
08:01:21,91282CLJ8,TSRYS5875649,D,S,D,2024-09-04,1000000.00,3.705141,100.2734375
08:01:21,91282CLJ8,TSRYS5875649,D,S,D,2024-09-04,1000000.00,3.705141,100.2734375
08:01:21,91282CLJ8,TSRYS5875649,D,S,D,2024-09-04,1000000.00,3.704503,100.27734375
08:01:21,91282CLJ8,TSRYS5875649,D,S,D,2024-09-04,1000000.00,3.702267,100.291015625
08:01:21,91282CLJ8,TSRYS5875649,D,S,D,2024-09-04,1000000.00,3.705141,100.2734375
08:01:21,91282CLJ8,TSRYS5875649,D,S,D,2024-09-04,2000000.00,3.71984,100.18359375
08:01:21,91282CLJ8,TSRYS5875649,D,S,C,2024-09-04,1000000.00,3.702267,100.291015625
08:01:21,91282CLJ8,TSRYS5875649,D,S,D,2024-09-04,1000000.00,3.702906,100.287109375
08:01:21,91282CLJ8,TSRYS5875649,D,S,D,2024-09-04,1000000.00,3.703864,100.28125
08:01:21,91282CLJ8,TSRYS5875649,D,S,D,2024-09-04,1000000.00,3.71984,100.18359375
08:01:21,91282CLJ8,TSRYS5875649,D,S,D,2024-09-04,10050000.00,3.749923,100.0
08:01:21,91282CLJ8,TSRYS5875649,D,S,D,2024-09-04,1000000.00,3.72016,100.18164062
08:01:21,91282CLJ8,TSRYS5875649,D,S,T,2024-09-04,2000000.00,3.72016,100.18164062
08:01:21,91282CLJ8,TSRYS5875649,D,S,D,2024-09-04,1000000.00,3.705461,100.271484375
08:01:21,91282CLJ8,TSRYS5875649,D,S,D,2024-09-04,1000000.00,3.718561,100.19140625
08:01:21,91282CLJ8,TSRYS5875649,D,S,D,2024-09-04,1000000.00,3.705141,100.2734375
08:01:21,91282CLJ8,TSRYS5875649,D,S,D,2024-09-04,1000000.00,3.724636,100.154296875
08:01:21,91282CLJ8,TSRYS5875649,D,S,D,2024-09-04,1000000.00,3.725596,100.1484375
08:01:21,91282CLJ8,TSRYS5875649,D,B,C,2024-09-04,1000000.00,3.725596,100.1484375
08:01:21,91282CLJ8,TSRYS5875649,D,S,D,2024-09-04,1000000.00,3.724956,100.15234375
08:01:21,91282CLJ8,TSRYS5875649,D,S,D,2024-09-04,1000000.00,3.724956,100.15234375
08:01:21,91282CLJ8,TSRYS5875649,D,S,T,2024-09-04,1000000.00,3.724636,100.154296875
08:01:21,91282CLJ8,TSRYS5875649,D,S,T,2024-09-04,1000000.00,3.724636,100.154296875
08:01:21,91282CLJ8,TSRYS5875649,D,S,T,2024-09-04,1000000.00,3.71984,100.18359375
08:01:21,91282CLJ8,TSRYS5875649,D,S,D,2024-09-04,10050000.00,3.749923,100.0
08:01:21,91282CLJ8,TSRYS5875649,D,S,D,2024-09-04,25050000.00,3.749923,100.0
08:01:21,91282CLJ8,TSRYS5875649,D,S,D,2024-09-04,15050000.00,3.749923,100.0
08:01:21,91282CLJ8,TSRYS5875649,D,S,D,2024-09-04,4000000.00,3.749923,100.0
08:01:21,91282CLJ8,TSRYS5875649,D,S,D,2024-09-04,700000.00,3.749923,100.0
08:01:21,91282CLJ8,TSRYS5875649,D,S,D,2024-09-04,1000000.00,3.718561,100.19140625
08:01:21,91282CLJ8,TSRYS5875649,D,S,D,2024-09-04,3000000.00,3.718561,100.19140625
08:01:22,91282CLJ8,TSRYS5875649,D,S,T,2024-09-04,1000000.00,3.718881,100.18945312
