tradeTime,cusip,issueSymbolIdentifier,priceType,reportingSideCode,contraPartyTypeCode,tradeDate,reportedTradeVolume,lastSaleYield,lastSalePrice
08:00:02,91282CLD1,TSRYS5850288,D,S,D,2024-08-21,1000000.00,3.715275,102.484375
08:00:02,91282CLD1,TSRYS5850288,D,S,D,2024-08-21,1000000.00,3.715275,102.484375
08:00:02,91282CLD1,TSRYS5850288,D,S,D,2024-08-21,1000000.00,3.715275,102.484375
08:00:02,91282CLD1,TSRYS5850288,D,S,D,2024-08-21,1000000.00,3.715275,102.484375
08:00:02,91282CLD1,TSRYS5850288,D,S,D,2024-08-21,1000000.00,3.720352,102.453125
08:00:02,91282CLD1,TSRYS5850288,D,S,D,2024-08-21,1000000.00,3.720352,102.453125
08:00:02,91282CLD1,TSRYS5850288,D,S,D,2024-08-21,1000000.00,3.720352,102.453125
08:00:02,91282CLD1,TSRYS5850288,D,S,D,2024-08-21,1000000.00,3.720352,102.453125
08:00:02,91282CLD1,TSRYS5850288,D,S,D,2024-08-21,1000000.00,3.720352,102.453125
08:00:02,91282CLD1,TSRYS5850288,D,S,D,2024-08-21,1000000.00,3.720352,102.453125
08:00:02,91282CLD1,TSRYS5850288,D,S,D,2024-08-21,1000000.00,3.720352,102.453125
08:00:02,91282CLD1,TSRYS5850288,D,S,D,2024-08-21,1000000.00,3.720352,102.453125
08:00:02,91282CLD1,TSRYS5850288,D,S,D,2024-08-21,1000000.00,3.715275,102.484375
08:00:02,91282CLD1,TSRYS5850288,D,S,D,2024-08-21,1000000.00,3.712737,102.5
08:00:02,91282CLD1,TSRYS5850288,D,S,D,2024-08-21,1000000.00,3.712737,102.5
08:00:02,91282CLD1,TSRYS5850288,D,S,D,2024-08-21,1000000.00,3.712737,102.5
08:00:02,91282CLD1,TSRYS5850288,D,S,D,2024-08-21,1000000.00,3.724161,102.4296875
08:00:02,91282CLD1,TSRYS5850288,D,S,T,2024-08-21,1000000.00,3.724161,102.4296875
08:00:02,91282CLD1,TSRYS5850288,D,S,D,2024-08-21,1000000.00,3.724161,102.4296875
08:00:02,91282CLD1,TSRYS5850288,D,S,D,2024-08-21,1000000.00,3.724161,102.4296875
08:00:02,91282CLD1,TSRYS5850288,D,S,D,2024-08-21,1000000.00,3.724161,102.4296875
08:00:02,91282CLD1,TSRYS5850288,D,S,D,2024-08-21,1000000.00,3.724161,102.4296875
08:00:02,91282CLD1,TSRYS5850288,D,S,D,2024-08-21,1000000.00,3.724161,102.4296875
08:00:02,91282CLD1,TSRYS5850288,D,S,D,2024-08-21,1000000.00,3.724161,102.4296875
08:00:02,91282CLD1,TSRYS5850288,D,S,T,2024-08-21,1000000.00,3.724161,102.4296875
08:00:02,91282CLD1,TSRYS5850288,D,S,D,2024-08-21,1000000.00,3.724161,102.4296875
08:00:02,91282CLD1,TSRYS5850288,D,S,D,2024-08-21,1000000.00,3.724161,102.4296875
08:00:02,91282CLD1,TSRYS5850288,D,S,T,2024-08-21,1000000.00,3.724161,102.4296875
08:00:02,91282CLD1,TSRYS5850288,D,S,D,2024-08-21,1000000.00,3.724161,102.4296875
08:00:02,91282CLD1,TSRYS5850288,D,S,D,2024-08-21,1000000.00,3.724161,102.4296875
08:00:02,91282CLD1,TSRYS5850288,D,S,D,2024-08-21,1000000.00,3.724161,102.4296875
08:00:02,91282CLD1,TSRYS5850288,D,S,T,2024-08-21,1000000.00,3.724161,102.4296875
08:00:02,91282CLD1,TSRYS5850288,D,S,D,2024-08-21,1000000.00,3.725114,102.423828125
08:00:02,91282CLD1,TSRYS5850288,D,S,T,2024-08-21,1000000.00,3.725114,102.423828125
08:00:02,91282CLD1,TSRYS5850288,D,S,T,2024-08-21,1000000.00,3.725114,102.423828125
08:00:02,91282CLD1,TSRYS5850288,D,S,T,2024-08-21,1000000.00,3.725114,102.423828125
08:00:02,91282CLD1,TSRYS5850288,D,S,T,2024-08-21,2000000.00,3.722574,102.439453125
08:00:02,91282CLD1,TSRYS5850288,D,S,D,2024-08-21,1000000.00,3.724479,102.427734375
08:00:02,91282CLD1,TSRYS5850288,D,S,D,2024-08-21,1000000.00,3.724161,102.4296875
08:00:02,91282CLD1,TSRYS5850288,D,B,C,2024-08-21,1000000.00,3.727971,102.40625
08:00:02,91282CLD1,TSRYS5850288,D,S,T,2024-08-21,1000000.00,3.722574,102.439453125
08:00:02,91282CLD1,TSRYS5850288,D,S,D,2024-08-21,1000000.00,3.720352,102.453125
08:00:02,91282CLD1,TSRYS5850288,D,S,D,2024-08-21,1000000.00,3.7194,102.458984375
08:00:02,91282CLD1,TSRYS5850288,D,S,D,2024-08-21,1000000.00,3.7194,102.458984375
08:00:02,91282CLD1,TSRYS5850288,D,S,D,2024-08-21,1000000.00,3.7194,102.458984375
08:00:02,91282CLD1,TSRYS5850288,D,S,D,2024-08-21,1000000.00,3.7194,102.458984375
08:00:02,91282CLD1,TSRYS5850288,D,S,T,2024-08-21,2000000.00,3.720987,102.44921875
08:00:02,91282CLD1,TSRYS5850288,D,S,T,2024-08-21,2000000.00,3.720987,102.44921875
08:00:02,91282CLD1,TSRYS5850288,D,S,T,2024-08-21,2000000.00,3.720987,102.44921875
08:00:02,91282CLD1,TSRYS5850288,D,S,T,2024-08-21,2000000.00,3.720987,102.44921875
08:00:02,91282CLD1,TSRYS5850288,D,S,D,2024-08-21,1000000.00,3.724479,102.427734375
08:00:02,91282CLD1,TSRYS5850288,D,S,D,2024-08-21,1000000.00,3.726701,102.4140625
08:00:02,91282CLD1,TSRYS5850288,D,S,D,2024-08-21,1000000.00,3.726701,102.4140625
08:00:02,91282CLD1,TSRYS5850288,D,S,D,2024-08-21,1000000.00,3.726701,102.4140625
08:00:02,91282CLD1,TSRYS5850288,D,S,D,2024-08-21,1000000.00,3.724796,102.42578125
08:00:02,91282CLD1,TSRYS5850288,D,S,D,2024-08-21,2000000.00,3.725431,102.421875
08:00:02,91282CLD1,TSRYS5850288,D,S,D,2024-08-21,1000000.00,3.725431,102.421875
08:00:02,91282CLD1,TSRYS5850288,D,S,D,2024-08-21,1000000.00,3.726701,102.4140625
08:00:02,91282CLD1,TSRYS5850288,D,S,D,2024-08-21,1000000.00,3.724479,102.427734375
08:00:02,91282CLD1,TSRYS5850288,D,S,D,2024-08-21,1000000.00,3.724479,102.427734375
08:00:02,91282CLD1,TSRYS5850288,D,S,D,2024-08-21,1000000.00,3.724479,102.427734375
08:00:02,91282CLD1,TSRYS5850288,D,S,D,2024-08-21,1000000.00,3.726384,102.416015625
08:00:02,91282CLD1,TSRYS5850288,D,S,D,2024-08-21,1000000.00,3.727019,102.412109375
08:00:02,91282CLD1,TSRYS5850288,D,S,D,2024-08-21,1000000.00,3.728924,102.400390625
08:00:02,91282CLD1,TSRYS5850288,D,S,D,2024-08-21,1000000.00,3.728924,102.400390625
08:00:02,91282CLD1,TSRYS5850288,D,S,D,2024-08-21,2000000.00,3.729559,102.396484375
08:00:02,91282CLD1,TSRYS5850288,D,S,D,2024-08-21,1000000.00,3.728607,102.40234375
08:00:02,91282CLD1,TSRYS5850288,D,S,D,2024-08-21,1000000.00,3.728607,102.40234375
08:00:02,91282CLD1,TSRYS5850288,D,S,D,2024-08-21,1000000.00,3.724161,102.4296875
08:00:02,91282CLD1,TSRYS5850288,D,S,T,2024-08-21,2000000.00,3.721622,102.4453125
08:00:02,91282CLD1,TSRYS5850288,D,S,T,2024-08-21,1000000.00,3.721622,102.4453125
08:00:02,91282CLD1,TSRYS5850288,D,S,T,2024-08-21,2000000.00,3.728607,102.40234375
08:00:02,91282CLD1,TSRYS5850288,D,S,D,2024-08-21,2000000.00,3.733371,102.373046875
08:00:02,91282CLD1,TSRYS5850288,D,S,D,2024-08-21,2000000.00,3.730512,102.390625
08:00:02,91282CLD1,TSRYS5850288,D,S,D,2024-08-21,1000000.00,3.737819,102.345703125
08:00:02,91282CLD1,TSRYS5850288,D,S,D,2024-08-21,2000000.00,3.737819,102.345703125
08:00:02,91282CLD1,TSRYS5850288,D,S,D,2024-08-21,1000000.00,3.731465,102.384765625
08:00:03,91282CLD1,TSRYS5850288,D,S,C,2024-08-21,2000000.00,3.728289,102.404296875
08:00:03,91282CLD1,TSRYS5850288,D,S,C,2024-08-21,1000000.00,3.728289,102.404296875
08:00:03,91282CLD1,TSRYS5850288,D,S,C,2024-08-21,1000000.00,3.728289,102.404296875
08:00:05,91282CLD1,TSRYS5850288,D,S,T,2024-08-21,1000000.00,3.733053,102.375
08:00:07,91282CLD1,TSRYS5850288,D,S,T,2024-08-21,1000000.00,3.722892,102.4375
08:00:07,91282CLD1,TSRYS5850288,D,S,T,2024-08-21,1000000.00,3.722892,102.4375
08:00:07,91282CLD1,TSRYS5850288,D,S,T,2024-08-21,1000000.00,3.722892,102.4375
08:00:07,91282CLD1,TSRYS5850288,D,S,T,2024-08-21,1000000.00,3.722892,102.4375
08:00:07,91282CLD1,TSRYS5850288,D,S,T,2024-08-21,1000000.00,3.722892,102.4375
08:00:07,91282CLD1,TSRYS5850288,D,S,T,2024-08-21,2000000.00,3.722892,102.4375
08:00:07,91282CLD1,TSRYS5850288,D,S,T,2024-08-21,2000000.00,3.722892,102.4375
08:00:07,91282CLD1,TSRYS5850288,D,S,T,2024-08-21,1000000.00,3.722892,102.4375
08:00:07,91282CLD1,TSRYS5850288,D,S,T,2024-08-21,1000000.00,3.722892,102.4375
08:00:07,91282CLD1,TSRYS5850288,D,S,T,2024-08-21,1000000.00,3.722892,102.4375
08:00:07,91282CLD1,TSRYS5850288,D,S,T,2024-08-21,1000000.00,3.722892,102.4375
08:00:07,91282CLD1,TSRYS5850288,D,S,T,2024-08-21,1000000.00,3.722892,102.4375
08:00:07,91282CLD1,TSRYS5850288,D,S,T,2024-08-21,1000000.00,3.722892,102.4375
08:00:07,91282CLD1,TSRYS5850288,D,S,T,2024-08-21,1000000.00,3.722892,102.4375
08:00:07,91282CLD1,TSRYS5850288,D,S,T,2024-08-21,1000000.00,3.722892,102.4375
08:00:07,91282CLD1,TSRYS5850288,D,S,T,2024-08-21,1000000.00,3.722892,102.4375
08:00:07,91282CLD1,TSRYS5850288,D,S,T,2024-08-21,1000000.00,3.722892,102.4375
08:00:07,91282CLD1,TSRYS5850288,D,S,T,2024-08-21,1000000.00,3.722892,102.4375
08:00:07,91282CLD1,TSRYS5850288,D,S,T,2024-08-21,1000000.00,3.722892,102.4375
08:00:07,91282CLD1,TSRYS5850288,D,S,T,2024-08-21,1000000.00,3.722892,102.4375
08:00:07,91282CLD1,TSRYS5850288,D,S,T,2024-08-21,1000000.00,3.722892,102.4375
08:00:07,91282CLD1,TSRYS5850288,D,S,T,2024-08-21,1000000.00,3.722892,102.4375
08:00:07,91282CLD1,TSRYS5850288,D,S,T,2024-08-21,1000000.00,3.722892,102.4375
08:00:07,91282CLD1,TSRYS5850288,D,S,T,2024-08-21,1000000.00,3.722892,102.4375
08:00:07,91282CLD1,TSRYS5850288,D,S,T,2024-08-21,1000000.00,3.722892,102.4375
08:00:07,91282CLD1,TSRYS5850288,D,S,T,2024-08-21,1000000.00,3.722892,102.4375
08:00:07,91282CLD1,TSRYS5850288,D,S,T,2024-08-21,1000000.00,3.722892,102.4375
08:00:08,91282CLD1,TSRYS5850288,D,S,T,2024-08-21,1000000.00,3.722892,102.4375
08:00:08,91282CLD1,TSRYS5850288,D,S,T,2024-08-21,1000000.00,3.722892,102.4375
08:00:08,91282CLD1,TSRYS5850288,D,S,T,2024-08-21,1000000.00,3.722892,102.4375
08:00:08,91282CLD1,TSRYS5850288,D,S,T,2024-08-21,1000000.00,3.722892,102.4375
08:00:08,91282CLD1,TSRYS5850288,D,S,T,2024-08-21,1000000.00,3.722892,102.4375
08:00:08,91282CLD1,TSRYS5850288,D,S,T,2024-08-21,1000000.00,3.722892,102.4375
08:00:08,91282CLD1,TSRYS5850288,D,S,T,2024-08-21,1000000.00,3.722892,102.4375
08:00:08,91282CLD1,TSRYS5850288,D,S,T,2024-08-21,1000000.00,3.724161,102.4296875
08:00:08,91282CLD1,TSRYS5850288,D,S,T,2024-08-21,1000000.00,3.724161,102.4296875
08:00:08,91282CLD1,TSRYS5850288,D,S,T,2024-08-21,1000000.00,3.724161,102.4296875
08:00:08,91282CLD1,TSRYS5850288,D,S,T,2024-08-21,1000000.00,3.724161,102.4296875
08:00:08,91282CLD1,TSRYS5850288,D,S,T,2024-08-21,1000000.00,3.724161,102.4296875
08:00:08,91282CLD1,TSRYS5850288,D,S,T,2024-08-21,1000000.00,3.724161,102.4296875
08:00:08,91282CLD1,TSRYS5850288,D,S,T,2024-08-21,1000000.00,3.724161,102.4296875
08:00:08,91282CLD1,TSRYS5850288,D,S,T,2024-08-21,1000000.00,3.724161,102.4296875
08:00:08,91282CLD1,TSRYS5850288,D,S,T,2024-08-21,1000000.00,3.724161,102.4296875
08:00:08,91282CLD1,TSRYS5850288,D,S,T,2024-08-21,1000000.00,3.724161,102.4296875
08:00:08,91282CLD1,TSRYS5850288,D,S,T,2024-08-21,1000000.00,3.724161,102.4296875
08:00:08,91282CLD1,TSRYS5850288,D,S,T,2024-08-21,1000000.00,3.724161,102.4296875
08:00:08,91282CLD1,TSRYS5850288,D,S,T,2024-08-21,1000000.00,3.724161,102.4296875
08:00:08,91282CLD1,TSRYS5850288,D,S,T,2024-08-21,1000000.00,3.724161,102.4296875
08:00:08,91282CLD1,TSRYS5850288,D,S,T,2024-08-21,1000000.00,3.724161,102.4296875
08:00:10,91282CLD1,TSRYS5850288,D,S,D,2024-08-21,288000.00,3.733053,102.375
08:00:10,91282CLD1,TSRYS5850288,D,S,C,2024-08-21,288000.00,3.733053,102.375
08:00:10,91282CLD1,TSRYS5850288,D,S,D,2024-08-21,4700000.00,3.731783,102.3828125
08:00:10,91282CLD1,TSRYS5850288,D,B,C,2024-08-21,4700000.00,3.731783,102.3828125
08:00:10,91282CLD1,TSRYS5850288,D,S,D,2024-08-21,4700000.00,3.729242,102.3984375
08:00:10,91282CLD1,TSRYS5850288,D,B,C,2024-08-21,4700000.00,3.729242,102.3984375
08:00:12,91282CLD1,TSRYS5850288,D,S,T,2024-08-21,1000000.00,3.724161,102.4296875
08:00:12,91282CLD1,TSRYS5850288,D,S,T,2024-08-21,1000000.00,3.724161,102.4296875
08:00:12,91282CLD1,TSRYS5850288,D,S,T,2024-08-21,1000000.00,3.724161,102.4296875
08:00:12,91282CLD1,TSRYS5850288,D,S,T,2024-08-21,1000000.00,3.724161,102.4296875
08:00:12,91282CLD1,TSRYS5850288,D,S,T,2024-08-21,1000000.00,3.724161,102.4296875
08:00:12,91282CLD1,TSRYS5850288,D,S,T,2024-08-21,1000000.00,3.724161,102.4296875
08:00:12,91282CLD1,TSRYS5850288,D,S,T,2024-08-21,1000000.00,3.724161,102.4296875
08:00:12,91282CLD1,TSRYS5850288,D,S,T,2024-08-21,1000000.00,3.724161,102.4296875
08:00:12,91282CLD1,TSRYS5850288,D,S,T,2024-08-21,1000000.00,3.724161,102.4296875
08:00:12,91282CLD1,TSRYS5850288,D,S,T,2024-08-21,1000000.00,3.724161,102.4296875
08:00:12,91282CLD1,TSRYS5850288,D,S,T,2024-08-21,1000000.00,3.724161,102.4296875
08:00:12,91282CLD1,TSRYS5850288,D,S,T,2024-08-21,1000000.00,3.724161,102.4296875
08:00:12,91282CLD1,TSRYS5850288,D,S,T,2024-08-21,1000000.00,3.724161,102.4296875
08:00:12,91282CLD1,TSRYS5850288,D,S,T,2024-08-21,9000000.00,3.724161,102.4296875
08:00:12,91282CLD1,TSRYS5850288,D,S,T,2024-08-21,1000000.00,3.724161,102.4296875
08:00:12,91282CLD1,TSRYS5850288,D,S,T,2024-08-21,1000000.00,3.724161,102.4296875
08:00:12,91282CLD1,TSRYS5850288,D,S,T,2024-08-21,1000000.00,3.724161,102.4296875
08:00:12,91282CLD1,TSRYS5850288,D,S,T,2024-08-21,1000000.00,3.724161,102.4296875
08:00:12,91282CLD1,TSRYS5850288,D,S,T,2024-08-21,1000000.00,3.724161,102.4296875
08:00:12,91282CLD1,TSRYS5850288,D,S,T,2024-08-21,1000000.00,3.724161,102.4296875
08:00:12,91282CLD1,TSRYS5850288,D,S,T,2024-08-21,1000000.00,3.724161,102.4296875
08:00:12,91282CLD1,TSRYS5850288,D,S,T,2024-08-21,2000000.00,3.724161,102.4296875
08:00:12,91282CLD1,TSRYS5850288,D,S,T,2024-08-21,1000000.00,3.724161,102.4296875
08:00:12,91282CLD1,TSRYS5850288,D,S,T,2024-08-21,1000000.00,3.724161,102.4296875
08:00:12,91282CLD1,TSRYS5850288,D,S,T,2024-08-21,1000000.00,3.724161,102.4296875
08:00:12,91282CLD1,TSRYS5850288,D,S,T,2024-08-21,1000000.00,3.724161,102.4296875
08:00:12,91282CLD1,TSRYS5850288,D,S,T,2024-08-21,2000000.00,3.724161,102.4296875
08:00:12,91282CLD1,TSRYS5850288,D,S,T,2024-08-21,1000000.00,3.724161,102.4296875
08:00:12,91282CLD1,TSRYS5850288,D,S,T,2024-08-21,1000000.00,3.724161,102.4296875
08:00:12,91282CLD1,TSRYS5850288,D,S,T,2024-08-21,1000000.00,3.724161,102.4296875
08:00:12,91282CLD1,TSRYS5850288,D,S,T,2024-08-21,1000000.00,3.724161,102.4296875
08:00:12,91282CLD1,TSRYS5850288,D,S,T,2024-08-21,1000000.00,3.724161,102.4296875
08:00:12,91282CLD1,TSRYS5850288,D,S,T,2024-08-21,1000000.00,3.724161,102.4296875
08:00:12,91282CLD1,TSRYS5850288,D,S,T,2024-08-21,1000000.00,3.724161,102.4296875
08:00:12,91282CLD1,TSRYS5850288,D,S,T,2024-08-21,1000000.00,3.724161,102.4296875
08:00:12,91282CLD1,TSRYS5850288,D,S,T,2024-08-21,1000000.00,3.724161,102.4296875
08:00:12,91282CLD1,TSRYS5850288,D,S,T,2024-08-21,1000000.00,3.724161,102.4296875
08:00:12,91282CLD1,TSRYS5850288,D,S,T,2024-08-21,1000000.00,3.724161,102.4296875
08:00:12,91282CLD1,TSRYS5850288,D,S,D,2024-08-21,1000000.00,3.71242,102.501953125
08:00:12,91282CLD1,TSRYS5850288,D,S,T,2024-08-21,1000000.00,3.714958,102.486328125
08:00:12,91282CLD1,TSRYS5850288,D,S,D,2024-08-21,1000000.00,3.723844,102.431640625
08:00:12,91282CLD1,TSRYS5850288,D,S,T,2024-08-21,1000000.00,3.723844,102.431640625
08:00:12,91282CLD1,TSRYS5850288,D,S,D,2024-08-21,1000000.00,3.728924,102.400390625
08:00:12,91282CLD1,TSRYS5850288,D,S,D,2024-08-21,1000000.00,3.728924,102.400390625
08:00:12,91282CLD1,TSRYS5850288,D,S,T,2024-08-21,1000000.00,3.724161,102.4296875
08:00:12,91282CLD1,TSRYS5850288,D,S,D,2024-08-21,1000000.00,3.721305,102.447265625
08:00:12,91282CLD1,TSRYS5850288,D,S,D,2024-08-21,1000000.00,3.721305,102.447265625
08:00:13,91282CLD1,TSRYS5850288,D,S,T,2024-08-21,1000000.00,3.726384,102.416015625
08:00:13,91282CLD1,TSRYS5850288,D,S,D,2024-08-21,1000000.00,3.726384,102.416015625
08:00:13,91282CLD1,TSRYS5850288,D,S,D,2024-08-21,1000000.00,3.726384,102.416015625
08:00:13,91282CLD1,TSRYS5850288,D,S,T,2024-08-21,1000000.00,3.726384,102.416015625
08:00:13,91282CLD1,TSRYS5850288,D,S,T,2024-08-21,1000000.00,3.726384,102.416015625
08:00:13,91282CLD1,TSRYS5850288,D,S,T,2024-08-21,1000000.00,3.726384,102.416015625
08:00:13,91282CLD1,TSRYS5850288,D,S,D,2024-08-21,1000000.00,3.726384,102.416015625
08:00:13,91282CLD1,TSRYS5850288,D,S,D,2024-08-21,1000000.00,3.726384,102.416015625
08:00:13,91282CLD1,TSRYS5850288,D,S,T,2024-08-21,1000000.00,3.726384,102.416015625
08:00:13,91282CLD1,TSRYS5850288,D,S,T,2024-08-21,1000000.00,3.726701,102.4140625
08:00:13,91282CLD1,TSRYS5850288,D,S,T,2024-08-21,1000000.00,3.726701,102.4140625
08:00:13,91282CLD1,TSRYS5850288,D,S,T,2024-08-21,1000000.00,3.720987,102.44921875
08:00:13,91282CLD1,TSRYS5850288,D,S,T,2024-08-21,1000000.00,3.731465,102.384765625
08:00:13,91282CLD1,TSRYS5850288,D,S,T,2024-08-21,1000000.00,3.734006,102.369140625
08:00:13,91282CLD1,TSRYS5850288,D,S,T,2024-08-21,1000000.00,3.734006,102.369140625
08:00:13,91282CLD1,TSRYS5850288,D,S,T,2024-08-21,1000000.00,3.734006,102.369140625
08:00:13,91282CLD1,TSRYS5850288,D,S,D,2024-08-21,1000000.00,3.734006,102.369140625
08:00:13,91282CLD1,TSRYS5850288,D,S,T,2024-08-21,1000000.00,3.734006,102.369140625
08:00:13,91282CLD1,TSRYS5850288,D,S,D,2024-08-21,1000000.00,3.736548,102.353515625
08:00:13,91282CLD1,TSRYS5850288,D,S,T,2024-08-21,1000000.00,3.736548,102.353515625
08:00:13,91282CLD1,TSRYS5850288,D,S,T,2024-08-21,1000000.00,3.736548,102.353515625
08:00:13,91282CLD1,TSRYS5850288,D,S,T,2024-08-21,1000000.00,3.736548,102.353515625
08:00:13,91282CLD1,TSRYS5850288,D,S,T,2024-08-21,1000000.00,3.727971,102.40625
08:00:14,91282CLD1,TSRYS5850288,D,S,D,2024-08-21,1000000.00,3.727971,102.40625
08:00:14,91282CLD1,TSRYS5850288,D,S,D,2024-08-21,1000000.00,3.727971,102.40625
08:00:14,91282CLD1,TSRYS5850288,D,S,D,2024-08-21,1000000.00,3.727971,102.40625
08:00:14,91282CLD1,TSRYS5850288,D,S,D,2024-08-21,1000000.00,3.727971,102.40625
08:00:14,91282CLD1,TSRYS5850288,D,S,D,2024-08-21,1000000.00,3.727971,102.40625
08:00:14,91282CLD1,TSRYS5850288,D,S,D,2024-08-21,1000000.00,3.727971,102.40625
08:00:15,91282CLD1,TSRYS5850288,D,S,D,2024-08-21,1000000.00,3.727971,102.40625
08:00:15,91282CLD1,TSRYS5850288,D,S,D,2024-08-21,1000000.00,3.727971,102.40625
08:00:15,91282CLD1,TSRYS5850288,D,S,D,2024-08-21,1000000.00,3.727971,102.40625
08:00:15,91282CLD1,TSRYS5850288,D,S,D,2024-08-21,1000000.00,3.727971,102.40625
08:00:17,91282CLD1,TSRYS5850288,D,B,C,2024-08-21,1000000.00,3.727654,102.408203125
08:00:17,91282CLD1,TSRYS5850288,D,S,D,2024-08-21,1000000.00,3.727654,102.408203125
08:00:20,91282CLD1,TSRYS5850288,D,B,C,2024-08-21,1000000.00,3.726701,102.4140625
08:00:20,91282CLD1,TSRYS5850288,D,S,D,2024-08-21,1000000.00,3.726701,102.4140625
08:00:21,91282CLD1,TSRYS5850288,D,B,C,2024-08-21,1000000.00,3.727019,102.412109375
08:00:21,91282CLD1,TSRYS5850288,D,B,C,2024-08-21,1000000.00,3.727019,102.412109375
08:00:21,91282CLD1,TSRYS5850288,D,S,D,2024-08-21,1000000.00,3.727019,102.412109375
08:00:21,91282CLD1,TSRYS5850288,D,S,D,2024-08-21,1000000.00,3.727019,102.412109375
08:00:23,91282CLD1,TSRYS5850288,D,B,C,2024-08-21,1000000.00,3.724161,102.4296875
08:00:23,91282CLD1,TSRYS5850288,D,S,D,2024-08-21,1000000.00,3.724161,102.4296875
08:00:23,91282CLD1,TSRYS5850288,D,S,D,2024-08-21,1000000.00,3.724161,102.4296875
08:00:24,91282CLD1,TSRYS5850288,D,S,D,2024-08-21,2000000.00,3.729242,102.3984375
08:00:24,91282CLD1,TSRYS5850288,D,S,D,2024-08-21,2000000.00,3.729242,102.3984375
08:00:25,91282CLD1,TSRYS5850288,D,B,C,2024-08-21,2000000.00,3.729242,102.3984375
08:00:25,91282CLD1,TSRYS5850288,D,B,C,2024-08-21,2000000.00,3.729242,102.3984375
08:00:25,91282CLD1,TSRYS5850288,D,S,D,2024-08-21,1000000.00,3.729242,102.3984375
08:00:25,91282CLD1,TSRYS5850288,D,S,D,2024-08-21,1000000.00,3.729242,102.3984375
08:00:25,91282CLD1,TSRYS5850288,D,B,C,2024-08-21,1000000.00,3.729242,102.3984375
08:00:25,91282CLD1,TSRYS5850288,D,B,C,2024-08-21,1000000.00,3.729242,102.3984375
08:00:25,91282CLD1,TSRYS5850288,D,S,D,2024-08-21,1000000.00,3.727336,102.41015625
08:00:25,91282CLD1,TSRYS5850288,D,S,D,2024-08-21,1000000.00,3.727654,102.408203125
08:00:25,91282CLD1,TSRYS5850288,D,S,D,2024-08-21,1000000.00,3.727654,102.408203125
08:00:25,91282CLD1,TSRYS5850288,D,B,C,2024-08-21,1000000.00,3.727336,102.41015625
08:00:25,91282CLD1,TSRYS5850288,D,B,C,2024-08-21,1000000.00,3.727654,102.408203125
08:00:25,91282CLD1,TSRYS5850288,D,B,C,2024-08-21,1000000.00,3.727654,102.408203125
08:00:25,91282CLD1,TSRYS5850288,D,S,D,2024-08-21,1000000.00,3.721622,102.4453125
08:00:26,91282CLD1,TSRYS5850288,D,S,D,2024-08-21,1000000.00,3.735595,102.359375
08:00:26,91282CLD1,TSRYS5850288,D,B,C,2024-08-21,2000000.00,3.735595,102.359375
08:00:26,91282CLD1,TSRYS5850288,D,B,C,2024-08-21,1000000.00,3.735595,102.359375
08:00:26,91282CLD1,TSRYS5850288,D,B,C,2024-08-21,2000000.00,3.735595,102.359375
08:00:26,91282CLD1,TSRYS5850288,D,S,D,2024-08-21,2000000.00,3.735595,102.359375
08:00:26,91282CLD1,TSRYS5850288,D,S,D,2024-08-21,2000000.00,3.735595,102.359375
08:00:26,91282CLD1,TSRYS5850288,D,S,D,2024-08-21,1000000.00,3.733053,102.375
08:00:27,91282CLD1,TSRYS5850288,D,S,T,2024-08-21,1000000.00,3.722892,102.4375
08:00:29,91282CLD1,TSRYS5850288,D,S,D,2024-08-21,1000000.00,3.730512,102.390625
08:00:29,91282CLD1,TSRYS5850288,D,S,D,2024-08-21,1000000.00,3.731465,102.384765625
08:00:29,91282CLD1,TSRYS5850288,D,S,D,2024-08-21,1000000.00,3.731147,102.38671875
08:00:29,91282CLD1,TSRYS5850288,D,B,C,2024-08-21,1000000.00,3.731465,102.384765625
08:00:29,91282CLD1,TSRYS5850288,D,B,C,2024-08-21,1000000.00,3.731147,102.38671875
08:00:29,91282CLD1,TSRYS5850288,D,S,D,2024-08-21,1000000.00,3.731147,102.38671875
08:00:29,91282CLD1,TSRYS5850288,D,B,C,2024-08-21,1000000.00,3.731147,102.38671875
08:00:29,91282CLD1,TSRYS5850288,D,S,D,2024-08-21,1000000.00,3.731465,102.384765625
08:00:29,91282CLD1,TSRYS5850288,D,S,D,2024-08-21,1000000.00,3.733688,102.37109375
08:00:30,91282CLD1,TSRYS5850288,D,S,T,2024-08-21,1000000.00,3.714958,102.486328125
08:00:30,91282CLD1,TSRYS5850288,D,S,T,2024-08-21,1000000.00,3.714641,102.48828125
08:00:30,91282CLD1,TSRYS5850288,D,S,T,2024-08-21,1000000.00,3.714641,102.48828125
08:00:30,91282CLD1,TSRYS5850288,D,S,T,2024-08-21,1000000.00,3.714641,102.48828125
08:00:30,91282CLD1,TSRYS5850288,D,S,T,2024-08-21,1000000.00,3.714641,102.48828125
08:00:30,91282CLD1,TSRYS5850288,D,S,T,2024-08-21,1000000.00,3.715275,102.484375
08:00:30,91282CLD1,TSRYS5850288,D,S,T,2024-08-21,1000000.00,3.714958,102.486328125
08:00:30,91282CLD1,TSRYS5850288,D,S,T,2024-08-21,1000000.00,3.712103,102.50390625
08:00:30,91282CLD1,TSRYS5850288,D,S,T,2024-08-21,1000000.00,3.712103,102.50390625
08:00:30,91282CLD1,TSRYS5850288,D,S,T,2024-08-21,1000000.00,3.712103,102.50390625
08:00:30,91282CLD1,TSRYS5850288,D,S,T,2024-08-21,1000000.00,3.712103,102.50390625
08:00:30,91282CLD1,TSRYS5850288,D,S,T,2024-08-21,1000000.00,3.724161,102.4296875
08:00:30,91282CLD1,TSRYS5850288,D,S,T,2024-08-21,1000000.00,3.724161,102.4296875
08:00:30,91282CLD1,TSRYS5850288,D,S,T,2024-08-21,1000000.00,3.724161,102.4296875
08:00:30,91282CLD1,TSRYS5850288,D,S,T,2024-08-21,1000000.00,3.724161,102.4296875
08:00:30,91282CLD1,TSRYS5850288,D,S,T,2024-08-21,1000000.00,3.724161,102.4296875
08:00:30,91282CLD1,TSRYS5850288,D,S,T,2024-08-21,1000000.00,3.724161,102.4296875
08:00:30,91282CLD1,TSRYS5850288,D,S,T,2024-08-21,1000000.00,3.724161,102.4296875
08:00:30,91282CLD1,TSRYS5850288,D,S,T,2024-08-21,1000000.00,3.724161,102.4296875
08:00:30,91282CLD1,TSRYS5850288,D,S,T,2024-08-21,1000000.00,3.724161,102.4296875
08:00:30,91282CLD1,TSRYS5850288,D,S,T,2024-08-21,1000000.00,3.724161,102.4296875
08:00:30,91282CLD1,TSRYS5850288,D,S,T,2024-08-21,1000000.00,3.724479,102.427734375
08:00:30,91282CLD1,TSRYS5850288,D,S,T,2024-08-21,1000000.00,3.724479,102.427734375
08:00:30,91282CLD1,TSRYS5850288,D,S,T,2024-08-21,1000000.00,3.724479,102.427734375
08:00:30,91282CLD1,TSRYS5850288,D,S,T,2024-08-21,1000000.00,3.724479,102.427734375
08:00:30,91282CLD1,TSRYS5850288,D,S,T,2024-08-21,1000000.00,3.724479,102.427734375
08:00:30,91282CLD1,TSRYS5850288,D,S,T,2024-08-21,1000000.00,3.724479,102.427734375
08:00:30,91282CLD1,TSRYS5850288,D,S,T,2024-08-21,1000000.00,3.721939,102.443359375
08:00:30,91282CLD1,TSRYS5850288,D,S,T,2024-08-21,1000000.00,3.721939,102.443359375
08:00:30,91282CLD1,TSRYS5850288,D,S,T,2024-08-21,1000000.00,3.7194,102.458984375
08:00:30,91282CLD1,TSRYS5850288,D,S,T,2024-08-21,1000000.00,3.7194,102.458984375
08:00:30,91282CLD1,TSRYS5850288,D,S,T,2024-08-21,1000000.00,3.7194,102.458984375
08:00:30,91282CLD1,TSRYS5850288,D,S,T,2024-08-21,1000000.00,3.7194,102.458984375
08:00:30,91282CLD1,TSRYS5850288,D,S,T,2024-08-21,1000000.00,3.7194,102.458984375
08:00:30,91282CLD1,TSRYS5850288,D,S,T,2024-08-21,1000000.00,3.7194,102.458984375
08:00:30,91282CLD1,TSRYS5850288,D,S,T,2024-08-21,1000000.00,3.7194,102.458984375
08:00:30,91282CLD1,TSRYS5850288,D,S,T,2024-08-21,1000000.00,3.7194,102.458984375
08:00:30,91282CLD1,TSRYS5850288,D,S,T,2024-08-21,1000000.00,3.720987,102.44921875
08:00:30,91282CLD1,TSRYS5850288,D,S,T,2024-08-21,1000000.00,3.720987,102.44921875
08:00:30,91282CLD1,TSRYS5850288,D,S,T,2024-08-21,1000000.00,3.721622,102.4453125
08:00:30,91282CLD1,TSRYS5850288,D,S,T,2024-08-21,1000000.00,3.721939,102.443359375
08:00:30,91282CLD1,TSRYS5850288,D,S,T,2024-08-21,1000000.00,3.721939,102.443359375
08:00:30,91282CLD1,TSRYS5850288,D,S,T,2024-08-21,1000000.00,3.726384,102.416015625
08:00:30,91282CLD1,TSRYS5850288,D,S,T,2024-08-21,1000000.00,3.724479,102.427734375
08:00:30,91282CLD1,TSRYS5850288,D,S,T,2024-08-21,1000000.00,3.727971,102.40625
08:00:30,91282CLD1,TSRYS5850288,D,S,T,2024-08-21,1000000.00,3.724796,102.42578125
08:00:30,91282CLD1,TSRYS5850288,D,S,T,2024-08-21,1000000.00,3.724796,102.42578125
08:00:30,91282CLD1,TSRYS5850288,D,S,T,2024-08-21,1000000.00,3.720035,102.455078125
08:00:30,91282CLD1,TSRYS5850288,D,S,T,2024-08-21,1000000.00,3.720035,102.455078125
08:00:30,91282CLD1,TSRYS5850288,D,S,T,2024-08-21,1000000.00,3.721305,102.447265625
08:00:30,91282CLD1,TSRYS5850288,D,S,T,2024-08-21,1000000.00,3.722257,102.44140625
08:00:30,91282CLD1,TSRYS5850288,D,S,T,2024-08-21,1000000.00,3.722257,102.44140625
08:00:30,91282CLD1,TSRYS5850288,D,S,T,2024-08-21,1000000.00,3.728607,102.40234375
08:00:30,91282CLD1,TSRYS5850288,D,S,T,2024-08-21,1000000.00,3.727336,102.41015625
08:00:30,91282CLD1,TSRYS5850288,D,S,T,2024-08-21,1000000.00,3.727019,102.412109375
08:00:30,91282CLD1,TSRYS5850288,D,S,T,2024-08-21,1000000.00,3.727019,102.412109375
08:00:30,91282CLD1,TSRYS5850288,D,S,T,2024-08-21,1000000.00,3.727019,102.412109375
08:00:30,91282CLD1,TSRYS5850288,D,S,T,2024-08-21,1000000.00,3.728924,102.400390625
08:00:30,91282CLD1,TSRYS5850288,D,S,T,2024-08-21,1000000.00,3.728924,102.400390625
08:00:30,91282CLD1,TSRYS5850288,D,S,T,2024-08-21,1000000.00,3.728924,102.400390625
08:00:30,91282CLD1,TSRYS5850288,D,S,T,2024-08-21,1000000.00,3.728924,102.400390625
08:00:30,91282CLD1,TSRYS5850288,D,S,T,2024-08-21,1000000.00,3.728924,102.400390625
08:00:30,91282CLD1,TSRYS5850288,D,S,T,2024-08-21,1000000.00,3.729559,102.396484375
08:00:30,91282CLD1,TSRYS5850288,D,S,T,2024-08-21,1000000.00,3.726066,102.41796875
08:00:30,91282CLD1,TSRYS5850288,D,S,T,2024-08-21,1000000.00,3.725114,102.423828125
08:00:30,91282CLD1,TSRYS5850288,D,S,T,2024-08-21,1000000.00,3.726701,102.4140625
08:00:30,91282CLD1,TSRYS5850288,D,S,T,2024-08-21,1000000.00,3.726701,102.4140625
08:00:30,91282CLD1,TSRYS5850288,D,S,T,2024-08-21,1000000.00,3.726701,102.4140625
08:00:30,91282CLD1,TSRYS5850288,D,S,T,2024-08-21,1000000.00,3.726701,102.4140625
08:00:30,91282CLD1,TSRYS5850288,D,S,T,2024-08-21,1000000.00,3.726701,102.4140625
08:00:30,91282CLD1,TSRYS5850288,D,S,T,2024-08-21,1000000.00,3.726701,102.4140625
08:00:30,91282CLD1,TSRYS5850288,D,S,T,2024-08-21,1000000.00,3.721622,102.4453125
08:00:30,91282CLD1,TSRYS5850288,D,S,T,2024-08-21,2000000.00,3.722892,102.4375
08:00:30,91282CLD1,TSRYS5850288,D,S,T,2024-08-21,1000000.00,3.734006,102.369140625
08:00:30,91282CLD1,TSRYS5850288,D,S,T,2024-08-21,1000000.00,3.734006,102.369140625
08:00:30,91282CLD1,TSRYS5850288,D,S,T,2024-08-21,1000000.00,3.734006,102.369140625
08:00:30,91282CLD1,TSRYS5850288,D,S,T,2024-08-21,1000000.00,3.729242,102.3984375
08:00:30,91282CLD1,TSRYS5850288,D,S,T,2024-08-21,1000000.00,3.729242,102.3984375
08:00:30,91282CLD1,TSRYS5850288,D,S,T,2024-08-21,1000000.00,3.729242,102.3984375
08:00:30,91282CLD1,TSRYS5850288,D,S,T,2024-08-21,1000000.00,3.728607,102.40234375
08:00:30,91282CLD1,TSRYS5850288,D,S,T,2024-08-21,1000000.00,3.728607,102.40234375
08:00:30,91282CLD1,TSRYS5850288,D,S,T,2024-08-21,1000000.00,3.728607,102.40234375
08:00:30,91282CLD1,TSRYS5850288,D,S,T,2024-08-21,1000000.00,3.728607,102.40234375
08:00:30,91282CLD1,TSRYS5850288,D,S,T,2024-08-21,1000000.00,3.728607,102.40234375
08:00:30,91282CLD1,TSRYS5850288,D,S,T,2024-08-21,1000000.00,3.728607,102.40234375
08:00:30,91282CLD1,TSRYS5850288,D,S,T,2024-08-21,1000000.00,3.728607,102.40234375
08:00:30,91282CLD1,TSRYS5850288,D,S,T,2024-08-21,1000000.00,3.728607,102.40234375
08:00:30,91282CLD1,TSRYS5850288,D,S,T,2024-08-21,1000000.00,3.728607,102.40234375
08:00:30,91282CLD1,TSRYS5850288,D,S,T,2024-08-21,1000000.00,3.728607,102.40234375
08:00:30,91282CLD1,TSRYS5850288,D,S,T,2024-08-21,1000000.00,3.728607,102.40234375
08:00:30,91282CLD1,TSRYS5850288,D,S,T,2024-08-21,1000000.00,3.728607,102.40234375
08:00:30,91282CLD1,TSRYS5850288,D,S,T,2024-08-21,1000000.00,3.728607,102.40234375
08:00:30,91282CLD1,TSRYS5850288,D,S,T,2024-08-21,1000000.00,3.728607,102.40234375
08:00:30,91282CLD1,TSRYS5850288,D,S,T,2024-08-21,1000000.00,3.728607,102.40234375
08:00:30,91282CLD1,TSRYS5850288,D,S,T,2024-08-21,1000000.00,3.730512,102.390625
08:00:30,91282CLD1,TSRYS5850288,D,S,T,2024-08-21,1000000.00,3.730194,102.392578125
08:00:30,91282CLD1,TSRYS5850288,D,S,T,2024-08-21,1000000.00,3.731783,102.3828125
08:00:30,91282CLD1,TSRYS5850288,D,S,T,2024-08-21,1000000.00,3.731783,102.3828125
08:00:30,91282CLD1,TSRYS5850288,D,S,T,2024-08-21,2000000.00,3.7321,102.380859375
08:00:30,91282CLD1,TSRYS5850288,D,S,T,2024-08-21,1000000.00,3.729559,102.396484375
08:00:30,91282CLD1,TSRYS5850288,D,S,T,2024-08-21,1000000.00,3.729559,102.396484375
08:00:30,91282CLD1,TSRYS5850288,D,S,T,2024-08-21,2000000.00,3.729877,102.39453125
08:00:30,91282CLD1,TSRYS5850288,D,S,T,2024-08-21,1000000.00,3.73083,102.388671875
08:00:30,91282CLD1,TSRYS5850288,D,S,T,2024-08-21,1000000.00,3.73083,102.388671875
08:00:30,91282CLD1,TSRYS5850288,D,S,T,2024-08-21,1000000.00,3.733053,102.375
08:00:30,91282CLD1,TSRYS5850288,D,S,T,2024-08-21,1000000.00,3.731783,102.3828125
08:00:30,91282CLD1,TSRYS5850288,D,S,T,2024-08-21,1000000.00,3.731783,102.3828125
08:00:30,91282CLD1,TSRYS5850288,D,S,T,2024-08-21,1000000.00,3.735595,102.359375
08:00:30,91282CLD1,TSRYS5850288,D,S,T,2024-08-21,1000000.00,3.733053,102.375
08:00:30,91282CLD1,TSRYS5850288,D,S,T,2024-08-21,1000000.00,3.731465,102.384765625
08:00:30,91282CLD1,TSRYS5850288,D,S,T,2024-08-21,1000000.00,3.731147,102.38671875
08:00:30,91282CLD1,TSRYS5850288,D,S,T,2024-08-21,2000000.00,3.712103,102.50390625
08:00:30,91282CLD1,TSRYS5850288,D,S,T,2024-08-21,1000000.00,3.712737,102.5
08:00:30,91282CLD1,TSRYS5850288,D,S,T,2024-08-21,2000000.00,3.714958,102.486328125
08:00:30,91282CLD1,TSRYS5850288,D,S,T,2024-08-21,2000000.00,3.714958,102.486328125
08:00:30,91282CLD1,TSRYS5850288,D,S,T,2024-08-21,1000000.00,3.716544,102.4765625
08:00:30,91282CLD1,TSRYS5850288,D,S,T,2024-08-21,2000000.00,3.717179,102.47265625
08:00:30,91282CLD1,TSRYS5850288,D,S,T,2024-08-21,1000000.00,3.7194,102.458984375
08:00:30,91282CLD1,TSRYS5850288,D,S,T,2024-08-21,1000000.00,3.720352,102.453125
08:00:30,91282CLD1,TSRYS5850288,D,S,T,2024-08-21,1000000.00,3.724161,102.4296875
08:00:30,91282CLD1,TSRYS5850288,D,S,T,2024-08-21,1000000.00,3.724161,102.4296875
08:00:30,91282CLD1,TSRYS5850288,D,S,T,2024-08-21,1000000.00,3.724161,102.4296875
08:00:30,91282CLD1,TSRYS5850288,D,S,T,2024-08-21,2000000.00,3.724161,102.4296875
08:00:30,91282CLD1,TSRYS5850288,D,S,T,2024-08-21,2000000.00,3.724161,102.4296875
08:00:30,91282CLD1,TSRYS5850288,D,S,T,2024-08-21,1000000.00,3.724161,102.4296875
08:00:30,91282CLD1,TSRYS5850288,D,S,T,2024-08-21,1000000.00,3.724161,102.4296875
08:00:30,91282CLD1,TSRYS5850288,D,S,T,2024-08-21,1000000.00,3.724161,102.4296875
08:00:30,91282CLD1,TSRYS5850288,D,S,T,2024-08-21,1000000.00,3.724161,102.4296875
08:00:30,91282CLD1,TSRYS5850288,D,S,T,2024-08-21,1000000.00,3.724161,102.4296875
08:00:30,91282CLD1,TSRYS5850288,D,S,T,2024-08-21,1000000.00,3.723209,102.435546875
08:00:30,91282CLD1,TSRYS5850288,D,S,T,2024-08-21,1000000.00,3.724161,102.4296875
08:00:30,91282CLD1,TSRYS5850288,D,S,T,2024-08-21,1000000.00,3.721622,102.4453125
08:00:30,91282CLD1,TSRYS5850288,D,S,T,2024-08-21,2000000.00,3.724161,102.4296875
08:00:30,91282CLD1,TSRYS5850288,D,S,T,2024-08-21,1000000.00,3.725431,102.421875
08:00:30,91282CLD1,TSRYS5850288,D,S,T,2024-08-21,1000000.00,3.725431,102.421875
08:00:30,91282CLD1,TSRYS5850288,D,S,T,2024-08-21,1000000.00,3.725431,102.421875
08:00:30,91282CLD1,TSRYS5850288,D,S,T,2024-08-21,1000000.00,3.725431,102.421875
08:00:30,91282CLD1,TSRYS5850288,D,S,T,2024-08-21,1000000.00,3.725431,102.421875
08:00:30,91282CLD1,TSRYS5850288,D,S,T,2024-08-21,1000000.00,3.725431,102.421875
08:00:30,91282CLD1,TSRYS5850288,D,S,T,2024-08-21,1000000.00,3.725431,102.421875
08:00:30,91282CLD1,TSRYS5850288,D,S,T,2024-08-21,1000000.00,3.724161,102.4296875
08:00:30,91282CLD1,TSRYS5850288,D,S,T,2024-08-21,2000000.00,3.724161,102.4296875
08:00:30,91282CLD1,TSRYS5850288,D,S,T,2024-08-21,2000000.00,3.724161,102.4296875
08:00:30,91282CLD1,TSRYS5850288,D,S,T,2024-08-21,1000000.00,3.727971,102.40625
08:00:30,91282CLD1,TSRYS5850288,D,S,T,2024-08-21,1000000.00,3.727971,102.40625
08:00:30,91282CLD1,TSRYS5850288,D,S,T,2024-08-21,1000000.00,3.727971,102.40625
08:00:30,91282CLD1,TSRYS5850288,D,S,T,2024-08-21,1000000.00,3.726701,102.4140625
08:00:30,91282CLD1,TSRYS5850288,D,S,T,2024-08-21,1000000.00,3.724161,102.4296875
08:00:30,91282CLD1,TSRYS5850288,D,S,T,2024-08-21,1000000.00,3.724161,102.4296875
08:00:30,91282CLD1,TSRYS5850288,D,S,T,2024-08-21,1000000.00,3.722892,102.4375
08:00:30,91282CLD1,TSRYS5850288,D,S,T,2024-08-21,2000000.00,3.721305,102.447265625
08:00:30,91282CLD1,TSRYS5850288,D,S,T,2024-08-21,1000000.00,3.721305,102.447265625
08:00:30,91282CLD1,TSRYS5850288,D,S,T,2024-08-21,1000000.00,3.721622,102.4453125
08:00:30,91282CLD1,TSRYS5850288,D,S,T,2024-08-21,1000000.00,3.721622,102.4453125
08:00:30,91282CLD1,TSRYS5850288,D,S,T,2024-08-21,1000000.00,3.720987,102.44921875
08:00:30,91282CLD1,TSRYS5850288,D,S,T,2024-08-21,1000000.00,3.720987,102.44921875
08:00:30,91282CLD1,TSRYS5850288,D,S,T,2024-08-21,1000000.00,3.720987,102.44921875
08:00:30,91282CLD1,TSRYS5850288,D,S,T,2024-08-21,1000000.00,3.720987,102.44921875
08:00:30,91282CLD1,TSRYS5850288,D,S,T,2024-08-21,1000000.00,3.720987,102.44921875
08:00:30,91282CLD1,TSRYS5850288,D,S,T,2024-08-21,1000000.00,3.721622,102.4453125
08:00:30,91282CLD1,TSRYS5850288,D,S,T,2024-08-21,1000000.00,3.721622,102.4453125
08:00:30,91282CLD1,TSRYS5850288,D,S,T,2024-08-21,1000000.00,3.721622,102.4453125
08:00:30,91282CLD1,TSRYS5850288,D,S,T,2024-08-21,1000000.00,3.721622,102.4453125
08:00:30,91282CLD1,TSRYS5850288,D,S,T,2024-08-21,1000000.00,3.721622,102.4453125
08:00:30,91282CLD1,TSRYS5850288,D,S,T,2024-08-21,1000000.00,3.721622,102.4453125
08:00:30,91282CLD1,TSRYS5850288,D,S,T,2024-08-21,1000000.00,3.721622,102.4453125
08:00:30,91282CLD1,TSRYS5850288,D,S,T,2024-08-21,1000000.00,3.721622,102.4453125
08:00:30,91282CLD1,TSRYS5850288,D,S,T,2024-08-21,1000000.00,3.720352,102.453125
08:00:30,91282CLD1,TSRYS5850288,D,S,T,2024-08-21,1000000.00,3.720352,102.453125
08:00:30,91282CLD1,TSRYS5850288,D,S,T,2024-08-21,1000000.00,3.724161,102.4296875
08:00:30,91282CLD1,TSRYS5850288,D,S,T,2024-08-21,1000000.00,3.726701,102.4140625
08:00:30,91282CLD1,TSRYS5850288,D,S,T,2024-08-21,1000000.00,3.726701,102.4140625
08:00:30,91282CLD1,TSRYS5850288,D,S,T,2024-08-21,1000000.00,3.727971,102.40625
08:00:30,91282CLD1,TSRYS5850288,D,S,T,2024-08-21,3000000.00,3.727971,102.40625
08:00:30,91282CLD1,TSRYS5850288,D,S,T,2024-08-21,2000000.00,3.727971,102.40625
08:00:30,91282CLD1,TSRYS5850288,D,S,T,2024-08-21,5000000.00,3.727971,102.40625
08:00:30,91282CLD1,TSRYS5850288,D,S,T,2024-08-21,1000000.00,3.727971,102.40625
08:00:30,91282CLD1,TSRYS5850288,D,S,T,2024-08-21,1000000.00,3.727971,102.40625
08:00:30,91282CLD1,TSRYS5850288,D,S,T,2024-08-21,1000000.00,3.727019,102.412109375
08:00:30,91282CLD1,TSRYS5850288,D,S,T,2024-08-21,1000000.00,3.726701,102.4140625
08:00:30,91282CLD1,TSRYS5850288,D,S,T,2024-08-21,1000000.00,3.726701,102.4140625
08:00:30,91282CLD1,TSRYS5850288,D,S,T,2024-08-21,1000000.00,3.727971,102.40625
08:00:30,91282CLD1,TSRYS5850288,D,S,T,2024-08-21,1000000.00,3.726701,102.4140625
08:00:30,91282CLD1,TSRYS5850288,D,S,T,2024-08-21,1000000.00,3.726701,102.4140625
08:00:30,91282CLD1,TSRYS5850288,D,S,T,2024-08-21,1000000.00,3.729242,102.3984375
08:00:30,91282CLD1,TSRYS5850288,D,S,T,2024-08-21,1000000.00,3.729242,102.3984375
08:00:30,91282CLD1,TSRYS5850288,D,S,T,2024-08-21,1000000.00,3.729242,102.3984375
08:00:30,91282CLD1,TSRYS5850288,D,S,T,2024-08-21,1000000.00,3.726701,102.4140625
08:00:30,91282CLD1,TSRYS5850288,D,S,T,2024-08-21,1000000.00,3.726701,102.4140625
08:00:30,91282CLD1,TSRYS5850288,D,S,T,2024-08-21,1000000.00,3.725431,102.421875
08:00:30,91282CLD1,TSRYS5850288,D,S,T,2024-08-21,1000000.00,3.725431,102.421875
08:00:30,91282CLD1,TSRYS5850288,D,S,T,2024-08-21,1000000.00,3.727971,102.40625
08:00:30,91282CLD1,TSRYS5850288,D,S,T,2024-08-21,1000000.00,3.724796,102.42578125
08:00:30,91282CLD1,TSRYS5850288,D,S,T,2024-08-21,1000000.00,3.724161,102.4296875
08:00:30,91282CLD1,TSRYS5850288,D,S,T,2024-08-21,1000000.00,3.724161,102.4296875
08:00:30,91282CLD1,TSRYS5850288,D,S,T,2024-08-21,1000000.00,3.725431,102.421875
08:00:30,91282CLD1,TSRYS5850288,D,S,T,2024-08-21,1000000.00,3.721622,102.4453125
08:00:30,91282CLD1,TSRYS5850288,D,S,T,2024-08-21,1000000.00,3.724161,102.4296875
08:00:30,91282CLD1,TSRYS5850288,D,S,T,2024-08-21,1000000.00,3.724161,102.4296875
08:00:31,91282CLD1,TSRYS5850288,D,S,D,2024-08-21,300000.00,3.733371,102.373046875
08:00:31,91282CLD1,TSRYS5850288,D,B,C,2024-08-21,1000000.00,3.731783,102.3828125
08:00:31,91282CLD1,TSRYS5850288,D,S,D,2024-08-21,1000000.00,3.731783,102.3828125
08:00:31,91282CLD1,TSRYS5850288,D,S,T,2024-08-21,1000000.00,3.727019,102.412109375
08:00:31,91282CLD1,TSRYS5850288,D,S,T,2024-08-21,1000000.00,3.725114,102.423828125
08:00:31,91282CLD1,TSRYS5850288,D,S,T,2024-08-21,1000000.00,3.727971,102.40625
08:00:31,91282CLD1,TSRYS5850288,D,S,T,2024-08-21,1000000.00,3.729242,102.3984375
08:00:31,91282CLD1,TSRYS5850288,D,S,D,2024-08-21,1000000.00,3.727019,102.412109375
08:00:31,91282CLD1,TSRYS5850288,D,S,T,2024-08-21,1000000.00,3.726701,102.4140625
08:00:31,91282CLD1,TSRYS5850288,D,S,T,2024-08-21,1000000.00,3.726701,102.4140625
08:00:31,91282CLD1,TSRYS5850288,D,S,D,2024-08-21,1000000.00,3.727019,102.412109375
08:00:31,91282CLD1,TSRYS5850288,D,S,D,2024-08-21,1000000.00,3.727019,102.412109375
08:00:31,91282CLD1,TSRYS5850288,D,S,T,2024-08-21,1000000.00,3.728924,102.400390625
08:00:31,91282CLD1,TSRYS5850288,D,S,T,2024-08-21,1000000.00,3.730512,102.390625
08:00:31,91282CLD1,TSRYS5850288,D,S,T,2024-08-21,1000000.00,3.729242,102.3984375
08:00:31,91282CLD1,TSRYS5850288,D,S,T,2024-08-21,1000000.00,3.727971,102.40625
08:00:31,91282CLD1,TSRYS5850288,D,S,T,2024-08-21,1000000.00,3.725431,102.421875
08:00:31,91282CLD1,TSRYS5850288,D,S,T,2024-08-21,1000000.00,3.726701,102.4140625
08:00:31,91282CLD1,TSRYS5850288,D,S,T,2024-08-21,1000000.00,3.726701,102.4140625
08:00:31,91282CLD1,TSRYS5850288,D,S,T,2024-08-21,1000000.00,3.726701,102.4140625
08:00:31,91282CLD1,TSRYS5850288,D,S,T,2024-08-21,1000000.00,3.726701,102.4140625
08:00:31,91282CLD1,TSRYS5850288,D,S,T,2024-08-21,1000000.00,3.726701,102.4140625
08:00:31,91282CLD1,TSRYS5850288,D,S,T,2024-08-21,1000000.00,3.726701,102.4140625
08:00:31,91282CLD1,TSRYS5850288,D,S,T,2024-08-21,1000000.00,3.726701,102.4140625
08:00:31,91282CLD1,TSRYS5850288,D,S,T,2024-08-21,1000000.00,3.726701,102.4140625
08:00:31,91282CLD1,TSRYS5850288,D,S,T,2024-08-21,1000000.00,3.726701,102.4140625
08:00:31,91282CLD1,TSRYS5850288,D,S,T,2024-08-21,1000000.00,3.726701,102.4140625
08:00:31,91282CLD1,TSRYS5850288,D,S,T,2024-08-21,1000000.00,3.726701,102.4140625
08:00:31,91282CLD1,TSRYS5850288,D,S,T,2024-08-21,1000000.00,3.724161,102.4296875
08:00:31,91282CLD1,TSRYS5850288,D,S,T,2024-08-21,1000000.00,3.721622,102.4453125
08:00:31,91282CLD1,TSRYS5850288,D,S,T,2024-08-21,1000000.00,3.725431,102.421875
08:00:31,91282CLD1,TSRYS5850288,D,S,T,2024-08-21,1000000.00,3.715275,102.484375
08:00:31,91282CLD1,TSRYS5850288,D,S,T,2024-08-21,1000000.00,3.725431,102.421875
08:00:31,91282CLD1,TSRYS5850288,D,S,T,2024-08-21,1000000.00,3.721622,102.4453125
08:00:31,91282CLD1,TSRYS5850288,D,S,T,2024-08-21,1000000.00,3.727654,102.408203125
08:00:31,91282CLD1,TSRYS5850288,D,S,T,2024-08-21,1000000.00,3.729242,102.3984375
08:00:31,91282CLD1,TSRYS5850288,D,S,T,2024-08-21,1000000.00,3.729242,102.3984375
08:00:31,91282CLD1,TSRYS5850288,D,S,T,2024-08-21,1000000.00,3.730512,102.390625
08:00:31,91282CLD1,TSRYS5850288,D,S,T,2024-08-21,1000000.00,3.730512,102.390625
08:00:31,91282CLD1,TSRYS5850288,D,S,T,2024-08-21,1000000.00,3.730512,102.390625
08:00:31,91282CLD1,TSRYS5850288,D,S,T,2024-08-21,1000000.00,3.730512,102.390625
08:00:31,91282CLD1,TSRYS5850288,D,S,T,2024-08-21,1000000.00,3.735595,102.359375
08:00:31,91282CLD1,TSRYS5850288,D,S,T,2024-08-21,1000000.00,3.731783,102.3828125
08:00:31,91282CLD1,TSRYS5850288,D,S,T,2024-08-21,1000000.00,3.733053,102.375
08:00:31,91282CLD1,TSRYS5850288,D,S,T,2024-08-21,1000000.00,3.733053,102.375
08:00:31,91282CLD1,TSRYS5850288,D,S,T,2024-08-21,1000000.00,3.731783,102.3828125
08:00:31,91282CLD1,TSRYS5850288,D,S,T,2024-08-21,1000000.00,3.734006,102.369140625
08:00:31,91282CLD1,TSRYS5850288,D,S,T,2024-08-21,1000000.00,3.734006,102.369140625
08:00:31,91282CLD1,TSRYS5850288,D,S,T,2024-08-21,1000000.00,3.734324,102.3671875
08:00:31,91282CLD1,TSRYS5850288,D,S,T,2024-08-21,1000000.00,3.734324,102.3671875
08:00:31,91282CLD1,TSRYS5850288,D,S,D,2024-08-21,1000000.00,3.735277,102.361328125
08:00:31,91282CLD1,TSRYS5850288,D,S,T,2024-08-21,1000000.00,3.735595,102.359375
08:00:31,91282CLD1,TSRYS5850288,D,S,T,2024-08-21,1000000.00,3.735595,102.359375
08:00:31,91282CLD1,TSRYS5850288,D,S,T,2024-08-21,1000000.00,3.734324,102.3671875
08:00:31,91282CLD1,TSRYS5850288,D,S,T,2024-08-21,1000000.00,3.729242,102.3984375
08:00:31,91282CLD1,TSRYS5850288,D,S,T,2024-08-21,1000000.00,3.729242,102.3984375
08:00:31,91282CLD1,TSRYS5850288,D,S,T,2024-08-21,1000000.00,3.730194,102.392578125
08:00:31,91282CLD1,TSRYS5850288,D,S,T,2024-08-21,1000000.00,3.730512,102.390625
08:00:31,91282CLD1,TSRYS5850288,D,S,T,2024-08-21,1000000.00,3.730512,102.390625
08:00:31,91282CLD1,TSRYS5850288,D,S,T,2024-08-21,1000000.00,3.729242,102.3984375
08:00:31,91282CLD1,TSRYS5850288,D,S,T,2024-08-21,1000000.00,3.729242,102.3984375
08:00:31,91282CLD1,TSRYS5850288,D,S,T,2024-08-21,1000000.00,3.729242,102.3984375
08:00:31,91282CLD1,TSRYS5850288,D,S,T,2024-08-21,1000000.00,3.728607,102.40234375
08:00:31,91282CLD1,TSRYS5850288,D,S,T,2024-08-21,1000000.00,3.728607,102.40234375
08:00:31,91282CLD1,TSRYS5850288,D,S,T,2024-08-21,1000000.00,3.729242,102.3984375
08:00:31,91282CLD1,TSRYS5850288,D,S,T,2024-08-21,1000000.00,3.729242,102.3984375
08:00:31,91282CLD1,TSRYS5850288,D,S,T,2024-08-21,1000000.00,3.729242,102.3984375
08:00:31,91282CLD1,TSRYS5850288,D,S,T,2024-08-21,1000000.00,3.726701,102.4140625
08:00:31,91282CLD1,TSRYS5850288,D,S,T,2024-08-21,1000000.00,3.727971,102.40625
08:00:31,91282CLD1,TSRYS5850288,D,S,T,2024-08-21,1000000.00,3.729242,102.3984375
08:00:31,91282CLD1,TSRYS5850288,D,S,T,2024-08-21,1000000.00,3.729559,102.396484375
08:00:31,91282CLD1,TSRYS5850288,D,S,T,2024-08-21,1000000.00,3.730512,102.390625
08:00:31,91282CLD1,TSRYS5850288,D,S,T,2024-08-21,1000000.00,3.730512,102.390625
08:00:31,91282CLD1,TSRYS5850288,D,S,T,2024-08-21,1000000.00,3.731783,102.3828125
08:00:31,91282CLD1,TSRYS5850288,D,S,T,2024-08-21,1000000.00,3.731147,102.38671875
08:00:31,91282CLD1,TSRYS5850288,D,S,T,2024-08-21,1000000.00,3.731147,102.38671875
08:00:31,91282CLD1,TSRYS5850288,D,S,T,2024-08-21,1000000.00,3.731147,102.38671875
08:00:31,91282CLD1,TSRYS5850288,D,S,T,2024-08-21,1000000.00,3.731783,102.3828125
08:00:31,91282CLD1,TSRYS5850288,D,S,T,2024-08-21,1000000.00,3.730512,102.390625
08:00:31,91282CLD1,TSRYS5850288,D,S,T,2024-08-21,1000000.00,3.726701,102.4140625
08:00:31,91282CLD1,TSRYS5850288,D,S,T,2024-08-21,1000000.00,3.728607,102.40234375
08:00:31,91282CLD1,TSRYS5850288,D,S,T,2024-08-21,1000000.00,3.728607,102.40234375
08:00:31,91282CLD1,TSRYS5850288,D,S,T,2024-08-21,1000000.00,3.728607,102.40234375
08:00:31,91282CLD1,TSRYS5850288,D,S,T,2024-08-21,1000000.00,3.728607,102.40234375
08:00:31,91282CLD1,TSRYS5850288,D,S,T,2024-08-21,1000000.00,3.728607,102.40234375
08:00:31,91282CLD1,TSRYS5850288,D,S,T,2024-08-21,1000000.00,3.728607,102.40234375
08:00:31,91282CLD1,TSRYS5850288,D,S,T,2024-08-21,1000000.00,3.728607,102.40234375
08:00:31,91282CLD1,TSRYS5850288,D,S,T,2024-08-21,1000000.00,3.730512,102.390625
08:00:31,91282CLD1,TSRYS5850288,D,S,T,2024-08-21,1000000.00,3.730512,102.390625
08:00:31,91282CLD1,TSRYS5850288,D,S,T,2024-08-21,1000000.00,3.729242,102.3984375
08:00:31,91282CLD1,TSRYS5850288,D,S,T,2024-08-21,1000000.00,3.729242,102.3984375
08:00:31,91282CLD1,TSRYS5850288,D,S,T,2024-08-21,1000000.00,3.730512,102.390625
08:00:31,91282CLD1,TSRYS5850288,D,S,T,2024-08-21,1000000.00,3.731147,102.38671875
08:00:31,91282CLD1,TSRYS5850288,D,S,T,2024-08-21,1000000.00,3.730194,102.392578125
08:00:31,91282CLD1,TSRYS5850288,D,S,T,2024-08-21,1000000.00,3.730512,102.390625
08:00:31,91282CLD1,TSRYS5850288,D,S,T,2024-08-21,1000000.00,3.730512,102.390625
08:00:31,91282CLD1,TSRYS5850288,D,S,T,2024-08-21,1000000.00,3.730512,102.390625
08:00:31,91282CLD1,TSRYS5850288,D,S,T,2024-08-21,1000000.00,3.730512,102.390625
08:00:31,91282CLD1,TSRYS5850288,D,S,T,2024-08-21,1000000.00,3.730512,102.390625
08:00:31,91282CLD1,TSRYS5850288,D,S,T,2024-08-21,1000000.00,3.730512,102.390625
08:00:31,91282CLD1,TSRYS5850288,D,S,T,2024-08-21,1000000.00,3.730512,102.390625
08:00:31,91282CLD1,TSRYS5850288,D,S,T,2024-08-21,1000000.00,3.730512,102.390625
08:00:31,91282CLD1,TSRYS5850288,D,S,T,2024-08-21,1000000.00,3.729242,102.3984375
08:00:31,91282CLD1,TSRYS5850288,D,S,T,2024-08-21,1000000.00,3.729877,102.39453125
08:00:31,91282CLD1,TSRYS5850288,D,S,T,2024-08-21,1000000.00,3.730512,102.390625
08:00:31,91282CLD1,TSRYS5850288,D,S,T,2024-08-21,1000000.00,3.730512,102.390625
08:00:31,91282CLD1,TSRYS5850288,D,S,T,2024-08-21,1000000.00,3.730512,102.390625
08:00:31,91282CLD1,TSRYS5850288,D,S,T,2024-08-21,1000000.00,3.729242,102.3984375
08:00:31,91282CLD1,TSRYS5850288,D,S,T,2024-08-21,1000000.00,3.729242,102.3984375
08:00:31,91282CLD1,TSRYS5850288,D,S,D,2024-08-21,1000000.00,3.727019,102.412109375
08:00:31,91282CLD1,TSRYS5850288,D,S,T,2024-08-21,1000000.00,3.729242,102.3984375
08:00:31,91282CLD1,TSRYS5850288,D,S,T,2024-08-21,1000000.00,3.729242,102.3984375
08:00:31,91282CLD1,TSRYS5850288,D,S,T,2024-08-21,1000000.00,3.730512,102.390625
08:00:31,91282CLD1,TSRYS5850288,D,S,T,2024-08-21,1000000.00,3.730512,102.390625
08:00:31,91282CLD1,TSRYS5850288,D,S,T,2024-08-21,1000000.00,3.730512,102.390625
08:00:31,91282CLD1,TSRYS5850288,D,S,T,2024-08-21,1000000.00,3.729877,102.39453125
08:00:31,91282CLD1,TSRYS5850288,D,S,T,2024-08-21,1000000.00,3.731783,102.3828125
08:00:31,91282CLD1,TSRYS5850288,D,S,T,2024-08-21,1000000.00,3.731783,102.3828125
08:00:31,91282CLD1,TSRYS5850288,D,S,T,2024-08-21,1000000.00,3.733053,102.375
08:00:31,91282CLD1,TSRYS5850288,D,S,T,2024-08-21,1000000.00,3.733053,102.375
08:00:31,91282CLD1,TSRYS5850288,D,S,T,2024-08-21,1000000.00,3.733053,102.375
08:00:31,91282CLD1,TSRYS5850288,D,S,T,2024-08-21,1000000.00,3.733053,102.375
08:00:31,91282CLD1,TSRYS5850288,D,S,T,2024-08-21,1000000.00,3.733053,102.375
08:00:31,91282CLD1,TSRYS5850288,D,S,T,2024-08-21,1000000.00,3.733053,102.375
08:00:31,91282CLD1,TSRYS5850288,D,S,T,2024-08-21,1000000.00,3.733053,102.375
08:00:31,91282CLD1,TSRYS5850288,D,S,T,2024-08-21,1000000.00,3.731783,102.3828125
08:00:31,91282CLD1,TSRYS5850288,D,S,T,2024-08-21,1000000.00,3.731783,102.3828125
08:00:31,91282CLD1,TSRYS5850288,D,S,T,2024-08-21,1000000.00,3.734324,102.3671875
08:00:31,91282CLD1,TSRYS5850288,D,S,T,2024-08-21,1000000.00,3.731783,102.3828125
08:00:31,91282CLD1,TSRYS5850288,D,S,T,2024-08-21,1000000.00,3.731783,102.3828125
08:00:31,91282CLD1,TSRYS5850288,D,S,T,2024-08-21,1000000.00,3.731783,102.3828125
08:00:31,91282CLD1,TSRYS5850288,D,S,T,2024-08-21,1000000.00,3.734324,102.3671875
08:00:31,91282CLD1,TSRYS5850288,D,S,T,2024-08-21,1000000.00,3.733371,102.373046875
08:00:31,91282CLD1,TSRYS5850288,D,S,T,2024-08-21,1000000.00,3.733053,102.375
08:00:31,91282CLD1,TSRYS5850288,D,S,T,2024-08-21,1000000.00,3.735277,102.361328125
08:00:31,91282CLD1,TSRYS5850288,D,S,T,2024-08-21,1000000.00,3.735595,102.359375
08:00:31,91282CLD1,TSRYS5850288,D,S,T,2024-08-21,1000000.00,3.736866,102.3515625
08:00:31,91282CLD1,TSRYS5850288,D,S,T,2024-08-21,1000000.00,3.736866,102.3515625
08:00:31,91282CLD1,TSRYS5850288,D,S,T,2024-08-21,1000000.00,3.733053,102.375
08:00:31,91282CLD1,TSRYS5850288,D,S,T,2024-08-21,1000000.00,3.731465,102.384765625
08:00:31,91282CLD1,TSRYS5850288,D,S,T,2024-08-21,1000000.00,3.732418,102.37890625
08:00:32,91282CLD1,TSRYS5850288,D,S,T,2024-08-21,1000000.00,3.727971,102.40625
08:00:32,91282CLD1,TSRYS5850288,D,S,T,2024-08-21,1000000.00,3.727971,102.40625
08:00:32,91282CLD1,TSRYS5850288,D,S,T,2024-08-21,1000000.00,3.727336,102.41015625
08:00:32,91282CLD1,TSRYS5850288,D,S,T,2024-08-21,1000000.00,3.727336,102.41015625
08:00:32,91282CLD1,TSRYS5850288,D,S,T,2024-08-21,1000000.00,3.727336,102.41015625
08:00:32,91282CLD1,TSRYS5850288,D,S,T,2024-08-21,1000000.00,3.727336,102.41015625
08:00:32,91282CLD1,TSRYS5850288,D,S,T,2024-08-21,1000000.00,3.727971,102.40625
08:00:32,91282CLD1,TSRYS5850288,D,S,T,2024-08-21,1000000.00,3.726066,102.41796875
08:00:32,91282CLD1,TSRYS5850288,D,S,T,2024-08-21,1000000.00,3.726701,102.4140625
08:00:32,91282CLD1,TSRYS5850288,D,S,T,2024-08-21,1000000.00,3.729559,102.396484375
08:00:32,91282CLD1,TSRYS5850288,D,S,T,2024-08-21,1000000.00,3.729877,102.39453125
08:00:32,91282CLD1,TSRYS5850288,D,S,D,2024-08-21,1000000.00,3.712737,102.5
08:00:32,91282CLD1,TSRYS5850288,D,S,D,2024-08-21,1000000.00,3.714641,102.48828125
08:00:32,91282CLD1,TSRYS5850288,D,S,D,2024-08-21,1000000.00,3.720035,102.455078125
08:00:32,91282CLD1,TSRYS5850288,D,S,D,2024-08-21,1000000.00,3.712103,102.50390625
08:00:32,91282CLD1,TSRYS5850288,D,S,D,2024-08-21,1000000.00,3.712103,102.50390625
08:00:32,91282CLD1,TSRYS5850288,D,S,D,2024-08-21,1000000.00,3.724161,102.4296875
08:00:32,91282CLD1,TSRYS5850288,D,S,D,2024-08-21,1000000.00,3.724161,102.4296875
08:00:32,91282CLD1,TSRYS5850288,D,S,D,2024-08-21,1000000.00,3.724479,102.427734375
08:00:32,91282CLD1,TSRYS5850288,D,S,D,2024-08-21,1000000.00,3.721939,102.443359375
08:00:32,91282CLD1,TSRYS5850288,D,S,D,2024-08-21,1000000.00,3.721939,102.443359375
08:00:32,91282CLD1,TSRYS5850288,D,S,D,2024-08-21,1000000.00,3.721939,102.443359375
08:00:32,91282CLD1,TSRYS5850288,D,S,D,2024-08-21,1000000.00,3.7194,102.458984375
08:00:32,91282CLD1,TSRYS5850288,D,S,D,2024-08-21,1000000.00,3.7194,102.458984375
08:00:32,91282CLD1,TSRYS5850288,D,S,D,2024-08-21,1000000.00,3.7194,102.458984375
08:00:32,91282CLD1,TSRYS5850288,D,S,D,2024-08-21,1000000.00,3.7194,102.458984375
08:00:32,91282CLD1,TSRYS5850288,D,S,D,2024-08-21,1000000.00,3.7194,102.458984375
08:00:32,91282CLD1,TSRYS5850288,D,S,D,2024-08-21,1000000.00,3.725431,102.421875
08:00:32,91282CLD1,TSRYS5850288,D,S,D,2024-08-21,1000000.00,3.722257,102.44140625
08:00:32,91282CLD1,TSRYS5850288,D,S,D,2024-08-21,1000000.00,3.720035,102.455078125
08:00:32,91282CLD1,TSRYS5850288,D,S,D,2024-08-21,1000000.00,3.720035,102.455078125
08:00:32,91282CLD1,TSRYS5850288,D,S,D,2024-08-21,1000000.00,3.7194,102.458984375
08:00:32,91282CLD1,TSRYS5850288,D,S,D,2024-08-21,1000000.00,3.720035,102.455078125
08:00:32,91282CLD1,TSRYS5850288,D,S,D,2024-08-21,1000000.00,3.721939,102.443359375
08:00:32,91282CLD1,TSRYS5850288,D,S,D,2024-08-21,1000000.00,3.724479,102.427734375
08:00:32,91282CLD1,TSRYS5850288,D,S,D,2024-08-21,1000000.00,3.729242,102.3984375
08:00:32,91282CLD1,TSRYS5850288,D,S,D,2024-08-21,1000000.00,3.728924,102.400390625
08:00:32,91282CLD1,TSRYS5850288,D,S,D,2024-08-21,1000000.00,3.728924,102.400390625
08:00:32,91282CLD1,TSRYS5850288,D,S,D,2024-08-21,1000000.00,3.728924,102.400390625
08:00:32,91282CLD1,TSRYS5850288,D,S,D,2024-08-21,1000000.00,3.726701,102.4140625
08:00:32,91282CLD1,TSRYS5850288,D,S,D,2024-08-21,1000000.00,3.726701,102.4140625
08:00:32,91282CLD1,TSRYS5850288,D,B,C,2024-08-21,1000000.00,3.73083,102.388671875
08:00:32,91282CLD1,TSRYS5850288,D,S,D,2024-08-21,1000000.00,3.73083,102.388671875
08:00:32,91282CLD1,TSRYS5850288,D,B,C,2024-08-21,1000000.00,3.731465,102.384765625
08:00:32,91282CLD1,TSRYS5850288,D,S,D,2024-08-21,1000000.00,3.731465,102.384765625
08:00:32,91282CLD1,TSRYS5850288,D,B,C,2024-08-21,1000000.00,3.731147,102.38671875
08:00:32,91282CLD1,TSRYS5850288,D,S,D,2024-08-21,1000000.00,3.731147,102.38671875
08:00:32,91282CLD1,TSRYS5850288,D,S,D,2024-08-21,1000000.00,3.731465,102.384765625
08:00:32,91282CLD1,TSRYS5850288,D,S,D,2024-08-21,1000000.00,3.733371,102.373046875
08:00:32,91282CLD1,TSRYS5850288,D,S,D,2024-08-21,1000000.00,3.733053,102.375
08:00:32,91282CLD1,TSRYS5850288,D,S,D,2024-08-21,1000000.00,3.728289,102.404296875
08:00:32,91282CLD1,TSRYS5850288,D,S,D,2024-08-21,1000000.00,3.714641,102.48828125
08:00:32,91282CLD1,TSRYS5850288,D,S,D,2024-08-21,1000000.00,3.714641,102.48828125
08:00:32,91282CLD1,TSRYS5850288,D,S,D,2024-08-21,1000000.00,3.714641,102.48828125
08:00:32,91282CLD1,TSRYS5850288,D,S,D,2024-08-21,1000000.00,3.714641,102.48828125
08:00:32,91282CLD1,TSRYS5850288,D,S,D,2024-08-21,1000000.00,3.714641,102.48828125
08:00:32,91282CLD1,TSRYS5850288,D,S,D,2024-08-21,1000000.00,3.714641,102.48828125
08:00:32,91282CLD1,TSRYS5850288,D,S,D,2024-08-21,1000000.00,3.715275,102.484375
08:00:32,91282CLD1,TSRYS5850288,D,S,D,2024-08-21,1000000.00,3.714641,102.48828125
08:00:32,91282CLD1,TSRYS5850288,D,S,D,2024-08-21,1000000.00,3.714641,102.48828125
08:00:32,91282CLD1,TSRYS5850288,D,S,D,2024-08-21,1000000.00,3.714641,102.48828125
08:00:32,91282CLD1,TSRYS5850288,D,S,D,2024-08-21,1000000.00,3.714641,102.48828125
08:00:32,91282CLD1,TSRYS5850288,D,S,D,2024-08-21,1000000.00,3.717496,102.470703125
08:00:32,91282CLD1,TSRYS5850288,D,S,D,2024-08-21,1000000.00,3.712103,102.50390625
08:00:32,91282CLD1,TSRYS5850288,D,S,D,2024-08-21,1000000.00,3.724161,102.4296875
08:00:32,91282CLD1,TSRYS5850288,D,S,D,2024-08-21,1000000.00,3.724161,102.4296875
08:00:32,91282CLD1,TSRYS5850288,D,S,D,2024-08-21,1000000.00,3.724161,102.4296875
08:00:32,91282CLD1,TSRYS5850288,D,S,D,2024-08-21,1000000.00,3.724161,102.4296875
08:00:32,91282CLD1,TSRYS5850288,D,S,D,2024-08-21,1000000.00,3.724161,102.4296875
08:00:32,91282CLD1,TSRYS5850288,D,S,D,2024-08-21,1000000.00,3.727019,102.412109375
08:00:32,91282CLD1,TSRYS5850288,D,S,D,2024-08-21,1000000.00,3.724161,102.4296875
08:00:32,91282CLD1,TSRYS5850288,D,S,D,2024-08-21,1000000.00,3.724479,102.427734375
08:00:32,91282CLD1,TSRYS5850288,D,S,D,2024-08-21,1000000.00,3.724479,102.427734375
08:00:32,91282CLD1,TSRYS5850288,D,S,D,2024-08-21,1000000.00,3.724479,102.427734375
08:00:32,91282CLD1,TSRYS5850288,D,S,D,2024-08-21,1000000.00,3.724479,102.427734375
08:00:32,91282CLD1,TSRYS5850288,D,S,D,2024-08-21,1000000.00,3.721939,102.443359375
08:00:32,91282CLD1,TSRYS5850288,D,S,D,2024-08-21,1000000.00,3.721939,102.443359375
08:00:32,91282CLD1,TSRYS5850288,D,S,D,2024-08-21,1000000.00,3.719718,102.45703125
08:00:32,91282CLD1,TSRYS5850288,D,S,D,2024-08-21,1000000.00,3.7194,102.458984375
08:00:32,91282CLD1,TSRYS5850288,D,S,D,2024-08-21,1000000.00,3.7194,102.458984375
08:00:32,91282CLD1,TSRYS5850288,D,S,D,2024-08-21,1000000.00,3.7194,102.458984375
08:00:32,91282CLD1,TSRYS5850288,D,S,D,2024-08-21,1000000.00,3.7194,102.458984375
08:00:32,91282CLD1,TSRYS5850288,D,S,D,2024-08-21,1000000.00,3.7194,102.458984375
08:00:32,91282CLD1,TSRYS5850288,D,S,D,2024-08-21,1000000.00,3.7194,102.458984375
08:00:32,91282CLD1,TSRYS5850288,D,S,D,2024-08-21,1000000.00,3.7194,102.458984375
08:00:32,91282CLD1,TSRYS5850288,D,S,D,2024-08-21,1000000.00,3.722257,102.44140625
08:00:32,91282CLD1,TSRYS5850288,D,S,D,2024-08-21,1000000.00,3.727654,102.408203125
08:00:32,91282CLD1,TSRYS5850288,D,S,D,2024-08-21,1000000.00,3.724161,102.4296875
08:00:32,91282CLD1,TSRYS5850288,D,S,D,2024-08-21,1000000.00,3.719718,102.45703125
08:00:32,91282CLD1,TSRYS5850288,D,S,D,2024-08-21,1000000.00,3.720035,102.455078125
08:00:32,91282CLD1,TSRYS5850288,D,S,D,2024-08-21,1000000.00,3.724479,102.427734375
08:00:32,91282CLD1,TSRYS5850288,D,S,D,2024-08-21,1000000.00,3.722257,102.44140625
08:00:32,91282CLD1,TSRYS5850288,D,S,D,2024-08-21,1000000.00,3.724479,102.427734375
08:00:32,91282CLD1,TSRYS5850288,D,S,D,2024-08-21,1000000.00,3.727019,102.412109375
08:00:32,91282CLD1,TSRYS5850288,D,S,D,2024-08-21,1000000.00,3.727019,102.412109375
08:00:32,91282CLD1,TSRYS5850288,D,S,D,2024-08-21,1000000.00,3.728924,102.400390625
08:00:32,91282CLD1,TSRYS5850288,D,S,D,2024-08-21,1000000.00,3.728924,102.400390625
08:00:32,91282CLD1,TSRYS5850288,D,S,D,2024-08-21,1000000.00,3.732735,102.376953125
08:00:32,91282CLD1,TSRYS5850288,D,S,D,2024-08-21,1000000.00,3.727654,102.408203125
08:00:33,91282CLD1,TSRYS5850288,D,S,D,2024-08-21,1000000.00,3.729242,102.3984375
08:00:33,91282CLD1,TSRYS5850288,D,S,D,2024-08-21,2000000.00,3.726066,102.41796875
08:00:34,91282CLD1,TSRYS5850288,D,S,C,2024-08-21,1000000.00,3.728607,102.40234375
08:00:34,91282CLD1,TSRYS5850288,D,S,C,2024-08-21,1000000.00,3.727971,102.40625
08:00:34,91282CLD1,TSRYS5850288,D,S,C,2024-08-21,1000000.00,3.730194,102.392578125
08:00:34,91282CLD1,TSRYS5850288,D,S,C,2024-08-21,1000000.00,3.730194,102.392578125
08:00:37,91282CLD1,TSRYS5850288,D,B,A,2024-08-21,195000.00,3.735595,102.359375
08:00:39,91282CLD1,TSRYS5850288,D,S,T,2024-08-21,1000000.00,3.723209,102.435546875
08:00:40,91282CLD1,TSRYS5850288,D,S,T,2024-08-21,1000000.00,3.729242,102.3984375
08:00:40,91282CLD1,TSRYS5850288,D,S,T,2024-08-21,1000000.00,3.729242,102.3984375
08:00:40,91282CLD1,TSRYS5850288,D,S,T,2024-08-21,1000000.00,3.729242,102.3984375
08:00:40,91282CLD1,TSRYS5850288,D,S,T,2024-08-21,1000000.00,3.729242,102.3984375
08:00:40,91282CLD1,TSRYS5850288,D,S,T,2024-08-21,1000000.00,3.729242,102.3984375
08:00:40,91282CLD1,TSRYS5850288,D,S,T,2024-08-21,1000000.00,3.729242,102.3984375
08:00:40,91282CLD1,TSRYS5850288,D,S,T,2024-08-21,1000000.00,3.729242,102.3984375
08:00:40,91282CLD1,TSRYS5850288,D,S,T,2024-08-21,1000000.00,3.724479,102.427734375
08:00:40,91282CLD1,TSRYS5850288,D,S,T,2024-08-21,1000000.00,3.721939,102.443359375
08:00:40,91282CLD1,TSRYS5850288,D,S,T,2024-08-21,1000000.00,3.721939,102.443359375
08:00:40,91282CLD1,TSRYS5850288,D,S,T,2024-08-21,1000000.00,3.721939,102.443359375
08:00:40,91282CLD1,TSRYS5850288,D,S,T,2024-08-21,1000000.00,3.721939,102.443359375
08:00:40,91282CLD1,TSRYS5850288,D,S,T,2024-08-21,1000000.00,3.721939,102.443359375
08:00:40,91282CLD1,TSRYS5850288,D,S,T,2024-08-21,1000000.00,3.721939,102.443359375
08:00:40,91282CLD1,TSRYS5850288,D,S,T,2024-08-21,1000000.00,3.721939,102.443359375
08:00:40,91282CLD1,TSRYS5850288,D,S,T,2024-08-21,1000000.00,3.721939,102.443359375
08:00:40,91282CLD1,TSRYS5850288,D,S,C,2024-08-21,1020000.00,3.733053,102.375
08:00:40,91282CLD1,TSRYS5850288,D,S,D,2024-08-21,1000000.00,3.724161,102.4296875
08:00:41,91282CLD1,TSRYS5850288,D,S,D,2024-08-21,1000000.00,3.721622,102.4453125
08:00:41,91282CLD1,TSRYS5850288,D,S,T,2024-08-21,1000000.00,3.721622,102.4453125
08:00:41,91282CLD1,TSRYS5850288,D,S,D,2024-08-21,1000000.00,3.733053,102.375
08:00:41,91282CLD1,TSRYS5850288,D,B,C,2024-08-21,1940000.00,3.732418,102.37890625
08:00:41,91282CLD1,TSRYS5850288,D,S,T,2024-08-21,1000000.00,3.729242,102.3984375
08:00:41,91282CLD1,TSRYS5850288,D,S,T,2024-08-21,1000000.00,3.729242,102.3984375
08:00:41,91282CLD1,TSRYS5850288,D,S,T,2024-08-21,4000000.00,3.729559,102.396484375
08:00:41,91282CLD1,TSRYS5850288,D,S,T,2024-08-21,6000000.00,3.729559,102.396484375
08:00:41,91282CLD1,TSRYS5850288,D,S,T,2024-08-21,1000000.00,3.729242,102.3984375
08:00:41,91282CLD1,TSRYS5850288,D,S,T,2024-08-21,1000000.00,3.729242,102.3984375
08:00:41,91282CLD1,TSRYS5850288,D,S,T,2024-08-21,1000000.00,3.730512,102.390625
08:00:41,91282CLD1,TSRYS5850288,D,S,T,2024-08-21,1000000.00,3.730512,102.390625
08:00:41,91282CLD1,TSRYS5850288,D,S,T,2024-08-21,1000000.00,3.729242,102.3984375
08:00:41,91282CLD1,TSRYS5850288,D,B,C,2024-08-21,9700000.00,3.731783,102.3828125
08:00:41,91282CLD1,TSRYS5850288,D,S,T,2024-08-21,1000000.00,3.733053,102.375
08:00:41,91282CLD1,TSRYS5850288,D,S,C,2024-08-21,5000000.00,3.733688,102.37109375
08:00:41,91282CLD1,TSRYS5850288,D,S,C,2024-08-21,23600000.00,3.733053,102.375
08:00:41,91282CLD1,TSRYS5850288,D,S,D,2024-08-21,1000000.00,3.729242,102.3984375
08:00:41,91282CLD1,TSRYS5850288,D,S,C,2024-08-21,8721000.00,3.727336,102.41015625
08:00:41,91282CLD1,TSRYS5850288,D,S,C,2024-08-21,2800000.00,3.728607,102.40234375
08:00:41,91282CLD1,TSRYS5850288,D,S,C,2024-08-21,4700000.00,3.728607,102.40234375
08:00:42,91282CLD1,TSRYS5850288,D,S,T,2024-08-21,12650000.00,3.835067,101.75
08:00:42,91282CLD1,TSRYS5850288,D,S,T,2024-08-21,13550000.00,3.835067,101.75
08:00:43,91282CLD1,TSRYS5850288,D,S,T,2024-08-21,1000000.00,3.727971,102.40625
08:00:43,91282CLD1,TSRYS5850288,D,S,D,2024-08-21,2000000.00,3.729242,102.3984375
08:00:43,91282CLD1,TSRYS5850288,D,S,D,2024-08-21,2000000.00,3.729242,102.3984375
08:00:43,91282CLD1,TSRYS5850288,D,S,T,2024-08-21,1000000.00,3.727971,102.40625
08:00:45,91282CLD1,TSRYS5850288,D,S,D,2024-08-21,750000.00,3.732418,102.37890625
08:00:46,91282CLD1,TSRYS5850288,D,S,T,2024-08-21,1000000.00,3.727336,102.41015625
08:00:46,91282CLD1,TSRYS5850288,D,S,D,2024-08-21,23000000.00,3.733582,102.37175
08:00:46,91282CLD1,TSRYS5850288,D,S,D,2024-08-21,2500000.00,3.731783,102.3828125
08:00:46,91282CLD1,TSRYS5850288,D,S,T,2024-08-21,1000000.00,3.727336,102.41015625
08:00:46,91282CLD1,TSRYS5850288,D,S,D,2024-08-21,2000000.00,3.727971,102.40625
08:00:46,91282CLD1,TSRYS5850288,D,S,D,2024-08-21,2000000.00,3.728607,102.40234375
08:00:47,91282CLD1,TSRYS5850288,D,S,D,2024-08-21,2000000.00,3.728289,102.404296875
08:00:47,91282CLD1,TSRYS5850288,D,S,D,2024-08-21,2000000.00,3.728289,102.404296875
08:00:47,91282CLD1,TSRYS5850288,D,S,D,2024-08-21,1000000.00,3.728289,102.404296875
08:00:48,91282CLD1,TSRYS5850288,D,S,T,2024-08-21,1000000.00,3.727971,102.40625
08:00:48,91282CLD1,TSRYS5850288,D,S,T,2024-08-21,1000000.00,3.727971,102.40625
08:00:48,91282CLD1,TSRYS5850288,D,S,T,2024-08-21,1000000.00,3.727971,102.40625
08:00:49,91282CLD1,TSRYS5850288,D,S,T,2024-08-21,1000000.00,3.727971,102.40625
08:00:49,91282CLD1,TSRYS5850288,D,S,T,2024-08-21,1000000.00,3.727971,102.40625
08:00:49,91282CLD1,TSRYS5850288,D,S,T,2024-08-21,1000000.00,3.727971,102.40625
08:00:49,91282CLD1,TSRYS5850288,D,S,T,2024-08-21,1000000.00,3.727971,102.40625
08:00:50,91282CLD1,TSRYS5850288,D,S,D,2024-08-21,1000000.00,3.727336,102.41015625
08:00:50,91282CLD1,TSRYS5850288,D,S,T,2024-08-21,1000000.00,3.727971,102.40625
08:00:50,91282CLD1,TSRYS5850288,D,S,T,2024-08-21,1000000.00,3.727971,102.40625
08:00:50,91282CLD1,TSRYS5850288,D,S,T,2024-08-21,9050000.00,3.835067,101.75
08:00:50,91282CLD1,TSRYS5850288,D,S,T,2024-08-21,1000000.00,3.727971,102.40625
08:00:50,91282CLD1,TSRYS5850288,D,B,C,2024-08-21,1000000.00,3.727336,102.41015625
08:00:50,91282CLD1,TSRYS5850288,D,S,T,2024-08-21,1000000.00,3.727971,102.40625
08:00:50,91282CLD1,TSRYS5850288,D,S,T,2024-08-21,1000000.00,3.727971,102.40625
08:00:50,91282CLD1,TSRYS5850288,D,S,D,2024-08-21,1000000.00,3.727336,102.41015625
08:00:51,91282CLD1,TSRYS5850288,D,S,T,2024-08-21,1000000.00,3.727971,102.40625
08:00:51,91282CLD1,TSRYS5850288,D,S,T,2024-08-21,1000000.00,3.727971,102.40625
08:00:51,91282CLD1,TSRYS5850288,D,S,T,2024-08-21,1000000.00,3.727971,102.40625
08:00:51,91282CLD1,TSRYS5850288,D,S,T,2024-08-21,1000000.00,3.727971,102.40625
08:00:52,91282CLD1,TSRYS5850288,D,S,T,2024-08-21,1000000.00,3.727971,102.40625
08:00:52,91282CLD1,TSRYS5850288,D,S,T,2024-08-21,1000000.00,3.727971,102.40625
08:00:52,91282CLD1,TSRYS5850288,D,S,T,2024-08-21,1000000.00,3.727971,102.40625
08:00:52,91282CLD1,TSRYS5850288,D,S,T,2024-08-21,1000000.00,3.727971,102.40625
08:00:52,91282CLD1,TSRYS5850288,D,S,D,2024-08-21,2000000.00,3.729559,102.396484375
08:00:52,91282CLD1,TSRYS5850288,D,S,T,2024-08-21,1000000.00,3.727971,102.40625
08:00:52,91282CLD1,TSRYS5850288,D,S,D,2024-08-21,2000000.00,3.729559,102.396484375
08:00:53,91282CLD1,TSRYS5850288,D,S,T,2024-08-21,1000000.00,3.727971,102.40625
08:00:53,91282CLD1,TSRYS5850288,D,S,T,2024-08-21,1000000.00,3.727971,102.40625
08:00:53,91282CLD1,TSRYS5850288,D,S,T,2024-08-21,1000000.00,3.727971,102.40625
08:00:53,91282CLD1,TSRYS5850288,D,S,T,2024-08-21,1000000.00,3.727971,102.40625
08:00:53,91282CLD1,TSRYS5850288,D,S,T,2024-08-21,1000000.00,3.727971,102.40625
08:00:54,91282CLD1,TSRYS5850288,D,S,T,2024-08-21,1000000.00,3.727971,102.40625
08:00:54,91282CLD1,TSRYS5850288,D,S,D,2024-08-21,750000.00,3.733053,102.375
08:00:54,91282CLD1,TSRYS5850288,D,S,T,2024-08-21,1000000.00,3.727971,102.40625
08:00:54,91282CLD1,TSRYS5850288,D,S,D,2024-08-21,1000000.00,3.731783,102.3828125
08:00:54,91282CLD1,TSRYS5850288,D,S,T,2024-08-21,1000000.00,3.727971,102.40625
08:00:54,91282CLD1,TSRYS5850288,D,S,T,2024-08-21,1000000.00,3.727971,102.40625
08:00:54,91282CLD1,TSRYS5850288,D,S,T,2024-08-21,1000000.00,3.727971,102.40625
08:00:54,91282CLD1,TSRYS5850288,D,S,T,2024-08-21,1000000.00,3.724796,102.42578125
08:00:54,91282CLD1,TSRYS5850288,D,S,T,2024-08-21,1000000.00,3.724796,102.42578125
08:00:55,91282CLD1,TSRYS5850288,D,S,T,2024-08-21,1000000.00,3.727971,102.40625
08:00:55,91282CLD1,TSRYS5850288,D,S,T,2024-08-21,1000000.00,3.727971,102.40625
08:00:55,91282CLD1,TSRYS5850288,D,S,T,2024-08-21,1000000.00,3.727971,102.40625
08:00:55,91282CLD1,TSRYS5850288,D,S,T,2024-08-21,1000000.00,3.727336,102.41015625
08:00:55,91282CLD1,TSRYS5850288,D,S,D,2024-08-21,1000000.00,3.729877,102.39453125
08:00:55,91282CLD1,TSRYS5850288,D,S,D,2024-08-21,1000000.00,3.728289,102.404296875
08:00:55,91282CLD1,TSRYS5850288,D,S,T,2024-08-21,1000000.00,3.727971,102.40625
08:00:55,91282CLD1,TSRYS5850288,D,S,T,2024-08-21,1000000.00,3.727971,102.40625
08:00:56,91282CLD1,TSRYS5850288,D,S,T,2024-08-21,1000000.00,3.727971,102.40625
08:00:56,91282CLD1,TSRYS5850288,D,S,T,2024-08-21,1000000.00,3.727971,102.40625
08:00:56,91282CLD1,TSRYS5850288,D,S,T,2024-08-21,1000000.00,3.727971,102.40625
08:00:56,91282CLD1,TSRYS5850288,D,S,T,2024-08-21,1000000.00,3.727971,102.40625
08:00:56,91282CLD1,TSRYS5850288,D,S,T,2024-08-21,1000000.00,3.727971,102.40625
08:01:02,91282CLD1,TSRYS5850288,D,S,T,2024-08-21,1000000.00,3.727971,102.40625
08:01:02,91282CLD1,TSRYS5850288,D,S,T,2024-08-21,1000000.00,3.727971,102.40625
08:01:02,91282CLD1,TSRYS5850288,D,B,C,2024-08-21,1000000.00,3.7102,102.515625
08:01:02,91282CLD1,TSRYS5850288,D,S,D,2024-08-21,1000000.00,3.7102,102.515625
08:01:02,91282CLD1,TSRYS5850288,D,B,C,2024-08-21,1000000.00,3.709883,102.517578125
08:01:02,91282CLD1,TSRYS5850288,D,S,D,2024-08-21,1000000.00,3.709883,102.517578125
08:01:02,91282CLD1,TSRYS5850288,D,B,C,2024-08-21,1000000.00,3.709883,102.517578125
08:01:02,91282CLD1,TSRYS5850288,D,S,D,2024-08-21,1000000.00,3.709883,102.517578125
08:01:02,91282CLD1,TSRYS5850288,D,B,C,2024-08-21,1000000.00,3.709566,102.51953125
08:01:02,91282CLD1,TSRYS5850288,D,S,D,2024-08-21,1000000.00,3.709566,102.51953125
08:01:02,91282CLD1,TSRYS5850288,D,B,C,2024-08-21,1000000.00,3.708297,102.52734375
08:01:02,91282CLD1,TSRYS5850288,D,S,D,2024-08-21,1000000.00,3.708297,102.52734375
08:01:02,91282CLD1,TSRYS5850288,D,S,T,2024-08-21,1000000.00,3.727971,102.40625
08:01:02,91282CLD1,TSRYS5850288,D,S,T,2024-08-21,1000000.00,3.727971,102.40625
08:01:02,91282CLD1,TSRYS5850288,D,B,A,2024-08-21,3000000.00,3.728607,102.40234375
08:01:03,91282CLD1,TSRYS5850288,D,S,T,2024-08-21,1000000.00,3.727971,102.40625
08:01:03,91282CLD1,TSRYS5850288,D,S,T,2024-08-21,1000000.00,3.727971,102.40625
08:01:03,91282CLD1,TSRYS5850288,D,S,T,2024-08-21,1000000.00,3.727971,102.40625
08:01:03,91282CLD1,TSRYS5850288,D,S,C,2024-08-21,1000000.00,3.7102,102.515625
08:01:03,91282CLD1,TSRYS5850288,D,B,C,2024-08-21,1000000.00,3.7102,102.515625
08:01:03,91282CLD1,TSRYS5850288,D,S,C,2024-08-21,1000000.00,3.712737,102.5
08:01:03,91282CLD1,TSRYS5850288,D,B,C,2024-08-21,1000000.00,3.717814,102.46875
08:01:03,91282CLD1,TSRYS5850288,D,S,D,2024-08-21,1000000.00,3.717814,102.46875
08:01:03,91282CLD1,TSRYS5850288,D,S,D,2024-08-21,1000000.00,3.720035,102.455078125
08:01:03,91282CLD1,TSRYS5850288,D,B,C,2024-08-21,1000000.00,3.714641,102.48828125
08:01:03,91282CLD1,TSRYS5850288,D,B,C,2024-08-21,1000000.00,3.720035,102.455078125
08:01:03,91282CLD1,TSRYS5850288,D,B,C,2024-08-21,1000000.00,3.714641,102.48828125
08:01:03,91282CLD1,TSRYS5850288,D,B,C,2024-08-21,1000000.00,3.712737,102.5
08:01:03,91282CLD1,TSRYS5850288,D,S,D,2024-08-21,1000000.00,3.714641,102.48828125
08:01:03,91282CLD1,TSRYS5850288,D,S,D,2024-08-21,1000000.00,3.71242,102.501953125
08:01:03,91282CLD1,TSRYS5850288,D,S,D,2024-08-21,1000000.00,3.712737,102.5
08:01:03,91282CLD1,TSRYS5850288,D,S,D,2024-08-21,1000000.00,3.714641,102.48828125
08:01:04,91282CLD1,TSRYS5850288,D,S,T,2024-08-21,1000000.00,3.726701,102.4140625
08:01:04,91282CLD1,TSRYS5850288,D,S,D,2024-08-21,2000000.00,3.724161,102.4296875
08:01:04,91282CLD1,TSRYS5850288,D,S,C,2024-08-21,1000000.00,3.724161,102.4296875
08:01:04,91282CLD1,TSRYS5850288,D,B,C,2024-08-21,2000000.00,3.724161,102.4296875
08:01:04,91282CLD1,TSRYS5850288,D,S,D,2024-08-21,1000000.00,3.721939,102.443359375
08:01:04,91282CLD1,TSRYS5850288,D,B,C,2024-08-21,1000000.00,3.721939,102.443359375
08:01:04,91282CLD1,TSRYS5850288,D,S,D,2024-08-21,1000000.00,3.723527,102.43359375
08:01:04,91282CLD1,TSRYS5850288,D,B,C,2024-08-21,1000000.00,3.723527,102.43359375
08:01:04,91282CLD1,TSRYS5850288,D,S,D,2024-08-21,1000000.00,3.723527,102.43359375
08:01:04,91282CLD1,TSRYS5850288,D,B,C,2024-08-21,1000000.00,3.723527,102.43359375
08:01:04,91282CLD1,TSRYS5850288,D,S,T,2024-08-21,1000000.00,3.726701,102.4140625
08:01:04,91282CLD1,TSRYS5850288,D,B,C,2024-08-21,1000000.00,3.724161,102.4296875
08:01:04,91282CLD1,TSRYS5850288,D,B,C,2024-08-21,1000000.00,3.724161,102.4296875
08:01:04,91282CLD1,TSRYS5850288,D,S,D,2024-08-21,1000000.00,3.724161,102.4296875
08:01:04,91282CLD1,TSRYS5850288,D,B,C,2024-08-21,1000000.00,3.724161,102.4296875
08:01:04,91282CLD1,TSRYS5850288,D,S,C,2024-08-21,1000000.00,3.723844,102.431640625
08:01:04,91282CLD1,TSRYS5850288,D,S,D,2024-08-21,1000000.00,3.724161,102.4296875
08:01:04,91282CLD1,TSRYS5850288,D,S,D,2024-08-21,1000000.00,3.724161,102.4296875
08:01:04,91282CLD1,TSRYS5850288,D,S,D,2024-08-21,1000000.00,3.724479,102.427734375
08:01:04,91282CLD1,TSRYS5850288,D,S,D,2024-08-21,1000000.00,3.728924,102.400390625
08:01:04,91282CLD1,TSRYS5850288,D,B,C,2024-08-21,1000000.00,3.724479,102.427734375
08:01:04,91282CLD1,TSRYS5850288,D,S,D,2024-08-21,1000000.00,3.727971,102.40625
08:01:04,91282CLD1,TSRYS5850288,D,S,D,2024-08-21,1000000.00,3.727971,102.40625
08:01:04,91282CLD1,TSRYS5850288,D,S,D,2024-08-21,1000000.00,3.727971,102.40625
08:01:04,91282CLD1,TSRYS5850288,D,B,C,2024-08-21,1000000.00,3.727971,102.40625
08:01:04,91282CLD1,TSRYS5850288,D,S,T,2024-08-21,1000000.00,3.726701,102.4140625
08:01:04,91282CLD1,TSRYS5850288,D,B,C,2024-08-21,1000000.00,3.727971,102.40625
08:01:04,91282CLD1,TSRYS5850288,D,S,D,2024-08-21,1000000.00,3.727971,102.40625
08:01:04,91282CLD1,TSRYS5850288,D,B,C,2024-08-21,1000000.00,3.727971,102.40625
08:01:04,91282CLD1,TSRYS5850288,D,S,C,2024-08-21,1000000.00,3.727971,102.40625
08:01:04,91282CLD1,TSRYS5850288,D,S,D,2024-08-21,1000000.00,3.727971,102.40625
08:01:04,91282CLD1,TSRYS5850288,D,S,D,2024-08-21,1000000.00,3.727971,102.40625
08:01:04,91282CLD1,TSRYS5850288,D,B,C,2024-08-21,1000000.00,3.727971,102.40625
08:01:04,91282CLD1,TSRYS5850288,D,S,D,2024-08-21,1000000.00,3.727971,102.40625
08:01:04,91282CLD1,TSRYS5850288,D,B,C,2024-08-21,1000000.00,3.727971,102.40625
08:01:04,91282CLD1,TSRYS5850288,D,S,C,2024-08-21,1000000.00,3.727971,102.40625
08:01:04,91282CLD1,TSRYS5850288,D,B,C,2024-08-21,1000000.00,3.727971,102.40625
08:01:04,91282CLD1,TSRYS5850288,D,S,D,2024-08-21,1000000.00,3.727971,102.40625
08:01:04,91282CLD1,TSRYS5850288,D,B,C,2024-08-21,1000000.00,3.727971,102.40625
08:01:04,91282CLD1,TSRYS5850288,D,B,C,2024-08-21,1000000.00,3.727971,102.40625
08:01:04,91282CLD1,TSRYS5850288,D,B,C,2024-08-21,1000000.00,3.727971,102.40625
08:01:04,91282CLD1,TSRYS5850288,D,S,D,2024-08-21,1000000.00,3.727971,102.40625
08:01:04,91282CLD1,TSRYS5850288,D,S,D,2024-08-21,1000000.00,3.727971,102.40625
08:01:04,91282CLD1,TSRYS5850288,D,S,D,2024-08-21,1000000.00,3.727971,102.40625
08:01:04,91282CLD1,TSRYS5850288,D,B,C,2024-08-21,1000000.00,3.727971,102.40625
08:01:04,91282CLD1,TSRYS5850288,D,B,C,2024-08-21,1000000.00,3.727971,102.40625
08:01:04,91282CLD1,TSRYS5850288,D,S,D,2024-08-21,1000000.00,3.727971,102.40625
08:01:04,91282CLD1,TSRYS5850288,D,S,D,2024-08-21,1000000.00,3.727971,102.40625
08:01:04,91282CLD1,TSRYS5850288,D,B,C,2024-08-21,1000000.00,3.727971,102.40625
08:01:04,91282CLD1,TSRYS5850288,D,B,C,2024-08-21,1000000.00,3.727971,102.40625
08:01:04,91282CLD1,TSRYS5850288,D,S,D,2024-08-21,1000000.00,3.727971,102.40625
08:01:04,91282CLD1,TSRYS5850288,D,S,D,2024-08-21,1000000.00,3.727971,102.40625
08:01:04,91282CLD1,TSRYS5850288,D,B,C,2024-08-21,1000000.00,3.727971,102.40625
08:01:04,91282CLD1,TSRYS5850288,D,B,C,2024-08-21,1000000.00,3.727971,102.40625
08:01:04,91282CLD1,TSRYS5850288,D,S,C,2024-08-21,1000000.00,3.727971,102.40625
08:01:04,91282CLD1,TSRYS5850288,D,B,C,2024-08-21,1000000.00,3.727971,102.40625
08:01:04,91282CLD1,TSRYS5850288,D,B,C,2024-08-21,1000000.00,3.727971,102.40625
08:01:04,91282CLD1,TSRYS5850288,D,S,D,2024-08-21,1000000.00,3.727971,102.40625
08:01:04,91282CLD1,TSRYS5850288,D,S,D,2024-08-21,2000000.00,3.725431,102.421875
08:01:04,91282CLD1,TSRYS5850288,D,S,T,2024-08-21,1000000.00,3.726701,102.4140625
08:01:04,91282CLD1,TSRYS5850288,D,B,C,2024-08-21,1000000.00,3.727971,102.40625
08:01:04,91282CLD1,TSRYS5850288,D,B,C,2024-08-21,1000000.00,3.727971,102.40625
08:01:04,91282CLD1,TSRYS5850288,D,B,C,2024-08-21,2000000.00,3.725431,102.421875
08:01:04,91282CLD1,TSRYS5850288,D,S,D,2024-08-21,2000000.00,3.723844,102.431640625
08:01:04,91282CLD1,TSRYS5850288,D,B,C,2024-08-21,2000000.00,3.723844,102.431640625
08:01:04,91282CLD1,TSRYS5850288,D,S,D,2024-08-21,2000000.00,3.723527,102.43359375
08:01:04,91282CLD1,TSRYS5850288,D,S,D,2024-08-21,1000000.00,3.724161,102.4296875
08:01:04,91282CLD1,TSRYS5850288,D,B,C,2024-08-21,2000000.00,3.723527,102.43359375
08:01:04,91282CLD1,TSRYS5850288,D,B,C,2024-08-21,1000000.00,3.724161,102.4296875
08:01:04,91282CLD1,TSRYS5850288,D,S,D,2024-08-21,1000000.00,3.721305,102.447265625
08:01:05,91282CLD1,TSRYS5850288,D,S,T,2024-08-21,1000000.00,3.726701,102.4140625
08:01:05,91282CLD1,TSRYS5850288,D,S,C,2024-08-21,1000000.00,3.712737,102.5
08:01:05,91282CLD1,TSRYS5850288,D,S,T,2024-08-21,1000000.00,3.726701,102.4140625
08:01:05,91282CLD1,TSRYS5850288,D,S,D,2024-08-21,1000000.00,3.719718,102.45703125
08:01:05,91282CLD1,TSRYS5850288,D,B,C,2024-08-21,1000000.00,3.719718,102.45703125
08:01:05,91282CLD1,TSRYS5850288,D,S,C,2024-08-21,1000000.00,3.727654,102.408203125
08:01:05,91282CLD1,TSRYS5850288,D,S,C,2024-08-21,1000000.00,3.726384,102.416015625
08:01:05,91282CLD1,TSRYS5850288,D,S,C,2024-08-21,1000000.00,3.726384,102.416015625
08:01:05,91282CLD1,TSRYS5850288,D,S,C,2024-08-21,1000000.00,3.726384,102.416015625
08:01:05,91282CLD1,TSRYS5850288,D,S,T,2024-08-21,1000000.00,3.726701,102.4140625
08:01:05,91282CLD1,TSRYS5850288,D,S,C,2024-08-21,1000000.00,3.726384,102.416015625
08:01:05,91282CLD1,TSRYS5850288,D,S,C,2024-08-21,1000000.00,3.726701,102.4140625
08:01:05,91282CLD1,TSRYS5850288,D,S,D,2024-08-21,1000000.00,3.714641,102.48828125
08:01:05,91282CLD1,TSRYS5850288,D,B,C,2024-08-21,1000000.00,3.714641,102.48828125
08:01:05,91282CLD1,TSRYS5850288,D,S,D,2024-08-21,1000000.00,3.714641,102.48828125
08:01:05,91282CLD1,TSRYS5850288,D,B,C,2024-08-21,1000000.00,3.714641,102.48828125
08:01:05,91282CLD1,TSRYS5850288,D,S,T,2024-08-21,1000000.00,3.726701,102.4140625
08:01:05,91282CLD1,TSRYS5850288,D,S,C,2024-08-21,1000000.00,3.727019,102.412109375
08:01:05,91282CLD1,TSRYS5850288,D,S,C,2024-08-21,1000000.00,3.727019,102.412109375
08:01:05,91282CLD1,TSRYS5850288,D,S,D,2024-08-21,1000000.00,3.714958,102.486328125
08:01:05,91282CLD1,TSRYS5850288,D,S,C,2024-08-21,2000000.00,3.725431,102.421875
08:01:05,91282CLD1,TSRYS5850288,D,S,C,2024-08-21,1000000.00,3.725431,102.421875
08:01:05,91282CLD1,TSRYS5850288,D,B,C,2024-08-21,1000000.00,3.727019,102.412109375
08:01:05,91282CLD1,TSRYS5850288,D,S,D,2024-08-21,1000000.00,3.727019,102.412109375
08:01:05,91282CLD1,TSRYS5850288,D,S,C,2024-08-21,1000000.00,3.727336,102.41015625
08:01:05,91282CLD1,TSRYS5850288,D,B,C,2024-08-21,1000000.00,3.727336,102.41015625
08:01:05,91282CLD1,TSRYS5850288,D,S,C,2024-08-21,1000000.00,3.727336,102.41015625
08:01:05,91282CLD1,TSRYS5850288,D,B,C,2024-08-21,1000000.00,3.727336,102.41015625
08:01:05,91282CLD1,TSRYS5850288,D,B,C,2024-08-21,1000000.00,3.727336,102.41015625
08:01:05,91282CLD1,TSRYS5850288,D,S,D,2024-08-21,1000000.00,3.727336,102.41015625
08:01:05,91282CLD1,TSRYS5850288,D,B,C,2024-08-21,1000000.00,3.727336,102.41015625
08:01:05,91282CLD1,TSRYS5850288,D,B,C,2024-08-21,1000000.00,3.727336,102.41015625
08:01:05,91282CLD1,TSRYS5850288,D,S,D,2024-08-21,1000000.00,3.727336,102.41015625
08:01:05,91282CLD1,TSRYS5850288,D,S,T,2024-08-21,1000000.00,3.726701,102.4140625
08:01:05,91282CLD1,TSRYS5850288,D,S,D,2024-08-21,1000000.00,3.727336,102.41015625
08:01:05,91282CLD1,TSRYS5850288,D,B,C,2024-08-21,1000000.00,3.727336,102.41015625
08:01:05,91282CLD1,TSRYS5850288,D,B,C,2024-08-21,1000000.00,3.727336,102.41015625
08:01:05,91282CLD1,TSRYS5850288,D,S,D,2024-08-21,1000000.00,3.714641,102.48828125
08:01:05,91282CLD1,TSRYS5850288,D,S,D,2024-08-21,1000000.00,3.714641,102.48828125
08:01:05,91282CLD1,TSRYS5850288,D,S,D,2024-08-21,1000000.00,3.727336,102.41015625
08:01:05,91282CLD1,TSRYS5850288,D,S,D,2024-08-21,1000000.00,3.727336,102.41015625
08:01:05,91282CLD1,TSRYS5850288,D,B,C,2024-08-21,1000000.00,3.727336,102.41015625
08:01:05,91282CLD1,TSRYS5850288,D,S,D,2024-08-21,1000000.00,3.727336,102.41015625
08:01:05,91282CLD1,TSRYS5850288,D,B,C,2024-08-21,1000000.00,3.727336,102.41015625
08:01:06,91282CLD1,TSRYS5850288,D,S,D,2024-08-21,1000000.00,3.727336,102.41015625
08:01:06,91282CLD1,TSRYS5850288,D,B,C,2024-08-21,1000000.00,3.727336,102.41015625
08:01:06,91282CLD1,TSRYS5850288,D,S,D,2024-08-21,1000000.00,3.727336,102.41015625
08:01:06,91282CLD1,TSRYS5850288,D,S,D,2024-08-21,1000000.00,3.714641,102.48828125
08:01:06,91282CLD1,TSRYS5850288,D,S,D,2024-08-21,1000000.00,3.714641,102.48828125
08:01:06,91282CLD1,TSRYS5850288,D,S,C,2024-08-21,1000000.00,3.724161,102.4296875
08:01:06,91282CLD1,TSRYS5850288,D,S,D,2024-08-21,1000000.00,3.724161,102.4296875
08:01:06,91282CLD1,TSRYS5850288,D,S,T,2024-08-21,1000000.00,3.726701,102.4140625
08:01:06,91282CLD1,TSRYS5850288,D,S,C,2024-08-21,1000000.00,3.726701,102.4140625
08:01:06,91282CLD1,TSRYS5850288,D,S,T,2024-08-21,1000000.00,3.726701,102.4140625
08:01:06,91282CLD1,TSRYS5850288,D,S,C,2024-08-21,1000000.00,3.726384,102.416015625
08:01:06,91282CLD1,TSRYS5850288,D,S,C,2024-08-21,1000000.00,3.727019,102.412109375
08:01:06,91282CLD1,TSRYS5850288,D,S,T,2024-08-21,1000000.00,3.726701,102.4140625
08:01:06,91282CLD1,TSRYS5850288,D,S,C,2024-08-21,1000000.00,3.729242,102.3984375
08:01:06,91282CLD1,TSRYS5850288,D,S,C,2024-08-21,1000000.00,3.727019,102.412109375
08:01:06,91282CLD1,TSRYS5850288,D,S,C,2024-08-21,1000000.00,3.727019,102.412109375
08:01:06,91282CLD1,TSRYS5850288,D,S,C,2024-08-21,1000000.00,3.727019,102.412109375
08:01:06,91282CLD1,TSRYS5850288,D,S,C,2024-08-21,1000000.00,3.728607,102.40234375
08:01:06,91282CLD1,TSRYS5850288,D,S,D,2024-08-21,2000000.00,3.729242,102.3984375
08:01:06,91282CLD1,TSRYS5850288,D,S,C,2024-08-21,1000000.00,3.728607,102.40234375
08:01:06,91282CLD1,TSRYS5850288,D,S,D,2024-08-21,2000000.00,3.729242,102.3984375
08:01:06,91282CLD1,TSRYS5850288,D,S,C,2024-08-21,1000000.00,3.729242,102.3984375
08:01:06,91282CLD1,TSRYS5850288,D,S,C,2024-08-21,2000000.00,3.729559,102.396484375
08:01:06,91282CLD1,TSRYS5850288,D,S,C,2024-08-21,1000000.00,3.727654,102.408203125
08:01:06,91282CLD1,TSRYS5850288,D,S,C,2024-08-21,1000000.00,3.727336,102.41015625
08:01:06,91282CLD1,TSRYS5850288,D,S,D,2024-08-21,1000000.00,3.726701,102.4140625
08:01:06,91282CLD1,TSRYS5850288,D,S,D,2024-08-21,1000000.00,3.726701,102.4140625
08:01:06,91282CLD1,TSRYS5850288,D,S,C,2024-08-21,1000000.00,3.724161,102.4296875
08:01:06,91282CLD1,TSRYS5850288,D,S,T,2024-08-21,1000000.00,3.726701,102.4140625
08:01:06,91282CLD1,TSRYS5850288,D,S,D,2024-08-21,1000000.00,3.721622,102.4453125
08:01:07,91282CLD1,TSRYS5850288,D,S,D,2024-08-21,2000000.00,3.729242,102.3984375
08:01:07,91282CLD1,TSRYS5850288,D,S,D,2024-08-21,2000000.00,3.729242,102.3984375
08:01:07,91282CLD1,TSRYS5850288,D,S,T,2024-08-21,1000000.00,3.726701,102.4140625
08:01:07,91282CLD1,TSRYS5850288,D,S,D,2024-08-21,2000000.00,3.735595,102.359375
08:01:07,91282CLD1,TSRYS5850288,D,S,D,2024-08-21,1000000.00,3.7321,102.380859375
08:01:07,91282CLD1,TSRYS5850288,D,B,C,2024-08-21,1000000.00,3.7321,102.380859375
08:01:07,91282CLD1,TSRYS5850288,D,S,T,2024-08-21,1000000.00,3.726701,102.4140625
08:01:07,91282CLD1,TSRYS5850288,D,S,C,2024-08-21,1000000.00,3.715275,102.484375
08:01:07,91282CLD1,TSRYS5850288,D,S,C,2024-08-21,1000000.00,3.714958,102.486328125
08:01:07,91282CLD1,TSRYS5850288,D,S,D,2024-08-21,1000000.00,3.716862,102.474609375
08:01:07,91282CLD1,TSRYS5850288,D,B,C,2024-08-21,1000000.00,3.716862,102.474609375
08:01:07,91282CLD1,TSRYS5850288,D,S,T,2024-08-21,1000000.00,3.726701,102.4140625
08:01:07,91282CLD1,TSRYS5850288,D,S,D,2024-08-21,1000000.00,3.7194,102.458984375
08:01:07,91282CLD1,TSRYS5850288,D,B,C,2024-08-21,1000000.00,3.7194,102.458984375
08:01:07,91282CLD1,TSRYS5850288,D,S,C,2024-08-21,1000000.00,3.733053,102.375
08:01:07,91282CLD1,TSRYS5850288,D,S,C,2024-08-21,1000000.00,3.734006,102.369140625
08:01:07,91282CLD1,TSRYS5850288,D,S,C,2024-08-21,1000000.00,3.735277,102.361328125
08:01:07,91282CLD1,TSRYS5850288,D,B,C,2024-08-21,1000000.00,3.735277,102.361328125
08:01:07,91282CLD1,TSRYS5850288,D,B,C,2024-08-21,1000000.00,3.735277,102.361328125
08:01:07,91282CLD1,TSRYS5850288,D,S,D,2024-08-21,1000000.00,3.735277,102.361328125
08:01:07,91282CLD1,TSRYS5850288,D,S,C,2024-08-21,1000000.00,3.735277,102.361328125
08:01:07,91282CLD1,TSRYS5850288,D,S,C,2024-08-21,1000000.00,3.736548,102.353515625
08:01:07,91282CLD1,TSRYS5850288,D,B,C,2024-08-21,1000000.00,3.727971,102.40625
08:01:07,91282CLD1,TSRYS5850288,D,S,D,2024-08-21,1000000.00,3.727971,102.40625
08:01:07,91282CLD1,TSRYS5850288,D,S,T,2024-08-21,1000000.00,3.726701,102.4140625
08:01:08,91282CLD1,TSRYS5850288,D,S,D,2024-08-21,2000000.00,3.729559,102.396484375
08:01:08,91282CLD1,TSRYS5850288,D,S,D,2024-08-21,2000000.00,3.729559,102.396484375
08:01:08,91282CLD1,TSRYS5850288,D,S,D,2024-08-21,1000000.00,3.721939,102.443359375
08:01:08,91282CLD1,TSRYS5850288,D,S,T,2024-08-21,1000000.00,3.726701,102.4140625
08:01:08,91282CLD1,TSRYS5850288,D,B,C,2024-08-21,1000000.00,3.730512,102.390625
08:01:08,91282CLD1,TSRYS5850288,D,S,D,2024-08-21,1000000.00,3.730512,102.390625
08:01:08,91282CLD1,TSRYS5850288,D,B,C,2024-08-21,1000000.00,3.7321,102.380859375
08:01:08,91282CLD1,TSRYS5850288,D,S,D,2024-08-21,1000000.00,3.7321,102.380859375
08:01:08,91282CLD1,TSRYS5850288,D,B,C,2024-08-21,1000000.00,3.73083,102.388671875
08:01:08,91282CLD1,TSRYS5850288,D,S,D,2024-08-21,1000000.00,3.730512,102.390625
08:01:08,91282CLD1,TSRYS5850288,D,S,D,2024-08-21,1000000.00,3.73083,102.388671875
08:01:08,91282CLD1,TSRYS5850288,D,B,C,2024-08-21,1000000.00,3.730512,102.390625
08:01:08,91282CLD1,TSRYS5850288,D,B,C,2024-08-21,1000000.00,3.721939,102.443359375
08:01:08,91282CLD1,TSRYS5850288,D,S,C,2024-08-21,1000000.00,3.731465,102.384765625
08:01:08,91282CLD1,TSRYS5850288,D,S,C,2024-08-21,1000000.00,3.731147,102.38671875
08:01:08,91282CLD1,TSRYS5850288,D,B,C,2024-08-21,1000000.00,3.728607,102.40234375
08:01:08,91282CLD1,TSRYS5850288,D,S,D,2024-08-21,1000000.00,3.728607,102.40234375
08:01:08,91282CLD1,TSRYS5850288,D,S,D,2024-08-21,1000000.00,3.721622,102.4453125
08:01:08,91282CLD1,TSRYS5850288,D,B,C,2024-08-21,1000000.00,3.721622,102.4453125
08:01:08,91282CLD1,TSRYS5850288,D,B,C,2024-08-21,1000000.00,3.732418,102.37890625
08:01:08,91282CLD1,TSRYS5850288,D,B,C,2024-08-21,1000000.00,3.7321,102.380859375
08:01:08,91282CLD1,TSRYS5850288,D,S,D,2024-08-21,1000000.00,3.732418,102.37890625
08:01:08,91282CLD1,TSRYS5850288,D,S,D,2024-08-21,1000000.00,3.7321,102.380859375
08:01:08,91282CLD1,TSRYS5850288,D,S,C,2024-08-21,2000000.00,3.733371,102.373046875
08:01:08,91282CLD1,TSRYS5850288,D,S,C,2024-08-21,1000000.00,3.733371,102.373046875
08:01:08,91282CLD1,TSRYS5850288,D,S,T,2024-08-21,1000000.00,3.726701,102.4140625
08:01:08,91282CLD1,TSRYS5850288,D,S,D,2024-08-21,1000000.00,3.732735,102.376953125
08:01:08,91282CLD1,TSRYS5850288,D,S,D,2024-08-21,1000000.00,3.731783,102.3828125
08:01:08,91282CLD1,TSRYS5850288,D,S,C,2024-08-21,2000000.00,3.730512,102.390625
08:01:08,91282CLD1,TSRYS5850288,D,B,A,2024-08-21,2425000.00,3.730512,102.390625
08:01:08,91282CLD1,TSRYS5850288,D,S,C,2024-08-21,1000000.00,3.737819,102.345703125
08:01:08,91282CLD1,TSRYS5850288,D,S,C,2024-08-21,2000000.00,3.737819,102.345703125
08:01:08,91282CLD1,TSRYS5850288,D,S,T,2024-08-21,1000000.00,3.726701,102.4140625
08:01:09,91282CLD1,TSRYS5850288,D,S,T,2024-08-21,1000000.00,3.726701,102.4140625
08:01:10,91282CLD1,TSRYS5850288,D,S,T,2024-08-21,1000000.00,3.721622,102.4453125
08:01:10,91282CLD1,TSRYS5850288,D,S,D,2024-08-21,1000000.00,3.712103,102.50390625
08:01:10,91282CLD1,TSRYS5850288,D,B,C,2024-08-21,1000000.00,3.724479,102.42773437
08:01:10,91282CLD1,TSRYS5850288,D,S,D,2024-08-21,1000000.00,3.712103,102.50390625
08:01:10,91282CLD1,TSRYS5850288,D,S,D,2024-08-21,1000000.00,3.712103,102.50390625
08:01:10,91282CLD1,TSRYS5850288,D,B,C,2024-08-21,1000000.00,3.724479,102.42773437
08:01:10,91282CLD1,TSRYS5850288,D,S,D,2024-08-21,1000000.00,3.712103,102.50390625
08:01:10,91282CLD1,TSRYS5850288,D,B,C,2024-08-21,1000000.00,3.726384,102.41601562
08:01:10,91282CLD1,TSRYS5850288,D,S,D,2024-08-21,1000000.00,3.712103,102.50390625
08:01:10,91282CLD1,TSRYS5850288,D,B,C,2024-08-21,1000000.00,3.712103,102.50390625
08:01:11,91282CLD1,TSRYS5850288,D,B,C,2024-08-21,1000000.00,3.728924,102.40039062
08:01:11,91282CLD1,TSRYS5850288,D,S,C,2024-08-21,1000000.00,3.712737,102.5
08:01:11,91282CLD1,TSRYS5850288,D,S,T,2024-08-21,1000000.00,3.733053,102.375
08:01:11,91282CLD1,TSRYS5850288,D,S,T,2024-08-21,3000000.00,3.733073,102.374875
08:01:11,91282CLD1,TSRYS5850288,D,B,C,2024-08-21,1000000.00,3.712737,102.5
08:01:11,91282CLD1,TSRYS5850288,D,B,C,2024-08-21,1000000.00,3.728924,102.40039062
08:01:11,91282CLD1,TSRYS5850288,D,S,D,2024-08-21,1000000.00,3.713055,102.498046875
08:01:11,91282CLD1,TSRYS5850288,D,S,D,2024-08-21,1000000.00,3.724161,102.4296875
08:01:11,91282CLD1,TSRYS5850288,D,B,C,2024-08-21,1000000.00,3.726701,102.4140625
08:01:11,91282CLD1,TSRYS5850288,D,B,C,2024-08-21,1000000.00,3.727019,102.41210937
08:01:11,91282CLD1,TSRYS5850288,D,S,T,2024-08-21,1000000.00,3.732752,102.376853125
08:01:11,91282CLD1,TSRYS5850288,D,B,C,2024-08-21,1000000.00,3.713055,102.498046875
08:01:11,91282CLD1,TSRYS5850288,D,S,T,2024-08-21,1000000.00,3.732752,102.376853125
08:01:11,91282CLD1,TSRYS5850288,D,S,T,2024-08-21,1000000.00,3.732752,102.376853125
08:01:11,91282CLD1,TSRYS5850288,D,S,C,2024-08-21,1000000.00,3.714958,102.486328125
08:01:12,91282CLD1,TSRYS5850288,D,S,D,2024-08-21,1000000.00,3.716544,102.4765625
08:01:12,91282CLD1,TSRYS5850288,D,B,C,2024-08-21,1000000.00,3.716544,102.4765625
08:01:12,91282CLD1,TSRYS5850288,D,S,D,2024-08-21,1000000.00,3.716544,102.4765625
08:01:12,91282CLD1,TSRYS5850288,D,B,C,2024-08-21,1000000.00,3.716544,102.4765625
08:01:12,91282CLD1,TSRYS5850288,D,B,C,2024-08-21,1000000.00,3.720035,102.45507812
08:01:12,91282CLD1,TSRYS5850288,D,B,C,2024-08-21,1000000.00,3.7194,102.45898437
08:01:12,91282CLD1,TSRYS5850288,D,B,C,2024-08-21,1000000.00,3.727019,102.41210937
08:01:12,91282CLD1,TSRYS5850288,D,B,C,2024-08-21,1000000.00,3.724796,102.42578125
08:01:12,91282CLD1,TSRYS5850288,D,B,C,2024-08-21,1000000.00,3.7194,102.45898437
08:01:12,91282CLD1,TSRYS5850288,D,B,C,2024-08-21,1000000.00,3.728924,102.40039062
08:01:12,91282CLD1,TSRYS5850288,D,B,C,2024-08-21,1000000.00,3.728924,102.40039062
08:01:12,91282CLD1,TSRYS5850288,D,B,C,2024-08-21,1000000.00,3.728924,102.40039062
08:01:12,91282CLD1,TSRYS5850288,D,B,C,2024-08-21,1000000.00,3.728924,102.40039062
08:01:12,91282CLD1,TSRYS5850288,D,B,C,2024-08-21,1000000.00,3.728924,102.40039062
08:01:13,91282CLD1,TSRYS5850288,D,S,D,2024-08-21,1900000.00,3.731783,102.3828125
08:01:13,91282CLD1,TSRYS5850288,D,S,C,2024-08-21,1000000.00,3.73083,102.388671875
08:01:13,91282CLD1,TSRYS5850288,D,S,C,2024-08-21,1000000.00,3.731465,102.384765625
08:01:13,91282CLD1,TSRYS5850288,D,S,C,2024-08-21,1000000.00,3.731147,102.38671875
08:01:13,91282CLD1,TSRYS5850288,D,S,C,2024-08-21,74100.00,3.728574,102.40254375
08:01:13,91282CLD1,TSRYS5850288,D,S,C,2024-08-21,1000000.00,3.731465,102.384765625
08:01:13,91282CLD1,TSRYS5850288,D,S,D,2024-08-21,74100.00,3.728574,102.40254375
08:01:13,91282CLD1,TSRYS5850288,D,S,D,2024-08-21,1000000.00,3.719083,102.4609375
08:01:13,91282CLD1,TSRYS5850288,D,S,D,2024-08-21,1000000.00,3.729242,102.3984375
08:01:14,91282CLD1,TSRYS5850288,D,B,C,2024-08-21,1000000.00,3.718131,102.46679687
08:01:14,91282CLD1,TSRYS5850288,D,B,C,2024-08-21,1000000.00,3.726701,102.4140625
08:01:14,91282CLD1,TSRYS5850288,D,B,C,2024-08-21,3000000.00,3.727654,102.40820312
08:01:14,91282CLD1,TSRYS5850288,D,B,C,2024-08-21,1000000.00,3.722257,102.44140625
08:01:14,91282CLD1,TSRYS5850288,D,B,C,2024-08-21,1000000.00,3.722257,102.44140625
08:01:14,91282CLD1,TSRYS5850288,D,B,C,2024-08-21,1000000.00,3.727971,102.40625
08:01:14,91282CLD1,TSRYS5850288,D,S,D,2024-08-21,1000000.00,3.728607,102.40234375
08:01:14,91282CLD1,TSRYS5850288,D,S,D,2024-08-21,1000000.00,3.727971,102.40625
08:01:14,91282CLD1,TSRYS5850288,D,S,C,2024-08-21,240000.00,3.726701,102.4140625
08:01:14,91282CLD1,TSRYS5850288,D,S,D,2024-08-21,1900000.00,3.726701,102.4140625
08:01:14,91282CLD1,TSRYS5850288,D,S,D,2024-08-21,1000000.00,3.730194,102.392578125
08:01:14,91282CLD1,TSRYS5850288,D,S,D,2024-08-21,1000000.00,3.730194,102.392578125
08:01:14,91282CLD1,TSRYS5850288,D,S,D,2024-08-21,1000000.00,3.729877,102.39453125
08:01:14,91282CLD1,TSRYS5850288,D,S,A,2024-08-21,480000.00,3.729877,102.39453125
08:01:14,91282CLD1,TSRYS5850288,D,S,C,2024-08-21,2000000.00,3.728289,102.404296875
08:01:14,91282CLD1,TSRYS5850288,D,S,T,2024-08-21,1000000.00,3.726701,102.4140625
08:01:14,91282CLD1,TSRYS5850288,D,S,C,2024-08-21,2000000.00,3.728289,102.404296875
08:01:14,91282CLD1,TSRYS5850288,D,S,C,2024-08-21,1000000.00,3.728289,102.404296875
08:01:14,91282CLD1,TSRYS5850288,D,S,C,2024-08-21,1000000.00,3.728289,102.404296875
08:01:14,91282CLD1,TSRYS5850288,D,S,C,2024-08-21,1000000.00,3.728289,102.404296875
08:01:14,91282CLD1,TSRYS5850288,D,S,T,2024-08-21,40000.00,3.727336,102.41015625
08:01:14,91282CLD1,TSRYS5850288,D,B,C,2024-08-21,1000000.00,3.727336,102.41015625
08:01:14,91282CLD1,TSRYS5850288,D,S,T,2024-08-21,1900000.00,3.731783,102.3828125
08:01:14,91282CLD1,TSRYS5850288,D,S,T,2024-08-21,2100000.00,3.726701,102.4140625
08:01:14,91282CLD1,TSRYS5850288,D,S,T,2024-08-21,1000000.00,3.726701,102.4140625
08:01:14,91282CLD1,TSRYS5850288,D,S,D,2024-08-21,1000000.00,3.727336,102.41015625
08:01:14,91282CLD1,TSRYS5850288,D,B,C,2024-08-21,1000000.00,3.714641,102.48828125
08:01:14,91282CLD1,TSRYS5850288,D,S,T,2024-08-21,1000000.00,3.726701,102.4140625
08:01:14,91282CLD1,TSRYS5850288,D,B,C,2024-08-21,1000000.00,3.724479,102.42773437
08:01:14,91282CLD1,TSRYS5850288,D,B,C,2024-08-21,1000000.00,3.727654,102.40820312
08:01:15,91282CLD1,TSRYS5850288,D,S,T,2024-08-21,1000000.00,3.726701,102.4140625
08:01:15,91282CLD1,TSRYS5850288,D,B,C,2024-08-21,1000000.00,3.727654,102.40820312
08:01:15,91282CLD1,TSRYS5850288,D,S,T,2024-08-21,1000000.00,3.725431,102.421875
08:01:15,91282CLD1,TSRYS5850288,D,B,C,2024-08-21,1000000.00,3.727654,102.40820312
08:01:15,91282CLD1,TSRYS5850288,D,S,T,2024-08-21,1000000.00,3.725431,102.421875
08:01:15,91282CLD1,TSRYS5850288,D,S,C,2024-08-21,80000.00,3.729877,102.39453125
08:01:15,91282CLD1,TSRYS5850288,D,S,T,2024-08-21,1000000.00,3.725431,102.421875
08:01:15,91282CLD1,TSRYS5850288,D,S,T,2024-08-21,1000000.00,3.725431,102.421875
08:01:16,91282CLD1,TSRYS5850288,D,B,C,2024-08-21,1000000.00,3.727336,102.41015625
08:01:16,91282CLD1,TSRYS5850288,D,B,C,2024-08-21,1000000.00,3.727019,102.41210937
08:01:16,91282CLD1,TSRYS5850288,D,B,C,2024-08-21,1000000.00,3.726701,102.4140625
08:01:16,91282CLD1,TSRYS5850288,D,S,T,2024-08-21,1000000.00,3.725431,102.421875
08:01:16,91282CLD1,TSRYS5850288,D,B,C,2024-08-21,1000000.00,3.726701,102.4140625
08:01:16,91282CLD1,TSRYS5850288,D,B,C,2024-08-21,1000000.00,3.726701,102.4140625
08:01:16,91282CLD1,TSRYS5850288,D,B,C,2024-08-21,1000000.00,3.714641,102.48828125
08:01:16,91282CLD1,TSRYS5850288,D,S,T,2024-08-21,1000000.00,3.725431,102.421875
08:01:16,91282CLD1,TSRYS5850288,D,S,D,2024-08-21,4800000.00,3.725431,102.421875
08:01:16,91282CLD1,TSRYS5850288,D,B,C,2024-08-21,1000000.00,3.724479,102.42773437
08:01:16,91282CLD1,TSRYS5850288,D,B,C,2024-08-21,1000000.00,3.724479,102.42773437
08:01:16,91282CLD1,TSRYS5850288,D,B,C,2024-08-21,1000000.00,3.724479,102.42773437
08:01:16,91282CLD1,TSRYS5850288,D,S,T,2024-08-21,1000000.00,3.725431,102.421875
08:01:16,91282CLD1,TSRYS5850288,D,S,D,2024-08-21,1000000.00,3.7194,102.458984375
08:01:16,91282CLD1,TSRYS5850288,D,B,C,2024-08-21,1000000.00,3.724479,102.42773437
08:01:16,91282CLD1,TSRYS5850288,D,B,C,2024-08-21,1000000.00,3.724479,102.42773437
08:01:16,91282CLD1,TSRYS5850288,D,B,C,2024-08-21,1000000.00,3.7194,102.458984375
08:01:16,91282CLD1,TSRYS5850288,D,S,T,2024-08-21,1000000.00,3.725431,102.421875
08:01:16,91282CLD1,TSRYS5850288,D,S,D,2024-08-21,1000000.00,3.719083,102.4609375
08:01:16,91282CLD1,TSRYS5850288,D,B,C,2024-08-21,1000000.00,3.719083,102.4609375
08:01:17,91282CLD1,TSRYS5850288,D,B,C,2024-08-21,1000000.00,3.721939,102.44335937
08:01:17,91282CLD1,TSRYS5850288,D,B,C,2024-08-21,1000000.00,3.720035,102.45507812
08:01:17,91282CLD1,TSRYS5850288,D,S,C,2024-08-21,1000000.00,3.722892,102.4375
08:01:17,91282CLD1,TSRYS5850288,D,B,C,2024-08-21,1000000.00,3.722892,102.4375
08:01:17,91282CLD1,TSRYS5850288,D,S,D,2024-08-21,1000000.00,3.723527,102.43359375
08:01:17,91282CLD1,TSRYS5850288,D,B,C,2024-08-21,1000000.00,3.723527,102.43359375
08:01:17,91282CLD1,TSRYS5850288,D,S,D,2024-08-21,1000000.00,3.722892,102.4375
08:01:17,91282CLD1,TSRYS5850288,D,S,D,2024-08-21,1000000.00,3.722892,102.4375
08:01:17,91282CLD1,TSRYS5850288,D,S,D,2024-08-21,1000000.00,3.722892,102.4375
08:01:17,91282CLD1,TSRYS5850288,D,S,D,2024-08-21,1000000.00,3.722892,102.4375
08:01:17,91282CLD1,TSRYS5850288,D,S,D,2024-08-21,1000000.00,3.722892,102.4375
08:01:17,91282CLD1,TSRYS5850288,D,S,D,2024-08-21,2000000.00,3.722892,102.4375
08:01:17,91282CLD1,TSRYS5850288,D,S,D,2024-08-21,2000000.00,3.722892,102.4375
08:01:17,91282CLD1,TSRYS5850288,D,S,C,2024-08-21,1000000.00,3.724161,102.4296875
08:01:17,91282CLD1,TSRYS5850288,D,S,C,2024-08-21,1000000.00,3.724161,102.4296875
08:01:17,91282CLD1,TSRYS5850288,D,S,D,2024-08-21,1000000.00,3.724161,102.4296875
08:01:17,91282CLD1,TSRYS5850288,D,S,D,2024-08-21,1000000.00,3.724161,102.4296875
08:01:17,91282CLD1,TSRYS5850288,D,S,C,2024-08-21,1000000.00,3.724161,102.4296875
08:01:17,91282CLD1,TSRYS5850288,D,S,D,2024-08-21,2000000.00,3.724161,102.4296875
08:01:17,91282CLD1,TSRYS5850288,D,S,D,2024-08-21,2000000.00,3.724161,102.4296875
08:01:17,91282CLD1,TSRYS5850288,D,S,C,2024-08-21,1000000.00,3.724161,102.4296875
08:01:17,91282CLD1,TSRYS5850288,D,S,C,2024-08-21,1000000.00,3.724161,102.4296875
08:01:17,91282CLD1,TSRYS5850288,D,S,C,2024-08-21,1000000.00,3.724161,102.4296875
08:01:17,91282CLD1,TSRYS5850288,D,S,C,2024-08-21,1000000.00,3.724161,102.4296875
08:01:17,91282CLD1,TSRYS5850288,D,S,C,2024-08-21,1000000.00,3.724161,102.4296875
08:01:17,91282CLD1,TSRYS5850288,D,S,T,2024-08-21,1000000.00,3.725431,102.421875
08:01:17,91282CLD1,TSRYS5850288,D,B,C,2024-08-21,1000000.00,3.724479,102.42773437
08:01:17,91282CLD1,TSRYS5850288,D,B,C,2024-08-21,1000000.00,3.724479,102.42773437
08:01:17,91282CLD1,TSRYS5850288,D,B,C,2024-08-21,1000000.00,3.724479,102.42773437
08:01:17,91282CLD1,TSRYS5850288,D,B,C,2024-08-21,1000000.00,3.724479,102.42773437
08:01:17,91282CLD1,TSRYS5850288,D,B,C,2024-08-21,1000000.00,3.724479,102.42773437
08:01:17,91282CLD1,TSRYS5850288,D,S,T,2024-08-21,1000000.00,3.725431,102.421875
08:01:17,91282CLD1,TSRYS5850288,D,S,D,2024-08-21,1000000.00,3.724161,102.4296875
08:01:17,91282CLD1,TSRYS5850288,D,S,D,2024-08-21,1000000.00,3.724161,102.4296875
08:01:17,91282CLD1,TSRYS5850288,D,S,C,2024-08-21,1000000.00,3.724161,102.4296875
08:01:17,91282CLD1,TSRYS5850288,D,S,D,2024-08-21,1000000.00,3.724161,102.4296875
08:01:17,91282CLD1,TSRYS5850288,D,B,C,2024-08-21,1000000.00,3.7194,102.45898437
08:01:17,91282CLD1,TSRYS5850288,D,S,D,2024-08-21,1000000.00,3.724161,102.4296875
08:01:17,91282CLD1,TSRYS5850288,D,S,D,2024-08-21,1000000.00,3.724161,102.4296875
08:01:17,91282CLD1,TSRYS5850288,D,S,T,2024-08-21,1000000.00,3.725431,102.421875
08:01:17,91282CLD1,TSRYS5850288,D,S,D,2024-08-21,1000000.00,3.724161,102.4296875
08:01:17,91282CLD1,TSRYS5850288,D,S,D,2024-08-21,1000000.00,3.724161,102.4296875
08:01:17,91282CLD1,TSRYS5850288,D,S,D,2024-08-21,1000000.00,3.724161,102.4296875
08:01:17,91282CLD1,TSRYS5850288,D,S,D,2024-08-21,1000000.00,3.724161,102.4296875
08:01:17,91282CLD1,TSRYS5850288,D,S,D,2024-08-21,1000000.00,3.724161,102.4296875
08:01:17,91282CLD1,TSRYS5850288,D,S,D,2024-08-21,1000000.00,3.724161,102.4296875
08:01:17,91282CLD1,TSRYS5850288,D,S,D,2024-08-21,1000000.00,3.724161,102.4296875
08:01:17,91282CLD1,TSRYS5850288,D,S,D,2024-08-21,1000000.00,3.724161,102.4296875
08:01:17,91282CLD1,TSRYS5850288,D,S,T,2024-08-21,1000000.00,3.725431,102.421875
08:01:17,91282CLD1,TSRYS5850288,D,B,C,2024-08-21,1000000.00,3.722257,102.44140625
08:01:17,91282CLD1,TSRYS5850288,D,S,D,2024-08-21,1000000.00,3.724161,102.4296875
08:01:17,91282CLD1,TSRYS5850288,D,S,D,2024-08-21,1000000.00,3.724161,102.4296875
08:01:18,91282CLD1,TSRYS5850288,D,S,D,2024-08-21,1000000.00,3.724161,102.4296875
08:01:18,91282CLD1,TSRYS5850288,D,S,T,2024-08-21,1000000.00,3.725431,102.421875
08:01:18,91282CLD1,TSRYS5850288,D,B,C,2024-08-21,1000000.00,3.726701,102.4140625
08:01:18,91282CLD1,TSRYS5850288,D,S,D,2024-08-21,1000000.00,3.724161,102.4296875
08:01:18,91282CLD1,TSRYS5850288,D,S,D,2024-08-21,1000000.00,3.724161,102.4296875
08:01:18,91282CLD1,TSRYS5850288,D,S,D,2024-08-21,1000000.00,3.725114,102.423828125
08:01:18,91282CLD1,TSRYS5850288,D,S,D,2024-08-21,1000000.00,3.725114,102.423828125
08:01:18,91282CLD1,TSRYS5850288,D,S,D,2024-08-21,1000000.00,3.725114,102.423828125
08:01:18,91282CLD1,TSRYS5850288,D,S,D,2024-08-21,1000000.00,3.723844,102.431640625
08:01:18,91282CLD1,TSRYS5850288,D,S,D,2024-08-21,2000000.00,3.722574,102.439453125
08:01:18,91282CLD1,TSRYS5850288,D,S,D,2024-08-21,1000000.00,3.723209,102.435546875
08:01:18,91282CLD1,TSRYS5850288,D,S,T,2024-08-21,1000000.00,3.725431,102.421875
08:01:18,91282CLD1,TSRYS5850288,D,S,D,2024-08-21,9050000.00,3.835067,101.75
08:01:18,91282CLD1,TSRYS5850288,D,S,D,2024-08-21,18000000.00,3.835067,101.75
08:01:18,91282CLD1,TSRYS5850288,D,S,D,2024-08-21,9050000.00,3.835067,101.75
08:01:18,91282CLD1,TSRYS5850288,D,S,D,2024-08-21,9050000.00,3.835067,101.75
08:01:18,91282CLD1,TSRYS5850288,D,S,D,2024-08-21,13550000.00,3.835067,101.75
08:01:18,91282CLD1,TSRYS5850288,D,S,D,2024-08-21,9000000.00,3.835067,101.75
08:01:18,91282CLD1,TSRYS5850288,D,S,D,2024-08-21,9050000.00,3.835067,101.75
08:01:18,91282CLD1,TSRYS5850288,D,S,D,2024-08-21,9050000.00,3.835067,101.75
08:01:18,91282CLD1,TSRYS5850288,D,S,T,2024-08-21,1000000.00,3.725431,102.421875
08:01:18,91282CLD1,TSRYS5850288,D,B,C,2024-08-21,1000000.00,3.727019,102.41210937
08:01:18,91282CLD1,TSRYS5850288,D,B,C,2024-08-21,1000000.00,3.726701,102.4140625
08:01:18,91282CLD1,TSRYS5850288,D,S,T,2024-08-21,4000000.00,3.725431,102.421875
