tradeTime,cusip,issueSymbolIdentifier,priceType,reportingSideCode,contraPartyTypeCode,tradeDate,reportedTradeVolume,lastSaleYield,lastSalePrice
08:00:02,91282CLM1,TSRYS5893517,D,S,T,2024-10-18,2000000.00,3.986567,97.82421875
08:00:02,91282CLM1,TSRYS5893517,D,S,T,2024-10-18,2000000.00,3.983936,97.83984375
08:00:02,91282CLM1,TSRYS5893517,D,S,T,2024-10-18,1000000.00,3.983936,97.83984375
08:00:02,91282CLM1,TSRYS5893517,D,S,T,2024-10-18,1000000.00,3.986567,97.82421875
08:00:02,91282CLM1,TSRYS5893517,D,S,T,2024-10-18,1000000.00,3.98887,97.810546875
08:00:02,91282CLM1,TSRYS5893517,D,S,D,2024-10-18,2000000.00,3.987225,97.8203125
08:00:02,91282CLM1,TSRYS5893517,D,S,D,2024-10-18,1000000.00,3.987225,97.8203125
08:00:02,91282CLM1,TSRYS5893517,D,S,D,2024-10-18,1000000.00,3.987225,97.8203125
08:00:02,91282CLM1,TSRYS5893517,D,S,D,2024-10-18,1000000.00,3.987225,97.8203125
08:00:02,91282CLM1,TSRYS5893517,D,S,T,2024-10-18,1000000.00,3.987225,97.8203125
08:00:02,91282CLM1,TSRYS5893517,D,S,D,2024-10-18,1000000.00,3.999403,97.748046875
08:00:02,91282CLM1,TSRYS5893517,D,S,D,2024-10-18,1000000.00,4.00072,97.740234375
08:00:02,91282CLM1,TSRYS5893517,D,S,D,2024-10-18,1000000.00,4.003025,97.7265625
08:00:02,91282CLM1,TSRYS5893517,D,S,D,2024-10-18,1000000.00,4.003025,97.7265625
08:00:02,91282CLM1,TSRYS5893517,D,S,D,2024-10-18,1000000.00,4.008296,97.6953125
08:00:02,91282CLM1,TSRYS5893517,D,S,D,2024-10-18,1000000.00,4.010273,97.68359375
08:00:02,91282CLM1,TSRYS5893517,D,S,T,2024-10-18,1000000.00,4.005001,97.71484375
08:00:02,91282CLM1,TSRYS5893517,D,S,T,2024-10-18,2000000.00,3.98887,97.810546875
08:00:02,91282CLM1,TSRYS5893517,D,S,T,2024-10-18,1000000.00,3.989199,97.80859375
08:00:02,91282CLM1,TSRYS5893517,D,S,D,2024-10-18,1000000.00,3.992161,97.791015625
08:00:02,91282CLM1,TSRYS5893517,D,S,D,2024-10-18,1000000.00,3.999403,97.748046875
08:00:02,91282CLM1,TSRYS5893517,D,S,D,2024-10-18,2000000.00,4.001708,97.734375
08:00:02,91282CLM1,TSRYS5893517,D,S,D,2024-10-18,2000000.00,4.001708,97.734375
08:00:02,91282CLM1,TSRYS5893517,D,S,D,2024-10-18,1000000.00,4.001708,97.734375
08:00:10,91282CLM1,TSRYS5893517,D,S,D,2024-10-18,1000000.00,3.984922,97.833984375
08:00:10,91282CLM1,TSRYS5893517,D,S,D,2024-10-18,1000000.00,3.986238,97.826171875
08:00:10,91282CLM1,TSRYS5893517,D,S,A,2024-10-18,50000000.00,3.983936,97.83984375
08:00:10,91282CLM1,TSRYS5893517,D,S,A,2024-10-18,14839000.00,3.984593,97.8359375
08:00:10,91282CLM1,TSRYS5893517,D,S,D,2024-10-18,60000.00,3.987883,97.81640625
08:00:10,91282CLM1,TSRYS5893517,D,S,D,2024-10-18,1000000.00,4.008625,97.693359375
08:00:10,91282CLM1,TSRYS5893517,D,S,A,2024-10-18,1000000.00,4.003684,97.72265625
08:00:10,91282CLM1,TSRYS5893517,D,S,D,2024-10-18,3000000.00,4.007637,97.69921875
08:00:10,91282CLM1,TSRYS5893517,D,S,D,2024-10-18,1000000.00,4.007637,97.69921875
08:00:10,91282CLM1,TSRYS5893517,D,S,D,2024-10-18,1000000.00,4.007637,97.69921875
08:00:10,91282CLM1,TSRYS5893517,D,S,T,2024-10-18,1000000.00,4.006978,97.703125
08:00:11,91282CLM1,TSRYS5893517,D,S,A,2024-10-18,50000000.00,3.99249,97.7890625
08:00:11,91282CLM1,TSRYS5893517,D,S,D,2024-10-18,1000000.00,4.003684,97.72265625
08:00:11,91282CLM1,TSRYS5893517,D,S,D,2024-10-18,1000000.00,4.003684,97.72265625
08:00:11,91282CLM1,TSRYS5893517,D,S,D,2024-10-18,1000000.00,4.003684,97.72265625
08:00:12,91282CLM1,TSRYS5893517,D,S,D,2024-10-18,1000000.00,3.987225,97.8203125
08:00:12,91282CLM1,TSRYS5893517,D,S,D,2024-10-18,1000000.00,3.983278,97.84375
08:00:12,91282CLM1,TSRYS5893517,D,S,D,2024-10-18,1000000.00,3.984593,97.8359375
08:00:12,91282CLM1,TSRYS5893517,D,S,T,2024-10-18,1000000.00,3.988541,97.8125
08:00:12,91282CLM1,TSRYS5893517,D,S,D,2024-10-18,1000000.00,3.988541,97.8125
08:00:12,91282CLM1,TSRYS5893517,D,S,T,2024-10-18,1000000.00,3.988541,97.8125
08:00:12,91282CLM1,TSRYS5893517,D,S,D,2024-10-18,1000000.00,3.988541,97.8125
08:00:12,91282CLM1,TSRYS5893517,D,S,T,2024-10-18,1000000.00,3.989528,97.806640625
08:00:12,91282CLM1,TSRYS5893517,D,S,T,2024-10-18,1000000.00,3.989857,97.8046875
08:00:12,91282CLM1,TSRYS5893517,D,S,T,2024-10-18,1000000.00,3.989857,97.8046875
08:00:12,91282CLM1,TSRYS5893517,D,S,T,2024-10-18,1000000.00,3.989857,97.8046875
08:00:12,91282CLM1,TSRYS5893517,D,S,T,2024-10-18,1000000.00,3.989857,97.8046875
08:00:12,91282CLM1,TSRYS5893517,D,S,T,2024-10-18,1000000.00,3.989857,97.8046875
08:00:12,91282CLM1,TSRYS5893517,D,S,T,2024-10-18,3000000.00,3.989857,97.8046875
08:00:12,91282CLM1,TSRYS5893517,D,S,T,2024-10-18,1000000.00,3.989857,97.8046875
08:00:12,91282CLM1,TSRYS5893517,D,S,D,2024-10-18,1000000.00,3.997757,97.7578125
08:00:12,91282CLM1,TSRYS5893517,D,S,T,2024-10-18,1000000.00,4.010932,97.6796875
08:00:12,91282CLM1,TSRYS5893517,D,S,T,2024-10-18,1000000.00,4.008955,97.69140625
08:00:12,91282CLM1,TSRYS5893517,D,S,T,2024-10-18,1000000.00,4.007307,97.701171875
08:00:12,91282CLM1,TSRYS5893517,D,S,T,2024-10-18,1000000.00,4.008625,97.693359375
08:00:12,91282CLM1,TSRYS5893517,D,S,D,2024-10-18,1000000.00,4.008296,97.6953125
08:00:12,91282CLM1,TSRYS5893517,D,S,T,2024-10-18,1000000.00,4.008625,97.693359375
08:00:12,91282CLM1,TSRYS5893517,D,S,T,2024-10-18,1000000.00,4.008625,97.693359375
08:00:12,91282CLM1,TSRYS5893517,D,S,T,2024-10-18,1000000.00,4.008625,97.693359375
08:00:12,91282CLM1,TSRYS5893517,D,S,A,2024-10-18,6000000.00,4.006978,97.703125
08:00:12,91282CLM1,TSRYS5893517,D,S,A,2024-10-18,5000000.00,4.006978,97.703125
08:00:12,91282CLM1,TSRYS5893517,D,S,A,2024-10-18,4000000.00,4.006978,97.703125
08:00:12,91282CLM1,TSRYS5893517,D,S,A,2024-10-18,1000000.00,4.006978,97.703125
08:00:12,91282CLM1,TSRYS5893517,D,S,A,2024-10-18,1000000.00,4.006978,97.703125
08:00:12,91282CLM1,TSRYS5893517,D,S,A,2024-10-18,1000000.00,4.006978,97.703125
08:00:12,91282CLM1,TSRYS5893517,D,S,A,2024-10-18,1000000.00,4.006978,97.703125
08:00:12,91282CLM1,TSRYS5893517,D,S,A,2024-10-18,1000000.00,4.006978,97.703125
08:00:12,91282CLM1,TSRYS5893517,D,S,T,2024-10-18,1000000.00,4.006978,97.703125
08:00:12,91282CLM1,TSRYS5893517,D,S,T,2024-10-18,1000000.00,4.00566,97.7109375
08:00:12,91282CLM1,TSRYS5893517,D,B,A,2024-10-18,3000000.00,4.001049,97.73828125
08:00:12,91282CLM1,TSRYS5893517,D,S,T,2024-10-18,3000000.00,4.001049,97.73828125
08:00:12,91282CLM1,TSRYS5893517,D,B,A,2024-10-18,3000000.00,4.001049,97.73828125
08:00:12,91282CLM1,TSRYS5893517,D,S,T,2024-10-18,3000000.00,4.001049,97.73828125
08:00:12,91282CLM1,TSRYS5893517,D,B,A,2024-10-18,1000000.00,4.001049,97.73828125
08:00:12,91282CLM1,TSRYS5893517,D,S,T,2024-10-18,1000000.00,4.001049,97.73828125
08:00:12,91282CLM1,TSRYS5893517,D,S,T,2024-10-18,1000000.00,4.001049,97.73828125
08:00:12,91282CLM1,TSRYS5893517,D,B,A,2024-10-18,1000000.00,4.001049,97.73828125
08:00:12,91282CLM1,TSRYS5893517,D,B,A,2024-10-18,2000000.00,4.001049,97.73828125
08:00:12,91282CLM1,TSRYS5893517,D,S,T,2024-10-18,2000000.00,4.001049,97.73828125
08:00:12,91282CLM1,TSRYS5893517,D,B,A,2024-10-18,2000000.00,4.001049,97.73828125
08:00:12,91282CLM1,TSRYS5893517,D,S,T,2024-10-18,2000000.00,4.001049,97.73828125
08:00:12,91282CLM1,TSRYS5893517,D,S,A,2024-10-18,24738100.00,4.001049,97.73828125
08:00:12,91282CLM1,TSRYS5893517,D,B,A,2024-10-18,1000000.00,4.001049,97.73828125
08:00:12,91282CLM1,TSRYS5893517,D,B,A,2024-10-18,5000000.00,4.001049,97.73828125
08:00:12,91282CLM1,TSRYS5893517,D,B,A,2024-10-18,3000000.00,4.00072,97.740234375
08:00:12,91282CLM1,TSRYS5893517,D,B,A,2024-10-18,1000000.00,4.001049,97.73828125
08:00:12,91282CLM1,TSRYS5893517,D,S,T,2024-10-18,1000000.00,4.001049,97.73828125
08:00:12,91282CLM1,TSRYS5893517,D,S,T,2024-10-18,1000000.00,4.000391,97.7421875
08:00:12,91282CLM1,TSRYS5893517,D,S,T,2024-10-18,5000000.00,4.000391,97.7421875
08:00:12,91282CLM1,TSRYS5893517,D,B,A,2024-10-18,1000000.00,4.000391,97.7421875
08:00:12,91282CLM1,TSRYS5893517,D,B,A,2024-10-18,1000000.00,4.000391,97.7421875
08:00:12,91282CLM1,TSRYS5893517,D,B,A,2024-10-18,1000000.00,4.000391,97.7421875
08:00:12,91282CLM1,TSRYS5893517,D,B,A,2024-10-18,3000000.00,4.001708,97.734375
08:00:12,91282CLM1,TSRYS5893517,D,B,A,2024-10-18,2000000.00,4.001708,97.734375
08:00:12,91282CLM1,TSRYS5893517,D,B,A,2024-10-18,2000000.00,4.001708,97.734375
08:00:12,91282CLM1,TSRYS5893517,D,S,T,2024-10-18,2000000.00,4.001708,97.734375
08:00:12,91282CLM1,TSRYS5893517,D,B,A,2024-10-18,1000000.00,4.001708,97.734375
08:00:12,91282CLM1,TSRYS5893517,D,S,T,2024-10-18,1000000.00,4.001708,97.734375
08:00:12,91282CLM1,TSRYS5893517,D,S,T,2024-10-18,2000000.00,4.001708,97.734375
08:00:12,91282CLM1,TSRYS5893517,D,B,A,2024-10-18,1000000.00,4.001708,97.734375
08:00:12,91282CLM1,TSRYS5893517,D,B,A,2024-10-18,1000000.00,4.001708,97.734375
08:00:12,91282CLM1,TSRYS5893517,D,S,T,2024-10-18,3000000.00,4.001708,97.734375
08:00:12,91282CLM1,TSRYS5893517,D,S,T,2024-10-18,1000000.00,4.001708,97.734375
08:00:12,91282CLM1,TSRYS5893517,D,B,A,2024-10-18,1000000.00,4.001708,97.734375
08:00:12,91282CLM1,TSRYS5893517,D,B,A,2024-10-18,1000000.00,4.001708,97.734375
08:00:12,91282CLM1,TSRYS5893517,D,B,A,2024-10-18,1000000.00,4.001708,97.734375
08:00:12,91282CLM1,TSRYS5893517,D,B,A,2024-10-18,1000000.00,4.001708,97.734375
08:00:12,91282CLM1,TSRYS5893517,D,S,T,2024-10-18,1000000.00,3.99644,97.765625
08:00:12,91282CLM1,TSRYS5893517,D,S,T,2024-10-18,1000000.00,3.993806,97.78125
08:00:12,91282CLM1,TSRYS5893517,D,S,D,2024-10-18,1000000.00,3.993806,97.78125
08:00:12,91282CLM1,TSRYS5893517,D,S,D,2024-10-18,1000000.00,3.989857,97.8046875
08:00:12,91282CLM1,TSRYS5893517,D,S,T,2024-10-18,1000000.00,3.99249,97.7890625
08:00:12,91282CLM1,TSRYS5893517,D,S,T,2024-10-18,1000000.00,3.99249,97.7890625
08:00:13,91282CLM1,TSRYS5893517,D,B,C,2024-10-18,318000.00,4.002366,97.73046875
08:00:13,91282CLM1,TSRYS5893517,D,S,T,2024-10-18,1000000.00,3.986896,97.822265625
08:00:13,91282CLM1,TSRYS5893517,D,S,D,2024-10-18,1000000.00,3.986896,97.822265625
08:00:13,91282CLM1,TSRYS5893517,D,S,D,2024-10-18,1000000.00,3.986896,97.822265625
08:00:13,91282CLM1,TSRYS5893517,D,S,T,2024-10-18,1000000.00,3.984265,97.837890625
08:00:13,91282CLM1,TSRYS5893517,D,S,D,2024-10-18,1000000.00,3.984265,97.837890625
08:00:13,91282CLM1,TSRYS5893517,D,S,T,2024-10-18,1000000.00,3.984265,97.837890625
08:00:13,91282CLM1,TSRYS5893517,D,S,T,2024-10-18,1000000.00,3.984265,97.837890625
08:00:13,91282CLM1,TSRYS5893517,D,S,T,2024-10-18,1000000.00,3.983607,97.841796875
08:00:13,91282CLM1,TSRYS5893517,D,S,T,2024-10-18,1000000.00,3.983278,97.84375
08:00:13,91282CLM1,TSRYS5893517,D,S,T,2024-10-18,1000000.00,3.983607,97.841796875
08:00:13,91282CLM1,TSRYS5893517,D,S,T,2024-10-18,1000000.00,3.983278,97.84375
08:00:13,91282CLM1,TSRYS5893517,D,S,T,2024-10-18,1000000.00,3.983607,97.841796875
08:00:13,91282CLM1,TSRYS5893517,D,S,T,2024-10-18,1000000.00,3.983278,97.84375
08:00:13,91282CLM1,TSRYS5893517,D,S,T,2024-10-18,1000000.00,3.983278,97.84375
08:00:13,91282CLM1,TSRYS5893517,D,S,T,2024-10-18,1000000.00,3.983278,97.84375
08:00:13,91282CLM1,TSRYS5893517,D,S,T,2024-10-18,1000000.00,3.984593,97.8359375
08:00:13,91282CLM1,TSRYS5893517,D,S,T,2024-10-18,1000000.00,3.983936,97.83984375
08:00:13,91282CLM1,TSRYS5893517,D,S,T,2024-10-18,2000000.00,3.985909,97.828125
08:00:13,91282CLM1,TSRYS5893517,D,S,T,2024-10-18,1000000.00,3.983936,97.83984375
08:00:13,91282CLM1,TSRYS5893517,D,S,T,2024-10-18,1000000.00,3.983936,97.83984375
08:00:13,91282CLM1,TSRYS5893517,D,S,T,2024-10-18,1000000.00,3.985909,97.828125
08:00:13,91282CLM1,TSRYS5893517,D,S,T,2024-10-18,1000000.00,3.985909,97.828125
08:00:13,91282CLM1,TSRYS5893517,D,S,D,2024-10-18,1000000.00,4.007307,97.701171875
08:00:13,91282CLM1,TSRYS5893517,D,S,D,2024-10-18,1000000.00,4.007637,97.69921875
08:00:13,91282CLM1,TSRYS5893517,D,S,D,2024-10-18,1000000.00,4.007637,97.69921875
08:00:13,91282CLM1,TSRYS5893517,D,S,T,2024-10-18,1000000.00,4.00566,97.7109375
08:00:13,91282CLM1,TSRYS5893517,D,S,T,2024-10-18,1000000.00,4.006978,97.703125
08:00:13,91282CLM1,TSRYS5893517,D,S,T,2024-10-18,1000000.00,4.005001,97.71484375
08:00:13,91282CLM1,TSRYS5893517,D,S,T,2024-10-18,1000000.00,3.99644,97.765625
08:00:13,91282CLM1,TSRYS5893517,D,S,T,2024-10-18,1000000.00,4.005001,97.71484375
08:00:13,91282CLM1,TSRYS5893517,D,S,T,2024-10-18,1000000.00,4.001708,97.734375
08:00:13,91282CLM1,TSRYS5893517,D,S,T,2024-10-18,1000000.00,4.003684,97.72265625
08:00:13,91282CLM1,TSRYS5893517,D,S,T,2024-10-18,1000000.00,3.991173,97.796875
08:00:13,91282CLM1,TSRYS5893517,D,S,T,2024-10-18,1000000.00,3.991173,97.796875
08:00:13,91282CLM1,TSRYS5893517,D,S,T,2024-10-18,1000000.00,3.99249,97.7890625
08:00:13,91282CLM1,TSRYS5893517,D,S,T,2024-10-18,1000000.00,3.995123,97.7734375
08:00:13,91282CLM1,TSRYS5893517,D,S,T,2024-10-18,1000000.00,3.995123,97.7734375
08:00:13,91282CLM1,TSRYS5893517,D,S,T,2024-10-18,1000000.00,3.991832,97.79296875
08:00:13,91282CLM1,TSRYS5893517,D,S,T,2024-10-18,1000000.00,3.991173,97.796875
08:00:13,91282CLM1,TSRYS5893517,D,S,T,2024-10-18,1000000.00,3.988541,97.8125
08:00:13,91282CLM1,TSRYS5893517,D,S,T,2024-10-18,1000000.00,3.989857,97.8046875
08:00:13,91282CLM1,TSRYS5893517,D,S,T,2024-10-18,1000000.00,3.997757,97.7578125
08:00:13,91282CLM1,TSRYS5893517,D,S,T,2024-10-18,1000000.00,3.999073,97.75
08:00:13,91282CLM1,TSRYS5893517,D,S,T,2024-10-18,1000000.00,3.999073,97.75
08:00:13,91282CLM1,TSRYS5893517,D,S,T,2024-10-18,1000000.00,3.999073,97.75
08:00:13,91282CLM1,TSRYS5893517,D,S,T,2024-10-18,2000000.00,3.99644,97.765625
08:00:13,91282CLM1,TSRYS5893517,D,S,T,2024-10-18,1000000.00,4.003354,97.724609375
08:00:13,91282CLM1,TSRYS5893517,D,S,T,2024-10-18,1000000.00,4.003025,97.7265625
08:00:13,91282CLM1,TSRYS5893517,D,S,D,2024-10-18,1000000.00,4.002037,97.732421875
08:00:13,91282CLM1,TSRYS5893517,D,S,T,2024-10-18,1000000.00,4.003025,97.7265625
08:00:13,91282CLM1,TSRYS5893517,D,S,T,2024-10-18,1000000.00,4.003025,97.7265625
08:00:13,91282CLM1,TSRYS5893517,D,S,T,2024-10-18,3000000.00,3.999073,97.75
08:00:14,91282CLM1,TSRYS5893517,D,S,T,2024-10-18,1000000.00,3.999073,97.75
08:00:15,91282CLM1,TSRYS5893517,D,S,T,2024-10-18,1000000.00,4.004343,97.71875
08:00:16,91282CLM1,TSRYS5893517,D,S,T,2024-10-18,1000000.00,4.003025,97.7265625
08:00:17,91282CLM1,TSRYS5893517,D,S,A,2024-10-18,190000.00,4.003025,97.7265625
08:00:23,91282CLM1,TSRYS5893517,D,S,D,2024-10-18,1000000.00,3.987225,97.8203125
08:00:23,91282CLM1,TSRYS5893517,D,S,D,2024-10-18,1000000.00,3.983278,97.84375
08:00:23,91282CLM1,TSRYS5893517,D,S,D,2024-10-18,1000000.00,3.984593,97.8359375
08:00:23,91282CLM1,TSRYS5893517,D,S,D,2024-10-18,1000000.00,3.988541,97.8125
08:00:25,91282CLM1,TSRYS5893517,D,S,D,2024-10-18,1000000.00,3.988541,97.8125
08:00:27,91282CLM1,TSRYS5893517,D,S,T,2024-10-18,1000000.00,3.99644,97.765625
08:00:27,91282CLM1,TSRYS5893517,D,S,T,2024-10-18,1000000.00,4.010932,97.6796875
08:00:27,91282CLM1,TSRYS5893517,D,S,C,2024-10-18,1000000.00,3.985909,97.828125
08:00:27,91282CLM1,TSRYS5893517,D,S,C,2024-10-18,1000000.00,3.985909,97.828125
08:00:28,91282CLM1,TSRYS5893517,D,S,T,2024-10-18,1000000.00,4.003684,97.72265625
08:00:28,91282CLM1,TSRYS5893517,D,S,D,2024-10-18,1000000.00,3.991503,97.794921875
08:00:28,91282CLM1,TSRYS5893517,D,S,T,2024-10-18,1000000.00,3.991173,97.796875
08:00:28,91282CLM1,TSRYS5893517,D,S,T,2024-10-18,1000000.00,3.991173,97.796875
08:00:28,91282CLM1,TSRYS5893517,D,S,D,2024-10-18,1000000.00,3.99644,97.765625
08:00:28,91282CLM1,TSRYS5893517,D,S,D,2024-10-18,1000000.00,3.999073,97.75
08:00:28,91282CLM1,TSRYS5893517,D,S,D,2024-10-18,1000000.00,4.004343,97.71875
08:00:30,91282CLM1,TSRYS5893517,D,S,T,2024-10-18,1000000.00,3.988541,97.8125
08:00:30,91282CLM1,TSRYS5893517,D,S,T,2024-10-18,1000000.00,3.989857,97.8046875
08:00:30,91282CLM1,TSRYS5893517,D,S,T,2024-10-18,1000000.00,3.988541,97.8125
08:00:30,91282CLM1,TSRYS5893517,D,S,T,2024-10-18,1000000.00,3.988541,97.8125
08:00:30,91282CLM1,TSRYS5893517,D,S,T,2024-10-18,1000000.00,3.988541,97.8125
08:00:30,91282CLM1,TSRYS5893517,D,S,T,2024-10-18,1000000.00,3.988541,97.8125
08:00:30,91282CLM1,TSRYS5893517,D,S,T,2024-10-18,1000000.00,3.987225,97.8203125
08:00:30,91282CLM1,TSRYS5893517,D,S,T,2024-10-18,1000000.00,3.984593,97.8359375
08:00:30,91282CLM1,TSRYS5893517,D,S,T,2024-10-18,1000000.00,3.985909,97.828125
08:00:30,91282CLM1,TSRYS5893517,D,S,T,2024-10-18,1000000.00,3.983278,97.84375
08:00:30,91282CLM1,TSRYS5893517,D,S,T,2024-10-18,1000000.00,3.983278,97.84375
08:00:30,91282CLM1,TSRYS5893517,D,S,T,2024-10-18,1000000.00,3.983278,97.84375
08:00:30,91282CLM1,TSRYS5893517,D,S,T,2024-10-18,1000000.00,3.983278,97.84375
08:00:30,91282CLM1,TSRYS5893517,D,S,T,2024-10-18,1000000.00,3.983278,97.84375
08:00:30,91282CLM1,TSRYS5893517,D,S,T,2024-10-18,1000000.00,3.983278,97.84375
08:00:30,91282CLM1,TSRYS5893517,D,S,T,2024-10-18,1000000.00,3.983278,97.84375
08:00:30,91282CLM1,TSRYS5893517,D,S,T,2024-10-18,1000000.00,3.984593,97.8359375
08:00:30,91282CLM1,TSRYS5893517,D,S,T,2024-10-18,1000000.00,3.985909,97.828125
08:00:30,91282CLM1,TSRYS5893517,D,B,C,2024-10-18,3000000.00,3.988541,97.8125
08:00:30,91282CLM1,TSRYS5893517,D,S,D,2024-10-18,3000000.00,3.988541,97.8125
08:00:30,91282CLM1,TSRYS5893517,D,S,T,2024-10-18,1000000.00,3.983278,97.84375
08:00:30,91282CLM1,TSRYS5893517,D,S,T,2024-10-18,1000000.00,3.983936,97.83984375
08:00:30,91282CLM1,TSRYS5893517,D,S,T,2024-10-18,1000000.00,3.983607,97.841796875
08:00:30,91282CLM1,TSRYS5893517,D,S,T,2024-10-18,1000000.00,3.983278,97.84375
08:00:30,91282CLM1,TSRYS5893517,D,S,T,2024-10-18,1000000.00,3.983278,97.84375
08:00:30,91282CLM1,TSRYS5893517,D,S,T,2024-10-18,1000000.00,3.983278,97.84375
08:00:30,91282CLM1,TSRYS5893517,D,S,T,2024-10-18,1000000.00,3.983278,97.84375
08:00:30,91282CLM1,TSRYS5893517,D,S,T,2024-10-18,1000000.00,3.984593,97.8359375
08:00:30,91282CLM1,TSRYS5893517,D,S,T,2024-10-18,1000000.00,3.984593,97.8359375
08:00:30,91282CLM1,TSRYS5893517,D,S,T,2024-10-18,1000000.00,3.985909,97.828125
08:00:30,91282CLM1,TSRYS5893517,D,S,T,2024-10-18,1000000.00,3.985909,97.828125
08:00:30,91282CLM1,TSRYS5893517,D,S,T,2024-10-18,1000000.00,3.985909,97.828125
08:00:30,91282CLM1,TSRYS5893517,D,S,T,2024-10-18,1000000.00,3.987225,97.8203125
08:00:30,91282CLM1,TSRYS5893517,D,S,T,2024-10-18,1000000.00,3.987225,97.8203125
08:00:30,91282CLM1,TSRYS5893517,D,S,T,2024-10-18,1000000.00,3.987225,97.8203125
08:00:30,91282CLM1,TSRYS5893517,D,S,T,2024-10-18,1000000.00,3.985909,97.828125
08:00:30,91282CLM1,TSRYS5893517,D,S,T,2024-10-18,1000000.00,3.984593,97.8359375
08:00:30,91282CLM1,TSRYS5893517,D,S,T,2024-10-18,1000000.00,3.983936,97.83984375
08:00:30,91282CLM1,TSRYS5893517,D,S,T,2024-10-18,1000000.00,3.983607,97.841796875
08:00:30,91282CLM1,TSRYS5893517,D,S,T,2024-10-18,1000000.00,3.982949,97.845703125
08:00:30,91282CLM1,TSRYS5893517,D,S,T,2024-10-18,1000000.00,3.98262,97.84765625
08:00:30,91282CLM1,TSRYS5893517,D,S,T,2024-10-18,1000000.00,3.98262,97.84765625
08:00:30,91282CLM1,TSRYS5893517,D,S,T,2024-10-18,1000000.00,3.98262,97.84765625
08:00:30,91282CLM1,TSRYS5893517,D,S,T,2024-10-18,1000000.00,3.98262,97.84765625
08:00:30,91282CLM1,TSRYS5893517,D,S,T,2024-10-18,1000000.00,3.98262,97.84765625
08:00:30,91282CLM1,TSRYS5893517,D,S,T,2024-10-18,1000000.00,3.98262,97.84765625
08:00:30,91282CLM1,TSRYS5893517,D,S,T,2024-10-18,1000000.00,3.98262,97.84765625
08:00:30,91282CLM1,TSRYS5893517,D,S,T,2024-10-18,1000000.00,3.98262,97.84765625
08:00:30,91282CLM1,TSRYS5893517,D,S,T,2024-10-18,1000000.00,3.983278,97.84375
08:00:30,91282CLM1,TSRYS5893517,D,S,T,2024-10-18,1000000.00,3.985909,97.828125
08:00:30,91282CLM1,TSRYS5893517,D,S,T,2024-10-18,1000000.00,3.988541,97.8125
08:00:30,91282CLM1,TSRYS5893517,D,S,T,2024-10-18,1000000.00,3.988541,97.8125
08:00:30,91282CLM1,TSRYS5893517,D,S,T,2024-10-18,1000000.00,3.988541,97.8125
08:00:30,91282CLM1,TSRYS5893517,D,S,T,2024-10-18,1000000.00,3.988541,97.8125
08:00:30,91282CLM1,TSRYS5893517,D,S,T,2024-10-18,1000000.00,3.988541,97.8125
08:00:30,91282CLM1,TSRYS5893517,D,S,T,2024-10-18,1000000.00,3.988541,97.8125
08:00:30,91282CLM1,TSRYS5893517,D,S,T,2024-10-18,1000000.00,3.988541,97.8125
08:00:30,91282CLM1,TSRYS5893517,D,S,C,2024-10-18,1000000.00,3.988212,97.814453125
08:00:30,91282CLM1,TSRYS5893517,D,S,T,2024-10-18,1000000.00,3.988541,97.8125
08:00:30,91282CLM1,TSRYS5893517,D,S,T,2024-10-18,1000000.00,3.989857,97.8046875
08:00:30,91282CLM1,TSRYS5893517,D,S,T,2024-10-18,1000000.00,3.988541,97.8125
08:00:30,91282CLM1,TSRYS5893517,D,S,T,2024-10-18,1000000.00,3.989857,97.8046875
08:00:30,91282CLM1,TSRYS5893517,D,S,T,2024-10-18,1000000.00,3.991173,97.796875
08:00:30,91282CLM1,TSRYS5893517,D,S,T,2024-10-18,1000000.00,3.989857,97.8046875
08:00:30,91282CLM1,TSRYS5893517,D,S,T,2024-10-18,1000000.00,3.989857,97.8046875
08:00:30,91282CLM1,TSRYS5893517,D,S,T,2024-10-18,1000000.00,3.988541,97.8125
08:00:30,91282CLM1,TSRYS5893517,D,S,T,2024-10-18,1000000.00,3.988541,97.8125
08:00:30,91282CLM1,TSRYS5893517,D,S,T,2024-10-18,1000000.00,3.988541,97.8125
08:00:30,91282CLM1,TSRYS5893517,D,S,T,2024-10-18,3000000.00,3.988541,97.8125
08:00:30,91282CLM1,TSRYS5893517,D,S,T,2024-10-18,1000000.00,3.988541,97.8125
08:00:30,91282CLM1,TSRYS5893517,D,S,T,2024-10-18,1000000.00,3.988541,97.8125
08:00:30,91282CLM1,TSRYS5893517,D,S,T,2024-10-18,1000000.00,3.988541,97.8125
08:00:30,91282CLM1,TSRYS5893517,D,S,D,2024-10-18,1000000.00,3.989199,97.80859375
08:00:30,91282CLM1,TSRYS5893517,D,S,T,2024-10-18,1000000.00,3.985909,97.828125
08:00:30,91282CLM1,TSRYS5893517,D,S,T,2024-10-18,1000000.00,3.985909,97.828125
08:00:30,91282CLM1,TSRYS5893517,D,S,T,2024-10-18,1000000.00,3.985909,97.828125
08:00:30,91282CLM1,TSRYS5893517,D,S,T,2024-10-18,1000000.00,3.985909,97.828125
08:00:30,91282CLM1,TSRYS5893517,D,S,T,2024-10-18,1000000.00,3.987225,97.8203125
08:00:30,91282CLM1,TSRYS5893517,D,S,T,2024-10-18,1000000.00,3.987225,97.8203125
08:00:30,91282CLM1,TSRYS5893517,D,S,T,2024-10-18,1000000.00,3.987225,97.8203125
08:00:30,91282CLM1,TSRYS5893517,D,S,T,2024-10-18,1000000.00,3.988541,97.8125
08:00:30,91282CLM1,TSRYS5893517,D,S,T,2024-10-18,1000000.00,3.988541,97.8125
08:00:30,91282CLM1,TSRYS5893517,D,S,T,2024-10-18,1000000.00,3.988541,97.8125
08:00:30,91282CLM1,TSRYS5893517,D,S,T,2024-10-18,1000000.00,3.988541,97.8125
08:00:30,91282CLM1,TSRYS5893517,D,S,T,2024-10-18,2000000.00,3.988541,97.8125
08:00:30,91282CLM1,TSRYS5893517,D,S,T,2024-10-18,1000000.00,3.988541,97.8125
08:00:30,91282CLM1,TSRYS5893517,D,S,T,2024-10-18,1000000.00,3.988541,97.8125
08:00:30,91282CLM1,TSRYS5893517,D,S,T,2024-10-18,1000000.00,3.988541,97.8125
08:00:30,91282CLM1,TSRYS5893517,D,S,T,2024-10-18,1000000.00,3.988541,97.8125
08:00:30,91282CLM1,TSRYS5893517,D,S,T,2024-10-18,1000000.00,3.988541,97.8125
08:00:30,91282CLM1,TSRYS5893517,D,S,T,2024-10-18,1000000.00,3.988541,97.8125
08:00:30,91282CLM1,TSRYS5893517,D,S,T,2024-10-18,1000000.00,3.988541,97.8125
08:00:30,91282CLM1,TSRYS5893517,D,S,T,2024-10-18,1000000.00,3.988541,97.8125
08:00:30,91282CLM1,TSRYS5893517,D,S,T,2024-10-18,1000000.00,3.988541,97.8125
08:00:30,91282CLM1,TSRYS5893517,D,S,T,2024-10-18,1000000.00,3.988541,97.8125
08:00:30,91282CLM1,TSRYS5893517,D,S,T,2024-10-18,1000000.00,3.988541,97.8125
08:00:30,91282CLM1,TSRYS5893517,D,S,T,2024-10-18,1000000.00,3.988541,97.8125
08:00:30,91282CLM1,TSRYS5893517,D,S,T,2024-10-18,1000000.00,3.988541,97.8125
08:00:30,91282CLM1,TSRYS5893517,D,S,T,2024-10-18,1000000.00,3.988541,97.8125
08:00:30,91282CLM1,TSRYS5893517,D,S,T,2024-10-18,1000000.00,3.99249,97.7890625
08:00:30,91282CLM1,TSRYS5893517,D,S,T,2024-10-18,1000000.00,3.99249,97.7890625
08:00:30,91282CLM1,TSRYS5893517,D,S,T,2024-10-18,1000000.00,3.99249,97.7890625
08:00:30,91282CLM1,TSRYS5893517,D,S,T,2024-10-18,1000000.00,3.99249,97.7890625
08:00:30,91282CLM1,TSRYS5893517,D,S,T,2024-10-18,1000000.00,3.99249,97.7890625
08:00:30,91282CLM1,TSRYS5893517,D,S,T,2024-10-18,1000000.00,3.995123,97.7734375
08:00:30,91282CLM1,TSRYS5893517,D,S,T,2024-10-18,1000000.00,3.995123,97.7734375
08:00:30,91282CLM1,TSRYS5893517,D,S,T,2024-10-18,1000000.00,3.995123,97.7734375
08:00:30,91282CLM1,TSRYS5893517,D,S,T,2024-10-18,1000000.00,3.997757,97.7578125
08:00:30,91282CLM1,TSRYS5893517,D,S,T,2024-10-18,1000000.00,3.997757,97.7578125
08:00:30,91282CLM1,TSRYS5893517,D,S,T,2024-10-18,1000000.00,4.000391,97.7421875
08:00:30,91282CLM1,TSRYS5893517,D,S,T,2024-10-18,1000000.00,4.001378,97.736328125
08:00:30,91282CLM1,TSRYS5893517,D,S,T,2024-10-18,1000000.00,4.003025,97.7265625
08:00:30,91282CLM1,TSRYS5893517,D,S,T,2024-10-18,1000000.00,4.003025,97.7265625
08:00:30,91282CLM1,TSRYS5893517,D,S,T,2024-10-18,1000000.00,4.003025,97.7265625
08:00:30,91282CLM1,TSRYS5893517,D,S,T,2024-10-18,1000000.00,4.003025,97.7265625
08:00:30,91282CLM1,TSRYS5893517,D,S,T,2024-10-18,1000000.00,4.003025,97.7265625
08:00:30,91282CLM1,TSRYS5893517,D,S,T,2024-10-18,1000000.00,4.003025,97.7265625
08:00:30,91282CLM1,TSRYS5893517,D,S,T,2024-10-18,1000000.00,4.004343,97.71875
08:00:30,91282CLM1,TSRYS5893517,D,S,T,2024-10-18,1000000.00,4.004343,97.71875
08:00:30,91282CLM1,TSRYS5893517,D,S,T,2024-10-18,1000000.00,4.00566,97.7109375
08:00:30,91282CLM1,TSRYS5893517,D,S,T,2024-10-18,1000000.00,4.006978,97.703125
08:00:30,91282CLM1,TSRYS5893517,D,S,T,2024-10-18,1000000.00,4.006978,97.703125
08:00:30,91282CLM1,TSRYS5893517,D,S,T,2024-10-18,1000000.00,4.008296,97.6953125
08:00:30,91282CLM1,TSRYS5893517,D,S,T,2024-10-18,2000000.00,4.009614,97.6875
08:00:30,91282CLM1,TSRYS5893517,D,S,T,2024-10-18,1000000.00,4.010932,97.6796875
08:00:30,91282CLM1,TSRYS5893517,D,S,T,2024-10-18,1000000.00,4.009614,97.6875
08:00:30,91282CLM1,TSRYS5893517,D,S,T,2024-10-18,1000000.00,4.008296,97.6953125
08:00:30,91282CLM1,TSRYS5893517,D,S,T,2024-10-18,1000000.00,4.009614,97.6875
08:00:30,91282CLM1,TSRYS5893517,D,S,T,2024-10-18,1000000.00,4.008296,97.6953125
08:00:30,91282CLM1,TSRYS5893517,D,S,T,2024-10-18,1000000.00,4.003025,97.7265625
08:00:30,91282CLM1,TSRYS5893517,D,S,T,2024-10-18,1000000.00,4.001708,97.734375
08:00:30,91282CLM1,TSRYS5893517,D,S,T,2024-10-18,1000000.00,4.000391,97.7421875
08:00:30,91282CLM1,TSRYS5893517,D,S,T,2024-10-18,1000000.00,4.001049,97.73828125
08:00:30,91282CLM1,TSRYS5893517,D,S,A,2024-10-18,5000000.00,3.988541,97.8125
08:00:30,91282CLM1,TSRYS5893517,D,S,T,2024-10-18,1000000.00,4.001708,97.734375
08:00:30,91282CLM1,TSRYS5893517,D,S,T,2024-10-18,1000000.00,4.001708,97.734375
08:00:30,91282CLM1,TSRYS5893517,D,S,T,2024-10-18,1000000.00,4.001708,97.734375
08:00:30,91282CLM1,TSRYS5893517,D,S,T,2024-10-18,1000000.00,4.004343,97.71875
08:00:30,91282CLM1,TSRYS5893517,D,S,T,2024-10-18,1000000.00,4.004343,97.71875
08:00:30,91282CLM1,TSRYS5893517,D,S,T,2024-10-18,1000000.00,4.006978,97.703125
08:00:30,91282CLM1,TSRYS5893517,D,S,T,2024-10-18,1000000.00,4.006978,97.703125
08:00:30,91282CLM1,TSRYS5893517,D,S,T,2024-10-18,1000000.00,4.006978,97.703125
08:00:30,91282CLM1,TSRYS5893517,D,S,T,2024-10-18,1000000.00,4.006978,97.703125
08:00:30,91282CLM1,TSRYS5893517,D,S,T,2024-10-18,1000000.00,4.009614,97.6875
08:00:30,91282CLM1,TSRYS5893517,D,S,T,2024-10-18,1000000.00,4.009614,97.6875
08:00:30,91282CLM1,TSRYS5893517,D,S,T,2024-10-18,1000000.00,4.009614,97.6875
08:00:30,91282CLM1,TSRYS5893517,D,S,T,2024-10-18,3000000.00,4.009614,97.6875
08:00:30,91282CLM1,TSRYS5893517,D,S,T,2024-10-18,2000000.00,4.009614,97.6875
08:00:30,91282CLM1,TSRYS5893517,D,S,T,2024-10-18,1000000.00,4.008296,97.6953125
08:00:30,91282CLM1,TSRYS5893517,D,S,T,2024-10-18,1000000.00,4.009614,97.6875
08:00:30,91282CLM1,TSRYS5893517,D,S,T,2024-10-18,1000000.00,4.009614,97.6875
08:00:30,91282CLM1,TSRYS5893517,D,S,T,2024-10-18,1000000.00,4.010273,97.68359375
08:00:30,91282CLM1,TSRYS5893517,D,S,T,2024-10-18,1000000.00,4.010273,97.68359375
08:00:30,91282CLM1,TSRYS5893517,D,S,T,2024-10-18,1000000.00,4.010273,97.68359375
08:00:30,91282CLM1,TSRYS5893517,D,S,T,2024-10-18,1000000.00,4.010273,97.68359375
08:00:30,91282CLM1,TSRYS5893517,D,S,T,2024-10-18,1000000.00,4.010273,97.68359375
08:00:30,91282CLM1,TSRYS5893517,D,S,T,2024-10-18,1000000.00,4.010273,97.68359375
08:00:30,91282CLM1,TSRYS5893517,D,S,T,2024-10-18,1000000.00,4.010602,97.681640625
08:00:30,91282CLM1,TSRYS5893517,D,S,T,2024-10-18,1000000.00,4.010273,97.68359375
08:00:30,91282CLM1,TSRYS5893517,D,S,T,2024-10-18,1000000.00,4.010273,97.68359375
08:00:30,91282CLM1,TSRYS5893517,D,S,T,2024-10-18,1000000.00,4.010273,97.68359375
08:00:30,91282CLM1,TSRYS5893517,D,S,T,2024-10-18,1000000.00,4.010273,97.68359375
08:00:30,91282CLM1,TSRYS5893517,D,S,T,2024-10-18,1000000.00,4.010273,97.68359375
08:00:30,91282CLM1,TSRYS5893517,D,S,T,2024-10-18,1000000.00,4.010273,97.68359375
08:00:30,91282CLM1,TSRYS5893517,D,S,T,2024-10-18,1000000.00,4.008296,97.6953125
08:00:30,91282CLM1,TSRYS5893517,D,S,T,2024-10-18,1000000.00,4.006978,97.703125
08:00:30,91282CLM1,TSRYS5893517,D,S,T,2024-10-18,1000000.00,4.006978,97.703125
08:00:30,91282CLM1,TSRYS5893517,D,S,T,2024-10-18,1000000.00,4.006978,97.703125
08:00:30,91282CLM1,TSRYS5893517,D,S,T,2024-10-18,1000000.00,4.006978,97.703125
08:00:30,91282CLM1,TSRYS5893517,D,S,T,2024-10-18,1000000.00,4.006978,97.703125
08:00:30,91282CLM1,TSRYS5893517,D,S,T,2024-10-18,2000000.00,4.006978,97.703125
08:00:30,91282CLM1,TSRYS5893517,D,S,T,2024-10-18,1000000.00,4.006978,97.703125
08:00:30,91282CLM1,TSRYS5893517,D,S,T,2024-10-18,1000000.00,4.006978,97.703125
08:00:30,91282CLM1,TSRYS5893517,D,S,T,2024-10-18,1000000.00,4.00566,97.7109375
08:00:30,91282CLM1,TSRYS5893517,D,S,T,2024-10-18,1000000.00,4.006978,97.703125
08:00:30,91282CLM1,TSRYS5893517,D,S,T,2024-10-18,1000000.00,4.006648,97.705078125
08:00:30,91282CLM1,TSRYS5893517,D,S,T,2024-10-18,1000000.00,4.006978,97.703125
08:00:30,91282CLM1,TSRYS5893517,D,S,T,2024-10-18,1000000.00,4.006978,97.703125
08:00:30,91282CLM1,TSRYS5893517,D,S,T,2024-10-18,1000000.00,4.006978,97.703125
08:00:30,91282CLM1,TSRYS5893517,D,S,T,2024-10-18,1000000.00,4.006978,97.703125
08:00:30,91282CLM1,TSRYS5893517,D,S,T,2024-10-18,1000000.00,4.006978,97.703125
08:00:30,91282CLM1,TSRYS5893517,D,S,T,2024-10-18,1000000.00,4.006978,97.703125
08:00:30,91282CLM1,TSRYS5893517,D,S,T,2024-10-18,2000000.00,4.006978,97.703125
08:00:31,91282CLM1,TSRYS5893517,D,S,T,2024-10-18,1000000.00,4.006648,97.705078125
08:00:31,91282CLM1,TSRYS5893517,D,S,T,2024-10-18,1000000.00,4.00566,97.7109375
08:00:31,91282CLM1,TSRYS5893517,D,S,T,2024-10-18,1000000.00,4.00566,97.7109375
08:00:31,91282CLM1,TSRYS5893517,D,S,T,2024-10-18,1000000.00,4.00566,97.7109375
08:00:31,91282CLM1,TSRYS5893517,D,S,T,2024-10-18,1000000.00,4.006978,97.703125
08:00:31,91282CLM1,TSRYS5893517,D,S,T,2024-10-18,1000000.00,4.00566,97.7109375
08:00:31,91282CLM1,TSRYS5893517,D,S,T,2024-10-18,1000000.00,4.00566,97.7109375
08:00:31,91282CLM1,TSRYS5893517,D,S,T,2024-10-18,1000000.00,4.00566,97.7109375
08:00:31,91282CLM1,TSRYS5893517,D,S,T,2024-10-18,1000000.00,4.00566,97.7109375
08:00:31,91282CLM1,TSRYS5893517,D,S,T,2024-10-18,1000000.00,4.00566,97.7109375
08:00:31,91282CLM1,TSRYS5893517,D,S,T,2024-10-18,1000000.00,4.00566,97.7109375
08:00:31,91282CLM1,TSRYS5893517,D,S,T,2024-10-18,1000000.00,4.006978,97.703125
08:00:31,91282CLM1,TSRYS5893517,D,S,T,2024-10-18,1000000.00,4.006978,97.703125
08:00:31,91282CLM1,TSRYS5893517,D,S,T,2024-10-18,1000000.00,4.000391,97.7421875
08:00:31,91282CLM1,TSRYS5893517,D,S,T,2024-10-18,1000000.00,4.000391,97.7421875
08:00:31,91282CLM1,TSRYS5893517,D,S,T,2024-10-18,1000000.00,4.003025,97.7265625
08:00:31,91282CLM1,TSRYS5893517,D,S,T,2024-10-18,1000000.00,4.001708,97.734375
08:00:31,91282CLM1,TSRYS5893517,D,S,T,2024-10-18,1000000.00,4.001708,97.734375
08:00:31,91282CLM1,TSRYS5893517,D,S,T,2024-10-18,1000000.00,4.001708,97.734375
08:00:31,91282CLM1,TSRYS5893517,D,S,T,2024-10-18,1000000.00,4.001708,97.734375
08:00:31,91282CLM1,TSRYS5893517,D,S,T,2024-10-18,1000000.00,4.001708,97.734375
08:00:31,91282CLM1,TSRYS5893517,D,S,T,2024-10-18,1000000.00,4.001708,97.734375
08:00:31,91282CLM1,TSRYS5893517,D,S,T,2024-10-18,1000000.00,4.001378,97.736328125
08:00:31,91282CLM1,TSRYS5893517,D,S,T,2024-10-18,1000000.00,4.001378,97.736328125
08:00:31,91282CLM1,TSRYS5893517,D,S,T,2024-10-18,1000000.00,4.003684,97.72265625
08:00:31,91282CLM1,TSRYS5893517,D,S,T,2024-10-18,1000000.00,4.003684,97.72265625
08:00:31,91282CLM1,TSRYS5893517,D,S,T,2024-10-18,1000000.00,4.003025,97.7265625
08:00:31,91282CLM1,TSRYS5893517,D,S,T,2024-10-18,1000000.00,4.003684,97.72265625
08:00:31,91282CLM1,TSRYS5893517,D,S,T,2024-10-18,1000000.00,4.003684,97.72265625
08:00:31,91282CLM1,TSRYS5893517,D,S,T,2024-10-18,1000000.00,4.003684,97.72265625
08:00:31,91282CLM1,TSRYS5893517,D,S,T,2024-10-18,1000000.00,4.003025,97.7265625
08:00:31,91282CLM1,TSRYS5893517,D,S,T,2024-10-18,1000000.00,3.999073,97.75
08:00:31,91282CLM1,TSRYS5893517,D,S,T,2024-10-18,1000000.00,4.001708,97.734375
08:00:31,91282CLM1,TSRYS5893517,D,S,T,2024-10-18,1000000.00,4.001708,97.734375
08:00:31,91282CLM1,TSRYS5893517,D,S,T,2024-10-18,1000000.00,4.000391,97.7421875
08:00:31,91282CLM1,TSRYS5893517,D,S,T,2024-10-18,1000000.00,4.000391,97.7421875
08:00:31,91282CLM1,TSRYS5893517,D,S,T,2024-10-18,1000000.00,4.000391,97.7421875
08:00:31,91282CLM1,TSRYS5893517,D,S,T,2024-10-18,1000000.00,3.999073,97.75
08:00:31,91282CLM1,TSRYS5893517,D,S,T,2024-10-18,1000000.00,3.99644,97.765625
08:00:31,91282CLM1,TSRYS5893517,D,S,T,2024-10-18,1000000.00,3.997757,97.7578125
08:00:31,91282CLM1,TSRYS5893517,D,S,T,2024-10-18,1000000.00,3.99644,97.765625
08:00:31,91282CLM1,TSRYS5893517,D,S,T,2024-10-18,1000000.00,3.99644,97.765625
08:00:31,91282CLM1,TSRYS5893517,D,S,T,2024-10-18,1000000.00,3.99644,97.765625
08:00:31,91282CLM1,TSRYS5893517,D,S,T,2024-10-18,1000000.00,3.99644,97.765625
08:00:31,91282CLM1,TSRYS5893517,D,S,T,2024-10-18,1000000.00,3.995123,97.7734375
08:00:31,91282CLM1,TSRYS5893517,D,S,T,2024-10-18,1000000.00,3.995123,97.7734375
08:00:31,91282CLM1,TSRYS5893517,D,S,T,2024-10-18,1000000.00,3.995123,97.7734375
08:00:31,91282CLM1,TSRYS5893517,D,S,T,2024-10-18,1000000.00,3.995123,97.7734375
08:00:31,91282CLM1,TSRYS5893517,D,S,T,2024-10-18,1000000.00,3.995123,97.7734375
08:00:31,91282CLM1,TSRYS5893517,D,S,T,2024-10-18,1000000.00,3.995123,97.7734375
08:00:31,91282CLM1,TSRYS5893517,D,S,T,2024-10-18,1000000.00,3.993806,97.78125
08:00:31,91282CLM1,TSRYS5893517,D,S,T,2024-10-18,1000000.00,3.993806,97.78125
08:00:31,91282CLM1,TSRYS5893517,D,S,T,2024-10-18,1000000.00,3.99249,97.7890625
08:00:31,91282CLM1,TSRYS5893517,D,S,T,2024-10-18,1000000.00,3.99249,97.7890625
08:00:31,91282CLM1,TSRYS5893517,D,S,T,2024-10-18,1000000.00,3.99249,97.7890625
08:00:31,91282CLM1,TSRYS5893517,D,S,T,2024-10-18,1000000.00,3.991173,97.796875
08:00:31,91282CLM1,TSRYS5893517,D,S,T,2024-10-18,1000000.00,3.989199,97.80859375
08:00:31,91282CLM1,TSRYS5893517,D,S,T,2024-10-18,1000000.00,3.989857,97.8046875
08:00:31,91282CLM1,TSRYS5893517,D,S,T,2024-10-18,1000000.00,3.989857,97.8046875
08:00:31,91282CLM1,TSRYS5893517,D,S,T,2024-10-18,1000000.00,3.991173,97.796875
08:00:31,91282CLM1,TSRYS5893517,D,S,T,2024-10-18,1000000.00,3.991173,97.796875
08:00:31,91282CLM1,TSRYS5893517,D,S,T,2024-10-18,1000000.00,3.99249,97.7890625
08:00:31,91282CLM1,TSRYS5893517,D,S,T,2024-10-18,1000000.00,3.99249,97.7890625
08:00:31,91282CLM1,TSRYS5893517,D,S,T,2024-10-18,1000000.00,3.99249,97.7890625
08:00:31,91282CLM1,TSRYS5893517,D,S,T,2024-10-18,1000000.00,3.99249,97.7890625
08:00:31,91282CLM1,TSRYS5893517,D,S,T,2024-10-18,1000000.00,3.99249,97.7890625
08:00:31,91282CLM1,TSRYS5893517,D,S,T,2024-10-18,1000000.00,3.99249,97.7890625
08:00:31,91282CLM1,TSRYS5893517,D,S,T,2024-10-18,1000000.00,3.99249,97.7890625
08:00:31,91282CLM1,TSRYS5893517,D,S,T,2024-10-18,1000000.00,3.993806,97.78125
08:00:31,91282CLM1,TSRYS5893517,D,S,T,2024-10-18,1000000.00,3.993806,97.78125
08:00:31,91282CLM1,TSRYS5893517,D,S,T,2024-10-18,1000000.00,3.993806,97.78125
08:00:31,91282CLM1,TSRYS5893517,D,S,T,2024-10-18,1000000.00,3.993806,97.78125
08:00:31,91282CLM1,TSRYS5893517,D,S,T,2024-10-18,1000000.00,3.993806,97.78125
08:00:31,91282CLM1,TSRYS5893517,D,S,T,2024-10-18,1000000.00,3.993806,97.78125
08:00:31,91282CLM1,TSRYS5893517,D,S,T,2024-10-18,1000000.00,3.992819,97.787109375
08:00:31,91282CLM1,TSRYS5893517,D,S,T,2024-10-18,1000000.00,3.99249,97.7890625
08:00:31,91282CLM1,TSRYS5893517,D,S,T,2024-10-18,1000000.00,3.99249,97.7890625
08:00:31,91282CLM1,TSRYS5893517,D,S,T,2024-10-18,1000000.00,3.99249,97.7890625
08:00:31,91282CLM1,TSRYS5893517,D,S,T,2024-10-18,1000000.00,3.99249,97.7890625
08:00:31,91282CLM1,TSRYS5893517,D,S,T,2024-10-18,1000000.00,3.99249,97.7890625
08:00:31,91282CLM1,TSRYS5893517,D,S,T,2024-10-18,1000000.00,3.99249,97.7890625
08:00:31,91282CLM1,TSRYS5893517,D,S,T,2024-10-18,1000000.00,3.99249,97.7890625
08:00:31,91282CLM1,TSRYS5893517,D,S,T,2024-10-18,1000000.00,3.99249,97.7890625
08:00:31,91282CLM1,TSRYS5893517,D,S,T,2024-10-18,1000000.00,3.99249,97.7890625
08:00:31,91282CLM1,TSRYS5893517,D,S,T,2024-10-18,1000000.00,3.99249,97.7890625
08:00:31,91282CLM1,TSRYS5893517,D,S,T,2024-10-18,1000000.00,3.99249,97.7890625
08:00:31,91282CLM1,TSRYS5893517,D,S,T,2024-10-18,1000000.00,3.991173,97.796875
08:00:31,91282CLM1,TSRYS5893517,D,S,T,2024-10-18,1000000.00,3.991173,97.796875
08:00:31,91282CLM1,TSRYS5893517,D,S,T,2024-10-18,1000000.00,3.991173,97.796875
08:00:31,91282CLM1,TSRYS5893517,D,S,T,2024-10-18,1000000.00,3.991173,97.796875
08:00:31,91282CLM1,TSRYS5893517,D,S,T,2024-10-18,1000000.00,3.991173,97.796875
08:00:31,91282CLM1,TSRYS5893517,D,S,T,2024-10-18,1000000.00,3.991173,97.796875
08:00:31,91282CLM1,TSRYS5893517,D,S,T,2024-10-18,1000000.00,3.991173,97.796875
08:00:31,91282CLM1,TSRYS5893517,D,S,T,2024-10-18,1000000.00,3.991173,97.796875
08:00:31,91282CLM1,TSRYS5893517,D,S,T,2024-10-18,1000000.00,3.991173,97.796875
08:00:31,91282CLM1,TSRYS5893517,D,S,T,2024-10-18,1000000.00,3.991173,97.796875
08:00:31,91282CLM1,TSRYS5893517,D,S,T,2024-10-18,1000000.00,3.991173,97.796875
08:00:31,91282CLM1,TSRYS5893517,D,S,T,2024-10-18,1000000.00,3.991173,97.796875
08:00:31,91282CLM1,TSRYS5893517,D,S,T,2024-10-18,1000000.00,3.99249,97.7890625
08:00:31,91282CLM1,TSRYS5893517,D,S,T,2024-10-18,1000000.00,3.99249,97.7890625
08:00:31,91282CLM1,TSRYS5893517,D,S,T,2024-10-18,1000000.00,3.99249,97.7890625
08:00:31,91282CLM1,TSRYS5893517,D,S,T,2024-10-18,1000000.00,3.99249,97.7890625
08:00:31,91282CLM1,TSRYS5893517,D,S,T,2024-10-18,1000000.00,3.99249,97.7890625
08:00:31,91282CLM1,TSRYS5893517,D,S,T,2024-10-18,1000000.00,3.99249,97.7890625
08:00:31,91282CLM1,TSRYS5893517,D,S,T,2024-10-18,1000000.00,3.993806,97.78125
08:00:31,91282CLM1,TSRYS5893517,D,S,T,2024-10-18,1000000.00,3.991173,97.796875
08:00:31,91282CLM1,TSRYS5893517,D,S,T,2024-10-18,1000000.00,3.991173,97.796875
08:00:31,91282CLM1,TSRYS5893517,D,S,T,2024-10-18,1000000.00,3.991173,97.796875
08:00:31,91282CLM1,TSRYS5893517,D,S,T,2024-10-18,1000000.00,3.989857,97.8046875
08:00:31,91282CLM1,TSRYS5893517,D,S,T,2024-10-18,1000000.00,3.991173,97.796875
08:00:31,91282CLM1,TSRYS5893517,D,S,T,2024-10-18,1000000.00,3.991173,97.796875
08:00:31,91282CLM1,TSRYS5893517,D,S,T,2024-10-18,1000000.00,3.991173,97.796875
08:00:31,91282CLM1,TSRYS5893517,D,S,T,2024-10-18,1000000.00,3.991173,97.796875
08:00:31,91282CLM1,TSRYS5893517,D,S,T,2024-10-18,1000000.00,3.991173,97.796875
08:00:31,91282CLM1,TSRYS5893517,D,S,T,2024-10-18,1000000.00,3.991173,97.796875
08:00:31,91282CLM1,TSRYS5893517,D,S,T,2024-10-18,1000000.00,3.991173,97.796875
08:00:31,91282CLM1,TSRYS5893517,D,S,T,2024-10-18,1000000.00,3.991173,97.796875
08:00:31,91282CLM1,TSRYS5893517,D,S,T,2024-10-18,1000000.00,3.988541,97.8125
08:00:31,91282CLM1,TSRYS5893517,D,S,T,2024-10-18,1000000.00,3.987225,97.8203125
08:00:31,91282CLM1,TSRYS5893517,D,S,T,2024-10-18,1000000.00,3.988541,97.8125
08:00:31,91282CLM1,TSRYS5893517,D,S,T,2024-10-18,1000000.00,3.988541,97.8125
08:00:31,91282CLM1,TSRYS5893517,D,S,T,2024-10-18,1000000.00,3.988541,97.8125
08:00:31,91282CLM1,TSRYS5893517,D,S,T,2024-10-18,1000000.00,3.989857,97.8046875
08:00:31,91282CLM1,TSRYS5893517,D,S,T,2024-10-18,1000000.00,3.991173,97.796875
08:00:31,91282CLM1,TSRYS5893517,D,S,T,2024-10-18,1000000.00,3.991173,97.796875
08:00:31,91282CLM1,TSRYS5893517,D,S,T,2024-10-18,1000000.00,3.991173,97.796875
08:00:31,91282CLM1,TSRYS5893517,D,S,T,2024-10-18,1000000.00,3.988541,97.8125
08:00:31,91282CLM1,TSRYS5893517,D,S,T,2024-10-18,1000000.00,3.988541,97.8125
08:00:31,91282CLM1,TSRYS5893517,D,S,T,2024-10-18,1000000.00,3.990515,97.80078125
08:00:31,91282CLM1,TSRYS5893517,D,S,T,2024-10-18,1000000.00,3.990515,97.80078125
08:00:31,91282CLM1,TSRYS5893517,D,S,T,2024-10-18,1000000.00,3.99249,97.7890625
08:00:31,91282CLM1,TSRYS5893517,D,S,T,2024-10-18,1000000.00,3.99249,97.7890625
08:00:31,91282CLM1,TSRYS5893517,D,S,D,2024-10-18,1000000.00,3.991832,97.79296875
08:00:31,91282CLM1,TSRYS5893517,D,S,D,2024-10-18,1000000.00,3.991832,97.79296875
08:00:31,91282CLM1,TSRYS5893517,D,S,T,2024-10-18,1000000.00,3.993806,97.78125
08:00:31,91282CLM1,TSRYS5893517,D,S,T,2024-10-18,1000000.00,3.99644,97.765625
08:00:31,91282CLM1,TSRYS5893517,D,S,D,2024-10-18,1000000.00,3.996769,97.763671875
08:00:31,91282CLM1,TSRYS5893517,D,S,D,2024-10-18,1000000.00,3.996769,97.763671875
08:00:31,91282CLM1,TSRYS5893517,D,S,D,2024-10-18,1000000.00,4.001708,97.734375
08:00:31,91282CLM1,TSRYS5893517,D,S,D,2024-10-18,1000000.00,4.001708,97.734375
08:00:31,91282CLM1,TSRYS5893517,D,S,T,2024-10-18,1000000.00,4.002037,97.732421875
08:00:31,91282CLM1,TSRYS5893517,D,S,T,2024-10-18,1000000.00,4.001708,97.734375
08:00:31,91282CLM1,TSRYS5893517,D,S,T,2024-10-18,1000000.00,4.00566,97.7109375
08:00:31,91282CLM1,TSRYS5893517,D,S,T,2024-10-18,1000000.00,4.003354,97.724609375
08:00:31,91282CLM1,TSRYS5893517,D,S,T,2024-10-18,1000000.00,4.002366,97.73046875
08:00:31,91282CLM1,TSRYS5893517,D,S,T,2024-10-18,1000000.00,4.004343,97.71875
08:00:31,91282CLM1,TSRYS5893517,D,S,T,2024-10-18,1000000.00,4.004343,97.71875
08:00:31,91282CLM1,TSRYS5893517,D,S,T,2024-10-18,1000000.00,4.003025,97.7265625
08:00:31,91282CLM1,TSRYS5893517,D,S,T,2024-10-18,1000000.00,3.983278,97.84375
08:00:31,91282CLM1,TSRYS5893517,D,S,T,2024-10-18,1000000.00,3.983278,97.84375
08:00:31,91282CLM1,TSRYS5893517,D,S,T,2024-10-18,1000000.00,3.982949,97.845703125
08:00:31,91282CLM1,TSRYS5893517,D,S,T,2024-10-18,1000000.00,3.982949,97.845703125
08:00:31,91282CLM1,TSRYS5893517,D,S,T,2024-10-18,1000000.00,3.982949,97.845703125
08:00:31,91282CLM1,TSRYS5893517,D,S,T,2024-10-18,1000000.00,3.982949,97.845703125
08:00:31,91282CLM1,TSRYS5893517,D,S,T,2024-10-18,1000000.00,3.986238,97.826171875
08:00:31,91282CLM1,TSRYS5893517,D,S,T,2024-10-18,1000000.00,3.986896,97.822265625
08:00:31,91282CLM1,TSRYS5893517,D,S,T,2024-10-18,1000000.00,3.983607,97.841796875
08:00:31,91282CLM1,TSRYS5893517,D,S,T,2024-10-18,1000000.00,3.983607,97.841796875
08:00:31,91282CLM1,TSRYS5893517,D,S,T,2024-10-18,1000000.00,3.983607,97.841796875
08:00:31,91282CLM1,TSRYS5893517,D,S,T,2024-10-18,1000000.00,3.983607,97.841796875
08:00:31,91282CLM1,TSRYS5893517,D,S,T,2024-10-18,1000000.00,3.983607,97.841796875
08:00:31,91282CLM1,TSRYS5893517,D,S,T,2024-10-18,1000000.00,3.983607,97.841796875
08:00:31,91282CLM1,TSRYS5893517,D,S,T,2024-10-18,1000000.00,3.983607,97.841796875
08:00:31,91282CLM1,TSRYS5893517,D,S,T,2024-10-18,1000000.00,3.983607,97.841796875
08:00:31,91282CLM1,TSRYS5893517,D,S,T,2024-10-18,1000000.00,3.983607,97.841796875
08:00:31,91282CLM1,TSRYS5893517,D,S,T,2024-10-18,1000000.00,3.983607,97.841796875
08:00:31,91282CLM1,TSRYS5893517,D,S,T,2024-10-18,1000000.00,3.983607,97.841796875
08:00:31,91282CLM1,TSRYS5893517,D,S,T,2024-10-18,1000000.00,3.983607,97.841796875
08:00:31,91282CLM1,TSRYS5893517,D,S,T,2024-10-18,1000000.00,3.983936,97.83984375
08:00:31,91282CLM1,TSRYS5893517,D,S,T,2024-10-18,1000000.00,3.983936,97.83984375
08:00:31,91282CLM1,TSRYS5893517,D,S,T,2024-10-18,1000000.00,3.983936,97.83984375
08:00:31,91282CLM1,TSRYS5893517,D,S,T,2024-10-18,1000000.00,3.988541,97.8125
08:00:31,91282CLM1,TSRYS5893517,D,S,T,2024-10-18,1000000.00,3.988541,97.8125
08:00:31,91282CLM1,TSRYS5893517,D,S,T,2024-10-18,1000000.00,3.987883,97.81640625
08:00:31,91282CLM1,TSRYS5893517,D,S,T,2024-10-18,1000000.00,3.988541,97.8125
08:00:31,91282CLM1,TSRYS5893517,D,S,T,2024-10-18,1000000.00,3.988541,97.8125
08:00:31,91282CLM1,TSRYS5893517,D,S,T,2024-10-18,1000000.00,3.987554,97.818359375
08:00:31,91282CLM1,TSRYS5893517,D,S,T,2024-10-18,1000000.00,3.988541,97.8125
08:00:31,91282CLM1,TSRYS5893517,D,S,T,2024-10-18,1000000.00,3.988212,97.814453125
08:00:31,91282CLM1,TSRYS5893517,D,S,T,2024-10-18,1000000.00,3.988212,97.814453125
08:00:31,91282CLM1,TSRYS5893517,D,S,T,2024-10-18,1000000.00,3.989199,97.80859375
08:00:31,91282CLM1,TSRYS5893517,D,S,T,2024-10-18,1000000.00,3.987225,97.8203125
08:00:31,91282CLM1,TSRYS5893517,D,S,T,2024-10-18,1000000.00,3.987225,97.8203125
08:00:31,91282CLM1,TSRYS5893517,D,S,D,2024-10-18,1000000.00,3.997757,97.7578125
08:00:31,91282CLM1,TSRYS5893517,D,S,T,2024-10-18,1000000.00,3.987225,97.8203125
08:00:32,91282CLM1,TSRYS5893517,D,S,T,2024-10-18,1000000.00,3.987225,97.8203125
08:00:32,91282CLM1,TSRYS5893517,D,S,T,2024-10-18,1000000.00,3.987225,97.8203125
08:00:32,91282CLM1,TSRYS5893517,D,S,T,2024-10-18,1000000.00,3.998744,97.751953125
08:00:32,91282CLM1,TSRYS5893517,D,S,T,2024-10-18,1000000.00,3.999403,97.748046875
08:00:32,91282CLM1,TSRYS5893517,D,S,T,2024-10-18,1000000.00,3.999403,97.748046875
08:00:32,91282CLM1,TSRYS5893517,D,S,T,2024-10-18,1000000.00,3.998744,97.751953125
08:00:32,91282CLM1,TSRYS5893517,D,S,T,2024-10-18,1000000.00,4.008296,97.6953125
08:00:32,91282CLM1,TSRYS5893517,D,S,T,2024-10-18,1000000.00,4.008296,97.6953125
08:00:32,91282CLM1,TSRYS5893517,D,S,T,2024-10-18,1000000.00,4.006648,97.705078125
08:00:32,91282CLM1,TSRYS5893517,D,S,T,2024-10-18,1000000.00,4.003354,97.724609375
08:00:32,91282CLM1,TSRYS5893517,D,S,T,2024-10-18,1000000.00,4.003354,97.724609375
08:00:32,91282CLM1,TSRYS5893517,D,S,T,2024-10-18,1000000.00,4.003354,97.724609375
08:00:32,91282CLM1,TSRYS5893517,D,S,T,2024-10-18,1000000.00,4.009284,97.689453125
08:00:32,91282CLM1,TSRYS5893517,D,S,T,2024-10-18,1000000.00,4.009284,97.689453125
08:00:32,91282CLM1,TSRYS5893517,D,S,T,2024-10-18,1000000.00,4.009284,97.689453125
08:00:32,91282CLM1,TSRYS5893517,D,S,T,2024-10-18,1000000.00,4.009284,97.689453125
08:00:32,91282CLM1,TSRYS5893517,D,S,T,2024-10-18,1000000.00,4.008625,97.693359375
08:00:32,91282CLM1,TSRYS5893517,D,S,T,2024-10-18,1000000.00,4.008625,97.693359375
08:00:32,91282CLM1,TSRYS5893517,D,S,T,2024-10-18,1000000.00,4.009943,97.685546875
08:00:32,91282CLM1,TSRYS5893517,D,S,T,2024-10-18,1000000.00,4.009943,97.685546875
08:00:32,91282CLM1,TSRYS5893517,D,S,T,2024-10-18,1000000.00,4.010273,97.68359375
08:00:32,91282CLM1,TSRYS5893517,D,S,T,2024-10-18,1000000.00,4.010932,97.6796875
08:00:32,91282CLM1,TSRYS5893517,D,S,T,2024-10-18,1000000.00,4.010932,97.6796875
08:00:32,91282CLM1,TSRYS5893517,D,S,T,2024-10-18,1000000.00,4.008625,97.693359375
08:00:32,91282CLM1,TSRYS5893517,D,S,T,2024-10-18,1000000.00,4.008625,97.693359375
08:00:32,91282CLM1,TSRYS5893517,D,S,T,2024-10-18,1000000.00,4.008625,97.693359375
08:00:32,91282CLM1,TSRYS5893517,D,S,T,2024-10-18,1000000.00,4.006648,97.705078125
08:00:32,91282CLM1,TSRYS5893517,D,S,T,2024-10-18,1000000.00,4.007307,97.701171875
08:00:32,91282CLM1,TSRYS5893517,D,S,T,2024-10-18,1000000.00,4.00599,97.708984375
08:00:32,91282CLM1,TSRYS5893517,D,S,T,2024-10-18,1000000.00,4.006319,97.70703125
08:00:32,91282CLM1,TSRYS5893517,D,S,T,2024-10-18,1000000.00,4.006319,97.70703125
08:00:32,91282CLM1,TSRYS5893517,D,S,T,2024-10-18,1000000.00,4.005331,97.712890625
08:00:32,91282CLM1,TSRYS5893517,D,S,T,2024-10-18,1000000.00,4.005331,97.712890625
08:00:32,91282CLM1,TSRYS5893517,D,S,T,2024-10-18,1000000.00,4.005331,97.712890625
08:00:32,91282CLM1,TSRYS5893517,D,S,T,2024-10-18,1000000.00,4.005331,97.712890625
08:00:32,91282CLM1,TSRYS5893517,D,S,T,2024-10-18,1000000.00,4.003684,97.72265625
08:00:32,91282CLM1,TSRYS5893517,D,S,T,2024-10-18,1000000.00,4.006319,97.70703125
08:00:32,91282CLM1,TSRYS5893517,D,S,T,2024-10-18,1000000.00,4.006319,97.70703125
08:00:32,91282CLM1,TSRYS5893517,D,S,T,2024-10-18,1000000.00,4.006319,97.70703125
08:00:32,91282CLM1,TSRYS5893517,D,S,T,2024-10-18,1000000.00,4.00566,97.7109375
08:00:32,91282CLM1,TSRYS5893517,D,S,T,2024-10-18,1000000.00,4.00599,97.708984375
08:00:32,91282CLM1,TSRYS5893517,D,S,T,2024-10-18,1000000.00,4.00072,97.740234375
08:00:32,91282CLM1,TSRYS5893517,D,B,A,2024-10-18,5000000.00,3.988541,97.8125
08:00:32,91282CLM1,TSRYS5893517,D,S,T,2024-10-18,2000000.00,3.98887,97.810546875
08:00:32,91282CLM1,TSRYS5893517,D,S,T,2024-10-18,1000000.00,3.991173,97.796875
08:00:32,91282CLM1,TSRYS5893517,D,S,T,2024-10-18,1000000.00,3.991173,97.796875
08:00:32,91282CLM1,TSRYS5893517,D,S,T,2024-10-18,1000000.00,3.991173,97.796875
08:00:32,91282CLM1,TSRYS5893517,D,S,T,2024-10-18,1000000.00,3.991173,97.796875
08:00:32,91282CLM1,TSRYS5893517,D,S,T,2024-10-18,1000000.00,3.991173,97.796875
08:00:32,91282CLM1,TSRYS5893517,D,S,T,2024-10-18,1000000.00,3.991173,97.796875
08:00:32,91282CLM1,TSRYS5893517,D,S,T,2024-10-18,1000000.00,3.991173,97.796875
08:00:32,91282CLM1,TSRYS5893517,D,S,T,2024-10-18,2000000.00,3.986567,97.82421875
08:00:32,91282CLM1,TSRYS5893517,D,S,T,2024-10-18,1000000.00,3.98887,97.810546875
08:00:32,91282CLM1,TSRYS5893517,D,S,T,2024-10-18,1000000.00,3.98887,97.810546875
08:00:32,91282CLM1,TSRYS5893517,D,S,D,2024-10-18,1000000.00,3.98887,97.810546875
08:00:32,91282CLM1,TSRYS5893517,D,S,T,2024-10-18,1000000.00,3.98887,97.810546875
08:00:32,91282CLM1,TSRYS5893517,D,S,T,2024-10-18,2000000.00,3.98887,97.810546875
08:00:32,91282CLM1,TSRYS5893517,D,S,T,2024-10-18,1000000.00,3.98887,97.810546875
08:00:32,91282CLM1,TSRYS5893517,D,S,T,2024-10-18,1000000.00,3.98887,97.810546875
08:00:32,91282CLM1,TSRYS5893517,D,S,T,2024-10-18,1000000.00,4.001708,97.734375
08:00:32,91282CLM1,TSRYS5893517,D,S,T,2024-10-18,1000000.00,4.004013,97.720703125
08:00:32,91282CLM1,TSRYS5893517,D,S,T,2024-10-18,1000000.00,4.002366,97.73046875
08:00:32,91282CLM1,TSRYS5893517,D,S,T,2024-10-18,1000000.00,4.002366,97.73046875
08:00:32,91282CLM1,TSRYS5893517,D,S,T,2024-10-18,1000000.00,4.004343,97.71875
08:00:32,91282CLM1,TSRYS5893517,D,S,T,2024-10-18,1000000.00,4.004343,97.71875
08:00:32,91282CLM1,TSRYS5893517,D,S,D,2024-10-18,1000000.00,3.983278,97.84375
08:00:32,91282CLM1,TSRYS5893517,D,S,D,2024-10-18,1000000.00,3.982949,97.845703125
08:00:32,91282CLM1,TSRYS5893517,D,S,D,2024-10-18,1000000.00,3.98558,97.830078125
08:00:32,91282CLM1,TSRYS5893517,D,S,D,2024-10-18,1000000.00,3.983607,97.841796875
08:00:32,91282CLM1,TSRYS5893517,D,S,D,2024-10-18,1000000.00,3.983607,97.841796875
08:00:32,91282CLM1,TSRYS5893517,D,S,D,2024-10-18,1000000.00,3.988541,97.8125
08:00:32,91282CLM1,TSRYS5893517,D,S,D,2024-10-18,1000000.00,3.989199,97.80859375
08:00:32,91282CLM1,TSRYS5893517,D,S,D,2024-10-18,1000000.00,3.989199,97.80859375
08:00:32,91282CLM1,TSRYS5893517,D,S,D,2024-10-18,1000000.00,3.987225,97.8203125
08:00:32,91282CLM1,TSRYS5893517,D,S,D,2024-10-18,1000000.00,4.003684,97.72265625
08:00:32,91282CLM1,TSRYS5893517,D,S,D,2024-10-18,1000000.00,4.00566,97.7109375
08:00:32,91282CLM1,TSRYS5893517,D,S,D,2024-10-18,1000000.00,4.006648,97.705078125
08:00:32,91282CLM1,TSRYS5893517,D,S,D,2024-10-18,1000000.00,4.006648,97.705078125
08:00:32,91282CLM1,TSRYS5893517,D,S,D,2024-10-18,1000000.00,4.001049,97.73828125
08:00:32,91282CLM1,TSRYS5893517,D,S,D,2024-10-18,1000000.00,4.001378,97.736328125
08:00:32,91282CLM1,TSRYS5893517,D,S,D,2024-10-18,1000000.00,4.001378,97.736328125
08:00:32,91282CLM1,TSRYS5893517,D,S,D,2024-10-18,1000000.00,4.004013,97.720703125
08:00:32,91282CLM1,TSRYS5893517,D,S,D,2024-10-18,1000000.00,4.002366,97.73046875
08:00:32,91282CLM1,TSRYS5893517,D,S,D,2024-10-18,1000000.00,4.002366,97.73046875
08:00:32,91282CLM1,TSRYS5893517,D,S,D,2024-10-18,1000000.00,3.986567,97.82421875
08:00:32,91282CLM1,TSRYS5893517,D,S,D,2024-10-18,1000000.00,3.986567,97.82421875
08:00:32,91282CLM1,TSRYS5893517,D,S,D,2024-10-18,1000000.00,3.989199,97.80859375
08:00:32,91282CLM1,TSRYS5893517,D,S,D,2024-10-18,2000000.00,3.989199,97.80859375
08:00:32,91282CLM1,TSRYS5893517,D,S,D,2024-10-18,2000000.00,3.989199,97.80859375
08:00:32,91282CLM1,TSRYS5893517,D,S,D,2024-10-18,1000000.00,3.989199,97.80859375
08:00:32,91282CLM1,TSRYS5893517,D,S,D,2024-10-18,1000000.00,3.989199,97.80859375
08:00:32,91282CLM1,TSRYS5893517,D,S,D,2024-10-18,3000000.00,3.987225,97.8203125
08:00:32,91282CLM1,TSRYS5893517,D,S,D,2024-10-18,1000000.00,3.987225,97.8203125
08:00:32,91282CLM1,TSRYS5893517,D,S,D,2024-10-18,3000000.00,3.987225,97.8203125
08:00:32,91282CLM1,TSRYS5893517,D,S,D,2024-10-18,1000000.00,3.987225,97.8203125
08:00:32,91282CLM1,TSRYS5893517,D,S,D,2024-10-18,1000000.00,3.987225,97.8203125
08:00:32,91282CLM1,TSRYS5893517,D,S,D,2024-10-18,1000000.00,3.992161,97.791015625
08:00:32,91282CLM1,TSRYS5893517,D,S,D,2024-10-18,1000000.00,4.001708,97.734375
08:00:32,91282CLM1,TSRYS5893517,D,S,D,2024-10-18,3000000.00,4.001708,97.734375
08:00:32,91282CLM1,TSRYS5893517,D,S,D,2024-10-18,1000000.00,4.001708,97.734375
08:00:32,91282CLM1,TSRYS5893517,D,S,D,2024-10-18,1000000.00,4.001708,97.734375
08:00:32,91282CLM1,TSRYS5893517,D,S,D,2024-10-18,3000000.00,4.006648,97.705078125
08:00:32,91282CLM1,TSRYS5893517,D,S,D,2024-10-18,1000000.00,4.006648,97.705078125
08:00:32,91282CLM1,TSRYS5893517,D,S,D,2024-10-18,1000000.00,4.006648,97.705078125
08:00:32,91282CLM1,TSRYS5893517,D,S,D,2024-10-18,1000000.00,4.006648,97.705078125
08:00:32,91282CLM1,TSRYS5893517,D,S,D,2024-10-18,1000000.00,4.006648,97.705078125
08:00:32,91282CLM1,TSRYS5893517,D,S,D,2024-10-18,1000000.00,4.006648,97.705078125
08:00:32,91282CLM1,TSRYS5893517,D,S,D,2024-10-18,1000000.00,4.004343,97.71875
08:00:32,91282CLM1,TSRYS5893517,D,S,D,2024-10-18,1000000.00,4.004343,97.71875
08:00:33,91282CLM1,TSRYS5893517,D,S,C,2024-10-18,1000000.00,4.008625,97.693359375
08:00:33,91282CLM1,TSRYS5893517,D,S,C,2024-10-18,1000000.00,4.000061,97.744140625
08:00:33,91282CLM1,TSRYS5893517,D,S,D,2024-10-18,1000000.00,4.003025,97.7265625
08:00:34,91282CLM1,TSRYS5893517,D,S,D,2024-10-18,1000000.00,4.009614,97.6875
08:00:36,91282CLM1,TSRYS5893517,D,S,D,2024-10-18,1000000.00,4.009943,97.685546875
08:00:37,91282CLM1,TSRYS5893517,D,S,D,2024-10-18,1000000.00,4.008296,97.6953125
08:00:39,91282CLM1,TSRYS5893517,D,S,D,2024-10-18,1000000.00,3.994794,97.775390625
08:00:39,91282CLM1,TSRYS5893517,D,S,D,2024-10-18,1000000.00,3.995123,97.7734375
08:00:39,91282CLM1,TSRYS5893517,D,S,D,2024-10-18,1000000.00,3.994135,97.779296875
08:00:40,91282CLM1,TSRYS5893517,D,S,D,2024-10-18,1000000.00,3.993806,97.78125
08:00:40,91282CLM1,TSRYS5893517,D,S,D,2024-10-18,1000000.00,3.991503,97.794921875
08:00:40,91282CLM1,TSRYS5893517,D,S,D,2024-10-18,1000000.00,3.991503,97.794921875
08:00:40,91282CLM1,TSRYS5893517,D,S,D,2024-10-18,1000000.00,3.989857,97.8046875
08:00:40,91282CLM1,TSRYS5893517,D,S,D,2024-10-18,1000000.00,3.989857,97.8046875
08:00:42,91282CLM1,TSRYS5893517,D,S,C,2024-10-18,1000000.00,3.988541,97.8125
08:00:42,91282CLM1,TSRYS5893517,D,S,D,2024-10-18,1000000.00,3.988541,97.8125
08:00:44,91282CLM1,TSRYS5893517,D,S,D,2024-10-18,500000.00,4.003025,97.7265625
08:00:48,91282CLM1,TSRYS5893517,D,S,D,2024-10-18,1000000.00,3.99644,97.765625
08:00:48,91282CLM1,TSRYS5893517,D,B,C,2024-10-18,1000000.00,3.999073,97.75
08:00:48,91282CLM1,TSRYS5893517,D,S,D,2024-10-18,1000000.00,3.999073,97.75
08:00:48,91282CLM1,TSRYS5893517,D,S,D,2024-10-18,1000000.00,4.001378,97.736328125
08:00:48,91282CLM1,TSRYS5893517,D,S,D,2024-10-18,1000000.00,4.001378,97.736328125
08:00:49,91282CLM1,TSRYS5893517,D,S,C,2024-10-18,1000000.00,4.002037,97.732421875
08:00:49,91282CLM1,TSRYS5893517,D,S,C,2024-10-18,1000000.00,4.002366,97.73046875
08:00:52,91282CLM1,TSRYS5893517,D,S,C,2024-10-18,1000000.00,4.003684,97.72265625
08:00:52,91282CLM1,TSRYS5893517,D,S,D,2024-10-18,1000000.00,4.002037,97.732421875
08:00:52,91282CLM1,TSRYS5893517,D,S,D,2024-10-18,1000000.00,4.002366,97.73046875
08:00:52,91282CLM1,TSRYS5893517,D,S,D,2024-10-18,1000000.00,4.002366,97.73046875
08:00:52,91282CLM1,TSRYS5893517,D,S,D,2024-10-18,1000000.00,4.004672,97.716796875
08:00:52,91282CLM1,TSRYS5893517,D,S,D,2024-10-18,1000000.00,4.004672,97.716796875
08:00:52,91282CLM1,TSRYS5893517,D,S,D,2024-10-18,1000000.00,4.004672,97.716796875
08:00:52,91282CLM1,TSRYS5893517,D,S,D,2024-10-18,3000000.00,4.004672,97.716796875
08:00:52,91282CLM1,TSRYS5893517,D,S,D,2024-10-18,1000000.00,4.004672,97.716796875
08:00:52,91282CLM1,TSRYS5893517,D,S,D,2024-10-18,1000000.00,4.004672,97.716796875
08:00:54,91282CLM1,TSRYS5893517,D,S,D,2024-10-18,1000000.00,4.004343,97.71875
08:00:59,91282CLM1,TSRYS5893517,D,S,A,2024-10-18,5000000.00,3.988541,97.8125
08:01:01,91282CLM1,TSRYS5893517,D,S,D,2024-10-18,1000000.00,3.988541,97.8125
08:01:01,91282CLM1,TSRYS5893517,D,B,C,2024-10-18,1000000.00,3.988541,97.8125
08:01:01,91282CLM1,TSRYS5893517,D,S,D,2024-10-18,1000000.00,3.988541,97.8125
08:01:01,91282CLM1,TSRYS5893517,D,B,C,2024-10-18,1000000.00,3.988541,97.8125
08:01:03,91282CLM1,TSRYS5893517,D,S,D,2024-10-18,1000000.00,3.983278,97.84375
08:01:03,91282CLM1,TSRYS5893517,D,S,D,2024-10-18,1000000.00,3.983278,97.84375
08:01:04,91282CLM1,TSRYS5893517,D,S,C,2024-10-18,1000000.00,3.982949,97.845703125
08:01:04,91282CLM1,TSRYS5893517,D,S,C,2024-10-18,1000000.00,3.982949,97.845703125
08:01:04,91282CLM1,TSRYS5893517,D,S,C,2024-10-18,1000000.00,3.982949,97.845703125
08:01:04,91282CLM1,TSRYS5893517,D,S,C,2024-10-18,1000000.00,3.982949,97.845703125
08:01:05,91282CLM1,TSRYS5893517,D,S,D,2024-10-18,1000000.00,3.982949,97.845703125
08:01:05,91282CLM1,TSRYS5893517,D,B,C,2024-10-18,1000000.00,3.982949,97.845703125
08:01:06,91282CLM1,TSRYS5893517,D,S,C,2024-10-18,1000000.00,3.986238,97.826171875
08:01:06,91282CLM1,TSRYS5893517,D,S,D,2024-10-18,1000000.00,3.986896,97.822265625
08:01:06,91282CLM1,TSRYS5893517,D,S,D,2024-10-18,1000000.00,3.986896,97.822265625
08:01:06,91282CLM1,TSRYS5893517,D,B,C,2024-10-18,1000000.00,3.986896,97.822265625
08:01:06,91282CLM1,TSRYS5893517,D,S,D,2024-10-18,1000000.00,3.986896,97.822265625
08:01:06,91282CLM1,TSRYS5893517,D,B,C,2024-10-18,3000000.00,3.986896,97.822265625
08:01:06,91282CLM1,TSRYS5893517,D,S,D,2024-10-18,3000000.00,3.986896,97.822265625
08:01:06,91282CLM1,TSRYS5893517,D,S,D,2024-10-18,1000000.00,3.986896,97.822265625
08:01:06,91282CLM1,TSRYS5893517,D,B,C,2024-10-18,1000000.00,3.986896,97.822265625
08:01:06,91282CLM1,TSRYS5893517,D,S,D,2024-10-18,1000000.00,3.986896,97.822265625
08:01:06,91282CLM1,TSRYS5893517,D,S,D,2024-10-18,2000000.00,3.986567,97.82421875
08:01:06,91282CLM1,TSRYS5893517,D,S,D,2024-10-18,2000000.00,3.983936,97.83984375
08:01:06,91282CLM1,TSRYS5893517,D,S,D,2024-10-18,1000000.00,3.983936,97.83984375
08:01:06,91282CLM1,TSRYS5893517,D,S,C,2024-10-18,1000000.00,3.983936,97.83984375
08:01:06,91282CLM1,TSRYS5893517,D,S,C,2024-10-18,1000000.00,3.983607,97.841796875
08:01:06,91282CLM1,TSRYS5893517,D,S,C,2024-10-18,1000000.00,3.983607,97.841796875
08:01:06,91282CLM1,TSRYS5893517,D,S,C,2024-10-18,1000000.00,3.983607,97.841796875
08:01:06,91282CLM1,TSRYS5893517,D,S,C,2024-10-18,1000000.00,3.983607,97.841796875
08:01:06,91282CLM1,TSRYS5893517,D,S,C,2024-10-18,1000000.00,3.983607,97.841796875
08:01:06,91282CLM1,TSRYS5893517,D,S,C,2024-10-18,1000000.00,3.983936,97.83984375
08:01:06,91282CLM1,TSRYS5893517,D,S,C,2024-10-18,1000000.00,3.983607,97.841796875
08:01:06,91282CLM1,TSRYS5893517,D,S,C,2024-10-18,1000000.00,3.983607,97.841796875
08:01:06,91282CLM1,TSRYS5893517,D,S,C,2024-10-18,1000000.00,3.983607,97.841796875
08:01:06,91282CLM1,TSRYS5893517,D,S,C,2024-10-18,1000000.00,3.983607,97.841796875
08:01:07,91282CLM1,TSRYS5893517,D,S,C,2024-10-18,1000000.00,3.983607,97.841796875
08:01:07,91282CLM1,TSRYS5893517,D,S,C,2024-10-18,1000000.00,3.983607,97.841796875
08:01:07,91282CLM1,TSRYS5893517,D,S,C,2024-10-18,1000000.00,3.983607,97.841796875
08:01:07,91282CLM1,TSRYS5893517,D,S,C,2024-10-18,1000000.00,3.983607,97.841796875
08:01:07,91282CLM1,TSRYS5893517,D,S,C,2024-10-18,1000000.00,3.983936,97.83984375
08:01:07,91282CLM1,TSRYS5893517,D,S,C,2024-10-18,1000000.00,3.983936,97.83984375
08:01:07,91282CLM1,TSRYS5893517,D,S,C,2024-10-18,1000000.00,3.983936,97.83984375
08:01:07,91282CLM1,TSRYS5893517,D,S,D,2024-10-18,1000000.00,3.98262,97.84765625
08:01:07,91282CLM1,TSRYS5893517,D,S,D,2024-10-18,1000000.00,3.98262,97.84765625
08:01:07,91282CLM1,TSRYS5893517,D,S,C,2024-10-18,1000000.00,3.983936,97.83984375
08:01:07,91282CLM1,TSRYS5893517,D,S,C,2024-10-18,1000000.00,3.986567,97.82421875
08:01:07,91282CLM1,TSRYS5893517,D,S,C,2024-10-18,1000000.00,3.988541,97.8125
08:01:07,91282CLM1,TSRYS5893517,D,S,C,2024-10-18,1000000.00,3.988541,97.8125
08:01:07,91282CLM1,TSRYS5893517,D,S,C,2024-10-18,1000000.00,3.987883,97.81640625
08:01:07,91282CLM1,TSRYS5893517,D,S,C,2024-10-18,1000000.00,3.988541,97.8125
08:01:07,91282CLM1,TSRYS5893517,D,S,C,2024-10-18,1000000.00,3.988541,97.8125
08:01:07,91282CLM1,TSRYS5893517,D,S,C,2024-10-18,1000000.00,3.988541,97.8125
08:01:07,91282CLM1,TSRYS5893517,D,S,C,2024-10-18,1000000.00,3.988541,97.8125
08:01:07,91282CLM1,TSRYS5893517,D,S,C,2024-10-18,1000000.00,3.988541,97.8125
08:01:07,91282CLM1,TSRYS5893517,D,B,C,2024-10-18,1000000.00,3.98887,97.810546875
08:01:07,91282CLM1,TSRYS5893517,D,S,D,2024-10-18,1000000.00,3.98887,97.810546875
08:01:08,91282CLM1,TSRYS5893517,D,S,C,2024-10-18,1000000.00,3.987554,97.818359375
08:01:08,91282CLM1,TSRYS5893517,D,S,C,2024-10-18,1000000.00,3.98887,97.810546875
08:01:09,91282CLM1,TSRYS5893517,D,S,D,2024-10-18,1000000.00,3.986238,97.826171875
08:01:09,91282CLM1,TSRYS5893517,D,B,C,2024-10-18,1000000.00,3.986238,97.826171875
08:01:09,91282CLM1,TSRYS5893517,D,S,C,2024-10-18,1000000.00,3.986896,97.822265625
08:01:09,91282CLM1,TSRYS5893517,D,S,C,2024-10-18,1000000.00,3.986896,97.822265625
08:01:09,91282CLM1,TSRYS5893517,D,S,D,2024-10-18,1000000.00,3.983278,97.84375
08:01:09,91282CLM1,TSRYS5893517,D,S,D,2024-10-18,1000000.00,3.984922,97.833984375
08:01:09,91282CLM1,TSRYS5893517,D,B,C,2024-10-18,1000000.00,3.981633,97.853515625
08:01:09,91282CLM1,TSRYS5893517,D,S,D,2024-10-18,1000000.00,3.983936,97.83984375
08:01:09,91282CLM1,TSRYS5893517,D,S,D,2024-10-18,1000000.00,3.983936,97.83984375
08:01:09,91282CLM1,TSRYS5893517,D,B,C,2024-10-18,1000000.00,3.983936,97.83984375
08:01:09,91282CLM1,TSRYS5893517,D,S,D,2024-10-18,1000000.00,3.981633,97.853515625
08:01:09,91282CLM1,TSRYS5893517,D,B,C,2024-10-18,1000000.00,3.983936,97.83984375
08:01:09,91282CLM1,TSRYS5893517,D,S,D,2024-10-18,1000000.00,3.982949,97.845703125
08:01:10,91282CLM1,TSRYS5893517,D,S,D,2024-10-18,1000000.00,4.006978,97.703125
08:01:10,91282CLM1,TSRYS5893517,D,S,D,2024-10-18,2000000.00,4.006978,97.703125
08:01:10,91282CLM1,TSRYS5893517,D,S,C,2024-10-18,1000000.00,3.984265,97.837890625
08:01:10,91282CLM1,TSRYS5893517,D,S,D,2024-10-18,2000000.00,3.982949,97.845703125
08:01:10,91282CLM1,TSRYS5893517,D,B,C,2024-10-18,1000000.00,3.983936,97.83984375
08:01:10,91282CLM1,TSRYS5893517,D,B,C,2024-10-18,1000000.00,3.983936,97.83984375
08:01:10,91282CLM1,TSRYS5893517,D,B,C,2024-10-18,2000000.00,3.982949,97.845703125
08:01:10,91282CLM1,TSRYS5893517,D,S,D,2024-10-18,1000000.00,3.98558,97.830078125
08:01:10,91282CLM1,TSRYS5893517,D,S,D,2024-10-18,1000000.00,3.986238,97.826171875
08:01:10,91282CLM1,TSRYS5893517,D,S,D,2024-10-18,1000000.00,3.983936,97.83984375
08:01:10,91282CLM1,TSRYS5893517,D,S,D,2024-10-18,1000000.00,3.983278,97.84375
08:01:10,91282CLM1,TSRYS5893517,D,B,C,2024-10-18,1000000.00,3.983607,97.841796875
08:01:10,91282CLM1,TSRYS5893517,D,S,D,2024-10-18,1000000.00,3.987225,97.8203125
08:01:10,91282CLM1,TSRYS5893517,D,S,D,2024-10-18,1000000.00,3.983936,97.83984375
08:01:10,91282CLM1,TSRYS5893517,D,S,D,2024-10-18,1000000.00,3.984265,97.837890625
08:01:10,91282CLM1,TSRYS5893517,D,S,D,2024-10-18,1000000.00,3.983936,97.83984375
08:01:10,91282CLM1,TSRYS5893517,D,S,D,2024-10-18,1000000.00,3.984593,97.8359375
08:01:10,91282CLM1,TSRYS5893517,D,S,D,2024-10-18,1000000.00,3.983936,97.83984375
08:01:10,91282CLM1,TSRYS5893517,D,S,C,2024-10-18,1000000.00,3.983607,97.841796875
08:01:10,91282CLM1,TSRYS5893517,D,S,C,2024-10-18,1000000.00,3.983607,97.841796875
08:01:10,91282CLM1,TSRYS5893517,D,B,C,2024-10-18,1000000.00,3.983607,97.841796875
08:01:10,91282CLM1,TSRYS5893517,D,B,C,2024-10-18,1000000.00,3.984265,97.837890625
08:01:10,91282CLM1,TSRYS5893517,D,B,C,2024-10-18,1000000.00,3.983936,97.83984375
08:01:10,91282CLM1,TSRYS5893517,D,S,D,2024-10-18,1000000.00,3.983607,97.841796875
08:01:10,91282CLM1,TSRYS5893517,D,S,D,2024-10-18,1000000.00,3.983278,97.84375
08:01:10,91282CLM1,TSRYS5893517,D,S,D,2024-10-18,1000000.00,3.98558,97.830078125
08:01:10,91282CLM1,TSRYS5893517,D,S,D,2024-10-18,1000000.00,3.983607,97.841796875
08:01:10,91282CLM1,TSRYS5893517,D,S,D,2024-10-18,1000000.00,3.983607,97.841796875
08:01:10,91282CLM1,TSRYS5893517,D,B,C,2024-10-18,1000000.00,3.983278,97.84375
08:01:10,91282CLM1,TSRYS5893517,D,B,C,2024-10-18,1000000.00,3.98558,97.830078125
08:01:10,91282CLM1,TSRYS5893517,D,B,C,2024-10-18,1000000.00,3.983607,97.841796875
08:01:10,91282CLM1,TSRYS5893517,D,B,C,2024-10-18,1000000.00,3.988212,97.814453125
08:01:10,91282CLM1,TSRYS5893517,D,S,D,2024-10-18,1000000.00,3.988212,97.814453125
08:01:10,91282CLM1,TSRYS5893517,D,S,D,2024-10-18,1000000.00,4.006648,97.705078125
08:01:10,91282CLM1,TSRYS5893517,D,S,D,2024-10-18,1000000.00,4.006648,97.705078125
08:01:10,91282CLM1,TSRYS5893517,D,S,D,2024-10-18,2000000.00,4.006648,97.705078125
08:01:10,91282CLM1,TSRYS5893517,D,B,C,2024-10-18,1000000.00,3.988212,97.814453125
08:01:10,91282CLM1,TSRYS5893517,D,S,D,2024-10-18,1000000.00,4.005001,97.71484375
08:01:10,91282CLM1,TSRYS5893517,D,S,D,2024-10-18,1000000.00,4.005001,97.71484375
08:01:10,91282CLM1,TSRYS5893517,D,S,D,2024-10-18,1000000.00,4.005001,97.71484375
08:01:10,91282CLM1,TSRYS5893517,D,S,D,2024-10-18,1000000.00,3.988212,97.814453125
08:01:10,91282CLM1,TSRYS5893517,D,S,D,2024-10-18,5000000.00,3.98316,97.84445
08:01:11,91282CLM1,TSRYS5893517,D,S,D,2024-10-18,1000000.00,3.988541,97.8125
08:01:11,91282CLM1,TSRYS5893517,D,S,C,2024-10-18,7000000.00,3.98839,97.8134
08:01:11,91282CLM1,TSRYS5893517,D,S,C,2024-10-18,1000000.00,3.98887,97.810546875
08:01:11,91282CLM1,TSRYS5893517,D,B,C,2024-10-18,1000000.00,3.988212,97.814453125
08:01:11,91282CLM1,TSRYS5893517,D,S,D,2024-10-18,1000000.00,3.988212,97.814453125
08:01:11,91282CLM1,TSRYS5893517,D,S,D,2024-10-18,1000000.00,3.988541,97.8125
08:01:11,91282CLM1,TSRYS5893517,D,S,C,2024-10-18,1000000.00,3.98887,97.810546875
08:01:11,91282CLM1,TSRYS5893517,D,B,C,2024-10-18,1000000.00,3.985909,97.828125
08:01:11,91282CLM1,TSRYS5893517,D,S,D,2024-10-18,1000000.00,3.985909,97.828125
08:01:11,91282CLM1,TSRYS5893517,D,S,D,2024-10-18,1000000.00,3.988541,97.8125
08:01:11,91282CLM1,TSRYS5893517,D,S,D,2024-10-18,1000000.00,3.988541,97.8125
08:01:11,91282CLM1,TSRYS5893517,D,S,D,2024-10-18,1000000.00,3.985909,97.828125
08:01:11,91282CLM1,TSRYS5893517,D,B,C,2024-10-18,1000000.00,3.985909,97.828125
08:01:11,91282CLM1,TSRYS5893517,D,S,D,2024-10-18,1000000.00,3.985909,97.828125
08:01:11,91282CLM1,TSRYS5893517,D,S,C,2024-10-18,1000000.00,3.988212,97.814453125
08:01:11,91282CLM1,TSRYS5893517,D,S,C,2024-10-18,1000000.00,3.988212,97.814453125
08:01:11,91282CLM1,TSRYS5893517,D,S,D,2024-10-18,1000000.00,3.985909,97.828125
08:01:11,91282CLM1,TSRYS5893517,D,B,C,2024-10-18,1000000.00,3.985909,97.828125
08:01:11,91282CLM1,TSRYS5893517,D,S,D,2024-10-18,1000000.00,3.985909,97.828125
08:01:11,91282CLM1,TSRYS5893517,D,S,D,2024-10-18,1000000.00,3.989199,97.80859375
08:01:11,91282CLM1,TSRYS5893517,D,B,C,2024-10-18,1000000.00,3.985909,97.828125
08:01:11,91282CLM1,TSRYS5893517,D,S,D,2024-10-18,1000000.00,3.98558,97.830078125
08:01:11,91282CLM1,TSRYS5893517,D,S,D,2024-10-18,1000000.00,3.98558,97.830078125
08:01:11,91282CLM1,TSRYS5893517,D,B,C,2024-10-18,1000000.00,3.98558,97.830078125
08:01:11,91282CLM1,TSRYS5893517,D,B,C,2024-10-18,1000000.00,3.985909,97.828125
08:01:11,91282CLM1,TSRYS5893517,D,S,D,2024-10-18,1000000.00,3.98558,97.830078125
08:01:11,91282CLM1,TSRYS5893517,D,B,C,2024-10-18,1000000.00,3.98558,97.830078125
08:01:11,91282CLM1,TSRYS5893517,D,B,C,2024-10-18,1000000.00,3.98558,97.830078125
08:01:11,91282CLM1,TSRYS5893517,D,B,C,2024-10-18,1000000.00,3.985909,97.828125
08:01:11,91282CLM1,TSRYS5893517,D,S,D,2024-10-18,1000000.00,3.985909,97.828125
08:01:11,91282CLM1,TSRYS5893517,D,B,C,2024-10-18,1000000.00,3.985909,97.828125
08:01:11,91282CLM1,TSRYS5893517,D,S,D,2024-10-18,1000000.00,3.985909,97.828125
08:01:11,91282CLM1,TSRYS5893517,D,S,C,2024-10-18,1000000.00,3.986567,97.82421875
08:01:12,91282CLM1,TSRYS5893517,D,S,D,2024-10-18,1000000.00,3.985909,97.828125
08:01:12,91282CLM1,TSRYS5893517,D,B,C,2024-10-18,1000000.00,3.985909,97.828125
08:01:12,91282CLM1,TSRYS5893517,D,S,C,2024-10-18,1000000.00,3.986567,97.82421875
08:01:12,91282CLM1,TSRYS5893517,D,S,D,2024-10-18,1000000.00,3.988541,97.8125
08:01:12,91282CLM1,TSRYS5893517,D,B,C,2024-10-18,1000000.00,3.988212,97.814453125
08:01:12,91282CLM1,TSRYS5893517,D,S,D,2024-10-18,1000000.00,3.988212,97.814453125
08:01:12,91282CLM1,TSRYS5893517,D,B,C,2024-10-18,1000000.00,3.988541,97.8125
08:01:12,91282CLM1,TSRYS5893517,D,S,D,2024-10-18,1000000.00,3.987225,97.8203125
08:01:12,91282CLM1,TSRYS5893517,D,S,D,2024-10-18,1000000.00,3.987225,97.8203125
08:01:12,91282CLM1,TSRYS5893517,D,S,D,2024-10-18,1000000.00,3.987225,97.8203125
08:01:12,91282CLM1,TSRYS5893517,D,S,D,2024-10-18,1000000.00,3.987225,97.8203125
08:01:12,91282CLM1,TSRYS5893517,D,S,D,2024-10-18,1000000.00,3.987225,97.8203125
08:01:12,91282CLM1,TSRYS5893517,D,B,C,2024-10-18,1000000.00,3.988212,97.814453125
08:01:12,91282CLM1,TSRYS5893517,D,S,D,2024-10-18,1000000.00,3.988212,97.814453125
08:01:12,91282CLM1,TSRYS5893517,D,S,D,2024-10-18,3000000.00,3.988541,97.8125
08:01:12,91282CLM1,TSRYS5893517,D,B,C,2024-10-18,1000000.00,3.988212,97.814453125
08:01:12,91282CLM1,TSRYS5893517,D,S,D,2024-10-18,1000000.00,3.988212,97.814453125
08:01:12,91282CLM1,TSRYS5893517,D,S,D,2024-10-18,1000000.00,3.989199,97.80859375
08:01:12,91282CLM1,TSRYS5893517,D,B,C,2024-10-18,1000000.00,3.989199,97.80859375
08:01:12,91282CLM1,TSRYS5893517,D,S,D,2024-10-18,1000000.00,3.988541,97.8125
08:01:12,91282CLM1,TSRYS5893517,D,S,T,2024-10-18,1000000.00,4.003047,97.7264325
08:01:12,91282CLM1,TSRYS5893517,D,S,T,2024-10-18,1000000.00,4.003047,97.7264325
08:01:12,91282CLM1,TSRYS5893517,D,S,D,2024-10-18,1000000.00,3.993148,97.78515625
08:01:13,91282CLM1,TSRYS5893517,D,S,T,2024-10-18,1000000.00,4.003047,97.7264325
08:01:13,91282CLM1,TSRYS5893517,D,S,C,2024-10-18,1000000.00,3.999403,97.748046875
08:01:13,91282CLM1,TSRYS5893517,D,S,C,2024-10-18,1000000.00,3.999403,97.748046875
08:01:13,91282CLM1,TSRYS5893517,D,S,D,2024-10-18,1000000.00,3.997757,97.7578125
08:01:13,91282CLM1,TSRYS5893517,D,S,C,2024-10-18,1000000.00,4.007307,97.701171875
08:01:13,91282CLM1,TSRYS5893517,D,S,C,2024-10-18,1000000.00,4.006978,97.703125
08:01:13,91282CLM1,TSRYS5893517,D,S,C,2024-10-18,1000000.00,4.006978,97.703125
08:01:13,91282CLM1,TSRYS5893517,D,S,D,2024-10-18,1000000.00,4.008625,97.693359375
08:01:13,91282CLM1,TSRYS5893517,D,S,C,2024-10-18,1000000.00,4.008296,97.6953125
08:01:13,91282CLM1,TSRYS5893517,D,S,C,2024-10-18,1000000.00,4.007966,97.697265625
08:01:13,91282CLM1,TSRYS5893517,D,S,C,2024-10-18,1000000.00,4.007637,97.69921875
08:01:13,91282CLM1,TSRYS5893517,D,S,C,2024-10-18,1000000.00,4.007637,97.69921875
08:01:13,91282CLM1,TSRYS5893517,D,S,C,2024-10-18,1000000.00,4.007637,97.69921875
08:01:13,91282CLM1,TSRYS5893517,D,S,D,2024-10-18,1000000.00,4.003684,97.72265625
08:01:13,91282CLM1,TSRYS5893517,D,B,C,2024-10-18,1000000.00,4.002366,97.73046875
08:01:13,91282CLM1,TSRYS5893517,D,S,C,2024-10-18,1000000.00,4.003354,97.724609375
08:01:13,91282CLM1,TSRYS5893517,D,S,C,2024-10-18,1000000.00,4.002366,97.73046875
08:01:14,91282CLM1,TSRYS5893517,D,B,C,2024-10-18,1000000.00,4.000061,97.744140625
08:01:14,91282CLM1,TSRYS5893517,D,S,C,2024-10-18,1000000.00,4.00072,97.740234375
08:01:14,91282CLM1,TSRYS5893517,D,S,D,2024-10-18,1000000.00,4.000061,97.744140625
08:01:14,91282CLM1,TSRYS5893517,D,B,C,2024-10-18,1000000.00,4.000061,97.744140625
08:01:14,91282CLM1,TSRYS5893517,D,S,D,2024-10-18,1000000.00,4.000061,97.744140625
08:01:14,91282CLM1,TSRYS5893517,D,B,C,2024-10-18,1000000.00,4.000061,97.744140625
08:01:14,91282CLM1,TSRYS5893517,D,S,C,2024-10-18,1000000.00,4.00072,97.740234375
08:01:14,91282CLM1,TSRYS5893517,D,S,D,2024-10-18,1000000.00,4.000061,97.744140625
08:01:14,91282CLM1,TSRYS5893517,D,S,D,2024-10-18,1000000.00,4.003025,97.7265625
08:01:14,91282CLM1,TSRYS5893517,D,S,C,2024-10-18,1000000.00,4.002696,97.728515625
08:01:14,91282CLM1,TSRYS5893517,D,S,D,2024-10-18,1000000.00,4.003025,97.7265625
08:01:14,91282CLM1,TSRYS5893517,D,S,C,2024-10-18,1000000.00,4.003025,97.7265625
08:01:14,91282CLM1,TSRYS5893517,D,S,C,2024-10-18,2000000.00,4.003025,97.7265625
08:01:14,91282CLM1,TSRYS5893517,D,S,T,2024-10-18,1000000.00,4.003025,97.7265625
08:01:14,91282CLM1,TSRYS5893517,D,S,D,2024-10-18,1000000.00,4.003025,97.7265625
08:01:14,91282CLM1,TSRYS5893517,D,S,C,2024-10-18,1000000.00,4.003025,97.7265625
08:01:14,91282CLM1,TSRYS5893517,D,S,D,2024-10-18,1000000.00,4.003025,97.7265625
08:01:14,91282CLM1,TSRYS5893517,D,S,C,2024-10-18,1000000.00,4.003025,97.7265625
08:01:14,91282CLM1,TSRYS5893517,D,S,C,2024-10-18,1000000.00,4.003025,97.7265625
08:01:14,91282CLM1,TSRYS5893517,D,S,C,2024-10-18,1000000.00,4.005331,97.712890625
08:01:14,91282CLM1,TSRYS5893517,D,S,C,2024-10-18,1000000.00,4.005331,97.712890625
08:01:14,91282CLM1,TSRYS5893517,D,S,C,2024-10-18,1000000.00,4.005331,97.712890625
08:01:14,91282CLM1,TSRYS5893517,D,S,D,2024-10-18,1000000.00,4.005331,97.712890625
08:01:14,91282CLM1,TSRYS5893517,D,S,D,2024-10-18,1000000.00,4.005331,97.712890625
08:01:14,91282CLM1,TSRYS5893517,D,S,D,2024-10-18,1000000.00,4.005331,97.712890625
08:01:14,91282CLM1,TSRYS5893517,D,S,D,2024-10-18,1000000.00,4.007637,97.69921875
08:01:14,91282CLM1,TSRYS5893517,D,S,D,2024-10-18,1000000.00,4.007637,97.69921875
08:01:14,91282CLM1,TSRYS5893517,D,S,D,2024-10-18,1000000.00,4.008625,97.693359375
08:01:14,91282CLM1,TSRYS5893517,D,B,C,2024-10-18,1000000.00,4.009614,97.6875
08:01:14,91282CLM1,TSRYS5893517,D,S,D,2024-10-18,1000000.00,4.009614,97.6875
08:01:14,91282CLM1,TSRYS5893517,D,S,D,2024-10-18,1000000.00,4.009614,97.6875
08:01:14,91282CLM1,TSRYS5893517,D,S,T,2024-10-18,1000000.00,4.004013,97.720703125
08:01:14,91282CLM1,TSRYS5893517,D,S,C,2024-10-18,1000000.00,4.009943,97.685546875
08:01:14,91282CLM1,TSRYS5893517,D,S,C,2024-10-18,1000000.00,4.009943,97.685546875
08:01:14,91282CLM1,TSRYS5893517,D,S,C,2024-10-18,1000000.00,4.010273,97.68359375
08:01:14,91282CLM1,TSRYS5893517,D,S,C,2024-10-18,1000000.00,4.010273,97.68359375
08:01:14,91282CLM1,TSRYS5893517,D,S,D,2024-10-18,1000000.00,4.009943,97.685546875
08:01:14,91282CLM1,TSRYS5893517,D,S,C,2024-10-18,1000000.00,4.010273,97.68359375
08:01:14,91282CLM1,TSRYS5893517,D,S,D,2024-10-18,1000000.00,4.009943,97.685546875
08:01:14,91282CLM1,TSRYS5893517,D,S,C,2024-10-18,1000000.00,3.987225,97.8203125
08:01:14,91282CLM1,TSRYS5893517,D,S,C,2024-10-18,1000000.00,3.987225,97.8203125
08:01:15,91282CLM1,TSRYS5893517,D,S,C,2024-10-18,1000000.00,4.006978,97.703125
08:01:15,91282CLM1,TSRYS5893517,D,S,D,2024-10-18,1000000.00,4.007637,97.69921875
08:01:15,91282CLM1,TSRYS5893517,D,S,C,2024-10-18,1000000.00,4.007966,97.697265625
08:01:15,91282CLM1,TSRYS5893517,D,S,C,2024-10-18,1000000.00,4.008296,97.6953125
08:01:15,91282CLM1,TSRYS5893517,D,S,C,2024-10-18,1000000.00,4.008625,97.693359375
08:01:15,91282CLM1,TSRYS5893517,D,S,C,2024-10-18,1000000.00,4.008296,97.6953125
08:01:15,91282CLM1,TSRYS5893517,D,S,C,2024-10-18,1000000.00,4.008296,97.6953125
08:01:15,91282CLM1,TSRYS5893517,D,S,C,2024-10-18,3000000.00,4.007637,97.69921875
08:01:15,91282CLM1,TSRYS5893517,D,S,D,2024-10-18,1000000.00,4.007637,97.69921875
08:01:15,91282CLM1,TSRYS5893517,D,S,D,2024-10-18,1000000.00,4.007637,97.69921875
08:01:15,91282CLM1,TSRYS5893517,D,B,A,2024-10-18,5000000.00,3.984161,97.83984375
08:01:15,91282CLM1,TSRYS5893517,D,S,C,2024-10-18,1000000.00,4.007637,97.69921875
08:01:15,91282CLM1,TSRYS5893517,D,S,D,2024-10-18,1000000.00,4.007637,97.69921875
08:01:15,91282CLM1,TSRYS5893517,D,S,C,2024-10-18,1000000.00,4.007637,97.69921875
08:01:15,91282CLM1,TSRYS5893517,D,S,C,2024-10-18,1000000.00,4.007637,97.69921875
08:01:15,91282CLM1,TSRYS5893517,D,S,C,2024-10-18,1000000.00,4.00599,97.708984375
08:01:15,91282CLM1,TSRYS5893517,D,S,D,2024-10-18,1000000.00,4.005331,97.712890625
08:01:15,91282CLM1,TSRYS5893517,D,S,D,2024-10-18,1000000.00,4.005331,97.712890625
08:01:15,91282CLM1,TSRYS5893517,D,S,D,2024-10-18,1000000.00,4.005331,97.712890625
08:01:15,91282CLM1,TSRYS5893517,D,S,D,2024-10-18,1000000.00,4.005331,97.712890625
08:01:15,91282CLM1,TSRYS5893517,D,S,D,2024-10-18,1000000.00,4.005331,97.712890625
08:01:15,91282CLM1,TSRYS5893517,D,S,C,2024-10-18,1000000.00,4.006648,97.705078125
08:01:16,91282CLM1,TSRYS5893517,D,S,D,2024-10-18,1000000.00,4.006648,97.705078125
08:01:16,91282CLM1,TSRYS5893517,D,S,D,2024-10-18,1000000.00,4.001049,97.73828125
08:01:16,91282CLM1,TSRYS5893517,D,S,C,2024-10-18,1000000.00,4.006978,97.703125
08:01:16,91282CLM1,TSRYS5893517,D,S,D,2024-10-18,2000000.00,4.006978,97.703125
08:01:16,91282CLM1,TSRYS5893517,D,S,D,2024-10-18,2000000.00,4.006648,97.705078125
08:01:16,91282CLM1,TSRYS5893517,D,S,D,2024-10-18,1000000.00,4.00566,97.7109375
08:01:16,91282CLM1,TSRYS5893517,D,S,D,2024-10-18,1000000.00,4.006648,97.705078125
08:01:16,91282CLM1,TSRYS5893517,D,S,D,2024-10-18,1000000.00,4.006648,97.705078125
08:01:16,91282CLM1,TSRYS5893517,D,S,C,2024-10-18,1000000.00,4.005001,97.71484375
08:01:16,91282CLM1,TSRYS5893517,D,S,D,2024-10-18,1000000.00,4.005001,97.71484375
08:01:16,91282CLM1,TSRYS5893517,D,S,D,2024-10-18,1000000.00,4.005001,97.71484375
08:01:16,91282CLM1,TSRYS5893517,D,B,C,2024-10-18,1000000.00,4.000391,97.7421875
08:01:16,91282CLM1,TSRYS5893517,D,S,D,2024-10-18,1000000.00,4.000391,97.7421875
08:01:16,91282CLM1,TSRYS5893517,D,B,C,2024-10-18,1000000.00,4.00072,97.740234375
08:01:16,91282CLM1,TSRYS5893517,D,S,D,2024-10-18,1000000.00,4.000391,97.7421875
08:01:16,91282CLM1,TSRYS5893517,D,S,D,2024-10-18,1000000.00,4.00072,97.740234375
08:01:16,91282CLM1,TSRYS5893517,D,B,C,2024-10-18,1000000.00,4.00072,97.740234375
08:01:16,91282CLM1,TSRYS5893517,D,S,D,2024-10-18,1000000.00,4.00072,97.740234375
08:01:16,91282CLM1,TSRYS5893517,D,S,D,2024-10-18,1000000.00,4.001049,97.73828125
08:01:16,91282CLM1,TSRYS5893517,D,B,C,2024-10-18,1000000.00,4.001049,97.73828125
08:01:16,91282CLM1,TSRYS5893517,D,S,D,2024-10-18,1000000.00,4.004343,97.71875
08:01:16,91282CLM1,TSRYS5893517,D,B,C,2024-10-18,1000000.00,4.004343,97.71875
08:01:17,91282CLM1,TSRYS5893517,D,B,C,2024-10-18,1000000.00,4.00072,97.740234375
08:01:17,91282CLM1,TSRYS5893517,D,S,D,2024-10-18,1000000.00,3.998415,97.75390625
08:01:17,91282CLM1,TSRYS5893517,D,S,D,2024-10-18,1000000.00,4.00072,97.740234375
08:01:17,91282CLM1,TSRYS5893517,D,B,C,2024-10-18,1000000.00,3.998415,97.75390625
08:01:17,91282CLM1,TSRYS5893517,D,B,C,2024-10-18,1000000.00,3.998415,97.75390625
08:01:17,91282CLM1,TSRYS5893517,D,S,D,2024-10-18,1000000.00,3.998415,97.75390625
08:01:17,91282CLM1,TSRYS5893517,D,S,D,2024-10-18,1000000.00,3.996769,97.763671875
08:01:17,91282CLM1,TSRYS5893517,D,B,C,2024-10-18,1000000.00,3.996769,97.763671875
08:01:17,91282CLM1,TSRYS5893517,D,S,T,2024-10-18,1000000.00,4.000413,97.7420575
08:01:17,91282CLM1,TSRYS5893517,D,S,D,2024-10-18,1000000.00,3.995781,97.76953125
08:01:17,91282CLM1,TSRYS5893517,D,B,C,2024-10-18,1000000.00,3.995781,97.76953125
08:01:17,91282CLM1,TSRYS5893517,D,S,D,2024-10-18,1000000.00,3.995452,97.771484375
08:01:17,91282CLM1,TSRYS5893517,D,S,D,2024-10-18,1000000.00,3.995123,97.7734375
08:01:17,91282CLM1,TSRYS5893517,D,S,D,2024-10-18,1000000.00,3.994794,97.775390625
08:01:17,91282CLM1,TSRYS5893517,D,S,D,2024-10-18,1000000.00,3.991503,97.794921875
08:01:17,91282CLM1,TSRYS5893517,D,S,D,2024-10-18,1000000.00,3.991503,97.794921875
08:01:17,91282CLM1,TSRYS5893517,D,B,C,2024-10-18,1000000.00,3.994135,97.779296875
08:01:17,91282CLM1,TSRYS5893517,D,S,T,2024-10-18,1000000.00,4.000413,97.7420575
08:01:17,91282CLM1,TSRYS5893517,D,S,T,2024-10-18,1000000.00,4.000413,97.7420575
08:01:17,91282CLM1,TSRYS5893517,D,S,D,2024-10-18,1000000.00,3.993148,97.78515625
08:01:17,91282CLM1,TSRYS5893517,D,S,D,2024-10-18,1000000.00,3.994135,97.779296875
08:01:17,91282CLM1,TSRYS5893517,D,B,C,2024-10-18,1000000.00,3.991503,97.794921875
08:01:17,91282CLM1,TSRYS5893517,D,S,D,2024-10-18,1000000.00,3.991173,97.796875
08:01:17,91282CLM1,TSRYS5893517,D,B,C,2024-10-18,1000000.00,3.991173,97.796875
08:01:17,91282CLM1,TSRYS5893517,D,B,C,2024-10-18,1000000.00,3.991173,97.796875
08:01:17,91282CLM1,TSRYS5893517,D,S,D,2024-10-18,1000000.00,3.991173,97.796875
08:01:17,91282CLM1,TSRYS5893517,D,S,D,2024-10-18,1000000.00,3.989857,97.8046875
08:01:17,91282CLM1,TSRYS5893517,D,S,D,2024-10-18,1000000.00,3.991173,97.796875
08:01:17,91282CLM1,TSRYS5893517,D,B,C,2024-10-18,1000000.00,3.991173,97.796875
08:01:17,91282CLM1,TSRYS5893517,D,B,C,2024-10-18,1000000.00,3.990844,97.798828125
08:01:17,91282CLM1,TSRYS5893517,D,S,D,2024-10-18,1000000.00,3.993477,97.783203125
08:01:17,91282CLM1,TSRYS5893517,D,S,D,2024-10-18,1000000.00,3.990844,97.798828125
08:01:17,91282CLM1,TSRYS5893517,D,B,C,2024-10-18,1000000.00,3.989528,97.806640625
08:01:17,91282CLM1,TSRYS5893517,D,S,D,2024-10-18,1000000.00,3.989528,97.806640625
08:01:17,91282CLM1,TSRYS5893517,D,B,C,2024-10-18,1000000.00,3.993477,97.783203125
08:01:17,91282CLM1,TSRYS5893517,D,S,D,2024-10-18,1000000.00,3.993477,97.783203125
08:01:17,91282CLM1,TSRYS5893517,D,S,D,2024-10-18,1000000.00,3.993477,97.783203125
08:01:17,91282CLM1,TSRYS5893517,D,S,D,2024-10-18,1000000.00,3.99249,97.7890625
08:01:17,91282CLM1,TSRYS5893517,D,S,D,2024-10-18,1000000.00,3.993148,97.78515625
08:01:17,91282CLM1,TSRYS5893517,D,B,C,2024-10-18,1000000.00,3.993477,97.783203125
08:01:17,91282CLM1,TSRYS5893517,D,S,D,2024-10-18,1000000.00,3.992819,97.787109375
08:01:17,91282CLM1,TSRYS5893517,D,S,D,2024-10-18,1000000.00,3.992819,97.787109375
08:01:17,91282CLM1,TSRYS5893517,D,B,C,2024-10-18,1000000.00,3.992819,97.787109375
08:01:17,91282CLM1,TSRYS5893517,D,B,C,2024-10-18,1000000.00,3.992819,97.787109375
08:01:18,91282CLM1,TSRYS5893517,D,B,C,2024-10-18,1000000.00,3.99249,97.7890625
08:01:18,91282CLM1,TSRYS5893517,D,S,D,2024-10-18,1000000.00,3.99249,97.7890625
08:01:18,91282CLM1,TSRYS5893517,D,S,D,2024-10-18,1000000.00,3.99249,97.7890625
08:01:18,91282CLM1,TSRYS5893517,D,S,D,2024-10-18,1000000.00,3.99249,97.7890625
08:01:18,91282CLM1,TSRYS5893517,D,B,C,2024-10-18,1000000.00,3.991173,97.796875
08:01:18,91282CLM1,TSRYS5893517,D,S,D,2024-10-18,1000000.00,3.991173,97.796875
08:01:18,91282CLM1,TSRYS5893517,D,B,C,2024-10-18,1000000.00,3.99249,97.7890625
08:01:18,91282CLM1,TSRYS5893517,D,B,C,2024-10-18,1000000.00,3.992161,97.791015625
08:01:18,91282CLM1,TSRYS5893517,D,S,D,2024-10-18,1000000.00,3.992161,97.791015625
08:01:18,91282CLM1,TSRYS5893517,D,B,C,2024-10-18,1000000.00,3.992161,97.791015625
08:01:18,91282CLM1,TSRYS5893517,D,S,D,2024-10-18,1000000.00,3.992161,97.791015625
08:01:18,91282CLM1,TSRYS5893517,D,B,C,2024-10-18,1000000.00,3.992819,97.787109375
08:01:18,91282CLM1,TSRYS5893517,D,S,D,2024-10-18,1000000.00,3.992819,97.787109375
08:01:18,91282CLM1,TSRYS5893517,D,S,D,2024-10-18,1000000.00,3.992161,97.791015625
08:01:18,91282CLM1,TSRYS5893517,D,B,C,2024-10-18,1000000.00,3.99249,97.7890625
08:01:18,91282CLM1,TSRYS5893517,D,B,C,2024-10-18,1000000.00,3.992161,97.791015625
08:01:18,91282CLM1,TSRYS5893517,D,S,D,2024-10-18,1000000.00,3.993477,97.783203125
08:01:18,91282CLM1,TSRYS5893517,D,S,D,2024-10-18,1000000.00,3.99249,97.7890625
08:01:18,91282CLM1,TSRYS5893517,D,B,C,2024-10-18,1000000.00,3.993477,97.783203125
08:01:18,91282CLM1,TSRYS5893517,D,S,D,2024-10-18,1000000.00,3.993477,97.783203125
08:01:18,91282CLM1,TSRYS5893517,D,S,D,2024-10-18,1000000.00,3.993148,97.78515625
08:01:18,91282CLM1,TSRYS5893517,D,S,D,2024-10-18,1000000.00,3.993477,97.783203125
08:01:18,91282CLM1,TSRYS5893517,D,S,D,2024-10-18,1000000.00,3.992161,97.791015625
08:01:18,91282CLM1,TSRYS5893517,D,B,C,2024-10-18,1000000.00,3.992161,97.791015625
08:01:18,91282CLM1,TSRYS5893517,D,B,C,2024-10-18,1000000.00,3.993477,97.783203125
08:01:18,91282CLM1,TSRYS5893517,D,S,D,2024-10-18,1000000.00,3.991503,97.794921875
08:01:18,91282CLM1,TSRYS5893517,D,B,C,2024-10-18,1000000.00,3.991173,97.796875
08:01:18,91282CLM1,TSRYS5893517,D,S,D,2024-10-18,1000000.00,3.991173,97.796875
08:01:18,91282CLM1,TSRYS5893517,D,B,C,2024-10-18,1000000.00,3.991173,97.796875
08:01:18,91282CLM1,TSRYS5893517,D,S,D,2024-10-18,1000000.00,3.991173,97.796875
08:01:18,91282CLM1,TSRYS5893517,D,B,C,2024-10-18,1000000.00,3.988541,97.8125
08:01:18,91282CLM1,TSRYS5893517,D,B,C,2024-10-18,1000000.00,3.990844,97.798828125
08:01:18,91282CLM1,TSRYS5893517,D,B,C,2024-10-18,1000000.00,3.991173,97.796875
08:01:18,91282CLM1,TSRYS5893517,D,S,D,2024-10-18,1000000.00,3.990844,97.798828125
08:01:18,91282CLM1,TSRYS5893517,D,S,D,2024-10-18,1000000.00,3.988541,97.8125
08:01:18,91282CLM1,TSRYS5893517,D,B,C,2024-10-18,1000000.00,3.990844,97.798828125
08:01:18,91282CLM1,TSRYS5893517,D,S,D,2024-10-18,1000000.00,3.991173,97.796875
08:01:18,91282CLM1,TSRYS5893517,D,B,C,2024-10-18,1000000.00,3.990844,97.798828125
08:01:18,91282CLM1,TSRYS5893517,D,S,D,2024-10-18,1000000.00,3.990844,97.798828125
08:01:18,91282CLM1,TSRYS5893517,D,B,C,2024-10-18,1000000.00,3.988541,97.8125
08:01:18,91282CLM1,TSRYS5893517,D,S,D,2024-10-18,1000000.00,3.990844,97.798828125
08:01:18,91282CLM1,TSRYS5893517,D,B,C,2024-10-18,1000000.00,3.989528,97.806640625
08:01:18,91282CLM1,TSRYS5893517,D,S,D,2024-10-18,1000000.00,3.989528,97.806640625
08:01:18,91282CLM1,TSRYS5893517,D,S,D,2024-10-18,1000000.00,3.989857,97.8046875
08:01:18,91282CLM1,TSRYS5893517,D,S,D,2024-10-18,1000000.00,3.988541,97.8125
08:01:18,91282CLM1,TSRYS5893517,D,B,C,2024-10-18,1000000.00,3.988541,97.8125
08:01:18,91282CLM1,TSRYS5893517,D,S,D,2024-10-18,1000000.00,3.988541,97.8125
08:01:18,91282CLM1,TSRYS5893517,D,S,D,2024-10-18,1000000.00,3.989528,97.806640625
08:01:18,91282CLM1,TSRYS5893517,D,S,D,2024-10-18,1000000.00,3.990844,97.798828125
08:01:18,91282CLM1,TSRYS5893517,D,B,C,2024-10-18,1000000.00,3.990844,97.798828125
08:01:18,91282CLM1,TSRYS5893517,D,B,C,2024-10-18,1000000.00,3.989528,97.806640625
08:01:18,91282CLM1,TSRYS5893517,D,B,C,2024-10-18,1000000.00,3.988541,97.8125
08:01:18,91282CLM1,TSRYS5893517,D,S,D,2024-10-18,1000000.00,3.988541,97.8125
08:01:18,91282CLM1,TSRYS5893517,D,S,D,2024-10-18,1000000.00,3.991173,97.796875
08:01:18,91282CLM1,TSRYS5893517,D,B,C,2024-10-18,1000000.00,3.990844,97.798828125
08:01:18,91282CLM1,TSRYS5893517,D,B,C,2024-10-18,1000000.00,3.991173,97.796875
08:01:18,91282CLM1,TSRYS5893517,D,S,D,2024-10-18,1000000.00,3.988541,97.8125
08:01:18,91282CLM1,TSRYS5893517,D,S,D,2024-10-18,1000000.00,3.990844,97.798828125
08:01:18,91282CLM1,TSRYS5893517,D,S,D,2024-10-18,1000000.00,3.988541,97.8125
08:01:18,91282CLM1,TSRYS5893517,D,S,D,2024-10-18,60000.00,3.987883,97.81640625
08:01:19,91282CLM1,TSRYS5893517,D,S,D,2024-10-18,1000000.00,3.988541,97.8125
08:01:19,91282CLM1,TSRYS5893517,D,B,C,2024-10-18,1000000.00,3.988541,97.8125
08:01:19,91282CLM1,TSRYS5893517,D,B,C,2024-10-18,1000000.00,3.988541,97.8125
08:01:19,91282CLM1,TSRYS5893517,D,S,D,2024-10-18,1000000.00,3.988541,97.8125
08:01:19,91282CLM1,TSRYS5893517,D,S,D,2024-10-18,1000000.00,3.991173,97.796875
08:01:19,91282CLM1,TSRYS5893517,D,B,C,2024-10-18,1000000.00,3.991173,97.796875
08:01:19,91282CLM1,TSRYS5893517,D,S,D,2024-10-18,1000000.00,3.991173,97.796875
08:01:19,91282CLM1,TSRYS5893517,D,B,C,2024-10-18,1000000.00,3.991173,97.796875
08:01:19,91282CLM1,TSRYS5893517,D,B,C,2024-10-18,1000000.00,3.991173,97.796875
08:01:19,91282CLM1,TSRYS5893517,D,S,D,2024-10-18,1000000.00,3.991173,97.796875
08:01:19,91282CLM1,TSRYS5893517,D,S,C,2024-10-18,1000000.00,3.991832,97.79296875
08:01:19,91282CLM1,TSRYS5893517,D,S,C,2024-10-18,1000000.00,3.991832,97.79296875
08:01:19,91282CLM1,TSRYS5893517,D,S,C,2024-10-18,1000000.00,3.996769,97.763671875
08:01:19,91282CLM1,TSRYS5893517,D,S,C,2024-10-18,1000000.00,3.996769,97.763671875
08:01:19,91282CLM1,TSRYS5893517,D,S,D,2024-10-18,1000000.00,3.99644,97.765625
08:01:19,91282CLM1,TSRYS5893517,D,S,D,2024-10-18,1000000.00,3.988541,97.8125
08:01:19,91282CLM1,TSRYS5893517,D,S,C,2024-10-18,1000000.00,3.988541,97.8125
08:01:19,91282CLM1,TSRYS5893517,D,S,D,2024-10-18,1000000.00,3.988541,97.8125
08:01:20,91282CLM1,TSRYS5893517,D,S,D,2024-10-18,1000000.00,3.988541,97.8125
08:01:20,91282CLM1,TSRYS5893517,D,S,T,2024-10-18,1000000.00,3.988541,97.8125
08:01:20,91282CLM1,TSRYS5893517,D,S,D,2024-10-18,1000000.00,3.988541,97.8125
08:01:20,91282CLM1,TSRYS5893517,D,S,D,2024-10-18,1000000.00,3.988541,97.8125
08:01:20,91282CLM1,TSRYS5893517,D,S,D,2024-10-18,1000000.00,3.988541,97.8125
08:01:20,91282CLM1,TSRYS5893517,D,S,C,2024-10-18,1000000.00,3.988541,97.8125
08:01:20,91282CLM1,TSRYS5893517,D,S,D,2024-10-18,2000000.00,3.988541,97.8125
08:01:20,91282CLM1,TSRYS5893517,D,S,D,2024-10-18,1000000.00,3.988541,97.8125
08:01:20,91282CLM1,TSRYS5893517,D,S,D,2024-10-18,2000000.00,3.988541,97.8125
08:01:20,91282CLM1,TSRYS5893517,D,S,D,2024-10-18,1000000.00,3.988541,97.8125
08:01:20,91282CLM1,TSRYS5893517,D,S,D,2024-10-18,1000000.00,3.988541,97.8125
08:01:20,91282CLM1,TSRYS5893517,D,S,C,2024-10-18,1000000.00,3.988541,97.8125
08:01:20,91282CLM1,TSRYS5893517,D,S,T,2024-10-18,1000000.00,3.988567,97.812348
08:01:20,91282CLM1,TSRYS5893517,D,S,C,2024-10-18,1000000.00,3.988541,97.8125
08:01:20,91282CLM1,TSRYS5893517,D,S,T,2024-10-18,1000000.00,3.988567,97.812348
08:01:20,91282CLM1,TSRYS5893517,D,S,D,2024-10-18,1000000.00,3.988541,97.8125
08:01:20,91282CLM1,TSRYS5893517,D,S,T,2024-10-18,1000000.00,3.988567,97.812348
08:01:20,91282CLM1,TSRYS5893517,D,S,C,2024-10-18,1000000.00,3.988541,97.8125
08:01:20,91282CLM1,TSRYS5893517,D,S,T,2024-10-18,1000000.00,3.988567,97.812348
08:01:20,91282CLM1,TSRYS5893517,D,S,T,2024-10-18,1000000.00,3.988567,97.812348
08:01:20,91282CLM1,TSRYS5893517,D,S,D,2024-10-18,1000000.00,3.988541,97.8125
08:01:20,91282CLM1,TSRYS5893517,D,S,D,2024-10-18,1000000.00,3.988541,97.8125
08:01:20,91282CLM1,TSRYS5893517,D,S,D,2024-10-18,1000000.00,3.988541,97.8125
08:01:20,91282CLM1,TSRYS5893517,D,S,D,2024-10-18,1000000.00,3.988541,97.8125
08:01:20,91282CLM1,TSRYS5893517,D,S,T,2024-10-18,1000000.00,3.988541,97.8125
08:01:20,91282CLM1,TSRYS5893517,D,S,D,2024-10-18,1000000.00,3.988541,97.8125
08:01:20,91282CLM1,TSRYS5893517,D,S,D,2024-10-18,1000000.00,3.988541,97.8125
08:01:20,91282CLM1,TSRYS5893517,D,S,T,2024-10-18,1000000.00,3.988567,97.812348
08:01:20,91282CLM1,TSRYS5893517,D,S,C,2024-10-18,1000000.00,3.994794,97.775390625
08:01:20,91282CLM1,TSRYS5893517,D,S,D,2024-10-18,1000000.00,3.988541,97.8125
08:01:20,91282CLM1,TSRYS5893517,D,S,T,2024-10-18,1000000.00,4.006665,97.704978125
08:01:20,91282CLM1,TSRYS5893517,D,S,T,2024-10-18,1000000.00,4.006665,97.704978125
08:01:20,91282CLM1,TSRYS5893517,D,S,T,2024-10-18,1000000.00,4.006665,97.704978125
08:01:20,91282CLM1,TSRYS5893517,D,S,C,2024-10-18,1000000.00,3.994794,97.775390625
08:01:20,91282CLM1,TSRYS5893517,D,S,T,2024-10-18,1000000.00,4.006665,97.704978125
08:01:20,91282CLM1,TSRYS5893517,D,S,T,2024-10-18,1000000.00,4.006665,97.704978125
08:01:20,91282CLM1,TSRYS5893517,D,S,T,2024-10-18,1000000.00,4.006336,97.70693125
08:01:20,91282CLM1,TSRYS5893517,D,S,T,2024-10-18,1000000.00,4.006665,97.704978125
08:01:20,91282CLM1,TSRYS5893517,D,S,T,2024-10-18,1000000.00,4.006665,97.704978125
08:01:20,91282CLM1,TSRYS5893517,D,S,T,2024-10-18,1000000.00,4.006665,97.704978125
08:01:20,91282CLM1,TSRYS5893517,D,S,T,2024-10-18,1000000.00,3.988567,97.812348
08:01:20,91282CLM1,TSRYS5893517,D,S,D,2024-10-18,1000000.00,3.999073,97.75
08:01:20,91282CLM1,TSRYS5893517,D,S,C,2024-10-18,1000000.00,3.988541,97.8125
08:01:20,91282CLM1,TSRYS5893517,D,S,C,2024-10-18,1000000.00,3.999073,97.75
08:01:20,91282CLM1,TSRYS5893517,D,S,C,2024-10-18,1000000.00,3.999403,97.748046875
08:01:20,91282CLM1,TSRYS5893517,D,S,C,2024-10-18,1000000.00,4.001708,97.734375
08:01:20,91282CLM1,TSRYS5893517,D,S,C,2024-10-18,1000000.00,4.001708,97.734375
08:01:20,91282CLM1,TSRYS5893517,D,S,C,2024-10-18,1000000.00,4.004013,97.720703125
08:01:20,91282CLM1,TSRYS5893517,D,S,C,2024-10-18,1000000.00,4.004013,97.720703125
08:01:21,91282CLM1,TSRYS5893517,D,S,D,2024-10-18,1000000.00,3.993148,97.78515625
08:01:21,91282CLM1,TSRYS5893517,D,S,D,2024-10-18,1000000.00,3.993148,97.78515625
08:01:21,91282CLM1,TSRYS5893517,D,S,D,2024-10-18,1000000.00,3.998086,97.75585937
08:01:21,91282CLM1,TSRYS5893517,D,B,C,2024-10-18,1000000.00,4.002037,97.732421875
08:01:21,91282CLM1,TSRYS5893517,D,S,D,2024-10-18,1000000.00,4.002037,97.732421875
08:01:21,91282CLM1,TSRYS5893517,D,S,C,2024-10-18,1000000.00,4.002696,97.728515625
08:01:21,91282CLM1,TSRYS5893517,D,S,C,2024-10-18,1000000.00,3.998086,97.75585937
08:01:21,91282CLM1,TSRYS5893517,D,S,T,2024-10-18,1000000.00,4.007016,97.7029
08:01:21,91282CLM1,TSRYS5893517,D,S,D,2024-10-18,1000000.00,4.002366,97.73046875
08:01:21,91282CLM1,TSRYS5893517,D,S,T,2024-10-18,1000000.00,4.003684,97.72265625
08:01:21,91282CLM1,TSRYS5893517,D,S,D,2024-10-18,1000000.00,4.003684,97.72265625
08:01:21,91282CLM1,TSRYS5893517,D,S,D,2024-10-18,1000000.00,3.993148,97.78515625
08:01:21,91282CLM1,TSRYS5893517,D,S,D,2024-10-18,1000000.00,3.993148,97.78515625
08:01:21,91282CLM1,TSRYS5893517,D,S,C,2024-10-18,1000000.00,3.993148,97.78515625
08:01:21,91282CLM1,TSRYS5893517,D,S,C,2024-10-18,1000000.00,3.993148,97.78515625
08:01:21,91282CLM1,TSRYS5893517,D,B,C,2024-10-18,1000000.00,4.002696,97.728515625
08:01:21,91282CLM1,TSRYS5893517,D,S,D,2024-10-18,1000000.00,4.002696,97.728515625
08:01:21,91282CLM1,TSRYS5893517,D,B,C,2024-10-18,1000000.00,4.003025,97.7265625
08:01:21,91282CLM1,TSRYS5893517,D,S,D,2024-10-18,1000000.00,4.003025,97.7265625
08:01:21,91282CLM1,TSRYS5893517,D,S,T,2024-10-18,1000000.00,4.006648,97.705078125
08:01:21,91282CLM1,TSRYS5893517,D,S,T,2024-10-18,1000000.00,4.006648,97.705078125
08:01:21,91282CLM1,TSRYS5893517,D,S,T,2024-10-18,1000000.00,4.005001,97.71484375
08:01:21,91282CLM1,TSRYS5893517,D,S,T,2024-10-18,1000000.00,4.005001,97.71484375
08:01:22,91282CLM1,TSRYS5893517,D,B,C,2024-10-18,1000000.00,4.003025,97.7265625
08:01:22,91282CLM1,TSRYS5893517,D,S,D,2024-10-18,1000000.00,4.003025,97.7265625
08:01:22,91282CLM1,TSRYS5893517,D,S,D,2024-10-18,1000000.00,4.003684,97.72265625
08:01:22,91282CLM1,TSRYS5893517,D,S,D,2024-10-18,1000000.00,4.003684,97.72265625
08:01:22,91282CLM1,TSRYS5893517,D,S,D,2024-10-18,1000000.00,4.003684,97.72265625
08:01:22,91282CLM1,TSRYS5893517,D,S,D,2024-10-18,1000000.00,4.00072,97.74023437
08:01:22,91282CLM1,TSRYS5893517,D,S,T,2024-10-18,1000000.00,4.002696,97.72851562
08:01:22,91282CLM1,TSRYS5893517,D,S,C,2024-10-18,1000000.00,4.002037,97.732421875
08:01:22,91282CLM1,TSRYS5893517,D,S,D,2024-10-18,1000000.00,4.002696,97.72851562
08:01:22,91282CLM1,TSRYS5893517,D,S,D,2024-10-18,1000000.00,4.003025,97.7265625
08:01:22,91282CLM1,TSRYS5893517,D,S,T,2024-10-18,1000000.00,4.003025,97.7265625
08:01:22,91282CLM1,TSRYS5893517,D,S,C,2024-10-18,1000000.00,4.002037,97.732421875
08:01:22,91282CLM1,TSRYS5893517,D,S,D,2024-10-18,1000000.00,4.003025,97.7265625
08:01:22,91282CLM1,TSRYS5893517,D,S,D,2024-10-18,2000000.00,4.003025,97.7265625
08:01:22,91282CLM1,TSRYS5893517,D,S,D,2024-10-18,1000000.00,4.003025,97.7265625
08:01:22,91282CLM1,TSRYS5893517,D,S,D,2024-10-18,1000000.00,4.002696,97.72851562
08:01:22,91282CLM1,TSRYS5893517,D,S,T,2024-10-18,1000000.00,4.003025,97.7265625
08:01:22,91282CLM1,TSRYS5893517,D,S,D,2024-10-18,2000000.00,4.003025,97.7265625
08:01:22,91282CLM1,TSRYS5893517,D,S,D,2024-10-18,1000000.00,4.003025,97.7265625
08:01:22,91282CLM1,TSRYS5893517,D,S,D,2024-10-18,1000000.00,4.003025,97.7265625
08:01:22,91282CLM1,TSRYS5893517,D,B,C,2024-10-18,1000000.00,4.002696,97.728515625
08:01:22,91282CLM1,TSRYS5893517,D,S,D,2024-10-18,1000000.00,4.003025,97.7265625
08:01:22,91282CLM1,TSRYS5893517,D,B,C,2024-10-18,1000000.00,4.002696,97.728515625
08:01:22,91282CLM1,TSRYS5893517,D,S,C,2024-10-18,1000000.00,4.002696,97.728515625
08:01:22,91282CLM1,TSRYS5893517,D,S,D,2024-10-18,1000000.00,4.002696,97.728515625
08:01:22,91282CLM1,TSRYS5893517,D,S,D,2024-10-18,1000000.00,4.003025,97.7265625
08:01:22,91282CLM1,TSRYS5893517,D,S,D,2024-10-18,1000000.00,4.003025,97.7265625
08:01:22,91282CLM1,TSRYS5893517,D,S,D,2024-10-18,2000000.00,4.003025,97.7265625
08:01:22,91282CLM1,TSRYS5893517,D,S,C,2024-10-18,2000000.00,4.003025,97.7265625
08:01:22,91282CLM1,TSRYS5893517,D,S,C,2024-10-18,2000000.00,4.003025,97.7265625
08:01:22,91282CLM1,TSRYS5893517,D,B,C,2024-10-18,1000000.00,4.004343,97.71875
08:01:22,91282CLM1,TSRYS5893517,D,S,D,2024-10-18,1000000.00,4.004343,97.71875
08:01:22,91282CLM1,TSRYS5893517,D,B,C,2024-10-18,1000000.00,4.004343,97.71875
08:01:22,91282CLM1,TSRYS5893517,D,S,C,2024-10-18,1000000.00,4.003025,97.7265625
08:01:22,91282CLM1,TSRYS5893517,D,S,C,2024-10-18,1000000.00,4.004343,97.71875
08:01:22,91282CLM1,TSRYS5893517,D,S,D,2024-10-18,2000000.00,4.003025,97.7265625
08:01:22,91282CLM1,TSRYS5893517,D,S,T,2024-10-18,1000000.00,4.003051,97.7264105
08:01:22,91282CLM1,TSRYS5893517,D,S,T,2024-10-18,1000000.00,4.003051,97.7264105
08:01:22,91282CLM1,TSRYS5893517,D,S,T,2024-10-18,1000000.00,4.003051,97.7264105
08:01:22,91282CLM1,TSRYS5893517,D,S,T,2024-10-18,1000000.00,4.003051,97.7264105
08:01:22,91282CLM1,TSRYS5893517,D,S,T,2024-10-18,1000000.00,4.003051,97.7264105
08:01:22,91282CLM1,TSRYS5893517,D,S,C,2024-10-18,1000000.00,4.004672,97.716796875
08:01:22,91282CLM1,TSRYS5893517,D,S,T,2024-10-18,1000000.00,4.003051,97.7264105
08:01:22,91282CLM1,TSRYS5893517,D,S,T,2024-10-18,1000000.00,4.003051,97.7264105
08:01:22,91282CLM1,TSRYS5893517,D,S,C,2024-10-18,1000000.00,4.004672,97.716796875
08:01:22,91282CLM1,TSRYS5893517,D,S,T,2024-10-18,1000000.00,4.003051,97.7264105
08:01:22,91282CLM1,TSRYS5893517,D,S,D,2024-10-18,1000000.00,4.004672,97.716796875
08:01:22,91282CLM1,TSRYS5893517,D,B,C,2024-10-18,1000000.00,4.004672,97.716796875
08:01:22,91282CLM1,TSRYS5893517,D,S,T,2024-10-18,1000000.00,4.003051,97.7264105
08:01:22,91282CLM1,TSRYS5893517,D,S,T,2024-10-18,1000000.00,4.003051,97.7264105
08:01:22,91282CLM1,TSRYS5893517,D,S,D,2024-10-18,1000000.00,4.003025,97.7265625
08:01:22,91282CLM1,TSRYS5893517,D,S,C,2024-10-18,1000000.00,4.004672,97.716796875
08:01:22,91282CLM1,TSRYS5893517,D,B,C,2024-10-18,1000000.00,4.004013,97.720703125
08:01:22,91282CLM1,TSRYS5893517,D,S,D,2024-10-18,1000000.00,4.003025,97.7265625
08:01:22,91282CLM1,TSRYS5893517,D,S,D,2024-10-18,1000000.00,4.004013,97.720703125
08:01:22,91282CLM1,TSRYS5893517,D,S,D,2024-10-18,1000000.00,4.003025,97.7265625
08:01:22,91282CLM1,TSRYS5893517,D,S,C,2024-10-18,3000000.00,4.004672,97.716796875
08:01:22,91282CLM1,TSRYS5893517,D,S,D,2024-10-18,1000000.00,4.003025,97.7265625
08:01:22,91282CLM1,TSRYS5893517,D,S,C,2024-10-18,1000000.00,3.998744,97.751953125
08:01:22,91282CLM1,TSRYS5893517,D,S,C,2024-10-18,1000000.00,3.999403,97.748046875
08:01:22,91282CLM1,TSRYS5893517,D,S,C,2024-10-18,1000000.00,3.999403,97.748046875
08:01:22,91282CLM1,TSRYS5893517,D,S,C,2024-10-18,1000000.00,4.004672,97.716796875
08:01:22,91282CLM1,TSRYS5893517,D,S,C,2024-10-18,1000000.00,4.004672,97.716796875
08:01:22,91282CLM1,TSRYS5893517,D,S,T,2024-10-18,1000000.00,4.003025,97.7265625
08:01:22,91282CLM1,TSRYS5893517,D,S,D,2024-10-18,1000000.00,4.003025,97.7265625
08:01:22,91282CLM1,TSRYS5893517,D,S,T,2024-10-18,1000000.00,4.003051,97.7264105
08:01:22,91282CLM1,TSRYS5893517,D,S,T,2024-10-18,1000000.00,4.003051,97.7264105
08:01:22,91282CLM1,TSRYS5893517,D,S,D,2024-10-18,1000000.00,4.005331,97.71289062
08:01:22,91282CLM1,TSRYS5893517,D,S,D,2024-10-18,1000000.00,4.005331,97.71289062
08:01:23,91282CLM1,TSRYS5893517,D,S,D,2024-10-18,1000000.00,4.005331,97.71289062
08:01:23,91282CLM1,TSRYS5893517,D,S,D,2024-10-18,1000000.00,4.005331,97.71289062
08:01:23,91282CLM1,TSRYS5893517,D,S,D,2024-10-18,1000000.00,4.005331,97.71289062
08:01:23,91282CLM1,TSRYS5893517,D,S,D,2024-10-18,1000000.00,4.005331,97.71289062
08:01:23,91282CLM1,TSRYS5893517,D,S,D,2024-10-18,1000000.00,4.005331,97.71289062
08:01:23,91282CLM1,TSRYS5893517,D,S,D,2024-10-18,1000000.00,4.005331,97.71289062
08:01:23,91282CLM1,TSRYS5893517,D,S,D,2024-10-18,1000000.00,4.005331,97.71289062
08:01:23,91282CLM1,TSRYS5893517,D,S,D,2024-10-18,1000000.00,4.005331,97.71289062
08:01:23,91282CLM1,TSRYS5893517,D,S,D,2024-10-18,1000000.00,4.005331,97.71289062
08:01:23,91282CLM1,TSRYS5893517,D,S,D,2024-10-18,1000000.00,4.005331,97.71289062
