tradeTime,cusip,issueSymbolIdentifier,priceType,reportingSideCode,contraPartyTypeCode,tradeDate,reportedTradeVolume,lastSaleYield,lastSalePrice
08:00:03,91282CKC4,TSRYS5756736,D,S,D,2024-03-25,1000000.00,4.231171,100.109375
08:00:03,91282CKC4,TSRYS5756736,D,S,D,2024-03-25,1000000.00,4.231171,100.109375
08:00:03,91282CKC4,TSRYS5756736,D,S,D,2024-03-25,1000000.00,4.231171,100.109375
08:00:03,91282CKC4,TSRYS5756736,D,S,T,2024-03-25,1000000.00,4.19711,100.3125
08:00:03,91282CKC4,TSRYS5756736,D,S,D,2024-03-25,2000000.00,4.194493,100.328125
08:00:03,91282CKC4,TSRYS5756736,D,S,D,2024-03-25,2000000.00,4.19482,100.326171875
08:00:03,91282CKC4,TSRYS5756736,D,S,D,2024-03-25,1000000.00,4.195475,100.322265625
08:00:03,91282CKC4,TSRYS5756736,D,S,D,2024-03-25,1000000.00,4.195475,100.322265625
08:00:03,91282CKC4,TSRYS5756736,D,S,D,2024-03-25,1000000.00,4.195475,100.322265625
08:00:03,91282CKC4,TSRYS5756736,D,S,D,2024-03-25,1000000.00,4.195475,100.322265625
08:00:03,91282CKC4,TSRYS5756736,D,S,D,2024-03-25,1000000.00,4.195475,100.322265625
08:00:03,91282CKC4,TSRYS5756736,D,S,D,2024-03-25,1000000.00,4.195475,100.322265625
08:00:03,91282CKC4,TSRYS5756736,D,S,T,2024-03-25,1000000.00,4.207582,100.25
08:00:03,91282CKC4,TSRYS5756736,D,S,D,2024-03-25,1000000.00,4.207582,100.25
08:00:03,91282CKC4,TSRYS5756736,D,S,T,2024-03-25,1000000.00,4.212821,100.21875
08:00:03,91282CKC4,TSRYS5756736,D,S,D,2024-03-25,1000000.00,4.212821,100.21875
08:00:03,91282CKC4,TSRYS5756736,D,S,D,2024-03-25,1000000.00,4.214458,100.208984375
08:00:03,91282CKC4,TSRYS5756736,D,S,T,2024-03-25,2000000.00,4.214458,100.208984375
08:00:03,91282CKC4,TSRYS5756736,D,S,D,2024-03-25,1000000.00,4.214131,100.2109375
08:00:03,91282CKC4,TSRYS5756736,D,S,D,2024-03-25,1000000.00,4.214131,100.2109375
08:00:03,91282CKC4,TSRYS5756736,D,S,D,2024-03-25,1000000.00,4.211183,100.228515625
08:00:03,91282CKC4,TSRYS5756736,D,S,D,2024-03-25,1000000.00,4.214786,100.20703125
08:00:03,91282CKC4,TSRYS5756736,D,S,D,2024-03-25,1000000.00,4.213476,100.21484375
08:00:03,91282CKC4,TSRYS5756736,D,S,T,2024-03-25,1000000.00,4.214458,100.208984375
08:00:03,91282CKC4,TSRYS5756736,D,S,D,2024-03-25,1000000.00,4.214786,100.20703125
08:00:03,91282CKC4,TSRYS5756736,D,S,D,2024-03-25,1000000.00,4.213476,100.21484375
08:00:03,91282CKC4,TSRYS5756736,D,S,D,2024-03-25,1000000.00,4.213476,100.21484375
08:00:03,91282CKC4,TSRYS5756736,D,S,D,2024-03-25,1000000.00,4.213476,100.21484375
08:00:03,91282CKC4,TSRYS5756736,D,S,D,2024-03-25,2000000.00,4.213476,100.21484375
08:00:03,91282CKC4,TSRYS5756736,D,S,D,2024-03-25,1000000.00,4.213476,100.21484375
08:00:03,91282CKC4,TSRYS5756736,D,S,D,2024-03-25,1000000.00,4.213476,100.21484375
08:00:03,91282CKC4,TSRYS5756736,D,S,T,2024-03-25,2000000.00,4.213476,100.21484375
08:00:03,91282CKC4,TSRYS5756736,D,S,D,2024-03-25,1000000.00,4.213476,100.21484375
08:00:03,91282CKC4,TSRYS5756736,D,S,T,2024-03-25,1000000.00,4.213476,100.21484375
08:00:03,91282CKC4,TSRYS5756736,D,S,D,2024-03-25,2000000.00,4.213476,100.21484375
08:00:03,91282CKC4,TSRYS5756736,D,S,D,2024-03-25,1000000.00,4.213476,100.21484375
08:00:03,91282CKC4,TSRYS5756736,D,S,D,2024-03-25,1000000.00,4.211838,100.224609375
08:00:03,91282CKC4,TSRYS5756736,D,S,D,2024-03-25,1000000.00,4.211838,100.224609375
08:00:03,91282CKC4,TSRYS5756736,D,S,D,2024-03-25,1000000.00,4.211838,100.224609375
08:00:03,91282CKC4,TSRYS5756736,D,S,D,2024-03-25,1000000.00,4.211838,100.224609375
08:00:03,91282CKC4,TSRYS5756736,D,S,D,2024-03-25,1000000.00,4.211838,100.224609375
08:00:03,91282CKC4,TSRYS5756736,D,S,D,2024-03-25,1000000.00,4.209546,100.23828125
08:00:03,91282CKC4,TSRYS5756736,D,S,D,2024-03-25,1000000.00,4.216423,100.197265625
08:00:03,91282CKC4,TSRYS5756736,D,S,T,2024-03-25,1000000.00,4.215113,100.205078125
08:00:03,91282CKC4,TSRYS5756736,D,S,T,2024-03-25,1000000.00,4.214786,100.20703125
08:00:03,91282CKC4,TSRYS5756736,D,S,T,2024-03-25,1000000.00,4.22986,100.1171875
08:00:03,91282CKC4,TSRYS5756736,D,S,T,2024-03-25,1000000.00,4.228876,100.123046875
08:00:03,91282CKC4,TSRYS5756736,D,S,D,2024-03-25,1000000.00,4.228876,100.123046875
08:00:03,91282CKC4,TSRYS5756736,D,S,T,2024-03-25,1000000.00,4.230516,100.11328125
08:00:03,91282CKC4,TSRYS5756736,D,S,D,2024-03-25,1000000.00,4.228876,100.123046875
08:00:03,91282CKC4,TSRYS5756736,D,S,D,2024-03-25,1000000.00,4.231171,100.109375
08:00:03,91282CKC4,TSRYS5756736,D,S,T,2024-03-25,1000000.00,4.231171,100.109375
08:00:03,91282CKC4,TSRYS5756736,D,S,D,2024-03-25,1000000.00,4.231171,100.109375
08:00:03,91282CKC4,TSRYS5756736,D,S,T,2024-03-25,1000000.00,4.231171,100.109375
08:00:03,91282CKC4,TSRYS5756736,D,S,D,2024-03-25,1000000.00,4.231171,100.109375
08:00:03,91282CKC4,TSRYS5756736,D,S,D,2024-03-25,1000000.00,4.231171,100.109375
08:00:03,91282CKC4,TSRYS5756736,D,S,D,2024-03-25,1000000.00,4.231171,100.109375
08:00:03,91282CKC4,TSRYS5756736,D,S,D,2024-03-25,1000000.00,4.231171,100.109375
08:00:03,91282CKC4,TSRYS5756736,D,S,D,2024-03-25,1000000.00,4.231171,100.109375
08:00:03,91282CKC4,TSRYS5756736,D,S,D,2024-03-25,1000000.00,4.231171,100.109375
08:00:03,91282CKC4,TSRYS5756736,D,S,T,2024-03-25,1000000.00,4.231171,100.109375
08:00:03,91282CKC4,TSRYS5756736,D,S,D,2024-03-25,1000000.00,4.231171,100.109375
08:00:03,91282CKC4,TSRYS5756736,D,S,T,2024-03-25,1000000.00,4.231171,100.109375
08:00:03,91282CKC4,TSRYS5756736,D,S,T,2024-03-25,1000000.00,4.231171,100.109375
08:00:03,91282CKC4,TSRYS5756736,D,S,D,2024-03-25,1000000.00,4.231171,100.109375
08:00:03,91282CKC4,TSRYS5756736,D,S,D,2024-03-25,1000000.00,4.231171,100.109375
08:00:03,91282CKC4,TSRYS5756736,D,S,D,2024-03-25,1000000.00,4.231171,100.109375
08:00:03,91282CKC4,TSRYS5756736,D,S,D,2024-03-25,1000000.00,4.231171,100.109375
08:00:03,91282CKC4,TSRYS5756736,D,S,D,2024-03-25,1000000.00,4.231171,100.109375
08:00:03,91282CKC4,TSRYS5756736,D,S,D,2024-03-25,1000000.00,4.231171,100.109375
08:00:03,91282CKC4,TSRYS5756736,D,S,D,2024-03-25,1000000.00,4.231171,100.109375
08:00:03,91282CKC4,TSRYS5756736,D,S,D,2024-03-25,1000000.00,4.231171,100.109375
08:00:03,91282CKC4,TSRYS5756736,D,S,D,2024-03-25,1000000.00,4.231171,100.109375
08:00:03,91282CKC4,TSRYS5756736,D,S,D,2024-03-25,1000000.00,4.231171,100.109375
08:00:03,91282CKC4,TSRYS5756736,D,S,D,2024-03-25,1000000.00,4.231171,100.109375
08:00:03,91282CKC4,TSRYS5756736,D,S,D,2024-03-25,1000000.00,4.231171,100.109375
08:00:03,91282CKC4,TSRYS5756736,D,S,D,2024-03-25,1000000.00,4.231171,100.109375
08:00:03,91282CKC4,TSRYS5756736,D,S,D,2024-03-25,1000000.00,4.231171,100.109375
08:00:03,91282CKC4,TSRYS5756736,D,S,D,2024-03-25,1000000.00,4.231171,100.109375
08:00:03,91282CKC4,TSRYS5756736,D,S,D,2024-03-25,1000000.00,4.231171,100.109375
08:00:03,91282CKC4,TSRYS5756736,D,S,D,2024-03-25,1000000.00,4.231171,100.109375
08:00:03,91282CKC4,TSRYS5756736,D,S,D,2024-03-25,1000000.00,4.231171,100.109375
08:00:03,91282CKC4,TSRYS5756736,D,S,D,2024-03-25,1000000.00,4.231171,100.109375
08:00:03,91282CKC4,TSRYS5756736,D,S,D,2024-03-25,1000000.00,4.231171,100.109375
08:00:03,91282CKC4,TSRYS5756736,D,S,D,2024-03-25,1000000.00,4.231171,100.109375
08:00:03,91282CKC4,TSRYS5756736,D,S,D,2024-03-25,1000000.00,4.231171,100.109375
08:00:03,91282CKC4,TSRYS5756736,D,S,D,2024-03-25,1000000.00,4.231171,100.109375
08:00:03,91282CKC4,TSRYS5756736,D,S,D,2024-03-25,1000000.00,4.231171,100.109375
08:00:03,91282CKC4,TSRYS5756736,D,S,D,2024-03-25,1000000.00,4.235763,100.08203125
08:00:03,91282CKC4,TSRYS5756736,D,S,T,2024-03-25,1000000.00,4.239371,100.060546875
08:00:03,91282CKC4,TSRYS5756736,D,S,D,2024-03-25,3000000.00,4.239371,100.060546875
08:00:03,91282CKC4,TSRYS5756736,D,S,D,2024-03-25,2000000.00,4.239371,100.060546875
08:00:03,91282CKC4,TSRYS5756736,D,S,D,2024-03-25,1000000.00,4.239371,100.060546875
08:00:03,91282CKC4,TSRYS5756736,D,S,T,2024-03-25,1000000.00,4.240355,100.0546875
08:00:03,91282CKC4,TSRYS5756736,D,S,T,2024-03-25,1000000.00,4.240355,100.0546875
08:00:03,91282CKC4,TSRYS5756736,D,S,T,2024-03-25,1000000.00,4.240355,100.0546875
08:00:03,91282CKC4,TSRYS5756736,D,S,T,2024-03-25,1000000.00,4.240355,100.0546875
08:00:03,91282CKC4,TSRYS5756736,D,S,C,2024-03-25,1950000.00,4.241668,100.046875
08:00:03,91282CKC4,TSRYS5756736,D,S,T,2024-03-25,1000000.00,4.244622,100.029296875
08:00:03,91282CKC4,TSRYS5756736,D,S,T,2024-03-25,1000000.00,4.246919,100.015625
08:00:03,91282CKC4,TSRYS5756736,D,S,T,2024-03-25,1000000.00,4.246919,100.015625
08:00:03,91282CKC4,TSRYS5756736,D,S,T,2024-03-25,1000000.00,4.246919,100.015625
08:00:03,91282CKC4,TSRYS5756736,D,S,T,2024-03-25,1000000.00,4.246919,100.015625
08:00:07,91282CKC4,TSRYS5756736,D,S,T,2024-03-25,1000000.00,4.215441,100.203125
08:00:08,91282CKC4,TSRYS5756736,D,S,T,2024-03-25,1000000.00,4.218061,100.1875
08:00:15,91282CKC4,TSRYS5756736,D,S,D,2024-03-25,2000000.00,4.233467,100.095703125
08:00:15,91282CKC4,TSRYS5756736,D,B,C,2024-03-25,2000000.00,4.233467,100.095703125
08:00:15,91282CKC4,TSRYS5756736,D,S,D,2024-03-25,2000000.00,4.233795,100.09375
08:00:15,91282CKC4,TSRYS5756736,D,B,C,2024-03-25,2000000.00,4.233795,100.09375
08:00:15,91282CKC4,TSRYS5756736,D,S,D,2024-03-25,2000000.00,4.233467,100.095703125
08:00:15,91282CKC4,TSRYS5756736,D,B,C,2024-03-25,2000000.00,4.233467,100.095703125
08:00:15,91282CKC4,TSRYS5756736,D,S,D,2024-03-25,2000000.00,4.236091,100.080078125
08:00:15,91282CKC4,TSRYS5756736,D,S,D,2024-03-25,4000000.00,4.236091,100.080078125
08:00:15,91282CKC4,TSRYS5756736,D,B,C,2024-03-25,6000000.00,4.236091,100.080078125
08:00:15,91282CKC4,TSRYS5756736,D,S,C,2024-03-25,4000000.00,4.236091,100.080078125
08:00:15,91282CKC4,TSRYS5756736,D,S,D,2024-03-25,2000000.00,4.237731,100.0703125
08:00:15,91282CKC4,TSRYS5756736,D,B,C,2024-03-25,2000000.00,4.237731,100.0703125
08:00:15,91282CKC4,TSRYS5756736,D,S,D,2024-03-25,2000000.00,4.235763,100.08203125
08:00:15,91282CKC4,TSRYS5756736,D,B,C,2024-03-25,2000000.00,4.235763,100.08203125
08:00:15,91282CKC4,TSRYS5756736,D,S,D,2024-03-25,2000000.00,4.246263,100.01953125
08:00:15,91282CKC4,TSRYS5756736,D,B,C,2024-03-25,2000000.00,4.246263,100.01953125
08:00:19,91282CKC4,TSRYS5756736,D,S,D,2024-03-25,1000000.00,4.245606,100.0234375
08:00:22,91282CKC4,TSRYS5756736,D,S,D,2024-03-25,1000000.00,4.246263,100.01953125
08:00:24,91282CKC4,TSRYS5756736,D,S,T,2024-03-25,1000000.00,4.215441,100.203125
08:00:24,91282CKC4,TSRYS5756736,D,S,T,2024-03-25,1000000.00,4.218061,100.1875
08:00:24,91282CKC4,TSRYS5756736,D,S,T,2024-03-25,1000000.00,4.215441,100.203125
08:00:24,91282CKC4,TSRYS5756736,D,S,T,2024-03-25,1000000.00,4.212821,100.21875
08:00:24,91282CKC4,TSRYS5756736,D,S,T,2024-03-25,1000000.00,4.215441,100.203125
08:00:24,91282CKC4,TSRYS5756736,D,S,T,2024-03-25,1000000.00,4.215441,100.203125
08:00:24,91282CKC4,TSRYS5756736,D,S,T,2024-03-25,1000000.00,4.215441,100.203125
08:00:24,91282CKC4,TSRYS5756736,D,S,T,2024-03-25,1000000.00,4.220682,100.171875
08:00:24,91282CKC4,TSRYS5756736,D,S,T,2024-03-25,1000000.00,4.225926,100.140625
08:00:24,91282CKC4,TSRYS5756736,D,S,T,2024-03-25,1000000.00,4.233795,100.09375
08:00:24,91282CKC4,TSRYS5756736,D,S,T,2024-03-25,1000000.00,4.236419,100.078125
08:00:24,91282CKC4,TSRYS5756736,D,S,T,2024-03-25,1000000.00,4.236419,100.078125
08:00:24,91282CKC4,TSRYS5756736,D,S,T,2024-03-25,1000000.00,4.236419,100.078125
08:00:24,91282CKC4,TSRYS5756736,D,S,T,2024-03-25,1000000.00,4.239043,100.0625
08:00:24,91282CKC4,TSRYS5756736,D,S,T,2024-03-25,1000000.00,4.241668,100.046875
08:00:24,91282CKC4,TSRYS5756736,D,S,T,2024-03-25,1000000.00,4.244293,100.03125
08:00:24,91282CKC4,TSRYS5756736,D,S,T,2024-03-25,1000000.00,4.244293,100.03125
08:00:24,91282CKC4,TSRYS5756736,D,S,T,2024-03-25,1000000.00,4.214131,100.2109375
08:00:24,91282CKC4,TSRYS5756736,D,S,T,2024-03-25,1000000.00,4.214131,100.2109375
08:00:24,91282CKC4,TSRYS5756736,D,S,T,2024-03-25,1000000.00,4.214131,100.2109375
08:00:24,91282CKC4,TSRYS5756736,D,S,T,2024-03-25,1000000.00,4.212821,100.21875
08:00:24,91282CKC4,TSRYS5756736,D,S,T,2024-03-25,1000000.00,4.216096,100.19921875
08:00:24,91282CKC4,TSRYS5756736,D,S,T,2024-03-25,1000000.00,4.214786,100.20703125
08:00:24,91282CKC4,TSRYS5756736,D,S,T,2024-03-25,1000000.00,4.22986,100.1171875
08:00:24,91282CKC4,TSRYS5756736,D,S,T,2024-03-25,1000000.00,4.234451,100.08984375
08:00:24,91282CKC4,TSRYS5756736,D,S,T,2024-03-25,1000000.00,4.234451,100.08984375
08:00:24,91282CKC4,TSRYS5756736,D,S,T,2024-03-25,1000000.00,4.233795,100.09375
08:00:24,91282CKC4,TSRYS5756736,D,S,T,2024-03-25,1000000.00,4.236419,100.078125
08:00:24,91282CKC4,TSRYS5756736,D,S,T,2024-03-25,1000000.00,4.240355,100.0546875
08:00:24,91282CKC4,TSRYS5756736,D,S,T,2024-03-25,2000000.00,4.240355,100.0546875
08:00:24,91282CKC4,TSRYS5756736,D,S,T,2024-03-25,1000000.00,4.241012,100.05078125
08:00:24,91282CKC4,TSRYS5756736,D,S,T,2024-03-25,1000000.00,4.24495,100.02734375
08:00:24,91282CKC4,TSRYS5756736,D,S,T,2024-03-25,1000000.00,4.24495,100.02734375
08:00:24,91282CKC4,TSRYS5756736,D,S,T,2024-03-25,1000000.00,4.244293,100.03125
08:00:24,91282CKC4,TSRYS5756736,D,S,T,2024-03-25,1000000.00,4.246263,100.01953125
08:00:24,91282CKC4,TSRYS5756736,D,S,T,2024-03-25,1000000.00,4.246263,100.01953125
08:00:24,91282CKC4,TSRYS5756736,D,S,T,2024-03-25,2000000.00,4.246919,100.015625
08:00:24,91282CKC4,TSRYS5756736,D,S,T,2024-03-25,1000000.00,4.246919,100.015625
08:00:30,91282CKC4,TSRYS5756736,D,S,T,2024-03-25,1000000.00,4.194493,100.328125
08:00:30,91282CKC4,TSRYS5756736,D,S,T,2024-03-25,1000000.00,4.194493,100.328125
08:00:30,91282CKC4,TSRYS5756736,D,S,D,2024-03-25,1000000.00,4.195475,100.322265625
08:00:30,91282CKC4,TSRYS5756736,D,S,D,2024-03-25,1000000.00,4.195475,100.322265625
08:00:30,91282CKC4,TSRYS5756736,D,S,T,2024-03-25,1000000.00,4.194493,100.328125
08:00:30,91282CKC4,TSRYS5756736,D,S,D,2024-03-25,1000000.00,4.195475,100.322265625
08:00:30,91282CKC4,TSRYS5756736,D,S,D,2024-03-25,2000000.00,4.194493,100.328125
08:00:30,91282CKC4,TSRYS5756736,D,S,T,2024-03-25,1000000.00,4.194493,100.328125
08:00:30,91282CKC4,TSRYS5756736,D,S,D,2024-03-25,1000000.00,4.195475,100.322265625
08:00:30,91282CKC4,TSRYS5756736,D,S,D,2024-03-25,1000000.00,4.195475,100.322265625
08:00:30,91282CKC4,TSRYS5756736,D,S,T,2024-03-25,1000000.00,4.191877,100.34375
08:00:30,91282CKC4,TSRYS5756736,D,S,T,2024-03-25,1000000.00,4.195802,100.3203125
08:00:30,91282CKC4,TSRYS5756736,D,S,T,2024-03-25,2000000.00,4.195147,100.32421875
08:00:30,91282CKC4,TSRYS5756736,D,S,T,2024-03-25,1000000.00,4.195147,100.32421875
08:00:30,91282CKC4,TSRYS5756736,D,S,T,2024-03-25,1000000.00,4.19711,100.3125
08:00:30,91282CKC4,TSRYS5756736,D,S,T,2024-03-25,2000000.00,4.19711,100.3125
08:00:30,91282CKC4,TSRYS5756736,D,S,D,2024-03-25,1000000.00,4.1994,100.298828125
08:00:30,91282CKC4,TSRYS5756736,D,S,D,2024-03-25,1000000.00,4.1994,100.298828125
08:00:30,91282CKC4,TSRYS5756736,D,S,T,2024-03-25,1000000.00,4.200054,100.294921875
08:00:30,91282CKC4,TSRYS5756736,D,S,D,2024-03-25,1000000.00,4.200054,100.294921875
08:00:30,91282CKC4,TSRYS5756736,D,S,T,2024-03-25,1000000.00,4.202345,100.28125
08:00:30,91282CKC4,TSRYS5756736,D,S,T,2024-03-25,1000000.00,4.204963,100.265625
08:00:30,91282CKC4,TSRYS5756736,D,S,T,2024-03-25,1000000.00,4.204963,100.265625
08:00:30,91282CKC4,TSRYS5756736,D,S,T,2024-03-25,1000000.00,4.204963,100.265625
08:00:30,91282CKC4,TSRYS5756736,D,S,T,2024-03-25,1000000.00,4.207582,100.25
08:00:30,91282CKC4,TSRYS5756736,D,S,T,2024-03-25,1000000.00,4.209219,100.240234375
08:00:30,91282CKC4,TSRYS5756736,D,S,D,2024-03-25,1000000.00,4.208891,100.2421875
08:00:30,91282CKC4,TSRYS5756736,D,S,D,2024-03-25,1000000.00,4.208891,100.2421875
08:00:30,91282CKC4,TSRYS5756736,D,S,T,2024-03-25,1000000.00,4.210201,100.234375
08:00:30,91282CKC4,TSRYS5756736,D,S,T,2024-03-25,1000000.00,4.211511,100.2265625
08:00:30,91282CKC4,TSRYS5756736,D,S,T,2024-03-25,1000000.00,4.211511,100.2265625
08:00:30,91282CKC4,TSRYS5756736,D,S,T,2024-03-25,1000000.00,4.213476,100.21484375
08:00:30,91282CKC4,TSRYS5756736,D,S,D,2024-03-25,1000000.00,4.213476,100.21484375
08:00:30,91282CKC4,TSRYS5756736,D,S,T,2024-03-25,2000000.00,4.211511,100.2265625
08:00:30,91282CKC4,TSRYS5756736,D,S,D,2024-03-25,1000000.00,4.213476,100.21484375
08:00:30,91282CKC4,TSRYS5756736,D,S,T,2024-03-25,2000000.00,4.211511,100.2265625
08:00:30,91282CKC4,TSRYS5756736,D,S,T,2024-03-25,1000000.00,4.213803,100.212890625
08:00:30,91282CKC4,TSRYS5756736,D,S,D,2024-03-25,1000000.00,4.211183,100.228515625
08:00:30,91282CKC4,TSRYS5756736,D,S,T,2024-03-25,1000000.00,4.212821,100.21875
08:00:30,91282CKC4,TSRYS5756736,D,S,T,2024-03-25,1000000.00,4.212821,100.21875
08:00:30,91282CKC4,TSRYS5756736,D,S,T,2024-03-25,1000000.00,4.212821,100.21875
08:00:30,91282CKC4,TSRYS5756736,D,S,T,2024-03-25,1000000.00,4.212821,100.21875
08:00:30,91282CKC4,TSRYS5756736,D,S,T,2024-03-25,1000000.00,4.212821,100.21875
08:00:30,91282CKC4,TSRYS5756736,D,S,T,2024-03-25,1000000.00,4.212821,100.21875
08:00:30,91282CKC4,TSRYS5756736,D,S,T,2024-03-25,1000000.00,4.212821,100.21875
08:00:30,91282CKC4,TSRYS5756736,D,S,T,2024-03-25,1000000.00,4.212821,100.21875
08:00:30,91282CKC4,TSRYS5756736,D,S,T,2024-03-25,1000000.00,4.212821,100.21875
08:00:30,91282CKC4,TSRYS5756736,D,S,D,2024-03-25,1000000.00,4.213803,100.212890625
08:00:30,91282CKC4,TSRYS5756736,D,S,T,2024-03-25,1000000.00,4.215441,100.203125
08:00:30,91282CKC4,TSRYS5756736,D,S,D,2024-03-25,1000000.00,4.216423,100.197265625
08:00:30,91282CKC4,TSRYS5756736,D,S,D,2024-03-25,1000000.00,4.216423,100.197265625
08:00:30,91282CKC4,TSRYS5756736,D,S,D,2024-03-25,1000000.00,4.216096,100.19921875
08:00:30,91282CKC4,TSRYS5756736,D,S,T,2024-03-25,1000000.00,4.212821,100.21875
08:00:30,91282CKC4,TSRYS5756736,D,S,T,2024-03-25,1000000.00,4.213148,100.216796875
08:00:30,91282CKC4,TSRYS5756736,D,S,T,2024-03-25,1000000.00,4.218061,100.1875
08:00:30,91282CKC4,TSRYS5756736,D,S,T,2024-03-25,1000000.00,4.213803,100.212890625
08:00:30,91282CKC4,TSRYS5756736,D,S,T,2024-03-25,1000000.00,4.212821,100.21875
08:00:30,91282CKC4,TSRYS5756736,D,S,T,2024-03-25,1000000.00,4.215441,100.203125
08:00:30,91282CKC4,TSRYS5756736,D,S,T,2024-03-25,1000000.00,4.218061,100.1875
08:00:30,91282CKC4,TSRYS5756736,D,S,T,2024-03-25,1000000.00,4.215441,100.203125
08:00:30,91282CKC4,TSRYS5756736,D,S,T,2024-03-25,1000000.00,4.215441,100.203125
08:00:30,91282CKC4,TSRYS5756736,D,S,T,2024-03-25,1000000.00,4.215441,100.203125
08:00:30,91282CKC4,TSRYS5756736,D,S,T,2024-03-25,1000000.00,4.212821,100.21875
08:00:30,91282CKC4,TSRYS5756736,D,S,T,2024-03-25,1000000.00,4.213803,100.212890625
08:00:30,91282CKC4,TSRYS5756736,D,S,T,2024-03-25,1000000.00,4.212821,100.21875
08:00:30,91282CKC4,TSRYS5756736,D,S,T,2024-03-25,1000000.00,4.215441,100.203125
08:00:30,91282CKC4,TSRYS5756736,D,S,T,2024-03-25,1000000.00,4.215441,100.203125
08:00:30,91282CKC4,TSRYS5756736,D,S,T,2024-03-25,1000000.00,4.215441,100.203125
08:00:30,91282CKC4,TSRYS5756736,D,S,T,2024-03-25,1000000.00,4.218389,100.185546875
08:00:30,91282CKC4,TSRYS5756736,D,S,T,2024-03-25,1000000.00,4.218061,100.1875
08:00:30,91282CKC4,TSRYS5756736,D,S,T,2024-03-25,1000000.00,4.218061,100.1875
08:00:30,91282CKC4,TSRYS5756736,D,S,T,2024-03-25,1000000.00,4.218061,100.1875
08:00:30,91282CKC4,TSRYS5756736,D,S,T,2024-03-25,1000000.00,4.218061,100.1875
08:00:30,91282CKC4,TSRYS5756736,D,S,T,2024-03-25,1000000.00,4.220682,100.171875
08:00:30,91282CKC4,TSRYS5756736,D,S,T,2024-03-25,1000000.00,4.220682,100.171875
08:00:30,91282CKC4,TSRYS5756736,D,S,T,2024-03-25,1000000.00,4.220682,100.171875
08:00:30,91282CKC4,TSRYS5756736,D,S,T,2024-03-25,1000000.00,4.220682,100.171875
08:00:30,91282CKC4,TSRYS5756736,D,S,T,2024-03-25,1000000.00,4.225926,100.140625
08:00:30,91282CKC4,TSRYS5756736,D,S,T,2024-03-25,1000000.00,4.227237,100.1328125
08:00:30,91282CKC4,TSRYS5756736,D,S,T,2024-03-25,1000000.00,4.227237,100.1328125
08:00:30,91282CKC4,TSRYS5756736,D,S,T,2024-03-25,1000000.00,4.227237,100.1328125
08:00:30,91282CKC4,TSRYS5756736,D,S,T,2024-03-25,1000000.00,4.227237,100.1328125
08:00:30,91282CKC4,TSRYS5756736,D,S,T,2024-03-25,1000000.00,4.227237,100.1328125
08:00:30,91282CKC4,TSRYS5756736,D,S,T,2024-03-25,1000000.00,4.227237,100.1328125
08:00:30,91282CKC4,TSRYS5756736,D,S,T,2024-03-25,1000000.00,4.227237,100.1328125
08:00:30,91282CKC4,TSRYS5756736,D,S,T,2024-03-25,1000000.00,4.227237,100.1328125
08:00:30,91282CKC4,TSRYS5756736,D,S,T,2024-03-25,1000000.00,4.227237,100.1328125
08:00:30,91282CKC4,TSRYS5756736,D,S,T,2024-03-25,1000000.00,4.227237,100.1328125
08:00:30,91282CKC4,TSRYS5756736,D,S,T,2024-03-25,1000000.00,4.227237,100.1328125
08:00:30,91282CKC4,TSRYS5756736,D,S,T,2024-03-25,1000000.00,4.227237,100.1328125
08:00:30,91282CKC4,TSRYS5756736,D,S,T,2024-03-25,1000000.00,4.227237,100.1328125
08:00:30,91282CKC4,TSRYS5756736,D,S,T,2024-03-25,1000000.00,4.227237,100.1328125
08:00:30,91282CKC4,TSRYS5756736,D,S,T,2024-03-25,1000000.00,4.227237,100.1328125
08:00:30,91282CKC4,TSRYS5756736,D,S,T,2024-03-25,1000000.00,4.227237,100.1328125
08:00:30,91282CKC4,TSRYS5756736,D,S,T,2024-03-25,1000000.00,4.227237,100.1328125
08:00:30,91282CKC4,TSRYS5756736,D,S,T,2024-03-25,1000000.00,4.227237,100.1328125
08:00:30,91282CKC4,TSRYS5756736,D,S,T,2024-03-25,1000000.00,4.227237,100.1328125
08:00:30,91282CKC4,TSRYS5756736,D,S,T,2024-03-25,1000000.00,4.227237,100.1328125
08:00:30,91282CKC4,TSRYS5756736,D,S,T,2024-03-25,1000000.00,4.227237,100.1328125
08:00:30,91282CKC4,TSRYS5756736,D,S,T,2024-03-25,1000000.00,4.227237,100.1328125
08:00:30,91282CKC4,TSRYS5756736,D,S,T,2024-03-25,1000000.00,4.227237,100.1328125
08:00:30,91282CKC4,TSRYS5756736,D,S,T,2024-03-25,1000000.00,4.227237,100.1328125
08:00:30,91282CKC4,TSRYS5756736,D,S,T,2024-03-25,1000000.00,4.227237,100.1328125
08:00:30,91282CKC4,TSRYS5756736,D,S,T,2024-03-25,1000000.00,4.227237,100.1328125
08:00:30,91282CKC4,TSRYS5756736,D,S,T,2024-03-25,1000000.00,4.227237,100.1328125
08:00:30,91282CKC4,TSRYS5756736,D,S,T,2024-03-25,1000000.00,4.227237,100.1328125
08:00:30,91282CKC4,TSRYS5756736,D,S,T,2024-03-25,1000000.00,4.228548,100.125
08:00:30,91282CKC4,TSRYS5756736,D,S,T,2024-03-25,1000000.00,4.228548,100.125
08:00:30,91282CKC4,TSRYS5756736,D,S,T,2024-03-25,1000000.00,4.228548,100.125
08:00:30,91282CKC4,TSRYS5756736,D,S,T,2024-03-25,1000000.00,4.229204,100.12109375
08:00:30,91282CKC4,TSRYS5756736,D,S,T,2024-03-25,1000000.00,4.229204,100.12109375
08:00:30,91282CKC4,TSRYS5756736,D,S,T,2024-03-25,1000000.00,4.228548,100.125
08:00:30,91282CKC4,TSRYS5756736,D,S,T,2024-03-25,1000000.00,4.231171,100.109375
08:00:30,91282CKC4,TSRYS5756736,D,S,T,2024-03-25,1000000.00,4.231171,100.109375
08:00:30,91282CKC4,TSRYS5756736,D,S,T,2024-03-25,3000000.00,4.228548,100.125
08:00:30,91282CKC4,TSRYS5756736,D,S,T,2024-03-25,1000000.00,4.228548,100.125
08:00:30,91282CKC4,TSRYS5756736,D,S,T,2024-03-25,2000000.00,4.228548,100.125
08:00:30,91282CKC4,TSRYS5756736,D,S,T,2024-03-25,1000000.00,4.228548,100.125
08:00:30,91282CKC4,TSRYS5756736,D,S,T,2024-03-25,1000000.00,4.231171,100.109375
08:00:30,91282CKC4,TSRYS5756736,D,S,T,2024-03-25,1000000.00,4.231171,100.109375
08:00:30,91282CKC4,TSRYS5756736,D,S,T,2024-03-25,1000000.00,4.231171,100.109375
08:00:30,91282CKC4,TSRYS5756736,D,S,T,2024-03-25,1000000.00,4.231171,100.109375
08:00:30,91282CKC4,TSRYS5756736,D,S,T,2024-03-25,1000000.00,4.231171,100.109375
08:00:30,91282CKC4,TSRYS5756736,D,S,T,2024-03-25,1000000.00,4.231171,100.109375
08:00:30,91282CKC4,TSRYS5756736,D,S,T,2024-03-25,1000000.00,4.231171,100.109375
08:00:30,91282CKC4,TSRYS5756736,D,S,T,2024-03-25,1000000.00,4.231171,100.109375
08:00:30,91282CKC4,TSRYS5756736,D,S,T,2024-03-25,1000000.00,4.231171,100.109375
08:00:30,91282CKC4,TSRYS5756736,D,S,T,2024-03-25,1000000.00,4.231171,100.109375
08:00:30,91282CKC4,TSRYS5756736,D,S,T,2024-03-25,1000000.00,4.231171,100.109375
08:00:30,91282CKC4,TSRYS5756736,D,S,T,2024-03-25,1000000.00,4.231171,100.109375
08:00:30,91282CKC4,TSRYS5756736,D,S,T,2024-03-25,1000000.00,4.231171,100.109375
08:00:30,91282CKC4,TSRYS5756736,D,S,T,2024-03-25,1000000.00,4.231171,100.109375
08:00:30,91282CKC4,TSRYS5756736,D,S,T,2024-03-25,1000000.00,4.231171,100.109375
08:00:30,91282CKC4,TSRYS5756736,D,S,T,2024-03-25,1000000.00,4.233795,100.09375
08:00:30,91282CKC4,TSRYS5756736,D,S,T,2024-03-25,1000000.00,4.233795,100.09375
08:00:30,91282CKC4,TSRYS5756736,D,S,T,2024-03-25,1000000.00,4.233795,100.09375
08:00:30,91282CKC4,TSRYS5756736,D,S,T,2024-03-25,1000000.00,4.235107,100.0859375
08:00:30,91282CKC4,TSRYS5756736,D,S,D,2024-03-25,1000000.00,4.234779,100.087890625
08:00:30,91282CKC4,TSRYS5756736,D,S,T,2024-03-25,1000000.00,4.233795,100.09375
08:00:30,91282CKC4,TSRYS5756736,D,S,T,2024-03-25,1000000.00,4.233795,100.09375
08:00:30,91282CKC4,TSRYS5756736,D,S,T,2024-03-25,1000000.00,4.233795,100.09375
08:00:30,91282CKC4,TSRYS5756736,D,S,T,2024-03-25,1000000.00,4.233795,100.09375
08:00:30,91282CKC4,TSRYS5756736,D,S,D,2024-03-25,1000000.00,4.234779,100.087890625
08:00:30,91282CKC4,TSRYS5756736,D,S,T,2024-03-25,1000000.00,4.233795,100.09375
08:00:30,91282CKC4,TSRYS5756736,D,S,T,2024-03-25,1000000.00,4.236419,100.078125
08:00:30,91282CKC4,TSRYS5756736,D,S,T,2024-03-25,1000000.00,4.236419,100.078125
08:00:30,91282CKC4,TSRYS5756736,D,S,T,2024-03-25,1000000.00,4.236419,100.078125
08:00:30,91282CKC4,TSRYS5756736,D,S,T,2024-03-25,2000000.00,4.233795,100.09375
08:00:30,91282CKC4,TSRYS5756736,D,S,T,2024-03-25,3000000.00,4.235107,100.0859375
08:00:30,91282CKC4,TSRYS5756736,D,S,T,2024-03-25,1000000.00,4.235435,100.083984375
08:00:30,91282CKC4,TSRYS5756736,D,S,T,2024-03-25,1000000.00,4.235435,100.083984375
08:00:30,91282CKC4,TSRYS5756736,D,S,T,2024-03-25,2000000.00,4.236419,100.078125
08:00:30,91282CKC4,TSRYS5756736,D,S,T,2024-03-25,1000000.00,4.236419,100.078125
08:00:30,91282CKC4,TSRYS5756736,D,S,T,2024-03-25,1000000.00,4.236419,100.078125
08:00:30,91282CKC4,TSRYS5756736,D,S,D,2024-03-25,4000000.00,4.236091,100.080078125
08:00:30,91282CKC4,TSRYS5756736,D,S,T,2024-03-25,3000000.00,4.236419,100.078125
08:00:30,91282CKC4,TSRYS5756736,D,S,T,2024-03-25,2000000.00,4.236419,100.078125
08:00:30,91282CKC4,TSRYS5756736,D,S,T,2024-03-25,1000000.00,4.236419,100.078125
08:00:30,91282CKC4,TSRYS5756736,D,S,T,2024-03-25,1000000.00,4.238059,100.068359375
08:00:30,91282CKC4,TSRYS5756736,D,S,T,2024-03-25,2000000.00,4.239043,100.0625
08:00:30,91282CKC4,TSRYS5756736,D,S,T,2024-03-25,1000000.00,4.239043,100.0625
08:00:30,91282CKC4,TSRYS5756736,D,S,T,2024-03-25,1000000.00,4.239699,100.05859375
08:00:30,91282CKC4,TSRYS5756736,D,S,T,2024-03-25,1000000.00,4.239043,100.0625
08:00:30,91282CKC4,TSRYS5756736,D,S,T,2024-03-25,1000000.00,4.239043,100.0625
08:00:30,91282CKC4,TSRYS5756736,D,S,T,2024-03-25,1000000.00,4.240684,100.052734375
08:00:30,91282CKC4,TSRYS5756736,D,S,T,2024-03-25,2000000.00,4.241012,100.05078125
08:00:30,91282CKC4,TSRYS5756736,D,S,T,2024-03-25,2000000.00,4.241668,100.046875
08:00:30,91282CKC4,TSRYS5756736,D,S,T,2024-03-25,1000000.00,4.243637,100.03515625
08:00:30,91282CKC4,TSRYS5756736,D,S,T,2024-03-25,1000000.00,4.243637,100.03515625
08:00:30,91282CKC4,TSRYS5756736,D,S,T,2024-03-25,3000000.00,4.244293,100.03125
08:00:30,91282CKC4,TSRYS5756736,D,S,T,2024-03-25,1000000.00,4.244293,100.03125
08:00:30,91282CKC4,TSRYS5756736,D,S,T,2024-03-25,1000000.00,4.244293,100.03125
08:00:30,91282CKC4,TSRYS5756736,D,S,T,2024-03-25,2000000.00,4.244293,100.03125
08:00:30,91282CKC4,TSRYS5756736,D,S,T,2024-03-25,1000000.00,4.244293,100.03125
08:00:30,91282CKC4,TSRYS5756736,D,S,T,2024-03-25,1000000.00,4.244293,100.03125
08:00:30,91282CKC4,TSRYS5756736,D,S,T,2024-03-25,1000000.00,4.244293,100.03125
08:00:30,91282CKC4,TSRYS5756736,D,S,T,2024-03-25,1000000.00,4.247247,100.013671875
08:00:30,91282CKC4,TSRYS5756736,D,S,T,2024-03-25,2000000.00,4.246919,100.015625
08:00:30,91282CKC4,TSRYS5756736,D,S,T,2024-03-25,2000000.00,4.246919,100.015625
08:00:30,91282CKC4,TSRYS5756736,D,S,T,2024-03-25,1000000.00,4.246919,100.015625
08:00:30,91282CKC4,TSRYS5756736,D,S,T,2024-03-25,1000000.00,4.246591,100.017578125
08:00:30,91282CKC4,TSRYS5756736,D,S,T,2024-03-25,2000000.00,4.246919,100.015625
08:00:30,91282CKC4,TSRYS5756736,D,S,T,2024-03-25,1000000.00,4.246919,100.015625
08:00:30,91282CKC4,TSRYS5756736,D,S,D,2024-03-25,1000000.00,4.246919,100.015625
08:00:30,91282CKC4,TSRYS5756736,D,S,T,2024-03-25,3000000.00,4.246919,100.015625
08:00:30,91282CKC4,TSRYS5756736,D,S,T,2024-03-25,1000000.00,4.246591,100.017578125
08:00:30,91282CKC4,TSRYS5756736,D,S,T,2024-03-25,1000000.00,4.246591,100.017578125
08:00:30,91282CKC4,TSRYS5756736,D,S,D,2024-03-25,1000000.00,4.19482,100.326171875
08:00:30,91282CKC4,TSRYS5756736,D,S,D,2024-03-25,1000000.00,4.195475,100.322265625
08:00:30,91282CKC4,TSRYS5756736,D,S,D,2024-03-25,1000000.00,4.194493,100.328125
08:00:30,91282CKC4,TSRYS5756736,D,S,D,2024-03-25,1000000.00,4.191877,100.34375
08:00:30,91282CKC4,TSRYS5756736,D,S,D,2024-03-25,1000000.00,4.191877,100.34375
08:00:30,91282CKC4,TSRYS5756736,D,S,D,2024-03-25,1000000.00,4.195475,100.322265625
08:00:30,91282CKC4,TSRYS5756736,D,S,D,2024-03-25,1000000.00,4.213476,100.21484375
08:00:30,91282CKC4,TSRYS5756736,D,S,D,2024-03-25,1000000.00,4.213476,100.21484375
08:00:30,91282CKC4,TSRYS5756736,D,S,D,2024-03-25,1000000.00,4.208891,100.2421875
08:00:30,91282CKC4,TSRYS5756736,D,S,D,2024-03-25,1000000.00,4.215441,100.203125
08:00:30,91282CKC4,TSRYS5756736,D,S,D,2024-03-25,2000000.00,4.234779,100.087890625
08:00:30,91282CKC4,TSRYS5756736,D,S,D,2024-03-25,2000000.00,4.209546,100.23828125
08:00:30,91282CKC4,TSRYS5756736,D,S,D,2024-03-25,1000000.00,4.209874,100.236328125
08:00:30,91282CKC4,TSRYS5756736,D,S,D,2024-03-25,1000000.00,4.209546,100.23828125
08:00:30,91282CKC4,TSRYS5756736,D,S,D,2024-03-25,1000000.00,4.209546,100.23828125
08:00:30,91282CKC4,TSRYS5756736,D,S,D,2024-03-25,1000000.00,4.230516,100.11328125
08:00:30,91282CKC4,TSRYS5756736,D,S,D,2024-03-25,1000000.00,4.230516,100.11328125
08:00:30,91282CKC4,TSRYS5756736,D,S,D,2024-03-25,1000000.00,4.230516,100.11328125
08:00:30,91282CKC4,TSRYS5756736,D,S,D,2024-03-25,1000000.00,4.230516,100.11328125
08:00:30,91282CKC4,TSRYS5756736,D,S,D,2024-03-25,1000000.00,4.230516,100.11328125
08:00:30,91282CKC4,TSRYS5756736,D,S,D,2024-03-25,1000000.00,4.228876,100.123046875
08:00:30,91282CKC4,TSRYS5756736,D,S,D,2024-03-25,1000000.00,4.228876,100.123046875
08:00:30,91282CKC4,TSRYS5756736,D,S,D,2024-03-25,1000000.00,4.228876,100.123046875
08:00:30,91282CKC4,TSRYS5756736,D,S,D,2024-03-25,1000000.00,4.228876,100.123046875
08:00:30,91282CKC4,TSRYS5756736,D,S,D,2024-03-25,1000000.00,4.228876,100.123046875
08:00:30,91282CKC4,TSRYS5756736,D,S,D,2024-03-25,1000000.00,4.228876,100.123046875
08:00:30,91282CKC4,TSRYS5756736,D,S,D,2024-03-25,1000000.00,4.230516,100.11328125
08:00:30,91282CKC4,TSRYS5756736,D,S,D,2024-03-25,1000000.00,4.230516,100.11328125
08:00:30,91282CKC4,TSRYS5756736,D,S,D,2024-03-25,1000000.00,4.230516,100.11328125
08:00:30,91282CKC4,TSRYS5756736,D,S,D,2024-03-25,1000000.00,4.230516,100.11328125
08:00:30,91282CKC4,TSRYS5756736,D,S,D,2024-03-25,1000000.00,4.230516,100.11328125
08:00:30,91282CKC4,TSRYS5756736,D,S,D,2024-03-25,1000000.00,4.230516,100.11328125
08:00:30,91282CKC4,TSRYS5756736,D,S,D,2024-03-25,1000000.00,4.230516,100.11328125
08:00:30,91282CKC4,TSRYS5756736,D,S,D,2024-03-25,1000000.00,4.230516,100.11328125
08:00:30,91282CKC4,TSRYS5756736,D,S,D,2024-03-25,1000000.00,4.230516,100.11328125
08:00:30,91282CKC4,TSRYS5756736,D,S,D,2024-03-25,1000000.00,4.230516,100.11328125
08:00:30,91282CKC4,TSRYS5756736,D,S,D,2024-03-25,1000000.00,4.230516,100.11328125
08:00:30,91282CKC4,TSRYS5756736,D,S,D,2024-03-25,1000000.00,4.230516,100.11328125
08:00:30,91282CKC4,TSRYS5756736,D,S,D,2024-03-25,1000000.00,4.230516,100.11328125
08:00:30,91282CKC4,TSRYS5756736,D,S,D,2024-03-25,1000000.00,4.230516,100.11328125
08:00:30,91282CKC4,TSRYS5756736,D,S,D,2024-03-25,1000000.00,4.230516,100.11328125
08:00:30,91282CKC4,TSRYS5756736,D,S,D,2024-03-25,1000000.00,4.230516,100.11328125
08:00:30,91282CKC4,TSRYS5756736,D,S,D,2024-03-25,1000000.00,4.230516,100.11328125
08:00:30,91282CKC4,TSRYS5756736,D,S,D,2024-03-25,1000000.00,4.230516,100.11328125
08:00:30,91282CKC4,TSRYS5756736,D,S,D,2024-03-25,1000000.00,4.230516,100.11328125
08:00:30,91282CKC4,TSRYS5756736,D,S,D,2024-03-25,1000000.00,4.230516,100.11328125
08:00:30,91282CKC4,TSRYS5756736,D,S,D,2024-03-25,1000000.00,4.233467,100.095703125
08:00:30,91282CKC4,TSRYS5756736,D,S,D,2024-03-25,1000000.00,4.233467,100.095703125
08:00:30,91282CKC4,TSRYS5756736,D,S,D,2024-03-25,1000000.00,4.233467,100.095703125
08:00:30,91282CKC4,TSRYS5756736,D,S,D,2024-03-25,1000000.00,4.233467,100.095703125
08:00:30,91282CKC4,TSRYS5756736,D,S,D,2024-03-25,1000000.00,4.233467,100.095703125
08:00:30,91282CKC4,TSRYS5756736,D,S,D,2024-03-25,1000000.00,4.233467,100.095703125
08:00:30,91282CKC4,TSRYS5756736,D,S,T,2024-03-25,1000000.00,4.19482,100.326171875
08:00:34,91282CKC4,TSRYS5756736,D,S,D,2024-03-25,1000000.00,4.1994,100.298828125
08:00:34,91282CKC4,TSRYS5756736,D,S,D,2024-03-25,1000000.00,4.1994,100.298828125
08:00:34,91282CKC4,TSRYS5756736,D,S,D,2024-03-25,1000000.00,4.1994,100.298828125
08:00:34,91282CKC4,TSRYS5756736,D,S,D,2024-03-25,2000000.00,4.1994,100.298828125
08:00:34,91282CKC4,TSRYS5756736,D,S,D,2024-03-25,1000000.00,4.204309,100.26953125
08:00:34,91282CKC4,TSRYS5756736,D,S,D,2024-03-25,1000000.00,4.204309,100.26953125
08:00:34,91282CKC4,TSRYS5756736,D,S,D,2024-03-25,1000000.00,4.204309,100.26953125
08:00:34,91282CKC4,TSRYS5756736,D,S,D,2024-03-25,1000000.00,4.2066,100.255859375
08:00:34,91282CKC4,TSRYS5756736,D,S,D,2024-03-25,1000000.00,4.208891,100.2421875
08:00:34,91282CKC4,TSRYS5756736,D,S,D,2024-03-25,1000000.00,4.208891,100.2421875
08:00:34,91282CKC4,TSRYS5756736,D,S,D,2024-03-25,1000000.00,4.208891,100.2421875
08:00:34,91282CKC4,TSRYS5756736,D,S,D,2024-03-25,1000000.00,4.208891,100.2421875
08:00:34,91282CKC4,TSRYS5756736,D,S,D,2024-03-25,1000000.00,4.208891,100.2421875
08:00:34,91282CKC4,TSRYS5756736,D,S,D,2024-03-25,1000000.00,4.211183,100.228515625
08:00:34,91282CKC4,TSRYS5756736,D,S,D,2024-03-25,1000000.00,4.211183,100.228515625
08:00:34,91282CKC4,TSRYS5756736,D,S,D,2024-03-25,1000000.00,4.211183,100.228515625
08:00:34,91282CKC4,TSRYS5756736,D,S,D,2024-03-25,1000000.00,4.211183,100.228515625
08:00:34,91282CKC4,TSRYS5756736,D,S,D,2024-03-25,1000000.00,4.211183,100.228515625
08:00:34,91282CKC4,TSRYS5756736,D,S,T,2024-03-25,1000000.00,4.211183,100.228515625
08:00:34,91282CKC4,TSRYS5756736,D,S,D,2024-03-25,2000000.00,4.213476,100.21484375
08:00:34,91282CKC4,TSRYS5756736,D,S,T,2024-03-25,2000000.00,4.213476,100.21484375
08:00:34,91282CKC4,TSRYS5756736,D,S,D,2024-03-25,2000000.00,4.213476,100.21484375
08:00:34,91282CKC4,TSRYS5756736,D,S,D,2024-03-25,3000000.00,4.213476,100.21484375
08:00:34,91282CKC4,TSRYS5756736,D,S,D,2024-03-25,1000000.00,4.213476,100.21484375
08:00:34,91282CKC4,TSRYS5756736,D,S,T,2024-03-25,1000000.00,4.213476,100.21484375
08:00:34,91282CKC4,TSRYS5756736,D,S,D,2024-03-25,1000000.00,4.213476,100.21484375
08:00:34,91282CKC4,TSRYS5756736,D,S,D,2024-03-25,1000000.00,4.213476,100.21484375
08:00:34,91282CKC4,TSRYS5756736,D,S,T,2024-03-25,1000000.00,4.213803,100.212890625
08:00:34,91282CKC4,TSRYS5756736,D,S,T,2024-03-25,1000000.00,4.213476,100.21484375
08:00:34,91282CKC4,TSRYS5756736,D,S,T,2024-03-25,1000000.00,4.213803,100.212890625
08:00:34,91282CKC4,TSRYS5756736,D,S,T,2024-03-25,1000000.00,4.213476,100.21484375
08:00:34,91282CKC4,TSRYS5756736,D,S,D,2024-03-25,1000000.00,4.213476,100.21484375
08:00:34,91282CKC4,TSRYS5756736,D,S,D,2024-03-25,1000000.00,4.213476,100.21484375
08:00:34,91282CKC4,TSRYS5756736,D,S,D,2024-03-25,1000000.00,4.211838,100.224609375
08:00:34,91282CKC4,TSRYS5756736,D,S,D,2024-03-25,1000000.00,4.211183,100.228515625
08:00:34,91282CKC4,TSRYS5756736,D,S,D,2024-03-25,1000000.00,4.211183,100.228515625
08:00:34,91282CKC4,TSRYS5756736,D,S,T,2024-03-25,1000000.00,4.209546,100.23828125
08:00:34,91282CKC4,TSRYS5756736,D,S,T,2024-03-25,2000000.00,4.213476,100.21484375
08:00:34,91282CKC4,TSRYS5756736,D,S,D,2024-03-25,1000000.00,4.213803,100.212890625
08:00:34,91282CKC4,TSRYS5756736,D,S,D,2024-03-25,1000000.00,4.216096,100.19921875
08:00:34,91282CKC4,TSRYS5756736,D,S,D,2024-03-25,1000000.00,4.216096,100.19921875
08:00:34,91282CKC4,TSRYS5756736,D,S,D,2024-03-25,1000000.00,4.216096,100.19921875
08:00:34,91282CKC4,TSRYS5756736,D,S,T,2024-03-25,1000000.00,4.215768,100.201171875
08:00:34,91282CKC4,TSRYS5756736,D,S,T,2024-03-25,2000000.00,4.214131,100.2109375
08:00:34,91282CKC4,TSRYS5756736,D,S,T,2024-03-25,2000000.00,4.215768,100.201171875
08:00:34,91282CKC4,TSRYS5756736,D,S,T,2024-03-25,2000000.00,4.215768,100.201171875
08:00:34,91282CKC4,TSRYS5756736,D,S,T,2024-03-25,2000000.00,4.215768,100.201171875
08:00:34,91282CKC4,TSRYS5756736,D,S,D,2024-03-25,1000000.00,4.222976,100.158203125
08:00:34,91282CKC4,TSRYS5756736,D,S,D,2024-03-25,1000000.00,4.22527,100.14453125
08:00:34,91282CKC4,TSRYS5756736,D,S,D,2024-03-25,1000000.00,4.227565,100.130859375
08:00:34,91282CKC4,TSRYS5756736,D,S,T,2024-03-25,1000000.00,4.229204,100.12109375
08:00:34,91282CKC4,TSRYS5756736,D,S,T,2024-03-25,1000000.00,4.229204,100.12109375
08:00:34,91282CKC4,TSRYS5756736,D,S,T,2024-03-25,1000000.00,4.228876,100.123046875
08:00:34,91282CKC4,TSRYS5756736,D,S,T,2024-03-25,1000000.00,4.230516,100.11328125
08:00:34,91282CKC4,TSRYS5756736,D,S,T,2024-03-25,1000000.00,4.228876,100.123046875
08:00:34,91282CKC4,TSRYS5756736,D,S,D,2024-03-25,1000000.00,4.230188,100.115234375
08:00:34,91282CKC4,TSRYS5756736,D,S,D,2024-03-25,1000000.00,4.230188,100.115234375
08:00:34,91282CKC4,TSRYS5756736,D,S,D,2024-03-25,1000000.00,4.232483,100.1015625
08:00:34,91282CKC4,TSRYS5756736,D,S,D,2024-03-25,1000000.00,4.232483,100.1015625
08:00:34,91282CKC4,TSRYS5756736,D,S,D,2024-03-25,1000000.00,4.232483,100.1015625
08:00:34,91282CKC4,TSRYS5756736,D,S,T,2024-03-25,1000000.00,4.231499,100.107421875
08:00:34,91282CKC4,TSRYS5756736,D,S,T,2024-03-25,1000000.00,4.230843,100.111328125
08:00:34,91282CKC4,TSRYS5756736,D,S,T,2024-03-25,1000000.00,4.233467,100.095703125
08:00:34,91282CKC4,TSRYS5756736,D,S,T,2024-03-25,1000000.00,4.233467,100.095703125
08:00:34,91282CKC4,TSRYS5756736,D,S,T,2024-03-25,1000000.00,4.233467,100.095703125
08:00:34,91282CKC4,TSRYS5756736,D,S,T,2024-03-25,1000000.00,4.233467,100.095703125
08:00:34,91282CKC4,TSRYS5756736,D,S,D,2024-03-25,1000000.00,4.234779,100.087890625
08:00:34,91282CKC4,TSRYS5756736,D,S,D,2024-03-25,1000000.00,4.234779,100.087890625
08:00:34,91282CKC4,TSRYS5756736,D,S,D,2024-03-25,1000000.00,4.234779,100.087890625
08:00:34,91282CKC4,TSRYS5756736,D,S,D,2024-03-25,1000000.00,4.234779,100.087890625
08:00:34,91282CKC4,TSRYS5756736,D,S,T,2024-03-25,1000000.00,4.233139,100.09765625
08:00:34,91282CKC4,TSRYS5756736,D,S,D,2024-03-25,1000000.00,4.234779,100.087890625
08:00:34,91282CKC4,TSRYS5756736,D,S,D,2024-03-25,1000000.00,4.234779,100.087890625
08:00:34,91282CKC4,TSRYS5756736,D,S,T,2024-03-25,2000000.00,4.234779,100.087890625
08:00:34,91282CKC4,TSRYS5756736,D,S,D,2024-03-25,2000000.00,4.234779,100.087890625
08:00:34,91282CKC4,TSRYS5756736,D,S,D,2024-03-25,3000000.00,4.234779,100.087890625
08:00:34,91282CKC4,TSRYS5756736,D,S,D,2024-03-25,1000000.00,4.234779,100.087890625
08:00:34,91282CKC4,TSRYS5756736,D,S,D,2024-03-25,1000000.00,4.234779,100.087890625
08:00:34,91282CKC4,TSRYS5756736,D,S,D,2024-03-25,1000000.00,4.234779,100.087890625
08:00:34,91282CKC4,TSRYS5756736,D,S,T,2024-03-25,3000000.00,4.234779,100.087890625
08:00:34,91282CKC4,TSRYS5756736,D,S,D,2024-03-25,1000000.00,4.234779,100.087890625
08:00:34,91282CKC4,TSRYS5756736,D,S,D,2024-03-25,4000000.00,4.234779,100.087890625
08:00:34,91282CKC4,TSRYS5756736,D,S,D,2024-03-25,1000000.00,4.234779,100.087890625
08:00:34,91282CKC4,TSRYS5756736,D,S,D,2024-03-25,2000000.00,4.234779,100.087890625
08:00:34,91282CKC4,TSRYS5756736,D,S,D,2024-03-25,2000000.00,4.234779,100.087890625
08:00:34,91282CKC4,TSRYS5756736,D,S,T,2024-03-25,1000000.00,4.233139,100.09765625
08:00:34,91282CKC4,TSRYS5756736,D,S,D,2024-03-25,1000000.00,4.234779,100.087890625
08:00:34,91282CKC4,TSRYS5756736,D,S,D,2024-03-25,1000000.00,4.237075,100.07421875
08:00:34,91282CKC4,TSRYS5756736,D,S,T,2024-03-25,1000000.00,4.235435,100.083984375
08:00:34,91282CKC4,TSRYS5756736,D,S,T,2024-03-25,1000000.00,4.235763,100.08203125
08:00:34,91282CKC4,TSRYS5756736,D,S,T,2024-03-25,3000000.00,4.236419,100.078125
08:00:34,91282CKC4,TSRYS5756736,D,S,T,2024-03-25,2000000.00,4.237403,100.072265625
08:00:34,91282CKC4,TSRYS5756736,D,S,T,2024-03-25,2000000.00,4.238059,100.068359375
08:00:34,91282CKC4,TSRYS5756736,D,S,T,2024-03-25,2000000.00,4.239371,100.060546875
08:00:34,91282CKC4,TSRYS5756736,D,S,T,2024-03-25,2000000.00,4.239371,100.060546875
08:00:34,91282CKC4,TSRYS5756736,D,S,T,2024-03-25,2000000.00,4.240355,100.0546875
08:00:34,91282CKC4,TSRYS5756736,D,S,T,2024-03-25,2000000.00,4.240355,100.0546875
08:00:34,91282CKC4,TSRYS5756736,D,S,T,2024-03-25,1000000.00,4.240684,100.052734375
08:00:34,91282CKC4,TSRYS5756736,D,S,D,2024-03-25,1000000.00,4.241668,100.046875
08:00:34,91282CKC4,TSRYS5756736,D,S,D,2024-03-25,1000000.00,4.244293,100.03125
08:00:34,91282CKC4,TSRYS5756736,D,S,T,2024-03-25,1000000.00,4.244293,100.03125
08:00:34,91282CKC4,TSRYS5756736,D,S,T,2024-03-25,3000000.00,4.243637,100.03515625
08:00:34,91282CKC4,TSRYS5756736,D,S,T,2024-03-25,1000000.00,4.243965,100.033203125
08:00:34,91282CKC4,TSRYS5756736,D,S,T,2024-03-25,1000000.00,4.244293,100.03125
08:00:34,91282CKC4,TSRYS5756736,D,S,T,2024-03-25,1000000.00,4.244622,100.029296875
08:00:34,91282CKC4,TSRYS5756736,D,S,D,2024-03-25,2000000.00,4.246591,100.017578125
08:00:34,91282CKC4,TSRYS5756736,D,S,T,2024-03-25,1000000.00,4.246263,100.01953125
08:00:34,91282CKC4,TSRYS5756736,D,S,T,2024-03-25,1000000.00,4.246591,100.017578125
08:00:34,91282CKC4,TSRYS5756736,D,S,D,2024-03-25,1000000.00,4.246919,100.015625
08:00:34,91282CKC4,TSRYS5756736,D,S,T,2024-03-25,2000000.00,4.246919,100.015625
08:00:34,91282CKC4,TSRYS5756736,D,S,T,2024-03-25,2000000.00,4.246919,100.015625
08:00:34,91282CKC4,TSRYS5756736,D,S,T,2024-03-25,2000000.00,4.246263,100.01953125
08:00:34,91282CKC4,TSRYS5756736,D,S,T,2024-03-25,1000000.00,4.245934,100.021484375
08:00:34,91282CKC4,TSRYS5756736,D,B,C,2024-03-25,40000000.00,4.203654,100.2734375
08:00:34,91282CKC4,TSRYS5756736,D,B,C,2024-03-25,30000000.00,4.208237,100.24609375
08:00:35,91282CKC4,TSRYS5756736,D,S,D,2024-03-25,2000000.00,4.245606,100.0234375
08:00:35,91282CKC4,TSRYS5756736,D,S,T,2024-03-25,1000000.00,4.213148,100.216796875
08:00:35,91282CKC4,TSRYS5756736,D,B,C,2024-03-25,2000000.00,4.245606,100.0234375
08:00:36,91282CKC4,TSRYS5756736,D,S,T,2024-03-25,3000000.00,4.221993,100.1640625
08:00:36,91282CKC4,TSRYS5756736,D,B,A,2024-03-25,3000000.00,4.221993,100.1640625
08:00:36,91282CKC4,TSRYS5756736,D,B,A,2024-03-25,3000000.00,4.22527,100.14453125
08:00:36,91282CKC4,TSRYS5756736,D,S,T,2024-03-25,3000000.00,4.22527,100.14453125
08:00:36,91282CKC4,TSRYS5756736,D,S,T,2024-03-25,3000000.00,4.22527,100.14453125
08:00:36,91282CKC4,TSRYS5756736,D,B,A,2024-03-25,3000000.00,4.22527,100.14453125
08:00:36,91282CKC4,TSRYS5756736,D,B,A,2024-03-25,2000000.00,4.22527,100.14453125
08:00:36,91282CKC4,TSRYS5756736,D,S,T,2024-03-25,2000000.00,4.22527,100.14453125
08:00:36,91282CKC4,TSRYS5756736,D,B,A,2024-03-25,2000000.00,4.22527,100.14453125
08:00:36,91282CKC4,TSRYS5756736,D,S,T,2024-03-25,2000000.00,4.22527,100.14453125
08:00:36,91282CKC4,TSRYS5756736,D,B,A,2024-03-25,2000000.00,4.22527,100.14453125
08:00:36,91282CKC4,TSRYS5756736,D,S,T,2024-03-25,2000000.00,4.22527,100.14453125
08:00:36,91282CKC4,TSRYS5756736,D,B,A,2024-03-25,1000000.00,4.22527,100.14453125
08:00:36,91282CKC4,TSRYS5756736,D,S,T,2024-03-25,1000000.00,4.22527,100.14453125
08:00:36,91282CKC4,TSRYS5756736,D,B,A,2024-03-25,1000000.00,4.22527,100.14453125
08:00:36,91282CKC4,TSRYS5756736,D,B,A,2024-03-25,1000000.00,4.22527,100.14453125
08:00:36,91282CKC4,TSRYS5756736,D,S,T,2024-03-25,1000000.00,4.22527,100.14453125
08:00:36,91282CKC4,TSRYS5756736,D,S,T,2024-03-25,1000000.00,4.22527,100.14453125
08:00:36,91282CKC4,TSRYS5756736,D,B,A,2024-03-25,1000000.00,4.22527,100.14453125
08:00:36,91282CKC4,TSRYS5756736,D,S,T,2024-03-25,1000000.00,4.22527,100.14453125
08:00:36,91282CKC4,TSRYS5756736,D,S,T,2024-03-25,1000000.00,4.22527,100.14453125
08:00:36,91282CKC4,TSRYS5756736,D,B,A,2024-03-25,1000000.00,4.22527,100.14453125
08:00:36,91282CKC4,TSRYS5756736,D,B,A,2024-03-25,1000000.00,4.22527,100.14453125
08:00:36,91282CKC4,TSRYS5756736,D,B,A,2024-03-25,1000000.00,4.22527,100.14453125
08:00:36,91282CKC4,TSRYS5756736,D,B,A,2024-03-25,1000000.00,4.22527,100.14453125
08:00:36,91282CKC4,TSRYS5756736,D,B,A,2024-03-25,1000000.00,4.22527,100.14453125
08:00:36,91282CKC4,TSRYS5756736,D,B,A,2024-03-25,2000000.00,4.22527,100.14453125
08:00:36,91282CKC4,TSRYS5756736,D,B,A,2024-03-25,1000000.00,4.22527,100.14453125
08:00:36,91282CKC4,TSRYS5756736,D,B,A,2024-03-25,1000000.00,4.22527,100.14453125
08:00:36,91282CKC4,TSRYS5756736,D,B,A,2024-03-25,2000000.00,4.22527,100.14453125
08:00:36,91282CKC4,TSRYS5756736,D,B,A,2024-03-25,1000000.00,4.22527,100.14453125
08:00:36,91282CKC4,TSRYS5756736,D,S,T,2024-03-25,1000000.00,4.224615,100.1484375
08:00:36,91282CKC4,TSRYS5756736,D,B,A,2024-03-25,1000000.00,4.22527,100.14453125
08:00:36,91282CKC4,TSRYS5756736,D,S,T,2024-03-25,1000000.00,4.22527,100.14453125
08:00:36,91282CKC4,TSRYS5756736,D,B,A,2024-03-25,1000000.00,4.22527,100.14453125
08:00:36,91282CKC4,TSRYS5756736,D,S,T,2024-03-25,1000000.00,4.22527,100.14453125
08:00:36,91282CKC4,TSRYS5756736,D,B,A,2024-03-25,1000000.00,4.22527,100.14453125
08:00:36,91282CKC4,TSRYS5756736,D,B,A,2024-03-25,1000000.00,4.22527,100.14453125
08:00:36,91282CKC4,TSRYS5756736,D,S,T,2024-03-25,1000000.00,4.22527,100.14453125
08:00:36,91282CKC4,TSRYS5756736,D,S,T,2024-03-25,1000000.00,4.22527,100.14453125
08:00:36,91282CKC4,TSRYS5756736,D,B,A,2024-03-25,2000000.00,4.225598,100.142578125
08:00:36,91282CKC4,TSRYS5756736,D,B,A,2024-03-25,15000000.00,4.225926,100.140625
08:00:36,91282CKC4,TSRYS5756736,D,B,A,2024-03-25,1000000.00,4.22527,100.14453125
08:00:36,91282CKC4,TSRYS5756736,D,S,T,2024-03-25,1000000.00,4.22527,100.14453125
08:00:36,91282CKC4,TSRYS5756736,D,B,A,2024-03-25,3000000.00,4.225926,100.140625
08:00:36,91282CKC4,TSRYS5756736,D,B,A,2024-03-25,1000000.00,4.225926,100.140625
08:00:36,91282CKC4,TSRYS5756736,D,S,T,2024-03-25,1000000.00,4.225926,100.140625
08:00:36,91282CKC4,TSRYS5756736,D,B,A,2024-03-25,2000000.00,4.225926,100.140625
08:00:36,91282CKC4,TSRYS5756736,D,B,A,2024-03-25,1000000.00,4.227237,100.1328125
08:00:36,91282CKC4,TSRYS5756736,D,S,T,2024-03-25,1000000.00,4.227237,100.1328125
08:00:36,91282CKC4,TSRYS5756736,D,B,A,2024-03-25,1000000.00,4.227237,100.1328125
08:00:36,91282CKC4,TSRYS5756736,D,S,T,2024-03-25,1000000.00,4.227237,100.1328125
08:00:36,91282CKC4,TSRYS5756736,D,B,A,2024-03-25,1000000.00,4.227237,100.1328125
08:00:36,91282CKC4,TSRYS5756736,D,S,T,2024-03-25,1000000.00,4.227237,100.1328125
08:00:36,91282CKC4,TSRYS5756736,D,B,A,2024-03-25,1000000.00,4.227237,100.1328125
08:00:36,91282CKC4,TSRYS5756736,D,S,T,2024-03-25,1000000.00,4.227237,100.1328125
08:00:36,91282CKC4,TSRYS5756736,D,S,T,2024-03-25,1000000.00,4.227237,100.1328125
08:00:36,91282CKC4,TSRYS5756736,D,B,A,2024-03-25,1000000.00,4.227237,100.1328125
08:00:36,91282CKC4,TSRYS5756736,D,S,T,2024-03-25,1000000.00,4.227237,100.1328125
08:00:36,91282CKC4,TSRYS5756736,D,B,A,2024-03-25,1000000.00,4.227237,100.1328125
08:00:36,91282CKC4,TSRYS5756736,D,S,T,2024-03-25,1000000.00,4.227237,100.1328125
08:00:36,91282CKC4,TSRYS5756736,D,S,T,2024-03-25,1000000.00,4.227237,100.1328125
08:00:36,91282CKC4,TSRYS5756736,D,B,A,2024-03-25,1000000.00,4.227237,100.1328125
08:00:36,91282CKC4,TSRYS5756736,D,B,A,2024-03-25,1000000.00,4.227237,100.1328125
08:00:36,91282CKC4,TSRYS5756736,D,B,A,2024-03-25,1000000.00,4.227237,100.1328125
08:00:36,91282CKC4,TSRYS5756736,D,S,T,2024-03-25,1000000.00,4.227237,100.1328125
08:00:36,91282CKC4,TSRYS5756736,D,B,A,2024-03-25,1000000.00,4.227237,100.1328125
08:00:36,91282CKC4,TSRYS5756736,D,B,A,2024-03-25,1000000.00,4.227237,100.1328125
08:00:36,91282CKC4,TSRYS5756736,D,S,T,2024-03-25,1000000.00,4.227237,100.1328125
08:00:36,91282CKC4,TSRYS5756736,D,S,T,2024-03-25,1000000.00,4.227237,100.1328125
08:00:36,91282CKC4,TSRYS5756736,D,S,T,2024-03-25,1000000.00,4.227237,100.1328125
08:00:36,91282CKC4,TSRYS5756736,D,B,A,2024-03-25,1000000.00,4.227237,100.1328125
08:00:36,91282CKC4,TSRYS5756736,D,B,A,2024-03-25,1000000.00,4.227237,100.1328125
08:00:36,91282CKC4,TSRYS5756736,D,S,T,2024-03-25,1000000.00,4.227237,100.1328125
08:00:36,91282CKC4,TSRYS5756736,D,B,A,2024-03-25,1000000.00,4.227237,100.1328125
08:00:36,91282CKC4,TSRYS5756736,D,S,T,2024-03-25,1000000.00,4.227237,100.1328125
08:00:36,91282CKC4,TSRYS5756736,D,B,A,2024-03-25,1000000.00,4.227237,100.1328125
08:00:36,91282CKC4,TSRYS5756736,D,S,T,2024-03-25,1000000.00,4.227237,100.1328125
08:00:36,91282CKC4,TSRYS5756736,D,B,A,2024-03-25,1000000.00,4.227237,100.1328125
08:00:36,91282CKC4,TSRYS5756736,D,S,T,2024-03-25,1000000.00,4.227237,100.1328125
08:00:36,91282CKC4,TSRYS5756736,D,S,T,2024-03-25,1000000.00,4.227237,100.1328125
08:00:36,91282CKC4,TSRYS5756736,D,B,A,2024-03-25,1000000.00,4.227237,100.1328125
08:00:36,91282CKC4,TSRYS5756736,D,S,T,2024-03-25,1000000.00,4.227237,100.1328125
08:00:36,91282CKC4,TSRYS5756736,D,B,A,2024-03-25,1000000.00,4.227237,100.1328125
08:00:36,91282CKC4,TSRYS5756736,D,B,A,2024-03-25,1000000.00,4.227237,100.1328125
08:00:36,91282CKC4,TSRYS5756736,D,B,A,2024-03-25,1000000.00,4.227237,100.1328125
08:00:36,91282CKC4,TSRYS5756736,D,B,A,2024-03-25,3000000.00,4.227237,100.1328125
08:00:36,91282CKC4,TSRYS5756736,D,S,T,2024-03-25,3000000.00,4.227237,100.1328125
08:00:36,91282CKC4,TSRYS5756736,D,B,A,2024-03-25,1000000.00,4.227237,100.1328125
08:00:36,91282CKC4,TSRYS5756736,D,S,T,2024-03-25,1000000.00,4.227237,100.1328125
08:00:36,91282CKC4,TSRYS5756736,D,S,T,2024-03-25,1000000.00,4.227237,100.1328125
08:00:36,91282CKC4,TSRYS5756736,D,B,A,2024-03-25,1000000.00,4.227237,100.1328125
08:00:36,91282CKC4,TSRYS5756736,D,B,A,2024-03-25,1000000.00,4.227237,100.1328125
08:00:36,91282CKC4,TSRYS5756736,D,S,T,2024-03-25,1000000.00,4.227237,100.1328125
08:00:36,91282CKC4,TSRYS5756736,D,B,A,2024-03-25,1000000.00,4.227237,100.1328125
08:00:36,91282CKC4,TSRYS5756736,D,S,T,2024-03-25,1000000.00,4.227237,100.1328125
08:00:36,91282CKC4,TSRYS5756736,D,B,A,2024-03-25,1000000.00,4.227237,100.1328125
08:00:36,91282CKC4,TSRYS5756736,D,B,A,2024-03-25,2000000.00,4.227237,100.1328125
08:00:36,91282CKC4,TSRYS5756736,D,S,T,2024-03-25,2000000.00,4.227237,100.1328125
08:00:36,91282CKC4,TSRYS5756736,D,S,T,2024-03-25,1000000.00,4.227237,100.1328125
08:00:36,91282CKC4,TSRYS5756736,D,B,A,2024-03-25,2000000.00,4.227237,100.1328125
08:00:36,91282CKC4,TSRYS5756736,D,S,T,2024-03-25,2000000.00,4.227237,100.1328125
08:00:36,91282CKC4,TSRYS5756736,D,S,T,2024-03-25,1000000.00,4.227237,100.1328125
08:00:36,91282CKC4,TSRYS5756736,D,B,A,2024-03-25,1000000.00,4.227237,100.1328125
08:00:36,91282CKC4,TSRYS5756736,D,B,A,2024-03-25,1000000.00,4.227237,100.1328125
08:00:36,91282CKC4,TSRYS5756736,D,S,T,2024-03-25,1000000.00,4.227237,100.1328125
08:00:36,91282CKC4,TSRYS5756736,D,B,A,2024-03-25,1000000.00,4.227237,100.1328125
08:00:36,91282CKC4,TSRYS5756736,D,S,T,2024-03-25,1000000.00,4.227237,100.1328125
08:00:36,91282CKC4,TSRYS5756736,D,B,A,2024-03-25,1000000.00,4.227237,100.1328125
08:00:36,91282CKC4,TSRYS5756736,D,S,T,2024-03-25,1000000.00,4.227237,100.1328125
08:00:36,91282CKC4,TSRYS5756736,D,B,A,2024-03-25,1000000.00,4.227237,100.1328125
08:00:36,91282CKC4,TSRYS5756736,D,S,T,2024-03-25,1000000.00,4.227237,100.1328125
08:00:36,91282CKC4,TSRYS5756736,D,S,T,2024-03-25,1000000.00,4.228548,100.125
08:00:36,91282CKC4,TSRYS5756736,D,S,T,2024-03-25,1000000.00,4.228876,100.123046875
08:00:36,91282CKC4,TSRYS5756736,D,S,T,2024-03-25,1000000.00,4.228876,100.123046875
08:00:36,91282CKC4,TSRYS5756736,D,S,T,2024-03-25,1000000.00,4.228876,100.123046875
08:00:36,91282CKC4,TSRYS5756736,D,S,T,2024-03-25,1000000.00,4.228876,100.123046875
08:00:36,91282CKC4,TSRYS5756736,D,S,T,2024-03-25,1000000.00,4.228876,100.123046875
08:00:36,91282CKC4,TSRYS5756736,D,S,T,2024-03-25,1000000.00,4.228876,100.123046875
08:00:36,91282CKC4,TSRYS5756736,D,S,T,2024-03-25,1000000.00,4.228876,100.123046875
08:00:36,91282CKC4,TSRYS5756736,D,S,T,2024-03-25,1000000.00,4.228876,100.123046875
08:00:36,91282CKC4,TSRYS5756736,D,S,T,2024-03-25,1000000.00,4.228876,100.123046875
08:00:36,91282CKC4,TSRYS5756736,D,S,T,2024-03-25,1000000.00,4.228876,100.123046875
08:00:36,91282CKC4,TSRYS5756736,D,S,T,2024-03-25,1000000.00,4.228876,100.123046875
08:00:36,91282CKC4,TSRYS5756736,D,S,T,2024-03-25,1000000.00,4.228876,100.123046875
08:00:36,91282CKC4,TSRYS5756736,D,S,T,2024-03-25,1000000.00,4.228876,100.123046875
08:00:36,91282CKC4,TSRYS5756736,D,B,A,2024-03-25,17000000.00,4.231827,100.10546875
08:00:36,91282CKC4,TSRYS5756736,D,S,T,2024-03-25,1000000.00,4.231499,100.107421875
08:00:36,91282CKC4,TSRYS5756736,D,B,A,2024-03-25,1000000.00,4.232483,100.1015625
08:00:36,91282CKC4,TSRYS5756736,D,S,T,2024-03-25,1000000.00,4.232483,100.1015625
08:00:36,91282CKC4,TSRYS5756736,D,B,A,2024-03-25,1000000.00,4.232483,100.1015625
08:00:36,91282CKC4,TSRYS5756736,D,S,T,2024-03-25,2000000.00,4.231171,100.109375
08:00:36,91282CKC4,TSRYS5756736,D,S,T,2024-03-25,1000000.00,4.231171,100.109375
08:00:36,91282CKC4,TSRYS5756736,D,B,A,2024-03-25,2000000.00,4.232483,100.1015625
08:00:36,91282CKC4,TSRYS5756736,D,B,A,2024-03-25,1000000.00,4.232155,100.103515625
08:00:36,91282CKC4,TSRYS5756736,D,B,A,2024-03-25,1000000.00,4.232483,100.1015625
08:00:36,91282CKC4,TSRYS5756736,D,B,A,2024-03-25,1000000.00,4.232155,100.103515625
08:00:36,91282CKC4,TSRYS5756736,D,S,C,2024-03-25,330000.00,4.237731,100.0703125
08:00:36,91282CKC4,TSRYS5756736,D,S,T,2024-03-25,1000000.00,4.244622,100.029296875
08:00:36,91282CKC4,TSRYS5756736,D,S,T,2024-03-25,1000000.00,4.244622,100.029296875
08:00:36,91282CKC4,TSRYS5756736,D,S,T,2024-03-25,1000000.00,4.244622,100.029296875
08:00:38,91282CKC4,TSRYS5756736,D,B,C,2024-03-25,10000000.00,4.235763,100.08203125
08:00:38,91282CKC4,TSRYS5756736,D,S,D,2024-03-25,10000000.00,4.235763,100.08203125
08:00:40,91282CKC4,TSRYS5756736,D,S,D,2024-03-25,1000000.00,4.24495,100.02734375
08:00:40,91282CKC4,TSRYS5756736,D,S,C,2024-03-25,6000000.00,4.233795,100.09375
08:00:40,91282CKC4,TSRYS5756736,D,S,T,2024-03-25,1000000.00,4.212493,100.220703125
08:00:40,91282CKC4,TSRYS5756736,D,S,D,2024-03-25,1000000.00,4.24495,100.02734375
08:00:40,91282CKC4,TSRYS5756736,D,S,D,2024-03-25,1000000.00,4.214786,100.20703125
08:00:40,91282CKC4,TSRYS5756736,D,S,D,2024-03-25,1000000.00,4.214458,100.208984375
08:00:40,91282CKC4,TSRYS5756736,D,S,T,2024-03-25,2000000.00,4.214131,100.2109375
08:00:40,91282CKC4,TSRYS5756736,D,S,T,2024-03-25,1000000.00,4.214131,100.2109375
08:00:40,91282CKC4,TSRYS5756736,D,S,D,2024-03-25,1000000.00,4.216751,100.1953125
08:00:40,91282CKC4,TSRYS5756736,D,B,C,2024-03-25,2000000.00,4.24495,100.02734375
08:00:40,91282CKC4,TSRYS5756736,D,S,D,2024-03-25,1000000.00,4.216423,100.197265625
08:00:42,91282CKC4,TSRYS5756736,D,S,D,2024-03-25,1000000.00,4.235107,100.0859375
08:00:42,91282CKC4,TSRYS5756736,D,S,D,2024-03-25,3000000.00,4.234451,100.08984375
08:00:42,91282CKC4,TSRYS5756736,D,S,D,2024-03-25,1000000.00,4.234451,100.08984375
08:00:42,91282CKC4,TSRYS5756736,D,S,T,2024-03-25,1000000.00,4.234451,100.08984375
08:00:42,91282CKC4,TSRYS5756736,D,S,D,2024-03-25,6000000.00,4.233795,100.09375
08:00:43,91282CKC4,TSRYS5756736,D,S,T,2024-03-25,1000000.00,4.194493,100.328125
08:00:43,91282CKC4,TSRYS5756736,D,S,D,2024-03-25,1000000.00,4.194493,100.328125
08:00:43,91282CKC4,TSRYS5756736,D,S,T,2024-03-25,2000000.00,4.194493,100.328125
08:00:43,91282CKC4,TSRYS5756736,D,S,T,2024-03-25,1000000.00,4.194493,100.328125
08:00:43,91282CKC4,TSRYS5756736,D,S,T,2024-03-25,1000000.00,4.194493,100.328125
08:00:43,91282CKC4,TSRYS5756736,D,S,T,2024-03-25,1000000.00,4.193839,100.33203125
08:00:43,91282CKC4,TSRYS5756736,D,S,D,2024-03-25,2000000.00,4.240684,100.052734375
08:00:43,91282CKC4,TSRYS5756736,D,S,T,2024-03-25,1000000.00,4.206272,100.2578125
08:00:43,91282CKC4,TSRYS5756736,D,S,T,2024-03-25,1000000.00,4.207582,100.25
08:00:43,91282CKC4,TSRYS5756736,D,S,D,2024-03-25,1000000.00,4.207582,100.25
08:00:43,91282CKC4,TSRYS5756736,D,S,D,2024-03-25,1000000.00,4.208891,100.2421875
08:00:43,91282CKC4,TSRYS5756736,D,S,T,2024-03-25,1000000.00,4.240684,100.052734375
08:00:43,91282CKC4,TSRYS5756736,D,S,T,2024-03-25,1000000.00,4.210201,100.234375
08:00:43,91282CKC4,TSRYS5756736,D,S,T,2024-03-25,1000000.00,4.211511,100.2265625
08:00:43,91282CKC4,TSRYS5756736,D,S,T,2024-03-25,1000000.00,4.241668,100.046875
08:00:43,91282CKC4,TSRYS5756736,D,S,T,2024-03-25,1000000.00,4.211511,100.2265625
08:00:43,91282CKC4,TSRYS5756736,D,S,D,2024-03-25,1000000.00,4.214131,100.2109375
08:00:43,91282CKC4,TSRYS5756736,D,S,T,2024-03-25,1000000.00,4.212821,100.21875
08:00:43,91282CKC4,TSRYS5756736,D,S,D,2024-03-25,1000000.00,4.244293,100.03125
08:00:43,91282CKC4,TSRYS5756736,D,S,T,2024-03-25,1000000.00,4.244293,100.03125
08:00:43,91282CKC4,TSRYS5756736,D,S,T,2024-03-25,1000000.00,4.244293,100.03125
08:00:43,91282CKC4,TSRYS5756736,D,S,T,2024-03-25,1000000.00,4.214458,100.208984375
08:00:43,91282CKC4,TSRYS5756736,D,S,T,2024-03-25,1000000.00,4.211511,100.2265625
08:00:43,91282CKC4,TSRYS5756736,D,S,T,2024-03-25,1000000.00,4.246263,100.01953125
08:00:43,91282CKC4,TSRYS5756736,D,S,T,2024-03-25,1000000.00,4.212821,100.21875
08:00:43,91282CKC4,TSRYS5756736,D,S,T,2024-03-25,1000000.00,4.212821,100.21875
08:00:43,91282CKC4,TSRYS5756736,D,S,T,2024-03-25,1000000.00,4.212821,100.21875
08:00:43,91282CKC4,TSRYS5756736,D,S,D,2024-03-25,1000000.00,4.216096,100.19921875
08:00:43,91282CKC4,TSRYS5756736,D,S,D,2024-03-25,1000000.00,4.216423,100.197265625
08:00:43,91282CKC4,TSRYS5756736,D,S,T,2024-03-25,1000000.00,4.216423,100.197265625
08:00:43,91282CKC4,TSRYS5756736,D,S,T,2024-03-25,1000000.00,4.215441,100.203125
08:00:43,91282CKC4,TSRYS5756736,D,S,T,2024-03-25,1000000.00,4.215441,100.203125
08:00:43,91282CKC4,TSRYS5756736,D,S,T,2024-03-25,1000000.00,4.218061,100.1875
08:00:43,91282CKC4,TSRYS5756736,D,S,T,2024-03-25,1000000.00,4.210201,100.234375
08:00:43,91282CKC4,TSRYS5756736,D,S,T,2024-03-25,1000000.00,4.214786,100.20703125
08:00:43,91282CKC4,TSRYS5756736,D,S,T,2024-03-25,1000000.00,4.228548,100.125
08:00:43,91282CKC4,TSRYS5756736,D,S,T,2024-03-25,1000000.00,4.228548,100.125
08:00:43,91282CKC4,TSRYS5756736,D,S,T,2024-03-25,1000000.00,4.228548,100.125
08:00:43,91282CKC4,TSRYS5756736,D,S,T,2024-03-25,1000000.00,4.229532,100.119140625
08:00:43,91282CKC4,TSRYS5756736,D,S,T,2024-03-25,1000000.00,4.231171,100.109375
08:00:43,91282CKC4,TSRYS5756736,D,S,T,2024-03-25,1000000.00,4.231171,100.109375
08:00:43,91282CKC4,TSRYS5756736,D,S,T,2024-03-25,1000000.00,4.231171,100.109375
08:00:43,91282CKC4,TSRYS5756736,D,S,T,2024-03-25,1000000.00,4.231171,100.109375
08:00:43,91282CKC4,TSRYS5756736,D,S,T,2024-03-25,1000000.00,4.231171,100.109375
08:00:43,91282CKC4,TSRYS5756736,D,S,T,2024-03-25,1000000.00,4.233795,100.09375
08:00:43,91282CKC4,TSRYS5756736,D,S,T,2024-03-25,1000000.00,4.233795,100.09375
08:00:43,91282CKC4,TSRYS5756736,D,S,T,2024-03-25,1000000.00,4.233795,100.09375
08:00:44,91282CKC4,TSRYS5756736,D,S,T,2024-03-25,1000000.00,4.233795,100.09375
08:00:44,91282CKC4,TSRYS5756736,D,S,T,2024-03-25,1000000.00,4.233795,100.09375
08:00:44,91282CKC4,TSRYS5756736,D,S,T,2024-03-25,2000000.00,4.236419,100.078125
08:00:44,91282CKC4,TSRYS5756736,D,S,T,2024-03-25,1000000.00,4.234123,100.091796875
08:00:44,91282CKC4,TSRYS5756736,D,S,T,2024-03-25,1000000.00,4.234123,100.091796875
08:00:44,91282CKC4,TSRYS5756736,D,S,T,2024-03-25,1000000.00,4.233795,100.09375
08:00:44,91282CKC4,TSRYS5756736,D,S,T,2024-03-25,1000000.00,4.233795,100.09375
08:00:44,91282CKC4,TSRYS5756736,D,S,T,2024-03-25,1000000.00,4.236419,100.078125
08:00:44,91282CKC4,TSRYS5756736,D,S,T,2024-03-25,1000000.00,4.239043,100.0625
08:00:44,91282CKC4,TSRYS5756736,D,S,T,2024-03-25,1000000.00,4.244293,100.03125
08:00:44,91282CKC4,TSRYS5756736,D,S,T,2024-03-25,2000000.00,4.244293,100.03125
08:00:44,91282CKC4,TSRYS5756736,D,S,T,2024-03-25,1000000.00,4.244293,100.03125
08:00:44,91282CKC4,TSRYS5756736,D,S,T,2024-03-25,1000000.00,4.246919,100.015625
08:00:44,91282CKC4,TSRYS5756736,D,S,T,2024-03-25,1000000.00,4.246919,100.015625
08:00:44,91282CKC4,TSRYS5756736,D,S,T,2024-03-25,1000000.00,4.246919,100.015625
08:00:44,91282CKC4,TSRYS5756736,D,S,T,2024-03-25,1000000.00,4.246919,100.015625
08:00:44,91282CKC4,TSRYS5756736,D,S,T,2024-03-25,1000000.00,4.246591,100.017578125
08:00:45,91282CKC4,TSRYS5756736,D,S,D,2024-03-25,10000000.00,4.210871,100.23038
08:00:45,91282CKC4,TSRYS5756736,D,S,D,2024-03-25,1000000.00,4.211511,100.2265625
08:00:45,91282CKC4,TSRYS5756736,D,S,D,2024-03-25,1000000.00,4.210856,100.23046875
08:00:46,91282CKC4,TSRYS5756736,D,S,T,2024-03-25,1000000.00,4.216751,100.1953125
08:00:46,91282CKC4,TSRYS5756736,D,S,D,2024-03-25,1000000.00,4.217734,100.189453125
08:00:46,91282CKC4,TSRYS5756736,D,S,D,2024-03-25,1000000.00,4.218389,100.185546875
08:00:48,91282CKC4,TSRYS5756736,D,S,T,2024-03-25,1000000.00,4.233795,100.09375
08:00:48,91282CKC4,TSRYS5756736,D,S,D,2024-03-25,1000000.00,4.234451,100.08984375
08:00:48,91282CKC4,TSRYS5756736,D,S,T,2024-03-25,1000000.00,4.240684,100.052734375
08:00:48,91282CKC4,TSRYS5756736,D,S,T,2024-03-25,1000000.00,4.241668,100.046875
08:00:48,91282CKC4,TSRYS5756736,D,S,T,2024-03-25,1000000.00,4.244293,100.03125
08:00:48,91282CKC4,TSRYS5756736,D,S,T,2024-03-25,1000000.00,4.244293,100.03125
08:00:50,91282CKC4,TSRYS5756736,D,S,T,2024-03-25,1000000.00,4.212166,100.22265625
08:00:50,91282CKC4,TSRYS5756736,D,S,T,2024-03-25,1000000.00,4.212821,100.21875
08:00:50,91282CKC4,TSRYS5756736,D,S,T,2024-03-25,1000000.00,4.212821,100.21875
08:00:50,91282CKC4,TSRYS5756736,D,S,T,2024-03-25,1000000.00,4.212821,100.21875
08:00:53,91282CKC4,TSRYS5756736,D,S,T,2024-03-25,1000000.00,4.233795,100.09375
08:00:53,91282CKC4,TSRYS5756736,D,S,D,2024-03-25,68000000.00,4.226942,100.13457
08:00:56,91282CKC4,TSRYS5756736,D,S,D,2024-03-25,3000000.00,4.239043,100.0625
08:00:56,91282CKC4,TSRYS5756736,D,S,D,2024-03-25,2000000.00,4.244293,100.03125
08:00:56,91282CKC4,TSRYS5756736,D,S,D,2024-03-25,1000000.00,4.246919,100.015625
08:01:01,91282CKC4,TSRYS5756736,D,S,T,2024-03-25,1000000.00,4.233467,100.095703125
08:01:01,91282CKC4,TSRYS5756736,D,S,T,2024-03-25,1000000.00,4.233467,100.095703125
08:01:01,91282CKC4,TSRYS5756736,D,S,T,2024-03-25,2000000.00,4.233467,100.095703125
08:01:01,91282CKC4,TSRYS5756736,D,S,T,2024-03-25,1000000.00,4.233467,100.095703125
08:01:01,91282CKC4,TSRYS5756736,D,S,T,2024-03-25,1000000.00,4.233795,100.09375
08:01:01,91282CKC4,TSRYS5756736,D,S,T,2024-03-25,1000000.00,4.233795,100.09375
08:01:01,91282CKC4,TSRYS5756736,D,S,T,2024-03-25,1000000.00,4.233795,100.09375
08:01:01,91282CKC4,TSRYS5756736,D,S,T,2024-03-25,1000000.00,4.233795,100.09375
08:01:01,91282CKC4,TSRYS5756736,D,S,T,2024-03-25,1000000.00,4.233795,100.09375
08:01:01,91282CKC4,TSRYS5756736,D,S,T,2024-03-25,2000000.00,4.233795,100.09375
08:01:01,91282CKC4,TSRYS5756736,D,S,T,2024-03-25,4000000.00,4.233795,100.09375
08:01:01,91282CKC4,TSRYS5756736,D,S,T,2024-03-25,1000000.00,4.233795,100.09375
08:01:01,91282CKC4,TSRYS5756736,D,S,T,2024-03-25,1000000.00,4.233812,100.093648
08:01:01,91282CKC4,TSRYS5756736,D,S,T,2024-03-25,1000000.00,4.233812,100.093648
08:01:01,91282CKC4,TSRYS5756736,D,S,T,2024-03-25,1000000.00,4.233812,100.093648
08:01:01,91282CKC4,TSRYS5756736,D,B,A,2024-03-25,20000000.00,4.233795,100.09375
08:01:03,91282CKC4,TSRYS5756736,D,S,T,2024-03-25,1000000.00,4.236419,100.078125
08:01:03,91282CKC4,TSRYS5756736,D,S,C,2024-03-25,30360000.00,4.237056,100.07421875
08:01:04,91282CKC4,TSRYS5756736,D,S,T,2024-03-25,1000000.00,4.244293,100.03125
08:01:04,91282CKC4,TSRYS5756736,D,S,T,2024-03-25,1000000.00,4.24431,100.031148
08:01:04,91282CKC4,TSRYS5756736,D,S,T,2024-03-25,1000000.00,4.24431,100.031148
08:01:04,91282CKC4,TSRYS5756736,D,S,T,2024-03-25,1000000.00,4.24431,100.031148
08:01:04,91282CKC4,TSRYS5756736,D,S,T,2024-03-25,1000000.00,4.24431,100.031148
08:01:04,91282CKC4,TSRYS5756736,D,S,T,2024-03-25,1000000.00,4.240355,100.0546875
08:01:04,91282CKC4,TSRYS5756736,D,S,T,2024-03-25,6000000.00,4.240355,100.0546875
08:01:04,91282CKC4,TSRYS5756736,D,S,T,2024-03-25,1000000.00,4.244622,100.029296875
08:01:04,91282CKC4,TSRYS5756736,D,S,D,2024-03-25,500000.00,4.234451,100.08984375
08:01:04,91282CKC4,TSRYS5756736,D,S,T,2024-03-25,1000000.00,4.246919,100.015625
08:01:05,91282CKC4,TSRYS5756736,D,S,D,2024-03-25,1000000.00,4.236091,100.080078125
08:01:05,91282CKC4,TSRYS5756736,D,S,D,2024-03-25,1000000.00,4.233139,100.09765625
08:01:06,91282CKC4,TSRYS5756736,D,S,D,2024-03-25,1000000.00,4.199073,100.30078125
08:01:06,91282CKC4,TSRYS5756736,D,B,C,2024-03-25,1000000.00,4.199073,100.30078125
08:01:06,91282CKC4,TSRYS5756736,D,B,C,2024-03-25,2000000.00,4.19711,100.3125
08:01:06,91282CKC4,TSRYS5756736,D,S,C,2024-03-25,2000000.00,4.19711,100.3125
08:01:06,91282CKC4,TSRYS5756736,D,B,C,2024-03-25,1000000.00,4.19711,100.3125
08:01:06,91282CKC4,TSRYS5756736,D,S,C,2024-03-25,1000000.00,4.19711,100.3125
08:01:06,91282CKC4,TSRYS5756736,D,S,D,2024-03-25,1000000.00,4.19482,100.326171875
08:01:07,91282CKC4,TSRYS5756736,D,S,C,2024-03-25,1000000.00,4.195475,100.322265625
08:01:07,91282CKC4,TSRYS5756736,D,S,C,2024-03-25,1000000.00,4.195475,100.322265625
08:01:07,91282CKC4,TSRYS5756736,D,S,C,2024-03-25,1000000.00,4.195475,100.322265625
08:01:07,91282CKC4,TSRYS5756736,D,S,C,2024-03-25,1000000.00,4.195475,100.322265625
08:01:07,91282CKC4,TSRYS5756736,D,S,C,2024-03-25,1000000.00,4.194493,100.328125
08:01:07,91282CKC4,TSRYS5756736,D,S,C,2024-03-25,2000000.00,4.194493,100.328125
08:01:07,91282CKC4,TSRYS5756736,D,B,C,2024-03-25,1000000.00,4.194493,100.328125
08:01:07,91282CKC4,TSRYS5756736,D,S,C,2024-03-25,1000000.00,4.194493,100.328125
08:01:07,91282CKC4,TSRYS5756736,D,S,C,2024-03-25,2000000.00,4.194493,100.328125
08:01:07,91282CKC4,TSRYS5756736,D,S,C,2024-03-25,1000000.00,4.194493,100.328125
08:01:07,91282CKC4,TSRYS5756736,D,S,C,2024-03-25,1000000.00,4.195475,100.322265625
08:01:07,91282CKC4,TSRYS5756736,D,S,C,2024-03-25,1000000.00,4.191877,100.34375
08:01:07,91282CKC4,TSRYS5756736,D,B,C,2024-03-25,2000000.00,4.194493,100.328125
08:01:07,91282CKC4,TSRYS5756736,D,S,D,2024-03-25,2000000.00,4.194493,100.328125
08:01:07,91282CKC4,TSRYS5756736,D,S,C,2024-03-25,1000000.00,4.195475,100.322265625
08:01:07,91282CKC4,TSRYS5756736,D,S,C,2024-03-25,1000000.00,4.194493,100.328125
08:01:07,91282CKC4,TSRYS5756736,D,S,C,2024-03-25,1000000.00,4.191877,100.34375
08:01:07,91282CKC4,TSRYS5756736,D,B,C,2024-03-25,1000000.00,4.194493,100.328125
08:01:07,91282CKC4,TSRYS5756736,D,S,C,2024-03-25,1000000.00,4.193839,100.33203125
08:01:07,91282CKC4,TSRYS5756736,D,B,C,2024-03-25,1000000.00,4.193839,100.33203125
08:01:07,91282CKC4,TSRYS5756736,D,S,D,2024-03-25,1000000.00,4.194493,100.328125
08:01:07,91282CKC4,TSRYS5756736,D,B,C,2024-03-25,1000000.00,4.194493,100.328125
08:01:07,91282CKC4,TSRYS5756736,D,S,C,2024-03-25,1000000.00,4.195475,100.322265625
08:01:07,91282CKC4,TSRYS5756736,D,S,C,2024-03-25,1000000.00,4.195475,100.322265625
08:01:07,91282CKC4,TSRYS5756736,D,S,C,2024-03-25,1000000.00,4.195475,100.322265625
08:01:07,91282CKC4,TSRYS5756736,D,S,C,2024-03-25,1000000.00,4.195475,100.322265625
08:01:07,91282CKC4,TSRYS5756736,D,S,C,2024-03-25,1000000.00,4.195475,100.322265625
08:01:07,91282CKC4,TSRYS5756736,D,S,C,2024-03-25,1000000.00,4.195475,100.322265625
08:01:07,91282CKC4,TSRYS5756736,D,S,C,2024-03-25,1000000.00,4.195475,100.322265625
08:01:07,91282CKC4,TSRYS5756736,D,S,C,2024-03-25,1000000.00,4.195475,100.322265625
08:01:07,91282CKC4,TSRYS5756736,D,B,C,2024-03-25,1000000.00,4.195475,100.322265625
08:01:07,91282CKC4,TSRYS5756736,D,S,C,2024-03-25,1000000.00,4.195475,100.322265625
08:01:07,91282CKC4,TSRYS5756736,D,B,C,2024-03-25,1000000.00,4.195475,100.322265625
08:01:07,91282CKC4,TSRYS5756736,D,S,C,2024-03-25,1000000.00,4.195475,100.322265625
08:01:07,91282CKC4,TSRYS5756736,D,B,C,2024-03-25,1000000.00,4.195475,100.322265625
08:01:07,91282CKC4,TSRYS5756736,D,S,C,2024-03-25,1000000.00,4.200054,100.294921875
08:01:07,91282CKC4,TSRYS5756736,D,S,D,2024-03-25,8000000.00,4.204963,100.265625
08:01:07,91282CKC4,TSRYS5756736,D,S,D,2024-03-25,1000000.00,4.204963,100.265625
08:01:08,91282CKC4,TSRYS5756736,D,S,D,2024-03-25,1000000.00,4.204963,100.265625
08:01:08,91282CKC4,TSRYS5756736,D,S,D,2024-03-25,1000000.00,4.204636,100.267578125
08:01:08,91282CKC4,TSRYS5756736,D,S,C,2024-03-25,5000000.00,4.204636,100.267578125
08:01:08,91282CKC4,TSRYS5756736,D,S,D,2024-03-25,1000000.00,4.207582,100.25
08:01:08,91282CKC4,TSRYS5756736,D,S,C,2024-03-25,1000000.00,4.207582,100.25
08:01:08,91282CKC4,TSRYS5756736,D,S,D,2024-03-25,1000000.00,4.204636,100.267578125
08:01:08,91282CKC4,TSRYS5756736,D,S,D,2024-03-25,1000000.00,4.208891,100.2421875
08:01:08,91282CKC4,TSRYS5756736,D,S,C,2024-03-25,4000000.00,4.211511,100.2265625
08:01:08,91282CKC4,TSRYS5756736,D,S,D,2024-03-25,1000000.00,4.211511,100.2265625
08:01:08,91282CKC4,TSRYS5756736,D,S,D,2024-03-25,1000000.00,4.211183,100.228515625
08:01:08,91282CKC4,TSRYS5756736,D,B,C,2024-03-25,1000000.00,4.211183,100.228515625
08:01:08,91282CKC4,TSRYS5756736,D,B,C,2024-03-25,1000000.00,4.213476,100.21484375
08:01:08,91282CKC4,TSRYS5756736,D,S,D,2024-03-25,1000000.00,4.213476,100.21484375
08:01:08,91282CKC4,TSRYS5756736,D,S,D,2024-03-25,1000000.00,4.212821,100.21875
08:01:08,91282CKC4,TSRYS5756736,D,S,C,2024-03-25,1000000.00,4.213476,100.21484375
08:01:08,91282CKC4,TSRYS5756736,D,S,C,2024-03-25,1000000.00,4.213148,100.216796875
08:01:08,91282CKC4,TSRYS5756736,D,B,C,2024-03-25,1000000.00,4.213148,100.216796875
08:01:08,91282CKC4,TSRYS5756736,D,S,D,2024-03-25,1000000.00,4.214131,100.2109375
08:01:08,91282CKC4,TSRYS5756736,D,B,C,2024-03-25,1000000.00,4.213476,100.21484375
08:01:08,91282CKC4,TSRYS5756736,D,S,D,2024-03-25,1000000.00,4.213476,100.21484375
08:01:08,91282CKC4,TSRYS5756736,D,S,C,2024-03-25,1000000.00,4.213148,100.216796875
08:01:08,91282CKC4,TSRYS5756736,D,B,C,2024-03-25,1000000.00,4.213148,100.216796875
08:01:08,91282CKC4,TSRYS5756736,D,S,D,2024-03-25,1000000.00,4.214131,100.2109375
08:01:08,91282CKC4,TSRYS5756736,D,S,D,2024-03-25,1000000.00,4.214131,100.2109375
08:01:08,91282CKC4,TSRYS5756736,D,S,T,2024-03-25,1000000.00,4.214131,100.2109375
08:01:08,91282CKC4,TSRYS5756736,D,S,T,2024-03-25,1000000.00,4.241668,100.046875
08:01:08,91282CKC4,TSRYS5756736,D,B,C,2024-03-25,1000000.00,4.213803,100.212890625
08:01:08,91282CKC4,TSRYS5756736,D,S,D,2024-03-25,1000000.00,4.213803,100.212890625
08:01:08,91282CKC4,TSRYS5756736,D,S,D,2024-03-25,1000000.00,4.211183,100.22851562
08:01:08,91282CKC4,TSRYS5756736,D,S,D,2024-03-25,1000000.00,4.211183,100.22851562
08:01:08,91282CKC4,TSRYS5756736,D,S,C,2024-03-25,1000000.00,4.210528,100.23242187
08:01:09,91282CKC4,TSRYS5756736,D,S,D,2024-03-25,1000000.00,4.212821,100.21875
08:01:09,91282CKC4,TSRYS5756736,D,S,C,2024-03-25,1000000.00,4.212821,100.21875
08:01:09,91282CKC4,TSRYS5756736,D,B,C,2024-03-25,1000000.00,4.209874,100.23632812
08:01:09,91282CKC4,TSRYS5756736,D,B,C,2024-03-25,1000000.00,4.213476,100.21484375
08:01:09,91282CKC4,TSRYS5756736,D,S,C,2024-03-25,1000000.00,4.214786,100.20703125
08:01:09,91282CKC4,TSRYS5756736,D,S,D,2024-03-25,1000000.00,4.213476,100.21484375
08:01:09,91282CKC4,TSRYS5756736,D,B,C,2024-03-25,1000000.00,4.214786,100.20703125
08:01:09,91282CKC4,TSRYS5756736,D,S,C,2024-03-25,1000000.00,4.214786,100.20703125
08:01:09,91282CKC4,TSRYS5756736,D,S,C,2024-03-25,1000000.00,4.214786,100.20703125
08:01:09,91282CKC4,TSRYS5756736,D,B,C,2024-03-25,1000000.00,4.214786,100.20703125
08:01:09,91282CKC4,TSRYS5756736,D,S,C,2024-03-25,1000000.00,4.213148,100.21679687
08:01:09,91282CKC4,TSRYS5756736,D,B,C,2024-03-25,1000000.00,4.214786,100.20703125
08:01:09,91282CKC4,TSRYS5756736,D,S,C,2024-03-25,1000000.00,4.214458,100.208984375
08:01:09,91282CKC4,TSRYS5756736,D,B,C,2024-03-25,1000000.00,4.214458,100.208984375
08:01:09,91282CKC4,TSRYS5756736,D,B,C,2024-03-25,1000000.00,4.209546,100.23828125
08:01:09,91282CKC4,TSRYS5756736,D,S,C,2024-03-25,1000000.00,4.213148,100.21679687
08:01:09,91282CKC4,TSRYS5756736,D,S,C,2024-03-25,1000000.00,4.214786,100.20703125
08:01:09,91282CKC4,TSRYS5756736,D,B,C,2024-03-25,1000000.00,4.214786,100.20703125
08:01:09,91282CKC4,TSRYS5756736,D,S,D,2024-03-25,1000000.00,4.242324,100.04296875
08:01:10,91282CKC4,TSRYS5756736,D,B,C,2024-03-25,1000000.00,4.213476,100.21484375
08:01:10,91282CKC4,TSRYS5756736,D,B,C,2024-03-25,1000000.00,4.213476,100.21484375
08:01:10,91282CKC4,TSRYS5756736,D,S,D,2024-03-25,1000000.00,4.213476,100.21484375
08:01:10,91282CKC4,TSRYS5756736,D,S,D,2024-03-25,1000000.00,4.213476,100.21484375
08:01:10,91282CKC4,TSRYS5756736,D,S,C,2024-03-25,1000000.00,4.214786,100.20703125
08:01:10,91282CKC4,TSRYS5756736,D,S,C,2024-03-25,1000000.00,4.214786,100.20703125
08:01:10,91282CKC4,TSRYS5756736,D,S,C,2024-03-25,1000000.00,4.212166,100.22265625
08:01:10,91282CKC4,TSRYS5756736,D,B,C,2024-03-25,1000000.00,4.212166,100.22265625
08:01:10,91282CKC4,TSRYS5756736,D,B,C,2024-03-25,1000000.00,4.209546,100.23828125
08:01:10,91282CKC4,TSRYS5756736,D,S,C,2024-03-25,1000000.00,4.209546,100.23828125
08:01:10,91282CKC4,TSRYS5756736,D,S,C,2024-03-25,1000000.00,4.209874,100.236328125
08:01:10,91282CKC4,TSRYS5756736,D,B,C,2024-03-25,1000000.00,4.209874,100.236328125
08:01:10,91282CKC4,TSRYS5756736,D,S,C,2024-03-25,1000000.00,4.211511,100.2265625
08:01:10,91282CKC4,TSRYS5756736,D,B,C,2024-03-25,1000000.00,4.211511,100.2265625
08:01:10,91282CKC4,TSRYS5756736,D,S,C,2024-03-25,1000000.00,4.208891,100.2421875
08:01:10,91282CKC4,TSRYS5756736,D,B,C,2024-03-25,1000000.00,4.208891,100.2421875
08:01:10,91282CKC4,TSRYS5756736,D,S,C,2024-03-25,1000000.00,4.209219,100.240234375
08:01:10,91282CKC4,TSRYS5756736,D,B,C,2024-03-25,1000000.00,4.209219,100.240234375
08:01:10,91282CKC4,TSRYS5756736,D,S,D,2024-03-25,1000000.00,4.208891,100.2421875
08:01:10,91282CKC4,TSRYS5756736,D,B,C,2024-03-25,1000000.00,4.213476,100.21484375
08:01:10,91282CKC4,TSRYS5756736,D,S,D,2024-03-25,1000000.00,4.213476,100.21484375
08:01:10,91282CKC4,TSRYS5756736,D,B,C,2024-03-25,1000000.00,4.213476,100.21484375
08:01:10,91282CKC4,TSRYS5756736,D,S,D,2024-03-25,1000000.00,4.213476,100.21484375
08:01:10,91282CKC4,TSRYS5756736,D,S,C,2024-03-25,1000000.00,4.213803,100.212890625
08:01:10,91282CKC4,TSRYS5756736,D,B,C,2024-03-25,1000000.00,4.213803,100.212890625
08:01:10,91282CKC4,TSRYS5756736,D,S,C,2024-03-25,1000000.00,4.210201,100.234375
08:01:11,91282CKC4,TSRYS5756736,D,S,D,2024-03-25,1000000.00,4.212166,100.22265625
08:01:11,91282CKC4,TSRYS5756736,D,B,C,2024-03-25,1000000.00,4.212166,100.22265625
08:01:11,91282CKC4,TSRYS5756736,D,S,D,2024-03-25,1000000.00,4.214786,100.20703125
08:01:11,91282CKC4,TSRYS5756736,D,S,D,2024-03-25,1000000.00,4.212166,100.22265625
08:01:11,91282CKC4,TSRYS5756736,D,B,C,2024-03-25,1000000.00,4.212166,100.22265625
08:01:11,91282CKC4,TSRYS5756736,D,B,C,2024-03-25,1000000.00,4.212166,100.22265625
08:01:11,91282CKC4,TSRYS5756736,D,S,D,2024-03-25,1000000.00,4.212166,100.22265625
08:01:11,91282CKC4,TSRYS5756736,D,S,D,2024-03-25,1000000.00,4.214786,100.20703125
08:01:11,91282CKC4,TSRYS5756736,D,S,D,2024-03-25,1000000.00,4.214786,100.20703125
08:01:11,91282CKC4,TSRYS5756736,D,S,D,2024-03-25,1000000.00,4.214131,100.2109375
08:01:11,91282CKC4,TSRYS5756736,D,B,C,2024-03-25,1000000.00,4.213476,100.21484375
08:01:11,91282CKC4,TSRYS5756736,D,S,D,2024-03-25,1000000.00,4.213476,100.21484375
08:01:11,91282CKC4,TSRYS5756736,D,S,D,2024-03-25,1000000.00,4.218389,100.185546875
08:01:11,91282CKC4,TSRYS5756736,D,B,C,2024-03-25,1000000.00,4.218389,100.185546875
08:01:11,91282CKC4,TSRYS5756736,D,S,C,2024-03-25,1000000.00,4.217079,100.193359375
08:01:11,91282CKC4,TSRYS5756736,D,B,C,2024-03-25,1000000.00,4.217079,100.193359375
08:01:11,91282CKC4,TSRYS5756736,D,B,C,2024-03-25,1000000.00,4.217079,100.193359375
08:01:11,91282CKC4,TSRYS5756736,D,S,D,2024-03-25,1000000.00,4.217079,100.193359375
08:01:11,91282CKC4,TSRYS5756736,D,S,D,2024-03-25,1000000.00,4.214458,100.20898437
08:01:11,91282CKC4,TSRYS5756736,D,B,C,2024-03-25,2000000.00,4.217079,100.193359375
08:01:11,91282CKC4,TSRYS5756736,D,S,C,2024-03-25,2000000.00,4.217079,100.193359375
08:01:11,91282CKC4,TSRYS5756736,D,S,C,2024-03-25,1000000.00,4.217079,100.193359375
08:01:11,91282CKC4,TSRYS5756736,D,B,C,2024-03-25,1000000.00,4.217079,100.193359375
08:01:11,91282CKC4,TSRYS5756736,D,B,C,2024-03-25,1000000.00,4.216423,100.197265625
08:01:11,91282CKC4,TSRYS5756736,D,S,C,2024-03-25,1000000.00,4.216423,100.197265625
08:01:11,91282CKC4,TSRYS5756736,D,S,C,2024-03-25,1000000.00,4.216423,100.197265625
08:01:11,91282CKC4,TSRYS5756736,D,S,C,2024-03-25,1000000.00,4.216423,100.197265625
08:01:11,91282CKC4,TSRYS5756736,D,B,C,2024-03-25,1000000.00,4.216423,100.197265625
08:01:11,91282CKC4,TSRYS5756736,D,S,C,2024-03-25,1000000.00,4.216423,100.197265625
08:01:11,91282CKC4,TSRYS5756736,D,S,C,2024-03-25,1000000.00,4.216423,100.197265625
08:01:11,91282CKC4,TSRYS5756736,D,B,C,2024-03-25,1000000.00,4.216096,100.19921875
08:01:11,91282CKC4,TSRYS5756736,D,B,C,2024-03-25,1000000.00,4.216423,100.197265625
08:01:11,91282CKC4,TSRYS5756736,D,S,D,2024-03-25,1000000.00,4.216096,100.19921875
08:01:11,91282CKC4,TSRYS5756736,D,S,D,2024-03-25,1000000.00,4.216423,100.197265625
08:01:11,91282CKC4,TSRYS5756736,D,S,D,2024-03-25,1000000.00,4.216096,100.19921875
08:01:11,91282CKC4,TSRYS5756736,D,S,D,2024-03-25,1000000.00,4.216423,100.197265625
08:01:11,91282CKC4,TSRYS5756736,D,S,C,2024-03-25,1000000.00,4.215441,100.203125
08:01:11,91282CKC4,TSRYS5756736,D,S,D,2024-03-25,1000000.00,4.215113,100.205078125
08:01:11,91282CKC4,TSRYS5756736,D,S,D,2024-03-25,1000000.00,4.215113,100.205078125
08:01:11,91282CKC4,TSRYS5756736,D,S,D,2024-03-25,1000000.00,4.213803,100.212890625
08:01:11,91282CKC4,TSRYS5756736,D,S,D,2024-03-25,1000000.00,4.213803,100.212890625
08:01:11,91282CKC4,TSRYS5756736,D,S,D,2024-03-25,1000000.00,4.213803,100.212890625
08:01:11,91282CKC4,TSRYS5756736,D,S,D,2024-03-25,1000000.00,4.214786,100.20703125
08:01:11,91282CKC4,TSRYS5756736,D,S,D,2024-03-25,1000000.00,4.214458,100.208984375
08:01:11,91282CKC4,TSRYS5756736,D,S,C,2024-03-25,1000000.00,4.210856,100.23046875
08:01:11,91282CKC4,TSRYS5756736,D,S,D,2024-03-25,1000000.00,4.216751,100.1953125
08:01:11,91282CKC4,TSRYS5756736,D,S,D,2024-03-25,1000000.00,4.217734,100.189453125
08:01:11,91282CKC4,TSRYS5756736,D,S,D,2024-03-25,1000000.00,4.214786,100.20703125
08:01:11,91282CKC4,TSRYS5756736,D,S,C,2024-03-25,1000000.00,4.218389,100.185546875
08:01:11,91282CKC4,TSRYS5756736,D,S,D,2024-03-25,1000000.00,4.214786,100.20703125
08:01:11,91282CKC4,TSRYS5756736,D,S,D,2024-03-25,1000000.00,4.214458,100.20898437
08:01:11,91282CKC4,TSRYS5756736,D,S,D,2024-03-25,1000000.00,4.214786,100.20703125
08:01:11,91282CKC4,TSRYS5756736,D,S,D,2024-03-25,1000000.00,4.214131,100.2109375
08:01:12,91282CKC4,TSRYS5756736,D,S,D,2024-03-25,1000000.00,4.210856,100.23046875
08:01:12,91282CKC4,TSRYS5756736,D,B,C,2024-03-25,1000000.00,4.210856,100.23046875
08:01:12,91282CKC4,TSRYS5756736,D,S,D,2024-03-25,1000000.00,4.214131,100.2109375
08:01:12,91282CKC4,TSRYS5756736,D,S,A,2024-03-25,21700000.00,4.241079,100.05038125
08:01:12,91282CKC4,TSRYS5756736,D,B,C,2024-03-25,21700000.00,4.241079,100.05038125
08:01:12,91282CKC4,TSRYS5756736,D,S,D,2024-03-25,1000000.00,4.215768,100.201171875
08:01:12,91282CKC4,TSRYS5756736,D,B,C,2024-03-25,1000000.00,4.215768,100.201171875
08:01:12,91282CKC4,TSRYS5756736,D,S,D,2024-03-25,1000000.00,4.215768,100.201171875
08:01:12,91282CKC4,TSRYS5756736,D,B,C,2024-03-25,1000000.00,4.215768,100.201171875
08:01:12,91282CKC4,TSRYS5756736,D,S,D,2024-03-25,1000000.00,4.224943,100.146484375
08:01:12,91282CKC4,TSRYS5756736,D,S,C,2024-03-25,5000000.00,4.241012,100.05078125
08:01:12,91282CKC4,TSRYS5756736,D,B,A,2024-03-25,1950000.00,4.242324,100.04296875
08:01:12,91282CKC4,TSRYS5756736,D,S,C,2024-03-25,1950000.00,4.242324,100.04296875
08:01:12,91282CKC4,TSRYS5756736,D,S,C,2024-03-25,1000000.00,4.22986,100.1171875
08:01:12,91282CKC4,TSRYS5756736,D,B,C,2024-03-25,1000000.00,4.230843,100.111328125
08:01:12,91282CKC4,TSRYS5756736,D,S,C,2024-03-25,1000000.00,4.22986,100.1171875
08:01:12,91282CKC4,TSRYS5756736,D,S,C,2024-03-25,1000000.00,4.230843,100.111328125
08:01:12,91282CKC4,TSRYS5756736,D,S,C,2024-03-25,1000000.00,4.22986,100.1171875
08:01:12,91282CKC4,TSRYS5756736,D,S,D,2024-03-25,1000000.00,4.231171,100.109375
08:01:12,91282CKC4,TSRYS5756736,D,S,C,2024-03-25,1000000.00,4.233795,100.09375
08:01:13,91282CKC4,TSRYS5756736,D,B,C,2024-03-25,1000000.00,4.234779,100.087890625
08:01:13,91282CKC4,TSRYS5756736,D,S,D,2024-03-25,1000000.00,4.234779,100.087890625
08:01:13,91282CKC4,TSRYS5756736,D,S,D,2024-03-25,1000000.00,4.234779,100.087890625
08:01:13,91282CKC4,TSRYS5756736,D,B,C,2024-03-25,1000000.00,4.234779,100.087890625
08:01:13,91282CKC4,TSRYS5756736,D,S,D,2024-03-25,1000000.00,4.234779,100.087890625
08:01:13,91282CKC4,TSRYS5756736,D,B,C,2024-03-25,1000000.00,4.234779,100.087890625
08:01:13,91282CKC4,TSRYS5756736,D,S,D,2024-03-25,1000000.00,4.234779,100.087890625
08:01:13,91282CKC4,TSRYS5756736,D,B,C,2024-03-25,1000000.00,4.234779,100.087890625
08:01:13,91282CKC4,TSRYS5756736,D,B,C,2024-03-25,1000000.00,4.234779,100.087890625
08:01:13,91282CKC4,TSRYS5756736,D,S,D,2024-03-25,1000000.00,4.234779,100.087890625
08:01:13,91282CKC4,TSRYS5756736,D,S,D,2024-03-25,1000000.00,4.234779,100.087890625
08:01:13,91282CKC4,TSRYS5756736,D,B,C,2024-03-25,1000000.00,4.234779,100.087890625
08:01:13,91282CKC4,TSRYS5756736,D,S,C,2024-03-25,1000000.00,4.236091,100.080078125
08:01:13,91282CKC4,TSRYS5756736,D,S,D,2024-03-25,1000000.00,4.235107,100.0859375
08:01:13,91282CKC4,TSRYS5756736,D,S,C,2024-03-25,1000000.00,4.235763,100.08203125
08:01:13,91282CKC4,TSRYS5756736,D,S,C,2024-03-25,3000000.00,4.234451,100.08984375
08:01:13,91282CKC4,TSRYS5756736,D,S,C,2024-03-25,1000000.00,4.234451,100.08984375
08:01:13,91282CKC4,TSRYS5756736,D,S,C,2024-03-25,1000000.00,4.234451,100.08984375
08:01:13,91282CKC4,TSRYS5756736,D,S,D,2024-03-25,2000000.00,4.233467,100.095703125
08:01:13,91282CKC4,TSRYS5756736,D,S,D,2024-03-25,2000000.00,4.233795,100.09375
08:01:13,91282CKC4,TSRYS5756736,D,S,D,2024-03-25,2000000.00,4.233467,100.095703125
08:01:13,91282CKC4,TSRYS5756736,D,S,D,2024-03-25,1000000.00,4.233139,100.09765625
08:01:13,91282CKC4,TSRYS5756736,D,S,C,2024-03-25,4000000.00,4.236091,100.080078125
08:01:13,91282CKC4,TSRYS5756736,D,B,C,2024-03-25,1000000.00,4.215768,100.20117187
08:01:13,91282CKC4,TSRYS5756736,D,B,C,2024-03-25,1000000.00,4.1994,100.29882812
08:01:13,91282CKC4,TSRYS5756736,D,B,C,2024-03-25,2000000.00,4.1994,100.29882812
08:01:13,91282CKC4,TSRYS5756736,D,B,C,2024-03-25,1000000.00,4.201691,100.28515625
08:01:14,91282CKC4,TSRYS5756736,D,B,C,2024-03-25,1000000.00,4.211183,100.22851562
08:01:14,91282CKC4,TSRYS5756736,D,B,C,2024-03-25,1000000.00,4.213476,100.21484375
08:01:14,91282CKC4,TSRYS5756736,D,B,C,2024-03-25,1000000.00,4.213476,100.21484375
08:01:14,91282CKC4,TSRYS5756736,D,B,C,2024-03-25,1000000.00,4.213476,100.21484375
08:01:14,91282CKC4,TSRYS5756736,D,B,C,2024-03-25,1000000.00,4.213476,100.21484375
08:01:14,91282CKC4,TSRYS5756736,D,B,C,2024-03-25,1000000.00,4.213476,100.21484375
08:01:14,91282CKC4,TSRYS5756736,D,B,C,2024-03-25,1000000.00,4.213803,100.21289062
08:01:14,91282CKC4,TSRYS5756736,D,B,C,2024-03-25,1000000.00,4.213476,100.21484375
08:01:14,91282CKC4,TSRYS5756736,D,B,C,2024-03-25,4000000.00,4.213476,100.21484375
08:01:14,91282CKC4,TSRYS5756736,D,B,C,2024-03-25,1000000.00,4.213803,100.21289062
08:01:15,91282CKC4,TSRYS5756736,D,S,D,2024-03-25,1000000.00,4.204963,100.265625
08:01:15,91282CKC4,TSRYS5756736,D,S,D,2024-03-25,1000000.00,4.204636,100.267578125
08:01:15,91282CKC4,TSRYS5756736,D,S,D,2024-03-25,8000000.00,4.204963,100.265625
08:01:15,91282CKC4,TSRYS5756736,D,S,D,2024-03-25,1000000.00,4.204963,100.265625
08:01:15,91282CKC4,TSRYS5756736,D,S,D,2024-03-25,5000000.00,4.204636,100.267578125
08:01:15,91282CKC4,TSRYS5756736,D,B,C,2024-03-25,1000000.00,4.213476,100.21484375
08:01:15,91282CKC4,TSRYS5756736,D,S,D,2024-03-25,1000000.00,4.204636,100.267578125
08:01:15,91282CKC4,TSRYS5756736,D,B,C,2024-03-25,1000000.00,4.211183,100.22851562
08:01:15,91282CKC4,TSRYS5756736,D,S,D,2024-03-25,4000000.00,4.211511,100.2265625
08:01:15,91282CKC4,TSRYS5756736,D,S,D,2024-03-25,1000000.00,4.211511,100.2265625
08:01:15,91282CKC4,TSRYS5756736,D,S,D,2024-03-25,1000000.00,4.235763,100.08203125
08:01:15,91282CKC4,TSRYS5756736,D,S,T,2024-03-25,1000000.00,4.215466,100.202975
08:01:15,91282CKC4,TSRYS5756736,D,B,C,2024-03-25,1000000.00,4.213476,100.21484375
08:01:15,91282CKC4,TSRYS5756736,D,S,C,2024-03-25,2000000.00,4.237731,100.0703125
08:01:15,91282CKC4,TSRYS5756736,D,B,C,2024-03-25,1000000.00,4.213803,100.21289062
08:01:15,91282CKC4,TSRYS5756736,D,S,T,2024-03-25,1000000.00,4.217734,100.18945312
08:01:15,91282CKC4,TSRYS5756736,D,S,T,2024-03-25,1000000.00,4.217406,100.19140625
08:01:15,91282CKC4,TSRYS5756736,D,S,T,2024-03-25,1000000.00,4.217734,100.18945312
08:01:15,91282CKC4,TSRYS5756736,D,S,D,2024-03-25,2000000.00,4.235763,100.08203125
08:01:15,91282CKC4,TSRYS5756736,D,S,T,2024-03-25,2000000.00,4.215768,100.20117187
08:01:15,91282CKC4,TSRYS5756736,D,S,D,2024-03-25,1000000.00,4.208891,100.2421875
08:01:15,91282CKC4,TSRYS5756736,D,B,C,2024-03-25,1000000.00,4.216096,100.19921875
08:01:15,91282CKC4,TSRYS5756736,D,S,D,2024-03-25,1000000.00,4.214131,100.2109375
08:01:15,91282CKC4,TSRYS5756736,D,S,T,2024-03-25,1000000.00,4.215768,100.20117187
08:01:15,91282CKC4,TSRYS5756736,D,S,T,2024-03-25,1000000.00,4.215768,100.20117187
08:01:15,91282CKC4,TSRYS5756736,D,S,T,2024-03-25,1000000.00,4.213803,100.21289062
08:01:15,91282CKC4,TSRYS5756736,D,S,D,2024-03-25,1000000.00,4.213803,100.21289062
08:01:15,91282CKC4,TSRYS5756736,D,S,D,2024-03-25,1000000.00,4.213803,100.21289062
08:01:15,91282CKC4,TSRYS5756736,D,B,C,2024-03-25,1000000.00,4.238387,100.06640625
08:01:15,91282CKC4,TSRYS5756736,D,S,D,2024-03-25,1000000.00,4.215113,100.205078125
08:01:15,91282CKC4,TSRYS5756736,D,S,D,2024-03-25,1000000.00,4.238387,100.06640625
08:01:15,91282CKC4,TSRYS5756736,D,S,D,2024-03-25,1000000.00,4.213803,100.21289062
08:01:15,91282CKC4,TSRYS5756736,D,S,D,2024-03-25,1000000.00,4.215113,100.205078125
08:01:15,91282CKC4,TSRYS5756736,D,S,T,2024-03-25,1000000.00,4.213803,100.21289062
08:01:15,91282CKC4,TSRYS5756736,D,S,T,2024-03-25,1000000.00,4.213803,100.21289062
08:01:15,91282CKC4,TSRYS5756736,D,S,T,2024-03-25,1000000.00,4.213803,100.21289062
08:01:15,91282CKC4,TSRYS5756736,D,S,T,2024-03-25,1000000.00,4.213803,100.21289062
08:01:15,91282CKC4,TSRYS5756736,D,S,D,2024-03-25,1000000.00,4.213803,100.21289062
08:01:15,91282CKC4,TSRYS5756736,D,S,T,2024-03-25,1000000.00,4.213803,100.21289062
08:01:15,91282CKC4,TSRYS5756736,D,S,C,2024-03-25,1000000.00,4.195802,100.3203125
08:01:15,91282CKC4,TSRYS5756736,D,B,C,2024-03-25,1000000.00,4.239371,100.060546875
08:01:15,91282CKC4,TSRYS5756736,D,S,D,2024-03-25,1000000.00,4.239371,100.060546875
08:01:15,91282CKC4,TSRYS5756736,D,B,C,2024-03-25,1000000.00,4.240027,100.056640625
08:01:15,91282CKC4,TSRYS5756736,D,S,D,2024-03-25,1000000.00,4.240027,100.056640625
08:01:15,91282CKC4,TSRYS5756736,D,S,C,2024-03-25,1000000.00,4.240027,100.056640625
08:01:16,91282CKC4,TSRYS5756736,D,B,C,2024-03-25,1000000.00,4.240027,100.056640625
08:01:16,91282CKC4,TSRYS5756736,D,B,C,2024-03-25,1000000.00,4.239699,100.05859375
08:01:16,91282CKC4,TSRYS5756736,D,S,C,2024-03-25,1000000.00,4.239699,100.05859375
08:01:16,91282CKC4,TSRYS5756736,D,S,C,2024-03-25,1000000.00,4.238715,100.064453125
08:01:16,91282CKC4,TSRYS5756736,D,S,C,2024-03-25,1000000.00,4.238387,100.06640625
08:01:16,91282CKC4,TSRYS5756736,D,S,D,2024-03-25,2000000.00,4.240684,100.052734375
08:01:16,91282CKC4,TSRYS5756736,D,B,C,2024-03-25,1000000.00,4.244293,100.03125
08:01:16,91282CKC4,TSRYS5756736,D,S,D,2024-03-25,1000000.00,4.244293,100.03125
08:01:16,91282CKC4,TSRYS5756736,D,B,C,2024-03-25,1000000.00,4.243637,100.03515625
08:01:16,91282CKC4,TSRYS5756736,D,S,C,2024-03-25,1000000.00,4.243637,100.03515625
08:01:16,91282CKC4,TSRYS5756736,D,S,D,2024-03-25,1000000.00,4.243637,100.03515625
08:01:16,91282CKC4,TSRYS5756736,D,B,C,2024-03-25,1000000.00,4.243637,100.03515625
08:01:16,91282CKC4,TSRYS5756736,D,B,C,2024-03-25,5000000.00,4.209076,100.2410875
08:01:16,91282CKC4,TSRYS5756736,D,B,C,2024-03-25,5000000.00,4.209076,100.2410875
08:01:16,91282CKC4,TSRYS5756736,D,B,C,2024-03-25,5000000.00,4.21425,100.2102281
08:01:16,91282CKC4,TSRYS5756736,D,S,D,2024-03-25,1000000.00,4.244293,100.03125
08:01:16,91282CKC4,TSRYS5756736,D,B,C,2024-03-25,1000000.00,4.246591,100.017578125
08:01:16,91282CKC4,TSRYS5756736,D,S,D,2024-03-25,1000000.00,4.246919,100.015625
08:01:16,91282CKC4,TSRYS5756736,D,S,D,2024-03-25,1000000.00,4.246591,100.017578125
08:01:16,91282CKC4,TSRYS5756736,D,B,C,2024-03-25,1000000.00,4.246919,100.015625
08:01:16,91282CKC4,TSRYS5756736,D,S,D,2024-03-25,1000000.00,4.246591,100.017578125
08:01:16,91282CKC4,TSRYS5756736,D,B,C,2024-03-25,1000000.00,4.246591,100.017578125
08:01:16,91282CKC4,TSRYS5756736,D,S,T,2024-03-25,1000000.00,4.212821,100.21875
08:01:16,91282CKC4,TSRYS5756736,D,S,T,2024-03-25,1000000.00,4.212821,100.21875
08:01:16,91282CKC4,TSRYS5756736,D,B,C,2024-03-25,5000000.00,4.230044,100.1160875
08:01:16,91282CKC4,TSRYS5756736,D,B,C,2024-03-25,5000000.00,4.230044,100.1160875
08:01:16,91282CKC4,TSRYS5756736,D,S,T,2024-03-25,1000000.00,4.212821,100.21875
08:01:16,91282CKC4,TSRYS5756736,D,B,C,2024-03-25,5000000.00,4.230044,100.1160875
08:01:16,91282CKC4,TSRYS5756736,D,S,T,2024-03-25,2000000.00,4.212821,100.21875
08:01:16,91282CKC4,TSRYS5756736,D,S,D,2024-03-25,2000000.00,4.212821,100.21875
08:01:16,91282CKC4,TSRYS5756736,D,B,C,2024-03-25,1000000.00,4.246919,100.015625
08:01:16,91282CKC4,TSRYS5756736,D,S,D,2024-03-25,1000000.00,4.246919,100.015625
08:01:16,91282CKC4,TSRYS5756736,D,S,T,2024-03-25,1000000.00,4.212846,100.2186
08:01:16,91282CKC4,TSRYS5756736,D,S,D,2024-03-25,1000000.00,4.248561,100.005859375
08:01:16,91282CKC4,TSRYS5756736,D,B,C,2024-03-25,1000000.00,4.248561,100.005859375
08:01:16,91282CKC4,TSRYS5756736,D,S,C,2024-03-25,1000000.00,4.248561,100.005859375
08:01:16,91282CKC4,TSRYS5756736,D,B,C,2024-03-25,1000000.00,4.248561,100.005859375
08:01:16,91282CKC4,TSRYS5756736,D,S,T,2024-03-25,1000000.00,4.212821,100.21875
08:01:17,91282CKC4,TSRYS5756736,D,B,C,2024-03-25,1000000.00,4.246919,100.015625
08:01:17,91282CKC4,TSRYS5756736,D,S,D,2024-03-25,1000000.00,4.246919,100.015625
08:01:17,91282CKC4,TSRYS5756736,D,S,D,2024-03-25,1000000.00,4.246919,100.015625
08:01:17,91282CKC4,TSRYS5756736,D,B,C,2024-03-25,1000000.00,4.246919,100.015625
08:01:17,91282CKC4,TSRYS5756736,D,S,D,2024-03-25,1000000.00,4.246919,100.015625
08:01:17,91282CKC4,TSRYS5756736,D,B,C,2024-03-25,1000000.00,4.246919,100.015625
08:01:17,91282CKC4,TSRYS5756736,D,B,C,2024-03-25,1000000.00,4.246919,100.015625
08:01:17,91282CKC4,TSRYS5756736,D,S,D,2024-03-25,1000000.00,4.246919,100.015625
08:01:17,91282CKC4,TSRYS5756736,D,S,C,2024-03-25,1000000.00,4.246263,100.01953125
08:01:17,91282CKC4,TSRYS5756736,D,S,T,2024-03-25,1000000.00,4.211511,100.2265625
08:01:17,91282CKC4,TSRYS5756736,D,B,C,2024-03-25,1000000.00,4.246263,100.01953125
08:01:17,91282CKC4,TSRYS5756736,D,S,C,2024-03-25,1000000.00,4.246591,100.017578125
08:01:17,91282CKC4,TSRYS5756736,D,B,C,2024-03-25,1000000.00,4.246591,100.017578125
08:01:17,91282CKC4,TSRYS5756736,D,S,T,2024-03-25,1000000.00,4.220027,100.17578125
08:01:17,91282CKC4,TSRYS5756736,D,S,T,2024-03-25,1000000.00,4.220027,100.17578125
08:01:17,91282CKC4,TSRYS5756736,D,S,D,2024-03-25,1000000.00,4.211511,100.2265625
08:01:17,91282CKC4,TSRYS5756736,D,S,D,2024-03-25,1000000.00,4.224943,100.14648437
08:01:17,91282CKC4,TSRYS5756736,D,S,D,2024-03-25,1000000.00,4.211511,100.2265625
08:01:17,91282CKC4,TSRYS5756736,D,S,T,2024-03-25,1000000.00,4.224943,100.14648437
08:01:17,91282CKC4,TSRYS5756736,D,S,T,2024-03-25,1000000.00,4.224943,100.14648437
08:01:17,91282CKC4,TSRYS5756736,D,B,C,2024-03-25,1000000.00,4.22527,100.14453125
08:01:17,91282CKC4,TSRYS5756736,D,B,C,2024-03-25,1000000.00,4.227565,100.13085937
08:01:17,91282CKC4,TSRYS5756736,D,S,T,2024-03-25,1000000.00,4.227237,100.1328125
08:01:17,91282CKC4,TSRYS5756736,D,S,D,2024-03-25,2000000.00,4.246263,100.01953125
08:01:17,91282CKC4,TSRYS5756736,D,S,T,2024-03-25,1000000.00,4.22986,100.1171875
08:01:17,91282CKC4,TSRYS5756736,D,S,T,2024-03-25,1000000.00,4.22986,100.1171875
08:01:17,91282CKC4,TSRYS5756736,D,S,T,2024-03-25,1000000.00,4.22986,100.1171875
08:01:17,91282CKC4,TSRYS5756736,D,S,C,2024-03-25,1000000.00,4.24495,100.02734375
08:01:17,91282CKC4,TSRYS5756736,D,S,C,2024-03-25,1000000.00,4.24495,100.02734375
08:01:17,91282CKC4,TSRYS5756736,D,S,T,2024-03-25,3000000.00,4.22986,100.1171875
08:01:17,91282CKC4,TSRYS5756736,D,S,D,2024-03-25,1000000.00,4.22986,100.1171875
08:01:17,91282CKC4,TSRYS5756736,D,S,T,2024-03-25,1000000.00,4.22986,100.1171875
08:01:17,91282CKC4,TSRYS5756736,D,S,T,2024-03-25,1000000.00,4.22986,100.1171875
08:01:17,91282CKC4,TSRYS5756736,D,S,T,2024-03-25,1000000.00,4.22986,100.1171875
08:01:17,91282CKC4,TSRYS5756736,D,S,T,2024-03-25,1000000.00,4.22986,100.1171875
08:01:18,91282CKC4,TSRYS5756736,D,S,D,2024-03-25,2000000.00,4.211183,100.22851562
08:01:18,91282CKC4,TSRYS5756736,D,S,T,2024-03-25,1000000.00,4.228548,100.125
08:01:18,91282CKC4,TSRYS5756736,D,S,T,2024-03-25,1000000.00,4.22986,100.1171875
08:01:18,91282CKC4,TSRYS5756736,D,S,D,2024-03-25,1000000.00,4.22986,100.1171875
08:01:18,91282CKC4,TSRYS5756736,D,S,T,2024-03-25,1000000.00,4.22986,100.1171875
08:01:18,91282CKC4,TSRYS5756736,D,S,D,2024-03-25,1000000.00,4.22986,100.1171875
08:01:18,91282CKC4,TSRYS5756736,D,S,T,2024-03-25,1000000.00,4.22986,100.1171875
08:01:18,91282CKC4,TSRYS5756736,D,S,T,2024-03-25,1000000.00,4.22986,100.1171875
08:01:18,91282CKC4,TSRYS5756736,D,S,T,2024-03-25,1000000.00,4.22986,100.1171875
08:01:18,91282CKC4,TSRYS5756736,D,S,T,2024-03-25,1000000.00,4.22986,100.1171875
08:01:18,91282CKC4,TSRYS5756736,D,S,T,2024-03-25,1000000.00,4.22986,100.1171875
08:01:18,91282CKC4,TSRYS5756736,D,S,T,2024-03-25,2000000.00,4.22986,100.1171875
08:01:18,91282CKC4,TSRYS5756736,D,S,T,2024-03-25,1000000.00,4.22986,100.1171875
08:01:18,91282CKC4,TSRYS5756736,D,S,T,2024-03-25,1000000.00,4.22986,100.1171875
08:01:18,91282CKC4,TSRYS5756736,D,S,T,2024-03-25,1000000.00,4.22986,100.1171875
08:01:18,91282CKC4,TSRYS5756736,D,S,T,2024-03-25,1000000.00,4.22986,100.1171875
08:01:18,91282CKC4,TSRYS5756736,D,S,T,2024-03-25,1000000.00,4.22986,100.1171875
08:01:18,91282CKC4,TSRYS5756736,D,S,T,2024-03-25,1000000.00,4.22986,100.1171875
08:01:18,91282CKC4,TSRYS5756736,D,S,T,2024-03-25,1000000.00,4.22986,100.1171875
08:01:18,91282CKC4,TSRYS5756736,D,S,T,2024-03-25,1000000.00,4.22986,100.1171875
08:01:18,91282CKC4,TSRYS5756736,D,S,T,2024-03-25,1000000.00,4.22986,100.1171875
08:01:18,91282CKC4,TSRYS5756736,D,S,T,2024-03-25,1000000.00,4.22986,100.1171875
08:01:18,91282CKC4,TSRYS5756736,D,S,T,2024-03-25,1000000.00,4.22986,100.1171875
08:01:18,91282CKC4,TSRYS5756736,D,S,T,2024-03-25,2000000.00,4.22986,100.1171875
08:01:18,91282CKC4,TSRYS5756736,D,S,D,2024-03-25,1000000.00,4.22986,100.1171875
08:01:18,91282CKC4,TSRYS5756736,D,S,T,2024-03-25,1000000.00,4.22986,100.1171875
08:01:18,91282CKC4,TSRYS5756736,D,S,T,2024-03-25,1000000.00,4.22986,100.1171875
08:01:18,91282CKC4,TSRYS5756736,D,S,T,2024-03-25,1000000.00,4.22986,100.1171875
08:01:18,91282CKC4,TSRYS5756736,D,S,T,2024-03-25,3000000.00,4.22986,100.1171875
08:01:18,91282CKC4,TSRYS5756736,D,S,T,2024-03-25,1000000.00,4.22986,100.1171875
08:01:18,91282CKC4,TSRYS5756736,D,S,T,2024-03-25,1000000.00,4.22986,100.1171875
08:01:18,91282CKC4,TSRYS5756736,D,S,T,2024-03-25,3000000.00,4.22986,100.1171875
08:01:18,91282CKC4,TSRYS5756736,D,S,T,2024-03-25,1000000.00,4.22986,100.1171875
08:01:18,91282CKC4,TSRYS5756736,D,S,T,2024-03-25,1000000.00,4.22986,100.1171875
08:01:18,91282CKC4,TSRYS5756736,D,S,T,2024-03-25,1000000.00,4.22986,100.1171875
08:01:18,91282CKC4,TSRYS5756736,D,S,T,2024-03-25,1000000.00,4.22986,100.1171875
08:01:19,91282CKC4,TSRYS5756736,D,B,C,2024-03-25,1000000.00,4.234779,100.08789062
08:01:19,91282CKC4,TSRYS5756736,D,B,C,2024-03-25,1000000.00,4.209546,100.23828125
08:01:19,91282CKC4,TSRYS5756736,D,B,C,2024-03-25,1000000.00,4.209546,100.23828125
08:01:19,91282CKC4,TSRYS5756736,D,B,C,2024-03-25,1000000.00,4.234779,100.08789062
08:01:19,91282CKC4,TSRYS5756736,D,B,C,2024-03-25,5000000.00,4.234779,100.08789062
08:01:19,91282CKC4,TSRYS5756736,D,S,D,2024-03-25,1000000.00,4.210201,100.234375
08:01:19,91282CKC4,TSRYS5756736,D,S,D,2024-03-25,17000000.00,4.209914,100.23609
08:01:20,91282CKC4,TSRYS5756736,D,S,D,2024-03-25,1000000.00,4.194493,100.328125
08:01:20,91282CKC4,TSRYS5756736,D,B,C,2024-03-25,1000000.00,4.194493,100.328125
08:01:20,91282CKC4,TSRYS5756736,D,S,C,2024-03-25,1000000.00,4.194493,100.3283
08:01:20,91282CKC4,TSRYS5756736,D,B,C,2024-03-25,1000000.00,4.194493,100.328125
08:01:20,91282CKC4,TSRYS5756736,D,B,C,2024-03-25,2000000.00,4.198746,100.302734375
08:01:20,91282CKC4,TSRYS5756736,D,S,D,2024-03-25,2000000.00,4.198746,100.302734375
08:01:20,91282CKC4,TSRYS5756736,D,S,D,2024-03-25,1000000.00,4.199727,100.296875
08:01:20,91282CKC4,TSRYS5756736,D,S,D,2024-03-25,1000000.00,4.199727,100.296875
08:01:20,91282CKC4,TSRYS5756736,D,S,D,2024-03-25,1000000.00,4.204309,100.26953125
08:01:20,91282CKC4,TSRYS5756736,D,S,D,2024-03-25,1000000.00,4.204309,100.26953125
08:01:21,91282CKC4,TSRYS5756736,D,S,D,2024-03-25,1000000.00,4.204636,100.267578125
08:01:21,91282CKC4,TSRYS5756736,D,S,D,2024-03-25,1000000.00,4.204636,100.267578125
08:01:21,91282CKC4,TSRYS5756736,D,S,D,2024-03-25,6000000.00,4.204963,100.265625
08:01:21,91282CKC4,TSRYS5756736,D,S,C,2024-03-25,1000000.00,4.204963,100.265625
08:01:21,91282CKC4,TSRYS5756736,D,S,C,2024-03-25,1000000.00,4.204963,100.265625
08:01:21,91282CKC4,TSRYS5756736,D,B,C,2024-03-25,1000000.00,4.234779,100.08789062
08:01:21,91282CKC4,TSRYS5756736,D,B,C,2024-03-25,1000000.00,4.237075,100.07421875
08:01:21,91282CKC4,TSRYS5756736,D,S,C,2024-03-25,1000000.00,4.207582,100.25
08:01:21,91282CKC4,TSRYS5756736,D,S,D,2024-03-25,1000000.00,4.208237,100.24609375
08:01:22,91282CKC4,TSRYS5756736,D,S,D,2024-03-25,1000000.00,4.24495,100.02734375
08:01:22,91282CKC4,TSRYS5756736,D,S,C,2024-03-25,1000000.00,4.210201,100.234375
08:01:22,91282CKC4,TSRYS5756736,D,B,C,2024-03-25,1000000.00,4.210201,100.234175
08:01:22,91282CKC4,TSRYS5756736,D,S,C,2024-03-25,1000000.00,4.210201,100.23455
08:01:22,91282CKC4,TSRYS5756736,D,B,C,2024-03-25,1000000.00,4.210201,100.234175
08:01:22,91282CKC4,TSRYS5756736,D,S,C,2024-03-25,1000000.00,4.210201,100.234375
08:01:22,91282CKC4,TSRYS5756736,D,B,C,2024-03-25,1000000.00,4.210201,100.234175
08:01:22,91282CKC4,TSRYS5756736,D,S,D,2024-03-25,2000000.00,4.210856,100.23046875
08:01:22,91282CKC4,TSRYS5756736,D,S,D,2024-03-25,1000000.00,4.210856,100.23046875
08:01:22,91282CKC4,TSRYS5756736,D,S,D,2024-03-25,1000000.00,4.210856,100.23046875
08:01:23,91282CKC4,TSRYS5756736,D,B,C,2024-03-25,1000000.00,4.211511,100.2265625
08:01:23,91282CKC4,TSRYS5756736,D,S,D,2024-03-25,1000000.00,4.211511,100.2265625
08:01:23,91282CKC4,TSRYS5756736,D,S,D,2024-03-25,1000000.00,4.211511,100.2265625
08:01:24,91282CKC4,TSRYS5756736,D,S,D,2024-03-25,1000000.00,4.211183,100.228515625
08:01:24,91282CKC4,TSRYS5756736,D,B,C,2024-03-25,1000000.00,4.211183,100.228515625
08:01:24,91282CKC4,TSRYS5756736,D,S,T,2024-03-25,2000000.00,4.204653,100.267478125
08:01:24,91282CKC4,TSRYS5756736,D,S,T,2024-03-25,1000000.00,4.204653,100.267478125
08:01:24,91282CKC4,TSRYS5756736,D,S,T,2024-03-25,2000000.00,4.204653,100.267478125
08:01:24,91282CKC4,TSRYS5756736,D,S,T,2024-03-25,1000000.00,4.210218,100.234275
08:01:25,91282CKC4,TSRYS5756736,D,B,C,2024-03-25,1000000.00,4.213476,100.21484375
08:01:25,91282CKC4,TSRYS5756736,D,S,D,2024-03-25,1000000.00,4.213476,100.21484375
08:01:25,91282CKC4,TSRYS5756736,D,S,T,2024-03-25,2000000.00,4.21251,100.220603125
08:01:25,91282CKC4,TSRYS5756736,D,S,T,2024-03-25,1000000.00,4.208908,100.2420875
08:01:25,91282CKC4,TSRYS5756736,D,S,T,2024-03-25,1000000.00,4.208908,100.2420875
08:01:25,91282CKC4,TSRYS5756736,D,S,T,2024-03-25,1000000.00,4.208908,100.2420875
08:01:25,91282CKC4,TSRYS5756736,D,S,T,2024-03-25,1000000.00,4.208908,100.2420875
