tradeTime,cusip,issueSymbolIdentifier,priceType,reportingSideCode,contraPartyTypeCode,tradeDate,reportedTradeVolume,lastSaleYield,lastSalePrice
08:00:03,91282CKN0,TSRYS5793018,D,S,D,2024-05-14,2000000.00,4.497305,100.75390625
08:00:03,91282CKN0,TSRYS5793018,D,S,D,2024-05-14,1000000.00,4.497305,100.75390625
08:00:03,91282CKN0,TSRYS5793018,D,S,D,2024-05-14,1000000.00,4.497305,100.75390625
08:00:03,91282CKN0,TSRYS5793018,D,S,D,2024-05-14,1000000.00,4.497305,100.75390625
08:00:03,91282CKN0,TSRYS5793018,D,S,D,2024-05-14,2000000.00,4.497305,100.75390625
08:00:03,91282CKN0,TSRYS5793018,D,S,D,2024-05-14,1000000.00,4.497305,100.75390625
08:00:03,91282CKN0,TSRYS5793018,D,S,D,2024-05-14,1000000.00,4.497305,100.75390625
08:00:03,91282CKN0,TSRYS5793018,D,S,D,2024-05-14,1000000.00,4.497305,100.75390625
08:00:03,91282CKN0,TSRYS5793018,D,S,D,2024-05-14,1000000.00,4.497305,100.75390625
08:00:03,91282CKN0,TSRYS5793018,D,S,D,2024-05-14,1000000.00,4.49205,100.78515625
08:00:03,91282CKN0,TSRYS5793018,D,S,D,2024-05-14,1000000.00,4.49205,100.78515625
08:00:03,91282CKN0,TSRYS5793018,D,S,D,2024-05-14,1000000.00,4.49205,100.78515625
08:00:03,91282CKN0,TSRYS5793018,D,S,D,2024-05-14,1000000.00,4.49205,100.78515625
08:00:03,91282CKN0,TSRYS5793018,D,S,D,2024-05-14,1000000.00,4.49205,100.78515625
08:00:03,91282CKN0,TSRYS5793018,D,S,D,2024-05-14,1000000.00,4.49205,100.78515625
08:00:03,91282CKN0,TSRYS5793018,D,S,D,2024-05-14,1000000.00,4.49205,100.78515625
08:00:03,91282CKN0,TSRYS5793018,D,S,D,2024-05-14,1000000.00,4.49205,100.78515625
08:00:03,91282CKN0,TSRYS5793018,D,S,D,2024-05-14,1000000.00,4.49205,100.78515625
08:00:03,91282CKN0,TSRYS5793018,D,S,D,2024-05-14,1000000.00,4.49205,100.78515625
08:00:03,91282CKN0,TSRYS5793018,D,S,D,2024-05-14,1000000.00,4.49205,100.78515625
08:00:03,91282CKN0,TSRYS5793018,D,S,D,2024-05-14,1000000.00,4.49205,100.78515625
08:00:03,91282CKN0,TSRYS5793018,D,S,D,2024-05-14,1000000.00,4.492378,100.783203125
08:00:03,91282CKN0,TSRYS5793018,D,S,T,2024-05-14,2000000.00,4.489095,100.802734375
08:00:03,91282CKN0,TSRYS5793018,D,S,T,2024-05-14,4000000.00,4.489095,100.802734375
08:00:03,91282CKN0,TSRYS5793018,D,S,T,2024-05-14,4000000.00,4.489095,100.802734375
08:00:03,91282CKN0,TSRYS5793018,D,S,D,2024-05-14,1000000.00,4.487125,100.814453125
08:00:03,91282CKN0,TSRYS5793018,D,S,D,2024-05-14,1000000.00,4.487125,100.814453125
08:00:03,91282CKN0,TSRYS5793018,D,S,D,2024-05-14,1000000.00,4.487125,100.814453125
08:00:03,91282CKN0,TSRYS5793018,D,S,T,2024-05-14,1000000.00,4.487125,100.814453125
08:00:03,91282CKN0,TSRYS5793018,D,S,D,2024-05-14,1000000.00,4.487125,100.814453125
08:00:03,91282CKN0,TSRYS5793018,D,S,D,2024-05-14,3000000.00,4.478593,100.865234375
08:00:03,91282CKN0,TSRYS5793018,D,S,D,2024-05-14,2000000.00,4.478593,100.865234375
08:00:03,91282CKN0,TSRYS5793018,D,S,D,2024-05-14,1000000.00,4.478593,100.865234375
08:00:03,91282CKN0,TSRYS5793018,D,S,D,2024-05-14,4000000.00,4.478593,100.865234375
08:00:03,91282CKN0,TSRYS5793018,D,S,T,2024-05-14,1000000.00,4.483186,100.837890625
08:00:03,91282CKN0,TSRYS5793018,D,S,T,2024-05-14,2000000.00,4.483186,100.837890625
08:00:03,91282CKN0,TSRYS5793018,D,S,T,2024-05-14,2000000.00,4.483186,100.837890625
08:00:03,91282CKN0,TSRYS5793018,D,S,T,2024-05-14,2000000.00,4.480889,100.8515625
08:00:03,91282CKN0,TSRYS5793018,D,S,T,2024-05-14,2000000.00,4.481546,100.84765625
08:00:03,91282CKN0,TSRYS5793018,D,S,T,2024-05-14,4000000.00,4.481546,100.84765625
08:00:03,91282CKN0,TSRYS5793018,D,S,T,2024-05-14,2000000.00,4.483186,100.837890625
08:00:03,91282CKN0,TSRYS5793018,D,S,T,2024-05-14,1000000.00,4.481546,100.84765625
08:00:03,91282CKN0,TSRYS5793018,D,S,T,2024-05-14,2000000.00,4.483514,100.8359375
08:00:03,91282CKN0,TSRYS5793018,D,S,T,2024-05-14,1000000.00,4.483514,100.8359375
08:00:03,91282CKN0,TSRYS5793018,D,S,T,2024-05-14,2000000.00,4.483514,100.8359375
08:00:03,91282CKN0,TSRYS5793018,D,S,T,2024-05-14,3000000.00,4.483514,100.8359375
08:00:03,91282CKN0,TSRYS5793018,D,S,T,2024-05-14,2000000.00,4.483514,100.8359375
08:00:03,91282CKN0,TSRYS5793018,D,S,T,2024-05-14,1000000.00,4.483514,100.8359375
08:00:03,91282CKN0,TSRYS5793018,D,S,T,2024-05-14,3000000.00,4.483514,100.8359375
08:00:03,91282CKN0,TSRYS5793018,D,S,T,2024-05-14,2000000.00,4.483514,100.8359375
08:00:03,91282CKN0,TSRYS5793018,D,S,T,2024-05-14,1000000.00,4.483514,100.8359375
08:00:03,91282CKN0,TSRYS5793018,D,S,T,2024-05-14,2000000.00,4.483514,100.8359375
08:00:03,91282CKN0,TSRYS5793018,D,S,T,2024-05-14,3000000.00,4.483514,100.8359375
08:00:03,91282CKN0,TSRYS5793018,D,S,T,2024-05-14,2000000.00,4.483514,100.8359375
08:00:03,91282CKN0,TSRYS5793018,D,S,T,2024-05-14,1000000.00,4.483514,100.8359375
08:00:03,91282CKN0,TSRYS5793018,D,S,T,2024-05-14,2000000.00,4.483514,100.8359375
08:00:03,91282CKN0,TSRYS5793018,D,S,D,2024-05-14,3000000.00,4.483514,100.8359375
08:00:03,91282CKN0,TSRYS5793018,D,S,D,2024-05-14,3000000.00,4.483514,100.8359375
08:00:03,91282CKN0,TSRYS5793018,D,S,D,2024-05-14,1000000.00,4.483514,100.8359375
08:00:03,91282CKN0,TSRYS5793018,D,S,D,2024-05-14,2000000.00,4.483514,100.8359375
08:00:03,91282CKN0,TSRYS5793018,D,S,D,2024-05-14,3000000.00,4.483514,100.8359375
08:00:03,91282CKN0,TSRYS5793018,D,S,D,2024-05-14,1000000.00,4.483514,100.8359375
08:00:03,91282CKN0,TSRYS5793018,D,S,D,2024-05-14,2000000.00,4.483514,100.8359375
08:00:03,91282CKN0,TSRYS5793018,D,S,D,2024-05-14,2000000.00,4.483514,100.8359375
08:00:03,91282CKN0,TSRYS5793018,D,S,D,2024-05-14,1000000.00,4.483514,100.8359375
08:00:03,91282CKN0,TSRYS5793018,D,S,D,2024-05-14,1000000.00,4.483514,100.8359375
08:00:03,91282CKN0,TSRYS5793018,D,S,D,2024-05-14,2000000.00,4.483514,100.8359375
08:00:03,91282CKN0,TSRYS5793018,D,S,D,2024-05-14,2000000.00,4.483514,100.8359375
08:00:03,91282CKN0,TSRYS5793018,D,S,D,2024-05-14,2000000.00,4.483514,100.8359375
08:00:03,91282CKN0,TSRYS5793018,D,S,D,2024-05-14,2000000.00,4.483514,100.8359375
08:00:11,91282CKN0,TSRYS5793018,D,S,T,2024-05-14,1000000.00,4.491393,100.7890625
08:00:12,91282CKN0,TSRYS5793018,D,S,T,2024-05-14,1000000.00,4.49205,100.78515625
08:00:12,91282CKN0,TSRYS5793018,D,S,T,2024-05-14,1000000.00,4.491721,100.787109375
08:00:12,91282CKN0,TSRYS5793018,D,S,T,2024-05-14,1000000.00,4.491393,100.7890625
08:00:12,91282CKN0,TSRYS5793018,D,S,D,2024-05-14,1000000.00,4.49205,100.78515625
08:00:12,91282CKN0,TSRYS5793018,D,S,D,2024-05-14,1000000.00,4.49205,100.78515625
08:00:12,91282CKN0,TSRYS5793018,D,S,T,2024-05-14,1000000.00,4.48614,100.8203125
08:00:12,91282CKN0,TSRYS5793018,D,S,T,2024-05-14,1000000.00,4.480889,100.8515625
08:00:12,91282CKN0,TSRYS5793018,D,S,T,2024-05-14,1000000.00,4.476952,100.875
08:00:12,91282CKN0,TSRYS5793018,D,S,T,2024-05-14,1000000.00,4.476952,100.875
08:00:12,91282CKN0,TSRYS5793018,D,S,T,2024-05-14,1000000.00,4.476952,100.875
08:00:12,91282CKN0,TSRYS5793018,D,S,T,2024-05-14,1000000.00,4.476952,100.875
08:00:12,91282CKN0,TSRYS5793018,D,S,T,2024-05-14,1000000.00,4.481546,100.84765625
08:00:12,91282CKN0,TSRYS5793018,D,S,T,2024-05-14,1000000.00,4.481546,100.84765625
08:00:12,91282CKN0,TSRYS5793018,D,S,T,2024-05-14,1000000.00,4.484171,100.83203125
08:00:12,91282CKN0,TSRYS5793018,D,S,T,2024-05-14,1000000.00,4.484499,100.830078125
08:00:12,91282CKN0,TSRYS5793018,D,S,T,2024-05-14,1000000.00,4.484171,100.83203125
08:00:12,91282CKN0,TSRYS5793018,D,S,T,2024-05-14,1000000.00,4.484171,100.83203125
08:00:12,91282CKN0,TSRYS5793018,D,S,T,2024-05-14,1000000.00,4.484171,100.83203125
08:00:13,91282CKN0,TSRYS5793018,D,S,D,2024-05-14,1000000.00,4.495334,100.765625
08:00:13,91282CKN0,TSRYS5793018,D,S,D,2024-05-14,1000000.00,4.495334,100.765625
08:00:13,91282CKN0,TSRYS5793018,D,S,D,2024-05-14,2000000.00,4.495662,100.763671875
08:00:13,91282CKN0,TSRYS5793018,D,S,D,2024-05-14,1000000.00,4.495662,100.763671875
08:00:19,91282CKN0,TSRYS5793018,D,S,D,2024-05-14,1000000.00,4.496976,100.755859375
08:00:20,91282CKN0,TSRYS5793018,D,S,D,2024-05-14,1000000.00,4.492706,100.78125
08:00:20,91282CKN0,TSRYS5793018,D,S,D,2024-05-14,2000000.00,4.493692,100.775390625
08:00:20,91282CKN0,TSRYS5793018,D,S,D,2024-05-14,2000000.00,4.494677,100.76953125
08:00:20,91282CKN0,TSRYS5793018,D,S,D,2024-05-14,2000000.00,4.492378,100.783203125
08:00:20,91282CKN0,TSRYS5793018,D,S,D,2024-05-14,2000000.00,4.492706,100.78125
08:00:20,91282CKN0,TSRYS5793018,D,S,D,2024-05-14,2000000.00,4.49205,100.78515625
08:00:20,91282CKN0,TSRYS5793018,D,S,D,2024-05-14,2000000.00,4.492378,100.783203125
08:00:22,91282CKN0,TSRYS5793018,D,S,D,2024-05-14,2000000.00,4.487125,100.814453125
08:00:22,91282CKN0,TSRYS5793018,D,S,D,2024-05-14,1000000.00,4.487125,100.814453125
08:00:24,91282CKN0,TSRYS5793018,D,S,D,2024-05-14,1000000.00,4.482202,100.84375
08:00:24,91282CKN0,TSRYS5793018,D,S,D,2024-05-14,2000000.00,4.480233,100.85546875
08:00:26,91282CKN0,TSRYS5793018,D,B,A,2024-05-14,2000000.00,4.49008,100.796875
08:00:28,91282CKN0,TSRYS5793018,D,B,A,2024-05-14,2000000.00,4.49008,100.796875
08:00:30,91282CKN0,TSRYS5793018,D,S,D,2024-05-14,1000000.00,4.496976,100.755859375
08:00:30,91282CKN0,TSRYS5793018,D,S,D,2024-05-14,1000000.00,4.492378,100.783203125
08:00:30,91282CKN0,TSRYS5793018,D,S,D,2024-05-14,1000000.00,4.49205,100.78515625
08:00:30,91282CKN0,TSRYS5793018,D,S,D,2024-05-14,2000000.00,4.487125,100.814453125
08:00:30,91282CKN0,TSRYS5793018,D,S,D,2024-05-14,1000000.00,4.487125,100.814453125
08:00:30,91282CKN0,TSRYS5793018,D,S,D,2024-05-14,2000000.00,4.480233,100.85546875
08:00:33,91282CKN0,TSRYS5793018,D,S,D,2024-05-14,2000000.00,4.483186,100.837890625
08:00:33,91282CKN0,TSRYS5793018,D,S,D,2024-05-14,1000000.00,4.481874,100.845703125
08:00:33,91282CKN0,TSRYS5793018,D,S,D,2024-05-14,1000000.00,4.49205,100.78515625
08:00:33,91282CKN0,TSRYS5793018,D,S,D,2024-05-14,1000000.00,4.49205,100.78515625
08:00:33,91282CKN0,TSRYS5793018,D,S,D,2024-05-14,1000000.00,4.487125,100.814453125
08:00:33,91282CKN0,TSRYS5793018,D,S,D,2024-05-14,1000000.00,4.487453,100.8125
08:00:33,91282CKN0,TSRYS5793018,D,S,D,2024-05-14,1000000.00,4.487125,100.814453125
08:00:33,91282CKN0,TSRYS5793018,D,S,D,2024-05-14,1000000.00,4.487125,100.814453125
08:00:33,91282CKN0,TSRYS5793018,D,S,D,2024-05-14,1000000.00,4.487125,100.814453125
08:00:33,91282CKN0,TSRYS5793018,D,S,D,2024-05-14,1000000.00,4.478264,100.8671875
08:00:33,91282CKN0,TSRYS5793018,D,S,D,2024-05-14,1000000.00,4.478264,100.8671875
08:00:33,91282CKN0,TSRYS5793018,D,S,D,2024-05-14,1000000.00,4.478264,100.8671875
08:00:33,91282CKN0,TSRYS5793018,D,S,D,2024-05-14,1000000.00,4.479905,100.857421875
08:00:33,91282CKN0,TSRYS5793018,D,S,D,2024-05-14,1000000.00,4.479905,100.857421875
08:00:33,91282CKN0,TSRYS5793018,D,S,D,2024-05-14,1000000.00,4.481546,100.84765625
08:00:33,91282CKN0,TSRYS5793018,D,S,D,2024-05-14,4000000.00,4.482202,100.84375
08:00:33,91282CKN0,TSRYS5793018,D,S,D,2024-05-14,1000000.00,4.482202,100.84375
08:00:33,91282CKN0,TSRYS5793018,D,S,D,2024-05-14,1000000.00,4.482202,100.84375
08:00:33,91282CKN0,TSRYS5793018,D,S,D,2024-05-14,3000000.00,4.482202,100.84375
08:00:33,91282CKN0,TSRYS5793018,D,S,D,2024-05-14,1000000.00,4.485155,100.826171875
08:00:33,91282CKN0,TSRYS5793018,D,S,D,2024-05-14,1000000.00,4.482202,100.84375
08:00:33,91282CKN0,TSRYS5793018,D,S,D,2024-05-14,1000000.00,4.482202,100.84375
08:00:33,91282CKN0,TSRYS5793018,D,S,D,2024-05-14,1000000.00,4.482202,100.84375
08:00:33,91282CKN0,TSRYS5793018,D,S,D,2024-05-14,1000000.00,4.483186,100.837890625
08:00:33,91282CKN0,TSRYS5793018,D,S,D,2024-05-14,2000000.00,4.483514,100.8359375
08:00:34,91282CKN0,TSRYS5793018,D,S,T,2024-05-14,1000000.00,4.49205,100.78515625
08:00:34,91282CKN0,TSRYS5793018,D,S,D,2024-05-14,1000000.00,4.49008,100.796875
08:00:34,91282CKN0,TSRYS5793018,D,S,D,2024-05-14,1000000.00,4.487453,100.8125
08:00:34,91282CKN0,TSRYS5793018,D,S,T,2024-05-14,1000000.00,4.478264,100.8671875
08:00:34,91282CKN0,TSRYS5793018,D,S,T,2024-05-14,1000000.00,4.482858,100.83984375
08:00:34,91282CKN0,TSRYS5793018,D,S,T,2024-05-14,1000000.00,4.485155,100.826171875
08:00:34,91282CKN0,TSRYS5793018,D,S,T,2024-05-14,1000000.00,4.483186,100.837890625
08:00:34,91282CKN0,TSRYS5793018,D,S,T,2024-05-14,1000000.00,4.483186,100.837890625
08:00:34,91282CKN0,TSRYS5793018,D,S,T,2024-05-14,1000000.00,4.48253,100.841796875
08:00:34,91282CKN0,TSRYS5793018,D,S,T,2024-05-14,1000000.00,4.479577,100.859375
08:00:34,91282CKN0,TSRYS5793018,D,S,T,2024-05-14,1000000.00,4.481546,100.84765625
08:00:34,91282CKN0,TSRYS5793018,D,S,T,2024-05-14,1000000.00,4.481546,100.84765625
08:00:34,91282CKN0,TSRYS5793018,D,S,T,2024-05-14,1000000.00,4.481546,100.84765625
08:00:34,91282CKN0,TSRYS5793018,D,S,T,2024-05-14,2000000.00,4.481546,100.84765625
08:00:34,91282CKN0,TSRYS5793018,D,S,T,2024-05-14,2000000.00,4.481546,100.84765625
08:00:34,91282CKN0,TSRYS5793018,D,S,T,2024-05-14,4000000.00,4.48253,100.841796875
08:00:34,91282CKN0,TSRYS5793018,D,S,T,2024-05-14,2000000.00,4.480561,100.853515625
08:00:34,91282CKN0,TSRYS5793018,D,S,T,2024-05-14,1000000.00,4.480561,100.853515625
08:00:34,91282CKN0,TSRYS5793018,D,S,T,2024-05-14,1000000.00,4.481546,100.84765625
08:00:34,91282CKN0,TSRYS5793018,D,S,T,2024-05-14,1000000.00,4.489423,100.80078125
08:00:34,91282CKN0,TSRYS5793018,D,S,T,2024-05-14,1000000.00,4.49008,100.796875
08:00:34,91282CKN0,TSRYS5793018,D,S,T,2024-05-14,1000000.00,4.49205,100.78515625
08:00:34,91282CKN0,TSRYS5793018,D,S,T,2024-05-14,1000000.00,4.495334,100.765625
08:00:34,91282CKN0,TSRYS5793018,D,S,T,2024-05-14,1000000.00,4.495334,100.765625
08:00:34,91282CKN0,TSRYS5793018,D,S,T,2024-05-14,1000000.00,4.492706,100.78125
08:00:34,91282CKN0,TSRYS5793018,D,S,T,2024-05-14,1000000.00,4.492378,100.783203125
08:00:34,91282CKN0,TSRYS5793018,D,S,T,2024-05-14,1000000.00,4.492378,100.783203125
08:00:34,91282CKN0,TSRYS5793018,D,S,T,2024-05-14,1000000.00,4.49205,100.78515625
08:00:34,91282CKN0,TSRYS5793018,D,S,T,2024-05-14,2000000.00,4.492706,100.78125
08:00:34,91282CKN0,TSRYS5793018,D,S,D,2024-05-14,1000000.00,4.492706,100.78125
08:00:34,91282CKN0,TSRYS5793018,D,S,T,2024-05-14,1000000.00,4.493363,100.77734375
08:00:34,91282CKN0,TSRYS5793018,D,S,T,2024-05-14,2000000.00,4.49205,100.78515625
08:00:34,91282CKN0,TSRYS5793018,D,S,T,2024-05-14,1000000.00,4.492706,100.78125
08:00:34,91282CKN0,TSRYS5793018,D,S,T,2024-05-14,1000000.00,4.49008,100.796875
08:00:34,91282CKN0,TSRYS5793018,D,S,T,2024-05-14,2000000.00,4.49008,100.796875
08:00:34,91282CKN0,TSRYS5793018,D,S,T,2024-05-14,1000000.00,4.487453,100.8125
08:00:34,91282CKN0,TSRYS5793018,D,S,T,2024-05-14,1000000.00,4.487453,100.8125
08:00:34,91282CKN0,TSRYS5793018,D,S,T,2024-05-14,1000000.00,4.487453,100.8125
08:00:34,91282CKN0,TSRYS5793018,D,S,T,2024-05-14,1000000.00,4.487453,100.8125
08:00:34,91282CKN0,TSRYS5793018,D,S,T,2024-05-14,1000000.00,4.487453,100.8125
08:00:34,91282CKN0,TSRYS5793018,D,S,T,2024-05-14,1000000.00,4.487453,100.8125
08:00:34,91282CKN0,TSRYS5793018,D,S,T,2024-05-14,1000000.00,4.487453,100.8125
08:00:34,91282CKN0,TSRYS5793018,D,S,T,2024-05-14,1000000.00,4.487453,100.8125
08:00:34,91282CKN0,TSRYS5793018,D,S,T,2024-05-14,1000000.00,4.487453,100.8125
08:00:34,91282CKN0,TSRYS5793018,D,S,T,2024-05-14,1000000.00,4.487453,100.8125
08:00:34,91282CKN0,TSRYS5793018,D,S,T,2024-05-14,1000000.00,4.487453,100.8125
08:00:34,91282CKN0,TSRYS5793018,D,S,T,2024-05-14,1000000.00,4.487453,100.8125
08:00:34,91282CKN0,TSRYS5793018,D,S,T,2024-05-14,1000000.00,4.487453,100.8125
08:00:34,91282CKN0,TSRYS5793018,D,S,T,2024-05-14,1000000.00,4.487453,100.8125
08:00:34,91282CKN0,TSRYS5793018,D,S,T,2024-05-14,2000000.00,4.487453,100.8125
08:00:34,91282CKN0,TSRYS5793018,D,S,T,2024-05-14,2000000.00,4.487453,100.8125
08:00:34,91282CKN0,TSRYS5793018,D,S,T,2024-05-14,1000000.00,4.487453,100.8125
08:00:34,91282CKN0,TSRYS5793018,D,S,T,2024-05-14,1000000.00,4.487453,100.8125
08:00:34,91282CKN0,TSRYS5793018,D,S,T,2024-05-14,3000000.00,4.487453,100.8125
08:00:34,91282CKN0,TSRYS5793018,D,S,T,2024-05-14,1000000.00,4.487453,100.8125
08:00:34,91282CKN0,TSRYS5793018,D,S,T,2024-05-14,1000000.00,4.487453,100.8125
08:00:34,91282CKN0,TSRYS5793018,D,S,T,2024-05-14,1000000.00,4.487453,100.8125
08:00:34,91282CKN0,TSRYS5793018,D,S,T,2024-05-14,1000000.00,4.487453,100.8125
08:00:34,91282CKN0,TSRYS5793018,D,S,T,2024-05-14,1000000.00,4.487453,100.8125
08:00:34,91282CKN0,TSRYS5793018,D,S,T,2024-05-14,1000000.00,4.49008,100.796875
08:00:34,91282CKN0,TSRYS5793018,D,S,T,2024-05-14,1000000.00,4.487453,100.8125
08:00:34,91282CKN0,TSRYS5793018,D,S,T,2024-05-14,1000000.00,4.487453,100.8125
08:00:34,91282CKN0,TSRYS5793018,D,S,T,2024-05-14,1000000.00,4.487453,100.8125
08:00:34,91282CKN0,TSRYS5793018,D,S,T,2024-05-14,1000000.00,4.487453,100.8125
08:00:34,91282CKN0,TSRYS5793018,D,S,T,2024-05-14,1000000.00,4.487453,100.8125
08:00:34,91282CKN0,TSRYS5793018,D,S,T,2024-05-14,1000000.00,4.487453,100.8125
08:00:34,91282CKN0,TSRYS5793018,D,S,T,2024-05-14,1000000.00,4.484827,100.828125
08:00:34,91282CKN0,TSRYS5793018,D,S,T,2024-05-14,1000000.00,4.479577,100.859375
08:00:34,91282CKN0,TSRYS5793018,D,S,T,2024-05-14,1000000.00,4.479577,100.859375
08:00:34,91282CKN0,TSRYS5793018,D,S,T,2024-05-14,1000000.00,4.479577,100.859375
08:00:34,91282CKN0,TSRYS5793018,D,S,T,2024-05-14,1000000.00,4.479577,100.859375
08:00:34,91282CKN0,TSRYS5793018,D,S,T,2024-05-14,1000000.00,4.480233,100.85546875
08:00:34,91282CKN0,TSRYS5793018,D,S,T,2024-05-14,1000000.00,4.480889,100.8515625
08:00:34,91282CKN0,TSRYS5793018,D,S,T,2024-05-14,1000000.00,4.480889,100.8515625
08:00:34,91282CKN0,TSRYS5793018,D,S,T,2024-05-14,1000000.00,4.479577,100.859375
08:00:34,91282CKN0,TSRYS5793018,D,S,T,2024-05-14,1000000.00,4.479577,100.859375
08:00:34,91282CKN0,TSRYS5793018,D,S,T,2024-05-14,1000000.00,4.479577,100.859375
08:00:34,91282CKN0,TSRYS5793018,D,S,T,2024-05-14,1000000.00,4.479577,100.859375
08:00:34,91282CKN0,TSRYS5793018,D,S,T,2024-05-14,2000000.00,4.479577,100.859375
08:00:34,91282CKN0,TSRYS5793018,D,S,T,2024-05-14,1000000.00,4.479577,100.859375
08:00:34,91282CKN0,TSRYS5793018,D,S,T,2024-05-14,1000000.00,4.479577,100.859375
08:00:34,91282CKN0,TSRYS5793018,D,S,T,2024-05-14,1000000.00,4.476952,100.875
08:00:34,91282CKN0,TSRYS5793018,D,S,T,2024-05-14,1000000.00,4.476952,100.875
08:00:34,91282CKN0,TSRYS5793018,D,S,T,2024-05-14,1000000.00,4.476952,100.875
08:00:34,91282CKN0,TSRYS5793018,D,S,T,2024-05-14,1000000.00,4.476952,100.875
08:00:34,91282CKN0,TSRYS5793018,D,S,T,2024-05-14,1000000.00,4.476952,100.875
08:00:34,91282CKN0,TSRYS5793018,D,S,T,2024-05-14,1000000.00,4.476952,100.875
08:00:34,91282CKN0,TSRYS5793018,D,S,T,2024-05-14,1000000.00,4.476952,100.875
08:00:34,91282CKN0,TSRYS5793018,D,S,T,2024-05-14,1000000.00,4.476952,100.875
08:00:34,91282CKN0,TSRYS5793018,D,S,T,2024-05-14,1000000.00,4.476952,100.875
08:00:34,91282CKN0,TSRYS5793018,D,S,T,2024-05-14,1000000.00,4.476952,100.875
08:00:34,91282CKN0,TSRYS5793018,D,S,T,2024-05-14,1000000.00,4.476952,100.875
08:00:34,91282CKN0,TSRYS5793018,D,S,T,2024-05-14,1000000.00,4.476952,100.875
08:00:34,91282CKN0,TSRYS5793018,D,S,T,2024-05-14,1000000.00,4.476952,100.875
08:00:34,91282CKN0,TSRYS5793018,D,S,T,2024-05-14,1000000.00,4.479577,100.859375
08:00:34,91282CKN0,TSRYS5793018,D,S,T,2024-05-14,1000000.00,4.482202,100.84375
08:00:34,91282CKN0,TSRYS5793018,D,S,T,2024-05-14,1000000.00,4.482202,100.84375
08:00:34,91282CKN0,TSRYS5793018,D,S,T,2024-05-14,1000000.00,4.482202,100.84375
08:00:34,91282CKN0,TSRYS5793018,D,S,T,2024-05-14,1000000.00,4.482202,100.84375
08:00:34,91282CKN0,TSRYS5793018,D,S,T,2024-05-14,1000000.00,4.482202,100.84375
08:00:34,91282CKN0,TSRYS5793018,D,S,T,2024-05-14,1000000.00,4.484827,100.828125
08:00:34,91282CKN0,TSRYS5793018,D,S,T,2024-05-14,2000000.00,4.484827,100.828125
08:00:34,91282CKN0,TSRYS5793018,D,S,T,2024-05-14,1000000.00,4.485155,100.826171875
08:00:34,91282CKN0,TSRYS5793018,D,S,T,2024-05-14,2000000.00,4.480889,100.8515625
08:00:34,91282CKN0,TSRYS5793018,D,S,T,2024-05-14,1000000.00,4.479577,100.859375
08:00:34,91282CKN0,TSRYS5793018,D,S,T,2024-05-14,1000000.00,4.479577,100.859375
08:00:34,91282CKN0,TSRYS5793018,D,S,T,2024-05-14,1000000.00,4.479577,100.859375
08:00:34,91282CKN0,TSRYS5793018,D,S,T,2024-05-14,2000000.00,4.478264,100.8671875
08:00:34,91282CKN0,TSRYS5793018,D,S,T,2024-05-14,1000000.00,4.476952,100.875
08:00:34,91282CKN0,TSRYS5793018,D,S,T,2024-05-14,1000000.00,4.476952,100.875
08:00:34,91282CKN0,TSRYS5793018,D,S,T,2024-05-14,2000000.00,4.476952,100.875
08:00:34,91282CKN0,TSRYS5793018,D,S,T,2024-05-14,1000000.00,4.479577,100.859375
08:00:34,91282CKN0,TSRYS5793018,D,S,T,2024-05-14,1000000.00,4.481546,100.84765625
08:00:34,91282CKN0,TSRYS5793018,D,S,T,2024-05-14,1000000.00,4.481546,100.84765625
08:00:34,91282CKN0,TSRYS5793018,D,S,T,2024-05-14,1000000.00,4.481546,100.84765625
08:00:34,91282CKN0,TSRYS5793018,D,S,T,2024-05-14,1000000.00,4.481546,100.84765625
08:00:34,91282CKN0,TSRYS5793018,D,S,T,2024-05-14,1000000.00,4.482202,100.84375
08:00:34,91282CKN0,TSRYS5793018,D,S,T,2024-05-14,1000000.00,4.482202,100.84375
08:00:34,91282CKN0,TSRYS5793018,D,S,T,2024-05-14,1000000.00,4.482202,100.84375
08:00:34,91282CKN0,TSRYS5793018,D,S,T,2024-05-14,1000000.00,4.482202,100.84375
08:00:34,91282CKN0,TSRYS5793018,D,S,T,2024-05-14,1000000.00,4.482202,100.84375
08:00:34,91282CKN0,TSRYS5793018,D,S,T,2024-05-14,1000000.00,4.482202,100.84375
08:00:34,91282CKN0,TSRYS5793018,D,S,T,2024-05-14,1000000.00,4.482202,100.84375
08:00:34,91282CKN0,TSRYS5793018,D,S,T,2024-05-14,1000000.00,4.482202,100.84375
08:00:34,91282CKN0,TSRYS5793018,D,S,T,2024-05-14,1000000.00,4.482202,100.84375
08:00:34,91282CKN0,TSRYS5793018,D,S,T,2024-05-14,2000000.00,4.48253,100.841796875
08:00:34,91282CKN0,TSRYS5793018,D,S,T,2024-05-14,1000000.00,4.479577,100.859375
08:00:34,91282CKN0,TSRYS5793018,D,S,T,2024-05-14,1000000.00,4.479577,100.859375
08:00:34,91282CKN0,TSRYS5793018,D,S,T,2024-05-14,2000000.00,4.479577,100.859375
08:00:34,91282CKN0,TSRYS5793018,D,S,T,2024-05-14,2000000.00,4.479577,100.859375
08:00:34,91282CKN0,TSRYS5793018,D,S,T,2024-05-14,3000000.00,4.479577,100.859375
08:00:34,91282CKN0,TSRYS5793018,D,S,T,2024-05-14,1000000.00,4.479577,100.859375
08:00:34,91282CKN0,TSRYS5793018,D,S,T,2024-05-14,1000000.00,4.482202,100.84375
08:00:34,91282CKN0,TSRYS5793018,D,S,T,2024-05-14,1000000.00,4.482202,100.84375
08:00:34,91282CKN0,TSRYS5793018,D,S,T,2024-05-14,2000000.00,4.482202,100.84375
08:00:34,91282CKN0,TSRYS5793018,D,S,T,2024-05-14,1000000.00,4.483514,100.8359375
08:00:34,91282CKN0,TSRYS5793018,D,S,T,2024-05-14,1000000.00,4.484827,100.828125
08:00:34,91282CKN0,TSRYS5793018,D,S,T,2024-05-14,1000000.00,4.484827,100.828125
08:00:34,91282CKN0,TSRYS5793018,D,S,T,2024-05-14,1000000.00,4.484827,100.828125
08:00:34,91282CKN0,TSRYS5793018,D,S,T,2024-05-14,1000000.00,4.484827,100.828125
08:00:34,91282CKN0,TSRYS5793018,D,S,T,2024-05-14,1000000.00,4.485484,100.82421875
08:00:34,91282CKN0,TSRYS5793018,D,S,T,2024-05-14,1000000.00,4.484827,100.828125
08:00:34,91282CKN0,TSRYS5793018,D,S,T,2024-05-14,1000000.00,4.483186,100.837890625
08:00:34,91282CKN0,TSRYS5793018,D,S,T,2024-05-14,1000000.00,4.482202,100.84375
08:00:34,91282CKN0,TSRYS5793018,D,S,T,2024-05-14,1000000.00,4.482202,100.84375
08:00:34,91282CKN0,TSRYS5793018,D,S,T,2024-05-14,1000000.00,4.482202,100.84375
08:00:34,91282CKN0,TSRYS5793018,D,S,T,2024-05-14,1000000.00,4.482202,100.84375
08:00:34,91282CKN0,TSRYS5793018,D,S,T,2024-05-14,1000000.00,4.482202,100.84375
08:00:34,91282CKN0,TSRYS5793018,D,S,T,2024-05-14,1000000.00,4.482202,100.84375
08:00:34,91282CKN0,TSRYS5793018,D,S,T,2024-05-14,1000000.00,4.482202,100.84375
08:00:34,91282CKN0,TSRYS5793018,D,S,T,2024-05-14,1000000.00,4.484827,100.828125
08:00:34,91282CKN0,TSRYS5793018,D,S,A,2024-05-14,2000000.00,4.49008,100.796875
08:00:34,91282CKN0,TSRYS5793018,D,S,D,2024-05-14,1000000.00,4.482202,100.84375
08:00:37,91282CKN0,TSRYS5793018,D,S,D,2024-05-14,2311000.00,4.482858,100.83984375
08:00:37,91282CKN0,TSRYS5793018,D,S,D,2024-05-14,2000000.00,4.483186,100.837890625
08:00:37,91282CKN0,TSRYS5793018,D,S,A,2024-05-14,5000000.00,4.493427,100.77734375
08:00:37,91282CKN0,TSRYS5793018,D,S,C,2024-05-14,9600000.00,4.482858,100.83984375
08:00:37,91282CKN0,TSRYS5793018,D,S,T,2024-05-14,1000000.00,4.49008,100.796875
08:00:37,91282CKN0,TSRYS5793018,D,S,C,2024-05-14,2000000.00,4.49008,100.796875
08:00:37,91282CKN0,TSRYS5793018,D,S,T,2024-05-14,1000000.00,4.484827,100.828125
08:00:37,91282CKN0,TSRYS5793018,D,S,A,2024-05-14,1000000.00,4.479577,100.859375
08:00:37,91282CKN0,TSRYS5793018,D,S,C,2024-05-14,50400000.00,4.478921,100.86328125
08:00:38,91282CKN0,TSRYS5793018,D,B,C,2024-05-14,9500000.00,4.484171,100.83203125
08:00:38,91282CKN0,TSRYS5793018,D,S,T,2024-05-14,1000000.00,4.476952,100.875
08:00:38,91282CKN0,TSRYS5793018,D,S,T,2024-05-14,1000000.00,4.482202,100.84375
08:00:38,91282CKN0,TSRYS5793018,D,S,D,2024-05-14,2000000.00,4.482202,100.84375
08:00:41,91282CKN0,TSRYS5793018,D,S,D,2024-05-14,1000000.00,4.481874,100.845703125
08:00:45,91282CKN0,TSRYS5793018,D,S,T,2024-05-14,1000000.00,4.495334,100.765625
08:00:45,91282CKN0,TSRYS5793018,D,S,T,2024-05-14,1000000.00,4.492706,100.78125
08:00:45,91282CKN0,TSRYS5793018,D,S,T,2024-05-14,1000000.00,4.492706,100.78125
08:00:45,91282CKN0,TSRYS5793018,D,S,T,2024-05-14,1000000.00,4.49008,100.796875
08:00:45,91282CKN0,TSRYS5793018,D,S,T,2024-05-14,1000000.00,4.487453,100.8125
08:00:45,91282CKN0,TSRYS5793018,D,S,T,2024-05-14,1000000.00,4.482202,100.84375
08:00:45,91282CKN0,TSRYS5793018,D,S,T,2024-05-14,1000000.00,4.479577,100.859375
08:00:45,91282CKN0,TSRYS5793018,D,S,T,2024-05-14,1000000.00,4.479577,100.859375
08:00:45,91282CKN0,TSRYS5793018,D,S,T,2024-05-14,1000000.00,4.479577,100.859375
08:00:45,91282CKN0,TSRYS5793018,D,S,T,2024-05-14,1000000.00,4.476952,100.875
08:00:45,91282CKN0,TSRYS5793018,D,S,T,2024-05-14,1000000.00,4.476952,100.875
08:00:45,91282CKN0,TSRYS5793018,D,S,T,2024-05-14,1000000.00,4.476952,100.875
08:00:45,91282CKN0,TSRYS5793018,D,S,T,2024-05-14,1000000.00,4.476952,100.875
08:00:45,91282CKN0,TSRYS5793018,D,S,T,2024-05-14,1000000.00,4.482202,100.84375
08:00:45,91282CKN0,TSRYS5793018,D,S,T,2024-05-14,1000000.00,4.482202,100.84375
08:00:45,91282CKN0,TSRYS5793018,D,S,T,2024-05-14,1000000.00,4.482202,100.84375
08:00:45,91282CKN0,TSRYS5793018,D,S,T,2024-05-14,1000000.00,4.482202,100.84375
08:00:45,91282CKN0,TSRYS5793018,D,S,T,2024-05-14,1000000.00,4.482202,100.84375
08:00:45,91282CKN0,TSRYS5793018,D,S,T,2024-05-14,1000000.00,4.491393,100.7890625
08:00:45,91282CKN0,TSRYS5793018,D,S,T,2024-05-14,1000000.00,4.491393,100.7890625
08:00:45,91282CKN0,TSRYS5793018,D,S,T,2024-05-14,1000000.00,4.49205,100.78515625
08:00:45,91282CKN0,TSRYS5793018,D,S,T,2024-05-14,1000000.00,4.494677,100.76953125
08:00:45,91282CKN0,TSRYS5793018,D,S,T,2024-05-14,1000000.00,4.495005,100.767578125
08:00:45,91282CKN0,TSRYS5793018,D,S,T,2024-05-14,1000000.00,4.49205,100.78515625
08:00:45,91282CKN0,TSRYS5793018,D,S,T,2024-05-14,1000000.00,4.49205,100.78515625
08:00:45,91282CKN0,TSRYS5793018,D,S,T,2024-05-14,1000000.00,4.49205,100.78515625
08:00:45,91282CKN0,TSRYS5793018,D,S,T,2024-05-14,1000000.00,4.49205,100.78515625
08:00:45,91282CKN0,TSRYS5793018,D,S,T,2024-05-14,1000000.00,4.49205,100.78515625
08:00:45,91282CKN0,TSRYS5793018,D,S,T,2024-05-14,1000000.00,4.490736,100.79296875
08:00:45,91282CKN0,TSRYS5793018,D,S,T,2024-05-14,1000000.00,4.49008,100.796875
08:00:45,91282CKN0,TSRYS5793018,D,S,T,2024-05-14,1000000.00,4.49008,100.796875
08:00:45,91282CKN0,TSRYS5793018,D,S,T,2024-05-14,1000000.00,4.485484,100.82421875
08:00:45,91282CKN0,TSRYS5793018,D,S,T,2024-05-14,1000000.00,4.481874,100.845703125
08:00:45,91282CKN0,TSRYS5793018,D,S,T,2024-05-14,1000000.00,4.479577,100.859375
08:00:45,91282CKN0,TSRYS5793018,D,S,T,2024-05-14,1000000.00,4.479577,100.859375
08:00:45,91282CKN0,TSRYS5793018,D,S,T,2024-05-14,1000000.00,4.481546,100.84765625
08:00:45,91282CKN0,TSRYS5793018,D,S,T,2024-05-14,1000000.00,4.481546,100.84765625
08:00:45,91282CKN0,TSRYS5793018,D,S,T,2024-05-14,1000000.00,4.482202,100.84375
08:00:45,91282CKN0,TSRYS5793018,D,S,T,2024-05-14,1000000.00,4.480889,100.8515625
08:00:45,91282CKN0,TSRYS5793018,D,S,T,2024-05-14,1000000.00,4.480889,100.8515625
08:00:45,91282CKN0,TSRYS5793018,D,S,T,2024-05-14,1000000.00,4.482202,100.84375
08:00:47,91282CKN0,TSRYS5793018,D,S,D,2024-05-14,1000000.00,4.483309,100.83716
08:00:48,91282CKN0,TSRYS5793018,D,S,D,2024-05-14,2000000.00,4.485812,100.822265625
08:00:49,91282CKN0,TSRYS5793018,D,B,C,2024-05-14,2000000.00,4.481546,100.84765625
08:00:49,91282CKN0,TSRYS5793018,D,S,D,2024-05-14,2400000.00,4.483514,100.8359375
08:00:50,91282CKN0,TSRYS5793018,D,S,A,2024-05-14,2500000.00,4.4908,100.79296875
08:00:55,91282CKN0,TSRYS5793018,D,S,D,2024-05-14,1000000.00,4.482858,100.83984375
08:00:55,91282CKN0,TSRYS5793018,D,S,D,2024-05-14,1000000.00,4.482858,100.83984375
08:00:57,91282CKN0,TSRYS5793018,D,S,T,2024-05-14,1000000.00,4.482202,100.84375
08:00:57,91282CKN0,TSRYS5793018,D,S,D,2024-05-14,3000000.00,4.48253,100.841796875
08:00:57,91282CKN0,TSRYS5793018,D,S,D,2024-05-14,1000000.00,4.484499,100.830078125
08:00:57,91282CKN0,TSRYS5793018,D,S,D,2024-05-14,1000000.00,4.484499,100.830078125
08:00:58,91282CKN0,TSRYS5793018,D,B,A,2024-05-14,780000.00,4.480889,100.8515625
08:01:00,91282CKN0,TSRYS5793018,D,S,T,2024-05-14,1000000.00,4.479619,100.859125
08:01:01,91282CKN0,TSRYS5793018,D,S,T,2024-05-14,1000000.00,4.48224,100.843525
08:01:05,91282CKN0,TSRYS5793018,D,S,T,2024-05-14,1000000.00,4.495039,100.767378125
08:01:05,91282CKN0,TSRYS5793018,D,S,D,2024-05-14,1000000.00,4.495334,100.765625
08:01:05,91282CKN0,TSRYS5793018,D,S,T,2024-05-14,1000000.00,4.495334,100.765625
08:01:05,91282CKN0,TSRYS5793018,D,S,T,2024-05-14,1000000.00,4.495334,100.765625
08:01:05,91282CKN0,TSRYS5793018,D,S,T,2024-05-14,1000000.00,4.495368,100.765425
08:01:06,91282CKN0,TSRYS5793018,D,S,T,2024-05-14,1000000.00,4.495334,100.765625
08:01:06,91282CKN0,TSRYS5793018,D,S,D,2024-05-14,1000000.00,4.495334,100.765625
08:01:06,91282CKN0,TSRYS5793018,D,S,T,2024-05-14,2000000.00,4.495368,100.765425
08:01:06,91282CKN0,TSRYS5793018,D,S,T,2024-05-14,1000000.00,4.495368,100.765425
08:01:06,91282CKN0,TSRYS5793018,D,S,T,2024-05-14,1000000.00,4.495368,100.765425
08:01:06,91282CKN0,TSRYS5793018,D,S,T,2024-05-14,1000000.00,4.495368,100.765425
08:01:06,91282CKN0,TSRYS5793018,D,S,T,2024-05-14,2000000.00,4.495368,100.765425
08:01:06,91282CKN0,TSRYS5793018,D,S,T,2024-05-14,1000000.00,4.495368,100.765425
08:01:06,91282CKN0,TSRYS5793018,D,S,T,2024-05-14,1000000.00,4.495662,100.763671875
08:01:06,91282CKN0,TSRYS5793018,D,S,T,2024-05-14,1000000.00,4.495662,100.763671875
08:01:06,91282CKN0,TSRYS5793018,D,S,T,2024-05-14,1000000.00,4.495696,100.763471875
08:01:06,91282CKN0,TSRYS5793018,D,S,T,2024-05-14,1000000.00,4.495696,100.763471875
08:01:06,91282CKN0,TSRYS5793018,D,S,D,2024-05-14,1000000.00,4.495662,100.763671875
08:01:06,91282CKN0,TSRYS5793018,D,S,D,2024-05-14,2000000.00,4.495662,100.763671875
08:01:06,91282CKN0,TSRYS5793018,D,S,T,2024-05-14,1000000.00,4.496024,100.76151875
08:01:06,91282CKN0,TSRYS5793018,D,B,A,2024-05-14,7500000.00,4.48171,100.846679688
08:01:08,91282CKN0,TSRYS5793018,D,S,C,2024-05-14,960000.00,4.484827,100.828125
08:01:08,91282CKN0,TSRYS5793018,D,S,C,2024-05-14,1920000.00,4.482202,100.84375
08:01:09,91282CKN0,TSRYS5793018,D,S,C,2024-05-14,600000.00,4.484827,100.828125
08:01:10,91282CKN0,TSRYS5793018,D,S,C,2024-05-14,1000000.00,4.495334,100.765625
08:01:10,91282CKN0,TSRYS5793018,D,S,D,2024-05-14,1000000.00,4.493363,100.77734375
08:01:10,91282CKN0,TSRYS5793018,D,S,D,2024-05-14,2000000.00,4.493692,100.775390625
08:01:10,91282CKN0,TSRYS5793018,D,S,D,2024-05-14,2000000.00,4.493692,100.775390625
08:01:10,91282CKN0,TSRYS5793018,D,S,D,2024-05-14,3000000.00,4.494677,100.76953125
08:01:10,91282CKN0,TSRYS5793018,D,S,D,2024-05-14,2000000.00,4.494677,100.76953125
08:01:10,91282CKN0,TSRYS5793018,D,S,D,2024-05-14,1000000.00,4.492706,100.78125
08:01:10,91282CKN0,TSRYS5793018,D,S,D,2024-05-14,4000000.00,4.492378,100.783203125
08:01:10,91282CKN0,TSRYS5793018,D,S,D,2024-05-14,1000000.00,4.492378,100.783203125
08:01:10,91282CKN0,TSRYS5793018,D,S,D,2024-05-14,2000000.00,4.492378,100.783203125
08:01:10,91282CKN0,TSRYS5793018,D,S,D,2024-05-14,2000000.00,4.492706,100.78125
08:01:10,91282CKN0,TSRYS5793018,D,S,D,2024-05-14,1000000.00,4.492378,100.783203125
08:01:10,91282CKN0,TSRYS5793018,D,S,D,2024-05-14,2000000.00,4.492378,100.783203125
08:01:10,91282CKN0,TSRYS5793018,D,S,D,2024-05-14,1000000.00,4.492378,100.783203125
08:01:10,91282CKN0,TSRYS5793018,D,S,D,2024-05-14,2000000.00,4.49205,100.78515625
08:01:10,91282CKN0,TSRYS5793018,D,S,D,2024-05-14,4000000.00,4.492378,100.783203125
08:01:10,91282CKN0,TSRYS5793018,D,S,T,2024-05-14,1000000.00,4.492728,100.78112
08:01:11,91282CKN0,TSRYS5793018,D,S,T,2024-05-14,1000000.00,4.492723,100.78115
08:01:11,91282CKN0,TSRYS5793018,D,S,T,2024-05-14,1000000.00,4.492723,100.78115
08:01:11,91282CKN0,TSRYS5793018,D,S,T,2024-05-14,1000000.00,4.492723,100.78115
08:01:11,91282CKN0,TSRYS5793018,D,S,T,2024-05-14,1000000.00,4.492723,100.78115
08:01:11,91282CKN0,TSRYS5793018,D,S,T,2024-05-14,1000000.00,4.492723,100.78115
08:01:11,91282CKN0,TSRYS5793018,D,S,T,2024-05-14,1000000.00,4.492723,100.78115
08:01:11,91282CKN0,TSRYS5793018,D,S,T,2024-05-14,1000000.00,4.49338,100.77724375
08:01:11,91282CKN0,TSRYS5793018,D,S,T,2024-05-14,4000000.00,4.49338,100.77724375
08:01:11,91282CKN0,TSRYS5793018,D,S,T,2024-05-14,4000000.00,4.494694,100.76943125
08:01:11,91282CKN0,TSRYS5793018,D,S,T,2024-05-14,1000000.00,4.494694,100.76943125
08:01:11,91282CKN0,TSRYS5793018,D,S,T,2024-05-14,1000000.00,4.492067,100.78505625
08:01:11,91282CKN0,TSRYS5793018,D,S,T,2024-05-14,1000000.00,4.492395,100.783103125
08:01:11,91282CKN0,TSRYS5793018,D,S,T,2024-05-14,1000000.00,4.492395,100.783103125
08:01:11,91282CKN0,TSRYS5793018,D,S,T,2024-05-14,1000000.00,4.492395,100.783103125
08:01:11,91282CKN0,TSRYS5793018,D,S,T,2024-05-14,1000000.00,4.492395,100.783103125
08:01:11,91282CKN0,TSRYS5793018,D,S,T,2024-05-14,1000000.00,4.492067,100.78505625
08:01:11,91282CKN0,TSRYS5793018,D,S,T,2024-05-14,1000000.00,4.492395,100.783103125
08:01:11,91282CKN0,TSRYS5793018,D,S,T,2024-05-14,1000000.00,4.492395,100.783103125
08:01:11,91282CKN0,TSRYS5793018,D,S,T,2024-05-14,2000000.00,4.492395,100.783103125
08:01:11,91282CKN0,TSRYS5793018,D,S,T,2024-05-14,1000000.00,4.488438,100.806640625
08:01:11,91282CKN0,TSRYS5793018,D,S,T,2024-05-14,1000000.00,4.492067,100.78505625
08:01:11,91282CKN0,TSRYS5793018,D,S,T,2024-05-14,1000000.00,4.492067,100.78505625
08:01:11,91282CKN0,TSRYS5793018,D,S,T,2024-05-14,1000000.00,4.492395,100.783103125
08:01:11,91282CKN0,TSRYS5793018,D,S,T,2024-05-14,2000000.00,4.488766,100.8046875
08:01:11,91282CKN0,TSRYS5793018,D,S,T,2024-05-14,2000000.00,4.479594,100.859275
08:01:11,91282CKN0,TSRYS5793018,D,S,T,2024-05-14,2000000.00,4.479594,100.859275
08:01:11,91282CKN0,TSRYS5793018,D,S,D,2024-05-14,1000000.00,4.496976,100.755859375
08:01:11,91282CKN0,TSRYS5793018,D,S,T,2024-05-14,1000000.00,4.479594,100.859275
08:01:11,91282CKN0,TSRYS5793018,D,S,T,2024-05-14,1000000.00,4.479594,100.859275
08:01:11,91282CKN0,TSRYS5793018,D,S,T,2024-05-14,1000000.00,4.479594,100.859275
08:01:11,91282CKN0,TSRYS5793018,D,S,T,2024-05-14,1000000.00,4.479594,100.859275
08:01:11,91282CKN0,TSRYS5793018,D,S,T,2024-05-14,2000000.00,4.479594,100.859275
08:01:11,91282CKN0,TSRYS5793018,D,S,D,2024-05-14,1000000.00,4.492706,100.78125
08:01:11,91282CKN0,TSRYS5793018,D,S,T,2024-05-14,2000000.00,4.478281,100.8670875
08:01:11,91282CKN0,TSRYS5793018,D,S,D,2024-05-14,1000000.00,4.491393,100.7890625
08:01:11,91282CKN0,TSRYS5793018,D,S,T,2024-05-14,1000000.00,4.478281,100.8670875
08:01:11,91282CKN0,TSRYS5793018,D,S,T,2024-05-14,1000000.00,4.478281,100.8670875
08:01:11,91282CKN0,TSRYS5793018,D,B,C,2024-05-14,1000000.00,4.491393,100.7890625
08:01:11,91282CKN0,TSRYS5793018,D,S,T,2024-05-14,1000000.00,4.478281,100.8670875
08:01:11,91282CKN0,TSRYS5793018,D,B,C,2024-05-14,1000000.00,4.491721,100.787109375
08:01:11,91282CKN0,TSRYS5793018,D,S,D,2024-05-14,1000000.00,4.491721,100.787109375
08:01:11,91282CKN0,TSRYS5793018,D,S,D,2024-05-14,1000000.00,4.493363,100.77734375
08:01:11,91282CKN0,TSRYS5793018,D,S,D,2024-05-14,2000000.00,4.493692,100.775390625
08:01:11,91282CKN0,TSRYS5793018,D,S,D,2024-05-14,2000000.00,4.493692,100.775390625
08:01:11,91282CKN0,TSRYS5793018,D,S,C,2024-05-14,3000000.00,4.494677,100.76953125
08:01:11,91282CKN0,TSRYS5793018,D,S,D,2024-05-14,2000000.00,4.494677,100.76953125
08:01:11,91282CKN0,TSRYS5793018,D,S,C,2024-05-14,1000000.00,4.492706,100.78125
08:01:11,91282CKN0,TSRYS5793018,D,S,D,2024-05-14,4000000.00,4.492378,100.783203125
08:01:11,91282CKN0,TSRYS5793018,D,S,D,2024-05-14,2000000.00,4.492378,100.783203125
08:01:11,91282CKN0,TSRYS5793018,D,S,D,2024-05-14,2000000.00,4.492706,100.78125
08:01:11,91282CKN0,TSRYS5793018,D,S,C,2024-05-14,1000000.00,4.492378,100.783203125
08:01:12,91282CKN0,TSRYS5793018,D,B,C,2024-05-14,1000000.00,4.49205,100.78515625
08:01:12,91282CKN0,TSRYS5793018,D,S,D,2024-05-14,1000000.00,4.49205,100.78515625
08:01:12,91282CKN0,TSRYS5793018,D,B,C,2024-05-14,1000000.00,4.493692,100.775390625
08:01:12,91282CKN0,TSRYS5793018,D,S,C,2024-05-14,1000000.00,4.493692,100.775390625
08:01:12,91282CKN0,TSRYS5793018,D,B,C,2024-05-14,1000000.00,4.493692,100.775390625
08:01:12,91282CKN0,TSRYS5793018,D,S,C,2024-05-14,1000000.00,4.493692,100.775390625
08:01:12,91282CKN0,TSRYS5793018,D,S,D,2024-05-14,1000000.00,4.49402,100.7734375
08:01:12,91282CKN0,TSRYS5793018,D,B,C,2024-05-14,1000000.00,4.49402,100.7734375
08:01:12,91282CKN0,TSRYS5793018,D,S,T,2024-05-14,2000000.00,4.482219,100.84365
08:01:12,91282CKN0,TSRYS5793018,D,S,T,2024-05-14,2000000.00,4.480906,100.8514625
08:01:12,91282CKN0,TSRYS5793018,D,S,T,2024-05-14,2000000.00,4.480906,100.8514625
08:01:12,91282CKN0,TSRYS5793018,D,S,T,2024-05-14,2000000.00,4.480906,100.8514625
08:01:12,91282CKN0,TSRYS5793018,D,S,D,2024-05-14,1000000.00,4.492378,100.783203125
08:01:12,91282CKN0,TSRYS5793018,D,S,D,2024-05-14,2000000.00,4.492378,100.783203125
08:01:12,91282CKN0,TSRYS5793018,D,S,D,2024-05-14,4000000.00,4.492378,100.783203125
08:01:12,91282CKN0,TSRYS5793018,D,S,C,2024-05-14,1000000.00,4.492378,100.783203125
08:01:12,91282CKN0,TSRYS5793018,D,S,D,2024-05-14,2000000.00,4.49205,100.78515625
08:01:12,91282CKN0,TSRYS5793018,D,S,T,2024-05-14,1000000.00,4.483531,100.8358375
08:01:12,91282CKN0,TSRYS5793018,D,S,T,2024-05-14,1000000.00,4.483531,100.8358375
08:01:12,91282CKN0,TSRYS5793018,D,S,D,2024-05-14,1000000.00,4.49205,100.78515625
08:01:12,91282CKN0,TSRYS5793018,D,S,T,2024-05-14,1000000.00,4.483531,100.8358375
08:01:12,91282CKN0,TSRYS5793018,D,S,T,2024-05-14,1000000.00,4.483531,100.8358375
08:01:12,91282CKN0,TSRYS5793018,D,S,T,2024-05-14,1000000.00,4.483531,100.8358375
08:01:12,91282CKN0,TSRYS5793018,D,S,T,2024-05-14,1000000.00,4.483531,100.8358375
08:01:12,91282CKN0,TSRYS5793018,D,S,T,2024-05-14,1000000.00,4.483531,100.8358375
08:01:12,91282CKN0,TSRYS5793018,D,S,D,2024-05-14,1000000.00,4.49205,100.78515625
08:01:12,91282CKN0,TSRYS5793018,D,S,T,2024-05-14,1000000.00,4.482219,100.84365
08:01:12,91282CKN0,TSRYS5793018,D,B,C,2024-05-14,1000000.00,4.49205,100.78515625
08:01:12,91282CKN0,TSRYS5793018,D,S,T,2024-05-14,1000000.00,4.482219,100.84365
08:01:12,91282CKN0,TSRYS5793018,D,S,T,2024-05-14,1000000.00,4.480906,100.8514625
08:01:12,91282CKN0,TSRYS5793018,D,S,D,2024-05-14,1000000.00,4.492706,100.78125
08:01:12,91282CKN0,TSRYS5793018,D,B,C,2024-05-14,1000000.00,4.492706,100.78125
08:01:12,91282CKN0,TSRYS5793018,D,S,T,2024-05-14,1000000.00,4.480906,100.8514625
08:01:12,91282CKN0,TSRYS5793018,D,B,C,2024-05-14,1000000.00,4.49205,100.78515625
08:01:12,91282CKN0,TSRYS5793018,D,S,D,2024-05-14,1000000.00,4.49205,100.78515625
08:01:12,91282CKN0,TSRYS5793018,D,S,T,2024-05-14,1000000.00,4.479606,100.8592
08:01:12,91282CKN0,TSRYS5793018,D,S,C,2024-05-14,1000000.00,4.492378,100.783203125
08:01:12,91282CKN0,TSRYS5793018,D,S,T,2024-05-14,1000000.00,4.479606,100.8592
08:01:12,91282CKN0,TSRYS5793018,D,S,T,2024-05-14,1000000.00,4.479606,100.8592
08:01:12,91282CKN0,TSRYS5793018,D,S,T,2024-05-14,1000000.00,4.479606,100.8592
08:01:12,91282CKN0,TSRYS5793018,D,S,T,2024-05-14,1000000.00,4.478294,100.8670125
08:01:12,91282CKN0,TSRYS5793018,D,S,T,2024-05-14,1000000.00,4.478294,100.8670125
08:01:12,91282CKN0,TSRYS5793018,D,S,T,2024-05-14,1000000.00,4.478294,100.8670125
08:01:12,91282CKN0,TSRYS5793018,D,S,T,2024-05-14,2000000.00,4.482231,100.843575
08:01:12,91282CKN0,TSRYS5793018,D,S,T,2024-05-14,2000000.00,4.480919,100.8513875
08:01:12,91282CKN0,TSRYS5793018,D,S,T,2024-05-14,1000000.00,4.480919,100.8513875
08:01:12,91282CKN0,TSRYS5793018,D,S,D,2024-05-14,2000000.00,4.487125,100.814453125
08:01:12,91282CKN0,TSRYS5793018,D,S,D,2024-05-14,1000000.00,4.487125,100.814453125
08:01:13,91282CKN0,TSRYS5793018,D,S,T,2024-05-14,1000000.00,4.483544,100.8357625
08:01:13,91282CKN0,TSRYS5793018,D,S,T,2024-05-14,1000000.00,4.483544,100.8357625
08:01:13,91282CKN0,TSRYS5793018,D,S,T,2024-05-14,1000000.00,4.483544,100.8357625
08:01:13,91282CKN0,TSRYS5793018,D,S,T,2024-05-14,1000000.00,4.483544,100.8357625
08:01:13,91282CKN0,TSRYS5793018,D,S,T,2024-05-14,1000000.00,4.482231,100.843575
08:01:13,91282CKN0,TSRYS5793018,D,S,T,2024-05-14,1000000.00,4.480919,100.8513875
08:01:13,91282CKN0,TSRYS5793018,D,S,T,2024-05-14,1000000.00,4.480919,100.8513875
08:01:13,91282CKN0,TSRYS5793018,D,S,C,2024-05-14,1000000.00,4.480561,100.853515625
08:01:13,91282CKN0,TSRYS5793018,D,B,C,2024-05-14,1000000.00,4.480561,100.853515625
08:01:13,91282CKN0,TSRYS5793018,D,S,T,2024-05-14,1000000.00,4.492744,100.781025
08:01:13,91282CKN0,TSRYS5793018,D,S,C,2024-05-14,1000000.00,4.480561,100.853515625
08:01:13,91282CKN0,TSRYS5793018,D,B,C,2024-05-14,1000000.00,4.480561,100.853515625
08:01:13,91282CKN0,TSRYS5793018,D,B,C,2024-05-14,1000000.00,4.480561,100.853515625
08:01:13,91282CKN0,TSRYS5793018,D,S,D,2024-05-14,1000000.00,4.480561,100.853515625
08:01:13,91282CKN0,TSRYS5793018,D,B,C,2024-05-14,50000000.00,4.481652,100.847025
08:01:13,91282CKN0,TSRYS5793018,D,S,D,2024-05-14,2000000.00,4.480115,100.8561688
08:01:13,91282CKN0,TSRYS5793018,D,S,D,2024-05-14,2000000.00,4.480233,100.85546875
08:01:14,91282CKN0,TSRYS5793018,D,S,D,2024-05-14,1000000.00,4.479249,100.861328125
08:01:14,91282CKN0,TSRYS5793018,D,B,C,2024-05-14,1000000.00,4.479249,100.861328125
08:01:14,91282CKN0,TSRYS5793018,D,S,D,2024-05-14,2000000.00,4.478593,100.865234375
08:01:14,91282CKN0,TSRYS5793018,D,B,C,2024-05-14,2000000.00,4.478593,100.865234375
08:01:14,91282CKN0,TSRYS5793018,D,S,C,2024-05-14,1000000.00,4.47728,100.873046875
08:01:14,91282CKN0,TSRYS5793018,D,B,C,2024-05-14,1000000.00,4.47728,100.873046875
08:01:14,91282CKN0,TSRYS5793018,D,S,D,2024-05-14,1000000.00,4.476952,100.875
08:01:14,91282CKN0,TSRYS5793018,D,B,C,2024-05-14,1000000.00,4.476952,100.875
08:01:14,91282CKN0,TSRYS5793018,D,S,D,2024-05-14,1000000.00,4.476952,100.875
08:01:14,91282CKN0,TSRYS5793018,D,B,C,2024-05-14,1000000.00,4.476952,100.875
08:01:14,91282CKN0,TSRYS5793018,D,S,C,2024-05-14,1000000.00,4.476296,100.87890625
08:01:14,91282CKN0,TSRYS5793018,D,S,D,2024-05-14,1000000.00,4.482202,100.84375
08:01:15,91282CKN0,TSRYS5793018,D,S,C,2024-05-14,1000000.00,4.482858,100.83984375
08:01:15,91282CKN0,TSRYS5793018,D,B,C,2024-05-14,1000000.00,4.482858,100.83984375
08:01:15,91282CKN0,TSRYS5793018,D,S,C,2024-05-14,1000000.00,4.481546,100.84765625
08:01:15,91282CKN0,TSRYS5793018,D,B,C,2024-05-14,1000000.00,4.481546,100.84765625
08:01:15,91282CKN0,TSRYS5793018,D,S,C,2024-05-14,1000000.00,4.481217,100.849609375
08:01:15,91282CKN0,TSRYS5793018,D,B,C,2024-05-14,1000000.00,4.481217,100.849609375
08:01:15,91282CKN0,TSRYS5793018,D,S,D,2024-05-14,2000000.00,4.482202,100.84375
08:01:15,91282CKN0,TSRYS5793018,D,B,C,2024-05-14,2000000.00,4.482202,100.84375
08:01:15,91282CKN0,TSRYS5793018,D,S,C,2024-05-14,1000000.00,4.482202,100.84375
08:01:15,91282CKN0,TSRYS5793018,D,B,C,2024-05-14,1000000.00,4.482202,100.84375
08:01:15,91282CKN0,TSRYS5793018,D,S,D,2024-05-14,1000000.00,4.481874,100.845703125
08:01:15,91282CKN0,TSRYS5793018,D,S,D,2024-05-14,665000.00,4.478333,100.8671875
08:01:15,91282CKN0,TSRYS5793018,D,B,A,2024-05-14,665000.00,4.478333,100.8671875
08:01:16,91282CKN0,TSRYS5793018,D,S,A,2024-05-14,80000.00,4.480957,100.8515625
08:01:16,91282CKN0,TSRYS5793018,D,B,A,2024-05-14,500000.00,4.49402,100.7734375
08:01:16,91282CKN0,TSRYS5793018,D,S,A,2024-05-14,18900000.00,4.49008,100.796875
08:01:16,91282CKN0,TSRYS5793018,D,S,A,2024-05-14,75000.00,4.478333,100.8671875
08:01:16,91282CKN0,TSRYS5793018,D,B,A,2024-05-14,1910000.00,4.494083,100.7734375
08:01:16,91282CKN0,TSRYS5793018,D,S,D,2024-05-14,1910000.00,4.494083,100.7734375
08:01:18,91282CKN0,TSRYS5793018,D,S,D,2024-05-14,1000000.00,4.482202,100.84375
08:01:18,91282CKN0,TSRYS5793018,D,S,T,2024-05-14,1000000.00,4.492706,100.78125
08:01:18,91282CKN0,TSRYS5793018,D,S,T,2024-05-14,1000000.00,4.492706,100.78125
08:01:18,91282CKN0,TSRYS5793018,D,S,T,2024-05-14,1000000.00,4.492706,100.78125
08:01:18,91282CKN0,TSRYS5793018,D,S,T,2024-05-14,1000000.00,4.492706,100.78125
08:01:18,91282CKN0,TSRYS5793018,D,S,T,2024-05-14,1000000.00,4.492706,100.78125
08:01:18,91282CKN0,TSRYS5793018,D,S,T,2024-05-14,1000000.00,4.492706,100.78125
08:01:18,91282CKN0,TSRYS5793018,D,S,T,2024-05-14,1000000.00,4.492706,100.78125
08:01:18,91282CKN0,TSRYS5793018,D,S,T,2024-05-14,1000000.00,4.492706,100.78125
08:01:18,91282CKN0,TSRYS5793018,D,S,T,2024-05-14,1000000.00,4.492706,100.78125
08:01:18,91282CKN0,TSRYS5793018,D,S,T,2024-05-14,1000000.00,4.492706,100.78125
08:01:18,91282CKN0,TSRYS5793018,D,S,T,2024-05-14,1000000.00,4.492728,100.78112
08:01:18,91282CKN0,TSRYS5793018,D,S,T,2024-05-14,2000000.00,4.49008,100.796875
08:01:18,91282CKN0,TSRYS5793018,D,S,T,2024-05-14,2000000.00,4.49008,100.796875
08:01:18,91282CKN0,TSRYS5793018,D,S,T,2024-05-14,1000000.00,4.49008,100.796875
08:01:18,91282CKN0,TSRYS5793018,D,S,T,2024-05-14,1000000.00,4.49008,100.796875
08:01:18,91282CKN0,TSRYS5793018,D,S,T,2024-05-14,1000000.00,4.49008,100.796875
08:01:18,91282CKN0,TSRYS5793018,D,S,T,2024-05-14,1000000.00,4.492728,100.78112
08:01:18,91282CKN0,TSRYS5793018,D,S,T,2024-05-14,1000000.00,4.49008,100.796875
08:01:18,91282CKN0,TSRYS5793018,D,S,T,2024-05-14,1000000.00,4.49008,100.796875
08:01:18,91282CKN0,TSRYS5793018,D,S,T,2024-05-14,1000000.00,4.49008,100.796875
08:01:18,91282CKN0,TSRYS5793018,D,S,T,2024-05-14,1000000.00,4.492728,100.78112
08:01:18,91282CKN0,TSRYS5793018,D,S,T,2024-05-14,2000000.00,4.492728,100.78112
08:01:18,91282CKN0,TSRYS5793018,D,S,T,2024-05-14,1000000.00,4.492728,100.78112
08:01:18,91282CKN0,TSRYS5793018,D,S,T,2024-05-14,1000000.00,4.492728,100.78112
08:01:18,91282CKN0,TSRYS5793018,D,S,T,2024-05-14,1000000.00,4.492728,100.78112
08:01:18,91282CKN0,TSRYS5793018,D,B,C,2024-05-14,1000000.00,4.487125,100.81445312
08:01:18,91282CKN0,TSRYS5793018,D,B,C,2024-05-14,1000000.00,4.482202,100.84375
08:01:18,91282CKN0,TSRYS5793018,D,S,D,2024-05-14,2000000.00,4.482202,100.84375
08:01:18,91282CKN0,TSRYS5793018,D,S,D,2024-05-14,1000000.00,4.482202,100.84375
08:01:18,91282CKN0,TSRYS5793018,D,B,C,2024-05-14,2000000.00,4.482202,100.84375
08:01:18,91282CKN0,TSRYS5793018,D,B,C,2024-05-14,1000000.00,4.482202,100.84375
08:01:18,91282CKN0,TSRYS5793018,D,S,D,2024-05-14,1000000.00,4.482202,100.84375
08:01:18,91282CKN0,TSRYS5793018,D,B,C,2024-05-14,1000000.00,4.482202,100.84375
08:01:18,91282CKN0,TSRYS5793018,D,S,D,2024-05-14,1000000.00,4.482202,100.84375
08:01:18,91282CKN0,TSRYS5793018,D,B,C,2024-05-14,1000000.00,4.482202,100.84375
08:01:18,91282CKN0,TSRYS5793018,D,B,C,2024-05-14,1000000.00,4.481874,100.845703125
08:01:18,91282CKN0,TSRYS5793018,D,S,C,2024-05-14,1000000.00,4.481874,100.845703125
08:01:18,91282CKN0,TSRYS5793018,D,S,D,2024-05-14,3000000.00,4.48253,100.841796875
08:01:19,91282CKN0,TSRYS5793018,D,B,C,2024-05-14,1000000.00,4.483514,100.8359375
08:01:19,91282CKN0,TSRYS5793018,D,S,D,2024-05-14,1000000.00,4.483514,100.8359375
08:01:19,91282CKN0,TSRYS5793018,D,B,C,2024-05-14,1000000.00,4.483514,100.8359375
08:01:19,91282CKN0,TSRYS5793018,D,S,D,2024-05-14,1000000.00,4.483514,100.8359375
08:01:19,91282CKN0,TSRYS5793018,D,S,C,2024-05-14,1000000.00,4.484499,100.830078125
08:01:19,91282CKN0,TSRYS5793018,D,B,C,2024-05-14,1000000.00,4.484499,100.830078125
08:01:19,91282CKN0,TSRYS5793018,D,S,C,2024-05-14,1000000.00,4.484499,100.830078125
08:01:19,91282CKN0,TSRYS5793018,D,B,C,2024-05-14,1000000.00,4.484499,100.830078125
08:01:19,91282CKN0,TSRYS5793018,D,S,D,2024-05-14,1000000.00,4.484499,100.830078125
08:01:19,91282CKN0,TSRYS5793018,D,S,T,2024-05-14,1000000.00,4.492728,100.78112
08:01:19,91282CKN0,TSRYS5793018,D,B,C,2024-05-14,1000000.00,4.484499,100.830078125
08:01:19,91282CKN0,TSRYS5793018,D,S,D,2024-05-14,1000000.00,4.484171,100.83203125
08:01:19,91282CKN0,TSRYS5793018,D,B,C,2024-05-14,1000000.00,4.484171,100.83203125
08:01:19,91282CKN0,TSRYS5793018,D,S,D,2024-05-14,1000000.00,4.491393,100.7890625
08:01:19,91282CKN0,TSRYS5793018,D,S,C,2024-05-14,1000000.00,4.484499,100.830078125
08:01:19,91282CKN0,TSRYS5793018,D,B,C,2024-05-14,1000000.00,4.484499,100.830078125
08:01:19,91282CKN0,TSRYS5793018,D,S,D,2024-05-14,1000000.00,4.484499,100.830078125
08:01:19,91282CKN0,TSRYS5793018,D,B,C,2024-05-14,1000000.00,4.484499,100.830078125
08:01:19,91282CKN0,TSRYS5793018,D,S,D,2024-05-14,2000000.00,4.484171,100.83203125
08:01:19,91282CKN0,TSRYS5793018,D,S,T,2024-05-14,1000000.00,4.492728,100.78112
08:01:19,91282CKN0,TSRYS5793018,D,B,C,2024-05-14,2000000.00,4.484171,100.83203125
08:01:19,91282CKN0,TSRYS5793018,D,B,C,2024-05-14,1000000.00,4.487125,100.81445312
08:01:19,91282CKN0,TSRYS5793018,D,S,T,2024-05-14,1000000.00,4.492728,100.78112
08:01:19,91282CKN0,TSRYS5793018,D,S,D,2024-05-14,2400000.00,4.482858,100.83984375
08:01:19,91282CKN0,TSRYS5793018,D,S,C,2024-05-14,1000000.00,4.482858,100.83984375
08:01:20,91282CKN0,TSRYS5793018,D,S,D,2024-05-14,1000000.00,4.484499,100.830078125
08:01:20,91282CKN0,TSRYS5793018,D,S,D,2024-05-14,1000000.00,4.484499,100.830078125
08:01:20,91282CKN0,TSRYS5793018,D,S,T,2024-05-14,1000000.00,4.479615,100.85915
08:01:20,91282CKN0,TSRYS5793018,D,S,T,2024-05-14,1000000.00,4.479615,100.85915
08:01:20,91282CKN0,TSRYS5793018,D,S,T,2024-05-14,1000000.00,4.479615,100.85915
08:01:20,91282CKN0,TSRYS5793018,D,S,T,2024-05-14,1000000.00,4.479615,100.85915
08:01:20,91282CKN0,TSRYS5793018,D,S,T,2024-05-14,1000000.00,4.479615,100.85915
08:01:20,91282CKN0,TSRYS5793018,D,S,T,2024-05-14,2000000.00,4.479615,100.85915
08:01:20,91282CKN0,TSRYS5793018,D,S,T,2024-05-14,1000000.00,4.479615,100.85915
08:01:20,91282CKN0,TSRYS5793018,D,S,T,2024-05-14,1000000.00,4.479615,100.85915
08:01:20,91282CKN0,TSRYS5793018,D,S,T,2024-05-14,1000000.00,4.479615,100.85915
08:01:20,91282CKN0,TSRYS5793018,D,S,T,2024-05-14,1000000.00,4.479615,100.85915
08:01:20,91282CKN0,TSRYS5793018,D,S,T,2024-05-14,1000000.00,4.479615,100.85915
08:01:20,91282CKN0,TSRYS5793018,D,S,T,2024-05-14,1000000.00,4.479615,100.85915
08:01:20,91282CKN0,TSRYS5793018,D,S,T,2024-05-14,1000000.00,4.479615,100.85915
08:01:20,91282CKN0,TSRYS5793018,D,S,T,2024-05-14,1000000.00,4.479615,100.85915
08:01:20,91282CKN0,TSRYS5793018,D,S,T,2024-05-14,1000000.00,4.479615,100.85915
08:01:20,91282CKN0,TSRYS5793018,D,S,T,2024-05-14,2000000.00,4.479615,100.85915
08:01:20,91282CKN0,TSRYS5793018,D,S,T,2024-05-14,1000000.00,4.479615,100.85915
08:01:20,91282CKN0,TSRYS5793018,D,S,T,2024-05-14,1000000.00,4.48224,100.843525
08:01:20,91282CKN0,TSRYS5793018,D,S,T,2024-05-14,1000000.00,4.48224,100.843525
08:01:20,91282CKN0,TSRYS5793018,D,S,T,2024-05-14,1000000.00,4.48224,100.843525
08:01:20,91282CKN0,TSRYS5793018,D,S,T,2024-05-14,3000000.00,4.48224,100.843525
08:01:20,91282CKN0,TSRYS5793018,D,S,T,2024-05-14,2000000.00,4.48224,100.843525
08:01:20,91282CKN0,TSRYS5793018,D,S,T,2024-05-14,1000000.00,4.48224,100.843525
08:01:20,91282CKN0,TSRYS5793018,D,S,T,2024-05-14,1000000.00,4.48224,100.843525
08:01:20,91282CKN0,TSRYS5793018,D,S,T,2024-05-14,1000000.00,4.48224,100.843525
08:01:20,91282CKN0,TSRYS5793018,D,S,T,2024-05-14,1000000.00,4.48224,100.843525
08:01:20,91282CKN0,TSRYS5793018,D,S,T,2024-05-14,1000000.00,4.48224,100.843525
08:01:20,91282CKN0,TSRYS5793018,D,S,T,2024-05-14,1000000.00,4.48224,100.843525
08:01:20,91282CKN0,TSRYS5793018,D,S,T,2024-05-14,1000000.00,4.48224,100.843525
08:01:20,91282CKN0,TSRYS5793018,D,S,T,2024-05-14,1000000.00,4.492706,100.78125
08:01:20,91282CKN0,TSRYS5793018,D,S,T,2024-05-14,2000000.00,4.492378,100.783203125
08:01:20,91282CKN0,TSRYS5793018,D,S,T,2024-05-14,1000000.00,4.492378,100.783203125
08:01:20,91282CKN0,TSRYS5793018,D,S,T,2024-05-14,2000000.00,4.492378,100.783203125
08:01:20,91282CKN0,TSRYS5793018,D,S,T,2024-05-14,2000000.00,4.49205,100.78515625
08:01:20,91282CKN0,TSRYS5793018,D,S,T,2024-05-14,2000000.00,4.49205,100.78515625
08:01:20,91282CKN0,TSRYS5793018,D,S,T,2024-05-14,1000000.00,4.479577,100.859375
08:01:21,91282CKN0,TSRYS5793018,D,S,T,2024-05-14,1000000.00,4.483514,100.8359375
08:01:22,91282CKN0,TSRYS5793018,D,S,D,2024-05-14,1000000.00,4.495334,100.765625
08:01:22,91282CKN0,TSRYS5793018,D,S,D,2024-05-14,1000000.00,4.495334,100.765625
08:01:22,91282CKN0,TSRYS5793018,D,S,D,2024-05-14,1000000.00,4.495334,100.765625
08:01:22,91282CKN0,TSRYS5793018,D,S,D,2024-05-14,1000000.00,4.495662,100.763671875
08:01:22,91282CKN0,TSRYS5793018,D,S,D,2024-05-14,1000000.00,4.495662,100.763671875
08:01:22,91282CKN0,TSRYS5793018,D,S,T,2024-05-14,3000000.00,4.479577,100.859375
08:01:22,91282CKN0,TSRYS5793018,D,S,T,2024-05-14,1000000.00,4.479577,100.859375
08:01:22,91282CKN0,TSRYS5793018,D,S,T,2024-05-14,1000000.00,4.479577,100.859375
08:01:23,91282CKN0,TSRYS5793018,D,B,C,2024-05-14,1000000.00,4.49205,100.78515625
08:01:23,91282CKN0,TSRYS5793018,D,B,C,2024-05-14,1000000.00,4.49205,100.78515625
08:01:23,91282CKN0,TSRYS5793018,D,B,C,2024-05-14,1000000.00,4.49205,100.78515625
08:01:23,91282CKN0,TSRYS5793018,D,B,C,2024-05-14,1000000.00,4.49205,100.78515625
08:01:23,91282CKN0,TSRYS5793018,D,B,C,2024-05-14,1000000.00,4.49205,100.78515625
08:01:23,91282CKN0,TSRYS5793018,D,B,C,2024-05-14,1000000.00,4.49205,100.78515625
08:01:23,91282CKN0,TSRYS5793018,D,B,C,2024-05-14,1000000.00,4.49205,100.78515625
08:01:23,91282CKN0,TSRYS5793018,D,B,C,2024-05-14,1000000.00,4.49205,100.78515625
08:01:23,91282CKN0,TSRYS5793018,D,B,C,2024-05-14,1000000.00,4.49205,100.78515625
08:01:23,91282CKN0,TSRYS5793018,D,B,C,2024-05-14,1000000.00,4.49205,100.78515625
08:01:23,91282CKN0,TSRYS5793018,D,B,C,2024-05-14,1000000.00,4.49205,100.78515625
08:01:23,91282CKN0,TSRYS5793018,D,B,C,2024-05-14,1000000.00,4.49205,100.78515625
08:01:23,91282CKN0,TSRYS5793018,D,B,C,2024-05-14,1000000.00,4.49205,100.78515625
08:01:23,91282CKN0,TSRYS5793018,D,S,A,2024-05-14,37600000.00,4.480889,100.8515625
08:01:24,91282CKN0,TSRYS5793018,D,B,C,2024-05-14,1000000.00,4.49205,100.78515625
08:01:24,91282CKN0,TSRYS5793018,D,B,C,2024-05-14,1000000.00,4.49205,100.78515625
08:01:24,91282CKN0,TSRYS5793018,D,B,C,2024-05-14,1000000.00,4.49205,100.78515625
08:01:24,91282CKN0,TSRYS5793018,D,B,C,2024-05-14,1000000.00,4.49205,100.78515625
08:01:24,91282CKN0,TSRYS5793018,D,B,C,2024-05-14,1000000.00,4.49205,100.78515625
08:01:24,91282CKN0,TSRYS5793018,D,B,C,2024-05-14,1000000.00,4.49205,100.78515625
08:01:24,91282CKN0,TSRYS5793018,D,B,C,2024-05-14,1000000.00,4.49205,100.78515625
08:01:24,91282CKN0,TSRYS5793018,D,B,C,2024-05-14,1000000.00,4.49205,100.78515625
08:01:24,91282CKN0,TSRYS5793018,D,B,C,2024-05-14,1000000.00,4.49205,100.78515625
08:01:24,91282CKN0,TSRYS5793018,D,S,D,2024-05-14,42000000.00,4.476786,100.87599
08:01:24,91282CKN0,TSRYS5793018,D,B,C,2024-05-14,1000000.00,4.49205,100.78515625
08:01:25,91282CKN0,TSRYS5793018,D,B,C,2024-05-14,1000000.00,4.49205,100.78515625
08:01:25,91282CKN0,TSRYS5793018,D,B,C,2024-05-14,1000000.00,4.49205,100.78515625
08:01:25,91282CKN0,TSRYS5793018,D,B,C,2024-05-14,1000000.00,4.49205,100.78515625
08:01:25,91282CKN0,TSRYS5793018,D,S,D,2024-05-14,14000000.00,4.487453,100.8125
08:01:25,91282CKN0,TSRYS5793018,D,S,T,2024-05-14,1000000.00,4.48747,100.8124
08:01:25,91282CKN0,TSRYS5793018,D,S,T,2024-05-14,1000000.00,4.48747,100.8124
08:01:25,91282CKN0,TSRYS5793018,D,S,T,2024-05-14,2000000.00,4.48747,100.8124
08:01:25,91282CKN0,TSRYS5793018,D,S,T,2024-05-14,1000000.00,4.48747,100.8124
08:01:25,91282CKN0,TSRYS5793018,D,S,T,2024-05-14,2000000.00,4.48747,100.8124
08:01:25,91282CKN0,TSRYS5793018,D,S,T,2024-05-14,2000000.00,4.48747,100.8124
08:01:25,91282CKN0,TSRYS5793018,D,S,T,2024-05-14,1000000.00,4.48747,100.8124
08:01:25,91282CKN0,TSRYS5793018,D,S,T,2024-05-14,2000000.00,4.486157,100.8202125
08:01:25,91282CKN0,TSRYS5793018,D,B,C,2024-05-14,1000000.00,4.49205,100.78515625
08:01:25,91282CKN0,TSRYS5793018,D,B,C,2024-05-14,1000000.00,4.49205,100.78515625
08:01:25,91282CKN0,TSRYS5793018,D,S,T,2024-05-14,2000000.00,4.486485,100.818259375
08:01:25,91282CKN0,TSRYS5793018,D,S,T,2024-05-14,1000000.00,4.486485,100.818259375
08:01:25,91282CKN0,TSRYS5793018,D,B,C,2024-05-14,1000000.00,4.49205,100.78515625
08:01:25,91282CKN0,TSRYS5793018,D,S,T,2024-05-14,2000000.00,4.486485,100.818259375
08:01:25,91282CKN0,TSRYS5793018,D,S,T,2024-05-14,1000000.00,4.486485,100.818259375
08:01:25,91282CKN0,TSRYS5793018,D,B,C,2024-05-14,1000000.00,4.49205,100.78515625
08:01:25,91282CKN0,TSRYS5793018,D,S,T,2024-05-14,2000000.00,4.486813,100.81630625
08:01:25,91282CKN0,TSRYS5793018,D,S,T,2024-05-14,1000000.00,4.486813,100.81630625
08:01:25,91282CKN0,TSRYS5793018,D,S,T,2024-05-14,1000000.00,4.486813,100.81630625
08:01:25,91282CKN0,TSRYS5793018,D,S,T,2024-05-14,1000000.00,4.486813,100.81630625
08:01:25,91282CKN0,TSRYS5793018,D,S,T,2024-05-14,2000000.00,4.486813,100.81630625
08:01:25,91282CKN0,TSRYS5793018,D,B,A,2024-05-14,94000000.00,4.482202,100.84375
08:01:25,91282CKN0,TSRYS5793018,D,S,T,2024-05-14,1000000.00,4.486813,100.81630625
08:01:25,91282CKN0,TSRYS5793018,D,S,T,2024-05-14,1000000.00,4.486813,100.81630625
08:01:26,91282CKN0,TSRYS5793018,D,S,T,2024-05-14,2000000.00,4.487142,100.814353125
08:01:26,91282CKN0,TSRYS5793018,D,S,T,2024-05-14,1000000.00,4.487142,100.814353125
08:01:26,91282CKN0,TSRYS5793018,D,S,T,2024-05-14,3000000.00,4.487142,100.814353125
08:01:26,91282CKN0,TSRYS5793018,D,S,T,2024-05-14,2000000.00,4.487142,100.814353125
08:01:26,91282CKN0,TSRYS5793018,D,S,T,2024-05-14,2000000.00,4.487142,100.814353125
08:01:26,91282CKN0,TSRYS5793018,D,S,T,2024-05-14,2000000.00,4.48747,100.8124
08:01:26,91282CKN0,TSRYS5793018,D,S,T,2024-05-14,1000000.00,4.48747,100.8124
08:01:26,91282CKN0,TSRYS5793018,D,S,T,2024-05-14,1000000.00,4.48747,100.8124
08:01:26,91282CKN0,TSRYS5793018,D,S,T,2024-05-14,2000000.00,4.48747,100.8124
08:01:26,91282CKN0,TSRYS5793018,D,S,T,2024-05-14,1000000.00,4.48747,100.8124
08:01:26,91282CKN0,TSRYS5793018,D,S,T,2024-05-14,3000000.00,4.48747,100.8124
08:01:26,91282CKN0,TSRYS5793018,D,S,T,2024-05-14,1000000.00,4.48747,100.8124
08:01:26,91282CKN0,TSRYS5793018,D,S,T,2024-05-14,1000000.00,4.48747,100.8124
08:01:26,91282CKN0,TSRYS5793018,D,S,T,2024-05-14,1000000.00,4.48747,100.8124
08:01:26,91282CKN0,TSRYS5793018,D,S,T,2024-05-14,4000000.00,4.48747,100.8124
08:01:26,91282CKN0,TSRYS5793018,D,S,T,2024-05-14,2000000.00,4.48747,100.8124
08:01:26,91282CKN0,TSRYS5793018,D,S,T,2024-05-14,2000000.00,4.487453,100.8125
08:01:26,91282CKN0,TSRYS5793018,D,S,T,2024-05-14,5000000.00,4.487453,100.8125
08:01:26,91282CKN0,TSRYS5793018,D,S,T,2024-05-14,2000000.00,4.487453,100.8125
08:01:26,91282CKN0,TSRYS5793018,D,S,T,2024-05-14,1000000.00,4.487453,100.8125
08:01:26,91282CKN0,TSRYS5793018,D,S,T,2024-05-14,1000000.00,4.487453,100.8125
08:01:27,91282CKN0,TSRYS5793018,D,S,T,2024-05-14,1000000.00,4.487453,100.8125
08:01:27,91282CKN0,TSRYS5793018,D,S,T,2024-05-14,1000000.00,4.487453,100.8125
08:01:27,91282CKN0,TSRYS5793018,D,S,T,2024-05-14,1000000.00,4.487453,100.8125
08:01:27,91282CKN0,TSRYS5793018,D,S,T,2024-05-14,1000000.00,4.487453,100.8125
08:01:27,91282CKN0,TSRYS5793018,D,S,T,2024-05-14,2000000.00,4.487453,100.8125
08:01:27,91282CKN0,TSRYS5793018,D,S,T,2024-05-14,2000000.00,4.487453,100.8125
08:01:27,91282CKN0,TSRYS5793018,D,S,T,2024-05-14,1000000.00,4.487453,100.8125
08:01:27,91282CKN0,TSRYS5793018,D,S,T,2024-05-14,1000000.00,4.487453,100.8125
08:01:27,91282CKN0,TSRYS5793018,D,S,T,2024-05-14,1000000.00,4.487453,100.8125
08:01:27,91282CKN0,TSRYS5793018,D,S,T,2024-05-14,1000000.00,4.487453,100.8125
08:01:27,91282CKN0,TSRYS5793018,D,S,T,2024-05-14,2000000.00,4.487453,100.8125
08:01:27,91282CKN0,TSRYS5793018,D,S,T,2024-05-14,2000000.00,4.487453,100.8125
08:01:27,91282CKN0,TSRYS5793018,D,S,T,2024-05-14,1000000.00,4.487453,100.8125
08:01:27,91282CKN0,TSRYS5793018,D,S,T,2024-05-14,1000000.00,4.487453,100.8125
08:01:27,91282CKN0,TSRYS5793018,D,S,T,2024-05-14,1000000.00,4.487453,100.8125
08:01:30,91282CKN0,TSRYS5793018,D,B,C,2024-05-14,1000000.00,4.49205,100.78515625
08:01:30,91282CKN0,TSRYS5793018,D,B,C,2024-05-14,1000000.00,4.496648,100.7578125
08:01:30,91282CKN0,TSRYS5793018,D,S,D,2024-05-14,1000000.00,4.496648,100.7578125
08:01:30,91282CKN0,TSRYS5793018,D,B,C,2024-05-14,1000000.00,4.494677,100.76953125
08:01:30,91282CKN0,TSRYS5793018,D,B,C,2024-05-14,1000000.00,4.494677,100.76953125
08:01:30,91282CKN0,TSRYS5793018,D,B,C,2024-05-14,1000000.00,4.49205,100.78515625
08:01:30,91282CKN0,TSRYS5793018,D,S,T,2024-05-14,1000000.00,4.487475,100.81237
08:01:30,91282CKN0,TSRYS5793018,D,B,C,2024-05-14,1000000.00,4.49205,100.78515625
08:01:30,91282CKN0,TSRYS5793018,D,B,C,2024-05-14,1000000.00,4.49205,100.78515625
08:01:30,91282CKN0,TSRYS5793018,D,S,D,2024-05-14,1000000.00,4.491393,100.7890625
08:01:30,91282CKN0,TSRYS5793018,D,B,C,2024-05-14,1000000.00,4.491393,100.7890625
08:01:30,91282CKN0,TSRYS5793018,D,S,A,2024-05-14,5040000.00,4.48811,100.80859375
08:01:31,91282CKN0,TSRYS5793018,D,S,C,2024-05-14,1000000.00,4.492706,100.78125
08:01:31,91282CKN0,TSRYS5793018,D,B,C,2024-05-14,1000000.00,4.49205,100.78515625
08:01:31,91282CKN0,TSRYS5793018,D,B,C,2024-05-14,1000000.00,4.487125,100.81445312
08:01:32,91282CKN0,TSRYS5793018,D,S,T,2024-05-14,1000000.00,4.480889,100.8515625
08:01:32,91282CKN0,TSRYS5793018,D,S,T,2024-05-14,1000000.00,4.480889,100.8515625
08:01:33,91282CKN0,TSRYS5793018,D,B,C,2024-05-14,1000000.00,4.49008,100.796875
08:01:33,91282CKN0,TSRYS5793018,D,S,D,2024-05-14,1000000.00,4.49008,100.796875
08:01:33,91282CKN0,TSRYS5793018,D,B,C,2024-05-14,1000000.00,4.49205,100.78515625
08:01:33,91282CKN0,TSRYS5793018,D,S,D,2024-05-14,1000000.00,4.49205,100.78515625
08:01:33,91282CKN0,TSRYS5793018,D,S,D,2024-05-14,2000000.00,4.492378,100.783203125
08:01:33,91282CKN0,TSRYS5793018,D,S,C,2024-05-14,1000000.00,4.492378,100.783203125
08:01:33,91282CKN0,TSRYS5793018,D,S,D,2024-05-14,2000000.00,4.492378,100.783203125
08:01:33,91282CKN0,TSRYS5793018,D,B,C,2024-05-14,1000000.00,4.483514,100.8359375
08:01:33,91282CKN0,TSRYS5793018,D,S,D,2024-05-14,1000000.00,4.483514,100.8359375
08:01:33,91282CKN0,TSRYS5793018,D,B,C,2024-05-14,1000000.00,4.49205,100.78515625
08:01:33,91282CKN0,TSRYS5793018,D,S,D,2024-05-14,1000000.00,4.49205,100.78515625
08:01:34,91282CKN0,TSRYS5793018,D,B,C,2024-05-14,1000000.00,4.483514,100.8359375
08:01:34,91282CKN0,TSRYS5793018,D,S,D,2024-05-14,1000000.00,4.483514,100.8359375
08:01:34,91282CKN0,TSRYS5793018,D,B,C,2024-05-14,2000000.00,4.483514,100.8359375
08:01:34,91282CKN0,TSRYS5793018,D,S,D,2024-05-14,2000000.00,4.483514,100.8359375
08:01:34,91282CKN0,TSRYS5793018,D,S,D,2024-05-14,1000000.00,4.493363,100.77734375
08:01:34,91282CKN0,TSRYS5793018,D,B,C,2024-05-14,1000000.00,4.479905,100.85742187
08:01:34,91282CKN0,TSRYS5793018,D,B,C,2024-05-14,1000000.00,4.493363,100.77734375
08:01:36,91282CKN0,TSRYS5793018,D,S,C,2024-05-14,990000.00,4.482202,100.84375
08:01:38,91282CKN0,TSRYS5793018,D,S,D,2024-05-14,2000000.00,4.49205,100.78515625
08:01:38,91282CKN0,TSRYS5793018,D,S,D,2024-05-14,2000000.00,4.49205,100.78515625
08:01:38,91282CKN0,TSRYS5793018,D,S,D,2024-05-14,1000000.00,4.49205,100.78515625
08:01:38,91282CKN0,TSRYS5793018,D,B,C,2024-05-14,1000000.00,4.49205,100.78515625
08:01:38,91282CKN0,TSRYS5793018,D,S,D,2024-05-14,1000000.00,4.49205,100.78515625
08:01:41,91282CKN0,TSRYS5793018,D,S,T,2024-05-14,1000000.00,4.481567,100.84753125
08:01:41,91282CKN0,TSRYS5793018,D,S,T,2024-05-14,1000000.00,4.481567,100.84753125
08:01:41,91282CKN0,TSRYS5793018,D,S,T,2024-05-14,1000000.00,4.479577,100.859375
08:01:41,91282CKN0,TSRYS5793018,D,S,T,2024-05-14,1000000.00,4.479577,100.859375
08:01:41,91282CKN0,TSRYS5793018,D,S,T,2024-05-14,2000000.00,4.481546,100.84765625
08:01:41,91282CKN0,TSRYS5793018,D,S,T,2024-05-14,1000000.00,4.479577,100.859375
08:01:41,91282CKN0,TSRYS5793018,D,S,T,2024-05-14,1000000.00,4.479577,100.859375
08:01:41,91282CKN0,TSRYS5793018,D,S,T,2024-05-14,1000000.00,4.481567,100.84753125
08:01:41,91282CKN0,TSRYS5793018,D,S,T,2024-05-14,1000000.00,4.481567,100.84753125
08:01:41,91282CKN0,TSRYS5793018,D,S,T,2024-05-14,1000000.00,4.484857,100.827948
08:01:41,91282CKN0,TSRYS5793018,D,S,T,2024-05-14,1000000.00,4.481546,100.84765625
08:01:41,91282CKN0,TSRYS5793018,D,S,T,2024-05-14,1000000.00,4.481546,100.84765625
08:01:41,91282CKN0,TSRYS5793018,D,S,T,2024-05-14,1000000.00,4.481546,100.84765625
08:01:41,91282CKN0,TSRYS5793018,D,S,T,2024-05-14,1000000.00,4.484857,100.827948
08:01:41,91282CKN0,TSRYS5793018,D,S,T,2024-05-14,1000000.00,4.481546,100.84765625
08:01:41,91282CKN0,TSRYS5793018,D,B,C,2024-05-14,2000000.00,4.49205,100.78515625
08:01:41,91282CKN0,TSRYS5793018,D,S,D,2024-05-14,2000000.00,4.49205,100.78515625
08:01:41,91282CKN0,TSRYS5793018,D,S,T,2024-05-14,1000000.00,4.481546,100.84765625
08:01:41,91282CKN0,TSRYS5793018,D,S,D,2024-05-14,1000000.00,4.491065,100.791015625
08:01:41,91282CKN0,TSRYS5793018,D,B,C,2024-05-14,1000000.00,4.491065,100.791015625
08:01:41,91282CKN0,TSRYS5793018,D,S,T,2024-05-14,1000000.00,4.481546,100.84765625
08:01:41,91282CKN0,TSRYS5793018,D,S,T,2024-05-14,2000000.00,4.481546,100.84765625
08:01:41,91282CKN0,TSRYS5793018,D,S,T,2024-05-14,1000000.00,4.481567,100.84753125
08:01:41,91282CKN0,TSRYS5793018,D,S,T,2024-05-14,2000000.00,4.481567,100.84753125
08:01:41,91282CKN0,TSRYS5793018,D,S,T,2024-05-14,3000000.00,4.481546,100.84765625
08:01:41,91282CKN0,TSRYS5793018,D,S,T,2024-05-14,1000000.00,4.481567,100.84753125
08:01:41,91282CKN0,TSRYS5793018,D,S,T,2024-05-14,1000000.00,4.481546,100.84765625
08:01:41,91282CKN0,TSRYS5793018,D,S,T,2024-05-14,1000000.00,4.481546,100.84765625
08:01:41,91282CKN0,TSRYS5793018,D,S,T,2024-05-14,1000000.00,4.481546,100.84765625
08:01:41,91282CKN0,TSRYS5793018,D,S,T,2024-05-14,1000000.00,4.481546,100.84765625
08:01:41,91282CKN0,TSRYS5793018,D,B,C,2024-05-14,1000000.00,4.478593,100.86523437
08:01:41,91282CKN0,TSRYS5793018,D,B,C,2024-05-14,1000000.00,4.478593,100.86523437
08:01:41,91282CKN0,TSRYS5793018,D,B,C,2024-05-14,4000000.00,4.478593,100.86523437
08:01:41,91282CKN0,TSRYS5793018,D,B,C,2024-05-14,1000000.00,4.478593,100.86523437
08:01:41,91282CKN0,TSRYS5793018,D,B,C,2024-05-14,4000000.00,4.478593,100.86523437
08:01:41,91282CKN0,TSRYS5793018,D,S,C,2024-05-14,17000000.00,4.478476,100.86593
08:01:41,91282CKN0,TSRYS5793018,D,S,C,2024-05-14,10000000.00,4.478476,100.86593
08:01:41,91282CKN0,TSRYS5793018,D,S,T,2024-05-14,1000000.00,4.476952,100.875
08:01:41,91282CKN0,TSRYS5793018,D,S,T,2024-05-14,1000000.00,4.476952,100.875
08:01:41,91282CKN0,TSRYS5793018,D,B,C,2024-05-14,1000000.00,4.478264,100.8671875
08:01:41,91282CKN0,TSRYS5793018,D,B,C,2024-05-14,1000000.00,4.478264,100.8671875
08:01:41,91282CKN0,TSRYS5793018,D,B,C,2024-05-14,1000000.00,4.478264,100.8671875
08:01:41,91282CKN0,TSRYS5793018,D,S,T,2024-05-14,1000000.00,4.476952,100.875
08:01:41,91282CKN0,TSRYS5793018,D,S,T,2024-05-14,1000000.00,4.476952,100.875
08:01:41,91282CKN0,TSRYS5793018,D,S,C,2024-05-14,7000000.00,4.478147,100.86789
08:01:42,91282CKN0,TSRYS5793018,D,S,D,2024-05-14,1000000.00,4.476952,100.875
08:01:42,91282CKN0,TSRYS5793018,D,S,D,2024-05-14,1000000.00,4.476952,100.875
08:01:42,91282CKN0,TSRYS5793018,D,S,D,2024-05-14,2000000.00,4.476952,100.875
08:01:42,91282CKN0,TSRYS5793018,D,S,T,2024-05-14,2000000.00,4.476952,100.875
08:01:42,91282CKN0,TSRYS5793018,D,S,T,2024-05-14,2000000.00,4.476952,100.875
08:01:42,91282CKN0,TSRYS5793018,D,B,A,2024-05-14,9000000.00,4.479577,100.859375
08:01:42,91282CKN0,TSRYS5793018,D,S,T,2024-05-14,1000000.00,4.479599,100.859245
08:01:42,91282CKN0,TSRYS5793018,D,S,T,2024-05-14,1000000.00,4.479599,100.859245
08:01:42,91282CKN0,TSRYS5793018,D,S,D,2024-05-14,1000000.00,4.476952,100.875
08:01:42,91282CKN0,TSRYS5793018,D,S,T,2024-05-14,1000000.00,4.476986,100.8748
08:01:42,91282CKN0,TSRYS5793018,D,S,T,2024-05-14,1000000.00,4.476986,100.8748
08:01:42,91282CKN0,TSRYS5793018,D,S,D,2024-05-14,2000000.00,4.484827,100.828125
08:01:43,91282CKN0,TSRYS5793018,D,S,T,2024-05-14,1000000.00,4.479577,100.859375
08:01:43,91282CKN0,TSRYS5793018,D,S,C,2024-05-14,1000000.00,4.476624,100.87695312
08:01:43,91282CKN0,TSRYS5793018,D,S,T,2024-05-14,1000000.00,4.476952,100.875
08:01:43,91282CKN0,TSRYS5793018,D,S,D,2024-05-14,1000000.00,4.476952,100.875
08:01:43,91282CKN0,TSRYS5793018,D,S,T,2024-05-14,1000000.00,4.476952,100.875
08:01:43,91282CKN0,TSRYS5793018,D,S,T,2024-05-14,1000000.00,4.479598,100.85925
08:01:43,91282CKN0,TSRYS5793018,D,S,T,2024-05-14,1000000.00,4.476986,100.8748
08:01:43,91282CKN0,TSRYS5793018,D,S,T,2024-05-14,2000000.00,4.476624,100.87695312
08:01:43,91282CKN0,TSRYS5793018,D,S,T,2024-05-14,2000000.00,4.476624,100.87695312
08:01:43,91282CKN0,TSRYS5793018,D,S,T,2024-05-14,1000000.00,4.476624,100.87695312
08:01:43,91282CKN0,TSRYS5793018,D,S,T,2024-05-14,1000000.00,4.479577,100.859375
08:01:43,91282CKN0,TSRYS5793018,D,S,T,2024-05-14,2000000.00,4.476624,100.87695312
08:01:43,91282CKN0,TSRYS5793018,D,S,D,2024-05-14,2000000.00,4.484827,100.828125
08:01:43,91282CKN0,TSRYS5793018,D,S,T,2024-05-14,2000000.00,4.476624,100.87695312
08:01:43,91282CKN0,TSRYS5793018,D,S,T,2024-05-14,1000000.00,4.476624,100.87695312
08:01:43,91282CKN0,TSRYS5793018,D,S,D,2024-05-14,1000000.00,4.476296,100.87890625
08:01:43,91282CKN0,TSRYS5793018,D,S,T,2024-05-14,1000000.00,4.479577,100.859375
08:01:43,91282CKN0,TSRYS5793018,D,S,T,2024-05-14,1000000.00,4.479577,100.859375
08:01:43,91282CKN0,TSRYS5793018,D,S,T,2024-05-14,1000000.00,4.479598,100.85925
08:01:43,91282CKN0,TSRYS5793018,D,S,C,2024-05-14,1000000.00,4.476296,100.87890625
08:01:43,91282CKN0,TSRYS5793018,D,S,D,2024-05-14,2000000.00,4.476624,100.87695312
08:01:43,91282CKN0,TSRYS5793018,D,S,D,2024-05-14,2000000.00,4.484827,100.828125
08:01:43,91282CKN0,TSRYS5793018,D,S,C,2024-05-14,2000000.00,4.476624,100.87695312
08:01:43,91282CKN0,TSRYS5793018,D,S,C,2024-05-14,2000000.00,4.476624,100.87695312
08:01:43,91282CKN0,TSRYS5793018,D,S,T,2024-05-14,2000000.00,4.476624,100.87695312
08:01:43,91282CKN0,TSRYS5793018,D,S,T,2024-05-14,1000000.00,4.479598,100.85925
08:01:43,91282CKN0,TSRYS5793018,D,S,T,2024-05-14,1000000.00,4.479577,100.859375
08:01:43,91282CKN0,TSRYS5793018,D,S,T,2024-05-14,2000000.00,4.476624,100.87695312
08:01:43,91282CKN0,TSRYS5793018,D,S,D,2024-05-14,2000000.00,4.476624,100.87695312
08:01:43,91282CKN0,TSRYS5793018,D,S,D,2024-05-14,2000000.00,4.476624,100.87695312
08:01:43,91282CKN0,TSRYS5793018,D,S,T,2024-05-14,1000000.00,4.479577,100.859375
08:01:43,91282CKN0,TSRYS5793018,D,S,T,2024-05-14,1000000.00,4.479577,100.859375
08:01:43,91282CKN0,TSRYS5793018,D,S,T,2024-05-14,1000000.00,4.479577,100.859375
08:01:44,91282CKN0,TSRYS5793018,D,S,T,2024-05-14,1000000.00,4.479598,100.85925
08:01:44,91282CKN0,TSRYS5793018,D,S,A,2024-05-14,400000.00,4.483514,100.8359375
08:01:45,91282CKN0,TSRYS5793018,D,S,T,2024-05-14,1000000.00,4.484849,100.827995
08:01:45,91282CKN0,TSRYS5793018,D,S,T,2024-05-14,1000000.00,4.484849,100.827995
08:01:45,91282CKN0,TSRYS5793018,D,S,T,2024-05-14,1000000.00,4.484849,100.827995
08:01:45,91282CKN0,TSRYS5793018,D,S,T,2024-05-14,1000000.00,4.484849,100.827995
08:01:45,91282CKN0,TSRYS5793018,D,S,T,2024-05-14,1000000.00,4.484849,100.827995
08:01:45,91282CKN0,TSRYS5793018,D,B,C,2024-05-14,1000000.00,4.480233,100.85546875
08:01:45,91282CKN0,TSRYS5793018,D,S,C,2024-05-14,990000.00,4.485484,100.82421875
08:01:45,91282CKN0,TSRYS5793018,D,B,C,2024-05-14,1000000.00,4.479905,100.85742187
08:01:45,91282CKN0,TSRYS5793018,D,S,T,2024-05-14,1000000.00,4.484849,100.827995
08:01:45,91282CKN0,TSRYS5793018,D,S,T,2024-05-14,1000000.00,4.484849,100.827995
08:01:46,91282CKN0,TSRYS5793018,D,S,T,2024-05-14,1000000.00,4.484849,100.827995
08:01:46,91282CKN0,TSRYS5793018,D,B,C,2024-05-14,1000000.00,4.481217,100.84960937
08:01:46,91282CKN0,TSRYS5793018,D,B,C,2024-05-14,1000000.00,4.481217,100.84960937
08:01:46,91282CKN0,TSRYS5793018,D,B,C,2024-05-14,1000000.00,4.482202,100.84375
08:01:46,91282CKN0,TSRYS5793018,D,S,T,2024-05-14,1000000.00,4.484849,100.827995
08:01:46,91282CKN0,TSRYS5793018,D,S,C,2024-05-14,10000000.00,4.482084,100.84445
08:01:46,91282CKN0,TSRYS5793018,D,S,D,2024-05-14,8000000.00,4.480844,100.85183
08:01:48,91282CKN0,TSRYS5793018,D,B,C,2024-05-14,1000000.00,4.49008,100.796875
08:01:48,91282CKN0,TSRYS5793018,D,S,C,2024-05-14,1000000.00,4.49008,100.796875
08:01:48,91282CKN0,TSRYS5793018,D,B,C,2024-05-14,1000000.00,4.49008,100.796875
08:01:48,91282CKN0,TSRYS5793018,D,S,C,2024-05-14,1000000.00,4.49008,100.796875
08:01:48,91282CKN0,TSRYS5793018,D,S,C,2024-05-14,1000000.00,4.483186,100.83789062
08:01:48,91282CKN0,TSRYS5793018,D,S,D,2024-05-14,1000000.00,4.482858,100.83984375
08:01:48,91282CKN0,TSRYS5793018,D,S,C,2024-05-14,1000000.00,4.482858,100.83984375
08:01:48,91282CKN0,TSRYS5793018,D,S,C,2024-05-14,1000000.00,4.482858,100.83984375
08:01:49,91282CKN0,TSRYS5793018,D,S,D,2024-05-14,1000000.00,4.482858,100.83984375
08:01:49,91282CKN0,TSRYS5793018,D,S,D,2024-05-14,1000000.00,4.482858,100.83984375
08:01:49,91282CKN0,TSRYS5793018,D,S,T,2024-05-14,2000000.00,4.482858,100.83984375
08:01:49,91282CKN0,TSRYS5793018,D,S,T,2024-05-14,2000000.00,4.482858,100.83984375
08:01:49,91282CKN0,TSRYS5793018,D,S,T,2024-05-14,1000000.00,4.482858,100.83984375
08:01:49,91282CKN0,TSRYS5793018,D,S,D,2024-05-14,2000000.00,4.482858,100.83984375
08:01:49,91282CKN0,TSRYS5793018,D,S,D,2024-05-14,1000000.00,4.482858,100.83984375
08:01:49,91282CKN0,TSRYS5793018,D,S,D,2024-05-14,1000000.00,4.482858,100.83984375
08:01:49,91282CKN0,TSRYS5793018,D,S,D,2024-05-14,1000000.00,4.482858,100.83984375
08:01:49,91282CKN0,TSRYS5793018,D,S,C,2024-05-14,1000000.00,4.484827,100.828125
08:01:49,91282CKN0,TSRYS5793018,D,S,D,2024-05-14,1000000.00,4.484827,100.828125
08:01:50,91282CKN0,TSRYS5793018,D,S,C,2024-05-14,2000000.00,4.482858,100.83984375
08:01:50,91282CKN0,TSRYS5793018,D,S,D,2024-05-14,2000000.00,4.482858,100.83984375
08:01:50,91282CKN0,TSRYS5793018,D,S,D,2024-05-14,2000000.00,4.482858,100.83984375
08:01:50,91282CKN0,TSRYS5793018,D,S,D,2024-05-14,2000000.00,4.482858,100.83984375
08:01:50,91282CKN0,TSRYS5793018,D,S,C,2024-05-14,1000000.00,4.482858,100.83984375
08:01:50,91282CKN0,TSRYS5793018,D,S,C,2024-05-14,1000000.00,4.482858,100.83984375
08:01:50,91282CKN0,TSRYS5793018,D,S,D,2024-05-14,2000000.00,4.482858,100.83984375
08:01:50,91282CKN0,TSRYS5793018,D,S,T,2024-05-14,1000000.00,4.482202,100.84375
08:01:50,91282CKN0,TSRYS5793018,D,S,D,2024-05-14,2000000.00,4.48253,100.84179687
08:01:50,91282CKN0,TSRYS5793018,D,S,C,2024-05-14,1000000.00,4.48253,100.84179687
08:01:50,91282CKN0,TSRYS5793018,D,S,T,2024-05-14,1000000.00,4.482202,100.84375
08:01:50,91282CKN0,TSRYS5793018,D,S,D,2024-05-14,1000000.00,4.480561,100.85351562
08:01:51,91282CKN0,TSRYS5793018,D,S,C,2024-05-14,1000000.00,4.479905,100.85742187
08:01:51,91282CKN0,TSRYS5793018,D,S,T,2024-05-14,2000000.00,4.49008,100.796875
08:01:51,91282CKN0,TSRYS5793018,D,S,D,2024-05-14,5000000.00,4.487453,100.8125
08:01:51,91282CKN0,TSRYS5793018,D,S,C,2024-05-14,2000000.00,4.487453,100.8125
08:01:51,91282CKN0,TSRYS5793018,D,B,C,2024-05-14,35000000.00,4.483371,100.83679
08:01:51,91282CKN0,TSRYS5793018,D,B,C,2024-05-14,1000000.00,4.487125,100.814453125
08:01:52,91282CKN0,TSRYS5793018,D,S,D,2024-05-14,1000000.00,4.487125,100.814453125
08:01:52,91282CKN0,TSRYS5793018,D,S,T,2024-05-14,1000000.00,4.482202,100.84375
08:01:52,91282CKN0,TSRYS5793018,D,S,T,2024-05-14,3000000.00,4.49008,100.796875
08:01:53,91282CKN0,TSRYS5793018,D,S,D,2024-05-14,6000.00,4.486797,100.81640625
08:01:54,91282CKN0,TSRYS5793018,D,S,T,2024-05-14,1000000.00,4.482224,100.84362
08:01:54,91282CKN0,TSRYS5793018,D,S,T,2024-05-14,1000000.00,4.482224,100.84362
08:01:54,91282CKN0,TSRYS5793018,D,S,D,2024-05-14,1000000.00,4.487125,100.814453125
08:01:55,91282CKN0,TSRYS5793018,D,S,T,2024-05-14,1000000.00,4.482224,100.84362
08:01:55,91282CKN0,TSRYS5793018,D,S,T,2024-05-14,1000000.00,4.482224,100.84362
08:01:57,91282CKN0,TSRYS5793018,D,S,D,2024-05-14,1000000.00,4.481546,100.84765625
08:01:57,91282CKN0,TSRYS5793018,D,S,D,2024-05-14,1000000.00,4.481546,100.84765625
08:01:57,91282CKN0,TSRYS5793018,D,S,C,2024-05-14,1000000.00,4.49008,100.796875
08:01:57,91282CKN0,TSRYS5793018,D,B,C,2024-05-14,1000000.00,4.49008,100.796875
08:01:57,91282CKN0,TSRYS5793018,D,S,C,2024-05-14,1000000.00,4.49008,100.79705
08:01:57,91282CKN0,TSRYS5793018,D,B,C,2024-05-14,1000000.00,4.49008,100.796875
08:01:57,91282CKN0,TSRYS5793018,D,B,C,2024-05-14,1000000.00,4.479905,100.85742187
08:01:58,91282CKN0,TSRYS5793018,D,B,C,2024-05-14,1000000.00,4.482202,100.84375
08:01:59,91282CKN0,TSRYS5793018,D,B,C,2024-05-14,1000000.00,4.482202,100.84375
08:02:01,91282CKN0,TSRYS5793018,D,S,T,2024-05-14,2000000.00,4.482858,100.83984375
08:02:02,91282CKN0,TSRYS5793018,D,B,C,2024-05-14,1000000.00,4.484827,100.828125
08:02:02,91282CKN0,TSRYS5793018,D,S,C,2024-05-14,1000000.00,4.485155,100.82617187
08:02:02,91282CKN0,TSRYS5793018,D,S,C,2024-05-14,1000000.00,4.485155,100.82617187
08:02:03,91282CKN0,TSRYS5793018,D,S,D,2024-05-14,1000000.00,4.485812,100.82226562
08:02:03,91282CKN0,TSRYS5793018,D,S,D,2024-05-14,1000000.00,4.485812,100.82226562
08:02:03,91282CKN0,TSRYS5793018,D,S,C,2024-05-14,1000000.00,4.485812,100.82226562
08:02:03,91282CKN0,TSRYS5793018,D,S,C,2024-05-14,1000000.00,4.485812,100.82226562
08:02:03,91282CKN0,TSRYS5793018,D,S,C,2024-05-14,1000000.00,4.485812,100.82226562
08:02:03,91282CKN0,TSRYS5793018,D,S,C,2024-05-14,1000000.00,4.485812,100.82226562
08:02:03,91282CKN0,TSRYS5793018,D,S,C,2024-05-14,1000000.00,4.485812,100.82226562
08:02:03,91282CKN0,TSRYS5793018,D,S,C,2024-05-14,1000000.00,4.485812,100.82226562
08:02:03,91282CKN0,TSRYS5793018,D,S,C,2024-05-14,1000000.00,4.485812,100.82226562
08:02:03,91282CKN0,TSRYS5793018,D,S,C,2024-05-14,1000000.00,4.485812,100.82226562
08:02:03,91282CKN0,TSRYS5793018,D,S,C,2024-05-14,1000000.00,4.485812,100.82226562
08:02:03,91282CKN0,TSRYS5793018,D,S,T,2024-05-14,1000000.00,4.484849,100.827995
08:02:03,91282CKN0,TSRYS5793018,D,S,C,2024-05-14,1000000.00,4.485155,100.82617187
08:02:03,91282CKN0,TSRYS5793018,D,S,C,2024-05-14,1000000.00,4.485155,100.82617187
08:02:03,91282CKN0,TSRYS5793018,D,S,C,2024-05-14,1000000.00,4.485155,100.82617187
08:02:03,91282CKN0,TSRYS5793018,D,S,C,2024-05-14,1000000.00,4.485155,100.82617187
08:02:03,91282CKN0,TSRYS5793018,D,S,C,2024-05-14,1000000.00,4.485155,100.82617187
08:02:03,91282CKN0,TSRYS5793018,D,S,C,2024-05-14,1000000.00,4.485155,100.82617187
08:02:03,91282CKN0,TSRYS5793018,D,S,C,2024-05-14,1000000.00,4.485155,100.82617187
08:02:03,91282CKN0,TSRYS5793018,D,S,C,2024-05-14,1000000.00,4.485155,100.82617187
08:02:03,91282CKN0,TSRYS5793018,D,S,C,2024-05-14,1000000.00,4.485155,100.82617187
08:02:03,91282CKN0,TSRYS5793018,D,S,C,2024-05-14,1000000.00,4.485155,100.82617187
08:02:03,91282CKN0,TSRYS5793018,D,S,C,2024-05-14,1000000.00,4.485484,100.82421875
08:02:03,91282CKN0,TSRYS5793018,D,S,D,2024-05-14,1000000.00,4.485484,100.82421875
08:02:03,91282CKN0,TSRYS5793018,D,S,D,2024-05-14,1000000.00,4.485484,100.82421875
08:02:04,91282CKN0,TSRYS5793018,D,S,D,2024-05-14,1000000.00,4.485484,100.82421875
08:02:04,91282CKN0,TSRYS5793018,D,S,D,2024-05-14,1000000.00,4.485484,100.82421875
08:02:04,91282CKN0,TSRYS5793018,D,S,D,2024-05-14,1000000.00,4.485484,100.82421875
08:02:04,91282CKN0,TSRYS5793018,D,S,D,2024-05-14,1000000.00,4.485484,100.82421875
08:02:04,91282CKN0,TSRYS5793018,D,S,D,2024-05-14,1000000.00,4.485484,100.82421875
08:02:04,91282CKN0,TSRYS5793018,D,S,D,2024-05-14,1000000.00,4.485484,100.82421875
08:02:04,91282CKN0,TSRYS5793018,D,S,D,2024-05-14,1000000.00,4.485484,100.82421875
08:02:04,91282CKN0,TSRYS5793018,D,S,D,2024-05-14,1000000.00,4.485484,100.82421875
08:02:04,91282CKN0,TSRYS5793018,D,S,D,2024-05-14,1000000.00,4.485484,100.82421875
08:02:04,91282CKN0,TSRYS5793018,D,S,D,2024-05-14,1000000.00,4.485484,100.82421875
08:02:04,91282CKN0,TSRYS5793018,D,S,D,2024-05-14,1000000.00,4.485484,100.82421875
08:02:04,91282CKN0,TSRYS5793018,D,S,D,2024-05-14,1000000.00,4.485484,100.82421875
08:02:04,91282CKN0,TSRYS5793018,D,S,D,2024-05-14,1000000.00,4.485484,100.82421875
08:02:04,91282CKN0,TSRYS5793018,D,S,D,2024-05-14,1000000.00,4.485484,100.82421875
08:02:04,91282CKN0,TSRYS5793018,D,S,D,2024-05-14,1000000.00,4.485484,100.82421875
08:02:04,91282CKN0,TSRYS5793018,D,S,T,2024-05-14,1000000.00,4.484849,100.827995
08:02:04,91282CKN0,TSRYS5793018,D,S,D,2024-05-14,1000000.00,4.485484,100.82421875
08:02:04,91282CKN0,TSRYS5793018,D,S,D,2024-05-14,1000000.00,4.485484,100.82421875
08:02:04,91282CKN0,TSRYS5793018,D,S,D,2024-05-14,1000000.00,4.485484,100.82421875
08:02:04,91282CKN0,TSRYS5793018,D,S,D,2024-05-14,1000000.00,4.485484,100.82421875
08:02:04,91282CKN0,TSRYS5793018,D,S,D,2024-05-14,1000000.00,4.485484,100.82421875
08:02:04,91282CKN0,TSRYS5793018,D,S,D,2024-05-14,1000000.00,4.485484,100.82421875
08:02:04,91282CKN0,TSRYS5793018,D,S,D,2024-05-14,1000000.00,4.485484,100.82421875
08:02:04,91282CKN0,TSRYS5793018,D,S,C,2024-05-14,1000000.00,4.485484,100.82421875
08:02:04,91282CKN0,TSRYS5793018,D,S,D,2024-05-14,1000000.00,4.485484,100.82421875
08:02:04,91282CKN0,TSRYS5793018,D,S,D,2024-05-14,1000000.00,4.485484,100.82421875
08:02:04,91282CKN0,TSRYS5793018,D,S,D,2024-05-14,1000000.00,4.485484,100.82421875
08:02:04,91282CKN0,TSRYS5793018,D,S,D,2024-05-14,1000000.00,4.485484,100.82421875
08:02:04,91282CKN0,TSRYS5793018,D,S,D,2024-05-14,1000000.00,4.485484,100.82421875
08:02:05,91282CKN0,TSRYS5793018,D,B,C,2024-05-14,60000000.00,4.485428,100.82455
08:02:05,91282CKN0,TSRYS5793018,D,S,D,2024-05-14,1000000.00,4.485484,100.82421875
08:02:05,91282CKN0,TSRYS5793018,D,S,T,2024-05-14,1000000.00,4.485484,100.82421875
08:02:05,91282CKN0,TSRYS5793018,D,S,D,2024-05-14,1000000.00,4.485484,100.82421875
08:02:05,91282CKN0,TSRYS5793018,D,S,D,2024-05-14,1000000.00,4.485484,100.82421875
08:02:05,91282CKN0,TSRYS5793018,D,S,D,2024-05-14,1000000.00,4.48614,100.8203125
08:02:06,91282CKN0,TSRYS5793018,D,S,D,2024-05-14,1000000.00,4.483843,100.833984375
08:02:06,91282CKN0,TSRYS5793018,D,B,C,2024-05-14,1000000.00,4.483843,100.833984375
08:02:06,91282CKN0,TSRYS5793018,D,S,D,2024-05-14,1000000.00,4.480889,100.8515625
08:02:06,91282CKN0,TSRYS5793018,D,B,C,2024-05-14,1000000.00,4.479577,100.859375
08:02:06,91282CKN0,TSRYS5793018,D,S,C,2024-05-14,1000000.00,4.479577,100.859375
08:02:06,91282CKN0,TSRYS5793018,D,B,C,2024-05-14,1000000.00,4.482202,100.84375
08:02:06,91282CKN0,TSRYS5793018,D,B,C,2024-05-14,1000000.00,4.482202,100.84375
08:02:06,91282CKN0,TSRYS5793018,D,B,C,2024-05-14,1000000.00,4.482202,100.84375
08:02:07,91282CKN0,TSRYS5793018,D,B,C,2024-05-14,1000000.00,4.483186,100.83789062
08:02:07,91282CKN0,TSRYS5793018,D,B,C,2024-05-14,1000000.00,4.49274,100.78105
08:02:07,91282CKN0,TSRYS5793018,D,S,D,2024-05-14,1000000.00,4.492706,100.78125
08:02:07,91282CKN0,TSRYS5793018,D,B,C,2024-05-14,1000000.00,4.483186,100.83789062
08:02:07,91282CKN0,TSRYS5793018,D,B,C,2024-05-14,1000000.00,4.49008,100.796875
08:02:07,91282CKN0,TSRYS5793018,D,S,D,2024-05-14,1000000.00,4.49008,100.796875
08:02:07,91282CKN0,TSRYS5793018,D,B,C,2024-05-14,1000000.00,4.483514,100.8359375
08:02:07,91282CKN0,TSRYS5793018,D,B,C,2024-05-14,1000000.00,4.483514,100.8359375
08:02:07,91282CKN0,TSRYS5793018,D,B,C,2024-05-14,2000000.00,4.483186,100.83789062
08:02:07,91282CKN0,TSRYS5793018,D,B,C,2024-05-14,1000000.00,4.483186,100.83789062
08:02:07,91282CKN0,TSRYS5793018,D,B,C,2024-05-14,1000000.00,4.479577,100.859375
08:02:07,91282CKN0,TSRYS5793018,D,S,D,2024-05-14,1000000.00,4.479577,100.859375
08:02:07,91282CKN0,TSRYS5793018,D,B,C,2024-05-14,1000000.00,4.483514,100.8359375
08:02:07,91282CKN0,TSRYS5793018,D,B,C,2024-05-14,1000000.00,4.483514,100.8359375
08:02:07,91282CKN0,TSRYS5793018,D,B,C,2024-05-14,1000000.00,4.490113,100.796675
08:02:07,91282CKN0,TSRYS5793018,D,B,C,2024-05-14,1000000.00,4.483514,100.8359375
08:02:07,91282CKN0,TSRYS5793018,D,S,D,2024-05-14,1000000.00,4.49008,100.796875
08:02:07,91282CKN0,TSRYS5793018,D,S,D,2024-05-14,1000000.00,4.49008,100.796875
08:02:08,91282CKN0,TSRYS5793018,D,B,C,2024-05-14,1000000.00,4.483514,100.8359375
08:02:08,91282CKN0,TSRYS5793018,D,B,C,2024-05-14,1000000.00,4.483514,100.8359375
08:02:08,91282CKN0,TSRYS5793018,D,B,C,2024-05-14,1000000.00,4.483514,100.8359375
08:02:09,91282CKN0,TSRYS5793018,D,S,C,2024-05-14,2000000.00,4.495334,100.765625
08:02:09,91282CKN0,TSRYS5793018,D,S,C,2024-05-14,1000000.00,4.4953,100.765825
08:02:09,91282CKN0,TSRYS5793018,D,S,C,2024-05-14,1000000.00,4.4953,100.765825
08:02:09,91282CKN0,TSRYS5793018,D,S,C,2024-05-14,1000000.00,4.495334,100.765625
08:02:09,91282CKN0,TSRYS5793018,D,B,C,2024-05-14,1000000.00,4.483514,100.8359375
08:02:09,91282CKN0,TSRYS5793018,D,B,C,2024-05-14,1000000.00,4.483514,100.8359375
08:02:09,91282CKN0,TSRYS5793018,D,S,T,2024-05-14,1000000.00,4.487453,100.8125
08:02:09,91282CKN0,TSRYS5793018,D,S,D,2024-05-14,1000000.00,4.483186,100.83789062
08:02:10,91282CKN0,TSRYS5793018,D,S,D,2024-05-14,1000000.00,4.479577,100.859375
08:02:10,91282CKN0,TSRYS5793018,D,S,C,2024-05-14,1000000.00,4.479577,100.859375
08:02:11,91282CKN0,TSRYS5793018,D,S,C,2024-05-14,1000000.00,4.495334,100.765625
08:02:11,91282CKN0,TSRYS5793018,D,B,C,2024-05-14,1000000.00,4.495368,100.765425
08:02:11,91282CKN0,TSRYS5793018,D,S,C,2024-05-14,1000000.00,4.479577,100.859375
08:02:11,91282CKN0,TSRYS5793018,D,S,C,2024-05-14,1000000.00,4.495334,100.765625
08:02:11,91282CKN0,TSRYS5793018,D,S,C,2024-05-14,1000000.00,4.495334,100.765625
08:02:11,91282CKN0,TSRYS5793018,D,S,C,2024-05-14,1000000.00,4.492706,100.78125
08:02:11,91282CKN0,TSRYS5793018,D,S,C,2024-05-14,1000000.00,4.492706,100.78125
08:02:11,91282CKN0,TSRYS5793018,D,B,C,2024-05-14,1000000.00,4.492706,100.78125
08:02:12,91282CKN0,TSRYS5793018,D,S,C,2024-05-14,1000000.00,4.49008,100.796875
08:02:12,91282CKN0,TSRYS5793018,D,B,C,2024-05-14,1000000.00,4.49008,100.796875
08:02:12,91282CKN0,TSRYS5793018,D,S,D,2024-05-14,1000000.00,4.492706,100.78125
08:02:12,91282CKN0,TSRYS5793018,D,S,C,2024-05-14,1000000.00,4.492706,100.78125
08:02:12,91282CKN0,TSRYS5793018,D,S,C,2024-05-14,1000000.00,4.492706,100.78125
08:02:14,91282CKN0,TSRYS5793018,D,S,C,2024-05-14,1000000.00,4.479577,100.859375
08:02:14,91282CKN0,TSRYS5793018,D,S,D,2024-05-14,1000000.00,4.479577,100.859375
08:02:14,91282CKN0,TSRYS5793018,D,S,C,2024-05-14,1000000.00,4.478264,100.8671875
08:02:14,91282CKN0,TSRYS5793018,D,S,C,2024-05-14,1000000.00,4.478264,100.8671875
08:02:14,91282CKN0,TSRYS5793018,D,S,C,2024-05-14,1000000.00,4.478264,100.8671875
08:02:17,91282CKN0,TSRYS5793018,D,B,C,2024-05-14,1000000.00,4.479905,100.857421875
08:02:17,91282CKN0,TSRYS5793018,D,S,D,2024-05-14,1000000.00,4.479905,100.857421875
08:02:22,91282CKN0,TSRYS5793018,D,S,C,2024-05-14,143800.00,4.491393,100.7890625
08:02:22,91282CKN0,TSRYS5793018,D,B,A,2024-05-14,891000.00,4.495334,100.765625
08:02:22,91282CKN0,TSRYS5793018,D,B,A,2024-05-14,1980000.00,4.495397,100.765625
08:02:22,91282CKN0,TSRYS5793018,D,B,A,2024-05-14,990000.00,4.495397,100.765625
08:02:22,91282CKN0,TSRYS5793018,D,B,A,2024-05-14,495000.00,4.495334,100.765625
08:02:22,91282CKN0,TSRYS5793018,D,B,C,2024-05-14,6930000.00,4.495334,100.765625
08:02:22,91282CKN0,TSRYS5793018,D,B,A,2024-05-14,891000.00,4.495334,100.765625
08:02:22,91282CKN0,TSRYS5793018,D,B,A,2024-05-14,6930000.00,4.495334,100.765625
08:02:22,91282CKN0,TSRYS5793018,D,S,C,2024-05-14,1000000.00,4.479577,100.859375
08:02:22,91282CKN0,TSRYS5793018,D,B,C,2024-05-14,1000000.00,4.479577,100.859375
08:02:22,91282CKN0,TSRYS5793018,D,S,T,2024-05-14,1000000.00,4.492706,100.78125
08:02:22,91282CKN0,TSRYS5793018,D,S,D,2024-05-14,20000000.00,4.492495,100.7825078
08:02:22,91282CKN0,TSRYS5793018,D,S,D,2024-05-14,10000000.00,4.493579,100.7760625
08:02:22,91282CKN0,TSRYS5793018,D,S,D,2024-05-14,10000000.00,4.494761,100.7690313
08:02:22,91282CKN0,TSRYS5793018,D,S,D,2024-05-14,5000000.00,4.49243,100.7828938
08:02:22,91282CKN0,TSRYS5793018,D,S,D,2024-05-14,17000000.00,4.492308,100.7836222
08:02:22,91282CKN0,TSRYS5793018,D,S,T,2024-05-14,1000000.00,4.483843,100.833984375
08:02:22,91282CKN0,TSRYS5793018,D,S,T,2024-05-14,1000000.00,4.483843,100.833984375
08:02:22,91282CKN0,TSRYS5793018,D,S,T,2024-05-14,1000000.00,4.48614,100.8203125
08:02:22,91282CKN0,TSRYS5793018,D,S,T,2024-05-14,1000000.00,4.48614,100.8203125
08:02:23,91282CKN0,TSRYS5793018,D,S,D,2024-05-14,16000000.00,4.482371,100.8427456
08:02:23,91282CKN0,TSRYS5793018,D,S,T,2024-05-14,1000000.00,4.482202,100.84375
08:02:23,91282CKN0,TSRYS5793018,D,S,D,2024-05-14,12000000.00,4.48418,100.8319775
08:02:23,91282CKN0,TSRYS5793018,D,S,D,2024-05-14,19000000.00,4.483235,100.8376015
08:02:23,91282CKN0,TSRYS5793018,D,S,T,2024-05-14,1000000.00,4.483843,100.833984375
08:02:23,91282CKN0,TSRYS5793018,D,S,T,2024-05-14,1000000.00,4.483843,100.833984375
08:02:23,91282CKN0,TSRYS5793018,D,S,C,2024-05-14,1000000.00,4.479577,100.859375
08:02:23,91282CKN0,TSRYS5793018,D,B,C,2024-05-14,1000000.00,4.479577,100.859375
08:02:23,91282CKN0,TSRYS5793018,D,S,C,2024-05-14,2000000.00,4.476952,100.875
08:02:24,91282CKN0,TSRYS5793018,D,B,C,2024-05-14,2000000.00,4.478593,100.865234375
08:02:24,91282CKN0,TSRYS5793018,D,S,D,2024-05-14,2000000.00,4.478593,100.865234375
08:02:24,91282CKN0,TSRYS5793018,D,B,C,2024-05-14,2000000.00,4.478593,100.865234375
08:02:24,91282CKN0,TSRYS5793018,D,S,D,2024-05-14,2000000.00,4.478593,100.865234375
08:02:24,91282CKN0,TSRYS5793018,D,B,C,2024-05-14,1000000.00,4.478593,100.865234375
08:02:24,91282CKN0,TSRYS5793018,D,S,D,2024-05-14,1000000.00,4.478593,100.865234375
08:02:24,91282CKN0,TSRYS5793018,D,S,D,2024-05-14,1000000.00,4.478593,100.865234375
08:02:24,91282CKN0,TSRYS5793018,D,B,C,2024-05-14,1000000.00,4.478593,100.865234375
08:02:24,91282CKN0,TSRYS5793018,D,S,D,2024-05-14,1000000.00,4.478264,100.8671875
08:02:24,91282CKN0,TSRYS5793018,D,S,C,2024-05-14,1000000.00,4.492706,100.78125
08:02:24,91282CKN0,TSRYS5793018,D,S,D,2024-05-14,2000000.00,4.485812,100.822265625
08:02:25,91282CKN0,TSRYS5793018,D,S,C,2024-05-14,1000000.00,4.492656,100.78155
08:02:26,91282CKN0,TSRYS5793018,D,S,C,2024-05-14,1000000.00,4.492706,100.78125
08:02:26,91282CKN0,TSRYS5793018,D,S,D,2024-05-14,1000000.00,4.492706,100.78125
08:02:26,91282CKN0,TSRYS5793018,D,B,C,2024-05-14,1000000.00,4.492706,100.78125
08:02:26,91282CKN0,TSRYS5793018,D,B,C,2024-05-14,1000000.00,4.492706,100.78125
08:02:26,91282CKN0,TSRYS5793018,D,S,C,2024-05-14,1000000.00,4.492706,100.78125
08:02:26,91282CKN0,TSRYS5793018,D,B,C,2024-05-14,1000000.00,4.492706,100.78125
08:02:26,91282CKN0,TSRYS5793018,D,S,D,2024-05-14,1000000.00,4.492706,100.78125
08:02:26,91282CKN0,TSRYS5793018,D,S,C,2024-05-14,1000000.00,4.492706,100.78125
08:02:26,91282CKN0,TSRYS5793018,D,S,C,2024-05-14,1000000.00,4.492706,100.78125
08:02:26,91282CKN0,TSRYS5793018,D,S,C,2024-05-14,1000000.00,4.492706,100.78125
08:02:26,91282CKN0,TSRYS5793018,D,S,C,2024-05-14,1000000.00,4.492706,100.78125
08:02:26,91282CKN0,TSRYS5793018,D,S,D,2024-05-14,1000000.00,4.492706,100.78125
08:02:26,91282CKN0,TSRYS5793018,D,S,C,2024-05-14,1000000.00,4.492706,100.78125
08:02:26,91282CKN0,TSRYS5793018,D,S,C,2024-05-14,1000000.00,4.492706,100.78125
08:02:26,91282CKN0,TSRYS5793018,D,S,C,2024-05-14,1000000.00,4.492706,100.78125
08:02:26,91282CKN0,TSRYS5793018,D,S,D,2024-05-14,1000000.00,4.492706,100.78125
08:02:27,91282CKN0,TSRYS5793018,D,B,C,2024-05-14,1000000.00,4.492706,100.78125
08:02:27,91282CKN0,TSRYS5793018,D,S,C,2024-05-14,1000000.00,4.492656,100.78155
08:02:27,91282CKN0,TSRYS5793018,D,S,D,2024-05-14,1000000.00,4.49008,100.796875
08:02:27,91282CKN0,TSRYS5793018,D,S,D,2024-05-14,2000000.00,4.49008,100.796875
08:02:27,91282CKN0,TSRYS5793018,D,S,D,2024-05-14,1000000.00,4.49008,100.796875
08:02:27,91282CKN0,TSRYS5793018,D,S,D,2024-05-14,1000000.00,4.49008,100.796875
08:02:27,91282CKN0,TSRYS5793018,D,S,D,2024-05-14,1000000.00,4.49008,100.796875
08:02:27,91282CKN0,TSRYS5793018,D,S,D,2024-05-14,2000000.00,4.49008,100.796875
08:02:27,91282CKN0,TSRYS5793018,D,S,C,2024-05-14,1000000.00,4.49008,100.796875
08:02:27,91282CKN0,TSRYS5793018,D,B,C,2024-05-14,1000000.00,4.490113,100.796675
08:02:27,91282CKN0,TSRYS5793018,D,B,C,2024-05-14,1000000.00,4.490113,100.796675
08:02:27,91282CKN0,TSRYS5793018,D,S,D,2024-05-14,1000000.00,4.49008,100.796875
08:02:27,91282CKN0,TSRYS5793018,D,S,D,2024-05-14,1000000.00,4.49008,100.796875
08:02:27,91282CKN0,TSRYS5793018,D,S,C,2024-05-14,1000000.00,4.49008,100.796875
08:02:27,91282CKN0,TSRYS5793018,D,S,D,2024-05-14,1000000.00,4.49008,100.796875
08:02:27,91282CKN0,TSRYS5793018,D,B,C,2024-05-14,1000000.00,4.49008,100.796875
08:02:28,91282CKN0,TSRYS5793018,D,S,C,2024-05-14,1000000.00,4.492681,100.781402
08:02:28,91282CKN0,TSRYS5793018,D,B,C,2024-05-14,1000000.00,4.492706,100.78125
08:02:28,91282CKN0,TSRYS5793018,D,S,D,2024-05-14,2000000.00,4.492706,100.78125
08:02:28,91282CKN0,TSRYS5793018,D,B,C,2024-05-14,2000000.00,4.49274,100.78105
08:02:28,91282CKN0,TSRYS5793018,D,S,C,2024-05-14,2000000.00,4.492706,100.78125
08:02:28,91282CKN0,TSRYS5793018,D,B,C,2024-05-14,2000000.00,4.49274,100.78105
08:02:28,91282CKN0,TSRYS5793018,D,B,C,2024-05-14,1000000.00,4.492706,100.78125
08:02:28,91282CKN0,TSRYS5793018,D,S,C,2024-05-14,1000000.00,4.492706,100.78125
08:02:29,91282CKN0,TSRYS5793018,D,S,D,2024-05-14,2000000.00,4.476952,100.875
08:02:29,91282CKN0,TSRYS5793018,D,S,D,2024-05-14,2000000.00,4.476952,100.875
08:02:29,91282CKN0,TSRYS5793018,D,B,C,2024-05-14,1000000.00,4.49008,100.796875
08:02:29,91282CKN0,TSRYS5793018,D,S,D,2024-05-14,1000000.00,4.49008,100.796875
08:02:30,91282CKN0,TSRYS5793018,D,S,D,2024-05-14,1000000.00,4.476952,100.875
08:02:30,91282CKN0,TSRYS5793018,D,S,C,2024-05-14,1000000.00,4.492706,100.78125
08:02:30,91282CKN0,TSRYS5793018,D,S,D,2024-05-14,1000000.00,4.476952,100.875
08:02:30,91282CKN0,TSRYS5793018,D,S,D,2024-05-14,1000000.00,4.476952,100.875
08:02:30,91282CKN0,TSRYS5793018,D,S,D,2024-05-14,2000000.00,4.476624,100.876953125
08:02:30,91282CKN0,TSRYS5793018,D,S,D,2024-05-14,1000000.00,4.492706,100.78125
08:02:30,91282CKN0,TSRYS5793018,D,S,D,2024-05-14,1000000.00,4.492706,100.78125
08:02:30,91282CKN0,TSRYS5793018,D,S,C,2024-05-14,1000000.00,4.492706,100.78125
08:02:30,91282CKN0,TSRYS5793018,D,S,C,2024-05-14,1000000.00,4.492706,100.78125
08:02:30,91282CKN0,TSRYS5793018,D,S,C,2024-05-14,2000000.00,4.492706,100.78125
08:02:30,91282CKN0,TSRYS5793018,D,B,C,2024-05-14,1000000.00,4.492706,100.78125
08:02:30,91282CKN0,TSRYS5793018,D,S,C,2024-05-14,1000000.00,4.492706,100.78125
08:02:30,91282CKN0,TSRYS5793018,D,S,C,2024-05-14,1000000.00,4.492681,100.781402
08:02:30,91282CKN0,TSRYS5793018,D,S,D,2024-05-14,2000000.00,4.476624,100.876953125
08:02:30,91282CKN0,TSRYS5793018,D,S,D,2024-05-14,1000000.00,4.476624,100.876953125
08:02:30,91282CKN0,TSRYS5793018,D,S,D,2024-05-14,2000000.00,4.476624,100.876953125
08:02:30,91282CKN0,TSRYS5793018,D,S,D,2024-05-14,2000000.00,4.476624,100.876953125
08:02:30,91282CKN0,TSRYS5793018,D,S,D,2024-05-14,1000000.00,4.476624,100.876953125
08:02:30,91282CKN0,TSRYS5793018,D,S,D,2024-05-14,2000000.00,4.476624,100.876953125
08:02:30,91282CKN0,TSRYS5793018,D,S,D,2024-05-14,2000000.00,4.476624,100.876953125
08:02:31,91282CKN0,TSRYS5793018,D,S,T,2024-05-14,1000000.00,4.487453,100.8125
08:02:31,91282CKN0,TSRYS5793018,D,B,C,2024-05-14,1000000.00,4.492749,100.781
08:02:31,91282CKN0,TSRYS5793018,D,S,C,2024-05-14,1000000.00,4.492706,100.78125
08:02:31,91282CKN0,TSRYS5793018,D,S,C,2024-05-14,1000000.00,4.492706,100.78125
08:02:31,91282CKN0,TSRYS5793018,D,S,D,2024-05-14,1000000.00,4.492706,100.78125
08:02:31,91282CKN0,TSRYS5793018,D,S,D,2024-05-14,1000000.00,4.492706,100.78125
08:02:31,91282CKN0,TSRYS5793018,D,S,C,2024-05-14,1000000.00,4.492681,100.781402
08:02:31,91282CKN0,TSRYS5793018,D,B,C,2024-05-14,1000000.00,4.495334,100.765625
08:02:31,91282CKN0,TSRYS5793018,D,B,C,2024-05-14,1000000.00,4.495334,100.765625
08:02:32,91282CKN0,TSRYS5793018,D,S,C,2024-05-14,1000000.00,4.495292,100.765875
08:02:32,91282CKN0,TSRYS5793018,D,B,C,2024-05-14,1000000.00,4.495334,100.765625
08:02:32,91282CKN0,TSRYS5793018,D,S,C,2024-05-14,1000000.00,4.495334,100.765625
08:02:32,91282CKN0,TSRYS5793018,D,S,C,2024-05-14,1000000.00,4.495308,100.765777
08:02:32,91282CKN0,TSRYS5793018,D,S,D,2024-05-14,1000000.00,4.492706,100.78125
08:02:32,91282CKN0,TSRYS5793018,D,B,C,2024-05-14,1000000.00,4.492706,100.78125
08:02:32,91282CKN0,TSRYS5793018,D,B,C,2024-05-14,1000000.00,4.492706,100.78125
08:02:32,91282CKN0,TSRYS5793018,D,B,C,2024-05-14,1000000.00,4.492732,100.7811
08:02:32,91282CKN0,TSRYS5793018,D,S,D,2024-05-14,1000000.00,4.492706,100.78125
08:02:32,91282CKN0,TSRYS5793018,D,S,D,2024-05-14,1000000.00,4.492706,100.78125
08:02:32,91282CKN0,TSRYS5793018,D,B,C,2024-05-14,1000000.00,4.492706,100.78125
08:02:32,91282CKN0,TSRYS5793018,D,S,D,2024-05-14,1000000.00,4.492706,100.78125
08:02:32,91282CKN0,TSRYS5793018,D,S,D,2024-05-14,1000000.00,4.492706,100.78125
08:02:32,91282CKN0,TSRYS5793018,D,B,C,2024-05-14,1000000.00,4.492732,100.7811
08:02:34,91282CKN0,TSRYS5793018,D,S,T,2024-05-14,2000000.00,4.487453,100.8125
08:02:34,91282CKN0,TSRYS5793018,D,S,C,2024-05-14,1000000.00,4.492706,100.78125
08:02:34,91282CKN0,TSRYS5793018,D,B,C,2024-05-14,1000000.00,4.492706,100.78125
08:02:34,91282CKN0,TSRYS5793018,D,S,C,2024-05-14,1000000.00,4.49008,100.796875
08:02:34,91282CKN0,TSRYS5793018,D,B,C,2024-05-14,1000000.00,4.49008,100.796875
08:02:34,91282CKN0,TSRYS5793018,D,S,T,2024-05-14,1000000.00,4.49008,100.796875
08:02:34,91282CKN0,TSRYS5793018,D,B,C,2024-05-14,1000000.00,4.49008,100.796875
08:02:34,91282CKN0,TSRYS5793018,D,B,C,2024-05-14,1000000.00,4.49008,100.796875
08:02:34,91282CKN0,TSRYS5793018,D,B,C,2024-05-14,1000000.00,4.490113,100.796675
08:02:35,91282CKN0,TSRYS5793018,D,S,C,2024-05-14,1000000.00,4.490054,100.797025
08:02:35,91282CKN0,TSRYS5793018,D,S,C,2024-05-14,1000000.00,4.490054,100.797025
08:02:35,91282CKN0,TSRYS5793018,D,B,C,2024-05-14,1000000.00,4.49008,100.796875
08:02:35,91282CKN0,TSRYS5793018,D,S,C,2024-05-14,1000000.00,4.490054,100.797025
08:02:35,91282CKN0,TSRYS5793018,D,B,C,2024-05-14,1000000.00,4.49008,100.796875
08:02:35,91282CKN0,TSRYS5793018,D,S,C,2024-05-14,2000000.00,4.490054,100.797025
08:02:35,91282CKN0,TSRYS5793018,D,B,C,2024-05-14,1000000.00,4.49008,100.796875
08:02:35,91282CKN0,TSRYS5793018,D,S,C,2024-05-14,1000000.00,4.490054,100.797025
08:02:35,91282CKN0,TSRYS5793018,D,B,C,2024-05-14,1000000.00,4.490105,100.796725
08:02:35,91282CKN0,TSRYS5793018,D,B,C,2024-05-14,2000000.00,4.49008,100.796875
08:02:35,91282CKN0,TSRYS5793018,D,S,C,2024-05-14,1000000.00,4.490054,100.797025
08:02:35,91282CKN0,TSRYS5793018,D,S,C,2024-05-14,1000000.00,4.490054,100.797025
08:02:35,91282CKN0,TSRYS5793018,D,S,C,2024-05-14,1000000.00,4.490054,100.797025
08:02:35,91282CKN0,TSRYS5793018,D,S,D,2024-05-14,1000000.00,4.49008,100.796875
08:02:35,91282CKN0,TSRYS5793018,D,S,D,2024-05-14,2000000.00,4.49008,100.796875
08:02:35,91282CKN0,TSRYS5793018,D,B,C,2024-05-14,1000000.00,4.479577,100.859375
08:02:35,91282CKN0,TSRYS5793018,D,S,D,2024-05-14,1000000.00,4.479577,100.859375
08:02:36,91282CKN0,TSRYS5793018,D,B,C,2024-05-14,1000000.00,4.490105,100.796725
08:02:36,91282CKN0,TSRYS5793018,D,S,C,2024-05-14,1000000.00,4.49008,100.796875
08:02:36,91282CKN0,TSRYS5793018,D,B,C,2024-05-14,1000000.00,4.490105,100.796725
08:02:36,91282CKN0,TSRYS5793018,D,S,C,2024-05-14,1000000.00,4.49008,100.796875
08:02:36,91282CKN0,TSRYS5793018,D,B,C,2024-05-14,1000000.00,4.490105,100.796725
08:02:36,91282CKN0,TSRYS5793018,D,S,C,2024-05-14,1000000.00,4.49008,100.796875
08:02:36,91282CKN0,TSRYS5793018,D,S,C,2024-05-14,1000000.00,4.49008,100.796875
08:02:36,91282CKN0,TSRYS5793018,D,S,D,2024-05-14,1000000.00,4.49008,100.796875
08:02:36,91282CKN0,TSRYS5793018,D,B,C,2024-05-14,1000000.00,4.490105,100.796725
08:02:36,91282CKN0,TSRYS5793018,D,B,C,2024-05-14,1000000.00,4.49008,100.796875
08:02:36,91282CKN0,TSRYS5793018,D,S,C,2024-05-14,1000000.00,4.49008,100.796875
