tradeTime,cusip,issueSymbolIdentifier,priceType,reportingSideCode,contraPartyTypeCode,tradeDate,reportedTradeVolume,lastSaleYield,lastSalePrice
08:00:00,91282CLJ8,TSRYS5875649,D,S,D,2024-09-10,1000000.00,3.586728,100.998046875
08:00:00,91282CLJ8,TSRYS5875649,D,S,D,2024-09-10,1000000.00,3.586728,100.998046875
08:00:00,91282CLJ8,TSRYS5875649,D,S,D,2024-09-10,1000000.00,3.585141,101.0078125
08:00:00,91282CLJ8,TSRYS5875649,D,S,D,2024-09-10,1000000.00,3.585141,101.0078125
08:00:00,91282CLJ8,TSRYS5875649,D,S,D,2024-09-10,1000000.00,3.589267,100.982421875
08:00:00,91282CLJ8,TSRYS5875649,D,S,D,2024-09-10,2000000.00,3.594029,100.953125
08:00:00,91282CLJ8,TSRYS5875649,D,S,T,2024-09-10,2000000.00,3.593394,100.95703125
08:00:00,91282CLJ8,TSRYS5875649,D,S,D,2024-09-10,2000000.00,3.594664,100.94921875
08:00:00,91282CLJ8,TSRYS5875649,D,S,D,2024-09-10,1000000.00,3.59657,100.9375
08:00:00,91282CLJ8,TSRYS5875649,D,S,D,2024-09-10,1000000.00,3.599111,100.921875
08:00:00,91282CLJ8,TSRYS5875649,D,S,D,2024-09-10,2000000.00,3.599428,100.919921875
08:00:00,91282CLJ8,TSRYS5875649,D,S,D,2024-09-10,1000000.00,3.599428,100.919921875
08:00:00,91282CLJ8,TSRYS5875649,D,S,D,2024-09-10,1000000.00,3.598158,100.927734375
08:00:00,91282CLJ8,TSRYS5875649,D,S,D,2024-09-10,1000000.00,3.603241,100.896484375
08:00:00,91282CLJ8,TSRYS5875649,D,S,T,2024-09-10,1000000.00,3.594029,100.953125
08:00:00,91282CLJ8,TSRYS5875649,D,S,T,2024-09-10,1000000.00,3.594029,100.953125
08:00:00,91282CLJ8,TSRYS5875649,D,S,D,2024-09-10,2000000.00,3.594664,100.94921875
08:00:03,91282CLJ8,TSRYS5875649,D,S,T,2024-09-10,1000000.00,3.594982,100.947265625
08:00:03,91282CLJ8,TSRYS5875649,D,S,T,2024-09-10,1000000.00,3.594029,100.953125
08:00:03,91282CLJ8,TSRYS5875649,D,S,T,2024-09-10,1000000.00,3.594347,100.951171875
08:00:03,91282CLJ8,TSRYS5875649,D,S,T,2024-09-10,1000000.00,3.594347,100.951171875
08:00:03,91282CLJ8,TSRYS5875649,D,S,D,2024-09-10,2000000.00,3.594982,100.947265625
08:00:03,91282CLJ8,TSRYS5875649,D,S,D,2024-09-10,2000000.00,3.594982,100.947265625
08:00:03,91282CLJ8,TSRYS5875649,D,S,D,2024-09-10,1000000.00,3.593394,100.95703125
08:00:03,91282CLJ8,TSRYS5875649,D,S,D,2024-09-10,1000000.00,3.594029,100.953125
08:00:03,91282CLJ8,TSRYS5875649,D,S,D,2024-09-10,1000000.00,3.594029,100.953125
08:00:03,91282CLJ8,TSRYS5875649,D,S,T,2024-09-10,1000000.00,3.596252,100.939453125
08:00:03,91282CLJ8,TSRYS5875649,D,S,T,2024-09-10,1000000.00,3.596252,100.939453125
08:00:03,91282CLJ8,TSRYS5875649,D,S,D,2024-09-10,1000000.00,3.602923,100.8984375
08:00:03,91282CLJ8,TSRYS5875649,D,S,D,2024-09-10,1000000.00,3.603241,100.896484375
08:00:03,91282CLJ8,TSRYS5875649,D,S,T,2024-09-10,1000000.00,3.602923,100.8984375
08:00:03,91282CLJ8,TSRYS5875649,D,S,D,2024-09-10,1000000.00,3.605147,100.884765625
08:00:03,91282CLJ8,TSRYS5875649,D,S,D,2024-09-10,1000000.00,3.605147,100.884765625
08:00:03,91282CLJ8,TSRYS5875649,D,S,T,2024-09-10,2000000.00,3.604512,100.888671875
08:00:03,91282CLJ8,TSRYS5875649,D,S,T,2024-09-10,2000000.00,3.604512,100.888671875
08:00:03,91282CLJ8,TSRYS5875649,D,S,T,2024-09-10,2000000.00,3.604194,100.890625
08:00:03,91282CLJ8,TSRYS5875649,D,S,T,2024-09-10,2000000.00,3.604194,100.890625
08:00:03,91282CLJ8,TSRYS5875649,D,S,T,2024-09-10,2000000.00,3.604194,100.890625
08:00:03,91282CLJ8,TSRYS5875649,D,S,D,2024-09-10,1000000.00,3.602605,100.900390625
08:00:03,91282CLJ8,TSRYS5875649,D,S,D,2024-09-10,1000000.00,3.602605,100.900390625
08:00:03,91282CLJ8,TSRYS5875649,D,S,D,2024-09-10,1000000.00,3.602605,100.900390625
08:00:03,91282CLJ8,TSRYS5875649,D,S,D,2024-09-10,1000000.00,3.602605,100.900390625
08:00:03,91282CLJ8,TSRYS5875649,D,S,D,2024-09-10,1000000.00,3.602605,100.900390625
08:00:03,91282CLJ8,TSRYS5875649,D,S,D,2024-09-10,1000000.00,3.602605,100.900390625
08:00:03,91282CLJ8,TSRYS5875649,D,S,T,2024-09-10,1000000.00,3.602605,100.900390625
08:00:03,91282CLJ8,TSRYS5875649,D,S,D,2024-09-10,1000000.00,3.602605,100.900390625
08:00:03,91282CLJ8,TSRYS5875649,D,S,D,2024-09-10,1000000.00,3.602605,100.900390625
08:00:03,91282CLJ8,TSRYS5875649,D,S,T,2024-09-10,1000000.00,3.602605,100.900390625
08:00:03,91282CLJ8,TSRYS5875649,D,S,D,2024-09-10,1000000.00,3.602605,100.900390625
08:00:03,91282CLJ8,TSRYS5875649,D,S,D,2024-09-10,1000000.00,3.602605,100.900390625
08:00:03,91282CLJ8,TSRYS5875649,D,S,D,2024-09-10,1000000.00,3.602605,100.900390625
08:00:03,91282CLJ8,TSRYS5875649,D,S,D,2024-09-10,1000000.00,3.602605,100.900390625
08:00:03,91282CLJ8,TSRYS5875649,D,S,D,2024-09-10,1000000.00,3.602605,100.900390625
08:00:03,91282CLJ8,TSRYS5875649,D,S,D,2024-09-10,1000000.00,3.602605,100.900390625
08:00:03,91282CLJ8,TSRYS5875649,D,S,T,2024-09-10,1000000.00,3.602605,100.900390625
08:00:03,91282CLJ8,TSRYS5875649,D,S,D,2024-09-10,1000000.00,3.602605,100.900390625
08:00:03,91282CLJ8,TSRYS5875649,D,S,D,2024-09-10,1000000.00,3.602605,100.900390625
08:00:03,91282CLJ8,TSRYS5875649,D,S,T,2024-09-10,1000000.00,3.602605,100.900390625
08:00:03,91282CLJ8,TSRYS5875649,D,S,D,2024-09-10,1000000.00,3.602605,100.900390625
08:00:03,91282CLJ8,TSRYS5875649,D,S,D,2024-09-10,1000000.00,3.602605,100.900390625
08:00:03,91282CLJ8,TSRYS5875649,D,S,D,2024-09-10,1000000.00,3.602605,100.900390625
08:00:03,91282CLJ8,TSRYS5875649,D,S,D,2024-09-10,1000000.00,3.603241,100.896484375
08:00:03,91282CLJ8,TSRYS5875649,D,S,D,2024-09-10,1000000.00,3.603241,100.896484375
08:00:03,91282CLJ8,TSRYS5875649,D,S,D,2024-09-10,1000000.00,3.603241,100.896484375
08:00:03,91282CLJ8,TSRYS5875649,D,S,D,2024-09-10,1000000.00,3.607054,100.873046875
08:00:03,91282CLJ8,TSRYS5875649,D,S,T,2024-09-10,1000000.00,3.607054,100.873046875
08:00:03,91282CLJ8,TSRYS5875649,D,S,D,2024-09-10,1000000.00,3.607054,100.873046875
08:00:03,91282CLJ8,TSRYS5875649,D,S,D,2024-09-10,1000000.00,3.608008,100.8671875
08:00:03,91282CLJ8,TSRYS5875649,D,S,D,2024-09-10,1000000.00,3.608008,100.8671875
08:00:03,91282CLJ8,TSRYS5875649,D,S,D,2024-09-10,1000000.00,3.608008,100.8671875
08:00:03,91282CLJ8,TSRYS5875649,D,S,D,2024-09-10,1000000.00,3.608008,100.8671875
08:00:03,91282CLJ8,TSRYS5875649,D,S,T,2024-09-10,1000000.00,3.607372,100.87109375
08:00:03,91282CLJ8,TSRYS5875649,D,S,D,2024-09-10,1000000.00,3.608326,100.865234375
08:00:03,91282CLJ8,TSRYS5875649,D,S,D,2024-09-10,2000000.00,3.608326,100.865234375
08:00:03,91282CLJ8,TSRYS5875649,D,S,D,2024-09-10,1000000.00,3.60769,100.869140625
08:00:03,91282CLJ8,TSRYS5875649,D,S,D,2024-09-10,2000000.00,3.608008,100.8671875
08:00:03,91282CLJ8,TSRYS5875649,D,S,D,2024-09-10,1000000.00,3.608008,100.8671875
08:00:03,91282CLJ8,TSRYS5875649,D,S,D,2024-09-10,1000000.00,3.608008,100.8671875
08:00:03,91282CLJ8,TSRYS5875649,D,S,D,2024-09-10,1000000.00,3.608008,100.8671875
08:00:03,91282CLJ8,TSRYS5875649,D,S,D,2024-09-10,1000000.00,3.608008,100.8671875
08:00:03,91282CLJ8,TSRYS5875649,D,S,D,2024-09-10,1000000.00,3.60769,100.869140625
08:00:03,91282CLJ8,TSRYS5875649,D,S,D,2024-09-10,1000000.00,3.60769,100.869140625
08:00:03,91282CLJ8,TSRYS5875649,D,S,D,2024-09-10,1000000.00,3.608643,100.86328125
08:00:03,91282CLJ8,TSRYS5875649,D,S,D,2024-09-10,1000000.00,3.608643,100.86328125
08:00:03,91282CLJ8,TSRYS5875649,D,S,D,2024-09-10,1000000.00,3.608643,100.86328125
08:00:03,91282CLJ8,TSRYS5875649,D,S,D,2024-09-10,2000000.00,3.594347,100.951171875
08:00:03,91282CLJ8,TSRYS5875649,D,S,D,2024-09-10,2000000.00,3.594347,100.951171875
08:00:03,91282CLJ8,TSRYS5875649,D,S,D,2024-09-10,2000000.00,3.594347,100.951171875
08:00:03,91282CLJ8,TSRYS5875649,D,S,D,2024-09-10,1000000.00,3.594347,100.951171875
08:00:03,91282CLJ8,TSRYS5875649,D,S,D,2024-09-10,2000000.00,3.599746,100.91796875
08:00:03,91282CLJ8,TSRYS5875649,D,S,D,2024-09-10,2000000.00,3.601017,100.91015625
08:00:03,91282CLJ8,TSRYS5875649,D,S,D,2024-09-10,1000000.00,3.601017,100.91015625
08:00:03,91282CLJ8,TSRYS5875649,D,S,T,2024-09-10,1000000.00,3.601017,100.91015625
08:00:03,91282CLJ8,TSRYS5875649,D,S,D,2024-09-10,1000000.00,3.601017,100.91015625
08:00:03,91282CLJ8,TSRYS5875649,D,S,D,2024-09-10,2000000.00,3.601017,100.91015625
08:00:03,91282CLJ8,TSRYS5875649,D,S,D,2024-09-10,1000000.00,3.601017,100.91015625
08:00:03,91282CLJ8,TSRYS5875649,D,S,T,2024-09-10,2000000.00,3.601017,100.91015625
08:00:03,91282CLJ8,TSRYS5875649,D,S,D,2024-09-10,1000000.00,3.601017,100.91015625
08:00:03,91282CLJ8,TSRYS5875649,D,S,D,2024-09-10,1000000.00,3.601017,100.91015625
08:00:03,91282CLJ8,TSRYS5875649,D,S,D,2024-09-10,1000000.00,3.601017,100.91015625
08:00:03,91282CLJ8,TSRYS5875649,D,S,D,2024-09-10,1000000.00,3.601017,100.91015625
08:00:03,91282CLJ8,TSRYS5875649,D,S,D,2024-09-10,2000000.00,3.601017,100.91015625
08:00:03,91282CLJ8,TSRYS5875649,D,S,D,2024-09-10,1000000.00,3.601017,100.91015625
08:00:03,91282CLJ8,TSRYS5875649,D,S,D,2024-09-10,1000000.00,3.601017,100.91015625
08:00:03,91282CLJ8,TSRYS5875649,D,S,D,2024-09-10,1000000.00,3.601017,100.91015625
08:00:03,91282CLJ8,TSRYS5875649,D,S,D,2024-09-10,2000000.00,3.601017,100.91015625
08:00:03,91282CLJ8,TSRYS5875649,D,S,T,2024-09-10,2000000.00,3.601017,100.91015625
08:00:03,91282CLJ8,TSRYS5875649,D,S,T,2024-09-10,2000000.00,3.600064,100.916015625
08:00:03,91282CLJ8,TSRYS5875649,D,S,D,2024-09-10,1000000.00,3.601017,100.91015625
08:00:03,91282CLJ8,TSRYS5875649,D,S,D,2024-09-10,1000000.00,3.600381,100.9140625
08:00:03,91282CLJ8,TSRYS5875649,D,S,T,2024-09-10,1000000.00,3.603559,100.89453125
08:00:03,91282CLJ8,TSRYS5875649,D,S,D,2024-09-10,1000000.00,3.603559,100.89453125
08:00:03,91282CLJ8,TSRYS5875649,D,S,D,2024-09-10,1000000.00,3.603559,100.89453125
08:00:03,91282CLJ8,TSRYS5875649,D,S,D,2024-09-10,2000000.00,3.604512,100.888671875
08:00:03,91282CLJ8,TSRYS5875649,D,S,D,2024-09-10,2000000.00,3.604512,100.888671875
08:00:03,91282CLJ8,TSRYS5875649,D,S,D,2024-09-10,1000000.00,3.601652,100.90625
08:00:03,91282CLJ8,TSRYS5875649,D,S,D,2024-09-10,1000000.00,3.601017,100.91015625
08:00:03,91282CLJ8,TSRYS5875649,D,S,D,2024-09-10,1000000.00,3.603559,100.89453125
08:00:03,91282CLJ8,TSRYS5875649,D,S,T,2024-09-10,1000000.00,3.606101,100.87890625
08:00:03,91282CLJ8,TSRYS5875649,D,S,D,2024-09-10,2000000.00,3.606101,100.87890625
08:00:03,91282CLJ8,TSRYS5875649,D,S,T,2024-09-10,1000000.00,3.603241,100.896484375
08:00:03,91282CLJ8,TSRYS5875649,D,S,T,2024-09-10,1000000.00,3.603241,100.896484375
08:00:03,91282CLJ8,TSRYS5875649,D,S,T,2024-09-10,1000000.00,3.604194,100.890625
08:00:03,91282CLJ8,TSRYS5875649,D,S,D,2024-09-10,1000000.00,3.601334,100.908203125
08:00:03,91282CLJ8,TSRYS5875649,D,S,D,2024-09-10,1000000.00,3.601334,100.908203125
08:00:03,91282CLJ8,TSRYS5875649,D,S,D,2024-09-10,1000000.00,3.602288,100.90234375
08:00:03,91282CLJ8,TSRYS5875649,D,S,D,2024-09-10,1000000.00,3.602288,100.90234375
08:00:09,91282CLJ8,TSRYS5875649,D,S,T,2024-09-10,1000000.00,3.602923,100.8984375
08:00:09,91282CLJ8,TSRYS5875649,D,S,T,2024-09-10,1000000.00,3.602923,100.8984375
08:00:10,91282CLJ8,TSRYS5875649,D,S,T,2024-09-10,1000000.00,3.602923,100.8984375
08:00:12,91282CLJ8,TSRYS5875649,D,B,C,2024-09-10,20300000.00,3.597205,100.933594
08:00:14,91282CLJ8,TSRYS5875649,D,S,D,2024-09-10,1000000.00,3.581334,101.03125
08:00:14,91282CLJ8,TSRYS5875649,D,S,D,2024-09-10,1000000.00,3.588632,100.986328125
08:00:14,91282CLJ8,TSRYS5875649,D,S,T,2024-09-10,1000000.00,3.588632,100.986328125
08:00:14,91282CLJ8,TSRYS5875649,D,S,D,2024-09-10,1000000.00,3.594982,100.947265625
08:00:14,91282CLJ8,TSRYS5875649,D,S,D,2024-09-10,1000000.00,3.598158,100.927734375
08:00:14,91282CLJ8,TSRYS5875649,D,S,D,2024-09-10,1000000.00,3.598158,100.927734375
08:00:14,91282CLJ8,TSRYS5875649,D,S,D,2024-09-10,1000000.00,3.598158,100.927734375
08:00:14,91282CLJ8,TSRYS5875649,D,S,D,2024-09-10,1000000.00,3.598158,100.927734375
08:00:14,91282CLJ8,TSRYS5875649,D,S,T,2024-09-10,1000000.00,3.598158,100.927734375
08:00:14,91282CLJ8,TSRYS5875649,D,S,D,2024-09-10,1000000.00,3.598158,100.927734375
08:00:14,91282CLJ8,TSRYS5875649,D,S,D,2024-09-10,1000000.00,3.598158,100.927734375
08:00:14,91282CLJ8,TSRYS5875649,D,S,D,2024-09-10,1000000.00,3.598158,100.927734375
08:00:14,91282CLJ8,TSRYS5875649,D,S,D,2024-09-10,1000000.00,3.598158,100.927734375
08:00:14,91282CLJ8,TSRYS5875649,D,S,D,2024-09-10,1000000.00,3.598158,100.927734375
08:00:14,91282CLJ8,TSRYS5875649,D,S,T,2024-09-10,1000000.00,3.598158,100.927734375
08:00:14,91282CLJ8,TSRYS5875649,D,S,T,2024-09-10,1000000.00,3.598158,100.927734375
08:00:14,91282CLJ8,TSRYS5875649,D,S,T,2024-09-10,1000000.00,3.598158,100.927734375
08:00:15,91282CLJ8,TSRYS5875649,D,S,T,2024-09-10,1000000.00,3.590219,100.9765625
08:00:15,91282CLJ8,TSRYS5875649,D,S,T,2024-09-10,1000000.00,3.591489,100.96875
08:00:15,91282CLJ8,TSRYS5875649,D,S,T,2024-09-10,1000000.00,3.591489,100.96875
08:00:15,91282CLJ8,TSRYS5875649,D,S,T,2024-09-10,1000000.00,3.58895,100.984375
08:00:15,91282CLJ8,TSRYS5875649,D,S,T,2024-09-10,1000000.00,3.591489,100.96875
08:00:15,91282CLJ8,TSRYS5875649,D,S,T,2024-09-10,1000000.00,3.589267,100.982421875
08:00:15,91282CLJ8,TSRYS5875649,D,S,T,2024-09-10,1000000.00,3.586728,100.998046875
08:00:15,91282CLJ8,TSRYS5875649,D,S,T,2024-09-10,1000000.00,3.586728,100.998046875
08:00:15,91282CLJ8,TSRYS5875649,D,S,T,2024-09-10,1000000.00,3.596252,100.939453125
08:00:15,91282CLJ8,TSRYS5875649,D,S,D,2024-09-10,1000000.00,3.596887,100.935546875
08:00:15,91282CLJ8,TSRYS5875649,D,S,T,2024-09-10,1000000.00,3.595617,100.943359375
08:00:15,91282CLJ8,TSRYS5875649,D,S,T,2024-09-10,1000000.00,3.595935,100.94140625
08:00:15,91282CLJ8,TSRYS5875649,D,S,T,2024-09-10,1000000.00,3.595617,100.943359375
08:00:15,91282CLJ8,TSRYS5875649,D,S,T,2024-09-10,1000000.00,3.605465,100.8828125
08:00:15,91282CLJ8,TSRYS5875649,D,S,T,2024-09-10,1000000.00,3.604512,100.888671875
08:00:15,91282CLJ8,TSRYS5875649,D,S,T,2024-09-10,1000000.00,3.604512,100.888671875
08:00:15,91282CLJ8,TSRYS5875649,D,S,T,2024-09-10,1000000.00,3.604194,100.890625
08:00:15,91282CLJ8,TSRYS5875649,D,S,T,2024-09-10,1000000.00,3.604512,100.888671875
08:00:15,91282CLJ8,TSRYS5875649,D,S,T,2024-09-10,1000000.00,3.604512,100.888671875
08:00:15,91282CLJ8,TSRYS5875649,D,S,T,2024-09-10,1000000.00,3.604512,100.888671875
08:00:15,91282CLJ8,TSRYS5875649,D,S,T,2024-09-10,1000000.00,3.604512,100.888671875
08:00:15,91282CLJ8,TSRYS5875649,D,S,T,2024-09-10,1000000.00,3.604194,100.890625
08:00:15,91282CLJ8,TSRYS5875649,D,S,T,2024-09-10,1000000.00,3.604194,100.890625
08:00:15,91282CLJ8,TSRYS5875649,D,S,T,2024-09-10,1000000.00,3.604194,100.890625
08:00:15,91282CLJ8,TSRYS5875649,D,S,D,2024-09-10,1000000.00,3.605783,100.880859375
08:00:15,91282CLJ8,TSRYS5875649,D,S,T,2024-09-10,1000000.00,3.605783,100.880859375
08:00:15,91282CLJ8,TSRYS5875649,D,S,T,2024-09-10,1000000.00,3.605783,100.880859375
08:00:15,91282CLJ8,TSRYS5875649,D,S,T,2024-09-10,1000000.00,3.603559,100.89453125
08:00:15,91282CLJ8,TSRYS5875649,D,S,D,2024-09-10,1000000.00,3.602605,100.900390625
08:00:15,91282CLJ8,TSRYS5875649,D,S,D,2024-09-10,1000000.00,3.602605,100.900390625
08:00:15,91282CLJ8,TSRYS5875649,D,S,D,2024-09-10,1000000.00,3.602605,100.900390625
08:00:15,91282CLJ8,TSRYS5875649,D,S,D,2024-09-10,1000000.00,3.602605,100.900390625
08:00:15,91282CLJ8,TSRYS5875649,D,S,T,2024-09-10,1000000.00,3.60483,100.88671875
08:00:15,91282CLJ8,TSRYS5875649,D,S,T,2024-09-10,2000000.00,3.605465,100.8828125
08:00:15,91282CLJ8,TSRYS5875649,D,S,T,2024-09-10,1000000.00,3.608643,100.86328125
08:00:15,91282CLJ8,TSRYS5875649,D,S,T,2024-09-10,1000000.00,3.607372,100.87109375
08:00:15,91282CLJ8,TSRYS5875649,D,S,T,2024-09-10,1000000.00,3.609279,100.859375
08:00:15,91282CLJ8,TSRYS5875649,D,S,T,2024-09-10,1000000.00,3.609279,100.859375
08:00:15,91282CLJ8,TSRYS5875649,D,S,T,2024-09-10,1000000.00,3.598158,100.927734375
08:00:15,91282CLJ8,TSRYS5875649,D,S,T,2024-09-10,1000000.00,3.598158,100.927734375
08:00:15,91282CLJ8,TSRYS5875649,D,S,T,2024-09-10,1000000.00,3.59657,100.9375
08:00:15,91282CLJ8,TSRYS5875649,D,S,T,2024-09-10,1000000.00,3.59657,100.9375
08:00:15,91282CLJ8,TSRYS5875649,D,S,T,2024-09-10,1000000.00,3.59657,100.9375
08:00:15,91282CLJ8,TSRYS5875649,D,S,T,2024-09-10,3000000.00,3.59657,100.9375
08:00:15,91282CLJ8,TSRYS5875649,D,S,T,2024-09-10,1000000.00,3.59657,100.9375
08:00:15,91282CLJ8,TSRYS5875649,D,S,T,2024-09-10,1000000.00,3.59657,100.9375
08:00:15,91282CLJ8,TSRYS5875649,D,S,D,2024-09-10,1000000.00,3.601017,100.91015625
08:00:15,91282CLJ8,TSRYS5875649,D,S,T,2024-09-10,1000000.00,3.601017,100.91015625
08:00:15,91282CLJ8,TSRYS5875649,D,S,T,2024-09-10,1000000.00,3.601017,100.91015625
08:00:15,91282CLJ8,TSRYS5875649,D,S,T,2024-09-10,1000000.00,3.600064,100.916015625
08:00:15,91282CLJ8,TSRYS5875649,D,S,T,2024-09-10,1000000.00,3.600064,100.916015625
08:00:15,91282CLJ8,TSRYS5875649,D,S,T,2024-09-10,1000000.00,3.600064,100.916015625
08:00:15,91282CLJ8,TSRYS5875649,D,S,T,2024-09-10,1000000.00,3.600064,100.916015625
08:00:15,91282CLJ8,TSRYS5875649,D,S,T,2024-09-10,1000000.00,3.600064,100.916015625
08:00:15,91282CLJ8,TSRYS5875649,D,S,T,2024-09-10,1000000.00,3.600064,100.916015625
08:00:15,91282CLJ8,TSRYS5875649,D,S,T,2024-09-10,1000000.00,3.600064,100.916015625
08:00:15,91282CLJ8,TSRYS5875649,D,S,T,2024-09-10,1000000.00,3.600064,100.916015625
08:00:15,91282CLJ8,TSRYS5875649,D,S,T,2024-09-10,1000000.00,3.600064,100.916015625
08:00:15,91282CLJ8,TSRYS5875649,D,S,D,2024-09-10,1000000.00,3.604512,100.888671875
08:00:15,91282CLJ8,TSRYS5875649,D,S,D,2024-09-10,1000000.00,3.603559,100.89453125
08:00:15,91282CLJ8,TSRYS5875649,D,S,T,2024-09-10,1000000.00,3.604512,100.888671875
08:00:15,91282CLJ8,TSRYS5875649,D,S,T,2024-09-10,1000000.00,3.604512,100.888671875
08:00:17,91282CLJ8,TSRYS5875649,D,S,D,2024-09-10,1000000.00,3.599111,100.921875
08:00:19,91282CLJ8,TSRYS5875649,D,B,C,2024-09-10,1000000.00,3.596252,100.939453125
08:00:19,91282CLJ8,TSRYS5875649,D,S,D,2024-09-10,1000000.00,3.596252,100.939453125
08:00:20,91282CLJ8,TSRYS5875649,D,B,C,2024-09-10,1000000.00,3.5953,100.9453125
08:00:20,91282CLJ8,TSRYS5875649,D,B,C,2024-09-10,1000000.00,3.5953,100.9453125
08:00:21,91282CLJ8,TSRYS5875649,D,S,D,2024-09-10,1000000.00,3.5953,100.9453125
08:00:21,91282CLJ8,TSRYS5875649,D,S,D,2024-09-10,1000000.00,3.5953,100.9453125
08:00:23,91282CLJ8,TSRYS5875649,D,B,C,2024-09-10,1000000.00,3.590219,100.9765625
08:00:23,91282CLJ8,TSRYS5875649,D,B,C,2024-09-10,1000000.00,3.590219,100.9765625
08:00:23,91282CLJ8,TSRYS5875649,D,S,D,2024-09-10,1000000.00,3.590219,100.9765625
08:00:23,91282CLJ8,TSRYS5875649,D,S,D,2024-09-10,1000000.00,3.590219,100.9765625
08:00:23,91282CLJ8,TSRYS5875649,D,B,C,2024-09-10,1000000.00,3.590219,100.9765625
08:00:23,91282CLJ8,TSRYS5875649,D,B,C,2024-09-10,1000000.00,3.590219,100.9765625
08:00:23,91282CLJ8,TSRYS5875649,D,S,D,2024-09-10,1000000.00,3.590219,100.9765625
08:00:23,91282CLJ8,TSRYS5875649,D,S,D,2024-09-10,1000000.00,3.590219,100.9765625
08:00:23,91282CLJ8,TSRYS5875649,D,S,D,2024-09-10,1000000.00,3.590219,100.9765625
08:00:23,91282CLJ8,TSRYS5875649,D,B,C,2024-09-10,1000000.00,3.590219,100.9765625
08:00:24,91282CLJ8,TSRYS5875649,D,S,D,2024-09-10,1000000.00,3.594664,100.94921875
08:00:24,91282CLJ8,TSRYS5875649,D,S,T,2024-09-10,1000000.00,3.605465,100.8828125
08:00:24,91282CLJ8,TSRYS5875649,D,S,T,2024-09-10,1000000.00,3.605465,100.8828125
08:00:24,91282CLJ8,TSRYS5875649,D,S,T,2024-09-10,1000000.00,3.605465,100.8828125
08:00:26,91282CLJ8,TSRYS5875649,D,S,D,2024-09-10,1000000.00,3.601652,100.90625
08:00:27,91282CLJ8,TSRYS5875649,D,S,D,2024-09-10,1000000.00,3.605783,100.880859375
08:00:28,91282CLJ8,TSRYS5875649,D,S,T,2024-09-10,1000000.00,3.602923,100.8984375
08:00:28,91282CLJ8,TSRYS5875649,D,S,T,2024-09-10,3000000.00,3.604194,100.890625
08:00:28,91282CLJ8,TSRYS5875649,D,S,D,2024-09-10,1000000.00,3.599111,100.921875
08:00:28,91282CLJ8,TSRYS5875649,D,S,D,2024-09-10,1000000.00,3.5953,100.9453125
08:00:28,91282CLJ8,TSRYS5875649,D,S,D,2024-09-10,1000000.00,3.5953,100.9453125
08:00:28,91282CLJ8,TSRYS5875649,D,S,T,2024-09-10,2000000.00,3.589267,100.982421875
08:00:28,91282CLJ8,TSRYS5875649,D,S,D,2024-09-10,1000000.00,3.601652,100.90625
08:00:28,91282CLJ8,TSRYS5875649,D,S,D,2024-09-10,1000000.00,3.605465,100.8828125
08:00:28,91282CLJ8,TSRYS5875649,D,S,D,2024-09-10,1000000.00,3.605465,100.8828125
08:00:28,91282CLJ8,TSRYS5875649,D,S,D,2024-09-10,1000000.00,3.605465,100.8828125
08:00:28,91282CLJ8,TSRYS5875649,D,S,D,2024-09-10,1000000.00,3.606736,100.875
08:00:28,91282CLJ8,TSRYS5875649,D,S,D,2024-09-10,1000000.00,3.608008,100.8671875
08:00:28,91282CLJ8,TSRYS5875649,D,S,T,2024-09-10,1000000.00,3.608643,100.86328125
08:00:28,91282CLJ8,TSRYS5875649,D,S,T,2024-09-10,1000000.00,3.601334,100.908203125
08:00:28,91282CLJ8,TSRYS5875649,D,S,D,2024-09-10,1000000.00,3.600381,100.9140625
08:00:28,91282CLJ8,TSRYS5875649,D,S,D,2024-09-10,1000000.00,3.602923,100.8984375
08:00:28,91282CLJ8,TSRYS5875649,D,S,T,2024-09-10,1000000.00,3.604194,100.890625
08:00:28,91282CLJ8,TSRYS5875649,D,S,T,2024-09-10,1000000.00,3.600699,100.912109375
08:00:28,91282CLJ8,TSRYS5875649,D,S,T,2024-09-10,3000000.00,3.602923,100.8984375
08:00:28,91282CLJ8,TSRYS5875649,D,S,D,2024-09-10,1000000.00,3.604194,100.890625
08:00:28,91282CLJ8,TSRYS5875649,D,S,D,2024-09-10,1000000.00,3.605465,100.8828125
08:00:28,91282CLJ8,TSRYS5875649,D,S,T,2024-09-10,2000000.00,3.604194,100.890625
08:00:28,91282CLJ8,TSRYS5875649,D,S,D,2024-09-10,1000000.00,3.606419,100.876953125
08:00:28,91282CLJ8,TSRYS5875649,D,S,D,2024-09-10,1000000.00,3.605465,100.8828125
08:00:28,91282CLJ8,TSRYS5875649,D,S,D,2024-09-10,1000000.00,3.606736,100.875
08:00:28,91282CLJ8,TSRYS5875649,D,S,D,2024-09-10,1000000.00,3.608008,100.8671875
08:00:28,91282CLJ8,TSRYS5875649,D,B,C,2024-09-10,1000000.00,3.608008,100.8671875
08:00:28,91282CLJ8,TSRYS5875649,D,B,C,2024-09-10,1000000.00,3.608008,100.8671875
08:00:28,91282CLJ8,TSRYS5875649,D,S,C,2024-09-10,1000000.00,3.608008,100.8671875
08:00:28,91282CLJ8,TSRYS5875649,D,B,C,2024-09-10,1000000.00,3.608008,100.8671875
08:00:28,91282CLJ8,TSRYS5875649,D,S,D,2024-09-10,1000000.00,3.608008,100.8671875
08:00:28,91282CLJ8,TSRYS5875649,D,S,D,2024-09-10,1000000.00,3.608961,100.861328125
08:00:28,91282CLJ8,TSRYS5875649,D,S,D,2024-09-10,1000000.00,3.609279,100.859375
08:00:28,91282CLJ8,TSRYS5875649,D,B,C,2024-09-10,1000000.00,3.608961,100.861328125
08:00:28,91282CLJ8,TSRYS5875649,D,B,C,2024-09-10,1000000.00,3.609279,100.859375
08:00:28,91282CLJ8,TSRYS5875649,D,S,D,2024-09-10,1000000.00,3.609279,100.859375
08:00:28,91282CLJ8,TSRYS5875649,D,B,C,2024-09-10,1000000.00,3.609279,100.859375
08:00:28,91282CLJ8,TSRYS5875649,D,S,D,2024-09-10,1000000.00,3.610233,100.853515625
08:00:28,91282CLJ8,TSRYS5875649,D,B,C,2024-09-10,1000000.00,3.609915,100.85546875
08:00:28,91282CLJ8,TSRYS5875649,D,S,D,2024-09-10,1000000.00,3.609915,100.85546875
08:00:29,91282CLJ8,TSRYS5875649,D,B,C,2024-09-10,1000000.00,3.610233,100.853515625
08:00:30,91282CLJ8,TSRYS5875649,D,S,T,2024-09-10,1000000.00,3.582603,101.0234375
08:00:30,91282CLJ8,TSRYS5875649,D,B,C,2024-09-10,1000000.00,3.610233,100.853515625
08:00:30,91282CLJ8,TSRYS5875649,D,B,C,2024-09-10,1000000.00,3.609915,100.85546875
08:00:30,91282CLJ8,TSRYS5875649,D,S,D,2024-09-10,1000000.00,3.610233,100.853515625
08:00:30,91282CLJ8,TSRYS5875649,D,S,T,2024-09-10,1000000.00,3.598158,100.927734375
08:00:30,91282CLJ8,TSRYS5875649,D,S,T,2024-09-10,2000000.00,3.60197,100.904296875
08:00:30,91282CLJ8,TSRYS5875649,D,S,T,2024-09-10,1000000.00,3.593712,100.955078125
08:00:30,91282CLJ8,TSRYS5875649,D,S,T,2024-09-10,1000000.00,3.594664,100.94921875
08:00:30,91282CLJ8,TSRYS5875649,D,S,T,2024-09-10,1000000.00,3.591807,100.966796875
08:00:30,91282CLJ8,TSRYS5875649,D,S,T,2024-09-10,1000000.00,3.591807,100.966796875
08:00:30,91282CLJ8,TSRYS5875649,D,S,T,2024-09-10,1000000.00,3.58895,100.984375
08:00:30,91282CLJ8,TSRYS5875649,D,S,T,2024-09-10,1000000.00,3.592124,100.96484375
08:00:30,91282CLJ8,TSRYS5875649,D,S,T,2024-09-10,1000000.00,3.592124,100.96484375
08:00:30,91282CLJ8,TSRYS5875649,D,S,T,2024-09-10,1000000.00,3.592124,100.96484375
08:00:30,91282CLJ8,TSRYS5875649,D,S,T,2024-09-10,1000000.00,3.59784,100.9296875
08:00:30,91282CLJ8,TSRYS5875649,D,S,T,2024-09-10,1000000.00,3.603241,100.896484375
08:00:30,91282CLJ8,TSRYS5875649,D,S,T,2024-09-10,1000000.00,3.603559,100.89453125
08:00:30,91282CLJ8,TSRYS5875649,D,S,T,2024-09-10,1000000.00,3.604512,100.888671875
08:00:30,91282CLJ8,TSRYS5875649,D,S,T,2024-09-10,1000000.00,3.604194,100.890625
08:00:30,91282CLJ8,TSRYS5875649,D,S,T,2024-09-10,1000000.00,3.604512,100.888671875
08:00:30,91282CLJ8,TSRYS5875649,D,S,T,2024-09-10,1000000.00,3.604194,100.890625
08:00:30,91282CLJ8,TSRYS5875649,D,S,T,2024-09-10,1000000.00,3.603241,100.896484375
08:00:30,91282CLJ8,TSRYS5875649,D,S,T,2024-09-10,1000000.00,3.602288,100.90234375
08:00:30,91282CLJ8,TSRYS5875649,D,S,T,2024-09-10,1000000.00,3.602288,100.90234375
08:00:30,91282CLJ8,TSRYS5875649,D,S,T,2024-09-10,1000000.00,3.602288,100.90234375
08:00:30,91282CLJ8,TSRYS5875649,D,S,T,2024-09-10,1000000.00,3.602923,100.8984375
08:00:30,91282CLJ8,TSRYS5875649,D,S,T,2024-09-10,1000000.00,3.605465,100.8828125
08:00:30,91282CLJ8,TSRYS5875649,D,S,T,2024-09-10,1000000.00,3.605465,100.8828125
08:00:30,91282CLJ8,TSRYS5875649,D,S,T,2024-09-10,1000000.00,3.605465,100.8828125
08:00:30,91282CLJ8,TSRYS5875649,D,S,T,2024-09-10,1000000.00,3.605465,100.8828125
08:00:30,91282CLJ8,TSRYS5875649,D,S,T,2024-09-10,1000000.00,3.606736,100.875
08:00:30,91282CLJ8,TSRYS5875649,D,S,T,2024-09-10,1000000.00,3.606736,100.875
08:00:30,91282CLJ8,TSRYS5875649,D,S,T,2024-09-10,1000000.00,3.609279,100.859375
08:00:30,91282CLJ8,TSRYS5875649,D,S,T,2024-09-10,1000000.00,3.609279,100.859375
08:00:30,91282CLJ8,TSRYS5875649,D,S,T,2024-09-10,1000000.00,3.610233,100.853515625
08:00:30,91282CLJ8,TSRYS5875649,D,S,T,2024-09-10,1000000.00,3.609915,100.85546875
08:00:30,91282CLJ8,TSRYS5875649,D,S,T,2024-09-10,1000000.00,3.609915,100.85546875
08:00:30,91282CLJ8,TSRYS5875649,D,S,T,2024-09-10,1000000.00,3.610551,100.8515625
08:00:30,91282CLJ8,TSRYS5875649,D,S,T,2024-09-10,1000000.00,3.610233,100.853515625
08:00:30,91282CLJ8,TSRYS5875649,D,S,T,2024-09-10,1000000.00,3.609597,100.857421875
08:00:30,91282CLJ8,TSRYS5875649,D,S,T,2024-09-10,1000000.00,3.609915,100.85546875
08:00:30,91282CLJ8,TSRYS5875649,D,S,T,2024-09-10,1000000.00,3.609915,100.85546875
08:00:30,91282CLJ8,TSRYS5875649,D,S,T,2024-09-10,1000000.00,3.608326,100.865234375
08:00:30,91282CLJ8,TSRYS5875649,D,S,T,2024-09-10,1000000.00,3.608008,100.8671875
08:00:30,91282CLJ8,TSRYS5875649,D,S,T,2024-09-10,1000000.00,3.608008,100.8671875
08:00:30,91282CLJ8,TSRYS5875649,D,S,T,2024-09-10,1000000.00,3.608008,100.8671875
08:00:30,91282CLJ8,TSRYS5875649,D,S,T,2024-09-10,1000000.00,3.608643,100.86328125
08:00:30,91282CLJ8,TSRYS5875649,D,S,T,2024-09-10,1000000.00,3.608643,100.86328125
08:00:30,91282CLJ8,TSRYS5875649,D,S,T,2024-09-10,1000000.00,3.608008,100.8671875
08:00:30,91282CLJ8,TSRYS5875649,D,S,T,2024-09-10,1000000.00,3.608008,100.8671875
08:00:30,91282CLJ8,TSRYS5875649,D,S,T,2024-09-10,1000000.00,3.608008,100.8671875
08:00:30,91282CLJ8,TSRYS5875649,D,S,T,2024-09-10,1000000.00,3.608643,100.86328125
08:00:30,91282CLJ8,TSRYS5875649,D,S,T,2024-09-10,1000000.00,3.609279,100.859375
08:00:30,91282CLJ8,TSRYS5875649,D,S,T,2024-09-10,1000000.00,3.609279,100.859375
08:00:30,91282CLJ8,TSRYS5875649,D,S,T,2024-09-10,1000000.00,3.60483,100.88671875
08:00:30,91282CLJ8,TSRYS5875649,D,S,T,2024-09-10,1000000.00,3.603876,100.892578125
08:00:30,91282CLJ8,TSRYS5875649,D,S,T,2024-09-10,1000000.00,3.596887,100.935546875
08:00:30,91282CLJ8,TSRYS5875649,D,S,T,2024-09-10,2000000.00,3.596887,100.935546875
08:00:30,91282CLJ8,TSRYS5875649,D,S,T,2024-09-10,2000000.00,3.596887,100.935546875
08:00:30,91282CLJ8,TSRYS5875649,D,S,T,2024-09-10,1000000.00,3.604194,100.890625
08:00:30,91282CLJ8,TSRYS5875649,D,S,T,2024-09-10,1000000.00,3.604194,100.890625
08:00:30,91282CLJ8,TSRYS5875649,D,S,T,2024-09-10,1000000.00,3.604194,100.890625
08:00:30,91282CLJ8,TSRYS5875649,D,S,D,2024-09-10,1000000.00,3.609915,100.85546875
08:00:30,91282CLJ8,TSRYS5875649,D,B,C,2024-09-10,1000000.00,3.609597,100.857421875
08:00:30,91282CLJ8,TSRYS5875649,D,S,D,2024-09-10,1000000.00,3.609597,100.857421875
08:00:30,91282CLJ8,TSRYS5875649,D,B,C,2024-09-10,1000000.00,3.609915,100.85546875
08:00:30,91282CLJ8,TSRYS5875649,D,S,D,2024-09-10,1000000.00,3.592759,100.9609375
08:00:30,91282CLJ8,TSRYS5875649,D,S,T,2024-09-10,2000000.00,3.593712,100.955078125
08:00:30,91282CLJ8,TSRYS5875649,D,S,T,2024-09-10,1000000.00,3.601017,100.91015625
08:00:30,91282CLJ8,TSRYS5875649,D,S,T,2024-09-10,1000000.00,3.601017,100.91015625
08:00:30,91282CLJ8,TSRYS5875649,D,S,T,2024-09-10,1000000.00,3.599746,100.91796875
08:00:30,91282CLJ8,TSRYS5875649,D,S,T,2024-09-10,3000000.00,3.600381,100.9140625
08:00:30,91282CLJ8,TSRYS5875649,D,S,T,2024-09-10,1000000.00,3.600381,100.9140625
08:00:30,91282CLJ8,TSRYS5875649,D,S,T,2024-09-10,1000000.00,3.601652,100.90625
08:00:30,91282CLJ8,TSRYS5875649,D,S,T,2024-09-10,1000000.00,3.601334,100.908203125
08:00:30,91282CLJ8,TSRYS5875649,D,S,T,2024-09-10,1000000.00,3.601652,100.90625
08:00:30,91282CLJ8,TSRYS5875649,D,S,D,2024-09-10,1000000.00,3.601652,100.90625
08:00:30,91282CLJ8,TSRYS5875649,D,S,D,2024-09-10,1000000.00,3.603559,100.89453125
08:00:30,91282CLJ8,TSRYS5875649,D,S,D,2024-09-10,1000000.00,3.605783,100.880859375
08:00:30,91282CLJ8,TSRYS5875649,D,S,D,2024-09-10,1000000.00,3.609915,100.85546875
08:00:30,91282CLJ8,TSRYS5875649,D,B,C,2024-09-10,1000000.00,3.609915,100.85546875
08:00:30,91282CLJ8,TSRYS5875649,D,S,D,2024-09-10,1000000.00,3.609915,100.85546875
08:00:30,91282CLJ8,TSRYS5875649,D,B,C,2024-09-10,1000000.00,3.609915,100.85546875
08:00:30,91282CLJ8,TSRYS5875649,D,S,D,2024-09-10,1000000.00,3.609915,100.85546875
08:00:30,91282CLJ8,TSRYS5875649,D,B,C,2024-09-10,1000000.00,3.609915,100.85546875
08:00:30,91282CLJ8,TSRYS5875649,D,B,C,2024-09-10,1000000.00,3.610233,100.853515625
08:00:30,91282CLJ8,TSRYS5875649,D,S,D,2024-09-10,1000000.00,3.609915,100.85546875
08:00:30,91282CLJ8,TSRYS5875649,D,S,T,2024-09-10,1000000.00,3.606419,100.876953125
08:00:30,91282CLJ8,TSRYS5875649,D,S,T,2024-09-10,1000000.00,3.606419,100.876953125
08:00:30,91282CLJ8,TSRYS5875649,D,S,D,2024-09-10,1000000.00,3.608008,100.8671875
08:00:30,91282CLJ8,TSRYS5875649,D,S,T,2024-09-10,1000000.00,3.603559,100.89453125
08:00:30,91282CLJ8,TSRYS5875649,D,S,T,2024-09-10,1000000.00,3.603559,100.89453125
08:00:30,91282CLJ8,TSRYS5875649,D,S,T,2024-09-10,1000000.00,3.600381,100.9140625
08:00:30,91282CLJ8,TSRYS5875649,D,S,T,2024-09-10,1000000.00,3.602288,100.90234375
08:00:30,91282CLJ8,TSRYS5875649,D,S,T,2024-09-10,1000000.00,3.603241,100.896484375
08:00:30,91282CLJ8,TSRYS5875649,D,S,T,2024-09-10,1000000.00,3.602288,100.90234375
08:00:30,91282CLJ8,TSRYS5875649,D,S,T,2024-09-10,1000000.00,3.604194,100.890625
08:00:30,91282CLJ8,TSRYS5875649,D,S,T,2024-09-10,1000000.00,3.605465,100.8828125
08:00:30,91282CLJ8,TSRYS5875649,D,S,T,2024-09-10,1000000.00,3.606736,100.875
08:00:30,91282CLJ8,TSRYS5875649,D,S,T,2024-09-10,1000000.00,3.601017,100.91015625
08:00:30,91282CLJ8,TSRYS5875649,D,S,T,2024-09-10,1000000.00,3.601017,100.91015625
08:00:30,91282CLJ8,TSRYS5875649,D,S,T,2024-09-10,1000000.00,3.601334,100.908203125
08:00:30,91282CLJ8,TSRYS5875649,D,S,T,2024-09-10,1000000.00,3.601334,100.908203125
08:00:30,91282CLJ8,TSRYS5875649,D,S,T,2024-09-10,1000000.00,3.601334,100.908203125
08:00:30,91282CLJ8,TSRYS5875649,D,S,T,2024-09-10,1000000.00,3.601334,100.908203125
08:00:30,91282CLJ8,TSRYS5875649,D,S,T,2024-09-10,1000000.00,3.601334,100.908203125
08:00:30,91282CLJ8,TSRYS5875649,D,S,T,2024-09-10,1000000.00,3.601334,100.908203125
08:00:30,91282CLJ8,TSRYS5875649,D,S,D,2024-09-10,1000000.00,3.601652,100.90625
08:00:30,91282CLJ8,TSRYS5875649,D,S,T,2024-09-10,1000000.00,3.583872,101.015625
08:00:30,91282CLJ8,TSRYS5875649,D,S,T,2024-09-10,1000000.00,3.585141,101.0078125
08:00:30,91282CLJ8,TSRYS5875649,D,S,T,2024-09-10,1000000.00,3.585141,101.0078125
08:00:30,91282CLJ8,TSRYS5875649,D,S,T,2024-09-10,1000000.00,3.584507,101.01171875
08:00:30,91282CLJ8,TSRYS5875649,D,S,T,2024-09-10,1000000.00,3.584507,101.01171875
08:00:30,91282CLJ8,TSRYS5875649,D,S,T,2024-09-10,1000000.00,3.584507,101.01171875
08:00:30,91282CLJ8,TSRYS5875649,D,S,T,2024-09-10,1000000.00,3.584507,101.01171875
08:00:30,91282CLJ8,TSRYS5875649,D,S,T,2024-09-10,1000000.00,3.58768,100.9921875
08:00:30,91282CLJ8,TSRYS5875649,D,S,T,2024-09-10,1000000.00,3.58768,100.9921875
08:00:30,91282CLJ8,TSRYS5875649,D,S,T,2024-09-10,1000000.00,3.58768,100.9921875
08:00:30,91282CLJ8,TSRYS5875649,D,S,T,2024-09-10,2000000.00,3.58895,100.984375
08:00:30,91282CLJ8,TSRYS5875649,D,S,T,2024-09-10,1000000.00,3.58895,100.984375
08:00:30,91282CLJ8,TSRYS5875649,D,S,T,2024-09-10,1000000.00,3.58895,100.984375
08:00:30,91282CLJ8,TSRYS5875649,D,S,T,2024-09-10,1000000.00,3.581334,101.03125
08:00:30,91282CLJ8,TSRYS5875649,D,S,T,2024-09-10,1000000.00,3.581334,101.03125
08:00:30,91282CLJ8,TSRYS5875649,D,S,T,2024-09-10,1000000.00,3.583872,101.015625
08:00:30,91282CLJ8,TSRYS5875649,D,S,T,2024-09-10,1000000.00,3.583872,101.015625
08:00:30,91282CLJ8,TSRYS5875649,D,S,T,2024-09-10,1000000.00,3.586728,100.998046875
08:00:30,91282CLJ8,TSRYS5875649,D,S,T,2024-09-10,1000000.00,3.586411,101.0
08:00:30,91282CLJ8,TSRYS5875649,D,S,T,2024-09-10,2000000.00,3.586411,101.0
08:00:30,91282CLJ8,TSRYS5875649,D,S,T,2024-09-10,1000000.00,3.586411,101.0
08:00:30,91282CLJ8,TSRYS5875649,D,S,T,2024-09-10,1000000.00,3.592759,100.9609375
08:00:30,91282CLJ8,TSRYS5875649,D,S,T,2024-09-10,2000000.00,3.59657,100.9375
08:00:30,91282CLJ8,TSRYS5875649,D,S,T,2024-09-10,2000000.00,3.59657,100.9375
08:00:30,91282CLJ8,TSRYS5875649,D,S,T,2024-09-10,2000000.00,3.59657,100.9375
08:00:30,91282CLJ8,TSRYS5875649,D,S,T,2024-09-10,2000000.00,3.59657,100.9375
08:00:30,91282CLJ8,TSRYS5875649,D,S,T,2024-09-10,1000000.00,3.594029,100.953125
08:00:30,91282CLJ8,TSRYS5875649,D,S,T,2024-09-10,1000000.00,3.594029,100.953125
08:00:30,91282CLJ8,TSRYS5875649,D,S,T,2024-09-10,1000000.00,3.594029,100.953125
08:00:30,91282CLJ8,TSRYS5875649,D,S,T,2024-09-10,1000000.00,3.594029,100.953125
08:00:30,91282CLJ8,TSRYS5875649,D,S,T,2024-09-10,1000000.00,3.594029,100.953125
08:00:30,91282CLJ8,TSRYS5875649,D,S,T,2024-09-10,1000000.00,3.594029,100.953125
08:00:30,91282CLJ8,TSRYS5875649,D,S,T,2024-09-10,1000000.00,3.594029,100.953125
08:00:30,91282CLJ8,TSRYS5875649,D,S,T,2024-09-10,1000000.00,3.5953,100.9453125
08:00:30,91282CLJ8,TSRYS5875649,D,S,T,2024-09-10,1000000.00,3.59784,100.9296875
08:00:30,91282CLJ8,TSRYS5875649,D,S,T,2024-09-10,1000000.00,3.59784,100.9296875
08:00:30,91282CLJ8,TSRYS5875649,D,S,T,2024-09-10,1000000.00,3.599111,100.921875
08:00:30,91282CLJ8,TSRYS5875649,D,S,T,2024-09-10,1000000.00,3.602923,100.8984375
08:00:30,91282CLJ8,TSRYS5875649,D,S,T,2024-09-10,1000000.00,3.600699,100.912109375
08:00:30,91282CLJ8,TSRYS5875649,D,S,T,2024-09-10,1000000.00,3.600699,100.912109375
08:00:30,91282CLJ8,TSRYS5875649,D,S,T,2024-09-10,1000000.00,3.600381,100.9140625
08:00:30,91282CLJ8,TSRYS5875649,D,S,T,2024-09-10,1000000.00,3.599111,100.921875
08:00:30,91282CLJ8,TSRYS5875649,D,S,T,2024-09-10,1000000.00,3.599111,100.921875
08:00:30,91282CLJ8,TSRYS5875649,D,S,T,2024-09-10,1000000.00,3.599111,100.921875
08:00:30,91282CLJ8,TSRYS5875649,D,S,T,2024-09-10,2000000.00,3.598476,100.92578125
08:00:30,91282CLJ8,TSRYS5875649,D,S,T,2024-09-10,1000000.00,3.598476,100.92578125
08:00:30,91282CLJ8,TSRYS5875649,D,S,T,2024-09-10,1000000.00,3.598476,100.92578125
08:00:30,91282CLJ8,TSRYS5875649,D,S,T,2024-09-10,1000000.00,3.598476,100.92578125
08:00:30,91282CLJ8,TSRYS5875649,D,S,T,2024-09-10,1000000.00,3.598476,100.92578125
08:00:30,91282CLJ8,TSRYS5875649,D,S,T,2024-09-10,1000000.00,3.598476,100.92578125
08:00:30,91282CLJ8,TSRYS5875649,D,S,T,2024-09-10,2000000.00,3.598793,100.923828125
08:00:30,91282CLJ8,TSRYS5875649,D,S,T,2024-09-10,2000000.00,3.598793,100.923828125
08:00:30,91282CLJ8,TSRYS5875649,D,S,T,2024-09-10,1000000.00,3.598793,100.923828125
08:00:30,91282CLJ8,TSRYS5875649,D,S,T,2024-09-10,1000000.00,3.594029,100.953125
08:00:30,91282CLJ8,TSRYS5875649,D,S,T,2024-09-10,1000000.00,3.594029,100.953125
08:00:30,91282CLJ8,TSRYS5875649,D,S,T,2024-09-10,1000000.00,3.595617,100.943359375
08:00:30,91282CLJ8,TSRYS5875649,D,S,D,2024-09-10,1000000.00,3.595617,100.943359375
08:00:30,91282CLJ8,TSRYS5875649,D,S,T,2024-09-10,1000000.00,3.5953,100.9453125
08:00:30,91282CLJ8,TSRYS5875649,D,S,T,2024-09-10,1000000.00,3.594029,100.953125
08:00:30,91282CLJ8,TSRYS5875649,D,S,T,2024-09-10,1000000.00,3.592759,100.9609375
08:00:30,91282CLJ8,TSRYS5875649,D,S,T,2024-09-10,1000000.00,3.591489,100.96875
08:00:30,91282CLJ8,TSRYS5875649,D,S,T,2024-09-10,4000000.00,3.591807,100.966796875
08:00:30,91282CLJ8,TSRYS5875649,D,S,T,2024-09-10,1000000.00,3.591807,100.966796875
08:00:30,91282CLJ8,TSRYS5875649,D,S,T,2024-09-10,1000000.00,3.593712,100.955078125
08:00:30,91282CLJ8,TSRYS5875649,D,S,D,2024-09-10,2000000.00,3.593394,100.95703125
08:00:30,91282CLJ8,TSRYS5875649,D,S,T,2024-09-10,1000000.00,3.594029,100.953125
08:00:30,91282CLJ8,TSRYS5875649,D,S,T,2024-09-10,1000000.00,3.594029,100.953125
08:00:30,91282CLJ8,TSRYS5875649,D,S,T,2024-09-10,1000000.00,3.594029,100.953125
08:00:30,91282CLJ8,TSRYS5875649,D,S,T,2024-09-10,1000000.00,3.594029,100.953125
08:00:30,91282CLJ8,TSRYS5875649,D,S,T,2024-09-10,1000000.00,3.594029,100.953125
08:00:30,91282CLJ8,TSRYS5875649,D,S,T,2024-09-10,1000000.00,3.594029,100.953125
08:00:30,91282CLJ8,TSRYS5875649,D,S,D,2024-09-10,1000000.00,3.5953,100.9453125
08:00:30,91282CLJ8,TSRYS5875649,D,S,T,2024-09-10,1000000.00,3.594029,100.953125
08:00:30,91282CLJ8,TSRYS5875649,D,S,T,2024-09-10,1000000.00,3.594029,100.953125
08:00:30,91282CLJ8,TSRYS5875649,D,S,T,2024-09-10,1000000.00,3.594029,100.953125
08:00:30,91282CLJ8,TSRYS5875649,D,S,T,2024-09-10,2000000.00,3.594029,100.953125
08:00:30,91282CLJ8,TSRYS5875649,D,S,T,2024-09-10,2000000.00,3.594029,100.953125
08:00:30,91282CLJ8,TSRYS5875649,D,S,T,2024-09-10,1000000.00,3.594029,100.953125
08:00:30,91282CLJ8,TSRYS5875649,D,S,T,2024-09-10,1000000.00,3.594029,100.953125
08:00:30,91282CLJ8,TSRYS5875649,D,S,T,2024-09-10,1000000.00,3.594029,100.953125
08:00:30,91282CLJ8,TSRYS5875649,D,S,T,2024-09-10,1000000.00,3.594029,100.953125
08:00:30,91282CLJ8,TSRYS5875649,D,S,T,2024-09-10,1000000.00,3.594029,100.953125
08:00:30,91282CLJ8,TSRYS5875649,D,S,T,2024-09-10,1000000.00,3.594029,100.953125
08:00:30,91282CLJ8,TSRYS5875649,D,S,T,2024-09-10,1000000.00,3.594029,100.953125
08:00:30,91282CLJ8,TSRYS5875649,D,S,T,2024-09-10,2000000.00,3.594029,100.953125
08:00:30,91282CLJ8,TSRYS5875649,D,S,T,2024-09-10,1000000.00,3.594029,100.953125
08:00:30,91282CLJ8,TSRYS5875649,D,S,T,2024-09-10,1000000.00,3.594029,100.953125
08:00:30,91282CLJ8,TSRYS5875649,D,S,T,2024-09-10,1000000.00,3.594029,100.953125
08:00:30,91282CLJ8,TSRYS5875649,D,S,T,2024-09-10,1000000.00,3.594029,100.953125
08:00:30,91282CLJ8,TSRYS5875649,D,S,T,2024-09-10,1000000.00,3.594029,100.953125
08:00:30,91282CLJ8,TSRYS5875649,D,S,T,2024-09-10,1000000.00,3.594029,100.953125
08:00:30,91282CLJ8,TSRYS5875649,D,S,D,2024-09-10,1000000.00,3.594029,100.953125
08:00:30,91282CLJ8,TSRYS5875649,D,S,T,2024-09-10,1000000.00,3.594029,100.953125
08:00:30,91282CLJ8,TSRYS5875649,D,S,T,2024-09-10,1000000.00,3.594029,100.953125
08:00:30,91282CLJ8,TSRYS5875649,D,S,D,2024-09-10,1000000.00,3.594347,100.951171875
08:00:30,91282CLJ8,TSRYS5875649,D,S,D,2024-09-10,1000000.00,3.594347,100.951171875
08:00:30,91282CLJ8,TSRYS5875649,D,S,D,2024-09-10,1000000.00,3.594347,100.951171875
08:00:30,91282CLJ8,TSRYS5875649,D,S,T,2024-09-10,1000000.00,3.594664,100.94921875
08:00:30,91282CLJ8,TSRYS5875649,D,S,T,2024-09-10,1000000.00,3.594664,100.94921875
08:00:30,91282CLJ8,TSRYS5875649,D,S,T,2024-09-10,1000000.00,3.594664,100.94921875
08:00:30,91282CLJ8,TSRYS5875649,D,S,T,2024-09-10,1000000.00,3.594029,100.953125
08:00:30,91282CLJ8,TSRYS5875649,D,S,T,2024-09-10,3000000.00,3.594664,100.94921875
08:00:30,91282CLJ8,TSRYS5875649,D,S,T,2024-09-10,2000000.00,3.594664,100.94921875
08:00:30,91282CLJ8,TSRYS5875649,D,S,D,2024-09-10,1000000.00,3.5953,100.9453125
08:00:30,91282CLJ8,TSRYS5875649,D,S,D,2024-09-10,1000000.00,3.5953,100.9453125
08:00:30,91282CLJ8,TSRYS5875649,D,S,T,2024-09-10,1000000.00,3.5953,100.9453125
08:00:30,91282CLJ8,TSRYS5875649,D,S,D,2024-09-10,1000000.00,3.5953,100.9453125
08:00:30,91282CLJ8,TSRYS5875649,D,S,T,2024-09-10,1000000.00,3.595935,100.94140625
08:00:31,91282CLJ8,TSRYS5875649,D,S,D,2024-09-10,2000000.00,3.595935,100.94140625
08:00:31,91282CLJ8,TSRYS5875649,D,S,D,2024-09-10,1000000.00,3.595935,100.94140625
08:00:31,91282CLJ8,TSRYS5875649,D,S,T,2024-09-10,1000000.00,3.591489,100.96875
08:00:31,91282CLJ8,TSRYS5875649,D,S,T,2024-09-10,1000000.00,3.591172,100.970703125
08:00:31,91282CLJ8,TSRYS5875649,D,S,T,2024-09-10,1000000.00,3.591172,100.970703125
08:00:31,91282CLJ8,TSRYS5875649,D,S,T,2024-09-10,1000000.00,3.591172,100.970703125
08:00:31,91282CLJ8,TSRYS5875649,D,S,T,2024-09-10,1000000.00,3.591172,100.970703125
08:00:31,91282CLJ8,TSRYS5875649,D,S,T,2024-09-10,1000000.00,3.591807,100.966796875
08:00:31,91282CLJ8,TSRYS5875649,D,S,T,2024-09-10,1000000.00,3.591807,100.966796875
08:00:31,91282CLJ8,TSRYS5875649,D,S,T,2024-09-10,1000000.00,3.591807,100.966796875
08:00:31,91282CLJ8,TSRYS5875649,D,S,T,2024-09-10,1000000.00,3.591807,100.966796875
08:00:31,91282CLJ8,TSRYS5875649,D,S,T,2024-09-10,1000000.00,3.591489,100.96875
08:00:31,91282CLJ8,TSRYS5875649,D,S,T,2024-09-10,1000000.00,3.594029,100.953125
08:00:31,91282CLJ8,TSRYS5875649,D,S,T,2024-09-10,1000000.00,3.591489,100.96875
08:00:31,91282CLJ8,TSRYS5875649,D,S,T,2024-09-10,1000000.00,3.58768,100.9921875
08:00:31,91282CLJ8,TSRYS5875649,D,S,T,2024-09-10,1000000.00,3.58895,100.984375
08:00:31,91282CLJ8,TSRYS5875649,D,S,T,2024-09-10,1000000.00,3.58895,100.984375
08:00:31,91282CLJ8,TSRYS5875649,D,S,T,2024-09-10,1000000.00,3.591489,100.96875
08:00:31,91282CLJ8,TSRYS5875649,D,S,T,2024-09-10,1000000.00,3.591489,100.96875
08:00:31,91282CLJ8,TSRYS5875649,D,S,T,2024-09-10,1000000.00,3.58895,100.984375
08:00:31,91282CLJ8,TSRYS5875649,D,S,T,2024-09-10,1000000.00,3.586411,101.0
08:00:31,91282CLJ8,TSRYS5875649,D,S,T,2024-09-10,1000000.00,3.58895,100.984375
08:00:31,91282CLJ8,TSRYS5875649,D,S,T,2024-09-10,1000000.00,3.589267,100.982421875
08:00:31,91282CLJ8,TSRYS5875649,D,S,D,2024-09-10,1000000.00,3.589267,100.982421875
08:00:31,91282CLJ8,TSRYS5875649,D,S,T,2024-09-10,1000000.00,3.58895,100.984375
08:00:31,91282CLJ8,TSRYS5875649,D,S,T,2024-09-10,1000000.00,3.58895,100.984375
08:00:31,91282CLJ8,TSRYS5875649,D,S,T,2024-09-10,1000000.00,3.58895,100.984375
08:00:31,91282CLJ8,TSRYS5875649,D,S,T,2024-09-10,1000000.00,3.58895,100.984375
08:00:31,91282CLJ8,TSRYS5875649,D,S,T,2024-09-10,1000000.00,3.586411,101.0
08:00:31,91282CLJ8,TSRYS5875649,D,S,T,2024-09-10,1000000.00,3.585141,101.0078125
08:00:31,91282CLJ8,TSRYS5875649,D,S,T,2024-09-10,1000000.00,3.590219,100.9765625
08:00:31,91282CLJ8,TSRYS5875649,D,S,T,2024-09-10,1000000.00,3.590219,100.9765625
08:00:31,91282CLJ8,TSRYS5875649,D,S,T,2024-09-10,1000000.00,3.590219,100.9765625
08:00:31,91282CLJ8,TSRYS5875649,D,S,T,2024-09-10,1000000.00,3.590219,100.9765625
08:00:31,91282CLJ8,TSRYS5875649,D,S,T,2024-09-10,1000000.00,3.590219,100.9765625
08:00:31,91282CLJ8,TSRYS5875649,D,S,T,2024-09-10,1000000.00,3.590219,100.9765625
08:00:31,91282CLJ8,TSRYS5875649,D,S,T,2024-09-10,1000000.00,3.591489,100.96875
08:00:31,91282CLJ8,TSRYS5875649,D,S,D,2024-09-10,1000000.00,3.592124,100.96484375
08:00:31,91282CLJ8,TSRYS5875649,D,S,D,2024-09-10,2000000.00,3.592124,100.96484375
08:00:31,91282CLJ8,TSRYS5875649,D,S,D,2024-09-10,2000000.00,3.592124,100.96484375
08:00:31,91282CLJ8,TSRYS5875649,D,S,T,2024-09-10,1000000.00,3.592124,100.96484375
08:00:31,91282CLJ8,TSRYS5875649,D,S,T,2024-09-10,1000000.00,3.592124,100.96484375
08:00:31,91282CLJ8,TSRYS5875649,D,S,T,2024-09-10,1000000.00,3.592759,100.9609375
08:00:31,91282CLJ8,TSRYS5875649,D,S,T,2024-09-10,1000000.00,3.592759,100.9609375
08:00:31,91282CLJ8,TSRYS5875649,D,S,T,2024-09-10,1000000.00,3.5953,100.9453125
08:00:31,91282CLJ8,TSRYS5875649,D,S,T,2024-09-10,1000000.00,3.594029,100.953125
08:00:31,91282CLJ8,TSRYS5875649,D,S,T,2024-09-10,2000000.00,3.594029,100.953125
08:00:31,91282CLJ8,TSRYS5875649,D,S,T,2024-09-10,1000000.00,3.594029,100.953125
08:00:31,91282CLJ8,TSRYS5875649,D,S,T,2024-09-10,1000000.00,3.594029,100.953125
08:00:31,91282CLJ8,TSRYS5875649,D,S,T,2024-09-10,1000000.00,3.596252,100.939453125
08:00:31,91282CLJ8,TSRYS5875649,D,S,T,2024-09-10,1000000.00,3.596252,100.939453125
08:00:31,91282CLJ8,TSRYS5875649,D,S,T,2024-09-10,1000000.00,3.596252,100.939453125
08:00:31,91282CLJ8,TSRYS5875649,D,S,T,2024-09-10,1000000.00,3.596252,100.939453125
08:00:31,91282CLJ8,TSRYS5875649,D,S,T,2024-09-10,1000000.00,3.59657,100.9375
08:00:31,91282CLJ8,TSRYS5875649,D,S,T,2024-09-10,1000000.00,3.59657,100.9375
08:00:31,91282CLJ8,TSRYS5875649,D,S,T,2024-09-10,1000000.00,3.59657,100.9375
08:00:31,91282CLJ8,TSRYS5875649,D,S,T,2024-09-10,1000000.00,3.59657,100.9375
08:00:31,91282CLJ8,TSRYS5875649,D,S,T,2024-09-10,1000000.00,3.59784,100.9296875
08:00:31,91282CLJ8,TSRYS5875649,D,S,T,2024-09-10,1000000.00,3.59784,100.9296875
08:00:31,91282CLJ8,TSRYS5875649,D,S,T,2024-09-10,1000000.00,3.59784,100.9296875
08:00:31,91282CLJ8,TSRYS5875649,D,S,T,2024-09-10,1000000.00,3.59784,100.9296875
08:00:31,91282CLJ8,TSRYS5875649,D,S,D,2024-09-10,1000000.00,3.598158,100.927734375
08:00:31,91282CLJ8,TSRYS5875649,D,S,T,2024-09-10,1000000.00,3.603241,100.896484375
08:00:31,91282CLJ8,TSRYS5875649,D,S,T,2024-09-10,1000000.00,3.604194,100.890625
08:00:31,91282CLJ8,TSRYS5875649,D,S,T,2024-09-10,1000000.00,3.602923,100.8984375
08:00:31,91282CLJ8,TSRYS5875649,D,S,T,2024-09-10,1000000.00,3.604194,100.890625
08:00:31,91282CLJ8,TSRYS5875649,D,S,T,2024-09-10,1000000.00,3.604194,100.890625
08:00:31,91282CLJ8,TSRYS5875649,D,S,T,2024-09-10,1000000.00,3.604194,100.890625
08:00:31,91282CLJ8,TSRYS5875649,D,S,T,2024-09-10,1000000.00,3.604194,100.890625
08:00:31,91282CLJ8,TSRYS5875649,D,S,T,2024-09-10,1000000.00,3.602923,100.8984375
08:00:31,91282CLJ8,TSRYS5875649,D,S,T,2024-09-10,1000000.00,3.604194,100.890625
08:00:31,91282CLJ8,TSRYS5875649,D,S,T,2024-09-10,1000000.00,3.604194,100.890625
08:00:31,91282CLJ8,TSRYS5875649,D,S,T,2024-09-10,1000000.00,3.603241,100.896484375
08:00:31,91282CLJ8,TSRYS5875649,D,S,T,2024-09-10,1000000.00,3.603559,100.89453125
08:00:31,91282CLJ8,TSRYS5875649,D,S,T,2024-09-10,1000000.00,3.60483,100.88671875
08:00:31,91282CLJ8,TSRYS5875649,D,S,T,2024-09-10,1000000.00,3.604512,100.888671875
08:00:31,91282CLJ8,TSRYS5875649,D,S,T,2024-09-10,1000000.00,3.604194,100.890625
08:00:31,91282CLJ8,TSRYS5875649,D,S,D,2024-09-10,1000000.00,3.581334,101.03125
08:00:31,91282CLJ8,TSRYS5875649,D,S,D,2024-09-10,1000000.00,3.610233,100.853515625
08:00:31,91282CLJ8,TSRYS5875649,D,B,C,2024-09-10,1000000.00,3.610233,100.853515625
08:00:31,91282CLJ8,TSRYS5875649,D,S,D,2024-09-10,1000000.00,3.610233,100.853515625
08:00:31,91282CLJ8,TSRYS5875649,D,B,C,2024-09-10,1000000.00,3.610233,100.853515625
08:00:31,91282CLJ8,TSRYS5875649,D,S,T,2024-09-10,1000000.00,3.604194,100.890625
08:00:31,91282CLJ8,TSRYS5875649,D,S,T,2024-09-10,1000000.00,3.603876,100.892578125
08:00:31,91282CLJ8,TSRYS5875649,D,S,T,2024-09-10,1000000.00,3.606736,100.875
08:00:31,91282CLJ8,TSRYS5875649,D,S,T,2024-09-10,1000000.00,3.606736,100.875
08:00:31,91282CLJ8,TSRYS5875649,D,S,T,2024-09-10,1000000.00,3.605465,100.8828125
08:00:31,91282CLJ8,TSRYS5875649,D,S,T,2024-09-10,1000000.00,3.604194,100.890625
08:00:31,91282CLJ8,TSRYS5875649,D,S,T,2024-09-10,1000000.00,3.604194,100.890625
08:00:31,91282CLJ8,TSRYS5875649,D,S,T,2024-09-10,1000000.00,3.604194,100.890625
08:00:31,91282CLJ8,TSRYS5875649,D,S,T,2024-09-10,1000000.00,3.602923,100.8984375
08:00:31,91282CLJ8,TSRYS5875649,D,S,T,2024-09-10,1000000.00,3.602923,100.8984375
08:00:31,91282CLJ8,TSRYS5875649,D,S,T,2024-09-10,1000000.00,3.602605,100.900390625
08:00:31,91282CLJ8,TSRYS5875649,D,S,T,2024-09-10,1000000.00,3.602923,100.8984375
08:00:31,91282CLJ8,TSRYS5875649,D,S,T,2024-09-10,1000000.00,3.602923,100.8984375
08:00:31,91282CLJ8,TSRYS5875649,D,S,T,2024-09-10,1000000.00,3.605465,100.8828125
08:00:31,91282CLJ8,TSRYS5875649,D,S,T,2024-09-10,1000000.00,3.605465,100.8828125
08:00:31,91282CLJ8,TSRYS5875649,D,S,T,2024-09-10,1000000.00,3.605465,100.8828125
08:00:31,91282CLJ8,TSRYS5875649,D,S,T,2024-09-10,1000000.00,3.605465,100.8828125
08:00:31,91282CLJ8,TSRYS5875649,D,S,T,2024-09-10,2000000.00,3.605465,100.8828125
08:00:31,91282CLJ8,TSRYS5875649,D,S,T,2024-09-10,2000000.00,3.605465,100.8828125
08:00:31,91282CLJ8,TSRYS5875649,D,S,T,2024-09-10,2000000.00,3.605465,100.8828125
08:00:31,91282CLJ8,TSRYS5875649,D,S,T,2024-09-10,1000000.00,3.605465,100.8828125
08:00:31,91282CLJ8,TSRYS5875649,D,S,T,2024-09-10,2000000.00,3.605465,100.8828125
08:00:31,91282CLJ8,TSRYS5875649,D,S,D,2024-09-10,1000000.00,3.610233,100.853515625
08:00:31,91282CLJ8,TSRYS5875649,D,B,C,2024-09-10,1000000.00,3.609597,100.857421875
08:00:31,91282CLJ8,TSRYS5875649,D,S,D,2024-09-10,1000000.00,3.609597,100.857421875
08:00:31,91282CLJ8,TSRYS5875649,D,S,T,2024-09-10,1000000.00,3.605465,100.8828125
08:00:31,91282CLJ8,TSRYS5875649,D,S,T,2024-09-10,1000000.00,3.606736,100.875
08:00:31,91282CLJ8,TSRYS5875649,D,S,T,2024-09-10,1000000.00,3.606736,100.875
08:00:31,91282CLJ8,TSRYS5875649,D,S,T,2024-09-10,1000000.00,3.606736,100.875
08:00:31,91282CLJ8,TSRYS5875649,D,S,T,2024-09-10,1000000.00,3.606736,100.875
08:00:31,91282CLJ8,TSRYS5875649,D,S,T,2024-09-10,1000000.00,3.606736,100.875
08:00:31,91282CLJ8,TSRYS5875649,D,S,T,2024-09-10,1000000.00,3.607372,100.87109375
08:00:31,91282CLJ8,TSRYS5875649,D,S,T,2024-09-10,1000000.00,3.606736,100.875
08:00:31,91282CLJ8,TSRYS5875649,D,S,T,2024-09-10,1000000.00,3.60769,100.869140625
08:00:31,91282CLJ8,TSRYS5875649,D,S,T,2024-09-10,1000000.00,3.608008,100.8671875
08:00:31,91282CLJ8,TSRYS5875649,D,S,T,2024-09-10,1000000.00,3.608961,100.861328125
08:00:31,91282CLJ8,TSRYS5875649,D,S,T,2024-09-10,1000000.00,3.59657,100.9375
08:00:31,91282CLJ8,TSRYS5875649,D,S,T,2024-09-10,1000000.00,3.59657,100.9375
08:00:31,91282CLJ8,TSRYS5875649,D,S,T,2024-09-10,1000000.00,3.59657,100.9375
08:00:31,91282CLJ8,TSRYS5875649,D,S,T,2024-09-10,2000000.00,3.59657,100.9375
08:00:31,91282CLJ8,TSRYS5875649,D,S,T,2024-09-10,1000000.00,3.59657,100.9375
08:00:31,91282CLJ8,TSRYS5875649,D,S,T,2024-09-10,2000000.00,3.598158,100.927734375
08:00:31,91282CLJ8,TSRYS5875649,D,S,T,2024-09-10,3000000.00,3.599428,100.919921875
08:00:31,91282CLJ8,TSRYS5875649,D,S,T,2024-09-10,4000000.00,3.599428,100.919921875
08:00:31,91282CLJ8,TSRYS5875649,D,S,T,2024-09-10,4000000.00,3.598793,100.923828125
08:00:31,91282CLJ8,TSRYS5875649,D,S,T,2024-09-10,1000000.00,3.599428,100.919921875
08:00:31,91282CLJ8,TSRYS5875649,D,S,T,2024-09-10,2000000.00,3.599428,100.919921875
08:00:31,91282CLJ8,TSRYS5875649,D,S,T,2024-09-10,3000000.00,3.599111,100.921875
08:00:31,91282CLJ8,TSRYS5875649,D,S,T,2024-09-10,1000000.00,3.599428,100.919921875
08:00:31,91282CLJ8,TSRYS5875649,D,S,T,2024-09-10,1000000.00,3.599111,100.921875
08:00:31,91282CLJ8,TSRYS5875649,D,S,T,2024-09-10,3000000.00,3.598476,100.92578125
08:00:31,91282CLJ8,TSRYS5875649,D,S,T,2024-09-10,2000000.00,3.599428,100.919921875
08:00:31,91282CLJ8,TSRYS5875649,D,S,T,2024-09-10,1000000.00,3.599111,100.921875
08:00:31,91282CLJ8,TSRYS5875649,D,S,T,2024-09-10,1000000.00,3.599111,100.921875
08:00:31,91282CLJ8,TSRYS5875649,D,S,T,2024-09-10,1000000.00,3.599111,100.921875
08:00:31,91282CLJ8,TSRYS5875649,D,S,T,2024-09-10,1000000.00,3.599111,100.921875
08:00:31,91282CLJ8,TSRYS5875649,D,S,T,2024-09-10,1000000.00,3.599111,100.921875
08:00:31,91282CLJ8,TSRYS5875649,D,S,T,2024-09-10,1000000.00,3.599111,100.921875
08:00:31,91282CLJ8,TSRYS5875649,D,S,T,2024-09-10,1000000.00,3.599111,100.921875
08:00:31,91282CLJ8,TSRYS5875649,D,S,T,2024-09-10,1000000.00,3.599111,100.921875
08:00:31,91282CLJ8,TSRYS5875649,D,S,T,2024-09-10,1000000.00,3.599111,100.921875
08:00:31,91282CLJ8,TSRYS5875649,D,S,T,2024-09-10,1000000.00,3.599111,100.921875
08:00:31,91282CLJ8,TSRYS5875649,D,S,T,2024-09-10,1000000.00,3.599111,100.921875
08:00:31,91282CLJ8,TSRYS5875649,D,S,T,2024-09-10,1000000.00,3.599111,100.921875
08:00:31,91282CLJ8,TSRYS5875649,D,S,T,2024-09-10,1000000.00,3.599111,100.921875
08:00:31,91282CLJ8,TSRYS5875649,D,S,T,2024-09-10,6000000.00,3.599111,100.921875
08:00:31,91282CLJ8,TSRYS5875649,D,S,T,2024-09-10,2000000.00,3.599111,100.921875
08:00:31,91282CLJ8,TSRYS5875649,D,S,T,2024-09-10,1000000.00,3.608008,100.8671875
08:00:31,91282CLJ8,TSRYS5875649,D,S,T,2024-09-10,1000000.00,3.608008,100.8671875
08:00:31,91282CLJ8,TSRYS5875649,D,S,T,2024-09-10,1000000.00,3.609279,100.859375
08:00:31,91282CLJ8,TSRYS5875649,D,S,T,2024-09-10,1000000.00,3.609279,100.859375
08:00:31,91282CLJ8,TSRYS5875649,D,S,T,2024-09-10,2000000.00,3.610551,100.8515625
08:00:31,91282CLJ8,TSRYS5875649,D,S,T,2024-09-10,1000000.00,3.610551,100.8515625
08:00:31,91282CLJ8,TSRYS5875649,D,S,T,2024-09-10,1000000.00,3.610551,100.8515625
08:00:31,91282CLJ8,TSRYS5875649,D,S,T,2024-09-10,3000000.00,3.610551,100.8515625
08:00:31,91282CLJ8,TSRYS5875649,D,S,T,2024-09-10,1000000.00,3.610551,100.8515625
08:00:31,91282CLJ8,TSRYS5875649,D,S,T,2024-09-10,2000000.00,3.610551,100.8515625
08:00:31,91282CLJ8,TSRYS5875649,D,S,T,2024-09-10,1000000.00,3.610551,100.8515625
08:00:31,91282CLJ8,TSRYS5875649,D,S,T,2024-09-10,2000000.00,3.610551,100.8515625
08:00:31,91282CLJ8,TSRYS5875649,D,S,T,2024-09-10,1000000.00,3.610551,100.8515625
08:00:31,91282CLJ8,TSRYS5875649,D,S,T,2024-09-10,1000000.00,3.610551,100.8515625
08:00:31,91282CLJ8,TSRYS5875649,D,S,T,2024-09-10,1000000.00,3.609279,100.859375
08:00:31,91282CLJ8,TSRYS5875649,D,S,T,2024-09-10,1000000.00,3.608008,100.8671875
08:00:31,91282CLJ8,TSRYS5875649,D,S,T,2024-09-10,2000000.00,3.608008,100.8671875
08:00:31,91282CLJ8,TSRYS5875649,D,S,T,2024-09-10,2000000.00,3.608008,100.8671875
08:00:31,91282CLJ8,TSRYS5875649,D,S,T,2024-09-10,1000000.00,3.608008,100.8671875
08:00:31,91282CLJ8,TSRYS5875649,D,S,T,2024-09-10,5000000.00,3.608008,100.8671875
08:00:31,91282CLJ8,TSRYS5875649,D,S,T,2024-09-10,1000000.00,3.608008,100.8671875
08:00:31,91282CLJ8,TSRYS5875649,D,S,T,2024-09-10,1000000.00,3.608008,100.8671875
08:00:31,91282CLJ8,TSRYS5875649,D,S,T,2024-09-10,1000000.00,3.608008,100.8671875
08:00:31,91282CLJ8,TSRYS5875649,D,S,T,2024-09-10,1000000.00,3.598158,100.927734375
08:00:31,91282CLJ8,TSRYS5875649,D,S,T,2024-09-10,1000000.00,3.598158,100.927734375
08:00:31,91282CLJ8,TSRYS5875649,D,S,T,2024-09-10,1000000.00,3.594347,100.951171875
08:00:31,91282CLJ8,TSRYS5875649,D,S,T,2024-09-10,1000000.00,3.594347,100.951171875
08:00:31,91282CLJ8,TSRYS5875649,D,S,T,2024-09-10,1000000.00,3.594029,100.953125
08:00:31,91282CLJ8,TSRYS5875649,D,S,T,2024-09-10,1000000.00,3.594029,100.953125
08:00:31,91282CLJ8,TSRYS5875649,D,S,T,2024-09-10,1000000.00,3.594029,100.953125
08:00:31,91282CLJ8,TSRYS5875649,D,S,T,2024-09-10,1000000.00,3.594029,100.953125
08:00:31,91282CLJ8,TSRYS5875649,D,S,T,2024-09-10,1000000.00,3.594029,100.953125
08:00:31,91282CLJ8,TSRYS5875649,D,S,T,2024-09-10,1000000.00,3.594347,100.951171875
08:00:31,91282CLJ8,TSRYS5875649,D,S,D,2024-09-10,1000000.00,3.608008,100.8671875
08:00:31,91282CLJ8,TSRYS5875649,D,S,D,2024-09-10,1000000.00,3.608008,100.8671875
08:00:31,91282CLJ8,TSRYS5875649,D,S,T,2024-09-10,1000000.00,3.608008,100.8671875
08:00:31,91282CLJ8,TSRYS5875649,D,S,T,2024-09-10,1000000.00,3.608008,100.8671875
08:00:31,91282CLJ8,TSRYS5875649,D,S,T,2024-09-10,1000000.00,3.608008,100.8671875
08:00:31,91282CLJ8,TSRYS5875649,D,S,T,2024-09-10,1000000.00,3.608008,100.8671875
08:00:31,91282CLJ8,TSRYS5875649,D,S,T,2024-09-10,1000000.00,3.608008,100.8671875
08:00:31,91282CLJ8,TSRYS5875649,D,S,T,2024-09-10,1000000.00,3.608008,100.8671875
08:00:31,91282CLJ8,TSRYS5875649,D,S,T,2024-09-10,2000000.00,3.608008,100.8671875
08:00:31,91282CLJ8,TSRYS5875649,D,S,T,2024-09-10,1000000.00,3.608008,100.8671875
08:00:31,91282CLJ8,TSRYS5875649,D,S,T,2024-09-10,1000000.00,3.608961,100.861328125
08:00:31,91282CLJ8,TSRYS5875649,D,S,T,2024-09-10,1000000.00,3.608643,100.86328125
08:00:31,91282CLJ8,TSRYS5875649,D,S,T,2024-09-10,1000000.00,3.608643,100.86328125
08:00:31,91282CLJ8,TSRYS5875649,D,S,T,2024-09-10,1000000.00,3.608643,100.86328125
08:00:31,91282CLJ8,TSRYS5875649,D,S,T,2024-09-10,1000000.00,3.608643,100.86328125
08:00:31,91282CLJ8,TSRYS5875649,D,S,T,2024-09-10,1000000.00,3.608643,100.86328125
08:00:31,91282CLJ8,TSRYS5875649,D,S,T,2024-09-10,1000000.00,3.608643,100.86328125
08:00:31,91282CLJ8,TSRYS5875649,D,S,T,2024-09-10,1000000.00,3.608643,100.86328125
08:00:31,91282CLJ8,TSRYS5875649,D,S,T,2024-09-10,1000000.00,3.608643,100.86328125
08:00:31,91282CLJ8,TSRYS5875649,D,S,T,2024-09-10,1000000.00,3.608643,100.86328125
08:00:31,91282CLJ8,TSRYS5875649,D,S,T,2024-09-10,1000000.00,3.606736,100.875
08:00:31,91282CLJ8,TSRYS5875649,D,S,T,2024-09-10,1000000.00,3.606736,100.875
08:00:31,91282CLJ8,TSRYS5875649,D,S,T,2024-09-10,1000000.00,3.606736,100.875
08:00:31,91282CLJ8,TSRYS5875649,D,S,D,2024-09-10,1000000.00,3.608008,100.8671875
08:00:31,91282CLJ8,TSRYS5875649,D,S,D,2024-09-10,1000000.00,3.608008,100.8671875
08:00:31,91282CLJ8,TSRYS5875649,D,S,T,2024-09-10,1000000.00,3.606736,100.875
08:00:31,91282CLJ8,TSRYS5875649,D,S,T,2024-09-10,1000000.00,3.606736,100.875
08:00:31,91282CLJ8,TSRYS5875649,D,S,T,2024-09-10,1000000.00,3.606736,100.875
08:00:31,91282CLJ8,TSRYS5875649,D,S,T,2024-09-10,1000000.00,3.606736,100.875
08:00:31,91282CLJ8,TSRYS5875649,D,S,T,2024-09-10,1000000.00,3.602923,100.8984375
08:00:31,91282CLJ8,TSRYS5875649,D,S,T,2024-09-10,1000000.00,3.601652,100.90625
08:00:31,91282CLJ8,TSRYS5875649,D,S,T,2024-09-10,1000000.00,3.601652,100.90625
08:00:31,91282CLJ8,TSRYS5875649,D,S,T,2024-09-10,1000000.00,3.600381,100.9140625
08:00:31,91282CLJ8,TSRYS5875649,D,S,T,2024-09-10,1000000.00,3.602923,100.8984375
08:00:31,91282CLJ8,TSRYS5875649,D,S,T,2024-09-10,1000000.00,3.602923,100.8984375
08:00:31,91282CLJ8,TSRYS5875649,D,S,T,2024-09-10,2000000.00,3.602923,100.8984375
08:00:31,91282CLJ8,TSRYS5875649,D,S,T,2024-09-10,1000000.00,3.604194,100.890625
08:00:31,91282CLJ8,TSRYS5875649,D,S,T,2024-09-10,1000000.00,3.604194,100.890625
08:00:31,91282CLJ8,TSRYS5875649,D,S,T,2024-09-10,1000000.00,3.604194,100.890625
08:00:31,91282CLJ8,TSRYS5875649,D,S,T,2024-09-10,1000000.00,3.603241,100.896484375
08:00:31,91282CLJ8,TSRYS5875649,D,S,T,2024-09-10,1000000.00,3.608008,100.8671875
08:00:31,91282CLJ8,TSRYS5875649,D,S,T,2024-09-10,1000000.00,3.608326,100.865234375
08:00:31,91282CLJ8,TSRYS5875649,D,S,T,2024-09-10,1000000.00,3.608326,100.865234375
08:00:31,91282CLJ8,TSRYS5875649,D,S,T,2024-09-10,1000000.00,3.608326,100.865234375
08:00:31,91282CLJ8,TSRYS5875649,D,S,T,2024-09-10,1000000.00,3.60483,100.88671875
08:00:31,91282CLJ8,TSRYS5875649,D,S,D,2024-09-10,1000000.00,3.60483,100.88671875
08:00:31,91282CLJ8,TSRYS5875649,D,S,T,2024-09-10,1000000.00,3.604194,100.890625
08:00:31,91282CLJ8,TSRYS5875649,D,S,T,2024-09-10,2000000.00,3.604194,100.890625
08:00:31,91282CLJ8,TSRYS5875649,D,S,T,2024-09-10,2000000.00,3.604194,100.890625
08:00:31,91282CLJ8,TSRYS5875649,D,S,T,2024-09-10,1000000.00,3.604194,100.890625
08:00:31,91282CLJ8,TSRYS5875649,D,S,T,2024-09-10,1000000.00,3.604194,100.890625
08:00:31,91282CLJ8,TSRYS5875649,D,S,T,2024-09-10,1000000.00,3.600381,100.9140625
08:00:31,91282CLJ8,TSRYS5875649,D,S,T,2024-09-10,1000000.00,3.599111,100.921875
08:00:31,91282CLJ8,TSRYS5875649,D,S,T,2024-09-10,1000000.00,3.599111,100.921875
08:00:31,91282CLJ8,TSRYS5875649,D,S,T,2024-09-10,1000000.00,3.599111,100.921875
08:00:31,91282CLJ8,TSRYS5875649,D,S,T,2024-09-10,1000000.00,3.599111,100.921875
08:00:31,91282CLJ8,TSRYS5875649,D,S,T,2024-09-10,2000000.00,3.599111,100.921875
08:00:31,91282CLJ8,TSRYS5875649,D,S,T,2024-09-10,1000000.00,3.608326,100.865234375
08:00:31,91282CLJ8,TSRYS5875649,D,S,T,2024-09-10,1000000.00,3.608326,100.865234375
08:00:31,91282CLJ8,TSRYS5875649,D,S,T,2024-09-10,1000000.00,3.608326,100.865234375
08:00:31,91282CLJ8,TSRYS5875649,D,S,D,2024-09-10,1000000.00,3.608008,100.8671875
08:00:31,91282CLJ8,TSRYS5875649,D,S,T,2024-09-10,1000000.00,3.608326,100.865234375
08:00:31,91282CLJ8,TSRYS5875649,D,S,D,2024-09-10,1000000.00,3.608008,100.8671875
08:00:31,91282CLJ8,TSRYS5875649,D,S,D,2024-09-10,1000000.00,3.608008,100.8671875
08:00:31,91282CLJ8,TSRYS5875649,D,B,A,2024-09-10,14646300.00,3.608643,100.86328125
08:00:31,91282CLJ8,TSRYS5875649,D,S,T,2024-09-10,1000000.00,3.601652,100.90625
08:00:31,91282CLJ8,TSRYS5875649,D,S,A,2024-09-10,1000000.00,3.595935,100.94140625
08:00:31,91282CLJ8,TSRYS5875649,D,S,T,2024-09-10,1000000.00,3.599111,100.921875
08:00:31,91282CLJ8,TSRYS5875649,D,S,T,2024-09-10,1000000.00,3.59784,100.9296875
08:00:31,91282CLJ8,TSRYS5875649,D,S,T,2024-09-10,1000000.00,3.59784,100.9296875
08:00:31,91282CLJ8,TSRYS5875649,D,S,T,2024-09-10,1000000.00,3.594029,100.953125
08:00:31,91282CLJ8,TSRYS5875649,D,S,T,2024-09-10,1000000.00,3.594029,100.953125
08:00:31,91282CLJ8,TSRYS5875649,D,S,T,2024-09-10,1000000.00,3.594029,100.953125
08:00:31,91282CLJ8,TSRYS5875649,D,S,T,2024-09-10,1000000.00,3.5953,100.9453125
08:00:31,91282CLJ8,TSRYS5875649,D,S,T,2024-09-10,1000000.00,3.602923,100.8984375
08:00:31,91282CLJ8,TSRYS5875649,D,S,T,2024-09-10,1000000.00,3.5953,100.9453125
08:00:31,91282CLJ8,TSRYS5875649,D,S,T,2024-09-10,1000000.00,3.5953,100.9453125
08:00:32,91282CLJ8,TSRYS5875649,D,S,T,2024-09-10,1000000.00,3.59784,100.9296875
08:00:32,91282CLJ8,TSRYS5875649,D,S,T,2024-09-10,1000000.00,3.59657,100.9375
08:00:32,91282CLJ8,TSRYS5875649,D,S,T,2024-09-10,1000000.00,3.59657,100.9375
08:00:32,91282CLJ8,TSRYS5875649,D,S,T,2024-09-10,1000000.00,3.5953,100.9453125
08:00:32,91282CLJ8,TSRYS5875649,D,S,T,2024-09-10,1000000.00,3.601652,100.90625
08:00:32,91282CLJ8,TSRYS5875649,D,S,T,2024-09-10,1000000.00,3.5953,100.9453125
08:00:32,91282CLJ8,TSRYS5875649,D,S,T,2024-09-10,1000000.00,3.5953,100.9453125
08:00:32,91282CLJ8,TSRYS5875649,D,S,T,2024-09-10,1000000.00,3.594029,100.953125
08:00:32,91282CLJ8,TSRYS5875649,D,S,T,2024-09-10,1000000.00,3.592759,100.9609375
08:00:32,91282CLJ8,TSRYS5875649,D,S,T,2024-09-10,1000000.00,3.594347,100.951171875
08:00:32,91282CLJ8,TSRYS5875649,D,S,T,2024-09-10,1000000.00,3.5953,100.9453125
08:00:32,91282CLJ8,TSRYS5875649,D,S,T,2024-09-10,1000000.00,3.594347,100.951171875
08:00:32,91282CLJ8,TSRYS5875649,D,S,T,2024-09-10,1000000.00,3.5953,100.9453125
08:00:32,91282CLJ8,TSRYS5875649,D,S,T,2024-09-10,1000000.00,3.5953,100.9453125
08:00:32,91282CLJ8,TSRYS5875649,D,S,T,2024-09-10,1000000.00,3.5953,100.9453125
08:00:32,91282CLJ8,TSRYS5875649,D,S,T,2024-09-10,1000000.00,3.59657,100.9375
08:00:32,91282CLJ8,TSRYS5875649,D,S,T,2024-09-10,1000000.00,3.59784,100.9296875
08:00:32,91282CLJ8,TSRYS5875649,D,S,T,2024-09-10,1000000.00,3.598793,100.923828125
08:00:32,91282CLJ8,TSRYS5875649,D,S,T,2024-09-10,1000000.00,3.600381,100.9140625
08:00:32,91282CLJ8,TSRYS5875649,D,S,T,2024-09-10,1000000.00,3.601017,100.91015625
08:00:32,91282CLJ8,TSRYS5875649,D,S,T,2024-09-10,1000000.00,3.601017,100.91015625
08:00:32,91282CLJ8,TSRYS5875649,D,S,T,2024-09-10,1000000.00,3.601017,100.91015625
08:00:32,91282CLJ8,TSRYS5875649,D,S,T,2024-09-10,1000000.00,3.601017,100.91015625
08:00:32,91282CLJ8,TSRYS5875649,D,S,T,2024-09-10,1000000.00,3.601017,100.91015625
08:00:32,91282CLJ8,TSRYS5875649,D,S,T,2024-09-10,1000000.00,3.600381,100.9140625
08:00:32,91282CLJ8,TSRYS5875649,D,S,T,2024-09-10,1000000.00,3.600381,100.9140625
08:00:32,91282CLJ8,TSRYS5875649,D,S,T,2024-09-10,1000000.00,3.600381,100.9140625
08:00:32,91282CLJ8,TSRYS5875649,D,S,T,2024-09-10,1000000.00,3.600381,100.9140625
08:00:32,91282CLJ8,TSRYS5875649,D,S,T,2024-09-10,1000000.00,3.601017,100.91015625
08:00:32,91282CLJ8,TSRYS5875649,D,S,T,2024-09-10,1000000.00,3.601017,100.91015625
08:00:32,91282CLJ8,TSRYS5875649,D,S,T,2024-09-10,1000000.00,3.600699,100.912109375
08:00:32,91282CLJ8,TSRYS5875649,D,S,D,2024-09-10,1000000.00,3.600699,100.912109375
08:00:32,91282CLJ8,TSRYS5875649,D,S,T,2024-09-10,1000000.00,3.601017,100.91015625
08:00:32,91282CLJ8,TSRYS5875649,D,S,T,2024-09-10,1000000.00,3.601334,100.908203125
08:00:32,91282CLJ8,TSRYS5875649,D,S,T,2024-09-10,1000000.00,3.600381,100.9140625
08:00:32,91282CLJ8,TSRYS5875649,D,S,T,2024-09-10,1000000.00,3.601017,100.91015625
08:00:32,91282CLJ8,TSRYS5875649,D,S,T,2024-09-10,1000000.00,3.600381,100.9140625
08:00:32,91282CLJ8,TSRYS5875649,D,S,T,2024-09-10,1000000.00,3.600381,100.9140625
08:00:32,91282CLJ8,TSRYS5875649,D,S,T,2024-09-10,1000000.00,3.600381,100.9140625
08:00:32,91282CLJ8,TSRYS5875649,D,S,T,2024-09-10,1000000.00,3.600381,100.9140625
08:00:32,91282CLJ8,TSRYS5875649,D,S,T,2024-09-10,1000000.00,3.600381,100.9140625
08:00:32,91282CLJ8,TSRYS5875649,D,S,T,2024-09-10,1000000.00,3.601652,100.90625
08:00:32,91282CLJ8,TSRYS5875649,D,S,T,2024-09-10,2000000.00,3.601652,100.90625
08:00:32,91282CLJ8,TSRYS5875649,D,S,T,2024-09-10,5000000.00,3.601652,100.90625
08:00:32,91282CLJ8,TSRYS5875649,D,S,T,2024-09-10,1000000.00,3.601652,100.90625
08:00:32,91282CLJ8,TSRYS5875649,D,S,T,2024-09-10,1000000.00,3.601652,100.90625
08:00:32,91282CLJ8,TSRYS5875649,D,S,T,2024-09-10,1000000.00,3.602923,100.8984375
08:00:32,91282CLJ8,TSRYS5875649,D,S,T,2024-09-10,1000000.00,3.602923,100.8984375
08:00:32,91282CLJ8,TSRYS5875649,D,S,T,2024-09-10,1000000.00,3.604194,100.890625
08:00:32,91282CLJ8,TSRYS5875649,D,S,T,2024-09-10,1000000.00,3.604194,100.890625
08:00:32,91282CLJ8,TSRYS5875649,D,S,T,2024-09-10,1000000.00,3.602605,100.900390625
08:00:32,91282CLJ8,TSRYS5875649,D,S,T,2024-09-10,1000000.00,3.601017,100.91015625
08:00:32,91282CLJ8,TSRYS5875649,D,S,T,2024-09-10,1000000.00,3.605783,100.880859375
08:00:32,91282CLJ8,TSRYS5875649,D,S,T,2024-09-10,1000000.00,3.605465,100.8828125
08:00:32,91282CLJ8,TSRYS5875649,D,S,T,2024-09-10,1000000.00,3.605465,100.8828125
08:00:32,91282CLJ8,TSRYS5875649,D,S,T,2024-09-10,1000000.00,3.606101,100.87890625
08:00:32,91282CLJ8,TSRYS5875649,D,S,T,2024-09-10,1000000.00,3.606101,100.87890625
08:00:32,91282CLJ8,TSRYS5875649,D,S,T,2024-09-10,1000000.00,3.606736,100.875
08:00:32,91282CLJ8,TSRYS5875649,D,S,T,2024-09-10,1000000.00,3.606736,100.875
08:00:32,91282CLJ8,TSRYS5875649,D,S,T,2024-09-10,1000000.00,3.606736,100.875
08:00:32,91282CLJ8,TSRYS5875649,D,S,T,2024-09-10,1000000.00,3.608008,100.8671875
08:00:32,91282CLJ8,TSRYS5875649,D,S,T,2024-09-10,1000000.00,3.606736,100.875
08:00:32,91282CLJ8,TSRYS5875649,D,S,T,2024-09-10,1000000.00,3.602923,100.8984375
08:00:32,91282CLJ8,TSRYS5875649,D,S,T,2024-09-10,1000000.00,3.602923,100.8984375
08:00:32,91282CLJ8,TSRYS5875649,D,S,T,2024-09-10,1000000.00,3.600381,100.9140625
08:00:32,91282CLJ8,TSRYS5875649,D,S,T,2024-09-10,1000000.00,3.600381,100.9140625
08:00:32,91282CLJ8,TSRYS5875649,D,S,T,2024-09-10,1000000.00,3.600381,100.9140625
08:00:32,91282CLJ8,TSRYS5875649,D,S,T,2024-09-10,1000000.00,3.602923,100.8984375
08:00:32,91282CLJ8,TSRYS5875649,D,S,T,2024-09-10,1000000.00,3.602605,100.900390625
08:00:32,91282CLJ8,TSRYS5875649,D,S,T,2024-09-10,1000000.00,3.602605,100.900390625
08:00:32,91282CLJ8,TSRYS5875649,D,S,T,2024-09-10,1000000.00,3.602605,100.900390625
08:00:32,91282CLJ8,TSRYS5875649,D,S,T,2024-09-10,1000000.00,3.602923,100.8984375
08:00:32,91282CLJ8,TSRYS5875649,D,S,T,2024-09-10,1000000.00,3.602923,100.8984375
08:00:32,91282CLJ8,TSRYS5875649,D,S,T,2024-09-10,1000000.00,3.602288,100.90234375
08:00:32,91282CLJ8,TSRYS5875649,D,S,T,2024-09-10,1000000.00,3.602288,100.90234375
08:00:32,91282CLJ8,TSRYS5875649,D,S,T,2024-09-10,1000000.00,3.602923,100.8984375
08:00:32,91282CLJ8,TSRYS5875649,D,S,T,2024-09-10,1000000.00,3.602923,100.8984375
08:00:32,91282CLJ8,TSRYS5875649,D,S,T,2024-09-10,1000000.00,3.602923,100.8984375
08:00:32,91282CLJ8,TSRYS5875649,D,S,T,2024-09-10,1000000.00,3.602923,100.8984375
08:00:32,91282CLJ8,TSRYS5875649,D,S,T,2024-09-10,1000000.00,3.602923,100.8984375
08:00:32,91282CLJ8,TSRYS5875649,D,S,T,2024-09-10,1000000.00,3.602923,100.8984375
08:00:32,91282CLJ8,TSRYS5875649,D,S,T,2024-09-10,1000000.00,3.604194,100.890625
08:00:32,91282CLJ8,TSRYS5875649,D,S,T,2024-09-10,1000000.00,3.604194,100.890625
08:00:32,91282CLJ8,TSRYS5875649,D,S,T,2024-09-10,2000000.00,3.604194,100.890625
08:00:32,91282CLJ8,TSRYS5875649,D,S,T,2024-09-10,1000000.00,3.605465,100.8828125
08:00:32,91282CLJ8,TSRYS5875649,D,S,T,2024-09-10,1000000.00,3.604194,100.890625
08:00:32,91282CLJ8,TSRYS5875649,D,S,T,2024-09-10,1000000.00,3.604194,100.890625
08:00:32,91282CLJ8,TSRYS5875649,D,S,T,2024-09-10,1000000.00,3.602923,100.8984375
08:00:32,91282CLJ8,TSRYS5875649,D,S,T,2024-09-10,1000000.00,3.601652,100.90625
08:00:32,91282CLJ8,TSRYS5875649,D,S,T,2024-09-10,1000000.00,3.602923,100.8984375
08:00:32,91282CLJ8,TSRYS5875649,D,S,T,2024-09-10,1000000.00,3.602923,100.8984375
08:00:32,91282CLJ8,TSRYS5875649,D,S,T,2024-09-10,1000000.00,3.602923,100.8984375
08:00:32,91282CLJ8,TSRYS5875649,D,S,T,2024-09-10,1000000.00,3.603559,100.89453125
08:00:32,91282CLJ8,TSRYS5875649,D,S,T,2024-09-10,1000000.00,3.604194,100.890625
08:00:32,91282CLJ8,TSRYS5875649,D,S,T,2024-09-10,1000000.00,3.604194,100.890625
08:00:32,91282CLJ8,TSRYS5875649,D,S,T,2024-09-10,3000000.00,3.604194,100.890625
08:00:32,91282CLJ8,TSRYS5875649,D,S,T,2024-09-10,1000000.00,3.601652,100.90625
08:00:32,91282CLJ8,TSRYS5875649,D,S,T,2024-09-10,1000000.00,3.601652,100.90625
08:00:32,91282CLJ8,TSRYS5875649,D,S,T,2024-09-10,1000000.00,3.601652,100.90625
08:00:32,91282CLJ8,TSRYS5875649,D,S,T,2024-09-10,1000000.00,3.601652,100.90625
08:00:32,91282CLJ8,TSRYS5875649,D,S,T,2024-09-10,1000000.00,3.602605,100.900390625
08:00:32,91282CLJ8,TSRYS5875649,D,S,T,2024-09-10,1000000.00,3.602605,100.900390625
08:00:32,91282CLJ8,TSRYS5875649,D,S,T,2024-09-10,1000000.00,3.604194,100.890625
08:00:32,91282CLJ8,TSRYS5875649,D,S,T,2024-09-10,1000000.00,3.604194,100.890625
08:00:32,91282CLJ8,TSRYS5875649,D,S,T,2024-09-10,1000000.00,3.604194,100.890625
08:00:32,91282CLJ8,TSRYS5875649,D,S,T,2024-09-10,1000000.00,3.604194,100.890625
08:00:32,91282CLJ8,TSRYS5875649,D,S,T,2024-09-10,2000000.00,3.604194,100.890625
08:00:32,91282CLJ8,TSRYS5875649,D,S,T,2024-09-10,1000000.00,3.604194,100.890625
08:00:32,91282CLJ8,TSRYS5875649,D,S,T,2024-09-10,1000000.00,3.604194,100.890625
08:00:32,91282CLJ8,TSRYS5875649,D,S,T,2024-09-10,1000000.00,3.604194,100.890625
08:00:32,91282CLJ8,TSRYS5875649,D,S,T,2024-09-10,1000000.00,3.604194,100.890625
08:00:32,91282CLJ8,TSRYS5875649,D,S,T,2024-09-10,1000000.00,3.604194,100.890625
08:00:32,91282CLJ8,TSRYS5875649,D,S,T,2024-09-10,1000000.00,3.604194,100.890625
08:00:32,91282CLJ8,TSRYS5875649,D,S,T,2024-09-10,1000000.00,3.604194,100.890625
08:00:32,91282CLJ8,TSRYS5875649,D,S,T,2024-09-10,1000000.00,3.604194,100.890625
08:00:32,91282CLJ8,TSRYS5875649,D,S,T,2024-09-10,1000000.00,3.604194,100.890625
08:00:32,91282CLJ8,TSRYS5875649,D,S,D,2024-09-10,1000000.00,3.593394,100.95703125
08:00:32,91282CLJ8,TSRYS5875649,D,S,D,2024-09-10,1000000.00,3.5953,100.9453125
08:00:32,91282CLJ8,TSRYS5875649,D,S,D,2024-09-10,1000000.00,3.594029,100.953125
08:00:32,91282CLJ8,TSRYS5875649,D,S,D,2024-09-10,1000000.00,3.594029,100.953125
08:00:32,91282CLJ8,TSRYS5875649,D,S,D,2024-09-10,1000000.00,3.595935,100.94140625
08:00:32,91282CLJ8,TSRYS5875649,D,S,D,2024-09-10,1000000.00,3.595935,100.94140625
08:00:32,91282CLJ8,TSRYS5875649,D,S,D,2024-09-10,1000000.00,3.595935,100.94140625
08:00:32,91282CLJ8,TSRYS5875649,D,S,D,2024-09-10,1000000.00,3.591489,100.96875
08:00:32,91282CLJ8,TSRYS5875649,D,S,D,2024-09-10,1000000.00,3.591489,100.96875
08:00:32,91282CLJ8,TSRYS5875649,D,S,D,2024-09-10,1000000.00,3.591807,100.966796875
08:00:32,91282CLJ8,TSRYS5875649,D,S,D,2024-09-10,1000000.00,3.602605,100.900390625
08:00:32,91282CLJ8,TSRYS5875649,D,S,D,2024-09-10,1000000.00,3.605465,100.8828125
08:00:32,91282CLJ8,TSRYS5875649,D,S,D,2024-09-10,1000000.00,3.605465,100.8828125
08:00:32,91282CLJ8,TSRYS5875649,D,S,D,2024-09-10,1000000.00,3.607054,100.873046875
08:00:32,91282CLJ8,TSRYS5875649,D,S,D,2024-09-10,1000000.00,3.609279,100.859375
08:00:32,91282CLJ8,TSRYS5875649,D,S,D,2024-09-10,1000000.00,3.610233,100.853515625
08:00:32,91282CLJ8,TSRYS5875649,D,S,D,2024-09-10,1000000.00,3.610233,100.853515625
08:00:32,91282CLJ8,TSRYS5875649,D,S,D,2024-09-10,1000000.00,3.609915,100.85546875
08:00:32,91282CLJ8,TSRYS5875649,D,S,D,2024-09-10,1000000.00,3.610233,100.853515625
08:00:32,91282CLJ8,TSRYS5875649,D,S,D,2024-09-10,1000000.00,3.60483,100.88671875
08:00:32,91282CLJ8,TSRYS5875649,D,S,D,2024-09-10,1000000.00,3.594029,100.953125
08:00:32,91282CLJ8,TSRYS5875649,D,S,D,2024-09-10,1000000.00,3.601017,100.91015625
08:00:32,91282CLJ8,TSRYS5875649,D,S,D,2024-09-10,1000000.00,3.600064,100.916015625
08:00:32,91282CLJ8,TSRYS5875649,D,S,D,2024-09-10,1000000.00,3.601017,100.91015625
08:00:32,91282CLJ8,TSRYS5875649,D,S,D,2024-09-10,1000000.00,3.601017,100.91015625
08:00:32,91282CLJ8,TSRYS5875649,D,S,D,2024-09-10,1000000.00,3.600381,100.9140625
08:00:32,91282CLJ8,TSRYS5875649,D,S,D,2024-09-10,1000000.00,3.603559,100.89453125
08:00:32,91282CLJ8,TSRYS5875649,D,S,D,2024-09-10,1000000.00,3.606419,100.876953125
08:00:32,91282CLJ8,TSRYS5875649,D,S,D,2024-09-10,1000000.00,3.604194,100.890625
08:00:32,91282CLJ8,TSRYS5875649,D,S,D,2024-09-10,1000000.00,3.606736,100.875
08:00:32,91282CLJ8,TSRYS5875649,D,S,D,2024-09-10,1000000.00,3.601017,100.91015625
08:00:32,91282CLJ8,TSRYS5875649,D,S,D,2024-09-10,1000000.00,3.601334,100.908203125
08:00:32,91282CLJ8,TSRYS5875649,D,S,D,2024-09-10,1000000.00,3.601334,100.908203125
08:00:32,91282CLJ8,TSRYS5875649,D,S,D,2024-09-10,1000000.00,3.598158,100.927734375
08:00:32,91282CLJ8,TSRYS5875649,D,S,D,2024-09-10,1000000.00,3.598158,100.927734375
08:00:32,91282CLJ8,TSRYS5875649,D,S,D,2024-09-10,1000000.00,3.598158,100.927734375
08:00:32,91282CLJ8,TSRYS5875649,D,S,D,2024-09-10,1000000.00,3.598158,100.927734375
08:00:32,91282CLJ8,TSRYS5875649,D,S,D,2024-09-10,1000000.00,3.598158,100.927734375
08:00:32,91282CLJ8,TSRYS5875649,D,S,D,2024-09-10,1000000.00,3.598158,100.927734375
08:00:32,91282CLJ8,TSRYS5875649,D,S,D,2024-09-10,1000000.00,3.598476,100.92578125
08:00:32,91282CLJ8,TSRYS5875649,D,S,D,2024-09-10,1000000.00,3.598476,100.92578125
08:00:32,91282CLJ8,TSRYS5875649,D,S,D,2024-09-10,1000000.00,3.593712,100.955078125
08:00:32,91282CLJ8,TSRYS5875649,D,S,D,2024-09-10,1000000.00,3.593712,100.955078125
08:00:32,91282CLJ8,TSRYS5875649,D,S,D,2024-09-10,1000000.00,3.594347,100.951171875
08:00:32,91282CLJ8,TSRYS5875649,D,S,D,2024-09-10,1000000.00,3.591807,100.966796875
08:00:32,91282CLJ8,TSRYS5875649,D,S,D,2024-09-10,1000000.00,3.591807,100.966796875
08:00:32,91282CLJ8,TSRYS5875649,D,S,D,2024-09-10,1000000.00,3.590854,100.97265625
08:00:32,91282CLJ8,TSRYS5875649,D,S,D,2024-09-10,1000000.00,3.592759,100.9609375
08:00:32,91282CLJ8,TSRYS5875649,D,S,D,2024-09-10,1000000.00,3.594664,100.94921875
08:00:32,91282CLJ8,TSRYS5875649,D,S,D,2024-09-10,1000000.00,3.594982,100.947265625
08:00:32,91282CLJ8,TSRYS5875649,D,S,D,2024-09-10,1000000.00,3.597205,100.93359375
08:00:32,91282CLJ8,TSRYS5875649,D,S,D,2024-09-10,1000000.00,3.596252,100.939453125
08:00:32,91282CLJ8,TSRYS5875649,D,S,D,2024-09-10,1000000.00,3.603241,100.896484375
08:00:32,91282CLJ8,TSRYS5875649,D,S,D,2024-09-10,1000000.00,3.603241,100.896484375
08:00:32,91282CLJ8,TSRYS5875649,D,S,D,2024-09-10,1000000.00,3.603241,100.896484375
08:00:32,91282CLJ8,TSRYS5875649,D,S,D,2024-09-10,1000000.00,3.603241,100.896484375
08:00:32,91282CLJ8,TSRYS5875649,D,S,D,2024-09-10,1000000.00,3.603241,100.896484375
08:00:32,91282CLJ8,TSRYS5875649,D,S,D,2024-09-10,1000000.00,3.603559,100.89453125
08:00:32,91282CLJ8,TSRYS5875649,D,S,D,2024-09-10,1000000.00,3.603559,100.89453125
08:00:32,91282CLJ8,TSRYS5875649,D,S,D,2024-09-10,1000000.00,3.603559,100.89453125
08:00:32,91282CLJ8,TSRYS5875649,D,S,D,2024-09-10,1000000.00,3.603559,100.89453125
08:00:32,91282CLJ8,TSRYS5875649,D,S,D,2024-09-10,1000000.00,3.603559,100.89453125
08:00:32,91282CLJ8,TSRYS5875649,D,S,D,2024-09-10,1000000.00,3.602923,100.8984375
08:00:32,91282CLJ8,TSRYS5875649,D,S,D,2024-09-10,1000000.00,3.602923,100.8984375
08:00:32,91282CLJ8,TSRYS5875649,D,S,D,2024-09-10,1000000.00,3.602923,100.8984375
08:00:32,91282CLJ8,TSRYS5875649,D,S,D,2024-09-10,1000000.00,3.603241,100.896484375
08:00:32,91282CLJ8,TSRYS5875649,D,S,D,2024-09-10,1000000.00,3.602605,100.900390625
08:00:32,91282CLJ8,TSRYS5875649,D,S,D,2024-09-10,1000000.00,3.602605,100.900390625
08:00:32,91282CLJ8,TSRYS5875649,D,S,D,2024-09-10,1000000.00,3.602605,100.900390625
08:00:32,91282CLJ8,TSRYS5875649,D,S,D,2024-09-10,1000000.00,3.602288,100.90234375
08:00:32,91282CLJ8,TSRYS5875649,D,S,D,2024-09-10,1000000.00,3.602288,100.90234375
08:00:32,91282CLJ8,TSRYS5875649,D,S,D,2024-09-10,1000000.00,3.602923,100.8984375
08:00:32,91282CLJ8,TSRYS5875649,D,S,D,2024-09-10,1000000.00,3.602923,100.8984375
08:00:32,91282CLJ8,TSRYS5875649,D,S,D,2024-09-10,1000000.00,3.605465,100.8828125
08:00:32,91282CLJ8,TSRYS5875649,D,S,D,2024-09-10,1000000.00,3.607054,100.873046875
08:00:32,91282CLJ8,TSRYS5875649,D,S,D,2024-09-10,1000000.00,3.607054,100.873046875
08:00:32,91282CLJ8,TSRYS5875649,D,S,D,2024-09-10,1000000.00,3.607054,100.873046875
08:00:32,91282CLJ8,TSRYS5875649,D,S,D,2024-09-10,1000000.00,3.60483,100.88671875
08:00:32,91282CLJ8,TSRYS5875649,D,S,D,2024-09-10,1000000.00,3.607372,100.87109375
08:00:32,91282CLJ8,TSRYS5875649,D,S,D,2024-09-10,1000000.00,3.60769,100.869140625
08:00:32,91282CLJ8,TSRYS5875649,D,S,D,2024-09-10,1000000.00,3.607372,100.87109375
08:00:32,91282CLJ8,TSRYS5875649,D,S,D,2024-09-10,1000000.00,3.608008,100.8671875
08:00:32,91282CLJ8,TSRYS5875649,D,S,D,2024-09-10,1000000.00,3.608008,100.8671875
08:00:32,91282CLJ8,TSRYS5875649,D,S,D,2024-09-10,1000000.00,3.603559,100.89453125
08:00:32,91282CLJ8,TSRYS5875649,D,S,D,2024-09-10,1000000.00,3.60483,100.88671875
08:00:32,91282CLJ8,TSRYS5875649,D,S,D,2024-09-10,2000000.00,3.60483,100.88671875
08:00:32,91282CLJ8,TSRYS5875649,D,S,D,2024-09-10,2000000.00,3.60483,100.88671875
08:00:32,91282CLJ8,TSRYS5875649,D,S,D,2024-09-10,1000000.00,3.594982,100.947265625
08:00:32,91282CLJ8,TSRYS5875649,D,S,D,2024-09-10,1000000.00,3.594347,100.951171875
08:00:32,91282CLJ8,TSRYS5875649,D,S,D,2024-09-10,1000000.00,3.594347,100.951171875
08:00:32,91282CLJ8,TSRYS5875649,D,S,D,2024-09-10,1000000.00,3.594347,100.951171875
08:00:32,91282CLJ8,TSRYS5875649,D,S,D,2024-09-10,1000000.00,3.594347,100.951171875
08:00:32,91282CLJ8,TSRYS5875649,D,S,D,2024-09-10,1000000.00,3.598793,100.923828125
08:00:32,91282CLJ8,TSRYS5875649,D,S,D,2024-09-10,1000000.00,3.601334,100.908203125
08:00:32,91282CLJ8,TSRYS5875649,D,S,D,2024-09-10,1000000.00,3.601334,100.908203125
08:00:32,91282CLJ8,TSRYS5875649,D,S,D,2024-09-10,1000000.00,3.600064,100.916015625
08:00:32,91282CLJ8,TSRYS5875649,D,S,D,2024-09-10,1000000.00,3.600064,100.916015625
08:00:32,91282CLJ8,TSRYS5875649,D,S,D,2024-09-10,1000000.00,3.599746,100.91796875
08:00:32,91282CLJ8,TSRYS5875649,D,S,D,2024-09-10,1000000.00,3.600699,100.912109375
08:00:32,91282CLJ8,TSRYS5875649,D,S,D,2024-09-10,1000000.00,3.601017,100.91015625
08:00:32,91282CLJ8,TSRYS5875649,D,S,D,2024-09-10,1000000.00,3.601017,100.91015625
08:00:32,91282CLJ8,TSRYS5875649,D,S,D,2024-09-10,1000000.00,3.601017,100.91015625
08:00:32,91282CLJ8,TSRYS5875649,D,S,D,2024-09-10,1000000.00,3.601017,100.91015625
08:00:32,91282CLJ8,TSRYS5875649,D,S,D,2024-09-10,1000000.00,3.601017,100.91015625
08:00:32,91282CLJ8,TSRYS5875649,D,S,D,2024-09-10,1000000.00,3.601017,100.91015625
08:00:32,91282CLJ8,TSRYS5875649,D,S,D,2024-09-10,1000000.00,3.601017,100.91015625
08:00:32,91282CLJ8,TSRYS5875649,D,S,D,2024-09-10,1000000.00,3.601334,100.908203125
08:00:32,91282CLJ8,TSRYS5875649,D,S,D,2024-09-10,1000000.00,3.606419,100.876953125
08:00:32,91282CLJ8,TSRYS5875649,D,S,D,2024-09-10,1000000.00,3.606419,100.876953125
08:00:32,91282CLJ8,TSRYS5875649,D,S,D,2024-09-10,1000000.00,3.608326,100.865234375
08:00:32,91282CLJ8,TSRYS5875649,D,S,D,2024-09-10,1000000.00,3.604194,100.890625
08:00:32,91282CLJ8,TSRYS5875649,D,S,D,2024-09-10,1000000.00,3.606736,100.875
08:00:32,91282CLJ8,TSRYS5875649,D,S,D,2024-09-10,1000000.00,3.601017,100.91015625
08:00:32,91282CLJ8,TSRYS5875649,D,S,D,2024-09-10,1000000.00,3.601017,100.91015625
08:00:32,91282CLJ8,TSRYS5875649,D,S,D,2024-09-10,1000000.00,3.601334,100.908203125
08:00:32,91282CLJ8,TSRYS5875649,D,S,D,2024-09-10,1000000.00,3.601334,100.908203125
08:00:32,91282CLJ8,TSRYS5875649,D,S,D,2024-09-10,1000000.00,3.601334,100.908203125
08:00:32,91282CLJ8,TSRYS5875649,D,S,D,2024-09-10,1000000.00,3.601334,100.908203125
08:00:32,91282CLJ8,TSRYS5875649,D,S,D,2024-09-10,1000000.00,3.601334,100.908203125
08:00:32,91282CLJ8,TSRYS5875649,D,S,D,2024-09-10,1000000.00,3.602605,100.900390625
08:00:32,91282CLJ8,TSRYS5875649,D,S,D,2024-09-10,1000000.00,3.602605,100.900390625
08:00:32,91282CLJ8,TSRYS5875649,D,S,D,2024-09-10,2000000.00,3.602605,100.900390625
08:00:32,91282CLJ8,TSRYS5875649,D,S,D,2024-09-10,1000000.00,3.602605,100.900390625
08:00:32,91282CLJ8,TSRYS5875649,D,S,D,2024-09-10,1000000.00,3.603241,100.896484375
08:00:33,91282CLJ8,TSRYS5875649,D,S,D,2024-09-10,1000000.00,3.604194,100.890625
08:00:34,91282CLJ8,TSRYS5875649,D,S,D,2024-09-10,2000000.00,3.602288,100.90234375
08:00:34,91282CLJ8,TSRYS5875649,D,S,D,2024-09-10,2000000.00,3.599746,100.91796875
08:00:35,91282CLJ8,TSRYS5875649,D,S,D,2024-09-10,1000000.00,3.596887,100.935546875
08:00:38,91282CLJ8,TSRYS5875649,D,S,D,2024-09-10,1000000.00,3.600381,100.9140625
08:00:38,91282CLJ8,TSRYS5875649,D,S,D,2024-09-10,1000000.00,3.600699,100.912109375
08:00:38,91282CLJ8,TSRYS5875649,D,S,D,2024-09-10,1000000.00,3.600699,100.912109375
08:00:38,91282CLJ8,TSRYS5875649,D,S,D,2024-09-10,1000000.00,3.600381,100.9140625
08:00:38,91282CLJ8,TSRYS5875649,D,S,D,2024-09-10,1000000.00,3.600699,100.912109375
08:00:38,91282CLJ8,TSRYS5875649,D,S,D,2024-09-10,1000000.00,3.600381,100.9140625
08:00:38,91282CLJ8,TSRYS5875649,D,S,D,2024-09-10,1000000.00,3.600381,100.9140625
08:00:40,91282CLJ8,TSRYS5875649,D,S,D,2024-09-10,1000000.00,3.602923,100.8984375
08:00:40,91282CLJ8,TSRYS5875649,D,S,D,2024-09-10,1000000.00,3.605783,100.880859375
08:00:40,91282CLJ8,TSRYS5875649,D,B,C,2024-09-10,1000000.00,3.605783,100.880859375
08:00:41,91282CLJ8,TSRYS5875649,D,B,C,2024-09-10,1000000.00,3.603559,100.89453125
08:00:41,91282CLJ8,TSRYS5875649,D,S,D,2024-09-10,1000000.00,3.603559,100.89453125
08:00:41,91282CLJ8,TSRYS5875649,D,S,D,2024-09-10,1000000.00,3.601017,100.91015625
08:00:41,91282CLJ8,TSRYS5875649,D,B,C,2024-09-10,1000000.00,3.601017,100.91015625
08:00:42,91282CLJ8,TSRYS5875649,D,S,C,2024-09-10,1000000.00,3.603876,100.892578125
08:00:44,91282CLJ8,TSRYS5875649,D,S,C,2024-09-10,1000000.00,3.606419,100.876953125
08:00:44,91282CLJ8,TSRYS5875649,D,S,C,2024-09-10,1000000.00,3.606419,100.876953125
08:00:44,91282CLJ8,TSRYS5875649,D,S,C,2024-09-10,1000000.00,3.60769,100.869140625
08:00:44,91282CLJ8,TSRYS5875649,D,S,D,2024-09-10,1000000.00,3.60769,100.869140625
08:00:45,91282CLJ8,TSRYS5875649,D,S,C,2024-09-10,1000000.00,3.600064,100.916015625
08:00:46,91282CLJ8,TSRYS5875649,D,S,D,2024-09-10,1000000.00,3.604512,100.888671875
08:00:46,91282CLJ8,TSRYS5875649,D,S,D,2024-09-10,1000000.00,3.604512,100.888671875
08:00:47,91282CLJ8,TSRYS5875649,D,S,C,2024-09-10,1000000.00,3.602605,100.900390625
08:00:47,91282CLJ8,TSRYS5875649,D,S,D,2024-09-10,1000000.00,3.604194,100.890625
08:00:47,91282CLJ8,TSRYS5875649,D,S,D,2024-09-10,1000000.00,3.605465,100.8828125
08:00:47,91282CLJ8,TSRYS5875649,D,B,C,2024-09-10,1000000.00,3.606736,100.875
08:00:47,91282CLJ8,TSRYS5875649,D,S,D,2024-09-10,1000000.00,3.606736,100.875
08:00:47,91282CLJ8,TSRYS5875649,D,S,D,2024-09-10,1000000.00,3.604194,100.890625
08:00:48,91282CLJ8,TSRYS5875649,D,S,C,2024-09-10,1000000.00,3.602605,100.900390625
08:00:48,91282CLJ8,TSRYS5875649,D,S,C,2024-09-10,1000000.00,3.602288,100.90234375
08:00:48,91282CLJ8,TSRYS5875649,D,S,C,2024-09-10,1000000.00,3.60197,100.904296875
08:00:48,91282CLJ8,TSRYS5875649,D,S,C,2024-09-10,1000000.00,3.602605,100.900390625
08:00:48,91282CLJ8,TSRYS5875649,D,B,C,2024-09-10,1000000.00,3.60483,100.88671875
08:00:48,91282CLJ8,TSRYS5875649,D,S,D,2024-09-10,1000000.00,3.60483,100.88671875
08:00:48,91282CLJ8,TSRYS5875649,D,S,T,2024-09-10,1000000.00,3.5953,100.9453125
08:00:48,91282CLJ8,TSRYS5875649,D,S,T,2024-09-10,2000000.00,3.599111,100.921875
08:00:48,91282CLJ8,TSRYS5875649,D,S,T,2024-09-10,1000000.00,3.599127,100.921773
08:00:48,91282CLJ8,TSRYS5875649,D,S,T,2024-09-10,1000000.00,3.599127,100.921773
08:00:48,91282CLJ8,TSRYS5875649,D,S,T,2024-09-10,1000000.00,3.599127,100.921773
08:00:49,91282CLJ8,TSRYS5875649,D,S,T,2024-09-10,1000000.00,3.599127,100.921773
08:00:49,91282CLJ8,TSRYS5875649,D,S,T,2024-09-10,4000000.00,3.599127,100.921773
08:00:49,91282CLJ8,TSRYS5875649,D,S,T,2024-09-10,1000000.00,3.599127,100.921773
08:00:49,91282CLJ8,TSRYS5875649,D,S,C,2024-09-10,1000000.00,3.602605,100.900390625
08:00:49,91282CLJ8,TSRYS5875649,D,S,D,2024-09-10,1000000.00,3.60197,100.904296875
08:00:49,91282CLJ8,TSRYS5875649,D,S,C,2024-09-10,1000000.00,3.602605,100.900390625
08:00:49,91282CLJ8,TSRYS5875649,D,S,C,2024-09-10,1000000.00,3.602605,100.900390625
08:00:49,91282CLJ8,TSRYS5875649,D,S,T,2024-09-10,1000000.00,3.599127,100.921773
08:00:49,91282CLJ8,TSRYS5875649,D,S,T,2024-09-10,1000000.00,3.599127,100.921773
08:00:49,91282CLJ8,TSRYS5875649,D,S,T,2024-09-10,1000000.00,3.599127,100.921773
08:00:49,91282CLJ8,TSRYS5875649,D,S,T,2024-09-10,1000000.00,3.599127,100.921773
08:00:49,91282CLJ8,TSRYS5875649,D,S,T,2024-09-10,2000000.00,3.599127,100.921773
08:00:49,91282CLJ8,TSRYS5875649,D,S,T,2024-09-10,2000000.00,3.599127,100.921773
08:00:49,91282CLJ8,TSRYS5875649,D,S,T,2024-09-10,1000000.00,3.599127,100.921773
08:00:49,91282CLJ8,TSRYS5875649,D,S,T,2024-09-10,1000000.00,3.599127,100.921773
08:00:49,91282CLJ8,TSRYS5875649,D,S,T,2024-09-10,1000000.00,3.599127,100.921773
08:00:49,91282CLJ8,TSRYS5875649,D,S,T,2024-09-10,1000000.00,3.599127,100.921773
08:00:49,91282CLJ8,TSRYS5875649,D,S,T,2024-09-10,2000000.00,3.599127,100.921773
08:00:49,91282CLJ8,TSRYS5875649,D,S,T,2024-09-10,1000000.00,3.599127,100.921773
08:00:49,91282CLJ8,TSRYS5875649,D,S,T,2024-09-10,1000000.00,3.599127,100.921773
08:00:49,91282CLJ8,TSRYS5875649,D,S,T,2024-09-10,2000000.00,3.599127,100.921773
08:00:49,91282CLJ8,TSRYS5875649,D,S,T,2024-09-10,1000000.00,3.599127,100.921773
08:00:49,91282CLJ8,TSRYS5875649,D,S,T,2024-09-10,1000000.00,3.599127,100.921773
08:00:49,91282CLJ8,TSRYS5875649,D,S,T,2024-09-10,1000000.00,3.599127,100.921773
08:00:49,91282CLJ8,TSRYS5875649,D,S,T,2024-09-10,1000000.00,3.599127,100.921773
08:00:49,91282CLJ8,TSRYS5875649,D,S,T,2024-09-10,1000000.00,3.599127,100.921773
08:00:49,91282CLJ8,TSRYS5875649,D,S,T,2024-09-10,1000000.00,3.599127,100.921773
08:00:49,91282CLJ8,TSRYS5875649,D,S,T,2024-09-10,1000000.00,3.599127,100.921773
08:00:49,91282CLJ8,TSRYS5875649,D,S,T,2024-09-10,1000000.00,3.599127,100.921773
08:00:49,91282CLJ8,TSRYS5875649,D,S,T,2024-09-10,1000000.00,3.599127,100.921773
08:00:49,91282CLJ8,TSRYS5875649,D,S,T,2024-09-10,1000000.00,3.599127,100.921773
08:00:49,91282CLJ8,TSRYS5875649,D,S,T,2024-09-10,2000000.00,3.599127,100.921773
08:00:49,91282CLJ8,TSRYS5875649,D,S,T,2024-09-10,1000000.00,3.599127,100.921773
08:00:49,91282CLJ8,TSRYS5875649,D,S,T,2024-09-10,1000000.00,3.599127,100.921773
08:00:49,91282CLJ8,TSRYS5875649,D,S,T,2024-09-10,1000000.00,3.599127,100.921773
08:00:49,91282CLJ8,TSRYS5875649,D,S,T,2024-09-10,1000000.00,3.599127,100.921773
08:00:49,91282CLJ8,TSRYS5875649,D,S,T,2024-09-10,1000000.00,3.599127,100.921773
08:00:49,91282CLJ8,TSRYS5875649,D,S,T,2024-09-10,1000000.00,3.599127,100.921773
08:00:49,91282CLJ8,TSRYS5875649,D,B,A,2024-09-10,540000.00,3.608008,100.8671875
08:00:50,91282CLJ8,TSRYS5875649,D,S,T,2024-09-10,2000000.00,3.599127,100.921773
08:00:50,91282CLJ8,TSRYS5875649,D,S,T,2024-09-10,1000000.00,3.599127,100.921773
08:00:50,91282CLJ8,TSRYS5875649,D,S,T,2024-09-10,1000000.00,3.599127,100.921773
08:00:50,91282CLJ8,TSRYS5875649,D,S,T,2024-09-10,1000000.00,3.599127,100.921773
08:00:50,91282CLJ8,TSRYS5875649,D,S,T,2024-09-10,1000000.00,3.599127,100.921773
08:00:50,91282CLJ8,TSRYS5875649,D,S,T,2024-09-10,1000000.00,3.599127,100.921773
08:00:50,91282CLJ8,TSRYS5875649,D,S,T,2024-09-10,1000000.00,3.599127,100.921773
08:00:50,91282CLJ8,TSRYS5875649,D,S,T,2024-09-10,1000000.00,3.599127,100.921773
08:00:50,91282CLJ8,TSRYS5875649,D,S,T,2024-09-10,1000000.00,3.599127,100.921773
08:00:50,91282CLJ8,TSRYS5875649,D,S,T,2024-09-10,2000000.00,3.599127,100.921773
08:00:50,91282CLJ8,TSRYS5875649,D,S,T,2024-09-10,1000000.00,3.599127,100.921773
08:00:50,91282CLJ8,TSRYS5875649,D,S,T,2024-09-10,1000000.00,3.599127,100.921773
08:00:50,91282CLJ8,TSRYS5875649,D,S,T,2024-09-10,1000000.00,3.599127,100.921773
08:00:50,91282CLJ8,TSRYS5875649,D,S,T,2024-09-10,1000000.00,3.599127,100.921773
08:00:50,91282CLJ8,TSRYS5875649,D,S,T,2024-09-10,1000000.00,3.599127,100.921773
08:00:50,91282CLJ8,TSRYS5875649,D,S,T,2024-09-10,1000000.00,3.599127,100.921773
08:00:50,91282CLJ8,TSRYS5875649,D,S,T,2024-09-10,1000000.00,3.604194,100.890625
08:00:50,91282CLJ8,TSRYS5875649,D,S,T,2024-09-10,1000000.00,3.599127,100.921773
08:00:50,91282CLJ8,TSRYS5875649,D,S,T,2024-09-10,1000000.00,3.604194,100.890625
08:00:50,91282CLJ8,TSRYS5875649,D,S,T,2024-09-10,1000000.00,3.599127,100.921773
08:00:50,91282CLJ8,TSRYS5875649,D,S,T,2024-09-10,1000000.00,3.604194,100.890625
08:00:50,91282CLJ8,TSRYS5875649,D,S,T,2024-09-10,1000000.00,3.604194,100.890625
08:00:50,91282CLJ8,TSRYS5875649,D,S,T,2024-09-10,1000000.00,3.599127,100.921773
08:00:50,91282CLJ8,TSRYS5875649,D,S,T,2024-09-10,1000000.00,3.604194,100.890625
08:00:50,91282CLJ8,TSRYS5875649,D,S,T,2024-09-10,1000000.00,3.599127,100.921773
08:00:50,91282CLJ8,TSRYS5875649,D,S,T,2024-09-10,1000000.00,3.599127,100.921773
08:00:50,91282CLJ8,TSRYS5875649,D,S,T,2024-09-10,1000000.00,3.599127,100.921773
08:00:50,91282CLJ8,TSRYS5875649,D,S,T,2024-09-10,1000000.00,3.599127,100.921773
08:00:50,91282CLJ8,TSRYS5875649,D,S,T,2024-09-10,1000000.00,3.599127,100.921773
08:00:50,91282CLJ8,TSRYS5875649,D,S,C,2024-09-10,1000000.00,3.60483,100.88671875
08:00:50,91282CLJ8,TSRYS5875649,D,S,T,2024-09-10,1000000.00,3.599127,100.921773
08:00:50,91282CLJ8,TSRYS5875649,D,S,T,2024-09-10,1000000.00,3.599127,100.921773
08:00:50,91282CLJ8,TSRYS5875649,D,S,T,2024-09-10,1000000.00,3.599127,100.921773
08:00:50,91282CLJ8,TSRYS5875649,D,S,T,2024-09-10,1000000.00,3.599127,100.921773
08:00:50,91282CLJ8,TSRYS5875649,D,S,T,2024-09-10,1000000.00,3.599127,100.921773
08:00:50,91282CLJ8,TSRYS5875649,D,S,T,2024-09-10,1000000.00,3.599127,100.921773
08:00:50,91282CLJ8,TSRYS5875649,D,S,T,2024-09-10,1000000.00,3.599127,100.921773
08:00:50,91282CLJ8,TSRYS5875649,D,S,T,2024-09-10,3000000.00,3.599127,100.921773
08:00:50,91282CLJ8,TSRYS5875649,D,S,D,2024-09-10,28000000.00,3.602802,100.89918
08:00:50,91282CLJ8,TSRYS5875649,D,S,T,2024-09-10,1000000.00,3.599127,100.921773
08:00:50,91282CLJ8,TSRYS5875649,D,S,T,2024-09-10,2000000.00,3.599127,100.921773
08:00:50,91282CLJ8,TSRYS5875649,D,S,T,2024-09-10,1000000.00,3.599127,100.921773
08:00:50,91282CLJ8,TSRYS5875649,D,S,T,2024-09-10,1000000.00,3.599127,100.921773
08:00:50,91282CLJ8,TSRYS5875649,D,S,T,2024-09-10,1000000.00,3.599127,100.921773
08:00:50,91282CLJ8,TSRYS5875649,D,S,T,2024-09-10,1000000.00,3.599127,100.921773
08:00:50,91282CLJ8,TSRYS5875649,D,S,T,2024-09-10,2000000.00,3.599127,100.921773
08:00:50,91282CLJ8,TSRYS5875649,D,S,D,2024-09-10,7000000.00,3.595189,100.94599
08:00:50,91282CLJ8,TSRYS5875649,D,S,T,2024-09-10,1000000.00,3.599127,100.921773
08:00:50,91282CLJ8,TSRYS5875649,D,S,T,2024-09-10,2000000.00,3.599127,100.921773
08:00:50,91282CLJ8,TSRYS5875649,D,S,T,2024-09-10,1000000.00,3.599127,100.921773
08:00:50,91282CLJ8,TSRYS5875649,D,S,T,2024-09-10,2000000.00,3.599127,100.921773
08:00:50,91282CLJ8,TSRYS5875649,D,S,T,2024-09-10,1000000.00,3.599127,100.921773
08:00:50,91282CLJ8,TSRYS5875649,D,S,T,2024-09-10,1000000.00,3.599127,100.921773
08:00:51,91282CLJ8,TSRYS5875649,D,S,T,2024-09-10,1000000.00,3.59784,100.9296875
08:00:51,91282CLJ8,TSRYS5875649,D,S,T,2024-09-10,1000000.00,3.59784,100.9296875
08:00:51,91282CLJ8,TSRYS5875649,D,S,T,2024-09-10,2000000.00,3.597857,100.9295855
08:00:51,91282CLJ8,TSRYS5875649,D,S,T,2024-09-10,1000000.00,3.597205,100.93359375
08:00:51,91282CLJ8,TSRYS5875649,D,S,T,2024-09-10,1000000.00,3.597205,100.93359375
08:00:51,91282CLJ8,TSRYS5875649,D,S,T,2024-09-10,1000000.00,3.597205,100.93359375
08:00:51,91282CLJ8,TSRYS5875649,D,S,T,2024-09-10,1000000.00,3.597205,100.93359375
08:00:51,91282CLJ8,TSRYS5875649,D,S,T,2024-09-10,1000000.00,3.597205,100.93359375
08:00:51,91282CLJ8,TSRYS5875649,D,S,T,2024-09-10,1000000.00,3.597205,100.93359375
08:00:54,91282CLJ8,TSRYS5875649,D,S,D,2024-09-10,1000000.00,3.603241,100.896484375
08:00:54,91282CLJ8,TSRYS5875649,D,S,D,2024-09-10,1000000.00,3.602923,100.8984375
08:00:54,91282CLJ8,TSRYS5875649,D,S,T,2024-09-10,1000000.00,3.608643,100.86328125
08:00:55,91282CLJ8,TSRYS5875649,D,S,T,2024-09-10,1000000.00,3.604194,100.890625
08:00:55,91282CLJ8,TSRYS5875649,D,S,T,2024-09-10,1000000.00,3.604194,100.890625
08:00:55,91282CLJ8,TSRYS5875649,D,S,T,2024-09-10,1000000.00,3.604194,100.890625
08:00:55,91282CLJ8,TSRYS5875649,D,S,T,2024-09-10,1000000.00,3.604194,100.890625
08:00:55,91282CLJ8,TSRYS5875649,D,S,T,2024-09-10,11000000.00,3.604194,100.890625
08:00:58,91282CLJ8,TSRYS5875649,D,S,T,2024-09-10,1000000.00,3.600381,100.9140625
08:00:58,91282CLJ8,TSRYS5875649,D,S,T,2024-09-10,1000000.00,3.600381,100.9140625
08:00:58,91282CLJ8,TSRYS5875649,D,S,T,2024-09-10,1000000.00,3.600398,100.9139605
08:00:58,91282CLJ8,TSRYS5875649,D,S,T,2024-09-10,1000000.00,3.600398,100.9139605
08:00:58,91282CLJ8,TSRYS5875649,D,S,T,2024-09-10,1000000.00,3.600398,100.9139605
08:00:58,91282CLJ8,TSRYS5875649,D,S,T,2024-09-10,1000000.00,3.598476,100.92578125
08:00:58,91282CLJ8,TSRYS5875649,D,S,T,2024-09-10,1000000.00,3.598476,100.92578125
08:00:58,91282CLJ8,TSRYS5875649,D,S,T,2024-09-10,1000000.00,3.598476,100.92578125
08:00:58,91282CLJ8,TSRYS5875649,D,S,T,2024-09-10,1000000.00,3.598476,100.92578125
08:00:58,91282CLJ8,TSRYS5875649,D,S,T,2024-09-10,1000000.00,3.598476,100.92578125
08:00:59,91282CLJ8,TSRYS5875649,D,S,D,2024-09-10,1000000.00,3.602923,100.8984375
08:01:02,91282CLJ8,TSRYS5875649,D,S,T,2024-09-10,1000000.00,3.595935,100.94140625
08:01:02,91282CLJ8,TSRYS5875649,D,S,T,2024-09-10,1000000.00,3.595935,100.94140625
08:01:02,91282CLJ8,TSRYS5875649,D,S,T,2024-09-10,1000000.00,3.595935,100.94140625
08:01:02,91282CLJ8,TSRYS5875649,D,S,T,2024-09-10,1000000.00,3.595935,100.94140625
08:01:02,91282CLJ8,TSRYS5875649,D,S,T,2024-09-10,1000000.00,3.595935,100.94140625
08:01:02,91282CLJ8,TSRYS5875649,D,S,T,2024-09-10,1000000.00,3.5953,100.9453125
08:01:02,91282CLJ8,TSRYS5875649,D,S,T,2024-09-10,1000000.00,3.5953,100.9453125
08:01:02,91282CLJ8,TSRYS5875649,D,S,T,2024-09-10,1000000.00,3.5953,100.9453125
08:01:02,91282CLJ8,TSRYS5875649,D,S,T,2024-09-10,1000000.00,3.5953,100.9453125
08:01:02,91282CLJ8,TSRYS5875649,D,S,T,2024-09-10,1000000.00,3.5953,100.9453125
08:01:02,91282CLJ8,TSRYS5875649,D,S,T,2024-09-10,1000000.00,3.595316,100.9452105
08:01:02,91282CLJ8,TSRYS5875649,D,S,T,2024-09-10,1000000.00,3.595316,100.9452105
08:01:02,91282CLJ8,TSRYS5875649,D,S,T,2024-09-10,1000000.00,3.5953,100.9453125
08:01:02,91282CLJ8,TSRYS5875649,D,S,T,2024-09-10,1000000.00,3.595316,100.9452105
08:01:02,91282CLJ8,TSRYS5875649,D,S,T,2024-09-10,1000000.00,3.595316,100.9452105
08:01:02,91282CLJ8,TSRYS5875649,D,S,T,2024-09-10,1000000.00,3.5953,100.9453125
08:01:02,91282CLJ8,TSRYS5875649,D,S,T,2024-09-10,1000000.00,3.595316,100.9452105
08:01:02,91282CLJ8,TSRYS5875649,D,S,T,2024-09-10,1000000.00,3.595316,100.9452105
08:01:02,91282CLJ8,TSRYS5875649,D,S,T,2024-09-10,1000000.00,3.595316,100.9452105
08:01:02,91282CLJ8,TSRYS5875649,D,S,T,2024-09-10,1000000.00,3.595316,100.9452105
08:01:02,91282CLJ8,TSRYS5875649,D,S,T,2024-09-10,1000000.00,3.594664,100.94921875
08:01:02,91282CLJ8,TSRYS5875649,D,S,T,2024-09-10,1000000.00,3.594664,100.94921875
08:01:02,91282CLJ8,TSRYS5875649,D,S,T,2024-09-10,1000000.00,3.594664,100.94921875
08:01:02,91282CLJ8,TSRYS5875649,D,S,T,2024-09-10,1000000.00,3.594664,100.94921875
08:01:02,91282CLJ8,TSRYS5875649,D,S,T,2024-09-10,1000000.00,3.594664,100.94921875
08:01:02,91282CLJ8,TSRYS5875649,D,S,T,2024-09-10,1000000.00,3.594664,100.94921875
08:01:02,91282CLJ8,TSRYS5875649,D,S,T,2024-09-10,1000000.00,3.594664,100.94921875
08:01:02,91282CLJ8,TSRYS5875649,D,S,T,2024-09-10,1000000.00,3.594664,100.94921875
08:01:04,91282CLJ8,TSRYS5875649,D,S,C,2024-09-10,1000000.00,3.586728,100.998046875
08:01:04,91282CLJ8,TSRYS5875649,D,S,D,2024-09-10,1000000.00,3.581334,101.03125
08:01:04,91282CLJ8,TSRYS5875649,D,S,C,2024-09-10,1000000.00,3.585141,101.0078125
08:01:04,91282CLJ8,TSRYS5875649,D,S,C,2024-09-10,1000000.00,3.586728,100.998046875
08:01:04,91282CLJ8,TSRYS5875649,D,S,C,2024-09-10,2000000.00,3.594029,100.953125
08:01:05,91282CLJ8,TSRYS5875649,D,S,C,2024-09-10,1000000.00,3.585141,101.0078125
08:01:05,91282CLJ8,TSRYS5875649,D,S,C,2024-09-10,1000000.00,3.588632,100.986328125
08:01:05,91282CLJ8,TSRYS5875649,D,S,C,2024-09-10,1000000.00,3.589267,100.982421875
08:01:05,91282CLJ8,TSRYS5875649,D,S,C,2024-09-10,1000000.00,3.594982,100.947265625
08:01:05,91282CLJ8,TSRYS5875649,D,B,C,2024-09-10,1000000.00,3.595935,100.94140625
08:01:05,91282CLJ8,TSRYS5875649,D,S,C,2024-09-10,2000000.00,3.594664,100.94921875
08:01:05,91282CLJ8,TSRYS5875649,D,S,C,2024-09-10,1000000.00,3.595935,100.94140625
08:01:05,91282CLJ8,TSRYS5875649,D,S,C,2024-09-10,1000000.00,3.59657,100.9375
08:01:05,91282CLJ8,TSRYS5875649,D,S,D,2024-09-10,1000000.00,3.59657,100.9375
08:01:05,91282CLJ8,TSRYS5875649,D,B,C,2024-09-10,1000000.00,3.5953,100.9453125
08:01:05,91282CLJ8,TSRYS5875649,D,S,D,2024-09-10,1000000.00,3.5953,100.9453125
08:01:06,91282CLJ8,TSRYS5875649,D,B,C,2024-09-10,1000000.00,3.59784,100.9296875
08:01:06,91282CLJ8,TSRYS5875649,D,S,C,2024-09-10,2000000.00,3.599428,100.919921875
08:01:06,91282CLJ8,TSRYS5875649,D,S,C,2024-09-10,1000000.00,3.599111,100.921875
08:01:06,91282CLJ8,TSRYS5875649,D,S,C,2024-09-10,1000000.00,3.599428,100.919921875
08:01:06,91282CLJ8,TSRYS5875649,D,S,C,2024-09-10,1000000.00,3.599111,100.921875
08:01:06,91282CLJ8,TSRYS5875649,D,S,D,2024-09-10,1000000.00,3.599111,100.921875
08:01:06,91282CLJ8,TSRYS5875649,D,S,C,2024-09-10,1000000.00,3.598158,100.927734375
08:01:06,91282CLJ8,TSRYS5875649,D,S,D,2024-09-10,1000000.00,3.598158,100.927734375
08:01:06,91282CLJ8,TSRYS5875649,D,S,D,2024-09-10,1000000.00,3.598158,100.927734375
08:01:06,91282CLJ8,TSRYS5875649,D,S,D,2024-09-10,1000000.00,3.598158,100.927734375
08:01:06,91282CLJ8,TSRYS5875649,D,S,C,2024-09-10,1000000.00,3.59784,100.9296875
08:01:06,91282CLJ8,TSRYS5875649,D,S,C,2024-09-10,1000000.00,3.603241,100.896484375
08:01:06,91282CLJ8,TSRYS5875649,D,S,D,2024-09-10,1000000.00,3.598158,100.927734375
08:01:06,91282CLJ8,TSRYS5875649,D,S,T,2024-09-10,1000000.00,3.599762,100.91786875
08:01:07,91282CLJ8,TSRYS5875649,D,S,C,2024-09-10,1000000.00,3.595617,100.943359375
08:01:07,91282CLJ8,TSRYS5875649,D,S,D,2024-09-10,1000000.00,3.593077,100.958984375
08:01:07,91282CLJ8,TSRYS5875649,D,B,C,2024-09-10,1000000.00,3.593077,100.958984375
08:01:07,91282CLJ8,TSRYS5875649,D,S,D,2024-09-10,1000000.00,3.591807,100.966796875
08:01:08,91282CLJ8,TSRYS5875649,D,S,C,2024-09-10,1000000.00,3.593394,100.95703125
08:01:08,91282CLJ8,TSRYS5875649,D,S,C,2024-09-10,2000000.00,3.593394,100.95703125
08:01:08,91282CLJ8,TSRYS5875649,D,S,C,2024-09-10,2000000.00,3.594664,100.94921875
08:01:08,91282CLJ8,TSRYS5875649,D,S,C,2024-09-10,1000000.00,3.5953,100.9453125
08:01:08,91282CLJ8,TSRYS5875649,D,S,C,2024-09-10,1000000.00,3.5953,100.9453125
08:01:08,91282CLJ8,TSRYS5875649,D,S,C,2024-09-10,1000000.00,3.596252,100.939453125
08:01:08,91282CLJ8,TSRYS5875649,D,S,D,2024-09-10,1000000.00,3.596252,100.939453125
08:01:08,91282CLJ8,TSRYS5875649,D,B,C,2024-09-10,1000000.00,3.596252,100.939453125
08:01:08,91282CLJ8,TSRYS5875649,D,S,D,2024-09-10,1000000.00,3.595935,100.94140625
08:01:08,91282CLJ8,TSRYS5875649,D,S,C,2024-09-10,2000000.00,3.594982,100.947265625
08:01:08,91282CLJ8,TSRYS5875649,D,S,C,2024-09-10,1000000.00,3.594982,100.947265625
08:01:08,91282CLJ8,TSRYS5875649,D,B,C,2024-09-10,1000000.00,3.594982,100.947265625
08:01:08,91282CLJ8,TSRYS5875649,D,S,C,2024-09-10,1000000.00,3.594982,100.947265625
08:01:08,91282CLJ8,TSRYS5875649,D,S,C,2024-09-10,1000000.00,3.594982,100.947265625
08:01:08,91282CLJ8,TSRYS5875649,D,S,C,2024-09-10,1000000.00,3.594982,100.947265625
08:01:08,91282CLJ8,TSRYS5875649,D,S,D,2024-09-10,1000000.00,3.594029,100.953125
