tradeTime,cusip,issueSymbolIdentifier,priceType,reportingSideCode,contraPartyTypeCode,tradeDate,reportedTradeVolume,lastSaleYield,lastSalePrice
08:00:04,91282CKU4,TSRYS5814781,D,S,D,2024-06-20,2000000.00,4.235656,102.318359375
08:00:04,91282CKU4,TSRYS5814781,D,S,D,2024-06-20,1000000.00,4.23598,102.31640625
08:00:04,91282CKU4,TSRYS5814781,D,S,D,2024-06-20,2000000.00,4.235333,102.3203125
08:00:04,91282CKU4,TSRYS5814781,D,S,D,2024-06-20,1000000.00,4.239859,102.29296875
08:00:04,91282CKU4,TSRYS5814781,D,S,D,2024-06-20,2000000.00,4.244063,102.267578125
08:00:04,91282CKU4,TSRYS5814781,D,S,D,2024-06-20,1000000.00,4.244063,102.267578125
08:00:04,91282CKU4,TSRYS5814781,D,S,D,2024-06-20,2000000.00,4.242123,102.279296875
08:00:04,91282CKU4,TSRYS5814781,D,S,D,2024-06-20,2000000.00,4.245034,102.26171875
08:00:04,91282CKU4,TSRYS5814781,D,S,D,2024-06-20,1000000.00,4.252475,102.216796875
08:00:04,91282CKU4,TSRYS5814781,D,S,D,2024-06-20,1000000.00,4.252151,102.21875
08:00:04,91282CKU4,TSRYS5814781,D,S,T,2024-06-20,1000000.00,4.252151,102.21875
08:00:04,91282CKU4,TSRYS5814781,D,S,D,2024-06-20,1000000.00,4.250533,102.228515625
08:00:04,91282CKU4,TSRYS5814781,D,S,T,2024-06-20,1000000.00,4.249563,102.234375
08:00:04,91282CKU4,TSRYS5814781,D,S,T,2024-06-20,1000000.00,4.249563,102.234375
08:00:04,91282CKU4,TSRYS5814781,D,S,D,2024-06-20,1000000.00,4.251181,102.224609375
08:00:07,91282CKU4,TSRYS5814781,D,S,D,2024-06-20,1000000.00,4.251181,102.224609375
08:00:07,91282CKU4,TSRYS5814781,D,S,T,2024-06-20,2000000.00,4.247622,102.24609375
08:00:07,91282CKU4,TSRYS5814781,D,S,D,2024-06-20,2000000.00,4.247945,102.244140625
08:00:07,91282CKU4,TSRYS5814781,D,S,D,2024-06-20,2000000.00,4.247622,102.24609375
08:00:07,91282CKU4,TSRYS5814781,D,S,D,2024-06-20,2000000.00,4.25021,102.23046875
08:00:07,91282CKU4,TSRYS5814781,D,S,D,2024-06-20,1000000.00,4.251504,102.22265625
08:00:07,91282CKU4,TSRYS5814781,D,S,D,2024-06-20,1000000.00,4.250533,102.228515625
08:00:07,91282CKU4,TSRYS5814781,D,S,D,2024-06-20,1000000.00,4.250533,102.228515625
08:00:07,91282CKU4,TSRYS5814781,D,S,T,2024-06-20,2000000.00,4.251504,102.22265625
08:00:07,91282CKU4,TSRYS5814781,D,S,D,2024-06-20,2000000.00,4.248269,102.2421875
08:00:07,91282CKU4,TSRYS5814781,D,S,D,2024-06-20,2000000.00,4.248269,102.2421875
08:00:07,91282CKU4,TSRYS5814781,D,S,T,2024-06-20,1000000.00,4.248269,102.2421875
08:00:07,91282CKU4,TSRYS5814781,D,S,D,2024-06-20,1000000.00,4.241799,102.28125
08:00:07,91282CKU4,TSRYS5814781,D,S,T,2024-06-20,1000000.00,4.241476,102.283203125
08:00:07,91282CKU4,TSRYS5814781,D,S,T,2024-06-20,1000000.00,4.241476,102.283203125
08:00:07,91282CKU4,TSRYS5814781,D,S,T,2024-06-20,1000000.00,4.241476,102.283203125
08:00:07,91282CKU4,TSRYS5814781,D,S,T,2024-06-20,1000000.00,4.241476,102.283203125
08:00:07,91282CKU4,TSRYS5814781,D,S,T,2024-06-20,1000000.00,4.241476,102.283203125
08:00:07,91282CKU4,TSRYS5814781,D,S,D,2024-06-20,1000000.00,4.241476,102.283203125
08:00:07,91282CKU4,TSRYS5814781,D,S,D,2024-06-20,2000000.00,4.241799,102.28125
08:00:07,91282CKU4,TSRYS5814781,D,S,T,2024-06-20,1000000.00,4.241476,102.283203125
08:00:07,91282CKU4,TSRYS5814781,D,S,D,2024-06-20,1000000.00,4.241799,102.28125
08:00:07,91282CKU4,TSRYS5814781,D,S,D,2024-06-20,1000000.00,4.241476,102.283203125
08:00:07,91282CKU4,TSRYS5814781,D,S,T,2024-06-20,3000000.00,4.243093,102.2734375
08:00:07,91282CKU4,TSRYS5814781,D,S,T,2024-06-20,2000000.00,4.243416,102.271484375
08:00:07,91282CKU4,TSRYS5814781,D,S,T,2024-06-20,1000000.00,4.24374,102.26953125
08:00:07,91282CKU4,TSRYS5814781,D,S,D,2024-06-20,1000000.00,4.24374,102.26953125
08:00:07,91282CKU4,TSRYS5814781,D,S,D,2024-06-20,1000000.00,4.24374,102.26953125
08:00:07,91282CKU4,TSRYS5814781,D,S,D,2024-06-20,2000000.00,4.24374,102.26953125
08:00:07,91282CKU4,TSRYS5814781,D,S,T,2024-06-20,1000000.00,4.24374,102.26953125
08:00:07,91282CKU4,TSRYS5814781,D,S,D,2024-06-20,2000000.00,4.24374,102.26953125
08:00:07,91282CKU4,TSRYS5814781,D,S,T,2024-06-20,1000000.00,4.24374,102.26953125
08:00:07,91282CKU4,TSRYS5814781,D,S,D,2024-06-20,2000000.00,4.24374,102.26953125
08:00:07,91282CKU4,TSRYS5814781,D,S,D,2024-06-20,2000000.00,4.24374,102.26953125
08:00:07,91282CKU4,TSRYS5814781,D,S,D,2024-06-20,2000000.00,4.244387,102.265625
08:00:07,91282CKU4,TSRYS5814781,D,S,D,2024-06-20,1000000.00,4.244387,102.265625
08:00:07,91282CKU4,TSRYS5814781,D,S,D,2024-06-20,2000000.00,4.245357,102.259765625
08:00:07,91282CKU4,TSRYS5814781,D,S,D,2024-06-20,1000000.00,4.245357,102.259765625
08:00:07,91282CKU4,TSRYS5814781,D,S,D,2024-06-20,2000000.00,4.245357,102.259765625
08:00:07,91282CKU4,TSRYS5814781,D,S,D,2024-06-20,1000000.00,4.245357,102.259765625
08:00:07,91282CKU4,TSRYS5814781,D,S,T,2024-06-20,1000000.00,4.245681,102.2578125
08:00:07,91282CKU4,TSRYS5814781,D,S,D,2024-06-20,2000000.00,4.245681,102.2578125
08:00:07,91282CKU4,TSRYS5814781,D,S,T,2024-06-20,1000000.00,4.247945,102.244140625
08:00:07,91282CKU4,TSRYS5814781,D,S,D,2024-06-20,2000000.00,4.249563,102.234375
08:00:07,91282CKU4,TSRYS5814781,D,S,D,2024-06-20,2000000.00,4.250533,102.228515625
08:00:07,91282CKU4,TSRYS5814781,D,S,D,2024-06-20,1000000.00,4.251504,102.22265625
08:00:07,91282CKU4,TSRYS5814781,D,S,D,2024-06-20,2000000.00,4.250857,102.2265625
08:00:07,91282CKU4,TSRYS5814781,D,S,D,2024-06-20,3000000.00,4.250857,102.2265625
08:00:07,91282CKU4,TSRYS5814781,D,S,D,2024-06-20,2000000.00,4.250857,102.2265625
08:00:07,91282CKU4,TSRYS5814781,D,S,D,2024-06-20,2000000.00,4.250857,102.2265625
08:00:07,91282CKU4,TSRYS5814781,D,S,D,2024-06-20,2000000.00,4.250857,102.2265625
08:00:07,91282CKU4,TSRYS5814781,D,S,D,2024-06-20,1000000.00,4.250857,102.2265625
08:00:07,91282CKU4,TSRYS5814781,D,S,D,2024-06-20,2000000.00,4.250857,102.2265625
08:00:07,91282CKU4,TSRYS5814781,D,S,T,2024-06-20,1000000.00,4.248592,102.240234375
08:00:07,91282CKU4,TSRYS5814781,D,S,D,2024-06-20,2000000.00,4.248916,102.23828125
08:00:07,91282CKU4,TSRYS5814781,D,S,D,2024-06-20,2000000.00,4.247622,102.24609375
08:00:07,91282CKU4,TSRYS5814781,D,S,D,2024-06-20,1000000.00,4.247622,102.24609375
08:00:07,91282CKU4,TSRYS5814781,D,S,T,2024-06-20,2000000.00,4.250857,102.2265625
08:00:07,91282CKU4,TSRYS5814781,D,S,T,2024-06-20,2000000.00,4.250857,102.2265625
08:00:07,91282CKU4,TSRYS5814781,D,S,D,2024-06-20,1000000.00,4.250857,102.2265625
08:00:07,91282CKU4,TSRYS5814781,D,S,T,2024-06-20,1000000.00,4.250857,102.2265625
08:00:07,91282CKU4,TSRYS5814781,D,S,T,2024-06-20,1000000.00,4.240506,102.2890625
08:00:07,91282CKU4,TSRYS5814781,D,S,T,2024-06-20,1000000.00,4.236626,102.3125
08:00:07,91282CKU4,TSRYS5814781,D,S,T,2024-06-20,1000000.00,4.236626,102.3125
08:00:07,91282CKU4,TSRYS5814781,D,S,T,2024-06-20,1000000.00,4.235333,102.3203125
08:00:07,91282CKU4,TSRYS5814781,D,S,C,2024-06-20,375000.00,4.237419,102.30859375
08:00:08,91282CKU4,TSRYS5814781,D,B,C,2024-06-20,375000.00,4.240005,102.29296875
08:00:10,91282CKU4,TSRYS5814781,D,S,T,2024-06-20,1000000.00,4.244387,102.265625
08:00:10,91282CKU4,TSRYS5814781,D,S,T,2024-06-20,1000000.00,4.244387,102.265625
08:00:10,91282CKU4,TSRYS5814781,D,S,D,2024-06-20,1000000.00,4.23598,102.31640625
08:00:10,91282CKU4,TSRYS5814781,D,S,D,2024-06-20,1000000.00,4.23598,102.31640625
08:00:10,91282CKU4,TSRYS5814781,D,S,T,2024-06-20,1000000.00,4.23598,102.31640625
08:00:10,91282CKU4,TSRYS5814781,D,S,T,2024-06-20,1000000.00,4.23598,102.31640625
08:00:10,91282CKU4,TSRYS5814781,D,S,T,2024-06-20,1000000.00,4.235656,102.318359375
08:00:10,91282CKU4,TSRYS5814781,D,S,T,2024-06-20,1000000.00,4.23598,102.31640625
08:00:10,91282CKU4,TSRYS5814781,D,S,T,2024-06-20,1000000.00,4.235333,102.3203125
08:00:10,91282CKU4,TSRYS5814781,D,S,T,2024-06-20,1000000.00,4.237919,102.3046875
08:00:10,91282CKU4,TSRYS5814781,D,S,T,2024-06-20,1000000.00,4.237919,102.3046875
08:00:10,91282CKU4,TSRYS5814781,D,S,D,2024-06-20,1000000.00,4.238889,102.298828125
08:00:10,91282CKU4,TSRYS5814781,D,S,T,2024-06-20,1000000.00,4.24471,102.263671875
08:00:10,91282CKU4,TSRYS5814781,D,S,T,2024-06-20,1000000.00,4.252799,102.21484375
08:00:10,91282CKU4,TSRYS5814781,D,S,T,2024-06-20,1000000.00,4.253446,102.2109375
08:00:10,91282CKU4,TSRYS5814781,D,S,T,2024-06-20,1000000.00,4.253446,102.2109375
08:00:10,91282CKU4,TSRYS5814781,D,S,T,2024-06-20,1000000.00,4.249886,102.232421875
08:00:10,91282CKU4,TSRYS5814781,D,S,T,2024-06-20,1000000.00,4.249886,102.232421875
08:00:10,91282CKU4,TSRYS5814781,D,S,T,2024-06-20,1000000.00,4.249563,102.234375
08:00:10,91282CKU4,TSRYS5814781,D,S,T,2024-06-20,1000000.00,4.246974,102.25
08:00:10,91282CKU4,TSRYS5814781,D,S,T,2024-06-20,1000000.00,4.252151,102.21875
08:00:10,91282CKU4,TSRYS5814781,D,S,T,2024-06-20,2000000.00,4.252151,102.21875
08:00:10,91282CKU4,TSRYS5814781,D,S,T,2024-06-20,1000000.00,4.249563,102.234375
08:00:10,91282CKU4,TSRYS5814781,D,S,T,2024-06-20,1000000.00,4.248269,102.2421875
08:00:10,91282CKU4,TSRYS5814781,D,S,T,2024-06-20,1000000.00,4.247298,102.248046875
08:00:10,91282CKU4,TSRYS5814781,D,S,T,2024-06-20,1000000.00,4.247622,102.24609375
08:00:10,91282CKU4,TSRYS5814781,D,S,T,2024-06-20,1000000.00,4.252151,102.21875
08:00:10,91282CKU4,TSRYS5814781,D,S,T,2024-06-20,1000000.00,4.252151,102.21875
08:00:10,91282CKU4,TSRYS5814781,D,S,D,2024-06-20,1000000.00,4.250533,102.228515625
08:00:10,91282CKU4,TSRYS5814781,D,S,T,2024-06-20,1000000.00,4.249886,102.232421875
08:00:10,91282CKU4,TSRYS5814781,D,S,T,2024-06-20,1000000.00,4.239213,102.296875
08:00:10,91282CKU4,TSRYS5814781,D,S,T,2024-06-20,1000000.00,4.241799,102.28125
08:00:10,91282CKU4,TSRYS5814781,D,S,T,2024-06-20,1000000.00,4.241799,102.28125
08:00:10,91282CKU4,TSRYS5814781,D,S,T,2024-06-20,1000000.00,4.241799,102.28125
08:00:10,91282CKU4,TSRYS5814781,D,S,T,2024-06-20,1000000.00,4.241799,102.28125
08:00:10,91282CKU4,TSRYS5814781,D,S,T,2024-06-20,1000000.00,4.241799,102.28125
08:00:10,91282CKU4,TSRYS5814781,D,S,T,2024-06-20,1000000.00,4.241799,102.28125
08:00:10,91282CKU4,TSRYS5814781,D,S,T,2024-06-20,1000000.00,4.241799,102.28125
08:00:10,91282CKU4,TSRYS5814781,D,S,T,2024-06-20,1000000.00,4.241799,102.28125
08:00:10,91282CKU4,TSRYS5814781,D,S,T,2024-06-20,1000000.00,4.241799,102.28125
08:00:10,91282CKU4,TSRYS5814781,D,S,T,2024-06-20,1000000.00,4.241799,102.28125
08:00:10,91282CKU4,TSRYS5814781,D,S,T,2024-06-20,1000000.00,4.241799,102.28125
08:00:10,91282CKU4,TSRYS5814781,D,S,T,2024-06-20,1000000.00,4.241799,102.28125
08:00:10,91282CKU4,TSRYS5814781,D,S,T,2024-06-20,1000000.00,4.241799,102.28125
08:00:10,91282CKU4,TSRYS5814781,D,S,T,2024-06-20,1000000.00,4.245681,102.2578125
08:00:10,91282CKU4,TSRYS5814781,D,S,D,2024-06-20,1000000.00,4.250533,102.228515625
08:00:10,91282CKU4,TSRYS5814781,D,S,T,2024-06-20,1000000.00,4.250533,102.228515625
08:00:10,91282CKU4,TSRYS5814781,D,S,T,2024-06-20,1000000.00,4.250533,102.228515625
08:00:10,91282CKU4,TSRYS5814781,D,S,T,2024-06-20,1000000.00,4.250533,102.228515625
08:00:10,91282CKU4,TSRYS5814781,D,S,D,2024-06-20,1000000.00,4.250533,102.228515625
08:00:10,91282CKU4,TSRYS5814781,D,S,T,2024-06-20,1000000.00,4.250533,102.228515625
08:00:10,91282CKU4,TSRYS5814781,D,S,T,2024-06-20,1000000.00,4.250533,102.228515625
08:00:10,91282CKU4,TSRYS5814781,D,S,D,2024-06-20,1000000.00,4.250533,102.228515625
08:00:10,91282CKU4,TSRYS5814781,D,S,D,2024-06-20,1000000.00,4.250533,102.228515625
08:00:10,91282CKU4,TSRYS5814781,D,S,D,2024-06-20,1000000.00,4.251828,102.220703125
08:00:10,91282CKU4,TSRYS5814781,D,S,D,2024-06-20,1000000.00,4.253122,102.212890625
08:00:10,91282CKU4,TSRYS5814781,D,S,D,2024-06-20,1000000.00,4.253122,102.212890625
08:00:10,91282CKU4,TSRYS5814781,D,S,T,2024-06-20,1000000.00,4.249563,102.234375
08:00:10,91282CKU4,TSRYS5814781,D,S,T,2024-06-20,1000000.00,4.249563,102.234375
08:00:10,91282CKU4,TSRYS5814781,D,S,D,2024-06-20,1000000.00,4.251828,102.220703125
08:00:10,91282CKU4,TSRYS5814781,D,S,T,2024-06-20,1000000.00,4.252151,102.21875
08:00:10,91282CKU4,TSRYS5814781,D,S,T,2024-06-20,1000000.00,4.252475,102.216796875
08:00:10,91282CKU4,TSRYS5814781,D,S,T,2024-06-20,1000000.00,4.252151,102.21875
08:00:10,91282CKU4,TSRYS5814781,D,S,T,2024-06-20,1000000.00,4.253446,102.2109375
08:00:10,91282CKU4,TSRYS5814781,D,S,T,2024-06-20,1000000.00,4.253446,102.2109375
08:00:10,91282CKU4,TSRYS5814781,D,S,T,2024-06-20,1000000.00,4.253446,102.2109375
08:00:10,91282CKU4,TSRYS5814781,D,S,D,2024-06-20,1000000.00,4.253122,102.212890625
08:00:10,91282CKU4,TSRYS5814781,D,S,D,2024-06-20,1000000.00,4.253122,102.212890625
08:00:10,91282CKU4,TSRYS5814781,D,S,T,2024-06-20,1000000.00,4.253122,102.212890625
08:00:10,91282CKU4,TSRYS5814781,D,S,T,2024-06-20,1000000.00,4.252799,102.21484375
08:00:10,91282CKU4,TSRYS5814781,D,S,T,2024-06-20,1000000.00,4.252151,102.21875
08:00:10,91282CKU4,TSRYS5814781,D,S,T,2024-06-20,1000000.00,4.251828,102.220703125
08:00:10,91282CKU4,TSRYS5814781,D,S,T,2024-06-20,1000000.00,4.251828,102.220703125
08:00:10,91282CKU4,TSRYS5814781,D,S,T,2024-06-20,3000000.00,4.252151,102.21875
08:00:10,91282CKU4,TSRYS5814781,D,S,T,2024-06-20,1000000.00,4.254093,102.20703125
08:00:10,91282CKU4,TSRYS5814781,D,S,T,2024-06-20,1000000.00,4.25377,102.208984375
08:00:10,91282CKU4,TSRYS5814781,D,S,T,2024-06-20,1000000.00,4.249239,102.236328125
08:00:10,91282CKU4,TSRYS5814781,D,S,T,2024-06-20,1000000.00,4.249239,102.236328125
08:00:10,91282CKU4,TSRYS5814781,D,S,T,2024-06-20,1000000.00,4.247622,102.24609375
08:00:10,91282CKU4,TSRYS5814781,D,S,T,2024-06-20,2000000.00,4.243093,102.2734375
08:00:11,91282CKU4,TSRYS5814781,D,S,D,2024-06-20,1000000.00,4.241476,102.283203125
08:00:11,91282CKU4,TSRYS5814781,D,S,D,2024-06-20,1000000.00,4.250533,102.228515625
08:00:11,91282CKU4,TSRYS5814781,D,S,D,2024-06-20,1000000.00,4.251504,102.22265625
08:00:11,91282CKU4,TSRYS5814781,D,S,D,2024-06-20,1000000.00,4.251504,102.22265625
08:00:11,91282CKU4,TSRYS5814781,D,S,D,2024-06-20,1000000.00,4.251504,102.22265625
08:00:11,91282CKU4,TSRYS5814781,D,S,D,2024-06-20,1000000.00,4.251181,102.224609375
08:00:11,91282CKU4,TSRYS5814781,D,S,D,2024-06-20,1000000.00,4.251181,102.224609375
08:00:11,91282CKU4,TSRYS5814781,D,S,D,2024-06-20,1000000.00,4.251181,102.224609375
08:00:11,91282CKU4,TSRYS5814781,D,S,D,2024-06-20,1000000.00,4.251181,102.224609375
08:00:11,91282CKU4,TSRYS5814781,D,S,T,2024-06-20,1000000.00,4.249563,102.234375
08:00:11,91282CKU4,TSRYS5814781,D,S,T,2024-06-20,2000000.00,4.249563,102.234375
08:00:12,91282CKU4,TSRYS5814781,D,S,T,2024-06-20,1000000.00,4.249563,102.234375
08:00:12,91282CKU4,TSRYS5814781,D,S,D,2024-06-20,375000.00,,102.30859375
08:00:13,91282CKU4,TSRYS5814781,D,S,D,2024-06-20,1000000.00,4.235333,102.3203125
08:00:13,91282CKU4,TSRYS5814781,D,S,D,2024-06-20,4900000.00,4.240506,102.2890625
08:00:13,91282CKU4,TSRYS5814781,D,S,C,2024-06-20,4900000.00,4.240506,102.2890625
08:00:14,91282CKU4,TSRYS5814781,D,S,D,2024-06-20,1000000.00,4.250857,102.2265625
08:00:19,91282CKU4,TSRYS5814781,D,S,D,2024-06-20,1000000.00,4.245357,102.259765625
08:00:19,91282CKU4,TSRYS5814781,D,S,D,2024-06-20,1000000.00,4.245357,102.259765625
08:00:20,91282CKU4,TSRYS5814781,D,B,C,2024-06-20,1000000.00,4.249886,102.232421875
08:00:20,91282CKU4,TSRYS5814781,D,S,D,2024-06-20,1000000.00,4.249886,102.232421875
08:00:20,91282CKU4,TSRYS5814781,D,B,C,2024-06-20,1000000.00,4.249886,102.232421875
08:00:21,91282CKU4,TSRYS5814781,D,S,D,2024-06-20,1000000.00,4.249886,102.232421875
08:00:21,91282CKU4,TSRYS5814781,D,B,C,2024-06-20,1000000.00,4.249886,102.232421875
08:00:21,91282CKU4,TSRYS5814781,D,S,D,2024-06-20,1000000.00,4.249886,102.232421875
08:00:23,91282CKU4,TSRYS5814781,D,B,C,2024-06-20,1000000.00,4.249886,102.232421875
08:00:23,91282CKU4,TSRYS5814781,D,S,D,2024-06-20,1000000.00,4.249886,102.232421875
08:00:23,91282CKU4,TSRYS5814781,D,B,C,2024-06-20,2000000.00,4.25021,102.23046875
08:00:23,91282CKU4,TSRYS5814781,D,S,D,2024-06-20,2000000.00,4.25021,102.23046875
08:00:23,91282CKU4,TSRYS5814781,D,S,D,2024-06-20,1000000.00,4.25021,102.23046875
08:00:23,91282CKU4,TSRYS5814781,D,B,C,2024-06-20,1000000.00,4.25021,102.23046875
08:00:24,91282CKU4,TSRYS5814781,D,B,C,2024-06-20,2000000.00,4.25021,102.23046875
08:00:24,91282CKU4,TSRYS5814781,D,S,D,2024-06-20,1000000.00,4.25021,102.23046875
08:00:24,91282CKU4,TSRYS5814781,D,B,C,2024-06-20,1000000.00,4.25021,102.23046875
08:00:24,91282CKU4,TSRYS5814781,D,S,D,2024-06-20,2000000.00,4.25021,102.23046875
08:00:24,91282CKU4,TSRYS5814781,D,S,D,2024-06-20,2000000.00,4.25021,102.23046875
08:00:24,91282CKU4,TSRYS5814781,D,B,C,2024-06-20,2000000.00,4.25021,102.23046875
08:00:24,91282CKU4,TSRYS5814781,D,B,C,2024-06-20,2000000.00,4.25021,102.23046875
08:00:24,91282CKU4,TSRYS5814781,D,S,D,2024-06-20,2000000.00,4.25021,102.23046875
08:00:24,91282CKU4,TSRYS5814781,D,B,C,2024-06-20,1000000.00,4.25021,102.23046875
08:00:24,91282CKU4,TSRYS5814781,D,S,D,2024-06-20,1000000.00,4.25021,102.23046875
08:00:24,91282CKU4,TSRYS5814781,D,S,D,2024-06-20,2000000.00,4.25021,102.23046875
08:00:24,91282CKU4,TSRYS5814781,D,S,D,2024-06-20,2000000.00,4.25021,102.23046875
08:00:24,91282CKU4,TSRYS5814781,D,B,C,2024-06-20,2000000.00,4.25021,102.23046875
08:00:24,91282CKU4,TSRYS5814781,D,B,C,2024-06-20,2000000.00,4.25021,102.23046875
08:00:27,91282CKU4,TSRYS5814781,D,S,T,2024-06-20,1000000.00,4.247298,102.248046875
08:00:27,91282CKU4,TSRYS5814781,D,S,T,2024-06-20,1000000.00,4.252151,102.21875
08:00:27,91282CKU4,TSRYS5814781,D,S,T,2024-06-20,2000000.00,4.239213,102.296875
08:00:30,91282CKU4,TSRYS5814781,D,S,D,2024-06-20,1000000.00,4.248269,102.2421875
08:00:30,91282CKU4,TSRYS5814781,D,S,D,2024-06-20,1000000.00,4.245357,102.259765625
08:00:30,91282CKU4,TSRYS5814781,D,S,D,2024-06-20,1000000.00,4.245357,102.259765625
08:00:30,91282CKU4,TSRYS5814781,D,S,D,2024-06-20,1000000.00,4.240183,102.291015625
08:00:30,91282CKU4,TSRYS5814781,D,S,D,2024-06-20,1000000.00,4.239213,102.296875
08:00:30,91282CKU4,TSRYS5814781,D,S,D,2024-06-20,1000000.00,4.241476,102.283203125
08:00:30,91282CKU4,TSRYS5814781,D,S,D,2024-06-20,1000000.00,4.241476,102.283203125
08:00:30,91282CKU4,TSRYS5814781,D,S,D,2024-06-20,1000000.00,4.241476,102.283203125
08:00:30,91282CKU4,TSRYS5814781,D,S,D,2024-06-20,1000000.00,4.241476,102.283203125
08:00:30,91282CKU4,TSRYS5814781,D,S,D,2024-06-20,1000000.00,4.241476,102.283203125
08:00:30,91282CKU4,TSRYS5814781,D,S,D,2024-06-20,1000000.00,4.24471,102.263671875
08:00:30,91282CKU4,TSRYS5814781,D,S,D,2024-06-20,1000000.00,4.247945,102.244140625
08:00:30,91282CKU4,TSRYS5814781,D,S,D,2024-06-20,1000000.00,4.247622,102.24609375
08:00:30,91282CKU4,TSRYS5814781,D,S,D,2024-06-20,1000000.00,4.251181,102.224609375
08:00:30,91282CKU4,TSRYS5814781,D,S,D,2024-06-20,1000000.00,4.251504,102.22265625
08:00:30,91282CKU4,TSRYS5814781,D,S,D,2024-06-20,2000000.00,4.241799,102.28125
08:00:30,91282CKU4,TSRYS5814781,D,S,D,2024-06-20,1000000.00,4.241476,102.283203125
08:00:30,91282CKU4,TSRYS5814781,D,S,D,2024-06-20,1000000.00,4.241476,102.283203125
08:00:30,91282CKU4,TSRYS5814781,D,S,D,2024-06-20,1000000.00,4.241476,102.283203125
08:00:30,91282CKU4,TSRYS5814781,D,S,D,2024-06-20,1000000.00,4.241476,102.283203125
08:00:30,91282CKU4,TSRYS5814781,D,S,D,2024-06-20,1000000.00,4.241476,102.283203125
08:00:30,91282CKU4,TSRYS5814781,D,S,D,2024-06-20,1000000.00,4.241476,102.283203125
08:00:30,91282CKU4,TSRYS5814781,D,S,D,2024-06-20,1000000.00,4.241476,102.283203125
08:00:30,91282CKU4,TSRYS5814781,D,S,D,2024-06-20,1000000.00,4.241476,102.283203125
08:00:30,91282CKU4,TSRYS5814781,D,S,D,2024-06-20,2000000.00,4.241799,102.28125
08:00:30,91282CKU4,TSRYS5814781,D,S,D,2024-06-20,1000000.00,4.241476,102.283203125
08:00:30,91282CKU4,TSRYS5814781,D,S,D,2024-06-20,1000000.00,4.241476,102.283203125
08:00:30,91282CKU4,TSRYS5814781,D,S,D,2024-06-20,1000000.00,4.241476,102.283203125
08:00:30,91282CKU4,TSRYS5814781,D,S,D,2024-06-20,1000000.00,4.241476,102.283203125
08:00:30,91282CKU4,TSRYS5814781,D,S,D,2024-06-20,1000000.00,4.241476,102.283203125
08:00:30,91282CKU4,TSRYS5814781,D,S,D,2024-06-20,1000000.00,4.241476,102.283203125
08:00:30,91282CKU4,TSRYS5814781,D,S,D,2024-06-20,1000000.00,4.241476,102.283203125
08:00:30,91282CKU4,TSRYS5814781,D,S,D,2024-06-20,1000000.00,4.241476,102.283203125
08:00:30,91282CKU4,TSRYS5814781,D,S,D,2024-06-20,2000000.00,4.241476,102.283203125
08:00:30,91282CKU4,TSRYS5814781,D,S,D,2024-06-20,1000000.00,4.241476,102.283203125
08:00:30,91282CKU4,TSRYS5814781,D,S,D,2024-06-20,1000000.00,4.241476,102.283203125
08:00:30,91282CKU4,TSRYS5814781,D,S,D,2024-06-20,1000000.00,4.241476,102.283203125
08:00:30,91282CKU4,TSRYS5814781,D,S,D,2024-06-20,1000000.00,4.241476,102.283203125
08:00:30,91282CKU4,TSRYS5814781,D,S,D,2024-06-20,1000000.00,4.241476,102.283203125
08:00:30,91282CKU4,TSRYS5814781,D,S,D,2024-06-20,1000000.00,4.241476,102.283203125
08:00:30,91282CKU4,TSRYS5814781,D,S,D,2024-06-20,1000000.00,4.241799,102.28125
08:00:30,91282CKU4,TSRYS5814781,D,S,D,2024-06-20,3000000.00,4.244063,102.267578125
08:00:30,91282CKU4,TSRYS5814781,D,S,D,2024-06-20,2000000.00,4.244387,102.265625
08:00:30,91282CKU4,TSRYS5814781,D,S,D,2024-06-20,1000000.00,4.244387,102.265625
08:00:30,91282CKU4,TSRYS5814781,D,S,D,2024-06-20,1000000.00,4.244387,102.265625
08:00:30,91282CKU4,TSRYS5814781,D,S,D,2024-06-20,1000000.00,4.24471,102.263671875
08:00:30,91282CKU4,TSRYS5814781,D,S,D,2024-06-20,1000000.00,4.245681,102.2578125
08:00:30,91282CKU4,TSRYS5814781,D,S,D,2024-06-20,2000000.00,4.245681,102.2578125
08:00:30,91282CKU4,TSRYS5814781,D,S,D,2024-06-20,1000000.00,4.249239,102.236328125
08:00:30,91282CKU4,TSRYS5814781,D,S,D,2024-06-20,2000000.00,4.248916,102.23828125
08:00:30,91282CKU4,TSRYS5814781,D,S,D,2024-06-20,1000000.00,4.251504,102.22265625
08:00:30,91282CKU4,TSRYS5814781,D,S,D,2024-06-20,2000000.00,4.251181,102.224609375
08:00:30,91282CKU4,TSRYS5814781,D,S,D,2024-06-20,3000000.00,4.248592,102.240234375
08:00:30,91282CKU4,TSRYS5814781,D,S,D,2024-06-20,3000000.00,4.248592,102.240234375
08:00:30,91282CKU4,TSRYS5814781,D,S,D,2024-06-20,2000000.00,4.248916,102.23828125
08:00:30,91282CKU4,TSRYS5814781,D,S,D,2024-06-20,1000000.00,4.248916,102.23828125
08:00:30,91282CKU4,TSRYS5814781,D,S,D,2024-06-20,2000000.00,4.248916,102.23828125
08:00:30,91282CKU4,TSRYS5814781,D,S,D,2024-06-20,1000000.00,4.248916,102.23828125
08:00:30,91282CKU4,TSRYS5814781,D,S,D,2024-06-20,1000000.00,4.248916,102.23828125
08:00:30,91282CKU4,TSRYS5814781,D,S,D,2024-06-20,1000000.00,4.247622,102.24609375
08:00:30,91282CKU4,TSRYS5814781,D,S,D,2024-06-20,1000000.00,4.249563,102.234375
08:00:30,91282CKU4,TSRYS5814781,D,S,D,2024-06-20,2000000.00,4.249563,102.234375
08:00:30,91282CKU4,TSRYS5814781,D,S,D,2024-06-20,1000000.00,4.250857,102.2265625
08:00:30,91282CKU4,TSRYS5814781,D,S,D,2024-06-20,1000000.00,4.250857,102.2265625
08:00:30,91282CKU4,TSRYS5814781,D,S,D,2024-06-20,1000000.00,4.250857,102.2265625
08:00:30,91282CKU4,TSRYS5814781,D,S,D,2024-06-20,1000000.00,4.249563,102.234375
08:00:30,91282CKU4,TSRYS5814781,D,S,D,2024-06-20,1000000.00,4.249563,102.234375
08:00:30,91282CKU4,TSRYS5814781,D,S,D,2024-06-20,1000000.00,4.249563,102.234375
08:00:30,91282CKU4,TSRYS5814781,D,S,D,2024-06-20,1000000.00,4.249563,102.234375
08:00:30,91282CKU4,TSRYS5814781,D,S,D,2024-06-20,1000000.00,4.249563,102.234375
08:00:30,91282CKU4,TSRYS5814781,D,S,T,2024-06-20,1000000.00,4.236303,102.314453125
08:00:30,91282CKU4,TSRYS5814781,D,S,T,2024-06-20,1000000.00,4.236303,102.314453125
08:00:30,91282CKU4,TSRYS5814781,D,S,T,2024-06-20,1000000.00,4.236303,102.314453125
08:00:30,91282CKU4,TSRYS5814781,D,S,T,2024-06-20,1000000.00,4.236303,102.314453125
08:00:30,91282CKU4,TSRYS5814781,D,S,T,2024-06-20,1000000.00,4.238566,102.30078125
08:00:30,91282CKU4,TSRYS5814781,D,S,T,2024-06-20,1000000.00,4.238566,102.30078125
08:00:30,91282CKU4,TSRYS5814781,D,S,T,2024-06-20,1000000.00,4.247945,102.244140625
08:00:30,91282CKU4,TSRYS5814781,D,S,T,2024-06-20,1000000.00,4.247945,102.244140625
08:00:30,91282CKU4,TSRYS5814781,D,S,T,2024-06-20,1000000.00,4.246974,102.25
08:00:30,91282CKU4,TSRYS5814781,D,S,T,2024-06-20,1000000.00,4.246974,102.25
08:00:30,91282CKU4,TSRYS5814781,D,S,T,2024-06-20,1000000.00,4.246651,102.251953125
08:00:30,91282CKU4,TSRYS5814781,D,S,T,2024-06-20,1000000.00,4.246974,102.25
08:00:30,91282CKU4,TSRYS5814781,D,S,T,2024-06-20,1000000.00,4.252151,102.21875
08:00:30,91282CKU4,TSRYS5814781,D,S,T,2024-06-20,1000000.00,4.252151,102.21875
08:00:30,91282CKU4,TSRYS5814781,D,S,T,2024-06-20,1000000.00,4.247622,102.24609375
08:00:30,91282CKU4,TSRYS5814781,D,S,T,2024-06-20,1000000.00,4.247622,102.24609375
08:00:30,91282CKU4,TSRYS5814781,D,S,T,2024-06-20,1000000.00,4.246004,102.255859375
08:00:30,91282CKU4,TSRYS5814781,D,S,T,2024-06-20,1000000.00,4.254093,102.20703125
08:00:30,91282CKU4,TSRYS5814781,D,S,T,2024-06-20,1000000.00,4.254093,102.20703125
08:00:30,91282CKU4,TSRYS5814781,D,S,T,2024-06-20,1000000.00,4.25377,102.208984375
08:00:30,91282CKU4,TSRYS5814781,D,S,T,2024-06-20,1000000.00,4.25377,102.208984375
08:00:30,91282CKU4,TSRYS5814781,D,S,T,2024-06-20,1000000.00,4.253446,102.2109375
08:00:30,91282CKU4,TSRYS5814781,D,S,T,2024-06-20,1000000.00,4.253122,102.212890625
08:00:30,91282CKU4,TSRYS5814781,D,S,T,2024-06-20,1000000.00,4.253446,102.2109375
08:00:30,91282CKU4,TSRYS5814781,D,S,T,2024-06-20,1000000.00,4.253122,102.212890625
08:00:30,91282CKU4,TSRYS5814781,D,S,T,2024-06-20,1000000.00,4.248592,102.240234375
08:00:30,91282CKU4,TSRYS5814781,D,S,T,2024-06-20,1000000.00,4.248592,102.240234375
08:00:30,91282CKU4,TSRYS5814781,D,S,T,2024-06-20,1000000.00,4.248592,102.240234375
08:00:30,91282CKU4,TSRYS5814781,D,S,D,2024-06-20,1000000.00,4.247622,102.24609375
08:00:30,91282CKU4,TSRYS5814781,D,S,D,2024-06-20,1000000.00,4.240506,102.2890625
08:00:30,91282CKU4,TSRYS5814781,D,S,D,2024-06-20,1000000.00,4.240506,102.2890625
08:00:30,91282CKU4,TSRYS5814781,D,S,D,2024-06-20,1000000.00,4.24277,102.275390625
08:00:30,91282CKU4,TSRYS5814781,D,S,T,2024-06-20,1000000.00,4.241476,102.283203125
08:00:30,91282CKU4,TSRYS5814781,D,S,T,2024-06-20,1000000.00,4.241476,102.283203125
08:00:30,91282CKU4,TSRYS5814781,D,S,T,2024-06-20,1000000.00,4.241476,102.283203125
08:00:30,91282CKU4,TSRYS5814781,D,S,T,2024-06-20,1000000.00,4.241476,102.283203125
08:00:30,91282CKU4,TSRYS5814781,D,S,T,2024-06-20,1000000.00,4.241476,102.283203125
08:00:30,91282CKU4,TSRYS5814781,D,S,T,2024-06-20,1000000.00,4.241476,102.283203125
08:00:30,91282CKU4,TSRYS5814781,D,S,T,2024-06-20,1000000.00,4.241476,102.283203125
08:00:30,91282CKU4,TSRYS5814781,D,S,T,2024-06-20,1000000.00,4.241476,102.283203125
08:00:30,91282CKU4,TSRYS5814781,D,S,T,2024-06-20,1000000.00,4.241476,102.283203125
08:00:30,91282CKU4,TSRYS5814781,D,S,T,2024-06-20,1000000.00,4.247945,102.244140625
08:00:30,91282CKU4,TSRYS5814781,D,S,T,2024-06-20,1000000.00,4.247945,102.244140625
08:00:30,91282CKU4,TSRYS5814781,D,S,T,2024-06-20,1000000.00,4.249239,102.236328125
08:00:30,91282CKU4,TSRYS5814781,D,S,T,2024-06-20,1000000.00,4.251181,102.224609375
08:00:30,91282CKU4,TSRYS5814781,D,S,T,2024-06-20,1000000.00,4.251181,102.224609375
08:00:30,91282CKU4,TSRYS5814781,D,S,T,2024-06-20,1000000.00,4.247945,102.244140625
08:00:30,91282CKU4,TSRYS5814781,D,S,T,2024-06-20,1000000.00,4.247945,102.244140625
08:00:30,91282CKU4,TSRYS5814781,D,S,T,2024-06-20,1000000.00,4.248916,102.23828125
08:00:30,91282CKU4,TSRYS5814781,D,S,T,2024-06-20,1000000.00,4.25021,102.23046875
08:00:30,91282CKU4,TSRYS5814781,D,S,T,2024-06-20,1000000.00,4.25021,102.23046875
08:00:30,91282CKU4,TSRYS5814781,D,S,T,2024-06-20,1000000.00,4.250857,102.2265625
08:00:30,91282CKU4,TSRYS5814781,D,S,T,2024-06-20,1000000.00,4.250857,102.2265625
08:00:30,91282CKU4,TSRYS5814781,D,S,D,2024-06-20,1000000.00,4.249886,102.232421875
08:00:30,91282CKU4,TSRYS5814781,D,S,T,2024-06-20,1000000.00,4.236303,102.314453125
08:00:30,91282CKU4,TSRYS5814781,D,S,T,2024-06-20,1000000.00,4.23598,102.31640625
08:00:31,91282CKU4,TSRYS5814781,D,S,T,2024-06-20,1000000.00,4.235333,102.3203125
08:00:31,91282CKU4,TSRYS5814781,D,S,T,2024-06-20,1000000.00,4.235333,102.3203125
08:00:31,91282CKU4,TSRYS5814781,D,S,T,2024-06-20,1000000.00,4.236626,102.3125
08:00:31,91282CKU4,TSRYS5814781,D,S,T,2024-06-20,1000000.00,4.236626,102.3125
08:00:31,91282CKU4,TSRYS5814781,D,S,T,2024-06-20,1000000.00,4.236626,102.3125
08:00:31,91282CKU4,TSRYS5814781,D,S,T,2024-06-20,1000000.00,4.237919,102.3046875
08:00:31,91282CKU4,TSRYS5814781,D,S,T,2024-06-20,1000000.00,4.237919,102.3046875
08:00:31,91282CKU4,TSRYS5814781,D,S,T,2024-06-20,1000000.00,4.245034,102.26171875
08:00:31,91282CKU4,TSRYS5814781,D,S,T,2024-06-20,1000000.00,4.246974,102.25
08:00:31,91282CKU4,TSRYS5814781,D,S,T,2024-06-20,1000000.00,4.243416,102.271484375
08:00:31,91282CKU4,TSRYS5814781,D,S,T,2024-06-20,1000000.00,4.245681,102.2578125
08:00:31,91282CKU4,TSRYS5814781,D,S,T,2024-06-20,1000000.00,4.245681,102.2578125
08:00:31,91282CKU4,TSRYS5814781,D,S,T,2024-06-20,2000000.00,4.245681,102.2578125
08:00:31,91282CKU4,TSRYS5814781,D,S,T,2024-06-20,1000000.00,4.245681,102.2578125
08:00:31,91282CKU4,TSRYS5814781,D,S,T,2024-06-20,1000000.00,4.251504,102.22265625
08:00:31,91282CKU4,TSRYS5814781,D,S,T,2024-06-20,1000000.00,4.252151,102.21875
08:00:31,91282CKU4,TSRYS5814781,D,S,T,2024-06-20,1000000.00,4.252151,102.21875
08:00:31,91282CKU4,TSRYS5814781,D,S,T,2024-06-20,1000000.00,4.252151,102.21875
08:00:31,91282CKU4,TSRYS5814781,D,S,T,2024-06-20,1000000.00,4.250857,102.2265625
08:00:31,91282CKU4,TSRYS5814781,D,S,T,2024-06-20,1000000.00,4.252151,102.21875
08:00:31,91282CKU4,TSRYS5814781,D,S,T,2024-06-20,1000000.00,4.252151,102.21875
08:00:31,91282CKU4,TSRYS5814781,D,S,T,2024-06-20,1000000.00,4.252151,102.21875
08:00:31,91282CKU4,TSRYS5814781,D,S,T,2024-06-20,1000000.00,4.252151,102.21875
08:00:31,91282CKU4,TSRYS5814781,D,S,T,2024-06-20,1000000.00,4.252151,102.21875
08:00:31,91282CKU4,TSRYS5814781,D,S,T,2024-06-20,1000000.00,4.249886,102.232421875
08:00:31,91282CKU4,TSRYS5814781,D,S,T,2024-06-20,1000000.00,4.247298,102.248046875
08:00:31,91282CKU4,TSRYS5814781,D,S,T,2024-06-20,1000000.00,4.245681,102.2578125
08:00:31,91282CKU4,TSRYS5814781,D,S,T,2024-06-20,1000000.00,4.247298,102.248046875
08:00:31,91282CKU4,TSRYS5814781,D,S,T,2024-06-20,1000000.00,4.247298,102.248046875
08:00:31,91282CKU4,TSRYS5814781,D,S,T,2024-06-20,1000000.00,4.247298,102.248046875
08:00:31,91282CKU4,TSRYS5814781,D,S,T,2024-06-20,1000000.00,4.252151,102.21875
08:00:31,91282CKU4,TSRYS5814781,D,S,T,2024-06-20,1000000.00,4.252151,102.21875
08:00:31,91282CKU4,TSRYS5814781,D,S,T,2024-06-20,3000000.00,4.252151,102.21875
08:00:31,91282CKU4,TSRYS5814781,D,S,T,2024-06-20,1000000.00,4.250857,102.2265625
08:00:31,91282CKU4,TSRYS5814781,D,S,T,2024-06-20,1000000.00,4.25021,102.23046875
08:00:31,91282CKU4,TSRYS5814781,D,S,T,2024-06-20,1000000.00,4.250857,102.2265625
08:00:31,91282CKU4,TSRYS5814781,D,S,T,2024-06-20,1000000.00,4.250857,102.2265625
08:00:31,91282CKU4,TSRYS5814781,D,S,T,2024-06-20,1000000.00,4.250857,102.2265625
08:00:31,91282CKU4,TSRYS5814781,D,S,T,2024-06-20,1000000.00,4.250857,102.2265625
08:00:31,91282CKU4,TSRYS5814781,D,S,T,2024-06-20,1000000.00,4.250857,102.2265625
08:00:31,91282CKU4,TSRYS5814781,D,S,T,2024-06-20,1000000.00,4.250857,102.2265625
08:00:31,91282CKU4,TSRYS5814781,D,S,T,2024-06-20,1000000.00,4.250857,102.2265625
08:00:31,91282CKU4,TSRYS5814781,D,S,T,2024-06-20,1000000.00,4.252151,102.21875
08:00:31,91282CKU4,TSRYS5814781,D,S,T,2024-06-20,1000000.00,4.252151,102.21875
08:00:31,91282CKU4,TSRYS5814781,D,S,T,2024-06-20,1000000.00,4.252151,102.21875
08:00:31,91282CKU4,TSRYS5814781,D,S,T,2024-06-20,1000000.00,4.252151,102.21875
08:00:31,91282CKU4,TSRYS5814781,D,S,T,2024-06-20,2000000.00,4.252151,102.21875
08:00:31,91282CKU4,TSRYS5814781,D,S,T,2024-06-20,1000000.00,4.249886,102.232421875
08:00:31,91282CKU4,TSRYS5814781,D,S,T,2024-06-20,1000000.00,4.246974,102.25
08:00:31,91282CKU4,TSRYS5814781,D,S,T,2024-06-20,2000000.00,4.247298,102.248046875
08:00:31,91282CKU4,TSRYS5814781,D,S,T,2024-06-20,1000000.00,4.247298,102.248046875
08:00:31,91282CKU4,TSRYS5814781,D,S,T,2024-06-20,1000000.00,4.247298,102.248046875
08:00:31,91282CKU4,TSRYS5814781,D,S,T,2024-06-20,2000000.00,4.247298,102.248046875
08:00:31,91282CKU4,TSRYS5814781,D,S,T,2024-06-20,3000000.00,4.247298,102.248046875
08:00:31,91282CKU4,TSRYS5814781,D,S,T,2024-06-20,2000000.00,4.247298,102.248046875
08:00:31,91282CKU4,TSRYS5814781,D,S,T,2024-06-20,2000000.00,4.247298,102.248046875
08:00:31,91282CKU4,TSRYS5814781,D,S,T,2024-06-20,1000000.00,4.247298,102.248046875
08:00:31,91282CKU4,TSRYS5814781,D,S,T,2024-06-20,1000000.00,4.248269,102.2421875
08:00:31,91282CKU4,TSRYS5814781,D,S,T,2024-06-20,1000000.00,4.249886,102.232421875
08:00:31,91282CKU4,TSRYS5814781,D,S,T,2024-06-20,1000000.00,4.250857,102.2265625
08:00:31,91282CKU4,TSRYS5814781,D,S,T,2024-06-20,1000000.00,4.250857,102.2265625
08:00:31,91282CKU4,TSRYS5814781,D,S,T,2024-06-20,1000000.00,4.250857,102.2265625
08:00:31,91282CKU4,TSRYS5814781,D,S,T,2024-06-20,1000000.00,4.252151,102.21875
08:00:31,91282CKU4,TSRYS5814781,D,S,T,2024-06-20,1000000.00,4.252151,102.21875
08:00:31,91282CKU4,TSRYS5814781,D,S,T,2024-06-20,1000000.00,4.252151,102.21875
08:00:31,91282CKU4,TSRYS5814781,D,S,T,2024-06-20,1000000.00,4.252151,102.21875
08:00:31,91282CKU4,TSRYS5814781,D,S,T,2024-06-20,1000000.00,4.252151,102.21875
08:00:31,91282CKU4,TSRYS5814781,D,S,T,2024-06-20,1000000.00,4.252151,102.21875
08:00:31,91282CKU4,TSRYS5814781,D,S,T,2024-06-20,1000000.00,4.252151,102.21875
08:00:31,91282CKU4,TSRYS5814781,D,S,T,2024-06-20,2000000.00,4.252151,102.21875
08:00:31,91282CKU4,TSRYS5814781,D,S,T,2024-06-20,2000000.00,4.252151,102.21875
08:00:31,91282CKU4,TSRYS5814781,D,S,T,2024-06-20,1000000.00,4.252151,102.21875
08:00:31,91282CKU4,TSRYS5814781,D,S,T,2024-06-20,1000000.00,4.252151,102.21875
08:00:31,91282CKU4,TSRYS5814781,D,S,T,2024-06-20,1000000.00,4.252151,102.21875
08:00:31,91282CKU4,TSRYS5814781,D,S,T,2024-06-20,2000000.00,4.252151,102.21875
08:00:31,91282CKU4,TSRYS5814781,D,S,T,2024-06-20,1000000.00,4.252151,102.21875
08:00:31,91282CKU4,TSRYS5814781,D,S,T,2024-06-20,1000000.00,4.252151,102.21875
08:00:31,91282CKU4,TSRYS5814781,D,S,T,2024-06-20,1000000.00,4.252151,102.21875
08:00:31,91282CKU4,TSRYS5814781,D,S,T,2024-06-20,1000000.00,4.252151,102.21875
08:00:31,91282CKU4,TSRYS5814781,D,S,T,2024-06-20,1000000.00,4.250857,102.2265625
08:00:31,91282CKU4,TSRYS5814781,D,S,T,2024-06-20,1000000.00,4.249886,102.232421875
08:00:31,91282CKU4,TSRYS5814781,D,S,T,2024-06-20,1000000.00,4.249886,102.232421875
08:00:31,91282CKU4,TSRYS5814781,D,S,T,2024-06-20,1000000.00,4.249886,102.232421875
08:00:31,91282CKU4,TSRYS5814781,D,S,T,2024-06-20,1000000.00,4.249886,102.232421875
08:00:31,91282CKU4,TSRYS5814781,D,S,T,2024-06-20,1000000.00,4.249886,102.232421875
08:00:31,91282CKU4,TSRYS5814781,D,S,T,2024-06-20,1000000.00,4.249886,102.232421875
08:00:31,91282CKU4,TSRYS5814781,D,S,T,2024-06-20,1000000.00,4.249886,102.232421875
08:00:31,91282CKU4,TSRYS5814781,D,S,T,2024-06-20,2000000.00,4.249886,102.232421875
08:00:31,91282CKU4,TSRYS5814781,D,S,T,2024-06-20,2000000.00,4.249886,102.232421875
08:00:31,91282CKU4,TSRYS5814781,D,S,T,2024-06-20,2000000.00,4.247622,102.24609375
08:00:31,91282CKU4,TSRYS5814781,D,S,T,2024-06-20,1000000.00,4.247622,102.24609375
08:00:31,91282CKU4,TSRYS5814781,D,S,T,2024-06-20,1000000.00,4.246004,102.255859375
08:00:31,91282CKU4,TSRYS5814781,D,S,T,2024-06-20,1000000.00,4.238889,102.298828125
08:00:31,91282CKU4,TSRYS5814781,D,S,T,2024-06-20,1000000.00,4.236626,102.3125
08:00:31,91282CKU4,TSRYS5814781,D,S,T,2024-06-20,1000000.00,4.241799,102.28125
08:00:31,91282CKU4,TSRYS5814781,D,S,T,2024-06-20,1000000.00,4.241799,102.28125
08:00:31,91282CKU4,TSRYS5814781,D,S,T,2024-06-20,1000000.00,4.241799,102.28125
08:00:31,91282CKU4,TSRYS5814781,D,S,T,2024-06-20,1000000.00,4.245681,102.2578125
08:00:31,91282CKU4,TSRYS5814781,D,S,T,2024-06-20,1000000.00,4.245681,102.2578125
08:00:31,91282CKU4,TSRYS5814781,D,S,T,2024-06-20,1000000.00,4.245681,102.2578125
08:00:31,91282CKU4,TSRYS5814781,D,S,T,2024-06-20,1000000.00,4.248269,102.2421875
08:00:31,91282CKU4,TSRYS5814781,D,S,T,2024-06-20,1000000.00,4.255064,102.201171875
08:00:31,91282CKU4,TSRYS5814781,D,S,T,2024-06-20,1000000.00,4.253446,102.2109375
08:00:31,91282CKU4,TSRYS5814781,D,S,T,2024-06-20,1000000.00,4.249563,102.234375
08:00:31,91282CKU4,TSRYS5814781,D,S,T,2024-06-20,1000000.00,4.249563,102.234375
08:00:31,91282CKU4,TSRYS5814781,D,S,T,2024-06-20,1000000.00,4.249563,102.234375
08:00:31,91282CKU4,TSRYS5814781,D,S,T,2024-06-20,1000000.00,4.249563,102.234375
08:00:31,91282CKU4,TSRYS5814781,D,S,T,2024-06-20,1000000.00,4.249563,102.234375
08:00:31,91282CKU4,TSRYS5814781,D,S,T,2024-06-20,1000000.00,4.249563,102.234375
08:00:31,91282CKU4,TSRYS5814781,D,S,T,2024-06-20,1000000.00,4.254741,102.203125
08:00:31,91282CKU4,TSRYS5814781,D,S,T,2024-06-20,1000000.00,4.254741,102.203125
08:00:31,91282CKU4,TSRYS5814781,D,S,T,2024-06-20,1000000.00,4.254741,102.203125
08:00:31,91282CKU4,TSRYS5814781,D,S,T,2024-06-20,1000000.00,4.254741,102.203125
08:00:31,91282CKU4,TSRYS5814781,D,S,T,2024-06-20,1000000.00,4.254741,102.203125
08:00:31,91282CKU4,TSRYS5814781,D,S,T,2024-06-20,1000000.00,4.254741,102.203125
08:00:31,91282CKU4,TSRYS5814781,D,S,T,2024-06-20,1000000.00,4.254741,102.203125
08:00:31,91282CKU4,TSRYS5814781,D,S,T,2024-06-20,1000000.00,4.254741,102.203125
08:00:31,91282CKU4,TSRYS5814781,D,S,T,2024-06-20,1000000.00,4.252475,102.216796875
08:00:31,91282CKU4,TSRYS5814781,D,S,T,2024-06-20,1000000.00,4.252799,102.21484375
08:00:31,91282CKU4,TSRYS5814781,D,S,T,2024-06-20,1000000.00,4.252475,102.216796875
08:00:31,91282CKU4,TSRYS5814781,D,S,T,2024-06-20,1000000.00,4.247945,102.244140625
08:00:31,91282CKU4,TSRYS5814781,D,S,T,2024-06-20,1000000.00,4.248269,102.2421875
08:00:31,91282CKU4,TSRYS5814781,D,S,T,2024-06-20,1000000.00,4.248592,102.240234375
08:00:31,91282CKU4,TSRYS5814781,D,S,T,2024-06-20,1000000.00,4.248592,102.240234375
08:00:31,91282CKU4,TSRYS5814781,D,S,T,2024-06-20,1000000.00,4.248269,102.2421875
08:00:31,91282CKU4,TSRYS5814781,D,S,T,2024-06-20,1000000.00,4.248269,102.2421875
08:00:31,91282CKU4,TSRYS5814781,D,S,T,2024-06-20,1000000.00,4.248269,102.2421875
08:00:31,91282CKU4,TSRYS5814781,D,S,T,2024-06-20,1000000.00,4.248269,102.2421875
08:00:31,91282CKU4,TSRYS5814781,D,S,T,2024-06-20,1000000.00,4.247622,102.24609375
08:00:31,91282CKU4,TSRYS5814781,D,S,T,2024-06-20,1000000.00,4.246974,102.25
08:00:31,91282CKU4,TSRYS5814781,D,S,T,2024-06-20,1000000.00,4.246974,102.25
08:00:31,91282CKU4,TSRYS5814781,D,S,T,2024-06-20,1000000.00,4.246974,102.25
08:00:31,91282CKU4,TSRYS5814781,D,S,T,2024-06-20,1000000.00,4.246974,102.25
08:00:31,91282CKU4,TSRYS5814781,D,S,T,2024-06-20,1000000.00,4.246974,102.25
08:00:31,91282CKU4,TSRYS5814781,D,S,D,2024-06-20,1000000.00,4.247622,102.24609375
08:00:31,91282CKU4,TSRYS5814781,D,S,T,2024-06-20,1000000.00,4.249239,102.236328125
08:00:31,91282CKU4,TSRYS5814781,D,S,T,2024-06-20,1000000.00,4.250857,102.2265625
08:00:31,91282CKU4,TSRYS5814781,D,S,D,2024-06-20,1000000.00,4.249886,102.232421875
08:00:34,91282CKU4,TSRYS5814781,D,S,T,2024-06-20,2000000.00,4.249886,102.232421875
08:00:34,91282CKU4,TSRYS5814781,D,S,D,2024-06-20,1000000.00,4.245034,102.26171875
08:00:37,91282CKU4,TSRYS5814781,D,S,D,2024-06-20,1000000.00,4.249886,102.232421875
08:00:38,91282CKU4,TSRYS5814781,D,B,C,2024-06-20,250000.00,4.245681,102.2578125
08:00:38,91282CKU4,TSRYS5814781,D,B,C,2024-06-20,33000000.00,4.25416,102.20663125
08:00:38,91282CKU4,TSRYS5814781,D,S,T,2024-06-20,2000000.00,4.25021,102.23046875
08:00:38,91282CKU4,TSRYS5814781,D,S,D,2024-06-20,1000000.00,4.235333,102.3203125
08:00:38,91282CKU4,TSRYS5814781,D,B,C,2024-06-20,9700000.00,4.247622,102.24609375
08:00:38,91282CKU4,TSRYS5814781,D,S,A,2024-06-20,475000.00,4.240506,102.2890625
08:00:38,91282CKU4,TSRYS5814781,D,B,C,2024-06-20,1700000.00,4.246328,102.25390625
08:00:38,91282CKU4,TSRYS5814781,D,S,T,2024-06-20,1000000.00,4.250857,102.2265625
08:00:38,91282CKU4,TSRYS5814781,D,S,C,2024-06-20,1000000.00,4.249058,102.23828125
08:00:38,91282CKU4,TSRYS5814781,D,S,T,2024-06-20,3000000.00,4.250533,102.228515625
08:00:38,91282CKU4,TSRYS5814781,D,S,T,2024-06-20,2000000.00,4.25021,102.23046875
08:00:38,91282CKU4,TSRYS5814781,D,S,T,2024-06-20,1000000.00,4.251828,102.220703125
08:00:38,91282CKU4,TSRYS5814781,D,S,T,2024-06-20,1000000.00,4.251504,102.22265625
08:00:38,91282CKU4,TSRYS5814781,D,S,T,2024-06-20,1000000.00,4.251828,102.220703125
08:00:38,91282CKU4,TSRYS5814781,D,S,T,2024-06-20,2000000.00,4.251828,102.220703125
08:00:39,91282CKU4,TSRYS5814781,D,S,C,2024-06-20,34957000.00,4.247622,102.24609375
08:00:39,91282CKU4,TSRYS5814781,D,S,T,2024-06-20,1000000.00,4.252151,102.21875
08:00:42,91282CKU4,TSRYS5814781,D,S,T,2024-06-20,1000000.00,4.252151,102.21875
08:00:42,91282CKU4,TSRYS5814781,D,S,T,2024-06-20,1000000.00,4.246974,102.25
08:00:42,91282CKU4,TSRYS5814781,D,S,D,2024-06-20,30000000.00,4.248887,102.2384521
08:00:42,91282CKU4,TSRYS5814781,D,B,C,2024-06-20,1300000.00,4.242446,102.27734375
08:00:42,91282CKU4,TSRYS5814781,D,S,T,2024-06-20,1000000.00,4.250857,102.2265625
08:00:42,91282CKU4,TSRYS5814781,D,S,T,2024-06-20,1000000.00,4.250857,102.2265625
08:00:42,91282CKU4,TSRYS5814781,D,S,T,2024-06-20,1000000.00,4.250857,102.2265625
08:00:42,91282CKU4,TSRYS5814781,D,S,T,2024-06-20,1000000.00,4.249563,102.234375
08:00:42,91282CKU4,TSRYS5814781,D,S,T,2024-06-20,1000000.00,4.250857,102.2265625
08:00:42,91282CKU4,TSRYS5814781,D,S,T,2024-06-20,1000000.00,4.248269,102.2421875
08:00:43,91282CKU4,TSRYS5814781,D,S,T,2024-06-20,1000000.00,4.245034,102.26171875
08:00:43,91282CKU4,TSRYS5814781,D,S,T,2024-06-20,1000000.00,4.245034,102.26171875
08:00:43,91282CKU4,TSRYS5814781,D,S,T,2024-06-20,1000000.00,4.245034,102.26171875
08:00:43,91282CKU4,TSRYS5814781,D,S,T,2024-06-20,1000000.00,4.244387,102.265625
08:00:46,91282CKU4,TSRYS5814781,D,S,D,2024-06-20,1000000.00,4.249563,102.234375
08:00:46,91282CKU4,TSRYS5814781,D,S,D,2024-06-20,1000000.00,4.249563,102.234375
08:00:46,91282CKU4,TSRYS5814781,D,S,D,2024-06-20,1000000.00,4.249563,102.234375
08:00:47,91282CKU4,TSRYS5814781,D,B,A,2024-06-20,280000.00,4.243093,102.2734375
08:00:48,91282CKU4,TSRYS5814781,D,S,T,2024-06-20,1000000.00,4.241799,102.28125
08:00:48,91282CKU4,TSRYS5814781,D,S,D,2024-06-20,1000000.00,4.249886,102.232421875
08:00:48,91282CKU4,TSRYS5814781,D,S,T,2024-06-20,1000000.00,4.240506,102.2890625
08:00:48,91282CKU4,TSRYS5814781,D,S,T,2024-06-20,1000000.00,4.239213,102.296875
08:00:48,91282CKU4,TSRYS5814781,D,S,D,2024-06-20,1000000.00,4.249886,102.232421875
08:00:48,91282CKU4,TSRYS5814781,D,S,T,2024-06-20,1000000.00,4.240506,102.2890625
08:00:48,91282CKU4,TSRYS5814781,D,S,A,2024-06-20,280000.00,4.242503,102.277
08:00:48,91282CKU4,TSRYS5814781,D,S,D,2024-06-20,2400000.00,4.245681,102.2578125
08:00:48,91282CKU4,TSRYS5814781,D,B,C,2024-06-20,2400000.00,4.245681,102.2578125
08:00:49,91282CKU4,TSRYS5814781,D,S,A,2024-06-20,170000.00,4.252151,102.21875
08:00:50,91282CKU4,TSRYS5814781,D,S,A,2024-06-20,5000000.00,4.249136,102.234375
08:00:51,91282CKU4,TSRYS5814781,D,S,D,2024-06-20,1000000.00,4.248269,102.2421875
08:00:51,91282CKU4,TSRYS5814781,D,S,D,2024-06-20,1000000.00,4.249563,102.234375
08:00:52,91282CKU4,TSRYS5814781,D,S,C,2024-06-20,2000000.00,4.243093,102.2734375
08:00:52,91282CKU4,TSRYS5814781,D,S,D,2024-06-20,1000000.00,4.249239,102.236328125
08:00:52,91282CKU4,TSRYS5814781,D,S,D,2024-06-20,1000000.00,,102.23828125
08:00:53,91282CKU4,TSRYS5814781,D,S,T,2024-06-20,1000000.00,4.245357,102.259765625
08:00:53,91282CKU4,TSRYS5814781,D,S,T,2024-06-20,1000000.00,4.245357,102.259765625
08:00:53,91282CKU4,TSRYS5814781,D,S,T,2024-06-20,1000000.00,4.245357,102.259765625
08:00:54,91282CKU4,TSRYS5814781,D,S,T,2024-06-20,1000000.00,4.25055,102.228415625
08:00:54,91282CKU4,TSRYS5814781,D,S,T,2024-06-20,2000000.00,4.250857,102.2265625
08:00:54,91282CKU4,TSRYS5814781,D,S,T,2024-06-20,3000000.00,4.250857,102.2265625
08:00:55,91282CKU4,TSRYS5814781,D,B,A,2024-06-20,474000.00,4.250857,102.226562
08:00:58,91282CKU4,TSRYS5814781,D,S,D,2024-06-20,2000000.00,4.245681,102.2578125
08:00:58,91282CKU4,TSRYS5814781,D,S,D,2024-06-20,3000000.00,4.245681,102.2578125
08:00:58,91282CKU4,TSRYS5814781,D,S,D,2024-06-20,3000000.00,4.245681,102.2578125
08:00:58,91282CKU4,TSRYS5814781,D,S,D,2024-06-20,2000000.00,4.245681,102.2578125
08:00:58,91282CKU4,TSRYS5814781,D,B,C,2024-06-20,14518000.00,4.249563,102.234375
08:00:58,91282CKU4,TSRYS5814781,D,S,T,2024-06-20,1000000.00,4.249563,102.234375
08:00:58,91282CKU4,TSRYS5814781,D,S,T,2024-06-20,1000000.00,4.248269,102.2421875
08:00:59,91282CKU4,TSRYS5814781,D,S,T,2024-06-20,1000000.00,4.250857,102.2265625
08:00:59,91282CKU4,TSRYS5814781,D,S,D,2024-06-20,2000000.00,4.250857,102.2265625
08:00:59,91282CKU4,TSRYS5814781,D,S,D,2024-06-20,2000000.00,4.250857,102.2265625
08:00:59,91282CKU4,TSRYS5814781,D,S,D,2024-06-20,2000000.00,4.250857,102.2265625
08:00:59,91282CKU4,TSRYS5814781,D,S,D,2024-06-20,2000000.00,4.250857,102.2265625
08:00:59,91282CKU4,TSRYS5814781,D,S,D,2024-06-20,3000000.00,4.250857,102.2265625
08:00:59,91282CKU4,TSRYS5814781,D,S,D,2024-06-20,1000000.00,4.250857,102.2265625
08:00:59,91282CKU4,TSRYS5814781,D,S,D,2024-06-20,3000000.00,4.250857,102.2265625
08:00:59,91282CKU4,TSRYS5814781,D,S,D,2024-06-20,3000000.00,4.250857,102.2265625
08:00:59,91282CKU4,TSRYS5814781,D,S,D,2024-06-20,2000000.00,4.250857,102.2265625
08:01:00,91282CKU4,TSRYS5814781,D,S,D,2024-06-20,3000000.00,4.250857,102.2265625
08:01:00,91282CKU4,TSRYS5814781,D,S,D,2024-06-20,1000000.00,4.251504,102.22265625
08:01:00,91282CKU4,TSRYS5814781,D,S,D,2024-06-20,2000000.00,4.251504,102.22265625
08:01:00,91282CKU4,TSRYS5814781,D,S,D,2024-06-20,1000000.00,4.251504,102.22265625
08:01:00,91282CKU4,TSRYS5814781,D,S,T,2024-06-20,1000000.00,4.241849,102.28095
08:01:02,91282CKU4,TSRYS5814781,D,S,D,2024-06-20,3000000.00,4.250857,102.2265625
08:01:02,91282CKU4,TSRYS5814781,D,S,T,2024-06-20,1000000.00,4.248592,102.240234375
08:01:02,91282CKU4,TSRYS5814781,D,S,T,2024-06-20,1000000.00,4.248592,102.240234375
08:01:02,91282CKU4,TSRYS5814781,D,S,D,2024-06-20,2000000.00,4.250857,102.2265625
08:01:02,91282CKU4,TSRYS5814781,D,S,D,2024-06-20,3000000.00,4.250857,102.2265625
08:01:02,91282CKU4,TSRYS5814781,D,S,D,2024-06-20,2000000.00,4.250857,102.2265625
08:01:02,91282CKU4,TSRYS5814781,D,S,D,2024-06-20,1000000.00,4.250857,102.2265625
08:01:02,91282CKU4,TSRYS5814781,D,S,D,2024-06-20,1000000.00,4.251181,102.224609375
08:01:02,91282CKU4,TSRYS5814781,D,S,D,2024-06-20,3000000.00,4.250857,102.2265625
08:01:02,91282CKU4,TSRYS5814781,D,S,D,2024-06-20,2000000.00,4.250857,102.2265625
08:01:02,91282CKU4,TSRYS5814781,D,S,D,2024-06-20,2000000.00,4.250857,102.2265625
08:01:03,91282CKU4,TSRYS5814781,D,S,T,2024-06-20,1000000.00,4.249563,102.234375
08:01:03,91282CKU4,TSRYS5814781,D,S,C,2024-06-20,3000000.00,4.250857,102.2265625
08:01:03,91282CKU4,TSRYS5814781,D,S,D,2024-06-20,1000000.00,4.248592,102.240234375
08:01:03,91282CKU4,TSRYS5814781,D,S,D,2024-06-20,1000000.00,4.248592,102.240234375
08:01:03,91282CKU4,TSRYS5814781,D,S,T,2024-06-20,1000000.00,4.249563,102.234375
08:01:03,91282CKU4,TSRYS5814781,D,S,T,2024-06-20,1000000.00,4.249563,102.234375
08:01:03,91282CKU4,TSRYS5814781,D,S,T,2024-06-20,1000000.00,4.249563,102.234375
08:01:03,91282CKU4,TSRYS5814781,D,S,T,2024-06-20,1000000.00,4.249563,102.234375
08:01:03,91282CKU4,TSRYS5814781,D,S,T,2024-06-20,1000000.00,4.249563,102.234375
08:01:03,91282CKU4,TSRYS5814781,D,S,T,2024-06-20,1000000.00,4.249563,102.234375
08:01:03,91282CKU4,TSRYS5814781,D,S,T,2024-06-20,4000000.00,4.249563,102.234375
08:01:03,91282CKU4,TSRYS5814781,D,S,T,2024-06-20,2000000.00,4.249563,102.234375
08:01:03,91282CKU4,TSRYS5814781,D,S,T,2024-06-20,1000000.00,4.249563,102.234375
08:01:03,91282CKU4,TSRYS5814781,D,S,T,2024-06-20,3000000.00,4.249563,102.234375
08:01:03,91282CKU4,TSRYS5814781,D,S,T,2024-06-20,1000000.00,4.249563,102.234375
08:01:03,91282CKU4,TSRYS5814781,D,S,T,2024-06-20,5000000.00,4.249563,102.234375
08:01:03,91282CKU4,TSRYS5814781,D,S,T,2024-06-20,1000000.00,4.249563,102.234375
08:01:03,91282CKU4,TSRYS5814781,D,S,T,2024-06-20,1000000.00,4.249563,102.234375
08:01:03,91282CKU4,TSRYS5814781,D,S,T,2024-06-20,1000000.00,4.248269,102.2421875
08:01:03,91282CKU4,TSRYS5814781,D,S,T,2024-06-20,2000000.00,4.248269,102.2421875
08:01:03,91282CKU4,TSRYS5814781,D,S,T,2024-06-20,1000000.00,4.248269,102.2421875
08:01:03,91282CKU4,TSRYS5814781,D,S,T,2024-06-20,1000000.00,4.248269,102.2421875
08:01:03,91282CKU4,TSRYS5814781,D,S,T,2024-06-20,2000000.00,4.248269,102.2421875
08:01:03,91282CKU4,TSRYS5814781,D,S,T,2024-06-20,8000000.00,4.248269,102.2421875
08:01:03,91282CKU4,TSRYS5814781,D,S,D,2024-06-20,2000000.00,4.245681,102.2578125
08:01:03,91282CKU4,TSRYS5814781,D,S,T,2024-06-20,1000000.00,4.248269,102.2421875
08:01:03,91282CKU4,TSRYS5814781,D,S,T,2024-06-20,1000000.00,4.248269,102.2421875
08:01:03,91282CKU4,TSRYS5814781,D,S,T,2024-06-20,4000000.00,4.248269,102.2421875
08:01:03,91282CKU4,TSRYS5814781,D,S,T,2024-06-20,1000000.00,4.248269,102.2421875
08:01:03,91282CKU4,TSRYS5814781,D,S,T,2024-06-20,1000000.00,4.248269,102.2421875
08:01:03,91282CKU4,TSRYS5814781,D,S,T,2024-06-20,1000000.00,4.248269,102.2421875
08:01:03,91282CKU4,TSRYS5814781,D,S,T,2024-06-20,1000000.00,4.248269,102.2421875
08:01:03,91282CKU4,TSRYS5814781,D,S,T,2024-06-20,1000000.00,4.247622,102.24609375
08:01:03,91282CKU4,TSRYS5814781,D,S,T,2024-06-20,1000000.00,4.247622,102.24609375
08:01:03,91282CKU4,TSRYS5814781,D,S,T,2024-06-20,1000000.00,4.250857,102.2265625
08:01:03,91282CKU4,TSRYS5814781,D,S,T,2024-06-20,1000000.00,4.250857,102.2265625
08:01:03,91282CKU4,TSRYS5814781,D,S,T,2024-06-20,1000000.00,4.250857,102.2265625
08:01:03,91282CKU4,TSRYS5814781,D,S,T,2024-06-20,1000000.00,4.250857,102.2265625
08:01:04,91282CKU4,TSRYS5814781,D,S,T,2024-06-20,1000000.00,4.250874,102.2264605
08:01:04,91282CKU4,TSRYS5814781,D,S,T,2024-06-20,1000000.00,4.249563,102.234375
08:01:04,91282CKU4,TSRYS5814781,D,S,T,2024-06-20,1000000.00,4.249563,102.234375
08:01:04,91282CKU4,TSRYS5814781,D,S,T,2024-06-20,1000000.00,4.24958,102.234273
08:01:04,91282CKU4,TSRYS5814781,D,S,T,2024-06-20,2000000.00,4.24958,102.234273
08:01:04,91282CKU4,TSRYS5814781,D,S,T,2024-06-20,1000000.00,4.24958,102.234273
08:01:04,91282CKU4,TSRYS5814781,D,S,T,2024-06-20,1000000.00,4.24958,102.234273
08:01:04,91282CKU4,TSRYS5814781,D,S,T,2024-06-20,1000000.00,4.24958,102.234273
08:01:04,91282CKU4,TSRYS5814781,D,S,T,2024-06-20,1000000.00,4.24958,102.234273
08:01:04,91282CKU4,TSRYS5814781,D,S,D,2024-06-20,1000000.00,4.250857,102.2265625
08:01:04,91282CKU4,TSRYS5814781,D,S,T,2024-06-20,1000000.00,4.24958,102.234273
08:01:04,91282CKU4,TSRYS5814781,D,S,T,2024-06-20,1000000.00,4.24958,102.234273
08:01:04,91282CKU4,TSRYS5814781,D,S,T,2024-06-20,1000000.00,4.24958,102.234273
08:01:04,91282CKU4,TSRYS5814781,D,S,T,2024-06-20,1000000.00,4.24958,102.234273
08:01:04,91282CKU4,TSRYS5814781,D,S,T,2024-06-20,1000000.00,4.24958,102.234273
08:01:04,91282CKU4,TSRYS5814781,D,S,T,2024-06-20,1000000.00,4.24958,102.234273
08:01:04,91282CKU4,TSRYS5814781,D,S,T,2024-06-20,1000000.00,4.24958,102.234273
08:01:04,91282CKU4,TSRYS5814781,D,S,T,2024-06-20,1000000.00,4.24958,102.234273
08:01:04,91282CKU4,TSRYS5814781,D,S,T,2024-06-20,1000000.00,4.24958,102.234273
08:01:04,91282CKU4,TSRYS5814781,D,S,T,2024-06-20,1000000.00,4.24958,102.234273
08:01:04,91282CKU4,TSRYS5814781,D,S,T,2024-06-20,1000000.00,4.250857,102.2265625
08:01:04,91282CKU4,TSRYS5814781,D,S,T,2024-06-20,1000000.00,4.250857,102.2265625
08:01:04,91282CKU4,TSRYS5814781,D,S,T,2024-06-20,2000000.00,4.250857,102.2265625
08:01:04,91282CKU4,TSRYS5814781,D,S,T,2024-06-20,2000000.00,4.250857,102.2265625
08:01:04,91282CKU4,TSRYS5814781,D,S,T,2024-06-20,1000000.00,4.250857,102.2265625
08:01:04,91282CKU4,TSRYS5814781,D,S,T,2024-06-20,1000000.00,4.250874,102.2264605
08:01:05,91282CKU4,TSRYS5814781,D,S,T,2024-06-20,1000000.00,4.246991,102.249898
08:01:05,91282CKU4,TSRYS5814781,D,S,T,2024-06-20,1000000.00,4.250874,102.2264605
08:01:05,91282CKU4,TSRYS5814781,D,B,C,2024-06-20,647000.00,4.249629,102.233975
08:01:05,91282CKU4,TSRYS5814781,D,S,T,2024-06-20,1000000.00,4.248285,102.2420855
08:01:05,91282CKU4,TSRYS5814781,D,S,T,2024-06-20,1000000.00,4.248285,102.2420855
08:01:05,91282CKU4,TSRYS5814781,D,S,T,2024-06-20,1000000.00,4.248285,102.2420855
08:01:05,91282CKU4,TSRYS5814781,D,S,T,2024-06-20,1000000.00,4.248285,102.2420855
08:01:05,91282CKU4,TSRYS5814781,D,S,T,2024-06-20,1000000.00,4.248285,102.2420855
08:01:05,91282CKU4,TSRYS5814781,D,S,T,2024-06-20,1000000.00,4.248285,102.2420855
08:01:05,91282CKU4,TSRYS5814781,D,S,T,2024-06-20,1000000.00,4.248285,102.2420855
08:01:05,91282CKU4,TSRYS5814781,D,S,T,2024-06-20,1000000.00,4.248285,102.2420855
08:01:05,91282CKU4,TSRYS5814781,D,S,T,2024-06-20,1000000.00,4.248285,102.2420855
08:01:05,91282CKU4,TSRYS5814781,D,S,T,2024-06-20,1000000.00,4.248285,102.2420855
08:01:05,91282CKU4,TSRYS5814781,D,S,T,2024-06-20,2000000.00,4.246991,102.249898
08:01:05,91282CKU4,TSRYS5814781,D,S,T,2024-06-20,1000000.00,4.246991,102.249898
08:01:05,91282CKU4,TSRYS5814781,D,S,T,2024-06-20,1000000.00,4.246991,102.249898
08:01:05,91282CKU4,TSRYS5814781,D,S,T,2024-06-20,1000000.00,4.246991,102.249898
08:01:05,91282CKU4,TSRYS5814781,D,S,T,2024-06-20,1000000.00,4.246991,102.249898
08:01:05,91282CKU4,TSRYS5814781,D,S,T,2024-06-20,1000000.00,4.246991,102.249898
08:01:05,91282CKU4,TSRYS5814781,D,S,T,2024-06-20,1000000.00,4.246991,102.249898
08:01:05,91282CKU4,TSRYS5814781,D,S,T,2024-06-20,1000000.00,4.246991,102.249898
08:01:06,91282CKU4,TSRYS5814781,D,S,T,2024-06-20,1000000.00,4.246974,102.25
08:01:06,91282CKU4,TSRYS5814781,D,S,T,2024-06-20,1000000.00,4.246974,102.25
08:01:06,91282CKU4,TSRYS5814781,D,S,T,2024-06-20,2000000.00,4.246974,102.25
08:01:06,91282CKU4,TSRYS5814781,D,S,T,2024-06-20,2000000.00,4.246974,102.25
08:01:06,91282CKU4,TSRYS5814781,D,S,C,2024-06-20,150MM+,4.241799,102.28125
08:01:06,91282CKU4,TSRYS5814781,D,S,T,2024-06-20,1000000.00,4.239213,102.296875
08:01:06,91282CKU4,TSRYS5814781,D,S,T,2024-06-20,1000000.00,4.239213,102.296875
08:01:07,91282CKU4,TSRYS5814781,D,S,C,2024-06-20,1000000.00,4.23598,102.31640625
08:01:07,91282CKU4,TSRYS5814781,D,S,C,2024-06-20,2000000.00,4.235656,102.318359375
08:01:07,91282CKU4,TSRYS5814781,D,S,C,2024-06-20,1000000.00,4.23598,102.31640625
08:01:07,91282CKU4,TSRYS5814781,D,S,C,2024-06-20,1000000.00,4.23598,102.31640625
08:01:07,91282CKU4,TSRYS5814781,D,S,C,2024-06-20,2000000.00,4.235333,102.3203125
08:01:07,91282CKU4,TSRYS5814781,D,S,C,2024-06-20,1000000.00,4.235333,102.3203125
08:01:07,91282CKU4,TSRYS5814781,D,S,D,2024-06-20,1000000.00,4.236949,102.310546875
08:01:07,91282CKU4,TSRYS5814781,D,S,C,2024-06-20,1000000.00,4.238889,102.298828125
08:01:07,91282CKU4,TSRYS5814781,D,S,C,2024-06-20,2000000.00,4.244063,102.267578125
08:01:07,91282CKU4,TSRYS5814781,D,S,C,2024-06-20,1000000.00,4.239859,102.29296875
08:01:07,91282CKU4,TSRYS5814781,D,S,C,2024-06-20,1000000.00,4.244063,102.267578125
08:01:07,91282CKU4,TSRYS5814781,D,S,T,2024-06-20,1000000.00,4.250857,102.2265625
08:01:07,91282CKU4,TSRYS5814781,D,S,T,2024-06-20,1000000.00,4.250857,102.2265625
08:01:07,91282CKU4,TSRYS5814781,D,S,T,2024-06-20,7000000.00,4.250857,102.2265625
08:01:07,91282CKU4,TSRYS5814781,D,S,T,2024-06-20,5000000.00,4.250857,102.2265625
08:01:07,91282CKU4,TSRYS5814781,D,S,T,2024-06-20,2000000.00,4.250857,102.2265625
08:01:07,91282CKU4,TSRYS5814781,D,S,T,2024-06-20,6000000.00,4.250857,102.2265625
08:01:07,91282CKU4,TSRYS5814781,D,S,T,2024-06-20,4000000.00,4.250857,102.2265625
08:01:07,91282CKU4,TSRYS5814781,D,S,T,2024-06-20,3000000.00,4.250857,102.2265625
08:01:07,91282CKU4,TSRYS5814781,D,S,T,2024-06-20,1000000.00,4.250857,102.2265625
08:01:07,91282CKU4,TSRYS5814781,D,S,T,2024-06-20,1000000.00,4.251181,102.224609375
08:01:07,91282CKU4,TSRYS5814781,D,S,T,2024-06-20,1000000.00,4.250857,102.2265625
08:01:07,91282CKU4,TSRYS5814781,D,S,T,2024-06-20,1000000.00,4.250857,102.2265625
08:01:07,91282CKU4,TSRYS5814781,D,S,T,2024-06-20,5000000.00,4.250857,102.2265625
08:01:07,91282CKU4,TSRYS5814781,D,S,T,2024-06-20,1000000.00,4.250857,102.2265625
08:01:07,91282CKU4,TSRYS5814781,D,S,T,2024-06-20,1000000.00,4.250857,102.2265625
08:01:08,91282CKU4,TSRYS5814781,D,S,T,2024-06-20,1000000.00,4.250857,102.2265625
08:01:08,91282CKU4,TSRYS5814781,D,S,C,2024-06-20,1000000.00,4.246328,102.25390625
08:01:08,91282CKU4,TSRYS5814781,D,S,T,2024-06-20,1000000.00,4.250857,102.2265625
08:01:08,91282CKU4,TSRYS5814781,D,B,C,2024-06-20,1000000.00,4.245034,102.26171875
08:01:08,91282CKU4,TSRYS5814781,D,S,T,2024-06-20,15000000.00,4.250857,102.2265625
08:01:08,91282CKU4,TSRYS5814781,D,S,T,2024-06-20,10000000.00,4.250857,102.2265625
08:01:08,91282CKU4,TSRYS5814781,D,B,C,2024-06-20,1000000.00,4.246328,102.25390625
08:01:08,91282CKU4,TSRYS5814781,D,S,T,2024-06-20,1000000.00,4.250857,102.2265625
08:01:08,91282CKU4,TSRYS5814781,D,S,T,2024-06-20,2000000.00,4.250857,102.2265625
08:01:08,91282CKU4,TSRYS5814781,D,S,T,2024-06-20,6000000.00,4.250857,102.2265625
08:01:08,91282CKU4,TSRYS5814781,D,S,T,2024-06-20,1000000.00,4.250857,102.2265625
08:01:08,91282CKU4,TSRYS5814781,D,B,C,2024-06-20,1000000.00,4.246004,102.255859375
08:01:08,91282CKU4,TSRYS5814781,D,S,T,2024-06-20,1000000.00,4.250857,102.2265625
08:01:08,91282CKU4,TSRYS5814781,D,S,T,2024-06-20,1000000.00,4.250857,102.2265625
08:01:08,91282CKU4,TSRYS5814781,D,S,T,2024-06-20,1000000.00,4.250857,102.2265625
08:01:08,91282CKU4,TSRYS5814781,D,S,D,2024-06-20,1000000.00,4.246004,102.255859375
08:01:08,91282CKU4,TSRYS5814781,D,S,T,2024-06-20,1000000.00,4.250857,102.2265625
08:01:08,91282CKU4,TSRYS5814781,D,S,C,2024-06-20,1000000.00,4.245034,102.26171875
08:01:08,91282CKU4,TSRYS5814781,D,S,T,2024-06-20,1000000.00,4.250857,102.2265625
08:01:08,91282CKU4,TSRYS5814781,D,S,T,2024-06-20,2000000.00,4.250857,102.2265625
08:01:08,91282CKU4,TSRYS5814781,D,S,C,2024-06-20,1000000.00,4.245357,102.259765625
08:01:08,91282CKU4,TSRYS5814781,D,S,T,2024-06-20,3000000.00,4.250857,102.2265625
08:01:08,91282CKU4,TSRYS5814781,D,B,C,2024-06-20,1000000.00,4.245034,102.26171875
08:01:08,91282CKU4,TSRYS5814781,D,S,T,2024-06-20,1000000.00,4.250857,102.2265625
08:01:08,91282CKU4,TSRYS5814781,D,S,C,2024-06-20,1000000.00,4.245357,102.259765625
08:01:08,91282CKU4,TSRYS5814781,D,S,T,2024-06-20,2000000.00,4.250857,102.2265625
08:01:08,91282CKU4,TSRYS5814781,D,B,C,2024-06-20,1000000.00,4.245357,102.259765625
08:01:08,91282CKU4,TSRYS5814781,D,S,T,2024-06-20,1000000.00,4.250857,102.2265625
08:01:08,91282CKU4,TSRYS5814781,D,S,T,2024-06-20,1000000.00,4.250857,102.2265625
08:01:08,91282CKU4,TSRYS5814781,D,S,T,2024-06-20,7000000.00,4.250857,102.2265625
08:01:08,91282CKU4,TSRYS5814781,D,S,C,2024-06-20,2000000.00,4.245034,102.26171875
08:01:08,91282CKU4,TSRYS5814781,D,S,T,2024-06-20,1000000.00,4.248269,102.2421875
08:01:08,91282CKU4,TSRYS5814781,D,S,C,2024-06-20,1000000.00,4.249886,102.232421875
08:01:08,91282CKU4,TSRYS5814781,D,S,C,2024-06-20,1000000.00,4.245357,102.259765625
08:01:08,91282CKU4,TSRYS5814781,D,S,T,2024-06-20,1000000.00,4.248916,102.23828125
08:01:08,91282CKU4,TSRYS5814781,D,S,C,2024-06-20,1000000.00,4.245034,102.26171875
08:01:08,91282CKU4,TSRYS5814781,D,S,T,2024-06-20,1000000.00,4.248916,102.23828125
08:01:08,91282CKU4,TSRYS5814781,D,B,C,2024-06-20,1000000.00,4.245034,102.26171875
08:01:08,91282CKU4,TSRYS5814781,D,S,D,2024-06-20,2000000.00,4.25021,102.23046875
08:01:08,91282CKU4,TSRYS5814781,D,S,D,2024-06-20,2000000.00,4.25021,102.23046875
08:01:08,91282CKU4,TSRYS5814781,D,B,C,2024-06-20,1000000.00,4.245034,102.26171875
08:01:08,91282CKU4,TSRYS5814781,D,S,C,2024-06-20,1000000.00,4.25021,102.23046875
08:01:08,91282CKU4,TSRYS5814781,D,S,T,2024-06-20,1000000.00,4.249563,102.234375
08:01:08,91282CKU4,TSRYS5814781,D,S,T,2024-06-20,2000000.00,4.249563,102.234375
08:01:08,91282CKU4,TSRYS5814781,D,S,C,2024-06-20,1000000.00,4.25021,102.23046875
08:01:08,91282CKU4,TSRYS5814781,D,S,D,2024-06-20,2000000.00,4.25021,102.23046875
08:01:08,91282CKU4,TSRYS5814781,D,S,T,2024-06-20,1000000.00,4.250857,102.2265625
08:01:08,91282CKU4,TSRYS5814781,D,S,C,2024-06-20,1000000.00,4.245034,102.26171875
08:01:08,91282CKU4,TSRYS5814781,D,S,T,2024-06-20,1000000.00,4.249563,102.234375
08:01:08,91282CKU4,TSRYS5814781,D,S,T,2024-06-20,1000000.00,4.250874,102.2264605
08:01:08,91282CKU4,TSRYS5814781,D,S,T,2024-06-20,1000000.00,4.249563,102.234375
08:01:08,91282CKU4,TSRYS5814781,D,S,T,2024-06-20,3000000.00,4.249563,102.234375
08:01:08,91282CKU4,TSRYS5814781,D,S,T,2024-06-20,1000000.00,4.250874,102.2264605
08:01:08,91282CKU4,TSRYS5814781,D,S,C,2024-06-20,1000000.00,4.245034,102.26171875
08:01:08,91282CKU4,TSRYS5814781,D,S,T,2024-06-20,1000000.00,4.249563,102.234375
08:01:08,91282CKU4,TSRYS5814781,D,S,T,2024-06-20,1000000.00,4.250874,102.2264605
08:01:08,91282CKU4,TSRYS5814781,D,S,D,2024-06-20,2000000.00,4.25021,102.23046875
08:01:08,91282CKU4,TSRYS5814781,D,S,T,2024-06-20,3000000.00,4.249563,102.234375
08:01:08,91282CKU4,TSRYS5814781,D,S,D,2024-06-20,1000000.00,4.249886,102.232421875
08:01:08,91282CKU4,TSRYS5814781,D,S,T,2024-06-20,1000000.00,4.250874,102.2264605
08:01:08,91282CKU4,TSRYS5814781,D,S,D,2024-06-20,2000000.00,4.25021,102.23046875
08:01:08,91282CKU4,TSRYS5814781,D,S,T,2024-06-20,1000000.00,4.249563,102.234375
08:01:08,91282CKU4,TSRYS5814781,D,S,T,2024-06-20,4000000.00,4.249563,102.234375
08:01:08,91282CKU4,TSRYS5814781,D,S,D,2024-06-20,2000000.00,4.25021,102.23046875
08:01:08,91282CKU4,TSRYS5814781,D,S,T,2024-06-20,3000000.00,4.249563,102.234375
08:01:08,91282CKU4,TSRYS5814781,D,S,T,2024-06-20,5000000.00,4.249563,102.234375
08:01:08,91282CKU4,TSRYS5814781,D,S,T,2024-06-20,3000000.00,4.249563,102.234375
08:01:08,91282CKU4,TSRYS5814781,D,S,T,2024-06-20,2000000.00,4.249563,102.234375
08:01:08,91282CKU4,TSRYS5814781,D,S,T,2024-06-20,1000000.00,4.249563,102.234375
08:01:08,91282CKU4,TSRYS5814781,D,S,T,2024-06-20,1000000.00,4.249563,102.234375
08:01:08,91282CKU4,TSRYS5814781,D,S,T,2024-06-20,1000000.00,4.249563,102.234375
08:01:08,91282CKU4,TSRYS5814781,D,S,T,2024-06-20,3000000.00,4.249563,102.234375
08:01:08,91282CKU4,TSRYS5814781,D,S,T,2024-06-20,1000000.00,4.249563,102.234375
08:01:08,91282CKU4,TSRYS5814781,D,S,T,2024-06-20,1000000.00,4.25021,102.23046875
08:01:08,91282CKU4,TSRYS5814781,D,S,T,2024-06-20,1000000.00,4.25021,102.23046875
08:01:08,91282CKU4,TSRYS5814781,D,B,C,2024-06-20,1000000.00,4.251181,102.224609375
08:01:08,91282CKU4,TSRYS5814781,D,S,D,2024-06-20,1000000.00,4.251181,102.224609375
08:01:08,91282CKU4,TSRYS5814781,D,S,D,2024-06-20,1000000.00,4.252475,102.216796875
08:01:08,91282CKU4,TSRYS5814781,D,B,C,2024-06-20,1000000.00,4.252475,102.216796875
08:01:08,91282CKU4,TSRYS5814781,D,S,T,2024-06-20,1000000.00,4.249886,102.232421875
08:01:08,91282CKU4,TSRYS5814781,D,S,T,2024-06-20,1000000.00,4.249886,102.232421875
08:01:08,91282CKU4,TSRYS5814781,D,S,T,2024-06-20,1000000.00,4.249563,102.234375
08:01:08,91282CKU4,TSRYS5814781,D,S,T,2024-06-20,7000000.00,4.249563,102.234375
08:01:08,91282CKU4,TSRYS5814781,D,S,T,2024-06-20,1000000.00,4.249563,102.234375
08:01:08,91282CKU4,TSRYS5814781,D,S,T,2024-06-20,1000000.00,4.249886,102.232421875
08:01:08,91282CKU4,TSRYS5814781,D,S,T,2024-06-20,2000000.00,4.249563,102.234375
08:01:08,91282CKU4,TSRYS5814781,D,S,T,2024-06-20,1000000.00,4.249886,102.232421875
08:01:08,91282CKU4,TSRYS5814781,D,S,C,2024-06-20,1000000.00,4.252475,102.216796875
08:01:09,91282CKU4,TSRYS5814781,D,S,C,2024-06-20,1000000.00,4.252151,102.21875
08:01:09,91282CKU4,TSRYS5814781,D,B,C,2024-06-20,1000000.00,4.249886,102.232421875
08:01:09,91282CKU4,TSRYS5814781,D,S,C,2024-06-20,1000000.00,4.250533,102.228515625
08:01:09,91282CKU4,TSRYS5814781,D,S,C,2024-06-20,1000000.00,4.249886,102.232421875
08:01:09,91282CKU4,TSRYS5814781,D,S,C,2024-06-20,1000000.00,4.251181,102.224609375
08:01:09,91282CKU4,TSRYS5814781,D,B,C,2024-06-20,1000000.00,4.247298,102.248046875
08:01:09,91282CKU4,TSRYS5814781,D,S,D,2024-06-20,1000000.00,4.247298,102.248046875
08:01:09,91282CKU4,TSRYS5814781,D,S,D,2024-06-20,1000000.00,4.247298,102.248046875
08:01:09,91282CKU4,TSRYS5814781,D,B,C,2024-06-20,1000000.00,4.247298,102.248046875
08:01:09,91282CKU4,TSRYS5814781,D,B,C,2024-06-20,1000000.00,4.245681,102.2578125
08:01:09,91282CKU4,TSRYS5814781,D,S,D,2024-06-20,1000000.00,4.245681,102.2578125
08:01:09,91282CKU4,TSRYS5814781,D,B,C,2024-06-20,1000000.00,4.248592,102.240234375
08:01:09,91282CKU4,TSRYS5814781,D,S,D,2024-06-20,1000000.00,4.248592,102.240234375
08:01:10,91282CKU4,TSRYS5814781,D,S,D,2024-06-20,1000000.00,4.249886,102.232421875
08:01:10,91282CKU4,TSRYS5814781,D,S,D,2024-06-20,1000000.00,4.251181,102.224609375
08:01:10,91282CKU4,TSRYS5814781,D,B,C,2024-06-20,1000000.00,4.251181,102.224609375
08:01:10,91282CKU4,TSRYS5814781,D,S,C,2024-06-20,1000000.00,4.251181,102.224609375
08:01:10,91282CKU4,TSRYS5814781,D,S,D,2024-06-20,2000000.00,4.247622,102.24609375
08:01:10,91282CKU4,TSRYS5814781,D,S,D,2024-06-20,2000000.00,4.247945,102.244140625
08:01:10,91282CKU4,TSRYS5814781,D,S,D,2024-06-20,1000000.00,4.246004,102.255859375
08:01:10,91282CKU4,TSRYS5814781,D,B,C,2024-06-20,1000000.00,4.246004,102.255859375
08:01:10,91282CKU4,TSRYS5814781,D,S,D,2024-06-20,1000000.00,4.249886,102.232421875
08:01:10,91282CKU4,TSRYS5814781,D,S,C,2024-06-20,2000000.00,4.25021,102.23046875
08:01:10,91282CKU4,TSRYS5814781,D,S,C,2024-06-20,1000000.00,4.250533,102.228515625
08:01:11,91282CKU4,TSRYS5814781,D,S,D,2024-06-20,10000000.00,4.247603,102.2462031
08:01:11,91282CKU4,TSRYS5814781,D,S,D,2024-06-20,1000000.00,4.242123,102.279296875
08:01:11,91282CKU4,TSRYS5814781,D,B,C,2024-06-20,1000000.00,4.242123,102.279296875
08:01:11,91282CKU4,TSRYS5814781,D,S,D,2024-06-20,1000000.00,4.243416,102.271484375
08:01:11,91282CKU4,TSRYS5814781,D,S,C,2024-06-20,1000000.00,4.250533,102.228515625
08:01:11,91282CKU4,TSRYS5814781,D,B,C,2024-06-20,1000000.00,4.243416,102.271484375
08:01:11,91282CKU4,TSRYS5814781,D,S,C,2024-06-20,1000000.00,4.250533,102.228515625
08:01:11,91282CKU4,TSRYS5814781,D,S,C,2024-06-20,1000000.00,4.250533,102.228515625
08:01:11,91282CKU4,TSRYS5814781,D,S,C,2024-06-20,1000000.00,4.250533,102.228515625
08:01:11,91282CKU4,TSRYS5814781,D,S,C,2024-06-20,1000000.00,4.250533,102.228515625
08:01:11,91282CKU4,TSRYS5814781,D,S,C,2024-06-20,1000000.00,4.250533,102.228515625
08:01:11,91282CKU4,TSRYS5814781,D,S,C,2024-06-20,1000000.00,4.251828,102.220703125
08:01:11,91282CKU4,TSRYS5814781,D,S,C,2024-06-20,1000000.00,4.253122,102.212890625
08:01:11,91282CKU4,TSRYS5814781,D,S,C,2024-06-20,1000000.00,4.253122,102.212890625
08:01:12,91282CKU4,TSRYS5814781,D,S,C,2024-06-20,1000000.00,4.251504,102.22265625
08:01:12,91282CKU4,TSRYS5814781,D,S,D,2024-06-20,1000000.00,4.253446,102.2109375
08:01:12,91282CKU4,TSRYS5814781,D,B,C,2024-06-20,1000000.00,4.253446,102.2109375
08:01:12,91282CKU4,TSRYS5814781,D,S,C,2024-06-20,1000000.00,4.251828,102.220703125
08:01:12,91282CKU4,TSRYS5814781,D,B,C,2024-06-20,1000000.00,4.252799,102.21484375
08:01:12,91282CKU4,TSRYS5814781,D,S,C,2024-06-20,1000000.00,4.252799,102.21484375
08:01:12,91282CKU4,TSRYS5814781,D,S,C,2024-06-20,1000000.00,4.253122,102.212890625
08:01:12,91282CKU4,TSRYS5814781,D,B,C,2024-06-20,1000000.00,4.252799,102.21484375
08:01:12,91282CKU4,TSRYS5814781,D,S,C,2024-06-20,1000000.00,4.252799,102.21484375
08:01:12,91282CKU4,TSRYS5814781,D,S,C,2024-06-20,1000000.00,4.253122,102.212890625
08:01:12,91282CKU4,TSRYS5814781,D,S,C,2024-06-20,1000000.00,4.251504,102.22265625
08:01:12,91282CKU4,TSRYS5814781,D,B,C,2024-06-20,1000000.00,4.251504,102.22265625
08:01:12,91282CKU4,TSRYS5814781,D,S,D,2024-06-20,1000000.00,4.251181,102.224609375
08:01:12,91282CKU4,TSRYS5814781,D,B,C,2024-06-20,1000000.00,4.251181,102.224609375
08:01:12,91282CKU4,TSRYS5814781,D,S,T,2024-06-20,1000000.00,4.25021,102.23046875
08:01:12,91282CKU4,TSRYS5814781,D,S,D,2024-06-20,1000000.00,4.25377,102.208984375
08:01:12,91282CKU4,TSRYS5814781,D,S,C,2024-06-20,1000000.00,4.254417,102.205078125
08:01:12,91282CKU4,TSRYS5814781,D,S,D,2024-06-20,1000000.00,4.25377,102.208984375
08:01:13,91282CKU4,TSRYS5814781,D,S,C,2024-06-20,2000000.00,4.248269,102.2421875
08:01:13,91282CKU4,TSRYS5814781,D,S,D,2024-06-20,1000000.00,4.248269,102.2421875
08:01:13,91282CKU4,TSRYS5814781,D,S,D,2024-06-20,1000000.00,4.24277,102.275390625
08:01:13,91282CKU4,TSRYS5814781,D,B,C,2024-06-20,1000000.00,4.24277,102.275390625
08:01:13,91282CKU4,TSRYS5814781,D,B,C,2024-06-20,1000000.00,4.239213,102.296875
08:01:13,91282CKU4,TSRYS5814781,D,S,D,2024-06-20,1000000.00,4.239213,102.296875
08:01:13,91282CKU4,TSRYS5814781,D,B,C,2024-06-20,1000000.00,4.240183,102.291015625
08:01:13,91282CKU4,TSRYS5814781,D,S,D,2024-06-20,1000000.00,4.240183,102.291015625
08:01:13,91282CKU4,TSRYS5814781,D,B,C,2024-06-20,1000000.00,4.24277,102.275390625
08:01:13,91282CKU4,TSRYS5814781,D,S,D,2024-06-20,1000000.00,4.24277,102.275390625
08:01:13,91282CKU4,TSRYS5814781,D,B,C,2024-06-20,1000000.00,4.241476,102.283203125
08:01:13,91282CKU4,TSRYS5814781,D,S,D,2024-06-20,1000000.00,4.241476,102.283203125
08:01:13,91282CKU4,TSRYS5814781,D,S,T,2024-06-20,1000000.00,4.25021,102.23046875
08:01:13,91282CKU4,TSRYS5814781,D,S,T,2024-06-20,1000000.00,4.25021,102.23046875
08:01:14,91282CKU4,TSRYS5814781,D,S,C,2024-06-20,120000.00,4.248269,102.2421875
08:01:14,91282CKU4,TSRYS5814781,D,B,A,2024-06-20,260000.00,4.245681,102.2578125
08:01:16,91282CKU4,TSRYS5814781,D,S,D,2024-06-20,1000000.00,4.241476,102.283203125
08:01:16,91282CKU4,TSRYS5814781,D,S,T,2024-06-20,1000000.00,4.240556,102.2887625
08:01:16,91282CKU4,TSRYS5814781,D,B,C,2024-06-20,1000000.00,4.236626,102.3125
08:01:16,91282CKU4,TSRYS5814781,D,S,C,2024-06-20,1000000.00,4.236626,102.3125
08:01:16,91282CKU4,TSRYS5814781,D,B,C,2024-06-20,1000000.00,4.241476,102.283203125
08:01:16,91282CKU4,TSRYS5814781,D,S,D,2024-06-20,1000000.00,4.241476,102.283203125
08:01:16,91282CKU4,TSRYS5814781,D,B,C,2024-06-20,1000000.00,4.241476,102.283203125
08:01:16,91282CKU4,TSRYS5814781,D,S,D,2024-06-20,1000000.00,4.241476,102.283203125
08:01:16,91282CKU4,TSRYS5814781,D,B,C,2024-06-20,1000000.00,4.241476,102.283203125
08:01:16,91282CKU4,TSRYS5814781,D,S,D,2024-06-20,1000000.00,4.241476,102.283203125
08:01:16,91282CKU4,TSRYS5814781,D,B,C,2024-06-20,1000000.00,4.241476,102.283203125
08:01:16,91282CKU4,TSRYS5814781,D,S,D,2024-06-20,1000000.00,4.241476,102.283203125
08:01:16,91282CKU4,TSRYS5814781,D,S,D,2024-06-20,1000000.00,4.241476,102.283203125
08:01:16,91282CKU4,TSRYS5814781,D,B,C,2024-06-20,1000000.00,4.241476,102.283203125
08:01:16,91282CKU4,TSRYS5814781,D,S,D,2024-06-20,1000000.00,4.241799,102.28125
08:01:16,91282CKU4,TSRYS5814781,D,B,C,2024-06-20,1000000.00,4.241476,102.283203125
08:01:16,91282CKU4,TSRYS5814781,D,B,C,2024-06-20,1000000.00,4.241476,102.283203125
08:01:16,91282CKU4,TSRYS5814781,D,S,D,2024-06-20,1000000.00,4.241476,102.283203125
08:01:16,91282CKU4,TSRYS5814781,D,S,D,2024-06-20,1000000.00,4.243416,102.271484375
08:01:16,91282CKU4,TSRYS5814781,D,S,D,2024-06-20,2000000.00,4.245681,102.2578125
08:01:17,91282CKU4,TSRYS5814781,D,S,D,2024-06-20,2000000.00,4.245681,102.2578125
08:01:17,91282CKU4,TSRYS5814781,D,S,C,2024-06-20,1000000.00,4.236303,102.314453125
08:01:17,91282CKU4,TSRYS5814781,D,S,C,2024-06-20,1000000.00,4.236303,102.314453125
08:01:17,91282CKU4,TSRYS5814781,D,S,C,2024-06-20,1000000.00,4.236303,102.314453125
08:01:17,91282CKU4,TSRYS5814781,D,S,C,2024-06-20,1000000.00,4.236303,102.314453125
08:01:17,91282CKU4,TSRYS5814781,D,S,D,2024-06-20,3000000.00,4.245681,102.2578125
08:01:17,91282CKU4,TSRYS5814781,D,S,T,2024-06-20,1000000.00,4.248318,102.2418875
08:01:17,91282CKU4,TSRYS5814781,D,S,D,2024-06-20,1000000.00,4.250533,102.228515625
08:01:17,91282CKU4,TSRYS5814781,D,S,D,2024-06-20,2000000.00,4.250857,102.2265625
08:01:17,91282CKU4,TSRYS5814781,D,S,D,2024-06-20,2000000.00,4.250857,102.2265625
08:01:17,91282CKU4,TSRYS5814781,D,S,D,2024-06-20,2000000.00,4.250857,102.2265625
08:01:17,91282CKU4,TSRYS5814781,D,S,D,2024-06-20,3000000.00,4.250857,102.2265625
08:01:17,91282CKU4,TSRYS5814781,D,S,D,2024-06-20,2000000.00,4.250857,102.2265625
08:01:17,91282CKU4,TSRYS5814781,D,S,D,2024-06-20,1000000.00,4.250857,102.2265625
08:01:17,91282CKU4,TSRYS5814781,D,S,D,2024-06-20,2000000.00,4.250857,102.2265625
08:01:17,91282CKU4,TSRYS5814781,D,S,D,2024-06-20,3000000.00,4.250857,102.2265625
08:01:17,91282CKU4,TSRYS5814781,D,S,D,2024-06-20,3000000.00,4.250857,102.2265625
08:01:17,91282CKU4,TSRYS5814781,D,S,D,2024-06-20,3000000.00,4.250857,102.2265625
08:01:18,91282CKU4,TSRYS5814781,D,S,D,2024-06-20,1000000.00,4.251504,102.22265625
08:01:18,91282CKU4,TSRYS5814781,D,S,D,2024-06-20,2000000.00,4.251504,102.22265625
08:01:18,91282CKU4,TSRYS5814781,D,S,D,2024-06-20,1000000.00,4.251504,102.22265625
08:01:18,91282CKU4,TSRYS5814781,D,S,D,2024-06-20,1000000.00,4.251181,102.224609375
08:01:19,91282CKU4,TSRYS5814781,D,S,D,2024-06-20,1000000.00,4.248592,102.240234375
08:01:19,91282CKU4,TSRYS5814781,D,B,C,2024-06-20,1000000.00,4.248592,102.240234375
08:01:19,91282CKU4,TSRYS5814781,D,S,D,2024-06-20,1000000.00,4.248592,102.240234375
08:01:19,91282CKU4,TSRYS5814781,D,B,C,2024-06-20,1000000.00,4.248592,102.240234375
08:01:19,91282CKU4,TSRYS5814781,D,S,D,2024-06-20,1000000.00,4.245681,102.2578125
08:01:19,91282CKU4,TSRYS5814781,D,S,D,2024-06-20,1000000.00,4.245681,102.2578125
08:01:19,91282CKU4,TSRYS5814781,D,B,C,2024-06-20,1000000.00,4.251181,102.224609375
08:01:19,91282CKU4,TSRYS5814781,D,S,C,2024-06-20,1000000.00,4.251181,102.224609375
08:01:19,91282CKU4,TSRYS5814781,D,S,D,2024-06-20,1000000.00,4.250857,102.2265625
08:01:19,91282CKU4,TSRYS5814781,D,B,C,2024-06-20,5000000.00,4.245797,102.25711
08:01:19,91282CKU4,TSRYS5814781,D,S,D,2024-06-20,3000000.00,4.245681,102.2578125
08:01:19,91282CKU4,TSRYS5814781,D,S,D,2024-06-20,1000000.00,4.251181,102.224609375
08:01:19,91282CKU4,TSRYS5814781,D,S,T,2024-06-20,1000000.00,4.250857,102.2265625
08:01:19,91282CKU4,TSRYS5814781,D,S,T,2024-06-20,1000000.00,4.250857,102.2265625
08:01:19,91282CKU4,TSRYS5814781,D,S,D,2024-06-20,2000000.00,4.250857,102.2265625
08:01:19,91282CKU4,TSRYS5814781,D,S,D,2024-06-20,1000000.00,4.248592,102.240234375
08:01:19,91282CKU4,TSRYS5814781,D,S,D,2024-06-20,1000000.00,4.248592,102.240234375
08:01:19,91282CKU4,TSRYS5814781,D,S,C,2024-06-20,1000000.00,4.23598,102.31640625
08:01:19,91282CKU4,TSRYS5814781,D,B,C,2024-06-20,1000000.00,4.249563,102.234375
08:01:19,91282CKU4,TSRYS5814781,D,S,D,2024-06-20,1000000.00,4.249563,102.234375
08:01:19,91282CKU4,TSRYS5814781,D,S,D,2024-06-20,1000000.00,4.249886,102.232421875
08:01:19,91282CKU4,TSRYS5814781,D,B,C,2024-06-20,1000000.00,4.249886,102.232421875
08:01:19,91282CKU4,TSRYS5814781,D,S,D,2024-06-20,1000000.00,4.249886,102.232421875
08:01:19,91282CKU4,TSRYS5814781,D,B,C,2024-06-20,1000000.00,4.249886,102.232421875
08:01:19,91282CKU4,TSRYS5814781,D,S,T,2024-06-20,3000000.00,4.246651,102.251953125
08:01:19,91282CKU4,TSRYS5814781,D,S,T,2024-06-20,2000000.00,4.246651,102.251953125
08:01:20,91282CKU4,TSRYS5814781,D,S,A,2024-06-20,9500000.00,4.244387,102.265625
08:01:20,91282CKU4,TSRYS5814781,D,B,A,2024-06-20,9500000.00,4.244387,102.265625
08:01:20,91282CKU4,TSRYS5814781,D,B,C,2024-06-20,9500000.00,4.244387,102.265625
08:01:20,91282CKU4,TSRYS5814781,D,S,D,2024-06-20,9500000.00,4.244387,102.265625
08:01:20,91282CKU4,TSRYS5814781,D,S,D,2024-06-20,1000000.00,4.250857,102.2265625
08:01:21,91282CKU4,TSRYS5814781,D,S,D,2024-06-20,1000000.00,4.250857,102.2265625
08:01:22,91282CKU4,TSRYS5814781,D,S,D,2024-06-20,1000000.00,4.236626,102.3125
08:01:22,91282CKU4,TSRYS5814781,D,S,D,2024-06-20,1000000.00,4.236626,102.3125
08:01:22,91282CKU4,TSRYS5814781,D,S,D,2024-06-20,1000000.00,4.236626,102.3125
08:01:22,91282CKU4,TSRYS5814781,D,S,A,2024-06-20,190000.00,4.246974,102.25
08:01:22,91282CKU4,TSRYS5814781,D,S,T,2024-06-20,1000000.00,4.246651,102.25195312
08:01:23,91282CKU4,TSRYS5814781,D,S,T,2024-06-20,1000000.00,4.252151,102.21875
08:01:23,91282CKU4,TSRYS5814781,D,S,T,2024-06-20,1000000.00,4.250857,102.2265625
08:01:23,91282CKU4,TSRYS5814781,D,S,T,2024-06-20,1000000.00,4.252151,102.21875
08:01:23,91282CKU4,TSRYS5814781,D,B,C,2024-06-20,4000000.00,4.244535,102.26473
08:01:23,91282CKU4,TSRYS5814781,D,S,C,2024-06-20,1000000.00,4.238566,102.30078125
08:01:23,91282CKU4,TSRYS5814781,D,S,C,2024-06-20,1000000.00,4.238566,102.30078125
08:01:23,91282CKU4,TSRYS5814781,D,S,T,2024-06-20,1000000.00,4.252151,102.21875
08:01:23,91282CKU4,TSRYS5814781,D,S,T,2024-06-20,1000000.00,4.252151,102.21875
08:01:24,91282CKU4,TSRYS5814781,D,S,T,2024-06-20,1000000.00,4.252151,102.21875
08:01:24,91282CKU4,TSRYS5814781,D,S,D,2024-06-20,2000000.00,4.246974,102.25
08:01:24,91282CKU4,TSRYS5814781,D,S,D,2024-06-20,1000000.00,4.246974,102.25
08:01:24,91282CKU4,TSRYS5814781,D,S,D,2024-06-20,2000000.00,4.246974,102.25
08:01:24,91282CKU4,TSRYS5814781,D,B,C,2024-06-20,5000000.00,4.24709,102.2493
08:01:24,91282CKU4,TSRYS5814781,D,S,T,2024-06-20,1000000.00,4.249563,102.234375
08:01:24,91282CKU4,TSRYS5814781,D,S,T,2024-06-20,1000000.00,4.249895,102.23237187
08:01:25,91282CKU4,TSRYS5814781,D,S,T,2024-06-20,1000000.00,4.246974,102.25
08:01:25,91282CKU4,TSRYS5814781,D,S,T,2024-06-20,1000000.00,4.246974,102.25
08:01:25,91282CKU4,TSRYS5814781,D,S,T,2024-06-20,2000000.00,4.249886,102.232421875
08:01:25,91282CKU4,TSRYS5814781,D,S,T,2024-06-20,3000000.00,4.249886,102.232421875
08:01:25,91282CKU4,TSRYS5814781,D,S,T,2024-06-20,1000000.00,4.246974,102.25
08:01:25,91282CKU4,TSRYS5814781,D,S,T,2024-06-20,2000000.00,4.249886,102.232421875
08:01:26,91282CKU4,TSRYS5814781,D,S,T,2024-06-20,1000000.00,4.239213,102.296875
08:01:27,91282CKU4,TSRYS5814781,D,S,T,2024-06-20,1000000.00,4.241799,102.28125
08:01:27,91282CKU4,TSRYS5814781,D,S,D,2024-06-20,1000000.00,4.244387,102.265625
08:01:27,91282CKU4,TSRYS5814781,D,B,C,2024-06-20,4750000.00,4.216105,102.4375
08:01:27,91282CKU4,TSRYS5814781,D,B,C,2024-06-20,2150000.00,4.245681,102.2578125
08:01:28,91282CKU4,TSRYS5814781,D,B,C,2024-06-20,500000.00,4.247622,102.24609375
08:01:28,91282CKU4,TSRYS5814781,D,S,T,2024-06-20,1000000.00,4.252807,102.21479375
08:01:28,91282CKU4,TSRYS5814781,D,B,C,2024-06-20,4940000.00,4.216105,102.4375
08:01:28,91282CKU4,TSRYS5814781,D,B,C,2024-06-20,1425000.00,4.216105,102.4375
08:01:28,91282CKU4,TSRYS5814781,D,S,T,2024-06-20,1000000.00,4.250857,102.2265625
08:01:28,91282CKU4,TSRYS5814781,D,S,T,2024-06-20,1000000.00,4.249563,102.234375
08:01:29,91282CKU4,TSRYS5814781,D,S,T,2024-06-20,1000000.00,4.249563,102.234375
08:01:29,91282CKU4,TSRYS5814781,D,S,D,2024-06-20,1000000.00,4.236949,102.31054687
08:01:29,91282CKU4,TSRYS5814781,D,S,T,2024-06-20,1000000.00,4.254741,102.203125
08:01:29,91282CKU4,TSRYS5814781,D,S,T,2024-06-20,1000000.00,4.254741,102.203125
08:01:30,91282CKU4,TSRYS5814781,D,S,T,2024-06-20,1000000.00,4.252807,102.21479375
08:01:30,91282CKU4,TSRYS5814781,D,S,T,2024-06-20,2000000.00,4.250857,102.2265625
08:01:30,91282CKU4,TSRYS5814781,D,S,D,2024-06-20,1000000.00,4.250857,102.2265625
08:01:30,91282CKU4,TSRYS5814781,D,S,T,2024-06-20,2000000.00,4.250857,102.2265625
08:01:31,91282CKU4,TSRYS5814781,D,S,T,2024-06-20,3000000.00,4.250857,102.2265625
08:01:31,91282CKU4,TSRYS5814781,D,S,T,2024-06-20,2000000.00,4.250857,102.2265625
08:01:31,91282CKU4,TSRYS5814781,D,S,T,2024-06-20,2000000.00,4.250857,102.2265625
08:01:31,91282CKU4,TSRYS5814781,D,S,T,2024-06-20,1000000.00,4.251181,102.224609375
08:01:31,91282CKU4,TSRYS5814781,D,S,C,2024-06-20,1000000.00,4.247945,102.244140625
08:01:31,91282CKU4,TSRYS5814781,D,S,C,2024-06-20,1000000.00,4.247945,102.244140625
08:01:31,91282CKU4,TSRYS5814781,D,S,C,2024-06-20,1000000.00,4.246974,102.25
08:01:31,91282CKU4,TSRYS5814781,D,S,C,2024-06-20,1000000.00,4.246974,102.25
08:01:31,91282CKU4,TSRYS5814781,D,S,D,2024-06-20,1000000.00,4.248592,102.240234375
08:01:31,91282CKU4,TSRYS5814781,D,S,D,2024-06-20,1000000.00,4.248592,102.240234375
08:01:31,91282CKU4,TSRYS5814781,D,S,T,2024-06-20,1000000.00,4.240527,102.2889325
08:01:32,91282CKU4,TSRYS5814781,D,S,T,2024-06-20,1000000.00,4.240527,102.2889325
08:01:32,91282CKU4,TSRYS5814781,D,S,T,2024-06-20,3000000.00,4.240527,102.2889325
08:01:32,91282CKU4,TSRYS5814781,D,S,A,2024-06-20,1000000.00,4.252151,102.21875
08:01:32,91282CKU4,TSRYS5814781,D,S,T,2024-06-20,2000000.00,4.249563,102.234375
08:01:32,91282CKU4,TSRYS5814781,D,S,T,2024-06-20,1000000.00,4.249563,102.234375
08:01:32,91282CKU4,TSRYS5814781,D,S,T,2024-06-20,1000000.00,4.249563,102.234375
08:01:32,91282CKU4,TSRYS5814781,D,S,A,2024-06-20,97000.00,4.246974,102.25
08:01:32,91282CKU4,TSRYS5814781,D,S,C,2024-06-20,1400000.00,4.249563,102.234375
08:01:32,91282CKU4,TSRYS5814781,D,S,T,2024-06-20,1000000.00,4.250874,102.2264625
08:01:32,91282CKU4,TSRYS5814781,D,B,A,2024-06-20,1000000.00,4.250857,102.2265625
08:01:32,91282CKU4,TSRYS5814781,D,S,T,2024-06-20,2000000.00,4.249886,102.232421875
08:01:33,91282CKU4,TSRYS5814781,D,S,T,2024-06-20,1000000.00,4.249563,102.234375
08:01:33,91282CKU4,TSRYS5814781,D,S,T,2024-06-20,3000000.00,4.249563,102.234375
08:01:33,91282CKU4,TSRYS5814781,D,S,T,2024-06-20,3000000.00,4.249563,102.234375
08:01:33,91282CKU4,TSRYS5814781,D,S,T,2024-06-20,2000000.00,4.249563,102.234375
08:01:33,91282CKU4,TSRYS5814781,D,S,T,2024-06-20,1000000.00,4.249563,102.234375
08:01:33,91282CKU4,TSRYS5814781,D,S,T,2024-06-20,1000000.00,4.249571,102.234325
08:01:33,91282CKU4,TSRYS5814781,D,S,T,2024-06-20,1000000.00,4.249563,102.234375
08:01:34,91282CKU4,TSRYS5814781,D,S,A,2024-06-20,500000.00,4.254741,102.203125
08:01:34,91282CKU4,TSRYS5814781,D,S,T,2024-06-20,1000000.00,4.249563,102.234375
08:01:34,91282CKU4,TSRYS5814781,D,S,T,2024-06-20,1000000.00,4.249563,102.234375
08:01:34,91282CKU4,TSRYS5814781,D,S,T,2024-06-20,1000000.00,4.249563,102.234375
08:01:34,91282CKU4,TSRYS5814781,D,S,T,2024-06-20,1000000.00,4.248269,102.2421875
08:01:34,91282CKU4,TSRYS5814781,D,S,T,2024-06-20,1000000.00,4.248269,102.2421875
08:01:34,91282CKU4,TSRYS5814781,D,S,D,2024-06-20,1000000.00,4.244387,102.265625
08:01:34,91282CKU4,TSRYS5814781,D,S,D,2024-06-20,1000000.00,4.244387,102.265625
08:01:34,91282CKU4,TSRYS5814781,D,S,T,2024-06-20,1000000.00,4.248269,102.2421875
08:01:34,91282CKU4,TSRYS5814781,D,S,T,2024-06-20,1000000.00,4.248269,102.2421875
08:01:34,91282CKU4,TSRYS5814781,D,S,T,2024-06-20,1000000.00,4.246974,102.25
08:01:34,91282CKU4,TSRYS5814781,D,S,T,2024-06-20,1000000.00,4.246974,102.25
08:01:35,91282CKU4,TSRYS5814781,D,S,T,2024-06-20,1000000.00,4.246974,102.25
08:01:35,91282CKU4,TSRYS5814781,D,S,T,2024-06-20,1000000.00,4.245681,102.2578125
08:01:35,91282CKU4,TSRYS5814781,D,S,T,2024-06-20,1000000.00,4.241799,102.28125
08:01:35,91282CKU4,TSRYS5814781,D,S,T,2024-06-20,4000000.00,4.249563,102.234375
08:01:35,91282CKU4,TSRYS5814781,D,S,T,2024-06-20,1000000.00,4.249579,102.234275
08:01:35,91282CKU4,TSRYS5814781,D,S,T,2024-06-20,1000000.00,4.249579,102.234275
08:01:35,91282CKU4,TSRYS5814781,D,S,T,2024-06-20,1000000.00,4.249563,102.234375
08:01:35,91282CKU4,TSRYS5814781,D,S,T,2024-06-20,1000000.00,4.249563,102.234375
08:01:35,91282CKU4,TSRYS5814781,D,S,T,2024-06-20,1000000.00,4.249563,102.234375
08:01:35,91282CKU4,TSRYS5814781,D,S,T,2024-06-20,1000000.00,4.249563,102.234375
08:01:35,91282CKU4,TSRYS5814781,D,S,T,2024-06-20,1000000.00,4.249563,102.234375
08:01:35,91282CKU4,TSRYS5814781,D,S,T,2024-06-20,1000000.00,4.249563,102.234375
08:01:35,91282CKU4,TSRYS5814781,D,S,T,2024-06-20,1000000.00,4.249563,102.234375
08:01:35,91282CKU4,TSRYS5814781,D,B,C,2024-06-20,1000000.00,4.24277,102.27539062
08:01:35,91282CKU4,TSRYS5814781,D,S,T,2024-06-20,2000000.00,4.249563,102.234375
08:01:35,91282CKU4,TSRYS5814781,D,S,T,2024-06-20,1000000.00,4.249563,102.234375
08:01:35,91282CKU4,TSRYS5814781,D,S,T,2024-06-20,1000000.00,4.249563,102.234375
08:01:35,91282CKU4,TSRYS5814781,D,S,T,2024-06-20,1000000.00,4.249563,102.234375
08:01:35,91282CKU4,TSRYS5814781,D,S,T,2024-06-20,1000000.00,4.249563,102.234375
08:01:35,91282CKU4,TSRYS5814781,D,S,T,2024-06-20,1000000.00,4.249563,102.234375
08:01:35,91282CKU4,TSRYS5814781,D,S,T,2024-06-20,1000000.00,4.249563,102.234375
08:01:35,91282CKU4,TSRYS5814781,D,S,T,2024-06-20,1000000.00,4.249563,102.234375
08:01:35,91282CKU4,TSRYS5814781,D,S,T,2024-06-20,1000000.00,4.249563,102.234375
08:01:35,91282CKU4,TSRYS5814781,D,S,T,2024-06-20,1000000.00,4.249563,102.234375
08:01:35,91282CKU4,TSRYS5814781,D,S,T,2024-06-20,1000000.00,4.249563,102.234375
08:01:35,91282CKU4,TSRYS5814781,D,S,T,2024-06-20,1000000.00,4.239213,102.296875
08:01:35,91282CKU4,TSRYS5814781,D,S,T,2024-06-20,1000000.00,4.249563,102.234375
08:01:35,91282CKU4,TSRYS5814781,D,S,T,2024-06-20,1000000.00,4.240506,102.2890625
08:01:35,91282CKU4,TSRYS5814781,D,S,T,2024-06-20,1000000.00,4.249563,102.234375
08:01:35,91282CKU4,TSRYS5814781,D,S,T,2024-06-20,1000000.00,4.249563,102.234375
08:01:35,91282CKU4,TSRYS5814781,D,S,D,2024-06-20,3000000.00,4.246328,102.25390625
08:01:35,91282CKU4,TSRYS5814781,D,S,T,2024-06-20,1000000.00,4.249563,102.234375
08:01:35,91282CKU4,TSRYS5814781,D,S,T,2024-06-20,1000000.00,4.249563,102.234375
08:01:35,91282CKU4,TSRYS5814781,D,S,T,2024-06-20,1000000.00,4.249563,102.234375
08:01:35,91282CKU4,TSRYS5814781,D,S,T,2024-06-20,1000000.00,4.249563,102.234375
08:01:35,91282CKU4,TSRYS5814781,D,S,T,2024-06-20,1000000.00,4.249563,102.234375
08:01:35,91282CKU4,TSRYS5814781,D,S,T,2024-06-20,1000000.00,4.249563,102.234375
08:01:35,91282CKU4,TSRYS5814781,D,S,T,2024-06-20,1000000.00,4.249563,102.234375
08:01:35,91282CKU4,TSRYS5814781,D,S,T,2024-06-20,2000000.00,4.248269,102.2421875
08:01:35,91282CKU4,TSRYS5814781,D,S,T,2024-06-20,1000000.00,4.248269,102.2421875
08:01:35,91282CKU4,TSRYS5814781,D,S,D,2024-06-20,1000000.00,4.246328,102.25390625
08:01:35,91282CKU4,TSRYS5814781,D,S,T,2024-06-20,1000000.00,4.248269,102.2421875
08:01:35,91282CKU4,TSRYS5814781,D,S,D,2024-06-20,1000000.00,4.246328,102.25390625
08:01:35,91282CKU4,TSRYS5814781,D,S,T,2024-06-20,1000000.00,4.248269,102.2421875
08:01:36,91282CKU4,TSRYS5814781,D,S,T,2024-06-20,1000000.00,4.248269,102.2421875
08:01:36,91282CKU4,TSRYS5814781,D,S,T,2024-06-20,1000000.00,4.248269,102.2421875
08:01:36,91282CKU4,TSRYS5814781,D,S,T,2024-06-20,1000000.00,4.248269,102.2421875
08:01:36,91282CKU4,TSRYS5814781,D,S,T,2024-06-20,2000000.00,4.248269,102.2421875
08:01:36,91282CKU4,TSRYS5814781,D,B,C,2024-06-20,5000000.00,4.246443,102.25321
08:01:36,91282CKU4,TSRYS5814781,D,S,T,2024-06-20,1000000.00,4.245702,102.2576825
08:01:36,91282CKU4,TSRYS5814781,D,S,T,2024-06-20,2000000.00,4.248269,102.2421875
08:01:36,91282CKU4,TSRYS5814781,D,S,T,2024-06-20,1000000.00,4.245702,102.2576825
08:01:36,91282CKU4,TSRYS5814781,D,S,T,2024-06-20,1000000.00,4.245702,102.2576825
08:01:36,91282CKU4,TSRYS5814781,D,S,T,2024-06-20,1000000.00,4.240506,102.2890625
08:01:36,91282CKU4,TSRYS5814781,D,S,T,2024-06-20,1000000.00,4.24408,102.267478125
08:01:36,91282CKU4,TSRYS5814781,D,S,T,2024-06-20,1000000.00,4.245702,102.2576825
08:01:36,91282CKU4,TSRYS5814781,D,B,C,2024-06-20,1000000.00,4.240183,102.29101562
08:01:37,91282CKU4,TSRYS5814781,D,S,T,2024-06-20,1000000.00,4.244387,102.265625
08:01:37,91282CKU4,TSRYS5814781,D,S,T,2024-06-20,1000000.00,4.244387,102.265625
08:01:37,91282CKU4,TSRYS5814781,D,S,A,2024-06-20,4000000.00,4.245681,102.2578125
08:01:37,91282CKU4,TSRYS5814781,D,S,D,2024-06-20,4000000.00,4.244387,102.265625
08:01:37,91282CKU4,TSRYS5814781,D,S,D,2024-06-20,1000000.00,4.244387,102.265625
08:01:37,91282CKU4,TSRYS5814781,D,S,T,2024-06-20,1000000.00,4.244387,102.265625
08:01:37,91282CKU4,TSRYS5814781,D,S,T,2024-06-20,1000000.00,4.244387,102.265625
08:01:37,91282CKU4,TSRYS5814781,D,S,T,2024-06-20,3000000.00,4.246328,102.25390625
08:01:37,91282CKU4,TSRYS5814781,D,S,T,2024-06-20,1000000.00,4.25021,102.23046875
08:01:38,91282CKU4,TSRYS5814781,D,S,T,2024-06-20,2000000.00,4.251504,102.22265625
08:01:38,91282CKU4,TSRYS5814781,D,B,C,2024-06-20,1000000.00,4.249563,102.234375
08:01:38,91282CKU4,TSRYS5814781,D,B,C,2024-06-20,1000000.00,4.249563,102.234375
08:01:38,91282CKU4,TSRYS5814781,D,B,C,2024-06-20,1000000.00,4.249886,102.23242187
08:01:38,91282CKU4,TSRYS5814781,D,B,C,2024-06-20,1000000.00,4.249886,102.23242187
08:01:38,91282CKU4,TSRYS5814781,D,B,C,2024-06-20,1000000.00,4.249886,102.23242187
08:01:38,91282CKU4,TSRYS5814781,D,S,T,2024-06-20,1000000.00,4.251504,102.22265625
08:01:38,91282CKU4,TSRYS5814781,D,S,D,2024-06-20,1000000.00,4.251504,102.22265625
08:01:38,91282CKU4,TSRYS5814781,D,S,D,2024-06-20,2000000.00,4.251504,102.22265625
08:01:38,91282CKU4,TSRYS5814781,D,S,T,2024-06-20,1000000.00,4.251504,102.22265625
08:01:38,91282CKU4,TSRYS5814781,D,S,D,2024-06-20,1000000.00,4.251504,102.22265625
08:01:39,91282CKU4,TSRYS5814781,D,S,T,2024-06-20,4000000.00,4.252613,102.2159622
08:01:39,91282CKU4,TSRYS5814781,D,S,T,2024-06-20,4000000.00,4.252613,102.2159622
08:01:40,91282CKU4,TSRYS5814781,D,S,T,2024-06-20,4000000.00,4.249736,102.2333288
08:01:40,91282CKU4,TSRYS5814781,D,S,T,2024-06-20,1000000.00,4.250857,102.2265625
08:01:40,91282CKU4,TSRYS5814781,D,S,T,2024-06-20,1000000.00,4.250857,102.2265625
08:01:40,91282CKU4,TSRYS5814781,D,S,T,2024-06-20,1000000.00,4.250857,102.2265625
08:01:40,91282CKU4,TSRYS5814781,D,S,T,2024-06-20,4000000.00,4.249736,102.2333288
08:01:41,91282CKU4,TSRYS5814781,D,S,T,2024-06-20,1000000.00,4.249563,102.234375
08:01:41,91282CKU4,TSRYS5814781,D,S,T,2024-06-20,4000000.00,4.250675,102.227664
08:01:41,91282CKU4,TSRYS5814781,D,S,C,2024-06-20,1000000.00,4.246651,102.251953125
08:01:42,91282CKU4,TSRYS5814781,D,S,C,2024-06-20,1000000.00,4.246974,102.25
08:01:42,91282CKU4,TSRYS5814781,D,S,T,2024-06-20,1000000.00,4.25021,102.23046875
08:01:42,91282CKU4,TSRYS5814781,D,S,D,2024-06-20,1000000.00,4.249239,102.23632812
08:01:42,91282CKU4,TSRYS5814781,D,S,D,2024-06-20,4940000.00,4.216105,102.4375
08:01:43,91282CKU4,TSRYS5814781,D,S,D,2024-06-20,1000000.00,4.248269,102.2421875
08:01:44,91282CKU4,TSRYS5814781,D,S,D,2024-06-20,1000000.00,4.247193,102.24609375
08:01:45,91282CKU4,TSRYS5814781,D,S,T,2024-06-20,1000000.00,4.252173,102.21862
08:01:45,91282CKU4,TSRYS5814781,D,S,T,2024-06-20,1000000.00,4.252173,102.21862
08:01:46,91282CKU4,TSRYS5814781,D,S,T,2024-06-20,1000000.00,4.250879,102.2264325
08:01:46,91282CKU4,TSRYS5814781,D,S,T,2024-06-20,1000000.00,4.250879,102.2264325
08:01:46,91282CKU4,TSRYS5814781,D,S,T,2024-06-20,1000000.00,4.250879,102.2264325
08:01:47,91282CKU4,TSRYS5814781,D,S,T,2024-06-20,1000000.00,4.250879,102.2264325
08:01:50,91282CKU4,TSRYS5814781,D,S,T,2024-06-20,1000000.00,4.249584,102.234245
08:01:51,91282CKU4,TSRYS5814781,D,S,C,2024-06-20,1000000.00,4.252475,102.21679687
08:01:52,91282CKU4,TSRYS5814781,D,S,T,2024-06-20,1000000.00,4.246991,102.2499
08:01:52,91282CKU4,TSRYS5814781,D,S,T,2024-06-20,1000000.00,4.246974,102.25
08:01:52,91282CKU4,TSRYS5814781,D,S,T,2024-06-20,1000000.00,4.246974,102.25
08:01:52,91282CKU4,TSRYS5814781,D,S,D,2024-06-20,375000.00,4.240005,102.29296875
08:01:53,91282CKU4,TSRYS5814781,D,S,D,2024-06-20,1000000.00,4.251504,102.22265625
08:01:53,91282CKU4,TSRYS5814781,D,S,D,2024-06-20,1000000.00,4.251504,102.22265625
08:01:54,91282CKU4,TSRYS5814781,D,S,C,2024-06-20,580000.00,4.252799,102.21484375
08:01:54,91282CKU4,TSRYS5814781,D,S,C,2024-06-20,1000000.00,4.254093,102.20703125
08:01:54,91282CKU4,TSRYS5814781,D,S,C,2024-06-20,1000000.00,4.254093,102.20703125
08:01:54,91282CKU4,TSRYS5814781,D,S,C,2024-06-20,1000000.00,4.254093,102.20703125
08:01:54,91282CKU4,TSRYS5814781,D,S,C,2024-06-20,1000000.00,4.254093,102.20703125
08:01:54,91282CKU4,TSRYS5814781,D,S,C,2024-06-20,1000000.00,4.254093,102.20703125
08:01:54,91282CKU4,TSRYS5814781,D,B,C,2024-06-20,10000000.00,4.248599,102.24019
08:01:55,91282CKU4,TSRYS5814781,D,S,D,2024-06-20,1000000.00,4.252151,102.21875
08:01:55,91282CKU4,TSRYS5814781,D,B,C,2024-06-20,1000000.00,4.252151,102.21875
08:01:55,91282CKU4,TSRYS5814781,D,S,T,2024-06-20,1000000.00,4.250874,102.2264625
08:01:55,91282CKU4,TSRYS5814781,D,S,T,2024-06-20,1000000.00,4.249563,102.234375
08:01:55,91282CKU4,TSRYS5814781,D,S,T,2024-06-20,1000000.00,4.250857,102.2265625
08:01:56,91282CKU4,TSRYS5814781,D,S,T,2024-06-20,1000000.00,4.250857,102.2265625
08:01:56,91282CKU4,TSRYS5814781,D,S,T,2024-06-20,1000000.00,4.250857,102.2265625
08:01:56,91282CKU4,TSRYS5814781,D,S,T,2024-06-20,1000000.00,4.250857,102.2265625
08:01:56,91282CKU4,TSRYS5814781,D,S,T,2024-06-20,1000000.00,4.250857,102.2265625
08:01:56,91282CKU4,TSRYS5814781,D,S,T,2024-06-20,1000000.00,4.250857,102.2265625
08:01:56,91282CKU4,TSRYS5814781,D,S,T,2024-06-20,1000000.00,4.250857,102.2265625
08:01:56,91282CKU4,TSRYS5814781,D,S,T,2024-06-20,1000000.00,4.250857,102.2265625
08:01:56,91282CKU4,TSRYS5814781,D,S,T,2024-06-20,1000000.00,4.250857,102.2265625
08:01:56,91282CKU4,TSRYS5814781,D,S,T,2024-06-20,1000000.00,4.250857,102.2265625
08:01:56,91282CKU4,TSRYS5814781,D,S,D,2024-06-20,1000000.00,4.25377,102.20898437
08:01:56,91282CKU4,TSRYS5814781,D,S,T,2024-06-20,1000000.00,4.250857,102.2265625
08:01:56,91282CKU4,TSRYS5814781,D,B,C,2024-06-20,2000000.00,4.248269,102.2421875
08:01:56,91282CKU4,TSRYS5814781,D,S,T,2024-06-20,1000000.00,4.250857,102.2265625
08:01:56,91282CKU4,TSRYS5814781,D,S,D,2024-06-20,1000000.00,4.254417,102.20507812
08:01:56,91282CKU4,TSRYS5814781,D,S,D,2024-06-20,1000000.00,4.254417,102.20507812
08:01:56,91282CKU4,TSRYS5814781,D,S,D,2024-06-20,1000000.00,4.254417,102.20507812
08:01:56,91282CKU4,TSRYS5814781,D,S,D,2024-06-20,1000000.00,4.254417,102.20507812
08:01:56,91282CKU4,TSRYS5814781,D,S,D,2024-06-20,1000000.00,4.250857,102.2265625
08:01:56,91282CKU4,TSRYS5814781,D,S,C,2024-06-20,1000000.00,4.25377,102.20898437
08:01:56,91282CKU4,TSRYS5814781,D,S,D,2024-06-20,1000000.00,4.25377,102.20898437
08:01:56,91282CKU4,TSRYS5814781,D,S,T,2024-06-20,1000000.00,4.25055,102.228415625
08:01:56,91282CKU4,TSRYS5814781,D,S,T,2024-06-20,1000000.00,4.250874,102.2264625
08:01:56,91282CKU4,TSRYS5814781,D,S,D,2024-06-20,1000000.00,4.253446,102.2109375
08:01:56,91282CKU4,TSRYS5814781,D,S,D,2024-06-20,1000000.00,4.253446,102.2109375
08:01:57,91282CKU4,TSRYS5814781,D,S,D,2024-06-20,1000000.00,4.25377,102.20898437
08:01:57,91282CKU4,TSRYS5814781,D,S,T,2024-06-20,1000000.00,4.250857,102.2265625
08:01:57,91282CKU4,TSRYS5814781,D,S,T,2024-06-20,1000000.00,4.250857,102.2265625
08:01:57,91282CKU4,TSRYS5814781,D,S,T,2024-06-20,1000000.00,4.250857,102.2265625
08:01:57,91282CKU4,TSRYS5814781,D,S,T,2024-06-20,1000000.00,4.250857,102.2265625
08:01:57,91282CKU4,TSRYS5814781,D,S,T,2024-06-20,1000000.00,4.250857,102.2265625
08:01:57,91282CKU4,TSRYS5814781,D,S,T,2024-06-20,1000000.00,4.250857,102.2265625
08:01:57,91282CKU4,TSRYS5814781,D,S,T,2024-06-20,1000000.00,4.250857,102.2265625
08:01:57,91282CKU4,TSRYS5814781,D,S,D,2024-06-20,1000000.00,4.252799,102.21484375
08:01:57,91282CKU4,TSRYS5814781,D,S,T,2024-06-20,1000000.00,4.249563,102.234375
08:01:57,91282CKU4,TSRYS5814781,D,S,T,2024-06-20,1000000.00,4.249563,102.234375
08:01:58,91282CKU4,TSRYS5814781,D,S,D,2024-06-20,1000000.00,4.250533,102.228515625
08:01:58,91282CKU4,TSRYS5814781,D,B,C,2024-06-20,1000000.00,4.250533,102.228515625
08:01:58,91282CKU4,TSRYS5814781,D,S,D,2024-06-20,1000000.00,4.251181,102.224609375
08:01:58,91282CKU4,TSRYS5814781,D,B,C,2024-06-20,1000000.00,4.251181,102.224609375
08:02:01,91282CKU4,TSRYS5814781,D,S,C,2024-06-20,1000000.00,4.236626,102.3125
08:02:01,91282CKU4,TSRYS5814781,D,B,C,2024-06-20,1000000.00,4.236668,102.31225
08:02:01,91282CKU4,TSRYS5814781,D,B,C,2024-06-20,1000000.00,4.235333,102.3203125
08:02:01,91282CKU4,TSRYS5814781,D,S,C,2024-06-20,1000000.00,4.235283,102.3206125
08:02:01,91282CKU4,TSRYS5814781,D,B,C,2024-06-20,1000000.00,4.235366,102.3201125
08:02:01,91282CKU4,TSRYS5814781,D,S,C,2024-06-20,1000000.00,4.235283,102.3206125
08:02:01,91282CKU4,TSRYS5814781,D,S,C,2024-06-20,1000000.00,4.235283,102.3206125
08:02:01,91282CKU4,TSRYS5814781,D,B,C,2024-06-20,1000000.00,4.235333,102.3203125
08:02:01,91282CKU4,TSRYS5814781,D,S,C,2024-06-20,1000000.00,4.235333,102.3203125
08:02:01,91282CKU4,TSRYS5814781,D,S,C,2024-06-20,1000000.00,4.235308,102.3204645
08:02:01,91282CKU4,TSRYS5814781,D,B,C,2024-06-20,1000000.00,4.235333,102.3203125
08:02:01,91282CKU4,TSRYS5814781,D,S,C,2024-06-20,1000000.00,4.235308,102.3204625
08:02:01,91282CKU4,TSRYS5814781,D,S,C,2024-06-20,1000000.00,4.235283,102.3206125
08:02:01,91282CKU4,TSRYS5814781,D,S,C,2024-06-20,1000000.00,4.235283,102.3206125
08:02:01,91282CKU4,TSRYS5814781,D,B,C,2024-06-20,1000000.00,4.235333,102.3203125
08:02:01,91282CKU4,TSRYS5814781,D,B,C,2024-06-20,3000000.00,4.235358,102.3201625
08:02:01,91282CKU4,TSRYS5814781,D,S,C,2024-06-20,1000000.00,4.235333,102.3203125
08:02:01,91282CKU4,TSRYS5814781,D,S,C,2024-06-20,3000000.00,4.235283,102.3206125
08:02:01,91282CKU4,TSRYS5814781,D,B,C,2024-06-20,1000000.00,4.235333,102.3203125
08:02:01,91282CKU4,TSRYS5814781,D,S,D,2024-06-20,1000000.00,4.252475,102.216796875
08:02:01,91282CKU4,TSRYS5814781,D,B,C,2024-06-20,1000000.00,4.252475,102.216796875
08:02:01,91282CKU4,TSRYS5814781,D,S,C,2024-06-20,1000000.00,4.240481,102.2892125
08:02:01,91282CKU4,TSRYS5814781,D,S,C,2024-06-20,3000000.00,4.240481,102.2892125
08:02:01,91282CKU4,TSRYS5814781,D,S,D,2024-06-20,1000000.00,4.240506,102.2890625
08:02:02,91282CKU4,TSRYS5814781,D,B,C,2024-06-20,1000000.00,4.237944,102.3045375
08:02:02,91282CKU4,TSRYS5814781,D,S,C,2024-06-20,1000000.00,4.237886,102.3048875
08:02:02,91282CKU4,TSRYS5814781,D,B,C,2024-06-20,1000000.00,4.250857,102.2265625
08:02:02,91282CKU4,TSRYS5814781,D,S,D,2024-06-20,1000000.00,4.250857,102.2265625
08:02:02,91282CKU4,TSRYS5814781,D,S,C,2024-06-20,1000000.00,4.237919,102.3046875
08:02:02,91282CKU4,TSRYS5814781,D,S,D,2024-06-20,1000000.00,4.237919,102.3046875
08:02:02,91282CKU4,TSRYS5814781,D,B,C,2024-06-20,1000000.00,4.237952,102.3044875
08:02:02,91282CKU4,TSRYS5814781,D,S,C,2024-06-20,1000000.00,4.237919,102.3046875
08:02:02,91282CKU4,TSRYS5814781,D,S,D,2024-06-20,1000000.00,4.237898,102.3048175
08:02:02,91282CKU4,TSRYS5814781,D,B,C,2024-06-20,1000000.00,4.237952,102.3044875
08:02:02,91282CKU4,TSRYS5814781,D,B,C,2024-06-20,10000000.00,4.254007,102.20755
08:02:02,91282CKU4,TSRYS5814781,D,S,C,2024-06-20,1000000.00,4.237919,102.3046875
08:02:02,91282CKU4,TSRYS5814781,D,B,C,2024-06-20,1000000.00,4.237952,102.3044875
08:02:02,91282CKU4,TSRYS5814781,D,S,D,2024-06-20,1000000.00,4.236626,102.3125
08:02:02,91282CKU4,TSRYS5814781,D,B,C,2024-06-20,1000000.00,4.236643,102.3124
08:02:02,91282CKU4,TSRYS5814781,D,S,D,2024-06-20,1000000.00,4.252151,102.21875
08:02:02,91282CKU4,TSRYS5814781,D,B,C,2024-06-20,1000000.00,4.252151,102.21875
08:02:02,91282CKU4,TSRYS5814781,D,S,D,2024-06-20,1000000.00,4.252151,102.21875
08:02:03,91282CKU4,TSRYS5814781,D,S,D,2024-06-20,1000000.00,4.237919,102.3046875
08:02:03,91282CKU4,TSRYS5814781,D,B,C,2024-06-20,1000000.00,4.252151,102.21875
08:02:03,91282CKU4,TSRYS5814781,D,S,D,2024-06-20,1000000.00,4.252151,102.21875
08:02:03,91282CKU4,TSRYS5814781,D,B,C,2024-06-20,1000000.00,4.252151,102.21875
08:02:03,91282CKU4,TSRYS5814781,D,S,T,2024-06-20,1000000.00,4.247298,102.248046875
08:02:03,91282CKU4,TSRYS5814781,D,S,T,2024-06-20,1000000.00,4.249563,102.234375
08:02:03,91282CKU4,TSRYS5814781,D,S,C,2024-06-20,3000000.00,4.23787,102.3049875
08:02:03,91282CKU4,TSRYS5814781,D,B,C,2024-06-20,3000000.00,4.237944,102.3045375
08:02:04,91282CKU4,TSRYS5814781,D,B,C,2024-06-20,1000000.00,4.244412,102.265475
08:02:04,91282CKU4,TSRYS5814781,D,S,C,2024-06-20,1000000.00,4.244387,102.265625
08:02:04,91282CKU4,TSRYS5814781,D,S,C,2024-06-20,1000000.00,4.245681,102.2578125
08:02:04,91282CKU4,TSRYS5814781,D,B,C,2024-06-20,1000000.00,4.245705,102.2576625
08:02:04,91282CKU4,TSRYS5814781,D,B,C,2024-06-20,2000000.00,4.245714,102.2576125
08:02:04,91282CKU4,TSRYS5814781,D,S,C,2024-06-20,2000000.00,4.245631,102.2581125
08:02:05,91282CKU4,TSRYS5814781,D,B,C,2024-06-20,2000000.00,4.241833,102.28105
08:02:05,91282CKU4,TSRYS5814781,D,B,C,2024-06-20,1000000.00,4.241816,102.28115
08:02:05,91282CKU4,TSRYS5814781,D,B,C,2024-06-20,1000000.00,4.241799,102.28125
08:02:05,91282CKU4,TSRYS5814781,D,S,C,2024-06-20,2000000.00,4.24175,102.28155
08:02:05,91282CKU4,TSRYS5814781,D,S,D,2024-06-20,1000000.00,4.241799,102.28125
08:02:05,91282CKU4,TSRYS5814781,D,S,D,2024-06-20,1000000.00,4.241799,102.28125
08:02:05,91282CKU4,TSRYS5814781,D,S,C,2024-06-20,1000000.00,4.243093,102.2734375
08:02:05,91282CKU4,TSRYS5814781,D,B,C,2024-06-20,1000000.00,4.243093,102.2734375
08:02:05,91282CKU4,TSRYS5814781,D,B,C,2024-06-20,1000000.00,4.243118,102.2732875
08:02:05,91282CKU4,TSRYS5814781,D,S,D,2024-06-20,1000000.00,4.243093,102.2734375
08:02:05,91282CKU4,TSRYS5814781,D,S,D,2024-06-20,1000000.00,4.243093,102.2734375
