tradeTime,cusip,issueSymbolIdentifier,priceType,reportingSideCode,contraPartyTypeCode,tradeDate,reportedTradeVolume,lastSaleYield,lastSalePrice
08:00:02,91282CLD1,TSRYS5850288,D,S,D,2024-08-20,1000000.00,3.778044,102.099609375
08:00:02,91282CLD1,TSRYS5850288,D,S,D,2024-08-20,1000000.00,3.785372,102.0546875
08:00:02,91282CLD1,TSRYS5850288,D,S,D,2024-08-20,1000000.00,3.796213,101.98828125
08:00:02,91282CLD1,TSRYS5850288,D,S,D,2024-08-20,1000000.00,3.796213,101.98828125
08:00:02,91282CLD1,TSRYS5850288,D,S,D,2024-08-20,1000000.00,3.796213,101.98828125
08:00:02,91282CLD1,TSRYS5850288,D,S,D,2024-08-20,1000000.00,3.796851,101.984375
08:00:02,91282CLD1,TSRYS5850288,D,S,D,2024-08-20,1000000.00,3.796851,101.984375
08:00:02,91282CLD1,TSRYS5850288,D,S,D,2024-08-20,1000000.00,3.796851,101.984375
08:00:02,91282CLD1,TSRYS5850288,D,S,D,2024-08-20,1000000.00,3.796851,101.984375
08:00:02,91282CLD1,TSRYS5850288,D,S,D,2024-08-20,1000000.00,3.796851,101.984375
08:00:02,91282CLD1,TSRYS5850288,D,S,D,2024-08-20,2000000.00,3.793024,102.0078125
08:00:02,91282CLD1,TSRYS5850288,D,S,D,2024-08-20,2000000.00,3.793342,102.005859375
08:00:02,91282CLD1,TSRYS5850288,D,S,D,2024-08-20,1000000.00,3.793342,102.005859375
08:00:02,91282CLD1,TSRYS5850288,D,S,D,2024-08-20,1000000.00,3.784735,102.05859375
08:00:02,91282CLD1,TSRYS5850288,D,S,D,2024-08-20,1000000.00,3.784735,102.05859375
08:00:02,91282CLD1,TSRYS5850288,D,S,D,2024-08-20,1000000.00,3.784735,102.05859375
08:00:02,91282CLD1,TSRYS5850288,D,S,D,2024-08-20,1000000.00,3.784735,102.05859375
08:00:02,91282CLD1,TSRYS5850288,D,S,D,2024-08-20,1000000.00,3.782504,102.072265625
08:00:02,91282CLD1,TSRYS5850288,D,S,D,2024-08-20,1000000.00,3.782186,102.07421875
08:00:02,91282CLD1,TSRYS5850288,D,S,D,2024-08-20,1000000.00,3.782186,102.07421875
08:00:02,91282CLD1,TSRYS5850288,D,S,D,2024-08-20,1000000.00,3.782186,102.07421875
08:00:02,91282CLD1,TSRYS5850288,D,S,D,2024-08-20,2000000.00,3.782186,102.07421875
08:00:02,91282CLD1,TSRYS5850288,D,S,D,2024-08-20,1000000.00,3.782186,102.07421875
08:00:02,91282CLD1,TSRYS5850288,D,S,D,2024-08-20,1000000.00,3.782186,102.07421875
08:00:02,91282CLD1,TSRYS5850288,D,S,D,2024-08-20,2000000.00,3.782186,102.07421875
08:00:02,91282CLD1,TSRYS5850288,D,S,D,2024-08-20,1000000.00,3.783779,102.064453125
08:00:02,91282CLD1,TSRYS5850288,D,S,D,2024-08-20,2000000.00,3.784735,102.05859375
08:00:02,91282CLD1,TSRYS5850288,D,S,C,2024-08-20,1000000.00,3.782504,102.072265625
08:00:02,91282CLD1,TSRYS5850288,D,S,C,2024-08-20,1000000.00,3.782504,102.072265625
08:00:02,91282CLD1,TSRYS5850288,D,S,C,2024-08-20,2000000.00,3.780592,102.083984375
08:00:02,91282CLD1,TSRYS5850288,D,S,C,2024-08-20,2000000.00,3.780592,102.083984375
08:00:02,91282CLD1,TSRYS5850288,D,S,C,2024-08-20,2000000.00,3.780592,102.083984375
08:00:02,91282CLD1,TSRYS5850288,D,S,C,2024-08-20,2000000.00,3.780592,102.083984375
08:00:02,91282CLD1,TSRYS5850288,D,S,D,2024-08-20,2000000.00,3.780592,102.083984375
08:00:02,91282CLD1,TSRYS5850288,D,S,C,2024-08-20,1000000.00,3.780274,102.0859375
08:00:02,91282CLD1,TSRYS5850288,D,S,D,2024-08-20,2000000.00,3.780592,102.083984375
08:00:02,91282CLD1,TSRYS5850288,D,S,D,2024-08-20,1000000.00,3.777725,102.1015625
08:00:02,91282CLD1,TSRYS5850288,D,S,C,2024-08-20,2000000.00,3.778044,102.099609375
08:00:02,91282CLD1,TSRYS5850288,D,S,C,2024-08-20,2000000.00,3.778044,102.099609375
08:00:02,91282CLD1,TSRYS5850288,D,S,C,2024-08-20,2000000.00,3.778044,102.099609375
08:00:02,91282CLD1,TSRYS5850288,D,S,C,2024-08-20,1000000.00,3.778044,102.099609375
08:00:02,91282CLD1,TSRYS5850288,D,S,D,2024-08-20,1000000.00,3.782504,102.072265625
08:00:02,91282CLD1,TSRYS5850288,D,S,D,2024-08-20,1000000.00,3.785054,102.056640625
08:00:02,91282CLD1,TSRYS5850288,D,S,D,2024-08-20,1000000.00,3.785054,102.056640625
08:00:02,91282CLD1,TSRYS5850288,D,S,D,2024-08-20,1000000.00,3.785054,102.056640625
08:00:02,91282CLD1,TSRYS5850288,D,S,D,2024-08-20,1000000.00,3.785054,102.056640625
08:00:02,91282CLD1,TSRYS5850288,D,S,D,2024-08-20,1000000.00,3.785054,102.056640625
08:00:02,91282CLD1,TSRYS5850288,D,S,D,2024-08-20,1000000.00,3.785054,102.056640625
08:00:02,91282CLD1,TSRYS5850288,D,S,D,2024-08-20,1000000.00,3.785054,102.056640625
08:00:02,91282CLD1,TSRYS5850288,D,S,D,2024-08-20,2000000.00,3.785054,102.056640625
08:00:02,91282CLD1,TSRYS5850288,D,S,D,2024-08-20,1000000.00,3.785054,102.056640625
08:00:02,91282CLD1,TSRYS5850288,D,S,D,2024-08-20,2000000.00,3.788879,102.033203125
08:00:02,91282CLD1,TSRYS5850288,D,S,C,2024-08-20,2000000.00,3.788879,102.033203125
08:00:02,91282CLD1,TSRYS5850288,D,S,C,2024-08-20,2000000.00,3.788879,102.033203125
08:00:02,91282CLD1,TSRYS5850288,D,S,C,2024-08-20,1000000.00,3.78856,102.03515625
08:00:06,91282CLD1,TSRYS5850288,D,S,T,2024-08-20,1000000.00,3.787922,102.0390625
08:00:07,91282CLD1,TSRYS5850288,D,S,T,2024-08-20,1000000.00,3.787922,102.0390625
08:00:07,91282CLD1,TSRYS5850288,D,S,T,2024-08-20,1000000.00,3.787922,102.0390625
08:00:07,91282CLD1,TSRYS5850288,D,S,T,2024-08-20,1000000.00,3.78856,102.03515625
08:00:07,91282CLD1,TSRYS5850288,D,S,T,2024-08-20,1000000.00,3.78856,102.03515625
08:00:07,91282CLD1,TSRYS5850288,D,S,T,2024-08-20,1000000.00,3.78856,102.03515625
08:00:07,91282CLD1,TSRYS5850288,D,S,T,2024-08-20,1000000.00,3.78856,102.03515625
08:00:07,91282CLD1,TSRYS5850288,D,S,T,2024-08-20,1000000.00,3.78856,102.03515625
08:00:07,91282CLD1,TSRYS5850288,D,S,T,2024-08-20,1000000.00,3.78856,102.03515625
08:00:07,91282CLD1,TSRYS5850288,D,S,T,2024-08-20,1000000.00,3.78856,102.03515625
08:00:07,91282CLD1,TSRYS5850288,D,S,T,2024-08-20,1000000.00,3.78856,102.03515625
08:00:07,91282CLD1,TSRYS5850288,D,S,T,2024-08-20,2000000.00,3.78856,102.03515625
08:00:07,91282CLD1,TSRYS5850288,D,S,T,2024-08-20,2000000.00,3.78856,102.03515625
08:00:07,91282CLD1,TSRYS5850288,D,S,T,2024-08-20,1000000.00,3.78856,102.03515625
08:00:07,91282CLD1,TSRYS5850288,D,S,T,2024-08-20,5000000.00,3.78856,102.03515625
08:00:07,91282CLD1,TSRYS5850288,D,S,T,2024-08-20,1000000.00,3.78856,102.03515625
08:00:07,91282CLD1,TSRYS5850288,D,S,T,2024-08-20,1000000.00,3.78856,102.03515625
08:00:07,91282CLD1,TSRYS5850288,D,S,T,2024-08-20,1000000.00,3.78856,102.03515625
08:00:07,91282CLD1,TSRYS5850288,D,S,T,2024-08-20,2000000.00,3.78856,102.03515625
08:00:11,91282CLD1,TSRYS5850288,D,S,T,2024-08-20,3000000.00,3.78856,102.03515625
08:00:11,91282CLD1,TSRYS5850288,D,S,T,2024-08-20,1000000.00,3.78856,102.03515625
08:00:12,91282CLD1,TSRYS5850288,D,S,T,2024-08-20,1000000.00,3.789197,102.03125
08:00:12,91282CLD1,TSRYS5850288,D,S,T,2024-08-20,1000000.00,3.789197,102.03125
08:00:12,91282CLD1,TSRYS5850288,D,S,T,2024-08-20,1000000.00,3.78856,102.03515625
08:00:12,91282CLD1,TSRYS5850288,D,S,D,2024-08-20,1000000.00,3.799084,101.970703125
08:00:12,91282CLD1,TSRYS5850288,D,S,D,2024-08-20,1000000.00,3.799084,101.970703125
08:00:12,91282CLD1,TSRYS5850288,D,S,T,2024-08-20,1000000.00,3.799084,101.970703125
08:00:12,91282CLD1,TSRYS5850288,D,S,T,2024-08-20,1000000.00,3.799084,101.970703125
08:00:12,91282CLD1,TSRYS5850288,D,S,T,2024-08-20,1000000.00,3.796532,101.986328125
08:00:12,91282CLD1,TSRYS5850288,D,S,T,2024-08-20,1000000.00,3.796532,101.986328125
08:00:12,91282CLD1,TSRYS5850288,D,S,T,2024-08-20,1000000.00,3.796532,101.986328125
08:00:12,91282CLD1,TSRYS5850288,D,S,T,2024-08-20,1000000.00,3.796532,101.986328125
08:00:12,91282CLD1,TSRYS5850288,D,S,T,2024-08-20,1000000.00,3.796532,101.986328125
08:00:12,91282CLD1,TSRYS5850288,D,S,D,2024-08-20,1000000.00,3.799084,101.970703125
08:00:12,91282CLD1,TSRYS5850288,D,S,T,2024-08-20,1000000.00,3.798127,101.9765625
08:00:12,91282CLD1,TSRYS5850288,D,S,T,2024-08-20,1000000.00,3.798765,101.97265625
08:00:12,91282CLD1,TSRYS5850288,D,S,T,2024-08-20,1000000.00,3.798765,101.97265625
08:00:12,91282CLD1,TSRYS5850288,D,S,D,2024-08-20,1000000.00,3.796532,101.986328125
08:00:12,91282CLD1,TSRYS5850288,D,S,T,2024-08-20,1000000.00,3.796851,101.984375
08:00:12,91282CLD1,TSRYS5850288,D,S,D,2024-08-20,1000000.00,3.793342,102.005859375
08:00:12,91282CLD1,TSRYS5850288,D,S,D,2024-08-20,1000000.00,3.784735,102.05859375
08:00:12,91282CLD1,TSRYS5850288,D,S,D,2024-08-20,1000000.00,3.782186,102.07421875
08:00:12,91282CLD1,TSRYS5850288,D,S,D,2024-08-20,1000000.00,3.782186,102.07421875
08:00:12,91282CLD1,TSRYS5850288,D,S,T,2024-08-20,1000000.00,3.782186,102.07421875
08:00:12,91282CLD1,TSRYS5850288,D,S,T,2024-08-20,1000000.00,3.786647,102.046875
08:00:12,91282CLD1,TSRYS5850288,D,S,D,2024-08-20,1000000.00,3.784735,102.05859375
08:00:12,91282CLD1,TSRYS5850288,D,S,D,2024-08-20,1000000.00,3.784735,102.05859375
08:00:12,91282CLD1,TSRYS5850288,D,S,D,2024-08-20,1000000.00,3.782504,102.072265625
08:00:12,91282CLD1,TSRYS5850288,D,S,T,2024-08-20,1000000.00,3.782504,102.072265625
08:00:12,91282CLD1,TSRYS5850288,D,S,T,2024-08-20,1000000.00,3.782823,102.0703125
08:00:12,91282CLD1,TSRYS5850288,D,S,T,2024-08-20,1000000.00,3.782823,102.0703125
08:00:12,91282CLD1,TSRYS5850288,D,S,D,2024-08-20,1000000.00,3.782504,102.072265625
08:00:12,91282CLD1,TSRYS5850288,D,S,D,2024-08-20,1000000.00,3.789835,102.02734375
08:00:12,91282CLD1,TSRYS5850288,D,S,D,2024-08-20,1000000.00,3.787604,102.041015625
08:00:12,91282CLD1,TSRYS5850288,D,S,D,2024-08-20,1000000.00,3.787604,102.041015625
08:00:12,91282CLD1,TSRYS5850288,D,S,D,2024-08-20,1000000.00,3.787604,102.041015625
08:00:12,91282CLD1,TSRYS5850288,D,S,D,2024-08-20,1000000.00,3.787604,102.041015625
08:00:12,91282CLD1,TSRYS5850288,D,S,D,2024-08-20,1000000.00,3.787604,102.041015625
08:00:12,91282CLD1,TSRYS5850288,D,S,D,2024-08-20,1000000.00,3.787604,102.041015625
08:00:12,91282CLD1,TSRYS5850288,D,S,T,2024-08-20,1000000.00,3.787604,102.041015625
08:00:12,91282CLD1,TSRYS5850288,D,S,T,2024-08-20,1000000.00,3.787604,102.041015625
08:00:12,91282CLD1,TSRYS5850288,D,S,D,2024-08-20,1000000.00,3.787604,102.041015625
08:00:12,91282CLD1,TSRYS5850288,D,S,D,2024-08-20,1000000.00,3.787604,102.041015625
08:00:12,91282CLD1,TSRYS5850288,D,S,T,2024-08-20,1000000.00,3.787604,102.041015625
08:00:12,91282CLD1,TSRYS5850288,D,S,D,2024-08-20,1000000.00,3.787604,102.041015625
08:00:12,91282CLD1,TSRYS5850288,D,S,D,2024-08-20,1000000.00,3.787604,102.041015625
08:00:12,91282CLD1,TSRYS5850288,D,S,D,2024-08-20,1000000.00,3.787604,102.041015625
08:00:12,91282CLD1,TSRYS5850288,D,S,D,2024-08-20,1000000.00,3.787604,102.041015625
08:00:12,91282CLD1,TSRYS5850288,D,S,T,2024-08-20,1000000.00,3.787604,102.041015625
08:00:12,91282CLD1,TSRYS5850288,D,S,D,2024-08-20,1000000.00,3.787604,102.041015625
08:00:12,91282CLD1,TSRYS5850288,D,S,D,2024-08-20,1000000.00,3.787604,102.041015625
08:00:12,91282CLD1,TSRYS5850288,D,S,D,2024-08-20,1000000.00,3.787604,102.041015625
08:00:12,91282CLD1,TSRYS5850288,D,S,D,2024-08-20,1000000.00,3.787604,102.041015625
08:00:12,91282CLD1,TSRYS5850288,D,S,D,2024-08-20,1000000.00,3.787604,102.041015625
08:00:12,91282CLD1,TSRYS5850288,D,S,D,2024-08-20,1000000.00,3.787604,102.041015625
08:00:12,91282CLD1,TSRYS5850288,D,S,D,2024-08-20,1000000.00,3.787604,102.041015625
08:00:12,91282CLD1,TSRYS5850288,D,S,D,2024-08-20,1000000.00,3.787604,102.041015625
08:00:15,91282CLD1,TSRYS5850288,D,S,D,2024-08-20,2000000.00,3.785054,102.056640625
08:00:16,91282CLD1,TSRYS5850288,D,S,D,2024-08-20,150MM+,3.786156,102.049883
08:00:16,91282CLD1,TSRYS5850288,D,S,D,2024-08-20,1000000.00,3.781548,102.078125
08:00:17,91282CLD1,TSRYS5850288,D,S,D,2024-08-20,1000000.00,3.789197,102.03125
08:00:17,91282CLD1,TSRYS5850288,D,S,D,2024-08-20,1000000.00,3.796851,101.984375
08:00:17,91282CLD1,TSRYS5850288,D,S,D,2024-08-20,1000000.00,3.801955,101.953125
08:00:17,91282CLD1,TSRYS5850288,D,S,C,2024-08-20,1000000.00,3.801955,101.953125
08:00:18,91282CLD1,TSRYS5850288,D,S,D,2024-08-20,1000000.00,3.801955,101.953125
08:00:19,91282CLD1,TSRYS5850288,D,S,C,2024-08-20,1000000.00,3.798765,101.97265625
08:00:19,91282CLD1,TSRYS5850288,D,S,C,2024-08-20,1000000.00,3.798765,101.97265625
08:00:22,91282CLD1,TSRYS5850288,D,S,C,2024-08-20,1000000.00,3.799084,101.970703125
08:00:22,91282CLD1,TSRYS5850288,D,S,C,2024-08-20,1000000.00,3.799084,101.970703125
08:00:22,91282CLD1,TSRYS5850288,D,S,C,2024-08-20,1000000.00,3.798446,101.974609375
08:00:22,91282CLD1,TSRYS5850288,D,S,C,2024-08-20,1000000.00,3.797808,101.978515625
08:00:22,91282CLD1,TSRYS5850288,D,S,C,2024-08-20,1000000.00,3.796851,101.984375
08:00:22,91282CLD1,TSRYS5850288,D,S,C,2024-08-20,1000000.00,3.794299,102.0
08:00:22,91282CLD1,TSRYS5850288,D,S,C,2024-08-20,1000000.00,3.79111,102.01953125
08:00:22,91282CLD1,TSRYS5850288,D,S,C,2024-08-20,1000000.00,3.79398,102.001953125
08:00:23,91282CLD1,TSRYS5850288,D,S,C,2024-08-20,1000000.00,3.793342,102.005859375
08:00:28,91282CLD1,TSRYS5850288,D,S,D,2024-08-20,2000000.00,3.783779,102.064453125
08:00:28,91282CLD1,TSRYS5850288,D,S,D,2024-08-20,2000000.00,3.783779,102.064453125
08:00:28,91282CLD1,TSRYS5850288,D,B,C,2024-08-20,2000000.00,3.783779,102.064453125
08:00:28,91282CLD1,TSRYS5850288,D,B,C,2024-08-20,1000000.00,3.78346,102.06640625
08:00:28,91282CLD1,TSRYS5850288,D,S,D,2024-08-20,1000000.00,3.78346,102.06640625
08:00:28,91282CLD1,TSRYS5850288,D,B,C,2024-08-20,1000000.00,3.78346,102.06640625
08:00:28,91282CLD1,TSRYS5850288,D,S,D,2024-08-20,1000000.00,3.78346,102.06640625
08:00:28,91282CLD1,TSRYS5850288,D,B,C,2024-08-20,2000000.00,3.783779,102.064453125
08:00:28,91282CLD1,TSRYS5850288,D,B,C,2024-08-20,1000000.00,3.783779,102.064453125
08:00:28,91282CLD1,TSRYS5850288,D,B,C,2024-08-20,1000000.00,3.783142,102.068359375
08:00:28,91282CLD1,TSRYS5850288,D,S,D,2024-08-20,1000000.00,3.783779,102.064453125
08:00:28,91282CLD1,TSRYS5850288,D,S,D,2024-08-20,1000000.00,3.783142,102.068359375
08:00:28,91282CLD1,TSRYS5850288,D,B,C,2024-08-20,1000000.00,3.783779,102.064453125
08:00:28,91282CLD1,TSRYS5850288,D,S,D,2024-08-20,1000000.00,3.783779,102.064453125
08:00:28,91282CLD1,TSRYS5850288,D,B,C,2024-08-20,1000000.00,3.783779,102.064453125
08:00:28,91282CLD1,TSRYS5850288,D,S,D,2024-08-20,1000000.00,3.783779,102.064453125
08:00:28,91282CLD1,TSRYS5850288,D,S,D,2024-08-20,1000000.00,3.784735,102.05859375
08:00:28,91282CLD1,TSRYS5850288,D,B,C,2024-08-20,1000000.00,3.784735,102.05859375
08:00:29,91282CLD1,TSRYS5850288,D,S,D,2024-08-20,1000000.00,3.799084,101.970703125
08:00:29,91282CLD1,TSRYS5850288,D,S,D,2024-08-20,1000000.00,3.784735,102.05859375
08:00:29,91282CLD1,TSRYS5850288,D,S,D,2024-08-20,1000000.00,3.781548,102.078125
08:00:29,91282CLD1,TSRYS5850288,D,B,C,2024-08-20,1000000.00,3.784735,102.05859375
08:00:29,91282CLD1,TSRYS5850288,D,S,D,2024-08-20,1000000.00,3.784735,102.05859375
08:00:29,91282CLD1,TSRYS5850288,D,B,C,2024-08-20,4000000.00,3.784735,102.05859375
08:00:29,91282CLD1,TSRYS5850288,D,B,C,2024-08-20,4000000.00,3.784416,102.060546875
08:00:29,91282CLD1,TSRYS5850288,D,S,D,2024-08-20,4000000.00,3.784735,102.05859375
08:00:29,91282CLD1,TSRYS5850288,D,S,D,2024-08-20,4000000.00,3.784416,102.060546875
08:00:29,91282CLD1,TSRYS5850288,D,B,C,2024-08-20,1000000.00,3.784416,102.060546875
08:00:29,91282CLD1,TSRYS5850288,D,S,D,2024-08-20,1000000.00,3.784416,102.060546875
08:00:29,91282CLD1,TSRYS5850288,D,B,C,2024-08-20,1000000.00,3.784735,102.05859375
08:00:29,91282CLD1,TSRYS5850288,D,S,D,2024-08-20,1000000.00,3.784735,102.05859375
08:00:29,91282CLD1,TSRYS5850288,D,S,D,2024-08-20,1000000.00,3.78601,102.05078125
08:00:29,91282CLD1,TSRYS5850288,D,S,D,2024-08-20,1000000.00,3.78601,102.05078125
08:00:29,91282CLD1,TSRYS5850288,D,B,C,2024-08-20,1000000.00,3.78601,102.05078125
08:00:29,91282CLD1,TSRYS5850288,D,S,D,2024-08-20,1000000.00,3.785691,102.052734375
08:00:29,91282CLD1,TSRYS5850288,D,B,C,2024-08-20,1000000.00,3.78601,102.05078125
08:00:29,91282CLD1,TSRYS5850288,D,S,D,2024-08-20,1000000.00,3.78601,102.05078125
08:00:29,91282CLD1,TSRYS5850288,D,B,C,2024-08-20,1000000.00,3.78601,102.05078125
08:00:29,91282CLD1,TSRYS5850288,D,B,C,2024-08-20,1000000.00,3.785691,102.052734375
08:00:29,91282CLD1,TSRYS5850288,D,S,D,2024-08-20,1000000.00,3.782823,102.0703125
08:00:30,91282CLD1,TSRYS5850288,D,S,T,2024-08-20,1000000.00,3.796851,101.984375
08:00:30,91282CLD1,TSRYS5850288,D,S,T,2024-08-20,1000000.00,3.796851,101.984375
08:00:30,91282CLD1,TSRYS5850288,D,S,T,2024-08-20,1000000.00,3.796851,101.984375
08:00:30,91282CLD1,TSRYS5850288,D,S,T,2024-08-20,1000000.00,3.796851,101.984375
08:00:30,91282CLD1,TSRYS5850288,D,S,T,2024-08-20,1000000.00,3.794618,101.998046875
08:00:30,91282CLD1,TSRYS5850288,D,S,T,2024-08-20,1000000.00,3.793024,102.0078125
08:00:30,91282CLD1,TSRYS5850288,D,S,D,2024-08-20,1000000.00,3.792067,102.013671875
08:00:30,91282CLD1,TSRYS5850288,D,S,D,2024-08-20,1000000.00,3.792067,102.013671875
08:00:30,91282CLD1,TSRYS5850288,D,S,D,2024-08-20,1000000.00,3.792067,102.013671875
08:00:30,91282CLD1,TSRYS5850288,D,S,D,2024-08-20,1000000.00,3.782504,102.072265625
08:00:30,91282CLD1,TSRYS5850288,D,S,T,2024-08-20,1000000.00,3.776133,102.111328125
08:00:30,91282CLD1,TSRYS5850288,D,S,T,2024-08-20,1000000.00,3.782823,102.0703125
08:00:30,91282CLD1,TSRYS5850288,D,S,T,2024-08-20,1000000.00,3.783779,102.064453125
08:00:30,91282CLD1,TSRYS5850288,D,S,T,2024-08-20,1000000.00,3.785372,102.0546875
08:00:30,91282CLD1,TSRYS5850288,D,S,T,2024-08-20,1000000.00,3.785372,102.0546875
08:00:30,91282CLD1,TSRYS5850288,D,S,D,2024-08-20,1000000.00,3.785372,102.0546875
08:00:30,91282CLD1,TSRYS5850288,D,S,T,2024-08-20,1000000.00,3.787922,102.0390625
08:00:30,91282CLD1,TSRYS5850288,D,S,T,2024-08-20,1000000.00,3.787922,102.0390625
08:00:30,91282CLD1,TSRYS5850288,D,S,T,2024-08-20,2000000.00,3.787922,102.0390625
08:00:30,91282CLD1,TSRYS5850288,D,S,T,2024-08-20,1000000.00,3.787922,102.0390625
08:00:30,91282CLD1,TSRYS5850288,D,S,T,2024-08-20,1000000.00,3.789197,102.03125
08:00:30,91282CLD1,TSRYS5850288,D,S,T,2024-08-20,1000000.00,3.78856,102.03515625
08:00:30,91282CLD1,TSRYS5850288,D,S,T,2024-08-20,1000000.00,3.787922,102.0390625
08:00:30,91282CLD1,TSRYS5850288,D,S,T,2024-08-20,1000000.00,3.785372,102.0546875
08:00:30,91282CLD1,TSRYS5850288,D,S,T,2024-08-20,1000000.00,3.786647,102.046875
08:00:30,91282CLD1,TSRYS5850288,D,S,T,2024-08-20,1000000.00,3.788241,102.037109375
08:00:30,91282CLD1,TSRYS5850288,D,S,T,2024-08-20,1000000.00,3.789197,102.03125
08:00:30,91282CLD1,TSRYS5850288,D,S,D,2024-08-20,1000000.00,3.787604,102.041015625
08:00:30,91282CLD1,TSRYS5850288,D,S,T,2024-08-20,1000000.00,3.78856,102.03515625
08:00:30,91282CLD1,TSRYS5850288,D,S,D,2024-08-20,1000000.00,3.787604,102.041015625
08:00:30,91282CLD1,TSRYS5850288,D,S,T,2024-08-20,1000000.00,3.787922,102.0390625
08:00:30,91282CLD1,TSRYS5850288,D,S,T,2024-08-20,1000000.00,3.790473,102.0234375
08:00:30,91282CLD1,TSRYS5850288,D,S,D,2024-08-20,1000000.00,3.790154,102.025390625
08:00:30,91282CLD1,TSRYS5850288,D,S,T,2024-08-20,1000000.00,3.790473,102.0234375
08:00:30,91282CLD1,TSRYS5850288,D,S,T,2024-08-20,1000000.00,3.790792,102.021484375
08:00:30,91282CLD1,TSRYS5850288,D,S,D,2024-08-20,1000000.00,3.787922,102.0390625
08:00:30,91282CLD1,TSRYS5850288,D,S,T,2024-08-20,1000000.00,3.789197,102.03125
08:00:30,91282CLD1,TSRYS5850288,D,S,T,2024-08-20,1000000.00,3.790792,102.021484375
08:00:30,91282CLD1,TSRYS5850288,D,S,D,2024-08-20,1000000.00,3.792386,102.01171875
08:00:30,91282CLD1,TSRYS5850288,D,S,T,2024-08-20,1000000.00,3.793024,102.0078125
08:00:30,91282CLD1,TSRYS5850288,D,S,T,2024-08-20,1000000.00,3.794299,102.0
08:00:30,91282CLD1,TSRYS5850288,D,S,T,2024-08-20,1000000.00,3.794618,101.998046875
08:00:30,91282CLD1,TSRYS5850288,D,S,T,2024-08-20,1000000.00,3.795575,101.9921875
08:00:30,91282CLD1,TSRYS5850288,D,S,T,2024-08-20,1000000.00,3.794299,102.0
08:00:30,91282CLD1,TSRYS5850288,D,S,D,2024-08-20,1000000.00,3.794937,101.99609375
08:00:30,91282CLD1,TSRYS5850288,D,S,T,2024-08-20,1000000.00,3.796851,101.984375
08:00:30,91282CLD1,TSRYS5850288,D,S,T,2024-08-20,1000000.00,3.796851,101.984375
08:00:30,91282CLD1,TSRYS5850288,D,S,T,2024-08-20,1000000.00,3.796851,101.984375
08:00:30,91282CLD1,TSRYS5850288,D,S,T,2024-08-20,1000000.00,3.796851,101.984375
08:00:30,91282CLD1,TSRYS5850288,D,S,D,2024-08-20,1000000.00,3.794618,101.998046875
08:00:30,91282CLD1,TSRYS5850288,D,S,T,2024-08-20,1000000.00,3.795575,101.9921875
08:00:30,91282CLD1,TSRYS5850288,D,S,T,2024-08-20,1000000.00,3.796851,101.984375
08:00:30,91282CLD1,TSRYS5850288,D,S,T,2024-08-20,1000000.00,3.796851,101.984375
08:00:30,91282CLD1,TSRYS5850288,D,S,T,2024-08-20,1000000.00,3.799403,101.96875
08:00:30,91282CLD1,TSRYS5850288,D,S,T,2024-08-20,1000000.00,3.799403,101.96875
08:00:30,91282CLD1,TSRYS5850288,D,S,T,2024-08-20,1000000.00,3.799403,101.96875
08:00:30,91282CLD1,TSRYS5850288,D,S,T,2024-08-20,1000000.00,3.799403,101.96875
08:00:30,91282CLD1,TSRYS5850288,D,S,T,2024-08-20,1000000.00,3.801955,101.953125
08:00:30,91282CLD1,TSRYS5850288,D,S,T,2024-08-20,2000000.00,3.803231,101.9453125
08:00:30,91282CLD1,TSRYS5850288,D,S,T,2024-08-20,1000000.00,3.802274,101.951171875
08:00:30,91282CLD1,TSRYS5850288,D,S,T,2024-08-20,1000000.00,3.803231,101.9453125
08:00:30,91282CLD1,TSRYS5850288,D,S,T,2024-08-20,1000000.00,3.801955,101.953125
08:00:30,91282CLD1,TSRYS5850288,D,S,T,2024-08-20,1000000.00,3.803231,101.9453125
08:00:30,91282CLD1,TSRYS5850288,D,S,T,2024-08-20,1000000.00,3.801955,101.953125
08:00:30,91282CLD1,TSRYS5850288,D,S,T,2024-08-20,1000000.00,3.801955,101.953125
08:00:30,91282CLD1,TSRYS5850288,D,S,T,2024-08-20,1000000.00,3.795575,101.9921875
08:00:30,91282CLD1,TSRYS5850288,D,S,T,2024-08-20,1000000.00,3.795575,101.9921875
08:00:30,91282CLD1,TSRYS5850288,D,S,T,2024-08-20,1000000.00,3.795575,101.9921875
08:00:30,91282CLD1,TSRYS5850288,D,S,T,2024-08-20,1000000.00,3.795575,101.9921875
08:00:30,91282CLD1,TSRYS5850288,D,S,T,2024-08-20,1000000.00,3.795575,101.9921875
08:00:30,91282CLD1,TSRYS5850288,D,S,T,2024-08-20,1000000.00,3.795575,101.9921875
08:00:30,91282CLD1,TSRYS5850288,D,S,T,2024-08-20,1000000.00,3.796851,101.984375
08:00:30,91282CLD1,TSRYS5850288,D,S,D,2024-08-20,1000000.00,3.796851,101.984375
08:00:30,91282CLD1,TSRYS5850288,D,S,T,2024-08-20,1000000.00,3.796851,101.984375
08:00:30,91282CLD1,TSRYS5850288,D,S,D,2024-08-20,1000000.00,3.796851,101.984375
08:00:30,91282CLD1,TSRYS5850288,D,S,T,2024-08-20,1000000.00,3.796851,101.984375
08:00:30,91282CLD1,TSRYS5850288,D,S,D,2024-08-20,1000000.00,3.796851,101.984375
08:00:30,91282CLD1,TSRYS5850288,D,S,D,2024-08-20,1000000.00,3.799084,101.970703125
08:00:30,91282CLD1,TSRYS5850288,D,S,T,2024-08-20,1000000.00,3.798446,101.974609375
08:00:30,91282CLD1,TSRYS5850288,D,S,T,2024-08-20,1000000.00,3.799403,101.96875
08:00:30,91282CLD1,TSRYS5850288,D,S,T,2024-08-20,1000000.00,3.800679,101.9609375
08:00:30,91282CLD1,TSRYS5850288,D,S,T,2024-08-20,1000000.00,3.800679,101.9609375
08:00:30,91282CLD1,TSRYS5850288,D,S,T,2024-08-20,1000000.00,3.800679,101.9609375
08:00:30,91282CLD1,TSRYS5850288,D,S,T,2024-08-20,1000000.00,3.799403,101.96875
08:00:30,91282CLD1,TSRYS5850288,D,S,D,2024-08-20,1000000.00,3.799084,101.970703125
08:00:30,91282CLD1,TSRYS5850288,D,S,D,2024-08-20,1000000.00,3.799084,101.970703125
08:00:30,91282CLD1,TSRYS5850288,D,S,D,2024-08-20,1000000.00,3.799084,101.970703125
08:00:30,91282CLD1,TSRYS5850288,D,S,T,2024-08-20,1000000.00,3.799403,101.96875
08:00:30,91282CLD1,TSRYS5850288,D,S,D,2024-08-20,1000000.00,3.799084,101.970703125
08:00:30,91282CLD1,TSRYS5850288,D,S,T,2024-08-20,1000000.00,3.799403,101.96875
08:00:30,91282CLD1,TSRYS5850288,D,S,T,2024-08-20,1000000.00,3.799403,101.96875
08:00:30,91282CLD1,TSRYS5850288,D,S,D,2024-08-20,1000000.00,3.799084,101.970703125
08:00:30,91282CLD1,TSRYS5850288,D,S,D,2024-08-20,1000000.00,3.799084,101.970703125
08:00:30,91282CLD1,TSRYS5850288,D,S,T,2024-08-20,1000000.00,3.799403,101.96875
08:00:30,91282CLD1,TSRYS5850288,D,S,D,2024-08-20,1000000.00,3.799084,101.970703125
08:00:30,91282CLD1,TSRYS5850288,D,S,T,2024-08-20,1000000.00,3.799403,101.96875
08:00:30,91282CLD1,TSRYS5850288,D,S,T,2024-08-20,1000000.00,3.799403,101.96875
08:00:30,91282CLD1,TSRYS5850288,D,S,T,2024-08-20,1000000.00,3.799403,101.96875
08:00:30,91282CLD1,TSRYS5850288,D,S,T,2024-08-20,1000000.00,3.799722,101.966796875
08:00:30,91282CLD1,TSRYS5850288,D,S,T,2024-08-20,1000000.00,3.796851,101.984375
08:00:30,91282CLD1,TSRYS5850288,D,S,D,2024-08-20,1000000.00,3.796532,101.986328125
08:00:30,91282CLD1,TSRYS5850288,D,S,T,2024-08-20,1000000.00,3.796532,101.986328125
08:00:30,91282CLD1,TSRYS5850288,D,S,D,2024-08-20,1000000.00,3.796532,101.986328125
08:00:30,91282CLD1,TSRYS5850288,D,S,T,2024-08-20,1000000.00,3.795894,101.990234375
08:00:30,91282CLD1,TSRYS5850288,D,S,D,2024-08-20,1000000.00,3.796532,101.986328125
08:00:30,91282CLD1,TSRYS5850288,D,S,T,2024-08-20,1000000.00,3.795575,101.9921875
08:00:30,91282CLD1,TSRYS5850288,D,S,D,2024-08-20,1000000.00,3.796532,101.986328125
08:00:30,91282CLD1,TSRYS5850288,D,S,T,2024-08-20,1000000.00,3.796851,101.984375
08:00:30,91282CLD1,TSRYS5850288,D,S,T,2024-08-20,1000000.00,3.794299,102.0
08:00:30,91282CLD1,TSRYS5850288,D,S,T,2024-08-20,1000000.00,3.794299,102.0
08:00:30,91282CLD1,TSRYS5850288,D,S,T,2024-08-20,1000000.00,3.791748,102.015625
08:00:30,91282CLD1,TSRYS5850288,D,S,T,2024-08-20,1000000.00,3.791748,102.015625
08:00:30,91282CLD1,TSRYS5850288,D,S,D,2024-08-20,1000000.00,3.792067,102.013671875
08:00:30,91282CLD1,TSRYS5850288,D,S,T,2024-08-20,1000000.00,3.791748,102.015625
08:00:30,91282CLD1,TSRYS5850288,D,S,T,2024-08-20,1000000.00,3.791748,102.015625
08:00:30,91282CLD1,TSRYS5850288,D,S,D,2024-08-20,1000000.00,3.790473,102.0234375
08:00:30,91282CLD1,TSRYS5850288,D,S,D,2024-08-20,1000000.00,3.794299,102.0
08:00:30,91282CLD1,TSRYS5850288,D,S,T,2024-08-20,1000000.00,3.794299,102.0
08:00:30,91282CLD1,TSRYS5850288,D,S,T,2024-08-20,1000000.00,3.794618,101.998046875
08:00:30,91282CLD1,TSRYS5850288,D,S,T,2024-08-20,1000000.00,3.794299,102.0
08:00:30,91282CLD1,TSRYS5850288,D,S,D,2024-08-20,1000000.00,3.784416,102.060546875
08:00:30,91282CLD1,TSRYS5850288,D,S,D,2024-08-20,1000000.00,3.784416,102.060546875
08:00:30,91282CLD1,TSRYS5850288,D,S,D,2024-08-20,1000000.00,3.784416,102.060546875
08:00:30,91282CLD1,TSRYS5850288,D,S,D,2024-08-20,1000000.00,3.784416,102.060546875
08:00:30,91282CLD1,TSRYS5850288,D,S,D,2024-08-20,1000000.00,3.784416,102.060546875
08:00:30,91282CLD1,TSRYS5850288,D,S,D,2024-08-20,1000000.00,3.784416,102.060546875
08:00:30,91282CLD1,TSRYS5850288,D,S,D,2024-08-20,1000000.00,3.784416,102.060546875
08:00:30,91282CLD1,TSRYS5850288,D,S,D,2024-08-20,1000000.00,3.784416,102.060546875
08:00:30,91282CLD1,TSRYS5850288,D,S,D,2024-08-20,1000000.00,3.784416,102.060546875
08:00:30,91282CLD1,TSRYS5850288,D,S,T,2024-08-20,1000000.00,3.782823,102.0703125
08:00:30,91282CLD1,TSRYS5850288,D,S,D,2024-08-20,1000000.00,3.782186,102.07421875
08:00:30,91282CLD1,TSRYS5850288,D,S,D,2024-08-20,1000000.00,3.782186,102.07421875
08:00:30,91282CLD1,TSRYS5850288,D,S,D,2024-08-20,1000000.00,3.784735,102.05859375
08:00:30,91282CLD1,TSRYS5850288,D,S,T,2024-08-20,1000000.00,3.785372,102.0546875
08:00:30,91282CLD1,TSRYS5850288,D,S,D,2024-08-20,1000000.00,3.782186,102.07421875
08:00:30,91282CLD1,TSRYS5850288,D,S,T,2024-08-20,1000000.00,3.782186,102.07421875
08:00:30,91282CLD1,TSRYS5850288,D,S,D,2024-08-20,1000000.00,3.782186,102.07421875
08:00:30,91282CLD1,TSRYS5850288,D,S,D,2024-08-20,1000000.00,3.782186,102.07421875
08:00:30,91282CLD1,TSRYS5850288,D,S,D,2024-08-20,1000000.00,3.782186,102.07421875
08:00:30,91282CLD1,TSRYS5850288,D,S,D,2024-08-20,1000000.00,3.782186,102.07421875
08:00:30,91282CLD1,TSRYS5850288,D,S,D,2024-08-20,1000000.00,3.782186,102.07421875
08:00:30,91282CLD1,TSRYS5850288,D,S,D,2024-08-20,1000000.00,3.782186,102.07421875
08:00:30,91282CLD1,TSRYS5850288,D,S,D,2024-08-20,1000000.00,3.782186,102.07421875
08:00:30,91282CLD1,TSRYS5850288,D,S,D,2024-08-20,1000000.00,3.782186,102.07421875
08:00:30,91282CLD1,TSRYS5850288,D,S,T,2024-08-20,1000000.00,3.781548,102.078125
08:00:30,91282CLD1,TSRYS5850288,D,S,T,2024-08-20,1000000.00,3.781548,102.078125
08:00:30,91282CLD1,TSRYS5850288,D,S,D,2024-08-20,1000000.00,3.782186,102.07421875
08:00:30,91282CLD1,TSRYS5850288,D,S,T,2024-08-20,1000000.00,3.782823,102.0703125
08:00:30,91282CLD1,TSRYS5850288,D,S,T,2024-08-20,1000000.00,3.782823,102.0703125
08:00:30,91282CLD1,TSRYS5850288,D,S,T,2024-08-20,1000000.00,3.782823,102.0703125
08:00:30,91282CLD1,TSRYS5850288,D,S,T,2024-08-20,1000000.00,3.782823,102.0703125
08:00:30,91282CLD1,TSRYS5850288,D,S,T,2024-08-20,1000000.00,3.782823,102.0703125
08:00:30,91282CLD1,TSRYS5850288,D,S,T,2024-08-20,1000000.00,3.785372,102.0546875
08:00:30,91282CLD1,TSRYS5850288,D,S,T,2024-08-20,1000000.00,3.785372,102.0546875
08:00:30,91282CLD1,TSRYS5850288,D,S,D,2024-08-20,1000000.00,3.784735,102.05859375
08:00:30,91282CLD1,TSRYS5850288,D,S,D,2024-08-20,1000000.00,3.784735,102.05859375
08:00:30,91282CLD1,TSRYS5850288,D,S,D,2024-08-20,1000000.00,3.782186,102.07421875
08:00:30,91282CLD1,TSRYS5850288,D,S,D,2024-08-20,1000000.00,3.782186,102.07421875
08:00:30,91282CLD1,TSRYS5850288,D,S,T,2024-08-20,1000000.00,3.784098,102.0625
08:00:30,91282CLD1,TSRYS5850288,D,S,D,2024-08-20,1000000.00,3.784735,102.05859375
08:00:30,91282CLD1,TSRYS5850288,D,S,D,2024-08-20,1000000.00,3.784735,102.05859375
08:00:30,91282CLD1,TSRYS5850288,D,S,D,2024-08-20,1000000.00,3.782186,102.07421875
08:00:30,91282CLD1,TSRYS5850288,D,S,D,2024-08-20,1000000.00,3.782186,102.07421875
08:00:30,91282CLD1,TSRYS5850288,D,S,D,2024-08-20,1000000.00,3.782186,102.07421875
08:00:30,91282CLD1,TSRYS5850288,D,S,D,2024-08-20,1000000.00,3.782186,102.07421875
08:00:30,91282CLD1,TSRYS5850288,D,S,T,2024-08-20,1000000.00,3.783779,102.064453125
08:00:30,91282CLD1,TSRYS5850288,D,S,T,2024-08-20,1000000.00,3.785372,102.0546875
08:00:30,91282CLD1,TSRYS5850288,D,S,T,2024-08-20,1000000.00,3.785372,102.0546875
08:00:30,91282CLD1,TSRYS5850288,D,S,D,2024-08-20,1000000.00,3.785054,102.056640625
08:00:30,91282CLD1,TSRYS5850288,D,S,D,2024-08-20,1000000.00,3.784735,102.05859375
08:00:30,91282CLD1,TSRYS5850288,D,S,D,2024-08-20,1000000.00,3.784735,102.05859375
08:00:30,91282CLD1,TSRYS5850288,D,S,D,2024-08-20,1000000.00,3.784735,102.05859375
08:00:30,91282CLD1,TSRYS5850288,D,S,D,2024-08-20,1000000.00,3.784735,102.05859375
08:00:30,91282CLD1,TSRYS5850288,D,S,D,2024-08-20,1000000.00,3.782186,102.07421875
08:00:30,91282CLD1,TSRYS5850288,D,S,D,2024-08-20,1000000.00,3.782186,102.07421875
08:00:30,91282CLD1,TSRYS5850288,D,S,D,2024-08-20,1000000.00,3.782504,102.072265625
08:00:30,91282CLD1,TSRYS5850288,D,S,T,2024-08-20,1000000.00,3.781867,102.076171875
08:00:30,91282CLD1,TSRYS5850288,D,S,D,2024-08-20,1000000.00,3.784416,102.060546875
08:00:30,91282CLD1,TSRYS5850288,D,S,T,2024-08-20,1000000.00,3.784735,102.05859375
08:00:30,91282CLD1,TSRYS5850288,D,S,D,2024-08-20,1000000.00,3.784735,102.05859375
08:00:30,91282CLD1,TSRYS5850288,D,S,D,2024-08-20,1000000.00,3.784735,102.05859375
08:00:30,91282CLD1,TSRYS5850288,D,S,T,2024-08-20,1000000.00,3.785054,102.056640625
08:00:30,91282CLD1,TSRYS5850288,D,S,T,2024-08-20,1000000.00,3.784735,102.05859375
08:00:30,91282CLD1,TSRYS5850288,D,S,T,2024-08-20,1000000.00,3.784098,102.0625
08:00:30,91282CLD1,TSRYS5850288,D,S,D,2024-08-20,1000000.00,3.782504,102.072265625
08:00:30,91282CLD1,TSRYS5850288,D,S,D,2024-08-20,1000000.00,3.782504,102.072265625
08:00:30,91282CLD1,TSRYS5850288,D,S,T,2024-08-20,1000000.00,3.781548,102.078125
08:00:30,91282CLD1,TSRYS5850288,D,S,T,2024-08-20,1000000.00,3.781548,102.078125
08:00:30,91282CLD1,TSRYS5850288,D,S,D,2024-08-20,1000000.00,3.782823,102.0703125
08:00:30,91282CLD1,TSRYS5850288,D,S,D,2024-08-20,1000000.00,3.782823,102.0703125
08:00:30,91282CLD1,TSRYS5850288,D,S,T,2024-08-20,1000000.00,3.782823,102.0703125
08:00:30,91282CLD1,TSRYS5850288,D,S,T,2024-08-20,1000000.00,3.782504,102.072265625
08:00:30,91282CLD1,TSRYS5850288,D,S,D,2024-08-20,1000000.00,3.782504,102.072265625
08:00:30,91282CLD1,TSRYS5850288,D,S,T,2024-08-20,1000000.00,3.782823,102.0703125
08:00:31,91282CLD1,TSRYS5850288,D,S,T,2024-08-20,1000000.00,3.781548,102.078125
08:00:31,91282CLD1,TSRYS5850288,D,S,T,2024-08-20,1000000.00,3.779,102.09375
08:00:31,91282CLD1,TSRYS5850288,D,S,D,2024-08-20,1000000.00,3.779,102.09375
08:00:31,91282CLD1,TSRYS5850288,D,S,T,2024-08-20,1000000.00,3.777725,102.1015625
08:00:31,91282CLD1,TSRYS5850288,D,S,T,2024-08-20,1000000.00,3.777725,102.1015625
08:00:31,91282CLD1,TSRYS5850288,D,S,T,2024-08-20,1000000.00,3.777725,102.1015625
08:00:31,91282CLD1,TSRYS5850288,D,S,T,2024-08-20,1000000.00,3.776451,102.109375
08:00:31,91282CLD1,TSRYS5850288,D,S,T,2024-08-20,1000000.00,3.777725,102.1015625
08:00:31,91282CLD1,TSRYS5850288,D,S,T,2024-08-20,1000000.00,3.777725,102.1015625
08:00:31,91282CLD1,TSRYS5850288,D,S,T,2024-08-20,2000000.00,3.777725,102.1015625
08:00:31,91282CLD1,TSRYS5850288,D,S,T,2024-08-20,1000000.00,3.779,102.09375
08:00:31,91282CLD1,TSRYS5850288,D,S,T,2024-08-20,1000000.00,3.782504,102.072265625
08:00:31,91282CLD1,TSRYS5850288,D,S,T,2024-08-20,1000000.00,3.78601,102.05078125
08:00:31,91282CLD1,TSRYS5850288,D,S,T,2024-08-20,1000000.00,3.78601,102.05078125
08:00:31,91282CLD1,TSRYS5850288,D,S,T,2024-08-20,1000000.00,3.78601,102.05078125
08:00:31,91282CLD1,TSRYS5850288,D,S,T,2024-08-20,1000000.00,3.78601,102.05078125
08:00:31,91282CLD1,TSRYS5850288,D,S,T,2024-08-20,1000000.00,3.782504,102.072265625
08:00:31,91282CLD1,TSRYS5850288,D,S,T,2024-08-20,1000000.00,3.782823,102.0703125
08:00:31,91282CLD1,TSRYS5850288,D,S,D,2024-08-20,1000000.00,3.782504,102.072265625
08:00:31,91282CLD1,TSRYS5850288,D,S,D,2024-08-20,1000000.00,3.782504,102.072265625
08:00:31,91282CLD1,TSRYS5850288,D,S,D,2024-08-20,1000000.00,3.782504,102.072265625
08:00:31,91282CLD1,TSRYS5850288,D,S,T,2024-08-20,1000000.00,3.782823,102.0703125
08:00:31,91282CLD1,TSRYS5850288,D,S,T,2024-08-20,1000000.00,3.782823,102.0703125
08:00:31,91282CLD1,TSRYS5850288,D,S,T,2024-08-20,1000000.00,3.782823,102.0703125
08:00:31,91282CLD1,TSRYS5850288,D,S,T,2024-08-20,1000000.00,3.782823,102.0703125
08:00:31,91282CLD1,TSRYS5850288,D,S,T,2024-08-20,1000000.00,3.782823,102.0703125
08:00:31,91282CLD1,TSRYS5850288,D,S,T,2024-08-20,1000000.00,3.782823,102.0703125
08:00:31,91282CLD1,TSRYS5850288,D,S,T,2024-08-20,1000000.00,3.782823,102.0703125
08:00:31,91282CLD1,TSRYS5850288,D,S,T,2024-08-20,1000000.00,3.785054,102.056640625
08:00:31,91282CLD1,TSRYS5850288,D,S,T,2024-08-20,1000000.00,3.786647,102.046875
08:00:31,91282CLD1,TSRYS5850288,D,S,D,2024-08-20,2000000.00,3.785372,102.0546875
08:00:31,91282CLD1,TSRYS5850288,D,S,D,2024-08-20,1000000.00,3.785054,102.056640625
08:00:31,91282CLD1,TSRYS5850288,D,S,D,2024-08-20,1000000.00,3.787604,102.041015625
08:00:31,91282CLD1,TSRYS5850288,D,S,D,2024-08-20,1000000.00,3.787604,102.041015625
08:00:31,91282CLD1,TSRYS5850288,D,S,D,2024-08-20,1000000.00,3.789835,102.02734375
08:00:31,91282CLD1,TSRYS5850288,D,S,T,2024-08-20,1000000.00,3.789835,102.02734375
08:00:31,91282CLD1,TSRYS5850288,D,S,D,2024-08-20,1000000.00,3.78601,102.05078125
08:00:31,91282CLD1,TSRYS5850288,D,S,D,2024-08-20,1000000.00,3.787285,102.04296875
08:00:31,91282CLD1,TSRYS5850288,D,S,D,2024-08-20,1000000.00,3.785054,102.056640625
08:00:31,91282CLD1,TSRYS5850288,D,S,D,2024-08-20,1000000.00,3.785054,102.056640625
08:00:31,91282CLD1,TSRYS5850288,D,S,T,2024-08-20,1000000.00,3.787922,102.0390625
08:00:31,91282CLD1,TSRYS5850288,D,S,T,2024-08-20,1000000.00,3.788879,102.033203125
08:00:31,91282CLD1,TSRYS5850288,D,S,T,2024-08-20,1000000.00,3.787922,102.0390625
08:00:31,91282CLD1,TSRYS5850288,D,S,D,2024-08-20,1000000.00,3.788241,102.037109375
08:00:31,91282CLD1,TSRYS5850288,D,S,T,2024-08-20,1000000.00,3.786647,102.046875
08:00:31,91282CLD1,TSRYS5850288,D,S,D,2024-08-20,1000000.00,3.787285,102.04296875
08:00:31,91282CLD1,TSRYS5850288,D,S,D,2024-08-20,1000000.00,3.787285,102.04296875
08:00:31,91282CLD1,TSRYS5850288,D,S,D,2024-08-20,1000000.00,3.787604,102.041015625
08:00:31,91282CLD1,TSRYS5850288,D,S,D,2024-08-20,1000000.00,3.788241,102.037109375
08:00:31,91282CLD1,TSRYS5850288,D,S,D,2024-08-20,1000000.00,3.788241,102.037109375
08:00:31,91282CLD1,TSRYS5850288,D,S,D,2024-08-20,1000000.00,3.787285,102.04296875
08:00:31,91282CLD1,TSRYS5850288,D,S,T,2024-08-20,1000000.00,3.787285,102.04296875
08:00:31,91282CLD1,TSRYS5850288,D,S,T,2024-08-20,1000000.00,3.787922,102.0390625
08:00:31,91282CLD1,TSRYS5850288,D,S,T,2024-08-20,1000000.00,3.790473,102.0234375
08:00:31,91282CLD1,TSRYS5850288,D,S,T,2024-08-20,1000000.00,3.790473,102.0234375
08:00:31,91282CLD1,TSRYS5850288,D,S,T,2024-08-20,1000000.00,3.790473,102.0234375
08:00:31,91282CLD1,TSRYS5850288,D,S,D,2024-08-20,1000000.00,3.792705,102.009765625
08:00:31,91282CLD1,TSRYS5850288,D,S,T,2024-08-20,1000000.00,3.791748,102.015625
08:00:31,91282CLD1,TSRYS5850288,D,S,D,2024-08-20,1000000.00,3.792705,102.009765625
08:00:31,91282CLD1,TSRYS5850288,D,S,D,2024-08-20,1000000.00,3.792705,102.009765625
08:00:31,91282CLD1,TSRYS5850288,D,S,T,2024-08-20,1000000.00,3.793024,102.0078125
08:00:31,91282CLD1,TSRYS5850288,D,S,T,2024-08-20,1000000.00,3.793024,102.0078125
08:00:31,91282CLD1,TSRYS5850288,D,S,D,2024-08-20,1000000.00,3.785372,102.0546875
08:00:31,91282CLD1,TSRYS5850288,D,S,D,2024-08-20,1000000.00,3.785372,102.0546875
08:00:31,91282CLD1,TSRYS5850288,D,S,T,2024-08-20,1000000.00,3.784098,102.0625
08:00:31,91282CLD1,TSRYS5850288,D,S,T,2024-08-20,1000000.00,3.782823,102.0703125
08:00:31,91282CLD1,TSRYS5850288,D,S,T,2024-08-20,1000000.00,3.781548,102.078125
08:00:31,91282CLD1,TSRYS5850288,D,S,T,2024-08-20,1000000.00,3.780274,102.0859375
08:00:31,91282CLD1,TSRYS5850288,D,S,T,2024-08-20,1000000.00,3.780592,102.083984375
08:00:31,91282CLD1,TSRYS5850288,D,S,T,2024-08-20,1000000.00,3.780592,102.083984375
08:00:31,91282CLD1,TSRYS5850288,D,S,T,2024-08-20,1000000.00,3.780274,102.0859375
08:00:31,91282CLD1,TSRYS5850288,D,S,T,2024-08-20,1000000.00,3.781548,102.078125
08:00:31,91282CLD1,TSRYS5850288,D,S,T,2024-08-20,1000000.00,3.781867,102.076171875
08:00:31,91282CLD1,TSRYS5850288,D,S,T,2024-08-20,1000000.00,3.781548,102.078125
08:00:31,91282CLD1,TSRYS5850288,D,S,T,2024-08-20,1000000.00,3.781548,102.078125
08:00:31,91282CLD1,TSRYS5850288,D,S,T,2024-08-20,1000000.00,3.781548,102.078125
08:00:31,91282CLD1,TSRYS5850288,D,S,T,2024-08-20,1000000.00,3.781548,102.078125
08:00:31,91282CLD1,TSRYS5850288,D,S,T,2024-08-20,1000000.00,3.781548,102.078125
08:00:31,91282CLD1,TSRYS5850288,D,S,T,2024-08-20,1000000.00,3.781548,102.078125
08:00:31,91282CLD1,TSRYS5850288,D,S,T,2024-08-20,1000000.00,3.781548,102.078125
08:00:31,91282CLD1,TSRYS5850288,D,S,T,2024-08-20,1000000.00,3.781548,102.078125
08:00:31,91282CLD1,TSRYS5850288,D,S,T,2024-08-20,1000000.00,3.782823,102.0703125
08:00:31,91282CLD1,TSRYS5850288,D,S,T,2024-08-20,1000000.00,3.782823,102.0703125
08:00:31,91282CLD1,TSRYS5850288,D,S,T,2024-08-20,1000000.00,3.780911,102.08203125
08:00:31,91282CLD1,TSRYS5850288,D,S,D,2024-08-20,1000000.00,3.78123,102.080078125
08:00:31,91282CLD1,TSRYS5850288,D,S,T,2024-08-20,1000000.00,3.780592,102.083984375
08:00:31,91282CLD1,TSRYS5850288,D,S,T,2024-08-20,1000000.00,3.780592,102.083984375
08:00:31,91282CLD1,TSRYS5850288,D,S,D,2024-08-20,1000000.00,3.78123,102.080078125
08:00:31,91282CLD1,TSRYS5850288,D,S,D,2024-08-20,1000000.00,3.779,102.09375
08:00:31,91282CLD1,TSRYS5850288,D,S,D,2024-08-20,1000000.00,3.789197,102.03125
08:00:31,91282CLD1,TSRYS5850288,D,S,D,2024-08-20,1000000.00,3.787604,102.041015625
08:00:31,91282CLD1,TSRYS5850288,D,S,D,2024-08-20,1000000.00,3.789197,102.03125
08:00:31,91282CLD1,TSRYS5850288,D,S,D,2024-08-20,1000000.00,3.793024,102.0078125
08:00:31,91282CLD1,TSRYS5850288,D,S,D,2024-08-20,1000000.00,3.795256,101.994140625
08:00:31,91282CLD1,TSRYS5850288,D,S,D,2024-08-20,1000000.00,3.795256,101.994140625
08:00:31,91282CLD1,TSRYS5850288,D,S,D,2024-08-20,1000000.00,3.801955,101.953125
08:00:31,91282CLD1,TSRYS5850288,D,S,D,2024-08-20,1000000.00,3.800679,101.9609375
08:00:31,91282CLD1,TSRYS5850288,D,S,D,2024-08-20,1000000.00,3.796851,101.984375
08:00:31,91282CLD1,TSRYS5850288,D,S,D,2024-08-20,1000000.00,3.801636,101.955078125
08:00:31,91282CLD1,TSRYS5850288,D,S,D,2024-08-20,1000000.00,3.796851,101.984375
08:00:31,91282CLD1,TSRYS5850288,D,S,D,2024-08-20,1000000.00,3.795894,101.990234375
08:00:31,91282CLD1,TSRYS5850288,D,S,D,2024-08-20,1000000.00,3.796851,101.984375
08:00:31,91282CLD1,TSRYS5850288,D,S,D,2024-08-20,1000000.00,3.796851,101.984375
08:00:31,91282CLD1,TSRYS5850288,D,S,D,2024-08-20,1000000.00,3.796851,101.984375
08:00:31,91282CLD1,TSRYS5850288,D,S,D,2024-08-20,1000000.00,3.796532,101.986328125
08:00:31,91282CLD1,TSRYS5850288,D,S,D,2024-08-20,1000000.00,3.796851,101.984375
08:00:31,91282CLD1,TSRYS5850288,D,S,D,2024-08-20,1000000.00,3.790792,102.021484375
08:00:31,91282CLD1,TSRYS5850288,D,S,D,2024-08-20,1000000.00,3.794299,102.0
08:00:31,91282CLD1,TSRYS5850288,D,S,D,2024-08-20,1000000.00,3.794299,102.0
08:00:31,91282CLD1,TSRYS5850288,D,S,D,2024-08-20,1000000.00,3.784416,102.060546875
08:00:31,91282CLD1,TSRYS5850288,D,S,D,2024-08-20,1000000.00,3.784416,102.060546875
08:00:31,91282CLD1,TSRYS5850288,D,S,D,2024-08-20,1000000.00,3.782186,102.07421875
08:00:31,91282CLD1,TSRYS5850288,D,S,D,2024-08-20,1000000.00,3.784735,102.05859375
08:00:31,91282CLD1,TSRYS5850288,D,S,D,2024-08-20,1000000.00,3.784735,102.05859375
08:00:31,91282CLD1,TSRYS5850288,D,S,D,2024-08-20,1000000.00,3.784735,102.05859375
08:00:31,91282CLD1,TSRYS5850288,D,S,D,2024-08-20,1000000.00,3.784735,102.05859375
08:00:31,91282CLD1,TSRYS5850288,D,S,D,2024-08-20,1000000.00,3.782186,102.07421875
08:00:31,91282CLD1,TSRYS5850288,D,S,D,2024-08-20,1000000.00,3.782186,102.07421875
08:00:31,91282CLD1,TSRYS5850288,D,S,D,2024-08-20,1000000.00,3.782186,102.07421875
08:00:31,91282CLD1,TSRYS5850288,D,S,D,2024-08-20,1000000.00,3.782186,102.07421875
08:00:31,91282CLD1,TSRYS5850288,D,S,D,2024-08-20,1000000.00,3.784735,102.05859375
08:00:31,91282CLD1,TSRYS5850288,D,S,D,2024-08-20,1000000.00,3.784735,102.05859375
08:00:31,91282CLD1,TSRYS5850288,D,S,D,2024-08-20,1000000.00,3.784735,102.05859375
08:00:31,91282CLD1,TSRYS5850288,D,S,D,2024-08-20,1000000.00,3.784735,102.05859375
08:00:31,91282CLD1,TSRYS5850288,D,S,D,2024-08-20,1000000.00,3.784735,102.05859375
08:00:31,91282CLD1,TSRYS5850288,D,S,D,2024-08-20,1000000.00,3.784735,102.05859375
08:00:31,91282CLD1,TSRYS5850288,D,S,D,2024-08-20,1000000.00,3.784735,102.05859375
08:00:31,91282CLD1,TSRYS5850288,D,S,D,2024-08-20,1000000.00,3.784735,102.05859375
08:00:31,91282CLD1,TSRYS5850288,D,S,D,2024-08-20,1000000.00,3.784735,102.05859375
08:00:31,91282CLD1,TSRYS5850288,D,S,D,2024-08-20,1000000.00,3.784735,102.05859375
08:00:31,91282CLD1,TSRYS5850288,D,S,D,2024-08-20,1000000.00,3.784735,102.05859375
08:00:31,91282CLD1,TSRYS5850288,D,S,D,2024-08-20,1000000.00,3.784416,102.060546875
08:00:31,91282CLD1,TSRYS5850288,D,S,D,2024-08-20,1000000.00,3.780592,102.083984375
08:00:31,91282CLD1,TSRYS5850288,D,S,D,2024-08-20,1000000.00,3.782823,102.0703125
08:00:31,91282CLD1,TSRYS5850288,D,S,D,2024-08-20,1000000.00,3.782504,102.072265625
08:00:31,91282CLD1,TSRYS5850288,D,S,D,2024-08-20,1000000.00,3.78123,102.080078125
08:00:31,91282CLD1,TSRYS5850288,D,S,D,2024-08-20,1000000.00,3.777725,102.1015625
08:00:31,91282CLD1,TSRYS5850288,D,S,D,2024-08-20,1000000.00,3.777725,102.1015625
08:00:31,91282CLD1,TSRYS5850288,D,S,D,2024-08-20,1000000.00,3.777725,102.1015625
08:00:31,91282CLD1,TSRYS5850288,D,S,D,2024-08-20,1000000.00,3.777725,102.1015625
08:00:31,91282CLD1,TSRYS5850288,D,S,D,2024-08-20,1000000.00,3.777725,102.1015625
08:00:31,91282CLD1,TSRYS5850288,D,S,D,2024-08-20,1000000.00,3.779955,102.087890625
08:00:31,91282CLD1,TSRYS5850288,D,S,D,2024-08-20,1000000.00,3.779955,102.087890625
08:00:31,91282CLD1,TSRYS5850288,D,S,D,2024-08-20,1000000.00,3.783142,102.068359375
08:00:31,91282CLD1,TSRYS5850288,D,S,D,2024-08-20,1000000.00,3.789197,102.03125
08:00:31,91282CLD1,TSRYS5850288,D,S,D,2024-08-20,1000000.00,3.794937,101.99609375
08:00:31,91282CLD1,TSRYS5850288,D,S,D,2024-08-20,1000000.00,3.795575,101.9921875
08:00:31,91282CLD1,TSRYS5850288,D,S,D,2024-08-20,1000000.00,3.796851,101.984375
08:00:31,91282CLD1,TSRYS5850288,D,S,D,2024-08-20,1000000.00,3.782504,102.072265625
08:00:31,91282CLD1,TSRYS5850288,D,S,D,2024-08-20,1000000.00,3.785054,102.056640625
08:00:31,91282CLD1,TSRYS5850288,D,S,D,2024-08-20,1000000.00,3.790473,102.0234375
08:00:31,91282CLD1,TSRYS5850288,D,S,D,2024-08-20,1000000.00,3.790154,102.025390625
08:00:31,91282CLD1,TSRYS5850288,D,S,D,2024-08-20,1000000.00,3.788879,102.033203125
08:00:31,91282CLD1,TSRYS5850288,D,S,D,2024-08-20,1000000.00,3.78856,102.03515625
08:00:31,91282CLD1,TSRYS5850288,D,S,D,2024-08-20,1000000.00,3.793342,102.005859375
08:00:31,91282CLD1,TSRYS5850288,D,S,D,2024-08-20,1000000.00,3.785054,102.056640625
08:00:31,91282CLD1,TSRYS5850288,D,S,D,2024-08-20,1000000.00,3.785054,102.056640625
08:00:31,91282CLD1,TSRYS5850288,D,S,D,2024-08-20,1000000.00,3.784098,102.0625
08:00:31,91282CLD1,TSRYS5850288,D,S,D,2024-08-20,1000000.00,3.779,102.09375
08:00:31,91282CLD1,TSRYS5850288,D,S,D,2024-08-20,1000000.00,3.778044,102.099609375
08:00:31,91282CLD1,TSRYS5850288,D,S,D,2024-08-20,1000000.00,3.781548,102.078125
08:00:31,91282CLD1,TSRYS5850288,D,S,D,2024-08-20,1000000.00,3.801955,101.953125
08:00:31,91282CLD1,TSRYS5850288,D,S,D,2024-08-20,2000000.00,3.800679,101.9609375
08:00:31,91282CLD1,TSRYS5850288,D,S,D,2024-08-20,1000000.00,3.801955,101.953125
08:00:31,91282CLD1,TSRYS5850288,D,S,D,2024-08-20,1000000.00,3.79717,101.982421875
08:00:31,91282CLD1,TSRYS5850288,D,S,D,2024-08-20,1000000.00,3.79717,101.982421875
08:00:31,91282CLD1,TSRYS5850288,D,S,D,2024-08-20,4000000.00,3.796213,101.98828125
08:00:31,91282CLD1,TSRYS5850288,D,S,D,2024-08-20,1000000.00,3.796213,101.98828125
08:00:31,91282CLD1,TSRYS5850288,D,S,D,2024-08-20,1000000.00,3.796213,101.98828125
08:00:31,91282CLD1,TSRYS5850288,D,S,D,2024-08-20,1000000.00,3.796213,101.98828125
08:00:31,91282CLD1,TSRYS5850288,D,S,D,2024-08-20,1000000.00,3.796213,101.98828125
08:00:31,91282CLD1,TSRYS5850288,D,S,D,2024-08-20,1000000.00,3.796213,101.98828125
08:00:31,91282CLD1,TSRYS5850288,D,S,D,2024-08-20,1000000.00,3.796213,101.98828125
08:00:31,91282CLD1,TSRYS5850288,D,S,D,2024-08-20,1000000.00,3.796213,101.98828125
08:00:31,91282CLD1,TSRYS5850288,D,S,D,2024-08-20,1000000.00,3.796213,101.98828125
08:00:31,91282CLD1,TSRYS5850288,D,S,D,2024-08-20,1000000.00,3.796213,101.98828125
08:00:31,91282CLD1,TSRYS5850288,D,S,D,2024-08-20,1000000.00,3.796851,101.984375
08:00:31,91282CLD1,TSRYS5850288,D,S,D,2024-08-20,2000000.00,3.796851,101.984375
08:00:31,91282CLD1,TSRYS5850288,D,S,D,2024-08-20,1000000.00,3.796851,101.984375
08:00:31,91282CLD1,TSRYS5850288,D,S,D,2024-08-20,1000000.00,3.796851,101.984375
08:00:31,91282CLD1,TSRYS5850288,D,S,D,2024-08-20,1000000.00,3.796851,101.984375
08:00:31,91282CLD1,TSRYS5850288,D,S,D,2024-08-20,1000000.00,3.796851,101.984375
08:00:31,91282CLD1,TSRYS5850288,D,S,D,2024-08-20,1000000.00,3.796851,101.984375
08:00:31,91282CLD1,TSRYS5850288,D,S,D,2024-08-20,1000000.00,3.796851,101.984375
08:00:31,91282CLD1,TSRYS5850288,D,S,D,2024-08-20,1000000.00,3.796851,101.984375
08:00:31,91282CLD1,TSRYS5850288,D,S,D,2024-08-20,1000000.00,3.796851,101.984375
08:00:31,91282CLD1,TSRYS5850288,D,S,D,2024-08-20,1000000.00,3.796851,101.984375
08:00:31,91282CLD1,TSRYS5850288,D,S,D,2024-08-20,1000000.00,3.796851,101.984375
08:00:31,91282CLD1,TSRYS5850288,D,S,D,2024-08-20,1000000.00,3.796851,101.984375
08:00:31,91282CLD1,TSRYS5850288,D,S,D,2024-08-20,1000000.00,3.796851,101.984375
08:00:31,91282CLD1,TSRYS5850288,D,S,D,2024-08-20,1000000.00,3.796851,101.984375
08:00:31,91282CLD1,TSRYS5850288,D,S,D,2024-08-20,1000000.00,3.796851,101.984375
08:00:31,91282CLD1,TSRYS5850288,D,S,D,2024-08-20,1000000.00,3.796851,101.984375
08:00:31,91282CLD1,TSRYS5850288,D,S,D,2024-08-20,1000000.00,3.796851,101.984375
08:00:31,91282CLD1,TSRYS5850288,D,S,D,2024-08-20,1000000.00,3.796851,101.984375
08:00:31,91282CLD1,TSRYS5850288,D,S,D,2024-08-20,1000000.00,3.796851,101.984375
08:00:31,91282CLD1,TSRYS5850288,D,S,D,2024-08-20,1000000.00,3.796851,101.984375
08:00:31,91282CLD1,TSRYS5850288,D,S,D,2024-08-20,1000000.00,3.796851,101.984375
08:00:31,91282CLD1,TSRYS5850288,D,S,D,2024-08-20,1000000.00,3.796851,101.984375
08:00:31,91282CLD1,TSRYS5850288,D,S,D,2024-08-20,2000000.00,3.794299,102.0
08:00:31,91282CLD1,TSRYS5850288,D,S,D,2024-08-20,3000000.00,3.794299,102.0
08:00:31,91282CLD1,TSRYS5850288,D,S,D,2024-08-20,1000000.00,3.790792,102.021484375
08:00:31,91282CLD1,TSRYS5850288,D,S,D,2024-08-20,2000000.00,3.793024,102.0078125
08:00:31,91282CLD1,TSRYS5850288,D,S,D,2024-08-20,2000000.00,3.793024,102.0078125
08:00:31,91282CLD1,TSRYS5850288,D,S,D,2024-08-20,1000000.00,3.793024,102.0078125
08:00:31,91282CLD1,TSRYS5850288,D,S,D,2024-08-20,2000000.00,3.793024,102.0078125
08:00:31,91282CLD1,TSRYS5850288,D,S,D,2024-08-20,2000000.00,3.793024,102.0078125
08:00:31,91282CLD1,TSRYS5850288,D,S,D,2024-08-20,1000000.00,3.793024,102.0078125
08:00:31,91282CLD1,TSRYS5850288,D,S,D,2024-08-20,1000000.00,3.794299,102.0
08:00:31,91282CLD1,TSRYS5850288,D,S,D,2024-08-20,2000000.00,3.794299,102.0
08:00:31,91282CLD1,TSRYS5850288,D,S,D,2024-08-20,1000000.00,3.794299,102.0
08:00:31,91282CLD1,TSRYS5850288,D,S,D,2024-08-20,1000000.00,3.794299,102.0
08:00:31,91282CLD1,TSRYS5850288,D,S,D,2024-08-20,1000000.00,3.794299,102.0
08:00:31,91282CLD1,TSRYS5850288,D,S,D,2024-08-20,1000000.00,3.794299,102.0
08:00:31,91282CLD1,TSRYS5850288,D,S,D,2024-08-20,1000000.00,3.794299,102.0
08:00:31,91282CLD1,TSRYS5850288,D,S,D,2024-08-20,1000000.00,3.794299,102.0
08:00:31,91282CLD1,TSRYS5850288,D,S,D,2024-08-20,1000000.00,3.794299,102.0
08:00:31,91282CLD1,TSRYS5850288,D,S,D,2024-08-20,1000000.00,3.794299,102.0
08:00:31,91282CLD1,TSRYS5850288,D,S,D,2024-08-20,1000000.00,3.794299,102.0
08:00:31,91282CLD1,TSRYS5850288,D,S,D,2024-08-20,2000000.00,3.801007,101.95893
08:00:31,91282CLD1,TSRYS5850288,D,S,A,2024-08-20,5500000.00,3.796213,101.98828125
08:00:31,91282CLD1,TSRYS5850288,D,S,T,2024-08-20,1000000.00,3.796851,101.984375
08:00:31,91282CLD1,TSRYS5850288,D,S,D,2024-08-20,2000000.00,3.794299,102.0
08:00:31,91282CLD1,TSRYS5850288,D,S,D,2024-08-20,1000000.00,3.794299,102.0
08:00:31,91282CLD1,TSRYS5850288,D,S,D,2024-08-20,1000000.00,3.794299,102.0
08:00:31,91282CLD1,TSRYS5850288,D,S,D,2024-08-20,1000000.00,3.794299,102.0
08:00:31,91282CLD1,TSRYS5850288,D,S,D,2024-08-20,1000000.00,3.794299,102.0
08:00:31,91282CLD1,TSRYS5850288,D,S,D,2024-08-20,1000000.00,3.794299,102.0
08:00:31,91282CLD1,TSRYS5850288,D,S,D,2024-08-20,1000000.00,3.794299,102.0
08:00:31,91282CLD1,TSRYS5850288,D,S,D,2024-08-20,1000000.00,3.794299,102.0
08:00:31,91282CLD1,TSRYS5850288,D,S,D,2024-08-20,1000000.00,3.794299,102.0
08:00:31,91282CLD1,TSRYS5850288,D,S,D,2024-08-20,1000000.00,3.794299,102.0
08:00:31,91282CLD1,TSRYS5850288,D,S,D,2024-08-20,1000000.00,3.795575,101.9921875
08:00:31,91282CLD1,TSRYS5850288,D,S,D,2024-08-20,2000000.00,3.795575,101.9921875
08:00:31,91282CLD1,TSRYS5850288,D,S,D,2024-08-20,2000000.00,3.795575,101.9921875
08:00:31,91282CLD1,TSRYS5850288,D,S,D,2024-08-20,1000000.00,3.795575,101.9921875
08:00:31,91282CLD1,TSRYS5850288,D,S,D,2024-08-20,1000000.00,3.795575,101.9921875
08:00:31,91282CLD1,TSRYS5850288,D,S,D,2024-08-20,1000000.00,3.785054,102.056640625
08:00:31,91282CLD1,TSRYS5850288,D,S,D,2024-08-20,1000000.00,3.785372,102.0546875
08:00:31,91282CLD1,TSRYS5850288,D,S,D,2024-08-20,1000000.00,3.785372,102.0546875
08:00:31,91282CLD1,TSRYS5850288,D,S,D,2024-08-20,1000000.00,3.781867,102.076171875
08:00:31,91282CLD1,TSRYS5850288,D,S,D,2024-08-20,1000000.00,3.781867,102.076171875
08:00:31,91282CLD1,TSRYS5850288,D,S,D,2024-08-20,1000000.00,3.782186,102.07421875
08:00:31,91282CLD1,TSRYS5850288,D,S,D,2024-08-20,2000000.00,3.782186,102.07421875
08:00:31,91282CLD1,TSRYS5850288,D,S,D,2024-08-20,1000000.00,3.782186,102.07421875
08:00:31,91282CLD1,TSRYS5850288,D,S,T,2024-08-20,1000000.00,3.790473,102.0234375
08:00:31,91282CLD1,TSRYS5850288,D,S,T,2024-08-20,1000000.00,3.794299,102.0
08:00:31,91282CLD1,TSRYS5850288,D,S,T,2024-08-20,1000000.00,3.794299,102.0
08:00:31,91282CLD1,TSRYS5850288,D,S,D,2024-08-20,1000000.00,3.778362,102.09765625
08:00:31,91282CLD1,TSRYS5850288,D,S,D,2024-08-20,1000000.00,3.778362,102.09765625
08:00:31,91282CLD1,TSRYS5850288,D,S,D,2024-08-20,1000000.00,3.792705,102.009765625
08:00:31,91282CLD1,TSRYS5850288,D,S,D,2024-08-20,1000000.00,3.792705,102.009765625
08:00:31,91282CLD1,TSRYS5850288,D,S,D,2024-08-20,1000000.00,3.792705,102.009765625
08:00:31,91282CLD1,TSRYS5850288,D,S,D,2024-08-20,1000000.00,3.792705,102.009765625
08:00:31,91282CLD1,TSRYS5850288,D,S,D,2024-08-20,1000000.00,3.792705,102.009765625
08:00:31,91282CLD1,TSRYS5850288,D,S,D,2024-08-20,2000000.00,3.785372,102.0546875
08:00:31,91282CLD1,TSRYS5850288,D,S,D,2024-08-20,2000000.00,3.785372,102.0546875
08:00:31,91282CLD1,TSRYS5850288,D,S,D,2024-08-20,1000000.00,3.782823,102.0703125
08:00:31,91282CLD1,TSRYS5850288,D,S,D,2024-08-20,1000000.00,3.785372,102.0546875
08:00:31,91282CLD1,TSRYS5850288,D,S,D,2024-08-20,1000000.00,3.785054,102.056640625
08:00:31,91282CLD1,TSRYS5850288,D,S,D,2024-08-20,1000000.00,3.785372,102.0546875
08:00:31,91282CLD1,TSRYS5850288,D,S,D,2024-08-20,1000000.00,3.785372,102.0546875
08:00:31,91282CLD1,TSRYS5850288,D,S,D,2024-08-20,1000000.00,3.785054,102.056640625
08:00:31,91282CLD1,TSRYS5850288,D,S,D,2024-08-20,1000000.00,3.785054,102.056640625
08:00:31,91282CLD1,TSRYS5850288,D,S,D,2024-08-20,1000000.00,3.785054,102.056640625
08:00:31,91282CLD1,TSRYS5850288,D,S,D,2024-08-20,1000000.00,3.785054,102.056640625
08:00:31,91282CLD1,TSRYS5850288,D,S,D,2024-08-20,1000000.00,3.783142,102.068359375
08:00:31,91282CLD1,TSRYS5850288,D,S,D,2024-08-20,1000000.00,3.783142,102.068359375
08:00:31,91282CLD1,TSRYS5850288,D,S,T,2024-08-20,1000000.00,3.79717,101.982421875
08:00:32,91282CLD1,TSRYS5850288,D,S,T,2024-08-20,1000000.00,3.788241,102.037109375
08:00:32,91282CLD1,TSRYS5850288,D,S,T,2024-08-20,1000000.00,3.787922,102.0390625
08:00:32,91282CLD1,TSRYS5850288,D,S,T,2024-08-20,1000000.00,3.790792,102.021484375
08:00:32,91282CLD1,TSRYS5850288,D,S,T,2024-08-20,1000000.00,3.790792,102.021484375
08:00:32,91282CLD1,TSRYS5850288,D,S,D,2024-08-20,1000000.00,3.793024,102.0078125
08:00:32,91282CLD1,TSRYS5850288,D,S,T,2024-08-20,1000000.00,3.797489,101.98046875
08:00:32,91282CLD1,TSRYS5850288,D,S,T,2024-08-20,1000000.00,3.795256,101.994140625
08:00:32,91282CLD1,TSRYS5850288,D,S,T,2024-08-20,1000000.00,3.802912,101.947265625
08:00:32,91282CLD1,TSRYS5850288,D,S,T,2024-08-20,1000000.00,3.782823,102.0703125
08:00:32,91282CLD1,TSRYS5850288,D,B,C,2024-08-20,610000.00,3.779,102.09375
08:00:32,91282CLD1,TSRYS5850288,D,S,T,2024-08-20,1000000.00,3.781548,102.078125
08:00:32,91282CLD1,TSRYS5850288,D,S,T,2024-08-20,1000000.00,3.796851,101.984375
08:00:32,91282CLD1,TSRYS5850288,D,S,T,2024-08-20,1000000.00,3.796851,101.984375
08:00:32,91282CLD1,TSRYS5850288,D,S,T,2024-08-20,1000000.00,3.796851,101.984375
08:00:32,91282CLD1,TSRYS5850288,D,S,T,2024-08-20,1000000.00,3.790792,102.021484375
08:00:32,91282CLD1,TSRYS5850288,D,S,T,2024-08-20,1000000.00,3.790792,102.021484375
08:00:32,91282CLD1,TSRYS5850288,D,S,D,2024-08-20,1000000.00,3.792705,102.009765625
08:00:32,91282CLD1,TSRYS5850288,D,S,T,2024-08-20,1000000.00,3.794299,102.0
08:00:32,91282CLD1,TSRYS5850288,D,S,T,2024-08-20,1000000.00,3.794299,102.0
08:00:32,91282CLD1,TSRYS5850288,D,S,T,2024-08-20,1000000.00,3.781867,102.076171875
08:00:32,91282CLD1,TSRYS5850288,D,S,T,2024-08-20,1000000.00,3.781867,102.076171875
08:00:32,91282CLD1,TSRYS5850288,D,S,D,2024-08-20,1000000.00,3.78601,102.05078125
08:00:32,91282CLD1,TSRYS5850288,D,S,D,2024-08-20,1000000.00,3.788241,102.037109375
08:00:32,91282CLD1,TSRYS5850288,D,S,D,2024-08-20,1000000.00,3.78601,102.05078125
08:00:32,91282CLD1,TSRYS5850288,D,S,D,2024-08-20,1000000.00,3.788241,102.037109375
08:00:32,91282CLD1,TSRYS5850288,D,S,D,2024-08-20,1000000.00,3.788241,102.037109375
08:00:32,91282CLD1,TSRYS5850288,D,S,D,2024-08-20,1000000.00,3.788241,102.037109375
08:00:32,91282CLD1,TSRYS5850288,D,S,D,2024-08-20,1000000.00,3.789197,102.03125
08:00:32,91282CLD1,TSRYS5850288,D,S,D,2024-08-20,1000000.00,3.792705,102.009765625
08:00:32,91282CLD1,TSRYS5850288,D,S,D,2024-08-20,1000000.00,3.792705,102.009765625
08:00:32,91282CLD1,TSRYS5850288,D,S,D,2024-08-20,1000000.00,3.792705,102.009765625
08:00:32,91282CLD1,TSRYS5850288,D,S,D,2024-08-20,1000000.00,3.793024,102.0078125
08:00:32,91282CLD1,TSRYS5850288,D,B,C,2024-08-20,1000000.00,3.792705,102.009765625
08:00:32,91282CLD1,TSRYS5850288,D,S,D,2024-08-20,1000000.00,3.792705,102.009765625
08:00:32,91282CLD1,TSRYS5850288,D,B,C,2024-08-20,1000000.00,3.792705,102.009765625
08:00:32,91282CLD1,TSRYS5850288,D,B,C,2024-08-20,1000000.00,3.792705,102.009765625
08:00:32,91282CLD1,TSRYS5850288,D,S,D,2024-08-20,1000000.00,3.792705,102.009765625
08:00:32,91282CLD1,TSRYS5850288,D,S,D,2024-08-20,1000000.00,3.790473,102.0234375
08:00:32,91282CLD1,TSRYS5850288,D,S,D,2024-08-20,1000000.00,3.790473,102.0234375
08:00:32,91282CLD1,TSRYS5850288,D,S,T,2024-08-20,1000000.00,3.785054,102.056640625
08:00:32,91282CLD1,TSRYS5850288,D,S,T,2024-08-20,1000000.00,3.785054,102.056640625
08:00:32,91282CLD1,TSRYS5850288,D,S,T,2024-08-20,1000000.00,3.785054,102.056640625
08:00:32,91282CLD1,TSRYS5850288,D,S,T,2024-08-20,1000000.00,3.785054,102.056640625
08:00:32,91282CLD1,TSRYS5850288,D,S,T,2024-08-20,1000000.00,3.785054,102.056640625
08:00:32,91282CLD1,TSRYS5850288,D,S,T,2024-08-20,1000000.00,3.785054,102.056640625
08:00:32,91282CLD1,TSRYS5850288,D,S,T,2024-08-20,1000000.00,3.785054,102.056640625
08:00:32,91282CLD1,TSRYS5850288,D,S,T,2024-08-20,1000000.00,3.784098,102.0625
08:00:32,91282CLD1,TSRYS5850288,D,S,T,2024-08-20,1000000.00,3.783142,102.068359375
08:00:32,91282CLD1,TSRYS5850288,D,S,T,2024-08-20,1000000.00,3.782823,102.0703125
08:00:32,91282CLD1,TSRYS5850288,D,S,D,2024-08-20,1000000.00,3.779,102.09375
08:00:32,91282CLD1,TSRYS5850288,D,S,T,2024-08-20,1000000.00,3.779,102.09375
08:00:32,91282CLD1,TSRYS5850288,D,S,T,2024-08-20,1000000.00,3.778362,102.09765625
08:00:32,91282CLD1,TSRYS5850288,D,S,D,2024-08-20,1000000.00,3.779,102.09375
08:00:32,91282CLD1,TSRYS5850288,D,S,D,2024-08-20,1000000.00,3.779,102.09375
08:00:32,91282CLD1,TSRYS5850288,D,S,D,2024-08-20,1000000.00,3.780274,102.0859375
08:00:32,91282CLD1,TSRYS5850288,D,S,T,2024-08-20,1000000.00,3.781867,102.076171875
08:00:32,91282CLD1,TSRYS5850288,D,S,T,2024-08-20,1000000.00,3.781867,102.076171875
08:00:32,91282CLD1,TSRYS5850288,D,S,T,2024-08-20,1000000.00,3.781548,102.078125
08:00:32,91282CLD1,TSRYS5850288,D,S,T,2024-08-20,1000000.00,3.781548,102.078125
08:00:32,91282CLD1,TSRYS5850288,D,S,D,2024-08-20,1000000.00,3.78123,102.080078125
08:00:32,91282CLD1,TSRYS5850288,D,S,D,2024-08-20,1000000.00,3.78123,102.080078125
08:00:32,91282CLD1,TSRYS5850288,D,S,C,2024-08-20,1000000.00,3.784416,102.060546875
08:00:33,91282CLD1,TSRYS5850288,D,S,T,2024-08-20,1000000.00,3.78123,102.080078125
08:00:33,91282CLD1,TSRYS5850288,D,S,D,2024-08-20,1000000.00,3.784098,102.0625
08:00:33,91282CLD1,TSRYS5850288,D,B,C,2024-08-20,1000000.00,3.785054,102.056640625
08:00:33,91282CLD1,TSRYS5850288,D,S,D,2024-08-20,1000000.00,3.785054,102.056640625
08:00:33,91282CLD1,TSRYS5850288,D,B,C,2024-08-20,1000000.00,3.785054,102.056640625
08:00:33,91282CLD1,TSRYS5850288,D,S,D,2024-08-20,1000000.00,3.785054,102.056640625
08:00:33,91282CLD1,TSRYS5850288,D,B,C,2024-08-20,1000000.00,3.785054,102.056640625
08:00:33,91282CLD1,TSRYS5850288,D,S,D,2024-08-20,1000000.00,3.785054,102.056640625
08:00:33,91282CLD1,TSRYS5850288,D,S,D,2024-08-20,695000.00,3.784098,102.0625
08:00:34,91282CLD1,TSRYS5850288,D,S,D,2024-08-20,1000000.00,3.784098,102.0625
08:00:34,91282CLD1,TSRYS5850288,D,S,D,2024-08-20,1000000.00,3.784098,102.0625
08:00:34,91282CLD1,TSRYS5850288,D,S,D,2024-08-20,1000000.00,3.784098,102.0625
08:00:35,91282CLD1,TSRYS5850288,D,S,C,2024-08-20,1000000.00,3.779318,102.091796875
08:00:35,91282CLD1,TSRYS5850288,D,S,D,2024-08-20,1000000.00,3.78123,102.080078125
08:00:35,91282CLD1,TSRYS5850288,D,B,C,2024-08-20,1000000.00,3.78123,102.080078125
08:00:35,91282CLD1,TSRYS5850288,D,S,D,2024-08-20,1000000.00,3.781548,102.078125
08:00:36,91282CLD1,TSRYS5850288,D,S,D,2024-08-20,1000000.00,3.781548,102.078125
08:00:37,91282CLD1,TSRYS5850288,D,S,T,2024-08-20,1000000.00,3.78601,102.05078125
08:00:37,91282CLD1,TSRYS5850288,D,S,T,2024-08-20,1000000.00,3.78601,102.05078125
08:00:40,91282CLD1,TSRYS5850288,D,S,A,2024-08-20,8894000.00,3.796213,101.988281
08:00:41,91282CLD1,TSRYS5850288,D,S,T,2024-08-20,2000000.00,3.78601,102.05078125
08:00:42,91282CLD1,TSRYS5850288,D,B,A,2024-08-20,3000000.00,3.78601,102.05078125
08:00:43,91282CLD1,TSRYS5850288,D,S,D,2024-08-20,115400000.00,3.779,102.09375
08:00:43,91282CLD1,TSRYS5850288,D,B,C,2024-08-20,115500000.00,3.779,102.09375
08:00:43,91282CLD1,TSRYS5850288,D,S,D,2024-08-20,115500000.00,3.779,102.09375
08:00:43,91282CLD1,TSRYS5850288,D,B,A,2024-08-20,300000.00,3.790346,102.0234375
08:00:44,91282CLD1,TSRYS5850288,D,S,T,2024-08-20,1000000.00,3.783779,102.064453125
08:00:44,91282CLD1,TSRYS5850288,D,S,T,2024-08-20,1000000.00,3.785054,102.056640625
08:00:44,91282CLD1,TSRYS5850288,D,S,D,2024-08-20,1000000.00,3.784098,102.0625
08:00:44,91282CLD1,TSRYS5850288,D,S,D,2024-08-20,1000000.00,3.785054,102.056640625
08:00:44,91282CLD1,TSRYS5850288,D,B,A,2024-08-20,100000000.00,3.786647,102.046875
08:00:44,91282CLD1,TSRYS5850288,D,S,D,2024-08-20,1000000.00,3.784735,102.05859375
08:00:44,91282CLD1,TSRYS5850288,D,S,D,2024-08-20,1000000.00,3.784735,102.05859375
08:00:44,91282CLD1,TSRYS5850288,D,S,T,2024-08-20,1000000.00,3.784098,102.0625
08:00:44,91282CLD1,TSRYS5850288,D,S,T,2024-08-20,2000000.00,3.784098,102.0625
08:00:44,91282CLD1,TSRYS5850288,D,S,T,2024-08-20,1000000.00,3.784098,102.0625
08:00:44,91282CLD1,TSRYS5850288,D,S,T,2024-08-20,1000000.00,3.784098,102.0625
08:00:44,91282CLD1,TSRYS5850288,D,S,T,2024-08-20,1000000.00,3.784098,102.0625
08:00:44,91282CLD1,TSRYS5850288,D,S,T,2024-08-20,1000000.00,3.781548,102.078125
08:00:44,91282CLD1,TSRYS5850288,D,S,T,2024-08-20,1000000.00,3.781548,102.078125
08:00:44,91282CLD1,TSRYS5850288,D,S,T,2024-08-20,1000000.00,3.781548,102.078125
08:00:44,91282CLD1,TSRYS5850288,D,S,T,2024-08-20,1000000.00,3.781548,102.078125
08:00:44,91282CLD1,TSRYS5850288,D,S,D,2024-08-20,38000000.00,3.784634,102.05921
08:00:45,91282CLD1,TSRYS5850288,D,S,T,2024-08-20,1000000.00,3.781548,102.078125
08:00:45,91282CLD1,TSRYS5850288,D,S,T,2024-08-20,1000000.00,3.781548,102.078125
08:00:45,91282CLD1,TSRYS5850288,D,B,A,2024-08-20,4710000.00,3.78346,102.06640625
08:00:45,91282CLD1,TSRYS5850288,D,S,D,2024-08-20,2000000.00,3.784416,102.060546875
08:00:45,91282CLD1,TSRYS5850288,D,S,D,2024-08-20,1000000.00,3.786966,102.044921875
08:00:47,91282CLD1,TSRYS5850288,D,B,C,2024-08-20,115400000.00,3.779,102.09375
08:00:48,91282CLD1,TSRYS5850288,D,S,D,2024-08-20,239000.00,3.785945,102.05118125
08:00:49,91282CLD1,TSRYS5850288,D,S,D,2024-08-20,1000000.00,3.780274,102.0859375
08:00:55,91282CLD1,TSRYS5850288,D,S,D,2024-08-20,1000000.00,3.785372,102.0546875
08:00:55,91282CLD1,TSRYS5850288,D,S,D,2024-08-20,1000000.00,3.784735,102.05859375
08:00:55,91282CLD1,TSRYS5850288,D,S,D,2024-08-20,1000000.00,3.784735,102.05859375
08:00:55,91282CLD1,TSRYS5850288,D,S,D,2024-08-20,1000000.00,3.784735,102.05859375
08:00:55,91282CLD1,TSRYS5850288,D,S,D,2024-08-20,1000000.00,3.784735,102.05859375
08:00:55,91282CLD1,TSRYS5850288,D,S,D,2024-08-20,1000000.00,3.784735,102.05859375
08:00:55,91282CLD1,TSRYS5850288,D,S,T,2024-08-20,1000000.00,3.784098,102.0625
08:00:55,91282CLD1,TSRYS5850288,D,S,T,2024-08-20,1000000.00,3.784098,102.0625
08:00:55,91282CLD1,TSRYS5850288,D,S,T,2024-08-20,1000000.00,3.784098,102.0625
08:00:55,91282CLD1,TSRYS5850288,D,S,T,2024-08-20,1000000.00,3.784098,102.0625
08:00:55,91282CLD1,TSRYS5850288,D,S,T,2024-08-20,1000000.00,3.781548,102.078125
08:00:55,91282CLD1,TSRYS5850288,D,S,T,2024-08-20,1000000.00,3.781548,102.078125
08:00:55,91282CLD1,TSRYS5850288,D,S,D,2024-08-20,23000000.00,3.785109,102.0563
08:00:55,91282CLD1,TSRYS5850288,D,S,T,2024-08-20,1000000.00,3.781548,102.078125
08:00:55,91282CLD1,TSRYS5850288,D,S,T,2024-08-20,1000000.00,3.781548,102.078125
08:00:55,91282CLD1,TSRYS5850288,D,S,T,2024-08-20,1000000.00,3.781548,102.078125
08:00:55,91282CLD1,TSRYS5850288,D,S,T,2024-08-20,1000000.00,3.781548,102.078125
08:00:55,91282CLD1,TSRYS5850288,D,S,T,2024-08-20,3000000.00,3.781548,102.078125
08:00:56,91282CLD1,TSRYS5850288,D,S,D,2024-08-20,1000000.00,3.786966,102.044921875
08:00:56,91282CLD1,TSRYS5850288,D,S,D,2024-08-20,1000000.00,3.786966,102.044921875
08:00:59,91282CLD1,TSRYS5850288,D,S,T,2024-08-20,1000000.00,3.78123,102.080078125
08:01:02,91282CLD1,TSRYS5850288,D,S,D,2024-08-20,1000000.00,3.793024,102.0078125
08:01:02,91282CLD1,TSRYS5850288,D,S,D,2024-08-20,1000000.00,3.793024,102.0078125
08:01:02,91282CLD1,TSRYS5850288,D,S,C,2024-08-20,1000000.00,3.792067,102.013671875
08:01:02,91282CLD1,TSRYS5850288,D,B,C,2024-08-20,1000000.00,3.793024,102.0078125
08:01:02,91282CLD1,TSRYS5850288,D,B,C,2024-08-20,1000000.00,3.793024,102.0078125
08:01:02,91282CLD1,TSRYS5850288,D,B,C,2024-08-20,1000000.00,3.793024,102.0078125
08:01:02,91282CLD1,TSRYS5850288,D,S,D,2024-08-20,1000000.00,3.793024,102.0078125
08:01:02,91282CLD1,TSRYS5850288,D,B,C,2024-08-20,1000000.00,3.793024,102.0078125
08:01:02,91282CLD1,TSRYS5850288,D,S,D,2024-08-20,1000000.00,3.793024,102.0078125
08:01:02,91282CLD1,TSRYS5850288,D,B,C,2024-08-20,1000000.00,3.792067,102.013671875
08:01:02,91282CLD1,TSRYS5850288,D,S,C,2024-08-20,1000000.00,3.792067,102.013671875
08:01:02,91282CLD1,TSRYS5850288,D,B,C,2024-08-20,2000000.00,3.792067,102.013671875
08:01:03,91282CLD1,TSRYS5850288,D,S,D,2024-08-20,1000000.00,3.792067,102.013671875
08:01:03,91282CLD1,TSRYS5850288,D,S,D,2024-08-20,2000000.00,3.792067,102.013671875
08:01:03,91282CLD1,TSRYS5850288,D,S,C,2024-08-20,1000000.00,3.792067,102.013671875
08:01:03,91282CLD1,TSRYS5850288,D,B,C,2024-08-20,1000000.00,3.792067,102.013671875
08:01:03,91282CLD1,TSRYS5850288,D,S,C,2024-08-20,1000000.00,3.792067,102.013671875
08:01:03,91282CLD1,TSRYS5850288,D,S,C,2024-08-20,1000000.00,3.792067,102.013671875
08:01:03,91282CLD1,TSRYS5850288,D,S,C,2024-08-20,1000000.00,3.782504,102.072265625
08:01:03,91282CLD1,TSRYS5850288,D,S,C,2024-08-20,1000000.00,3.782504,102.072265625
08:01:03,91282CLD1,TSRYS5850288,D,B,C,2024-08-20,1000000.00,3.782186,102.07421875
08:01:03,91282CLD1,TSRYS5850288,D,S,D,2024-08-20,1000000.00,3.782186,102.07421875
08:01:03,91282CLD1,TSRYS5850288,D,S,C,2024-08-20,1000000.00,3.779,102.09375
08:01:03,91282CLD1,TSRYS5850288,D,S,C,2024-08-20,1000000.00,3.779,102.09375
08:01:03,91282CLD1,TSRYS5850288,D,S,D,2024-08-20,1000000.00,3.777407,102.103515625
08:01:03,91282CLD1,TSRYS5850288,D,B,C,2024-08-20,1000000.00,3.777407,102.103515625
08:01:03,91282CLD1,TSRYS5850288,D,S,C,2024-08-20,1000000.00,3.776451,102.109375
08:01:03,91282CLD1,TSRYS5850288,D,S,C,2024-08-20,1000000.00,3.777088,102.10546875
08:01:03,91282CLD1,TSRYS5850288,D,B,C,2024-08-20,1000000.00,3.777725,102.1015625
08:01:03,91282CLD1,TSRYS5850288,D,S,C,2024-08-20,1000000.00,3.777725,102.1015625
08:01:03,91282CLD1,TSRYS5850288,D,B,C,2024-08-20,1000000.00,3.777725,102.1015625
08:01:03,91282CLD1,TSRYS5850288,D,S,C,2024-08-20,1000000.00,3.777725,102.1015625
08:01:03,91282CLD1,TSRYS5850288,D,S,D,2024-08-20,1000000.00,3.778362,102.09765625
08:01:03,91282CLD1,TSRYS5850288,D,S,C,2024-08-20,1000000.00,3.778044,102.099609375
08:01:03,91282CLD1,TSRYS5850288,D,S,C,2024-08-20,1000000.00,3.778044,102.099609375
08:01:03,91282CLD1,TSRYS5850288,D,B,C,2024-08-20,1000000.00,3.778044,102.099609375
08:01:03,91282CLD1,TSRYS5850288,D,B,C,2024-08-20,1000000.00,3.778362,102.09765625
08:01:03,91282CLD1,TSRYS5850288,D,S,C,2024-08-20,1000000.00,3.785372,102.0546875
08:01:03,91282CLD1,TSRYS5850288,D,S,C,2024-08-20,1000000.00,3.785372,102.0546875
08:01:03,91282CLD1,TSRYS5850288,D,S,C,2024-08-20,1000000.00,3.787604,102.041015625
08:01:03,91282CLD1,TSRYS5850288,D,S,C,2024-08-20,1000000.00,3.789197,102.03125
08:01:03,91282CLD1,TSRYS5850288,D,S,D,2024-08-20,2000000.00,3.785054,102.056640625
08:01:03,91282CLD1,TSRYS5850288,D,S,C,2024-08-20,1000000.00,3.787604,102.041015625
08:01:03,91282CLD1,TSRYS5850288,D,S,C,2024-08-20,1000000.00,3.790154,102.025390625
08:01:03,91282CLD1,TSRYS5850288,D,S,C,2024-08-20,1000000.00,3.787604,102.041015625
08:01:03,91282CLD1,TSRYS5850288,D,S,C,2024-08-20,1000000.00,3.790154,102.025390625
08:01:03,91282CLD1,TSRYS5850288,D,S,C,2024-08-20,1000000.00,3.787922,102.0390625
08:01:03,91282CLD1,TSRYS5850288,D,S,D,2024-08-20,1000000.00,3.789197,102.03125
08:01:03,91282CLD1,TSRYS5850288,D,S,C,2024-08-20,1000000.00,3.789197,102.03125
08:01:03,91282CLD1,TSRYS5850288,D,S,D,2024-08-20,1000000.00,3.790792,102.021484375
08:01:03,91282CLD1,TSRYS5850288,D,B,C,2024-08-20,1000000.00,3.790792,102.021484375
08:01:03,91282CLD1,TSRYS5850288,D,S,C,2024-08-20,1000000.00,3.792386,102.01171875
08:01:03,91282CLD1,TSRYS5850288,D,S,C,2024-08-20,1000000.00,3.794618,101.998046875
08:01:03,91282CLD1,TSRYS5850288,D,S,C,2024-08-20,1000000.00,3.793024,102.0078125
08:01:03,91282CLD1,TSRYS5850288,D,B,C,2024-08-20,1000000.00,3.796213,101.98828125
08:01:03,91282CLD1,TSRYS5850288,D,S,D,2024-08-20,1000000.00,3.796532,101.986328125
08:01:03,91282CLD1,TSRYS5850288,D,S,C,2024-08-20,1000000.00,3.794937,101.99609375
08:01:03,91282CLD1,TSRYS5850288,D,S,C,2024-08-20,1000000.00,3.794618,101.998046875
08:01:03,91282CLD1,TSRYS5850288,D,B,C,2024-08-20,1000000.00,3.796532,101.986328125
08:01:03,91282CLD1,TSRYS5850288,D,S,D,2024-08-20,1000000.00,3.796213,101.98828125
08:01:03,91282CLD1,TSRYS5850288,D,S,D,2024-08-20,1000000.00,3.795256,101.994140625
08:01:03,91282CLD1,TSRYS5850288,D,S,C,2024-08-20,1000000.00,3.799084,101.970703125
08:01:03,91282CLD1,TSRYS5850288,D,B,C,2024-08-20,1000000.00,3.795256,101.994140625
08:01:03,91282CLD1,TSRYS5850288,D,S,D,2024-08-20,1000000.00,3.796851,101.984375
08:01:03,91282CLD1,TSRYS5850288,D,S,C,2024-08-20,1000000.00,3.799084,101.970703125
08:01:03,91282CLD1,TSRYS5850288,D,S,D,2024-08-20,1000000.00,3.795256,101.994140625
08:01:03,91282CLD1,TSRYS5850288,D,B,C,2024-08-20,1000000.00,3.800998,101.958984375
08:01:04,91282CLD1,TSRYS5850288,D,B,C,2024-08-20,1000000.00,3.801317,101.95703125
08:01:04,91282CLD1,TSRYS5850288,D,S,D,2024-08-20,1000000.00,3.800998,101.958984375
08:01:04,91282CLD1,TSRYS5850288,D,B,C,2024-08-20,1000000.00,3.800998,101.958984375
08:01:04,91282CLD1,TSRYS5850288,D,S,D,2024-08-20,1000000.00,3.800998,101.958984375
08:01:04,91282CLD1,TSRYS5850288,D,S,D,2024-08-20,1000000.00,3.801317,101.95703125
08:01:04,91282CLD1,TSRYS5850288,D,S,D,2024-08-20,1000000.00,3.801317,101.95703125
08:01:04,91282CLD1,TSRYS5850288,D,S,D,2024-08-20,1000000.00,3.801317,101.95703125
08:01:04,91282CLD1,TSRYS5850288,D,B,C,2024-08-20,1000000.00,3.801317,101.95703125
08:01:04,91282CLD1,TSRYS5850288,D,S,D,2024-08-20,1000000.00,3.800998,101.958984375
08:01:04,91282CLD1,TSRYS5850288,D,B,C,2024-08-20,1000000.00,3.800998,101.958984375
08:01:04,91282CLD1,TSRYS5850288,D,B,C,2024-08-20,1000000.00,3.802912,101.947265625
08:01:04,91282CLD1,TSRYS5850288,D,B,C,2024-08-20,1000000.00,3.801317,101.95703125
08:01:04,91282CLD1,TSRYS5850288,D,S,D,2024-08-20,1000000.00,3.802912,101.947265625
08:01:04,91282CLD1,TSRYS5850288,D,S,D,2024-08-20,1000000.00,3.801955,101.953125
08:01:04,91282CLD1,TSRYS5850288,D,S,D,2024-08-20,1000000.00,3.801955,101.953125
08:01:04,91282CLD1,TSRYS5850288,D,B,C,2024-08-20,1000000.00,3.800998,101.958984375
08:01:04,91282CLD1,TSRYS5850288,D,S,D,2024-08-20,1000000.00,3.800998,101.958984375
08:01:04,91282CLD1,TSRYS5850288,D,B,C,2024-08-20,1000000.00,3.798765,101.97265625
08:01:04,91282CLD1,TSRYS5850288,D,S,D,2024-08-20,1000000.00,3.798765,101.97265625
08:01:04,91282CLD1,TSRYS5850288,D,S,D,2024-08-20,1000000.00,3.798765,101.97265625
08:01:04,91282CLD1,TSRYS5850288,D,B,C,2024-08-20,1000000.00,3.798765,101.97265625
08:01:04,91282CLD1,TSRYS5850288,D,S,C,2024-08-20,1000000.00,3.796851,101.984375
08:01:04,91282CLD1,TSRYS5850288,D,S,C,2024-08-20,1000000.00,3.796851,101.984375
08:01:04,91282CLD1,TSRYS5850288,D,S,C,2024-08-20,1000000.00,3.796851,101.984375
08:01:04,91282CLD1,TSRYS5850288,D,S,C,2024-08-20,1000000.00,3.796851,101.984375
08:01:04,91282CLD1,TSRYS5850288,D,S,C,2024-08-20,1000000.00,3.796851,101.984375
08:01:04,91282CLD1,TSRYS5850288,D,S,C,2024-08-20,1000000.00,3.799084,101.970703125
08:01:04,91282CLD1,TSRYS5850288,D,S,C,2024-08-20,1000000.00,3.799084,101.970703125
08:01:04,91282CLD1,TSRYS5850288,D,S,D,2024-08-20,1000000.00,3.799084,101.970703125
08:01:04,91282CLD1,TSRYS5850288,D,B,C,2024-08-20,1000000.00,3.799084,101.970703125
08:01:04,91282CLD1,TSRYS5850288,D,S,D,2024-08-20,1000000.00,3.799084,101.970703125
08:01:04,91282CLD1,TSRYS5850288,D,B,C,2024-08-20,1000000.00,3.799084,101.970703125
08:01:04,91282CLD1,TSRYS5850288,D,S,C,2024-08-20,1000000.00,3.799084,101.970703125
08:01:04,91282CLD1,TSRYS5850288,D,S,C,2024-08-20,1000000.00,3.799084,101.970703125
08:01:04,91282CLD1,TSRYS5850288,D,B,C,2024-08-20,1000000.00,3.798446,101.974609375
08:01:04,91282CLD1,TSRYS5850288,D,S,D,2024-08-20,1000000.00,3.798446,101.974609375
08:01:04,91282CLD1,TSRYS5850288,D,B,C,2024-08-20,1000000.00,3.800998,101.958984375
08:01:04,91282CLD1,TSRYS5850288,D,S,C,2024-08-20,1000000.00,3.799084,101.970703125
08:01:04,91282CLD1,TSRYS5850288,D,S,D,2024-08-20,1000000.00,3.800998,101.958984375
08:01:04,91282CLD1,TSRYS5850288,D,S,C,2024-08-20,1000000.00,3.801636,101.955078125
08:01:04,91282CLD1,TSRYS5850288,D,B,C,2024-08-20,1000000.00,3.800998,101.958984375
08:01:04,91282CLD1,TSRYS5850288,D,S,D,2024-08-20,1000000.00,3.800998,101.958984375
08:01:04,91282CLD1,TSRYS5850288,D,S,C,2024-08-20,1000000.00,3.799084,101.970703125
08:01:04,91282CLD1,TSRYS5850288,D,S,C,2024-08-20,1000000.00,3.799084,101.970703125
08:01:04,91282CLD1,TSRYS5850288,D,S,C,2024-08-20,1000000.00,3.799084,101.970703125
08:01:04,91282CLD1,TSRYS5850288,D,S,C,2024-08-20,1000000.00,3.799084,101.970703125
08:01:04,91282CLD1,TSRYS5850288,D,S,C,2024-08-20,1000000.00,3.799084,101.970703125
08:01:04,91282CLD1,TSRYS5850288,D,S,C,2024-08-20,1000000.00,3.799084,101.970703125
08:01:04,91282CLD1,TSRYS5850288,D,S,C,2024-08-20,1000000.00,3.799084,101.970703125
08:01:04,91282CLD1,TSRYS5850288,D,S,C,2024-08-20,1000000.00,3.799084,101.970703125
08:01:04,91282CLD1,TSRYS5850288,D,S,C,2024-08-20,1000000.00,3.799084,101.970703125
08:01:04,91282CLD1,TSRYS5850288,D,S,C,2024-08-20,1000000.00,3.799084,101.970703125
08:01:04,91282CLD1,TSRYS5850288,D,B,C,2024-08-20,1000000.00,3.797808,101.978515625
08:01:04,91282CLD1,TSRYS5850288,D,S,D,2024-08-20,1000000.00,3.797808,101.978515625
08:01:04,91282CLD1,TSRYS5850288,D,S,C,2024-08-20,1000000.00,3.796851,101.984375
08:01:04,91282CLD1,TSRYS5850288,D,S,C,2024-08-20,1000000.00,3.795894,101.990234375
08:01:04,91282CLD1,TSRYS5850288,D,S,C,2024-08-20,1000000.00,3.796532,101.986328125
08:01:04,91282CLD1,TSRYS5850288,D,S,C,2024-08-20,1000000.00,3.796532,101.986328125
08:01:04,91282CLD1,TSRYS5850288,D,S,C,2024-08-20,1000000.00,3.796532,101.986328125
08:01:05,91282CLD1,TSRYS5850288,D,S,C,2024-08-20,1000000.00,3.796532,101.986328125
08:01:05,91282CLD1,TSRYS5850288,D,S,C,2024-08-20,1000000.00,3.796532,101.986328125
08:01:05,91282CLD1,TSRYS5850288,D,S,C,2024-08-20,1000000.00,3.796532,101.986328125
08:01:05,91282CLD1,TSRYS5850288,D,S,C,2024-08-20,1000000.00,3.796532,101.986328125
08:01:05,91282CLD1,TSRYS5850288,D,S,D,2024-08-20,1000000.00,3.796851,101.984375
08:01:05,91282CLD1,TSRYS5850288,D,S,C,2024-08-20,1000000.00,3.796532,101.986328125
08:01:05,91282CLD1,TSRYS5850288,D,S,D,2024-08-20,1000000.00,3.796851,101.984375
08:01:05,91282CLD1,TSRYS5850288,D,S,C,2024-08-20,1000000.00,3.796532,101.986328125
08:01:05,91282CLD1,TSRYS5850288,D,S,D,2024-08-20,1000000.00,3.796851,101.984375
08:01:05,91282CLD1,TSRYS5850288,D,B,C,2024-08-20,1000000.00,3.796851,101.984375
08:01:05,91282CLD1,TSRYS5850288,D,S,C,2024-08-20,1000000.00,3.796532,101.986328125
08:01:05,91282CLD1,TSRYS5850288,D,S,C,2024-08-20,1000000.00,3.796851,101.984375
08:01:05,91282CLD1,TSRYS5850288,D,S,D,2024-08-20,1000000.00,3.794299,102.0
08:01:05,91282CLD1,TSRYS5850288,D,B,C,2024-08-20,1000000.00,3.794299,102.0
08:01:05,91282CLD1,TSRYS5850288,D,B,C,2024-08-20,1000000.00,3.79111,102.01953125
08:01:05,91282CLD1,TSRYS5850288,D,S,D,2024-08-20,1000000.00,3.79111,102.01953125
08:01:05,91282CLD1,TSRYS5850288,D,S,C,2024-08-20,1000000.00,3.792067,102.013671875
08:01:05,91282CLD1,TSRYS5850288,D,S,D,2024-08-20,1000000.00,3.79111,102.01953125
08:01:05,91282CLD1,TSRYS5850288,D,B,C,2024-08-20,1000000.00,3.79111,102.01953125
08:01:05,91282CLD1,TSRYS5850288,D,S,D,2024-08-20,1000000.00,3.792067,102.013671875
08:01:05,91282CLD1,TSRYS5850288,D,B,C,2024-08-20,1000000.00,3.792067,102.013671875
08:01:05,91282CLD1,TSRYS5850288,D,S,D,2024-08-20,1000000.00,3.79398,102.001953125
08:01:05,91282CLD1,TSRYS5850288,D,B,C,2024-08-20,1000000.00,3.79398,102.001953125
08:01:05,91282CLD1,TSRYS5850288,D,S,D,2024-08-20,1000000.00,3.79398,102.001953125
08:01:05,91282CLD1,TSRYS5850288,D,B,C,2024-08-20,1000000.00,3.79398,102.001953125
08:01:05,91282CLD1,TSRYS5850288,D,B,C,2024-08-20,1000000.00,3.79398,102.001953125
08:01:05,91282CLD1,TSRYS5850288,D,S,D,2024-08-20,1000000.00,3.79398,102.001953125
08:01:05,91282CLD1,TSRYS5850288,D,B,C,2024-08-20,1000000.00,3.793342,102.005859375
08:01:05,91282CLD1,TSRYS5850288,D,S,D,2024-08-20,1000000.00,3.793342,102.005859375
08:01:05,91282CLD1,TSRYS5850288,D,S,C,2024-08-20,1000000.00,3.794299,102.0
08:01:05,91282CLD1,TSRYS5850288,D,S,D,2024-08-20,1000000.00,3.794299,102.0
08:01:05,91282CLD1,TSRYS5850288,D,S,D,2024-08-20,1000000.00,3.794937,101.99609375
08:01:05,91282CLD1,TSRYS5850288,D,B,C,2024-08-20,1000000.00,3.794937,101.99609375
08:01:05,91282CLD1,TSRYS5850288,D,S,D,2024-08-20,1000000.00,3.793342,102.005859375
08:01:05,91282CLD1,TSRYS5850288,D,B,C,2024-08-20,1000000.00,3.793342,102.005859375
08:01:05,91282CLD1,TSRYS5850288,D,B,C,2024-08-20,1000000.00,3.793342,102.005859375
08:01:05,91282CLD1,TSRYS5850288,D,S,D,2024-08-20,1000000.00,3.793342,102.005859375
08:01:05,91282CLD1,TSRYS5850288,D,S,D,2024-08-20,1000000.00,3.79398,102.001953125
08:01:05,91282CLD1,TSRYS5850288,D,B,C,2024-08-20,1000000.00,3.795894,101.990234375
08:01:05,91282CLD1,TSRYS5850288,D,S,D,2024-08-20,1000000.00,3.795894,101.990234375
08:01:05,91282CLD1,TSRYS5850288,D,S,D,2024-08-20,1000000.00,3.795894,101.990234375
08:01:05,91282CLD1,TSRYS5850288,D,B,C,2024-08-20,1000000.00,3.795894,101.990234375
08:01:05,91282CLD1,TSRYS5850288,D,B,C,2024-08-20,1000000.00,3.79111,102.01953125
08:01:05,91282CLD1,TSRYS5850288,D,S,D,2024-08-20,1000000.00,3.79111,102.01953125
08:01:05,91282CLD1,TSRYS5850288,D,S,C,2024-08-20,1000000.00,3.784416,102.060546875
08:01:05,91282CLD1,TSRYS5850288,D,S,C,2024-08-20,1000000.00,3.784416,102.060546875
08:01:05,91282CLD1,TSRYS5850288,D,S,D,2024-08-20,1000000.00,3.785372,102.0546875
08:01:05,91282CLD1,TSRYS5850288,D,B,C,2024-08-20,1000000.00,3.785372,102.0546875
08:01:05,91282CLD1,TSRYS5850288,D,S,C,2024-08-20,1000000.00,3.784416,102.060546875
08:01:05,91282CLD1,TSRYS5850288,D,S,C,2024-08-20,1000000.00,3.784416,102.060546875
08:01:05,91282CLD1,TSRYS5850288,D,S,C,2024-08-20,1000000.00,3.784416,102.060546875
08:01:05,91282CLD1,TSRYS5850288,D,B,C,2024-08-20,1000000.00,3.784416,102.060546875
08:01:05,91282CLD1,TSRYS5850288,D,S,C,2024-08-20,1000000.00,3.784416,102.060546875
08:01:05,91282CLD1,TSRYS5850288,D,S,C,2024-08-20,1000000.00,3.784416,102.060546875
08:01:05,91282CLD1,TSRYS5850288,D,B,C,2024-08-20,1000000.00,3.784416,102.060546875
08:01:05,91282CLD1,TSRYS5850288,D,S,C,2024-08-20,1000000.00,3.784416,102.060546875
08:01:05,91282CLD1,TSRYS5850288,D,S,C,2024-08-20,1000000.00,3.784416,102.060546875
08:01:05,91282CLD1,TSRYS5850288,D,S,C,2024-08-20,1000000.00,3.784416,102.060546875
08:01:05,91282CLD1,TSRYS5850288,D,S,C,2024-08-20,1000000.00,3.784416,102.060546875
08:01:05,91282CLD1,TSRYS5850288,D,S,C,2024-08-20,1000000.00,3.784416,102.060546875
08:01:05,91282CLD1,TSRYS5850288,D,B,C,2024-08-20,1000000.00,3.784416,102.060546875
08:01:05,91282CLD1,TSRYS5850288,D,S,C,2024-08-20,1000000.00,3.784416,102.060546875
08:01:05,91282CLD1,TSRYS5850288,D,B,C,2024-08-20,1000000.00,3.784416,102.060546875
08:01:05,91282CLD1,TSRYS5850288,D,S,C,2024-08-20,1000000.00,3.784416,102.060546875
08:01:05,91282CLD1,TSRYS5850288,D,B,C,2024-08-20,1000000.00,3.784416,102.060546875
08:01:05,91282CLD1,TSRYS5850288,D,S,C,2024-08-20,1000000.00,3.784416,102.060546875
08:01:05,91282CLD1,TSRYS5850288,D,S,C,2024-08-20,1000000.00,3.784416,102.060546875
08:01:05,91282CLD1,TSRYS5850288,D,S,D,2024-08-20,1000000.00,3.783779,102.064453125
08:01:05,91282CLD1,TSRYS5850288,D,B,C,2024-08-20,1000000.00,3.783779,102.064453125
08:01:05,91282CLD1,TSRYS5850288,D,S,C,2024-08-20,1000000.00,3.782186,102.07421875
08:01:05,91282CLD1,TSRYS5850288,D,S,C,2024-08-20,1000000.00,3.782186,102.07421875
08:01:06,91282CLD1,TSRYS5850288,D,S,C,2024-08-20,1000000.00,3.784735,102.05859375
08:01:06,91282CLD1,TSRYS5850288,D,S,C,2024-08-20,1000000.00,3.782186,102.07421875
08:01:06,91282CLD1,TSRYS5850288,D,B,C,2024-08-20,1000000.00,3.782186,102.07421875
08:01:06,91282CLD1,TSRYS5850288,D,S,C,2024-08-20,1000000.00,3.782186,102.07421875
08:01:06,91282CLD1,TSRYS5850288,D,S,C,2024-08-20,1000000.00,3.782186,102.07421875
08:01:06,91282CLD1,TSRYS5850288,D,S,C,2024-08-20,1000000.00,3.782186,102.07421875
08:01:06,91282CLD1,TSRYS5850288,D,S,C,2024-08-20,1000000.00,3.782186,102.07421875
08:01:06,91282CLD1,TSRYS5850288,D,S,C,2024-08-20,1000000.00,3.782186,102.07421875
08:01:06,91282CLD1,TSRYS5850288,D,S,C,2024-08-20,1000000.00,3.782186,102.07421875
08:01:06,91282CLD1,TSRYS5850288,D,S,C,2024-08-20,1000000.00,3.782186,102.07421875
08:01:06,91282CLD1,TSRYS5850288,D,S,C,2024-08-20,1000000.00,3.782186,102.07421875
08:01:06,91282CLD1,TSRYS5850288,D,S,C,2024-08-20,1000000.00,3.782186,102.07421875
08:01:06,91282CLD1,TSRYS5850288,D,S,C,2024-08-20,1000000.00,3.782186,102.07421875
08:01:06,91282CLD1,TSRYS5850288,D,S,C,2024-08-20,1000000.00,3.784735,102.05859375
08:01:06,91282CLD1,TSRYS5850288,D,S,C,2024-08-20,1000000.00,3.784735,102.05859375
08:01:06,91282CLD1,TSRYS5850288,D,S,C,2024-08-20,1000000.00,3.784735,102.05859375
08:01:06,91282CLD1,TSRYS5850288,D,S,C,2024-08-20,1000000.00,3.784735,102.05859375
08:01:06,91282CLD1,TSRYS5850288,D,S,C,2024-08-20,1000000.00,3.782186,102.07421875
08:01:06,91282CLD1,TSRYS5850288,D,S,C,2024-08-20,1000000.00,3.782186,102.07421875
08:01:06,91282CLD1,TSRYS5850288,D,S,C,2024-08-20,1000000.00,3.782186,102.07421875
08:01:06,91282CLD1,TSRYS5850288,D,B,C,2024-08-20,1000000.00,3.782823,102.0703125
08:01:06,91282CLD1,TSRYS5850288,D,S,C,2024-08-20,1000000.00,3.782823,102.0703125
08:01:06,91282CLD1,TSRYS5850288,D,S,C,2024-08-20,1000000.00,3.782186,102.07421875
08:01:06,91282CLD1,TSRYS5850288,D,B,C,2024-08-20,1000000.00,3.782186,102.07421875
08:01:06,91282CLD1,TSRYS5850288,D,S,C,2024-08-20,1000000.00,3.782186,102.07421875
08:01:06,91282CLD1,TSRYS5850288,D,B,C,2024-08-20,1000000.00,3.782186,102.07421875
08:01:06,91282CLD1,TSRYS5850288,D,S,C,2024-08-20,1000000.00,3.782186,102.07421875
08:01:06,91282CLD1,TSRYS5850288,D,B,C,2024-08-20,1000000.00,3.782186,102.07421875
08:01:06,91282CLD1,TSRYS5850288,D,S,C,2024-08-20,1000000.00,3.783779,102.064453125
08:01:06,91282CLD1,TSRYS5850288,D,S,D,2024-08-20,2000000.00,3.783779,102.064453125
08:01:06,91282CLD1,TSRYS5850288,D,S,D,2024-08-20,1000000.00,3.783779,102.064453125
08:01:06,91282CLD1,TSRYS5850288,D,S,C,2024-08-20,1000000.00,3.783142,102.068359375
08:01:06,91282CLD1,TSRYS5850288,D,S,D,2024-08-20,2000000.00,3.783779,102.064453125
08:01:06,91282CLD1,TSRYS5850288,D,S,C,2024-08-20,1000000.00,3.78346,102.06640625
08:01:06,91282CLD1,TSRYS5850288,D,S,D,2024-08-20,4000000.00,3.784735,102.05859375
08:01:06,91282CLD1,TSRYS5850288,D,S,D,2024-08-20,1000000.00,3.784735,102.05859375
08:01:07,91282CLD1,TSRYS5850288,D,S,D,2024-08-20,1000000.00,3.784735,102.05859375
08:01:07,91282CLD1,TSRYS5850288,D,S,D,2024-08-20,4000000.00,3.784416,102.060546875
08:01:07,91282CLD1,TSRYS5850288,D,S,C,2024-08-20,1000000.00,3.784735,102.05859375
08:01:07,91282CLD1,TSRYS5850288,D,S,C,2024-08-20,1000000.00,3.784735,102.05859375
08:01:07,91282CLD1,TSRYS5850288,D,S,C,2024-08-20,1000000.00,3.784735,102.05859375
08:01:07,91282CLD1,TSRYS5850288,D,S,C,2024-08-20,1000000.00,3.78601,102.05078125
08:01:07,91282CLD1,TSRYS5850288,D,S,D,2024-08-20,1000000.00,3.78601,102.05078125
08:01:07,91282CLD1,TSRYS5850288,D,S,C,2024-08-20,1000000.00,3.785691,102.052734375
08:01:07,91282CLD1,TSRYS5850288,D,S,C,2024-08-20,1000000.00,3.782186,102.07421875
08:01:07,91282CLD1,TSRYS5850288,D,S,C,2024-08-20,1000000.00,3.782186,102.07421875
08:01:07,91282CLD1,TSRYS5850288,D,S,C,2024-08-20,1000000.00,3.782186,102.07421875
08:01:07,91282CLD1,TSRYS5850288,D,S,C,2024-08-20,1000000.00,3.782186,102.07421875
08:01:07,91282CLD1,TSRYS5850288,D,S,D,2024-08-20,1000000.00,3.784098,102.0625
08:01:07,91282CLD1,TSRYS5850288,D,S,C,2024-08-20,1000000.00,3.784735,102.05859375
08:01:07,91282CLD1,TSRYS5850288,D,S,C,2024-08-20,1000000.00,3.784735,102.05859375
08:01:07,91282CLD1,TSRYS5850288,D,S,C,2024-08-20,1000000.00,3.784735,102.05859375
08:01:07,91282CLD1,TSRYS5850288,D,S,C,2024-08-20,1000000.00,3.785054,102.056640625
08:01:07,91282CLD1,TSRYS5850288,D,S,C,2024-08-20,1000000.00,3.784735,102.05859375
08:01:07,91282CLD1,TSRYS5850288,D,S,C,2024-08-20,1000000.00,3.784735,102.05859375
08:01:07,91282CLD1,TSRYS5850288,D,S,C,2024-08-20,1000000.00,3.784735,102.05859375
08:01:07,91282CLD1,TSRYS5850288,D,B,C,2024-08-20,1000000.00,3.784416,102.060546875
08:01:07,91282CLD1,TSRYS5850288,D,S,C,2024-08-20,1000000.00,3.784416,102.060546875
08:01:07,91282CLD1,TSRYS5850288,D,S,C,2024-08-20,1000000.00,3.784735,102.05859375
08:01:07,91282CLD1,TSRYS5850288,D,S,D,2024-08-20,1000000.00,3.785372,102.0546875
08:01:07,91282CLD1,TSRYS5850288,D,S,C,2024-08-20,1000000.00,3.784735,102.05859375
08:01:07,91282CLD1,TSRYS5850288,D,S,C,2024-08-20,1000000.00,3.784735,102.05859375
08:01:07,91282CLD1,TSRYS5850288,D,S,C,2024-08-20,1000000.00,3.784735,102.05859375
08:01:07,91282CLD1,TSRYS5850288,D,S,C,2024-08-20,1000000.00,3.785054,102.056640625
08:01:07,91282CLD1,TSRYS5850288,D,S,C,2024-08-20,1000000.00,3.784735,102.05859375
08:01:07,91282CLD1,TSRYS5850288,D,S,C,2024-08-20,1000000.00,3.784735,102.05859375
08:01:07,91282CLD1,TSRYS5850288,D,S,C,2024-08-20,1000000.00,3.784735,102.05859375
08:01:07,91282CLD1,TSRYS5850288,D,S,C,2024-08-20,1000000.00,3.784735,102.05859375
08:01:07,91282CLD1,TSRYS5850288,D,S,C,2024-08-20,1000000.00,3.784735,102.05859375
08:01:07,91282CLD1,TSRYS5850288,D,S,C,2024-08-20,1000000.00,3.784735,102.05859375
08:01:07,91282CLD1,TSRYS5850288,D,S,C,2024-08-20,1000000.00,3.784735,102.05859375
08:01:07,91282CLD1,TSRYS5850288,D,S,C,2024-08-20,1000000.00,3.784735,102.05859375
08:01:07,91282CLD1,TSRYS5850288,D,S,C,2024-08-20,1000000.00,3.784735,102.05859375
08:01:07,91282CLD1,TSRYS5850288,D,S,C,2024-08-20,1000000.00,3.784735,102.05859375
08:01:07,91282CLD1,TSRYS5850288,D,S,C,2024-08-20,1000000.00,3.784735,102.05859375
08:01:07,91282CLD1,TSRYS5850288,D,B,C,2024-08-20,1000000.00,3.784735,102.05859375
08:01:07,91282CLD1,TSRYS5850288,D,S,C,2024-08-20,1000000.00,3.784735,102.05859375
08:01:07,91282CLD1,TSRYS5850288,D,S,C,2024-08-20,1000000.00,3.784735,102.05859375
08:01:07,91282CLD1,TSRYS5850288,D,S,D,2024-08-20,1000000.00,3.78601,102.05078125
08:01:07,91282CLD1,TSRYS5850288,D,B,C,2024-08-20,1000000.00,3.78601,102.05078125
08:01:07,91282CLD1,TSRYS5850288,D,S,C,2024-08-20,1000000.00,3.784735,102.05859375
08:01:07,91282CLD1,TSRYS5850288,D,S,C,2024-08-20,1000000.00,3.784735,102.05859375
08:01:08,91282CLD1,TSRYS5850288,D,S,C,2024-08-20,1000000.00,3.782504,102.072265625
08:01:08,91282CLD1,TSRYS5850288,D,S,C,2024-08-20,1000000.00,3.782186,102.07421875
08:01:08,91282CLD1,TSRYS5850288,D,S,C,2024-08-20,1000000.00,3.782186,102.07421875
08:01:08,91282CLD1,TSRYS5850288,D,S,C,2024-08-20,1000000.00,3.782186,102.07421875
08:01:08,91282CLD1,TSRYS5850288,D,B,C,2024-08-20,1000000.00,3.782504,102.072265625
08:01:08,91282CLD1,TSRYS5850288,D,S,C,2024-08-20,1000000.00,3.782504,102.072265625
08:01:08,91282CLD1,TSRYS5850288,D,S,C,2024-08-20,1000000.00,3.782186,102.07421875
08:01:08,91282CLD1,TSRYS5850288,D,S,C,2024-08-20,1000000.00,3.782186,102.07421875
08:01:08,91282CLD1,TSRYS5850288,D,S,C,2024-08-20,1000000.00,3.782186,102.07421875
08:01:08,91282CLD1,TSRYS5850288,D,S,C,2024-08-20,1000000.00,3.782186,102.07421875
08:01:08,91282CLD1,TSRYS5850288,D,S,C,2024-08-20,1000000.00,3.782186,102.07421875
08:01:08,91282CLD1,TSRYS5850288,D,S,D,2024-08-20,1000000.00,3.782186,102.07421875
08:01:08,91282CLD1,TSRYS5850288,D,S,C,2024-08-20,1000000.00,3.784735,102.05859375
08:01:08,91282CLD1,TSRYS5850288,D,S,C,2024-08-20,1000000.00,3.784416,102.060546875
08:01:08,91282CLD1,TSRYS5850288,D,S,C,2024-08-20,1000000.00,3.785054,102.056640625
08:01:08,91282CLD1,TSRYS5850288,D,S,C,2024-08-20,1000000.00,3.784735,102.05859375
08:01:08,91282CLD1,TSRYS5850288,D,B,C,2024-08-20,1000000.00,3.784735,102.05859375
08:01:08,91282CLD1,TSRYS5850288,D,S,C,2024-08-20,1000000.00,3.784735,102.05859375
08:01:08,91282CLD1,TSRYS5850288,D,S,C,2024-08-20,1000000.00,3.785054,102.056640625
08:01:08,91282CLD1,TSRYS5850288,D,B,C,2024-08-20,1000000.00,3.785054,102.056640625
08:01:08,91282CLD1,TSRYS5850288,D,S,C,2024-08-20,1000000.00,3.784735,102.05859375
08:01:08,91282CLD1,TSRYS5850288,D,S,C,2024-08-20,1000000.00,3.784735,102.05859375
08:01:08,91282CLD1,TSRYS5850288,D,S,C,2024-08-20,1000000.00,3.784735,102.05859375
08:01:08,91282CLD1,TSRYS5850288,D,S,C,2024-08-20,1000000.00,3.784735,102.05859375
08:01:08,91282CLD1,TSRYS5850288,D,S,C,2024-08-20,1000000.00,3.784735,102.05859375
08:01:08,91282CLD1,TSRYS5850288,D,S,D,2024-08-20,1000000.00,3.784416,102.060546875
08:01:08,91282CLD1,TSRYS5850288,D,B,C,2024-08-20,1000000.00,3.784735,102.05859375
08:01:08,91282CLD1,TSRYS5850288,D,S,C,2024-08-20,1000000.00,3.784735,102.05859375
08:01:08,91282CLD1,TSRYS5850288,D,S,C,2024-08-20,1000000.00,3.784735,102.05859375
08:01:08,91282CLD1,TSRYS5850288,D,S,C,2024-08-20,1000000.00,3.784735,102.05859375
08:01:08,91282CLD1,TSRYS5850288,D,S,C,2024-08-20,1000000.00,3.784735,102.05859375
08:01:08,91282CLD1,TSRYS5850288,D,S,C,2024-08-20,1000000.00,3.784735,102.05859375
08:01:08,91282CLD1,TSRYS5850288,D,S,C,2024-08-20,1000000.00,3.784735,102.05859375
08:01:08,91282CLD1,TSRYS5850288,D,S,C,2024-08-20,1000000.00,3.784735,102.05859375
08:01:08,91282CLD1,TSRYS5850288,D,S,C,2024-08-20,1000000.00,3.784735,102.05859375
08:01:08,91282CLD1,TSRYS5850288,D,S,C,2024-08-20,1000000.00,3.784735,102.05859375
08:01:08,91282CLD1,TSRYS5850288,D,S,C,2024-08-20,1000000.00,3.784735,102.05859375
08:01:08,91282CLD1,TSRYS5850288,D,S,D,2024-08-20,1000000.00,3.784416,102.060546875
08:01:08,91282CLD1,TSRYS5850288,D,S,C,2024-08-20,1000000.00,3.784416,102.060546875
08:01:08,91282CLD1,TSRYS5850288,D,S,C,2024-08-20,1000000.00,3.784735,102.05859375
08:01:08,91282CLD1,TSRYS5850288,D,S,D,2024-08-20,1000000.00,3.784098,102.0625
08:01:08,91282CLD1,TSRYS5850288,D,S,D,2024-08-20,1000000.00,3.784098,102.0625
08:01:08,91282CLD1,TSRYS5850288,D,S,C,2024-08-20,1000000.00,3.782823,102.0703125
08:01:08,91282CLD1,TSRYS5850288,D,S,C,2024-08-20,1000000.00,3.782504,102.072265625
08:01:08,91282CLD1,TSRYS5850288,D,S,C,2024-08-20,1000000.00,3.782504,102.072265625
08:01:08,91282CLD1,TSRYS5850288,D,S,C,2024-08-20,2000000.00,3.780592,102.083984375
08:01:08,91282CLD1,TSRYS5850288,D,S,C,2024-08-20,1000000.00,3.780592,102.083984375
08:01:08,91282CLD1,TSRYS5850288,D,S,C,2024-08-20,1000000.00,3.780592,102.083984375
08:01:08,91282CLD1,TSRYS5850288,D,S,C,2024-08-20,1000000.00,3.780592,102.083984375
08:01:08,91282CLD1,TSRYS5850288,D,S,C,2024-08-20,2000000.00,3.780592,102.083984375
08:01:08,91282CLD1,TSRYS5850288,D,B,C,2024-08-20,1000000.00,3.781867,102.076171875
08:01:08,91282CLD1,TSRYS5850288,D,S,C,2024-08-20,1000000.00,3.781867,102.076171875
08:01:08,91282CLD1,TSRYS5850288,D,S,C,2024-08-20,1000000.00,3.782823,102.0703125
08:01:08,91282CLD1,TSRYS5850288,D,S,C,2024-08-20,1000000.00,3.782823,102.0703125
08:01:08,91282CLD1,TSRYS5850288,D,S,C,2024-08-20,1000000.00,3.782823,102.0703125
08:01:08,91282CLD1,TSRYS5850288,D,S,C,2024-08-20,1000000.00,3.782504,102.072265625
08:01:08,91282CLD1,TSRYS5850288,D,S,C,2024-08-20,1000000.00,3.782504,102.072265625
08:01:08,91282CLD1,TSRYS5850288,D,B,C,2024-08-20,1000000.00,3.782504,102.072265625
08:01:08,91282CLD1,TSRYS5850288,D,S,C,2024-08-20,1000000.00,3.782504,102.072265625
08:01:08,91282CLD1,TSRYS5850288,D,S,C,2024-08-20,1000000.00,3.78123,102.080078125
08:01:08,91282CLD1,TSRYS5850288,D,S,C,2024-08-20,1000000.00,3.779,102.09375
08:01:08,91282CLD1,TSRYS5850288,D,S,C,2024-08-20,1000000.00,3.777725,102.1015625
08:01:08,91282CLD1,TSRYS5850288,D,S,C,2024-08-20,1000000.00,3.777725,102.1015625
08:01:08,91282CLD1,TSRYS5850288,D,S,C,2024-08-20,1000000.00,3.777725,102.1015625
08:01:08,91282CLD1,TSRYS5850288,D,S,C,2024-08-20,1000000.00,3.777725,102.1015625
08:01:08,91282CLD1,TSRYS5850288,D,S,D,2024-08-20,2000000.00,3.777088,102.10546875
08:01:08,91282CLD1,TSRYS5850288,D,B,C,2024-08-20,2000000.00,3.777088,102.10546875
08:01:08,91282CLD1,TSRYS5850288,D,S,C,2024-08-20,1000000.00,3.77677,102.107421875
08:01:08,91282CLD1,TSRYS5850288,D,B,C,2024-08-20,1000000.00,3.77677,102.107421875
08:01:08,91282CLD1,TSRYS5850288,D,S,C,2024-08-20,1000000.00,3.77677,102.107421875
08:01:08,91282CLD1,TSRYS5850288,D,B,C,2024-08-20,1000000.00,3.77677,102.107421875
08:01:08,91282CLD1,TSRYS5850288,D,B,C,2024-08-20,2000000.00,3.777088,102.10546875
08:01:08,91282CLD1,TSRYS5850288,D,S,D,2024-08-20,2000000.00,3.777088,102.10546875
08:01:08,91282CLD1,TSRYS5850288,D,S,D,2024-08-20,2000000.00,3.77677,102.107421875
08:01:08,91282CLD1,TSRYS5850288,D,B,C,2024-08-20,2000000.00,3.77677,102.107421875
08:01:08,91282CLD1,TSRYS5850288,D,S,D,2024-08-20,1000000.00,3.77677,102.107421875
08:01:08,91282CLD1,TSRYS5850288,D,B,C,2024-08-20,1000000.00,3.77677,102.107421875
08:01:08,91282CLD1,TSRYS5850288,D,S,C,2024-08-20,1000000.00,3.777725,102.1015625
08:01:08,91282CLD1,TSRYS5850288,D,S,C,2024-08-20,1000000.00,3.777725,102.1015625
08:01:08,91282CLD1,TSRYS5850288,D,S,C,2024-08-20,1000000.00,3.779955,102.087890625
08:01:09,91282CLD1,TSRYS5850288,D,S,C,2024-08-20,1000000.00,3.779955,102.087890625
08:01:09,91282CLD1,TSRYS5850288,D,S,C,2024-08-20,1000000.00,3.779955,102.087890625
08:01:09,91282CLD1,TSRYS5850288,D,S,C,2024-08-20,1000000.00,3.782504,102.072265625
08:01:09,91282CLD1,TSRYS5850288,D,S,C,2024-08-20,1000000.00,3.783142,102.068359375
08:01:09,91282CLD1,TSRYS5850288,D,S,D,2024-08-20,1000000.00,3.786329,102.048828125
08:01:09,91282CLD1,TSRYS5850288,D,S,C,2024-08-20,1000000.00,3.785054,102.056640625
08:01:09,91282CLD1,TSRYS5850288,D,B,C,2024-08-20,1000000.00,3.786329,102.048828125
08:01:09,91282CLD1,TSRYS5850288,D,B,C,2024-08-20,1000000.00,3.785054,102.056640625
08:01:09,91282CLD1,TSRYS5850288,D,S,C,2024-08-20,1000000.00,3.785054,102.056640625
08:01:09,91282CLD1,TSRYS5850288,D,S,C,2024-08-20,1000000.00,3.782504,102.072265625
08:01:09,91282CLD1,TSRYS5850288,D,B,C,2024-08-20,1000000.00,3.785054,102.056640625
08:01:09,91282CLD1,TSRYS5850288,D,S,C,2024-08-20,1000000.00,3.782504,102.072265625
08:01:09,91282CLD1,TSRYS5850288,D,S,C,2024-08-20,1000000.00,3.782504,102.072265625
08:01:09,91282CLD1,TSRYS5850288,D,B,C,2024-08-20,1000000.00,3.782504,102.072265625
08:01:09,91282CLD1,TSRYS5850288,D,S,D,2024-08-20,1000000.00,3.782504,102.072265625
08:01:09,91282CLD1,TSRYS5850288,D,B,C,2024-08-20,1000000.00,3.782504,102.072265625
08:01:09,91282CLD1,TSRYS5850288,D,S,D,2024-08-20,2000000.00,3.782504,102.072265625
08:01:09,91282CLD1,TSRYS5850288,D,B,C,2024-08-20,2000000.00,3.782504,102.072265625
08:01:09,91282CLD1,TSRYS5850288,D,B,C,2024-08-20,1000000.00,3.782504,102.072265625
08:01:09,91282CLD1,TSRYS5850288,D,S,C,2024-08-20,1000000.00,3.782504,102.072265625
08:01:09,91282CLD1,TSRYS5850288,D,S,C,2024-08-20,1000000.00,3.782504,102.072265625
08:01:09,91282CLD1,TSRYS5850288,D,S,C,2024-08-20,1000000.00,3.782504,102.072265625
08:01:09,91282CLD1,TSRYS5850288,D,S,C,2024-08-20,1000000.00,3.782504,102.072265625
08:01:09,91282CLD1,TSRYS5850288,D,S,C,2024-08-20,1000000.00,3.785054,102.056640625
08:01:09,91282CLD1,TSRYS5850288,D,S,C,2024-08-20,1000000.00,3.785054,102.056640625
08:01:09,91282CLD1,TSRYS5850288,D,S,C,2024-08-20,1000000.00,3.785054,102.056640625
08:01:09,91282CLD1,TSRYS5850288,D,S,C,2024-08-20,1000000.00,3.785054,102.056640625
08:01:09,91282CLD1,TSRYS5850288,D,S,C,2024-08-20,1000000.00,3.785054,102.056640625
08:01:09,91282CLD1,TSRYS5850288,D,S,C,2024-08-20,1000000.00,3.785054,102.056640625
08:01:09,91282CLD1,TSRYS5850288,D,S,C,2024-08-20,1000000.00,3.785054,102.056640625
08:01:09,91282CLD1,TSRYS5850288,D,S,D,2024-08-20,1000000.00,3.784416,102.060546875
08:01:09,91282CLD1,TSRYS5850288,D,B,C,2024-08-20,1000000.00,3.784416,102.060546875
08:01:09,91282CLD1,TSRYS5850288,D,S,C,2024-08-20,1000000.00,3.782504,102.072265625
08:01:09,91282CLD1,TSRYS5850288,D,S,C,2024-08-20,1000000.00,3.782504,102.072265625
08:01:09,91282CLD1,TSRYS5850288,D,B,C,2024-08-20,1000000.00,3.783142,102.068359375
08:01:09,91282CLD1,TSRYS5850288,D,S,D,2024-08-20,1000000.00,3.783142,102.068359375
08:01:09,91282CLD1,TSRYS5850288,D,S,D,2024-08-20,2000000.00,3.784416,102.060546875
08:01:09,91282CLD1,TSRYS5850288,D,S,D,2024-08-20,2000000.00,3.786329,102.048828125
08:01:09,91282CLD1,TSRYS5850288,D,B,C,2024-08-20,2000000.00,3.786329,102.048828125
08:01:09,91282CLD1,TSRYS5850288,D,S,D,2024-08-20,1000000.00,3.786329,102.048828125
08:01:09,91282CLD1,TSRYS5850288,D,B,C,2024-08-20,1000000.00,3.786329,102.048828125
08:01:09,91282CLD1,TSRYS5850288,D,S,D,2024-08-20,1000000.00,3.786329,102.048828125
08:01:09,91282CLD1,TSRYS5850288,D,B,C,2024-08-20,1000000.00,3.786329,102.048828125
08:01:09,91282CLD1,TSRYS5850288,D,S,D,2024-08-20,1000000.00,3.786966,102.044921875
08:01:09,91282CLD1,TSRYS5850288,D,S,D,2024-08-20,1000000.00,3.786966,102.044921875
08:01:09,91282CLD1,TSRYS5850288,D,S,D,2024-08-20,1000000.00,3.786966,102.044921875
08:01:09,91282CLD1,TSRYS5850288,D,S,C,2024-08-20,1000000.00,3.785054,102.056640625
08:01:09,91282CLD1,TSRYS5850288,D,S,C,2024-08-20,1000000.00,3.785054,102.056640625
08:01:09,91282CLD1,TSRYS5850288,D,S,C,2024-08-20,1000000.00,3.785054,102.056640625
08:01:09,91282CLD1,TSRYS5850288,D,S,C,2024-08-20,2000000.00,3.785372,102.0546875
08:01:09,91282CLD1,TSRYS5850288,D,S,C,2024-08-20,1000000.00,3.785054,102.056640625
08:01:09,91282CLD1,TSRYS5850288,D,S,C,2024-08-20,1000000.00,3.785054,102.056640625
08:01:09,91282CLD1,TSRYS5850288,D,S,C,2024-08-20,1000000.00,3.787604,102.041015625
08:01:09,91282CLD1,TSRYS5850288,D,S,C,2024-08-20,1000000.00,3.787604,102.041015625
08:01:09,91282CLD1,TSRYS5850288,D,S,C,2024-08-20,1000000.00,3.787604,102.041015625
08:01:09,91282CLD1,TSRYS5850288,D,S,C,2024-08-20,1000000.00,3.789835,102.02734375
08:01:09,91282CLD1,TSRYS5850288,D,S,C,2024-08-20,1000000.00,3.789835,102.02734375
08:01:09,91282CLD1,TSRYS5850288,D,S,C,2024-08-20,1000000.00,3.787285,102.04296875
08:01:10,91282CLD1,TSRYS5850288,D,S,C,2024-08-20,1000000.00,3.785054,102.056640625
08:01:10,91282CLD1,TSRYS5850288,D,S,C,2024-08-20,1000000.00,3.785054,102.056640625
08:01:10,91282CLD1,TSRYS5850288,D,S,C,2024-08-20,1000000.00,3.789835,102.02734375
08:01:10,91282CLD1,TSRYS5850288,D,B,C,2024-08-20,1000000.00,3.787285,102.04296875
08:01:10,91282CLD1,TSRYS5850288,D,S,C,2024-08-20,1000000.00,3.787285,102.04296875
08:01:10,91282CLD1,TSRYS5850288,D,S,C,2024-08-20,1000000.00,3.787285,102.04296875
08:01:10,91282CLD1,TSRYS5850288,D,S,C,2024-08-20,1000000.00,3.787285,102.04296875
08:01:10,91282CLD1,TSRYS5850288,D,S,C,2024-08-20,1000000.00,3.787285,102.04296875
08:01:10,91282CLD1,TSRYS5850288,D,S,C,2024-08-20,1000000.00,3.787285,102.04296875
08:01:10,91282CLD1,TSRYS5850288,D,S,C,2024-08-20,1000000.00,3.787285,102.04296875
08:01:10,91282CLD1,TSRYS5850288,D,S,C,2024-08-20,1000000.00,3.787604,102.041015625
08:01:10,91282CLD1,TSRYS5850288,D,S,C,2024-08-20,1000000.00,3.787604,102.041015625
08:01:10,91282CLD1,TSRYS5850288,D,B,C,2024-08-20,1000000.00,3.787604,102.041015625
08:01:10,91282CLD1,TSRYS5850288,D,S,C,2024-08-20,1000000.00,3.787604,102.041015625
08:01:10,91282CLD1,TSRYS5850288,D,S,D,2024-08-20,1000000.00,3.788241,102.037109375
08:01:10,91282CLD1,TSRYS5850288,D,B,C,2024-08-20,1000000.00,3.787285,102.04296875
08:01:10,91282CLD1,TSRYS5850288,D,S,C,2024-08-20,1000000.00,3.787285,102.04296875
08:01:10,91282CLD1,TSRYS5850288,D,S,C,2024-08-20,1000000.00,3.787285,102.04296875
08:01:10,91282CLD1,TSRYS5850288,D,S,C,2024-08-20,1000000.00,3.787285,102.04296875
