tradeTime,cusip,issueSymbolIdentifier,priceType,reportingSideCode,contraPartyTypeCode,tradeDate,reportedTradeVolume,lastSaleYield,lastSalePrice
08:00:05,91282CKU4,TSRYS5814781,D,S,T,2024-06-07,1000000.00,4.300226,101.9375
08:00:05,91282CKU4,TSRYS5814781,D,S,T,2024-06-07,1000000.00,4.296344,101.9609375
08:00:05,91282CKU4,TSRYS5814781,D,S,T,2024-06-07,1000000.00,4.298932,101.9453125
08:00:05,91282CKU4,TSRYS5814781,D,S,D,2024-06-07,1000000.00,4.303137,101.919921875
08:00:05,91282CKU4,TSRYS5814781,D,S,D,2024-06-07,1000000.00,4.302814,101.921875
08:00:05,91282CKU4,TSRYS5814781,D,S,D,2024-06-07,2000000.00,4.303785,101.916015625
08:00:05,91282CKU4,TSRYS5814781,D,S,D,2024-06-07,2000000.00,4.303785,101.916015625
08:00:05,91282CKU4,TSRYS5814781,D,S,D,2024-06-07,1000000.00,4.303785,101.916015625
08:00:05,91282CKU4,TSRYS5814781,D,S,D,2024-06-07,2000000.00,4.303785,101.916015625
08:00:05,91282CKU4,TSRYS5814781,D,S,D,2024-06-07,2000000.00,4.303785,101.916015625
08:00:05,91282CKU4,TSRYS5814781,D,S,D,2024-06-07,2000000.00,4.303785,101.916015625
08:00:05,91282CKU4,TSRYS5814781,D,S,T,2024-06-07,2000000.00,4.303785,101.916015625
08:00:05,91282CKU4,TSRYS5814781,D,S,T,2024-06-07,1000000.00,4.303785,101.916015625
08:00:05,91282CKU4,TSRYS5814781,D,S,D,2024-06-07,1000000.00,4.303785,101.916015625
08:00:05,91282CKU4,TSRYS5814781,D,S,D,2024-06-07,2000000.00,4.303785,101.916015625
08:00:05,91282CKU4,TSRYS5814781,D,S,D,2024-06-07,2000000.00,4.303785,101.916015625
08:00:05,91282CKU4,TSRYS5814781,D,S,D,2024-06-07,2000000.00,4.303785,101.916015625
08:00:05,91282CKU4,TSRYS5814781,D,S,T,2024-06-07,1000000.00,4.302814,101.921875
08:00:05,91282CKU4,TSRYS5814781,D,S,T,2024-06-07,1000000.00,4.296344,101.9609375
08:00:05,91282CKU4,TSRYS5814781,D,S,T,2024-06-07,1000000.00,4.300226,101.9375
08:00:05,91282CKU4,TSRYS5814781,D,S,T,2024-06-07,1000000.00,4.300226,101.9375
08:00:05,91282CKU4,TSRYS5814781,D,S,T,2024-06-07,1000000.00,4.297638,101.953125
08:00:05,91282CKU4,TSRYS5814781,D,S,D,2024-06-07,2000000.00,4.303785,101.916015625
08:00:05,91282CKU4,TSRYS5814781,D,S,D,2024-06-07,2000000.00,4.303785,101.916015625
08:00:05,91282CKU4,TSRYS5814781,D,S,T,2024-06-07,2000000.00,4.303785,101.916015625
08:00:05,91282CKU4,TSRYS5814781,D,S,T,2024-06-07,2000000.00,4.303785,101.916015625
08:00:05,91282CKU4,TSRYS5814781,D,S,D,2024-06-07,2000000.00,4.303785,101.916015625
08:00:05,91282CKU4,TSRYS5814781,D,S,D,2024-06-07,2000000.00,4.303785,101.916015625
08:00:05,91282CKU4,TSRYS5814781,D,S,D,2024-06-07,1000000.00,4.304108,101.9140625
08:00:05,91282CKU4,TSRYS5814781,D,S,T,2024-06-07,2000000.00,4.303785,101.916015625
08:00:05,91282CKU4,TSRYS5814781,D,S,T,2024-06-07,2000000.00,4.303785,101.916015625
08:00:05,91282CKU4,TSRYS5814781,D,S,T,2024-06-07,1000000.00,4.303785,101.916015625
08:00:05,91282CKU4,TSRYS5814781,D,S,D,2024-06-07,1000000.00,4.303785,101.916015625
08:00:05,91282CKU4,TSRYS5814781,D,S,D,2024-06-07,2000000.00,4.303785,101.916015625
08:00:05,91282CKU4,TSRYS5814781,D,S,D,2024-06-07,2000000.00,4.303785,101.916015625
08:00:05,91282CKU4,TSRYS5814781,D,S,D,2024-06-07,1000000.00,4.303785,101.916015625
08:00:05,91282CKU4,TSRYS5814781,D,S,D,2024-06-07,1000000.00,4.294404,101.97265625
08:00:05,91282CKU4,TSRYS5814781,D,S,D,2024-06-07,2000000.00,4.294404,101.97265625
08:00:05,91282CKU4,TSRYS5814781,D,S,D,2024-06-07,2000000.00,4.294404,101.97265625
08:00:05,91282CKU4,TSRYS5814781,D,S,T,2024-06-07,1000000.00,4.30605,101.90234375
08:00:05,91282CKU4,TSRYS5814781,D,S,D,2024-06-07,1000000.00,4.297961,101.951171875
08:00:05,91282CKU4,TSRYS5814781,D,S,D,2024-06-07,1000000.00,4.297961,101.951171875
08:00:05,91282CKU4,TSRYS5814781,D,S,D,2024-06-07,1000000.00,4.297638,101.953125
08:00:05,91282CKU4,TSRYS5814781,D,S,D,2024-06-07,1000000.00,4.298608,101.947265625
08:00:05,91282CKU4,TSRYS5814781,D,S,D,2024-06-07,1000000.00,4.298608,101.947265625
08:00:08,91282CKU4,TSRYS5814781,D,S,D,2024-06-07,1000000.00,4.295697,101.96484375
08:00:08,91282CKU4,TSRYS5814781,D,S,D,2024-06-07,1000000.00,4.295697,101.96484375
08:00:08,91282CKU4,TSRYS5814781,D,S,D,2024-06-07,1000000.00,4.295697,101.96484375
08:00:08,91282CKU4,TSRYS5814781,D,S,D,2024-06-07,1000000.00,4.295697,101.96484375
08:00:08,91282CKU4,TSRYS5814781,D,S,D,2024-06-07,1000000.00,4.295697,101.96484375
08:00:08,91282CKU4,TSRYS5814781,D,S,D,2024-06-07,1000000.00,4.295697,101.96484375
08:00:08,91282CKU4,TSRYS5814781,D,S,D,2024-06-07,1000000.00,4.295697,101.96484375
08:00:08,91282CKU4,TSRYS5814781,D,S,D,2024-06-07,1000000.00,4.295697,101.96484375
08:00:08,91282CKU4,TSRYS5814781,D,S,D,2024-06-07,2000000.00,4.295697,101.96484375
08:00:08,91282CKU4,TSRYS5814781,D,S,T,2024-06-07,1000000.00,4.295051,101.96875
08:00:08,91282CKU4,TSRYS5814781,D,S,T,2024-06-07,1000000.00,4.295051,101.96875
08:00:08,91282CKU4,TSRYS5814781,D,S,T,2024-06-07,1000000.00,4.295051,101.96875
08:00:08,91282CKU4,TSRYS5814781,D,S,T,2024-06-07,1000000.00,4.300226,101.9375
08:00:08,91282CKU4,TSRYS5814781,D,S,T,2024-06-07,1000000.00,4.300226,101.9375
08:00:08,91282CKU4,TSRYS5814781,D,S,T,2024-06-07,1000000.00,4.300226,101.9375
08:00:08,91282CKU4,TSRYS5814781,D,S,T,2024-06-07,2000000.00,4.294727,101.970703125
08:00:08,91282CKU4,TSRYS5814781,D,S,T,2024-06-07,2000000.00,4.294404,101.97265625
08:00:15,91282CKU4,TSRYS5814781,D,S,T,2024-06-07,1000000.00,4.289878,102.0
08:00:15,91282CKU4,TSRYS5814781,D,S,D,2024-06-07,1000000.00,4.289554,102.001953125
08:00:15,91282CKU4,TSRYS5814781,D,S,T,2024-06-07,1000000.00,4.289554,102.001953125
08:00:15,91282CKU4,TSRYS5814781,D,S,D,2024-06-07,1000000.00,4.294727,101.970703125
08:00:15,91282CKU4,TSRYS5814781,D,S,D,2024-06-07,1000000.00,4.299255,101.943359375
08:00:15,91282CKU4,TSRYS5814781,D,S,T,2024-06-07,1000000.00,4.297315,101.955078125
08:00:15,91282CKU4,TSRYS5814781,D,S,T,2024-06-07,1000000.00,4.298932,101.9453125
08:00:15,91282CKU4,TSRYS5814781,D,S,T,2024-06-07,1000000.00,4.298932,101.9453125
08:00:15,91282CKU4,TSRYS5814781,D,S,D,2024-06-07,1000000.00,4.299902,101.939453125
08:00:15,91282CKU4,TSRYS5814781,D,S,D,2024-06-07,1000000.00,4.299579,101.94140625
08:00:15,91282CKU4,TSRYS5814781,D,S,D,2024-06-07,1000000.00,4.303785,101.916015625
08:00:15,91282CKU4,TSRYS5814781,D,S,D,2024-06-07,1000000.00,4.303785,101.916015625
08:00:15,91282CKU4,TSRYS5814781,D,S,D,2024-06-07,1000000.00,4.30152,101.9296875
08:00:15,91282CKU4,TSRYS5814781,D,S,D,2024-06-07,1000000.00,4.299255,101.943359375
08:00:15,91282CKU4,TSRYS5814781,D,S,D,2024-06-07,1000000.00,4.299255,101.943359375
08:00:15,91282CKU4,TSRYS5814781,D,S,T,2024-06-07,1000000.00,4.30152,101.9296875
08:00:15,91282CKU4,TSRYS5814781,D,S,T,2024-06-07,1000000.00,4.30152,101.9296875
08:00:15,91282CKU4,TSRYS5814781,D,S,D,2024-06-07,1000000.00,4.301843,101.927734375
08:00:15,91282CKU4,TSRYS5814781,D,S,D,2024-06-07,1000000.00,4.303785,101.916015625
08:00:15,91282CKU4,TSRYS5814781,D,S,D,2024-06-07,1000000.00,4.304108,101.9140625
08:00:15,91282CKU4,TSRYS5814781,D,S,D,2024-06-07,1000000.00,4.304108,101.9140625
08:00:15,91282CKU4,TSRYS5814781,D,S,T,2024-06-07,1000000.00,4.30152,101.9296875
08:00:15,91282CKU4,TSRYS5814781,D,S,T,2024-06-07,1000000.00,4.302814,101.921875
08:00:15,91282CKU4,TSRYS5814781,D,S,T,2024-06-07,1000000.00,4.302814,101.921875
08:00:15,91282CKU4,TSRYS5814781,D,S,D,2024-06-07,1000000.00,4.30152,101.9296875
08:00:15,91282CKU4,TSRYS5814781,D,S,D,2024-06-07,1000000.00,4.296668,101.958984375
08:00:15,91282CKU4,TSRYS5814781,D,S,D,2024-06-07,1000000.00,4.299255,101.943359375
08:00:15,91282CKU4,TSRYS5814781,D,S,D,2024-06-07,1000000.00,4.30152,101.9296875
08:00:15,91282CKU4,TSRYS5814781,D,S,T,2024-06-07,4000000.00,4.30152,101.9296875
08:00:15,91282CKU4,TSRYS5814781,D,S,T,2024-06-07,1000000.00,4.296021,101.962890625
08:00:15,91282CKU4,TSRYS5814781,D,S,T,2024-06-07,1000000.00,4.292141,101.986328125
08:00:15,91282CKU4,TSRYS5814781,D,S,T,2024-06-07,1000000.00,4.300226,101.9375
08:00:15,91282CKU4,TSRYS5814781,D,S,T,2024-06-07,1000000.00,4.295051,101.96875
08:00:15,91282CKU4,TSRYS5814781,D,S,D,2024-06-07,1000000.00,4.296021,101.962890625
08:00:15,91282CKU4,TSRYS5814781,D,S,T,2024-06-07,1000000.00,4.30152,101.9296875
08:00:15,91282CKU4,TSRYS5814781,D,S,T,2024-06-07,1000000.00,4.30152,101.9296875
08:00:15,91282CKU4,TSRYS5814781,D,S,D,2024-06-07,1000000.00,4.299255,101.943359375
08:00:15,91282CKU4,TSRYS5814781,D,S,T,2024-06-07,1000000.00,4.298932,101.9453125
08:00:15,91282CKU4,TSRYS5814781,D,S,T,2024-06-07,1000000.00,4.298932,101.9453125
08:00:15,91282CKU4,TSRYS5814781,D,S,T,2024-06-07,1000000.00,4.304108,101.9140625
08:00:15,91282CKU4,TSRYS5814781,D,S,T,2024-06-07,1000000.00,4.304108,101.9140625
08:00:16,91282CKU4,TSRYS5814781,D,S,T,2024-06-07,1000000.00,4.297638,101.953125
08:00:16,91282CKU4,TSRYS5814781,D,S,T,2024-06-07,1000000.00,4.297638,101.953125
08:00:23,91282CKU4,TSRYS5814781,D,S,T,2024-06-07,1000000.00,4.290524,101.99609375
08:00:23,91282CKU4,TSRYS5814781,D,B,C,2024-06-07,2000000.00,4.30152,101.9296875
08:00:24,91282CKU4,TSRYS5814781,D,S,T,2024-06-07,1000000.00,4.301196,101.931640625
08:00:24,91282CKU4,TSRYS5814781,D,S,T,2024-06-07,1000000.00,4.290847,101.994140625
08:00:24,91282CKU4,TSRYS5814781,D,S,T,2024-06-07,1000000.00,4.30152,101.9296875
08:00:24,91282CKU4,TSRYS5814781,D,S,T,2024-06-07,1000000.00,4.30152,101.9296875
08:00:25,91282CKU4,TSRYS5814781,D,S,T,2024-06-07,1000000.00,4.301196,101.931640625
08:00:25,91282CKU4,TSRYS5814781,D,S,T,2024-06-07,1000000.00,4.30152,101.9296875
08:00:25,91282CKU4,TSRYS5814781,D,S,T,2024-06-07,1000000.00,4.30152,101.9296875
08:00:25,91282CKU4,TSRYS5814781,D,S,T,2024-06-07,2000000.00,4.30152,101.9296875
08:00:26,91282CKU4,TSRYS5814781,D,S,D,2024-06-07,1000000.00,4.30249,101.923828125
08:00:26,91282CKU4,TSRYS5814781,D,S,D,2024-06-07,1000000.00,4.302814,101.921875
08:00:28,91282CKU4,TSRYS5814781,D,S,D,2024-06-07,1000000.00,4.297961,101.951171875
08:00:28,91282CKU4,TSRYS5814781,D,S,D,2024-06-07,1000000.00,4.297638,101.953125
08:00:28,91282CKU4,TSRYS5814781,D,S,D,2024-06-07,1000000.00,4.297638,101.953125
08:00:28,91282CKU4,TSRYS5814781,D,S,D,2024-06-07,1000000.00,4.297638,101.953125
08:00:28,91282CKU4,TSRYS5814781,D,B,C,2024-06-07,33100000.00,4.300226,101.9375
08:00:28,91282CKU4,TSRYS5814781,D,S,T,2024-06-07,1000000.00,4.293757,101.9765625
08:00:29,91282CKU4,TSRYS5814781,D,S,T,2024-06-07,1000000.00,4.293757,101.9765625
08:00:29,91282CKU4,TSRYS5814781,D,S,T,2024-06-07,1000000.00,4.295374,101.966796875
08:00:29,91282CKU4,TSRYS5814781,D,S,T,2024-06-07,1000000.00,4.295697,101.96484375
08:00:29,91282CKU4,TSRYS5814781,D,S,T,2024-06-07,1000000.00,4.295374,101.966796875
08:00:29,91282CKU4,TSRYS5814781,D,S,T,2024-06-07,1000000.00,4.295374,101.966796875
08:00:29,91282CKU4,TSRYS5814781,D,S,T,2024-06-07,1000000.00,4.295051,101.96875
08:00:29,91282CKU4,TSRYS5814781,D,S,T,2024-06-07,1000000.00,4.293757,101.9765625
08:00:29,91282CKU4,TSRYS5814781,D,S,T,2024-06-07,1000000.00,4.294727,101.970703125
08:00:29,91282CKU4,TSRYS5814781,D,S,T,2024-06-07,1000000.00,4.294727,101.970703125
08:00:29,91282CKU4,TSRYS5814781,D,S,T,2024-06-07,2000000.00,4.295051,101.96875
08:00:29,91282CKU4,TSRYS5814781,D,S,T,2024-06-07,1000000.00,4.294081,101.974609375
08:00:29,91282CKU4,TSRYS5814781,D,S,T,2024-06-07,1000000.00,4.293757,101.9765625
08:00:29,91282CKU4,TSRYS5814781,D,S,T,2024-06-07,1000000.00,4.293757,101.9765625
08:00:29,91282CKU4,TSRYS5814781,D,S,T,2024-06-07,1000000.00,4.293757,101.9765625
08:00:30,91282CKU4,TSRYS5814781,D,S,D,2024-06-07,1000000.00,4.294404,101.97265625
08:00:30,91282CKU4,TSRYS5814781,D,S,T,2024-06-07,1000000.00,4.289878,102.0
08:00:30,91282CKU4,TSRYS5814781,D,S,D,2024-06-07,5000000.00,4.289554,102.001953125
08:00:30,91282CKU4,TSRYS5814781,D,S,D,2024-06-07,3000000.00,4.289554,102.001953125
08:00:30,91282CKU4,TSRYS5814781,D,S,D,2024-06-07,1000000.00,4.294404,101.97265625
08:00:30,91282CKU4,TSRYS5814781,D,S,T,2024-06-07,1000000.00,4.293757,101.9765625
08:00:30,91282CKU4,TSRYS5814781,D,S,D,2024-06-07,1000000.00,4.299255,101.943359375
08:00:30,91282CKU4,TSRYS5814781,D,S,D,2024-06-07,1000000.00,4.299255,101.943359375
08:00:30,91282CKU4,TSRYS5814781,D,S,D,2024-06-07,1000000.00,4.296344,101.9609375
08:00:30,91282CKU4,TSRYS5814781,D,S,T,2024-06-07,1000000.00,4.297638,101.953125
08:00:30,91282CKU4,TSRYS5814781,D,S,T,2024-06-07,1000000.00,4.298932,101.9453125
08:00:30,91282CKU4,TSRYS5814781,D,S,T,2024-06-07,1000000.00,4.300226,101.9375
08:00:30,91282CKU4,TSRYS5814781,D,S,D,2024-06-07,1000000.00,4.299255,101.943359375
08:00:30,91282CKU4,TSRYS5814781,D,S,D,2024-06-07,3000000.00,4.299255,101.943359375
08:00:30,91282CKU4,TSRYS5814781,D,S,T,2024-06-07,1000000.00,4.297638,101.953125
08:00:30,91282CKU4,TSRYS5814781,D,S,D,2024-06-07,2000000.00,4.299255,101.943359375
08:00:30,91282CKU4,TSRYS5814781,D,S,D,2024-06-07,1000000.00,4.299255,101.943359375
08:00:30,91282CKU4,TSRYS5814781,D,S,D,2024-06-07,1000000.00,4.303785,101.916015625
08:00:30,91282CKU4,TSRYS5814781,D,S,D,2024-06-07,1000000.00,4.303785,101.916015625
08:00:30,91282CKU4,TSRYS5814781,D,S,D,2024-06-07,2000000.00,4.303785,101.916015625
08:00:30,91282CKU4,TSRYS5814781,D,S,D,2024-06-07,1000000.00,4.303785,101.916015625
08:00:30,91282CKU4,TSRYS5814781,D,S,D,2024-06-07,1000000.00,4.303785,101.916015625
08:00:30,91282CKU4,TSRYS5814781,D,S,T,2024-06-07,1000000.00,4.297638,101.953125
08:00:32,91282CKU4,TSRYS5814781,D,S,D,2024-06-07,3000000.00,4.30605,101.90234375
08:00:32,91282CKU4,TSRYS5814781,D,S,T,2024-06-07,1000000.00,4.296344,101.9609375
08:00:32,91282CKU4,TSRYS5814781,D,S,T,2024-06-07,2000000.00,4.296344,101.9609375
08:00:32,91282CKU4,TSRYS5814781,D,S,T,2024-06-07,1000000.00,4.302814,101.921875
08:00:32,91282CKU4,TSRYS5814781,D,S,D,2024-06-07,1000000.00,4.303785,101.916015625
08:00:32,91282CKU4,TSRYS5814781,D,S,D,2024-06-07,4000000.00,4.303785,101.916015625
08:00:32,91282CKU4,TSRYS5814781,D,S,D,2024-06-07,1000000.00,4.303785,101.916015625
08:00:32,91282CKU4,TSRYS5814781,D,S,D,2024-06-07,1000000.00,4.303785,101.916015625
08:00:32,91282CKU4,TSRYS5814781,D,S,D,2024-06-07,1000000.00,4.303785,101.916015625
08:00:32,91282CKU4,TSRYS5814781,D,S,D,2024-06-07,1000000.00,4.303785,101.916015625
08:00:32,91282CKU4,TSRYS5814781,D,S,D,2024-06-07,1000000.00,4.303785,101.916015625
08:00:32,91282CKU4,TSRYS5814781,D,S,D,2024-06-07,1000000.00,4.30152,101.9296875
08:00:32,91282CKU4,TSRYS5814781,D,S,D,2024-06-07,1000000.00,4.30152,101.9296875
08:00:32,91282CKU4,TSRYS5814781,D,S,T,2024-06-07,1000000.00,4.30152,101.9296875
08:00:32,91282CKU4,TSRYS5814781,D,S,T,2024-06-07,1000000.00,4.30152,101.9296875
08:00:32,91282CKU4,TSRYS5814781,D,S,T,2024-06-07,1000000.00,4.30152,101.9296875
08:00:32,91282CKU4,TSRYS5814781,D,S,D,2024-06-07,1000000.00,4.303785,101.916015625
08:00:32,91282CKU4,TSRYS5814781,D,S,D,2024-06-07,1000000.00,4.30152,101.9296875
08:00:32,91282CKU4,TSRYS5814781,D,S,T,2024-06-07,1000000.00,4.297638,101.953125
08:00:32,91282CKU4,TSRYS5814781,D,S,D,2024-06-07,1000000.00,4.294404,101.97265625
08:00:32,91282CKU4,TSRYS5814781,D,S,D,2024-06-07,1000000.00,4.294404,101.97265625
08:00:32,91282CKU4,TSRYS5814781,D,S,D,2024-06-07,3000000.00,4.294404,101.97265625
08:00:32,91282CKU4,TSRYS5814781,D,S,D,2024-06-07,1000000.00,4.295051,101.96875
08:00:32,91282CKU4,TSRYS5814781,D,S,T,2024-06-07,1000000.00,4.295051,101.96875
08:00:32,91282CKU4,TSRYS5814781,D,S,T,2024-06-07,1000000.00,4.295697,101.96484375
08:00:32,91282CKU4,TSRYS5814781,D,S,D,2024-06-07,1000000.00,4.296668,101.958984375
08:00:32,91282CKU4,TSRYS5814781,D,S,D,2024-06-07,1000000.00,4.296668,101.958984375
08:00:32,91282CKU4,TSRYS5814781,D,S,T,2024-06-07,1000000.00,4.298932,101.9453125
08:00:32,91282CKU4,TSRYS5814781,D,S,D,2024-06-07,1000000.00,4.299255,101.943359375
08:00:32,91282CKU4,TSRYS5814781,D,S,T,2024-06-07,1000000.00,4.298932,101.9453125
08:00:32,91282CKU4,TSRYS5814781,D,S,D,2024-06-07,1000000.00,4.299255,101.943359375
08:00:32,91282CKU4,TSRYS5814781,D,S,D,2024-06-07,1000000.00,4.299255,101.943359375
08:00:32,91282CKU4,TSRYS5814781,D,S,D,2024-06-07,2000000.00,4.299255,101.943359375
08:00:32,91282CKU4,TSRYS5814781,D,S,T,2024-06-07,1000000.00,4.30152,101.9296875
08:00:32,91282CKU4,TSRYS5814781,D,S,T,2024-06-07,1000000.00,4.30152,101.9296875
08:00:32,91282CKU4,TSRYS5814781,D,S,T,2024-06-07,1000000.00,4.30152,101.9296875
08:00:32,91282CKU4,TSRYS5814781,D,S,D,2024-06-07,1000000.00,4.30152,101.9296875
08:00:32,91282CKU4,TSRYS5814781,D,S,T,2024-06-07,1000000.00,4.304108,101.9140625
08:00:32,91282CKU4,TSRYS5814781,D,S,D,2024-06-07,2000000.00,4.30605,101.90234375
08:00:32,91282CKU4,TSRYS5814781,D,S,D,2024-06-07,5000000.00,4.30605,101.90234375
08:00:32,91282CKU4,TSRYS5814781,D,S,D,2024-06-07,1000000.00,4.304108,101.9140625
08:00:32,91282CKU4,TSRYS5814781,D,S,T,2024-06-07,1000000.00,4.302814,101.921875
08:00:32,91282CKU4,TSRYS5814781,D,S,T,2024-06-07,2000000.00,4.300226,101.9375
08:00:32,91282CKU4,TSRYS5814781,D,S,T,2024-06-07,1000000.00,4.300226,101.9375
08:00:32,91282CKU4,TSRYS5814781,D,S,T,2024-06-07,3000000.00,4.300226,101.9375
08:00:32,91282CKU4,TSRYS5814781,D,S,T,2024-06-07,2000000.00,4.300226,101.9375
08:00:32,91282CKU4,TSRYS5814781,D,S,T,2024-06-07,1000000.00,4.300226,101.9375
08:00:32,91282CKU4,TSRYS5814781,D,S,T,2024-06-07,1000000.00,4.298932,101.9453125
08:00:32,91282CKU4,TSRYS5814781,D,S,T,2024-06-07,1000000.00,4.295374,101.966796875
08:00:32,91282CKU4,TSRYS5814781,D,S,T,2024-06-07,1000000.00,4.291171,101.9921875
08:00:32,91282CKU4,TSRYS5814781,D,S,T,2024-06-07,1000000.00,4.292464,101.984375
08:00:32,91282CKU4,TSRYS5814781,D,S,T,2024-06-07,1000000.00,4.292464,101.984375
08:00:32,91282CKU4,TSRYS5814781,D,S,T,2024-06-07,1000000.00,4.295051,101.96875
08:00:32,91282CKU4,TSRYS5814781,D,S,T,2024-06-07,1000000.00,4.295051,101.96875
08:00:32,91282CKU4,TSRYS5814781,D,S,T,2024-06-07,1000000.00,4.295051,101.96875
08:00:32,91282CKU4,TSRYS5814781,D,S,T,2024-06-07,1000000.00,4.295051,101.96875
08:00:32,91282CKU4,TSRYS5814781,D,S,T,2024-06-07,1000000.00,4.295051,101.96875
08:00:32,91282CKU4,TSRYS5814781,D,S,T,2024-06-07,1000000.00,4.295051,101.96875
08:00:32,91282CKU4,TSRYS5814781,D,S,T,2024-06-07,1000000.00,4.295051,101.96875
08:00:32,91282CKU4,TSRYS5814781,D,S,T,2024-06-07,1000000.00,4.293434,101.978515625
08:00:32,91282CKU4,TSRYS5814781,D,S,T,2024-06-07,1000000.00,4.295374,101.966796875
08:00:32,91282CKU4,TSRYS5814781,D,S,T,2024-06-07,1000000.00,4.292141,101.986328125
08:00:32,91282CKU4,TSRYS5814781,D,S,T,2024-06-07,1000000.00,4.292141,101.986328125
08:00:32,91282CKU4,TSRYS5814781,D,S,T,2024-06-07,1000000.00,4.293757,101.9765625
08:00:32,91282CKU4,TSRYS5814781,D,S,T,2024-06-07,1000000.00,4.292464,101.984375
08:00:32,91282CKU4,TSRYS5814781,D,S,T,2024-06-07,1000000.00,4.295051,101.96875
08:00:32,91282CKU4,TSRYS5814781,D,S,T,2024-06-07,1000000.00,4.298932,101.9453125
08:00:32,91282CKU4,TSRYS5814781,D,S,T,2024-06-07,1000000.00,4.298932,101.9453125
08:00:32,91282CKU4,TSRYS5814781,D,S,T,2024-06-07,1000000.00,4.300226,101.9375
08:00:32,91282CKU4,TSRYS5814781,D,S,T,2024-06-07,1000000.00,4.299902,101.939453125
08:00:32,91282CKU4,TSRYS5814781,D,S,T,2024-06-07,1000000.00,4.300226,101.9375
08:00:32,91282CKU4,TSRYS5814781,D,S,T,2024-06-07,1000000.00,4.297638,101.953125
08:00:32,91282CKU4,TSRYS5814781,D,S,T,2024-06-07,1000000.00,4.297638,101.953125
08:00:32,91282CKU4,TSRYS5814781,D,S,T,2024-06-07,1000000.00,4.298932,101.9453125
08:00:32,91282CKU4,TSRYS5814781,D,S,T,2024-06-07,1000000.00,4.298932,101.9453125
08:00:32,91282CKU4,TSRYS5814781,D,S,T,2024-06-07,1000000.00,4.298932,101.9453125
08:00:32,91282CKU4,TSRYS5814781,D,S,T,2024-06-07,1000000.00,4.298932,101.9453125
08:00:32,91282CKU4,TSRYS5814781,D,S,T,2024-06-07,1000000.00,4.298932,101.9453125
08:00:32,91282CKU4,TSRYS5814781,D,S,T,2024-06-07,1000000.00,4.298932,101.9453125
08:00:32,91282CKU4,TSRYS5814781,D,S,T,2024-06-07,1000000.00,4.297638,101.953125
08:00:33,91282CKU4,TSRYS5814781,D,S,D,2024-06-07,1000000.00,4.30152,101.9296875
08:00:33,91282CKU4,TSRYS5814781,D,S,T,2024-06-07,1000000.00,4.300226,101.9375
08:00:33,91282CKU4,TSRYS5814781,D,S,T,2024-06-07,1000000.00,4.296344,101.9609375
08:00:33,91282CKU4,TSRYS5814781,D,S,T,2024-06-07,1000000.00,4.295051,101.96875
08:00:33,91282CKU4,TSRYS5814781,D,S,T,2024-06-07,1000000.00,4.295051,101.96875
08:00:33,91282CKU4,TSRYS5814781,D,S,T,2024-06-07,1000000.00,4.295051,101.96875
08:00:33,91282CKU4,TSRYS5814781,D,S,T,2024-06-07,1000000.00,4.293757,101.9765625
08:00:33,91282CKU4,TSRYS5814781,D,S,T,2024-06-07,1000000.00,4.293757,101.9765625
08:00:33,91282CKU4,TSRYS5814781,D,S,T,2024-06-07,2000000.00,4.298285,101.94921875
08:00:33,91282CKU4,TSRYS5814781,D,S,T,2024-06-07,1000000.00,4.297638,101.953125
08:00:33,91282CKU4,TSRYS5814781,D,S,T,2024-06-07,1000000.00,4.295051,101.96875
08:00:33,91282CKU4,TSRYS5814781,D,S,T,2024-06-07,1000000.00,4.295051,101.96875
08:00:33,91282CKU4,TSRYS5814781,D,S,T,2024-06-07,1000000.00,4.295051,101.96875
08:00:33,91282CKU4,TSRYS5814781,D,S,T,2024-06-07,1000000.00,4.295051,101.96875
08:00:33,91282CKU4,TSRYS5814781,D,S,T,2024-06-07,1000000.00,4.293757,101.9765625
08:00:33,91282CKU4,TSRYS5814781,D,S,T,2024-06-07,1000000.00,4.295374,101.966796875
08:00:33,91282CKU4,TSRYS5814781,D,S,T,2024-06-07,1000000.00,4.30152,101.9296875
08:00:33,91282CKU4,TSRYS5814781,D,S,T,2024-06-07,1000000.00,4.302814,101.921875
08:00:33,91282CKU4,TSRYS5814781,D,S,T,2024-06-07,1000000.00,4.299579,101.94140625
08:00:33,91282CKU4,TSRYS5814781,D,S,T,2024-06-07,2000000.00,4.299579,101.94140625
08:00:33,91282CKU4,TSRYS5814781,D,S,T,2024-06-07,4000000.00,4.299579,101.94140625
08:00:33,91282CKU4,TSRYS5814781,D,S,T,2024-06-07,1000000.00,4.299579,101.94140625
08:00:33,91282CKU4,TSRYS5814781,D,S,T,2024-06-07,1000000.00,4.298932,101.9453125
08:00:33,91282CKU4,TSRYS5814781,D,S,T,2024-06-07,1000000.00,4.298932,101.9453125
08:00:33,91282CKU4,TSRYS5814781,D,S,T,2024-06-07,1000000.00,4.305079,101.908203125
08:00:33,91282CKU4,TSRYS5814781,D,S,T,2024-06-07,1000000.00,4.305403,101.90625
08:00:33,91282CKU4,TSRYS5814781,D,S,T,2024-06-07,1000000.00,4.305403,101.90625
08:00:33,91282CKU4,TSRYS5814781,D,S,T,2024-06-07,4000000.00,4.305403,101.90625
08:00:33,91282CKU4,TSRYS5814781,D,S,T,2024-06-07,1000000.00,4.306373,101.900390625
08:00:33,91282CKU4,TSRYS5814781,D,S,T,2024-06-07,3000000.00,4.306373,101.900390625
08:00:33,91282CKU4,TSRYS5814781,D,S,T,2024-06-07,1000000.00,4.306373,101.900390625
08:00:33,91282CKU4,TSRYS5814781,D,S,T,2024-06-07,1000000.00,4.306373,101.900390625
08:00:33,91282CKU4,TSRYS5814781,D,S,T,2024-06-07,1000000.00,4.306373,101.900390625
08:00:33,91282CKU4,TSRYS5814781,D,S,T,2024-06-07,1000000.00,4.30605,101.90234375
08:00:33,91282CKU4,TSRYS5814781,D,S,T,2024-06-07,3000000.00,4.30605,101.90234375
08:00:33,91282CKU4,TSRYS5814781,D,S,T,2024-06-07,1000000.00,4.305403,101.90625
08:00:33,91282CKU4,TSRYS5814781,D,S,T,2024-06-07,1000000.00,4.305403,101.90625
08:00:33,91282CKU4,TSRYS5814781,D,S,T,2024-06-07,1000000.00,4.305403,101.90625
08:00:33,91282CKU4,TSRYS5814781,D,S,T,2024-06-07,1000000.00,4.305079,101.908203125
08:00:33,91282CKU4,TSRYS5814781,D,S,T,2024-06-07,2000000.00,4.304108,101.9140625
08:00:33,91282CKU4,TSRYS5814781,D,S,T,2024-06-07,1000000.00,4.305079,101.908203125
08:00:33,91282CKU4,TSRYS5814781,D,S,T,2024-06-07,1000000.00,4.304432,101.912109375
08:00:33,91282CKU4,TSRYS5814781,D,S,T,2024-06-07,1000000.00,4.304108,101.9140625
08:00:33,91282CKU4,TSRYS5814781,D,S,T,2024-06-07,1000000.00,4.304108,101.9140625
08:00:33,91282CKU4,TSRYS5814781,D,S,T,2024-06-07,1000000.00,4.302814,101.921875
08:00:33,91282CKU4,TSRYS5814781,D,S,T,2024-06-07,1000000.00,4.303137,101.919921875
08:00:33,91282CKU4,TSRYS5814781,D,S,T,2024-06-07,1000000.00,4.303137,101.919921875
08:00:33,91282CKU4,TSRYS5814781,D,S,T,2024-06-07,1000000.00,4.303137,101.919921875
08:00:33,91282CKU4,TSRYS5814781,D,S,T,2024-06-07,1000000.00,4.303137,101.919921875
08:00:33,91282CKU4,TSRYS5814781,D,S,T,2024-06-07,1000000.00,4.303137,101.919921875
08:00:33,91282CKU4,TSRYS5814781,D,S,T,2024-06-07,1000000.00,4.296344,101.9609375
08:00:33,91282CKU4,TSRYS5814781,D,S,T,2024-06-07,1000000.00,4.296344,101.9609375
08:00:33,91282CKU4,TSRYS5814781,D,S,D,2024-06-07,1000000.00,4.289554,102.001953125
08:00:33,91282CKU4,TSRYS5814781,D,S,D,2024-06-07,1000000.00,4.294081,101.974609375
08:00:33,91282CKU4,TSRYS5814781,D,S,D,2024-06-07,1000000.00,4.294404,101.97265625
08:00:33,91282CKU4,TSRYS5814781,D,S,D,2024-06-07,1000000.00,4.294404,101.97265625
08:00:33,91282CKU4,TSRYS5814781,D,S,D,2024-06-07,1000000.00,4.294404,101.97265625
08:00:33,91282CKU4,TSRYS5814781,D,S,D,2024-06-07,1000000.00,4.294404,101.97265625
08:00:33,91282CKU4,TSRYS5814781,D,S,D,2024-06-07,1000000.00,4.299255,101.943359375
08:00:33,91282CKU4,TSRYS5814781,D,S,D,2024-06-07,1000000.00,4.299255,101.943359375
08:00:33,91282CKU4,TSRYS5814781,D,S,D,2024-06-07,1000000.00,4.299255,101.943359375
08:00:33,91282CKU4,TSRYS5814781,D,S,D,2024-06-07,1000000.00,4.299902,101.939453125
08:00:33,91282CKU4,TSRYS5814781,D,S,D,2024-06-07,1000000.00,4.299579,101.94140625
08:00:33,91282CKU4,TSRYS5814781,D,S,D,2024-06-07,1000000.00,4.299255,101.943359375
08:00:33,91282CKU4,TSRYS5814781,D,S,D,2024-06-07,1000000.00,4.297638,101.953125
08:00:33,91282CKU4,TSRYS5814781,D,S,D,2024-06-07,1000000.00,4.299579,101.94140625
08:00:33,91282CKU4,TSRYS5814781,D,S,D,2024-06-07,1000000.00,4.30249,101.923828125
08:00:33,91282CKU4,TSRYS5814781,D,S,D,2024-06-07,1000000.00,4.302814,101.921875
08:00:33,91282CKU4,TSRYS5814781,D,S,D,2024-06-07,1000000.00,4.303785,101.916015625
08:00:33,91282CKU4,TSRYS5814781,D,S,D,2024-06-07,1000000.00,4.303785,101.916015625
08:00:33,91282CKU4,TSRYS5814781,D,S,D,2024-06-07,1000000.00,4.303785,101.916015625
08:00:33,91282CKU4,TSRYS5814781,D,S,D,2024-06-07,1000000.00,4.303785,101.916015625
08:00:33,91282CKU4,TSRYS5814781,D,S,D,2024-06-07,1000000.00,4.303785,101.916015625
08:00:33,91282CKU4,TSRYS5814781,D,S,D,2024-06-07,1000000.00,4.303785,101.916015625
08:00:33,91282CKU4,TSRYS5814781,D,S,D,2024-06-07,1000000.00,4.303785,101.916015625
08:00:33,91282CKU4,TSRYS5814781,D,S,D,2024-06-07,1000000.00,4.30152,101.9296875
08:00:33,91282CKU4,TSRYS5814781,D,S,D,2024-06-07,1000000.00,4.299255,101.943359375
08:00:33,91282CKU4,TSRYS5814781,D,S,D,2024-06-07,1000000.00,4.299255,101.943359375
08:00:33,91282CKU4,TSRYS5814781,D,S,D,2024-06-07,1000000.00,4.297638,101.953125
08:00:33,91282CKU4,TSRYS5814781,D,S,D,2024-06-07,1000000.00,4.297961,101.951171875
08:00:33,91282CKU4,TSRYS5814781,D,S,D,2024-06-07,1000000.00,4.299255,101.943359375
08:00:33,91282CKU4,TSRYS5814781,D,S,D,2024-06-07,1000000.00,4.297315,101.955078125
08:00:33,91282CKU4,TSRYS5814781,D,S,D,2024-06-07,1000000.00,4.30152,101.9296875
08:00:33,91282CKU4,TSRYS5814781,D,S,D,2024-06-07,1000000.00,4.30152,101.9296875
08:00:33,91282CKU4,TSRYS5814781,D,S,D,2024-06-07,1000000.00,4.303785,101.916015625
08:00:33,91282CKU4,TSRYS5814781,D,S,D,2024-06-07,1000000.00,4.303785,101.916015625
08:00:33,91282CKU4,TSRYS5814781,D,S,D,2024-06-07,1000000.00,4.303785,101.916015625
08:00:33,91282CKU4,TSRYS5814781,D,S,D,2024-06-07,1000000.00,4.303785,101.916015625
08:00:33,91282CKU4,TSRYS5814781,D,S,D,2024-06-07,1000000.00,4.303785,101.916015625
08:00:33,91282CKU4,TSRYS5814781,D,S,D,2024-06-07,1000000.00,4.303785,101.916015625
08:00:33,91282CKU4,TSRYS5814781,D,S,D,2024-06-07,1000000.00,4.30152,101.9296875
08:00:33,91282CKU4,TSRYS5814781,D,S,D,2024-06-07,1000000.00,4.30249,101.923828125
08:00:33,91282CKU4,TSRYS5814781,D,S,D,2024-06-07,1000000.00,4.30152,101.9296875
08:00:33,91282CKU4,TSRYS5814781,D,S,D,2024-06-07,1000000.00,4.30152,101.9296875
08:00:33,91282CKU4,TSRYS5814781,D,S,D,2024-06-07,1000000.00,4.30152,101.9296875
08:00:33,91282CKU4,TSRYS5814781,D,S,D,2024-06-07,1000000.00,4.30152,101.9296875
08:00:33,91282CKU4,TSRYS5814781,D,S,D,2024-06-07,1000000.00,4.294404,101.97265625
08:00:33,91282CKU4,TSRYS5814781,D,S,D,2024-06-07,1000000.00,4.296668,101.958984375
08:00:33,91282CKU4,TSRYS5814781,D,S,D,2024-06-07,1000000.00,4.299255,101.943359375
08:00:33,91282CKU4,TSRYS5814781,D,S,D,2024-06-07,1000000.00,4.299255,101.943359375
08:00:33,91282CKU4,TSRYS5814781,D,S,D,2024-06-07,1000000.00,4.30152,101.9296875
08:00:33,91282CKU4,TSRYS5814781,D,S,D,2024-06-07,1000000.00,4.300226,101.9375
08:00:33,91282CKU4,TSRYS5814781,D,S,D,2024-06-07,1000000.00,4.30605,101.90234375
08:00:33,91282CKU4,TSRYS5814781,D,S,D,2024-06-07,1000000.00,4.30605,101.90234375
08:00:33,91282CKU4,TSRYS5814781,D,S,D,2024-06-07,1000000.00,4.30605,101.90234375
08:00:33,91282CKU4,TSRYS5814781,D,S,D,2024-06-07,1000000.00,4.30605,101.90234375
08:00:33,91282CKU4,TSRYS5814781,D,S,D,2024-06-07,1000000.00,4.297638,101.953125
08:00:33,91282CKU4,TSRYS5814781,D,S,D,2024-06-07,1000000.00,4.297638,101.953125
08:00:33,91282CKU4,TSRYS5814781,D,S,D,2024-06-07,1000000.00,4.297638,101.953125
08:00:33,91282CKU4,TSRYS5814781,D,S,D,2024-06-07,1000000.00,4.297638,101.953125
08:00:33,91282CKU4,TSRYS5814781,D,S,D,2024-06-07,1000000.00,4.300226,101.9375
08:00:33,91282CKU4,TSRYS5814781,D,S,D,2024-06-07,1000000.00,4.295697,101.96484375
08:00:33,91282CKU4,TSRYS5814781,D,S,D,2024-06-07,1000000.00,4.295374,101.966796875
08:00:33,91282CKU4,TSRYS5814781,D,S,D,2024-06-07,1000000.00,4.295374,101.966796875
08:00:33,91282CKU4,TSRYS5814781,D,S,D,2024-06-07,1000000.00,4.299255,101.943359375
08:00:33,91282CKU4,TSRYS5814781,D,S,D,2024-06-07,1000000.00,4.297638,101.953125
08:00:33,91282CKU4,TSRYS5814781,D,S,D,2024-06-07,1000000.00,4.297638,101.953125
08:00:33,91282CKU4,TSRYS5814781,D,S,D,2024-06-07,1000000.00,4.297638,101.953125
08:00:33,91282CKU4,TSRYS5814781,D,S,D,2024-06-07,1000000.00,4.298608,101.947265625
08:00:33,91282CKU4,TSRYS5814781,D,S,D,2024-06-07,1000000.00,4.299579,101.94140625
08:00:33,91282CKU4,TSRYS5814781,D,S,D,2024-06-07,1000000.00,4.297638,101.953125
08:00:33,91282CKU4,TSRYS5814781,D,S,D,2024-06-07,1000000.00,4.297638,101.953125
08:00:33,91282CKU4,TSRYS5814781,D,S,D,2024-06-07,1000000.00,4.296668,101.958984375
08:00:33,91282CKU4,TSRYS5814781,D,S,D,2024-06-07,1000000.00,4.30152,101.9296875
08:00:33,91282CKU4,TSRYS5814781,D,S,D,2024-06-07,1000000.00,4.306697,101.8984375
08:00:33,91282CKU4,TSRYS5814781,D,S,T,2024-06-07,3000000.00,4.289554,102.001953125
08:00:33,91282CKU4,TSRYS5814781,D,S,D,2024-06-07,6000000.00,4.289554,102.001953125
08:00:33,91282CKU4,TSRYS5814781,D,S,D,2024-06-07,1000000.00,4.289554,102.001953125
08:00:33,91282CKU4,TSRYS5814781,D,S,D,2024-06-07,1000000.00,4.289554,102.001953125
08:00:33,91282CKU4,TSRYS5814781,D,S,D,2024-06-07,5000000.00,4.289554,102.001953125
08:00:33,91282CKU4,TSRYS5814781,D,S,D,2024-06-07,2000000.00,4.289554,102.001953125
08:00:33,91282CKU4,TSRYS5814781,D,S,T,2024-06-07,3000000.00,4.289554,102.001953125
08:00:33,91282CKU4,TSRYS5814781,D,S,D,2024-06-07,2000000.00,4.289554,102.001953125
08:00:33,91282CKU4,TSRYS5814781,D,S,D,2024-06-07,1000000.00,4.289554,102.001953125
08:00:33,91282CKU4,TSRYS5814781,D,S,D,2024-06-07,1000000.00,4.289554,102.001953125
08:00:33,91282CKU4,TSRYS5814781,D,S,D,2024-06-07,2000000.00,4.289554,102.001953125
08:00:33,91282CKU4,TSRYS5814781,D,S,T,2024-06-07,1000000.00,4.292141,101.986328125
08:00:33,91282CKU4,TSRYS5814781,D,S,D,2024-06-07,2000000.00,4.292141,101.986328125
08:00:33,91282CKU4,TSRYS5814781,D,S,T,2024-06-07,1000000.00,4.294404,101.97265625
08:00:33,91282CKU4,TSRYS5814781,D,S,T,2024-06-07,1000000.00,4.294404,101.97265625
08:00:33,91282CKU4,TSRYS5814781,D,S,D,2024-06-07,2000000.00,4.294404,101.97265625
08:00:33,91282CKU4,TSRYS5814781,D,S,T,2024-06-07,1000000.00,4.293757,101.9765625
08:00:33,91282CKU4,TSRYS5814781,D,S,D,2024-06-07,1000000.00,4.294404,101.97265625
08:00:33,91282CKU4,TSRYS5814781,D,S,D,2024-06-07,2000000.00,4.294404,101.97265625
08:00:33,91282CKU4,TSRYS5814781,D,S,T,2024-06-07,1000000.00,4.294404,101.97265625
08:00:33,91282CKU4,TSRYS5814781,D,S,D,2024-06-07,2000000.00,4.294404,101.97265625
08:00:33,91282CKU4,TSRYS5814781,D,S,T,2024-06-07,1000000.00,4.294404,101.97265625
08:00:33,91282CKU4,TSRYS5814781,D,S,T,2024-06-07,1000000.00,4.294404,101.97265625
08:00:33,91282CKU4,TSRYS5814781,D,S,D,2024-06-07,1000000.00,4.294404,101.97265625
08:00:33,91282CKU4,TSRYS5814781,D,S,D,2024-06-07,1000000.00,4.294404,101.97265625
08:00:33,91282CKU4,TSRYS5814781,D,S,D,2024-06-07,2000000.00,4.294404,101.97265625
08:00:33,91282CKU4,TSRYS5814781,D,S,D,2024-06-07,2000000.00,4.294404,101.97265625
08:00:33,91282CKU4,TSRYS5814781,D,S,D,2024-06-07,1000000.00,4.294404,101.97265625
08:00:33,91282CKU4,TSRYS5814781,D,S,D,2024-06-07,1000000.00,4.294404,101.97265625
08:00:33,91282CKU4,TSRYS5814781,D,S,D,2024-06-07,1000000.00,4.294404,101.97265625
08:00:33,91282CKU4,TSRYS5814781,D,S,D,2024-06-07,1000000.00,4.294404,101.97265625
08:00:33,91282CKU4,TSRYS5814781,D,S,D,2024-06-07,1000000.00,4.294404,101.97265625
08:00:33,91282CKU4,TSRYS5814781,D,S,T,2024-06-07,1000000.00,4.296668,101.958984375
08:00:33,91282CKU4,TSRYS5814781,D,S,D,2024-06-07,1000000.00,4.296668,101.958984375
08:00:33,91282CKU4,TSRYS5814781,D,S,D,2024-06-07,1000000.00,4.296668,101.958984375
08:00:33,91282CKU4,TSRYS5814781,D,S,T,2024-06-07,1000000.00,4.299255,101.943359375
08:00:33,91282CKU4,TSRYS5814781,D,S,D,2024-06-07,1000000.00,4.299255,101.943359375
08:00:33,91282CKU4,TSRYS5814781,D,S,D,2024-06-07,1000000.00,4.299255,101.943359375
08:00:33,91282CKU4,TSRYS5814781,D,S,D,2024-06-07,1000000.00,4.299255,101.943359375
08:00:33,91282CKU4,TSRYS5814781,D,S,D,2024-06-07,1000000.00,4.299255,101.943359375
08:00:33,91282CKU4,TSRYS5814781,D,S,T,2024-06-07,1000000.00,4.299255,101.943359375
08:00:33,91282CKU4,TSRYS5814781,D,S,D,2024-06-07,2000000.00,4.299255,101.943359375
08:00:33,91282CKU4,TSRYS5814781,D,S,D,2024-06-07,1000000.00,4.299255,101.943359375
08:00:33,91282CKU4,TSRYS5814781,D,S,D,2024-06-07,1000000.00,4.299255,101.943359375
08:00:33,91282CKU4,TSRYS5814781,D,S,D,2024-06-07,2000000.00,4.299255,101.943359375
08:00:33,91282CKU4,TSRYS5814781,D,S,T,2024-06-07,1000000.00,4.299255,101.943359375
08:00:33,91282CKU4,TSRYS5814781,D,S,D,2024-06-07,1000000.00,4.299579,101.94140625
08:00:33,91282CKU4,TSRYS5814781,D,S,D,2024-06-07,1000000.00,4.299579,101.94140625
08:00:33,91282CKU4,TSRYS5814781,D,S,T,2024-06-07,1000000.00,4.296344,101.9609375
08:00:33,91282CKU4,TSRYS5814781,D,S,T,2024-06-07,2000000.00,4.299255,101.943359375
08:00:33,91282CKU4,TSRYS5814781,D,S,T,2024-06-07,2000000.00,4.299255,101.943359375
08:00:33,91282CKU4,TSRYS5814781,D,S,T,2024-06-07,1000000.00,4.299255,101.943359375
08:00:33,91282CKU4,TSRYS5814781,D,S,D,2024-06-07,2000000.00,4.299255,101.943359375
08:00:33,91282CKU4,TSRYS5814781,D,S,D,2024-06-07,2000000.00,4.299255,101.943359375
08:00:33,91282CKU4,TSRYS5814781,D,S,D,2024-06-07,3000000.00,4.299255,101.943359375
08:00:33,91282CKU4,TSRYS5814781,D,S,D,2024-06-07,1000000.00,4.297638,101.953125
08:00:33,91282CKU4,TSRYS5814781,D,S,D,2024-06-07,1000000.00,4.297638,101.953125
08:00:33,91282CKU4,TSRYS5814781,D,S,D,2024-06-07,1000000.00,4.297638,101.953125
08:00:33,91282CKU4,TSRYS5814781,D,S,D,2024-06-07,2000000.00,4.299255,101.943359375
08:00:33,91282CKU4,TSRYS5814781,D,S,D,2024-06-07,1000000.00,4.299579,101.94140625
08:00:33,91282CKU4,TSRYS5814781,D,S,D,2024-06-07,1000000.00,4.299579,101.94140625
08:00:33,91282CKU4,TSRYS5814781,D,S,T,2024-06-07,1000000.00,4.299255,101.943359375
08:00:33,91282CKU4,TSRYS5814781,D,S,T,2024-06-07,1000000.00,4.299255,101.943359375
08:00:33,91282CKU4,TSRYS5814781,D,S,D,2024-06-07,2000000.00,4.299255,101.943359375
08:00:33,91282CKU4,TSRYS5814781,D,S,T,2024-06-07,1000000.00,4.299255,101.943359375
08:00:33,91282CKU4,TSRYS5814781,D,S,T,2024-06-07,2000000.00,4.299255,101.943359375
08:00:33,91282CKU4,TSRYS5814781,D,S,D,2024-06-07,2000000.00,4.299255,101.943359375
08:00:33,91282CKU4,TSRYS5814781,D,S,D,2024-06-07,1000000.00,4.30152,101.9296875
08:00:33,91282CKU4,TSRYS5814781,D,S,D,2024-06-07,2000000.00,4.30152,101.9296875
08:00:33,91282CKU4,TSRYS5814781,D,S,D,2024-06-07,1000000.00,4.303785,101.916015625
08:00:33,91282CKU4,TSRYS5814781,D,S,D,2024-06-07,1000000.00,4.303785,101.916015625
08:00:33,91282CKU4,TSRYS5814781,D,S,D,2024-06-07,1000000.00,4.303785,101.916015625
08:00:33,91282CKU4,TSRYS5814781,D,S,D,2024-06-07,1000000.00,4.303785,101.916015625
08:00:33,91282CKU4,TSRYS5814781,D,S,T,2024-06-07,1000000.00,4.303785,101.916015625
08:00:33,91282CKU4,TSRYS5814781,D,S,T,2024-06-07,1000000.00,4.303785,101.916015625
08:00:33,91282CKU4,TSRYS5814781,D,S,D,2024-06-07,4000000.00,4.303785,101.916015625
08:00:33,91282CKU4,TSRYS5814781,D,S,D,2024-06-07,3000000.00,4.303785,101.916015625
08:00:33,91282CKU4,TSRYS5814781,D,S,D,2024-06-07,2000000.00,4.303785,101.916015625
08:00:33,91282CKU4,TSRYS5814781,D,S,T,2024-06-07,1000000.00,4.303785,101.916015625
08:00:33,91282CKU4,TSRYS5814781,D,S,T,2024-06-07,1000000.00,4.303785,101.916015625
08:00:33,91282CKU4,TSRYS5814781,D,S,D,2024-06-07,1000000.00,4.303785,101.916015625
08:00:33,91282CKU4,TSRYS5814781,D,S,D,2024-06-07,1000000.00,4.303785,101.916015625
08:00:33,91282CKU4,TSRYS5814781,D,S,D,2024-06-07,1000000.00,4.303785,101.916015625
08:00:33,91282CKU4,TSRYS5814781,D,S,T,2024-06-07,2000000.00,4.303785,101.916015625
08:00:33,91282CKU4,TSRYS5814781,D,S,D,2024-06-07,2000000.00,4.303785,101.916015625
08:00:33,91282CKU4,TSRYS5814781,D,S,D,2024-06-07,1000000.00,4.303785,101.916015625
08:00:33,91282CKU4,TSRYS5814781,D,S,T,2024-06-07,1000000.00,4.303785,101.916015625
08:00:33,91282CKU4,TSRYS5814781,D,S,D,2024-06-07,1000000.00,4.303785,101.916015625
08:00:33,91282CKU4,TSRYS5814781,D,S,T,2024-06-07,1000000.00,4.303785,101.916015625
08:00:33,91282CKU4,TSRYS5814781,D,S,D,2024-06-07,1000000.00,4.303785,101.916015625
08:00:33,91282CKU4,TSRYS5814781,D,S,D,2024-06-07,1000000.00,4.304108,101.9140625
08:00:33,91282CKU4,TSRYS5814781,D,S,D,2024-06-07,1000000.00,4.303785,101.916015625
08:00:33,91282CKU4,TSRYS5814781,D,S,D,2024-06-07,1000000.00,4.303785,101.916015625
08:00:33,91282CKU4,TSRYS5814781,D,S,D,2024-06-07,1000000.00,4.303785,101.916015625
08:00:33,91282CKU4,TSRYS5814781,D,S,D,2024-06-07,1000000.00,4.301843,101.927734375
08:00:33,91282CKU4,TSRYS5814781,D,S,D,2024-06-07,1000000.00,4.301843,101.927734375
08:00:33,91282CKU4,TSRYS5814781,D,S,D,2024-06-07,2000000.00,4.30152,101.9296875
08:00:33,91282CKU4,TSRYS5814781,D,S,D,2024-06-07,1000000.00,4.30152,101.9296875
08:00:33,91282CKU4,TSRYS5814781,D,S,D,2024-06-07,1000000.00,4.30152,101.9296875
08:00:33,91282CKU4,TSRYS5814781,D,S,T,2024-06-07,1000000.00,4.300873,101.93359375
08:00:33,91282CKU4,TSRYS5814781,D,S,D,2024-06-07,1000000.00,4.299255,101.943359375
08:00:33,91282CKU4,TSRYS5814781,D,S,D,2024-06-07,1000000.00,4.299255,101.943359375
08:00:33,91282CKU4,TSRYS5814781,D,S,T,2024-06-07,1000000.00,4.299255,101.943359375
08:00:33,91282CKU4,TSRYS5814781,D,S,D,2024-06-07,1000000.00,4.299255,101.943359375
08:00:33,91282CKU4,TSRYS5814781,D,S,T,2024-06-07,1000000.00,4.297961,101.951171875
08:00:33,91282CKU4,TSRYS5814781,D,S,T,2024-06-07,1000000.00,4.297961,101.951171875
08:00:33,91282CKU4,TSRYS5814781,D,S,D,2024-06-07,1000000.00,4.299255,101.943359375
08:00:33,91282CKU4,TSRYS5814781,D,S,D,2024-06-07,1000000.00,4.299255,101.943359375
08:00:33,91282CKU4,TSRYS5814781,D,S,D,2024-06-07,1000000.00,4.300226,101.9375
08:00:33,91282CKU4,TSRYS5814781,D,S,T,2024-06-07,1000000.00,4.297315,101.955078125
08:00:33,91282CKU4,TSRYS5814781,D,S,D,2024-06-07,2000000.00,4.296668,101.958984375
08:00:33,91282CKU4,TSRYS5814781,D,S,T,2024-06-07,3000000.00,4.296668,101.958984375
08:00:33,91282CKU4,TSRYS5814781,D,S,D,2024-06-07,1000000.00,4.296668,101.958984375
08:00:33,91282CKU4,TSRYS5814781,D,S,D,2024-06-07,1000000.00,4.296668,101.958984375
08:00:33,91282CKU4,TSRYS5814781,D,S,D,2024-06-07,3000000.00,4.296668,101.958984375
08:00:33,91282CKU4,TSRYS5814781,D,S,D,2024-06-07,1000000.00,4.296668,101.958984375
08:00:33,91282CKU4,TSRYS5814781,D,S,D,2024-06-07,1000000.00,4.296668,101.958984375
08:00:33,91282CKU4,TSRYS5814781,D,S,T,2024-06-07,1000000.00,4.296021,101.962890625
08:00:33,91282CKU4,TSRYS5814781,D,S,D,2024-06-07,2000000.00,4.299255,101.943359375
08:00:33,91282CKU4,TSRYS5814781,D,S,D,2024-06-07,2000000.00,4.299255,101.943359375
08:00:33,91282CKU4,TSRYS5814781,D,S,D,2024-06-07,1000000.00,4.30152,101.9296875
08:00:33,91282CKU4,TSRYS5814781,D,S,D,2024-06-07,2000000.00,4.30152,101.9296875
08:00:33,91282CKU4,TSRYS5814781,D,S,D,2024-06-07,2000000.00,4.30152,101.9296875
08:00:33,91282CKU4,TSRYS5814781,D,S,D,2024-06-07,1000000.00,4.30152,101.9296875
08:00:33,91282CKU4,TSRYS5814781,D,S,D,2024-06-07,1000000.00,4.30152,101.9296875
08:00:33,91282CKU4,TSRYS5814781,D,S,D,2024-06-07,2000000.00,4.30152,101.9296875
08:00:33,91282CKU4,TSRYS5814781,D,S,D,2024-06-07,1000000.00,4.303785,101.916015625
08:00:33,91282CKU4,TSRYS5814781,D,S,T,2024-06-07,1000000.00,4.303785,101.916015625
08:00:33,91282CKU4,TSRYS5814781,D,S,D,2024-06-07,2000000.00,4.303785,101.916015625
08:00:33,91282CKU4,TSRYS5814781,D,S,D,2024-06-07,1000000.00,4.303785,101.916015625
08:00:33,91282CKU4,TSRYS5814781,D,S,T,2024-06-07,1000000.00,4.303785,101.916015625
08:00:33,91282CKU4,TSRYS5814781,D,S,T,2024-06-07,1000000.00,4.303785,101.916015625
08:00:33,91282CKU4,TSRYS5814781,D,S,D,2024-06-07,1000000.00,4.304108,101.9140625
08:00:33,91282CKU4,TSRYS5814781,D,S,D,2024-06-07,1000000.00,4.304108,101.9140625
08:00:33,91282CKU4,TSRYS5814781,D,S,D,2024-06-07,1000000.00,4.303785,101.916015625
08:00:33,91282CKU4,TSRYS5814781,D,S,D,2024-06-07,1000000.00,4.303785,101.916015625
08:00:33,91282CKU4,TSRYS5814781,D,S,D,2024-06-07,1000000.00,4.303785,101.916015625
08:00:33,91282CKU4,TSRYS5814781,D,S,D,2024-06-07,2000000.00,4.303785,101.916015625
08:00:33,91282CKU4,TSRYS5814781,D,S,D,2024-06-07,2000000.00,4.303785,101.916015625
08:00:33,91282CKU4,TSRYS5814781,D,S,D,2024-06-07,1000000.00,4.303785,101.916015625
08:00:33,91282CKU4,TSRYS5814781,D,S,D,2024-06-07,1000000.00,4.303785,101.916015625
08:00:33,91282CKU4,TSRYS5814781,D,S,D,2024-06-07,2000000.00,4.303785,101.916015625
08:00:33,91282CKU4,TSRYS5814781,D,S,D,2024-06-07,2000000.00,4.303785,101.916015625
08:00:33,91282CKU4,TSRYS5814781,D,S,T,2024-06-07,1000000.00,4.303785,101.916015625
08:00:33,91282CKU4,TSRYS5814781,D,S,D,2024-06-07,2000000.00,4.303785,101.916015625
08:00:33,91282CKU4,TSRYS5814781,D,S,D,2024-06-07,1000000.00,4.303785,101.916015625
08:00:33,91282CKU4,TSRYS5814781,D,S,D,2024-06-07,1000000.00,4.302814,101.921875
08:00:33,91282CKU4,TSRYS5814781,D,S,D,2024-06-07,1000000.00,4.303785,101.916015625
08:00:33,91282CKU4,TSRYS5814781,D,S,T,2024-06-07,1000000.00,4.303785,101.916015625
08:00:33,91282CKU4,TSRYS5814781,D,S,T,2024-06-07,2000000.00,4.303785,101.916015625
08:00:33,91282CKU4,TSRYS5814781,D,S,T,2024-06-07,1000000.00,4.303785,101.916015625
08:00:33,91282CKU4,TSRYS5814781,D,S,D,2024-06-07,1000000.00,4.303785,101.916015625
08:00:33,91282CKU4,TSRYS5814781,D,S,D,2024-06-07,2000000.00,4.303785,101.916015625
08:00:33,91282CKU4,TSRYS5814781,D,S,D,2024-06-07,1000000.00,4.303785,101.916015625
08:00:33,91282CKU4,TSRYS5814781,D,S,D,2024-06-07,2000000.00,4.303785,101.916015625
08:00:33,91282CKU4,TSRYS5814781,D,S,T,2024-06-07,1000000.00,4.303785,101.916015625
08:00:33,91282CKU4,TSRYS5814781,D,S,T,2024-06-07,1000000.00,4.303785,101.916015625
08:00:33,91282CKU4,TSRYS5814781,D,S,D,2024-06-07,1000000.00,4.30152,101.9296875
08:00:33,91282CKU4,TSRYS5814781,D,S,T,2024-06-07,1000000.00,4.30152,101.9296875
08:00:33,91282CKU4,TSRYS5814781,D,S,D,2024-06-07,1000000.00,4.30152,101.9296875
08:00:33,91282CKU4,TSRYS5814781,D,S,D,2024-06-07,1000000.00,4.30152,101.9296875
08:00:33,91282CKU4,TSRYS5814781,D,S,D,2024-06-07,2000000.00,4.30152,101.9296875
08:00:33,91282CKU4,TSRYS5814781,D,S,D,2024-06-07,2000000.00,4.30152,101.9296875
08:00:33,91282CKU4,TSRYS5814781,D,S,T,2024-06-07,1000000.00,4.30152,101.9296875
08:00:33,91282CKU4,TSRYS5814781,D,S,D,2024-06-07,2000000.00,4.30152,101.9296875
08:00:33,91282CKU4,TSRYS5814781,D,S,D,2024-06-07,1000000.00,4.30152,101.9296875
08:00:33,91282CKU4,TSRYS5814781,D,S,D,2024-06-07,1000000.00,4.30152,101.9296875
08:00:33,91282CKU4,TSRYS5814781,D,S,T,2024-06-07,1000000.00,4.30152,101.9296875
08:00:33,91282CKU4,TSRYS5814781,D,S,D,2024-06-07,1000000.00,4.30152,101.9296875
08:00:33,91282CKU4,TSRYS5814781,D,S,D,2024-06-07,1000000.00,4.30152,101.9296875
08:00:33,91282CKU4,TSRYS5814781,D,S,T,2024-06-07,1000000.00,4.30152,101.9296875
08:00:33,91282CKU4,TSRYS5814781,D,S,T,2024-06-07,1000000.00,4.30152,101.9296875
08:00:33,91282CKU4,TSRYS5814781,D,S,D,2024-06-07,1000000.00,4.30152,101.9296875
08:00:33,91282CKU4,TSRYS5814781,D,S,T,2024-06-07,1000000.00,4.30152,101.9296875
08:00:33,91282CKU4,TSRYS5814781,D,S,T,2024-06-07,1000000.00,4.300226,101.9375
08:00:33,91282CKU4,TSRYS5814781,D,S,T,2024-06-07,1000000.00,4.300226,101.9375
08:00:33,91282CKU4,TSRYS5814781,D,S,D,2024-06-07,1000000.00,4.30152,101.9296875
08:00:33,91282CKU4,TSRYS5814781,D,S,T,2024-06-07,1000000.00,4.30152,101.9296875
08:00:33,91282CKU4,TSRYS5814781,D,S,D,2024-06-07,1000000.00,4.30152,101.9296875
08:00:33,91282CKU4,TSRYS5814781,D,S,T,2024-06-07,1000000.00,4.30152,101.9296875
08:00:33,91282CKU4,TSRYS5814781,D,S,T,2024-06-07,1000000.00,4.30152,101.9296875
08:00:33,91282CKU4,TSRYS5814781,D,S,D,2024-06-07,1000000.00,4.30152,101.9296875
08:00:33,91282CKU4,TSRYS5814781,D,S,D,2024-06-07,1000000.00,4.303785,101.916015625
08:00:33,91282CKU4,TSRYS5814781,D,S,D,2024-06-07,2000000.00,4.294404,101.97265625
08:00:33,91282CKU4,TSRYS5814781,D,S,D,2024-06-07,1000000.00,4.294404,101.97265625
08:00:33,91282CKU4,TSRYS5814781,D,S,D,2024-06-07,2000000.00,4.294404,101.97265625
08:00:33,91282CKU4,TSRYS5814781,D,S,D,2024-06-07,2000000.00,4.294404,101.97265625
08:00:33,91282CKU4,TSRYS5814781,D,S,D,2024-06-07,1000000.00,4.294404,101.97265625
08:00:33,91282CKU4,TSRYS5814781,D,S,D,2024-06-07,1000000.00,4.294404,101.97265625
08:00:33,91282CKU4,TSRYS5814781,D,S,D,2024-06-07,1000000.00,4.294404,101.97265625
08:00:33,91282CKU4,TSRYS5814781,D,S,D,2024-06-07,1000000.00,4.294404,101.97265625
08:00:33,91282CKU4,TSRYS5814781,D,S,T,2024-06-07,2000000.00,4.294404,101.97265625
08:00:33,91282CKU4,TSRYS5814781,D,S,D,2024-06-07,1000000.00,4.294404,101.97265625
08:00:33,91282CKU4,TSRYS5814781,D,S,D,2024-06-07,1000000.00,4.294404,101.97265625
08:00:33,91282CKU4,TSRYS5814781,D,S,T,2024-06-07,1000000.00,4.295051,101.96875
08:00:33,91282CKU4,TSRYS5814781,D,S,D,2024-06-07,1000000.00,4.296668,101.958984375
08:00:33,91282CKU4,TSRYS5814781,D,S,D,2024-06-07,1000000.00,4.296668,101.958984375
08:00:33,91282CKU4,TSRYS5814781,D,S,D,2024-06-07,2000000.00,4.296668,101.958984375
08:00:33,91282CKU4,TSRYS5814781,D,S,D,2024-06-07,1000000.00,4.296668,101.958984375
08:00:33,91282CKU4,TSRYS5814781,D,S,D,2024-06-07,1000000.00,4.296668,101.958984375
08:00:33,91282CKU4,TSRYS5814781,D,S,D,2024-06-07,1000000.00,4.299255,101.943359375
08:00:33,91282CKU4,TSRYS5814781,D,S,D,2024-06-07,1000000.00,4.299255,101.943359375
08:00:33,91282CKU4,TSRYS5814781,D,S,D,2024-06-07,2000000.00,4.299255,101.943359375
08:00:33,91282CKU4,TSRYS5814781,D,S,T,2024-06-07,1000000.00,4.299255,101.943359375
08:00:33,91282CKU4,TSRYS5814781,D,S,T,2024-06-07,1000000.00,4.299255,101.943359375
08:00:33,91282CKU4,TSRYS5814781,D,S,D,2024-06-07,5000000.00,4.299255,101.943359375
08:00:33,91282CKU4,TSRYS5814781,D,S,D,2024-06-07,3000000.00,4.299255,101.943359375
08:00:33,91282CKU4,TSRYS5814781,D,S,T,2024-06-07,2000000.00,4.299255,101.943359375
08:00:33,91282CKU4,TSRYS5814781,D,S,T,2024-06-07,1000000.00,4.30152,101.9296875
08:00:33,91282CKU4,TSRYS5814781,D,S,T,2024-06-07,1000000.00,4.30152,101.9296875
08:00:33,91282CKU4,TSRYS5814781,D,S,D,2024-06-07,4000000.00,4.30152,101.9296875
08:00:33,91282CKU4,TSRYS5814781,D,S,D,2024-06-07,1000000.00,4.300226,101.9375
08:00:33,91282CKU4,TSRYS5814781,D,S,T,2024-06-07,1000000.00,4.300226,101.9375
08:00:33,91282CKU4,TSRYS5814781,D,S,T,2024-06-07,1000000.00,4.300226,101.9375
08:00:33,91282CKU4,TSRYS5814781,D,S,D,2024-06-07,1000000.00,4.30152,101.9296875
08:00:33,91282CKU4,TSRYS5814781,D,S,D,2024-06-07,1000000.00,4.30605,101.90234375
08:00:33,91282CKU4,TSRYS5814781,D,S,D,2024-06-07,1000000.00,4.30605,101.90234375
08:00:33,91282CKU4,TSRYS5814781,D,S,T,2024-06-07,1000000.00,4.30605,101.90234375
08:00:33,91282CKU4,TSRYS5814781,D,S,T,2024-06-07,1000000.00,4.30605,101.90234375
08:00:33,91282CKU4,TSRYS5814781,D,S,T,2024-06-07,1000000.00,4.30605,101.90234375
08:00:33,91282CKU4,TSRYS5814781,D,S,D,2024-06-07,1000000.00,4.30605,101.90234375
08:00:33,91282CKU4,TSRYS5814781,D,S,D,2024-06-07,3000000.00,4.30605,101.90234375
08:00:33,91282CKU4,TSRYS5814781,D,S,D,2024-06-07,1000000.00,4.30605,101.90234375
08:00:33,91282CKU4,TSRYS5814781,D,S,D,2024-06-07,2000000.00,4.30605,101.90234375
08:00:33,91282CKU4,TSRYS5814781,D,S,T,2024-06-07,1000000.00,4.30605,101.90234375
08:00:33,91282CKU4,TSRYS5814781,D,S,T,2024-06-07,1000000.00,4.30605,101.90234375
08:00:33,91282CKU4,TSRYS5814781,D,S,T,2024-06-07,1000000.00,4.30605,101.90234375
08:00:33,91282CKU4,TSRYS5814781,D,S,T,2024-06-07,1000000.00,4.30605,101.90234375
08:00:33,91282CKU4,TSRYS5814781,D,S,T,2024-06-07,1000000.00,4.30605,101.90234375
08:00:33,91282CKU4,TSRYS5814781,D,S,D,2024-06-07,1000000.00,4.30605,101.90234375
08:00:33,91282CKU4,TSRYS5814781,D,S,D,2024-06-07,3000000.00,4.30605,101.90234375
08:00:33,91282CKU4,TSRYS5814781,D,S,T,2024-06-07,2000000.00,4.30605,101.90234375
08:00:33,91282CKU4,TSRYS5814781,D,S,T,2024-06-07,1000000.00,4.302814,101.921875
08:00:33,91282CKU4,TSRYS5814781,D,S,T,2024-06-07,1000000.00,4.302814,101.921875
08:00:33,91282CKU4,TSRYS5814781,D,S,T,2024-06-07,1000000.00,4.296021,101.962890625
08:00:33,91282CKU4,TSRYS5814781,D,S,T,2024-06-07,1000000.00,4.299902,101.939453125
08:00:33,91282CKU4,TSRYS5814781,D,S,T,2024-06-07,1000000.00,4.297638,101.953125
08:00:33,91282CKU4,TSRYS5814781,D,S,T,2024-06-07,1000000.00,4.297638,101.953125
08:00:33,91282CKU4,TSRYS5814781,D,S,T,2024-06-07,1000000.00,4.298608,101.947265625
08:00:33,91282CKU4,TSRYS5814781,D,S,T,2024-06-07,1000000.00,4.297638,101.953125
08:00:33,91282CKU4,TSRYS5814781,D,S,T,2024-06-07,1000000.00,4.297638,101.953125
08:00:33,91282CKU4,TSRYS5814781,D,S,T,2024-06-07,1000000.00,4.295374,101.966796875
08:00:33,91282CKU4,TSRYS5814781,D,S,T,2024-06-07,1000000.00,4.295374,101.966796875
08:00:33,91282CKU4,TSRYS5814781,D,S,T,2024-06-07,1000000.00,4.295697,101.96484375
08:00:33,91282CKU4,TSRYS5814781,D,S,T,2024-06-07,1000000.00,4.295374,101.966796875
08:00:33,91282CKU4,TSRYS5814781,D,S,T,2024-06-07,1000000.00,4.295374,101.966796875
08:00:33,91282CKU4,TSRYS5814781,D,S,T,2024-06-07,1000000.00,4.295374,101.966796875
08:00:33,91282CKU4,TSRYS5814781,D,S,T,2024-06-07,1000000.00,4.299902,101.939453125
08:00:33,91282CKU4,TSRYS5814781,D,S,T,2024-06-07,1000000.00,4.306697,101.8984375
08:00:33,91282CKU4,TSRYS5814781,D,S,T,2024-06-07,1000000.00,4.306697,101.8984375
08:00:33,91282CKU4,TSRYS5814781,D,S,T,2024-06-07,2000000.00,4.306373,101.900390625
08:00:33,91282CKU4,TSRYS5814781,D,S,T,2024-06-07,1000000.00,4.300226,101.9375
08:00:33,91282CKU4,TSRYS5814781,D,S,T,2024-06-07,1000000.00,4.300226,101.9375
08:00:33,91282CKU4,TSRYS5814781,D,S,T,2024-06-07,1000000.00,4.298608,101.947265625
08:00:33,91282CKU4,TSRYS5814781,D,S,D,2024-06-07,1000000.00,4.30152,101.9296875
08:00:33,91282CKU4,TSRYS5814781,D,S,D,2024-06-07,2000000.00,4.30152,101.9296875
08:00:33,91282CKU4,TSRYS5814781,D,S,D,2024-06-07,1000000.00,4.303461,101.91796875
08:00:33,91282CKU4,TSRYS5814781,D,S,D,2024-06-07,1000000.00,4.302814,101.921875
08:00:33,91282CKU4,TSRYS5814781,D,S,D,2024-06-07,1000000.00,4.302814,101.921875
08:00:33,91282CKU4,TSRYS5814781,D,S,D,2024-06-07,1000000.00,4.302814,101.921875
08:00:33,91282CKU4,TSRYS5814781,D,S,D,2024-06-07,1000000.00,4.302814,101.921875
08:00:33,91282CKU4,TSRYS5814781,D,S,D,2024-06-07,1000000.00,4.302814,101.921875
08:00:33,91282CKU4,TSRYS5814781,D,S,D,2024-06-07,1000000.00,4.302814,101.921875
08:00:33,91282CKU4,TSRYS5814781,D,S,D,2024-06-07,1000000.00,4.302814,101.921875
08:00:33,91282CKU4,TSRYS5814781,D,S,D,2024-06-07,1000000.00,4.30152,101.9296875
08:00:33,91282CKU4,TSRYS5814781,D,S,D,2024-06-07,1000000.00,4.30152,101.9296875
08:00:33,91282CKU4,TSRYS5814781,D,S,D,2024-06-07,1000000.00,4.30152,101.9296875
08:00:33,91282CKU4,TSRYS5814781,D,S,D,2024-06-07,1000000.00,4.30152,101.9296875
08:00:33,91282CKU4,TSRYS5814781,D,S,T,2024-06-07,1000000.00,4.293757,101.9765625
08:00:33,91282CKU4,TSRYS5814781,D,S,T,2024-06-07,2000000.00,4.293757,101.9765625
08:00:33,91282CKU4,TSRYS5814781,D,S,T,2024-06-07,1000000.00,4.297638,101.953125
08:00:33,91282CKU4,TSRYS5814781,D,S,T,2024-06-07,1000000.00,4.297315,101.955078125
08:00:33,91282CKU4,TSRYS5814781,D,S,T,2024-06-07,1000000.00,4.297961,101.951171875
08:00:33,91282CKU4,TSRYS5814781,D,S,T,2024-06-07,1000000.00,4.297638,101.953125
08:00:33,91282CKU4,TSRYS5814781,D,S,T,2024-06-07,1000000.00,4.297315,101.955078125
08:00:33,91282CKU4,TSRYS5814781,D,S,T,2024-06-07,1000000.00,4.30152,101.9296875
08:00:33,91282CKU4,TSRYS5814781,D,S,T,2024-06-07,1000000.00,4.30249,101.923828125
08:00:33,91282CKU4,TSRYS5814781,D,S,T,2024-06-07,1000000.00,4.300226,101.9375
08:00:33,91282CKU4,TSRYS5814781,D,S,T,2024-06-07,1000000.00,4.30249,101.923828125
08:00:33,91282CKU4,TSRYS5814781,D,S,T,2024-06-07,1000000.00,4.296991,101.95703125
08:00:34,91282CKU4,TSRYS5814781,D,S,T,2024-06-07,1000000.00,4.297638,101.953125
08:00:34,91282CKU4,TSRYS5814781,D,S,D,2024-06-07,2000000.00,4.30152,101.9296875
08:00:34,91282CKU4,TSRYS5814781,D,S,D,2024-06-07,1000000.00,4.30152,101.9296875
08:00:35,91282CKU4,TSRYS5814781,D,S,D,2024-06-07,1000000.00,4.300226,101.9375
08:00:35,91282CKU4,TSRYS5814781,D,S,D,2024-06-07,1000000.00,4.303461,101.91796875
08:00:35,91282CKU4,TSRYS5814781,D,S,D,2024-06-07,1000000.00,4.303461,101.91796875
08:00:37,91282CKU4,TSRYS5814781,D,S,D,2024-06-07,1000000.00,4.291171,101.9921875
08:00:38,91282CKU4,TSRYS5814781,D,S,T,2024-06-07,1000000.00,4.298932,101.9453125
08:00:38,91282CKU4,TSRYS5814781,D,S,T,2024-06-07,1000000.00,4.298932,101.9453125
08:00:38,91282CKU4,TSRYS5814781,D,S,T,2024-06-07,1000000.00,4.298932,101.9453125
08:00:38,91282CKU4,TSRYS5814781,D,S,T,2024-06-07,1000000.00,4.298932,101.9453125
08:00:38,91282CKU4,TSRYS5814781,D,S,T,2024-06-07,1000000.00,4.298608,101.947265625
08:00:38,91282CKU4,TSRYS5814781,D,S,T,2024-06-07,1000000.00,4.298608,101.947265625
08:00:38,91282CKU4,TSRYS5814781,D,S,T,2024-06-07,1000000.00,4.298285,101.94921875
08:00:39,91282CKU4,TSRYS5814781,D,S,T,2024-06-07,1000000.00,4.298932,101.9453125
08:00:39,91282CKU4,TSRYS5814781,D,S,T,2024-06-07,9400000.00,4.41455,101.25
08:00:41,91282CKU4,TSRYS5814781,D,S,T,2024-06-07,1000000.00,4.299255,101.943359375
08:00:42,91282CKU4,TSRYS5814781,D,S,D,2024-06-07,1000000.00,4.297638,101.953125
08:00:42,91282CKU4,TSRYS5814781,D,S,T,2024-06-07,1000000.00,4.298932,101.9453125
08:00:42,91282CKU4,TSRYS5814781,D,S,T,2024-06-07,1000000.00,4.298932,101.9453125
08:00:42,91282CKU4,TSRYS5814781,D,S,T,2024-06-07,1000000.00,4.298932,101.9453125
08:00:42,91282CKU4,TSRYS5814781,D,S,T,2024-06-07,1000000.00,4.298932,101.9453125
08:00:42,91282CKU4,TSRYS5814781,D,S,T,2024-06-07,1000000.00,4.298932,101.9453125
08:00:43,91282CKU4,TSRYS5814781,D,S,T,2024-06-07,1000000.00,4.293757,101.9765625
08:00:43,91282CKU4,TSRYS5814781,D,B,A,2024-06-07,610000.00,4.293111,101.98046875
08:00:45,91282CKU4,TSRYS5814781,D,B,A,2024-06-07,1597900.00,4.296991,101.95703125
08:00:45,91282CKU4,TSRYS5814781,D,S,D,2024-06-07,1000000.00,4.296668,101.958984375
08:00:47,91282CKU4,TSRYS5814781,D,S,D,2024-06-07,1000000.00,4.300226,101.9375
08:00:48,91282CKU4,TSRYS5814781,D,S,T,2024-06-07,9400000.00,4.41455,101.25
08:00:48,91282CKU4,TSRYS5814781,D,S,T,2024-06-07,14050000.00,4.41455,101.25
08:00:48,91282CKU4,TSRYS5814781,D,S,T,2024-06-07,1000000.00,4.30152,101.9296875
08:00:52,91282CKU4,TSRYS5814781,D,S,D,2024-06-07,1000000.00,4.295697,101.96484375
08:00:52,91282CKU4,TSRYS5814781,D,S,D,2024-06-07,1000000.00,4.295374,101.966796875
08:00:52,91282CKU4,TSRYS5814781,D,S,D,2024-06-07,1000000.00,4.295374,101.966796875
08:00:52,91282CKU4,TSRYS5814781,D,S,D,2024-06-07,1000000.00,4.296021,101.962890625
08:00:52,91282CKU4,TSRYS5814781,D,S,D,2024-06-07,1000000.00,4.296021,101.962890625
08:00:53,91282CKU4,TSRYS5814781,D,S,A,2024-06-07,1000000.00,4.300226,101.9375
08:00:53,91282CKU4,TSRYS5814781,D,S,A,2024-06-07,1000000.00,4.300226,101.9375
08:00:53,91282CKU4,TSRYS5814781,D,S,A,2024-06-07,1000000.00,4.300226,101.9375
08:00:53,91282CKU4,TSRYS5814781,D,S,A,2024-06-07,1000000.00,4.300226,101.9375
08:00:53,91282CKU4,TSRYS5814781,D,S,A,2024-06-07,1000000.00,4.300226,101.9375
08:00:53,91282CKU4,TSRYS5814781,D,S,A,2024-06-07,1000000.00,4.300226,101.9375
08:00:53,91282CKU4,TSRYS5814781,D,S,D,2024-06-07,83000000.00,4.299579,101.94140625
08:00:53,91282CKU4,TSRYS5814781,D,S,T,2024-06-07,1000000.00,4.304108,101.9140625
08:00:53,91282CKU4,TSRYS5814781,D,S,T,2024-06-07,1000000.00,4.302814,101.921875
08:00:53,91282CKU4,TSRYS5814781,D,S,T,2024-06-07,1000000.00,4.302814,101.921875
08:00:53,91282CKU4,TSRYS5814781,D,S,T,2024-06-07,2000000.00,4.302814,101.921875
08:00:53,91282CKU4,TSRYS5814781,D,S,T,2024-06-07,1000000.00,4.302814,101.921875
08:00:53,91282CKU4,TSRYS5814781,D,S,T,2024-06-07,1000000.00,4.302814,101.921875
08:00:53,91282CKU4,TSRYS5814781,D,S,D,2024-06-07,1000000.00,4.297638,101.953125
08:00:53,91282CKU4,TSRYS5814781,D,S,D,2024-06-07,1000000.00,4.297638,101.953125
08:00:53,91282CKU4,TSRYS5814781,D,S,D,2024-06-07,1000000.00,4.30152,101.9296875
08:00:53,91282CKU4,TSRYS5814781,D,S,D,2024-06-07,2000000.00,4.30152,101.9296875
08:00:53,91282CKU4,TSRYS5814781,D,S,T,2024-06-07,1000000.00,4.30152,101.9296875
08:00:53,91282CKU4,TSRYS5814781,D,S,T,2024-06-07,1000000.00,4.303785,101.916015625
08:00:53,91282CKU4,TSRYS5814781,D,S,T,2024-06-07,1000000.00,4.304108,101.9140625
08:00:53,91282CKU4,TSRYS5814781,D,S,T,2024-06-07,2000000.00,4.304108,101.9140625
08:00:53,91282CKU4,TSRYS5814781,D,S,T,2024-06-07,1000000.00,4.304108,101.9140625
08:00:53,91282CKU4,TSRYS5814781,D,S,T,2024-06-07,1000000.00,4.304108,101.9140625
08:00:53,91282CKU4,TSRYS5814781,D,S,T,2024-06-07,1000000.00,4.304108,101.9140625
08:00:53,91282CKU4,TSRYS5814781,D,S,D,2024-06-07,19000000.00,4.304122,101.91398
08:00:53,91282CKU4,TSRYS5814781,D,S,T,2024-06-07,1000000.00,4.30152,101.9296875
08:00:53,91282CKU4,TSRYS5814781,D,S,D,2024-06-07,16000000.00,4.301904,101.92737
08:00:53,91282CKU4,TSRYS5814781,D,S,D,2024-06-07,14000000.00,4.303901,101.91531
08:00:53,91282CKU4,TSRYS5814781,D,S,D,2024-06-07,11000000.00,4.302425,101.92422
08:00:53,91282CKU4,TSRYS5814781,D,S,D,2024-06-07,1000000.00,4.30152,101.9296875
08:00:53,91282CKU4,TSRYS5814781,D,S,T,2024-06-07,1000000.00,4.30152,101.9296875
08:00:53,91282CKU4,TSRYS5814781,D,S,A,2024-06-07,1078000.00,4.295697,101.96484375
08:00:53,91282CKU4,TSRYS5814781,D,S,D,2024-06-07,13000000.00,4.302664,101.92278
08:00:53,91282CKU4,TSRYS5814781,D,B,A,2024-06-07,1000000.00,4.304108,101.9140625
08:00:53,91282CKU4,TSRYS5814781,D,S,A,2024-06-07,1000000.00,4.300226,101.9375
08:00:53,91282CKU4,TSRYS5814781,D,B,A,2024-06-07,1000000.00,4.303785,101.916015625
08:00:53,91282CKU4,TSRYS5814781,D,B,A,2024-06-07,1000000.00,4.303461,101.91796875
08:00:53,91282CKU4,TSRYS5814781,D,B,A,2024-06-07,6000000.00,4.304108,101.9140625
08:00:53,91282CKU4,TSRYS5814781,D,B,A,2024-06-07,2000000.00,4.304108,101.9140625
08:00:53,91282CKU4,TSRYS5814781,D,B,A,2024-06-07,4000000.00,4.304108,101.9140625
08:00:53,91282CKU4,TSRYS5814781,D,S,T,2024-06-07,2000000.00,4.303461,101.91796875
08:00:53,91282CKU4,TSRYS5814781,D,B,A,2024-06-07,3000000.00,4.304108,101.9140625
08:00:53,91282CKU4,TSRYS5814781,D,S,T,2024-06-07,4000000.00,4.303461,101.91796875
08:00:53,91282CKU4,TSRYS5814781,D,S,T,2024-06-07,3000000.00,4.303461,101.91796875
08:00:53,91282CKU4,TSRYS5814781,D,S,T,2024-06-07,2000000.00,4.303461,101.91796875
08:00:53,91282CKU4,TSRYS5814781,D,B,A,2024-06-07,2000000.00,4.304108,101.9140625
08:00:53,91282CKU4,TSRYS5814781,D,S,T,2024-06-07,2000000.00,4.303461,101.91796875
08:00:53,91282CKU4,TSRYS5814781,D,B,A,2024-06-07,2000000.00,4.304108,101.9140625
08:00:53,91282CKU4,TSRYS5814781,D,B,A,2024-06-07,3000000.00,4.304108,101.9140625
08:00:53,91282CKU4,TSRYS5814781,D,B,A,2024-06-07,2000000.00,4.304108,101.9140625
08:00:53,91282CKU4,TSRYS5814781,D,B,A,2024-06-07,1000000.00,4.304108,101.9140625
08:00:53,91282CKU4,TSRYS5814781,D,S,T,2024-06-07,2000000.00,4.303461,101.91796875
08:00:53,91282CKU4,TSRYS5814781,D,B,A,2024-06-07,1000000.00,4.304108,101.9140625
08:00:53,91282CKU4,TSRYS5814781,D,B,A,2024-06-07,2000000.00,4.304108,101.9140625
08:00:53,91282CKU4,TSRYS5814781,D,B,A,2024-06-07,1000000.00,4.303785,101.916015625
08:00:53,91282CKU4,TSRYS5814781,D,S,T,2024-06-07,3000000.00,4.303461,101.91796875
08:00:53,91282CKU4,TSRYS5814781,D,B,A,2024-06-07,4000000.00,4.304108,101.9140625
08:00:53,91282CKU4,TSRYS5814781,D,S,T,2024-06-07,1000000.00,4.303461,101.91796875
08:00:53,91282CKU4,TSRYS5814781,D,S,T,2024-06-07,1000000.00,4.303461,101.91796875
08:00:53,91282CKU4,TSRYS5814781,D,B,A,2024-06-07,1000000.00,4.304108,101.9140625
08:00:53,91282CKU4,TSRYS5814781,D,B,A,2024-06-07,1000000.00,4.303785,101.916015625
08:00:53,91282CKU4,TSRYS5814781,D,B,A,2024-06-07,2000000.00,4.304108,101.9140625
08:00:53,91282CKU4,TSRYS5814781,D,S,T,2024-06-07,2000000.00,4.303461,101.91796875
08:00:53,91282CKU4,TSRYS5814781,D,S,T,2024-06-07,1000000.00,4.303137,101.919921875
08:00:53,91282CKU4,TSRYS5814781,D,B,A,2024-06-07,1000000.00,4.303461,101.91796875
08:00:53,91282CKU4,TSRYS5814781,D,B,A,2024-06-07,2000000.00,4.303461,101.91796875
08:00:53,91282CKU4,TSRYS5814781,D,S,T,2024-06-07,2000000.00,4.303461,101.91796875
08:00:53,91282CKU4,TSRYS5814781,D,B,A,2024-06-07,2000000.00,4.303461,101.91796875
08:00:53,91282CKU4,TSRYS5814781,D,S,T,2024-06-07,2000000.00,4.303461,101.91796875
08:00:53,91282CKU4,TSRYS5814781,D,B,A,2024-06-07,2000000.00,4.303461,101.91796875
08:00:53,91282CKU4,TSRYS5814781,D,S,T,2024-06-07,2000000.00,4.303461,101.91796875
08:00:53,91282CKU4,TSRYS5814781,D,B,A,2024-06-07,1000000.00,4.303461,101.91796875
08:00:53,91282CKU4,TSRYS5814781,D,S,T,2024-06-07,1000000.00,4.303461,101.91796875
08:00:53,91282CKU4,TSRYS5814781,D,B,A,2024-06-07,1000000.00,4.303461,101.91796875
08:00:53,91282CKU4,TSRYS5814781,D,S,T,2024-06-07,1000000.00,4.303461,101.91796875
08:00:53,91282CKU4,TSRYS5814781,D,S,T,2024-06-07,1000000.00,4.303461,101.91796875
08:00:53,91282CKU4,TSRYS5814781,D,B,A,2024-06-07,1000000.00,4.303461,101.91796875
08:00:53,91282CKU4,TSRYS5814781,D,B,A,2024-06-07,1000000.00,4.303461,101.91796875
08:00:53,91282CKU4,TSRYS5814781,D,S,T,2024-06-07,1000000.00,4.303461,101.91796875
08:00:53,91282CKU4,TSRYS5814781,D,B,A,2024-06-07,1000000.00,4.303461,101.91796875
08:00:53,91282CKU4,TSRYS5814781,D,S,T,2024-06-07,1000000.00,4.303461,101.91796875
08:00:53,91282CKU4,TSRYS5814781,D,B,A,2024-06-07,1000000.00,4.303461,101.91796875
08:00:53,91282CKU4,TSRYS5814781,D,S,T,2024-06-07,1000000.00,4.303461,101.91796875
08:00:53,91282CKU4,TSRYS5814781,D,B,A,2024-06-07,1000000.00,4.303461,101.91796875
08:00:53,91282CKU4,TSRYS5814781,D,S,T,2024-06-07,1000000.00,4.303461,101.91796875
08:00:53,91282CKU4,TSRYS5814781,D,B,A,2024-06-07,1000000.00,4.303461,101.91796875
08:00:53,91282CKU4,TSRYS5814781,D,B,A,2024-06-07,1000000.00,4.303461,101.91796875
08:00:53,91282CKU4,TSRYS5814781,D,B,A,2024-06-07,1000000.00,4.303461,101.91796875
08:00:53,91282CKU4,TSRYS5814781,D,B,A,2024-06-07,1000000.00,4.303461,101.91796875
08:00:53,91282CKU4,TSRYS5814781,D,B,A,2024-06-07,1000000.00,4.303461,101.91796875
08:00:53,91282CKU4,TSRYS5814781,D,B,A,2024-06-07,1000000.00,4.303461,101.91796875
08:00:53,91282CKU4,TSRYS5814781,D,B,A,2024-06-07,1000000.00,4.302814,101.921875
08:00:53,91282CKU4,TSRYS5814781,D,B,A,2024-06-07,1000000.00,4.302814,101.921875
08:00:53,91282CKU4,TSRYS5814781,D,B,A,2024-06-07,1000000.00,4.302814,101.921875
08:00:53,91282CKU4,TSRYS5814781,D,B,A,2024-06-07,1000000.00,4.302814,101.921875
08:00:53,91282CKU4,TSRYS5814781,D,B,A,2024-06-07,1000000.00,4.302814,101.921875
08:00:53,91282CKU4,TSRYS5814781,D,S,A,2024-06-07,1000000.00,4.300226,101.9375
08:00:53,91282CKU4,TSRYS5814781,D,S,A,2024-06-07,1000000.00,4.300549,101.935546875
08:00:53,91282CKU4,TSRYS5814781,D,S,A,2024-06-07,4000000.00,4.300226,101.9375
08:00:53,91282CKU4,TSRYS5814781,D,S,A,2024-06-07,3000000.00,4.300226,101.9375
08:00:53,91282CKU4,TSRYS5814781,D,S,A,2024-06-07,3000000.00,4.300226,101.9375
08:00:53,91282CKU4,TSRYS5814781,D,S,A,2024-06-07,2000000.00,4.300226,101.9375
08:00:53,91282CKU4,TSRYS5814781,D,S,A,2024-06-07,2000000.00,4.300226,101.9375
08:00:53,91282CKU4,TSRYS5814781,D,S,A,2024-06-07,1000000.00,4.300226,101.9375
08:00:53,91282CKU4,TSRYS5814781,D,S,A,2024-06-07,2000000.00,4.300226,101.9375
08:00:53,91282CKU4,TSRYS5814781,D,S,A,2024-06-07,3000000.00,4.300226,101.9375
08:00:53,91282CKU4,TSRYS5814781,D,S,A,2024-06-07,1000000.00,4.300226,101.9375
08:00:53,91282CKU4,TSRYS5814781,D,S,A,2024-06-07,1000000.00,4.300226,101.9375
08:00:53,91282CKU4,TSRYS5814781,D,S,A,2024-06-07,1000000.00,4.300226,101.9375
08:00:53,91282CKU4,TSRYS5814781,D,S,A,2024-06-07,1000000.00,4.300226,101.9375
08:00:53,91282CKU4,TSRYS5814781,D,S,A,2024-06-07,1000000.00,4.300226,101.9375
08:00:53,91282CKU4,TSRYS5814781,D,S,A,2024-06-07,1000000.00,4.300226,101.9375
08:00:53,91282CKU4,TSRYS5814781,D,S,A,2024-06-07,1000000.00,4.300226,101.9375
08:00:53,91282CKU4,TSRYS5814781,D,S,A,2024-06-07,1000000.00,4.300226,101.9375
08:00:53,91282CKU4,TSRYS5814781,D,S,A,2024-06-07,1000000.00,4.300226,101.9375
08:00:53,91282CKU4,TSRYS5814781,D,S,A,2024-06-07,1000000.00,4.300226,101.9375
08:00:53,91282CKU4,TSRYS5814781,D,S,A,2024-06-07,1000000.00,4.300226,101.9375
08:00:53,91282CKU4,TSRYS5814781,D,S,A,2024-06-07,1000000.00,4.300226,101.9375
08:00:53,91282CKU4,TSRYS5814781,D,S,A,2024-06-07,1000000.00,4.300226,101.9375
08:00:53,91282CKU4,TSRYS5814781,D,S,A,2024-06-07,1000000.00,4.300226,101.9375
08:00:53,91282CKU4,TSRYS5814781,D,S,A,2024-06-07,2000000.00,4.300226,101.9375
08:00:53,91282CKU4,TSRYS5814781,D,S,A,2024-06-07,1000000.00,4.300226,101.9375
08:00:53,91282CKU4,TSRYS5814781,D,S,A,2024-06-07,2000000.00,4.300226,101.9375
08:00:53,91282CKU4,TSRYS5814781,D,S,A,2024-06-07,1000000.00,4.300549,101.935546875
08:00:53,91282CKU4,TSRYS5814781,D,S,A,2024-06-07,1000000.00,4.300226,101.9375
08:00:53,91282CKU4,TSRYS5814781,D,S,A,2024-06-07,1000000.00,4.295697,101.96484375
08:00:53,91282CKU4,TSRYS5814781,D,S,A,2024-06-07,1000000.00,4.295697,101.96484375
08:00:53,91282CKU4,TSRYS5814781,D,S,A,2024-06-07,1000000.00,4.295697,101.96484375
08:00:53,91282CKU4,TSRYS5814781,D,S,A,2024-06-07,1000000.00,4.295697,101.96484375
08:00:53,91282CKU4,TSRYS5814781,D,S,A,2024-06-07,1000000.00,4.295697,101.96484375
08:00:53,91282CKU4,TSRYS5814781,D,S,A,2024-06-07,1000000.00,4.293111,101.98046875
08:00:53,91282CKU4,TSRYS5814781,D,S,A,2024-06-07,1000000.00,4.293434,101.978515625
08:00:53,91282CKU4,TSRYS5814781,D,S,A,2024-06-07,1000000.00,4.293434,101.978515625
08:00:53,91282CKU4,TSRYS5814781,D,S,A,2024-06-07,1000000.00,4.293111,101.98046875
08:00:53,91282CKU4,TSRYS5814781,D,S,A,2024-06-07,1000000.00,4.293434,101.978515625
08:00:53,91282CKU4,TSRYS5814781,D,S,A,2024-06-07,1000000.00,4.290524,101.99609375
08:00:53,91282CKU4,TSRYS5814781,D,S,A,2024-06-07,1000000.00,4.290524,101.99609375
08:00:53,91282CKU4,TSRYS5814781,D,S,A,2024-06-07,1000000.00,4.290524,101.99609375
08:00:53,91282CKU4,TSRYS5814781,D,S,A,2024-06-07,1000000.00,4.291817,101.98828125
08:00:53,91282CKU4,TSRYS5814781,D,S,A,2024-06-07,1000000.00,4.291817,101.98828125
08:00:53,91282CKU4,TSRYS5814781,D,S,D,2024-06-07,6700000.00,4.294719,101.970754444
08:00:53,91282CKU4,TSRYS5814781,D,S,D,2024-06-07,1000000.00,4.291171,101.9921875
08:00:54,91282CKU4,TSRYS5814781,D,S,C,2024-06-07,112133000.00,4.296991,101.95703125
08:00:54,91282CKU4,TSRYS5814781,D,S,T,2024-06-07,1000000.00,4.297638,101.953125
08:00:54,91282CKU4,TSRYS5814781,D,S,T,2024-06-07,1000000.00,4.297638,101.953125
08:00:54,91282CKU4,TSRYS5814781,D,S,T,2024-06-07,1000000.00,4.297638,101.953125
08:00:54,91282CKU4,TSRYS5814781,D,S,D,2024-06-07,1000000.00,4.297638,101.953125
08:00:54,91282CKU4,TSRYS5814781,D,S,T,2024-06-07,1000000.00,4.300226,101.9375
08:00:54,91282CKU4,TSRYS5814781,D,S,T,2024-06-07,1000000.00,4.298932,101.9453125
08:00:57,91282CKU4,TSRYS5814781,D,S,D,2024-06-07,1000000.00,4.302814,101.921875
08:00:57,91282CKU4,TSRYS5814781,D,S,D,2024-06-07,2000000.00,4.302814,101.921875
08:00:57,91282CKU4,TSRYS5814781,D,S,D,2024-06-07,1000000.00,4.302814,101.921875
08:00:57,91282CKU4,TSRYS5814781,D,S,D,2024-06-07,1000000.00,4.302814,101.921875
08:00:57,91282CKU4,TSRYS5814781,D,S,D,2024-06-07,1000000.00,4.302814,101.921875
08:00:57,91282CKU4,TSRYS5814781,D,S,D,2024-06-07,3000000.00,4.304108,101.9140625
08:00:57,91282CKU4,TSRYS5814781,D,S,D,2024-06-07,2000000.00,4.304108,101.9140625
08:00:57,91282CKU4,TSRYS5814781,D,S,D,2024-06-07,3000000.00,4.304108,101.9140625
08:00:57,91282CKU4,TSRYS5814781,D,S,D,2024-06-07,2000000.00,4.304108,101.9140625
08:00:57,91282CKU4,TSRYS5814781,D,B,C,2024-06-07,83000000.00,4.299579,101.94140625
08:00:57,91282CKU4,TSRYS5814781,D,S,T,2024-06-07,1000000.00,4.298932,101.9453125
08:00:57,91282CKU4,TSRYS5814781,D,B,C,2024-06-07,1716000.00,4.305403,101.90625
08:00:57,91282CKU4,TSRYS5814781,D,S,T,2024-06-07,1000000.00,4.304108,101.9140625
08:00:57,91282CKU4,TSRYS5814781,D,S,T,2024-06-07,1000000.00,4.304108,101.9140625
08:00:57,91282CKU4,TSRYS5814781,D,S,T,2024-06-07,1000000.00,4.302814,101.921875
08:00:57,91282CKU4,TSRYS5814781,D,S,D,2024-06-07,1000000.00,4.300226,101.9375
08:00:57,91282CKU4,TSRYS5814781,D,S,D,2024-06-07,1000000.00,4.300226,101.9375
08:00:57,91282CKU4,TSRYS5814781,D,S,D,2024-06-07,1000000.00,4.299255,101.943359375
08:00:57,91282CKU4,TSRYS5814781,D,S,D,2024-06-07,1000000.00,4.300226,101.9375
08:00:57,91282CKU4,TSRYS5814781,D,S,C,2024-06-07,15000.00,4.295154,101.968126
08:00:57,91282CKU4,TSRYS5814781,D,S,D,2024-06-07,1000000.00,4.30605,101.90234375
08:00:57,91282CKU4,TSRYS5814781,D,S,D,2024-06-07,10000000.00,4.29596,101.96326
08:00:57,91282CKU4,TSRYS5814781,D,S,D,2024-06-07,1000000.00,4.303137,101.919921875
08:00:57,91282CKU4,TSRYS5814781,D,S,D,2024-06-07,1000000.00,4.303137,101.919921875
08:00:58,91282CKU4,TSRYS5814781,D,S,T,2024-06-07,1000000.00,4.300242,101.9374
08:00:58,91282CKU4,TSRYS5814781,D,S,T,2024-06-07,2000000.00,4.305419,101.90615
08:00:58,91282CKU4,TSRYS5814781,D,S,T,2024-06-07,1000000.00,4.305403,101.90625
08:00:58,91282CKU4,TSRYS5814781,D,S,T,2024-06-07,1000000.00,4.304125,101.9139625
08:00:58,91282CKU4,TSRYS5814781,D,S,T,2024-06-07,1000000.00,4.297331,101.954978125
08:00:58,91282CKU4,TSRYS5814781,D,S,T,2024-06-07,1000000.00,4.297331,101.954978125
08:00:58,91282CKU4,TSRYS5814781,D,S,T,2024-06-07,1000000.00,4.297331,101.954978125
08:00:58,91282CKU4,TSRYS5814781,D,S,T,2024-06-07,2000000.00,4.297331,101.954978125
08:00:58,91282CKU4,TSRYS5814781,D,S,D,2024-06-07,1000000.00,4.305403,101.90625
08:01:00,91282CKU4,TSRYS5814781,D,S,D,2024-06-07,2000000.00,4.297315,101.955078125
08:01:01,91282CKU4,TSRYS5814781,D,S,T,2024-06-07,2000000.00,4.302814,101.921875
08:01:01,91282CKU4,TSRYS5814781,D,S,D,2024-06-07,3000000.00,4.297315,101.955078125
08:01:01,91282CKU4,TSRYS5814781,D,S,T,2024-06-07,2000000.00,4.302814,101.921875
08:01:04,91282CKU4,TSRYS5814781,D,S,C,2024-06-07,1000000.00,4.290847,101.994140625
08:01:07,91282CKU4,TSRYS5814781,D,S,D,2024-06-07,12000000.00,4.305568,101.90525
08:01:07,91282CKU4,TSRYS5814781,D,B,C,2024-06-07,2000000.00,4.302167,101.92578125
08:01:09,91282CKU4,TSRYS5814781,D,S,D,2024-06-07,1000000.00,4.300226,101.9375
08:01:09,91282CKU4,TSRYS5814781,D,S,D,2024-06-07,1000000.00,4.300226,101.9375
08:01:10,91282CKU4,TSRYS5814781,D,S,D,2024-06-07,1000000.00,4.303461,101.91796875
08:01:10,91282CKU4,TSRYS5814781,D,S,T,2024-06-07,1000000.00,4.300226,101.9375
08:01:11,91282CKU4,TSRYS5814781,D,S,D,2024-06-07,35000.00,4.30061,101.9375
08:01:11,91282CKU4,TSRYS5814781,D,S,D,2024-06-07,1000000.00,4.300873,101.93359375
08:01:11,91282CKU4,TSRYS5814781,D,S,D,2024-06-07,1000000.00,4.300873,101.93359375
08:01:11,91282CKU4,TSRYS5814781,D,S,D,2024-06-07,1000000.00,4.300873,101.93359375
08:01:11,91282CKU4,TSRYS5814781,D,S,T,2024-06-07,1000000.00,4.303137,101.91992187
08:01:11,91282CKU4,TSRYS5814781,D,S,D,2024-06-07,1000000.00,4.30152,101.9296875
08:01:11,91282CKU4,TSRYS5814781,D,S,D,2024-06-07,1000000.00,4.304108,101.9140625
08:01:11,91282CKU4,TSRYS5814781,D,S,D,2024-06-07,1000000.00,4.295697,101.96484375
08:01:11,91282CKU4,TSRYS5814781,D,S,D,2024-06-07,1000000.00,4.299255,101.943359375
08:01:11,91282CKU4,TSRYS5814781,D,S,D,2024-06-07,3000000.00,4.299255,101.943359375
08:01:11,91282CKU4,TSRYS5814781,D,S,T,2024-06-07,1000000.00,4.304108,101.9140625
08:01:12,91282CKU4,TSRYS5814781,D,S,T,2024-06-07,2000000.00,4.303478,101.91786875
08:01:12,91282CKU4,TSRYS5814781,D,S,T,2024-06-07,2000000.00,4.303478,101.91786875
08:01:12,91282CKU4,TSRYS5814781,D,S,D,2024-06-07,1000000.00,4.303137,101.91992187
08:01:12,91282CKU4,TSRYS5814781,D,S,D,2024-06-07,1000000.00,4.300226,101.9375
08:01:12,91282CKU4,TSRYS5814781,D,S,D,2024-06-07,1000000.00,4.303137,101.91992187
08:01:12,91282CKU4,TSRYS5814781,D,B,C,2024-06-07,9550000.00,4.41455,101.25
08:01:12,91282CKU4,TSRYS5814781,D,S,A,2024-06-07,10035000.00,4.292464,101.984375
08:01:12,91282CKU4,TSRYS5814781,D,S,D,2024-06-07,1000000.00,4.300226,101.9375
08:01:12,91282CKU4,TSRYS5814781,D,S,D,2024-06-07,9550000.00,4.41455,101.25
08:01:12,91282CKU4,TSRYS5814781,D,S,D,2024-06-07,1000000.00,4.303137,101.91992187
08:01:12,91282CKU4,TSRYS5814781,D,B,C,2024-06-07,1000000.00,4.299255,101.94335937
08:01:12,91282CKU4,TSRYS5814781,D,B,C,2024-06-07,14350000.00,4.41455,101.25
08:01:12,91282CKU4,TSRYS5814781,D,S,T,2024-06-07,1000000.00,4.300226,101.9375
08:01:12,91282CKU4,TSRYS5814781,D,S,D,2024-06-07,1000000.00,4.300226,101.9375
08:01:12,91282CKU4,TSRYS5814781,D,S,T,2024-06-07,1000000.00,4.300226,101.9375
08:01:12,91282CKU4,TSRYS5814781,D,B,C,2024-06-07,1000000.00,4.299579,101.94140625
08:01:12,91282CKU4,TSRYS5814781,D,S,D,2024-06-07,9400000.00,4.41455,101.25
08:01:12,91282CKU4,TSRYS5814781,D,S,D,2024-06-07,9400000.00,4.41455,101.25
08:01:12,91282CKU4,TSRYS5814781,D,S,D,2024-06-07,1000000.00,4.300226,101.9375
08:01:12,91282CKU4,TSRYS5814781,D,S,D,2024-06-07,1000000.00,4.300226,101.9375
08:01:13,91282CKU4,TSRYS5814781,D,S,D,2024-06-07,4000000.00,4.299807,101.9400292
08:01:13,91282CKU4,TSRYS5814781,D,S,C,2024-06-07,24000000.00,4.299774,101.9402276
08:01:13,91282CKU4,TSRYS5814781,D,S,C,2024-06-07,18750000.00,4.295192,101.9678969
08:01:13,91282CKU4,TSRYS5814781,D,S,C,2024-06-07,6250000.00,4.295192,101.9678969
08:01:13,91282CKU4,TSRYS5814781,D,S,C,2024-06-07,18750000.00,4.295515,101.9659438
08:01:13,91282CKU4,TSRYS5814781,D,S,C,2024-06-07,6250000.00,4.295515,101.9659438
08:01:13,91282CKU4,TSRYS5814781,D,S,C,2024-06-07,18750000.00,4.299073,101.9444594
08:01:13,91282CKU4,TSRYS5814781,D,S,C,2024-06-07,6250000.00,4.299073,101.9444594
08:01:13,91282CKU4,TSRYS5814781,D,S,D,2024-06-07,14350000.00,4.41455,101.25
08:01:13,91282CKU4,TSRYS5814781,D,S,C,2024-06-07,1000000.00,4.300226,101.9375
08:01:13,91282CKU4,TSRYS5814781,D,S,D,2024-06-07,1000000.00,4.300226,101.9375
08:01:13,91282CKU4,TSRYS5814781,D,B,C,2024-06-07,30000000.00,4.300989,101.93289
08:01:13,91282CKU4,TSRYS5814781,D,B,C,2024-06-07,1000000.00,4.299579,101.94140625
08:01:13,91282CKU4,TSRYS5814781,D,S,D,2024-06-07,14050000.00,4.41455,101.25
08:01:13,91282CKU4,TSRYS5814781,D,S,D,2024-06-07,1000000.00,4.300226,101.9375
08:01:13,91282CKU4,TSRYS5814781,D,S,A,2024-06-07,14800000.00,4.41455,101.25
08:01:13,91282CKU4,TSRYS5814781,D,B,C,2024-06-07,1000000.00,4.299579,101.94140625
08:01:13,91282CKU4,TSRYS5814781,D,B,C,2024-06-07,1000000.00,4.299255,101.94335937
08:01:13,91282CKU4,TSRYS5814781,D,B,C,2024-06-07,1000000.00,4.299579,101.94140625
08:01:13,91282CKU4,TSRYS5814781,D,S,T,2024-06-07,2000000.00,4.30544,101.906025
08:01:14,91282CKU4,TSRYS5814781,D,S,T,2024-06-07,1000000.00,4.303137,101.91992187
08:01:14,91282CKU4,TSRYS5814781,D,S,T,2024-06-07,1000000.00,4.303137,101.91992187
08:01:14,91282CKU4,TSRYS5814781,D,S,C,2024-06-07,1000000.00,4.300226,101.9375
08:01:14,91282CKU4,TSRYS5814781,D,S,D,2024-06-07,1000000.00,4.290847,101.99414062
08:01:15,91282CKU4,TSRYS5814781,D,B,C,2024-06-07,1000000.00,4.289554,102.001953125
08:01:15,91282CKU4,TSRYS5814781,D,S,D,2024-06-07,1000000.00,4.289878,102.0
08:01:15,91282CKU4,TSRYS5814781,D,B,C,2024-06-07,3000000.00,4.289554,102.001953125
08:01:15,91282CKU4,TSRYS5814781,D,B,C,2024-06-07,1000000.00,4.289554,102.001953125
08:01:15,91282CKU4,TSRYS5814781,D,B,C,2024-06-07,1000000.00,4.289878,102.0
08:01:15,91282CKU4,TSRYS5814781,D,S,D,2024-06-07,1000000.00,4.289554,102.001953125
08:01:15,91282CKU4,TSRYS5814781,D,B,C,2024-06-07,1000000.00,4.290201,101.998046875
08:01:15,91282CKU4,TSRYS5814781,D,B,C,2024-06-07,1000000.00,4.289554,102.001953125
08:01:15,91282CKU4,TSRYS5814781,D,S,D,2024-06-07,1000000.00,4.289554,102.001953125
08:01:15,91282CKU4,TSRYS5814781,D,S,D,2024-06-07,1000000.00,4.290201,101.998046875
08:01:15,91282CKU4,TSRYS5814781,D,B,C,2024-06-07,2000000.00,4.299255,101.94335937
08:01:15,91282CKU4,TSRYS5814781,D,S,D,2024-06-07,1000000.00,4.289554,102.001953125
08:01:15,91282CKU4,TSRYS5814781,D,S,D,2024-06-07,1000000.00,4.292141,101.986328125
08:01:15,91282CKU4,TSRYS5814781,D,B,C,2024-06-07,1000000.00,4.292141,101.986328125
08:01:15,91282CKU4,TSRYS5814781,D,S,D,2024-06-07,1000000.00,4.289554,102.001953125
08:01:15,91282CKU4,TSRYS5814781,D,S,D,2024-06-07,3000000.00,4.289554,102.001953125
08:01:15,91282CKU4,TSRYS5814781,D,S,D,2024-06-07,1000000.00,4.294404,101.97265625
08:01:15,91282CKU4,TSRYS5814781,D,B,C,2024-06-07,1000000.00,4.294404,101.97265625
08:01:15,91282CKU4,TSRYS5814781,D,B,C,2024-06-07,1000000.00,4.294404,101.97265625
08:01:15,91282CKU4,TSRYS5814781,D,S,D,2024-06-07,1000000.00,4.294404,101.97265625
08:01:15,91282CKU4,TSRYS5814781,D,S,D,2024-06-07,1000000.00,4.294404,101.97265625
08:01:15,91282CKU4,TSRYS5814781,D,B,C,2024-06-07,1000000.00,4.294404,101.97265625
08:01:15,91282CKU4,TSRYS5814781,D,S,C,2024-06-07,48150000.00,4.41455,101.25
08:01:15,91282CKU4,TSRYS5814781,D,B,C,2024-06-07,1000000.00,4.294404,101.97265625
08:01:15,91282CKU4,TSRYS5814781,D,S,D,2024-06-07,1000000.00,4.294404,101.97265625
08:01:15,91282CKU4,TSRYS5814781,D,S,D,2024-06-07,1000000.00,4.294404,101.97265625
08:01:15,91282CKU4,TSRYS5814781,D,S,D,2024-06-07,1000000.00,4.294404,101.97265625
08:01:15,91282CKU4,TSRYS5814781,D,B,C,2024-06-07,1000000.00,4.294404,101.97265625
08:01:15,91282CKU4,TSRYS5814781,D,B,C,2024-06-07,1000000.00,4.294404,101.97265625
08:01:15,91282CKU4,TSRYS5814781,D,S,D,2024-06-07,1000000.00,4.294727,101.970703125
08:01:15,91282CKU4,TSRYS5814781,D,S,D,2024-06-07,2000000.00,4.303785,101.91601562
08:01:15,91282CKU4,TSRYS5814781,D,S,D,2024-06-07,1000000.00,4.296668,101.958984375
08:01:15,91282CKU4,TSRYS5814781,D,S,D,2024-06-07,1000000.00,4.296668,101.958984375
08:01:15,91282CKU4,TSRYS5814781,D,B,C,2024-06-07,1000000.00,4.296668,101.958984375
08:01:15,91282CKU4,TSRYS5814781,D,B,C,2024-06-07,1000000.00,4.296668,101.958984375
08:01:15,91282CKU4,TSRYS5814781,D,S,D,2024-06-07,1000000.00,4.299255,101.943359375
08:01:16,91282CKU4,TSRYS5814781,D,S,D,2024-06-07,1000000.00,4.299255,101.943359375
08:01:16,91282CKU4,TSRYS5814781,D,B,C,2024-06-07,1000000.00,4.299255,101.943359375
08:01:16,91282CKU4,TSRYS5814781,D,S,D,2024-06-07,1000000.00,4.303785,101.91601562
08:01:16,91282CKU4,TSRYS5814781,D,S,D,2024-06-07,1000000.00,4.299255,101.943359375
08:01:16,91282CKU4,TSRYS5814781,D,S,D,2024-06-07,1000000.00,4.299255,101.943359375
08:01:16,91282CKU4,TSRYS5814781,D,B,C,2024-06-07,1000000.00,4.299255,101.943359375
08:01:16,91282CKU4,TSRYS5814781,D,B,C,2024-06-07,1000000.00,4.299255,101.943359375
08:01:16,91282CKU4,TSRYS5814781,D,S,T,2024-06-07,1000000.00,4.303785,101.91601562
08:01:16,91282CKU4,TSRYS5814781,D,B,C,2024-06-07,1000000.00,4.294404,101.97265625
08:01:16,91282CKU4,TSRYS5814781,D,S,D,2024-06-07,1000000.00,4.296021,101.962890625
08:01:16,91282CKU4,TSRYS5814781,D,B,C,2024-06-07,1000000.00,4.296021,101.962890625
08:01:16,91282CKU4,TSRYS5814781,D,S,D,2024-06-07,1000000.00,4.296668,101.958984375
08:01:16,91282CKU4,TSRYS5814781,D,B,C,2024-06-07,1000000.00,4.296668,101.958984375
08:01:16,91282CKU4,TSRYS5814781,D,B,C,2024-06-07,1000000.00,4.296668,101.958984375
08:01:16,91282CKU4,TSRYS5814781,D,S,D,2024-06-07,1000000.00,4.296668,101.958984375
08:01:16,91282CKU4,TSRYS5814781,D,B,C,2024-06-07,1000000.00,4.297638,101.953125
08:01:16,91282CKU4,TSRYS5814781,D,S,C,2024-06-07,1000000.00,4.297315,101.955078125
08:01:16,91282CKU4,TSRYS5814781,D,S,C,2024-06-07,1000000.00,4.297638,101.953125
08:01:16,91282CKU4,TSRYS5814781,D,B,C,2024-06-07,1000000.00,4.297315,101.955078125
08:01:16,91282CKU4,TSRYS5814781,D,B,C,2024-06-07,1000000.00,4.294404,101.97265625
08:01:16,91282CKU4,TSRYS5814781,D,B,C,2024-06-07,2000000.00,4.294404,101.97265625
08:01:16,91282CKU4,TSRYS5814781,D,B,C,2024-06-07,3000000.00,4.294404,101.97265625
08:01:16,91282CKU4,TSRYS5814781,D,B,C,2024-06-07,1000000.00,4.299255,101.94335937
08:01:17,91282CKU4,TSRYS5814781,D,S,T,2024-06-07,1000000.00,4.296344,101.9609375
08:01:17,91282CKU4,TSRYS5814781,D,S,T,2024-06-07,1000000.00,4.296344,101.9609375
08:01:17,91282CKU4,TSRYS5814781,D,S,T,2024-06-07,1000000.00,4.296344,101.9609375
08:01:17,91282CKU4,TSRYS5814781,D,S,T,2024-06-07,1000000.00,4.296344,101.9609375
08:01:17,91282CKU4,TSRYS5814781,D,S,D,2024-06-07,1000000.00,4.296344,101.9609375
08:01:17,91282CKU4,TSRYS5814781,D,S,D,2024-06-07,1000000.00,4.296344,101.9609375
08:01:17,91282CKU4,TSRYS5814781,D,S,T,2024-06-07,1000000.00,4.296344,101.9609375
08:01:17,91282CKU4,TSRYS5814781,D,S,T,2024-06-07,1000000.00,4.296344,101.9609375
08:01:17,91282CKU4,TSRYS5814781,D,S,T,2024-06-07,1000000.00,4.296344,101.9609375
08:01:17,91282CKU4,TSRYS5814781,D,S,C,2024-06-07,850000.00,4.306631,101.8988375
08:01:17,91282CKU4,TSRYS5814781,D,S,D,2024-06-07,1000000.00,4.299579,101.94140625
08:01:17,91282CKU4,TSRYS5814781,D,S,C,2024-06-07,1000000.00,4.299902,101.939453125
08:01:17,91282CKU4,TSRYS5814781,D,S,D,2024-06-07,1000000.00,4.299579,101.94140625
08:01:17,91282CKU4,TSRYS5814781,D,S,C,2024-06-07,1000000.00,4.299579,101.94140625
08:01:17,91282CKU4,TSRYS5814781,D,S,C,2024-06-07,1000000.00,4.299902,101.93945312
08:01:17,91282CKU4,TSRYS5814781,D,S,T,2024-06-07,48150000.00,4.41455,101.25
08:01:17,91282CKU4,TSRYS5814781,D,B,A,2024-06-07,48150000.00,4.41455,101.25
08:01:18,91282CKU4,TSRYS5814781,D,S,D,2024-06-07,1000000.00,4.303785,101.91601562
08:01:18,91282CKU4,TSRYS5814781,D,S,C,2024-06-07,1000000.00,4.300226,101.9375
08:01:18,91282CKU4,TSRYS5814781,D,B,C,2024-06-07,1000000.00,4.300226,101.9375
08:01:18,91282CKU4,TSRYS5814781,D,B,C,2024-06-07,1000000.00,4.300226,101.9375
08:01:18,91282CKU4,TSRYS5814781,D,S,C,2024-06-07,1000000.00,4.300226,101.9375
08:01:18,91282CKU4,TSRYS5814781,D,B,C,2024-06-07,1000000.00,4.300226,101.9375
08:01:18,91282CKU4,TSRYS5814781,D,S,C,2024-06-07,1000000.00,4.300226,101.9375
08:01:18,91282CKU4,TSRYS5814781,D,S,C,2024-06-07,1000000.00,4.300226,101.9375
08:01:18,91282CKU4,TSRYS5814781,D,B,C,2024-06-07,1000000.00,4.300226,101.9375
08:01:18,91282CKU4,TSRYS5814781,D,S,D,2024-06-07,1000000.00,4.300873,101.93359375
08:01:18,91282CKU4,TSRYS5814781,D,S,D,2024-06-07,1000000.00,4.30152,101.9296875
08:01:18,91282CKU4,TSRYS5814781,D,S,C,2024-06-07,1000000.00,4.300226,101.9375
08:01:18,91282CKU4,TSRYS5814781,D,B,C,2024-06-07,1000000.00,4.300226,101.9375
08:01:18,91282CKU4,TSRYS5814781,D,B,C,2024-06-07,1000000.00,4.299255,101.943359375
08:01:18,91282CKU4,TSRYS5814781,D,S,D,2024-06-07,1000000.00,4.299255,101.943359375
08:01:18,91282CKU4,TSRYS5814781,D,S,D,2024-06-07,1000000.00,4.299255,101.943359375
08:01:18,91282CKU4,TSRYS5814781,D,S,D,2024-06-07,1000000.00,4.299255,101.943359375
08:01:18,91282CKU4,TSRYS5814781,D,B,C,2024-06-07,1000000.00,4.299255,101.943359375
08:01:18,91282CKU4,TSRYS5814781,D,B,C,2024-06-07,1000000.00,4.299255,101.943359375
08:01:18,91282CKU4,TSRYS5814781,D,S,C,2024-06-07,1000000.00,4.299579,101.94140625
08:01:18,91282CKU4,TSRYS5814781,D,S,C,2024-06-07,1000000.00,4.299579,101.94140625
08:01:18,91282CKU4,TSRYS5814781,D,B,C,2024-06-07,1000000.00,4.299579,101.94140625
08:01:18,91282CKU4,TSRYS5814781,D,B,C,2024-06-07,1000000.00,4.299579,101.94140625
08:01:18,91282CKU4,TSRYS5814781,D,B,C,2024-06-07,3000000.00,4.299255,101.943359375
08:01:18,91282CKU4,TSRYS5814781,D,S,D,2024-06-07,3000000.00,4.299255,101.943359375
08:01:18,91282CKU4,TSRYS5814781,D,S,D,2024-06-07,1000000.00,4.30152,101.9296875
08:01:18,91282CKU4,TSRYS5814781,D,B,C,2024-06-07,1000000.00,4.30152,101.9296875
08:01:18,91282CKU4,TSRYS5814781,D,S,C,2024-06-07,1000000.00,4.30249,101.923828125
08:01:18,91282CKU4,TSRYS5814781,D,B,C,2024-06-07,2000000.00,4.303785,101.91601562
08:01:18,91282CKU4,TSRYS5814781,D,S,C,2024-06-07,1000000.00,4.303137,101.919921875
08:01:18,91282CKU4,TSRYS5814781,D,B,C,2024-06-07,2000000.00,4.303785,101.91601562
08:01:18,91282CKU4,TSRYS5814781,D,B,C,2024-06-07,1000000.00,4.302814,101.921875
08:01:18,91282CKU4,TSRYS5814781,D,S,C,2024-06-07,1000000.00,4.302814,101.921875
08:01:18,91282CKU4,TSRYS5814781,D,S,C,2024-06-07,1000000.00,4.302814,101.921875
08:01:18,91282CKU4,TSRYS5814781,D,B,C,2024-06-07,1000000.00,4.303785,101.91601562
08:01:18,91282CKU4,TSRYS5814781,D,S,C,2024-06-07,1000000.00,4.302814,101.921875
08:01:19,91282CKU4,TSRYS5814781,D,B,C,2024-06-07,2000000.00,4.303785,101.91601562
08:01:19,91282CKU4,TSRYS5814781,D,B,C,2024-06-07,1000000.00,4.303785,101.916015625
08:01:19,91282CKU4,TSRYS5814781,D,S,D,2024-06-07,1000000.00,4.303785,101.916015625
08:01:19,91282CKU4,TSRYS5814781,D,S,D,2024-06-07,1000000.00,4.303785,101.916015625
08:01:19,91282CKU4,TSRYS5814781,D,B,C,2024-06-07,1000000.00,4.303785,101.916015625
08:01:19,91282CKU4,TSRYS5814781,D,B,C,2024-06-07,1000000.00,4.303785,101.916015625
08:01:19,91282CKU4,TSRYS5814781,D,S,D,2024-06-07,1000000.00,4.303785,101.916015625
08:01:19,91282CKU4,TSRYS5814781,D,S,D,2024-06-07,1000000.00,4.303785,101.916015625
08:01:19,91282CKU4,TSRYS5814781,D,B,C,2024-06-07,1000000.00,4.303785,101.916015625
08:01:19,91282CKU4,TSRYS5814781,D,S,T,2024-06-07,2000000.00,4.304108,101.9140625
08:01:19,91282CKU4,TSRYS5814781,D,B,C,2024-06-07,1000000.00,4.303785,101.916015625
08:01:19,91282CKU4,TSRYS5814781,D,S,D,2024-06-07,1000000.00,4.303785,101.916015625
08:01:19,91282CKU4,TSRYS5814781,D,S,D,2024-06-07,1000000.00,4.303785,101.916015625
08:01:19,91282CKU4,TSRYS5814781,D,S,C,2024-06-07,1000000.00,4.304432,101.912109375
08:01:19,91282CKU4,TSRYS5814781,D,B,C,2024-06-07,1000000.00,4.303785,101.91601562
08:01:19,91282CKU4,TSRYS5814781,D,B,C,2024-06-07,1000000.00,4.304432,101.912109375
08:01:19,91282CKU4,TSRYS5814781,D,S,D,2024-06-07,1000000.00,4.303785,101.916015625
08:01:19,91282CKU4,TSRYS5814781,D,B,C,2024-06-07,1000000.00,4.303785,101.916015625
08:01:19,91282CKU4,TSRYS5814781,D,B,C,2024-06-07,1000000.00,4.303785,101.916015625
08:01:19,91282CKU4,TSRYS5814781,D,S,D,2024-06-07,1000000.00,4.303785,101.916015625
08:01:19,91282CKU4,TSRYS5814781,D,S,D,2024-06-07,1000000.00,4.303785,101.916015625
08:01:19,91282CKU4,TSRYS5814781,D,S,D,2024-06-07,1000000.00,4.304432,101.912109375
08:01:19,91282CKU4,TSRYS5814781,D,S,C,2024-06-07,1000000.00,4.303785,101.916015625
08:01:19,91282CKU4,TSRYS5814781,D,B,C,2024-06-07,1000000.00,4.303785,101.916015625
08:01:19,91282CKU4,TSRYS5814781,D,B,C,2024-06-07,2000000.00,4.303785,101.91601562
08:01:19,91282CKU4,TSRYS5814781,D,B,C,2024-06-07,1000000.00,4.30152,101.9296875
08:01:19,91282CKU4,TSRYS5814781,D,S,D,2024-06-07,1000000.00,4.30152,101.9296875
08:01:19,91282CKU4,TSRYS5814781,D,S,D,2024-06-07,1000000.00,4.30152,101.9296875
08:01:19,91282CKU4,TSRYS5814781,D,S,D,2024-06-07,1000000.00,4.301843,101.927734375
08:01:19,91282CKU4,TSRYS5814781,D,B,C,2024-06-07,1000000.00,4.301843,101.927734375
08:01:19,91282CKU4,TSRYS5814781,D,B,C,2024-06-07,5000000.00,4.303785,101.91601562
08:01:19,91282CKU4,TSRYS5814781,D,S,C,2024-06-07,1000000.00,4.301196,101.931640625
08:01:19,91282CKU4,TSRYS5814781,D,B,C,2024-06-07,1000000.00,4.301196,101.931640625
08:01:19,91282CKU4,TSRYS5814781,D,B,C,2024-06-07,1000000.00,4.301196,101.931640625
08:01:19,91282CKU4,TSRYS5814781,D,S,C,2024-06-07,1000000.00,4.301196,101.931640625
08:01:19,91282CKU4,TSRYS5814781,D,S,C,2024-06-07,1000000.00,4.303137,101.91992187
08:01:19,91282CKU4,TSRYS5814781,D,S,D,2024-06-07,1000000.00,4.299255,101.943359375
08:01:19,91282CKU4,TSRYS5814781,D,B,C,2024-06-07,1000000.00,4.303785,101.91601562
08:01:19,91282CKU4,TSRYS5814781,D,S,C,2024-06-07,1000000.00,4.297638,101.953125
08:01:19,91282CKU4,TSRYS5814781,D,S,C,2024-06-07,1000000.00,4.297961,101.951171875
08:01:19,91282CKU4,TSRYS5814781,D,B,A,2024-06-07,2000000.00,4.304755,101.91015625
08:01:19,91282CKU4,TSRYS5814781,D,S,C,2024-06-07,2000000.00,4.304755,101.91015625
08:01:19,91282CKU4,TSRYS5814781,D,S,C,2024-06-07,1000000.00,4.297638,101.953125
08:01:20,91282CKU4,TSRYS5814781,D,S,D,2024-06-07,1000000.00,4.30152,101.9296875
08:01:20,91282CKU4,TSRYS5814781,D,B,C,2024-06-07,1000000.00,4.303785,101.91601562
08:01:20,91282CKU4,TSRYS5814781,D,B,C,2024-06-07,1000000.00,4.303785,101.91601562
08:01:20,91282CKU4,TSRYS5814781,D,B,C,2024-06-07,2000000.00,4.303785,101.91601562
08:01:20,91282CKU4,TSRYS5814781,D,S,C,2024-06-07,1650000.00,4.302687,101.921875
08:01:20,91282CKU4,TSRYS5814781,D,B,A,2024-06-07,1650000.00,4.302687,101.921875
08:01:20,91282CKU4,TSRYS5814781,D,S,C,2024-06-07,1000000.00,4.297638,101.953125
08:01:20,91282CKU4,TSRYS5814781,D,S,D,2024-06-07,1000000.00,4.303137,101.91992187
08:01:20,91282CKU4,TSRYS5814781,D,B,C,2024-06-07,1000000.00,4.297961,101.951171875
08:01:20,91282CKU4,TSRYS5814781,D,S,C,2024-06-07,1000000.00,4.297961,101.951171875
08:01:20,91282CKU4,TSRYS5814781,D,S,D,2024-06-07,1000000.00,4.303137,101.91992187
08:01:20,91282CKU4,TSRYS5814781,D,S,C,2024-06-07,1000000.00,4.297638,101.953125
08:01:20,91282CKU4,TSRYS5814781,D,S,C,2024-06-07,1000000.00,4.297638,101.953125
08:01:20,91282CKU4,TSRYS5814781,D,S,T,2024-06-07,1000000.00,4.303137,101.91992187
08:01:20,91282CKU4,TSRYS5814781,D,B,C,2024-06-07,2000000.00,4.30152,101.9296875
08:01:20,91282CKU4,TSRYS5814781,D,S,D,2024-06-07,1000000.00,4.299255,101.943359375
08:01:20,91282CKU4,TSRYS5814781,D,B,C,2024-06-07,1000000.00,4.298932,101.9453125
08:01:20,91282CKU4,TSRYS5814781,D,S,T,2024-06-07,1000000.00,4.303137,101.91992187
08:01:20,91282CKU4,TSRYS5814781,D,S,D,2024-06-07,1000000.00,4.298932,101.9453125
08:01:20,91282CKU4,TSRYS5814781,D,S,T,2024-06-07,1000000.00,4.294081,101.97460937
08:01:20,91282CKU4,TSRYS5814781,D,S,D,2024-06-07,1000000.00,4.300549,101.935546875
08:01:20,91282CKU4,TSRYS5814781,D,B,C,2024-06-07,1000000.00,4.300549,101.935546875
08:01:20,91282CKU4,TSRYS5814781,D,B,C,2024-06-07,1000000.00,4.296668,101.958984375
08:01:20,91282CKU4,TSRYS5814781,D,S,D,2024-06-07,2000000.00,4.296668,101.958984375
08:01:20,91282CKU4,TSRYS5814781,D,S,D,2024-06-07,1000000.00,4.296668,101.958984375
08:01:20,91282CKU4,TSRYS5814781,D,S,D,2024-06-07,1000000.00,4.296668,101.958984375
08:01:20,91282CKU4,TSRYS5814781,D,B,C,2024-06-07,2000000.00,4.296668,101.958984375
08:01:20,91282CKU4,TSRYS5814781,D,B,C,2024-06-07,1000000.00,4.296668,101.958984375
08:01:20,91282CKU4,TSRYS5814781,D,B,C,2024-06-07,1000000.00,4.296668,101.958984375
08:01:20,91282CKU4,TSRYS5814781,D,S,D,2024-06-07,1000000.00,4.303137,101.91992187
08:01:20,91282CKU4,TSRYS5814781,D,S,D,2024-06-07,1000000.00,4.296668,101.958984375
08:01:20,91282CKU4,TSRYS5814781,D,S,D,2024-06-07,1000000.00,4.296668,101.958984375
08:01:20,91282CKU4,TSRYS5814781,D,S,D,2024-06-07,1000000.00,4.303137,101.91992187
08:01:20,91282CKU4,TSRYS5814781,D,B,C,2024-06-07,1000000.00,4.299255,101.943359375
08:01:20,91282CKU4,TSRYS5814781,D,S,D,2024-06-07,1000000.00,4.299255,101.943359375
08:01:20,91282CKU4,TSRYS5814781,D,S,C,2024-06-07,1000000.00,4.303137,101.91992187
08:01:20,91282CKU4,TSRYS5814781,D,B,C,2024-06-07,1000000.00,4.296668,101.958984375
08:01:20,91282CKU4,TSRYS5814781,D,S,D,2024-06-07,1000000.00,4.299255,101.943359375
08:01:20,91282CKU4,TSRYS5814781,D,S,C,2024-06-07,1000000.00,4.303137,101.91992187
08:01:20,91282CKU4,TSRYS5814781,D,B,C,2024-06-07,1000000.00,4.299255,101.943359375
08:01:20,91282CKU4,TSRYS5814781,D,S,D,2024-06-07,1000000.00,4.303137,101.91992187
08:01:20,91282CKU4,TSRYS5814781,D,S,D,2024-06-07,1000000.00,4.303137,101.91992187
08:01:20,91282CKU4,TSRYS5814781,D,S,D,2024-06-07,1000000.00,4.303785,101.91601562
08:01:20,91282CKU4,TSRYS5814781,D,B,C,2024-06-07,1000000.00,4.30152,101.9296875
08:01:20,91282CKU4,TSRYS5814781,D,S,D,2024-06-07,1000000.00,4.30152,101.9296875
08:01:20,91282CKU4,TSRYS5814781,D,S,D,2024-06-07,2000000.00,4.30152,101.9296875
08:01:20,91282CKU4,TSRYS5814781,D,B,C,2024-06-07,1000000.00,4.30152,101.9296875
08:01:20,91282CKU4,TSRYS5814781,D,S,D,2024-06-07,1000000.00,4.30152,101.9296875
08:01:20,91282CKU4,TSRYS5814781,D,S,D,2024-06-07,1000000.00,4.301843,101.927734375
08:01:20,91282CKU4,TSRYS5814781,D,S,D,2024-06-07,1000000.00,4.303785,101.916015625
08:01:20,91282CKU4,TSRYS5814781,D,S,D,2024-06-07,1000000.00,4.299255,101.94335937
08:01:20,91282CKU4,TSRYS5814781,D,B,C,2024-06-07,1000000.00,4.303785,101.916015625
08:01:20,91282CKU4,TSRYS5814781,D,S,D,2024-06-07,1000000.00,4.303785,101.916015625
08:01:20,91282CKU4,TSRYS5814781,D,B,C,2024-06-07,1000000.00,4.303785,101.916015625
08:01:20,91282CKU4,TSRYS5814781,D,S,D,2024-06-07,1000000.00,4.303785,101.916015625
08:01:20,91282CKU4,TSRYS5814781,D,S,D,2024-06-07,1000000.00,4.303785,101.916015625
08:01:20,91282CKU4,TSRYS5814781,D,B,C,2024-06-07,1000000.00,4.303785,101.916015625
08:01:20,91282CKU4,TSRYS5814781,D,S,D,2024-06-07,1000000.00,4.303785,101.916015625
08:01:20,91282CKU4,TSRYS5814781,D,S,D,2024-06-07,1000000.00,4.303137,101.91992187
08:01:20,91282CKU4,TSRYS5814781,D,S,D,2024-06-07,1000000.00,4.303785,101.916015625
08:01:20,91282CKU4,TSRYS5814781,D,S,D,2024-06-07,1000000.00,4.303137,101.91992187
08:01:20,91282CKU4,TSRYS5814781,D,S,T,2024-06-07,1000000.00,4.303785,101.91601562
08:01:21,91282CKU4,TSRYS5814781,D,B,A,2024-06-07,400000.00,4.296991,101.95703125
08:01:21,91282CKU4,TSRYS5814781,D,S,D,2024-06-07,1000000.00,4.303461,101.91796875
08:01:21,91282CKU4,TSRYS5814781,D,S,T,2024-06-07,1000000.00,4.303785,101.91601562
08:01:21,91282CKU4,TSRYS5814781,D,S,D,2024-06-07,1000000.00,4.303785,101.916015625
08:01:21,91282CKU4,TSRYS5814781,D,S,D,2024-06-07,1000000.00,4.303785,101.916015625
08:01:21,91282CKU4,TSRYS5814781,D,S,C,2024-06-07,1000000.00,4.303785,101.91601562
08:01:21,91282CKU4,TSRYS5814781,D,S,D,2024-06-07,1000000.00,4.303137,101.91992187
08:01:21,91282CKU4,TSRYS5814781,D,S,D,2024-06-07,1000000.00,4.303785,101.916015625
08:01:21,91282CKU4,TSRYS5814781,D,B,C,2024-06-07,1000000.00,4.303785,101.916015625
08:01:21,91282CKU4,TSRYS5814781,D,S,D,2024-06-07,1000000.00,4.303785,101.916015625
08:01:21,91282CKU4,TSRYS5814781,D,S,C,2024-06-07,1000000.00,4.304432,101.912109375
08:01:21,91282CKU4,TSRYS5814781,D,B,C,2024-06-07,1000000.00,4.304108,101.9140625
08:01:21,91282CKU4,TSRYS5814781,D,S,D,2024-06-07,1000000.00,4.304108,101.9140625
08:01:21,91282CKU4,TSRYS5814781,D,B,C,2024-06-07,1000000.00,4.304108,101.9140625
08:01:21,91282CKU4,TSRYS5814781,D,S,D,2024-06-07,1000000.00,4.304108,101.9140625
08:01:21,91282CKU4,TSRYS5814781,D,S,D,2024-06-07,1000000.00,4.304108,101.9140625
08:01:21,91282CKU4,TSRYS5814781,D,S,C,2024-06-07,1000000.00,4.303137,101.91992187
08:01:21,91282CKU4,TSRYS5814781,D,S,C,2024-06-07,1000000.00,4.303137,101.91992187
08:01:21,91282CKU4,TSRYS5814781,D,B,C,2024-06-07,1000000.00,4.303785,101.916015625
08:01:21,91282CKU4,TSRYS5814781,D,S,D,2024-06-07,1000000.00,4.303785,101.916015625
08:01:21,91282CKU4,TSRYS5814781,D,S,D,2024-06-07,1000000.00,4.304108,101.9140625
08:01:21,91282CKU4,TSRYS5814781,D,S,D,2024-06-07,1000000.00,4.304108,101.9140625
08:01:21,91282CKU4,TSRYS5814781,D,B,C,2024-06-07,1000000.00,4.303785,101.916015625
08:01:21,91282CKU4,TSRYS5814781,D,B,C,2024-06-07,1000000.00,4.296991,101.95703125
08:01:21,91282CKU4,TSRYS5814781,D,S,D,2024-06-07,1000000.00,4.304432,101.912109375
08:01:21,91282CKU4,TSRYS5814781,D,S,D,2024-06-07,1000000.00,4.302814,101.921875
08:01:21,91282CKU4,TSRYS5814781,D,S,D,2024-06-07,1000000.00,4.303785,101.916015625
08:01:21,91282CKU4,TSRYS5814781,D,B,C,2024-06-07,1000000.00,4.296991,101.95703125
08:01:21,91282CKU4,TSRYS5814781,D,S,D,2024-06-07,1000000.00,4.302814,101.921875
08:01:21,91282CKU4,TSRYS5814781,D,S,D,2024-06-07,1000000.00,4.302814,101.921875
08:01:21,91282CKU4,TSRYS5814781,D,B,C,2024-06-07,1000000.00,4.296991,101.95703125
08:01:21,91282CKU4,TSRYS5814781,D,S,D,2024-06-07,1000000.00,4.302814,101.921875
08:01:21,91282CKU4,TSRYS5814781,D,S,D,2024-06-07,1000000.00,4.302814,101.921875
08:01:21,91282CKU4,TSRYS5814781,D,S,D,2024-06-07,1000000.00,4.302814,101.921875
08:01:21,91282CKU4,TSRYS5814781,D,B,C,2024-06-07,1000000.00,4.296668,101.95898437
08:01:21,91282CKU4,TSRYS5814781,D,S,D,2024-06-07,1000000.00,4.302814,101.921875
08:01:21,91282CKU4,TSRYS5814781,D,B,C,2024-06-07,1000000.00,4.296668,101.95898437
08:01:21,91282CKU4,TSRYS5814781,D,B,C,2024-06-07,1000000.00,4.303785,101.916015625
08:01:21,91282CKU4,TSRYS5814781,D,S,D,2024-06-07,1000000.00,4.303785,101.916015625
08:01:21,91282CKU4,TSRYS5814781,D,S,D,2024-06-07,3000000.00,4.304108,101.9140625
08:01:21,91282CKU4,TSRYS5814781,D,B,C,2024-06-07,1000000.00,4.296668,101.95898437
08:01:21,91282CKU4,TSRYS5814781,D,S,D,2024-06-07,1000000.00,4.30152,101.9296875
08:01:21,91282CKU4,TSRYS5814781,D,S,D,2024-06-07,1000000.00,4.30152,101.9296875
08:01:21,91282CKU4,TSRYS5814781,D,S,C,2024-06-07,1000000.00,4.30249,101.92382812
08:01:21,91282CKU4,TSRYS5814781,D,S,D,2024-06-07,1000000.00,4.30152,101.9296875
08:01:21,91282CKU4,TSRYS5814781,D,B,C,2024-06-07,1000000.00,4.296668,101.95898437
08:01:21,91282CKU4,TSRYS5814781,D,S,D,2024-06-07,1000000.00,4.30152,101.9296875
08:01:21,91282CKU4,TSRYS5814781,D,S,D,2024-06-07,1000000.00,4.30249,101.92382812
08:01:21,91282CKU4,TSRYS5814781,D,S,T,2024-06-07,1000000.00,4.303461,101.91796875
08:01:21,91282CKU4,TSRYS5814781,D,S,T,2024-06-07,1000000.00,4.303461,101.91796875
08:01:21,91282CKU4,TSRYS5814781,D,B,C,2024-06-07,1000000.00,4.30152,101.9296875
08:01:21,91282CKU4,TSRYS5814781,D,S,T,2024-06-07,1000000.00,4.303461,101.91796875
08:01:21,91282CKU4,TSRYS5814781,D,S,D,2024-06-07,1000000.00,4.30152,101.9296875
08:01:21,91282CKU4,TSRYS5814781,D,S,T,2024-06-07,1000000.00,4.303461,101.91796875
08:01:21,91282CKU4,TSRYS5814781,D,B,C,2024-06-07,1000000.00,4.30152,101.9296875
08:01:21,91282CKU4,TSRYS5814781,D,S,T,2024-06-07,1000000.00,4.303461,101.91796875
08:01:21,91282CKU4,TSRYS5814781,D,S,D,2024-06-07,1000000.00,4.30152,101.9296875
08:01:21,91282CKU4,TSRYS5814781,D,S,D,2024-06-07,1000000.00,4.30152,101.9296875
08:01:21,91282CKU4,TSRYS5814781,D,B,C,2024-06-07,1000000.00,4.30152,101.9296875
08:01:21,91282CKU4,TSRYS5814781,D,S,D,2024-06-07,1000000.00,4.30152,101.9296875
08:01:21,91282CKU4,TSRYS5814781,D,S,D,2024-06-07,2000000.00,4.30152,101.9296875
08:01:21,91282CKU4,TSRYS5814781,D,S,D,2024-06-07,1000000.00,4.30152,101.9296875
08:01:21,91282CKU4,TSRYS5814781,D,B,C,2024-06-07,1000000.00,4.30152,101.9296875
08:01:21,91282CKU4,TSRYS5814781,D,B,C,2024-06-07,1000000.00,4.30152,101.9296875
08:01:21,91282CKU4,TSRYS5814781,D,S,D,2024-06-07,1000000.00,4.30152,101.9296875
08:01:21,91282CKU4,TSRYS5814781,D,S,D,2024-06-07,1000000.00,4.30152,101.9296875
08:01:21,91282CKU4,TSRYS5814781,D,B,C,2024-06-07,1000000.00,4.30152,101.9296875
08:01:21,91282CKU4,TSRYS5814781,D,S,D,2024-06-07,1000000.00,4.30152,101.9296875
08:01:21,91282CKU4,TSRYS5814781,D,S,D,2024-06-07,1000000.00,4.30152,101.9296875
08:01:21,91282CKU4,TSRYS5814781,D,S,C,2024-06-07,1000000.00,4.303137,101.91992187
08:01:21,91282CKU4,TSRYS5814781,D,B,C,2024-06-07,1000000.00,4.294404,101.97265625
08:01:21,91282CKU4,TSRYS5814781,D,S,D,2024-06-07,1000000.00,4.294404,101.97265625
08:01:21,91282CKU4,TSRYS5814781,D,B,C,2024-06-07,1000000.00,4.30152,101.9296875
08:01:21,91282CKU4,TSRYS5814781,D,S,C,2024-06-07,1000000.00,4.294404,101.97265625
08:01:21,91282CKU4,TSRYS5814781,D,B,C,2024-06-07,1000000.00,4.294404,101.97265625
08:01:21,91282CKU4,TSRYS5814781,D,S,D,2024-06-07,2000000.00,4.294404,101.97265625
08:01:21,91282CKU4,TSRYS5814781,D,S,C,2024-06-07,1000000.00,4.295051,101.96875
08:01:22,91282CKU4,TSRYS5814781,D,B,C,2024-06-07,1000000.00,4.295051,101.96875
08:01:22,91282CKU4,TSRYS5814781,D,B,C,2024-06-07,2000000.00,4.294404,101.97265625
08:01:22,91282CKU4,TSRYS5814781,D,B,C,2024-06-07,1000000.00,4.294404,101.97265625
08:01:22,91282CKU4,TSRYS5814781,D,S,D,2024-06-07,1000000.00,4.294404,101.97265625
