tradeTime,cusip,issueSymbolIdentifier,priceType,reportingSideCode,contraPartyTypeCode,tradeDate,reportedTradeVolume,lastSaleYield,lastSalePrice
08:00:03,91282CLD1,TSRYS5850288,D,S,D,2024-08-14,2000000.00,3.737877,102.3515625
08:00:03,91282CLD1,TSRYS5850288,D,S,D,2024-08-14,2000000.00,3.738828,102.345703125
08:00:03,91282CLD1,TSRYS5850288,D,S,D,2024-08-14,1000000.00,3.739145,102.34375
08:00:03,91282CLD1,TSRYS5850288,D,S,T,2024-08-14,2000000.00,3.735659,102.365234375
08:00:03,91282CLD1,TSRYS5850288,D,S,D,2024-08-14,1000000.00,3.735659,102.365234375
08:00:03,91282CLD1,TSRYS5850288,D,S,T,2024-08-14,1000000.00,3.735976,102.36328125
08:00:03,91282CLD1,TSRYS5850288,D,S,D,2024-08-14,2000000.00,3.731539,102.390625
08:00:03,91282CLD1,TSRYS5850288,D,S,D,2024-08-14,1000000.00,3.731539,102.390625
08:00:03,91282CLD1,TSRYS5850288,D,S,D,2024-08-14,1000000.00,3.729321,102.404296875
08:00:03,91282CLD1,TSRYS5850288,D,S,T,2024-08-14,2000000.00,3.734391,102.373046875
08:00:03,91282CLD1,TSRYS5850288,D,S,T,2024-08-14,2000000.00,3.736926,102.357421875
08:00:04,91282CLD1,TSRYS5850288,D,S,T,2024-08-14,1000000.00,3.736926,102.357421875
08:00:04,91282CLD1,TSRYS5850288,D,S,T,2024-08-14,1000000.00,3.736926,102.357421875
08:00:04,91282CLD1,TSRYS5850288,D,S,D,2024-08-14,1000000.00,3.736926,102.357421875
08:00:04,91282CLD1,TSRYS5850288,D,S,D,2024-08-14,1000000.00,3.736926,102.357421875
08:00:04,91282CLD1,TSRYS5850288,D,S,T,2024-08-14,1000000.00,3.736926,102.357421875
08:00:04,91282CLD1,TSRYS5850288,D,S,T,2024-08-14,1000000.00,3.736926,102.357421875
08:00:04,91282CLD1,TSRYS5850288,D,S,T,2024-08-14,1000000.00,3.734391,102.373046875
08:00:04,91282CLD1,TSRYS5850288,D,S,D,2024-08-14,1000000.00,3.734391,102.373046875
08:00:04,91282CLD1,TSRYS5850288,D,S,D,2024-08-14,1000000.00,3.73344,102.37890625
08:00:04,91282CLD1,TSRYS5850288,D,S,D,2024-08-14,1000000.00,3.734391,102.373046875
08:00:04,91282CLD1,TSRYS5850288,D,S,D,2024-08-14,1000000.00,3.73344,102.37890625
08:00:04,91282CLD1,TSRYS5850288,D,S,D,2024-08-14,2000000.00,3.73344,102.37890625
08:00:04,91282CLD1,TSRYS5850288,D,S,D,2024-08-14,1000000.00,3.734391,102.373046875
08:00:04,91282CLD1,TSRYS5850288,D,S,D,2024-08-14,1000000.00,3.734391,102.373046875
08:00:04,91282CLD1,TSRYS5850288,D,S,D,2024-08-14,1000000.00,3.734391,102.373046875
08:00:04,91282CLD1,TSRYS5850288,D,S,D,2024-08-14,1000000.00,3.734391,102.373046875
08:00:04,91282CLD1,TSRYS5850288,D,S,D,2024-08-14,1000000.00,3.729321,102.404296875
08:00:04,91282CLD1,TSRYS5850288,D,S,T,2024-08-14,1000000.00,3.729321,102.404296875
08:00:04,91282CLD1,TSRYS5850288,D,S,D,2024-08-14,1000000.00,3.732806,102.3828125
08:00:04,91282CLD1,TSRYS5850288,D,S,D,2024-08-14,1000000.00,3.716654,102.482421875
08:00:04,91282CLD1,TSRYS5850288,D,S,D,2024-08-14,1000000.00,3.716654,102.482421875
08:00:04,91282CLD1,TSRYS5850288,D,S,D,2024-08-14,2000000.00,3.716654,102.482421875
08:00:04,91282CLD1,TSRYS5850288,D,S,D,2024-08-14,1000000.00,3.716654,102.482421875
08:00:04,91282CLD1,TSRYS5850288,D,S,D,2024-08-14,1000000.00,3.716654,102.482421875
08:00:04,91282CLD1,TSRYS5850288,D,S,C,2024-08-14,1000000.00,3.711274,102.515625
08:00:04,91282CLD1,TSRYS5850288,D,S,D,2024-08-14,1000000.00,3.710958,102.517578125
08:00:04,91282CLD1,TSRYS5850288,D,S,D,2024-08-14,1000000.00,3.710958,102.517578125
08:00:04,91282CLD1,TSRYS5850288,D,S,D,2024-08-14,1000000.00,3.712223,102.509765625
08:00:04,91282CLD1,TSRYS5850288,D,S,C,2024-08-14,1000000.00,3.712223,102.509765625
08:00:04,91282CLD1,TSRYS5850288,D,S,D,2024-08-14,1000000.00,3.713173,102.50390625
08:00:04,91282CLD1,TSRYS5850288,D,S,C,2024-08-14,1000000.00,3.711907,102.51171875
08:00:04,91282CLD1,TSRYS5850288,D,S,D,2024-08-14,1000000.00,3.712856,102.505859375
08:00:04,91282CLD1,TSRYS5850288,D,B,C,2024-08-14,1000000.00,3.713489,102.501953125
08:00:04,91282CLD1,TSRYS5850288,D,S,T,2024-08-14,1000000.00,3.713173,102.50390625
08:00:04,91282CLD1,TSRYS5850288,D,B,C,2024-08-14,1000000.00,3.711274,102.515625
08:00:04,91282CLD1,TSRYS5850288,D,B,C,2024-08-14,1000000.00,3.711274,102.515625
08:00:04,91282CLD1,TSRYS5850288,D,B,C,2024-08-14,1000000.00,3.711274,102.515625
08:00:04,91282CLD1,TSRYS5850288,D,B,C,2024-08-14,1000000.00,3.711274,102.515625
08:00:04,91282CLD1,TSRYS5850288,D,B,C,2024-08-14,1000000.00,3.711274,102.515625
08:00:04,91282CLD1,TSRYS5850288,D,B,C,2024-08-14,1000000.00,3.711274,102.515625
08:00:04,91282CLD1,TSRYS5850288,D,S,D,2024-08-14,1000000.00,3.707478,102.5390625
08:00:04,91282CLD1,TSRYS5850288,D,S,T,2024-08-14,1000000.00,3.71159,102.513671875
08:00:04,91282CLD1,TSRYS5850288,D,S,C,2024-08-14,1000000.00,3.711274,102.515625
08:00:07,91282CLD1,TSRYS5850288,D,S,T,2024-08-14,1000000.00,3.735342,102.3671875
08:00:07,91282CLD1,TSRYS5850288,D,S,T,2024-08-14,1000000.00,3.735342,102.3671875
08:00:07,91282CLD1,TSRYS5850288,D,S,T,2024-08-14,1000000.00,3.735342,102.3671875
08:00:07,91282CLD1,TSRYS5850288,D,S,T,2024-08-14,1000000.00,3.711274,102.515625
08:00:07,91282CLD1,TSRYS5850288,D,S,T,2024-08-14,1000000.00,3.711274,102.515625
08:00:07,91282CLD1,TSRYS5850288,D,S,T,2024-08-14,1000000.00,3.711299,102.515473
08:00:07,91282CLD1,TSRYS5850288,D,S,T,2024-08-14,1000000.00,3.711299,102.515473
08:00:07,91282CLD1,TSRYS5850288,D,S,T,2024-08-14,2000000.00,3.711274,102.515625
08:00:07,91282CLD1,TSRYS5850288,D,S,T,2024-08-14,1000000.00,3.711299,102.515473
08:00:07,91282CLD1,TSRYS5850288,D,S,T,2024-08-14,3000000.00,3.711299,102.515473
08:00:07,91282CLD1,TSRYS5850288,D,S,T,2024-08-14,1000000.00,3.711299,102.515473
08:00:07,91282CLD1,TSRYS5850288,D,S,T,2024-08-14,1000000.00,3.711274,102.515625
08:00:08,91282CLD1,TSRYS5850288,D,S,T,2024-08-14,1000000.00,3.711274,102.515625
08:00:08,91282CLD1,TSRYS5850288,D,S,T,2024-08-14,1000000.00,3.711299,102.515473
08:00:08,91282CLD1,TSRYS5850288,D,S,T,2024-08-14,1000000.00,3.711299,102.515473
08:00:08,91282CLD1,TSRYS5850288,D,S,T,2024-08-14,1000000.00,3.711274,102.515625
08:00:08,91282CLD1,TSRYS5850288,D,S,T,2024-08-14,1000000.00,3.711274,102.515625
08:00:08,91282CLD1,TSRYS5850288,D,S,T,2024-08-14,1000000.00,3.711274,102.515625
08:00:09,91282CLD1,TSRYS5850288,D,B,A,2024-08-14,3000000.00,3.716971,102.48046875
08:00:12,91282CLD1,TSRYS5850288,D,S,T,2024-08-14,1000000.00,3.729004,102.40625
08:00:13,91282CLD1,TSRYS5850288,D,S,T,2024-08-14,1000000.00,3.735342,102.3671875
08:00:13,91282CLD1,TSRYS5850288,D,S,T,2024-08-14,1000000.00,3.735342,102.3671875
08:00:13,91282CLD1,TSRYS5850288,D,S,D,2024-08-14,1000000.00,3.734074,102.375
08:00:13,91282CLD1,TSRYS5850288,D,S,T,2024-08-14,1000000.00,3.734074,102.375
08:00:13,91282CLD1,TSRYS5850288,D,S,T,2024-08-14,1000000.00,3.734074,102.375
08:00:13,91282CLD1,TSRYS5850288,D,S,D,2024-08-14,1000000.00,3.734074,102.375
08:00:13,91282CLD1,TSRYS5850288,D,S,D,2024-08-14,1000000.00,3.734074,102.375
08:00:14,91282CLD1,TSRYS5850288,D,S,T,2024-08-14,1000000.00,3.732806,102.3828125
08:00:14,91282CLD1,TSRYS5850288,D,S,T,2024-08-14,1000000.00,3.734074,102.375
08:00:14,91282CLD1,TSRYS5850288,D,S,D,2024-08-14,1000000.00,3.735976,102.36328125
08:00:14,91282CLD1,TSRYS5850288,D,S,T,2024-08-14,1000000.00,3.728371,102.41015625
08:00:14,91282CLD1,TSRYS5850288,D,S,D,2024-08-14,1000000.00,3.732806,102.3828125
08:00:14,91282CLD1,TSRYS5850288,D,S,T,2024-08-14,1000000.00,3.732806,102.3828125
08:00:14,91282CLD1,TSRYS5850288,D,S,T,2024-08-14,1000000.00,3.732806,102.3828125
08:00:14,91282CLD1,TSRYS5850288,D,S,D,2024-08-14,1000000.00,3.732806,102.3828125
08:00:14,91282CLD1,TSRYS5850288,D,S,T,2024-08-14,2000000.00,3.72647,102.421875
08:00:14,91282CLD1,TSRYS5850288,D,S,D,2024-08-14,1000000.00,3.732173,102.38671875
08:00:14,91282CLD1,TSRYS5850288,D,S,D,2024-08-14,1000000.00,3.732173,102.38671875
08:00:14,91282CLD1,TSRYS5850288,D,S,T,2024-08-14,1000000.00,3.730905,102.39453125
08:00:14,91282CLD1,TSRYS5850288,D,S,T,2024-08-14,1000000.00,3.731539,102.390625
08:00:14,91282CLD1,TSRYS5850288,D,S,T,2024-08-14,1000000.00,3.734708,102.37109375
08:00:14,91282CLD1,TSRYS5850288,D,S,T,2024-08-14,1000000.00,3.734708,102.37109375
08:00:14,91282CLD1,TSRYS5850288,D,S,T,2024-08-14,1000000.00,3.739145,102.34375
08:00:14,91282CLD1,TSRYS5850288,D,S,T,2024-08-14,1000000.00,3.739145,102.34375
08:00:14,91282CLD1,TSRYS5850288,D,S,T,2024-08-14,2000000.00,3.740414,102.3359375
08:00:14,91282CLD1,TSRYS5850288,D,S,T,2024-08-14,1000000.00,3.740414,102.3359375
08:00:14,91282CLD1,TSRYS5850288,D,S,T,2024-08-14,1000000.00,3.734074,102.375
08:00:14,91282CLD1,TSRYS5850288,D,S,T,2024-08-14,3000000.00,3.731539,102.390625
08:00:14,91282CLD1,TSRYS5850288,D,S,T,2024-08-14,5000000.00,3.716338,102.484375
08:00:14,91282CLD1,TSRYS5850288,D,S,T,2024-08-14,1000000.00,3.710008,102.5234375
08:00:14,91282CLD1,TSRYS5850288,D,S,T,2024-08-14,1000000.00,3.710008,102.5234375
08:00:14,91282CLD1,TSRYS5850288,D,S,T,2024-08-14,1000000.00,3.71254,102.5078125
08:00:14,91282CLD1,TSRYS5850288,D,S,T,2024-08-14,1000000.00,3.71254,102.5078125
08:00:14,91282CLD1,TSRYS5850288,D,S,T,2024-08-14,1000000.00,3.711274,102.515625
08:00:14,91282CLD1,TSRYS5850288,D,S,T,2024-08-14,1000000.00,3.711274,102.515625
08:00:16,91282CLD1,TSRYS5850288,D,S,T,2024-08-14,2000000.00,3.71254,102.5078125
08:00:16,91282CLD1,TSRYS5850288,D,S,T,2024-08-14,1000000.00,3.71254,102.5078125
08:00:18,91282CLD1,TSRYS5850288,D,S,T,2024-08-14,1000000.00,3.713806,102.5
08:00:19,91282CLD1,TSRYS5850288,D,S,D,2024-08-14,1000000.00,3.735342,102.3671875
08:00:20,91282CLD1,TSRYS5850288,D,S,D,2024-08-14,2000000.00,3.71254,102.5078125
08:00:22,91282CLD1,TSRYS5850288,D,S,T,2024-08-14,1000000.00,3.734074,102.375
08:00:22,91282CLD1,TSRYS5850288,D,S,T,2024-08-14,1000000.00,3.734074,102.375
08:00:22,91282CLD1,TSRYS5850288,D,S,D,2024-08-14,5000000.00,3.734074,102.375
08:00:22,91282CLD1,TSRYS5850288,D,S,D,2024-08-14,3000000.00,3.734074,102.375
08:00:22,91282CLD1,TSRYS5850288,D,S,A,2024-08-14,50000000.00,3.730905,102.39453125
08:00:22,91282CLD1,TSRYS5850288,D,S,D,2024-08-14,1000000.00,3.734708,102.37109375
08:00:22,91282CLD1,TSRYS5850288,D,S,D,2024-08-14,1000000.00,3.734708,102.37109375
08:00:26,91282CLD1,TSRYS5850288,D,S,D,2024-08-14,1000000.00,3.734074,102.375
08:00:26,91282CLD1,TSRYS5850288,D,S,C,2024-08-14,1000000.00,3.733757,102.376953125
08:00:26,91282CLD1,TSRYS5850288,D,S,C,2024-08-14,1000000.00,3.729004,102.40625
08:00:26,91282CLD1,TSRYS5850288,D,S,C,2024-08-14,1000000.00,3.729321,102.404296875
08:00:26,91282CLD1,TSRYS5850288,D,S,C,2024-08-14,1000000.00,3.729638,102.40234375
08:00:28,91282CLD1,TSRYS5850288,D,S,T,2024-08-14,1000000.00,3.729004,102.40625
08:00:28,91282CLD1,TSRYS5850288,D,S,T,2024-08-14,1000000.00,3.729004,102.40625
08:00:28,91282CLD1,TSRYS5850288,D,S,T,2024-08-14,1000000.00,3.729004,102.40625
08:00:28,91282CLD1,TSRYS5850288,D,S,T,2024-08-14,1000000.00,3.729004,102.40625
08:00:28,91282CLD1,TSRYS5850288,D,S,T,2024-08-14,1000000.00,3.729004,102.40625
08:00:28,91282CLD1,TSRYS5850288,D,S,T,2024-08-14,1000000.00,3.737877,102.3515625
08:00:28,91282CLD1,TSRYS5850288,D,S,T,2024-08-14,1000000.00,3.737877,102.3515625
08:00:28,91282CLD1,TSRYS5850288,D,S,T,2024-08-14,1000000.00,3.737877,102.3515625
08:00:28,91282CLD1,TSRYS5850288,D,S,T,2024-08-14,1000000.00,3.737877,102.3515625
08:00:28,91282CLD1,TSRYS5850288,D,S,T,2024-08-14,1000000.00,3.737877,102.3515625
08:00:29,91282CLD1,TSRYS5850288,D,S,D,2024-08-14,1000000.00,3.735342,102.3671875
08:00:29,91282CLD1,TSRYS5850288,D,S,D,2024-08-14,1000000.00,3.734074,102.375
08:00:29,91282CLD1,TSRYS5850288,D,S,D,2024-08-14,4000000.00,3.716021,102.486328125
08:00:30,91282CLD1,TSRYS5850288,D,S,T,2024-08-14,1000000.00,3.730905,102.39453125
08:00:30,91282CLD1,TSRYS5850288,D,S,T,2024-08-14,1000000.00,3.734074,102.375
08:00:30,91282CLD1,TSRYS5850288,D,S,T,2024-08-14,2000000.00,3.737243,102.35546875
08:00:30,91282CLD1,TSRYS5850288,D,S,T,2024-08-14,1000000.00,3.737243,102.35546875
08:00:30,91282CLD1,TSRYS5850288,D,S,T,2024-08-14,1000000.00,3.738511,102.34765625
08:00:30,91282CLD1,TSRYS5850288,D,S,T,2024-08-14,1000000.00,3.738511,102.34765625
08:00:30,91282CLD1,TSRYS5850288,D,S,T,2024-08-14,2000000.00,3.737877,102.3515625
08:00:30,91282CLD1,TSRYS5850288,D,S,T,2024-08-14,1000000.00,3.737243,102.35546875
08:00:30,91282CLD1,TSRYS5850288,D,S,T,2024-08-14,1000000.00,3.73756,102.353515625
08:00:30,91282CLD1,TSRYS5850288,D,S,T,2024-08-14,1000000.00,3.734074,102.375
08:00:30,91282CLD1,TSRYS5850288,D,S,T,2024-08-14,1000000.00,3.735342,102.3671875
08:00:30,91282CLD1,TSRYS5850288,D,S,T,2024-08-14,1000000.00,3.734074,102.375
08:00:30,91282CLD1,TSRYS5850288,D,S,T,2024-08-14,1000000.00,3.735342,102.3671875
08:00:30,91282CLD1,TSRYS5850288,D,S,T,2024-08-14,1000000.00,3.735342,102.3671875
08:00:30,91282CLD1,TSRYS5850288,D,S,T,2024-08-14,1000000.00,3.735976,102.36328125
08:00:30,91282CLD1,TSRYS5850288,D,S,T,2024-08-14,1000000.00,3.735342,102.3671875
08:00:30,91282CLD1,TSRYS5850288,D,S,T,2024-08-14,1000000.00,3.736926,102.357421875
08:00:30,91282CLD1,TSRYS5850288,D,S,T,2024-08-14,1000000.00,3.736609,102.359375
08:00:30,91282CLD1,TSRYS5850288,D,S,T,2024-08-14,1000000.00,3.735025,102.369140625
08:00:30,91282CLD1,TSRYS5850288,D,S,T,2024-08-14,1000000.00,3.734074,102.375
08:00:30,91282CLD1,TSRYS5850288,D,S,T,2024-08-14,1000000.00,3.734074,102.375
08:00:30,91282CLD1,TSRYS5850288,D,S,T,2024-08-14,1000000.00,3.734074,102.375
08:00:30,91282CLD1,TSRYS5850288,D,S,T,2024-08-14,1000000.00,3.732806,102.3828125
08:00:30,91282CLD1,TSRYS5850288,D,S,T,2024-08-14,1000000.00,3.732806,102.3828125
08:00:30,91282CLD1,TSRYS5850288,D,S,T,2024-08-14,1000000.00,3.732806,102.3828125
08:00:30,91282CLD1,TSRYS5850288,D,S,T,2024-08-14,1000000.00,3.731539,102.390625
08:00:30,91282CLD1,TSRYS5850288,D,S,T,2024-08-14,1000000.00,3.731539,102.390625
08:00:30,91282CLD1,TSRYS5850288,D,S,T,2024-08-14,1000000.00,3.731539,102.390625
08:00:30,91282CLD1,TSRYS5850288,D,S,T,2024-08-14,1000000.00,3.731539,102.390625
08:00:30,91282CLD1,TSRYS5850288,D,S,T,2024-08-14,1000000.00,3.732806,102.3828125
08:00:30,91282CLD1,TSRYS5850288,D,S,T,2024-08-14,1000000.00,3.732806,102.3828125
08:00:30,91282CLD1,TSRYS5850288,D,S,T,2024-08-14,1000000.00,3.732806,102.3828125
08:00:30,91282CLD1,TSRYS5850288,D,S,T,2024-08-14,2000000.00,3.732806,102.3828125
08:00:30,91282CLD1,TSRYS5850288,D,S,T,2024-08-14,1000000.00,3.725203,102.4296875
08:00:30,91282CLD1,TSRYS5850288,D,S,T,2024-08-14,1000000.00,3.729004,102.40625
08:00:30,91282CLD1,TSRYS5850288,D,S,T,2024-08-14,1000000.00,3.729004,102.40625
08:00:30,91282CLD1,TSRYS5850288,D,S,T,2024-08-14,1000000.00,3.728054,102.412109375
08:00:30,91282CLD1,TSRYS5850288,D,S,T,2024-08-14,1000000.00,3.727737,102.4140625
08:00:30,91282CLD1,TSRYS5850288,D,S,T,2024-08-14,1000000.00,3.72647,102.421875
08:00:30,91282CLD1,TSRYS5850288,D,S,T,2024-08-14,1000000.00,3.72647,102.421875
08:00:30,91282CLD1,TSRYS5850288,D,S,T,2024-08-14,1000000.00,3.727737,102.4140625
08:00:30,91282CLD1,TSRYS5850288,D,S,T,2024-08-14,1000000.00,3.729004,102.40625
08:00:30,91282CLD1,TSRYS5850288,D,S,T,2024-08-14,1000000.00,3.72647,102.421875
08:00:30,91282CLD1,TSRYS5850288,D,S,T,2024-08-14,1000000.00,3.729004,102.40625
08:00:30,91282CLD1,TSRYS5850288,D,S,T,2024-08-14,1000000.00,3.729004,102.40625
08:00:30,91282CLD1,TSRYS5850288,D,S,T,2024-08-14,1000000.00,3.729004,102.40625
08:00:30,91282CLD1,TSRYS5850288,D,S,T,2024-08-14,1000000.00,3.729004,102.40625
08:00:30,91282CLD1,TSRYS5850288,D,S,T,2024-08-14,1000000.00,3.729004,102.40625
08:00:30,91282CLD1,TSRYS5850288,D,S,T,2024-08-14,1000000.00,3.731539,102.390625
08:00:30,91282CLD1,TSRYS5850288,D,S,T,2024-08-14,1000000.00,3.731539,102.390625
08:00:30,91282CLD1,TSRYS5850288,D,S,T,2024-08-14,1000000.00,3.731539,102.390625
08:00:30,91282CLD1,TSRYS5850288,D,S,T,2024-08-14,1000000.00,3.731539,102.390625
08:00:30,91282CLD1,TSRYS5850288,D,S,T,2024-08-14,2000000.00,3.730905,102.39453125
08:00:30,91282CLD1,TSRYS5850288,D,S,T,2024-08-14,1000000.00,3.730905,102.39453125
08:00:30,91282CLD1,TSRYS5850288,D,S,T,2024-08-14,1000000.00,3.730905,102.39453125
08:00:30,91282CLD1,TSRYS5850288,D,S,T,2024-08-14,1000000.00,3.731539,102.390625
08:00:30,91282CLD1,TSRYS5850288,D,S,T,2024-08-14,1000000.00,3.730271,102.3984375
08:00:30,91282CLD1,TSRYS5850288,D,S,T,2024-08-14,1000000.00,3.731539,102.390625
08:00:30,91282CLD1,TSRYS5850288,D,S,T,2024-08-14,1000000.00,3.730271,102.3984375
08:00:30,91282CLD1,TSRYS5850288,D,S,T,2024-08-14,1000000.00,3.729004,102.40625
08:00:30,91282CLD1,TSRYS5850288,D,S,T,2024-08-14,1000000.00,3.72647,102.421875
08:00:30,91282CLD1,TSRYS5850288,D,S,T,2024-08-14,1000000.00,3.72647,102.421875
08:00:30,91282CLD1,TSRYS5850288,D,S,T,2024-08-14,1000000.00,3.727737,102.4140625
08:00:30,91282CLD1,TSRYS5850288,D,S,T,2024-08-14,1000000.00,3.729004,102.40625
08:00:30,91282CLD1,TSRYS5850288,D,S,T,2024-08-14,1000000.00,3.729004,102.40625
08:00:30,91282CLD1,TSRYS5850288,D,S,T,2024-08-14,1000000.00,3.729004,102.40625
08:00:30,91282CLD1,TSRYS5850288,D,S,T,2024-08-14,1000000.00,3.72647,102.421875
08:00:30,91282CLD1,TSRYS5850288,D,S,T,2024-08-14,1000000.00,3.72647,102.421875
08:00:30,91282CLD1,TSRYS5850288,D,S,T,2024-08-14,1000000.00,3.727737,102.4140625
08:00:30,91282CLD1,TSRYS5850288,D,S,T,2024-08-14,1000000.00,3.729004,102.40625
08:00:30,91282CLD1,TSRYS5850288,D,S,T,2024-08-14,1000000.00,3.729004,102.40625
08:00:30,91282CLD1,TSRYS5850288,D,S,T,2024-08-14,1000000.00,3.729004,102.40625
08:00:30,91282CLD1,TSRYS5850288,D,S,T,2024-08-14,1000000.00,3.729004,102.40625
08:00:30,91282CLD1,TSRYS5850288,D,S,T,2024-08-14,1000000.00,3.729004,102.40625
08:00:30,91282CLD1,TSRYS5850288,D,S,T,2024-08-14,1000000.00,3.729004,102.40625
08:00:30,91282CLD1,TSRYS5850288,D,S,T,2024-08-14,1000000.00,3.729004,102.40625
08:00:30,91282CLD1,TSRYS5850288,D,S,T,2024-08-14,1000000.00,3.730271,102.3984375
08:00:30,91282CLD1,TSRYS5850288,D,S,T,2024-08-14,1000000.00,3.730905,102.39453125
08:00:30,91282CLD1,TSRYS5850288,D,S,T,2024-08-14,1000000.00,3.729004,102.40625
08:00:30,91282CLD1,TSRYS5850288,D,S,T,2024-08-14,1000000.00,3.732489,102.384765625
08:00:30,91282CLD1,TSRYS5850288,D,S,T,2024-08-14,1000000.00,3.731539,102.390625
08:00:30,91282CLD1,TSRYS5850288,D,S,T,2024-08-14,1000000.00,3.730905,102.39453125
08:00:30,91282CLD1,TSRYS5850288,D,S,T,2024-08-14,1000000.00,3.730271,102.3984375
08:00:30,91282CLD1,TSRYS5850288,D,S,T,2024-08-14,1000000.00,3.730905,102.39453125
08:00:30,91282CLD1,TSRYS5850288,D,S,T,2024-08-14,1000000.00,3.729004,102.40625
08:00:30,91282CLD1,TSRYS5850288,D,S,T,2024-08-14,1000000.00,3.730905,102.39453125
08:00:30,91282CLD1,TSRYS5850288,D,S,T,2024-08-14,1000000.00,3.725203,102.4296875
08:00:30,91282CLD1,TSRYS5850288,D,S,T,2024-08-14,1000000.00,3.725203,102.4296875
08:00:30,91282CLD1,TSRYS5850288,D,S,T,2024-08-14,1000000.00,3.72647,102.421875
08:00:30,91282CLD1,TSRYS5850288,D,S,T,2024-08-14,1000000.00,3.72647,102.421875
08:00:30,91282CLD1,TSRYS5850288,D,S,T,2024-08-14,1000000.00,3.72647,102.421875
08:00:30,91282CLD1,TSRYS5850288,D,S,T,2024-08-14,1000000.00,3.729004,102.40625
08:00:30,91282CLD1,TSRYS5850288,D,S,T,2024-08-14,1000000.00,3.729004,102.40625
08:00:30,91282CLD1,TSRYS5850288,D,S,T,2024-08-14,1000000.00,3.729004,102.40625
08:00:30,91282CLD1,TSRYS5850288,D,S,T,2024-08-14,1000000.00,3.729004,102.40625
08:00:30,91282CLD1,TSRYS5850288,D,S,T,2024-08-14,1000000.00,3.729004,102.40625
08:00:30,91282CLD1,TSRYS5850288,D,S,T,2024-08-14,1000000.00,3.729004,102.40625
08:00:30,91282CLD1,TSRYS5850288,D,S,T,2024-08-14,1000000.00,3.729004,102.40625
08:00:30,91282CLD1,TSRYS5850288,D,S,T,2024-08-14,1000000.00,3.729004,102.40625
08:00:30,91282CLD1,TSRYS5850288,D,S,T,2024-08-14,1000000.00,3.729004,102.40625
08:00:30,91282CLD1,TSRYS5850288,D,S,T,2024-08-14,1000000.00,3.729004,102.40625
08:00:30,91282CLD1,TSRYS5850288,D,S,T,2024-08-14,1000000.00,3.729004,102.40625
08:00:30,91282CLD1,TSRYS5850288,D,S,T,2024-08-14,1000000.00,3.729004,102.40625
08:00:30,91282CLD1,TSRYS5850288,D,S,T,2024-08-14,1000000.00,3.729004,102.40625
08:00:30,91282CLD1,TSRYS5850288,D,S,T,2024-08-14,1000000.00,3.729004,102.40625
08:00:30,91282CLD1,TSRYS5850288,D,S,T,2024-08-14,1000000.00,3.729004,102.40625
08:00:30,91282CLD1,TSRYS5850288,D,S,T,2024-08-14,1000000.00,3.729004,102.40625
08:00:30,91282CLD1,TSRYS5850288,D,S,T,2024-08-14,1000000.00,3.729004,102.40625
08:00:30,91282CLD1,TSRYS5850288,D,S,T,2024-08-14,1000000.00,3.729004,102.40625
08:00:30,91282CLD1,TSRYS5850288,D,S,T,2024-08-14,1000000.00,3.729004,102.40625
08:00:30,91282CLD1,TSRYS5850288,D,S,T,2024-08-14,1000000.00,3.729004,102.40625
08:00:30,91282CLD1,TSRYS5850288,D,S,T,2024-08-14,1000000.00,3.729004,102.40625
08:00:30,91282CLD1,TSRYS5850288,D,S,T,2024-08-14,1000000.00,3.729004,102.40625
08:00:30,91282CLD1,TSRYS5850288,D,S,T,2024-08-14,1000000.00,3.729004,102.40625
08:00:30,91282CLD1,TSRYS5850288,D,S,T,2024-08-14,1000000.00,3.729004,102.40625
08:00:30,91282CLD1,TSRYS5850288,D,S,T,2024-08-14,1000000.00,3.729004,102.40625
08:00:30,91282CLD1,TSRYS5850288,D,S,T,2024-08-14,1000000.00,3.729004,102.40625
08:00:30,91282CLD1,TSRYS5850288,D,S,T,2024-08-14,1000000.00,3.729004,102.40625
08:00:30,91282CLD1,TSRYS5850288,D,S,T,2024-08-14,1000000.00,3.730271,102.3984375
08:00:30,91282CLD1,TSRYS5850288,D,S,T,2024-08-14,1000000.00,3.730271,102.3984375
08:00:30,91282CLD1,TSRYS5850288,D,S,T,2024-08-14,1000000.00,3.731539,102.390625
08:00:30,91282CLD1,TSRYS5850288,D,S,T,2024-08-14,1000000.00,3.731539,102.390625
08:00:30,91282CLD1,TSRYS5850288,D,S,T,2024-08-14,1000000.00,3.731539,102.390625
08:00:30,91282CLD1,TSRYS5850288,D,S,T,2024-08-14,1000000.00,3.731539,102.390625
08:00:30,91282CLD1,TSRYS5850288,D,S,T,2024-08-14,1000000.00,3.731539,102.390625
08:00:30,91282CLD1,TSRYS5850288,D,S,T,2024-08-14,1000000.00,3.731539,102.390625
08:00:30,91282CLD1,TSRYS5850288,D,S,T,2024-08-14,1000000.00,3.731539,102.390625
08:00:30,91282CLD1,TSRYS5850288,D,S,T,2024-08-14,1000000.00,3.731539,102.390625
08:00:30,91282CLD1,TSRYS5850288,D,S,T,2024-08-14,1000000.00,3.729004,102.40625
08:00:30,91282CLD1,TSRYS5850288,D,S,T,2024-08-14,1000000.00,3.730271,102.3984375
08:00:30,91282CLD1,TSRYS5850288,D,S,T,2024-08-14,1000000.00,3.730271,102.3984375
08:00:30,91282CLD1,TSRYS5850288,D,S,T,2024-08-14,1000000.00,3.730271,102.3984375
08:00:30,91282CLD1,TSRYS5850288,D,S,T,2024-08-14,1000000.00,3.731539,102.390625
08:00:30,91282CLD1,TSRYS5850288,D,S,T,2024-08-14,1000000.00,3.731539,102.390625
08:00:30,91282CLD1,TSRYS5850288,D,S,T,2024-08-14,1000000.00,3.732806,102.3828125
08:00:30,91282CLD1,TSRYS5850288,D,S,T,2024-08-14,1000000.00,3.734074,102.375
08:00:30,91282CLD1,TSRYS5850288,D,S,T,2024-08-14,1000000.00,3.731539,102.390625
08:00:30,91282CLD1,TSRYS5850288,D,S,T,2024-08-14,1000000.00,3.731539,102.390625
08:00:30,91282CLD1,TSRYS5850288,D,S,T,2024-08-14,1000000.00,3.731539,102.390625
08:00:30,91282CLD1,TSRYS5850288,D,S,T,2024-08-14,1000000.00,3.731539,102.390625
08:00:30,91282CLD1,TSRYS5850288,D,S,T,2024-08-14,1000000.00,3.731539,102.390625
08:00:30,91282CLD1,TSRYS5850288,D,S,T,2024-08-14,1000000.00,3.734074,102.375
08:00:30,91282CLD1,TSRYS5850288,D,S,T,2024-08-14,1000000.00,3.734074,102.375
08:00:30,91282CLD1,TSRYS5850288,D,S,T,2024-08-14,1000000.00,3.736609,102.359375
08:00:30,91282CLD1,TSRYS5850288,D,S,T,2024-08-14,1000000.00,3.737877,102.3515625
08:00:30,91282CLD1,TSRYS5850288,D,S,T,2024-08-14,1000000.00,3.737877,102.3515625
08:00:30,91282CLD1,TSRYS5850288,D,S,T,2024-08-14,1000000.00,3.737877,102.3515625
08:00:30,91282CLD1,TSRYS5850288,D,S,T,2024-08-14,1000000.00,3.737877,102.3515625
08:00:30,91282CLD1,TSRYS5850288,D,S,T,2024-08-14,1000000.00,3.737877,102.3515625
08:00:30,91282CLD1,TSRYS5850288,D,S,T,2024-08-14,1000000.00,3.737877,102.3515625
08:00:30,91282CLD1,TSRYS5850288,D,S,T,2024-08-14,1000000.00,3.737877,102.3515625
08:00:30,91282CLD1,TSRYS5850288,D,S,T,2024-08-14,1000000.00,3.737877,102.3515625
08:00:30,91282CLD1,TSRYS5850288,D,S,T,2024-08-14,1000000.00,3.737877,102.3515625
08:00:30,91282CLD1,TSRYS5850288,D,S,T,2024-08-14,1000000.00,3.737877,102.3515625
08:00:30,91282CLD1,TSRYS5850288,D,S,T,2024-08-14,1000000.00,3.737877,102.3515625
08:00:30,91282CLD1,TSRYS5850288,D,S,T,2024-08-14,1000000.00,3.737877,102.3515625
08:00:30,91282CLD1,TSRYS5850288,D,S,T,2024-08-14,1000000.00,3.736609,102.359375
08:00:30,91282CLD1,TSRYS5850288,D,S,T,2024-08-14,1000000.00,3.736609,102.359375
08:00:30,91282CLD1,TSRYS5850288,D,S,T,2024-08-14,1000000.00,3.736609,102.359375
08:00:30,91282CLD1,TSRYS5850288,D,S,T,2024-08-14,1000000.00,3.736609,102.359375
08:00:30,91282CLD1,TSRYS5850288,D,S,T,2024-08-14,1000000.00,3.736609,102.359375
08:00:30,91282CLD1,TSRYS5850288,D,S,T,2024-08-14,1000000.00,3.736609,102.359375
08:00:30,91282CLD1,TSRYS5850288,D,S,T,2024-08-14,1000000.00,3.736609,102.359375
08:00:30,91282CLD1,TSRYS5850288,D,S,T,2024-08-14,1000000.00,3.734708,102.37109375
08:00:30,91282CLD1,TSRYS5850288,D,S,T,2024-08-14,1000000.00,3.736609,102.359375
08:00:30,91282CLD1,TSRYS5850288,D,S,T,2024-08-14,1000000.00,3.736609,102.359375
08:00:30,91282CLD1,TSRYS5850288,D,S,T,2024-08-14,1000000.00,3.736609,102.359375
08:00:30,91282CLD1,TSRYS5850288,D,S,T,2024-08-14,1000000.00,3.736609,102.359375
08:00:30,91282CLD1,TSRYS5850288,D,S,T,2024-08-14,1000000.00,3.736609,102.359375
08:00:30,91282CLD1,TSRYS5850288,D,S,T,2024-08-14,1000000.00,3.736609,102.359375
08:00:30,91282CLD1,TSRYS5850288,D,S,T,2024-08-14,1000000.00,3.736609,102.359375
08:00:30,91282CLD1,TSRYS5850288,D,S,T,2024-08-14,1000000.00,3.736609,102.359375
08:00:30,91282CLD1,TSRYS5850288,D,S,T,2024-08-14,1000000.00,3.736609,102.359375
08:00:30,91282CLD1,TSRYS5850288,D,S,T,2024-08-14,1000000.00,3.735342,102.3671875
08:00:30,91282CLD1,TSRYS5850288,D,S,T,2024-08-14,1000000.00,3.735342,102.3671875
08:00:30,91282CLD1,TSRYS5850288,D,S,T,2024-08-14,1000000.00,3.734074,102.375
08:00:30,91282CLD1,TSRYS5850288,D,S,T,2024-08-14,1000000.00,3.734074,102.375
08:00:30,91282CLD1,TSRYS5850288,D,S,T,2024-08-14,1000000.00,3.734074,102.375
08:00:30,91282CLD1,TSRYS5850288,D,S,T,2024-08-14,1000000.00,3.734074,102.375
08:00:30,91282CLD1,TSRYS5850288,D,S,T,2024-08-14,1000000.00,3.735342,102.3671875
08:00:30,91282CLD1,TSRYS5850288,D,S,T,2024-08-14,1000000.00,3.735342,102.3671875
08:00:30,91282CLD1,TSRYS5850288,D,S,T,2024-08-14,1000000.00,3.735342,102.3671875
08:00:30,91282CLD1,TSRYS5850288,D,S,T,2024-08-14,1000000.00,3.736609,102.359375
08:00:30,91282CLD1,TSRYS5850288,D,S,T,2024-08-14,1000000.00,3.736609,102.359375
08:00:30,91282CLD1,TSRYS5850288,D,S,T,2024-08-14,1000000.00,3.736609,102.359375
08:00:30,91282CLD1,TSRYS5850288,D,S,T,2024-08-14,1000000.00,3.736609,102.359375
08:00:30,91282CLD1,TSRYS5850288,D,S,T,2024-08-14,1000000.00,3.736609,102.359375
08:00:30,91282CLD1,TSRYS5850288,D,S,T,2024-08-14,1000000.00,3.736609,102.359375
08:00:30,91282CLD1,TSRYS5850288,D,S,T,2024-08-14,1000000.00,3.736609,102.359375
08:00:30,91282CLD1,TSRYS5850288,D,S,T,2024-08-14,1000000.00,3.736609,102.359375
08:00:30,91282CLD1,TSRYS5850288,D,S,T,2024-08-14,1000000.00,3.736609,102.359375
08:00:30,91282CLD1,TSRYS5850288,D,S,T,2024-08-14,1000000.00,3.739145,102.34375
08:00:30,91282CLD1,TSRYS5850288,D,S,T,2024-08-14,1000000.00,3.737877,102.3515625
08:00:30,91282CLD1,TSRYS5850288,D,S,T,2024-08-14,1000000.00,3.735342,102.3671875
08:00:30,91282CLD1,TSRYS5850288,D,S,T,2024-08-14,1000000.00,3.735342,102.3671875
08:00:30,91282CLD1,TSRYS5850288,D,S,T,2024-08-14,1000000.00,3.735342,102.3671875
08:00:30,91282CLD1,TSRYS5850288,D,S,T,2024-08-14,1000000.00,3.736609,102.359375
08:00:30,91282CLD1,TSRYS5850288,D,S,T,2024-08-14,1000000.00,3.735342,102.3671875
08:00:30,91282CLD1,TSRYS5850288,D,S,T,2024-08-14,1000000.00,3.736609,102.359375
08:00:30,91282CLD1,TSRYS5850288,D,S,T,2024-08-14,1000000.00,3.737877,102.3515625
08:00:30,91282CLD1,TSRYS5850288,D,S,T,2024-08-14,1000000.00,3.737877,102.3515625
08:00:30,91282CLD1,TSRYS5850288,D,S,T,2024-08-14,1000000.00,3.737877,102.3515625
08:00:30,91282CLD1,TSRYS5850288,D,S,T,2024-08-14,1000000.00,3.737877,102.3515625
08:00:30,91282CLD1,TSRYS5850288,D,S,T,2024-08-14,1000000.00,3.737877,102.3515625
08:00:30,91282CLD1,TSRYS5850288,D,S,T,2024-08-14,1000000.00,3.737877,102.3515625
08:00:30,91282CLD1,TSRYS5850288,D,S,T,2024-08-14,1000000.00,3.737877,102.3515625
08:00:30,91282CLD1,TSRYS5850288,D,S,T,2024-08-14,2000000.00,3.737877,102.3515625
08:00:30,91282CLD1,TSRYS5850288,D,S,T,2024-08-14,1000000.00,3.737877,102.3515625
08:00:30,91282CLD1,TSRYS5850288,D,S,T,2024-08-14,1000000.00,3.737877,102.3515625
08:00:30,91282CLD1,TSRYS5850288,D,S,T,2024-08-14,1000000.00,3.739145,102.34375
08:00:30,91282CLD1,TSRYS5850288,D,S,T,2024-08-14,1000000.00,3.739145,102.34375
08:00:30,91282CLD1,TSRYS5850288,D,S,T,2024-08-14,1000000.00,3.737877,102.3515625
08:00:30,91282CLD1,TSRYS5850288,D,S,T,2024-08-14,1000000.00,3.734391,102.373046875
08:00:30,91282CLD1,TSRYS5850288,D,S,T,2024-08-14,1000000.00,3.734074,102.375
08:00:30,91282CLD1,TSRYS5850288,D,S,T,2024-08-14,1000000.00,3.734074,102.375
08:00:30,91282CLD1,TSRYS5850288,D,S,T,2024-08-14,1000000.00,3.734074,102.375
08:00:30,91282CLD1,TSRYS5850288,D,S,T,2024-08-14,1000000.00,3.733123,102.380859375
08:00:30,91282CLD1,TSRYS5850288,D,S,T,2024-08-14,1000000.00,3.732806,102.3828125
08:00:30,91282CLD1,TSRYS5850288,D,S,T,2024-08-14,1000000.00,3.73344,102.37890625
08:00:30,91282CLD1,TSRYS5850288,D,S,T,2024-08-14,1000000.00,3.734074,102.375
08:00:30,91282CLD1,TSRYS5850288,D,S,T,2024-08-14,1000000.00,3.735342,102.3671875
08:00:30,91282CLD1,TSRYS5850288,D,S,T,2024-08-14,1000000.00,3.734074,102.375
08:00:30,91282CLD1,TSRYS5850288,D,S,T,2024-08-14,1000000.00,3.734074,102.375
08:00:30,91282CLD1,TSRYS5850288,D,S,T,2024-08-14,1000000.00,3.734074,102.375
08:00:30,91282CLD1,TSRYS5850288,D,S,T,2024-08-14,1000000.00,3.734074,102.375
08:00:31,91282CLD1,TSRYS5850288,D,S,D,2024-08-14,1000000.00,3.734074,102.375
08:00:31,91282CLD1,TSRYS5850288,D,S,T,2024-08-14,1000000.00,3.734074,102.375
08:00:31,91282CLD1,TSRYS5850288,D,S,T,2024-08-14,1000000.00,3.732806,102.3828125
08:00:31,91282CLD1,TSRYS5850288,D,S,T,2024-08-14,1000000.00,3.732489,102.384765625
08:00:31,91282CLD1,TSRYS5850288,D,S,T,2024-08-14,1000000.00,3.730271,102.3984375
08:00:31,91282CLD1,TSRYS5850288,D,S,T,2024-08-14,1000000.00,3.731539,102.390625
08:00:31,91282CLD1,TSRYS5850288,D,S,T,2024-08-14,1000000.00,3.731539,102.390625
08:00:31,91282CLD1,TSRYS5850288,D,S,T,2024-08-14,1000000.00,3.732806,102.3828125
08:00:31,91282CLD1,TSRYS5850288,D,S,T,2024-08-14,1000000.00,3.732806,102.3828125
08:00:31,91282CLD1,TSRYS5850288,D,S,T,2024-08-14,1000000.00,3.732806,102.3828125
08:00:31,91282CLD1,TSRYS5850288,D,S,T,2024-08-14,1000000.00,3.735342,102.3671875
08:00:31,91282CLD1,TSRYS5850288,D,S,T,2024-08-14,1000000.00,3.730271,102.3984375
08:00:31,91282CLD1,TSRYS5850288,D,S,T,2024-08-14,1000000.00,3.730271,102.3984375
08:00:31,91282CLD1,TSRYS5850288,D,S,T,2024-08-14,1000000.00,3.730271,102.3984375
08:00:31,91282CLD1,TSRYS5850288,D,S,T,2024-08-14,1000000.00,3.730271,102.3984375
08:00:31,91282CLD1,TSRYS5850288,D,S,T,2024-08-14,1000000.00,3.730271,102.3984375
08:00:31,91282CLD1,TSRYS5850288,D,S,T,2024-08-14,1000000.00,3.730271,102.3984375
08:00:31,91282CLD1,TSRYS5850288,D,S,T,2024-08-14,1000000.00,3.731539,102.390625
08:00:31,91282CLD1,TSRYS5850288,D,S,T,2024-08-14,1000000.00,3.731539,102.390625
08:00:31,91282CLD1,TSRYS5850288,D,S,T,2024-08-14,1000000.00,3.731539,102.390625
08:00:31,91282CLD1,TSRYS5850288,D,S,T,2024-08-14,1000000.00,3.729004,102.40625
08:00:31,91282CLD1,TSRYS5850288,D,S,T,2024-08-14,1000000.00,3.729004,102.40625
08:00:31,91282CLD1,TSRYS5850288,D,S,T,2024-08-14,1000000.00,3.729004,102.40625
08:00:31,91282CLD1,TSRYS5850288,D,S,T,2024-08-14,1000000.00,3.727737,102.4140625
08:00:31,91282CLD1,TSRYS5850288,D,S,T,2024-08-14,1000000.00,3.727737,102.4140625
08:00:31,91282CLD1,TSRYS5850288,D,S,T,2024-08-14,1000000.00,3.729004,102.40625
08:00:31,91282CLD1,TSRYS5850288,D,S,T,2024-08-14,1000000.00,3.729004,102.40625
08:00:31,91282CLD1,TSRYS5850288,D,S,T,2024-08-14,1000000.00,3.729004,102.40625
08:00:31,91282CLD1,TSRYS5850288,D,S,T,2024-08-14,1000000.00,3.729004,102.40625
08:00:31,91282CLD1,TSRYS5850288,D,S,T,2024-08-14,1000000.00,3.729004,102.40625
08:00:31,91282CLD1,TSRYS5850288,D,S,T,2024-08-14,1000000.00,3.729004,102.40625
08:00:31,91282CLD1,TSRYS5850288,D,S,T,2024-08-14,1000000.00,3.727737,102.4140625
08:00:31,91282CLD1,TSRYS5850288,D,S,T,2024-08-14,1000000.00,3.725203,102.4296875
08:00:31,91282CLD1,TSRYS5850288,D,S,T,2024-08-14,1000000.00,3.725203,102.4296875
08:00:31,91282CLD1,TSRYS5850288,D,S,T,2024-08-14,1000000.00,3.725203,102.4296875
08:00:31,91282CLD1,TSRYS5850288,D,S,T,2024-08-14,1000000.00,3.725203,102.4296875
08:00:31,91282CLD1,TSRYS5850288,D,S,T,2024-08-14,1000000.00,3.720136,102.4609375
08:00:31,91282CLD1,TSRYS5850288,D,S,T,2024-08-14,1000000.00,3.720136,102.4609375
08:00:31,91282CLD1,TSRYS5850288,D,S,T,2024-08-14,1000000.00,3.720136,102.4609375
08:00:31,91282CLD1,TSRYS5850288,D,S,T,2024-08-14,1000000.00,3.71887,102.46875
08:00:31,91282CLD1,TSRYS5850288,D,S,T,2024-08-14,1000000.00,3.71887,102.46875
08:00:31,91282CLD1,TSRYS5850288,D,S,T,2024-08-14,1000000.00,3.71887,102.46875
08:00:31,91282CLD1,TSRYS5850288,D,S,T,2024-08-14,1000000.00,3.71887,102.46875
08:00:31,91282CLD1,TSRYS5850288,D,S,T,2024-08-14,1000000.00,3.717604,102.4765625
08:00:31,91282CLD1,TSRYS5850288,D,S,T,2024-08-14,1000000.00,3.717604,102.4765625
08:00:31,91282CLD1,TSRYS5850288,D,S,T,2024-08-14,1000000.00,3.717604,102.4765625
08:00:31,91282CLD1,TSRYS5850288,D,S,T,2024-08-14,1000000.00,3.717604,102.4765625
08:00:31,91282CLD1,TSRYS5850288,D,S,T,2024-08-14,1000000.00,3.717604,102.4765625
08:00:31,91282CLD1,TSRYS5850288,D,S,T,2024-08-14,1000000.00,3.717604,102.4765625
08:00:31,91282CLD1,TSRYS5850288,D,S,T,2024-08-14,1000000.00,3.717604,102.4765625
08:00:31,91282CLD1,TSRYS5850288,D,S,T,2024-08-14,1000000.00,3.71887,102.46875
08:00:31,91282CLD1,TSRYS5850288,D,S,T,2024-08-14,1000000.00,3.71887,102.46875
08:00:31,91282CLD1,TSRYS5850288,D,S,T,2024-08-14,1000000.00,3.71887,102.46875
08:00:31,91282CLD1,TSRYS5850288,D,S,T,2024-08-14,1000000.00,3.71887,102.46875
08:00:31,91282CLD1,TSRYS5850288,D,S,T,2024-08-14,1000000.00,3.71887,102.46875
08:00:31,91282CLD1,TSRYS5850288,D,S,T,2024-08-14,2000000.00,3.71887,102.46875
08:00:31,91282CLD1,TSRYS5850288,D,S,T,2024-08-14,1000000.00,3.71887,102.46875
08:00:31,91282CLD1,TSRYS5850288,D,S,T,2024-08-14,1000000.00,3.717604,102.4765625
08:00:31,91282CLD1,TSRYS5850288,D,S,T,2024-08-14,1000000.00,3.717604,102.4765625
08:00:31,91282CLD1,TSRYS5850288,D,S,T,2024-08-14,1000000.00,3.715072,102.4921875
08:00:31,91282CLD1,TSRYS5850288,D,S,T,2024-08-14,1000000.00,3.715072,102.4921875
08:00:31,91282CLD1,TSRYS5850288,D,S,T,2024-08-14,1000000.00,3.715072,102.4921875
08:00:31,91282CLD1,TSRYS5850288,D,S,T,2024-08-14,1000000.00,3.715072,102.4921875
08:00:31,91282CLD1,TSRYS5850288,D,S,T,2024-08-14,1000000.00,3.715072,102.4921875
08:00:31,91282CLD1,TSRYS5850288,D,S,T,2024-08-14,1000000.00,3.715072,102.4921875
08:00:31,91282CLD1,TSRYS5850288,D,S,T,2024-08-14,1000000.00,3.715388,102.490234375
08:00:31,91282CLD1,TSRYS5850288,D,S,T,2024-08-14,1000000.00,3.715072,102.4921875
08:00:31,91282CLD1,TSRYS5850288,D,S,T,2024-08-14,1000000.00,3.716338,102.484375
08:00:31,91282CLD1,TSRYS5850288,D,S,T,2024-08-14,1000000.00,3.716338,102.484375
08:00:31,91282CLD1,TSRYS5850288,D,S,T,2024-08-14,1000000.00,3.716338,102.484375
08:00:31,91282CLD1,TSRYS5850288,D,S,T,2024-08-14,1000000.00,3.716338,102.484375
08:00:31,91282CLD1,TSRYS5850288,D,S,T,2024-08-14,1000000.00,3.716338,102.484375
08:00:31,91282CLD1,TSRYS5850288,D,S,T,2024-08-14,1000000.00,3.716338,102.484375
08:00:31,91282CLD1,TSRYS5850288,D,S,T,2024-08-14,1000000.00,3.716654,102.482421875
08:00:31,91282CLD1,TSRYS5850288,D,S,T,2024-08-14,1000000.00,3.716338,102.484375
08:00:31,91282CLD1,TSRYS5850288,D,S,T,2024-08-14,1000000.00,3.716338,102.484375
08:00:31,91282CLD1,TSRYS5850288,D,S,T,2024-08-14,1000000.00,3.716338,102.484375
08:00:31,91282CLD1,TSRYS5850288,D,S,T,2024-08-14,1000000.00,3.716338,102.484375
08:00:31,91282CLD1,TSRYS5850288,D,S,T,2024-08-14,1000000.00,3.711274,102.515625
08:00:31,91282CLD1,TSRYS5850288,D,S,D,2024-08-14,2000000.00,3.711274,102.515625
08:00:31,91282CLD1,TSRYS5850288,D,S,T,2024-08-14,1000000.00,3.710008,102.5234375
08:00:31,91282CLD1,TSRYS5850288,D,S,T,2024-08-14,1000000.00,3.710008,102.5234375
08:00:31,91282CLD1,TSRYS5850288,D,S,T,2024-08-14,1000000.00,3.710008,102.5234375
08:00:31,91282CLD1,TSRYS5850288,D,S,T,2024-08-14,1000000.00,3.710008,102.5234375
08:00:31,91282CLD1,TSRYS5850288,D,S,T,2024-08-14,1000000.00,3.710008,102.5234375
08:00:31,91282CLD1,TSRYS5850288,D,S,D,2024-08-14,1000000.00,3.710325,102.521484375
08:00:31,91282CLD1,TSRYS5850288,D,S,T,2024-08-14,1000000.00,3.710958,102.517578125
08:00:31,91282CLD1,TSRYS5850288,D,S,T,2024-08-14,1000000.00,3.710641,102.51953125
08:00:31,91282CLD1,TSRYS5850288,D,S,T,2024-08-14,1000000.00,3.711274,102.515625
08:00:31,91282CLD1,TSRYS5850288,D,S,T,2024-08-14,1000000.00,3.710008,102.5234375
08:00:31,91282CLD1,TSRYS5850288,D,S,T,2024-08-14,1000000.00,3.710008,102.5234375
08:00:31,91282CLD1,TSRYS5850288,D,S,T,2024-08-14,1000000.00,3.711274,102.515625
08:00:31,91282CLD1,TSRYS5850288,D,S,T,2024-08-14,1000000.00,3.711274,102.515625
08:00:31,91282CLD1,TSRYS5850288,D,S,T,2024-08-14,1000000.00,3.711274,102.515625
08:00:31,91282CLD1,TSRYS5850288,D,S,D,2024-08-14,1000000.00,3.713173,102.50390625
08:00:31,91282CLD1,TSRYS5850288,D,S,T,2024-08-14,1000000.00,3.71254,102.5078125
08:00:31,91282CLD1,TSRYS5850288,D,S,T,2024-08-14,1000000.00,3.71254,102.5078125
08:00:31,91282CLD1,TSRYS5850288,D,S,T,2024-08-14,1000000.00,3.71254,102.5078125
08:00:31,91282CLD1,TSRYS5850288,D,S,D,2024-08-14,1000000.00,3.71159,102.513671875
08:00:31,91282CLD1,TSRYS5850288,D,S,T,2024-08-14,1000000.00,3.71254,102.5078125
08:00:31,91282CLD1,TSRYS5850288,D,S,D,2024-08-14,2000000.00,3.71254,102.5078125
08:00:31,91282CLD1,TSRYS5850288,D,S,T,2024-08-14,1000000.00,3.713806,102.5
08:00:31,91282CLD1,TSRYS5850288,D,S,T,2024-08-14,1000000.00,3.71254,102.5078125
08:00:31,91282CLD1,TSRYS5850288,D,S,T,2024-08-14,1000000.00,3.71254,102.5078125
08:00:31,91282CLD1,TSRYS5850288,D,S,T,2024-08-14,1000000.00,3.713806,102.5
08:00:31,91282CLD1,TSRYS5850288,D,S,T,2024-08-14,1000000.00,3.713806,102.5
08:00:31,91282CLD1,TSRYS5850288,D,S,T,2024-08-14,1000000.00,3.71254,102.5078125
08:00:31,91282CLD1,TSRYS5850288,D,S,T,2024-08-14,1000000.00,3.71254,102.5078125
08:00:31,91282CLD1,TSRYS5850288,D,S,T,2024-08-14,1000000.00,3.71254,102.5078125
08:00:31,91282CLD1,TSRYS5850288,D,S,T,2024-08-14,1000000.00,3.71254,102.5078125
08:00:31,91282CLD1,TSRYS5850288,D,S,T,2024-08-14,1000000.00,3.71254,102.5078125
08:00:31,91282CLD1,TSRYS5850288,D,S,T,2024-08-14,1000000.00,3.71254,102.5078125
08:00:31,91282CLD1,TSRYS5850288,D,S,T,2024-08-14,1000000.00,3.71254,102.5078125
08:00:31,91282CLD1,TSRYS5850288,D,S,T,2024-08-14,1000000.00,3.71254,102.5078125
08:00:31,91282CLD1,TSRYS5850288,D,S,T,2024-08-14,1000000.00,3.71254,102.5078125
08:00:31,91282CLD1,TSRYS5850288,D,S,T,2024-08-14,1000000.00,3.713806,102.5
08:00:31,91282CLD1,TSRYS5850288,D,S,T,2024-08-14,1000000.00,3.71254,102.5078125
08:00:31,91282CLD1,TSRYS5850288,D,S,T,2024-08-14,1000000.00,3.711274,102.515625
08:00:31,91282CLD1,TSRYS5850288,D,S,T,2024-08-14,1000000.00,3.710008,102.5234375
08:00:31,91282CLD1,TSRYS5850288,D,S,T,2024-08-14,1000000.00,3.711274,102.515625
08:00:31,91282CLD1,TSRYS5850288,D,S,T,2024-08-14,1000000.00,3.711274,102.515625
08:00:31,91282CLD1,TSRYS5850288,D,S,T,2024-08-14,1000000.00,3.711274,102.515625
08:00:31,91282CLD1,TSRYS5850288,D,S,T,2024-08-14,1000000.00,3.711274,102.515625
08:00:31,91282CLD1,TSRYS5850288,D,S,D,2024-08-14,1000000.00,3.711274,102.515625
08:00:31,91282CLD1,TSRYS5850288,D,S,T,2024-08-14,1000000.00,3.711274,102.515625
08:00:31,91282CLD1,TSRYS5850288,D,S,T,2024-08-14,1000000.00,3.711274,102.515625
08:00:31,91282CLD1,TSRYS5850288,D,S,T,2024-08-14,1000000.00,3.710008,102.5234375
08:00:31,91282CLD1,TSRYS5850288,D,S,T,2024-08-14,1000000.00,3.710008,102.5234375
08:00:31,91282CLD1,TSRYS5850288,D,S,T,2024-08-14,1000000.00,3.710008,102.5234375
08:00:31,91282CLD1,TSRYS5850288,D,S,T,2024-08-14,1000000.00,3.710008,102.5234375
08:00:31,91282CLD1,TSRYS5850288,D,S,D,2024-08-14,4000000.00,3.711274,102.515625
08:00:31,91282CLD1,TSRYS5850288,D,S,T,2024-08-14,1000000.00,3.711274,102.515625
08:00:31,91282CLD1,TSRYS5850288,D,S,T,2024-08-14,2000000.00,3.71254,102.5078125
08:00:31,91282CLD1,TSRYS5850288,D,S,T,2024-08-14,1000000.00,3.711274,102.515625
08:00:31,91282CLD1,TSRYS5850288,D,S,T,2024-08-14,1000000.00,3.711274,102.515625
08:00:31,91282CLD1,TSRYS5850288,D,S,T,2024-08-14,1000000.00,3.711274,102.515625
08:00:31,91282CLD1,TSRYS5850288,D,S,D,2024-08-14,1000000.00,3.71159,102.513671875
08:00:31,91282CLD1,TSRYS5850288,D,S,D,2024-08-14,1000000.00,3.711907,102.51171875
08:00:31,91282CLD1,TSRYS5850288,D,S,T,2024-08-14,1000000.00,3.71254,102.5078125
08:00:31,91282CLD1,TSRYS5850288,D,S,T,2024-08-14,2000000.00,3.71254,102.5078125
08:00:31,91282CLD1,TSRYS5850288,D,S,D,2024-08-14,1000000.00,3.735976,102.36328125
08:00:31,91282CLD1,TSRYS5850288,D,S,D,2024-08-14,1000000.00,3.731539,102.390625
08:00:31,91282CLD1,TSRYS5850288,D,S,D,2024-08-14,1000000.00,3.730905,102.39453125
08:00:31,91282CLD1,TSRYS5850288,D,S,D,2024-08-14,1000000.00,3.731539,102.390625
08:00:31,91282CLD1,TSRYS5850288,D,S,D,2024-08-14,1000000.00,3.731539,102.390625
08:00:31,91282CLD1,TSRYS5850288,D,S,D,2024-08-14,1000000.00,3.731222,102.392578125
08:00:31,91282CLD1,TSRYS5850288,D,S,D,2024-08-14,1000000.00,3.736926,102.357421875
08:00:31,91282CLD1,TSRYS5850288,D,S,D,2024-08-14,1000000.00,3.734391,102.373046875
08:00:31,91282CLD1,TSRYS5850288,D,S,D,2024-08-14,1000000.00,3.734391,102.373046875
08:00:31,91282CLD1,TSRYS5850288,D,S,D,2024-08-14,1000000.00,3.734074,102.375
08:00:31,91282CLD1,TSRYS5850288,D,S,D,2024-08-14,1000000.00,3.734074,102.375
08:00:31,91282CLD1,TSRYS5850288,D,S,D,2024-08-14,1000000.00,3.735025,102.369140625
08:00:31,91282CLD1,TSRYS5850288,D,S,D,2024-08-14,1000000.00,3.734074,102.375
08:00:31,91282CLD1,TSRYS5850288,D,S,D,2024-08-14,1000000.00,3.717287,102.478515625
08:00:31,91282CLD1,TSRYS5850288,D,S,D,2024-08-14,1000000.00,3.716654,102.482421875
08:00:31,91282CLD1,TSRYS5850288,D,S,D,2024-08-14,1000000.00,3.717287,102.478515625
08:00:31,91282CLD1,TSRYS5850288,D,S,D,2024-08-14,1000000.00,3.710958,102.517578125
08:00:31,91282CLD1,TSRYS5850288,D,S,D,2024-08-14,1000000.00,3.710641,102.51953125
08:00:31,91282CLD1,TSRYS5850288,D,S,D,2024-08-14,1000000.00,3.710958,102.517578125
08:00:31,91282CLD1,TSRYS5850288,D,S,D,2024-08-14,1000000.00,3.711907,102.51171875
08:00:31,91282CLD1,TSRYS5850288,D,S,D,2024-08-14,1000000.00,3.712223,102.509765625
08:00:31,91282CLD1,TSRYS5850288,D,S,D,2024-08-14,1000000.00,3.713489,102.501953125
08:00:31,91282CLD1,TSRYS5850288,D,S,D,2024-08-14,1000000.00,3.712856,102.505859375
08:00:31,91282CLD1,TSRYS5850288,D,S,D,2024-08-14,1000000.00,3.712223,102.509765625
08:00:31,91282CLD1,TSRYS5850288,D,S,D,2024-08-14,1000000.00,3.711907,102.51171875
08:00:31,91282CLD1,TSRYS5850288,D,S,D,2024-08-14,1000000.00,3.711907,102.51171875
08:00:31,91282CLD1,TSRYS5850288,D,S,D,2024-08-14,1000000.00,3.712856,102.505859375
08:00:31,91282CLD1,TSRYS5850288,D,S,D,2024-08-14,1000000.00,3.711907,102.51171875
08:00:31,91282CLD1,TSRYS5850288,D,S,D,2024-08-14,1000000.00,3.711907,102.51171875
08:00:31,91282CLD1,TSRYS5850288,D,S,D,2024-08-14,1000000.00,3.71159,102.513671875
08:00:31,91282CLD1,TSRYS5850288,D,S,D,2024-08-14,1000000.00,3.711907,102.51171875
08:00:31,91282CLD1,TSRYS5850288,D,S,D,2024-08-14,1000000.00,3.711907,102.51171875
08:00:31,91282CLD1,TSRYS5850288,D,S,D,2024-08-14,1000000.00,3.71159,102.513671875
08:00:31,91282CLD1,TSRYS5850288,D,S,D,2024-08-14,1000000.00,3.711907,102.51171875
08:00:31,91282CLD1,TSRYS5850288,D,S,D,2024-08-14,1000000.00,3.712856,102.505859375
08:00:31,91282CLD1,TSRYS5850288,D,S,D,2024-08-14,1000000.00,3.713489,102.501953125
08:00:31,91282CLD1,TSRYS5850288,D,S,D,2024-08-14,1000000.00,3.713173,102.50390625
08:00:31,91282CLD1,TSRYS5850288,D,S,D,2024-08-14,1000000.00,3.712856,102.505859375
08:00:31,91282CLD1,TSRYS5850288,D,S,D,2024-08-14,1000000.00,3.712856,102.505859375
08:00:31,91282CLD1,TSRYS5850288,D,S,D,2024-08-14,1000000.00,3.713489,102.501953125
08:00:31,91282CLD1,TSRYS5850288,D,S,D,2024-08-14,1000000.00,3.712223,102.509765625
08:00:31,91282CLD1,TSRYS5850288,D,S,D,2024-08-14,1000000.00,3.712223,102.509765625
08:00:31,91282CLD1,TSRYS5850288,D,S,D,2024-08-14,1000000.00,3.712223,102.509765625
08:00:31,91282CLD1,TSRYS5850288,D,S,D,2024-08-14,1000000.00,3.712223,102.509765625
08:00:31,91282CLD1,TSRYS5850288,D,S,D,2024-08-14,1000000.00,3.711907,102.51171875
08:00:31,91282CLD1,TSRYS5850288,D,S,D,2024-08-14,1000000.00,3.71159,102.513671875
08:00:31,91282CLD1,TSRYS5850288,D,S,D,2024-08-14,1000000.00,3.711274,102.515625
08:00:31,91282CLD1,TSRYS5850288,D,S,D,2024-08-14,1000000.00,3.711907,102.51171875
08:00:31,91282CLD1,TSRYS5850288,D,S,D,2024-08-14,2000000.00,3.735659,102.365234375
08:00:31,91282CLD1,TSRYS5850288,D,S,D,2024-08-14,1000000.00,3.733757,102.376953125
08:00:31,91282CLD1,TSRYS5850288,D,S,D,2024-08-14,2000000.00,3.735659,102.365234375
08:00:31,91282CLD1,TSRYS5850288,D,S,D,2024-08-14,1000000.00,3.729004,102.40625
08:00:31,91282CLD1,TSRYS5850288,D,S,D,2024-08-14,1000000.00,3.729004,102.40625
08:00:31,91282CLD1,TSRYS5850288,D,S,D,2024-08-14,1000000.00,3.729004,102.40625
08:00:31,91282CLD1,TSRYS5850288,D,S,D,2024-08-14,1000000.00,3.739145,102.34375
08:00:31,91282CLD1,TSRYS5850288,D,S,D,2024-08-14,1000000.00,3.736609,102.359375
08:00:31,91282CLD1,TSRYS5850288,D,S,D,2024-08-14,1000000.00,3.736926,102.357421875
08:00:31,91282CLD1,TSRYS5850288,D,S,D,2024-08-14,1000000.00,3.734391,102.373046875
08:00:31,91282CLD1,TSRYS5850288,D,S,D,2024-08-14,1000000.00,3.734391,102.373046875
08:00:31,91282CLD1,TSRYS5850288,D,S,D,2024-08-14,1000000.00,3.734391,102.373046875
08:00:31,91282CLD1,TSRYS5850288,D,S,D,2024-08-14,1000000.00,3.734391,102.373046875
08:00:31,91282CLD1,TSRYS5850288,D,S,D,2024-08-14,1000000.00,3.734391,102.373046875
08:00:31,91282CLD1,TSRYS5850288,D,S,D,2024-08-14,1000000.00,3.734391,102.373046875
08:00:31,91282CLD1,TSRYS5850288,D,S,D,2024-08-14,2000000.00,3.734391,102.373046875
08:00:31,91282CLD1,TSRYS5850288,D,S,D,2024-08-14,1000000.00,3.734074,102.375
08:00:31,91282CLD1,TSRYS5850288,D,S,D,2024-08-14,1000000.00,3.734074,102.375
08:00:31,91282CLD1,TSRYS5850288,D,S,D,2024-08-14,1000000.00,3.734074,102.375
08:00:31,91282CLD1,TSRYS5850288,D,S,D,2024-08-14,1000000.00,3.731856,102.388671875
08:00:31,91282CLD1,TSRYS5850288,D,S,D,2024-08-14,2000000.00,3.731856,102.388671875
08:00:31,91282CLD1,TSRYS5850288,D,S,D,2024-08-14,1000000.00,3.729638,102.40234375
08:00:31,91282CLD1,TSRYS5850288,D,S,D,2024-08-14,1000000.00,3.729638,102.40234375
08:00:31,91282CLD1,TSRYS5850288,D,S,D,2024-08-14,1000000.00,3.729638,102.40234375
08:00:31,91282CLD1,TSRYS5850288,D,S,D,2024-08-14,1000000.00,3.734391,102.373046875
08:00:31,91282CLD1,TSRYS5850288,D,S,D,2024-08-14,1000000.00,3.717287,102.478515625
08:00:32,91282CLD1,TSRYS5850288,D,S,D,2024-08-14,1000000.00,3.71254,102.5078125
08:00:32,91282CLD1,TSRYS5850288,D,S,D,2024-08-14,1000000.00,3.710958,102.517578125
08:00:32,91282CLD1,TSRYS5850288,D,S,D,2024-08-14,1000000.00,3.712223,102.509765625
08:00:32,91282CLD1,TSRYS5850288,D,S,D,2024-08-14,1000000.00,3.712223,102.509765625
08:00:32,91282CLD1,TSRYS5850288,D,S,D,2024-08-14,1000000.00,3.712223,102.509765625
08:00:32,91282CLD1,TSRYS5850288,D,S,D,2024-08-14,1000000.00,3.713173,102.50390625
08:00:32,91282CLD1,TSRYS5850288,D,S,D,2024-08-14,1000000.00,3.713173,102.50390625
08:00:32,91282CLD1,TSRYS5850288,D,S,D,2024-08-14,1000000.00,3.713173,102.50390625
08:00:32,91282CLD1,TSRYS5850288,D,S,D,2024-08-14,1000000.00,3.712856,102.505859375
08:00:32,91282CLD1,TSRYS5850288,D,S,D,2024-08-14,1000000.00,3.712856,102.505859375
08:00:32,91282CLD1,TSRYS5850288,D,S,D,2024-08-14,1000000.00,3.712856,102.505859375
08:00:32,91282CLD1,TSRYS5850288,D,S,D,2024-08-14,1000000.00,3.712856,102.505859375
08:00:32,91282CLD1,TSRYS5850288,D,S,D,2024-08-14,1000000.00,3.71254,102.5078125
08:00:32,91282CLD1,TSRYS5850288,D,S,D,2024-08-14,1000000.00,3.71254,102.5078125
08:00:32,91282CLD1,TSRYS5850288,D,S,D,2024-08-14,1000000.00,3.712856,102.505859375
08:00:32,91282CLD1,TSRYS5850288,D,S,D,2024-08-14,1000000.00,3.712856,102.505859375
08:00:32,91282CLD1,TSRYS5850288,D,S,D,2024-08-14,1000000.00,3.707478,102.5390625
08:00:32,91282CLD1,TSRYS5850288,D,S,D,2024-08-14,1000000.00,3.709692,102.525390625
08:00:32,91282CLD1,TSRYS5850288,D,S,D,2024-08-14,1000000.00,3.709692,102.525390625
08:00:32,91282CLD1,TSRYS5850288,D,S,D,2024-08-14,1000000.00,3.709692,102.525390625
08:00:32,91282CLD1,TSRYS5850288,D,S,D,2024-08-14,1000000.00,3.71159,102.513671875
08:00:32,91282CLD1,TSRYS5850288,D,S,D,2024-08-14,2000000.00,3.71159,102.513671875
08:00:32,91282CLD1,TSRYS5850288,D,S,D,2024-08-14,1000000.00,3.71159,102.513671875
08:00:32,91282CLD1,TSRYS5850288,D,S,D,2024-08-14,1000000.00,3.711907,102.51171875
08:00:32,91282CLD1,TSRYS5850288,D,S,D,2024-08-14,1000000.00,3.711907,102.51171875
08:00:32,91282CLD1,TSRYS5850288,D,S,D,2024-08-14,1000000.00,3.71159,102.513671875
08:00:32,91282CLD1,TSRYS5850288,D,S,D,2024-08-14,1000000.00,3.71159,102.513671875
08:00:32,91282CLD1,TSRYS5850288,D,S,D,2024-08-14,1000000.00,3.71159,102.513671875
08:00:32,91282CLD1,TSRYS5850288,D,S,D,2024-08-14,1000000.00,3.71159,102.513671875
08:00:32,91282CLD1,TSRYS5850288,D,S,D,2024-08-14,1000000.00,3.71159,102.513671875
08:00:32,91282CLD1,TSRYS5850288,D,S,D,2024-08-14,2000000.00,3.711907,102.51171875
08:00:32,91282CLD1,TSRYS5850288,D,S,D,2024-08-14,1000000.00,3.71159,102.513671875
08:00:32,91282CLD1,TSRYS5850288,D,S,D,2024-08-14,1000000.00,3.71159,102.513671875
08:00:32,91282CLD1,TSRYS5850288,D,S,D,2024-08-14,1000000.00,3.71159,102.513671875
08:00:32,91282CLD1,TSRYS5850288,D,S,D,2024-08-14,1000000.00,3.71159,102.513671875
08:00:32,91282CLD1,TSRYS5850288,D,S,D,2024-08-14,1000000.00,3.71159,102.513671875
08:00:32,91282CLD1,TSRYS5850288,D,S,D,2024-08-14,1000000.00,3.71159,102.513671875
08:00:32,91282CLD1,TSRYS5850288,D,S,T,2024-08-14,1000000.00,3.73756,102.353515625
08:00:32,91282CLD1,TSRYS5850288,D,S,T,2024-08-14,1000000.00,3.73756,102.353515625
08:00:32,91282CLD1,TSRYS5850288,D,S,T,2024-08-14,1000000.00,3.734074,102.375
08:00:32,91282CLD1,TSRYS5850288,D,S,T,2024-08-14,1000000.00,3.736926,102.357421875
08:00:32,91282CLD1,TSRYS5850288,D,S,T,2024-08-14,1000000.00,3.732806,102.3828125
08:00:32,91282CLD1,TSRYS5850288,D,S,T,2024-08-14,1000000.00,3.732806,102.3828125
08:00:32,91282CLD1,TSRYS5850288,D,S,T,2024-08-14,1000000.00,3.734074,102.375
08:00:32,91282CLD1,TSRYS5850288,D,S,T,2024-08-14,1000000.00,3.734074,102.375
08:00:32,91282CLD1,TSRYS5850288,D,S,T,2024-08-14,1000000.00,3.732173,102.38671875
08:00:32,91282CLD1,TSRYS5850288,D,S,T,2024-08-14,1000000.00,3.732806,102.3828125
08:00:32,91282CLD1,TSRYS5850288,D,S,T,2024-08-14,1000000.00,3.732489,102.384765625
08:00:32,91282CLD1,TSRYS5850288,D,S,T,2024-08-14,1000000.00,3.727737,102.4140625
08:00:32,91282CLD1,TSRYS5850288,D,S,T,2024-08-14,1000000.00,3.729004,102.40625
08:00:32,91282CLD1,TSRYS5850288,D,S,T,2024-08-14,1000000.00,3.729004,102.40625
08:00:32,91282CLD1,TSRYS5850288,D,S,T,2024-08-14,1000000.00,3.729004,102.40625
08:00:32,91282CLD1,TSRYS5850288,D,S,T,2024-08-14,1000000.00,3.729004,102.40625
08:00:32,91282CLD1,TSRYS5850288,D,S,T,2024-08-14,1000000.00,3.731539,102.390625
08:00:32,91282CLD1,TSRYS5850288,D,S,T,2024-08-14,1000000.00,3.731539,102.390625
08:00:32,91282CLD1,TSRYS5850288,D,S,T,2024-08-14,1000000.00,3.731539,102.390625
08:00:32,91282CLD1,TSRYS5850288,D,S,T,2024-08-14,1000000.00,3.731539,102.390625
08:00:32,91282CLD1,TSRYS5850288,D,S,T,2024-08-14,1000000.00,3.731539,102.390625
08:00:32,91282CLD1,TSRYS5850288,D,S,T,2024-08-14,1000000.00,3.731539,102.390625
08:00:32,91282CLD1,TSRYS5850288,D,S,T,2024-08-14,1000000.00,3.731539,102.390625
08:00:32,91282CLD1,TSRYS5850288,D,S,T,2024-08-14,1000000.00,3.731539,102.390625
08:00:32,91282CLD1,TSRYS5850288,D,S,T,2024-08-14,1000000.00,3.729955,102.400390625
08:00:32,91282CLD1,TSRYS5850288,D,S,T,2024-08-14,1000000.00,3.732173,102.38671875
08:00:32,91282CLD1,TSRYS5850288,D,S,T,2024-08-14,1000000.00,3.730905,102.39453125
08:00:32,91282CLD1,TSRYS5850288,D,S,T,2024-08-14,1000000.00,3.731539,102.390625
08:00:32,91282CLD1,TSRYS5850288,D,S,T,2024-08-14,1000000.00,3.731539,102.390625
08:00:32,91282CLD1,TSRYS5850288,D,S,T,2024-08-14,1000000.00,3.736926,102.357421875
08:00:32,91282CLD1,TSRYS5850288,D,S,T,2024-08-14,1000000.00,3.735976,102.36328125
08:00:32,91282CLD1,TSRYS5850288,D,S,T,2024-08-14,1000000.00,3.736926,102.357421875
08:00:32,91282CLD1,TSRYS5850288,D,S,T,2024-08-14,1000000.00,3.736926,102.357421875
08:00:32,91282CLD1,TSRYS5850288,D,S,T,2024-08-14,1000000.00,3.736926,102.357421875
08:00:32,91282CLD1,TSRYS5850288,D,S,T,2024-08-14,1000000.00,3.736609,102.359375
08:00:32,91282CLD1,TSRYS5850288,D,S,T,2024-08-14,1000000.00,3.736609,102.359375
08:00:32,91282CLD1,TSRYS5850288,D,S,T,2024-08-14,1000000.00,3.736609,102.359375
08:00:32,91282CLD1,TSRYS5850288,D,S,T,2024-08-14,1000000.00,3.734074,102.375
08:00:32,91282CLD1,TSRYS5850288,D,S,T,2024-08-14,1000000.00,3.734391,102.373046875
08:00:32,91282CLD1,TSRYS5850288,D,S,T,2024-08-14,1000000.00,3.734391,102.373046875
08:00:32,91282CLD1,TSRYS5850288,D,S,T,2024-08-14,1000000.00,3.734074,102.375
08:00:32,91282CLD1,TSRYS5850288,D,S,T,2024-08-14,1000000.00,3.734074,102.375
08:00:32,91282CLD1,TSRYS5850288,D,S,T,2024-08-14,1000000.00,3.734074,102.375
08:00:32,91282CLD1,TSRYS5850288,D,S,T,2024-08-14,1000000.00,3.734074,102.375
08:00:32,91282CLD1,TSRYS5850288,D,S,T,2024-08-14,1000000.00,3.734074,102.375
08:00:32,91282CLD1,TSRYS5850288,D,S,T,2024-08-14,1000000.00,3.734074,102.375
08:00:32,91282CLD1,TSRYS5850288,D,S,T,2024-08-14,1000000.00,3.734074,102.375
08:00:32,91282CLD1,TSRYS5850288,D,S,T,2024-08-14,1000000.00,3.734074,102.375
08:00:32,91282CLD1,TSRYS5850288,D,S,T,2024-08-14,1000000.00,3.729321,102.404296875
08:00:32,91282CLD1,TSRYS5850288,D,S,T,2024-08-14,1000000.00,3.729321,102.404296875
08:00:32,91282CLD1,TSRYS5850288,D,S,T,2024-08-14,1000000.00,3.732173,102.38671875
08:00:32,91282CLD1,TSRYS5850288,D,S,T,2024-08-14,1000000.00,3.729004,102.40625
08:00:32,91282CLD1,TSRYS5850288,D,S,T,2024-08-14,1000000.00,3.729004,102.40625
08:00:32,91282CLD1,TSRYS5850288,D,S,T,2024-08-14,1000000.00,3.721719,102.451171875
08:00:32,91282CLD1,TSRYS5850288,D,S,T,2024-08-14,1000000.00,3.721719,102.451171875
08:00:32,91282CLD1,TSRYS5850288,D,S,T,2024-08-14,1000000.00,3.719187,102.466796875
08:00:32,91282CLD1,TSRYS5850288,D,S,T,2024-08-14,1000000.00,3.719187,102.466796875
08:00:32,91282CLD1,TSRYS5850288,D,S,T,2024-08-14,1000000.00,3.717604,102.4765625
08:00:32,91282CLD1,TSRYS5850288,D,S,T,2024-08-14,1000000.00,3.717604,102.4765625
08:00:32,91282CLD1,TSRYS5850288,D,S,T,2024-08-14,1000000.00,3.715705,102.48828125
08:00:32,91282CLD1,TSRYS5850288,D,S,T,2024-08-14,1000000.00,3.715705,102.48828125
08:00:32,91282CLD1,TSRYS5850288,D,S,T,2024-08-14,1000000.00,3.713173,102.50390625
08:00:32,91282CLD1,TSRYS5850288,D,S,T,2024-08-14,1000000.00,3.710958,102.517578125
08:00:32,91282CLD1,TSRYS5850288,D,S,T,2024-08-14,1000000.00,3.710641,102.51953125
08:00:32,91282CLD1,TSRYS5850288,D,S,T,2024-08-14,1000000.00,3.710958,102.517578125
08:00:32,91282CLD1,TSRYS5850288,D,S,T,2024-08-14,1000000.00,3.710641,102.51953125
08:00:32,91282CLD1,TSRYS5850288,D,S,T,2024-08-14,1000000.00,3.713173,102.50390625
08:00:32,91282CLD1,TSRYS5850288,D,S,T,2024-08-14,1000000.00,3.712856,102.505859375
08:00:32,91282CLD1,TSRYS5850288,D,S,T,2024-08-14,1000000.00,3.712856,102.505859375
08:00:32,91282CLD1,TSRYS5850288,D,S,T,2024-08-14,1000000.00,3.712856,102.505859375
08:00:32,91282CLD1,TSRYS5850288,D,S,T,2024-08-14,1000000.00,3.712856,102.505859375
08:00:32,91282CLD1,TSRYS5850288,D,S,T,2024-08-14,1000000.00,3.712856,102.505859375
08:00:32,91282CLD1,TSRYS5850288,D,S,T,2024-08-14,1000000.00,3.712856,102.505859375
08:00:32,91282CLD1,TSRYS5850288,D,S,T,2024-08-14,1000000.00,3.71254,102.5078125
08:00:32,91282CLD1,TSRYS5850288,D,S,T,2024-08-14,1000000.00,3.71254,102.5078125
08:00:32,91282CLD1,TSRYS5850288,D,S,T,2024-08-14,1000000.00,3.71254,102.5078125
08:00:32,91282CLD1,TSRYS5850288,D,S,T,2024-08-14,1000000.00,3.71254,102.5078125
08:00:32,91282CLD1,TSRYS5850288,D,S,T,2024-08-14,1000000.00,3.712856,102.505859375
08:00:32,91282CLD1,TSRYS5850288,D,S,T,2024-08-14,1000000.00,3.713173,102.50390625
08:00:32,91282CLD1,TSRYS5850288,D,S,T,2024-08-14,1000000.00,3.712856,102.505859375
08:00:32,91282CLD1,TSRYS5850288,D,S,T,2024-08-14,1000000.00,3.71254,102.5078125
08:00:32,91282CLD1,TSRYS5850288,D,S,T,2024-08-14,1000000.00,3.71254,102.5078125
08:00:32,91282CLD1,TSRYS5850288,D,S,T,2024-08-14,1000000.00,3.714122,102.498046875
08:00:32,91282CLD1,TSRYS5850288,D,S,T,2024-08-14,1000000.00,3.713173,102.50390625
08:00:32,91282CLD1,TSRYS5850288,D,S,T,2024-08-14,1000000.00,3.712856,102.505859375
08:00:32,91282CLD1,TSRYS5850288,D,S,T,2024-08-14,1000000.00,3.710008,102.5234375
08:00:32,91282CLD1,TSRYS5850288,D,S,T,2024-08-14,1000000.00,3.710325,102.521484375
08:00:32,91282CLD1,TSRYS5850288,D,S,T,2024-08-14,1000000.00,3.711907,102.51171875
08:00:32,91282CLD1,TSRYS5850288,D,S,T,2024-08-14,1000000.00,3.71159,102.513671875
08:00:32,91282CLD1,TSRYS5850288,D,S,T,2024-08-14,1000000.00,3.71159,102.513671875
08:00:32,91282CLD1,TSRYS5850288,D,S,T,2024-08-14,1000000.00,3.71159,102.513671875
08:00:32,91282CLD1,TSRYS5850288,D,S,T,2024-08-14,1000000.00,3.71159,102.513671875
08:00:32,91282CLD1,TSRYS5850288,D,S,T,2024-08-14,1000000.00,3.71159,102.513671875
08:00:32,91282CLD1,TSRYS5850288,D,S,T,2024-08-14,1000000.00,3.71159,102.513671875
08:00:32,91282CLD1,TSRYS5850288,D,S,T,2024-08-14,1000000.00,3.71159,102.513671875
08:00:32,91282CLD1,TSRYS5850288,D,S,T,2024-08-14,1000000.00,3.71159,102.513671875
08:00:32,91282CLD1,TSRYS5850288,D,S,T,2024-08-14,1000000.00,3.71159,102.513671875
08:00:32,91282CLD1,TSRYS5850288,D,S,T,2024-08-14,1000000.00,3.71159,102.513671875
08:00:32,91282CLD1,TSRYS5850288,D,S,D,2024-08-14,6000000.00,3.711274,102.515625
08:00:32,91282CLD1,TSRYS5850288,D,S,D,2024-08-14,2000000.00,3.711274,102.515625
08:00:32,91282CLD1,TSRYS5850288,D,S,D,2024-08-14,1000000.00,3.711274,102.515625
08:00:32,91282CLD1,TSRYS5850288,D,S,D,2024-08-14,1000000.00,3.711274,102.515625
08:00:33,91282CLD1,TSRYS5850288,D,S,D,2024-08-14,1000000.00,3.734074,102.375
08:00:34,91282CLD1,TSRYS5850288,D,B,A,2024-08-14,10000000.00,3.729638,102.40234375
08:00:34,91282CLD1,TSRYS5850288,D,S,T,2024-08-14,1000000.00,3.735342,102.3671875
08:00:34,91282CLD1,TSRYS5850288,D,S,T,2024-08-14,1000000.00,3.736926,102.357421875
08:00:34,91282CLD1,TSRYS5850288,D,S,D,2024-08-14,1000000.00,3.736609,102.359375
08:00:34,91282CLD1,TSRYS5850288,D,S,D,2024-08-14,1000000.00,3.736609,102.359375
08:00:34,91282CLD1,TSRYS5850288,D,S,T,2024-08-14,1000000.00,3.736609,102.359375
08:00:34,91282CLD1,TSRYS5850288,D,S,T,2024-08-14,1000000.00,3.734074,102.375
08:00:34,91282CLD1,TSRYS5850288,D,S,D,2024-08-14,1000000.00,3.734074,102.375
08:00:34,91282CLD1,TSRYS5850288,D,S,D,2024-08-14,1000000.00,3.734074,102.375
08:00:34,91282CLD1,TSRYS5850288,D,S,D,2024-08-14,1000000.00,3.734074,102.375
08:00:34,91282CLD1,TSRYS5850288,D,S,D,2024-08-14,1000000.00,3.734074,102.375
08:00:34,91282CLD1,TSRYS5850288,D,B,A,2024-08-14,9400000.00,3.730271,102.3984375
08:00:34,91282CLD1,TSRYS5850288,D,S,C,2024-08-14,159500.00,3.729004,102.40625
08:00:34,91282CLD1,TSRYS5850288,D,S,D,2024-08-14,1000000.00,3.713806,102.5
08:00:34,91282CLD1,TSRYS5850288,D,S,C,2024-08-14,20000000.00,3.731827,102.3888509
08:00:34,91282CLD1,TSRYS5850288,D,S,T,2024-08-14,1000000.00,3.71254,102.5078125
08:00:34,91282CLD1,TSRYS5850288,D,S,T,2024-08-14,1000000.00,3.71254,102.5078125
08:00:34,91282CLD1,TSRYS5850288,D,S,T,2024-08-14,1000000.00,3.71254,102.5078125
08:00:34,91282CLD1,TSRYS5850288,D,S,T,2024-08-14,1000000.00,3.711274,102.515625
08:00:34,91282CLD1,TSRYS5850288,D,S,T,2024-08-14,1000000.00,3.711274,102.515625
08:00:34,91282CLD1,TSRYS5850288,D,S,T,2024-08-14,1000000.00,3.711274,102.515625
08:00:34,91282CLD1,TSRYS5850288,D,S,C,2024-08-14,7500000.00,3.708743,102.53125
08:00:37,91282CLD1,TSRYS5850288,D,S,D,2024-08-14,1000000.00,3.734391,102.373046875
08:00:37,91282CLD1,TSRYS5850288,D,S,D,2024-08-14,1000000.00,3.734391,102.373046875
08:00:37,91282CLD1,TSRYS5850288,D,S,D,2024-08-14,1000000.00,3.734391,102.373046875
08:00:37,91282CLD1,TSRYS5850288,D,S,D,2024-08-14,1000000.00,3.736609,102.359375
08:00:37,91282CLD1,TSRYS5850288,D,S,D,2024-08-14,1000000.00,3.736609,102.359375
08:00:38,91282CLD1,TSRYS5850288,D,S,D,2024-08-14,1000000.00,3.734074,102.375
08:00:38,91282CLD1,TSRYS5850288,D,S,D,2024-08-14,1000000.00,3.736926,102.357421875
08:00:40,91282CLD1,TSRYS5850288,D,S,D,2024-08-14,1000000.00,3.734074,102.375
08:00:40,91282CLD1,TSRYS5850288,D,S,D,2024-08-14,1000000.00,3.734074,102.375
08:00:40,91282CLD1,TSRYS5850288,D,S,D,2024-08-14,1000000.00,3.734074,102.375
08:00:40,91282CLD1,TSRYS5850288,D,S,D,2024-08-14,1000000.00,3.734074,102.375
08:00:40,91282CLD1,TSRYS5850288,D,S,D,2024-08-14,5000000.00,3.734074,102.375
08:00:40,91282CLD1,TSRYS5850288,D,S,D,2024-08-14,3000000.00,3.734074,102.375
08:00:41,91282CLD1,TSRYS5850288,D,S,C,2024-08-14,8600000.00,3.713173,102.50390625
08:00:41,91282CLD1,TSRYS5850288,D,S,C,2024-08-14,40000.00,3.710008,102.5234375
08:00:42,91282CLD1,TSRYS5850288,D,B,A,2024-08-14,15000000.00,3.710641,102.51953125
08:00:42,91282CLD1,TSRYS5850288,D,S,C,2024-08-14,2450000.00,3.711907,102.51171875
08:00:45,91282CLD1,TSRYS5850288,D,S,D,2024-08-14,1000000.00,3.71982,102.462890625
08:00:45,91282CLD1,TSRYS5850288,D,S,D,2024-08-14,1000000.00,3.717239,102.478815625
08:00:45,91282CLD1,TSRYS5850288,D,S,D,2024-08-14,1000000.00,3.716021,102.486328125
08:00:45,91282CLD1,TSRYS5850288,D,S,D,2024-08-14,1000000.00,3.716021,102.486328125
08:00:45,91282CLD1,TSRYS5850288,D,S,D,2024-08-14,4000000.00,3.716021,102.486328125
08:00:46,91282CLD1,TSRYS5850288,D,S,D,2024-08-14,1000000.00,3.713489,102.501953125
08:00:46,91282CLD1,TSRYS5850288,D,S,D,2024-08-14,1000000.00,3.713806,102.5
08:00:47,91282CLD1,TSRYS5850288,D,S,D,2024-08-14,8600000.00,3.713173,102.50390625
08:00:48,91282CLD1,TSRYS5850288,D,S,D,2024-08-14,40000.00,3.710008,102.5234375
08:00:49,91282CLD1,TSRYS5850288,D,B,C,2024-08-14,1000000.00,3.710641,102.51953125
08:00:49,91282CLD1,TSRYS5850288,D,S,D,2024-08-14,1000000.00,3.710641,102.51953125
08:00:49,91282CLD1,TSRYS5850288,D,S,D,2024-08-14,1000000.00,3.711274,102.515625
08:00:49,91282CLD1,TSRYS5850288,D,S,D,2024-08-14,6000000.00,3.711274,102.515625
08:00:49,91282CLD1,TSRYS5850288,D,S,D,2024-08-14,1000000.00,3.711274,102.515625
08:00:49,91282CLD1,TSRYS5850288,D,S,D,2024-08-14,2000000.00,3.711274,102.515625
08:00:49,91282CLD1,TSRYS5850288,D,S,D,2024-08-14,1000000.00,3.711274,102.515625
08:00:49,91282CLD1,TSRYS5850288,D,S,D,2024-08-14,1000000.00,3.711274,102.515625
08:00:49,91282CLD1,TSRYS5850288,D,S,D,2024-08-14,1000000.00,3.711274,102.515625
08:00:49,91282CLD1,TSRYS5850288,D,S,D,2024-08-14,2000000.00,3.71254,102.5078125
08:00:50,91282CLD1,TSRYS5850288,D,S,C,2024-08-14,590000.00,3.712856,102.505859375
08:00:50,91282CLD1,TSRYS5850288,D,S,D,2024-08-14,590000.00,3.712175,102.510065625
08:00:50,91282CLD1,TSRYS5850288,D,B,C,2024-08-14,590000.00,3.712223,102.509765625
08:00:50,91282CLD1,TSRYS5850288,D,B,C,2024-08-14,1000000.00,3.713173,102.50390625
08:00:50,91282CLD1,TSRYS5850288,D,S,D,2024-08-14,1000000.00,3.713173,102.50390625
08:00:50,91282CLD1,TSRYS5850288,D,S,A,2024-08-14,1000000.00,3.735342,102.3671875
08:00:50,91282CLD1,TSRYS5850288,D,S,D,2024-08-14,1000000.00,3.711907,102.51171875
08:00:50,91282CLD1,TSRYS5850288,D,B,C,2024-08-14,1000000.00,3.711907,102.51171875
08:00:50,91282CLD1,TSRYS5850288,D,S,D,2024-08-14,2000000.00,3.71254,102.5078125
08:00:50,91282CLD1,TSRYS5850288,D,B,C,2024-08-14,1000000.00,3.71254,102.5078125
08:00:51,91282CLD1,TSRYS5850288,D,S,A,2024-08-14,1000000.00,3.734708,102.37109375
08:00:52,91282CLD1,TSRYS5850288,D,S,D,2024-08-14,1000000.00,3.71254,102.5078125
08:00:52,91282CLD1,TSRYS5850288,D,B,C,2024-08-14,1000000.00,3.712223,102.509765625
08:00:52,91282CLD1,TSRYS5850288,D,S,D,2024-08-14,1000000.00,3.712223,102.509765625
08:00:52,91282CLD1,TSRYS5850288,D,B,C,2024-08-14,1000000.00,3.711274,102.515625
08:00:52,91282CLD1,TSRYS5850288,D,S,D,2024-08-14,1000000.00,3.711274,102.515625
08:00:52,91282CLD1,TSRYS5850288,D,S,D,2024-08-14,1000000.00,3.711274,102.515625
08:00:52,91282CLD1,TSRYS5850288,D,B,C,2024-08-14,1000000.00,3.712223,102.509765625
08:00:52,91282CLD1,TSRYS5850288,D,S,D,2024-08-14,1000000.00,3.712223,102.509765625
08:00:52,91282CLD1,TSRYS5850288,D,S,A,2024-08-14,1000000.00,3.735976,102.36328125
08:00:53,91282CLD1,TSRYS5850288,D,S,D,2024-08-14,1000000.00,3.735659,102.365234375
08:00:53,91282CLD1,TSRYS5850288,D,S,D,2024-08-14,1000000.00,3.711274,102.515625
08:00:55,91282CLD1,TSRYS5850288,D,S,D,2024-08-14,1000000.00,3.711274,102.515625
08:00:55,91282CLD1,TSRYS5850288,D,S,D,2024-08-14,1000000.00,3.711274,102.515625
08:00:55,91282CLD1,TSRYS5850288,D,S,D,2024-08-14,2000000.00,3.711274,102.515625
08:00:56,91282CLD1,TSRYS5850288,D,S,A,2024-08-14,1000000.00,3.730271,102.3984375
08:00:56,91282CLD1,TSRYS5850288,D,B,C,2024-08-14,1000000.00,3.711274,102.515625
08:00:56,91282CLD1,TSRYS5850288,D,S,D,2024-08-14,1000000.00,3.711274,102.515625
08:00:56,91282CLD1,TSRYS5850288,D,S,D,2024-08-14,42000000.00,3.732941,102.38198
08:00:56,91282CLD1,TSRYS5850288,D,S,D,2024-08-14,1000000.00,3.711274,102.515625
08:00:56,91282CLD1,TSRYS5850288,D,S,A,2024-08-14,20659300.00,3.710008,102.5234375
08:00:56,91282CLD1,TSRYS5850288,D,S,D,2024-08-14,1000000.00,3.71254,102.5078125
08:00:57,91282CLD1,TSRYS5850288,D,S,T,2024-08-14,1000000.00,3.71159,102.513671875
08:00:58,91282CLD1,TSRYS5850288,D,S,C,2024-08-14,1000000.00,3.71254,102.5078125
08:00:58,91282CLD1,TSRYS5850288,D,S,A,2024-08-14,1000000.00,3.730271,102.3984375
08:00:59,91282CLD1,TSRYS5850288,D,S,A,2024-08-14,1000000.00,3.730905,102.39453125
08:01:02,91282CLD1,TSRYS5850288,D,S,T,2024-08-14,1000000.00,3.710657,102.51943125
08:01:02,91282CLD1,TSRYS5850288,D,S,T,2024-08-14,1000000.00,3.713189,102.50380625
08:01:02,91282CLD1,TSRYS5850288,D,S,T,2024-08-14,2000000.00,3.71254,102.5078125
08:01:02,91282CLD1,TSRYS5850288,D,S,T,2024-08-14,1000000.00,3.71254,102.5078125
08:01:02,91282CLD1,TSRYS5850288,D,S,T,2024-08-14,1000000.00,3.711923,102.51161875
08:01:02,91282CLD1,TSRYS5850288,D,S,T,2024-08-14,2000000.00,3.711923,102.51161875
08:01:03,91282CLD1,TSRYS5850288,D,S,A,2024-08-14,1000000.00,3.729638,102.40234375
08:01:04,91282CLD1,TSRYS5850288,D,S,D,2024-08-14,1000000.00,3.734074,102.375
08:01:04,91282CLD1,TSRYS5850288,D,S,D,2024-08-14,1000000.00,3.735342,102.3671875
08:01:04,91282CLD1,TSRYS5850288,D,S,D,2024-08-14,1000000.00,3.734074,102.375
08:01:04,91282CLD1,TSRYS5850288,D,B,C,2024-08-14,1000000.00,3.734708,102.37109375
08:01:04,91282CLD1,TSRYS5850288,D,S,D,2024-08-14,1000000.00,3.734708,102.37109375
08:01:04,91282CLD1,TSRYS5850288,D,S,D,2024-08-14,1000000.00,3.734708,102.37109375
08:01:04,91282CLD1,TSRYS5850288,D,S,C,2024-08-14,2000000.00,3.738828,102.345703125
08:01:05,91282CLD1,TSRYS5850288,D,S,D,2024-08-14,1000000.00,3.735976,102.36328125
08:01:05,91282CLD1,TSRYS5850288,D,S,D,2024-08-14,1000000.00,3.735976,102.36328125
08:01:05,91282CLD1,TSRYS5850288,D,S,D,2024-08-14,1000000.00,3.734074,102.375
08:01:06,91282CLD1,TSRYS5850288,D,S,D,2024-08-14,1000000.00,3.733757,102.376953125
08:01:06,91282CLD1,TSRYS5850288,D,B,C,2024-08-14,1000000.00,3.733757,102.376953125
08:01:06,91282CLD1,TSRYS5850288,D,S,D,2024-08-14,1000000.00,3.729004,102.40625
08:01:06,91282CLD1,TSRYS5850288,D,B,C,2024-08-14,1000000.00,3.729004,102.40625
08:01:06,91282CLD1,TSRYS5850288,D,B,C,2024-08-14,1000000.00,3.729321,102.404296875
08:01:06,91282CLD1,TSRYS5850288,D,S,D,2024-08-14,1000000.00,3.729321,102.404296875
08:01:06,91282CLD1,TSRYS5850288,D,B,C,2024-08-14,1000000.00,3.729638,102.40234375
08:01:06,91282CLD1,TSRYS5850288,D,S,D,2024-08-14,1000000.00,3.729638,102.40234375
08:01:06,91282CLD1,TSRYS5850288,D,S,C,2024-08-14,1000000.00,3.732806,102.3828125
08:01:06,91282CLD1,TSRYS5850288,D,S,D,2024-08-14,1000000.00,3.732806,102.3828125
08:01:06,91282CLD1,TSRYS5850288,D,S,D,2024-08-14,1000000.00,3.735342,102.3671875
08:01:06,91282CLD1,TSRYS5850288,D,S,C,2024-08-14,1000000.00,3.731539,102.390625
08:01:06,91282CLD1,TSRYS5850288,D,S,C,2024-08-14,2000000.00,3.731539,102.390625
08:01:06,91282CLD1,TSRYS5850288,D,S,D,2024-08-14,1000000.00,3.731539,102.390625
08:01:06,91282CLD1,TSRYS5850288,D,S,D,2024-08-14,1000000.00,3.730905,102.39453125
08:01:06,91282CLD1,TSRYS5850288,D,S,C,2024-08-14,1000000.00,3.732173,102.38671875
08:01:06,91282CLD1,TSRYS5850288,D,S,D,2024-08-14,1000000.00,3.731539,102.390625
08:01:06,91282CLD1,TSRYS5850288,D,S,C,2024-08-14,1000000.00,3.732173,102.38671875
08:01:06,91282CLD1,TSRYS5850288,D,S,D,2024-08-14,1000000.00,3.711274,102.515625
08:01:07,91282CLD1,TSRYS5850288,D,S,D,2024-08-14,1000000.00,3.731539,102.390625
08:01:07,91282CLD1,TSRYS5850288,D,B,C,2024-08-14,1000000.00,3.731222,102.392578125
08:01:07,91282CLD1,TSRYS5850288,D,S,D,2024-08-14,1000000.00,3.731222,102.392578125
08:01:07,91282CLD1,TSRYS5850288,D,S,D,2024-08-14,1000000.00,3.731222,102.392578125
08:01:07,91282CLD1,TSRYS5850288,D,S,C,2024-08-14,1000000.00,3.729321,102.404296875
08:01:08,91282CLD1,TSRYS5850288,D,B,C,2024-08-14,1000000.00,3.734391,102.373046875
08:01:08,91282CLD1,TSRYS5850288,D,S,D,2024-08-14,1000000.00,3.734391,102.373046875
08:01:08,91282CLD1,TSRYS5850288,D,S,D,2024-08-14,1000000.00,3.734391,102.373046875
08:01:08,91282CLD1,TSRYS5850288,D,S,D,2024-08-14,1000000.00,3.734391,102.373046875
08:01:08,91282CLD1,TSRYS5850288,D,S,D,2024-08-14,1000000.00,3.73756,102.353515625
08:01:08,91282CLD1,TSRYS5850288,D,B,C,2024-08-14,1000000.00,3.73756,102.353515625
08:01:08,91282CLD1,TSRYS5850288,D,S,D,2024-08-14,1000000.00,3.736609,102.359375
08:01:08,91282CLD1,TSRYS5850288,D,S,D,2024-08-14,1000000.00,3.736609,102.359375
08:01:08,91282CLD1,TSRYS5850288,D,S,D,2024-08-14,1000000.00,3.735659,102.365234375
08:01:08,91282CLD1,TSRYS5850288,D,S,D,2024-08-14,1000000.00,3.734391,102.373046875
08:01:08,91282CLD1,TSRYS5850288,D,B,C,2024-08-14,1000000.00,3.734391,102.373046875
08:01:09,91282CLD1,TSRYS5850288,D,S,D,2024-08-14,1000000.00,3.734074,102.375
08:01:09,91282CLD1,TSRYS5850288,D,S,D,2024-08-14,1000000.00,3.735342,102.3671875
08:01:09,91282CLD1,TSRYS5850288,D,B,C,2024-08-14,1000000.00,3.735342,102.3671875
08:01:09,91282CLD1,TSRYS5850288,D,B,C,2024-08-14,1000000.00,3.736926,102.357421875
08:01:09,91282CLD1,TSRYS5850288,D,S,D,2024-08-14,1000000.00,3.736926,102.357421875
08:01:09,91282CLD1,TSRYS5850288,D,B,C,2024-08-14,1000000.00,3.736292,102.361328125
08:01:09,91282CLD1,TSRYS5850288,D,S,D,2024-08-14,1000000.00,3.736292,102.361328125
08:01:09,91282CLD1,TSRYS5850288,D,S,D,2024-08-14,1000000.00,3.736926,102.357421875
08:01:09,91282CLD1,TSRYS5850288,D,S,C,2024-08-14,1000000.00,3.734074,102.375
08:01:09,91282CLD1,TSRYS5850288,D,S,C,2024-08-14,1000000.00,3.734391,102.373046875
08:01:09,91282CLD1,TSRYS5850288,D,S,C,2024-08-14,1000000.00,3.734074,102.375
08:01:09,91282CLD1,TSRYS5850288,D,S,C,2024-08-14,1000000.00,3.734074,102.375
08:01:09,91282CLD1,TSRYS5850288,D,S,C,2024-08-14,1000000.00,3.734074,102.375
08:01:09,91282CLD1,TSRYS5850288,D,S,D,2024-08-14,1000000.00,3.73344,102.37890625
08:01:09,91282CLD1,TSRYS5850288,D,S,C,2024-08-14,1000000.00,3.73344,102.37890625
08:01:09,91282CLD1,TSRYS5850288,D,S,C,2024-08-14,2000000.00,3.73344,102.37890625
08:01:09,91282CLD1,TSRYS5850288,D,S,D,2024-08-14,1000000.00,3.734391,102.373046875
08:01:09,91282CLD1,TSRYS5850288,D,S,D,2024-08-14,1000000.00,3.734074,102.375
08:01:09,91282CLD1,TSRYS5850288,D,S,D,2024-08-14,3000000.00,3.734074,102.375
08:01:09,91282CLD1,TSRYS5850288,D,S,D,2024-08-14,5000000.00,3.734074,102.375
08:01:09,91282CLD1,TSRYS5850288,D,S,D,2024-08-14,1000000.00,3.734074,102.375
08:01:09,91282CLD1,TSRYS5850288,D,S,D,2024-08-14,1000000.00,3.734074,102.375
08:01:09,91282CLD1,TSRYS5850288,D,S,D,2024-08-14,1000000.00,3.735025,102.369140625
08:01:09,91282CLD1,TSRYS5850288,D,S,D,2024-08-14,2000000.00,3.73344,102.37890625
08:01:09,91282CLD1,TSRYS5850288,D,B,C,2024-08-14,2000000.00,3.73344,102.37890625
08:01:09,91282CLD1,TSRYS5850288,D,B,C,2024-08-14,2000000.00,3.732806,102.3828125
08:01:09,91282CLD1,TSRYS5850288,D,S,D,2024-08-14,2000000.00,3.732806,102.3828125
08:01:09,91282CLD1,TSRYS5850288,D,S,D,2024-08-14,1000000.00,3.730271,102.3984375
08:01:09,91282CLD1,TSRYS5850288,D,B,C,2024-08-14,1000000.00,3.730271,102.3984375
08:01:09,91282CLD1,TSRYS5850288,D,S,D,2024-08-14,1000000.00,3.730271,102.3984375
08:01:09,91282CLD1,TSRYS5850288,D,B,C,2024-08-14,1000000.00,3.730271,102.3984375
08:01:09,91282CLD1,TSRYS5850288,D,S,D,2024-08-14,1000000.00,3.730905,102.39453125
08:01:09,91282CLD1,TSRYS5850288,D,B,C,2024-08-14,1000000.00,3.730905,102.39453125
08:01:09,91282CLD1,TSRYS5850288,D,S,D,2024-08-14,1000000.00,3.730905,102.39453125
08:01:09,91282CLD1,TSRYS5850288,D,B,C,2024-08-14,1000000.00,3.730905,102.39453125
08:01:10,91282CLD1,TSRYS5850288,D,S,D,2024-08-14,1000000.00,3.729638,102.40234375
08:01:10,91282CLD1,TSRYS5850288,D,B,C,2024-08-14,1000000.00,3.729638,102.40234375
08:01:10,91282CLD1,TSRYS5850288,D,S,D,2024-08-14,1000000.00,3.71982,102.462890625
08:01:10,91282CLD1,TSRYS5850288,D,S,C,2024-08-14,1000000.00,3.717604,102.4765625
08:01:10,91282CLD1,TSRYS5850288,D,S,C,2024-08-14,1000000.00,3.716654,102.482421875
08:01:10,91282CLD1,TSRYS5850288,D,S,C,2024-08-14,1000000.00,3.716654,102.482421875
08:01:10,91282CLD1,TSRYS5850288,D,S,C,2024-08-14,1000000.00,3.716654,102.482421875
08:01:10,91282CLD1,TSRYS5850288,D,S,C,2024-08-14,2000000.00,3.716654,102.482421875
08:01:10,91282CLD1,TSRYS5850288,D,S,C,2024-08-14,1000000.00,3.716654,102.482421875
08:01:10,91282CLD1,TSRYS5850288,D,S,C,2024-08-14,1000000.00,3.716654,102.482421875
08:01:10,91282CLD1,TSRYS5850288,D,S,C,2024-08-14,1000000.00,3.717287,102.478515625
08:01:10,91282CLD1,TSRYS5850288,D,S,C,2024-08-14,1000000.00,3.716338,102.484375
08:01:10,91282CLD1,TSRYS5850288,D,S,C,2024-08-14,1000000.00,3.716338,102.484375
08:01:10,91282CLD1,TSRYS5850288,D,B,C,2024-08-14,1000000.00,3.716021,102.486328125
08:01:10,91282CLD1,TSRYS5850288,D,S,D,2024-08-14,1000000.00,3.716021,102.486328125
08:01:10,91282CLD1,TSRYS5850288,D,S,D,2024-08-14,1000000.00,3.716021,102.486328125
08:01:10,91282CLD1,TSRYS5850288,D,S,D,2024-08-14,4000000.00,3.716021,102.486328125
08:01:10,91282CLD1,TSRYS5850288,D,S,D,2024-08-14,1000000.00,3.713489,102.501953125
08:01:10,91282CLD1,TSRYS5850288,D,B,C,2024-08-14,1000000.00,3.713489,102.501953125
08:01:10,91282CLD1,TSRYS5850288,D,S,D,2024-08-14,1000000.00,3.713489,102.501953125
08:01:10,91282CLD1,TSRYS5850288,D,S,D,2024-08-14,1000000.00,3.713806,102.5
08:01:10,91282CLD1,TSRYS5850288,D,S,C,2024-08-14,2000000.00,3.711274,102.515625
08:01:10,91282CLD1,TSRYS5850288,D,S,C,2024-08-14,1000000.00,3.711274,102.515625
08:01:10,91282CLD1,TSRYS5850288,D,S,D,2024-08-14,1000000.00,3.710325,102.521484375
08:01:10,91282CLD1,TSRYS5850288,D,S,D,2024-08-14,1000000.00,3.710325,102.521484375
08:01:10,91282CLD1,TSRYS5850288,D,S,D,2024-08-14,1000000.00,3.710958,102.517578125
08:01:10,91282CLD1,TSRYS5850288,D,B,C,2024-08-14,1000000.00,3.710958,102.517578125
08:01:10,91282CLD1,TSRYS5850288,D,S,D,2024-08-14,1000000.00,3.710641,102.51953125
08:01:10,91282CLD1,TSRYS5850288,D,S,D,2024-08-14,1000000.00,3.710958,102.517578125
08:01:10,91282CLD1,TSRYS5850288,D,S,D,2024-08-14,1000000.00,3.710641,102.51953125
08:01:10,91282CLD1,TSRYS5850288,D,B,C,2024-08-14,1000000.00,3.710641,102.51953125
08:01:10,91282CLD1,TSRYS5850288,D,S,D,2024-08-14,1000000.00,3.710641,102.51953125
08:01:11,91282CLD1,TSRYS5850288,D,S,C,2024-08-14,1000000.00,3.711274,102.515625
08:01:11,91282CLD1,TSRYS5850288,D,S,C,2024-08-14,6000000.00,3.711274,102.515625
08:01:11,91282CLD1,TSRYS5850288,D,S,D,2024-08-14,1000000.00,3.710641,102.51953125
08:01:11,91282CLD1,TSRYS5850288,D,B,C,2024-08-14,1000000.00,3.710641,102.51953125
08:01:11,91282CLD1,TSRYS5850288,D,S,D,2024-08-14,1000000.00,3.710641,102.51953125
08:01:11,91282CLD1,TSRYS5850288,D,B,C,2024-08-14,1000000.00,3.710641,102.51953125
08:01:11,91282CLD1,TSRYS5850288,D,S,D,2024-08-14,1000000.00,3.710641,102.51953125
08:01:11,91282CLD1,TSRYS5850288,D,B,C,2024-08-14,1000000.00,3.710641,102.51953125
08:01:11,91282CLD1,TSRYS5850288,D,S,C,2024-08-14,1000000.00,3.711274,102.515625
08:01:11,91282CLD1,TSRYS5850288,D,S,C,2024-08-14,1000000.00,3.711274,102.515625
08:01:11,91282CLD1,TSRYS5850288,D,S,C,2024-08-14,2000000.00,3.711274,102.515625
08:01:11,91282CLD1,TSRYS5850288,D,S,C,2024-08-14,1000000.00,3.711274,102.515625
08:01:11,91282CLD1,TSRYS5850288,D,S,C,2024-08-14,1000000.00,3.711274,102.515625
08:01:11,91282CLD1,TSRYS5850288,D,S,D,2024-08-14,1000000.00,3.710958,102.517578125
08:01:11,91282CLD1,TSRYS5850288,D,S,C,2024-08-14,1000000.00,3.711907,102.51171875
08:01:11,91282CLD1,TSRYS5850288,D,S,D,2024-08-14,1000000.00,3.712856,102.505859375
08:01:11,91282CLD1,TSRYS5850288,D,B,C,2024-08-14,1000000.00,3.712856,102.505859375
08:01:11,91282CLD1,TSRYS5850288,D,S,C,2024-08-14,1000000.00,3.712223,102.509765625
08:01:11,91282CLD1,TSRYS5850288,D,S,C,2024-08-14,1000000.00,3.712223,102.509765625
08:01:11,91282CLD1,TSRYS5850288,D,S,C,2024-08-14,1000000.00,3.713489,102.501953125
08:01:11,91282CLD1,TSRYS5850288,D,S,C,2024-08-14,1000000.00,3.713173,102.50390625
08:01:11,91282CLD1,TSRYS5850288,D,S,C,2024-08-14,1000000.00,3.713173,102.50390625
08:01:11,91282CLD1,TSRYS5850288,D,S,C,2024-08-14,1000000.00,3.713173,102.50390625
08:01:11,91282CLD1,TSRYS5850288,D,S,D,2024-08-14,1000000.00,3.713489,102.501953125
08:01:11,91282CLD1,TSRYS5850288,D,S,C,2024-08-14,1000000.00,3.712856,102.505859375
08:01:11,91282CLD1,TSRYS5850288,D,S,C,2024-08-14,1000000.00,3.71159,102.513671875
08:01:11,91282CLD1,TSRYS5850288,D,S,D,2024-08-14,1000000.00,3.712223,102.509765625
08:01:11,91282CLD1,TSRYS5850288,D,S,C,2024-08-14,1000000.00,3.711907,102.51171875
08:01:11,91282CLD1,TSRYS5850288,D,S,C,2024-08-14,1000000.00,3.711907,102.51171875
08:01:11,91282CLD1,TSRYS5850288,D,S,C,2024-08-14,1000000.00,3.712856,102.505859375
08:01:11,91282CLD1,TSRYS5850288,D,S,C,2024-08-14,1000000.00,3.711907,102.51171875
08:01:11,91282CLD1,TSRYS5850288,D,S,C,2024-08-14,1000000.00,3.711907,102.51171875
08:01:11,91282CLD1,TSRYS5850288,D,S,C,2024-08-14,1000000.00,3.71159,102.513671875
08:01:11,91282CLD1,TSRYS5850288,D,S,C,2024-08-14,1000000.00,3.711907,102.51171875
08:01:11,91282CLD1,TSRYS5850288,D,S,C,2024-08-14,1000000.00,3.711907,102.51171875
08:01:11,91282CLD1,TSRYS5850288,D,S,C,2024-08-14,1000000.00,3.712856,102.505859375
08:01:11,91282CLD1,TSRYS5850288,D,S,C,2024-08-14,1000000.00,3.71159,102.513671875
08:01:11,91282CLD1,TSRYS5850288,D,S,C,2024-08-14,1000000.00,3.712856,102.505859375
08:01:11,91282CLD1,TSRYS5850288,D,S,C,2024-08-14,1000000.00,3.711907,102.51171875
08:01:12,91282CLD1,TSRYS5850288,D,S,D,2024-08-14,2000000.00,3.735862,102.3639813
08:01:12,91282CLD1,TSRYS5850288,D,S,D,2024-08-14,4000000.00,3.731425,102.391325
08:01:13,91282CLD1,TSRYS5850288,D,S,D,2024-08-14,2000000.00,3.731108,102.3932781
08:01:13,91282CLD1,TSRYS5850288,D,S,D,2024-08-14,10000000.00,3.710244,102.5219844
08:01:13,91282CLD1,TSRYS5850288,D,S,D,2024-08-14,22000000.00,3.710661,102.5194098
08:01:15,91282CLD1,TSRYS5850288,D,S,T,2024-08-14,1000000.00,3.735679,102.365109375
08:01:15,91282CLD1,TSRYS5850288,D,S,T,2024-08-14,1000000.00,3.735679,102.365109375
08:01:15,91282CLD1,TSRYS5850288,D,S,D,2024-08-14,1000000.00,3.734074,102.375
08:01:15,91282CLD1,TSRYS5850288,D,S,T,2024-08-14,1000000.00,3.735659,102.365234375
08:01:16,91282CLD1,TSRYS5850288,D,S,T,2024-08-14,1000000.00,3.734391,102.37304687
08:01:17,91282CLD1,TSRYS5850288,D,S,C,2024-08-14,1000000.00,3.73756,102.353515625
08:01:18,91282CLD1,TSRYS5850288,D,S,D,2024-08-14,1000000.00,3.71254,102.5078125
08:01:18,91282CLD1,TSRYS5850288,D,S,C,2024-08-14,1000000.00,3.712856,102.505859375
08:01:18,91282CLD1,TSRYS5850288,D,S,C,2024-08-14,1000000.00,3.713173,102.50390625
08:01:18,91282CLD1,TSRYS5850288,D,S,C,2024-08-14,1000000.00,3.713489,102.501953125
08:01:18,91282CLD1,TSRYS5850288,D,S,C,2024-08-14,1000000.00,3.711907,102.51171875
08:01:18,91282CLD1,TSRYS5850288,D,S,A,2024-08-14,24000000.00,3.712725,102.50667
08:01:18,91282CLD1,TSRYS5850288,D,S,T,2024-08-14,1000000.00,3.712588,102.5075125
08:01:18,91282CLD1,TSRYS5850288,D,B,C,2024-08-14,2000000.00,3.733757,102.37695312
08:01:18,91282CLD1,TSRYS5850288,D,S,D,2024-08-14,2000000.00,3.71254,102.5078125
08:01:18,91282CLD1,TSRYS5850288,D,S,C,2024-08-14,1000000.00,3.712856,102.505859375
08:01:18,91282CLD1,TSRYS5850288,D,S,C,2024-08-14,1000000.00,3.712856,102.505859375
08:01:18,91282CLD1,TSRYS5850288,D,S,C,2024-08-14,1000000.00,3.713489,102.501953125
08:01:18,91282CLD1,TSRYS5850288,D,S,D,2024-08-14,1000000.00,3.713806,102.5
08:01:18,91282CLD1,TSRYS5850288,D,S,C,2024-08-14,1000000.00,3.73756,102.353515625
08:01:18,91282CLD1,TSRYS5850288,D,S,D,2024-08-14,1000000.00,3.712223,102.509765625
08:01:18,91282CLD1,TSRYS5850288,D,S,D,2024-08-14,1000000.00,3.712223,102.509765625
08:01:18,91282CLD1,TSRYS5850288,D,S,T,2024-08-14,1000000.00,3.712588,102.5075125
08:01:18,91282CLD1,TSRYS5850288,D,S,D,2024-08-14,1000000.00,3.712223,102.509765625
08:01:18,91282CLD1,TSRYS5850288,D,B,C,2024-08-14,1000000.00,3.73756,102.35351562
08:01:19,91282CLD1,TSRYS5850288,D,S,C,2024-08-14,1000000.00,3.712223,102.509765625
08:01:19,91282CLD1,TSRYS5850288,D,S,D,2024-08-14,1000000.00,3.712223,102.509765625
08:01:19,91282CLD1,TSRYS5850288,D,S,C,2024-08-14,1000000.00,3.712223,102.509765625
08:01:19,91282CLD1,TSRYS5850288,D,S,C,2024-08-14,1000000.00,3.711274,102.515625
08:01:19,91282CLD1,TSRYS5850288,D,S,C,2024-08-14,1000000.00,3.711274,102.515625
08:01:19,91282CLD1,TSRYS5850288,D,S,C,2024-08-14,1000000.00,3.711274,102.515625
08:01:19,91282CLD1,TSRYS5850288,D,S,C,2024-08-14,1000000.00,3.712223,102.509765625
08:01:19,91282CLD1,TSRYS5850288,D,S,T,2024-08-14,1000000.00,3.711323,102.515325
08:01:19,91282CLD1,TSRYS5850288,D,S,C,2024-08-14,1000000.00,3.734391,102.37304687
08:01:19,91282CLD1,TSRYS5850288,D,S,T,2024-08-14,1000000.00,3.708792,102.53095
08:01:19,91282CLD1,TSRYS5850288,D,B,A,2024-08-14,1000000.00,3.729004,102.40625
08:01:19,91282CLD1,TSRYS5850288,D,S,C,2024-08-14,4000000.00,3.711274,102.515625
08:01:19,91282CLD1,TSRYS5850288,D,S,C,2024-08-14,1000000.00,3.711274,102.515625
08:01:19,91282CLD1,TSRYS5850288,D,S,C,2024-08-14,1000000.00,3.711907,102.51171875
08:01:19,91282CLD1,TSRYS5850288,D,S,D,2024-08-14,1000000.00,3.712223,102.509765625
08:01:19,91282CLD1,TSRYS5850288,D,S,C,2024-08-14,1000000.00,3.71159,102.513671875
08:01:19,91282CLD1,TSRYS5850288,D,S,T,2024-08-14,1000000.00,3.711323,102.515325
08:01:20,91282CLD1,TSRYS5850288,D,S,D,2024-08-14,2000000.00,3.711274,102.515625
08:01:20,91282CLD1,TSRYS5850288,D,S,D,2024-08-14,1000000.00,3.711274,102.515625
08:01:20,91282CLD1,TSRYS5850288,D,S,D,2024-08-14,1000000.00,3.711274,102.515625
08:01:20,91282CLD1,TSRYS5850288,D,S,D,2024-08-14,1000000.00,3.711274,102.515625
08:01:20,91282CLD1,TSRYS5850288,D,B,C,2024-08-14,9950000.00,3.835849,101.75
08:01:20,91282CLD1,TSRYS5850288,D,S,D,2024-08-14,9950000.00,3.835849,101.75
08:01:20,91282CLD1,TSRYS5850288,D,S,C,2024-08-14,1000000.00,3.711274,102.515625
08:01:20,91282CLD1,TSRYS5850288,D,S,C,2024-08-14,9950000.00,3.835849,101.75
08:01:20,91282CLD1,TSRYS5850288,D,S,T,2024-08-14,1000000.00,3.711323,102.515325
08:01:20,91282CLD1,TSRYS5850288,D,S,C,2024-08-14,1000000.00,3.711274,102.515625
08:01:20,91282CLD1,TSRYS5850288,D,B,C,2024-08-14,9950000.00,3.835849,101.75
08:01:20,91282CLD1,TSRYS5850288,D,S,C,2024-08-14,9950000.00,3.835849,101.75
08:01:20,91282CLD1,TSRYS5850288,D,S,C,2024-08-14,1000000.00,3.71159,102.513671875
08:01:20,91282CLD1,TSRYS5850288,D,S,D,2024-08-14,1000000.00,3.711274,102.515625
08:01:20,91282CLD1,TSRYS5850288,D,S,C,2024-08-14,1000000.00,3.711907,102.51171875
08:01:20,91282CLD1,TSRYS5850288,D,S,D,2024-08-14,1000000.00,3.71159,102.513671875
08:01:20,91282CLD1,TSRYS5850288,D,S,C,2024-08-14,9950000.00,3.835849,101.75
08:01:20,91282CLD1,TSRYS5850288,D,S,D,2024-08-14,1000000.00,3.71254,102.5078125
08:01:20,91282CLD1,TSRYS5850288,D,S,D,2024-08-14,2000000.00,3.71254,102.5078125
08:01:20,91282CLD1,TSRYS5850288,D,B,C,2024-08-14,1000000.00,3.71254,102.5078125
08:01:20,91282CLD1,TSRYS5850288,D,S,D,2024-08-14,1000000.00,3.71254,102.5078125
08:01:20,91282CLD1,TSRYS5850288,D,B,C,2024-08-14,9950000.00,3.835849,101.75
08:01:21,91282CLD1,TSRYS5850288,D,B,C,2024-08-14,1000000.00,3.73756,102.35351562
08:01:22,91282CLD1,TSRYS5850288,D,S,D,2024-08-14,1000000.00,3.735342,102.3671875
08:01:22,91282CLD1,TSRYS5850288,D,S,D,2024-08-14,1000000.00,3.735342,102.3671875
08:01:22,91282CLD1,TSRYS5850288,D,B,C,2024-08-14,3000000.00,3.731539,102.390625
08:01:22,91282CLD1,TSRYS5850288,D,B,C,2024-08-14,2000000.00,3.731539,102.390625
08:01:23,91282CLD1,TSRYS5850288,D,S,D,2024-08-14,15000000.00,3.735265,102.36766
08:01:23,91282CLD1,TSRYS5850288,D,B,C,2024-08-14,1000000.00,3.741048,102.33203125
08:01:24,91282CLD1,TSRYS5850288,D,S,D,2024-08-14,1000000.00,3.734074,102.375
08:01:24,91282CLD1,TSRYS5850288,D,S,D,2024-08-14,1000000.00,3.734074,102.375
08:01:24,91282CLD1,TSRYS5850288,D,B,C,2024-08-14,1000000.00,3.732489,102.384765625
08:01:24,91282CLD1,TSRYS5850288,D,S,D,2024-08-14,1000000.00,3.732489,102.384765625
08:01:25,91282CLD1,TSRYS5850288,D,S,T,2024-08-14,1000000.00,3.729004,102.40625
08:01:25,91282CLD1,TSRYS5850288,D,S,T,2024-08-14,2000000.00,3.730588,102.39648437
08:01:25,91282CLD1,TSRYS5850288,D,S,T,2024-08-14,1000000.00,3.725836,102.42578125
08:01:25,91282CLD1,TSRYS5850288,D,S,T,2024-08-14,1000000.00,3.725836,102.42578125
08:01:25,91282CLD1,TSRYS5850288,D,S,D,2024-08-14,1000000.00,3.725836,102.42578125
08:01:25,91282CLD1,TSRYS5850288,D,S,T,2024-08-14,2000000.00,3.725836,102.42578125
08:01:25,91282CLD1,TSRYS5850288,D,S,T,2024-08-14,1000000.00,3.725227,102.4295375
08:01:25,91282CLD1,TSRYS5850288,D,S,T,2024-08-14,1000000.00,3.725227,102.4295375
08:01:25,91282CLD1,TSRYS5850288,D,S,T,2024-08-14,1000000.00,3.725227,102.4295375
08:01:25,91282CLD1,TSRYS5850288,D,S,T,2024-08-14,1000000.00,3.725227,102.4295375
08:01:25,91282CLD1,TSRYS5850288,D,S,T,2024-08-14,1000000.00,3.725227,102.4295375
08:01:25,91282CLD1,TSRYS5850288,D,S,T,2024-08-14,1000000.00,3.726494,102.421725
08:01:25,91282CLD1,TSRYS5850288,D,S,T,2024-08-14,1000000.00,3.727737,102.4140625
08:01:25,91282CLD1,TSRYS5850288,D,S,T,2024-08-14,1000000.00,3.727737,102.4140625
08:01:26,91282CLD1,TSRYS5850288,D,B,C,2024-08-14,3000000.00,3.731222,102.39257812
08:01:26,91282CLD1,TSRYS5850288,D,B,C,2024-08-14,2000000.00,3.731222,102.39257812
08:01:27,91282CLD1,TSRYS5850288,D,S,D,2024-08-14,1000000.00,3.713489,102.501953125
08:01:27,91282CLD1,TSRYS5850288,D,S,T,2024-08-14,1000000.00,3.71254,102.5078125
08:01:27,91282CLD1,TSRYS5850288,D,S,T,2024-08-14,1000000.00,3.712588,102.5075125
08:01:28,91282CLD1,TSRYS5850288,D,B,C,2024-08-14,1000000.00,3.732173,102.38671875
08:01:28,91282CLD1,TSRYS5850288,D,B,C,2024-08-14,2000000.00,3.732173,102.38671875
08:01:28,91282CLD1,TSRYS5850288,D,S,D,2024-08-14,24000000.00,3.731747,102.38934
08:01:29,91282CLD1,TSRYS5850288,D,S,C,2024-08-14,1000000.00,3.729638,102.40234375
08:01:29,91282CLD1,TSRYS5850288,D,S,C,2024-08-14,1000000.00,3.729638,102.40234375
08:01:29,91282CLD1,TSRYS5850288,D,S,C,2024-08-14,1000000.00,3.729321,102.40429687
08:01:29,91282CLD1,TSRYS5850288,D,S,D,2024-08-14,1000000.00,3.712223,102.509765625
08:01:29,91282CLD1,TSRYS5850288,D,S,D,2024-08-14,1000000.00,3.712223,102.509765625
08:01:29,91282CLD1,TSRYS5850288,D,S,D,2024-08-14,1000000.00,3.712223,102.509765625
08:01:29,91282CLD1,TSRYS5850288,D,S,D,2024-08-14,1000000.00,3.712223,102.509765625
08:01:29,91282CLD1,TSRYS5850288,D,S,D,2024-08-14,1000000.00,3.712223,102.509765625
08:01:29,91282CLD1,TSRYS5850288,D,S,D,2024-08-14,1000000.00,3.712223,102.509765625
08:01:29,91282CLD1,TSRYS5850288,D,S,D,2024-08-14,1000000.00,3.712223,102.509765625
08:01:29,91282CLD1,TSRYS5850288,D,S,C,2024-08-14,1000000.00,3.729638,102.40234375
08:01:29,91282CLD1,TSRYS5850288,D,S,T,2024-08-14,1000000.00,3.712856,102.50585937
08:01:29,91282CLD1,TSRYS5850288,D,S,T,2024-08-14,2000000.00,3.713489,102.50195312
08:01:29,91282CLD1,TSRYS5850288,D,S,T,2024-08-14,1000000.00,3.713489,102.50195312
08:01:29,91282CLD1,TSRYS5850288,D,S,T,2024-08-14,1000000.00,3.71254,102.5078125
08:01:29,91282CLD1,TSRYS5850288,D,S,T,2024-08-14,1000000.00,3.71254,102.5078125
08:01:29,91282CLD1,TSRYS5850288,D,S,T,2024-08-14,1000000.00,3.71254,102.5078125
08:01:30,91282CLD1,TSRYS5850288,D,S,T,2024-08-14,1000000.00,3.71254,102.5078125
08:01:30,91282CLD1,TSRYS5850288,D,S,T,2024-08-14,1000000.00,3.71254,102.5078125
08:01:30,91282CLD1,TSRYS5850288,D,S,T,2024-08-14,1000000.00,3.712564,102.5076625
08:01:30,91282CLD1,TSRYS5850288,D,S,T,2024-08-14,1000000.00,3.71254,102.5078125
08:01:30,91282CLD1,TSRYS5850288,D,S,T,2024-08-14,1000000.00,3.71254,102.5078125
08:01:30,91282CLD1,TSRYS5850288,D,S,T,2024-08-14,1000000.00,3.71254,102.5078125
08:01:30,91282CLD1,TSRYS5850288,D,S,T,2024-08-14,3000000.00,3.712856,102.50585937
08:01:30,91282CLD1,TSRYS5850288,D,S,T,2024-08-14,1000000.00,3.71254,102.5078125
08:01:30,91282CLD1,TSRYS5850288,D,S,D,2024-08-14,1000000.00,3.713806,102.5
08:01:30,91282CLD1,TSRYS5850288,D,S,T,2024-08-14,1000000.00,3.713806,102.5
08:01:30,91282CLD1,TSRYS5850288,D,B,C,2024-08-14,1000000.00,3.741365,102.33007812
08:01:30,91282CLD1,TSRYS5850288,D,S,T,2024-08-14,1000000.00,3.71383,102.49985
08:01:30,91282CLD1,TSRYS5850288,D,S,D,2024-08-14,1000000.00,3.71254,102.5078125
08:01:30,91282CLD1,TSRYS5850288,D,S,T,2024-08-14,1000000.00,3.71254,102.5078125
08:01:31,91282CLD1,TSRYS5850288,D,S,T,2024-08-14,1000000.00,3.712564,102.5076625
08:01:31,91282CLD1,TSRYS5850288,D,B,C,2024-08-14,1000000.00,3.741048,102.33203125
08:01:31,91282CLD1,TSRYS5850288,D,S,T,2024-08-14,2000000.00,3.711907,102.51171875
08:01:31,91282CLD1,TSRYS5850288,D,S,T,2024-08-14,1000000.00,3.711907,102.51171875
08:01:32,91282CLD1,TSRYS5850288,D,S,T,2024-08-14,1000000.00,3.711274,102.515625
08:01:32,91282CLD1,TSRYS5850288,D,S,T,2024-08-14,1000000.00,3.711274,102.515625
08:01:32,91282CLD1,TSRYS5850288,D,S,T,2024-08-14,1000000.00,3.711274,102.515625
08:01:32,91282CLD1,TSRYS5850288,D,S,T,2024-08-14,1000000.00,3.712564,102.5076625
08:01:32,91282CLD1,TSRYS5850288,D,S,T,2024-08-14,1000000.00,3.712564,102.5076625
08:01:32,91282CLD1,TSRYS5850288,D,S,T,2024-08-14,1000000.00,3.712564,102.5076625
08:01:32,91282CLD1,TSRYS5850288,D,S,T,2024-08-14,1000000.00,3.712564,102.5076625
08:01:32,91282CLD1,TSRYS5850288,D,S,T,2024-08-14,1000000.00,3.712564,102.5076625
08:01:32,91282CLD1,TSRYS5850288,D,S,T,2024-08-14,1000000.00,3.712564,102.5076625
08:01:32,91282CLD1,TSRYS5850288,D,S,T,2024-08-14,1000000.00,3.712564,102.5076625
08:01:32,91282CLD1,TSRYS5850288,D,S,D,2024-08-14,24000000.00,3.712725,102.50667
08:01:32,91282CLD1,TSRYS5850288,D,S,D,2024-08-14,4000000.00,3.733757,102.376953125
08:01:32,91282CLD1,TSRYS5850288,D,B,C,2024-08-14,4000000.00,3.733757,102.376953125
08:01:32,91282CLD1,TSRYS5850288,D,S,D,2024-08-14,1000000.00,3.733757,102.376953125
08:01:32,91282CLD1,TSRYS5850288,D,B,C,2024-08-14,1000000.00,3.733757,102.376953125
08:01:32,91282CLD1,TSRYS5850288,D,S,D,2024-08-14,1000000.00,3.733757,102.376953125
08:01:32,91282CLD1,TSRYS5850288,D,B,C,2024-08-14,1000000.00,3.733757,102.376953125
08:01:32,91282CLD1,TSRYS5850288,D,S,C,2024-08-14,1000000.00,3.734074,102.375
08:01:33,91282CLD1,TSRYS5850288,D,S,D,2024-08-14,3000000.00,3.733757,102.376953125
08:01:33,91282CLD1,TSRYS5850288,D,S,D,2024-08-14,2000000.00,3.734708,102.37109375
08:01:33,91282CLD1,TSRYS5850288,D,S,T,2024-08-14,1000000.00,3.710325,102.52148437
08:01:33,91282CLD1,TSRYS5850288,D,S,T,2024-08-14,1000000.00,3.710325,102.52148437
08:01:33,91282CLD1,TSRYS5850288,D,S,T,2024-08-14,3000000.00,3.707794,102.53710937
08:01:33,91282CLD1,TSRYS5850288,D,B,C,2024-08-14,1000000.00,3.734074,102.375
08:01:33,91282CLD1,TSRYS5850288,D,B,C,2024-08-14,1000000.00,3.734074,102.375
08:01:33,91282CLD1,TSRYS5850288,D,S,T,2024-08-14,1000000.00,3.734391,102.37304687
08:01:34,91282CLD1,TSRYS5850288,D,S,T,2024-08-14,2000000.00,3.712223,102.50976562
08:01:34,91282CLD1,TSRYS5850288,D,S,D,2024-08-14,1000000.00,3.712223,102.50976562
08:01:34,91282CLD1,TSRYS5850288,D,S,T,2024-08-14,3000000.00,3.711907,102.51171875
08:01:34,91282CLD1,TSRYS5850288,D,S,T,2024-08-14,2000000.00,3.71159,102.51367187
08:01:34,91282CLD1,TSRYS5850288,D,S,A,2024-08-14,1000000.00,3.730905,102.39453125
08:01:34,91282CLD1,TSRYS5850288,D,S,T,2024-08-14,2000000.00,3.71159,102.51367187
08:01:34,91282CLD1,TSRYS5850288,D,S,T,2024-08-14,1000000.00,3.71159,102.51367187
08:01:34,91282CLD1,TSRYS5850288,D,S,C,2024-08-14,1000000.00,3.729638,102.40234375
08:01:34,91282CLD1,TSRYS5850288,D,S,T,2024-08-14,1000000.00,3.71159,102.51367187
08:01:34,91282CLD1,TSRYS5850288,D,S,T,2024-08-14,1000000.00,3.71159,102.51367187
08:01:34,91282CLD1,TSRYS5850288,D,S,T,2024-08-14,3000000.00,3.71159,102.51367187
08:01:34,91282CLD1,TSRYS5850288,D,S,T,2024-08-14,1000000.00,3.71159,102.51367187
08:01:34,91282CLD1,TSRYS5850288,D,S,T,2024-08-14,1000000.00,3.71159,102.51367187
08:01:34,91282CLD1,TSRYS5850288,D,S,T,2024-08-14,1000000.00,3.71159,102.51367187
08:01:34,91282CLD1,TSRYS5850288,D,S,T,2024-08-14,1000000.00,3.71159,102.51367187
08:01:34,91282CLD1,TSRYS5850288,D,S,T,2024-08-14,2000000.00,3.71159,102.51367187
08:01:34,91282CLD1,TSRYS5850288,D,S,T,2024-08-14,1000000.00,3.71159,102.51367187
08:01:34,91282CLD1,TSRYS5850288,D,S,T,2024-08-14,2000000.00,3.71159,102.51367187
08:01:34,91282CLD1,TSRYS5850288,D,S,T,2024-08-14,1000000.00,3.71159,102.51367187
08:01:34,91282CLD1,TSRYS5850288,D,S,T,2024-08-14,2000000.00,3.71159,102.51367187
08:01:34,91282CLD1,TSRYS5850288,D,S,T,2024-08-14,2000000.00,3.71159,102.51367187
08:01:34,91282CLD1,TSRYS5850288,D,S,T,2024-08-14,1000000.00,3.71159,102.51367187
08:01:34,91282CLD1,TSRYS5850288,D,S,T,2024-08-14,2000000.00,3.71159,102.51367187
08:01:34,91282CLD1,TSRYS5850288,D,S,T,2024-08-14,1000000.00,3.71159,102.51367187
08:01:34,91282CLD1,TSRYS5850288,D,S,T,2024-08-14,2000000.00,3.71159,102.51367187
08:01:34,91282CLD1,TSRYS5850288,D,S,T,2024-08-14,2000000.00,3.71159,102.51367187
08:01:34,91282CLD1,TSRYS5850288,D,S,T,2024-08-14,1000000.00,3.71159,102.51367187
08:01:35,91282CLD1,TSRYS5850288,D,S,T,2024-08-14,1000000.00,3.71159,102.51367187
08:01:35,91282CLD1,TSRYS5850288,D,S,T,2024-08-14,2000000.00,3.71159,102.51367187
08:01:35,91282CLD1,TSRYS5850288,D,S,T,2024-08-14,1000000.00,3.710641,102.51953125
08:01:35,91282CLD1,TSRYS5850288,D,S,T,2024-08-14,1000000.00,3.710641,102.51953125
08:01:35,91282CLD1,TSRYS5850288,D,S,T,2024-08-14,1000000.00,3.710641,102.51953125
08:01:35,91282CLD1,TSRYS5850288,D,S,T,2024-08-14,3000000.00,3.710641,102.51953125
08:01:35,91282CLD1,TSRYS5850288,D,S,T,2024-08-14,1000000.00,3.711274,102.515625
08:01:35,91282CLD1,TSRYS5850288,D,S,D,2024-08-14,1000000.00,3.711274,102.515625
08:01:35,91282CLD1,TSRYS5850288,D,S,T,2024-08-14,1000000.00,3.711274,102.515625
08:01:35,91282CLD1,TSRYS5850288,D,S,D,2024-08-14,1000000.00,3.711274,102.515625
08:01:35,91282CLD1,TSRYS5850288,D,S,D,2024-08-14,2000000.00,3.711274,102.515625
08:01:35,91282CLD1,TSRYS5850288,D,S,D,2024-08-14,1000000.00,3.711274,102.515625
08:01:35,91282CLD1,TSRYS5850288,D,S,T,2024-08-14,1000000.00,3.711298,102.515475
08:01:35,91282CLD1,TSRYS5850288,D,S,T,2024-08-14,1000000.00,3.711298,102.515475
08:01:35,91282CLD1,TSRYS5850288,D,S,T,2024-08-14,1000000.00,3.711298,102.515475
08:01:35,91282CLD1,TSRYS5850288,D,S,T,2024-08-14,1000000.00,3.737899,102.3514325
08:01:35,91282CLD1,TSRYS5850288,D,S,T,2024-08-14,1000000.00,3.737899,102.3514325
08:01:35,91282CLD1,TSRYS5850288,D,S,D,2024-08-14,1000000.00,3.711274,102.515625
08:01:35,91282CLD1,TSRYS5850288,D,S,T,2024-08-14,1000000.00,3.711274,102.515625
08:01:35,91282CLD1,TSRYS5850288,D,S,T,2024-08-14,1000000.00,3.711298,102.515475
08:01:35,91282CLD1,TSRYS5850288,D,S,T,2024-08-14,1000000.00,3.737899,102.3514325
08:01:35,91282CLD1,TSRYS5850288,D,S,T,2024-08-14,1000000.00,3.711298,102.515475
08:01:35,91282CLD1,TSRYS5850288,D,S,D,2024-08-14,1000000.00,3.71159,102.51367187
08:01:35,91282CLD1,TSRYS5850288,D,S,T,2024-08-14,1000000.00,3.71256,102.5076875
08:01:35,91282CLD1,TSRYS5850288,D,S,T,2024-08-14,1000000.00,3.71159,102.51367187
08:01:35,91282CLD1,TSRYS5850288,D,S,D,2024-08-14,1000000.00,3.711907,102.51171875
08:01:35,91282CLD1,TSRYS5850288,D,S,T,2024-08-14,1000000.00,3.71159,102.51367187
08:01:35,91282CLD1,TSRYS5850288,D,S,T,2024-08-14,1000000.00,3.71159,102.51367187
08:01:35,91282CLD1,TSRYS5850288,D,S,T,2024-08-14,1000000.00,3.712876,102.505734375
08:01:35,91282CLD1,TSRYS5850288,D,B,C,2024-08-14,1000000.00,3.734074,102.375
08:01:36,91282CLD1,TSRYS5850288,D,B,C,2024-08-14,1000000.00,3.741365,102.33007812
08:01:36,91282CLD1,TSRYS5850288,D,S,T,2024-08-14,1000000.00,3.71254,102.5078125
08:01:36,91282CLD1,TSRYS5850288,D,S,T,2024-08-14,1000000.00,3.71254,102.5078125
08:01:36,91282CLD1,TSRYS5850288,D,B,C,2024-08-14,1000000.00,3.730905,102.39453125
08:01:36,91282CLD1,TSRYS5850288,D,S,T,2024-08-14,1000000.00,3.712856,102.505859375
08:01:36,91282CLD1,TSRYS5850288,D,S,T,2024-08-14,1000000.00,3.71254,102.5078125
08:01:36,91282CLD1,TSRYS5850288,D,B,C,2024-08-14,1000000.00,3.730588,102.39648437
08:01:36,91282CLD1,TSRYS5850288,D,S,T,2024-08-14,1000000.00,3.711907,102.51171875
08:01:36,91282CLD1,TSRYS5850288,D,S,T,2024-08-14,2000000.00,3.711907,102.51171875
08:01:36,91282CLD1,TSRYS5850288,D,S,T,2024-08-14,1000000.00,3.71254,102.5078125
08:01:36,91282CLD1,TSRYS5850288,D,S,T,2024-08-14,1000000.00,3.712856,102.505859375
08:01:36,91282CLD1,TSRYS5850288,D,S,T,2024-08-14,1000000.00,3.71254,102.5078125
08:01:36,91282CLD1,TSRYS5850288,D,S,D,2024-08-14,1000000.00,3.71254,102.5078125
08:01:36,91282CLD1,TSRYS5850288,D,B,C,2024-08-14,1000000.00,3.732489,102.38476562
08:01:36,91282CLD1,TSRYS5850288,D,S,T,2024-08-14,1000000.00,3.71254,102.5078125
08:01:36,91282CLD1,TSRYS5850288,D,S,D,2024-08-14,2000000.00,3.71254,102.5078125
08:01:36,91282CLD1,TSRYS5850288,D,B,C,2024-08-14,1000000.00,3.732489,102.38476562
08:01:36,91282CLD1,TSRYS5850288,D,S,T,2024-08-14,1000000.00,3.712564,102.5076625
08:01:36,91282CLD1,TSRYS5850288,D,S,T,2024-08-14,1000000.00,3.712577,102.5075855
08:01:36,91282CLD1,TSRYS5850288,D,S,T,2024-08-14,1000000.00,3.71254,102.5078125
08:01:36,91282CLD1,TSRYS5850288,D,B,C,2024-08-14,1000000.00,3.732489,102.38476562
08:01:36,91282CLD1,TSRYS5850288,D,S,T,2024-08-14,1000000.00,3.71254,102.5078125
08:01:36,91282CLD1,TSRYS5850288,D,B,C,2024-08-14,1000000.00,3.732489,102.38476562
08:01:36,91282CLD1,TSRYS5850288,D,S,T,2024-08-14,1000000.00,3.71254,102.5078125
08:01:36,91282CLD1,TSRYS5850288,D,B,C,2024-08-14,1000000.00,3.732489,102.38476562
08:01:36,91282CLD1,TSRYS5850288,D,S,T,2024-08-14,3000000.00,3.71254,102.5078125
08:01:36,91282CLD1,TSRYS5850288,D,S,T,2024-08-14,1000000.00,3.712577,102.5075855
08:01:36,91282CLD1,TSRYS5850288,D,S,T,2024-08-14,2000000.00,3.71254,102.5078125
08:01:36,91282CLD1,TSRYS5850288,D,S,T,2024-08-14,1000000.00,3.71254,102.5078125
08:01:36,91282CLD1,TSRYS5850288,D,S,T,2024-08-14,1000000.00,3.71254,102.5078125
08:01:36,91282CLD1,TSRYS5850288,D,S,T,2024-08-14,1000000.00,3.71254,102.5078125
08:01:36,91282CLD1,TSRYS5850288,D,S,T,2024-08-14,2000000.00,3.712223,102.50976562
08:01:36,91282CLD1,TSRYS5850288,D,S,T,2024-08-14,1000000.00,3.71254,102.5078125
08:01:36,91282CLD1,TSRYS5850288,D,S,T,2024-08-14,1000000.00,3.71254,102.5078125
08:01:36,91282CLD1,TSRYS5850288,D,S,T,2024-08-14,1000000.00,3.71254,102.5078125
08:01:37,91282CLD1,TSRYS5850288,D,S,T,2024-08-14,2000000.00,3.712223,102.50976562
08:01:37,91282CLD1,TSRYS5850288,D,S,D,2024-08-14,2000000.00,3.729004,102.40625
08:01:37,91282CLD1,TSRYS5850288,D,S,D,2024-08-14,2000000.00,3.729004,102.40625
08:01:37,91282CLD1,TSRYS5850288,D,S,D,2024-08-14,2000000.00,3.729004,102.40625
08:01:39,91282CLD1,TSRYS5850288,D,S,D,2024-08-14,760000.00,3.713806,102.5
08:01:39,91282CLD1,TSRYS5850288,D,S,T,2024-08-14,1000000.00,3.734391,102.37304687
08:01:39,91282CLD1,TSRYS5850288,D,B,A,2024-08-14,5000000.00,3.725242,102.42578125
08:01:39,91282CLD1,TSRYS5850288,D,S,C,2024-08-14,34000000.00,3.733639,102.37768
08:01:39,91282CLD1,TSRYS5850288,D,S,T,2024-08-14,1000000.00,3.713806,102.5
08:01:39,91282CLD1,TSRYS5850288,D,S,D,2024-08-14,1000000.00,3.711274,102.515625
08:01:41,91282CLD1,TSRYS5850288,D,B,C,2024-08-14,1000000.00,3.741048,102.33203125
