tradeTime,cusip,issueSymbolIdentifier,priceType,reportingSideCode,contraPartyTypeCode,tradeDate,reportedTradeVolume,lastSaleYield,lastSalePrice
08:00:08,91282CKF7,TSRYS5774875,D,S,T,2024-04-11,1000000.00,4.571604,97.359375
08:00:08,91282CKF7,TSRYS5774875,D,S,T,2024-04-11,1000000.00,4.568919,97.375
08:00:08,91282CKF7,TSRYS5774875,D,S,D,2024-04-11,2000000.00,4.566234,97.390625
08:00:08,91282CKF7,TSRYS5774875,D,S,D,2024-04-11,1000000.00,4.562879,97.41015625
08:00:08,91282CKF7,TSRYS5774875,D,S,D,2024-04-11,1000000.00,4.568919,97.375
08:00:08,91282CKF7,TSRYS5774875,D,S,T,2024-04-11,2000000.00,4.571604,97.359375
08:00:08,91282CKF7,TSRYS5774875,D,S,T,2024-04-11,2000000.00,4.571604,97.359375
08:00:11,91282CKF7,TSRYS5774875,D,S,D,2024-04-11,1000000.00,4.591088,97.24609375
08:00:11,91282CKF7,TSRYS5774875,D,S,T,2024-04-11,2000000.00,4.588399,97.26171875
08:00:11,91282CKF7,TSRYS5774875,D,S,T,2024-04-11,1000000.00,4.588399,97.26171875
08:00:11,91282CKF7,TSRYS5774875,D,S,D,2024-04-11,1000000.00,4.595458,97.220703125
08:00:11,91282CKF7,TSRYS5774875,D,S,D,2024-04-11,2000000.00,4.595122,97.22265625
08:00:11,91282CKF7,TSRYS5774875,D,S,D,2024-04-11,2000000.00,4.600167,97.193359375
08:00:11,91282CKF7,TSRYS5774875,D,S,D,2024-04-11,1000000.00,4.601512,97.185546875
08:00:11,91282CKF7,TSRYS5774875,D,S,T,2024-04-11,1000000.00,4.599494,97.197265625
08:00:11,91282CKF7,TSRYS5774875,D,S,T,2024-04-11,1000000.00,4.601176,97.1875
08:00:11,91282CKF7,TSRYS5774875,D,S,T,2024-04-11,1000000.00,4.601512,97.185546875
08:00:11,91282CKF7,TSRYS5774875,D,S,D,2024-04-11,1000000.00,4.581007,97.3046875
08:00:11,91282CKF7,TSRYS5774875,D,S,D,2024-04-11,2000000.00,4.581007,97.3046875
08:00:11,91282CKF7,TSRYS5774875,D,S,D,2024-04-11,1000000.00,4.58235,97.296875
08:00:11,91282CKF7,TSRYS5774875,D,S,D,2024-04-11,1000000.00,4.57832,97.3203125
08:00:11,91282CKF7,TSRYS5774875,D,S,D,2024-04-11,1000000.00,4.57832,97.3203125
08:00:11,91282CKF7,TSRYS5774875,D,S,D,2024-04-11,2000000.00,4.57832,97.3203125
08:00:12,91282CKF7,TSRYS5774875,D,S,D,2024-04-11,1000000.00,4.589743,97.25390625
08:00:12,91282CKF7,TSRYS5774875,D,B,C,2024-04-11,1000000.00,4.589743,97.25390625
08:00:12,91282CKF7,TSRYS5774875,D,B,C,2024-04-11,2000000.00,4.589743,97.25390625
08:00:12,91282CKF7,TSRYS5774875,D,S,C,2024-04-11,2000000.00,4.597812,97.20703125
08:00:12,91282CKF7,TSRYS5774875,D,B,C,2024-04-11,2000000.00,4.599158,97.19921875
08:00:12,91282CKF7,TSRYS5774875,D,S,D,2024-04-11,1000000.00,4.604877,97.166015625
08:00:22,91282CKF7,TSRYS5774875,D,S,D,2024-04-11,1000000.00,4.575969,97.333984375
08:00:22,91282CKF7,TSRYS5774875,D,S,D,2024-04-11,1000000.00,4.575969,97.333984375
08:00:22,91282CKF7,TSRYS5774875,D,S,D,2024-04-11,1000000.00,4.575633,97.3359375
08:00:22,91282CKF7,TSRYS5774875,D,S,D,2024-04-11,1000000.00,4.575633,97.3359375
08:00:22,91282CKF7,TSRYS5774875,D,S,D,2024-04-11,1000000.00,4.575633,97.3359375
08:00:22,91282CKF7,TSRYS5774875,D,S,D,2024-04-11,1000000.00,4.595122,97.22265625
08:00:23,91282CKF7,TSRYS5774875,D,S,D,2024-04-11,1000000.00,4.595795,97.21875
08:00:23,91282CKF7,TSRYS5774875,D,S,D,2024-04-11,1000000.00,4.595795,97.21875
08:00:23,91282CKF7,TSRYS5774875,D,S,D,2024-04-11,1000000.00,4.595795,97.21875
08:00:23,91282CKF7,TSRYS5774875,D,S,D,2024-04-11,1000000.00,4.596131,97.216796875
08:00:23,91282CKF7,TSRYS5774875,D,S,D,2024-04-11,1000000.00,4.596131,97.216796875
08:00:23,91282CKF7,TSRYS5774875,D,S,D,2024-04-11,1000000.00,4.596131,97.216796875
08:00:23,91282CKF7,TSRYS5774875,D,S,D,2024-04-11,1000000.00,4.596131,97.216796875
08:00:23,91282CKF7,TSRYS5774875,D,S,D,2024-04-11,1000000.00,4.595795,97.21875
08:00:23,91282CKF7,TSRYS5774875,D,S,D,2024-04-11,1000000.00,4.596131,97.216796875
08:00:23,91282CKF7,TSRYS5774875,D,S,D,2024-04-11,1000000.00,4.596131,97.216796875
08:00:24,91282CKF7,TSRYS5774875,D,S,D,2024-04-11,1000000.00,4.596467,97.21484375
08:00:24,91282CKF7,TSRYS5774875,D,S,D,2024-04-11,3000000.00,4.596804,97.212890625
08:00:24,91282CKF7,TSRYS5774875,D,S,D,2024-04-11,1000000.00,4.580335,97.30859375
08:00:24,91282CKF7,TSRYS5774875,D,S,D,2024-04-11,1000000.00,4.579999,97.310546875
08:00:24,91282CKF7,TSRYS5774875,D,S,D,2024-04-11,1000000.00,4.579999,97.310546875
08:00:24,91282CKF7,TSRYS5774875,D,S,D,2024-04-11,1000000.00,4.578991,97.31640625
08:00:24,91282CKF7,TSRYS5774875,D,S,D,2024-04-11,1000000.00,4.57832,97.3203125
08:00:24,91282CKF7,TSRYS5774875,D,S,D,2024-04-11,1000000.00,4.57832,97.3203125
08:00:24,91282CKF7,TSRYS5774875,D,S,D,2024-04-11,1000000.00,4.57832,97.3203125
08:00:24,91282CKF7,TSRYS5774875,D,S,D,2024-04-11,1000000.00,4.57832,97.3203125
08:00:24,91282CKF7,TSRYS5774875,D,S,D,2024-04-11,1000000.00,4.577984,97.322265625
08:00:24,91282CKF7,TSRYS5774875,D,S,D,2024-04-11,1000000.00,4.577984,97.322265625
08:00:25,91282CKF7,TSRYS5774875,D,S,D,2024-04-11,1000000.00,4.577648,97.32421875
08:00:25,91282CKF7,TSRYS5774875,D,S,D,2024-04-11,1000000.00,4.577648,97.32421875
08:00:25,91282CKF7,TSRYS5774875,D,S,D,2024-04-11,1000000.00,4.577648,97.32421875
08:00:27,91282CKF7,TSRYS5774875,D,S,T,2024-04-11,1000000.00,4.587727,97.265625
08:00:28,91282CKF7,TSRYS5774875,D,S,D,2024-04-11,1000000.00,4.56959,97.37109375
08:00:28,91282CKF7,TSRYS5774875,D,S,T,2024-04-11,1000000.00,4.57194,97.357421875
08:00:28,91282CKF7,TSRYS5774875,D,S,D,2024-04-11,1000000.00,4.571604,97.359375
08:00:28,91282CKF7,TSRYS5774875,D,S,T,2024-04-11,1000000.00,4.571604,97.359375
08:00:28,91282CKF7,TSRYS5774875,D,S,T,2024-04-11,1000000.00,4.576976,97.328125
08:00:28,91282CKF7,TSRYS5774875,D,S,D,2024-04-11,1000000.00,4.575633,97.3359375
08:00:28,91282CKF7,TSRYS5774875,D,S,D,2024-04-11,1000000.00,4.575633,97.3359375
08:00:28,91282CKF7,TSRYS5774875,D,S,D,2024-04-11,1000000.00,4.577648,97.32421875
08:00:28,91282CKF7,TSRYS5774875,D,S,T,2024-04-11,1000000.00,4.601176,97.1875
08:00:28,91282CKF7,TSRYS5774875,D,S,T,2024-04-11,1000000.00,4.600503,97.19140625
08:00:28,91282CKF7,TSRYS5774875,D,S,T,2024-04-11,1000000.00,4.585038,97.28125
08:00:28,91282CKF7,TSRYS5774875,D,S,T,2024-04-11,1000000.00,4.587727,97.265625
08:00:28,91282CKF7,TSRYS5774875,D,S,T,2024-04-11,1000000.00,4.593105,97.234375
08:00:28,91282CKF7,TSRYS5774875,D,S,T,2024-04-11,1000000.00,4.593105,97.234375
08:00:28,91282CKF7,TSRYS5774875,D,S,T,2024-04-11,1000000.00,4.603867,97.171875
08:00:28,91282CKF7,TSRYS5774875,D,S,T,2024-04-11,1000000.00,4.603867,97.171875
08:00:30,91282CKF7,TSRYS5774875,D,S,T,2024-04-11,1000000.00,4.58235,97.296875
08:00:30,91282CKF7,TSRYS5774875,D,S,T,2024-04-11,1000000.00,4.57429,97.34375
08:00:30,91282CKF7,TSRYS5774875,D,S,T,2024-04-11,1000000.00,4.576305,97.33203125
08:00:30,91282CKF7,TSRYS5774875,D,S,T,2024-04-11,1000000.00,4.575969,97.333984375
08:00:30,91282CKF7,TSRYS5774875,D,S,T,2024-04-11,1000000.00,4.590415,97.25
08:00:30,91282CKF7,TSRYS5774875,D,S,T,2024-04-11,1000000.00,4.593105,97.234375
08:00:30,91282CKF7,TSRYS5774875,D,S,T,2024-04-11,1000000.00,4.593105,97.234375
08:00:30,91282CKF7,TSRYS5774875,D,S,T,2024-04-11,1000000.00,4.593105,97.234375
08:00:30,91282CKF7,TSRYS5774875,D,S,T,2024-04-11,1000000.00,4.593105,97.234375
08:00:30,91282CKF7,TSRYS5774875,D,S,T,2024-04-11,1000000.00,4.595795,97.21875
08:00:30,91282CKF7,TSRYS5774875,D,S,T,2024-04-11,1000000.00,4.595795,97.21875
08:00:30,91282CKF7,TSRYS5774875,D,S,T,2024-04-11,1000000.00,4.595795,97.21875
08:00:30,91282CKF7,TSRYS5774875,D,S,T,2024-04-11,1000000.00,4.595795,97.21875
08:00:30,91282CKF7,TSRYS5774875,D,S,T,2024-04-11,1000000.00,4.596467,97.21484375
08:00:30,91282CKF7,TSRYS5774875,D,S,T,2024-04-11,1000000.00,4.595795,97.21875
08:00:30,91282CKF7,TSRYS5774875,D,S,T,2024-04-11,1000000.00,4.593105,97.234375
08:00:30,91282CKF7,TSRYS5774875,D,S,T,2024-04-11,1000000.00,4.593105,97.234375
08:00:30,91282CKF7,TSRYS5774875,D,S,T,2024-04-11,1000000.00,4.590415,97.25
08:00:30,91282CKF7,TSRYS5774875,D,S,D,2024-04-11,1000000.00,4.588735,97.259765625
08:00:30,91282CKF7,TSRYS5774875,D,S,T,2024-04-11,1000000.00,4.587727,97.265625
08:00:30,91282CKF7,TSRYS5774875,D,S,D,2024-04-11,1000000.00,4.588735,97.259765625
08:00:30,91282CKF7,TSRYS5774875,D,S,D,2024-04-11,1000000.00,4.588735,97.259765625
08:00:30,91282CKF7,TSRYS5774875,D,S,T,2024-04-11,1000000.00,4.585038,97.28125
08:00:30,91282CKF7,TSRYS5774875,D,S,T,2024-04-11,1000000.00,4.585038,97.28125
08:00:30,91282CKF7,TSRYS5774875,D,S,T,2024-04-11,1000000.00,4.581007,97.3046875
08:00:30,91282CKF7,TSRYS5774875,D,S,T,2024-04-11,1000000.00,4.577984,97.322265625
08:00:30,91282CKF7,TSRYS5774875,D,S,T,2024-04-11,1000000.00,4.579663,97.3125
08:00:30,91282CKF7,TSRYS5774875,D,S,D,2024-04-11,1000000.00,4.577984,97.322265625
08:00:30,91282CKF7,TSRYS5774875,D,S,T,2024-04-11,1000000.00,4.574626,97.341796875
08:00:30,91282CKF7,TSRYS5774875,D,S,T,2024-04-11,1000000.00,4.571604,97.359375
08:00:30,91282CKF7,TSRYS5774875,D,S,T,2024-04-11,1000000.00,4.570261,97.3671875
08:00:30,91282CKF7,TSRYS5774875,D,S,T,2024-04-11,1000000.00,4.570261,97.3671875
08:00:30,91282CKF7,TSRYS5774875,D,S,T,2024-04-11,1000000.00,4.567576,97.3828125
08:00:30,91282CKF7,TSRYS5774875,D,S,T,2024-04-11,1000000.00,4.568919,97.375
08:00:30,91282CKF7,TSRYS5774875,D,S,T,2024-04-11,1000000.00,4.570261,97.3671875
08:00:30,91282CKF7,TSRYS5774875,D,S,T,2024-04-11,1000000.00,4.568919,97.375
08:00:30,91282CKF7,TSRYS5774875,D,S,T,2024-04-11,1000000.00,4.566234,97.390625
08:00:30,91282CKF7,TSRYS5774875,D,S,T,2024-04-11,1000000.00,4.566234,97.390625
08:00:30,91282CKF7,TSRYS5774875,D,S,T,2024-04-11,1000000.00,4.566234,97.390625
08:00:30,91282CKF7,TSRYS5774875,D,S,T,2024-04-11,1000000.00,4.566234,97.390625
08:00:30,91282CKF7,TSRYS5774875,D,S,T,2024-04-11,1000000.00,4.566234,97.390625
08:00:30,91282CKF7,TSRYS5774875,D,S,T,2024-04-11,1000000.00,4.566234,97.390625
08:00:30,91282CKF7,TSRYS5774875,D,S,T,2024-04-11,1000000.00,4.566234,97.390625
08:00:30,91282CKF7,TSRYS5774875,D,S,T,2024-04-11,1000000.00,4.566234,97.390625
08:00:30,91282CKF7,TSRYS5774875,D,S,T,2024-04-11,1000000.00,4.566234,97.390625
08:00:30,91282CKF7,TSRYS5774875,D,S,T,2024-04-11,2000000.00,4.566234,97.390625
08:00:30,91282CKF7,TSRYS5774875,D,S,T,2024-04-11,2000000.00,4.570261,97.3671875
08:00:30,91282CKF7,TSRYS5774875,D,S,T,2024-04-11,1000000.00,4.56355,97.40625
08:00:30,91282CKF7,TSRYS5774875,D,S,T,2024-04-11,1000000.00,4.56355,97.40625
08:00:30,91282CKF7,TSRYS5774875,D,S,T,2024-04-11,1000000.00,4.566234,97.390625
08:00:30,91282CKF7,TSRYS5774875,D,S,T,2024-04-11,1000000.00,4.566234,97.390625
08:00:30,91282CKF7,TSRYS5774875,D,S,T,2024-04-11,2000000.00,4.566234,97.390625
08:00:30,91282CKF7,TSRYS5774875,D,S,T,2024-04-11,1000000.00,4.566234,97.390625
08:00:30,91282CKF7,TSRYS5774875,D,S,T,2024-04-11,1000000.00,4.567576,97.3828125
08:00:30,91282CKF7,TSRYS5774875,D,S,T,2024-04-11,1000000.00,4.568919,97.375
08:00:30,91282CKF7,TSRYS5774875,D,S,T,2024-04-11,3000000.00,4.570261,97.3671875
08:00:30,91282CKF7,TSRYS5774875,D,S,T,2024-04-11,1000000.00,4.570261,97.3671875
08:00:30,91282CKF7,TSRYS5774875,D,S,T,2024-04-11,1000000.00,4.571604,97.359375
08:00:30,91282CKF7,TSRYS5774875,D,S,T,2024-04-11,1000000.00,4.571604,97.359375
08:00:30,91282CKF7,TSRYS5774875,D,S,T,2024-04-11,1000000.00,4.571604,97.359375
08:00:30,91282CKF7,TSRYS5774875,D,S,T,2024-04-11,1000000.00,4.571604,97.359375
08:00:30,91282CKF7,TSRYS5774875,D,S,T,2024-04-11,1000000.00,4.574962,97.33984375
08:00:30,91282CKF7,TSRYS5774875,D,S,T,2024-04-11,2000000.00,4.574626,97.341796875
08:00:30,91282CKF7,TSRYS5774875,D,S,T,2024-04-11,1000000.00,4.571604,97.359375
08:00:30,91282CKF7,TSRYS5774875,D,S,T,2024-04-11,1000000.00,4.571604,97.359375
08:00:30,91282CKF7,TSRYS5774875,D,S,T,2024-04-11,1000000.00,4.571604,97.359375
08:00:30,91282CKF7,TSRYS5774875,D,S,T,2024-04-11,1000000.00,4.571604,97.359375
08:00:30,91282CKF7,TSRYS5774875,D,S,T,2024-04-11,2000000.00,4.571604,97.359375
08:00:30,91282CKF7,TSRYS5774875,D,S,T,2024-04-11,1000000.00,4.571604,97.359375
08:00:30,91282CKF7,TSRYS5774875,D,S,T,2024-04-11,1000000.00,4.571604,97.359375
08:00:30,91282CKF7,TSRYS5774875,D,S,T,2024-04-11,2000000.00,4.569926,97.369140625
08:00:30,91282CKF7,TSRYS5774875,D,S,T,2024-04-11,1000000.00,4.570261,97.3671875
08:00:30,91282CKF7,TSRYS5774875,D,S,T,2024-04-11,1000000.00,4.571604,97.359375
08:00:30,91282CKF7,TSRYS5774875,D,S,T,2024-04-11,1000000.00,4.571604,97.359375
08:00:30,91282CKF7,TSRYS5774875,D,S,T,2024-04-11,1000000.00,4.575633,97.3359375
08:00:30,91282CKF7,TSRYS5774875,D,S,T,2024-04-11,1000000.00,4.576976,97.328125
08:00:30,91282CKF7,TSRYS5774875,D,S,D,2024-04-11,1000000.00,4.576305,97.33203125
08:00:30,91282CKF7,TSRYS5774875,D,S,T,2024-04-11,2000000.00,4.576976,97.328125
08:00:30,91282CKF7,TSRYS5774875,D,S,T,2024-04-11,1000000.00,4.575297,97.337890625
08:00:30,91282CKF7,TSRYS5774875,D,S,T,2024-04-11,1000000.00,4.574962,97.33984375
08:00:30,91282CKF7,TSRYS5774875,D,S,T,2024-04-11,1000000.00,4.574962,97.33984375
08:00:30,91282CKF7,TSRYS5774875,D,S,T,2024-04-11,1000000.00,4.574962,97.33984375
08:00:30,91282CKF7,TSRYS5774875,D,S,T,2024-04-11,1000000.00,4.574962,97.33984375
08:00:30,91282CKF7,TSRYS5774875,D,S,T,2024-04-11,1000000.00,4.574962,97.33984375
08:00:30,91282CKF7,TSRYS5774875,D,S,T,2024-04-11,1000000.00,4.574962,97.33984375
08:00:30,91282CKF7,TSRYS5774875,D,S,T,2024-04-11,1000000.00,4.574962,97.33984375
08:00:30,91282CKF7,TSRYS5774875,D,S,T,2024-04-11,1000000.00,4.574962,97.33984375
08:00:30,91282CKF7,TSRYS5774875,D,S,T,2024-04-11,1000000.00,4.574962,97.33984375
08:00:30,91282CKF7,TSRYS5774875,D,S,T,2024-04-11,1000000.00,4.574962,97.33984375
08:00:30,91282CKF7,TSRYS5774875,D,S,T,2024-04-11,1000000.00,4.574962,97.33984375
08:00:30,91282CKF7,TSRYS5774875,D,S,T,2024-04-11,1000000.00,4.574962,97.33984375
08:00:30,91282CKF7,TSRYS5774875,D,S,T,2024-04-11,1000000.00,4.574962,97.33984375
08:00:30,91282CKF7,TSRYS5774875,D,S,T,2024-04-11,1000000.00,4.576976,97.328125
08:00:30,91282CKF7,TSRYS5774875,D,S,T,2024-04-11,2000000.00,4.576976,97.328125
08:00:30,91282CKF7,TSRYS5774875,D,S,D,2024-04-11,1000000.00,4.577648,97.32421875
08:00:30,91282CKF7,TSRYS5774875,D,S,D,2024-04-11,1000000.00,4.577984,97.322265625
08:00:30,91282CKF7,TSRYS5774875,D,S,T,2024-04-11,1000000.00,4.585038,97.28125
08:00:30,91282CKF7,TSRYS5774875,D,S,T,2024-04-11,2000000.00,4.585038,97.28125
08:00:30,91282CKF7,TSRYS5774875,D,S,T,2024-04-11,1000000.00,4.585038,97.28125
08:00:30,91282CKF7,TSRYS5774875,D,S,T,2024-04-11,1000000.00,4.58235,97.296875
08:00:30,91282CKF7,TSRYS5774875,D,S,T,2024-04-11,2000000.00,4.58235,97.296875
08:00:30,91282CKF7,TSRYS5774875,D,S,T,2024-04-11,1000000.00,4.587727,97.265625
08:00:30,91282CKF7,TSRYS5774875,D,S,T,2024-04-11,1000000.00,4.587727,97.265625
08:00:30,91282CKF7,TSRYS5774875,D,S,T,2024-04-11,1000000.00,4.587727,97.265625
08:00:30,91282CKF7,TSRYS5774875,D,S,T,2024-04-11,1000000.00,4.587055,97.26953125
08:00:30,91282CKF7,TSRYS5774875,D,S,T,2024-04-11,1000000.00,4.590415,97.25
08:00:30,91282CKF7,TSRYS5774875,D,S,T,2024-04-11,1000000.00,4.590415,97.25
08:00:30,91282CKF7,TSRYS5774875,D,S,T,2024-04-11,1000000.00,4.590415,97.25
08:00:30,91282CKF7,TSRYS5774875,D,S,T,2024-04-11,1000000.00,4.590415,97.25
08:00:30,91282CKF7,TSRYS5774875,D,S,T,2024-04-11,1000000.00,4.590415,97.25
08:00:30,91282CKF7,TSRYS5774875,D,S,T,2024-04-11,1000000.00,4.590415,97.25
08:00:30,91282CKF7,TSRYS5774875,D,S,T,2024-04-11,1000000.00,4.590415,97.25
08:00:30,91282CKF7,TSRYS5774875,D,S,T,2024-04-11,2000000.00,4.590415,97.25
08:00:30,91282CKF7,TSRYS5774875,D,S,T,2024-04-11,1000000.00,4.590415,97.25
08:00:30,91282CKF7,TSRYS5774875,D,S,T,2024-04-11,1000000.00,4.590415,97.25
08:00:30,91282CKF7,TSRYS5774875,D,S,T,2024-04-11,1000000.00,4.593105,97.234375
08:00:30,91282CKF7,TSRYS5774875,D,S,T,2024-04-11,1000000.00,4.593105,97.234375
08:00:30,91282CKF7,TSRYS5774875,D,S,T,2024-04-11,1000000.00,4.593105,97.234375
08:00:30,91282CKF7,TSRYS5774875,D,S,T,2024-04-11,1000000.00,4.588063,97.263671875
08:00:30,91282CKF7,TSRYS5774875,D,S,T,2024-04-11,1000000.00,4.588399,97.26171875
08:00:30,91282CKF7,TSRYS5774875,D,S,T,2024-04-11,1000000.00,4.588399,97.26171875
08:00:30,91282CKF7,TSRYS5774875,D,S,T,2024-04-11,1000000.00,4.590415,97.25
08:00:30,91282CKF7,TSRYS5774875,D,S,T,2024-04-11,1000000.00,4.587727,97.265625
08:00:30,91282CKF7,TSRYS5774875,D,S,T,2024-04-11,1000000.00,4.58571,97.27734375
08:00:30,91282CKF7,TSRYS5774875,D,S,T,2024-04-11,1000000.00,4.587727,97.265625
08:00:30,91282CKF7,TSRYS5774875,D,S,T,2024-04-11,1000000.00,4.589071,97.2578125
08:00:30,91282CKF7,TSRYS5774875,D,S,T,2024-04-11,1000000.00,4.587727,97.265625
08:00:30,91282CKF7,TSRYS5774875,D,S,T,2024-04-11,1000000.00,4.590415,97.25
08:00:30,91282CKF7,TSRYS5774875,D,S,T,2024-04-11,1000000.00,4.587727,97.265625
08:00:30,91282CKF7,TSRYS5774875,D,S,T,2024-04-11,1000000.00,4.587727,97.265625
08:00:30,91282CKF7,TSRYS5774875,D,S,T,2024-04-11,1000000.00,4.587727,97.265625
08:00:30,91282CKF7,TSRYS5774875,D,S,T,2024-04-11,1000000.00,4.587727,97.265625
08:00:30,91282CKF7,TSRYS5774875,D,S,T,2024-04-11,1000000.00,4.587727,97.265625
08:00:30,91282CKF7,TSRYS5774875,D,S,T,2024-04-11,1000000.00,4.587727,97.265625
08:00:30,91282CKF7,TSRYS5774875,D,S,T,2024-04-11,1000000.00,4.587727,97.265625
08:00:30,91282CKF7,TSRYS5774875,D,S,T,2024-04-11,1000000.00,4.587727,97.265625
08:00:30,91282CKF7,TSRYS5774875,D,S,T,2024-04-11,1000000.00,4.585038,97.28125
08:00:30,91282CKF7,TSRYS5774875,D,S,T,2024-04-11,1000000.00,4.585038,97.28125
08:00:30,91282CKF7,TSRYS5774875,D,S,T,2024-04-11,1000000.00,4.585038,97.28125
08:00:30,91282CKF7,TSRYS5774875,D,S,T,2024-04-11,1000000.00,4.585038,97.28125
08:00:30,91282CKF7,TSRYS5774875,D,S,T,2024-04-11,1000000.00,4.585038,97.28125
08:00:30,91282CKF7,TSRYS5774875,D,S,T,2024-04-11,1000000.00,4.585038,97.28125
08:00:30,91282CKF7,TSRYS5774875,D,S,T,2024-04-11,1000000.00,4.585038,97.28125
08:00:30,91282CKF7,TSRYS5774875,D,S,T,2024-04-11,1000000.00,4.585038,97.28125
08:00:30,91282CKF7,TSRYS5774875,D,S,T,2024-04-11,1000000.00,4.585038,97.28125
08:00:30,91282CKF7,TSRYS5774875,D,S,T,2024-04-11,1000000.00,4.587727,97.265625
08:00:30,91282CKF7,TSRYS5774875,D,S,T,2024-04-11,1000000.00,4.587727,97.265625
08:00:30,91282CKF7,TSRYS5774875,D,S,T,2024-04-11,1000000.00,4.587727,97.265625
08:00:30,91282CKF7,TSRYS5774875,D,S,T,2024-04-11,1000000.00,4.590415,97.25
08:00:30,91282CKF7,TSRYS5774875,D,S,T,2024-04-11,2000000.00,4.587727,97.265625
08:00:30,91282CKF7,TSRYS5774875,D,S,T,2024-04-11,1000000.00,4.587727,97.265625
08:00:30,91282CKF7,TSRYS5774875,D,S,T,2024-04-11,1000000.00,4.587727,97.265625
08:00:30,91282CKF7,TSRYS5774875,D,S,T,2024-04-11,1000000.00,4.587727,97.265625
08:00:30,91282CKF7,TSRYS5774875,D,S,T,2024-04-11,1000000.00,4.587727,97.265625
08:00:30,91282CKF7,TSRYS5774875,D,S,T,2024-04-11,1000000.00,4.587727,97.265625
08:00:30,91282CKF7,TSRYS5774875,D,S,T,2024-04-11,1000000.00,4.587727,97.265625
08:00:30,91282CKF7,TSRYS5774875,D,S,T,2024-04-11,2000000.00,4.587727,97.265625
08:00:30,91282CKF7,TSRYS5774875,D,S,T,2024-04-11,1000000.00,4.587727,97.265625
08:00:30,91282CKF7,TSRYS5774875,D,S,T,2024-04-11,1000000.00,4.587727,97.265625
08:00:30,91282CKF7,TSRYS5774875,D,S,T,2024-04-11,1000000.00,4.587727,97.265625
08:00:30,91282CKF7,TSRYS5774875,D,S,T,2024-04-11,1000000.00,4.587727,97.265625
08:00:30,91282CKF7,TSRYS5774875,D,S,T,2024-04-11,2000000.00,4.589071,97.2578125
08:00:30,91282CKF7,TSRYS5774875,D,S,T,2024-04-11,1000000.00,4.590415,97.25
08:00:30,91282CKF7,TSRYS5774875,D,S,T,2024-04-11,1000000.00,4.590752,97.248046875
08:00:30,91282CKF7,TSRYS5774875,D,S,T,2024-04-11,3000000.00,4.593105,97.234375
08:00:30,91282CKF7,TSRYS5774875,D,S,T,2024-04-11,1000000.00,4.595795,97.21875
08:00:30,91282CKF7,TSRYS5774875,D,S,T,2024-04-11,1000000.00,4.595795,97.21875
08:00:30,91282CKF7,TSRYS5774875,D,S,T,2024-04-11,1000000.00,4.598485,97.203125
08:00:30,91282CKF7,TSRYS5774875,D,S,T,2024-04-11,2000000.00,4.598485,97.203125
08:00:30,91282CKF7,TSRYS5774875,D,S,T,2024-04-11,2000000.00,4.598149,97.205078125
08:00:33,91282CKF7,TSRYS5774875,D,S,T,2024-04-11,1000000.00,4.598485,97.203125
08:00:33,91282CKF7,TSRYS5774875,D,S,T,2024-04-11,2000000.00,4.596467,97.21484375
08:00:33,91282CKF7,TSRYS5774875,D,S,T,2024-04-11,2000000.00,4.598485,97.203125
08:00:33,91282CKF7,TSRYS5774875,D,S,T,2024-04-11,1000000.00,4.601176,97.1875
08:00:33,91282CKF7,TSRYS5774875,D,S,T,2024-04-11,1000000.00,4.601176,97.1875
08:00:33,91282CKF7,TSRYS5774875,D,S,T,2024-04-11,1000000.00,4.601176,97.1875
08:00:33,91282CKF7,TSRYS5774875,D,S,T,2024-04-11,1000000.00,4.601176,97.1875
08:00:33,91282CKF7,TSRYS5774875,D,S,T,2024-04-11,1000000.00,4.601176,97.1875
08:00:33,91282CKF7,TSRYS5774875,D,S,T,2024-04-11,2000000.00,4.602185,97.181640625
08:00:33,91282CKF7,TSRYS5774875,D,S,T,2024-04-11,2000000.00,4.601849,97.18359375
08:00:33,91282CKF7,TSRYS5774875,D,S,T,2024-04-11,1000000.00,4.601849,97.18359375
08:00:33,91282CKF7,TSRYS5774875,D,S,T,2024-04-11,1000000.00,4.601849,97.18359375
08:00:33,91282CKF7,TSRYS5774875,D,S,T,2024-04-11,1000000.00,4.601849,97.18359375
08:00:33,91282CKF7,TSRYS5774875,D,S,T,2024-04-11,1000000.00,4.601849,97.18359375
08:00:33,91282CKF7,TSRYS5774875,D,S,T,2024-04-11,1000000.00,4.601176,97.1875
08:00:33,91282CKF7,TSRYS5774875,D,S,T,2024-04-11,1000000.00,4.601176,97.1875
08:00:33,91282CKF7,TSRYS5774875,D,S,T,2024-04-11,1000000.00,4.601512,97.185546875
08:00:33,91282CKF7,TSRYS5774875,D,S,T,2024-04-11,1000000.00,4.598485,97.203125
08:00:33,91282CKF7,TSRYS5774875,D,S,T,2024-04-11,1000000.00,4.598485,97.203125
08:00:33,91282CKF7,TSRYS5774875,D,S,T,2024-04-11,1000000.00,4.601176,97.1875
08:00:33,91282CKF7,TSRYS5774875,D,S,T,2024-04-11,1000000.00,4.601176,97.1875
08:00:33,91282CKF7,TSRYS5774875,D,S,T,2024-04-11,1000000.00,4.598485,97.203125
08:00:33,91282CKF7,TSRYS5774875,D,S,T,2024-04-11,1000000.00,4.598485,97.203125
08:00:33,91282CKF7,TSRYS5774875,D,S,T,2024-04-11,1000000.00,4.599158,97.19921875
08:00:33,91282CKF7,TSRYS5774875,D,S,T,2024-04-11,1000000.00,4.598149,97.205078125
08:00:33,91282CKF7,TSRYS5774875,D,S,T,2024-04-11,1000000.00,4.595795,97.21875
08:00:33,91282CKF7,TSRYS5774875,D,S,T,2024-04-11,1000000.00,4.595458,97.220703125
08:00:33,91282CKF7,TSRYS5774875,D,S,T,2024-04-11,1000000.00,4.595795,97.21875
08:00:33,91282CKF7,TSRYS5774875,D,S,T,2024-04-11,1000000.00,4.595795,97.21875
08:00:33,91282CKF7,TSRYS5774875,D,S,T,2024-04-11,2000000.00,4.595122,97.22265625
08:00:33,91282CKF7,TSRYS5774875,D,S,T,2024-04-11,2000000.00,4.596467,97.21484375
08:00:33,91282CKF7,TSRYS5774875,D,S,T,2024-04-11,1000000.00,4.595795,97.21875
08:00:33,91282CKF7,TSRYS5774875,D,S,T,2024-04-11,1000000.00,4.59714,97.2109375
08:00:33,91282CKF7,TSRYS5774875,D,S,T,2024-04-11,1000000.00,4.598485,97.203125
08:00:33,91282CKF7,TSRYS5774875,D,S,T,2024-04-11,1000000.00,4.598485,97.203125
08:00:33,91282CKF7,TSRYS5774875,D,S,T,2024-04-11,1000000.00,4.598485,97.203125
08:00:33,91282CKF7,TSRYS5774875,D,S,T,2024-04-11,1000000.00,4.598485,97.203125
08:00:33,91282CKF7,TSRYS5774875,D,S,T,2024-04-11,1000000.00,4.598485,97.203125
08:00:33,91282CKF7,TSRYS5774875,D,S,T,2024-04-11,1000000.00,4.601176,97.1875
08:00:33,91282CKF7,TSRYS5774875,D,S,T,2024-04-11,1000000.00,4.601176,97.1875
08:00:33,91282CKF7,TSRYS5774875,D,S,T,2024-04-11,1000000.00,4.601176,97.1875
08:00:33,91282CKF7,TSRYS5774875,D,S,T,2024-04-11,2000000.00,4.601176,97.1875
08:00:33,91282CKF7,TSRYS5774875,D,S,T,2024-04-11,2000000.00,4.601176,97.1875
08:00:33,91282CKF7,TSRYS5774875,D,S,T,2024-04-11,1000000.00,4.601176,97.1875
08:00:33,91282CKF7,TSRYS5774875,D,S,T,2024-04-11,1000000.00,4.601176,97.1875
08:00:33,91282CKF7,TSRYS5774875,D,S,T,2024-04-11,1000000.00,4.601176,97.1875
08:00:33,91282CKF7,TSRYS5774875,D,S,T,2024-04-11,1000000.00,4.599494,97.197265625
08:00:33,91282CKF7,TSRYS5774875,D,S,T,2024-04-11,1000000.00,4.598485,97.203125
08:00:33,91282CKF7,TSRYS5774875,D,S,T,2024-04-11,1000000.00,4.598485,97.203125
08:00:33,91282CKF7,TSRYS5774875,D,S,T,2024-04-11,1000000.00,4.598485,97.203125
08:00:33,91282CKF7,TSRYS5774875,D,S,T,2024-04-11,2000000.00,4.59983,97.1953125
08:00:33,91282CKF7,TSRYS5774875,D,S,T,2024-04-11,2000000.00,4.600503,97.19140625
08:00:33,91282CKF7,TSRYS5774875,D,S,T,2024-04-11,2000000.00,4.598485,97.203125
08:00:33,91282CKF7,TSRYS5774875,D,S,T,2024-04-11,1000000.00,4.603867,97.171875
08:00:33,91282CKF7,TSRYS5774875,D,S,T,2024-04-11,1000000.00,4.603867,97.171875
08:00:33,91282CKF7,TSRYS5774875,D,S,T,2024-04-11,2000000.00,4.603867,97.171875
08:00:33,91282CKF7,TSRYS5774875,D,S,T,2024-04-11,1000000.00,4.604877,97.166015625
08:00:33,91282CKF7,TSRYS5774875,D,S,T,2024-04-11,1000000.00,4.606559,97.15625
08:00:33,91282CKF7,TSRYS5774875,D,S,T,2024-04-11,1000000.00,4.603867,97.171875
08:00:33,91282CKF7,TSRYS5774875,D,S,T,2024-04-11,1000000.00,4.603867,97.171875
08:00:33,91282CKF7,TSRYS5774875,D,S,T,2024-04-11,1000000.00,4.603867,97.171875
08:00:33,91282CKF7,TSRYS5774875,D,S,T,2024-04-11,1000000.00,4.603867,97.171875
08:00:33,91282CKF7,TSRYS5774875,D,S,T,2024-04-11,1000000.00,4.603867,97.171875
08:00:33,91282CKF7,TSRYS5774875,D,S,T,2024-04-11,2000000.00,4.598485,97.203125
08:00:33,91282CKF7,TSRYS5774875,D,S,T,2024-04-11,1000000.00,4.598485,97.203125
08:00:33,91282CKF7,TSRYS5774875,D,S,T,2024-04-11,1000000.00,4.598485,97.203125
08:00:33,91282CKF7,TSRYS5774875,D,S,T,2024-04-11,1000000.00,4.599158,97.19921875
08:00:33,91282CKF7,TSRYS5774875,D,S,T,2024-04-11,1000000.00,4.599158,97.19921875
08:00:33,91282CKF7,TSRYS5774875,D,S,T,2024-04-11,1000000.00,4.599158,97.19921875
08:00:33,91282CKF7,TSRYS5774875,D,S,T,2024-04-11,1000000.00,4.603867,97.171875
08:00:33,91282CKF7,TSRYS5774875,D,S,T,2024-04-11,1000000.00,4.603867,97.171875
08:00:33,91282CKF7,TSRYS5774875,D,S,T,2024-04-11,1000000.00,4.601176,97.1875
08:00:33,91282CKF7,TSRYS5774875,D,S,T,2024-04-11,1000000.00,4.601176,97.1875
08:00:33,91282CKF7,TSRYS5774875,D,S,T,2024-04-11,1000000.00,4.601176,97.1875
08:00:33,91282CKF7,TSRYS5774875,D,S,T,2024-04-11,2000000.00,4.598485,97.203125
08:00:33,91282CKF7,TSRYS5774875,D,S,T,2024-04-11,1000000.00,4.598485,97.203125
08:00:33,91282CKF7,TSRYS5774875,D,S,T,2024-04-11,1000000.00,4.598485,97.203125
08:00:33,91282CKF7,TSRYS5774875,D,S,T,2024-04-11,1000000.00,4.596131,97.216796875
08:00:33,91282CKF7,TSRYS5774875,D,S,T,2024-04-11,2000000.00,4.595795,97.21875
08:00:33,91282CKF7,TSRYS5774875,D,S,T,2024-04-11,1000000.00,4.595795,97.21875
08:00:33,91282CKF7,TSRYS5774875,D,S,T,2024-04-11,1000000.00,4.598485,97.203125
08:00:33,91282CKF7,TSRYS5774875,D,S,T,2024-04-11,1000000.00,4.598485,97.203125
08:00:33,91282CKF7,TSRYS5774875,D,S,T,2024-04-11,1000000.00,4.598485,97.203125
08:00:33,91282CKF7,TSRYS5774875,D,S,T,2024-04-11,1000000.00,4.587727,97.265625
08:00:33,91282CKF7,TSRYS5774875,D,S,T,2024-04-11,2000000.00,4.585038,97.28125
08:00:33,91282CKF7,TSRYS5774875,D,S,T,2024-04-11,1000000.00,4.585038,97.28125
08:00:33,91282CKF7,TSRYS5774875,D,S,T,2024-04-11,1000000.00,4.585038,97.28125
08:00:33,91282CKF7,TSRYS5774875,D,S,T,2024-04-11,1000000.00,4.585038,97.28125
08:00:33,91282CKF7,TSRYS5774875,D,S,T,2024-04-11,1000000.00,4.585038,97.28125
08:00:33,91282CKF7,TSRYS5774875,D,S,T,2024-04-11,2000000.00,4.585038,97.28125
08:00:34,91282CKF7,TSRYS5774875,D,S,D,2024-04-11,1000000.00,4.577648,97.32421875
08:00:34,91282CKF7,TSRYS5774875,D,S,T,2024-04-11,2000000.00,4.58235,97.296875
08:00:34,91282CKF7,TSRYS5774875,D,S,T,2024-04-11,1000000.00,4.58235,97.296875
08:00:34,91282CKF7,TSRYS5774875,D,S,T,2024-04-11,1000000.00,4.58235,97.296875
08:00:34,91282CKF7,TSRYS5774875,D,S,T,2024-04-11,2000000.00,4.58235,97.296875
08:00:34,91282CKF7,TSRYS5774875,D,S,T,2024-04-11,1000000.00,4.58571,97.27734375
08:00:34,91282CKF7,TSRYS5774875,D,S,T,2024-04-11,1000000.00,4.58571,97.27734375
08:00:34,91282CKF7,TSRYS5774875,D,S,T,2024-04-11,1000000.00,4.587727,97.265625
08:00:34,91282CKF7,TSRYS5774875,D,S,T,2024-04-11,1000000.00,4.587727,97.265625
08:00:34,91282CKF7,TSRYS5774875,D,S,T,2024-04-11,1000000.00,4.587727,97.265625
08:00:34,91282CKF7,TSRYS5774875,D,S,T,2024-04-11,1000000.00,4.587727,97.265625
08:00:34,91282CKF7,TSRYS5774875,D,S,T,2024-04-11,2000000.00,4.585038,97.28125
08:00:34,91282CKF7,TSRYS5774875,D,S,T,2024-04-11,1000000.00,4.587727,97.265625
08:00:34,91282CKF7,TSRYS5774875,D,S,T,2024-04-11,2000000.00,4.587727,97.265625
08:00:34,91282CKF7,TSRYS5774875,D,S,T,2024-04-11,2000000.00,4.585038,97.28125
08:00:34,91282CKF7,TSRYS5774875,D,S,T,2024-04-11,1000000.00,4.585038,97.28125
08:00:34,91282CKF7,TSRYS5774875,D,S,T,2024-04-11,2000000.00,4.580335,97.30859375
08:00:34,91282CKF7,TSRYS5774875,D,S,T,2024-04-11,2000000.00,4.579663,97.3125
08:00:34,91282CKF7,TSRYS5774875,D,S,T,2024-04-11,2000000.00,4.579663,97.3125
08:00:34,91282CKF7,TSRYS5774875,D,S,T,2024-04-11,1000000.00,4.579663,97.3125
08:00:34,91282CKF7,TSRYS5774875,D,S,T,2024-04-11,1000000.00,4.579663,97.3125
08:00:34,91282CKF7,TSRYS5774875,D,S,T,2024-04-11,2000000.00,4.579663,97.3125
08:00:34,91282CKF7,TSRYS5774875,D,S,T,2024-04-11,2000000.00,4.58235,97.296875
08:00:34,91282CKF7,TSRYS5774875,D,S,T,2024-04-11,2000000.00,4.579663,97.3125
08:00:34,91282CKF7,TSRYS5774875,D,S,T,2024-04-11,2000000.00,4.57832,97.3203125
08:00:34,91282CKF7,TSRYS5774875,D,S,T,2024-04-11,2000000.00,4.57832,97.3203125
08:00:34,91282CKF7,TSRYS5774875,D,S,T,2024-04-11,1000000.00,4.587727,97.265625
08:00:34,91282CKF7,TSRYS5774875,D,S,T,2024-04-11,1000000.00,4.593105,97.234375
08:00:34,91282CKF7,TSRYS5774875,D,S,T,2024-04-11,1000000.00,4.593105,97.234375
08:00:34,91282CKF7,TSRYS5774875,D,S,T,2024-04-11,1000000.00,4.593105,97.234375
08:00:34,91282CKF7,TSRYS5774875,D,S,T,2024-04-11,1000000.00,4.595795,97.21875
08:00:34,91282CKF7,TSRYS5774875,D,S,T,2024-04-11,1000000.00,4.595795,97.21875
08:00:34,91282CKF7,TSRYS5774875,D,S,T,2024-04-11,1000000.00,4.595795,97.21875
08:00:34,91282CKF7,TSRYS5774875,D,S,T,2024-04-11,1000000.00,4.595795,97.21875
08:00:34,91282CKF7,TSRYS5774875,D,S,T,2024-04-11,1000000.00,4.595795,97.21875
08:00:34,91282CKF7,TSRYS5774875,D,S,T,2024-04-11,1000000.00,4.593105,97.234375
08:00:34,91282CKF7,TSRYS5774875,D,S,T,2024-04-11,1000000.00,4.593105,97.234375
08:00:34,91282CKF7,TSRYS5774875,D,S,T,2024-04-11,2000000.00,4.593105,97.234375
08:00:34,91282CKF7,TSRYS5774875,D,S,T,2024-04-11,1000000.00,4.593105,97.234375
08:00:34,91282CKF7,TSRYS5774875,D,S,T,2024-04-11,1000000.00,4.595795,97.21875
08:00:34,91282CKF7,TSRYS5774875,D,S,T,2024-04-11,1000000.00,4.595795,97.21875
08:00:34,91282CKF7,TSRYS5774875,D,S,T,2024-04-11,1000000.00,4.598485,97.203125
08:00:34,91282CKF7,TSRYS5774875,D,S,T,2024-04-11,1000000.00,4.598485,97.203125
08:00:34,91282CKF7,TSRYS5774875,D,S,T,2024-04-11,1000000.00,4.598485,97.203125
08:00:34,91282CKF7,TSRYS5774875,D,S,T,2024-04-11,2000000.00,4.589071,97.2578125
08:00:34,91282CKF7,TSRYS5774875,D,S,T,2024-04-11,1000000.00,4.590415,97.25
08:00:34,91282CKF7,TSRYS5774875,D,S,T,2024-04-11,1000000.00,4.590415,97.25
08:00:34,91282CKF7,TSRYS5774875,D,S,T,2024-04-11,2000000.00,4.590415,97.25
08:00:34,91282CKF7,TSRYS5774875,D,S,T,2024-04-11,1000000.00,4.590415,97.25
08:00:34,91282CKF7,TSRYS5774875,D,S,T,2024-04-11,1000000.00,4.590415,97.25
08:00:34,91282CKF7,TSRYS5774875,D,S,T,2024-04-11,2000000.00,4.590079,97.251953125
08:00:34,91282CKF7,TSRYS5774875,D,S,T,2024-04-11,2000000.00,4.600503,97.19140625
08:00:34,91282CKF7,TSRYS5774875,D,S,T,2024-04-11,3000000.00,4.598485,97.203125
08:00:34,91282CKF7,TSRYS5774875,D,S,T,2024-04-11,2000000.00,4.603867,97.171875
08:00:34,91282CKF7,TSRYS5774875,D,S,T,2024-04-11,1000000.00,4.603867,97.171875
08:00:34,91282CKF7,TSRYS5774875,D,S,T,2024-04-11,1000000.00,4.603867,97.171875
08:00:34,91282CKF7,TSRYS5774875,D,S,T,2024-04-11,1000000.00,4.603867,97.171875
08:00:34,91282CKF7,TSRYS5774875,D,S,T,2024-04-11,1000000.00,4.603867,97.171875
08:00:34,91282CKF7,TSRYS5774875,D,S,T,2024-04-11,2000000.00,4.603867,97.171875
08:00:34,91282CKF7,TSRYS5774875,D,S,T,2024-04-11,2000000.00,4.603867,97.171875
08:00:34,91282CKF7,TSRYS5774875,D,S,T,2024-04-11,2000000.00,4.603867,97.171875
08:00:34,91282CKF7,TSRYS5774875,D,S,T,2024-04-11,1000000.00,4.603867,97.171875
08:00:34,91282CKF7,TSRYS5774875,D,S,T,2024-04-11,1000000.00,4.603867,97.171875
08:00:34,91282CKF7,TSRYS5774875,D,S,T,2024-04-11,1000000.00,4.606559,97.15625
08:00:34,91282CKF7,TSRYS5774875,D,S,T,2024-04-11,1000000.00,4.606559,97.15625
08:00:34,91282CKF7,TSRYS5774875,D,S,T,2024-04-11,1000000.00,4.606559,97.15625
08:00:34,91282CKF7,TSRYS5774875,D,S,T,2024-04-11,1000000.00,4.606559,97.15625
08:00:34,91282CKF7,TSRYS5774875,D,S,T,2024-04-11,1000000.00,4.606559,97.15625
08:00:34,91282CKF7,TSRYS5774875,D,S,T,2024-04-11,1000000.00,4.606559,97.15625
08:00:34,91282CKF7,TSRYS5774875,D,S,D,2024-04-11,1000000.00,4.571269,97.361328125
08:00:34,91282CKF7,TSRYS5774875,D,S,D,2024-04-11,1000000.00,4.575969,97.333984375
08:00:34,91282CKF7,TSRYS5774875,D,S,D,2024-04-11,1000000.00,4.588735,97.259765625
08:00:34,91282CKF7,TSRYS5774875,D,S,D,2024-04-11,1000000.00,4.588735,97.259765625
08:00:34,91282CKF7,TSRYS5774875,D,S,D,2024-04-11,1000000.00,4.574962,97.33984375
08:00:34,91282CKF7,TSRYS5774875,D,S,D,2024-04-11,1000000.00,4.575633,97.3359375
08:00:34,91282CKF7,TSRYS5774875,D,S,D,2024-04-11,1000000.00,4.577984,97.322265625
08:00:34,91282CKF7,TSRYS5774875,D,S,D,2024-04-11,1000000.00,4.592769,97.236328125
08:00:34,91282CKF7,TSRYS5774875,D,S,D,2024-04-11,1000000.00,4.571269,97.361328125
08:00:34,91282CKF7,TSRYS5774875,D,S,D,2024-04-11,3000000.00,4.571269,97.361328125
08:00:34,91282CKF7,TSRYS5774875,D,S,D,2024-04-11,1000000.00,4.571269,97.361328125
08:00:34,91282CKF7,TSRYS5774875,D,S,D,2024-04-11,1000000.00,4.571604,97.359375
08:00:34,91282CKF7,TSRYS5774875,D,S,D,2024-04-11,1000000.00,4.571269,97.361328125
08:00:34,91282CKF7,TSRYS5774875,D,S,D,2024-04-11,2000000.00,4.604877,97.166015625
08:00:34,91282CKF7,TSRYS5774875,D,S,D,2024-04-11,2000000.00,4.604877,97.166015625
08:00:34,91282CKF7,TSRYS5774875,D,S,D,2024-04-11,2000000.00,4.604877,97.166015625
08:00:34,91282CKF7,TSRYS5774875,D,S,D,2024-04-11,2000000.00,4.604877,97.166015625
08:00:34,91282CKF7,TSRYS5774875,D,S,D,2024-04-11,2000000.00,4.604877,97.166015625
08:00:34,91282CKF7,TSRYS5774875,D,S,D,2024-04-11,1000000.00,4.604877,97.166015625
08:00:34,91282CKF7,TSRYS5774875,D,S,D,2024-04-11,2000000.00,4.604877,97.166015625
08:00:34,91282CKF7,TSRYS5774875,D,S,D,2024-04-11,2000000.00,4.604877,97.166015625
08:00:34,91282CKF7,TSRYS5774875,D,S,D,2024-04-11,2000000.00,4.604877,97.166015625
08:00:34,91282CKF7,TSRYS5774875,D,S,D,2024-04-11,2000000.00,4.604877,97.166015625
08:00:34,91282CKF7,TSRYS5774875,D,S,D,2024-04-11,1000000.00,4.604877,97.166015625
08:00:34,91282CKF7,TSRYS5774875,D,S,T,2024-04-11,2000000.00,4.571269,97.361328125
08:00:34,91282CKF7,TSRYS5774875,D,S,T,2024-04-11,1000000.00,4.571269,97.361328125
08:00:34,91282CKF7,TSRYS5774875,D,S,T,2024-04-11,1000000.00,4.575969,97.333984375
08:00:34,91282CKF7,TSRYS5774875,D,S,T,2024-04-11,1000000.00,4.575969,97.333984375
08:00:34,91282CKF7,TSRYS5774875,D,S,T,2024-04-11,1000000.00,4.589071,97.2578125
08:00:34,91282CKF7,TSRYS5774875,D,S,T,2024-04-11,1000000.00,4.591088,97.24609375
08:00:34,91282CKF7,TSRYS5774875,D,S,T,2024-04-11,1000000.00,4.596467,97.21484375
08:00:34,91282CKF7,TSRYS5774875,D,S,T,2024-04-11,1000000.00,4.596467,97.21484375
08:00:34,91282CKF7,TSRYS5774875,D,S,T,2024-04-11,1000000.00,4.592769,97.236328125
08:00:34,91282CKF7,TSRYS5774875,D,S,T,2024-04-11,1000000.00,4.58571,97.27734375
08:00:34,91282CKF7,TSRYS5774875,D,S,T,2024-04-11,1000000.00,4.583358,97.291015625
08:00:34,91282CKF7,TSRYS5774875,D,S,T,2024-04-11,1000000.00,4.581007,97.3046875
08:00:34,91282CKF7,TSRYS5774875,D,S,T,2024-04-11,1000000.00,4.581007,97.3046875
08:00:34,91282CKF7,TSRYS5774875,D,S,T,2024-04-11,1000000.00,4.574962,97.33984375
08:00:34,91282CKF7,TSRYS5774875,D,S,T,2024-04-11,1000000.00,4.574962,97.33984375
08:00:34,91282CKF7,TSRYS5774875,D,S,T,2024-04-11,1000000.00,4.576641,97.330078125
08:00:34,91282CKF7,TSRYS5774875,D,S,T,2024-04-11,2000000.00,4.574962,97.33984375
08:00:34,91282CKF7,TSRYS5774875,D,S,T,2024-04-11,1000000.00,4.571604,97.359375
08:00:34,91282CKF7,TSRYS5774875,D,S,T,2024-04-11,1000000.00,4.584702,97.283203125
08:00:34,91282CKF7,TSRYS5774875,D,S,T,2024-04-11,2000000.00,4.584702,97.283203125
08:00:34,91282CKF7,TSRYS5774875,D,S,T,2024-04-11,1000000.00,4.586046,97.275390625
08:00:34,91282CKF7,TSRYS5774875,D,S,T,2024-04-11,1000000.00,4.586046,97.275390625
08:00:34,91282CKF7,TSRYS5774875,D,S,T,2024-04-11,2000000.00,4.586046,97.275390625
08:00:34,91282CKF7,TSRYS5774875,D,S,T,2024-04-11,1000000.00,4.587727,97.265625
08:00:34,91282CKF7,TSRYS5774875,D,S,T,2024-04-11,1000000.00,4.588063,97.263671875
08:00:34,91282CKF7,TSRYS5774875,D,S,T,2024-04-11,2000000.00,4.589071,97.2578125
08:00:34,91282CKF7,TSRYS5774875,D,S,T,2024-04-11,1000000.00,4.595795,97.21875
08:00:34,91282CKF7,TSRYS5774875,D,S,T,2024-04-11,1000000.00,4.59714,97.2109375
08:00:34,91282CKF7,TSRYS5774875,D,S,T,2024-04-11,2000000.00,4.593105,97.234375
08:00:34,91282CKF7,TSRYS5774875,D,S,T,2024-04-11,2000000.00,4.593105,97.234375
08:00:34,91282CKF7,TSRYS5774875,D,S,T,2024-04-11,1000000.00,4.59983,97.1953125
08:00:34,91282CKF7,TSRYS5774875,D,S,T,2024-04-11,1000000.00,4.601176,97.1875
08:00:34,91282CKF7,TSRYS5774875,D,S,T,2024-04-11,2000000.00,4.598485,97.203125
08:00:34,91282CKF7,TSRYS5774875,D,S,T,2024-04-11,2000000.00,4.602522,97.1796875
08:00:34,91282CKF7,TSRYS5774875,D,S,T,2024-04-11,1000000.00,4.602522,97.1796875
08:00:34,91282CKF7,TSRYS5774875,D,S,T,2024-04-11,3000000.00,4.602858,97.177734375
08:00:34,91282CKF7,TSRYS5774875,D,S,T,2024-04-11,1000000.00,4.596804,97.212890625
08:00:34,91282CKF7,TSRYS5774875,D,S,T,2024-04-11,1000000.00,4.592432,97.23828125
08:00:34,91282CKF7,TSRYS5774875,D,S,T,2024-04-11,1000000.00,4.592432,97.23828125
08:00:34,91282CKF7,TSRYS5774875,D,S,T,2024-04-11,2000000.00,4.592432,97.23828125
08:00:34,91282CKF7,TSRYS5774875,D,S,T,2024-04-11,1000000.00,4.592432,97.23828125
08:00:34,91282CKF7,TSRYS5774875,D,S,T,2024-04-11,9000000.00,4.593105,97.234375
08:00:34,91282CKF7,TSRYS5774875,D,S,T,2024-04-11,3000000.00,4.593105,97.234375
08:00:34,91282CKF7,TSRYS5774875,D,S,T,2024-04-11,1000000.00,4.59176,97.2421875
08:00:34,91282CKF7,TSRYS5774875,D,S,T,2024-04-11,1000000.00,4.603867,97.171875
08:00:34,91282CKF7,TSRYS5774875,D,S,D,2024-04-11,2000000.00,4.604877,97.166015625
08:00:34,91282CKF7,TSRYS5774875,D,S,T,2024-04-11,1000000.00,4.571604,97.359375
08:00:37,91282CKF7,TSRYS5774875,D,S,D,2024-04-11,1000000.00,4.593105,97.234375
08:00:37,91282CKF7,TSRYS5774875,D,S,D,2024-04-11,1000000.00,4.592432,97.23828125
08:00:37,91282CKF7,TSRYS5774875,D,S,T,2024-04-11,1000000.00,4.604877,97.166015625
08:00:37,91282CKF7,TSRYS5774875,D,S,D,2024-04-11,1000000.00,4.599158,97.19921875
08:00:37,91282CKF7,TSRYS5774875,D,S,D,2024-04-11,1000000.00,4.598485,97.203125
08:00:37,91282CKF7,TSRYS5774875,D,S,D,2024-04-11,1000000.00,4.595122,97.22265625
08:00:37,91282CKF7,TSRYS5774875,D,S,D,2024-04-11,1000000.00,4.595122,97.22265625
08:00:37,91282CKF7,TSRYS5774875,D,S,D,2024-04-11,1000000.00,4.595122,97.22265625
08:00:37,91282CKF7,TSRYS5774875,D,S,T,2024-04-11,2000000.00,4.590415,97.25
08:00:38,91282CKF7,TSRYS5774875,D,S,D,2024-04-11,1000000.00,4.584702,97.283203125
08:00:38,91282CKF7,TSRYS5774875,D,S,D,2024-04-11,1000000.00,4.585038,97.28125
08:00:38,91282CKF7,TSRYS5774875,D,S,D,2024-04-11,3000000.00,4.585038,97.28125
08:00:39,91282CKF7,TSRYS5774875,D,S,T,2024-04-11,1000000.00,4.587727,97.265625
08:00:40,91282CKF7,TSRYS5774875,D,S,T,2024-04-11,1000000.00,4.590415,97.25
08:00:41,91282CKF7,TSRYS5774875,D,S,T,2024-04-11,1000000.00,4.587727,97.265625
08:00:41,91282CKF7,TSRYS5774875,D,S,T,2024-04-11,1000000.00,4.587727,97.265625
08:00:41,91282CKF7,TSRYS5774875,D,S,T,2024-04-11,1000000.00,4.587727,97.265625
08:00:41,91282CKF7,TSRYS5774875,D,S,D,2024-04-11,1000000.00,4.571269,97.361328125
08:00:42,91282CKF7,TSRYS5774875,D,S,T,2024-04-11,1000000.00,4.576976,97.328125
08:00:42,91282CKF7,TSRYS5774875,D,S,D,2024-04-11,1000000.00,4.593105,97.234375
08:00:42,91282CKF7,TSRYS5774875,D,S,T,2024-04-11,1000000.00,4.59445,97.2265625
08:00:42,91282CKF7,TSRYS5774875,D,S,T,2024-04-11,1000000.00,4.585038,97.28125
08:00:42,91282CKF7,TSRYS5774875,D,S,T,2024-04-11,1000000.00,4.585038,97.28125
08:00:42,91282CKF7,TSRYS5774875,D,S,T,2024-04-11,1000000.00,4.581679,97.30078125
08:00:42,91282CKF7,TSRYS5774875,D,S,T,2024-04-11,1000000.00,4.581679,97.30078125
08:00:42,91282CKF7,TSRYS5774875,D,S,D,2024-04-11,1000000.00,4.581679,97.30078125
08:00:42,91282CKF7,TSRYS5774875,D,S,T,2024-04-11,1000000.00,4.577312,97.326171875
08:00:42,91282CKF7,TSRYS5774875,D,S,T,2024-04-11,1000000.00,4.577312,97.326171875
08:00:42,91282CKF7,TSRYS5774875,D,S,T,2024-04-11,2000000.00,4.568919,97.375
08:00:42,91282CKF7,TSRYS5774875,D,S,T,2024-04-11,1000000.00,4.568919,97.375
08:00:42,91282CKF7,TSRYS5774875,D,S,T,2024-04-11,1000000.00,4.568919,97.375
08:00:42,91282CKF7,TSRYS5774875,D,S,D,2024-04-11,400000.00,4.603867,97.171875
08:00:42,91282CKF7,TSRYS5774875,D,S,T,2024-04-11,1000000.00,4.574962,97.33984375
08:00:42,91282CKF7,TSRYS5774875,D,S,T,2024-04-11,1000000.00,4.590415,97.25
08:00:42,91282CKF7,TSRYS5774875,D,S,T,2024-04-11,1000000.00,4.590415,97.25
08:00:42,91282CKF7,TSRYS5774875,D,S,T,2024-04-11,1000000.00,4.590415,97.25
08:00:42,91282CKF7,TSRYS5774875,D,S,T,2024-04-11,1000000.00,4.593105,97.234375
08:00:42,91282CKF7,TSRYS5774875,D,S,T,2024-04-11,1000000.00,4.593105,97.234375
08:00:42,91282CKF7,TSRYS5774875,D,S,T,2024-04-11,1000000.00,4.593105,97.234375
08:00:42,91282CKF7,TSRYS5774875,D,S,T,2024-04-11,1000000.00,4.59714,97.2109375
08:00:42,91282CKF7,TSRYS5774875,D,S,D,2024-04-11,1000000.00,4.59714,97.2109375
08:00:42,91282CKF7,TSRYS5774875,D,S,T,2024-04-11,1000000.00,4.598485,97.203125
08:00:42,91282CKF7,TSRYS5774875,D,S,T,2024-04-11,1000000.00,4.598485,97.203125
08:00:42,91282CKF7,TSRYS5774875,D,S,T,2024-04-11,1000000.00,4.598485,97.203125
08:00:42,91282CKF7,TSRYS5774875,D,S,T,2024-04-11,1000000.00,4.597812,97.20703125
08:00:42,91282CKF7,TSRYS5774875,D,S,T,2024-04-11,1000000.00,4.597812,97.20703125
08:00:42,91282CKF7,TSRYS5774875,D,S,T,2024-04-11,1000000.00,4.597812,97.20703125
08:00:42,91282CKF7,TSRYS5774875,D,S,T,2024-04-11,1000000.00,4.601176,97.1875
08:00:42,91282CKF7,TSRYS5774875,D,S,D,2024-04-11,1000000.00,4.59983,97.1953125
08:00:42,91282CKF7,TSRYS5774875,D,S,T,2024-04-11,1000000.00,4.59983,97.1953125
08:00:42,91282CKF7,TSRYS5774875,D,S,T,2024-04-11,1000000.00,4.595795,97.21875
08:00:42,91282CKF7,TSRYS5774875,D,S,T,2024-04-11,1000000.00,4.596467,97.21484375
08:00:42,91282CKF7,TSRYS5774875,D,S,T,2024-04-11,1000000.00,4.596467,97.21484375
08:00:43,91282CKF7,TSRYS5774875,D,S,T,2024-04-11,1000000.00,4.602522,97.1796875
08:00:43,91282CKF7,TSRYS5774875,D,S,T,2024-04-11,1000000.00,4.59445,97.2265625
08:00:43,91282CKF7,TSRYS5774875,D,S,D,2024-04-11,1000000.00,4.585038,97.28125
08:00:43,91282CKF7,TSRYS5774875,D,S,T,2024-04-11,1000000.00,4.579663,97.3125
08:00:43,91282CKF7,TSRYS5774875,D,S,T,2024-04-11,1000000.00,4.58235,97.296875
08:00:43,91282CKF7,TSRYS5774875,D,S,T,2024-04-11,1000000.00,4.58235,97.296875
08:00:43,91282CKF7,TSRYS5774875,D,S,T,2024-04-11,1000000.00,4.579663,97.3125
08:00:43,91282CKF7,TSRYS5774875,D,S,T,2024-04-11,1000000.00,4.579999,97.310546875
08:00:43,91282CKF7,TSRYS5774875,D,S,T,2024-04-11,1000000.00,4.579663,97.3125
08:00:43,91282CKF7,TSRYS5774875,D,S,T,2024-04-11,1000000.00,4.57832,97.3203125
08:00:43,91282CKF7,TSRYS5774875,D,S,T,2024-04-11,1000000.00,4.57832,97.3203125
08:00:43,91282CKF7,TSRYS5774875,D,S,T,2024-04-11,1000000.00,4.57832,97.3203125
08:00:43,91282CKF7,TSRYS5774875,D,S,T,2024-04-11,1000000.00,4.57832,97.3203125
08:00:43,91282CKF7,TSRYS5774875,D,S,T,2024-04-11,1000000.00,4.57832,97.3203125
08:00:43,91282CKF7,TSRYS5774875,D,S,T,2024-04-11,1000000.00,4.57832,97.3203125
08:00:43,91282CKF7,TSRYS5774875,D,S,T,2024-04-11,1000000.00,4.57832,97.3203125
08:00:43,91282CKF7,TSRYS5774875,D,S,T,2024-04-11,1000000.00,4.578991,97.31640625
08:00:43,91282CKF7,TSRYS5774875,D,S,T,2024-04-11,1000000.00,4.578656,97.318359375
08:00:43,91282CKF7,TSRYS5774875,D,S,D,2024-04-11,1000000.00,4.589743,97.25390625
08:00:43,91282CKF7,TSRYS5774875,D,S,T,2024-04-11,1000000.00,4.59983,97.1953125
08:00:43,91282CKF7,TSRYS5774875,D,S,T,2024-04-11,1000000.00,4.59983,97.1953125
08:00:43,91282CKF7,TSRYS5774875,D,S,T,2024-04-11,1000000.00,4.606559,97.15625
08:00:43,91282CKF7,TSRYS5774875,D,S,A,2024-04-11,2000000.00,4.597812,97.20703125
08:00:43,91282CKF7,TSRYS5774875,D,S,A,2024-04-11,2000000.00,4.599494,97.197265625
08:00:43,91282CKF7,TSRYS5774875,D,S,A,2024-04-11,2000000.00,4.598485,97.203125
08:00:43,91282CKF7,TSRYS5774875,D,S,A,2024-04-11,5000000.00,4.598821,97.201171875
08:00:43,91282CKF7,TSRYS5774875,D,S,A,2024-04-11,2000000.00,4.598485,97.203125
08:00:43,91282CKF7,TSRYS5774875,D,S,A,2024-04-11,2000000.00,4.598485,97.203125
08:00:43,91282CKF7,TSRYS5774875,D,S,A,2024-04-11,4000000.00,4.597476,97.208984375
08:00:44,91282CKF7,TSRYS5774875,D,S,T,2024-04-11,1000000.00,4.575633,97.3359375
08:00:44,91282CKF7,TSRYS5774875,D,S,A,2024-04-11,2000000.00,4.59714,97.2109375
08:00:44,91282CKF7,TSRYS5774875,D,S,A,2024-04-11,3000000.00,4.597476,97.208984375
08:00:46,91282CKF7,TSRYS5774875,D,S,C,2024-04-11,6819000.00,4.588399,97.26171875
08:00:47,91282CKF7,TSRYS5774875,D,S,T,2024-04-11,1000000.00,4.577648,97.32421875
08:00:47,91282CKF7,TSRYS5774875,D,S,T,2024-04-11,1000000.00,4.57429,97.34375
08:00:47,91282CKF7,TSRYS5774875,D,S,T,2024-04-11,1000000.00,4.57429,97.34375
08:00:47,91282CKF7,TSRYS5774875,D,S,T,2024-04-11,1000000.00,4.57429,97.34375
08:00:47,91282CKF7,TSRYS5774875,D,S,T,2024-04-11,1000000.00,4.568919,97.375
08:00:47,91282CKF7,TSRYS5774875,D,S,T,2024-04-11,1000000.00,4.568919,97.375
08:00:47,91282CKF7,TSRYS5774875,D,S,T,2024-04-11,1000000.00,4.566905,97.38671875
08:00:47,91282CKF7,TSRYS5774875,D,S,T,2024-04-11,1000000.00,4.564221,97.40234375
08:00:47,91282CKF7,TSRYS5774875,D,S,T,2024-04-11,1000000.00,4.561537,97.41796875
08:00:47,91282CKF7,TSRYS5774875,D,S,T,2024-04-11,1000000.00,4.568919,97.375
08:00:47,91282CKF7,TSRYS5774875,D,S,T,2024-04-11,1000000.00,4.571604,97.359375
08:00:47,91282CKF7,TSRYS5774875,D,S,T,2024-04-11,1000000.00,4.571604,97.359375
08:00:47,91282CKF7,TSRYS5774875,D,S,T,2024-04-11,1000000.00,4.590415,97.25
08:00:48,91282CKF7,TSRYS5774875,D,S,T,2024-04-11,1000000.00,4.586382,97.2734375
08:00:48,91282CKF7,TSRYS5774875,D,B,A,2024-04-11,6000000.00,4.589071,97.2578125
08:00:48,91282CKF7,TSRYS5774875,D,S,T,2024-04-11,1000000.00,4.591088,97.24609375
08:00:48,91282CKF7,TSRYS5774875,D,B,A,2024-04-11,1500000.00,4.587727,97.265625
08:00:48,91282CKF7,TSRYS5774875,D,S,T,2024-04-11,1000000.00,4.595795,97.21875
08:00:48,91282CKF7,TSRYS5774875,D,S,T,2024-04-11,1000000.00,4.598485,97.203125
08:00:48,91282CKF7,TSRYS5774875,D,S,T,2024-04-11,1000000.00,4.598485,97.203125
08:00:48,91282CKF7,TSRYS5774875,D,S,T,2024-04-11,1000000.00,4.601176,97.1875
08:00:48,91282CKF7,TSRYS5774875,D,S,T,2024-04-11,1000000.00,4.601176,97.1875
08:00:48,91282CKF7,TSRYS5774875,D,S,T,2024-04-11,1000000.00,4.598485,97.203125
08:00:48,91282CKF7,TSRYS5774875,D,S,T,2024-04-11,1000000.00,4.598485,97.203125
08:00:48,91282CKF7,TSRYS5774875,D,S,T,2024-04-11,1000000.00,4.593777,97.23046875
08:00:48,91282CKF7,TSRYS5774875,D,S,T,2024-04-11,1000000.00,4.601176,97.1875
08:00:48,91282CKF7,TSRYS5774875,D,S,T,2024-04-11,2000000.00,4.601176,97.1875
08:00:48,91282CKF7,TSRYS5774875,D,S,T,2024-04-11,1000000.00,4.601176,97.1875
08:00:48,91282CKF7,TSRYS5774875,D,S,T,2024-04-11,1000000.00,4.601176,97.1875
08:00:48,91282CKF7,TSRYS5774875,D,S,T,2024-04-11,1000000.00,4.601176,97.1875
08:00:48,91282CKF7,TSRYS5774875,D,S,T,2024-04-11,1000000.00,4.598485,97.203125
08:00:48,91282CKF7,TSRYS5774875,D,S,T,2024-04-11,1000000.00,4.598485,97.203125
08:00:48,91282CKF7,TSRYS5774875,D,S,T,2024-04-11,1000000.00,4.598485,97.203125
08:00:48,91282CKF7,TSRYS5774875,D,S,T,2024-04-11,1000000.00,4.601176,97.1875
08:00:48,91282CKF7,TSRYS5774875,D,S,T,2024-04-11,1000000.00,4.601176,97.1875
08:00:48,91282CKF7,TSRYS5774875,D,S,T,2024-04-11,1000000.00,4.598485,97.203125
08:00:48,91282CKF7,TSRYS5774875,D,S,T,2024-04-11,1000000.00,4.595795,97.21875
08:00:48,91282CKF7,TSRYS5774875,D,S,T,2024-04-11,1000000.00,4.586382,97.2734375
08:00:48,91282CKF7,TSRYS5774875,D,S,T,2024-04-11,1000000.00,4.586382,97.2734375
08:00:48,91282CKF7,TSRYS5774875,D,S,T,2024-04-11,1000000.00,4.586382,97.2734375
08:00:48,91282CKF7,TSRYS5774875,D,S,T,2024-04-11,1000000.00,4.583694,97.2890625
08:00:48,91282CKF7,TSRYS5774875,D,S,T,2024-04-11,1000000.00,4.581007,97.3046875
08:00:48,91282CKF7,TSRYS5774875,D,S,T,2024-04-11,1000000.00,4.586382,97.2734375
08:00:48,91282CKF7,TSRYS5774875,D,S,T,2024-04-11,1000000.00,4.578991,97.31640625
08:00:48,91282CKF7,TSRYS5774875,D,S,T,2024-04-11,1000000.00,4.578991,97.31640625
08:00:48,91282CKF7,TSRYS5774875,D,S,T,2024-04-11,1000000.00,4.578991,97.31640625
08:00:49,91282CKF7,TSRYS5774875,D,S,T,2024-04-11,1000000.00,4.593777,97.23046875
08:00:49,91282CKF7,TSRYS5774875,D,S,T,2024-04-11,5000000.00,4.593105,97.234375
08:00:49,91282CKF7,TSRYS5774875,D,S,A,2024-04-11,30000000.00,4.596467,97.21484375
08:00:49,91282CKF7,TSRYS5774875,D,S,T,2024-04-11,1000000.00,4.593105,97.234375
08:00:49,91282CKF7,TSRYS5774875,D,S,T,2024-04-11,1000000.00,4.593777,97.23046875
08:00:49,91282CKF7,TSRYS5774875,D,S,D,2024-04-11,1000000.00,4.593105,97.234375
08:00:49,91282CKF7,TSRYS5774875,D,S,D,2024-04-11,400000.00,4.603867,97.171875
08:00:49,91282CKF7,TSRYS5774875,D,S,C,2024-04-11,1000000.00,4.588399,97.26171875
08:00:50,91282CKF7,TSRYS5774875,D,S,A,2024-04-11,25000000.00,4.573481,97.3515625
08:00:50,91282CKF7,TSRYS5774875,D,S,D,2024-04-11,49000000.00,4.5767,97.32973
08:00:50,91282CKF7,TSRYS5774875,D,S,D,2024-04-11,1000000.00,4.597476,97.208984375
08:00:54,91282CKF7,TSRYS5774875,D,S,D,2024-04-11,1000000.00,4.602185,97.181640625
08:00:54,91282CKF7,TSRYS5774875,D,S,D,2024-04-11,1000000.00,4.601849,97.18359375
08:00:54,91282CKF7,TSRYS5774875,D,S,D,2024-04-11,1000000.00,4.601849,97.18359375
08:00:54,91282CKF7,TSRYS5774875,D,S,D,2024-04-11,1000000.00,4.603194,97.17578125
08:00:54,91282CKF7,TSRYS5774875,D,S,D,2024-04-11,1000000.00,4.603867,97.171875
08:00:54,91282CKF7,TSRYS5774875,D,S,D,2024-04-11,2000000.00,4.603867,97.171875
08:00:54,91282CKF7,TSRYS5774875,D,S,D,2024-04-11,1000000.00,4.60454,97.16796875
08:00:54,91282CKF7,TSRYS5774875,D,S,D,2024-04-11,1000000.00,4.60454,97.16796875
08:00:54,91282CKF7,TSRYS5774875,D,S,D,2024-04-11,1000000.00,4.60454,97.16796875
08:00:55,91282CKF7,TSRYS5774875,D,S,D,2024-04-11,1000000.00,4.60454,97.16796875
08:00:55,91282CKF7,TSRYS5774875,D,S,D,2024-04-11,1000000.00,4.60454,97.16796875
08:00:55,91282CKF7,TSRYS5774875,D,S,D,2024-04-11,2000000.00,4.604204,97.169921875
08:00:55,91282CKF7,TSRYS5774875,D,S,D,2024-04-11,1000000.00,4.604204,97.169921875
08:00:55,91282CKF7,TSRYS5774875,D,S,D,2024-04-11,1000000.00,4.603867,97.171875
08:00:59,91282CKF7,TSRYS5774875,D,B,C,2024-04-11,40000000.00,4.57189,97.35771
08:00:59,91282CKF7,TSRYS5774875,D,S,A,2024-04-11,124000.00,4.600503,97.19140625
08:01:00,91282CKF7,TSRYS5774875,D,B,C,2024-04-11,1000000.00,4.570261,97.3671875
08:01:00,91282CKF7,TSRYS5774875,D,S,C,2024-04-11,1000000.00,4.570261,97.3671875
08:01:00,91282CKF7,TSRYS5774875,D,B,C,2024-04-11,1000000.00,4.569926,97.369140625
08:01:00,91282CKF7,TSRYS5774875,D,S,C,2024-04-11,1000000.00,4.569926,97.369140625
08:01:00,91282CKF7,TSRYS5774875,D,S,C,2024-04-11,1000000.00,4.56959,97.37109375
08:01:00,91282CKF7,TSRYS5774875,D,B,C,2024-04-11,1000000.00,4.56959,97.37109375
08:01:00,91282CKF7,TSRYS5774875,D,S,C,2024-04-11,1000000.00,4.56959,97.37109375
08:01:00,91282CKF7,TSRYS5774875,D,S,C,2024-04-11,1000000.00,4.57194,97.357421875
08:01:00,91282CKF7,TSRYS5774875,D,B,C,2024-04-11,1000000.00,4.57194,97.357421875
08:01:00,91282CKF7,TSRYS5774875,D,S,C,2024-04-11,1000000.00,4.57194,97.357421875
08:01:00,91282CKF7,TSRYS5774875,D,B,C,2024-04-11,1000000.00,4.57194,97.357421875
08:01:00,91282CKF7,TSRYS5774875,D,S,C,2024-04-11,1000000.00,4.571604,97.359375
08:01:00,91282CKF7,TSRYS5774875,D,S,C,2024-04-11,1000000.00,4.572276,97.35546875
08:01:00,91282CKF7,TSRYS5774875,D,S,C,2024-04-11,1000000.00,4.572276,97.35546875
08:01:00,91282CKF7,TSRYS5774875,D,B,C,2024-04-11,1000000.00,4.572276,97.35546875
08:01:00,91282CKF7,TSRYS5774875,D,B,C,2024-04-11,1000000.00,4.572276,97.35546875
08:01:00,91282CKF7,TSRYS5774875,D,S,C,2024-04-11,1000000.00,4.57194,97.357421875
08:01:00,91282CKF7,TSRYS5774875,D,B,C,2024-04-11,1000000.00,4.57194,97.357421875
08:01:00,91282CKF7,TSRYS5774875,D,S,C,2024-04-11,1000000.00,4.572276,97.35546875
08:01:00,91282CKF7,TSRYS5774875,D,B,C,2024-04-11,1000000.00,4.572276,97.35546875
08:01:00,91282CKF7,TSRYS5774875,D,B,C,2024-04-11,1000000.00,4.572276,97.35546875
08:01:00,91282CKF7,TSRYS5774875,D,S,C,2024-04-11,1000000.00,4.572276,97.35546875
08:01:00,91282CKF7,TSRYS5774875,D,S,C,2024-04-11,1000000.00,4.57194,97.357421875
08:01:00,91282CKF7,TSRYS5774875,D,B,C,2024-04-11,1000000.00,4.57194,97.357421875
08:01:00,91282CKF7,TSRYS5774875,D,S,C,2024-04-11,1000000.00,4.572276,97.35546875
08:01:00,91282CKF7,TSRYS5774875,D,B,C,2024-04-11,1000000.00,4.572276,97.35546875
08:01:00,91282CKF7,TSRYS5774875,D,B,C,2024-04-11,1000000.00,4.572276,97.35546875
08:01:00,91282CKF7,TSRYS5774875,D,S,C,2024-04-11,1000000.00,4.572276,97.35546875
08:01:00,91282CKF7,TSRYS5774875,D,S,C,2024-04-11,1000000.00,4.57194,97.357421875
08:01:00,91282CKF7,TSRYS5774875,D,B,C,2024-04-11,1000000.00,4.57194,97.357421875
08:01:00,91282CKF7,TSRYS5774875,D,B,C,2024-04-11,1000000.00,4.57194,97.357421875
08:01:00,91282CKF7,TSRYS5774875,D,S,C,2024-04-11,1000000.00,4.57194,97.357421875
08:01:01,91282CKF7,TSRYS5774875,D,B,C,2024-04-11,1000000.00,4.573619,97.34765625
08:01:01,91282CKF7,TSRYS5774875,D,S,C,2024-04-11,1000000.00,4.573619,97.34765625
08:01:01,91282CKF7,TSRYS5774875,D,B,C,2024-04-11,1000000.00,4.572276,97.35546875
08:01:01,91282CKF7,TSRYS5774875,D,S,C,2024-04-11,1000000.00,4.572276,97.35546875
08:01:01,91282CKF7,TSRYS5774875,D,S,C,2024-04-11,1000000.00,4.572276,97.35546875
08:01:01,91282CKF7,TSRYS5774875,D,B,C,2024-04-11,1000000.00,4.572276,97.35546875
08:01:01,91282CKF7,TSRYS5774875,D,S,D,2024-04-11,6819000.00,4.588399,97.26171875
08:01:08,91282CKF7,TSRYS5774875,D,B,C,2024-04-11,1000000.00,4.571269,97.361328125
08:01:08,91282CKF7,TSRYS5774875,D,S,D,2024-04-11,1000000.00,4.571269,97.361328125
08:01:08,91282CKF7,TSRYS5774875,D,B,C,2024-04-11,1000000.00,4.571604,97.359375
08:01:08,91282CKF7,TSRYS5774875,D,B,C,2024-04-11,1000000.00,4.571269,97.361328125
08:01:08,91282CKF7,TSRYS5774875,D,S,D,2024-04-11,1000000.00,4.575969,97.333984375
08:01:08,91282CKF7,TSRYS5774875,D,B,C,2024-04-11,1000000.00,4.571269,97.361328125
08:01:08,91282CKF7,TSRYS5774875,D,S,D,2024-04-11,1000000.00,4.571604,97.359375
08:01:08,91282CKF7,TSRYS5774875,D,S,D,2024-04-11,1000000.00,4.571269,97.361328125
08:01:08,91282CKF7,TSRYS5774875,D,S,D,2024-04-11,1000000.00,4.571269,97.361328125
08:01:08,91282CKF7,TSRYS5774875,D,S,D,2024-04-11,1000000.00,4.575633,97.3359375
08:01:08,91282CKF7,TSRYS5774875,D,S,D,2024-04-11,1000000.00,4.575633,97.3359375
08:01:08,91282CKF7,TSRYS5774875,D,S,D,2024-04-11,1000000.00,4.575633,97.3359375
08:01:08,91282CKF7,TSRYS5774875,D,B,C,2024-04-11,1000000.00,4.575969,97.333984375
08:01:08,91282CKF7,TSRYS5774875,D,S,D,2024-04-11,1000000.00,4.575633,97.3359375
08:01:08,91282CKF7,TSRYS5774875,D,B,C,2024-04-11,1000000.00,4.575633,97.3359375
08:01:08,91282CKF7,TSRYS5774875,D,B,C,2024-04-11,1000000.00,4.58571,97.27734375
08:01:08,91282CKF7,TSRYS5774875,D,B,C,2024-04-11,1000000.00,4.575633,97.3359375
08:01:08,91282CKF7,TSRYS5774875,D,S,D,2024-04-11,1000000.00,4.590415,97.25
08:01:08,91282CKF7,TSRYS5774875,D,S,D,2024-04-11,1000000.00,4.58571,97.27734375
08:01:08,91282CKF7,TSRYS5774875,D,S,C,2024-04-11,1000000.00,4.577312,97.326171875
08:01:08,91282CKF7,TSRYS5774875,D,S,C,2024-04-11,1000000.00,4.589407,97.255859375
08:01:08,91282CKF7,TSRYS5774875,D,B,C,2024-04-11,1000000.00,4.577312,97.326171875
08:01:08,91282CKF7,TSRYS5774875,D,B,C,2024-04-11,1000000.00,4.589407,97.255859375
08:01:09,91282CKF7,TSRYS5774875,D,S,C,2024-04-11,1000000.00,4.595122,97.22265625
08:01:09,91282CKF7,TSRYS5774875,D,S,C,2024-04-11,1000000.00,4.595795,97.21875
08:01:09,91282CKF7,TSRYS5774875,D,S,C,2024-04-11,1000000.00,4.595795,97.21875
08:01:09,91282CKF7,TSRYS5774875,D,S,C,2024-04-11,1000000.00,4.595795,97.21875
08:01:09,91282CKF7,TSRYS5774875,D,S,C,2024-04-11,1000000.00,4.596131,97.216796875
08:01:09,91282CKF7,TSRYS5774875,D,S,C,2024-04-11,1000000.00,4.595795,97.21875
08:01:09,91282CKF7,TSRYS5774875,D,S,C,2024-04-11,1000000.00,4.596131,97.216796875
08:01:09,91282CKF7,TSRYS5774875,D,S,D,2024-04-11,1000000.00,4.59445,97.2265625
08:01:09,91282CKF7,TSRYS5774875,D,S,C,2024-04-11,1000000.00,4.596131,97.216796875
08:01:09,91282CKF7,TSRYS5774875,D,S,C,2024-04-11,1000000.00,4.596131,97.216796875
08:01:09,91282CKF7,TSRYS5774875,D,S,C,2024-04-11,1000000.00,4.596131,97.216796875
08:01:09,91282CKF7,TSRYS5774875,D,S,C,2024-04-11,3000000.00,4.596804,97.212890625
08:01:09,91282CKF7,TSRYS5774875,D,S,C,2024-04-11,1000000.00,4.588735,97.259765625
08:01:09,91282CKF7,TSRYS5774875,D,S,C,2024-04-11,1000000.00,4.588735,97.259765625
08:01:09,91282CKF7,TSRYS5774875,D,S,C,2024-04-11,1000000.00,4.588735,97.259765625
08:01:09,91282CKF7,TSRYS5774875,D,S,C,2024-04-11,1000000.00,4.588735,97.259765625
08:01:09,91282CKF7,TSRYS5774875,D,S,C,2024-04-11,1000000.00,4.588735,97.259765625
08:01:09,91282CKF7,TSRYS5774875,D,S,C,2024-04-11,2000000.00,4.586046,97.275390625
08:01:09,91282CKF7,TSRYS5774875,D,B,C,2024-04-11,2000000.00,4.586046,97.275390625
08:01:09,91282CKF7,TSRYS5774875,D,S,C,2024-04-11,1000000.00,4.581679,97.30078125
08:01:09,91282CKF7,TSRYS5774875,D,B,C,2024-04-11,1000000.00,4.579999,97.310546875
08:01:09,91282CKF7,TSRYS5774875,D,S,D,2024-04-11,1000000.00,4.579999,97.310546875
08:01:09,91282CKF7,TSRYS5774875,D,B,C,2024-04-11,1000000.00,4.579999,97.310546875
08:01:09,91282CKF7,TSRYS5774875,D,S,D,2024-04-11,1000000.00,4.580335,97.30859375
08:01:09,91282CKF7,TSRYS5774875,D,B,C,2024-04-11,1000000.00,4.580335,97.30859375
08:01:09,91282CKF7,TSRYS5774875,D,B,C,2024-04-11,1000000.00,4.578991,97.31640625
08:01:09,91282CKF7,TSRYS5774875,D,B,C,2024-04-11,1000000.00,4.57832,97.3203125
08:01:09,91282CKF7,TSRYS5774875,D,S,D,2024-04-11,1000000.00,4.578991,97.31640625
08:01:09,91282CKF7,TSRYS5774875,D,S,D,2024-04-11,1000000.00,4.579999,97.310546875
08:01:09,91282CKF7,TSRYS5774875,D,S,D,2024-04-11,1000000.00,4.57832,97.3203125
08:01:09,91282CKF7,TSRYS5774875,D,B,C,2024-04-11,1000000.00,4.57832,97.3203125
08:01:09,91282CKF7,TSRYS5774875,D,B,C,2024-04-11,1000000.00,4.57832,97.3203125
08:01:09,91282CKF7,TSRYS5774875,D,B,C,2024-04-11,1000000.00,4.57832,97.3203125
08:01:09,91282CKF7,TSRYS5774875,D,S,D,2024-04-11,1000000.00,4.57832,97.3203125
08:01:09,91282CKF7,TSRYS5774875,D,S,D,2024-04-11,1000000.00,4.57832,97.3203125
08:01:09,91282CKF7,TSRYS5774875,D,S,D,2024-04-11,1000000.00,4.57832,97.3203125
08:01:09,91282CKF7,TSRYS5774875,D,B,C,2024-04-11,1000000.00,4.577984,97.322265625
08:01:09,91282CKF7,TSRYS5774875,D,B,C,2024-04-11,1000000.00,4.577984,97.322265625
08:01:09,91282CKF7,TSRYS5774875,D,S,D,2024-04-11,1000000.00,4.577984,97.322265625
08:01:09,91282CKF7,TSRYS5774875,D,S,D,2024-04-11,1000000.00,4.577984,97.322265625
08:01:09,91282CKF7,TSRYS5774875,D,S,D,2024-04-11,1000000.00,4.577648,97.32421875
08:01:09,91282CKF7,TSRYS5774875,D,B,C,2024-04-11,1000000.00,4.577648,97.32421875
08:01:09,91282CKF7,TSRYS5774875,D,S,D,2024-04-11,1000000.00,4.577648,97.32421875
08:01:09,91282CKF7,TSRYS5774875,D,B,C,2024-04-11,1000000.00,4.577648,97.32421875
08:01:09,91282CKF7,TSRYS5774875,D,S,D,2024-04-11,1000000.00,4.577648,97.32421875
08:01:09,91282CKF7,TSRYS5774875,D,B,C,2024-04-11,1000000.00,4.579663,97.3125
08:01:09,91282CKF7,TSRYS5774875,D,S,D,2024-04-11,1000000.00,4.579663,97.3125
08:01:10,91282CKF7,TSRYS5774875,D,S,C,2024-04-11,1000000.00,4.577984,97.322265625
08:01:10,91282CKF7,TSRYS5774875,D,S,D,2024-04-11,1000000.00,4.574962,97.33984375
08:01:10,91282CKF7,TSRYS5774875,D,B,C,2024-04-11,1000000.00,4.574962,97.33984375
08:01:10,91282CKF7,TSRYS5774875,D,S,D,2024-04-11,1000000.00,4.590415,97.25
08:01:10,91282CKF7,TSRYS5774875,D,S,D,2024-04-11,1000000.00,4.59445,97.2265625
08:01:10,91282CKF7,TSRYS5774875,D,S,D,2024-04-11,1000000.00,4.574962,97.33984375
08:01:10,91282CKF7,TSRYS5774875,D,S,C,2024-04-11,1000000.00,4.574626,97.341796875
08:01:10,91282CKF7,TSRYS5774875,D,B,C,2024-04-11,1000000.00,4.574626,97.341796875
08:01:10,91282CKF7,TSRYS5774875,D,S,C,2024-04-11,1000000.00,4.574626,97.341796875
08:01:10,91282CKF7,TSRYS5774875,D,B,C,2024-04-11,1000000.00,4.574626,97.341796875
08:01:10,91282CKF7,TSRYS5774875,D,S,C,2024-04-11,1000000.00,4.574626,97.341796875
08:01:10,91282CKF7,TSRYS5774875,D,B,C,2024-04-11,1000000.00,4.57194,97.357421875
08:01:10,91282CKF7,TSRYS5774875,D,S,C,2024-04-11,1000000.00,4.57194,97.357421875
08:01:10,91282CKF7,TSRYS5774875,D,B,C,2024-04-11,1000000.00,4.567241,97.384765625
08:01:10,91282CKF7,TSRYS5774875,D,S,C,2024-04-11,1000000.00,4.567241,97.384765625
08:01:10,91282CKF7,TSRYS5774875,D,S,C,2024-04-11,1000000.00,4.567241,97.384765625
08:01:10,91282CKF7,TSRYS5774875,D,S,C,2024-04-11,1000000.00,4.567241,97.384765625
08:01:10,91282CKF7,TSRYS5774875,D,B,C,2024-04-11,1000000.00,4.567241,97.384765625
08:01:10,91282CKF7,TSRYS5774875,D,B,C,2024-04-11,1000000.00,4.567241,97.384765625
08:01:10,91282CKF7,TSRYS5774875,D,S,C,2024-04-11,1000000.00,4.567241,97.384765625
08:01:13,91282CKF7,TSRYS5774875,D,S,C,2024-04-11,2000000.00,4.567912,97.380859375
08:01:13,91282CKF7,TSRYS5774875,D,B,C,2024-04-11,2000000.00,4.567912,97.380859375
08:01:13,91282CKF7,TSRYS5774875,D,B,C,2024-04-11,1000000.00,4.570933,97.36328125
08:01:13,91282CKF7,TSRYS5774875,D,S,C,2024-04-11,1000000.00,4.570933,97.36328125
08:01:13,91282CKF7,TSRYS5774875,D,S,D,2024-04-11,1000000.00,4.570933,97.36328125
08:01:13,91282CKF7,TSRYS5774875,D,B,C,2024-04-11,1000000.00,4.570933,97.36328125
08:01:13,91282CKF7,TSRYS5774875,D,S,D,2024-04-11,1000000.00,4.570933,97.36328125
08:01:13,91282CKF7,TSRYS5774875,D,B,C,2024-04-11,1000000.00,4.570933,97.36328125
08:01:13,91282CKF7,TSRYS5774875,D,S,C,2024-04-11,1000000.00,4.568583,97.376953125
08:01:13,91282CKF7,TSRYS5774875,D,B,C,2024-04-11,1000000.00,4.568583,97.376953125
08:01:13,91282CKF7,TSRYS5774875,D,S,C,2024-04-11,1000000.00,4.568248,97.37890625
08:01:13,91282CKF7,TSRYS5774875,D,B,C,2024-04-11,1000000.00,4.568248,97.37890625
08:01:13,91282CKF7,TSRYS5774875,D,B,C,2024-04-11,1000000.00,4.592769,97.23632812
08:01:13,91282CKF7,TSRYS5774875,D,B,C,2024-04-11,22000000.00,4.603194,97.17578125
08:01:13,91282CKF7,TSRYS5774875,D,B,C,2024-04-11,300000.00,4.584366,97.28515625
08:01:13,91282CKF7,TSRYS5774875,D,B,C,2024-04-11,1000000.00,4.567912,97.380859375
08:01:13,91282CKF7,TSRYS5774875,D,S,C,2024-04-11,1000000.00,4.567912,97.380859375
08:01:13,91282CKF7,TSRYS5774875,D,S,C,2024-04-11,2000000.00,4.566234,97.390625
08:01:13,91282CKF7,TSRYS5774875,D,B,C,2024-04-11,1000000.00,4.564892,97.3984375
08:01:13,91282CKF7,TSRYS5774875,D,S,C,2024-04-11,1000000.00,4.564892,97.3984375
08:01:13,91282CKF7,TSRYS5774875,D,B,C,2024-04-11,1000000.00,4.564892,97.3984375
08:01:13,91282CKF7,TSRYS5774875,D,S,C,2024-04-11,1000000.00,4.564892,97.3984375
08:01:13,91282CKF7,TSRYS5774875,D,S,C,2024-04-11,1000000.00,4.562879,97.41015625
08:01:13,91282CKF7,TSRYS5774875,D,B,C,2024-04-11,1000000.00,4.562543,97.412109375
08:01:13,91282CKF7,TSRYS5774875,D,S,C,2024-04-11,1000000.00,4.562543,97.412109375
08:01:13,91282CKF7,TSRYS5774875,D,B,C,2024-04-11,1000000.00,4.562543,97.412109375
08:01:13,91282CKF7,TSRYS5774875,D,S,C,2024-04-11,1000000.00,4.562543,97.412109375
08:01:13,91282CKF7,TSRYS5774875,D,B,C,2024-04-11,1000000.00,4.562208,97.4140625
08:01:13,91282CKF7,TSRYS5774875,D,S,C,2024-04-11,1000000.00,4.562208,97.4140625
08:01:13,91282CKF7,TSRYS5774875,D,S,C,2024-04-11,1000000.00,4.562543,97.412109375
08:01:13,91282CKF7,TSRYS5774875,D,B,C,2024-04-11,1000000.00,4.562543,97.412109375
08:01:13,91282CKF7,TSRYS5774875,D,B,C,2024-04-11,1000000.00,4.562543,97.412109375
08:01:13,91282CKF7,TSRYS5774875,D,B,C,2024-04-11,1000000.00,4.563214,97.408203125
08:01:13,91282CKF7,TSRYS5774875,D,B,C,2024-04-11,1000000.00,4.563214,97.408203125
08:01:13,91282CKF7,TSRYS5774875,D,S,C,2024-04-11,1000000.00,4.563214,97.408203125
08:01:13,91282CKF7,TSRYS5774875,D,S,C,2024-04-11,1000000.00,4.563214,97.408203125
08:01:13,91282CKF7,TSRYS5774875,D,S,C,2024-04-11,1000000.00,4.562543,97.412109375
08:01:13,91282CKF7,TSRYS5774875,D,B,C,2024-04-11,1000000.00,4.563214,97.408203125
08:01:13,91282CKF7,TSRYS5774875,D,S,C,2024-04-11,1000000.00,4.563214,97.408203125
08:01:13,91282CKF7,TSRYS5774875,D,B,C,2024-04-11,1000000.00,4.565227,97.396484375
08:01:13,91282CKF7,TSRYS5774875,D,S,C,2024-04-11,1000000.00,4.565227,97.396484375
08:01:13,91282CKF7,TSRYS5774875,D,S,C,2024-04-11,1000000.00,4.567241,97.384765625
08:01:13,91282CKF7,TSRYS5774875,D,B,C,2024-04-11,1000000.00,4.567912,97.380859375
08:01:13,91282CKF7,TSRYS5774875,D,S,C,2024-04-11,1000000.00,4.567912,97.380859375
08:01:13,91282CKF7,TSRYS5774875,D,B,C,2024-04-11,1000000.00,4.567912,97.380859375
08:01:13,91282CKF7,TSRYS5774875,D,S,C,2024-04-11,1000000.00,4.567912,97.380859375
08:01:13,91282CKF7,TSRYS5774875,D,B,C,2024-04-11,1000000.00,4.567576,97.3828125
08:01:13,91282CKF7,TSRYS5774875,D,B,C,2024-04-11,1000000.00,4.57194,97.357421875
08:01:13,91282CKF7,TSRYS5774875,D,S,C,2024-04-11,1000000.00,4.57194,97.357421875
08:01:13,91282CKF7,TSRYS5774875,D,B,C,2024-04-11,1000000.00,4.57194,97.357421875
08:01:13,91282CKF7,TSRYS5774875,D,S,C,2024-04-11,1000000.00,4.57194,97.357421875
08:01:13,91282CKF7,TSRYS5774875,D,B,C,2024-04-11,1000000.00,4.57194,97.357421875
08:01:13,91282CKF7,TSRYS5774875,D,S,C,2024-04-11,1000000.00,4.57194,97.357421875
08:01:13,91282CKF7,TSRYS5774875,D,B,C,2024-04-11,1000000.00,4.57194,97.357421875
08:01:13,91282CKF7,TSRYS5774875,D,B,C,2024-04-11,1000000.00,4.567576,97.3828125
08:01:13,91282CKF7,TSRYS5774875,D,S,C,2024-04-11,1000000.00,4.567576,97.3828125
08:01:13,91282CKF7,TSRYS5774875,D,S,C,2024-04-11,1000000.00,4.567576,97.3828125
08:01:13,91282CKF7,TSRYS5774875,D,B,C,2024-04-11,1000000.00,4.567576,97.3828125
08:01:13,91282CKF7,TSRYS5774875,D,S,C,2024-04-11,1000000.00,4.567576,97.3828125
08:01:13,91282CKF7,TSRYS5774875,D,B,C,2024-04-11,1000000.00,4.567576,97.3828125
08:01:13,91282CKF7,TSRYS5774875,D,S,C,2024-04-11,1000000.00,4.567576,97.3828125
08:01:13,91282CKF7,TSRYS5774875,D,S,C,2024-04-11,1000000.00,4.567576,97.3828125
08:01:13,91282CKF7,TSRYS5774875,D,B,C,2024-04-11,1000000.00,4.568583,97.376953125
08:01:13,91282CKF7,TSRYS5774875,D,B,C,2024-04-11,1000000.00,4.567576,97.3828125
08:01:13,91282CKF7,TSRYS5774875,D,S,C,2024-04-11,1000000.00,4.568248,97.37890625
08:01:13,91282CKF7,TSRYS5774875,D,B,C,2024-04-11,1000000.00,4.568248,97.37890625
08:01:13,91282CKF7,TSRYS5774875,D,S,C,2024-04-11,1000000.00,4.568583,97.376953125
08:01:13,91282CKF7,TSRYS5774875,D,S,C,2024-04-11,1000000.00,4.568583,97.376953125
08:01:13,91282CKF7,TSRYS5774875,D,B,C,2024-04-11,1000000.00,4.568583,97.376953125
08:01:13,91282CKF7,TSRYS5774875,D,S,C,2024-04-11,1000000.00,4.569926,97.369140625
08:01:13,91282CKF7,TSRYS5774875,D,B,C,2024-04-11,1000000.00,4.569926,97.369140625
08:01:13,91282CKF7,TSRYS5774875,D,B,C,2024-04-11,1000000.00,4.569926,97.369140625
08:01:13,91282CKF7,TSRYS5774875,D,B,C,2024-04-11,1000000.00,4.569926,97.369140625
08:01:13,91282CKF7,TSRYS5774875,D,S,C,2024-04-11,1000000.00,4.57194,97.357421875
08:01:13,91282CKF7,TSRYS5774875,D,B,C,2024-04-11,1000000.00,4.57194,97.357421875
08:01:13,91282CKF7,TSRYS5774875,D,S,C,2024-04-11,1000000.00,4.57194,97.357421875
08:01:13,91282CKF7,TSRYS5774875,D,B,C,2024-04-11,1000000.00,4.57194,97.357421875
08:01:13,91282CKF7,TSRYS5774875,D,S,C,2024-04-11,1000000.00,4.57194,97.357421875
08:01:13,91282CKF7,TSRYS5774875,D,B,C,2024-04-11,1000000.00,4.57194,97.357421875
08:01:13,91282CKF7,TSRYS5774875,D,S,C,2024-04-11,1000000.00,4.569926,97.369140625
08:01:13,91282CKF7,TSRYS5774875,D,S,C,2024-04-11,1000000.00,4.569926,97.369140625
08:01:13,91282CKF7,TSRYS5774875,D,S,D,2024-04-11,4000000.00,4.574841,97.3405438
08:01:13,91282CKF7,TSRYS5774875,D,S,C,2024-04-11,1000000.00,4.57194,97.357421875
08:01:13,91282CKF7,TSRYS5774875,D,B,C,2024-04-11,1000000.00,4.57194,97.357421875
08:01:13,91282CKF7,TSRYS5774875,D,S,C,2024-04-11,1000000.00,4.57194,97.357421875
08:01:13,91282CKF7,TSRYS5774875,D,B,C,2024-04-11,1000000.00,4.57194,97.357421875
08:01:13,91282CKF7,TSRYS5774875,D,S,C,2024-04-11,1000000.00,4.57194,97.357421875
08:01:13,91282CKF7,TSRYS5774875,D,B,C,2024-04-11,1000000.00,4.57194,97.357421875
08:01:13,91282CKF7,TSRYS5774875,D,S,C,2024-04-11,1000000.00,4.57194,97.357421875
08:01:13,91282CKF7,TSRYS5774875,D,B,C,2024-04-11,1000000.00,4.572947,97.3515625
08:01:13,91282CKF7,TSRYS5774875,D,S,C,2024-04-11,1000000.00,4.572947,97.3515625
08:01:13,91282CKF7,TSRYS5774875,D,B,C,2024-04-11,1000000.00,4.572947,97.3515625
08:01:13,91282CKF7,TSRYS5774875,D,S,C,2024-04-11,1000000.00,4.572947,97.3515625
08:01:13,91282CKF7,TSRYS5774875,D,B,C,2024-04-11,1000000.00,4.572947,97.3515625
08:01:13,91282CKF7,TSRYS5774875,D,S,C,2024-04-11,1000000.00,4.572947,97.3515625
08:01:13,91282CKF7,TSRYS5774875,D,S,C,2024-04-11,1000000.00,4.568919,97.375
08:01:13,91282CKF7,TSRYS5774875,D,S,C,2024-04-11,1000000.00,4.572276,97.35546875
08:01:13,91282CKF7,TSRYS5774875,D,S,D,2024-04-11,2000000.00,4.575513,97.3366375
08:01:13,91282CKF7,TSRYS5774875,D,B,C,2024-04-11,1000000.00,4.572276,97.35546875
08:01:13,91282CKF7,TSRYS5774875,D,B,C,2024-04-11,1000000.00,4.572611,97.353515625
08:01:13,91282CKF7,TSRYS5774875,D,S,C,2024-04-11,1000000.00,4.572611,97.353515625
08:01:13,91282CKF7,TSRYS5774875,D,S,D,2024-04-11,1000000.00,4.567241,97.38476562
08:01:13,91282CKF7,TSRYS5774875,D,S,C,2024-04-11,1000000.00,4.567241,97.38476562
08:01:14,91282CKF7,TSRYS5774875,D,B,C,2024-04-11,1000000.00,4.571269,97.361328125
08:01:14,91282CKF7,TSRYS5774875,D,S,C,2024-04-11,1000000.00,4.571269,97.361328125
08:01:14,91282CKF7,TSRYS5774875,D,B,C,2024-04-11,1000000.00,4.574962,97.33984375
08:01:14,91282CKF7,TSRYS5774875,D,B,C,2024-04-11,1000000.00,4.574962,97.33984375
08:01:14,91282CKF7,TSRYS5774875,D,S,C,2024-04-11,1000000.00,4.574962,97.33984375
08:01:14,91282CKF7,TSRYS5774875,D,S,C,2024-04-11,1000000.00,4.574962,97.33984375
08:01:14,91282CKF7,TSRYS5774875,D,S,D,2024-04-11,1000000.00,4.575633,97.3359375
08:01:14,91282CKF7,TSRYS5774875,D,S,D,2024-04-11,1000000.00,4.575633,97.3359375
08:01:14,91282CKF7,TSRYS5774875,D,B,C,2024-04-11,1000000.00,4.575633,97.3359375
08:01:14,91282CKF7,TSRYS5774875,D,B,C,2024-04-11,1000000.00,4.576305,97.33203125
08:01:14,91282CKF7,TSRYS5774875,D,S,C,2024-04-11,1000000.00,4.576305,97.33203125
08:01:14,91282CKF7,TSRYS5774875,D,S,C,2024-04-11,1000000.00,4.576305,97.33203125
08:01:14,91282CKF7,TSRYS5774875,D,S,C,2024-04-11,1000000.00,4.577648,97.32421875
08:01:14,91282CKF7,TSRYS5774875,D,S,C,2024-04-11,1000000.00,4.577648,97.32421875
08:01:14,91282CKF7,TSRYS5774875,D,B,C,2024-04-11,1000000.00,4.577648,97.32421875
08:01:14,91282CKF7,TSRYS5774875,D,S,C,2024-04-11,1000000.00,4.577984,97.322265625
08:01:14,91282CKF7,TSRYS5774875,D,B,C,2024-04-11,1000000.00,4.577984,97.322265625
08:01:14,91282CKF7,TSRYS5774875,D,S,C,2024-04-11,1000000.00,4.577648,97.32421875
08:01:14,91282CKF7,TSRYS5774875,D,S,C,2024-04-11,1000000.00,4.577984,97.322265625
08:01:14,91282CKF7,TSRYS5774875,D,S,C,2024-04-11,1000000.00,4.577984,97.322265625
08:01:14,91282CKF7,TSRYS5774875,D,B,C,2024-04-11,1000000.00,4.577984,97.322265625
08:01:14,91282CKF7,TSRYS5774875,D,B,C,2024-04-11,1000000.00,4.577984,97.322265625
08:01:14,91282CKF7,TSRYS5774875,D,S,C,2024-04-11,1000000.00,4.577984,97.322265625
08:01:14,91282CKF7,TSRYS5774875,D,S,C,2024-04-11,1000000.00,4.577984,97.322265625
08:01:14,91282CKF7,TSRYS5774875,D,S,C,2024-04-11,1000000.00,4.577984,97.322265625
08:01:14,91282CKF7,TSRYS5774875,D,S,C,2024-04-11,1000000.00,4.577984,97.322265625
08:01:14,91282CKF7,TSRYS5774875,D,B,C,2024-04-11,1000000.00,4.577984,97.322265625
08:01:14,91282CKF7,TSRYS5774875,D,B,C,2024-04-11,1000000.00,4.577984,97.322265625
08:01:14,91282CKF7,TSRYS5774875,D,S,D,2024-04-11,1000000.00,4.580335,97.30859375
08:01:14,91282CKF7,TSRYS5774875,D,S,C,2024-04-11,1000000.00,4.580335,97.30859375
08:01:14,91282CKF7,TSRYS5774875,D,B,C,2024-04-11,1000000.00,4.580335,97.30859375
08:01:14,91282CKF7,TSRYS5774875,D,B,C,2024-04-11,1000000.00,4.580335,97.30859375
08:01:14,91282CKF7,TSRYS5774875,D,B,C,2024-04-11,1000000.00,4.580335,97.30859375
08:01:14,91282CKF7,TSRYS5774875,D,S,D,2024-04-11,1000000.00,4.580335,97.30859375
08:01:14,91282CKF7,TSRYS5774875,D,S,D,2024-04-11,1000000.00,4.580671,97.306640625
08:01:14,91282CKF7,TSRYS5774875,D,B,C,2024-04-11,1000000.00,4.580671,97.306640625
08:01:14,91282CKF7,TSRYS5774875,D,S,C,2024-04-11,1000000.00,4.580671,97.306640625
08:01:14,91282CKF7,TSRYS5774875,D,B,C,2024-04-11,1000000.00,4.580671,97.306640625
08:01:14,91282CKF7,TSRYS5774875,D,B,C,2024-04-11,1000000.00,4.580671,97.306640625
08:01:14,91282CKF7,TSRYS5774875,D,S,C,2024-04-11,1000000.00,4.580671,97.306640625
08:01:17,91282CKF7,TSRYS5774875,D,S,C,2024-04-11,1000000.00,4.584366,97.28515625
08:01:17,91282CKF7,TSRYS5774875,D,S,C,2024-04-11,1000000.00,4.587055,97.26953125
08:01:17,91282CKF7,TSRYS5774875,D,B,C,2024-04-11,1000000.00,4.587055,97.26953125
08:01:17,91282CKF7,TSRYS5774875,D,S,C,2024-04-11,1000000.00,4.59176,97.2421875
08:01:17,91282CKF7,TSRYS5774875,D,B,C,2024-04-11,1000000.00,4.59176,97.2421875
08:01:17,91282CKF7,TSRYS5774875,D,S,C,2024-04-11,1000000.00,4.59176,97.2421875
08:01:17,91282CKF7,TSRYS5774875,D,B,C,2024-04-11,1000000.00,4.59176,97.2421875
08:01:17,91282CKF7,TSRYS5774875,D,S,C,2024-04-11,1000000.00,4.591088,97.24609375
08:01:17,91282CKF7,TSRYS5774875,D,S,D,2024-04-11,1000000.00,4.587055,97.26953125
08:01:17,91282CKF7,TSRYS5774875,D,B,C,2024-04-11,1000000.00,4.587055,97.26953125
08:01:17,91282CKF7,TSRYS5774875,D,S,C,2024-04-11,1000000.00,4.587055,97.26953125
08:01:17,91282CKF7,TSRYS5774875,D,S,D,2024-04-11,1000000.00,4.587055,97.26953125
08:01:17,91282CKF7,TSRYS5774875,D,B,C,2024-04-11,1000000.00,4.587055,97.26953125
08:01:17,91282CKF7,TSRYS5774875,D,B,C,2024-04-11,1000000.00,4.587055,97.26953125
08:01:17,91282CKF7,TSRYS5774875,D,S,C,2024-04-11,1000000.00,4.595458,97.220703125
08:01:17,91282CKF7,TSRYS5774875,D,S,D,2024-04-11,1000000.00,4.595122,97.22265625
08:01:17,91282CKF7,TSRYS5774875,D,S,C,2024-04-11,2000000.00,4.595122,97.22265625
08:01:17,91282CKF7,TSRYS5774875,D,S,D,2024-04-11,1000000.00,4.595122,97.22265625
08:01:17,91282CKF7,TSRYS5774875,D,B,C,2024-04-11,1000000.00,4.596131,97.216796875
08:01:17,91282CKF7,TSRYS5774875,D,S,D,2024-04-11,1000000.00,4.595122,97.22265625
08:01:17,91282CKF7,TSRYS5774875,D,S,C,2024-04-11,1000000.00,4.596131,97.216796875
08:01:17,91282CKF7,TSRYS5774875,D,S,C,2024-04-11,1000000.00,4.59714,97.2109375
08:01:17,91282CKF7,TSRYS5774875,D,S,A,2024-04-11,300000.00,4.59176,97.2421875
08:01:17,91282CKF7,TSRYS5774875,D,S,D,2024-04-11,1000000.00,4.601849,97.18359375
08:01:17,91282CKF7,TSRYS5774875,D,S,D,2024-04-11,1000000.00,4.601512,97.185546875
08:01:17,91282CKF7,TSRYS5774875,D,S,D,2024-04-11,1000000.00,4.601849,97.18359375
08:01:17,91282CKF7,TSRYS5774875,D,S,C,2024-04-11,1000000.00,4.601176,97.1875
08:01:17,91282CKF7,TSRYS5774875,D,S,D,2024-04-11,1000000.00,4.601849,97.18359375
08:01:17,91282CKF7,TSRYS5774875,D,B,C,2024-04-11,1000000.00,4.601176,97.1875
08:01:17,91282CKF7,TSRYS5774875,D,S,C,2024-04-11,2000000.00,4.600167,97.193359375
08:01:17,91282CKF7,TSRYS5774875,D,B,C,2024-04-11,1000000.00,4.601512,97.185546875
08:01:17,91282CKF7,TSRYS5774875,D,S,C,2024-04-11,1000000.00,4.601512,97.185546875
08:01:17,91282CKF7,TSRYS5774875,D,S,C,2024-04-11,1000000.00,4.601512,97.185546875
08:01:17,91282CKF7,TSRYS5774875,D,S,C,2024-04-11,1000000.00,4.59983,97.1953125
08:01:17,91282CKF7,TSRYS5774875,D,B,C,2024-04-11,1000000.00,4.603867,97.171875
08:01:17,91282CKF7,TSRYS5774875,D,B,C,2024-04-11,2000000.00,4.603867,97.171875
08:01:17,91282CKF7,TSRYS5774875,D,S,C,2024-04-11,1000000.00,4.603867,97.171875
08:01:17,91282CKF7,TSRYS5774875,D,S,D,2024-04-11,2000000.00,4.603867,97.171875
08:01:17,91282CKF7,TSRYS5774875,D,B,C,2024-04-11,1000000.00,4.603867,97.171875
08:01:17,91282CKF7,TSRYS5774875,D,B,C,2024-04-11,1000000.00,4.603867,97.171875
08:01:17,91282CKF7,TSRYS5774875,D,S,D,2024-04-11,1000000.00,4.603867,97.171875
08:01:17,91282CKF7,TSRYS5774875,D,S,C,2024-04-11,1000000.00,4.603867,97.171875
08:01:17,91282CKF7,TSRYS5774875,D,B,C,2024-04-11,1000000.00,4.603867,97.171875
08:01:17,91282CKF7,TSRYS5774875,D,S,C,2024-04-11,1000000.00,4.603867,97.171875
08:01:17,91282CKF7,TSRYS5774875,D,B,C,2024-04-11,1000000.00,4.603867,97.171875
08:01:17,91282CKF7,TSRYS5774875,D,B,C,2024-04-11,1000000.00,4.603867,97.171875
08:01:17,91282CKF7,TSRYS5774875,D,S,D,2024-04-11,1000000.00,4.603867,97.171875
08:01:17,91282CKF7,TSRYS5774875,D,S,C,2024-04-11,1000000.00,4.603867,97.171875
08:01:17,91282CKF7,TSRYS5774875,D,B,C,2024-04-11,2000000.00,4.598485,97.203125
08:01:17,91282CKF7,TSRYS5774875,D,S,D,2024-04-11,2000000.00,4.598485,97.203125
08:01:17,91282CKF7,TSRYS5774875,D,B,C,2024-04-11,1000000.00,4.585038,97.28125
08:01:17,91282CKF7,TSRYS5774875,D,S,C,2024-04-11,1000000.00,4.585038,97.28125
08:01:17,91282CKF7,TSRYS5774875,D,S,C,2024-04-11,1000000.00,4.601512,97.185546875
08:01:17,91282CKF7,TSRYS5774875,D,B,C,2024-04-11,1000000.00,4.601512,97.185546875
08:01:18,91282CKF7,TSRYS5774875,D,S,C,2024-04-11,2000000.00,4.575512,97.33664
08:01:18,91282CKF7,TSRYS5774875,D,S,C,2024-04-11,1000000.00,4.581007,97.3046875
08:01:18,91282CKF7,TSRYS5774875,D,B,C,2024-04-11,1000000.00,4.581007,97.3046875
08:01:18,91282CKF7,TSRYS5774875,D,S,C,2024-04-11,1000000.00,4.581007,97.3046875
08:01:18,91282CKF7,TSRYS5774875,D,B,C,2024-04-11,1000000.00,4.581007,97.3046875
08:01:18,91282CKF7,TSRYS5774875,D,S,C,2024-04-11,1000000.00,4.58403,97.287109375
08:01:18,91282CKF7,TSRYS5774875,D,S,C,2024-04-11,1000000.00,4.58403,97.287109375
08:01:18,91282CKF7,TSRYS5774875,D,B,C,2024-04-11,1000000.00,4.58403,97.287109375
08:01:18,91282CKF7,TSRYS5774875,D,S,C,2024-04-11,20000000.00,4.571198,97.36174
08:01:18,91282CKF7,TSRYS5774875,D,S,C,2024-04-11,1000000.00,4.584702,97.283203125
08:01:18,91282CKF7,TSRYS5774875,D,B,C,2024-04-11,3000000.00,4.585038,97.28125
08:01:18,91282CKF7,TSRYS5774875,D,S,D,2024-04-11,3000000.00,4.585038,97.28125
08:01:18,91282CKF7,TSRYS5774875,D,S,D,2024-04-11,1000000.00,4.585038,97.28125
08:01:21,91282CKF7,TSRYS5774875,D,S,D,2024-04-11,1000000.00,4.578991,97.31640625
08:01:21,91282CKF7,TSRYS5774875,D,B,C,2024-04-11,1000000.00,4.581343,97.302734375
08:01:21,91282CKF7,TSRYS5774875,D,S,C,2024-04-11,1000000.00,4.578991,97.31640625
08:01:21,91282CKF7,TSRYS5774875,D,S,C,2024-04-11,1000000.00,4.581343,97.302734375
08:01:21,91282CKF7,TSRYS5774875,D,S,D,2024-04-11,1000000.00,4.581679,97.30078125
08:01:21,91282CKF7,TSRYS5774875,D,S,D,2024-04-11,1000000.00,4.585038,97.28125
08:01:21,91282CKF7,TSRYS5774875,D,S,C,2024-04-11,1000000.00,4.589743,97.25390625
08:01:21,91282CKF7,TSRYS5774875,D,S,C,2024-04-11,1000000.00,4.594786,97.224609375
08:01:21,91282CKF7,TSRYS5774875,D,S,C,2024-04-11,1000000.00,4.595122,97.22265625
08:01:21,91282CKF7,TSRYS5774875,D,S,C,2024-04-11,1000000.00,4.597476,97.208984375
08:01:21,91282CKF7,TSRYS5774875,D,S,D,2024-04-11,1000000.00,4.593105,97.234375
08:01:21,91282CKF7,TSRYS5774875,D,S,C,2024-04-11,1000000.00,4.589743,97.25390625
08:01:21,91282CKF7,TSRYS5774875,D,S,C,2024-04-11,1000000.00,4.589743,97.25390625
08:01:21,91282CKF7,TSRYS5774875,D,S,D,2024-04-11,2000000.00,4.589407,97.25585937
08:01:22,91282CKF7,TSRYS5774875,D,S,T,2024-04-11,1000000.00,4.593127,97.234245
08:01:22,91282CKF7,TSRYS5774875,D,S,T,2024-04-11,1000000.00,4.593127,97.234245
08:01:22,91282CKF7,TSRYS5774875,D,S,T,2024-04-11,3000000.00,4.593127,97.234245
08:01:25,91282CKF7,TSRYS5774875,D,S,T,2024-04-11,1000000.00,4.577648,97.32421875
08:01:25,91282CKF7,TSRYS5774875,D,S,T,2024-04-11,1000000.00,4.591088,97.24609375
08:01:25,91282CKF7,TSRYS5774875,D,S,T,2024-04-11,1000000.00,4.591088,97.24609375
08:01:25,91282CKF7,TSRYS5774875,D,S,T,2024-04-11,1000000.00,4.590752,97.248046875
08:01:25,91282CKF7,TSRYS5774875,D,S,T,2024-04-11,2000000.00,4.591088,97.24609375
08:01:25,91282CKF7,TSRYS5774875,D,S,T,2024-04-11,1000000.00,4.59445,97.2265625
08:01:25,91282CKF7,TSRYS5774875,D,S,T,2024-04-11,2000000.00,4.59445,97.2265625
08:01:25,91282CKF7,TSRYS5774875,D,S,T,2024-04-11,1000000.00,4.601198,97.18737
08:01:25,91282CKF7,TSRYS5774875,D,S,T,2024-04-11,1000000.00,4.601198,97.18737
08:01:25,91282CKF7,TSRYS5774875,D,S,T,2024-04-11,1000000.00,4.601198,97.18737
08:01:25,91282CKF7,TSRYS5774875,D,S,T,2024-04-11,2000000.00,4.601198,97.18737
08:01:25,91282CKF7,TSRYS5774875,D,S,T,2024-04-11,1000000.00,4.601198,97.18737
08:01:25,91282CKF7,TSRYS5774875,D,S,D,2024-04-11,1000000.00,4.603531,97.173828125
08:01:25,91282CKF7,TSRYS5774875,D,S,T,2024-04-11,2000000.00,4.601198,97.18737
08:01:25,91282CKF7,TSRYS5774875,D,S,T,2024-04-11,1000000.00,4.601198,97.18737
08:01:25,91282CKF7,TSRYS5774875,D,S,C,2024-04-11,1000000.00,4.577648,97.32421875
08:01:25,91282CKF7,TSRYS5774875,D,S,T,2024-04-11,1000000.00,4.601198,97.18737
08:01:25,91282CKF7,TSRYS5774875,D,S,T,2024-04-11,1000000.00,4.601198,97.18737
08:01:25,91282CKF7,TSRYS5774875,D,S,T,2024-04-11,1000000.00,4.601198,97.18737
08:01:25,91282CKF7,TSRYS5774875,D,S,C,2024-04-11,1000000.00,4.56959,97.37109375
08:01:25,91282CKF7,TSRYS5774875,D,S,T,2024-04-11,1000000.00,4.601198,97.18737
08:01:25,91282CKF7,TSRYS5774875,D,S,T,2024-04-11,1000000.00,4.601198,97.18737
08:01:25,91282CKF7,TSRYS5774875,D,S,T,2024-04-11,1000000.00,4.601198,97.18737
08:01:25,91282CKF7,TSRYS5774875,D,S,D,2024-04-11,2000000.00,4.571269,97.361328125
08:01:25,91282CKF7,TSRYS5774875,D,S,D,2024-04-11,1000000.00,4.571269,97.361328125
08:01:25,91282CKF7,TSRYS5774875,D,S,T,2024-04-11,1000000.00,4.601176,97.1875
08:01:25,91282CKF7,TSRYS5774875,D,S,T,2024-04-11,1000000.00,4.601202,97.18735
08:01:25,91282CKF7,TSRYS5774875,D,S,T,2024-04-11,3000000.00,4.601198,97.18737
08:01:25,91282CKF7,TSRYS5774875,D,S,T,2024-04-11,1000000.00,4.601198,97.18737
08:01:25,91282CKF7,TSRYS5774875,D,S,T,2024-04-11,1000000.00,4.601198,97.18737
08:01:25,91282CKF7,TSRYS5774875,D,S,T,2024-04-11,1000000.00,4.601198,97.18737
08:01:25,91282CKF7,TSRYS5774875,D,S,T,2024-04-11,1000000.00,4.601198,97.18737
08:01:25,91282CKF7,TSRYS5774875,D,S,T,2024-04-11,1000000.00,4.601198,97.18737
08:01:25,91282CKF7,TSRYS5774875,D,S,T,2024-04-11,2000000.00,4.601198,97.18737
08:01:25,91282CKF7,TSRYS5774875,D,S,T,2024-04-11,1000000.00,4.598485,97.203125
08:01:25,91282CKF7,TSRYS5774875,D,S,T,2024-04-11,1000000.00,4.598511,97.202975
08:01:25,91282CKF7,TSRYS5774875,D,S,T,2024-04-11,2000000.00,4.601176,97.1875
08:01:26,91282CKF7,TSRYS5774875,D,S,T,2024-04-11,2000000.00,4.601176,97.1875
08:01:26,91282CKF7,TSRYS5774875,D,S,T,2024-04-11,1000000.00,4.601176,97.1875
08:01:26,91282CKF7,TSRYS5774875,D,S,T,2024-04-11,1000000.00,4.601202,97.18735
08:01:26,91282CKF7,TSRYS5774875,D,S,T,2024-04-11,1000000.00,4.601176,97.1875
08:01:26,91282CKF7,TSRYS5774875,D,S,T,2024-04-11,1000000.00,4.601202,97.18735
08:01:26,91282CKF7,TSRYS5774875,D,S,T,2024-04-11,1000000.00,4.601176,97.1875
08:01:26,91282CKF7,TSRYS5774875,D,S,T,2024-04-11,1000000.00,4.601176,97.1875
08:01:26,91282CKF7,TSRYS5774875,D,S,T,2024-04-11,1000000.00,4.601176,97.1875
08:01:26,91282CKF7,TSRYS5774875,D,S,D,2024-04-11,1000000.00,4.574626,97.34179687
08:01:26,91282CKF7,TSRYS5774875,D,S,T,2024-04-11,1000000.00,4.603867,97.171875
08:01:26,91282CKF7,TSRYS5774875,D,S,T,2024-04-11,1000000.00,4.603893,97.171725
08:01:26,91282CKF7,TSRYS5774875,D,S,C,2024-04-11,1000000.00,4.589407,97.25585937
08:01:26,91282CKF7,TSRYS5774875,D,S,C,2024-04-11,1000000.00,4.589407,97.25585937
08:01:26,91282CKF7,TSRYS5774875,D,S,D,2024-04-11,2000000.00,4.589407,97.25585937
08:01:26,91282CKF7,TSRYS5774875,D,S,D,2024-04-11,1000000.00,4.576976,97.328125
08:01:27,91282CKF7,TSRYS5774875,D,S,T,2024-04-11,1000000.00,4.603867,97.171875
08:01:27,91282CKF7,TSRYS5774875,D,S,D,2024-04-11,1000000.00,4.575969,97.333984375
08:01:27,91282CKF7,TSRYS5774875,D,S,D,2024-04-11,1000000.00,4.575969,97.333984375
08:01:27,91282CKF7,TSRYS5774875,D,B,C,2024-04-11,2000000.00,4.575633,97.3359375
08:01:27,91282CKF7,TSRYS5774875,D,S,D,2024-04-11,2000000.00,4.575633,97.3359375
08:01:27,91282CKF7,TSRYS5774875,D,B,C,2024-04-11,10000000.00,4.575633,97.3359375
08:01:27,91282CKF7,TSRYS5774875,D,S,D,2024-04-11,10000000.00,4.575633,97.3359375
08:01:27,91282CKF7,TSRYS5774875,D,S,C,2024-04-11,1000000.00,4.589407,97.25585937
08:01:29,91282CKF7,TSRYS5774875,D,B,A,2024-04-11,2000000.00,4.59983,97.1953125
08:01:29,91282CKF7,TSRYS5774875,D,S,T,2024-04-11,2000000.00,4.599848,97.1952125
08:01:29,91282CKF7,TSRYS5774875,D,B,A,2024-04-11,2000000.00,4.600167,97.193359375
08:01:29,91282CKF7,TSRYS5774875,D,S,T,2024-04-11,2000000.00,4.600184,97.193259375
08:01:29,91282CKF7,TSRYS5774875,D,B,A,2024-04-11,2000000.00,4.600503,97.19140625
08:01:29,91282CKF7,TSRYS5774875,D,S,T,2024-04-11,2000000.00,4.60052,97.19130625
08:01:29,91282CKF7,TSRYS5774875,D,B,A,2024-04-11,1000000.00,4.600503,97.19140625
08:01:29,91282CKF7,TSRYS5774875,D,S,T,2024-04-11,1000000.00,4.60052,97.19130625
08:01:29,91282CKF7,TSRYS5774875,D,B,A,2024-04-11,2000000.00,4.600503,97.19140625
08:01:29,91282CKF7,TSRYS5774875,D,S,T,2024-04-11,2000000.00,4.60052,97.19130625
08:01:29,91282CKF7,TSRYS5774875,D,S,C,2024-04-11,1000000.00,4.603194,97.17578125
08:01:29,91282CKF7,TSRYS5774875,D,B,C,2024-04-11,1000000.00,4.603194,97.17578125
08:01:29,91282CKF7,TSRYS5774875,D,B,C,2024-04-11,1000000.00,4.603194,97.17578125
08:01:29,91282CKF7,TSRYS5774875,D,S,D,2024-04-11,9000000.00,4.592445,97.23821
08:01:29,91282CKF7,TSRYS5774875,D,S,C,2024-04-11,1000000.00,4.603194,97.17578125
08:01:29,91282CKF7,TSRYS5774875,D,B,A,2024-04-11,730000.00,4.593777,97.23046875
08:01:29,91282CKF7,TSRYS5774875,D,B,A,2024-04-11,2000000.00,4.600503,97.19140625
08:01:29,91282CKF7,TSRYS5774875,D,S,T,2024-04-11,2000000.00,4.60052,97.19130625
08:01:30,91282CKF7,TSRYS5774875,D,S,D,2024-04-11,1000000.00,4.603531,97.173828125
08:01:30,91282CKF7,TSRYS5774875,D,S,T,2024-04-11,2000000.00,4.598485,97.203125
08:01:30,91282CKF7,TSRYS5774875,D,S,T,2024-04-11,2000000.00,4.603867,97.171875
08:01:30,91282CKF7,TSRYS5774875,D,S,D,2024-04-11,2000000.00,4.589407,97.25585937
08:01:30,91282CKF7,TSRYS5774875,D,S,C,2024-04-11,1000000.00,4.589407,97.25585937
08:01:30,91282CKF7,TSRYS5774875,D,S,D,2024-04-11,1000000.00,4.589407,97.25585937
08:01:31,91282CKF7,TSRYS5774875,D,S,C,2024-04-11,1000000.00,4.589407,97.25585937
08:01:31,91282CKF7,TSRYS5774875,D,S,D,2024-04-11,2000000.00,4.589407,97.25585937
08:01:31,91282CKF7,TSRYS5774875,D,S,C,2024-04-11,1000000.00,4.589407,97.25585937
08:01:31,91282CKF7,TSRYS5774875,D,S,D,2024-04-11,2000000.00,4.589407,97.25585937
08:01:31,91282CKF7,TSRYS5774875,D,S,D,2024-04-11,1000000.00,4.589407,97.25585937
08:01:33,91282CKF7,TSRYS5774875,D,S,D,2024-04-11,1000000.00,4.589407,97.25585937
08:01:33,91282CKF7,TSRYS5774875,D,S,D,2024-04-11,1000000.00,4.589407,97.25585937
08:01:33,91282CKF7,TSRYS5774875,D,S,D,2024-04-11,1000000.00,4.584366,97.28515625
08:01:34,91282CKF7,TSRYS5774875,D,S,C,2024-04-11,1000000.00,4.584366,97.28515625
08:01:34,91282CKF7,TSRYS5774875,D,S,D,2024-04-11,1000000.00,4.578991,97.31640625
08:01:34,91282CKF7,TSRYS5774875,D,B,C,2024-04-11,1000000.00,4.578991,97.31640625
08:01:34,91282CKF7,TSRYS5774875,D,S,D,2024-04-11,1000000.00,4.578991,97.31640625
08:01:34,91282CKF7,TSRYS5774875,D,B,C,2024-04-11,1000000.00,4.578991,97.31640625
08:01:34,91282CKF7,TSRYS5774875,D,S,D,2024-04-11,2000000.00,4.589407,97.25585937
08:01:34,91282CKF7,TSRYS5774875,D,S,D,2024-04-11,2000000.00,4.589407,97.25585937
08:01:34,91282CKF7,TSRYS5774875,D,S,D,2024-04-11,1000000.00,4.586718,97.27148437
08:01:34,91282CKF7,TSRYS5774875,D,S,D,2024-04-11,1000000.00,4.586718,97.27148437
08:01:34,91282CKF7,TSRYS5774875,D,B,A,2024-04-11,1000000.00,4.585374,97.279296875
08:01:34,91282CKF7,TSRYS5774875,D,S,D,2024-04-11,2000000.00,4.589407,97.25585937
08:01:34,91282CKF7,TSRYS5774875,D,S,T,2024-04-11,1000000.00,4.585392,97.279196875
08:01:34,91282CKF7,TSRYS5774875,D,B,A,2024-04-11,1000000.00,4.58571,97.27734375
08:01:34,91282CKF7,TSRYS5774875,D,S,T,2024-04-11,1000000.00,4.585728,97.27724375
08:01:34,91282CKF7,TSRYS5774875,D,S,D,2024-04-11,1000000.00,4.589407,97.25585937
08:01:34,91282CKF7,TSRYS5774875,D,S,D,2024-04-11,1000000.00,4.589407,97.25585937
08:01:35,91282CKF7,TSRYS5774875,D,S,T,2024-04-11,2000000.00,4.589407,97.25585937
08:01:35,91282CKF7,TSRYS5774875,D,S,D,2024-04-11,1000000.00,4.58571,97.27734375
08:01:35,91282CKF7,TSRYS5774875,D,B,C,2024-04-11,1000000.00,4.58571,97.27734375
08:01:35,91282CKF7,TSRYS5774875,D,S,D,2024-04-11,1000000.00,4.58571,97.27734375
08:01:35,91282CKF7,TSRYS5774875,D,B,C,2024-04-11,1000000.00,4.58571,97.27734375
08:01:35,91282CKF7,TSRYS5774875,D,S,C,2024-04-11,1000000.00,4.589071,97.2578125
08:01:36,91282CKF7,TSRYS5774875,D,S,D,2024-04-11,1000000.00,4.591088,97.24609375
08:01:36,91282CKF7,TSRYS5774875,D,S,D,2024-04-11,1000000.00,4.591088,97.24609375
08:01:36,91282CKF7,TSRYS5774875,D,S,C,2024-04-11,1000000.00,4.590752,97.248046875
08:01:36,91282CKF7,TSRYS5774875,D,S,C,2024-04-11,2000000.00,4.591088,97.24609375
08:01:36,91282CKF7,TSRYS5774875,D,S,D,2024-04-11,1000000.00,4.589407,97.25585937
08:01:36,91282CKF7,TSRYS5774875,D,S,D,2024-04-11,1000000.00,4.589407,97.25585937
08:01:37,91282CKF7,TSRYS5774875,D,S,D,2024-04-11,1000000.00,4.591088,97.24609375
08:01:37,91282CKF7,TSRYS5774875,D,S,D,2024-04-11,1000000.00,4.567241,97.38476562
08:01:37,91282CKF7,TSRYS5774875,D,S,C,2024-04-11,1000000.00,4.567241,97.38476562
08:01:38,91282CKF7,TSRYS5774875,D,S,C,2024-04-11,1000000.00,4.593105,97.234375
08:01:38,91282CKF7,TSRYS5774875,D,S,D,2024-04-11,500000.00,4.59176,97.2421875
08:01:38,91282CKF7,TSRYS5774875,D,S,T,2024-04-11,1000000.00,4.590122,97.251703125
08:01:40,91282CKF7,TSRYS5774875,D,S,D,2024-04-11,2000000.00,4.59176,97.2421875
08:01:41,91282CKF7,TSRYS5774875,D,S,C,2024-04-11,1000000.00,4.589407,97.25585937
08:01:41,91282CKF7,TSRYS5774875,D,S,D,2024-04-11,1000000.00,4.589407,97.25585937
08:01:41,91282CKF7,TSRYS5774875,D,S,C,2024-04-11,1000000.00,4.586718,97.27148437
08:01:41,91282CKF7,TSRYS5774875,D,B,C,2024-04-11,1000000.00,4.571269,97.36132812
08:01:41,91282CKF7,TSRYS5774875,D,B,C,2024-04-11,1000000.00,4.571269,97.36132812
08:01:41,91282CKF7,TSRYS5774875,D,B,C,2024-04-11,1000000.00,4.571604,97.359375
08:01:41,91282CKF7,TSRYS5774875,D,B,C,2024-04-11,1000000.00,4.571269,97.36132812
08:01:42,91282CKF7,TSRYS5774875,D,B,C,2024-04-11,1000000.00,4.575633,97.3359375
08:01:44,91282CKF7,TSRYS5774875,D,S,C,2024-04-11,1000000.00,4.59445,97.2265625
08:01:44,91282CKF7,TSRYS5774875,D,S,D,2024-04-11,2000000.00,4.596804,97.21289062
08:01:44,91282CKF7,TSRYS5774875,D,S,D,2024-04-11,1000000.00,4.596804,97.21289062
08:01:45,91282CKF7,TSRYS5774875,D,S,D,2024-04-11,2000000.00,4.599158,97.19921875
08:01:45,91282CKF7,TSRYS5774875,D,S,D,2024-04-11,1000000.00,4.599158,97.19921875
08:01:45,91282CKF7,TSRYS5774875,D,S,D,2024-04-11,1000000.00,4.598485,97.203125
08:01:45,91282CKF7,TSRYS5774875,D,S,D,2024-04-11,1000000.00,4.598821,97.20117187
08:01:45,91282CKF7,TSRYS5774875,D,S,D,2024-04-11,1000000.00,4.598821,97.20117187
08:01:46,91282CKF7,TSRYS5774875,D,S,C,2024-04-11,3000000.00,4.595795,97.21875
08:01:46,91282CKF7,TSRYS5774875,D,S,D,2024-04-11,1000000.00,4.596131,97.216796875
08:01:46,91282CKF7,TSRYS5774875,D,S,D,2024-04-11,1000000.00,4.596131,97.216796875
08:01:46,91282CKF7,TSRYS5774875,D,S,D,2024-04-11,1000000.00,4.596467,97.21484375
08:01:46,91282CKF7,TSRYS5774875,D,S,C,2024-04-11,1000000.00,4.596467,97.21484375
08:01:46,91282CKF7,TSRYS5774875,D,S,D,2024-04-11,1000000.00,4.596467,97.21484375
08:01:46,91282CKF7,TSRYS5774875,D,S,C,2024-04-11,5000000.00,4.596804,97.212890625
08:01:46,91282CKF7,TSRYS5774875,D,S,C,2024-04-11,1000000.00,4.596467,97.21484375
08:01:46,91282CKF7,TSRYS5774875,D,S,C,2024-04-11,1000000.00,4.596467,97.21484375
08:01:46,91282CKF7,TSRYS5774875,D,S,D,2024-04-11,1000000.00,4.59445,97.2265625
08:01:46,91282CKF7,TSRYS5774875,D,S,D,2024-04-11,2000000.00,4.59445,97.2265625
08:01:46,91282CKF7,TSRYS5774875,D,S,D,2024-04-11,1000000.00,4.592769,97.236328125
08:01:48,91282CKF7,TSRYS5774875,D,S,D,2024-04-11,2000000.00,4.599158,97.19921875
08:01:48,91282CKF7,TSRYS5774875,D,S,D,2024-04-11,2000000.00,4.599158,97.19921875
08:01:48,91282CKF7,TSRYS5774875,D,S,C,2024-04-11,1000000.00,4.599158,97.19921875
08:01:48,91282CKF7,TSRYS5774875,D,S,D,2024-04-11,2000000.00,4.599158,97.19921875
08:01:48,91282CKF7,TSRYS5774875,D,S,D,2024-04-11,1000000.00,4.599158,97.19921875
08:01:48,91282CKF7,TSRYS5774875,D,S,D,2024-04-11,1000000.00,4.596804,97.21289062
08:01:49,91282CKF7,TSRYS5774875,D,S,D,2024-04-11,1000000.00,4.596804,97.21289062
08:01:49,91282CKF7,TSRYS5774875,D,S,D,2024-04-11,1000000.00,4.596804,97.21289062
08:01:49,91282CKF7,TSRYS5774875,D,S,D,2024-04-11,1000000.00,4.596804,97.21289062
08:01:49,91282CKF7,TSRYS5774875,D,S,D,2024-04-11,1000000.00,4.596804,97.21289062
08:01:49,91282CKF7,TSRYS5774875,D,S,C,2024-04-11,1000000.00,4.596804,97.21289062
08:01:49,91282CKF7,TSRYS5774875,D,S,D,2024-04-11,2000000.00,4.601849,97.18359375
08:01:49,91282CKF7,TSRYS5774875,D,S,C,2024-04-11,1000000.00,4.601849,97.18359375
08:01:49,91282CKF7,TSRYS5774875,D,S,D,2024-04-11,2000000.00,4.601849,97.18359375
08:01:49,91282CKF7,TSRYS5774875,D,S,D,2024-04-11,2000000.00,4.601849,97.18359375
08:01:49,91282CKF7,TSRYS5774875,D,S,D,2024-04-11,2000000.00,4.601849,97.18359375
08:01:49,91282CKF7,TSRYS5774875,D,S,D,2024-04-11,1000000.00,4.601849,97.18359375
08:01:49,91282CKF7,TSRYS5774875,D,S,D,2024-04-11,1000000.00,4.601849,97.18359375
08:01:49,91282CKF7,TSRYS5774875,D,S,D,2024-04-11,2000000.00,4.601849,97.18359375
08:01:49,91282CKF7,TSRYS5774875,D,S,D,2024-04-11,1000000.00,4.601849,97.18359375
08:01:49,91282CKF7,TSRYS5774875,D,S,D,2024-04-11,2000000.00,4.601849,97.18359375
08:01:49,91282CKF7,TSRYS5774875,D,S,D,2024-04-11,1000000.00,4.601849,97.18359375
08:01:49,91282CKF7,TSRYS5774875,D,S,C,2024-04-11,1000000.00,4.601849,97.18359375
08:01:49,91282CKF7,TSRYS5774875,D,S,D,2024-04-11,1000000.00,4.601849,97.18359375
08:01:49,91282CKF7,TSRYS5774875,D,S,D,2024-04-11,1000000.00,4.601512,97.18554687
08:01:49,91282CKF7,TSRYS5774875,D,S,D,2024-04-11,2000000.00,4.601849,97.18359375
08:01:49,91282CKF7,TSRYS5774875,D,S,C,2024-04-11,1000000.00,4.601849,97.18359375
08:01:49,91282CKF7,TSRYS5774875,D,S,T,2024-04-11,1000000.00,4.601849,97.18359375
08:01:49,91282CKF7,TSRYS5774875,D,S,C,2024-04-11,1000000.00,4.601849,97.18359375
08:01:49,91282CKF7,TSRYS5774875,D,S,T,2024-04-11,1000000.00,4.601849,97.18359375
08:01:49,91282CKF7,TSRYS5774875,D,S,D,2024-04-11,1000000.00,4.601849,97.18359375
08:01:49,91282CKF7,TSRYS5774875,D,S,D,2024-04-11,1000000.00,4.601849,97.18359375
08:01:49,91282CKF7,TSRYS5774875,D,S,D,2024-04-11,1000000.00,4.601849,97.18359375
08:01:50,91282CKF7,TSRYS5774875,D,S,D,2024-04-11,1000000.00,4.601849,97.18359375
08:01:50,91282CKF7,TSRYS5774875,D,S,D,2024-04-11,1000000.00,4.601849,97.18359375
08:01:50,91282CKF7,TSRYS5774875,D,S,C,2024-04-11,1000000.00,4.601849,97.18359375
08:01:50,91282CKF7,TSRYS5774875,D,S,C,2024-04-11,1000000.00,4.601849,97.18359375
08:01:50,91282CKF7,TSRYS5774875,D,S,D,2024-04-11,1000000.00,4.601849,97.18359375
08:01:50,91282CKF7,TSRYS5774875,D,S,T,2024-04-11,1000000.00,4.601849,97.18359375
08:01:50,91282CKF7,TSRYS5774875,D,S,C,2024-04-11,1000000.00,4.601849,97.18359375
08:01:50,91282CKF7,TSRYS5774875,D,S,C,2024-04-11,1000000.00,4.601849,97.18359375
08:01:50,91282CKF7,TSRYS5774875,D,S,D,2024-04-11,1000000.00,4.601849,97.18359375
08:01:50,91282CKF7,TSRYS5774875,D,S,T,2024-04-11,1000000.00,4.601849,97.18359375
08:01:50,91282CKF7,TSRYS5774875,D,S,D,2024-04-11,1000000.00,4.601849,97.18359375
08:01:50,91282CKF7,TSRYS5774875,D,S,D,2024-04-11,2000000.00,4.599158,97.19921875
08:01:51,91282CKF7,TSRYS5774875,D,S,D,2024-04-11,2000000.00,4.599158,97.19921875
08:01:51,91282CKF7,TSRYS5774875,D,S,D,2024-04-11,10400000.00,4.585038,97.28125
08:01:51,91282CKF7,TSRYS5774875,D,S,T,2024-04-11,1000000.00,4.585038,97.28125
08:01:52,91282CKF7,TSRYS5774875,D,S,D,2024-04-11,1000000.00,4.584702,97.28320313
08:01:52,91282CKF7,TSRYS5774875,D,S,T,2024-04-11,1000000.00,4.58235,97.296875
08:01:52,91282CKF7,TSRYS5774875,D,S,C,2024-04-11,1000000.00,4.58571,97.27734375
08:01:52,91282CKF7,TSRYS5774875,D,S,D,2024-04-11,950000.00,4.58235,97.296875
08:01:52,91282CKF7,TSRYS5774875,D,S,D,2024-04-11,1000000.00,4.601849,97.18359375
08:01:52,91282CKF7,TSRYS5774875,D,S,D,2024-04-11,47700000.00,4.579663,97.3125
08:01:52,91282CKF7,TSRYS5774875,D,S,D,2024-04-11,47700000.00,4.579663,97.3125
08:01:52,91282CKF7,TSRYS5774875,D,S,D,2024-04-11,25700000.00,4.59445,97.2265625
08:01:52,91282CKF7,TSRYS5774875,D,S,D,2024-04-11,2000000.00,4.599158,97.19921875
08:01:53,91282CKF7,TSRYS5774875,D,S,T,2024-04-11,1000000.00,4.587727,97.265625
08:01:53,91282CKF7,TSRYS5774875,D,S,T,2024-04-11,1000000.00,4.587727,97.265625
08:01:53,91282CKF7,TSRYS5774875,D,S,T,2024-04-11,1000000.00,4.585038,97.28125
08:01:53,91282CKF7,TSRYS5774875,D,S,C,2024-04-11,1000000.00,4.583358,97.291015625
08:01:54,91282CKF7,TSRYS5774875,D,B,A,2024-04-11,3000000.00,4.589071,97.2578125
08:01:55,91282CKF7,TSRYS5774875,D,S,T,2024-04-11,1000000.00,4.587744,97.265523
08:01:55,91282CKF7,TSRYS5774875,D,S,T,2024-04-11,2000000.00,4.587744,97.265523
08:01:55,91282CKF7,TSRYS5774875,D,B,A,2024-04-11,1500000.00,4.58571,97.27734375
08:01:55,91282CKF7,TSRYS5774875,D,S,T,2024-04-11,1000000.00,4.581679,97.30078125
08:01:55,91282CKF7,TSRYS5774875,D,S,T,2024-04-11,1000000.00,4.581679,97.30078125
08:01:56,91282CKF7,TSRYS5774875,D,S,C,2024-04-11,1000000.00,4.598485,97.203125
08:01:56,91282CKF7,TSRYS5774875,D,S,D,2024-04-11,1000000.00,4.598485,97.203125
08:01:56,91282CKF7,TSRYS5774875,D,S,D,2024-04-11,1000000.00,4.598485,97.203125
08:01:56,91282CKF7,TSRYS5774875,D,S,C,2024-04-11,1000000.00,4.581679,97.30078125
08:01:56,91282CKF7,TSRYS5774875,D,B,C,2024-04-11,1000000.00,4.581343,97.302734375
08:01:56,91282CKF7,TSRYS5774875,D,S,D,2024-04-11,1000000.00,4.581343,97.302734375
08:01:56,91282CKF7,TSRYS5774875,D,S,D,2024-04-11,1000000.00,4.581007,97.3046875
08:01:56,91282CKF7,TSRYS5774875,D,B,C,2024-04-11,3000000.00,4.581007,97.3046875
08:01:56,91282CKF7,TSRYS5774875,D,S,D,2024-04-11,3000000.00,4.581007,97.3046875
08:01:56,91282CKF7,TSRYS5774875,D,S,D,2024-04-11,1000000.00,4.581007,97.3046875
08:01:56,91282CKF7,TSRYS5774875,D,B,C,2024-04-11,1000000.00,4.581007,97.3046875
08:01:56,91282CKF7,TSRYS5774875,D,S,D,2024-04-11,1000000.00,4.581007,97.3046875
08:01:56,91282CKF7,TSRYS5774875,D,B,C,2024-04-11,2000000.00,4.577648,97.32421875
08:01:56,91282CKF7,TSRYS5774875,D,S,D,2024-04-11,2000000.00,4.577648,97.32421875
08:01:57,91282CKF7,TSRYS5774875,D,B,C,2024-04-11,8000000.00,4.577648,97.32421875
08:01:57,91282CKF7,TSRYS5774875,D,S,D,2024-04-11,8000000.00,4.577648,97.32421875
08:01:57,91282CKF7,TSRYS5774875,D,S,D,2024-04-11,500000.00,4.59176,97.2421875
08:02:00,91282CKF7,TSRYS5774875,D,S,D,2024-04-11,300000.00,4.603936,97.171475
08:02:01,91282CKF7,TSRYS5774875,D,S,D,2024-04-11,1000000.00,4.578656,97.318359375
08:02:01,91282CKF7,TSRYS5774875,D,B,C,2024-04-11,1000000.00,4.578656,97.318359375
08:02:01,91282CKF7,TSRYS5774875,D,S,C,2024-04-11,1000000.00,4.58403,97.28710937
08:02:01,91282CKF7,TSRYS5774875,D,S,C,2024-04-11,1000000.00,4.58403,97.28710937
08:02:01,91282CKF7,TSRYS5774875,D,S,D,2024-04-11,1000000.00,4.58403,97.28710937
08:02:01,91282CKF7,TSRYS5774875,D,S,D,2024-04-11,1000000.00,4.58403,97.28710937
08:02:03,91282CKF7,TSRYS5774875,D,S,C,2024-04-11,1000000.00,4.571604,97.359375
08:02:03,91282CKF7,TSRYS5774875,D,B,C,2024-04-11,1000000.00,4.571639,97.359175
08:02:03,91282CKF7,TSRYS5774875,D,S,C,2024-04-11,1000000.00,4.57429,97.34375
08:02:03,91282CKF7,TSRYS5774875,D,B,C,2024-04-11,1000000.00,4.574316,97.3436
08:02:03,91282CKF7,TSRYS5774875,D,B,C,2024-04-11,1000000.00,4.57429,97.34375
08:02:03,91282CKF7,TSRYS5774875,D,S,C,2024-04-11,1000000.00,4.57429,97.34375
08:02:03,91282CKF7,TSRYS5774875,D,S,D,2024-04-11,1000000.00,4.590415,97.25
08:02:03,91282CKF7,TSRYS5774875,D,S,D,2024-04-11,500000.00,4.59176,97.242187
08:02:03,91282CKF7,TSRYS5774875,D,S,C,2024-04-11,2000000.00,4.576976,97.328125
08:02:03,91282CKF7,TSRYS5774875,D,B,C,2024-04-11,2000000.00,4.576976,97.328125
08:02:03,91282CKF7,TSRYS5774875,D,S,C,2024-04-11,1000000.00,4.576942,97.328325
