tradeTime,cusip,issueSymbolIdentifier,priceType,reportingSideCode,contraPartyTypeCode,tradeDate,reportedTradeVolume,lastSaleYield,lastSalePrice
08:00:03,91282CKF7,TSRYS5774875,D,S,T,2024-04-04,1000000.00,4.352653,98.640625
08:00:03,91282CKF7,TSRYS5774875,D,S,D,2024-04-04,2000000.00,4.346717,98.67578125
08:00:07,91282CKF7,TSRYS5774875,D,S,D,2024-04-04,2000000.00,4.361891,98.5859375
08:00:07,91282CKF7,TSRYS5774875,D,S,D,2024-04-04,2000000.00,4.361561,98.587890625
08:00:07,91282CKF7,TSRYS5774875,D,S,T,2024-04-04,1000000.00,4.368494,98.546875
08:00:07,91282CKF7,TSRYS5774875,D,S,D,2024-04-04,1000000.00,4.368494,98.546875
08:00:07,91282CKF7,TSRYS5774875,D,S,T,2024-04-04,1000000.00,4.360571,98.59375
08:00:07,91282CKF7,TSRYS5774875,D,S,D,2024-04-04,2000000.00,4.360571,98.59375
08:00:07,91282CKF7,TSRYS5774875,D,S,T,2024-04-04,1000000.00,4.360571,98.59375
08:00:07,91282CKF7,TSRYS5774875,D,S,D,2024-04-04,2000000.00,4.360571,98.59375
08:00:07,91282CKF7,TSRYS5774875,D,S,T,2024-04-04,1000000.00,4.360571,98.59375
08:00:07,91282CKF7,TSRYS5774875,D,S,D,2024-04-04,1000000.00,4.360571,98.59375
08:00:07,91282CKF7,TSRYS5774875,D,S,T,2024-04-04,2000000.00,4.362552,98.58203125
08:00:07,91282CKF7,TSRYS5774875,D,S,D,2024-04-04,2000000.00,4.362552,98.58203125
08:00:07,91282CKF7,TSRYS5774875,D,S,T,2024-04-04,2000000.00,4.362552,98.58203125
08:00:07,91282CKF7,TSRYS5774875,D,S,D,2024-04-04,2000000.00,4.362552,98.58203125
08:00:07,91282CKF7,TSRYS5774875,D,S,T,2024-04-04,1000000.00,4.357931,98.609375
08:00:07,91282CKF7,TSRYS5774875,D,S,T,2024-04-04,1000000.00,4.365853,98.5625
08:00:07,91282CKF7,TSRYS5774875,D,S,D,2024-04-04,1000000.00,4.364202,98.572265625
08:00:07,91282CKF7,TSRYS5774875,D,S,D,2024-04-04,1000000.00,4.364202,98.572265625
08:00:07,91282CKF7,TSRYS5774875,D,B,C,2024-04-04,1000000.00,4.361561,98.587890625
08:00:07,91282CKF7,TSRYS5774875,D,B,C,2024-04-04,1000000.00,4.361561,98.587890625
08:00:07,91282CKF7,TSRYS5774875,D,B,C,2024-04-04,1000000.00,4.360571,98.59375
08:00:07,91282CKF7,TSRYS5774875,D,S,T,2024-04-04,1000000.00,4.357931,98.609375
08:00:09,91282CKF7,TSRYS5774875,D,S,T,2024-04-04,1000000.00,4.355292,98.625
08:00:09,91282CKF7,TSRYS5774875,D,S,T,2024-04-04,2000000.00,4.355292,98.625
08:00:10,91282CKF7,TSRYS5774875,D,S,A,2024-04-04,260000.00,4.342744,98.699
08:00:10,91282CKF7,TSRYS5774875,D,S,A,2024-04-04,1000000.00,4.361891,98.5859375
08:00:11,91282CKF7,TSRYS5774875,D,S,T,2024-04-04,3000000.00,4.360571,98.59375
08:00:13,91282CKF7,TSRYS5774875,D,S,T,2024-04-04,1000000.00,4.366183,98.560546875
08:00:13,91282CKF7,TSRYS5774875,D,S,T,2024-04-04,1000000.00,4.366183,98.560546875
08:00:13,91282CKF7,TSRYS5774875,D,S,T,2024-04-04,1000000.00,4.360571,98.59375
08:00:13,91282CKF7,TSRYS5774875,D,S,T,2024-04-04,1000000.00,4.364862,98.568359375
08:00:13,91282CKF7,TSRYS5774875,D,S,T,2024-04-04,1000000.00,4.364862,98.568359375
08:00:13,91282CKF7,TSRYS5774875,D,S,T,2024-04-04,1000000.00,4.360571,98.59375
08:00:13,91282CKF7,TSRYS5774875,D,S,T,2024-04-04,1000000.00,4.364862,98.568359375
08:00:13,91282CKF7,TSRYS5774875,D,S,T,2024-04-04,1000000.00,4.364862,98.568359375
08:00:14,91282CKF7,TSRYS5774875,D,S,T,2024-04-04,1000000.00,4.363212,98.578125
08:00:14,91282CKF7,TSRYS5774875,D,S,T,2024-04-04,1000000.00,4.363212,98.578125
08:00:14,91282CKF7,TSRYS5774875,D,S,T,2024-04-04,1000000.00,4.360571,98.59375
08:00:15,91282CKF7,TSRYS5774875,D,S,D,2024-04-04,1000000.00,4.359251,98.6015625
08:00:15,91282CKF7,TSRYS5774875,D,B,C,2024-04-04,1000000.00,4.359251,98.6015625
08:00:19,91282CKF7,TSRYS5774875,D,S,D,2024-04-04,2000000.00,4.352653,98.640625
08:00:19,91282CKF7,TSRYS5774875,D,S,D,2024-04-04,2000000.00,4.360901,98.591796875
08:00:23,91282CKF7,TSRYS5774875,D,S,T,2024-04-04,1000000.00,4.355292,98.625
08:00:24,91282CKF7,TSRYS5774875,D,S,T,2024-04-04,1000000.00,4.361891,98.5859375
08:00:26,91282CKF7,TSRYS5774875,D,S,D,2024-04-04,1700000.00,4.360571,98.59375
08:00:27,91282CKF7,TSRYS5774875,D,S,T,2024-04-04,1000000.00,4.357931,98.609375
08:00:27,91282CKF7,TSRYS5774875,D,S,T,2024-04-04,1000000.00,4.360571,98.59375
08:00:27,91282CKF7,TSRYS5774875,D,S,T,2024-04-04,1000000.00,4.357931,98.609375
08:00:27,91282CKF7,TSRYS5774875,D,S,T,2024-04-04,1000000.00,4.357931,98.609375
08:00:27,91282CKF7,TSRYS5774875,D,S,T,2024-04-04,1000000.00,4.360571,98.59375
08:00:27,91282CKF7,TSRYS5774875,D,S,T,2024-04-04,1000000.00,4.360571,98.59375
08:00:27,91282CKF7,TSRYS5774875,D,S,T,2024-04-04,1000000.00,4.360571,98.59375
08:00:27,91282CKF7,TSRYS5774875,D,S,T,2024-04-04,1000000.00,4.360571,98.59375
08:00:27,91282CKF7,TSRYS5774875,D,S,T,2024-04-04,1000000.00,4.357931,98.609375
08:00:27,91282CKF7,TSRYS5774875,D,S,T,2024-04-04,1000000.00,4.355292,98.625
08:00:27,91282CKF7,TSRYS5774875,D,S,T,2024-04-04,1000000.00,4.355292,98.625
08:00:27,91282CKF7,TSRYS5774875,D,S,T,2024-04-04,1000000.00,4.365853,98.5625
08:00:27,91282CKF7,TSRYS5774875,D,S,T,2024-04-04,1000000.00,4.363212,98.578125
08:00:27,91282CKF7,TSRYS5774875,D,S,T,2024-04-04,1000000.00,4.359251,98.6015625
08:00:27,91282CKF7,TSRYS5774875,D,S,T,2024-04-04,1000000.00,4.361561,98.587890625
08:00:27,91282CKF7,TSRYS5774875,D,S,T,2024-04-04,1000000.00,4.361231,98.58984375
08:00:27,91282CKF7,TSRYS5774875,D,S,T,2024-04-04,1000000.00,4.358921,98.603515625
08:00:27,91282CKF7,TSRYS5774875,D,S,T,2024-04-04,1000000.00,4.358921,98.603515625
08:00:27,91282CKF7,TSRYS5774875,D,S,T,2024-04-04,1000000.00,4.359251,98.6015625
08:00:27,91282CKF7,TSRYS5774875,D,S,T,2024-04-04,1000000.00,4.357931,98.609375
08:00:31,91282CKF7,TSRYS5774875,D,S,T,2024-04-04,1000000.00,4.347376,98.671875
08:00:31,91282CKF7,TSRYS5774875,D,S,T,2024-04-04,1000000.00,4.347376,98.671875
08:00:31,91282CKF7,TSRYS5774875,D,S,T,2024-04-04,2000000.00,4.348695,98.6640625
08:00:31,91282CKF7,TSRYS5774875,D,S,T,2024-04-04,1000000.00,4.347376,98.671875
08:00:31,91282CKF7,TSRYS5774875,D,S,T,2024-04-04,2000000.00,4.353313,98.63671875
08:00:31,91282CKF7,TSRYS5774875,D,S,T,2024-04-04,1000000.00,4.353313,98.63671875
08:00:31,91282CKF7,TSRYS5774875,D,S,T,2024-04-04,1000000.00,4.357931,98.609375
08:00:31,91282CKF7,TSRYS5774875,D,S,T,2024-04-04,1000000.00,4.357931,98.609375
08:00:31,91282CKF7,TSRYS5774875,D,S,T,2024-04-04,1000000.00,4.357931,98.609375
08:00:31,91282CKF7,TSRYS5774875,D,S,T,2024-04-04,1000000.00,4.361891,98.5859375
08:00:31,91282CKF7,TSRYS5774875,D,S,T,2024-04-04,2000000.00,4.363212,98.578125
08:00:31,91282CKF7,TSRYS5774875,D,S,T,2024-04-04,1000000.00,4.360571,98.59375
08:00:31,91282CKF7,TSRYS5774875,D,S,T,2024-04-04,6000000.00,4.360571,98.59375
08:00:31,91282CKF7,TSRYS5774875,D,S,T,2024-04-04,1000000.00,4.363212,98.578125
08:00:31,91282CKF7,TSRYS5774875,D,S,T,2024-04-04,1000000.00,4.363212,98.578125
08:00:31,91282CKF7,TSRYS5774875,D,S,T,2024-04-04,1000000.00,4.360571,98.59375
08:00:31,91282CKF7,TSRYS5774875,D,S,T,2024-04-04,1000000.00,4.363212,98.578125
08:00:31,91282CKF7,TSRYS5774875,D,S,T,2024-04-04,1000000.00,4.363872,98.57421875
08:00:31,91282CKF7,TSRYS5774875,D,S,T,2024-04-04,1000000.00,4.360571,98.59375
08:00:31,91282CKF7,TSRYS5774875,D,S,T,2024-04-04,1000000.00,4.360571,98.59375
08:00:31,91282CKF7,TSRYS5774875,D,S,T,2024-04-04,1000000.00,4.363212,98.578125
08:00:31,91282CKF7,TSRYS5774875,D,S,T,2024-04-04,1000000.00,4.360571,98.59375
08:00:31,91282CKF7,TSRYS5774875,D,S,D,2024-04-04,1000000.00,4.362552,98.58203125
08:00:31,91282CKF7,TSRYS5774875,D,S,T,2024-04-04,1000000.00,4.365853,98.5625
08:00:31,91282CKF7,TSRYS5774875,D,S,T,2024-04-04,2000000.00,4.365853,98.5625
08:00:31,91282CKF7,TSRYS5774875,D,S,T,2024-04-04,2000000.00,4.365853,98.5625
08:00:31,91282CKF7,TSRYS5774875,D,S,T,2024-04-04,1000000.00,4.365853,98.5625
08:00:31,91282CKF7,TSRYS5774875,D,S,T,2024-04-04,1000000.00,4.365853,98.5625
08:00:31,91282CKF7,TSRYS5774875,D,S,T,2024-04-04,2000000.00,4.365853,98.5625
08:00:31,91282CKF7,TSRYS5774875,D,S,T,2024-04-04,2000000.00,4.365853,98.5625
08:00:31,91282CKF7,TSRYS5774875,D,S,T,2024-04-04,1000000.00,4.365853,98.5625
08:00:31,91282CKF7,TSRYS5774875,D,S,T,2024-04-04,1000000.00,4.363212,98.578125
08:00:31,91282CKF7,TSRYS5774875,D,S,T,2024-04-04,1000000.00,4.363212,98.578125
08:00:31,91282CKF7,TSRYS5774875,D,S,T,2024-04-04,2000000.00,4.363212,98.578125
08:00:31,91282CKF7,TSRYS5774875,D,S,T,2024-04-04,2000000.00,4.363212,98.578125
08:00:31,91282CKF7,TSRYS5774875,D,S,T,2024-04-04,2000000.00,4.363212,98.578125
08:00:31,91282CKF7,TSRYS5774875,D,S,T,2024-04-04,2000000.00,4.363212,98.578125
08:00:31,91282CKF7,TSRYS5774875,D,S,T,2024-04-04,2000000.00,4.365853,98.5625
08:00:31,91282CKF7,TSRYS5774875,D,S,T,2024-04-04,1000000.00,4.366513,98.55859375
08:00:31,91282CKF7,TSRYS5774875,D,S,T,2024-04-04,1000000.00,4.368494,98.546875
08:00:31,91282CKF7,TSRYS5774875,D,S,T,2024-04-04,1000000.00,4.365853,98.5625
08:00:31,91282CKF7,TSRYS5774875,D,S,T,2024-04-04,1000000.00,4.361891,98.5859375
08:00:31,91282CKF7,TSRYS5774875,D,S,T,2024-04-04,1000000.00,4.361891,98.5859375
08:00:31,91282CKF7,TSRYS5774875,D,S,T,2024-04-04,1000000.00,4.361891,98.5859375
08:00:31,91282CKF7,TSRYS5774875,D,S,T,2024-04-04,1000000.00,4.361891,98.5859375
08:00:31,91282CKF7,TSRYS5774875,D,S,T,2024-04-04,1000000.00,4.361891,98.5859375
08:00:31,91282CKF7,TSRYS5774875,D,S,T,2024-04-04,1000000.00,4.361891,98.5859375
08:00:31,91282CKF7,TSRYS5774875,D,S,T,2024-04-04,2000000.00,4.360571,98.59375
08:00:31,91282CKF7,TSRYS5774875,D,S,T,2024-04-04,1000000.00,4.357931,98.609375
08:00:31,91282CKF7,TSRYS5774875,D,S,T,2024-04-04,2000000.00,4.355292,98.625
08:00:31,91282CKF7,TSRYS5774875,D,S,T,2024-04-04,2000000.00,4.352653,98.640625
08:00:31,91282CKF7,TSRYS5774875,D,S,T,2024-04-04,1000000.00,4.352653,98.640625
08:00:31,91282CKF7,TSRYS5774875,D,S,T,2024-04-04,1000000.00,4.352653,98.640625
08:00:31,91282CKF7,TSRYS5774875,D,S,T,2024-04-04,1000000.00,4.352653,98.640625
08:00:31,91282CKF7,TSRYS5774875,D,S,T,2024-04-04,1000000.00,4.352653,98.640625
08:00:31,91282CKF7,TSRYS5774875,D,S,T,2024-04-04,1000000.00,4.352653,98.640625
08:00:31,91282CKF7,TSRYS5774875,D,S,T,2024-04-04,1000000.00,4.352653,98.640625
08:00:31,91282CKF7,TSRYS5774875,D,S,T,2024-04-04,1000000.00,4.352653,98.640625
08:00:31,91282CKF7,TSRYS5774875,D,S,T,2024-04-04,1000000.00,4.353972,98.6328125
08:00:31,91282CKF7,TSRYS5774875,D,S,T,2024-04-04,1000000.00,4.355292,98.625
08:00:31,91282CKF7,TSRYS5774875,D,S,T,2024-04-04,2000000.00,4.355292,98.625
08:00:31,91282CKF7,TSRYS5774875,D,S,T,2024-04-04,1000000.00,4.355292,98.625
08:00:31,91282CKF7,TSRYS5774875,D,S,T,2024-04-04,1000000.00,4.355292,98.625
08:00:31,91282CKF7,TSRYS5774875,D,S,T,2024-04-04,1000000.00,4.355292,98.625
08:00:31,91282CKF7,TSRYS5774875,D,S,T,2024-04-04,1000000.00,4.355292,98.625
08:00:31,91282CKF7,TSRYS5774875,D,S,T,2024-04-04,1000000.00,4.355292,98.625
08:00:31,91282CKF7,TSRYS5774875,D,S,T,2024-04-04,1000000.00,4.360571,98.59375
08:00:31,91282CKF7,TSRYS5774875,D,S,T,2024-04-04,1000000.00,4.361891,98.5859375
08:00:31,91282CKF7,TSRYS5774875,D,S,T,2024-04-04,1000000.00,4.357931,98.609375
08:00:31,91282CKF7,TSRYS5774875,D,S,T,2024-04-04,1000000.00,4.356612,98.6171875
08:00:31,91282CKF7,TSRYS5774875,D,S,T,2024-04-04,1000000.00,4.357931,98.609375
08:00:31,91282CKF7,TSRYS5774875,D,S,T,2024-04-04,1000000.00,4.357931,98.609375
08:00:31,91282CKF7,TSRYS5774875,D,S,T,2024-04-04,1000000.00,4.357931,98.609375
08:00:31,91282CKF7,TSRYS5774875,D,S,T,2024-04-04,1000000.00,4.357931,98.609375
08:00:31,91282CKF7,TSRYS5774875,D,S,T,2024-04-04,1000000.00,4.357931,98.609375
08:00:31,91282CKF7,TSRYS5774875,D,S,T,2024-04-04,1000000.00,4.357931,98.609375
08:00:31,91282CKF7,TSRYS5774875,D,S,T,2024-04-04,1000000.00,4.360571,98.59375
08:00:31,91282CKF7,TSRYS5774875,D,S,T,2024-04-04,1000000.00,4.360571,98.59375
08:00:31,91282CKF7,TSRYS5774875,D,S,T,2024-04-04,2000000.00,4.360571,98.59375
08:00:31,91282CKF7,TSRYS5774875,D,S,T,2024-04-04,1000000.00,4.360571,98.59375
08:00:31,91282CKF7,TSRYS5774875,D,S,T,2024-04-04,1000000.00,4.360571,98.59375
08:00:31,91282CKF7,TSRYS5774875,D,S,T,2024-04-04,1000000.00,4.360571,98.59375
08:00:31,91282CKF7,TSRYS5774875,D,S,T,2024-04-04,1000000.00,4.360571,98.59375
08:00:31,91282CKF7,TSRYS5774875,D,S,T,2024-04-04,1000000.00,4.358921,98.603515625
08:00:31,91282CKF7,TSRYS5774875,D,S,T,2024-04-04,1000000.00,4.360571,98.59375
08:00:31,91282CKF7,TSRYS5774875,D,S,T,2024-04-04,1000000.00,4.360571,98.59375
08:00:31,91282CKF7,TSRYS5774875,D,S,T,2024-04-04,1000000.00,4.360571,98.59375
08:00:31,91282CKF7,TSRYS5774875,D,S,T,2024-04-04,1000000.00,4.360571,98.59375
08:00:31,91282CKF7,TSRYS5774875,D,S,T,2024-04-04,2000000.00,4.360571,98.59375
08:00:31,91282CKF7,TSRYS5774875,D,S,T,2024-04-04,1000000.00,4.360571,98.59375
08:00:31,91282CKF7,TSRYS5774875,D,S,T,2024-04-04,1000000.00,4.360571,98.59375
08:00:31,91282CKF7,TSRYS5774875,D,S,T,2024-04-04,1000000.00,4.360571,98.59375
08:00:31,91282CKF7,TSRYS5774875,D,S,D,2024-04-04,2000000.00,4.360901,98.591796875
08:00:31,91282CKF7,TSRYS5774875,D,S,T,2024-04-04,1000000.00,4.360571,98.59375
08:00:31,91282CKF7,TSRYS5774875,D,S,T,2024-04-04,1000000.00,4.360571,98.59375
08:00:31,91282CKF7,TSRYS5774875,D,S,T,2024-04-04,1000000.00,4.360571,98.59375
08:00:31,91282CKF7,TSRYS5774875,D,S,T,2024-04-04,1000000.00,4.360571,98.59375
08:00:31,91282CKF7,TSRYS5774875,D,S,T,2024-04-04,2000000.00,4.360571,98.59375
08:00:31,91282CKF7,TSRYS5774875,D,S,T,2024-04-04,1000000.00,4.360571,98.59375
08:00:31,91282CKF7,TSRYS5774875,D,S,T,2024-04-04,1000000.00,4.360571,98.59375
08:00:31,91282CKF7,TSRYS5774875,D,S,T,2024-04-04,1000000.00,4.357931,98.609375
08:00:31,91282CKF7,TSRYS5774875,D,S,T,2024-04-04,1000000.00,4.357931,98.609375
08:00:31,91282CKF7,TSRYS5774875,D,S,T,2024-04-04,1000000.00,4.357931,98.609375
08:00:31,91282CKF7,TSRYS5774875,D,S,T,2024-04-04,1000000.00,4.357931,98.609375
08:00:31,91282CKF7,TSRYS5774875,D,S,T,2024-04-04,1000000.00,4.357931,98.609375
08:00:31,91282CKF7,TSRYS5774875,D,S,T,2024-04-04,1000000.00,4.357931,98.609375
08:00:31,91282CKF7,TSRYS5774875,D,S,T,2024-04-04,1000000.00,4.357931,98.609375
08:00:31,91282CKF7,TSRYS5774875,D,S,T,2024-04-04,1000000.00,4.357931,98.609375
08:00:31,91282CKF7,TSRYS5774875,D,S,T,2024-04-04,1000000.00,4.357931,98.609375
08:00:31,91282CKF7,TSRYS5774875,D,S,T,2024-04-04,1000000.00,4.357931,98.609375
08:00:31,91282CKF7,TSRYS5774875,D,S,T,2024-04-04,1000000.00,4.357931,98.609375
08:00:31,91282CKF7,TSRYS5774875,D,S,T,2024-04-04,1000000.00,4.357931,98.609375
08:00:31,91282CKF7,TSRYS5774875,D,S,T,2024-04-04,1000000.00,4.357931,98.609375
08:00:31,91282CKF7,TSRYS5774875,D,S,T,2024-04-04,1000000.00,4.358261,98.607421875
08:00:31,91282CKF7,TSRYS5774875,D,S,T,2024-04-04,1000000.00,4.358261,98.607421875
08:00:31,91282CKF7,TSRYS5774875,D,S,T,2024-04-04,1000000.00,4.360571,98.59375
08:00:31,91282CKF7,TSRYS5774875,D,S,T,2024-04-04,1000000.00,4.360571,98.59375
08:00:31,91282CKF7,TSRYS5774875,D,S,T,2024-04-04,1000000.00,4.360571,98.59375
08:00:31,91282CKF7,TSRYS5774875,D,S,T,2024-04-04,1000000.00,4.360571,98.59375
08:00:31,91282CKF7,TSRYS5774875,D,S,T,2024-04-04,1000000.00,4.360571,98.59375
08:00:31,91282CKF7,TSRYS5774875,D,S,T,2024-04-04,2000000.00,4.360571,98.59375
08:00:31,91282CKF7,TSRYS5774875,D,S,T,2024-04-04,1000000.00,4.363212,98.578125
08:00:31,91282CKF7,TSRYS5774875,D,S,T,2024-04-04,3000000.00,4.361561,98.587890625
08:00:31,91282CKF7,TSRYS5774875,D,S,D,2024-04-04,3000000.00,4.361561,98.587890625
08:00:31,91282CKF7,TSRYS5774875,D,S,D,2024-04-04,2000000.00,4.361561,98.587890625
08:00:31,91282CKF7,TSRYS5774875,D,S,D,2024-04-04,3000000.00,4.361561,98.587890625
08:00:31,91282CKF7,TSRYS5774875,D,S,D,2024-04-04,3000000.00,4.361561,98.587890625
08:00:31,91282CKF7,TSRYS5774875,D,S,D,2024-04-04,6000000.00,4.361561,98.587890625
08:00:31,91282CKF7,TSRYS5774875,D,S,T,2024-04-04,1000000.00,4.357931,98.609375
08:00:31,91282CKF7,TSRYS5774875,D,S,T,2024-04-04,1000000.00,4.357601,98.611328125
08:00:31,91282CKF7,TSRYS5774875,D,S,T,2024-04-04,1000000.00,4.357931,98.609375
08:00:31,91282CKF7,TSRYS5774875,D,S,T,2024-04-04,1000000.00,4.358591,98.60546875
08:00:31,91282CKF7,TSRYS5774875,D,S,T,2024-04-04,1000000.00,4.358921,98.603515625
08:00:31,91282CKF7,TSRYS5774875,D,S,T,2024-04-04,1000000.00,4.359251,98.6015625
08:00:31,91282CKF7,TSRYS5774875,D,S,T,2024-04-04,1000000.00,4.359581,98.599609375
08:00:31,91282CKF7,TSRYS5774875,D,S,T,2024-04-04,1000000.00,4.359581,98.599609375
08:00:31,91282CKF7,TSRYS5774875,D,S,T,2024-04-04,1000000.00,4.355292,98.625
08:00:31,91282CKF7,TSRYS5774875,D,S,T,2024-04-04,1000000.00,4.355292,98.625
08:00:31,91282CKF7,TSRYS5774875,D,S,T,2024-04-04,1000000.00,4.355292,98.625
08:00:31,91282CKF7,TSRYS5774875,D,S,T,2024-04-04,1000000.00,4.355292,98.625
08:00:31,91282CKF7,TSRYS5774875,D,S,T,2024-04-04,1000000.00,4.351663,98.646484375
08:00:31,91282CKF7,TSRYS5774875,D,S,T,2024-04-04,1000000.00,4.351993,98.64453125
08:00:31,91282CKF7,TSRYS5774875,D,S,T,2024-04-04,2000000.00,4.356941,98.615234375
08:00:31,91282CKF7,TSRYS5774875,D,S,T,2024-04-04,1000000.00,4.365853,98.5625
08:00:31,91282CKF7,TSRYS5774875,D,S,T,2024-04-04,1000000.00,4.365853,98.5625
08:00:31,91282CKF7,TSRYS5774875,D,S,T,2024-04-04,1000000.00,4.365853,98.5625
08:00:31,91282CKF7,TSRYS5774875,D,S,T,2024-04-04,1000000.00,4.365853,98.5625
08:00:31,91282CKF7,TSRYS5774875,D,S,T,2024-04-04,1000000.00,4.365853,98.5625
08:00:31,91282CKF7,TSRYS5774875,D,S,T,2024-04-04,2000000.00,4.365853,98.5625
08:00:31,91282CKF7,TSRYS5774875,D,S,T,2024-04-04,2000000.00,4.363212,98.578125
08:00:31,91282CKF7,TSRYS5774875,D,S,T,2024-04-04,1000000.00,4.365853,98.5625
08:00:31,91282CKF7,TSRYS5774875,D,S,T,2024-04-04,2000000.00,4.365853,98.5625
08:00:31,91282CKF7,TSRYS5774875,D,S,T,2024-04-04,1000000.00,4.365853,98.5625
08:00:31,91282CKF7,TSRYS5774875,D,S,T,2024-04-04,2000000.00,4.365853,98.5625
08:00:31,91282CKF7,TSRYS5774875,D,S,T,2024-04-04,1000000.00,4.365853,98.5625
08:00:31,91282CKF7,TSRYS5774875,D,S,D,2024-04-04,1000000.00,4.364202,98.572265625
08:00:31,91282CKF7,TSRYS5774875,D,S,T,2024-04-04,1000000.00,4.363212,98.578125
08:00:31,91282CKF7,TSRYS5774875,D,S,T,2024-04-04,1000000.00,4.363212,98.578125
08:00:31,91282CKF7,TSRYS5774875,D,S,T,2024-04-04,2000000.00,4.363212,98.578125
08:00:31,91282CKF7,TSRYS5774875,D,S,T,2024-04-04,1000000.00,4.363212,98.578125
08:00:31,91282CKF7,TSRYS5774875,D,S,T,2024-04-04,2000000.00,4.365853,98.5625
08:00:31,91282CKF7,TSRYS5774875,D,S,T,2024-04-04,2000000.00,4.365853,98.5625
08:00:31,91282CKF7,TSRYS5774875,D,S,T,2024-04-04,2000000.00,4.365853,98.5625
08:00:31,91282CKF7,TSRYS5774875,D,S,T,2024-04-04,1000000.00,4.365853,98.5625
08:00:31,91282CKF7,TSRYS5774875,D,S,T,2024-04-04,2000000.00,4.365853,98.5625
08:00:31,91282CKF7,TSRYS5774875,D,S,T,2024-04-04,2000000.00,4.363212,98.578125
08:00:31,91282CKF7,TSRYS5774875,D,S,T,2024-04-04,1000000.00,4.363212,98.578125
08:00:31,91282CKF7,TSRYS5774875,D,S,T,2024-04-04,2000000.00,4.363212,98.578125
08:00:31,91282CKF7,TSRYS5774875,D,S,T,2024-04-04,1000000.00,4.360571,98.59375
08:00:31,91282CKF7,TSRYS5774875,D,S,T,2024-04-04,1000000.00,4.360571,98.59375
08:00:31,91282CKF7,TSRYS5774875,D,S,T,2024-04-04,1000000.00,4.360571,98.59375
08:00:31,91282CKF7,TSRYS5774875,D,S,T,2024-04-04,1000000.00,4.360571,98.59375
08:00:31,91282CKF7,TSRYS5774875,D,S,T,2024-04-04,1000000.00,4.359911,98.59765625
08:00:31,91282CKF7,TSRYS5774875,D,S,T,2024-04-04,2000000.00,4.360571,98.59375
08:00:31,91282CKF7,TSRYS5774875,D,S,T,2024-04-04,3000000.00,4.359581,98.599609375
08:00:31,91282CKF7,TSRYS5774875,D,S,T,2024-04-04,1000000.00,4.359581,98.599609375
08:00:31,91282CKF7,TSRYS5774875,D,S,T,2024-04-04,2000000.00,4.360901,98.591796875
08:00:31,91282CKF7,TSRYS5774875,D,S,T,2024-04-04,1000000.00,4.360901,98.591796875
08:00:31,91282CKF7,TSRYS5774875,D,S,T,2024-04-04,3000000.00,4.363212,98.578125
08:00:31,91282CKF7,TSRYS5774875,D,S,D,2024-04-04,1000000.00,4.361891,98.5859375
08:00:31,91282CKF7,TSRYS5774875,D,S,D,2024-04-04,1000000.00,4.361891,98.5859375
08:00:31,91282CKF7,TSRYS5774875,D,S,D,2024-04-04,1000000.00,4.361561,98.587890625
08:00:31,91282CKF7,TSRYS5774875,D,S,D,2024-04-04,2000000.00,4.361231,98.58984375
08:00:31,91282CKF7,TSRYS5774875,D,S,D,2024-04-04,2000000.00,4.361561,98.587890625
08:00:31,91282CKF7,TSRYS5774875,D,S,D,2024-04-04,1000000.00,4.361561,98.587890625
08:00:31,91282CKF7,TSRYS5774875,D,S,D,2024-04-04,1000000.00,4.364202,98.572265625
08:00:31,91282CKF7,TSRYS5774875,D,S,D,2024-04-04,1000000.00,4.364202,98.572265625
08:00:31,91282CKF7,TSRYS5774875,D,S,D,2024-04-04,1000000.00,4.364202,98.572265625
08:00:31,91282CKF7,TSRYS5774875,D,S,D,2024-04-04,2000000.00,4.360571,98.59375
08:00:31,91282CKF7,TSRYS5774875,D,S,D,2024-04-04,2000000.00,4.359911,98.59765625
08:00:31,91282CKF7,TSRYS5774875,D,S,D,2024-04-04,1000000.00,4.360571,98.59375
08:00:31,91282CKF7,TSRYS5774875,D,S,D,2024-04-04,1000000.00,4.360571,98.59375
08:00:31,91282CKF7,TSRYS5774875,D,S,D,2024-04-04,2000000.00,4.365523,98.564453125
08:00:31,91282CKF7,TSRYS5774875,D,S,D,2024-04-04,1000000.00,4.365523,98.564453125
08:00:31,91282CKF7,TSRYS5774875,D,S,D,2024-04-04,1000000.00,4.365523,98.564453125
08:00:31,91282CKF7,TSRYS5774875,D,S,D,2024-04-04,1000000.00,4.359911,98.59765625
08:00:31,91282CKF7,TSRYS5774875,D,S,D,2024-04-04,1000000.00,4.359911,98.59765625
08:00:31,91282CKF7,TSRYS5774875,D,S,D,2024-04-04,1000000.00,4.359911,98.59765625
08:00:31,91282CKF7,TSRYS5774875,D,S,D,2024-04-04,1000000.00,4.359911,98.59765625
08:00:31,91282CKF7,TSRYS5774875,D,S,D,2024-04-04,1000000.00,4.359911,98.59765625
08:00:31,91282CKF7,TSRYS5774875,D,S,D,2024-04-04,1000000.00,4.360241,98.595703125
08:00:31,91282CKF7,TSRYS5774875,D,S,D,2024-04-04,1000000.00,4.360241,98.595703125
08:00:31,91282CKF7,TSRYS5774875,D,S,D,2024-04-04,1000000.00,4.361231,98.58984375
08:00:31,91282CKF7,TSRYS5774875,D,S,D,2024-04-04,1000000.00,4.361231,98.58984375
08:00:31,91282CKF7,TSRYS5774875,D,S,D,2024-04-04,2000000.00,4.361231,98.58984375
08:00:31,91282CKF7,TSRYS5774875,D,S,D,2024-04-04,2000000.00,4.361231,98.58984375
08:00:31,91282CKF7,TSRYS5774875,D,S,D,2024-04-04,1000000.00,4.361231,98.58984375
08:00:31,91282CKF7,TSRYS5774875,D,S,D,2024-04-04,1000000.00,4.361231,98.58984375
08:00:31,91282CKF7,TSRYS5774875,D,S,D,2024-04-04,1000000.00,4.361231,98.58984375
08:00:31,91282CKF7,TSRYS5774875,D,S,D,2024-04-04,1000000.00,4.360571,98.59375
08:00:31,91282CKF7,TSRYS5774875,D,S,D,2024-04-04,1000000.00,4.359911,98.59765625
08:00:31,91282CKF7,TSRYS5774875,D,S,D,2024-04-04,1000000.00,4.359911,98.59765625
08:00:31,91282CKF7,TSRYS5774875,D,S,D,2024-04-04,1000000.00,4.359911,98.59765625
08:00:31,91282CKF7,TSRYS5774875,D,S,D,2024-04-04,1000000.00,4.359911,98.59765625
08:00:31,91282CKF7,TSRYS5774875,D,S,D,2024-04-04,2000000.00,4.360901,98.591796875
08:00:31,91282CKF7,TSRYS5774875,D,S,D,2024-04-04,1000000.00,4.360901,98.591796875
08:00:31,91282CKF7,TSRYS5774875,D,S,D,2024-04-04,1000000.00,4.360571,98.59375
08:00:31,91282CKF7,TSRYS5774875,D,S,D,2024-04-04,1000000.00,4.360571,98.59375
08:00:31,91282CKF7,TSRYS5774875,D,S,D,2024-04-04,1000000.00,4.360571,98.59375
08:00:31,91282CKF7,TSRYS5774875,D,S,D,2024-04-04,2000000.00,4.359581,98.599609375
08:00:31,91282CKF7,TSRYS5774875,D,S,D,2024-04-04,1000000.00,4.358921,98.603515625
08:00:31,91282CKF7,TSRYS5774875,D,S,D,2024-04-04,2000000.00,4.358921,98.603515625
08:00:31,91282CKF7,TSRYS5774875,D,S,D,2024-04-04,1000000.00,4.357931,98.609375
08:00:31,91282CKF7,TSRYS5774875,D,S,D,2024-04-04,1000000.00,4.357931,98.609375
08:00:31,91282CKF7,TSRYS5774875,D,S,D,2024-04-04,1000000.00,4.357931,98.609375
08:00:31,91282CKF7,TSRYS5774875,D,S,D,2024-04-04,1000000.00,4.364202,98.572265625
08:00:31,91282CKF7,TSRYS5774875,D,S,D,2024-04-04,1000000.00,4.364202,98.572265625
08:00:31,91282CKF7,TSRYS5774875,D,S,D,2024-04-04,1000000.00,4.364202,98.572265625
08:00:31,91282CKF7,TSRYS5774875,D,S,D,2024-04-04,1000000.00,4.364202,98.572265625
08:00:31,91282CKF7,TSRYS5774875,D,S,D,2024-04-04,1000000.00,4.364202,98.572265625
08:00:31,91282CKF7,TSRYS5774875,D,S,D,2024-04-04,1000000.00,4.364202,98.572265625
08:00:31,91282CKF7,TSRYS5774875,D,S,D,2024-04-04,1000000.00,4.364202,98.572265625
08:00:31,91282CKF7,TSRYS5774875,D,S,D,2024-04-04,1000000.00,4.364202,98.572265625
08:00:31,91282CKF7,TSRYS5774875,D,S,T,2024-04-04,1000000.00,4.361891,98.5859375
08:00:31,91282CKF7,TSRYS5774875,D,S,T,2024-04-04,1000000.00,4.361891,98.5859375
08:00:31,91282CKF7,TSRYS5774875,D,S,T,2024-04-04,1000000.00,4.362222,98.583984375
08:00:31,91282CKF7,TSRYS5774875,D,S,T,2024-04-04,2000000.00,4.360901,98.591796875
08:00:31,91282CKF7,TSRYS5774875,D,S,T,2024-04-04,1000000.00,4.356282,98.619140625
08:00:31,91282CKF7,TSRYS5774875,D,S,T,2024-04-04,2000000.00,4.353972,98.6328125
08:00:31,91282CKF7,TSRYS5774875,D,S,T,2024-04-04,1000000.00,4.353642,98.634765625
08:00:31,91282CKF7,TSRYS5774875,D,S,T,2024-04-04,1000000.00,4.357931,98.609375
08:00:31,91282CKF7,TSRYS5774875,D,S,T,2024-04-04,1000000.00,4.360571,98.59375
08:00:31,91282CKF7,TSRYS5774875,D,S,T,2024-04-04,1000000.00,4.359251,98.6015625
08:00:31,91282CKF7,TSRYS5774875,D,S,T,2024-04-04,2000000.00,4.359911,98.59765625
08:00:31,91282CKF7,TSRYS5774875,D,S,T,2024-04-04,2000000.00,4.359581,98.599609375
08:00:31,91282CKF7,TSRYS5774875,D,S,T,2024-04-04,2000000.00,4.360901,98.591796875
08:00:31,91282CKF7,TSRYS5774875,D,S,T,2024-04-04,1000000.00,4.360901,98.591796875
08:00:31,91282CKF7,TSRYS5774875,D,S,T,2024-04-04,2000000.00,4.361231,98.58984375
08:00:31,91282CKF7,TSRYS5774875,D,S,T,2024-04-04,2000000.00,4.361231,98.58984375
08:00:31,91282CKF7,TSRYS5774875,D,S,T,2024-04-04,2000000.00,4.361561,98.587890625
08:00:31,91282CKF7,TSRYS5774875,D,S,T,2024-04-04,2000000.00,4.361561,98.587890625
08:00:31,91282CKF7,TSRYS5774875,D,S,T,2024-04-04,1000000.00,4.358591,98.60546875
08:00:31,91282CKF7,TSRYS5774875,D,S,T,2024-04-04,1000000.00,4.358591,98.60546875
08:00:31,91282CKF7,TSRYS5774875,D,S,T,2024-04-04,1000000.00,4.358921,98.603515625
08:00:31,91282CKF7,TSRYS5774875,D,S,T,2024-04-04,1000000.00,4.358921,98.603515625
08:00:31,91282CKF7,TSRYS5774875,D,S,T,2024-04-04,1000000.00,4.359251,98.6015625
08:00:31,91282CKF7,TSRYS5774875,D,S,T,2024-04-04,1000000.00,4.359581,98.599609375
08:00:31,91282CKF7,TSRYS5774875,D,S,T,2024-04-04,1000000.00,4.359581,98.599609375
08:00:31,91282CKF7,TSRYS5774875,D,S,T,2024-04-04,1000000.00,4.359581,98.599609375
08:00:31,91282CKF7,TSRYS5774875,D,S,T,2024-04-04,1000000.00,4.356941,98.615234375
08:00:31,91282CKF7,TSRYS5774875,D,S,T,2024-04-04,1000000.00,4.350674,98.65234375
08:00:31,91282CKF7,TSRYS5774875,D,S,T,2024-04-04,1000000.00,4.351334,98.6484375
08:00:31,91282CKF7,TSRYS5774875,D,S,T,2024-04-04,1000000.00,4.351334,98.6484375
08:00:31,91282CKF7,TSRYS5774875,D,S,T,2024-04-04,1000000.00,4.351663,98.646484375
08:00:31,91282CKF7,TSRYS5774875,D,S,T,2024-04-04,1000000.00,4.351004,98.650390625
08:00:31,91282CKF7,TSRYS5774875,D,S,T,2024-04-04,1000000.00,4.364202,98.572265625
08:00:31,91282CKF7,TSRYS5774875,D,S,T,2024-04-04,1000000.00,4.364202,98.572265625
08:00:31,91282CKF7,TSRYS5774875,D,S,T,2024-04-04,1000000.00,4.364202,98.572265625
08:00:31,91282CKF7,TSRYS5774875,D,S,T,2024-04-04,1000000.00,4.364202,98.572265625
08:00:31,91282CKF7,TSRYS5774875,D,S,T,2024-04-04,1000000.00,4.364202,98.572265625
08:00:31,91282CKF7,TSRYS5774875,D,S,T,2024-04-04,1000000.00,4.364202,98.572265625
08:00:31,91282CKF7,TSRYS5774875,D,S,T,2024-04-04,1000000.00,4.358921,98.603515625
08:00:35,91282CKF7,TSRYS5774875,D,S,T,2024-04-04,1000000.00,4.352653,98.640625
08:00:35,91282CKF7,TSRYS5774875,D,S,T,2024-04-04,1000000.00,4.361891,98.5859375
08:00:35,91282CKF7,TSRYS5774875,D,S,T,2024-04-04,1000000.00,4.361891,98.5859375
08:00:35,91282CKF7,TSRYS5774875,D,B,C,2024-04-04,800000.00,4.364532,98.5703125
08:00:35,91282CKF7,TSRYS5774875,D,S,A,2024-04-04,3000000.00,4.368494,98.546875
08:00:35,91282CKF7,TSRYS5774875,D,S,A,2024-04-04,3000000.00,4.368494,98.546875
08:00:35,91282CKF7,TSRYS5774875,D,S,A,2024-04-04,3000000.00,4.368494,98.546875
08:00:35,91282CKF7,TSRYS5774875,D,S,A,2024-04-04,1000000.00,4.368494,98.546875
08:00:35,91282CKF7,TSRYS5774875,D,S,T,2024-04-04,5000000.00,4.364532,98.5703125
08:00:35,91282CKF7,TSRYS5774875,D,S,T,2024-04-04,2000000.00,4.363212,98.578125
08:00:35,91282CKF7,TSRYS5774875,D,S,A,2024-04-04,4000000.00,4.361231,98.58984375
08:00:35,91282CKF7,TSRYS5774875,D,S,T,2024-04-04,1000000.00,4.361231,98.58984375
08:00:35,91282CKF7,TSRYS5774875,D,S,T,2024-04-04,1000000.00,4.360571,98.59375
08:00:35,91282CKF7,TSRYS5774875,D,S,T,2024-04-04,1000000.00,4.360571,98.59375
08:00:35,91282CKF7,TSRYS5774875,D,S,T,2024-04-04,1000000.00,4.361891,98.5859375
08:00:35,91282CKF7,TSRYS5774875,D,S,T,2024-04-04,1000000.00,4.361891,98.5859375
08:00:35,91282CKF7,TSRYS5774875,D,S,T,2024-04-04,1000000.00,4.357271,98.61328125
08:00:35,91282CKF7,TSRYS5774875,D,S,T,2024-04-04,1000000.00,4.357271,98.61328125
08:00:35,91282CKF7,TSRYS5774875,D,S,T,2024-04-04,1000000.00,4.357271,98.61328125
08:00:35,91282CKF7,TSRYS5774875,D,S,T,2024-04-04,1000000.00,4.357931,98.609375
08:00:35,91282CKF7,TSRYS5774875,D,S,T,2024-04-04,1000000.00,4.357931,98.609375
08:00:35,91282CKF7,TSRYS5774875,D,B,C,2024-04-04,2420000.00,4.358111,98.609375
08:00:35,91282CKF7,TSRYS5774875,D,S,C,2024-04-04,2000000.00,4.364532,98.5703125
08:00:35,91282CKF7,TSRYS5774875,D,S,T,2024-04-04,1700000.00,4.360571,98.59375
08:00:35,91282CKF7,TSRYS5774875,D,S,T,2024-04-04,1000000.00,4.360571,98.59375
08:00:39,91282CKF7,TSRYS5774875,D,S,A,2024-04-04,36200000.00,4.360571,98.59375
08:00:39,91282CKF7,TSRYS5774875,D,S,D,2024-04-04,1300000.00,4.364532,98.5703125
08:00:39,91282CKF7,TSRYS5774875,D,B,C,2024-04-04,1300000.00,4.364532,98.5703125
08:00:42,91282CKF7,TSRYS5774875,D,S,T,2024-04-04,1000000.00,4.344739,98.6875
08:00:42,91282CKF7,TSRYS5774875,D,S,T,2024-04-04,1000000.00,4.360571,98.59375
08:00:42,91282CKF7,TSRYS5774875,D,S,T,2024-04-04,1000000.00,4.360571,98.59375
08:00:42,91282CKF7,TSRYS5774875,D,S,T,2024-04-04,1000000.00,4.360571,98.59375
08:00:43,91282CKF7,TSRYS5774875,D,S,T,2024-04-04,1000000.00,4.355292,98.625
08:00:43,91282CKF7,TSRYS5774875,D,S,T,2024-04-04,1000000.00,4.362552,98.58203125
08:00:43,91282CKF7,TSRYS5774875,D,S,D,2024-04-04,1000000.00,4.362552,98.58203125
08:00:43,91282CKF7,TSRYS5774875,D,S,T,2024-04-04,1000000.00,4.362552,98.58203125
08:00:43,91282CKF7,TSRYS5774875,D,S,T,2024-04-04,1000000.00,4.362552,98.58203125
08:00:43,91282CKF7,TSRYS5774875,D,S,T,2024-04-04,1000000.00,4.360571,98.59375
08:00:43,91282CKF7,TSRYS5774875,D,S,D,2024-04-04,1000000.00,4.360571,98.59375
08:00:43,91282CKF7,TSRYS5774875,D,S,D,2024-04-04,1000000.00,4.360571,98.59375
08:00:43,91282CKF7,TSRYS5774875,D,B,A,2024-04-04,60000.00,4.357271,98.61328125
08:00:43,91282CKF7,TSRYS5774875,D,S,T,2024-04-04,1000000.00,4.363212,98.578125
08:00:43,91282CKF7,TSRYS5774875,D,S,T,2024-04-04,1000000.00,4.363212,98.578125
08:00:43,91282CKF7,TSRYS5774875,D,S,T,2024-04-04,1000000.00,4.363212,98.578125
08:00:43,91282CKF7,TSRYS5774875,D,S,T,2024-04-04,1000000.00,4.363212,98.578125
08:00:43,91282CKF7,TSRYS5774875,D,S,T,2024-04-04,1000000.00,4.355292,98.625
08:00:43,91282CKF7,TSRYS5774875,D,S,T,2024-04-04,1000000.00,4.350014,98.65625
08:00:43,91282CKF7,TSRYS5774875,D,S,T,2024-04-04,1000000.00,4.365853,98.5625
08:00:43,91282CKF7,TSRYS5774875,D,S,T,2024-04-04,1000000.00,4.365853,98.5625
08:00:43,91282CKF7,TSRYS5774875,D,S,T,2024-04-04,1000000.00,4.365853,98.5625
08:00:43,91282CKF7,TSRYS5774875,D,S,T,2024-04-04,1000000.00,4.365853,98.5625
08:00:43,91282CKF7,TSRYS5774875,D,S,T,2024-04-04,1000000.00,4.365853,98.5625
08:00:43,91282CKF7,TSRYS5774875,D,S,T,2024-04-04,1000000.00,4.357931,98.609375
08:00:44,91282CKF7,TSRYS5774875,D,S,T,2024-04-04,1000000.00,4.352983,98.638671875
08:00:46,91282CKF7,TSRYS5774875,D,S,T,2024-04-04,3000000.00,4.368511,98.546773
08:00:46,91282CKF7,TSRYS5774875,D,S,T,2024-04-04,2000000.00,4.368511,98.546773
08:00:46,91282CKF7,TSRYS5774875,D,S,T,2024-04-04,1000000.00,4.368511,98.546773
08:00:46,91282CKF7,TSRYS5774875,D,S,T,2024-04-04,3000000.00,4.368511,98.546773
08:00:46,91282CKF7,TSRYS5774875,D,S,T,2024-04-04,3000000.00,4.368511,98.546773
08:00:46,91282CKF7,TSRYS5774875,D,S,T,2024-04-04,1000000.00,4.368511,98.546773
08:00:46,91282CKF7,TSRYS5774875,D,S,T,2024-04-04,1000000.00,4.368511,98.546773
08:00:46,91282CKF7,TSRYS5774875,D,S,T,2024-04-04,1000000.00,4.368511,98.546773
08:00:46,91282CKF7,TSRYS5774875,D,S,T,2024-04-04,1000000.00,4.368511,98.546773
08:00:47,91282CKF7,TSRYS5774875,D,S,T,2024-04-04,1000000.00,4.368511,98.546773
08:00:47,91282CKF7,TSRYS5774875,D,S,T,2024-04-04,1000000.00,4.368511,98.546773
08:00:47,91282CKF7,TSRYS5774875,D,S,T,2024-04-04,1000000.00,4.368511,98.546773
08:00:47,91282CKF7,TSRYS5774875,D,S,T,2024-04-04,1000000.00,4.368511,98.546773
08:00:47,91282CKF7,TSRYS5774875,D,S,T,2024-04-04,1000000.00,4.368511,98.546773
08:00:47,91282CKF7,TSRYS5774875,D,S,T,2024-04-04,1000000.00,4.368511,98.546773
08:00:47,91282CKF7,TSRYS5774875,D,S,T,2024-04-04,2000000.00,4.368511,98.546773
08:00:48,91282CKF7,TSRYS5774875,D,B,A,2024-04-04,2010000.00,4.364532,98.5703125
08:00:50,91282CKF7,TSRYS5774875,D,S,D,2024-04-04,320000.00,4.361231,98.58984375
08:00:50,91282CKF7,TSRYS5774875,D,S,T,2024-04-04,1000000.00,4.350344,98.654296875
08:00:50,91282CKF7,TSRYS5774875,D,S,T,2024-04-04,1000000.00,4.351004,98.650390625
08:00:52,91282CKF7,TSRYS5774875,D,S,T,2024-04-04,1000000.00,4.365853,98.5625
08:00:55,91282CKF7,TSRYS5774875,D,S,A,2024-04-04,621800.00,4.361231,98.58984375
08:00:55,91282CKF7,TSRYS5774875,D,B,A,2024-04-04,7000000.00,4.359911,98.597656
08:00:55,91282CKF7,TSRYS5774875,D,S,A,2024-04-04,2000000.00,4.363212,98.578125
08:00:56,91282CKF7,TSRYS5774875,D,B,A,2024-04-04,2000000.00,4.354632,98.62890625
08:01:00,91282CKF7,TSRYS5774875,D,S,D,2024-04-04,1000000.00,4.339465,98.71875
08:01:03,91282CKF7,TSRYS5774875,D,S,C,2024-04-04,1000000.00,4.348366,98.666015625
08:01:03,91282CKF7,TSRYS5774875,D,B,C,2024-04-04,1000000.00,4.348366,98.666015625
08:01:03,91282CKF7,TSRYS5774875,D,S,D,2024-04-04,2000000.00,4.350344,98.654296875
08:01:03,91282CKF7,TSRYS5774875,D,S,C,2024-04-04,1000000.00,4.348036,98.66796875
08:01:03,91282CKF7,TSRYS5774875,D,S,C,2024-04-04,2000000.00,4.346717,98.67578125
08:01:03,91282CKF7,TSRYS5774875,D,S,C,2024-04-04,2000000.00,4.361891,98.5859375
08:01:03,91282CKF7,TSRYS5774875,D,B,C,2024-04-04,3000000.00,4.361561,98.587890625
08:01:03,91282CKF7,TSRYS5774875,D,S,C,2024-04-04,1000000.00,4.361891,98.5859375
08:01:03,91282CKF7,TSRYS5774875,D,S,D,2024-04-04,1000000.00,4.361891,98.5859375
08:01:03,91282CKF7,TSRYS5774875,D,S,C,2024-04-04,1000000.00,4.361891,98.5859375
08:01:03,91282CKF7,TSRYS5774875,D,B,C,2024-04-04,1000000.00,4.361891,98.5859375
08:01:03,91282CKF7,TSRYS5774875,D,S,D,2024-04-04,2000000.00,4.361561,98.587890625
08:01:03,91282CKF7,TSRYS5774875,D,S,D,2024-04-04,3000000.00,4.361561,98.587890625
08:01:03,91282CKF7,TSRYS5774875,D,S,C,2024-04-04,1000000.00,4.362222,98.583984375
08:01:03,91282CKF7,TSRYS5774875,D,S,D,2024-04-04,1000000.00,4.361561,98.587890625
08:01:03,91282CKF7,TSRYS5774875,D,S,T,2024-04-04,1000000.00,4.360901,98.591796875
08:01:03,91282CKF7,TSRYS5774875,D,S,C,2024-04-04,1000000.00,4.366843,98.556640625
08:01:03,91282CKF7,TSRYS5774875,D,S,T,2024-04-04,1000000.00,4.360901,98.591796875
08:01:03,91282CKF7,TSRYS5774875,D,B,C,2024-04-04,1000000.00,4.366843,98.556640625
08:01:03,91282CKF7,TSRYS5774875,D,S,C,2024-04-04,1000000.00,4.368164,98.548828125
08:01:03,91282CKF7,TSRYS5774875,D,B,C,2024-04-04,1000000.00,4.368164,98.548828125
08:01:03,91282CKF7,TSRYS5774875,D,S,D,2024-04-04,1000000.00,4.368494,98.546875
08:01:04,91282CKF7,TSRYS5774875,D,B,C,2024-04-04,1000000.00,4.359911,98.59765625
08:01:04,91282CKF7,TSRYS5774875,D,S,D,2024-04-04,2000000.00,4.362552,98.58203125
08:01:04,91282CKF7,TSRYS5774875,D,S,D,2024-04-04,1000000.00,4.359911,98.59765625
08:01:04,91282CKF7,TSRYS5774875,D,S,D,2024-04-04,1000000.00,4.362552,98.58203125
08:01:04,91282CKF7,TSRYS5774875,D,S,D,2024-04-04,2000000.00,4.362552,98.58203125
08:01:04,91282CKF7,TSRYS5774875,D,B,C,2024-04-04,1000000.00,4.367504,98.552734375
08:01:04,91282CKF7,TSRYS5774875,D,S,C,2024-04-04,1000000.00,4.367504,98.552734375
08:01:04,91282CKF7,TSRYS5774875,D,S,C,2024-04-04,1000000.00,4.363872,98.57421875
08:01:04,91282CKF7,TSRYS5774875,D,B,C,2024-04-04,1000000.00,4.363872,98.57421875
08:01:04,91282CKF7,TSRYS5774875,D,B,C,2024-04-04,1000000.00,4.363542,98.576171875
08:01:04,91282CKF7,TSRYS5774875,D,S,C,2024-04-04,1000000.00,4.367173,98.5546875
08:01:04,91282CKF7,TSRYS5774875,D,S,C,2024-04-04,1000000.00,4.363872,98.57421875
08:01:04,91282CKF7,TSRYS5774875,D,B,C,2024-04-04,1000000.00,4.363872,98.57421875
08:01:04,91282CKF7,TSRYS5774875,D,B,C,2024-04-04,1000000.00,4.367173,98.5546875
08:01:04,91282CKF7,TSRYS5774875,D,S,C,2024-04-04,1000000.00,4.363542,98.576171875
08:01:04,91282CKF7,TSRYS5774875,D,B,C,2024-04-04,1000000.00,4.361231,98.58984375
08:01:04,91282CKF7,TSRYS5774875,D,S,C,2024-04-04,1000000.00,4.361231,98.58984375
08:01:04,91282CKF7,TSRYS5774875,D,S,C,2024-04-04,1000000.00,4.362552,98.58203125
08:01:04,91282CKF7,TSRYS5774875,D,S,C,2024-04-04,1000000.00,4.360571,98.59375
08:01:04,91282CKF7,TSRYS5774875,D,S,C,2024-04-04,1000000.00,4.360571,98.59375
08:01:04,91282CKF7,TSRYS5774875,D,S,D,2024-04-04,1000000.00,4.360571,98.59375
08:01:04,91282CKF7,TSRYS5774875,D,B,C,2024-04-04,1000000.00,4.361231,98.58984375
08:01:04,91282CKF7,TSRYS5774875,D,S,D,2024-04-04,1000000.00,4.360571,98.59375
08:01:04,91282CKF7,TSRYS5774875,D,S,D,2024-04-04,1000000.00,4.360571,98.59375
08:01:04,91282CKF7,TSRYS5774875,D,S,D,2024-04-04,1000000.00,4.361231,98.58984375
08:01:04,91282CKF7,TSRYS5774875,D,S,D,2024-04-04,1000000.00,4.361231,98.58984375
08:01:04,91282CKF7,TSRYS5774875,D,S,D,2024-04-04,1000000.00,4.360571,98.59375
08:01:04,91282CKF7,TSRYS5774875,D,S,C,2024-04-04,1000000.00,4.360241,98.595703125
08:01:04,91282CKF7,TSRYS5774875,D,S,C,2024-04-04,1000000.00,4.360571,98.59375
08:01:04,91282CKF7,TSRYS5774875,D,S,D,2024-04-04,1000000.00,4.360571,98.59375
08:01:04,91282CKF7,TSRYS5774875,D,S,C,2024-04-04,1000000.00,4.360571,98.59375
08:01:04,91282CKF7,TSRYS5774875,D,S,D,2024-04-04,1000000.00,4.360571,98.59375
08:01:04,91282CKF7,TSRYS5774875,D,S,C,2024-04-04,1000000.00,4.359581,98.599609375
08:01:04,91282CKF7,TSRYS5774875,D,S,D,2024-04-04,1000000.00,4.360571,98.59375
08:01:04,91282CKF7,TSRYS5774875,D,S,D,2024-04-04,1000000.00,4.358261,98.607421875
08:01:04,91282CKF7,TSRYS5774875,D,B,C,2024-04-04,1000000.00,4.358261,98.607421875
08:01:04,91282CKF7,TSRYS5774875,D,S,D,2024-04-04,1000000.00,4.360571,98.59375
08:01:04,91282CKF7,TSRYS5774875,D,S,C,2024-04-04,1000000.00,4.357931,98.609375
08:01:04,91282CKF7,TSRYS5774875,D,S,C,2024-04-04,1000000.00,4.357931,98.609375
08:01:04,91282CKF7,TSRYS5774875,D,B,C,2024-04-04,1000000.00,4.361231,98.58984375
08:01:04,91282CKF7,TSRYS5774875,D,S,D,2024-04-04,1000000.00,4.358261,98.607421875
08:01:04,91282CKF7,TSRYS5774875,D,B,C,2024-04-04,1000000.00,4.358261,98.607421875
08:01:04,91282CKF7,TSRYS5774875,D,S,C,2024-04-04,1000000.00,4.360571,98.59375
08:01:04,91282CKF7,TSRYS5774875,D,S,D,2024-04-04,1000000.00,4.358261,98.607421875
08:01:04,91282CKF7,TSRYS5774875,D,S,C,2024-04-04,1000000.00,4.357931,98.609375
08:01:04,91282CKF7,TSRYS5774875,D,S,C,2024-04-04,2000000.00,4.358261,98.607421875
08:01:05,91282CKF7,TSRYS5774875,D,S,D,2024-04-04,1000000.00,4.358261,98.607421875
08:01:05,91282CKF7,TSRYS5774875,D,S,D,2024-04-04,1000000.00,4.358261,98.607421875
08:01:05,91282CKF7,TSRYS5774875,D,S,D,2024-04-04,1000000.00,4.358261,98.607421875
08:01:05,91282CKF7,TSRYS5774875,D,S,D,2024-04-04,1000000.00,4.358261,98.607421875
08:01:05,91282CKF7,TSRYS5774875,D,S,D,2024-04-04,3000000.00,4.358261,98.607421875
08:01:05,91282CKF7,TSRYS5774875,D,S,D,2024-04-04,2000000.00,4.361561,98.587890625
08:01:05,91282CKF7,TSRYS5774875,D,S,D,2024-04-04,1000000.00,4.358261,98.607421875
08:01:05,91282CKF7,TSRYS5774875,D,S,C,2024-04-04,1000000.00,4.357931,98.609375
08:01:05,91282CKF7,TSRYS5774875,D,S,D,2024-04-04,3000000.00,4.361561,98.587890625
08:01:05,91282CKF7,TSRYS5774875,D,S,D,2024-04-04,2000000.00,4.361561,98.587890625
08:01:05,91282CKF7,TSRYS5774875,D,S,D,2024-04-04,6000000.00,4.361561,98.587890625
08:01:05,91282CKF7,TSRYS5774875,D,S,D,2024-04-04,3000000.00,4.361561,98.587890625
08:01:05,91282CKF7,TSRYS5774875,D,S,D,2024-04-04,3000000.00,4.361561,98.587890625
08:01:05,91282CKF7,TSRYS5774875,D,S,D,2024-04-04,1000000.00,4.361561,98.587890625
08:01:05,91282CKF7,TSRYS5774875,D,S,D,2024-04-04,3000000.00,4.360571,98.59375
08:01:05,91282CKF7,TSRYS5774875,D,S,C,2024-04-04,1000000.00,4.359911,98.59765625
08:01:05,91282CKF7,TSRYS5774875,D,S,D,2024-04-04,1000000.00,4.359581,98.599609375
08:01:05,91282CKF7,TSRYS5774875,D,S,D,2024-04-04,1000000.00,4.359581,98.599609375
08:01:05,91282CKF7,TSRYS5774875,D,S,C,2024-04-04,1000000.00,4.359581,98.599609375
08:01:05,91282CKF7,TSRYS5774875,D,B,C,2024-04-04,1000000.00,4.357931,98.609375
08:01:05,91282CKF7,TSRYS5774875,D,B,C,2024-04-04,1000000.00,4.357601,98.611328125
08:01:05,91282CKF7,TSRYS5774875,D,S,C,2024-04-04,1000000.00,4.357601,98.611328125
08:01:05,91282CKF7,TSRYS5774875,D,S,D,2024-04-04,1000000.00,4.357931,98.609375
08:01:05,91282CKF7,TSRYS5774875,D,B,C,2024-04-04,2000000.00,4.352653,98.640625
08:01:05,91282CKF7,TSRYS5774875,D,S,C,2024-04-04,1000000.00,4.350344,98.654296875
08:01:05,91282CKF7,TSRYS5774875,D,S,D,2024-04-04,2000000.00,4.352653,98.640625
08:01:05,91282CKF7,TSRYS5774875,D,S,C,2024-04-04,1000000.00,4.354632,98.62890625
08:01:05,91282CKF7,TSRYS5774875,D,S,C,2024-04-04,1000000.00,4.354632,98.62890625
08:01:05,91282CKF7,TSRYS5774875,D,S,C,2024-04-04,1000000.00,4.355292,98.625
08:01:05,91282CKF7,TSRYS5774875,D,S,D,2024-04-04,1000000.00,4.359911,98.59765625
08:01:05,91282CKF7,TSRYS5774875,D,S,C,2024-04-04,1000000.00,4.359251,98.6015625
08:01:05,91282CKF7,TSRYS5774875,D,B,C,2024-04-04,2000000.00,4.365791,98.5625
08:01:05,91282CKF7,TSRYS5774875,D,S,C,2024-04-04,2000000.00,4.365791,98.5625
08:01:06,91282CKF7,TSRYS5774875,D,S,D,2024-04-04,2000000.00,4.360901,98.591796875
08:01:06,91282CKF7,TSRYS5774875,D,S,T,2024-04-04,1000000.00,4.360901,98.591796875
08:01:06,91282CKF7,TSRYS5774875,D,S,T,2024-04-04,1000000.00,4.360901,98.591796875
08:01:06,91282CKF7,TSRYS5774875,D,S,T,2024-04-04,1000000.00,4.360901,98.591796875
08:01:06,91282CKF7,TSRYS5774875,D,S,T,2024-04-04,1000000.00,4.360901,98.591796875
08:01:07,91282CKF7,TSRYS5774875,D,S,C,2024-04-04,1000000.00,4.360571,98.59375
08:01:07,91282CKF7,TSRYS5774875,D,B,C,2024-04-04,1000000.00,4.360571,98.59375
08:01:07,91282CKF7,TSRYS5774875,D,B,C,2024-04-04,1000000.00,4.360571,98.59375
08:01:07,91282CKF7,TSRYS5774875,D,S,D,2024-04-04,1000000.00,4.360571,98.59375
08:01:07,91282CKF7,TSRYS5774875,D,B,C,2024-04-04,1000000.00,4.361561,98.587890625
08:01:07,91282CKF7,TSRYS5774875,D,S,C,2024-04-04,1000000.00,4.361561,98.587890625
08:01:07,91282CKF7,TSRYS5774875,D,B,C,2024-04-04,1000000.00,4.361891,98.5859375
08:01:07,91282CKF7,TSRYS5774875,D,S,C,2024-04-04,1000000.00,4.361891,98.5859375
08:01:07,91282CKF7,TSRYS5774875,D,S,C,2024-04-04,1000000.00,4.361891,98.5859375
08:01:07,91282CKF7,TSRYS5774875,D,B,C,2024-04-04,1000000.00,4.361891,98.5859375
08:01:07,91282CKF7,TSRYS5774875,D,B,C,2024-04-04,1000000.00,4.362222,98.583984375
08:01:07,91282CKF7,TSRYS5774875,D,S,C,2024-04-04,1000000.00,4.362222,98.583984375
08:01:07,91282CKF7,TSRYS5774875,D,B,C,2024-04-04,1000000.00,4.362222,98.583984375
08:01:07,91282CKF7,TSRYS5774875,D,S,D,2024-04-04,1000000.00,4.362222,98.583984375
08:01:08,91282CKF7,TSRYS5774875,D,S,C,2024-04-04,1000000.00,4.360241,98.595703125
08:01:08,91282CKF7,TSRYS5774875,D,B,C,2024-04-04,1000000.00,4.360241,98.595703125
08:01:08,91282CKF7,TSRYS5774875,D,B,C,2024-04-04,1000000.00,4.360571,98.59375
08:01:08,91282CKF7,TSRYS5774875,D,S,D,2024-04-04,1000000.00,4.360571,98.59375
08:01:08,91282CKF7,TSRYS5774875,D,B,C,2024-04-04,1000000.00,4.360571,98.59375
08:01:08,91282CKF7,TSRYS5774875,D,S,C,2024-04-04,1000000.00,4.360571,98.59375
08:01:08,91282CKF7,TSRYS5774875,D,B,C,2024-04-04,1000000.00,4.360571,98.59375
08:01:08,91282CKF7,TSRYS5774875,D,B,C,2024-04-04,1000000.00,4.360571,98.59375
08:01:08,91282CKF7,TSRYS5774875,D,S,D,2024-04-04,1000000.00,4.360571,98.59375
08:01:08,91282CKF7,TSRYS5774875,D,B,C,2024-04-04,1000000.00,4.360571,98.59375
08:01:08,91282CKF7,TSRYS5774875,D,S,C,2024-04-04,1000000.00,4.360571,98.59375
08:01:08,91282CKF7,TSRYS5774875,D,S,D,2024-04-04,1000000.00,4.360571,98.59375
08:01:08,91282CKF7,TSRYS5774875,D,S,C,2024-04-04,1000000.00,4.360901,98.591796875
08:01:08,91282CKF7,TSRYS5774875,D,B,C,2024-04-04,1000000.00,4.360901,98.591796875
08:01:08,91282CKF7,TSRYS5774875,D,B,C,2024-04-04,1000000.00,4.362882,98.580078125
08:01:08,91282CKF7,TSRYS5774875,D,S,C,2024-04-04,1000000.00,4.362882,98.580078125
08:01:08,91282CKF7,TSRYS5774875,D,S,C,2024-04-04,1935000.00,4.361231,98.58984375
08:01:09,91282CKF7,TSRYS5774875,D,S,C,2024-04-04,40000000.00,4.367173,98.5546875
08:01:09,91282CKF7,TSRYS5774875,D,S,D,2024-04-04,1000000.00,4.339465,98.71875
08:01:09,91282CKF7,TSRYS5774875,D,S,C,2024-04-04,1000000.00,4.339465,98.71875
08:01:10,91282CKF7,TSRYS5774875,D,S,D,2024-04-04,1000000.00,4.341456,98.70695
08:01:10,91282CKF7,TSRYS5774875,D,S,D,2024-04-04,3000000.00,4.360571,98.59375
08:01:10,91282CKF7,TSRYS5774875,D,S,D,2024-04-04,1000000.00,4.359581,98.599609375
08:01:10,91282CKF7,TSRYS5774875,D,S,D,2024-04-04,1000000.00,4.359581,98.599609375
08:01:10,91282CKF7,TSRYS5774875,D,S,D,2024-04-04,1000000.00,4.359581,98.599609375
08:01:10,91282CKF7,TSRYS5774875,D,S,T,2024-04-04,1000000.00,4.339482,98.71865
08:01:10,91282CKF7,TSRYS5774875,D,S,T,2024-04-04,1000000.00,4.339482,98.71865
08:01:10,91282CKF7,TSRYS5774875,D,B,C,2024-04-04,1000000.00,4.344409,98.68945312
08:01:10,91282CKF7,TSRYS5774875,D,B,C,2024-04-04,1000000.00,4.344409,98.68945312
08:01:10,91282CKF7,TSRYS5774875,D,B,C,2024-04-04,1000000.00,4.344409,98.68945312
08:01:10,91282CKF7,TSRYS5774875,D,B,C,2024-04-04,1000000.00,4.344409,98.68945312
08:01:10,91282CKF7,TSRYS5774875,D,S,T,2024-04-04,1000000.00,4.350014,98.65625
08:01:10,91282CKF7,TSRYS5774875,D,B,C,2024-04-04,1000000.00,4.344409,98.68945312
08:01:10,91282CKF7,TSRYS5774875,D,S,T,2024-04-04,1000000.00,4.350014,98.65625
08:01:10,91282CKF7,TSRYS5774875,D,S,T,2024-04-04,1000000.00,4.350014,98.65625
08:01:10,91282CKF7,TSRYS5774875,D,S,T,2024-04-04,2000000.00,4.350014,98.65625
08:01:10,91282CKF7,TSRYS5774875,D,S,T,2024-04-04,1000000.00,4.350014,98.65625
08:01:11,91282CKF7,TSRYS5774875,D,S,C,2024-04-04,1000000.00,4.359251,98.6015625
08:01:11,91282CKF7,TSRYS5774875,D,S,C,2024-04-04,1000000.00,4.364532,98.5703125
08:01:11,91282CKF7,TSRYS5774875,D,S,C,2024-04-04,1000000.00,4.359251,98.6015625
08:01:11,91282CKF7,TSRYS5774875,D,S,T,2024-04-04,2000000.00,4.360588,98.59365
08:01:11,91282CKF7,TSRYS5774875,D,S,T,2024-04-04,1000000.00,4.359598,98.599509375
08:01:11,91282CKF7,TSRYS5774875,D,S,T,2024-04-04,1000000.00,4.359598,98.599509375
08:01:11,91282CKF7,TSRYS5774875,D,S,T,2024-04-04,1000000.00,4.359598,98.599509375
08:01:11,91282CKF7,TSRYS5774875,D,S,T,2024-04-04,1000000.00,4.339495,98.718575
08:01:11,91282CKF7,TSRYS5774875,D,S,D,2024-04-04,25000000.00,4.360365,98.59497
08:01:11,91282CKF7,TSRYS5774875,D,S,T,2024-04-04,1000000.00,4.360601,98.593575
08:01:11,91282CKF7,TSRYS5774875,D,S,T,2024-04-04,1000000.00,4.339503,98.718525
08:01:11,91282CKF7,TSRYS5774875,D,S,T,2024-04-04,1000000.00,4.339503,98.718525
08:01:11,91282CKF7,TSRYS5774875,D,S,T,2024-04-04,1000000.00,4.339503,98.718525
08:01:11,91282CKF7,TSRYS5774875,D,S,T,2024-04-04,4000000.00,4.339503,98.718525
08:01:12,91282CKF7,TSRYS5774875,D,S,T,2024-04-04,4000000.00,4.360609,98.593525
08:01:12,91282CKF7,TSRYS5774875,D,S,C,2024-04-04,1000000.00,4.349355,98.66015625
08:01:12,91282CKF7,TSRYS5774875,D,S,D,2024-04-04,8000000.00,4.361559,98.5879023
08:01:12,91282CKF7,TSRYS5774875,D,S,D,2024-04-04,2000000.00,4.368376,98.547575
08:01:12,91282CKF7,TSRYS5774875,D,S,D,2024-04-04,6000000.00,4.368376,98.547575
08:01:12,91282CKF7,TSRYS5774875,D,S,C,2024-04-04,1000000.00,4.349355,98.66015625
08:01:12,91282CKF7,TSRYS5774875,D,S,D,2024-04-04,6000000.00,4.362433,98.5827313
08:01:12,91282CKF7,TSRYS5774875,D,S,D,2024-04-04,4000000.00,4.362433,98.5827313
08:01:12,91282CKF7,TSRYS5774875,D,S,T,2024-04-04,1000000.00,4.365853,98.5625
08:01:12,91282CKF7,TSRYS5774875,D,S,T,2024-04-04,1000000.00,4.365853,98.5625
08:01:12,91282CKF7,TSRYS5774875,D,S,T,2024-04-04,2000000.00,4.365853,98.5625
08:01:12,91282CKF7,TSRYS5774875,D,S,T,2024-04-04,1000000.00,4.365853,98.5625
08:01:12,91282CKF7,TSRYS5774875,D,S,T,2024-04-04,1000000.00,4.365853,98.5625
08:01:12,91282CKF7,TSRYS5774875,D,S,T,2024-04-04,1000000.00,4.365853,98.5625
08:01:12,91282CKF7,TSRYS5774875,D,S,T,2024-04-04,1000000.00,4.365853,98.5625
08:01:12,91282CKF7,TSRYS5774875,D,S,D,2024-04-04,10000000.00,4.358177,98.6079219
08:01:12,91282CKF7,TSRYS5774875,D,S,D,2024-04-04,5000000.00,4.360783,98.5924969
08:01:12,91282CKF7,TSRYS5774875,D,S,D,2024-04-04,5000000.00,4.361113,98.5905438
08:01:12,91282CKF7,TSRYS5774875,D,S,D,2024-04-04,50000000.00,4.36149,98.5883156
08:01:12,91282CKF7,TSRYS5774875,D,B,C,2024-04-04,1000000.00,4.341772,98.70507812
08:01:13,91282CKF7,TSRYS5774875,D,S,C,2024-04-04,1000000.00,4.348695,98.6640625
08:01:13,91282CKF7,TSRYS5774875,D,S,C,2024-04-04,1000000.00,4.348695,98.6640625
08:01:13,91282CKF7,TSRYS5774875,D,S,C,2024-04-04,1000000.00,4.361891,98.5859375
08:01:14,91282CKF7,TSRYS5774875,D,B,C,2024-04-04,1000000.00,4.350014,98.65625
08:01:14,91282CKF7,TSRYS5774875,D,S,D,2024-04-04,1000000.00,4.350014,98.65625
08:01:14,91282CKF7,TSRYS5774875,D,S,C,2024-04-04,1000000.00,4.348695,98.6640625
08:01:14,91282CKF7,TSRYS5774875,D,B,C,2024-04-04,1000000.00,4.348695,98.6640625
08:01:14,91282CKF7,TSRYS5774875,D,S,C,2024-04-04,2000000.00,4.348695,98.6640625
08:01:14,91282CKF7,TSRYS5774875,D,S,D,2024-04-04,1000000.00,4.349025,98.662109375
08:01:14,91282CKF7,TSRYS5774875,D,B,C,2024-04-04,1000000.00,4.349025,98.662109375
08:01:15,91282CKF7,TSRYS5774875,D,S,C,2024-04-04,1000000.00,4.352323,98.64257812
08:01:16,91282CKF7,TSRYS5774875,D,B,C,2024-04-04,8000000.00,4.350487,98.65345
08:01:17,91282CKF7,TSRYS5774875,D,S,T,2024-04-04,1000000.00,4.359911,98.59765625
08:01:18,91282CKF7,TSRYS5774875,D,S,D,2024-04-04,8000000.00,4.343473,98.695
08:01:18,91282CKF7,TSRYS5774875,D,S,T,2024-04-04,1000000.00,4.362222,98.58398437
08:01:18,91282CKF7,TSRYS5774875,D,S,D,2024-04-04,1000000.00,4.362222,98.58398437
08:01:18,91282CKF7,TSRYS5774875,D,S,T,2024-04-04,1000000.00,4.362222,98.58398437
08:01:18,91282CKF7,TSRYS5774875,D,S,T,2024-04-04,1000000.00,4.362222,98.58398437
08:01:18,91282CKF7,TSRYS5774875,D,S,T,2024-04-04,1000000.00,4.362222,98.58398437
08:01:18,91282CKF7,TSRYS5774875,D,S,T,2024-04-04,1000000.00,4.362222,98.58398437
08:01:18,91282CKF7,TSRYS5774875,D,S,T,2024-04-04,1000000.00,4.362222,98.58398437
08:01:18,91282CKF7,TSRYS5774875,D,S,T,2024-04-04,1000000.00,4.362222,98.58398437
08:01:18,91282CKF7,TSRYS5774875,D,S,T,2024-04-04,1000000.00,4.362222,98.58398437
08:01:18,91282CKF7,TSRYS5774875,D,S,T,2024-04-04,1000000.00,4.364532,98.5703125
08:01:18,91282CKF7,TSRYS5774875,D,S,T,2024-04-04,1000000.00,4.364532,98.5703125
08:01:18,91282CKF7,TSRYS5774875,D,S,T,2024-04-04,1000000.00,4.364532,98.5703125
08:01:18,91282CKF7,TSRYS5774875,D,S,T,2024-04-04,1000000.00,4.364532,98.5703125
08:01:18,91282CKF7,TSRYS5774875,D,S,T,2024-04-04,1000000.00,4.362222,98.58398437
08:01:18,91282CKF7,TSRYS5774875,D,S,T,2024-04-04,2000000.00,4.359911,98.59765625
08:01:18,91282CKF7,TSRYS5774875,D,S,T,2024-04-04,1000000.00,4.359911,98.59765625
08:01:18,91282CKF7,TSRYS5774875,D,S,T,2024-04-04,1000000.00,4.359911,98.59765625
08:01:18,91282CKF7,TSRYS5774875,D,S,T,2024-04-04,1000000.00,4.359911,98.59765625
08:01:18,91282CKF7,TSRYS5774875,D,S,T,2024-04-04,1000000.00,4.359911,98.59765625
08:01:18,91282CKF7,TSRYS5774875,D,S,T,2024-04-04,1000000.00,4.362222,98.58398437
08:01:18,91282CKF7,TSRYS5774875,D,S,T,2024-04-04,1000000.00,4.362222,98.58398437
08:01:18,91282CKF7,TSRYS5774875,D,S,T,2024-04-04,2000000.00,4.362222,98.58398437
08:01:18,91282CKF7,TSRYS5774875,D,S,T,2024-04-04,2000000.00,4.362222,98.58398437
08:01:19,91282CKF7,TSRYS5774875,D,S,D,2024-04-04,1000000.00,4.341443,98.70703125
08:01:19,91282CKF7,TSRYS5774875,D,S,D,2024-04-04,1000000.00,4.351663,98.646484375
08:01:19,91282CKF7,TSRYS5774875,D,S,D,2024-04-04,1000000.00,4.351663,98.646484375
08:01:19,91282CKF7,TSRYS5774875,D,S,D,2024-04-04,1000000.00,4.351663,98.646484375
08:01:19,91282CKF7,TSRYS5774875,D,S,T,2024-04-04,2000000.00,4.364532,98.5703125
08:01:19,91282CKF7,TSRYS5774875,D,S,T,2024-04-04,2000000.00,4.366843,98.55664062
08:01:19,91282CKF7,TSRYS5774875,D,S,T,2024-04-04,1000000.00,4.351663,98.64648437
08:01:19,91282CKF7,TSRYS5774875,D,S,T,2024-04-04,1000000.00,4.351663,98.64648437
08:01:20,91282CKF7,TSRYS5774875,D,S,T,2024-04-04,1000000.00,4.351663,98.64648437
08:01:20,91282CKF7,TSRYS5774875,D,S,T,2024-04-04,1000000.00,4.366843,98.55664062
08:01:20,91282CKF7,TSRYS5774875,D,S,T,2024-04-04,2000000.00,4.366843,98.55664062
08:01:20,91282CKF7,TSRYS5774875,D,S,T,2024-04-04,1000000.00,4.364532,98.5703125
08:01:20,91282CKF7,TSRYS5774875,D,S,T,2024-04-04,1000000.00,4.364532,98.5703125
08:01:20,91282CKF7,TSRYS5774875,D,S,T,2024-04-04,1000000.00,4.364532,98.5703125
08:01:20,91282CKF7,TSRYS5774875,D,S,D,2024-04-04,1000000.00,4.359581,98.59960937
08:01:20,91282CKF7,TSRYS5774875,D,S,D,2024-04-04,1000000.00,4.359581,98.59960937
08:01:20,91282CKF7,TSRYS5774875,D,S,C,2024-04-04,1000000.00,4.357271,98.61328125
08:01:20,91282CKF7,TSRYS5774875,D,S,D,2024-04-04,1000000.00,4.357271,98.61328125
08:01:20,91282CKF7,TSRYS5774875,D,S,D,2024-04-04,1000000.00,4.357271,98.61328125
08:01:20,91282CKF7,TSRYS5774875,D,S,T,2024-04-04,1000000.00,4.359581,98.599609375
08:01:20,91282CKF7,TSRYS5774875,D,S,T,2024-04-04,1000000.00,4.359581,98.599609375
08:01:21,91282CKF7,TSRYS5774875,D,S,D,2024-04-04,1000000.00,4.360571,98.59375
08:01:21,91282CKF7,TSRYS5774875,D,S,T,2024-04-04,1000000.00,4.360597,98.5936
08:01:21,91282CKF7,TSRYS5774875,D,S,D,2024-04-04,1000000.00,4.360241,98.59570312
08:01:21,91282CKF7,TSRYS5774875,D,S,D,2024-04-04,1000000.00,4.360571,98.59375
08:01:21,91282CKF7,TSRYS5774875,D,S,T,2024-04-04,1000000.00,4.360571,98.59375
08:01:21,91282CKF7,TSRYS5774875,D,S,D,2024-04-04,1000000.00,4.360571,98.59375
08:01:22,91282CKF7,TSRYS5774875,D,S,D,2024-04-04,1000000.00,4.360571,98.59375
08:01:22,91282CKF7,TSRYS5774875,D,S,D,2024-04-04,1000000.00,4.360571,98.59375
08:01:22,91282CKF7,TSRYS5774875,D,S,D,2024-04-04,2000000.00,4.360571,98.59375
08:01:22,91282CKF7,TSRYS5774875,D,S,D,2024-04-04,1000000.00,4.360571,98.59375
08:01:22,91282CKF7,TSRYS5774875,D,S,D,2024-04-04,1000000.00,4.360571,98.59375
08:01:22,91282CKF7,TSRYS5774875,D,S,D,2024-04-04,1000000.00,4.360571,98.59375
08:01:22,91282CKF7,TSRYS5774875,D,S,D,2024-04-04,1000000.00,4.360571,98.59375
08:01:22,91282CKF7,TSRYS5774875,D,S,D,2024-04-04,1000000.00,4.360571,98.59375
08:01:22,91282CKF7,TSRYS5774875,D,S,T,2024-04-04,1000000.00,4.360597,98.5936
08:01:22,91282CKF7,TSRYS5774875,D,S,C,2024-04-04,1000000.00,4.360571,98.59375
08:01:22,91282CKF7,TSRYS5774875,D,S,T,2024-04-04,1000000.00,4.360597,98.5936
08:01:22,91282CKF7,TSRYS5774875,D,S,D,2024-04-04,1000000.00,4.360571,98.59375
08:01:22,91282CKF7,TSRYS5774875,D,S,T,2024-04-04,1000000.00,4.360597,98.5936
08:01:22,91282CKF7,TSRYS5774875,D,S,T,2024-04-04,1000000.00,4.360597,98.5936
08:01:22,91282CKF7,TSRYS5774875,D,S,T,2024-04-04,1000000.00,4.360597,98.5936
08:01:22,91282CKF7,TSRYS5774875,D,S,D,2024-04-04,1000000.00,4.360571,98.59375
08:01:22,91282CKF7,TSRYS5774875,D,S,T,2024-04-04,1000000.00,4.360571,98.59375
08:01:22,91282CKF7,TSRYS5774875,D,S,T,2024-04-04,1000000.00,4.360597,98.5936
08:01:22,91282CKF7,TSRYS5774875,D,S,D,2024-04-04,1000000.00,4.360571,98.59375
08:01:22,91282CKF7,TSRYS5774875,D,S,T,2024-04-04,1000000.00,4.360597,98.5936
08:01:22,91282CKF7,TSRYS5774875,D,S,D,2024-04-04,2000000.00,4.360571,98.59375
08:01:22,91282CKF7,TSRYS5774875,D,S,D,2024-04-04,1000000.00,4.360571,98.59375
08:01:22,91282CKF7,TSRYS5774875,D,S,D,2024-04-04,1000000.00,4.360571,98.59375
08:01:22,91282CKF7,TSRYS5774875,D,S,D,2024-04-04,1000000.00,4.360571,98.59375
08:01:22,91282CKF7,TSRYS5774875,D,S,D,2024-04-04,1000000.00,4.360571,98.59375
08:01:22,91282CKF7,TSRYS5774875,D,S,D,2024-04-04,1000000.00,4.360571,98.59375
08:01:22,91282CKF7,TSRYS5774875,D,S,T,2024-04-04,1000000.00,4.360597,98.5936
08:01:22,91282CKF7,TSRYS5774875,D,S,D,2024-04-04,1000000.00,4.360571,98.59375
08:01:22,91282CKF7,TSRYS5774875,D,S,D,2024-04-04,1000000.00,4.360571,98.59375
08:01:22,91282CKF7,TSRYS5774875,D,S,T,2024-04-04,1000000.00,4.360241,98.59570312
08:01:22,91282CKF7,TSRYS5774875,D,S,D,2024-04-04,1000000.00,4.360571,98.59375
08:01:22,91282CKF7,TSRYS5774875,D,S,D,2024-04-04,1000000.00,4.360241,98.59570312
08:01:22,91282CKF7,TSRYS5774875,D,S,D,2024-04-04,1000000.00,4.360571,98.59375
08:01:22,91282CKF7,TSRYS5774875,D,S,D,2024-04-04,1000000.00,4.360571,98.59375
08:01:22,91282CKF7,TSRYS5774875,D,S,T,2024-04-04,1000000.00,4.360571,98.59375
08:01:22,91282CKF7,TSRYS5774875,D,S,D,2024-04-04,1000000.00,4.360571,98.59375
08:01:22,91282CKF7,TSRYS5774875,D,S,D,2024-04-04,1000000.00,4.360571,98.59375
08:01:22,91282CKF7,TSRYS5774875,D,S,T,2024-04-04,1000000.00,4.360597,98.5936
08:01:22,91282CKF7,TSRYS5774875,D,S,T,2024-04-04,1000000.00,4.360597,98.5936
08:01:22,91282CKF7,TSRYS5774875,D,S,T,2024-04-04,2000000.00,4.360597,98.5936
08:01:22,91282CKF7,TSRYS5774875,D,S,T,2024-04-04,1000000.00,4.360597,98.5936
08:01:22,91282CKF7,TSRYS5774875,D,S,T,2024-04-04,1000000.00,4.360597,98.5936
08:01:22,91282CKF7,TSRYS5774875,D,S,C,2024-04-04,1000000.00,4.360571,98.59375
08:01:22,91282CKF7,TSRYS5774875,D,S,T,2024-04-04,1000000.00,4.360597,98.5936
08:01:22,91282CKF7,TSRYS5774875,D,S,D,2024-04-04,1000000.00,4.360571,98.59375
08:01:22,91282CKF7,TSRYS5774875,D,S,D,2024-04-04,1000000.00,4.360571,98.59375
08:01:22,91282CKF7,TSRYS5774875,D,S,D,2024-04-04,1000000.00,4.360571,98.59375
08:01:22,91282CKF7,TSRYS5774875,D,S,D,2024-04-04,1000000.00,4.360571,98.59375
08:01:22,91282CKF7,TSRYS5774875,D,S,D,2024-04-04,2000000.00,4.360571,98.59375
08:01:22,91282CKF7,TSRYS5774875,D,S,T,2024-04-04,2000000.00,4.360571,98.59375
08:01:22,91282CKF7,TSRYS5774875,D,S,T,2024-04-04,1000000.00,4.360571,98.59375
08:01:22,91282CKF7,TSRYS5774875,D,S,T,2024-04-04,1000000.00,4.360571,98.59375
08:01:22,91282CKF7,TSRYS5774875,D,S,D,2024-04-04,1000000.00,4.360571,98.59375
08:01:22,91282CKF7,TSRYS5774875,D,S,T,2024-04-04,1000000.00,4.360597,98.5936
08:01:22,91282CKF7,TSRYS5774875,D,S,D,2024-04-04,1000000.00,4.360571,98.59375
08:01:22,91282CKF7,TSRYS5774875,D,S,D,2024-04-04,1000000.00,4.360571,98.59375
08:01:22,91282CKF7,TSRYS5774875,D,S,T,2024-04-04,1000000.00,4.360571,98.59375
08:01:22,91282CKF7,TSRYS5774875,D,S,D,2024-04-04,1000000.00,4.360571,98.59375
08:01:22,91282CKF7,TSRYS5774875,D,S,T,2024-04-04,1000000.00,4.360597,98.5936
08:01:22,91282CKF7,TSRYS5774875,D,S,T,2024-04-04,1000000.00,4.360597,98.5936
08:01:22,91282CKF7,TSRYS5774875,D,S,T,2024-04-04,1000000.00,4.360571,98.59375
08:01:22,91282CKF7,TSRYS5774875,D,S,T,2024-04-04,1000000.00,4.360571,98.59375
08:01:22,91282CKF7,TSRYS5774875,D,S,D,2024-04-04,1000000.00,4.360571,98.59375
08:01:22,91282CKF7,TSRYS5774875,D,S,D,2024-04-04,1000000.00,4.360571,98.59375
08:01:22,91282CKF7,TSRYS5774875,D,S,D,2024-04-04,1000000.00,4.360571,98.59375
08:01:22,91282CKF7,TSRYS5774875,D,S,T,2024-04-04,1000000.00,4.360597,98.5936
08:01:22,91282CKF7,TSRYS5774875,D,S,D,2024-04-04,1000000.00,4.360571,98.59375
08:01:22,91282CKF7,TSRYS5774875,D,S,T,2024-04-04,1000000.00,4.360597,98.5936
08:01:22,91282CKF7,TSRYS5774875,D,S,D,2024-04-04,2000000.00,4.360571,98.59375
08:01:22,91282CKF7,TSRYS5774875,D,S,T,2024-04-04,1000000.00,4.360597,98.5936
08:01:22,91282CKF7,TSRYS5774875,D,S,T,2024-04-04,1000000.00,4.360597,98.5936
08:01:22,91282CKF7,TSRYS5774875,D,S,T,2024-04-04,1000000.00,4.360597,98.5936
08:01:22,91282CKF7,TSRYS5774875,D,S,T,2024-04-04,1000000.00,4.360597,98.5936
08:01:22,91282CKF7,TSRYS5774875,D,S,D,2024-04-04,2000000.00,4.360571,98.59375
08:01:22,91282CKF7,TSRYS5774875,D,S,T,2024-04-04,1000000.00,4.360597,98.5936
08:01:22,91282CKF7,TSRYS5774875,D,S,T,2024-04-04,2000000.00,4.360571,98.59375
08:01:22,91282CKF7,TSRYS5774875,D,S,D,2024-04-04,1000000.00,4.360571,98.59375
08:01:22,91282CKF7,TSRYS5774875,D,S,T,2024-04-04,1000000.00,4.360571,98.59375
08:01:23,91282CKF7,TSRYS5774875,D,S,D,2024-04-04,1000000.00,4.358261,98.60742187
08:01:23,91282CKF7,TSRYS5774875,D,S,D,2024-04-04,1000000.00,4.360571,98.59375
08:01:23,91282CKF7,TSRYS5774875,D,S,D,2024-04-04,1000000.00,4.360571,98.59375
08:01:23,91282CKF7,TSRYS5774875,D,S,D,2024-04-04,1000000.00,4.360571,98.59375
08:01:23,91282CKF7,TSRYS5774875,D,S,T,2024-04-04,1000000.00,4.360597,98.5936
08:01:23,91282CKF7,TSRYS5774875,D,S,T,2024-04-04,1000000.00,4.360571,98.59375
08:01:23,91282CKF7,TSRYS5774875,D,S,T,2024-04-04,1000000.00,4.360597,98.5936
08:01:23,91282CKF7,TSRYS5774875,D,S,T,2024-04-04,1000000.00,4.360597,98.5936
08:01:23,91282CKF7,TSRYS5774875,D,S,T,2024-04-04,1000000.00,4.360597,98.5936
08:01:23,91282CKF7,TSRYS5774875,D,S,T,2024-04-04,1000000.00,4.360597,98.5936
08:01:23,91282CKF7,TSRYS5774875,D,S,T,2024-04-04,1000000.00,4.360597,98.5936
08:01:23,91282CKF7,TSRYS5774875,D,S,D,2024-04-04,1000000.00,4.359581,98.59960937
08:01:23,91282CKF7,TSRYS5774875,D,S,T,2024-04-04,1000000.00,4.359581,98.59960937
08:01:23,91282CKF7,TSRYS5774875,D,S,D,2024-04-04,1000000.00,4.358261,98.60742187
08:01:23,91282CKF7,TSRYS5774875,D,S,D,2024-04-04,1000000.00,4.358261,98.60742187
08:01:23,91282CKF7,TSRYS5774875,D,S,C,2024-04-04,2000000.00,4.358261,98.60742187
08:01:23,91282CKF7,TSRYS5774875,D,S,D,2024-04-04,1000000.00,4.358261,98.60742187
08:01:23,91282CKF7,TSRYS5774875,D,S,D,2024-04-04,1000000.00,4.358261,98.60742187
08:01:23,91282CKF7,TSRYS5774875,D,S,C,2024-04-04,1000000.00,4.357931,98.609375
08:01:23,91282CKF7,TSRYS5774875,D,S,D,2024-04-04,1000000.00,4.357931,98.609375
08:01:23,91282CKF7,TSRYS5774875,D,S,C,2024-04-04,2000000.00,4.358261,98.60742187
08:01:23,91282CKF7,TSRYS5774875,D,S,D,2024-04-04,1000000.00,4.357931,98.609375
08:01:23,91282CKF7,TSRYS5774875,D,S,T,2024-04-04,1000000.00,4.357931,98.609375
08:01:23,91282CKF7,TSRYS5774875,D,S,T,2024-04-04,1000000.00,4.357957,98.609225
08:01:23,91282CKF7,TSRYS5774875,D,S,T,2024-04-04,1000000.00,4.357957,98.609225
08:01:23,91282CKF7,TSRYS5774875,D,S,T,2024-04-04,1000000.00,4.357957,98.609225
08:01:23,91282CKF7,TSRYS5774875,D,S,D,2024-04-04,1000000.00,4.357931,98.609375
08:01:23,91282CKF7,TSRYS5774875,D,S,D,2024-04-04,1000000.00,4.357931,98.609375
08:01:23,91282CKF7,TSRYS5774875,D,S,D,2024-04-04,1000000.00,4.358261,98.60742187
08:01:23,91282CKF7,TSRYS5774875,D,S,D,2024-04-04,1000000.00,4.358261,98.60742187
08:01:23,91282CKF7,TSRYS5774875,D,S,D,2024-04-04,2000000.00,4.358261,98.60742187
08:01:23,91282CKF7,TSRYS5774875,D,S,D,2024-04-04,2000000.00,4.358261,98.60742187
08:01:23,91282CKF7,TSRYS5774875,D,S,D,2024-04-04,2000000.00,4.358261,98.60742187
08:01:23,91282CKF7,TSRYS5774875,D,S,T,2024-04-04,1000000.00,4.358261,98.60742187
08:01:23,91282CKF7,TSRYS5774875,D,S,D,2024-04-04,2000000.00,4.358261,98.60742187
08:01:23,91282CKF7,TSRYS5774875,D,S,T,2024-04-04,2000000.00,4.357931,98.609375
08:01:23,91282CKF7,TSRYS5774875,D,S,D,2024-04-04,1000000.00,4.358261,98.60742187
08:01:23,91282CKF7,TSRYS5774875,D,S,D,2024-04-04,1000000.00,4.358261,98.60742187
08:01:23,91282CKF7,TSRYS5774875,D,S,D,2024-04-04,1000000.00,4.358261,98.60742187
08:01:23,91282CKF7,TSRYS5774875,D,S,D,2024-04-04,3000000.00,4.358261,98.60742187
08:01:23,91282CKF7,TSRYS5774875,D,S,D,2024-04-04,2000000.00,4.358261,98.60742187
08:01:23,91282CKF7,TSRYS5774875,D,S,A,2024-04-04,100000000.00,4.361231,98.58984375
08:01:23,91282CKF7,TSRYS5774875,D,S,D,2024-04-04,2000000.00,4.358261,98.60742187
08:01:23,91282CKF7,TSRYS5774875,D,S,D,2024-04-04,1000000.00,4.358261,98.60742187
08:01:23,91282CKF7,TSRYS5774875,D,S,D,2024-04-04,2000000.00,4.358261,98.60742187
08:01:23,91282CKF7,TSRYS5774875,D,S,T,2024-04-04,1000000.00,4.358261,98.60742187
08:01:23,91282CKF7,TSRYS5774875,D,S,D,2024-04-04,1000000.00,4.358261,98.60742187
08:01:23,91282CKF7,TSRYS5774875,D,S,D,2024-04-04,1000000.00,4.358261,98.60742187
08:01:23,91282CKF7,TSRYS5774875,D,S,D,2024-04-04,2000000.00,4.358261,98.60742187
08:01:23,91282CKF7,TSRYS5774875,D,S,D,2024-04-04,1000000.00,4.357931,98.609375
08:01:23,91282CKF7,TSRYS5774875,D,S,D,2024-04-04,1000000.00,4.364532,98.5703125
08:01:23,91282CKF7,TSRYS5774875,D,S,D,2024-04-04,1000000.00,4.357931,98.609375
08:01:23,91282CKF7,TSRYS5774875,D,S,D,2024-04-04,1000000.00,4.364532,98.5703125
08:01:23,91282CKF7,TSRYS5774875,D,S,D,2024-04-04,1000000.00,4.362222,98.58398437
08:01:23,91282CKF7,TSRYS5774875,D,S,C,2024-04-04,1000000.00,4.362222,98.58398437
08:01:23,91282CKF7,TSRYS5774875,D,S,C,2024-04-04,1000000.00,4.359911,98.59765625
08:01:23,91282CKF7,TSRYS5774875,D,S,D,2024-04-04,1000000.00,4.359911,98.59765625
08:01:23,91282CKF7,TSRYS5774875,D,S,C,2024-04-04,1000000.00,4.359911,98.59765625
08:01:23,91282CKF7,TSRYS5774875,D,S,D,2024-04-04,1000000.00,4.359911,98.59765625
08:01:23,91282CKF7,TSRYS5774875,D,S,C,2024-04-04,1000000.00,4.359911,98.59765625
08:01:23,91282CKF7,TSRYS5774875,D,S,C,2024-04-04,1000000.00,4.359911,98.59765625
08:01:23,91282CKF7,TSRYS5774875,D,S,C,2024-04-04,1000000.00,4.359911,98.59765625
08:01:23,91282CKF7,TSRYS5774875,D,S,D,2024-04-04,1000000.00,4.359911,98.59765625
08:01:23,91282CKF7,TSRYS5774875,D,S,C,2024-04-04,1000000.00,4.359911,98.59765625
08:01:23,91282CKF7,TSRYS5774875,D,S,D,2024-04-04,2000000.00,4.357931,98.609375
08:01:23,91282CKF7,TSRYS5774875,D,S,C,2024-04-04,1000000.00,4.357601,98.61132812
08:01:23,91282CKF7,TSRYS5774875,D,S,C,2024-04-04,1000000.00,4.355292,98.625
08:01:23,91282CKF7,TSRYS5774875,D,S,T,2024-04-04,1000000.00,4.355317,98.62485
08:01:23,91282CKF7,TSRYS5774875,D,S,D,2024-04-04,1000000.00,4.355292,98.625
08:01:23,91282CKF7,TSRYS5774875,D,S,T,2024-04-04,1000000.00,4.355317,98.62485
08:01:23,91282CKF7,TSRYS5774875,D,S,D,2024-04-04,1000000.00,4.355292,98.625
08:01:23,91282CKF7,TSRYS5774875,D,S,T,2024-04-04,1000000.00,4.355317,98.62485
08:01:23,91282CKF7,TSRYS5774875,D,S,D,2024-04-04,1000000.00,4.350344,98.65429687
08:01:23,91282CKF7,TSRYS5774875,D,S,D,2024-04-04,1000000.00,4.350344,98.65429687
08:01:24,91282CKF7,TSRYS5774875,D,S,T,2024-04-04,2000000.00,4.350344,98.65429687
08:01:24,91282CKF7,TSRYS5774875,D,S,D,2024-04-04,2000000.00,4.350344,98.65429687
08:01:24,91282CKF7,TSRYS5774875,D,S,D,2024-04-04,2000000.00,4.350014,98.65625
08:01:24,91282CKF7,TSRYS5774875,D,S,D,2024-04-04,1000000.00,4.354632,98.62890625
08:01:24,91282CKF7,TSRYS5774875,D,S,D,2024-04-04,1000000.00,4.354632,98.62890625
08:01:24,91282CKF7,TSRYS5774875,D,S,D,2024-04-04,2000000.00,4.355292,98.625
08:01:24,91282CKF7,TSRYS5774875,D,S,D,2024-04-04,1000000.00,4.355292,98.625
08:01:24,91282CKF7,TSRYS5774875,D,S,T,2024-04-04,1000000.00,4.355317,98.62485
08:01:24,91282CKF7,TSRYS5774875,D,S,D,2024-04-04,1000000.00,4.355292,98.625
08:01:24,91282CKF7,TSRYS5774875,D,S,T,2024-04-04,1000000.00,4.355317,98.62485
08:01:24,91282CKF7,TSRYS5774875,D,S,D,2024-04-04,1000000.00,4.355292,98.625
08:01:24,91282CKF7,TSRYS5774875,D,S,D,2024-04-04,1000000.00,4.355292,98.625
08:01:24,91282CKF7,TSRYS5774875,D,S,T,2024-04-04,1000000.00,4.355292,98.625
08:01:24,91282CKF7,TSRYS5774875,D,S,T,2024-04-04,1000000.00,4.355292,98.625
08:01:24,91282CKF7,TSRYS5774875,D,S,D,2024-04-04,1000000.00,4.357601,98.61132812
08:01:24,91282CKF7,TSRYS5774875,D,S,D,2024-04-04,1000000.00,4.357601,98.61132812
08:01:24,91282CKF7,TSRYS5774875,D,S,D,2024-04-04,2000000.00,4.359911,98.59765625
08:01:24,91282CKF7,TSRYS5774875,D,S,D,2024-04-04,1000000.00,4.359911,98.59765625
08:01:24,91282CKF7,TSRYS5774875,D,S,D,2024-04-04,1000000.00,4.359911,98.59765625
08:01:24,91282CKF7,TSRYS5774875,D,S,D,2024-04-04,1000000.00,4.359251,98.6015625
08:01:24,91282CKF7,TSRYS5774875,D,S,D,2024-04-04,1000000.00,4.359251,98.6015625
08:01:24,91282CKF7,TSRYS5774875,D,S,D,2024-04-04,1000000.00,4.364532,98.5703125
08:01:24,91282CKF7,TSRYS5774875,D,S,D,2024-04-04,1000000.00,4.364532,98.5703125
08:01:24,91282CKF7,TSRYS5774875,D,S,D,2024-04-04,1000000.00,4.366843,98.55664062
08:01:24,91282CKF7,TSRYS5774875,D,S,D,2024-04-04,1000000.00,4.366843,98.55664062
08:01:24,91282CKF7,TSRYS5774875,D,S,C,2024-04-04,1000000.00,4.364532,98.5703125
08:01:24,91282CKF7,TSRYS5774875,D,S,D,2024-04-04,1000000.00,4.362222,98.58398437
08:01:24,91282CKF7,TSRYS5774875,D,B,C,2024-04-04,37000000.00,4.360683,98.59309
08:01:25,91282CKF7,TSRYS5774875,D,B,C,2024-04-04,1000000.00,4.359911,98.59765625
08:01:26,91282CKF7,TSRYS5774875,D,S,T,2024-04-04,1000000.00,4.350014,98.65625
08:01:26,91282CKF7,TSRYS5774875,D,S,T,2024-04-04,1000000.00,4.360593,98.59362
08:01:29,91282CKF7,TSRYS5774875,D,S,D,2024-04-04,1000000.00,4.366843,98.55664062
08:01:29,91282CKF7,TSRYS5774875,D,S,C,2024-04-04,1000000.00,4.366843,98.55664062
08:01:29,91282CKF7,TSRYS5774875,D,S,C,2024-04-04,1000000.00,4.364532,98.5703125
08:01:29,91282CKF7,TSRYS5774875,D,S,D,2024-04-04,1000000.00,4.364532,98.5703125
08:01:29,91282CKF7,TSRYS5774875,D,S,D,2024-04-04,1000000.00,4.364202,98.57226562
08:01:29,91282CKF7,TSRYS5774875,D,S,D,2024-04-04,1000000.00,4.364202,98.57226562
08:01:29,91282CKF7,TSRYS5774875,D,S,C,2024-04-04,1000000.00,4.365523,98.56445312
08:01:29,91282CKF7,TSRYS5774875,D,S,T,2024-04-04,1000000.00,4.360571,98.59375
08:01:29,91282CKF7,TSRYS5774875,D,S,C,2024-04-04,1000000.00,4.364532,98.5703125
08:01:29,91282CKF7,TSRYS5774875,D,S,C,2024-04-04,1000000.00,4.364532,98.5703125
08:01:29,91282CKF7,TSRYS5774875,D,S,C,2024-04-04,1000000.00,4.364532,98.5703125
08:01:29,91282CKF7,TSRYS5774875,D,S,C,2024-04-04,1000000.00,4.364532,98.5703125
08:01:29,91282CKF7,TSRYS5774875,D,S,D,2024-04-04,1000000.00,4.364532,98.5703125
08:01:29,91282CKF7,TSRYS5774875,D,S,T,2024-04-04,1000000.00,4.360592,98.593625
08:01:29,91282CKF7,TSRYS5774875,D,S,T,2024-04-04,1000000.00,4.360592,98.593625
08:01:29,91282CKF7,TSRYS5774875,D,S,D,2024-04-04,1000000.00,4.364202,98.57226562
08:01:29,91282CKF7,TSRYS5774875,D,S,T,2024-04-04,1000000.00,4.364202,98.57226562
08:01:29,91282CKF7,TSRYS5774875,D,S,T,2024-04-04,1000000.00,4.364202,98.57226562
08:01:29,91282CKF7,TSRYS5774875,D,S,T,2024-04-04,1000000.00,4.360571,98.59375
08:01:29,91282CKF7,TSRYS5774875,D,S,T,2024-04-04,1000000.00,4.360571,98.59375
08:01:29,91282CKF7,TSRYS5774875,D,S,C,2024-04-04,1000000.00,4.363542,98.57617187
08:01:29,91282CKF7,TSRYS5774875,D,S,C,2024-04-04,1000000.00,4.363542,98.57617187
08:01:29,91282CKF7,TSRYS5774875,D,S,T,2024-04-04,1000000.00,4.360571,98.59375
08:01:29,91282CKF7,TSRYS5774875,D,S,T,2024-04-04,1000000.00,4.360571,98.59375
08:01:29,91282CKF7,TSRYS5774875,D,S,C,2024-04-04,1000000.00,4.362552,98.58203125
08:01:29,91282CKF7,TSRYS5774875,D,S,C,2024-04-04,1000000.00,4.362552,98.58203125
08:01:30,91282CKF7,TSRYS5774875,D,B,C,2024-04-04,1000000.00,4.365853,98.5625
08:01:30,91282CKF7,TSRYS5774875,D,S,D,2024-04-04,5000000.00,4.36565,98.5637
08:01:31,91282CKF7,TSRYS5774875,D,S,T,2024-04-04,1000000.00,4.356282,98.61914062
08:01:31,91282CKF7,TSRYS5774875,D,S,C,2024-04-04,1000000.00,4.356282,98.61914062
08:01:32,91282CKF7,TSRYS5774875,D,S,D,2024-04-04,1000000.00,4.354632,98.62890625
08:01:32,91282CKF7,TSRYS5774875,D,S,C,2024-04-04,1000000.00,4.354632,98.62890625
08:01:32,91282CKF7,TSRYS5774875,D,S,D,2024-04-04,1000000.00,4.354632,98.62890625
08:01:32,91282CKF7,TSRYS5774875,D,S,D,2024-04-04,1000000.00,4.354632,98.62890625
08:01:32,91282CKF7,TSRYS5774875,D,S,C,2024-04-04,1000000.00,4.354632,98.62890625
08:01:34,91282CKF7,TSRYS5774875,D,B,C,2024-04-04,1000000.00,4.360571,98.59375
08:01:34,91282CKF7,TSRYS5774875,D,S,A,2024-04-04,280000.00,4.359911,98.59765625
08:01:35,91282CKF7,TSRYS5774875,D,B,C,2024-04-04,1000000.00,4.361231,98.58984375
08:01:35,91282CKF7,TSRYS5774875,D,B,C,2024-04-04,1000000.00,4.361231,98.58984375
08:01:35,91282CKF7,TSRYS5774875,D,B,C,2024-04-04,1000000.00,4.361231,98.58984375
08:01:35,91282CKF7,TSRYS5774875,D,B,C,2024-04-04,1000000.00,4.361231,98.58984375
08:01:35,91282CKF7,TSRYS5774875,D,B,C,2024-04-04,2000000.00,4.361231,98.58984375
08:01:35,91282CKF7,TSRYS5774875,D,B,C,2024-04-04,1000000.00,4.360241,98.59570312
08:01:35,91282CKF7,TSRYS5774875,D,B,C,2024-04-04,1000000.00,4.360571,98.59375
08:01:35,91282CKF7,TSRYS5774875,D,B,C,2024-04-04,1000000.00,4.360571,98.59375
08:01:36,91282CKF7,TSRYS5774875,D,B,C,2024-04-04,1000000.00,4.360571,98.59375
08:01:36,91282CKF7,TSRYS5774875,D,B,C,2024-04-04,1000000.00,4.360571,98.59375
08:01:36,91282CKF7,TSRYS5774875,D,B,C,2024-04-04,1000000.00,4.360571,98.59375
08:01:36,91282CKF7,TSRYS5774875,D,B,C,2024-04-04,1000000.00,4.360571,98.59375
08:01:36,91282CKF7,TSRYS5774875,D,B,C,2024-04-04,1000000.00,4.360571,98.59375
08:01:36,91282CKF7,TSRYS5774875,D,S,D,2024-04-04,80000000.00,4.36033,98.59518
08:01:37,91282CKF7,TSRYS5774875,D,S,T,2024-04-04,1000000.00,4.361891,98.5859375
08:01:37,91282CKF7,TSRYS5774875,D,S,T,2024-04-04,1000000.00,4.361891,98.5859375
08:01:37,91282CKF7,TSRYS5774875,D,S,T,2024-04-04,1000000.00,4.361913,98.5858125
08:01:37,91282CKF7,TSRYS5774875,D,S,T,2024-04-04,1000000.00,4.361913,98.5858125
08:01:37,91282CKF7,TSRYS5774875,D,S,T,2024-04-04,1000000.00,4.361891,98.5859375
08:01:38,91282CKF7,TSRYS5774875,D,S,T,2024-04-04,1000000.00,4.361891,98.5859375
08:01:38,91282CKF7,TSRYS5774875,D,S,T,2024-04-04,1000000.00,4.361913,98.5858125
08:01:38,91282CKF7,TSRYS5774875,D,S,T,2024-04-04,1000000.00,4.361891,98.5859375
08:01:38,91282CKF7,TSRYS5774875,D,S,T,2024-04-04,1000000.00,4.361891,98.5859375
08:01:38,91282CKF7,TSRYS5774875,D,S,T,2024-04-04,1000000.00,4.361561,98.58789062
08:01:38,91282CKF7,TSRYS5774875,D,S,T,2024-04-04,1000000.00,4.361561,98.58789062
08:01:38,91282CKF7,TSRYS5774875,D,S,T,2024-04-04,1000000.00,4.362222,98.58398437
08:01:38,91282CKF7,TSRYS5774875,D,S,D,2024-04-04,1000000.00,4.361891,98.5859375
08:01:38,91282CKF7,TSRYS5774875,D,S,T,2024-04-04,1000000.00,4.361891,98.5859375
08:01:38,91282CKF7,TSRYS5774875,D,S,T,2024-04-04,1000000.00,4.361891,98.5859375
08:01:38,91282CKF7,TSRYS5774875,D,S,T,2024-04-04,1000000.00,4.361891,98.5859375
08:01:38,91282CKF7,TSRYS5774875,D,S,T,2024-04-04,2000000.00,4.361891,98.5859375
08:01:38,91282CKF7,TSRYS5774875,D,S,T,2024-04-04,2000000.00,4.361891,98.5859375
08:01:38,91282CKF7,TSRYS5774875,D,S,T,2024-04-04,2000000.00,4.361891,98.5859375
08:01:38,91282CKF7,TSRYS5774875,D,S,T,2024-04-04,2000000.00,4.361891,98.5859375
08:01:39,91282CKF7,TSRYS5774875,D,S,T,2024-04-04,1000000.00,4.359911,98.59765625
08:01:39,91282CKF7,TSRYS5774875,D,S,D,2024-04-04,1000000.00,4.359911,98.59765625
08:01:39,91282CKF7,TSRYS5774875,D,S,T,2024-04-04,2000000.00,4.358591,98.60546875
08:01:39,91282CKF7,TSRYS5774875,D,S,T,2024-04-04,1000000.00,4.358591,98.60546875
08:01:39,91282CKF7,TSRYS5774875,D,S,D,2024-04-04,1000000.00,4.358591,98.60546875
08:01:39,91282CKF7,TSRYS5774875,D,S,D,2024-04-04,2000000.00,4.358591,98.60546875
08:01:39,91282CKF7,TSRYS5774875,D,S,T,2024-04-04,1000000.00,4.354653,98.62878125
08:01:39,91282CKF7,TSRYS5774875,D,S,T,2024-04-04,2000000.00,4.354632,98.62890625
08:01:39,91282CKF7,TSRYS5774875,D,S,D,2024-04-04,1000000.00,4.358591,98.60546875
08:01:39,91282CKF7,TSRYS5774875,D,S,D,2024-04-04,1000000.00,4.358591,98.60546875
08:01:39,91282CKF7,TSRYS5774875,D,S,T,2024-04-04,2000000.00,4.354653,98.62878125
08:01:39,91282CKF7,TSRYS5774875,D,S,T,2024-04-04,1000000.00,4.354632,98.62890625
08:01:39,91282CKF7,TSRYS5774875,D,S,T,2024-04-04,1000000.00,4.354632,98.62890625
08:01:39,91282CKF7,TSRYS5774875,D,S,C,2024-04-04,1000000.00,4.352323,98.64257812
08:01:39,91282CKF7,TSRYS5774875,D,S,T,2024-04-04,1000000.00,4.354653,98.62878125
08:01:39,91282CKF7,TSRYS5774875,D,S,T,2024-04-04,1000000.00,4.354632,98.62890625
08:01:39,91282CKF7,TSRYS5774875,D,S,T,2024-04-04,1000000.00,4.354632,98.62890625
08:01:40,91282CKF7,TSRYS5774875,D,B,C,2024-04-04,12000000.00,4.358731,98.60464
08:01:41,91282CKF7,TSRYS5774875,D,S,A,2024-04-04,20000.00,4.365853,98.5625
08:01:41,91282CKF7,TSRYS5774875,D,S,T,2024-04-04,1000000.00,4.355292,98.625
08:01:41,91282CKF7,TSRYS5774875,D,S,T,2024-04-04,1000000.00,4.355292,98.625
08:01:41,91282CKF7,TSRYS5774875,D,S,C,2024-04-04,1000000.00,4.361891,98.5859375
08:01:41,91282CKF7,TSRYS5774875,D,S,C,2024-04-04,2000000.00,4.363212,98.578125
08:01:41,91282CKF7,TSRYS5774875,D,S,C,2024-04-04,1000000.00,4.359911,98.59765625
08:01:41,91282CKF7,TSRYS5774875,D,S,T,2024-04-04,1000000.00,4.36025,98.59565312
08:01:41,91282CKF7,TSRYS5774875,D,B,C,2024-04-04,38000000.00,4.359251,98.6015625
08:01:42,91282CKF7,TSRYS5774875,D,S,C,2024-04-04,1000000.00,4.357271,98.61328125
08:01:42,91282CKF7,TSRYS5774875,D,S,C,2024-04-04,1000000.00,4.357271,98.61328125
08:01:42,91282CKF7,TSRYS5774875,D,S,D,2024-04-04,1000000.00,4.357271,98.61328125
08:01:42,91282CKF7,TSRYS5774875,D,S,D,2024-04-04,1000000.00,4.364532,98.5703125
08:01:42,91282CKF7,TSRYS5774875,D,S,T,2024-04-04,1000000.00,4.36322,98.578075
08:01:42,91282CKF7,TSRYS5774875,D,S,T,2024-04-04,1000000.00,4.363212,98.578125
08:01:42,91282CKF7,TSRYS5774875,D,S,T,2024-04-04,1000000.00,4.363212,98.578125
08:01:42,91282CKF7,TSRYS5774875,D,S,T,2024-04-04,1000000.00,4.359272,98.6014375
08:01:42,91282CKF7,TSRYS5774875,D,S,T,2024-04-04,1000000.00,4.359272,98.6014375
08:01:42,91282CKF7,TSRYS5774875,D,S,T,2024-04-04,1000000.00,4.359251,98.6015625
08:01:42,91282CKF7,TSRYS5774875,D,S,T,2024-04-04,1000000.00,4.359251,98.6015625
08:01:42,91282CKF7,TSRYS5774875,D,S,T,2024-04-04,2000000.00,4.359251,98.6015625
08:01:42,91282CKF7,TSRYS5774875,D,S,T,2024-04-04,2000000.00,4.359251,98.6015625
08:01:42,91282CKF7,TSRYS5774875,D,S,T,2024-04-04,1000000.00,4.359251,98.6015625
08:01:43,91282CKF7,TSRYS5774875,D,S,T,2024-04-04,1000000.00,4.359251,98.6015625
08:01:43,91282CKF7,TSRYS5774875,D,S,T,2024-04-04,1000000.00,4.359272,98.6014375
08:01:43,91282CKF7,TSRYS5774875,D,S,T,2024-04-04,1000000.00,4.359272,98.6014375
08:01:43,91282CKF7,TSRYS5774875,D,S,T,2024-04-04,2000000.00,4.359251,98.6015625
08:01:43,91282CKF7,TSRYS5774875,D,S,D,2024-04-04,1000000.00,4.365853,98.5625
08:01:43,91282CKF7,TSRYS5774875,D,B,C,2024-04-04,1000000.00,4.360901,98.591796875
08:01:43,91282CKF7,TSRYS5774875,D,S,D,2024-04-04,1000000.00,4.360901,98.591796875
08:01:43,91282CKF7,TSRYS5774875,D,B,C,2024-04-04,1000000.00,4.361891,98.5859375
08:01:43,91282CKF7,TSRYS5774875,D,S,D,2024-04-04,1000000.00,4.361891,98.5859375
08:01:43,91282CKF7,TSRYS5774875,D,S,D,2024-04-04,2000000.00,4.365192,98.56640625
08:01:43,91282CKF7,TSRYS5774875,D,S,T,2024-04-04,1000000.00,4.359251,98.6015625
08:01:45,91282CKF7,TSRYS5774875,D,S,C,2024-04-04,1000000.00,4.362222,98.583984375
08:01:45,91282CKF7,TSRYS5774875,D,S,D,2024-04-04,1000000.00,4.362222,98.583984375
08:01:45,91282CKF7,TSRYS5774875,D,B,C,2024-04-04,1000000.00,4.361891,98.5859375
08:01:45,91282CKF7,TSRYS5774875,D,S,C,2024-04-04,1000000.00,4.361891,98.5859375
08:01:45,91282CKF7,TSRYS5774875,D,S,C,2024-04-04,1000000.00,4.362222,98.583984375
08:01:46,91282CKF7,TSRYS5774875,D,S,C,2024-04-04,1000000.00,4.362222,98.583984375
08:01:46,91282CKF7,TSRYS5774875,D,S,C,2024-04-04,1000000.00,4.362222,98.583984375
08:01:46,91282CKF7,TSRYS5774875,D,S,C,2024-04-04,1000000.00,4.362222,98.583984375
08:01:46,91282CKF7,TSRYS5774875,D,S,D,2024-04-04,1000000.00,4.362222,98.583984375
08:01:46,91282CKF7,TSRYS5774875,D,B,C,2024-04-04,1000000.00,4.364532,98.5703125
08:01:46,91282CKF7,TSRYS5774875,D,B,C,2024-04-04,1000000.00,4.364532,98.5703125
08:01:46,91282CKF7,TSRYS5774875,D,B,C,2024-04-04,1000000.00,4.364202,98.57226562
08:01:46,91282CKF7,TSRYS5774875,D,S,C,2024-04-04,1000000.00,4.362222,98.583984375
08:01:46,91282CKF7,TSRYS5774875,D,B,C,2024-04-04,1000000.00,4.364202,98.57226562
08:01:46,91282CKF7,TSRYS5774875,D,B,C,2024-04-04,1000000.00,4.364202,98.57226562
08:01:46,91282CKF7,TSRYS5774875,D,B,C,2024-04-04,1000000.00,4.364202,98.57226562
08:01:46,91282CKF7,TSRYS5774875,D,B,C,2024-04-04,1000000.00,4.364202,98.57226562
08:01:46,91282CKF7,TSRYS5774875,D,B,C,2024-04-04,1000000.00,4.364202,98.57226562
08:01:46,91282CKF7,TSRYS5774875,D,B,C,2024-04-04,1000000.00,4.364202,98.57226562
08:01:46,91282CKF7,TSRYS5774875,D,B,C,2024-04-04,1000000.00,4.364202,98.57226562
08:01:47,91282CKF7,TSRYS5774875,D,B,C,2024-04-04,1000000.00,4.364202,98.57226562
08:01:47,91282CKF7,TSRYS5774875,D,B,C,2024-04-04,1000000.00,4.364202,98.57226562
08:01:47,91282CKF7,TSRYS5774875,D,S,T,2024-04-04,1000000.00,4.365875,98.56237
08:01:47,91282CKF7,TSRYS5774875,D,S,D,2024-04-04,1000000.00,4.368494,98.546875
08:01:47,91282CKF7,TSRYS5774875,D,B,C,2024-04-04,5000000.00,4.368431,98.546875
08:01:49,91282CKF7,TSRYS5774875,D,S,T,2024-04-04,1000000.00,4.361891,98.5859375
08:01:49,91282CKF7,TSRYS5774875,D,S,T,2024-04-04,1000000.00,4.361891,98.5859375
08:01:50,91282CKF7,TSRYS5774875,D,S,D,2024-04-04,2000000.00,4.362222,98.58398437
08:01:50,91282CKF7,TSRYS5774875,D,S,C,2024-04-04,2000000.00,4.365853,98.5625
08:01:50,91282CKF7,TSRYS5774875,D,B,C,2024-04-04,2000000.00,4.365853,98.5625
08:01:50,91282CKF7,TSRYS5774875,D,S,C,2024-04-04,1000000.00,4.365853,98.5625
08:01:50,91282CKF7,TSRYS5774875,D,B,C,2024-04-04,1000000.00,4.365853,98.5625
08:01:50,91282CKF7,TSRYS5774875,D,S,C,2024-04-04,1000000.00,4.365853,98.5625
08:01:50,91282CKF7,TSRYS5774875,D,B,C,2024-04-04,1000000.00,4.365853,98.5625
08:01:50,91282CKF7,TSRYS5774875,D,S,C,2024-04-04,1000000.00,4.364532,98.5703125
08:01:50,91282CKF7,TSRYS5774875,D,S,D,2024-04-04,1000000.00,4.364532,98.5703125
08:01:50,91282CKF7,TSRYS5774875,D,S,C,2024-04-04,1000000.00,4.364532,98.5703125
08:01:50,91282CKF7,TSRYS5774875,D,S,C,2024-04-04,1000000.00,4.364532,98.5703125
08:01:50,91282CKF7,TSRYS5774875,D,S,C,2024-04-04,1000000.00,4.365853,98.5625
08:01:50,91282CKF7,TSRYS5774875,D,B,C,2024-04-04,1000000.00,4.365853,98.5625
08:01:51,91282CKF7,TSRYS5774875,D,S,T,2024-04-04,3000000.00,4.365891,98.562273
08:01:51,91282CKF7,TSRYS5774875,D,S,T,2024-04-04,2000000.00,4.365853,98.5625
08:01:51,91282CKF7,TSRYS5774875,D,S,T,2024-04-04,1000000.00,4.365853,98.5625
08:01:54,91282CKF7,TSRYS5774875,D,S,C,2024-04-04,1000000.00,4.362222,98.583984375
08:01:57,91282CKF7,TSRYS5774875,D,S,T,2024-04-04,1000000.00,4.363212,98.578125
08:01:57,91282CKF7,TSRYS5774875,D,B,A,2024-04-04,1000000.00,4.363212,98.578125
08:01:57,91282CKF7,TSRYS5774875,D,S,T,2024-04-04,4000000.00,4.363212,98.578125
08:01:57,91282CKF7,TSRYS5774875,D,B,A,2024-04-04,4000000.00,4.363212,98.578125
08:01:57,91282CKF7,TSRYS5774875,D,S,D,2024-04-04,1000000.00,4.360571,98.59375
08:01:57,91282CKF7,TSRYS5774875,D,S,D,2024-04-04,1000000.00,4.360571,98.59375
08:01:57,91282CKF7,TSRYS5774875,D,S,D,2024-04-04,2000000.00,4.359911,98.59765625
08:01:58,91282CKF7,TSRYS5774875,D,S,C,2024-04-04,1000000.00,4.359911,98.59765625
08:01:58,91282CKF7,TSRYS5774875,D,S,D,2024-04-04,1000000.00,4.359911,98.59765625
08:01:59,91282CKF7,TSRYS5774875,D,S,C,2024-04-04,1000000.00,4.359911,98.59765625
08:01:59,91282CKF7,TSRYS5774875,D,S,C,2024-04-04,1000000.00,4.359911,98.59765625
08:02:00,91282CKF7,TSRYS5774875,D,B,C,2024-04-04,1000000.00,4.362552,98.58203125
08:02:00,91282CKF7,TSRYS5774875,D,S,D,2024-04-04,1000000.00,4.362552,98.58203125
08:02:00,91282CKF7,TSRYS5774875,D,S,D,2024-04-04,2000000.00,4.362552,98.58203125
08:02:00,91282CKF7,TSRYS5774875,D,S,D,2024-04-04,2000000.00,4.362552,98.58203125
08:02:00,91282CKF7,TSRYS5774875,D,B,C,2024-04-04,1000000.00,4.361891,98.5859375
08:02:00,91282CKF7,TSRYS5774875,D,S,C,2024-04-04,1000000.00,4.361891,98.5859375
08:02:00,91282CKF7,TSRYS5774875,D,S,C,2024-04-04,1000000.00,4.362222,98.583984375
08:02:00,91282CKF7,TSRYS5774875,D,S,C,2024-04-04,1000000.00,4.362222,98.583984375
08:02:00,91282CKF7,TSRYS5774875,D,S,D,2024-04-04,2000000.00,4.362222,98.583984375
08:02:01,91282CKF7,TSRYS5774875,D,S,D,2024-04-04,2000000.00,4.362222,98.583984375
08:02:03,91282CKF7,TSRYS5774875,D,S,C,2024-04-04,1000000.00,4.344705,98.6877
08:02:03,91282CKF7,TSRYS5774875,D,S,C,2024-04-04,1000000.00,4.344739,98.6875
08:02:03,91282CKF7,TSRYS5774875,D,S,C,2024-04-04,1000000.00,4.344697,98.68775
08:02:03,91282CKF7,TSRYS5774875,D,S,C,2024-04-04,1000000.00,4.344705,98.6877
08:02:03,91282CKF7,TSRYS5774875,D,B,C,2024-04-04,1000000.00,4.344739,98.6875
08:02:03,91282CKF7,TSRYS5774875,D,B,C,2024-04-04,1000000.00,4.344739,98.6875
08:02:03,91282CKF7,TSRYS5774875,D,B,C,2024-04-04,1000000.00,4.344739,98.6875
08:02:03,91282CKF7,TSRYS5774875,D,B,C,2024-04-04,1000000.00,4.344777,98.687275
08:02:03,91282CKF7,TSRYS5774875,D,S,C,2024-04-04,1000000.00,4.344739,98.6875
08:02:03,91282CKF7,TSRYS5774875,D,S,C,2024-04-04,1000000.00,4.342102,98.703125
08:02:03,91282CKF7,TSRYS5774875,D,B,C,2024-04-04,1000000.00,4.342102,98.703125
08:02:03,91282CKF7,TSRYS5774875,D,B,C,2024-04-04,1000000.00,4.342102,98.703125
08:02:03,91282CKF7,TSRYS5774875,D,S,D,2024-04-04,1000000.00,4.342068,98.703325
08:02:03,91282CKF7,TSRYS5774875,D,B,C,2024-04-04,1000000.00,4.342102,98.703125
08:02:04,91282CKF7,TSRYS5774875,D,S,D,2024-04-04,1000000.00,4.342068,98.703325
08:02:04,91282CKF7,TSRYS5774875,D,S,C,2024-04-04,1000000.00,4.339465,98.71875
08:02:04,91282CKF7,TSRYS5774875,D,S,C,2024-04-04,1000000.00,4.339465,98.71875
08:02:04,91282CKF7,TSRYS5774875,D,S,C,2024-04-04,1000000.00,4.339465,98.71875
08:02:04,91282CKF7,TSRYS5774875,D,S,D,2024-04-04,4000000.00,4.339465,98.71875
08:02:04,91282CKF7,TSRYS5774875,D,S,C,2024-04-04,1000000.00,4.342068,98.703325
08:02:04,91282CKF7,TSRYS5774875,D,B,C,2024-04-04,1000000.00,4.342102,98.703125
08:02:04,91282CKF7,TSRYS5774875,D,S,C,2024-04-04,1000000.00,4.342068,98.703325
08:02:04,91282CKF7,TSRYS5774875,D,B,C,2024-04-04,1000000.00,4.342102,98.703125
08:02:04,91282CKF7,TSRYS5774875,D,B,C,2024-04-04,1000000.00,4.342102,98.703125
08:02:04,91282CKF7,TSRYS5774875,D,B,C,2024-04-04,1000000.00,4.342102,98.703125
08:02:04,91282CKF7,TSRYS5774875,D,S,D,2024-04-04,1000000.00,4.342102,98.703125
08:02:04,91282CKF7,TSRYS5774875,D,S,D,2024-04-04,1000000.00,4.342102,98.703125
08:02:04,91282CKF7,TSRYS5774875,D,S,D,2024-04-04,1000000.00,4.342102,98.703125
08:02:05,91282CKF7,TSRYS5774875,D,B,C,2024-04-04,1000000.00,4.342102,98.703125
08:02:05,91282CKF7,TSRYS5774875,D,S,C,2024-04-04,1000000.00,4.339427,98.718977
08:02:05,91282CKF7,TSRYS5774875,D,B,C,2024-04-04,1000000.00,4.339465,98.71875
08:02:05,91282CKF7,TSRYS5774875,D,B,C,2024-04-04,1000000.00,4.342144,98.702875
08:02:05,91282CKF7,TSRYS5774875,D,S,C,2024-04-04,1000000.00,4.342063,98.703352
08:02:05,91282CKF7,TSRYS5774875,D,S,C,2024-04-04,1000000.00,4.347343,98.672075
08:02:05,91282CKF7,TSRYS5774875,D,B,C,2024-04-04,1000000.00,4.347376,98.671875
08:02:05,91282CKF7,TSRYS5774875,D,S,D,2024-04-04,1000000.00,4.347376,98.671875
08:02:05,91282CKF7,TSRYS5774875,D,S,C,2024-04-04,1000000.00,4.347376,98.671875
08:02:06,91282CKF7,TSRYS5774875,D,B,C,2024-04-04,1000000.00,4.350014,98.65625
08:02:06,91282CKF7,TSRYS5774875,D,S,C,2024-04-04,1000000.00,4.349981,98.65645
08:02:06,91282CKF7,TSRYS5774875,D,S,C,2024-04-04,1000000.00,4.350014,98.65625
08:02:06,91282CKF7,TSRYS5774875,D,B,C,2024-04-04,1000000.00,4.35004,98.6561
08:02:06,91282CKF7,TSRYS5774875,D,B,C,2024-04-04,1000000.00,4.350014,98.65625
08:02:06,91282CKF7,TSRYS5774875,D,S,C,2024-04-04,1000000.00,4.349981,98.65645
08:02:06,91282CKF7,TSRYS5774875,D,S,C,2024-04-04,1000000.00,4.350014,98.65625
08:02:06,91282CKF7,TSRYS5774875,D,S,C,2024-04-04,2000000.00,4.349981,98.65645
08:02:06,91282CKF7,TSRYS5774875,D,S,C,2024-04-04,1000000.00,4.349981,98.65645
08:02:06,91282CKF7,TSRYS5774875,D,S,C,2024-04-04,1000000.00,4.350014,98.65625
08:02:06,91282CKF7,TSRYS5774875,D,S,D,2024-04-04,1000000.00,4.350014,98.65625
08:02:07,91282CKF7,TSRYS5774875,D,B,C,2024-04-04,1000000.00,4.350014,98.65625
08:02:07,91282CKF7,TSRYS5774875,D,S,C,2024-04-04,1000000.00,4.349981,98.65645
08:02:07,91282CKF7,TSRYS5774875,D,S,C,2024-04-04,1000000.00,4.365853,98.5625
08:02:07,91282CKF7,TSRYS5774875,D,B,C,2024-04-04,1000000.00,4.365853,98.5625
08:02:07,91282CKF7,TSRYS5774875,D,S,C,2024-04-04,1000000.00,4.352619,98.640825
08:02:07,91282CKF7,TSRYS5774875,D,B,C,2024-04-04,1000000.00,4.352704,98.640325
08:02:07,91282CKF7,TSRYS5774875,D,B,C,2024-04-04,1000000.00,4.352653,98.640625
08:02:07,91282CKF7,TSRYS5774875,D,S,C,2024-04-04,1000000.00,4.352619,98.640825
08:02:07,91282CKF7,TSRYS5774875,D,B,C,2024-04-04,2000000.00,4.352653,98.640625
08:02:07,91282CKF7,TSRYS5774875,D,S,C,2024-04-04,2000000.00,4.352619,98.640825
08:02:07,91282CKF7,TSRYS5774875,D,B,C,2024-04-04,1000000.00,4.350014,98.65625
08:02:07,91282CKF7,TSRYS5774875,D,S,D,2024-04-04,2000000.00,4.350014,98.65625
08:02:07,91282CKF7,TSRYS5774875,D,B,C,2024-04-04,2000000.00,4.350014,98.65625
08:02:07,91282CKF7,TSRYS5774875,D,S,D,2024-04-04,1000000.00,4.350014,98.65625
08:02:07,91282CKF7,TSRYS5774875,D,B,C,2024-04-04,1000000.00,4.350048,98.65605
08:02:07,91282CKF7,TSRYS5774875,D,S,C,2024-04-04,1000000.00,4.350014,98.65625
08:02:07,91282CKF7,TSRYS5774875,D,S,C,2024-04-04,1000000.00,4.350014,98.65625
08:02:07,91282CKF7,TSRYS5774875,D,B,C,2024-04-04,1000000.00,4.350065,98.65595
08:02:07,91282CKF7,TSRYS5774875,D,S,C,2024-04-04,1000000.00,4.350014,98.65625
08:02:07,91282CKF7,TSRYS5774875,D,B,C,2024-04-04,1000000.00,4.347376,98.671875
08:02:07,91282CKF7,TSRYS5774875,D,S,C,2024-04-04,1000000.00,4.347376,98.671875
08:02:08,91282CKF7,TSRYS5774875,D,B,C,2024-04-04,1000000.00,4.347376,98.671875
08:02:08,91282CKF7,TSRYS5774875,D,S,D,2024-04-04,1000000.00,4.347376,98.671875
08:02:08,91282CKF7,TSRYS5774875,D,S,C,2024-04-04,1000000.00,4.347376,98.671875
08:02:08,91282CKF7,TSRYS5774875,D,B,C,2024-04-04,1000000.00,4.347402,98.671725
08:02:08,91282CKF7,TSRYS5774875,D,S,D,2024-04-04,1000000.00,4.367173,98.5546875
08:02:08,91282CKF7,TSRYS5774875,D,B,C,2024-04-04,1000000.00,4.367173,98.5546875
08:02:08,91282CKF7,TSRYS5774875,D,S,C,2024-04-04,2000000.00,4.364532,98.5703125
08:02:08,91282CKF7,TSRYS5774875,D,S,C,2024-04-04,1000000.00,4.347376,98.671875
08:02:08,91282CKF7,TSRYS5774875,D,S,C,2024-04-04,1000000.00,4.366183,98.560546875
08:02:10,91282CKF7,TSRYS5774875,D,S,C,2024-04-04,1000000.00,4.364862,98.568359375
08:02:10,91282CKF7,TSRYS5774875,D,S,C,2024-04-04,1000000.00,4.364862,98.568359375
08:02:10,91282CKF7,TSRYS5774875,D,S,C,2024-04-04,1000000.00,4.365853,98.5625
08:02:11,91282CKF7,TSRYS5774875,D,S,D,2024-04-04,1000000.00,4.364862,98.568359375
08:02:14,91282CKF7,TSRYS5774875,D,S,A,2024-04-04,1000000.00,4.352653,98.640625
08:02:15,91282CKF7,TSRYS5774875,D,S,C,2024-04-04,1000000.00,4.360571,98.59375
08:02:15,91282CKF7,TSRYS5774875,D,S,D,2024-04-04,1000000.00,4.360571,98.59375
08:02:15,91282CKF7,TSRYS5774875,D,S,D,2024-04-04,1000000.00,4.360571,98.59375
08:02:15,91282CKF7,TSRYS5774875,D,S,D,2024-04-04,1000000.00,4.360571,98.59375
08:02:15,91282CKF7,TSRYS5774875,D,S,D,2024-04-04,1000000.00,4.360571,98.59375
08:02:15,91282CKF7,TSRYS5774875,D,S,T,2024-04-04,1000000.00,4.368494,98.546875
08:02:15,91282CKF7,TSRYS5774875,D,S,T,2024-04-04,1000000.00,4.368494,98.546875
08:02:15,91282CKF7,TSRYS5774875,D,S,T,2024-04-04,1000000.00,4.368494,98.546875
08:02:15,91282CKF7,TSRYS5774875,D,S,T,2024-04-04,1000000.00,4.368494,98.546875
08:02:15,91282CKF7,TSRYS5774875,D,S,T,2024-04-04,2000000.00,4.368494,98.546875
08:02:15,91282CKF7,TSRYS5774875,D,S,T,2024-04-04,2000000.00,4.368494,98.546875
08:02:15,91282CKF7,TSRYS5774875,D,S,T,2024-04-04,1000000.00,4.368494,98.546875
08:02:15,91282CKF7,TSRYS5774875,D,S,T,2024-04-04,1000000.00,4.368494,98.546875
08:02:18,91282CKF7,TSRYS5774875,D,S,A,2024-04-04,3000000.00,4.352653,98.640625
08:02:19,91282CKF7,TSRYS5774875,D,S,A,2024-04-04,1000000.00,4.352653,98.640625
08:02:19,91282CKF7,TSRYS5774875,D,S,C,2024-04-04,1000000.00,4.365853,98.5625
08:02:19,91282CKF7,TSRYS5774875,D,B,C,2024-04-04,1000000.00,4.365853,98.5625
08:02:19,91282CKF7,TSRYS5774875,D,S,C,2024-04-04,1000000.00,4.365853,98.5625
08:02:19,91282CKF7,TSRYS5774875,D,B,C,2024-04-04,1000000.00,4.365853,98.5625
08:02:19,91282CKF7,TSRYS5774875,D,S,D,2024-04-04,1000000.00,4.365853,98.5625
08:02:19,91282CKF7,TSRYS5774875,D,B,C,2024-04-04,1000000.00,4.365853,98.5625
08:02:19,91282CKF7,TSRYS5774875,D,S,A,2024-04-04,1000000.00,4.352653,98.640625
08:02:20,91282CKF7,TSRYS5774875,D,S,A,2024-04-04,3000000.00,4.352653,98.640625
08:02:21,91282CKF7,TSRYS5774875,D,S,D,2024-04-04,11000000.00,4.33955,98.71825
08:02:21,91282CKF7,TSRYS5774875,D,S,A,2024-04-04,7000000.00,4.352653,98.640625
08:02:21,91282CKF7,TSRYS5774875,D,B,C,2024-04-04,1000000.00,4.352653,98.640625
08:02:21,91282CKF7,TSRYS5774875,D,S,T,2024-04-04,1000000.00,4.358921,98.603515625
08:02:21,91282CKF7,TSRYS5774875,D,S,T,2024-04-04,1000000.00,4.361231,98.58984375
08:02:21,91282CKF7,TSRYS5774875,D,S,T,2024-04-04,1000000.00,4.361231,98.58984375
08:02:21,91282CKF7,TSRYS5774875,D,S,T,2024-04-04,1000000.00,4.360901,98.591796875
08:02:21,91282CKF7,TSRYS5774875,D,S,T,2024-04-04,2000000.00,4.360571,98.59375
08:02:21,91282CKF7,TSRYS5774875,D,S,T,2024-04-04,1000000.00,4.361891,98.5859375
08:02:21,91282CKF7,TSRYS5774875,D,S,T,2024-04-04,1000000.00,4.361891,98.5859375
08:02:21,91282CKF7,TSRYS5774875,D,S,T,2024-04-04,1000000.00,4.361891,98.5859375
08:02:22,91282CKF7,TSRYS5774875,D,S,T,2024-04-04,2000000.00,4.359251,98.6015625
08:02:22,91282CKF7,TSRYS5774875,D,S,A,2024-04-04,75000000.00,4.355401,98.6254
08:02:22,91282CKF7,TSRYS5774875,D,S,T,2024-04-04,2000000.00,4.359251,98.6015625
08:02:22,91282CKF7,TSRYS5774875,D,S,T,2024-04-04,1000000.00,4.359251,98.6015625
08:02:22,91282CKF7,TSRYS5774875,D,S,D,2024-04-04,10000000.00,4.360656,98.59325
08:02:22,91282CKF7,TSRYS5774875,D,S,T,2024-04-04,1000000.00,4.358591,98.60546875
08:02:22,91282CKF7,TSRYS5774875,D,S,T,2024-04-04,1000000.00,4.358921,98.603515625
08:02:22,91282CKF7,TSRYS5774875,D,S,D,2024-04-04,8000000.00,4.359666,98.5991094
08:02:22,91282CKF7,TSRYS5774875,D,S,A,2024-04-04,75000000.00,4.355401,98.6254
08:02:22,91282CKF7,TSRYS5774875,D,S,C,2024-04-04,1000000.00,4.352653,98.640625
08:02:22,91282CKF7,TSRYS5774875,D,B,C,2024-04-04,1000000.00,4.352653,98.640625
08:02:22,91282CKF7,TSRYS5774875,D,S,C,2024-04-04,1000000.00,4.352619,98.640825
08:02:22,91282CKF7,TSRYS5774875,D,B,C,2024-04-04,1000000.00,4.352704,98.640325
08:02:22,91282CKF7,TSRYS5774875,D,S,C,2024-04-04,1000000.00,4.352619,98.640825
08:02:22,91282CKF7,TSRYS5774875,D,B,C,2024-04-04,1000000.00,4.352704,98.640325
08:02:23,91282CKF7,TSRYS5774875,D,B,C,2024-04-04,1000000.00,4.352653,98.640625
08:02:23,91282CKF7,TSRYS5774875,D,S,C,2024-04-04,1000000.00,4.352653,98.640625
08:02:23,91282CKF7,TSRYS5774875,D,S,C,2024-04-04,1000000.00,4.352619,98.640825
08:02:23,91282CKF7,TSRYS5774875,D,B,C,2024-04-04,1000000.00,4.352653,98.640625
08:02:23,91282CKF7,TSRYS5774875,D,S,C,2024-04-04,1000000.00,4.352619,98.640825
08:02:23,91282CKF7,TSRYS5774875,D,B,C,2024-04-04,1000000.00,4.352653,98.640625
08:02:23,91282CKF7,TSRYS5774875,D,S,C,2024-04-04,1000000.00,4.352619,98.640825
08:02:23,91282CKF7,TSRYS5774875,D,B,C,2024-04-04,1000000.00,4.352704,98.640325
08:02:23,91282CKF7,TSRYS5774875,D,B,C,2024-04-04,1000000.00,4.355317,98.62485
08:02:23,91282CKF7,TSRYS5774875,D,B,C,2024-04-04,1000000.00,4.355317,98.62485
08:02:24,91282CKF7,TSRYS5774875,D,S,D,2024-04-04,1000000.00,4.355292,98.625
08:02:24,91282CKF7,TSRYS5774875,D,S,C,2024-04-04,1000000.00,4.355292,98.625
08:02:24,91282CKF7,TSRYS5774875,D,S,C,2024-04-04,1000000.00,4.355292,98.625
08:02:24,91282CKF7,TSRYS5774875,D,B,C,2024-04-04,1000000.00,4.355317,98.62485
08:02:24,91282CKF7,TSRYS5774875,D,S,D,2024-04-04,1000000.00,4.352653,98.640625
08:02:24,91282CKF7,TSRYS5774875,D,B,C,2024-04-04,1000000.00,4.352653,98.640625
08:02:24,91282CKF7,TSRYS5774875,D,B,C,2024-04-04,1000000.00,4.352653,98.640625
08:02:24,91282CKF7,TSRYS5774875,D,S,D,2024-04-04,1000000.00,4.352653,98.640625
08:02:24,91282CKF7,TSRYS5774875,D,S,C,2024-04-04,1000000.00,4.352653,98.640625
08:02:24,91282CKF7,TSRYS5774875,D,B,C,2024-04-04,1000000.00,4.352653,98.640625
08:02:24,91282CKF7,TSRYS5774875,D,S,C,2024-04-04,1000000.00,4.352628,98.640775
08:02:24,91282CKF7,TSRYS5774875,D,B,C,2024-04-04,1000000.00,4.352704,98.640325
08:02:25,91282CKF7,TSRYS5774875,D,B,C,2024-04-04,1000000.00,4.355292,98.625
08:02:25,91282CKF7,TSRYS5774875,D,B,C,2024-04-04,1000000.00,4.355292,98.625
08:02:25,91282CKF7,TSRYS5774875,D,S,D,2024-04-04,1000000.00,4.355292,98.625
08:02:25,91282CKF7,TSRYS5774875,D,B,C,2024-04-04,1000000.00,4.355292,98.625
08:02:25,91282CKF7,TSRYS5774875,D,S,C,2024-04-04,1000000.00,4.355292,98.625
08:02:25,91282CKF7,TSRYS5774875,D,S,C,2024-04-04,1000000.00,4.355258,98.6252
08:02:25,91282CKF7,TSRYS5774875,D,S,C,2024-04-04,1000000.00,4.368494,98.546875
08:02:25,91282CKF7,TSRYS5774875,D,S,C,2024-04-04,1000000.00,4.355275,98.6251
08:02:25,91282CKF7,TSRYS5774875,D,B,C,2024-04-04,1000000.00,4.355334,98.62475
08:02:25,91282CKF7,TSRYS5774875,D,S,D,2024-04-04,2000000.00,4.366843,98.556640625
08:02:25,91282CKF7,TSRYS5774875,D,S,C,2024-04-04,1000000.00,4.367173,98.5546875
08:02:25,91282CKF7,TSRYS5774875,D,B,C,2024-04-04,1000000.00,4.367173,98.5546875
08:02:25,91282CKF7,TSRYS5774875,D,S,T,2024-04-04,1000000.00,4.368494,98.546875
08:02:25,91282CKF7,TSRYS5774875,D,S,C,2024-04-04,1000000.00,4.355292,98.625
08:02:25,91282CKF7,TSRYS5774875,D,B,C,2024-04-04,1000000.00,4.355343,98.6247
08:02:25,91282CKF7,TSRYS5774875,D,S,D,2024-04-04,1000000.00,4.355292,98.625
08:02:25,91282CKF7,TSRYS5774875,D,B,C,2024-04-04,1000000.00,4.355343,98.6247
08:02:25,91282CKF7,TSRYS5774875,D,S,D,2024-04-04,1000000.00,4.355292,98.625
08:02:25,91282CKF7,TSRYS5774875,D,B,C,2024-04-04,1000000.00,4.355292,98.625
08:02:26,91282CKF7,TSRYS5774875,D,S,A,2024-04-04,8000000.00,4.352653,98.640625
08:02:26,91282CKF7,TSRYS5774875,D,S,C,2024-04-04,1000000.00,4.357906,98.609527
08:02:26,91282CKF7,TSRYS5774875,D,B,C,2024-04-04,1000000.00,4.357931,98.609375
08:02:26,91282CKF7,TSRYS5774875,D,S,C,2024-04-04,1000000.00,4.357906,98.609527
08:02:26,91282CKF7,TSRYS5774875,D,S,C,2024-04-04,1000000.00,4.357906,98.609527
08:02:26,91282CKF7,TSRYS5774875,D,S,D,2024-04-04,1000000.00,4.357931,98.609375
08:02:26,91282CKF7,TSRYS5774875,D,B,C,2024-04-04,1000000.00,4.357974,98.609125
08:02:26,91282CKF7,TSRYS5774875,D,B,C,2024-04-04,1000000.00,4.357974,98.609125
08:02:26,91282CKF7,TSRYS5774875,D,B,C,2024-04-04,1000000.00,4.357931,98.609375
08:02:26,91282CKF7,TSRYS5774875,D,B,C,2024-04-04,1000000.00,4.357931,98.609375
08:02:26,91282CKF7,TSRYS5774875,D,S,C,2024-04-04,1000000.00,4.357906,98.609527
08:02:26,91282CKF7,TSRYS5774875,D,S,C,2024-04-04,1000000.00,4.357906,98.609527
08:02:26,91282CKF7,TSRYS5774875,D,B,C,2024-04-04,1000000.00,4.357931,98.609375
08:02:26,91282CKF7,TSRYS5774875,D,S,C,2024-04-04,1000000.00,4.357931,98.609375
08:02:27,91282CKF7,TSRYS5774875,D,S,C,2024-04-04,2000000.00,4.357931,98.609375
08:02:27,91282CKF7,TSRYS5774875,D,S,C,2024-04-04,1000000.00,4.357931,98.609375
08:02:27,91282CKF7,TSRYS5774875,D,B,C,2024-04-04,1000000.00,4.357982,98.609075
08:02:27,91282CKF7,TSRYS5774875,D,B,C,2024-04-04,2000000.00,4.357982,98.609075
08:02:27,91282CKF7,TSRYS5774875,D,S,C,2024-04-04,1000000.00,4.366843,98.556640625
08:02:27,91282CKF7,TSRYS5774875,D,B,C,2024-04-04,1000000.00,4.357982,98.609075
08:02:27,91282CKF7,TSRYS5774875,D,S,C,2024-04-04,1000000.00,4.357931,98.609375
08:02:27,91282CKF7,TSRYS5774875,D,S,D,2024-04-04,2000000.00,4.366843,98.556640625
08:02:27,91282CKF7,TSRYS5774875,D,S,C,2024-04-04,1000000.00,4.357931,98.609375
08:02:27,91282CKF7,TSRYS5774875,D,S,C,2024-04-04,1000000.00,4.364532,98.5703125
08:02:27,91282CKF7,TSRYS5774875,D,B,C,2024-04-04,1000000.00,4.357931,98.609375
08:02:27,91282CKF7,TSRYS5774875,D,S,D,2024-04-04,1000000.00,4.357931,98.609375
08:02:27,91282CKF7,TSRYS5774875,D,S,C,2024-04-04,1000000.00,4.357931,98.609375
08:02:27,91282CKF7,TSRYS5774875,D,S,C,2024-04-04,1000000.00,4.364532,98.5703125
08:02:27,91282CKF7,TSRYS5774875,D,S,D,2024-04-04,1000000.00,4.364532,98.5703125
08:02:28,91282CKF7,TSRYS5774875,D,S,C,2024-04-04,1000000.00,4.360571,98.59375
08:02:28,91282CKF7,TSRYS5774875,D,S,C,2024-04-04,1000000.00,4.360542,98.593925
08:02:28,91282CKF7,TSRYS5774875,D,S,D,2024-04-04,1000000.00,4.364202,98.572265625
08:02:28,91282CKF7,TSRYS5774875,D,S,C,2024-04-04,1000000.00,4.360542,98.593925
08:02:28,91282CKF7,TSRYS5774875,D,S,C,2024-04-04,1000000.00,4.363212,98.578125
08:02:28,91282CKF7,TSRYS5774875,D,B,C,2024-04-04,1000000.00,4.363212,98.578125
08:02:28,91282CKF7,TSRYS5774875,D,B,C,2024-04-04,1000000.00,4.363237,98.577975
08:02:28,91282CKF7,TSRYS5774875,D,B,C,2024-04-04,1000000.00,4.363237,98.577975
08:02:28,91282CKF7,TSRYS5774875,D,S,D,2024-04-04,1000000.00,4.363212,98.578125
08:02:28,91282CKF7,TSRYS5774875,D,S,C,2024-04-04,1000000.00,4.363212,98.578125
