tradeTime,cusip,issueSymbolIdentifier,priceType,reportingSideCode,contraPartyTypeCode,tradeDate,reportedTradeVolume,lastSaleYield,lastSalePrice
08:00:04,91282CKW0,TSRYS5833263,D,S,T,2024-07-09,1000000.00,4.241646,100.048828125
08:00:04,91282CKW0,TSRYS5833263,D,S,T,2024-07-09,1000000.00,4.241646,100.048828125
08:00:04,91282CKW0,TSRYS5833263,D,S,T,2024-07-09,1000000.00,4.241646,100.048828125
08:00:04,91282CKW0,TSRYS5833263,D,S,T,2024-07-09,1000000.00,4.241646,100.048828125
08:00:04,91282CKW0,TSRYS5833263,D,S,T,2024-07-09,1000000.00,4.241646,100.048828125
08:00:04,91282CKW0,TSRYS5833263,D,S,D,2024-07-09,1000000.00,4.241646,100.048828125
08:00:04,91282CKW0,TSRYS5833263,D,B,C,2024-07-09,1000000.00,4.233489,100.09765625
08:00:04,91282CKW0,TSRYS5833263,D,B,C,2024-07-09,1000000.00,4.233489,100.09765625
08:00:04,91282CKW0,TSRYS5833263,D,B,C,2024-07-09,1000000.00,4.234141,100.09375
08:00:04,91282CKW0,TSRYS5833263,D,S,D,2024-07-09,1000000.00,4.234141,100.09375
08:00:04,91282CKW0,TSRYS5833263,D,S,D,2024-07-09,1000000.00,4.234141,100.09375
08:00:04,91282CKW0,TSRYS5833263,D,S,D,2024-07-09,1000000.00,4.234141,100.09375
08:00:04,91282CKW0,TSRYS5833263,D,S,D,2024-07-09,1000000.00,4.234141,100.09375
08:00:04,91282CKW0,TSRYS5833263,D,B,C,2024-07-09,1000000.00,4.233815,100.095703125
08:00:04,91282CKW0,TSRYS5833263,D,B,C,2024-07-09,1000000.00,4.234141,100.09375
08:00:04,91282CKW0,TSRYS5833263,D,B,C,2024-07-09,1000000.00,4.234141,100.09375
08:00:04,91282CKW0,TSRYS5833263,D,B,C,2024-07-09,1000000.00,4.233815,100.095703125
08:00:04,91282CKW0,TSRYS5833263,D,B,C,2024-07-09,1000000.00,4.234141,100.09375
08:00:04,91282CKW0,TSRYS5833263,D,B,C,2024-07-09,1000000.00,4.234141,100.09375
08:00:04,91282CKW0,TSRYS5833263,D,B,C,2024-07-09,1000000.00,4.233815,100.095703125
08:00:04,91282CKW0,TSRYS5833263,D,S,D,2024-07-09,1000000.00,4.234141,100.09375
08:00:04,91282CKW0,TSRYS5833263,D,B,C,2024-07-09,1000000.00,4.234141,100.09375
08:00:04,91282CKW0,TSRYS5833263,D,B,C,2024-07-09,1000000.00,4.233815,100.095703125
08:00:04,91282CKW0,TSRYS5833263,D,B,C,2024-07-09,1000000.00,4.233815,100.095703125
08:00:04,91282CKW0,TSRYS5833263,D,B,C,2024-07-09,1000000.00,4.233815,100.095703125
08:00:04,91282CKW0,TSRYS5833263,D,B,C,2024-07-09,1000000.00,4.233815,100.095703125
08:00:04,91282CKW0,TSRYS5833263,D,S,D,2024-07-09,1000000.00,4.236425,100.080078125
08:00:04,91282CKW0,TSRYS5833263,D,S,D,2024-07-09,1000000.00,4.236425,100.080078125
08:00:04,91282CKW0,TSRYS5833263,D,S,D,2024-07-09,1000000.00,4.236425,100.080078125
08:00:04,91282CKW0,TSRYS5833263,D,S,D,2024-07-09,1000000.00,4.236425,100.080078125
08:00:04,91282CKW0,TSRYS5833263,D,B,C,2024-07-09,1000000.00,4.236425,100.080078125
08:00:04,91282CKW0,TSRYS5833263,D,B,C,2024-07-09,1000000.00,4.236099,100.08203125
08:00:04,91282CKW0,TSRYS5833263,D,B,C,2024-07-09,1000000.00,4.236099,100.08203125
08:00:04,91282CKW0,TSRYS5833263,D,B,C,2024-07-09,1000000.00,4.236425,100.080078125
08:00:04,91282CKW0,TSRYS5833263,D,B,C,2024-07-09,1000000.00,4.236099,100.08203125
08:00:04,91282CKW0,TSRYS5833263,D,B,C,2024-07-09,1000000.00,4.236425,100.080078125
08:00:04,91282CKW0,TSRYS5833263,D,B,C,2024-07-09,1000000.00,4.236425,100.080078125
08:00:04,91282CKW0,TSRYS5833263,D,B,C,2024-07-09,1000000.00,4.236425,100.080078125
08:00:04,91282CKW0,TSRYS5833263,D,S,D,2024-07-09,1000000.00,4.234467,100.091796875
08:00:04,91282CKW0,TSRYS5833263,D,S,D,2024-07-09,1000000.00,4.234141,100.09375
08:00:04,91282CKW0,TSRYS5833263,D,S,D,2024-07-09,1000000.00,4.234141,100.09375
08:00:04,91282CKW0,TSRYS5833263,D,S,D,2024-07-09,1000000.00,4.234141,100.09375
08:00:04,91282CKW0,TSRYS5833263,D,S,D,2024-07-09,1000000.00,4.234141,100.09375
08:00:04,91282CKW0,TSRYS5833263,D,S,D,2024-07-09,1000000.00,4.234141,100.09375
08:00:04,91282CKW0,TSRYS5833263,D,S,D,2024-07-09,1000000.00,4.234141,100.09375
08:00:04,91282CKW0,TSRYS5833263,D,S,D,2024-07-09,1000000.00,4.234141,100.09375
08:00:04,91282CKW0,TSRYS5833263,D,S,D,2024-07-09,1000000.00,4.231532,100.109375
08:00:04,91282CKW0,TSRYS5833263,D,S,D,2024-07-09,1000000.00,4.231532,100.109375
08:00:04,91282CKW0,TSRYS5833263,D,S,D,2024-07-09,1000000.00,4.231532,100.109375
08:00:04,91282CKW0,TSRYS5833263,D,B,C,2024-07-09,1000000.00,4.231858,100.107421875
08:00:04,91282CKW0,TSRYS5833263,D,S,D,2024-07-09,1000000.00,4.231532,100.109375
08:00:04,91282CKW0,TSRYS5833263,D,S,D,2024-07-09,1000000.00,4.231532,100.109375
08:00:04,91282CKW0,TSRYS5833263,D,S,D,2024-07-09,1000000.00,4.231532,100.109375
08:00:04,91282CKW0,TSRYS5833263,D,B,C,2024-07-09,1000000.00,4.233815,100.095703125
08:00:04,91282CKW0,TSRYS5833263,D,B,C,2024-07-09,1000000.00,4.233163,100.099609375
08:00:04,91282CKW0,TSRYS5833263,D,S,T,2024-07-09,1000000.00,4.232836,100.1015625
08:00:04,91282CKW0,TSRYS5833263,D,B,C,2024-07-09,1000000.00,4.230879,100.11328125
08:00:04,91282CKW0,TSRYS5833263,D,B,C,2024-07-09,1000000.00,4.231206,100.111328125
08:00:04,91282CKW0,TSRYS5833263,D,B,C,2024-07-09,1000000.00,4.231206,100.111328125
08:00:04,91282CKW0,TSRYS5833263,D,S,D,2024-07-09,1000000.00,4.230879,100.11328125
08:00:04,91282CKW0,TSRYS5833263,D,S,D,2024-07-09,1000000.00,4.231858,100.107421875
08:00:04,91282CKW0,TSRYS5833263,D,S,D,2024-07-09,1000000.00,4.231858,100.107421875
08:00:04,91282CKW0,TSRYS5833263,D,S,D,2024-07-09,1000000.00,4.231858,100.107421875
08:00:04,91282CKW0,TSRYS5833263,D,S,D,2024-07-09,1000000.00,4.231858,100.107421875
08:00:04,91282CKW0,TSRYS5833263,D,S,D,2024-07-09,1000000.00,4.231858,100.107421875
08:00:04,91282CKW0,TSRYS5833263,D,S,D,2024-07-09,1000000.00,4.231858,100.107421875
08:00:04,91282CKW0,TSRYS5833263,D,S,D,2024-07-09,1000000.00,4.231858,100.107421875
08:00:04,91282CKW0,TSRYS5833263,D,S,D,2024-07-09,1000000.00,4.231858,100.107421875
08:00:04,91282CKW0,TSRYS5833263,D,S,D,2024-07-09,1000000.00,4.231858,100.107421875
08:00:04,91282CKW0,TSRYS5833263,D,S,D,2024-07-09,1000000.00,4.231858,100.107421875
08:00:04,91282CKW0,TSRYS5833263,D,S,D,2024-07-09,1000000.00,4.231858,100.107421875
08:00:04,91282CKW0,TSRYS5833263,D,S,D,2024-07-09,1000000.00,4.231858,100.107421875
08:00:04,91282CKW0,TSRYS5833263,D,S,D,2024-07-09,1000000.00,4.231532,100.109375
08:00:04,91282CKW0,TSRYS5833263,D,B,C,2024-07-09,1000000.00,4.232184,100.10546875
08:00:04,91282CKW0,TSRYS5833263,D,B,C,2024-07-09,1000000.00,4.232184,100.10546875
08:00:04,91282CKW0,TSRYS5833263,D,B,C,2024-07-09,1000000.00,4.232184,100.10546875
08:00:04,91282CKW0,TSRYS5833263,D,B,C,2024-07-09,1000000.00,4.232184,100.10546875
08:00:04,91282CKW0,TSRYS5833263,D,B,C,2024-07-09,1000000.00,4.232836,100.1015625
08:00:04,91282CKW0,TSRYS5833263,D,B,C,2024-07-09,1000000.00,4.236099,100.08203125
08:00:04,91282CKW0,TSRYS5833263,D,B,C,2024-07-09,1000000.00,4.236099,100.08203125
08:00:04,91282CKW0,TSRYS5833263,D,S,T,2024-07-09,1000000.00,4.236751,100.078125
08:00:04,91282CKW0,TSRYS5833263,D,S,T,2024-07-09,1000000.00,4.236751,100.078125
08:00:04,91282CKW0,TSRYS5833263,D,S,T,2024-07-09,1000000.00,4.236751,100.078125
08:00:04,91282CKW0,TSRYS5833263,D,B,C,2024-07-09,1000000.00,4.236751,100.078125
08:00:04,91282CKW0,TSRYS5833263,D,B,C,2024-07-09,2000000.00,4.238709,100.06640625
08:00:04,91282CKW0,TSRYS5833263,D,B,C,2024-07-09,2000000.00,4.238709,100.06640625
08:00:04,91282CKW0,TSRYS5833263,D,B,C,2024-07-09,2000000.00,4.238709,100.06640625
08:00:04,91282CKW0,TSRYS5833263,D,B,C,2024-07-09,1000000.00,4.238383,100.068359375
08:00:04,91282CKW0,TSRYS5833263,D,B,C,2024-07-09,1000000.00,4.238709,100.06640625
08:00:04,91282CKW0,TSRYS5833263,D,B,C,2024-07-09,1000000.00,4.238383,100.068359375
08:00:04,91282CKW0,TSRYS5833263,D,S,T,2024-07-09,1000000.00,4.238056,100.0703125
08:00:04,91282CKW0,TSRYS5833263,D,S,T,2024-07-09,1000000.00,4.239362,100.0625
08:00:04,91282CKW0,TSRYS5833263,D,S,T,2024-07-09,2000000.00,4.239362,100.0625
08:00:04,91282CKW0,TSRYS5833263,D,S,T,2024-07-09,1000000.00,4.238383,100.068359375
08:00:04,91282CKW0,TSRYS5833263,D,S,T,2024-07-09,1000000.00,4.238709,100.06640625
08:00:04,91282CKW0,TSRYS5833263,D,B,C,2024-07-09,1000000.00,4.239362,100.0625
08:00:04,91282CKW0,TSRYS5833263,D,S,T,2024-07-09,2000000.00,4.239362,100.0625
08:00:04,91282CKW0,TSRYS5833263,D,S,T,2024-07-09,2000000.00,4.239688,100.060546875
08:00:04,91282CKW0,TSRYS5833263,D,S,T,2024-07-09,2000000.00,4.239688,100.060546875
08:00:04,91282CKW0,TSRYS5833263,D,S,T,2024-07-09,1000000.00,4.239688,100.060546875
08:00:04,91282CKW0,TSRYS5833263,D,B,C,2024-07-09,1000000.00,4.241973,100.046875
08:00:04,91282CKW0,TSRYS5833263,D,B,C,2024-07-09,1000000.00,4.241646,100.048828125
08:00:04,91282CKW0,TSRYS5833263,D,B,C,2024-07-09,1000000.00,4.241973,100.046875
08:00:04,91282CKW0,TSRYS5833263,D,B,C,2024-07-09,1000000.00,4.241973,100.046875
08:00:04,91282CKW0,TSRYS5833263,D,B,C,2024-07-09,1000000.00,4.241646,100.048828125
08:00:04,91282CKW0,TSRYS5833263,D,B,C,2024-07-09,1000000.00,4.240667,100.0546875
08:00:04,91282CKW0,TSRYS5833263,D,B,C,2024-07-09,1000000.00,4.240667,100.0546875
08:00:04,91282CKW0,TSRYS5833263,D,B,C,2024-07-09,1000000.00,4.240341,100.056640625
08:00:04,91282CKW0,TSRYS5833263,D,B,C,2024-07-09,1000000.00,4.240341,100.056640625
08:00:04,91282CKW0,TSRYS5833263,D,S,D,2024-07-09,2000000.00,4.239688,100.060546875
08:00:04,91282CKW0,TSRYS5833263,D,S,D,2024-07-09,1000000.00,4.239688,100.060546875
08:00:04,91282CKW0,TSRYS5833263,D,S,D,2024-07-09,1000000.00,4.239688,100.060546875
08:00:04,91282CKW0,TSRYS5833263,D,S,T,2024-07-09,1000000.00,4.24132,100.05078125
08:00:04,91282CKW0,TSRYS5833263,D,S,T,2024-07-09,2000000.00,4.24132,100.05078125
08:00:04,91282CKW0,TSRYS5833263,D,S,D,2024-07-09,2000000.00,4.239362,100.0625
08:00:04,91282CKW0,TSRYS5833263,D,B,C,2024-07-09,1000000.00,4.244258,100.033203125
08:00:04,91282CKW0,TSRYS5833263,D,B,C,2024-07-09,1000000.00,4.244258,100.033203125
08:00:04,91282CKW0,TSRYS5833263,D,B,C,2024-07-09,1000000.00,4.244258,100.033203125
08:00:04,91282CKW0,TSRYS5833263,D,B,C,2024-07-09,1000000.00,4.244258,100.033203125
08:00:04,91282CKW0,TSRYS5833263,D,B,C,2024-07-09,1000000.00,4.244584,100.03125
08:00:04,91282CKW0,TSRYS5833263,D,B,C,2024-07-09,2000000.00,4.244584,100.03125
08:00:04,91282CKW0,TSRYS5833263,D,B,C,2024-07-09,1000000.00,4.244584,100.03125
08:00:04,91282CKW0,TSRYS5833263,D,B,C,2024-07-09,1000000.00,4.244584,100.03125
08:00:04,91282CKW0,TSRYS5833263,D,B,C,2024-07-09,1000000.00,4.244584,100.03125
08:00:04,91282CKW0,TSRYS5833263,D,B,C,2024-07-09,1000000.00,4.244584,100.03125
08:00:04,91282CKW0,TSRYS5833263,D,B,C,2024-07-09,1000000.00,4.244911,100.029296875
08:00:04,91282CKW0,TSRYS5833263,D,S,T,2024-07-09,1000000.00,4.244584,100.03125
08:00:04,91282CKW0,TSRYS5833263,D,S,T,2024-07-09,1000000.00,4.247196,100.015625
08:00:04,91282CKW0,TSRYS5833263,D,S,T,2024-07-09,2000000.00,4.247196,100.015625
08:00:04,91282CKW0,TSRYS5833263,D,S,D,2024-07-09,2000000.00,4.243605,100.037109375
08:00:04,91282CKW0,TSRYS5833263,D,S,D,2024-07-09,1000000.00,4.243605,100.037109375
08:00:04,91282CKW0,TSRYS5833263,D,S,D,2024-07-09,1000000.00,4.243605,100.037109375
08:00:04,91282CKW0,TSRYS5833263,D,S,D,2024-07-09,2000000.00,4.251768,99.98828125
08:00:04,91282CKW0,TSRYS5833263,D,S,D,2024-07-09,1000000.00,4.251768,99.98828125
08:00:04,91282CKW0,TSRYS5833263,D,S,D,2024-07-09,1000000.00,4.247849,100.01171875
08:00:04,91282CKW0,TSRYS5833263,D,S,D,2024-07-09,1000000.00,4.247849,100.01171875
08:00:04,91282CKW0,TSRYS5833263,D,S,D,2024-07-09,1000000.00,4.247523,100.013671875
08:00:04,91282CKW0,TSRYS5833263,D,S,D,2024-07-09,1000000.00,4.246217,100.021484375
08:00:04,91282CKW0,TSRYS5833263,D,S,T,2024-07-09,1000000.00,4.24589,100.0234375
08:00:04,91282CKW0,TSRYS5833263,D,S,D,2024-07-09,1000000.00,4.246543,100.01953125
08:00:04,91282CKW0,TSRYS5833263,D,S,D,2024-07-09,1000000.00,4.244911,100.029296875
08:00:04,91282CKW0,TSRYS5833263,D,S,T,2024-07-09,1000000.00,4.241646,100.048828125
08:00:04,91282CKW0,TSRYS5833263,D,S,T,2024-07-09,1000000.00,4.240015,100.05859375
08:00:04,91282CKW0,TSRYS5833263,D,B,C,2024-07-09,2000000.00,4.244584,100.03125
08:00:04,91282CKW0,TSRYS5833263,D,B,C,2024-07-09,1000000.00,4.244584,100.03125
08:00:04,91282CKW0,TSRYS5833263,D,S,D,2024-07-09,2000000.00,4.244258,100.033203125
08:00:04,91282CKW0,TSRYS5833263,D,S,D,2024-07-09,2000000.00,4.24589,100.0234375
08:00:04,91282CKW0,TSRYS5833263,D,S,D,2024-07-09,1000000.00,4.24589,100.0234375
08:00:04,91282CKW0,TSRYS5833263,D,B,C,2024-07-09,2000000.00,4.244584,100.03125
08:00:04,91282CKW0,TSRYS5833263,D,B,C,2024-07-09,2000000.00,4.244584,100.03125
08:00:04,91282CKW0,TSRYS5833263,D,B,C,2024-07-09,1000000.00,4.244584,100.03125
08:00:04,91282CKW0,TSRYS5833263,D,B,C,2024-07-09,1000000.00,4.244584,100.03125
08:00:04,91282CKW0,TSRYS5833263,D,B,C,2024-07-09,1000000.00,4.244584,100.03125
08:00:04,91282CKW0,TSRYS5833263,D,B,C,2024-07-09,1000000.00,4.244584,100.03125
08:00:04,91282CKW0,TSRYS5833263,D,B,C,2024-07-09,2000000.00,4.244584,100.03125
08:00:04,91282CKW0,TSRYS5833263,D,S,T,2024-07-09,1000000.00,4.24589,100.0234375
08:00:04,91282CKW0,TSRYS5833263,D,S,D,2024-07-09,2000000.00,4.246217,100.021484375
08:00:04,91282CKW0,TSRYS5833263,D,S,D,2024-07-09,1000000.00,4.244584,100.03125
08:00:04,91282CKW0,TSRYS5833263,D,S,D,2024-07-09,2000000.00,4.248176,100.009765625
08:00:04,91282CKW0,TSRYS5833263,D,S,D,2024-07-09,1000000.00,4.253401,99.978515625
08:00:04,91282CKW0,TSRYS5833263,D,S,D,2024-07-09,2000000.00,4.253401,99.978515625
08:00:04,91282CKW0,TSRYS5833263,D,S,D,2024-07-09,2000000.00,4.252748,99.982421875
08:00:04,91282CKW0,TSRYS5833263,D,S,D,2024-07-09,2000000.00,4.253075,99.98046875
08:00:04,91282CKW0,TSRYS5833263,D,S,D,2024-07-09,1000000.00,4.253075,99.98046875
08:00:04,91282CKW0,TSRYS5833263,D,S,D,2024-07-09,2000000.00,4.253075,99.98046875
08:00:04,91282CKW0,TSRYS5833263,D,S,T,2024-07-09,2000000.00,4.253075,99.98046875
08:00:04,91282CKW0,TSRYS5833263,D,S,D,2024-07-09,2000000.00,4.253075,99.98046875
08:00:04,91282CKW0,TSRYS5833263,D,S,D,2024-07-09,2000000.00,4.253075,99.98046875
08:00:04,91282CKW0,TSRYS5833263,D,S,D,2024-07-09,2000000.00,4.253075,99.98046875
08:00:04,91282CKW0,TSRYS5833263,D,S,T,2024-07-09,2000000.00,4.252748,99.982421875
08:00:04,91282CKW0,TSRYS5833263,D,S,D,2024-07-09,2000000.00,4.253401,99.978515625
08:00:04,91282CKW0,TSRYS5833263,D,S,D,2024-07-09,1000000.00,4.255035,99.96875
08:00:04,91282CKW0,TSRYS5833263,D,S,D,2024-07-09,1000000.00,4.255035,99.96875
08:00:04,91282CKW0,TSRYS5833263,D,S,D,2024-07-09,1000000.00,4.255035,99.96875
08:00:04,91282CKW0,TSRYS5833263,D,S,D,2024-07-09,1000000.00,4.255035,99.96875
08:00:04,91282CKW0,TSRYS5833263,D,S,D,2024-07-09,1000000.00,4.255035,99.96875
08:00:04,91282CKW0,TSRYS5833263,D,S,D,2024-07-09,1000000.00,4.255035,99.96875
08:00:04,91282CKW0,TSRYS5833263,D,S,D,2024-07-09,1000000.00,4.255035,99.96875
08:00:04,91282CKW0,TSRYS5833263,D,S,D,2024-07-09,1000000.00,4.255035,99.96875
08:00:04,91282CKW0,TSRYS5833263,D,S,D,2024-07-09,1000000.00,4.255035,99.96875
08:00:04,91282CKW0,TSRYS5833263,D,S,D,2024-07-09,1000000.00,4.255035,99.96875
08:00:04,91282CKW0,TSRYS5833263,D,S,D,2024-07-09,1000000.00,4.255035,99.96875
08:00:04,91282CKW0,TSRYS5833263,D,S,D,2024-07-09,1000000.00,4.255035,99.96875
08:00:04,91282CKW0,TSRYS5833263,D,S,D,2024-07-09,1000000.00,4.255035,99.96875
08:00:04,91282CKW0,TSRYS5833263,D,S,D,2024-07-09,1000000.00,4.255035,99.96875
08:00:04,91282CKW0,TSRYS5833263,D,S,D,2024-07-09,1000000.00,4.255035,99.96875
08:00:04,91282CKW0,TSRYS5833263,D,S,D,2024-07-09,1000000.00,4.255035,99.96875
08:00:04,91282CKW0,TSRYS5833263,D,S,D,2024-07-09,2000000.00,4.255688,99.96484375
08:00:04,91282CKW0,TSRYS5833263,D,S,T,2024-07-09,2000000.00,4.255688,99.96484375
08:00:04,91282CKW0,TSRYS5833263,D,S,T,2024-07-09,2000000.00,4.255688,99.96484375
08:00:04,91282CKW0,TSRYS5833263,D,S,T,2024-07-09,2000000.00,4.255688,99.96484375
08:00:04,91282CKW0,TSRYS5833263,D,S,D,2024-07-09,1000000.00,4.255688,99.96484375
08:00:04,91282CKW0,TSRYS5833263,D,S,D,2024-07-09,2000000.00,4.255362,99.966796875
08:00:04,91282CKW0,TSRYS5833263,D,S,T,2024-07-09,2000000.00,4.255362,99.966796875
08:00:04,91282CKW0,TSRYS5833263,D,S,D,2024-07-09,2000000.00,4.255362,99.966796875
08:00:04,91282CKW0,TSRYS5833263,D,S,D,2024-07-09,1000000.00,4.255035,99.96875
08:00:04,91282CKW0,TSRYS5833263,D,S,D,2024-07-09,1000000.00,4.255035,99.96875
08:00:04,91282CKW0,TSRYS5833263,D,S,D,2024-07-09,2000000.00,4.255688,99.96484375
08:00:04,91282CKW0,TSRYS5833263,D,S,D,2024-07-09,2000000.00,4.257975,99.951171875
08:00:04,91282CKW0,TSRYS5833263,D,S,D,2024-07-09,2000000.00,4.258302,99.94921875
08:00:04,91282CKW0,TSRYS5833263,D,S,T,2024-07-09,2000000.00,4.258302,99.94921875
08:00:04,91282CKW0,TSRYS5833263,D,S,D,2024-07-09,2000000.00,4.258302,99.94921875
08:00:04,91282CKW0,TSRYS5833263,D,S,D,2024-07-09,2000000.00,4.257649,99.953125
08:00:04,91282CKW0,TSRYS5833263,D,S,D,2024-07-09,3000000.00,4.257649,99.953125
08:00:04,91282CKW0,TSRYS5833263,D,S,D,2024-07-09,1000000.00,4.256015,99.962890625
08:00:04,91282CKW0,TSRYS5833263,D,S,D,2024-07-09,2000000.00,4.256015,99.962890625
08:00:05,91282CKW0,TSRYS5833263,D,S,T,2024-07-09,1000000.00,4.249809,100.0
08:00:07,91282CKW0,TSRYS5833263,D,S,T,2024-07-09,2000000.00,4.24589,100.0234375
08:00:07,91282CKW0,TSRYS5833263,D,B,C,2024-07-09,14200000.00,4.238056,100.0703125
08:00:07,91282CKW0,TSRYS5833263,D,S,D,2024-07-09,1000000.00,4.234141,100.09375
08:00:07,91282CKW0,TSRYS5833263,D,S,D,2024-07-09,1000000.00,4.234141,100.09375
08:00:08,91282CKW0,TSRYS5833263,D,S,D,2024-07-09,1000000.00,4.231532,100.109375
08:00:12,91282CKW0,TSRYS5833263,D,S,D,2024-07-09,1000000.00,4.241973,100.046875
08:00:12,91282CKW0,TSRYS5833263,D,S,D,2024-07-09,1000000.00,4.241646,100.048828125
08:00:12,91282CKW0,TSRYS5833263,D,S,T,2024-07-09,1000000.00,4.232836,100.1015625
08:00:13,91282CKW0,TSRYS5833263,D,S,D,2024-07-09,1000000.00,4.234141,100.09375
08:00:14,91282CKW0,TSRYS5833263,D,S,T,2024-07-09,1000000.00,4.24132,100.05078125
08:00:14,91282CKW0,TSRYS5833263,D,S,T,2024-07-09,1000000.00,4.24132,100.05078125
08:00:14,91282CKW0,TSRYS5833263,D,S,T,2024-07-09,1000000.00,4.24132,100.05078125
08:00:14,91282CKW0,TSRYS5833263,D,S,T,2024-07-09,1000000.00,4.24132,100.05078125
08:00:14,91282CKW0,TSRYS5833263,D,S,T,2024-07-09,1000000.00,4.240994,100.052734375
08:00:14,91282CKW0,TSRYS5833263,D,S,T,2024-07-09,1000000.00,4.24132,100.05078125
08:00:14,91282CKW0,TSRYS5833263,D,S,T,2024-07-09,1000000.00,4.24132,100.05078125
08:00:14,91282CKW0,TSRYS5833263,D,S,D,2024-07-09,1000000.00,4.236425,100.080078125
08:00:14,91282CKW0,TSRYS5833263,D,S,D,2024-07-09,1000000.00,4.236425,100.080078125
08:00:14,91282CKW0,TSRYS5833263,D,S,T,2024-07-09,1000000.00,4.231532,100.109375
08:00:14,91282CKW0,TSRYS5833263,D,S,T,2024-07-09,1000000.00,4.238056,100.0703125
08:00:14,91282CKW0,TSRYS5833263,D,S,T,2024-07-09,1000000.00,4.239362,100.0625
08:00:14,91282CKW0,TSRYS5833263,D,S,T,2024-07-09,4000000.00,4.239362,100.0625
08:00:14,91282CKW0,TSRYS5833263,D,S,D,2024-07-09,1000000.00,4.240341,100.056640625
08:00:14,91282CKW0,TSRYS5833263,D,S,T,2024-07-09,1000000.00,4.240994,100.052734375
08:00:14,91282CKW0,TSRYS5833263,D,S,T,2024-07-09,1000000.00,4.240994,100.052734375
08:00:14,91282CKW0,TSRYS5833263,D,S,T,2024-07-09,1000000.00,4.240994,100.052734375
08:00:14,91282CKW0,TSRYS5833263,D,S,T,2024-07-09,1000000.00,4.240994,100.052734375
08:00:14,91282CKW0,TSRYS5833263,D,S,T,2024-07-09,1000000.00,4.240994,100.052734375
08:00:14,91282CKW0,TSRYS5833263,D,S,T,2024-07-09,1000000.00,4.240994,100.052734375
08:00:14,91282CKW0,TSRYS5833263,D,S,T,2024-07-09,1000000.00,4.240994,100.052734375
08:00:14,91282CKW0,TSRYS5833263,D,S,T,2024-07-09,1000000.00,4.238383,100.068359375
08:00:14,91282CKW0,TSRYS5833263,D,S,T,2024-07-09,1000000.00,4.24589,100.0234375
08:00:14,91282CKW0,TSRYS5833263,D,S,T,2024-07-09,1000000.00,4.248502,100.0078125
08:00:14,91282CKW0,TSRYS5833263,D,S,T,2024-07-09,1000000.00,4.244584,100.03125
08:00:14,91282CKW0,TSRYS5833263,D,S,T,2024-07-09,1000000.00,4.244584,100.03125
08:00:14,91282CKW0,TSRYS5833263,D,S,T,2024-07-09,1000000.00,4.252421,99.984375
08:00:14,91282CKW0,TSRYS5833263,D,S,T,2024-07-09,1000000.00,4.252421,99.984375
08:00:14,91282CKW0,TSRYS5833263,D,S,T,2024-07-09,1000000.00,4.24589,100.0234375
08:00:14,91282CKW0,TSRYS5833263,D,S,T,2024-07-09,1000000.00,4.247196,100.015625
08:00:14,91282CKW0,TSRYS5833263,D,S,T,2024-07-09,1000000.00,4.245237,100.02734375
08:00:14,91282CKW0,TSRYS5833263,D,S,T,2024-07-09,1000000.00,4.247196,100.015625
08:00:14,91282CKW0,TSRYS5833263,D,S,T,2024-07-09,1000000.00,4.24589,100.0234375
08:00:14,91282CKW0,TSRYS5833263,D,S,D,2024-07-09,1000000.00,4.248176,100.009765625
08:00:14,91282CKW0,TSRYS5833263,D,S,T,2024-07-09,1000000.00,4.249809,100.0
08:00:14,91282CKW0,TSRYS5833263,D,S,T,2024-07-09,1000000.00,4.249809,100.0
08:00:14,91282CKW0,TSRYS5833263,D,S,T,2024-07-09,1000000.00,4.249809,100.0
08:00:14,91282CKW0,TSRYS5833263,D,S,T,2024-07-09,1000000.00,4.248502,100.0078125
08:00:14,91282CKW0,TSRYS5833263,D,S,T,2024-07-09,1000000.00,4.249809,100.0
08:00:14,91282CKW0,TSRYS5833263,D,S,D,2024-07-09,1000000.00,4.255688,99.96484375
08:00:14,91282CKW0,TSRYS5833263,D,S,D,2024-07-09,1000000.00,4.255688,99.96484375
08:00:14,91282CKW0,TSRYS5833263,D,S,D,2024-07-09,1000000.00,4.255688,99.96484375
08:00:14,91282CKW0,TSRYS5833263,D,S,D,2024-07-09,1000000.00,4.255688,99.96484375
08:00:14,91282CKW0,TSRYS5833263,D,S,D,2024-07-09,1000000.00,4.255362,99.966796875
08:00:14,91282CKW0,TSRYS5833263,D,S,D,2024-07-09,1000000.00,4.255362,99.966796875
08:00:14,91282CKW0,TSRYS5833263,D,S,T,2024-07-09,1000000.00,4.255362,99.966796875
08:00:14,91282CKW0,TSRYS5833263,D,S,T,2024-07-09,1000000.00,4.253075,99.98046875
08:00:14,91282CKW0,TSRYS5833263,D,S,T,2024-07-09,1000000.00,4.253075,99.98046875
08:00:14,91282CKW0,TSRYS5833263,D,S,T,2024-07-09,1000000.00,4.253075,99.98046875
08:00:14,91282CKW0,TSRYS5833263,D,S,T,2024-07-09,1000000.00,4.253075,99.98046875
08:00:14,91282CKW0,TSRYS5833263,D,S,T,2024-07-09,1000000.00,4.256342,99.9609375
08:00:14,91282CKW0,TSRYS5833263,D,S,D,2024-07-09,1000000.00,4.256668,99.958984375
08:00:14,91282CKW0,TSRYS5833263,D,S,T,2024-07-09,1000000.00,4.256668,99.958984375
08:00:14,91282CKW0,TSRYS5833263,D,S,D,2024-07-09,1000000.00,4.256015,99.962890625
08:00:14,91282CKW0,TSRYS5833263,D,S,D,2024-07-09,1000000.00,4.256015,99.962890625
08:00:14,91282CKW0,TSRYS5833263,D,S,T,2024-07-09,1000000.00,4.256015,99.962890625
08:00:15,91282CKW0,TSRYS5833263,D,S,D,2024-07-09,1000000.00,4.234141,100.09375
08:00:15,91282CKW0,TSRYS5833263,D,S,D,2024-07-09,1000000.00,4.23251,100.103515625
08:00:15,91282CKW0,TSRYS5833263,D,S,D,2024-07-09,1000000.00,4.234141,100.09375
08:00:15,91282CKW0,TSRYS5833263,D,S,D,2024-07-09,1000000.00,4.234141,100.09375
08:00:15,91282CKW0,TSRYS5833263,D,S,D,2024-07-09,1000000.00,4.234141,100.09375
08:00:15,91282CKW0,TSRYS5833263,D,S,D,2024-07-09,1000000.00,4.234141,100.09375
08:00:15,91282CKW0,TSRYS5833263,D,S,D,2024-07-09,1000000.00,4.234141,100.09375
08:00:15,91282CKW0,TSRYS5833263,D,S,D,2024-07-09,1000000.00,4.234141,100.09375
08:00:16,91282CKW0,TSRYS5833263,D,S,D,2024-07-09,1000000.00,4.234794,100.08984375
08:00:16,91282CKW0,TSRYS5833263,D,S,D,2024-07-09,1000000.00,4.234141,100.09375
08:00:17,91282CKW0,TSRYS5833263,D,B,A,2024-07-09,450000.00,4.246543,100.0195313
08:00:17,91282CKW0,TSRYS5833263,D,S,T,2024-07-09,1000000.00,4.233163,100.09960938
08:00:18,91282CKW0,TSRYS5833263,D,S,T,2024-07-09,2000000.00,4.233815,100.09570313
08:00:18,91282CKW0,TSRYS5833263,D,S,T,2024-07-09,1000000.00,4.233815,100.09570313
08:00:18,91282CKW0,TSRYS5833263,D,S,T,2024-07-09,2000000.00,4.234141,100.09375
08:00:18,91282CKW0,TSRYS5833263,D,S,T,2024-07-09,14000000.00,4.234141,100.09375
08:00:18,91282CKW0,TSRYS5833263,D,S,T,2024-07-09,1000000.00,4.233815,100.09570313
08:00:19,91282CKW0,TSRYS5833263,D,S,T,2024-07-09,1000000.00,4.232836,100.1015625
08:00:19,91282CKW0,TSRYS5833263,D,S,T,2024-07-09,1000000.00,4.233489,100.09765625
08:00:19,91282CKW0,TSRYS5833263,D,S,T,2024-07-09,1000000.00,4.234141,100.09375
08:00:19,91282CKW0,TSRYS5833263,D,S,T,2024-07-09,1000000.00,4.234141,100.09375
08:00:19,91282CKW0,TSRYS5833263,D,S,T,2024-07-09,4000000.00,4.234141,100.09375
08:00:19,91282CKW0,TSRYS5833263,D,S,D,2024-07-09,1000000.00,4.236099,100.08203125
08:00:19,91282CKW0,TSRYS5833263,D,S,D,2024-07-09,1000000.00,4.236099,100.08203125
08:00:19,91282CKW0,TSRYS5833263,D,S,D,2024-07-09,1000000.00,4.236425,100.080078125
08:00:19,91282CKW0,TSRYS5833263,D,S,D,2024-07-09,1000000.00,4.234141,100.09375
08:00:19,91282CKW0,TSRYS5833263,D,S,D,2024-07-09,1000000.00,4.234141,100.09375
08:00:19,91282CKW0,TSRYS5833263,D,S,D,2024-07-09,1000000.00,4.235446,100.0859375
08:00:19,91282CKW0,TSRYS5833263,D,S,D,2024-07-09,1000000.00,4.234467,100.091796875
08:00:19,91282CKW0,TSRYS5833263,D,S,T,2024-07-09,2000000.00,4.233815,100.09570313
08:00:20,91282CKW0,TSRYS5833263,D,S,T,2024-07-09,1000000.00,4.234141,100.09375
08:00:20,91282CKW0,TSRYS5833263,D,B,A,2024-07-09,5050000.00,4.230879,100.11328125
08:00:20,91282CKW0,TSRYS5833263,D,S,T,2024-07-09,1000000.00,4.233815,100.09570313
08:00:20,91282CKW0,TSRYS5833263,D,S,D,2024-07-09,1000000.00,4.231532,100.109375
08:00:20,91282CKW0,TSRYS5833263,D,S,D,2024-07-09,1000000.00,4.231532,100.109375
08:00:20,91282CKW0,TSRYS5833263,D,S,D,2024-07-09,1000000.00,4.231532,100.109375
08:00:20,91282CKW0,TSRYS5833263,D,S,D,2024-07-09,1000000.00,4.231532,100.109375
08:00:20,91282CKW0,TSRYS5833263,D,S,D,2024-07-09,1000000.00,4.23251,100.103515625
08:00:20,91282CKW0,TSRYS5833263,D,S,D,2024-07-09,1000000.00,4.234141,100.09375
08:00:21,91282CKW0,TSRYS5833263,D,S,A,2024-07-09,5050000.00,4.230879,100.11328125
08:00:22,91282CKW0,TSRYS5833263,D,S,D,2024-07-09,1000000.00,4.233815,100.095703125
08:00:22,91282CKW0,TSRYS5833263,D,S,D,2024-07-09,1000000.00,4.232184,100.10546875
08:00:23,91282CKW0,TSRYS5833263,D,S,D,2024-07-09,1000000.00,4.231532,100.109375
08:00:23,91282CKW0,TSRYS5833263,D,S,D,2024-07-09,1000000.00,4.231532,100.109375
08:00:24,91282CKW0,TSRYS5833263,D,S,D,2024-07-09,1000000.00,4.231532,100.109375
08:00:24,91282CKW0,TSRYS5833263,D,S,D,2024-07-09,1000000.00,4.231532,100.109375
08:00:24,91282CKW0,TSRYS5833263,D,S,D,2024-07-09,1000000.00,4.231532,100.109375
08:00:24,91282CKW0,TSRYS5833263,D,S,D,2024-07-09,1000000.00,4.231532,100.109375
08:00:24,91282CKW0,TSRYS5833263,D,S,D,2024-07-09,1000000.00,4.231532,100.109375
08:00:24,91282CKW0,TSRYS5833263,D,S,D,2024-07-09,1000000.00,4.231532,100.109375
08:00:24,91282CKW0,TSRYS5833263,D,S,D,2024-07-09,1000000.00,4.231532,100.109375
08:00:24,91282CKW0,TSRYS5833263,D,S,D,2024-07-09,1000000.00,4.231532,100.109375
08:00:24,91282CKW0,TSRYS5833263,D,S,D,2024-07-09,1000000.00,4.231532,100.109375
08:00:25,91282CKW0,TSRYS5833263,D,S,D,2024-07-09,1000000.00,4.231532,100.109375
08:00:25,91282CKW0,TSRYS5833263,D,S,D,2024-07-09,1000000.00,4.231532,100.109375
08:00:25,91282CKW0,TSRYS5833263,D,S,D,2024-07-09,1000000.00,4.231532,100.109375
08:00:25,91282CKW0,TSRYS5833263,D,S,D,2024-07-09,1000000.00,4.231532,100.109375
08:00:25,91282CKW0,TSRYS5833263,D,S,D,2024-07-09,1000000.00,4.231532,100.109375
08:00:25,91282CKW0,TSRYS5833263,D,S,D,2024-07-09,1000000.00,4.231532,100.109375
08:00:25,91282CKW0,TSRYS5833263,D,S,D,2024-07-09,1000000.00,4.231532,100.109375
08:00:25,91282CKW0,TSRYS5833263,D,S,D,2024-07-09,1000000.00,4.231532,100.109375
08:00:25,91282CKW0,TSRYS5833263,D,S,D,2024-07-09,1000000.00,4.231532,100.109375
08:00:25,91282CKW0,TSRYS5833263,D,S,D,2024-07-09,1000000.00,4.231532,100.109375
08:00:25,91282CKW0,TSRYS5833263,D,S,D,2024-07-09,1000000.00,4.231532,100.109375
08:00:25,91282CKW0,TSRYS5833263,D,S,D,2024-07-09,1000000.00,4.231858,100.107421875
08:00:25,91282CKW0,TSRYS5833263,D,S,D,2024-07-09,1000000.00,4.231532,100.109375
08:00:25,91282CKW0,TSRYS5833263,D,S,D,2024-07-09,1000000.00,4.231532,100.109375
08:00:25,91282CKW0,TSRYS5833263,D,S,D,2024-07-09,1000000.00,4.231532,100.109375
08:00:25,91282CKW0,TSRYS5833263,D,S,D,2024-07-09,1000000.00,4.234467,100.091796875
08:00:25,91282CKW0,TSRYS5833263,D,S,D,2024-07-09,1000000.00,4.236751,100.078125
08:00:25,91282CKW0,TSRYS5833263,D,S,T,2024-07-09,1000000.00,4.234141,100.09375
08:00:26,91282CKW0,TSRYS5833263,D,S,D,2024-07-09,1000000.00,4.235772,100.083984375
08:00:26,91282CKW0,TSRYS5833263,D,S,T,2024-07-09,2000000.00,4.234141,100.09375
08:00:26,91282CKW0,TSRYS5833263,D,S,D,2024-07-09,1000000.00,4.236099,100.08203125
08:00:26,91282CKW0,TSRYS5833263,D,S,D,2024-07-09,1000000.00,4.236751,100.078125
08:00:26,91282CKW0,TSRYS5833263,D,S,D,2024-07-09,1000000.00,4.236751,100.078125
08:00:26,91282CKW0,TSRYS5833263,D,S,D,2024-07-09,1000000.00,4.238383,100.068359375
08:00:26,91282CKW0,TSRYS5833263,D,S,D,2024-07-09,1000000.00,4.239035,100.064453125
08:00:26,91282CKW0,TSRYS5833263,D,S,D,2024-07-09,1000000.00,4.239362,100.0625
08:00:26,91282CKW0,TSRYS5833263,D,S,T,2024-07-09,3000000.00,4.234141,100.09375
08:00:27,91282CKW0,TSRYS5833263,D,S,T,2024-07-09,1000000.00,4.234141,100.09375
08:00:27,91282CKW0,TSRYS5833263,D,S,T,2024-07-09,1000000.00,4.234141,100.09375
08:00:27,91282CKW0,TSRYS5833263,D,S,D,2024-07-09,1000000.00,4.238056,100.0703125
08:00:27,91282CKW0,TSRYS5833263,D,S,D,2024-07-09,1000000.00,4.239035,100.064453125
08:00:27,91282CKW0,TSRYS5833263,D,S,D,2024-07-09,1000000.00,4.238383,100.068359375
08:00:27,91282CKW0,TSRYS5833263,D,S,T,2024-07-09,2000000.00,4.234141,100.09375
08:00:28,91282CKW0,TSRYS5833263,D,S,T,2024-07-09,1000000.00,4.234141,100.09375
08:00:28,91282CKW0,TSRYS5833263,D,S,T,2024-07-09,1000000.00,4.234141,100.09375
08:00:28,91282CKW0,TSRYS5833263,D,S,T,2024-07-09,1000000.00,4.240667,100.0546875
08:00:28,91282CKW0,TSRYS5833263,D,S,T,2024-07-09,1000000.00,4.24589,100.0234375
08:00:28,91282CKW0,TSRYS5833263,D,S,T,2024-07-09,1000000.00,4.247196,100.015625
08:00:28,91282CKW0,TSRYS5833263,D,S,T,2024-07-09,1000000.00,4.248502,100.0078125
08:00:28,91282CKW0,TSRYS5833263,D,S,T,2024-07-09,1000000.00,4.239362,100.0625
08:00:28,91282CKW0,TSRYS5833263,D,S,T,2024-07-09,1000000.00,4.234141,100.09375
08:00:28,91282CKW0,TSRYS5833263,D,S,T,2024-07-09,1000000.00,4.240994,100.052734375
08:00:28,91282CKW0,TSRYS5833263,D,S,T,2024-07-09,1000000.00,4.24589,100.0234375
08:00:28,91282CKW0,TSRYS5833263,D,S,T,2024-07-09,1000000.00,4.248502,100.0078125
08:00:28,91282CKW0,TSRYS5833263,D,S,T,2024-07-09,1000000.00,4.24589,100.0234375
08:00:28,91282CKW0,TSRYS5833263,D,S,T,2024-07-09,1000000.00,4.248176,100.009765625
08:00:28,91282CKW0,TSRYS5833263,D,S,T,2024-07-09,5000000.00,4.248502,100.0078125
08:00:28,91282CKW0,TSRYS5833263,D,S,T,2024-07-09,1000000.00,4.254708,99.970703125
08:00:28,91282CKW0,TSRYS5833263,D,S,T,2024-07-09,1000000.00,4.255035,99.96875
08:00:29,91282CKW0,TSRYS5833263,D,S,T,2024-07-09,2000000.00,4.234141,100.09375
08:00:29,91282CKW0,TSRYS5833263,D,S,T,2024-07-09,2000000.00,4.234141,100.09375
08:00:30,91282CKW0,TSRYS5833263,D,S,T,2024-07-09,1000000.00,4.241973,100.046875
08:00:30,91282CKW0,TSRYS5833263,D,S,T,2024-07-09,1000000.00,4.241973,100.046875
08:00:30,91282CKW0,TSRYS5833263,D,S,T,2024-07-09,1000000.00,4.241646,100.048828125
08:00:30,91282CKW0,TSRYS5833263,D,S,T,2024-07-09,1000000.00,4.238056,100.0703125
08:00:30,91282CKW0,TSRYS5833263,D,S,T,2024-07-09,1000000.00,4.238056,100.0703125
08:00:30,91282CKW0,TSRYS5833263,D,S,T,2024-07-09,1000000.00,4.23251,100.103515625
08:00:30,91282CKW0,TSRYS5833263,D,S,T,2024-07-09,1000000.00,4.231532,100.109375
08:00:30,91282CKW0,TSRYS5833263,D,S,T,2024-07-09,1000000.00,4.233489,100.09765625
08:00:30,91282CKW0,TSRYS5833263,D,S,T,2024-07-09,1000000.00,4.233489,100.09765625
08:00:30,91282CKW0,TSRYS5833263,D,S,T,2024-07-09,1000000.00,4.234141,100.09375
08:00:30,91282CKW0,TSRYS5833263,D,S,T,2024-07-09,1000000.00,4.234794,100.08984375
08:00:30,91282CKW0,TSRYS5833263,D,S,T,2024-07-09,1000000.00,4.233489,100.09765625
08:00:30,91282CKW0,TSRYS5833263,D,S,T,2024-07-09,1000000.00,4.236751,100.078125
08:00:30,91282CKW0,TSRYS5833263,D,S,T,2024-07-09,1000000.00,4.236751,100.078125
08:00:30,91282CKW0,TSRYS5833263,D,S,T,2024-07-09,1000000.00,4.236751,100.078125
08:00:30,91282CKW0,TSRYS5833263,D,S,T,2024-07-09,1000000.00,4.235446,100.0859375
08:00:30,91282CKW0,TSRYS5833263,D,S,D,2024-07-09,1000000.00,4.234467,100.091796875
08:00:30,91282CKW0,TSRYS5833263,D,S,T,2024-07-09,1000000.00,4.234794,100.08984375
08:00:30,91282CKW0,TSRYS5833263,D,S,T,2024-07-09,1000000.00,4.231532,100.109375
08:00:30,91282CKW0,TSRYS5833263,D,S,T,2024-07-09,1000000.00,4.232836,100.1015625
08:00:30,91282CKW0,TSRYS5833263,D,S,T,2024-07-09,1000000.00,4.236751,100.078125
08:00:30,91282CKW0,TSRYS5833263,D,S,T,2024-07-09,1000000.00,4.236751,100.078125
08:00:30,91282CKW0,TSRYS5833263,D,S,T,2024-07-09,1000000.00,4.239035,100.064453125
08:00:30,91282CKW0,TSRYS5833263,D,S,T,2024-07-09,1000000.00,4.239362,100.0625
08:00:30,91282CKW0,TSRYS5833263,D,S,T,2024-07-09,1000000.00,4.239362,100.0625
08:00:30,91282CKW0,TSRYS5833263,D,S,T,2024-07-09,1000000.00,4.238709,100.06640625
08:00:30,91282CKW0,TSRYS5833263,D,S,T,2024-07-09,2000000.00,4.238709,100.06640625
08:00:30,91282CKW0,TSRYS5833263,D,S,T,2024-07-09,1000000.00,4.238709,100.06640625
08:00:30,91282CKW0,TSRYS5833263,D,S,T,2024-07-09,1000000.00,4.238709,100.06640625
08:00:30,91282CKW0,TSRYS5833263,D,S,T,2024-07-09,1000000.00,4.238709,100.06640625
08:00:30,91282CKW0,TSRYS5833263,D,S,T,2024-07-09,1000000.00,4.238056,100.0703125
08:00:30,91282CKW0,TSRYS5833263,D,S,T,2024-07-09,1000000.00,4.238709,100.06640625
08:00:30,91282CKW0,TSRYS5833263,D,S,T,2024-07-09,2000000.00,4.238709,100.06640625
08:00:30,91282CKW0,TSRYS5833263,D,S,T,2024-07-09,1000000.00,4.238709,100.06640625
08:00:30,91282CKW0,TSRYS5833263,D,S,T,2024-07-09,1000000.00,4.238056,100.0703125
08:00:30,91282CKW0,TSRYS5833263,D,S,T,2024-07-09,1000000.00,4.239362,100.0625
08:00:30,91282CKW0,TSRYS5833263,D,S,T,2024-07-09,1000000.00,4.239362,100.0625
08:00:30,91282CKW0,TSRYS5833263,D,S,T,2024-07-09,1000000.00,4.239362,100.0625
08:00:30,91282CKW0,TSRYS5833263,D,S,T,2024-07-09,1000000.00,4.239362,100.0625
08:00:30,91282CKW0,TSRYS5833263,D,S,T,2024-07-09,1000000.00,4.239362,100.0625
08:00:30,91282CKW0,TSRYS5833263,D,S,T,2024-07-09,1000000.00,4.240667,100.0546875
08:00:30,91282CKW0,TSRYS5833263,D,S,T,2024-07-09,1000000.00,4.240667,100.0546875
08:00:30,91282CKW0,TSRYS5833263,D,S,T,2024-07-09,1000000.00,4.240667,100.0546875
08:00:30,91282CKW0,TSRYS5833263,D,S,T,2024-07-09,1000000.00,4.240667,100.0546875
08:00:30,91282CKW0,TSRYS5833263,D,S,T,2024-07-09,1000000.00,4.239362,100.0625
08:00:30,91282CKW0,TSRYS5833263,D,S,T,2024-07-09,1000000.00,4.239035,100.064453125
08:00:30,91282CKW0,TSRYS5833263,D,S,T,2024-07-09,1000000.00,4.238709,100.06640625
08:00:30,91282CKW0,TSRYS5833263,D,S,T,2024-07-09,1000000.00,4.239362,100.0625
08:00:30,91282CKW0,TSRYS5833263,D,S,T,2024-07-09,3000000.00,4.240015,100.05859375
08:00:30,91282CKW0,TSRYS5833263,D,S,T,2024-07-09,1000000.00,4.240015,100.05859375
08:00:30,91282CKW0,TSRYS5833263,D,S,T,2024-07-09,1000000.00,4.240667,100.0546875
08:00:30,91282CKW0,TSRYS5833263,D,S,T,2024-07-09,1000000.00,4.241646,100.048828125
08:00:30,91282CKW0,TSRYS5833263,D,S,T,2024-07-09,1000000.00,4.239362,100.0625
08:00:30,91282CKW0,TSRYS5833263,D,S,T,2024-07-09,1000000.00,4.239362,100.0625
08:00:30,91282CKW0,TSRYS5833263,D,S,T,2024-07-09,1000000.00,4.239362,100.0625
08:00:30,91282CKW0,TSRYS5833263,D,S,T,2024-07-09,1000000.00,4.239362,100.0625
08:00:30,91282CKW0,TSRYS5833263,D,S,T,2024-07-09,1000000.00,4.239362,100.0625
08:00:30,91282CKW0,TSRYS5833263,D,S,T,2024-07-09,1000000.00,4.239362,100.0625
08:00:30,91282CKW0,TSRYS5833263,D,S,T,2024-07-09,1000000.00,4.238056,100.0703125
08:00:30,91282CKW0,TSRYS5833263,D,S,T,2024-07-09,1000000.00,4.240994,100.052734375
08:00:30,91282CKW0,TSRYS5833263,D,S,T,2024-07-09,1000000.00,4.239362,100.0625
08:00:30,91282CKW0,TSRYS5833263,D,S,T,2024-07-09,1000000.00,4.238056,100.0703125
08:00:30,91282CKW0,TSRYS5833263,D,S,T,2024-07-09,1000000.00,4.238056,100.0703125
08:00:30,91282CKW0,TSRYS5833263,D,S,T,2024-07-09,1000000.00,4.238056,100.0703125
08:00:30,91282CKW0,TSRYS5833263,D,S,T,2024-07-09,1000000.00,4.238056,100.0703125
08:00:30,91282CKW0,TSRYS5833263,D,S,T,2024-07-09,1000000.00,4.239362,100.0625
08:00:30,91282CKW0,TSRYS5833263,D,S,T,2024-07-09,1000000.00,4.239362,100.0625
08:00:30,91282CKW0,TSRYS5833263,D,S,T,2024-07-09,2000000.00,4.239362,100.0625
08:00:30,91282CKW0,TSRYS5833263,D,S,T,2024-07-09,1000000.00,4.239362,100.0625
08:00:30,91282CKW0,TSRYS5833263,D,S,T,2024-07-09,1000000.00,4.239362,100.0625
08:00:30,91282CKW0,TSRYS5833263,D,S,T,2024-07-09,1000000.00,4.240667,100.0546875
08:00:30,91282CKW0,TSRYS5833263,D,S,T,2024-07-09,1000000.00,4.240667,100.0546875
08:00:30,91282CKW0,TSRYS5833263,D,S,T,2024-07-09,1000000.00,4.240667,100.0546875
08:00:30,91282CKW0,TSRYS5833263,D,S,T,2024-07-09,1000000.00,4.240667,100.0546875
08:00:30,91282CKW0,TSRYS5833263,D,S,T,2024-07-09,1000000.00,4.240667,100.0546875
08:00:30,91282CKW0,TSRYS5833263,D,S,T,2024-07-09,1000000.00,4.243278,100.0390625
08:00:30,91282CKW0,TSRYS5833263,D,S,T,2024-07-09,1000000.00,4.243278,100.0390625
08:00:30,91282CKW0,TSRYS5833263,D,S,T,2024-07-09,1000000.00,4.243278,100.0390625
08:00:30,91282CKW0,TSRYS5833263,D,S,T,2024-07-09,1000000.00,4.243278,100.0390625
08:00:30,91282CKW0,TSRYS5833263,D,S,T,2024-07-09,1000000.00,4.244584,100.03125
08:00:30,91282CKW0,TSRYS5833263,D,S,T,2024-07-09,1000000.00,4.24589,100.0234375
08:00:30,91282CKW0,TSRYS5833263,D,S,T,2024-07-09,1000000.00,4.24589,100.0234375
08:00:30,91282CKW0,TSRYS5833263,D,S,T,2024-07-09,1000000.00,4.24589,100.0234375
08:00:30,91282CKW0,TSRYS5833263,D,S,T,2024-07-09,1000000.00,4.24589,100.0234375
08:00:30,91282CKW0,TSRYS5833263,D,S,T,2024-07-09,1000000.00,4.24589,100.0234375
08:00:30,91282CKW0,TSRYS5833263,D,S,T,2024-07-09,1000000.00,4.24589,100.0234375
08:00:30,91282CKW0,TSRYS5833263,D,S,T,2024-07-09,1000000.00,4.24589,100.0234375
08:00:30,91282CKW0,TSRYS5833263,D,S,T,2024-07-09,1000000.00,4.24589,100.0234375
08:00:30,91282CKW0,TSRYS5833263,D,S,T,2024-07-09,1000000.00,4.24589,100.0234375
08:00:30,91282CKW0,TSRYS5833263,D,S,T,2024-07-09,1000000.00,4.24589,100.0234375
08:00:30,91282CKW0,TSRYS5833263,D,S,T,2024-07-09,1000000.00,4.24589,100.0234375
08:00:30,91282CKW0,TSRYS5833263,D,S,T,2024-07-09,1000000.00,4.24589,100.0234375
08:00:30,91282CKW0,TSRYS5833263,D,S,T,2024-07-09,1000000.00,4.247196,100.015625
08:00:30,91282CKW0,TSRYS5833263,D,S,T,2024-07-09,1000000.00,4.248502,100.0078125
08:00:30,91282CKW0,TSRYS5833263,D,S,T,2024-07-09,1000000.00,4.248502,100.0078125
08:00:30,91282CKW0,TSRYS5833263,D,S,T,2024-07-09,2000000.00,4.24589,100.0234375
08:00:30,91282CKW0,TSRYS5833263,D,S,T,2024-07-09,1000000.00,4.24589,100.0234375
08:00:30,91282CKW0,TSRYS5833263,D,S,T,2024-07-09,1000000.00,4.24589,100.0234375
08:00:30,91282CKW0,TSRYS5833263,D,S,T,2024-07-09,1000000.00,4.24589,100.0234375
08:00:30,91282CKW0,TSRYS5833263,D,S,T,2024-07-09,1000000.00,4.24589,100.0234375
08:00:30,91282CKW0,TSRYS5833263,D,S,T,2024-07-09,1000000.00,4.24589,100.0234375
08:00:30,91282CKW0,TSRYS5833263,D,S,T,2024-07-09,1000000.00,4.24589,100.0234375
08:00:30,91282CKW0,TSRYS5833263,D,S,T,2024-07-09,1000000.00,4.24589,100.0234375
08:00:30,91282CKW0,TSRYS5833263,D,S,T,2024-07-09,1000000.00,4.247196,100.015625
08:00:30,91282CKW0,TSRYS5833263,D,S,T,2024-07-09,1000000.00,4.247196,100.015625
08:00:30,91282CKW0,TSRYS5833263,D,S,T,2024-07-09,1000000.00,4.24589,100.0234375
08:00:30,91282CKW0,TSRYS5833263,D,S,T,2024-07-09,1000000.00,4.24687,100.017578125
08:00:30,91282CKW0,TSRYS5833263,D,S,T,2024-07-09,1000000.00,4.244584,100.03125
08:00:30,91282CKW0,TSRYS5833263,D,S,D,2024-07-09,1000000.00,4.244584,100.03125
08:00:30,91282CKW0,TSRYS5833263,D,S,T,2024-07-09,1000000.00,4.244584,100.03125
08:00:30,91282CKW0,TSRYS5833263,D,S,T,2024-07-09,1000000.00,4.244584,100.03125
08:00:30,91282CKW0,TSRYS5833263,D,S,T,2024-07-09,1000000.00,4.243278,100.0390625
08:00:30,91282CKW0,TSRYS5833263,D,S,T,2024-07-09,1000000.00,4.243278,100.0390625
08:00:30,91282CKW0,TSRYS5833263,D,S,T,2024-07-09,1000000.00,4.244258,100.033203125
08:00:30,91282CKW0,TSRYS5833263,D,S,T,2024-07-09,1000000.00,4.243278,100.0390625
08:00:30,91282CKW0,TSRYS5833263,D,S,T,2024-07-09,1000000.00,4.244584,100.03125
08:00:30,91282CKW0,TSRYS5833263,D,S,T,2024-07-09,1000000.00,4.244584,100.03125
08:00:30,91282CKW0,TSRYS5833263,D,S,T,2024-07-09,1000000.00,4.244584,100.03125
08:00:30,91282CKW0,TSRYS5833263,D,S,T,2024-07-09,1000000.00,4.24589,100.0234375
08:00:30,91282CKW0,TSRYS5833263,D,S,T,2024-07-09,1000000.00,4.24589,100.0234375
08:00:30,91282CKW0,TSRYS5833263,D,S,T,2024-07-09,1000000.00,4.247196,100.015625
08:00:30,91282CKW0,TSRYS5833263,D,S,T,2024-07-09,1000000.00,4.248502,100.0078125
08:00:30,91282CKW0,TSRYS5833263,D,S,T,2024-07-09,1000000.00,4.248502,100.0078125
08:00:30,91282CKW0,TSRYS5833263,D,S,T,2024-07-09,2000000.00,4.249809,100.0
08:00:30,91282CKW0,TSRYS5833263,D,S,T,2024-07-09,1000000.00,4.249809,100.0
08:00:30,91282CKW0,TSRYS5833263,D,S,T,2024-07-09,1000000.00,4.249809,100.0
08:00:30,91282CKW0,TSRYS5833263,D,S,T,2024-07-09,1000000.00,4.248502,100.0078125
08:00:30,91282CKW0,TSRYS5833263,D,S,T,2024-07-09,1000000.00,4.247196,100.015625
08:00:30,91282CKW0,TSRYS5833263,D,S,T,2024-07-09,1000000.00,4.24589,100.0234375
08:00:30,91282CKW0,TSRYS5833263,D,S,T,2024-07-09,1000000.00,4.244584,100.03125
08:00:30,91282CKW0,TSRYS5833263,D,S,T,2024-07-09,1000000.00,4.24589,100.0234375
08:00:30,91282CKW0,TSRYS5833263,D,S,T,2024-07-09,1000000.00,4.24589,100.0234375
08:00:30,91282CKW0,TSRYS5833263,D,S,T,2024-07-09,1000000.00,4.24589,100.0234375
08:00:30,91282CKW0,TSRYS5833263,D,S,T,2024-07-09,1000000.00,4.24589,100.0234375
08:00:30,91282CKW0,TSRYS5833263,D,S,T,2024-07-09,1000000.00,4.24589,100.0234375
08:00:30,91282CKW0,TSRYS5833263,D,S,T,2024-07-09,2000000.00,4.247196,100.015625
08:00:30,91282CKW0,TSRYS5833263,D,S,T,2024-07-09,1000000.00,4.247196,100.015625
08:00:30,91282CKW0,TSRYS5833263,D,S,T,2024-07-09,1000000.00,4.24589,100.0234375
08:00:30,91282CKW0,TSRYS5833263,D,S,T,2024-07-09,1000000.00,4.24589,100.0234375
08:00:30,91282CKW0,TSRYS5833263,D,S,T,2024-07-09,1000000.00,4.24589,100.0234375
08:00:30,91282CKW0,TSRYS5833263,D,S,T,2024-07-09,1000000.00,4.24589,100.0234375
08:00:30,91282CKW0,TSRYS5833263,D,S,T,2024-07-09,1000000.00,4.24589,100.0234375
08:00:30,91282CKW0,TSRYS5833263,D,S,T,2024-07-09,1000000.00,4.246543,100.01953125
08:00:34,91282CKW0,TSRYS5833263,D,S,D,2024-07-09,1000000.00,4.24589,100.0234375
08:00:34,91282CKW0,TSRYS5833263,D,S,T,2024-07-09,1000000.00,4.24687,100.017578125
08:00:34,91282CKW0,TSRYS5833263,D,S,T,2024-07-09,1000000.00,4.24589,100.0234375
08:00:34,91282CKW0,TSRYS5833263,D,S,T,2024-07-09,1000000.00,4.247196,100.015625
08:00:34,91282CKW0,TSRYS5833263,D,S,T,2024-07-09,1000000.00,4.244584,100.03125
08:00:34,91282CKW0,TSRYS5833263,D,S,T,2024-07-09,1000000.00,4.244584,100.03125
08:00:34,91282CKW0,TSRYS5833263,D,S,T,2024-07-09,1000000.00,4.24589,100.0234375
08:00:34,91282CKW0,TSRYS5833263,D,S,T,2024-07-09,1000000.00,4.24589,100.0234375
08:00:34,91282CKW0,TSRYS5833263,D,S,T,2024-07-09,1000000.00,4.249155,100.00390625
08:00:34,91282CKW0,TSRYS5833263,D,S,T,2024-07-09,1000000.00,4.249155,100.00390625
08:00:34,91282CKW0,TSRYS5833263,D,S,T,2024-07-09,1000000.00,4.249155,100.00390625
08:00:34,91282CKW0,TSRYS5833263,D,S,T,2024-07-09,1000000.00,4.249809,100.0
08:00:34,91282CKW0,TSRYS5833263,D,S,T,2024-07-09,1000000.00,4.249155,100.00390625
08:00:34,91282CKW0,TSRYS5833263,D,S,T,2024-07-09,1000000.00,4.24589,100.0234375
08:00:34,91282CKW0,TSRYS5833263,D,S,T,2024-07-09,1000000.00,4.243278,100.0390625
08:00:34,91282CKW0,TSRYS5833263,D,S,T,2024-07-09,1000000.00,4.243278,100.0390625
08:00:34,91282CKW0,TSRYS5833263,D,S,T,2024-07-09,1000000.00,4.243278,100.0390625
08:00:34,91282CKW0,TSRYS5833263,D,S,T,2024-07-09,1000000.00,4.243278,100.0390625
08:00:34,91282CKW0,TSRYS5833263,D,S,T,2024-07-09,1000000.00,4.241973,100.046875
08:00:34,91282CKW0,TSRYS5833263,D,S,T,2024-07-09,1000000.00,4.240667,100.0546875
08:00:34,91282CKW0,TSRYS5833263,D,S,T,2024-07-09,1000000.00,4.239688,100.060546875
08:00:34,91282CKW0,TSRYS5833263,D,S,T,2024-07-09,1000000.00,4.239362,100.0625
08:00:34,91282CKW0,TSRYS5833263,D,S,T,2024-07-09,1000000.00,4.239362,100.0625
08:00:34,91282CKW0,TSRYS5833263,D,S,T,2024-07-09,1000000.00,4.240015,100.05859375
08:00:34,91282CKW0,TSRYS5833263,D,S,T,2024-07-09,1000000.00,4.240015,100.05859375
08:00:34,91282CKW0,TSRYS5833263,D,S,T,2024-07-09,1000000.00,4.240015,100.05859375
08:00:34,91282CKW0,TSRYS5833263,D,S,T,2024-07-09,1000000.00,4.241973,100.046875
08:00:34,91282CKW0,TSRYS5833263,D,S,T,2024-07-09,1000000.00,4.241973,100.046875
08:00:34,91282CKW0,TSRYS5833263,D,S,T,2024-07-09,1000000.00,4.241973,100.046875
08:00:34,91282CKW0,TSRYS5833263,D,S,T,2024-07-09,1000000.00,4.244584,100.03125
08:00:34,91282CKW0,TSRYS5833263,D,S,T,2024-07-09,1000000.00,4.244584,100.03125
08:00:34,91282CKW0,TSRYS5833263,D,S,T,2024-07-09,1000000.00,4.240667,100.0546875
08:00:34,91282CKW0,TSRYS5833263,D,S,T,2024-07-09,1000000.00,4.240667,100.0546875
08:00:34,91282CKW0,TSRYS5833263,D,S,T,2024-07-09,1000000.00,4.240994,100.052734375
08:00:34,91282CKW0,TSRYS5833263,D,S,T,2024-07-09,1000000.00,4.24132,100.05078125
08:00:34,91282CKW0,TSRYS5833263,D,S,T,2024-07-09,1000000.00,4.241973,100.046875
08:00:34,91282CKW0,TSRYS5833263,D,S,T,2024-07-09,1000000.00,4.241973,100.046875
08:00:34,91282CKW0,TSRYS5833263,D,S,T,2024-07-09,1000000.00,4.240667,100.0546875
08:00:34,91282CKW0,TSRYS5833263,D,S,T,2024-07-09,1000000.00,4.241646,100.048828125
08:00:34,91282CKW0,TSRYS5833263,D,S,T,2024-07-09,1000000.00,4.241646,100.048828125
08:00:34,91282CKW0,TSRYS5833263,D,S,T,2024-07-09,1000000.00,4.244584,100.03125
08:00:34,91282CKW0,TSRYS5833263,D,S,D,2024-07-09,1000000.00,4.241973,100.046875
08:00:34,91282CKW0,TSRYS5833263,D,S,D,2024-07-09,1000000.00,4.241973,100.046875
08:00:34,91282CKW0,TSRYS5833263,D,S,T,2024-07-09,1000000.00,4.244584,100.03125
08:00:34,91282CKW0,TSRYS5833263,D,S,T,2024-07-09,1000000.00,4.24589,100.0234375
08:00:34,91282CKW0,TSRYS5833263,D,S,T,2024-07-09,1000000.00,4.244584,100.03125
08:00:34,91282CKW0,TSRYS5833263,D,S,T,2024-07-09,1000000.00,4.24589,100.0234375
08:00:34,91282CKW0,TSRYS5833263,D,S,T,2024-07-09,1000000.00,4.245564,100.025390625
08:00:34,91282CKW0,TSRYS5833263,D,S,T,2024-07-09,1000000.00,4.245564,100.025390625
08:00:34,91282CKW0,TSRYS5833263,D,S,T,2024-07-09,2000000.00,4.245564,100.025390625
08:00:34,91282CKW0,TSRYS5833263,D,S,T,2024-07-09,1000000.00,4.248502,100.0078125
08:00:34,91282CKW0,TSRYS5833263,D,S,T,2024-07-09,1000000.00,4.248502,100.0078125
08:00:34,91282CKW0,TSRYS5833263,D,S,T,2024-07-09,2000000.00,4.248502,100.0078125
08:00:34,91282CKW0,TSRYS5833263,D,S,T,2024-07-09,1000000.00,4.248502,100.0078125
08:00:34,91282CKW0,TSRYS5833263,D,S,T,2024-07-09,1000000.00,4.248502,100.0078125
08:00:34,91282CKW0,TSRYS5833263,D,S,T,2024-07-09,1000000.00,4.248502,100.0078125
08:00:34,91282CKW0,TSRYS5833263,D,S,T,2024-07-09,1000000.00,4.248502,100.0078125
08:00:34,91282CKW0,TSRYS5833263,D,S,T,2024-07-09,1000000.00,4.247196,100.015625
08:00:34,91282CKW0,TSRYS5833263,D,S,T,2024-07-09,1000000.00,4.247196,100.015625
08:00:34,91282CKW0,TSRYS5833263,D,S,T,2024-07-09,1000000.00,4.244584,100.03125
08:00:34,91282CKW0,TSRYS5833263,D,S,T,2024-07-09,1000000.00,4.24589,100.0234375
08:00:34,91282CKW0,TSRYS5833263,D,S,T,2024-07-09,1000000.00,4.251115,99.9921875
08:00:34,91282CKW0,TSRYS5833263,D,S,T,2024-07-09,1000000.00,4.252421,99.984375
08:00:34,91282CKW0,TSRYS5833263,D,S,T,2024-07-09,1000000.00,4.251442,99.990234375
08:00:34,91282CKW0,TSRYS5833263,D,S,T,2024-07-09,1000000.00,4.251115,99.9921875
08:00:34,91282CKW0,TSRYS5833263,D,S,T,2024-07-09,1000000.00,4.252421,99.984375
08:00:34,91282CKW0,TSRYS5833263,D,S,T,2024-07-09,1000000.00,4.252748,99.982421875
08:00:34,91282CKW0,TSRYS5833263,D,S,T,2024-07-09,1000000.00,4.252421,99.984375
08:00:34,91282CKW0,TSRYS5833263,D,S,T,2024-07-09,1000000.00,4.255035,99.96875
08:00:34,91282CKW0,TSRYS5833263,D,S,T,2024-07-09,1000000.00,4.255035,99.96875
08:00:34,91282CKW0,TSRYS5833263,D,S,T,2024-07-09,3000000.00,4.253075,99.98046875
08:00:34,91282CKW0,TSRYS5833263,D,S,T,2024-07-09,2000000.00,4.253075,99.98046875
08:00:34,91282CKW0,TSRYS5833263,D,S,T,2024-07-09,1000000.00,4.253075,99.98046875
08:00:34,91282CKW0,TSRYS5833263,D,S,T,2024-07-09,2000000.00,4.253075,99.98046875
08:00:34,91282CKW0,TSRYS5833263,D,S,T,2024-07-09,1000000.00,4.253075,99.98046875
08:00:34,91282CKW0,TSRYS5833263,D,S,T,2024-07-09,1000000.00,4.253075,99.98046875
08:00:34,91282CKW0,TSRYS5833263,D,S,T,2024-07-09,2000000.00,4.253075,99.98046875
08:00:34,91282CKW0,TSRYS5833263,D,S,T,2024-07-09,1000000.00,4.253075,99.98046875
08:00:34,91282CKW0,TSRYS5833263,D,S,T,2024-07-09,1000000.00,4.253075,99.98046875
08:00:34,91282CKW0,TSRYS5833263,D,S,T,2024-07-09,1000000.00,4.253401,99.978515625
08:00:34,91282CKW0,TSRYS5833263,D,S,T,2024-07-09,1000000.00,4.255035,99.96875
08:00:34,91282CKW0,TSRYS5833263,D,S,T,2024-07-09,1000000.00,4.255035,99.96875
08:00:34,91282CKW0,TSRYS5833263,D,S,T,2024-07-09,1000000.00,4.253075,99.98046875
08:00:34,91282CKW0,TSRYS5833263,D,S,T,2024-07-09,1000000.00,4.253075,99.98046875
08:00:34,91282CKW0,TSRYS5833263,D,S,T,2024-07-09,1000000.00,4.253075,99.98046875
08:00:34,91282CKW0,TSRYS5833263,D,S,T,2024-07-09,1000000.00,4.253075,99.98046875
08:00:34,91282CKW0,TSRYS5833263,D,S,T,2024-07-09,1000000.00,4.253075,99.98046875
08:00:34,91282CKW0,TSRYS5833263,D,S,T,2024-07-09,1000000.00,4.253728,99.9765625
08:00:34,91282CKW0,TSRYS5833263,D,S,T,2024-07-09,1000000.00,4.255035,99.96875
08:00:34,91282CKW0,TSRYS5833263,D,S,T,2024-07-09,1000000.00,4.256342,99.9609375
08:00:34,91282CKW0,TSRYS5833263,D,S,T,2024-07-09,1000000.00,4.256342,99.9609375
08:00:34,91282CKW0,TSRYS5833263,D,S,T,2024-07-09,1000000.00,4.257649,99.953125
08:00:34,91282CKW0,TSRYS5833263,D,S,T,2024-07-09,1000000.00,4.257649,99.953125
08:00:34,91282CKW0,TSRYS5833263,D,S,T,2024-07-09,1000000.00,4.257649,99.953125
08:00:34,91282CKW0,TSRYS5833263,D,S,T,2024-07-09,1000000.00,4.257649,99.953125
08:00:34,91282CKW0,TSRYS5833263,D,S,T,2024-07-09,1000000.00,4.257649,99.953125
08:00:34,91282CKW0,TSRYS5833263,D,S,T,2024-07-09,1000000.00,4.257649,99.953125
08:00:34,91282CKW0,TSRYS5833263,D,S,T,2024-07-09,1000000.00,4.257649,99.953125
08:00:34,91282CKW0,TSRYS5833263,D,S,T,2024-07-09,1000000.00,4.257649,99.953125
08:00:34,91282CKW0,TSRYS5833263,D,S,T,2024-07-09,1000000.00,4.257649,99.953125
08:00:34,91282CKW0,TSRYS5833263,D,S,T,2024-07-09,1000000.00,4.257649,99.953125
08:00:34,91282CKW0,TSRYS5833263,D,S,T,2024-07-09,3000000.00,4.257649,99.953125
08:00:34,91282CKW0,TSRYS5833263,D,S,T,2024-07-09,1000000.00,4.257649,99.953125
08:00:34,91282CKW0,TSRYS5833263,D,S,T,2024-07-09,1000000.00,4.257649,99.953125
08:00:34,91282CKW0,TSRYS5833263,D,S,T,2024-07-09,1000000.00,4.257649,99.953125
08:00:34,91282CKW0,TSRYS5833263,D,S,T,2024-07-09,1000000.00,4.257649,99.953125
08:00:34,91282CKW0,TSRYS5833263,D,S,T,2024-07-09,1000000.00,4.257649,99.953125
08:00:34,91282CKW0,TSRYS5833263,D,S,T,2024-07-09,1000000.00,4.257649,99.953125
08:00:34,91282CKW0,TSRYS5833263,D,S,T,2024-07-09,1000000.00,4.257649,99.953125
08:00:34,91282CKW0,TSRYS5833263,D,S,T,2024-07-09,2000000.00,4.257649,99.953125
08:00:34,91282CKW0,TSRYS5833263,D,S,T,2024-07-09,2000000.00,4.257649,99.953125
08:00:34,91282CKW0,TSRYS5833263,D,S,T,2024-07-09,2000000.00,4.257649,99.953125
08:00:34,91282CKW0,TSRYS5833263,D,S,T,2024-07-09,2000000.00,4.257649,99.953125
08:00:34,91282CKW0,TSRYS5833263,D,S,T,2024-07-09,1000000.00,4.253728,99.9765625
08:00:34,91282CKW0,TSRYS5833263,D,S,T,2024-07-09,1000000.00,4.252421,99.984375
08:00:34,91282CKW0,TSRYS5833263,D,S,T,2024-07-09,1000000.00,4.252421,99.984375
08:00:34,91282CKW0,TSRYS5833263,D,S,T,2024-07-09,1000000.00,4.253728,99.9765625
08:00:34,91282CKW0,TSRYS5833263,D,S,T,2024-07-09,2000000.00,4.253728,99.9765625
08:00:34,91282CKW0,TSRYS5833263,D,S,T,2024-07-09,2000000.00,4.253728,99.9765625
08:00:34,91282CKW0,TSRYS5833263,D,S,T,2024-07-09,2000000.00,4.253728,99.9765625
08:00:34,91282CKW0,TSRYS5833263,D,S,T,2024-07-09,1000000.00,4.253728,99.9765625
08:00:34,91282CKW0,TSRYS5833263,D,S,T,2024-07-09,1000000.00,4.253728,99.9765625
08:00:34,91282CKW0,TSRYS5833263,D,S,T,2024-07-09,1000000.00,4.253728,99.9765625
08:00:34,91282CKW0,TSRYS5833263,D,S,T,2024-07-09,1000000.00,4.253728,99.9765625
08:00:34,91282CKW0,TSRYS5833263,D,S,T,2024-07-09,2000000.00,4.253728,99.9765625
08:00:34,91282CKW0,TSRYS5833263,D,S,T,2024-07-09,1000000.00,4.255035,99.96875
08:00:34,91282CKW0,TSRYS5833263,D,S,D,2024-07-09,1000000.00,4.241973,100.046875
08:00:34,91282CKW0,TSRYS5833263,D,S,D,2024-07-09,1000000.00,4.241646,100.048828125
08:00:34,91282CKW0,TSRYS5833263,D,S,D,2024-07-09,1000000.00,4.234141,100.09375
08:00:34,91282CKW0,TSRYS5833263,D,S,D,2024-07-09,1000000.00,4.234794,100.08984375
08:00:34,91282CKW0,TSRYS5833263,D,S,D,2024-07-09,1000000.00,4.236425,100.080078125
08:00:34,91282CKW0,TSRYS5833263,D,S,D,2024-07-09,1000000.00,4.234467,100.091796875
08:00:34,91282CKW0,TSRYS5833263,D,S,D,2024-07-09,1000000.00,4.234141,100.09375
08:00:34,91282CKW0,TSRYS5833263,D,S,D,2024-07-09,1000000.00,4.234141,100.09375
08:00:34,91282CKW0,TSRYS5833263,D,S,D,2024-07-09,1000000.00,4.234141,100.09375
08:00:34,91282CKW0,TSRYS5833263,D,S,D,2024-07-09,1000000.00,4.234141,100.09375
08:00:34,91282CKW0,TSRYS5833263,D,S,D,2024-07-09,1000000.00,4.234141,100.09375
08:00:34,91282CKW0,TSRYS5833263,D,S,D,2024-07-09,1000000.00,4.234141,100.09375
08:00:34,91282CKW0,TSRYS5833263,D,S,D,2024-07-09,1000000.00,4.234141,100.09375
08:00:34,91282CKW0,TSRYS5833263,D,S,D,2024-07-09,1000000.00,4.234141,100.09375
08:00:34,91282CKW0,TSRYS5833263,D,S,D,2024-07-09,1000000.00,4.234141,100.09375
08:00:34,91282CKW0,TSRYS5833263,D,S,D,2024-07-09,1000000.00,4.234141,100.09375
08:00:34,91282CKW0,TSRYS5833263,D,S,D,2024-07-09,1000000.00,4.231532,100.109375
08:00:34,91282CKW0,TSRYS5833263,D,S,D,2024-07-09,1000000.00,4.231532,100.109375
08:00:34,91282CKW0,TSRYS5833263,D,S,D,2024-07-09,1000000.00,4.231858,100.107421875
08:00:34,91282CKW0,TSRYS5833263,D,S,D,2024-07-09,1000000.00,4.231532,100.109375
08:00:34,91282CKW0,TSRYS5833263,D,S,D,2024-07-09,1000000.00,4.231858,100.107421875
08:00:34,91282CKW0,TSRYS5833263,D,S,D,2024-07-09,1000000.00,4.239035,100.064453125
08:00:34,91282CKW0,TSRYS5833263,D,S,D,2024-07-09,1000000.00,4.239035,100.064453125
08:00:34,91282CKW0,TSRYS5833263,D,S,D,2024-07-09,1000000.00,4.240015,100.05859375
08:00:34,91282CKW0,TSRYS5833263,D,S,D,2024-07-09,1000000.00,4.240015,100.05859375
08:00:34,91282CKW0,TSRYS5833263,D,S,D,2024-07-09,1000000.00,4.240015,100.05859375
08:00:34,91282CKW0,TSRYS5833263,D,S,D,2024-07-09,1000000.00,4.238383,100.068359375
08:00:34,91282CKW0,TSRYS5833263,D,S,D,2024-07-09,1000000.00,4.243605,100.037109375
08:00:34,91282CKW0,TSRYS5833263,D,S,D,2024-07-09,1000000.00,4.247196,100.015625
08:00:34,91282CKW0,TSRYS5833263,D,S,D,2024-07-09,1000000.00,4.246543,100.01953125
08:00:34,91282CKW0,TSRYS5833263,D,S,D,2024-07-09,1000000.00,4.241646,100.048828125
08:00:34,91282CKW0,TSRYS5833263,D,S,D,2024-07-09,1000000.00,4.24589,100.0234375
08:00:34,91282CKW0,TSRYS5833263,D,S,D,2024-07-09,1000000.00,4.250788,99.994140625
08:00:34,91282CKW0,TSRYS5833263,D,S,D,2024-07-09,1000000.00,4.255035,99.96875
08:00:34,91282CKW0,TSRYS5833263,D,S,D,2024-07-09,1000000.00,4.255035,99.96875
08:00:34,91282CKW0,TSRYS5833263,D,S,D,2024-07-09,1000000.00,4.255035,99.96875
08:00:34,91282CKW0,TSRYS5833263,D,S,D,2024-07-09,1000000.00,4.255362,99.966796875
08:00:34,91282CKW0,TSRYS5833263,D,S,D,2024-07-09,1000000.00,4.255035,99.96875
08:00:34,91282CKW0,TSRYS5833263,D,S,D,2024-07-09,1000000.00,4.255035,99.96875
08:00:34,91282CKW0,TSRYS5833263,D,S,D,2024-07-09,1000000.00,4.253401,99.978515625
08:00:34,91282CKW0,TSRYS5833263,D,S,D,2024-07-09,1000000.00,4.258302,99.94921875
08:00:34,91282CKW0,TSRYS5833263,D,S,D,2024-07-09,1000000.00,4.256015,99.962890625
08:00:34,91282CKW0,TSRYS5833263,D,S,D,2024-07-09,1000000.00,4.253401,99.978515625
08:00:34,91282CKW0,TSRYS5833263,D,S,D,2024-07-09,1000000.00,4.24132,100.05078125
08:00:34,91282CKW0,TSRYS5833263,D,S,D,2024-07-09,1000000.00,4.24132,100.05078125
08:00:34,91282CKW0,TSRYS5833263,D,S,D,2024-07-09,1000000.00,4.241973,100.046875
08:00:34,91282CKW0,TSRYS5833263,D,S,D,2024-07-09,1000000.00,4.234141,100.09375
08:00:34,91282CKW0,TSRYS5833263,D,S,D,2024-07-09,1000000.00,4.234141,100.09375
08:00:34,91282CKW0,TSRYS5833263,D,S,D,2024-07-09,1000000.00,4.234141,100.09375
08:00:34,91282CKW0,TSRYS5833263,D,S,D,2024-07-09,1000000.00,4.234141,100.09375
08:00:34,91282CKW0,TSRYS5833263,D,S,D,2024-07-09,1000000.00,4.234141,100.09375
08:00:34,91282CKW0,TSRYS5833263,D,S,D,2024-07-09,1000000.00,4.236425,100.080078125
08:00:34,91282CKW0,TSRYS5833263,D,S,D,2024-07-09,1000000.00,4.236751,100.078125
08:00:34,91282CKW0,TSRYS5833263,D,S,D,2024-07-09,1000000.00,4.236425,100.080078125
08:00:34,91282CKW0,TSRYS5833263,D,S,D,2024-07-09,1000000.00,4.236425,100.080078125
08:00:34,91282CKW0,TSRYS5833263,D,S,D,2024-07-09,1000000.00,4.236425,100.080078125
08:00:34,91282CKW0,TSRYS5833263,D,S,D,2024-07-09,1000000.00,4.235446,100.0859375
08:00:34,91282CKW0,TSRYS5833263,D,S,D,2024-07-09,1000000.00,4.234141,100.09375
08:00:34,91282CKW0,TSRYS5833263,D,S,D,2024-07-09,1000000.00,4.234141,100.09375
08:00:34,91282CKW0,TSRYS5833263,D,S,D,2024-07-09,1000000.00,4.234141,100.09375
08:00:34,91282CKW0,TSRYS5833263,D,S,D,2024-07-09,1000000.00,4.234141,100.09375
08:00:34,91282CKW0,TSRYS5833263,D,S,D,2024-07-09,1000000.00,4.234141,100.09375
08:00:34,91282CKW0,TSRYS5833263,D,S,D,2024-07-09,1000000.00,4.234141,100.09375
08:00:34,91282CKW0,TSRYS5833263,D,S,D,2024-07-09,1000000.00,4.234141,100.09375
08:00:34,91282CKW0,TSRYS5833263,D,S,D,2024-07-09,1000000.00,4.234141,100.09375
08:00:34,91282CKW0,TSRYS5833263,D,S,D,2024-07-09,1000000.00,4.234141,100.09375
08:00:34,91282CKW0,TSRYS5833263,D,S,D,2024-07-09,1000000.00,4.234141,100.09375
08:00:34,91282CKW0,TSRYS5833263,D,S,D,2024-07-09,1000000.00,4.234141,100.09375
08:00:34,91282CKW0,TSRYS5833263,D,S,D,2024-07-09,1000000.00,4.234141,100.09375
08:00:34,91282CKW0,TSRYS5833263,D,S,D,2024-07-09,1000000.00,4.231532,100.109375
08:00:34,91282CKW0,TSRYS5833263,D,S,D,2024-07-09,1000000.00,4.231532,100.109375
08:00:34,91282CKW0,TSRYS5833263,D,S,D,2024-07-09,1000000.00,4.231532,100.109375
08:00:34,91282CKW0,TSRYS5833263,D,S,D,2024-07-09,1000000.00,4.231532,100.109375
08:00:34,91282CKW0,TSRYS5833263,D,S,D,2024-07-09,2000000.00,4.230879,100.11328125
08:00:34,91282CKW0,TSRYS5833263,D,S,D,2024-07-09,1000000.00,4.230879,100.11328125
08:00:34,91282CKW0,TSRYS5833263,D,S,D,2024-07-09,1000000.00,4.230879,100.11328125
08:00:34,91282CKW0,TSRYS5833263,D,S,D,2024-07-09,1000000.00,4.230879,100.11328125
08:00:34,91282CKW0,TSRYS5833263,D,S,D,2024-07-09,1000000.00,4.230879,100.11328125
08:00:34,91282CKW0,TSRYS5833263,D,S,D,2024-07-09,1000000.00,4.230879,100.11328125
08:00:34,91282CKW0,TSRYS5833263,D,S,D,2024-07-09,1000000.00,4.232184,100.10546875
08:00:34,91282CKW0,TSRYS5833263,D,S,D,2024-07-09,1000000.00,4.231858,100.107421875
08:00:34,91282CKW0,TSRYS5833263,D,S,D,2024-07-09,1000000.00,4.231858,100.107421875
08:00:34,91282CKW0,TSRYS5833263,D,S,D,2024-07-09,1000000.00,4.231858,100.107421875
08:00:34,91282CKW0,TSRYS5833263,D,S,D,2024-07-09,1000000.00,4.231858,100.107421875
08:00:34,91282CKW0,TSRYS5833263,D,S,D,2024-07-09,1000000.00,4.231532,100.109375
08:00:34,91282CKW0,TSRYS5833263,D,S,D,2024-07-09,1000000.00,4.231858,100.107421875
08:00:34,91282CKW0,TSRYS5833263,D,S,D,2024-07-09,1000000.00,4.239035,100.064453125
08:00:34,91282CKW0,TSRYS5833263,D,S,D,2024-07-09,1000000.00,4.239035,100.064453125
08:00:34,91282CKW0,TSRYS5833263,D,S,D,2024-07-09,1000000.00,4.239035,100.064453125
08:00:34,91282CKW0,TSRYS5833263,D,S,D,2024-07-09,1000000.00,4.239035,100.064453125
08:00:34,91282CKW0,TSRYS5833263,D,S,D,2024-07-09,1000000.00,4.239362,100.0625
08:00:34,91282CKW0,TSRYS5833263,D,S,D,2024-07-09,1000000.00,4.239035,100.064453125
08:00:34,91282CKW0,TSRYS5833263,D,S,D,2024-07-09,1000000.00,4.239035,100.064453125
08:00:34,91282CKW0,TSRYS5833263,D,S,D,2024-07-09,1000000.00,4.239035,100.064453125
08:00:34,91282CKW0,TSRYS5833263,D,S,D,2024-07-09,1000000.00,4.239035,100.064453125
08:00:34,91282CKW0,TSRYS5833263,D,S,D,2024-07-09,1000000.00,4.239035,100.064453125
08:00:34,91282CKW0,TSRYS5833263,D,S,D,2024-07-09,1000000.00,4.244584,100.03125
08:00:34,91282CKW0,TSRYS5833263,D,S,D,2024-07-09,1000000.00,4.243605,100.037109375
08:00:34,91282CKW0,TSRYS5833263,D,S,D,2024-07-09,1000000.00,4.243605,100.037109375
08:00:34,91282CKW0,TSRYS5833263,D,S,D,2024-07-09,1000000.00,4.244584,100.03125
08:00:34,91282CKW0,TSRYS5833263,D,S,D,2024-07-09,1000000.00,4.245564,100.025390625
08:00:34,91282CKW0,TSRYS5833263,D,S,D,2024-07-09,1000000.00,4.247196,100.015625
08:00:34,91282CKW0,TSRYS5833263,D,S,D,2024-07-09,2000000.00,4.247196,100.015625
08:00:34,91282CKW0,TSRYS5833263,D,S,D,2024-07-09,1000000.00,4.247196,100.015625
08:00:34,91282CKW0,TSRYS5833263,D,S,D,2024-07-09,1000000.00,4.246217,100.021484375
08:00:34,91282CKW0,TSRYS5833263,D,S,D,2024-07-09,3000000.00,4.24589,100.0234375
08:00:34,91282CKW0,TSRYS5833263,D,S,D,2024-07-09,3000000.00,4.245564,100.025390625
08:00:34,91282CKW0,TSRYS5833263,D,S,D,2024-07-09,3000000.00,4.24589,100.0234375
08:00:34,91282CKW0,TSRYS5833263,D,S,D,2024-07-09,2000000.00,4.246217,100.021484375
08:00:34,91282CKW0,TSRYS5833263,D,S,D,2024-07-09,1000000.00,4.246217,100.021484375
08:00:34,91282CKW0,TSRYS5833263,D,S,D,2024-07-09,3000000.00,4.246217,100.021484375
08:00:34,91282CKW0,TSRYS5833263,D,S,D,2024-07-09,1000000.00,4.24589,100.0234375
08:00:34,91282CKW0,TSRYS5833263,D,S,D,2024-07-09,2000000.00,4.248176,100.009765625
08:00:34,91282CKW0,TSRYS5833263,D,S,D,2024-07-09,1000000.00,4.24589,100.0234375
08:00:34,91282CKW0,TSRYS5833263,D,S,D,2024-07-09,1000000.00,4.24589,100.0234375
08:00:34,91282CKW0,TSRYS5833263,D,S,D,2024-07-09,1000000.00,4.248502,100.0078125
08:00:34,91282CKW0,TSRYS5833263,D,S,D,2024-07-09,2000000.00,4.248502,100.0078125
08:00:34,91282CKW0,TSRYS5833263,D,S,D,2024-07-09,1000000.00,4.253401,99.978515625
08:00:34,91282CKW0,TSRYS5833263,D,S,D,2024-07-09,1000000.00,4.251442,99.990234375
08:00:34,91282CKW0,TSRYS5833263,D,S,D,2024-07-09,1000000.00,4.251442,99.990234375
08:00:34,91282CKW0,TSRYS5833263,D,S,D,2024-07-09,1000000.00,4.251442,99.990234375
08:00:34,91282CKW0,TSRYS5833263,D,S,D,2024-07-09,1000000.00,4.251442,99.990234375
08:00:34,91282CKW0,TSRYS5833263,D,S,D,2024-07-09,1000000.00,4.253401,99.978515625
08:00:34,91282CKW0,TSRYS5833263,D,S,D,2024-07-09,1000000.00,4.253401,99.978515625
08:00:34,91282CKW0,TSRYS5833263,D,S,D,2024-07-09,1000000.00,4.253401,99.978515625
08:00:34,91282CKW0,TSRYS5833263,D,S,D,2024-07-09,2000000.00,4.253401,99.978515625
08:00:34,91282CKW0,TSRYS5833263,D,S,D,2024-07-09,2000000.00,4.253401,99.978515625
08:00:34,91282CKW0,TSRYS5833263,D,S,D,2024-07-09,1000000.00,4.255035,99.96875
08:00:34,91282CKW0,TSRYS5833263,D,S,D,2024-07-09,1000000.00,4.255035,99.96875
08:00:34,91282CKW0,TSRYS5833263,D,S,D,2024-07-09,1000000.00,4.255035,99.96875
08:00:34,91282CKW0,TSRYS5833263,D,S,D,2024-07-09,1000000.00,4.255035,99.96875
08:00:34,91282CKW0,TSRYS5833263,D,S,D,2024-07-09,1000000.00,4.255035,99.96875
08:00:34,91282CKW0,TSRYS5833263,D,S,D,2024-07-09,1000000.00,4.255035,99.96875
08:00:34,91282CKW0,TSRYS5833263,D,S,D,2024-07-09,1000000.00,4.255035,99.96875
08:00:34,91282CKW0,TSRYS5833263,D,S,D,2024-07-09,1000000.00,4.255035,99.96875
08:00:34,91282CKW0,TSRYS5833263,D,S,D,2024-07-09,2000000.00,4.255362,99.966796875
08:00:34,91282CKW0,TSRYS5833263,D,S,D,2024-07-09,2000000.00,4.255362,99.966796875
08:00:34,91282CKW0,TSRYS5833263,D,S,D,2024-07-09,1000000.00,4.255362,99.966796875
08:00:34,91282CKW0,TSRYS5833263,D,S,D,2024-07-09,1000000.00,4.255362,99.966796875
08:00:34,91282CKW0,TSRYS5833263,D,S,D,2024-07-09,1000000.00,4.255362,99.966796875
08:00:34,91282CKW0,TSRYS5833263,D,S,D,2024-07-09,1000000.00,4.255362,99.966796875
08:00:34,91282CKW0,TSRYS5833263,D,S,D,2024-07-09,1000000.00,4.255688,99.96484375
08:00:34,91282CKW0,TSRYS5833263,D,S,D,2024-07-09,2000000.00,4.255362,99.966796875
08:00:34,91282CKW0,TSRYS5833263,D,S,D,2024-07-09,1000000.00,4.255362,99.966796875
08:00:34,91282CKW0,TSRYS5833263,D,S,D,2024-07-09,1000000.00,4.255362,99.966796875
08:00:34,91282CKW0,TSRYS5833263,D,S,D,2024-07-09,1000000.00,4.255035,99.96875
08:00:34,91282CKW0,TSRYS5833263,D,S,T,2024-07-09,1000000.00,4.241973,100.046875
08:00:34,91282CKW0,TSRYS5833263,D,S,T,2024-07-09,1000000.00,4.241973,100.046875
08:00:34,91282CKW0,TSRYS5833263,D,S,T,2024-07-09,1000000.00,4.241973,100.046875
08:00:34,91282CKW0,TSRYS5833263,D,S,T,2024-07-09,1000000.00,4.241646,100.048828125
08:00:34,91282CKW0,TSRYS5833263,D,S,T,2024-07-09,1000000.00,4.24132,100.05078125
08:00:34,91282CKW0,TSRYS5833263,D,S,T,2024-07-09,1000000.00,4.240994,100.052734375
08:00:34,91282CKW0,TSRYS5833263,D,S,T,2024-07-09,1000000.00,4.24132,100.05078125
08:00:34,91282CKW0,TSRYS5833263,D,S,T,2024-07-09,1000000.00,4.24132,100.05078125
08:00:34,91282CKW0,TSRYS5833263,D,S,T,2024-07-09,1000000.00,4.24132,100.05078125
08:00:34,91282CKW0,TSRYS5833263,D,S,T,2024-07-09,1000000.00,4.24132,100.05078125
08:00:34,91282CKW0,TSRYS5833263,D,S,T,2024-07-09,1000000.00,4.24132,100.05078125
08:00:34,91282CKW0,TSRYS5833263,D,S,T,2024-07-09,1000000.00,4.239688,100.060546875
08:00:34,91282CKW0,TSRYS5833263,D,S,T,2024-07-09,1000000.00,4.239035,100.064453125
08:00:34,91282CKW0,TSRYS5833263,D,S,T,2024-07-09,1000000.00,4.239362,100.0625
08:00:34,91282CKW0,TSRYS5833263,D,S,T,2024-07-09,1000000.00,4.233815,100.095703125
08:00:34,91282CKW0,TSRYS5833263,D,S,T,2024-07-09,1000000.00,4.234141,100.09375
08:00:34,91282CKW0,TSRYS5833263,D,S,T,2024-07-09,1000000.00,4.234141,100.09375
08:00:34,91282CKW0,TSRYS5833263,D,S,T,2024-07-09,1000000.00,4.234141,100.09375
08:00:34,91282CKW0,TSRYS5833263,D,S,T,2024-07-09,1000000.00,4.234141,100.09375
08:00:34,91282CKW0,TSRYS5833263,D,S,T,2024-07-09,1000000.00,4.234141,100.09375
08:00:34,91282CKW0,TSRYS5833263,D,S,T,2024-07-09,1000000.00,4.236425,100.080078125
08:00:34,91282CKW0,TSRYS5833263,D,S,T,2024-07-09,1000000.00,4.236425,100.080078125
08:00:34,91282CKW0,TSRYS5833263,D,S,T,2024-07-09,1000000.00,4.236425,100.080078125
08:00:34,91282CKW0,TSRYS5833263,D,S,T,2024-07-09,1000000.00,4.236425,100.080078125
08:00:34,91282CKW0,TSRYS5833263,D,S,T,2024-07-09,1000000.00,4.234467,100.091796875
08:00:34,91282CKW0,TSRYS5833263,D,S,T,2024-07-09,1000000.00,4.234467,100.091796875
08:00:34,91282CKW0,TSRYS5833263,D,S,T,2024-07-09,1000000.00,4.234141,100.09375
08:00:34,91282CKW0,TSRYS5833263,D,S,T,2024-07-09,1000000.00,4.234141,100.09375
08:00:34,91282CKW0,TSRYS5833263,D,S,T,2024-07-09,1000000.00,4.234141,100.09375
08:00:34,91282CKW0,TSRYS5833263,D,S,T,2024-07-09,1000000.00,4.234141,100.09375
08:00:34,91282CKW0,TSRYS5833263,D,S,T,2024-07-09,1000000.00,4.234141,100.09375
08:00:34,91282CKW0,TSRYS5833263,D,S,T,2024-07-09,1000000.00,4.234141,100.09375
08:00:34,91282CKW0,TSRYS5833263,D,S,T,2024-07-09,1000000.00,4.234141,100.09375
08:00:34,91282CKW0,TSRYS5833263,D,S,T,2024-07-09,1000000.00,4.234141,100.09375
08:00:34,91282CKW0,TSRYS5833263,D,S,T,2024-07-09,1000000.00,4.234141,100.09375
08:00:34,91282CKW0,TSRYS5833263,D,S,T,2024-07-09,1000000.00,4.234141,100.09375
08:00:34,91282CKW0,TSRYS5833263,D,S,T,2024-07-09,1000000.00,4.234141,100.09375
08:00:34,91282CKW0,TSRYS5833263,D,S,T,2024-07-09,1000000.00,4.234141,100.09375
08:00:34,91282CKW0,TSRYS5833263,D,S,T,2024-07-09,1000000.00,4.234141,100.09375
08:00:34,91282CKW0,TSRYS5833263,D,S,T,2024-07-09,1000000.00,4.234141,100.09375
08:00:34,91282CKW0,TSRYS5833263,D,S,T,2024-07-09,1000000.00,4.234141,100.09375
08:00:34,91282CKW0,TSRYS5833263,D,S,T,2024-07-09,1000000.00,4.234141,100.09375
08:00:34,91282CKW0,TSRYS5833263,D,S,T,2024-07-09,1000000.00,4.234141,100.09375
08:00:34,91282CKW0,TSRYS5833263,D,S,T,2024-07-09,1000000.00,4.234141,100.09375
08:00:34,91282CKW0,TSRYS5833263,D,S,T,2024-07-09,1000000.00,4.234794,100.08984375
08:00:34,91282CKW0,TSRYS5833263,D,S,T,2024-07-09,1000000.00,4.234794,100.08984375
08:00:34,91282CKW0,TSRYS5833263,D,S,T,2024-07-09,1000000.00,4.231532,100.109375
08:00:34,91282CKW0,TSRYS5833263,D,S,T,2024-07-09,1000000.00,4.231532,100.109375
08:00:34,91282CKW0,TSRYS5833263,D,S,T,2024-07-09,1000000.00,4.231532,100.109375
08:00:34,91282CKW0,TSRYS5833263,D,S,T,2024-07-09,1000000.00,4.231532,100.109375
08:00:34,91282CKW0,TSRYS5833263,D,S,T,2024-07-09,1000000.00,4.231532,100.109375
08:00:34,91282CKW0,TSRYS5833263,D,S,T,2024-07-09,1000000.00,4.231532,100.109375
08:00:34,91282CKW0,TSRYS5833263,D,S,T,2024-07-09,1000000.00,4.231858,100.107421875
08:00:34,91282CKW0,TSRYS5833263,D,S,T,2024-07-09,1000000.00,4.231858,100.107421875
08:00:34,91282CKW0,TSRYS5833263,D,S,T,2024-07-09,1000000.00,4.231858,100.107421875
08:00:34,91282CKW0,TSRYS5833263,D,S,T,2024-07-09,1000000.00,4.231532,100.109375
08:00:34,91282CKW0,TSRYS5833263,D,S,T,2024-07-09,1000000.00,4.231532,100.109375
08:00:34,91282CKW0,TSRYS5833263,D,S,T,2024-07-09,1000000.00,4.231532,100.109375
08:00:34,91282CKW0,TSRYS5833263,D,S,T,2024-07-09,1000000.00,4.231532,100.109375
08:00:34,91282CKW0,TSRYS5833263,D,S,T,2024-07-09,1000000.00,4.239362,100.0625
08:00:34,91282CKW0,TSRYS5833263,D,S,T,2024-07-09,1000000.00,4.238709,100.06640625
08:00:34,91282CKW0,TSRYS5833263,D,S,T,2024-07-09,1000000.00,4.238709,100.06640625
08:00:34,91282CKW0,TSRYS5833263,D,S,T,2024-07-09,1000000.00,4.239362,100.0625
08:00:34,91282CKW0,TSRYS5833263,D,S,T,2024-07-09,1000000.00,4.238709,100.06640625
08:00:34,91282CKW0,TSRYS5833263,D,S,T,2024-07-09,1000000.00,4.238709,100.06640625
08:00:34,91282CKW0,TSRYS5833263,D,S,T,2024-07-09,1000000.00,4.240015,100.05859375
08:00:34,91282CKW0,TSRYS5833263,D,S,T,2024-07-09,1000000.00,4.240015,100.05859375
08:00:34,91282CKW0,TSRYS5833263,D,S,T,2024-07-09,1000000.00,4.240015,100.05859375
08:00:34,91282CKW0,TSRYS5833263,D,S,T,2024-07-09,1000000.00,4.240015,100.05859375
08:00:34,91282CKW0,TSRYS5833263,D,S,T,2024-07-09,1000000.00,4.240015,100.05859375
08:00:34,91282CKW0,TSRYS5833263,D,S,T,2024-07-09,1000000.00,4.240015,100.05859375
08:00:34,91282CKW0,TSRYS5833263,D,S,T,2024-07-09,1000000.00,4.240667,100.0546875
08:00:34,91282CKW0,TSRYS5833263,D,S,T,2024-07-09,1000000.00,4.240667,100.0546875
08:00:34,91282CKW0,TSRYS5833263,D,S,T,2024-07-09,1000000.00,4.240015,100.05859375
08:00:34,91282CKW0,TSRYS5833263,D,S,T,2024-07-09,1000000.00,4.241973,100.046875
08:00:34,91282CKW0,TSRYS5833263,D,S,T,2024-07-09,1000000.00,4.241973,100.046875
08:00:34,91282CKW0,TSRYS5833263,D,S,T,2024-07-09,1000000.00,4.241646,100.048828125
08:00:34,91282CKW0,TSRYS5833263,D,S,T,2024-07-09,1000000.00,4.240994,100.052734375
08:00:34,91282CKW0,TSRYS5833263,D,S,T,2024-07-09,1000000.00,4.24589,100.0234375
08:00:34,91282CKW0,TSRYS5833263,D,S,T,2024-07-09,1000000.00,4.244584,100.03125
08:00:34,91282CKW0,TSRYS5833263,D,S,T,2024-07-09,1000000.00,4.243605,100.037109375
08:00:34,91282CKW0,TSRYS5833263,D,S,T,2024-07-09,1000000.00,4.246543,100.01953125
08:00:34,91282CKW0,TSRYS5833263,D,S,T,2024-07-09,1000000.00,4.246543,100.01953125
08:00:34,91282CKW0,TSRYS5833263,D,S,T,2024-07-09,1000000.00,4.240667,100.0546875
08:00:34,91282CKW0,TSRYS5833263,D,S,T,2024-07-09,1000000.00,4.238056,100.0703125
08:00:34,91282CKW0,TSRYS5833263,D,S,T,2024-07-09,1000000.00,4.241646,100.048828125
08:00:34,91282CKW0,TSRYS5833263,D,S,T,2024-07-09,2000000.00,4.241646,100.048828125
08:00:34,91282CKW0,TSRYS5833263,D,S,T,2024-07-09,2000000.00,4.241646,100.048828125
08:00:34,91282CKW0,TSRYS5833263,D,S,T,2024-07-09,2000000.00,4.241646,100.048828125
08:00:34,91282CKW0,TSRYS5833263,D,S,T,2024-07-09,2000000.00,4.241646,100.048828125
08:00:34,91282CKW0,TSRYS5833263,D,S,T,2024-07-09,2000000.00,4.241646,100.048828125
08:00:34,91282CKW0,TSRYS5833263,D,S,T,2024-07-09,1000000.00,4.241646,100.048828125
08:00:34,91282CKW0,TSRYS5833263,D,S,T,2024-07-09,1000000.00,4.241646,100.048828125
08:00:34,91282CKW0,TSRYS5833263,D,S,T,2024-07-09,2000000.00,4.241646,100.048828125
08:00:34,91282CKW0,TSRYS5833263,D,S,T,2024-07-09,1000000.00,4.24589,100.0234375
08:00:34,91282CKW0,TSRYS5833263,D,S,T,2024-07-09,1000000.00,4.24589,100.0234375
08:00:34,91282CKW0,TSRYS5833263,D,S,T,2024-07-09,1000000.00,4.248176,100.009765625
08:00:34,91282CKW0,TSRYS5833263,D,S,T,2024-07-09,1000000.00,4.248502,100.0078125
08:00:34,91282CKW0,TSRYS5833263,D,S,T,2024-07-09,1000000.00,4.251442,99.990234375
08:00:34,91282CKW0,TSRYS5833263,D,S,T,2024-07-09,1000000.00,4.255035,99.96875
08:00:34,91282CKW0,TSRYS5833263,D,S,T,2024-07-09,1000000.00,4.255035,99.96875
08:00:34,91282CKW0,TSRYS5833263,D,S,T,2024-07-09,1000000.00,4.255035,99.96875
08:00:34,91282CKW0,TSRYS5833263,D,S,T,2024-07-09,1000000.00,4.255035,99.96875
08:00:34,91282CKW0,TSRYS5833263,D,S,T,2024-07-09,1000000.00,4.255035,99.96875
08:00:34,91282CKW0,TSRYS5833263,D,S,T,2024-07-09,1000000.00,4.255035,99.96875
08:00:34,91282CKW0,TSRYS5833263,D,S,T,2024-07-09,1000000.00,4.255035,99.96875
08:00:34,91282CKW0,TSRYS5833263,D,S,T,2024-07-09,1000000.00,4.255035,99.96875
08:00:34,91282CKW0,TSRYS5833263,D,S,T,2024-07-09,1000000.00,4.255035,99.96875
08:00:34,91282CKW0,TSRYS5833263,D,S,T,2024-07-09,1000000.00,4.255035,99.96875
08:00:34,91282CKW0,TSRYS5833263,D,S,T,2024-07-09,1000000.00,4.255035,99.96875
08:00:34,91282CKW0,TSRYS5833263,D,S,T,2024-07-09,1000000.00,4.256342,99.9609375
08:00:34,91282CKW0,TSRYS5833263,D,S,T,2024-07-09,1000000.00,4.256342,99.9609375
08:00:34,91282CKW0,TSRYS5833263,D,S,T,2024-07-09,2000000.00,4.256995,99.95703125
08:00:34,91282CKW0,TSRYS5833263,D,S,T,2024-07-09,1000000.00,4.256342,99.9609375
08:00:34,91282CKW0,TSRYS5833263,D,S,T,2024-07-09,1000000.00,4.256342,99.9609375
08:00:34,91282CKW0,TSRYS5833263,D,S,T,2024-07-09,1000000.00,4.253728,99.9765625
08:00:34,91282CKW0,TSRYS5833263,D,S,T,2024-07-09,1000000.00,4.253728,99.9765625
08:00:34,91282CKW0,TSRYS5833263,D,S,D,2024-07-09,1000000.00,4.240667,100.0546875
08:00:34,91282CKW0,TSRYS5833263,D,S,D,2024-07-09,1000000.00,4.240667,100.0546875
08:00:34,91282CKW0,TSRYS5833263,D,S,D,2024-07-09,1000000.00,4.240667,100.0546875
08:00:34,91282CKW0,TSRYS5833263,D,S,D,2024-07-09,1000000.00,4.240667,100.0546875
08:00:34,91282CKW0,TSRYS5833263,D,B,C,2024-07-09,1000000.00,4.239362,100.0625
08:00:34,91282CKW0,TSRYS5833263,D,S,D,2024-07-09,1000000.00,4.239362,100.0625
08:00:34,91282CKW0,TSRYS5833263,D,B,C,2024-07-09,1000000.00,4.239362,100.0625
08:00:34,91282CKW0,TSRYS5833263,D,S,D,2024-07-09,1000000.00,4.239362,100.0625
08:00:34,91282CKW0,TSRYS5833263,D,B,C,2024-07-09,1000000.00,4.239362,100.0625
08:00:34,91282CKW0,TSRYS5833263,D,S,D,2024-07-09,1000000.00,4.239362,100.0625
08:00:34,91282CKW0,TSRYS5833263,D,B,C,2024-07-09,1000000.00,4.239362,100.0625
08:00:34,91282CKW0,TSRYS5833263,D,S,D,2024-07-09,1000000.00,4.239362,100.0625
08:00:34,91282CKW0,TSRYS5833263,D,B,C,2024-07-09,1000000.00,4.239362,100.0625
08:00:34,91282CKW0,TSRYS5833263,D,S,D,2024-07-09,1000000.00,4.239362,100.0625
08:00:34,91282CKW0,TSRYS5833263,D,B,C,2024-07-09,1000000.00,4.239362,100.0625
08:00:34,91282CKW0,TSRYS5833263,D,S,D,2024-07-09,1000000.00,4.239362,100.0625
08:00:34,91282CKW0,TSRYS5833263,D,S,T,2024-07-09,1000000.00,4.244584,100.03125
08:00:34,91282CKW0,TSRYS5833263,D,S,D,2024-07-09,76000000.00,4.234141,100.09375
08:00:34,91282CKW0,TSRYS5833263,D,B,C,2024-07-09,1000000.00,4.239362,100.0625
08:00:34,91282CKW0,TSRYS5833263,D,S,D,2024-07-09,1000000.00,4.239362,100.0625
08:00:34,91282CKW0,TSRYS5833263,D,B,C,2024-07-09,1000000.00,4.239362,100.0625
08:00:34,91282CKW0,TSRYS5833263,D,S,D,2024-07-09,1000000.00,4.239362,100.0625
08:00:34,91282CKW0,TSRYS5833263,D,B,C,2024-07-09,1000000.00,4.239362,100.0625
08:00:34,91282CKW0,TSRYS5833263,D,S,D,2024-07-09,1000000.00,4.239362,100.0625
08:00:34,91282CKW0,TSRYS5833263,D,B,C,2024-07-09,1000000.00,4.239362,100.0625
08:00:34,91282CKW0,TSRYS5833263,D,S,D,2024-07-09,1000000.00,4.239362,100.0625
08:00:34,91282CKW0,TSRYS5833263,D,B,C,2024-07-09,4500000.00,4.255035,99.96875
08:00:34,91282CKW0,TSRYS5833263,D,B,A,2024-07-09,500000.00,4.247196,100.015625
08:00:34,91282CKW0,TSRYS5833263,D,S,T,2024-07-09,1000000.00,4.234141,100.09375
08:00:34,91282CKW0,TSRYS5833263,D,S,T,2024-07-09,1000000.00,4.234141,100.09375
08:00:34,91282CKW0,TSRYS5833263,D,S,T,2024-07-09,1000000.00,4.234141,100.09375
08:00:34,91282CKW0,TSRYS5833263,D,B,C,2024-07-09,1000000.00,4.239362,100.0625
08:00:34,91282CKW0,TSRYS5833263,D,S,D,2024-07-09,1000000.00,4.239362,100.0625
08:00:34,91282CKW0,TSRYS5833263,D,B,C,2024-07-09,1000000.00,4.239362,100.0625
08:00:34,91282CKW0,TSRYS5833263,D,S,D,2024-07-09,1000000.00,4.239362,100.0625
08:00:34,91282CKW0,TSRYS5833263,D,B,C,2024-07-09,1000000.00,4.239362,100.0625
08:00:34,91282CKW0,TSRYS5833263,D,S,D,2024-07-09,1000000.00,4.239362,100.0625
08:00:34,91282CKW0,TSRYS5833263,D,B,C,2024-07-09,1000000.00,4.239362,100.0625
08:00:34,91282CKW0,TSRYS5833263,D,S,D,2024-07-09,1000000.00,4.239362,100.0625
08:00:34,91282CKW0,TSRYS5833263,D,S,D,2024-07-09,1000000.00,4.239362,100.0625
08:00:34,91282CKW0,TSRYS5833263,D,B,C,2024-07-09,1000000.00,4.239362,100.0625
08:00:34,91282CKW0,TSRYS5833263,D,S,C,2024-07-09,1000000.00,4.240341,100.056640625
08:00:34,91282CKW0,TSRYS5833263,D,S,T,2024-07-09,1000000.00,4.231532,100.109375
08:00:34,91282CKW0,TSRYS5833263,D,S,T,2024-07-09,1000000.00,4.231532,100.109375
08:00:34,91282CKW0,TSRYS5833263,D,S,D,2024-07-09,1000000.00,4.231532,100.109375
08:00:34,91282CKW0,TSRYS5833263,D,S,T,2024-07-09,1000000.00,4.231532,100.109375
08:00:34,91282CKW0,TSRYS5833263,D,S,T,2024-07-09,1000000.00,4.231532,100.109375
08:00:34,91282CKW0,TSRYS5833263,D,S,D,2024-07-09,1000000.00,4.231532,100.109375
08:00:34,91282CKW0,TSRYS5833263,D,S,C,2024-07-09,1000000.00,4.240015,100.05859375
08:00:34,91282CKW0,TSRYS5833263,D,S,C,2024-07-09,1000000.00,4.240015,100.05859375
08:00:34,91282CKW0,TSRYS5833263,D,S,T,2024-07-09,1000000.00,4.231532,100.109375
08:00:34,91282CKW0,TSRYS5833263,D,S,T,2024-07-09,1000000.00,4.231532,100.109375
08:00:34,91282CKW0,TSRYS5833263,D,S,D,2024-07-09,1000000.00,4.231532,100.109375
08:00:34,91282CKW0,TSRYS5833263,D,S,C,2024-07-09,10000000.00,4.240015,100.05859375
08:00:34,91282CKW0,TSRYS5833263,D,S,T,2024-07-09,1000000.00,4.231532,100.109375
08:00:34,91282CKW0,TSRYS5833263,D,S,C,2024-07-09,1000000.00,4.240015,100.05859375
08:00:34,91282CKW0,TSRYS5833263,D,S,C,2024-07-09,1000000.00,4.240015,100.05859375
08:00:34,91282CKW0,TSRYS5833263,D,S,T,2024-07-09,1000000.00,4.231532,100.109375
08:00:34,91282CKW0,TSRYS5833263,D,S,T,2024-07-09,1000000.00,4.231532,100.109375
08:00:34,91282CKW0,TSRYS5833263,D,S,T,2024-07-09,1000000.00,4.231532,100.109375
08:00:34,91282CKW0,TSRYS5833263,D,S,T,2024-07-09,1000000.00,4.231532,100.109375
08:00:34,91282CKW0,TSRYS5833263,D,S,T,2024-07-09,1000000.00,4.231532,100.109375
08:00:34,91282CKW0,TSRYS5833263,D,S,T,2024-07-09,1000000.00,4.231532,100.109375
08:00:34,91282CKW0,TSRYS5833263,D,S,C,2024-07-09,2000000.00,4.239688,100.060546875
08:00:34,91282CKW0,TSRYS5833263,D,S,T,2024-07-09,1000000.00,4.231532,100.109375
08:00:34,91282CKW0,TSRYS5833263,D,S,D,2024-07-09,1000000.00,4.231532,100.109375
08:00:34,91282CKW0,TSRYS5833263,D,S,T,2024-07-09,1000000.00,4.231532,100.109375
08:00:34,91282CKW0,TSRYS5833263,D,S,T,2024-07-09,1000000.00,4.231532,100.109375
08:00:34,91282CKW0,TSRYS5833263,D,S,D,2024-07-09,1000000.00,4.231532,100.109375
08:00:34,91282CKW0,TSRYS5833263,D,S,D,2024-07-09,1000000.00,4.231532,100.109375
08:00:34,91282CKW0,TSRYS5833263,D,S,T,2024-07-09,1000000.00,4.231532,100.109375
08:00:34,91282CKW0,TSRYS5833263,D,S,D,2024-07-09,1000000.00,4.231532,100.109375
08:00:34,91282CKW0,TSRYS5833263,D,S,T,2024-07-09,1000000.00,4.231532,100.109375
08:00:34,91282CKW0,TSRYS5833263,D,S,T,2024-07-09,1000000.00,4.231532,100.109375
08:00:34,91282CKW0,TSRYS5833263,D,S,T,2024-07-09,1000000.00,4.231532,100.109375
08:00:34,91282CKW0,TSRYS5833263,D,S,T,2024-07-09,1000000.00,4.231532,100.109375
08:00:34,91282CKW0,TSRYS5833263,D,S,T,2024-07-09,1000000.00,4.231532,100.109375
08:00:34,91282CKW0,TSRYS5833263,D,S,T,2024-07-09,1000000.00,4.231532,100.109375
08:00:34,91282CKW0,TSRYS5833263,D,S,D,2024-07-09,1000000.00,4.231532,100.109375
08:00:34,91282CKW0,TSRYS5833263,D,S,T,2024-07-09,1000000.00,4.231532,100.109375
08:00:34,91282CKW0,TSRYS5833263,D,S,T,2024-07-09,1000000.00,4.231532,100.109375
08:00:34,91282CKW0,TSRYS5833263,D,S,T,2024-07-09,1000000.00,4.231532,100.109375
08:00:34,91282CKW0,TSRYS5833263,D,S,T,2024-07-09,1000000.00,4.231532,100.109375
08:00:34,91282CKW0,TSRYS5833263,D,S,T,2024-07-09,1000000.00,4.231532,100.109375
08:00:34,91282CKW0,TSRYS5833263,D,S,D,2024-07-09,1000000.00,4.231532,100.109375
08:00:34,91282CKW0,TSRYS5833263,D,S,D,2024-07-09,1000000.00,4.231532,100.109375
08:00:34,91282CKW0,TSRYS5833263,D,S,D,2024-07-09,1000000.00,4.231532,100.109375
08:00:34,91282CKW0,TSRYS5833263,D,S,T,2024-07-09,1000000.00,4.239362,100.0625
08:00:34,91282CKW0,TSRYS5833263,D,B,A,2024-07-09,3835000.00,4.238709,100.06640625
08:00:34,91282CKW0,TSRYS5833263,D,S,T,2024-07-09,1000000.00,4.239362,100.0625
08:00:34,91282CKW0,TSRYS5833263,D,S,T,2024-07-09,1000000.00,4.240667,100.0546875
08:00:34,91282CKW0,TSRYS5833263,D,S,T,2024-07-09,1000000.00,4.238056,100.0703125
08:00:34,91282CKW0,TSRYS5833263,D,S,D,2024-07-09,1000000.00,4.243278,100.0390625
08:00:34,91282CKW0,TSRYS5833263,D,S,A,2024-07-09,1000000.00,4.244584,100.03125
08:00:34,91282CKW0,TSRYS5833263,D,S,T,2024-07-09,1000000.00,4.24589,100.0234375
08:00:34,91282CKW0,TSRYS5833263,D,S,A,2024-07-09,6000000.00,4.246543,100.01953125
08:00:34,91282CKW0,TSRYS5833263,D,S,C,2024-07-09,9000000.00,4.235937,100.0829983
08:00:34,91282CKW0,TSRYS5833263,D,S,D,2024-07-09,4000000.00,4.248176,100.009765625
08:00:34,91282CKW0,TSRYS5833263,D,S,T,2024-07-09,1000000.00,4.255035,99.96875
08:00:34,91282CKW0,TSRYS5833263,D,S,T,2024-07-09,1000000.00,4.255035,99.96875
08:00:34,91282CKW0,TSRYS5833263,D,S,T,2024-07-09,1000000.00,4.255035,99.96875
08:00:34,91282CKW0,TSRYS5833263,D,S,T,2024-07-09,1000000.00,4.255035,99.96875
08:00:34,91282CKW0,TSRYS5833263,D,S,T,2024-07-09,1000000.00,4.255035,99.96875
08:00:34,91282CKW0,TSRYS5833263,D,S,T,2024-07-09,1000000.00,4.255035,99.96875
08:00:34,91282CKW0,TSRYS5833263,D,S,T,2024-07-09,1000000.00,4.255035,99.96875
08:00:34,91282CKW0,TSRYS5833263,D,S,T,2024-07-09,1000000.00,4.255035,99.96875
08:00:34,91282CKW0,TSRYS5833263,D,S,T,2024-07-09,1000000.00,4.255035,99.96875
08:00:34,91282CKW0,TSRYS5833263,D,S,T,2024-07-09,1000000.00,4.255035,99.96875
08:00:34,91282CKW0,TSRYS5833263,D,S,D,2024-07-09,1000000.00,4.255035,99.96875
08:00:34,91282CKW0,TSRYS5833263,D,S,T,2024-07-09,1000000.00,4.255035,99.96875
08:00:34,91282CKW0,TSRYS5833263,D,S,T,2024-07-09,1000000.00,4.255035,99.96875
08:00:34,91282CKW0,TSRYS5833263,D,S,T,2024-07-09,1000000.00,4.255035,99.96875
08:00:34,91282CKW0,TSRYS5833263,D,S,T,2024-07-09,1000000.00,4.255035,99.96875
08:00:34,91282CKW0,TSRYS5833263,D,S,T,2024-07-09,1000000.00,4.255035,99.96875
08:00:34,91282CKW0,TSRYS5833263,D,S,T,2024-07-09,1000000.00,4.255035,99.96875
08:00:34,91282CKW0,TSRYS5833263,D,S,T,2024-07-09,1000000.00,4.255035,99.96875
08:00:34,91282CKW0,TSRYS5833263,D,S,T,2024-07-09,1000000.00,4.255035,99.96875
08:00:34,91282CKW0,TSRYS5833263,D,S,T,2024-07-09,1000000.00,4.255035,99.96875
08:00:34,91282CKW0,TSRYS5833263,D,S,T,2024-07-09,2000000.00,4.255035,99.96875
08:00:34,91282CKW0,TSRYS5833263,D,S,T,2024-07-09,1000000.00,4.255035,99.96875
08:00:34,91282CKW0,TSRYS5833263,D,S,T,2024-07-09,1000000.00,4.253728,99.9765625
08:00:34,91282CKW0,TSRYS5833263,D,S,T,2024-07-09,1000000.00,4.254381,99.97265625
08:00:34,91282CKW0,TSRYS5833263,D,B,A,2024-07-09,2000000.00,4.255035,99.96875
08:00:34,91282CKW0,TSRYS5833263,D,B,A,2024-07-09,3000000.00,4.255362,99.966796875
08:00:34,91282CKW0,TSRYS5833263,D,B,A,2024-07-09,1000000.00,4.255688,99.96484375
08:00:34,91282CKW0,TSRYS5833263,D,B,A,2024-07-09,3000000.00,4.255362,99.966796875
08:00:34,91282CKW0,TSRYS5833263,D,B,A,2024-07-09,1000000.00,4.255688,99.96484375
08:00:34,91282CKW0,TSRYS5833263,D,B,A,2024-07-09,1000000.00,4.255688,99.96484375
08:00:34,91282CKW0,TSRYS5833263,D,B,A,2024-07-09,4000000.00,4.255688,99.96484375
08:00:34,91282CKW0,TSRYS5833263,D,B,A,2024-07-09,1000000.00,4.255688,99.96484375
08:00:34,91282CKW0,TSRYS5833263,D,B,A,2024-07-09,1000000.00,4.255688,99.96484375
08:00:34,91282CKW0,TSRYS5833263,D,B,A,2024-07-09,1000000.00,4.253728,99.9765625
08:00:34,91282CKW0,TSRYS5833263,D,B,A,2024-07-09,1000000.00,4.254381,99.97265625
08:00:34,91282CKW0,TSRYS5833263,D,B,A,2024-07-09,1000000.00,4.254381,99.97265625
08:00:34,91282CKW0,TSRYS5833263,D,B,A,2024-07-09,1000000.00,4.254381,99.97265625
08:00:34,91282CKW0,TSRYS5833263,D,B,A,2024-07-09,1000000.00,4.254381,99.97265625
08:00:34,91282CKW0,TSRYS5833263,D,B,A,2024-07-09,1000000.00,4.254381,99.97265625
08:00:34,91282CKW0,TSRYS5833263,D,B,A,2024-07-09,1000000.00,4.254381,99.97265625
08:00:34,91282CKW0,TSRYS5833263,D,B,A,2024-07-09,1000000.00,4.254381,99.97265625
08:00:34,91282CKW0,TSRYS5833263,D,B,A,2024-07-09,1000000.00,4.254381,99.97265625
08:00:34,91282CKW0,TSRYS5833263,D,B,A,2024-07-09,1000000.00,4.253728,99.9765625
08:00:34,91282CKW0,TSRYS5833263,D,B,A,2024-07-09,1000000.00,4.253728,99.9765625
08:00:34,91282CKW0,TSRYS5833263,D,B,A,2024-07-09,1000000.00,4.253728,99.9765625
08:00:34,91282CKW0,TSRYS5833263,D,S,D,2024-07-09,5000000.00,4.253728,99.9765625
08:00:34,91282CKW0,TSRYS5833263,D,S,T,2024-07-09,1000000.00,4.256995,99.95703125
08:00:34,91282CKW0,TSRYS5833263,D,S,D,2024-07-09,1000000.00,4.257649,99.953125
08:00:34,91282CKW0,TSRYS5833263,D,S,D,2024-07-09,1000000.00,4.257649,99.953125
08:00:34,91282CKW0,TSRYS5833263,D,S,D,2024-07-09,1000000.00,4.257649,99.953125
08:00:34,91282CKW0,TSRYS5833263,D,S,T,2024-07-09,1000000.00,4.257649,99.953125
08:00:34,91282CKW0,TSRYS5833263,D,S,T,2024-07-09,3000000.00,4.257649,99.953125
08:00:34,91282CKW0,TSRYS5833263,D,S,T,2024-07-09,1000000.00,4.257649,99.953125
08:00:34,91282CKW0,TSRYS5833263,D,S,C,2024-07-09,44600000.00,4.256342,99.9609375
08:00:34,91282CKW0,TSRYS5833263,D,S,D,2024-07-09,2000000.00,4.257649,99.953125
08:00:34,91282CKW0,TSRYS5833263,D,S,D,2024-07-09,2000000.00,4.257649,99.953125
08:00:34,91282CKW0,TSRYS5833263,D,S,C,2024-07-09,150MM+,4.244584,100.03125
08:00:34,91282CKW0,TSRYS5833263,D,S,D,2024-07-09,3000000.00,4.257649,99.953125
08:00:34,91282CKW0,TSRYS5833263,D,S,D,2024-07-09,3000000.00,4.257649,99.953125
08:00:34,91282CKW0,TSRYS5833263,D,S,D,2024-07-09,3000000.00,4.257649,99.953125
08:00:34,91282CKW0,TSRYS5833263,D,S,D,2024-07-09,3000000.00,4.257649,99.953125
08:00:34,91282CKW0,TSRYS5833263,D,S,D,2024-07-09,124100000.00,4.291672,99.75
08:00:34,91282CKW0,TSRYS5833263,D,S,C,2024-07-09,150MM+,4.244584,100.03125
08:00:34,91282CKW0,TSRYS5833263,D,S,D,2024-07-09,2000000.00,4.256342,99.9609375
08:00:34,91282CKW0,TSRYS5833263,D,S,T,2024-07-09,1000000.00,4.253728,99.9765625
08:00:34,91282CKW0,TSRYS5833263,D,S,D,2024-07-09,3000000.00,4.255035,99.96875
08:00:34,91282CKW0,TSRYS5833263,D,S,D,2024-07-09,3000000.00,4.255035,99.96875
08:00:34,91282CKW0,TSRYS5833263,D,S,C,2024-07-09,563000.00,4.253075,99.98046875
08:00:34,91282CKW0,TSRYS5833263,D,S,C,2024-07-09,1000000.00,4.239688,100.060546875
08:00:34,91282CKW0,TSRYS5833263,D,S,C,2024-07-09,1000000.00,4.239688,100.060546875
08:00:34,91282CKW0,TSRYS5833263,D,S,T,2024-07-09,1000000.00,4.235446,100.0859375
08:00:38,91282CKW0,TSRYS5833263,D,S,A,2024-07-09,970000.00,4.235423,100.0859375
08:00:38,91282CKW0,TSRYS5833263,D,S,D,2024-07-09,1000000.00,4.238383,100.068359375
08:00:38,91282CKW0,TSRYS5833263,D,S,T,2024-07-09,1000000.00,4.247196,100.015625
08:00:38,91282CKW0,TSRYS5833263,D,S,D,2024-07-09,1000000.00,4.244584,100.03125
08:00:38,91282CKW0,TSRYS5833263,D,S,D,2024-07-09,1000000.00,4.244258,100.033203125
08:00:38,91282CKW0,TSRYS5833263,D,S,D,2024-07-09,1000000.00,4.244584,100.03125
08:00:38,91282CKW0,TSRYS5833263,D,S,D,2024-07-09,1000000.00,4.244258,100.033203125
08:00:38,91282CKW0,TSRYS5833263,D,S,D,2024-07-09,1000000.00,4.244584,100.03125
08:00:39,91282CKW0,TSRYS5833263,D,S,D,2024-07-09,1000000.00,4.248502,100.0078125
08:00:39,91282CKW0,TSRYS5833263,D,S,D,2024-07-09,1000000.00,4.248502,100.0078125
08:00:40,91282CKW0,TSRYS5833263,D,S,D,2024-07-09,1000000.00,4.244584,100.03125
08:00:40,91282CKW0,TSRYS5833263,D,S,D,2024-07-09,1000000.00,4.244584,100.03125
08:00:40,91282CKW0,TSRYS5833263,D,S,T,2024-07-09,1000000.00,4.240341,100.056640625
08:00:41,91282CKW0,TSRYS5833263,D,S,D,2024-07-09,1000000.00,4.248829,100.005859375
08:00:41,91282CKW0,TSRYS5833263,D,S,D,2024-07-09,1000000.00,4.243278,100.0390625
08:00:41,91282CKW0,TSRYS5833263,D,S,D,2024-07-09,1000000.00,4.243278,100.0390625
08:00:41,91282CKW0,TSRYS5833263,D,S,D,2024-07-09,1000000.00,4.241973,100.046875
08:00:41,91282CKW0,TSRYS5833263,D,S,T,2024-07-09,1000000.00,4.248829,100.005859375
08:00:41,91282CKW0,TSRYS5833263,D,S,D,2024-07-09,1000000.00,4.248829,100.005859375
08:00:41,91282CKW0,TSRYS5833263,D,S,T,2024-07-09,1000000.00,4.247849,100.01171875
08:00:41,91282CKW0,TSRYS5833263,D,S,T,2024-07-09,2000000.00,4.247849,100.01171875
08:00:41,91282CKW0,TSRYS5833263,D,S,D,2024-07-09,1000000.00,4.247523,100.013671875
08:00:42,91282CKW0,TSRYS5833263,D,S,A,2024-07-09,200000.00,4.245237,100.02734375
08:00:42,91282CKW0,TSRYS5833263,D,S,D,2024-07-09,30000000.00,4.246232,100.02139
08:00:43,91282CKW0,TSRYS5833263,D,S,D,2024-07-09,2000000.00,4.251768,99.98828125
08:00:43,91282CKW0,TSRYS5833263,D,S,D,2024-07-09,1000000.00,4.251768,99.98828125
08:00:43,91282CKW0,TSRYS5833263,D,S,D,2024-07-09,1000000.00,4.251768,99.98828125
08:00:43,91282CKW0,TSRYS5833263,D,S,D,2024-07-09,1000000.00,4.251768,99.98828125
08:00:43,91282CKW0,TSRYS5833263,D,S,D,2024-07-09,1000000.00,4.248829,100.005859375
08:00:46,91282CKW0,TSRYS5833263,D,S,D,2024-07-09,1000000.00,4.248829,100.005859375
08:00:46,91282CKW0,TSRYS5833263,D,S,D,2024-07-09,1000000.00,4.248829,100.005859375
08:00:46,91282CKW0,TSRYS5833263,D,S,D,2024-07-09,1000000.00,4.231532,100.109375
08:00:48,91282CKW0,TSRYS5833263,D,S,T,2024-07-09,1000000.00,4.232836,100.1015625
08:00:48,91282CKW0,TSRYS5833263,D,B,A,2024-07-09,16722500.00,4.249809,100.0
08:00:48,91282CKW0,TSRYS5833263,D,B,A,2024-07-09,50167500.00,4.252421,99.984375
08:00:48,91282CKW0,TSRYS5833263,D,S,T,2024-07-09,1000000.00,4.232836,100.1015625
08:00:48,91282CKW0,TSRYS5833263,D,S,D,2024-07-09,1000000.00,4.248829,100.005859375
08:00:48,91282CKW0,TSRYS5833263,D,S,D,2024-07-09,1000000.00,4.248829,100.005859375
08:00:48,91282CKW0,TSRYS5833263,D,S,D,2024-07-09,1000000.00,4.248829,100.005859375
08:00:48,91282CKW0,TSRYS5833263,D,S,T,2024-07-09,2000000.00,4.247849,100.01171875
08:00:48,91282CKW0,TSRYS5833263,D,S,T,2024-07-09,1000000.00,4.247849,100.01171875
08:00:48,91282CKW0,TSRYS5833263,D,S,T,2024-07-09,1000000.00,4.247849,100.01171875
08:00:48,91282CKW0,TSRYS5833263,D,S,T,2024-07-09,1000000.00,4.247849,100.01171875
08:00:48,91282CKW0,TSRYS5833263,D,S,T,2024-07-09,1000000.00,4.247849,100.01171875
08:00:48,91282CKW0,TSRYS5833263,D,S,T,2024-07-09,1000000.00,4.247849,100.01171875
08:00:48,91282CKW0,TSRYS5833263,D,S,T,2024-07-09,2000000.00,4.232836,100.1015625
08:00:48,91282CKW0,TSRYS5833263,D,S,T,2024-07-09,4000000.00,4.233815,100.09570313
08:00:49,91282CKW0,TSRYS5833263,D,S,D,2024-07-09,7000000.00,4.247429,100.01423
08:00:49,91282CKW0,TSRYS5833263,D,S,T,2024-07-09,1000000.00,4.233815,100.09570313
08:00:49,91282CKW0,TSRYS5833263,D,S,T,2024-07-09,1000000.00,4.233489,100.09765625
08:00:49,91282CKW0,TSRYS5833263,D,S,T,2024-07-09,1000000.00,4.233815,100.09570313
08:00:49,91282CKW0,TSRYS5833263,D,S,T,2024-07-09,1000000.00,4.234141,100.09375
08:00:49,91282CKW0,TSRYS5833263,D,S,T,2024-07-09,1000000.00,4.234141,100.09375
08:00:50,91282CKW0,TSRYS5833263,D,S,T,2024-07-09,1000000.00,4.234141,100.09375
08:00:50,91282CKW0,TSRYS5833263,D,S,T,2024-07-09,1000000.00,4.232836,100.1015625
08:00:50,91282CKW0,TSRYS5833263,D,S,T,2024-07-09,1000000.00,4.243278,100.0390625
08:00:51,91282CKW0,TSRYS5833263,D,S,D,2024-07-09,1000000.00,4.238383,100.068359375
08:00:51,91282CKW0,TSRYS5833263,D,S,D,2024-07-09,1000000.00,4.245564,100.025390625
08:00:52,91282CKW0,TSRYS5833263,D,S,D,2024-07-09,1000000.00,4.255035,99.96875
08:00:53,91282CKW0,TSRYS5833263,D,S,T,2024-07-09,1000000.00,4.255035,99.96875
08:00:53,91282CKW0,TSRYS5833263,D,S,D,2024-07-09,1000000.00,4.241646,100.048828125
08:00:54,91282CKW0,TSRYS5833263,D,S,D,2024-07-09,1000000.00,4.244258,100.033203125
08:00:54,91282CKW0,TSRYS5833263,D,S,D,2024-07-09,1000000.00,4.244584,100.03125
08:00:54,91282CKW0,TSRYS5833263,D,S,D,2024-07-09,1000000.00,4.244584,100.03125
08:00:54,91282CKW0,TSRYS5833263,D,S,D,2024-07-09,1000000.00,4.244584,100.03125
08:00:54,91282CKW0,TSRYS5833263,D,S,D,2024-07-09,1000000.00,4.244584,100.03125
08:00:54,91282CKW0,TSRYS5833263,D,S,T,2024-07-09,1000000.00,4.255035,99.96875
08:00:55,91282CKW0,TSRYS5833263,D,S,D,2024-07-09,1000000.00,4.244584,100.03125
08:00:56,91282CKW0,TSRYS5833263,D,S,D,2024-07-09,1000000.00,4.244584,100.03125
08:00:56,91282CKW0,TSRYS5833263,D,S,D,2024-07-09,1000000.00,4.244584,100.03125
08:00:56,91282CKW0,TSRYS5833263,D,S,D,2024-07-09,1000000.00,4.244584,100.03125
08:00:56,91282CKW0,TSRYS5833263,D,S,D,2024-07-09,1000000.00,4.244584,100.03125
08:00:56,91282CKW0,TSRYS5833263,D,S,D,2024-07-09,1000000.00,4.24589,100.0234375
08:00:56,91282CKW0,TSRYS5833263,D,B,A,2024-07-09,5050000.00,4.230879,100.11328125
08:00:57,91282CKW0,TSRYS5833263,D,S,D,2024-07-09,1000000.00,4.239688,100.060546875
08:00:57,91282CKW0,TSRYS5833263,D,S,D,2024-07-09,1000000.00,4.239362,100.0625
08:00:57,91282CKW0,TSRYS5833263,D,S,D,2024-07-09,1000000.00,4.240015,100.05859375
08:00:57,91282CKW0,TSRYS5833263,D,S,D,2024-07-09,1000000.00,4.239362,100.0625
08:00:57,91282CKW0,TSRYS5833263,D,B,A,2024-07-09,83582000.00,4.241973,100.046875
08:00:57,91282CKW0,TSRYS5833263,D,S,D,2024-07-09,1000000.00,4.246217,100.021484375
08:00:57,91282CKW0,TSRYS5833263,D,S,T,2024-07-09,1000000.00,4.242299,100.044921875
08:00:58,91282CKW0,TSRYS5833263,D,S,T,2024-07-09,1000000.00,4.256342,99.9609375
08:00:58,91282CKW0,TSRYS5833263,D,S,D,2024-07-09,1000000.00,4.256342,99.9609375
08:01:00,91282CKW0,TSRYS5833263,D,S,D,2024-07-09,3852000.00,4.244584,100.03125
08:01:00,91282CKW0,TSRYS5833263,D,B,C,2024-07-09,150MM+,4.234141,100.09375
08:01:02,91282CKW0,TSRYS5833263,D,S,T,2024-07-09,1000000.00,4.241973,100.046875
08:01:02,91282CKW0,TSRYS5833263,D,S,T,2024-07-09,1000000.00,4.241973,100.046875
08:01:02,91282CKW0,TSRYS5833263,D,S,T,2024-07-09,1000000.00,4.244258,100.033203125
08:01:02,91282CKW0,TSRYS5833263,D,S,T,2024-07-09,1000000.00,4.244258,100.033203125
08:01:02,91282CKW0,TSRYS5833263,D,S,T,2024-07-09,1000000.00,4.244258,100.033203125
08:01:02,91282CKW0,TSRYS5833263,D,S,T,2024-07-09,1000000.00,4.243278,100.0390625
08:01:02,91282CKW0,TSRYS5833263,D,S,T,2024-07-09,1000000.00,4.244258,100.033203125
08:01:02,91282CKW0,TSRYS5833263,D,S,T,2024-07-09,1000000.00,4.243605,100.037109375
08:01:02,91282CKW0,TSRYS5833263,D,S,T,2024-07-09,1000000.00,4.243605,100.037109375
08:01:02,91282CKW0,TSRYS5833263,D,S,T,2024-07-09,1000000.00,4.243278,100.0390625
08:01:02,91282CKW0,TSRYS5833263,D,S,T,2024-07-09,1000000.00,4.243278,100.0390625
08:01:02,91282CKW0,TSRYS5833263,D,S,T,2024-07-09,1000000.00,4.243278,100.0390625
08:01:02,91282CKW0,TSRYS5833263,D,S,T,2024-07-09,1000000.00,4.243605,100.037109375
08:01:02,91282CKW0,TSRYS5833263,D,S,T,2024-07-09,1000000.00,4.243278,100.0390625
08:01:02,91282CKW0,TSRYS5833263,D,S,T,2024-07-09,1000000.00,4.243278,100.0390625
08:01:02,91282CKW0,TSRYS5833263,D,S,T,2024-07-09,1000000.00,4.243278,100.0390625
08:01:02,91282CKW0,TSRYS5833263,D,S,T,2024-07-09,1000000.00,4.242952,100.041015625
08:01:02,91282CKW0,TSRYS5833263,D,S,T,2024-07-09,1000000.00,4.243278,100.0390625
08:01:02,91282CKW0,TSRYS5833263,D,S,T,2024-07-09,1000000.00,4.243278,100.0390625
08:01:02,91282CKW0,TSRYS5833263,D,S,T,2024-07-09,1000000.00,4.243278,100.0390625
08:01:03,91282CKW0,TSRYS5833263,D,S,D,2024-07-09,1900000.00,4.256342,99.9609375
08:01:03,91282CKW0,TSRYS5833263,D,B,C,2024-07-09,3000000.00,4.253728,99.9765625
08:01:03,91282CKW0,TSRYS5833263,D,S,A,2024-07-09,11971000.00,4.24589,100.0234375
08:01:03,91282CKW0,TSRYS5833263,D,S,C,2024-07-09,1000000.00,4.241973,100.046875
08:01:03,91282CKW0,TSRYS5833263,D,B,C,2024-07-09,1000000.00,4.241646,100.048828125
08:01:03,91282CKW0,TSRYS5833263,D,S,C,2024-07-09,1000000.00,4.241646,100.048828125
08:01:03,91282CKW0,TSRYS5833263,D,B,C,2024-07-09,1000000.00,4.238383,100.068359375
08:01:03,91282CKW0,TSRYS5833263,D,S,C,2024-07-09,1000000.00,4.241646,100.048828125
08:01:03,91282CKW0,TSRYS5833263,D,S,C,2024-07-09,1000000.00,4.241646,100.048828125
08:01:03,91282CKW0,TSRYS5833263,D,S,D,2024-07-09,1000000.00,4.238383,100.068359375
08:01:03,91282CKW0,TSRYS5833263,D,B,C,2024-07-09,1000000.00,4.239688,100.060546875
08:01:03,91282CKW0,TSRYS5833263,D,B,C,2024-07-09,1000000.00,4.238709,100.06640625
08:01:03,91282CKW0,TSRYS5833263,D,S,D,2024-07-09,1000000.00,4.238709,100.06640625
08:01:03,91282CKW0,TSRYS5833263,D,S,D,2024-07-09,1000000.00,4.239688,100.060546875
08:01:04,91282CKW0,TSRYS5833263,D,B,C,2024-07-09,2000000.00,4.238056,100.0703125
08:01:04,91282CKW0,TSRYS5833263,D,S,D,2024-07-09,2000000.00,4.238056,100.0703125
08:01:04,91282CKW0,TSRYS5833263,D,B,C,2024-07-09,1000000.00,4.239035,100.064453125
08:01:04,91282CKW0,TSRYS5833263,D,S,D,2024-07-09,1000000.00,4.239035,100.064453125
08:01:04,91282CKW0,TSRYS5833263,D,S,D,2024-07-09,2000000.00,4.239035,100.064453125
08:01:04,91282CKW0,TSRYS5833263,D,S,D,2024-07-09,1000000.00,4.238056,100.0703125
08:01:04,91282CKW0,TSRYS5833263,D,B,C,2024-07-09,2000000.00,4.239035,100.064453125
08:01:04,91282CKW0,TSRYS5833263,D,B,C,2024-07-09,1000000.00,4.238056,100.0703125
08:01:04,91282CKW0,TSRYS5833263,D,S,D,2024-07-09,1000000.00,4.238056,100.0703125
08:01:04,91282CKW0,TSRYS5833263,D,B,C,2024-07-09,1000000.00,4.238056,100.0703125
08:01:04,91282CKW0,TSRYS5833263,D,S,C,2024-07-09,1000000.00,4.234141,100.09375
08:01:04,91282CKW0,TSRYS5833263,D,B,C,2024-07-09,1000000.00,4.234467,100.091796875
08:01:04,91282CKW0,TSRYS5833263,D,S,D,2024-07-09,1000000.00,4.234141,100.09375
08:01:04,91282CKW0,TSRYS5833263,D,S,D,2024-07-09,1000000.00,4.234141,100.09375
08:01:04,91282CKW0,TSRYS5833263,D,S,D,2024-07-09,1000000.00,4.234467,100.091796875
08:01:04,91282CKW0,TSRYS5833263,D,B,C,2024-07-09,1000000.00,4.234141,100.09375
08:01:04,91282CKW0,TSRYS5833263,D,S,D,2024-07-09,1000000.00,4.23251,100.103515625
08:01:04,91282CKW0,TSRYS5833263,D,B,C,2024-07-09,1000000.00,4.233489,100.09765625
08:01:04,91282CKW0,TSRYS5833263,D,S,D,2024-07-09,1000000.00,4.232836,100.1015625
08:01:04,91282CKW0,TSRYS5833263,D,B,C,2024-07-09,1000000.00,4.23251,100.103515625
08:01:04,91282CKW0,TSRYS5833263,D,B,C,2024-07-09,1000000.00,4.232836,100.1015625
08:01:04,91282CKW0,TSRYS5833263,D,S,C,2024-07-09,1000000.00,4.233489,100.09765625
08:01:04,91282CKW0,TSRYS5833263,D,B,C,2024-07-09,1000000.00,4.233489,100.09765625
08:01:04,91282CKW0,TSRYS5833263,D,S,T,2024-07-09,1000000.00,4.255035,99.96875
08:01:04,91282CKW0,TSRYS5833263,D,S,T,2024-07-09,1000000.00,4.255035,99.96875
08:01:04,91282CKW0,TSRYS5833263,D,S,C,2024-07-09,1000000.00,4.233489,100.09765625
08:01:04,91282CKW0,TSRYS5833263,D,S,C,2024-07-09,1000000.00,4.233489,100.09765625
08:01:04,91282CKW0,TSRYS5833263,D,B,C,2024-07-09,1000000.00,4.233489,100.09765625
08:01:04,91282CKW0,TSRYS5833263,D,B,C,2024-07-09,1000000.00,4.234141,100.09375
08:01:04,91282CKW0,TSRYS5833263,D,S,C,2024-07-09,1000000.00,4.234141,100.09375
08:01:04,91282CKW0,TSRYS5833263,D,B,C,2024-07-09,1000000.00,4.234141,100.09375
08:01:04,91282CKW0,TSRYS5833263,D,S,D,2024-07-09,1000000.00,4.234141,100.09375
08:01:04,91282CKW0,TSRYS5833263,D,S,D,2024-07-09,1000000.00,4.234141,100.09375
08:01:04,91282CKW0,TSRYS5833263,D,B,C,2024-07-09,1000000.00,4.233815,100.095703125
08:01:04,91282CKW0,TSRYS5833263,D,B,C,2024-07-09,1000000.00,4.234141,100.09375
08:01:04,91282CKW0,TSRYS5833263,D,S,D,2024-07-09,1000000.00,4.234141,100.09375
08:01:04,91282CKW0,TSRYS5833263,D,B,C,2024-07-09,1000000.00,4.234141,100.09375
08:01:04,91282CKW0,TSRYS5833263,D,S,C,2024-07-09,1000000.00,4.233815,100.095703125
08:01:04,91282CKW0,TSRYS5833263,D,S,T,2024-07-09,1000000.00,4.255035,99.96875
08:01:04,91282CKW0,TSRYS5833263,D,S,T,2024-07-09,1000000.00,4.255035,99.96875
08:01:04,91282CKW0,TSRYS5833263,D,S,T,2024-07-09,1000000.00,4.255035,99.96875
08:01:04,91282CKW0,TSRYS5833263,D,S,T,2024-07-09,1000000.00,4.255035,99.96875
08:01:04,91282CKW0,TSRYS5833263,D,S,T,2024-07-09,1000000.00,4.255035,99.96875
08:01:04,91282CKW0,TSRYS5833263,D,S,T,2024-07-09,1000000.00,4.255035,99.96875
