tradeTime,cusip,issueSymbolIdentifier,priceType,reportingSideCode,contraPartyTypeCode,tradeDate,reportedTradeVolume,lastSaleYield,lastSalePrice
08:00:04,91282CLJ8,TSRYS5875649,D,S,D,2024-09-24,1000000.00,3.611616,100.83984375
08:00:04,91282CLJ8,TSRYS5875649,D,S,D,2024-09-24,1000000.00,3.611616,100.83984375
08:00:04,91282CLJ8,TSRYS5875649,D,S,D,2024-09-24,1000000.00,3.612574,100.833984375
08:00:04,91282CLJ8,TSRYS5875649,D,S,T,2024-09-24,1000000.00,3.621204,100.78125
08:00:04,91282CLJ8,TSRYS5875649,D,S,T,2024-09-24,1000000.00,3.621204,100.78125
08:00:04,91282CLJ8,TSRYS5875649,D,S,D,2024-09-24,1000000.00,3.62568,100.75390625
08:00:04,91282CLJ8,TSRYS5875649,D,S,T,2024-09-24,1000000.00,3.62568,100.75390625
08:00:04,91282CLJ8,TSRYS5875649,D,S,D,2024-09-24,1000000.00,3.62536,100.755859375
08:00:04,91282CLJ8,TSRYS5875649,D,S,D,2024-09-24,1000000.00,3.627919,100.740234375
08:00:04,91282CLJ8,TSRYS5875649,D,S,T,2024-09-24,1000000.00,3.627599,100.7421875
08:00:04,91282CLJ8,TSRYS5875649,D,S,D,2024-09-24,1000000.00,3.627919,100.740234375
08:00:04,91282CLJ8,TSRYS5875649,D,S,D,2024-09-24,1000000.00,3.629198,100.732421875
08:00:04,91282CLJ8,TSRYS5875649,D,S,D,2024-09-24,1000000.00,3.630158,100.7265625
08:00:04,91282CLJ8,TSRYS5875649,D,S,T,2024-09-24,1000000.00,3.622483,100.7734375
08:00:04,91282CLJ8,TSRYS5875649,D,S,T,2024-09-24,1000000.00,3.622483,100.7734375
08:00:04,91282CLJ8,TSRYS5875649,D,S,T,2024-09-24,1000000.00,3.622802,100.771484375
08:00:04,91282CLJ8,TSRYS5875649,D,S,D,2024-09-24,1000000.00,3.622802,100.771484375
08:00:04,91282CLJ8,TSRYS5875649,D,S,D,2024-09-24,1000000.00,3.622802,100.771484375
08:00:04,91282CLJ8,TSRYS5875649,D,S,T,2024-09-24,1000000.00,3.622802,100.771484375
08:00:04,91282CLJ8,TSRYS5875649,D,S,T,2024-09-24,1000000.00,3.62536,100.755859375
08:00:04,91282CLJ8,TSRYS5875649,D,S,D,2024-09-24,1000000.00,3.62536,100.755859375
08:00:04,91282CLJ8,TSRYS5875649,D,S,D,2024-09-24,1000000.00,3.624081,100.763671875
08:00:04,91282CLJ8,TSRYS5875649,D,S,T,2024-09-24,1000000.00,3.629518,100.73046875
08:00:04,91282CLJ8,TSRYS5875649,D,S,D,2024-09-24,1000000.00,3.629518,100.73046875
08:00:04,91282CLJ8,TSRYS5875649,D,S,D,2024-09-24,1000000.00,3.634957,100.697265625
08:00:04,91282CLJ8,TSRYS5875649,D,S,D,2024-09-24,1000000.00,3.634957,100.697265625
08:00:04,91282CLJ8,TSRYS5875649,D,S,D,2024-09-24,1000000.00,3.633997,100.703125
08:00:04,91282CLJ8,TSRYS5875649,D,S,T,2024-09-24,1000000.00,3.633997,100.703125
08:00:04,91282CLJ8,TSRYS5875649,D,S,D,2024-09-24,1000000.00,3.641359,100.658203125
08:00:04,91282CLJ8,TSRYS5875649,D,S,D,2024-09-24,1000000.00,3.634957,100.697265625
08:00:04,91282CLJ8,TSRYS5875649,D,S,T,2024-09-24,1000000.00,3.634957,100.697265625
08:00:04,91282CLJ8,TSRYS5875649,D,S,D,2024-09-24,1000000.00,3.637197,100.68359375
08:00:04,91282CLJ8,TSRYS5875649,D,S,D,2024-09-24,1000000.00,3.638158,100.677734375
08:00:04,91282CLJ8,TSRYS5875649,D,S,D,2024-09-24,1000000.00,3.637838,100.6796875
08:00:04,91282CLJ8,TSRYS5875649,D,S,T,2024-09-24,2000000.00,3.637517,100.681640625
08:00:04,91282CLJ8,TSRYS5875649,D,S,D,2024-09-24,1000000.00,3.637838,100.6796875
08:00:04,91282CLJ8,TSRYS5875649,D,S,T,2024-09-24,1000000.00,3.637517,100.681640625
08:00:04,91282CLJ8,TSRYS5875649,D,S,T,2024-09-24,1000000.00,3.637517,100.681640625
08:00:04,91282CLJ8,TSRYS5875649,D,S,T,2024-09-24,1000000.00,3.637517,100.681640625
08:00:04,91282CLJ8,TSRYS5875649,D,S,T,2024-09-24,1000000.00,3.637517,100.681640625
08:00:04,91282CLJ8,TSRYS5875649,D,S,T,2024-09-24,1000000.00,3.637517,100.681640625
08:00:04,91282CLJ8,TSRYS5875649,D,S,D,2024-09-24,2000000.00,3.650005,100.60546875
08:00:04,91282CLJ8,TSRYS5875649,D,S,D,2024-09-24,2000000.00,3.650005,100.60546875
08:00:04,91282CLJ8,TSRYS5875649,D,S,T,2024-09-24,2000000.00,3.649685,100.607421875
08:00:04,91282CLJ8,TSRYS5875649,D,S,D,2024-09-24,2000000.00,3.650646,100.6015625
08:00:04,91282CLJ8,TSRYS5875649,D,S,T,2024-09-24,2000000.00,3.65353,100.583984375
08:00:04,91282CLJ8,TSRYS5875649,D,S,T,2024-09-24,2000000.00,3.654811,100.576171875
08:00:04,91282CLJ8,TSRYS5875649,D,S,T,2024-09-24,2000000.00,3.654811,100.576171875
08:00:04,91282CLJ8,TSRYS5875649,D,S,T,2024-09-24,2000000.00,3.654811,100.576171875
08:00:04,91282CLJ8,TSRYS5875649,D,S,D,2024-09-24,1000000.00,3.65417,100.580078125
08:00:04,91282CLJ8,TSRYS5875649,D,S,T,2024-09-24,1000000.00,3.657696,100.55859375
08:00:04,91282CLJ8,TSRYS5875649,D,S,T,2024-09-24,2000000.00,3.655452,100.572265625
08:00:04,91282CLJ8,TSRYS5875649,D,S,T,2024-09-24,2000000.00,3.655452,100.572265625
08:00:04,91282CLJ8,TSRYS5875649,D,S,T,2024-09-24,1000000.00,3.655452,100.572265625
08:00:04,91282CLJ8,TSRYS5875649,D,S,T,2024-09-24,1000000.00,3.654811,100.576171875
08:00:04,91282CLJ8,TSRYS5875649,D,S,T,2024-09-24,2000000.00,3.654811,100.576171875
08:00:04,91282CLJ8,TSRYS5875649,D,S,T,2024-09-24,2000000.00,3.654811,100.576171875
08:00:04,91282CLJ8,TSRYS5875649,D,S,D,2024-09-24,1000000.00,3.658657,100.552734375
08:00:04,91282CLJ8,TSRYS5875649,D,S,D,2024-09-24,1000000.00,3.658657,100.552734375
08:00:04,91282CLJ8,TSRYS5875649,D,S,D,2024-09-24,1000000.00,3.657696,100.55859375
08:00:04,91282CLJ8,TSRYS5875649,D,S,D,2024-09-24,1000000.00,3.655773,100.5703125
08:00:04,91282CLJ8,TSRYS5875649,D,S,D,2024-09-24,1000000.00,3.655452,100.572265625
08:00:04,91282CLJ8,TSRYS5875649,D,S,T,2024-09-24,1000000.00,3.653209,100.5859375
08:00:04,91282CLJ8,TSRYS5875649,D,S,T,2024-09-24,2000000.00,3.653209,100.5859375
08:00:04,91282CLJ8,TSRYS5875649,D,S,D,2024-09-24,1000000.00,3.653209,100.5859375
08:00:04,91282CLJ8,TSRYS5875649,D,S,D,2024-09-24,2000000.00,3.653209,100.5859375
08:00:04,91282CLJ8,TSRYS5875649,D,S,T,2024-09-24,1000000.00,3.653209,100.5859375
08:00:04,91282CLJ8,TSRYS5875649,D,S,T,2024-09-24,1000000.00,3.653209,100.5859375
08:00:04,91282CLJ8,TSRYS5875649,D,S,T,2024-09-24,1000000.00,3.650646,100.6015625
08:00:04,91282CLJ8,TSRYS5875649,D,S,D,2024-09-24,2000000.00,3.656093,100.568359375
08:00:04,91282CLJ8,TSRYS5875649,D,S,D,2024-09-24,2000000.00,3.656093,100.568359375
08:00:04,91282CLJ8,TSRYS5875649,D,S,D,2024-09-24,1000000.00,3.656093,100.568359375
08:00:04,91282CLJ8,TSRYS5875649,D,S,D,2024-09-24,2000000.00,3.656093,100.568359375
08:00:04,91282CLJ8,TSRYS5875649,D,S,D,2024-09-24,2000000.00,3.656093,100.568359375
08:00:04,91282CLJ8,TSRYS5875649,D,S,D,2024-09-24,30000000.00,3.655773,100.5703125
08:00:04,91282CLJ8,TSRYS5875649,D,S,T,2024-09-24,1000000.00,3.66539,100.51171875
08:00:04,91282CLJ8,TSRYS5875649,D,S,D,2024-09-24,1000000.00,3.665069,100.513671875
08:00:05,91282CLJ8,TSRYS5875649,D,S,T,2024-09-24,1000000.00,3.651928,100.59375
08:00:05,91282CLJ8,TSRYS5875649,D,S,T,2024-09-24,1000000.00,3.666031,100.5078125
08:00:09,91282CLJ8,TSRYS5875649,D,S,T,2024-09-24,1000000.00,3.635277,100.6953125
08:00:13,91282CLJ8,TSRYS5875649,D,S,D,2024-09-24,1000000.00,3.619605,100.791015625
08:00:13,91282CLJ8,TSRYS5875649,D,S,D,2024-09-24,1000000.00,3.619605,100.791015625
08:00:13,91282CLJ8,TSRYS5875649,D,S,T,2024-09-24,1000000.00,3.619605,100.791015625
08:00:13,91282CLJ8,TSRYS5875649,D,S,T,2024-09-24,1000000.00,3.619605,100.791015625
08:00:13,91282CLJ8,TSRYS5875649,D,S,D,2024-09-24,1000000.00,3.619605,100.791015625
08:00:13,91282CLJ8,TSRYS5875649,D,S,T,2024-09-24,1000000.00,3.619605,100.791015625
08:00:13,91282CLJ8,TSRYS5875649,D,S,T,2024-09-24,1000000.00,3.619605,100.791015625
08:00:13,91282CLJ8,TSRYS5875649,D,S,T,2024-09-24,1000000.00,3.628878,100.734375
08:00:13,91282CLJ8,TSRYS5875649,D,S,T,2024-09-24,1000000.00,3.628878,100.734375
08:00:13,91282CLJ8,TSRYS5875649,D,S,T,2024-09-24,1000000.00,3.644561,100.638671875
08:00:13,91282CLJ8,TSRYS5875649,D,S,T,2024-09-24,1000000.00,3.644561,100.638671875
08:00:13,91282CLJ8,TSRYS5875649,D,S,T,2024-09-24,1000000.00,3.644561,100.638671875
08:00:13,91282CLJ8,TSRYS5875649,D,S,T,2024-09-24,2000000.00,3.654491,100.578125
08:00:13,91282CLJ8,TSRYS5875649,D,S,T,2024-09-24,1000000.00,3.656734,100.564453125
08:00:13,91282CLJ8,TSRYS5875649,D,S,T,2024-09-24,1000000.00,3.656414,100.56640625
08:00:13,91282CLJ8,TSRYS5875649,D,S,T,2024-09-24,1000000.00,3.656734,100.564453125
08:00:13,91282CLJ8,TSRYS5875649,D,S,T,2024-09-24,1000000.00,3.656414,100.56640625
08:00:13,91282CLJ8,TSRYS5875649,D,S,D,2024-09-24,1000000.00,3.612894,100.83203125
08:00:13,91282CLJ8,TSRYS5875649,D,S,D,2024-09-24,1000000.00,3.612574,100.833984375
08:00:13,91282CLJ8,TSRYS5875649,D,S,T,2024-09-24,1000000.00,3.655132,100.57421875
08:00:13,91282CLJ8,TSRYS5875649,D,S,T,2024-09-24,1000000.00,3.654811,100.576171875
08:00:13,91282CLJ8,TSRYS5875649,D,S,T,2024-09-24,1000000.00,3.654811,100.576171875
08:00:13,91282CLJ8,TSRYS5875649,D,S,T,2024-09-24,1000000.00,3.655132,100.57421875
08:00:13,91282CLJ8,TSRYS5875649,D,S,T,2024-09-24,1000000.00,3.654811,100.576171875
08:00:13,91282CLJ8,TSRYS5875649,D,S,T,2024-09-24,1000000.00,3.654811,100.576171875
08:00:13,91282CLJ8,TSRYS5875649,D,S,T,2024-09-24,1000000.00,3.654811,100.576171875
08:00:13,91282CLJ8,TSRYS5875649,D,S,D,2024-09-24,1000000.00,3.612574,100.833984375
08:00:13,91282CLJ8,TSRYS5875649,D,S,D,2024-09-24,5000000.00,3.612574,100.833984375
08:00:13,91282CLJ8,TSRYS5875649,D,S,C,2024-09-24,1000000.00,3.620884,100.783203125
08:00:14,91282CLJ8,TSRYS5875649,D,S,C,2024-09-24,1000000.00,3.62536,100.755859375
08:00:14,91282CLJ8,TSRYS5875649,D,S,C,2024-09-24,1000000.00,3.627279,100.744140625
08:00:14,91282CLJ8,TSRYS5875649,D,S,C,2024-09-24,1000000.00,3.627919,100.740234375
08:00:14,91282CLJ8,TSRYS5875649,D,S,C,2024-09-24,1000000.00,3.627279,100.744140625
08:00:15,91282CLJ8,TSRYS5875649,D,S,C,2024-09-24,1000000.00,3.628878,100.734375
08:00:15,91282CLJ8,TSRYS5875649,D,S,C,2024-09-24,1000000.00,3.629198,100.732421875
08:00:16,91282CLJ8,TSRYS5875649,D,S,C,2024-09-24,1000000.00,3.627279,100.744140625
08:00:16,91282CLJ8,TSRYS5875649,D,S,C,2024-09-24,1000000.00,3.624401,100.76171875
08:00:16,91282CLJ8,TSRYS5875649,D,S,C,2024-09-24,1000000.00,3.624081,100.763671875
08:00:16,91282CLJ8,TSRYS5875649,D,S,C,2024-09-24,1000000.00,3.622483,100.7734375
08:00:16,91282CLJ8,TSRYS5875649,D,S,C,2024-09-24,1000000.00,3.622483,100.7734375
08:00:16,91282CLJ8,TSRYS5875649,D,S,C,2024-09-24,1000000.00,3.622483,100.7734375
08:00:16,91282CLJ8,TSRYS5875649,D,S,C,2024-09-24,1000000.00,3.622163,100.775390625
08:00:16,91282CLJ8,TSRYS5875649,D,S,C,2024-09-24,1000000.00,3.622163,100.775390625
08:00:16,91282CLJ8,TSRYS5875649,D,S,C,2024-09-24,1000000.00,3.622483,100.7734375
08:00:16,91282CLJ8,TSRYS5875649,D,S,D,2024-09-24,1000000.00,3.625041,100.7578125
08:00:17,91282CLJ8,TSRYS5875649,D,S,D,2024-09-24,1000000.00,3.625041,100.7578125
08:00:17,91282CLJ8,TSRYS5875649,D,S,C,2024-09-24,1000000.00,3.621523,100.779296875
08:00:17,91282CLJ8,TSRYS5875649,D,S,C,2024-09-24,1000000.00,3.623442,100.767578125
08:00:17,91282CLJ8,TSRYS5875649,D,S,D,2024-09-24,1000000.00,3.624081,100.763671875
08:00:18,91282CLJ8,TSRYS5875649,D,S,D,2024-09-24,1000000.00,3.62568,100.75390625
08:00:18,91282CLJ8,TSRYS5875649,D,S,C,2024-09-24,1000000.00,3.625041,100.7578125
08:00:18,91282CLJ8,TSRYS5875649,D,S,C,2024-09-24,1000000.00,3.625041,100.7578125
08:00:19,91282CLJ8,TSRYS5875649,D,S,D,2024-09-24,1000000.00,3.628878,100.734375
08:00:19,91282CLJ8,TSRYS5875649,D,S,D,2024-09-24,1000000.00,3.628878,100.734375
08:00:20,91282CLJ8,TSRYS5875649,D,S,C,2024-09-24,1000000.00,3.633997,100.703125
08:00:20,91282CLJ8,TSRYS5875649,D,S,C,2024-09-24,1000000.00,3.633997,100.703125
08:00:26,91282CLJ8,TSRYS5875649,D,S,D,2024-09-24,1000000.00,3.658978,100.55078125
08:00:26,91282CLJ8,TSRYS5875649,D,S,D,2024-09-24,1000000.00,3.656734,100.564453125
08:00:28,91282CLJ8,TSRYS5875649,D,S,D,2024-09-24,1000000.00,3.625041,100.7578125
08:00:28,91282CLJ8,TSRYS5875649,D,S,T,2024-09-24,1000000.00,3.667314,100.5
08:00:29,91282CLJ8,TSRYS5875649,D,S,D,2024-09-24,1000000.00,3.65417,100.580078125
08:00:29,91282CLJ8,TSRYS5875649,D,S,D,2024-09-24,1000000.00,3.651928,100.59375
08:00:29,91282CLJ8,TSRYS5875649,D,S,D,2024-09-24,1000000.00,3.653209,100.5859375
08:00:30,91282CLJ8,TSRYS5875649,D,S,D,2024-09-24,3000000.00,3.649636,100.607721875
08:00:30,91282CLJ8,TSRYS5875649,D,S,D,2024-09-24,2000000.00,3.653209,100.5859375
08:00:30,91282CLJ8,TSRYS5875649,D,S,D,2024-09-24,1000000.00,3.653209,100.5859375
08:00:30,91282CLJ8,TSRYS5875649,D,S,T,2024-09-24,1000000.00,3.617368,100.8046875
08:00:30,91282CLJ8,TSRYS5875649,D,S,T,2024-09-24,1000000.00,3.616089,100.8125
08:00:30,91282CLJ8,TSRYS5875649,D,S,T,2024-09-24,1000000.00,3.616089,100.8125
08:00:30,91282CLJ8,TSRYS5875649,D,S,T,2024-09-24,1000000.00,3.614811,100.8203125
08:00:30,91282CLJ8,TSRYS5875649,D,S,T,2024-09-24,1000000.00,3.616089,100.8125
08:00:30,91282CLJ8,TSRYS5875649,D,S,T,2024-09-24,1000000.00,3.614811,100.8203125
08:00:30,91282CLJ8,TSRYS5875649,D,S,T,2024-09-24,1000000.00,3.614811,100.8203125
08:00:30,91282CLJ8,TSRYS5875649,D,S,T,2024-09-24,1000000.00,3.614811,100.8203125
08:00:30,91282CLJ8,TSRYS5875649,D,S,T,2024-09-24,1000000.00,3.615131,100.818359375
08:00:30,91282CLJ8,TSRYS5875649,D,S,T,2024-09-24,1000000.00,3.614811,100.8203125
08:00:30,91282CLJ8,TSRYS5875649,D,S,T,2024-09-24,1000000.00,3.614811,100.8203125
08:00:30,91282CLJ8,TSRYS5875649,D,S,T,2024-09-24,1000000.00,3.616089,100.8125
08:00:30,91282CLJ8,TSRYS5875649,D,S,T,2024-09-24,2000000.00,3.616089,100.8125
08:00:30,91282CLJ8,TSRYS5875649,D,S,T,2024-09-24,2000000.00,3.616089,100.8125
08:00:30,91282CLJ8,TSRYS5875649,D,S,T,2024-09-24,1000000.00,3.616089,100.8125
08:00:30,91282CLJ8,TSRYS5875649,D,S,T,2024-09-24,1000000.00,3.616089,100.8125
08:00:30,91282CLJ8,TSRYS5875649,D,S,T,2024-09-24,1000000.00,3.616089,100.8125
08:00:30,91282CLJ8,TSRYS5875649,D,S,T,2024-09-24,1000000.00,3.616089,100.8125
08:00:30,91282CLJ8,TSRYS5875649,D,S,T,2024-09-24,1000000.00,3.608422,100.859375
08:00:30,91282CLJ8,TSRYS5875649,D,S,T,2024-09-24,1000000.00,3.608422,100.859375
08:00:30,91282CLJ8,TSRYS5875649,D,S,T,2024-09-24,1000000.00,3.608422,100.859375
08:00:30,91282CLJ8,TSRYS5875649,D,S,T,2024-09-24,1000000.00,3.608422,100.859375
08:00:30,91282CLJ8,TSRYS5875649,D,S,T,2024-09-24,1000000.00,3.609699,100.8515625
08:00:30,91282CLJ8,TSRYS5875649,D,S,T,2024-09-24,1000000.00,3.609699,100.8515625
08:00:30,91282CLJ8,TSRYS5875649,D,S,T,2024-09-24,1000000.00,3.609699,100.8515625
08:00:30,91282CLJ8,TSRYS5875649,D,S,T,2024-09-24,1000000.00,3.609699,100.8515625
08:00:30,91282CLJ8,TSRYS5875649,D,S,T,2024-09-24,1000000.00,3.609699,100.8515625
08:00:30,91282CLJ8,TSRYS5875649,D,S,T,2024-09-24,1000000.00,3.609699,100.8515625
08:00:30,91282CLJ8,TSRYS5875649,D,S,D,2024-09-24,2000000.00,3.654491,100.578125
08:00:30,91282CLJ8,TSRYS5875649,D,S,T,2024-09-24,1000000.00,3.613533,100.828125
08:00:30,91282CLJ8,TSRYS5875649,D,S,T,2024-09-24,1000000.00,3.613533,100.828125
08:00:30,91282CLJ8,TSRYS5875649,D,S,T,2024-09-24,1000000.00,3.614811,100.8203125
08:00:30,91282CLJ8,TSRYS5875649,D,S,T,2024-09-24,1000000.00,3.614811,100.8203125
08:00:30,91282CLJ8,TSRYS5875649,D,S,T,2024-09-24,1000000.00,3.614811,100.8203125
08:00:30,91282CLJ8,TSRYS5875649,D,S,T,2024-09-24,1000000.00,3.614811,100.8203125
08:00:30,91282CLJ8,TSRYS5875649,D,S,T,2024-09-24,1000000.00,3.616089,100.8125
08:00:30,91282CLJ8,TSRYS5875649,D,S,T,2024-09-24,1000000.00,3.616089,100.8125
08:00:30,91282CLJ8,TSRYS5875649,D,S,T,2024-09-24,1000000.00,3.617368,100.8046875
08:00:30,91282CLJ8,TSRYS5875649,D,S,T,2024-09-24,1000000.00,3.614811,100.8203125
08:00:30,91282CLJ8,TSRYS5875649,D,S,T,2024-09-24,1000000.00,3.612255,100.8359375
08:00:30,91282CLJ8,TSRYS5875649,D,S,C,2024-09-24,1000000.00,3.657696,100.55859375
08:00:30,91282CLJ8,TSRYS5875649,D,S,T,2024-09-24,1000000.00,3.616089,100.8125
08:00:30,91282CLJ8,TSRYS5875649,D,S,T,2024-09-24,1000000.00,3.616089,100.8125
08:00:30,91282CLJ8,TSRYS5875649,D,S,T,2024-09-24,1000000.00,3.616089,100.8125
08:00:30,91282CLJ8,TSRYS5875649,D,S,T,2024-09-24,1000000.00,3.611616,100.83984375
08:00:30,91282CLJ8,TSRYS5875649,D,S,T,2024-09-24,1000000.00,3.610977,100.84375
08:00:30,91282CLJ8,TSRYS5875649,D,S,T,2024-09-24,1000000.00,3.610977,100.84375
08:00:30,91282CLJ8,TSRYS5875649,D,S,T,2024-09-24,1000000.00,3.610977,100.84375
08:00:30,91282CLJ8,TSRYS5875649,D,S,T,2024-09-24,1000000.00,3.613533,100.828125
08:00:30,91282CLJ8,TSRYS5875649,D,S,T,2024-09-24,1000000.00,3.613533,100.828125
08:00:30,91282CLJ8,TSRYS5875649,D,S,T,2024-09-24,1000000.00,3.613533,100.828125
08:00:30,91282CLJ8,TSRYS5875649,D,S,T,2024-09-24,1000000.00,3.613533,100.828125
08:00:30,91282CLJ8,TSRYS5875649,D,S,T,2024-09-24,2000000.00,3.613853,100.826171875
08:00:30,91282CLJ8,TSRYS5875649,D,S,T,2024-09-24,2000000.00,3.613853,100.826171875
08:00:30,91282CLJ8,TSRYS5875649,D,S,T,2024-09-24,1000000.00,3.613533,100.828125
08:00:30,91282CLJ8,TSRYS5875649,D,S,T,2024-09-24,1000000.00,3.613853,100.826171875
08:00:30,91282CLJ8,TSRYS5875649,D,S,T,2024-09-24,1000000.00,3.613533,100.828125
08:00:30,91282CLJ8,TSRYS5875649,D,S,T,2024-09-24,1000000.00,3.610977,100.84375
08:00:30,91282CLJ8,TSRYS5875649,D,S,T,2024-09-24,1000000.00,3.612255,100.8359375
08:00:30,91282CLJ8,TSRYS5875649,D,S,T,2024-09-24,1000000.00,3.612574,100.833984375
08:00:30,91282CLJ8,TSRYS5875649,D,S,T,2024-09-24,1000000.00,3.612574,100.833984375
08:00:30,91282CLJ8,TSRYS5875649,D,S,T,2024-09-24,1000000.00,3.612894,100.83203125
08:00:30,91282CLJ8,TSRYS5875649,D,S,T,2024-09-24,1000000.00,3.612574,100.833984375
08:00:30,91282CLJ8,TSRYS5875649,D,S,T,2024-09-24,2000000.00,3.613533,100.828125
08:00:30,91282CLJ8,TSRYS5875649,D,S,T,2024-09-24,1000000.00,3.613533,100.828125
08:00:30,91282CLJ8,TSRYS5875649,D,S,T,2024-09-24,1000000.00,3.617368,100.8046875
08:00:30,91282CLJ8,TSRYS5875649,D,S,T,2024-09-24,1000000.00,3.618646,100.796875
08:00:30,91282CLJ8,TSRYS5875649,D,S,T,2024-09-24,1000000.00,3.618646,100.796875
08:00:30,91282CLJ8,TSRYS5875649,D,S,T,2024-09-24,1000000.00,3.618646,100.796875
08:00:30,91282CLJ8,TSRYS5875649,D,S,T,2024-09-24,1000000.00,3.623761,100.765625
08:00:30,91282CLJ8,TSRYS5875649,D,S,T,2024-09-24,1000000.00,3.62536,100.755859375
08:00:30,91282CLJ8,TSRYS5875649,D,S,T,2024-09-24,1000000.00,3.625041,100.7578125
08:00:30,91282CLJ8,TSRYS5875649,D,S,T,2024-09-24,1000000.00,3.625041,100.7578125
08:00:30,91282CLJ8,TSRYS5875649,D,S,T,2024-09-24,1000000.00,3.627599,100.7421875
08:00:30,91282CLJ8,TSRYS5875649,D,S,T,2024-09-24,1000000.00,3.627599,100.7421875
08:00:30,91282CLJ8,TSRYS5875649,D,S,T,2024-09-24,1000000.00,3.627599,100.7421875
08:00:30,91282CLJ8,TSRYS5875649,D,S,T,2024-09-24,1000000.00,3.627599,100.7421875
08:00:30,91282CLJ8,TSRYS5875649,D,S,T,2024-09-24,1000000.00,3.627599,100.7421875
08:00:30,91282CLJ8,TSRYS5875649,D,S,T,2024-09-24,1000000.00,3.627599,100.7421875
08:00:30,91282CLJ8,TSRYS5875649,D,S,T,2024-09-24,1000000.00,3.628878,100.734375
08:00:30,91282CLJ8,TSRYS5875649,D,S,T,2024-09-24,1000000.00,3.628878,100.734375
08:00:30,91282CLJ8,TSRYS5875649,D,S,T,2024-09-24,1000000.00,3.628878,100.734375
08:00:30,91282CLJ8,TSRYS5875649,D,S,T,2024-09-24,1000000.00,3.628878,100.734375
08:00:30,91282CLJ8,TSRYS5875649,D,S,T,2024-09-24,1000000.00,3.628878,100.734375
08:00:30,91282CLJ8,TSRYS5875649,D,S,T,2024-09-24,1000000.00,3.62632,100.75
08:00:30,91282CLJ8,TSRYS5875649,D,S,T,2024-09-24,1000000.00,3.62632,100.75
08:00:30,91282CLJ8,TSRYS5875649,D,S,T,2024-09-24,1000000.00,3.62632,100.75
08:00:30,91282CLJ8,TSRYS5875649,D,S,T,2024-09-24,1000000.00,3.62632,100.75
08:00:30,91282CLJ8,TSRYS5875649,D,S,T,2024-09-24,1000000.00,3.62632,100.75
08:00:30,91282CLJ8,TSRYS5875649,D,S,T,2024-09-24,1000000.00,3.631438,100.71875
08:00:30,91282CLJ8,TSRYS5875649,D,S,T,2024-09-24,1000000.00,3.62632,100.75
08:00:30,91282CLJ8,TSRYS5875649,D,S,T,2024-09-24,1000000.00,3.625041,100.7578125
08:00:30,91282CLJ8,TSRYS5875649,D,S,T,2024-09-24,1000000.00,3.625041,100.7578125
08:00:30,91282CLJ8,TSRYS5875649,D,S,T,2024-09-24,1000000.00,3.622483,100.7734375
08:00:30,91282CLJ8,TSRYS5875649,D,S,T,2024-09-24,1000000.00,3.622483,100.7734375
08:00:30,91282CLJ8,TSRYS5875649,D,S,T,2024-09-24,1000000.00,3.622483,100.7734375
08:00:30,91282CLJ8,TSRYS5875649,D,S,T,2024-09-24,1000000.00,3.622483,100.7734375
08:00:30,91282CLJ8,TSRYS5875649,D,S,T,2024-09-24,1000000.00,3.621204,100.78125
08:00:30,91282CLJ8,TSRYS5875649,D,S,T,2024-09-24,1000000.00,3.622483,100.7734375
08:00:30,91282CLJ8,TSRYS5875649,D,S,T,2024-09-24,1000000.00,3.623761,100.765625
08:00:30,91282CLJ8,TSRYS5875649,D,S,T,2024-09-24,1000000.00,3.623761,100.765625
08:00:30,91282CLJ8,TSRYS5875649,D,S,T,2024-09-24,1000000.00,3.622483,100.7734375
08:00:30,91282CLJ8,TSRYS5875649,D,S,T,2024-09-24,1000000.00,3.622483,100.7734375
08:00:30,91282CLJ8,TSRYS5875649,D,S,T,2024-09-24,1000000.00,3.623761,100.765625
08:00:30,91282CLJ8,TSRYS5875649,D,S,T,2024-09-24,1000000.00,3.625041,100.7578125
08:00:30,91282CLJ8,TSRYS5875649,D,S,T,2024-09-24,1000000.00,3.622483,100.7734375
08:00:30,91282CLJ8,TSRYS5875649,D,S,T,2024-09-24,1000000.00,3.621204,100.78125
08:00:30,91282CLJ8,TSRYS5875649,D,S,T,2024-09-24,1000000.00,3.621204,100.78125
08:00:30,91282CLJ8,TSRYS5875649,D,S,T,2024-09-24,1000000.00,3.619925,100.7890625
08:00:30,91282CLJ8,TSRYS5875649,D,S,T,2024-09-24,1000000.00,3.619925,100.7890625
08:00:30,91282CLJ8,TSRYS5875649,D,S,T,2024-09-24,1000000.00,3.619925,100.7890625
08:00:30,91282CLJ8,TSRYS5875649,D,S,T,2024-09-24,1000000.00,3.619925,100.7890625
08:00:30,91282CLJ8,TSRYS5875649,D,S,T,2024-09-24,1000000.00,3.619925,100.7890625
08:00:30,91282CLJ8,TSRYS5875649,D,S,T,2024-09-24,1000000.00,3.619925,100.7890625
08:00:30,91282CLJ8,TSRYS5875649,D,S,T,2024-09-24,1000000.00,3.619925,100.7890625
08:00:30,91282CLJ8,TSRYS5875649,D,S,T,2024-09-24,1000000.00,3.619925,100.7890625
08:00:30,91282CLJ8,TSRYS5875649,D,S,T,2024-09-24,1000000.00,3.623761,100.765625
08:00:30,91282CLJ8,TSRYS5875649,D,S,T,2024-09-24,1000000.00,3.623761,100.765625
08:00:30,91282CLJ8,TSRYS5875649,D,S,T,2024-09-24,1000000.00,3.625041,100.7578125
08:00:30,91282CLJ8,TSRYS5875649,D,S,T,2024-09-24,1000000.00,3.627599,100.7421875
08:00:30,91282CLJ8,TSRYS5875649,D,S,T,2024-09-24,1000000.00,3.639118,100.671875
08:00:30,91282CLJ8,TSRYS5875649,D,S,T,2024-09-24,1000000.00,3.639118,100.671875
08:00:30,91282CLJ8,TSRYS5875649,D,S,T,2024-09-24,1000000.00,3.637838,100.6796875
08:00:30,91282CLJ8,TSRYS5875649,D,S,T,2024-09-24,1000000.00,3.640398,100.6640625
08:00:30,91282CLJ8,TSRYS5875649,D,S,T,2024-09-24,1000000.00,3.638798,100.673828125
08:00:30,91282CLJ8,TSRYS5875649,D,S,T,2024-09-24,1000000.00,3.639118,100.671875
08:00:30,91282CLJ8,TSRYS5875649,D,S,T,2024-09-24,1000000.00,3.637838,100.6796875
08:00:31,91282CLJ8,TSRYS5875649,D,S,T,2024-09-24,1000000.00,3.637838,100.6796875
08:00:31,91282CLJ8,TSRYS5875649,D,S,T,2024-09-24,1000000.00,3.638478,100.67578125
08:00:31,91282CLJ8,TSRYS5875649,D,S,T,2024-09-24,1000000.00,3.637838,100.6796875
08:00:31,91282CLJ8,TSRYS5875649,D,S,T,2024-09-24,1000000.00,3.639758,100.66796875
08:00:31,91282CLJ8,TSRYS5875649,D,S,T,2024-09-24,1000000.00,3.640398,100.6640625
08:00:31,91282CLJ8,TSRYS5875649,D,S,T,2024-09-24,2000000.00,3.641679,100.65625
08:00:31,91282CLJ8,TSRYS5875649,D,S,T,2024-09-24,1000000.00,3.641679,100.65625
08:00:31,91282CLJ8,TSRYS5875649,D,S,T,2024-09-24,1000000.00,3.640718,100.662109375
08:00:31,91282CLJ8,TSRYS5875649,D,S,T,2024-09-24,1000000.00,3.640398,100.6640625
08:00:31,91282CLJ8,TSRYS5875649,D,S,T,2024-09-24,1000000.00,3.640398,100.6640625
08:00:31,91282CLJ8,TSRYS5875649,D,S,T,2024-09-24,1000000.00,3.640398,100.6640625
08:00:31,91282CLJ8,TSRYS5875649,D,S,T,2024-09-24,1000000.00,3.640398,100.6640625
08:00:31,91282CLJ8,TSRYS5875649,D,S,T,2024-09-24,1000000.00,3.640398,100.6640625
08:00:31,91282CLJ8,TSRYS5875649,D,S,T,2024-09-24,1000000.00,3.640398,100.6640625
08:00:31,91282CLJ8,TSRYS5875649,D,S,T,2024-09-24,1000000.00,3.640398,100.6640625
08:00:31,91282CLJ8,TSRYS5875649,D,S,T,2024-09-24,1000000.00,3.640398,100.6640625
08:00:31,91282CLJ8,TSRYS5875649,D,S,T,2024-09-24,1000000.00,3.640398,100.6640625
08:00:31,91282CLJ8,TSRYS5875649,D,S,T,2024-09-24,1000000.00,3.640398,100.6640625
08:00:31,91282CLJ8,TSRYS5875649,D,S,T,2024-09-24,1000000.00,3.641679,100.65625
08:00:31,91282CLJ8,TSRYS5875649,D,S,T,2024-09-24,1000000.00,3.641679,100.65625
08:00:31,91282CLJ8,TSRYS5875649,D,S,T,2024-09-24,1000000.00,3.641679,100.65625
08:00:31,91282CLJ8,TSRYS5875649,D,S,T,2024-09-24,1000000.00,3.641679,100.65625
08:00:31,91282CLJ8,TSRYS5875649,D,S,T,2024-09-24,1000000.00,3.641679,100.65625
08:00:31,91282CLJ8,TSRYS5875649,D,S,T,2024-09-24,1000000.00,3.641679,100.65625
08:00:31,91282CLJ8,TSRYS5875649,D,S,T,2024-09-24,1000000.00,3.641679,100.65625
08:00:31,91282CLJ8,TSRYS5875649,D,S,T,2024-09-24,1000000.00,3.641679,100.65625
08:00:31,91282CLJ8,TSRYS5875649,D,S,T,2024-09-24,1000000.00,3.641679,100.65625
08:00:31,91282CLJ8,TSRYS5875649,D,S,T,2024-09-24,1000000.00,3.641679,100.65625
08:00:31,91282CLJ8,TSRYS5875649,D,S,T,2024-09-24,1000000.00,3.641679,100.65625
08:00:31,91282CLJ8,TSRYS5875649,D,S,T,2024-09-24,1000000.00,3.641679,100.65625
08:00:31,91282CLJ8,TSRYS5875649,D,S,T,2024-09-24,1000000.00,3.641679,100.65625
08:00:31,91282CLJ8,TSRYS5875649,D,S,T,2024-09-24,1000000.00,3.641679,100.65625
08:00:31,91282CLJ8,TSRYS5875649,D,S,T,2024-09-24,1000000.00,3.636557,100.6875
08:00:31,91282CLJ8,TSRYS5875649,D,S,T,2024-09-24,1000000.00,3.639118,100.671875
08:00:31,91282CLJ8,TSRYS5875649,D,S,T,2024-09-24,1000000.00,3.639118,100.671875
08:00:31,91282CLJ8,TSRYS5875649,D,S,T,2024-09-24,1000000.00,3.639118,100.671875
08:00:31,91282CLJ8,TSRYS5875649,D,S,T,2024-09-24,1000000.00,3.639118,100.671875
08:00:31,91282CLJ8,TSRYS5875649,D,S,T,2024-09-24,1000000.00,3.639118,100.671875
08:00:31,91282CLJ8,TSRYS5875649,D,S,T,2024-09-24,1000000.00,3.639118,100.671875
08:00:31,91282CLJ8,TSRYS5875649,D,S,T,2024-09-24,1000000.00,3.639118,100.671875
08:00:31,91282CLJ8,TSRYS5875649,D,S,T,2024-09-24,1000000.00,3.639118,100.671875
08:00:31,91282CLJ8,TSRYS5875649,D,S,T,2024-09-24,1000000.00,3.639118,100.671875
08:00:31,91282CLJ8,TSRYS5875649,D,S,T,2024-09-24,1000000.00,3.639118,100.671875
08:00:31,91282CLJ8,TSRYS5875649,D,S,T,2024-09-24,1000000.00,3.639118,100.671875
08:00:31,91282CLJ8,TSRYS5875649,D,S,T,2024-09-24,1000000.00,3.64296,100.6484375
08:00:31,91282CLJ8,TSRYS5875649,D,S,T,2024-09-24,1000000.00,3.644561,100.638671875
08:00:31,91282CLJ8,TSRYS5875649,D,S,T,2024-09-24,1000000.00,3.645521,100.6328125
08:00:31,91282CLJ8,TSRYS5875649,D,S,T,2024-09-24,1000000.00,3.646482,100.626953125
08:00:31,91282CLJ8,TSRYS5875649,D,S,T,2024-09-24,1000000.00,3.646162,100.62890625
08:00:31,91282CLJ8,TSRYS5875649,D,S,T,2024-09-24,1000000.00,3.649365,100.609375
08:00:31,91282CLJ8,TSRYS5875649,D,S,T,2024-09-24,1000000.00,3.650005,100.60546875
08:00:31,91282CLJ8,TSRYS5875649,D,S,T,2024-09-24,1000000.00,3.650326,100.603515625
08:00:31,91282CLJ8,TSRYS5875649,D,S,T,2024-09-24,1000000.00,3.649685,100.607421875
08:00:31,91282CLJ8,TSRYS5875649,D,S,T,2024-09-24,1000000.00,3.650646,100.6015625
08:00:31,91282CLJ8,TSRYS5875649,D,S,T,2024-09-24,1000000.00,3.650646,100.6015625
08:00:31,91282CLJ8,TSRYS5875649,D,S,T,2024-09-24,1000000.00,3.650646,100.6015625
08:00:31,91282CLJ8,TSRYS5875649,D,S,T,2024-09-24,1000000.00,3.650646,100.6015625
08:00:31,91282CLJ8,TSRYS5875649,D,S,T,2024-09-24,1000000.00,3.650966,100.599609375
08:00:31,91282CLJ8,TSRYS5875649,D,S,T,2024-09-24,1000000.00,3.650966,100.599609375
08:00:31,91282CLJ8,TSRYS5875649,D,S,T,2024-09-24,1000000.00,3.650966,100.599609375
08:00:31,91282CLJ8,TSRYS5875649,D,S,T,2024-09-24,1000000.00,3.650966,100.599609375
08:00:31,91282CLJ8,TSRYS5875649,D,S,T,2024-09-24,1000000.00,3.650966,100.599609375
08:00:31,91282CLJ8,TSRYS5875649,D,S,T,2024-09-24,1000000.00,3.653209,100.5859375
08:00:31,91282CLJ8,TSRYS5875649,D,S,T,2024-09-24,1000000.00,3.653209,100.5859375
08:00:31,91282CLJ8,TSRYS5875649,D,S,T,2024-09-24,1000000.00,3.653209,100.5859375
08:00:31,91282CLJ8,TSRYS5875649,D,S,T,2024-09-24,1000000.00,3.654491,100.578125
08:00:31,91282CLJ8,TSRYS5875649,D,S,T,2024-09-24,1000000.00,3.654491,100.578125
08:00:31,91282CLJ8,TSRYS5875649,D,S,T,2024-09-24,1000000.00,3.654491,100.578125
08:00:31,91282CLJ8,TSRYS5875649,D,S,T,2024-09-24,1000000.00,3.652889,100.587890625
08:00:31,91282CLJ8,TSRYS5875649,D,S,T,2024-09-24,1000000.00,3.65353,100.583984375
08:00:31,91282CLJ8,TSRYS5875649,D,S,T,2024-09-24,1000000.00,3.653209,100.5859375
08:00:31,91282CLJ8,TSRYS5875649,D,S,T,2024-09-24,1000000.00,3.653209,100.5859375
08:00:31,91282CLJ8,TSRYS5875649,D,S,T,2024-09-24,1000000.00,3.654491,100.578125
08:00:31,91282CLJ8,TSRYS5875649,D,S,T,2024-09-24,2000000.00,3.654491,100.578125
08:00:31,91282CLJ8,TSRYS5875649,D,S,T,2024-09-24,1000000.00,3.655773,100.5703125
08:00:31,91282CLJ8,TSRYS5875649,D,S,T,2024-09-24,1000000.00,3.655773,100.5703125
08:00:31,91282CLJ8,TSRYS5875649,D,S,T,2024-09-24,2000000.00,3.655773,100.5703125
08:00:31,91282CLJ8,TSRYS5875649,D,S,T,2024-09-24,1000000.00,3.655773,100.5703125
08:00:31,91282CLJ8,TSRYS5875649,D,S,T,2024-09-24,1000000.00,3.655773,100.5703125
08:00:31,91282CLJ8,TSRYS5875649,D,S,T,2024-09-24,1000000.00,3.655773,100.5703125
08:00:31,91282CLJ8,TSRYS5875649,D,S,T,2024-09-24,1000000.00,3.655773,100.5703125
08:00:31,91282CLJ8,TSRYS5875649,D,S,T,2024-09-24,1000000.00,3.655773,100.5703125
08:00:31,91282CLJ8,TSRYS5875649,D,S,T,2024-09-24,1000000.00,3.655773,100.5703125
08:00:31,91282CLJ8,TSRYS5875649,D,S,T,2024-09-24,1000000.00,3.655773,100.5703125
08:00:31,91282CLJ8,TSRYS5875649,D,S,T,2024-09-24,1000000.00,3.655773,100.5703125
08:00:31,91282CLJ8,TSRYS5875649,D,S,T,2024-09-24,1000000.00,3.655773,100.5703125
08:00:31,91282CLJ8,TSRYS5875649,D,S,T,2024-09-24,1000000.00,3.655773,100.5703125
08:00:31,91282CLJ8,TSRYS5875649,D,S,T,2024-09-24,1000000.00,3.655773,100.5703125
08:00:31,91282CLJ8,TSRYS5875649,D,S,T,2024-09-24,1000000.00,3.655773,100.5703125
08:00:31,91282CLJ8,TSRYS5875649,D,S,T,2024-09-24,1000000.00,3.655773,100.5703125
08:00:31,91282CLJ8,TSRYS5875649,D,S,T,2024-09-24,1000000.00,3.655773,100.5703125
08:00:31,91282CLJ8,TSRYS5875649,D,S,T,2024-09-24,1000000.00,3.654491,100.578125
08:00:31,91282CLJ8,TSRYS5875649,D,S,T,2024-09-24,1000000.00,3.655773,100.5703125
08:00:31,91282CLJ8,TSRYS5875649,D,S,T,2024-09-24,1000000.00,3.654491,100.578125
08:00:31,91282CLJ8,TSRYS5875649,D,S,T,2024-09-24,1000000.00,3.655773,100.5703125
08:00:31,91282CLJ8,TSRYS5875649,D,S,T,2024-09-24,1000000.00,3.655773,100.5703125
08:00:31,91282CLJ8,TSRYS5875649,D,S,T,2024-09-24,1000000.00,3.655773,100.5703125
08:00:31,91282CLJ8,TSRYS5875649,D,S,T,2024-09-24,1000000.00,3.653209,100.5859375
08:00:31,91282CLJ8,TSRYS5875649,D,S,T,2024-09-24,1000000.00,3.653209,100.5859375
08:00:31,91282CLJ8,TSRYS5875649,D,S,T,2024-09-24,1000000.00,3.653209,100.5859375
08:00:31,91282CLJ8,TSRYS5875649,D,S,T,2024-09-24,1000000.00,3.651928,100.59375
08:00:31,91282CLJ8,TSRYS5875649,D,S,C,2024-09-24,1000000.00,3.655452,100.572265625
08:00:31,91282CLJ8,TSRYS5875649,D,S,C,2024-09-24,1000000.00,3.655132,100.57421875
08:00:31,91282CLJ8,TSRYS5875649,D,S,T,2024-09-24,1000000.00,3.656414,100.56640625
08:00:31,91282CLJ8,TSRYS5875649,D,S,T,2024-09-24,1000000.00,3.657696,100.55859375
08:00:31,91282CLJ8,TSRYS5875649,D,S,T,2024-09-24,1000000.00,3.657696,100.55859375
08:00:31,91282CLJ8,TSRYS5875649,D,S,T,2024-09-24,1000000.00,3.657696,100.55859375
08:00:31,91282CLJ8,TSRYS5875649,D,S,T,2024-09-24,1000000.00,3.657055,100.5625
08:00:31,91282CLJ8,TSRYS5875649,D,S,T,2024-09-24,1000000.00,3.655773,100.5703125
08:00:31,91282CLJ8,TSRYS5875649,D,S,T,2024-09-24,1000000.00,3.653209,100.5859375
08:00:31,91282CLJ8,TSRYS5875649,D,S,T,2024-09-24,1000000.00,3.657055,100.5625
08:00:31,91282CLJ8,TSRYS5875649,D,S,T,2024-09-24,2000000.00,3.657055,100.5625
08:00:31,91282CLJ8,TSRYS5875649,D,S,T,2024-09-24,1000000.00,3.657055,100.5625
08:00:31,91282CLJ8,TSRYS5875649,D,S,T,2024-09-24,1000000.00,3.658337,100.5546875
08:00:31,91282CLJ8,TSRYS5875649,D,S,T,2024-09-24,1000000.00,3.658337,100.5546875
08:00:31,91282CLJ8,TSRYS5875649,D,S,T,2024-09-24,1000000.00,3.659619,100.546875
08:00:31,91282CLJ8,TSRYS5875649,D,S,T,2024-09-24,1000000.00,3.659619,100.546875
08:00:31,91282CLJ8,TSRYS5875649,D,S,T,2024-09-24,1000000.00,3.659619,100.546875
08:00:31,91282CLJ8,TSRYS5875649,D,S,T,2024-09-24,1000000.00,3.659939,100.544921875
08:00:31,91282CLJ8,TSRYS5875649,D,S,T,2024-09-24,1000000.00,3.658337,100.5546875
08:00:31,91282CLJ8,TSRYS5875649,D,S,T,2024-09-24,1000000.00,3.657055,100.5625
08:00:31,91282CLJ8,TSRYS5875649,D,S,T,2024-09-24,1000000.00,3.657055,100.5625
08:00:31,91282CLJ8,TSRYS5875649,D,S,C,2024-09-24,1000000.00,3.655773,100.5703125
08:00:31,91282CLJ8,TSRYS5875649,D,S,D,2024-09-24,2000000.00,3.655773,100.5703125
08:00:31,91282CLJ8,TSRYS5875649,D,S,C,2024-09-24,1000000.00,3.655132,100.57421875
08:00:31,91282CLJ8,TSRYS5875649,D,S,C,2024-09-24,1000000.00,3.655132,100.57421875
08:00:31,91282CLJ8,TSRYS5875649,D,S,D,2024-09-24,1000000.00,3.655132,100.57421875
08:00:31,91282CLJ8,TSRYS5875649,D,S,T,2024-09-24,1000000.00,3.657055,100.5625
08:00:31,91282CLJ8,TSRYS5875649,D,S,T,2024-09-24,1000000.00,3.654491,100.578125
08:00:31,91282CLJ8,TSRYS5875649,D,S,T,2024-09-24,1000000.00,3.654491,100.578125
08:00:31,91282CLJ8,TSRYS5875649,D,S,T,2024-09-24,1000000.00,3.654811,100.576171875
08:00:31,91282CLJ8,TSRYS5875649,D,S,T,2024-09-24,1000000.00,3.654811,100.576171875
08:00:31,91282CLJ8,TSRYS5875649,D,S,T,2024-09-24,2000000.00,3.654811,100.576171875
08:00:31,91282CLJ8,TSRYS5875649,D,S,T,2024-09-24,2000000.00,3.654811,100.576171875
08:00:31,91282CLJ8,TSRYS5875649,D,S,T,2024-09-24,3000000.00,3.654811,100.576171875
08:00:31,91282CLJ8,TSRYS5875649,D,S,T,2024-09-24,1000000.00,3.654491,100.578125
08:00:31,91282CLJ8,TSRYS5875649,D,S,T,2024-09-24,1000000.00,3.655773,100.5703125
08:00:31,91282CLJ8,TSRYS5875649,D,S,T,2024-09-24,1000000.00,3.657055,100.5625
08:00:31,91282CLJ8,TSRYS5875649,D,S,T,2024-09-24,1000000.00,3.659619,100.546875
08:00:31,91282CLJ8,TSRYS5875649,D,S,T,2024-09-24,1000000.00,3.657055,100.5625
08:00:31,91282CLJ8,TSRYS5875649,D,S,C,2024-09-24,1000000.00,3.657696,100.55859375
08:00:31,91282CLJ8,TSRYS5875649,D,S,T,2024-09-24,1000000.00,3.658337,100.5546875
08:00:31,91282CLJ8,TSRYS5875649,D,S,T,2024-09-24,1000000.00,3.660901,100.5390625
08:00:31,91282CLJ8,TSRYS5875649,D,S,T,2024-09-24,1000000.00,3.662184,100.53125
08:00:31,91282CLJ8,TSRYS5875649,D,S,T,2024-09-24,1000000.00,3.662184,100.53125
08:00:31,91282CLJ8,TSRYS5875649,D,S,T,2024-09-24,1000000.00,3.662184,100.53125
08:00:31,91282CLJ8,TSRYS5875649,D,S,T,2024-09-24,1000000.00,3.663466,100.5234375
08:00:31,91282CLJ8,TSRYS5875649,D,S,T,2024-09-24,1000000.00,3.663466,100.5234375
08:00:31,91282CLJ8,TSRYS5875649,D,S,T,2024-09-24,1000000.00,3.663466,100.5234375
08:00:31,91282CLJ8,TSRYS5875649,D,S,T,2024-09-24,1000000.00,3.660901,100.5390625
08:00:31,91282CLJ8,TSRYS5875649,D,S,T,2024-09-24,1000000.00,3.660901,100.5390625
08:00:31,91282CLJ8,TSRYS5875649,D,S,T,2024-09-24,1000000.00,3.659619,100.546875
08:00:31,91282CLJ8,TSRYS5875649,D,S,T,2024-09-24,1000000.00,3.659619,100.546875
08:00:31,91282CLJ8,TSRYS5875649,D,S,T,2024-09-24,1000000.00,3.659619,100.546875
08:00:31,91282CLJ8,TSRYS5875649,D,S,T,2024-09-24,1000000.00,3.657055,100.5625
08:00:31,91282CLJ8,TSRYS5875649,D,S,T,2024-09-24,1000000.00,3.658337,100.5546875
08:00:31,91282CLJ8,TSRYS5875649,D,S,T,2024-09-24,2000000.00,3.658337,100.5546875
08:00:31,91282CLJ8,TSRYS5875649,D,S,T,2024-09-24,2000000.00,3.658337,100.5546875
08:00:31,91282CLJ8,TSRYS5875649,D,S,T,2024-09-24,1000000.00,3.659619,100.546875
08:00:31,91282CLJ8,TSRYS5875649,D,S,T,2024-09-24,1000000.00,3.66026,100.54296875
08:00:31,91282CLJ8,TSRYS5875649,D,S,T,2024-09-24,1000000.00,3.658337,100.5546875
08:00:31,91282CLJ8,TSRYS5875649,D,S,T,2024-09-24,1000000.00,3.658337,100.5546875
08:00:31,91282CLJ8,TSRYS5875649,D,S,T,2024-09-24,1000000.00,3.658337,100.5546875
08:00:31,91282CLJ8,TSRYS5875649,D,S,T,2024-09-24,1000000.00,3.657055,100.5625
08:00:31,91282CLJ8,TSRYS5875649,D,S,T,2024-09-24,1000000.00,3.657055,100.5625
08:00:31,91282CLJ8,TSRYS5875649,D,S,T,2024-09-24,1000000.00,3.657055,100.5625
08:00:31,91282CLJ8,TSRYS5875649,D,S,T,2024-09-24,1000000.00,3.658337,100.5546875
08:00:31,91282CLJ8,TSRYS5875649,D,S,T,2024-09-24,1000000.00,3.658337,100.5546875
08:00:31,91282CLJ8,TSRYS5875649,D,S,T,2024-09-24,1000000.00,3.655773,100.5703125
08:00:31,91282CLJ8,TSRYS5875649,D,S,T,2024-09-24,1000000.00,3.655773,100.5703125
08:00:31,91282CLJ8,TSRYS5875649,D,S,T,2024-09-24,1000000.00,3.655132,100.57421875
08:00:31,91282CLJ8,TSRYS5875649,D,S,T,2024-09-24,1000000.00,3.654491,100.578125
08:00:31,91282CLJ8,TSRYS5875649,D,S,T,2024-09-24,1000000.00,3.654811,100.576171875
08:00:31,91282CLJ8,TSRYS5875649,D,S,T,2024-09-24,1000000.00,3.654491,100.578125
08:00:31,91282CLJ8,TSRYS5875649,D,S,T,2024-09-24,1000000.00,3.654491,100.578125
08:00:31,91282CLJ8,TSRYS5875649,D,S,T,2024-09-24,1000000.00,3.653209,100.5859375
08:00:31,91282CLJ8,TSRYS5875649,D,S,T,2024-09-24,1000000.00,3.653209,100.5859375
08:00:31,91282CLJ8,TSRYS5875649,D,S,T,2024-09-24,4000000.00,3.653209,100.5859375
08:00:31,91282CLJ8,TSRYS5875649,D,S,T,2024-09-24,1000000.00,3.653209,100.5859375
08:00:31,91282CLJ8,TSRYS5875649,D,S,T,2024-09-24,1000000.00,3.653209,100.5859375
08:00:31,91282CLJ8,TSRYS5875649,D,S,T,2024-09-24,1000000.00,3.650646,100.6015625
08:00:31,91282CLJ8,TSRYS5875649,D,S,T,2024-09-24,1000000.00,3.653209,100.5859375
08:00:31,91282CLJ8,TSRYS5875649,D,S,T,2024-09-24,1000000.00,3.651928,100.59375
08:00:31,91282CLJ8,TSRYS5875649,D,S,D,2024-09-24,2000000.00,3.649685,100.607421875
08:00:31,91282CLJ8,TSRYS5875649,D,S,T,2024-09-24,1000000.00,3.650646,100.6015625
08:00:31,91282CLJ8,TSRYS5875649,D,S,T,2024-09-24,1000000.00,3.650646,100.6015625
08:00:31,91282CLJ8,TSRYS5875649,D,S,T,2024-09-24,1000000.00,3.651928,100.59375
08:00:31,91282CLJ8,TSRYS5875649,D,S,T,2024-09-24,1000000.00,3.651928,100.59375
08:00:31,91282CLJ8,TSRYS5875649,D,S,T,2024-09-24,1000000.00,3.654491,100.578125
08:00:31,91282CLJ8,TSRYS5875649,D,S,T,2024-09-24,1000000.00,3.654491,100.578125
08:00:31,91282CLJ8,TSRYS5875649,D,S,T,2024-09-24,1000000.00,3.654491,100.578125
08:00:31,91282CLJ8,TSRYS5875649,D,S,T,2024-09-24,1000000.00,3.655132,100.57421875
08:00:31,91282CLJ8,TSRYS5875649,D,S,T,2024-09-24,1000000.00,3.657055,100.5625
08:00:31,91282CLJ8,TSRYS5875649,D,S,T,2024-09-24,2000000.00,3.657055,100.5625
08:00:31,91282CLJ8,TSRYS5875649,D,S,T,2024-09-24,2000000.00,3.657696,100.55859375
08:00:31,91282CLJ8,TSRYS5875649,D,S,T,2024-09-24,1000000.00,3.656093,100.568359375
08:00:31,91282CLJ8,TSRYS5875649,D,S,T,2024-09-24,1000000.00,3.655773,100.5703125
08:00:31,91282CLJ8,TSRYS5875649,D,S,T,2024-09-24,1000000.00,3.655773,100.5703125
08:00:31,91282CLJ8,TSRYS5875649,D,S,T,2024-09-24,1000000.00,3.655773,100.5703125
08:00:31,91282CLJ8,TSRYS5875649,D,S,T,2024-09-24,1000000.00,3.655773,100.5703125
08:00:31,91282CLJ8,TSRYS5875649,D,S,T,2024-09-24,1000000.00,3.655773,100.5703125
08:00:31,91282CLJ8,TSRYS5875649,D,S,T,2024-09-24,1000000.00,3.655773,100.5703125
08:00:31,91282CLJ8,TSRYS5875649,D,S,T,2024-09-24,1000000.00,3.655773,100.5703125
08:00:31,91282CLJ8,TSRYS5875649,D,S,T,2024-09-24,1000000.00,3.655773,100.5703125
08:00:31,91282CLJ8,TSRYS5875649,D,S,T,2024-09-24,1000000.00,3.655773,100.5703125
08:00:31,91282CLJ8,TSRYS5875649,D,S,T,2024-09-24,1000000.00,3.657055,100.5625
08:00:31,91282CLJ8,TSRYS5875649,D,S,T,2024-09-24,1000000.00,3.655773,100.5703125
08:00:31,91282CLJ8,TSRYS5875649,D,S,T,2024-09-24,1000000.00,3.655773,100.5703125
08:00:31,91282CLJ8,TSRYS5875649,D,S,T,2024-09-24,1000000.00,3.655132,100.57421875
08:00:31,91282CLJ8,TSRYS5875649,D,S,T,2024-09-24,1000000.00,3.654491,100.578125
08:00:31,91282CLJ8,TSRYS5875649,D,S,T,2024-09-24,1000000.00,3.657055,100.5625
08:00:31,91282CLJ8,TSRYS5875649,D,S,T,2024-09-24,1000000.00,3.657375,100.560546875
08:00:31,91282CLJ8,TSRYS5875649,D,S,T,2024-09-24,1000000.00,3.655773,100.5703125
08:00:31,91282CLJ8,TSRYS5875649,D,S,T,2024-09-24,1000000.00,3.657055,100.5625
08:00:31,91282CLJ8,TSRYS5875649,D,S,T,2024-09-24,1000000.00,3.658337,100.5546875
08:00:32,91282CLJ8,TSRYS5875649,D,S,T,2024-09-24,1000000.00,3.659619,100.546875
08:00:32,91282CLJ8,TSRYS5875649,D,S,T,2024-09-24,1000000.00,3.659619,100.546875
08:00:32,91282CLJ8,TSRYS5875649,D,S,T,2024-09-24,1000000.00,3.659619,100.546875
08:00:32,91282CLJ8,TSRYS5875649,D,S,T,2024-09-24,1000000.00,3.659619,100.546875
08:00:32,91282CLJ8,TSRYS5875649,D,S,T,2024-09-24,1000000.00,3.659619,100.546875
08:00:32,91282CLJ8,TSRYS5875649,D,S,T,2024-09-24,1000000.00,3.659619,100.546875
08:00:32,91282CLJ8,TSRYS5875649,D,S,T,2024-09-24,1000000.00,3.659619,100.546875
08:00:32,91282CLJ8,TSRYS5875649,D,S,T,2024-09-24,1000000.00,3.659619,100.546875
08:00:32,91282CLJ8,TSRYS5875649,D,S,T,2024-09-24,1000000.00,3.659619,100.546875
08:00:32,91282CLJ8,TSRYS5875649,D,S,T,2024-09-24,1000000.00,3.659619,100.546875
08:00:32,91282CLJ8,TSRYS5875649,D,S,T,2024-09-24,1000000.00,3.659619,100.546875
08:00:32,91282CLJ8,TSRYS5875649,D,S,T,2024-09-24,1000000.00,3.659619,100.546875
08:00:32,91282CLJ8,TSRYS5875649,D,S,T,2024-09-24,1000000.00,3.659619,100.546875
08:00:32,91282CLJ8,TSRYS5875649,D,S,T,2024-09-24,1000000.00,3.659619,100.546875
08:00:32,91282CLJ8,TSRYS5875649,D,S,T,2024-09-24,2000000.00,3.664749,100.515625
08:00:32,91282CLJ8,TSRYS5875649,D,S,T,2024-09-24,1000000.00,3.664749,100.515625
08:00:32,91282CLJ8,TSRYS5875649,D,S,T,2024-09-24,1000000.00,3.66539,100.51171875
08:00:32,91282CLJ8,TSRYS5875649,D,S,T,2024-09-24,1000000.00,3.665069,100.513671875
08:00:32,91282CLJ8,TSRYS5875649,D,S,T,2024-09-24,1000000.00,3.663466,100.5234375
08:00:32,91282CLJ8,TSRYS5875649,D,S,T,2024-09-24,1000000.00,3.665069,100.513671875
08:00:32,91282CLJ8,TSRYS5875649,D,S,T,2024-09-24,1000000.00,3.663466,100.5234375
08:00:32,91282CLJ8,TSRYS5875649,D,S,T,2024-09-24,1000000.00,3.664749,100.515625
08:00:32,91282CLJ8,TSRYS5875649,D,S,T,2024-09-24,2000000.00,3.664749,100.515625
08:00:32,91282CLJ8,TSRYS5875649,D,S,T,2024-09-24,1000000.00,3.664749,100.515625
08:00:32,91282CLJ8,TSRYS5875649,D,S,T,2024-09-24,2000000.00,3.664749,100.515625
08:00:32,91282CLJ8,TSRYS5875649,D,S,T,2024-09-24,1000000.00,3.664749,100.515625
08:00:32,91282CLJ8,TSRYS5875649,D,S,T,2024-09-24,3000000.00,3.664749,100.515625
08:00:32,91282CLJ8,TSRYS5875649,D,S,T,2024-09-24,1000000.00,3.664749,100.515625
08:00:32,91282CLJ8,TSRYS5875649,D,S,T,2024-09-24,1000000.00,3.665069,100.513671875
08:00:32,91282CLJ8,TSRYS5875649,D,S,T,2024-09-24,1000000.00,3.664749,100.515625
08:00:32,91282CLJ8,TSRYS5875649,D,S,T,2024-09-24,1000000.00,3.664749,100.515625
08:00:32,91282CLJ8,TSRYS5875649,D,S,T,2024-09-24,1000000.00,3.664749,100.515625
08:00:32,91282CLJ8,TSRYS5875649,D,S,T,2024-09-24,1000000.00,3.664749,100.515625
08:00:32,91282CLJ8,TSRYS5875649,D,S,T,2024-09-24,1000000.00,3.664749,100.515625
08:00:32,91282CLJ8,TSRYS5875649,D,S,T,2024-09-24,1000000.00,3.664749,100.515625
08:00:32,91282CLJ8,TSRYS5875649,D,S,T,2024-09-24,1000000.00,3.664749,100.515625
08:00:32,91282CLJ8,TSRYS5875649,D,S,D,2024-09-24,1000000.00,3.619605,100.791015625
08:00:32,91282CLJ8,TSRYS5875649,D,S,D,2024-09-24,1000000.00,3.611616,100.83984375
08:00:32,91282CLJ8,TSRYS5875649,D,S,D,2024-09-24,1000000.00,3.612894,100.83203125
08:00:32,91282CLJ8,TSRYS5875649,D,S,D,2024-09-24,1000000.00,3.612574,100.833984375
08:00:32,91282CLJ8,TSRYS5875649,D,S,D,2024-09-24,1000000.00,3.618327,100.798828125
08:00:32,91282CLJ8,TSRYS5875649,D,S,D,2024-09-24,1000000.00,3.618646,100.796875
08:00:32,91282CLJ8,TSRYS5875649,D,S,D,2024-09-24,1000000.00,3.628878,100.734375
08:00:32,91282CLJ8,TSRYS5875649,D,S,D,2024-09-24,1000000.00,3.628878,100.734375
08:00:32,91282CLJ8,TSRYS5875649,D,S,D,2024-09-24,1000000.00,3.628878,100.734375
08:00:32,91282CLJ8,TSRYS5875649,D,S,D,2024-09-24,1000000.00,3.640078,100.666015625
08:00:32,91282CLJ8,TSRYS5875649,D,S,D,2024-09-24,1000000.00,3.650005,100.60546875
08:00:32,91282CLJ8,TSRYS5875649,D,S,D,2024-09-24,1000000.00,3.65417,100.580078125
08:00:32,91282CLJ8,TSRYS5875649,D,S,D,2024-09-24,1000000.00,3.658978,100.55078125
08:00:32,91282CLJ8,TSRYS5875649,D,S,D,2024-09-24,1000000.00,3.658337,100.5546875
08:00:32,91282CLJ8,TSRYS5875649,D,S,D,2024-09-24,1000000.00,3.658337,100.5546875
08:00:32,91282CLJ8,TSRYS5875649,D,S,D,2024-09-24,1000000.00,3.654491,100.578125
08:00:32,91282CLJ8,TSRYS5875649,D,S,D,2024-09-24,1000000.00,3.650326,100.603515625
08:00:32,91282CLJ8,TSRYS5875649,D,S,D,2024-09-24,1000000.00,3.649685,100.607421875
08:00:32,91282CLJ8,TSRYS5875649,D,S,D,2024-09-24,1000000.00,3.658016,100.556640625
08:00:32,91282CLJ8,TSRYS5875649,D,S,D,2024-09-24,1000000.00,3.667956,100.49609375
08:00:32,91282CLJ8,TSRYS5875649,D,S,D,2024-09-24,1000000.00,3.664749,100.515625
08:00:32,91282CLJ8,TSRYS5875649,D,S,D,2024-09-24,1000000.00,3.616089,100.8125
08:00:32,91282CLJ8,TSRYS5875649,D,S,D,2024-09-24,1000000.00,3.62568,100.75390625
08:00:32,91282CLJ8,TSRYS5875649,D,S,D,2024-09-24,1000000.00,3.62568,100.75390625
08:00:33,91282CLJ8,TSRYS5875649,D,S,T,2024-09-24,1000000.00,3.639118,100.671875
08:00:33,91282CLJ8,TSRYS5875649,D,S,D,2024-09-24,2000000.00,3.638158,100.677734375
08:00:33,91282CLJ8,TSRYS5875649,D,S,D,2024-09-24,2000000.00,3.654491,100.578125
08:00:33,91282CLJ8,TSRYS5875649,D,S,D,2024-09-24,1000000.00,3.654491,100.578125
08:00:33,91282CLJ8,TSRYS5875649,D,S,D,2024-09-24,2000000.00,3.654491,100.578125
08:00:33,91282CLJ8,TSRYS5875649,D,S,T,2024-09-24,1000000.00,3.618646,100.796875
08:00:33,91282CLJ8,TSRYS5875649,D,S,T,2024-09-24,1000000.00,3.612894,100.83203125
08:00:33,91282CLJ8,TSRYS5875649,D,S,T,2024-09-24,1000000.00,3.612894,100.83203125
08:00:33,91282CLJ8,TSRYS5875649,D,S,T,2024-09-24,1000000.00,3.612894,100.83203125
08:00:33,91282CLJ8,TSRYS5875649,D,S,T,2024-09-24,1000000.00,3.612894,100.83203125
08:00:33,91282CLJ8,TSRYS5875649,D,S,T,2024-09-24,1000000.00,3.640398,100.6640625
08:00:33,91282CLJ8,TSRYS5875649,D,S,T,2024-09-24,1000000.00,3.638158,100.677734375
08:00:33,91282CLJ8,TSRYS5875649,D,S,T,2024-09-24,1000000.00,3.638158,100.677734375
08:00:33,91282CLJ8,TSRYS5875649,D,S,T,2024-09-24,1000000.00,3.637517,100.681640625
08:00:33,91282CLJ8,TSRYS5875649,D,S,T,2024-09-24,1000000.00,3.636237,100.689453125
08:00:33,91282CLJ8,TSRYS5875649,D,S,T,2024-09-24,1000000.00,3.636237,100.689453125
08:00:33,91282CLJ8,TSRYS5875649,D,S,T,2024-09-24,1000000.00,3.636877,100.685546875
08:00:33,91282CLJ8,TSRYS5875649,D,S,T,2024-09-24,1000000.00,3.636877,100.685546875
08:00:33,91282CLJ8,TSRYS5875649,D,S,T,2024-09-24,1000000.00,3.644561,100.638671875
08:00:33,91282CLJ8,TSRYS5875649,D,S,T,2024-09-24,1000000.00,3.644561,100.638671875
08:00:33,91282CLJ8,TSRYS5875649,D,S,T,2024-09-24,1000000.00,3.645841,100.630859375
08:00:33,91282CLJ8,TSRYS5875649,D,S,T,2024-09-24,1000000.00,3.645841,100.630859375
08:00:33,91282CLJ8,TSRYS5875649,D,S,T,2024-09-24,1000000.00,3.646162,100.62890625
08:00:33,91282CLJ8,TSRYS5875649,D,S,T,2024-09-24,1000000.00,3.646802,100.625
08:00:33,91282CLJ8,TSRYS5875649,D,S,T,2024-09-24,1000000.00,3.646162,100.62890625
08:00:33,91282CLJ8,TSRYS5875649,D,S,T,2024-09-24,1000000.00,3.648404,100.615234375
08:00:33,91282CLJ8,TSRYS5875649,D,S,T,2024-09-24,2000000.00,3.648404,100.615234375
08:00:33,91282CLJ8,TSRYS5875649,D,S,T,2024-09-24,1000000.00,3.649685,100.607421875
08:00:33,91282CLJ8,TSRYS5875649,D,S,T,2024-09-24,1000000.00,3.650326,100.603515625
08:00:33,91282CLJ8,TSRYS5875649,D,S,T,2024-09-24,1000000.00,3.649685,100.607421875
08:00:33,91282CLJ8,TSRYS5875649,D,S,T,2024-09-24,1000000.00,3.649685,100.607421875
08:00:33,91282CLJ8,TSRYS5875649,D,S,T,2024-09-24,1000000.00,3.650326,100.603515625
08:00:33,91282CLJ8,TSRYS5875649,D,S,T,2024-09-24,1000000.00,3.650646,100.6015625
08:00:33,91282CLJ8,TSRYS5875649,D,S,T,2024-09-24,1000000.00,3.650646,100.6015625
08:00:33,91282CLJ8,TSRYS5875649,D,S,T,2024-09-24,1000000.00,3.650966,100.599609375
08:00:33,91282CLJ8,TSRYS5875649,D,S,T,2024-09-24,1000000.00,3.653209,100.5859375
08:00:33,91282CLJ8,TSRYS5875649,D,S,T,2024-09-24,1000000.00,3.653209,100.5859375
08:00:33,91282CLJ8,TSRYS5875649,D,S,T,2024-09-24,1000000.00,3.655452,100.572265625
08:00:33,91282CLJ8,TSRYS5875649,D,S,T,2024-09-24,1000000.00,3.655773,100.5703125
08:00:33,91282CLJ8,TSRYS5875649,D,S,T,2024-09-24,1000000.00,3.653209,100.5859375
08:00:33,91282CLJ8,TSRYS5875649,D,S,T,2024-09-24,1000000.00,3.653209,100.5859375
08:00:33,91282CLJ8,TSRYS5875649,D,S,T,2024-09-24,1000000.00,3.639118,100.671875
08:00:33,91282CLJ8,TSRYS5875649,D,S,A,2024-09-24,30000000.00,3.65385,100.58203125
08:00:34,91282CLJ8,TSRYS5875649,D,S,A,2024-09-24,1800000.00,3.653209,100.5859375
08:00:34,91282CLJ8,TSRYS5875649,D,S,T,2024-09-24,1000000.00,3.653209,100.5859375
08:00:34,91282CLJ8,TSRYS5875649,D,S,T,2024-09-24,1000000.00,3.653209,100.5859375
08:00:34,91282CLJ8,TSRYS5875649,D,B,A,2024-09-24,535000.00,3.65385,100.58203125
08:00:34,91282CLJ8,TSRYS5875649,D,S,A,2024-09-24,1920000.00,3.655132,100.57421875
08:00:34,91282CLJ8,TSRYS5875649,D,S,T,2024-09-24,1000000.00,3.655452,100.572265625
08:00:34,91282CLJ8,TSRYS5875649,D,S,T,2024-09-24,1000000.00,3.655132,100.57421875
08:00:34,91282CLJ8,TSRYS5875649,D,S,T,2024-09-24,1000000.00,3.654811,100.576171875
08:00:34,91282CLJ8,TSRYS5875649,D,S,T,2024-09-24,1000000.00,3.655452,100.572265625
08:00:34,91282CLJ8,TSRYS5875649,D,S,T,2024-09-24,1000000.00,3.655132,100.57421875
08:00:34,91282CLJ8,TSRYS5875649,D,S,T,2024-09-24,1000000.00,3.654811,100.576171875
08:00:34,91282CLJ8,TSRYS5875649,D,S,T,2024-09-24,4000000.00,3.654811,100.576171875
08:00:34,91282CLJ8,TSRYS5875649,D,S,T,2024-09-24,1000000.00,3.659298,100.548828125
08:00:34,91282CLJ8,TSRYS5875649,D,S,T,2024-09-24,1000000.00,3.659298,100.548828125
08:00:34,91282CLJ8,TSRYS5875649,D,S,T,2024-09-24,1000000.00,3.657055,100.5625
08:00:34,91282CLJ8,TSRYS5875649,D,S,T,2024-09-24,1000000.00,3.657696,100.55859375
08:00:34,91282CLJ8,TSRYS5875649,D,S,T,2024-09-24,1000000.00,3.655773,100.5703125
08:00:34,91282CLJ8,TSRYS5875649,D,S,T,2024-09-24,1000000.00,3.656414,100.56640625
08:00:34,91282CLJ8,TSRYS5875649,D,S,T,2024-09-24,1000000.00,3.656093,100.568359375
08:00:34,91282CLJ8,TSRYS5875649,D,S,T,2024-09-24,1000000.00,3.655452,100.572265625
08:00:34,91282CLJ8,TSRYS5875649,D,S,T,2024-09-24,1000000.00,3.654491,100.578125
08:00:34,91282CLJ8,TSRYS5875649,D,S,A,2024-09-24,1200000.00,3.655773,100.5703125
08:00:34,91282CLJ8,TSRYS5875649,D,B,C,2024-09-24,3464000.00,3.664749,100.515625
08:00:34,91282CLJ8,TSRYS5875649,D,S,D,2024-09-24,95000.00,3.663466,100.5234375
08:00:37,91282CLJ8,TSRYS5875649,D,S,D,2024-09-24,1000000.00,3.660901,100.5390625
08:00:39,91282CLJ8,TSRYS5875649,D,S,T,2024-09-24,1000000.00,3.639118,100.671875
08:00:39,91282CLJ8,TSRYS5875649,D,S,T,2024-09-24,1000000.00,3.655773,100.5703125
08:00:39,91282CLJ8,TSRYS5875649,D,S,T,2024-09-24,1000000.00,3.655773,100.5703125
08:00:39,91282CLJ8,TSRYS5875649,D,S,T,2024-09-24,1000000.00,3.655773,100.5703125
08:00:39,91282CLJ8,TSRYS5875649,D,S,T,2024-09-24,2000000.00,3.666031,100.5078125
08:00:40,91282CLJ8,TSRYS5875649,D,S,T,2024-09-24,1000000.00,3.617368,100.8046875
08:00:40,91282CLJ8,TSRYS5875649,D,S,D,2024-09-24,1000000.00,3.616409,100.810546875
08:00:40,91282CLJ8,TSRYS5875649,D,S,D,2024-09-24,1000000.00,3.616089,100.8125
08:00:40,91282CLJ8,TSRYS5875649,D,S,D,2024-09-24,1000000.00,3.659619,100.546875
08:00:40,91282CLJ8,TSRYS5875649,D,S,T,2024-09-24,1000000.00,3.659939,100.544921875
08:00:40,91282CLJ8,TSRYS5875649,D,S,T,2024-09-24,1000000.00,3.662184,100.53125
08:00:40,91282CLJ8,TSRYS5875649,D,S,D,2024-09-24,1000000.00,3.667314,100.5
08:00:40,91282CLJ8,TSRYS5875649,D,S,D,2024-09-24,1000000.00,3.667314,100.5
08:00:40,91282CLJ8,TSRYS5875649,D,S,D,2024-09-24,1000000.00,3.667314,100.5
08:00:40,91282CLJ8,TSRYS5875649,D,S,D,2024-09-24,1000000.00,3.666031,100.5078125
08:00:40,91282CLJ8,TSRYS5875649,D,S,D,2024-09-24,1000000.00,3.664749,100.515625
08:00:43,91282CLJ8,TSRYS5875649,D,S,C,2024-09-24,1000000.00,3.664428,100.517578125
08:00:43,91282CLJ8,TSRYS5875649,D,S,C,2024-09-24,1000000.00,3.664428,100.517578125
08:00:44,91282CLJ8,TSRYS5875649,D,S,D,2024-09-24,1990000.00,3.662825,100.52734375
08:00:44,91282CLJ8,TSRYS5875649,D,S,D,2024-09-24,1992000.00,3.664107,100.51953125
08:00:44,91282CLJ8,TSRYS5875649,D,S,D,2024-09-24,1995000.00,3.66539,100.51171875
08:00:44,91282CLJ8,TSRYS5875649,D,S,D,2024-09-24,1994000.00,3.667314,100.5
08:00:44,91282CLJ8,TSRYS5875649,D,S,D,2024-09-24,1994000.00,3.667314,100.5
08:00:44,91282CLJ8,TSRYS5875649,D,S,D,2024-09-24,1850000.00,3.614811,100.8203125
08:00:44,91282CLJ8,TSRYS5875649,D,S,D,2024-09-24,1000000.00,3.663787,100.521484375
08:00:44,91282CLJ8,TSRYS5875649,D,B,C,2024-09-24,1000000.00,3.663787,100.521484375
08:00:44,91282CLJ8,TSRYS5875649,D,S,D,2024-09-24,1000000.00,3.664749,100.515625
08:00:44,91282CLJ8,TSRYS5875649,D,B,C,2024-09-24,1000000.00,3.664749,100.515625
08:00:44,91282CLJ8,TSRYS5875649,D,S,D,2024-09-24,1000000.00,3.664749,100.515625
08:00:44,91282CLJ8,TSRYS5875649,D,S,D,2024-09-24,1000000.00,3.664749,100.515625
08:00:44,91282CLJ8,TSRYS5875649,D,S,D,2024-09-24,3250000.00,3.619925,100.7890625
08:00:46,91282CLJ8,TSRYS5875649,D,S,C,2024-09-24,1300000.00,3.657696,100.55859375
08:00:47,91282CLJ8,TSRYS5875649,D,S,D,2024-09-24,1000000.00,3.637197,100.68359375
08:00:50,91282CLJ8,TSRYS5875649,D,S,D,2024-09-24,1000000.00,3.650005,100.60546875
08:00:50,91282CLJ8,TSRYS5875649,D,S,T,2024-09-24,4000000.00,3.654491,100.578125
08:00:50,91282CLJ8,TSRYS5875649,D,S,T,2024-09-24,1000000.00,3.654491,100.578125
08:00:50,91282CLJ8,TSRYS5875649,D,S,D,2024-09-24,4000000.00,3.654491,100.578125
08:00:50,91282CLJ8,TSRYS5875649,D,S,D,2024-09-24,1000000.00,3.654491,100.578125
08:00:50,91282CLJ8,TSRYS5875649,D,S,D,2024-09-24,500000.00,3.65385,100.58203125
08:00:52,91282CLJ8,TSRYS5875649,D,S,T,2024-09-24,1000000.00,3.61545,100.81640625
08:00:52,91282CLJ8,TSRYS5875649,D,S,T,2024-09-24,1000000.00,3.61545,100.81640625
08:00:52,91282CLJ8,TSRYS5875649,D,S,T,2024-09-24,1000000.00,3.61545,100.81640625
08:00:52,91282CLJ8,TSRYS5875649,D,S,D,2024-09-24,1850000.00,3.614811,100.8203125
08:00:52,91282CLJ8,TSRYS5875649,D,S,D,2024-09-24,1000000.00,3.625041,100.7578125
08:00:52,91282CLJ8,TSRYS5875649,D,S,T,2024-09-24,1000000.00,3.610994,100.843648
08:00:52,91282CLJ8,TSRYS5875649,D,S,A,2024-09-24,1850000.00,3.614811,100.8203125
08:00:52,91282CLJ8,TSRYS5875649,D,S,T,2024-09-24,2000000.00,3.610994,100.843648
08:00:56,91282CLJ8,TSRYS5875649,D,B,A,2024-09-24,1000000.00,3.657055,100.5625
08:00:58,91282CLJ8,TSRYS5875649,D,S,D,2024-09-24,1000000.00,3.65385,100.58203125
08:00:58,91282CLJ8,TSRYS5875649,D,S,T,2024-09-24,6000000.00,3.653209,100.5859375
08:00:59,91282CLJ8,TSRYS5875649,D,S,T,2024-09-24,2000000.00,3.655773,100.5703125
08:00:59,91282CLJ8,TSRYS5875649,D,S,D,2024-09-24,1000000.00,3.658657,100.552734375
08:00:59,91282CLJ8,TSRYS5875649,D,S,D,2024-09-24,1000000.00,3.659298,100.548828125
08:00:59,91282CLJ8,TSRYS5875649,D,S,T,2024-09-24,1000000.00,3.658337,100.5546875
08:00:59,91282CLJ8,TSRYS5875649,D,S,D,2024-09-24,1000000.00,3.662825,100.52734375
08:01:00,91282CLJ8,TSRYS5875649,D,S,D,2024-09-24,1000000.00,3.662825,100.52734375
08:01:00,91282CLJ8,TSRYS5875649,D,S,T,2024-09-24,1000000.00,3.657696,100.55859375
08:01:00,91282CLJ8,TSRYS5875649,D,S,T,2024-09-24,1000000.00,3.65643,100.56630625
08:01:00,91282CLJ8,TSRYS5875649,D,S,D,2024-09-24,1000000.00,3.65353,100.583984375
08:01:01,91282CLJ8,TSRYS5875649,D,S,T,2024-09-24,4000000.00,3.656093,100.568359375
08:01:01,91282CLJ8,TSRYS5875649,D,S,T,2024-09-24,3000000.00,3.656414,100.56640625
08:01:01,91282CLJ8,TSRYS5875649,D,B,A,2024-09-24,4710000.00,3.637838,100.6796875
08:01:01,91282CLJ8,TSRYS5875649,D,S,T,2024-09-24,1000000.00,3.655773,100.5703125
08:01:01,91282CLJ8,TSRYS5875649,D,S,D,2024-09-24,1300000.00,3.657696,100.55859375
08:01:01,91282CLJ8,TSRYS5875649,D,S,D,2024-09-24,1000000.00,3.660901,100.5390625
08:01:01,91282CLJ8,TSRYS5875649,D,S,T,2024-09-24,1000000.00,3.665727,100.509665625
08:01:01,91282CLJ8,TSRYS5875649,D,S,T,2024-09-24,2000000.00,3.665727,100.509665625
08:01:01,91282CLJ8,TSRYS5875649,D,S,D,2024-09-24,1000000.00,3.666031,100.5078125
08:01:01,91282CLJ8,TSRYS5875649,D,S,C,2024-09-24,2900000.00,3.667314,100.5
08:01:02,91282CLJ8,TSRYS5875649,D,S,T,2024-09-24,1000000.00,3.666031,100.5078125
08:01:03,91282CLJ8,TSRYS5875649,D,S,D,2024-09-24,1000000.00,3.650005,100.60546875
08:01:03,91282CLJ8,TSRYS5875649,D,S,D,2024-09-24,1000000.00,3.650966,100.599609375
08:01:04,91282CLJ8,TSRYS5875649,D,S,D,2024-09-24,1000000.00,3.656414,100.56640625
08:01:04,91282CLJ8,TSRYS5875649,D,S,C,2024-09-24,8400000.00,3.612255,100.8359375
08:01:05,91282CLJ8,TSRYS5875649,D,S,C,2024-09-24,960000.00,3.621204,100.78125
08:01:05,91282CLJ8,TSRYS5875649,D,S,D,2024-09-24,1000000.00,3.65353,100.583984375
08:01:05,91282CLJ8,TSRYS5875649,D,S,D,2024-09-24,1000000.00,3.61545,100.81640625
08:01:05,91282CLJ8,TSRYS5875649,D,B,C,2024-09-24,1000000.00,3.61545,100.81640625
08:01:05,91282CLJ8,TSRYS5875649,D,S,D,2024-09-24,1000000.00,3.61545,100.81640625
08:01:05,91282CLJ8,TSRYS5875649,D,S,D,2024-09-24,1000000.00,3.61545,100.81640625
08:01:05,91282CLJ8,TSRYS5875649,D,B,C,2024-09-24,1000000.00,3.61545,100.81640625
08:01:05,91282CLJ8,TSRYS5875649,D,B,C,2024-09-24,1000000.00,3.61545,100.81640625
08:01:05,91282CLJ8,TSRYS5875649,D,B,C,2024-09-24,1000000.00,3.61545,100.81640625
08:01:05,91282CLJ8,TSRYS5875649,D,S,D,2024-09-24,1000000.00,3.61545,100.81640625
08:01:05,91282CLJ8,TSRYS5875649,D,S,C,2024-09-24,1000000.00,3.616409,100.810546875
08:01:05,91282CLJ8,TSRYS5875649,D,S,D,2024-09-24,1000000.00,3.619605,100.791015625
08:01:05,91282CLJ8,TSRYS5875649,D,S,C,2024-09-24,1000000.00,3.619605,100.791015625
08:01:06,91282CLJ8,TSRYS5875649,D,S,C,2024-09-24,1000000.00,3.619605,100.791015625
08:01:06,91282CLJ8,TSRYS5875649,D,S,C,2024-09-24,1000000.00,3.619605,100.791015625
08:01:06,91282CLJ8,TSRYS5875649,D,B,C,2024-09-24,1000000.00,3.620884,100.783203125
08:01:06,91282CLJ8,TSRYS5875649,D,S,C,2024-09-24,1000000.00,3.620884,100.783203125
08:01:06,91282CLJ8,TSRYS5875649,D,S,D,2024-09-24,1000000.00,3.614811,100.8203125
08:01:06,91282CLJ8,TSRYS5875649,D,S,D,2024-09-24,1000000.00,3.615131,100.818359375
08:01:06,91282CLJ8,TSRYS5875649,D,S,D,2024-09-24,1000000.00,3.615131,100.818359375
08:01:06,91282CLJ8,TSRYS5875649,D,S,C,2024-09-24,1000000.00,3.616729,100.80859375
08:01:06,91282CLJ8,TSRYS5875649,D,S,C,2024-09-24,1000000.00,3.611616,100.83984375
08:01:06,91282CLJ8,TSRYS5875649,D,S,C,2024-09-24,1000000.00,3.611616,100.83984375
08:01:06,91282CLJ8,TSRYS5875649,D,B,A,2024-09-24,8200000.00,3.655773,100.5703125
08:01:06,91282CLJ8,TSRYS5875649,D,S,C,2024-09-24,1000000.00,3.611616,100.83984375
08:01:06,91282CLJ8,TSRYS5875649,D,S,D,2024-09-24,1000000.00,3.657055,100.5625
08:01:06,91282CLJ8,TSRYS5875649,D,S,D,2024-09-24,1000000.00,3.657696,100.55859375
08:01:06,91282CLJ8,TSRYS5875649,D,S,T,2024-09-24,1000000.00,3.657696,100.55859375
08:01:06,91282CLJ8,TSRYS5875649,D,B,A,2024-09-24,8200000.00,3.659043,100.55038125
08:01:06,91282CLJ8,TSRYS5875649,D,S,D,2024-09-24,1000000.00,3.612574,100.833984375
08:01:06,91282CLJ8,TSRYS5875649,D,S,D,2024-09-24,5000000.00,3.612574,100.833984375
08:01:06,91282CLJ8,TSRYS5875649,D,S,D,2024-09-24,1000000.00,3.616089,100.8125
08:01:06,91282CLJ8,TSRYS5875649,D,B,C,2024-09-24,5000000.00,3.612574,100.833984375
08:01:06,91282CLJ8,TSRYS5875649,D,S,D,2024-09-24,1000000.00,3.618327,100.798828125
08:01:06,91282CLJ8,TSRYS5875649,D,S,D,2024-09-24,1000000.00,3.618646,100.796875
08:01:06,91282CLJ8,TSRYS5875649,D,S,D,2024-09-24,1000000.00,3.620884,100.783203125
08:01:06,91282CLJ8,TSRYS5875649,D,S,C,2024-09-24,1000000.00,3.62568,100.75390625
08:01:06,91282CLJ8,TSRYS5875649,D,B,C,2024-09-24,1000000.00,3.62536,100.755859375
08:01:06,91282CLJ8,TSRYS5875649,D,B,C,2024-09-24,1000000.00,3.620884,100.783203125
08:01:06,91282CLJ8,TSRYS5875649,D,S,C,2024-09-24,1000000.00,3.62536,100.755859375
08:01:06,91282CLJ8,TSRYS5875649,D,S,D,2024-09-24,1000000.00,3.62536,100.755859375
08:01:06,91282CLJ8,TSRYS5875649,D,S,D,2024-09-24,1000000.00,3.627279,100.744140625
08:01:06,91282CLJ8,TSRYS5875649,D,S,C,2024-09-24,1000000.00,3.627919,100.740234375
08:01:06,91282CLJ8,TSRYS5875649,D,B,C,2024-09-24,1000000.00,3.627919,100.740234375
08:01:06,91282CLJ8,TSRYS5875649,D,S,C,2024-09-24,1000000.00,3.627919,100.740234375
08:01:06,91282CLJ8,TSRYS5875649,D,S,D,2024-09-24,1000000.00,3.627919,100.740234375
08:01:07,91282CLJ8,TSRYS5875649,D,S,C,2024-09-24,1000000.00,3.628878,100.734375
08:01:07,91282CLJ8,TSRYS5875649,D,B,C,2024-09-24,1000000.00,3.627279,100.744140625
08:01:07,91282CLJ8,TSRYS5875649,D,B,C,2024-09-24,1000000.00,3.627279,100.744140625
08:01:07,91282CLJ8,TSRYS5875649,D,S,D,2024-09-24,1000000.00,3.627279,100.744140625
08:01:07,91282CLJ8,TSRYS5875649,D,S,D,2024-09-24,1000000.00,3.628878,100.734375
08:01:07,91282CLJ8,TSRYS5875649,D,B,C,2024-09-24,1000000.00,3.628878,100.734375
08:01:07,91282CLJ8,TSRYS5875649,D,S,D,2024-09-24,1000000.00,3.629198,100.732421875
08:01:07,91282CLJ8,TSRYS5875649,D,S,C,2024-09-24,1000000.00,3.629198,100.732421875
08:01:07,91282CLJ8,TSRYS5875649,D,S,C,2024-09-24,1000000.00,3.631118,100.720703125
08:01:07,91282CLJ8,TSRYS5875649,D,B,C,2024-09-24,1000000.00,3.629198,100.732421875
08:01:07,91282CLJ8,TSRYS5875649,D,S,C,2024-09-24,1000000.00,3.630158,100.7265625
08:01:07,91282CLJ8,TSRYS5875649,D,S,C,2024-09-24,1000000.00,3.627279,100.744140625
08:01:07,91282CLJ8,TSRYS5875649,D,B,C,2024-09-24,1000000.00,3.627279,100.744140625
08:01:07,91282CLJ8,TSRYS5875649,D,S,D,2024-09-24,1000000.00,3.627279,100.744140625
08:01:07,91282CLJ8,TSRYS5875649,D,S,D,2024-09-24,1000000.00,3.624401,100.76171875
08:01:07,91282CLJ8,TSRYS5875649,D,B,C,2024-09-24,1000000.00,3.624401,100.76171875
08:01:07,91282CLJ8,TSRYS5875649,D,S,D,2024-09-24,1000000.00,3.624081,100.763671875
08:01:07,91282CLJ8,TSRYS5875649,D,B,C,2024-09-24,1000000.00,3.624081,100.763671875
08:01:07,91282CLJ8,TSRYS5875649,D,S,D,2024-09-24,1000000.00,3.622483,100.7734375
08:01:07,91282CLJ8,TSRYS5875649,D,B,C,2024-09-24,1000000.00,3.622483,100.7734375
08:01:07,91282CLJ8,TSRYS5875649,D,S,D,2024-09-24,1000000.00,3.622483,100.7734375
08:01:07,91282CLJ8,TSRYS5875649,D,B,C,2024-09-24,1000000.00,3.622483,100.7734375
08:01:07,91282CLJ8,TSRYS5875649,D,S,D,2024-09-24,1000000.00,3.622483,100.7734375
08:01:07,91282CLJ8,TSRYS5875649,D,B,C,2024-09-24,1000000.00,3.622483,100.7734375
08:01:07,91282CLJ8,TSRYS5875649,D,B,C,2024-09-24,1000000.00,3.622163,100.775390625
08:01:07,91282CLJ8,TSRYS5875649,D,S,D,2024-09-24,1000000.00,3.622163,100.775390625
08:01:07,91282CLJ8,TSRYS5875649,D,S,D,2024-09-24,1000000.00,3.622163,100.775390625
08:01:07,91282CLJ8,TSRYS5875649,D,B,C,2024-09-24,1000000.00,3.622163,100.775390625
08:01:07,91282CLJ8,TSRYS5875649,D,S,D,2024-09-24,1000000.00,3.622483,100.7734375
08:01:07,91282CLJ8,TSRYS5875649,D,B,C,2024-09-24,1000000.00,3.622483,100.7734375
08:01:07,91282CLJ8,TSRYS5875649,D,S,T,2024-09-24,1000000.00,3.62568,100.75390625
08:01:07,91282CLJ8,TSRYS5875649,D,S,C,2024-09-24,1000000.00,3.622802,100.771484375
08:01:07,91282CLJ8,TSRYS5875649,D,S,A,2024-09-24,480000.00,3.610338,100.84765625
08:01:07,91282CLJ8,TSRYS5875649,D,S,A,2024-09-24,4800000.00,3.636557,100.6875
08:01:07,91282CLJ8,TSRYS5875649,D,S,T,2024-09-24,1000000.00,3.62568,100.75390625
08:01:07,91282CLJ8,TSRYS5875649,D,S,C,2024-09-24,1000000.00,3.622802,100.771484375
08:01:07,91282CLJ8,TSRYS5875649,D,S,D,2024-09-24,1000000.00,3.621523,100.779296875
08:01:07,91282CLJ8,TSRYS5875649,D,B,C,2024-09-24,1000000.00,3.621523,100.779296875
08:01:07,91282CLJ8,TSRYS5875649,D,S,D,2024-09-24,8000000.00,3.658459,100.55394
08:01:07,91282CLJ8,TSRYS5875649,D,B,C,2024-09-24,1000000.00,3.621843,100.77734375
08:01:07,91282CLJ8,TSRYS5875649,D,S,D,2024-09-24,1000000.00,3.621843,100.77734375
08:01:07,91282CLJ8,TSRYS5875649,D,S,D,2024-09-24,1000000.00,3.623442,100.767578125
08:01:07,91282CLJ8,TSRYS5875649,D,B,C,2024-09-24,1000000.00,3.624081,100.763671875
08:01:07,91282CLJ8,TSRYS5875649,D,S,D,2024-09-24,1000000.00,3.653209,100.5859375
08:01:07,91282CLJ8,TSRYS5875649,D,B,C,2024-09-24,1000000.00,3.623442,100.767578125
08:01:07,91282CLJ8,TSRYS5875649,D,B,C,2024-09-24,1000000.00,3.62568,100.75390625
08:01:07,91282CLJ8,TSRYS5875649,D,S,D,2024-09-24,1000000.00,3.624081,100.763671875
08:01:07,91282CLJ8,TSRYS5875649,D,S,D,2024-09-24,1000000.00,3.62568,100.75390625
08:01:07,91282CLJ8,TSRYS5875649,D,S,D,2024-09-24,1000000.00,3.625041,100.7578125
08:01:07,91282CLJ8,TSRYS5875649,D,B,C,2024-09-24,1000000.00,3.625041,100.7578125
08:01:07,91282CLJ8,TSRYS5875649,D,B,C,2024-09-24,1000000.00,3.625041,100.7578125
08:01:07,91282CLJ8,TSRYS5875649,D,S,D,2024-09-24,1000000.00,3.625041,100.7578125
08:01:07,91282CLJ8,TSRYS5875649,D,S,C,2024-09-24,1000000.00,3.62536,100.755859375
08:01:07,91282CLJ8,TSRYS5875649,D,S,D,2024-09-24,1000000.00,3.619605,100.791015625
08:01:07,91282CLJ8,TSRYS5875649,D,B,C,2024-09-24,1000000.00,3.619605,100.791015625
08:01:08,91282CLJ8,TSRYS5875649,D,S,D,2024-09-24,1000000.00,3.633997,100.703125
08:01:08,91282CLJ8,TSRYS5875649,D,S,C,2024-09-24,1000000.00,3.629518,100.73046875
08:01:08,91282CLJ8,TSRYS5875649,D,S,D,2024-09-24,1000000.00,3.652248,100.591796875
08:01:08,91282CLJ8,TSRYS5875649,D,S,D,2024-09-24,18000000.00,3.647301,100.62196
08:01:08,91282CLJ8,TSRYS5875649,D,S,T,2024-09-24,1000000.00,3.651928,100.59375
08:01:08,91282CLJ8,TSRYS5875649,D,S,C,2024-09-24,1000000.00,3.634957,100.697265625
08:01:08,91282CLJ8,TSRYS5875649,D,S,C,2024-09-24,1000000.00,3.634957,100.697265625
08:01:08,91282CLJ8,TSRYS5875649,D,B,C,2024-09-24,1000000.00,3.633997,100.703125
08:01:08,91282CLJ8,TSRYS5875649,D,S,D,2024-09-24,1000000.00,3.633997,100.703125
08:01:08,91282CLJ8,TSRYS5875649,D,S,C,2024-09-24,1000000.00,3.633997,100.703125
08:01:08,91282CLJ8,TSRYS5875649,D,S,D,2024-09-24,1000000.00,3.657055,100.5625
08:01:08,91282CLJ8,TSRYS5875649,D,B,C,2024-09-24,1000000.00,3.633997,100.703125
08:01:08,91282CLJ8,TSRYS5875649,D,S,D,2024-09-24,1000000.00,3.65385,100.58203125
08:01:08,91282CLJ8,TSRYS5875649,D,S,D,2024-09-24,1000000.00,3.655773,100.5703125
08:01:08,91282CLJ8,TSRYS5875649,D,S,T,2024-09-24,1000000.00,3.65996,100.544796875
08:01:08,91282CLJ8,TSRYS5875649,D,S,D,2024-09-24,1000000.00,3.637197,100.68359375
08:01:08,91282CLJ8,TSRYS5875649,D,B,C,2024-09-24,1000000.00,3.637197,100.68359375
08:01:08,91282CLJ8,TSRYS5875649,D,S,C,2024-09-24,960000.00,3.62632,100.75
08:01:08,91282CLJ8,TSRYS5875649,D,S,D,2024-09-24,1000000.00,3.640078,100.666015625
08:01:08,91282CLJ8,TSRYS5875649,D,B,C,2024-09-24,2890000.00,3.638478,100.67578125
08:01:08,91282CLJ8,TSRYS5875649,D,S,C,2024-09-24,1000000.00,3.641359,100.658203125
08:01:08,91282CLJ8,TSRYS5875649,D,B,C,2024-09-24,1445000.00,3.638478,100.67578125
08:01:08,91282CLJ8,TSRYS5875649,D,S,C,2024-09-24,1000000.00,3.636557,100.6875
08:01:08,91282CLJ8,TSRYS5875649,D,S,C,2024-09-24,1000000.00,3.634957,100.697265625
08:01:08,91282CLJ8,TSRYS5875649,D,S,C,2024-09-24,1000000.00,3.637197,100.68359375
08:01:09,91282CLJ8,TSRYS5875649,D,S,C,2024-09-24,1000000.00,3.638158,100.677734375
08:01:09,91282CLJ8,TSRYS5875649,D,S,D,2024-09-24,1000000.00,3.638158,100.677734375
08:01:09,91282CLJ8,TSRYS5875649,D,S,D,2024-09-24,1000000.00,3.638158,100.677734375
08:01:09,91282CLJ8,TSRYS5875649,D,S,C,2024-09-24,2000000.00,3.638158,100.677734375
08:01:09,91282CLJ8,TSRYS5875649,D,S,D,2024-09-24,1000000.00,3.638158,100.677734375
08:01:09,91282CLJ8,TSRYS5875649,D,S,D,2024-09-24,1000000.00,3.638158,100.677734375
08:01:09,91282CLJ8,TSRYS5875649,D,S,D,2024-09-24,1000000.00,3.637838,100.6796875
08:01:09,91282CLJ8,TSRYS5875649,D,S,D,2024-09-24,1000000.00,3.638158,100.677734375
08:01:09,91282CLJ8,TSRYS5875649,D,S,D,2024-09-24,1000000.00,3.638158,100.677734375
08:01:09,91282CLJ8,TSRYS5875649,D,S,D,2024-09-24,1000000.00,3.640398,100.6640625
08:01:09,91282CLJ8,TSRYS5875649,D,S,D,2024-09-24,1000000.00,3.614811,100.8203125
08:01:09,91282CLJ8,TSRYS5875649,D,S,C,2024-09-24,1000000.00,3.637838,100.6796875
08:01:09,91282CLJ8,TSRYS5875649,D,S,D,2024-09-24,1000000.00,3.615131,100.818359375
08:01:09,91282CLJ8,TSRYS5875649,D,S,D,2024-09-24,1000000.00,3.615131,100.818359375
08:01:09,91282CLJ8,TSRYS5875649,D,S,C,2024-09-24,1000000.00,3.637838,100.6796875
08:01:09,91282CLJ8,TSRYS5875649,D,S,D,2024-09-24,1000000.00,3.616729,100.80859375
08:01:09,91282CLJ8,TSRYS5875649,D,S,D,2024-09-24,200000.00,3.662825,100.52734375
08:01:09,91282CLJ8,TSRYS5875649,D,S,C,2024-09-24,1000000.00,3.648083,100.6171875
08:01:09,91282CLJ8,TSRYS5875649,D,S,D,2024-09-24,1000000.00,3.631118,100.720703125
08:01:09,91282CLJ8,TSRYS5875649,D,S,C,2024-09-24,1000000.00,3.648404,100.615234375
08:01:09,91282CLJ8,TSRYS5875649,D,S,D,2024-09-24,1000000.00,3.650005,100.60546875
08:01:09,91282CLJ8,TSRYS5875649,D,S,C,2024-09-24,1000000.00,3.650005,100.60546875
08:01:09,91282CLJ8,TSRYS5875649,D,S,D,2024-09-24,1000000.00,3.663787,100.521484375
08:01:09,91282CLJ8,TSRYS5875649,D,S,C,2024-09-24,1000000.00,3.650005,100.60546875
08:01:09,91282CLJ8,TSRYS5875649,D,S,C,2024-09-24,2000000.00,3.650005,100.60546875
08:01:09,91282CLJ8,TSRYS5875649,D,S,C,2024-09-24,2000000.00,3.650005,100.60546875
08:01:09,91282CLJ8,TSRYS5875649,D,S,D,2024-09-24,1000000.00,3.650005,100.60546875
08:01:09,91282CLJ8,TSRYS5875649,D,S,D,2024-09-24,1000000.00,3.640398,100.6640625
08:01:10,91282CLJ8,TSRYS5875649,D,S,C,2024-09-24,2000000.00,3.650646,100.6015625
08:01:10,91282CLJ8,TSRYS5875649,D,S,D,2024-09-24,1000000.00,3.650966,100.599609375
08:01:10,91282CLJ8,TSRYS5875649,D,S,C,2024-09-24,4000000.00,3.654491,100.578125
08:01:10,91282CLJ8,TSRYS5875649,D,S,C,2024-09-24,1000000.00,3.654491,100.578125
08:01:10,91282CLJ8,TSRYS5875649,D,S,D,2024-09-24,1000000.00,3.655452,100.572265625
08:01:10,91282CLJ8,TSRYS5875649,D,B,C,2024-09-24,1000000.00,3.655452,100.572265625
08:01:10,91282CLJ8,TSRYS5875649,D,S,D,2024-09-24,1000000.00,3.653209,100.5859375
08:01:10,91282CLJ8,TSRYS5875649,D,B,C,2024-09-24,1000000.00,3.653209,100.5859375
08:01:10,91282CLJ8,TSRYS5875649,D,S,D,2024-09-24,1000000.00,3.656414,100.56640625
08:01:10,91282CLJ8,TSRYS5875649,D,S,D,2024-09-24,2000000.00,3.655452,100.572265625
08:01:10,91282CLJ8,TSRYS5875649,D,B,C,2024-09-24,2000000.00,3.655452,100.572265625
08:01:10,91282CLJ8,TSRYS5875649,D,S,C,2024-09-24,1000000.00,3.65417,100.580078125
08:01:10,91282CLJ8,TSRYS5875649,D,S,D,2024-09-24,1000000.00,3.65353,100.583984375
08:01:10,91282CLJ8,TSRYS5875649,D,B,C,2024-09-24,1000000.00,3.65353,100.583984375
08:01:10,91282CLJ8,TSRYS5875649,D,S,D,2024-09-24,1000000.00,3.65353,100.583984375
08:01:10,91282CLJ8,TSRYS5875649,D,B,C,2024-09-24,1000000.00,3.65353,100.583984375
08:01:10,91282CLJ8,TSRYS5875649,D,S,D,2024-09-24,1000000.00,3.65353,100.583984375
08:01:10,91282CLJ8,TSRYS5875649,D,B,C,2024-09-24,1000000.00,3.65353,100.583984375
08:01:10,91282CLJ8,TSRYS5875649,D,B,C,2024-09-24,1000000.00,3.65353,100.583984375
08:01:10,91282CLJ8,TSRYS5875649,D,S,D,2024-09-24,1000000.00,3.65353,100.583984375
08:01:10,91282CLJ8,TSRYS5875649,D,S,D,2024-09-24,1000000.00,3.616729,100.80859375
08:01:10,91282CLJ8,TSRYS5875649,D,B,C,2024-09-24,1000000.00,3.616729,100.80859375
08:01:10,91282CLJ8,TSRYS5875649,D,B,C,2024-09-24,4000000.00,3.631538,100.7181383
08:01:10,91282CLJ8,TSRYS5875649,D,S,D,2024-09-24,1000000.00,3.612255,100.8359375
08:01:10,91282CLJ8,TSRYS5875649,D,S,D,2024-09-24,1000000.00,3.65417,100.580078125
08:01:10,91282CLJ8,TSRYS5875649,D,B,C,2024-09-24,1000000.00,3.612255,100.8359375
08:01:10,91282CLJ8,TSRYS5875649,D,S,D,2024-09-24,1000000.00,3.612255,100.8359375
08:01:10,91282CLJ8,TSRYS5875649,D,B,C,2024-09-24,1000000.00,3.612255,100.8359375
08:01:10,91282CLJ8,TSRYS5875649,D,S,C,2024-09-24,1000000.00,3.612255,100.8359375
08:01:10,91282CLJ8,TSRYS5875649,D,S,D,2024-09-24,1000000.00,3.65385,100.58203125
08:01:10,91282CLJ8,TSRYS5875649,D,S,D,2024-09-24,1000000.00,3.65353,100.583984375
08:01:10,91282CLJ8,TSRYS5875649,D,B,C,2024-09-24,4000000.00,3.640579,100.6629625
08:01:10,91282CLJ8,TSRYS5875649,D,B,C,2024-09-24,4000000.00,3.644421,100.639525
08:01:11,91282CLJ8,TSRYS5875649,D,S,D,2024-09-24,1000000.00,3.615131,100.818359375
08:01:11,91282CLJ8,TSRYS5875649,D,B,C,2024-09-24,1000000.00,3.615131,100.818359375
08:01:11,91282CLJ8,TSRYS5875649,D,B,C,2024-09-24,1000000.00,3.658016,100.556640625
08:01:11,91282CLJ8,TSRYS5875649,D,S,D,2024-09-24,1000000.00,3.658016,100.556640625
08:01:11,91282CLJ8,TSRYS5875649,D,B,C,2024-09-24,1000000.00,3.658016,100.556640625
08:01:11,91282CLJ8,TSRYS5875649,D,B,C,2024-09-24,1000000.00,3.658016,100.556640625
08:01:11,91282CLJ8,TSRYS5875649,D,S,D,2024-09-24,1000000.00,3.658016,100.556640625
08:01:11,91282CLJ8,TSRYS5875649,D,S,D,2024-09-24,1000000.00,3.658016,100.556640625
08:01:11,91282CLJ8,TSRYS5875649,D,B,C,2024-09-24,1000000.00,3.658016,100.556640625
08:01:11,91282CLJ8,TSRYS5875649,D,S,D,2024-09-24,1000000.00,3.658016,100.556640625
08:01:11,91282CLJ8,TSRYS5875649,D,B,C,2024-09-24,1000000.00,3.658016,100.556640625
08:01:11,91282CLJ8,TSRYS5875649,D,S,D,2024-09-24,1000000.00,3.658016,100.556640625
08:01:11,91282CLJ8,TSRYS5875649,D,S,D,2024-09-24,1000000.00,3.657375,100.560546875
08:01:11,91282CLJ8,TSRYS5875649,D,B,C,2024-09-24,1000000.00,3.657375,100.560546875
08:01:11,91282CLJ8,TSRYS5875649,D,S,D,2024-09-24,1000000.00,3.657375,100.560546875
08:01:11,91282CLJ8,TSRYS5875649,D,B,C,2024-09-24,1000000.00,3.657375,100.560546875
08:01:11,91282CLJ8,TSRYS5875649,D,S,D,2024-09-24,1000000.00,3.615131,100.818359375
08:01:11,91282CLJ8,TSRYS5875649,D,S,D,2024-09-24,1000000.00,3.657375,100.560546875
08:01:11,91282CLJ8,TSRYS5875649,D,B,C,2024-09-24,1000000.00,3.657375,100.560546875
08:01:11,91282CLJ8,TSRYS5875649,D,S,C,2024-09-24,1000000.00,3.657375,100.560546875
08:01:11,91282CLJ8,TSRYS5875649,D,B,C,2024-09-24,1000000.00,3.615131,100.818359375
08:01:11,91282CLJ8,TSRYS5875649,D,S,D,2024-09-24,1000000.00,3.614811,100.8203125
08:01:11,91282CLJ8,TSRYS5875649,D,B,C,2024-09-24,1000000.00,3.614811,100.8203125
08:01:11,91282CLJ8,TSRYS5875649,D,B,C,2024-09-24,1000000.00,3.658016,100.556640625
08:01:11,91282CLJ8,TSRYS5875649,D,S,D,2024-09-24,1000000.00,3.61545,100.81640625
08:01:11,91282CLJ8,TSRYS5875649,D,S,D,2024-09-24,1000000.00,3.658016,100.556640625
08:01:11,91282CLJ8,TSRYS5875649,D,B,C,2024-09-24,1000000.00,3.655452,100.572265625
08:01:11,91282CLJ8,TSRYS5875649,D,S,D,2024-09-24,1000000.00,3.655452,100.572265625
08:01:11,91282CLJ8,TSRYS5875649,D,B,C,2024-09-24,1000000.00,3.61545,100.81640625
08:01:11,91282CLJ8,TSRYS5875649,D,B,C,2024-09-24,1000000.00,3.655452,100.572265625
08:01:11,91282CLJ8,TSRYS5875649,D,S,D,2024-09-24,1000000.00,3.655452,100.572265625
08:01:11,91282CLJ8,TSRYS5875649,D,B,C,2024-09-24,1000000.00,3.655452,100.572265625
08:01:11,91282CLJ8,TSRYS5875649,D,B,C,2024-09-24,1000000.00,3.655452,100.572265625
08:01:11,91282CLJ8,TSRYS5875649,D,S,D,2024-09-24,1000000.00,3.655452,100.572265625
08:01:11,91282CLJ8,TSRYS5875649,D,S,D,2024-09-24,1000000.00,3.655452,100.572265625
08:01:11,91282CLJ8,TSRYS5875649,D,B,C,2024-09-24,1000000.00,3.655452,100.572265625
08:01:11,91282CLJ8,TSRYS5875649,D,S,D,2024-09-24,1000000.00,3.655452,100.572265625
08:01:11,91282CLJ8,TSRYS5875649,D,B,C,2024-09-24,1000000.00,3.655452,100.572265625
08:01:11,91282CLJ8,TSRYS5875649,D,B,C,2024-09-24,1000000.00,3.655452,100.572265625
08:01:11,91282CLJ8,TSRYS5875649,D,S,D,2024-09-24,1000000.00,3.616089,100.8125
08:01:11,91282CLJ8,TSRYS5875649,D,S,D,2024-09-24,1000000.00,3.655452,100.572265625
08:01:11,91282CLJ8,TSRYS5875649,D,B,C,2024-09-24,1000000.00,3.655452,100.572265625
08:01:11,91282CLJ8,TSRYS5875649,D,S,D,2024-09-24,1000000.00,3.655452,100.572265625
08:01:11,91282CLJ8,TSRYS5875649,D,S,D,2024-09-24,1000000.00,3.655452,100.572265625
08:01:11,91282CLJ8,TSRYS5875649,D,B,C,2024-09-24,1000000.00,3.655452,100.572265625
08:01:11,91282CLJ8,TSRYS5875649,D,S,D,2024-09-24,1000000.00,3.655452,100.572265625
08:01:11,91282CLJ8,TSRYS5875649,D,B,C,2024-09-24,1000000.00,3.655452,100.572265625
08:01:11,91282CLJ8,TSRYS5875649,D,S,D,2024-09-24,1000000.00,3.655452,100.572265625
08:01:11,91282CLJ8,TSRYS5875649,D,S,D,2024-09-24,1000000.00,3.655452,100.572265625
08:01:11,91282CLJ8,TSRYS5875649,D,B,C,2024-09-24,1000000.00,3.655452,100.572265625
08:01:11,91282CLJ8,TSRYS5875649,D,S,D,2024-09-24,1000000.00,3.657055,100.5625
08:01:11,91282CLJ8,TSRYS5875649,D,S,D,2024-09-24,1000000.00,3.658657,100.552734375
08:01:11,91282CLJ8,TSRYS5875649,D,S,D,2024-09-24,1000000.00,3.659298,100.548828125
08:01:11,91282CLJ8,TSRYS5875649,D,S,D,2024-09-24,1000000.00,3.659619,100.546875
08:01:11,91282CLJ8,TSRYS5875649,D,B,C,2024-09-24,1000000.00,3.610977,100.84375
08:01:11,91282CLJ8,TSRYS5875649,D,S,C,2024-09-24,1000000.00,3.610977,100.84375
08:01:11,91282CLJ8,TSRYS5875649,D,S,C,2024-09-24,1000000.00,3.657696,100.55859375
08:01:11,91282CLJ8,TSRYS5875649,D,B,C,2024-09-24,1000000.00,3.657696,100.55859375
08:01:11,91282CLJ8,TSRYS5875649,D,S,D,2024-09-24,1000000.00,3.657696,100.55859375
08:01:11,91282CLJ8,TSRYS5875649,D,B,C,2024-09-24,1000000.00,3.657696,100.55859375
08:01:11,91282CLJ8,TSRYS5875649,D,S,D,2024-09-24,1000000.00,3.657696,100.55859375
08:01:11,91282CLJ8,TSRYS5875649,D,S,D,2024-09-24,1000000.00,3.657696,100.55859375
08:01:11,91282CLJ8,TSRYS5875649,D,B,C,2024-09-24,1000000.00,3.657696,100.55859375
08:01:11,91282CLJ8,TSRYS5875649,D,S,D,2024-09-24,1000000.00,3.657696,100.55859375
08:01:12,91282CLJ8,TSRYS5875649,D,B,C,2024-09-24,1000000.00,3.657696,100.55859375
08:01:12,91282CLJ8,TSRYS5875649,D,S,D,2024-09-24,1000000.00,3.657696,100.55859375
08:01:12,91282CLJ8,TSRYS5875649,D,B,C,2024-09-24,1000000.00,3.657696,100.55859375
08:01:12,91282CLJ8,TSRYS5875649,D,B,C,2024-09-24,1000000.00,3.66026,100.54296875
08:01:12,91282CLJ8,TSRYS5875649,D,S,D,2024-09-24,1000000.00,3.66026,100.54296875
08:01:12,91282CLJ8,TSRYS5875649,D,B,C,2024-09-24,1000000.00,3.66026,100.54296875
08:01:12,91282CLJ8,TSRYS5875649,D,S,D,2024-09-24,1000000.00,3.66026,100.54296875
08:01:12,91282CLJ8,TSRYS5875649,D,S,D,2024-09-24,1000000.00,3.662825,100.52734375
08:01:12,91282CLJ8,TSRYS5875649,D,S,D,2024-09-24,1000000.00,3.662825,100.52734375
08:01:12,91282CLJ8,TSRYS5875649,D,B,C,2024-09-24,1000000.00,3.662504,100.529296875
08:01:12,91282CLJ8,TSRYS5875649,D,S,D,2024-09-24,1000000.00,3.662504,100.529296875
08:01:12,91282CLJ8,TSRYS5875649,D,B,C,2024-09-24,1000000.00,3.662504,100.529296875
08:01:12,91282CLJ8,TSRYS5875649,D,S,D,2024-09-24,1000000.00,3.662504,100.529296875
08:01:12,91282CLJ8,TSRYS5875649,D,S,D,2024-09-24,1000000.00,3.66026,100.54296875
08:01:12,91282CLJ8,TSRYS5875649,D,B,C,2024-09-24,1000000.00,3.66026,100.54296875
08:01:12,91282CLJ8,TSRYS5875649,D,B,C,2024-09-24,1000000.00,3.657696,100.55859375
08:01:12,91282CLJ8,TSRYS5875649,D,S,D,2024-09-24,1000000.00,3.658337,100.5546875
08:01:12,91282CLJ8,TSRYS5875649,D,S,D,2024-09-24,1000000.00,3.657696,100.55859375
08:01:12,91282CLJ8,TSRYS5875649,D,S,D,2024-09-24,1000000.00,3.659939,100.544921875
08:01:12,91282CLJ8,TSRYS5875649,D,B,C,2024-09-24,1000000.00,3.659939,100.544921875
08:01:12,91282CLJ8,TSRYS5875649,D,B,C,2024-09-24,1000000.00,3.66026,100.54296875
08:01:12,91282CLJ8,TSRYS5875649,D,S,D,2024-09-24,4000000.00,3.653291,100.58544
08:01:12,91282CLJ8,TSRYS5875649,D,S,A,2024-09-24,535000.00,3.65385,100.58203125
08:01:12,91282CLJ8,TSRYS5875649,D,S,D,2024-09-24,1000000.00,3.66026,100.54296875
08:01:12,91282CLJ8,TSRYS5875649,D,S,C,2024-09-24,1000000.00,3.658657,100.552734375
08:01:12,91282CLJ8,TSRYS5875649,D,B,C,2024-09-24,1000000.00,3.610977,100.84375
08:01:12,91282CLJ8,TSRYS5875649,D,S,D,2024-09-24,1000000.00,3.610977,100.84375
08:01:12,91282CLJ8,TSRYS5875649,D,S,C,2024-09-24,1000000.00,3.658657,100.552734375
08:01:12,91282CLJ8,TSRYS5875649,D,S,D,2024-09-24,1000000.00,3.657696,100.55859375
08:01:12,91282CLJ8,TSRYS5875649,D,B,C,2024-09-24,1000000.00,3.657696,100.55859375
08:01:12,91282CLJ8,TSRYS5875649,D,S,C,2024-09-24,1000000.00,3.657696,100.55859375
08:01:12,91282CLJ8,TSRYS5875649,D,B,C,2024-09-24,1000000.00,3.656734,100.564453125
08:01:12,91282CLJ8,TSRYS5875649,D,S,D,2024-09-24,1000000.00,3.656734,100.564453125
08:01:12,91282CLJ8,TSRYS5875649,D,B,C,2024-09-24,1000000.00,3.612255,100.8359375
08:01:12,91282CLJ8,TSRYS5875649,D,S,D,2024-09-24,1000000.00,3.612255,100.8361375
08:01:12,91282CLJ8,TSRYS5875649,D,S,D,2024-09-24,1000000.00,3.658337,100.5546875
08:01:12,91282CLJ8,TSRYS5875649,D,S,T,2024-09-24,1000000.00,3.659298,100.548828125
08:01:12,91282CLJ8,TSRYS5875649,D,S,D,2024-09-24,1000000.00,3.657696,100.55859375
08:01:12,91282CLJ8,TSRYS5875649,D,B,C,2024-09-24,1000000.00,3.657696,100.55859375
08:01:12,91282CLJ8,TSRYS5875649,D,B,C,2024-09-24,1000000.00,3.655773,100.5703125
08:01:12,91282CLJ8,TSRYS5875649,D,S,D,2024-09-24,1000000.00,3.655773,100.5703125
08:01:12,91282CLJ8,TSRYS5875649,D,B,C,2024-09-24,1000000.00,3.655452,100.572265625
08:01:12,91282CLJ8,TSRYS5875649,D,S,D,2024-09-24,1000000.00,3.655452,100.572265625
08:01:12,91282CLJ8,TSRYS5875649,D,B,C,2024-09-24,1000000.00,3.655452,100.572265625
08:01:12,91282CLJ8,TSRYS5875649,D,S,D,2024-09-24,1000000.00,3.655452,100.572265625
08:01:12,91282CLJ8,TSRYS5875649,D,B,C,2024-09-24,1000000.00,3.655452,100.572265625
08:01:12,91282CLJ8,TSRYS5875649,D,S,D,2024-09-24,1000000.00,3.655452,100.572265625
08:01:12,91282CLJ8,TSRYS5875649,D,B,C,2024-09-24,1000000.00,3.655452,100.572265625
08:01:12,91282CLJ8,TSRYS5875649,D,S,D,2024-09-24,1000000.00,3.655452,100.572265625
08:01:12,91282CLJ8,TSRYS5875649,D,B,C,2024-09-24,1000000.00,3.655452,100.572265625
08:01:13,91282CLJ8,TSRYS5875649,D,S,T,2024-09-24,2000000.00,3.659298,100.548828125
08:01:13,91282CLJ8,TSRYS5875649,D,S,D,2024-09-24,1000000.00,3.655452,100.572265625
08:01:13,91282CLJ8,TSRYS5875649,D,S,C,2024-09-24,1000000.00,3.655773,100.5703125
08:01:13,91282CLJ8,TSRYS5875649,D,S,C,2024-09-24,1000000.00,3.655452,100.572265625
08:01:13,91282CLJ8,TSRYS5875649,D,B,C,2024-09-24,1000000.00,3.655452,100.572265625
08:01:13,91282CLJ8,TSRYS5875649,D,S,D,2024-09-24,1000000.00,3.655452,100.572265625
08:01:13,91282CLJ8,TSRYS5875649,D,B,C,2024-09-24,1000000.00,3.655452,100.572265625
08:01:13,91282CLJ8,TSRYS5875649,D,B,C,2024-09-24,1000000.00,3.655452,100.572265625
08:01:13,91282CLJ8,TSRYS5875649,D,S,D,2024-09-24,1000000.00,3.655452,100.572265625
08:01:13,91282CLJ8,TSRYS5875649,D,S,D,2024-09-24,1000000.00,3.655452,100.572265625
08:01:13,91282CLJ8,TSRYS5875649,D,B,C,2024-09-24,1000000.00,3.655452,100.572265625
08:01:13,91282CLJ8,TSRYS5875649,D,S,D,2024-09-24,1000000.00,3.655452,100.572265625
08:01:13,91282CLJ8,TSRYS5875649,D,B,C,2024-09-24,1000000.00,3.655452,100.572265625
08:01:13,91282CLJ8,TSRYS5875649,D,S,D,2024-09-24,1000000.00,3.655452,100.572265625
08:01:13,91282CLJ8,TSRYS5875649,D,S,D,2024-09-24,1000000.00,3.655452,100.572265625
08:01:13,91282CLJ8,TSRYS5875649,D,B,C,2024-09-24,1000000.00,3.655452,100.572265625
08:01:13,91282CLJ8,TSRYS5875649,D,B,C,2024-09-24,1000000.00,3.655452,100.572265625
08:01:13,91282CLJ8,TSRYS5875649,D,S,D,2024-09-24,1000000.00,3.655452,100.572265625
08:01:13,91282CLJ8,TSRYS5875649,D,S,T,2024-09-24,1000000.00,3.659298,100.548828125
08:01:13,91282CLJ8,TSRYS5875649,D,S,D,2024-09-24,1000000.00,3.65353,100.583984375
08:01:13,91282CLJ8,TSRYS5875649,D,S,D,2024-09-24,1000000.00,3.653209,100.5859375
08:01:13,91282CLJ8,TSRYS5875649,D,B,C,2024-09-24,1000000.00,3.652889,100.587890625
08:01:13,91282CLJ8,TSRYS5875649,D,S,D,2024-09-24,1000000.00,3.652889,100.587890625
08:01:13,91282CLJ8,TSRYS5875649,D,S,T,2024-09-24,1000000.00,3.659298,100.548828125
08:01:13,91282CLJ8,TSRYS5875649,D,S,D,2024-09-24,1000000.00,3.653209,100.5859375
08:01:13,91282CLJ8,TSRYS5875649,D,S,T,2024-09-24,1000000.00,3.659298,100.548828125
08:01:13,91282CLJ8,TSRYS5875649,D,S,D,2024-09-24,1000000.00,3.650326,100.603515625
08:01:13,91282CLJ8,TSRYS5875649,D,S,D,2024-09-24,1000000.00,3.653209,100.5859375
08:01:13,91282CLJ8,TSRYS5875649,D,S,D,2024-09-24,2000000.00,3.653209,100.5859375
08:01:13,91282CLJ8,TSRYS5875649,D,S,D,2024-09-24,1000000.00,3.652248,100.591796875
08:01:13,91282CLJ8,TSRYS5875649,D,B,C,2024-09-24,1000000.00,3.650646,100.6015625
08:01:13,91282CLJ8,TSRYS5875649,D,S,D,2024-09-24,1000000.00,3.650646,100.6015625
08:01:13,91282CLJ8,TSRYS5875649,D,S,D,2024-09-24,1000000.00,3.650005,100.60546875
08:01:13,91282CLJ8,TSRYS5875649,D,S,D,2024-09-24,1000000.00,3.650005,100.60546875
08:01:13,91282CLJ8,TSRYS5875649,D,S,T,2024-09-24,1000000.00,3.659298,100.548828125
08:01:13,91282CLJ8,TSRYS5875649,D,S,T,2024-09-24,1000000.00,3.659298,100.548828125
08:01:13,91282CLJ8,TSRYS5875649,D,B,C,2024-09-24,1000000.00,3.652889,100.587890625
08:01:13,91282CLJ8,TSRYS5875649,D,B,C,2024-09-24,1000000.00,3.652889,100.587890625
08:01:13,91282CLJ8,TSRYS5875649,D,S,D,2024-09-24,1000000.00,3.652889,100.587890625
08:01:13,91282CLJ8,TSRYS5875649,D,S,D,2024-09-24,1000000.00,3.652889,100.587890625
08:01:13,91282CLJ8,TSRYS5875649,D,B,C,2024-09-24,1000000.00,3.652889,100.587890625
08:01:13,91282CLJ8,TSRYS5875649,D,S,D,2024-09-24,1000000.00,3.652889,100.587890625
08:01:13,91282CLJ8,TSRYS5875649,D,S,D,2024-09-24,1000000.00,3.652248,100.591796875
08:01:13,91282CLJ8,TSRYS5875649,D,B,C,2024-09-24,1000000.00,3.652248,100.591796875
08:01:13,91282CLJ8,TSRYS5875649,D,B,C,2024-09-24,1000000.00,3.652568,100.58984375
08:01:13,91282CLJ8,TSRYS5875649,D,S,D,2024-09-24,1000000.00,3.652568,100.58984375
08:01:13,91282CLJ8,TSRYS5875649,D,S,D,2024-09-24,1000000.00,3.652889,100.587890625
08:01:13,91282CLJ8,TSRYS5875649,D,B,C,2024-09-24,1000000.00,3.652889,100.587890625
08:01:13,91282CLJ8,TSRYS5875649,D,B,C,2024-09-24,1000000.00,3.652889,100.587890625
08:01:13,91282CLJ8,TSRYS5875649,D,S,D,2024-09-24,1000000.00,3.652889,100.587890625
08:01:13,91282CLJ8,TSRYS5875649,D,S,D,2024-09-24,2000000.00,3.654491,100.578125
08:01:13,91282CLJ8,TSRYS5875649,D,S,T,2024-09-24,1000000.00,3.658998,100.55065625
08:01:13,91282CLJ8,TSRYS5875649,D,B,C,2024-09-24,1000000.00,3.657696,100.55859375
08:01:13,91282CLJ8,TSRYS5875649,D,S,D,2024-09-24,1000000.00,3.657696,100.55859375
08:01:13,91282CLJ8,TSRYS5875649,D,S,D,2024-09-24,1000000.00,3.657055,100.5625
08:01:14,91282CLJ8,TSRYS5875649,D,S,T,2024-09-24,1000000.00,3.658998,100.55065625
08:01:14,91282CLJ8,TSRYS5875649,D,B,C,2024-09-24,1000000.00,3.657696,100.55859375
08:01:14,91282CLJ8,TSRYS5875649,D,S,D,2024-09-24,1000000.00,3.657696,100.55859375
08:01:14,91282CLJ8,TSRYS5875649,D,B,C,2024-09-24,1000000.00,3.657696,100.55859375
08:01:14,91282CLJ8,TSRYS5875649,D,B,C,2024-09-24,1000000.00,3.616089,100.8125
08:01:14,91282CLJ8,TSRYS5875649,D,S,D,2024-09-24,1000000.00,3.616089,100.8125
08:01:14,91282CLJ8,TSRYS5875649,D,B,C,2024-09-24,1000000.00,3.657696,100.55859375
08:01:14,91282CLJ8,TSRYS5875649,D,S,D,2024-09-24,1000000.00,3.657696,100.55859375
08:01:14,91282CLJ8,TSRYS5875649,D,B,C,2024-09-24,1000000.00,3.657696,100.55859375
08:01:14,91282CLJ8,TSRYS5875649,D,S,D,2024-09-24,1000000.00,3.657696,100.55859375
08:01:14,91282CLJ8,TSRYS5875649,D,S,D,2024-09-24,1000000.00,3.657696,100.55859375
08:01:14,91282CLJ8,TSRYS5875649,D,S,D,2024-09-24,1000000.00,3.657696,100.55859375
08:01:14,91282CLJ8,TSRYS5875649,D,S,D,2024-09-24,1000000.00,3.657696,100.55859375
08:01:14,91282CLJ8,TSRYS5875649,D,B,C,2024-09-24,1000000.00,3.657696,100.55859375
08:01:14,91282CLJ8,TSRYS5875649,D,B,C,2024-09-24,1000000.00,3.655452,100.572265625
08:01:14,91282CLJ8,TSRYS5875649,D,B,C,2024-09-24,1000000.00,3.657696,100.55859375
08:01:14,91282CLJ8,TSRYS5875649,D,S,D,2024-09-24,1000000.00,3.655452,100.572265625
08:01:14,91282CLJ8,TSRYS5875649,D,B,C,2024-09-24,1000000.00,3.655452,100.572265625
08:01:14,91282CLJ8,TSRYS5875649,D,S,D,2024-09-24,1000000.00,3.655452,100.572265625
08:01:14,91282CLJ8,TSRYS5875649,D,B,C,2024-09-24,1000000.00,3.655452,100.572265625
08:01:14,91282CLJ8,TSRYS5875649,D,S,D,2024-09-24,1000000.00,3.655452,100.572265625
08:01:14,91282CLJ8,TSRYS5875649,D,S,T,2024-09-24,1000000.00,3.658357,100.5545625
08:01:14,91282CLJ8,TSRYS5875649,D,S,D,2024-09-24,1000000.00,3.65385,100.58203125
08:01:14,91282CLJ8,TSRYS5875649,D,S,D,2024-09-24,1000000.00,3.655773,100.5703125
08:01:14,91282CLJ8,TSRYS5875649,D,S,C,2024-09-24,1000000.00,3.619605,100.791015625
08:01:14,91282CLJ8,TSRYS5875649,D,S,C,2024-09-24,1000000.00,3.618646,100.796875
08:01:14,91282CLJ8,TSRYS5875649,D,B,C,2024-09-24,1000000.00,3.655452,100.572265625
08:01:14,91282CLJ8,TSRYS5875649,D,S,D,2024-09-24,1000000.00,3.655452,100.572265625
08:01:14,91282CLJ8,TSRYS5875649,D,B,C,2024-09-24,1000000.00,3.655452,100.572265625
08:01:14,91282CLJ8,TSRYS5875649,D,S,D,2024-09-24,1000000.00,3.655452,100.572265625
08:01:14,91282CLJ8,TSRYS5875649,D,S,T,2024-09-24,1000000.00,3.658357,100.5545625
08:01:14,91282CLJ8,TSRYS5875649,D,B,C,2024-09-24,1000000.00,3.657696,100.55859375
08:01:14,91282CLJ8,TSRYS5875649,D,S,D,2024-09-24,1000000.00,3.657696,100.55859375
08:01:14,91282CLJ8,TSRYS5875649,D,S,D,2024-09-24,1000000.00,3.657696,100.55859375
08:01:14,91282CLJ8,TSRYS5875649,D,B,C,2024-09-24,1000000.00,3.657696,100.55859375
08:01:14,91282CLJ8,TSRYS5875649,D,B,C,2024-09-24,1000000.00,3.657696,100.55859375
08:01:14,91282CLJ8,TSRYS5875649,D,S,D,2024-09-24,1000000.00,3.657696,100.55859375
08:01:14,91282CLJ8,TSRYS5875649,D,S,C,2024-09-24,1000000.00,3.619925,100.7890625
08:01:14,91282CLJ8,TSRYS5875649,D,B,C,2024-09-24,1000000.00,3.619925,100.7888625
08:01:14,91282CLJ8,TSRYS5875649,D,B,C,2024-09-24,1000000.00,3.619925,100.7890625
08:01:14,91282CLJ8,TSRYS5875649,D,S,D,2024-09-24,1000000.00,3.619925,100.7890625
08:01:14,91282CLJ8,TSRYS5875649,D,S,D,2024-09-24,1000000.00,3.619925,100.7890625
08:01:14,91282CLJ8,TSRYS5875649,D,S,T,2024-09-24,1000000.00,3.663787,100.521484375
08:01:14,91282CLJ8,TSRYS5875649,D,S,T,2024-09-24,1000000.00,3.663487,100.5233125
08:01:15,91282CLJ8,TSRYS5875649,D,S,T,2024-09-24,1000000.00,3.663487,100.5233125
08:01:15,91282CLJ8,TSRYS5875649,D,B,C,2024-09-24,1000000.00,3.616089,100.8125
08:01:15,91282CLJ8,TSRYS5875649,D,S,C,2024-09-24,1000000.00,3.616089,100.8125
08:01:15,91282CLJ8,TSRYS5875649,D,S,T,2024-09-24,1000000.00,3.663787,100.521484375
08:01:15,91282CLJ8,TSRYS5875649,D,S,C,2024-09-24,1000000.00,3.614811,100.8203125
08:01:15,91282CLJ8,TSRYS5875649,D,S,D,2024-09-24,1000000.00,3.614811,100.8203125
08:01:15,91282CLJ8,TSRYS5875649,D,S,D,2024-09-24,1000000.00,3.614811,100.8203125
08:01:15,91282CLJ8,TSRYS5875649,D,S,D,2024-09-24,1000000.00,3.615131,100.818359375
08:01:15,91282CLJ8,TSRYS5875649,D,S,D,2024-09-24,1000000.00,3.615131,100.818359375
08:01:16,91282CLJ8,TSRYS5875649,D,S,T,2024-09-24,1000000.00,3.663787,100.521484375
08:01:16,91282CLJ8,TSRYS5875649,D,S,T,2024-09-24,1000000.00,3.663787,100.521484375
08:01:16,91282CLJ8,TSRYS5875649,D,S,T,2024-09-24,1000000.00,3.663807,100.521359375
08:01:16,91282CLJ8,TSRYS5875649,D,S,T,2024-09-24,1000000.00,3.663787,100.521484375
08:01:16,91282CLJ8,TSRYS5875649,D,S,T,2024-09-24,1000000.00,3.663807,100.521359375
08:01:16,91282CLJ8,TSRYS5875649,D,S,T,2024-09-24,1000000.00,3.663787,100.521484375
08:01:17,91282CLJ8,TSRYS5875649,D,S,D,2024-09-24,1000000.00,3.612894,100.83203125
08:01:17,91282CLJ8,TSRYS5875649,D,S,D,2024-09-24,1000000.00,3.612894,100.83203125
08:01:17,91282CLJ8,TSRYS5875649,D,S,D,2024-09-24,1000000.00,3.612894,100.83203125
08:01:17,91282CLJ8,TSRYS5875649,D,S,D,2024-09-24,1000000.00,3.612894,100.83203125
08:01:18,91282CLJ8,TSRYS5875649,D,B,C,2024-09-24,1000000.00,3.616089,100.8125
08:01:18,91282CLJ8,TSRYS5875649,D,S,D,2024-09-24,1000000.00,3.616089,100.8125
08:01:19,91282CLJ8,TSRYS5875649,D,S,T,2024-09-24,1000000.00,3.615147,100.818259375
08:01:19,91282CLJ8,TSRYS5875649,D,S,T,2024-09-24,1000000.00,3.616745,100.80849375
08:01:19,91282CLJ8,TSRYS5875649,D,S,T,2024-09-24,1000000.00,3.615467,100.81630625
08:01:19,91282CLJ8,TSRYS5875649,D,S,T,2024-09-24,1000000.00,3.615467,100.81630625
08:01:19,91282CLJ8,TSRYS5875649,D,S,T,2024-09-24,1000000.00,3.615467,100.81630625
08:01:19,91282CLJ8,TSRYS5875649,D,S,T,2024-09-24,1000000.00,3.631454,100.71865
08:01:19,91282CLJ8,TSRYS5875649,D,S,T,2024-09-24,1000000.00,3.631454,100.71865
08:01:20,91282CLJ8,TSRYS5875649,D,S,T,2024-09-24,1000000.00,3.640415,100.6639625
08:01:20,91282CLJ8,TSRYS5875649,D,S,T,2024-09-24,1000000.00,3.644257,100.640525
08:01:20,91282CLJ8,TSRYS5875649,D,S,T,2024-09-24,1000000.00,3.644257,100.640525
08:01:20,91282CLJ8,TSRYS5875649,D,S,D,2024-09-24,1000000.00,3.658016,100.556640625
08:01:20,91282CLJ8,TSRYS5875649,D,S,A,2024-09-24,1994000.00,3.667314,100.5
08:01:20,91282CLJ8,TSRYS5875649,D,S,D,2024-09-24,1000000.00,3.660901,100.5390625
08:01:20,91282CLJ8,TSRYS5875649,D,S,T,2024-09-24,1000000.00,3.613554,100.827995
08:01:20,91282CLJ8,TSRYS5875649,D,S,T,2024-09-24,1000000.00,3.613554,100.827995
08:01:20,91282CLJ8,TSRYS5875649,D,S,T,2024-09-24,1000000.00,3.640427,100.6638875
08:01:20,91282CLJ8,TSRYS5875649,D,S,T,2024-09-24,1000000.00,3.644269,100.64045
08:01:20,91282CLJ8,TSRYS5875649,D,S,C,2024-09-24,1930000.00,3.664749,100.515625
08:01:20,91282CLJ8,TSRYS5875649,D,B,C,2024-09-24,1000000.00,3.627599,100.7421875
08:01:20,91282CLJ8,TSRYS5875649,D,S,D,2024-09-24,1000000.00,3.627599,100.7421875
08:01:20,91282CLJ8,TSRYS5875649,D,S,T,2024-09-24,1000000.00,3.631474,100.718525
08:01:20,91282CLJ8,TSRYS5875649,D,S,D,2024-09-24,1000000.00,3.628878,100.734375
08:01:20,91282CLJ8,TSRYS5875649,D,S,D,2024-09-24,1000000.00,3.628878,100.734375
08:01:20,91282CLJ8,TSRYS5875649,D,S,T,2024-09-24,1000000.00,3.644277,100.6404
08:01:21,91282CLJ8,TSRYS5875649,D,S,T,2024-09-24,1000000.00,3.614811,100.8203125
08:01:21,91282CLJ8,TSRYS5875649,D,S,T,2024-09-24,1000000.00,3.614811,100.8203125
08:01:21,91282CLJ8,TSRYS5875649,D,S,T,2024-09-24,1000000.00,3.615131,100.818359375
08:01:21,91282CLJ8,TSRYS5875649,D,S,T,2024-09-24,1000000.00,3.615131,100.818359375
08:01:21,91282CLJ8,TSRYS5875649,D,S,T,2024-09-24,1000000.00,3.640398,100.6640625
08:01:21,91282CLJ8,TSRYS5875649,D,S,C,2024-09-24,1000000.00,3.62632,100.75
08:01:21,91282CLJ8,TSRYS5875649,D,B,C,2024-09-24,2000000.00,3.623442,100.767578125
08:01:21,91282CLJ8,TSRYS5875649,D,S,D,2024-09-24,1000000.00,3.667956,100.49609375
08:01:22,91282CLJ8,TSRYS5875649,D,S,D,2024-09-24,1000000.00,3.667314,100.5
08:01:22,91282CLJ8,TSRYS5875649,D,S,D,2024-09-24,1000000.00,3.666031,100.5078125
08:01:22,91282CLJ8,TSRYS5875649,D,S,D,2024-09-24,1000000.00,3.664749,100.515625
08:01:22,91282CLJ8,TSRYS5875649,D,S,D,2024-09-24,2000000.00,3.623442,100.767578125
08:01:22,91282CLJ8,TSRYS5875649,D,S,D,2024-09-24,1000000.00,3.623761,100.765625
08:01:22,91282CLJ8,TSRYS5875649,D,S,D,2024-09-24,1000000.00,3.623761,100.765625
08:01:22,91282CLJ8,TSRYS5875649,D,B,C,2024-09-24,1000000.00,3.622483,100.7734375
08:01:22,91282CLJ8,TSRYS5875649,D,S,D,2024-09-24,1000000.00,3.622483,100.7734375
08:01:22,91282CLJ8,TSRYS5875649,D,S,T,2024-09-24,1000000.00,3.654844,100.575972
08:01:22,91282CLJ8,TSRYS5875649,D,S,D,2024-09-24,3000000.00,3.655822,100.5700125
08:01:22,91282CLJ8,TSRYS5875649,D,S,D,2024-09-24,3000000.00,3.655181,100.57391875
08:01:22,91282CLJ8,TSRYS5875649,D,S,D,2024-09-24,1000000.00,3.663787,100.521484375
08:01:22,91282CLJ8,TSRYS5875649,D,S,C,2024-09-24,1000000.00,3.665069,100.513671875
08:01:23,91282CLJ8,TSRYS5875649,D,S,C,2024-09-24,1000000.00,3.665069,100.513671875
08:01:23,91282CLJ8,TSRYS5875649,D,S,D,2024-09-24,1000000.00,3.664428,100.517578125
08:01:23,91282CLJ8,TSRYS5875649,D,S,D,2024-09-24,1000000.00,3.664428,100.517578125
08:01:23,91282CLJ8,TSRYS5875649,D,S,C,2024-09-24,1000000.00,3.663787,100.521484375
08:01:23,91282CLJ8,TSRYS5875649,D,S,D,2024-09-24,1000000.00,3.664749,100.515625
08:01:24,91282CLJ8,TSRYS5875649,D,S,D,2024-09-24,1000000.00,3.638158,100.67773437
08:01:24,91282CLJ8,TSRYS5875649,D,S,D,2024-09-24,1000000.00,3.638158,100.67773437
08:01:24,91282CLJ8,TSRYS5875649,D,S,D,2024-09-24,2000000.00,3.638158,100.67773437
08:01:24,91282CLJ8,TSRYS5875649,D,S,D,2024-09-24,1000000.00,3.638158,100.67773437
08:01:24,91282CLJ8,TSRYS5875649,D,S,D,2024-09-24,1000000.00,3.638158,100.67773437
08:01:24,91282CLJ8,TSRYS5875649,D,S,D,2024-09-24,1000000.00,3.638158,100.67773437
08:01:24,91282CLJ8,TSRYS5875649,D,S,D,2024-09-24,1000000.00,3.638158,100.67773437
08:01:24,91282CLJ8,TSRYS5875649,D,S,C,2024-09-24,1000000.00,3.638158,100.67773437
08:01:24,91282CLJ8,TSRYS5875649,D,S,D,2024-09-24,1000000.00,3.638158,100.67773437
08:01:24,91282CLJ8,TSRYS5875649,D,S,T,2024-09-24,1000000.00,3.638158,100.67773437
08:01:24,91282CLJ8,TSRYS5875649,D,S,D,2024-09-24,1000000.00,3.638158,100.67773437
08:01:24,91282CLJ8,TSRYS5875649,D,S,D,2024-09-24,1000000.00,3.638158,100.67773437
08:01:24,91282CLJ8,TSRYS5875649,D,S,T,2024-09-24,1000000.00,3.638158,100.67773437
08:01:24,91282CLJ8,TSRYS5875649,D,S,D,2024-09-24,1000000.00,3.638158,100.67773437
08:01:24,91282CLJ8,TSRYS5875649,D,S,D,2024-09-24,1000000.00,3.638158,100.67773437
08:01:24,91282CLJ8,TSRYS5875649,D,S,D,2024-09-24,1000000.00,3.638158,100.67773437
08:01:24,91282CLJ8,TSRYS5875649,D,S,C,2024-09-24,1000000.00,3.638158,100.67773437
08:01:24,91282CLJ8,TSRYS5875649,D,S,D,2024-09-24,1000000.00,3.637838,100.6796875
08:01:24,91282CLJ8,TSRYS5875649,D,S,D,2024-09-24,1000000.00,3.638158,100.67773437
08:01:24,91282CLJ8,TSRYS5875649,D,S,D,2024-09-24,1000000.00,3.638158,100.67773437
08:01:24,91282CLJ8,TSRYS5875649,D,S,D,2024-09-24,1000000.00,3.638158,100.67773437
08:01:24,91282CLJ8,TSRYS5875649,D,S,T,2024-09-24,1000000.00,3.638158,100.67773437
08:01:24,91282CLJ8,TSRYS5875649,D,S,T,2024-09-24,1000000.00,3.638158,100.67773437
08:01:24,91282CLJ8,TSRYS5875649,D,S,C,2024-09-24,1000000.00,3.624401,100.76171875
08:01:24,91282CLJ8,TSRYS5875649,D,S,C,2024-09-24,1000000.00,3.624401,100.76171875
08:01:24,91282CLJ8,TSRYS5875649,D,S,C,2024-09-24,1000000.00,3.624401,100.76171875
08:01:25,91282CLJ8,TSRYS5875649,D,S,T,2024-09-24,1000000.00,3.623761,100.765625
08:01:25,91282CLJ8,TSRYS5875649,D,S,A,2024-09-24,100000000.00,3.639118,100.671875
08:01:25,91282CLJ8,TSRYS5875649,D,S,D,2024-09-24,2000000.00,3.623761,100.765625
08:01:25,91282CLJ8,TSRYS5875649,D,S,C,2024-09-24,1000000.00,3.623761,100.765625
08:01:25,91282CLJ8,TSRYS5875649,D,S,T,2024-09-24,1000000.00,3.623761,100.765625
08:01:25,91282CLJ8,TSRYS5875649,D,S,T,2024-09-24,1000000.00,3.659619,100.546875
08:01:25,91282CLJ8,TSRYS5875649,D,S,C,2024-09-24,1000000.00,3.624081,100.76367187
08:01:25,91282CLJ8,TSRYS5875649,D,S,T,2024-09-24,1000000.00,3.659619,100.546875
08:01:25,91282CLJ8,TSRYS5875649,D,S,D,2024-09-24,2000000.00,3.623761,100.765625
08:01:25,91282CLJ8,TSRYS5875649,D,S,C,2024-09-24,1000000.00,3.624081,100.76367187
08:01:25,91282CLJ8,TSRYS5875649,D,S,T,2024-09-24,1000000.00,3.659619,100.546875
08:01:25,91282CLJ8,TSRYS5875649,D,S,C,2024-09-24,1000000.00,3.624401,100.76171875
08:01:25,91282CLJ8,TSRYS5875649,D,S,T,2024-09-24,1000000.00,3.659619,100.546875
08:01:25,91282CLJ8,TSRYS5875649,D,S,C,2024-09-24,1000000.00,3.624401,100.76171875
08:01:25,91282CLJ8,TSRYS5875649,D,S,C,2024-09-24,3000000.00,3.624401,100.76171875
08:01:25,91282CLJ8,TSRYS5875649,D,B,C,2024-09-24,20000000.00,3.62426,100.76258
08:01:25,91282CLJ8,TSRYS5875649,D,S,C,2024-09-24,1000000.00,3.624401,100.76171875
08:01:25,91282CLJ8,TSRYS5875649,D,S,C,2024-09-24,1000000.00,3.624401,100.76171875
08:01:25,91282CLJ8,TSRYS5875649,D,S,T,2024-09-24,1000000.00,3.659619,100.546875
08:01:25,91282CLJ8,TSRYS5875649,D,S,D,2024-09-24,2000000.00,3.623442,100.76757812
08:01:25,91282CLJ8,TSRYS5875649,D,S,D,2024-09-24,2000000.00,3.623442,100.76757812
08:01:25,91282CLJ8,TSRYS5875649,D,S,C,2024-09-24,1000000.00,3.623442,100.76757812
08:01:25,91282CLJ8,TSRYS5875649,D,S,C,2024-09-24,1000000.00,3.623442,100.76757812
08:01:25,91282CLJ8,TSRYS5875649,D,S,C,2024-09-24,1000000.00,3.623442,100.76757812
08:01:25,91282CLJ8,TSRYS5875649,D,S,C,2024-09-24,1000000.00,3.623442,100.76757812
08:01:26,91282CLJ8,TSRYS5875649,D,B,C,2024-09-24,10000000.00,3.623556,100.76688
08:01:26,91282CLJ8,TSRYS5875649,D,S,C,2024-09-24,1000000.00,3.624401,100.76171875
08:01:26,91282CLJ8,TSRYS5875649,D,S,D,2024-09-24,1000000.00,3.623442,100.76757812
08:01:26,91282CLJ8,TSRYS5875649,D,S,C,2024-09-24,1000000.00,3.623442,100.76757812
08:01:27,91282CLJ8,TSRYS5875649,D,S,D,2024-09-24,1000000.00,3.633997,100.703125
08:01:27,91282CLJ8,TSRYS5875649,D,B,C,2024-09-24,1000000.00,3.633997,100.703125
08:01:27,91282CLJ8,TSRYS5875649,D,B,A,2024-09-24,1500000.00,3.656414,100.56640625
08:01:28,91282CLJ8,TSRYS5875649,D,S,D,2024-09-24,1000000.00,3.635277,100.6953125
08:01:28,91282CLJ8,TSRYS5875649,D,S,D,2024-09-24,1000000.00,3.635277,100.6953125
08:01:28,91282CLJ8,TSRYS5875649,D,S,A,2024-09-24,100000000.00,3.663466,100.5234375
08:01:30,91282CLJ8,TSRYS5875649,D,S,D,2024-09-24,1000000.00,3.638158,100.677734375
08:01:30,91282CLJ8,TSRYS5875649,D,S,D,2024-09-24,1000000.00,3.638158,100.677734375
08:01:30,91282CLJ8,TSRYS5875649,D,S,D,2024-09-24,1000000.00,3.638158,100.677734375
08:01:30,91282CLJ8,TSRYS5875649,D,S,D,2024-09-24,1000000.00,3.638158,100.677734375
08:01:30,91282CLJ8,TSRYS5875649,D,S,T,2024-09-24,1000000.00,3.648083,100.6171875
