tradeTime,cusip,issueSymbolIdentifier,priceType,reportingSideCode,contraPartyTypeCode,tradeDate,reportedTradeVolume,lastSaleYield,lastSalePrice
08:00:02,91282CLM1,TSRYS5893517,D,S,D,2024-10-10,1000000.00,3.978565,97.865234375
08:00:02,91282CLM1,TSRYS5893517,D,S,D,2024-10-10,1000000.00,3.978565,97.865234375
08:00:02,91282CLM1,TSRYS5893517,D,S,T,2024-10-10,1000000.00,3.978565,97.865234375
08:00:02,91282CLM1,TSRYS5893517,D,S,T,2024-10-10,1000000.00,3.978238,97.8671875
08:00:02,91282CLM1,TSRYS5893517,D,S,D,2024-10-10,1000000.00,3.978238,97.8671875
08:00:02,91282CLM1,TSRYS5893517,D,S,D,2024-10-10,1000000.00,3.978238,97.8671875
08:00:02,91282CLM1,TSRYS5893517,D,S,D,2024-10-10,1000000.00,3.978238,97.8671875
08:00:02,91282CLM1,TSRYS5893517,D,S,D,2024-10-10,1000000.00,3.978238,97.8671875
08:00:02,91282CLM1,TSRYS5893517,D,S,T,2024-10-10,1000000.00,3.978238,97.8671875
08:00:02,91282CLM1,TSRYS5893517,D,S,T,2024-10-10,1000000.00,3.978238,97.8671875
08:00:02,91282CLM1,TSRYS5893517,D,S,T,2024-10-10,1000000.00,3.978238,97.8671875
08:00:02,91282CLM1,TSRYS5893517,D,S,D,2024-10-10,1000000.00,3.978238,97.8671875
08:00:02,91282CLM1,TSRYS5893517,D,S,D,2024-10-10,1000000.00,3.978238,97.8671875
08:00:02,91282CLM1,TSRYS5893517,D,S,D,2024-10-10,1000000.00,3.978238,97.8671875
08:00:02,91282CLM1,TSRYS5893517,D,S,D,2024-10-10,1000000.00,3.978238,97.8671875
08:00:02,91282CLM1,TSRYS5893517,D,S,D,2024-10-10,2000000.00,3.976599,97.876953125
08:00:02,91282CLM1,TSRYS5893517,D,S,D,2024-10-10,2000000.00,3.978238,97.8671875
08:00:02,91282CLM1,TSRYS5893517,D,S,D,2024-10-10,1000000.00,3.978238,97.8671875
08:00:02,91282CLM1,TSRYS5893517,D,S,D,2024-10-10,1000000.00,3.973651,97.89453125
08:00:02,91282CLM1,TSRYS5893517,D,S,D,2024-10-10,1000000.00,3.975944,97.880859375
08:00:02,91282CLM1,TSRYS5893517,D,S,D,2024-10-10,1000000.00,3.975944,97.880859375
08:00:02,91282CLM1,TSRYS5893517,D,S,T,2024-10-10,2000000.00,3.975944,97.880859375
08:00:02,91282CLM1,TSRYS5893517,D,S,D,2024-10-10,1000000.00,3.975944,97.880859375
08:00:02,91282CLM1,TSRYS5893517,D,S,T,2024-10-10,2000000.00,3.975944,97.880859375
08:00:02,91282CLM1,TSRYS5893517,D,S,D,2024-10-10,1000000.00,3.975944,97.880859375
08:00:02,91282CLM1,TSRYS5893517,D,S,T,2024-10-10,1000000.00,3.974306,97.890625
08:00:02,91282CLM1,TSRYS5893517,D,S,D,2024-10-10,2000000.00,3.974306,97.890625
08:00:02,91282CLM1,TSRYS5893517,D,S,D,2024-10-10,2000000.00,3.972668,97.900390625
08:00:02,91282CLM1,TSRYS5893517,D,S,D,2024-10-10,1000000.00,3.972668,97.900390625
08:00:02,91282CLM1,TSRYS5893517,D,S,D,2024-10-10,1000000.00,3.975289,97.884765625
08:00:02,91282CLM1,TSRYS5893517,D,S,D,2024-10-10,2000000.00,3.975289,97.884765625
08:00:02,91282CLM1,TSRYS5893517,D,S,D,2024-10-10,1000000.00,3.975289,97.884765625
08:00:02,91282CLM1,TSRYS5893517,D,S,T,2024-10-10,1000000.00,3.974306,97.890625
08:00:02,91282CLM1,TSRYS5893517,D,S,D,2024-10-10,2000000.00,3.974306,97.890625
08:00:02,91282CLM1,TSRYS5893517,D,S,T,2024-10-10,1000000.00,3.974306,97.890625
08:00:02,91282CLM1,TSRYS5893517,D,S,D,2024-10-10,2000000.00,3.974306,97.890625
08:00:02,91282CLM1,TSRYS5893517,D,S,T,2024-10-10,1000000.00,3.974306,97.890625
08:00:02,91282CLM1,TSRYS5893517,D,S,D,2024-10-10,1000000.00,3.974306,97.890625
08:00:02,91282CLM1,TSRYS5893517,D,S,T,2024-10-10,1000000.00,3.978565,97.865234375
08:00:02,91282CLM1,TSRYS5893517,D,S,D,2024-10-10,1000000.00,3.978565,97.865234375
08:00:02,91282CLM1,TSRYS5893517,D,S,D,2024-10-10,1000000.00,3.978565,97.865234375
08:00:02,91282CLM1,TSRYS5893517,D,S,T,2024-10-10,1000000.00,3.978565,97.865234375
08:00:02,91282CLM1,TSRYS5893517,D,S,D,2024-10-10,1000000.00,3.978565,97.865234375
08:00:02,91282CLM1,TSRYS5893517,D,S,D,2024-10-10,1000000.00,3.977582,97.87109375
08:00:02,91282CLM1,TSRYS5893517,D,S,T,2024-10-10,1000000.00,3.977582,97.87109375
08:00:02,91282CLM1,TSRYS5893517,D,S,D,2024-10-10,1000000.00,3.977582,97.87109375
08:00:02,91282CLM1,TSRYS5893517,D,S,D,2024-10-10,1000000.00,3.977582,97.87109375
08:00:02,91282CLM1,TSRYS5893517,D,S,T,2024-10-10,1000000.00,3.977582,97.87109375
08:00:02,91282CLM1,TSRYS5893517,D,S,D,2024-10-10,1000000.00,3.977582,97.87109375
08:00:02,91282CLM1,TSRYS5893517,D,S,T,2024-10-10,1000000.00,3.977582,97.87109375
08:00:02,91282CLM1,TSRYS5893517,D,S,D,2024-10-10,1000000.00,3.977582,97.87109375
08:00:02,91282CLM1,TSRYS5893517,D,S,D,2024-10-10,1000000.00,3.977582,97.87109375
08:00:02,91282CLM1,TSRYS5893517,D,S,D,2024-10-10,1000000.00,3.979548,97.859375
08:00:02,91282CLM1,TSRYS5893517,D,S,D,2024-10-10,1000000.00,3.979548,97.859375
08:00:02,91282CLM1,TSRYS5893517,D,S,D,2024-10-10,1000000.00,3.977255,97.873046875
08:00:02,91282CLM1,TSRYS5893517,D,S,D,2024-10-10,2000000.00,3.979876,97.857421875
08:00:02,91282CLM1,TSRYS5893517,D,S,D,2024-10-10,1000000.00,3.981842,97.845703125
08:00:02,91282CLM1,TSRYS5893517,D,S,D,2024-10-10,1000000.00,3.981842,97.845703125
08:00:02,91282CLM1,TSRYS5893517,D,S,D,2024-10-10,1000000.00,3.98217,97.84375
08:00:02,91282CLM1,TSRYS5893517,D,S,D,2024-10-10,1000000.00,3.980204,97.85546875
08:00:02,91282CLM1,TSRYS5893517,D,S,D,2024-10-10,1000000.00,3.979548,97.859375
08:00:02,91282CLM1,TSRYS5893517,D,S,D,2024-10-10,2000000.00,3.979876,97.857421875
08:00:02,91282CLM1,TSRYS5893517,D,S,D,2024-10-10,1000000.00,3.980204,97.85546875
08:00:02,91282CLM1,TSRYS5893517,D,S,D,2024-10-10,2000000.00,3.980204,97.85546875
08:00:02,91282CLM1,TSRYS5893517,D,S,D,2024-10-10,2000000.00,3.980204,97.85546875
08:00:02,91282CLM1,TSRYS5893517,D,S,D,2024-10-10,2000000.00,3.980204,97.85546875
08:00:02,91282CLM1,TSRYS5893517,D,S,D,2024-10-10,1000000.00,3.980859,97.8515625
08:00:02,91282CLM1,TSRYS5893517,D,S,D,2024-10-10,1000000.00,3.984793,97.828125
08:00:02,91282CLM1,TSRYS5893517,D,S,D,2024-10-10,2000000.00,3.987088,97.814453125
08:00:02,91282CLM1,TSRYS5893517,D,S,D,2024-10-10,2000000.00,3.987088,97.814453125
08:00:02,91282CLM1,TSRYS5893517,D,S,D,2024-10-10,2000000.00,3.987088,97.814453125
08:00:02,91282CLM1,TSRYS5893517,D,S,D,2024-10-10,2000000.00,3.992335,97.783203125
08:00:02,91282CLM1,TSRYS5893517,D,S,D,2024-10-10,1000000.00,3.992007,97.78515625
08:00:02,91282CLM1,TSRYS5893517,D,S,D,2024-10-10,1000000.00,3.993975,97.7734375
08:00:02,91282CLM1,TSRYS5893517,D,S,D,2024-10-10,1000000.00,3.993975,97.7734375
08:00:02,91282CLM1,TSRYS5893517,D,S,T,2024-10-10,1000000.00,3.993647,97.775390625
08:00:02,91282CLM1,TSRYS5893517,D,S,D,2024-10-10,1000000.00,3.993647,97.775390625
08:00:03,91282CLM1,TSRYS5893517,D,S,D,2024-10-10,1000000.00,3.984793,97.828125
08:00:03,91282CLM1,TSRYS5893517,D,S,D,2024-10-10,1000000.00,3.984793,97.828125
08:00:03,91282CLM1,TSRYS5893517,D,S,D,2024-10-10,2000000.00,3.988727,97.8046875
08:00:03,91282CLM1,TSRYS5893517,D,S,T,2024-10-10,2000000.00,3.996927,97.755859375
08:00:03,91282CLM1,TSRYS5893517,D,S,T,2024-10-10,2000000.00,3.996927,97.755859375
08:00:12,91282CLM1,TSRYS5893517,D,S,D,2024-10-10,1000000.00,3.976927,97.875
08:00:12,91282CLM1,TSRYS5893517,D,S,D,2024-10-10,1000000.00,3.976599,97.876953125
08:00:12,91282CLM1,TSRYS5893517,D,S,D,2024-10-10,1000000.00,3.976599,97.876953125
08:00:12,91282CLM1,TSRYS5893517,D,S,D,2024-10-10,2000000.00,3.976599,97.876953125
08:00:12,91282CLM1,TSRYS5893517,D,S,D,2024-10-10,1000000.00,3.97791,97.869140625
08:00:12,91282CLM1,TSRYS5893517,D,S,D,2024-10-10,1000000.00,3.97791,97.869140625
08:00:12,91282CLM1,TSRYS5893517,D,S,D,2024-10-10,1000000.00,3.977582,97.87109375
08:00:12,91282CLM1,TSRYS5893517,D,S,T,2024-10-10,1000000.00,3.977582,97.87109375
08:00:12,91282CLM1,TSRYS5893517,D,S,T,2024-10-10,1000000.00,3.974961,97.88671875
08:00:12,91282CLM1,TSRYS5893517,D,S,T,2024-10-10,1000000.00,3.974961,97.88671875
08:00:12,91282CLM1,TSRYS5893517,D,S,T,2024-10-10,1000000.00,3.974961,97.88671875
08:00:12,91282CLM1,TSRYS5893517,D,S,T,2024-10-10,2000000.00,3.975616,97.8828125
08:00:12,91282CLM1,TSRYS5893517,D,S,D,2024-10-10,1000000.00,3.977255,97.873046875
08:00:12,91282CLM1,TSRYS5893517,D,S,D,2024-10-10,1000000.00,3.977255,97.873046875
08:00:12,91282CLM1,TSRYS5893517,D,S,T,2024-10-10,1000000.00,3.974306,97.890625
08:00:12,91282CLM1,TSRYS5893517,D,S,T,2024-10-10,1000000.00,3.974306,97.890625
08:00:12,91282CLM1,TSRYS5893517,D,S,D,2024-10-10,1000000.00,3.977255,97.873046875
08:00:12,91282CLM1,TSRYS5893517,D,S,D,2024-10-10,1000000.00,3.977255,97.873046875
08:00:12,91282CLM1,TSRYS5893517,D,S,T,2024-10-10,1000000.00,3.977255,97.873046875
08:00:12,91282CLM1,TSRYS5893517,D,S,D,2024-10-10,1000000.00,3.977255,97.873046875
08:00:12,91282CLM1,TSRYS5893517,D,S,D,2024-10-10,1000000.00,3.980204,97.85546875
08:00:12,91282CLM1,TSRYS5893517,D,S,D,2024-10-10,1000000.00,3.980204,97.85546875
08:00:12,91282CLM1,TSRYS5893517,D,S,T,2024-10-10,1000000.00,3.976927,97.875
08:00:12,91282CLM1,TSRYS5893517,D,S,D,2024-10-10,1000000.00,3.979876,97.857421875
08:00:12,91282CLM1,TSRYS5893517,D,S,T,2024-10-10,1000000.00,3.979876,97.857421875
08:00:12,91282CLM1,TSRYS5893517,D,S,D,2024-10-10,1000000.00,3.980204,97.85546875
08:00:12,91282CLM1,TSRYS5893517,D,S,T,2024-10-10,2000000.00,3.987415,97.8125
08:00:12,91282CLM1,TSRYS5893517,D,S,T,2024-10-10,1000000.00,3.986104,97.8203125
08:00:12,91282CLM1,TSRYS5893517,D,S,T,2024-10-10,1000000.00,3.987088,97.814453125
08:00:12,91282CLM1,TSRYS5893517,D,S,T,2024-10-10,1000000.00,3.98676,97.81640625
08:00:12,91282CLM1,TSRYS5893517,D,S,T,2024-10-10,1000000.00,3.987088,97.814453125
08:00:12,91282CLM1,TSRYS5893517,D,S,T,2024-10-10,1000000.00,3.98676,97.81640625
08:00:12,91282CLM1,TSRYS5893517,D,S,T,2024-10-10,1000000.00,3.987415,97.8125
08:00:12,91282CLM1,TSRYS5893517,D,S,T,2024-10-10,1000000.00,3.985776,97.822265625
08:00:12,91282CLM1,TSRYS5893517,D,S,T,2024-10-10,1000000.00,3.985776,97.822265625
08:00:12,91282CLM1,TSRYS5893517,D,S,T,2024-10-10,1000000.00,3.985776,97.822265625
08:00:12,91282CLM1,TSRYS5893517,D,S,T,2024-10-10,1000000.00,3.990039,97.796875
08:00:12,91282CLM1,TSRYS5893517,D,S,T,2024-10-10,1000000.00,3.992335,97.783203125
08:00:12,91282CLM1,TSRYS5893517,D,S,T,2024-10-10,1000000.00,3.992335,97.783203125
08:00:12,91282CLM1,TSRYS5893517,D,S,T,2024-10-10,1000000.00,3.999552,97.740234375
08:00:12,91282CLM1,TSRYS5893517,D,S,T,2024-10-10,1000000.00,4.004476,97.7109375
08:00:12,91282CLM1,TSRYS5893517,D,S,T,2024-10-10,1000000.00,4.004476,97.7109375
08:00:12,91282CLM1,TSRYS5893517,D,S,T,2024-10-10,1000000.00,4.004148,97.712890625
08:00:12,91282CLM1,TSRYS5893517,D,S,T,2024-10-10,1000000.00,4.004148,97.712890625
08:00:12,91282CLM1,TSRYS5893517,D,S,T,2024-10-10,1000000.00,4.004148,97.712890625
08:00:12,91282CLM1,TSRYS5893517,D,S,T,2024-10-10,1000000.00,4.004148,97.712890625
08:00:12,91282CLM1,TSRYS5893517,D,S,T,2024-10-10,1000000.00,4.003819,97.71484375
08:00:15,91282CLM1,TSRYS5893517,D,S,D,2024-10-10,1000000.00,3.975616,97.8828125
08:00:16,91282CLM1,TSRYS5893517,D,S,A,2024-10-10,84000000.00,3.971686,97.90625
08:00:17,91282CLM1,TSRYS5893517,D,S,D,2024-10-10,1000000.00,3.974306,97.890625
08:00:17,91282CLM1,TSRYS5893517,D,S,D,2024-10-10,1000000.00,3.974306,97.890625
08:00:19,91282CLM1,TSRYS5893517,D,S,D,2024-10-10,1000000.00,3.975616,97.8828125
08:00:20,91282CLM1,TSRYS5893517,D,S,A,2024-10-10,42000000.00,3.98217,97.84375
08:00:23,91282CLM1,TSRYS5893517,D,S,D,2024-10-10,1000000.00,3.976927,97.875
08:00:23,91282CLM1,TSRYS5893517,D,S,D,2024-10-10,2000000.00,3.976599,97.876953125
08:00:24,91282CLM1,TSRYS5893517,D,B,A,2024-10-10,84000000.00,3.971686,97.90625
08:00:25,91282CLM1,TSRYS5893517,D,B,C,2024-10-10,78000000.00,3.972996,97.8984375
08:00:26,91282CLM1,TSRYS5893517,D,S,C,2024-10-10,1000000.00,3.979221,97.861328125
08:00:26,91282CLM1,TSRYS5893517,D,S,C,2024-10-10,1000000.00,3.978893,97.86328125
08:00:26,91282CLM1,TSRYS5893517,D,S,C,2024-10-10,1000000.00,3.977582,97.87109375
08:00:26,91282CLM1,TSRYS5893517,D,S,D,2024-10-10,2000000.00,3.977255,97.873046875
08:00:26,91282CLM1,TSRYS5893517,D,S,D,2024-10-10,1000000.00,3.977255,97.873046875
08:00:26,91282CLM1,TSRYS5893517,D,S,D,2024-10-10,1000000.00,3.977255,97.873046875
08:00:26,91282CLM1,TSRYS5893517,D,S,C,2024-10-10,1000000.00,3.977255,97.873046875
08:00:26,91282CLM1,TSRYS5893517,D,S,C,2024-10-10,1000000.00,3.977255,97.873046875
08:00:27,91282CLM1,TSRYS5893517,D,S,C,2024-10-10,1000000.00,3.977582,97.87109375
08:00:27,91282CLM1,TSRYS5893517,D,S,C,2024-10-10,1000000.00,3.977582,97.87109375
08:00:27,91282CLM1,TSRYS5893517,D,S,D,2024-10-10,1000000.00,3.978893,97.86328125
08:00:27,91282CLM1,TSRYS5893517,D,S,T,2024-10-10,1000000.00,3.983481,97.8359375
08:00:27,91282CLM1,TSRYS5893517,D,S,T,2024-10-10,1000000.00,3.983481,97.8359375
08:00:27,91282CLM1,TSRYS5893517,D,S,T,2024-10-10,1000000.00,3.983481,97.8359375
08:00:27,91282CLM1,TSRYS5893517,D,S,T,2024-10-10,1000000.00,3.983481,97.8359375
08:00:27,91282CLM1,TSRYS5893517,D,S,T,2024-10-10,1000000.00,3.992663,97.78125
08:00:27,91282CLM1,TSRYS5893517,D,S,T,2024-10-10,1000000.00,3.986104,97.8203125
08:00:27,91282CLM1,TSRYS5893517,D,S,T,2024-10-10,1000000.00,3.987415,97.8125
08:00:27,91282CLM1,TSRYS5893517,D,S,T,2024-10-10,1000000.00,3.990039,97.796875
08:00:27,91282CLM1,TSRYS5893517,D,S,T,2024-10-10,1000000.00,3.990039,97.796875
08:00:27,91282CLM1,TSRYS5893517,D,S,T,2024-10-10,1000000.00,3.990039,97.796875
08:00:27,91282CLM1,TSRYS5893517,D,S,T,2024-10-10,1000000.00,3.993975,97.7734375
08:00:27,91282CLM1,TSRYS5893517,D,S,T,2024-10-10,1000000.00,3.993975,97.7734375
08:00:27,91282CLM1,TSRYS5893517,D,S,T,2024-10-10,1000000.00,3.995287,97.765625
08:00:27,91282CLM1,TSRYS5893517,D,S,T,2024-10-10,1000000.00,3.999224,97.7421875
08:00:27,91282CLM1,TSRYS5893517,D,S,T,2024-10-10,2000000.00,3.999224,97.7421875
08:00:27,91282CLM1,TSRYS5893517,D,S,T,2024-10-10,1000000.00,3.999224,97.7421875
08:00:27,91282CLM1,TSRYS5893517,D,S,T,2024-10-10,1000000.00,3.999224,97.7421875
08:00:27,91282CLM1,TSRYS5893517,D,S,T,2024-10-10,1000000.00,3.999224,97.7421875
08:00:27,91282CLM1,TSRYS5893517,D,S,T,2024-10-10,1000000.00,3.999224,97.7421875
08:00:27,91282CLM1,TSRYS5893517,D,S,T,2024-10-10,1000000.00,3.999224,97.7421875
08:00:27,91282CLM1,TSRYS5893517,D,S,T,2024-10-10,1000000.00,3.999224,97.7421875
08:00:27,91282CLM1,TSRYS5893517,D,S,T,2024-10-10,1000000.00,3.999224,97.7421875
08:00:27,91282CLM1,TSRYS5893517,D,S,T,2024-10-10,1000000.00,3.999224,97.7421875
08:00:28,91282CLM1,TSRYS5893517,D,S,D,2024-10-10,1000000.00,3.978893,97.86328125
08:00:28,91282CLM1,TSRYS5893517,D,S,T,2024-10-10,1000000.00,3.973323,97.896484375
08:00:28,91282CLM1,TSRYS5893517,D,S,D,2024-10-10,1000000.00,3.972668,97.900390625
08:00:28,91282CLM1,TSRYS5893517,D,S,D,2024-10-10,1000000.00,3.975616,97.8828125
08:00:28,91282CLM1,TSRYS5893517,D,S,T,2024-10-10,1000000.00,3.975289,97.884765625
08:00:28,91282CLM1,TSRYS5893517,D,S,D,2024-10-10,1000000.00,3.977255,97.873046875
08:00:28,91282CLM1,TSRYS5893517,D,S,D,2024-10-10,1000000.00,3.977582,97.87109375
08:00:28,91282CLM1,TSRYS5893517,D,S,T,2024-10-10,1000000.00,3.977582,97.87109375
08:00:28,91282CLM1,TSRYS5893517,D,S,D,2024-10-10,1000000.00,3.98217,97.84375
08:00:28,91282CLM1,TSRYS5893517,D,S,T,2024-10-10,1000000.00,3.98676,97.81640625
08:00:28,91282CLM1,TSRYS5893517,D,S,D,2024-10-10,1000000.00,3.988727,97.8046875
08:00:28,91282CLM1,TSRYS5893517,D,S,T,2024-10-10,1000000.00,3.987415,97.8125
08:00:28,91282CLM1,TSRYS5893517,D,S,T,2024-10-10,1000000.00,3.987415,97.8125
08:00:28,91282CLM1,TSRYS5893517,D,S,D,2024-10-10,1000000.00,3.993975,97.7734375
08:00:28,91282CLM1,TSRYS5893517,D,S,T,2024-10-10,3000000.00,3.997255,97.75390625
08:00:28,91282CLM1,TSRYS5893517,D,S,D,2024-10-10,1000000.00,3.979876,97.857421875
08:00:28,91282CLM1,TSRYS5893517,D,S,D,2024-10-10,1000000.00,3.979876,97.857421875
08:00:28,91282CLM1,TSRYS5893517,D,S,D,2024-10-10,5000000.00,3.999224,97.7421875
08:00:28,91282CLM1,TSRYS5893517,D,S,C,2024-10-10,1000000.00,3.975616,97.8828125
08:00:28,91282CLM1,TSRYS5893517,D,S,C,2024-10-10,1000000.00,3.976927,97.875
08:00:28,91282CLM1,TSRYS5893517,D,S,D,2024-10-10,1000000.00,3.975616,97.8828125
08:00:28,91282CLM1,TSRYS5893517,D,S,D,2024-10-10,1000000.00,3.975289,97.884765625
08:00:28,91282CLM1,TSRYS5893517,D,S,D,2024-10-10,1000000.00,3.978565,97.865234375
08:00:30,91282CLM1,TSRYS5893517,D,S,T,2024-10-10,1000000.00,3.983481,97.8359375
08:00:30,91282CLM1,TSRYS5893517,D,S,T,2024-10-10,1000000.00,3.980859,97.8515625
08:00:30,91282CLM1,TSRYS5893517,D,S,T,2024-10-10,1000000.00,3.979548,97.859375
08:00:30,91282CLM1,TSRYS5893517,D,S,T,2024-10-10,1000000.00,3.980859,97.8515625
08:00:30,91282CLM1,TSRYS5893517,D,S,T,2024-10-10,1000000.00,3.979548,97.859375
08:00:30,91282CLM1,TSRYS5893517,D,S,T,2024-10-10,1000000.00,3.978238,97.8671875
08:00:30,91282CLM1,TSRYS5893517,D,S,T,2024-10-10,1000000.00,3.976927,97.875
08:00:30,91282CLM1,TSRYS5893517,D,S,T,2024-10-10,1000000.00,3.976927,97.875
08:00:30,91282CLM1,TSRYS5893517,D,S,T,2024-10-10,1000000.00,3.976927,97.875
08:00:30,91282CLM1,TSRYS5893517,D,S,T,2024-10-10,1000000.00,3.976927,97.875
08:00:30,91282CLM1,TSRYS5893517,D,S,T,2024-10-10,1000000.00,3.976927,97.875
08:00:30,91282CLM1,TSRYS5893517,D,S,T,2024-10-10,1000000.00,3.976927,97.875
08:00:30,91282CLM1,TSRYS5893517,D,S,T,2024-10-10,1000000.00,3.976927,97.875
08:00:30,91282CLM1,TSRYS5893517,D,S,T,2024-10-10,1000000.00,3.975616,97.8828125
08:00:30,91282CLM1,TSRYS5893517,D,S,T,2024-10-10,1000000.00,3.974306,97.890625
08:00:30,91282CLM1,TSRYS5893517,D,S,T,2024-10-10,1000000.00,3.972996,97.8984375
08:00:30,91282CLM1,TSRYS5893517,D,S,T,2024-10-10,1000000.00,3.975616,97.8828125
08:00:30,91282CLM1,TSRYS5893517,D,S,T,2024-10-10,1000000.00,3.972996,97.8984375
08:00:30,91282CLM1,TSRYS5893517,D,S,T,2024-10-10,1000000.00,3.972996,97.8984375
08:00:30,91282CLM1,TSRYS5893517,D,S,T,2024-10-10,1000000.00,3.971686,97.90625
08:00:30,91282CLM1,TSRYS5893517,D,S,T,2024-10-10,1000000.00,3.971686,97.90625
08:00:30,91282CLM1,TSRYS5893517,D,S,T,2024-10-10,1000000.00,3.972341,97.90234375
08:00:30,91282CLM1,TSRYS5893517,D,S,T,2024-10-10,1000000.00,3.972341,97.90234375
08:00:30,91282CLM1,TSRYS5893517,D,S,T,2024-10-10,1000000.00,3.972341,97.90234375
08:00:30,91282CLM1,TSRYS5893517,D,S,D,2024-10-10,1000000.00,3.971358,97.908203125
08:00:30,91282CLM1,TSRYS5893517,D,S,D,2024-10-10,1000000.00,3.972668,97.900390625
08:00:30,91282CLM1,TSRYS5893517,D,S,D,2024-10-10,1000000.00,3.972341,97.90234375
08:00:30,91282CLM1,TSRYS5893517,D,S,T,2024-10-10,1000000.00,3.971686,97.90625
08:00:30,91282CLM1,TSRYS5893517,D,S,T,2024-10-10,1000000.00,3.971686,97.90625
08:00:30,91282CLM1,TSRYS5893517,D,S,T,2024-10-10,1000000.00,3.971686,97.90625
08:00:30,91282CLM1,TSRYS5893517,D,S,D,2024-10-10,1000000.00,3.972341,97.90234375
08:00:30,91282CLM1,TSRYS5893517,D,S,D,2024-10-10,1000000.00,3.972341,97.90234375
08:00:30,91282CLM1,TSRYS5893517,D,S,D,2024-10-10,1000000.00,3.973651,97.89453125
08:00:30,91282CLM1,TSRYS5893517,D,S,T,2024-10-10,2000000.00,3.975616,97.8828125
08:00:30,91282CLM1,TSRYS5893517,D,S,T,2024-10-10,1000000.00,3.975616,97.8828125
08:00:30,91282CLM1,TSRYS5893517,D,S,T,2024-10-10,1000000.00,3.975616,97.8828125
08:00:30,91282CLM1,TSRYS5893517,D,S,D,2024-10-10,1000000.00,3.974961,97.88671875
08:00:30,91282CLM1,TSRYS5893517,D,S,T,2024-10-10,1000000.00,3.974306,97.890625
08:00:30,91282CLM1,TSRYS5893517,D,S,T,2024-10-10,1000000.00,3.975616,97.8828125
08:00:30,91282CLM1,TSRYS5893517,D,S,T,2024-10-10,1000000.00,3.979548,97.859375
08:00:30,91282CLM1,TSRYS5893517,D,S,T,2024-10-10,2000000.00,3.979548,97.859375
08:00:30,91282CLM1,TSRYS5893517,D,S,T,2024-10-10,1000000.00,3.979548,97.859375
08:00:30,91282CLM1,TSRYS5893517,D,S,T,2024-10-10,2000000.00,3.979548,97.859375
08:00:30,91282CLM1,TSRYS5893517,D,S,T,2024-10-10,2000000.00,3.979548,97.859375
08:00:30,91282CLM1,TSRYS5893517,D,S,T,2024-10-10,1000000.00,3.979548,97.859375
08:00:30,91282CLM1,TSRYS5893517,D,S,T,2024-10-10,1000000.00,3.979548,97.859375
08:00:30,91282CLM1,TSRYS5893517,D,S,T,2024-10-10,1000000.00,3.979548,97.859375
08:00:30,91282CLM1,TSRYS5893517,D,S,T,2024-10-10,3000000.00,3.979548,97.859375
08:00:30,91282CLM1,TSRYS5893517,D,S,T,2024-10-10,1000000.00,3.979548,97.859375
08:00:30,91282CLM1,TSRYS5893517,D,S,T,2024-10-10,1000000.00,3.979548,97.859375
08:00:30,91282CLM1,TSRYS5893517,D,S,T,2024-10-10,1000000.00,3.979548,97.859375
08:00:30,91282CLM1,TSRYS5893517,D,S,T,2024-10-10,1000000.00,3.975616,97.8828125
08:00:30,91282CLM1,TSRYS5893517,D,S,T,2024-10-10,3000000.00,3.975616,97.8828125
08:00:30,91282CLM1,TSRYS5893517,D,S,T,2024-10-10,1000000.00,3.974961,97.88671875
08:00:30,91282CLM1,TSRYS5893517,D,S,T,2024-10-10,1000000.00,3.973323,97.896484375
08:00:30,91282CLM1,TSRYS5893517,D,S,T,2024-10-10,1000000.00,3.974634,97.888671875
08:00:30,91282CLM1,TSRYS5893517,D,S,T,2024-10-10,1000000.00,3.976927,97.875
08:00:30,91282CLM1,TSRYS5893517,D,S,T,2024-10-10,1000000.00,3.975616,97.8828125
08:00:30,91282CLM1,TSRYS5893517,D,S,T,2024-10-10,1000000.00,3.976927,97.875
08:00:30,91282CLM1,TSRYS5893517,D,S,T,2024-10-10,1000000.00,3.97791,97.869140625
08:00:30,91282CLM1,TSRYS5893517,D,S,D,2024-10-10,1000000.00,3.983481,97.8359375
08:00:30,91282CLM1,TSRYS5893517,D,S,T,2024-10-10,1000000.00,3.972996,97.8984375
08:00:30,91282CLM1,TSRYS5893517,D,S,T,2024-10-10,1000000.00,3.972996,97.8984375
08:00:30,91282CLM1,TSRYS5893517,D,S,T,2024-10-10,1000000.00,3.973323,97.896484375
08:00:30,91282CLM1,TSRYS5893517,D,S,T,2024-10-10,1000000.00,3.972996,97.8984375
08:00:30,91282CLM1,TSRYS5893517,D,S,T,2024-10-10,1000000.00,3.972996,97.8984375
08:00:30,91282CLM1,TSRYS5893517,D,S,T,2024-10-10,1000000.00,3.972996,97.8984375
08:00:30,91282CLM1,TSRYS5893517,D,S,T,2024-10-10,1000000.00,3.972996,97.8984375
08:00:30,91282CLM1,TSRYS5893517,D,S,T,2024-10-10,1000000.00,3.974306,97.890625
08:00:30,91282CLM1,TSRYS5893517,D,S,T,2024-10-10,1000000.00,3.975616,97.8828125
08:00:30,91282CLM1,TSRYS5893517,D,S,T,2024-10-10,1000000.00,3.980859,97.8515625
08:00:30,91282CLM1,TSRYS5893517,D,S,T,2024-10-10,1000000.00,3.98217,97.84375
08:00:30,91282CLM1,TSRYS5893517,D,S,T,2024-10-10,1000000.00,3.98217,97.84375
08:00:30,91282CLM1,TSRYS5893517,D,S,T,2024-10-10,1000000.00,3.98217,97.84375
08:00:30,91282CLM1,TSRYS5893517,D,S,T,2024-10-10,1000000.00,3.979548,97.859375
08:00:30,91282CLM1,TSRYS5893517,D,S,T,2024-10-10,1000000.00,3.978238,97.8671875
08:00:30,91282CLM1,TSRYS5893517,D,S,T,2024-10-10,1000000.00,3.978238,97.8671875
08:00:30,91282CLM1,TSRYS5893517,D,S,T,2024-10-10,1000000.00,3.979548,97.859375
08:00:30,91282CLM1,TSRYS5893517,D,S,D,2024-10-10,1000000.00,3.977582,97.87109375
08:00:30,91282CLM1,TSRYS5893517,D,S,T,2024-10-10,4000000.00,3.977582,97.87109375
08:00:30,91282CLM1,TSRYS5893517,D,S,T,2024-10-10,1000000.00,3.976927,97.875
08:00:30,91282CLM1,TSRYS5893517,D,S,T,2024-10-10,2000000.00,3.977582,97.87109375
08:00:30,91282CLM1,TSRYS5893517,D,S,T,2024-10-10,2000000.00,3.977582,97.87109375
08:00:30,91282CLM1,TSRYS5893517,D,S,T,2024-10-10,1000000.00,3.978565,97.865234375
08:00:30,91282CLM1,TSRYS5893517,D,S,T,2024-10-10,1000000.00,3.978238,97.8671875
08:00:30,91282CLM1,TSRYS5893517,D,S,T,2024-10-10,1000000.00,3.979548,97.859375
08:00:30,91282CLM1,TSRYS5893517,D,S,T,2024-10-10,1000000.00,3.980859,97.8515625
08:00:30,91282CLM1,TSRYS5893517,D,S,T,2024-10-10,1000000.00,3.980859,97.8515625
08:00:30,91282CLM1,TSRYS5893517,D,S,T,2024-10-10,1000000.00,3.979548,97.859375
08:00:30,91282CLM1,TSRYS5893517,D,S,T,2024-10-10,1000000.00,3.978238,97.8671875
08:00:30,91282CLM1,TSRYS5893517,D,S,T,2024-10-10,1000000.00,3.975616,97.8828125
08:00:30,91282CLM1,TSRYS5893517,D,S,T,2024-10-10,1000000.00,3.974306,97.890625
08:00:30,91282CLM1,TSRYS5893517,D,S,T,2024-10-10,1000000.00,3.974306,97.890625
08:00:30,91282CLM1,TSRYS5893517,D,S,T,2024-10-10,1000000.00,3.975616,97.8828125
08:00:30,91282CLM1,TSRYS5893517,D,S,T,2024-10-10,1000000.00,3.976927,97.875
08:00:30,91282CLM1,TSRYS5893517,D,S,T,2024-10-10,1000000.00,3.978238,97.8671875
08:00:30,91282CLM1,TSRYS5893517,D,S,T,2024-10-10,1000000.00,3.976927,97.875
08:00:30,91282CLM1,TSRYS5893517,D,S,T,2024-10-10,1000000.00,3.976927,97.875
08:00:30,91282CLM1,TSRYS5893517,D,S,T,2024-10-10,1000000.00,3.976927,97.875
08:00:30,91282CLM1,TSRYS5893517,D,S,T,2024-10-10,1000000.00,3.978238,97.8671875
08:00:30,91282CLM1,TSRYS5893517,D,S,T,2024-10-10,1000000.00,3.978238,97.8671875
08:00:30,91282CLM1,TSRYS5893517,D,S,T,2024-10-10,1000000.00,3.979548,97.859375
08:00:30,91282CLM1,TSRYS5893517,D,S,T,2024-10-10,1000000.00,3.980859,97.8515625
08:00:30,91282CLM1,TSRYS5893517,D,S,T,2024-10-10,1000000.00,3.980859,97.8515625
08:00:30,91282CLM1,TSRYS5893517,D,S,T,2024-10-10,1000000.00,3.98217,97.84375
08:00:30,91282CLM1,TSRYS5893517,D,S,T,2024-10-10,1000000.00,3.98217,97.84375
08:00:30,91282CLM1,TSRYS5893517,D,S,T,2024-10-10,1000000.00,3.98217,97.84375
08:00:30,91282CLM1,TSRYS5893517,D,S,T,2024-10-10,1000000.00,3.98217,97.84375
08:00:30,91282CLM1,TSRYS5893517,D,S,T,2024-10-10,1000000.00,3.98217,97.84375
08:00:30,91282CLM1,TSRYS5893517,D,S,T,2024-10-10,1000000.00,3.976927,97.875
08:00:30,91282CLM1,TSRYS5893517,D,S,T,2024-10-10,1000000.00,3.976927,97.875
08:00:30,91282CLM1,TSRYS5893517,D,S,T,2024-10-10,1000000.00,3.978893,97.86328125
08:00:30,91282CLM1,TSRYS5893517,D,S,T,2024-10-10,1000000.00,3.979548,97.859375
08:00:30,91282CLM1,TSRYS5893517,D,S,T,2024-10-10,1000000.00,3.979548,97.859375
08:00:30,91282CLM1,TSRYS5893517,D,S,T,2024-10-10,1000000.00,3.980859,97.8515625
08:00:30,91282CLM1,TSRYS5893517,D,S,T,2024-10-10,1000000.00,3.978238,97.8671875
08:00:30,91282CLM1,TSRYS5893517,D,S,T,2024-10-10,1000000.00,3.978238,97.8671875
08:00:30,91282CLM1,TSRYS5893517,D,S,T,2024-10-10,1000000.00,3.976927,97.875
08:00:30,91282CLM1,TSRYS5893517,D,S,T,2024-10-10,1000000.00,3.979548,97.859375
08:00:30,91282CLM1,TSRYS5893517,D,S,T,2024-10-10,1000000.00,3.983481,97.8359375
08:00:30,91282CLM1,TSRYS5893517,D,S,T,2024-10-10,1000000.00,3.983481,97.8359375
08:00:30,91282CLM1,TSRYS5893517,D,S,T,2024-10-10,1000000.00,3.983481,97.8359375
08:00:30,91282CLM1,TSRYS5893517,D,S,T,2024-10-10,1000000.00,3.980859,97.8515625
08:00:30,91282CLM1,TSRYS5893517,D,S,T,2024-10-10,1000000.00,3.980859,97.8515625
08:00:30,91282CLM1,TSRYS5893517,D,S,T,2024-10-10,1000000.00,3.983481,97.8359375
08:00:30,91282CLM1,TSRYS5893517,D,S,T,2024-10-10,1000000.00,3.983481,97.8359375
08:00:30,91282CLM1,TSRYS5893517,D,S,T,2024-10-10,1000000.00,3.983481,97.8359375
08:00:30,91282CLM1,TSRYS5893517,D,S,T,2024-10-10,1000000.00,3.983481,97.8359375
08:00:30,91282CLM1,TSRYS5893517,D,S,T,2024-10-10,1000000.00,3.983481,97.8359375
08:00:30,91282CLM1,TSRYS5893517,D,S,T,2024-10-10,1000000.00,3.983481,97.8359375
08:00:30,91282CLM1,TSRYS5893517,D,S,T,2024-10-10,1000000.00,3.983481,97.8359375
08:00:30,91282CLM1,TSRYS5893517,D,S,T,2024-10-10,1000000.00,3.983481,97.8359375
08:00:30,91282CLM1,TSRYS5893517,D,S,T,2024-10-10,1000000.00,3.983481,97.8359375
08:00:30,91282CLM1,TSRYS5893517,D,S,T,2024-10-10,1000000.00,3.986104,97.8203125
08:00:30,91282CLM1,TSRYS5893517,D,S,T,2024-10-10,1000000.00,3.986104,97.8203125
08:00:31,91282CLM1,TSRYS5893517,D,S,T,2024-10-10,1000000.00,3.990039,97.796875
08:00:31,91282CLM1,TSRYS5893517,D,S,T,2024-10-10,1000000.00,3.992663,97.78125
08:00:31,91282CLM1,TSRYS5893517,D,S,T,2024-10-10,1000000.00,3.995287,97.765625
08:00:31,91282CLM1,TSRYS5893517,D,S,T,2024-10-10,1000000.00,3.995287,97.765625
08:00:31,91282CLM1,TSRYS5893517,D,S,T,2024-10-10,1000000.00,3.992663,97.78125
08:00:31,91282CLM1,TSRYS5893517,D,S,T,2024-10-10,1000000.00,3.992663,97.78125
08:00:31,91282CLM1,TSRYS5893517,D,S,T,2024-10-10,1000000.00,3.993975,97.7734375
08:00:31,91282CLM1,TSRYS5893517,D,S,T,2024-10-10,1000000.00,3.994303,97.771484375
08:00:31,91282CLM1,TSRYS5893517,D,S,T,2024-10-10,1000000.00,3.987415,97.8125
08:00:31,91282CLM1,TSRYS5893517,D,S,T,2024-10-10,1000000.00,3.988071,97.80859375
08:00:31,91282CLM1,TSRYS5893517,D,S,T,2024-10-10,1000000.00,3.987415,97.8125
08:00:31,91282CLM1,TSRYS5893517,D,S,T,2024-10-10,1000000.00,3.987415,97.8125
08:00:31,91282CLM1,TSRYS5893517,D,S,T,2024-10-10,1000000.00,3.987415,97.8125
08:00:31,91282CLM1,TSRYS5893517,D,S,T,2024-10-10,2000000.00,3.987415,97.8125
08:00:31,91282CLM1,TSRYS5893517,D,S,T,2024-10-10,2000000.00,3.987415,97.8125
08:00:31,91282CLM1,TSRYS5893517,D,S,T,2024-10-10,2000000.00,3.986104,97.8203125
08:00:31,91282CLM1,TSRYS5893517,D,S,T,2024-10-10,2000000.00,3.986104,97.8203125
08:00:31,91282CLM1,TSRYS5893517,D,S,T,2024-10-10,1000000.00,3.986104,97.8203125
08:00:31,91282CLM1,TSRYS5893517,D,S,T,2024-10-10,1000000.00,3.986104,97.8203125
08:00:31,91282CLM1,TSRYS5893517,D,S,T,2024-10-10,3000000.00,3.986104,97.8203125
08:00:31,91282CLM1,TSRYS5893517,D,S,T,2024-10-10,2000000.00,3.986104,97.8203125
08:00:31,91282CLM1,TSRYS5893517,D,S,T,2024-10-10,1000000.00,3.987088,97.814453125
08:00:31,91282CLM1,TSRYS5893517,D,S,T,2024-10-10,1000000.00,3.987088,97.814453125
08:00:31,91282CLM1,TSRYS5893517,D,S,T,2024-10-10,1000000.00,3.984793,97.828125
08:00:31,91282CLM1,TSRYS5893517,D,S,T,2024-10-10,1000000.00,3.988399,97.806640625
08:00:31,91282CLM1,TSRYS5893517,D,S,T,2024-10-10,1000000.00,3.988727,97.8046875
08:00:31,91282CLM1,TSRYS5893517,D,S,T,2024-10-10,1000000.00,3.988727,97.8046875
08:00:31,91282CLM1,TSRYS5893517,D,S,T,2024-10-10,2000000.00,3.990039,97.796875
08:00:31,91282CLM1,TSRYS5893517,D,S,T,2024-10-10,1000000.00,3.990039,97.796875
08:00:31,91282CLM1,TSRYS5893517,D,S,T,2024-10-10,1000000.00,3.988727,97.8046875
08:00:31,91282CLM1,TSRYS5893517,D,S,T,2024-10-10,1000000.00,3.987415,97.8125
08:00:31,91282CLM1,TSRYS5893517,D,S,T,2024-10-10,1000000.00,3.984793,97.828125
08:00:31,91282CLM1,TSRYS5893517,D,S,T,2024-10-10,1000000.00,3.984793,97.828125
08:00:31,91282CLM1,TSRYS5893517,D,S,T,2024-10-10,1000000.00,3.984793,97.828125
08:00:31,91282CLM1,TSRYS5893517,D,S,T,2024-10-10,1000000.00,3.984793,97.828125
08:00:31,91282CLM1,TSRYS5893517,D,S,T,2024-10-10,1000000.00,3.984793,97.828125
08:00:31,91282CLM1,TSRYS5893517,D,S,T,2024-10-10,1000000.00,3.984793,97.828125
08:00:31,91282CLM1,TSRYS5893517,D,S,T,2024-10-10,1000000.00,3.984793,97.828125
08:00:31,91282CLM1,TSRYS5893517,D,S,T,2024-10-10,1000000.00,3.984793,97.828125
08:00:31,91282CLM1,TSRYS5893517,D,S,T,2024-10-10,1000000.00,3.984793,97.828125
08:00:31,91282CLM1,TSRYS5893517,D,S,T,2024-10-10,1000000.00,3.984793,97.828125
08:00:31,91282CLM1,TSRYS5893517,D,S,T,2024-10-10,1000000.00,3.984793,97.828125
08:00:31,91282CLM1,TSRYS5893517,D,S,T,2024-10-10,1000000.00,3.984793,97.828125
08:00:31,91282CLM1,TSRYS5893517,D,S,T,2024-10-10,1000000.00,3.984793,97.828125
08:00:31,91282CLM1,TSRYS5893517,D,S,T,2024-10-10,1000000.00,3.984793,97.828125
08:00:31,91282CLM1,TSRYS5893517,D,S,T,2024-10-10,1000000.00,3.984793,97.828125
08:00:31,91282CLM1,TSRYS5893517,D,S,T,2024-10-10,1000000.00,3.984793,97.828125
08:00:31,91282CLM1,TSRYS5893517,D,S,T,2024-10-10,1000000.00,3.984793,97.828125
08:00:31,91282CLM1,TSRYS5893517,D,S,T,2024-10-10,1000000.00,3.984793,97.828125
08:00:31,91282CLM1,TSRYS5893517,D,S,T,2024-10-10,1000000.00,3.984793,97.828125
08:00:31,91282CLM1,TSRYS5893517,D,S,T,2024-10-10,1000000.00,3.984793,97.828125
08:00:31,91282CLM1,TSRYS5893517,D,S,T,2024-10-10,1000000.00,3.984793,97.828125
08:00:31,91282CLM1,TSRYS5893517,D,S,T,2024-10-10,1000000.00,3.986104,97.8203125
08:00:31,91282CLM1,TSRYS5893517,D,S,T,2024-10-10,1000000.00,3.986104,97.8203125
08:00:31,91282CLM1,TSRYS5893517,D,S,T,2024-10-10,1000000.00,3.986104,97.8203125
08:00:31,91282CLM1,TSRYS5893517,D,S,T,2024-10-10,1000000.00,3.986104,97.8203125
08:00:31,91282CLM1,TSRYS5893517,D,S,T,2024-10-10,1000000.00,3.986104,97.8203125
08:00:31,91282CLM1,TSRYS5893517,D,S,T,2024-10-10,1000000.00,3.986104,97.8203125
08:00:31,91282CLM1,TSRYS5893517,D,S,T,2024-10-10,1000000.00,3.986104,97.8203125
08:00:31,91282CLM1,TSRYS5893517,D,S,T,2024-10-10,1000000.00,3.987415,97.8125
08:00:31,91282CLM1,TSRYS5893517,D,S,T,2024-10-10,1000000.00,3.987415,97.8125
08:00:31,91282CLM1,TSRYS5893517,D,S,T,2024-10-10,1000000.00,3.988727,97.8046875
08:00:31,91282CLM1,TSRYS5893517,D,S,T,2024-10-10,1000000.00,3.986104,97.8203125
08:00:31,91282CLM1,TSRYS5893517,D,S,T,2024-10-10,1000000.00,3.986104,97.8203125
08:00:31,91282CLM1,TSRYS5893517,D,S,T,2024-10-10,1000000.00,3.990039,97.796875
08:00:31,91282CLM1,TSRYS5893517,D,S,T,2024-10-10,1000000.00,3.984793,97.828125
08:00:31,91282CLM1,TSRYS5893517,D,S,T,2024-10-10,1000000.00,3.984793,97.828125
08:00:31,91282CLM1,TSRYS5893517,D,S,T,2024-10-10,1000000.00,3.987415,97.8125
08:00:31,91282CLM1,TSRYS5893517,D,S,T,2024-10-10,1000000.00,3.987415,97.8125
08:00:31,91282CLM1,TSRYS5893517,D,S,T,2024-10-10,2000000.00,3.987743,97.810546875
08:00:31,91282CLM1,TSRYS5893517,D,S,T,2024-10-10,1000000.00,3.986104,97.8203125
08:00:31,91282CLM1,TSRYS5893517,D,S,T,2024-10-10,1000000.00,3.986104,97.8203125
08:00:31,91282CLM1,TSRYS5893517,D,S,T,2024-10-10,1000000.00,3.986104,97.8203125
08:00:31,91282CLM1,TSRYS5893517,D,S,T,2024-10-10,1000000.00,3.986104,97.8203125
08:00:31,91282CLM1,TSRYS5893517,D,S,T,2024-10-10,1000000.00,3.985448,97.82421875
08:00:31,91282CLM1,TSRYS5893517,D,S,T,2024-10-10,1000000.00,3.986104,97.8203125
08:00:31,91282CLM1,TSRYS5893517,D,S,T,2024-10-10,1000000.00,3.987415,97.8125
08:00:31,91282CLM1,TSRYS5893517,D,S,T,2024-10-10,1000000.00,3.987415,97.8125
08:00:31,91282CLM1,TSRYS5893517,D,S,T,2024-10-10,1000000.00,3.987415,97.8125
08:00:31,91282CLM1,TSRYS5893517,D,S,T,2024-10-10,1000000.00,3.987415,97.8125
08:00:31,91282CLM1,TSRYS5893517,D,S,T,2024-10-10,1000000.00,3.987415,97.8125
08:00:31,91282CLM1,TSRYS5893517,D,S,T,2024-10-10,6000000.00,3.987415,97.8125
08:00:31,91282CLM1,TSRYS5893517,D,S,T,2024-10-10,1000000.00,3.987415,97.8125
08:00:31,91282CLM1,TSRYS5893517,D,S,T,2024-10-10,3000000.00,3.987415,97.8125
08:00:31,91282CLM1,TSRYS5893517,D,S,T,2024-10-10,1000000.00,3.987415,97.8125
08:00:31,91282CLM1,TSRYS5893517,D,S,T,2024-10-10,1000000.00,3.987415,97.8125
08:00:31,91282CLM1,TSRYS5893517,D,S,T,2024-10-10,1000000.00,3.987415,97.8125
08:00:31,91282CLM1,TSRYS5893517,D,S,T,2024-10-10,1000000.00,3.987415,97.8125
08:00:31,91282CLM1,TSRYS5893517,D,S,T,2024-10-10,1000000.00,3.987415,97.8125
08:00:31,91282CLM1,TSRYS5893517,D,S,T,2024-10-10,1000000.00,3.987415,97.8125
08:00:31,91282CLM1,TSRYS5893517,D,S,T,2024-10-10,1000000.00,3.987415,97.8125
08:00:31,91282CLM1,TSRYS5893517,D,S,T,2024-10-10,1000000.00,3.987415,97.8125
08:00:31,91282CLM1,TSRYS5893517,D,S,T,2024-10-10,1000000.00,3.990039,97.796875
08:00:31,91282CLM1,TSRYS5893517,D,S,T,2024-10-10,1000000.00,3.990039,97.796875
08:00:31,91282CLM1,TSRYS5893517,D,S,T,2024-10-10,1000000.00,3.990039,97.796875
08:00:31,91282CLM1,TSRYS5893517,D,S,T,2024-10-10,1000000.00,3.990039,97.796875
08:00:31,91282CLM1,TSRYS5893517,D,S,T,2024-10-10,1000000.00,3.990039,97.796875
08:00:31,91282CLM1,TSRYS5893517,D,S,T,2024-10-10,1000000.00,3.990039,97.796875
08:00:31,91282CLM1,TSRYS5893517,D,S,T,2024-10-10,1000000.00,3.990039,97.796875
08:00:31,91282CLM1,TSRYS5893517,D,S,T,2024-10-10,1000000.00,3.992335,97.783203125
08:00:31,91282CLM1,TSRYS5893517,D,S,T,2024-10-10,1000000.00,3.992663,97.78125
08:00:31,91282CLM1,TSRYS5893517,D,S,T,2024-10-10,1000000.00,3.993975,97.7734375
08:00:31,91282CLM1,TSRYS5893517,D,S,T,2024-10-10,1000000.00,3.993975,97.7734375
08:00:31,91282CLM1,TSRYS5893517,D,S,T,2024-10-10,1000000.00,3.993975,97.7734375
08:00:31,91282CLM1,TSRYS5893517,D,S,T,2024-10-10,1000000.00,3.993975,97.7734375
08:00:31,91282CLM1,TSRYS5893517,D,S,T,2024-10-10,1000000.00,3.993975,97.7734375
08:00:31,91282CLM1,TSRYS5893517,D,S,T,2024-10-10,1000000.00,3.993975,97.7734375
08:00:31,91282CLM1,TSRYS5893517,D,S,T,2024-10-10,1000000.00,3.993975,97.7734375
08:00:31,91282CLM1,TSRYS5893517,D,S,T,2024-10-10,1000000.00,3.993975,97.7734375
08:00:31,91282CLM1,TSRYS5893517,D,S,T,2024-10-10,1000000.00,3.993975,97.7734375
08:00:31,91282CLM1,TSRYS5893517,D,S,T,2024-10-10,1000000.00,3.993975,97.7734375
08:00:31,91282CLM1,TSRYS5893517,D,S,T,2024-10-10,1000000.00,3.993975,97.7734375
08:00:31,91282CLM1,TSRYS5893517,D,S,T,2024-10-10,1000000.00,3.993975,97.7734375
08:00:31,91282CLM1,TSRYS5893517,D,S,T,2024-10-10,1000000.00,3.993975,97.7734375
08:00:31,91282CLM1,TSRYS5893517,D,S,T,2024-10-10,1000000.00,3.993975,97.7734375
08:00:31,91282CLM1,TSRYS5893517,D,S,T,2024-10-10,1000000.00,3.993975,97.7734375
08:00:31,91282CLM1,TSRYS5893517,D,S,T,2024-10-10,1000000.00,3.993975,97.7734375
08:00:31,91282CLM1,TSRYS5893517,D,S,T,2024-10-10,1000000.00,3.993975,97.7734375
08:00:31,91282CLM1,TSRYS5893517,D,S,T,2024-10-10,1000000.00,3.993975,97.7734375
08:00:31,91282CLM1,TSRYS5893517,D,S,T,2024-10-10,1000000.00,3.995287,97.765625
08:00:31,91282CLM1,TSRYS5893517,D,S,T,2024-10-10,1000000.00,3.995287,97.765625
08:00:31,91282CLM1,TSRYS5893517,D,S,T,2024-10-10,1000000.00,3.995287,97.765625
08:00:31,91282CLM1,TSRYS5893517,D,S,T,2024-10-10,1000000.00,3.995287,97.765625
08:00:31,91282CLM1,TSRYS5893517,D,S,T,2024-10-10,1000000.00,3.995287,97.765625
08:00:31,91282CLM1,TSRYS5893517,D,S,T,2024-10-10,1000000.00,3.995287,97.765625
08:00:31,91282CLM1,TSRYS5893517,D,S,T,2024-10-10,1000000.00,3.995287,97.765625
08:00:31,91282CLM1,TSRYS5893517,D,S,T,2024-10-10,1000000.00,3.997912,97.75
08:00:31,91282CLM1,TSRYS5893517,D,S,T,2024-10-10,1000000.00,3.997912,97.75
08:00:31,91282CLM1,TSRYS5893517,D,S,T,2024-10-10,1000000.00,3.997912,97.75
08:00:31,91282CLM1,TSRYS5893517,D,S,T,2024-10-10,1000000.00,3.997912,97.75
08:00:31,91282CLM1,TSRYS5893517,D,S,T,2024-10-10,1000000.00,3.99824,97.748046875
08:00:31,91282CLM1,TSRYS5893517,D,S,T,2024-10-10,1000000.00,3.997912,97.75
08:00:31,91282CLM1,TSRYS5893517,D,S,T,2024-10-10,1000000.00,3.997912,97.75
08:00:31,91282CLM1,TSRYS5893517,D,S,T,2024-10-10,1000000.00,3.997912,97.75
08:00:31,91282CLM1,TSRYS5893517,D,S,T,2024-10-10,1000000.00,3.999224,97.7421875
08:00:31,91282CLM1,TSRYS5893517,D,S,T,2024-10-10,1000000.00,3.999224,97.7421875
08:00:31,91282CLM1,TSRYS5893517,D,S,T,2024-10-10,1000000.00,3.999224,97.7421875
08:00:31,91282CLM1,TSRYS5893517,D,S,T,2024-10-10,1000000.00,3.999224,97.7421875
08:00:31,91282CLM1,TSRYS5893517,D,S,T,2024-10-10,1000000.00,3.999224,97.7421875
08:00:31,91282CLM1,TSRYS5893517,D,S,T,2024-10-10,1000000.00,3.999224,97.7421875
08:00:31,91282CLM1,TSRYS5893517,D,S,T,2024-10-10,1000000.00,3.999224,97.7421875
08:00:31,91282CLM1,TSRYS5893517,D,S,T,2024-10-10,1000000.00,3.999224,97.7421875
08:00:31,91282CLM1,TSRYS5893517,D,S,T,2024-10-10,1000000.00,3.999224,97.7421875
08:00:31,91282CLM1,TSRYS5893517,D,S,T,2024-10-10,1000000.00,4.003163,97.71875
08:00:31,91282CLM1,TSRYS5893517,D,S,T,2024-10-10,2000000.00,4.003491,97.716796875
08:00:31,91282CLM1,TSRYS5893517,D,S,T,2024-10-10,1000000.00,4.003163,97.71875
08:00:31,91282CLM1,TSRYS5893517,D,S,T,2024-10-10,2000000.00,4.003163,97.71875
08:00:31,91282CLM1,TSRYS5893517,D,S,T,2024-10-10,1000000.00,4.004476,97.7109375
08:00:31,91282CLM1,TSRYS5893517,D,S,T,2024-10-10,2000000.00,4.002178,97.724609375
08:00:31,91282CLM1,TSRYS5893517,D,S,T,2024-10-10,1000000.00,4.000537,97.734375
08:00:31,91282CLM1,TSRYS5893517,D,S,T,2024-10-10,1000000.00,4.000537,97.734375
08:00:31,91282CLM1,TSRYS5893517,D,S,T,2024-10-10,1000000.00,3.999224,97.7421875
08:00:31,91282CLM1,TSRYS5893517,D,S,T,2024-10-10,1000000.00,3.999224,97.7421875
08:00:31,91282CLM1,TSRYS5893517,D,S,T,2024-10-10,1000000.00,3.999224,97.7421875
08:00:31,91282CLM1,TSRYS5893517,D,S,T,2024-10-10,1000000.00,3.999224,97.7421875
08:00:31,91282CLM1,TSRYS5893517,D,S,T,2024-10-10,1000000.00,4.000537,97.734375
08:00:31,91282CLM1,TSRYS5893517,D,S,T,2024-10-10,1000000.00,4.000537,97.734375
08:00:31,91282CLM1,TSRYS5893517,D,S,D,2024-10-10,9000000.00,4.000537,97.734375
08:00:31,91282CLM1,TSRYS5893517,D,S,D,2024-10-10,1000000.00,4.000537,97.734375
08:00:31,91282CLM1,TSRYS5893517,D,S,T,2024-10-10,1000000.00,4.00185,97.7265625
08:00:31,91282CLM1,TSRYS5893517,D,S,T,2024-10-10,1000000.00,4.00185,97.7265625
08:00:31,91282CLM1,TSRYS5893517,D,S,T,2024-10-10,2000000.00,4.003163,97.71875
08:00:31,91282CLM1,TSRYS5893517,D,S,T,2024-10-10,1000000.00,4.003163,97.71875
08:00:31,91282CLM1,TSRYS5893517,D,S,T,2024-10-10,1000000.00,4.005789,97.703125
08:00:31,91282CLM1,TSRYS5893517,D,S,T,2024-10-10,1000000.00,4.005789,97.703125
08:00:31,91282CLM1,TSRYS5893517,D,S,T,2024-10-10,1000000.00,4.005789,97.703125
08:00:31,91282CLM1,TSRYS5893517,D,S,T,2024-10-10,1000000.00,4.005789,97.703125
08:00:31,91282CLM1,TSRYS5893517,D,S,T,2024-10-10,1000000.00,4.003163,97.71875
08:00:31,91282CLM1,TSRYS5893517,D,S,T,2024-10-10,1000000.00,4.003163,97.71875
08:00:31,91282CLM1,TSRYS5893517,D,S,T,2024-10-10,2000000.00,4.003163,97.71875
08:00:31,91282CLM1,TSRYS5893517,D,S,T,2024-10-10,3000000.00,4.00185,97.7265625
08:00:31,91282CLM1,TSRYS5893517,D,S,T,2024-10-10,1000000.00,4.003163,97.71875
08:00:31,91282CLM1,TSRYS5893517,D,S,T,2024-10-10,1000000.00,4.003163,97.71875
08:00:31,91282CLM1,TSRYS5893517,D,S,T,2024-10-10,1000000.00,4.003163,97.71875
08:00:31,91282CLM1,TSRYS5893517,D,S,T,2024-10-10,1000000.00,4.003163,97.71875
08:00:31,91282CLM1,TSRYS5893517,D,S,T,2024-10-10,1000000.00,4.003163,97.71875
08:00:31,91282CLM1,TSRYS5893517,D,S,T,2024-10-10,1000000.00,4.003163,97.71875
08:00:31,91282CLM1,TSRYS5893517,D,S,T,2024-10-10,4000000.00,4.003163,97.71875
08:00:31,91282CLM1,TSRYS5893517,D,S,T,2024-10-10,1000000.00,4.003163,97.71875
08:00:31,91282CLM1,TSRYS5893517,D,S,T,2024-10-10,1000000.00,4.003163,97.71875
08:00:31,91282CLM1,TSRYS5893517,D,S,T,2024-10-10,2000000.00,4.003163,97.71875
08:00:31,91282CLM1,TSRYS5893517,D,S,T,2024-10-10,1000000.00,4.003163,97.71875
08:00:31,91282CLM1,TSRYS5893517,D,S,T,2024-10-10,1000000.00,4.003163,97.71875
08:00:31,91282CLM1,TSRYS5893517,D,S,T,2024-10-10,1000000.00,4.003163,97.71875
08:00:31,91282CLM1,TSRYS5893517,D,S,T,2024-10-10,1000000.00,4.004476,97.7109375
08:00:31,91282CLM1,TSRYS5893517,D,S,T,2024-10-10,2000000.00,4.005789,97.703125
08:00:31,91282CLM1,TSRYS5893517,D,S,T,2024-10-10,1000000.00,4.005789,97.703125
08:00:31,91282CLM1,TSRYS5893517,D,S,T,2024-10-10,1000000.00,4.005789,97.703125
08:00:31,91282CLM1,TSRYS5893517,D,S,T,2024-10-10,1000000.00,4.007102,97.6953125
08:00:31,91282CLM1,TSRYS5893517,D,S,T,2024-10-10,1000000.00,4.007102,97.6953125
08:00:31,91282CLM1,TSRYS5893517,D,S,T,2024-10-10,1000000.00,4.006117,97.701171875
08:00:31,91282CLM1,TSRYS5893517,D,S,T,2024-10-10,1000000.00,4.005789,97.703125
08:00:31,91282CLM1,TSRYS5893517,D,S,T,2024-10-10,1000000.00,4.005789,97.703125
08:00:31,91282CLM1,TSRYS5893517,D,S,D,2024-10-10,1000000.00,3.978565,97.865234375
08:00:31,91282CLM1,TSRYS5893517,D,S,D,2024-10-10,1000000.00,3.976927,97.875
08:00:31,91282CLM1,TSRYS5893517,D,S,D,2024-10-10,1000000.00,3.976599,97.876953125
08:00:31,91282CLM1,TSRYS5893517,D,S,D,2024-10-10,1000000.00,3.973978,97.892578125
08:00:31,91282CLM1,TSRYS5893517,D,S,D,2024-10-10,1000000.00,3.973978,97.892578125
08:00:31,91282CLM1,TSRYS5893517,D,S,D,2024-10-10,1000000.00,3.973978,97.892578125
08:00:31,91282CLM1,TSRYS5893517,D,S,D,2024-10-10,1000000.00,3.975616,97.8828125
08:00:31,91282CLM1,TSRYS5893517,D,S,D,2024-10-10,1000000.00,3.972341,97.90234375
08:00:31,91282CLM1,TSRYS5893517,D,S,D,2024-10-10,1000000.00,3.971358,97.908203125
08:00:31,91282CLM1,TSRYS5893517,D,S,D,2024-10-10,1000000.00,3.971358,97.908203125
08:00:31,91282CLM1,TSRYS5893517,D,S,D,2024-10-10,1000000.00,3.979548,97.859375
08:00:31,91282CLM1,TSRYS5893517,D,S,D,2024-10-10,1000000.00,3.979548,97.859375
08:00:31,91282CLM1,TSRYS5893517,D,S,D,2024-10-10,1000000.00,3.974961,97.88671875
08:00:31,91282CLM1,TSRYS5893517,D,S,D,2024-10-10,1000000.00,3.977255,97.873046875
08:00:31,91282CLM1,TSRYS5893517,D,S,D,2024-10-10,1000000.00,3.977255,97.873046875
08:00:31,91282CLM1,TSRYS5893517,D,S,D,2024-10-10,1000000.00,3.977255,97.873046875
08:00:31,91282CLM1,TSRYS5893517,D,S,D,2024-10-10,1000000.00,3.977255,97.873046875
08:00:31,91282CLM1,TSRYS5893517,D,S,D,2024-10-10,1000000.00,3.977255,97.873046875
08:00:31,91282CLM1,TSRYS5893517,D,S,D,2024-10-10,1000000.00,3.978893,97.86328125
08:00:31,91282CLM1,TSRYS5893517,D,S,D,2024-10-10,1000000.00,3.978893,97.86328125
08:00:31,91282CLM1,TSRYS5893517,D,S,D,2024-10-10,1000000.00,3.979876,97.857421875
08:00:32,91282CLM1,TSRYS5893517,D,S,D,2024-10-10,1000000.00,3.978893,97.86328125
08:00:32,91282CLM1,TSRYS5893517,D,S,D,2024-10-10,1000000.00,3.981515,97.84765625
08:00:32,91282CLM1,TSRYS5893517,D,S,D,2024-10-10,1000000.00,3.979221,97.861328125
08:00:32,91282CLM1,TSRYS5893517,D,S,D,2024-10-10,1000000.00,3.979221,97.861328125
08:00:32,91282CLM1,TSRYS5893517,D,S,D,2024-10-10,1000000.00,3.979548,97.859375
08:00:32,91282CLM1,TSRYS5893517,D,S,D,2024-10-10,1000000.00,3.979548,97.859375
08:00:32,91282CLM1,TSRYS5893517,D,S,D,2024-10-10,1000000.00,3.981842,97.845703125
08:00:32,91282CLM1,TSRYS5893517,D,S,D,2024-10-10,1000000.00,3.983481,97.8359375
08:00:32,91282CLM1,TSRYS5893517,D,S,D,2024-10-10,1000000.00,3.992007,97.78515625
08:00:32,91282CLM1,TSRYS5893517,D,S,D,2024-10-10,1000000.00,3.994631,97.76953125
08:00:32,91282CLM1,TSRYS5893517,D,S,D,2024-10-10,1000000.00,3.992991,97.779296875
08:00:32,91282CLM1,TSRYS5893517,D,S,D,2024-10-10,1000000.00,3.994303,97.771484375
08:00:32,91282CLM1,TSRYS5893517,D,S,D,2024-10-10,1000000.00,3.987088,97.814453125
08:00:32,91282CLM1,TSRYS5893517,D,S,D,2024-10-10,1000000.00,3.986432,97.818359375
08:00:32,91282CLM1,TSRYS5893517,D,S,D,2024-10-10,1000000.00,3.983154,97.837890625
08:00:32,91282CLM1,TSRYS5893517,D,S,D,2024-10-10,1000000.00,3.986104,97.8203125
08:00:32,91282CLM1,TSRYS5893517,D,S,D,2024-10-10,1000000.00,3.99824,97.748046875
08:00:32,91282CLM1,TSRYS5893517,D,S,D,2024-10-10,1000000.00,4.000537,97.734375
08:00:32,91282CLM1,TSRYS5893517,D,S,D,2024-10-10,1000000.00,4.003819,97.71484375
08:00:32,91282CLM1,TSRYS5893517,D,S,D,2024-10-10,1000000.00,4.007102,97.6953125
08:00:32,91282CLM1,TSRYS5893517,D,S,D,2024-10-10,1000000.00,3.978565,97.865234375
08:00:32,91282CLM1,TSRYS5893517,D,S,D,2024-10-10,1000000.00,3.976599,97.876953125
08:00:32,91282CLM1,TSRYS5893517,D,S,D,2024-10-10,1000000.00,3.975944,97.880859375
08:00:32,91282CLM1,TSRYS5893517,D,S,D,2024-10-10,1000000.00,3.975944,97.880859375
08:00:32,91282CLM1,TSRYS5893517,D,S,D,2024-10-10,1000000.00,3.973978,97.892578125
08:00:32,91282CLM1,TSRYS5893517,D,S,D,2024-10-10,1000000.00,3.974961,97.88671875
08:00:32,91282CLM1,TSRYS5893517,D,S,D,2024-10-10,1000000.00,3.978893,97.86328125
08:00:32,91282CLM1,TSRYS5893517,D,S,D,2024-10-10,1000000.00,3.978893,97.86328125
08:00:32,91282CLM1,TSRYS5893517,D,S,D,2024-10-10,1000000.00,3.978893,97.86328125
08:00:32,91282CLM1,TSRYS5893517,D,S,D,2024-10-10,1000000.00,3.979548,97.859375
08:00:32,91282CLM1,TSRYS5893517,D,S,D,2024-10-10,1000000.00,3.979548,97.859375
08:00:32,91282CLM1,TSRYS5893517,D,S,D,2024-10-10,1000000.00,3.97791,97.869140625
08:00:32,91282CLM1,TSRYS5893517,D,S,D,2024-10-10,1000000.00,3.97791,97.869140625
08:00:32,91282CLM1,TSRYS5893517,D,S,D,2024-10-10,1000000.00,3.974961,97.88671875
08:00:32,91282CLM1,TSRYS5893517,D,S,D,2024-10-10,1000000.00,3.974961,97.88671875
08:00:32,91282CLM1,TSRYS5893517,D,S,D,2024-10-10,1000000.00,3.974961,97.88671875
08:00:32,91282CLM1,TSRYS5893517,D,S,D,2024-10-10,1000000.00,3.974961,97.88671875
08:00:32,91282CLM1,TSRYS5893517,D,S,D,2024-10-10,1000000.00,3.976272,97.87890625
08:00:32,91282CLM1,TSRYS5893517,D,S,D,2024-10-10,1000000.00,3.974961,97.88671875
08:00:32,91282CLM1,TSRYS5893517,D,S,D,2024-10-10,1000000.00,3.977255,97.873046875
08:00:32,91282CLM1,TSRYS5893517,D,S,D,2024-10-10,1000000.00,3.977255,97.873046875
08:00:32,91282CLM1,TSRYS5893517,D,S,D,2024-10-10,1000000.00,3.972996,97.8984375
08:00:32,91282CLM1,TSRYS5893517,D,S,D,2024-10-10,1000000.00,3.975289,97.884765625
08:00:32,91282CLM1,TSRYS5893517,D,S,D,2024-10-10,1000000.00,3.975289,97.884765625
08:00:32,91282CLM1,TSRYS5893517,D,S,D,2024-10-10,2000000.00,3.975289,97.884765625
08:00:32,91282CLM1,TSRYS5893517,D,S,D,2024-10-10,1000000.00,3.975616,97.8828125
08:00:32,91282CLM1,TSRYS5893517,D,S,D,2024-10-10,2000000.00,3.975616,97.8828125
08:00:32,91282CLM1,TSRYS5893517,D,S,D,2024-10-10,1000000.00,3.975616,97.8828125
08:00:32,91282CLM1,TSRYS5893517,D,S,D,2024-10-10,1000000.00,3.977255,97.873046875
08:00:32,91282CLM1,TSRYS5893517,D,S,D,2024-10-10,1000000.00,3.977255,97.873046875
08:00:32,91282CLM1,TSRYS5893517,D,S,D,2024-10-10,1000000.00,3.977255,97.873046875
08:00:32,91282CLM1,TSRYS5893517,D,S,D,2024-10-10,1000000.00,3.977255,97.873046875
08:00:32,91282CLM1,TSRYS5893517,D,S,D,2024-10-10,1000000.00,3.976927,97.875
08:00:32,91282CLM1,TSRYS5893517,D,S,D,2024-10-10,2000000.00,3.981187,97.849609375
08:00:32,91282CLM1,TSRYS5893517,D,S,D,2024-10-10,2000000.00,3.980859,97.8515625
08:00:32,91282CLM1,TSRYS5893517,D,S,D,2024-10-10,2000000.00,3.981515,97.84765625
08:00:32,91282CLM1,TSRYS5893517,D,S,D,2024-10-10,1000000.00,3.981515,97.84765625
08:00:32,91282CLM1,TSRYS5893517,D,S,D,2024-10-10,2000000.00,3.983809,97.833984375
08:00:32,91282CLM1,TSRYS5893517,D,S,D,2024-10-10,2000000.00,3.981515,97.84765625
08:00:32,91282CLM1,TSRYS5893517,D,S,D,2024-10-10,2000000.00,3.98217,97.84375
08:00:32,91282CLM1,TSRYS5893517,D,S,D,2024-10-10,1000000.00,3.984793,97.828125
08:00:32,91282CLM1,TSRYS5893517,D,S,D,2024-10-10,2000000.00,3.986432,97.818359375
08:00:32,91282CLM1,TSRYS5893517,D,S,D,2024-10-10,1000000.00,3.987743,97.810546875
08:00:32,91282CLM1,TSRYS5893517,D,S,D,2024-10-10,1000000.00,3.987743,97.810546875
08:00:32,91282CLM1,TSRYS5893517,D,S,D,2024-10-10,1000000.00,3.987743,97.810546875
08:00:32,91282CLM1,TSRYS5893517,D,S,D,2024-10-10,1000000.00,3.992007,97.78515625
08:00:32,91282CLM1,TSRYS5893517,D,S,D,2024-10-10,1000000.00,3.991679,97.787109375
08:00:32,91282CLM1,TSRYS5893517,D,S,D,2024-10-10,2000000.00,3.992335,97.783203125
08:00:32,91282CLM1,TSRYS5893517,D,S,D,2024-10-10,2000000.00,3.994631,97.76953125
08:00:32,91282CLM1,TSRYS5893517,D,S,D,2024-10-10,1000000.00,3.994631,97.76953125
08:00:32,91282CLM1,TSRYS5893517,D,S,D,2024-10-10,1000000.00,3.990367,97.794921875
08:00:32,91282CLM1,TSRYS5893517,D,S,D,2024-10-10,1000000.00,3.990367,97.794921875
08:00:32,91282CLM1,TSRYS5893517,D,S,D,2024-10-10,1000000.00,3.990367,97.794921875
08:00:32,91282CLM1,TSRYS5893517,D,S,D,2024-10-10,1000000.00,3.990695,97.79296875
08:00:32,91282CLM1,TSRYS5893517,D,S,D,2024-10-10,1000000.00,3.984793,97.828125
08:00:32,91282CLM1,TSRYS5893517,D,S,D,2024-10-10,1000000.00,3.984793,97.828125
08:00:32,91282CLM1,TSRYS5893517,D,S,D,2024-10-10,2000000.00,3.985776,97.822265625
08:00:32,91282CLM1,TSRYS5893517,D,S,D,2024-10-10,1000000.00,3.987743,97.810546875
08:00:32,91282CLM1,TSRYS5893517,D,S,D,2024-10-10,2000000.00,3.988071,97.80859375
08:00:32,91282CLM1,TSRYS5893517,D,S,D,2024-10-10,1000000.00,4.005461,97.705078125
08:00:32,91282CLM1,TSRYS5893517,D,S,D,2024-10-10,1000000.00,4.005461,97.705078125
08:00:32,91282CLM1,TSRYS5893517,D,S,D,2024-10-10,1000000.00,4.005789,97.703125
08:00:32,91282CLM1,TSRYS5893517,D,S,T,2024-10-10,1000000.00,3.976927,97.875
08:00:32,91282CLM1,TSRYS5893517,D,S,T,2024-10-10,1000000.00,3.976927,97.875
08:00:32,91282CLM1,TSRYS5893517,D,S,T,2024-10-10,1000000.00,3.976927,97.875
08:00:32,91282CLM1,TSRYS5893517,D,S,T,2024-10-10,1000000.00,3.976927,97.875
08:00:32,91282CLM1,TSRYS5893517,D,S,T,2024-10-10,1000000.00,3.973978,97.892578125
08:00:32,91282CLM1,TSRYS5893517,D,S,T,2024-10-10,1000000.00,3.975616,97.8828125
08:00:32,91282CLM1,TSRYS5893517,D,S,T,2024-10-10,1000000.00,3.975616,97.8828125
08:00:32,91282CLM1,TSRYS5893517,D,S,T,2024-10-10,1000000.00,3.972341,97.90234375
08:00:32,91282CLM1,TSRYS5893517,D,S,T,2024-10-10,1000000.00,3.972341,97.90234375
08:00:32,91282CLM1,TSRYS5893517,D,S,T,2024-10-10,1000000.00,3.972341,97.90234375
08:00:32,91282CLM1,TSRYS5893517,D,S,T,2024-10-10,1000000.00,3.972341,97.90234375
08:00:32,91282CLM1,TSRYS5893517,D,S,T,2024-10-10,1000000.00,3.978893,97.86328125
08:00:32,91282CLM1,TSRYS5893517,D,S,T,2024-10-10,1000000.00,3.978893,97.86328125
08:00:32,91282CLM1,TSRYS5893517,D,S,T,2024-10-10,1000000.00,3.978893,97.86328125
08:00:32,91282CLM1,TSRYS5893517,D,S,T,2024-10-10,1000000.00,3.978893,97.86328125
08:00:32,91282CLM1,TSRYS5893517,D,S,T,2024-10-10,1000000.00,3.979548,97.859375
08:00:32,91282CLM1,TSRYS5893517,D,S,T,2024-10-10,1000000.00,3.979548,97.859375
08:00:32,91282CLM1,TSRYS5893517,D,S,T,2024-10-10,1000000.00,3.979548,97.859375
08:00:32,91282CLM1,TSRYS5893517,D,S,T,2024-10-10,1000000.00,3.979548,97.859375
08:00:32,91282CLM1,TSRYS5893517,D,S,T,2024-10-10,1000000.00,3.97791,97.869140625
08:00:32,91282CLM1,TSRYS5893517,D,S,T,2024-10-10,1000000.00,3.974634,97.888671875
08:00:32,91282CLM1,TSRYS5893517,D,S,T,2024-10-10,1000000.00,3.974961,97.88671875
08:00:32,91282CLM1,TSRYS5893517,D,S,T,2024-10-10,1000000.00,3.974961,97.88671875
08:00:32,91282CLM1,TSRYS5893517,D,S,T,2024-10-10,1000000.00,3.974961,97.88671875
08:00:32,91282CLM1,TSRYS5893517,D,S,T,2024-10-10,1000000.00,3.974961,97.88671875
08:00:32,91282CLM1,TSRYS5893517,D,S,T,2024-10-10,1000000.00,3.974634,97.888671875
08:00:32,91282CLM1,TSRYS5893517,D,S,T,2024-10-10,1000000.00,3.976272,97.87890625
08:00:32,91282CLM1,TSRYS5893517,D,S,T,2024-10-10,1000000.00,3.976272,97.87890625
08:00:32,91282CLM1,TSRYS5893517,D,S,T,2024-10-10,1000000.00,3.974961,97.88671875
08:00:32,91282CLM1,TSRYS5893517,D,S,T,2024-10-10,1000000.00,3.974961,97.88671875
08:00:32,91282CLM1,TSRYS5893517,D,S,T,2024-10-10,1000000.00,3.976599,97.876953125
08:00:32,91282CLM1,TSRYS5893517,D,S,T,2024-10-10,1000000.00,3.976599,97.876953125
08:00:32,91282CLM1,TSRYS5893517,D,S,T,2024-10-10,1000000.00,3.977582,97.87109375
08:00:32,91282CLM1,TSRYS5893517,D,S,T,2024-10-10,1000000.00,3.977582,97.87109375
08:00:32,91282CLM1,TSRYS5893517,D,S,T,2024-10-10,1000000.00,3.977582,97.87109375
08:00:32,91282CLM1,TSRYS5893517,D,S,T,2024-10-10,1000000.00,3.977582,97.87109375
08:00:32,91282CLM1,TSRYS5893517,D,S,T,2024-10-10,1000000.00,3.977582,97.87109375
08:00:32,91282CLM1,TSRYS5893517,D,S,T,2024-10-10,1000000.00,3.975289,97.884765625
08:00:32,91282CLM1,TSRYS5893517,D,S,T,2024-10-10,1000000.00,3.975289,97.884765625
08:00:32,91282CLM1,TSRYS5893517,D,S,T,2024-10-10,1000000.00,3.975616,97.8828125
08:00:32,91282CLM1,TSRYS5893517,D,S,T,2024-10-10,1000000.00,3.975616,97.8828125
08:00:32,91282CLM1,TSRYS5893517,D,S,T,2024-10-10,1000000.00,3.977255,97.873046875
08:00:32,91282CLM1,TSRYS5893517,D,S,T,2024-10-10,1000000.00,3.977255,97.873046875
08:00:32,91282CLM1,TSRYS5893517,D,S,T,2024-10-10,1000000.00,3.977255,97.873046875
08:00:32,91282CLM1,TSRYS5893517,D,S,T,2024-10-10,1000000.00,3.977255,97.873046875
08:00:32,91282CLM1,TSRYS5893517,D,S,T,2024-10-10,1000000.00,3.977255,97.873046875
08:00:32,91282CLM1,TSRYS5893517,D,S,T,2024-10-10,1000000.00,3.977255,97.873046875
08:00:32,91282CLM1,TSRYS5893517,D,S,T,2024-10-10,1000000.00,3.977255,97.873046875
08:00:32,91282CLM1,TSRYS5893517,D,S,T,2024-10-10,1000000.00,3.977255,97.873046875
08:00:32,91282CLM1,TSRYS5893517,D,S,T,2024-10-10,1000000.00,3.977255,97.873046875
08:00:32,91282CLM1,TSRYS5893517,D,S,T,2024-10-10,1000000.00,3.977255,97.873046875
08:00:32,91282CLM1,TSRYS5893517,D,S,T,2024-10-10,1000000.00,3.977255,97.873046875
08:00:32,91282CLM1,TSRYS5893517,D,S,T,2024-10-10,1000000.00,3.980859,97.8515625
08:00:32,91282CLM1,TSRYS5893517,D,S,T,2024-10-10,1000000.00,3.976927,97.875
08:00:32,91282CLM1,TSRYS5893517,D,S,T,2024-10-10,1000000.00,3.976927,97.875
08:00:32,91282CLM1,TSRYS5893517,D,S,T,2024-10-10,1000000.00,3.977255,97.873046875
08:00:32,91282CLM1,TSRYS5893517,D,S,T,2024-10-10,1000000.00,3.977255,97.873046875
08:00:32,91282CLM1,TSRYS5893517,D,S,T,2024-10-10,1000000.00,3.976927,97.875
08:00:32,91282CLM1,TSRYS5893517,D,S,T,2024-10-10,1000000.00,3.976927,97.875
08:00:32,91282CLM1,TSRYS5893517,D,S,T,2024-10-10,1000000.00,3.978893,97.86328125
08:00:32,91282CLM1,TSRYS5893517,D,S,T,2024-10-10,1000000.00,3.979876,97.857421875
08:00:32,91282CLM1,TSRYS5893517,D,S,T,2024-10-10,1000000.00,3.979876,97.857421875
08:00:32,91282CLM1,TSRYS5893517,D,S,T,2024-10-10,1000000.00,3.978565,97.865234375
08:00:32,91282CLM1,TSRYS5893517,D,S,T,2024-10-10,2000000.00,3.980859,97.8515625
08:00:32,91282CLM1,TSRYS5893517,D,S,T,2024-10-10,2000000.00,3.979876,97.857421875
08:00:32,91282CLM1,TSRYS5893517,D,S,T,2024-10-10,1000000.00,3.980204,97.85546875
08:00:32,91282CLM1,TSRYS5893517,D,S,T,2024-10-10,1000000.00,3.976927,97.875
08:00:32,91282CLM1,TSRYS5893517,D,S,T,2024-10-10,1000000.00,3.978238,97.8671875
08:00:32,91282CLM1,TSRYS5893517,D,S,T,2024-10-10,1000000.00,3.978238,97.8671875
08:00:32,91282CLM1,TSRYS5893517,D,S,T,2024-10-10,2000000.00,3.978893,97.86328125
08:00:32,91282CLM1,TSRYS5893517,D,S,T,2024-10-10,1000000.00,3.979876,97.857421875
08:00:32,91282CLM1,TSRYS5893517,D,S,T,2024-10-10,1000000.00,3.980531,97.853515625
08:00:32,91282CLM1,TSRYS5893517,D,S,T,2024-10-10,1000000.00,3.980531,97.853515625
08:00:32,91282CLM1,TSRYS5893517,D,S,T,2024-10-10,1000000.00,3.983154,97.837890625
08:00:32,91282CLM1,TSRYS5893517,D,S,T,2024-10-10,1000000.00,3.983154,97.837890625
08:00:32,91282CLM1,TSRYS5893517,D,S,T,2024-10-10,1000000.00,3.988071,97.80859375
08:00:32,91282CLM1,TSRYS5893517,D,S,T,2024-10-10,1000000.00,3.988071,97.80859375
08:00:32,91282CLM1,TSRYS5893517,D,S,T,2024-10-10,1000000.00,3.994631,97.76953125
08:00:32,91282CLM1,TSRYS5893517,D,S,T,2024-10-10,1000000.00,3.994631,97.76953125
08:00:32,91282CLM1,TSRYS5893517,D,S,T,2024-10-10,1000000.00,3.993647,97.775390625
08:00:32,91282CLM1,TSRYS5893517,D,S,T,2024-10-10,1000000.00,3.993319,97.77734375
08:00:32,91282CLM1,TSRYS5893517,D,S,T,2024-10-10,1000000.00,3.987088,97.814453125
08:00:32,91282CLM1,TSRYS5893517,D,S,T,2024-10-10,1000000.00,3.987088,97.814453125
08:00:32,91282CLM1,TSRYS5893517,D,S,T,2024-10-10,1000000.00,3.987088,97.814453125
08:00:32,91282CLM1,TSRYS5893517,D,S,T,2024-10-10,1000000.00,3.987088,97.814453125
08:00:32,91282CLM1,TSRYS5893517,D,S,T,2024-10-10,1000000.00,3.987415,97.8125
08:00:32,91282CLM1,TSRYS5893517,D,S,T,2024-10-10,1000000.00,3.987415,97.8125
08:00:32,91282CLM1,TSRYS5893517,D,S,T,2024-10-10,1000000.00,3.987415,97.8125
08:00:32,91282CLM1,TSRYS5893517,D,S,T,2024-10-10,1000000.00,3.987415,97.8125
08:00:32,91282CLM1,TSRYS5893517,D,S,T,2024-10-10,1000000.00,3.987415,97.8125
08:00:32,91282CLM1,TSRYS5893517,D,S,T,2024-10-10,1000000.00,3.987415,97.8125
08:00:32,91282CLM1,TSRYS5893517,D,S,T,2024-10-10,1000000.00,3.987415,97.8125
08:00:32,91282CLM1,TSRYS5893517,D,S,T,2024-10-10,1000000.00,3.987415,97.8125
08:00:32,91282CLM1,TSRYS5893517,D,S,T,2024-10-10,1000000.00,3.987415,97.8125
08:00:32,91282CLM1,TSRYS5893517,D,S,T,2024-10-10,2000000.00,3.988727,97.8046875
08:00:33,91282CLM1,TSRYS5893517,D,S,T,2024-10-10,1000000.00,3.995287,97.765625
08:00:33,91282CLM1,TSRYS5893517,D,S,T,2024-10-10,1000000.00,3.995287,97.765625
08:00:33,91282CLM1,TSRYS5893517,D,S,T,2024-10-10,1000000.00,3.995287,97.765625
08:00:33,91282CLM1,TSRYS5893517,D,S,T,2024-10-10,1000000.00,3.995287,97.765625
08:00:33,91282CLM1,TSRYS5893517,D,S,T,2024-10-10,1000000.00,3.995287,97.765625
08:00:33,91282CLM1,TSRYS5893517,D,S,T,2024-10-10,1000000.00,4.00185,97.7265625
08:00:33,91282CLM1,TSRYS5893517,D,S,T,2024-10-10,1000000.00,4.00185,97.7265625
08:00:33,91282CLM1,TSRYS5893517,D,S,T,2024-10-10,1000000.00,4.001522,97.728515625
08:00:33,91282CLM1,TSRYS5893517,D,S,T,2024-10-10,1000000.00,4.005789,97.703125
08:00:33,91282CLM1,TSRYS5893517,D,S,T,2024-10-10,1000000.00,4.005461,97.705078125
08:00:33,91282CLM1,TSRYS5893517,D,S,T,2024-10-10,1000000.00,4.007102,97.6953125
08:00:33,91282CLM1,TSRYS5893517,D,S,D,2024-10-10,1000000.00,3.984137,97.83203125
08:00:33,91282CLM1,TSRYS5893517,D,S,D,2024-10-10,1000000.00,3.988727,97.8046875
08:00:33,91282CLM1,TSRYS5893517,D,S,D,2024-10-10,1000000.00,3.984793,97.828125
08:00:33,91282CLM1,TSRYS5893517,D,S,D,2024-10-10,1000000.00,3.986432,97.818359375
08:00:33,91282CLM1,TSRYS5893517,D,S,D,2024-10-10,1000000.00,3.990367,97.794921875
08:00:34,91282CLM1,TSRYS5893517,D,S,D,2024-10-10,1000000.00,3.984793,97.828125
08:00:36,91282CLM1,TSRYS5893517,D,S,D,2024-10-10,1000000.00,3.987415,97.8125
08:00:36,91282CLM1,TSRYS5893517,D,S,D,2024-10-10,1000000.00,3.987415,97.8125
08:00:37,91282CLM1,TSRYS5893517,D,S,D,2024-10-10,1000000.00,3.990039,97.796875
08:00:37,91282CLM1,TSRYS5893517,D,S,C,2024-10-10,1000000.00,3.993975,97.7734375
08:00:37,91282CLM1,TSRYS5893517,D,S,D,2024-10-10,1000000.00,3.993975,97.7734375
08:00:37,91282CLM1,TSRYS5893517,D,B,C,2024-10-10,1000000.00,3.994303,97.771484375
08:00:37,91282CLM1,TSRYS5893517,D,S,D,2024-10-10,1000000.00,3.994303,97.771484375
08:00:37,91282CLM1,TSRYS5893517,D,S,D,2024-10-10,1000000.00,3.996599,97.7578125
08:00:37,91282CLM1,TSRYS5893517,D,S,D,2024-10-10,1000000.00,3.996599,97.7578125
08:00:37,91282CLM1,TSRYS5893517,D,S,D,2024-10-10,1000000.00,3.996599,97.7578125
08:00:37,91282CLM1,TSRYS5893517,D,S,D,2024-10-10,1000000.00,3.996271,97.759765625
08:00:37,91282CLM1,TSRYS5893517,D,S,D,2024-10-10,5000000.00,3.996599,97.7578125
08:00:37,91282CLM1,TSRYS5893517,D,S,D,2024-10-10,1000000.00,3.996599,97.7578125
08:00:38,91282CLM1,TSRYS5893517,D,B,A,2024-10-10,42000000.00,3.98217,97.84375
08:00:39,91282CLM1,TSRYS5893517,D,S,D,2024-10-10,1000000.00,3.997912,97.75
08:00:39,91282CLM1,TSRYS5893517,D,S,D,2024-10-10,2000000.00,3.997912,97.75
08:00:39,91282CLM1,TSRYS5893517,D,S,D,2024-10-10,1000000.00,3.997912,97.75
08:00:39,91282CLM1,TSRYS5893517,D,S,D,2024-10-10,1000000.00,3.999224,97.7421875
08:00:39,91282CLM1,TSRYS5893517,D,S,C,2024-10-10,1000000.00,3.999224,97.7421875
08:00:39,91282CLM1,TSRYS5893517,D,S,C,2024-10-10,1000000.00,3.999224,97.7421875
08:00:39,91282CLM1,TSRYS5893517,D,S,D,2024-10-10,1000000.00,3.999224,97.7421875
08:00:39,91282CLM1,TSRYS5893517,D,S,C,2024-10-10,1000000.00,3.999224,97.7421875
08:00:39,91282CLM1,TSRYS5893517,D,S,D,2024-10-10,1000000.00,3.99824,97.748046875
08:00:39,91282CLM1,TSRYS5893517,D,S,D,2024-10-10,1000000.00,3.999224,97.7421875
08:00:39,91282CLM1,TSRYS5893517,D,S,C,2024-10-10,1000000.00,4.000537,97.734375
08:00:39,91282CLM1,TSRYS5893517,D,S,D,2024-10-10,1000000.00,4.000537,97.734375
08:00:40,91282CLM1,TSRYS5893517,D,S,T,2024-10-10,1000000.00,3.990039,97.796875
08:00:40,91282CLM1,TSRYS5893517,D,S,D,2024-10-10,1000000.00,3.978565,97.865234375
08:00:42,91282CLM1,TSRYS5893517,D,B,C,2024-10-10,400000.00,3.999224,97.7421875
08:00:42,91282CLM1,TSRYS5893517,D,S,D,2024-10-10,400000.00,3.999224,97.7421875
08:00:42,91282CLM1,TSRYS5893517,D,B,C,2024-10-10,2000000.00,4.000537,97.734375
08:00:42,91282CLM1,TSRYS5893517,D,B,C,2024-10-10,1000000.00,4.000537,97.734375
08:00:42,91282CLM1,TSRYS5893517,D,B,C,2024-10-10,1000000.00,4.000537,97.734375
08:00:42,91282CLM1,TSRYS5893517,D,S,D,2024-10-10,15000000.00,4.000537,97.734375
08:00:43,91282CLM1,TSRYS5893517,D,S,D,2024-10-10,1000000.00,3.972996,97.8984375
08:00:43,91282CLM1,TSRYS5893517,D,S,T,2024-10-10,1000000.00,3.978238,97.8671875
08:00:43,91282CLM1,TSRYS5893517,D,S,D,2024-10-10,1000000.00,3.974306,97.890625
08:00:43,91282CLM1,TSRYS5893517,D,S,D,2024-10-10,1000000.00,3.974306,97.890625
08:00:43,91282CLM1,TSRYS5893517,D,S,D,2024-10-10,1000000.00,3.975616,97.8828125
08:00:43,91282CLM1,TSRYS5893517,D,S,T,2024-10-10,1000000.00,3.976927,97.875
08:00:43,91282CLM1,TSRYS5893517,D,S,D,2024-10-10,1000000.00,3.976927,97.875
08:00:43,91282CLM1,TSRYS5893517,D,S,C,2024-10-10,18000000.00,3.980859,97.8515625
08:00:43,91282CLM1,TSRYS5893517,D,S,T,2024-10-10,2000000.00,3.977582,97.87109375
08:00:43,91282CLM1,TSRYS5893517,D,S,T,2024-10-10,1000000.00,3.977582,97.87109375
08:00:43,91282CLM1,TSRYS5893517,D,S,T,2024-10-10,2000000.00,3.977582,97.87109375
08:00:43,91282CLM1,TSRYS5893517,D,S,T,2024-10-10,1000000.00,3.977582,97.87109375
08:00:43,91282CLM1,TSRYS5893517,D,S,T,2024-10-10,1000000.00,3.978238,97.8671875
08:00:43,91282CLM1,TSRYS5893517,D,S,T,2024-10-10,1000000.00,3.978238,97.8671875
08:00:43,91282CLM1,TSRYS5893517,D,S,T,2024-10-10,1000000.00,3.978238,97.8671875
08:00:43,91282CLM1,TSRYS5893517,D,S,T,2024-10-10,1000000.00,3.978238,97.8671875
08:00:43,91282CLM1,TSRYS5893517,D,S,T,2024-10-10,1000000.00,3.978238,97.8671875
08:00:43,91282CLM1,TSRYS5893517,D,S,T,2024-10-10,1000000.00,3.978238,97.8671875
08:00:43,91282CLM1,TSRYS5893517,D,S,T,2024-10-10,1000000.00,3.978238,97.8671875
08:00:43,91282CLM1,TSRYS5893517,D,S,T,2024-10-10,1000000.00,3.978238,97.8671875
08:00:43,91282CLM1,TSRYS5893517,D,S,T,2024-10-10,2000000.00,3.979221,97.861328125
08:00:43,91282CLM1,TSRYS5893517,D,S,T,2024-10-10,3000000.00,3.980204,97.85546875
08:00:43,91282CLM1,TSRYS5893517,D,S,T,2024-10-10,1000000.00,3.979548,97.859375
08:00:43,91282CLM1,TSRYS5893517,D,S,T,2024-10-10,1000000.00,3.979548,97.859375
08:00:43,91282CLM1,TSRYS5893517,D,S,T,2024-10-10,1000000.00,3.979548,97.859375
08:00:43,91282CLM1,TSRYS5893517,D,S,T,2024-10-10,1000000.00,3.979548,97.859375
08:00:43,91282CLM1,TSRYS5893517,D,S,T,2024-10-10,1000000.00,3.979548,97.859375
08:00:43,91282CLM1,TSRYS5893517,D,S,T,2024-10-10,1000000.00,3.979548,97.859375
08:00:43,91282CLM1,TSRYS5893517,D,S,T,2024-10-10,1000000.00,3.979548,97.859375
08:00:43,91282CLM1,TSRYS5893517,D,S,T,2024-10-10,1000000.00,3.979548,97.859375
08:00:43,91282CLM1,TSRYS5893517,D,S,T,2024-10-10,2000000.00,3.979548,97.859375
08:00:43,91282CLM1,TSRYS5893517,D,S,T,2024-10-10,2000000.00,3.979548,97.859375
08:00:43,91282CLM1,TSRYS5893517,D,S,T,2024-10-10,1000000.00,3.979548,97.859375
08:00:43,91282CLM1,TSRYS5893517,D,S,T,2024-10-10,1000000.00,3.979548,97.859375
08:00:43,91282CLM1,TSRYS5893517,D,S,D,2024-10-10,1000000.00,3.975616,97.8828125
08:00:43,91282CLM1,TSRYS5893517,D,B,C,2024-10-10,2000000.00,3.981515,97.84765625
08:00:43,91282CLM1,TSRYS5893517,D,S,T,2024-10-10,1000000.00,3.980859,97.8515625
08:00:44,91282CLM1,TSRYS5893517,D,S,T,2024-10-10,1000000.00,3.992991,97.779296875
08:00:44,91282CLM1,TSRYS5893517,D,S,T,2024-10-10,1000000.00,3.992991,97.779296875
08:00:44,91282CLM1,TSRYS5893517,D,S,T,2024-10-10,1000000.00,3.992991,97.779296875
08:00:44,91282CLM1,TSRYS5893517,D,S,T,2024-10-10,1000000.00,3.994303,97.771484375
08:00:44,91282CLM1,TSRYS5893517,D,S,T,2024-10-10,1000000.00,3.994303,97.771484375
08:00:44,91282CLM1,TSRYS5893517,D,S,T,2024-10-10,1000000.00,3.993975,97.7734375
08:00:44,91282CLM1,TSRYS5893517,D,S,D,2024-10-10,1000000.00,3.984793,97.828125
08:00:44,91282CLM1,TSRYS5893517,D,S,D,2024-10-10,1000000.00,3.987415,97.8125
08:00:44,91282CLM1,TSRYS5893517,D,S,D,2024-10-10,23000000.00,4.001603,97.72803
08:00:44,91282CLM1,TSRYS5893517,D,S,A,2024-10-10,1000000.00,4.00185,97.7265625
08:00:46,91282CLM1,TSRYS5893517,D,S,D,2024-10-10,1000000.00,4.003819,97.71484375
08:00:47,91282CLM1,TSRYS5893517,D,S,A,2024-10-10,55395000.00,3.985448,97.82421875
08:00:47,91282CLM1,TSRYS5893517,D,S,D,2024-10-10,5000000.00,4.001915,97.726171875
08:00:47,91282CLM1,TSRYS5893517,D,B,C,2024-10-10,1000000.00,4.00185,97.7265625
08:00:47,91282CLM1,TSRYS5893517,D,B,C,2024-10-10,1000000.00,4.002178,97.724609375
08:00:47,91282CLM1,TSRYS5893517,D,S,D,2024-10-10,1000000.00,3.986432,97.818359375
08:00:48,91282CLM1,TSRYS5893517,D,B,C,2024-10-10,1000000.00,4.005461,97.705078125
08:00:48,91282CLM1,TSRYS5893517,D,S,D,2024-10-10,1000000.00,4.005461,97.705078125
08:00:48,91282CLM1,TSRYS5893517,D,S,D,2024-10-10,1000000.00,4.007102,97.6953125
08:00:50,91282CLM1,TSRYS5893517,D,S,D,2024-10-10,3000000.00,3.985584,97.82341
08:00:50,91282CLM1,TSRYS5893517,D,S,T,2024-10-10,1000000.00,3.991351,97.7890625
08:00:50,91282CLM1,TSRYS5893517,D,S,T,2024-10-10,3000000.00,3.992007,97.78515625
08:00:51,91282CLM1,TSRYS5893517,D,S,T,2024-10-10,1000000.00,3.991351,97.7890625
08:00:51,91282CLM1,TSRYS5893517,D,S,T,2024-10-10,1000000.00,3.991351,97.7890625
08:00:52,91282CLM1,TSRYS5893517,D,S,T,2024-10-10,4000000.00,3.992335,97.783203125
08:00:52,91282CLM1,TSRYS5893517,D,S,T,2024-10-10,1000000.00,3.991351,97.7890625
08:00:52,91282CLM1,TSRYS5893517,D,S,D,2024-10-10,5000000.00,3.996599,97.7578125
08:00:52,91282CLM1,TSRYS5893517,D,S,T,2024-10-10,1000000.00,3.991351,97.7890625
08:00:52,91282CLM1,TSRYS5893517,D,S,D,2024-10-10,1000000.00,3.996599,97.7578125
08:00:52,91282CLM1,TSRYS5893517,D,S,T,2024-10-10,2000000.00,3.996927,97.755859375
08:00:52,91282CLM1,TSRYS5893517,D,S,T,2024-10-10,5000000.00,3.991679,97.787109375
08:00:53,91282CLM1,TSRYS5893517,D,S,T,2024-10-10,1000000.00,3.991351,97.7890625
08:00:53,91282CLM1,TSRYS5893517,D,S,T,2024-10-10,1000000.00,3.991351,97.7890625
08:00:55,91282CLM1,TSRYS5893517,D,S,D,2024-10-10,1000000.00,3.979876,97.857421875
08:00:56,91282CLM1,TSRYS5893517,D,S,D,2024-10-10,2000000.00,3.997912,97.75
08:00:56,91282CLM1,TSRYS5893517,D,S,D,2024-10-10,1000000.00,3.999224,97.7421875
08:00:56,91282CLM1,TSRYS5893517,D,S,D,2024-10-10,1000000.00,3.999224,97.7421875
08:00:56,91282CLM1,TSRYS5893517,D,S,D,2024-10-10,1000000.00,3.997912,97.75
08:00:57,91282CLM1,TSRYS5893517,D,S,T,2024-10-10,1000000.00,4.002835,97.720703125
08:00:57,91282CLM1,TSRYS5893517,D,S,T,2024-10-10,1000000.00,3.995287,97.765625
08:00:57,91282CLM1,TSRYS5893517,D,S,T,2024-10-10,5000000.00,3.991351,97.7890625
08:00:57,91282CLM1,TSRYS5893517,D,S,D,2024-10-10,1000000.00,3.999224,97.7421875
08:00:57,91282CLM1,TSRYS5893517,D,S,T,2024-10-10,1000000.00,3.996927,97.755859375
08:00:57,91282CLM1,TSRYS5893517,D,S,T,2024-10-10,2000000.00,3.996927,97.755859375
08:00:58,91282CLM1,TSRYS5893517,D,S,T,2024-10-10,2000000.00,3.991351,97.7890625
08:00:58,91282CLM1,TSRYS5893517,D,S,D,2024-10-10,40000000.00,3.97619,97.87939
08:00:59,91282CLM1,TSRYS5893517,D,S,D,2024-10-10,500000.00,3.988071,97.80859375
08:00:59,91282CLM1,TSRYS5893517,D,S,D,2024-10-10,1000000.00,3.996271,97.759765625
08:01:00,91282CLM1,TSRYS5893517,D,S,D,2024-10-10,1000000.00,4.000537,97.734375
08:01:00,91282CLM1,TSRYS5893517,D,S,T,2024-10-10,2000000.00,3.991023,97.791015625
08:01:01,91282CLM1,TSRYS5893517,D,S,D,2024-10-10,1000000.00,3.999224,97.7421875
08:01:02,91282CLM1,TSRYS5893517,D,S,T,2024-10-10,1000000.00,3.997912,97.75
08:01:02,91282CLM1,TSRYS5893517,D,S,T,2024-10-10,1000000.00,3.991351,97.7890625
08:01:03,91282CLM1,TSRYS5893517,D,S,D,2024-10-10,1000000.00,3.999224,97.7421875
08:01:04,91282CLM1,TSRYS5893517,D,S,T,2024-10-10,1000000.00,4.000537,97.734375
08:01:04,91282CLM1,TSRYS5893517,D,S,T,2024-10-10,1000000.00,4.000537,97.734375
08:01:05,91282CLM1,TSRYS5893517,D,B,A,2024-10-10,1500000.00,4.001193,97.73046875
08:01:05,91282CLM1,TSRYS5893517,D,S,T,2024-10-10,1000000.00,3.995287,97.765625
08:01:06,91282CLM1,TSRYS5893517,D,S,D,2024-10-10,1000000.00,3.996599,97.7578125
08:01:06,91282CLM1,TSRYS5893517,D,S,D,2024-10-10,1000000.00,4.000537,97.734375
08:01:06,91282CLM1,TSRYS5893517,D,S,T,2024-10-10,3000000.00,3.999224,97.7421875
08:01:06,91282CLM1,TSRYS5893517,D,S,T,2024-10-10,1000000.00,3.999224,97.7421875
08:01:07,91282CLM1,TSRYS5893517,D,S,T,2024-10-10,1000000.00,4.000537,97.734375
08:01:08,91282CLM1,TSRYS5893517,D,S,A,2024-10-10,1000000.00,3.985284,97.825195312
08:01:10,91282CLM1,TSRYS5893517,D,S,T,2024-10-10,1000000.00,3.971375,97.908103125
08:01:10,91282CLM1,TSRYS5893517,D,S,T,2024-10-10,1000000.00,3.971723,97.906025
08:01:10,91282CLM1,TSRYS5893517,D,B,C,2024-10-10,4000000.00,3.971624,97.9066148
08:01:11,91282CLM1,TSRYS5893517,D,S,D,2024-10-10,1000000.00,3.979876,97.857421875
08:01:11,91282CLM1,TSRYS5893517,D,S,D,2024-10-10,1000000.00,3.980204,97.85546875
08:01:11,91282CLM1,TSRYS5893517,D,B,C,2024-10-10,1000000.00,3.979876,97.857421875
08:01:11,91282CLM1,TSRYS5893517,D,B,C,2024-10-10,1000000.00,3.980204,97.85546875
08:01:11,91282CLM1,TSRYS5893517,D,B,C,2024-10-10,1000000.00,3.977582,97.87109375
08:01:11,91282CLM1,TSRYS5893517,D,S,D,2024-10-10,1000000.00,3.977582,97.87109375
08:01:11,91282CLM1,TSRYS5893517,D,S,D,2024-10-10,1000000.00,3.978238,97.8671875
08:01:11,91282CLM1,TSRYS5893517,D,S,D,2024-10-10,2000000.00,3.976599,97.876953125
08:01:11,91282CLM1,TSRYS5893517,D,S,D,2024-10-10,1000000.00,3.978238,97.8671875
08:01:11,91282CLM1,TSRYS5893517,D,B,C,2024-10-10,1000000.00,3.976599,97.876953125
08:01:11,91282CLM1,TSRYS5893517,D,S,D,2024-10-10,1000000.00,3.976599,97.876953125
08:01:11,91282CLM1,TSRYS5893517,D,S,D,2024-10-10,1000000.00,3.978238,97.8671875
08:01:11,91282CLM1,TSRYS5893517,D,B,C,2024-10-10,1000000.00,3.977255,97.873046875
08:01:11,91282CLM1,TSRYS5893517,D,S,D,2024-10-10,1000000.00,3.977582,97.87109375
08:01:11,91282CLM1,TSRYS5893517,D,B,C,2024-10-10,1000000.00,3.977582,97.87109375
08:01:11,91282CLM1,TSRYS5893517,D,S,T,2024-10-10,2000000.00,3.979548,97.859375
08:01:11,91282CLM1,TSRYS5893517,D,S,D,2024-10-10,1000000.00,3.977255,97.873046875
08:01:11,91282CLM1,TSRYS5893517,D,S,T,2024-10-10,1000000.00,3.993975,97.7734375
08:01:11,91282CLM1,TSRYS5893517,D,S,T,2024-10-10,1000000.00,3.993975,97.7734375
08:01:11,91282CLM1,TSRYS5893517,D,S,T,2024-10-10,2000000.00,3.993975,97.7734375
08:01:11,91282CLM1,TSRYS5893517,D,S,C,2024-10-10,1000000.00,3.973651,97.89453125
08:01:11,91282CLM1,TSRYS5893517,D,S,D,2024-10-10,1000000.00,3.973978,97.892578125
08:01:11,91282CLM1,TSRYS5893517,D,S,D,2024-10-10,1000000.00,3.975944,97.880859375
08:01:11,91282CLM1,TSRYS5893517,D,S,D,2024-10-10,1000000.00,3.972996,97.8984375
08:01:11,91282CLM1,TSRYS5893517,D,S,C,2024-10-10,1000000.00,3.975944,97.880859375
08:01:11,91282CLM1,TSRYS5893517,D,B,C,2024-10-10,1000000.00,3.973978,97.892578125
08:01:12,91282CLM1,TSRYS5893517,D,S,C,2024-10-10,1000000.00,3.975616,97.8828125
08:01:12,91282CLM1,TSRYS5893517,D,S,C,2024-10-10,1000000.00,3.975944,97.880859375
08:01:12,91282CLM1,TSRYS5893517,D,S,D,2024-10-10,1000000.00,3.975944,97.880859375
08:01:12,91282CLM1,TSRYS5893517,D,S,C,2024-10-10,1000000.00,3.971358,97.908203125
08:01:12,91282CLM1,TSRYS5893517,D,S,C,2024-10-10,2000000.00,3.972668,97.900390625
08:01:12,91282CLM1,TSRYS5893517,D,S,C,2024-10-10,1000000.00,3.971358,97.908203125
08:01:12,91282CLM1,TSRYS5893517,D,B,C,2024-10-10,1000000.00,3.971358,97.908203125
08:01:12,91282CLM1,TSRYS5893517,D,S,C,2024-10-10,1000000.00,3.972341,97.90234375
08:01:12,91282CLM1,TSRYS5893517,D,S,A,2024-10-10,15000.00,3.978238,97.8671875
08:01:12,91282CLM1,TSRYS5893517,D,S,C,2024-10-10,1000000.00,3.971358,97.908203125
08:01:12,91282CLM1,TSRYS5893517,D,S,C,2024-10-10,1000000.00,3.971358,97.908203125
08:01:12,91282CLM1,TSRYS5893517,D,S,C,2024-10-10,1000000.00,3.972668,97.900390625
08:01:12,91282CLM1,TSRYS5893517,D,S,C,2024-10-10,1000000.00,3.971358,97.908203125
08:01:12,91282CLM1,TSRYS5893517,D,S,C,2024-10-10,1000000.00,3.972668,97.900390625
08:01:12,91282CLM1,TSRYS5893517,D,S,C,2024-10-10,1000000.00,3.972341,97.90234375
08:01:12,91282CLM1,TSRYS5893517,D,S,C,2024-10-10,1000000.00,3.972668,97.900390625
08:01:12,91282CLM1,TSRYS5893517,D,S,C,2024-10-10,1000000.00,3.972341,97.90234375
08:01:12,91282CLM1,TSRYS5893517,D,S,A,2024-10-10,2000000.00,3.973079,97.89794
08:01:12,91282CLM1,TSRYS5893517,D,S,C,2024-10-10,1000000.00,3.972341,97.90234375
08:01:12,91282CLM1,TSRYS5893517,D,S,C,2024-10-10,1000000.00,3.973651,97.89453125
08:01:12,91282CLM1,TSRYS5893517,D,S,C,2024-10-10,1000000.00,3.975289,97.884765625
08:01:12,91282CLM1,TSRYS5893517,D,S,C,2024-10-10,1000000.00,3.973651,97.89453125
08:01:12,91282CLM1,TSRYS5893517,D,S,C,2024-10-10,1000000.00,3.975289,97.884765625
08:01:12,91282CLM1,TSRYS5893517,D,S,D,2024-10-10,1000000.00,3.975616,97.8828125
08:01:12,91282CLM1,TSRYS5893517,D,B,C,2024-10-10,1000000.00,3.975289,97.884765625
08:01:12,91282CLM1,TSRYS5893517,D,S,C,2024-10-10,2000000.00,3.975289,97.884765625
08:01:12,91282CLM1,TSRYS5893517,D,S,C,2024-10-10,1000000.00,3.975289,97.884765625
08:01:12,91282CLM1,TSRYS5893517,D,S,C,2024-10-10,1000000.00,3.975944,97.880859375
08:01:12,91282CLM1,TSRYS5893517,D,S,C,2024-10-10,1000000.00,3.974961,97.88671875
08:01:12,91282CLM1,TSRYS5893517,D,S,D,2024-10-10,1000000.00,3.974306,97.890625
08:01:12,91282CLM1,TSRYS5893517,D,B,C,2024-10-10,1000000.00,3.975944,97.880859375
08:01:12,91282CLM1,TSRYS5893517,D,S,C,2024-10-10,1000000.00,3.975944,97.880859375
08:01:12,91282CLM1,TSRYS5893517,D,B,C,2024-10-10,1000000.00,3.975944,97.880859375
08:01:13,91282CLM1,TSRYS5893517,D,S,D,2024-10-10,1000000.00,3.978565,97.865234375
08:01:13,91282CLM1,TSRYS5893517,D,S,C,2024-10-10,1000000.00,3.977582,97.87109375
08:01:13,91282CLM1,TSRYS5893517,D,B,C,2024-10-10,1000000.00,3.974961,97.88671875
08:01:13,91282CLM1,TSRYS5893517,D,S,D,2024-10-10,1000000.00,3.974961,97.88671875
08:01:13,91282CLM1,TSRYS5893517,D,S,C,2024-10-10,1000000.00,3.974306,97.890625
08:01:13,91282CLM1,TSRYS5893517,D,S,T,2024-10-10,2000000.00,3.993975,97.7734375
08:01:13,91282CLM1,TSRYS5893517,D,S,D,2024-10-10,1000000.00,3.974961,97.88671875
08:01:13,91282CLM1,TSRYS5893517,D,S,D,2024-10-10,1000000.00,3.974306,97.890625
08:01:13,91282CLM1,TSRYS5893517,D,S,D,2024-10-10,1000000.00,3.975616,97.8828125
08:01:13,91282CLM1,TSRYS5893517,D,S,D,2024-10-10,1000000.00,3.977255,97.873046875
08:01:14,91282CLM1,TSRYS5893517,D,S,D,2024-10-10,1000000.00,3.976272,97.87890625
08:01:14,91282CLM1,TSRYS5893517,D,S,C,2024-10-10,1000000.00,3.977582,97.87109375
08:01:14,91282CLM1,TSRYS5893517,D,S,D,2024-10-10,1000000.00,3.977582,97.87109375
08:01:14,91282CLM1,TSRYS5893517,D,B,C,2024-10-10,1000000.00,3.976272,97.87890625
08:01:14,91282CLM1,TSRYS5893517,D,S,D,2024-10-10,1000000.00,3.977582,97.87109375
08:01:14,91282CLM1,TSRYS5893517,D,S,A,2024-10-10,190000.00,3.98407,97.83243125
08:01:15,91282CLM1,TSRYS5893517,D,S,D,2024-10-10,2000000.00,3.976599,97.876953125
08:01:15,91282CLM1,TSRYS5893517,D,B,C,2024-10-10,1000000.00,3.979221,97.861328125
08:01:15,91282CLM1,TSRYS5893517,D,S,D,2024-10-10,1000000.00,3.979221,97.861328125
08:01:15,91282CLM1,TSRYS5893517,D,S,C,2024-10-10,1000000.00,3.979548,97.859375
08:01:15,91282CLM1,TSRYS5893517,D,S,D,2024-10-10,1000000.00,3.977582,97.87109375
08:01:15,91282CLM1,TSRYS5893517,D,B,C,2024-10-10,1000000.00,3.978893,97.86328125
08:01:15,91282CLM1,TSRYS5893517,D,S,D,2024-10-10,1000000.00,3.98217,97.84375
08:01:15,91282CLM1,TSRYS5893517,D,B,C,2024-10-10,1000000.00,3.977582,97.87109375
08:01:15,91282CLM1,TSRYS5893517,D,S,D,2024-10-10,1000000.00,3.976927,97.875
08:01:15,91282CLM1,TSRYS5893517,D,S,D,2024-10-10,2000000.00,3.977255,97.873046875
08:01:15,91282CLM1,TSRYS5893517,D,S,D,2024-10-10,1000000.00,3.977255,97.873046875
08:01:15,91282CLM1,TSRYS5893517,D,B,C,2024-10-10,1000000.00,3.977255,97.873046875
08:01:15,91282CLM1,TSRYS5893517,D,B,C,2024-10-10,1000000.00,3.977255,97.873046875
08:01:15,91282CLM1,TSRYS5893517,D,S,C,2024-10-10,1000000.00,3.977255,97.873046875
08:01:15,91282CLM1,TSRYS5893517,D,S,C,2024-10-10,1000000.00,3.977582,97.87109375
08:01:15,91282CLM1,TSRYS5893517,D,S,C,2024-10-10,1000000.00,3.979548,97.859375
08:01:15,91282CLM1,TSRYS5893517,D,S,D,2024-10-10,1000000.00,3.977582,97.87109375
08:01:15,91282CLM1,TSRYS5893517,D,B,C,2024-10-10,1000000.00,3.977582,97.87109375
08:01:15,91282CLM1,TSRYS5893517,D,B,C,2024-10-10,1000000.00,3.977582,97.87109375
08:01:15,91282CLM1,TSRYS5893517,D,S,D,2024-10-10,1000000.00,3.977255,97.873046875
08:01:15,91282CLM1,TSRYS5893517,D,S,D,2024-10-10,1000000.00,3.977582,97.87109375
08:01:15,91282CLM1,TSRYS5893517,D,S,D,2024-10-10,1000000.00,3.977255,97.873046875
08:01:15,91282CLM1,TSRYS5893517,D,S,D,2024-10-10,1000000.00,3.979876,97.857421875
08:01:15,91282CLM1,TSRYS5893517,D,S,D,2024-10-10,1000000.00,3.978893,97.86328125
08:01:15,91282CLM1,TSRYS5893517,D,S,C,2024-10-10,1000000.00,3.980531,97.853515625
08:01:16,91282CLM1,TSRYS5893517,D,S,D,2024-10-10,1000000.00,3.978893,97.86328125
08:01:16,91282CLM1,TSRYS5893517,D,S,D,2024-10-10,1000000.00,3.981515,97.84765625
08:01:16,91282CLM1,TSRYS5893517,D,B,C,2024-10-10,1000000.00,3.975616,97.8828125
08:01:16,91282CLM1,TSRYS5893517,D,B,C,2024-10-10,1000000.00,3.976927,97.875
08:01:16,91282CLM1,TSRYS5893517,D,S,D,2024-10-10,1000000.00,3.976927,97.875
08:01:16,91282CLM1,TSRYS5893517,D,S,D,2024-10-10,1000000.00,3.975616,97.8828125
08:01:16,91282CLM1,TSRYS5893517,D,S,D,2024-10-10,1000000.00,3.979221,97.861328125
08:01:16,91282CLM1,TSRYS5893517,D,S,C,2024-10-10,1000000.00,3.980204,97.85546875
08:01:16,91282CLM1,TSRYS5893517,D,S,C,2024-10-10,1000000.00,3.980204,97.85546875
08:01:16,91282CLM1,TSRYS5893517,D,S,D,2024-10-10,1000000.00,3.980204,97.85546875
08:01:16,91282CLM1,TSRYS5893517,D,S,D,2024-10-10,1000000.00,3.975616,97.8828125
08:01:16,91282CLM1,TSRYS5893517,D,S,D,2024-10-10,1000000.00,3.975289,97.884765625
08:01:16,91282CLM1,TSRYS5893517,D,S,D,2024-10-10,1000000.00,3.979221,97.861328125
08:01:16,91282CLM1,TSRYS5893517,D,B,C,2024-10-10,1000000.00,3.975289,97.884765625
08:01:16,91282CLM1,TSRYS5893517,D,S,D,2024-10-10,1000000.00,3.978565,97.865234375
08:01:16,91282CLM1,TSRYS5893517,D,B,C,2024-10-10,1000000.00,3.979548,97.859375
08:01:16,91282CLM1,TSRYS5893517,D,B,C,2024-10-10,1000000.00,3.978565,97.865234375
08:01:16,91282CLM1,TSRYS5893517,D,S,D,2024-10-10,1000000.00,3.979548,97.859375
08:01:16,91282CLM1,TSRYS5893517,D,S,D,2024-10-10,1000000.00,3.979876,97.857421875
08:01:16,91282CLM1,TSRYS5893517,D,B,C,2024-10-10,1000000.00,3.981187,97.849609375
08:01:16,91282CLM1,TSRYS5893517,D,S,D,2024-10-10,1000000.00,3.981187,97.849609375
08:01:16,91282CLM1,TSRYS5893517,D,B,C,2024-10-10,1000000.00,3.981187,97.849609375
08:01:16,91282CLM1,TSRYS5893517,D,S,D,2024-10-10,1000000.00,3.980204,97.85546875
08:01:16,91282CLM1,TSRYS5893517,D,S,D,2024-10-10,1000000.00,3.981187,97.849609375
08:01:17,91282CLM1,TSRYS5893517,D,B,C,2024-10-10,1000000.00,3.982826,97.83984375
08:01:17,91282CLM1,TSRYS5893517,D,S,D,2024-10-10,1000000.00,3.983481,97.8359375
08:01:17,91282CLM1,TSRYS5893517,D,B,C,2024-10-10,1000000.00,3.983481,97.8359375
08:01:17,91282CLM1,TSRYS5893517,D,S,D,2024-10-10,1000000.00,3.981842,97.845703125
08:01:17,91282CLM1,TSRYS5893517,D,B,C,2024-10-10,1000000.00,3.981842,97.845703125
08:01:17,91282CLM1,TSRYS5893517,D,S,D,2024-10-10,1000000.00,3.983481,97.8359375
08:01:17,91282CLM1,TSRYS5893517,D,B,C,2024-10-10,1000000.00,3.983481,97.8359375
08:01:17,91282CLM1,TSRYS5893517,D,S,D,2024-10-10,1000000.00,3.978565,97.865234375
08:01:17,91282CLM1,TSRYS5893517,D,S,D,2024-10-10,1000000.00,3.978238,97.8671875
08:01:17,91282CLM1,TSRYS5893517,D,S,D,2024-10-10,1000000.00,3.994303,97.771484375
08:01:17,91282CLM1,TSRYS5893517,D,S,D,2024-10-10,1000000.00,3.994303,97.771484375
08:01:17,91282CLM1,TSRYS5893517,D,B,C,2024-10-10,1000000.00,3.992007,97.78515625
08:01:17,91282CLM1,TSRYS5893517,D,S,D,2024-10-10,1000000.00,3.992007,97.78515625
08:01:17,91282CLM1,TSRYS5893517,D,S,D,2024-10-10,1000000.00,3.990695,97.79296875
08:01:17,91282CLM1,TSRYS5893517,D,S,D,2024-10-10,1000000.00,3.978238,97.8671875
08:01:17,91282CLM1,TSRYS5893517,D,S,D,2024-10-10,1000000.00,3.990695,97.79296875
08:01:17,91282CLM1,TSRYS5893517,D,B,C,2024-10-10,1000000.00,3.990695,97.79296875
08:01:17,91282CLM1,TSRYS5893517,D,B,C,2024-10-10,1000000.00,3.990695,97.79296875
08:01:17,91282CLM1,TSRYS5893517,D,S,D,2024-10-10,1000000.00,3.990695,97.79296875
08:01:17,91282CLM1,TSRYS5893517,D,S,D,2024-10-10,1000000.00,3.978238,97.8671875
08:01:17,91282CLM1,TSRYS5893517,D,S,D,2024-10-10,1000000.00,3.978238,97.8671875
08:01:17,91282CLM1,TSRYS5893517,D,B,C,2024-10-10,1000000.00,3.990695,97.79296875
08:01:17,91282CLM1,TSRYS5893517,D,B,C,2024-10-10,1000000.00,3.988727,97.8046875
08:01:17,91282CLM1,TSRYS5893517,D,S,D,2024-10-10,1000000.00,3.988399,97.806640625
08:01:17,91282CLM1,TSRYS5893517,D,B,C,2024-10-10,1000000.00,3.988399,97.806640625
08:01:17,91282CLM1,TSRYS5893517,D,S,D,2024-10-10,1000000.00,3.988727,97.8046875
08:01:17,91282CLM1,TSRYS5893517,D,S,D,2024-10-10,2000000.00,3.988399,97.806640625
08:01:17,91282CLM1,TSRYS5893517,D,B,C,2024-10-10,1000000.00,3.988399,97.806640625
08:01:17,91282CLM1,TSRYS5893517,D,S,D,2024-10-10,1000000.00,3.988399,97.806640625
08:01:17,91282CLM1,TSRYS5893517,D,B,C,2024-10-10,1000000.00,3.988399,97.806640625
08:01:17,91282CLM1,TSRYS5893517,D,B,C,2024-10-10,2000000.00,3.988399,97.806640625
08:01:17,91282CLM1,TSRYS5893517,D,S,D,2024-10-10,1000000.00,3.988399,97.806640625
08:01:17,91282CLM1,TSRYS5893517,D,B,C,2024-10-10,1000000.00,3.988399,97.806640625
08:01:17,91282CLM1,TSRYS5893517,D,S,D,2024-10-10,1000000.00,3.97791,97.869140625
08:01:17,91282CLM1,TSRYS5893517,D,S,D,2024-10-10,1000000.00,3.97791,97.869140625
08:01:17,91282CLM1,TSRYS5893517,D,S,D,2024-10-10,1000000.00,3.97791,97.869140625
08:01:17,91282CLM1,TSRYS5893517,D,S,D,2024-10-10,1000000.00,3.977255,97.873046875
08:01:17,91282CLM1,TSRYS5893517,D,B,C,2024-10-10,1000000.00,3.977255,97.873046875
08:01:17,91282CLM1,TSRYS5893517,D,S,D,2024-10-10,1000000.00,3.988399,97.806640625
08:01:17,91282CLM1,TSRYS5893517,D,S,D,2024-10-10,1000000.00,3.985776,97.822265625
08:01:17,91282CLM1,TSRYS5893517,D,S,D,2024-10-10,1000000.00,3.976927,97.875
08:01:17,91282CLM1,TSRYS5893517,D,S,D,2024-10-10,1000000.00,3.976927,97.875
08:01:17,91282CLM1,TSRYS5893517,D,S,D,2024-10-10,1000000.00,3.976927,97.875
08:01:17,91282CLM1,TSRYS5893517,D,S,D,2024-10-10,1000000.00,3.976927,97.875
08:01:17,91282CLM1,TSRYS5893517,D,S,D,2024-10-10,1000000.00,3.985776,97.822265625
08:01:17,91282CLM1,TSRYS5893517,D,B,C,2024-10-10,1000000.00,3.985776,97.822265625
08:01:17,91282CLM1,TSRYS5893517,D,S,D,2024-10-10,1000000.00,3.985776,97.822265625
08:01:17,91282CLM1,TSRYS5893517,D,B,C,2024-10-10,1000000.00,3.985776,97.822265625
08:01:17,91282CLM1,TSRYS5893517,D,S,D,2024-10-10,1000000.00,3.986104,97.8203125
08:01:17,91282CLM1,TSRYS5893517,D,B,C,2024-10-10,1000000.00,3.985776,97.822265625
08:01:17,91282CLM1,TSRYS5893517,D,B,C,2024-10-10,1000000.00,3.985776,97.822265625
08:01:17,91282CLM1,TSRYS5893517,D,B,C,2024-10-10,1000000.00,3.986104,97.8203125
08:01:17,91282CLM1,TSRYS5893517,D,S,D,2024-10-10,1000000.00,3.986104,97.8203125
08:01:17,91282CLM1,TSRYS5893517,D,B,C,2024-10-10,1000000.00,3.986104,97.8203125
08:01:17,91282CLM1,TSRYS5893517,D,B,C,2024-10-10,1000000.00,3.986104,97.8203125
08:01:17,91282CLM1,TSRYS5893517,D,S,D,2024-10-10,1000000.00,3.985776,97.822265625
08:01:17,91282CLM1,TSRYS5893517,D,S,D,2024-10-10,1000000.00,3.986104,97.8203125
08:01:17,91282CLM1,TSRYS5893517,D,S,D,2024-10-10,1000000.00,3.986104,97.8203125
08:01:17,91282CLM1,TSRYS5893517,D,B,C,2024-10-10,1000000.00,3.986104,97.8203125
08:01:17,91282CLM1,TSRYS5893517,D,S,D,2024-10-10,1000000.00,3.98676,97.81640625
08:01:17,91282CLM1,TSRYS5893517,D,B,C,2024-10-10,1000000.00,3.98676,97.81640625
08:01:17,91282CLM1,TSRYS5893517,D,S,D,2024-10-10,1000000.00,3.978238,97.8671875
08:01:17,91282CLM1,TSRYS5893517,D,B,C,2024-10-10,1000000.00,3.978238,97.8671875
08:01:17,91282CLM1,TSRYS5893517,D,S,D,2024-10-10,1000000.00,3.978238,97.8671875
08:01:17,91282CLM1,TSRYS5893517,D,B,C,2024-10-10,1000000.00,3.978238,97.8671875
08:01:17,91282CLM1,TSRYS5893517,D,B,C,2024-10-10,1000000.00,3.986432,97.818359375
08:01:17,91282CLM1,TSRYS5893517,D,S,D,2024-10-10,1000000.00,3.986432,97.818359375
08:01:18,91282CLM1,TSRYS5893517,D,S,D,2024-10-10,1000000.00,3.988727,97.8046875
08:01:18,91282CLM1,TSRYS5893517,D,S,C,2024-10-10,1000000.00,3.976927,97.875
08:01:18,91282CLM1,TSRYS5893517,D,S,C,2024-10-10,1000000.00,3.976927,97.875
08:01:18,91282CLM1,TSRYS5893517,D,B,C,2024-10-10,1000000.00,3.984793,97.828125
08:01:18,91282CLM1,TSRYS5893517,D,S,D,2024-10-10,1000000.00,3.984793,97.828125
08:01:18,91282CLM1,TSRYS5893517,D,S,D,2024-10-10,1000000.00,3.98512,97.826171875
08:01:18,91282CLM1,TSRYS5893517,D,S,D,2024-10-10,2000000.00,3.986104,97.8203125
08:01:18,91282CLM1,TSRYS5893517,D,B,C,2024-10-10,1000000.00,3.98512,97.826171875
08:01:18,91282CLM1,TSRYS5893517,D,B,C,2024-10-10,2000000.00,3.986104,97.8203125
08:01:18,91282CLM1,TSRYS5893517,D,S,D,2024-10-10,1000000.00,3.987088,97.814453125
08:01:19,91282CLM1,TSRYS5893517,D,S,D,2024-10-10,1000000.00,3.986104,97.8203125
08:01:19,91282CLM1,TSRYS5893517,D,S,D,2024-10-10,1000000.00,3.990039,97.796875
08:01:19,91282CLM1,TSRYS5893517,D,S,D,2024-10-10,1000000.00,3.987415,97.8125
08:01:19,91282CLM1,TSRYS5893517,D,S,D,2024-10-10,1000000.00,3.986432,97.818359375
08:01:19,91282CLM1,TSRYS5893517,D,B,C,2024-10-10,1000000.00,3.990039,97.796875
08:01:19,91282CLM1,TSRYS5893517,D,B,C,2024-10-10,1000000.00,3.990367,97.794921875
08:01:19,91282CLM1,TSRYS5893517,D,S,D,2024-10-10,1000000.00,3.990367,97.794921875
08:01:19,91282CLM1,TSRYS5893517,D,S,D,2024-10-10,1000000.00,3.993975,97.7734375
08:01:19,91282CLM1,TSRYS5893517,D,S,D,2024-10-10,1000000.00,3.993975,97.7734375
08:01:19,91282CLM1,TSRYS5893517,D,B,C,2024-10-10,1000000.00,3.993975,97.7734375
08:01:19,91282CLM1,TSRYS5893517,D,B,C,2024-10-10,1000000.00,3.993975,97.7734375
08:01:19,91282CLM1,TSRYS5893517,D,S,D,2024-10-10,1000000.00,3.993975,97.7734375
08:01:19,91282CLM1,TSRYS5893517,D,S,D,2024-10-10,1000000.00,3.994959,97.767578125
08:01:19,91282CLM1,TSRYS5893517,D,B,C,2024-10-10,1000000.00,3.994959,97.767578125
08:01:19,91282CLM1,TSRYS5893517,D,S,D,2024-10-10,1000000.00,3.996599,97.7578125
08:01:19,91282CLM1,TSRYS5893517,D,S,C,2024-10-10,1000000.00,3.996599,97.7578125
08:01:19,91282CLM1,TSRYS5893517,D,S,D,2024-10-10,1000000.00,3.996599,97.7578125
08:01:19,91282CLM1,TSRYS5893517,D,B,C,2024-10-10,1000000.00,3.976599,97.87695312
08:01:19,91282CLM1,TSRYS5893517,D,S,C,2024-10-10,1000000.00,3.996271,97.759765625
08:01:19,91282CLM1,TSRYS5893517,D,S,D,2024-10-10,1000000.00,3.997912,97.75
08:01:19,91282CLM1,TSRYS5893517,D,S,D,2024-10-10,2000000.00,3.997912,97.75
08:01:19,91282CLM1,TSRYS5893517,D,S,C,2024-10-10,1000000.00,3.999224,97.7421875
08:01:19,91282CLM1,TSRYS5893517,D,S,D,2024-10-10,1000000.00,3.999224,97.7421875
08:01:19,91282CLM1,TSRYS5893517,D,B,C,2024-10-10,1000000.00,3.999224,97.7421875
08:01:19,91282CLM1,TSRYS5893517,D,S,T,2024-10-10,1000000.00,3.971358,97.908203125
08:01:19,91282CLM1,TSRYS5893517,D,S,C,2024-10-10,1000000.00,4.000537,97.734375
08:01:19,91282CLM1,TSRYS5893517,D,S,T,2024-10-10,1000000.00,3.971358,97.908203125
08:01:20,91282CLM1,TSRYS5893517,D,S,T,2024-10-10,1000000.00,3.982192,97.84362
08:01:20,91282CLM1,TSRYS5893517,D,S,D,2024-10-10,1000000.00,3.97791,97.86914062
08:01:20,91282CLM1,TSRYS5893517,D,S,D,2024-10-10,1000000.00,3.97791,97.86914062
08:01:20,91282CLM1,TSRYS5893517,D,S,D,2024-10-10,1000000.00,3.975616,97.8828125
08:01:20,91282CLM1,TSRYS5893517,D,S,D,2024-10-10,1000000.00,3.975616,97.8828125
08:01:20,91282CLM1,TSRYS5893517,D,S,D,2024-10-10,1000000.00,3.975616,97.8828125
08:01:20,91282CLM1,TSRYS5893517,D,B,C,2024-10-10,2000000.00,3.977255,97.87304687
08:01:20,91282CLM1,TSRYS5893517,D,S,D,2024-10-10,1000000.00,3.972341,97.90234375
08:01:20,91282CLM1,TSRYS5893517,D,B,C,2024-10-10,1000000.00,3.972341,97.90234375
08:01:21,91282CLM1,TSRYS5893517,D,B,C,2024-10-10,3000000.00,3.975944,97.88085937
08:01:21,91282CLM1,TSRYS5893517,D,S,D,2024-10-10,1000000.00,4.003491,97.716796875
08:01:21,91282CLM1,TSRYS5893517,D,S,D,2024-10-10,1000000.00,4.003491,97.716796875
08:01:21,91282CLM1,TSRYS5893517,D,S,D,2024-10-10,1000000.00,4.003491,97.716796875
08:01:21,91282CLM1,TSRYS5893517,D,S,D,2024-10-10,1000000.00,3.975616,97.8828125
08:01:21,91282CLM1,TSRYS5893517,D,S,T,2024-10-10,1000000.00,3.975616,97.8828125
08:01:21,91282CLM1,TSRYS5893517,D,S,D,2024-10-10,1000000.00,4.003491,97.716796875
08:01:21,91282CLM1,TSRYS5893517,D,S,D,2024-10-10,1000000.00,4.003491,97.716796875
08:01:21,91282CLM1,TSRYS5893517,D,S,C,2024-10-10,1000000.00,3.975616,97.8828125
08:01:21,91282CLM1,TSRYS5893517,D,S,C,2024-10-10,1000000.00,3.975616,97.8828125
08:01:21,91282CLM1,TSRYS5893517,D,S,D,2024-10-10,1000000.00,4.005461,97.705078125
08:01:21,91282CLM1,TSRYS5893517,D,S,A,2024-10-10,17000000.00,4.00546,97.70508
08:01:22,91282CLM1,TSRYS5893517,D,S,C,2024-10-10,1000000.00,3.975616,97.8828125
08:01:22,91282CLM1,TSRYS5893517,D,S,C,2024-10-10,1000000.00,3.975616,97.8828125
08:01:22,91282CLM1,TSRYS5893517,D,S,C,2024-10-10,1000000.00,3.975616,97.8828125
08:01:22,91282CLM1,TSRYS5893517,D,S,A,2024-10-10,5000000.00,3.999224,97.7421875
08:01:22,91282CLM1,TSRYS5893517,D,S,A,2024-10-10,1000000.00,3.999199,97.7423395
08:01:22,91282CLM1,TSRYS5893517,D,S,A,2024-10-10,1000000.00,3.999199,97.7423395
08:01:22,91282CLM1,TSRYS5893517,D,S,A,2024-10-10,1000000.00,3.999199,97.7423395
08:01:22,91282CLM1,TSRYS5893517,D,S,A,2024-10-10,1000000.00,3.999199,97.7423395
08:01:22,91282CLM1,TSRYS5893517,D,S,A,2024-10-10,1000000.00,3.999199,97.7423395
08:01:22,91282CLM1,TSRYS5893517,D,S,A,2024-10-10,1000000.00,3.999199,97.7423395
08:01:22,91282CLM1,TSRYS5893517,D,S,A,2024-10-10,1000000.00,3.999199,97.7423395
08:01:22,91282CLM1,TSRYS5893517,D,S,A,2024-10-10,1000000.00,3.999199,97.7423395
08:01:22,91282CLM1,TSRYS5893517,D,S,A,2024-10-10,1000000.00,3.999199,97.7423395
08:01:22,91282CLM1,TSRYS5893517,D,S,A,2024-10-10,1000000.00,3.999199,97.7423395
08:01:22,91282CLM1,TSRYS5893517,D,S,C,2024-10-10,1000000.00,3.975616,97.8828125
08:01:22,91282CLM1,TSRYS5893517,D,S,C,2024-10-10,1000000.00,3.975616,97.8828125
08:01:22,91282CLM1,TSRYS5893517,D,S,D,2024-10-10,2000000.00,3.975944,97.880859375
08:01:22,91282CLM1,TSRYS5893517,D,S,D,2024-10-10,1000000.00,3.975616,97.8828125
08:01:22,91282CLM1,TSRYS5893517,D,S,D,2024-10-10,1000000.00,3.975616,97.8828125
08:01:22,91282CLM1,TSRYS5893517,D,S,D,2024-10-10,1000000.00,3.975616,97.8828125
08:01:22,91282CLM1,TSRYS5893517,D,S,D,2024-10-10,3000000.00,4.00185,97.7265625
08:01:22,91282CLM1,TSRYS5893517,D,S,C,2024-10-10,1000000.00,3.975616,97.8828125
08:01:22,91282CLM1,TSRYS5893517,D,S,C,2024-10-10,1000000.00,3.975616,97.8828125
08:01:22,91282CLM1,TSRYS5893517,D,S,C,2024-10-10,1000000.00,3.975616,97.8828125
08:01:22,91282CLM1,TSRYS5893517,D,S,C,2024-10-10,1000000.00,3.975616,97.8828125
08:01:22,91282CLM1,TSRYS5893517,D,S,D,2024-10-10,2000000.00,3.975944,97.880859375
08:01:22,91282CLM1,TSRYS5893517,D,S,C,2024-10-10,1000000.00,3.975616,97.8828125
08:01:22,91282CLM1,TSRYS5893517,D,S,C,2024-10-10,1000000.00,3.975616,97.8828125
08:01:22,91282CLM1,TSRYS5893517,D,S,C,2024-10-10,1000000.00,3.975616,97.8828125
08:01:22,91282CLM1,TSRYS5893517,D,S,T,2024-10-10,1000000.00,3.97565,97.8826125
08:01:22,91282CLM1,TSRYS5893517,D,S,D,2024-10-10,1000000.00,3.975616,97.8828125
08:01:23,91282CLM1,TSRYS5893517,D,S,D,2024-10-10,1000000.00,3.974306,97.890625
08:01:23,91282CLM1,TSRYS5893517,D,S,T,2024-10-10,1000000.00,3.97565,97.8826125
08:01:24,91282CLM1,TSRYS5893517,D,S,T,2024-10-10,1000000.00,4.004476,97.7109375
08:01:24,91282CLM1,TSRYS5893517,D,S,D,2024-10-10,1000000.00,3.972996,97.8984375
08:01:24,91282CLM1,TSRYS5893517,D,S,D,2024-10-10,1000000.00,3.972996,97.8984375
08:01:24,91282CLM1,TSRYS5893517,D,S,T,2024-10-10,1000000.00,3.992684,97.78112
08:01:24,91282CLM1,TSRYS5893517,D,S,D,2024-10-10,1000000.00,3.972341,97.90234375
08:01:24,91282CLM1,TSRYS5893517,D,S,D,2024-10-10,1000000.00,3.972341,97.90234375
08:01:24,91282CLM1,TSRYS5893517,D,S,D,2024-10-10,1000000.00,3.972341,97.90234375
08:01:24,91282CLM1,TSRYS5893517,D,S,D,2024-10-10,1000000.00,3.972341,97.90234375
08:01:24,91282CLM1,TSRYS5893517,D,S,D,2024-10-10,1000000.00,3.971358,97.908203125
08:01:24,91282CLM1,TSRYS5893517,D,S,D,2024-10-10,1000000.00,3.971358,97.908203125
08:01:24,91282CLM1,TSRYS5893517,D,B,C,2024-10-10,1000000.00,3.975289,97.88476562
08:01:25,91282CLM1,TSRYS5893517,D,B,C,2024-10-10,1000000.00,3.976927,97.875
08:01:25,91282CLM1,TSRYS5893517,D,S,D,2024-10-10,1000000.00,3.97791,97.86914062
08:01:25,91282CLM1,TSRYS5893517,D,S,T,2024-10-10,1000000.00,3.97791,97.86914062
08:01:26,91282CLM1,TSRYS5893517,D,S,D,2024-10-10,1000000.00,3.97791,97.86914062
08:01:26,91282CLM1,TSRYS5893517,D,S,D,2024-10-10,1000000.00,3.974306,97.890625
08:01:26,91282CLM1,TSRYS5893517,D,S,T,2024-10-10,1000000.00,3.97791,97.86914062
08:01:26,91282CLM1,TSRYS5893517,D,S,D,2024-10-10,1000000.00,3.974306,97.890625
08:01:26,91282CLM1,TSRYS5893517,D,S,D,2024-10-10,1000000.00,3.974306,97.890625
08:01:26,91282CLM1,TSRYS5893517,D,S,D,2024-10-10,1000000.00,3.97791,97.86914062
08:01:26,91282CLM1,TSRYS5893517,D,S,T,2024-10-10,1000000.00,3.97791,97.86914062
08:01:26,91282CLM1,TSRYS5893517,D,S,D,2024-10-10,1000000.00,3.975616,97.8828125
08:01:26,91282CLM1,TSRYS5893517,D,S,C,2024-10-10,1000000.00,3.975616,97.8828125
08:01:26,91282CLM1,TSRYS5893517,D,S,C,2024-10-10,1000000.00,3.975616,97.8828125
08:01:26,91282CLM1,TSRYS5893517,D,S,C,2024-10-10,1000000.00,3.975616,97.8828125
08:01:26,91282CLM1,TSRYS5893517,D,B,C,2024-10-10,1000000.00,3.978238,97.8671875
08:01:26,91282CLM1,TSRYS5893517,D,S,C,2024-10-10,1000000.00,3.975616,97.8828125
08:01:26,91282CLM1,TSRYS5893517,D,S,D,2024-10-10,1000000.00,3.978238,97.8671875
08:01:26,91282CLM1,TSRYS5893517,D,S,C,2024-10-10,1000000.00,3.975616,97.8828125
08:01:26,91282CLM1,TSRYS5893517,D,S,C,2024-10-10,1000000.00,3.975616,97.8828125
08:01:26,91282CLM1,TSRYS5893517,D,S,C,2024-10-10,1000000.00,3.975616,97.8828125
08:01:26,91282CLM1,TSRYS5893517,D,S,D,2024-10-10,1000000.00,3.978893,97.86328125
08:01:26,91282CLM1,TSRYS5893517,D,S,D,2024-10-10,1000000.00,3.978893,97.86328125
08:01:26,91282CLM1,TSRYS5893517,D,S,D,2024-10-10,1000000.00,3.978893,97.86328125
08:01:26,91282CLM1,TSRYS5893517,D,S,D,2024-10-10,1000000.00,3.978893,97.86328125
08:01:26,91282CLM1,TSRYS5893517,D,S,D,2024-10-10,1000000.00,3.979548,97.859375
08:01:26,91282CLM1,TSRYS5893517,D,S,D,2024-10-10,1000000.00,3.979548,97.859375
08:01:26,91282CLM1,TSRYS5893517,D,S,D,2024-10-10,1000000.00,3.979548,97.859375
08:01:27,91282CLM1,TSRYS5893517,D,S,D,2024-10-10,1000000.00,3.979548,97.859375
08:01:27,91282CLM1,TSRYS5893517,D,B,C,2024-10-10,1000000.00,3.977255,97.87304687
08:01:27,91282CLM1,TSRYS5893517,D,B,C,2024-10-10,3000000.00,3.973651,97.89453125
08:01:27,91282CLM1,TSRYS5893517,D,S,D,2024-10-10,1000000.00,3.978565,97.865234375
08:01:27,91282CLM1,TSRYS5893517,D,S,D,2024-10-10,1000000.00,3.978565,97.865234375
08:01:28,91282CLM1,TSRYS5893517,D,S,D,2024-10-10,1000000.00,3.977582,97.87109375
08:01:28,91282CLM1,TSRYS5893517,D,B,C,2024-10-10,1000000.00,3.977582,97.87109375
08:01:28,91282CLM1,TSRYS5893517,D,S,D,2024-10-10,1000000.00,3.977582,97.87109375
08:01:28,91282CLM1,TSRYS5893517,D,B,C,2024-10-10,1000000.00,3.977582,97.87109375
08:01:28,91282CLM1,TSRYS5893517,D,B,C,2024-10-10,1000000.00,3.976927,97.875
08:01:28,91282CLM1,TSRYS5893517,D,S,D,2024-10-10,1000000.00,3.976927,97.875
08:01:28,91282CLM1,TSRYS5893517,D,B,C,2024-10-10,1000000.00,3.976927,97.875
08:01:28,91282CLM1,TSRYS5893517,D,S,C,2024-10-10,1000000.00,3.976927,97.875
08:01:28,91282CLM1,TSRYS5893517,D,S,D,2024-10-10,1000000.00,3.975289,97.884765625
08:01:28,91282CLM1,TSRYS5893517,D,S,D,2024-10-10,1000000.00,3.975289,97.884765625
08:01:28,91282CLM1,TSRYS5893517,D,S,C,2024-10-10,1000000.00,3.975289,97.884765625
08:01:28,91282CLM1,TSRYS5893517,D,S,C,2024-10-10,1000000.00,3.975616,97.8828125
08:01:28,91282CLM1,TSRYS5893517,D,S,T,2024-10-10,1000000.00,4.005789,97.703125
08:01:28,91282CLM1,TSRYS5893517,D,S,T,2024-10-10,1000000.00,4.005789,97.703125
08:01:28,91282CLM1,TSRYS5893517,D,S,T,2024-10-10,1000000.00,4.005132,97.70703125
08:01:28,91282CLM1,TSRYS5893517,D,S,T,2024-10-10,1000000.00,4.005789,97.703125
08:01:28,91282CLM1,TSRYS5893517,D,S,T,2024-10-10,1000000.00,4.005789,97.703125
08:01:28,91282CLM1,TSRYS5893517,D,S,T,2024-10-10,1000000.00,4.005789,97.703125
08:01:28,91282CLM1,TSRYS5893517,D,S,C,2024-10-10,1000000.00,3.974634,97.888671875
08:01:28,91282CLM1,TSRYS5893517,D,S,T,2024-10-10,2000000.00,4.005461,97.705078125
08:01:28,91282CLM1,TSRYS5893517,D,S,T,2024-10-10,2000000.00,4.005789,97.703125
08:01:28,91282CLM1,TSRYS5893517,D,S,T,2024-10-10,2000000.00,4.005132,97.70703125
08:01:28,91282CLM1,TSRYS5893517,D,S,T,2024-10-10,1000000.00,4.005789,97.703125
08:01:28,91282CLM1,TSRYS5893517,D,S,T,2024-10-10,1000000.00,4.005789,97.703125
08:01:29,91282CLM1,TSRYS5893517,D,S,T,2024-10-10,3000000.00,4.005789,97.703125
08:01:29,91282CLM1,TSRYS5893517,D,S,D,2024-10-10,1000000.00,3.974961,97.88671875
08:01:29,91282CLM1,TSRYS5893517,D,S,D,2024-10-10,1000000.00,3.974961,97.88671875
08:01:29,91282CLM1,TSRYS5893517,D,B,C,2024-10-10,1000000.00,3.974306,97.890625
08:01:29,91282CLM1,TSRYS5893517,D,S,D,2024-10-10,1000000.00,3.974306,97.890625
08:01:29,91282CLM1,TSRYS5893517,D,S,T,2024-10-10,1000000.00,3.993997,97.7733075
08:01:29,91282CLM1,TSRYS5893517,D,S,D,2024-10-10,1000000.00,3.974961,97.88671875
08:01:29,91282CLM1,TSRYS5893517,D,S,D,2024-10-10,1000000.00,3.974961,97.88671875
08:01:29,91282CLM1,TSRYS5893517,D,S,D,2024-10-10,1000000.00,3.974961,97.88671875
08:01:29,91282CLM1,TSRYS5893517,D,S,D,2024-10-10,1000000.00,3.974961,97.88671875
08:01:29,91282CLM1,TSRYS5893517,D,S,D,2024-10-10,1000000.00,3.974634,97.888671875
08:01:30,91282CLM1,TSRYS5893517,D,S,D,2024-10-10,28000000.00,3.975503,97.88349
08:01:30,91282CLM1,TSRYS5893517,D,B,C,2024-10-10,2000000.00,3.973079,97.89794
08:01:30,91282CLM1,TSRYS5893517,D,S,D,2024-10-10,1000000.00,3.976272,97.87890625
08:01:30,91282CLM1,TSRYS5893517,D,S,D,2024-10-10,1000000.00,3.976272,97.87890625
08:01:30,91282CLM1,TSRYS5893517,D,S,D,2024-10-10,75000000.00,3.977289,97.87284
08:01:30,91282CLM1,TSRYS5893517,D,B,C,2024-10-10,25000000.00,3.974699,97.88828
08:01:30,91282CLM1,TSRYS5893517,D,S,T,2024-10-10,1000000.00,3.995309,97.765495
08:01:31,91282CLM1,TSRYS5893517,D,S,D,2024-10-10,1000000.00,3.974961,97.88671875
08:01:31,91282CLM1,TSRYS5893517,D,S,D,2024-10-10,1000000.00,3.974961,97.88671875
