tradeTime,cusip,issueSymbolIdentifier,priceType,reportingSideCode,contraPartyTypeCode,tradeDate,reportedTradeVolume,lastSaleYield,lastSalePrice
08:00:03,91282CKN0,TSRYS5793018,D,B,C,2024-05-08,4800000.00,4.464278,100.953125
08:00:03,91282CKN0,TSRYS5793018,D,S,C,2024-05-08,4800000.00,4.470821,100.9140625
08:00:04,91282CKN0,TSRYS5793018,D,S,T,2024-05-08,1000000.00,4.458064,100.990234375
08:00:07,91282CKN0,TSRYS5793018,D,S,T,2024-05-08,4000000.00,4.463624,100.95703125
08:00:07,91282CKN0,TSRYS5793018,D,S,T,2024-05-08,4000000.00,4.463624,100.95703125
08:00:07,91282CKN0,TSRYS5793018,D,S,T,2024-05-08,4000000.00,4.466241,100.94140625
08:00:07,91282CKN0,TSRYS5793018,D,S,T,2024-05-08,1000000.00,4.464278,100.953125
08:00:07,91282CKN0,TSRYS5793018,D,S,D,2024-05-08,2000000.00,4.474749,100.890625
08:00:07,91282CKN0,TSRYS5793018,D,S,T,2024-05-08,1000000.00,4.461661,100.96875
08:00:07,91282CKN0,TSRYS5793018,D,S,D,2024-05-08,1000000.00,4.466895,100.9375
08:00:07,91282CKN0,TSRYS5793018,D,S,D,2024-05-08,1000000.00,4.471476,100.91015625
08:00:07,91282CKN0,TSRYS5793018,D,S,T,2024-05-08,2000000.00,4.471476,100.91015625
08:00:07,91282CKN0,TSRYS5793018,D,S,D,2024-05-08,2000000.00,4.471476,100.91015625
08:00:07,91282CKN0,TSRYS5793018,D,S,D,2024-05-08,2000000.00,4.479987,100.859375
08:00:07,91282CKN0,TSRYS5793018,D,S,D,2024-05-08,2000000.00,4.479987,100.859375
08:00:07,91282CKN0,TSRYS5793018,D,S,D,2024-05-08,1000000.00,4.480314,100.857421875
08:00:07,91282CKN0,TSRYS5793018,D,S,D,2024-05-08,1000000.00,4.479987,100.859375
08:00:07,91282CKN0,TSRYS5793018,D,S,D,2024-05-08,1000000.00,4.479987,100.859375
08:00:07,91282CKN0,TSRYS5793018,D,S,D,2024-05-08,1000000.00,4.479987,100.859375
08:00:07,91282CKN0,TSRYS5793018,D,S,D,2024-05-08,2000000.00,4.481297,100.8515625
08:00:07,91282CKN0,TSRYS5793018,D,S,D,2024-05-08,1000000.00,4.481297,100.8515625
08:00:07,91282CKN0,TSRYS5793018,D,S,T,2024-05-08,1000000.00,4.481297,100.8515625
08:00:07,91282CKN0,TSRYS5793018,D,S,D,2024-05-08,2000000.00,4.481297,100.8515625
08:00:07,91282CKN0,TSRYS5793018,D,S,D,2024-05-08,2000000.00,4.481297,100.8515625
08:00:07,91282CKN0,TSRYS5793018,D,S,D,2024-05-08,1000000.00,4.479987,100.859375
08:00:07,91282CKN0,TSRYS5793018,D,S,D,2024-05-08,1000000.00,4.479987,100.859375
08:00:07,91282CKN0,TSRYS5793018,D,S,D,2024-05-08,1000000.00,4.479987,100.859375
08:00:07,91282CKN0,TSRYS5793018,D,S,T,2024-05-08,2000000.00,4.477368,100.875
08:00:07,91282CKN0,TSRYS5793018,D,S,T,2024-05-08,1000000.00,4.477368,100.875
08:00:07,91282CKN0,TSRYS5793018,D,S,T,2024-05-08,1000000.00,4.477368,100.875
08:00:07,91282CKN0,TSRYS5793018,D,S,D,2024-05-08,1000000.00,4.477368,100.875
08:00:07,91282CKN0,TSRYS5793018,D,S,T,2024-05-08,1000000.00,4.47835,100.869140625
08:00:07,91282CKN0,TSRYS5793018,D,S,D,2024-05-08,3000000.00,4.48752,100.814453125
08:00:07,91282CKN0,TSRYS5793018,D,S,D,2024-05-08,3000000.00,4.487848,100.8125
08:00:07,91282CKN0,TSRYS5793018,D,S,D,2024-05-08,3000000.00,4.487848,100.8125
08:00:07,91282CKN0,TSRYS5793018,D,S,T,2024-05-08,5000000.00,4.487848,100.8125
08:00:07,91282CKN0,TSRYS5793018,D,S,D,2024-05-08,3000000.00,4.489814,100.80078125
08:00:07,91282CKN0,TSRYS5793018,D,S,D,2024-05-08,3000000.00,4.490142,100.798828125
08:00:07,91282CKN0,TSRYS5793018,D,S,D,2024-05-08,3000000.00,4.490142,100.798828125
08:00:07,91282CKN0,TSRYS5793018,D,S,D,2024-05-08,3000000.00,4.490142,100.798828125
08:00:07,91282CKN0,TSRYS5793018,D,S,D,2024-05-08,3000000.00,4.490142,100.798828125
08:00:07,91282CKN0,TSRYS5793018,D,S,T,2024-05-08,1000000.00,4.485227,100.828125
08:00:07,91282CKN0,TSRYS5793018,D,S,D,2024-05-08,1000000.00,4.481624,100.849609375
08:00:07,91282CKN0,TSRYS5793018,D,S,D,2024-05-08,1000000.00,4.481624,100.849609375
08:00:07,91282CKN0,TSRYS5793018,D,S,T,2024-05-08,1000000.00,4.48621,100.822265625
08:00:07,91282CKN0,TSRYS5793018,D,S,T,2024-05-08,1000000.00,4.48621,100.822265625
08:00:07,91282CKN0,TSRYS5793018,D,S,D,2024-05-08,1000000.00,4.48621,100.822265625
08:00:07,91282CKN0,TSRYS5793018,D,S,D,2024-05-08,1000000.00,4.48621,100.822265625
08:00:07,91282CKN0,TSRYS5793018,D,S,D,2024-05-08,1000000.00,4.485555,100.826171875
08:00:07,91282CKN0,TSRYS5793018,D,S,D,2024-05-08,3000000.00,4.485555,100.826171875
08:00:07,91282CKN0,TSRYS5793018,D,S,D,2024-05-08,2000000.00,4.485227,100.828125
08:00:07,91282CKN0,TSRYS5793018,D,S,D,2024-05-08,1000000.00,4.485227,100.828125
08:00:07,91282CKN0,TSRYS5793018,D,S,T,2024-05-08,2000000.00,4.483917,100.8359375
08:00:10,91282CKN0,TSRYS5793018,D,S,C,2024-05-08,50000.00,4.482607,100.84375
08:00:10,91282CKN0,TSRYS5793018,D,S,C,2024-05-08,7200000.00,4.483917,100.8359375
08:00:10,91282CKN0,TSRYS5793018,D,S,T,2024-05-08,1000000.00,4.455122,101.0078125
08:00:10,91282CKN0,TSRYS5793018,D,S,T,2024-05-08,1000000.00,4.457737,100.9921875
08:00:10,91282CKN0,TSRYS5793018,D,S,T,2024-05-08,1000000.00,4.457737,100.9921875
08:00:10,91282CKN0,TSRYS5793018,D,S,T,2024-05-08,1000000.00,4.460353,100.9765625
08:00:10,91282CKN0,TSRYS5793018,D,S,T,2024-05-08,1000000.00,4.460353,100.9765625
08:00:10,91282CKN0,TSRYS5793018,D,S,T,2024-05-08,1000000.00,4.460353,100.9765625
08:00:10,91282CKN0,TSRYS5793018,D,S,T,2024-05-08,1000000.00,4.464278,100.953125
08:00:10,91282CKN0,TSRYS5793018,D,S,T,2024-05-08,1000000.00,4.464278,100.953125
08:00:10,91282CKN0,TSRYS5793018,D,S,T,2024-05-08,1000000.00,4.463624,100.95703125
08:00:10,91282CKN0,TSRYS5793018,D,S,T,2024-05-08,1000000.00,4.463624,100.95703125
08:00:10,91282CKN0,TSRYS5793018,D,S,T,2024-05-08,1000000.00,4.462969,100.9609375
08:00:10,91282CKN0,TSRYS5793018,D,S,T,2024-05-08,1000000.00,4.477368,100.875
08:00:10,91282CKN0,TSRYS5793018,D,S,T,2024-05-08,1000000.00,4.476058,100.8828125
08:00:10,91282CKN0,TSRYS5793018,D,S,T,2024-05-08,1000000.00,4.473439,100.8984375
08:00:10,91282CKN0,TSRYS5793018,D,S,T,2024-05-08,1000000.00,4.471476,100.91015625
08:00:10,91282CKN0,TSRYS5793018,D,S,T,2024-05-08,1000000.00,4.474749,100.890625
08:00:10,91282CKN0,TSRYS5793018,D,S,T,2024-05-08,1000000.00,4.471803,100.908203125
08:00:10,91282CKN0,TSRYS5793018,D,S,T,2024-05-08,1000000.00,4.468858,100.92578125
08:00:10,91282CKN0,TSRYS5793018,D,S,T,2024-05-08,1000000.00,4.468858,100.92578125
08:00:10,91282CKN0,TSRYS5793018,D,S,T,2024-05-08,1000000.00,4.470821,100.9140625
08:00:10,91282CKN0,TSRYS5793018,D,S,D,2024-05-08,1000000.00,4.476385,100.880859375
08:00:10,91282CKN0,TSRYS5793018,D,S,D,2024-05-08,1000000.00,4.479987,100.859375
08:00:10,91282CKN0,TSRYS5793018,D,S,T,2024-05-08,1000000.00,4.482279,100.845703125
08:00:10,91282CKN0,TSRYS5793018,D,S,T,2024-05-08,1000000.00,4.482279,100.845703125
08:00:14,91282CKN0,TSRYS5793018,D,S,D,2024-05-08,1000000.00,4.45218,101.025390625
08:00:16,91282CKN0,TSRYS5793018,D,S,D,2024-05-08,2000000.00,4.462969,100.9609375
08:00:16,91282CKN0,TSRYS5793018,D,S,D,2024-05-08,1000000.00,4.462969,100.9609375
08:00:30,91282CKN0,TSRYS5793018,D,S,T,2024-05-08,1000000.00,4.453815,101.015625
08:00:30,91282CKN0,TSRYS5793018,D,S,T,2024-05-08,2000000.00,4.4512,101.03125
08:00:30,91282CKN0,TSRYS5793018,D,S,T,2024-05-08,1000000.00,4.4512,101.03125
08:00:30,91282CKN0,TSRYS5793018,D,S,T,2024-05-08,2000000.00,4.458064,100.990234375
08:00:30,91282CKN0,TSRYS5793018,D,S,T,2024-05-08,1000000.00,4.457737,100.9921875
08:00:30,91282CKN0,TSRYS5793018,D,S,T,2024-05-08,1000000.00,4.461661,100.96875
08:00:30,91282CKN0,TSRYS5793018,D,S,T,2024-05-08,1000000.00,4.461661,100.96875
08:00:30,91282CKN0,TSRYS5793018,D,S,T,2024-05-08,1000000.00,4.461661,100.96875
08:00:30,91282CKN0,TSRYS5793018,D,S,T,2024-05-08,1000000.00,4.461661,100.96875
08:00:30,91282CKN0,TSRYS5793018,D,S,T,2024-05-08,1000000.00,4.461661,100.96875
08:00:30,91282CKN0,TSRYS5793018,D,S,T,2024-05-08,1000000.00,4.461661,100.96875
08:00:30,91282CKN0,TSRYS5793018,D,S,T,2024-05-08,1000000.00,4.461661,100.96875
08:00:30,91282CKN0,TSRYS5793018,D,S,T,2024-05-08,1000000.00,4.464278,100.953125
08:00:30,91282CKN0,TSRYS5793018,D,S,T,2024-05-08,1000000.00,4.462969,100.9609375
08:00:30,91282CKN0,TSRYS5793018,D,S,T,2024-05-08,1000000.00,4.462969,100.9609375
08:00:30,91282CKN0,TSRYS5793018,D,S,T,2024-05-08,1000000.00,4.461661,100.96875
08:00:30,91282CKN0,TSRYS5793018,D,S,T,2024-05-08,1000000.00,4.461661,100.96875
08:00:30,91282CKN0,TSRYS5793018,D,S,T,2024-05-08,3000000.00,4.462969,100.9609375
08:00:30,91282CKN0,TSRYS5793018,D,S,T,2024-05-08,1000000.00,4.462969,100.9609375
08:00:30,91282CKN0,TSRYS5793018,D,S,T,2024-05-08,1000000.00,4.464278,100.953125
08:00:30,91282CKN0,TSRYS5793018,D,S,T,2024-05-08,1000000.00,4.464278,100.953125
08:00:30,91282CKN0,TSRYS5793018,D,S,T,2024-05-08,2000000.00,4.464278,100.953125
08:00:30,91282CKN0,TSRYS5793018,D,S,T,2024-05-08,1000000.00,4.465586,100.9453125
08:00:30,91282CKN0,TSRYS5793018,D,S,T,2024-05-08,1000000.00,4.465586,100.9453125
08:00:30,91282CKN0,TSRYS5793018,D,S,T,2024-05-08,1000000.00,4.465586,100.9453125
08:00:30,91282CKN0,TSRYS5793018,D,S,T,2024-05-08,1000000.00,4.465586,100.9453125
08:00:30,91282CKN0,TSRYS5793018,D,S,T,2024-05-08,1000000.00,4.466241,100.94140625
08:00:30,91282CKN0,TSRYS5793018,D,S,T,2024-05-08,1000000.00,4.466241,100.94140625
08:00:30,91282CKN0,TSRYS5793018,D,S,T,2024-05-08,1000000.00,4.466895,100.9375
08:00:30,91282CKN0,TSRYS5793018,D,S,T,2024-05-08,1000000.00,4.466895,100.9375
08:00:30,91282CKN0,TSRYS5793018,D,S,T,2024-05-08,3000000.00,4.470167,100.91796875
08:00:30,91282CKN0,TSRYS5793018,D,S,T,2024-05-08,1000000.00,4.469512,100.921875
08:00:30,91282CKN0,TSRYS5793018,D,S,T,2024-05-08,1000000.00,4.47213,100.90625
08:00:30,91282CKN0,TSRYS5793018,D,S,T,2024-05-08,1000000.00,4.47213,100.90625
08:00:30,91282CKN0,TSRYS5793018,D,S,T,2024-05-08,2000000.00,4.47213,100.90625
08:00:30,91282CKN0,TSRYS5793018,D,S,T,2024-05-08,1000000.00,4.47213,100.90625
08:00:30,91282CKN0,TSRYS5793018,D,S,T,2024-05-08,1000000.00,4.47213,100.90625
08:00:30,91282CKN0,TSRYS5793018,D,S,T,2024-05-08,1000000.00,4.47213,100.90625
08:00:30,91282CKN0,TSRYS5793018,D,S,T,2024-05-08,1000000.00,4.47213,100.90625
08:00:30,91282CKN0,TSRYS5793018,D,S,T,2024-05-08,1000000.00,4.47213,100.90625
08:00:30,91282CKN0,TSRYS5793018,D,S,T,2024-05-08,1000000.00,4.47213,100.90625
08:00:30,91282CKN0,TSRYS5793018,D,S,T,2024-05-08,1000000.00,4.47213,100.90625
08:00:30,91282CKN0,TSRYS5793018,D,S,T,2024-05-08,1000000.00,4.47213,100.90625
08:00:30,91282CKN0,TSRYS5793018,D,S,T,2024-05-08,1000000.00,4.47213,100.90625
08:00:30,91282CKN0,TSRYS5793018,D,S,T,2024-05-08,1000000.00,4.47213,100.90625
08:00:30,91282CKN0,TSRYS5793018,D,S,T,2024-05-08,1000000.00,4.47213,100.90625
08:00:30,91282CKN0,TSRYS5793018,D,S,T,2024-05-08,3000000.00,4.470167,100.91796875
08:00:30,91282CKN0,TSRYS5793018,D,S,T,2024-05-08,1000000.00,4.474749,100.890625
08:00:30,91282CKN0,TSRYS5793018,D,S,T,2024-05-08,1000000.00,4.474749,100.890625
08:00:30,91282CKN0,TSRYS5793018,D,S,T,2024-05-08,1000000.00,4.475076,100.888671875
08:00:30,91282CKN0,TSRYS5793018,D,S,T,2024-05-08,1000000.00,4.474749,100.890625
08:00:30,91282CKN0,TSRYS5793018,D,S,T,2024-05-08,1000000.00,4.477368,100.875
08:00:30,91282CKN0,TSRYS5793018,D,S,T,2024-05-08,1000000.00,4.477368,100.875
08:00:30,91282CKN0,TSRYS5793018,D,S,T,2024-05-08,1000000.00,4.477368,100.875
08:00:30,91282CKN0,TSRYS5793018,D,S,T,2024-05-08,1000000.00,4.477368,100.875
08:00:30,91282CKN0,TSRYS5793018,D,S,T,2024-05-08,1000000.00,4.477368,100.875
08:00:30,91282CKN0,TSRYS5793018,D,S,T,2024-05-08,1000000.00,4.477368,100.875
08:00:30,91282CKN0,TSRYS5793018,D,S,T,2024-05-08,1000000.00,4.477368,100.875
08:00:30,91282CKN0,TSRYS5793018,D,S,T,2024-05-08,1000000.00,4.477368,100.875
08:00:30,91282CKN0,TSRYS5793018,D,S,T,2024-05-08,1000000.00,4.477368,100.875
08:00:30,91282CKN0,TSRYS5793018,D,S,T,2024-05-08,1000000.00,4.477368,100.875
08:00:30,91282CKN0,TSRYS5793018,D,S,T,2024-05-08,1000000.00,4.477368,100.875
08:00:30,91282CKN0,TSRYS5793018,D,S,T,2024-05-08,1000000.00,4.477368,100.875
08:00:30,91282CKN0,TSRYS5793018,D,S,T,2024-05-08,1000000.00,4.474749,100.890625
08:00:30,91282CKN0,TSRYS5793018,D,S,T,2024-05-08,1000000.00,4.474749,100.890625
08:00:30,91282CKN0,TSRYS5793018,D,S,T,2024-05-08,1000000.00,4.47213,100.90625
08:00:30,91282CKN0,TSRYS5793018,D,S,T,2024-05-08,1000000.00,4.47213,100.90625
08:00:30,91282CKN0,TSRYS5793018,D,S,T,2024-05-08,1000000.00,4.47213,100.90625
08:00:30,91282CKN0,TSRYS5793018,D,S,T,2024-05-08,1000000.00,4.47213,100.90625
08:00:30,91282CKN0,TSRYS5793018,D,S,T,2024-05-08,1000000.00,4.47213,100.90625
08:00:30,91282CKN0,TSRYS5793018,D,S,T,2024-05-08,1000000.00,4.474749,100.890625
08:00:30,91282CKN0,TSRYS5793018,D,S,T,2024-05-08,1000000.00,4.474749,100.890625
08:00:30,91282CKN0,TSRYS5793018,D,S,T,2024-05-08,1000000.00,4.474749,100.890625
08:00:30,91282CKN0,TSRYS5793018,D,S,T,2024-05-08,1000000.00,4.474749,100.890625
08:00:30,91282CKN0,TSRYS5793018,D,S,T,2024-05-08,1000000.00,4.47213,100.90625
08:00:30,91282CKN0,TSRYS5793018,D,S,T,2024-05-08,1000000.00,4.47213,100.90625
08:00:30,91282CKN0,TSRYS5793018,D,S,T,2024-05-08,1000000.00,4.47213,100.90625
08:00:30,91282CKN0,TSRYS5793018,D,S,T,2024-05-08,1000000.00,4.47213,100.90625
08:00:30,91282CKN0,TSRYS5793018,D,S,T,2024-05-08,1000000.00,4.47213,100.90625
08:00:30,91282CKN0,TSRYS5793018,D,S,T,2024-05-08,1000000.00,4.47213,100.90625
08:00:30,91282CKN0,TSRYS5793018,D,S,T,2024-05-08,1000000.00,4.47213,100.90625
08:00:30,91282CKN0,TSRYS5793018,D,S,T,2024-05-08,1000000.00,4.47213,100.90625
08:00:30,91282CKN0,TSRYS5793018,D,S,T,2024-05-08,1000000.00,4.47213,100.90625
08:00:30,91282CKN0,TSRYS5793018,D,S,T,2024-05-08,1000000.00,4.472785,100.90234375
08:00:30,91282CKN0,TSRYS5793018,D,S,T,2024-05-08,1000000.00,4.47213,100.90625
08:00:30,91282CKN0,TSRYS5793018,D,S,T,2024-05-08,1000000.00,4.47213,100.90625
08:00:30,91282CKN0,TSRYS5793018,D,S,T,2024-05-08,1000000.00,4.47213,100.90625
08:00:30,91282CKN0,TSRYS5793018,D,S,T,2024-05-08,2000000.00,4.47213,100.90625
08:00:30,91282CKN0,TSRYS5793018,D,S,T,2024-05-08,1000000.00,4.464278,100.953125
08:00:30,91282CKN0,TSRYS5793018,D,S,T,2024-05-08,1000000.00,4.467876,100.931640625
08:00:30,91282CKN0,TSRYS5793018,D,S,T,2024-05-08,1000000.00,4.466895,100.9375
08:00:30,91282CKN0,TSRYS5793018,D,S,T,2024-05-08,1000000.00,4.471148,100.912109375
08:00:30,91282CKN0,TSRYS5793018,D,S,T,2024-05-08,1000000.00,4.474749,100.890625
08:00:30,91282CKN0,TSRYS5793018,D,S,T,2024-05-08,1000000.00,4.474749,100.890625
08:00:30,91282CKN0,TSRYS5793018,D,S,T,2024-05-08,1000000.00,4.474749,100.890625
08:00:30,91282CKN0,TSRYS5793018,D,S,T,2024-05-08,1000000.00,4.474749,100.890625
08:00:30,91282CKN0,TSRYS5793018,D,S,T,2024-05-08,1000000.00,4.474749,100.890625
08:00:30,91282CKN0,TSRYS5793018,D,S,T,2024-05-08,1000000.00,4.474749,100.890625
08:00:30,91282CKN0,TSRYS5793018,D,S,T,2024-05-08,1000000.00,4.474749,100.890625
08:00:30,91282CKN0,TSRYS5793018,D,S,T,2024-05-08,1000000.00,4.47213,100.90625
08:00:30,91282CKN0,TSRYS5793018,D,S,T,2024-05-08,1000000.00,4.47213,100.90625
08:00:30,91282CKN0,TSRYS5793018,D,S,T,2024-05-08,1000000.00,4.466895,100.9375
08:00:30,91282CKN0,TSRYS5793018,D,S,T,2024-05-08,1000000.00,4.466895,100.9375
08:00:30,91282CKN0,TSRYS5793018,D,S,T,2024-05-08,1000000.00,4.466895,100.9375
08:00:30,91282CKN0,TSRYS5793018,D,S,T,2024-05-08,1000000.00,4.466895,100.9375
08:00:30,91282CKN0,TSRYS5793018,D,S,T,2024-05-08,1000000.00,4.466895,100.9375
08:00:30,91282CKN0,TSRYS5793018,D,S,T,2024-05-08,1000000.00,4.459045,100.984375
08:00:30,91282CKN0,TSRYS5793018,D,S,T,2024-05-08,1000000.00,4.458391,100.98828125
08:00:30,91282CKN0,TSRYS5793018,D,S,T,2024-05-08,1000000.00,4.458718,100.986328125
08:00:30,91282CKN0,TSRYS5793018,D,S,T,2024-05-08,1000000.00,4.466895,100.9375
08:00:30,91282CKN0,TSRYS5793018,D,S,T,2024-05-08,1000000.00,4.469512,100.921875
08:00:30,91282CKN0,TSRYS5793018,D,S,T,2024-05-08,1000000.00,4.469512,100.921875
08:00:30,91282CKN0,TSRYS5793018,D,S,T,2024-05-08,1000000.00,4.469512,100.921875
08:00:30,91282CKN0,TSRYS5793018,D,S,T,2024-05-08,1000000.00,4.469512,100.921875
08:00:30,91282CKN0,TSRYS5793018,D,S,T,2024-05-08,1000000.00,4.467876,100.931640625
08:00:30,91282CKN0,TSRYS5793018,D,S,T,2024-05-08,1000000.00,4.469512,100.921875
08:00:30,91282CKN0,TSRYS5793018,D,S,T,2024-05-08,3000000.00,4.469512,100.921875
08:00:30,91282CKN0,TSRYS5793018,D,S,T,2024-05-08,1000000.00,4.469512,100.921875
08:00:30,91282CKN0,TSRYS5793018,D,S,T,2024-05-08,2000000.00,4.469512,100.921875
08:00:30,91282CKN0,TSRYS5793018,D,S,T,2024-05-08,1000000.00,4.469512,100.921875
08:00:30,91282CKN0,TSRYS5793018,D,S,T,2024-05-08,1000000.00,4.468858,100.92578125
08:00:30,91282CKN0,TSRYS5793018,D,S,T,2024-05-08,1000000.00,4.469512,100.921875
08:00:30,91282CKN0,TSRYS5793018,D,S,T,2024-05-08,1000000.00,4.469512,100.921875
08:00:30,91282CKN0,TSRYS5793018,D,S,T,2024-05-08,1000000.00,4.469512,100.921875
08:00:30,91282CKN0,TSRYS5793018,D,S,T,2024-05-08,1000000.00,4.469512,100.921875
08:00:30,91282CKN0,TSRYS5793018,D,S,T,2024-05-08,1000000.00,4.470821,100.9140625
08:00:30,91282CKN0,TSRYS5793018,D,S,T,2024-05-08,1000000.00,4.47213,100.90625
08:00:30,91282CKN0,TSRYS5793018,D,S,T,2024-05-08,1000000.00,4.47213,100.90625
08:00:30,91282CKN0,TSRYS5793018,D,S,T,2024-05-08,1000000.00,4.47213,100.90625
08:00:30,91282CKN0,TSRYS5793018,D,S,T,2024-05-08,2000000.00,4.47213,100.90625
08:00:30,91282CKN0,TSRYS5793018,D,S,T,2024-05-08,1000000.00,4.47213,100.90625
08:00:30,91282CKN0,TSRYS5793018,D,S,T,2024-05-08,1000000.00,4.47213,100.90625
08:00:30,91282CKN0,TSRYS5793018,D,S,T,2024-05-08,1000000.00,4.474749,100.890625
08:00:30,91282CKN0,TSRYS5793018,D,S,T,2024-05-08,2000000.00,4.477368,100.875
08:00:30,91282CKN0,TSRYS5793018,D,S,T,2024-05-08,2000000.00,4.479987,100.859375
08:00:30,91282CKN0,TSRYS5793018,D,S,T,2024-05-08,2000000.00,4.479987,100.859375
08:00:30,91282CKN0,TSRYS5793018,D,S,T,2024-05-08,1000000.00,4.479987,100.859375
08:00:30,91282CKN0,TSRYS5793018,D,S,T,2024-05-08,1000000.00,4.479987,100.859375
08:00:30,91282CKN0,TSRYS5793018,D,S,T,2024-05-08,1000000.00,4.479987,100.859375
08:00:30,91282CKN0,TSRYS5793018,D,S,T,2024-05-08,1000000.00,4.479987,100.859375
08:00:30,91282CKN0,TSRYS5793018,D,S,T,2024-05-08,2000000.00,4.479987,100.859375
08:00:30,91282CKN0,TSRYS5793018,D,S,T,2024-05-08,1000000.00,4.479987,100.859375
08:00:30,91282CKN0,TSRYS5793018,D,S,T,2024-05-08,1000000.00,4.479987,100.859375
08:00:30,91282CKN0,TSRYS5793018,D,S,T,2024-05-08,1000000.00,4.477368,100.875
08:00:30,91282CKN0,TSRYS5793018,D,S,T,2024-05-08,1000000.00,4.477368,100.875
08:00:30,91282CKN0,TSRYS5793018,D,S,T,2024-05-08,2000000.00,4.477368,100.875
08:00:30,91282CKN0,TSRYS5793018,D,S,T,2024-05-08,2000000.00,4.477368,100.875
08:00:30,91282CKN0,TSRYS5793018,D,S,T,2024-05-08,2000000.00,4.477368,100.875
08:00:30,91282CKN0,TSRYS5793018,D,S,T,2024-05-08,2000000.00,4.477368,100.875
08:00:30,91282CKN0,TSRYS5793018,D,S,T,2024-05-08,1000000.00,4.477368,100.875
08:00:30,91282CKN0,TSRYS5793018,D,S,T,2024-05-08,1000000.00,4.477368,100.875
08:00:30,91282CKN0,TSRYS5793018,D,S,T,2024-05-08,2000000.00,4.477368,100.875
08:00:30,91282CKN0,TSRYS5793018,D,S,T,2024-05-08,1000000.00,4.477368,100.875
08:00:30,91282CKN0,TSRYS5793018,D,S,T,2024-05-08,1000000.00,4.477368,100.875
08:00:30,91282CKN0,TSRYS5793018,D,S,T,2024-05-08,2000000.00,4.477368,100.875
08:00:30,91282CKN0,TSRYS5793018,D,S,T,2024-05-08,2000000.00,4.477368,100.875
08:00:30,91282CKN0,TSRYS5793018,D,S,T,2024-05-08,1000000.00,4.482607,100.84375
08:00:30,91282CKN0,TSRYS5793018,D,S,T,2024-05-08,1000000.00,4.482607,100.84375
08:00:30,91282CKN0,TSRYS5793018,D,S,T,2024-05-08,2000000.00,4.482607,100.84375
08:00:30,91282CKN0,TSRYS5793018,D,S,T,2024-05-08,2000000.00,4.482607,100.84375
08:00:30,91282CKN0,TSRYS5793018,D,S,T,2024-05-08,1000000.00,4.482607,100.84375
08:00:30,91282CKN0,TSRYS5793018,D,S,T,2024-05-08,1000000.00,4.482607,100.84375
08:00:30,91282CKN0,TSRYS5793018,D,S,T,2024-05-08,1000000.00,4.482607,100.84375
08:00:30,91282CKN0,TSRYS5793018,D,S,T,2024-05-08,2000000.00,4.487848,100.8125
08:00:30,91282CKN0,TSRYS5793018,D,S,T,2024-05-08,2000000.00,4.48752,100.814453125
08:00:30,91282CKN0,TSRYS5793018,D,S,T,2024-05-08,1000000.00,4.482934,100.841796875
08:00:30,91282CKN0,TSRYS5793018,D,S,T,2024-05-08,1000000.00,4.482934,100.841796875
08:00:30,91282CKN0,TSRYS5793018,D,S,T,2024-05-08,1000000.00,4.483917,100.8359375
08:00:30,91282CKN0,TSRYS5793018,D,S,T,2024-05-08,1000000.00,4.485227,100.828125
08:00:30,91282CKN0,TSRYS5793018,D,S,T,2024-05-08,1000000.00,4.485227,100.828125
08:00:30,91282CKN0,TSRYS5793018,D,S,T,2024-05-08,2000000.00,4.485227,100.828125
08:00:30,91282CKN0,TSRYS5793018,D,S,T,2024-05-08,1000000.00,4.483917,100.8359375
08:00:30,91282CKN0,TSRYS5793018,D,S,T,2024-05-08,2000000.00,4.482934,100.841796875
08:00:30,91282CKN0,TSRYS5793018,D,S,T,2024-05-08,2000000.00,4.482934,100.841796875
08:00:30,91282CKN0,TSRYS5793018,D,S,T,2024-05-08,1000000.00,4.482607,100.84375
08:00:30,91282CKN0,TSRYS5793018,D,S,T,2024-05-08,1000000.00,4.482607,100.84375
08:00:30,91282CKN0,TSRYS5793018,D,S,T,2024-05-08,1000000.00,4.485227,100.828125
08:00:30,91282CKN0,TSRYS5793018,D,S,D,2024-05-08,2000000.00,4.474749,100.890625
08:00:30,91282CKN0,TSRYS5793018,D,S,D,2024-05-08,2000000.00,4.472785,100.90234375
08:00:30,91282CKN0,TSRYS5793018,D,S,D,2024-05-08,1000000.00,4.467876,100.931640625
08:00:30,91282CKN0,TSRYS5793018,D,S,D,2024-05-08,2000000.00,4.470821,100.9140625
08:00:30,91282CKN0,TSRYS5793018,D,S,D,2024-05-08,2000000.00,4.471803,100.908203125
08:00:30,91282CKN0,TSRYS5793018,D,S,D,2024-05-08,1000000.00,4.472458,100.904296875
08:00:30,91282CKN0,TSRYS5793018,D,S,D,2024-05-08,1000000.00,4.477368,100.875
08:00:30,91282CKN0,TSRYS5793018,D,S,D,2024-05-08,2000000.00,4.480314,100.857421875
08:00:30,91282CKN0,TSRYS5793018,D,S,D,2024-05-08,1000000.00,4.480314,100.857421875
08:00:30,91282CKN0,TSRYS5793018,D,S,D,2024-05-08,1000000.00,4.479987,100.859375
08:00:30,91282CKN0,TSRYS5793018,D,S,D,2024-05-08,2000000.00,4.477368,100.875
08:00:30,91282CKN0,TSRYS5793018,D,S,D,2024-05-08,2000000.00,4.487848,100.8125
08:00:30,91282CKN0,TSRYS5793018,D,S,D,2024-05-08,2000000.00,4.482934,100.841796875
08:00:30,91282CKN0,TSRYS5793018,D,S,D,2024-05-08,1000000.00,4.482934,100.841796875
08:00:30,91282CKN0,TSRYS5793018,D,S,D,2024-05-08,1000000.00,4.482934,100.841796875
08:00:30,91282CKN0,TSRYS5793018,D,S,D,2024-05-08,1000000.00,4.483589,100.837890625
08:00:30,91282CKN0,TSRYS5793018,D,S,D,2024-05-08,2000000.00,4.483589,100.837890625
08:00:30,91282CKN0,TSRYS5793018,D,S,D,2024-05-08,1000000.00,4.482934,100.841796875
08:00:30,91282CKN0,TSRYS5793018,D,S,D,2024-05-08,3000000.00,4.48621,100.822265625
08:00:30,91282CKN0,TSRYS5793018,D,S,D,2024-05-08,3000000.00,4.485227,100.828125
08:00:30,91282CKN0,TSRYS5793018,D,S,T,2024-05-08,1000000.00,4.470494,100.916015625
08:00:30,91282CKN0,TSRYS5793018,D,S,T,2024-05-08,2000000.00,4.470821,100.9140625
08:00:30,91282CKN0,TSRYS5793018,D,S,T,2024-05-08,2000000.00,4.472785,100.90234375
08:00:30,91282CKN0,TSRYS5793018,D,S,T,2024-05-08,1000000.00,4.481624,100.849609375
08:00:30,91282CKN0,TSRYS5793018,D,S,T,2024-05-08,1000000.00,4.479332,100.86328125
08:00:30,91282CKN0,TSRYS5793018,D,S,T,2024-05-08,1000000.00,4.47704,100.876953125
08:00:30,91282CKN0,TSRYS5793018,D,S,T,2024-05-08,1000000.00,4.481624,100.849609375
08:00:30,91282CKN0,TSRYS5793018,D,S,T,2024-05-08,1000000.00,4.481952,100.84765625
08:00:30,91282CKN0,TSRYS5793018,D,S,T,2024-05-08,1000000.00,4.482607,100.84375
08:00:30,91282CKN0,TSRYS5793018,D,S,T,2024-05-08,2000000.00,4.481952,100.84765625
08:00:30,91282CKN0,TSRYS5793018,D,S,T,2024-05-08,1000000.00,4.482279,100.845703125
08:00:30,91282CKN0,TSRYS5793018,D,S,T,2024-05-08,1000000.00,4.482279,100.845703125
08:00:30,91282CKN0,TSRYS5793018,D,S,T,2024-05-08,1000000.00,4.482279,100.845703125
08:00:34,91282CKN0,TSRYS5793018,D,S,T,2024-05-08,2000000.00,4.482934,100.841796875
08:00:34,91282CKN0,TSRYS5793018,D,S,T,2024-05-08,2000000.00,4.482934,100.841796875
08:00:34,91282CKN0,TSRYS5793018,D,S,T,2024-05-08,1000000.00,4.482934,100.841796875
08:00:34,91282CKN0,TSRYS5793018,D,S,T,2024-05-08,1000000.00,4.482934,100.841796875
08:00:34,91282CKN0,TSRYS5793018,D,S,D,2024-05-08,2000000.00,4.474749,100.890625
08:00:34,91282CKN0,TSRYS5793018,D,S,D,2024-05-08,2000000.00,4.474749,100.890625
08:00:34,91282CKN0,TSRYS5793018,D,S,D,2024-05-08,1000000.00,4.467549,100.93359375
08:00:34,91282CKN0,TSRYS5793018,D,S,T,2024-05-08,1000000.00,4.47213,100.90625
08:00:34,91282CKN0,TSRYS5793018,D,S,T,2024-05-08,1000000.00,4.47213,100.90625
08:00:34,91282CKN0,TSRYS5793018,D,S,T,2024-05-08,1000000.00,4.47213,100.90625
08:00:34,91282CKN0,TSRYS5793018,D,S,T,2024-05-08,1000000.00,4.47213,100.90625
08:00:34,91282CKN0,TSRYS5793018,D,S,T,2024-05-08,1000000.00,4.466895,100.9375
08:00:34,91282CKN0,TSRYS5793018,D,S,T,2024-05-08,1000000.00,4.466895,100.9375
08:00:34,91282CKN0,TSRYS5793018,D,S,T,2024-05-08,1000000.00,4.469512,100.921875
08:00:34,91282CKN0,TSRYS5793018,D,S,T,2024-05-08,1000000.00,4.469512,100.921875
08:00:34,91282CKN0,TSRYS5793018,D,S,T,2024-05-08,1000000.00,4.469512,100.921875
08:00:34,91282CKN0,TSRYS5793018,D,S,T,2024-05-08,1000000.00,4.469512,100.921875
08:00:34,91282CKN0,TSRYS5793018,D,S,T,2024-05-08,1000000.00,4.469512,100.921875
08:00:34,91282CKN0,TSRYS5793018,D,S,T,2024-05-08,1000000.00,4.479987,100.859375
08:00:34,91282CKN0,TSRYS5793018,D,S,T,2024-05-08,1000000.00,4.479987,100.859375
08:00:34,91282CKN0,TSRYS5793018,D,S,T,2024-05-08,1000000.00,4.477368,100.875
08:00:34,91282CKN0,TSRYS5793018,D,S,T,2024-05-08,1000000.00,4.477368,100.875
08:00:34,91282CKN0,TSRYS5793018,D,S,T,2024-05-08,1000000.00,4.477368,100.875
08:00:34,91282CKN0,TSRYS5793018,D,S,T,2024-05-08,1000000.00,4.477368,100.875
08:00:34,91282CKN0,TSRYS5793018,D,S,T,2024-05-08,1000000.00,4.477368,100.875
08:00:34,91282CKN0,TSRYS5793018,D,S,T,2024-05-08,1000000.00,4.477368,100.875
08:00:34,91282CKN0,TSRYS5793018,D,S,T,2024-05-08,1000000.00,4.474094,100.89453125
08:00:34,91282CKN0,TSRYS5793018,D,S,T,2024-05-08,1000000.00,4.472785,100.90234375
08:00:34,91282CKN0,TSRYS5793018,D,S,T,2024-05-08,1000000.00,4.472785,100.90234375
08:00:34,91282CKN0,TSRYS5793018,D,S,T,2024-05-08,1000000.00,4.474749,100.890625
08:00:34,91282CKN0,TSRYS5793018,D,S,T,2024-05-08,1000000.00,4.475403,100.88671875
08:00:34,91282CKN0,TSRYS5793018,D,S,T,2024-05-08,1000000.00,4.478022,100.87109375
08:00:34,91282CKN0,TSRYS5793018,D,S,T,2024-05-08,1000000.00,4.478022,100.87109375
08:00:34,91282CKN0,TSRYS5793018,D,S,T,2024-05-08,1000000.00,4.474094,100.89453125
08:00:34,91282CKN0,TSRYS5793018,D,S,T,2024-05-08,1000000.00,4.474094,100.89453125
08:00:34,91282CKN0,TSRYS5793018,D,S,T,2024-05-08,1000000.00,4.47213,100.90625
08:00:34,91282CKN0,TSRYS5793018,D,S,T,2024-05-08,1000000.00,4.47213,100.90625
08:00:34,91282CKN0,TSRYS5793018,D,S,T,2024-05-08,1000000.00,4.47213,100.90625
08:00:34,91282CKN0,TSRYS5793018,D,S,T,2024-05-08,1000000.00,4.473767,100.896484375
08:00:34,91282CKN0,TSRYS5793018,D,S,T,2024-05-08,1000000.00,4.473439,100.8984375
08:00:34,91282CKN0,TSRYS5793018,D,S,T,2024-05-08,1000000.00,4.473439,100.8984375
08:00:34,91282CKN0,TSRYS5793018,D,S,T,2024-05-08,1000000.00,4.473439,100.8984375
08:00:34,91282CKN0,TSRYS5793018,D,S,T,2024-05-08,1000000.00,4.472458,100.904296875
08:00:34,91282CKN0,TSRYS5793018,D,S,T,2024-05-08,1000000.00,4.472785,100.90234375
08:00:34,91282CKN0,TSRYS5793018,D,S,T,2024-05-08,1000000.00,4.472785,100.90234375
08:00:34,91282CKN0,TSRYS5793018,D,S,T,2024-05-08,1000000.00,4.47213,100.90625
08:00:34,91282CKN0,TSRYS5793018,D,S,T,2024-05-08,1000000.00,4.468858,100.92578125
08:00:34,91282CKN0,TSRYS5793018,D,S,T,2024-05-08,1000000.00,4.468858,100.92578125
08:00:34,91282CKN0,TSRYS5793018,D,S,T,2024-05-08,1000000.00,4.464932,100.94921875
08:00:34,91282CKN0,TSRYS5793018,D,S,T,2024-05-08,1000000.00,4.464932,100.94921875
08:00:34,91282CKN0,TSRYS5793018,D,S,T,2024-05-08,1000000.00,4.464932,100.94921875
08:00:34,91282CKN0,TSRYS5793018,D,S,T,2024-05-08,1000000.00,4.463624,100.95703125
08:00:34,91282CKN0,TSRYS5793018,D,S,T,2024-05-08,1000000.00,4.459699,100.98046875
08:00:34,91282CKN0,TSRYS5793018,D,S,T,2024-05-08,1000000.00,4.458391,100.98828125
08:00:34,91282CKN0,TSRYS5793018,D,S,T,2024-05-08,1000000.00,4.458391,100.98828125
08:00:34,91282CKN0,TSRYS5793018,D,S,T,2024-05-08,1000000.00,4.458391,100.98828125
08:00:34,91282CKN0,TSRYS5793018,D,S,T,2024-05-08,1000000.00,4.458391,100.98828125
08:00:34,91282CKN0,TSRYS5793018,D,S,T,2024-05-08,1000000.00,4.479332,100.86328125
08:00:34,91282CKN0,TSRYS5793018,D,S,T,2024-05-08,1000000.00,4.477368,100.875
08:00:34,91282CKN0,TSRYS5793018,D,S,T,2024-05-08,1000000.00,4.486865,100.818359375
08:00:34,91282CKN0,TSRYS5793018,D,S,T,2024-05-08,1000000.00,4.487193,100.81640625
08:00:34,91282CKN0,TSRYS5793018,D,S,T,2024-05-08,1000000.00,4.487193,100.81640625
08:00:34,91282CKN0,TSRYS5793018,D,S,T,2024-05-08,1000000.00,4.483917,100.8359375
08:00:34,91282CKN0,TSRYS5793018,D,S,T,2024-05-08,1000000.00,4.483917,100.8359375
08:00:38,91282CKN0,TSRYS5793018,D,S,C,2024-05-08,1000000.00,4.477705,100.872984375
08:00:38,91282CKN0,TSRYS5793018,D,S,T,2024-05-08,1000000.00,4.474749,100.890625
08:00:38,91282CKN0,TSRYS5793018,D,S,T,2024-05-08,1000000.00,4.469512,100.921875
08:00:38,91282CKN0,TSRYS5793018,D,S,T,2024-05-08,29200000.00,4.45643,101.0
08:00:38,91282CKN0,TSRYS5793018,D,S,C,2024-05-08,7500000.00,4.476713,100.87890625
08:00:39,91282CKN0,TSRYS5793018,D,S,T,2024-05-08,1000000.00,4.482607,100.84375
08:00:39,91282CKN0,TSRYS5793018,D,S,T,2024-05-08,1000000.00,4.482607,100.84375
08:00:39,91282CKN0,TSRYS5793018,D,S,C,2024-05-08,500000.00,4.481297,100.8515625
08:00:39,91282CKN0,TSRYS5793018,D,S,T,2024-05-08,1000000.00,4.487848,100.8125
08:00:39,91282CKN0,TSRYS5793018,D,B,C,2024-05-08,4340000.00,4.483917,100.8359375
08:00:39,91282CKN0,TSRYS5793018,D,S,C,2024-05-08,6700000.00,4.485882,100.82421875
08:00:39,91282CKN0,TSRYS5793018,D,S,A,2024-05-08,490000.00,4.485227,100.828125
08:00:39,91282CKN0,TSRYS5793018,D,B,C,2024-05-08,6207000.00,4.483262,100.83984375
08:00:39,91282CKN0,TSRYS5793018,D,S,T,2024-05-08,1000000.00,4.482607,100.84375
08:00:41,91282CKN0,TSRYS5793018,D,S,D,2024-05-08,1000000.00,4.481297,100.8515625
08:00:41,91282CKN0,TSRYS5793018,D,S,C,2024-05-08,1935000.00,4.467549,100.93359375
08:00:41,91282CKN0,TSRYS5793018,D,S,T,2024-05-08,1000000.00,4.458391,100.98828125
08:00:41,91282CKN0,TSRYS5793018,D,S,T,2024-05-08,2000000.00,4.462315,100.96484375
08:00:43,91282CKN0,TSRYS5793018,D,S,D,2024-05-08,1000000.00,4.488176,100.810546875
08:00:43,91282CKN0,TSRYS5793018,D,S,D,2024-05-08,2000000.00,4.489159,100.8046875
08:00:47,91282CKN0,TSRYS5793018,D,S,T,2024-05-08,1000000.00,4.477368,100.875
08:00:48,91282CKN0,TSRYS5793018,D,S,D,2024-05-08,1000000.00,4.483917,100.8359375
08:00:48,91282CKN0,TSRYS5793018,D,B,A,2024-05-08,2000000.00,4.479496,100.86230469
08:00:48,91282CKN0,TSRYS5793018,D,S,D,2024-05-08,10000000.00,4.484084,100.83494
08:00:48,91282CKN0,TSRYS5793018,D,S,C,2024-05-08,1950000.00,4.485882,100.82421875
08:00:48,91282CKN0,TSRYS5793018,D,S,C,2024-05-08,1950000.00,4.486538,100.8203125
08:00:49,91282CKN0,TSRYS5793018,D,S,D,2024-05-08,2000000.00,4.474749,100.890625
08:00:50,91282CKN0,TSRYS5793018,D,S,D,2024-05-08,2000000.00,4.484572,100.83203125
08:00:50,91282CKN0,TSRYS5793018,D,S,D,2024-05-08,1000000.00,4.482607,100.84375
08:00:50,91282CKN0,TSRYS5793018,D,S,D,2024-05-08,2000000.00,4.482607,100.84375
08:00:50,91282CKN0,TSRYS5793018,D,S,D,2024-05-08,1000000.00,4.482607,100.84375
08:00:50,91282CKN0,TSRYS5793018,D,S,D,2024-05-08,1000000.00,4.467549,100.93359375
08:00:50,91282CKN0,TSRYS5793018,D,S,D,2024-05-08,480000.00,4.464932,100.94921875
08:00:51,91282CKN0,TSRYS5793018,D,S,D,2024-05-08,1935000.00,4.467549,100.93359375
08:00:53,91282CKN0,TSRYS5793018,D,S,T,2024-05-08,1000000.00,4.47835,100.869140625
08:00:53,91282CKN0,TSRYS5793018,D,S,A,2024-05-08,340300.00,4.478677,100.8671875
08:00:54,91282CKN0,TSRYS5793018,D,S,C,2024-05-08,1850000.00,4.485227,100.828125
08:00:54,91282CKN0,TSRYS5793018,D,S,T,2024-05-08,1000000.00,4.483917,100.8359375
08:00:54,91282CKN0,TSRYS5793018,D,B,A,2024-05-08,1000000.00,4.484572,100.83203125
08:00:55,91282CKN0,TSRYS5793018,D,S,T,2024-05-08,1000000.00,4.47213,100.90625
08:00:56,91282CKN0,TSRYS5793018,D,S,T,2024-05-08,1000000.00,4.482607,100.84375
08:00:56,91282CKN0,TSRYS5793018,D,S,T,2024-05-08,1000000.00,4.482607,100.84375
08:00:57,91282CKN0,TSRYS5793018,D,S,T,2024-05-08,2000000.00,4.482607,100.84375
08:01:00,91282CKN0,TSRYS5793018,D,S,C,2024-05-08,1000000.00,4.452507,101.0234375
08:01:00,91282CKN0,TSRYS5793018,D,S,C,2024-05-08,1000000.00,4.452507,101.0234375
08:01:00,91282CKN0,TSRYS5793018,D,S,C,2024-05-08,1000000.00,4.452507,101.0234375
08:01:00,91282CKN0,TSRYS5793018,D,S,C,2024-05-08,1000000.00,4.45218,101.025390625
08:01:00,91282CKN0,TSRYS5793018,D,S,C,2024-05-08,1000000.00,4.45218,101.025390625
08:01:04,91282CKN0,TSRYS5793018,D,S,D,2024-05-08,1000000.00,4.456103,101.001953125
08:01:04,91282CKN0,TSRYS5793018,D,B,C,2024-05-08,1000000.00,4.456103,101.001953125
08:01:04,91282CKN0,TSRYS5793018,D,B,C,2024-05-08,1000000.00,4.454795,101.009765625
08:01:04,91282CKN0,TSRYS5793018,D,S,D,2024-05-08,1000000.00,4.45218,101.025390625
08:01:04,91282CKN0,TSRYS5793018,D,S,D,2024-05-08,1000000.00,4.454795,101.009765625
08:01:04,91282CKN0,TSRYS5793018,D,S,C,2024-05-08,15960000.00,4.479987,100.859375
08:01:04,91282CKN0,TSRYS5793018,D,S,D,2024-05-08,2000000.00,4.462969,100.9609375
08:01:05,91282CKN0,TSRYS5793018,D,S,C,2024-05-08,1000000.00,4.452834,101.021484375
08:01:05,91282CKN0,TSRYS5793018,D,B,C,2024-05-08,2000000.00,4.462969,100.9609375
08:01:05,91282CKN0,TSRYS5793018,D,S,C,2024-05-08,1000000.00,4.451527,101.029296875
08:01:05,91282CKN0,TSRYS5793018,D,B,C,2024-05-08,2000000.00,4.462969,100.9609375
08:01:05,91282CKN0,TSRYS5793018,D,S,D,2024-05-08,1000000.00,4.462969,100.9609375
08:01:05,91282CKN0,TSRYS5793018,D,B,C,2024-05-08,1000000.00,4.452834,101.021484375
08:01:05,91282CKN0,TSRYS5793018,D,B,C,2024-05-08,2000000.00,4.462969,100.9609375
08:01:05,91282CKN0,TSRYS5793018,D,B,C,2024-05-08,1000000.00,4.451527,101.029296875
08:01:05,91282CKN0,TSRYS5793018,D,S,D,2024-05-08,1000000.00,4.462969,100.9609375
08:01:05,91282CKN0,TSRYS5793018,D,S,D,2024-05-08,2000000.00,4.462969,100.9609375
08:01:05,91282CKN0,TSRYS5793018,D,S,D,2024-05-08,4000000.00,4.462969,100.9609375
08:01:05,91282CKN0,TSRYS5793018,D,S,D,2024-05-08,1000000.00,4.462969,100.9609375
08:01:05,91282CKN0,TSRYS5793018,D,B,C,2024-05-08,1000000.00,4.462969,100.9609375
08:01:05,91282CKN0,TSRYS5793018,D,S,D,2024-05-08,2000000.00,4.462969,100.9609375
08:01:05,91282CKN0,TSRYS5793018,D,B,C,2024-05-08,1000000.00,4.462969,100.9609375
08:01:05,91282CKN0,TSRYS5793018,D,B,C,2024-05-08,2000000.00,4.462969,100.9609375
08:01:05,91282CKN0,TSRYS5793018,D,B,C,2024-05-08,1000000.00,4.462969,100.9609375
08:01:05,91282CKN0,TSRYS5793018,D,B,C,2024-05-08,4000000.00,4.462969,100.9609375
08:01:05,91282CKN0,TSRYS5793018,D,S,D,2024-05-08,1000000.00,4.462969,100.9609375
08:01:05,91282CKN0,TSRYS5793018,D,B,C,2024-05-08,2000000.00,4.462969,100.9609375
08:01:05,91282CKN0,TSRYS5793018,D,S,D,2024-05-08,2000000.00,4.462969,100.9609375
08:01:05,91282CKN0,TSRYS5793018,D,S,D,2024-05-08,2000000.00,4.462969,100.9609375
08:01:05,91282CKN0,TSRYS5793018,D,S,D,2024-05-08,1000000.00,4.461988,100.966796875
08:01:05,91282CKN0,TSRYS5793018,D,B,C,2024-05-08,4000000.00,4.462969,100.9609375
08:01:05,91282CKN0,TSRYS5793018,D,B,C,2024-05-08,1000000.00,4.462969,100.9609375
08:01:05,91282CKN0,TSRYS5793018,D,B,C,2024-05-08,1000000.00,4.462315,100.96484375
08:01:05,91282CKN0,TSRYS5793018,D,B,C,2024-05-08,2000000.00,4.463951,100.955078125
08:01:05,91282CKN0,TSRYS5793018,D,S,D,2024-05-08,1000000.00,4.462315,100.96484375
08:01:05,91282CKN0,TSRYS5793018,D,S,D,2024-05-08,4000000.00,4.462969,100.9609375
08:01:05,91282CKN0,TSRYS5793018,D,S,D,2024-05-08,1000000.00,4.462315,100.96484375
08:01:05,91282CKN0,TSRYS5793018,D,S,D,2024-05-08,2000000.00,4.463951,100.955078125
08:01:05,91282CKN0,TSRYS5793018,D,S,D,2024-05-08,1000000.00,4.464278,100.953125
08:01:05,91282CKN0,TSRYS5793018,D,B,C,2024-05-08,1000000.00,4.464278,100.953125
08:01:05,91282CKN0,TSRYS5793018,D,B,C,2024-05-08,2000000.00,4.465259,100.947265625
08:01:05,91282CKN0,TSRYS5793018,D,S,D,2024-05-08,2000000.00,4.465259,100.947265625
08:01:06,91282CKN0,TSRYS5793018,D,S,D,2024-05-08,1000000.00,4.465913,100.943359375
08:01:06,91282CKN0,TSRYS5793018,D,S,D,2024-05-08,2000000.00,4.467549,100.93359375
08:01:06,91282CKN0,TSRYS5793018,D,B,C,2024-05-08,2000000.00,4.467549,100.93359375
08:01:06,91282CKN0,TSRYS5793018,D,B,C,2024-05-08,1000000.00,4.467222,100.935546875
08:01:06,91282CKN0,TSRYS5793018,D,S,D,2024-05-08,1000000.00,4.467222,100.935546875
08:01:06,91282CKN0,TSRYS5793018,D,S,C,2024-05-08,1000000.00,4.475731,100.884765625
08:01:06,91282CKN0,TSRYS5793018,D,S,C,2024-05-08,1000000.00,4.475076,100.888671875
08:01:06,91282CKN0,TSRYS5793018,D,B,C,2024-05-08,1000000.00,4.475076,100.888671875
08:01:06,91282CKN0,TSRYS5793018,D,B,C,2024-05-08,1000000.00,4.475731,100.884765625
08:01:06,91282CKN0,TSRYS5793018,D,B,C,2024-05-08,1000000.00,4.475076,100.888671875
08:01:06,91282CKN0,TSRYS5793018,D,S,C,2024-05-08,1000000.00,4.475076,100.888671875
08:01:06,91282CKN0,TSRYS5793018,D,S,C,2024-05-08,1000000.00,4.474421,100.892578125
08:01:06,91282CKN0,TSRYS5793018,D,B,C,2024-05-08,1000000.00,4.474421,100.892578125
08:01:06,91282CKN0,TSRYS5793018,D,S,D,2024-05-08,1000000.00,4.474749,100.890625
08:01:06,91282CKN0,TSRYS5793018,D,S,C,2024-05-08,1000000.00,4.474749,100.890625
08:01:06,91282CKN0,TSRYS5793018,D,S,C,2024-05-08,1000000.00,4.477695,100.873046875
08:01:06,91282CKN0,TSRYS5793018,D,S,C,2024-05-08,1000000.00,4.47835,100.869140625
08:01:06,91282CKN0,TSRYS5793018,D,S,C,2024-05-08,1000000.00,4.47835,100.869140625
08:01:06,91282CKN0,TSRYS5793018,D,B,C,2024-05-08,1000000.00,4.47835,100.869140625
08:01:06,91282CKN0,TSRYS5793018,D,B,C,2024-05-08,1000000.00,4.477695,100.873046875
08:01:06,91282CKN0,TSRYS5793018,D,B,C,2024-05-08,1000000.00,4.47835,100.869140625
08:01:07,91282CKN0,TSRYS5793018,D,B,C,2024-05-08,1000000.00,4.473767,100.896484375
08:01:07,91282CKN0,TSRYS5793018,D,S,C,2024-05-08,1000000.00,4.473767,100.896484375
08:01:07,91282CKN0,TSRYS5793018,D,S,D,2024-05-08,1000000.00,4.472458,100.904296875
08:01:07,91282CKN0,TSRYS5793018,D,B,C,2024-05-08,1000000.00,4.472458,100.904296875
08:01:07,91282CKN0,TSRYS5793018,D,B,C,2024-05-08,1000000.00,4.473439,100.8984375
08:01:07,91282CKN0,TSRYS5793018,D,S,C,2024-05-08,1000000.00,4.473439,100.8984375
08:01:07,91282CKN0,TSRYS5793018,D,B,C,2024-05-08,1000000.00,4.473767,100.896484375
08:01:07,91282CKN0,TSRYS5793018,D,S,C,2024-05-08,1000000.00,4.473767,100.896484375
08:01:07,91282CKN0,TSRYS5793018,D,S,C,2024-05-08,1000000.00,4.475076,100.888671875
08:01:07,91282CKN0,TSRYS5793018,D,B,C,2024-05-08,1000000.00,4.475076,100.888671875
08:01:07,91282CKN0,TSRYS5793018,D,S,C,2024-05-08,1000000.00,4.471803,100.908203125
08:01:07,91282CKN0,TSRYS5793018,D,B,C,2024-05-08,1000000.00,4.471803,100.908203125
08:01:07,91282CKN0,TSRYS5793018,D,S,C,2024-05-08,1000000.00,4.47213,100.90625
08:01:07,91282CKN0,TSRYS5793018,D,B,C,2024-05-08,1000000.00,4.47213,100.90625
08:01:07,91282CKN0,TSRYS5793018,D,S,C,2024-05-08,1000000.00,4.472458,100.904296875
08:01:07,91282CKN0,TSRYS5793018,D,B,C,2024-05-08,1000000.00,4.472458,100.904296875
08:01:07,91282CKN0,TSRYS5793018,D,S,C,2024-05-08,1000000.00,4.471476,100.91015625
08:01:07,91282CKN0,TSRYS5793018,D,B,C,2024-05-08,1000000.00,4.471476,100.91015625
08:01:07,91282CKN0,TSRYS5793018,D,S,C,2024-05-08,1000000.00,4.471476,100.91015625
08:01:07,91282CKN0,TSRYS5793018,D,B,C,2024-05-08,1000000.00,4.471476,100.91015625
08:01:07,91282CKN0,TSRYS5793018,D,S,C,2024-05-08,1000000.00,4.471148,100.912109375
08:01:07,91282CKN0,TSRYS5793018,D,B,C,2024-05-08,1000000.00,4.471148,100.912109375
08:01:07,91282CKN0,TSRYS5793018,D,B,C,2024-05-08,1000000.00,4.471148,100.912109375
08:01:07,91282CKN0,TSRYS5793018,D,S,C,2024-05-08,1000000.00,4.471148,100.912109375
08:01:08,91282CKN0,TSRYS5793018,D,S,C,2024-05-08,1000000.00,4.470821,100.9140625
08:01:08,91282CKN0,TSRYS5793018,D,B,C,2024-05-08,1000000.00,4.470821,100.9140625
08:01:08,91282CKN0,TSRYS5793018,D,S,C,2024-05-08,1000000.00,4.469512,100.921875
08:01:08,91282CKN0,TSRYS5793018,D,B,C,2024-05-08,1000000.00,4.469512,100.921875
08:01:08,91282CKN0,TSRYS5793018,D,S,C,2024-05-08,1000000.00,4.466895,100.9375
08:01:08,91282CKN0,TSRYS5793018,D,B,C,2024-05-08,1000000.00,4.466895,100.9375
08:01:08,91282CKN0,TSRYS5793018,D,B,C,2024-05-08,1000000.00,4.466895,100.9375
08:01:08,91282CKN0,TSRYS5793018,D,S,C,2024-05-08,1000000.00,4.466895,100.9375
08:01:08,91282CKN0,TSRYS5793018,D,B,C,2024-05-08,1000000.00,4.466241,100.94140625
08:01:08,91282CKN0,TSRYS5793018,D,S,C,2024-05-08,1000000.00,4.466241,100.94140625
08:01:08,91282CKN0,TSRYS5793018,D,S,C,2024-05-08,1000000.00,4.465913,100.943359375
08:01:08,91282CKN0,TSRYS5793018,D,B,C,2024-05-08,1000000.00,4.465913,100.943359375
08:01:08,91282CKN0,TSRYS5793018,D,B,C,2024-05-08,1000000.00,4.466895,100.9375
08:01:08,91282CKN0,TSRYS5793018,D,S,C,2024-05-08,1000000.00,4.466895,100.9375
08:01:08,91282CKN0,TSRYS5793018,D,S,C,2024-05-08,1000000.00,4.466895,100.9375
08:01:08,91282CKN0,TSRYS5793018,D,B,C,2024-05-08,1000000.00,4.466895,100.9375
08:01:08,91282CKN0,TSRYS5793018,D,S,C,2024-05-08,1000000.00,4.471148,100.912109375
08:01:08,91282CKN0,TSRYS5793018,D,B,C,2024-05-08,1000000.00,4.471148,100.912109375
08:01:08,91282CKN0,TSRYS5793018,D,S,C,2024-05-08,1000000.00,4.476713,100.87890625
08:01:08,91282CKN0,TSRYS5793018,D,B,C,2024-05-08,1000000.00,4.476713,100.87890625
08:01:08,91282CKN0,TSRYS5793018,D,S,D,2024-05-08,2000000.00,4.474749,100.890625
08:01:08,91282CKN0,TSRYS5793018,D,S,D,2024-05-08,250000.00,4.452507,101.0234375
08:01:08,91282CKN0,TSRYS5793018,D,B,C,2024-05-08,1000000.00,4.473112,100.900390625
08:01:08,91282CKN0,TSRYS5793018,D,S,C,2024-05-08,1000000.00,4.473112,100.900390625
08:01:08,91282CKN0,TSRYS5793018,D,S,C,2024-05-08,1000000.00,4.474421,100.892578125
08:01:08,91282CKN0,TSRYS5793018,D,B,C,2024-05-08,1000000.00,4.474421,100.892578125
08:01:08,91282CKN0,TSRYS5793018,D,S,D,2024-05-08,1000000.00,4.467549,100.93359375
08:01:08,91282CKN0,TSRYS5793018,D,S,C,2024-05-08,1000000.00,4.467222,100.935546875
08:01:08,91282CKN0,TSRYS5793018,D,B,C,2024-05-08,1000000.00,4.467222,100.935546875
08:01:09,91282CKN0,TSRYS5793018,D,S,C,2024-05-08,1000000.00,4.467222,100.935546875
08:01:09,91282CKN0,TSRYS5793018,D,B,C,2024-05-08,1000000.00,4.467222,100.935546875
08:01:09,91282CKN0,TSRYS5793018,D,S,C,2024-05-08,1000000.00,4.467222,100.935546875
08:01:09,91282CKN0,TSRYS5793018,D,B,C,2024-05-08,1000000.00,4.467222,100.935546875
08:01:09,91282CKN0,TSRYS5793018,D,S,C,2024-05-08,1000000.00,4.462969,100.9609375
08:01:09,91282CKN0,TSRYS5793018,D,B,C,2024-05-08,1000000.00,4.462969,100.9609375
08:01:09,91282CKN0,TSRYS5793018,D,B,C,2024-05-08,1000000.00,4.459699,100.98046875
08:01:09,91282CKN0,TSRYS5793018,D,S,C,2024-05-08,1000000.00,4.459699,100.98046875
08:01:09,91282CKN0,TSRYS5793018,D,S,C,2024-05-08,1000000.00,4.459699,100.98046875
08:01:09,91282CKN0,TSRYS5793018,D,B,C,2024-05-08,1000000.00,4.459699,100.98046875
08:01:09,91282CKN0,TSRYS5793018,D,B,C,2024-05-08,1000000.00,4.460026,100.978515625
08:01:09,91282CKN0,TSRYS5793018,D,S,C,2024-05-08,1000000.00,4.460026,100.978515625
08:01:09,91282CKN0,TSRYS5793018,D,B,C,2024-05-08,1000000.00,4.460026,100.978515625
08:01:09,91282CKN0,TSRYS5793018,D,S,C,2024-05-08,1000000.00,4.460026,100.978515625
08:01:09,91282CKN0,TSRYS5793018,D,B,C,2024-05-08,1000000.00,4.458064,100.990234375
08:01:09,91282CKN0,TSRYS5793018,D,S,C,2024-05-08,1000000.00,4.458064,100.990234375
08:01:09,91282CKN0,TSRYS5793018,D,B,C,2024-05-08,1000000.00,4.471803,100.908203125
08:01:09,91282CKN0,TSRYS5793018,D,S,D,2024-05-08,1000000.00,4.471803,100.908203125
08:01:09,91282CKN0,TSRYS5793018,D,S,D,2024-05-08,1000000.00,4.476385,100.880859375
08:01:09,91282CKN0,TSRYS5793018,D,S,D,2024-05-08,1000000.00,4.479987,100.859375
08:01:09,91282CKN0,TSRYS5793018,D,S,C,2024-05-08,1000000.00,4.47966,100.861328125
08:01:09,91282CKN0,TSRYS5793018,D,S,C,2024-05-08,1000000.00,4.479332,100.86328125
08:01:09,91282CKN0,TSRYS5793018,D,B,C,2024-05-08,1000000.00,4.479987,100.859375
08:01:09,91282CKN0,TSRYS5793018,D,B,C,2024-05-08,1000000.00,4.47966,100.861328125
08:01:09,91282CKN0,TSRYS5793018,D,S,C,2024-05-08,1000000.00,4.479987,100.859375
08:01:09,91282CKN0,TSRYS5793018,D,S,D,2024-05-08,1000000.00,4.479987,100.859375
08:01:09,91282CKN0,TSRYS5793018,D,B,C,2024-05-08,1000000.00,4.479987,100.859375
08:01:09,91282CKN0,TSRYS5793018,D,S,D,2024-05-08,1000000.00,4.479987,100.859375
08:01:10,91282CKN0,TSRYS5793018,D,S,D,2024-05-08,2000000.00,4.489159,100.8046875
08:01:10,91282CKN0,TSRYS5793018,D,S,C,2024-05-08,1000000.00,4.47704,100.876953125
08:01:10,91282CKN0,TSRYS5793018,D,S,C,2024-05-08,1000000.00,4.482607,100.84375
08:01:10,91282CKN0,TSRYS5793018,D,B,C,2024-05-08,1000000.00,4.481952,100.84765625
08:01:10,91282CKN0,TSRYS5793018,D,S,C,2024-05-08,1000000.00,4.481952,100.84765625
08:01:10,91282CKN0,TSRYS5793018,D,S,C,2024-05-08,1000000.00,4.481297,100.8515625
08:01:10,91282CKN0,TSRYS5793018,D,B,C,2024-05-08,1000000.00,4.483917,100.8359375
08:01:10,91282CKN0,TSRYS5793018,D,S,D,2024-05-08,1000000.00,4.483917,100.8359375
08:01:10,91282CKN0,TSRYS5793018,D,S,C,2024-05-08,1000000.00,4.483917,100.8359375
08:01:10,91282CKN0,TSRYS5793018,D,B,C,2024-05-08,1000000.00,4.488176,100.810546875
08:01:10,91282CKN0,TSRYS5793018,D,S,D,2024-05-08,1000000.00,4.488176,100.810546875
08:01:10,91282CKN0,TSRYS5793018,D,S,D,2024-05-08,1000000.00,4.45218,101.025390625
08:01:10,91282CKN0,TSRYS5793018,D,S,D,2024-05-08,1000000.00,4.465913,100.943359375
08:01:11,91282CKN0,TSRYS5793018,D,S,A,2024-05-08,2000000.00,4.474749,100.890625
08:01:11,91282CKN0,TSRYS5793018,D,S,D,2024-05-08,1000000.00,4.483917,100.8359375
08:01:11,91282CKN0,TSRYS5793018,D,S,D,2024-05-08,2000000.00,4.489159,100.8046875
08:01:11,91282CKN0,TSRYS5793018,D,S,D,2024-05-08,1000000.00,4.483917,100.8359375
08:01:11,91282CKN0,TSRYS5793018,D,S,D,2024-05-08,1000000.00,4.486538,100.8203125
08:01:11,91282CKN0,TSRYS5793018,D,S,D,2024-05-08,1000000.00,4.486538,100.8203125
08:01:11,91282CKN0,TSRYS5793018,D,S,T,2024-05-08,2000000.00,4.45187,101.02724375
08:01:11,91282CKN0,TSRYS5793018,D,S,T,2024-05-08,1000000.00,4.470183,100.91786875
08:01:11,91282CKN0,TSRYS5793018,D,S,T,2024-05-08,1000000.00,4.470511,100.915915625
08:01:11,91282CKN0,TSRYS5793018,D,S,T,2024-05-08,2000000.00,4.470511,100.915915625
08:01:11,91282CKN0,TSRYS5793018,D,B,A,2024-05-08,1900000.00,4.485882,100.82421875
08:01:11,91282CKN0,TSRYS5793018,D,S,C,2024-05-08,1900000.00,4.485882,100.82421875
08:01:12,91282CKN0,TSRYS5793018,D,S,T,2024-05-08,1000000.00,4.483934,100.8358375
08:01:12,91282CKN0,TSRYS5793018,D,S,T,2024-05-08,1000000.00,4.483934,100.8358375
08:01:12,91282CKN0,TSRYS5793018,D,S,T,2024-05-08,1000000.00,4.483934,100.8358375
08:01:12,91282CKN0,TSRYS5793018,D,S,T,2024-05-08,1000000.00,4.483934,100.8358375
08:01:12,91282CKN0,TSRYS5793018,D,S,T,2024-05-08,1000000.00,4.483934,100.8358375
08:01:12,91282CKN0,TSRYS5793018,D,S,T,2024-05-08,1000000.00,4.483934,100.8358375
08:01:12,91282CKN0,TSRYS5793018,D,S,T,2024-05-08,1000000.00,4.483934,100.8358375
08:01:12,91282CKN0,TSRYS5793018,D,S,T,2024-05-08,1000000.00,4.483934,100.8358375
08:01:12,91282CKN0,TSRYS5793018,D,S,T,2024-05-08,1000000.00,4.483934,100.8358375
08:01:12,91282CKN0,TSRYS5793018,D,S,T,2024-05-08,1000000.00,4.489175,100.8045875
08:01:12,91282CKN0,TSRYS5793018,D,S,T,2024-05-08,1000000.00,4.489175,100.8045875
08:01:12,91282CKN0,TSRYS5793018,D,S,T,2024-05-08,1000000.00,4.489175,100.8045875
08:01:12,91282CKN0,TSRYS5793018,D,S,T,2024-05-08,1000000.00,4.489175,100.8045875
08:01:12,91282CKN0,TSRYS5793018,D,S,T,2024-05-08,2000000.00,4.489175,100.8045875
08:01:12,91282CKN0,TSRYS5793018,D,S,T,2024-05-08,1000000.00,4.483934,100.8358375
08:01:12,91282CKN0,TSRYS5793018,D,S,T,2024-05-08,1000000.00,4.483934,100.8358375
08:01:12,91282CKN0,TSRYS5793018,D,S,T,2024-05-08,1000000.00,4.483934,100.8358375
08:01:12,91282CKN0,TSRYS5793018,D,S,T,2024-05-08,1000000.00,4.483934,100.8358375
08:01:12,91282CKN0,TSRYS5793018,D,S,T,2024-05-08,1000000.00,4.483934,100.8358375
08:01:12,91282CKN0,TSRYS5793018,D,S,T,2024-05-08,1000000.00,4.483934,100.8358375
08:01:12,91282CKN0,TSRYS5793018,D,S,T,2024-05-08,1000000.00,4.483934,100.8358375
08:01:12,91282CKN0,TSRYS5793018,D,S,T,2024-05-08,1000000.00,4.483934,100.8358375
08:01:12,91282CKN0,TSRYS5793018,D,S,T,2024-05-08,1000000.00,4.483934,100.8358375
08:01:12,91282CKN0,TSRYS5793018,D,S,T,2024-05-08,1000000.00,4.483934,100.8358375
08:01:12,91282CKN0,TSRYS5793018,D,S,T,2024-05-08,1000000.00,4.483934,100.8358375
08:01:12,91282CKN0,TSRYS5793018,D,S,T,2024-05-08,1000000.00,4.485244,100.828025
08:01:12,91282CKN0,TSRYS5793018,D,S,T,2024-05-08,1000000.00,4.486554,100.8202125
08:01:12,91282CKN0,TSRYS5793018,D,S,T,2024-05-08,1000000.00,4.486554,100.8202125
08:01:12,91282CKN0,TSRYS5793018,D,S,T,2024-05-08,1000000.00,4.483946,100.8357625
08:01:12,91282CKN0,TSRYS5793018,D,S,T,2024-05-08,1000000.00,4.483946,100.8357625
08:01:12,91282CKN0,TSRYS5793018,D,S,T,2024-05-08,1000000.00,4.483946,100.8357625
08:01:12,91282CKN0,TSRYS5793018,D,S,T,2024-05-08,1000000.00,4.483946,100.8357625
08:01:12,91282CKN0,TSRYS5793018,D,S,T,2024-05-08,1000000.00,4.483946,100.8357625
08:01:12,91282CKN0,TSRYS5793018,D,S,T,2024-05-08,1000000.00,4.483946,100.8357625
08:01:12,91282CKN0,TSRYS5793018,D,S,T,2024-05-08,1000000.00,4.483946,100.8357625
08:01:12,91282CKN0,TSRYS5793018,D,S,C,2024-05-08,14720000.00,4.483883,100.8361375
08:01:12,91282CKN0,TSRYS5793018,D,S,A,2024-05-08,25000000.00,4.483261,100.83985
08:01:13,91282CKN0,TSRYS5793018,D,B,A,2024-05-08,8000000.00,4.481297,100.8515625
08:01:13,91282CKN0,TSRYS5793018,D,S,A,2024-05-08,25000000.00,4.482672,100.84336
08:01:13,91282CKN0,TSRYS5793018,D,S,D,2024-05-08,1000000.00,4.4838,100.8366375
08:01:13,91282CKN0,TSRYS5793018,D,S,D,2024-05-08,25000000.00,4.483261,100.83985
08:01:13,91282CKN0,TSRYS5793018,D,S,C,2024-05-08,9700000.00,4.489159,100.8046875
08:01:13,91282CKN0,TSRYS5793018,D,S,D,2024-05-08,50000000.00,4.4857,100.8253063
08:01:13,91282CKN0,TSRYS5793018,D,B,A,2024-05-08,50000000.00,4.4857,100.8253063
08:01:14,91282CKN0,TSRYS5793018,D,B,A,2024-05-08,110000.00,4.478022,100.87109375
08:01:15,91282CKN0,TSRYS5793018,D,B,C,2024-05-08,9750000.00,4.45643,101.0
08:01:15,91282CKN0,TSRYS5793018,D,S,D,2024-05-08,1950000.00,4.45643,101.0
08:01:15,91282CKN0,TSRYS5793018,D,S,D,2024-05-08,14550000.00,4.45643,101.0
08:01:15,91282CKN0,TSRYS5793018,D,B,C,2024-05-08,14550000.00,4.45643,101.0
08:01:15,91282CKN0,TSRYS5793018,D,B,C,2024-05-08,1950000.00,4.45643,101.0
08:01:16,91282CKN0,TSRYS5793018,D,S,D,2024-05-08,9750000.00,4.45643,101.0
08:01:16,91282CKN0,TSRYS5793018,D,B,C,2024-05-08,1000000.00,4.488176,100.810546875
08:01:16,91282CKN0,TSRYS5793018,D,S,D,2024-05-08,1000000.00,4.488176,100.810546875
08:01:16,91282CKN0,TSRYS5793018,D,S,C,2024-05-08,1000000.00,4.489486,100.802734375
08:01:18,91282CKN0,TSRYS5793018,D,B,C,2024-05-08,1000000.00,4.487193,100.81640625
08:01:18,91282CKN0,TSRYS5793018,D,S,C,2024-05-08,1000000.00,4.487193,100.81640625
08:01:18,91282CKN0,TSRYS5793018,D,B,C,2024-05-08,1000000.00,4.482934,100.841796875
08:01:18,91282CKN0,TSRYS5793018,D,S,C,2024-05-08,1000000.00,4.482934,100.841796875
08:01:18,91282CKN0,TSRYS5793018,D,S,D,2024-05-08,1000000.00,4.483917,100.8359375
08:01:18,91282CKN0,TSRYS5793018,D,S,D,2024-05-08,1000000.00,4.483917,100.8359375
08:01:18,91282CKN0,TSRYS5793018,D,S,C,2024-05-08,1000000.00,4.484572,100.83203125
08:01:18,91282CKN0,TSRYS5793018,D,S,D,2024-05-08,2000000.00,4.484572,100.83203125
08:01:18,91282CKN0,TSRYS5793018,D,B,C,2024-05-08,5000000.00,4.483917,100.8359375
08:01:18,91282CKN0,TSRYS5793018,D,S,D,2024-05-08,1000000.00,4.483917,100.8359375
08:01:18,91282CKN0,TSRYS5793018,D,S,D,2024-05-08,5000000.00,4.483917,100.8359375
08:01:18,91282CKN0,TSRYS5793018,D,B,C,2024-05-08,1000000.00,4.482607,100.84375
08:01:18,91282CKN0,TSRYS5793018,D,S,D,2024-05-08,2000000.00,4.482607,100.84375
08:01:18,91282CKN0,TSRYS5793018,D,S,D,2024-05-08,1000000.00,4.482607,100.84375
08:01:18,91282CKN0,TSRYS5793018,D,S,C,2024-05-08,50000.00,4.482607,100.84375
08:01:18,91282CKN0,TSRYS5793018,D,B,C,2024-05-08,2000000.00,4.482607,100.84375
08:01:18,91282CKN0,TSRYS5793018,D,S,C,2024-05-08,4900000.00,4.484572,100.83203125
08:01:19,91282CKN0,TSRYS5793018,D,S,D,2024-05-08,1500000.00,4.482607,100.84375
08:01:19,91282CKN0,TSRYS5793018,D,S,A,2024-05-08,20000.00,4.468131,100.9296875
08:01:19,91282CKN0,TSRYS5793018,D,S,D,2024-05-08,14600000.00,4.45643,101.0
08:01:19,91282CKN0,TSRYS5793018,D,S,D,2024-05-08,29200000.00,4.45643,101.0
08:01:19,91282CKN0,TSRYS5793018,D,S,D,2024-05-08,1950000.00,4.45643,101.0
08:01:19,91282CKN0,TSRYS5793018,D,S,D,2024-05-08,500000.00,4.483917,100.8359375
08:01:19,91282CKN0,TSRYS5793018,D,S,D,2024-05-08,24300000.00,4.45643,101.0
08:01:19,91282CKN0,TSRYS5793018,D,S,D,2024-05-08,1000000.00,4.483262,100.83984375
08:01:19,91282CKN0,TSRYS5793018,D,S,D,2024-05-08,9750000.00,4.45643,101.0
08:01:19,91282CKN0,TSRYS5793018,D,B,C,2024-05-08,9300000.00,4.489814,100.80078125
08:01:19,91282CKN0,TSRYS5793018,D,S,D,2024-05-08,1000000.00,4.482607,100.84375
08:01:19,91282CKN0,TSRYS5793018,D,S,C,2024-05-08,1000000.00,4.483917,100.8359375
08:01:20,91282CKN0,TSRYS5793018,D,S,D,2024-05-08,1000000.00,4.486538,100.8203125
08:01:20,91282CKN0,TSRYS5793018,D,S,C,2024-05-08,1000000.00,4.486538,100.8203125
08:01:20,91282CKN0,TSRYS5793018,D,S,T,2024-05-08,2000000.00,4.470821,100.9140625
08:01:20,91282CKN0,TSRYS5793018,D,S,T,2024-05-08,1000000.00,4.470821,100.9140625
08:01:21,91282CKN0,TSRYS5793018,D,S,T,2024-05-08,1000000.00,4.483917,100.8359375
08:01:21,91282CKN0,TSRYS5793018,D,S,T,2024-05-08,1000000.00,4.483917,100.8359375
08:01:21,91282CKN0,TSRYS5793018,D,S,T,2024-05-08,3000000.00,4.489159,100.8046875
08:01:21,91282CKN0,TSRYS5793018,D,S,T,2024-05-08,1000000.00,4.489159,100.8046875
08:01:21,91282CKN0,TSRYS5793018,D,S,T,2024-05-08,1000000.00,4.489159,100.8046875
08:01:21,91282CKN0,TSRYS5793018,D,S,T,2024-05-08,1000000.00,4.483917,100.8359375
08:01:22,91282CKN0,TSRYS5793018,D,S,A,2024-05-08,480000.00,4.470821,100.9140625
08:01:23,91282CKN0,TSRYS5793018,D,S,T,2024-05-08,1000000.00,4.471476,100.91015625
08:01:24,91282CKN0,TSRYS5793018,D,S,C,2024-05-08,1000000.00,4.452507,101.0234375
08:01:24,91282CKN0,TSRYS5793018,D,S,D,2024-05-08,1000000.00,4.455122,101.0078125
08:01:24,91282CKN0,TSRYS5793018,D,S,T,2024-05-08,1000000.00,4.474749,100.890625
08:01:24,91282CKN0,TSRYS5793018,D,S,T,2024-05-08,1000000.00,4.474774,100.890475
08:01:24,91282CKN0,TSRYS5793018,D,S,D,2024-05-08,1000000.00,4.462315,100.96484375
08:01:24,91282CKN0,TSRYS5793018,D,S,D,2024-05-08,1000000.00,4.474749,100.890625
08:01:24,91282CKN0,TSRYS5793018,D,S,D,2024-05-08,1000000.00,4.474749,100.890625
08:01:24,91282CKN0,TSRYS5793018,D,S,D,2024-05-08,1000000.00,4.474749,100.890625
08:01:24,91282CKN0,TSRYS5793018,D,S,D,2024-05-08,3000000.00,4.474749,100.890625
08:01:24,91282CKN0,TSRYS5793018,D,S,D,2024-05-08,2000000.00,4.474749,100.890625
08:01:24,91282CKN0,TSRYS5793018,D,S,D,2024-05-08,1000000.00,4.474749,100.890625
08:01:24,91282CKN0,TSRYS5793018,D,S,T,2024-05-08,1000000.00,4.474749,100.890625
08:01:24,91282CKN0,TSRYS5793018,D,S,T,2024-05-08,1000000.00,4.474749,100.890625
08:01:24,91282CKN0,TSRYS5793018,D,S,T,2024-05-08,1000000.00,4.474749,100.890625
08:01:24,91282CKN0,TSRYS5793018,D,S,D,2024-05-08,4000000.00,4.462315,100.96484375
08:01:24,91282CKN0,TSRYS5793018,D,S,T,2024-05-08,3000000.00,4.474749,100.890625
08:01:24,91282CKN0,TSRYS5793018,D,S,T,2024-05-08,1000000.00,4.474749,100.890625
08:01:24,91282CKN0,TSRYS5793018,D,S,T,2024-05-08,1000000.00,4.474749,100.890625
08:01:24,91282CKN0,TSRYS5793018,D,S,T,2024-05-08,2000000.00,4.474749,100.890625
08:01:24,91282CKN0,TSRYS5793018,D,S,T,2024-05-08,1000000.00,4.474749,100.890625
08:01:24,91282CKN0,TSRYS5793018,D,S,T,2024-05-08,1000000.00,4.474749,100.890625
08:01:24,91282CKN0,TSRYS5793018,D,S,T,2024-05-08,1000000.00,4.474421,100.89257812
08:01:24,91282CKN0,TSRYS5793018,D,S,T,2024-05-08,1000000.00,4.474421,100.89257812
08:01:24,91282CKN0,TSRYS5793018,D,S,T,2024-05-08,1000000.00,4.474421,100.89257812
08:01:24,91282CKN0,TSRYS5793018,D,S,T,2024-05-08,2000000.00,4.474421,100.89257812
08:01:24,91282CKN0,TSRYS5793018,D,S,T,2024-05-08,2000000.00,4.482607,100.84375
08:01:24,91282CKN0,TSRYS5793018,D,S,T,2024-05-08,1000000.00,4.474749,100.890625
08:01:24,91282CKN0,TSRYS5793018,D,S,T,2024-05-08,1000000.00,4.482607,100.84375
08:01:25,91282CKN0,TSRYS5793018,D,S,C,2024-05-08,480000.00,4.485227,100.828125
08:01:25,91282CKN0,TSRYS5793018,D,S,D,2024-05-08,2000000.00,4.462315,100.96484375
08:01:25,91282CKN0,TSRYS5793018,D,S,T,2024-05-08,1000000.00,4.482607,100.84375
08:01:25,91282CKN0,TSRYS5793018,D,S,T,2024-05-08,1000000.00,4.474749,100.890625
08:01:25,91282CKN0,TSRYS5793018,D,S,T,2024-05-08,1000000.00,4.474749,100.890625
08:01:25,91282CKN0,TSRYS5793018,D,S,T,2024-05-08,2000000.00,4.482624,100.843648
08:01:25,91282CKN0,TSRYS5793018,D,S,T,2024-05-08,1000000.00,4.474774,100.890475
08:01:25,91282CKN0,TSRYS5793018,D,S,T,2024-05-08,1000000.00,4.474749,100.890625
08:01:25,91282CKN0,TSRYS5793018,D,S,T,2024-05-08,2000000.00,4.462315,100.96484375
08:01:25,91282CKN0,TSRYS5793018,D,S,D,2024-05-08,2000000.00,4.474749,100.890625
08:01:25,91282CKN0,TSRYS5793018,D,S,D,2024-05-08,1000000.00,4.474749,100.890625
08:01:25,91282CKN0,TSRYS5793018,D,S,D,2024-05-08,1000000.00,4.474749,100.890625
08:01:25,91282CKN0,TSRYS5793018,D,S,D,2024-05-08,1000000.00,4.474749,100.890625
08:01:25,91282CKN0,TSRYS5793018,D,S,D,2024-05-08,2000000.00,4.474421,100.89257812
08:01:25,91282CKN0,TSRYS5793018,D,S,D,2024-05-08,1000000.00,4.474094,100.89453125
08:01:25,91282CKN0,TSRYS5793018,D,S,D,2024-05-08,2000000.00,4.474749,100.890625
08:01:25,91282CKN0,TSRYS5793018,D,S,D,2024-05-08,1000000.00,4.474749,100.890625
08:01:25,91282CKN0,TSRYS5793018,D,S,D,2024-05-08,1000000.00,4.474749,100.890625
08:01:25,91282CKN0,TSRYS5793018,D,S,D,2024-05-08,1000000.00,4.474421,100.89257812
08:01:25,91282CKN0,TSRYS5793018,D,S,D,2024-05-08,1000000.00,4.474749,100.890625
08:01:25,91282CKN0,TSRYS5793018,D,S,D,2024-05-08,1000000.00,4.474749,100.890625
08:01:25,91282CKN0,TSRYS5793018,D,S,D,2024-05-08,1000000.00,4.474749,100.890625
08:01:25,91282CKN0,TSRYS5793018,D,S,D,2024-05-08,1000000.00,4.474749,100.890625
08:01:25,91282CKN0,TSRYS5793018,D,S,D,2024-05-08,1000000.00,4.474749,100.890625
08:01:25,91282CKN0,TSRYS5793018,D,S,D,2024-05-08,1000000.00,4.474749,100.890625
08:01:25,91282CKN0,TSRYS5793018,D,S,D,2024-05-08,1000000.00,4.474094,100.89453125
08:01:25,91282CKN0,TSRYS5793018,D,S,D,2024-05-08,3000000.00,4.474421,100.89257812
08:01:25,91282CKN0,TSRYS5793018,D,S,D,2024-05-08,2000000.00,4.474421,100.89257812
08:01:25,91282CKN0,TSRYS5793018,D,S,D,2024-05-08,1000000.00,4.474421,100.89257812
08:01:25,91282CKN0,TSRYS5793018,D,S,D,2024-05-08,1000000.00,4.474421,100.89257812
08:01:25,91282CKN0,TSRYS5793018,D,S,D,2024-05-08,2000000.00,4.474421,100.89257812
08:01:25,91282CKN0,TSRYS5793018,D,S,D,2024-05-08,2000000.00,4.474421,100.89257812
08:01:25,91282CKN0,TSRYS5793018,D,B,C,2024-05-08,64000000.00,4.474748,100.89063
08:01:25,91282CKN0,TSRYS5793018,D,S,T,2024-05-08,2000000.00,4.462315,100.96484375
08:01:26,91282CKN0,TSRYS5793018,D,S,D,2024-05-08,1000000.00,4.452507,101.0234375
08:01:26,91282CKN0,TSRYS5793018,D,S,C,2024-05-08,2000000.00,4.4512,101.03125
08:01:27,91282CKN0,TSRYS5793018,D,S,T,2024-05-08,1000000.00,4.478677,100.8671875
08:01:27,91282CKN0,TSRYS5793018,D,S,T,2024-05-08,1000000.00,4.478677,100.8671875
08:01:27,91282CKN0,TSRYS5793018,D,S,T,2024-05-08,1000000.00,4.478677,100.8671875
08:01:27,91282CKN0,TSRYS5793018,D,S,T,2024-05-08,1000000.00,4.478677,100.8671875
08:01:27,91282CKN0,TSRYS5793018,D,B,A,2024-05-08,490000.00,4.478022,100.87109375
08:01:27,91282CKN0,TSRYS5793018,D,S,T,2024-05-08,1000000.00,4.477385,100.874898
08:01:28,91282CKN0,TSRYS5793018,D,S,D,2024-05-08,1000000.00,4.482607,100.84375
08:01:28,91282CKN0,TSRYS5793018,D,S,D,2024-05-08,1000000.00,4.458064,100.990234375
08:01:28,91282CKN0,TSRYS5793018,D,S,D,2024-05-08,1000000.00,4.457737,100.9921875
08:01:28,91282CKN0,TSRYS5793018,D,S,C,2024-05-08,1000000.00,4.457737,100.9921875
08:01:28,91282CKN0,TSRYS5793018,D,S,D,2024-05-08,1000000.00,4.452507,101.0234375
08:01:28,91282CKN0,TSRYS5793018,D,S,T,2024-05-08,1000000.00,4.452507,101.0234375
08:01:29,91282CKN0,TSRYS5793018,D,S,D,2024-05-08,1000000.00,4.461007,100.97265625
08:01:29,91282CKN0,TSRYS5793018,D,S,D,2024-05-08,2000000.00,4.461007,100.97265625
08:01:30,91282CKN0,TSRYS5793018,D,S,D,2024-05-08,1000000.00,4.483917,100.8359375
08:01:30,91282CKN0,TSRYS5793018,D,S,D,2024-05-08,1000000.00,4.461007,100.97265625
08:01:30,91282CKN0,TSRYS5793018,D,S,T,2024-05-08,2000000.00,4.483917,100.8359375
08:01:30,91282CKN0,TSRYS5793018,D,S,D,2024-05-08,1000000.00,4.483917,100.8359375
08:01:30,91282CKN0,TSRYS5793018,D,S,T,2024-05-08,1000000.00,4.483917,100.8359375
08:01:30,91282CKN0,TSRYS5793018,D,S,T,2024-05-08,1000000.00,4.483917,100.8359375
08:01:30,91282CKN0,TSRYS5793018,D,S,T,2024-05-08,1000000.00,4.483917,100.8359375
08:01:30,91282CKN0,TSRYS5793018,D,S,T,2024-05-08,2000000.00,4.483917,100.8359375
08:01:30,91282CKN0,TSRYS5793018,D,S,T,2024-05-08,1000000.00,4.483917,100.8359375
08:01:30,91282CKN0,TSRYS5793018,D,S,D,2024-05-08,1000000.00,4.460353,100.9765625
08:01:30,91282CKN0,TSRYS5793018,D,S,D,2024-05-08,500000.00,4.464278,100.953125
08:01:30,91282CKN0,TSRYS5793018,D,S,D,2024-05-08,1000000.00,4.452507,101.0234375
08:01:30,91282CKN0,TSRYS5793018,D,S,T,2024-05-08,1000000.00,4.464278,100.953125
08:01:30,91282CKN0,TSRYS5793018,D,S,D,2024-05-08,1000000.00,4.485227,100.828125
08:01:30,91282CKN0,TSRYS5793018,D,S,T,2024-05-08,1000000.00,4.464278,100.953125
08:01:31,91282CKN0,TSRYS5793018,D,S,D,2024-05-08,1000000.00,4.45218,101.02539062
08:01:31,91282CKN0,TSRYS5793018,D,S,D,2024-05-08,1000000.00,4.45218,101.02539062
08:01:31,91282CKN0,TSRYS5793018,D,S,C,2024-05-08,1000000.00,4.454141,101.01367187
08:01:32,91282CKN0,TSRYS5793018,D,B,C,2024-05-08,1000000.00,4.468203,100.9296875
08:01:33,91282CKN0,TSRYS5793018,D,S,C,2024-05-08,1000000.00,4.467222,100.93554687
08:01:33,91282CKN0,TSRYS5793018,D,S,C,2024-05-08,1000000.00,4.467222,100.93554687
08:01:33,91282CKN0,TSRYS5793018,D,S,C,2024-05-08,1000000.00,4.467222,100.93554687
08:01:33,91282CKN0,TSRYS5793018,D,S,C,2024-05-08,1000000.00,4.467222,100.93554687
08:01:33,91282CKN0,TSRYS5793018,D,S,D,2024-05-08,5000000.00,4.467222,100.93554687
08:01:33,91282CKN0,TSRYS5793018,D,S,D,2024-05-08,961000.00,4.474749,100.890625
08:01:34,91282CKN0,TSRYS5793018,D,B,C,2024-05-08,33000000.00,4.461079,100.97223
08:01:34,91282CKN0,TSRYS5793018,D,B,C,2024-05-08,30000000.00,4.465392,100.94647
08:01:34,91282CKN0,TSRYS5793018,D,S,D,2024-05-08,2000000.00,4.466895,100.9375
08:01:34,91282CKN0,TSRYS5793018,D,S,C,2024-05-08,4800000.00,4.481952,100.84765625
08:01:34,91282CKN0,TSRYS5793018,D,S,T,2024-05-08,2000000.00,4.466895,100.9375
08:01:34,91282CKN0,TSRYS5793018,D,S,D,2024-05-08,2000000.00,4.466895,100.9375
08:01:34,91282CKN0,TSRYS5793018,D,S,T,2024-05-08,2000000.00,4.466895,100.9375
08:01:34,91282CKN0,TSRYS5793018,D,S,D,2024-05-08,2000000.00,4.466895,100.9375
08:01:34,91282CKN0,TSRYS5793018,D,S,C,2024-05-08,1000000.00,4.4512,101.03125
08:01:35,91282CKN0,TSRYS5793018,D,S,T,2024-05-08,1000000.00,4.474421,100.89257812
08:01:35,91282CKN0,TSRYS5793018,D,S,T,2024-05-08,1000000.00,4.474749,100.890625
08:01:35,91282CKN0,TSRYS5793018,D,S,T,2024-05-08,1000000.00,4.474749,100.890625
08:01:36,91282CKN0,TSRYS5793018,D,S,D,2024-05-08,1000000.00,4.462315,100.96484375
08:01:36,91282CKN0,TSRYS5793018,D,S,D,2024-05-08,2000000.00,4.462315,100.96484375
08:01:36,91282CKN0,TSRYS5793018,D,S,D,2024-05-08,1000000.00,4.461988,100.966796875
08:01:36,91282CKN0,TSRYS5793018,D,S,D,2024-05-08,1000000.00,4.460353,100.9765625
08:01:36,91282CKN0,TSRYS5793018,D,S,D,2024-05-08,1000000.00,4.460026,100.978515625
08:01:36,91282CKN0,TSRYS5793018,D,S,D,2024-05-08,1000000.00,4.460353,100.9765625
08:01:36,91282CKN0,TSRYS5793018,D,S,C,2024-05-08,1000000.00,4.464278,100.953125
08:01:36,91282CKN0,TSRYS5793018,D,S,C,2024-05-08,4000000.00,4.463624,100.95703125
08:01:36,91282CKN0,TSRYS5793018,D,S,D,2024-05-08,1000000.00,4.463951,100.955078125
08:01:36,91282CKN0,TSRYS5793018,D,B,C,2024-05-08,1000000.00,4.463951,100.955078125
08:01:36,91282CKN0,TSRYS5793018,D,S,C,2024-05-08,4000000.00,4.463624,100.95703125
08:01:36,91282CKN0,TSRYS5793018,D,S,D,2024-05-08,1000000.00,4.463624,100.95703125
08:01:36,91282CKN0,TSRYS5793018,D,B,C,2024-05-08,1000000.00,4.463624,100.95703125
08:01:36,91282CKN0,TSRYS5793018,D,S,C,2024-05-08,1000000.00,4.462969,100.9611125
08:01:36,91282CKN0,TSRYS5793018,D,B,C,2024-05-08,1000000.00,4.462969,100.9609375
08:01:36,91282CKN0,TSRYS5793018,D,S,C,2024-05-08,1000000.00,4.462969,100.9611125
08:01:36,91282CKN0,TSRYS5793018,D,B,C,2024-05-08,1000000.00,4.462969,100.9609375
08:01:36,91282CKN0,TSRYS5793018,D,S,C,2024-05-08,1000000.00,4.462969,100.9611125
08:01:36,91282CKN0,TSRYS5793018,D,B,C,2024-05-08,1000000.00,4.462969,100.9609375
08:01:36,91282CKN0,TSRYS5793018,D,S,C,2024-05-08,1000000.00,4.462969,100.9611125
08:01:36,91282CKN0,TSRYS5793018,D,B,C,2024-05-08,1000000.00,4.462969,100.9609375
08:01:36,91282CKN0,TSRYS5793018,D,S,C,2024-05-08,1000000.00,4.462969,100.9611125
08:01:36,91282CKN0,TSRYS5793018,D,B,C,2024-05-08,1000000.00,4.462969,100.9609375
08:01:36,91282CKN0,TSRYS5793018,D,S,C,2024-05-08,1000000.00,4.462969,100.9611125
08:01:36,91282CKN0,TSRYS5793018,D,B,C,2024-05-08,1000000.00,4.462969,100.9609375
08:01:36,91282CKN0,TSRYS5793018,D,S,C,2024-05-08,1000000.00,4.462969,100.9611125
08:01:36,91282CKN0,TSRYS5793018,D,B,C,2024-05-08,1000000.00,4.462969,100.9609375
08:01:36,91282CKN0,TSRYS5793018,D,S,C,2024-05-08,1000000.00,4.4512,101.03125
08:01:36,91282CKN0,TSRYS5793018,D,S,C,2024-05-08,1000000.00,4.4512,101.03125
08:01:36,91282CKN0,TSRYS5793018,D,S,D,2024-05-08,1000000.00,4.460026,100.97851562
08:01:37,91282CKN0,TSRYS5793018,D,S,T,2024-05-08,1000000.00,4.461007,100.97265625
08:01:37,91282CKN0,TSRYS5793018,D,S,D,2024-05-08,2000000.00,4.461007,100.97265625
08:01:37,91282CKN0,TSRYS5793018,D,S,T,2024-05-08,2000000.00,4.461007,100.97265625
08:01:37,91282CKN0,TSRYS5793018,D,S,T,2024-05-08,1000000.00,4.461007,100.97265625
08:01:38,91282CKN0,TSRYS5793018,D,S,T,2024-05-08,1000000.00,4.460353,100.9765625
08:01:38,91282CKN0,TSRYS5793018,D,S,D,2024-05-08,2000000.00,4.460353,100.9765625
08:01:38,91282CKN0,TSRYS5793018,D,S,C,2024-05-08,1000000.00,4.462969,100.9611125
08:01:38,91282CKN0,TSRYS5793018,D,S,D,2024-05-08,2000000.00,4.460353,100.9765625
08:01:38,91282CKN0,TSRYS5793018,D,S,D,2024-05-08,1000000.00,4.460353,100.9765625
08:01:38,91282CKN0,TSRYS5793018,D,S,D,2024-05-08,3000000.00,4.460353,100.9765625
08:01:38,91282CKN0,TSRYS5793018,D,S,D,2024-05-08,2000000.00,4.46068,100.97460937
08:01:38,91282CKN0,TSRYS5793018,D,S,D,2024-05-08,1000000.00,4.46068,100.97460937
08:01:38,91282CKN0,TSRYS5793018,D,S,T,2024-05-08,1000000.00,4.462315,100.96484375
08:01:38,91282CKN0,TSRYS5793018,D,S,T,2024-05-08,2000000.00,4.462315,100.96484375
08:01:38,91282CKN0,TSRYS5793018,D,S,D,2024-05-08,2000000.00,4.462315,100.96484375
08:01:38,91282CKN0,TSRYS5793018,D,S,D,2024-05-08,2000000.00,4.462315,100.96484375
08:01:38,91282CKN0,TSRYS5793018,D,S,D,2024-05-08,2000000.00,4.462315,100.96484375
08:01:38,91282CKN0,TSRYS5793018,D,S,D,2024-05-08,2000000.00,4.462315,100.96484375
08:01:38,91282CKN0,TSRYS5793018,D,S,D,2024-05-08,1000000.00,4.462315,100.96484375
08:01:38,91282CKN0,TSRYS5793018,D,S,D,2024-05-08,1000000.00,4.461988,100.96679687
08:01:38,91282CKN0,TSRYS5793018,D,S,T,2024-05-08,1000000.00,4.461988,100.96679687
08:01:38,91282CKN0,TSRYS5793018,D,S,T,2024-05-08,1000000.00,4.460026,100.97851562
08:01:38,91282CKN0,TSRYS5793018,D,S,T,2024-05-08,1000000.00,4.460353,100.9765625
08:01:38,91282CKN0,TSRYS5793018,D,S,C,2024-05-08,1000000.00,4.460353,100.9765625
08:01:38,91282CKN0,TSRYS5793018,D,S,D,2024-05-08,1000000.00,4.460353,100.9765625
08:01:39,91282CKN0,TSRYS5793018,D,S,T,2024-05-08,3000000.00,4.45741,100.99414062
08:01:39,91282CKN0,TSRYS5793018,D,S,T,2024-05-08,1000000.00,4.47213,100.90625
08:01:40,91282CKN0,TSRYS5793018,D,S,T,2024-05-08,1000000.00,4.469193,100.92377812
08:01:40,91282CKN0,TSRYS5793018,D,S,C,2024-05-08,1000000.00,4.462969,100.9611125
08:01:40,91282CKN0,TSRYS5793018,D,B,C,2024-05-08,1000000.00,4.466895,100.9375
08:01:40,91282CKN0,TSRYS5793018,D,B,C,2024-05-08,1000000.00,4.466895,100.9375
08:01:42,91282CKN0,TSRYS5793018,D,B,C,2024-05-08,5000000.00,4.463624,100.95703125
08:01:42,91282CKN0,TSRYS5793018,D,S,C,2024-05-08,5000000.00,4.463624,100.95703125
08:01:43,91282CKN0,TSRYS5793018,D,S,T,2024-05-08,1000000.00,4.489814,100.80078125
08:01:44,91282CKN0,TSRYS5793018,D,B,C,2024-05-08,1000000.00,4.471803,100.90820312
08:01:44,91282CKN0,TSRYS5793018,D,B,C,2024-05-08,1000000.00,4.472458,100.90429687
08:01:45,91282CKN0,TSRYS5793018,D,S,D,2024-05-08,1000000.00,4.481297,100.8515625
08:01:45,91282CKN0,TSRYS5793018,D,S,C,2024-05-08,17000000.00,4.471691,100.90887
08:01:46,91282CKN0,TSRYS5793018,D,S,C,2024-05-08,1000000.00,4.464278,100.953125
08:01:46,91282CKN0,TSRYS5793018,D,S,C,2024-05-08,1000000.00,4.465586,100.9453125
08:01:46,91282CKN0,TSRYS5793018,D,S,C,2024-05-08,1000000.00,4.465586,100.9453125
08:01:46,91282CKN0,TSRYS5793018,D,S,C,2024-05-08,4000000.00,4.466241,100.94140625
08:01:46,91282CKN0,TSRYS5793018,D,B,C,2024-05-08,3000000.00,4.476385,100.88085937
08:01:46,91282CKN0,TSRYS5793018,D,B,C,2024-05-08,3000000.00,4.476385,100.88085937
08:01:47,91282CKN0,TSRYS5793018,D,B,C,2024-05-08,1000000.00,4.477368,100.875
08:01:47,91282CKN0,TSRYS5793018,D,S,C,2024-05-08,1000000.00,4.466895,100.9375
08:01:47,91282CKN0,TSRYS5793018,D,B,C,2024-05-08,1000000.00,4.477368,100.875
08:01:47,91282CKN0,TSRYS5793018,D,B,C,2024-05-08,1000000.00,4.477368,100.875
08:01:47,91282CKN0,TSRYS5793018,D,S,D,2024-05-08,2000000.00,4.466895,100.9375
08:01:47,91282CKN0,TSRYS5793018,D,S,D,2024-05-08,2000000.00,4.466895,100.9375
08:01:47,91282CKN0,TSRYS5793018,D,S,T,2024-05-08,1000000.00,4.485227,100.828125
08:01:47,91282CKN0,TSRYS5793018,D,S,C,2024-05-08,1000000.00,4.470494,100.916015625
08:01:47,91282CKN0,TSRYS5793018,D,B,C,2024-05-08,1000000.00,4.480314,100.85742187
08:01:47,91282CKN0,TSRYS5793018,D,B,C,2024-05-08,1000000.00,4.480314,100.85742187
08:01:47,91282CKN0,TSRYS5793018,D,S,T,2024-05-08,2000000.00,4.482296,100.845603125
08:01:47,91282CKN0,TSRYS5793018,D,S,T,2024-05-08,1000000.00,4.482296,100.845603125
08:01:48,91282CKN0,TSRYS5793018,D,S,D,2024-05-08,4110000.00,4.481952,100.84765625
08:01:48,91282CKN0,TSRYS5793018,D,B,A,2024-05-08,3000000.00,4.482607,100.84375
08:01:48,91282CKN0,TSRYS5793018,D,S,D,2024-05-08,50000.00,,100.84375
08:01:48,91282CKN0,TSRYS5793018,D,S,D,2024-05-08,920000.00,4.477368,100.875
08:01:49,91282CKN0,TSRYS5793018,D,S,D,2024-05-08,470000.00,4.476713,100.87890625
08:01:49,91282CKN0,TSRYS5793018,D,B,C,2024-05-08,1000000.00,4.479987,100.859375
08:01:50,91282CKN0,TSRYS5793018,D,B,C,2024-05-08,1000000.00,4.477368,100.875
08:01:50,91282CKN0,TSRYS5793018,D,S,C,2024-05-08,34000000.00,4.478575,100.8678
08:01:52,91282CKN0,TSRYS5793018,D,S,T,2024-05-08,1000000.00,4.47704,100.87695312
08:01:52,91282CKN0,TSRYS5793018,D,S,D,2024-05-08,1000000.00,4.47704,100.87695312
08:01:52,91282CKN0,TSRYS5793018,D,S,C,2024-05-08,1000000.00,4.47704,100.87695312
08:01:52,91282CKN0,TSRYS5793018,D,S,C,2024-05-08,440000.00,4.486538,100.8203125
08:01:52,91282CKN0,TSRYS5793018,D,S,T,2024-05-08,1000000.00,4.478022,100.87109375
08:01:52,91282CKN0,TSRYS5793018,D,S,D,2024-05-08,2000000.00,4.479332,100.86328125
08:01:52,91282CKN0,TSRYS5793018,D,S,D,2024-05-08,1000000.00,4.479332,100.86328125
08:01:53,91282CKN0,TSRYS5793018,D,S,C,2024-05-08,1000000.00,4.481624,100.84960937
08:01:53,91282CKN0,TSRYS5793018,D,S,C,2024-05-08,1000000.00,4.481624,100.84960937
08:01:53,91282CKN0,TSRYS5793018,D,S,D,2024-05-08,2000000.00,4.482279,100.84570312
08:01:53,91282CKN0,TSRYS5793018,D,S,D,2024-05-08,1000000.00,4.482279,100.84570312
08:01:54,91282CKN0,TSRYS5793018,D,S,C,2024-05-08,1000000.00,4.484244,100.83398437
08:01:54,91282CKN0,TSRYS5793018,D,S,C,2024-05-08,1000000.00,4.484572,100.83203125
08:01:54,91282CKN0,TSRYS5793018,D,S,D,2024-05-08,1000000.00,4.484244,100.83398437
08:01:54,91282CKN0,TSRYS5793018,D,S,D,2024-05-08,2000000.00,4.484244,100.83398437
08:01:54,91282CKN0,TSRYS5793018,D,S,C,2024-05-08,1000000.00,4.482279,100.84570312
08:01:54,91282CKN0,TSRYS5793018,D,S,T,2024-05-08,2000000.00,4.482279,100.84570312
08:01:54,91282CKN0,TSRYS5793018,D,S,T,2024-05-08,2000000.00,4.482607,100.84375
08:01:54,91282CKN0,TSRYS5793018,D,S,T,2024-05-08,1000000.00,4.482607,100.84375
08:01:54,91282CKN0,TSRYS5793018,D,S,D,2024-05-08,1000000.00,4.482607,100.84375
08:01:54,91282CKN0,TSRYS5793018,D,S,C,2024-05-08,1000000.00,4.482607,100.84375
08:01:54,91282CKN0,TSRYS5793018,D,S,C,2024-05-08,2000000.00,4.482607,100.84375
08:01:54,91282CKN0,TSRYS5793018,D,S,C,2024-05-08,1000000.00,4.482607,100.84375
08:01:54,91282CKN0,TSRYS5793018,D,S,D,2024-05-08,1000000.00,4.482607,100.84375
08:01:54,91282CKN0,TSRYS5793018,D,S,C,2024-05-08,2000000.00,4.482607,100.84375
08:01:54,91282CKN0,TSRYS5793018,D,S,T,2024-05-08,2000000.00,4.48264,100.84355
08:01:54,91282CKN0,TSRYS5793018,D,S,D,2024-05-08,2000000.00,4.482279,100.84570312
08:01:54,91282CKN0,TSRYS5793018,D,S,D,2024-05-08,1000000.00,4.482279,100.84570312
08:01:54,91282CKN0,TSRYS5793018,D,S,C,2024-05-08,1000000.00,4.481952,100.84765625
08:01:54,91282CKN0,TSRYS5793018,D,S,D,2024-05-08,1000000.00,4.481952,100.84765625
08:01:55,91282CKN0,TSRYS5793018,D,S,D,2024-05-08,1000000.00,4.482279,100.84570312
08:01:55,91282CKN0,TSRYS5793018,D,S,D,2024-05-08,2000000.00,4.482279,100.84570312
08:01:55,91282CKN0,TSRYS5793018,D,S,D,2024-05-08,2000000.00,4.481297,100.8515625
08:01:55,91282CKN0,TSRYS5793018,D,S,D,2024-05-08,1000000.00,4.481297,100.8515625
08:01:55,91282CKN0,TSRYS5793018,D,S,D,2024-05-08,2000000.00,4.482279,100.84570312
08:01:55,91282CKN0,TSRYS5793018,D,S,C,2024-05-08,1000000.00,4.482279,100.84570312
08:01:56,91282CKN0,TSRYS5793018,D,S,D,2024-05-08,1000000.00,4.474749,100.890625
08:01:56,91282CKN0,TSRYS5793018,D,S,D,2024-05-08,1000000.00,4.474749,100.890625
08:01:56,91282CKN0,TSRYS5793018,D,S,C,2024-05-08,1000000.00,4.474749,100.890625
08:01:56,91282CKN0,TSRYS5793018,D,S,D,2024-05-08,1000000.00,4.474749,100.890625
08:01:56,91282CKN0,TSRYS5793018,D,S,C,2024-05-08,1000000.00,4.474749,100.890625
08:01:56,91282CKN0,TSRYS5793018,D,S,C,2024-05-08,3000000.00,4.474749,100.890625
08:01:56,91282CKN0,TSRYS5793018,D,S,C,2024-05-08,2000000.00,4.474749,100.890625
08:01:56,91282CKN0,TSRYS5793018,D,S,D,2024-05-08,1000000.00,4.474749,100.890625
08:01:56,91282CKN0,TSRYS5793018,D,S,C,2024-05-08,1000000.00,4.474749,100.890625
08:01:56,91282CKN0,TSRYS5793018,D,S,C,2024-05-08,1000000.00,4.474749,100.890625
08:01:56,91282CKN0,TSRYS5793018,D,S,C,2024-05-08,1000000.00,4.474421,100.892578125
08:01:56,91282CKN0,TSRYS5793018,D,S,D,2024-05-08,1000000.00,4.474421,100.892578125
08:01:56,91282CKN0,TSRYS5793018,D,S,C,2024-05-08,1000000.00,4.474421,100.892578125
08:01:57,91282CKN0,TSRYS5793018,D,S,D,2024-05-08,2000000.00,4.474421,100.892578125
08:01:57,91282CKN0,TSRYS5793018,D,S,C,2024-05-08,1000000.00,4.474749,100.890625
08:01:57,91282CKN0,TSRYS5793018,D,S,C,2024-05-08,1000000.00,4.474749,100.890625
08:01:57,91282CKN0,TSRYS5793018,D,S,C,2024-05-08,1000000.00,4.474749,100.890625
08:01:57,91282CKN0,TSRYS5793018,D,S,C,2024-05-08,1000000.00,4.474749,100.890625
08:01:57,91282CKN0,TSRYS5793018,D,B,C,2024-05-08,1000000.00,4.474749,100.890625
08:01:57,91282CKN0,TSRYS5793018,D,S,D,2024-05-08,1000000.00,4.474749,100.890625
08:01:57,91282CKN0,TSRYS5793018,D,S,T,2024-05-08,1000000.00,4.479987,100.859375
08:01:58,91282CKN0,TSRYS5793018,D,S,C,2024-05-08,1000000.00,4.477368,100.875
08:01:58,91282CKN0,TSRYS5793018,D,S,C,2024-05-08,1000000.00,4.477368,100.875175
08:01:58,91282CKN0,TSRYS5793018,D,S,D,2024-05-08,1000000.00,4.477368,100.875
08:01:58,91282CKN0,TSRYS5793018,D,B,A,2024-05-08,2450000.00,,100.953125
08:01:58,91282CKN0,TSRYS5793018,D,B,A,2024-05-08,490000.00,,100.953125
08:01:59,91282CKN0,TSRYS5793018,D,B,C,2024-05-08,1000000.00,4.478677,100.8671875
08:01:59,91282CKN0,TSRYS5793018,D,S,C,2024-05-08,1000000.00,4.478677,100.8671875
08:02:00,91282CKN0,TSRYS5793018,D,B,C,2024-05-08,2000000.00,4.476058,100.8828125
08:02:00,91282CKN0,TSRYS5793018,D,S,C,2024-05-08,2000000.00,4.476058,100.8828125
08:02:00,91282CKN0,TSRYS5793018,D,S,C,2024-05-08,1000000.00,4.476058,100.8828125
08:02:00,91282CKN0,TSRYS5793018,D,B,C,2024-05-08,1000000.00,4.476058,100.8828125
08:02:00,91282CKN0,TSRYS5793018,D,S,C,2024-05-08,1000000.00,4.476058,100.8828125
08:02:00,91282CKN0,TSRYS5793018,D,S,T,2024-05-08,1000000.00,4.474749,100.890625
08:02:01,91282CKN0,TSRYS5793018,D,B,C,2024-05-08,2000000.00,4.473439,100.8984375
08:02:01,91282CKN0,TSRYS5793018,D,S,C,2024-05-08,2000000.00,4.473439,100.8984375
08:02:01,91282CKN0,TSRYS5793018,D,S,C,2024-05-08,1000000.00,4.473439,100.8984375
08:02:01,91282CKN0,TSRYS5793018,D,B,C,2024-05-08,1000000.00,4.473439,100.8982625
08:02:01,91282CKN0,TSRYS5793018,D,S,C,2024-05-08,1000000.00,4.473439,100.8984375
08:02:01,91282CKN0,TSRYS5793018,D,B,C,2024-05-08,1000000.00,4.488176,100.81054687
08:02:02,91282CKN0,TSRYS5793018,D,S,C,2024-05-08,7000000.00,4.47386,100.89593
08:02:02,91282CKN0,TSRYS5793018,D,S,D,2024-05-08,1000000.00,4.489486,100.80273437
08:02:02,91282CKN0,TSRYS5793018,D,S,C,2024-05-08,1000000.00,4.489486,100.80273437
08:02:03,91282CKN0,TSRYS5793018,D,S,C,2024-05-08,4110000.00,4.481297,100.851562
08:02:04,91282CKN0,TSRYS5793018,D,S,C,2024-05-08,1000000.00,4.486538,100.8203125
08:02:04,91282CKN0,TSRYS5793018,D,S,D,2024-05-08,1000000.00,4.486865,100.81835937
08:02:04,91282CKN0,TSRYS5793018,D,S,T,2024-05-08,1000000.00,4.474749,100.890625
08:02:04,91282CKN0,TSRYS5793018,D,S,D,2024-05-08,1000000.00,4.484572,100.83203125
08:02:04,91282CKN0,TSRYS5793018,D,S,C,2024-05-08,1000000.00,4.484244,100.83398437
08:02:05,91282CKN0,TSRYS5793018,D,S,T,2024-05-08,1000000.00,4.484572,100.83203125
08:02:05,91282CKN0,TSRYS5793018,D,S,D,2024-05-08,2000000.00,4.484572,100.83203125
08:02:05,91282CKN0,TSRYS5793018,D,S,D,2024-05-08,1000000.00,4.484572,100.83203125
08:02:05,91282CKN0,TSRYS5793018,D,B,C,2024-05-08,31000000.00,4.483536,100.83821
08:02:05,91282CKN0,TSRYS5793018,D,S,D,2024-05-08,2000000.00,4.482934,100.84179687
08:02:05,91282CKN0,TSRYS5793018,D,S,D,2024-05-08,1000000.00,4.482934,100.84179687
08:02:05,91282CKN0,TSRYS5793018,D,S,D,2024-05-08,2000000.00,4.482934,100.84179687
08:02:05,91282CKN0,TSRYS5793018,D,S,D,2024-05-08,1000000.00,4.482934,100.84179687
08:02:05,91282CKN0,TSRYS5793018,D,S,C,2024-05-08,1000000.00,4.483262,100.83984375
08:02:05,91282CKN0,TSRYS5793018,D,S,C,2024-05-08,1000000.00,4.483262,100.83984375
08:02:05,91282CKN0,TSRYS5793018,D,S,D,2024-05-08,1000000.00,4.483262,100.83984375
08:02:05,91282CKN0,TSRYS5793018,D,S,D,2024-05-08,3000000.00,4.483262,100.83984375
08:02:05,91282CKN0,TSRYS5793018,D,S,D,2024-05-08,3000000.00,4.483262,100.83984375
08:02:05,91282CKN0,TSRYS5793018,D,S,D,2024-05-08,2000000.00,4.483262,100.83984375
08:02:05,91282CKN0,TSRYS5793018,D,S,D,2024-05-08,1000000.00,4.474094,100.89453125
08:02:05,91282CKN0,TSRYS5793018,D,B,C,2024-05-08,1000000.00,4.474094,100.89453125
08:02:05,91282CKN0,TSRYS5793018,D,S,C,2024-05-08,1000000.00,4.47213,100.90625
08:02:05,91282CKN0,TSRYS5793018,D,B,C,2024-05-08,1000000.00,4.47213,100.90625
08:02:05,91282CKN0,TSRYS5793018,D,S,D,2024-05-08,1000000.00,4.483262,100.83984375
08:02:05,91282CKN0,TSRYS5793018,D,S,D,2024-05-08,2000000.00,4.482934,100.84179687
08:02:05,91282CKN0,TSRYS5793018,D,S,D,2024-05-08,1000000.00,4.482934,100.84179687
08:02:05,91282CKN0,TSRYS5793018,D,S,C,2024-05-08,1000000.00,4.481952,100.84765625
08:02:05,91282CKN0,TSRYS5793018,D,B,C,2024-05-08,1000000.00,4.481624,100.84960937
08:02:05,91282CKN0,TSRYS5793018,D,B,C,2024-05-08,1000000.00,4.482607,100.84375
08:02:05,91282CKN0,TSRYS5793018,D,S,D,2024-05-08,2000000.00,4.483589,100.83789062
08:02:06,91282CKN0,TSRYS5793018,D,S,D,2024-05-08,3000000.00,4.483589,100.83789062
08:02:06,91282CKN0,TSRYS5793018,D,S,D,2024-05-08,1000000.00,4.483262,100.83984375
08:02:06,91282CKN0,TSRYS5793018,D,S,D,2024-05-08,2000000.00,4.482934,100.84179687
08:02:06,91282CKN0,TSRYS5793018,D,S,T,2024-05-08,1000000.00,4.483262,100.83984375
08:02:06,91282CKN0,TSRYS5793018,D,S,D,2024-05-08,1000000.00,4.482934,100.84179687
08:02:06,91282CKN0,TSRYS5793018,D,S,T,2024-05-08,2000000.00,4.483917,100.8359375
08:02:06,91282CKN0,TSRYS5793018,D,S,D,2024-05-08,3000000.00,4.483262,100.83984375
08:02:06,91282CKN0,TSRYS5793018,D,S,C,2024-05-08,1000000.00,4.483262,100.83984375
08:02:06,91282CKN0,TSRYS5793018,D,S,D,2024-05-08,1000000.00,4.472458,100.904296875
08:02:06,91282CKN0,TSRYS5793018,D,B,C,2024-05-08,1000000.00,4.472458,100.904296875
08:02:06,91282CKN0,TSRYS5793018,D,B,C,2024-05-08,1000000.00,4.482607,100.84375
08:02:06,91282CKN0,TSRYS5793018,D,B,C,2024-05-08,2000000.00,4.482607,100.84375
08:02:06,91282CKN0,TSRYS5793018,D,B,C,2024-05-08,1000000.00,4.482607,100.84375
08:02:06,91282CKN0,TSRYS5793018,D,B,C,2024-05-08,1000000.00,4.482607,100.84375
08:02:06,91282CKN0,TSRYS5793018,D,B,C,2024-05-08,1000000.00,4.482607,100.84375
08:02:06,91282CKN0,TSRYS5793018,D,B,C,2024-05-08,1000000.00,4.482607,100.84375
08:02:06,91282CKN0,TSRYS5793018,D,B,C,2024-05-08,1000000.00,4.482607,100.84375
08:02:06,91282CKN0,TSRYS5793018,D,B,C,2024-05-08,1000000.00,4.482607,100.84375
08:02:06,91282CKN0,TSRYS5793018,D,B,C,2024-05-08,2000000.00,4.482607,100.84375
08:02:06,91282CKN0,TSRYS5793018,D,B,C,2024-05-08,1000000.00,4.482607,100.84375
08:02:06,91282CKN0,TSRYS5793018,D,B,C,2024-05-08,1000000.00,4.482607,100.84375
08:02:06,91282CKN0,TSRYS5793018,D,B,C,2024-05-08,2000000.00,4.482607,100.84375
08:02:06,91282CKN0,TSRYS5793018,D,S,D,2024-05-08,1000000.00,4.482934,100.84179687
08:02:06,91282CKN0,TSRYS5793018,D,S,D,2024-05-08,2000000.00,4.482934,100.84179687
08:02:07,91282CKN0,TSRYS5793018,D,S,D,2024-05-08,2000000.00,4.482934,100.84179687
08:02:07,91282CKN0,TSRYS5793018,D,B,C,2024-05-08,68000000.00,4.482496,100.84441
08:02:07,91282CKN0,TSRYS5793018,D,S,D,2024-05-08,25000000.00,4.482672,100.84336
08:02:07,91282CKN0,TSRYS5793018,D,B,C,2024-05-08,1000000.00,4.482607,100.84375
08:02:07,91282CKN0,TSRYS5793018,D,S,D,2024-05-08,3000.00,4.483917,100.8359375
08:02:07,91282CKN0,TSRYS5793018,D,S,C,2024-05-08,1000000.00,4.453789,101.015775
08:02:07,91282CKN0,TSRYS5793018,D,S,D,2024-05-08,500000.00,4.489159,100.8046875
08:02:07,91282CKN0,TSRYS5793018,D,S,D,2024-05-08,500000.00,4.489159,100.8046875
08:02:07,91282CKN0,TSRYS5793018,D,B,C,2024-05-08,1000000.00,4.451225,101.0311
08:02:07,91282CKN0,TSRYS5793018,D,S,D,2024-05-08,1000000.00,4.4512,101.03125
08:02:07,91282CKN0,TSRYS5793018,D,S,C,2024-05-08,1000000.00,4.4512,101.03125
08:02:07,91282CKN0,TSRYS5793018,D,B,C,2024-05-08,1000000.00,4.451225,101.0311
08:02:07,91282CKN0,TSRYS5793018,D,S,C,2024-05-08,1000000.00,4.451166,101.03145
08:02:07,91282CKN0,TSRYS5793018,D,B,C,2024-05-08,1000000.00,4.4512,101.03125
08:02:08,91282CKN0,TSRYS5793018,D,B,C,2024-05-08,1000000.00,4.486538,100.8203125
08:02:08,91282CKN0,TSRYS5793018,D,S,C,2024-05-08,1000000.00,4.451166,101.03145
08:02:08,91282CKN0,TSRYS5793018,D,B,C,2024-05-08,3000000.00,4.485555,100.82617187
08:02:08,91282CKN0,TSRYS5793018,D,B,C,2024-05-08,1000000.00,4.453815,101.015625
08:02:08,91282CKN0,TSRYS5793018,D,B,C,2024-05-08,1000000.00,4.453815,101.015625
08:02:08,91282CKN0,TSRYS5793018,D,S,C,2024-05-08,1000000.00,4.453815,101.015625
08:02:08,91282CKN0,TSRYS5793018,D,S,D,2024-05-08,1000000.00,4.453815,101.015625
08:02:08,91282CKN0,TSRYS5793018,D,S,C,2024-05-08,1000000.00,4.453781,101.015825
08:02:08,91282CKN0,TSRYS5793018,D,B,C,2024-05-08,1000000.00,4.453815,101.015625
08:02:08,91282CKN0,TSRYS5793018,D,S,C,2024-05-08,1000000.00,4.453781,101.015825
08:02:08,91282CKN0,TSRYS5793018,D,S,D,2024-05-08,1000000.00,4.453815,101.015625
08:02:08,91282CKN0,TSRYS5793018,D,B,C,2024-05-08,1000000.00,4.456459,100.999825
08:02:08,91282CKN0,TSRYS5793018,D,S,A,2024-05-08,2000000.00,4.469512,100.921875
08:02:08,91282CKN0,TSRYS5793018,D,B,C,2024-05-08,1000000.00,4.456459,100.999825
08:02:08,91282CKN0,TSRYS5793018,D,B,C,2024-05-08,1000000.00,4.453815,101.015625
08:02:08,91282CKN0,TSRYS5793018,D,B,C,2024-05-08,1000000.00,4.453815,101.015625
08:02:08,91282CKN0,TSRYS5793018,D,B,C,2024-05-08,1000000.00,4.453815,101.015625
08:02:08,91282CKN0,TSRYS5793018,D,S,C,2024-05-08,1000000.00,4.453781,101.015825
08:02:08,91282CKN0,TSRYS5793018,D,S,C,2024-05-08,1000000.00,4.456396,101.0002
08:02:08,91282CKN0,TSRYS5793018,D,B,C,2024-05-08,1000000.00,4.453815,101.015625
08:02:08,91282CKN0,TSRYS5793018,D,S,C,2024-05-08,1000000.00,4.453781,101.015825
08:02:08,91282CKN0,TSRYS5793018,D,S,C,2024-05-08,1000000.00,4.456396,101.0002
08:02:09,91282CKN0,TSRYS5793018,D,B,C,2024-05-08,1000000.00,4.461703,100.9685
08:02:09,91282CKN0,TSRYS5793018,D,S,D,2024-05-08,1000000.00,4.461661,100.96875
08:02:09,91282CKN0,TSRYS5793018,D,S,C,2024-05-08,1000000.00,4.461661,100.96875
08:02:09,91282CKN0,TSRYS5793018,D,S,C,2024-05-08,1000000.00,4.461661,100.96875
08:02:09,91282CKN0,TSRYS5793018,D,S,C,2024-05-08,1000000.00,4.461628,100.96895
08:02:10,91282CKN0,TSRYS5793018,D,S,C,2024-05-08,1000000.00,4.461628,100.96895
08:02:10,91282CKN0,TSRYS5793018,D,S,D,2024-05-08,1000000.00,4.461661,100.96875
08:02:10,91282CKN0,TSRYS5793018,D,S,D,2024-05-08,1000000.00,4.46164,100.96888
08:02:10,91282CKN0,TSRYS5793018,D,S,D,2024-05-08,1000000.00,4.461661,100.96875
08:02:10,91282CKN0,TSRYS5793018,D,S,C,2024-05-08,2000000.00,4.461628,100.96895
08:02:10,91282CKN0,TSRYS5793018,D,S,C,2024-05-08,1000000.00,4.461628,100.96895
08:02:10,91282CKN0,TSRYS5793018,D,B,C,2024-05-08,1000000.00,4.461661,100.96875
08:02:10,91282CKN0,TSRYS5793018,D,S,C,2024-05-08,1000000.00,4.461628,100.96895
08:02:10,91282CKN0,TSRYS5793018,D,B,C,2024-05-08,2000000.00,4.461687,100.968598
08:02:10,91282CKN0,TSRYS5793018,D,B,C,2024-05-08,1000000.00,4.461687,100.968598
08:02:10,91282CKN0,TSRYS5793018,D,S,D,2024-05-08,1000000.00,4.461661,100.96875
08:02:10,91282CKN0,TSRYS5793018,D,S,D,2024-05-08,1000000.00,4.461661,100.96875
08:02:10,91282CKN0,TSRYS5793018,D,B,C,2024-05-08,1000000.00,4.461687,100.968598
08:02:10,91282CKN0,TSRYS5793018,D,S,C,2024-05-08,1000000.00,4.461661,100.96875
08:02:10,91282CKN0,TSRYS5793018,D,B,C,2024-05-08,1000000.00,4.461687,100.968598
08:02:10,91282CKN0,TSRYS5793018,D,S,C,2024-05-08,1000000.00,4.461628,100.96895
08:02:10,91282CKN0,TSRYS5793018,D,B,C,2024-05-08,1000000.00,4.461687,100.968598
08:02:10,91282CKN0,TSRYS5793018,D,S,D,2024-05-08,1000000.00,4.461661,100.96875
08:02:10,91282CKN0,TSRYS5793018,D,B,C,2024-05-08,1000000.00,4.461687,100.968598
08:02:11,91282CKN0,TSRYS5793018,D,S,C,2024-05-08,1000000.00,4.461628,100.96895
08:02:11,91282CKN0,TSRYS5793018,D,S,C,2024-05-08,1000000.00,4.461661,100.96875
08:02:11,91282CKN0,TSRYS5793018,D,B,C,2024-05-08,1000000.00,4.464278,100.953125
08:02:11,91282CKN0,TSRYS5793018,D,S,D,2024-05-08,1000000.00,4.464278,100.953125
08:02:11,91282CKN0,TSRYS5793018,D,S,C,2024-05-08,2000000.00,4.464244,100.953325
08:02:11,91282CKN0,TSRYS5793018,D,S,C,2024-05-08,2000000.00,4.464244,100.953325
08:02:11,91282CKN0,TSRYS5793018,D,B,C,2024-05-08,2000000.00,4.464303,100.952973
08:02:11,91282CKN0,TSRYS5793018,D,B,C,2024-05-08,2000000.00,4.464278,100.953125
08:02:11,91282CKN0,TSRYS5793018,D,B,C,2024-05-08,1000000.00,4.473439,100.8984375
08:02:11,91282CKN0,TSRYS5793018,D,S,D,2024-05-08,1000000.00,4.473439,100.8984375
08:02:12,91282CKN0,TSRYS5793018,D,B,C,2024-05-08,1000000.00,4.464278,100.953125
08:02:12,91282CKN0,TSRYS5793018,D,S,D,2024-05-08,1000000.00,4.464278,100.953125
08:02:12,91282CKN0,TSRYS5793018,D,S,D,2024-05-08,1000000.00,4.464278,100.953125
08:02:12,91282CKN0,TSRYS5793018,D,B,C,2024-05-08,1000000.00,4.464303,100.952973
08:02:12,91282CKN0,TSRYS5793018,D,S,T,2024-05-08,1000000.00,4.474749,100.890625
08:02:15,91282CKN0,TSRYS5793018,D,S,D,2024-05-08,170000.00,4.484572,100.83203125
08:02:16,91282CKN0,TSRYS5793018,D,S,D,2024-05-08,1000000.00,4.474421,100.892578125
08:02:17,91282CKN0,TSRYS5793018,D,B,C,2024-05-08,1000000.00,4.474749,100.890625
08:02:17,91282CKN0,TSRYS5793018,D,S,C,2024-05-08,1000000.00,4.474749,100.890625
08:02:17,91282CKN0,TSRYS5793018,D,B,C,2024-05-08,1000000.00,4.474749,100.890625
08:02:17,91282CKN0,TSRYS5793018,D,S,C,2024-05-08,1000000.00,4.474749,100.890625
08:02:20,91282CKN0,TSRYS5793018,D,S,T,2024-05-08,1000000.00,4.474749,100.890625
08:02:21,91282CKN0,TSRYS5793018,D,S,D,2024-05-08,1000000.00,4.452298,101.0246906
08:02:21,91282CKN0,TSRYS5793018,D,S,D,2024-05-08,2000000.00,4.451971,101.0266438
08:02:21,91282CKN0,TSRYS5793018,D,S,T,2024-05-08,1000000.00,4.461661,100.96875
08:02:21,91282CKN0,TSRYS5793018,D,S,T,2024-05-08,1000000.00,4.461661,100.96875
08:02:21,91282CKN0,TSRYS5793018,D,S,T,2024-05-08,1000000.00,4.461661,100.96875
08:02:21,91282CKN0,TSRYS5793018,D,S,D,2024-05-08,4000000.00,4.470529,100.9158039
08:02:21,91282CKN0,TSRYS5793018,D,S,D,2024-05-08,1000000.00,4.466031,100.9426594
08:02:21,91282CKN0,TSRYS5793018,D,S,D,2024-05-08,1000000.00,4.474749,100.890625
08:02:22,91282CKN0,TSRYS5793018,D,S,C,2024-05-08,490000.00,4.482607,100.84375
08:02:24,91282CKN0,TSRYS5793018,D,S,A,2024-05-08,4800000.00,4.470821,100.9140625
08:02:27,91282CKN0,TSRYS5793018,D,S,D,2024-05-08,1000000.00,4.471803,100.908203125
08:02:27,91282CKN0,TSRYS5793018,D,B,C,2024-05-08,1000000.00,4.471803,100.908203125
08:02:27,91282CKN0,TSRYS5793018,D,B,C,2024-05-08,1000000.00,4.464278,100.953125
08:02:27,91282CKN0,TSRYS5793018,D,S,C,2024-05-08,1000000.00,4.464278,100.953125
08:02:27,91282CKN0,TSRYS5793018,D,S,C,2024-05-08,1000000.00,4.464278,100.953125
08:02:27,91282CKN0,TSRYS5793018,D,B,C,2024-05-08,1000000.00,4.464278,100.953125
08:02:27,91282CKN0,TSRYS5793018,D,S,C,2024-05-08,1000000.00,4.464244,100.953325
08:02:27,91282CKN0,TSRYS5793018,D,B,C,2024-05-08,1000000.00,4.464328,100.952825
08:02:27,91282CKN0,TSRYS5793018,D,S,D,2024-05-08,1000000.00,4.464278,100.953125
08:02:27,91282CKN0,TSRYS5793018,D,B,C,2024-05-08,1000000.00,4.464278,100.953125
08:02:27,91282CKN0,TSRYS5793018,D,S,D,2024-05-08,1000000.00,4.464278,100.953125
08:02:27,91282CKN0,TSRYS5793018,D,S,D,2024-05-08,1000000.00,4.464278,100.953125
08:02:27,91282CKN0,TSRYS5793018,D,S,D,2024-05-08,1000000.00,4.464278,100.953125
08:02:27,91282CKN0,TSRYS5793018,D,S,D,2024-05-08,1000000.00,4.464278,100.953125
08:02:28,91282CKN0,TSRYS5793018,D,B,C,2024-05-08,1000000.00,4.461661,100.96875
08:02:28,91282CKN0,TSRYS5793018,D,B,C,2024-05-08,1000000.00,4.461661,100.96875
08:02:28,91282CKN0,TSRYS5793018,D,S,D,2024-05-08,1000000.00,4.461661,100.96875
08:02:28,91282CKN0,TSRYS5793018,D,S,C,2024-05-08,1000000.00,4.461661,100.96875
08:02:28,91282CKN0,TSRYS5793018,D,S,D,2024-05-08,1000000.00,4.461661,100.96875
08:02:28,91282CKN0,TSRYS5793018,D,S,D,2024-05-08,1000000.00,4.461661,100.96875
08:02:28,91282CKN0,TSRYS5793018,D,S,D,2024-05-08,1000000.00,4.461661,100.96875
08:02:28,91282CKN0,TSRYS5793018,D,S,D,2024-05-08,1000000.00,4.461661,100.96875
08:02:28,91282CKN0,TSRYS5793018,D,S,D,2024-05-08,1000000.00,4.461661,100.96875
08:02:28,91282CKN0,TSRYS5793018,D,B,C,2024-05-08,1000000.00,4.461712,100.96845
08:02:28,91282CKN0,TSRYS5793018,D,S,D,2024-05-08,1000000.00,4.461661,100.96875
08:02:28,91282CKN0,TSRYS5793018,D,B,C,2024-05-08,1000000.00,4.461661,100.96875
08:02:28,91282CKN0,TSRYS5793018,D,B,C,2024-05-08,1000000.00,4.461661,100.96875
08:02:28,91282CKN0,TSRYS5793018,D,S,C,2024-05-08,1000000.00,4.461661,100.96875
08:02:28,91282CKN0,TSRYS5793018,D,S,D,2024-05-08,1000000.00,4.461661,100.96875
08:02:28,91282CKN0,TSRYS5793018,D,S,C,2024-05-08,1000000.00,4.461661,100.96875
08:02:29,91282CKN0,TSRYS5793018,D,S,T,2024-05-08,1000000.00,4.47213,100.90625
08:02:29,91282CKN0,TSRYS5793018,D,S,C,2024-05-08,1000000.00,4.461619,100.969
08:02:29,91282CKN0,TSRYS5793018,D,B,C,2024-05-08,1000000.00,4.461661,100.96875
08:02:29,91282CKN0,TSRYS5793018,D,S,D,2024-05-08,1000000.00,4.461661,100.96875
08:02:29,91282CKN0,TSRYS5793018,D,B,C,2024-05-08,1000000.00,4.461661,100.96875
08:02:29,91282CKN0,TSRYS5793018,D,S,D,2024-05-08,1000000.00,4.461661,100.96875
08:02:29,91282CKN0,TSRYS5793018,D,S,C,2024-05-08,1000000.00,4.461661,100.96875
08:02:29,91282CKN0,TSRYS5793018,D,B,C,2024-05-08,1000000.00,4.461661,100.96875
08:02:29,91282CKN0,TSRYS5793018,D,S,D,2024-05-08,1000000.00,4.461661,100.96875
08:02:30,91282CKN0,TSRYS5793018,D,S,C,2024-05-08,2000000.00,4.464278,100.953125
08:02:30,91282CKN0,TSRYS5793018,D,B,C,2024-05-08,1000000.00,4.464278,100.953125
08:02:30,91282CKN0,TSRYS5793018,D,S,C,2024-05-08,1950000.00,4.483917,100.8359375
08:02:30,91282CKN0,TSRYS5793018,D,S,D,2024-05-08,1000000.00,4.464278,100.953125
08:02:30,91282CKN0,TSRYS5793018,D,B,C,2024-05-08,1000000.00,4.466895,100.9375
08:02:30,91282CKN0,TSRYS5793018,D,S,C,2024-05-08,1000000.00,4.466895,100.9375
08:02:31,91282CKN0,TSRYS5793018,D,S,T,2024-05-08,1000000.00,4.469534,100.921745
08:02:31,91282CKN0,TSRYS5793018,D,S,D,2024-05-08,1000000.00,4.466895,100.9375
08:02:31,91282CKN0,TSRYS5793018,D,S,C,2024-05-08,1000000.00,4.466895,100.9375
08:02:31,91282CKN0,TSRYS5793018,D,B,C,2024-05-08,1000000.00,4.466895,100.9375
08:02:31,91282CKN0,TSRYS5793018,D,S,D,2024-05-08,1000000.00,4.466895,100.9375
08:02:31,91282CKN0,TSRYS5793018,D,B,C,2024-05-08,1000000.00,4.466945,100.9372
08:02:31,91282CKN0,TSRYS5793018,D,B,C,2024-05-08,1000000.00,4.466945,100.9372
08:02:31,91282CKN0,TSRYS5793018,D,B,C,2024-05-08,1000000.00,4.466945,100.9372
08:02:31,91282CKN0,TSRYS5793018,D,S,C,2024-05-08,1000000.00,4.466895,100.9375
08:02:31,91282CKN0,TSRYS5793018,D,S,C,2024-05-08,1000000.00,4.466895,100.9375
08:02:31,91282CKN0,TSRYS5793018,D,B,C,2024-05-08,1000000.00,4.466895,100.9375
08:02:31,91282CKN0,TSRYS5793018,D,S,D,2024-05-08,1000000.00,4.466895,100.9375
08:02:31,91282CKN0,TSRYS5793018,D,S,D,2024-05-08,1000000.00,4.466895,100.9375
08:02:31,91282CKN0,TSRYS5793018,D,B,C,2024-05-08,1000000.00,4.466945,100.9372
08:02:31,91282CKN0,TSRYS5793018,D,S,D,2024-05-08,1000000.00,4.466895,100.9375
08:02:31,91282CKN0,TSRYS5793018,D,B,C,2024-05-08,1000000.00,4.466895,100.9375
08:02:31,91282CKN0,TSRYS5793018,D,B,C,2024-05-08,1000000.00,4.466895,100.9375
08:02:31,91282CKN0,TSRYS5793018,D,B,C,2024-05-08,1000000.00,4.466895,100.9375
08:02:31,91282CKN0,TSRYS5793018,D,S,C,2024-05-08,1000000.00,4.466895,100.9375
08:02:32,91282CKN0,TSRYS5793018,D,S,C,2024-05-08,1000000.00,4.466895,100.9375
08:02:32,91282CKN0,TSRYS5793018,D,S,D,2024-05-08,2000000.00,4.469512,100.921875
08:02:32,91282CKN0,TSRYS5793018,D,B,C,2024-05-08,1000000.00,4.469512,100.921875
08:02:32,91282CKN0,TSRYS5793018,D,S,C,2024-05-08,1000000.00,4.469479,100.922075
08:02:32,91282CKN0,TSRYS5793018,D,B,C,2024-05-08,2000000.00,4.469554,100.921625
08:02:32,91282CKN0,TSRYS5793018,D,S,C,2024-05-08,1000000.00,4.469479,100.922075
08:02:32,91282CKN0,TSRYS5793018,D,B,C,2024-05-08,1000000.00,4.469563,100.921575
08:02:32,91282CKN0,TSRYS5793018,D,B,C,2024-05-08,1000000.00,4.469563,100.921575
08:02:32,91282CKN0,TSRYS5793018,D,S,C,2024-05-08,1000000.00,4.469479,100.922075
08:02:32,91282CKN0,TSRYS5793018,D,B,C,2024-05-08,1000000.00,4.469512,100.921875
08:02:32,91282CKN0,TSRYS5793018,D,S,C,2024-05-08,1000000.00,4.469479,100.922075
08:02:32,91282CKN0,TSRYS5793018,D,S,C,2024-05-08,1000000.00,4.469512,100.921875
08:02:32,91282CKN0,TSRYS5793018,D,S,D,2024-05-08,1000000.00,4.469491,100.922005
08:02:32,91282CKN0,TSRYS5793018,D,B,C,2024-05-08,1000000.00,4.469512,100.921875
08:02:32,91282CKN0,TSRYS5793018,D,B,C,2024-05-08,1000000.00,4.469542,100.9217
08:02:32,91282CKN0,TSRYS5793018,D,S,D,2024-05-08,1000000.00,4.469491,100.922005
08:02:32,91282CKN0,TSRYS5793018,D,S,C,2024-05-08,1000000.00,4.472105,100.9064
08:02:33,91282CKN0,TSRYS5793018,D,S,C,2024-05-08,1000000.00,4.47213,100.90625
08:02:33,91282CKN0,TSRYS5793018,D,S,C,2024-05-08,1000000.00,4.472105,100.9064
08:02:33,91282CKN0,TSRYS5793018,D,S,C,2024-05-08,1000000.00,4.472097,100.90645
08:02:33,91282CKN0,TSRYS5793018,D,S,D,2024-05-08,1000000.00,4.47213,100.90625
08:02:33,91282CKN0,TSRYS5793018,D,S,C,2024-05-08,1000000.00,4.47213,100.90625
08:02:33,91282CKN0,TSRYS5793018,D,B,C,2024-05-08,1000000.00,4.472164,100.90605
08:02:33,91282CKN0,TSRYS5793018,D,S,C,2024-05-08,1000000.00,4.472105,100.9064
08:02:33,91282CKN0,TSRYS5793018,D,S,C,2024-05-08,1000000.00,4.47213,100.90625
08:02:33,91282CKN0,TSRYS5793018,D,B,C,2024-05-08,1000000.00,4.472164,100.90605
08:02:33,91282CKN0,TSRYS5793018,D,S,D,2024-05-08,1000000.00,4.47213,100.90625
08:02:33,91282CKN0,TSRYS5793018,D,S,D,2024-05-08,1000000.00,4.47213,100.90625
08:02:33,91282CKN0,TSRYS5793018,D,S,C,2024-05-08,2000000.00,4.472088,100.9065
08:02:33,91282CKN0,TSRYS5793018,D,S,C,2024-05-08,1000000.00,4.472097,100.90645
08:02:33,91282CKN0,TSRYS5793018,D,S,D,2024-05-08,1000000.00,4.47213,100.90625
08:02:33,91282CKN0,TSRYS5793018,D,S,D,2024-05-08,1000000.00,4.47213,100.90625
08:02:33,91282CKN0,TSRYS5793018,D,B,C,2024-05-08,1000000.00,4.47216,100.906075
08:02:33,91282CKN0,TSRYS5793018,D,S,C,2024-05-08,1000000.00,4.47213,100.90625
08:02:33,91282CKN0,TSRYS5793018,D,S,C,2024-05-08,1000000.00,4.47213,100.90625
08:02:33,91282CKN0,TSRYS5793018,D,B,C,2024-05-08,1000000.00,4.47216,100.906075
08:02:33,91282CKN0,TSRYS5793018,D,B,C,2024-05-08,1000000.00,4.47216,100.906075
08:02:33,91282CKN0,TSRYS5793018,D,B,C,2024-05-08,1000000.00,4.47216,100.906075
08:02:33,91282CKN0,TSRYS5793018,D,S,D,2024-05-08,1000000.00,4.47213,100.90625
08:02:33,91282CKN0,TSRYS5793018,D,S,C,2024-05-08,1000000.00,4.47213,100.90625
08:02:33,91282CKN0,TSRYS5793018,D,S,C,2024-05-08,1000000.00,4.47213,100.90625
08:02:33,91282CKN0,TSRYS5793018,D,S,C,2024-05-08,1000000.00,4.47213,100.90625
08:02:33,91282CKN0,TSRYS5793018,D,B,C,2024-05-08,1000000.00,4.47216,100.906075
08:02:33,91282CKN0,TSRYS5793018,D,S,C,2024-05-08,1000000.00,4.47213,100.90625
08:02:33,91282CKN0,TSRYS5793018,D,B,C,2024-05-08,1000000.00,4.47216,100.906075
08:02:33,91282CKN0,TSRYS5793018,D,S,C,2024-05-08,1000000.00,4.472105,100.9064
08:02:33,91282CKN0,TSRYS5793018,D,S,C,2024-05-08,1000000.00,4.472105,100.9064
08:02:33,91282CKN0,TSRYS5793018,D,S,C,2024-05-08,1000000.00,4.472105,100.9064
08:02:33,91282CKN0,TSRYS5793018,D,B,C,2024-05-08,1000000.00,4.472164,100.90605
08:02:33,91282CKN0,TSRYS5793018,D,S,C,2024-05-08,1000000.00,4.472105,100.9064
08:02:33,91282CKN0,TSRYS5793018,D,B,C,2024-05-08,1000000.00,4.472164,100.90605
08:02:33,91282CKN0,TSRYS5793018,D,B,C,2024-05-08,1000000.00,4.47216,100.906075
08:02:33,91282CKN0,TSRYS5793018,D,B,C,2024-05-08,1000000.00,4.472181,100.90595
08:02:33,91282CKN0,TSRYS5793018,D,S,C,2024-05-08,1000000.00,4.472088,100.9065
08:02:34,91282CKN0,TSRYS5793018,D,B,C,2024-05-08,1000000.00,4.47213,100.90625
08:02:34,91282CKN0,TSRYS5793018,D,S,D,2024-05-08,1000000.00,4.47213,100.90625
08:02:34,91282CKN0,TSRYS5793018,D,B,C,2024-05-08,1000000.00,4.47213,100.90625
08:02:34,91282CKN0,TSRYS5793018,D,S,D,2024-05-08,1000000.00,4.47213,100.90625
08:02:34,91282CKN0,TSRYS5793018,D,B,C,2024-05-08,1000000.00,4.47216,100.906075
08:02:34,91282CKN0,TSRYS5793018,D,S,C,2024-05-08,1000000.00,4.47213,100.90625
08:02:34,91282CKN0,TSRYS5793018,D,S,C,2024-05-08,1000000.00,4.47213,100.90625
08:02:34,91282CKN0,TSRYS5793018,D,B,C,2024-05-08,1000000.00,4.472164,100.90605
08:02:35,91282CKN0,TSRYS5793018,D,S,T,2024-05-08,1000000.00,4.47477,100.890495
08:02:36,91282CKN0,TSRYS5793018,D,B,C,2024-05-08,1000000.00,4.474749,100.890625
08:02:36,91282CKN0,TSRYS5793018,D,S,C,2024-05-08,1000000.00,4.474724,100.890775
08:02:36,91282CKN0,TSRYS5793018,D,S,C,2024-05-08,1000000.00,4.474749,100.890625
08:02:36,91282CKN0,TSRYS5793018,D,S,C,2024-05-08,1000000.00,4.474724,100.890775
08:02:36,91282CKN0,TSRYS5793018,D,B,C,2024-05-08,1000000.00,4.474799,100.890325
08:02:36,91282CKN0,TSRYS5793018,D,S,D,2024-05-08,1000000.00,4.474749,100.890625
08:02:36,91282CKN0,TSRYS5793018,D,S,C,2024-05-08,1000000.00,4.474749,100.890625
08:02:36,91282CKN0,TSRYS5793018,D,B,C,2024-05-08,1000000.00,4.474799,100.890325
08:02:36,91282CKN0,TSRYS5793018,D,B,C,2024-05-08,1000000.00,4.474799,100.890325
08:02:36,91282CKN0,TSRYS5793018,D,S,D,2024-05-08,1000000.00,4.474749,100.890625
08:02:37,91282CKN0,TSRYS5793018,D,B,C,2024-05-08,1000000.00,4.474799,100.890325
08:02:37,91282CKN0,TSRYS5793018,D,S,D,2024-05-08,1000000.00,4.474749,100.890625
