tradeTime,cusip,issueSymbolIdentifier,priceType,reportingSideCode,contraPartyTypeCode,tradeDate,reportedTradeVolume,lastSaleYield,lastSalePrice
08:00:02,91282CLD1,TSRYS5850288,D,S,D,2024-08-27,1000000.00,3.720727,102.4453125
08:00:02,91282CLD1,TSRYS5850288,D,S,D,2024-08-27,1000000.00,3.714367,102.484375
08:00:02,91282CLD1,TSRYS5850288,D,S,D,2024-08-27,1000000.00,3.727725,102.40234375
08:00:03,91282CLD1,TSRYS5850288,D,S,D,2024-08-27,2000000.00,3.729953,102.388671875
08:00:03,91282CLD1,TSRYS5850288,D,B,C,2024-08-27,1000000.00,3.733136,102.369140625
08:00:03,91282CLD1,TSRYS5850288,D,B,C,2024-08-27,1000000.00,3.733136,102.369140625
08:00:03,91282CLD1,TSRYS5850288,D,B,C,2024-08-27,1000000.00,3.733136,102.369140625
08:00:03,91282CLD1,TSRYS5850288,D,B,C,2024-08-27,1000000.00,3.734091,102.36328125
08:00:03,91282CLD1,TSRYS5850288,D,B,C,2024-08-27,1000000.00,3.734091,102.36328125
08:00:03,91282CLD1,TSRYS5850288,D,S,D,2024-08-27,2000000.00,3.733454,102.3671875
08:00:03,91282CLD1,TSRYS5850288,D,S,D,2024-08-27,1000000.00,3.733454,102.3671875
08:00:03,91282CLD1,TSRYS5850288,D,B,C,2024-08-27,1000000.00,3.733772,102.365234375
08:00:03,91282CLD1,TSRYS5850288,D,S,T,2024-08-27,1000000.00,3.733454,102.3671875
08:00:03,91282CLD1,TSRYS5850288,D,B,C,2024-08-27,1000000.00,3.733772,102.365234375
08:00:03,91282CLD1,TSRYS5850288,D,S,D,2024-08-27,1000000.00,3.733454,102.3671875
08:00:03,91282CLD1,TSRYS5850288,D,B,C,2024-08-27,1000000.00,3.733772,102.365234375
08:00:03,91282CLD1,TSRYS5850288,D,S,D,2024-08-27,1000000.00,3.733454,102.3671875
08:00:03,91282CLD1,TSRYS5850288,D,B,C,2024-08-27,1000000.00,3.733454,102.3671875
08:00:03,91282CLD1,TSRYS5850288,D,S,D,2024-08-27,1000000.00,3.72868,102.396484375
08:00:03,91282CLD1,TSRYS5850288,D,S,D,2024-08-27,1000000.00,3.72868,102.396484375
08:00:03,91282CLD1,TSRYS5850288,D,S,D,2024-08-27,2000000.00,3.738548,102.3359375
08:00:03,91282CLD1,TSRYS5850288,D,S,D,2024-08-27,1000000.00,3.738548,102.3359375
08:00:03,91282CLD1,TSRYS5850288,D,S,D,2024-08-27,1000000.00,3.741415,102.318359375
08:00:03,91282CLD1,TSRYS5850288,D,S,D,2024-08-27,1000000.00,3.743326,102.306640625
08:00:03,91282CLD1,TSRYS5850288,D,S,D,2024-08-27,1000000.00,3.745874,102.291015625
08:00:03,91282CLD1,TSRYS5850288,D,S,D,2024-08-27,1000000.00,3.745874,102.291015625
08:00:03,91282CLD1,TSRYS5850288,D,S,D,2024-08-27,1000000.00,3.746193,102.2890625
08:00:03,91282CLD1,TSRYS5850288,D,S,D,2024-08-27,1000000.00,3.746193,102.2890625
08:00:03,91282CLD1,TSRYS5850288,D,S,T,2024-08-27,2000000.00,3.738548,102.3359375
08:00:03,91282CLD1,TSRYS5850288,D,S,D,2024-08-27,2000000.00,3.741415,102.318359375
08:00:03,91282CLD1,TSRYS5850288,D,S,D,2024-08-27,1000000.00,3.749061,102.271484375
08:00:03,91282CLD1,TSRYS5850288,D,S,D,2024-08-27,2000000.00,3.755117,102.234375
08:00:03,91282CLD1,TSRYS5850288,D,S,D,2024-08-27,1000000.00,3.755117,102.234375
08:00:03,91282CLD1,TSRYS5850288,D,S,D,2024-08-27,1000000.00,3.755436,102.232421875
08:00:03,91282CLD1,TSRYS5850288,D,S,D,2024-08-27,1000000.00,3.755117,102.234375
08:00:03,91282CLD1,TSRYS5850288,D,S,D,2024-08-27,1000000.00,3.750973,102.259765625
08:00:03,91282CLD1,TSRYS5850288,D,S,T,2024-08-27,1000000.00,3.752566,102.25
08:00:03,91282CLD1,TSRYS5850288,D,S,T,2024-08-27,1000000.00,3.752566,102.25
08:00:03,91282CLD1,TSRYS5850288,D,S,T,2024-08-27,1000000.00,3.752566,102.25
08:00:03,91282CLD1,TSRYS5850288,D,S,D,2024-08-27,1000000.00,3.752885,102.248046875
08:00:03,91282CLD1,TSRYS5850288,D,S,T,2024-08-27,1000000.00,3.752566,102.25
08:00:03,91282CLD1,TSRYS5850288,D,S,D,2024-08-27,1000000.00,3.756711,102.224609375
08:00:03,91282CLD1,TSRYS5850288,D,S,D,2024-08-27,1000000.00,3.756711,102.224609375
08:00:03,91282CLD1,TSRYS5850288,D,S,D,2024-08-27,1000000.00,3.756711,102.224609375
08:00:03,91282CLD1,TSRYS5850288,D,S,D,2024-08-27,1000000.00,3.756711,102.224609375
08:00:03,91282CLD1,TSRYS5850288,D,S,D,2024-08-27,1000000.00,3.756711,102.224609375
08:00:03,91282CLD1,TSRYS5850288,D,S,T,2024-08-27,1000000.00,3.757349,102.220703125
08:00:03,91282CLD1,TSRYS5850288,D,S,T,2024-08-27,1000000.00,3.757349,102.220703125
08:00:03,91282CLD1,TSRYS5850288,D,S,T,2024-08-27,1000000.00,3.757349,102.220703125
08:00:03,91282CLD1,TSRYS5850288,D,S,D,2024-08-27,1000000.00,3.752885,102.248046875
08:00:03,91282CLD1,TSRYS5850288,D,S,D,2024-08-27,1000000.00,3.750973,102.259765625
08:00:07,91282CLD1,TSRYS5850288,D,S,T,2024-08-27,1000000.00,3.751292,102.2578125
08:00:07,91282CLD1,TSRYS5850288,D,S,T,2024-08-27,1000000.00,3.751292,102.2578125
08:00:07,91282CLD1,TSRYS5850288,D,S,T,2024-08-27,1000000.00,3.751292,102.2578125
08:00:07,91282CLD1,TSRYS5850288,D,S,T,2024-08-27,1000000.00,3.715639,102.4765625
08:00:11,91282CLD1,TSRYS5850288,D,S,D,2024-08-27,1000000.00,3.720409,102.447265625
08:00:11,91282CLD1,TSRYS5850288,D,S,D,2024-08-27,1000000.00,3.722317,102.435546875
08:00:11,91282CLD1,TSRYS5850288,D,S,D,2024-08-27,1000000.00,3.719137,102.455078125
08:00:11,91282CLD1,TSRYS5850288,D,S,D,2024-08-27,1000000.00,3.719137,102.455078125
08:00:11,91282CLD1,TSRYS5850288,D,S,D,2024-08-27,1000000.00,3.726771,102.408203125
08:00:11,91282CLD1,TSRYS5850288,D,S,D,2024-08-27,1000000.00,3.726771,102.408203125
08:00:11,91282CLD1,TSRYS5850288,D,S,T,2024-08-27,1000000.00,3.726771,102.408203125
08:00:11,91282CLD1,TSRYS5850288,D,S,T,2024-08-27,1000000.00,3.726771,102.408203125
08:00:11,91282CLD1,TSRYS5850288,D,S,T,2024-08-27,1000000.00,3.726771,102.408203125
08:00:11,91282CLD1,TSRYS5850288,D,S,D,2024-08-27,1000000.00,3.726771,102.408203125
08:00:11,91282CLD1,TSRYS5850288,D,S,T,2024-08-27,1000000.00,3.726771,102.408203125
08:00:11,91282CLD1,TSRYS5850288,D,S,T,2024-08-27,1000000.00,3.726771,102.408203125
08:00:11,91282CLD1,TSRYS5850288,D,S,T,2024-08-27,1000000.00,3.727089,102.40625
08:00:11,91282CLD1,TSRYS5850288,D,S,T,2024-08-27,1000000.00,3.729635,102.390625
08:00:11,91282CLD1,TSRYS5850288,D,S,T,2024-08-27,1000000.00,3.729635,102.390625
08:00:11,91282CLD1,TSRYS5850288,D,S,T,2024-08-27,1000000.00,3.734409,102.361328125
08:00:11,91282CLD1,TSRYS5850288,D,S,D,2024-08-27,1000000.00,3.731226,102.380859375
08:00:11,91282CLD1,TSRYS5850288,D,S,T,2024-08-27,1000000.00,3.746193,102.2890625
08:00:11,91282CLD1,TSRYS5850288,D,S,D,2024-08-27,1000000.00,3.745556,102.29296875
08:00:11,91282CLD1,TSRYS5850288,D,S,T,2024-08-27,1000000.00,3.743644,102.3046875
08:00:11,91282CLD1,TSRYS5850288,D,S,T,2024-08-27,4000000.00,3.743644,102.3046875
08:00:11,91282CLD1,TSRYS5850288,D,S,T,2024-08-27,4000000.00,3.743326,102.306640625
08:00:11,91282CLD1,TSRYS5850288,D,S,T,2024-08-27,1000000.00,3.753842,102.2421875
08:00:11,91282CLD1,TSRYS5850288,D,S,T,2024-08-27,1000000.00,3.752566,102.25
08:00:11,91282CLD1,TSRYS5850288,D,S,T,2024-08-27,1000000.00,3.753204,102.24609375
08:00:11,91282CLD1,TSRYS5850288,D,S,T,2024-08-27,1000000.00,3.752885,102.248046875
08:00:11,91282CLD1,TSRYS5850288,D,S,T,2024-08-27,1000000.00,3.752566,102.25
08:00:11,91282CLD1,TSRYS5850288,D,S,T,2024-08-27,1000000.00,3.752248,102.251953125
08:00:11,91282CLD1,TSRYS5850288,D,S,T,2024-08-27,1000000.00,3.752248,102.251953125
08:00:11,91282CLD1,TSRYS5850288,D,S,T,2024-08-27,1000000.00,3.751929,102.25390625
08:00:11,91282CLD1,TSRYS5850288,D,S,T,2024-08-27,1000000.00,3.752566,102.25
08:00:11,91282CLD1,TSRYS5850288,D,S,T,2024-08-27,1000000.00,3.752248,102.251953125
08:00:11,91282CLD1,TSRYS5850288,D,S,T,2024-08-27,1000000.00,3.753842,102.2421875
08:00:11,91282CLD1,TSRYS5850288,D,S,T,2024-08-27,1000000.00,3.753523,102.244140625
08:00:11,91282CLD1,TSRYS5850288,D,S,T,2024-08-27,1000000.00,3.753204,102.24609375
08:00:11,91282CLD1,TSRYS5850288,D,S,T,2024-08-27,1000000.00,3.752885,102.248046875
08:00:11,91282CLD1,TSRYS5850288,D,S,T,2024-08-27,1000000.00,3.752566,102.25
08:00:11,91282CLD1,TSRYS5850288,D,S,T,2024-08-27,1000000.00,3.752248,102.251953125
08:00:11,91282CLD1,TSRYS5850288,D,S,T,2024-08-27,1000000.00,3.751929,102.25390625
08:00:11,91282CLD1,TSRYS5850288,D,S,T,2024-08-27,1000000.00,3.750017,102.265625
08:00:11,91282CLD1,TSRYS5850288,D,S,T,2024-08-27,1000000.00,3.750973,102.259765625
08:00:11,91282CLD1,TSRYS5850288,D,S,T,2024-08-27,1000000.00,3.756392,102.2265625
08:00:11,91282CLD1,TSRYS5850288,D,S,T,2024-08-27,1000000.00,3.756392,102.2265625
08:00:12,91282CLD1,TSRYS5850288,D,S,T,2024-08-27,1000000.00,3.753842,102.2421875
08:00:12,91282CLD1,TSRYS5850288,D,S,T,2024-08-27,1000000.00,3.753842,102.2421875
08:00:12,91282CLD1,TSRYS5850288,D,S,T,2024-08-27,1000000.00,3.754479,102.23828125
08:00:12,91282CLD1,TSRYS5850288,D,S,T,2024-08-27,1000000.00,3.753842,102.2421875
08:00:12,91282CLD1,TSRYS5850288,D,S,T,2024-08-27,1000000.00,3.755117,102.234375
08:00:12,91282CLD1,TSRYS5850288,D,S,T,2024-08-27,1000000.00,3.754798,102.236328125
08:00:12,91282CLD1,TSRYS5850288,D,S,T,2024-08-27,1000000.00,3.754479,102.23828125
08:00:12,91282CLD1,TSRYS5850288,D,S,T,2024-08-27,1000000.00,3.75416,102.240234375
08:00:12,91282CLD1,TSRYS5850288,D,S,T,2024-08-27,1000000.00,3.753842,102.2421875
08:00:12,91282CLD1,TSRYS5850288,D,S,T,2024-08-27,1000000.00,3.755117,102.234375
08:00:12,91282CLD1,TSRYS5850288,D,S,T,2024-08-27,1000000.00,3.754798,102.236328125
08:00:12,91282CLD1,TSRYS5850288,D,S,T,2024-08-27,1000000.00,3.754479,102.23828125
08:00:12,91282CLD1,TSRYS5850288,D,S,T,2024-08-27,1000000.00,3.75416,102.240234375
08:00:12,91282CLD1,TSRYS5850288,D,S,T,2024-08-27,1000000.00,3.753842,102.2421875
08:00:12,91282CLD1,TSRYS5850288,D,S,T,2024-08-27,1000000.00,3.754798,102.236328125
08:00:12,91282CLD1,TSRYS5850288,D,S,T,2024-08-27,1000000.00,3.754479,102.23828125
08:00:12,91282CLD1,TSRYS5850288,D,S,T,2024-08-27,1000000.00,3.75416,102.240234375
08:00:12,91282CLD1,TSRYS5850288,D,S,T,2024-08-27,1000000.00,3.753842,102.2421875
08:00:12,91282CLD1,TSRYS5850288,D,S,T,2024-08-27,1000000.00,3.754798,102.236328125
08:00:12,91282CLD1,TSRYS5850288,D,S,T,2024-08-27,1000000.00,3.754479,102.23828125
08:00:12,91282CLD1,TSRYS5850288,D,S,T,2024-08-27,1000000.00,3.75416,102.240234375
08:00:12,91282CLD1,TSRYS5850288,D,S,T,2024-08-27,1000000.00,3.753842,102.2421875
08:00:12,91282CLD1,TSRYS5850288,D,S,D,2024-08-27,1000000.00,3.752248,102.251953125
08:00:12,91282CLD1,TSRYS5850288,D,S,D,2024-08-27,1000000.00,3.721999,102.4375
08:00:17,91282CLD1,TSRYS5850288,D,B,C,2024-08-27,1000000.00,3.720409,102.447265625
08:00:17,91282CLD1,TSRYS5850288,D,S,D,2024-08-27,1000000.00,3.720409,102.447265625
08:00:17,91282CLD1,TSRYS5850288,D,B,C,2024-08-27,1000000.00,3.720091,102.44921875
08:00:17,91282CLD1,TSRYS5850288,D,S,T,2024-08-27,1000000.00,3.733454,102.3671875
08:00:17,91282CLD1,TSRYS5850288,D,S,T,2024-08-27,1000000.00,3.733454,102.3671875
08:00:18,91282CLD1,TSRYS5850288,D,S,D,2024-08-27,1000000.00,3.720091,102.44921875
08:00:18,91282CLD1,TSRYS5850288,D,B,C,2024-08-27,1000000.00,3.719773,102.451171875
08:00:18,91282CLD1,TSRYS5850288,D,S,D,2024-08-27,1000000.00,3.719773,102.451171875
08:00:18,91282CLD1,TSRYS5850288,D,B,C,2024-08-27,1000000.00,3.721045,102.443359375
08:00:18,91282CLD1,TSRYS5850288,D,S,D,2024-08-27,1000000.00,3.721045,102.443359375
08:00:18,91282CLD1,TSRYS5850288,D,B,C,2024-08-27,1000000.00,3.722953,102.431640625
08:00:18,91282CLD1,TSRYS5850288,D,S,D,2024-08-27,1000000.00,3.722953,102.431640625
08:00:18,91282CLD1,TSRYS5850288,D,B,C,2024-08-27,1000000.00,3.722635,102.43359375
08:00:18,91282CLD1,TSRYS5850288,D,S,D,2024-08-27,1000000.00,3.722635,102.43359375
08:00:18,91282CLD1,TSRYS5850288,D,S,D,2024-08-27,1000000.00,3.722635,102.43359375
08:00:18,91282CLD1,TSRYS5850288,D,B,C,2024-08-27,1000000.00,3.722635,102.43359375
08:00:18,91282CLD1,TSRYS5850288,D,B,C,2024-08-27,1000000.00,3.722635,102.43359375
08:00:18,91282CLD1,TSRYS5850288,D,S,D,2024-08-27,1000000.00,3.722635,102.43359375
08:00:18,91282CLD1,TSRYS5850288,D,B,C,2024-08-27,1000000.00,3.722635,102.43359375
08:00:18,91282CLD1,TSRYS5850288,D,S,D,2024-08-27,1000000.00,3.722635,102.43359375
08:00:18,91282CLD1,TSRYS5850288,D,B,C,2024-08-27,1000000.00,3.722635,102.43359375
08:00:18,91282CLD1,TSRYS5850288,D,S,D,2024-08-27,1000000.00,3.722635,102.43359375
08:00:18,91282CLD1,TSRYS5850288,D,B,C,2024-08-27,1000000.00,3.722635,102.43359375
08:00:18,91282CLD1,TSRYS5850288,D,S,D,2024-08-27,1000000.00,3.722635,102.43359375
08:00:18,91282CLD1,TSRYS5850288,D,B,C,2024-08-27,1000000.00,3.726135,102.412109375
08:00:18,91282CLD1,TSRYS5850288,D,S,D,2024-08-27,1000000.00,3.726135,102.412109375
08:00:18,91282CLD1,TSRYS5850288,D,B,C,2024-08-27,1000000.00,3.726771,102.408203125
08:00:18,91282CLD1,TSRYS5850288,D,S,D,2024-08-27,1000000.00,3.726771,102.408203125
08:00:18,91282CLD1,TSRYS5850288,D,B,C,2024-08-27,1000000.00,3.726453,102.41015625
08:00:18,91282CLD1,TSRYS5850288,D,S,D,2024-08-27,1000000.00,3.726453,102.41015625
08:00:18,91282CLD1,TSRYS5850288,D,B,C,2024-08-27,1000000.00,3.727089,102.40625
08:00:18,91282CLD1,TSRYS5850288,D,S,D,2024-08-27,1000000.00,3.727089,102.40625
08:00:18,91282CLD1,TSRYS5850288,D,B,C,2024-08-27,1000000.00,3.727089,102.40625
08:00:18,91282CLD1,TSRYS5850288,D,S,D,2024-08-27,1000000.00,3.727089,102.40625
08:00:18,91282CLD1,TSRYS5850288,D,B,C,2024-08-27,1000000.00,3.727407,102.404296875
08:00:18,91282CLD1,TSRYS5850288,D,S,D,2024-08-27,1000000.00,3.727407,102.404296875
08:00:18,91282CLD1,TSRYS5850288,D,S,D,2024-08-27,1000000.00,3.727725,102.40234375
08:00:18,91282CLD1,TSRYS5850288,D,B,C,2024-08-27,1000000.00,3.731226,102.380859375
08:00:18,91282CLD1,TSRYS5850288,D,S,D,2024-08-27,1000000.00,3.731226,102.380859375
08:00:18,91282CLD1,TSRYS5850288,D,B,C,2024-08-27,37000000.00,3.723317,102.429406
08:00:19,91282CLD1,TSRYS5850288,D,B,C,2024-08-27,1000000.00,3.732181,102.375
08:00:19,91282CLD1,TSRYS5850288,D,S,D,2024-08-27,1000000.00,3.732181,102.375
08:00:19,91282CLD1,TSRYS5850288,D,B,C,2024-08-27,1000000.00,3.730908,102.3828125
08:00:19,91282CLD1,TSRYS5850288,D,S,D,2024-08-27,1000000.00,3.730908,102.3828125
08:00:19,91282CLD1,TSRYS5850288,D,B,C,2024-08-27,1000000.00,3.730908,102.3828125
08:00:19,91282CLD1,TSRYS5850288,D,S,D,2024-08-27,1000000.00,3.730908,102.3828125
08:00:19,91282CLD1,TSRYS5850288,D,B,C,2024-08-27,1000000.00,3.73059,102.384765625
08:00:19,91282CLD1,TSRYS5850288,D,S,D,2024-08-27,1000000.00,3.73059,102.384765625
08:00:21,91282CLD1,TSRYS5850288,D,B,C,2024-08-27,1000000.00,3.727089,102.40625
08:00:21,91282CLD1,TSRYS5850288,D,S,D,2024-08-27,1000000.00,3.727089,102.40625
08:00:21,91282CLD1,TSRYS5850288,D,S,C,2024-08-27,1000000.00,3.725816,102.4140625
08:00:21,91282CLD1,TSRYS5850288,D,B,C,2024-08-27,1000000.00,3.725816,102.4140625
08:00:21,91282CLD1,TSRYS5850288,D,B,C,2024-08-27,1000000.00,3.730271,102.38671875
08:00:21,91282CLD1,TSRYS5850288,D,S,D,2024-08-27,1000000.00,3.730271,102.38671875
08:00:21,91282CLD1,TSRYS5850288,D,B,C,2024-08-27,1000000.00,3.731226,102.380859375
08:00:21,91282CLD1,TSRYS5850288,D,S,D,2024-08-27,1000000.00,3.731226,102.380859375
08:00:21,91282CLD1,TSRYS5850288,D,B,C,2024-08-27,1000000.00,3.728362,102.3984375
08:00:21,91282CLD1,TSRYS5850288,D,S,D,2024-08-27,1000000.00,3.728362,102.3984375
08:00:21,91282CLD1,TSRYS5850288,D,B,C,2024-08-27,1000000.00,3.729953,102.388671875
08:00:21,91282CLD1,TSRYS5850288,D,B,C,2024-08-27,1000000.00,3.729953,102.388671875
08:00:21,91282CLD1,TSRYS5850288,D,S,D,2024-08-27,1000000.00,3.729953,102.388671875
08:00:21,91282CLD1,TSRYS5850288,D,S,D,2024-08-27,1000000.00,3.729953,102.388671875
08:00:21,91282CLD1,TSRYS5850288,D,S,D,2024-08-27,1000000.00,3.731863,102.376953125
08:00:21,91282CLD1,TSRYS5850288,D,B,C,2024-08-27,1000000.00,3.731863,102.376953125
08:00:21,91282CLD1,TSRYS5850288,D,S,D,2024-08-27,1000000.00,3.734091,102.36328125
08:00:22,91282CLD1,TSRYS5850288,D,B,C,2024-08-27,1000000.00,3.731226,102.380859375
08:00:22,91282CLD1,TSRYS5850288,D,S,D,2024-08-27,1000000.00,3.731226,102.380859375
08:00:25,91282CLD1,TSRYS5850288,D,S,D,2024-08-27,1000000.00,3.728362,102.3984375
08:00:26,91282CLD1,TSRYS5850288,D,S,D,2024-08-27,1000000.00,3.728362,102.3984375
08:00:29,91282CLD1,TSRYS5850288,D,S,D,2024-08-27,1000000.00,3.72868,102.396484375
08:00:29,91282CLD1,TSRYS5850288,D,S,D,2024-08-27,1000000.00,3.732181,102.375
08:00:29,91282CLD1,TSRYS5850288,D,S,T,2024-08-27,1000000.00,3.727089,102.40625
08:00:29,91282CLD1,TSRYS5850288,D,S,T,2024-08-27,1000000.00,3.734409,102.361328125
08:00:29,91282CLD1,TSRYS5850288,D,S,T,2024-08-27,1000000.00,3.734409,102.361328125
08:00:29,91282CLD1,TSRYS5850288,D,S,D,2024-08-27,1000000.00,3.733772,102.365234375
08:00:29,91282CLD1,TSRYS5850288,D,S,D,2024-08-27,1000000.00,3.728362,102.3984375
08:00:29,91282CLD1,TSRYS5850288,D,S,D,2024-08-27,1000000.00,3.732181,102.375
08:00:29,91282CLD1,TSRYS5850288,D,S,D,2024-08-27,1000000.00,3.733772,102.365234375
08:00:29,91282CLD1,TSRYS5850288,D,S,D,2024-08-27,1000000.00,3.736001,102.3515625
08:00:29,91282CLD1,TSRYS5850288,D,S,T,2024-08-27,1000000.00,3.736319,102.349609375
08:00:29,91282CLD1,TSRYS5850288,D,S,T,2024-08-27,1000000.00,3.738548,102.3359375
08:00:29,91282CLD1,TSRYS5850288,D,S,T,2024-08-27,1000000.00,3.750017,102.265625
08:00:29,91282CLD1,TSRYS5850288,D,S,D,2024-08-27,1000000.00,3.753842,102.2421875
08:00:29,91282CLD1,TSRYS5850288,D,S,T,2024-08-27,1000000.00,3.755117,102.234375
08:00:29,91282CLD1,TSRYS5850288,D,S,D,2024-08-27,1000000.00,3.755117,102.234375
08:00:29,91282CLD1,TSRYS5850288,D,S,D,2024-08-27,1000000.00,3.752566,102.25
08:00:30,91282CLD1,TSRYS5850288,D,S,D,2024-08-27,1000000.00,3.718819,102.45703125
08:00:30,91282CLD1,TSRYS5850288,D,S,D,2024-08-27,1000000.00,3.720727,102.4453125
08:00:30,91282CLD1,TSRYS5850288,D,S,D,2024-08-27,1000000.00,3.751929,102.25390625
08:00:30,91282CLD1,TSRYS5850288,D,S,D,2024-08-27,1000000.00,3.751929,102.25390625
08:00:30,91282CLD1,TSRYS5850288,D,S,D,2024-08-27,1000000.00,3.751929,102.25390625
08:00:30,91282CLD1,TSRYS5850288,D,S,D,2024-08-27,1000000.00,3.751292,102.2578125
08:00:30,91282CLD1,TSRYS5850288,D,S,D,2024-08-27,1000000.00,3.755754,102.23046875
08:00:30,91282CLD1,TSRYS5850288,D,S,D,2024-08-27,1000000.00,3.756073,102.228515625
08:00:30,91282CLD1,TSRYS5850288,D,S,D,2024-08-27,1000000.00,3.756073,102.228515625
08:00:30,91282CLD1,TSRYS5850288,D,S,D,2024-08-27,2000000.00,3.756073,102.228515625
08:00:30,91282CLD1,TSRYS5850288,D,S,D,2024-08-27,1000000.00,3.756711,102.224609375
08:00:30,91282CLD1,TSRYS5850288,D,S,D,2024-08-27,1000000.00,3.756711,102.224609375
08:00:30,91282CLD1,TSRYS5850288,D,S,D,2024-08-27,1000000.00,3.756711,102.224609375
08:00:30,91282CLD1,TSRYS5850288,D,S,D,2024-08-27,1000000.00,3.756711,102.224609375
08:00:30,91282CLD1,TSRYS5850288,D,S,D,2024-08-27,3000000.00,3.755754,102.23046875
08:00:30,91282CLD1,TSRYS5850288,D,S,T,2024-08-27,1000000.00,3.720727,102.4453125
08:00:30,91282CLD1,TSRYS5850288,D,S,T,2024-08-27,1000000.00,3.716593,102.470703125
08:00:30,91282CLD1,TSRYS5850288,D,S,T,2024-08-27,1000000.00,3.718819,102.45703125
08:00:30,91282CLD1,TSRYS5850288,D,S,T,2024-08-27,1000000.00,3.719455,102.453125
08:00:30,91282CLD1,TSRYS5850288,D,S,T,2024-08-27,1000000.00,3.717547,102.46484375
08:00:30,91282CLD1,TSRYS5850288,D,S,T,2024-08-27,1000000.00,3.722635,102.43359375
08:00:30,91282CLD1,TSRYS5850288,D,S,T,2024-08-27,1000000.00,3.723589,102.427734375
08:00:30,91282CLD1,TSRYS5850288,D,S,T,2024-08-27,1000000.00,3.728362,102.3984375
08:00:30,91282CLD1,TSRYS5850288,D,S,T,2024-08-27,1000000.00,3.728362,102.3984375
08:00:30,91282CLD1,TSRYS5850288,D,S,T,2024-08-27,1000000.00,3.731863,102.376953125
08:00:30,91282CLD1,TSRYS5850288,D,S,T,2024-08-27,1000000.00,3.731863,102.376953125
08:00:30,91282CLD1,TSRYS5850288,D,S,T,2024-08-27,1000000.00,3.732818,102.37109375
08:00:30,91282CLD1,TSRYS5850288,D,S,T,2024-08-27,1000000.00,3.727089,102.40625
08:00:30,91282CLD1,TSRYS5850288,D,S,T,2024-08-27,1000000.00,3.727089,102.40625
08:00:30,91282CLD1,TSRYS5850288,D,S,T,2024-08-27,1000000.00,3.728362,102.3984375
08:00:30,91282CLD1,TSRYS5850288,D,S,T,2024-08-27,1000000.00,3.733454,102.3671875
08:00:30,91282CLD1,TSRYS5850288,D,S,T,2024-08-27,1000000.00,3.733454,102.3671875
08:00:30,91282CLD1,TSRYS5850288,D,S,T,2024-08-27,1000000.00,3.735046,102.357421875
08:00:30,91282CLD1,TSRYS5850288,D,S,D,2024-08-27,1000000.00,3.733454,102.3671875
08:00:30,91282CLD1,TSRYS5850288,D,S,T,2024-08-27,1000000.00,3.733454,102.3671875
08:00:30,91282CLD1,TSRYS5850288,D,S,D,2024-08-27,1000000.00,3.733454,102.3671875
08:00:30,91282CLD1,TSRYS5850288,D,S,D,2024-08-27,1000000.00,3.733454,102.3671875
08:00:30,91282CLD1,TSRYS5850288,D,S,T,2024-08-27,1000000.00,3.733454,102.3671875
08:00:30,91282CLD1,TSRYS5850288,D,S,D,2024-08-27,1000000.00,3.733454,102.3671875
08:00:30,91282CLD1,TSRYS5850288,D,S,D,2024-08-27,1000000.00,3.732181,102.375
08:00:30,91282CLD1,TSRYS5850288,D,S,D,2024-08-27,1000000.00,3.731226,102.380859375
08:00:30,91282CLD1,TSRYS5850288,D,S,D,2024-08-27,1000000.00,3.731226,102.380859375
08:00:30,91282CLD1,TSRYS5850288,D,S,D,2024-08-27,1000000.00,3.731226,102.380859375
08:00:30,91282CLD1,TSRYS5850288,D,S,D,2024-08-27,1000000.00,3.731226,102.380859375
08:00:30,91282CLD1,TSRYS5850288,D,S,D,2024-08-27,1000000.00,3.733454,102.3671875
08:00:30,91282CLD1,TSRYS5850288,D,S,T,2024-08-27,1000000.00,3.732181,102.375
08:00:30,91282CLD1,TSRYS5850288,D,S,T,2024-08-27,1000000.00,3.730271,102.38671875
08:00:30,91282CLD1,TSRYS5850288,D,S,T,2024-08-27,1000000.00,3.730271,102.38671875
08:00:30,91282CLD1,TSRYS5850288,D,S,D,2024-08-27,2000000.00,3.726453,102.41015625
08:00:30,91282CLD1,TSRYS5850288,D,S,D,2024-08-27,1000000.00,3.726453,102.41015625
08:00:30,91282CLD1,TSRYS5850288,D,S,D,2024-08-27,1000000.00,3.726453,102.41015625
08:00:30,91282CLD1,TSRYS5850288,D,S,D,2024-08-27,1000000.00,3.726453,102.41015625
08:00:30,91282CLD1,TSRYS5850288,D,S,T,2024-08-27,1000000.00,3.725816,102.4140625
08:00:30,91282CLD1,TSRYS5850288,D,S,T,2024-08-27,1000000.00,3.726135,102.412109375
08:00:30,91282CLD1,TSRYS5850288,D,S,T,2024-08-27,1000000.00,3.731544,102.37890625
08:00:30,91282CLD1,TSRYS5850288,D,S,T,2024-08-27,1000000.00,3.731544,102.37890625
08:00:30,91282CLD1,TSRYS5850288,D,S,T,2024-08-27,1000000.00,3.727725,102.40234375
08:00:30,91282CLD1,TSRYS5850288,D,S,T,2024-08-27,1000000.00,3.727725,102.40234375
08:00:30,91282CLD1,TSRYS5850288,D,S,T,2024-08-27,1000000.00,3.727407,102.404296875
08:00:30,91282CLD1,TSRYS5850288,D,S,T,2024-08-27,1000000.00,3.727725,102.40234375
08:00:30,91282CLD1,TSRYS5850288,D,S,T,2024-08-27,1000000.00,3.727407,102.404296875
08:00:30,91282CLD1,TSRYS5850288,D,S,T,2024-08-27,1000000.00,3.727407,102.404296875
08:00:30,91282CLD1,TSRYS5850288,D,S,T,2024-08-27,1000000.00,3.727407,102.404296875
08:00:30,91282CLD1,TSRYS5850288,D,S,D,2024-08-27,1000000.00,3.731226,102.380859375
08:00:30,91282CLD1,TSRYS5850288,D,S,D,2024-08-27,1000000.00,3.733454,102.3671875
08:00:30,91282CLD1,TSRYS5850288,D,S,D,2024-08-27,1000000.00,3.728998,102.39453125
08:00:30,91282CLD1,TSRYS5850288,D,S,T,2024-08-27,1000000.00,3.722635,102.43359375
08:00:30,91282CLD1,TSRYS5850288,D,S,T,2024-08-27,1000000.00,3.722635,102.43359375
08:00:30,91282CLD1,TSRYS5850288,D,S,D,2024-08-27,1000000.00,3.73823,102.337890625
08:00:30,91282CLD1,TSRYS5850288,D,S,T,2024-08-27,1000000.00,3.738548,102.3359375
08:00:30,91282CLD1,TSRYS5850288,D,S,D,2024-08-27,1000000.00,3.740459,102.32421875
08:00:30,91282CLD1,TSRYS5850288,D,S,D,2024-08-27,1000000.00,3.742689,102.310546875
08:00:30,91282CLD1,TSRYS5850288,D,S,T,2024-08-27,1000000.00,3.742689,102.310546875
08:00:30,91282CLD1,TSRYS5850288,D,S,D,2024-08-27,1000000.00,3.742689,102.310546875
08:00:30,91282CLD1,TSRYS5850288,D,S,D,2024-08-27,1000000.00,3.742689,102.310546875
08:00:30,91282CLD1,TSRYS5850288,D,S,D,2024-08-27,2000000.00,3.742689,102.310546875
08:00:30,91282CLD1,TSRYS5850288,D,S,D,2024-08-27,2000000.00,3.742689,102.310546875
08:00:30,91282CLD1,TSRYS5850288,D,S,D,2024-08-27,2000000.00,3.742689,102.310546875
08:00:30,91282CLD1,TSRYS5850288,D,S,D,2024-08-27,2000000.00,3.742689,102.310546875
08:00:30,91282CLD1,TSRYS5850288,D,S,T,2024-08-27,1000000.00,3.742689,102.310546875
08:00:30,91282CLD1,TSRYS5850288,D,S,D,2024-08-27,2000000.00,3.742689,102.310546875
08:00:30,91282CLD1,TSRYS5850288,D,S,D,2024-08-27,1000000.00,3.742689,102.310546875
08:00:30,91282CLD1,TSRYS5850288,D,S,T,2024-08-27,1000000.00,3.743007,102.30859375
08:00:30,91282CLD1,TSRYS5850288,D,S,T,2024-08-27,1000000.00,3.743326,102.306640625
08:00:30,91282CLD1,TSRYS5850288,D,S,T,2024-08-27,1000000.00,3.745874,102.291015625
08:00:30,91282CLD1,TSRYS5850288,D,S,T,2024-08-27,1000000.00,3.745874,102.291015625
08:00:30,91282CLD1,TSRYS5850288,D,S,T,2024-08-27,1000000.00,3.741733,102.31640625
08:00:30,91282CLD1,TSRYS5850288,D,S,T,2024-08-27,4000000.00,3.738548,102.3359375
08:00:30,91282CLD1,TSRYS5850288,D,S,T,2024-08-27,1000000.00,3.741733,102.31640625
08:00:30,91282CLD1,TSRYS5850288,D,S,T,2024-08-27,4000000.00,3.743644,102.3046875
08:00:30,91282CLD1,TSRYS5850288,D,S,T,2024-08-27,1000000.00,3.743644,102.3046875
08:00:30,91282CLD1,TSRYS5850288,D,S,T,2024-08-27,1000000.00,3.744918,102.296875
08:00:30,91282CLD1,TSRYS5850288,D,S,T,2024-08-27,1000000.00,3.745874,102.291015625
08:00:30,91282CLD1,TSRYS5850288,D,S,T,2024-08-27,1000000.00,3.745874,102.291015625
08:00:30,91282CLD1,TSRYS5850288,D,S,T,2024-08-27,2000000.00,3.74683,102.28515625
08:00:30,91282CLD1,TSRYS5850288,D,S,T,2024-08-27,1000000.00,3.750017,102.265625
08:00:30,91282CLD1,TSRYS5850288,D,S,T,2024-08-27,1000000.00,3.750017,102.265625
08:00:30,91282CLD1,TSRYS5850288,D,S,T,2024-08-27,1000000.00,3.750973,102.259765625
08:00:30,91282CLD1,TSRYS5850288,D,S,T,2024-08-27,1000000.00,3.750973,102.259765625
08:00:30,91282CLD1,TSRYS5850288,D,S,T,2024-08-27,1000000.00,3.75161,102.255859375
08:00:30,91282CLD1,TSRYS5850288,D,S,T,2024-08-27,1000000.00,3.751929,102.25390625
08:00:30,91282CLD1,TSRYS5850288,D,S,T,2024-08-27,1000000.00,3.751929,102.25390625
08:00:30,91282CLD1,TSRYS5850288,D,S,T,2024-08-27,1000000.00,3.751929,102.25390625
08:00:30,91282CLD1,TSRYS5850288,D,S,T,2024-08-27,1000000.00,3.751929,102.25390625
08:00:30,91282CLD1,TSRYS5850288,D,S,T,2024-08-27,1000000.00,3.751929,102.25390625
08:00:30,91282CLD1,TSRYS5850288,D,S,T,2024-08-27,1000000.00,3.751929,102.25390625
08:00:30,91282CLD1,TSRYS5850288,D,S,T,2024-08-27,1000000.00,3.751929,102.25390625
08:00:30,91282CLD1,TSRYS5850288,D,S,T,2024-08-27,1000000.00,3.751929,102.25390625
08:00:30,91282CLD1,TSRYS5850288,D,S,T,2024-08-27,1000000.00,3.751929,102.25390625
08:00:30,91282CLD1,TSRYS5850288,D,S,T,2024-08-27,1000000.00,3.751292,102.2578125
08:00:30,91282CLD1,TSRYS5850288,D,S,T,2024-08-27,1000000.00,3.751292,102.2578125
08:00:30,91282CLD1,TSRYS5850288,D,S,T,2024-08-27,1000000.00,3.753204,102.24609375
08:00:30,91282CLD1,TSRYS5850288,D,S,T,2024-08-27,1000000.00,3.753204,102.24609375
08:00:30,91282CLD1,TSRYS5850288,D,S,T,2024-08-27,1000000.00,3.753842,102.2421875
08:00:30,91282CLD1,TSRYS5850288,D,S,T,2024-08-27,2000000.00,3.755436,102.232421875
08:00:30,91282CLD1,TSRYS5850288,D,S,T,2024-08-27,1000000.00,3.755117,102.234375
08:00:30,91282CLD1,TSRYS5850288,D,S,T,2024-08-27,1000000.00,3.755117,102.234375
08:00:30,91282CLD1,TSRYS5850288,D,S,T,2024-08-27,1000000.00,3.755117,102.234375
08:00:30,91282CLD1,TSRYS5850288,D,S,T,2024-08-27,1000000.00,3.751292,102.2578125
08:00:30,91282CLD1,TSRYS5850288,D,S,T,2024-08-27,1000000.00,3.750973,102.259765625
08:00:30,91282CLD1,TSRYS5850288,D,S,T,2024-08-27,1000000.00,3.750335,102.263671875
08:00:30,91282CLD1,TSRYS5850288,D,S,T,2024-08-27,1000000.00,3.750335,102.263671875
08:00:30,91282CLD1,TSRYS5850288,D,S,T,2024-08-27,1000000.00,3.751292,102.2578125
08:00:30,91282CLD1,TSRYS5850288,D,S,T,2024-08-27,1000000.00,3.750973,102.259765625
08:00:30,91282CLD1,TSRYS5850288,D,S,T,2024-08-27,1000000.00,3.750335,102.263671875
08:00:30,91282CLD1,TSRYS5850288,D,S,T,2024-08-27,1000000.00,3.750335,102.263671875
08:00:30,91282CLD1,TSRYS5850288,D,S,T,2024-08-27,1000000.00,3.750654,102.26171875
08:00:30,91282CLD1,TSRYS5850288,D,S,T,2024-08-27,1000000.00,3.750654,102.26171875
08:00:30,91282CLD1,TSRYS5850288,D,S,T,2024-08-27,1000000.00,3.750335,102.263671875
08:00:30,91282CLD1,TSRYS5850288,D,S,T,2024-08-27,1000000.00,3.750973,102.259765625
08:00:30,91282CLD1,TSRYS5850288,D,S,T,2024-08-27,1000000.00,3.752566,102.25
08:00:30,91282CLD1,TSRYS5850288,D,S,T,2024-08-27,1000000.00,3.752566,102.25
08:00:30,91282CLD1,TSRYS5850288,D,S,T,2024-08-27,1000000.00,3.752566,102.25
08:00:30,91282CLD1,TSRYS5850288,D,S,T,2024-08-27,1000000.00,3.752566,102.25
08:00:30,91282CLD1,TSRYS5850288,D,S,T,2024-08-27,2000000.00,3.755117,102.234375
08:00:30,91282CLD1,TSRYS5850288,D,S,T,2024-08-27,1000000.00,3.755117,102.234375
08:00:30,91282CLD1,TSRYS5850288,D,S,T,2024-08-27,1000000.00,3.755754,102.23046875
08:00:30,91282CLD1,TSRYS5850288,D,S,T,2024-08-27,1000000.00,3.755117,102.234375
08:00:30,91282CLD1,TSRYS5850288,D,S,T,2024-08-27,1000000.00,3.755117,102.234375
08:00:30,91282CLD1,TSRYS5850288,D,S,T,2024-08-27,1000000.00,3.755117,102.234375
08:00:30,91282CLD1,TSRYS5850288,D,S,T,2024-08-27,1000000.00,3.755117,102.234375
08:00:30,91282CLD1,TSRYS5850288,D,S,T,2024-08-27,1000000.00,3.755117,102.234375
08:00:30,91282CLD1,TSRYS5850288,D,S,T,2024-08-27,1000000.00,3.757349,102.220703125
08:00:30,91282CLD1,TSRYS5850288,D,S,T,2024-08-27,1000000.00,3.757667,102.21875
08:00:30,91282CLD1,TSRYS5850288,D,S,T,2024-08-27,1000000.00,3.757349,102.220703125
08:00:30,91282CLD1,TSRYS5850288,D,S,T,2024-08-27,1000000.00,3.756711,102.224609375
08:00:30,91282CLD1,TSRYS5850288,D,S,T,2024-08-27,1000000.00,3.755754,102.23046875
08:00:30,91282CLD1,TSRYS5850288,D,S,T,2024-08-27,1000000.00,3.755117,102.234375
08:00:30,91282CLD1,TSRYS5850288,D,S,T,2024-08-27,1000000.00,3.755754,102.23046875
08:00:30,91282CLD1,TSRYS5850288,D,S,T,2024-08-27,1000000.00,3.755754,102.23046875
08:00:30,91282CLD1,TSRYS5850288,D,S,T,2024-08-27,1000000.00,3.752885,102.248046875
08:00:30,91282CLD1,TSRYS5850288,D,S,T,2024-08-27,1000000.00,3.752885,102.248046875
08:00:30,91282CLD1,TSRYS5850288,D,S,T,2024-08-27,1000000.00,3.752566,102.25
08:00:30,91282CLD1,TSRYS5850288,D,S,T,2024-08-27,1000000.00,3.752566,102.25
08:00:30,91282CLD1,TSRYS5850288,D,S,T,2024-08-27,1000000.00,3.752566,102.25
08:00:30,91282CLD1,TSRYS5850288,D,S,T,2024-08-27,1000000.00,3.752566,102.25
08:00:30,91282CLD1,TSRYS5850288,D,S,T,2024-08-27,1000000.00,3.752566,102.25
08:00:30,91282CLD1,TSRYS5850288,D,S,T,2024-08-27,1000000.00,3.752566,102.25
08:00:30,91282CLD1,TSRYS5850288,D,S,T,2024-08-27,1000000.00,3.752248,102.251953125
08:00:30,91282CLD1,TSRYS5850288,D,S,T,2024-08-27,1000000.00,3.752566,102.25
08:00:30,91282CLD1,TSRYS5850288,D,S,T,2024-08-27,1000000.00,3.752566,102.25
08:00:30,91282CLD1,TSRYS5850288,D,S,T,2024-08-27,1000000.00,3.752566,102.25
08:00:30,91282CLD1,TSRYS5850288,D,S,T,2024-08-27,1000000.00,3.752566,102.25
08:00:30,91282CLD1,TSRYS5850288,D,S,T,2024-08-27,1000000.00,3.752566,102.25
08:00:30,91282CLD1,TSRYS5850288,D,S,T,2024-08-27,1000000.00,3.752566,102.25
08:00:30,91282CLD1,TSRYS5850288,D,S,T,2024-08-27,1000000.00,3.752566,102.25
08:00:30,91282CLD1,TSRYS5850288,D,S,T,2024-08-27,1000000.00,3.752566,102.25
08:00:30,91282CLD1,TSRYS5850288,D,S,T,2024-08-27,1000000.00,3.752566,102.25
08:00:30,91282CLD1,TSRYS5850288,D,S,T,2024-08-27,1000000.00,3.752566,102.25
08:00:30,91282CLD1,TSRYS5850288,D,S,T,2024-08-27,1000000.00,3.752566,102.25
08:00:30,91282CLD1,TSRYS5850288,D,S,T,2024-08-27,1000000.00,3.748105,102.27734375
08:00:30,91282CLD1,TSRYS5850288,D,S,T,2024-08-27,1000000.00,3.748105,102.27734375
08:00:30,91282CLD1,TSRYS5850288,D,S,T,2024-08-27,1000000.00,3.748105,102.27734375
08:00:30,91282CLD1,TSRYS5850288,D,S,T,2024-08-27,1000000.00,3.750335,102.263671875
08:00:30,91282CLD1,TSRYS5850288,D,S,T,2024-08-27,1000000.00,3.750335,102.263671875
08:00:30,91282CLD1,TSRYS5850288,D,S,T,2024-08-27,1000000.00,3.750335,102.263671875
08:00:30,91282CLD1,TSRYS5850288,D,S,T,2024-08-27,1000000.00,3.750335,102.263671875
08:00:30,91282CLD1,TSRYS5850288,D,S,T,2024-08-27,1000000.00,3.750335,102.263671875
08:00:30,91282CLD1,TSRYS5850288,D,S,T,2024-08-27,1000000.00,3.750335,102.263671875
08:00:30,91282CLD1,TSRYS5850288,D,S,T,2024-08-27,1000000.00,3.750335,102.263671875
08:00:30,91282CLD1,TSRYS5850288,D,S,T,2024-08-27,1000000.00,3.750335,102.263671875
08:00:30,91282CLD1,TSRYS5850288,D,S,T,2024-08-27,1000000.00,3.711824,102.5
08:00:30,91282CLD1,TSRYS5850288,D,S,T,2024-08-27,1000000.00,3.711824,102.5
08:00:30,91282CLD1,TSRYS5850288,D,S,T,2024-08-27,1000000.00,3.711824,102.5
08:00:30,91282CLD1,TSRYS5850288,D,S,T,2024-08-27,1000000.00,3.711824,102.5
08:00:30,91282CLD1,TSRYS5850288,D,S,T,2024-08-27,1000000.00,3.711824,102.5
08:00:30,91282CLD1,TSRYS5850288,D,S,T,2024-08-27,1000000.00,3.711189,102.50390625
08:00:30,91282CLD1,TSRYS5850288,D,S,T,2024-08-27,1000000.00,3.714367,102.484375
08:00:30,91282CLD1,TSRYS5850288,D,S,T,2024-08-27,1000000.00,3.714367,102.484375
08:00:30,91282CLD1,TSRYS5850288,D,S,T,2024-08-27,1000000.00,3.714367,102.484375
08:00:30,91282CLD1,TSRYS5850288,D,S,T,2024-08-27,1000000.00,3.721999,102.4375
08:00:30,91282CLD1,TSRYS5850288,D,S,T,2024-08-27,1000000.00,3.718183,102.4609375
08:00:30,91282CLD1,TSRYS5850288,D,S,T,2024-08-27,1000000.00,3.719455,102.453125
08:00:30,91282CLD1,TSRYS5850288,D,S,T,2024-08-27,1000000.00,3.719455,102.453125
08:00:30,91282CLD1,TSRYS5850288,D,S,T,2024-08-27,1000000.00,3.718183,102.4609375
08:00:30,91282CLD1,TSRYS5850288,D,S,T,2024-08-27,1000000.00,3.721999,102.4375
08:00:30,91282CLD1,TSRYS5850288,D,S,T,2024-08-27,1000000.00,3.720409,102.447265625
08:00:30,91282CLD1,TSRYS5850288,D,S,T,2024-08-27,1000000.00,3.720409,102.447265625
08:00:30,91282CLD1,TSRYS5850288,D,S,T,2024-08-27,1000000.00,3.718501,102.458984375
08:00:30,91282CLD1,TSRYS5850288,D,S,T,2024-08-27,1000000.00,3.717547,102.46484375
08:00:31,91282CLD1,TSRYS5850288,D,S,T,2024-08-27,1000000.00,3.716911,102.46875
08:00:31,91282CLD1,TSRYS5850288,D,S,T,2024-08-27,1000000.00,3.715639,102.4765625
08:00:31,91282CLD1,TSRYS5850288,D,S,T,2024-08-27,1000000.00,3.715639,102.4765625
08:00:31,91282CLD1,TSRYS5850288,D,S,T,2024-08-27,1000000.00,3.718183,102.4609375
08:00:31,91282CLD1,TSRYS5850288,D,S,T,2024-08-27,1000000.00,3.718819,102.45703125
08:00:31,91282CLD1,TSRYS5850288,D,S,T,2024-08-27,1000000.00,3.718183,102.4609375
08:00:31,91282CLD1,TSRYS5850288,D,S,T,2024-08-27,2000000.00,3.721999,102.4375
08:00:31,91282CLD1,TSRYS5850288,D,S,T,2024-08-27,1000000.00,3.722635,102.43359375
08:00:31,91282CLD1,TSRYS5850288,D,S,T,2024-08-27,1000000.00,3.723271,102.4296875
08:00:31,91282CLD1,TSRYS5850288,D,S,T,2024-08-27,1000000.00,3.722317,102.435546875
08:00:31,91282CLD1,TSRYS5850288,D,S,T,2024-08-27,1000000.00,3.719773,102.451171875
08:00:31,91282CLD1,TSRYS5850288,D,S,T,2024-08-27,1000000.00,3.720727,102.4453125
08:00:31,91282CLD1,TSRYS5850288,D,S,T,2024-08-27,1000000.00,3.720727,102.4453125
08:00:31,91282CLD1,TSRYS5850288,D,S,T,2024-08-27,1000000.00,3.720727,102.4453125
08:00:31,91282CLD1,TSRYS5850288,D,S,T,2024-08-27,1000000.00,3.720727,102.4453125
08:00:31,91282CLD1,TSRYS5850288,D,S,T,2024-08-27,1000000.00,3.720727,102.4453125
08:00:31,91282CLD1,TSRYS5850288,D,S,T,2024-08-27,1000000.00,3.721999,102.4375
08:00:31,91282CLD1,TSRYS5850288,D,S,T,2024-08-27,1000000.00,3.721999,102.4375
08:00:31,91282CLD1,TSRYS5850288,D,S,T,2024-08-27,1000000.00,3.721999,102.4375
08:00:31,91282CLD1,TSRYS5850288,D,S,T,2024-08-27,1000000.00,3.721999,102.4375
08:00:31,91282CLD1,TSRYS5850288,D,S,T,2024-08-27,1000000.00,3.721999,102.4375
08:00:31,91282CLD1,TSRYS5850288,D,S,T,2024-08-27,1000000.00,3.721999,102.4375
08:00:31,91282CLD1,TSRYS5850288,D,S,T,2024-08-27,1000000.00,3.721999,102.4375
08:00:31,91282CLD1,TSRYS5850288,D,S,T,2024-08-27,1000000.00,3.721999,102.4375
08:00:31,91282CLD1,TSRYS5850288,D,S,T,2024-08-27,1000000.00,3.721999,102.4375
08:00:31,91282CLD1,TSRYS5850288,D,S,T,2024-08-27,1000000.00,3.723271,102.4296875
08:00:31,91282CLD1,TSRYS5850288,D,S,T,2024-08-27,1000000.00,3.723271,102.4296875
08:00:31,91282CLD1,TSRYS5850288,D,S,T,2024-08-27,1000000.00,3.723271,102.4296875
08:00:31,91282CLD1,TSRYS5850288,D,S,T,2024-08-27,1000000.00,3.726135,102.412109375
08:00:31,91282CLD1,TSRYS5850288,D,S,T,2024-08-27,1000000.00,3.727089,102.40625
08:00:31,91282CLD1,TSRYS5850288,D,S,T,2024-08-27,1000000.00,3.727089,102.40625
08:00:31,91282CLD1,TSRYS5850288,D,S,T,2024-08-27,1000000.00,3.728998,102.39453125
08:00:31,91282CLD1,TSRYS5850288,D,S,T,2024-08-27,1000000.00,3.72868,102.396484375
08:00:31,91282CLD1,TSRYS5850288,D,S,T,2024-08-27,1000000.00,3.728362,102.3984375
08:00:31,91282CLD1,TSRYS5850288,D,S,T,2024-08-27,1000000.00,3.729635,102.390625
08:00:31,91282CLD1,TSRYS5850288,D,S,T,2024-08-27,1000000.00,3.729635,102.390625
08:00:31,91282CLD1,TSRYS5850288,D,S,T,2024-08-27,1000000.00,3.729635,102.390625
08:00:31,91282CLD1,TSRYS5850288,D,S,T,2024-08-27,1000000.00,3.729635,102.390625
08:00:31,91282CLD1,TSRYS5850288,D,S,T,2024-08-27,1000000.00,3.732181,102.375
08:00:31,91282CLD1,TSRYS5850288,D,S,T,2024-08-27,1000000.00,3.732181,102.375
08:00:31,91282CLD1,TSRYS5850288,D,S,T,2024-08-27,1000000.00,3.732181,102.375
08:00:31,91282CLD1,TSRYS5850288,D,S,T,2024-08-27,1000000.00,3.731544,102.37890625
08:00:31,91282CLD1,TSRYS5850288,D,S,T,2024-08-27,1000000.00,3.729635,102.390625
08:00:31,91282CLD1,TSRYS5850288,D,S,T,2024-08-27,1000000.00,3.728362,102.3984375
08:00:31,91282CLD1,TSRYS5850288,D,S,T,2024-08-27,1000000.00,3.727089,102.40625
08:00:31,91282CLD1,TSRYS5850288,D,S,T,2024-08-27,1000000.00,3.727089,102.40625
08:00:31,91282CLD1,TSRYS5850288,D,S,T,2024-08-27,1000000.00,3.725816,102.4140625
08:00:31,91282CLD1,TSRYS5850288,D,S,T,2024-08-27,1000000.00,3.728998,102.39453125
08:00:31,91282CLD1,TSRYS5850288,D,S,T,2024-08-27,1000000.00,3.729635,102.390625
08:00:31,91282CLD1,TSRYS5850288,D,S,T,2024-08-27,1000000.00,3.729635,102.390625
08:00:31,91282CLD1,TSRYS5850288,D,S,T,2024-08-27,1000000.00,3.729635,102.390625
08:00:31,91282CLD1,TSRYS5850288,D,S,D,2024-08-27,1000000.00,3.730271,102.38671875
08:00:31,91282CLD1,TSRYS5850288,D,S,T,2024-08-27,1000000.00,3.730908,102.3828125
08:00:31,91282CLD1,TSRYS5850288,D,S,T,2024-08-27,1000000.00,3.730908,102.3828125
08:00:31,91282CLD1,TSRYS5850288,D,S,T,2024-08-27,1000000.00,3.730908,102.3828125
08:00:31,91282CLD1,TSRYS5850288,D,S,T,2024-08-27,1000000.00,3.730908,102.3828125
08:00:31,91282CLD1,TSRYS5850288,D,S,T,2024-08-27,1000000.00,3.735046,102.357421875
08:00:31,91282CLD1,TSRYS5850288,D,S,T,2024-08-27,1000000.00,3.734728,102.359375
08:00:31,91282CLD1,TSRYS5850288,D,S,T,2024-08-27,1000000.00,3.733454,102.3671875
08:00:31,91282CLD1,TSRYS5850288,D,S,T,2024-08-27,1000000.00,3.731226,102.380859375
08:00:31,91282CLD1,TSRYS5850288,D,S,T,2024-08-27,1000000.00,3.733454,102.3671875
08:00:31,91282CLD1,TSRYS5850288,D,S,T,2024-08-27,1000000.00,3.733454,102.3671875
08:00:31,91282CLD1,TSRYS5850288,D,S,T,2024-08-27,1000000.00,3.733454,102.3671875
08:00:31,91282CLD1,TSRYS5850288,D,S,T,2024-08-27,1000000.00,3.733454,102.3671875
08:00:31,91282CLD1,TSRYS5850288,D,S,T,2024-08-27,1000000.00,3.733454,102.3671875
08:00:31,91282CLD1,TSRYS5850288,D,S,T,2024-08-27,1000000.00,3.734728,102.359375
08:00:31,91282CLD1,TSRYS5850288,D,S,T,2024-08-27,1000000.00,3.735364,102.35546875
08:00:31,91282CLD1,TSRYS5850288,D,S,T,2024-08-27,1000000.00,3.735364,102.35546875
08:00:31,91282CLD1,TSRYS5850288,D,S,T,2024-08-27,1000000.00,3.733454,102.3671875
08:00:31,91282CLD1,TSRYS5850288,D,S,T,2024-08-27,1000000.00,3.732181,102.375
08:00:31,91282CLD1,TSRYS5850288,D,S,T,2024-08-27,1000000.00,3.733454,102.3671875
08:00:31,91282CLD1,TSRYS5850288,D,S,T,2024-08-27,1000000.00,3.733454,102.3671875
08:00:31,91282CLD1,TSRYS5850288,D,S,D,2024-08-27,1000000.00,3.733454,102.3671875
08:00:31,91282CLD1,TSRYS5850288,D,S,T,2024-08-27,1000000.00,3.733454,102.3671875
08:00:31,91282CLD1,TSRYS5850288,D,S,T,2024-08-27,1000000.00,3.734728,102.359375
08:00:31,91282CLD1,TSRYS5850288,D,S,T,2024-08-27,1000000.00,3.733454,102.3671875
08:00:31,91282CLD1,TSRYS5850288,D,S,D,2024-08-27,1000000.00,3.731226,102.380859375
08:00:31,91282CLD1,TSRYS5850288,D,S,T,2024-08-27,1000000.00,3.732181,102.375
08:00:31,91282CLD1,TSRYS5850288,D,S,T,2024-08-27,1000000.00,3.731863,102.376953125
08:00:31,91282CLD1,TSRYS5850288,D,S,T,2024-08-27,1000000.00,3.730908,102.3828125
08:00:31,91282CLD1,TSRYS5850288,D,S,D,2024-08-27,1000000.00,3.731226,102.380859375
08:00:31,91282CLD1,TSRYS5850288,D,S,T,2024-08-27,1000000.00,3.733454,102.3671875
08:00:31,91282CLD1,TSRYS5850288,D,S,T,2024-08-27,1000000.00,3.733454,102.3671875
08:00:31,91282CLD1,TSRYS5850288,D,S,T,2024-08-27,1000000.00,3.732181,102.375
08:00:31,91282CLD1,TSRYS5850288,D,S,T,2024-08-27,1000000.00,3.726771,102.408203125
08:00:31,91282CLD1,TSRYS5850288,D,S,D,2024-08-27,1000000.00,3.726453,102.41015625
08:00:31,91282CLD1,TSRYS5850288,D,S,T,2024-08-27,1000000.00,3.725816,102.4140625
08:00:31,91282CLD1,TSRYS5850288,D,S,T,2024-08-27,1000000.00,3.725816,102.4140625
08:00:31,91282CLD1,TSRYS5850288,D,S,D,2024-08-27,1000000.00,3.726453,102.41015625
08:00:31,91282CLD1,TSRYS5850288,D,S,T,2024-08-27,1000000.00,3.725816,102.4140625
08:00:31,91282CLD1,TSRYS5850288,D,S,T,2024-08-27,1000000.00,3.728362,102.3984375
08:00:31,91282CLD1,TSRYS5850288,D,S,T,2024-08-27,1000000.00,3.728362,102.3984375
08:00:31,91282CLD1,TSRYS5850288,D,S,T,2024-08-27,1000000.00,3.728362,102.3984375
08:00:31,91282CLD1,TSRYS5850288,D,S,T,2024-08-27,1000000.00,3.728362,102.3984375
08:00:31,91282CLD1,TSRYS5850288,D,S,T,2024-08-27,1000000.00,3.727089,102.40625
08:00:31,91282CLD1,TSRYS5850288,D,S,T,2024-08-27,1000000.00,3.725816,102.4140625
08:00:31,91282CLD1,TSRYS5850288,D,S,T,2024-08-27,1000000.00,3.727089,102.40625
08:00:31,91282CLD1,TSRYS5850288,D,S,T,2024-08-27,1000000.00,3.727089,102.40625
08:00:31,91282CLD1,TSRYS5850288,D,S,T,2024-08-27,1000000.00,3.727089,102.40625
08:00:31,91282CLD1,TSRYS5850288,D,S,T,2024-08-27,1000000.00,3.727089,102.40625
08:00:31,91282CLD1,TSRYS5850288,D,S,T,2024-08-27,1000000.00,3.727089,102.40625
08:00:31,91282CLD1,TSRYS5850288,D,S,T,2024-08-27,1000000.00,3.727089,102.40625
08:00:31,91282CLD1,TSRYS5850288,D,S,T,2024-08-27,1000000.00,3.727089,102.40625
08:00:31,91282CLD1,TSRYS5850288,D,S,T,2024-08-27,1000000.00,3.727089,102.40625
08:00:31,91282CLD1,TSRYS5850288,D,S,T,2024-08-27,1000000.00,3.727089,102.40625
08:00:31,91282CLD1,TSRYS5850288,D,S,T,2024-08-27,1000000.00,3.727089,102.40625
08:00:31,91282CLD1,TSRYS5850288,D,S,T,2024-08-27,1000000.00,3.727089,102.40625
08:00:31,91282CLD1,TSRYS5850288,D,S,T,2024-08-27,1000000.00,3.727089,102.40625
08:00:31,91282CLD1,TSRYS5850288,D,S,T,2024-08-27,1000000.00,3.728044,102.400390625
08:00:31,91282CLD1,TSRYS5850288,D,S,T,2024-08-27,1000000.00,3.728362,102.3984375
08:00:31,91282CLD1,TSRYS5850288,D,S,T,2024-08-27,1000000.00,3.728362,102.3984375
08:00:31,91282CLD1,TSRYS5850288,D,S,T,2024-08-27,1000000.00,3.728362,102.3984375
08:00:31,91282CLD1,TSRYS5850288,D,S,T,2024-08-27,1000000.00,3.728362,102.3984375
08:00:31,91282CLD1,TSRYS5850288,D,S,T,2024-08-27,1000000.00,3.727089,102.40625
08:00:31,91282CLD1,TSRYS5850288,D,S,T,2024-08-27,1000000.00,3.727089,102.40625
08:00:31,91282CLD1,TSRYS5850288,D,S,T,2024-08-27,2000000.00,3.727089,102.40625
08:00:31,91282CLD1,TSRYS5850288,D,S,T,2024-08-27,1000000.00,3.727407,102.404296875
08:00:31,91282CLD1,TSRYS5850288,D,S,T,2024-08-27,1000000.00,3.727725,102.40234375
08:00:31,91282CLD1,TSRYS5850288,D,S,D,2024-08-27,1000000.00,3.731226,102.380859375
08:00:31,91282CLD1,TSRYS5850288,D,S,T,2024-08-27,1000000.00,3.732181,102.375
08:00:31,91282CLD1,TSRYS5850288,D,S,T,2024-08-27,1000000.00,3.732818,102.37109375
08:00:31,91282CLD1,TSRYS5850288,D,S,D,2024-08-27,1000000.00,3.728998,102.39453125
08:00:31,91282CLD1,TSRYS5850288,D,S,T,2024-08-27,1000000.00,3.725816,102.4140625
08:00:31,91282CLD1,TSRYS5850288,D,S,T,2024-08-27,1000000.00,3.721999,102.4375
08:00:31,91282CLD1,TSRYS5850288,D,S,T,2024-08-27,1000000.00,3.722635,102.43359375
08:00:31,91282CLD1,TSRYS5850288,D,S,T,2024-08-27,1000000.00,3.722635,102.43359375
08:00:31,91282CLD1,TSRYS5850288,D,S,T,2024-08-27,1000000.00,3.723271,102.4296875
08:00:31,91282CLD1,TSRYS5850288,D,S,T,2024-08-27,1000000.00,3.723271,102.4296875
08:00:31,91282CLD1,TSRYS5850288,D,S,T,2024-08-27,1000000.00,3.723271,102.4296875
08:00:31,91282CLD1,TSRYS5850288,D,S,T,2024-08-27,1000000.00,3.723271,102.4296875
08:00:31,91282CLD1,TSRYS5850288,D,S,T,2024-08-27,1000000.00,3.723271,102.4296875
08:00:31,91282CLD1,TSRYS5850288,D,S,T,2024-08-27,1000000.00,3.723271,102.4296875
08:00:31,91282CLD1,TSRYS5850288,D,S,T,2024-08-27,1000000.00,3.723271,102.4296875
08:00:31,91282CLD1,TSRYS5850288,D,S,T,2024-08-27,2000000.00,3.731226,102.380859375
08:00:31,91282CLD1,TSRYS5850288,D,S,T,2024-08-27,1000000.00,3.733454,102.3671875
08:00:31,91282CLD1,TSRYS5850288,D,S,T,2024-08-27,1000000.00,3.734728,102.359375
08:00:31,91282CLD1,TSRYS5850288,D,S,T,2024-08-27,2000000.00,3.737275,102.34375
08:00:31,91282CLD1,TSRYS5850288,D,S,T,2024-08-27,1000000.00,3.73823,102.337890625
08:00:31,91282CLD1,TSRYS5850288,D,S,D,2024-08-27,1000000.00,3.73823,102.337890625
08:00:31,91282CLD1,TSRYS5850288,D,S,T,2024-08-27,1000000.00,3.736001,102.3515625
08:00:31,91282CLD1,TSRYS5850288,D,S,T,2024-08-27,1000000.00,3.73823,102.337890625
08:00:31,91282CLD1,TSRYS5850288,D,S,T,2024-08-27,1000000.00,3.738548,102.3359375
08:00:31,91282CLD1,TSRYS5850288,D,S,T,2024-08-27,1000000.00,3.742052,102.314453125
08:00:31,91282CLD1,TSRYS5850288,D,S,D,2024-08-27,1000000.00,3.742689,102.310546875
08:00:31,91282CLD1,TSRYS5850288,D,S,D,2024-08-27,1000000.00,3.742689,102.310546875
08:00:31,91282CLD1,TSRYS5850288,D,S,T,2024-08-27,1000000.00,3.739822,102.328125
08:00:31,91282CLD1,TSRYS5850288,D,S,T,2024-08-27,1000000.00,3.738548,102.3359375
08:00:31,91282CLD1,TSRYS5850288,D,S,T,2024-08-27,1000000.00,3.737275,102.34375
08:00:31,91282CLD1,TSRYS5850288,D,S,T,2024-08-27,1000000.00,3.737275,102.34375
08:00:31,91282CLD1,TSRYS5850288,D,S,T,2024-08-27,1000000.00,3.741415,102.318359375
08:00:31,91282CLD1,TSRYS5850288,D,S,T,2024-08-27,1000000.00,3.741096,102.3203125
08:00:31,91282CLD1,TSRYS5850288,D,S,T,2024-08-27,1000000.00,3.740141,102.326171875
08:00:31,91282CLD1,TSRYS5850288,D,S,T,2024-08-27,1000000.00,3.739822,102.328125
08:00:31,91282CLD1,TSRYS5850288,D,S,T,2024-08-27,1000000.00,3.74237,102.3125
08:00:31,91282CLD1,TSRYS5850288,D,S,T,2024-08-27,1000000.00,3.743963,102.302734375
08:00:31,91282CLD1,TSRYS5850288,D,S,T,2024-08-27,1000000.00,3.743644,102.3046875
08:00:31,91282CLD1,TSRYS5850288,D,S,T,2024-08-27,1000000.00,3.745874,102.291015625
08:00:31,91282CLD1,TSRYS5850288,D,S,T,2024-08-27,1000000.00,3.745556,102.29296875
08:00:31,91282CLD1,TSRYS5850288,D,S,T,2024-08-27,1000000.00,3.744918,102.296875
08:00:31,91282CLD1,TSRYS5850288,D,S,T,2024-08-27,1000000.00,3.743644,102.3046875
08:00:31,91282CLD1,TSRYS5850288,D,S,T,2024-08-27,1000000.00,3.743007,102.30859375
08:00:31,91282CLD1,TSRYS5850288,D,S,T,2024-08-27,1000000.00,3.74237,102.3125
08:00:31,91282CLD1,TSRYS5850288,D,S,T,2024-08-27,1000000.00,3.741096,102.3203125
08:00:31,91282CLD1,TSRYS5850288,D,S,T,2024-08-27,1000000.00,3.741096,102.3203125
08:00:31,91282CLD1,TSRYS5850288,D,S,T,2024-08-27,1000000.00,3.741733,102.31640625
08:00:31,91282CLD1,TSRYS5850288,D,S,T,2024-08-27,1000000.00,3.741733,102.31640625
08:00:31,91282CLD1,TSRYS5850288,D,S,T,2024-08-27,1000000.00,3.74237,102.3125
08:00:31,91282CLD1,TSRYS5850288,D,S,T,2024-08-27,1000000.00,3.742689,102.310546875
08:00:31,91282CLD1,TSRYS5850288,D,S,T,2024-08-27,1000000.00,3.74237,102.3125
08:00:31,91282CLD1,TSRYS5850288,D,S,T,2024-08-27,1000000.00,3.74237,102.3125
08:00:31,91282CLD1,TSRYS5850288,D,S,T,2024-08-27,1000000.00,3.74237,102.3125
08:00:32,91282CLD1,TSRYS5850288,D,S,T,2024-08-27,1000000.00,3.739822,102.328125
08:00:32,91282CLD1,TSRYS5850288,D,S,T,2024-08-27,1000000.00,3.745874,102.291015625
08:00:32,91282CLD1,TSRYS5850288,D,S,T,2024-08-27,1000000.00,3.750017,102.265625
08:00:32,91282CLD1,TSRYS5850288,D,S,T,2024-08-27,1000000.00,3.750017,102.265625
08:00:32,91282CLD1,TSRYS5850288,D,S,T,2024-08-27,1000000.00,3.748742,102.2734375
08:00:32,91282CLD1,TSRYS5850288,D,S,T,2024-08-27,1000000.00,3.748742,102.2734375
08:00:32,91282CLD1,TSRYS5850288,D,S,T,2024-08-27,1000000.00,3.751292,102.2578125
08:00:32,91282CLD1,TSRYS5850288,D,S,T,2024-08-27,1000000.00,3.752566,102.25
08:00:32,91282CLD1,TSRYS5850288,D,S,T,2024-08-27,1000000.00,3.752566,102.25
08:00:32,91282CLD1,TSRYS5850288,D,S,T,2024-08-27,1000000.00,3.752566,102.25
08:00:32,91282CLD1,TSRYS5850288,D,S,T,2024-08-27,1000000.00,3.752566,102.25
08:00:32,91282CLD1,TSRYS5850288,D,S,T,2024-08-27,1000000.00,3.752566,102.25
08:00:32,91282CLD1,TSRYS5850288,D,S,T,2024-08-27,1000000.00,3.752566,102.25
08:00:32,91282CLD1,TSRYS5850288,D,S,T,2024-08-27,1000000.00,3.752566,102.25
08:00:32,91282CLD1,TSRYS5850288,D,S,T,2024-08-27,1000000.00,3.752566,102.25
08:00:32,91282CLD1,TSRYS5850288,D,S,T,2024-08-27,1000000.00,3.752566,102.25
08:00:32,91282CLD1,TSRYS5850288,D,S,T,2024-08-27,1000000.00,3.752566,102.25
08:00:32,91282CLD1,TSRYS5850288,D,S,T,2024-08-27,1000000.00,3.750973,102.259765625
08:00:32,91282CLD1,TSRYS5850288,D,S,T,2024-08-27,1000000.00,3.750654,102.26171875
08:00:32,91282CLD1,TSRYS5850288,D,S,T,2024-08-27,1000000.00,3.751292,102.2578125
08:00:32,91282CLD1,TSRYS5850288,D,S,T,2024-08-27,1000000.00,3.751929,102.25390625
08:00:32,91282CLD1,TSRYS5850288,D,S,T,2024-08-27,1000000.00,3.751929,102.25390625
08:00:32,91282CLD1,TSRYS5850288,D,S,T,2024-08-27,1000000.00,3.751929,102.25390625
08:00:32,91282CLD1,TSRYS5850288,D,S,T,2024-08-27,1000000.00,3.751929,102.25390625
08:00:32,91282CLD1,TSRYS5850288,D,S,T,2024-08-27,1000000.00,3.751929,102.25390625
08:00:32,91282CLD1,TSRYS5850288,D,S,T,2024-08-27,1000000.00,3.751929,102.25390625
08:00:32,91282CLD1,TSRYS5850288,D,S,T,2024-08-27,1000000.00,3.751929,102.25390625
08:00:32,91282CLD1,TSRYS5850288,D,S,T,2024-08-27,1000000.00,3.753523,102.244140625
08:00:32,91282CLD1,TSRYS5850288,D,S,T,2024-08-27,1000000.00,3.751292,102.2578125
08:00:32,91282CLD1,TSRYS5850288,D,S,T,2024-08-27,1000000.00,3.75161,102.255859375
08:00:32,91282CLD1,TSRYS5850288,D,S,T,2024-08-27,1000000.00,3.751292,102.2578125
08:00:32,91282CLD1,TSRYS5850288,D,S,T,2024-08-27,1000000.00,3.751292,102.2578125
08:00:32,91282CLD1,TSRYS5850288,D,S,T,2024-08-27,1000000.00,3.750973,102.259765625
08:00:32,91282CLD1,TSRYS5850288,D,S,T,2024-08-27,1000000.00,3.753523,102.244140625
08:00:32,91282CLD1,TSRYS5850288,D,S,T,2024-08-27,1000000.00,3.755117,102.234375
08:00:32,91282CLD1,TSRYS5850288,D,S,T,2024-08-27,1000000.00,3.755117,102.234375
08:00:32,91282CLD1,TSRYS5850288,D,S,T,2024-08-27,1000000.00,3.755117,102.234375
08:00:32,91282CLD1,TSRYS5850288,D,S,T,2024-08-27,1000000.00,3.753842,102.2421875
08:00:32,91282CLD1,TSRYS5850288,D,S,T,2024-08-27,1000000.00,3.752566,102.25
08:00:32,91282CLD1,TSRYS5850288,D,S,T,2024-08-27,1000000.00,3.752248,102.251953125
08:00:32,91282CLD1,TSRYS5850288,D,S,T,2024-08-27,1000000.00,3.751929,102.25390625
08:00:32,91282CLD1,TSRYS5850288,D,S,T,2024-08-27,1000000.00,3.751929,102.25390625
08:00:32,91282CLD1,TSRYS5850288,D,S,T,2024-08-27,1000000.00,3.751929,102.25390625
08:00:32,91282CLD1,TSRYS5850288,D,S,T,2024-08-27,1000000.00,3.751292,102.2578125
08:00:32,91282CLD1,TSRYS5850288,D,S,T,2024-08-27,1000000.00,3.751292,102.2578125
08:00:32,91282CLD1,TSRYS5850288,D,S,T,2024-08-27,1000000.00,3.750654,102.26171875
08:00:32,91282CLD1,TSRYS5850288,D,S,T,2024-08-27,1000000.00,3.748742,102.2734375
08:00:32,91282CLD1,TSRYS5850288,D,S,T,2024-08-27,1000000.00,3.748742,102.2734375
08:00:32,91282CLD1,TSRYS5850288,D,S,T,2024-08-27,1000000.00,3.750017,102.265625
08:00:32,91282CLD1,TSRYS5850288,D,S,T,2024-08-27,1000000.00,3.750017,102.265625
08:00:32,91282CLD1,TSRYS5850288,D,S,T,2024-08-27,1000000.00,3.750017,102.265625
08:00:32,91282CLD1,TSRYS5850288,D,S,T,2024-08-27,1000000.00,3.750017,102.265625
08:00:32,91282CLD1,TSRYS5850288,D,S,T,2024-08-27,2000000.00,3.750017,102.265625
08:00:32,91282CLD1,TSRYS5850288,D,S,T,2024-08-27,1000000.00,3.749698,102.267578125
08:00:32,91282CLD1,TSRYS5850288,D,S,T,2024-08-27,1000000.00,3.750017,102.265625
08:00:32,91282CLD1,TSRYS5850288,D,S,T,2024-08-27,1000000.00,3.749698,102.267578125
08:00:32,91282CLD1,TSRYS5850288,D,S,T,2024-08-27,1000000.00,3.751292,102.2578125
08:00:32,91282CLD1,TSRYS5850288,D,S,T,2024-08-27,1000000.00,3.751292,102.2578125
08:00:32,91282CLD1,TSRYS5850288,D,S,T,2024-08-27,1000000.00,3.751292,102.2578125
08:00:32,91282CLD1,TSRYS5850288,D,S,T,2024-08-27,1000000.00,3.750017,102.265625
08:00:32,91282CLD1,TSRYS5850288,D,S,T,2024-08-27,1000000.00,3.750335,102.263671875
08:00:32,91282CLD1,TSRYS5850288,D,S,T,2024-08-27,1000000.00,3.750017,102.265625
08:00:32,91282CLD1,TSRYS5850288,D,S,T,2024-08-27,1000000.00,3.751292,102.2578125
08:00:32,91282CLD1,TSRYS5850288,D,S,T,2024-08-27,1000000.00,3.750973,102.259765625
08:00:32,91282CLD1,TSRYS5850288,D,S,T,2024-08-27,1000000.00,3.750017,102.265625
08:00:32,91282CLD1,TSRYS5850288,D,S,T,2024-08-27,1000000.00,3.750017,102.265625
08:00:32,91282CLD1,TSRYS5850288,D,S,T,2024-08-27,1000000.00,3.750017,102.265625
08:00:32,91282CLD1,TSRYS5850288,D,S,T,2024-08-27,1000000.00,3.751292,102.2578125
08:00:32,91282CLD1,TSRYS5850288,D,S,T,2024-08-27,1000000.00,3.751292,102.2578125
08:00:32,91282CLD1,TSRYS5850288,D,S,T,2024-08-27,1000000.00,3.751292,102.2578125
08:00:32,91282CLD1,TSRYS5850288,D,S,T,2024-08-27,1000000.00,3.751292,102.2578125
08:00:32,91282CLD1,TSRYS5850288,D,S,T,2024-08-27,1000000.00,3.751292,102.2578125
08:00:32,91282CLD1,TSRYS5850288,D,S,T,2024-08-27,1000000.00,3.751292,102.2578125
08:00:32,91282CLD1,TSRYS5850288,D,S,T,2024-08-27,1000000.00,3.751292,102.2578125
08:00:32,91282CLD1,TSRYS5850288,D,S,T,2024-08-27,1000000.00,3.751292,102.2578125
08:00:32,91282CLD1,TSRYS5850288,D,S,T,2024-08-27,1000000.00,3.750017,102.265625
08:00:32,91282CLD1,TSRYS5850288,D,S,T,2024-08-27,1000000.00,3.750017,102.265625
08:00:32,91282CLD1,TSRYS5850288,D,S,T,2024-08-27,1000000.00,3.750017,102.265625
08:00:32,91282CLD1,TSRYS5850288,D,S,T,2024-08-27,1000000.00,3.750017,102.265625
08:00:32,91282CLD1,TSRYS5850288,D,S,T,2024-08-27,1000000.00,3.750017,102.265625
08:00:32,91282CLD1,TSRYS5850288,D,S,T,2024-08-27,2000000.00,3.750017,102.265625
08:00:32,91282CLD1,TSRYS5850288,D,S,T,2024-08-27,1000000.00,3.750017,102.265625
08:00:32,91282CLD1,TSRYS5850288,D,S,T,2024-08-27,1000000.00,3.751292,102.2578125
08:00:32,91282CLD1,TSRYS5850288,D,S,T,2024-08-27,1000000.00,3.751292,102.2578125
08:00:32,91282CLD1,TSRYS5850288,D,S,T,2024-08-27,1000000.00,3.750017,102.265625
08:00:32,91282CLD1,TSRYS5850288,D,S,T,2024-08-27,3000000.00,3.750017,102.265625
08:00:32,91282CLD1,TSRYS5850288,D,S,T,2024-08-27,1000000.00,3.750017,102.265625
08:00:32,91282CLD1,TSRYS5850288,D,S,T,2024-08-27,1000000.00,3.751292,102.2578125
08:00:32,91282CLD1,TSRYS5850288,D,S,T,2024-08-27,1000000.00,3.751292,102.2578125
08:00:32,91282CLD1,TSRYS5850288,D,S,T,2024-08-27,1000000.00,3.750973,102.259765625
08:00:32,91282CLD1,TSRYS5850288,D,S,T,2024-08-27,1000000.00,3.750654,102.26171875
08:00:32,91282CLD1,TSRYS5850288,D,S,T,2024-08-27,1000000.00,3.752566,102.25
08:00:32,91282CLD1,TSRYS5850288,D,S,T,2024-08-27,1000000.00,3.752566,102.25
08:00:32,91282CLD1,TSRYS5850288,D,S,T,2024-08-27,1000000.00,3.752566,102.25
08:00:32,91282CLD1,TSRYS5850288,D,S,T,2024-08-27,1000000.00,3.752566,102.25
08:00:32,91282CLD1,TSRYS5850288,D,S,T,2024-08-27,1000000.00,3.752566,102.25
08:00:32,91282CLD1,TSRYS5850288,D,S,T,2024-08-27,1000000.00,3.752566,102.25
08:00:32,91282CLD1,TSRYS5850288,D,S,T,2024-08-27,1000000.00,3.752566,102.25
08:00:32,91282CLD1,TSRYS5850288,D,S,T,2024-08-27,2000000.00,3.752566,102.25
08:00:32,91282CLD1,TSRYS5850288,D,S,T,2024-08-27,1000000.00,3.752566,102.25
08:00:32,91282CLD1,TSRYS5850288,D,S,T,2024-08-27,1000000.00,3.752566,102.25
08:00:32,91282CLD1,TSRYS5850288,D,S,T,2024-08-27,1000000.00,3.752566,102.25
08:00:32,91282CLD1,TSRYS5850288,D,S,D,2024-08-27,1000000.00,3.752566,102.25
08:00:32,91282CLD1,TSRYS5850288,D,S,T,2024-08-27,1000000.00,3.752566,102.25
08:00:32,91282CLD1,TSRYS5850288,D,S,T,2024-08-27,1000000.00,3.753842,102.2421875
08:00:32,91282CLD1,TSRYS5850288,D,S,T,2024-08-27,1000000.00,3.753842,102.2421875
08:00:32,91282CLD1,TSRYS5850288,D,S,T,2024-08-27,1000000.00,3.755117,102.234375
08:00:32,91282CLD1,TSRYS5850288,D,S,T,2024-08-27,1000000.00,3.755117,102.234375
08:00:32,91282CLD1,TSRYS5850288,D,S,T,2024-08-27,1000000.00,3.755117,102.234375
08:00:32,91282CLD1,TSRYS5850288,D,S,T,2024-08-27,1000000.00,3.755117,102.234375
08:00:32,91282CLD1,TSRYS5850288,D,S,T,2024-08-27,1000000.00,3.755117,102.234375
08:00:32,91282CLD1,TSRYS5850288,D,S,T,2024-08-27,1000000.00,3.755117,102.234375
08:00:32,91282CLD1,TSRYS5850288,D,S,T,2024-08-27,1000000.00,3.755117,102.234375
08:00:32,91282CLD1,TSRYS5850288,D,S,T,2024-08-27,1000000.00,3.757667,102.21875
08:00:32,91282CLD1,TSRYS5850288,D,S,T,2024-08-27,1000000.00,3.757667,102.21875
08:00:32,91282CLD1,TSRYS5850288,D,S,T,2024-08-27,1000000.00,3.755117,102.234375
08:00:32,91282CLD1,TSRYS5850288,D,S,T,2024-08-27,1000000.00,3.755436,102.232421875
08:00:32,91282CLD1,TSRYS5850288,D,S,T,2024-08-27,1000000.00,3.755754,102.23046875
08:00:32,91282CLD1,TSRYS5850288,D,S,T,2024-08-27,1000000.00,3.755754,102.23046875
08:00:32,91282CLD1,TSRYS5850288,D,S,T,2024-08-27,1000000.00,3.755754,102.23046875
08:00:32,91282CLD1,TSRYS5850288,D,S,T,2024-08-27,1000000.00,3.755754,102.23046875
08:00:32,91282CLD1,TSRYS5850288,D,S,T,2024-08-27,1000000.00,3.755754,102.23046875
08:00:32,91282CLD1,TSRYS5850288,D,S,T,2024-08-27,1000000.00,3.756392,102.2265625
08:00:32,91282CLD1,TSRYS5850288,D,S,T,2024-08-27,5000000.00,3.756392,102.2265625
08:00:32,91282CLD1,TSRYS5850288,D,S,T,2024-08-27,1000000.00,3.756392,102.2265625
08:00:32,91282CLD1,TSRYS5850288,D,S,T,2024-08-27,1000000.00,3.756392,102.2265625
08:00:32,91282CLD1,TSRYS5850288,D,S,T,2024-08-27,1000000.00,3.755436,102.232421875
08:00:32,91282CLD1,TSRYS5850288,D,S,T,2024-08-27,1000000.00,3.755754,102.23046875
08:00:32,91282CLD1,TSRYS5850288,D,S,T,2024-08-27,1000000.00,3.755436,102.232421875
08:00:32,91282CLD1,TSRYS5850288,D,S,T,2024-08-27,1000000.00,3.755436,102.232421875
08:00:32,91282CLD1,TSRYS5850288,D,S,T,2024-08-27,1000000.00,3.755754,102.23046875
08:00:32,91282CLD1,TSRYS5850288,D,S,T,2024-08-27,1000000.00,3.755754,102.23046875
08:00:32,91282CLD1,TSRYS5850288,D,S,T,2024-08-27,1000000.00,3.755436,102.232421875
08:00:32,91282CLD1,TSRYS5850288,D,S,T,2024-08-27,1000000.00,3.755754,102.23046875
08:00:32,91282CLD1,TSRYS5850288,D,S,T,2024-08-27,1000000.00,3.755436,102.232421875
08:00:32,91282CLD1,TSRYS5850288,D,S,T,2024-08-27,1000000.00,3.755117,102.234375
08:00:32,91282CLD1,TSRYS5850288,D,S,T,2024-08-27,1000000.00,3.754798,102.236328125
08:00:32,91282CLD1,TSRYS5850288,D,S,T,2024-08-27,1000000.00,3.754479,102.23828125
08:00:32,91282CLD1,TSRYS5850288,D,S,T,2024-08-27,1000000.00,3.75416,102.240234375
08:00:32,91282CLD1,TSRYS5850288,D,S,T,2024-08-27,1000000.00,3.753842,102.2421875
08:00:32,91282CLD1,TSRYS5850288,D,S,T,2024-08-27,1000000.00,3.753523,102.244140625
08:00:32,91282CLD1,TSRYS5850288,D,S,T,2024-08-27,1000000.00,3.755117,102.234375
08:00:32,91282CLD1,TSRYS5850288,D,S,T,2024-08-27,1000000.00,3.753842,102.2421875
08:00:32,91282CLD1,TSRYS5850288,D,S,T,2024-08-27,1000000.00,3.752566,102.25
08:00:32,91282CLD1,TSRYS5850288,D,S,T,2024-08-27,1000000.00,3.753842,102.2421875
08:00:32,91282CLD1,TSRYS5850288,D,S,T,2024-08-27,1000000.00,3.752566,102.25
08:00:32,91282CLD1,TSRYS5850288,D,S,T,2024-08-27,1000000.00,3.752566,102.25
08:00:32,91282CLD1,TSRYS5850288,D,S,T,2024-08-27,1000000.00,3.748742,102.2734375
08:00:32,91282CLD1,TSRYS5850288,D,S,T,2024-08-27,1000000.00,3.749379,102.26953125
08:00:32,91282CLD1,TSRYS5850288,D,S,T,2024-08-27,1000000.00,3.750017,102.265625
08:00:32,91282CLD1,TSRYS5850288,D,S,T,2024-08-27,1000000.00,3.751292,102.2578125
08:00:32,91282CLD1,TSRYS5850288,D,S,D,2024-08-27,1000000.00,3.727725,102.40234375
08:00:32,91282CLD1,TSRYS5850288,D,S,D,2024-08-27,1000000.00,3.729953,102.388671875
08:00:32,91282CLD1,TSRYS5850288,D,S,D,2024-08-27,1000000.00,3.734091,102.36328125
08:00:32,91282CLD1,TSRYS5850288,D,S,D,2024-08-27,1000000.00,3.733454,102.3671875
08:00:32,91282CLD1,TSRYS5850288,D,S,D,2024-08-27,1000000.00,3.732181,102.375
08:00:32,91282CLD1,TSRYS5850288,D,S,D,2024-08-27,1000000.00,3.728362,102.3984375
08:00:32,91282CLD1,TSRYS5850288,D,S,D,2024-08-27,1000000.00,3.72868,102.396484375
08:00:32,91282CLD1,TSRYS5850288,D,S,D,2024-08-27,1000000.00,3.730271,102.38671875
08:00:32,91282CLD1,TSRYS5850288,D,S,D,2024-08-27,1000000.00,3.731863,102.376953125
08:00:32,91282CLD1,TSRYS5850288,D,S,D,2024-08-27,1000000.00,3.736956,102.345703125
08:00:32,91282CLD1,TSRYS5850288,D,S,D,2024-08-27,1000000.00,3.736956,102.345703125
08:00:32,91282CLD1,TSRYS5850288,D,S,D,2024-08-27,1000000.00,3.736956,102.345703125
08:00:32,91282CLD1,TSRYS5850288,D,S,D,2024-08-27,1000000.00,3.736956,102.345703125
08:00:32,91282CLD1,TSRYS5850288,D,S,D,2024-08-27,1000000.00,3.736638,102.34765625
08:00:32,91282CLD1,TSRYS5850288,D,S,D,2024-08-27,1000000.00,3.736638,102.34765625
08:00:32,91282CLD1,TSRYS5850288,D,S,D,2024-08-27,1000000.00,3.738548,102.3359375
08:00:32,91282CLD1,TSRYS5850288,D,S,D,2024-08-27,1000000.00,3.743326,102.306640625
08:00:32,91282CLD1,TSRYS5850288,D,S,D,2024-08-27,1000000.00,3.751929,102.25390625
08:00:32,91282CLD1,TSRYS5850288,D,S,D,2024-08-27,1000000.00,3.752248,102.251953125
08:00:32,91282CLD1,TSRYS5850288,D,S,D,2024-08-27,1000000.00,3.749379,102.26953125
08:00:32,91282CLD1,TSRYS5850288,D,S,D,2024-08-27,1000000.00,3.751292,102.2578125
08:00:32,91282CLD1,TSRYS5850288,D,S,D,2024-08-27,1000000.00,3.755117,102.234375
08:00:32,91282CLD1,TSRYS5850288,D,S,D,2024-08-27,1000000.00,3.755117,102.234375
08:00:32,91282CLD1,TSRYS5850288,D,S,D,2024-08-27,1000000.00,3.756073,102.228515625
08:00:32,91282CLD1,TSRYS5850288,D,S,D,2024-08-27,1000000.00,3.756073,102.228515625
08:00:32,91282CLD1,TSRYS5850288,D,S,D,2024-08-27,1000000.00,3.756711,102.224609375
08:00:32,91282CLD1,TSRYS5850288,D,S,D,2024-08-27,1000000.00,3.755117,102.234375
08:00:32,91282CLD1,TSRYS5850288,D,S,D,2024-08-27,1000000.00,3.752566,102.25
08:00:32,91282CLD1,TSRYS5850288,D,S,D,2024-08-27,1000000.00,3.748423,102.275390625
08:00:33,91282CLD1,TSRYS5850288,D,S,D,2024-08-27,1000000.00,3.736001,102.3515625
08:00:33,91282CLD1,TSRYS5850288,D,S,D,2024-08-27,2000000.00,3.755117,102.234375
08:00:33,91282CLD1,TSRYS5850288,D,S,D,2024-08-27,2000000.00,3.755754,102.23046875
08:00:33,91282CLD1,TSRYS5850288,D,S,D,2024-08-27,2000000.00,3.756392,102.2265625
08:00:34,91282CLD1,TSRYS5850288,D,S,T,2024-08-27,1000000.00,3.714367,102.484375
08:00:34,91282CLD1,TSRYS5850288,D,S,T,2024-08-27,1000000.00,3.716911,102.46875
08:00:34,91282CLD1,TSRYS5850288,D,S,T,2024-08-27,1000000.00,3.722317,102.435546875
08:00:34,91282CLD1,TSRYS5850288,D,S,T,2024-08-27,1000000.00,3.727089,102.40625
08:00:34,91282CLD1,TSRYS5850288,D,S,T,2024-08-27,1000000.00,3.730908,102.3828125
08:00:34,91282CLD1,TSRYS5850288,D,S,T,2024-08-27,1000000.00,3.730908,102.3828125
08:00:34,91282CLD1,TSRYS5850288,D,S,T,2024-08-27,1000000.00,3.726453,102.41015625
08:00:34,91282CLD1,TSRYS5850288,D,S,T,2024-08-27,1000000.00,3.726453,102.41015625
08:00:34,91282CLD1,TSRYS5850288,D,S,T,2024-08-27,1000000.00,3.726453,102.41015625
08:00:34,91282CLD1,TSRYS5850288,D,S,T,2024-08-27,1000000.00,3.726453,102.41015625
08:00:34,91282CLD1,TSRYS5850288,D,S,T,2024-08-27,1000000.00,3.726453,102.41015625
08:00:34,91282CLD1,TSRYS5850288,D,S,T,2024-08-27,1000000.00,3.726453,102.41015625
08:00:34,91282CLD1,TSRYS5850288,D,S,T,2024-08-27,1000000.00,3.726453,102.41015625
08:00:34,91282CLD1,TSRYS5850288,D,S,T,2024-08-27,1000000.00,3.726453,102.41015625
08:00:34,91282CLD1,TSRYS5850288,D,S,T,2024-08-27,1000000.00,3.726453,102.41015625
08:00:34,91282CLD1,TSRYS5850288,D,S,T,2024-08-27,1000000.00,3.726453,102.41015625
08:00:34,91282CLD1,TSRYS5850288,D,S,T,2024-08-27,1000000.00,3.726453,102.41015625
08:00:34,91282CLD1,TSRYS5850288,D,S,T,2024-08-27,1000000.00,3.726453,102.41015625
08:00:34,91282CLD1,TSRYS5850288,D,S,T,2024-08-27,1000000.00,3.726453,102.41015625
08:00:34,91282CLD1,TSRYS5850288,D,S,T,2024-08-27,1000000.00,3.726453,102.41015625
08:00:34,91282CLD1,TSRYS5850288,D,S,T,2024-08-27,1000000.00,3.726453,102.41015625
08:00:34,91282CLD1,TSRYS5850288,D,S,T,2024-08-27,1000000.00,3.726453,102.41015625
08:00:34,91282CLD1,TSRYS5850288,D,S,T,2024-08-27,1000000.00,3.726453,102.41015625
08:00:34,91282CLD1,TSRYS5850288,D,S,T,2024-08-27,1000000.00,3.726453,102.41015625
08:00:34,91282CLD1,TSRYS5850288,D,S,T,2024-08-27,2000000.00,3.730271,102.38671875
08:00:34,91282CLD1,TSRYS5850288,D,B,A,2024-08-27,2000000.00,3.730271,102.38671875
08:00:34,91282CLD1,TSRYS5850288,D,B,A,2024-08-27,2000000.00,3.730271,102.38671875
08:00:34,91282CLD1,TSRYS5850288,D,S,T,2024-08-27,2000000.00,3.730271,102.38671875
08:00:34,91282CLD1,TSRYS5850288,D,B,A,2024-08-27,2000000.00,3.730271,102.38671875
08:00:34,91282CLD1,TSRYS5850288,D,S,T,2024-08-27,2000000.00,3.730271,102.38671875
08:00:34,91282CLD1,TSRYS5850288,D,B,A,2024-08-27,1000000.00,3.730271,102.38671875
08:00:34,91282CLD1,TSRYS5850288,D,S,T,2024-08-27,1000000.00,3.730271,102.38671875
08:00:34,91282CLD1,TSRYS5850288,D,S,T,2024-08-27,1000000.00,3.730271,102.38671875
08:00:34,91282CLD1,TSRYS5850288,D,B,A,2024-08-27,1000000.00,3.730271,102.38671875
08:00:34,91282CLD1,TSRYS5850288,D,B,A,2024-08-27,1000000.00,3.730271,102.38671875
08:00:34,91282CLD1,TSRYS5850288,D,S,T,2024-08-27,1000000.00,3.730271,102.38671875
08:00:34,91282CLD1,TSRYS5850288,D,B,A,2024-08-27,1000000.00,3.730271,102.38671875
08:00:34,91282CLD1,TSRYS5850288,D,S,T,2024-08-27,1000000.00,3.730271,102.38671875
08:00:34,91282CLD1,TSRYS5850288,D,S,T,2024-08-27,1000000.00,3.730271,102.38671875
08:00:34,91282CLD1,TSRYS5850288,D,B,A,2024-08-27,1000000.00,3.730271,102.38671875
08:00:34,91282CLD1,TSRYS5850288,D,B,A,2024-08-27,1000000.00,3.730271,102.38671875
08:00:34,91282CLD1,TSRYS5850288,D,S,T,2024-08-27,1000000.00,3.730271,102.38671875
08:00:34,91282CLD1,TSRYS5850288,D,B,A,2024-08-27,3000000.00,3.730271,102.38671875
08:00:34,91282CLD1,TSRYS5850288,D,B,A,2024-08-27,1000000.00,3.730271,102.38671875
08:00:34,91282CLD1,TSRYS5850288,D,S,T,2024-08-27,3000000.00,3.729635,102.390625
08:00:34,91282CLD1,TSRYS5850288,D,B,A,2024-08-27,1000000.00,3.730271,102.38671875
08:00:34,91282CLD1,TSRYS5850288,D,B,A,2024-08-27,1000000.00,3.730271,102.38671875
08:00:34,91282CLD1,TSRYS5850288,D,S,T,2024-08-27,1000000.00,3.729635,102.390625
08:00:34,91282CLD1,TSRYS5850288,D,B,A,2024-08-27,2000000.00,3.728362,102.3984375
08:00:34,91282CLD1,TSRYS5850288,D,S,T,2024-08-27,2000000.00,3.728362,102.3984375
08:00:34,91282CLD1,TSRYS5850288,D,B,A,2024-08-27,1000000.00,3.728998,102.39453125
08:00:34,91282CLD1,TSRYS5850288,D,S,T,2024-08-27,1000000.00,3.728998,102.39453125
08:00:34,91282CLD1,TSRYS5850288,D,B,A,2024-08-27,1000000.00,3.731544,102.37890625
08:00:34,91282CLD1,TSRYS5850288,D,S,T,2024-08-27,1000000.00,3.731544,102.37890625
08:00:34,91282CLD1,TSRYS5850288,D,B,A,2024-08-27,1000000.00,3.731544,102.37890625
08:00:34,91282CLD1,TSRYS5850288,D,S,T,2024-08-27,1000000.00,3.731544,102.37890625
08:00:34,91282CLD1,TSRYS5850288,D,B,A,2024-08-27,1000000.00,3.731544,102.37890625
08:00:34,91282CLD1,TSRYS5850288,D,B,A,2024-08-27,2000000.00,3.731544,102.37890625
08:00:34,91282CLD1,TSRYS5850288,D,B,A,2024-08-27,1000000.00,3.730908,102.3828125
08:00:34,91282CLD1,TSRYS5850288,D,B,A,2024-08-27,1000000.00,3.731544,102.37890625
08:00:34,91282CLD1,TSRYS5850288,D,B,A,2024-08-27,1000000.00,3.730908,102.3828125
08:00:34,91282CLD1,TSRYS5850288,D,S,T,2024-08-27,1000000.00,3.730908,102.3828125
08:00:34,91282CLD1,TSRYS5850288,D,S,T,2024-08-27,2000000.00,3.730908,102.3828125
08:00:34,91282CLD1,TSRYS5850288,D,B,A,2024-08-27,1000000.00,3.732818,102.37109375
08:00:34,91282CLD1,TSRYS5850288,D,S,T,2024-08-27,1000000.00,3.732818,102.37109375
08:00:34,91282CLD1,TSRYS5850288,D,B,A,2024-08-27,1000000.00,3.732818,102.37109375
08:00:34,91282CLD1,TSRYS5850288,D,S,T,2024-08-27,1000000.00,3.732818,102.37109375
08:00:34,91282CLD1,TSRYS5850288,D,S,T,2024-08-27,1000000.00,3.732818,102.37109375
08:00:34,91282CLD1,TSRYS5850288,D,B,A,2024-08-27,1000000.00,3.732818,102.37109375
08:00:34,91282CLD1,TSRYS5850288,D,B,A,2024-08-27,1000000.00,3.732818,102.37109375
08:00:34,91282CLD1,TSRYS5850288,D,S,T,2024-08-27,1000000.00,3.732818,102.37109375
08:00:34,91282CLD1,TSRYS5850288,D,S,T,2024-08-27,1000000.00,3.733454,102.3671875
08:00:34,91282CLD1,TSRYS5850288,D,B,A,2024-08-27,1000000.00,3.734728,102.359375
08:00:34,91282CLD1,TSRYS5850288,D,B,A,2024-08-27,2000000.00,3.734728,102.359375
08:00:34,91282CLD1,TSRYS5850288,D,B,A,2024-08-27,1000000.00,3.734728,102.359375
08:00:34,91282CLD1,TSRYS5850288,D,S,T,2024-08-27,1000000.00,3.734728,102.359375
08:00:34,91282CLD1,TSRYS5850288,D,S,T,2024-08-27,1000000.00,3.734728,102.359375
08:00:34,91282CLD1,TSRYS5850288,D,S,T,2024-08-27,2000000.00,3.734728,102.359375
08:00:34,91282CLD1,TSRYS5850288,D,B,A,2024-08-27,1000000.00,3.734728,102.359375
08:00:34,91282CLD1,TSRYS5850288,D,B,A,2024-08-27,1000000.00,3.734728,102.359375
08:00:34,91282CLD1,TSRYS5850288,D,S,T,2024-08-27,1000000.00,3.734728,102.359375
08:00:34,91282CLD1,TSRYS5850288,D,S,T,2024-08-27,1000000.00,3.734728,102.359375
08:00:35,91282CLD1,TSRYS5850288,D,S,T,2024-08-27,1000000.00,3.738548,102.3359375
08:00:35,91282CLD1,TSRYS5850288,D,S,T,2024-08-27,2000000.00,3.751292,102.2578125
08:00:35,91282CLD1,TSRYS5850288,D,S,T,2024-08-27,1000000.00,3.752566,102.25
08:00:35,91282CLD1,TSRYS5850288,D,B,C,2024-08-27,13000000.00,3.72102,102.4435096
08:00:35,91282CLD1,TSRYS5850288,D,S,T,2024-08-27,1000000.00,3.753842,102.2421875
08:00:35,91282CLD1,TSRYS5850288,D,S,T,2024-08-27,1000000.00,3.752566,102.25
08:00:35,91282CLD1,TSRYS5850288,D,S,T,2024-08-27,1000000.00,3.752566,102.25
08:00:35,91282CLD1,TSRYS5850288,D,B,C,2024-08-27,41000000.00,3.751929,102.25390625
08:00:35,91282CLD1,TSRYS5850288,D,S,T,2024-08-27,1000000.00,3.750335,102.263671875
08:00:35,91282CLD1,TSRYS5850288,D,S,T,2024-08-27,1000000.00,3.750335,102.263671875
08:00:35,91282CLD1,TSRYS5850288,D,S,D,2024-08-27,1000000.00,3.755117,102.234375
08:00:35,91282CLD1,TSRYS5850288,D,S,T,2024-08-27,1000000.00,3.755117,102.234375
08:00:35,91282CLD1,TSRYS5850288,D,S,T,2024-08-27,1000000.00,3.755117,102.234375
08:00:35,91282CLD1,TSRYS5850288,D,S,T,2024-08-27,1000000.00,3.752566,102.25
08:00:35,91282CLD1,TSRYS5850288,D,S,T,2024-08-27,1000000.00,3.755117,102.234375
08:00:35,91282CLD1,TSRYS5850288,D,B,A,2024-08-27,43000000.00,3.750654,102.26171875
08:00:35,91282CLD1,TSRYS5850288,D,B,C,2024-08-27,800000.00,3.751929,102.25390625
08:00:36,91282CLD1,TSRYS5850288,D,S,C,2024-08-27,1000000.00,3.752566,102.25
08:00:36,91282CLD1,TSRYS5850288,D,S,D,2024-08-27,1000000.00,3.755117,102.234375
08:00:36,91282CLD1,TSRYS5850288,D,S,C,2024-08-27,1000000.00,3.754798,102.236328125
08:00:36,91282CLD1,TSRYS5850288,D,S,C,2024-08-27,1000000.00,3.755117,102.234375
08:00:36,91282CLD1,TSRYS5850288,D,S,C,2024-08-27,1000000.00,3.756073,102.228515625
08:00:36,91282CLD1,TSRYS5850288,D,S,C,2024-08-27,1000000.00,3.756392,102.2265625
08:00:36,91282CLD1,TSRYS5850288,D,B,C,2024-08-27,1000000.00,3.755436,102.232421875
08:00:36,91282CLD1,TSRYS5850288,D,S,D,2024-08-27,1000000.00,3.755436,102.232421875
08:00:36,91282CLD1,TSRYS5850288,D,B,C,2024-08-27,1000000.00,3.755117,102.234375
08:00:36,91282CLD1,TSRYS5850288,D,S,D,2024-08-27,1000000.00,3.755117,102.234375
08:00:36,91282CLD1,TSRYS5850288,D,S,D,2024-08-27,1000000.00,3.755117,102.234375
08:00:36,91282CLD1,TSRYS5850288,D,S,C,2024-08-27,1000000.00,3.751292,102.2578125
08:00:36,91282CLD1,TSRYS5850288,D,S,C,2024-08-27,1000000.00,3.750017,102.265625
08:00:37,91282CLD1,TSRYS5850288,D,B,A,2024-08-27,647000.00,3.739822,102.328125
08:00:38,91282CLD1,TSRYS5850288,D,S,C,2024-08-27,1000000.00,3.750654,102.26171875
08:00:38,91282CLD1,TSRYS5850288,D,S,C,2024-08-27,1000000.00,3.749379,102.26953125
08:00:38,91282CLD1,TSRYS5850288,D,S,D,2024-08-27,1000000.00,3.750017,102.265625
08:00:38,91282CLD1,TSRYS5850288,D,S,C,2024-08-27,1000000.00,3.750017,102.265625
08:00:38,91282CLD1,TSRYS5850288,D,S,D,2024-08-27,1000000.00,3.750017,102.265625
08:00:38,91282CLD1,TSRYS5850288,D,S,C,2024-08-27,1000000.00,3.750335,102.263671875
08:00:39,91282CLD1,TSRYS5850288,D,S,D,2024-08-27,1000000.00,3.750017,102.265625
08:00:39,91282CLD1,TSRYS5850288,D,S,D,2024-08-27,1000000.00,3.750017,102.265625
08:00:41,91282CLD1,TSRYS5850288,D,S,C,2024-08-27,1000000.00,3.751292,102.2578125
08:00:41,91282CLD1,TSRYS5850288,D,S,D,2024-08-27,1000000.00,3.752566,102.25
08:00:41,91282CLD1,TSRYS5850288,D,S,C,2024-08-27,1000000.00,3.752518,102.2503
08:00:41,91282CLD1,TSRYS5850288,D,S,C,2024-08-27,1000000.00,3.752518,102.2503
08:00:41,91282CLD1,TSRYS5850288,D,B,C,2024-08-27,1000000.00,3.752566,102.25
08:00:41,91282CLD1,TSRYS5850288,D,S,D,2024-08-27,1000000.00,3.752566,102.25
08:00:41,91282CLD1,TSRYS5850288,D,B,C,2024-08-27,1000000.00,3.752566,102.25
08:00:41,91282CLD1,TSRYS5850288,D,S,D,2024-08-27,1000000.00,3.752566,102.25
08:00:41,91282CLD1,TSRYS5850288,D,S,C,2024-08-27,1000000.00,3.752836,102.248346875
08:00:41,91282CLD1,TSRYS5850288,D,S,D,2024-08-27,1000000.00,3.753842,102.2421875
08:00:42,91282CLD1,TSRYS5850288,D,S,D,2024-08-27,39100000.00,3.724544,102.421875
08:00:42,91282CLD1,TSRYS5850288,D,S,D,2024-08-27,1000000.00,3.755117,102.234375
08:00:42,91282CLD1,TSRYS5850288,D,S,D,2024-08-27,1000000.00,3.755117,102.234375
08:00:42,91282CLD1,TSRYS5850288,D,S,D,2024-08-27,1000000.00,3.755117,102.234375
08:00:43,91282CLD1,TSRYS5850288,D,S,C,2024-08-27,2000000.00,3.753204,102.24609375
08:00:43,91282CLD1,TSRYS5850288,D,S,A,2024-08-27,5000000.00,3.74237,102.3125
08:00:43,91282CLD1,TSRYS5850288,D,S,C,2024-08-27,9165000.00,3.750017,102.265625
08:00:44,91282CLD1,TSRYS5850288,D,B,C,2024-08-27,1000000.00,3.757349,102.220703125
08:00:44,91282CLD1,TSRYS5850288,D,S,D,2024-08-27,1000000.00,3.757349,102.220703125
08:00:44,91282CLD1,TSRYS5850288,D,S,D,2024-08-27,1000000.00,3.756073,102.228515625
08:00:44,91282CLD1,TSRYS5850288,D,S,D,2024-08-27,1000000.00,3.756073,102.228515625
08:00:44,91282CLD1,TSRYS5850288,D,B,C,2024-08-27,1000000.00,3.756073,102.228515625
08:00:44,91282CLD1,TSRYS5850288,D,S,C,2024-08-27,1000000.00,3.754798,102.236328125
08:00:44,91282CLD1,TSRYS5850288,D,B,C,2024-08-27,1000000.00,3.755117,102.234375
08:00:44,91282CLD1,TSRYS5850288,D,B,C,2024-08-27,1000000.00,3.755117,102.234375
08:00:44,91282CLD1,TSRYS5850288,D,S,D,2024-08-27,1000000.00,3.755117,102.234375
08:00:44,91282CLD1,TSRYS5850288,D,S,D,2024-08-27,1000000.00,3.755117,102.234375
08:00:44,91282CLD1,TSRYS5850288,D,B,C,2024-08-27,1000000.00,3.755117,102.234375
08:00:44,91282CLD1,TSRYS5850288,D,S,D,2024-08-27,1000000.00,3.755117,102.234375
08:00:44,91282CLD1,TSRYS5850288,D,S,D,2024-08-27,1000000.00,3.755117,102.234375
08:00:44,91282CLD1,TSRYS5850288,D,S,D,2024-08-27,1000000.00,3.756392,102.2265625
08:00:45,91282CLD1,TSRYS5850288,D,S,C,2024-08-27,39100000.00,3.724544,102.421875
08:00:45,91282CLD1,TSRYS5850288,D,S,C,2024-08-27,1000000.00,3.752885,102.248046875
08:00:45,91282CLD1,TSRYS5850288,D,S,C,2024-08-27,1000000.00,3.752248,102.251953125
08:00:45,91282CLD1,TSRYS5850288,D,S,C,2024-08-27,1000000.00,3.752885,102.248046875
08:00:45,91282CLD1,TSRYS5850288,D,S,C,2024-08-27,1000000.00,3.752885,102.248046875
08:00:45,91282CLD1,TSRYS5850288,D,S,C,2024-08-27,1000000.00,3.752885,102.248046875
08:00:45,91282CLD1,TSRYS5850288,D,S,D,2024-08-27,1000000.00,3.752885,102.248046875
08:00:45,91282CLD1,TSRYS5850288,D,B,C,2024-08-27,1000000.00,3.752885,102.248046875
08:00:45,91282CLD1,TSRYS5850288,D,S,C,2024-08-27,1000000.00,3.752885,102.248046875
08:00:45,91282CLD1,TSRYS5850288,D,S,C,2024-08-27,1000000.00,3.752885,102.248046875
08:00:45,91282CLD1,TSRYS5850288,D,S,D,2024-08-27,1000000.00,3.752566,102.25
08:00:45,91282CLD1,TSRYS5850288,D,B,C,2024-08-27,1000000.00,3.752566,102.25
08:00:45,91282CLD1,TSRYS5850288,D,S,D,2024-08-27,1000000.00,3.752566,102.25
08:00:45,91282CLD1,TSRYS5850288,D,S,D,2024-08-27,16250000.00,3.743644,102.3046875
08:00:45,91282CLD1,TSRYS5850288,D,B,C,2024-08-27,16250000.00,3.743644,102.3046875
08:00:46,91282CLD1,TSRYS5850288,D,B,C,2024-08-27,1000000.00,3.752566,102.25
08:00:46,91282CLD1,TSRYS5850288,D,S,D,2024-08-27,1000000.00,3.752566,102.25
08:00:47,91282CLD1,TSRYS5850288,D,S,D,2024-08-27,1000000.00,3.750973,102.259765625
08:00:47,91282CLD1,TSRYS5850288,D,B,C,2024-08-27,1000000.00,3.750973,102.259765625
08:00:47,91282CLD1,TSRYS5850288,D,B,C,2024-08-27,1000000.00,3.750973,102.259765625
08:00:47,91282CLD1,TSRYS5850288,D,S,D,2024-08-27,1000000.00,3.750973,102.259765625
08:00:48,91282CLD1,TSRYS5850288,D,S,D,2024-08-27,1000000.00,3.750335,102.263671875
08:00:48,91282CLD1,TSRYS5850288,D,B,C,2024-08-27,1000000.00,3.748105,102.27734375
08:00:48,91282CLD1,TSRYS5850288,D,S,D,2024-08-27,1000000.00,3.748105,102.27734375
08:00:48,91282CLD1,TSRYS5850288,D,S,C,2024-08-27,1000000.00,3.748423,102.275390625
08:00:48,91282CLD1,TSRYS5850288,D,S,C,2024-08-27,1000000.00,3.748423,102.275390625
08:00:48,91282CLD1,TSRYS5850288,D,S,C,2024-08-27,1000000.00,3.748423,102.275390625
08:00:48,91282CLD1,TSRYS5850288,D,S,C,2024-08-27,1000000.00,3.748423,102.275390625
08:00:48,91282CLD1,TSRYS5850288,D,S,C,2024-08-27,1000000.00,3.748423,102.275390625
08:00:48,91282CLD1,TSRYS5850288,D,S,D,2024-08-27,2000000.00,3.749698,102.267578125
08:00:48,91282CLD1,TSRYS5850288,D,B,C,2024-08-27,1000000.00,3.750335,102.263671875
08:00:48,91282CLD1,TSRYS5850288,D,B,C,2024-08-27,1000000.00,3.750335,102.263671875
08:00:48,91282CLD1,TSRYS5850288,D,S,D,2024-08-27,1000000.00,3.750335,102.263671875
08:00:48,91282CLD1,TSRYS5850288,D,S,D,2024-08-27,1000000.00,3.750335,102.263671875
08:00:48,91282CLD1,TSRYS5850288,D,B,C,2024-08-27,1000000.00,3.750335,102.263671875
08:00:48,91282CLD1,TSRYS5850288,D,S,D,2024-08-27,1000000.00,3.750335,102.263671875
08:00:48,91282CLD1,TSRYS5850288,D,B,C,2024-08-27,1000000.00,3.750335,102.263671875
08:00:48,91282CLD1,TSRYS5850288,D,S,A,2024-08-27,17500000.00,3.724544,102.421875
08:00:49,91282CLD1,TSRYS5850288,D,S,A,2024-08-27,2050200.00,3.743007,102.30859375
08:00:49,91282CLD1,TSRYS5850288,D,S,T,2024-08-27,1000000.00,3.743326,102.306640625
08:00:49,91282CLD1,TSRYS5850288,D,S,T,2024-08-27,1000000.00,3.743007,102.30859375
08:00:49,91282CLD1,TSRYS5850288,D,S,D,2024-08-27,1000000.00,3.742689,102.310546875
08:00:49,91282CLD1,TSRYS5850288,D,S,T,2024-08-27,1000000.00,3.741733,102.31640625
08:00:49,91282CLD1,TSRYS5850288,D,S,T,2024-08-27,1000000.00,3.741415,102.318359375
08:00:51,91282CLD1,TSRYS5850288,D,S,D,2024-08-27,1000000.00,3.752566,102.25
08:00:51,91282CLD1,TSRYS5850288,D,S,T,2024-08-27,1000000.00,3.755117,102.234375
08:00:51,91282CLD1,TSRYS5850288,D,S,T,2024-08-27,1000000.00,3.755117,102.234375
08:00:51,91282CLD1,TSRYS5850288,D,S,T,2024-08-27,1000000.00,3.755117,102.234375
08:00:51,91282CLD1,TSRYS5850288,D,S,T,2024-08-27,1000000.00,3.755117,102.234375
08:00:51,91282CLD1,TSRYS5850288,D,S,T,2024-08-27,1000000.00,3.755117,102.234375
08:00:51,91282CLD1,TSRYS5850288,D,S,T,2024-08-27,1000000.00,3.755117,102.234375
08:00:51,91282CLD1,TSRYS5850288,D,S,T,2024-08-27,1000000.00,3.755117,102.234375
08:00:51,91282CLD1,TSRYS5850288,D,S,T,2024-08-27,1000000.00,3.755117,102.234375
08:00:51,91282CLD1,TSRYS5850288,D,S,T,2024-08-27,1000000.00,3.755117,102.234375
08:00:51,91282CLD1,TSRYS5850288,D,S,T,2024-08-27,1000000.00,3.755117,102.234375
08:00:51,91282CLD1,TSRYS5850288,D,S,T,2024-08-27,1000000.00,3.755117,102.234375
08:00:51,91282CLD1,TSRYS5850288,D,S,T,2024-08-27,1000000.00,3.755117,102.234375
08:00:51,91282CLD1,TSRYS5850288,D,S,T,2024-08-27,1000000.00,3.755436,102.232421875
08:00:51,91282CLD1,TSRYS5850288,D,S,T,2024-08-27,1000000.00,3.755117,102.234375
08:00:51,91282CLD1,TSRYS5850288,D,S,T,2024-08-27,1000000.00,3.755117,102.234375
08:00:51,91282CLD1,TSRYS5850288,D,S,T,2024-08-27,1000000.00,3.755117,102.234375
08:00:51,91282CLD1,TSRYS5850288,D,S,T,2024-08-27,1000000.00,3.755117,102.234375
08:00:52,91282CLD1,TSRYS5850288,D,S,D,2024-08-27,7000000.00,3.753244,102.24585
08:00:52,91282CLD1,TSRYS5850288,D,S,T,2024-08-27,1000000.00,3.755117,102.234375
08:00:52,91282CLD1,TSRYS5850288,D,S,T,2024-08-27,1000000.00,3.748742,102.2734375
08:00:52,91282CLD1,TSRYS5850288,D,S,D,2024-08-27,9165000.00,3.750017,102.265625
08:00:53,91282CLD1,TSRYS5850288,D,S,T,2024-08-27,1000000.00,3.741415,102.318359375
08:00:54,91282CLD1,TSRYS5850288,D,S,D,2024-08-27,1000000.00,3.741733,102.31640625
08:00:54,91282CLD1,TSRYS5850288,D,S,D,2024-08-27,2000000.00,3.742052,102.314453125
08:00:54,91282CLD1,TSRYS5850288,D,S,T,2024-08-27,4000000.00,3.741415,102.318359375
08:00:54,91282CLD1,TSRYS5850288,D,S,T,2024-08-27,1000000.00,3.741415,102.318359375
08:00:54,91282CLD1,TSRYS5850288,D,S,T,2024-08-27,3000000.00,3.74237,102.3125
08:00:54,91282CLD1,TSRYS5850288,D,S,D,2024-08-27,125000.00,3.744918,102.296875
08:00:56,91282CLD1,TSRYS5850288,D,B,A,2024-08-27,8200000.00,3.750719,102.26131875
08:00:56,91282CLD1,TSRYS5850288,D,S,D,2024-08-27,2000000.00,3.753204,102.24609375
08:00:56,91282CLD1,TSRYS5850288,D,S,D,2024-08-27,1000000.00,3.755117,102.234375
08:00:56,91282CLD1,TSRYS5850288,D,S,T,2024-08-27,1000000.00,3.748742,102.2734375
08:00:56,91282CLD1,TSRYS5850288,D,S,T,2024-08-27,1000000.00,3.754479,102.23828125
08:00:56,91282CLD1,TSRYS5850288,D,S,T,2024-08-27,1000000.00,3.755117,102.234375
08:00:56,91282CLD1,TSRYS5850288,D,S,T,2024-08-27,1000000.00,3.755117,102.234375
08:00:56,91282CLD1,TSRYS5850288,D,S,T,2024-08-27,1000000.00,3.755117,102.234375
08:00:56,91282CLD1,TSRYS5850288,D,S,T,2024-08-27,1000000.00,3.748742,102.2734375
08:00:56,91282CLD1,TSRYS5850288,D,S,T,2024-08-27,1000000.00,3.755117,102.234375
08:00:56,91282CLD1,TSRYS5850288,D,S,T,2024-08-27,1000000.00,3.755117,102.234375
08:00:56,91282CLD1,TSRYS5850288,D,S,D,2024-08-27,1000000.00,3.753842,102.2421875
08:00:56,91282CLD1,TSRYS5850288,D,S,T,2024-08-27,1000000.00,3.755117,102.234375
08:00:56,91282CLD1,TSRYS5850288,D,S,T,2024-08-27,1000000.00,3.755117,102.234375
08:00:56,91282CLD1,TSRYS5850288,D,S,T,2024-08-27,1000000.00,3.755117,102.234375
08:00:56,91282CLD1,TSRYS5850288,D,S,T,2024-08-27,1000000.00,3.755117,102.234375
08:00:56,91282CLD1,TSRYS5850288,D,S,D,2024-08-27,2000000.00,3.753523,102.244140625
08:00:56,91282CLD1,TSRYS5850288,D,S,T,2024-08-27,1000000.00,3.755117,102.234375
08:00:56,91282CLD1,TSRYS5850288,D,S,T,2024-08-27,1000000.00,3.755117,102.234375
08:00:56,91282CLD1,TSRYS5850288,D,S,T,2024-08-27,1000000.00,3.755117,102.234375
08:00:57,91282CLD1,TSRYS5850288,D,S,T,2024-08-27,1000000.00,3.755117,102.234375
08:00:57,91282CLD1,TSRYS5850288,D,S,T,2024-08-27,1000000.00,3.755117,102.234375
08:00:57,91282CLD1,TSRYS5850288,D,S,D,2024-08-27,3000000.00,3.753523,102.244140625
08:00:57,91282CLD1,TSRYS5850288,D,S,T,2024-08-27,1000000.00,3.755117,102.234375
08:00:57,91282CLD1,TSRYS5850288,D,S,D,2024-08-27,1000000.00,3.753842,102.2421875
08:00:57,91282CLD1,TSRYS5850288,D,S,T,2024-08-27,1000000.00,3.755117,102.234375
08:00:57,91282CLD1,TSRYS5850288,D,S,D,2024-08-27,3000000.00,3.753204,102.24609375
08:00:57,91282CLD1,TSRYS5850288,D,S,D,2024-08-27,1000000.00,3.753842,102.2421875
08:00:57,91282CLD1,TSRYS5850288,D,S,D,2024-08-27,1000000.00,3.753842,102.2421875
08:00:57,91282CLD1,TSRYS5850288,D,S,D,2024-08-27,1000000.00,3.753842,102.2421875
08:00:57,91282CLD1,TSRYS5850288,D,S,D,2024-08-27,21000000.00,3.725315,102.4171427
08:00:57,91282CLD1,TSRYS5850288,D,S,D,2024-08-27,1000000.00,3.753842,102.2421875
08:00:57,91282CLD1,TSRYS5850288,D,S,D,2024-08-27,2000000.00,3.753523,102.244140625
08:00:57,91282CLD1,TSRYS5850288,D,S,D,2024-08-27,1000000.00,3.752566,102.25
08:00:57,91282CLD1,TSRYS5850288,D,S,D,2024-08-27,2000000.00,3.753204,102.24609375
08:00:57,91282CLD1,TSRYS5850288,D,S,D,2024-08-27,3000000.00,3.752885,102.248046875
08:00:57,91282CLD1,TSRYS5850288,D,S,D,2024-08-27,1000000.00,3.752566,102.25
08:00:57,91282CLD1,TSRYS5850288,D,S,D,2024-08-27,1000000.00,3.752566,102.25
08:00:57,91282CLD1,TSRYS5850288,D,S,D,2024-08-27,2000000.00,3.751929,102.25390625
08:00:57,91282CLD1,TSRYS5850288,D,S,D,2024-08-27,1000000.00,3.753842,102.2421875
08:00:57,91282CLD1,TSRYS5850288,D,S,D,2024-08-27,2000000.00,3.753204,102.24609375
08:00:57,91282CLD1,TSRYS5850288,D,S,D,2024-08-27,1000000.00,3.752885,102.248046875
08:00:57,91282CLD1,TSRYS5850288,D,S,D,2024-08-27,1000000.00,3.753842,102.2421875
08:00:57,91282CLD1,TSRYS5850288,D,S,D,2024-08-27,1000000.00,3.748742,102.2734375
08:01:00,91282CLD1,TSRYS5850288,D,S,D,2024-08-27,1000000.00,3.715003,102.48046875
08:01:00,91282CLD1,TSRYS5850288,D,S,D,2024-08-27,1000000.00,3.714685,102.482421875
08:01:00,91282CLD1,TSRYS5850288,D,S,D,2024-08-27,1000000.00,3.714685,102.482421875
08:01:00,91282CLD1,TSRYS5850288,D,B,C,2024-08-27,1000000.00,3.714685,102.482421875
08:01:00,91282CLD1,TSRYS5850288,D,B,C,2024-08-27,1000000.00,3.714685,102.482421875
08:01:00,91282CLD1,TSRYS5850288,D,B,C,2024-08-27,1000000.00,3.715003,102.48046875
08:01:02,91282CLD1,TSRYS5850288,D,S,D,2024-08-27,1000000.00,3.752248,102.251953125
08:01:02,91282CLD1,TSRYS5850288,D,S,D,2024-08-27,6000000.00,3.752248,102.251953125
08:01:02,91282CLD1,TSRYS5850288,D,S,D,2024-08-27,2000000.00,3.752885,102.248046875
08:01:02,91282CLD1,TSRYS5850288,D,S,D,2024-08-27,2000000.00,3.753523,102.244140625
08:01:02,91282CLD1,TSRYS5850288,D,S,D,2024-08-27,1000000.00,3.753204,102.24609375
08:01:02,91282CLD1,TSRYS5850288,D,S,D,2024-08-27,2000000.00,3.753523,102.244140625
08:01:02,91282CLD1,TSRYS5850288,D,S,D,2024-08-27,3000000.00,3.752566,102.25
08:01:02,91282CLD1,TSRYS5850288,D,S,D,2024-08-27,2000000.00,3.752566,102.25
08:01:02,91282CLD1,TSRYS5850288,D,S,D,2024-08-27,1000000.00,3.751929,102.25390625
08:01:02,91282CLD1,TSRYS5850288,D,B,A,2024-08-27,2000000.00,3.748742,102.2734375
08:01:03,91282CLD1,TSRYS5850288,D,S,D,2024-08-27,1000000.00,3.713731,102.48828125
08:01:03,91282CLD1,TSRYS5850288,D,S,D,2024-08-27,1000000.00,3.713731,102.48828125
08:01:03,91282CLD1,TSRYS5850288,D,S,D,2024-08-27,1000000.00,3.715639,102.4765625
08:01:03,91282CLD1,TSRYS5850288,D,B,C,2024-08-27,1000000.00,3.713731,102.48828125
08:01:03,91282CLD1,TSRYS5850288,D,B,C,2024-08-27,1000000.00,3.715639,102.4765625
08:01:03,91282CLD1,TSRYS5850288,D,B,C,2024-08-27,1000000.00,3.713731,102.48828125
08:01:03,91282CLD1,TSRYS5850288,D,B,C,2024-08-27,1000000.00,3.713731,102.48828125
08:01:03,91282CLD1,TSRYS5850288,D,S,D,2024-08-27,1000000.00,3.713731,102.48828125
08:01:03,91282CLD1,TSRYS5850288,D,B,C,2024-08-27,1000000.00,3.713414,102.490234375
08:01:03,91282CLD1,TSRYS5850288,D,S,D,2024-08-27,2000000.00,3.713414,102.490234375
08:01:03,91282CLD1,TSRYS5850288,D,B,C,2024-08-27,1000000.00,3.713414,102.490234375
08:01:03,91282CLD1,TSRYS5850288,D,S,D,2024-08-27,1000000.00,3.713414,102.490234375
08:01:03,91282CLD1,TSRYS5850288,D,B,C,2024-08-27,2000000.00,3.713414,102.490234375
08:01:03,91282CLD1,TSRYS5850288,D,S,D,2024-08-27,1000000.00,3.713414,102.490234375
08:01:03,91282CLD1,TSRYS5850288,D,S,D,2024-08-27,1000000.00,3.713414,102.490234375
08:01:03,91282CLD1,TSRYS5850288,D,B,C,2024-08-27,2000000.00,3.713414,102.490234375
08:01:03,91282CLD1,TSRYS5850288,D,B,C,2024-08-27,1000000.00,3.713731,102.48828125
08:01:03,91282CLD1,TSRYS5850288,D,S,D,2024-08-27,1000000.00,3.713731,102.48828125
08:01:03,91282CLD1,TSRYS5850288,D,S,D,2024-08-27,2000000.00,3.713414,102.490234375
08:01:03,91282CLD1,TSRYS5850288,D,B,C,2024-08-27,1000000.00,3.715003,102.48046875
08:01:03,91282CLD1,TSRYS5850288,D,B,C,2024-08-27,1000000.00,3.713731,102.48828125
08:01:03,91282CLD1,TSRYS5850288,D,B,C,2024-08-27,1000000.00,3.713414,102.490234375
08:01:03,91282CLD1,TSRYS5850288,D,B,C,2024-08-27,1000000.00,3.715957,102.474609375
08:01:03,91282CLD1,TSRYS5850288,D,S,D,2024-08-27,1000000.00,3.713731,102.48828125
08:01:03,91282CLD1,TSRYS5850288,D,S,D,2024-08-27,1000000.00,3.715321,102.478515625
08:01:03,91282CLD1,TSRYS5850288,D,B,C,2024-08-27,1000000.00,3.713731,102.48828125
08:01:03,91282CLD1,TSRYS5850288,D,B,C,2024-08-27,1000000.00,3.716911,102.46875
08:01:03,91282CLD1,TSRYS5850288,D,S,D,2024-08-27,1000000.00,3.713731,102.48828125
08:01:03,91282CLD1,TSRYS5850288,D,S,D,2024-08-27,1000000.00,3.717229,102.466796875
08:01:03,91282CLD1,TSRYS5850288,D,S,C,2024-08-27,1000000.00,3.715003,102.48046875
08:01:03,91282CLD1,TSRYS5850288,D,B,C,2024-08-27,1000000.00,3.715321,102.478515625
08:01:03,91282CLD1,TSRYS5850288,D,S,D,2024-08-27,1000000.00,3.715957,102.474609375
08:01:03,91282CLD1,TSRYS5850288,D,B,C,2024-08-27,1000000.00,3.717229,102.466796875
08:01:03,91282CLD1,TSRYS5850288,D,S,D,2024-08-27,1000000.00,3.716911,102.46875
08:01:03,91282CLD1,TSRYS5850288,D,S,D,2024-08-27,1000000.00,3.722317,102.435546875
08:01:03,91282CLD1,TSRYS5850288,D,S,D,2024-08-27,1000000.00,3.721999,102.4375
08:01:03,91282CLD1,TSRYS5850288,D,B,C,2024-08-27,1000000.00,3.719137,102.455078125
08:01:03,91282CLD1,TSRYS5850288,D,S,D,2024-08-27,1000000.00,3.719137,102.455078125
08:01:03,91282CLD1,TSRYS5850288,D,B,C,2024-08-27,1000000.00,3.721999,102.4375
08:01:03,91282CLD1,TSRYS5850288,D,S,D,2024-08-27,1000000.00,3.720091,102.44921875
08:01:03,91282CLD1,TSRYS5850288,D,S,D,2024-08-27,1000000.00,3.720091,102.44921875
08:01:03,91282CLD1,TSRYS5850288,D,B,C,2024-08-27,1000000.00,3.720091,102.44921875
08:01:03,91282CLD1,TSRYS5850288,D,S,D,2024-08-27,1000000.00,3.719137,102.455078125
08:01:03,91282CLD1,TSRYS5850288,D,B,C,2024-08-27,1000000.00,3.720091,102.44921875
08:01:03,91282CLD1,TSRYS5850288,D,B,C,2024-08-27,1000000.00,3.719137,102.455078125
08:01:03,91282CLD1,TSRYS5850288,D,B,C,2024-08-27,1000000.00,3.720091,102.44921875
08:01:03,91282CLD1,TSRYS5850288,D,S,D,2024-08-27,1000000.00,3.720091,102.44921875
08:01:03,91282CLD1,TSRYS5850288,D,B,C,2024-08-27,1000000.00,3.720091,102.44921875
08:01:03,91282CLD1,TSRYS5850288,D,S,D,2024-08-27,1000000.00,3.720091,102.44921875
08:01:03,91282CLD1,TSRYS5850288,D,S,D,2024-08-27,1000000.00,3.720091,102.44921875
08:01:03,91282CLD1,TSRYS5850288,D,S,C,2024-08-27,1000000.00,3.720091,102.44921875
08:01:03,91282CLD1,TSRYS5850288,D,S,T,2024-08-27,1000000.00,3.752902,102.247946875
08:01:03,91282CLD1,TSRYS5850288,D,S,D,2024-08-27,1000000.00,3.719773,102.451171875
08:01:03,91282CLD1,TSRYS5850288,D,B,C,2024-08-27,1000000.00,3.720091,102.44921875
08:01:03,91282CLD1,TSRYS5850288,D,B,C,2024-08-27,1000000.00,3.720091,102.44921875
08:01:03,91282CLD1,TSRYS5850288,D,B,C,2024-08-27,1000000.00,3.719773,102.451171875
08:01:03,91282CLD1,TSRYS5850288,D,S,D,2024-08-27,1000000.00,3.719137,102.455078125
08:01:03,91282CLD1,TSRYS5850288,D,S,D,2024-08-27,1000000.00,3.719137,102.455078125
08:01:03,91282CLD1,TSRYS5850288,D,B,C,2024-08-27,1000000.00,3.719455,102.453125
08:01:03,91282CLD1,TSRYS5850288,D,S,D,2024-08-27,1000000.00,3.719455,102.453125
08:01:03,91282CLD1,TSRYS5850288,D,B,C,2024-08-27,1000000.00,3.721999,102.4375
08:01:03,91282CLD1,TSRYS5850288,D,S,D,2024-08-27,1000000.00,3.721999,102.4375
08:01:04,91282CLD1,TSRYS5850288,D,S,D,2024-08-27,1000000.00,3.719455,102.453125
08:01:04,91282CLD1,TSRYS5850288,D,S,C,2024-08-27,1000000.00,3.714367,102.484375
08:01:09,91282CLD1,TSRYS5850288,D,S,D,2024-08-27,1000000.00,3.715003,102.48046875
08:01:09,91282CLD1,TSRYS5850288,D,S,D,2024-08-27,1000000.00,3.715003,102.48046875
08:01:09,91282CLD1,TSRYS5850288,D,S,D,2024-08-27,1000000.00,3.715003,102.48046875
08:01:09,91282CLD1,TSRYS5850288,D,S,D,2024-08-27,1000000.00,3.715003,102.48046875
08:01:10,91282CLD1,TSRYS5850288,D,S,D,2024-08-27,1000000.00,3.715003,102.48046875
08:01:10,91282CLD1,TSRYS5850288,D,S,D,2024-08-27,1000000.00,3.715003,102.48046875
08:01:10,91282CLD1,TSRYS5850288,D,S,D,2024-08-27,1000000.00,3.719455,102.453125
08:01:10,91282CLD1,TSRYS5850288,D,S,D,2024-08-27,1000000.00,3.730908,102.3828125
08:01:10,91282CLD1,TSRYS5850288,D,S,D,2024-08-27,1000000.00,3.730908,102.3828125
08:01:11,91282CLD1,TSRYS5850288,D,S,D,2024-08-27,1000000.00,3.751292,102.2578125
08:01:11,91282CLD1,TSRYS5850288,D,S,T,2024-08-27,1000000.00,3.730924,102.3827125
08:01:11,91282CLD1,TSRYS5850288,D,S,T,2024-08-27,1000000.00,3.730924,102.3827125
08:01:11,91282CLD1,TSRYS5850288,D,B,C,2024-08-27,1000000.00,3.721999,102.4375
08:01:11,91282CLD1,TSRYS5850288,D,S,D,2024-08-27,1000000.00,3.721999,102.4375
08:01:11,91282CLD1,TSRYS5850288,D,B,C,2024-08-27,1000000.00,3.721999,102.4375
08:01:11,91282CLD1,TSRYS5850288,D,S,D,2024-08-27,1000000.00,3.721999,102.4375
08:01:11,91282CLD1,TSRYS5850288,D,B,C,2024-08-27,1000000.00,3.721999,102.4375
08:01:11,91282CLD1,TSRYS5850288,D,S,D,2024-08-27,1000000.00,3.721999,102.4375
08:01:11,91282CLD1,TSRYS5850288,D,B,C,2024-08-27,1000000.00,3.721999,102.4375
08:01:11,91282CLD1,TSRYS5850288,D,S,D,2024-08-27,1000000.00,3.721999,102.4375
08:01:11,91282CLD1,TSRYS5850288,D,B,C,2024-08-27,1000000.00,3.721999,102.4375
08:01:11,91282CLD1,TSRYS5850288,D,S,D,2024-08-27,1000000.00,3.721999,102.4375
08:01:11,91282CLD1,TSRYS5850288,D,S,C,2024-08-27,1000000.00,3.720409,102.447265625
08:01:11,91282CLD1,TSRYS5850288,D,S,C,2024-08-27,1000000.00,3.720091,102.44921875
08:01:11,91282CLD1,TSRYS5850288,D,S,C,2024-08-27,1000000.00,3.720091,102.44921875
08:01:11,91282CLD1,TSRYS5850288,D,S,C,2024-08-27,1000000.00,3.719773,102.451171875
08:01:11,91282CLD1,TSRYS5850288,D,S,C,2024-08-27,1000000.00,3.721045,102.443359375
08:01:11,91282CLD1,TSRYS5850288,D,S,C,2024-08-27,1000000.00,3.722953,102.431640625
08:01:11,91282CLD1,TSRYS5850288,D,S,C,2024-08-27,1000000.00,3.722635,102.43359375
08:01:11,91282CLD1,TSRYS5850288,D,S,C,2024-08-27,1000000.00,3.722635,102.43359375
08:01:11,91282CLD1,TSRYS5850288,D,S,C,2024-08-27,1000000.00,3.722635,102.43359375
08:01:11,91282CLD1,TSRYS5850288,D,S,C,2024-08-27,1000000.00,3.722635,102.43359375
08:01:11,91282CLD1,TSRYS5850288,D,S,C,2024-08-27,1000000.00,3.722635,102.43359375
08:01:11,91282CLD1,TSRYS5850288,D,S,C,2024-08-27,1000000.00,3.722635,102.43359375
08:01:12,91282CLD1,TSRYS5850288,D,S,C,2024-08-27,1000000.00,3.726135,102.412109375
08:01:12,91282CLD1,TSRYS5850288,D,S,C,2024-08-27,1000000.00,3.726771,102.408203125
08:01:12,91282CLD1,TSRYS5850288,D,S,C,2024-08-27,1000000.00,3.726771,102.408203125
08:01:12,91282CLD1,TSRYS5850288,D,S,C,2024-08-27,1000000.00,3.726453,102.41015625
08:01:12,91282CLD1,TSRYS5850288,D,S,C,2024-08-27,1000000.00,3.726771,102.408203125
08:01:12,91282CLD1,TSRYS5850288,D,S,C,2024-08-27,1000000.00,3.726771,102.408203125
08:01:12,91282CLD1,TSRYS5850288,D,S,T,2024-08-27,1000000.00,3.730944,102.3825875
08:01:12,91282CLD1,TSRYS5850288,D,S,C,2024-08-27,1000000.00,3.727089,102.40625
08:01:12,91282CLD1,TSRYS5850288,D,S,C,2024-08-27,1000000.00,3.727089,102.40625
08:01:12,91282CLD1,TSRYS5850288,D,S,C,2024-08-27,1000000.00,3.727407,102.404296875
08:01:12,91282CLD1,TSRYS5850288,D,S,C,2024-08-27,1000000.00,3.727725,102.40234375
08:01:12,91282CLD1,TSRYS5850288,D,B,C,2024-08-27,1000000.00,3.728998,102.39453125
08:01:12,91282CLD1,TSRYS5850288,D,S,D,2024-08-27,1000000.00,3.728998,102.39453125
08:01:12,91282CLD1,TSRYS5850288,D,S,C,2024-08-27,1000000.00,3.731226,102.380859375
08:01:12,91282CLD1,TSRYS5850288,D,S,D,2024-08-27,1000000.00,3.730908,102.3828125
08:01:12,91282CLD1,TSRYS5850288,D,S,C,2024-08-27,1000000.00,3.732181,102.375
08:01:12,91282CLD1,TSRYS5850288,D,S,D,2024-08-27,1000000.00,3.730908,102.3828125
08:01:12,91282CLD1,TSRYS5850288,D,S,C,2024-08-27,1000000.00,3.730908,102.3828125
08:01:12,91282CLD1,TSRYS5850288,D,S,C,2024-08-27,1000000.00,3.730908,102.3828125
08:01:12,91282CLD1,TSRYS5850288,D,S,C,2024-08-27,1000000.00,3.73059,102.384765625
08:01:12,91282CLD1,TSRYS5850288,D,B,C,2024-08-27,1000000.00,3.726771,102.408203125
08:01:12,91282CLD1,TSRYS5850288,D,S,D,2024-08-27,1000000.00,3.726771,102.408203125
08:01:12,91282CLD1,TSRYS5850288,D,B,C,2024-08-27,1000000.00,3.751406,102.2571125
08:01:12,91282CLD1,TSRYS5850288,D,S,C,2024-08-27,1000000.00,3.730271,102.38671875
08:01:13,91282CLD1,TSRYS5850288,D,B,C,2024-08-27,1000000.00,3.731544,102.37890625
08:01:13,91282CLD1,TSRYS5850288,D,S,C,2024-08-27,1000000.00,3.731226,102.380859375
08:01:13,91282CLD1,TSRYS5850288,D,S,D,2024-08-27,1000000.00,3.731544,102.37890625
08:01:13,91282CLD1,TSRYS5850288,D,B,C,2024-08-27,1000000.00,3.728998,102.39453125
08:01:13,91282CLD1,TSRYS5850288,D,S,D,2024-08-27,1000000.00,3.728998,102.39453125
08:01:13,91282CLD1,TSRYS5850288,D,S,C,2024-08-27,1000000.00,3.728362,102.3984375
08:01:13,91282CLD1,TSRYS5850288,D,S,C,2024-08-27,1000000.00,3.729953,102.388671875
08:01:13,91282CLD1,TSRYS5850288,D,S,C,2024-08-27,1000000.00,3.729953,102.388671875
08:01:13,91282CLD1,TSRYS5850288,D,B,C,2024-08-27,1000000.00,3.729953,102.388671875
08:01:13,91282CLD1,TSRYS5850288,D,S,C,2024-08-27,1000000.00,3.729953,102.388671875
08:01:13,91282CLD1,TSRYS5850288,D,S,C,2024-08-27,2000000.00,3.729953,102.388671875
08:01:13,91282CLD1,TSRYS5850288,D,S,C,2024-08-27,1000000.00,3.729953,102.388671875
08:01:13,91282CLD1,TSRYS5850288,D,S,C,2024-08-27,1000000.00,3.730271,102.38671875
08:01:13,91282CLD1,TSRYS5850288,D,B,C,2024-08-27,1000000.00,3.731544,102.37890625
08:01:13,91282CLD1,TSRYS5850288,D,S,D,2024-08-27,1000000.00,3.731544,102.37890625
08:01:13,91282CLD1,TSRYS5850288,D,S,C,2024-08-27,1000000.00,3.731863,102.376953125
08:01:13,91282CLD1,TSRYS5850288,D,S,D,2024-08-27,1000000.00,3.733136,102.369140625
08:01:13,91282CLD1,TSRYS5850288,D,B,C,2024-08-27,1000000.00,3.733136,102.369140625
08:01:13,91282CLD1,TSRYS5850288,D,B,C,2024-08-27,1000000.00,3.733136,102.369140625
08:01:13,91282CLD1,TSRYS5850288,D,B,C,2024-08-27,1000000.00,3.733136,102.369140625
08:01:13,91282CLD1,TSRYS5850288,D,S,D,2024-08-27,1000000.00,3.733136,102.369140625
08:01:13,91282CLD1,TSRYS5850288,D,S,D,2024-08-27,1000000.00,3.733136,102.369140625
08:01:13,91282CLD1,TSRYS5850288,D,S,D,2024-08-27,1000000.00,3.733136,102.369140625
08:01:13,91282CLD1,TSRYS5850288,D,S,D,2024-08-27,1000000.00,3.733454,102.3671875
08:01:13,91282CLD1,TSRYS5850288,D,B,C,2024-08-27,1000000.00,3.733454,102.3671875
08:01:13,91282CLD1,TSRYS5850288,D,S,D,2024-08-27,1000000.00,3.733136,102.369140625
08:01:13,91282CLD1,TSRYS5850288,D,B,C,2024-08-27,1000000.00,3.733136,102.369140625
08:01:13,91282CLD1,TSRYS5850288,D,S,D,2024-08-27,1000000.00,3.733454,102.3671875
08:01:13,91282CLD1,TSRYS5850288,D,B,C,2024-08-27,1000000.00,3.733136,102.369140625
08:01:13,91282CLD1,TSRYS5850288,D,B,C,2024-08-27,1000000.00,3.733454,102.3671875
08:01:13,91282CLD1,TSRYS5850288,D,S,D,2024-08-27,1000000.00,3.733136,102.369140625
08:01:13,91282CLD1,TSRYS5850288,D,S,D,2024-08-27,1000000.00,3.732818,102.37109375
08:01:13,91282CLD1,TSRYS5850288,D,B,C,2024-08-27,1000000.00,3.733136,102.369140625
08:01:13,91282CLD1,TSRYS5850288,D,B,C,2024-08-27,1000000.00,3.733454,102.3671875
08:01:13,91282CLD1,TSRYS5850288,D,S,D,2024-08-27,1000000.00,3.733454,102.3671875
08:01:13,91282CLD1,TSRYS5850288,D,B,C,2024-08-27,1000000.00,3.732818,102.37109375
08:01:13,91282CLD1,TSRYS5850288,D,B,C,2024-08-27,1000000.00,3.733454,102.3671875
08:01:13,91282CLD1,TSRYS5850288,D,S,D,2024-08-27,1000000.00,3.733454,102.3671875
08:01:13,91282CLD1,TSRYS5850288,D,B,C,2024-08-27,1000000.00,3.733454,102.3671875
08:01:13,91282CLD1,TSRYS5850288,D,S,D,2024-08-27,1000000.00,3.733454,102.3671875
08:01:13,91282CLD1,TSRYS5850288,D,B,C,2024-08-27,1000000.00,3.733454,102.3671875
08:01:13,91282CLD1,TSRYS5850288,D,S,D,2024-08-27,1000000.00,3.733454,102.3671875
08:01:13,91282CLD1,TSRYS5850288,D,B,C,2024-08-27,1000000.00,3.734091,102.36328125
08:01:13,91282CLD1,TSRYS5850288,D,B,C,2024-08-27,1000000.00,3.733454,102.3671875
08:01:13,91282CLD1,TSRYS5850288,D,B,C,2024-08-27,1000000.00,3.733454,102.3671875
08:01:13,91282CLD1,TSRYS5850288,D,S,D,2024-08-27,1000000.00,3.734091,102.36328125
08:01:13,91282CLD1,TSRYS5850288,D,S,D,2024-08-27,1000000.00,3.733454,102.3671875
08:01:13,91282CLD1,TSRYS5850288,D,S,D,2024-08-27,1000000.00,3.733454,102.3671875
08:01:13,91282CLD1,TSRYS5850288,D,B,C,2024-08-27,1000000.00,3.733454,102.3671875
08:01:13,91282CLD1,TSRYS5850288,D,S,D,2024-08-27,1000000.00,3.733454,102.3671875
08:01:13,91282CLD1,TSRYS5850288,D,B,C,2024-08-27,1000000.00,3.733454,102.3671875
08:01:13,91282CLD1,TSRYS5850288,D,B,C,2024-08-27,1000000.00,3.733772,102.365234375
08:01:13,91282CLD1,TSRYS5850288,D,S,D,2024-08-27,1000000.00,3.733454,102.3671875
08:01:13,91282CLD1,TSRYS5850288,D,S,D,2024-08-27,1000000.00,3.733772,102.365234375
08:01:13,91282CLD1,TSRYS5850288,D,B,C,2024-08-27,1000000.00,3.733772,102.365234375
08:01:13,91282CLD1,TSRYS5850288,D,S,D,2024-08-27,1000000.00,3.733772,102.365234375
08:01:13,91282CLD1,TSRYS5850288,D,B,C,2024-08-27,1000000.00,3.733772,102.365234375
08:01:13,91282CLD1,TSRYS5850288,D,S,D,2024-08-27,1000000.00,3.733772,102.365234375
08:01:13,91282CLD1,TSRYS5850288,D,B,C,2024-08-27,1000000.00,3.733772,102.365234375
08:01:13,91282CLD1,TSRYS5850288,D,S,D,2024-08-27,1000000.00,3.733772,102.365234375
08:01:13,91282CLD1,TSRYS5850288,D,S,D,2024-08-27,1000000.00,3.733772,102.365234375
