tradeTime,cusip,issueSymbolIdentifier,priceType,reportingSideCode,contraPartyTypeCode,tradeDate,reportedTradeVolume,lastSaleYield,lastSalePrice
08:00:05,91282CKU4,TSRYS5814781,D,S,T,2024-06-25,2000000.00,4.236218,102.310546875
08:00:05,91282CKU4,TSRYS5814781,D,S,T,2024-06-25,1000000.00,4.235894,102.3125
08:00:05,91282CKU4,TSRYS5814781,D,S,D,2024-06-25,1000000.00,4.234922,102.318359375
08:00:09,91282CKU4,TSRYS5814781,D,S,D,2024-06-25,1000000.00,4.230067,102.34765625
08:00:09,91282CKU4,TSRYS5814781,D,S,D,2024-06-25,1000000.00,4.230067,102.34765625
08:00:09,91282CKU4,TSRYS5814781,D,S,D,2024-06-25,1000000.00,4.230067,102.34765625
08:00:09,91282CKU4,TSRYS5814781,D,S,D,2024-06-25,1000000.00,4.231361,102.33984375
08:00:09,91282CKU4,TSRYS5814781,D,S,D,2024-06-25,1000000.00,4.234599,102.3203125
08:00:09,91282CKU4,TSRYS5814781,D,S,D,2024-06-25,1000000.00,4.234599,102.3203125
08:00:09,91282CKU4,TSRYS5814781,D,S,T,2024-06-25,2000000.00,4.233627,102.326171875
08:00:09,91282CKU4,TSRYS5814781,D,S,T,2024-06-25,2000000.00,4.233627,102.326171875
08:00:09,91282CKU4,TSRYS5814781,D,S,T,2024-06-25,2000000.00,4.231361,102.33984375
08:00:09,91282CKU4,TSRYS5814781,D,S,D,2024-06-25,1000000.00,4.230714,102.34375
08:00:09,91282CKU4,TSRYS5814781,D,S,D,2024-06-25,2000000.00,4.230714,102.34375
08:00:09,91282CKU4,TSRYS5814781,D,S,D,2024-06-25,1000000.00,4.230714,102.34375
08:00:09,91282CKU4,TSRYS5814781,D,S,D,2024-06-25,1000000.00,4.236865,102.306640625
08:00:09,91282CKU4,TSRYS5814781,D,S,D,2024-06-25,2000000.00,4.236865,102.306640625
08:00:09,91282CKU4,TSRYS5814781,D,S,D,2024-06-25,2000000.00,4.243019,102.26953125
08:00:09,91282CKU4,TSRYS5814781,D,S,D,2024-06-25,2000000.00,4.243343,102.267578125
08:00:09,91282CKU4,TSRYS5814781,D,S,D,2024-06-25,1000000.00,4.241724,102.27734375
08:00:09,91282CKU4,TSRYS5814781,D,S,D,2024-06-25,1000000.00,4.246907,102.24609375
08:00:09,91282CKU4,TSRYS5814781,D,S,T,2024-06-25,1000000.00,4.241724,102.27734375
08:00:09,91282CKU4,TSRYS5814781,D,S,D,2024-06-25,1000000.00,4.242047,102.275390625
08:00:09,91282CKU4,TSRYS5814781,D,S,D,2024-06-25,1000000.00,4.240104,102.287109375
08:00:09,91282CKU4,TSRYS5814781,D,S,D,2024-06-25,1000000.00,4.23978,102.2890625
08:00:09,91282CKU4,TSRYS5814781,D,S,D,2024-06-25,1000000.00,4.23978,102.2890625
08:00:09,91282CKU4,TSRYS5814781,D,S,D,2024-06-25,1000000.00,4.23978,102.2890625
08:00:09,91282CKU4,TSRYS5814781,D,S,D,2024-06-25,1000000.00,4.237513,102.302734375
08:00:09,91282CKU4,TSRYS5814781,D,S,T,2024-06-25,1000000.00,4.233951,102.32421875
08:00:09,91282CKU4,TSRYS5814781,D,S,D,2024-06-25,1000000.00,4.233951,102.32421875
08:00:09,91282CKU4,TSRYS5814781,D,S,D,2024-06-25,1000000.00,4.233951,102.32421875
08:00:09,91282CKU4,TSRYS5814781,D,S,D,2024-06-25,1000000.00,4.233951,102.32421875
08:00:09,91282CKU4,TSRYS5814781,D,S,D,2024-06-25,1000000.00,4.23298,102.330078125
08:00:09,91282CKU4,TSRYS5814781,D,S,T,2024-06-25,1000000.00,4.23298,102.330078125
08:00:09,91282CKU4,TSRYS5814781,D,S,D,2024-06-25,1000000.00,4.23298,102.330078125
08:00:09,91282CKU4,TSRYS5814781,D,S,T,2024-06-25,1000000.00,4.23298,102.330078125
08:00:09,91282CKU4,TSRYS5814781,D,S,T,2024-06-25,1000000.00,4.229419,102.3515625
08:00:09,91282CKU4,TSRYS5814781,D,S,T,2024-06-25,1000000.00,4.228125,102.359375
08:00:09,91282CKU4,TSRYS5814781,D,S,D,2024-06-25,1000000.00,4.228125,102.359375
08:00:09,91282CKU4,TSRYS5814781,D,S,T,2024-06-25,1000000.00,4.228125,102.359375
08:00:09,91282CKU4,TSRYS5814781,D,S,D,2024-06-25,1000000.00,4.228125,102.359375
08:00:09,91282CKU4,TSRYS5814781,D,S,T,2024-06-25,1000000.00,4.228125,102.359375
08:00:09,91282CKU4,TSRYS5814781,D,S,T,2024-06-25,1000000.00,4.228125,102.359375
08:00:09,91282CKU4,TSRYS5814781,D,S,T,2024-06-25,1000000.00,4.228125,102.359375
08:00:09,91282CKU4,TSRYS5814781,D,S,D,2024-06-25,1000000.00,4.228125,102.359375
08:00:09,91282CKU4,TSRYS5814781,D,S,D,2024-06-25,1000000.00,4.225536,102.375
08:00:09,91282CKU4,TSRYS5814781,D,S,T,2024-06-25,1000000.00,4.224242,102.3828125
08:00:09,91282CKU4,TSRYS5814781,D,S,D,2024-06-25,1000000.00,4.225859,102.373046875
08:00:09,91282CKU4,TSRYS5814781,D,S,T,2024-06-25,1000000.00,4.224242,102.3828125
08:00:09,91282CKU4,TSRYS5814781,D,S,D,2024-06-25,1000000.00,4.224565,102.380859375
08:00:09,91282CKU4,TSRYS5814781,D,S,D,2024-06-25,1000000.00,4.227477,102.36328125
08:00:09,91282CKU4,TSRYS5814781,D,S,D,2024-06-25,1000000.00,4.227477,102.36328125
08:00:09,91282CKU4,TSRYS5814781,D,S,D,2024-06-25,1000000.00,4.227477,102.36328125
08:00:09,91282CKU4,TSRYS5814781,D,S,D,2024-06-25,1000000.00,4.227477,102.36328125
08:00:09,91282CKU4,TSRYS5814781,D,S,D,2024-06-25,2000000.00,4.227477,102.36328125
08:00:09,91282CKU4,TSRYS5814781,D,S,T,2024-06-25,2000000.00,4.227477,102.36328125
08:00:09,91282CKU4,TSRYS5814781,D,S,T,2024-06-25,2000000.00,4.227477,102.36328125
08:00:09,91282CKU4,TSRYS5814781,D,S,D,2024-06-25,1000000.00,4.227477,102.36328125
08:00:09,91282CKU4,TSRYS5814781,D,S,D,2024-06-25,1000000.00,4.227477,102.36328125
08:00:09,91282CKU4,TSRYS5814781,D,S,D,2024-06-25,1000000.00,4.227801,102.361328125
08:00:09,91282CKU4,TSRYS5814781,D,S,D,2024-06-25,1000000.00,4.227801,102.361328125
08:00:09,91282CKU4,TSRYS5814781,D,S,T,2024-06-25,1000000.00,4.22683,102.3671875
08:00:09,91282CKU4,TSRYS5814781,D,S,T,2024-06-25,1000000.00,4.225212,102.376953125
08:00:09,91282CKU4,TSRYS5814781,D,S,D,2024-06-25,2000000.00,4.225212,102.376953125
08:00:09,91282CKU4,TSRYS5814781,D,S,D,2024-06-25,2000000.00,4.225212,102.376953125
08:00:09,91282CKU4,TSRYS5814781,D,S,D,2024-06-25,1000000.00,4.225536,102.375
08:00:09,91282CKU4,TSRYS5814781,D,S,D,2024-06-25,2000000.00,4.225536,102.375
08:00:09,91282CKU4,TSRYS5814781,D,S,D,2024-06-25,1000000.00,4.225212,102.376953125
08:00:09,91282CKU4,TSRYS5814781,D,S,T,2024-06-25,2000000.00,4.222624,102.392578125
08:00:09,91282CKU4,TSRYS5814781,D,S,D,2024-06-25,1000000.00,4.220683,102.404296875
08:00:09,91282CKU4,TSRYS5814781,D,S,D,2024-06-25,1000000.00,4.220683,102.404296875
08:00:09,91282CKU4,TSRYS5814781,D,S,T,2024-06-25,2000000.00,4.220036,102.408203125
08:00:09,91282CKU4,TSRYS5814781,D,S,D,2024-06-25,1000000.00,4.220036,102.408203125
08:00:09,91282CKU4,TSRYS5814781,D,S,D,2024-06-25,1000000.00,4.22036,102.40625
08:00:09,91282CKU4,TSRYS5814781,D,S,D,2024-06-25,1000000.00,4.217772,102.421875
08:00:09,91282CKU4,TSRYS5814781,D,S,D,2024-06-25,2000000.00,4.217772,102.421875
08:00:09,91282CKU4,TSRYS5814781,D,S,D,2024-06-25,1000000.00,4.218096,102.419921875
08:00:09,91282CKU4,TSRYS5814781,D,S,D,2024-06-25,2000000.00,4.215185,102.4375
08:00:09,91282CKU4,TSRYS5814781,D,S,D,2024-06-25,2000000.00,4.215185,102.4375
08:00:09,91282CKU4,TSRYS5814781,D,S,D,2024-06-25,1000000.00,4.215185,102.4375
08:00:09,91282CKU4,TSRYS5814781,D,S,T,2024-06-25,1000000.00,4.241076,102.28125
08:00:09,91282CKU4,TSRYS5814781,D,S,T,2024-06-25,1000000.00,4.233304,102.328125
08:00:09,91282CKU4,TSRYS5814781,D,S,T,2024-06-25,1000000.00,4.232009,102.3359375
08:00:09,91282CKU4,TSRYS5814781,D,S,T,2024-06-25,1000000.00,4.230714,102.34375
08:00:09,91282CKU4,TSRYS5814781,D,S,T,2024-06-25,1000000.00,4.229419,102.3515625
08:00:09,91282CKU4,TSRYS5814781,D,S,T,2024-06-25,1000000.00,4.219066,102.4140625
08:00:09,91282CKU4,TSRYS5814781,D,S,D,2024-06-25,1000000.00,4.225536,102.375
08:00:13,91282CKU4,TSRYS5814781,D,S,T,2024-06-25,1000000.00,4.233304,102.328125
08:00:13,91282CKU4,TSRYS5814781,D,S,T,2024-06-25,1000000.00,4.233304,102.328125
08:00:13,91282CKU4,TSRYS5814781,D,S,T,2024-06-25,1000000.00,4.233304,102.328125
08:00:13,91282CKU4,TSRYS5814781,D,S,T,2024-06-25,1000000.00,4.235894,102.3125
08:00:13,91282CKU4,TSRYS5814781,D,S,T,2024-06-25,1000000.00,4.232656,102.33203125
08:00:13,91282CKU4,TSRYS5814781,D,S,D,2024-06-25,1000000.00,4.230067,102.34765625
08:00:13,91282CKU4,TSRYS5814781,D,S,T,2024-06-25,1000000.00,4.233304,102.328125
08:00:13,91282CKU4,TSRYS5814781,D,S,D,2024-06-25,1000000.00,4.232656,102.33203125
08:00:13,91282CKU4,TSRYS5814781,D,S,T,2024-06-25,1000000.00,4.232332,102.333984375
08:00:13,91282CKU4,TSRYS5814781,D,S,T,2024-06-25,1000000.00,4.232009,102.3359375
08:00:13,91282CKU4,TSRYS5814781,D,S,T,2024-06-25,1000000.00,4.234599,102.3203125
08:00:13,91282CKU4,TSRYS5814781,D,S,T,2024-06-25,1000000.00,4.234599,102.3203125
08:00:13,91282CKU4,TSRYS5814781,D,S,T,2024-06-25,1000000.00,4.230714,102.34375
08:00:13,91282CKU4,TSRYS5814781,D,S,T,2024-06-25,1000000.00,4.230714,102.34375
08:00:13,91282CKU4,TSRYS5814781,D,S,T,2024-06-25,2000000.00,4.230714,102.34375
08:00:13,91282CKU4,TSRYS5814781,D,S,T,2024-06-25,1000000.00,4.231361,102.33984375
08:00:13,91282CKU4,TSRYS5814781,D,S,T,2024-06-25,1000000.00,4.231361,102.33984375
08:00:13,91282CKU4,TSRYS5814781,D,S,T,2024-06-25,1000000.00,4.231038,102.341796875
08:00:13,91282CKU4,TSRYS5814781,D,S,T,2024-06-25,1000000.00,4.231038,102.341796875
08:00:13,91282CKU4,TSRYS5814781,D,S,T,2024-06-25,1000000.00,4.231361,102.33984375
08:00:13,91282CKU4,TSRYS5814781,D,S,T,2024-06-25,1000000.00,4.231361,102.33984375
08:00:13,91282CKU4,TSRYS5814781,D,S,T,2024-06-25,2000000.00,4.233304,102.328125
08:00:13,91282CKU4,TSRYS5814781,D,S,T,2024-06-25,1000000.00,4.241076,102.28125
08:00:13,91282CKU4,TSRYS5814781,D,S,T,2024-06-25,1000000.00,4.241076,102.28125
08:00:13,91282CKU4,TSRYS5814781,D,S,D,2024-06-25,1000000.00,4.244315,102.26171875
08:00:13,91282CKU4,TSRYS5814781,D,S,T,2024-06-25,1000000.00,4.245935,102.251953125
08:00:13,91282CKU4,TSRYS5814781,D,S,D,2024-06-25,1000000.00,4.248204,102.23828125
08:00:13,91282CKU4,TSRYS5814781,D,S,D,2024-06-25,1000000.00,4.247231,102.244140625
08:00:13,91282CKU4,TSRYS5814781,D,S,T,2024-06-25,1000000.00,4.247231,102.244140625
08:00:13,91282CKU4,TSRYS5814781,D,S,D,2024-06-25,1000000.00,4.247231,102.244140625
08:00:13,91282CKU4,TSRYS5814781,D,S,T,2024-06-25,1000000.00,4.247231,102.244140625
08:00:13,91282CKU4,TSRYS5814781,D,S,T,2024-06-25,1000000.00,4.247231,102.244140625
08:00:13,91282CKU4,TSRYS5814781,D,S,D,2024-06-25,1000000.00,4.244315,102.26171875
08:00:13,91282CKU4,TSRYS5814781,D,S,D,2024-06-25,1000000.00,4.249176,102.232421875
08:00:13,91282CKU4,TSRYS5814781,D,S,D,2024-06-25,1000000.00,4.249176,102.232421875
08:00:13,91282CKU4,TSRYS5814781,D,S,T,2024-06-25,1000000.00,4.242047,102.275390625
08:00:13,91282CKU4,TSRYS5814781,D,S,T,2024-06-25,1000000.00,4.238161,102.298828125
08:00:13,91282CKU4,TSRYS5814781,D,S,D,2024-06-25,1000000.00,4.23298,102.330078125
08:00:13,91282CKU4,TSRYS5814781,D,S,T,2024-06-25,1000000.00,4.229419,102.3515625
08:00:13,91282CKU4,TSRYS5814781,D,S,T,2024-06-25,1000000.00,4.228125,102.359375
08:00:13,91282CKU4,TSRYS5814781,D,S,T,2024-06-25,1000000.00,4.228125,102.359375
08:00:13,91282CKU4,TSRYS5814781,D,S,T,2024-06-25,1000000.00,4.228125,102.359375
08:00:13,91282CKU4,TSRYS5814781,D,S,T,2024-06-25,1000000.00,4.222948,102.390625
08:00:13,91282CKU4,TSRYS5814781,D,S,T,2024-06-25,1000000.00,4.223271,102.388671875
08:00:13,91282CKU4,TSRYS5814781,D,S,T,2024-06-25,1000000.00,4.225536,102.375
08:00:13,91282CKU4,TSRYS5814781,D,S,T,2024-06-25,1000000.00,4.225536,102.375
08:00:13,91282CKU4,TSRYS5814781,D,S,D,2024-06-25,1000000.00,4.225212,102.376953125
08:00:13,91282CKU4,TSRYS5814781,D,S,D,2024-06-25,1000000.00,4.225212,102.376953125
08:00:13,91282CKU4,TSRYS5814781,D,S,D,2024-06-25,1000000.00,4.225212,102.376953125
08:00:13,91282CKU4,TSRYS5814781,D,S,D,2024-06-25,1000000.00,4.225212,102.376953125
08:00:13,91282CKU4,TSRYS5814781,D,S,D,2024-06-25,1000000.00,4.220036,102.408203125
08:00:13,91282CKU4,TSRYS5814781,D,S,D,2024-06-25,1000000.00,4.217772,102.421875
08:00:13,91282CKU4,TSRYS5814781,D,S,T,2024-06-25,1000000.00,4.215185,102.4375
08:00:13,91282CKU4,TSRYS5814781,D,S,D,2024-06-25,1000000.00,4.23557,102.314453125
08:00:16,91282CKU4,TSRYS5814781,D,S,D,2024-06-25,1000000.00,4.234922,102.318359375
08:00:18,91282CKU4,TSRYS5814781,D,S,D,2024-06-25,1000000.00,4.230067,102.34765625
08:00:19,91282CKU4,TSRYS5814781,D,S,D,2024-06-25,1000000.00,4.232656,102.33203125
08:00:19,91282CKU4,TSRYS5814781,D,S,D,2024-06-25,1000000.00,4.231361,102.33984375
08:00:20,91282CKU4,TSRYS5814781,D,S,D,2024-06-25,1000000.00,4.234275,102.322265625
08:00:21,91282CKU4,TSRYS5814781,D,S,D,2024-06-25,2000000.00,4.232332,102.333984375
08:00:21,91282CKU4,TSRYS5814781,D,S,D,2024-06-25,1000000.00,4.232009,102.3359375
08:00:21,91282CKU4,TSRYS5814781,D,S,D,2024-06-25,1000000.00,4.230714,102.34375
08:00:23,91282CKU4,TSRYS5814781,D,S,D,2024-06-25,1000000.00,4.233627,102.326171875
08:00:23,91282CKU4,TSRYS5814781,D,S,D,2024-06-25,1000000.00,4.233627,102.326171875
08:00:23,91282CKU4,TSRYS5814781,D,S,D,2024-06-25,1000000.00,4.235246,102.31640625
08:00:26,91282CKU4,TSRYS5814781,D,S,T,2024-06-25,1000000.00,4.234599,102.3203125
08:00:26,91282CKU4,TSRYS5814781,D,S,T,2024-06-25,1000000.00,4.23298,102.330078125
08:00:26,91282CKU4,TSRYS5814781,D,S,T,2024-06-25,1000000.00,4.231361,102.33984375
08:00:26,91282CKU4,TSRYS5814781,D,S,T,2024-06-25,2000000.00,4.242047,102.275390625
08:00:26,91282CKU4,TSRYS5814781,D,S,T,2024-06-25,1000000.00,4.232656,102.33203125
08:00:26,91282CKU4,TSRYS5814781,D,S,T,2024-06-25,1000000.00,4.223271,102.388671875
08:00:26,91282CKU4,TSRYS5814781,D,S,D,2024-06-25,1000000.00,4.23978,102.2890625
08:00:27,91282CKU4,TSRYS5814781,D,S,D,2024-06-25,1000000.00,4.244639,102.259765625
08:00:27,91282CKU4,TSRYS5814781,D,S,D,2024-06-25,1000000.00,4.23978,102.2890625
08:00:28,91282CKU4,TSRYS5814781,D,S,D,2024-06-25,1000000.00,4.242371,102.2734375
08:00:28,91282CKU4,TSRYS5814781,D,S,D,2024-06-25,1000000.00,4.242371,102.2734375
08:00:28,91282CKU4,TSRYS5814781,D,S,D,2024-06-25,1000000.00,4.242371,102.2734375
08:00:29,91282CKU4,TSRYS5814781,D,S,D,2024-06-25,1000000.00,4.246907,102.24609375
08:00:29,91282CKU4,TSRYS5814781,D,S,D,2024-06-25,1000000.00,4.246907,102.24609375
08:00:30,91282CKU4,TSRYS5814781,D,S,T,2024-06-25,1000000.00,4.232656,102.33203125
08:00:30,91282CKU4,TSRYS5814781,D,S,T,2024-06-25,1000000.00,4.233304,102.328125
08:00:30,91282CKU4,TSRYS5814781,D,S,T,2024-06-25,1000000.00,4.233304,102.328125
08:00:30,91282CKU4,TSRYS5814781,D,S,T,2024-06-25,1000000.00,4.234599,102.3203125
08:00:30,91282CKU4,TSRYS5814781,D,S,T,2024-06-25,2000000.00,4.234922,102.318359375
08:00:30,91282CKU4,TSRYS5814781,D,S,T,2024-06-25,1000000.00,4.234922,102.318359375
08:00:30,91282CKU4,TSRYS5814781,D,S,T,2024-06-25,1000000.00,4.234599,102.3203125
08:00:30,91282CKU4,TSRYS5814781,D,S,T,2024-06-25,3000000.00,4.234922,102.318359375
08:00:30,91282CKU4,TSRYS5814781,D,S,T,2024-06-25,1000000.00,4.236218,102.310546875
08:00:30,91282CKU4,TSRYS5814781,D,S,T,2024-06-25,1000000.00,4.235894,102.3125
08:00:30,91282CKU4,TSRYS5814781,D,S,T,2024-06-25,1000000.00,4.235894,102.3125
08:00:30,91282CKU4,TSRYS5814781,D,S,T,2024-06-25,2000000.00,4.234922,102.318359375
08:00:30,91282CKU4,TSRYS5814781,D,S,T,2024-06-25,2000000.00,4.234922,102.318359375
08:00:30,91282CKU4,TSRYS5814781,D,S,T,2024-06-25,1000000.00,4.234922,102.318359375
08:00:30,91282CKU4,TSRYS5814781,D,S,T,2024-06-25,2000000.00,4.234922,102.318359375
08:00:30,91282CKU4,TSRYS5814781,D,S,T,2024-06-25,1000000.00,4.229419,102.3515625
08:00:30,91282CKU4,TSRYS5814781,D,S,T,2024-06-25,1000000.00,4.232009,102.3359375
08:00:30,91282CKU4,TSRYS5814781,D,S,T,2024-06-25,1000000.00,4.232009,102.3359375
08:00:30,91282CKU4,TSRYS5814781,D,S,T,2024-06-25,1000000.00,4.232009,102.3359375
08:00:30,91282CKU4,TSRYS5814781,D,S,T,2024-06-25,1000000.00,4.234599,102.3203125
08:00:30,91282CKU4,TSRYS5814781,D,S,T,2024-06-25,1000000.00,4.234599,102.3203125
08:00:30,91282CKU4,TSRYS5814781,D,S,T,2024-06-25,1000000.00,4.233304,102.328125
08:00:30,91282CKU4,TSRYS5814781,D,S,T,2024-06-25,1000000.00,4.233304,102.328125
08:00:30,91282CKU4,TSRYS5814781,D,S,T,2024-06-25,1000000.00,4.233304,102.328125
08:00:30,91282CKU4,TSRYS5814781,D,S,T,2024-06-25,1000000.00,4.234599,102.3203125
08:00:30,91282CKU4,TSRYS5814781,D,S,T,2024-06-25,1000000.00,4.233304,102.328125
08:00:30,91282CKU4,TSRYS5814781,D,S,T,2024-06-25,1000000.00,4.233304,102.328125
08:00:30,91282CKU4,TSRYS5814781,D,S,T,2024-06-25,1000000.00,4.233304,102.328125
08:00:30,91282CKU4,TSRYS5814781,D,S,T,2024-06-25,1000000.00,4.234599,102.3203125
08:00:30,91282CKU4,TSRYS5814781,D,S,T,2024-06-25,1000000.00,4.233304,102.328125
08:00:30,91282CKU4,TSRYS5814781,D,S,T,2024-06-25,1000000.00,4.233304,102.328125
08:00:30,91282CKU4,TSRYS5814781,D,S,T,2024-06-25,1000000.00,4.233304,102.328125
08:00:30,91282CKU4,TSRYS5814781,D,S,T,2024-06-25,1000000.00,4.233304,102.328125
08:00:30,91282CKU4,TSRYS5814781,D,S,T,2024-06-25,1000000.00,4.233304,102.328125
08:00:30,91282CKU4,TSRYS5814781,D,S,T,2024-06-25,2000000.00,4.232009,102.3359375
08:00:30,91282CKU4,TSRYS5814781,D,S,T,2024-06-25,1000000.00,4.232009,102.3359375
08:00:30,91282CKU4,TSRYS5814781,D,S,T,2024-06-25,1000000.00,4.232009,102.3359375
08:00:30,91282CKU4,TSRYS5814781,D,S,T,2024-06-25,1000000.00,4.232009,102.3359375
08:00:30,91282CKU4,TSRYS5814781,D,S,T,2024-06-25,1000000.00,4.232009,102.3359375
08:00:30,91282CKU4,TSRYS5814781,D,S,T,2024-06-25,1000000.00,4.232009,102.3359375
08:00:30,91282CKU4,TSRYS5814781,D,S,T,2024-06-25,1000000.00,4.232009,102.3359375
08:00:30,91282CKU4,TSRYS5814781,D,S,T,2024-06-25,1000000.00,4.230714,102.34375
08:00:30,91282CKU4,TSRYS5814781,D,S,T,2024-06-25,1000000.00,4.232009,102.3359375
08:00:30,91282CKU4,TSRYS5814781,D,S,T,2024-06-25,1000000.00,4.232009,102.3359375
08:00:30,91282CKU4,TSRYS5814781,D,S,T,2024-06-25,1000000.00,4.232009,102.3359375
08:00:30,91282CKU4,TSRYS5814781,D,S,T,2024-06-25,1000000.00,4.232009,102.3359375
08:00:30,91282CKU4,TSRYS5814781,D,S,T,2024-06-25,1000000.00,4.232009,102.3359375
08:00:30,91282CKU4,TSRYS5814781,D,S,T,2024-06-25,1000000.00,4.232009,102.3359375
08:00:30,91282CKU4,TSRYS5814781,D,S,T,2024-06-25,1000000.00,4.230714,102.34375
08:00:30,91282CKU4,TSRYS5814781,D,S,T,2024-06-25,1000000.00,4.230714,102.34375
08:00:30,91282CKU4,TSRYS5814781,D,S,T,2024-06-25,1000000.00,4.230714,102.34375
08:00:30,91282CKU4,TSRYS5814781,D,S,T,2024-06-25,1000000.00,4.230714,102.34375
08:00:30,91282CKU4,TSRYS5814781,D,S,T,2024-06-25,1000000.00,4.230714,102.34375
08:00:30,91282CKU4,TSRYS5814781,D,S,T,2024-06-25,1000000.00,4.230714,102.34375
08:00:30,91282CKU4,TSRYS5814781,D,S,T,2024-06-25,1000000.00,4.230714,102.34375
08:00:30,91282CKU4,TSRYS5814781,D,S,T,2024-06-25,1000000.00,4.230714,102.34375
08:00:30,91282CKU4,TSRYS5814781,D,S,T,2024-06-25,1000000.00,4.231361,102.33984375
08:00:30,91282CKU4,TSRYS5814781,D,S,T,2024-06-25,1000000.00,4.231361,102.33984375
08:00:30,91282CKU4,TSRYS5814781,D,S,T,2024-06-25,1000000.00,4.231038,102.341796875
08:00:30,91282CKU4,TSRYS5814781,D,S,T,2024-06-25,1000000.00,4.231361,102.33984375
08:00:30,91282CKU4,TSRYS5814781,D,S,T,2024-06-25,1000000.00,4.231361,102.33984375
08:00:30,91282CKU4,TSRYS5814781,D,S,T,2024-06-25,1000000.00,4.231038,102.341796875
08:00:30,91282CKU4,TSRYS5814781,D,S,T,2024-06-25,1000000.00,4.231361,102.33984375
08:00:30,91282CKU4,TSRYS5814781,D,S,T,2024-06-25,1000000.00,4.231361,102.33984375
08:00:30,91282CKU4,TSRYS5814781,D,S,T,2024-06-25,1000000.00,4.231361,102.33984375
08:00:30,91282CKU4,TSRYS5814781,D,S,T,2024-06-25,1000000.00,4.231361,102.33984375
08:00:30,91282CKU4,TSRYS5814781,D,S,T,2024-06-25,1000000.00,4.231361,102.33984375
08:00:30,91282CKU4,TSRYS5814781,D,S,T,2024-06-25,1000000.00,4.231361,102.33984375
08:00:30,91282CKU4,TSRYS5814781,D,S,T,2024-06-25,1000000.00,4.232009,102.3359375
08:00:30,91282CKU4,TSRYS5814781,D,S,T,2024-06-25,1000000.00,4.232009,102.3359375
08:00:30,91282CKU4,TSRYS5814781,D,S,T,2024-06-25,1000000.00,4.232009,102.3359375
08:00:30,91282CKU4,TSRYS5814781,D,S,T,2024-06-25,1000000.00,4.232009,102.3359375
08:00:30,91282CKU4,TSRYS5814781,D,S,T,2024-06-25,1000000.00,4.233304,102.328125
08:00:30,91282CKU4,TSRYS5814781,D,S,T,2024-06-25,1000000.00,4.233627,102.326171875
08:00:30,91282CKU4,TSRYS5814781,D,S,T,2024-06-25,1000000.00,4.233304,102.328125
08:00:30,91282CKU4,TSRYS5814781,D,S,T,2024-06-25,1000000.00,4.234599,102.3203125
08:00:30,91282CKU4,TSRYS5814781,D,S,T,2024-06-25,1000000.00,4.234599,102.3203125
08:00:30,91282CKU4,TSRYS5814781,D,S,T,2024-06-25,1000000.00,4.234599,102.3203125
08:00:30,91282CKU4,TSRYS5814781,D,S,T,2024-06-25,1000000.00,4.234599,102.3203125
08:00:30,91282CKU4,TSRYS5814781,D,S,T,2024-06-25,1000000.00,4.234599,102.3203125
08:00:30,91282CKU4,TSRYS5814781,D,S,T,2024-06-25,1000000.00,4.234599,102.3203125
08:00:30,91282CKU4,TSRYS5814781,D,S,T,2024-06-25,1000000.00,4.234599,102.3203125
08:00:30,91282CKU4,TSRYS5814781,D,S,T,2024-06-25,1000000.00,4.234599,102.3203125
08:00:30,91282CKU4,TSRYS5814781,D,S,T,2024-06-25,1000000.00,4.234599,102.3203125
08:00:30,91282CKU4,TSRYS5814781,D,S,T,2024-06-25,1000000.00,4.234599,102.3203125
08:00:30,91282CKU4,TSRYS5814781,D,S,T,2024-06-25,1000000.00,4.234599,102.3203125
08:00:30,91282CKU4,TSRYS5814781,D,S,T,2024-06-25,1000000.00,4.233304,102.328125
08:00:30,91282CKU4,TSRYS5814781,D,S,T,2024-06-25,1000000.00,4.233304,102.328125
08:00:30,91282CKU4,TSRYS5814781,D,S,T,2024-06-25,1000000.00,4.233304,102.328125
08:00:30,91282CKU4,TSRYS5814781,D,S,T,2024-06-25,1000000.00,4.233304,102.328125
08:00:30,91282CKU4,TSRYS5814781,D,S,T,2024-06-25,1000000.00,4.235894,102.3125
08:00:30,91282CKU4,TSRYS5814781,D,S,T,2024-06-25,1000000.00,4.237189,102.3046875
08:00:30,91282CKU4,TSRYS5814781,D,S,T,2024-06-25,1000000.00,4.237189,102.3046875
08:00:30,91282CKU4,TSRYS5814781,D,S,T,2024-06-25,1000000.00,4.235894,102.3125
08:00:33,91282CKU4,TSRYS5814781,D,S,T,2024-06-25,1000000.00,4.238485,102.296875
08:00:33,91282CKU4,TSRYS5814781,D,S,T,2024-06-25,1000000.00,4.238485,102.296875
08:00:33,91282CKU4,TSRYS5814781,D,S,T,2024-06-25,1000000.00,4.238485,102.296875
08:00:33,91282CKU4,TSRYS5814781,D,S,T,2024-06-25,1000000.00,4.238485,102.296875
08:00:33,91282CKU4,TSRYS5814781,D,S,T,2024-06-25,1000000.00,4.238485,102.296875
08:00:33,91282CKU4,TSRYS5814781,D,S,T,2024-06-25,1000000.00,4.238485,102.296875
08:00:33,91282CKU4,TSRYS5814781,D,S,T,2024-06-25,1000000.00,4.238485,102.296875
08:00:33,91282CKU4,TSRYS5814781,D,S,T,2024-06-25,1000000.00,4.23978,102.2890625
08:00:33,91282CKU4,TSRYS5814781,D,S,T,2024-06-25,1000000.00,4.237189,102.3046875
08:00:33,91282CKU4,TSRYS5814781,D,S,T,2024-06-25,1000000.00,4.235894,102.3125
08:00:33,91282CKU4,TSRYS5814781,D,S,T,2024-06-25,1000000.00,4.241076,102.28125
08:00:33,91282CKU4,TSRYS5814781,D,S,T,2024-06-25,1000000.00,4.241076,102.28125
08:00:33,91282CKU4,TSRYS5814781,D,S,T,2024-06-25,1000000.00,4.241076,102.28125
08:00:33,91282CKU4,TSRYS5814781,D,S,T,2024-06-25,1000000.00,4.238485,102.296875
08:00:33,91282CKU4,TSRYS5814781,D,S,T,2024-06-25,1000000.00,4.238485,102.296875
08:00:33,91282CKU4,TSRYS5814781,D,S,T,2024-06-25,1000000.00,4.239456,102.291015625
08:00:33,91282CKU4,TSRYS5814781,D,S,T,2024-06-25,1000000.00,4.241076,102.28125
08:00:33,91282CKU4,TSRYS5814781,D,S,T,2024-06-25,1000000.00,4.241076,102.28125
08:00:33,91282CKU4,TSRYS5814781,D,S,T,2024-06-25,1000000.00,4.240752,102.283203125
08:00:33,91282CKU4,TSRYS5814781,D,S,T,2024-06-25,1000000.00,4.243019,102.26953125
08:00:33,91282CKU4,TSRYS5814781,D,S,T,2024-06-25,1000000.00,4.243667,102.265625
08:00:33,91282CKU4,TSRYS5814781,D,S,T,2024-06-25,1000000.00,4.243667,102.265625
08:00:33,91282CKU4,TSRYS5814781,D,S,T,2024-06-25,1000000.00,4.242371,102.2734375
08:00:33,91282CKU4,TSRYS5814781,D,S,T,2024-06-25,1000000.00,4.23978,102.2890625
08:00:33,91282CKU4,TSRYS5814781,D,S,T,2024-06-25,1000000.00,4.23978,102.2890625
08:00:33,91282CKU4,TSRYS5814781,D,S,T,2024-06-25,1000000.00,4.2414,102.279296875
08:00:33,91282CKU4,TSRYS5814781,D,S,T,2024-06-25,3000000.00,4.242047,102.275390625
08:00:33,91282CKU4,TSRYS5814781,D,S,T,2024-06-25,3000000.00,4.242047,102.275390625
08:00:33,91282CKU4,TSRYS5814781,D,S,T,2024-06-25,1000000.00,4.242371,102.2734375
08:00:33,91282CKU4,TSRYS5814781,D,S,T,2024-06-25,1000000.00,4.242371,102.2734375
08:00:33,91282CKU4,TSRYS5814781,D,S,T,2024-06-25,1000000.00,4.242371,102.2734375
08:00:33,91282CKU4,TSRYS5814781,D,S,T,2024-06-25,1000000.00,4.243991,102.263671875
08:00:33,91282CKU4,TSRYS5814781,D,S,T,2024-06-25,2000000.00,4.244639,102.259765625
08:00:33,91282CKU4,TSRYS5814781,D,S,T,2024-06-25,1000000.00,4.244639,102.259765625
08:00:33,91282CKU4,TSRYS5814781,D,S,T,2024-06-25,3000000.00,4.242047,102.275390625
08:00:33,91282CKU4,TSRYS5814781,D,S,T,2024-06-25,1000000.00,4.242047,102.275390625
08:00:33,91282CKU4,TSRYS5814781,D,S,T,2024-06-25,2000000.00,4.242047,102.275390625
08:00:33,91282CKU4,TSRYS5814781,D,S,T,2024-06-25,1000000.00,4.245611,102.25390625
08:00:33,91282CKU4,TSRYS5814781,D,S,T,2024-06-25,1000000.00,4.246907,102.24609375
08:00:33,91282CKU4,TSRYS5814781,D,S,T,2024-06-25,1000000.00,4.246907,102.24609375
08:00:33,91282CKU4,TSRYS5814781,D,S,T,2024-06-25,1000000.00,4.246907,102.24609375
08:00:33,91282CKU4,TSRYS5814781,D,S,T,2024-06-25,1000000.00,4.246907,102.24609375
08:00:33,91282CKU4,TSRYS5814781,D,S,T,2024-06-25,1000000.00,4.246907,102.24609375
08:00:33,91282CKU4,TSRYS5814781,D,S,T,2024-06-25,1000000.00,4.246907,102.24609375
08:00:33,91282CKU4,TSRYS5814781,D,S,T,2024-06-25,1000000.00,4.246907,102.24609375
08:00:33,91282CKU4,TSRYS5814781,D,S,T,2024-06-25,1000000.00,4.246907,102.24609375
08:00:33,91282CKU4,TSRYS5814781,D,S,T,2024-06-25,1000000.00,4.246907,102.24609375
08:00:33,91282CKU4,TSRYS5814781,D,S,T,2024-06-25,1000000.00,4.246907,102.24609375
08:00:33,91282CKU4,TSRYS5814781,D,S,T,2024-06-25,1000000.00,4.246907,102.24609375
08:00:33,91282CKU4,TSRYS5814781,D,S,T,2024-06-25,1000000.00,4.247556,102.2421875
08:00:33,91282CKU4,TSRYS5814781,D,S,T,2024-06-25,1000000.00,4.247556,102.2421875
08:00:33,91282CKU4,TSRYS5814781,D,S,T,2024-06-25,1000000.00,4.24788,102.240234375
08:00:33,91282CKU4,TSRYS5814781,D,S,T,2024-06-25,1000000.00,4.248204,102.23828125
08:00:33,91282CKU4,TSRYS5814781,D,S,T,2024-06-25,1000000.00,4.248204,102.23828125
08:00:33,91282CKU4,TSRYS5814781,D,S,T,2024-06-25,1000000.00,4.248204,102.23828125
08:00:33,91282CKU4,TSRYS5814781,D,S,T,2024-06-25,1000000.00,4.248204,102.23828125
08:00:33,91282CKU4,TSRYS5814781,D,S,T,2024-06-25,1000000.00,4.245935,102.251953125
08:00:33,91282CKU4,TSRYS5814781,D,S,T,2024-06-25,1000000.00,4.243667,102.265625
08:00:33,91282CKU4,TSRYS5814781,D,S,T,2024-06-25,1000000.00,4.246259,102.25
08:00:33,91282CKU4,TSRYS5814781,D,S,T,2024-06-25,1000000.00,4.246259,102.25
08:00:33,91282CKU4,TSRYS5814781,D,S,T,2024-06-25,1000000.00,4.246259,102.25
08:00:33,91282CKU4,TSRYS5814781,D,S,T,2024-06-25,1000000.00,4.246907,102.24609375
08:00:33,91282CKU4,TSRYS5814781,D,S,T,2024-06-25,1000000.00,4.2495,102.23046875
08:00:33,91282CKU4,TSRYS5814781,D,S,T,2024-06-25,1000000.00,4.249176,102.232421875
08:00:33,91282CKU4,TSRYS5814781,D,S,T,2024-06-25,1000000.00,4.2495,102.23046875
08:00:33,91282CKU4,TSRYS5814781,D,S,T,2024-06-25,1000000.00,4.248204,102.23828125
08:00:33,91282CKU4,TSRYS5814781,D,S,T,2024-06-25,1000000.00,4.247556,102.2421875
08:00:33,91282CKU4,TSRYS5814781,D,S,T,2024-06-25,1000000.00,4.247556,102.2421875
08:00:33,91282CKU4,TSRYS5814781,D,S,T,2024-06-25,1000000.00,4.247556,102.2421875
08:00:33,91282CKU4,TSRYS5814781,D,S,T,2024-06-25,1000000.00,4.246259,102.25
08:00:33,91282CKU4,TSRYS5814781,D,S,T,2024-06-25,1000000.00,4.243667,102.265625
08:00:33,91282CKU4,TSRYS5814781,D,S,T,2024-06-25,1000000.00,4.23978,102.2890625
08:00:33,91282CKU4,TSRYS5814781,D,S,T,2024-06-25,1000000.00,4.23978,102.2890625
08:00:33,91282CKU4,TSRYS5814781,D,S,T,2024-06-25,1000000.00,4.23978,102.2890625
08:00:33,91282CKU4,TSRYS5814781,D,S,T,2024-06-25,1000000.00,4.23978,102.2890625
08:00:33,91282CKU4,TSRYS5814781,D,S,T,2024-06-25,1000000.00,4.23978,102.2890625
08:00:33,91282CKU4,TSRYS5814781,D,S,T,2024-06-25,1000000.00,4.23978,102.2890625
08:00:33,91282CKU4,TSRYS5814781,D,S,T,2024-06-25,1000000.00,4.240104,102.287109375
08:00:33,91282CKU4,TSRYS5814781,D,S,T,2024-06-25,1000000.00,4.242371,102.2734375
08:00:33,91282CKU4,TSRYS5814781,D,S,T,2024-06-25,1000000.00,4.237513,102.302734375
08:00:33,91282CKU4,TSRYS5814781,D,S,T,2024-06-25,1000000.00,4.237513,102.302734375
08:00:33,91282CKU4,TSRYS5814781,D,S,T,2024-06-25,1000000.00,4.237189,102.3046875
08:00:33,91282CKU4,TSRYS5814781,D,S,T,2024-06-25,1000000.00,4.237837,102.30078125
08:00:33,91282CKU4,TSRYS5814781,D,S,T,2024-06-25,1000000.00,4.237837,102.30078125
08:00:33,91282CKU4,TSRYS5814781,D,S,T,2024-06-25,1000000.00,4.237189,102.3046875
08:00:33,91282CKU4,TSRYS5814781,D,S,T,2024-06-25,1000000.00,4.237189,102.3046875
08:00:33,91282CKU4,TSRYS5814781,D,S,T,2024-06-25,1000000.00,4.237189,102.3046875
08:00:33,91282CKU4,TSRYS5814781,D,S,T,2024-06-25,1000000.00,4.237189,102.3046875
08:00:33,91282CKU4,TSRYS5814781,D,S,T,2024-06-25,1000000.00,4.234922,102.318359375
08:00:33,91282CKU4,TSRYS5814781,D,S,T,2024-06-25,1000000.00,4.232332,102.333984375
08:00:33,91282CKU4,TSRYS5814781,D,S,T,2024-06-25,1000000.00,4.232656,102.33203125
08:00:33,91282CKU4,TSRYS5814781,D,S,T,2024-06-25,1000000.00,4.232656,102.33203125
08:00:33,91282CKU4,TSRYS5814781,D,S,T,2024-06-25,1000000.00,4.233304,102.328125
08:00:33,91282CKU4,TSRYS5814781,D,S,D,2024-06-25,1000000.00,4.23298,102.330078125
08:00:33,91282CKU4,TSRYS5814781,D,S,T,2024-06-25,1000000.00,4.232656,102.33203125
08:00:33,91282CKU4,TSRYS5814781,D,S,T,2024-06-25,1000000.00,4.232656,102.33203125
08:00:33,91282CKU4,TSRYS5814781,D,S,T,2024-06-25,1000000.00,4.232656,102.33203125
08:00:33,91282CKU4,TSRYS5814781,D,S,T,2024-06-25,1000000.00,4.232656,102.33203125
08:00:33,91282CKU4,TSRYS5814781,D,S,T,2024-06-25,1000000.00,4.232656,102.33203125
08:00:33,91282CKU4,TSRYS5814781,D,S,D,2024-06-25,1000000.00,4.23298,102.330078125
08:00:33,91282CKU4,TSRYS5814781,D,S,T,2024-06-25,1000000.00,4.228125,102.359375
08:00:33,91282CKU4,TSRYS5814781,D,S,T,2024-06-25,1000000.00,4.225536,102.375
08:00:33,91282CKU4,TSRYS5814781,D,S,T,2024-06-25,1000000.00,4.223271,102.388671875
08:00:33,91282CKU4,TSRYS5814781,D,S,T,2024-06-25,1000000.00,4.223271,102.388671875
08:00:33,91282CKU4,TSRYS5814781,D,S,T,2024-06-25,1000000.00,4.225536,102.375
08:00:33,91282CKU4,TSRYS5814781,D,S,T,2024-06-25,1000000.00,4.225536,102.375
08:00:33,91282CKU4,TSRYS5814781,D,S,T,2024-06-25,1000000.00,4.225536,102.375
08:00:33,91282CKU4,TSRYS5814781,D,S,T,2024-06-25,1000000.00,4.225536,102.375
08:00:33,91282CKU4,TSRYS5814781,D,S,T,2024-06-25,1000000.00,4.229419,102.3515625
08:00:33,91282CKU4,TSRYS5814781,D,S,T,2024-06-25,1000000.00,4.228125,102.359375
08:00:33,91282CKU4,TSRYS5814781,D,S,T,2024-06-25,1000000.00,4.225212,102.376953125
08:00:33,91282CKU4,TSRYS5814781,D,S,T,2024-06-25,2000000.00,4.225212,102.376953125
08:00:33,91282CKU4,TSRYS5814781,D,S,T,2024-06-25,1000000.00,4.224242,102.3828125
08:00:33,91282CKU4,TSRYS5814781,D,S,T,2024-06-25,1000000.00,4.225212,102.376953125
08:00:33,91282CKU4,TSRYS5814781,D,S,T,2024-06-25,2000000.00,4.225212,102.376953125
08:00:33,91282CKU4,TSRYS5814781,D,S,T,2024-06-25,1000000.00,4.219066,102.4140625
08:00:33,91282CKU4,TSRYS5814781,D,S,D,2024-06-25,1000000.00,4.216155,102.431640625
08:00:33,91282CKU4,TSRYS5814781,D,S,T,2024-06-25,1000000.00,4.217772,102.421875
08:00:33,91282CKU4,TSRYS5814781,D,S,T,2024-06-25,1000000.00,4.217772,102.421875
08:00:33,91282CKU4,TSRYS5814781,D,S,T,2024-06-25,1000000.00,4.217449,102.423828125
08:00:33,91282CKU4,TSRYS5814781,D,S,D,2024-06-25,1000000.00,4.217772,102.421875
08:00:33,91282CKU4,TSRYS5814781,D,S,D,2024-06-25,1000000.00,4.234922,102.318359375
08:00:33,91282CKU4,TSRYS5814781,D,S,D,2024-06-25,1000000.00,4.230067,102.34765625
08:00:33,91282CKU4,TSRYS5814781,D,S,D,2024-06-25,1000000.00,4.232656,102.33203125
08:00:33,91282CKU4,TSRYS5814781,D,S,D,2024-06-25,1000000.00,4.231361,102.33984375
08:00:33,91282CKU4,TSRYS5814781,D,S,D,2024-06-25,1000000.00,4.234275,102.322265625
08:00:33,91282CKU4,TSRYS5814781,D,S,D,2024-06-25,1000000.00,4.235246,102.31640625
08:00:33,91282CKU4,TSRYS5814781,D,S,D,2024-06-25,1000000.00,4.244639,102.259765625
08:00:33,91282CKU4,TSRYS5814781,D,S,D,2024-06-25,1000000.00,4.242371,102.2734375
08:00:33,91282CKU4,TSRYS5814781,D,S,D,2024-06-25,1000000.00,4.246907,102.24609375
08:00:33,91282CKU4,TSRYS5814781,D,S,D,2024-06-25,1000000.00,4.246907,102.24609375
08:00:33,91282CKU4,TSRYS5814781,D,S,D,2024-06-25,1000000.00,4.248852,102.234375
08:00:33,91282CKU4,TSRYS5814781,D,S,D,2024-06-25,1000000.00,4.249176,102.232421875
08:00:33,91282CKU4,TSRYS5814781,D,S,D,2024-06-25,1000000.00,4.249176,102.232421875
08:00:33,91282CKU4,TSRYS5814781,D,S,D,2024-06-25,1000000.00,4.249176,102.232421875
08:00:33,91282CKU4,TSRYS5814781,D,S,D,2024-06-25,1000000.00,4.23978,102.2890625
08:00:33,91282CKU4,TSRYS5814781,D,S,D,2024-06-25,1000000.00,4.237513,102.302734375
08:00:33,91282CKU4,TSRYS5814781,D,S,D,2024-06-25,1000000.00,4.237837,102.30078125
08:00:33,91282CKU4,TSRYS5814781,D,S,D,2024-06-25,1000000.00,4.232656,102.33203125
08:00:33,91282CKU4,TSRYS5814781,D,S,D,2024-06-25,1000000.00,4.232656,102.33203125
08:00:33,91282CKU4,TSRYS5814781,D,S,D,2024-06-25,1000000.00,4.232656,102.33203125
08:00:33,91282CKU4,TSRYS5814781,D,S,D,2024-06-25,1000000.00,4.232656,102.33203125
08:00:33,91282CKU4,TSRYS5814781,D,S,D,2024-06-25,1000000.00,4.232656,102.33203125
08:00:33,91282CKU4,TSRYS5814781,D,S,D,2024-06-25,1000000.00,4.232656,102.33203125
08:00:33,91282CKU4,TSRYS5814781,D,S,D,2024-06-25,1000000.00,4.229419,102.3515625
08:00:33,91282CKU4,TSRYS5814781,D,S,D,2024-06-25,1000000.00,4.225536,102.375
08:00:33,91282CKU4,TSRYS5814781,D,S,D,2024-06-25,1000000.00,4.22683,102.3671875
08:00:33,91282CKU4,TSRYS5814781,D,S,D,2024-06-25,1000000.00,4.225212,102.376953125
08:00:33,91282CKU4,TSRYS5814781,D,S,D,2024-06-25,1000000.00,4.226183,102.37109375
08:00:33,91282CKU4,TSRYS5814781,D,S,D,2024-06-25,1000000.00,4.225859,102.373046875
08:00:33,91282CKU4,TSRYS5814781,D,S,D,2024-06-25,1000000.00,4.217772,102.421875
08:00:33,91282CKU4,TSRYS5814781,D,S,D,2024-06-25,1000000.00,4.217772,102.421875
08:00:33,91282CKU4,TSRYS5814781,D,S,D,2024-06-25,1000000.00,4.217772,102.421875
08:00:33,91282CKU4,TSRYS5814781,D,S,D,2024-06-25,1000000.00,4.232332,102.333984375
08:00:33,91282CKU4,TSRYS5814781,D,S,D,2024-06-25,1000000.00,4.232332,102.333984375
08:00:33,91282CKU4,TSRYS5814781,D,S,D,2024-06-25,1000000.00,4.232332,102.333984375
08:00:33,91282CKU4,TSRYS5814781,D,S,D,2024-06-25,1000000.00,4.234599,102.3203125
08:00:33,91282CKU4,TSRYS5814781,D,S,D,2024-06-25,1000000.00,4.234599,102.3203125
08:00:33,91282CKU4,TSRYS5814781,D,S,D,2024-06-25,1000000.00,4.234599,102.3203125
08:00:33,91282CKU4,TSRYS5814781,D,S,D,2024-06-25,1000000.00,4.242695,102.271484375
08:00:33,91282CKU4,TSRYS5814781,D,S,D,2024-06-25,1000000.00,4.240104,102.287109375
08:00:33,91282CKU4,TSRYS5814781,D,S,D,2024-06-25,1000000.00,4.240104,102.287109375
08:00:33,91282CKU4,TSRYS5814781,D,S,D,2024-06-25,1000000.00,4.240104,102.287109375
08:00:33,91282CKU4,TSRYS5814781,D,S,D,2024-06-25,1000000.00,4.225859,102.373046875
08:00:33,91282CKU4,TSRYS5814781,D,S,D,2024-06-25,1000000.00,4.225859,102.373046875
08:00:33,91282CKU4,TSRYS5814781,D,S,D,2024-06-25,1000000.00,4.225859,102.373046875
08:00:33,91282CKU4,TSRYS5814781,D,S,D,2024-06-25,1000000.00,4.230067,102.34765625
08:00:33,91282CKU4,TSRYS5814781,D,S,D,2024-06-25,1000000.00,4.227477,102.36328125
08:00:33,91282CKU4,TSRYS5814781,D,S,D,2024-06-25,1000000.00,4.227477,102.36328125
08:00:33,91282CKU4,TSRYS5814781,D,S,D,2024-06-25,1000000.00,4.227477,102.36328125
08:00:33,91282CKU4,TSRYS5814781,D,S,D,2024-06-25,1000000.00,4.227477,102.36328125
08:00:33,91282CKU4,TSRYS5814781,D,S,D,2024-06-25,1000000.00,4.227477,102.36328125
08:00:33,91282CKU4,TSRYS5814781,D,S,D,2024-06-25,1000000.00,4.227477,102.36328125
08:00:33,91282CKU4,TSRYS5814781,D,S,D,2024-06-25,1000000.00,4.227477,102.36328125
08:00:33,91282CKU4,TSRYS5814781,D,S,D,2024-06-25,1000000.00,4.227477,102.36328125
08:00:33,91282CKU4,TSRYS5814781,D,S,D,2024-06-25,1000000.00,4.227477,102.36328125
08:00:33,91282CKU4,TSRYS5814781,D,S,D,2024-06-25,2000000.00,4.227477,102.36328125
08:00:33,91282CKU4,TSRYS5814781,D,S,D,2024-06-25,1000000.00,4.227477,102.36328125
08:00:33,91282CKU4,TSRYS5814781,D,S,D,2024-06-25,1000000.00,4.227477,102.36328125
08:00:33,91282CKU4,TSRYS5814781,D,S,D,2024-06-25,1000000.00,4.227477,102.36328125
08:00:33,91282CKU4,TSRYS5814781,D,S,D,2024-06-25,1000000.00,4.227477,102.36328125
08:00:33,91282CKU4,TSRYS5814781,D,S,D,2024-06-25,2000000.00,4.227477,102.36328125
08:00:33,91282CKU4,TSRYS5814781,D,S,D,2024-06-25,1000000.00,4.225859,102.373046875
08:00:33,91282CKU4,TSRYS5814781,D,S,D,2024-06-25,1000000.00,4.225536,102.375
08:00:33,91282CKU4,TSRYS5814781,D,S,D,2024-06-25,2000000.00,4.225212,102.376953125
08:00:33,91282CKU4,TSRYS5814781,D,S,D,2024-06-25,1000000.00,4.225212,102.376953125
08:00:33,91282CKU4,TSRYS5814781,D,S,D,2024-06-25,1000000.00,4.225212,102.376953125
08:00:33,91282CKU4,TSRYS5814781,D,S,D,2024-06-25,1000000.00,4.225212,102.376953125
08:00:33,91282CKU4,TSRYS5814781,D,S,D,2024-06-25,1000000.00,4.225212,102.376953125
08:00:33,91282CKU4,TSRYS5814781,D,S,D,2024-06-25,2000000.00,4.225212,102.376953125
08:00:33,91282CKU4,TSRYS5814781,D,S,D,2024-06-25,1000000.00,4.220036,102.408203125
08:00:33,91282CKU4,TSRYS5814781,D,S,D,2024-06-25,1000000.00,4.220036,102.408203125
08:00:33,91282CKU4,TSRYS5814781,D,S,D,2024-06-25,1000000.00,4.220036,102.408203125
08:00:33,91282CKU4,TSRYS5814781,D,S,D,2024-06-25,1000000.00,4.220036,102.408203125
08:00:33,91282CKU4,TSRYS5814781,D,S,D,2024-06-25,1000000.00,4.220036,102.408203125
08:00:33,91282CKU4,TSRYS5814781,D,S,D,2024-06-25,1000000.00,4.220036,102.408203125
08:00:33,91282CKU4,TSRYS5814781,D,S,D,2024-06-25,1000000.00,4.216155,102.431640625
08:00:33,91282CKU4,TSRYS5814781,D,S,D,2024-06-25,1000000.00,4.216155,102.431640625
08:00:33,91282CKU4,TSRYS5814781,D,S,D,2024-06-25,1000000.00,4.216155,102.431640625
08:00:33,91282CKU4,TSRYS5814781,D,S,D,2024-06-25,2000000.00,4.217772,102.421875
08:00:33,91282CKU4,TSRYS5814781,D,S,D,2024-06-25,1000000.00,4.218419,102.41796875
08:00:33,91282CKU4,TSRYS5814781,D,S,D,2024-06-25,2000000.00,4.217772,102.421875
08:00:33,91282CKU4,TSRYS5814781,D,S,D,2024-06-25,1000000.00,4.217772,102.421875
08:00:33,91282CKU4,TSRYS5814781,D,S,D,2024-06-25,1000000.00,4.217772,102.421875
08:00:33,91282CKU4,TSRYS5814781,D,S,D,2024-06-25,1000000.00,4.217772,102.421875
08:00:33,91282CKU4,TSRYS5814781,D,S,D,2024-06-25,1000000.00,4.217772,102.421875
08:00:33,91282CKU4,TSRYS5814781,D,S,D,2024-06-25,1000000.00,4.217772,102.421875
08:00:33,91282CKU4,TSRYS5814781,D,S,D,2024-06-25,1000000.00,4.217772,102.421875
08:00:33,91282CKU4,TSRYS5814781,D,S,D,2024-06-25,1000000.00,4.217772,102.421875
08:00:33,91282CKU4,TSRYS5814781,D,S,D,2024-06-25,1000000.00,4.217772,102.421875
08:00:33,91282CKU4,TSRYS5814781,D,S,D,2024-06-25,2000000.00,4.217772,102.421875
08:00:33,91282CKU4,TSRYS5814781,D,S,D,2024-06-25,1000000.00,4.217772,102.421875
08:00:33,91282CKU4,TSRYS5814781,D,S,D,2024-06-25,1000000.00,4.217772,102.421875
08:00:33,91282CKU4,TSRYS5814781,D,S,D,2024-06-25,2000000.00,4.217772,102.421875
08:00:33,91282CKU4,TSRYS5814781,D,S,D,2024-06-25,1000000.00,4.217772,102.421875
08:00:33,91282CKU4,TSRYS5814781,D,S,T,2024-06-25,1000000.00,4.23557,102.314453125
08:00:33,91282CKU4,TSRYS5814781,D,S,T,2024-06-25,1000000.00,4.23557,102.314453125
08:00:33,91282CKU4,TSRYS5814781,D,S,T,2024-06-25,1000000.00,4.235246,102.31640625
08:00:33,91282CKU4,TSRYS5814781,D,S,T,2024-06-25,1000000.00,4.235894,102.3125
08:00:33,91282CKU4,TSRYS5814781,D,S,T,2024-06-25,1000000.00,4.235894,102.3125
08:00:33,91282CKU4,TSRYS5814781,D,S,T,2024-06-25,1000000.00,4.235894,102.3125
08:00:33,91282CKU4,TSRYS5814781,D,S,T,2024-06-25,1000000.00,4.23039,102.345703125
08:00:33,91282CKU4,TSRYS5814781,D,S,T,2024-06-25,1000000.00,4.23039,102.345703125
08:00:33,91282CKU4,TSRYS5814781,D,S,T,2024-06-25,1000000.00,4.232656,102.33203125
08:00:33,91282CKU4,TSRYS5814781,D,S,T,2024-06-25,1000000.00,4.234922,102.318359375
08:00:33,91282CKU4,TSRYS5814781,D,S,T,2024-06-25,1000000.00,4.234922,102.318359375
08:00:33,91282CKU4,TSRYS5814781,D,S,T,2024-06-25,1000000.00,4.234599,102.3203125
08:00:33,91282CKU4,TSRYS5814781,D,S,T,2024-06-25,1000000.00,4.234599,102.3203125
08:00:33,91282CKU4,TSRYS5814781,D,S,T,2024-06-25,1000000.00,4.233951,102.32421875
08:00:33,91282CKU4,TSRYS5814781,D,S,T,2024-06-25,1000000.00,4.233627,102.326171875
08:00:33,91282CKU4,TSRYS5814781,D,S,T,2024-06-25,1000000.00,4.233951,102.32421875
08:00:33,91282CKU4,TSRYS5814781,D,S,T,2024-06-25,1000000.00,4.233627,102.326171875
08:00:33,91282CKU4,TSRYS5814781,D,S,T,2024-06-25,1000000.00,4.233304,102.328125
08:00:33,91282CKU4,TSRYS5814781,D,S,T,2024-06-25,10000000.00,4.232009,102.3359375
08:00:33,91282CKU4,TSRYS5814781,D,S,T,2024-06-25,5000000.00,4.232009,102.3359375
08:00:33,91282CKU4,TSRYS5814781,D,S,T,2024-06-25,1000000.00,4.23039,102.345703125
08:00:33,91282CKU4,TSRYS5814781,D,S,T,2024-06-25,1000000.00,4.23978,102.2890625
08:00:33,91282CKU4,TSRYS5814781,D,S,T,2024-06-25,1000000.00,4.242047,102.275390625
08:00:33,91282CKU4,TSRYS5814781,D,S,T,2024-06-25,1000000.00,4.243991,102.263671875
08:00:33,91282CKU4,TSRYS5814781,D,S,T,2024-06-25,1000000.00,4.243991,102.263671875
08:00:33,91282CKU4,TSRYS5814781,D,S,T,2024-06-25,1000000.00,4.243019,102.26953125
08:00:33,91282CKU4,TSRYS5814781,D,S,T,2024-06-25,1000000.00,4.245287,102.255859375
08:00:33,91282CKU4,TSRYS5814781,D,S,T,2024-06-25,1000000.00,4.247556,102.2421875
08:00:33,91282CKU4,TSRYS5814781,D,S,T,2024-06-25,1000000.00,4.248204,102.23828125
08:00:33,91282CKU4,TSRYS5814781,D,S,T,2024-06-25,1000000.00,4.248204,102.23828125
08:00:33,91282CKU4,TSRYS5814781,D,S,T,2024-06-25,1000000.00,4.248204,102.23828125
08:00:33,91282CKU4,TSRYS5814781,D,S,T,2024-06-25,1000000.00,4.248852,102.234375
08:00:33,91282CKU4,TSRYS5814781,D,S,T,2024-06-25,1000000.00,4.248852,102.234375
08:00:33,91282CKU4,TSRYS5814781,D,S,T,2024-06-25,1000000.00,4.249176,102.232421875
08:00:33,91282CKU4,TSRYS5814781,D,S,T,2024-06-25,1000000.00,4.23978,102.2890625
08:00:33,91282CKU4,TSRYS5814781,D,S,T,2024-06-25,1000000.00,4.23978,102.2890625
08:00:33,91282CKU4,TSRYS5814781,D,S,T,2024-06-25,1000000.00,4.23978,102.2890625
08:00:33,91282CKU4,TSRYS5814781,D,S,T,2024-06-25,1000000.00,4.23978,102.2890625
08:00:33,91282CKU4,TSRYS5814781,D,S,T,2024-06-25,1000000.00,4.242047,102.275390625
08:00:33,91282CKU4,TSRYS5814781,D,S,T,2024-06-25,1000000.00,4.242047,102.275390625
08:00:33,91282CKU4,TSRYS5814781,D,S,T,2024-06-25,1000000.00,4.242047,102.275390625
08:00:33,91282CKU4,TSRYS5814781,D,S,T,2024-06-25,1000000.00,4.242047,102.275390625
08:00:33,91282CKU4,TSRYS5814781,D,S,T,2024-06-25,1000000.00,4.237837,102.30078125
08:00:33,91282CKU4,TSRYS5814781,D,S,T,2024-06-25,1000000.00,4.237837,102.30078125
08:00:33,91282CKU4,TSRYS5814781,D,S,T,2024-06-25,1000000.00,4.237513,102.302734375
08:00:33,91282CKU4,TSRYS5814781,D,S,T,2024-06-25,1000000.00,4.237837,102.30078125
08:00:33,91282CKU4,TSRYS5814781,D,S,T,2024-06-25,1000000.00,4.237837,102.30078125
08:00:33,91282CKU4,TSRYS5814781,D,S,T,2024-06-25,1000000.00,4.232656,102.33203125
08:00:33,91282CKU4,TSRYS5814781,D,S,T,2024-06-25,2000000.00,4.23298,102.330078125
08:00:33,91282CKU4,TSRYS5814781,D,S,D,2024-06-25,1000000.00,4.23298,102.330078125
08:00:33,91282CKU4,TSRYS5814781,D,S,T,2024-06-25,1000000.00,4.233304,102.328125
08:00:33,91282CKU4,TSRYS5814781,D,S,D,2024-06-25,1000000.00,4.233304,102.328125
08:00:33,91282CKU4,TSRYS5814781,D,S,D,2024-06-25,1000000.00,4.23298,102.330078125
08:00:33,91282CKU4,TSRYS5814781,D,S,T,2024-06-25,1000000.00,4.23298,102.330078125
08:00:33,91282CKU4,TSRYS5814781,D,S,T,2024-06-25,1000000.00,4.23298,102.330078125
08:00:33,91282CKU4,TSRYS5814781,D,S,T,2024-06-25,2000000.00,4.23298,102.330078125
08:00:33,91282CKU4,TSRYS5814781,D,S,D,2024-06-25,1000000.00,4.23298,102.330078125
08:00:33,91282CKU4,TSRYS5814781,D,S,T,2024-06-25,1000000.00,4.232009,102.3359375
08:00:33,91282CKU4,TSRYS5814781,D,S,T,2024-06-25,1000000.00,4.229419,102.3515625
08:00:33,91282CKU4,TSRYS5814781,D,S,T,2024-06-25,1000000.00,4.229419,102.3515625
08:00:33,91282CKU4,TSRYS5814781,D,S,D,2024-06-25,1000000.00,4.229419,102.3515625
08:00:33,91282CKU4,TSRYS5814781,D,S,T,2024-06-25,1000000.00,4.230067,102.34765625
08:00:33,91282CKU4,TSRYS5814781,D,S,T,2024-06-25,1000000.00,4.228125,102.359375
08:00:33,91282CKU4,TSRYS5814781,D,S,T,2024-06-25,1000000.00,4.228125,102.359375
08:00:33,91282CKU4,TSRYS5814781,D,S,T,2024-06-25,1000000.00,4.228125,102.359375
08:00:33,91282CKU4,TSRYS5814781,D,S,T,2024-06-25,1000000.00,4.228125,102.359375
08:00:33,91282CKU4,TSRYS5814781,D,S,T,2024-06-25,1000000.00,4.225536,102.375
08:00:33,91282CKU4,TSRYS5814781,D,S,T,2024-06-25,1000000.00,4.225536,102.375
08:00:33,91282CKU4,TSRYS5814781,D,S,T,2024-06-25,1000000.00,4.225536,102.375
08:00:33,91282CKU4,TSRYS5814781,D,S,T,2024-06-25,1000000.00,4.225536,102.375
08:00:33,91282CKU4,TSRYS5814781,D,S,T,2024-06-25,1000000.00,4.224242,102.3828125
08:00:33,91282CKU4,TSRYS5814781,D,S,T,2024-06-25,1000000.00,4.227477,102.36328125
08:00:33,91282CKU4,TSRYS5814781,D,S,T,2024-06-25,1000000.00,4.227477,102.36328125
08:00:33,91282CKU4,TSRYS5814781,D,S,T,2024-06-25,1000000.00,4.226507,102.369140625
08:00:33,91282CKU4,TSRYS5814781,D,S,T,2024-06-25,1000000.00,4.225536,102.375
08:00:33,91282CKU4,TSRYS5814781,D,S,T,2024-06-25,1000000.00,4.225212,102.376953125
08:00:33,91282CKU4,TSRYS5814781,D,S,T,2024-06-25,1000000.00,4.225212,102.376953125
08:00:33,91282CKU4,TSRYS5814781,D,S,T,2024-06-25,1000000.00,4.220036,102.408203125
08:00:33,91282CKU4,TSRYS5814781,D,S,T,2024-06-25,1000000.00,4.220036,102.408203125
08:00:33,91282CKU4,TSRYS5814781,D,S,D,2024-06-25,1000000.00,4.216155,102.431640625
08:00:33,91282CKU4,TSRYS5814781,D,S,T,2024-06-25,1000000.00,4.215832,102.43359375
08:00:33,91282CKU4,TSRYS5814781,D,S,D,2024-06-25,1000000.00,4.218419,102.41796875
08:00:33,91282CKU4,TSRYS5814781,D,S,T,2024-06-25,1000000.00,4.218419,102.41796875
08:00:33,91282CKU4,TSRYS5814781,D,S,T,2024-06-25,1000000.00,4.217772,102.421875
08:00:33,91282CKU4,TSRYS5814781,D,S,T,2024-06-25,1000000.00,4.217772,102.421875
08:00:33,91282CKU4,TSRYS5814781,D,S,T,2024-06-25,1000000.00,4.217772,102.421875
08:00:33,91282CKU4,TSRYS5814781,D,S,T,2024-06-25,1000000.00,4.217772,102.421875
08:00:33,91282CKU4,TSRYS5814781,D,S,T,2024-06-25,1000000.00,4.217772,102.421875
08:00:33,91282CKU4,TSRYS5814781,D,S,T,2024-06-25,1000000.00,4.217772,102.421875
08:00:37,91282CKU4,TSRYS5814781,D,S,D,2024-06-25,1000000.00,4.248852,102.234375
08:00:37,91282CKU4,TSRYS5814781,D,S,D,2024-06-25,1000000.00,4.249176,102.232421875
08:00:37,91282CKU4,TSRYS5814781,D,S,D,2024-06-25,1000000.00,4.249176,102.232421875
08:00:37,91282CKU4,TSRYS5814781,D,S,D,2024-06-25,1000000.00,4.249176,102.232421875
08:00:37,91282CKU4,TSRYS5814781,D,S,D,2024-06-25,1000000.00,4.23978,102.2890625
08:00:37,91282CKU4,TSRYS5814781,D,S,D,2024-06-25,1000000.00,4.23978,102.2890625
08:00:37,91282CKU4,TSRYS5814781,D,S,D,2024-06-25,1000000.00,4.23978,102.2890625
08:00:37,91282CKU4,TSRYS5814781,D,S,D,2024-06-25,1000000.00,4.23978,102.2890625
08:00:38,91282CKU4,TSRYS5814781,D,S,D,2024-06-25,1000000.00,4.237513,102.302734375
08:00:38,91282CKU4,TSRYS5814781,D,S,D,2024-06-25,1000000.00,4.237837,102.30078125
08:00:38,91282CKU4,TSRYS5814781,D,S,D,2024-06-25,1000000.00,4.233304,102.328125
08:00:38,91282CKU4,TSRYS5814781,D,S,D,2024-06-25,1000000.00,4.232656,102.33203125
08:00:38,91282CKU4,TSRYS5814781,D,S,D,2024-06-25,1000000.00,4.232656,102.33203125
08:00:38,91282CKU4,TSRYS5814781,D,S,D,2024-06-25,1000000.00,4.232656,102.33203125
08:00:38,91282CKU4,TSRYS5814781,D,S,D,2024-06-25,1000000.00,4.232656,102.33203125
08:00:38,91282CKU4,TSRYS5814781,D,S,D,2024-06-25,1000000.00,4.232656,102.33203125
08:00:38,91282CKU4,TSRYS5814781,D,S,D,2024-06-25,1000000.00,4.232656,102.33203125
08:00:40,91282CKU4,TSRYS5814781,D,S,D,2024-06-25,1000000.00,4.22683,102.3671875
08:00:41,91282CKU4,TSRYS5814781,D,S,D,2024-06-25,1000000.00,4.225536,102.375
08:00:42,91282CKU4,TSRYS5814781,D,S,D,2024-06-25,1000000.00,4.224565,102.380859375
08:00:42,91282CKU4,TSRYS5814781,D,B,C,2024-06-25,1700000.00,4.232656,102.33203125
08:00:42,91282CKU4,TSRYS5814781,D,S,T,2024-06-25,1000000.00,4.235894,102.3125
08:00:43,91282CKU4,TSRYS5814781,D,B,A,2024-06-25,1000000.00,4.231214,102.33984375
08:00:43,91282CKU4,TSRYS5814781,D,S,T,2024-06-25,1000000.00,4.234599,102.3203125
08:00:43,91282CKU4,TSRYS5814781,D,S,T,2024-06-25,1000000.00,4.234599,102.3203125
08:00:43,91282CKU4,TSRYS5814781,D,S,T,2024-06-25,1000000.00,4.234599,102.3203125
08:00:43,91282CKU4,TSRYS5814781,D,S,T,2024-06-25,1000000.00,4.233304,102.328125
08:00:43,91282CKU4,TSRYS5814781,D,S,T,2024-06-25,5000000.00,4.232009,102.3359375
08:00:43,91282CKU4,TSRYS5814781,D,S,T,2024-06-25,5000000.00,4.232009,102.3359375
08:00:43,91282CKU4,TSRYS5814781,D,S,T,2024-06-25,5000000.00,4.232009,102.3359375
08:00:43,91282CKU4,TSRYS5814781,D,S,T,2024-06-25,5000000.00,4.232009,102.3359375
08:00:43,91282CKU4,TSRYS5814781,D,S,T,2024-06-25,5000000.00,4.232009,102.3359375
08:00:43,91282CKU4,TSRYS5814781,D,S,T,2024-06-25,3000000.00,4.230714,102.34375
08:00:43,91282CKU4,TSRYS5814781,D,S,T,2024-06-25,1000000.00,4.230714,102.34375
08:00:43,91282CKU4,TSRYS5814781,D,S,T,2024-06-25,1000000.00,4.233304,102.328125
08:00:43,91282CKU4,TSRYS5814781,D,S,D,2024-06-25,1000000.00,4.242371,102.2734375
08:00:43,91282CKU4,TSRYS5814781,D,S,D,2024-06-25,1000000.00,4.242371,102.2734375
08:00:43,91282CKU4,TSRYS5814781,D,S,T,2024-06-25,1000000.00,4.244963,102.2578125
08:00:43,91282CKU4,TSRYS5814781,D,S,T,2024-06-25,1000000.00,4.244963,102.2578125
08:00:43,91282CKU4,TSRYS5814781,D,S,T,2024-06-25,1000000.00,4.244963,102.2578125
08:00:43,91282CKU4,TSRYS5814781,D,S,T,2024-06-25,1000000.00,4.244963,102.2578125
08:00:43,91282CKU4,TSRYS5814781,D,S,T,2024-06-25,1000000.00,4.244963,102.2578125
08:00:43,91282CKU4,TSRYS5814781,D,S,T,2024-06-25,1000000.00,4.244963,102.2578125
08:00:43,91282CKU4,TSRYS5814781,D,S,T,2024-06-25,1000000.00,4.244963,102.2578125
08:00:43,91282CKU4,TSRYS5814781,D,S,T,2024-06-25,1000000.00,4.244963,102.2578125
08:00:43,91282CKU4,TSRYS5814781,D,S,T,2024-06-25,1000000.00,4.245287,102.255859375
08:00:43,91282CKU4,TSRYS5814781,D,S,T,2024-06-25,1000000.00,4.244963,102.2578125
08:00:43,91282CKU4,TSRYS5814781,D,S,T,2024-06-25,1000000.00,4.244963,102.2578125
08:00:43,91282CKU4,TSRYS5814781,D,S,T,2024-06-25,1000000.00,4.244963,102.2578125
08:00:43,91282CKU4,TSRYS5814781,D,S,T,2024-06-25,11000000.00,4.245287,102.255859375
08:00:43,91282CKU4,TSRYS5814781,D,S,T,2024-06-25,2000000.00,4.244963,102.2578125
08:00:43,91282CKU4,TSRYS5814781,D,S,T,2024-06-25,1000000.00,4.245287,102.255859375
08:00:43,91282CKU4,TSRYS5814781,D,S,T,2024-06-25,6000000.00,4.244639,102.259765625
08:00:43,91282CKU4,TSRYS5814781,D,S,T,2024-06-25,1000000.00,4.245287,102.255859375
08:00:43,91282CKU4,TSRYS5814781,D,S,T,2024-06-25,3000000.00,4.244963,102.2578125
08:00:43,91282CKU4,TSRYS5814781,D,S,T,2024-06-25,1000000.00,4.244963,102.2578125
08:00:43,91282CKU4,TSRYS5814781,D,S,T,2024-06-25,4000000.00,4.245287,102.255859375
08:00:43,91282CKU4,TSRYS5814781,D,S,T,2024-06-25,2000000.00,4.245287,102.255859375
08:00:43,91282CKU4,TSRYS5814781,D,S,T,2024-06-25,1000000.00,4.248852,102.234375
08:00:43,91282CKU4,TSRYS5814781,D,S,T,2024-06-25,2000000.00,4.247556,102.2421875
08:00:43,91282CKU4,TSRYS5814781,D,S,T,2024-06-25,2000000.00,4.248852,102.234375
08:00:43,91282CKU4,TSRYS5814781,D,S,T,2024-06-25,1000000.00,4.248852,102.234375
08:00:43,91282CKU4,TSRYS5814781,D,S,T,2024-06-25,1000000.00,4.248852,102.234375
08:00:43,91282CKU4,TSRYS5814781,D,S,T,2024-06-25,1000000.00,4.248852,102.234375
08:00:43,91282CKU4,TSRYS5814781,D,S,T,2024-06-25,1000000.00,4.247556,102.2421875
08:00:43,91282CKU4,TSRYS5814781,D,S,T,2024-06-25,2000000.00,4.24788,102.240234375
08:00:43,91282CKU4,TSRYS5814781,D,S,T,2024-06-25,2000000.00,4.248204,102.23828125
08:00:43,91282CKU4,TSRYS5814781,D,S,T,2024-06-25,1000000.00,4.248204,102.23828125
08:00:43,91282CKU4,TSRYS5814781,D,S,T,2024-06-25,1000000.00,4.247231,102.244140625
08:00:43,91282CKU4,TSRYS5814781,D,S,T,2024-06-25,4000000.00,4.247556,102.2421875
08:00:43,91282CKU4,TSRYS5814781,D,S,T,2024-06-25,2000000.00,4.247556,102.2421875
08:00:43,91282CKU4,TSRYS5814781,D,S,T,2024-06-25,1000000.00,4.247556,102.2421875
08:00:43,91282CKU4,TSRYS5814781,D,S,T,2024-06-25,1000000.00,4.248852,102.234375
08:00:43,91282CKU4,TSRYS5814781,D,S,T,2024-06-25,2000000.00,4.247556,102.2421875
08:00:43,91282CKU4,TSRYS5814781,D,S,T,2024-06-25,1000000.00,4.248852,102.234375
08:00:43,91282CKU4,TSRYS5814781,D,S,T,2024-06-25,2000000.00,4.247556,102.2421875
08:00:43,91282CKU4,TSRYS5814781,D,S,T,2024-06-25,1000000.00,4.248852,102.234375
08:00:43,91282CKU4,TSRYS5814781,D,S,T,2024-06-25,1000000.00,4.246907,102.24609375
08:00:43,91282CKU4,TSRYS5814781,D,S,T,2024-06-25,1000000.00,4.248852,102.234375
08:00:43,91282CKU4,TSRYS5814781,D,S,T,2024-06-25,1000000.00,4.247556,102.2421875
08:00:43,91282CKU4,TSRYS5814781,D,S,T,2024-06-25,3000000.00,4.248852,102.234375
08:00:43,91282CKU4,TSRYS5814781,D,S,T,2024-06-25,1000000.00,4.248852,102.234375
08:00:43,91282CKU4,TSRYS5814781,D,S,T,2024-06-25,1000000.00,4.248852,102.234375
08:00:43,91282CKU4,TSRYS5814781,D,S,T,2024-06-25,1000000.00,4.247556,102.2421875
08:00:43,91282CKU4,TSRYS5814781,D,S,T,2024-06-25,1000000.00,4.247556,102.2421875
08:00:43,91282CKU4,TSRYS5814781,D,S,T,2024-06-25,1000000.00,4.247556,102.2421875
08:00:43,91282CKU4,TSRYS5814781,D,S,T,2024-06-25,1000000.00,4.247556,102.2421875
08:00:43,91282CKU4,TSRYS5814781,D,S,D,2024-06-25,1000000.00,4.228125,102.359375
08:00:43,91282CKU4,TSRYS5814781,D,S,T,2024-06-25,2000000.00,4.235894,102.3125
08:00:43,91282CKU4,TSRYS5814781,D,S,T,2024-06-25,2000000.00,4.233304,102.328125
08:00:43,91282CKU4,TSRYS5814781,D,S,T,2024-06-25,2000000.00,4.233304,102.328125
08:00:43,91282CKU4,TSRYS5814781,D,S,T,2024-06-25,3000000.00,4.233304,102.328125
08:00:43,91282CKU4,TSRYS5814781,D,S,T,2024-06-25,1000000.00,4.233304,102.328125
08:00:43,91282CKU4,TSRYS5814781,D,S,T,2024-06-25,1000000.00,4.233304,102.328125
08:00:43,91282CKU4,TSRYS5814781,D,S,T,2024-06-25,1000000.00,4.233304,102.328125
08:00:43,91282CKU4,TSRYS5814781,D,S,T,2024-06-25,5000000.00,4.233304,102.328125
08:00:43,91282CKU4,TSRYS5814781,D,S,T,2024-06-25,1000000.00,4.233304,102.328125
08:00:43,91282CKU4,TSRYS5814781,D,S,T,2024-06-25,1000000.00,4.233304,102.328125
08:00:43,91282CKU4,TSRYS5814781,D,S,T,2024-06-25,1000000.00,4.233304,102.328125
08:00:43,91282CKU4,TSRYS5814781,D,S,T,2024-06-25,1000000.00,4.233304,102.328125
08:00:43,91282CKU4,TSRYS5814781,D,S,T,2024-06-25,2000000.00,4.233304,102.328125
08:00:44,91282CKU4,TSRYS5814781,D,S,T,2024-06-25,2000000.00,4.216479,102.4296875
08:00:44,91282CKU4,TSRYS5814781,D,S,D,2024-06-25,1000000.00,4.228125,102.359375
08:00:44,91282CKU4,TSRYS5814781,D,S,D,2024-06-25,1000000.00,4.229419,102.3515625
08:00:44,91282CKU4,TSRYS5814781,D,S,D,2024-06-25,1000000.00,4.225536,102.375
08:00:44,91282CKU4,TSRYS5814781,D,S,D,2024-06-25,1000000.00,4.225212,102.376953125
08:00:44,91282CKU4,TSRYS5814781,D,S,D,2024-06-25,1000000.00,4.226183,102.37109375
08:00:44,91282CKU4,TSRYS5814781,D,S,D,2024-06-25,1000000.00,4.225859,102.373046875
08:00:44,91282CKU4,TSRYS5814781,D,S,D,2024-06-25,1000000.00,4.225536,102.375
08:00:44,91282CKU4,TSRYS5814781,D,S,D,2024-06-25,1000000.00,4.220683,102.404296875
08:00:45,91282CKU4,TSRYS5814781,D,S,T,2024-06-25,1000000.00,4.229419,102.3515625
08:00:46,91282CKU4,TSRYS5814781,D,S,D,2024-06-25,1000000.00,4.215509,102.435546875
08:00:46,91282CKU4,TSRYS5814781,D,S,D,2024-06-25,1000000.00,4.215185,102.4375
08:00:46,91282CKU4,TSRYS5814781,D,S,D,2024-06-25,1000000.00,4.213245,102.44921875
08:00:47,91282CKU4,TSRYS5814781,D,S,T,2024-06-25,1000000.00,4.229419,102.3515625
08:00:47,91282CKU4,TSRYS5814781,D,S,D,2024-06-25,1000000.00,4.215509,102.435546875
08:00:47,91282CKU4,TSRYS5814781,D,S,D,2024-06-25,1000000.00,4.214215,102.443359375
08:00:48,91282CKU4,TSRYS5814781,D,S,D,2024-06-25,2000000.00,4.219066,102.4140625
08:00:49,91282CKU4,TSRYS5814781,D,S,D,2024-06-25,1000000.00,4.23978,102.2890625
08:00:49,91282CKU4,TSRYS5814781,D,S,T,2024-06-25,1000000.00,4.215832,102.43359375
08:00:50,91282CKU4,TSRYS5814781,D,S,D,2024-06-25,1000000.00,4.215509,102.435546875
08:00:50,91282CKU4,TSRYS5814781,D,S,D,2024-06-25,1000000.00,4.213569,102.447265625
08:00:50,91282CKU4,TSRYS5814781,D,S,D,2024-06-25,1000000.00,4.215509,102.435546875
08:00:50,91282CKU4,TSRYS5814781,D,S,D,2024-06-25,1000000.00,4.217772,102.421875
08:00:50,91282CKU4,TSRYS5814781,D,S,D,2024-06-25,1000000.00,4.217772,102.421875
08:00:50,91282CKU4,TSRYS5814781,D,S,D,2024-06-25,1000000.00,4.217772,102.421875
08:00:50,91282CKU4,TSRYS5814781,D,S,D,2024-06-25,1000000.00,4.217772,102.421875
08:00:50,91282CKU4,TSRYS5814781,D,S,D,2024-06-25,2000000.00,4.217772,102.421875
08:00:50,91282CKU4,TSRYS5814781,D,S,D,2024-06-25,2000000.00,4.217772,102.421875
08:00:50,91282CKU4,TSRYS5814781,D,S,D,2024-06-25,1000000.00,4.217772,102.421875
08:00:50,91282CKU4,TSRYS5814781,D,S,D,2024-06-25,2000000.00,4.217772,102.421875
08:00:51,91282CKU4,TSRYS5814781,D,S,T,2024-06-25,3000000.00,4.228448,102.357421875
08:00:51,91282CKU4,TSRYS5814781,D,S,T,2024-06-25,6000000.00,4.229096,102.353515625
08:00:54,91282CKU4,TSRYS5814781,D,S,D,2024-06-25,1000000.00,4.23978,102.2890625
08:00:54,91282CKU4,TSRYS5814781,D,S,D,2024-06-25,2000000.00,4.222624,102.392578125
08:00:54,91282CKU4,TSRYS5814781,D,S,T,2024-06-25,1000000.00,4.222624,102.392578125
08:00:54,91282CKU4,TSRYS5814781,D,S,T,2024-06-25,1000000.00,4.217772,102.421875
08:00:54,91282CKU4,TSRYS5814781,D,S,T,2024-06-25,1000000.00,4.217772,102.421875
08:00:54,91282CKU4,TSRYS5814781,D,S,D,2024-06-25,1000000.00,4.215185,102.4375
08:00:54,91282CKU4,TSRYS5814781,D,S,D,2024-06-25,1000000.00,4.213245,102.44921875
08:00:54,91282CKU4,TSRYS5814781,D,S,D,2024-06-25,1000000.00,4.217772,102.421875
08:00:54,91282CKU4,TSRYS5814781,D,S,D,2024-06-25,2000000.00,4.217772,102.421875
08:00:54,91282CKU4,TSRYS5814781,D,S,D,2024-06-25,2000000.00,4.217772,102.421875
08:00:54,91282CKU4,TSRYS5814781,D,S,D,2024-06-25,1000000.00,4.217772,102.421875
08:00:54,91282CKU4,TSRYS5814781,D,S,D,2024-06-25,2000000.00,4.217772,102.421875
08:00:54,91282CKU4,TSRYS5814781,D,S,D,2024-06-25,2000000.00,4.217772,102.421875
08:00:54,91282CKU4,TSRYS5814781,D,S,D,2024-06-25,1000000.00,4.217772,102.421875
08:00:54,91282CKU4,TSRYS5814781,D,S,D,2024-06-25,1000000.00,4.217772,102.421875
08:00:54,91282CKU4,TSRYS5814781,D,S,D,2024-06-25,2000000.00,4.217772,102.421875
08:00:54,91282CKU4,TSRYS5814781,D,S,T,2024-06-25,1000000.00,4.217772,102.421875
08:00:56,91282CKU4,TSRYS5814781,D,S,T,2024-06-25,1000000.00,4.228125,102.359375
08:00:56,91282CKU4,TSRYS5814781,D,S,T,2024-06-25,4000000.00,4.228772,102.35546875
08:00:58,91282CKU4,TSRYS5814781,D,S,D,2024-06-25,25000.00,4.234745,102.3203125
08:01:01,91282CKU4,TSRYS5814781,D,S,A,2024-06-25,559000.00,4.225536,102.375
08:01:04,91282CKU4,TSRYS5814781,D,B,C,2024-06-25,1000000.00,4.235894,102.3125
08:01:04,91282CKU4,TSRYS5814781,D,S,D,2024-06-25,1000000.00,4.235894,102.3125
08:01:04,91282CKU4,TSRYS5814781,D,S,D,2024-06-25,1000000.00,4.23557,102.314453125
08:01:04,91282CKU4,TSRYS5814781,D,B,C,2024-06-25,1000000.00,4.23557,102.314453125
08:01:04,91282CKU4,TSRYS5814781,D,S,D,2024-06-25,1000000.00,4.23557,102.314453125
08:01:04,91282CKU4,TSRYS5814781,D,S,D,2024-06-25,2000000.00,4.23557,102.314453125
08:01:04,91282CKU4,TSRYS5814781,D,B,C,2024-06-25,1000000.00,4.23557,102.314453125
08:01:04,91282CKU4,TSRYS5814781,D,B,C,2024-06-25,2000000.00,4.23557,102.314453125
08:01:04,91282CKU4,TSRYS5814781,D,S,A,2024-06-25,86000.00,4.225536,102.375
08:01:04,91282CKU4,TSRYS5814781,D,S,D,2024-06-25,1000000.00,4.229419,102.3515625
08:01:05,91282CKU4,TSRYS5814781,D,S,T,2024-06-25,1000000.00,4.236865,102.306640625
08:01:05,91282CKU4,TSRYS5814781,D,S,T,2024-06-25,1000000.00,4.237189,102.3046875
08:01:05,91282CKU4,TSRYS5814781,D,S,T,2024-06-25,1000000.00,4.237189,102.3046875
08:01:05,91282CKU4,TSRYS5814781,D,S,T,2024-06-25,1000000.00,4.237189,102.3046875
08:01:05,91282CKU4,TSRYS5814781,D,S,T,2024-06-25,1000000.00,4.237189,102.3046875
08:01:05,91282CKU4,TSRYS5814781,D,S,T,2024-06-25,1000000.00,4.237189,102.3046875
08:01:05,91282CKU4,TSRYS5814781,D,S,T,2024-06-25,1000000.00,4.237189,102.3046875
08:01:05,91282CKU4,TSRYS5814781,D,S,T,2024-06-25,2000000.00,4.237189,102.3046875
08:01:05,91282CKU4,TSRYS5814781,D,S,T,2024-06-25,2000000.00,4.237189,102.3046875
08:01:05,91282CKU4,TSRYS5814781,D,S,T,2024-06-25,1000000.00,4.237189,102.3046875
08:01:05,91282CKU4,TSRYS5814781,D,S,T,2024-06-25,1000000.00,4.237206,102.3045855
08:01:05,91282CKU4,TSRYS5814781,D,S,T,2024-06-25,1000000.00,4.237206,102.3045855
08:01:05,91282CKU4,TSRYS5814781,D,S,T,2024-06-25,1000000.00,4.237206,102.3045855
08:01:05,91282CKU4,TSRYS5814781,D,B,A,2024-06-25,15000000.00,4.237189,102.3046875
08:01:06,91282CKU4,TSRYS5814781,D,S,A,2024-06-25,2000000.00,4.234599,102.3203125
08:01:06,91282CKU4,TSRYS5814781,D,S,T,2024-06-25,1000000.00,4.215185,102.4375
08:01:06,91282CKU4,TSRYS5814781,D,S,T,2024-06-25,2000000.00,4.215185,102.4375
08:01:07,91282CKU4,TSRYS5814781,D,S,T,2024-06-25,2000000.00,4.229441,102.3514325
08:01:09,91282CKU4,TSRYS5814781,D,S,C,2024-06-25,1000000.00,4.234922,102.318359375
08:01:09,91282CKU4,TSRYS5814781,D,S,C,2024-06-25,1000000.00,4.234922,102.318359375
08:01:09,91282CKU4,TSRYS5814781,D,S,C,2024-06-25,1000000.00,4.234922,102.318359375
08:01:09,91282CKU4,TSRYS5814781,D,B,C,2024-06-25,1000000.00,4.234922,102.318359375
08:01:09,91282CKU4,TSRYS5814781,D,S,C,2024-06-25,1000000.00,4.230067,102.34765625
08:01:09,91282CKU4,TSRYS5814781,D,S,C,2024-06-25,1000000.00,4.230067,102.34765625
08:01:09,91282CKU4,TSRYS5814781,D,S,C,2024-06-25,1000000.00,4.230067,102.34765625
08:01:09,91282CKU4,TSRYS5814781,D,B,C,2024-06-25,1000000.00,4.229743,102.349609375
08:01:09,91282CKU4,TSRYS5814781,D,S,D,2024-06-25,1000000.00,4.229743,102.349609375
08:01:09,91282CKU4,TSRYS5814781,D,S,D,2024-06-25,1000000.00,4.229743,102.349609375
08:01:09,91282CKU4,TSRYS5814781,D,B,C,2024-06-25,1000000.00,4.229743,102.349609375
08:01:09,91282CKU4,TSRYS5814781,D,S,D,2024-06-25,1000000.00,4.229743,102.349609375
08:01:09,91282CKU4,TSRYS5814781,D,B,C,2024-06-25,1000000.00,4.229743,102.349609375
08:01:09,91282CKU4,TSRYS5814781,D,S,C,2024-06-25,1000000.00,4.230067,102.34765625
08:01:09,91282CKU4,TSRYS5814781,D,S,D,2024-06-25,1000000.00,4.229743,102.349609375
08:01:09,91282CKU4,TSRYS5814781,D,B,C,2024-06-25,1000000.00,4.229743,102.349609375
08:01:09,91282CKU4,TSRYS5814781,D,S,C,2024-06-25,1000000.00,4.230067,102.34765625
08:01:09,91282CKU4,TSRYS5814781,D,S,C,2024-06-25,1000000.00,4.232656,102.33203125
08:01:09,91282CKU4,TSRYS5814781,D,B,C,2024-06-25,1000000.00,4.232656,102.33203125
08:01:09,91282CKU4,TSRYS5814781,D,S,C,2024-06-25,1000000.00,4.232656,102.33203125
08:01:09,91282CKU4,TSRYS5814781,D,S,C,2024-06-25,1000000.00,4.232656,102.33203125
08:01:09,91282CKU4,TSRYS5814781,D,B,C,2024-06-25,1000000.00,4.232656,102.33203125
08:01:09,91282CKU4,TSRYS5814781,D,B,C,2024-06-25,1000000.00,4.232656,102.33203125
08:01:09,91282CKU4,TSRYS5814781,D,S,C,2024-06-25,1000000.00,4.232656,102.33203125
08:01:09,91282CKU4,TSRYS5814781,D,S,C,2024-06-25,1000000.00,4.232656,102.33203125
08:01:09,91282CKU4,TSRYS5814781,D,B,C,2024-06-25,1000000.00,4.232656,102.33203125
08:01:10,91282CKU4,TSRYS5814781,D,S,C,2024-06-25,1000000.00,4.231361,102.33984375
08:01:10,91282CKU4,TSRYS5814781,D,S,C,2024-06-25,1000000.00,4.231361,102.33984375
08:01:10,91282CKU4,TSRYS5814781,D,S,C,2024-06-25,1000000.00,4.232656,102.33203125
08:01:10,91282CKU4,TSRYS5814781,D,B,C,2024-06-25,1000000.00,4.232656,102.33203125
08:01:10,91282CKU4,TSRYS5814781,D,S,C,2024-06-25,1000000.00,4.232656,102.33203125
08:01:10,91282CKU4,TSRYS5814781,D,B,C,2024-06-25,1000000.00,4.232656,102.33203125
08:01:10,91282CKU4,TSRYS5814781,D,S,C,2024-06-25,1000000.00,4.233951,102.32421875
08:01:10,91282CKU4,TSRYS5814781,D,B,C,2024-06-25,1000000.00,4.233951,102.32421875
08:01:10,91282CKU4,TSRYS5814781,D,S,D,2024-06-25,1000000.00,4.233627,102.326171875
08:01:10,91282CKU4,TSRYS5814781,D,B,C,2024-06-25,1000000.00,4.233627,102.326171875
08:01:10,91282CKU4,TSRYS5814781,D,S,D,2024-06-25,1000000.00,4.232009,102.3359375
08:01:10,91282CKU4,TSRYS5814781,D,S,C,2024-06-25,1000000.00,4.234275,102.322265625
08:01:10,91282CKU4,TSRYS5814781,D,S,D,2024-06-25,1000000.00,4.234599,102.3203125
08:01:10,91282CKU4,TSRYS5814781,D,B,C,2024-06-25,1000000.00,4.234599,102.3203125
08:01:10,91282CKU4,TSRYS5814781,D,S,C,2024-06-25,1000000.00,4.234922,102.318359375
08:01:10,91282CKU4,TSRYS5814781,D,B,C,2024-06-25,1000000.00,4.234922,102.318359375
08:01:10,91282CKU4,TSRYS5814781,D,S,C,2024-06-25,1000000.00,4.234922,102.318359375
08:01:10,91282CKU4,TSRYS5814781,D,B,C,2024-06-25,1000000.00,4.234922,102.318359375
08:01:10,91282CKU4,TSRYS5814781,D,S,D,2024-06-25,1000000.00,4.234275,102.322265625
08:01:10,91282CKU4,TSRYS5814781,D,B,C,2024-06-25,1000000.00,4.234275,102.322265625
08:01:10,91282CKU4,TSRYS5814781,D,S,C,2024-06-25,1000000.00,4.234275,102.322265625
08:01:10,91282CKU4,TSRYS5814781,D,B,C,2024-06-25,1000000.00,4.234275,102.322265625
08:01:10,91282CKU4,TSRYS5814781,D,S,D,2024-06-25,2000000.00,4.234922,102.318359375
08:01:10,91282CKU4,TSRYS5814781,D,S,D,2024-06-25,2000000.00,4.23298,102.330078125
08:01:10,91282CKU4,TSRYS5814781,D,B,C,2024-06-25,2000000.00,4.23298,102.330078125
08:01:10,91282CKU4,TSRYS5814781,D,B,C,2024-06-25,2000000.00,4.234922,102.318359375
08:01:10,91282CKU4,TSRYS5814781,D,S,C,2024-06-25,1000000.00,4.233304,102.328125
08:01:10,91282CKU4,TSRYS5814781,D,B,C,2024-06-25,1000000.00,4.233304,102.328125
08:01:10,91282CKU4,TSRYS5814781,D,S,D,2024-06-25,1000000.00,4.233304,102.328125
08:01:10,91282CKU4,TSRYS5814781,D,B,C,2024-06-25,1000000.00,4.233304,102.328125
08:01:10,91282CKU4,TSRYS5814781,D,S,C,2024-06-25,1000000.00,4.23298,102.330078125
08:01:10,91282CKU4,TSRYS5814781,D,B,C,2024-06-25,1000000.00,4.23298,102.330078125
08:01:10,91282CKU4,TSRYS5814781,D,B,C,2024-06-25,2000000.00,4.232332,102.333984375
08:01:10,91282CKU4,TSRYS5814781,D,S,D,2024-06-25,2000000.00,4.232332,102.333984375
08:01:10,91282CKU4,TSRYS5814781,D,S,D,2024-06-25,1000000.00,4.232009,102.3359375
08:01:10,91282CKU4,TSRYS5814781,D,B,C,2024-06-25,1000000.00,4.232009,102.3359375
08:01:10,91282CKU4,TSRYS5814781,D,S,D,2024-06-25,1000000.00,4.228125,102.359375
08:01:10,91282CKU4,TSRYS5814781,D,S,D,2024-06-25,1000000.00,4.228125,102.359375
08:01:10,91282CKU4,TSRYS5814781,D,S,D,2024-06-25,1000000.00,4.228125,102.359375
08:01:10,91282CKU4,TSRYS5814781,D,S,D,2024-06-25,1000000.00,4.228125,102.359375
08:01:10,91282CKU4,TSRYS5814781,D,B,C,2024-06-25,1000000.00,4.230714,102.34375
08:01:10,91282CKU4,TSRYS5814781,D,S,D,2024-06-25,1000000.00,4.228125,102.359375
08:01:10,91282CKU4,TSRYS5814781,D,S,D,2024-06-25,1000000.00,4.230714,102.34375
08:01:10,91282CKU4,TSRYS5814781,D,S,D,2024-06-25,1000000.00,4.228125,102.359375
08:01:10,91282CKU4,TSRYS5814781,D,S,D,2024-06-25,1000000.00,4.228125,102.359375
08:01:10,91282CKU4,TSRYS5814781,D,S,D,2024-06-25,1000000.00,4.225536,102.375
08:01:10,91282CKU4,TSRYS5814781,D,S,D,2024-06-25,1000000.00,4.225536,102.375
08:01:10,91282CKU4,TSRYS5814781,D,S,D,2024-06-25,1000000.00,4.225536,102.375
08:01:10,91282CKU4,TSRYS5814781,D,S,C,2024-06-25,1000000.00,4.230714,102.34375
08:01:10,91282CKU4,TSRYS5814781,D,B,C,2024-06-25,1000000.00,4.230714,102.34375
08:01:10,91282CKU4,TSRYS5814781,D,S,C,2024-06-25,1000000.00,4.232009,102.3359375
08:01:10,91282CKU4,TSRYS5814781,D,S,C,2024-06-25,1000000.00,4.232009,102.3359375
08:01:10,91282CKU4,TSRYS5814781,D,B,C,2024-06-25,1000000.00,4.232009,102.3359375
08:01:10,91282CKU4,TSRYS5814781,D,S,D,2024-06-25,1000000.00,4.214215,102.443359375
08:01:10,91282CKU4,TSRYS5814781,D,S,D,2024-06-25,1000000.00,4.214215,102.443359375
08:01:10,91282CKU4,TSRYS5814781,D,S,D,2024-06-25,1000000.00,4.231685,102.337890625
08:01:10,91282CKU4,TSRYS5814781,D,B,C,2024-06-25,1000000.00,4.231685,102.337890625
08:01:10,91282CKU4,TSRYS5814781,D,S,C,2024-06-25,1000000.00,4.232009,102.3359375
08:01:10,91282CKU4,TSRYS5814781,D,B,C,2024-06-25,1000000.00,4.232009,102.3359375
08:01:10,91282CKU4,TSRYS5814781,D,S,D,2024-06-25,2000000.00,4.232009,102.3359375
08:01:10,91282CKU4,TSRYS5814781,D,B,C,2024-06-25,2000000.00,4.232009,102.3359375
08:01:10,91282CKU4,TSRYS5814781,D,S,D,2024-06-25,1000000.00,4.232009,102.3359375
08:01:10,91282CKU4,TSRYS5814781,D,B,C,2024-06-25,1000000.00,4.232009,102.3359375
08:01:10,91282CKU4,TSRYS5814781,D,S,D,2024-06-25,1000000.00,4.232009,102.3359375
08:01:10,91282CKU4,TSRYS5814781,D,B,C,2024-06-25,1000000.00,4.232009,102.3359375
08:01:10,91282CKU4,TSRYS5814781,D,S,C,2024-06-25,1000000.00,4.232009,102.3359375
08:01:10,91282CKU4,TSRYS5814781,D,B,C,2024-06-25,1000000.00,4.232009,102.3359375
08:01:10,91282CKU4,TSRYS5814781,D,S,D,2024-06-25,1000000.00,4.230714,102.34375
08:01:10,91282CKU4,TSRYS5814781,D,S,C,2024-06-25,1000000.00,4.23298,102.330078125
08:01:10,91282CKU4,TSRYS5814781,D,B,C,2024-06-25,1000000.00,4.23298,102.330078125
08:01:10,91282CKU4,TSRYS5814781,D,S,C,2024-06-25,1000000.00,4.234599,102.3203125
08:01:10,91282CKU4,TSRYS5814781,D,B,C,2024-06-25,1000000.00,4.234599,102.3203125
08:01:10,91282CKU4,TSRYS5814781,D,S,T,2024-06-25,1000000.00,4.233968,102.32411875
08:01:10,91282CKU4,TSRYS5814781,D,S,C,2024-06-25,1000000.00,4.234599,102.3203125
08:01:10,91282CKU4,TSRYS5814781,D,S,T,2024-06-25,1000000.00,4.234292,102.322165625
08:01:10,91282CKU4,TSRYS5814781,D,B,C,2024-06-25,1000000.00,4.234599,102.3203125
08:01:10,91282CKU4,TSRYS5814781,D,S,T,2024-06-25,1000000.00,4.234292,102.322165625
08:01:10,91282CKU4,TSRYS5814781,D,S,D,2024-06-25,1000000.00,4.233627,102.326171875
08:01:10,91282CKU4,TSRYS5814781,D,B,C,2024-06-25,1000000.00,4.233627,102.326171875
08:01:10,91282CKU4,TSRYS5814781,D,S,D,2024-06-25,1000000.00,4.233627,102.326171875
08:01:10,91282CKU4,TSRYS5814781,D,B,C,2024-06-25,1000000.00,4.233627,102.326171875
08:01:10,91282CKU4,TSRYS5814781,D,B,C,2024-06-25,1000000.00,4.233627,102.326171875
08:01:10,91282CKU4,TSRYS5814781,D,S,C,2024-06-25,1000000.00,4.233627,102.326171875
08:01:10,91282CKU4,TSRYS5814781,D,S,C,2024-06-25,1000000.00,4.23298,102.330078125
08:01:10,91282CKU4,TSRYS5814781,D,B,C,2024-06-25,1000000.00,4.23298,102.330078125
08:01:10,91282CKU4,TSRYS5814781,D,S,T,2024-06-25,1000000.00,4.23073,102.34365
08:01:10,91282CKU4,TSRYS5814781,D,S,T,2024-06-25,1000000.00,4.23332,102.328025
08:01:10,91282CKU4,TSRYS5814781,D,S,T,2024-06-25,1000000.00,4.23332,102.328025
08:01:10,91282CKU4,TSRYS5814781,D,S,A,2024-06-25,13000000.00,4.232656,102.33203125
08:01:10,91282CKU4,TSRYS5814781,D,B,C,2024-06-25,1000000.00,4.240104,102.287109375
08:01:10,91282CKU4,TSRYS5814781,D,S,D,2024-06-25,1000000.00,4.240104,102.287109375
08:01:11,91282CKU4,TSRYS5814781,D,B,C,2024-06-25,1000000.00,4.2495,102.23046875
08:01:11,91282CKU4,TSRYS5814781,D,S,A,2024-06-25,8310000.00,4.233304,102.328125
08:01:11,91282CKU4,TSRYS5814781,D,S,T,2024-06-25,1000000.00,4.228141,102.359275
08:01:11,91282CKU4,TSRYS5814781,D,S,T,2024-06-25,1000000.00,4.228141,102.359275
08:01:11,91282CKU4,TSRYS5814781,D,S,T,2024-06-25,2000000.00,4.228141,102.359275
08:01:11,91282CKU4,TSRYS5814781,D,S,T,2024-06-25,1000000.00,4.228141,102.359275
08:01:11,91282CKU4,TSRYS5814781,D,S,T,2024-06-25,1000000.00,4.225552,102.3749
08:01:11,91282CKU4,TSRYS5814781,D,S,T,2024-06-25,1000000.00,4.225552,102.3749
08:01:11,91282CKU4,TSRYS5814781,D,S,T,2024-06-25,1000000.00,4.225536,102.375
08:01:11,91282CKU4,TSRYS5814781,D,S,T,2024-06-25,1000000.00,4.225536,102.375
08:01:11,91282CKU4,TSRYS5814781,D,S,T,2024-06-25,4000000.00,4.225536,102.375
08:01:11,91282CKU4,TSRYS5814781,D,S,C,2024-06-25,1000000.00,4.236865,102.306640625
08:01:11,91282CKU4,TSRYS5814781,D,S,C,2024-06-25,2000000.00,4.236865,102.306640625
08:01:11,91282CKU4,TSRYS5814781,D,S,T,2024-06-25,2000000.00,4.225536,102.375
08:01:11,91282CKU4,TSRYS5814781,D,B,C,2024-06-25,1000000.00,4.240104,102.287109375
08:01:11,91282CKU4,TSRYS5814781,D,S,C,2024-06-25,1000000.00,4.240104,102.287109375
08:01:11,91282CKU4,TSRYS5814781,D,S,C,2024-06-25,1000000.00,4.23978,102.2890625
08:01:11,91282CKU4,TSRYS5814781,D,S,T,2024-06-25,1000000.00,4.225536,102.375
08:01:11,91282CKU4,TSRYS5814781,D,S,C,2024-06-25,2000000.00,4.243019,102.26953125
08:01:11,91282CKU4,TSRYS5814781,D,S,T,2024-06-25,2000000.00,4.214232,102.443259375
08:01:11,91282CKU4,TSRYS5814781,D,S,T,2024-06-25,1000000.00,4.214232,102.443259375
08:01:11,91282CKU4,TSRYS5814781,D,S,T,2024-06-25,1000000.00,4.225536,102.375
08:01:11,91282CKU4,TSRYS5814781,D,S,T,2024-06-25,1000000.00,4.214232,102.443259375
08:01:11,91282CKU4,TSRYS5814781,D,S,C,2024-06-25,2000000.00,4.243343,102.267578125
08:01:11,91282CKU4,TSRYS5814781,D,S,C,2024-06-25,1000000.00,4.244639,102.259765625
08:01:11,91282CKU4,TSRYS5814781,D,S,C,2024-06-25,1000000.00,4.23978,102.2890625
08:01:11,91282CKU4,TSRYS5814781,D,S,C,2024-06-25,1000000.00,4.242371,102.2734375
08:01:11,91282CKU4,TSRYS5814781,D,B,C,2024-06-25,1000000.00,4.242047,102.275390625
08:01:11,91282CKU4,TSRYS5814781,D,S,C,2024-06-25,1000000.00,4.242047,102.275390625
08:01:11,91282CKU4,TSRYS5814781,D,S,C,2024-06-25,1000000.00,4.241724,102.27734375
08:01:11,91282CKU4,TSRYS5814781,D,S,C,2024-06-25,1000000.00,4.242047,102.275390625
08:01:11,91282CKU4,TSRYS5814781,D,S,T,2024-06-25,1000000.00,4.230743,102.343575
08:01:11,91282CKU4,TSRYS5814781,D,S,T,2024-06-25,1000000.00,4.232038,102.3357625
08:01:11,91282CKU4,TSRYS5814781,D,B,C,2024-06-25,1000000.00,4.242047,102.275390625
08:01:11,91282CKU4,TSRYS5814781,D,S,T,2024-06-25,1000000.00,4.233333,102.32795
08:01:11,91282CKU4,TSRYS5814781,D,S,C,2024-06-25,1000000.00,4.242371,102.2734375
08:01:11,91282CKU4,TSRYS5814781,D,S,C,2024-06-25,1000000.00,4.242371,102.2734375
08:01:11,91282CKU4,TSRYS5814781,D,S,C,2024-06-25,1000000.00,4.244315,102.26171875
08:01:11,91282CKU4,TSRYS5814781,D,S,C,2024-06-25,1000000.00,4.244315,102.26171875
08:01:11,91282CKU4,TSRYS5814781,D,B,C,2024-06-25,1000000.00,4.244315,102.26171875
08:01:11,91282CKU4,TSRYS5814781,D,S,C,2024-06-25,1000000.00,4.249176,102.232421875
08:01:11,91282CKU4,TSRYS5814781,D,B,C,2024-06-25,1000000.00,4.249176,102.232421875
08:01:11,91282CKU4,TSRYS5814781,D,S,C,2024-06-25,1000000.00,4.248204,102.23828125
08:01:11,91282CKU4,TSRYS5814781,D,S,T,2024-06-25,1000000.00,4.225565,102.374825
08:01:11,91282CKU4,TSRYS5814781,D,S,C,2024-06-25,1000000.00,4.247231,102.244140625
08:01:11,91282CKU4,TSRYS5814781,D,S,C,2024-06-25,1000000.00,4.247231,102.244140625
08:01:11,91282CKU4,TSRYS5814781,D,S,C,2024-06-25,1000000.00,4.244639,102.259765625
08:01:11,91282CKU4,TSRYS5814781,D,B,C,2024-06-25,1000000.00,4.244639,102.259765625
08:01:11,91282CKU4,TSRYS5814781,D,S,C,2024-06-25,1000000.00,4.244315,102.26171875
08:01:11,91282CKU4,TSRYS5814781,D,S,C,2024-06-25,1000000.00,4.246907,102.24609375
08:01:11,91282CKU4,TSRYS5814781,D,B,C,2024-06-25,1000000.00,4.246907,102.24609375
08:01:11,91282CKU4,TSRYS5814781,D,B,C,2024-06-25,1000000.00,4.246907,102.24609375
08:01:11,91282CKU4,TSRYS5814781,D,S,C,2024-06-25,1000000.00,4.246907,102.24609375
08:01:11,91282CKU4,TSRYS5814781,D,S,C,2024-06-25,1000000.00,4.246907,102.24609375
08:01:11,91282CKU4,TSRYS5814781,D,S,C,2024-06-25,1000000.00,4.246907,102.24609375
08:01:11,91282CKU4,TSRYS5814781,D,S,C,2024-06-25,1000000.00,4.246907,102.24609375
08:01:11,91282CKU4,TSRYS5814781,D,S,C,2024-06-25,1000000.00,4.24788,102.240234375
08:01:11,91282CKU4,TSRYS5814781,D,S,C,2024-06-25,1000000.00,4.2495,102.23046875
08:01:11,91282CKU4,TSRYS5814781,D,B,C,2024-06-25,1000000.00,4.24788,102.240234375
08:01:11,91282CKU4,TSRYS5814781,D,S,C,2024-06-25,1000000.00,4.249176,102.232421875
08:01:11,91282CKU4,TSRYS5814781,D,S,C,2024-06-25,1000000.00,4.249176,102.232421875
08:01:11,91282CKU4,TSRYS5814781,D,S,C,2024-06-25,1000000.00,4.248852,102.234375
08:01:11,91282CKU4,TSRYS5814781,D,S,C,2024-06-25,1000000.00,4.249176,102.232421875
08:01:11,91282CKU4,TSRYS5814781,D,S,T,2024-06-25,1000000.00,4.228162,102.35915
08:01:11,91282CKU4,TSRYS5814781,D,S,T,2024-06-25,2000000.00,4.228162,102.35915
08:01:11,91282CKU4,TSRYS5814781,D,S,T,2024-06-25,1000000.00,4.228162,102.35915
08:01:11,91282CKU4,TSRYS5814781,D,B,C,2024-06-25,1000000.00,4.249176,102.232421875
08:01:11,91282CKU4,TSRYS5814781,D,S,T,2024-06-25,1000000.00,4.228162,102.35915
08:01:11,91282CKU4,TSRYS5814781,D,S,C,2024-06-25,1000000.00,4.249176,102.232421875
08:01:12,91282CKU4,TSRYS5814781,D,S,T,2024-06-25,1000000.00,4.225573,102.374775
08:01:12,91282CKU4,TSRYS5814781,D,S,C,2024-06-25,1000000.00,4.249176,102.232421875
08:01:12,91282CKU4,TSRYS5814781,D,S,T,2024-06-25,1000000.00,4.225573,102.374775
08:01:12,91282CKU4,TSRYS5814781,D,B,C,2024-06-25,1000000.00,4.249176,102.232421875
08:01:12,91282CKU4,TSRYS5814781,D,S,C,2024-06-25,1000000.00,4.249176,102.232421875
08:01:12,91282CKU4,TSRYS5814781,D,S,C,2024-06-25,1000000.00,4.249176,102.232421875
08:01:12,91282CKU4,TSRYS5814781,D,S,C,2024-06-25,1000000.00,4.249176,102.232421875
08:01:12,91282CKU4,TSRYS5814781,D,B,C,2024-06-25,1000000.00,4.249176,102.232421875
08:01:12,91282CKU4,TSRYS5814781,D,S,D,2024-06-25,3000000.00,4.233121,102.329225
08:01:12,91282CKU4,TSRYS5814781,D,B,C,2024-06-25,2000000.00,4.230896,102.34265
08:01:12,91282CKU4,TSRYS5814781,D,B,C,2024-06-25,2000000.00,4.232191,102.3348375
08:01:12,91282CKU4,TSRYS5814781,D,S,C,2024-06-25,1000000.00,4.2414,102.279296875
08:01:12,91282CKU4,TSRYS5814781,D,S,D,2024-06-25,3000000.00,4.230963,102.3422458
08:01:12,91282CKU4,TSRYS5814781,D,B,C,2024-06-25,1000000.00,4.2414,102.279296875
08:01:12,91282CKU4,TSRYS5814781,D,S,C,2024-06-25,1000000.00,4.242047,102.275390625
08:01:12,91282CKU4,TSRYS5814781,D,S,D,2024-06-25,1000000.00,4.230532,102.34485
08:01:12,91282CKU4,TSRYS5814781,D,B,C,2024-06-25,1000000.00,4.242047,102.275390625
08:01:12,91282CKU4,TSRYS5814781,D,B,C,2024-06-25,1000000.00,4.242371,102.2734375
08:01:12,91282CKU4,TSRYS5814781,D,S,C,2024-06-25,1000000.00,4.242371,102.2734375
08:01:12,91282CKU4,TSRYS5814781,D,S,D,2024-06-25,4000000.00,4.230532,102.34485
08:01:12,91282CKU4,TSRYS5814781,D,S,C,2024-06-25,1000000.00,4.242047,102.275390625
08:01:12,91282CKU4,TSRYS5814781,D,S,C,2024-06-25,1000000.00,4.23978,102.2890625
08:01:12,91282CKU4,TSRYS5814781,D,S,C,2024-06-25,1000000.00,4.23978,102.2890625
08:01:12,91282CKU4,TSRYS5814781,D,B,C,2024-06-25,1000000.00,4.23978,102.2890625
08:01:12,91282CKU4,TSRYS5814781,D,S,C,2024-06-25,1000000.00,4.23978,102.2890625
08:01:12,91282CKU4,TSRYS5814781,D,S,C,2024-06-25,1000000.00,4.23978,102.2890625
08:01:12,91282CKU4,TSRYS5814781,D,B,C,2024-06-25,1000000.00,4.23978,102.2890625
08:01:12,91282CKU4,TSRYS5814781,D,S,C,2024-06-25,1000000.00,4.23978,102.2890625
08:01:12,91282CKU4,TSRYS5814781,D,S,C,2024-06-25,1000000.00,4.23978,102.2890625
08:01:12,91282CKU4,TSRYS5814781,D,S,C,2024-06-25,1000000.00,4.23978,102.2890625
08:01:12,91282CKU4,TSRYS5814781,D,S,C,2024-06-25,1000000.00,4.23978,102.2890625
08:01:12,91282CKU4,TSRYS5814781,D,S,C,2024-06-25,1000000.00,4.23978,102.2890625
08:01:12,91282CKU4,TSRYS5814781,D,S,C,2024-06-25,1000000.00,4.23978,102.2890625
08:01:12,91282CKU4,TSRYS5814781,D,B,C,2024-06-25,1000000.00,4.23978,102.2890625
08:01:12,91282CKU4,TSRYS5814781,D,S,C,2024-06-25,1000000.00,4.23978,102.2890625
08:01:12,91282CKU4,TSRYS5814781,D,B,C,2024-06-25,1000000.00,4.23978,102.2890625
08:01:12,91282CKU4,TSRYS5814781,D,S,C,2024-06-25,1000000.00,4.23978,102.2890625
08:01:12,91282CKU4,TSRYS5814781,D,S,C,2024-06-25,1000000.00,4.23978,102.2890625
08:01:12,91282CKU4,TSRYS5814781,D,B,C,2024-06-25,1000000.00,4.23978,102.2890625
08:01:12,91282CKU4,TSRYS5814781,D,B,C,2024-06-25,1000000.00,4.23978,102.2890625
08:01:12,91282CKU4,TSRYS5814781,D,B,C,2024-06-25,18750000.00,4.228307,102.358275
08:01:12,91282CKU4,TSRYS5814781,D,B,C,2024-06-25,1000000.00,4.23978,102.2890625
08:01:12,91282CKU4,TSRYS5814781,D,B,C,2024-06-25,6250000.00,4.228307,102.358275
08:01:12,91282CKU4,TSRYS5814781,D,B,C,2024-06-25,7500000.00,4.225718,102.3739
08:01:12,91282CKU4,TSRYS5814781,D,S,C,2024-06-25,1000000.00,4.23978,102.2890625
08:01:12,91282CKU4,TSRYS5814781,D,B,C,2024-06-25,2500000.00,4.225718,102.3739
08:01:12,91282CKU4,TSRYS5814781,D,B,C,2024-06-25,7500000.00,4.214397,102.4422594
08:01:12,91282CKU4,TSRYS5814781,D,B,C,2024-06-25,2500000.00,4.214397,102.4422594
08:01:12,91282CKU4,TSRYS5814781,D,S,C,2024-06-25,1000000.00,4.237513,102.302734375
08:01:12,91282CKU4,TSRYS5814781,D,S,C,2024-06-25,1000000.00,4.237837,102.30078125
08:01:12,91282CKU4,TSRYS5814781,D,S,C,2024-06-25,1000000.00,4.237513,102.302734375
08:01:12,91282CKU4,TSRYS5814781,D,S,C,2024-06-25,1000000.00,4.233951,102.32421875
08:01:12,91282CKU4,TSRYS5814781,D,B,C,2024-06-25,1000000.00,4.233951,102.32421875
08:01:12,91282CKU4,TSRYS5814781,D,S,C,2024-06-25,1000000.00,4.233951,102.32421875
08:01:12,91282CKU4,TSRYS5814781,D,S,C,2024-06-25,1000000.00,4.233951,102.32421875
08:01:12,91282CKU4,TSRYS5814781,D,S,C,2024-06-25,1000000.00,4.233627,102.326171875
08:01:12,91282CKU4,TSRYS5814781,D,B,C,2024-06-25,1000000.00,4.233627,102.326171875
08:01:12,91282CKU4,TSRYS5814781,D,S,C,2024-06-25,1000000.00,4.233951,102.32421875
08:01:12,91282CKU4,TSRYS5814781,D,S,C,2024-06-25,1000000.00,4.233304,102.328125
08:01:12,91282CKU4,TSRYS5814781,D,S,C,2024-06-25,1000000.00,4.232656,102.33203125
08:01:12,91282CKU4,TSRYS5814781,D,B,C,2024-06-25,1000000.00,4.232656,102.33203125
08:01:12,91282CKU4,TSRYS5814781,D,S,C,2024-06-25,1000000.00,4.232656,102.33203125
08:01:12,91282CKU4,TSRYS5814781,D,B,C,2024-06-25,1000000.00,4.232656,102.33203125
08:01:12,91282CKU4,TSRYS5814781,D,S,C,2024-06-25,1000000.00,4.232656,102.33203125
08:01:12,91282CKU4,TSRYS5814781,D,B,C,2024-06-25,1000000.00,4.232656,102.33203125
08:01:13,91282CKU4,TSRYS5814781,D,S,C,2024-06-25,1000000.00,4.232656,102.33203125
08:01:13,91282CKU4,TSRYS5814781,D,S,C,2024-06-25,1000000.00,4.232656,102.33203125
08:01:13,91282CKU4,TSRYS5814781,D,S,C,2024-06-25,1000000.00,4.232656,102.33203125
08:01:13,91282CKU4,TSRYS5814781,D,B,C,2024-06-25,1000000.00,4.232656,102.33203125
08:01:13,91282CKU4,TSRYS5814781,D,S,C,2024-06-25,1000000.00,4.232656,102.33203125
08:01:13,91282CKU4,TSRYS5814781,D,S,C,2024-06-25,1000000.00,4.23298,102.330078125
08:01:13,91282CKU4,TSRYS5814781,D,S,C,2024-06-25,1000000.00,4.232656,102.33203125
08:01:13,91282CKU4,TSRYS5814781,D,S,C,2024-06-25,1000000.00,4.232656,102.33203125
08:01:13,91282CKU4,TSRYS5814781,D,S,C,2024-06-25,1000000.00,4.232656,102.33203125
08:01:13,91282CKU4,TSRYS5814781,D,B,C,2024-06-25,1000000.00,4.232656,102.33203125
08:01:13,91282CKU4,TSRYS5814781,D,S,C,2024-06-25,1000000.00,4.232656,102.33203125
08:01:13,91282CKU4,TSRYS5814781,D,S,C,2024-06-25,1000000.00,4.22683,102.3671875
08:01:13,91282CKU4,TSRYS5814781,D,S,C,2024-06-25,1000000.00,4.225536,102.375
08:01:13,91282CKU4,TSRYS5814781,D,B,C,2024-06-25,1000000.00,4.225536,102.375
08:01:13,91282CKU4,TSRYS5814781,D,S,C,2024-06-25,1000000.00,4.225536,102.375
08:01:13,91282CKU4,TSRYS5814781,D,S,C,2024-06-25,1000000.00,4.225536,102.375
08:01:13,91282CKU4,TSRYS5814781,D,S,D,2024-06-25,1000000.00,4.224565,102.380859375
08:01:13,91282CKU4,TSRYS5814781,D,S,D,2024-06-25,1000000.00,4.224565,102.380859375
08:01:13,91282CKU4,TSRYS5814781,D,B,C,2024-06-25,1000000.00,4.224565,102.380859375
08:01:13,91282CKU4,TSRYS5814781,D,S,C,2024-06-25,1000000.00,4.229743,102.349609375
08:01:13,91282CKU4,TSRYS5814781,D,B,C,2024-06-25,1000000.00,4.229743,102.349609375
08:01:13,91282CKU4,TSRYS5814781,D,S,D,2024-06-25,1000000.00,4.231038,102.341796875
08:01:13,91282CKU4,TSRYS5814781,D,S,D,2024-06-25,1000000.00,4.231038,102.341796875
08:01:13,91282CKU4,TSRYS5814781,D,S,C,2024-06-25,1000000.00,4.231361,102.33984375
08:01:13,91282CKU4,TSRYS5814781,D,S,C,2024-06-25,1000000.00,4.230714,102.34375
08:01:13,91282CKU4,TSRYS5814781,D,S,C,2024-06-25,1000000.00,4.229096,102.353515625
08:01:13,91282CKU4,TSRYS5814781,D,S,C,2024-06-25,1000000.00,4.226507,102.369140625
08:01:13,91282CKU4,TSRYS5814781,D,S,D,2024-06-25,1000000.00,4.229743,102.349609375
08:01:13,91282CKU4,TSRYS5814781,D,S,D,2024-06-25,1000000.00,4.228448,102.357421875
08:01:13,91282CKU4,TSRYS5814781,D,S,C,2024-06-25,1000000.00,4.228448,102.357421875
08:01:13,91282CKU4,TSRYS5814781,D,S,D,2024-06-25,1000000.00,4.228448,102.357421875
08:01:13,91282CKU4,TSRYS5814781,D,S,D,2024-06-25,1000000.00,4.228448,102.357421875
08:01:13,91282CKU4,TSRYS5814781,D,S,D,2024-06-25,1000000.00,4.228448,102.357421875
08:01:13,91282CKU4,TSRYS5814781,D,S,D,2024-06-25,1000000.00,4.228448,102.357421875
08:01:13,91282CKU4,TSRYS5814781,D,S,D,2024-06-25,1000000.00,4.228448,102.357421875
08:01:13,91282CKU4,TSRYS5814781,D,S,D,2024-06-25,1000000.00,4.228448,102.357421875
08:01:13,91282CKU4,TSRYS5814781,D,S,D,2024-06-25,1000000.00,4.228125,102.359375
08:01:13,91282CKU4,TSRYS5814781,D,S,D,2024-06-25,1000000.00,4.228125,102.359375
08:01:13,91282CKU4,TSRYS5814781,D,S,C,2024-06-25,1000000.00,4.228125,102.359375
08:01:13,91282CKU4,TSRYS5814781,D,S,C,2024-06-25,1000000.00,4.228125,102.359375
08:01:13,91282CKU4,TSRYS5814781,D,S,C,2024-06-25,1000000.00,4.228125,102.359375
08:01:13,91282CKU4,TSRYS5814781,D,S,C,2024-06-25,1000000.00,4.228125,102.359375
08:01:13,91282CKU4,TSRYS5814781,D,S,C,2024-06-25,1000000.00,4.228125,102.359375
08:01:13,91282CKU4,TSRYS5814781,D,S,C,2024-06-25,1000000.00,4.233304,102.328125
08:01:13,91282CKU4,TSRYS5814781,D,B,C,2024-06-25,1000000.00,4.23039,102.345703125
08:01:13,91282CKU4,TSRYS5814781,D,S,C,2024-06-25,1000000.00,4.23039,102.345703125
08:01:13,91282CKU4,TSRYS5814781,D,S,C,2024-06-25,1000000.00,4.233304,102.328125
08:01:13,91282CKU4,TSRYS5814781,D,S,C,2024-06-25,1000000.00,4.229419,102.3515625
08:01:13,91282CKU4,TSRYS5814781,D,S,D,2024-06-25,1000000.00,4.225536,102.375
08:01:13,91282CKU4,TSRYS5814781,D,S,D,2024-06-25,1000000.00,4.225536,102.375
08:01:13,91282CKU4,TSRYS5814781,D,S,D,2024-06-25,1000000.00,4.225536,102.375
08:01:13,91282CKU4,TSRYS5814781,D,S,C,2024-06-25,1000000.00,4.225212,102.376953125
08:01:13,91282CKU4,TSRYS5814781,D,B,C,2024-06-25,1000000.00,4.225536,102.375
08:01:13,91282CKU4,TSRYS5814781,D,S,C,2024-06-25,1000000.00,4.225536,102.375
08:01:13,91282CKU4,TSRYS5814781,D,S,C,2024-06-25,1000000.00,4.226183,102.37109375
08:01:14,91282CKU4,TSRYS5814781,D,S,T,2024-06-25,1000000.00,4.244963,102.2578125
08:01:14,91282CKU4,TSRYS5814781,D,S,C,2024-06-25,1000000.00,4.225536,102.375
08:01:14,91282CKU4,TSRYS5814781,D,B,C,2024-06-25,2000000.00,4.223595,102.38671875
08:01:14,91282CKU4,TSRYS5814781,D,S,D,2024-06-25,2000000.00,4.223595,102.38671875
08:01:14,91282CKU4,TSRYS5814781,D,S,C,2024-06-25,1000000.00,4.225536,102.375
08:01:14,91282CKU4,TSRYS5814781,D,S,C,2024-06-25,1000000.00,4.220683,102.404296875
08:01:14,91282CKU4,TSRYS5814781,D,S,C,2024-06-25,1000000.00,4.220683,102.404296875
08:01:14,91282CKU4,TSRYS5814781,D,S,D,2024-06-25,1000000.00,4.220683,102.404296875
08:01:14,91282CKU4,TSRYS5814781,D,B,C,2024-06-25,1000000.00,4.220683,102.404296875
08:01:14,91282CKU4,TSRYS5814781,D,S,D,2024-06-25,1000000.00,4.233304,102.328125
08:01:14,91282CKU4,TSRYS5814781,D,S,D,2024-06-25,1000000.00,4.215509,102.435546875
08:01:14,91282CKU4,TSRYS5814781,D,S,D,2024-06-25,1000000.00,4.215185,102.4375
08:01:14,91282CKU4,TSRYS5814781,D,S,T,2024-06-25,1000000.00,4.24498,102.2577125
08:01:14,91282CKU4,TSRYS5814781,D,S,T,2024-06-25,1000000.00,4.24498,102.2577125
08:01:14,91282CKU4,TSRYS5814781,D,S,T,2024-06-25,1000000.00,4.24498,102.2577125
08:01:14,91282CKU4,TSRYS5814781,D,S,T,2024-06-25,2000000.00,4.244963,102.2578125
08:01:14,91282CKU4,TSRYS5814781,D,S,T,2024-06-25,2000000.00,4.244963,102.2578125
08:01:14,91282CKU4,TSRYS5814781,D,S,T,2024-06-25,1000000.00,4.244963,102.2578125
08:01:14,91282CKU4,TSRYS5814781,D,S,T,2024-06-25,1000000.00,4.244963,102.2578125
08:01:14,91282CKU4,TSRYS5814781,D,S,T,2024-06-25,1000000.00,4.24498,102.2577125
08:01:14,91282CKU4,TSRYS5814781,D,S,T,2024-06-25,1000000.00,4.244963,102.2578125
08:01:14,91282CKU4,TSRYS5814781,D,S,T,2024-06-25,3000000.00,4.243684,102.265525
08:01:14,91282CKU4,TSRYS5814781,D,S,T,2024-06-25,3000000.00,4.243667,102.265625
08:01:14,91282CKU4,TSRYS5814781,D,S,D,2024-06-25,1000000.00,4.213245,102.44921875
08:01:14,91282CKU4,TSRYS5814781,D,S,C,2024-06-25,1000000.00,4.213569,102.447265625
08:01:14,91282CKU4,TSRYS5814781,D,S,D,2024-06-25,1000000.00,4.215509,102.435546875
08:01:14,91282CKU4,TSRYS5814781,D,S,D,2024-06-25,1000000.00,4.214215,102.443359375
08:01:14,91282CKU4,TSRYS5814781,D,S,D,2024-06-25,1000000.00,4.214215,102.443359375
08:01:14,91282CKU4,TSRYS5814781,D,S,T,2024-06-25,1000000.00,4.238501,102.296773
08:01:14,91282CKU4,TSRYS5814781,D,S,T,2024-06-25,1000000.00,4.238501,102.296773
08:01:14,91282CKU4,TSRYS5814781,D,S,T,2024-06-25,1000000.00,4.238501,102.296773
08:01:14,91282CKU4,TSRYS5814781,D,S,T,2024-06-25,1000000.00,4.238501,102.296773
08:01:14,91282CKU4,TSRYS5814781,D,S,T,2024-06-25,1000000.00,4.238501,102.296773
08:01:14,91282CKU4,TSRYS5814781,D,B,C,2024-06-25,20060000.00,4.232656,102.33203125
08:01:14,91282CKU4,TSRYS5814781,D,S,T,2024-06-25,1000000.00,4.238485,102.296875
08:01:14,91282CKU4,TSRYS5814781,D,S,T,2024-06-25,1000000.00,4.238485,102.296875
08:01:14,91282CKU4,TSRYS5814781,D,S,T,2024-06-25,1000000.00,4.238485,102.296875
08:01:14,91282CKU4,TSRYS5814781,D,S,T,2024-06-25,1000000.00,4.238501,102.296773
08:01:14,91282CKU4,TSRYS5814781,D,S,C,2024-06-25,1000000.00,4.219066,102.4140625
08:01:14,91282CKU4,TSRYS5814781,D,S,T,2024-06-25,1000000.00,4.238485,102.296875
08:01:14,91282CKU4,TSRYS5814781,D,S,C,2024-06-25,2000000.00,4.219066,102.4140625
08:01:15,91282CKU4,TSRYS5814781,D,B,C,2024-06-25,1000000.00,4.219066,102.4140625
08:01:15,91282CKU4,TSRYS5814781,D,S,T,2024-06-25,2000000.00,4.238485,102.296875
08:01:15,91282CKU4,TSRYS5814781,D,S,T,2024-06-25,1000000.00,4.238485,102.296875
08:01:15,91282CKU4,TSRYS5814781,D,S,T,2024-06-25,1000000.00,4.238161,102.298828125
08:01:15,91282CKU4,TSRYS5814781,D,S,T,2024-06-25,2000000.00,4.238485,102.296875
08:01:15,91282CKU4,TSRYS5814781,D,B,C,2024-06-25,20058000.00,4.230067,102.34765625
08:01:15,91282CKU4,TSRYS5814781,D,S,C,2024-06-25,1000000.00,4.218096,102.419921875
08:01:15,91282CKU4,TSRYS5814781,D,S,T,2024-06-25,1000000.00,4.238485,102.296875
08:01:15,91282CKU4,TSRYS5814781,D,S,T,2024-06-25,1000000.00,4.238485,102.296875
08:01:15,91282CKU4,TSRYS5814781,D,S,C,2024-06-25,1000000.00,4.23298,102.33007812
08:01:15,91282CKU4,TSRYS5814781,D,S,T,2024-06-25,1000000.00,4.241076,102.28125
08:01:15,91282CKU4,TSRYS5814781,D,S,T,2024-06-25,1000000.00,4.241076,102.28125
08:01:15,91282CKU4,TSRYS5814781,D,S,T,2024-06-25,1000000.00,4.241093,102.281148
08:01:15,91282CKU4,TSRYS5814781,D,S,T,2024-06-25,1000000.00,4.241076,102.28125
08:01:15,91282CKU4,TSRYS5814781,D,S,T,2024-06-25,1000000.00,4.241076,102.28125
08:01:15,91282CKU4,TSRYS5814781,D,S,T,2024-06-25,1000000.00,4.241093,102.281148
08:01:15,91282CKU4,TSRYS5814781,D,S,C,2024-06-25,1000000.00,4.23298,102.33007812
08:01:15,91282CKU4,TSRYS5814781,D,S,T,2024-06-25,8000000.00,4.241093,102.281148
08:01:15,91282CKU4,TSRYS5814781,D,S,T,2024-06-25,1000000.00,4.239797,102.2889605
08:01:15,91282CKU4,TSRYS5814781,D,S,T,2024-06-25,1000000.00,4.239797,102.2889605
08:01:15,91282CKU4,TSRYS5814781,D,S,T,2024-06-25,1000000.00,4.239797,102.2889605
08:01:16,91282CKU4,TSRYS5814781,D,S,T,2024-06-25,1000000.00,4.239797,102.2889605
08:01:16,91282CKU4,TSRYS5814781,D,S,T,2024-06-25,1000000.00,4.239797,102.2889605
08:01:16,91282CKU4,TSRYS5814781,D,S,T,2024-06-25,1000000.00,4.239797,102.2889605
08:01:16,91282CKU4,TSRYS5814781,D,S,T,2024-06-25,1000000.00,4.239797,102.2889605
08:01:16,91282CKU4,TSRYS5814781,D,S,T,2024-06-25,2000000.00,4.239797,102.2889605
08:01:16,91282CKU4,TSRYS5814781,D,S,T,2024-06-25,1000000.00,4.229419,102.3515625
08:01:16,91282CKU4,TSRYS5814781,D,S,T,2024-06-25,1000000.00,4.229743,102.34960937
08:01:16,91282CKU4,TSRYS5814781,D,B,A,2024-06-25,1000000.00,4.237189,102.3046875
08:01:16,91282CKU4,TSRYS5814781,D,S,D,2024-06-25,1000000.00,4.229743,102.34960937
08:01:17,91282CKU4,TSRYS5814781,D,S,D,2024-06-25,1000000.00,4.229743,102.34960937
08:01:17,91282CKU4,TSRYS5814781,D,S,D,2024-06-25,1000000.00,4.229743,102.34960937
08:01:17,91282CKU4,TSRYS5814781,D,S,D,2024-06-25,8550000.00,4.204842,102.5
08:01:17,91282CKU4,TSRYS5814781,D,S,D,2024-06-25,1000000.00,4.230067,102.34765625
08:01:17,91282CKU4,TSRYS5814781,D,B,C,2024-06-25,5000000.00,4.218419,102.41796875
08:01:17,91282CKU4,TSRYS5814781,D,S,D,2024-06-25,8550000.00,4.204842,102.5
08:01:17,91282CKU4,TSRYS5814781,D,S,D,2024-06-25,4250000.00,4.204842,102.5
08:01:17,91282CKU4,TSRYS5814781,D,S,C,2024-06-25,1000000.00,4.230067,102.34765625
08:01:17,91282CKU4,TSRYS5814781,D,S,T,2024-06-25,1000000.00,4.229419,102.3515625
08:01:17,91282CKU4,TSRYS5814781,D,S,T,2024-06-25,2000000.00,4.217772,102.421875
08:01:17,91282CKU4,TSRYS5814781,D,S,D,2024-06-25,4250000.00,4.204842,102.5
08:01:17,91282CKU4,TSRYS5814781,D,S,D,2024-06-25,8550000.00,4.204842,102.5
08:01:17,91282CKU4,TSRYS5814781,D,S,D,2024-06-25,4250000.00,4.204842,102.5
08:01:17,91282CKU4,TSRYS5814781,D,S,D,2024-06-25,4250000.00,4.204842,102.5
08:01:17,91282CKU4,TSRYS5814781,D,S,D,2024-06-25,1000000.00,4.229419,102.3515625
08:01:18,91282CKU4,TSRYS5814781,D,S,D,2024-06-25,8600000.00,4.204842,102.5
08:01:18,91282CKU4,TSRYS5814781,D,S,T,2024-06-25,1000000.00,4.23298,102.330078125
08:01:18,91282CKU4,TSRYS5814781,D,S,D,2024-06-25,4250000.00,4.204842,102.5
08:01:18,91282CKU4,TSRYS5814781,D,S,D,2024-06-25,8550000.00,4.204842,102.5
08:01:18,91282CKU4,TSRYS5814781,D,S,C,2024-06-25,5000.00,4.229419,102.3515625
08:01:18,91282CKU4,TSRYS5814781,D,S,T,2024-06-25,1000000.00,4.229419,102.3515625
08:01:18,91282CKU4,TSRYS5814781,D,S,T,2024-06-25,1000000.00,4.229419,102.3515625
08:01:18,91282CKU4,TSRYS5814781,D,S,T,2024-06-25,1000000.00,4.229419,102.3515625
08:01:18,91282CKU4,TSRYS5814781,D,S,T,2024-06-25,1000000.00,4.229419,102.3515625
08:01:18,91282CKU4,TSRYS5814781,D,S,T,2024-06-25,1000000.00,4.229419,102.3515625
08:01:18,91282CKU4,TSRYS5814781,D,S,T,2024-06-25,1000000.00,4.229419,102.3515625
08:01:18,91282CKU4,TSRYS5814781,D,S,T,2024-06-25,1000000.00,4.229419,102.3515625
08:01:18,91282CKU4,TSRYS5814781,D,S,T,2024-06-25,1000000.00,4.229419,102.3515625
08:01:18,91282CKU4,TSRYS5814781,D,S,T,2024-06-25,1000000.00,4.229419,102.3515625
08:01:18,91282CKU4,TSRYS5814781,D,S,T,2024-06-25,1000000.00,4.229419,102.3515625
08:01:18,91282CKU4,TSRYS5814781,D,S,T,2024-06-25,1000000.00,4.229419,102.3515625
08:01:18,91282CKU4,TSRYS5814781,D,S,T,2024-06-25,1000000.00,4.229419,102.3515625
08:01:18,91282CKU4,TSRYS5814781,D,S,T,2024-06-25,1000000.00,4.229419,102.3515625
08:01:18,91282CKU4,TSRYS5814781,D,S,T,2024-06-25,1000000.00,4.229419,102.3515625
08:01:18,91282CKU4,TSRYS5814781,D,S,T,2024-06-25,1000000.00,4.229419,102.3515625
08:01:18,91282CKU4,TSRYS5814781,D,S,T,2024-06-25,1000000.00,4.229419,102.3515625
08:01:18,91282CKU4,TSRYS5814781,D,S,T,2024-06-25,1000000.00,4.229419,102.3515625
08:01:18,91282CKU4,TSRYS5814781,D,S,T,2024-06-25,1000000.00,4.229419,102.3515625
08:01:18,91282CKU4,TSRYS5814781,D,S,T,2024-06-25,1000000.00,4.229419,102.3515625
08:01:18,91282CKU4,TSRYS5814781,D,S,T,2024-06-25,1000000.00,4.229419,102.3515625
08:01:18,91282CKU4,TSRYS5814781,D,S,T,2024-06-25,1000000.00,4.229419,102.3515625
08:01:18,91282CKU4,TSRYS5814781,D,S,T,2024-06-25,1000000.00,4.229419,102.3515625
08:01:18,91282CKU4,TSRYS5814781,D,S,D,2024-06-25,1000000.00,4.229743,102.34960937
08:01:18,91282CKU4,TSRYS5814781,D,S,T,2024-06-25,1000000.00,4.225536,102.375
08:01:18,91282CKU4,TSRYS5814781,D,S,T,2024-06-25,2000000.00,4.225536,102.375
08:01:18,91282CKU4,TSRYS5814781,D,S,T,2024-06-25,1000000.00,4.225536,102.375
08:01:18,91282CKU4,TSRYS5814781,D,S,T,2024-06-25,1000000.00,4.229743,102.34960937
08:01:19,91282CKU4,TSRYS5814781,D,S,T,2024-06-25,1000000.00,4.221654,102.3984375
08:01:19,91282CKU4,TSRYS5814781,D,S,T,2024-06-25,1000000.00,4.221654,102.3984375
08:01:19,91282CKU4,TSRYS5814781,D,S,T,2024-06-25,1000000.00,4.221654,102.3984375
08:01:19,91282CKU4,TSRYS5814781,D,S,T,2024-06-25,1000000.00,4.221654,102.3984375
08:01:19,91282CKU4,TSRYS5814781,D,S,T,2024-06-25,1000000.00,4.221654,102.3984375
08:01:19,91282CKU4,TSRYS5814781,D,S,T,2024-06-25,1000000.00,4.221654,102.3984375
08:01:19,91282CKU4,TSRYS5814781,D,S,T,2024-06-25,1000000.00,4.221654,102.3984375
08:01:19,91282CKU4,TSRYS5814781,D,S,T,2024-06-25,1000000.00,4.221654,102.3984375
08:01:19,91282CKU4,TSRYS5814781,D,S,T,2024-06-25,2000000.00,4.221654,102.3984375
08:01:19,91282CKU4,TSRYS5814781,D,S,T,2024-06-25,1000000.00,4.221654,102.3984375
08:01:19,91282CKU4,TSRYS5814781,D,S,T,2024-06-25,1000000.00,4.221654,102.3984375
08:01:19,91282CKU4,TSRYS5814781,D,S,T,2024-06-25,1000000.00,4.228125,102.359375
08:01:19,91282CKU4,TSRYS5814781,D,S,T,2024-06-25,1000000.00,4.228125,102.359375
08:01:19,91282CKU4,TSRYS5814781,D,S,T,2024-06-25,1000000.00,4.228125,102.359375
08:01:19,91282CKU4,TSRYS5814781,D,S,T,2024-06-25,1000000.00,4.228125,102.359375
08:01:19,91282CKU4,TSRYS5814781,D,S,T,2024-06-25,2000000.00,4.228125,102.359375
08:01:19,91282CKU4,TSRYS5814781,D,S,T,2024-06-25,2000000.00,4.228125,102.359375
08:01:19,91282CKU4,TSRYS5814781,D,S,T,2024-06-25,1000000.00,4.225536,102.375
08:01:19,91282CKU4,TSRYS5814781,D,S,T,2024-06-25,1000000.00,4.225536,102.375
08:01:20,91282CKU4,TSRYS5814781,D,S,T,2024-06-25,1000000.00,4.214215,102.443359375
08:01:20,91282CKU4,TSRYS5814781,D,S,T,2024-06-25,1000000.00,4.214215,102.443359375
08:01:20,91282CKU4,TSRYS5814781,D,S,T,2024-06-25,1000000.00,4.214215,102.443359375
08:01:20,91282CKU4,TSRYS5814781,D,S,T,2024-06-25,1000000.00,4.214215,102.443359375
08:01:20,91282CKU4,TSRYS5814781,D,S,D,2024-06-25,1000000.00,4.232009,102.3359375
08:01:20,91282CKU4,TSRYS5814781,D,S,D,2024-06-25,2000000.00,4.232009,102.3359375
08:01:20,91282CKU4,TSRYS5814781,D,S,C,2024-06-25,1000000.00,4.231685,102.33789062
08:01:20,91282CKU4,TSRYS5814781,D,S,C,2024-06-25,2000000.00,4.231685,102.33789062
08:01:20,91282CKU4,TSRYS5814781,D,S,C,2024-06-25,1000000.00,4.231685,102.33789062
08:01:20,91282CKU4,TSRYS5814781,D,S,C,2024-06-25,1000000.00,4.231685,102.33789062
08:01:21,91282CKU4,TSRYS5814781,D,S,D,2024-06-25,1000000.00,4.232009,102.3359375
08:01:21,91282CKU4,TSRYS5814781,D,B,C,2024-06-25,10000000.00,4.231952,102.33628
08:01:21,91282CKU4,TSRYS5814781,D,S,D,2024-06-25,1000000.00,4.231685,102.33789062
08:01:22,91282CKU4,TSRYS5814781,D,S,T,2024-06-25,3000000.00,4.215185,102.4375
08:01:22,91282CKU4,TSRYS5814781,D,S,T,2024-06-25,2000000.00,4.23591,102.3124
08:01:22,91282CKU4,TSRYS5814781,D,S,T,2024-06-25,1000000.00,4.23591,102.3124
08:01:23,91282CKU4,TSRYS5814781,D,S,T,2024-06-25,8550000.00,4.204842,102.5
08:01:23,91282CKU4,TSRYS5814781,D,S,T,2024-06-25,1000000.00,4.235894,102.3125
08:01:23,91282CKU4,TSRYS5814781,D,S,T,2024-06-25,2000000.00,4.23591,102.3124
08:01:23,91282CKU4,TSRYS5814781,D,S,T,2024-06-25,8550000.00,4.204842,102.5
08:01:23,91282CKU4,TSRYS5814781,D,S,T,2024-06-25,4250000.00,4.204842,102.5
08:01:23,91282CKU4,TSRYS5814781,D,S,T,2024-06-25,1000000.00,4.219066,102.4140625
08:01:23,91282CKU4,TSRYS5814781,D,S,T,2024-06-25,1000000.00,4.235894,102.3125
08:01:23,91282CKU4,TSRYS5814781,D,S,T,2024-06-25,1000000.00,4.235894,102.3125
08:01:23,91282CKU4,TSRYS5814781,D,S,T,2024-06-25,1000000.00,4.219066,102.4140625
08:01:23,91282CKU4,TSRYS5814781,D,S,T,2024-06-25,1000000.00,4.219066,102.4140625
08:01:23,91282CKU4,TSRYS5814781,D,S,D,2024-06-25,2000000.00,4.219066,102.4140625
08:01:23,91282CKU4,TSRYS5814781,D,S,T,2024-06-25,1000000.00,4.219066,102.4140625
08:01:23,91282CKU4,TSRYS5814781,D,S,T,2024-06-25,1000000.00,4.235894,102.3125
08:01:23,91282CKU4,TSRYS5814781,D,S,T,2024-06-25,1000000.00,4.235894,102.3125
08:01:23,91282CKU4,TSRYS5814781,D,S,T,2024-06-25,1000000.00,4.219066,102.4140625
08:01:23,91282CKU4,TSRYS5814781,D,S,T,2024-06-25,8550000.00,4.204842,102.5
08:01:23,91282CKU4,TSRYS5814781,D,S,T,2024-06-25,4250000.00,4.204842,102.5
08:01:23,91282CKU4,TSRYS5814781,D,B,C,2024-06-25,1000000.00,4.232332,102.33398437
08:01:24,91282CKU4,TSRYS5814781,D,S,T,2024-06-25,1000000.00,4.219066,102.4140625
08:01:24,91282CKU4,TSRYS5814781,D,S,T,2024-06-25,1000000.00,4.219066,102.4140625
08:01:24,91282CKU4,TSRYS5814781,D,S,T,2024-06-25,2000000.00,4.219066,102.4140625
08:01:24,91282CKU4,TSRYS5814781,D,S,T,2024-06-25,1000000.00,4.219066,102.4140625
08:01:24,91282CKU4,TSRYS5814781,D,S,T,2024-06-25,1000000.00,4.219066,102.4140625
08:01:24,91282CKU4,TSRYS5814781,D,S,T,2024-06-25,1000000.00,4.219066,102.4140625
08:01:24,91282CKU4,TSRYS5814781,D,S,T,2024-06-25,1000000.00,4.219066,102.4140625
08:01:24,91282CKU4,TSRYS5814781,D,S,T,2024-06-25,1000000.00,4.219066,102.4140625
08:01:24,91282CKU4,TSRYS5814781,D,S,T,2024-06-25,1000000.00,4.219066,102.4140625
