tradeTime,cusip,issueSymbolIdentifier,priceType,reportingSideCode,contraPartyTypeCode,tradeDate,reportedTradeVolume,lastSaleYield,lastSalePrice
08:00:00,91282CLM1,TSRYS5893517,D,S,D,2024-10-04,1000000.00,3.706849,99.5
08:00:00,91282CLM1,TSRYS5893517,D,S,D,2024-10-04,1000000.00,3.701714,99.53125
08:00:00,91282CLM1,TSRYS5893517,D,S,T,2024-10-04,1000000.00,3.704602,99.513671875
08:00:00,91282CLM1,TSRYS5893517,D,S,D,2024-10-04,1000000.00,3.704602,99.513671875
08:00:00,91282CLM1,TSRYS5893517,D,S,T,2024-10-04,1000000.00,3.704602,99.513671875
08:00:00,91282CLM1,TSRYS5893517,D,S,T,2024-10-04,1000000.00,3.706528,99.501953125
08:00:00,91282CLM1,TSRYS5893517,D,S,D,2024-10-04,1000000.00,3.706528,99.501953125
08:00:03,91282CLM1,TSRYS5893517,D,S,D,2024-10-04,1000000.00,3.705565,99.5078125
08:00:03,91282CLM1,TSRYS5893517,D,S,T,2024-10-04,1000000.00,3.70717,99.498046875
08:00:03,91282CLM1,TSRYS5893517,D,S,D,2024-10-04,1000000.00,3.707491,99.49609375
08:00:03,91282CLM1,TSRYS5893517,D,S,T,2024-10-04,1000000.00,3.707491,99.49609375
08:00:03,91282CLM1,TSRYS5893517,D,S,T,2024-10-04,1000000.00,3.706207,99.50390625
08:00:03,91282CLM1,TSRYS5893517,D,S,D,2024-10-04,1000000.00,3.705565,99.5078125
08:00:03,91282CLM1,TSRYS5893517,D,S,D,2024-10-04,1000000.00,3.705565,99.5078125
08:00:03,91282CLM1,TSRYS5893517,D,S,D,2024-10-04,1000000.00,3.706528,99.501953125
08:00:03,91282CLM1,TSRYS5893517,D,S,D,2024-10-04,1000000.00,3.706528,99.501953125
08:00:03,91282CLM1,TSRYS5893517,D,S,T,2024-10-04,1000000.00,3.705565,99.5078125
08:00:03,91282CLM1,TSRYS5893517,D,S,T,2024-10-04,1000000.00,3.705565,99.5078125
08:00:03,91282CLM1,TSRYS5893517,D,S,T,2024-10-04,1000000.00,3.705565,99.5078125
08:00:03,91282CLM1,TSRYS5893517,D,S,T,2024-10-04,1000000.00,3.705244,99.509765625
08:00:03,91282CLM1,TSRYS5893517,D,S,T,2024-10-04,1000000.00,3.705565,99.5078125
08:00:03,91282CLM1,TSRYS5893517,D,S,T,2024-10-04,1000000.00,3.706207,99.50390625
08:00:03,91282CLM1,TSRYS5893517,D,S,T,2024-10-04,1000000.00,3.706207,99.50390625
08:00:03,91282CLM1,TSRYS5893517,D,S,T,2024-10-04,1000000.00,3.706207,99.50390625
08:00:03,91282CLM1,TSRYS5893517,D,S,T,2024-10-04,1000000.00,3.706207,99.50390625
08:00:03,91282CLM1,TSRYS5893517,D,S,T,2024-10-04,1000000.00,3.705886,99.505859375
08:00:03,91282CLM1,TSRYS5893517,D,S,T,2024-10-04,1000000.00,3.705886,99.505859375
08:00:03,91282CLM1,TSRYS5893517,D,S,T,2024-10-04,1000000.00,3.705886,99.505859375
08:00:03,91282CLM1,TSRYS5893517,D,S,T,2024-10-04,1000000.00,3.705886,99.505859375
08:00:03,91282CLM1,TSRYS5893517,D,S,T,2024-10-04,1000000.00,3.705886,99.505859375
08:00:03,91282CLM1,TSRYS5893517,D,S,T,2024-10-04,1000000.00,3.705244,99.509765625
08:00:03,91282CLM1,TSRYS5893517,D,S,T,2024-10-04,1000000.00,3.705244,99.509765625
08:00:03,91282CLM1,TSRYS5893517,D,S,D,2024-10-04,1000000.00,3.70396,99.517578125
08:00:03,91282CLM1,TSRYS5893517,D,S,D,2024-10-04,1000000.00,3.703639,99.51953125
08:00:03,91282CLM1,TSRYS5893517,D,S,D,2024-10-04,1000000.00,3.703639,99.51953125
08:00:03,91282CLM1,TSRYS5893517,D,S,D,2024-10-04,2000000.00,3.706207,99.50390625
08:00:03,91282CLM1,TSRYS5893517,D,S,D,2024-10-04,1000000.00,3.706207,99.50390625
08:00:03,91282CLM1,TSRYS5893517,D,S,D,2024-10-04,1000000.00,3.70717,99.498046875
08:00:03,91282CLM1,TSRYS5893517,D,S,D,2024-10-04,1000000.00,3.70717,99.498046875
08:00:03,91282CLM1,TSRYS5893517,D,S,T,2024-10-04,1000000.00,3.70717,99.498046875
08:00:03,91282CLM1,TSRYS5893517,D,S,D,2024-10-04,1000000.00,3.706849,99.5
08:00:03,91282CLM1,TSRYS5893517,D,S,D,2024-10-04,1000000.00,3.706528,99.501953125
08:00:03,91282CLM1,TSRYS5893517,D,S,D,2024-10-04,1000000.00,3.706849,99.5
08:00:03,91282CLM1,TSRYS5893517,D,S,D,2024-10-04,1000000.00,3.706849,99.5
08:00:03,91282CLM1,TSRYS5893517,D,S,T,2024-10-04,1000000.00,3.706849,99.5
08:00:03,91282CLM1,TSRYS5893517,D,S,D,2024-10-04,1000000.00,3.706528,99.501953125
08:00:03,91282CLM1,TSRYS5893517,D,S,D,2024-10-04,1000000.00,3.706849,99.5
08:00:03,91282CLM1,TSRYS5893517,D,S,D,2024-10-04,1000000.00,3.706528,99.501953125
08:00:03,91282CLM1,TSRYS5893517,D,S,D,2024-10-04,1000000.00,3.706849,99.5
08:00:03,91282CLM1,TSRYS5893517,D,S,D,2024-10-04,1000000.00,3.708454,99.490234375
08:00:03,91282CLM1,TSRYS5893517,D,S,D,2024-10-04,2000000.00,3.70717,99.498046875
08:00:03,91282CLM1,TSRYS5893517,D,S,T,2024-10-04,1000000.00,3.705886,99.505859375
08:00:03,91282CLM1,TSRYS5893517,D,S,D,2024-10-04,1000000.00,3.70043,99.5390625
08:00:03,91282CLM1,TSRYS5893517,D,S,D,2024-10-04,1000000.00,3.701393,99.533203125
08:00:03,91282CLM1,TSRYS5893517,D,S,T,2024-10-04,1000000.00,3.702676,99.525390625
08:00:03,91282CLM1,TSRYS5893517,D,S,D,2024-10-04,2000000.00,3.71006,99.48046875
08:00:03,91282CLM1,TSRYS5893517,D,S,D,2024-10-04,2000000.00,3.709739,99.482421875
08:00:03,91282CLM1,TSRYS5893517,D,S,D,2024-10-04,1000000.00,3.706207,99.50390625
08:00:03,91282CLM1,TSRYS5893517,D,S,D,2024-10-04,2000000.00,3.706207,99.50390625
08:00:03,91282CLM1,TSRYS5893517,D,S,D,2024-10-04,2000000.00,3.706207,99.50390625
08:00:03,91282CLM1,TSRYS5893517,D,S,T,2024-10-04,2000000.00,3.708454,99.490234375
08:00:03,91282CLM1,TSRYS5893517,D,S,D,2024-10-04,1000000.00,3.709739,99.482421875
08:00:03,91282CLM1,TSRYS5893517,D,S,D,2024-10-04,1000000.00,3.708454,99.490234375
08:00:03,91282CLM1,TSRYS5893517,D,S,T,2024-10-04,1000000.00,3.704602,99.513671875
08:00:03,91282CLM1,TSRYS5893517,D,S,T,2024-10-04,2000000.00,3.709739,99.482421875
08:00:03,91282CLM1,TSRYS5893517,D,S,T,2024-10-04,1000000.00,3.709739,99.482421875
08:00:03,91282CLM1,TSRYS5893517,D,S,T,2024-10-04,2000000.00,3.709418,99.484375
08:00:03,91282CLM1,TSRYS5893517,D,S,T,2024-10-04,1000000.00,3.717126,99.4375
08:00:03,91282CLM1,TSRYS5893517,D,S,T,2024-10-04,1000000.00,3.722589,99.404296875
08:00:03,91282CLM1,TSRYS5893517,D,S,T,2024-10-04,1000000.00,3.720982,99.4140625
08:00:03,91282CLM1,TSRYS5893517,D,S,T,2024-10-04,1000000.00,3.721303,99.412109375
08:00:03,91282CLM1,TSRYS5893517,D,S,D,2024-10-04,2000000.00,3.729983,99.359375
08:00:03,91282CLM1,TSRYS5893517,D,S,D,2024-10-04,1000000.00,3.729983,99.359375
08:00:03,91282CLM1,TSRYS5893517,D,S,D,2024-10-04,1000000.00,3.729983,99.359375
08:00:03,91282CLM1,TSRYS5893517,D,S,D,2024-10-04,2000000.00,3.729983,99.359375
08:00:03,91282CLM1,TSRYS5893517,D,S,D,2024-10-04,2000000.00,3.729983,99.359375
08:00:03,91282CLM1,TSRYS5893517,D,S,D,2024-10-04,2000000.00,3.730947,99.353515625
08:00:03,91282CLM1,TSRYS5893517,D,S,D,2024-10-04,2000000.00,3.731912,99.34765625
08:00:03,91282CLM1,TSRYS5893517,D,S,D,2024-10-04,1300000.00,3.731912,99.34765625
08:00:03,91282CLM1,TSRYS5893517,D,S,T,2024-10-04,1000000.00,3.73159,99.349609375
08:00:03,91282CLM1,TSRYS5893517,D,S,T,2024-10-04,1000000.00,3.732555,99.34375
08:00:03,91282CLM1,TSRYS5893517,D,S,T,2024-10-04,1000000.00,3.732555,99.34375
08:00:03,91282CLM1,TSRYS5893517,D,S,D,2024-10-04,1000000.00,3.732555,99.34375
08:00:03,91282CLM1,TSRYS5893517,D,S,D,2024-10-04,1000000.00,3.732555,99.34375
08:00:03,91282CLM1,TSRYS5893517,D,S,T,2024-10-04,2000000.00,3.732555,99.34375
08:00:03,91282CLM1,TSRYS5893517,D,S,D,2024-10-04,1000000.00,3.732555,99.34375
08:00:03,91282CLM1,TSRYS5893517,D,S,T,2024-10-04,1000000.00,3.733198,99.33984375
08:00:03,91282CLM1,TSRYS5893517,D,S,T,2024-10-04,2000000.00,3.732877,99.341796875
08:00:03,91282CLM1,TSRYS5893517,D,S,T,2024-10-04,2000000.00,3.732877,99.341796875
08:00:03,91282CLM1,TSRYS5893517,D,S,T,2024-10-04,1000000.00,3.734163,99.333984375
08:00:03,91282CLM1,TSRYS5893517,D,S,D,2024-10-04,1000000.00,3.733198,99.33984375
08:00:03,91282CLM1,TSRYS5893517,D,S,D,2024-10-04,1000000.00,3.732234,99.345703125
08:00:03,91282CLM1,TSRYS5893517,D,S,D,2024-10-04,1000000.00,3.732234,99.345703125
08:00:03,91282CLM1,TSRYS5893517,D,S,T,2024-10-04,2000000.00,3.730947,99.353515625
08:00:03,91282CLM1,TSRYS5893517,D,S,T,2024-10-04,1000000.00,3.731269,99.3515625
08:00:03,91282CLM1,TSRYS5893517,D,S,D,2024-10-04,1000000.00,3.738024,99.310546875
08:00:03,91282CLM1,TSRYS5893517,D,S,D,2024-10-04,2000000.00,3.73545,99.326171875
08:00:07,91282CLM1,TSRYS5893517,D,S,D,2024-10-04,1000000.00,3.706849,99.5
08:00:07,91282CLM1,TSRYS5893517,D,S,D,2024-10-04,7000000.00,3.706849,99.5
08:00:07,91282CLM1,TSRYS5893517,D,S,D,2024-10-04,1000000.00,3.70717,99.498046875
08:00:12,91282CLM1,TSRYS5893517,D,S,T,2024-10-04,1000000.00,3.703639,99.51953125
08:00:12,91282CLM1,TSRYS5893517,D,S,T,2024-10-04,1000000.00,3.704281,99.515625
08:00:12,91282CLM1,TSRYS5893517,D,S,T,2024-10-04,1000000.00,3.706207,99.50390625
08:00:12,91282CLM1,TSRYS5893517,D,S,T,2024-10-04,1000000.00,3.705886,99.505859375
08:00:12,91282CLM1,TSRYS5893517,D,S,T,2024-10-04,1000000.00,3.70396,99.517578125
08:00:12,91282CLM1,TSRYS5893517,D,S,T,2024-10-04,1000000.00,3.70396,99.517578125
08:00:12,91282CLM1,TSRYS5893517,D,S,T,2024-10-04,1000000.00,3.702676,99.525390625
08:00:12,91282CLM1,TSRYS5893517,D,S,T,2024-10-04,1000000.00,3.702676,99.525390625
08:00:12,91282CLM1,TSRYS5893517,D,S,D,2024-10-04,1000000.00,3.702676,99.525390625
08:00:12,91282CLM1,TSRYS5893517,D,S,T,2024-10-04,1000000.00,3.707812,99.494140625
08:00:12,91282CLM1,TSRYS5893517,D,S,T,2024-10-04,1000000.00,3.707812,99.494140625
08:00:12,91282CLM1,TSRYS5893517,D,S,T,2024-10-04,1000000.00,3.707812,99.494140625
08:00:12,91282CLM1,TSRYS5893517,D,S,T,2024-10-04,1000000.00,3.706207,99.50390625
08:00:12,91282CLM1,TSRYS5893517,D,S,T,2024-10-04,1000000.00,3.706207,99.50390625
08:00:12,91282CLM1,TSRYS5893517,D,S,T,2024-10-04,1000000.00,3.706528,99.501953125
08:00:12,91282CLM1,TSRYS5893517,D,S,T,2024-10-04,1000000.00,3.706207,99.50390625
08:00:12,91282CLM1,TSRYS5893517,D,S,T,2024-10-04,1000000.00,3.706207,99.50390625
08:00:12,91282CLM1,TSRYS5893517,D,S,T,2024-10-04,1000000.00,3.706207,99.50390625
08:00:12,91282CLM1,TSRYS5893517,D,S,T,2024-10-04,1000000.00,3.706207,99.50390625
08:00:12,91282CLM1,TSRYS5893517,D,S,T,2024-10-04,1000000.00,3.706207,99.50390625
08:00:12,91282CLM1,TSRYS5893517,D,S,T,2024-10-04,1000000.00,3.705565,99.5078125
08:00:12,91282CLM1,TSRYS5893517,D,S,T,2024-10-04,1000000.00,3.711023,99.474609375
08:00:12,91282CLM1,TSRYS5893517,D,S,T,2024-10-04,1000000.00,3.710702,99.4765625
08:00:13,91282CLM1,TSRYS5893517,D,S,T,2024-10-04,1000000.00,3.706849,99.5
08:00:13,91282CLM1,TSRYS5893517,D,S,D,2024-10-04,1000000.00,3.703639,99.51953125
08:00:13,91282CLM1,TSRYS5893517,D,S,D,2024-10-04,1000000.00,3.703639,99.51953125
08:00:13,91282CLM1,TSRYS5893517,D,S,T,2024-10-04,1000000.00,3.703639,99.51953125
08:00:13,91282CLM1,TSRYS5893517,D,S,T,2024-10-04,1000000.00,3.703639,99.51953125
08:00:13,91282CLM1,TSRYS5893517,D,S,D,2024-10-04,1000000.00,3.70396,99.517578125
08:00:13,91282CLM1,TSRYS5893517,D,S,D,2024-10-04,1000000.00,3.70396,99.517578125
08:00:13,91282CLM1,TSRYS5893517,D,S,T,2024-10-04,1000000.00,3.70396,99.517578125
08:00:13,91282CLM1,TSRYS5893517,D,S,T,2024-10-04,1000000.00,3.70396,99.517578125
08:00:13,91282CLM1,TSRYS5893517,D,S,T,2024-10-04,1000000.00,3.70396,99.517578125
08:00:13,91282CLM1,TSRYS5893517,D,S,T,2024-10-04,1000000.00,3.70396,99.517578125
08:00:13,91282CLM1,TSRYS5893517,D,S,T,2024-10-04,1000000.00,3.70396,99.517578125
08:00:13,91282CLM1,TSRYS5893517,D,S,T,2024-10-04,1000000.00,3.704281,99.515625
08:00:13,91282CLM1,TSRYS5893517,D,S,T,2024-10-04,1000000.00,3.704281,99.515625
08:00:13,91282CLM1,TSRYS5893517,D,S,T,2024-10-04,1000000.00,3.702997,99.5234375
08:00:13,91282CLM1,TSRYS5893517,D,S,T,2024-10-04,1000000.00,3.702355,99.52734375
08:00:13,91282CLM1,TSRYS5893517,D,S,T,2024-10-04,1000000.00,3.702355,99.52734375
08:00:13,91282CLM1,TSRYS5893517,D,S,T,2024-10-04,1000000.00,3.701714,99.53125
08:00:13,91282CLM1,TSRYS5893517,D,S,T,2024-10-04,1000000.00,3.70043,99.5390625
08:00:13,91282CLM1,TSRYS5893517,D,S,T,2024-10-04,1000000.00,3.702997,99.5234375
08:00:13,91282CLM1,TSRYS5893517,D,S,T,2024-10-04,1000000.00,3.702997,99.5234375
08:00:13,91282CLM1,TSRYS5893517,D,S,T,2024-10-04,1000000.00,3.702997,99.5234375
08:00:13,91282CLM1,TSRYS5893517,D,S,D,2024-10-04,1000000.00,3.702676,99.525390625
08:00:13,91282CLM1,TSRYS5893517,D,S,D,2024-10-04,1000000.00,3.702676,99.525390625
08:00:13,91282CLM1,TSRYS5893517,D,S,D,2024-10-04,1000000.00,3.706207,99.50390625
08:00:13,91282CLM1,TSRYS5893517,D,S,D,2024-10-04,1000000.00,3.70396,99.517578125
08:00:13,91282CLM1,TSRYS5893517,D,S,D,2024-10-04,1000000.00,3.709418,99.484375
08:00:13,91282CLM1,TSRYS5893517,D,S,T,2024-10-04,1000000.00,3.705886,99.505859375
08:00:13,91282CLM1,TSRYS5893517,D,S,T,2024-10-04,1000000.00,3.705565,99.5078125
08:00:13,91282CLM1,TSRYS5893517,D,S,T,2024-10-04,1000000.00,3.705565,99.5078125
08:00:13,91282CLM1,TSRYS5893517,D,S,T,2024-10-04,1000000.00,3.705886,99.505859375
08:00:13,91282CLM1,TSRYS5893517,D,S,T,2024-10-04,1000000.00,3.705565,99.5078125
08:00:13,91282CLM1,TSRYS5893517,D,S,T,2024-10-04,1000000.00,3.705565,99.5078125
08:00:13,91282CLM1,TSRYS5893517,D,S,T,2024-10-04,3000000.00,3.710702,99.4765625
08:00:13,91282CLM1,TSRYS5893517,D,S,T,2024-10-04,1000000.00,3.715841,99.4453125
08:00:13,91282CLM1,TSRYS5893517,D,S,T,2024-10-04,1000000.00,3.715841,99.4453125
08:00:13,91282CLM1,TSRYS5893517,D,S,T,2024-10-04,1000000.00,3.716483,99.44140625
08:00:13,91282CLM1,TSRYS5893517,D,S,T,2024-10-04,1000000.00,3.731912,99.34765625
08:00:13,91282CLM1,TSRYS5893517,D,S,T,2024-10-04,1000000.00,3.732555,99.34375
08:00:13,91282CLM1,TSRYS5893517,D,S,D,2024-10-04,1000000.00,3.707812,99.494140625
08:00:14,91282CLM1,TSRYS5893517,D,S,D,2024-10-04,1000000.00,3.706849,99.5
08:00:17,91282CLM1,TSRYS5893517,D,S,D,2024-10-04,1000000.00,3.704281,99.515625
08:00:17,91282CLM1,TSRYS5893517,D,B,C,2024-10-04,1000000.00,3.704281,99.515625
08:00:21,91282CLM1,TSRYS5893517,D,S,T,2024-10-04,1000000.00,3.738346,99.30859375
08:00:22,91282CLM1,TSRYS5893517,D,S,A,2024-10-04,90000000.00,3.705565,99.5078125
08:00:27,91282CLM1,TSRYS5893517,D,S,D,2024-10-04,1000000.00,3.710702,99.4765625
08:00:27,91282CLM1,TSRYS5893517,D,S,D,2024-10-04,1000000.00,3.708133,99.4921875
08:00:27,91282CLM1,TSRYS5893517,D,S,T,2024-10-04,1000000.00,3.722267,99.40625
08:00:27,91282CLM1,TSRYS5893517,D,S,T,2024-10-04,1000000.00,3.723553,99.3984375
08:00:28,91282CLM1,TSRYS5893517,D,S,D,2024-10-04,1000000.00,3.706849,99.5
08:00:28,91282CLM1,TSRYS5893517,D,S,T,2024-10-04,2000000.00,3.702997,99.5234375
08:00:28,91282CLM1,TSRYS5893517,D,S,D,2024-10-04,1000000.00,3.709418,99.484375
08:00:28,91282CLM1,TSRYS5893517,D,S,T,2024-10-04,1000000.00,3.704602,99.513671875
08:00:28,91282CLM1,TSRYS5893517,D,S,D,2024-10-04,1000000.00,3.715841,99.4453125
08:00:28,91282CLM1,TSRYS5893517,D,S,D,2024-10-04,1000000.00,3.715841,99.4453125
08:00:28,91282CLM1,TSRYS5893517,D,S,D,2024-10-04,1000000.00,3.715841,99.4453125
08:00:28,91282CLM1,TSRYS5893517,D,S,D,2024-10-04,1000000.00,3.720982,99.4140625
08:00:28,91282CLM1,TSRYS5893517,D,S,D,2024-10-04,1000000.00,3.722267,99.40625
08:00:28,91282CLM1,TSRYS5893517,D,S,D,2024-10-04,1000000.00,3.722267,99.40625
08:00:28,91282CLM1,TSRYS5893517,D,S,C,2024-10-04,4000000.00,3.720982,99.4140625
08:00:29,91282CLM1,TSRYS5893517,D,S,D,2024-10-04,1000000.00,3.702997,99.5234375
08:00:30,91282CLM1,TSRYS5893517,D,S,T,2024-10-04,1000000.00,3.708133,99.4921875
08:00:30,91282CLM1,TSRYS5893517,D,S,T,2024-10-04,1000000.00,3.708133,99.4921875
08:00:30,91282CLM1,TSRYS5893517,D,S,T,2024-10-04,1000000.00,3.707812,99.494140625
08:00:30,91282CLM1,TSRYS5893517,D,S,T,2024-10-04,1000000.00,3.707812,99.494140625
08:00:30,91282CLM1,TSRYS5893517,D,S,T,2024-10-04,1000000.00,3.71006,99.48046875
08:00:30,91282CLM1,TSRYS5893517,D,S,T,2024-10-04,1000000.00,3.71006,99.48046875
08:00:30,91282CLM1,TSRYS5893517,D,S,T,2024-10-04,1000000.00,3.706207,99.50390625
08:00:30,91282CLM1,TSRYS5893517,D,S,T,2024-10-04,1000000.00,3.701714,99.53125
08:00:30,91282CLM1,TSRYS5893517,D,S,T,2024-10-04,1000000.00,3.701714,99.53125
08:00:30,91282CLM1,TSRYS5893517,D,S,T,2024-10-04,1000000.00,3.701714,99.53125
08:00:30,91282CLM1,TSRYS5893517,D,S,T,2024-10-04,1000000.00,3.701714,99.53125
08:00:30,91282CLM1,TSRYS5893517,D,S,T,2024-10-04,1000000.00,3.701714,99.53125
08:00:30,91282CLM1,TSRYS5893517,D,S,T,2024-10-04,1000000.00,3.707491,99.49609375
08:00:30,91282CLM1,TSRYS5893517,D,S,T,2024-10-04,1000000.00,3.707491,99.49609375
08:00:30,91282CLM1,TSRYS5893517,D,S,T,2024-10-04,1000000.00,3.707491,99.49609375
08:00:30,91282CLM1,TSRYS5893517,D,S,T,2024-10-04,1000000.00,3.707491,99.49609375
08:00:30,91282CLM1,TSRYS5893517,D,S,T,2024-10-04,1000000.00,3.70717,99.498046875
08:00:30,91282CLM1,TSRYS5893517,D,S,D,2024-10-04,1000000.00,3.704281,99.515625
08:00:30,91282CLM1,TSRYS5893517,D,S,D,2024-10-04,1000000.00,3.704281,99.515625
08:00:30,91282CLM1,TSRYS5893517,D,S,T,2024-10-04,1000000.00,3.705565,99.5078125
08:00:30,91282CLM1,TSRYS5893517,D,S,D,2024-10-04,1000000.00,3.704281,99.515625
08:00:30,91282CLM1,TSRYS5893517,D,S,T,2024-10-04,1000000.00,3.704281,99.515625
08:00:30,91282CLM1,TSRYS5893517,D,S,T,2024-10-04,1000000.00,3.71006,99.48046875
08:00:30,91282CLM1,TSRYS5893517,D,S,T,2024-10-04,1000000.00,3.71006,99.48046875
08:00:30,91282CLM1,TSRYS5893517,D,S,T,2024-10-04,1000000.00,3.711344,99.47265625
08:00:30,91282CLM1,TSRYS5893517,D,S,T,2024-10-04,1000000.00,3.711023,99.474609375
08:00:30,91282CLM1,TSRYS5893517,D,S,T,2024-10-04,1000000.00,3.710702,99.4765625
08:00:30,91282CLM1,TSRYS5893517,D,S,T,2024-10-04,1000000.00,3.709739,99.482421875
08:00:30,91282CLM1,TSRYS5893517,D,S,T,2024-10-04,1000000.00,3.709097,99.486328125
08:00:30,91282CLM1,TSRYS5893517,D,S,T,2024-10-04,1000000.00,3.708776,99.48828125
08:00:30,91282CLM1,TSRYS5893517,D,S,T,2024-10-04,1000000.00,3.708776,99.48828125
08:00:30,91282CLM1,TSRYS5893517,D,S,T,2024-10-04,1000000.00,3.712629,99.46484375
08:00:30,91282CLM1,TSRYS5893517,D,S,T,2024-10-04,1000000.00,3.711023,99.474609375
08:00:30,91282CLM1,TSRYS5893517,D,S,T,2024-10-04,1000000.00,3.711023,99.474609375
08:00:30,91282CLM1,TSRYS5893517,D,S,T,2024-10-04,1000000.00,3.70717,99.498046875
08:00:30,91282CLM1,TSRYS5893517,D,S,T,2024-10-04,1000000.00,3.706528,99.501953125
08:00:30,91282CLM1,TSRYS5893517,D,S,T,2024-10-04,1000000.00,3.705886,99.505859375
08:00:30,91282CLM1,TSRYS5893517,D,S,T,2024-10-04,1000000.00,3.705565,99.5078125
08:00:30,91282CLM1,TSRYS5893517,D,S,T,2024-10-04,1000000.00,3.705565,99.5078125
08:00:30,91282CLM1,TSRYS5893517,D,S,T,2024-10-04,1000000.00,3.699467,99.544921875
08:00:30,91282CLM1,TSRYS5893517,D,S,T,2024-10-04,1000000.00,3.701714,99.53125
08:00:30,91282CLM1,TSRYS5893517,D,S,T,2024-10-04,1000000.00,3.699146,99.546875
08:00:30,91282CLM1,TSRYS5893517,D,S,T,2024-10-04,1000000.00,3.700109,99.541015625
08:00:30,91282CLM1,TSRYS5893517,D,S,T,2024-10-04,1000000.00,3.700109,99.541015625
08:00:30,91282CLM1,TSRYS5893517,D,S,T,2024-10-04,1000000.00,3.702355,99.52734375
08:00:30,91282CLM1,TSRYS5893517,D,S,T,2024-10-04,1000000.00,3.702355,99.52734375
08:00:30,91282CLM1,TSRYS5893517,D,S,T,2024-10-04,1000000.00,3.702034,99.529296875
08:00:30,91282CLM1,TSRYS5893517,D,S,T,2024-10-04,1000000.00,3.702676,99.525390625
08:00:30,91282CLM1,TSRYS5893517,D,S,T,2024-10-04,1000000.00,3.702355,99.52734375
08:00:30,91282CLM1,TSRYS5893517,D,S,T,2024-10-04,1000000.00,3.702676,99.525390625
08:00:30,91282CLM1,TSRYS5893517,D,S,T,2024-10-04,1000000.00,3.702355,99.52734375
08:00:30,91282CLM1,TSRYS5893517,D,S,T,2024-10-04,2000000.00,3.702355,99.52734375
08:00:30,91282CLM1,TSRYS5893517,D,S,T,2024-10-04,2000000.00,3.702355,99.52734375
08:00:30,91282CLM1,TSRYS5893517,D,S,T,2024-10-04,3000000.00,3.706849,99.5
08:00:30,91282CLM1,TSRYS5893517,D,S,T,2024-10-04,2000000.00,3.706849,99.5
08:00:30,91282CLM1,TSRYS5893517,D,S,T,2024-10-04,2000000.00,3.706849,99.5
08:00:30,91282CLM1,TSRYS5893517,D,S,T,2024-10-04,2000000.00,3.708133,99.4921875
08:00:30,91282CLM1,TSRYS5893517,D,S,T,2024-10-04,1000000.00,3.708133,99.4921875
08:00:30,91282CLM1,TSRYS5893517,D,S,T,2024-10-04,1000000.00,3.706849,99.5
08:00:30,91282CLM1,TSRYS5893517,D,S,T,2024-10-04,1000000.00,3.706849,99.5
08:00:30,91282CLM1,TSRYS5893517,D,S,T,2024-10-04,1000000.00,3.705886,99.505859375
08:00:30,91282CLM1,TSRYS5893517,D,S,T,2024-10-04,1000000.00,3.705886,99.505859375
08:00:30,91282CLM1,TSRYS5893517,D,S,T,2024-10-04,1000000.00,3.706528,99.501953125
08:00:30,91282CLM1,TSRYS5893517,D,S,T,2024-10-04,1000000.00,3.706528,99.501953125
08:00:30,91282CLM1,TSRYS5893517,D,S,T,2024-10-04,1000000.00,3.706528,99.501953125
08:00:30,91282CLM1,TSRYS5893517,D,S,T,2024-10-04,1000000.00,3.707812,99.494140625
08:00:30,91282CLM1,TSRYS5893517,D,S,T,2024-10-04,1000000.00,3.708133,99.4921875
08:00:30,91282CLM1,TSRYS5893517,D,S,T,2024-10-04,1000000.00,3.708133,99.4921875
08:00:30,91282CLM1,TSRYS5893517,D,S,T,2024-10-04,1000000.00,3.708776,99.48828125
08:00:30,91282CLM1,TSRYS5893517,D,S,T,2024-10-04,1000000.00,3.708776,99.48828125
08:00:30,91282CLM1,TSRYS5893517,D,S,T,2024-10-04,1000000.00,3.707491,99.49609375
08:00:30,91282CLM1,TSRYS5893517,D,S,T,2024-10-04,1000000.00,3.707812,99.494140625
08:00:30,91282CLM1,TSRYS5893517,D,S,T,2024-10-04,1000000.00,3.707812,99.494140625
08:00:30,91282CLM1,TSRYS5893517,D,S,T,2024-10-04,1000000.00,3.705565,99.5078125
08:00:30,91282CLM1,TSRYS5893517,D,S,T,2024-10-04,1000000.00,3.709097,99.486328125
08:00:30,91282CLM1,TSRYS5893517,D,S,T,2024-10-04,1000000.00,3.707491,99.49609375
08:00:30,91282CLM1,TSRYS5893517,D,S,T,2024-10-04,1000000.00,3.705886,99.505859375
08:00:30,91282CLM1,TSRYS5893517,D,S,T,2024-10-04,1000000.00,3.705886,99.505859375
08:00:30,91282CLM1,TSRYS5893517,D,S,T,2024-10-04,1000000.00,3.706528,99.501953125
08:00:30,91282CLM1,TSRYS5893517,D,S,T,2024-10-04,1000000.00,3.702676,99.525390625
08:00:30,91282CLM1,TSRYS5893517,D,S,T,2024-10-04,1000000.00,3.709097,99.486328125
08:00:30,91282CLM1,TSRYS5893517,D,S,T,2024-10-04,1000000.00,3.709097,99.486328125
08:00:30,91282CLM1,TSRYS5893517,D,S,T,2024-10-04,1000000.00,3.708133,99.4921875
08:00:30,91282CLM1,TSRYS5893517,D,S,T,2024-10-04,1000000.00,3.709739,99.482421875
08:00:30,91282CLM1,TSRYS5893517,D,S,T,2024-10-04,1000000.00,3.708133,99.4921875
08:00:30,91282CLM1,TSRYS5893517,D,S,T,2024-10-04,1000000.00,3.708133,99.4921875
08:00:30,91282CLM1,TSRYS5893517,D,S,T,2024-10-04,1000000.00,3.706528,99.501953125
08:00:30,91282CLM1,TSRYS5893517,D,S,T,2024-10-04,1000000.00,3.711023,99.474609375
08:00:30,91282CLM1,TSRYS5893517,D,S,T,2024-10-04,1000000.00,3.711023,99.474609375
08:00:30,91282CLM1,TSRYS5893517,D,S,T,2024-10-04,1000000.00,3.710381,99.478515625
08:00:30,91282CLM1,TSRYS5893517,D,S,T,2024-10-04,1000000.00,3.710702,99.4765625
08:00:30,91282CLM1,TSRYS5893517,D,S,T,2024-10-04,1000000.00,3.710702,99.4765625
08:00:30,91282CLM1,TSRYS5893517,D,S,T,2024-10-04,1000000.00,3.710381,99.478515625
08:00:30,91282CLM1,TSRYS5893517,D,S,T,2024-10-04,1000000.00,3.710381,99.478515625
08:00:30,91282CLM1,TSRYS5893517,D,S,T,2024-10-04,1000000.00,3.71006,99.48046875
08:00:30,91282CLM1,TSRYS5893517,D,S,T,2024-10-04,1000000.00,3.708454,99.490234375
08:00:30,91282CLM1,TSRYS5893517,D,S,T,2024-10-04,1000000.00,3.708454,99.490234375
08:00:30,91282CLM1,TSRYS5893517,D,S,T,2024-10-04,1000000.00,3.708133,99.4921875
08:00:30,91282CLM1,TSRYS5893517,D,S,T,2024-10-04,1000000.00,3.711987,99.46875
08:00:30,91282CLM1,TSRYS5893517,D,S,D,2024-10-04,1000000.00,3.702997,99.5234375
08:00:30,91282CLM1,TSRYS5893517,D,S,T,2024-10-04,1000000.00,3.717126,99.4375
08:00:30,91282CLM1,TSRYS5893517,D,S,T,2024-10-04,1000000.00,3.717126,99.4375
08:00:30,91282CLM1,TSRYS5893517,D,S,T,2024-10-04,1000000.00,3.72291,99.40234375
08:00:30,91282CLM1,TSRYS5893517,D,S,T,2024-10-04,1000000.00,3.731269,99.3515625
08:00:30,91282CLM1,TSRYS5893517,D,S,T,2024-10-04,1000000.00,3.733198,99.33984375
08:00:30,91282CLM1,TSRYS5893517,D,S,T,2024-10-04,1000000.00,3.732877,99.341796875
08:00:30,91282CLM1,TSRYS5893517,D,S,T,2024-10-04,1000000.00,3.733198,99.33984375
08:00:30,91282CLM1,TSRYS5893517,D,S,T,2024-10-04,1000000.00,3.732877,99.341796875
08:00:30,91282CLM1,TSRYS5893517,D,S,T,2024-10-04,1000000.00,3.732234,99.345703125
08:00:30,91282CLM1,TSRYS5893517,D,S,T,2024-10-04,1000000.00,3.732234,99.345703125
08:00:30,91282CLM1,TSRYS5893517,D,S,T,2024-10-04,1000000.00,3.730947,99.353515625
08:00:30,91282CLM1,TSRYS5893517,D,S,T,2024-10-04,1000000.00,3.733842,99.3359375
08:00:30,91282CLM1,TSRYS5893517,D,S,D,2024-10-04,1000000.00,3.735128,99.328125
08:00:30,91282CLM1,TSRYS5893517,D,S,T,2024-10-04,1000000.00,3.735128,99.328125
08:00:30,91282CLM1,TSRYS5893517,D,S,T,2024-10-04,1000000.00,3.73738,99.314453125
08:00:30,91282CLM1,TSRYS5893517,D,S,T,2024-10-04,1000000.00,3.73738,99.314453125
08:00:30,91282CLM1,TSRYS5893517,D,S,T,2024-10-04,1000000.00,3.736093,99.322265625
08:00:30,91282CLM1,TSRYS5893517,D,S,T,2024-10-04,1000000.00,3.708133,99.4921875
08:00:30,91282CLM1,TSRYS5893517,D,S,T,2024-10-04,1000000.00,3.707812,99.494140625
08:00:30,91282CLM1,TSRYS5893517,D,S,T,2024-10-04,1000000.00,3.708133,99.4921875
08:00:30,91282CLM1,TSRYS5893517,D,S,T,2024-10-04,1000000.00,3.711987,99.46875
08:00:30,91282CLM1,TSRYS5893517,D,S,T,2024-10-04,1000000.00,3.710702,99.4765625
08:00:30,91282CLM1,TSRYS5893517,D,S,T,2024-10-04,1000000.00,3.708133,99.4921875
08:00:30,91282CLM1,TSRYS5893517,D,S,T,2024-10-04,1000000.00,3.710381,99.478515625
08:00:30,91282CLM1,TSRYS5893517,D,S,T,2024-10-04,1000000.00,3.71006,99.48046875
08:00:30,91282CLM1,TSRYS5893517,D,S,T,2024-10-04,1000000.00,3.71006,99.48046875
08:00:30,91282CLM1,TSRYS5893517,D,S,T,2024-10-04,1000000.00,3.71006,99.48046875
08:00:30,91282CLM1,TSRYS5893517,D,S,T,2024-10-04,1000000.00,3.708133,99.4921875
08:00:30,91282CLM1,TSRYS5893517,D,S,T,2024-10-04,1000000.00,3.702997,99.5234375
08:00:30,91282CLM1,TSRYS5893517,D,S,T,2024-10-04,1000000.00,3.704281,99.515625
08:00:30,91282CLM1,TSRYS5893517,D,S,T,2024-10-04,1000000.00,3.706849,99.5
08:00:30,91282CLM1,TSRYS5893517,D,S,T,2024-10-04,1000000.00,3.706849,99.5
08:00:30,91282CLM1,TSRYS5893517,D,S,T,2024-10-04,1000000.00,3.706849,99.5
08:00:30,91282CLM1,TSRYS5893517,D,S,T,2024-10-04,1000000.00,3.705565,99.5078125
08:00:30,91282CLM1,TSRYS5893517,D,S,T,2024-10-04,1000000.00,3.705565,99.5078125
08:00:30,91282CLM1,TSRYS5893517,D,S,T,2024-10-04,1000000.00,3.706849,99.5
08:00:30,91282CLM1,TSRYS5893517,D,S,T,2024-10-04,1000000.00,3.708133,99.4921875
08:00:30,91282CLM1,TSRYS5893517,D,S,T,2024-10-04,1000000.00,3.708133,99.4921875
08:00:30,91282CLM1,TSRYS5893517,D,S,T,2024-10-04,1000000.00,3.708133,99.4921875
08:00:30,91282CLM1,TSRYS5893517,D,S,T,2024-10-04,1000000.00,3.708133,99.4921875
08:00:30,91282CLM1,TSRYS5893517,D,S,T,2024-10-04,1000000.00,3.708133,99.4921875
08:00:30,91282CLM1,TSRYS5893517,D,S,T,2024-10-04,1000000.00,3.708133,99.4921875
08:00:30,91282CLM1,TSRYS5893517,D,S,T,2024-10-04,1000000.00,3.701714,99.53125
08:00:30,91282CLM1,TSRYS5893517,D,S,T,2024-10-04,1000000.00,3.704281,99.515625
08:00:30,91282CLM1,TSRYS5893517,D,S,T,2024-10-04,1000000.00,3.704281,99.515625
08:00:30,91282CLM1,TSRYS5893517,D,S,T,2024-10-04,1000000.00,3.704281,99.515625
08:00:30,91282CLM1,TSRYS5893517,D,S,T,2024-10-04,1000000.00,3.704281,99.515625
08:00:30,91282CLM1,TSRYS5893517,D,S,T,2024-10-04,1000000.00,3.704281,99.515625
08:00:30,91282CLM1,TSRYS5893517,D,S,T,2024-10-04,1000000.00,3.706849,99.5
08:00:30,91282CLM1,TSRYS5893517,D,S,T,2024-10-04,1000000.00,3.705565,99.5078125
08:00:30,91282CLM1,TSRYS5893517,D,S,T,2024-10-04,1000000.00,3.704281,99.515625
08:00:30,91282CLM1,TSRYS5893517,D,S,T,2024-10-04,1000000.00,3.704281,99.515625
08:00:30,91282CLM1,TSRYS5893517,D,S,T,2024-10-04,1000000.00,3.704281,99.515625
08:00:30,91282CLM1,TSRYS5893517,D,S,T,2024-10-04,1000000.00,3.704281,99.515625
08:00:30,91282CLM1,TSRYS5893517,D,S,T,2024-10-04,1000000.00,3.704281,99.515625
08:00:30,91282CLM1,TSRYS5893517,D,S,T,2024-10-04,1000000.00,3.704281,99.515625
08:00:30,91282CLM1,TSRYS5893517,D,S,T,2024-10-04,1000000.00,3.705565,99.5078125
08:00:30,91282CLM1,TSRYS5893517,D,S,T,2024-10-04,1000000.00,3.710702,99.4765625
08:00:30,91282CLM1,TSRYS5893517,D,S,T,2024-10-04,1000000.00,3.710702,99.4765625
08:00:30,91282CLM1,TSRYS5893517,D,S,T,2024-10-04,1000000.00,3.711987,99.46875
08:00:30,91282CLM1,TSRYS5893517,D,S,T,2024-10-04,1000000.00,3.709097,99.486328125
08:00:30,91282CLM1,TSRYS5893517,D,S,T,2024-10-04,1000000.00,3.708776,99.48828125
08:00:30,91282CLM1,TSRYS5893517,D,S,T,2024-10-04,1000000.00,3.712629,99.46484375
08:00:30,91282CLM1,TSRYS5893517,D,S,T,2024-10-04,1000000.00,3.712629,99.46484375
08:00:30,91282CLM1,TSRYS5893517,D,S,T,2024-10-04,1000000.00,3.712629,99.46484375
08:00:30,91282CLM1,TSRYS5893517,D,S,T,2024-10-04,1000000.00,3.711987,99.46875
08:00:30,91282CLM1,TSRYS5893517,D,S,T,2024-10-04,1000000.00,3.709418,99.484375
08:00:30,91282CLM1,TSRYS5893517,D,S,T,2024-10-04,1000000.00,3.708133,99.4921875
08:00:30,91282CLM1,TSRYS5893517,D,S,T,2024-10-04,1000000.00,3.705565,99.5078125
08:00:31,91282CLM1,TSRYS5893517,D,S,T,2024-10-04,1000000.00,3.705565,99.5078125
08:00:31,91282CLM1,TSRYS5893517,D,S,T,2024-10-04,1000000.00,3.702997,99.5234375
08:00:31,91282CLM1,TSRYS5893517,D,S,T,2024-10-04,1000000.00,3.701714,99.53125
08:00:31,91282CLM1,TSRYS5893517,D,S,T,2024-10-04,1000000.00,3.701714,99.53125
08:00:31,91282CLM1,TSRYS5893517,D,S,T,2024-10-04,1000000.00,3.701714,99.53125
08:00:31,91282CLM1,TSRYS5893517,D,S,T,2024-10-04,1000000.00,3.701714,99.53125
08:00:31,91282CLM1,TSRYS5893517,D,S,T,2024-10-04,1000000.00,3.701714,99.53125
08:00:31,91282CLM1,TSRYS5893517,D,S,T,2024-10-04,1000000.00,3.701714,99.53125
08:00:31,91282CLM1,TSRYS5893517,D,S,T,2024-10-04,1000000.00,3.701714,99.53125
08:00:31,91282CLM1,TSRYS5893517,D,S,T,2024-10-04,1000000.00,3.701714,99.53125
08:00:31,91282CLM1,TSRYS5893517,D,S,T,2024-10-04,1000000.00,3.701714,99.53125
08:00:31,91282CLM1,TSRYS5893517,D,S,T,2024-10-04,1000000.00,3.701714,99.53125
08:00:31,91282CLM1,TSRYS5893517,D,S,T,2024-10-04,1000000.00,3.701714,99.53125
08:00:31,91282CLM1,TSRYS5893517,D,S,T,2024-10-04,1000000.00,3.701714,99.53125
08:00:31,91282CLM1,TSRYS5893517,D,S,T,2024-10-04,1000000.00,3.701714,99.53125
08:00:31,91282CLM1,TSRYS5893517,D,S,T,2024-10-04,1000000.00,3.701714,99.53125
08:00:31,91282CLM1,TSRYS5893517,D,S,T,2024-10-04,1000000.00,3.701714,99.53125
08:00:31,91282CLM1,TSRYS5893517,D,S,T,2024-10-04,1000000.00,3.702997,99.5234375
08:00:31,91282CLM1,TSRYS5893517,D,S,T,2024-10-04,2000000.00,3.702997,99.5234375
08:00:31,91282CLM1,TSRYS5893517,D,S,T,2024-10-04,1000000.00,3.702997,99.5234375
08:00:31,91282CLM1,TSRYS5893517,D,S,T,2024-10-04,1000000.00,3.702997,99.5234375
08:00:31,91282CLM1,TSRYS5893517,D,S,T,2024-10-04,1000000.00,3.702997,99.5234375
08:00:31,91282CLM1,TSRYS5893517,D,S,T,2024-10-04,1000000.00,3.70396,99.517578125
08:00:31,91282CLM1,TSRYS5893517,D,S,T,2024-10-04,1000000.00,3.705565,99.5078125
08:00:31,91282CLM1,TSRYS5893517,D,S,T,2024-10-04,1000000.00,3.704281,99.515625
08:00:31,91282CLM1,TSRYS5893517,D,S,T,2024-10-04,1000000.00,3.702997,99.5234375
08:00:31,91282CLM1,TSRYS5893517,D,S,T,2024-10-04,1000000.00,3.701714,99.53125
08:00:31,91282CLM1,TSRYS5893517,D,S,T,2024-10-04,1000000.00,3.702997,99.5234375
08:00:31,91282CLM1,TSRYS5893517,D,S,T,2024-10-04,1000000.00,3.704281,99.515625
08:00:31,91282CLM1,TSRYS5893517,D,S,T,2024-10-04,1000000.00,3.70043,99.5390625
08:00:31,91282CLM1,TSRYS5893517,D,S,T,2024-10-04,1000000.00,3.70043,99.5390625
08:00:31,91282CLM1,TSRYS5893517,D,S,T,2024-10-04,1000000.00,3.70043,99.5390625
08:00:31,91282CLM1,TSRYS5893517,D,S,T,2024-10-04,1000000.00,3.70043,99.5390625
08:00:31,91282CLM1,TSRYS5893517,D,S,T,2024-10-04,1000000.00,3.70043,99.5390625
08:00:31,91282CLM1,TSRYS5893517,D,S,T,2024-10-04,1000000.00,3.70043,99.5390625
08:00:31,91282CLM1,TSRYS5893517,D,S,T,2024-10-04,1000000.00,3.699146,99.546875
08:00:31,91282CLM1,TSRYS5893517,D,S,T,2024-10-04,1000000.00,3.701714,99.53125
08:00:31,91282CLM1,TSRYS5893517,D,S,T,2024-10-04,1000000.00,3.702676,99.525390625
08:00:31,91282CLM1,TSRYS5893517,D,S,T,2024-10-04,1000000.00,3.702355,99.52734375
08:00:31,91282CLM1,TSRYS5893517,D,S,T,2024-10-04,1000000.00,3.703639,99.51953125
08:00:31,91282CLM1,TSRYS5893517,D,S,T,2024-10-04,1000000.00,3.706849,99.5
08:00:31,91282CLM1,TSRYS5893517,D,S,T,2024-10-04,1000000.00,3.706849,99.5
08:00:31,91282CLM1,TSRYS5893517,D,S,T,2024-10-04,1000000.00,3.706849,99.5
08:00:31,91282CLM1,TSRYS5893517,D,S,T,2024-10-04,1000000.00,3.708133,99.4921875
08:00:31,91282CLM1,TSRYS5893517,D,S,T,2024-10-04,1000000.00,3.708133,99.4921875
08:00:31,91282CLM1,TSRYS5893517,D,S,T,2024-10-04,1000000.00,3.708133,99.4921875
08:00:31,91282CLM1,TSRYS5893517,D,S,T,2024-10-04,1000000.00,3.705565,99.5078125
08:00:31,91282CLM1,TSRYS5893517,D,S,T,2024-10-04,1000000.00,3.708133,99.4921875
08:00:31,91282CLM1,TSRYS5893517,D,S,T,2024-10-04,1000000.00,3.708133,99.4921875
08:00:31,91282CLM1,TSRYS5893517,D,S,T,2024-10-04,1000000.00,3.706849,99.5
08:00:31,91282CLM1,TSRYS5893517,D,S,T,2024-10-04,1000000.00,3.708133,99.4921875
08:00:31,91282CLM1,TSRYS5893517,D,S,T,2024-10-04,1000000.00,3.708776,99.48828125
08:00:31,91282CLM1,TSRYS5893517,D,S,T,2024-10-04,1000000.00,3.708133,99.4921875
08:00:31,91282CLM1,TSRYS5893517,D,S,T,2024-10-04,1000000.00,3.706849,99.5
08:00:31,91282CLM1,TSRYS5893517,D,S,T,2024-10-04,1000000.00,3.705565,99.5078125
08:00:31,91282CLM1,TSRYS5893517,D,S,T,2024-10-04,1000000.00,3.708133,99.4921875
08:00:31,91282CLM1,TSRYS5893517,D,S,T,2024-10-04,1000000.00,3.706849,99.5
08:00:31,91282CLM1,TSRYS5893517,D,S,T,2024-10-04,1000000.00,3.705565,99.5078125
08:00:31,91282CLM1,TSRYS5893517,D,S,T,2024-10-04,1000000.00,3.704602,99.513671875
08:00:31,91282CLM1,TSRYS5893517,D,S,T,2024-10-04,1000000.00,3.701714,99.53125
08:00:31,91282CLM1,TSRYS5893517,D,S,T,2024-10-04,1000000.00,3.70043,99.5390625
08:00:31,91282CLM1,TSRYS5893517,D,S,T,2024-10-04,1000000.00,3.701714,99.53125
08:00:31,91282CLM1,TSRYS5893517,D,S,T,2024-10-04,1000000.00,3.702997,99.5234375
08:00:31,91282CLM1,TSRYS5893517,D,S,T,2024-10-04,1000000.00,3.704281,99.515625
08:00:31,91282CLM1,TSRYS5893517,D,S,T,2024-10-04,1000000.00,3.704281,99.515625
08:00:31,91282CLM1,TSRYS5893517,D,S,T,2024-10-04,1000000.00,3.708133,99.4921875
08:00:31,91282CLM1,TSRYS5893517,D,S,T,2024-10-04,1000000.00,3.709418,99.484375
08:00:31,91282CLM1,TSRYS5893517,D,S,T,2024-10-04,1000000.00,3.709418,99.484375
08:00:31,91282CLM1,TSRYS5893517,D,S,T,2024-10-04,1000000.00,3.709418,99.484375
08:00:31,91282CLM1,TSRYS5893517,D,S,T,2024-10-04,1000000.00,3.708133,99.4921875
08:00:31,91282CLM1,TSRYS5893517,D,S,T,2024-10-04,1000000.00,3.708133,99.4921875
08:00:31,91282CLM1,TSRYS5893517,D,S,T,2024-10-04,1000000.00,3.709418,99.484375
08:00:31,91282CLM1,TSRYS5893517,D,S,T,2024-10-04,1000000.00,3.709418,99.484375
08:00:31,91282CLM1,TSRYS5893517,D,S,T,2024-10-04,1000000.00,3.709418,99.484375
08:00:31,91282CLM1,TSRYS5893517,D,S,T,2024-10-04,1000000.00,3.710702,99.4765625
08:00:31,91282CLM1,TSRYS5893517,D,S,T,2024-10-04,1000000.00,3.708133,99.4921875
08:00:31,91282CLM1,TSRYS5893517,D,S,T,2024-10-04,1000000.00,3.710702,99.4765625
08:00:31,91282CLM1,TSRYS5893517,D,S,T,2024-10-04,1000000.00,3.710702,99.4765625
08:00:31,91282CLM1,TSRYS5893517,D,S,T,2024-10-04,1000000.00,3.710702,99.4765625
08:00:31,91282CLM1,TSRYS5893517,D,S,T,2024-10-04,2000000.00,3.710702,99.4765625
08:00:31,91282CLM1,TSRYS5893517,D,S,T,2024-10-04,1000000.00,3.710702,99.4765625
08:00:31,91282CLM1,TSRYS5893517,D,S,T,2024-10-04,1000000.00,3.710702,99.4765625
08:00:31,91282CLM1,TSRYS5893517,D,S,T,2024-10-04,1000000.00,3.710702,99.4765625
08:00:31,91282CLM1,TSRYS5893517,D,S,T,2024-10-04,1000000.00,3.709418,99.484375
08:00:31,91282CLM1,TSRYS5893517,D,S,T,2024-10-04,1000000.00,3.709418,99.484375
08:00:31,91282CLM1,TSRYS5893517,D,S,T,2024-10-04,1000000.00,3.70717,99.498046875
08:00:31,91282CLM1,TSRYS5893517,D,S,T,2024-10-04,1000000.00,3.706849,99.5
08:00:31,91282CLM1,TSRYS5893517,D,S,T,2024-10-04,1000000.00,3.706528,99.501953125
08:00:31,91282CLM1,TSRYS5893517,D,S,T,2024-10-04,1000000.00,3.706528,99.501953125
08:00:31,91282CLM1,TSRYS5893517,D,S,T,2024-10-04,1000000.00,3.706528,99.501953125
08:00:31,91282CLM1,TSRYS5893517,D,S,T,2024-10-04,1000000.00,3.706528,99.501953125
08:00:31,91282CLM1,TSRYS5893517,D,S,T,2024-10-04,1000000.00,3.706528,99.501953125
08:00:31,91282CLM1,TSRYS5893517,D,S,T,2024-10-04,1000000.00,3.706528,99.501953125
08:00:31,91282CLM1,TSRYS5893517,D,S,T,2024-10-04,1000000.00,3.706528,99.501953125
08:00:31,91282CLM1,TSRYS5893517,D,S,T,2024-10-04,1000000.00,3.706207,99.50390625
08:00:31,91282CLM1,TSRYS5893517,D,S,T,2024-10-04,1000000.00,3.705886,99.505859375
08:00:31,91282CLM1,TSRYS5893517,D,S,T,2024-10-04,1000000.00,3.705565,99.5078125
08:00:31,91282CLM1,TSRYS5893517,D,S,T,2024-10-04,1000000.00,3.705565,99.5078125
08:00:31,91282CLM1,TSRYS5893517,D,S,T,2024-10-04,1000000.00,3.705565,99.5078125
08:00:31,91282CLM1,TSRYS5893517,D,S,T,2024-10-04,1000000.00,3.705565,99.5078125
08:00:31,91282CLM1,TSRYS5893517,D,S,T,2024-10-04,1000000.00,3.705565,99.5078125
08:00:31,91282CLM1,TSRYS5893517,D,S,T,2024-10-04,1000000.00,3.705565,99.5078125
08:00:31,91282CLM1,TSRYS5893517,D,S,T,2024-10-04,1000000.00,3.705565,99.5078125
08:00:31,91282CLM1,TSRYS5893517,D,S,T,2024-10-04,2000000.00,3.704923,99.51171875
08:00:31,91282CLM1,TSRYS5893517,D,S,T,2024-10-04,1000000.00,3.704923,99.51171875
08:00:31,91282CLM1,TSRYS5893517,D,S,T,2024-10-04,1000000.00,3.706849,99.5
08:00:31,91282CLM1,TSRYS5893517,D,S,T,2024-10-04,1000000.00,3.706849,99.5
08:00:31,91282CLM1,TSRYS5893517,D,S,T,2024-10-04,1000000.00,3.708133,99.4921875
08:00:31,91282CLM1,TSRYS5893517,D,S,T,2024-10-04,1000000.00,3.708133,99.4921875
08:00:31,91282CLM1,TSRYS5893517,D,S,T,2024-10-04,1000000.00,3.708133,99.4921875
08:00:31,91282CLM1,TSRYS5893517,D,S,T,2024-10-04,1000000.00,3.708133,99.4921875
08:00:31,91282CLM1,TSRYS5893517,D,S,T,2024-10-04,1000000.00,3.710702,99.4765625
08:00:31,91282CLM1,TSRYS5893517,D,S,T,2024-10-04,1000000.00,3.710702,99.4765625
08:00:31,91282CLM1,TSRYS5893517,D,S,T,2024-10-04,1000000.00,3.711987,99.46875
08:00:31,91282CLM1,TSRYS5893517,D,S,T,2024-10-04,1000000.00,3.711987,99.46875
08:00:31,91282CLM1,TSRYS5893517,D,S,T,2024-10-04,1000000.00,3.713271,99.4609375
08:00:31,91282CLM1,TSRYS5893517,D,S,T,2024-10-04,1000000.00,3.717126,99.4375
08:00:31,91282CLM1,TSRYS5893517,D,S,T,2024-10-04,1000000.00,3.715841,99.4453125
08:00:31,91282CLM1,TSRYS5893517,D,S,T,2024-10-04,1000000.00,3.717126,99.4375
08:00:31,91282CLM1,TSRYS5893517,D,S,T,2024-10-04,1000000.00,3.718411,99.4296875
08:00:31,91282CLM1,TSRYS5893517,D,S,T,2024-10-04,1000000.00,3.718411,99.4296875
08:00:31,91282CLM1,TSRYS5893517,D,S,T,2024-10-04,1000000.00,3.718411,99.4296875
08:00:31,91282CLM1,TSRYS5893517,D,S,T,2024-10-04,1000000.00,3.718411,99.4296875
08:00:31,91282CLM1,TSRYS5893517,D,S,T,2024-10-04,1000000.00,3.719696,99.421875
08:00:31,91282CLM1,TSRYS5893517,D,S,T,2024-10-04,1000000.00,3.719696,99.421875
08:00:31,91282CLM1,TSRYS5893517,D,S,T,2024-10-04,1000000.00,3.719696,99.421875
08:00:31,91282CLM1,TSRYS5893517,D,S,T,2024-10-04,1000000.00,3.719696,99.421875
08:00:31,91282CLM1,TSRYS5893517,D,S,D,2024-10-04,1000000.00,3.704281,99.515625
08:00:31,91282CLM1,TSRYS5893517,D,S,T,2024-10-04,1000000.00,3.722267,99.40625
08:00:31,91282CLM1,TSRYS5893517,D,S,T,2024-10-04,1000000.00,3.723553,99.3984375
08:00:31,91282CLM1,TSRYS5893517,D,S,T,2024-10-04,1000000.00,3.722267,99.40625
08:00:31,91282CLM1,TSRYS5893517,D,S,T,2024-10-04,1000000.00,3.722267,99.40625
08:00:31,91282CLM1,TSRYS5893517,D,S,T,2024-10-04,1000000.00,3.722267,99.40625
08:00:31,91282CLM1,TSRYS5893517,D,S,T,2024-10-04,1000000.00,3.722267,99.40625
08:00:31,91282CLM1,TSRYS5893517,D,S,T,2024-10-04,1000000.00,3.722267,99.40625
08:00:31,91282CLM1,TSRYS5893517,D,S,T,2024-10-04,1000000.00,3.722267,99.40625
08:00:31,91282CLM1,TSRYS5893517,D,S,T,2024-10-04,1000000.00,3.722267,99.40625
08:00:31,91282CLM1,TSRYS5893517,D,S,T,2024-10-04,1000000.00,3.722267,99.40625
08:00:31,91282CLM1,TSRYS5893517,D,S,T,2024-10-04,1000000.00,3.722267,99.40625
08:00:31,91282CLM1,TSRYS5893517,D,S,T,2024-10-04,1000000.00,3.722267,99.40625
08:00:31,91282CLM1,TSRYS5893517,D,S,T,2024-10-04,1000000.00,3.722267,99.40625
08:00:31,91282CLM1,TSRYS5893517,D,S,T,2024-10-04,1000000.00,3.722267,99.40625
08:00:31,91282CLM1,TSRYS5893517,D,S,T,2024-10-04,1000000.00,3.722267,99.40625
08:00:31,91282CLM1,TSRYS5893517,D,S,T,2024-10-04,6000000.00,3.722267,99.40625
08:00:31,91282CLM1,TSRYS5893517,D,S,T,2024-10-04,2000000.00,3.722267,99.40625
08:00:31,91282CLM1,TSRYS5893517,D,S,T,2024-10-04,1000000.00,3.722267,99.40625
08:00:31,91282CLM1,TSRYS5893517,D,S,T,2024-10-04,1000000.00,3.720982,99.4140625
08:00:31,91282CLM1,TSRYS5893517,D,S,T,2024-10-04,3000000.00,3.722267,99.40625
08:00:31,91282CLM1,TSRYS5893517,D,S,T,2024-10-04,3000000.00,3.722267,99.40625
08:00:31,91282CLM1,TSRYS5893517,D,S,T,2024-10-04,2000000.00,3.722267,99.40625
08:00:31,91282CLM1,TSRYS5893517,D,S,T,2024-10-04,1000000.00,3.722267,99.40625
08:00:31,91282CLM1,TSRYS5893517,D,S,T,2024-10-04,1000000.00,3.722267,99.40625
08:00:31,91282CLM1,TSRYS5893517,D,S,T,2024-10-04,1000000.00,3.722267,99.40625
08:00:31,91282CLM1,TSRYS5893517,D,S,T,2024-10-04,1000000.00,3.722267,99.40625
08:00:31,91282CLM1,TSRYS5893517,D,S,T,2024-10-04,1000000.00,3.722267,99.40625
08:00:31,91282CLM1,TSRYS5893517,D,S,T,2024-10-04,1000000.00,3.722267,99.40625
08:00:31,91282CLM1,TSRYS5893517,D,S,T,2024-10-04,1000000.00,3.722267,99.40625
08:00:31,91282CLM1,TSRYS5893517,D,S,T,2024-10-04,1000000.00,3.722267,99.40625
08:00:31,91282CLM1,TSRYS5893517,D,S,T,2024-10-04,1000000.00,3.722267,99.40625
08:00:31,91282CLM1,TSRYS5893517,D,S,T,2024-10-04,1000000.00,3.722267,99.40625
08:00:31,91282CLM1,TSRYS5893517,D,S,T,2024-10-04,1000000.00,3.722267,99.40625
08:00:31,91282CLM1,TSRYS5893517,D,S,T,2024-10-04,1000000.00,3.722267,99.40625
08:00:31,91282CLM1,TSRYS5893517,D,S,T,2024-10-04,1000000.00,3.722267,99.40625
08:00:31,91282CLM1,TSRYS5893517,D,S,T,2024-10-04,1000000.00,3.723553,99.3984375
08:00:31,91282CLM1,TSRYS5893517,D,S,T,2024-10-04,1000000.00,3.723553,99.3984375
08:00:31,91282CLM1,TSRYS5893517,D,S,T,2024-10-04,1000000.00,3.723553,99.3984375
08:00:31,91282CLM1,TSRYS5893517,D,S,T,2024-10-04,1000000.00,3.723553,99.3984375
08:00:31,91282CLM1,TSRYS5893517,D,S,T,2024-10-04,1000000.00,3.723553,99.3984375
08:00:31,91282CLM1,TSRYS5893517,D,S,T,2024-10-04,1000000.00,3.723553,99.3984375
08:00:31,91282CLM1,TSRYS5893517,D,S,T,2024-10-04,1000000.00,3.723553,99.3984375
08:00:31,91282CLM1,TSRYS5893517,D,S,T,2024-10-04,1000000.00,3.723553,99.3984375
08:00:31,91282CLM1,TSRYS5893517,D,S,T,2024-10-04,1000000.00,3.723553,99.3984375
08:00:31,91282CLM1,TSRYS5893517,D,S,T,2024-10-04,1000000.00,3.723553,99.3984375
08:00:31,91282CLM1,TSRYS5893517,D,S,T,2024-10-04,1000000.00,3.723553,99.3984375
08:00:31,91282CLM1,TSRYS5893517,D,S,T,2024-10-04,1000000.00,3.723553,99.3984375
08:00:31,91282CLM1,TSRYS5893517,D,S,T,2024-10-04,1000000.00,3.723553,99.3984375
08:00:31,91282CLM1,TSRYS5893517,D,S,T,2024-10-04,1000000.00,3.723553,99.3984375
08:00:31,91282CLM1,TSRYS5893517,D,S,T,2024-10-04,1000000.00,3.722267,99.40625
08:00:31,91282CLM1,TSRYS5893517,D,S,T,2024-10-04,1000000.00,3.722267,99.40625
08:00:31,91282CLM1,TSRYS5893517,D,S,T,2024-10-04,1000000.00,3.722267,99.40625
08:00:31,91282CLM1,TSRYS5893517,D,S,T,2024-10-04,1000000.00,3.722267,99.40625
08:00:31,91282CLM1,TSRYS5893517,D,S,T,2024-10-04,3000000.00,3.722267,99.40625
08:00:31,91282CLM1,TSRYS5893517,D,S,T,2024-10-04,2000000.00,3.722267,99.40625
08:00:31,91282CLM1,TSRYS5893517,D,S,T,2024-10-04,2000000.00,3.722267,99.40625
08:00:31,91282CLM1,TSRYS5893517,D,S,T,2024-10-04,3000000.00,3.722267,99.40625
08:00:31,91282CLM1,TSRYS5893517,D,S,T,2024-10-04,3000000.00,3.722267,99.40625
08:00:31,91282CLM1,TSRYS5893517,D,S,T,2024-10-04,1000000.00,3.722267,99.40625
08:00:31,91282CLM1,TSRYS5893517,D,S,T,2024-10-04,1000000.00,3.722267,99.40625
08:00:31,91282CLM1,TSRYS5893517,D,S,T,2024-10-04,1000000.00,3.722267,99.40625
08:00:31,91282CLM1,TSRYS5893517,D,S,T,2024-10-04,1000000.00,3.722267,99.40625
08:00:31,91282CLM1,TSRYS5893517,D,S,T,2024-10-04,1000000.00,3.722267,99.40625
08:00:31,91282CLM1,TSRYS5893517,D,S,T,2024-10-04,1000000.00,3.72741,99.375
08:00:31,91282CLM1,TSRYS5893517,D,S,T,2024-10-04,1000000.00,3.72741,99.375
08:00:31,91282CLM1,TSRYS5893517,D,S,T,2024-10-04,1000000.00,3.72741,99.375
08:00:31,91282CLM1,TSRYS5893517,D,S,T,2024-10-04,1000000.00,3.728696,99.3671875
08:00:31,91282CLM1,TSRYS5893517,D,S,T,2024-10-04,1000000.00,3.728696,99.3671875
08:00:31,91282CLM1,TSRYS5893517,D,S,T,2024-10-04,1000000.00,3.728696,99.3671875
08:00:31,91282CLM1,TSRYS5893517,D,S,T,2024-10-04,1000000.00,3.728696,99.3671875
08:00:31,91282CLM1,TSRYS5893517,D,S,T,2024-10-04,1000000.00,3.731269,99.3515625
08:00:32,91282CLM1,TSRYS5893517,D,S,T,2024-10-04,1000000.00,3.729018,99.365234375
08:00:32,91282CLM1,TSRYS5893517,D,S,T,2024-10-04,1000000.00,3.728696,99.3671875
08:00:32,91282CLM1,TSRYS5893517,D,S,T,2024-10-04,1000000.00,3.728696,99.3671875
08:00:32,91282CLM1,TSRYS5893517,D,S,T,2024-10-04,1000000.00,3.728696,99.3671875
08:00:32,91282CLM1,TSRYS5893517,D,S,T,2024-10-04,1000000.00,3.727732,99.373046875
08:00:32,91282CLM1,TSRYS5893517,D,S,T,2024-10-04,1000000.00,3.72741,99.375
08:00:32,91282CLM1,TSRYS5893517,D,S,T,2024-10-04,1000000.00,3.72741,99.375
08:00:32,91282CLM1,TSRYS5893517,D,S,T,2024-10-04,1000000.00,3.726124,99.3828125
08:00:32,91282CLM1,TSRYS5893517,D,S,T,2024-10-04,1000000.00,3.726124,99.3828125
08:00:32,91282CLM1,TSRYS5893517,D,S,T,2024-10-04,1000000.00,3.726124,99.3828125
08:00:32,91282CLM1,TSRYS5893517,D,S,T,2024-10-04,1000000.00,3.726124,99.3828125
08:00:32,91282CLM1,TSRYS5893517,D,S,T,2024-10-04,1000000.00,3.726124,99.3828125
08:00:32,91282CLM1,TSRYS5893517,D,S,T,2024-10-04,1000000.00,3.72741,99.375
08:00:32,91282CLM1,TSRYS5893517,D,S,T,2024-10-04,1000000.00,3.72741,99.375
08:00:32,91282CLM1,TSRYS5893517,D,S,T,2024-10-04,1000000.00,3.72741,99.375
08:00:32,91282CLM1,TSRYS5893517,D,S,T,2024-10-04,1000000.00,3.72741,99.375
08:00:32,91282CLM1,TSRYS5893517,D,S,T,2024-10-04,1000000.00,3.72741,99.375
08:00:32,91282CLM1,TSRYS5893517,D,S,T,2024-10-04,2000000.00,3.72741,99.375
08:00:32,91282CLM1,TSRYS5893517,D,S,T,2024-10-04,2000000.00,3.72741,99.375
08:00:32,91282CLM1,TSRYS5893517,D,S,T,2024-10-04,1000000.00,3.72741,99.375
08:00:32,91282CLM1,TSRYS5893517,D,S,T,2024-10-04,1000000.00,3.726124,99.3828125
08:00:32,91282CLM1,TSRYS5893517,D,S,T,2024-10-04,1000000.00,3.731269,99.3515625
08:00:32,91282CLM1,TSRYS5893517,D,S,T,2024-10-04,4000000.00,3.731269,99.3515625
08:00:32,91282CLM1,TSRYS5893517,D,S,T,2024-10-04,2000000.00,3.731269,99.3515625
08:00:32,91282CLM1,TSRYS5893517,D,S,T,2024-10-04,2000000.00,3.731269,99.3515625
08:00:32,91282CLM1,TSRYS5893517,D,S,T,2024-10-04,1000000.00,3.731269,99.3515625
08:00:32,91282CLM1,TSRYS5893517,D,S,T,2024-10-04,1000000.00,3.731269,99.3515625
08:00:32,91282CLM1,TSRYS5893517,D,S,T,2024-10-04,1000000.00,3.73159,99.349609375
08:00:32,91282CLM1,TSRYS5893517,D,S,T,2024-10-04,1000000.00,3.732555,99.34375
08:00:32,91282CLM1,TSRYS5893517,D,S,T,2024-10-04,1000000.00,3.733842,99.3359375
08:00:32,91282CLM1,TSRYS5893517,D,S,T,2024-10-04,1000000.00,3.731912,99.34765625
08:00:32,91282CLM1,TSRYS5893517,D,S,T,2024-10-04,1000000.00,3.732555,99.34375
08:00:32,91282CLM1,TSRYS5893517,D,S,T,2024-10-04,1000000.00,3.732555,99.34375
08:00:32,91282CLM1,TSRYS5893517,D,S,T,2024-10-04,1000000.00,3.732555,99.34375
08:00:32,91282CLM1,TSRYS5893517,D,S,T,2024-10-04,1000000.00,3.732555,99.34375
08:00:32,91282CLM1,TSRYS5893517,D,S,T,2024-10-04,1000000.00,3.733842,99.3359375
08:00:32,91282CLM1,TSRYS5893517,D,S,T,2024-10-04,1000000.00,3.733842,99.3359375
08:00:32,91282CLM1,TSRYS5893517,D,S,T,2024-10-04,1000000.00,3.733842,99.3359375
08:00:32,91282CLM1,TSRYS5893517,D,S,T,2024-10-04,1000000.00,3.732555,99.34375
08:00:32,91282CLM1,TSRYS5893517,D,S,T,2024-10-04,1000000.00,3.731269,99.3515625
08:00:32,91282CLM1,TSRYS5893517,D,S,T,2024-10-04,1000000.00,3.732555,99.34375
08:00:32,91282CLM1,TSRYS5893517,D,S,T,2024-10-04,1000000.00,3.732555,99.34375
08:00:32,91282CLM1,TSRYS5893517,D,S,T,2024-10-04,1000000.00,3.732555,99.34375
08:00:32,91282CLM1,TSRYS5893517,D,S,T,2024-10-04,1000000.00,3.733842,99.3359375
08:00:32,91282CLM1,TSRYS5893517,D,S,T,2024-10-04,1000000.00,3.733842,99.3359375
08:00:32,91282CLM1,TSRYS5893517,D,S,T,2024-10-04,1000000.00,3.733842,99.3359375
08:00:32,91282CLM1,TSRYS5893517,D,S,T,2024-10-04,1000000.00,3.732555,99.34375
08:00:32,91282CLM1,TSRYS5893517,D,S,T,2024-10-04,1000000.00,3.733198,99.33984375
08:00:32,91282CLM1,TSRYS5893517,D,S,T,2024-10-04,1000000.00,3.73352,99.337890625
08:00:32,91282CLM1,TSRYS5893517,D,S,T,2024-10-04,1000000.00,3.732555,99.34375
08:00:32,91282CLM1,TSRYS5893517,D,S,T,2024-10-04,1000000.00,3.731269,99.3515625
08:00:32,91282CLM1,TSRYS5893517,D,S,T,2024-10-04,1000000.00,3.731269,99.3515625
08:00:32,91282CLM1,TSRYS5893517,D,S,T,2024-10-04,1000000.00,3.732234,99.345703125
08:00:32,91282CLM1,TSRYS5893517,D,S,T,2024-10-04,1000000.00,3.732234,99.345703125
08:00:32,91282CLM1,TSRYS5893517,D,S,T,2024-10-04,1000000.00,3.731912,99.34765625
08:00:32,91282CLM1,TSRYS5893517,D,S,T,2024-10-04,1000000.00,3.731269,99.3515625
08:00:32,91282CLM1,TSRYS5893517,D,S,T,2024-10-04,2000000.00,3.732555,99.34375
08:00:32,91282CLM1,TSRYS5893517,D,S,T,2024-10-04,1000000.00,3.732555,99.34375
08:00:32,91282CLM1,TSRYS5893517,D,S,T,2024-10-04,1000000.00,3.733842,99.3359375
08:00:32,91282CLM1,TSRYS5893517,D,S,T,2024-10-04,1000000.00,3.733842,99.3359375
08:00:32,91282CLM1,TSRYS5893517,D,S,T,2024-10-04,1000000.00,3.733842,99.3359375
08:00:32,91282CLM1,TSRYS5893517,D,S,D,2024-10-04,1000000.00,3.735128,99.328125
08:00:32,91282CLM1,TSRYS5893517,D,S,T,2024-10-04,1000000.00,3.735128,99.328125
08:00:32,91282CLM1,TSRYS5893517,D,S,T,2024-10-04,1000000.00,3.735128,99.328125
08:00:32,91282CLM1,TSRYS5893517,D,S,T,2024-10-04,1000000.00,3.735128,99.328125
08:00:32,91282CLM1,TSRYS5893517,D,S,T,2024-10-04,1000000.00,3.735128,99.328125
08:00:32,91282CLM1,TSRYS5893517,D,S,T,2024-10-04,1000000.00,3.735772,99.32421875
08:00:32,91282CLM1,TSRYS5893517,D,S,T,2024-10-04,1000000.00,3.73738,99.314453125
08:00:32,91282CLM1,TSRYS5893517,D,S,T,2024-10-04,1000000.00,3.73738,99.314453125
08:00:32,91282CLM1,TSRYS5893517,D,S,T,2024-10-04,1000000.00,3.738346,99.30859375
08:00:32,91282CLM1,TSRYS5893517,D,S,T,2024-10-04,1000000.00,3.737702,99.3125
08:00:32,91282CLM1,TSRYS5893517,D,S,T,2024-10-04,1000000.00,3.737702,99.3125
08:00:32,91282CLM1,TSRYS5893517,D,S,T,2024-10-04,1000000.00,3.737702,99.3125
08:00:32,91282CLM1,TSRYS5893517,D,S,T,2024-10-04,1000000.00,3.738989,99.3046875
08:00:32,91282CLM1,TSRYS5893517,D,S,D,2024-10-04,1000000.00,3.707812,99.494140625
08:00:32,91282CLM1,TSRYS5893517,D,S,D,2024-10-04,1000000.00,3.705565,99.5078125
08:00:32,91282CLM1,TSRYS5893517,D,S,D,2024-10-04,1000000.00,3.707491,99.49609375
08:00:32,91282CLM1,TSRYS5893517,D,S,D,2024-10-04,1000000.00,3.71006,99.48046875
08:00:32,91282CLM1,TSRYS5893517,D,S,D,2024-10-04,1000000.00,3.70396,99.517578125
08:00:32,91282CLM1,TSRYS5893517,D,S,D,2024-10-04,1000000.00,3.706849,99.5
08:00:32,91282CLM1,TSRYS5893517,D,S,D,2024-10-04,1000000.00,3.706849,99.5
08:00:32,91282CLM1,TSRYS5893517,D,S,D,2024-10-04,1000000.00,3.706528,99.501953125
08:00:32,91282CLM1,TSRYS5893517,D,S,D,2024-10-04,1000000.00,3.704281,99.515625
08:00:32,91282CLM1,TSRYS5893517,D,S,D,2024-10-04,1000000.00,3.729983,99.359375
08:00:32,91282CLM1,TSRYS5893517,D,S,D,2024-10-04,1000000.00,3.733198,99.33984375
08:00:32,91282CLM1,TSRYS5893517,D,S,D,2024-10-04,1000000.00,3.704602,99.513671875
08:00:32,91282CLM1,TSRYS5893517,D,S,D,2024-10-04,1000000.00,3.706528,99.501953125
08:00:32,91282CLM1,TSRYS5893517,D,S,D,2024-10-04,1000000.00,3.707491,99.49609375
08:00:32,91282CLM1,TSRYS5893517,D,S,D,2024-10-04,1000000.00,3.70717,99.498046875
08:00:32,91282CLM1,TSRYS5893517,D,S,D,2024-10-04,1000000.00,3.70717,99.498046875
08:00:32,91282CLM1,TSRYS5893517,D,S,D,2024-10-04,1000000.00,3.707491,99.49609375
08:00:32,91282CLM1,TSRYS5893517,D,S,D,2024-10-04,2000000.00,3.709739,99.482421875
08:00:32,91282CLM1,TSRYS5893517,D,S,D,2024-10-04,1000000.00,3.709739,99.482421875
08:00:32,91282CLM1,TSRYS5893517,D,S,D,2024-10-04,1000000.00,3.709739,99.482421875
08:00:32,91282CLM1,TSRYS5893517,D,S,D,2024-10-04,1000000.00,3.71006,99.48046875
08:00:32,91282CLM1,TSRYS5893517,D,S,D,2024-10-04,1000000.00,3.705565,99.5078125
08:00:32,91282CLM1,TSRYS5893517,D,S,D,2024-10-04,1000000.00,3.702355,99.52734375
08:00:32,91282CLM1,TSRYS5893517,D,S,D,2024-10-04,3000000.00,3.707491,99.49609375
08:00:32,91282CLM1,TSRYS5893517,D,S,D,2024-10-04,1000000.00,3.706849,99.5
08:00:32,91282CLM1,TSRYS5893517,D,S,D,2024-10-04,1000000.00,3.706528,99.501953125
08:00:32,91282CLM1,TSRYS5893517,D,S,D,2024-10-04,1000000.00,3.706528,99.501953125
08:00:33,91282CLM1,TSRYS5893517,D,S,D,2024-10-04,1000000.00,3.706849,99.5
08:00:33,91282CLM1,TSRYS5893517,D,S,D,2024-10-04,1000000.00,3.706207,99.50390625
08:00:33,91282CLM1,TSRYS5893517,D,S,D,2024-10-04,1000000.00,3.706207,99.50390625
08:00:33,91282CLM1,TSRYS5893517,D,S,D,2024-10-04,1000000.00,3.706207,99.50390625
08:00:33,91282CLM1,TSRYS5893517,D,S,D,2024-10-04,1000000.00,3.706207,99.50390625
08:00:33,91282CLM1,TSRYS5893517,D,S,D,2024-10-04,1000000.00,3.706207,99.50390625
08:00:33,91282CLM1,TSRYS5893517,D,S,D,2024-10-04,1000000.00,3.706207,99.50390625
08:00:33,91282CLM1,TSRYS5893517,D,S,D,2024-10-04,1000000.00,3.706528,99.501953125
08:00:33,91282CLM1,TSRYS5893517,D,S,D,2024-10-04,1000000.00,3.706207,99.50390625
08:00:33,91282CLM1,TSRYS5893517,D,S,D,2024-10-04,2000000.00,3.706207,99.50390625
08:00:33,91282CLM1,TSRYS5893517,D,S,D,2024-10-04,2000000.00,3.706207,99.50390625
08:00:33,91282CLM1,TSRYS5893517,D,S,D,2024-10-04,2000000.00,3.706207,99.50390625
08:00:33,91282CLM1,TSRYS5893517,D,S,D,2024-10-04,1000000.00,3.706207,99.50390625
08:00:33,91282CLM1,TSRYS5893517,D,S,D,2024-10-04,1000000.00,3.705565,99.5078125
08:00:33,91282CLM1,TSRYS5893517,D,S,D,2024-10-04,1000000.00,3.705565,99.5078125
08:00:33,91282CLM1,TSRYS5893517,D,S,D,2024-10-04,1000000.00,3.705565,99.5078125
08:00:33,91282CLM1,TSRYS5893517,D,S,D,2024-10-04,1000000.00,3.705565,99.5078125
08:00:33,91282CLM1,TSRYS5893517,D,S,C,2024-10-04,1700000.00,3.704923,99.51171875
08:00:33,91282CLM1,TSRYS5893517,D,S,D,2024-10-04,5000000.00,3.704281,99.515625
08:00:33,91282CLM1,TSRYS5893517,D,S,D,2024-10-04,1000000.00,3.704923,99.51171875
08:00:33,91282CLM1,TSRYS5893517,D,S,D,2024-10-04,1000000.00,3.704923,99.51171875
08:00:33,91282CLM1,TSRYS5893517,D,S,D,2024-10-04,1000000.00,3.706207,99.50390625
08:00:33,91282CLM1,TSRYS5893517,D,S,D,2024-10-04,2000000.00,3.705886,99.505859375
08:00:33,91282CLM1,TSRYS5893517,D,S,D,2024-10-04,1000000.00,3.706528,99.501953125
08:00:33,91282CLM1,TSRYS5893517,D,S,D,2024-10-04,1000000.00,3.706849,99.5
08:00:33,91282CLM1,TSRYS5893517,D,S,D,2024-10-04,1000000.00,3.706849,99.5
08:00:33,91282CLM1,TSRYS5893517,D,S,D,2024-10-04,1000000.00,3.710702,99.4765625
08:00:33,91282CLM1,TSRYS5893517,D,S,D,2024-10-04,1000000.00,3.708133,99.4921875
08:00:33,91282CLM1,TSRYS5893517,D,S,D,2024-10-04,1000000.00,3.706849,99.5
08:00:33,91282CLM1,TSRYS5893517,D,S,T,2024-10-04,1000000.00,3.702997,99.5234375
08:00:33,91282CLM1,TSRYS5893517,D,S,D,2024-10-04,1000000.00,3.702997,99.5234375
08:00:33,91282CLM1,TSRYS5893517,D,S,D,2024-10-04,1000000.00,3.702997,99.5234375
08:00:33,91282CLM1,TSRYS5893517,D,S,D,2024-10-04,1000000.00,3.704281,99.515625
08:00:33,91282CLM1,TSRYS5893517,D,S,T,2024-10-04,1000000.00,3.706849,99.5
08:00:33,91282CLM1,TSRYS5893517,D,S,T,2024-10-04,1000000.00,3.706849,99.5
08:00:33,91282CLM1,TSRYS5893517,D,S,D,2024-10-04,1000000.00,3.705565,99.5078125
08:00:33,91282CLM1,TSRYS5893517,D,S,T,2024-10-04,1000000.00,3.708133,99.4921875
08:00:33,91282CLM1,TSRYS5893517,D,S,A,2024-10-04,3000000.00,3.704281,99.515625
08:00:33,91282CLM1,TSRYS5893517,D,S,T,2024-10-04,1000000.00,3.705565,99.5078125
08:00:33,91282CLM1,TSRYS5893517,D,S,T,2024-10-04,1000000.00,3.705565,99.5078125
08:00:33,91282CLM1,TSRYS5893517,D,S,T,2024-10-04,1000000.00,3.705565,99.5078125
08:00:33,91282CLM1,TSRYS5893517,D,S,T,2024-10-04,1000000.00,3.705565,99.5078125
08:00:33,91282CLM1,TSRYS5893517,D,S,T,2024-10-04,1000000.00,3.705565,99.5078125
08:00:33,91282CLM1,TSRYS5893517,D,S,T,2024-10-04,1000000.00,3.705565,99.5078125
08:00:33,91282CLM1,TSRYS5893517,D,B,A,2024-10-04,1000000.00,3.713914,99.45703125
08:00:33,91282CLM1,TSRYS5893517,D,S,T,2024-10-04,2000000.00,3.720982,99.4140625
08:00:33,91282CLM1,TSRYS5893517,D,S,T,2024-10-04,1000000.00,3.722267,99.40625
08:00:33,91282CLM1,TSRYS5893517,D,S,C,2024-10-04,200000.00,3.728696,99.3671875
08:00:33,91282CLM1,TSRYS5893517,D,S,T,2024-10-04,1000000.00,3.728696,99.3671875
08:00:33,91282CLM1,TSRYS5893517,D,S,T,2024-10-04,1000000.00,3.728696,99.3671875
08:00:33,91282CLM1,TSRYS5893517,D,B,C,2024-10-04,8000000.00,3.705136,99.5104228
08:00:33,91282CLM1,TSRYS5893517,D,S,D,2024-10-04,1000000.00,3.729983,99.359375
08:00:33,91282CLM1,TSRYS5893517,D,S,D,2024-10-04,102300000.00,3.705565,99.5078125
08:00:33,91282CLM1,TSRYS5893517,D,S,C,2024-10-04,150MM+,3.665816,99.75
08:00:33,91282CLM1,TSRYS5893517,D,B,C,2024-10-04,2059000.00,3.733842,99.3359375
08:00:33,91282CLM1,TSRYS5893517,D,S,T,2024-10-04,1000000.00,3.736415,99.3203125
08:00:33,91282CLM1,TSRYS5893517,D,S,T,2024-10-04,1000000.00,3.736415,99.3203125
08:00:34,91282CLM1,TSRYS5893517,D,S,D,2024-10-04,1000000.00,3.705565,99.5078125
08:00:35,91282CLM1,TSRYS5893517,D,S,D,2024-10-04,1000000.00,3.709418,99.484375
08:00:41,91282CLM1,TSRYS5893517,D,B,C,2024-10-04,150MM+,3.733842,99.3359375
08:00:41,91282CLM1,TSRYS5893517,D,S,D,2024-10-04,1000000.00,3.715841,99.4453125
08:00:41,91282CLM1,TSRYS5893517,D,S,D,2024-10-04,1000000.00,3.715841,99.4453125
08:00:41,91282CLM1,TSRYS5893517,D,S,D,2024-10-04,1000000.00,3.716805,99.439453125
08:00:42,91282CLM1,TSRYS5893517,D,S,D,2024-10-04,1000000.00,3.722267,99.40625
08:00:42,91282CLM1,TSRYS5893517,D,S,D,2024-10-04,1000000.00,3.722267,99.40625
08:00:43,91282CLM1,TSRYS5893517,D,S,D,2024-10-04,5000000.00,3.705317,99.50932
08:00:43,91282CLM1,TSRYS5893517,D,S,D,2024-10-04,34741800.00,3.731269,99.3515625
08:00:43,91282CLM1,TSRYS5893517,D,B,C,2024-10-04,34741800.00,3.731269,99.3515625
08:00:44,91282CLM1,TSRYS5893517,D,S,D,2024-10-04,150MM+,3.733842,99.3359375
08:00:47,91282CLM1,TSRYS5893517,D,S,T,2024-10-04,1000000.00,3.734163,99.333984375
08:00:47,91282CLM1,TSRYS5893517,D,S,T,2024-10-04,1000000.00,3.734485,99.33203125
08:00:47,91282CLM1,TSRYS5893517,D,S,T,2024-10-04,1000000.00,3.734807,99.330078125
08:00:47,91282CLM1,TSRYS5893517,D,S,T,2024-10-04,2000000.00,3.734485,99.33203125
08:00:47,91282CLM1,TSRYS5893517,D,S,T,2024-10-04,1000000.00,3.734807,99.330078125
08:00:47,91282CLM1,TSRYS5893517,D,S,D,2024-10-04,1000000.00,3.734485,99.33203125
08:00:47,91282CLM1,TSRYS5893517,D,S,T,2024-10-04,1000000.00,3.734485,99.33203125
08:00:47,91282CLM1,TSRYS5893517,D,S,T,2024-10-04,1000000.00,3.734163,99.333984375
08:00:47,91282CLM1,TSRYS5893517,D,S,T,2024-10-04,1000000.00,3.731269,99.3515625
08:00:47,91282CLM1,TSRYS5893517,D,S,T,2024-10-04,1000000.00,3.731269,99.3515625
08:00:47,91282CLM1,TSRYS5893517,D,S,T,2024-10-04,1000000.00,3.731269,99.3515625
08:00:47,91282CLM1,TSRYS5893517,D,S,T,2024-10-04,1000000.00,3.731269,99.3515625
08:00:47,91282CLM1,TSRYS5893517,D,S,T,2024-10-04,1000000.00,3.731269,99.3515625
08:00:47,91282CLM1,TSRYS5893517,D,S,T,2024-10-04,1000000.00,3.731269,99.3515625
08:00:47,91282CLM1,TSRYS5893517,D,S,T,2024-10-04,1000000.00,3.732555,99.34375
08:00:47,91282CLM1,TSRYS5893517,D,S,T,2024-10-04,1000000.00,3.731269,99.3515625
08:00:47,91282CLM1,TSRYS5893517,D,S,T,2024-10-04,1000000.00,3.731269,99.3515625
08:00:47,91282CLM1,TSRYS5893517,D,S,T,2024-10-04,1000000.00,3.732555,99.34375
08:00:48,91282CLM1,TSRYS5893517,D,S,D,2024-10-04,150MM+,3.733842,99.3359375
08:00:52,91282CLM1,TSRYS5893517,D,S,D,2024-10-04,1000000.00,3.72741,99.375
08:00:52,91282CLM1,TSRYS5893517,D,S,D,2024-10-04,2000000.00,3.72741,99.375
08:00:52,91282CLM1,TSRYS5893517,D,S,D,2024-10-04,1000000.00,3.72741,99.375
08:00:52,91282CLM1,TSRYS5893517,D,S,D,2024-10-04,2000000.00,3.72741,99.375
08:00:52,91282CLM1,TSRYS5893517,D,S,D,2024-10-04,1000000.00,3.72741,99.375
08:00:52,91282CLM1,TSRYS5893517,D,S,D,2024-10-04,2000000.00,3.72741,99.375
08:00:52,91282CLM1,TSRYS5893517,D,S,D,2024-10-04,2000000.00,3.72741,99.375
08:00:52,91282CLM1,TSRYS5893517,D,S,C,2024-10-04,1000000.00,3.72741,99.375
08:00:52,91282CLM1,TSRYS5893517,D,S,T,2024-10-04,1000000.00,3.733842,99.3359375
08:00:52,91282CLM1,TSRYS5893517,D,S,T,2024-10-04,1000000.00,3.733842,99.3359375
08:00:52,91282CLM1,TSRYS5893517,D,S,T,2024-10-04,1000000.00,3.731269,99.3515625
08:00:53,91282CLM1,TSRYS5893517,D,S,T,2024-10-04,1000000.00,3.733842,99.3359375
08:00:54,91282CLM1,TSRYS5893517,D,B,A,2024-10-04,5000000.00,3.701097,99.53515625
08:00:54,91282CLM1,TSRYS5893517,D,S,T,2024-10-04,1000000.00,3.701714,99.53125
08:00:54,91282CLM1,TSRYS5893517,D,S,T,2024-10-04,1000000.00,3.701714,99.53125
08:00:54,91282CLM1,TSRYS5893517,D,S,T,2024-10-04,1000000.00,3.701714,99.53125
08:00:54,91282CLM1,TSRYS5893517,D,S,T,2024-10-04,1000000.00,3.701714,99.53125
08:00:54,91282CLM1,TSRYS5893517,D,B,C,2024-10-04,1000000.00,3.729983,99.359375
08:00:54,91282CLM1,TSRYS5893517,D,S,D,2024-10-04,2000000.00,3.729983,99.359375
08:00:54,91282CLM1,TSRYS5893517,D,S,D,2024-10-04,1000000.00,3.729983,99.359375
08:00:54,91282CLM1,TSRYS5893517,D,S,D,2024-10-04,1000000.00,3.729983,99.359375
08:00:54,91282CLM1,TSRYS5893517,D,S,D,2024-10-04,1000000.00,3.729983,99.359375
08:00:54,91282CLM1,TSRYS5893517,D,S,D,2024-10-04,1000000.00,3.729983,99.359375
08:00:54,91282CLM1,TSRYS5893517,D,B,C,2024-10-04,1000000.00,3.731269,99.3515625
08:00:54,91282CLM1,TSRYS5893517,D,S,D,2024-10-04,1000000.00,3.731269,99.3515625
08:00:54,91282CLM1,TSRYS5893517,D,S,T,2024-10-04,1000000.00,3.701714,99.53125
08:00:54,91282CLM1,TSRYS5893517,D,S,A,2024-10-04,5000000.00,3.701714,99.53125
08:00:55,91282CLM1,TSRYS5893517,D,B,C,2024-10-04,1000000.00,3.731269,99.3515625
08:00:55,91282CLM1,TSRYS5893517,D,S,D,2024-10-04,1000000.00,3.731269,99.3515625
08:00:55,91282CLM1,TSRYS5893517,D,B,C,2024-10-04,1000000.00,3.73159,99.349609375
08:00:55,91282CLM1,TSRYS5893517,D,S,D,2024-10-04,1000000.00,3.73159,99.349609375
08:00:55,91282CLM1,TSRYS5893517,D,S,D,2024-10-04,2000000.00,3.732555,99.34375
08:00:55,91282CLM1,TSRYS5893517,D,S,D,2024-10-04,2000000.00,3.732555,99.34375
08:00:55,91282CLM1,TSRYS5893517,D,S,D,2024-10-04,3000000.00,3.732555,99.34375
08:00:55,91282CLM1,TSRYS5893517,D,S,D,2024-10-04,5000000.00,3.732555,99.34375
08:00:55,91282CLM1,TSRYS5893517,D,S,D,2024-10-04,1000000.00,3.732555,99.34375
08:00:55,91282CLM1,TSRYS5893517,D,S,A,2024-10-04,100000000.00,3.722267,99.40625
08:00:56,91282CLM1,TSRYS5893517,D,S,D,2024-10-04,1000000.00,3.737059,99.31640625
08:00:56,91282CLM1,TSRYS5893517,D,S,D,2024-10-04,2000000.00,3.731269,99.3515625
08:00:56,91282CLM1,TSRYS5893517,D,S,D,2024-10-04,1000000.00,3.733842,99.3359375
08:00:56,91282CLM1,TSRYS5893517,D,S,D,2024-10-04,2000000.00,3.733842,99.3359375
08:00:56,91282CLM1,TSRYS5893517,D,S,C,2024-10-04,1000000.00,3.734485,99.33203125
08:00:57,91282CLM1,TSRYS5893517,D,S,T,2024-10-04,1000000.00,3.733842,99.3359375
08:00:57,91282CLM1,TSRYS5893517,D,S,T,2024-10-04,1000000.00,3.734485,99.33203125
08:00:57,91282CLM1,TSRYS5893517,D,S,T,2024-10-04,1000000.00,3.734485,99.33203125
08:00:57,91282CLM1,TSRYS5893517,D,S,T,2024-10-04,2000000.00,3.734163,99.333984375
08:00:57,91282CLM1,TSRYS5893517,D,S,T,2024-10-04,1000000.00,3.733842,99.3359375
08:00:57,91282CLM1,TSRYS5893517,D,S,T,2024-10-04,1000000.00,3.734807,99.330078125
08:00:57,91282CLM1,TSRYS5893517,D,S,T,2024-10-04,4000000.00,3.734485,99.33203125
08:00:57,91282CLM1,TSRYS5893517,D,S,T,2024-10-04,1000000.00,3.731269,99.3515625
08:00:57,91282CLM1,TSRYS5893517,D,S,T,2024-10-04,1000000.00,3.731269,99.3515625
08:00:57,91282CLM1,TSRYS5893517,D,S,T,2024-10-04,1000000.00,3.731269,99.3515625
08:00:57,91282CLM1,TSRYS5893517,D,S,T,2024-10-04,1000000.00,3.731269,99.3515625
08:00:57,91282CLM1,TSRYS5893517,D,S,T,2024-10-04,1000000.00,3.731269,99.3515625
08:00:57,91282CLM1,TSRYS5893517,D,S,T,2024-10-04,1000000.00,3.731269,99.3515625
08:00:57,91282CLM1,TSRYS5893517,D,S,T,2024-10-04,1000000.00,3.731269,99.3515625
08:00:58,91282CLM1,TSRYS5893517,D,B,C,2024-10-04,1000000.00,3.732877,99.341796875
08:00:58,91282CLM1,TSRYS5893517,D,S,D,2024-10-04,1000000.00,3.732877,99.341796875
08:00:58,91282CLM1,TSRYS5893517,D,S,C,2024-10-04,1000000.00,3.733842,99.3359375
08:00:58,91282CLM1,TSRYS5893517,D,S,D,2024-10-04,1000000.00,3.73352,99.337890625
08:00:58,91282CLM1,TSRYS5893517,D,S,D,2024-10-04,1000000.00,3.73352,99.337890625
08:00:58,91282CLM1,TSRYS5893517,D,S,D,2024-10-04,1000000.00,3.73352,99.337890625
08:00:58,91282CLM1,TSRYS5893517,D,S,D,2024-10-04,2000000.00,3.73352,99.337890625
08:00:58,91282CLM1,TSRYS5893517,D,S,D,2024-10-04,2000000.00,3.73352,99.337890625
08:00:58,91282CLM1,TSRYS5893517,D,S,D,2024-10-04,1000000.00,3.733842,99.3359375
08:00:58,91282CLM1,TSRYS5893517,D,S,C,2024-10-04,1000000.00,3.733842,99.3359375
08:00:59,91282CLM1,TSRYS5893517,D,S,D,2024-10-04,1000000.00,3.733198,99.33984375
08:00:59,91282CLM1,TSRYS5893517,D,B,C,2024-10-04,1000000.00,3.732234,99.345703125
08:00:59,91282CLM1,TSRYS5893517,D,S,D,2024-10-04,1000000.00,3.732234,99.345703125
08:00:59,91282CLM1,TSRYS5893517,D,S,D,2024-10-04,1000000.00,3.733198,99.33984375
08:00:59,91282CLM1,TSRYS5893517,D,B,C,2024-10-04,1000000.00,3.733198,99.33984375
08:00:59,91282CLM1,TSRYS5893517,D,S,D,2024-10-04,1000000.00,3.733198,99.33984375
08:00:59,91282CLM1,TSRYS5893517,D,B,C,2024-10-04,1000000.00,3.733198,99.33984375
08:00:59,91282CLM1,TSRYS5893517,D,S,C,2024-10-04,1000000.00,3.73352,99.337890625
08:00:59,91282CLM1,TSRYS5893517,D,S,C,2024-10-04,1000000.00,3.733198,99.33984375
08:00:59,91282CLM1,TSRYS5893517,D,S,C,2024-10-04,1000000.00,3.732234,99.345703125
08:01:00,91282CLM1,TSRYS5893517,D,B,C,2024-10-04,1000000.00,3.710702,99.4765625
08:01:00,91282CLM1,TSRYS5893517,D,S,D,2024-10-04,1000000.00,3.710702,99.4765625
08:01:00,91282CLM1,TSRYS5893517,D,S,D,2024-10-04,1000000.00,3.708133,99.4921875
08:01:00,91282CLM1,TSRYS5893517,D,B,C,2024-10-04,1000000.00,3.708133,99.4921875
08:01:01,91282CLM1,TSRYS5893517,D,S,D,2024-10-04,1000000.00,3.730947,99.353515625
08:01:01,91282CLM1,TSRYS5893517,D,S,T,2024-10-04,1000000.00,3.710723,99.4764325
08:01:03,91282CLM1,TSRYS5893517,D,S,T,2024-10-04,1000000.00,3.710723,99.4764325
08:01:03,91282CLM1,TSRYS5893517,D,B,A,2024-10-04,1952000.00,3.711987,99.46875
08:01:04,91282CLM1,TSRYS5893517,D,B,C,2024-10-04,1000000.00,3.735128,99.328125
08:01:04,91282CLM1,TSRYS5893517,D,B,C,2024-10-04,1000000.00,3.735128,99.328125
08:01:04,91282CLM1,TSRYS5893517,D,S,D,2024-10-04,1000000.00,3.735128,99.328125
08:01:04,91282CLM1,TSRYS5893517,D,S,D,2024-10-04,1000000.00,3.735128,99.328125
08:01:04,91282CLM1,TSRYS5893517,D,B,C,2024-10-04,1000000.00,3.738346,99.30859375
08:01:04,91282CLM1,TSRYS5893517,D,B,C,2024-10-04,1000000.00,3.738346,99.30859375
08:01:04,91282CLM1,TSRYS5893517,D,S,D,2024-10-04,1000000.00,3.738346,99.30859375
08:01:04,91282CLM1,TSRYS5893517,D,S,D,2024-10-04,1000000.00,3.738346,99.30859375
08:01:04,91282CLM1,TSRYS5893517,D,S,D,2024-10-04,1000000.00,3.738024,99.310546875
08:01:04,91282CLM1,TSRYS5893517,D,S,A,2024-10-04,1100000.00,3.701072,99.53515625
08:01:05,91282CLM1,TSRYS5893517,D,S,D,2024-10-04,1000000.00,3.706849,99.5
08:01:05,91282CLM1,TSRYS5893517,D,S,C,2024-10-04,1000000.00,3.701714,99.53125
08:01:05,91282CLM1,TSRYS5893517,D,S,C,2024-10-04,1000000.00,3.706849,99.5
08:01:05,91282CLM1,TSRYS5893517,D,S,D,2024-10-04,1000000.00,3.701393,99.533203125
08:01:05,91282CLM1,TSRYS5893517,D,S,C,2024-10-04,1000000.00,3.705565,99.5078125
08:01:05,91282CLM1,TSRYS5893517,D,S,C,2024-10-04,1000000.00,3.702676,99.525390625
08:01:05,91282CLM1,TSRYS5893517,D,S,C,2024-10-04,1000000.00,3.706528,99.501953125
08:01:05,91282CLM1,TSRYS5893517,D,S,D,2024-10-04,1000000.00,3.705565,99.5078125
08:01:05,91282CLM1,TSRYS5893517,D,S,D,2024-10-04,1000000.00,3.707491,99.49609375
08:01:05,91282CLM1,TSRYS5893517,D,B,C,2024-10-04,1000000.00,3.707491,99.49609375
08:01:05,91282CLM1,TSRYS5893517,D,S,C,2024-10-04,1000000.00,3.707491,99.49609375
08:01:05,91282CLM1,TSRYS5893517,D,S,C,2024-10-04,1000000.00,3.705565,99.5078125
08:01:05,91282CLM1,TSRYS5893517,D,S,C,2024-10-04,1000000.00,3.705565,99.5078125
08:01:05,91282CLM1,TSRYS5893517,D,S,C,2024-10-04,1000000.00,3.70396,99.517578125
08:01:06,91282CLM1,TSRYS5893517,D,S,D,2024-10-04,1000000.00,3.711344,99.47265625
08:01:06,91282CLM1,TSRYS5893517,D,S,D,2024-10-04,1000000.00,3.706528,99.501953125
08:01:07,91282CLM1,TSRYS5893517,D,S,D,2024-10-04,1000000.00,3.710702,99.4765625
08:01:07,91282CLM1,TSRYS5893517,D,S,D,2024-10-04,1000000.00,3.708133,99.4921875
08:01:07,91282CLM1,TSRYS5893517,D,S,C,2024-10-04,1000000.00,3.705886,99.505859375
08:01:07,91282CLM1,TSRYS5893517,D,S,C,2024-10-04,1000000.00,3.706849,99.5
08:01:07,91282CLM1,TSRYS5893517,D,S,C,2024-10-04,1000000.00,3.706849,99.5
08:01:07,91282CLM1,TSRYS5893517,D,S,T,2024-10-04,1000000.00,3.722289,99.40612
08:01:07,91282CLM1,TSRYS5893517,D,S,D,2024-10-04,1000000.00,3.702997,99.5234375
08:01:07,91282CLM1,TSRYS5893517,D,S,D,2024-10-04,1000000.00,3.702034,99.529296875
08:01:07,91282CLM1,TSRYS5893517,D,B,C,2024-10-04,1000000.00,3.702034,99.529296875
08:01:07,91282CLM1,TSRYS5893517,D,S,C,2024-10-04,1000000.00,3.702997,99.5234375
08:01:07,91282CLM1,TSRYS5893517,D,S,C,2024-10-04,1000000.00,3.703639,99.51953125
08:01:07,91282CLM1,TSRYS5893517,D,S,C,2024-10-04,1000000.00,3.703639,99.51953125
08:01:07,91282CLM1,TSRYS5893517,D,S,C,2024-10-04,1000000.00,3.703318,99.521484375
08:01:07,91282CLM1,TSRYS5893517,D,S,C,2024-10-04,1000000.00,3.70396,99.517578125
08:01:07,91282CLM1,TSRYS5893517,D,S,C,2024-10-04,1000000.00,3.70396,99.517578125
08:01:07,91282CLM1,TSRYS5893517,D,S,C,2024-10-04,1000000.00,3.703639,99.51953125
08:01:07,91282CLM1,TSRYS5893517,D,S,C,2024-10-04,1000000.00,3.703639,99.51953125
08:01:07,91282CLM1,TSRYS5893517,D,S,C,2024-10-04,1000000.00,3.70396,99.517578125
08:01:07,91282CLM1,TSRYS5893517,D,S,D,2024-10-04,1000000.00,3.704281,99.515625
08:01:08,91282CLM1,TSRYS5893517,D,S,D,2024-10-04,1000000.00,3.702676,99.525390625
08:01:08,91282CLM1,TSRYS5893517,D,S,D,2024-10-04,1000000.00,3.702676,99.525390625
08:01:08,91282CLM1,TSRYS5893517,D,S,D,2024-10-04,1000000.00,3.706849,99.5
08:01:08,91282CLM1,TSRYS5893517,D,S,D,2024-10-04,1000000.00,3.705565,99.5078125
08:01:08,91282CLM1,TSRYS5893517,D,B,C,2024-10-04,1000000.00,3.706849,99.5
08:01:08,91282CLM1,TSRYS5893517,D,S,D,2024-10-04,1000000.00,3.706849,99.5
08:01:08,91282CLM1,TSRYS5893517,D,S,D,2024-10-04,1000000.00,3.708133,99.4921875
08:01:08,91282CLM1,TSRYS5893517,D,S,D,2024-10-04,1000000.00,3.708454,99.490234375
08:01:08,91282CLM1,TSRYS5893517,D,S,D,2024-10-04,1000000.00,3.706207,99.50390625
08:01:08,91282CLM1,TSRYS5893517,D,S,D,2024-10-04,1000000.00,3.706207,99.50390625
08:01:08,91282CLM1,TSRYS5893517,D,S,D,2024-10-04,1000000.00,3.706207,99.50390625
08:01:08,91282CLM1,TSRYS5893517,D,S,D,2024-10-04,1000000.00,3.706207,99.50390625
08:01:08,91282CLM1,TSRYS5893517,D,S,D,2024-10-04,1000000.00,3.706207,99.50390625
08:01:08,91282CLM1,TSRYS5893517,D,S,D,2024-10-04,1000000.00,3.706207,99.50390625
08:01:08,91282CLM1,TSRYS5893517,D,S,C,2024-10-04,1000000.00,3.706207,99.50390625
08:01:08,91282CLM1,TSRYS5893517,D,S,D,2024-10-04,1000000.00,3.708133,99.4921875
08:01:08,91282CLM1,TSRYS5893517,D,S,C,2024-10-04,1000000.00,3.708454,99.490234375
08:01:08,91282CLM1,TSRYS5893517,D,S,C,2024-10-04,1000000.00,3.70717,99.498046875
08:01:08,91282CLM1,TSRYS5893517,D,S,C,2024-10-04,1000000.00,3.70717,99.498046875
08:01:08,91282CLM1,TSRYS5893517,D,S,C,2024-10-04,1000000.00,3.708133,99.4921875
08:01:08,91282CLM1,TSRYS5893517,D,S,C,2024-10-04,1000000.00,3.706849,99.5
08:01:08,91282CLM1,TSRYS5893517,D,S,C,2024-10-04,1000000.00,3.706528,99.501953125
08:01:08,91282CLM1,TSRYS5893517,D,S,C,2024-10-04,1000000.00,3.706849,99.5
08:01:08,91282CLM1,TSRYS5893517,D,S,C,2024-10-04,1000000.00,3.706528,99.501953125
08:01:08,91282CLM1,TSRYS5893517,D,S,C,2024-10-04,1000000.00,3.706849,99.5
08:01:08,91282CLM1,TSRYS5893517,D,S,C,2024-10-04,1000000.00,3.706849,99.5
08:01:08,91282CLM1,TSRYS5893517,D,S,C,2024-10-04,1000000.00,3.706207,99.50390625
08:01:08,91282CLM1,TSRYS5893517,D,S,C,2024-10-04,1000000.00,3.706849,99.5
08:01:09,91282CLM1,TSRYS5893517,D,S,C,2024-10-04,1000000.00,3.706528,99.501953125
08:01:09,91282CLM1,TSRYS5893517,D,S,C,2024-10-04,1000000.00,3.708454,99.490234375
08:01:09,91282CLM1,TSRYS5893517,D,S,C,2024-10-04,2000000.00,3.70717,99.498046875
08:01:09,91282CLM1,TSRYS5893517,D,S,C,2024-10-04,1000000.00,3.701393,99.533203125
08:01:09,91282CLM1,TSRYS5893517,D,S,C,2024-10-04,1000000.00,3.701393,99.533203125
08:01:09,91282CLM1,TSRYS5893517,D,S,C,2024-10-04,1000000.00,3.701393,99.533203125
08:01:09,91282CLM1,TSRYS5893517,D,S,C,2024-10-04,1000000.00,3.701393,99.533203125
08:01:09,91282CLM1,TSRYS5893517,D,S,C,2024-10-04,1000000.00,3.701393,99.533203125
08:01:09,91282CLM1,TSRYS5893517,D,S,C,2024-10-04,1000000.00,3.704281,99.515625
08:01:09,91282CLM1,TSRYS5893517,D,S,C,2024-10-04,1000000.00,3.70396,99.517578125
08:01:09,91282CLM1,TSRYS5893517,D,S,C,2024-10-04,1000000.00,3.706849,99.5
08:01:09,91282CLM1,TSRYS5893517,D,S,D,2024-10-04,1000000.00,3.708133,99.4921875
08:01:10,91282CLM1,TSRYS5893517,D,S,D,2024-10-04,1000000.00,3.709418,99.484375
08:01:10,91282CLM1,TSRYS5893517,D,S,C,2024-10-04,2000000.00,3.71006,99.48046875
08:01:10,91282CLM1,TSRYS5893517,D,S,C,2024-10-04,1000000.00,3.710702,99.4765625
08:01:10,91282CLM1,TSRYS5893517,D,S,C,2024-10-04,2000000.00,3.709739,99.482421875
08:01:10,91282CLM1,TSRYS5893517,D,S,D,2024-10-04,1000000.00,3.706207,99.50390625
08:01:10,91282CLM1,TSRYS5893517,D,S,C,2024-10-04,1000000.00,3.706207,99.50390625
08:01:10,91282CLM1,TSRYS5893517,D,S,C,2024-10-04,1000000.00,3.706207,99.50390625
08:01:10,91282CLM1,TSRYS5893517,D,S,C,2024-10-04,2000000.00,3.706207,99.50390625
08:01:10,91282CLM1,TSRYS5893517,D,S,C,2024-10-04,1000000.00,3.711023,99.474609375
08:01:10,91282CLM1,TSRYS5893517,D,S,C,2024-10-04,1000000.00,3.711023,99.474609375
08:01:10,91282CLM1,TSRYS5893517,D,S,C,2024-10-04,2000000.00,3.706207,99.50390625
08:01:10,91282CLM1,TSRYS5893517,D,S,C,2024-10-04,1000000.00,3.711023,99.474609375
08:01:10,91282CLM1,TSRYS5893517,D,S,C,2024-10-04,1000000.00,3.711023,99.474609375
08:01:10,91282CLM1,TSRYS5893517,D,S,C,2024-10-04,1000000.00,3.711023,99.474609375
08:01:10,91282CLM1,TSRYS5893517,D,S,C,2024-10-04,1000000.00,3.711023,99.474609375
08:01:10,91282CLM1,TSRYS5893517,D,S,D,2024-10-04,1000000.00,3.711023,99.474609375
08:01:10,91282CLM1,TSRYS5893517,D,S,C,2024-10-04,1000000.00,3.711023,99.474609375
08:01:10,91282CLM1,TSRYS5893517,D,S,D,2024-10-04,1000000.00,3.711023,99.474609375
08:01:10,91282CLM1,TSRYS5893517,D,S,D,2024-10-04,1000000.00,3.711023,99.474609375
08:01:10,91282CLM1,TSRYS5893517,D,S,C,2024-10-04,1000000.00,3.711023,99.474609375
08:01:10,91282CLM1,TSRYS5893517,D,S,C,2024-10-04,1000000.00,3.709418,99.484375
08:01:10,91282CLM1,TSRYS5893517,D,S,C,2024-10-04,1000000.00,3.709739,99.482421875
08:01:10,91282CLM1,TSRYS5893517,D,S,C,2024-10-04,1000000.00,3.708454,99.490234375
08:01:10,91282CLM1,TSRYS5893517,D,S,C,2024-10-04,1000000.00,3.704923,99.51171875
08:01:10,91282CLM1,TSRYS5893517,D,S,D,2024-10-04,1000000.00,3.705565,99.5078125
08:01:10,91282CLM1,TSRYS5893517,D,B,C,2024-10-04,1000000.00,3.704602,99.513671875
08:01:10,91282CLM1,TSRYS5893517,D,S,D,2024-10-04,1000000.00,3.704602,99.513671875
08:01:10,91282CLM1,TSRYS5893517,D,S,D,2024-10-04,1000000.00,3.705565,99.5078125
08:01:10,91282CLM1,TSRYS5893517,D,S,D,2024-10-04,1000000.00,3.704923,99.51171875
08:01:10,91282CLM1,TSRYS5893517,D,B,C,2024-10-04,1000000.00,3.704923,99.51171875
08:01:10,91282CLM1,TSRYS5893517,D,S,D,2024-10-04,1000000.00,3.706207,99.50390625
08:01:10,91282CLM1,TSRYS5893517,D,S,D,2024-10-04,1000000.00,3.706207,99.50390625
08:01:10,91282CLM1,TSRYS5893517,D,S,D,2024-10-04,1000000.00,3.708454,99.490234375
08:01:10,91282CLM1,TSRYS5893517,D,S,D,2024-10-04,1000000.00,3.708133,99.4921875
08:01:11,91282CLM1,TSRYS5893517,D,S,C,2024-10-04,1000000.00,3.710702,99.4765625
08:01:11,91282CLM1,TSRYS5893517,D,S,D,2024-10-04,1000000.00,3.715841,99.4453125
08:01:11,91282CLM1,TSRYS5893517,D,S,D,2024-10-04,1000000.00,3.715841,99.4453125
08:01:11,91282CLM1,TSRYS5893517,D,S,D,2024-10-04,1000000.00,3.713271,99.4609375
08:01:11,91282CLM1,TSRYS5893517,D,S,D,2024-10-04,1000000.00,3.715841,99.4453125
08:01:11,91282CLM1,TSRYS5893517,D,S,D,2024-10-04,1000000.00,3.720982,99.4140625
08:01:11,91282CLM1,TSRYS5893517,D,S,D,2024-10-04,1000000.00,3.722589,99.404296875
08:01:11,91282CLM1,TSRYS5893517,D,S,C,2024-10-04,1000000.00,3.722267,99.40625
08:01:11,91282CLM1,TSRYS5893517,D,S,D,2024-10-04,1000000.00,3.722267,99.40625
08:01:11,91282CLM1,TSRYS5893517,D,S,D,2024-10-04,1000000.00,3.722267,99.40625
08:01:11,91282CLM1,TSRYS5893517,D,S,D,2024-10-04,1000000.00,3.722589,99.404296875
08:01:11,91282CLM1,TSRYS5893517,D,S,D,2024-10-04,1000000.00,3.722589,99.404296875
08:01:11,91282CLM1,TSRYS5893517,D,S,D,2024-10-04,1000000.00,3.722267,99.40625
08:01:11,91282CLM1,TSRYS5893517,D,S,D,2024-10-04,1000000.00,3.722589,99.404296875
08:01:11,91282CLM1,TSRYS5893517,D,S,D,2024-10-04,1000000.00,3.722589,99.404296875
08:01:11,91282CLM1,TSRYS5893517,D,S,D,2024-10-04,1000000.00,3.722589,99.404296875
08:01:12,91282CLM1,TSRYS5893517,D,S,D,2024-10-04,1000000.00,3.72741,99.375
08:01:12,91282CLM1,TSRYS5893517,D,S,D,2024-10-04,1000000.00,3.72741,99.375
08:01:12,91282CLM1,TSRYS5893517,D,S,D,2024-10-04,2000000.00,3.72741,99.375
08:01:12,91282CLM1,TSRYS5893517,D,S,D,2024-10-04,2000000.00,3.72741,99.375
08:01:12,91282CLM1,TSRYS5893517,D,S,D,2024-10-04,1000000.00,3.72741,99.375
08:01:12,91282CLM1,TSRYS5893517,D,S,D,2024-10-04,1000000.00,3.72741,99.375
08:01:12,91282CLM1,TSRYS5893517,D,S,D,2024-10-04,2000000.00,3.72741,99.375
08:01:12,91282CLM1,TSRYS5893517,D,S,D,2024-10-04,2000000.00,3.72741,99.375
08:01:12,91282CLM1,TSRYS5893517,D,S,D,2024-10-04,1000000.00,3.72741,99.375
08:01:12,91282CLM1,TSRYS5893517,D,B,A,2024-10-04,2000000.00,3.733842,99.3359375
08:01:12,91282CLM1,TSRYS5893517,D,S,D,2024-10-04,1000000.00,3.729983,99.359375
08:01:12,91282CLM1,TSRYS5893517,D,S,D,2024-10-04,2000000.00,3.729983,99.359375
08:01:12,91282CLM1,TSRYS5893517,D,S,C,2024-10-04,1000000.00,3.730626,99.35546875
08:01:12,91282CLM1,TSRYS5893517,D,S,T,2024-10-04,1000000.00,3.73385,99.3358875
08:01:12,91282CLM1,TSRYS5893517,D,S,T,2024-10-04,1000000.00,3.73385,99.3358875
08:01:12,91282CLM1,TSRYS5893517,D,B,A,2024-10-04,3000000.00,3.733842,99.3359375
08:01:12,91282CLM1,TSRYS5893517,D,S,T,2024-10-04,1000000.00,3.732885,99.341746875
08:01:12,91282CLM1,TSRYS5893517,D,S,T,2024-10-04,1000000.00,3.732885,99.341746875
08:01:12,91282CLM1,TSRYS5893517,D,S,T,2024-10-04,1000000.00,3.732885,99.341746875
08:01:12,91282CLM1,TSRYS5893517,D,S,D,2024-10-04,2000000.00,3.731269,99.3515625
08:01:12,91282CLM1,TSRYS5893517,D,S,A,2024-10-04,57957000.00,3.726767,99.37890625
08:01:12,91282CLM1,TSRYS5893517,D,S,D,2024-10-04,2000000.00,3.733842,99.3359375
08:01:12,91282CLM1,TSRYS5893517,D,S,D,2024-10-04,1000000.00,3.734485,99.33203125
08:01:13,91282CLM1,TSRYS5893517,D,S,D,2024-10-04,70000000.00,3.733198,99.33984375
08:01:13,91282CLM1,TSRYS5893517,D,S,T,2024-10-04,1000000.00,3.718411,99.4296875
08:01:13,91282CLM1,TSRYS5893517,D,S,T,2024-10-04,1000000.00,3.718411,99.4296875
08:01:13,91282CLM1,TSRYS5893517,D,S,T,2024-10-04,1000000.00,3.718411,99.4296875
08:01:14,91282CLM1,TSRYS5893517,D,S,D,2024-10-04,1000000.00,3.708133,99.4921875
08:01:14,91282CLM1,TSRYS5893517,D,S,D,2024-10-04,1000000.00,3.708133,99.4921875
08:01:14,91282CLM1,TSRYS5893517,D,S,D,2024-10-04,1000000.00,3.708133,99.4921875
08:01:14,91282CLM1,TSRYS5893517,D,S,T,2024-10-04,1000000.00,3.708133,99.4921875
08:01:14,91282CLM1,TSRYS5893517,D,S,D,2024-10-04,1000000.00,3.708454,99.49023437
08:01:14,91282CLM1,TSRYS5893517,D,S,D,2024-10-04,1000000.00,3.708454,99.49023437
08:01:14,91282CLM1,TSRYS5893517,D,S,D,2024-10-04,1000000.00,3.708454,99.49023437
08:01:14,91282CLM1,TSRYS5893517,D,S,D,2024-10-04,1000000.00,3.708454,99.49023437
08:01:14,91282CLM1,TSRYS5893517,D,S,D,2024-10-04,1000000.00,3.708454,99.49023437
08:01:14,91282CLM1,TSRYS5893517,D,S,D,2024-10-04,1000000.00,3.708454,99.49023437
08:01:14,91282CLM1,TSRYS5893517,D,S,D,2024-10-04,1000000.00,3.708454,99.49023437
08:01:14,91282CLM1,TSRYS5893517,D,S,D,2024-10-04,1000000.00,3.708454,99.49023437
08:01:14,91282CLM1,TSRYS5893517,D,S,D,2024-10-04,1000000.00,3.708454,99.49023437
08:01:14,91282CLM1,TSRYS5893517,D,S,D,2024-10-04,1000000.00,3.708454,99.49023437
08:01:14,91282CLM1,TSRYS5893517,D,S,D,2024-10-04,1000000.00,3.708454,99.49023437
08:01:14,91282CLM1,TSRYS5893517,D,S,D,2024-10-04,1000000.00,3.708454,99.49023437
08:01:14,91282CLM1,TSRYS5893517,D,S,T,2024-10-04,1000000.00,3.708454,99.49023437
08:01:14,91282CLM1,TSRYS5893517,D,S,D,2024-10-04,1000000.00,3.708454,99.49023437
08:01:14,91282CLM1,TSRYS5893517,D,S,D,2024-10-04,1000000.00,3.708454,99.49023437
08:01:14,91282CLM1,TSRYS5893517,D,S,D,2024-10-04,1000000.00,3.708454,99.49023437
08:01:14,91282CLM1,TSRYS5893517,D,S,D,2024-10-04,1000000.00,3.708454,99.49023437
08:01:14,91282CLM1,TSRYS5893517,D,S,D,2024-10-04,1000000.00,3.708454,99.49023437
08:01:14,91282CLM1,TSRYS5893517,D,S,D,2024-10-04,1000000.00,3.708454,99.49023437
08:01:14,91282CLM1,TSRYS5893517,D,S,D,2024-10-04,1000000.00,3.708454,99.49023437
08:01:14,91282CLM1,TSRYS5893517,D,S,D,2024-10-04,1000000.00,3.708454,99.49023437
08:01:14,91282CLM1,TSRYS5893517,D,S,D,2024-10-04,1000000.00,3.708133,99.4921875
08:01:14,91282CLM1,TSRYS5893517,D,S,D,2024-10-04,1000000.00,3.706207,99.50390625
08:01:14,91282CLM1,TSRYS5893517,D,S,D,2024-10-04,1000000.00,3.706207,99.50390625
08:01:14,91282CLM1,TSRYS5893517,D,S,D,2024-10-04,1000000.00,3.706207,99.50390625
08:01:14,91282CLM1,TSRYS5893517,D,S,D,2024-10-04,1000000.00,3.706207,99.50390625
08:01:14,91282CLM1,TSRYS5893517,D,S,D,2024-10-04,1000000.00,3.706207,99.50390625
08:01:14,91282CLM1,TSRYS5893517,D,S,D,2024-10-04,1000000.00,3.706207,99.50390625
08:01:14,91282CLM1,TSRYS5893517,D,S,D,2024-10-04,1000000.00,3.706207,99.50390625
08:01:14,91282CLM1,TSRYS5893517,D,S,D,2024-10-04,1000000.00,3.706207,99.50390625
08:01:14,91282CLM1,TSRYS5893517,D,S,D,2024-10-04,1000000.00,3.706207,99.50390625
08:01:14,91282CLM1,TSRYS5893517,D,S,D,2024-10-04,1000000.00,3.706207,99.50390625
08:01:14,91282CLM1,TSRYS5893517,D,S,T,2024-10-04,1000000.00,3.706207,99.50390625
08:01:14,91282CLM1,TSRYS5893517,D,S,D,2024-10-04,1000000.00,3.706207,99.50390625
08:01:14,91282CLM1,TSRYS5893517,D,S,D,2024-10-04,1000000.00,3.706207,99.50390625
08:01:14,91282CLM1,TSRYS5893517,D,S,D,2024-10-04,1000000.00,3.706207,99.50390625
08:01:14,91282CLM1,TSRYS5893517,D,S,D,2024-10-04,1000000.00,3.706207,99.50390625
08:01:14,91282CLM1,TSRYS5893517,D,S,D,2024-10-04,1000000.00,3.706207,99.50390625
08:01:14,91282CLM1,TSRYS5893517,D,S,D,2024-10-04,1000000.00,3.706207,99.50390625
08:01:14,91282CLM1,TSRYS5893517,D,S,D,2024-10-04,1000000.00,3.706207,99.50390625
08:01:14,91282CLM1,TSRYS5893517,D,S,D,2024-10-04,1000000.00,3.706207,99.50390625
08:01:14,91282CLM1,TSRYS5893517,D,S,D,2024-10-04,1000000.00,3.706207,99.50390625
08:01:14,91282CLM1,TSRYS5893517,D,S,T,2024-10-04,1000000.00,3.706849,99.5
08:01:14,91282CLM1,TSRYS5893517,D,S,D,2024-10-04,1000000.00,3.706207,99.50390625
08:01:14,91282CLM1,TSRYS5893517,D,S,D,2024-10-04,1000000.00,3.706207,99.50390625
08:01:14,91282CLM1,TSRYS5893517,D,S,D,2024-10-04,1000000.00,3.706207,99.50390625
08:01:14,91282CLM1,TSRYS5893517,D,S,T,2024-10-04,1000000.00,3.706207,99.50390625
08:01:14,91282CLM1,TSRYS5893517,D,S,D,2024-10-04,1000000.00,3.706207,99.50390625
08:01:14,91282CLM1,TSRYS5893517,D,S,D,2024-10-04,1000000.00,3.706207,99.50390625
08:01:14,91282CLM1,TSRYS5893517,D,S,D,2024-10-04,1000000.00,3.706207,99.50390625
08:01:14,91282CLM1,TSRYS5893517,D,S,D,2024-10-04,1000000.00,3.706207,99.50390625
08:01:14,91282CLM1,TSRYS5893517,D,S,D,2024-10-04,1000000.00,3.706207,99.50390625
08:01:14,91282CLM1,TSRYS5893517,D,S,T,2024-10-04,1000000.00,3.706207,99.50390625
08:01:14,91282CLM1,TSRYS5893517,D,S,D,2024-10-04,1000000.00,3.706207,99.50390625
08:01:14,91282CLM1,TSRYS5893517,D,S,D,2024-10-04,1000000.00,3.706207,99.50390625
08:01:14,91282CLM1,TSRYS5893517,D,S,D,2024-10-04,1000000.00,3.706207,99.50390625
08:01:14,91282CLM1,TSRYS5893517,D,S,D,2024-10-04,1000000.00,3.706207,99.50390625
08:01:14,91282CLM1,TSRYS5893517,D,S,D,2024-10-04,1000000.00,3.706207,99.50390625
08:01:14,91282CLM1,TSRYS5893517,D,S,D,2024-10-04,1000000.00,3.706207,99.50390625
08:01:14,91282CLM1,TSRYS5893517,D,S,D,2024-10-04,1000000.00,3.706207,99.50390625
08:01:14,91282CLM1,TSRYS5893517,D,S,D,2024-10-04,1000000.00,3.706207,99.50390625
08:01:14,91282CLM1,TSRYS5893517,D,S,D,2024-10-04,1000000.00,3.706207,99.50390625
08:01:14,91282CLM1,TSRYS5893517,D,S,D,2024-10-04,1000000.00,3.706207,99.50390625
08:01:14,91282CLM1,TSRYS5893517,D,S,D,2024-10-04,1000000.00,3.706207,99.50390625
08:01:14,91282CLM1,TSRYS5893517,D,S,D,2024-10-04,1000000.00,3.706207,99.50390625
08:01:14,91282CLM1,TSRYS5893517,D,S,D,2024-10-04,1000000.00,3.706207,99.50390625
08:01:14,91282CLM1,TSRYS5893517,D,S,D,2024-10-04,1000000.00,3.706207,99.50390625
08:01:14,91282CLM1,TSRYS5893517,D,S,D,2024-10-04,1000000.00,3.706207,99.50390625
08:01:14,91282CLM1,TSRYS5893517,D,S,D,2024-10-04,1000000.00,3.706207,99.50390625
08:01:14,91282CLM1,TSRYS5893517,D,S,D,2024-10-04,1000000.00,3.706207,99.50390625
08:01:14,91282CLM1,TSRYS5893517,D,S,D,2024-10-04,1000000.00,3.706207,99.50390625
08:01:14,91282CLM1,TSRYS5893517,D,S,D,2024-10-04,1000000.00,3.706207,99.50390625
08:01:14,91282CLM1,TSRYS5893517,D,S,D,2024-10-04,1000000.00,3.708454,99.49023437
08:01:14,91282CLM1,TSRYS5893517,D,S,D,2024-10-04,1000000.00,3.708133,99.4921875
08:01:14,91282CLM1,TSRYS5893517,D,S,D,2024-10-04,1000000.00,3.708454,99.49023437
08:01:14,91282CLM1,TSRYS5893517,D,S,D,2024-10-04,1000000.00,3.708454,99.49023437
08:01:15,91282CLM1,TSRYS5893517,D,S,D,2024-10-04,1000000.00,3.708454,99.49023437
08:01:15,91282CLM1,TSRYS5893517,D,S,D,2024-10-04,2000000.00,3.708454,99.49023437
08:01:15,91282CLM1,TSRYS5893517,D,S,D,2024-10-04,1000000.00,3.708454,99.49023437
08:01:15,91282CLM1,TSRYS5893517,D,S,D,2024-10-04,1000000.00,3.708454,99.49023437
08:01:15,91282CLM1,TSRYS5893517,D,S,D,2024-10-04,1000000.00,3.708454,99.49023437
08:01:15,91282CLM1,TSRYS5893517,D,S,D,2024-10-04,2000000.00,3.708454,99.49023437
08:01:15,91282CLM1,TSRYS5893517,D,S,D,2024-10-04,2000000.00,3.708454,99.49023437
08:01:15,91282CLM1,TSRYS5893517,D,S,D,2024-10-04,1000000.00,3.708133,99.4921875
08:01:15,91282CLM1,TSRYS5893517,D,S,D,2024-10-04,1000000.00,3.708133,99.4921875
08:01:15,91282CLM1,TSRYS5893517,D,S,D,2024-10-04,1000000.00,3.708454,99.49023437
08:01:15,91282CLM1,TSRYS5893517,D,S,D,2024-10-04,1000000.00,3.708454,99.49023437
08:01:15,91282CLM1,TSRYS5893517,D,S,D,2024-10-04,1000000.00,3.708133,99.4921875
08:01:15,91282CLM1,TSRYS5893517,D,S,D,2024-10-04,1000000.00,3.708133,99.4921875
08:01:15,91282CLM1,TSRYS5893517,D,S,D,2024-10-04,1000000.00,3.708454,99.49023437
08:01:15,91282CLM1,TSRYS5893517,D,S,D,2024-10-04,1000000.00,3.708133,99.4921875
08:01:15,91282CLM1,TSRYS5893517,D,S,D,2024-10-04,1000000.00,3.708454,99.49023437
08:01:15,91282CLM1,TSRYS5893517,D,S,T,2024-10-04,1000000.00,3.722267,99.40625
08:01:15,91282CLM1,TSRYS5893517,D,S,T,2024-10-04,1000000.00,3.722267,99.40625
08:01:15,91282CLM1,TSRYS5893517,D,S,D,2024-10-04,1000000.00,3.708454,99.49023437
08:01:15,91282CLM1,TSRYS5893517,D,S,D,2024-10-04,1000000.00,3.708454,99.49023437
08:01:15,91282CLM1,TSRYS5893517,D,S,D,2024-10-04,1000000.00,3.710702,99.4765625
08:01:15,91282CLM1,TSRYS5893517,D,S,C,2024-10-04,1000000.00,3.708454,99.49023437
08:01:15,91282CLM1,TSRYS5893517,D,S,D,2024-10-04,1000000.00,3.708454,99.49023437
08:01:15,91282CLM1,TSRYS5893517,D,S,D,2024-10-04,1000000.00,3.708454,99.49023437
08:01:15,91282CLM1,TSRYS5893517,D,S,D,2024-10-04,1000000.00,3.708454,99.49023437
08:01:15,91282CLM1,TSRYS5893517,D,S,D,2024-10-04,1000000.00,3.708454,99.49023437
08:01:15,91282CLM1,TSRYS5893517,D,S,D,2024-10-04,1000000.00,3.708454,99.49023437
08:01:15,91282CLM1,TSRYS5893517,D,S,D,2024-10-04,1000000.00,3.708454,99.49023437
08:01:15,91282CLM1,TSRYS5893517,D,S,D,2024-10-04,1000000.00,3.708454,99.49023437
08:01:15,91282CLM1,TSRYS5893517,D,S,D,2024-10-04,1000000.00,3.708454,99.49023437
08:01:15,91282CLM1,TSRYS5893517,D,S,D,2024-10-04,1000000.00,3.708454,99.49023437
08:01:15,91282CLM1,TSRYS5893517,D,S,D,2024-10-04,1000000.00,3.708454,99.49023437
08:01:15,91282CLM1,TSRYS5893517,D,S,D,2024-10-04,1000000.00,3.708454,99.49023437
08:01:15,91282CLM1,TSRYS5893517,D,S,D,2024-10-04,1000000.00,3.708454,99.49023437
08:01:15,91282CLM1,TSRYS5893517,D,S,D,2024-10-04,1000000.00,3.708454,99.49023437
08:01:15,91282CLM1,TSRYS5893517,D,S,D,2024-10-04,1000000.00,3.708454,99.49023437
08:01:15,91282CLM1,TSRYS5893517,D,S,D,2024-10-04,1000000.00,3.706207,99.50390625
08:01:15,91282CLM1,TSRYS5893517,D,S,D,2024-10-04,1000000.00,3.706207,99.50390625
08:01:15,91282CLM1,TSRYS5893517,D,S,D,2024-10-04,1000000.00,3.706207,99.50390625
08:01:15,91282CLM1,TSRYS5893517,D,S,D,2024-10-04,1000000.00,3.706207,99.50390625
08:01:16,91282CLM1,TSRYS5893517,D,S,T,2024-10-04,1000000.00,3.706849,99.5
08:01:16,91282CLM1,TSRYS5893517,D,S,D,2024-10-04,1000000.00,3.708454,99.49023437
08:01:16,91282CLM1,TSRYS5893517,D,S,D,2024-10-04,1000000.00,3.708454,99.49023437
08:01:16,91282CLM1,TSRYS5893517,D,S,D,2024-10-04,1000000.00,3.708454,99.49023437
08:01:16,91282CLM1,TSRYS5893517,D,S,D,2024-10-04,1000000.00,3.708454,99.49023437
08:01:16,91282CLM1,TSRYS5893517,D,S,D,2024-10-04,1000000.00,3.708454,99.49023437
08:01:16,91282CLM1,TSRYS5893517,D,S,D,2024-10-04,1000000.00,3.708133,99.4921875
08:01:16,91282CLM1,TSRYS5893517,D,S,D,2024-10-04,1000000.00,3.708454,99.49023437
08:01:16,91282CLM1,TSRYS5893517,D,S,C,2024-10-04,1000000.00,3.708454,99.49023437
08:01:16,91282CLM1,TSRYS5893517,D,S,D,2024-10-04,1000000.00,3.708454,99.49023437
08:01:16,91282CLM1,TSRYS5893517,D,S,D,2024-10-04,1000000.00,3.708133,99.4921875
08:01:16,91282CLM1,TSRYS5893517,D,S,D,2024-10-04,1000000.00,3.706207,99.50390625
08:01:16,91282CLM1,TSRYS5893517,D,S,D,2024-10-04,1000000.00,3.706207,99.50390625
08:01:16,91282CLM1,TSRYS5893517,D,S,D,2024-10-04,1000000.00,3.706849,99.5
08:01:16,91282CLM1,TSRYS5893517,D,S,D,2024-10-04,1000000.00,3.706207,99.50390625
08:01:16,91282CLM1,TSRYS5893517,D,S,D,2024-10-04,1000000.00,3.701393,99.53320312
08:01:16,91282CLM1,TSRYS5893517,D,S,D,2024-10-04,1000000.00,3.701393,99.53320312
08:01:16,91282CLM1,TSRYS5893517,D,S,D,2024-10-04,1000000.00,3.701393,99.53320312
08:01:16,91282CLM1,TSRYS5893517,D,S,D,2024-10-04,1000000.00,3.701393,99.53320312
08:01:16,91282CLM1,TSRYS5893517,D,S,D,2024-10-04,1000000.00,3.701393,99.53320312
08:01:16,91282CLM1,TSRYS5893517,D,S,D,2024-10-04,1000000.00,3.701393,99.53320312
08:01:16,91282CLM1,TSRYS5893517,D,S,D,2024-10-04,1000000.00,3.701393,99.53320312
08:01:16,91282CLM1,TSRYS5893517,D,S,D,2024-10-04,1000000.00,3.701393,99.53320312
08:01:16,91282CLM1,TSRYS5893517,D,S,D,2024-10-04,1000000.00,3.701393,99.53320312
08:01:16,91282CLM1,TSRYS5893517,D,S,D,2024-10-04,1000000.00,3.701393,99.53320312
08:01:16,91282CLM1,TSRYS5893517,D,S,D,2024-10-04,1000000.00,3.701072,99.53515625
08:01:16,91282CLM1,TSRYS5893517,D,S,D,2024-10-04,1000000.00,3.701393,99.53320312
08:01:16,91282CLM1,TSRYS5893517,D,S,D,2024-10-04,1000000.00,3.701393,99.53320312
08:01:16,91282CLM1,TSRYS5893517,D,S,C,2024-10-04,1000000.00,3.701393,99.53320312
08:01:16,91282CLM1,TSRYS5893517,D,S,D,2024-10-04,1000000.00,3.701393,99.53320312
08:01:16,91282CLM1,TSRYS5893517,D,S,D,2024-10-04,1000000.00,3.701393,99.53320312
08:01:16,91282CLM1,TSRYS5893517,D,S,D,2024-10-04,1000000.00,3.701393,99.53320312
08:01:16,91282CLM1,TSRYS5893517,D,S,D,2024-10-04,1000000.00,3.703639,99.51953125
08:01:16,91282CLM1,TSRYS5893517,D,S,D,2024-10-04,1000000.00,3.703639,99.51953125
08:01:16,91282CLM1,TSRYS5893517,D,S,C,2024-10-04,1000000.00,3.711023,99.47460937
08:01:16,91282CLM1,TSRYS5893517,D,S,D,2024-10-04,1000000.00,3.703639,99.51953125
08:01:16,91282CLM1,TSRYS5893517,D,S,C,2024-10-04,1000000.00,3.711023,99.47460937
08:01:16,91282CLM1,TSRYS5893517,D,S,C,2024-10-04,1000000.00,3.711023,99.47460937
08:01:16,91282CLM1,TSRYS5893517,D,S,D,2024-10-04,1000000.00,3.703639,99.51953125
08:01:16,91282CLM1,TSRYS5893517,D,S,C,2024-10-04,1000000.00,3.711023,99.47460937
08:01:16,91282CLM1,TSRYS5893517,D,B,C,2024-10-04,1000000.00,3.706528,99.50195312
08:01:16,91282CLM1,TSRYS5893517,D,S,C,2024-10-04,1000000.00,3.711023,99.47460937
08:01:16,91282CLM1,TSRYS5893517,D,S,D,2024-10-04,1000000.00,3.706849,99.5
08:01:16,91282CLM1,TSRYS5893517,D,S,C,2024-10-04,1000000.00,3.711023,99.47460937
08:01:16,91282CLM1,TSRYS5893517,D,S,C,2024-10-04,1000000.00,3.711023,99.47460937
08:01:16,91282CLM1,TSRYS5893517,D,S,C,2024-10-04,1000000.00,3.711023,99.47460937
08:01:16,91282CLM1,TSRYS5893517,D,S,D,2024-10-04,1000000.00,3.711023,99.47460937
08:01:16,91282CLM1,TSRYS5893517,D,S,C,2024-10-04,1000000.00,3.711023,99.47460937
08:01:16,91282CLM1,TSRYS5893517,D,S,D,2024-10-04,1000000.00,3.708133,99.4921875
08:01:17,91282CLM1,TSRYS5893517,D,S,D,2024-10-04,1000000.00,3.708454,99.49023437
08:01:17,91282CLM1,TSRYS5893517,D,S,D,2024-10-04,1000000.00,3.709418,99.484375
08:01:17,91282CLM1,TSRYS5893517,D,S,D,2024-10-04,1000000.00,3.708454,99.49023437
08:01:17,91282CLM1,TSRYS5893517,D,S,D,2024-10-04,2000000.00,3.708454,99.49023437
08:01:17,91282CLM1,TSRYS5893517,D,S,D,2024-10-04,1000000.00,3.708454,99.49023437
08:01:17,91282CLM1,TSRYS5893517,D,S,D,2024-10-04,1000000.00,3.708454,99.49023437
08:01:17,91282CLM1,TSRYS5893517,D,S,D,2024-10-04,1000000.00,3.708454,99.49023437
08:01:17,91282CLM1,TSRYS5893517,D,S,C,2024-10-04,1000000.00,3.710702,99.4765625
08:01:17,91282CLM1,TSRYS5893517,D,S,T,2024-10-04,1000000.00,3.710702,99.4765625
08:01:17,91282CLM1,TSRYS5893517,D,S,D,2024-10-04,1000000.00,3.710702,99.4765625
08:01:17,91282CLM1,TSRYS5893517,D,B,C,2024-10-04,1000000.00,3.706528,99.50195312
08:01:17,91282CLM1,TSRYS5893517,D,S,D,2024-10-04,1000000.00,3.708454,99.49023437
08:01:17,91282CLM1,TSRYS5893517,D,S,D,2024-10-04,2000000.00,3.731269,99.3515625
08:01:17,91282CLM1,TSRYS5893517,D,S,T,2024-10-04,1000000.00,3.708133,99.4921875
08:01:17,91282CLM1,TSRYS5893517,D,S,D,2024-10-04,1000000.00,3.708454,99.49023437
08:01:17,91282CLM1,TSRYS5893517,D,S,D,2024-10-04,1000000.00,3.708133,99.4921875
08:01:17,91282CLM1,TSRYS5893517,D,S,D,2024-10-04,1000000.00,3.708133,99.4921875
08:01:17,91282CLM1,TSRYS5893517,D,S,D,2024-10-04,1000000.00,3.707812,99.494140625
08:01:17,91282CLM1,TSRYS5893517,D,S,D,2024-10-04,1000000.00,3.707812,99.494140625
08:01:17,91282CLM1,TSRYS5893517,D,S,D,2024-10-04,1000000.00,3.708133,99.4921875
08:01:17,91282CLM1,TSRYS5893517,D,S,D,2024-10-04,1000000.00,3.708133,99.4921875
08:01:17,91282CLM1,TSRYS5893517,D,S,D,2024-10-04,1000000.00,3.706207,99.50390625
08:01:17,91282CLM1,TSRYS5893517,D,S,D,2024-10-04,1000000.00,3.706207,99.50390625
08:01:17,91282CLM1,TSRYS5893517,D,S,D,2024-10-04,1000000.00,3.706207,99.50390625
08:01:17,91282CLM1,TSRYS5893517,D,S,D,2024-10-04,1000000.00,3.706849,99.5
08:01:17,91282CLM1,TSRYS5893517,D,S,D,2024-10-04,1000000.00,3.706207,99.50390625
08:01:17,91282CLM1,TSRYS5893517,D,S,D,2024-10-04,1000000.00,3.706207,99.50390625
08:01:17,91282CLM1,TSRYS5893517,D,S,D,2024-10-04,1000000.00,3.706207,99.50390625
08:01:17,91282CLM1,TSRYS5893517,D,S,D,2024-10-04,1000000.00,3.706207,99.50390625
08:01:17,91282CLM1,TSRYS5893517,D,S,D,2024-10-04,1000000.00,3.706207,99.50390625
08:01:17,91282CLM1,TSRYS5893517,D,S,D,2024-10-04,1000000.00,3.706849,99.5
08:01:17,91282CLM1,TSRYS5893517,D,S,D,2024-10-04,1000000.00,3.706207,99.50390625
08:01:17,91282CLM1,TSRYS5893517,D,S,D,2024-10-04,1000000.00,3.706207,99.50390625
08:01:17,91282CLM1,TSRYS5893517,D,S,D,2024-10-04,1000000.00,3.708454,99.49023437
08:01:17,91282CLM1,TSRYS5893517,D,S,D,2024-10-04,1000000.00,3.710702,99.4765625
08:01:17,91282CLM1,TSRYS5893517,D,S,D,2024-10-04,1000000.00,3.710702,99.4765625
08:01:17,91282CLM1,TSRYS5893517,D,S,D,2024-10-04,1000000.00,3.711023,99.47460937
08:01:17,91282CLM1,TSRYS5893517,D,S,D,2024-10-04,1000000.00,3.711023,99.47460937
08:01:17,91282CLM1,TSRYS5893517,D,S,D,2024-10-04,1000000.00,3.711023,99.47460937
08:01:17,91282CLM1,TSRYS5893517,D,B,C,2024-10-04,1000000.00,3.70717,99.49804687
08:01:17,91282CLM1,TSRYS5893517,D,S,C,2024-10-04,1000000.00,3.71006,99.48046875
08:01:17,91282CLM1,TSRYS5893517,D,S,D,2024-10-04,1000000.00,3.711023,99.47460937
08:01:17,91282CLM1,TSRYS5893517,D,S,C,2024-10-04,1000000.00,3.711023,99.47460937
08:01:17,91282CLM1,TSRYS5893517,D,S,C,2024-10-04,1000000.00,3.71006,99.48046875
08:01:17,91282CLM1,TSRYS5893517,D,S,D,2024-10-04,1000000.00,3.711023,99.47460937
08:01:17,91282CLM1,TSRYS5893517,D,S,D,2024-10-04,1000000.00,3.711023,99.47460937
08:01:17,91282CLM1,TSRYS5893517,D,S,D,2024-10-04,1000000.00,3.711023,99.47460937
08:01:17,91282CLM1,TSRYS5893517,D,S,D,2024-10-04,1000000.00,3.711023,99.47460937
08:01:17,91282CLM1,TSRYS5893517,D,S,D,2024-10-04,1000000.00,3.711023,99.47460937
08:01:18,91282CLM1,TSRYS5893517,D,S,D,2024-10-04,1000000.00,3.711023,99.47460937
08:01:18,91282CLM1,TSRYS5893517,D,S,D,2024-10-04,1000000.00,3.711023,99.47460937
08:01:18,91282CLM1,TSRYS5893517,D,S,D,2024-10-04,1000000.00,3.711023,99.47460937
08:01:18,91282CLM1,TSRYS5893517,D,S,D,2024-10-04,1000000.00,3.711023,99.47460937
08:01:18,91282CLM1,TSRYS5893517,D,S,D,2024-10-04,1000000.00,3.711023,99.47460937
08:01:18,91282CLM1,TSRYS5893517,D,S,D,2024-10-04,1000000.00,3.710702,99.4765625
08:01:18,91282CLM1,TSRYS5893517,D,S,D,2024-10-04,1000000.00,3.710702,99.4765625
08:01:18,91282CLM1,TSRYS5893517,D,S,D,2024-10-04,1000000.00,3.711023,99.47460937
08:01:18,91282CLM1,TSRYS5893517,D,S,D,2024-10-04,1000000.00,3.711023,99.47460937
08:01:18,91282CLM1,TSRYS5893517,D,S,D,2024-10-04,1000000.00,3.710702,99.4765625
08:01:18,91282CLM1,TSRYS5893517,D,S,D,2024-10-04,1000000.00,3.711023,99.47460937
08:01:18,91282CLM1,TSRYS5893517,D,S,D,2024-10-04,1000000.00,3.710702,99.4765625
08:01:18,91282CLM1,TSRYS5893517,D,S,D,2024-10-04,1000000.00,3.711023,99.47460937
08:01:18,91282CLM1,TSRYS5893517,D,S,D,2024-10-04,1000000.00,3.711023,99.47460937
08:01:18,91282CLM1,TSRYS5893517,D,S,D,2024-10-04,1000000.00,3.711023,99.47460937
08:01:18,91282CLM1,TSRYS5893517,D,S,D,2024-10-04,1000000.00,3.711023,99.47460937
08:01:18,91282CLM1,TSRYS5893517,D,S,D,2024-10-04,1000000.00,3.710702,99.4765625
08:01:18,91282CLM1,TSRYS5893517,D,S,D,2024-10-04,1000000.00,3.710702,99.4765625
08:01:18,91282CLM1,TSRYS5893517,D,S,D,2024-10-04,1000000.00,3.711023,99.47460937
08:01:18,91282CLM1,TSRYS5893517,D,S,D,2024-10-04,1000000.00,3.711023,99.47460937
08:01:18,91282CLM1,TSRYS5893517,D,S,D,2024-10-04,1000000.00,3.711023,99.47460937
08:01:18,91282CLM1,TSRYS5893517,D,S,D,2024-10-04,1000000.00,3.711023,99.47460937
08:01:18,91282CLM1,TSRYS5893517,D,S,D,2024-10-04,1000000.00,3.711023,99.47460937
08:01:18,91282CLM1,TSRYS5893517,D,B,C,2024-10-04,5000000.00,3.708454,99.490234375
08:01:18,91282CLM1,TSRYS5893517,D,S,D,2024-10-04,5000000.00,3.708454,99.490234375
08:01:18,91282CLM1,TSRYS5893517,D,S,C,2024-10-04,1000000.00,3.711023,99.47460937
08:01:18,91282CLM1,TSRYS5893517,D,S,D,2024-10-04,1000000.00,3.711023,99.47460937
08:01:18,91282CLM1,TSRYS5893517,D,S,D,2024-10-04,1000000.00,3.711023,99.47460937
08:01:18,91282CLM1,TSRYS5893517,D,S,D,2024-10-04,1000000.00,3.711023,99.47460937
08:01:18,91282CLM1,TSRYS5893517,D,S,D,2024-10-04,1000000.00,3.711023,99.47460937
08:01:18,91282CLM1,TSRYS5893517,D,S,D,2024-10-04,1000000.00,3.711023,99.47460937
08:01:18,91282CLM1,TSRYS5893517,D,S,D,2024-10-04,1000000.00,3.711023,99.47460937
08:01:18,91282CLM1,TSRYS5893517,D,S,D,2024-10-04,1000000.00,3.711023,99.47460937
08:01:18,91282CLM1,TSRYS5893517,D,S,T,2024-10-04,1000000.00,3.711023,99.47460937
08:01:18,91282CLM1,TSRYS5893517,D,S,C,2024-10-04,1000000.00,3.711023,99.47460937
08:01:18,91282CLM1,TSRYS5893517,D,S,D,2024-10-04,1000000.00,3.711023,99.47460937
08:01:18,91282CLM1,TSRYS5893517,D,S,D,2024-10-04,1000000.00,3.711023,99.47460937
08:01:18,91282CLM1,TSRYS5893517,D,S,D,2024-10-04,1000000.00,3.711023,99.47460937
08:01:18,91282CLM1,TSRYS5893517,D,S,D,2024-10-04,1000000.00,3.711023,99.47460937
08:01:18,91282CLM1,TSRYS5893517,D,S,D,2024-10-04,1000000.00,3.711023,99.47460937
08:01:18,91282CLM1,TSRYS5893517,D,S,D,2024-10-04,1000000.00,3.708454,99.49023437
08:01:18,91282CLM1,TSRYS5893517,D,S,D,2024-10-04,1000000.00,3.708454,99.49023437
08:01:18,91282CLM1,TSRYS5893517,D,S,D,2024-10-04,1000000.00,3.708454,99.49023437
08:01:18,91282CLM1,TSRYS5893517,D,S,D,2024-10-04,1000000.00,3.708454,99.49023437
