tradeTime,cusip,issueSymbolIdentifier,priceType,reportingSideCode,contraPartyTypeCode,tradeDate,reportedTradeVolume,lastSaleYield,lastSalePrice
08:00:04,91282CKU4,TSRYS5814781,D,S,D,2024-06-18,1000000.00,4.268478,102.12109375
08:00:04,91282CKU4,TSRYS5814781,D,S,D,2024-06-18,1000000.00,4.268478,102.12109375
08:00:04,91282CKU4,TSRYS5814781,D,S,D,2024-06-18,2000000.00,4.267506,102.126953125
08:00:04,91282CKU4,TSRYS5814781,D,S,D,2024-06-18,1000000.00,4.266859,102.130859375
08:00:04,91282CKU4,TSRYS5814781,D,S,D,2024-06-18,1000000.00,4.266211,102.134765625
08:00:04,91282CKU4,TSRYS5814781,D,S,T,2024-06-18,1000000.00,4.265239,102.140625
08:00:04,91282CKU4,TSRYS5814781,D,S,D,2024-06-18,1000000.00,4.265239,102.140625
08:00:04,91282CKU4,TSRYS5814781,D,S,D,2024-06-18,1000000.00,4.265239,102.140625
08:00:04,91282CKU4,TSRYS5814781,D,S,D,2024-06-18,1000000.00,4.263944,102.1484375
08:00:04,91282CKU4,TSRYS5814781,D,S,D,2024-06-18,2000000.00,4.265239,102.140625
08:00:04,91282CKU4,TSRYS5814781,D,S,D,2024-06-18,1000000.00,4.265239,102.140625
08:00:04,91282CKU4,TSRYS5814781,D,S,D,2024-06-18,1000000.00,4.264592,102.14453125
08:00:04,91282CKU4,TSRYS5814781,D,B,C,2024-06-18,1000000.00,4.263944,102.1484375
08:00:04,91282CKU4,TSRYS5814781,D,B,C,2024-06-18,1000000.00,4.263944,102.1484375
08:00:04,91282CKU4,TSRYS5814781,D,B,C,2024-06-18,1000000.00,4.263621,102.150390625
08:00:04,91282CKU4,TSRYS5814781,D,B,C,2024-06-18,1000000.00,4.263621,102.150390625
08:00:04,91282CKU4,TSRYS5814781,D,B,C,2024-06-18,1000000.00,4.263621,102.150390625
08:00:08,91282CKU4,TSRYS5814781,D,B,C,2024-06-18,1000000.00,4.265239,102.140625
08:00:08,91282CKU4,TSRYS5814781,D,B,C,2024-06-18,1000000.00,4.265239,102.140625
08:00:08,91282CKU4,TSRYS5814781,D,B,C,2024-06-18,1000000.00,4.265239,102.140625
08:00:08,91282CKU4,TSRYS5814781,D,B,C,2024-06-18,1000000.00,4.265239,102.140625
08:00:08,91282CKU4,TSRYS5814781,D,B,C,2024-06-18,1000000.00,4.265239,102.140625
08:00:08,91282CKU4,TSRYS5814781,D,B,C,2024-06-18,1000000.00,4.265239,102.140625
08:00:08,91282CKU4,TSRYS5814781,D,B,C,2024-06-18,1000000.00,4.265239,102.140625
08:00:08,91282CKU4,TSRYS5814781,D,B,C,2024-06-18,1000000.00,4.265239,102.140625
08:00:08,91282CKU4,TSRYS5814781,D,B,C,2024-06-18,1000000.00,4.265239,102.140625
08:00:08,91282CKU4,TSRYS5814781,D,S,T,2024-06-18,1000000.00,4.264916,102.142578125
08:00:08,91282CKU4,TSRYS5814781,D,S,D,2024-06-18,1000000.00,4.269449,102.115234375
08:00:08,91282CKU4,TSRYS5814781,D,S,D,2024-06-18,1000000.00,4.269126,102.1171875
08:00:08,91282CKU4,TSRYS5814781,D,S,D,2024-06-18,1000000.00,4.269773,102.11328125
08:00:08,91282CKU4,TSRYS5814781,D,S,D,2024-06-18,1000000.00,4.269449,102.115234375
08:00:08,91282CKU4,TSRYS5814781,D,S,D,2024-06-18,1000000.00,4.269449,102.115234375
08:00:08,91282CKU4,TSRYS5814781,D,S,D,2024-06-18,2000000.00,4.269449,102.115234375
08:00:08,91282CKU4,TSRYS5814781,D,S,D,2024-06-18,1000000.00,4.269449,102.115234375
08:00:08,91282CKU4,TSRYS5814781,D,S,D,2024-06-18,1000000.00,4.269449,102.115234375
08:00:08,91282CKU4,TSRYS5814781,D,S,D,2024-06-18,1000000.00,4.269449,102.115234375
08:00:08,91282CKU4,TSRYS5814781,D,S,D,2024-06-18,2000000.00,4.269126,102.1171875
08:00:08,91282CKU4,TSRYS5814781,D,S,D,2024-06-18,1000000.00,4.269126,102.1171875
08:00:08,91282CKU4,TSRYS5814781,D,S,T,2024-06-18,1000000.00,4.269449,102.115234375
08:00:08,91282CKU4,TSRYS5814781,D,S,T,2024-06-18,1000000.00,4.269449,102.115234375
08:00:08,91282CKU4,TSRYS5814781,D,S,T,2024-06-18,1000000.00,4.269449,102.115234375
08:00:08,91282CKU4,TSRYS5814781,D,S,T,2024-06-18,1000000.00,4.269449,102.115234375
08:00:08,91282CKU4,TSRYS5814781,D,S,T,2024-06-18,1000000.00,4.269449,102.115234375
08:00:08,91282CKU4,TSRYS5814781,D,S,D,2024-06-18,1000000.00,4.27917,102.056640625
08:00:08,91282CKU4,TSRYS5814781,D,S,D,2024-06-18,1000000.00,4.27917,102.056640625
08:00:08,91282CKU4,TSRYS5814781,D,S,D,2024-06-18,1000000.00,4.279494,102.0546875
08:00:08,91282CKU4,TSRYS5814781,D,S,D,2024-06-18,1000000.00,4.279494,102.0546875
08:00:08,91282CKU4,TSRYS5814781,D,S,D,2024-06-18,2000000.00,4.279494,102.0546875
08:00:08,91282CKU4,TSRYS5814781,D,S,D,2024-06-18,1000000.00,4.279494,102.0546875
08:00:08,91282CKU4,TSRYS5814781,D,S,D,2024-06-18,1000000.00,4.277549,102.06640625
08:00:08,91282CKU4,TSRYS5814781,D,S,D,2024-06-18,1000000.00,4.277873,102.064453125
08:00:08,91282CKU4,TSRYS5814781,D,S,D,2024-06-18,1000000.00,4.276901,102.0703125
08:00:08,91282CKU4,TSRYS5814781,D,S,D,2024-06-18,2000000.00,4.276901,102.0703125
08:00:08,91282CKU4,TSRYS5814781,D,S,D,2024-06-18,1000000.00,4.276901,102.0703125
08:00:08,91282CKU4,TSRYS5814781,D,S,D,2024-06-18,1000000.00,4.276901,102.0703125
08:00:08,91282CKU4,TSRYS5814781,D,S,D,2024-06-18,1000000.00,4.278846,102.05859375
08:00:08,91282CKU4,TSRYS5814781,D,S,D,2024-06-18,1000000.00,4.278846,102.05859375
08:00:08,91282CKU4,TSRYS5814781,D,S,T,2024-06-18,1000000.00,4.276577,102.072265625
08:00:08,91282CKU4,TSRYS5814781,D,S,D,2024-06-18,2000000.00,4.283384,102.03125
08:00:08,91282CKU4,TSRYS5814781,D,S,D,2024-06-18,1000000.00,4.291167,101.984375
08:00:08,91282CKU4,TSRYS5814781,D,S,D,2024-06-18,2000000.00,4.291816,101.98046875
08:00:08,91282CKU4,TSRYS5814781,D,B,C,2024-06-18,2000000.00,4.294087,101.966796875
08:00:08,91282CKU4,TSRYS5814781,D,B,C,2024-06-18,1000000.00,4.294087,101.966796875
08:00:08,91282CKU4,TSRYS5814781,D,B,C,2024-06-18,1000000.00,4.294087,101.966796875
08:00:08,91282CKU4,TSRYS5814781,D,B,C,2024-06-18,2000000.00,4.296358,101.953125
08:00:08,91282CKU4,TSRYS5814781,D,B,C,2024-06-18,1000000.00,4.296358,101.953125
08:00:08,91282CKU4,TSRYS5814781,D,B,C,2024-06-18,2000000.00,4.296358,101.953125
08:00:08,91282CKU4,TSRYS5814781,D,B,C,2024-06-18,1000000.00,4.296358,101.953125
08:00:08,91282CKU4,TSRYS5814781,D,S,D,2024-06-18,2000000.00,4.296034,101.955078125
08:00:08,91282CKU4,TSRYS5814781,D,S,D,2024-06-18,1000000.00,4.296034,101.955078125
08:00:08,91282CKU4,TSRYS5814781,D,B,C,2024-06-18,2000000.00,4.296358,101.953125
08:00:08,91282CKU4,TSRYS5814781,D,B,C,2024-06-18,1000000.00,4.296358,101.953125
08:00:08,91282CKU4,TSRYS5814781,D,B,C,2024-06-18,2000000.00,4.296358,101.953125
08:00:08,91282CKU4,TSRYS5814781,D,B,C,2024-06-18,1000000.00,4.296358,101.953125
08:00:08,91282CKU4,TSRYS5814781,D,B,C,2024-06-18,1000000.00,4.296358,101.953125
08:00:08,91282CKU4,TSRYS5814781,D,S,D,2024-06-18,1000000.00,4.296683,101.951171875
08:00:08,91282CKU4,TSRYS5814781,D,S,D,2024-06-18,1000000.00,4.295709,101.95703125
08:00:08,91282CKU4,TSRYS5814781,D,S,D,2024-06-18,1000000.00,4.295709,101.95703125
08:00:08,91282CKU4,TSRYS5814781,D,S,D,2024-06-18,1000000.00,4.294087,101.966796875
08:00:08,91282CKU4,TSRYS5814781,D,S,D,2024-06-18,2000000.00,4.289869,101.9921875
08:00:08,91282CKU4,TSRYS5814781,D,S,D,2024-06-18,200000.00,4.288572,102.0
08:00:08,91282CKU4,TSRYS5814781,D,S,D,2024-06-18,1000000.00,4.290518,101.98828125
08:00:08,91282CKU4,TSRYS5814781,D,S,D,2024-06-18,1000000.00,4.290518,101.98828125
08:00:08,91282CKU4,TSRYS5814781,D,S,D,2024-06-18,1000000.00,4.290518,101.98828125
08:00:08,91282CKU4,TSRYS5814781,D,S,D,2024-06-18,1000000.00,4.290518,101.98828125
08:00:08,91282CKU4,TSRYS5814781,D,S,D,2024-06-18,1000000.00,4.290518,101.98828125
08:00:08,91282CKU4,TSRYS5814781,D,S,D,2024-06-18,1000000.00,4.290518,101.98828125
08:00:08,91282CKU4,TSRYS5814781,D,S,D,2024-06-18,1000000.00,4.290518,101.98828125
08:00:08,91282CKU4,TSRYS5814781,D,S,T,2024-06-18,1000000.00,4.289869,101.9921875
08:00:08,91282CKU4,TSRYS5814781,D,S,D,2024-06-18,1000000.00,4.288572,102.0
08:00:10,91282CKU4,TSRYS5814781,D,B,C,2024-06-18,45000.00,4.265239,102.140625
08:00:10,91282CKU4,TSRYS5814781,D,S,T,2024-06-18,1000000.00,4.271717,102.1015625
08:00:10,91282CKU4,TSRYS5814781,D,S,T,2024-06-18,1000000.00,4.271717,102.1015625
08:00:10,91282CKU4,TSRYS5814781,D,S,D,2024-06-18,1000000.00,4.267506,102.126953125
08:00:10,91282CKU4,TSRYS5814781,D,S,T,2024-06-18,1000000.00,4.267506,102.126953125
08:00:10,91282CKU4,TSRYS5814781,D,S,T,2024-06-18,1000000.00,4.267506,102.126953125
08:00:10,91282CKU4,TSRYS5814781,D,S,T,2024-06-18,1000000.00,4.267506,102.126953125
08:00:10,91282CKU4,TSRYS5814781,D,S,D,2024-06-18,1000000.00,4.263944,102.1484375
08:00:10,91282CKU4,TSRYS5814781,D,S,D,2024-06-18,1000000.00,4.262326,102.158203125
08:00:10,91282CKU4,TSRYS5814781,D,S,T,2024-06-18,1000000.00,4.262326,102.158203125
08:00:10,91282CKU4,TSRYS5814781,D,S,T,2024-06-18,1000000.00,4.262649,102.15625
08:00:10,91282CKU4,TSRYS5814781,D,S,D,2024-06-18,1000000.00,4.268154,102.123046875
08:00:10,91282CKU4,TSRYS5814781,D,S,T,2024-06-18,1000000.00,4.268802,102.119140625
08:00:10,91282CKU4,TSRYS5814781,D,S,T,2024-06-18,1000000.00,4.269449,102.115234375
08:00:10,91282CKU4,TSRYS5814781,D,S,T,2024-06-18,1000000.00,4.278197,102.0625
08:00:10,91282CKU4,TSRYS5814781,D,S,T,2024-06-18,1000000.00,4.274309,102.0859375
08:00:10,91282CKU4,TSRYS5814781,D,S,T,2024-06-18,1000000.00,4.274309,102.0859375
08:00:10,91282CKU4,TSRYS5814781,D,S,T,2024-06-18,1000000.00,4.276577,102.072265625
08:00:10,91282CKU4,TSRYS5814781,D,S,D,2024-06-18,1000000.00,4.28306,102.033203125
08:00:10,91282CKU4,TSRYS5814781,D,S,T,2024-06-18,1000000.00,4.284356,102.025390625
08:00:10,91282CKU4,TSRYS5814781,D,S,T,2024-06-18,2000000.00,4.283384,102.03125
08:00:10,91282CKU4,TSRYS5814781,D,S,T,2024-06-18,1000000.00,4.285653,102.017578125
08:00:10,91282CKU4,TSRYS5814781,D,S,T,2024-06-18,1000000.00,4.288572,102.0
08:00:10,91282CKU4,TSRYS5814781,D,S,T,2024-06-18,1000000.00,4.288572,102.0
08:00:10,91282CKU4,TSRYS5814781,D,S,D,2024-06-18,1000000.00,4.297332,101.947265625
08:00:10,91282CKU4,TSRYS5814781,D,S,T,2024-06-18,1000000.00,4.297332,101.947265625
08:00:10,91282CKU4,TSRYS5814781,D,S,T,2024-06-18,1000000.00,4.293762,101.96875
08:00:10,91282CKU4,TSRYS5814781,D,S,D,2024-06-18,1000000.00,4.293438,101.970703125
08:00:10,91282CKU4,TSRYS5814781,D,S,T,2024-06-18,1000000.00,4.290843,101.986328125
08:00:10,91282CKU4,TSRYS5814781,D,S,T,2024-06-18,1000000.00,4.290843,101.986328125
08:00:10,91282CKU4,TSRYS5814781,D,S,T,2024-06-18,1000000.00,4.290843,101.986328125
08:00:10,91282CKU4,TSRYS5814781,D,S,T,2024-06-18,3000000.00,4.288572,102.0
08:00:10,91282CKU4,TSRYS5814781,D,S,T,2024-06-18,1000000.00,4.289869,101.9921875
08:00:11,91282CKU4,TSRYS5814781,D,S,D,2024-06-18,1000000.00,4.29214,101.978515625
08:00:11,91282CKU4,TSRYS5814781,D,S,D,2024-06-18,1000000.00,4.290843,101.986328125
08:00:11,91282CKU4,TSRYS5814781,D,S,T,2024-06-18,1000000.00,4.289869,101.9921875
08:00:11,91282CKU4,TSRYS5814781,D,S,D,2024-06-18,9700000.00,4.29506,101.9609375
08:00:11,91282CKU4,TSRYS5814781,D,S,C,2024-06-18,9700000.00,4.29506,101.9609375
08:00:11,91282CKU4,TSRYS5814781,D,S,D,2024-06-18,6800000.00,4.287275,102.0078125
08:00:11,91282CKU4,TSRYS5814781,D,S,C,2024-06-18,6800000.00,4.287275,102.0078125
08:00:13,91282CKU4,TSRYS5814781,D,S,D,2024-06-18,1000000.00,4.288572,102.0
08:00:22,91282CKU4,TSRYS5814781,D,S,D,2024-06-18,1000000.00,4.263944,102.1484375
08:00:22,91282CKU4,TSRYS5814781,D,S,D,2024-06-18,1000000.00,4.264592,102.14453125
08:00:24,91282CKU4,TSRYS5814781,D,S,D,2024-06-18,1000000.00,4.269449,102.115234375
08:00:24,91282CKU4,TSRYS5814781,D,S,D,2024-06-18,1000000.00,4.269449,102.115234375
08:00:27,91282CKU4,TSRYS5814781,D,S,T,2024-06-18,1000000.00,4.270421,102.109375
08:00:27,91282CKU4,TSRYS5814781,D,S,T,2024-06-18,2000000.00,4.283384,102.03125
08:00:28,91282CKU4,TSRYS5814781,D,S,T,2024-06-18,1000000.00,4.290843,101.986328125
08:00:29,91282CKU4,TSRYS5814781,D,S,D,2024-06-18,1000000.00,4.278197,102.0625
08:00:30,91282CKU4,TSRYS5814781,D,S,T,2024-06-18,1000000.00,4.265239,102.140625
08:00:30,91282CKU4,TSRYS5814781,D,S,T,2024-06-18,1000000.00,4.266535,102.1328125
08:00:30,91282CKU4,TSRYS5814781,D,S,T,2024-06-18,1000000.00,4.266535,102.1328125
08:00:30,91282CKU4,TSRYS5814781,D,S,T,2024-06-18,1000000.00,4.267182,102.12890625
08:00:30,91282CKU4,TSRYS5814781,D,S,T,2024-06-18,1000000.00,4.26783,102.125
08:00:30,91282CKU4,TSRYS5814781,D,S,T,2024-06-18,1000000.00,4.26783,102.125
08:00:30,91282CKU4,TSRYS5814781,D,S,T,2024-06-18,1000000.00,4.269126,102.1171875
08:00:30,91282CKU4,TSRYS5814781,D,S,T,2024-06-18,1000000.00,4.269126,102.1171875
08:00:30,91282CKU4,TSRYS5814781,D,S,T,2024-06-18,1000000.00,4.265239,102.140625
08:00:30,91282CKU4,TSRYS5814781,D,S,T,2024-06-18,1000000.00,4.265239,102.140625
08:00:30,91282CKU4,TSRYS5814781,D,S,T,2024-06-18,1000000.00,4.265239,102.140625
08:00:30,91282CKU4,TSRYS5814781,D,S,T,2024-06-18,2000000.00,4.265239,102.140625
08:00:30,91282CKU4,TSRYS5814781,D,S,T,2024-06-18,1000000.00,4.263944,102.1484375
08:00:30,91282CKU4,TSRYS5814781,D,S,T,2024-06-18,1000000.00,4.263944,102.1484375
08:00:30,91282CKU4,TSRYS5814781,D,S,T,2024-06-18,1000000.00,4.265239,102.140625
08:00:30,91282CKU4,TSRYS5814781,D,S,T,2024-06-18,1000000.00,4.258118,102.18359375
08:00:30,91282CKU4,TSRYS5814781,D,S,T,2024-06-18,1000000.00,4.263944,102.1484375
08:00:30,91282CKU4,TSRYS5814781,D,S,T,2024-06-18,1000000.00,4.263944,102.1484375
08:00:30,91282CKU4,TSRYS5814781,D,S,T,2024-06-18,1000000.00,4.262649,102.15625
08:00:33,91282CKU4,TSRYS5814781,D,S,T,2024-06-18,1000000.00,4.261354,102.1640625
08:00:33,91282CKU4,TSRYS5814781,D,S,T,2024-06-18,1000000.00,4.262002,102.16015625
08:00:33,91282CKU4,TSRYS5814781,D,S,T,2024-06-18,1000000.00,4.265239,102.140625
08:00:33,91282CKU4,TSRYS5814781,D,S,T,2024-06-18,1000000.00,4.266535,102.1328125
08:00:33,91282CKU4,TSRYS5814781,D,S,T,2024-06-18,1000000.00,4.263944,102.1484375
08:00:33,91282CKU4,TSRYS5814781,D,S,T,2024-06-18,1000000.00,4.263944,102.1484375
08:00:33,91282CKU4,TSRYS5814781,D,S,T,2024-06-18,1000000.00,4.263944,102.1484375
08:00:33,91282CKU4,TSRYS5814781,D,S,T,2024-06-18,1000000.00,4.265239,102.140625
08:00:33,91282CKU4,TSRYS5814781,D,S,T,2024-06-18,1000000.00,4.265239,102.140625
08:00:33,91282CKU4,TSRYS5814781,D,S,T,2024-06-18,1000000.00,4.265239,102.140625
08:00:33,91282CKU4,TSRYS5814781,D,S,T,2024-06-18,1000000.00,4.265239,102.140625
08:00:33,91282CKU4,TSRYS5814781,D,S,T,2024-06-18,1000000.00,4.26783,102.125
08:00:33,91282CKU4,TSRYS5814781,D,S,T,2024-06-18,2000000.00,4.26783,102.125
08:00:33,91282CKU4,TSRYS5814781,D,S,T,2024-06-18,1000000.00,4.26783,102.125
08:00:33,91282CKU4,TSRYS5814781,D,S,T,2024-06-18,1000000.00,4.269126,102.1171875
08:00:33,91282CKU4,TSRYS5814781,D,S,T,2024-06-18,1000000.00,4.269126,102.1171875
08:00:33,91282CKU4,TSRYS5814781,D,S,T,2024-06-18,1000000.00,4.270421,102.109375
08:00:33,91282CKU4,TSRYS5814781,D,S,T,2024-06-18,1000000.00,4.269449,102.115234375
08:00:33,91282CKU4,TSRYS5814781,D,S,T,2024-06-18,1000000.00,4.269449,102.115234375
08:00:33,91282CKU4,TSRYS5814781,D,S,T,2024-06-18,1000000.00,4.269449,102.115234375
08:00:33,91282CKU4,TSRYS5814781,D,S,T,2024-06-18,1000000.00,4.269449,102.115234375
08:00:33,91282CKU4,TSRYS5814781,D,S,T,2024-06-18,1000000.00,4.269449,102.115234375
08:00:33,91282CKU4,TSRYS5814781,D,S,T,2024-06-18,1000000.00,4.269449,102.115234375
08:00:33,91282CKU4,TSRYS5814781,D,S,T,2024-06-18,1000000.00,4.269449,102.115234375
08:00:33,91282CKU4,TSRYS5814781,D,S,T,2024-06-18,1000000.00,4.269449,102.115234375
08:00:33,91282CKU4,TSRYS5814781,D,S,T,2024-06-18,1000000.00,4.269449,102.115234375
08:00:33,91282CKU4,TSRYS5814781,D,S,T,2024-06-18,1000000.00,4.269126,102.1171875
08:00:33,91282CKU4,TSRYS5814781,D,S,T,2024-06-18,1000000.00,4.269449,102.115234375
08:00:33,91282CKU4,TSRYS5814781,D,S,T,2024-06-18,1000000.00,4.269449,102.115234375
08:00:33,91282CKU4,TSRYS5814781,D,S,T,2024-06-18,1000000.00,4.270421,102.109375
08:00:33,91282CKU4,TSRYS5814781,D,S,T,2024-06-18,1000000.00,4.272365,102.09765625
08:00:33,91282CKU4,TSRYS5814781,D,S,T,2024-06-18,1000000.00,4.276901,102.0703125
08:00:33,91282CKU4,TSRYS5814781,D,S,T,2024-06-18,1000000.00,4.276901,102.0703125
08:00:33,91282CKU4,TSRYS5814781,D,S,T,2024-06-18,1000000.00,4.279494,102.0546875
08:00:33,91282CKU4,TSRYS5814781,D,S,T,2024-06-18,1000000.00,4.279494,102.0546875
08:00:33,91282CKU4,TSRYS5814781,D,S,T,2024-06-18,1000000.00,4.279494,102.0546875
08:00:33,91282CKU4,TSRYS5814781,D,S,T,2024-06-18,2000000.00,4.28079,102.046875
08:00:33,91282CKU4,TSRYS5814781,D,S,T,2024-06-18,1000000.00,4.278197,102.0625
08:00:33,91282CKU4,TSRYS5814781,D,S,T,2024-06-18,1000000.00,4.28079,102.046875
08:00:33,91282CKU4,TSRYS5814781,D,S,T,2024-06-18,1000000.00,4.27917,102.056640625
08:00:33,91282CKU4,TSRYS5814781,D,S,T,2024-06-18,1000000.00,4.279494,102.0546875
08:00:33,91282CKU4,TSRYS5814781,D,S,T,2024-06-18,1000000.00,4.279494,102.0546875
08:00:33,91282CKU4,TSRYS5814781,D,S,T,2024-06-18,1000000.00,4.278197,102.0625
08:00:33,91282CKU4,TSRYS5814781,D,S,T,2024-06-18,1000000.00,4.277873,102.064453125
08:00:33,91282CKU4,TSRYS5814781,D,S,T,2024-06-18,1000000.00,4.278197,102.0625
08:00:33,91282CKU4,TSRYS5814781,D,S,T,2024-06-18,1000000.00,4.278197,102.0625
08:00:33,91282CKU4,TSRYS5814781,D,S,T,2024-06-18,1000000.00,4.278197,102.0625
08:00:33,91282CKU4,TSRYS5814781,D,S,T,2024-06-18,1000000.00,4.274309,102.0859375
08:00:33,91282CKU4,TSRYS5814781,D,S,T,2024-06-18,1000000.00,4.274309,102.0859375
08:00:33,91282CKU4,TSRYS5814781,D,S,T,2024-06-18,1000000.00,4.274309,102.0859375
08:00:33,91282CKU4,TSRYS5814781,D,S,T,2024-06-18,1000000.00,4.274309,102.0859375
08:00:33,91282CKU4,TSRYS5814781,D,S,T,2024-06-18,1000000.00,4.274309,102.0859375
08:00:33,91282CKU4,TSRYS5814781,D,S,T,2024-06-18,1000000.00,4.274309,102.0859375
08:00:33,91282CKU4,TSRYS5814781,D,S,T,2024-06-18,1000000.00,4.273013,102.09375
08:00:33,91282CKU4,TSRYS5814781,D,S,T,2024-06-18,1000000.00,4.274309,102.0859375
08:00:33,91282CKU4,TSRYS5814781,D,S,T,2024-06-18,1000000.00,4.278197,102.0625
08:00:33,91282CKU4,TSRYS5814781,D,S,T,2024-06-18,1000000.00,4.276577,102.072265625
08:00:33,91282CKU4,TSRYS5814781,D,S,T,2024-06-18,1000000.00,4.276901,102.0703125
08:00:33,91282CKU4,TSRYS5814781,D,S,T,2024-06-18,1000000.00,4.283384,102.03125
08:00:33,91282CKU4,TSRYS5814781,D,S,T,2024-06-18,1000000.00,4.283384,102.03125
08:00:33,91282CKU4,TSRYS5814781,D,S,T,2024-06-18,1000000.00,4.283384,102.03125
08:00:33,91282CKU4,TSRYS5814781,D,S,T,2024-06-18,1000000.00,4.283384,102.03125
08:00:33,91282CKU4,TSRYS5814781,D,S,T,2024-06-18,1000000.00,4.283384,102.03125
08:00:33,91282CKU4,TSRYS5814781,D,S,T,2024-06-18,2000000.00,4.283384,102.03125
08:00:33,91282CKU4,TSRYS5814781,D,S,T,2024-06-18,2000000.00,4.283384,102.03125
08:00:33,91282CKU4,TSRYS5814781,D,S,T,2024-06-18,1000000.00,4.283384,102.03125
08:00:33,91282CKU4,TSRYS5814781,D,S,T,2024-06-18,1000000.00,4.288572,102.0
08:00:33,91282CKU4,TSRYS5814781,D,S,T,2024-06-18,1000000.00,4.283384,102.03125
08:00:33,91282CKU4,TSRYS5814781,D,S,T,2024-06-18,1000000.00,4.283384,102.03125
08:00:33,91282CKU4,TSRYS5814781,D,S,T,2024-06-18,1000000.00,4.283384,102.03125
08:00:33,91282CKU4,TSRYS5814781,D,S,T,2024-06-18,2000000.00,4.283384,102.03125
08:00:33,91282CKU4,TSRYS5814781,D,S,T,2024-06-18,1000000.00,4.283384,102.03125
08:00:33,91282CKU4,TSRYS5814781,D,S,T,2024-06-18,1000000.00,4.283384,102.03125
08:00:33,91282CKU4,TSRYS5814781,D,S,T,2024-06-18,1000000.00,4.283384,102.03125
08:00:33,91282CKU4,TSRYS5814781,D,S,T,2024-06-18,1000000.00,4.285978,102.015625
08:00:33,91282CKU4,TSRYS5814781,D,S,T,2024-06-18,1000000.00,4.285978,102.015625
08:00:33,91282CKU4,TSRYS5814781,D,S,T,2024-06-18,1000000.00,4.289869,101.9921875
08:00:33,91282CKU4,TSRYS5814781,D,S,T,2024-06-18,1000000.00,4.289869,101.9921875
08:00:33,91282CKU4,TSRYS5814781,D,S,T,2024-06-18,1000000.00,4.289869,101.9921875
08:00:33,91282CKU4,TSRYS5814781,D,S,T,2024-06-18,1000000.00,4.296358,101.953125
08:00:33,91282CKU4,TSRYS5814781,D,S,T,2024-06-18,1000000.00,4.296358,101.953125
08:00:33,91282CKU4,TSRYS5814781,D,S,T,2024-06-18,1000000.00,4.296358,101.953125
08:00:33,91282CKU4,TSRYS5814781,D,S,T,2024-06-18,1000000.00,4.296358,101.953125
08:00:33,91282CKU4,TSRYS5814781,D,S,T,2024-06-18,1000000.00,4.289869,101.9921875
08:00:33,91282CKU4,TSRYS5814781,D,S,T,2024-06-18,1000000.00,4.289869,101.9921875
08:00:33,91282CKU4,TSRYS5814781,D,S,T,2024-06-18,1000000.00,4.289869,101.9921875
08:00:33,91282CKU4,TSRYS5814781,D,S,T,2024-06-18,1000000.00,4.29506,101.9609375
08:00:33,91282CKU4,TSRYS5814781,D,S,T,2024-06-18,2000000.00,4.296034,101.955078125
08:00:33,91282CKU4,TSRYS5814781,D,S,T,2024-06-18,1000000.00,4.296358,101.953125
08:00:33,91282CKU4,TSRYS5814781,D,S,T,2024-06-18,3000000.00,4.296358,101.953125
08:00:33,91282CKU4,TSRYS5814781,D,S,T,2024-06-18,1000000.00,4.296358,101.953125
08:00:33,91282CKU4,TSRYS5814781,D,S,T,2024-06-18,2000000.00,4.296358,101.953125
08:00:33,91282CKU4,TSRYS5814781,D,S,T,2024-06-18,1000000.00,4.29506,101.9609375
08:00:33,91282CKU4,TSRYS5814781,D,S,T,2024-06-18,1000000.00,4.290518,101.98828125
08:00:33,91282CKU4,TSRYS5814781,D,S,T,2024-06-18,1000000.00,4.290518,101.98828125
08:00:33,91282CKU4,TSRYS5814781,D,S,T,2024-06-18,1000000.00,4.293762,101.96875
08:00:33,91282CKU4,TSRYS5814781,D,S,T,2024-06-18,1000000.00,4.293762,101.96875
08:00:33,91282CKU4,TSRYS5814781,D,S,T,2024-06-18,1000000.00,4.293762,101.96875
08:00:33,91282CKU4,TSRYS5814781,D,S,T,2024-06-18,1000000.00,4.291167,101.984375
08:00:33,91282CKU4,TSRYS5814781,D,S,T,2024-06-18,2000000.00,4.288572,102.0
08:00:33,91282CKU4,TSRYS5814781,D,S,T,2024-06-18,1000000.00,4.288572,102.0
08:00:33,91282CKU4,TSRYS5814781,D,S,T,2024-06-18,1000000.00,4.288572,102.0
08:00:33,91282CKU4,TSRYS5814781,D,S,T,2024-06-18,1000000.00,4.288572,102.0
08:00:33,91282CKU4,TSRYS5814781,D,S,T,2024-06-18,2000000.00,4.288572,102.0
08:00:33,91282CKU4,TSRYS5814781,D,S,T,2024-06-18,1000000.00,4.288572,102.0
08:00:33,91282CKU4,TSRYS5814781,D,S,T,2024-06-18,1000000.00,4.288572,102.0
08:00:33,91282CKU4,TSRYS5814781,D,S,T,2024-06-18,3000000.00,4.288572,102.0
08:00:33,91282CKU4,TSRYS5814781,D,S,T,2024-06-18,5000000.00,4.288572,102.0
08:00:33,91282CKU4,TSRYS5814781,D,S,T,2024-06-18,1000000.00,4.288572,102.0
08:00:33,91282CKU4,TSRYS5814781,D,S,T,2024-06-18,1000000.00,4.288572,102.0
08:00:33,91282CKU4,TSRYS5814781,D,S,T,2024-06-18,1000000.00,4.288572,102.0
08:00:33,91282CKU4,TSRYS5814781,D,S,T,2024-06-18,2000000.00,4.289869,101.9921875
08:00:33,91282CKU4,TSRYS5814781,D,S,T,2024-06-18,1000000.00,4.291167,101.984375
08:00:33,91282CKU4,TSRYS5814781,D,S,T,2024-06-18,1000000.00,4.29214,101.978515625
08:00:33,91282CKU4,TSRYS5814781,D,S,T,2024-06-18,1000000.00,4.291816,101.98046875
08:00:33,91282CKU4,TSRYS5814781,D,S,T,2024-06-18,3000000.00,4.291816,101.98046875
08:00:33,91282CKU4,TSRYS5814781,D,S,T,2024-06-18,1000000.00,4.289869,101.9921875
08:00:33,91282CKU4,TSRYS5814781,D,S,T,2024-06-18,1000000.00,4.289869,101.9921875
08:00:33,91282CKU4,TSRYS5814781,D,S,T,2024-06-18,1000000.00,4.291167,101.984375
08:00:33,91282CKU4,TSRYS5814781,D,S,T,2024-06-18,1000000.00,4.291167,101.984375
08:00:33,91282CKU4,TSRYS5814781,D,S,T,2024-06-18,1000000.00,4.288248,102.001953125
08:00:33,91282CKU4,TSRYS5814781,D,S,D,2024-06-18,1000000.00,4.269449,102.115234375
08:00:33,91282CKU4,TSRYS5814781,D,S,D,2024-06-18,1000000.00,4.278197,102.0625
08:00:33,91282CKU4,TSRYS5814781,D,S,D,2024-06-18,1000000.00,4.278521,102.060546875
08:00:33,91282CKU4,TSRYS5814781,D,S,D,2024-06-18,1000000.00,4.282735,102.03515625
08:00:33,91282CKU4,TSRYS5814781,D,S,D,2024-06-18,1000000.00,4.28306,102.033203125
08:00:33,91282CKU4,TSRYS5814781,D,S,D,2024-06-18,1000000.00,4.28306,102.033203125
08:00:33,91282CKU4,TSRYS5814781,D,S,D,2024-06-18,1000000.00,4.28306,102.033203125
08:00:33,91282CKU4,TSRYS5814781,D,S,D,2024-06-18,1000000.00,4.28306,102.033203125
08:00:33,91282CKU4,TSRYS5814781,D,S,D,2024-06-18,1000000.00,4.290843,101.986328125
08:00:33,91282CKU4,TSRYS5814781,D,S,D,2024-06-18,1000000.00,4.290843,101.986328125
08:00:33,91282CKU4,TSRYS5814781,D,S,D,2024-06-18,1000000.00,4.282735,102.03515625
08:00:33,91282CKU4,TSRYS5814781,D,S,D,2024-06-18,1000000.00,4.283384,102.03125
08:00:33,91282CKU4,TSRYS5814781,D,S,D,2024-06-18,1000000.00,4.290518,101.98828125
08:00:33,91282CKU4,TSRYS5814781,D,S,D,2024-06-18,1000000.00,4.290518,101.98828125
08:00:33,91282CKU4,TSRYS5814781,D,S,T,2024-06-18,1000000.00,4.266859,102.130859375
08:00:33,91282CKU4,TSRYS5814781,D,S,T,2024-06-18,1000000.00,4.266859,102.130859375
08:00:33,91282CKU4,TSRYS5814781,D,S,T,2024-06-18,1000000.00,4.269449,102.115234375
08:00:33,91282CKU4,TSRYS5814781,D,S,T,2024-06-18,1000000.00,4.269449,102.115234375
08:00:33,91282CKU4,TSRYS5814781,D,S,T,2024-06-18,1000000.00,4.269449,102.115234375
08:00:33,91282CKU4,TSRYS5814781,D,S,T,2024-06-18,1000000.00,4.269449,102.115234375
08:00:33,91282CKU4,TSRYS5814781,D,S,T,2024-06-18,1000000.00,4.278197,102.0625
08:00:33,91282CKU4,TSRYS5814781,D,S,T,2024-06-18,1000000.00,4.278197,102.0625
08:00:33,91282CKU4,TSRYS5814781,D,S,T,2024-06-18,1000000.00,4.280466,102.048828125
08:00:33,91282CKU4,TSRYS5814781,D,S,T,2024-06-18,1000000.00,4.27917,102.056640625
08:00:33,91282CKU4,TSRYS5814781,D,S,T,2024-06-18,1000000.00,4.282735,102.03515625
08:00:33,91282CKU4,TSRYS5814781,D,S,T,2024-06-18,1000000.00,4.282735,102.03515625
08:00:33,91282CKU4,TSRYS5814781,D,S,T,2024-06-18,1000000.00,4.29214,101.978515625
08:00:33,91282CKU4,TSRYS5814781,D,S,T,2024-06-18,1000000.00,4.293113,101.97265625
08:00:33,91282CKU4,TSRYS5814781,D,S,T,2024-06-18,1000000.00,4.291167,101.984375
08:00:33,91282CKU4,TSRYS5814781,D,S,T,2024-06-18,1000000.00,4.291167,101.984375
08:00:33,91282CKU4,TSRYS5814781,D,S,T,2024-06-18,1000000.00,4.291167,101.984375
08:00:33,91282CKU4,TSRYS5814781,D,S,T,2024-06-18,1000000.00,4.290518,101.98828125
08:00:33,91282CKU4,TSRYS5814781,D,S,T,2024-06-18,1000000.00,4.290843,101.986328125
08:00:33,91282CKU4,TSRYS5814781,D,S,T,2024-06-18,1000000.00,4.290843,101.986328125
08:00:33,91282CKU4,TSRYS5814781,D,S,T,2024-06-18,1000000.00,4.290518,101.98828125
08:00:33,91282CKU4,TSRYS5814781,D,S,T,2024-06-18,1000000.00,4.291167,101.984375
08:00:33,91282CKU4,TSRYS5814781,D,S,T,2024-06-18,1000000.00,4.291167,101.984375
08:00:33,91282CKU4,TSRYS5814781,D,S,T,2024-06-18,1000000.00,4.291816,101.98046875
08:00:33,91282CKU4,TSRYS5814781,D,S,T,2024-06-18,1000000.00,4.291816,101.98046875
08:00:33,91282CKU4,TSRYS5814781,D,S,T,2024-06-18,1000000.00,4.290843,101.986328125
08:00:33,91282CKU4,TSRYS5814781,D,S,D,2024-06-18,45000.00,4.265239,102.140625
08:00:33,91282CKU4,TSRYS5814781,D,S,D,2024-06-18,1000000.00,4.278197,102.0625
08:00:33,91282CKU4,TSRYS5814781,D,S,D,2024-06-18,1000000.00,4.278521,102.060546875
08:00:33,91282CKU4,TSRYS5814781,D,S,D,2024-06-18,1000000.00,4.273985,102.087890625
08:00:33,91282CKU4,TSRYS5814781,D,S,D,2024-06-18,1000000.00,4.273985,102.087890625
08:00:33,91282CKU4,TSRYS5814781,D,S,D,2024-06-18,1000000.00,4.273985,102.087890625
08:00:33,91282CKU4,TSRYS5814781,D,S,D,2024-06-18,1000000.00,4.273337,102.091796875
08:00:33,91282CKU4,TSRYS5814781,D,S,D,2024-06-18,1000000.00,4.275605,102.078125
08:00:37,91282CKU4,TSRYS5814781,D,S,T,2024-06-18,1000000.00,4.278197,102.0625
08:00:37,91282CKU4,TSRYS5814781,D,S,D,2024-06-18,1000000.00,4.278197,102.0625
08:00:37,91282CKU4,TSRYS5814781,D,B,C,2024-06-18,1494900.00,4.291167,101.984375
08:00:37,91282CKU4,TSRYS5814781,D,S,D,2024-06-18,1365000.00,4.294019,101.96875
08:00:37,91282CKU4,TSRYS5814781,D,S,C,2024-06-18,16000000.00,4.293113,101.97265625
08:00:37,91282CKU4,TSRYS5814781,D,S,T,2024-06-18,1000000.00,4.289221,101.99609375
08:00:37,91282CKU4,TSRYS5814781,D,S,T,2024-06-18,1000000.00,4.289221,101.99609375
08:00:37,91282CKU4,TSRYS5814781,D,S,D,2024-06-18,450000.00,4.289869,101.9921875
08:00:37,91282CKU4,TSRYS5814781,D,S,D,2024-06-18,450000.00,4.291167,101.984375
08:00:37,91282CKU4,TSRYS5814781,D,S,C,2024-06-18,485000.00,4.288832,102.0
08:00:37,91282CKU4,TSRYS5814781,D,S,D,2024-06-18,485000.00,4.292722,101.9765625
08:00:39,91282CKU4,TSRYS5814781,D,S,T,2024-06-18,4450000.00,4.205783,102.5
08:00:39,91282CKU4,TSRYS5814781,D,S,T,2024-06-18,9300000.00,4.205783,102.5
08:00:39,91282CKU4,TSRYS5814781,D,S,T,2024-06-18,8950000.00,4.205783,102.5
08:00:40,91282CKU4,TSRYS5814781,D,B,C,2024-06-18,2000000.00,4.289869,101.9921875
08:00:40,91282CKU4,TSRYS5814781,D,S,D,2024-06-18,2000000.00,4.290518,101.98828125
08:00:40,91282CKU4,TSRYS5814781,D,B,C,2024-06-18,2000000.00,4.290518,101.98828125
08:00:41,91282CKU4,TSRYS5814781,D,B,A,2024-06-18,664200.00,4.286626,102.01171875
08:00:42,91282CKU4,TSRYS5814781,D,S,D,2024-06-18,3000000.00,4.288896,101.998046875
08:00:43,91282CKU4,TSRYS5814781,D,S,D,2024-06-18,2000000.00,4.289869,101.9921875
08:00:44,91282CKU4,TSRYS5814781,D,S,D,2024-06-18,1000000.00,4.296358,101.953125
08:00:44,91282CKU4,TSRYS5814781,D,S,T,2024-06-18,1000000.00,4.296034,101.955078125
08:00:47,91282CKU4,TSRYS5814781,D,S,D,2024-06-18,1000000.00,4.289545,101.994140625
08:00:48,91282CKU4,TSRYS5814781,D,S,T,2024-06-18,1000000.00,4.291167,101.984375
08:00:48,91282CKU4,TSRYS5814781,D,S,D,2024-06-18,1000000.00,4.288572,102.0
08:00:48,91282CKU4,TSRYS5814781,D,S,C,2024-06-18,970000.00,4.291425,101.984375
08:00:48,91282CKU4,TSRYS5814781,D,B,C,2024-06-18,1515000.00,4.289221,101.99609375
08:00:49,91282CKU4,TSRYS5814781,D,S,D,2024-06-18,1000000.00,4.296358,101.953125
08:00:49,91282CKU4,TSRYS5814781,D,S,D,2024-06-18,1000000.00,4.296358,101.953125
08:00:49,91282CKU4,TSRYS5814781,D,S,D,2024-06-18,1000000.00,4.296358,101.953125
08:00:49,91282CKU4,TSRYS5814781,D,S,D,2024-06-18,1000000.00,4.296358,101.953125
08:00:49,91282CKU4,TSRYS5814781,D,S,T,2024-06-18,8950000.00,4.205783,102.5
08:00:49,91282CKU4,TSRYS5814781,D,S,T,2024-06-18,14000000.00,4.205783,102.5
08:00:49,91282CKU4,TSRYS5814781,D,S,T,2024-06-18,8550000.00,4.205783,102.5
08:00:51,91282CKU4,TSRYS5814781,D,S,D,2024-06-18,1000000.00,4.290843,101.986328125
08:00:53,91282CKU4,TSRYS5814781,D,S,D,2024-06-18,1000000.00,4.288572,102.0
08:00:53,91282CKU4,TSRYS5814781,D,S,D,2024-06-18,1000000.00,4.288572,102.0
08:00:54,91282CKU4,TSRYS5814781,D,S,D,2024-06-18,18000000.00,4.289145,101.99655
08:00:54,91282CKU4,TSRYS5814781,D,S,A,2024-06-18,3000000.00,4.293113,101.97265625
08:00:54,91282CKU4,TSRYS5814781,D,S,T,2024-06-18,1000000.00,4.296034,101.955078125
08:00:54,91282CKU4,TSRYS5814781,D,S,T,2024-06-18,1000000.00,4.296034,101.955078125
08:00:58,91282CKU4,TSRYS5814781,D,S,D,2024-06-18,1000000.00,4.288572,102.0
08:00:59,91282CKU4,TSRYS5814781,D,S,T,2024-06-18,8200000.00,4.205783,102.5
08:00:59,91282CKU4,TSRYS5814781,D,S,T,2024-06-18,8200000.00,4.205783,102.5
08:00:59,91282CKU4,TSRYS5814781,D,S,T,2024-06-18,8200000.00,4.205783,102.5
08:00:59,91282CKU4,TSRYS5814781,D,S,T,2024-06-18,16400000.00,4.205783,102.5
08:00:59,91282CKU4,TSRYS5814781,D,S,T,2024-06-18,8200000.00,4.205783,102.5
08:00:59,91282CKU4,TSRYS5814781,D,S,A,2024-06-18,6000000.00,4.291167,101.984375
08:01:00,91282CKU4,TSRYS5814781,D,S,T,2024-06-18,1000000.00,4.275622,102.078023
08:01:00,91282CKU4,TSRYS5814781,D,S,T,2024-06-18,1000000.00,4.275622,102.078023
08:01:00,91282CKU4,TSRYS5814781,D,S,D,2024-06-18,1000000.00,4.268478,102.12109375
08:01:00,91282CKU4,TSRYS5814781,D,S,C,2024-06-18,1000000.00,4.268802,102.119140625
08:01:00,91282CKU4,TSRYS5814781,D,S,C,2024-06-18,1000000.00,4.267506,102.126953125
08:01:00,91282CKU4,TSRYS5814781,D,S,D,2024-06-18,1000000.00,4.268154,102.123046875
08:01:03,91282CKU4,TSRYS5814781,D,B,C,2024-06-18,1000000.00,4.26783,102.125
08:01:03,91282CKU4,TSRYS5814781,D,S,D,2024-06-18,1000000.00,4.26783,102.125
08:01:04,91282CKU4,TSRYS5814781,D,S,D,2024-06-18,1000000.00,4.268478,102.12109375
08:01:04,91282CKU4,TSRYS5814781,D,S,D,2024-06-18,1000000.00,4.268478,102.12109375
08:01:04,91282CKU4,TSRYS5814781,D,S,D,2024-06-18,1000000.00,4.269449,102.115234375
08:01:04,91282CKU4,TSRYS5814781,D,S,C,2024-06-18,2000000.00,4.267506,102.126953125
08:01:06,91282CKU4,TSRYS5814781,D,S,T,2024-06-18,1000000.00,4.287292,102.0077105
08:01:06,91282CKU4,TSRYS5814781,D,S,T,2024-06-18,1000000.00,4.297678,101.9451825
08:01:06,91282CKU4,TSRYS5814781,D,B,C,2024-06-18,485000.00,4.270693,102.109375
08:01:07,91282CKU4,TSRYS5814781,D,S,C,2024-06-18,1000000.00,4.266859,102.130859375
08:01:07,91282CKU4,TSRYS5814781,D,S,C,2024-06-18,1000000.00,4.266859,102.130859375
08:01:08,91282CKU4,TSRYS5814781,D,S,D,2024-06-18,1000000.00,4.288572,102.0
08:01:08,91282CKU4,TSRYS5814781,D,S,D,2024-06-18,2000000.00,4.288572,102.0
08:01:08,91282CKU4,TSRYS5814781,D,S,D,2024-06-18,1000000.00,4.288572,102.0
08:01:08,91282CKU4,TSRYS5814781,D,S,D,2024-06-18,1000000.00,4.291167,101.984375
08:01:09,91282CKU4,TSRYS5814781,D,S,T,2024-06-18,1000000.00,4.291184,101.984275
08:01:09,91282CKU4,TSRYS5814781,D,S,T,2024-06-18,2000000.00,4.286015,102.0154
08:01:09,91282CKU4,TSRYS5814781,D,S,T,2024-06-18,2000000.00,4.286015,102.0154
08:01:09,91282CKU4,TSRYS5814781,D,S,T,2024-06-18,2000000.00,4.286015,102.0154
08:01:09,91282CKU4,TSRYS5814781,D,S,T,2024-06-18,1000000.00,4.286015,102.0154
08:01:09,91282CKU4,TSRYS5814781,D,S,D,2024-06-18,1000000.00,4.265563,102.138671875
08:01:09,91282CKU4,TSRYS5814781,D,S,C,2024-06-18,1000000.00,4.268478,102.12109375
08:01:09,91282CKU4,TSRYS5814781,D,S,T,2024-06-18,1000000.00,4.285978,102.015625
08:01:09,91282CKU4,TSRYS5814781,D,S,T,2024-06-18,3000000.00,4.288572,102.0
08:01:09,91282CKU4,TSRYS5814781,D,S,T,2024-06-18,1000000.00,4.288572,102.0
08:01:09,91282CKU4,TSRYS5814781,D,S,C,2024-06-18,1000000.00,4.268478,102.12109375
08:01:09,91282CKU4,TSRYS5814781,D,S,C,2024-06-18,2000000.00,4.267506,102.126953125
08:01:09,91282CKU4,TSRYS5814781,D,S,C,2024-06-18,1000000.00,4.266859,102.130859375
08:01:09,91282CKU4,TSRYS5814781,D,S,C,2024-06-18,1000000.00,4.266859,102.130859375
08:01:09,91282CKU4,TSRYS5814781,D,B,C,2024-06-18,1000000.00,4.266859,102.130859375
08:01:09,91282CKU4,TSRYS5814781,D,S,C,2024-06-18,1000000.00,4.266211,102.134765625
08:01:09,91282CKU4,TSRYS5814781,D,S,C,2024-06-18,1000000.00,4.265239,102.140625
08:01:09,91282CKU4,TSRYS5814781,D,S,C,2024-06-18,1000000.00,4.265239,102.140625
08:01:10,91282CKU4,TSRYS5814781,D,B,C,2024-06-18,2000000.00,4.29135,101.983275
08:01:10,91282CKU4,TSRYS5814781,D,S,C,2024-06-18,1000000.00,4.263944,102.1484375
08:01:10,91282CKU4,TSRYS5814781,D,S,C,2024-06-18,1000000.00,4.263944,102.1484375
08:01:10,91282CKU4,TSRYS5814781,D,S,C,2024-06-18,2000000.00,4.265239,102.140625
08:01:10,91282CKU4,TSRYS5814781,D,S,C,2024-06-18,1000000.00,4.265239,102.140625
08:01:10,91282CKU4,TSRYS5814781,D,S,C,2024-06-18,1000000.00,4.264592,102.14453125
08:01:10,91282CKU4,TSRYS5814781,D,S,C,2024-06-18,1000000.00,4.262326,102.158203125
08:01:10,91282CKU4,TSRYS5814781,D,B,C,2024-06-18,1000000.00,4.261678,102.162109375
08:01:10,91282CKU4,TSRYS5814781,D,S,D,2024-06-18,1000000.00,4.261678,102.162109375
08:01:10,91282CKU4,TSRYS5814781,D,B,C,2024-06-18,1000000.00,4.261678,102.162109375
08:01:10,91282CKU4,TSRYS5814781,D,S,D,2024-06-18,1000000.00,4.261678,102.162109375
08:01:10,91282CKU4,TSRYS5814781,D,S,C,2024-06-18,1000000.00,4.268154,102.123046875
08:01:10,91282CKU4,TSRYS5814781,D,B,C,2024-06-18,1000000.00,4.264916,102.142578125
08:01:10,91282CKU4,TSRYS5814781,D,S,C,2024-06-18,1000000.00,4.264916,102.142578125
08:01:10,91282CKU4,TSRYS5814781,D,B,C,2024-06-18,1000000.00,4.263944,102.1484375
08:01:10,91282CKU4,TSRYS5814781,D,S,C,2024-06-18,1000000.00,4.263944,102.1484375
08:01:10,91282CKU4,TSRYS5814781,D,B,C,2024-06-18,1000000.00,4.263944,102.1484375
08:01:10,91282CKU4,TSRYS5814781,D,S,C,2024-06-18,1000000.00,4.263944,102.1484375
08:01:10,91282CKU4,TSRYS5814781,D,S,D,2024-06-18,1000000.00,4.263944,102.1484375
08:01:10,91282CKU4,TSRYS5814781,D,S,C,2024-06-18,1000000.00,4.263944,102.1484375
08:01:10,91282CKU4,TSRYS5814781,D,B,C,2024-06-18,1000000.00,4.263944,102.1484375
08:01:10,91282CKU4,TSRYS5814781,D,B,C,2024-06-18,1000000.00,4.263944,102.1484375
08:01:10,91282CKU4,TSRYS5814781,D,S,C,2024-06-18,1000000.00,4.263944,102.1484375
08:01:10,91282CKU4,TSRYS5814781,D,B,C,2024-06-18,1000000.00,4.263944,102.1484375
08:01:10,91282CKU4,TSRYS5814781,D,S,C,2024-06-18,1000000.00,4.263944,102.1484375
08:01:10,91282CKU4,TSRYS5814781,D,B,C,2024-06-18,1000000.00,4.263944,102.1484375
08:01:10,91282CKU4,TSRYS5814781,D,B,C,2024-06-18,1000000.00,4.263944,102.1484375
08:01:10,91282CKU4,TSRYS5814781,D,S,C,2024-06-18,1000000.00,4.263944,102.1484375
08:01:10,91282CKU4,TSRYS5814781,D,S,C,2024-06-18,1000000.00,4.263944,102.1484375
08:01:10,91282CKU4,TSRYS5814781,D,B,C,2024-06-18,1000000.00,4.263944,102.1484375
08:01:10,91282CKU4,TSRYS5814781,D,S,C,2024-06-18,1000000.00,4.263944,102.1484375
08:01:10,91282CKU4,TSRYS5814781,D,B,C,2024-06-18,1000000.00,4.263944,102.1484375
08:01:10,91282CKU4,TSRYS5814781,D,B,C,2024-06-18,1000000.00,4.263944,102.1484375
08:01:10,91282CKU4,TSRYS5814781,D,S,D,2024-06-18,1000000.00,4.263944,102.1484375
08:01:10,91282CKU4,TSRYS5814781,D,B,C,2024-06-18,1000000.00,4.263944,102.1484375
08:01:10,91282CKU4,TSRYS5814781,D,S,D,2024-06-18,1000000.00,4.263944,102.1484375
08:01:10,91282CKU4,TSRYS5814781,D,B,C,2024-06-18,1000000.00,4.263944,102.1484375
08:01:10,91282CKU4,TSRYS5814781,D,S,D,2024-06-18,1000000.00,4.263944,102.1484375
08:01:10,91282CKU4,TSRYS5814781,D,S,D,2024-06-18,1000000.00,4.263944,102.1484375
08:01:10,91282CKU4,TSRYS5814781,D,B,C,2024-06-18,1000000.00,4.263944,102.1484375
08:01:10,91282CKU4,TSRYS5814781,D,B,C,2024-06-18,1000000.00,4.263944,102.1484375
08:01:10,91282CKU4,TSRYS5814781,D,S,D,2024-06-18,1000000.00,4.263944,102.1484375
08:01:10,91282CKU4,TSRYS5814781,D,B,C,2024-06-18,1000000.00,4.263944,102.1484375
08:01:10,91282CKU4,TSRYS5814781,D,S,C,2024-06-18,1000000.00,4.263944,102.1484375
08:01:10,91282CKU4,TSRYS5814781,D,S,C,2024-06-18,1000000.00,4.264916,102.142578125
08:01:10,91282CKU4,TSRYS5814781,D,B,C,2024-06-18,1000000.00,4.264916,102.142578125
08:01:10,91282CKU4,TSRYS5814781,D,S,C,2024-06-18,1000000.00,4.264916,102.142578125
08:01:10,91282CKU4,TSRYS5814781,D,B,C,2024-06-18,1000000.00,4.264916,102.142578125
08:01:10,91282CKU4,TSRYS5814781,D,S,C,2024-06-18,1000000.00,4.264592,102.14453125
08:01:10,91282CKU4,TSRYS5814781,D,B,C,2024-06-18,1000000.00,4.264592,102.14453125
08:01:10,91282CKU4,TSRYS5814781,D,S,D,2024-06-18,1000000.00,4.264592,102.14453125
08:01:10,91282CKU4,TSRYS5814781,D,B,C,2024-06-18,1000000.00,4.264592,102.14453125
08:01:11,91282CKU4,TSRYS5814781,D,S,C,2024-06-18,1000000.00,4.264592,102.14453125
08:01:11,91282CKU4,TSRYS5814781,D,B,C,2024-06-18,1000000.00,4.264592,102.14453125
08:01:11,91282CKU4,TSRYS5814781,D,B,C,2024-06-18,1000000.00,4.264592,102.14453125
08:01:11,91282CKU4,TSRYS5814781,D,S,C,2024-06-18,1000000.00,4.264592,102.14453125
08:01:11,91282CKU4,TSRYS5814781,D,S,C,2024-06-18,1000000.00,4.264916,102.142578125
08:01:11,91282CKU4,TSRYS5814781,D,S,C,2024-06-18,1000000.00,4.265563,102.138671875
08:01:11,91282CKU4,TSRYS5814781,D,B,C,2024-06-18,1000000.00,4.264916,102.142578125
08:01:11,91282CKU4,TSRYS5814781,D,B,C,2024-06-18,1000000.00,4.265563,102.138671875
08:01:11,91282CKU4,TSRYS5814781,D,B,C,2024-06-18,1000000.00,4.265563,102.138671875
08:01:11,91282CKU4,TSRYS5814781,D,S,C,2024-06-18,1000000.00,4.265563,102.138671875
08:01:11,91282CKU4,TSRYS5814781,D,B,C,2024-06-18,1000000.00,4.265239,102.140625
08:01:11,91282CKU4,TSRYS5814781,D,S,C,2024-06-18,1000000.00,4.265239,102.140625
08:01:11,91282CKU4,TSRYS5814781,D,S,C,2024-06-18,1000000.00,4.265239,102.140625
08:01:11,91282CKU4,TSRYS5814781,D,B,C,2024-06-18,1000000.00,4.265239,102.140625
08:01:11,91282CKU4,TSRYS5814781,D,B,C,2024-06-18,1000000.00,4.265239,102.140625
08:01:11,91282CKU4,TSRYS5814781,D,B,C,2024-06-18,1000000.00,4.265239,102.140625
08:01:11,91282CKU4,TSRYS5814781,D,S,C,2024-06-18,1000000.00,4.265239,102.140625
08:01:11,91282CKU4,TSRYS5814781,D,S,C,2024-06-18,1000000.00,4.265239,102.140625
08:01:11,91282CKU4,TSRYS5814781,D,S,C,2024-06-18,1000000.00,4.265239,102.140625
08:01:11,91282CKU4,TSRYS5814781,D,B,C,2024-06-18,1000000.00,4.265239,102.140625
08:01:11,91282CKU4,TSRYS5814781,D,B,C,2024-06-18,1000000.00,4.265239,102.140625
08:01:11,91282CKU4,TSRYS5814781,D,S,C,2024-06-18,1000000.00,4.265239,102.140625
08:01:11,91282CKU4,TSRYS5814781,D,B,C,2024-06-18,1000000.00,4.265239,102.140625
08:01:11,91282CKU4,TSRYS5814781,D,S,C,2024-06-18,1000000.00,4.265239,102.140625
08:01:11,91282CKU4,TSRYS5814781,D,B,C,2024-06-18,1000000.00,4.265239,102.140625
08:01:11,91282CKU4,TSRYS5814781,D,S,C,2024-06-18,1000000.00,4.265239,102.140625
08:01:11,91282CKU4,TSRYS5814781,D,S,C,2024-06-18,1000000.00,4.265239,102.140625
08:01:11,91282CKU4,TSRYS5814781,D,B,C,2024-06-18,1000000.00,4.265239,102.140625
08:01:11,91282CKU4,TSRYS5814781,D,B,C,2024-06-18,1000000.00,4.265239,102.140625
08:01:11,91282CKU4,TSRYS5814781,D,S,C,2024-06-18,1000000.00,4.265239,102.140625
08:01:11,91282CKU4,TSRYS5814781,D,S,D,2024-06-18,1000000.00,4.265239,102.140625
08:01:11,91282CKU4,TSRYS5814781,D,B,C,2024-06-18,1000000.00,4.265239,102.140625
08:01:11,91282CKU4,TSRYS5814781,D,S,C,2024-06-18,1000000.00,4.264916,102.142578125
08:01:11,91282CKU4,TSRYS5814781,D,B,C,2024-06-18,1000000.00,4.264916,102.142578125
08:01:11,91282CKU4,TSRYS5814781,D,S,C,2024-06-18,1000000.00,4.265239,102.140625
08:01:11,91282CKU4,TSRYS5814781,D,B,C,2024-06-18,1000000.00,4.265239,102.140625
08:01:11,91282CKU4,TSRYS5814781,D,B,C,2024-06-18,1000000.00,4.265239,102.140625
08:01:11,91282CKU4,TSRYS5814781,D,S,C,2024-06-18,1000000.00,4.265239,102.140625
08:01:11,91282CKU4,TSRYS5814781,D,S,C,2024-06-18,1000000.00,4.269449,102.115234375
08:01:11,91282CKU4,TSRYS5814781,D,S,C,2024-06-18,1000000.00,4.269126,102.1171875
08:01:11,91282CKU4,TSRYS5814781,D,S,C,2024-06-18,1000000.00,4.269773,102.11328125
08:01:11,91282CKU4,TSRYS5814781,D,S,C,2024-06-18,1000000.00,4.269449,102.115234375
08:01:11,91282CKU4,TSRYS5814781,D,S,C,2024-06-18,1000000.00,4.269449,102.115234375
08:01:11,91282CKU4,TSRYS5814781,D,S,C,2024-06-18,1000000.00,4.269449,102.115234375
08:01:11,91282CKU4,TSRYS5814781,D,S,C,2024-06-18,2000000.00,4.269449,102.115234375
08:01:11,91282CKU4,TSRYS5814781,D,S,C,2024-06-18,1000000.00,4.269449,102.115234375
08:01:11,91282CKU4,TSRYS5814781,D,S,C,2024-06-18,2000000.00,4.269126,102.1171875
08:01:11,91282CKU4,TSRYS5814781,D,S,C,2024-06-18,1000000.00,4.269449,102.115234375
08:01:11,91282CKU4,TSRYS5814781,D,S,C,2024-06-18,1000000.00,4.269126,102.1171875
08:01:11,91282CKU4,TSRYS5814781,D,B,C,2024-06-18,1000000.00,4.269449,102.115234375
08:01:11,91282CKU4,TSRYS5814781,D,S,C,2024-06-18,1000000.00,4.269449,102.115234375
08:01:11,91282CKU4,TSRYS5814781,D,S,C,2024-06-18,1000000.00,4.269449,102.115234375
08:01:11,91282CKU4,TSRYS5814781,D,S,D,2024-06-18,1000000.00,4.269449,102.115234375
08:01:11,91282CKU4,TSRYS5814781,D,B,C,2024-06-18,1000000.00,4.269449,102.115234375
08:01:11,91282CKU4,TSRYS5814781,D,B,C,2024-06-18,1000000.00,4.269773,102.11328125
08:01:11,91282CKU4,TSRYS5814781,D,S,C,2024-06-18,1000000.00,4.269773,102.11328125
08:01:11,91282CKU4,TSRYS5814781,D,S,C,2024-06-18,1000000.00,4.276577,102.072265625
08:01:11,91282CKU4,TSRYS5814781,D,B,C,2024-06-18,1000000.00,4.276577,102.072265625
08:01:12,91282CKU4,TSRYS5814781,D,S,D,2024-06-18,1000000.00,4.277225,102.068359375
08:01:12,91282CKU4,TSRYS5814781,D,S,C,2024-06-18,1000000.00,4.27917,102.056640625
08:01:12,91282CKU4,TSRYS5814781,D,S,C,2024-06-18,1000000.00,4.27917,102.056640625
08:01:12,91282CKU4,TSRYS5814781,D,S,C,2024-06-18,1000000.00,4.279494,102.0546875
08:01:12,91282CKU4,TSRYS5814781,D,S,C,2024-06-18,1000000.00,4.279494,102.0546875
08:01:12,91282CKU4,TSRYS5814781,D,S,C,2024-06-18,2000000.00,4.279494,102.0546875
08:01:12,91282CKU4,TSRYS5814781,D,S,C,2024-06-18,1000000.00,4.279494,102.0546875
08:01:12,91282CKU4,TSRYS5814781,D,S,C,2024-06-18,1000000.00,4.277549,102.06640625
08:01:12,91282CKU4,TSRYS5814781,D,S,C,2024-06-18,1000000.00,4.277873,102.064453125
08:01:12,91282CKU4,TSRYS5814781,D,S,C,2024-06-18,1000000.00,4.276901,102.0703125
08:01:12,91282CKU4,TSRYS5814781,D,S,C,2024-06-18,2000000.00,4.276901,102.0703125
08:01:12,91282CKU4,TSRYS5814781,D,S,C,2024-06-18,1000000.00,4.276901,102.0703125
08:01:12,91282CKU4,TSRYS5814781,D,S,C,2024-06-18,1000000.00,4.276901,102.0703125
08:01:12,91282CKU4,TSRYS5814781,D,S,D,2024-06-18,1000000.00,4.273985,102.087890625
08:01:12,91282CKU4,TSRYS5814781,D,B,C,2024-06-18,1000000.00,4.273985,102.087890625
08:01:12,91282CKU4,TSRYS5814781,D,B,C,2024-06-18,1000000.00,4.273985,102.087890625
08:01:12,91282CKU4,TSRYS5814781,D,S,D,2024-06-18,1000000.00,4.273985,102.087890625
08:01:12,91282CKU4,TSRYS5814781,D,S,D,2024-06-18,1000000.00,4.273337,102.091796875
08:01:12,91282CKU4,TSRYS5814781,D,S,D,2024-06-18,1000000.00,4.273985,102.087890625
08:01:12,91282CKU4,TSRYS5814781,D,B,C,2024-06-18,1000000.00,4.273337,102.091796875
08:01:12,91282CKU4,TSRYS5814781,D,S,C,2024-06-18,1000000.00,4.273661,102.08984375
08:01:12,91282CKU4,TSRYS5814781,D,B,C,2024-06-18,1000000.00,4.273985,102.087890625
08:01:12,91282CKU4,TSRYS5814781,D,B,C,2024-06-18,1000000.00,4.273661,102.08984375
08:01:12,91282CKU4,TSRYS5814781,D,B,C,2024-06-18,1000000.00,4.273661,102.08984375
08:01:12,91282CKU4,TSRYS5814781,D,S,D,2024-06-18,1000000.00,4.273337,102.091796875
08:01:12,91282CKU4,TSRYS5814781,D,S,D,2024-06-18,1000000.00,4.273661,102.08984375
08:01:12,91282CKU4,TSRYS5814781,D,S,D,2024-06-18,1000000.00,4.273337,102.091796875
08:01:12,91282CKU4,TSRYS5814781,D,B,C,2024-06-18,1000000.00,4.273337,102.091796875
08:01:12,91282CKU4,TSRYS5814781,D,B,C,2024-06-18,1000000.00,4.273337,102.091796875
08:01:12,91282CKU4,TSRYS5814781,D,S,C,2024-06-18,1000000.00,4.273337,102.091796875
08:01:12,91282CKU4,TSRYS5814781,D,S,C,2024-06-18,1000000.00,4.273337,102.091796875
08:01:12,91282CKU4,TSRYS5814781,D,S,D,2024-06-18,1000000.00,4.273337,102.091796875
08:01:12,91282CKU4,TSRYS5814781,D,B,C,2024-06-18,1000000.00,4.273337,102.091796875
08:01:12,91282CKU4,TSRYS5814781,D,S,C,2024-06-18,1000000.00,4.272041,102.099609375
08:01:12,91282CKU4,TSRYS5814781,D,B,C,2024-06-18,1000000.00,4.272041,102.099609375
08:01:12,91282CKU4,TSRYS5814781,D,B,C,2024-06-18,1000000.00,4.272041,102.099609375
08:01:12,91282CKU4,TSRYS5814781,D,S,C,2024-06-18,1000000.00,4.272041,102.099609375
08:01:12,91282CKU4,TSRYS5814781,D,S,C,2024-06-18,1000000.00,4.272041,102.099609375
08:01:12,91282CKU4,TSRYS5814781,D,B,C,2024-06-18,1000000.00,4.272041,102.099609375
08:01:12,91282CKU4,TSRYS5814781,D,S,D,2024-06-18,1000000.00,4.275605,102.078125
08:01:12,91282CKU4,TSRYS5814781,D,S,C,2024-06-18,1000000.00,4.278846,102.05859375
08:01:12,91282CKU4,TSRYS5814781,D,B,C,2024-06-18,1000000.00,4.278846,102.05859375
08:01:12,91282CKU4,TSRYS5814781,D,S,C,2024-06-18,1000000.00,4.278846,102.05859375
08:01:12,91282CKU4,TSRYS5814781,D,S,C,2024-06-18,1000000.00,4.278846,102.05859375
08:01:13,91282CKU4,TSRYS5814781,D,S,C,2024-06-18,1000000.00,4.268802,102.11914062
08:01:13,91282CKU4,TSRYS5814781,D,S,D,2024-06-18,2000000.00,4.265887,102.13671875
08:01:13,91282CKU4,TSRYS5814781,D,S,D,2024-06-18,1000000.00,4.28306,102.033203125
08:01:13,91282CKU4,TSRYS5814781,D,S,C,2024-06-18,1000000.00,4.268154,102.12304687
08:01:13,91282CKU4,TSRYS5814781,D,S,C,2024-06-18,1000000.00,4.277225,102.06835937
08:01:14,91282CKU4,TSRYS5814781,D,S,C,2024-06-18,1000000.00,4.280466,102.04882812
08:01:14,91282CKU4,TSRYS5814781,D,S,D,2024-06-18,1000000.00,4.280466,102.04882812
08:01:14,91282CKU4,TSRYS5814781,D,S,D,2024-06-18,1000000.00,4.280466,102.04882812
08:01:14,91282CKU4,TSRYS5814781,D,S,D,2024-06-18,1000000.00,4.279494,102.0546875
08:01:14,91282CKU4,TSRYS5814781,D,S,D,2024-06-18,1000000.00,4.27917,102.05664062
08:01:14,91282CKU4,TSRYS5814781,D,S,D,2024-06-18,1000000.00,4.286302,102.013671875
08:01:14,91282CKU4,TSRYS5814781,D,B,C,2024-06-18,1000000.00,4.286302,102.013671875
08:01:14,91282CKU4,TSRYS5814781,D,S,D,2024-06-18,1000000.00,4.278521,102.06054687
08:01:14,91282CKU4,TSRYS5814781,D,S,C,2024-06-18,3000000.00,4.278521,102.06054687
08:01:14,91282CKU4,TSRYS5814781,D,S,C,2024-06-18,2000000.00,4.278521,102.06054687
08:01:14,91282CKU4,TSRYS5814781,D,S,C,2024-06-18,1000000.00,4.284032,102.02734375
08:01:14,91282CKU4,TSRYS5814781,D,B,C,2024-06-18,1000000.00,4.284032,102.02734375
08:01:14,91282CKU4,TSRYS5814781,D,S,C,2024-06-18,2000000.00,4.278521,102.06054687
08:01:14,91282CKU4,TSRYS5814781,D,S,C,2024-06-18,3000000.00,4.288896,101.998046875
08:01:14,91282CKU4,TSRYS5814781,D,S,C,2024-06-18,1000000.00,4.263621,102.15039062
08:01:14,91282CKU4,TSRYS5814781,D,S,D,2024-06-18,1000000.00,4.277225,102.06835937
08:01:14,91282CKU4,TSRYS5814781,D,S,D,2024-06-18,1000000.00,4.278197,102.0625
08:01:15,91282CKU4,TSRYS5814781,D,S,D,2024-06-18,1000000.00,4.278197,102.0625
08:01:15,91282CKU4,TSRYS5814781,D,B,C,2024-06-18,38000000.00,4.2769,102.07032
08:01:15,91282CKU4,TSRYS5814781,D,S,D,2024-06-18,1000000.00,4.288896,101.998046875
08:01:15,91282CKU4,TSRYS5814781,D,S,D,2024-06-18,8200000.00,4.205783,102.5
08:01:15,91282CKU4,TSRYS5814781,D,S,D,2024-06-18,8550000.00,4.205783,102.5
08:01:15,91282CKU4,TSRYS5814781,D,S,C,2024-06-18,1000000.00,4.291167,101.984375
08:01:15,91282CKU4,TSRYS5814781,D,S,C,2024-06-18,2000000.00,4.291816,101.98046875
08:01:15,91282CKU4,TSRYS5814781,D,B,C,2024-06-18,2000000.00,4.292789,101.974609375
08:01:15,91282CKU4,TSRYS5814781,D,B,C,2024-06-18,1000000.00,4.292789,101.974609375
08:01:15,91282CKU4,TSRYS5814781,D,S,C,2024-06-18,1000000.00,4.292789,101.974609375
08:01:15,91282CKU4,TSRYS5814781,D,B,C,2024-06-18,1000000.00,4.294087,101.966796875
08:01:15,91282CKU4,TSRYS5814781,D,B,C,2024-06-18,1000000.00,4.294087,101.966796875
08:01:15,91282CKU4,TSRYS5814781,D,S,C,2024-06-18,2000000.00,4.292789,101.974609375
08:01:15,91282CKU4,TSRYS5814781,D,S,C,2024-06-18,1000000.00,4.294087,101.966796875
08:01:15,91282CKU4,TSRYS5814781,D,S,D,2024-06-18,8200000.00,4.205783,102.5
08:01:15,91282CKU4,TSRYS5814781,D,B,C,2024-06-18,1000000.00,4.294087,101.966796875
08:01:15,91282CKU4,TSRYS5814781,D,B,C,2024-06-18,1000000.00,4.294087,101.966796875
08:01:15,91282CKU4,TSRYS5814781,D,S,D,2024-06-18,8200000.00,4.205783,102.5
08:01:15,91282CKU4,TSRYS5814781,D,S,C,2024-06-18,1000000.00,4.294087,101.966796875
08:01:15,91282CKU4,TSRYS5814781,D,S,C,2024-06-18,1000000.00,4.294087,101.966796875
08:01:15,91282CKU4,TSRYS5814781,D,S,C,2024-06-18,1000000.00,4.294087,101.966796875
08:01:15,91282CKU4,TSRYS5814781,D,S,D,2024-06-18,1000000.00,4.277549,102.06640625
08:01:15,91282CKU4,TSRYS5814781,D,S,C,2024-06-18,1000000.00,4.294087,101.966796875
08:01:15,91282CKU4,TSRYS5814781,D,B,C,2024-06-18,1000000.00,4.294087,101.966796875
08:01:15,91282CKU4,TSRYS5814781,D,S,D,2024-06-18,1000000.00,4.277549,102.06640625
08:01:15,91282CKU4,TSRYS5814781,D,S,C,2024-06-18,1000000.00,4.294087,101.966796875
08:01:15,91282CKU4,TSRYS5814781,D,B,C,2024-06-18,1000000.00,4.296034,101.955078125
08:01:15,91282CKU4,TSRYS5814781,D,B,C,2024-06-18,3000000.00,4.296034,101.955078125
08:01:15,91282CKU4,TSRYS5814781,D,B,C,2024-06-18,1000000.00,4.294087,101.966796875
08:01:15,91282CKU4,TSRYS5814781,D,S,C,2024-06-18,3000000.00,4.296034,101.955078125
08:01:15,91282CKU4,TSRYS5814781,D,S,C,2024-06-18,1000000.00,4.296034,101.955078125
08:01:15,91282CKU4,TSRYS5814781,D,S,C,2024-06-18,1000000.00,4.296358,101.953125
08:01:15,91282CKU4,TSRYS5814781,D,S,C,2024-06-18,1000000.00,4.297332,101.947265625
08:01:15,91282CKU4,TSRYS5814781,D,S,D,2024-06-18,8950000.00,4.205783,102.5
08:01:15,91282CKU4,TSRYS5814781,D,S,D,2024-06-18,9300000.00,4.205783,102.5
08:01:15,91282CKU4,TSRYS5814781,D,S,D,2024-06-18,14000000.00,4.205783,102.5
08:01:15,91282CKU4,TSRYS5814781,D,S,D,2024-06-18,1000000.00,4.265887,102.13671875
08:01:15,91282CKU4,TSRYS5814781,D,S,D,2024-06-18,8200000.00,4.205783,102.5
08:01:15,91282CKU4,TSRYS5814781,D,B,C,2024-06-18,2000000.00,4.296358,101.953125
08:01:15,91282CKU4,TSRYS5814781,D,B,C,2024-06-18,1000000.00,4.296358,101.953125
08:01:15,91282CKU4,TSRYS5814781,D,S,C,2024-06-18,2000000.00,4.296358,101.953125
08:01:15,91282CKU4,TSRYS5814781,D,S,D,2024-06-18,8550000.00,4.205783,102.5
08:01:15,91282CKU4,TSRYS5814781,D,S,C,2024-06-18,1000000.00,4.296358,101.953125
08:01:15,91282CKU4,TSRYS5814781,D,S,T,2024-06-18,1000000.00,4.278197,102.0625
08:01:15,91282CKU4,TSRYS5814781,D,B,C,2024-06-18,1000000.00,4.296358,101.953125
08:01:15,91282CKU4,TSRYS5814781,D,S,C,2024-06-18,1000000.00,4.296358,101.953125
08:01:15,91282CKU4,TSRYS5814781,D,S,D,2024-06-18,1000000.00,4.296358,101.953125
08:01:15,91282CKU4,TSRYS5814781,D,B,C,2024-06-18,1000000.00,4.296358,101.953125
08:01:15,91282CKU4,TSRYS5814781,D,S,C,2024-06-18,1000000.00,4.296358,101.953125
08:01:15,91282CKU4,TSRYS5814781,D,S,D,2024-06-18,1000000.00,4.296358,101.953125
08:01:15,91282CKU4,TSRYS5814781,D,B,C,2024-06-18,1000000.00,4.296358,101.953125
08:01:15,91282CKU4,TSRYS5814781,D,B,C,2024-06-18,1000000.00,4.296358,101.953125
08:01:15,91282CKU4,TSRYS5814781,D,B,C,2024-06-18,1000000.00,4.296358,101.953125
08:01:15,91282CKU4,TSRYS5814781,D,S,D,2024-06-18,8950000.00,4.205783,102.5
08:01:15,91282CKU4,TSRYS5814781,D,B,C,2024-06-18,1000000.00,4.296358,101.953125
08:01:15,91282CKU4,TSRYS5814781,D,S,D,2024-06-18,1000000.00,4.296358,101.953125
08:01:15,91282CKU4,TSRYS5814781,D,S,C,2024-06-18,1000000.00,4.296358,101.953125
08:01:15,91282CKU4,TSRYS5814781,D,S,C,2024-06-18,2000000.00,4.296034,101.955078125
08:01:15,91282CKU4,TSRYS5814781,D,S,C,2024-06-18,1000000.00,4.296034,101.955078125
08:01:15,91282CKU4,TSRYS5814781,D,S,D,2024-06-18,4450000.00,4.205783,102.5
08:01:15,91282CKU4,TSRYS5814781,D,B,C,2024-06-18,1000000.00,4.296358,101.953125
08:01:15,91282CKU4,TSRYS5814781,D,B,C,2024-06-18,2000000.00,4.288572,102.0
08:01:15,91282CKU4,TSRYS5814781,D,S,D,2024-06-18,1000000.00,4.296358,101.953125
08:01:15,91282CKU4,TSRYS5814781,D,S,A,2024-06-18,2000000.00,4.288572,102.0
08:01:15,91282CKU4,TSRYS5814781,D,S,C,2024-06-18,1000000.00,4.296358,101.953125
08:01:15,91282CKU4,TSRYS5814781,D,B,C,2024-06-18,1000000.00,4.296358,101.953125
08:01:15,91282CKU4,TSRYS5814781,D,S,C,2024-06-18,1000000.00,4.296358,101.953125
08:01:15,91282CKU4,TSRYS5814781,D,B,C,2024-06-18,1000000.00,4.296358,101.953125
08:01:15,91282CKU4,TSRYS5814781,D,S,D,2024-06-18,16400000.00,4.205783,102.5
08:01:15,91282CKU4,TSRYS5814781,D,S,C,2024-06-18,1000000.00,4.296358,101.953125
08:01:15,91282CKU4,TSRYS5814781,D,S,D,2024-06-18,1000000.00,4.296358,101.953125
08:01:15,91282CKU4,TSRYS5814781,D,B,C,2024-06-18,1000000.00,4.296358,101.953125
08:01:15,91282CKU4,TSRYS5814781,D,S,C,2024-06-18,1000000.00,4.296358,101.953125
08:01:15,91282CKU4,TSRYS5814781,D,B,C,2024-06-18,1000000.00,4.296358,101.953125
08:01:15,91282CKU4,TSRYS5814781,D,S,C,2024-06-18,1000000.00,4.296358,101.953125
08:01:15,91282CKU4,TSRYS5814781,D,B,C,2024-06-18,1000000.00,4.296358,101.953125
08:01:15,91282CKU4,TSRYS5814781,D,S,D,2024-06-18,8200000.00,4.205783,102.5
08:01:15,91282CKU4,TSRYS5814781,D,B,C,2024-06-18,1000000.00,4.296358,101.953125
08:01:15,91282CKU4,TSRYS5814781,D,S,C,2024-06-18,1000000.00,4.296683,101.951171875
08:01:15,91282CKU4,TSRYS5814781,D,S,C,2024-06-18,2000000.00,4.268154,102.12304687
08:01:15,91282CKU4,TSRYS5814781,D,S,C,2024-06-18,1000000.00,4.295709,101.95703125
08:01:15,91282CKU4,TSRYS5814781,D,S,T,2024-06-18,1000000.00,4.278197,102.0625
08:01:15,91282CKU4,TSRYS5814781,D,S,C,2024-06-18,1000000.00,4.295709,101.95703125
08:01:15,91282CKU4,TSRYS5814781,D,S,C,2024-06-18,1000000.00,4.294087,101.966796875
08:01:15,91282CKU4,TSRYS5814781,D,S,T,2024-06-18,1000000.00,4.278197,102.0625
08:01:16,91282CKU4,TSRYS5814781,D,B,C,2024-06-18,1000000.00,4.290194,101.990234375
08:01:16,91282CKU4,TSRYS5814781,D,S,C,2024-06-18,1000000.00,4.290194,101.990234375
08:01:16,91282CKU4,TSRYS5814781,D,S,D,2024-06-18,1000000.00,4.265887,102.13671875
08:01:16,91282CKU4,TSRYS5814781,D,S,C,2024-06-18,2000000.00,4.289869,101.9921875
08:01:16,91282CKU4,TSRYS5814781,D,B,C,2024-06-18,1000000.00,4.290194,101.990234375
08:01:16,91282CKU4,TSRYS5814781,D,S,C,2024-06-18,1000000.00,4.290194,101.990234375
08:01:16,91282CKU4,TSRYS5814781,D,B,C,2024-06-18,1000000.00,4.293438,101.970703125
08:01:16,91282CKU4,TSRYS5814781,D,S,C,2024-06-18,1000000.00,4.293438,101.970703125
08:01:16,91282CKU4,TSRYS5814781,D,S,C,2024-06-18,1000000.00,4.293438,101.970703125
08:01:16,91282CKU4,TSRYS5814781,D,B,C,2024-06-18,1000000.00,4.293113,101.97265625
08:01:16,91282CKU4,TSRYS5814781,D,S,C,2024-06-18,1000000.00,4.293113,101.97265625
08:01:16,91282CKU4,TSRYS5814781,D,S,C,2024-06-18,1000000.00,4.288572,102.0
08:01:16,91282CKU4,TSRYS5814781,D,S,C,2024-06-18,2000000.00,4.288572,102.0
08:01:16,91282CKU4,TSRYS5814781,D,S,C,2024-06-18,1000000.00,4.288572,102.0
08:01:16,91282CKU4,TSRYS5814781,D,S,D,2024-06-18,1000000.00,4.291491,101.982421875
08:01:16,91282CKU4,TSRYS5814781,D,B,C,2024-06-18,1000000.00,4.291491,101.982421875
08:01:16,91282CKU4,TSRYS5814781,D,B,C,2024-06-18,1000000.00,4.291491,101.982421875
08:01:16,91282CKU4,TSRYS5814781,D,S,D,2024-06-18,1000000.00,4.291491,101.982421875
08:01:16,91282CKU4,TSRYS5814781,D,S,D,2024-06-18,1000000.00,4.278197,102.0625
08:01:16,91282CKU4,TSRYS5814781,D,S,D,2024-06-18,1000000.00,4.277549,102.06640625
08:01:16,91282CKU4,TSRYS5814781,D,S,D,2024-06-18,1000000.00,4.277549,102.06640625
08:01:16,91282CKU4,TSRYS5814781,D,S,C,2024-06-18,1000000.00,4.29214,101.978515625
08:01:16,91282CKU4,TSRYS5814781,D,B,C,2024-06-18,1000000.00,4.290518,101.98828125
08:01:16,91282CKU4,TSRYS5814781,D,S,C,2024-06-18,1000000.00,4.290518,101.98828125
08:01:16,91282CKU4,TSRYS5814781,D,S,C,2024-06-18,1000000.00,4.290843,101.986328125
08:01:16,91282CKU4,TSRYS5814781,D,S,C,2024-06-18,1000000.00,4.291167,101.984375
08:01:16,91282CKU4,TSRYS5814781,D,S,D,2024-06-18,1000000.00,4.290843,101.986328125
08:01:16,91282CKU4,TSRYS5814781,D,S,D,2024-06-18,1000000.00,4.265887,102.13671875
08:01:16,91282CKU4,TSRYS5814781,D,S,D,2024-06-18,1000000.00,4.265563,102.13867187
08:01:17,91282CKU4,TSRYS5814781,D,S,C,2024-06-18,1000000.00,4.289545,101.994140625
08:01:17,91282CKU4,TSRYS5814781,D,S,D,2024-06-18,450000.00,4.289869,101.9921875
08:01:17,91282CKU4,TSRYS5814781,D,S,C,2024-06-18,1000000.00,4.277225,102.06835937
08:01:17,91282CKU4,TSRYS5814781,D,S,D,2024-06-18,450000.00,4.291167,101.984375
08:01:17,91282CKU4,TSRYS5814781,D,S,D,2024-06-18,1000000.00,4.276901,102.0703125
08:01:17,91282CKU4,TSRYS5814781,D,S,C,2024-06-18,1000000.00,4.269449,102.11523437
08:01:17,91282CKU4,TSRYS5814781,D,S,D,2024-06-18,1000000.00,4.277225,102.06835937
08:01:17,91282CKU4,TSRYS5814781,D,S,C,2024-06-18,1000000.00,4.262326,102.158203125
08:01:18,91282CKU4,TSRYS5814781,D,S,D,2024-06-18,1000000.00,4.268802,102.11914062
08:01:18,91282CKU4,TSRYS5814781,D,S,C,2024-06-18,1000000.00,4.263621,102.15039062
08:01:18,91282CKU4,TSRYS5814781,D,B,C,2024-06-18,1000000.00,4.290843,101.986328125
08:01:18,91282CKU4,TSRYS5814781,D,S,C,2024-06-18,1000000.00,4.290843,101.986328125
08:01:18,91282CKU4,TSRYS5814781,D,B,C,2024-06-18,1000000.00,4.290843,101.986328125
08:01:18,91282CKU4,TSRYS5814781,D,S,C,2024-06-18,1000000.00,4.290843,101.986328125
08:01:18,91282CKU4,TSRYS5814781,D,S,C,2024-06-18,1000000.00,4.288572,102.0
08:01:18,91282CKU4,TSRYS5814781,D,S,D,2024-06-18,1000000.00,4.288572,102.0
08:01:18,91282CKU4,TSRYS5814781,D,S,D,2024-06-18,1000000.00,4.288572,102.0
08:01:18,91282CKU4,TSRYS5814781,D,B,C,2024-06-18,1000000.00,4.258765,102.1796875
08:01:18,91282CKU4,TSRYS5814781,D,S,C,2024-06-18,1000000.00,4.288572,102.0
08:01:18,91282CKU4,TSRYS5814781,D,S,C,2024-06-18,1000000.00,4.258765,102.1796875
08:01:19,91282CKU4,TSRYS5814781,D,S,D,2024-06-18,1000000.00,4.289221,101.99609375
08:01:19,91282CKU4,TSRYS5814781,D,S,T,2024-06-18,1000000.00,4.289869,101.9921875
08:01:19,91282CKU4,TSRYS5814781,D,S,C,2024-06-18,1000000.00,4.289545,101.994140625
08:01:19,91282CKU4,TSRYS5814781,D,S,C,2024-06-18,1000000.00,4.289545,101.994140625
08:01:19,91282CKU4,TSRYS5814781,D,S,C,2024-06-18,1000000.00,4.289221,101.99609375
08:01:19,91282CKU4,TSRYS5814781,D,B,C,2024-06-18,1000000.00,4.289545,101.994140625
08:01:19,91282CKU4,TSRYS5814781,D,B,C,2024-06-18,1000000.00,4.289545,101.994140625
08:01:19,91282CKU4,TSRYS5814781,D,S,D,2024-06-18,1000000.00,4.268154,102.12304687
08:01:19,91282CKU4,TSRYS5814781,D,S,D,2024-06-18,1000000.00,4.265887,102.13671875
08:01:20,91282CKU4,TSRYS5814781,D,S,D,2024-06-18,1000000.00,4.268478,102.12109375
08:01:20,91282CKU4,TSRYS5814781,D,S,D,2024-06-18,2000000.00,4.265887,102.13671875
08:01:20,91282CKU4,TSRYS5814781,D,S,C,2024-06-18,1000000.00,4.281115,102.04492187
08:01:20,91282CKU4,TSRYS5814781,D,S,C,2024-06-18,1000000.00,4.281115,102.04492187
08:01:20,91282CKU4,TSRYS5814781,D,S,D,2024-06-18,1000000.00,4.279494,102.0546875
08:01:21,91282CKU4,TSRYS5814781,D,B,C,2024-06-18,41000000.00,4.267232,102.12861
08:01:21,91282CKU4,TSRYS5814781,D,B,C,2024-06-18,5000000.00,4.260175,102.17118
08:01:21,91282CKU4,TSRYS5814781,D,S,C,2024-06-18,1000000.00,4.262649,102.15625
08:01:21,91282CKU4,TSRYS5814781,D,B,C,2024-06-18,2000000.00,4.282735,102.03515625
08:01:22,91282CKU4,TSRYS5814781,D,B,C,2024-06-18,1000000.00,4.282735,102.03515625
08:01:22,91282CKU4,TSRYS5814781,D,B,C,2024-06-18,2000000.00,4.282735,102.03515625
08:01:22,91282CKU4,TSRYS5814781,D,S,T,2024-06-18,1000000.00,4.291167,101.984375
08:01:22,91282CKU4,TSRYS5814781,D,B,C,2024-06-18,35000000.00,4.276052,102.07543
08:01:22,91282CKU4,TSRYS5814781,D,S,T,2024-06-18,2000000.00,4.275605,102.078125
08:01:22,91282CKU4,TSRYS5814781,D,S,D,2024-06-18,1000000.00,4.268478,102.12109375
08:01:22,91282CKU4,TSRYS5814781,D,S,T,2024-06-18,1000000.00,4.275605,102.078125
08:01:23,91282CKU4,TSRYS5814781,D,S,T,2024-06-18,1000000.00,4.269449,102.11523437
08:01:23,91282CKU4,TSRYS5814781,D,S,C,2024-06-18,2000000.00,4.265887,102.13671875
08:01:23,91282CKU4,TSRYS5814781,D,S,D,2024-06-18,1000000.00,4.265887,102.13671875
08:01:23,91282CKU4,TSRYS5814781,D,S,D,2024-06-18,1000000.00,4.265887,102.13671875
08:01:24,91282CKU4,TSRYS5814781,D,S,C,2024-06-18,2000000.00,4.26783,102.125
08:01:24,91282CKU4,TSRYS5814781,D,S,D,2024-06-18,1000000.00,4.275605,102.078125
08:01:24,91282CKU4,TSRYS5814781,D,S,T,2024-06-18,1000000.00,4.268478,102.12109375
08:01:24,91282CKU4,TSRYS5814781,D,S,T,2024-06-18,1000000.00,4.275638,102.077925
08:01:24,91282CKU4,TSRYS5814781,D,S,T,2024-06-18,1000000.00,4.275638,102.077925
08:01:25,91282CKU4,TSRYS5814781,D,S,D,2024-06-18,1000000.00,4.275605,102.078125
08:01:25,91282CKU4,TSRYS5814781,D,S,C,2024-06-18,1000000.00,4.275605,102.078125
08:01:25,91282CKU4,TSRYS5814781,D,S,D,2024-06-18,1000000.00,4.276253,102.07421875
08:01:25,91282CKU4,TSRYS5814781,D,S,C,2024-06-18,2000000.00,4.276253,102.07421875
08:01:25,91282CKU4,TSRYS5814781,D,S,D,2024-06-18,1000000.00,4.276253,102.07421875
08:01:25,91282CKU4,TSRYS5814781,D,S,D,2024-06-18,17000000.00,4.282886,102.03425
08:01:25,91282CKU4,TSRYS5814781,D,S,D,2024-06-18,1000000.00,4.276253,102.07421875
08:01:25,91282CKU4,TSRYS5814781,D,S,D,2024-06-18,1000000.00,4.268154,102.12304687
08:01:25,91282CKU4,TSRYS5814781,D,S,D,2024-06-18,2000000.00,4.265887,102.13671875
08:01:25,91282CKU4,TSRYS5814781,D,S,T,2024-06-18,3000000.00,4.276577,102.07226562
08:01:26,91282CKU4,TSRYS5814781,D,S,T,2024-06-18,2000000.00,4.276577,102.07226562
08:01:26,91282CKU4,TSRYS5814781,D,S,T,2024-06-18,1000000.00,4.291167,101.984375
08:01:26,91282CKU4,TSRYS5814781,D,S,C,2024-06-18,3000000.00,4.277225,102.06835937
08:01:26,91282CKU4,TSRYS5814781,D,S,C,2024-06-18,1000000.00,4.264268,102.14648437
08:01:27,91282CKU4,TSRYS5814781,D,S,C,2024-06-18,2000000.00,4.265887,102.13671875
08:01:27,91282CKU4,TSRYS5814781,D,S,C,2024-06-18,3000000.00,4.277225,102.06835937
08:01:27,91282CKU4,TSRYS5814781,D,S,D,2024-06-18,1000000.00,4.269449,102.11523437
08:01:27,91282CKU4,TSRYS5814781,D,S,T,2024-06-18,2000000.00,4.289891,101.9920575
08:01:27,91282CKU4,TSRYS5814781,D,S,D,2024-06-18,1000000.00,4.269449,102.11523437
08:01:28,91282CKU4,TSRYS5814781,D,B,C,2024-06-18,2000000.00,4.289869,101.9921875
08:01:28,91282CKU4,TSRYS5814781,D,S,C,2024-06-18,3000000.00,4.277225,102.06835937
08:01:28,91282CKU4,TSRYS5814781,D,S,T,2024-06-18,1000000.00,4.268478,102.12109375
08:01:28,91282CKU4,TSRYS5814781,D,S,D,2024-06-18,1000000.00,4.265887,102.13671875
08:01:28,91282CKU4,TSRYS5814781,D,B,C,2024-06-18,1000000.00,4.265239,102.140625
08:01:28,91282CKU4,TSRYS5814781,D,S,C,2024-06-18,1000000.00,4.265239,102.140625
08:01:28,91282CKU4,TSRYS5814781,D,S,C,2024-06-18,5000000.00,4.26006,102.171875
08:01:28,91282CKU4,TSRYS5814781,D,S,D,2024-06-18,1000000.00,4.268478,102.12109375
08:01:28,91282CKU4,TSRYS5814781,D,S,D,2024-06-18,1365000.00,4.293762,101.96875
08:01:28,91282CKU4,TSRYS5814781,D,S,C,2024-06-18,1000000.00,4.277225,102.06835937
08:01:29,91282CKU4,TSRYS5814781,D,S,D,2024-06-18,1000000.00,4.276901,102.0703125
08:01:29,91282CKU4,TSRYS5814781,D,S,T,2024-06-18,1000000.00,4.276901,102.0703125
08:01:29,91282CKU4,TSRYS5814781,D,S,T,2024-06-18,1000000.00,4.276901,102.0703125
08:01:30,91282CKU4,TSRYS5814781,D,S,D,2024-06-18,1000000.00,4.269449,102.11523437
08:01:30,91282CKU4,TSRYS5814781,D,S,C,2024-06-18,190000.00,4.289869,101.9921875
08:01:30,91282CKU4,TSRYS5814781,D,S,D,2024-06-18,1000000.00,4.268154,102.12304687
08:01:30,91282CKU4,TSRYS5814781,D,S,A,2024-06-18,500000.00,4.290389,101.98828125
08:01:30,91282CKU4,TSRYS5814781,D,S,D,2024-06-18,2000000.00,4.265887,102.13671875
08:01:31,91282CKU4,TSRYS5814781,D,S,D,2024-06-18,1000000.00,4.269449,102.11523437
08:01:32,91282CKU4,TSRYS5814781,D,S,C,2024-06-18,1000000.00,4.263621,102.15039062
08:01:32,91282CKU4,TSRYS5814781,D,S,T,2024-06-18,1000000.00,4.292486,101.9764325
08:01:32,91282CKU4,TSRYS5814781,D,S,D,2024-06-18,1000000.00,4.268478,102.12109375
08:01:33,91282CKU4,TSRYS5814781,D,S,D,2024-06-18,1000000.00,4.280466,102.04882812
08:01:33,91282CKU4,TSRYS5814781,D,S,D,2024-06-18,1000000.00,4.273337,102.09179687
08:01:33,91282CKU4,TSRYS5814781,D,S,T,2024-06-18,1000000.00,4.273337,102.09179687
08:01:33,91282CKU4,TSRYS5814781,D,S,D,2024-06-18,1000000.00,4.273337,102.09179687
08:01:33,91282CKU4,TSRYS5814781,D,S,D,2024-06-18,1000000.00,4.273337,102.09179687
08:01:33,91282CKU4,TSRYS5814781,D,S,D,2024-06-18,1000000.00,4.273337,102.09179687
08:01:33,91282CKU4,TSRYS5814781,D,S,D,2024-06-18,1000000.00,4.273337,102.09179687
08:01:34,91282CKU4,TSRYS5814781,D,S,D,2024-06-18,1000000.00,4.265887,102.13671875
08:01:34,91282CKU4,TSRYS5814781,D,S,C,2024-06-18,480000.00,4.276253,102.07421875
08:01:34,91282CKU4,TSRYS5814781,D,B,C,2024-06-18,480000.00,4.276901,102.0703125
08:01:35,91282CKU4,TSRYS5814781,D,B,C,2024-06-18,1600000.00,4.289221,101.99609375
08:01:35,91282CKU4,TSRYS5814781,D,S,A,2024-06-18,1600000.00,4.289221,101.99609375
08:01:37,91282CKU4,TSRYS5814781,D,S,C,2024-06-18,1000000.00,4.26783,102.125
08:01:37,91282CKU4,TSRYS5814781,D,B,A,2024-06-18,2000000.00,4.295709,101.95703125
08:01:37,91282CKU4,TSRYS5814781,D,S,T,2024-06-18,1000000.00,4.293779,101.968648
08:01:38,91282CKU4,TSRYS5814781,D,S,T,2024-06-18,1000000.00,4.293779,101.968648
08:01:38,91282CKU4,TSRYS5814781,D,S,C,2024-06-18,1000000.00,4.270421,102.109375
08:01:38,91282CKU4,TSRYS5814781,D,S,C,2024-06-18,1000000.00,4.269449,102.115234375
08:01:38,91282CKU4,TSRYS5814781,D,B,C,2024-06-18,1000000.00,4.269449,102.115234375
08:01:38,91282CKU4,TSRYS5814781,D,S,C,2024-06-18,1000000.00,4.269449,102.115234375
08:01:38,91282CKU4,TSRYS5814781,D,B,C,2024-06-18,1000000.00,4.269449,102.115234375
08:01:39,91282CKU4,TSRYS5814781,D,S,C,2024-06-18,1000000.00,4.269449,102.115234375
08:01:39,91282CKU4,TSRYS5814781,D,S,C,2024-06-18,1000000.00,4.269449,102.115234375
08:01:39,91282CKU4,TSRYS5814781,D,S,C,2024-06-18,1000000.00,4.269449,102.115234375
08:01:39,91282CKU4,TSRYS5814781,D,S,C,2024-06-18,1000000.00,4.268802,102.119140625
08:01:39,91282CKU4,TSRYS5814781,D,S,C,2024-06-18,1000000.00,4.269449,102.115234375
08:01:39,91282CKU4,TSRYS5814781,D,S,C,2024-06-18,1000000.00,4.269449,102.115234375
08:01:39,91282CKU4,TSRYS5814781,D,S,C,2024-06-18,1000000.00,4.269449,102.115234375
08:01:39,91282CKU4,TSRYS5814781,D,S,C,2024-06-18,1000000.00,4.269449,102.115234375
08:01:39,91282CKU4,TSRYS5814781,D,S,C,2024-06-18,1000000.00,4.269449,102.115234375
08:01:39,91282CKU4,TSRYS5814781,D,S,D,2024-06-18,1000000.00,4.269126,102.1171875
08:01:39,91282CKU4,TSRYS5814781,D,B,C,2024-06-18,1000000.00,4.269126,102.1171875
08:01:39,91282CKU4,TSRYS5814781,D,B,C,2024-06-18,1000000.00,4.269126,102.1171875
08:01:39,91282CKU4,TSRYS5814781,D,S,D,2024-06-18,1000000.00,4.269126,102.1171875
08:01:39,91282CKU4,TSRYS5814781,D,S,C,2024-06-18,1000000.00,4.269449,102.115234375
08:01:39,91282CKU4,TSRYS5814781,D,B,C,2024-06-18,1000000.00,4.269449,102.115234375
08:01:39,91282CKU4,TSRYS5814781,D,S,D,2024-06-18,1000000.00,4.269449,102.115234375
08:01:39,91282CKU4,TSRYS5814781,D,B,C,2024-06-18,1000000.00,4.269449,102.115234375
08:01:39,91282CKU4,TSRYS5814781,D,S,C,2024-06-18,1000000.00,4.269449,102.115234375
08:01:39,91282CKU4,TSRYS5814781,D,B,C,2024-06-18,1000000.00,4.269449,102.115234375
08:01:39,91282CKU4,TSRYS5814781,D,S,C,2024-06-18,1000000.00,4.269449,102.115234375
08:01:39,91282CKU4,TSRYS5814781,D,B,C,2024-06-18,1000000.00,4.269449,102.115234375
08:01:39,91282CKU4,TSRYS5814781,D,S,D,2024-06-18,1000000.00,4.269449,102.115234375
08:01:39,91282CKU4,TSRYS5814781,D,B,C,2024-06-18,1000000.00,4.269449,102.115234375
08:01:39,91282CKU4,TSRYS5814781,D,S,D,2024-06-18,1000000.00,4.269449,102.115234375
08:01:39,91282CKU4,TSRYS5814781,D,B,C,2024-06-18,1000000.00,4.269449,102.115234375
08:01:41,91282CKU4,TSRYS5814781,D,S,C,2024-06-18,1000000.00,4.269449,102.115234375
08:01:41,91282CKU4,TSRYS5814781,D,S,C,2024-06-18,1000000.00,4.269449,102.115234375
08:01:45,91282CKU4,TSRYS5814781,D,S,C,2024-06-18,1000000.00,4.276901,102.0703125
08:01:45,91282CKU4,TSRYS5814781,D,B,C,2024-06-18,1000000.00,4.276901,102.0703125
08:01:46,91282CKU4,TSRYS5814781,D,S,D,2024-06-18,1000000.00,4.277225,102.068359375
08:01:46,91282CKU4,TSRYS5814781,D,B,C,2024-06-18,1000000.00,4.277225,102.068359375
08:01:48,91282CKU4,TSRYS5814781,D,S,D,2024-06-18,2000000.00,4.288572,102.0
08:01:48,91282CKU4,TSRYS5814781,D,S,D,2024-06-18,1000000.00,4.288572,102.0
08:01:48,91282CKU4,TSRYS5814781,D,S,D,2024-06-18,1000000.00,4.287599,102.00585937
08:01:48,91282CKU4,TSRYS5814781,D,S,D,2024-06-18,2000000.00,4.287599,102.00585937
08:01:48,91282CKU4,TSRYS5814781,D,S,D,2024-06-18,1000000.00,4.288896,101.99804687
08:01:48,91282CKU4,TSRYS5814781,D,S,C,2024-06-18,3000000.00,4.289221,101.99609375
08:01:48,91282CKU4,TSRYS5814781,D,S,C,2024-06-18,2000000.00,4.289221,101.99609375
08:01:48,91282CKU4,TSRYS5814781,D,S,D,2024-06-18,2000000.00,4.289869,101.9921875
08:01:48,91282CKU4,TSRYS5814781,D,S,D,2024-06-18,1000000.00,4.289869,101.9921875
08:01:48,91282CKU4,TSRYS5814781,D,S,C,2024-06-18,3000000.00,4.290194,101.99023437
08:01:51,91282CKU4,TSRYS5814781,D,S,C,2024-06-18,10000000.00,4.269352,102.11582
08:01:51,91282CKU4,TSRYS5814781,D,S,D,2024-06-18,4990000.00,4.288977,101.99756088838
08:01:52,91282CKU4,TSRYS5814781,D,S,D,2024-06-18,1000000.00,4.278197,102.0625
08:01:52,91282CKU4,TSRYS5814781,D,S,D,2024-06-18,1000000.00,4.278197,102.0625
08:01:52,91282CKU4,TSRYS5814781,D,S,D,2024-06-18,1000000.00,4.278197,102.0625
08:01:54,91282CKU4,TSRYS5814781,D,S,D,2024-06-18,1000000.00,4.278197,102.0625
08:01:54,91282CKU4,TSRYS5814781,D,S,D,2024-06-18,1000000.00,4.278197,102.0625
08:01:54,91282CKU4,TSRYS5814781,D,S,T,2024-06-18,1000000.00,4.265239,102.140625
08:01:56,91282CKU4,TSRYS5814781,D,S,C,2024-06-18,1000000.00,4.280466,102.048828125
08:01:56,91282CKU4,TSRYS5814781,D,S,C,2024-06-18,1000000.00,4.27917,102.056640625
08:01:57,91282CKU4,TSRYS5814781,D,S,D,2024-06-18,1000000.00,4.279494,102.0546875
08:02:02,91282CKU4,TSRYS5814781,D,S,D,2024-06-18,1000000.00,4.278197,102.0625
08:02:02,91282CKU4,TSRYS5814781,D,S,D,2024-06-18,1000000.00,4.274309,102.0859375
08:02:02,91282CKU4,TSRYS5814781,D,B,C,2024-06-18,1000000.00,4.274309,102.0859375
08:02:02,91282CKU4,TSRYS5814781,D,S,D,2024-06-18,1000000.00,4.273337,102.091796875
08:02:02,91282CKU4,TSRYS5814781,D,B,C,2024-06-18,1000000.00,4.270421,102.109375
08:02:02,91282CKU4,TSRYS5814781,D,S,C,2024-06-18,1000000.00,4.270396,102.109525
08:02:02,91282CKU4,TSRYS5814781,D,S,C,2024-06-18,3000000.00,4.270396,102.109525
08:02:02,91282CKU4,TSRYS5814781,D,B,C,2024-06-18,3000000.00,4.270471,102.109075
08:02:02,91282CKU4,TSRYS5814781,D,S,C,2024-06-18,1000000.00,4.271675,102.1018125
08:02:02,91282CKU4,TSRYS5814781,D,S,C,2024-06-18,1000000.00,4.271692,102.1017125
08:02:02,91282CKU4,TSRYS5814781,D,B,C,2024-06-18,4000000.00,4.268149,102.1230794
08:02:02,91282CKU4,TSRYS5814781,D,S,C,2024-06-18,4000000.00,4.268086,102.1234544
08:02:03,91282CKU4,TSRYS5814781,D,B,C,2024-06-18,1000000.00,4.26656,102.1326625
08:02:03,91282CKU4,TSRYS5814781,D,B,C,2024-06-18,1000000.00,4.265264,102.140475
08:02:03,91282CKU4,TSRYS5814781,D,S,D,2024-06-18,1000000.00,4.266535,102.1328125
08:02:03,91282CKU4,TSRYS5814781,D,S,D,2024-06-18,1000000.00,4.265218,102.140755
08:02:03,91282CKU4,TSRYS5814781,D,S,D,2024-06-18,1000000.00,4.265239,102.140625
08:02:03,91282CKU4,TSRYS5814781,D,S,D,2024-06-18,1000000.00,4.266513,102.1329425
08:02:03,91282CKU4,TSRYS5814781,D,B,C,2024-06-18,1000000.00,4.26783,102.125
08:02:03,91282CKU4,TSRYS5814781,D,S,D,2024-06-18,1000000.00,4.267809,102.12513
08:02:03,91282CKU4,TSRYS5814781,D,B,C,2024-06-18,1000000.00,4.273337,102.091796875
08:02:03,91282CKU4,TSRYS5814781,D,S,D,2024-06-18,1000000.00,4.273661,102.08984375
08:02:03,91282CKU4,TSRYS5814781,D,B,C,2024-06-18,1000000.00,4.273661,102.08984375
08:02:03,91282CKU4,TSRYS5814781,D,S,D,2024-06-18,1000000.00,4.273337,102.091796875
08:02:03,91282CKU4,TSRYS5814781,D,S,D,2024-06-18,1000000.00,4.273337,102.091796875
08:02:03,91282CKU4,TSRYS5814781,D,B,C,2024-06-18,1000000.00,4.273337,102.091796875
08:02:03,91282CKU4,TSRYS5814781,D,S,C,2024-06-18,1000000.00,4.26783,102.125
08:02:03,91282CKU4,TSRYS5814781,D,S,C,2024-06-18,1000000.00,4.267805,102.125152
08:02:03,91282CKU4,TSRYS5814781,D,B,C,2024-06-18,1000000.00,4.267863,102.1248
08:02:03,91282CKU4,TSRYS5814781,D,S,D,2024-06-18,1000000.00,4.26783,102.125
08:02:03,91282CKU4,TSRYS5814781,D,B,C,2024-06-18,1000000.00,4.267863,102.1248
08:02:03,91282CKU4,TSRYS5814781,D,S,C,2024-06-18,1000000.00,4.267797,102.1252
08:02:03,91282CKU4,TSRYS5814781,D,B,C,2024-06-18,1000000.00,4.269126,102.1171875
08:02:03,91282CKU4,TSRYS5814781,D,S,C,2024-06-18,1000000.00,4.2691,102.1173395
08:02:03,91282CKU4,TSRYS5814781,D,S,C,2024-06-18,1000000.00,4.269101,102.1173375
08:02:03,91282CKU4,TSRYS5814781,D,S,C,2024-06-18,1000000.00,4.269084,102.1174375
08:02:04,91282CKU4,TSRYS5814781,D,B,C,2024-06-18,1000000.00,4.265239,102.140625
08:02:04,91282CKU4,TSRYS5814781,D,S,C,2024-06-18,1000000.00,4.265239,102.140625
08:02:04,91282CKU4,TSRYS5814781,D,S,C,2024-06-18,1000000.00,4.265239,102.140625
08:02:04,91282CKU4,TSRYS5814781,D,B,C,2024-06-18,1000000.00,4.262674,102.1561
08:02:04,91282CKU4,TSRYS5814781,D,S,D,2024-06-18,1000000.00,4.262649,102.15625
08:02:05,91282CKU4,TSRYS5814781,D,S,D,2024-06-18,2000000.00,4.290843,101.98632812
08:02:05,91282CKU4,TSRYS5814781,D,S,C,2024-06-18,1000000.00,4.265198,102.140875
08:02:05,91282CKU4,TSRYS5814781,D,S,C,2024-06-18,1000000.00,4.265215,102.140775
08:02:05,91282CKU4,TSRYS5814781,D,S,D,2024-06-18,2000000.00,4.265239,102.140625
08:02:05,91282CKU4,TSRYS5814781,D,S,D,2024-06-18,2000000.00,4.290518,101.98828125
08:02:05,91282CKU4,TSRYS5814781,D,S,D,2024-06-18,1000000.00,4.262649,102.15625
08:02:05,91282CKU4,TSRYS5814781,D,B,C,2024-06-18,1000000.00,4.262674,102.1561
08:02:05,91282CKU4,TSRYS5814781,D,S,D,2024-06-18,1000000.00,4.261354,102.1640625
08:02:05,91282CKU4,TSRYS5814781,D,B,C,2024-06-18,1000000.00,4.261379,102.1639125
08:02:05,91282CKU4,TSRYS5814781,D,S,D,2024-06-18,2000000.00,4.291167,101.984375
08:02:05,91282CKU4,TSRYS5814781,D,S,D,2024-06-18,2000000.00,4.290843,101.98632812
08:02:05,91282CKU4,TSRYS5814781,D,S,C,2024-06-18,2000000.00,4.290843,101.98632812
08:02:06,91282CKU4,TSRYS5814781,D,S,D,2024-06-18,2000000.00,4.290843,101.98632812
08:02:06,91282CKU4,TSRYS5814781,D,B,C,2024-06-18,1000000.00,4.262649,102.15625
08:02:06,91282CKU4,TSRYS5814781,D,S,D,2024-06-18,1000000.00,4.262628,102.15638
08:02:06,91282CKU4,TSRYS5814781,D,S,D,2024-06-18,1000000.00,4.263923,102.1485675
08:02:07,91282CKU4,TSRYS5814781,D,S,C,2024-06-18,1000000.00,4.263944,102.1484375
08:02:07,91282CKU4,TSRYS5814781,D,S,C,2024-06-18,1000000.00,4.263919,102.1485875
08:02:07,91282CKU4,TSRYS5814781,D,S,C,2024-06-18,1000000.00,4.263919,102.1485875
08:02:07,91282CKU4,TSRYS5814781,D,S,D,2024-06-18,1000000.00,4.265239,102.140625
08:02:08,91282CKU4,TSRYS5814781,D,B,C,2024-06-18,1000000.00,4.290518,101.98828125
08:02:08,91282CKU4,TSRYS5814781,D,S,C,2024-06-18,1000000.00,4.261329,102.1642125
08:02:08,91282CKU4,TSRYS5814781,D,S,C,2024-06-18,2000000.00,4.261354,102.1640625
08:02:08,91282CKU4,TSRYS5814781,D,B,C,2024-06-18,1000000.00,4.261379,102.1639125
08:02:08,91282CKU4,TSRYS5814781,D,B,C,2024-06-18,1000000.00,4.261354,102.1640625
08:02:08,91282CKU4,TSRYS5814781,D,S,C,2024-06-18,1000000.00,4.261354,102.1640625
08:02:08,91282CKU4,TSRYS5814781,D,B,C,2024-06-18,2000000.00,4.261371,102.1639625
08:02:08,91282CKU4,TSRYS5814781,D,S,C,2024-06-18,1000000.00,4.261329,102.1642125
08:02:08,91282CKU4,TSRYS5814781,D,S,D,2024-06-18,12000000.00,4.290269,101.98978
08:02:08,91282CKU4,TSRYS5814781,D,B,C,2024-06-18,1000000.00,4.261354,102.1640625
08:02:08,91282CKU4,TSRYS5814781,D,S,D,2024-06-18,2000000.00,4.275605,102.078125
08:02:08,91282CKU4,TSRYS5814781,D,S,D,2024-06-18,1000000.00,4.275605,102.078125
08:02:08,91282CKU4,TSRYS5814781,D,B,C,2024-06-18,2000000.00,4.258781,102.1795875
08:02:09,91282CKU4,TSRYS5814781,D,S,D,2024-06-18,3000000.00,4.276577,102.072265625
08:02:09,91282CKU4,TSRYS5814781,D,S,D,2024-06-18,2000000.00,4.276577,102.072265625
08:02:09,91282CKU4,TSRYS5814781,D,S,D,2024-06-18,1000000.00,4.276901,102.0703125
08:02:09,91282CKU4,TSRYS5814781,D,S,D,2024-06-18,1000000.00,4.276901,102.0703125
08:02:09,91282CKU4,TSRYS5814781,D,S,D,2024-06-18,1000000.00,4.278521,102.060546875
08:02:09,91282CKU4,TSRYS5814781,D,B,C,2024-06-18,1000000.00,4.278521,102.060546875
08:02:10,91282CKU4,TSRYS5814781,D,S,D,2024-06-18,5800000.00,4.289869,101.9921875
08:02:10,91282CKU4,TSRYS5814781,D,S,C,2024-06-18,1000000.00,4.276577,102.072265625
08:02:11,91282CKU4,TSRYS5814781,D,S,C,2024-06-18,1000000.00,4.276577,102.072265625
08:02:16,91282CKU4,TSRYS5814781,D,S,D,2024-06-18,1000000.00,4.283384,102.03125
08:02:16,91282CKU4,TSRYS5814781,D,B,C,2024-06-18,1000000.00,4.283384,102.03125
08:02:16,91282CKU4,TSRYS5814781,D,S,C,2024-06-18,1000000.00,4.29214,101.97851562
08:02:16,91282CKU4,TSRYS5814781,D,S,D,2024-06-18,1000000.00,4.29214,101.97851562
08:02:16,91282CKU4,TSRYS5814781,D,S,D,2024-06-18,2000000.00,4.291816,101.98046875
08:02:20,91282CKU4,TSRYS5814781,D,S,C,2024-06-18,1000000.00,4.258715,102.1799875
08:02:21,91282CKU4,TSRYS5814781,D,S,T,2024-06-18,2000000.00,4.288593,101.999875
08:02:21,91282CKU4,TSRYS5814781,D,S,D,2024-06-18,2000000.00,4.258765,102.1796875
08:02:21,91282CKU4,TSRYS5814781,D,B,C,2024-06-18,1000000.00,4.258798,102.1794875
08:02:21,91282CKU4,TSRYS5814781,D,B,C,2024-06-18,1000000.00,4.25879,102.1795375
08:02:21,91282CKU4,TSRYS5814781,D,S,T,2024-06-18,7000000.00,4.288572,102.0
08:02:21,91282CKU4,TSRYS5814781,D,S,C,2024-06-18,1000000.00,4.25874,102.1798375
08:02:21,91282CKU4,TSRYS5814781,D,S,T,2024-06-18,1000000.00,4.288572,102.0
08:02:21,91282CKU4,TSRYS5814781,D,S,T,2024-06-18,1000000.00,4.288593,101.999875
08:02:21,91282CKU4,TSRYS5814781,D,S,T,2024-06-18,1000000.00,4.263621,102.150390625
08:02:21,91282CKU4,TSRYS5814781,D,S,T,2024-06-18,2000000.00,4.263944,102.1484375
08:02:21,91282CKU4,TSRYS5814781,D,S,T,2024-06-18,1000000.00,4.263944,102.1484375
08:02:21,91282CKU4,TSRYS5814781,D,S,T,2024-06-18,1000000.00,4.263944,102.1484375
08:02:21,91282CKU4,TSRYS5814781,D,S,T,2024-06-18,2000000.00,4.263944,102.1484375
08:02:21,91282CKU4,TSRYS5814781,D,S,T,2024-06-18,1000000.00,4.263944,102.1484375
08:02:21,91282CKU4,TSRYS5814781,D,S,T,2024-06-18,2000000.00,4.263944,102.1484375
08:02:21,91282CKU4,TSRYS5814781,D,S,T,2024-06-18,2000000.00,4.263944,102.1484375
08:02:21,91282CKU4,TSRYS5814781,D,S,T,2024-06-18,2000000.00,4.263944,102.1484375
08:02:21,91282CKU4,TSRYS5814781,D,S,T,2024-06-18,2000000.00,4.263944,102.1484375
08:02:21,91282CKU4,TSRYS5814781,D,S,T,2024-06-18,1000000.00,4.263944,102.1484375
08:02:21,91282CKU4,TSRYS5814781,D,S,T,2024-06-18,1000000.00,4.263944,102.1484375
08:02:21,91282CKU4,TSRYS5814781,D,S,T,2024-06-18,2000000.00,4.263621,102.150390625
08:02:21,91282CKU4,TSRYS5814781,D,S,T,2024-06-18,1000000.00,4.263944,102.1484375
08:02:21,91282CKU4,TSRYS5814781,D,S,T,2024-06-18,2000000.00,4.263944,102.1484375
08:02:21,91282CKU4,TSRYS5814781,D,S,T,2024-06-18,1000000.00,4.263944,102.1484375
08:02:21,91282CKU4,TSRYS5814781,D,S,T,2024-06-18,2000000.00,4.263944,102.1484375
08:02:21,91282CKU4,TSRYS5814781,D,S,T,2024-06-18,2000000.00,4.263944,102.1484375
08:02:21,91282CKU4,TSRYS5814781,D,S,T,2024-06-18,1000000.00,4.263944,102.1484375
08:02:21,91282CKU4,TSRYS5814781,D,S,T,2024-06-18,1000000.00,4.263944,102.1484375
08:02:21,91282CKU4,TSRYS5814781,D,S,T,2024-06-18,2000000.00,4.263944,102.1484375
08:02:21,91282CKU4,TSRYS5814781,D,S,T,2024-06-18,1000000.00,4.263944,102.1484375
08:02:21,91282CKU4,TSRYS5814781,D,S,T,2024-06-18,1000000.00,4.264592,102.14453125
08:02:21,91282CKU4,TSRYS5814781,D,B,C,2024-06-18,970000.00,4.270693,102.109375
08:02:21,91282CKU4,TSRYS5814781,D,S,D,2024-06-18,970000.00,4.270693,102.109375
08:02:21,91282CKU4,TSRYS5814781,D,S,T,2024-06-18,1000000.00,4.263944,102.1484375
08:02:21,91282CKU4,TSRYS5814781,D,S,T,2024-06-18,1000000.00,4.263944,102.1484375
08:02:21,91282CKU4,TSRYS5814781,D,S,T,2024-06-18,2000000.00,4.263944,102.1484375
08:02:21,91282CKU4,TSRYS5814781,D,S,T,2024-06-18,1000000.00,4.261354,102.1640625
08:02:21,91282CKU4,TSRYS5814781,D,S,T,2024-06-18,2000000.00,4.263944,102.1484375
08:02:21,91282CKU4,TSRYS5814781,D,S,T,2024-06-18,1000000.00,4.263944,102.1484375
08:02:21,91282CKU4,TSRYS5814781,D,S,T,2024-06-18,1000000.00,4.263944,102.1484375
08:02:21,91282CKU4,TSRYS5814781,D,S,T,2024-06-18,1000000.00,4.263944,102.1484375
08:02:21,91282CKU4,TSRYS5814781,D,S,T,2024-06-18,1000000.00,4.263944,102.1484375
08:02:21,91282CKU4,TSRYS5814781,D,S,T,2024-06-18,2000000.00,4.26783,102.125
08:02:21,91282CKU4,TSRYS5814781,D,S,T,2024-06-18,1000000.00,4.261354,102.1640625
08:02:21,91282CKU4,TSRYS5814781,D,S,T,2024-06-18,2000000.00,4.263944,102.1484375
08:02:21,91282CKU4,TSRYS5814781,D,S,T,2024-06-18,2000000.00,4.26783,102.125
08:02:21,91282CKU4,TSRYS5814781,D,S,T,2024-06-18,8550000.00,4.205783,102.5
08:02:21,91282CKU4,TSRYS5814781,D,S,T,2024-06-18,1000000.00,4.263944,102.1484375
08:02:21,91282CKU4,TSRYS5814781,D,B,A,2024-06-18,6000000.00,4.276901,102.0703125
08:02:21,91282CKU4,TSRYS5814781,D,S,A,2024-06-18,3000000.00,4.273661,102.08984375
08:02:21,91282CKU4,TSRYS5814781,D,S,T,2024-06-18,1000000.00,4.288593,101.999875
08:02:21,91282CKU4,TSRYS5814781,D,S,T,2024-06-18,1000000.00,4.288593,101.999875
08:02:21,91282CKU4,TSRYS5814781,D,S,T,2024-06-18,1000000.00,4.288593,101.999875
08:02:21,91282CKU4,TSRYS5814781,D,S,T,2024-06-18,2000000.00,4.296683,101.951171875
08:02:21,91282CKU4,TSRYS5814781,D,S,T,2024-06-18,2000000.00,4.294411,101.96484375
08:02:21,91282CKU4,TSRYS5814781,D,S,T,2024-06-18,2000000.00,4.293762,101.96875
08:02:21,91282CKU4,TSRYS5814781,D,S,T,2024-06-18,1000000.00,4.296358,101.953125
08:02:21,91282CKU4,TSRYS5814781,D,S,T,2024-06-18,1000000.00,4.296358,101.953125
08:02:21,91282CKU4,TSRYS5814781,D,S,T,2024-06-18,1000000.00,4.296358,101.953125
08:02:21,91282CKU4,TSRYS5814781,D,S,T,2024-06-18,1000000.00,4.296358,101.953125
08:02:21,91282CKU4,TSRYS5814781,D,B,C,2024-06-18,3000000.00,4.293829,101.96835
08:02:21,91282CKU4,TSRYS5814781,D,S,D,2024-06-18,4980000.00,4.294411,101.96484375
08:02:21,91282CKU4,TSRYS5814781,D,S,T,2024-06-18,2000000.00,4.289545,101.994140625
08:02:21,91282CKU4,TSRYS5814781,D,S,T,2024-06-18,2000000.00,4.289545,101.994140625
08:02:21,91282CKU4,TSRYS5814781,D,S,T,2024-06-18,2000000.00,4.289545,101.994140625
08:02:21,91282CKU4,TSRYS5814781,D,S,T,2024-06-18,1000000.00,4.289545,101.994140625
08:02:21,91282CKU4,TSRYS5814781,D,S,T,2024-06-18,1000000.00,4.289545,101.994140625
08:02:21,91282CKU4,TSRYS5814781,D,S,T,2024-06-18,2000000.00,4.289545,101.994140625
08:02:21,91282CKU4,TSRYS5814781,D,S,T,2024-06-18,2000000.00,4.289545,101.994140625
08:02:21,91282CKU4,TSRYS5814781,D,S,T,2024-06-18,2000000.00,4.289545,101.994140625
08:02:21,91282CKU4,TSRYS5814781,D,B,C,2024-06-18,53000000.00,4.263662,102.15014
08:02:21,91282CKU4,TSRYS5814781,D,B,C,2024-06-18,20000000.00,4.290528,101.98822
08:02:21,91282CKU4,TSRYS5814781,D,S,C,2024-06-18,485000.00,4.28948,101.99609375
08:02:21,91282CKU4,TSRYS5814781,D,S,D,2024-06-18,300000.00,4.289869,101.9921875
08:02:22,91282CKU4,TSRYS5814781,D,S,T,2024-06-18,1000000.00,4.293762,101.96875
08:02:22,91282CKU4,TSRYS5814781,D,S,T,2024-06-18,1000000.00,4.293762,101.96875
08:02:22,91282CKU4,TSRYS5814781,D,B,C,2024-06-18,1000000.00,4.263944,102.1484375
08:02:22,91282CKU4,TSRYS5814781,D,S,C,2024-06-18,1000000.00,4.263919,102.1485875
08:02:22,91282CKU4,TSRYS5814781,D,S,D,2024-06-18,1000000.00,4.263944,102.1484375
08:02:22,91282CKU4,TSRYS5814781,D,S,D,2024-06-18,1000000.00,4.263944,102.1484375
08:02:22,91282CKU4,TSRYS5814781,D,S,D,2024-06-18,1000000.00,4.263923,102.1485675
08:02:23,91282CKU4,TSRYS5814781,D,S,D,2024-06-18,1000000.00,4.282735,102.03515625
08:02:23,91282CKU4,TSRYS5814781,D,S,D,2024-06-18,1000000.00,4.282735,102.03515625
08:02:23,91282CKU4,TSRYS5814781,D,S,D,2024-06-18,1000000.00,4.258743,102.1798175
08:02:23,91282CKU4,TSRYS5814781,D,B,C,2024-06-18,1000000.00,4.25879,102.1795375
08:02:23,91282CKU4,TSRYS5814781,D,B,C,2024-06-18,1000000.00,4.258765,102.1796875
08:02:23,91282CKU4,TSRYS5814781,D,S,C,2024-06-18,1000000.00,4.285978,102.015625
08:02:23,91282CKU4,TSRYS5814781,D,B,C,2024-06-18,1000000.00,4.285978,102.015625
08:02:23,91282CKU4,TSRYS5814781,D,S,C,2024-06-18,1000000.00,4.287275,102.0078125
08:02:23,91282CKU4,TSRYS5814781,D,S,C,2024-06-18,1000000.00,4.262649,102.15625
08:02:24,91282CKU4,TSRYS5814781,D,B,C,2024-06-18,1000000.00,4.287275,102.0078125
08:02:24,91282CKU4,TSRYS5814781,D,B,C,2024-06-18,1000000.00,4.262674,102.1561
08:02:24,91282CKU4,TSRYS5814781,D,S,C,2024-06-18,1000000.00,4.261354,102.1640625
08:02:24,91282CKU4,TSRYS5814781,D,S,D,2024-06-18,1000000.00,4.258743,102.1798175
08:02:24,91282CKU4,TSRYS5814781,D,S,A,2024-06-18,6075000.00,4.240943,102.2890625
08:02:24,91282CKU4,TSRYS5814781,D,S,C,2024-06-18,1000000.00,4.262649,102.15625
08:02:24,91282CKU4,TSRYS5814781,D,B,C,2024-06-18,1000000.00,4.261371,102.1639625
08:02:24,91282CKU4,TSRYS5814781,D,S,A,2024-06-18,2169000.00,4.240943,102.2890625
08:02:24,91282CKU4,TSRYS5814781,D,S,D,2024-06-18,1000000.00,4.261354,102.1640625
08:02:24,91282CKU4,TSRYS5814781,D,S,C,2024-06-18,1000000.00,4.261354,102.1640625
08:02:25,91282CKU4,TSRYS5814781,D,S,D,2024-06-18,1000000.00,4.285978,102.015625
08:02:25,91282CKU4,TSRYS5814781,D,B,C,2024-06-18,1000000.00,4.285978,102.015625
08:02:25,91282CKU4,TSRYS5814781,D,S,C,2024-06-18,1000000.00,4.262624,102.1564
08:02:25,91282CKU4,TSRYS5814781,D,B,C,2024-06-18,1000000.00,4.262649,102.15625
08:02:25,91282CKU4,TSRYS5814781,D,S,C,2024-06-18,1000000.00,4.284356,102.025390625
08:02:25,91282CKU4,TSRYS5814781,D,S,C,2024-06-18,1000000.00,4.263919,102.1485875
08:02:25,91282CKU4,TSRYS5814781,D,B,C,2024-06-18,1000000.00,4.263944,102.1484375
08:02:25,91282CKU4,TSRYS5814781,D,B,C,2024-06-18,1000000.00,4.263944,102.1484375
08:02:25,91282CKU4,TSRYS5814781,D,S,C,2024-06-18,1000000.00,4.263944,102.1484375
08:02:25,91282CKU4,TSRYS5814781,D,S,C,2024-06-18,1000000.00,4.265239,102.140625
08:02:25,91282CKU4,TSRYS5814781,D,S,C,2024-06-18,1000000.00,4.265223,102.140725
08:02:26,91282CKU4,TSRYS5814781,D,S,C,2024-06-18,1000000.00,4.266493,102.1330625
08:02:26,91282CKU4,TSRYS5814781,D,B,C,2024-06-18,2000000.00,4.26656,102.1326625
08:02:26,91282CKU4,TSRYS5814781,D,B,C,2024-06-18,1000000.00,4.266535,102.1328125
08:02:26,91282CKU4,TSRYS5814781,D,S,C,2024-06-18,1000000.00,4.266502,102.1330125
08:02:26,91282CKU4,TSRYS5814781,D,S,D,2024-06-18,2000000.00,4.266535,102.1328125
08:02:26,91282CKU4,TSRYS5814781,D,B,C,2024-06-18,2000000.00,4.267855,102.124848
08:02:26,91282CKU4,TSRYS5814781,D,S,C,2024-06-18,3000000.00,4.267797,102.1252
08:02:26,91282CKU4,TSRYS5814781,D,S,C,2024-06-18,2000000.00,4.26783,102.125
08:02:26,91282CKU4,TSRYS5814781,D,B,C,2024-06-18,2000000.00,4.267855,102.124848
08:02:26,91282CKU4,TSRYS5814781,D,S,D,2024-06-18,2000000.00,4.26783,102.125
08:02:26,91282CKU4,TSRYS5814781,D,B,C,2024-06-18,3000000.00,4.267855,102.124848
08:02:26,91282CKU4,TSRYS5814781,D,S,C,2024-06-18,2000000.00,4.267797,102.1252
08:02:26,91282CKU4,TSRYS5814781,D,B,C,2024-06-18,2000000.00,4.267855,102.124848
08:02:28,91282CKU4,TSRYS5814781,D,B,C,2024-06-18,1000000.00,4.265273,102.140425
08:02:28,91282CKU4,TSRYS5814781,D,S,C,2024-06-18,1000000.00,4.265239,102.140625
08:02:28,91282CKU4,TSRYS5814781,D,S,C,2024-06-18,1000000.00,4.263944,102.1484375
08:02:28,91282CKU4,TSRYS5814781,D,B,C,2024-06-18,1000000.00,4.263977,102.1482375
08:02:28,91282CKU4,TSRYS5814781,D,S,C,2024-06-18,1000000.00,4.265239,102.140625
08:02:28,91282CKU4,TSRYS5814781,D,B,C,2024-06-18,1000000.00,4.265239,102.140625
08:02:29,91282CKU4,TSRYS5814781,D,S,D,2024-06-18,1000000.00,4.263923,102.1485675
08:02:29,91282CKU4,TSRYS5814781,D,S,D,2024-06-18,1000000.00,4.263923,102.1485675
08:02:29,91282CKU4,TSRYS5814781,D,S,A,2024-06-18,485000.00,4.277169,102.0703125
08:02:29,91282CKU4,TSRYS5814781,D,S,D,2024-06-18,1000000.00,4.265239,102.140625
08:02:29,91282CKU4,TSRYS5814781,D,B,C,2024-06-18,1000000.00,4.265239,102.140625
08:02:29,91282CKU4,TSRYS5814781,D,S,D,2024-06-18,1000000.00,4.265239,102.140625
08:02:29,91282CKU4,TSRYS5814781,D,S,D,2024-06-18,1000000.00,4.265239,102.140625
08:02:29,91282CKU4,TSRYS5814781,D,S,D,2024-06-18,1000000.00,4.265239,102.140625
08:02:29,91282CKU4,TSRYS5814781,D,B,C,2024-06-18,1000000.00,4.265273,102.140425
08:02:29,91282CKU4,TSRYS5814781,D,S,D,2024-06-18,1000000.00,4.265239,102.140625
08:02:29,91282CKU4,TSRYS5814781,D,S,D,2024-06-18,1000000.00,4.265239,102.140625
08:02:29,91282CKU4,TSRYS5814781,D,S,D,2024-06-18,1000000.00,4.265239,102.140625
08:02:29,91282CKU4,TSRYS5814781,D,B,C,2024-06-18,1000000.00,4.265239,102.140625
08:02:29,91282CKU4,TSRYS5814781,D,B,C,2024-06-18,1000000.00,4.265277,102.140398
08:02:29,91282CKU4,TSRYS5814781,D,S,C,2024-06-18,1000000.00,4.265239,102.140625
08:02:30,91282CKU4,TSRYS5814781,D,S,C,2024-06-18,1000000.00,4.265239,102.140625
08:02:30,91282CKU4,TSRYS5814781,D,B,C,2024-06-18,1000000.00,4.265273,102.140425
08:02:30,91282CKU4,TSRYS5814781,D,S,C,2024-06-18,1000000.00,4.288572,102.0
08:02:30,91282CKU4,TSRYS5814781,D,S,C,2024-06-18,7000000.00,4.288572,102.0
08:02:30,91282CKU4,TSRYS5814781,D,S,C,2024-06-18,1000000.00,4.265239,102.140625
08:02:30,91282CKU4,TSRYS5814781,D,B,C,2024-06-18,1000000.00,4.265273,102.140425
08:02:30,91282CKU4,TSRYS5814781,D,S,C,2024-06-18,2000000.00,4.267805,102.125152
08:02:31,91282CKU4,TSRYS5814781,D,S,C,2024-06-18,1000000.00,4.26783,102.125
08:02:31,91282CKU4,TSRYS5814781,D,S,D,2024-06-18,1000000.00,4.269126,102.1171875
08:02:32,91282CKU4,TSRYS5814781,D,B,C,2024-06-18,1000000.00,4.270438,102.109275
08:02:32,91282CKU4,TSRYS5814781,D,S,D,2024-06-18,1000000.00,4.269126,102.1171875
08:02:32,91282CKU4,TSRYS5814781,D,S,C,2024-06-18,1000000.00,4.270421,102.109375
08:02:32,91282CKU4,TSRYS5814781,D,S,C,2024-06-18,1000000.00,4.269092,102.1173875
08:02:32,91282CKU4,TSRYS5814781,D,S,C,2024-06-18,1000000.00,4.269126,102.1171875
08:02:32,91282CKU4,TSRYS5814781,D,S,C,2024-06-18,1000000.00,4.269126,102.1171875
08:02:32,91282CKU4,TSRYS5814781,D,S,D,2024-06-18,1000000.00,4.269126,102.1171875
08:02:32,91282CKU4,TSRYS5814781,D,S,C,2024-06-18,1000000.00,4.269092,102.1173875
08:02:32,91282CKU4,TSRYS5814781,D,S,D,2024-06-18,1000000.00,4.269126,102.1171875
08:02:32,91282CKU4,TSRYS5814781,D,S,C,2024-06-18,1000000.00,4.269126,102.1171875
08:02:32,91282CKU4,TSRYS5814781,D,S,D,2024-06-18,1000000.00,4.269126,102.1171875
08:02:32,91282CKU4,TSRYS5814781,D,S,D,2024-06-18,1000000.00,4.269126,102.1171875
08:02:32,91282CKU4,TSRYS5814781,D,S,C,2024-06-18,1000000.00,4.26783,102.125
08:02:32,91282CKU4,TSRYS5814781,D,B,C,2024-06-18,1000000.00,4.267847,102.1249
08:02:32,91282CKU4,TSRYS5814781,D,S,C,2024-06-18,1000000.00,4.285653,102.017578125
08:02:32,91282CKU4,TSRYS5814781,D,S,C,2024-06-18,1000000.00,4.269092,102.1173875
08:02:32,91282CKU4,TSRYS5814781,D,S,C,2024-06-18,1000000.00,4.270371,102.109675
08:02:33,91282CKU4,TSRYS5814781,D,S,T,2024-06-18,2000000.00,4.293762,101.96875
08:02:34,91282CKU4,TSRYS5814781,D,B,C,2024-06-18,1000000.00,4.276901,102.0703125
08:02:34,91282CKU4,TSRYS5814781,D,S,C,2024-06-18,1000000.00,4.27686,102.0705625
08:02:34,91282CKU4,TSRYS5814781,D,S,C,2024-06-18,1000000.00,4.27558,102.078275
08:02:34,91282CKU4,TSRYS5814781,D,S,D,2024-06-18,1000000.00,4.276901,102.0703125
08:02:35,91282CKU4,TSRYS5814781,D,B,C,2024-06-18,1000000.00,4.276901,102.0703125
08:02:35,91282CKU4,TSRYS5814781,D,S,C,2024-06-18,1000000.00,4.27686,102.0705625
08:02:35,91282CKU4,TSRYS5814781,D,B,C,2024-06-18,1000000.00,4.275605,102.078125
08:02:35,91282CKU4,TSRYS5814781,D,S,T,2024-06-18,1000000.00,4.29506,101.9609375
08:02:35,91282CKU4,TSRYS5814781,D,S,C,2024-06-18,1000000.00,4.276884,102.0704125
08:02:35,91282CKU4,TSRYS5814781,D,S,A,2024-06-18,4740000.00,4.262002,102.16015625
08:02:36,91282CKU4,TSRYS5814781,D,S,C,2024-06-18,1000000.00,4.280765,102.047025
08:02:36,91282CKU4,TSRYS5814781,D,B,C,2024-06-18,1000000.00,4.28079,102.046875
08:02:37,91282CKU4,TSRYS5814781,D,S,C,2024-06-18,2000000.00,4.280741,102.047175
08:02:37,91282CKU4,TSRYS5814781,D,S,A,2024-06-18,9180000.00,4.276253,102.07421875
08:02:37,91282CKU4,TSRYS5814781,D,S,C,2024-06-18,1000000.00,4.279494,102.0546875
08:02:37,91282CKU4,TSRYS5814781,D,B,C,2024-06-18,1000000.00,4.278197,102.0625
08:02:38,91282CKU4,TSRYS5814781,D,S,D,2024-06-18,1000000.00,4.278168,102.062677
08:02:38,91282CKU4,TSRYS5814781,D,B,C,2024-06-18,1000000.00,4.27951,102.0545875
08:02:38,91282CKU4,TSRYS5814781,D,S,D,2024-06-18,1000000.00,4.278168,102.062677
08:02:38,91282CKU4,TSRYS5814781,D,B,C,2024-06-18,1000000.00,4.278197,102.0625
08:02:38,91282CKU4,TSRYS5814781,D,B,C,2024-06-18,1000000.00,4.276943,102.0700625
08:02:38,91282CKU4,TSRYS5814781,D,S,C,2024-06-18,1000000.00,4.276901,102.0703125
08:02:38,91282CKU4,TSRYS5814781,D,B,C,2024-06-18,1000000.00,4.276926,102.0701625
08:02:38,91282CKU4,TSRYS5814781,D,B,C,2024-06-18,1000000.00,4.276918,102.0702125
08:02:38,91282CKU4,TSRYS5814781,D,S,C,2024-06-18,1000000.00,4.276901,102.0703125
08:02:38,91282CKU4,TSRYS5814781,D,S,C,2024-06-18,1000000.00,4.276901,102.0703125
08:02:38,91282CKU4,TSRYS5814781,D,S,C,2024-06-18,1000000.00,4.278197,102.0625
08:02:38,91282CKU4,TSRYS5814781,D,S,C,2024-06-18,1000000.00,4.278197,102.0625
08:02:39,91282CKU4,TSRYS5814781,D,S,D,2024-06-18,1000000.00,4.28079,102.046875
08:02:39,91282CKU4,TSRYS5814781,D,S,C,2024-06-18,1000000.00,4.28079,102.046875
08:02:39,91282CKU4,TSRYS5814781,D,S,C,2024-06-18,1000000.00,4.280749,102.047125
08:02:39,91282CKU4,TSRYS5814781,D,S,C,2024-06-18,1000000.00,4.28079,102.046875
08:02:39,91282CKU4,TSRYS5814781,D,S,C,2024-06-18,1000000.00,4.28079,102.046875
08:02:39,91282CKU4,TSRYS5814781,D,S,C,2024-06-18,1000000.00,4.279494,102.0546875
08:02:39,91282CKU4,TSRYS5814781,D,B,C,2024-06-18,1000000.00,4.27951,102.0545875
08:02:39,91282CKU4,TSRYS5814781,D,S,C,2024-06-18,1000000.00,4.280774,102.046975
08:02:39,91282CKU4,TSRYS5814781,D,S,C,2024-06-18,1000000.00,4.279444,102.0549875
08:02:40,91282CKU4,TSRYS5814781,D,S,C,2024-06-18,1000000.00,4.279477,102.0547875
08:02:40,91282CKU4,TSRYS5814781,D,S,D,2024-06-18,1000000.00,4.279494,102.0546875
08:02:40,91282CKU4,TSRYS5814781,D,S,C,2024-06-18,1000000.00,4.279494,102.0546875
08:02:40,91282CKU4,TSRYS5814781,D,S,C,2024-06-18,1000000.00,4.279494,102.0546875
08:02:40,91282CKU4,TSRYS5814781,D,S,C,2024-06-18,1000000.00,4.279494,102.0546875
08:02:40,91282CKU4,TSRYS5814781,D,S,C,2024-06-18,1000000.00,4.279477,102.0547875
08:02:40,91282CKU4,TSRYS5814781,D,S,C,2024-06-18,1000000.00,4.279494,102.0546875
08:02:40,91282CKU4,TSRYS5814781,D,S,C,2024-06-18,1000000.00,4.279494,102.0546875
08:02:40,91282CKU4,TSRYS5814781,D,S,C,2024-06-18,1000000.00,4.279494,102.0546875
08:02:40,91282CKU4,TSRYS5814781,D,S,C,2024-06-18,1000000.00,4.279494,102.0546875
08:02:40,91282CKU4,TSRYS5814781,D,S,C,2024-06-18,1000000.00,4.279494,102.0546875
08:02:40,91282CKU4,TSRYS5814781,D,S,C,2024-06-18,1000000.00,4.279494,102.0546875
08:02:40,91282CKU4,TSRYS5814781,D,S,C,2024-06-18,1000000.00,4.279494,102.0546875
08:02:41,91282CKU4,TSRYS5814781,D,B,A,2024-06-18,1000000.00,4.272721,102.08984375
08:02:41,91282CKU4,TSRYS5814781,D,S,T,2024-06-18,1000000.00,4.278214,102.0624
08:02:41,91282CKU4,TSRYS5814781,D,S,T,2024-06-18,1000000.00,4.278197,102.0625
08:02:41,91282CKU4,TSRYS5814781,D,S,T,2024-06-18,1000000.00,4.278197,102.0625
08:02:41,91282CKU4,TSRYS5814781,D,S,T,2024-06-18,2000000.00,4.278214,102.0624
08:02:41,91282CKU4,TSRYS5814781,D,S,C,2024-06-18,1000000.00,4.278156,102.06275
08:02:41,91282CKU4,TSRYS5814781,D,S,C,2024-06-18,1000000.00,4.278181,102.0626
08:02:41,91282CKU4,TSRYS5814781,D,S,D,2024-06-18,1000000.00,4.278197,102.0625
08:02:41,91282CKU4,TSRYS5814781,D,S,C,2024-06-18,1000000.00,4.278164,102.0627
08:02:41,91282CKU4,TSRYS5814781,D,S,D,2024-06-18,1000000.00,4.278197,102.0625
08:02:41,91282CKU4,TSRYS5814781,D,S,C,2024-06-18,1000000.00,4.278197,102.0625
08:02:41,91282CKU4,TSRYS5814781,D,S,C,2024-06-18,1000000.00,4.278197,102.0625
08:02:41,91282CKU4,TSRYS5814781,D,S,D,2024-06-18,1000000.00,4.278197,102.0625
08:02:41,91282CKU4,TSRYS5814781,D,S,C,2024-06-18,1000000.00,4.278164,102.0627
08:02:41,91282CKU4,TSRYS5814781,D,S,C,2024-06-18,1000000.00,4.278148,102.0628
08:02:41,91282CKU4,TSRYS5814781,D,S,C,2024-06-18,1000000.00,4.278197,102.0625
08:02:41,91282CKU4,TSRYS5814781,D,S,C,2024-06-18,1000000.00,4.278197,102.0625
08:02:41,91282CKU4,TSRYS5814781,D,S,D,2024-06-18,1000000.00,4.278197,102.0625
08:02:41,91282CKU4,TSRYS5814781,D,S,C,2024-06-18,1000000.00,4.278197,102.0625
08:02:41,91282CKU4,TSRYS5814781,D,S,C,2024-06-18,1000000.00,4.278181,102.0626
08:02:41,91282CKU4,TSRYS5814781,D,S,C,2024-06-18,1000000.00,4.278197,102.0625
08:02:41,91282CKU4,TSRYS5814781,D,S,C,2024-06-18,1000000.00,4.278197,102.0625
08:02:41,91282CKU4,TSRYS5814781,D,S,C,2024-06-18,1000000.00,4.278156,102.06275
08:02:41,91282CKU4,TSRYS5814781,D,S,T,2024-06-18,1000000.00,4.28079,102.046875
08:02:41,91282CKU4,TSRYS5814781,D,S,T,2024-06-18,1000000.00,4.280807,102.046775
08:02:41,91282CKU4,TSRYS5814781,D,S,C,2024-06-18,1000000.00,4.278197,102.0625
08:02:41,91282CKU4,TSRYS5814781,D,S,C,2024-06-18,1000000.00,4.278197,102.0625
08:02:41,91282CKU4,TSRYS5814781,D,S,C,2024-06-18,1000000.00,4.278197,102.0625
08:02:41,91282CKU4,TSRYS5814781,D,S,C,2024-06-18,1000000.00,4.278181,102.0626
08:02:41,91282CKU4,TSRYS5814781,D,S,D,2024-06-18,1000000.00,4.278197,102.0625
08:02:41,91282CKU4,TSRYS5814781,D,S,C,2024-06-18,1000000.00,4.278197,102.0625
08:02:41,91282CKU4,TSRYS5814781,D,S,C,2024-06-18,1000000.00,4.278156,102.06275
08:02:41,91282CKU4,TSRYS5814781,D,S,C,2024-06-18,1000000.00,4.278197,102.0625
08:02:41,91282CKU4,TSRYS5814781,D,S,D,2024-06-18,2000000.00,4.278197,102.0625
08:02:41,91282CKU4,TSRYS5814781,D,S,T,2024-06-18,2000000.00,4.280807,102.046775
08:02:41,91282CKU4,TSRYS5814781,D,S,T,2024-06-18,1000000.00,4.28079,102.046875
08:02:42,91282CKU4,TSRYS5814781,D,S,C,2024-06-18,1000000.00,4.278156,102.06275
08:02:42,91282CKU4,TSRYS5814781,D,S,C,2024-06-18,1000000.00,4.278181,102.0626
08:02:42,91282CKU4,TSRYS5814781,D,B,C,2024-06-18,1000000.00,4.278197,102.0625
08:02:42,91282CKU4,TSRYS5814781,D,S,T,2024-06-18,1000000.00,4.28079,102.046875
08:02:42,91282CKU4,TSRYS5814781,D,S,D,2024-06-18,1000000.00,4.278197,102.0625
08:02:42,91282CKU4,TSRYS5814781,D,S,D,2024-06-18,1000000.00,4.278197,102.0625
08:02:42,91282CKU4,TSRYS5814781,D,S,C,2024-06-18,1000000.00,4.278197,102.0625
08:02:42,91282CKU4,TSRYS5814781,D,S,T,2024-06-18,1000000.00,4.28079,102.046875
08:02:42,91282CKU4,TSRYS5814781,D,S,T,2024-06-18,1000000.00,4.28079,102.046875
08:02:42,91282CKU4,TSRYS5814781,D,S,T,2024-06-18,1000000.00,4.28079,102.046875
08:02:42,91282CKU4,TSRYS5814781,D,S,T,2024-06-18,1000000.00,4.279494,102.0546875
08:02:42,91282CKU4,TSRYS5814781,D,S,C,2024-06-18,1000000.00,4.274309,102.0859375
08:02:42,91282CKU4,TSRYS5814781,D,S,D,2024-06-18,1000000.00,4.274309,102.0859375
08:02:42,91282CKU4,TSRYS5814781,D,S,D,2024-06-18,1000000.00,4.279494,102.0546875
08:02:42,91282CKU4,TSRYS5814781,D,B,C,2024-06-18,1000000.00,4.27435,102.0856875
08:02:42,91282CKU4,TSRYS5814781,D,B,C,2024-06-18,1000000.00,4.274334,102.0857875
08:02:42,91282CKU4,TSRYS5814781,D,S,C,2024-06-18,1000000.00,4.274309,102.0859375
08:02:42,91282CKU4,TSRYS5814781,D,B,C,2024-06-18,1000000.00,4.274334,102.0857875
