tradeTime,cusip,issueSymbolIdentifier,priceType,reportingSideCode,contraPartyTypeCode,tradeDate,reportedTradeVolume,lastSaleYield,lastSalePrice
08:00:05,91282CLM1,TSRYS5893517,D,S,T,2024-10-11,1000000.00,3.964242,97.953125
08:00:05,91282CLM1,TSRYS5893517,D,S,T,2024-10-11,1000000.00,3.97736,97.875
08:00:05,91282CLM1,TSRYS5893517,D,S,T,2024-10-11,1000000.00,3.973423,97.8984375
08:00:07,91282CLM1,TSRYS5893517,D,S,D,2024-10-11,2000000.00,3.960309,97.9765625
08:00:08,91282CLM1,TSRYS5893517,D,B,A,2024-10-11,10928000.00,3.976047,97.8828125
08:00:10,91282CLM1,TSRYS5893517,D,S,T,2024-10-11,2000000.00,3.998373,97.75
08:00:12,91282CLM1,TSRYS5893517,D,S,T,2024-10-11,1000000.00,3.959981,97.978515625
08:00:12,91282CLM1,TSRYS5893517,D,S,T,2024-10-11,1000000.00,3.959981,97.978515625
08:00:12,91282CLM1,TSRYS5893517,D,S,T,2024-10-11,1000000.00,3.959981,97.978515625
08:00:12,91282CLM1,TSRYS5893517,D,S,T,2024-10-11,1000000.00,3.959981,97.978515625
08:00:12,91282CLM1,TSRYS5893517,D,S,T,2024-10-11,1000000.00,3.959981,97.978515625
08:00:12,91282CLM1,TSRYS5893517,D,S,T,2024-10-11,1000000.00,3.959981,97.978515625
08:00:12,91282CLM1,TSRYS5893517,D,S,D,2024-10-11,1000000.00,3.971783,97.908203125
08:00:12,91282CLM1,TSRYS5893517,D,S,A,2024-10-11,2519100.00,3.973423,97.8984375
08:00:12,91282CLM1,TSRYS5893517,D,S,T,2024-10-11,8000000.00,3.972111,97.90625
08:00:12,91282CLM1,TSRYS5893517,D,S,T,2024-10-11,6000000.00,3.972111,97.90625
08:00:12,91282CLM1,TSRYS5893517,D,S,T,2024-10-11,1000000.00,3.974079,97.89453125
08:00:12,91282CLM1,TSRYS5893517,D,S,T,2024-10-11,1000000.00,3.974079,97.89453125
08:00:12,91282CLM1,TSRYS5893517,D,S,T,2024-10-11,1000000.00,3.974079,97.89453125
08:00:12,91282CLM1,TSRYS5893517,D,S,T,2024-10-11,1000000.00,3.974079,97.89453125
08:00:12,91282CLM1,TSRYS5893517,D,S,T,2024-10-11,1000000.00,3.974079,97.89453125
08:00:12,91282CLM1,TSRYS5893517,D,S,D,2024-10-11,1000000.00,3.989176,97.8046875
08:00:12,91282CLM1,TSRYS5893517,D,S,D,2024-10-11,1000000.00,3.989176,97.8046875
08:00:12,91282CLM1,TSRYS5893517,D,S,T,2024-10-11,1000000.00,3.988848,97.806640625
08:00:12,91282CLM1,TSRYS5893517,D,S,T,2024-10-11,1000000.00,3.993774,97.77734375
08:00:12,91282CLM1,TSRYS5893517,D,S,T,2024-10-11,1000000.00,3.993774,97.77734375
08:00:12,91282CLM1,TSRYS5893517,D,S,T,2024-10-11,1000000.00,3.993774,97.77734375
08:00:12,91282CLM1,TSRYS5893517,D,S,T,2024-10-11,1000000.00,3.99673,97.759765625
08:00:12,91282CLM1,TSRYS5893517,D,S,D,2024-10-11,1000000.00,3.99673,97.759765625
08:00:14,91282CLM1,TSRYS5893517,D,S,T,2024-10-11,3000000.00,3.960309,97.9765625
08:00:16,91282CLM1,TSRYS5893517,D,B,C,2024-10-11,1000000.00,3.96162,97.96875
08:00:16,91282CLM1,TSRYS5893517,D,S,D,2024-10-11,1000000.00,3.96162,97.96875
08:00:16,91282CLM1,TSRYS5893517,D,B,C,2024-10-11,1000000.00,3.96162,97.96875
08:00:16,91282CLM1,TSRYS5893517,D,S,D,2024-10-11,1000000.00,3.96162,97.96875
08:00:16,91282CLM1,TSRYS5893517,D,B,C,2024-10-11,1000000.00,3.96162,97.96875
08:00:16,91282CLM1,TSRYS5893517,D,S,D,2024-10-11,1000000.00,3.96162,97.96875
08:00:16,91282CLM1,TSRYS5893517,D,S,D,2024-10-11,1000000.00,3.96162,97.96875
08:00:16,91282CLM1,TSRYS5893517,D,B,C,2024-10-11,1000000.00,3.96162,97.96875
08:00:16,91282CLM1,TSRYS5893517,D,S,D,2024-10-11,1000000.00,3.961292,97.970703125
08:00:16,91282CLM1,TSRYS5893517,D,S,D,2024-10-11,1000000.00,3.960637,97.974609375
08:00:16,91282CLM1,TSRYS5893517,D,S,D,2024-10-11,1000000.00,3.960637,97.974609375
08:00:17,91282CLM1,TSRYS5893517,D,S,D,2024-10-11,1000000.00,3.960309,97.9765625
08:00:17,91282CLM1,TSRYS5893517,D,S,D,2024-10-11,1000000.00,3.960309,97.9765625
08:00:17,91282CLM1,TSRYS5893517,D,S,D,2024-10-11,1000000.00,3.960964,97.97265625
08:00:17,91282CLM1,TSRYS5893517,D,S,D,2024-10-11,1000000.00,3.960637,97.974609375
08:00:17,91282CLM1,TSRYS5893517,D,S,D,2024-10-11,1000000.00,3.960309,97.9765625
08:00:17,91282CLM1,TSRYS5893517,D,S,D,2024-10-11,2000000.00,3.960309,97.9765625
08:00:17,91282CLM1,TSRYS5893517,D,S,D,2024-10-11,1000000.00,3.961292,97.970703125
08:00:17,91282CLM1,TSRYS5893517,D,S,D,2024-10-11,1000000.00,3.960964,97.97265625
08:00:17,91282CLM1,TSRYS5893517,D,S,D,2024-10-11,1000000.00,3.96162,97.96875
08:00:17,91282CLM1,TSRYS5893517,D,S,D,2024-10-11,1000000.00,3.960637,97.974609375
08:00:17,91282CLM1,TSRYS5893517,D,S,D,2024-10-11,1000000.00,3.96162,97.96875
08:00:17,91282CLM1,TSRYS5893517,D,S,D,2024-10-11,1000000.00,3.960309,97.9765625
08:00:18,91282CLM1,TSRYS5893517,D,S,D,2024-10-11,1000000.00,3.959326,97.982421875
08:00:18,91282CLM1,TSRYS5893517,D,S,D,2024-10-11,1000000.00,3.959326,97.982421875
08:00:18,91282CLM1,TSRYS5893517,D,S,D,2024-10-11,1000000.00,3.962931,97.9609375
08:00:18,91282CLM1,TSRYS5893517,D,S,D,2024-10-11,1000000.00,3.965553,97.9453125
08:00:18,91282CLM1,TSRYS5893517,D,S,T,2024-10-11,1000000.00,3.966864,97.9375
08:00:18,91282CLM1,TSRYS5893517,D,S,T,2024-10-11,1000000.00,3.968504,97.927734375
08:00:18,91282CLM1,TSRYS5893517,D,S,T,2024-10-11,2000000.00,3.968504,97.927734375
08:00:18,91282CLM1,TSRYS5893517,D,S,T,2024-10-11,1000000.00,3.968504,97.927734375
08:00:18,91282CLM1,TSRYS5893517,D,S,D,2024-10-11,1000000.00,3.971127,97.912109375
08:00:18,91282CLM1,TSRYS5893517,D,S,D,2024-10-11,1000000.00,3.970799,97.9140625
08:00:18,91282CLM1,TSRYS5893517,D,S,D,2024-10-11,1000000.00,3.965881,97.943359375
08:00:18,91282CLM1,TSRYS5893517,D,S,D,2024-10-11,1000000.00,3.965881,97.943359375
08:00:18,91282CLM1,TSRYS5893517,D,S,D,2024-10-11,1000000.00,3.963586,97.95703125
08:00:19,91282CLM1,TSRYS5893517,D,S,T,2024-10-11,2000000.00,3.96162,97.96875
08:00:19,91282CLM1,TSRYS5893517,D,S,D,2024-10-11,1000000.00,3.961292,97.970703125
08:00:19,91282CLM1,TSRYS5893517,D,S,T,2024-10-11,1000000.00,3.96162,97.96875
08:00:19,91282CLM1,TSRYS5893517,D,S,T,2024-10-11,1000000.00,3.961292,97.970703125
08:00:19,91282CLM1,TSRYS5893517,D,S,T,2024-10-11,1000000.00,3.960964,97.97265625
08:00:19,91282CLM1,TSRYS5893517,D,S,T,2024-10-11,1000000.00,3.960964,97.97265625
08:00:19,91282CLM1,TSRYS5893517,D,S,T,2024-10-11,1000000.00,3.960637,97.974609375
08:00:19,91282CLM1,TSRYS5893517,D,S,T,2024-10-11,1000000.00,3.960637,97.974609375
08:00:19,91282CLM1,TSRYS5893517,D,S,T,2024-10-11,1000000.00,3.96162,97.96875
08:00:19,91282CLM1,TSRYS5893517,D,S,D,2024-10-11,1000000.00,3.960964,97.97265625
08:00:19,91282CLM1,TSRYS5893517,D,S,D,2024-10-11,1000000.00,3.96162,97.96875
08:00:19,91282CLM1,TSRYS5893517,D,S,D,2024-10-11,1000000.00,3.960637,97.974609375
08:00:19,91282CLM1,TSRYS5893517,D,S,D,2024-10-11,1000000.00,3.960637,97.974609375
08:00:19,91282CLM1,TSRYS5893517,D,S,D,2024-10-11,1000000.00,3.961292,97.970703125
08:00:19,91282CLM1,TSRYS5893517,D,S,T,2024-10-11,1000000.00,3.961292,97.970703125
08:00:19,91282CLM1,TSRYS5893517,D,S,D,2024-10-11,1000000.00,3.960309,97.9765625
08:00:19,91282CLM1,TSRYS5893517,D,S,T,2024-10-11,1000000.00,3.960637,97.974609375
08:00:19,91282CLM1,TSRYS5893517,D,S,D,2024-10-11,1000000.00,3.965553,97.9453125
08:00:19,91282CLM1,TSRYS5893517,D,S,D,2024-10-11,1000000.00,3.965225,97.947265625
08:00:19,91282CLM1,TSRYS5893517,D,S,D,2024-10-11,1000000.00,3.962931,97.9609375
08:00:19,91282CLM1,TSRYS5893517,D,S,D,2024-10-11,1000000.00,3.972439,97.904296875
08:00:19,91282CLM1,TSRYS5893517,D,S,D,2024-10-11,1000000.00,3.972111,97.90625
08:00:19,91282CLM1,TSRYS5893517,D,S,D,2024-10-11,1000000.00,3.971783,97.908203125
08:00:19,91282CLM1,TSRYS5893517,D,S,D,2024-10-11,1000000.00,3.973751,97.896484375
08:00:19,91282CLM1,TSRYS5893517,D,S,D,2024-10-11,1000000.00,3.973751,97.896484375
08:00:19,91282CLM1,TSRYS5893517,D,S,T,2024-10-11,1000000.00,3.972111,97.90625
08:00:19,91282CLM1,TSRYS5893517,D,S,D,2024-10-11,1000000.00,3.972111,97.90625
08:00:19,91282CLM1,TSRYS5893517,D,S,D,2024-10-11,2000000.00,3.972111,97.90625
08:00:19,91282CLM1,TSRYS5893517,D,S,T,2024-10-11,2000000.00,3.978672,97.8671875
08:00:19,91282CLM1,TSRYS5893517,D,S,T,2024-10-11,1000000.00,3.978672,97.8671875
08:00:19,91282CLM1,TSRYS5893517,D,S,T,2024-10-11,1000000.00,3.978672,97.8671875
08:00:19,91282CLM1,TSRYS5893517,D,S,T,2024-10-11,2000000.00,3.978672,97.8671875
08:00:19,91282CLM1,TSRYS5893517,D,S,T,2024-10-11,1000000.00,3.978672,97.8671875
08:00:19,91282CLM1,TSRYS5893517,D,S,T,2024-10-11,1000000.00,3.977688,97.873046875
08:00:19,91282CLM1,TSRYS5893517,D,S,T,2024-10-11,1000000.00,3.977688,97.873046875
08:00:19,91282CLM1,TSRYS5893517,D,S,T,2024-10-11,1000000.00,3.977688,97.873046875
08:00:19,91282CLM1,TSRYS5893517,D,S,T,2024-10-11,1000000.00,3.977688,97.873046875
08:00:19,91282CLM1,TSRYS5893517,D,S,T,2024-10-11,1000000.00,3.977688,97.873046875
08:00:19,91282CLM1,TSRYS5893517,D,S,D,2024-10-11,2000000.00,3.97736,97.875
08:00:19,91282CLM1,TSRYS5893517,D,S,D,2024-10-11,1000000.00,3.97736,97.875
08:00:19,91282CLM1,TSRYS5893517,D,S,D,2024-10-11,2000000.00,3.97736,97.875
08:00:19,91282CLM1,TSRYS5893517,D,S,D,2024-10-11,1000000.00,3.965553,97.9453125
08:00:19,91282CLM1,TSRYS5893517,D,S,D,2024-10-11,1000000.00,3.965553,97.9453125
08:00:19,91282CLM1,TSRYS5893517,D,S,D,2024-10-11,2000000.00,3.978672,97.8671875
08:00:19,91282CLM1,TSRYS5893517,D,S,D,2024-10-11,2000000.00,3.978672,97.8671875
08:00:19,91282CLM1,TSRYS5893517,D,S,D,2024-10-11,1000000.00,3.978672,97.8671875
08:00:19,91282CLM1,TSRYS5893517,D,S,D,2024-10-11,1000000.00,3.978672,97.8671875
08:00:19,91282CLM1,TSRYS5893517,D,S,T,2024-10-11,1000000.00,3.977688,97.873046875
08:00:19,91282CLM1,TSRYS5893517,D,S,D,2024-10-11,2000000.00,3.975063,97.888671875
08:00:19,91282CLM1,TSRYS5893517,D,S,D,2024-10-11,2000000.00,3.975063,97.888671875
08:00:19,91282CLM1,TSRYS5893517,D,S,D,2024-10-11,2000000.00,3.975063,97.888671875
08:00:19,91282CLM1,TSRYS5893517,D,S,D,2024-10-11,1000000.00,3.973423,97.8984375
08:00:19,91282CLM1,TSRYS5893517,D,S,D,2024-10-11,2000000.00,3.973423,97.8984375
08:00:19,91282CLM1,TSRYS5893517,D,S,D,2024-10-11,2000000.00,3.973423,97.8984375
08:00:19,91282CLM1,TSRYS5893517,D,S,D,2024-10-11,1300000.00,3.979,97.865234375
08:00:19,91282CLM1,TSRYS5893517,D,S,D,2024-10-11,1000000.00,3.990818,97.794921875
08:00:19,91282CLM1,TSRYS5893517,D,S,D,2024-10-11,1000000.00,3.989176,97.8046875
08:00:19,91282CLM1,TSRYS5893517,D,S,D,2024-10-11,1000000.00,3.989176,97.8046875
08:00:19,91282CLM1,TSRYS5893517,D,S,D,2024-10-11,2000000.00,3.989176,97.8046875
08:00:19,91282CLM1,TSRYS5893517,D,S,D,2024-10-11,2000000.00,3.989176,97.8046875
08:00:19,91282CLM1,TSRYS5893517,D,S,D,2024-10-11,1000000.00,3.965225,97.947265625
08:00:19,91282CLM1,TSRYS5893517,D,S,D,2024-10-11,2000000.00,3.993117,97.78125
08:00:19,91282CLM1,TSRYS5893517,D,S,D,2024-10-11,2000000.00,3.99673,97.759765625
08:00:19,91282CLM1,TSRYS5893517,D,S,D,2024-10-11,2000000.00,3.99673,97.759765625
08:00:19,91282CLM1,TSRYS5893517,D,S,D,2024-10-11,1000000.00,3.99673,97.759765625
08:00:21,91282CLM1,TSRYS5893517,D,S,D,2024-10-11,1000000.00,3.966864,97.9375
08:00:22,91282CLM1,TSRYS5893517,D,S,D,2024-10-11,1000000.00,3.965881,97.943359375
08:00:22,91282CLM1,TSRYS5893517,D,S,D,2024-10-11,1000000.00,3.966209,97.94140625
08:00:22,91282CLM1,TSRYS5893517,D,S,D,2024-10-11,1000000.00,3.970143,97.91796875
08:00:22,91282CLM1,TSRYS5893517,D,S,D,2024-10-11,1000000.00,3.969815,97.919921875
08:00:22,91282CLM1,TSRYS5893517,D,S,D,2024-10-11,1000000.00,3.970471,97.916015625
08:00:22,91282CLM1,TSRYS5893517,D,S,D,2024-10-11,1000000.00,3.970471,97.916015625
08:00:22,91282CLM1,TSRYS5893517,D,S,A,2024-10-11,3000.00,3.991146,97.79296875
08:00:22,91282CLM1,TSRYS5893517,D,S,D,2024-10-11,1000000.00,3.975063,97.888671875
08:00:22,91282CLM1,TSRYS5893517,D,S,D,2024-10-11,1000000.00,3.975063,97.888671875
08:00:22,91282CLM1,TSRYS5893517,D,S,D,2024-10-11,1000000.00,3.989176,97.8046875
08:00:22,91282CLM1,TSRYS5893517,D,S,D,2024-10-11,1000000.00,3.989176,97.8046875
08:00:22,91282CLM1,TSRYS5893517,D,S,D,2024-10-11,1000000.00,3.989176,97.8046875
08:00:27,91282CLM1,TSRYS5893517,D,S,D,2024-10-11,1000000.00,3.965225,97.947265625
08:00:27,91282CLM1,TSRYS5893517,D,S,A,2024-10-11,45000000.00,3.970799,97.9140625
08:00:28,91282CLM1,TSRYS5893517,D,S,T,2024-10-11,1000000.00,3.991803,97.7890625
08:00:30,91282CLM1,TSRYS5893517,D,S,T,2024-10-11,1000000.00,3.965881,97.943359375
08:00:30,91282CLM1,TSRYS5893517,D,S,T,2024-10-11,1000000.00,3.965553,97.9453125
08:00:30,91282CLM1,TSRYS5893517,D,S,T,2024-10-11,1000000.00,3.965553,97.9453125
08:00:30,91282CLM1,TSRYS5893517,D,S,T,2024-10-11,1000000.00,3.965553,97.9453125
08:00:30,91282CLM1,TSRYS5893517,D,S,T,2024-10-11,1000000.00,3.965553,97.9453125
08:00:30,91282CLM1,TSRYS5893517,D,S,T,2024-10-11,1000000.00,3.967848,97.931640625
08:00:30,91282CLM1,TSRYS5893517,D,S,T,2024-10-11,1000000.00,3.969487,97.921875
08:00:30,91282CLM1,TSRYS5893517,D,S,T,2024-10-11,1000000.00,3.96752,97.93359375
08:00:30,91282CLM1,TSRYS5893517,D,S,T,2024-10-11,1000000.00,3.968176,97.9296875
08:00:30,91282CLM1,TSRYS5893517,D,S,T,2024-10-11,1000000.00,3.968176,97.9296875
08:00:30,91282CLM1,TSRYS5893517,D,S,T,2024-10-11,1000000.00,3.968176,97.9296875
08:00:30,91282CLM1,TSRYS5893517,D,S,T,2024-10-11,1000000.00,3.96752,97.93359375
08:00:30,91282CLM1,TSRYS5893517,D,S,T,2024-10-11,1000000.00,3.966864,97.9375
08:00:30,91282CLM1,TSRYS5893517,D,S,T,2024-10-11,1000000.00,3.967192,97.935546875
08:00:30,91282CLM1,TSRYS5893517,D,S,T,2024-10-11,1000000.00,3.964242,97.953125
08:00:30,91282CLM1,TSRYS5893517,D,S,T,2024-10-11,1000000.00,3.965553,97.9453125
08:00:30,91282CLM1,TSRYS5893517,D,S,T,2024-10-11,1000000.00,3.965553,97.9453125
08:00:30,91282CLM1,TSRYS5893517,D,S,T,2024-10-11,1000000.00,3.964242,97.953125
08:00:30,91282CLM1,TSRYS5893517,D,S,T,2024-10-11,1000000.00,3.960309,97.9765625
08:00:30,91282CLM1,TSRYS5893517,D,S,T,2024-10-11,1000000.00,3.960309,97.9765625
08:00:30,91282CLM1,TSRYS5893517,D,S,T,2024-10-11,1000000.00,3.960309,97.9765625
08:00:30,91282CLM1,TSRYS5893517,D,S,T,2024-10-11,1000000.00,3.96162,97.96875
08:00:30,91282CLM1,TSRYS5893517,D,S,T,2024-10-11,1000000.00,3.96162,97.96875
08:00:30,91282CLM1,TSRYS5893517,D,S,T,2024-10-11,1000000.00,3.960637,97.974609375
08:00:30,91282CLM1,TSRYS5893517,D,S,T,2024-10-11,1000000.00,3.960309,97.9765625
08:00:30,91282CLM1,TSRYS5893517,D,S,T,2024-10-11,1000000.00,3.960309,97.9765625
08:00:30,91282CLM1,TSRYS5893517,D,S,T,2024-10-11,1000000.00,3.960309,97.9765625
08:00:30,91282CLM1,TSRYS5893517,D,S,D,2024-10-11,1000000.00,3.96162,97.96875
08:00:30,91282CLM1,TSRYS5893517,D,S,T,2024-10-11,1000000.00,3.959326,97.982421875
08:00:30,91282CLM1,TSRYS5893517,D,S,T,2024-10-11,1000000.00,3.959326,97.982421875
08:00:30,91282CLM1,TSRYS5893517,D,S,T,2024-10-11,1000000.00,3.959326,97.982421875
08:00:30,91282CLM1,TSRYS5893517,D,S,T,2024-10-11,1000000.00,3.958998,97.984375
08:00:30,91282CLM1,TSRYS5893517,D,S,T,2024-10-11,1000000.00,3.957687,97.9921875
08:00:30,91282CLM1,TSRYS5893517,D,S,T,2024-10-11,1000000.00,3.960309,97.9765625
08:00:30,91282CLM1,TSRYS5893517,D,S,T,2024-10-11,1000000.00,3.960309,97.9765625
08:00:30,91282CLM1,TSRYS5893517,D,S,T,2024-10-11,1000000.00,3.960309,97.9765625
08:00:30,91282CLM1,TSRYS5893517,D,S,T,2024-10-11,1000000.00,3.964242,97.953125
08:00:30,91282CLM1,TSRYS5893517,D,S,T,2024-10-11,1000000.00,3.964242,97.953125
08:00:30,91282CLM1,TSRYS5893517,D,S,T,2024-10-11,1000000.00,3.964242,97.953125
08:00:30,91282CLM1,TSRYS5893517,D,S,T,2024-10-11,1000000.00,3.964242,97.953125
08:00:30,91282CLM1,TSRYS5893517,D,S,T,2024-10-11,1000000.00,3.962931,97.9609375
08:00:30,91282CLM1,TSRYS5893517,D,S,T,2024-10-11,1000000.00,3.965553,97.9453125
08:00:30,91282CLM1,TSRYS5893517,D,S,T,2024-10-11,1000000.00,3.96162,97.96875
08:00:30,91282CLM1,TSRYS5893517,D,S,T,2024-10-11,1000000.00,3.962931,97.9609375
08:00:30,91282CLM1,TSRYS5893517,D,S,T,2024-10-11,1000000.00,3.96162,97.96875
08:00:30,91282CLM1,TSRYS5893517,D,S,T,2024-10-11,1000000.00,3.96162,97.96875
08:00:30,91282CLM1,TSRYS5893517,D,S,T,2024-10-11,1000000.00,3.96162,97.96875
08:00:30,91282CLM1,TSRYS5893517,D,S,T,2024-10-11,1000000.00,3.962931,97.9609375
08:00:30,91282CLM1,TSRYS5893517,D,S,T,2024-10-11,1000000.00,3.966864,97.9375
08:00:30,91282CLM1,TSRYS5893517,D,S,T,2024-10-11,1000000.00,3.966864,97.9375
08:00:30,91282CLM1,TSRYS5893517,D,S,T,2024-10-11,1000000.00,3.966864,97.9375
08:00:30,91282CLM1,TSRYS5893517,D,S,T,2024-10-11,1000000.00,3.967848,97.931640625
08:00:30,91282CLM1,TSRYS5893517,D,S,T,2024-10-11,1000000.00,3.968176,97.9296875
08:00:30,91282CLM1,TSRYS5893517,D,S,T,2024-10-11,1000000.00,3.966864,97.9375
08:00:30,91282CLM1,TSRYS5893517,D,S,T,2024-10-11,1000000.00,3.968176,97.9296875
08:00:30,91282CLM1,TSRYS5893517,D,S,T,2024-10-11,1000000.00,3.96752,97.93359375
08:00:30,91282CLM1,TSRYS5893517,D,S,T,2024-10-11,1000000.00,3.966864,97.9375
08:00:30,91282CLM1,TSRYS5893517,D,S,T,2024-10-11,1000000.00,3.966864,97.9375
08:00:30,91282CLM1,TSRYS5893517,D,S,T,2024-10-11,1000000.00,3.966864,97.9375
08:00:30,91282CLM1,TSRYS5893517,D,S,T,2024-10-11,1000000.00,3.966864,97.9375
08:00:30,91282CLM1,TSRYS5893517,D,S,T,2024-10-11,1000000.00,3.965553,97.9453125
08:00:30,91282CLM1,TSRYS5893517,D,S,T,2024-10-11,1000000.00,3.965553,97.9453125
08:00:30,91282CLM1,TSRYS5893517,D,S,T,2024-10-11,1000000.00,3.966864,97.9375
08:00:30,91282CLM1,TSRYS5893517,D,S,T,2024-10-11,1000000.00,3.966864,97.9375
08:00:30,91282CLM1,TSRYS5893517,D,S,T,2024-10-11,1000000.00,3.966864,97.9375
08:00:30,91282CLM1,TSRYS5893517,D,S,T,2024-10-11,1000000.00,3.966864,97.9375
08:00:30,91282CLM1,TSRYS5893517,D,S,T,2024-10-11,1000000.00,3.966864,97.9375
08:00:30,91282CLM1,TSRYS5893517,D,S,T,2024-10-11,1000000.00,3.966864,97.9375
08:00:30,91282CLM1,TSRYS5893517,D,S,T,2024-10-11,2000000.00,3.966864,97.9375
08:00:30,91282CLM1,TSRYS5893517,D,S,T,2024-10-11,2000000.00,3.966864,97.9375
08:00:30,91282CLM1,TSRYS5893517,D,S,T,2024-10-11,1000000.00,3.966864,97.9375
08:00:30,91282CLM1,TSRYS5893517,D,S,T,2024-10-11,1000000.00,3.966864,97.9375
08:00:30,91282CLM1,TSRYS5893517,D,S,T,2024-10-11,1000000.00,3.966864,97.9375
08:00:30,91282CLM1,TSRYS5893517,D,S,T,2024-10-11,1000000.00,3.966864,97.9375
08:00:30,91282CLM1,TSRYS5893517,D,S,T,2024-10-11,1000000.00,3.966864,97.9375
08:00:30,91282CLM1,TSRYS5893517,D,S,T,2024-10-11,1000000.00,3.968176,97.9296875
08:00:30,91282CLM1,TSRYS5893517,D,S,T,2024-10-11,1000000.00,3.968176,97.9296875
08:00:30,91282CLM1,TSRYS5893517,D,S,T,2024-10-11,1000000.00,3.969487,97.921875
08:00:30,91282CLM1,TSRYS5893517,D,S,T,2024-10-11,1000000.00,3.970799,97.9140625
08:00:30,91282CLM1,TSRYS5893517,D,S,T,2024-10-11,1000000.00,3.974735,97.890625
08:00:30,91282CLM1,TSRYS5893517,D,S,T,2024-10-11,1000000.00,3.972111,97.90625
08:00:30,91282CLM1,TSRYS5893517,D,S,T,2024-10-11,1000000.00,3.974735,97.890625
08:00:30,91282CLM1,TSRYS5893517,D,S,T,2024-10-11,1000000.00,3.972111,97.90625
08:00:30,91282CLM1,TSRYS5893517,D,S,T,2024-10-11,1000000.00,3.972111,97.90625
08:00:30,91282CLM1,TSRYS5893517,D,S,T,2024-10-11,1000000.00,3.972111,97.90625
08:00:30,91282CLM1,TSRYS5893517,D,S,T,2024-10-11,1000000.00,3.968176,97.9296875
08:00:30,91282CLM1,TSRYS5893517,D,S,T,2024-10-11,1000000.00,3.968176,97.9296875
08:00:30,91282CLM1,TSRYS5893517,D,S,T,2024-10-11,1000000.00,3.968176,97.9296875
08:00:30,91282CLM1,TSRYS5893517,D,S,T,2024-10-11,1000000.00,3.965553,97.9453125
08:00:30,91282CLM1,TSRYS5893517,D,S,T,2024-10-11,1000000.00,3.962931,97.9609375
08:00:30,91282CLM1,TSRYS5893517,D,S,T,2024-10-11,1000000.00,3.962931,97.9609375
08:00:30,91282CLM1,TSRYS5893517,D,S,D,2024-10-11,1000000.00,3.978016,97.87109375
08:00:30,91282CLM1,TSRYS5893517,D,S,D,2024-10-11,1000000.00,3.977688,97.873046875
08:00:30,91282CLM1,TSRYS5893517,D,S,D,2024-10-11,1000000.00,3.977688,97.873046875
08:00:30,91282CLM1,TSRYS5893517,D,S,D,2024-10-11,1000000.00,3.978672,97.8671875
08:00:30,91282CLM1,TSRYS5893517,D,S,D,2024-10-11,1000000.00,3.978672,97.8671875
08:00:30,91282CLM1,TSRYS5893517,D,S,D,2024-10-11,1000000.00,3.978672,97.8671875
08:00:30,91282CLM1,TSRYS5893517,D,S,D,2024-10-11,1000000.00,3.978672,97.8671875
08:00:31,91282CLM1,TSRYS5893517,D,S,T,2024-10-11,1000000.00,3.968176,97.9296875
08:00:31,91282CLM1,TSRYS5893517,D,S,T,2024-10-11,1000000.00,3.972111,97.90625
08:00:31,91282CLM1,TSRYS5893517,D,S,T,2024-10-11,1000000.00,3.973423,97.8984375
08:00:31,91282CLM1,TSRYS5893517,D,S,T,2024-10-11,1000000.00,3.973423,97.8984375
08:00:31,91282CLM1,TSRYS5893517,D,S,T,2024-10-11,1000000.00,3.973423,97.8984375
08:00:31,91282CLM1,TSRYS5893517,D,S,T,2024-10-11,1000000.00,3.973423,97.8984375
08:00:31,91282CLM1,TSRYS5893517,D,S,T,2024-10-11,2000000.00,3.965553,97.9453125
08:00:31,91282CLM1,TSRYS5893517,D,S,T,2024-10-11,1000000.00,3.966864,97.9375
08:00:31,91282CLM1,TSRYS5893517,D,S,T,2024-10-11,1000000.00,3.968176,97.9296875
08:00:31,91282CLM1,TSRYS5893517,D,S,T,2024-10-11,1000000.00,3.968176,97.9296875
08:00:31,91282CLM1,TSRYS5893517,D,S,T,2024-10-11,1000000.00,3.968176,97.9296875
08:00:31,91282CLM1,TSRYS5893517,D,S,T,2024-10-11,1000000.00,3.973423,97.8984375
08:00:31,91282CLM1,TSRYS5893517,D,S,T,2024-10-11,1000000.00,3.973423,97.8984375
08:00:31,91282CLM1,TSRYS5893517,D,S,T,2024-10-11,1000000.00,3.969487,97.921875
08:00:31,91282CLM1,TSRYS5893517,D,S,T,2024-10-11,1000000.00,3.972111,97.90625
08:00:31,91282CLM1,TSRYS5893517,D,S,T,2024-10-11,1000000.00,3.972111,97.90625
08:00:31,91282CLM1,TSRYS5893517,D,S,T,2024-10-11,1000000.00,3.973423,97.8984375
08:00:31,91282CLM1,TSRYS5893517,D,S,T,2024-10-11,1000000.00,3.972111,97.90625
08:00:31,91282CLM1,TSRYS5893517,D,S,T,2024-10-11,1000000.00,3.972111,97.90625
08:00:31,91282CLM1,TSRYS5893517,D,S,T,2024-10-11,2000000.00,3.972111,97.90625
08:00:31,91282CLM1,TSRYS5893517,D,S,T,2024-10-11,1000000.00,3.972111,97.90625
08:00:31,91282CLM1,TSRYS5893517,D,S,T,2024-10-11,1000000.00,3.972111,97.90625
08:00:31,91282CLM1,TSRYS5893517,D,S,T,2024-10-11,9000000.00,3.972111,97.90625
08:00:31,91282CLM1,TSRYS5893517,D,S,T,2024-10-11,2000000.00,3.972111,97.90625
08:00:31,91282CLM1,TSRYS5893517,D,S,T,2024-10-11,1000000.00,3.961292,97.970703125
08:00:31,91282CLM1,TSRYS5893517,D,S,T,2024-10-11,1000000.00,3.960309,97.9765625
08:00:31,91282CLM1,TSRYS5893517,D,S,D,2024-10-11,1000000.00,3.962931,97.9609375
08:00:31,91282CLM1,TSRYS5893517,D,S,D,2024-10-11,1000000.00,3.966864,97.9375
08:00:31,91282CLM1,TSRYS5893517,D,S,T,2024-10-11,2000000.00,3.96916,97.923828125
08:00:31,91282CLM1,TSRYS5893517,D,S,T,2024-10-11,1000000.00,3.96916,97.923828125
08:00:31,91282CLM1,TSRYS5893517,D,S,D,2024-10-11,1000000.00,3.972111,97.90625
08:00:31,91282CLM1,TSRYS5893517,D,S,D,2024-10-11,1000000.00,3.966864,97.9375
08:00:31,91282CLM1,TSRYS5893517,D,S,D,2024-10-11,1000000.00,3.97736,97.875
08:00:31,91282CLM1,TSRYS5893517,D,S,T,2024-10-11,1000000.00,3.977688,97.873046875
08:00:31,91282CLM1,TSRYS5893517,D,S,T,2024-10-11,1000000.00,3.974735,97.890625
08:00:31,91282CLM1,TSRYS5893517,D,S,T,2024-10-11,2000000.00,3.973423,97.8984375
08:00:31,91282CLM1,TSRYS5893517,D,S,T,2024-10-11,1000000.00,3.972111,97.90625
08:00:31,91282CLM1,TSRYS5893517,D,S,T,2024-10-11,1000000.00,3.973423,97.8984375
08:00:31,91282CLM1,TSRYS5893517,D,S,T,2024-10-11,1000000.00,3.972111,97.90625
08:00:31,91282CLM1,TSRYS5893517,D,S,T,2024-10-11,1000000.00,3.972111,97.90625
08:00:31,91282CLM1,TSRYS5893517,D,S,T,2024-10-11,1000000.00,3.974735,97.890625
08:00:31,91282CLM1,TSRYS5893517,D,S,T,2024-10-11,1000000.00,3.997059,97.7578125
08:00:31,91282CLM1,TSRYS5893517,D,S,T,2024-10-11,1000000.00,3.99673,97.759765625
08:00:31,91282CLM1,TSRYS5893517,D,S,T,2024-10-11,1000000.00,3.99673,97.759765625
08:00:31,91282CLM1,TSRYS5893517,D,S,T,2024-10-11,1000000.00,3.978672,97.8671875
08:00:31,91282CLM1,TSRYS5893517,D,S,T,2024-10-11,1000000.00,3.978672,97.8671875
08:00:31,91282CLM1,TSRYS5893517,D,S,T,2024-10-11,1000000.00,3.978672,97.8671875
08:00:31,91282CLM1,TSRYS5893517,D,S,D,2024-10-11,1000000.00,3.978672,97.8671875
08:00:31,91282CLM1,TSRYS5893517,D,S,T,2024-10-11,1000000.00,3.97736,97.875
08:00:31,91282CLM1,TSRYS5893517,D,S,T,2024-10-11,1000000.00,3.97736,97.875
08:00:31,91282CLM1,TSRYS5893517,D,S,T,2024-10-11,1000000.00,3.978672,97.8671875
08:00:31,91282CLM1,TSRYS5893517,D,S,T,2024-10-11,1000000.00,3.978672,97.8671875
08:00:31,91282CLM1,TSRYS5893517,D,S,T,2024-10-11,1000000.00,3.978672,97.8671875
08:00:31,91282CLM1,TSRYS5893517,D,S,T,2024-10-11,1000000.00,3.978672,97.8671875
08:00:31,91282CLM1,TSRYS5893517,D,S,T,2024-10-11,1000000.00,3.977688,97.873046875
08:00:31,91282CLM1,TSRYS5893517,D,S,T,2024-10-11,1000000.00,3.976047,97.8828125
08:00:31,91282CLM1,TSRYS5893517,D,S,T,2024-10-11,1000000.00,3.976047,97.8828125
08:00:31,91282CLM1,TSRYS5893517,D,S,T,2024-10-11,1000000.00,3.974735,97.890625
08:00:31,91282CLM1,TSRYS5893517,D,S,T,2024-10-11,1000000.00,3.975063,97.888671875
08:00:31,91282CLM1,TSRYS5893517,D,S,T,2024-10-11,1000000.00,3.974735,97.890625
08:00:31,91282CLM1,TSRYS5893517,D,S,T,2024-10-11,1000000.00,3.974735,97.890625
08:00:31,91282CLM1,TSRYS5893517,D,S,T,2024-10-11,1000000.00,3.974735,97.890625
08:00:31,91282CLM1,TSRYS5893517,D,S,T,2024-10-11,1000000.00,3.974735,97.890625
08:00:31,91282CLM1,TSRYS5893517,D,S,T,2024-10-11,1000000.00,3.974735,97.890625
08:00:31,91282CLM1,TSRYS5893517,D,S,T,2024-10-11,1000000.00,3.974735,97.890625
08:00:31,91282CLM1,TSRYS5893517,D,S,T,2024-10-11,1000000.00,3.973423,97.8984375
08:00:31,91282CLM1,TSRYS5893517,D,S,T,2024-10-11,1000000.00,3.973423,97.8984375
08:00:31,91282CLM1,TSRYS5893517,D,S,T,2024-10-11,1000000.00,3.973423,97.8984375
08:00:31,91282CLM1,TSRYS5893517,D,S,T,2024-10-11,1000000.00,3.973423,97.8984375
08:00:31,91282CLM1,TSRYS5893517,D,S,T,2024-10-11,1000000.00,3.973423,97.8984375
08:00:31,91282CLM1,TSRYS5893517,D,S,T,2024-10-11,1000000.00,3.974079,97.89453125
08:00:31,91282CLM1,TSRYS5893517,D,S,T,2024-10-11,1000000.00,3.974079,97.89453125
08:00:31,91282CLM1,TSRYS5893517,D,S,T,2024-10-11,1000000.00,3.974079,97.89453125
08:00:31,91282CLM1,TSRYS5893517,D,S,T,2024-10-11,1000000.00,3.974079,97.89453125
08:00:31,91282CLM1,TSRYS5893517,D,S,T,2024-10-11,1000000.00,3.974079,97.89453125
08:00:31,91282CLM1,TSRYS5893517,D,S,T,2024-10-11,1000000.00,3.974079,97.89453125
08:00:31,91282CLM1,TSRYS5893517,D,S,T,2024-10-11,1000000.00,3.974735,97.890625
08:00:31,91282CLM1,TSRYS5893517,D,S,T,2024-10-11,1000000.00,3.973095,97.900390625
08:00:31,91282CLM1,TSRYS5893517,D,S,T,2024-10-11,1000000.00,3.972767,97.90234375
08:00:31,91282CLM1,TSRYS5893517,D,S,T,2024-10-11,1000000.00,3.973423,97.8984375
08:00:31,91282CLM1,TSRYS5893517,D,S,T,2024-10-11,1000000.00,3.973423,97.8984375
08:00:31,91282CLM1,TSRYS5893517,D,S,T,2024-10-11,1000000.00,3.972111,97.90625
08:00:31,91282CLM1,TSRYS5893517,D,S,T,2024-10-11,1000000.00,3.972111,97.90625
08:00:31,91282CLM1,TSRYS5893517,D,S,T,2024-10-11,1000000.00,3.974735,97.890625
08:00:31,91282CLM1,TSRYS5893517,D,S,T,2024-10-11,1000000.00,3.976047,97.8828125
08:00:31,91282CLM1,TSRYS5893517,D,S,T,2024-10-11,1000000.00,3.976047,97.8828125
08:00:31,91282CLM1,TSRYS5893517,D,S,T,2024-10-11,1000000.00,3.98261,97.84375
08:00:31,91282CLM1,TSRYS5893517,D,S,T,2024-10-11,1000000.00,3.983923,97.8359375
08:00:31,91282CLM1,TSRYS5893517,D,S,T,2024-10-11,1000000.00,3.983595,97.837890625
08:00:31,91282CLM1,TSRYS5893517,D,S,T,2024-10-11,1000000.00,3.986549,97.8203125
08:00:31,91282CLM1,TSRYS5893517,D,S,T,2024-10-11,1000000.00,3.986549,97.8203125
08:00:31,91282CLM1,TSRYS5893517,D,S,T,2024-10-11,1000000.00,3.987862,97.8125
08:00:31,91282CLM1,TSRYS5893517,D,S,T,2024-10-11,1000000.00,3.987862,97.8125
08:00:31,91282CLM1,TSRYS5893517,D,S,T,2024-10-11,1000000.00,3.987534,97.814453125
08:00:31,91282CLM1,TSRYS5893517,D,S,T,2024-10-11,1000000.00,3.987862,97.8125
08:00:31,91282CLM1,TSRYS5893517,D,S,D,2024-10-11,2000000.00,3.975063,97.888671875
08:00:31,91282CLM1,TSRYS5893517,D,S,D,2024-10-11,1000000.00,3.973423,97.8984375
08:00:31,91282CLM1,TSRYS5893517,D,S,D,2024-10-11,1000000.00,3.973423,97.8984375
08:00:32,91282CLM1,TSRYS5893517,D,S,T,2024-10-11,1000000.00,3.989176,97.8046875
08:00:32,91282CLM1,TSRYS5893517,D,S,T,2024-10-11,1000000.00,3.989176,97.8046875
08:00:32,91282CLM1,TSRYS5893517,D,S,T,2024-10-11,1000000.00,3.991803,97.7890625
08:00:32,91282CLM1,TSRYS5893517,D,S,T,2024-10-11,1000000.00,3.990489,97.796875
08:00:32,91282CLM1,TSRYS5893517,D,S,T,2024-10-11,1000000.00,3.989176,97.8046875
08:00:32,91282CLM1,TSRYS5893517,D,S,T,2024-10-11,1000000.00,3.989504,97.802734375
08:00:32,91282CLM1,TSRYS5893517,D,S,T,2024-10-11,1000000.00,3.990489,97.796875
08:00:32,91282CLM1,TSRYS5893517,D,S,T,2024-10-11,2000000.00,3.991803,97.7890625
08:00:32,91282CLM1,TSRYS5893517,D,S,T,2024-10-11,1000000.00,3.993117,97.78125
08:00:32,91282CLM1,TSRYS5893517,D,S,T,2024-10-11,2000000.00,3.993117,97.78125
08:00:32,91282CLM1,TSRYS5893517,D,S,T,2024-10-11,1000000.00,3.993117,97.78125
08:00:32,91282CLM1,TSRYS5893517,D,S,T,2024-10-11,1000000.00,3.990489,97.796875
08:00:32,91282CLM1,TSRYS5893517,D,S,T,2024-10-11,1000000.00,3.993117,97.78125
08:00:32,91282CLM1,TSRYS5893517,D,S,T,2024-10-11,1000000.00,3.993774,97.77734375
08:00:32,91282CLM1,TSRYS5893517,D,S,T,2024-10-11,1000000.00,3.997059,97.7578125
08:00:32,91282CLM1,TSRYS5893517,D,S,T,2024-10-11,1000000.00,3.998373,97.75
08:00:32,91282CLM1,TSRYS5893517,D,S,T,2024-10-11,1000000.00,3.998373,97.75
08:00:32,91282CLM1,TSRYS5893517,D,S,T,2024-10-11,1000000.00,3.998373,97.75
08:00:32,91282CLM1,TSRYS5893517,D,S,T,2024-10-11,1000000.00,3.998373,97.75
08:00:32,91282CLM1,TSRYS5893517,D,S,T,2024-10-11,1000000.00,3.998373,97.75
08:00:32,91282CLM1,TSRYS5893517,D,S,T,2024-10-11,1000000.00,3.997059,97.7578125
08:00:32,91282CLM1,TSRYS5893517,D,S,T,2024-10-11,1000000.00,3.995745,97.765625
08:00:32,91282CLM1,TSRYS5893517,D,S,T,2024-10-11,1000000.00,3.995088,97.76953125
08:00:32,91282CLM1,TSRYS5893517,D,S,T,2024-10-11,1000000.00,3.995088,97.76953125
08:00:32,91282CLM1,TSRYS5893517,D,S,T,2024-10-11,1000000.00,3.993117,97.78125
08:00:32,91282CLM1,TSRYS5893517,D,S,D,2024-10-11,1000000.00,3.996073,97.763671875
08:00:32,91282CLM1,TSRYS5893517,D,S,T,2024-10-11,1000000.00,3.995745,97.765625
08:00:32,91282CLM1,TSRYS5893517,D,S,T,2024-10-11,1000000.00,3.995745,97.765625
08:00:32,91282CLM1,TSRYS5893517,D,S,T,2024-10-11,1000000.00,3.997059,97.7578125
08:00:32,91282CLM1,TSRYS5893517,D,S,T,2024-10-11,1000000.00,3.997059,97.7578125
08:00:32,91282CLM1,TSRYS5893517,D,S,T,2024-10-11,2000000.00,3.996073,97.763671875
08:00:32,91282CLM1,TSRYS5893517,D,S,T,2024-10-11,1000000.00,3.995088,97.76953125
08:00:32,91282CLM1,TSRYS5893517,D,S,T,2024-10-11,1000000.00,3.994431,97.7734375
08:00:32,91282CLM1,TSRYS5893517,D,S,T,2024-10-11,1000000.00,3.995745,97.765625
08:00:32,91282CLM1,TSRYS5893517,D,S,T,2024-10-11,1000000.00,3.995745,97.765625
08:00:32,91282CLM1,TSRYS5893517,D,S,T,2024-10-11,1000000.00,3.998373,97.75
08:00:32,91282CLM1,TSRYS5893517,D,S,T,2024-10-11,1000000.00,3.998373,97.75
08:00:32,91282CLM1,TSRYS5893517,D,S,T,2024-10-11,1000000.00,3.998373,97.75
08:00:32,91282CLM1,TSRYS5893517,D,S,T,2024-10-11,1000000.00,3.998373,97.75
08:00:32,91282CLM1,TSRYS5893517,D,S,T,2024-10-11,1000000.00,3.998373,97.75
08:00:32,91282CLM1,TSRYS5893517,D,S,T,2024-10-11,1000000.00,3.995745,97.765625
08:00:32,91282CLM1,TSRYS5893517,D,S,D,2024-10-11,1000000.00,3.961947,97.966796875
08:00:32,91282CLM1,TSRYS5893517,D,S,D,2024-10-11,1000000.00,3.960637,97.974609375
08:00:32,91282CLM1,TSRYS5893517,D,S,D,2024-10-11,1000000.00,3.960309,97.9765625
08:00:32,91282CLM1,TSRYS5893517,D,S,D,2024-10-11,1000000.00,3.959326,97.982421875
08:00:32,91282CLM1,TSRYS5893517,D,S,D,2024-10-11,1000000.00,3.964897,97.94921875
08:00:32,91282CLM1,TSRYS5893517,D,S,D,2024-10-11,1000000.00,3.964897,97.94921875
08:00:32,91282CLM1,TSRYS5893517,D,S,D,2024-10-11,1000000.00,3.964897,97.94921875
08:00:32,91282CLM1,TSRYS5893517,D,S,D,2024-10-11,1000000.00,3.964897,97.94921875
08:00:32,91282CLM1,TSRYS5893517,D,S,D,2024-10-11,1000000.00,3.965553,97.9453125
08:00:32,91282CLM1,TSRYS5893517,D,S,D,2024-10-11,1000000.00,3.972111,97.90625
08:00:32,91282CLM1,TSRYS5893517,D,S,D,2024-10-11,1000000.00,3.971783,97.908203125
08:00:32,91282CLM1,TSRYS5893517,D,S,D,2024-10-11,1000000.00,3.972111,97.90625
08:00:32,91282CLM1,TSRYS5893517,D,S,D,2024-10-11,1000000.00,3.972111,97.90625
08:00:32,91282CLM1,TSRYS5893517,D,S,D,2024-10-11,1000000.00,3.973095,97.900390625
08:00:32,91282CLM1,TSRYS5893517,D,S,D,2024-10-11,1000000.00,3.973095,97.900390625
08:00:32,91282CLM1,TSRYS5893517,D,S,D,2024-10-11,1000000.00,3.973095,97.900390625
08:00:32,91282CLM1,TSRYS5893517,D,S,D,2024-10-11,1000000.00,3.972111,97.90625
08:00:32,91282CLM1,TSRYS5893517,D,S,D,2024-10-11,1000000.00,3.972111,97.90625
08:00:32,91282CLM1,TSRYS5893517,D,S,D,2024-10-11,1000000.00,3.977688,97.873046875
08:00:32,91282CLM1,TSRYS5893517,D,S,D,2024-10-11,1000000.00,3.977688,97.873046875
08:00:32,91282CLM1,TSRYS5893517,D,S,D,2024-10-11,1000000.00,3.978672,97.8671875
08:00:32,91282CLM1,TSRYS5893517,D,S,D,2024-10-11,1000000.00,3.974735,97.890625
08:00:32,91282CLM1,TSRYS5893517,D,S,D,2024-10-11,1000000.00,3.974079,97.89453125
08:00:32,91282CLM1,TSRYS5893517,D,S,D,2024-10-11,1000000.00,3.99246,97.78515625
08:00:32,91282CLM1,TSRYS5893517,D,S,D,2024-10-11,1000000.00,3.990489,97.796875
08:00:32,91282CLM1,TSRYS5893517,D,S,D,2024-10-11,1000000.00,3.990161,97.798828125
08:00:32,91282CLM1,TSRYS5893517,D,S,D,2024-10-11,1000000.00,3.990818,97.794921875
08:00:32,91282CLM1,TSRYS5893517,D,S,D,2024-10-11,1000000.00,3.998045,97.751953125
08:00:32,91282CLM1,TSRYS5893517,D,S,D,2024-10-11,1000000.00,3.959981,97.978515625
08:00:32,91282CLM1,TSRYS5893517,D,S,D,2024-10-11,1000000.00,3.973423,97.8984375
08:00:32,91282CLM1,TSRYS5893517,D,S,D,2024-10-11,1000000.00,3.973095,97.900390625
08:00:32,91282CLM1,TSRYS5893517,D,S,D,2024-10-11,1000000.00,3.989833,97.80078125
08:00:32,91282CLM1,TSRYS5893517,D,S,D,2024-10-11,1000000.00,3.990489,97.796875
08:00:32,91282CLM1,TSRYS5893517,D,S,D,2024-10-11,1000000.00,3.990161,97.798828125
08:00:32,91282CLM1,TSRYS5893517,D,S,D,2024-10-11,2000000.00,3.990161,97.798828125
08:00:32,91282CLM1,TSRYS5893517,D,S,D,2024-10-11,1000000.00,3.990161,97.798828125
08:00:32,91282CLM1,TSRYS5893517,D,S,D,2024-10-11,1000000.00,3.990161,97.798828125
08:00:32,91282CLM1,TSRYS5893517,D,S,D,2024-10-11,1000000.00,3.974079,97.89453125
08:00:32,91282CLM1,TSRYS5893517,D,S,T,2024-10-11,1000000.00,3.962275,97.96484375
08:00:32,91282CLM1,TSRYS5893517,D,S,T,2024-10-11,1000000.00,3.962275,97.96484375
08:00:32,91282CLM1,TSRYS5893517,D,S,T,2024-10-11,1000000.00,3.96162,97.96875
08:00:32,91282CLM1,TSRYS5893517,D,S,T,2024-10-11,1000000.00,3.96162,97.96875
08:00:32,91282CLM1,TSRYS5893517,D,S,T,2024-10-11,1000000.00,3.961292,97.970703125
08:00:32,91282CLM1,TSRYS5893517,D,S,T,2024-10-11,1000000.00,3.961292,97.970703125
08:00:32,91282CLM1,TSRYS5893517,D,S,T,2024-10-11,1000000.00,3.960964,97.97265625
08:00:32,91282CLM1,TSRYS5893517,D,S,T,2024-10-11,1000000.00,3.960964,97.97265625
08:00:32,91282CLM1,TSRYS5893517,D,S,T,2024-10-11,1000000.00,3.960637,97.974609375
08:00:32,91282CLM1,TSRYS5893517,D,S,T,2024-10-11,1000000.00,3.960637,97.974609375
08:00:32,91282CLM1,TSRYS5893517,D,S,T,2024-10-11,1000000.00,3.960309,97.9765625
08:00:32,91282CLM1,TSRYS5893517,D,S,T,2024-10-11,1000000.00,3.95867,97.986328125
08:00:32,91282CLM1,TSRYS5893517,D,S,T,2024-10-11,1000000.00,3.96457,97.951171875
08:00:32,91282CLM1,TSRYS5893517,D,S,T,2024-10-11,1000000.00,3.968176,97.9296875
08:00:32,91282CLM1,TSRYS5893517,D,S,T,2024-10-11,1000000.00,3.968176,97.9296875
08:00:32,91282CLM1,TSRYS5893517,D,S,T,2024-10-11,1000000.00,3.968176,97.9296875
08:00:32,91282CLM1,TSRYS5893517,D,S,T,2024-10-11,1000000.00,3.968176,97.9296875
08:00:32,91282CLM1,TSRYS5893517,D,S,T,2024-10-11,1000000.00,3.968176,97.9296875
08:00:32,91282CLM1,TSRYS5893517,D,S,T,2024-10-11,1000000.00,3.974407,97.892578125
08:00:33,91282CLM1,TSRYS5893517,D,S,T,2024-10-11,1000000.00,3.978016,97.87109375
08:00:33,91282CLM1,TSRYS5893517,D,S,T,2024-10-11,1000000.00,3.978016,97.87109375
08:00:33,91282CLM1,TSRYS5893517,D,S,T,2024-10-11,1000000.00,3.978344,97.869140625
08:00:33,91282CLM1,TSRYS5893517,D,S,T,2024-10-11,1000000.00,3.978672,97.8671875
08:00:33,91282CLM1,TSRYS5893517,D,S,T,2024-10-11,1000000.00,3.978672,97.8671875
08:00:33,91282CLM1,TSRYS5893517,D,S,T,2024-10-11,1000000.00,3.978344,97.869140625
08:00:33,91282CLM1,TSRYS5893517,D,S,T,2024-10-11,1000000.00,3.978016,97.87109375
08:00:33,91282CLM1,TSRYS5893517,D,S,T,2024-10-11,1000000.00,3.977688,97.873046875
08:00:33,91282CLM1,TSRYS5893517,D,S,T,2024-10-11,1000000.00,3.977688,97.873046875
08:00:33,91282CLM1,TSRYS5893517,D,S,T,2024-10-11,2000000.00,3.977688,97.873046875
08:00:33,91282CLM1,TSRYS5893517,D,S,T,2024-10-11,1000000.00,3.976703,97.87890625
08:00:33,91282CLM1,TSRYS5893517,D,S,T,2024-10-11,1000000.00,3.977688,97.873046875
08:00:33,91282CLM1,TSRYS5893517,D,S,T,2024-10-11,2000000.00,3.977688,97.873046875
08:00:33,91282CLM1,TSRYS5893517,D,S,T,2024-10-11,1000000.00,3.977688,97.873046875
08:00:33,91282CLM1,TSRYS5893517,D,S,T,2024-10-11,1000000.00,3.978672,97.8671875
08:00:33,91282CLM1,TSRYS5893517,D,S,T,2024-10-11,1000000.00,3.978672,97.8671875
08:00:33,91282CLM1,TSRYS5893517,D,S,T,2024-10-11,1000000.00,3.976703,97.87890625
08:00:33,91282CLM1,TSRYS5893517,D,S,T,2024-10-11,1000000.00,3.976703,97.87890625
08:00:33,91282CLM1,TSRYS5893517,D,S,T,2024-10-11,1000000.00,3.976703,97.87890625
08:00:33,91282CLM1,TSRYS5893517,D,S,T,2024-10-11,1000000.00,3.977688,97.873046875
08:00:33,91282CLM1,TSRYS5893517,D,S,T,2024-10-11,1000000.00,3.973095,97.900390625
08:00:33,91282CLM1,TSRYS5893517,D,S,T,2024-10-11,1000000.00,3.973095,97.900390625
08:00:33,91282CLM1,TSRYS5893517,D,S,T,2024-10-11,1000000.00,3.990489,97.796875
08:00:33,91282CLM1,TSRYS5893517,D,S,T,2024-10-11,1000000.00,3.990489,97.796875
08:00:33,91282CLM1,TSRYS5893517,D,S,T,2024-10-11,1000000.00,3.990489,97.796875
08:00:33,91282CLM1,TSRYS5893517,D,S,T,2024-10-11,1000000.00,3.990161,97.798828125
08:00:33,91282CLM1,TSRYS5893517,D,S,T,2024-10-11,1000000.00,3.990161,97.798828125
08:00:33,91282CLM1,TSRYS5893517,D,S,T,2024-10-11,1000000.00,3.990161,97.798828125
08:00:33,91282CLM1,TSRYS5893517,D,S,T,2024-10-11,1000000.00,3.996402,97.76171875
08:00:33,91282CLM1,TSRYS5893517,D,S,T,2024-10-11,1000000.00,3.998045,97.751953125
08:00:33,91282CLM1,TSRYS5893517,D,S,T,2024-10-11,1000000.00,3.997059,97.7578125
08:00:33,91282CLM1,TSRYS5893517,D,S,T,2024-10-11,1000000.00,3.997059,97.7578125
08:00:33,91282CLM1,TSRYS5893517,D,S,T,2024-10-11,1000000.00,3.966864,97.9375
08:00:33,91282CLM1,TSRYS5893517,D,S,T,2024-10-11,1000000.00,3.960309,97.9765625
08:00:33,91282CLM1,TSRYS5893517,D,S,T,2024-10-11,1000000.00,3.960309,97.9765625
08:00:33,91282CLM1,TSRYS5893517,D,S,T,2024-10-11,1000000.00,3.960309,97.9765625
08:00:33,91282CLM1,TSRYS5893517,D,S,T,2024-10-11,1000000.00,3.960309,97.9765625
08:00:33,91282CLM1,TSRYS5893517,D,S,T,2024-10-11,1000000.00,3.960309,97.9765625
08:00:33,91282CLM1,TSRYS5893517,D,S,T,2024-10-11,1000000.00,3.960309,97.9765625
08:00:33,91282CLM1,TSRYS5893517,D,S,T,2024-10-11,1000000.00,3.960309,97.9765625
08:00:33,91282CLM1,TSRYS5893517,D,S,T,2024-10-11,1000000.00,3.960309,97.9765625
08:00:33,91282CLM1,TSRYS5893517,D,S,T,2024-10-11,1000000.00,3.968176,97.9296875
08:00:33,91282CLM1,TSRYS5893517,D,S,T,2024-10-11,1000000.00,3.968176,97.9296875
08:00:33,91282CLM1,TSRYS5893517,D,S,T,2024-10-11,1000000.00,3.965553,97.9453125
08:00:33,91282CLM1,TSRYS5893517,D,S,T,2024-10-11,1000000.00,3.994759,97.771484375
08:00:33,91282CLM1,TSRYS5893517,D,S,T,2024-10-11,1000000.00,3.994759,97.771484375
08:00:33,91282CLM1,TSRYS5893517,D,S,T,2024-10-11,1000000.00,3.994431,97.7734375
08:00:33,91282CLM1,TSRYS5893517,D,S,D,2024-10-11,1000000.00,3.993774,97.77734375
08:00:33,91282CLM1,TSRYS5893517,D,S,T,2024-10-11,1000000.00,3.978672,97.8671875
08:00:33,91282CLM1,TSRYS5893517,D,S,D,2024-10-11,1000000.00,3.978672,97.8671875
08:00:33,91282CLM1,TSRYS5893517,D,S,A,2024-10-11,10000000.00,3.976047,97.8828125
08:00:33,91282CLM1,TSRYS5893517,D,S,T,2024-10-11,1000000.00,3.974735,97.890625
08:00:33,91282CLM1,TSRYS5893517,D,S,T,2024-10-11,1000000.00,3.974735,97.890625
08:00:33,91282CLM1,TSRYS5893517,D,S,D,2024-10-11,1000000.00,3.973423,97.8984375
08:00:33,91282CLM1,TSRYS5893517,D,S,D,2024-10-11,1000000.00,3.987862,97.8125
08:00:33,91282CLM1,TSRYS5893517,D,S,T,2024-10-11,1000000.00,3.989176,97.8046875
08:00:33,91282CLM1,TSRYS5893517,D,S,T,2024-10-11,1000000.00,3.989176,97.8046875
08:00:33,91282CLM1,TSRYS5893517,D,S,T,2024-10-11,1000000.00,3.989176,97.8046875
08:00:33,91282CLM1,TSRYS5893517,D,S,T,2024-10-11,1000000.00,3.989176,97.8046875
08:00:33,91282CLM1,TSRYS5893517,D,S,T,2024-10-11,1000000.00,3.989176,97.8046875
08:00:33,91282CLM1,TSRYS5893517,D,S,T,2024-10-11,1000000.00,3.989176,97.8046875
08:00:33,91282CLM1,TSRYS5893517,D,S,T,2024-10-11,1000000.00,3.989176,97.8046875
08:00:33,91282CLM1,TSRYS5893517,D,S,T,2024-10-11,1000000.00,3.989176,97.8046875
08:00:33,91282CLM1,TSRYS5893517,D,S,T,2024-10-11,1000000.00,3.989176,97.8046875
08:00:33,91282CLM1,TSRYS5893517,D,S,T,2024-10-11,1000000.00,3.989176,97.8046875
08:00:33,91282CLM1,TSRYS5893517,D,S,T,2024-10-11,1000000.00,3.989176,97.8046875
08:00:33,91282CLM1,TSRYS5893517,D,S,T,2024-10-11,1000000.00,3.989176,97.8046875
08:00:33,91282CLM1,TSRYS5893517,D,S,T,2024-10-11,1000000.00,3.989176,97.8046875
08:00:33,91282CLM1,TSRYS5893517,D,S,T,2024-10-11,1000000.00,3.989176,97.8046875
08:00:33,91282CLM1,TSRYS5893517,D,S,T,2024-10-11,1000000.00,3.989176,97.8046875
08:00:33,91282CLM1,TSRYS5893517,D,S,T,2024-10-11,1000000.00,3.989176,97.8046875
08:00:33,91282CLM1,TSRYS5893517,D,S,T,2024-10-11,1000000.00,3.989176,97.8046875
08:00:33,91282CLM1,TSRYS5893517,D,S,T,2024-10-11,1000000.00,3.989176,97.8046875
08:00:33,91282CLM1,TSRYS5893517,D,S,T,2024-10-11,1000000.00,3.989176,97.8046875
08:00:33,91282CLM1,TSRYS5893517,D,S,T,2024-10-11,1000000.00,3.989176,97.8046875
08:00:33,91282CLM1,TSRYS5893517,D,S,D,2024-10-11,1000000.00,3.989176,97.8046875
08:00:33,91282CLM1,TSRYS5893517,D,S,C,2024-10-11,1040000.00,3.995745,97.765625
08:00:33,91282CLM1,TSRYS5893517,D,S,T,2024-10-11,1000000.00,3.994431,97.7734375
08:00:35,91282CLM1,TSRYS5893517,D,S,D,2024-10-11,1000000.00,3.987862,97.8125
08:00:35,91282CLM1,TSRYS5893517,D,S,D,2024-10-11,1000000.00,3.99246,97.78515625
08:00:35,91282CLM1,TSRYS5893517,D,S,T,2024-10-11,1000000.00,3.995745,97.765625
08:00:36,91282CLM1,TSRYS5893517,D,S,T,2024-10-11,1000000.00,3.997059,97.7578125
08:00:36,91282CLM1,TSRYS5893517,D,S,D,2024-10-11,1000000.00,3.989176,97.8046875
08:00:36,91282CLM1,TSRYS5893517,D,S,D,2024-10-11,1000000.00,3.989176,97.8046875
08:00:36,91282CLM1,TSRYS5893517,D,S,D,2024-10-11,1000000.00,3.989176,97.8046875
08:00:37,91282CLM1,TSRYS5893517,D,S,D,2024-10-11,1000000.00,3.989176,97.8046875
08:00:38,91282CLM1,TSRYS5893517,D,S,T,2024-10-11,1000000.00,3.993117,97.78125
08:00:39,91282CLM1,TSRYS5893517,D,S,D,2024-10-11,500000.00,3.966209,97.94140625
08:00:40,91282CLM1,TSRYS5893517,D,S,C,2024-10-11,1000000.00,3.995745,97.765625
08:00:42,91282CLM1,TSRYS5893517,D,S,A,2024-10-11,18850000.00,3.973423,97.8984375
08:00:42,91282CLM1,TSRYS5893517,D,S,D,2024-10-11,500000.00,3.966209,97.94140625
08:00:42,91282CLM1,TSRYS5893517,D,S,D,2024-10-11,3960000.00,3.964242,97.953125
08:00:44,91282CLM1,TSRYS5893517,D,S,D,2024-10-11,944000.00,3.995745,97.765625
08:00:44,91282CLM1,TSRYS5893517,D,S,D,2024-10-11,953000.00,3.998373,97.75
08:00:45,91282CLM1,TSRYS5893517,D,B,C,2024-10-11,1000000.00,3.996073,97.763671875
08:00:45,91282CLM1,TSRYS5893517,D,S,D,2024-10-11,1000000.00,3.995745,97.765625
08:00:45,91282CLM1,TSRYS5893517,D,B,C,2024-10-11,1000000.00,3.995745,97.765625
08:00:45,91282CLM1,TSRYS5893517,D,S,D,2024-10-11,1000000.00,3.996073,97.763671875
08:00:45,91282CLM1,TSRYS5893517,D,S,C,2024-10-11,1000000.00,3.996073,97.763671875
08:00:45,91282CLM1,TSRYS5893517,D,B,C,2024-10-11,1000000.00,3.997387,97.755859375
08:00:45,91282CLM1,TSRYS5893517,D,S,D,2024-10-11,1000000.00,3.997387,97.755859375
08:00:45,91282CLM1,TSRYS5893517,D,B,C,2024-10-11,1000000.00,3.995088,97.76953125
08:00:45,91282CLM1,TSRYS5893517,D,S,D,2024-10-11,1000000.00,3.995088,97.76953125
08:00:45,91282CLM1,TSRYS5893517,D,S,D,2024-10-11,1472000.00,3.995745,97.765625
08:00:46,91282CLM1,TSRYS5893517,D,S,D,2024-10-11,1000000.00,3.998373,97.75
08:00:46,91282CLM1,TSRYS5893517,D,S,T,2024-10-11,1000000.00,3.994431,97.7734375
08:00:47,91282CLM1,TSRYS5893517,D,S,D,2024-10-11,3960000.00,3.964242,97.953125
08:00:50,91282CLM1,TSRYS5893517,D,S,C,2024-10-11,1000000.00,4.000016,97.740234375
08:00:50,91282CLM1,TSRYS5893517,D,S,C,2024-10-11,1000000.00,4.000016,97.740234375
08:00:50,91282CLM1,TSRYS5893517,D,S,C,2024-10-11,1000000.00,3.998373,97.75
08:00:52,91282CLM1,TSRYS5893517,D,S,D,2024-10-11,5000000.00,3.96398,97.9546875
08:00:53,91282CLM1,TSRYS5893517,D,S,D,2024-10-11,469000.00,3.993774,97.77734375
08:00:53,91282CLM1,TSRYS5893517,D,S,D,2024-10-11,1500000.00,3.995088,97.76953125
08:00:53,91282CLM1,TSRYS5893517,D,S,D,2024-10-11,1000000.00,3.993445,97.779296875
08:01:00,91282CLM1,TSRYS5893517,D,S,T,2024-10-11,1000000.00,3.995795,97.765325
08:01:00,91282CLM1,TSRYS5893517,D,S,T,2024-10-11,1000000.00,3.997109,97.7575125
08:01:00,91282CLM1,TSRYS5893517,D,S,T,2024-10-11,1000000.00,3.995795,97.765325
08:01:00,91282CLM1,TSRYS5893517,D,S,T,2024-10-11,1000000.00,3.994481,97.7731375
08:01:00,91282CLM1,TSRYS5893517,D,S,T,2024-10-11,1000000.00,3.994481,97.7731375
08:01:00,91282CLM1,TSRYS5893517,D,S,T,2024-10-11,1000000.00,3.993167,97.78095
08:01:01,91282CLM1,TSRYS5893517,D,S,D,2024-10-11,1000000.00,3.993117,97.78125
08:01:04,91282CLM1,TSRYS5893517,D,S,C,2024-10-11,1000000.00,3.971127,97.912109375
08:01:05,91282CLM1,TSRYS5893517,D,S,C,2024-10-11,1000000.00,3.970799,97.9140625
08:01:05,91282CLM1,TSRYS5893517,D,B,C,2024-10-11,1000000.00,3.965881,97.943359375
08:01:05,91282CLM1,TSRYS5893517,D,S,C,2024-10-11,1000000.00,3.965881,97.943359375
08:01:05,91282CLM1,TSRYS5893517,D,S,D,2024-10-11,1000000.00,3.965881,97.943359375
08:01:05,91282CLM1,TSRYS5893517,D,S,C,2024-10-11,1000000.00,3.963586,97.95703125
08:01:05,91282CLM1,TSRYS5893517,D,S,C,2024-10-11,1000000.00,3.963586,97.95703125
08:01:05,91282CLM1,TSRYS5893517,D,B,C,2024-10-11,1000000.00,3.963586,97.95703125
08:01:05,91282CLM1,TSRYS5893517,D,S,C,2024-10-11,1000000.00,3.961292,97.970703125
08:01:05,91282CLM1,TSRYS5893517,D,S,D,2024-10-11,1000000.00,3.96162,97.96875
08:01:05,91282CLM1,TSRYS5893517,D,B,C,2024-10-11,1000000.00,3.960637,97.974609375
08:01:05,91282CLM1,TSRYS5893517,D,B,C,2024-10-11,1000000.00,3.961292,97.970703125
08:01:05,91282CLM1,TSRYS5893517,D,S,C,2024-10-11,1000000.00,3.96162,97.96875
08:01:05,91282CLM1,TSRYS5893517,D,S,C,2024-10-11,1000000.00,3.961947,97.966796875
08:01:05,91282CLM1,TSRYS5893517,D,S,C,2024-10-11,1000000.00,3.96162,97.96875
08:01:05,91282CLM1,TSRYS5893517,D,S,D,2024-10-11,1000000.00,3.96162,97.96875
08:01:05,91282CLM1,TSRYS5893517,D,S,D,2024-10-11,1000000.00,3.96162,97.96875
08:01:05,91282CLM1,TSRYS5893517,D,S,D,2024-10-11,1000000.00,3.960637,97.974609375
08:01:05,91282CLM1,TSRYS5893517,D,B,C,2024-10-11,1000000.00,3.96162,97.96875
08:01:05,91282CLM1,TSRYS5893517,D,S,D,2024-10-11,1000000.00,3.961292,97.970703125
08:01:05,91282CLM1,TSRYS5893517,D,B,C,2024-10-11,1000000.00,3.960964,97.97265625
08:01:05,91282CLM1,TSRYS5893517,D,S,D,2024-10-11,1000000.00,3.960964,97.97265625
08:01:05,91282CLM1,TSRYS5893517,D,S,D,2024-10-11,1000000.00,3.960637,97.974609375
08:01:05,91282CLM1,TSRYS5893517,D,S,D,2024-10-11,1000000.00,3.960309,97.9765625
08:01:05,91282CLM1,TSRYS5893517,D,S,D,2024-10-11,1000000.00,3.960964,97.97265625
08:01:05,91282CLM1,TSRYS5893517,D,B,C,2024-10-11,1000000.00,3.960309,97.9765625
08:01:05,91282CLM1,TSRYS5893517,D,S,C,2024-10-11,1000000.00,3.96162,97.96875
08:01:05,91282CLM1,TSRYS5893517,D,S,D,2024-10-11,1000000.00,3.960309,97.9765625
08:01:05,91282CLM1,TSRYS5893517,D,S,D,2024-10-11,1000000.00,3.96162,97.96875
08:01:05,91282CLM1,TSRYS5893517,D,S,D,2024-10-11,1000000.00,3.960637,97.974609375
08:01:05,91282CLM1,TSRYS5893517,D,B,C,2024-10-11,1000000.00,3.960309,97.9765625
08:01:05,91282CLM1,TSRYS5893517,D,S,D,2024-10-11,1000000.00,3.959326,97.982421875
08:01:05,91282CLM1,TSRYS5893517,D,B,C,2024-10-11,1000000.00,3.959981,97.978515625
08:01:05,91282CLM1,TSRYS5893517,D,S,D,2024-10-11,1000000.00,3.961292,97.970703125
08:01:05,91282CLM1,TSRYS5893517,D,B,C,2024-10-11,1000000.00,3.959653,97.98046875
08:01:05,91282CLM1,TSRYS5893517,D,S,C,2024-10-11,1000000.00,3.959981,97.978515625
08:01:05,91282CLM1,TSRYS5893517,D,S,D,2024-10-11,1000000.00,3.960309,97.9765625
08:01:05,91282CLM1,TSRYS5893517,D,B,C,2024-10-11,1000000.00,3.958998,97.984375
08:01:05,91282CLM1,TSRYS5893517,D,B,C,2024-10-11,1000000.00,3.961947,97.966796875
08:01:05,91282CLM1,TSRYS5893517,D,S,D,2024-10-11,1000000.00,3.958998,97.984375
08:01:05,91282CLM1,TSRYS5893517,D,S,D,2024-10-11,1000000.00,3.961947,97.966796875
08:01:05,91282CLM1,TSRYS5893517,D,B,C,2024-10-11,1000000.00,3.959326,97.982421875
08:01:05,91282CLM1,TSRYS5893517,D,S,D,2024-10-11,1000000.00,3.958998,97.984375
08:01:05,91282CLM1,TSRYS5893517,D,S,D,2024-10-11,1000000.00,3.959653,97.98046875
08:01:05,91282CLM1,TSRYS5893517,D,S,D,2024-10-11,1000000.00,3.962931,97.9609375
08:01:05,91282CLM1,TSRYS5893517,D,S,D,2024-10-11,1000000.00,3.958998,97.984375
08:01:06,91282CLM1,TSRYS5893517,D,S,D,2024-10-11,1000000.00,3.964897,97.94921875
08:01:06,91282CLM1,TSRYS5893517,D,S,D,2024-10-11,1000000.00,3.964897,97.94921875
08:01:06,91282CLM1,TSRYS5893517,D,S,D,2024-10-11,1000000.00,3.964897,97.94921875
08:01:06,91282CLM1,TSRYS5893517,D,S,D,2024-10-11,1000000.00,3.964897,97.94921875
08:01:06,91282CLM1,TSRYS5893517,D,S,D,2024-10-11,1000000.00,3.965553,97.9453125
08:01:06,91282CLM1,TSRYS5893517,D,B,C,2024-10-11,1000000.00,3.965553,97.9453125
08:01:06,91282CLM1,TSRYS5893517,D,S,D,2024-10-11,1000000.00,3.965553,97.9453125
08:01:06,91282CLM1,TSRYS5893517,D,S,D,2024-10-11,1000000.00,3.965553,97.9453125
08:01:06,91282CLM1,TSRYS5893517,D,B,C,2024-10-11,1000000.00,3.965553,97.9453125
08:01:06,91282CLM1,TSRYS5893517,D,S,D,2024-10-11,1000000.00,3.965225,97.947265625
08:01:06,91282CLM1,TSRYS5893517,D,S,C,2024-10-11,1000000.00,3.962931,97.9609375
08:01:06,91282CLM1,TSRYS5893517,D,B,C,2024-10-11,1000000.00,3.964242,97.953125
08:01:06,91282CLM1,TSRYS5893517,D,S,D,2024-10-11,1000000.00,3.963586,97.95703125
08:01:06,91282CLM1,TSRYS5893517,D,B,C,2024-10-11,1000000.00,3.963586,97.95703125
08:01:06,91282CLM1,TSRYS5893517,D,S,D,2024-10-11,1000000.00,3.964242,97.953125
08:01:06,91282CLM1,TSRYS5893517,D,S,D,2024-10-11,1000000.00,3.966864,97.9375
08:01:07,91282CLM1,TSRYS5893517,D,B,C,2024-10-11,1000000.00,3.968176,97.9296875
08:01:07,91282CLM1,TSRYS5893517,D,S,C,2024-10-11,1000000.00,3.968176,97.9296875
08:01:07,91282CLM1,TSRYS5893517,D,B,C,2024-10-11,1000000.00,3.965881,97.943359375
08:01:07,91282CLM1,TSRYS5893517,D,S,D,2024-10-11,1000000.00,3.965881,97.943359375
08:01:07,91282CLM1,TSRYS5893517,D,S,D,2024-10-11,1000000.00,3.966209,97.94140625
08:01:07,91282CLM1,TSRYS5893517,D,B,C,2024-10-11,1000000.00,3.966209,97.94140625
08:01:07,91282CLM1,TSRYS5893517,D,S,D,2024-10-11,1000000.00,3.969815,97.919921875
08:01:07,91282CLM1,TSRYS5893517,D,B,C,2024-10-11,1000000.00,3.970143,97.91796875
08:01:07,91282CLM1,TSRYS5893517,D,B,C,2024-10-11,1000000.00,3.969815,97.919921875
08:01:07,91282CLM1,TSRYS5893517,D,S,D,2024-10-11,1000000.00,3.970143,97.91796875
08:01:07,91282CLM1,TSRYS5893517,D,B,C,2024-10-11,1000000.00,3.970471,97.916015625
08:01:07,91282CLM1,TSRYS5893517,D,S,D,2024-10-11,1000000.00,3.970471,97.916015625
08:01:07,91282CLM1,TSRYS5893517,D,S,T,2024-10-11,1000000.00,3.958998,97.984375
08:01:07,91282CLM1,TSRYS5893517,D,S,D,2024-10-11,1000000.00,3.970471,97.916015625
08:01:07,91282CLM1,TSRYS5893517,D,B,A,2024-10-11,100000000.00,3.959328,97.98363
08:01:07,91282CLM1,TSRYS5893517,D,S,D,2024-10-11,1000000.00,3.972111,97.90625
08:01:07,91282CLM1,TSRYS5893517,D,S,C,2024-10-11,1000000.00,3.972439,97.904296875
08:01:07,91282CLM1,TSRYS5893517,D,S,A,2024-10-11,100000000.00,3.959328,97.98363
08:01:07,91282CLM1,TSRYS5893517,D,S,A,2024-10-11,100000000.00,3.959504,97.982587
08:01:07,91282CLM1,TSRYS5893517,D,B,C,2024-10-11,1000000.00,3.975063,97.888671875
08:01:07,91282CLM1,TSRYS5893517,D,S,D,2024-10-11,1000000.00,3.975063,97.888671875
08:01:07,91282CLM1,TSRYS5893517,D,S,D,2024-10-11,1000000.00,3.975063,97.888671875
08:01:07,91282CLM1,TSRYS5893517,D,S,C,2024-10-11,1000000.00,3.971783,97.908203125
08:01:07,91282CLM1,TSRYS5893517,D,S,C,2024-10-11,1000000.00,3.971783,97.908203125
08:01:08,91282CLM1,TSRYS5893517,D,S,C,2024-10-11,1000000.00,3.972111,97.90625
08:01:08,91282CLM1,TSRYS5893517,D,S,C,2024-10-11,1000000.00,3.971783,97.908203125
08:01:08,91282CLM1,TSRYS5893517,D,S,D,2024-10-11,1000000.00,3.970143,97.91796875
08:01:08,91282CLM1,TSRYS5893517,D,S,D,2024-10-11,1000000.00,3.966864,97.9375
08:01:08,91282CLM1,TSRYS5893517,D,B,C,2024-10-11,1000000.00,3.965225,97.947265625
08:01:08,91282CLM1,TSRYS5893517,D,S,D,2024-10-11,1000000.00,3.965225,97.947265625
08:01:08,91282CLM1,TSRYS5893517,D,S,D,2024-10-11,1000000.00,3.965881,97.943359375
08:01:08,91282CLM1,TSRYS5893517,D,B,C,2024-10-11,1000000.00,3.965881,97.943359375
08:01:08,91282CLM1,TSRYS5893517,D,S,C,2024-10-11,1000000.00,3.973751,97.896484375
08:01:08,91282CLM1,TSRYS5893517,D,S,C,2024-10-11,1000000.00,3.973751,97.896484375
08:01:08,91282CLM1,TSRYS5893517,D,S,D,2024-10-11,1000000.00,3.972111,97.90625
08:01:08,91282CLM1,TSRYS5893517,D,S,D,2024-10-11,1000000.00,3.971783,97.908203125
08:01:08,91282CLM1,TSRYS5893517,D,S,D,2024-10-11,1000000.00,3.972111,97.90625
08:01:08,91282CLM1,TSRYS5893517,D,S,D,2024-10-11,1000000.00,3.972111,97.90625
08:01:08,91282CLM1,TSRYS5893517,D,S,D,2024-10-11,1000000.00,3.973095,97.900390625
08:01:08,91282CLM1,TSRYS5893517,D,S,D,2024-10-11,1000000.00,3.973095,97.900390625
08:01:08,91282CLM1,TSRYS5893517,D,S,D,2024-10-11,1000000.00,3.972111,97.90625
08:01:08,91282CLM1,TSRYS5893517,D,S,D,2024-10-11,1000000.00,3.973095,97.900390625
08:01:08,91282CLM1,TSRYS5893517,D,S,D,2024-10-11,1000000.00,3.972111,97.90625
08:01:09,91282CLM1,TSRYS5893517,D,B,C,2024-10-11,1000000.00,3.978016,97.87109375
08:01:09,91282CLM1,TSRYS5893517,D,S,D,2024-10-11,1000000.00,3.978016,97.87109375
08:01:09,91282CLM1,TSRYS5893517,D,S,D,2024-10-11,1000000.00,3.978672,97.8671875
08:01:09,91282CLM1,TSRYS5893517,D,S,D,2024-10-11,1000000.00,3.978672,97.8671875
08:01:09,91282CLM1,TSRYS5893517,D,S,D,2024-10-11,1000000.00,3.978672,97.8671875
08:01:09,91282CLM1,TSRYS5893517,D,S,D,2024-10-11,1000000.00,3.97736,97.875
08:01:09,91282CLM1,TSRYS5893517,D,S,D,2024-10-11,1000000.00,3.958998,97.984375
08:01:09,91282CLM1,TSRYS5893517,D,S,D,2024-10-11,1000000.00,3.958998,97.984375
08:01:09,91282CLM1,TSRYS5893517,D,S,D,2024-10-11,2000000.00,3.975063,97.888671875
08:01:09,91282CLM1,TSRYS5893517,D,S,D,2024-10-11,1000000.00,3.974735,97.890625
08:01:09,91282CLM1,TSRYS5893517,D,S,D,2024-10-11,1000000.00,3.973751,97.896484375
08:01:09,91282CLM1,TSRYS5893517,D,B,C,2024-10-11,1000000.00,3.973751,97.896484375
08:01:09,91282CLM1,TSRYS5893517,D,S,D,2024-10-11,1000000.00,3.973423,97.8984375
08:01:09,91282CLM1,TSRYS5893517,D,S,T,2024-10-11,1000000.00,3.959015,97.984275
08:01:09,91282CLM1,TSRYS5893517,D,S,T,2024-10-11,1000000.00,3.959015,97.984275
08:01:09,91282CLM1,TSRYS5893517,D,S,D,2024-10-11,1000000.00,3.973423,97.8984375
08:01:10,91282CLM1,TSRYS5893517,D,S,D,2024-10-11,1000000.00,3.973095,97.900390625
08:01:10,91282CLM1,TSRYS5893517,D,S,D,2024-10-11,1000000.00,3.987862,97.8125
08:01:10,91282CLM1,TSRYS5893517,D,S,C,2024-10-11,1000000.00,3.990818,97.794921875
08:01:10,91282CLM1,TSRYS5893517,D,S,D,2024-10-11,1000000.00,3.989176,97.8046875
08:01:10,91282CLM1,TSRYS5893517,D,S,D,2024-10-11,1000000.00,3.990161,97.798828125
08:01:10,91282CLM1,TSRYS5893517,D,B,C,2024-10-11,2000000.00,3.991146,97.79296875
08:01:10,91282CLM1,TSRYS5893517,D,S,D,2024-10-11,2000000.00,3.991146,97.79296875
08:01:10,91282CLM1,TSRYS5893517,D,S,D,2024-10-11,1000000.00,3.989176,97.8046875
08:01:10,91282CLM1,TSRYS5893517,D,S,D,2024-10-11,1000000.00,3.989176,97.8046875
08:01:10,91282CLM1,TSRYS5893517,D,S,D,2024-10-11,1000000.00,3.989176,97.8046875
08:01:10,91282CLM1,TSRYS5893517,D,S,C,2024-10-11,1000000.00,3.989176,97.8046875
08:01:11,91282CLM1,TSRYS5893517,D,B,C,2024-10-11,1000000.00,3.990161,97.798828125
08:01:11,91282CLM1,TSRYS5893517,D,S,D,2024-10-11,1000000.00,3.990161,97.798828125
08:01:11,91282CLM1,TSRYS5893517,D,S,A,2024-10-11,100000000.00,3.972767,97.90234375
08:01:11,91282CLM1,TSRYS5893517,D,S,D,2024-10-11,1000000.00,3.995745,97.765625
08:01:11,91282CLM1,TSRYS5893517,D,S,T,2024-10-11,1000000.00,3.978701,97.8670125
08:01:11,91282CLM1,TSRYS5893517,D,S,C,2024-10-11,1000000.00,3.99673,97.759765625
08:01:11,91282CLM1,TSRYS5893517,D,S,C,2024-10-11,2000000.00,3.99673,97.759765625
08:01:11,91282CLM1,TSRYS5893517,D,S,C,2024-10-11,2000000.00,3.99673,97.759765625
08:01:11,91282CLM1,TSRYS5893517,D,B,C,2024-10-11,1000000.00,3.995416,97.767578125
08:01:11,91282CLM1,TSRYS5893517,D,S,C,2024-10-11,1000000.00,3.995416,97.767578125
08:01:11,91282CLM1,TSRYS5893517,D,S,T,2024-10-11,1000000.00,3.97871,97.8669625
08:01:11,91282CLM1,TSRYS5893517,D,B,C,2024-10-11,1000000.00,3.994431,97.7734375
08:01:11,91282CLM1,TSRYS5893517,D,S,D,2024-10-11,1000000.00,3.994431,97.7734375
08:01:11,91282CLM1,TSRYS5893517,D,S,D,2024-10-11,1000000.00,3.994431,97.7734375
08:01:11,91282CLM1,TSRYS5893517,D,B,C,2024-10-11,1000000.00,3.994431,97.7734375
08:01:11,91282CLM1,TSRYS5893517,D,B,C,2024-10-11,4000000.00,3.959183,97.983275
08:01:11,91282CLM1,TSRYS5893517,D,B,C,2024-10-11,4000000.00,3.959183,97.983275
08:01:11,91282CLM1,TSRYS5893517,D,S,C,2024-10-11,4000000.00,3.96668,97.9386
08:01:12,91282CLM1,TSRYS5893517,D,B,C,2024-10-11,2000000.00,3.978857,97.8660875
08:01:16,91282CLM1,TSRYS5893517,D,S,T,2024-10-11,1000000.00,3.970799,97.9140625
08:01:16,91282CLM1,TSRYS5893517,D,S,T,2024-10-11,1000000.00,3.970799,97.9140625
08:01:16,91282CLM1,TSRYS5893517,D,S,D,2024-10-11,1000000.00,3.970799,97.9140625
08:01:16,91282CLM1,TSRYS5893517,D,S,D,2024-10-11,1000000.00,3.970799,97.9140625
08:01:16,91282CLM1,TSRYS5893517,D,S,T,2024-10-11,1000000.00,3.970799,97.9140625
08:01:16,91282CLM1,TSRYS5893517,D,S,T,2024-10-11,1000000.00,3.970799,97.9140625
08:01:16,91282CLM1,TSRYS5893517,D,S,C,2024-10-11,1000000.00,3.995745,97.765625
08:01:16,91282CLM1,TSRYS5893517,D,S,D,2024-10-11,1000000.00,3.996073,97.763671875
08:01:16,91282CLM1,TSRYS5893517,D,S,D,2024-10-11,1000000.00,3.996073,97.763671875
08:01:16,91282CLM1,TSRYS5893517,D,S,C,2024-10-11,1000000.00,3.996073,97.763671875
08:01:16,91282CLM1,TSRYS5893517,D,B,C,2024-10-11,1000000.00,3.996073,97.763671875
08:01:16,91282CLM1,TSRYS5893517,D,S,C,2024-10-11,1000000.00,3.99673,97.759765625
08:01:16,91282CLM1,TSRYS5893517,D,B,C,2024-10-11,1000000.00,3.99673,97.759765625
08:01:16,91282CLM1,TSRYS5893517,D,S,D,2024-10-11,1000000.00,3.99673,97.759765625
08:01:16,91282CLM1,TSRYS5893517,D,B,C,2024-10-11,1000000.00,3.995745,97.765625
08:01:16,91282CLM1,TSRYS5893517,D,S,D,2024-10-11,1000000.00,3.995745,97.765625
08:01:16,91282CLM1,TSRYS5893517,D,S,T,2024-10-11,1000000.00,3.995795,97.765325
08:01:16,91282CLM1,TSRYS5893517,D,S,D,2024-10-11,1000000.00,3.970799,97.9140625
08:01:16,91282CLM1,TSRYS5893517,D,S,C,2024-10-11,1000000.00,3.997387,97.755859375
08:01:16,91282CLM1,TSRYS5893517,D,B,C,2024-10-11,7000000.00,3.970917,97.91336
08:01:16,91282CLM1,TSRYS5893517,D,S,T,2024-10-11,1000000.00,3.997109,97.7575125
08:01:16,91282CLM1,TSRYS5893517,D,S,T,2024-10-11,1000000.00,3.995795,97.765325
08:01:16,91282CLM1,TSRYS5893517,D,S,T,2024-10-11,1000000.00,3.995795,97.765325
08:01:16,91282CLM1,TSRYS5893517,D,S,D,2024-10-11,1000000.00,3.970143,97.91796875
08:01:16,91282CLM1,TSRYS5893517,D,S,T,2024-10-11,1000000.00,3.995795,97.765325
08:01:16,91282CLM1,TSRYS5893517,D,S,T,2024-10-11,1000000.00,3.995795,97.765325
08:01:16,91282CLM1,TSRYS5893517,D,S,C,2024-10-11,1000000.00,3.995088,97.76953125
08:01:16,91282CLM1,TSRYS5893517,D,S,T,2024-10-11,1000000.00,3.994481,97.7731375
08:01:17,91282CLM1,TSRYS5893517,D,S,T,2024-10-11,1000000.00,3.993167,97.78095
08:01:17,91282CLM1,TSRYS5893517,D,S,D,2024-10-11,1000000.00,3.993445,97.779296875
08:01:17,91282CLM1,TSRYS5893517,D,B,C,2024-10-11,1000000.00,3.997059,97.7578125
08:01:17,91282CLM1,TSRYS5893517,D,S,D,2024-10-11,1000000.00,3.970143,97.91796875
08:01:17,91282CLM1,TSRYS5893517,D,S,D,2024-10-11,1000000.00,3.997059,97.7578125
08:01:17,91282CLM1,TSRYS5893517,D,S,D,2024-10-11,1000000.00,3.997059,97.7578125
08:01:17,91282CLM1,TSRYS5893517,D,B,C,2024-10-11,1000000.00,3.997059,97.7578125
08:01:17,91282CLM1,TSRYS5893517,D,S,D,2024-10-11,2000000.00,3.970143,97.91796875
08:01:17,91282CLM1,TSRYS5893517,D,B,C,2024-10-11,4000000.00,3.970261,97.91727
08:01:17,91282CLM1,TSRYS5893517,D,S,D,2024-10-11,1000000.00,3.998045,97.751953125
08:01:17,91282CLM1,TSRYS5893517,D,S,T,2024-10-11,1000000.00,3.998424,97.7497
08:01:17,91282CLM1,TSRYS5893517,D,S,T,2024-10-11,1000000.00,4.001053,97.734075
08:01:18,91282CLM1,TSRYS5893517,D,S,D,2024-10-11,1000000.00,4.000016,97.740234375
08:01:18,91282CLM1,TSRYS5893517,D,S,D,2024-10-11,1000000.00,4.000016,97.740234375
08:01:18,91282CLM1,TSRYS5893517,D,S,D,2024-10-11,1000000.00,3.998702,97.748046875
08:01:18,91282CLM1,TSRYS5893517,D,S,T,2024-10-11,1000000.00,3.998424,97.7497
08:01:18,91282CLM1,TSRYS5893517,D,S,D,2024-10-11,1000000.00,3.998373,97.75
08:01:18,91282CLM1,TSRYS5893517,D,S,D,2024-10-11,1000000.00,3.998373,97.75
08:01:19,91282CLM1,TSRYS5893517,D,S,T,2024-10-11,1000000.00,3.958998,97.984375
08:01:19,91282CLM1,TSRYS5893517,D,S,T,2024-10-11,1000000.00,3.958998,97.984375
08:01:19,91282CLM1,TSRYS5893517,D,S,T,2024-10-11,1000000.00,3.958998,97.984375
08:01:19,91282CLM1,TSRYS5893517,D,S,T,2024-10-11,1000000.00,3.958998,97.984375
08:01:20,91282CLM1,TSRYS5893517,D,S,T,2024-10-11,1000000.00,3.966886,97.93737
08:01:22,91282CLM1,TSRYS5893517,D,S,A,2024-10-11,15000000.00,3.965553,97.9453125
08:01:23,91282CLM1,TSRYS5893517,D,S,D,2024-10-11,1000000.00,3.96457,97.95117187
08:01:23,91282CLM1,TSRYS5893517,D,S,C,2024-10-11,1000000.00,3.96457,97.95117187
08:01:23,91282CLM1,TSRYS5893517,D,S,C,2024-10-11,1000000.00,3.964897,97.94921875
08:01:23,91282CLM1,TSRYS5893517,D,S,C,2024-10-11,1000000.00,3.964897,97.94921875
08:01:24,91282CLM1,TSRYS5893517,D,S,D,2024-10-11,1000000.00,3.959532,97.98119
08:01:24,91282CLM1,TSRYS5893517,D,S,D,2024-10-11,1000000.00,3.970799,97.9140625
08:01:24,91282CLM1,TSRYS5893517,D,B,C,2024-10-11,1000000.00,3.970799,97.9140625
08:01:24,91282CLM1,TSRYS5893517,D,S,T,2024-10-11,1000000.00,3.964897,97.94921875
08:01:24,91282CLM1,TSRYS5893517,D,S,D,2024-10-11,1000000.00,3.964897,97.94921875
08:01:26,91282CLM1,TSRYS5893517,D,S,D,2024-10-11,1000000.00,3.972767,97.90234375
08:01:26,91282CLM1,TSRYS5893517,D,S,D,2024-10-11,1000000.00,3.972767,97.90234375
08:01:26,91282CLM1,TSRYS5893517,D,S,D,2024-10-11,1000000.00,3.972767,97.90234375
08:01:27,91282CLM1,TSRYS5893517,D,S,D,2024-10-11,1000000.00,3.972767,97.90234375
08:01:27,91282CLM1,TSRYS5893517,D,S,T,2024-10-11,1000000.00,3.972145,97.90605
08:01:27,91282CLM1,TSRYS5893517,D,S,T,2024-10-11,1000000.00,3.972145,97.90605
08:01:27,91282CLM1,TSRYS5893517,D,S,T,2024-10-11,1000000.00,3.972145,97.90605
08:01:27,91282CLM1,TSRYS5893517,D,S,T,2024-10-11,1000000.00,3.972145,97.90605
08:01:27,91282CLM1,TSRYS5893517,D,S,T,2024-10-11,1000000.00,3.972145,97.90605
08:01:27,91282CLM1,TSRYS5893517,D,S,T,2024-10-11,1000000.00,3.972145,97.90605
08:01:27,91282CLM1,TSRYS5893517,D,S,T,2024-10-11,1000000.00,3.972145,97.90605
08:01:27,91282CLM1,TSRYS5893517,D,S,T,2024-10-11,1000000.00,3.972145,97.90605
08:01:27,91282CLM1,TSRYS5893517,D,S,T,2024-10-11,1000000.00,3.972145,97.90605
08:01:27,91282CLM1,TSRYS5893517,D,S,T,2024-10-11,1000000.00,3.972145,97.90605
08:01:27,91282CLM1,TSRYS5893517,D,S,T,2024-10-11,1000000.00,3.972145,97.90605
08:01:27,91282CLM1,TSRYS5893517,D,S,T,2024-10-11,1000000.00,3.972145,97.90605
08:01:27,91282CLM1,TSRYS5893517,D,S,D,2024-10-11,1000000.00,3.972767,97.90234375
08:01:27,91282CLM1,TSRYS5893517,D,S,D,2024-10-11,1000000.00,3.972767,97.90234375
08:01:27,91282CLM1,TSRYS5893517,D,S,D,2024-10-11,1000000.00,3.972767,97.90234375
08:01:27,91282CLM1,TSRYS5893517,D,S,D,2024-10-11,1000000.00,3.972767,97.90234375
08:01:27,91282CLM1,TSRYS5893517,D,S,D,2024-10-11,1000000.00,3.972767,97.90234375
08:01:27,91282CLM1,TSRYS5893517,D,S,D,2024-10-11,1000000.00,3.972767,97.90234375
08:01:28,91282CLM1,TSRYS5893517,D,B,C,2024-10-11,10000000.00,3.972885,97.90164
08:01:28,91282CLM1,TSRYS5893517,D,S,D,2024-10-11,1000000.00,3.962275,97.96484375
08:01:28,91282CLM1,TSRYS5893517,D,S,D,2024-10-11,1000000.00,3.962275,97.96484375
08:01:28,91282CLM1,TSRYS5893517,D,S,D,2024-10-11,1000000.00,3.962275,97.96484375
08:01:28,91282CLM1,TSRYS5893517,D,S,D,2024-10-11,1000000.00,3.962275,97.96484375
08:01:28,91282CLM1,TSRYS5893517,D,S,D,2024-10-11,1000000.00,3.972111,97.90625
08:01:28,91282CLM1,TSRYS5893517,D,S,T,2024-10-11,1000000.00,3.972111,97.90625
08:01:28,91282CLM1,TSRYS5893517,D,S,T,2024-10-11,1000000.00,3.972111,97.90625
08:01:28,91282CLM1,TSRYS5893517,D,S,C,2024-10-11,1000000.00,3.959981,97.97851562
08:01:29,91282CLM1,TSRYS5893517,D,S,D,2024-10-11,1000000.00,3.96162,97.96875
08:01:29,91282CLM1,TSRYS5893517,D,S,D,2024-10-11,1000000.00,3.96162,97.96875
08:01:29,91282CLM1,TSRYS5893517,D,S,D,2024-10-11,1000000.00,3.96162,97.96875
08:01:29,91282CLM1,TSRYS5893517,D,S,D,2024-10-11,1000000.00,3.961292,97.970703125
08:01:29,91282CLM1,TSRYS5893517,D,S,D,2024-10-11,1000000.00,3.961292,97.970703125
08:01:29,91282CLM1,TSRYS5893517,D,S,D,2024-10-11,1000000.00,3.961292,97.970703125
08:01:29,91282CLM1,TSRYS5893517,D,S,D,2024-10-11,1000000.00,3.961292,97.970703125
08:01:29,91282CLM1,TSRYS5893517,D,S,D,2024-10-11,1000000.00,3.960964,97.97265625
08:01:29,91282CLM1,TSRYS5893517,D,S,D,2024-10-11,1000000.00,3.960964,97.97265625
08:01:29,91282CLM1,TSRYS5893517,D,S,D,2024-10-11,1000000.00,3.960964,97.97265625
08:01:29,91282CLM1,TSRYS5893517,D,S,D,2024-10-11,2000000.00,3.960964,97.97265625
08:01:29,91282CLM1,TSRYS5893517,D,S,D,2024-10-11,1000000.00,3.960637,97.974609375
08:01:29,91282CLM1,TSRYS5893517,D,S,D,2024-10-11,4000000.00,3.960637,97.974609375
08:01:29,91282CLM1,TSRYS5893517,D,S,D,2024-10-11,3000000.00,3.960309,97.9765625
08:01:29,91282CLM1,TSRYS5893517,D,S,D,2024-10-11,1000000.00,3.960637,97.974609375
08:01:29,91282CLM1,TSRYS5893517,D,S,D,2024-10-11,1000000.00,3.960309,97.9765625
08:01:29,91282CLM1,TSRYS5893517,D,S,D,2024-10-11,1000000.00,3.96162,97.96875
08:01:29,91282CLM1,TSRYS5893517,D,S,D,2024-10-11,1000000.00,3.961292,97.970703125
08:01:29,91282CLM1,TSRYS5893517,D,B,C,2024-10-11,5000000.00,3.960637,97.974609375
08:01:29,91282CLM1,TSRYS5893517,D,S,D,2024-10-11,5000000.00,3.960637,97.974609375
08:01:29,91282CLM1,TSRYS5893517,D,B,C,2024-10-11,2000000.00,3.960309,97.9765625
08:01:29,91282CLM1,TSRYS5893517,D,S,D,2024-10-11,2000000.00,3.960309,97.9765625
08:01:29,91282CLM1,TSRYS5893517,D,B,C,2024-10-11,1000000.00,3.960309,97.9765625
08:01:29,91282CLM1,TSRYS5893517,D,S,D,2024-10-11,1000000.00,3.960309,97.9765625
08:01:29,91282CLM1,TSRYS5893517,D,B,C,2024-10-11,1000000.00,3.960309,97.9765625
08:01:29,91282CLM1,TSRYS5893517,D,S,D,2024-10-11,1000000.00,3.960309,97.9765625
08:01:29,91282CLM1,TSRYS5893517,D,S,D,2024-10-11,1000000.00,3.960309,97.9765625
08:01:29,91282CLM1,TSRYS5893517,D,S,D,2024-10-11,1000000.00,3.960309,97.9765625
08:01:29,91282CLM1,TSRYS5893517,D,S,D,2024-10-11,1000000.00,3.960309,97.9765625
08:01:29,91282CLM1,TSRYS5893517,D,S,D,2024-10-11,1000000.00,3.960309,97.9765625
08:01:29,91282CLM1,TSRYS5893517,D,B,C,2024-10-11,1000000.00,3.960309,97.9765625
08:01:29,91282CLM1,TSRYS5893517,D,S,D,2024-10-11,1000000.00,3.960309,97.9765625
08:01:29,91282CLM1,TSRYS5893517,D,S,D,2024-10-11,1000000.00,3.960309,97.9765625
08:01:29,91282CLM1,TSRYS5893517,D,B,C,2024-10-11,1000000.00,3.959981,97.978515625
08:01:29,91282CLM1,TSRYS5893517,D,S,D,2024-10-11,1000000.00,3.959981,97.978515625
08:01:29,91282CLM1,TSRYS5893517,D,S,D,2024-10-11,2000000.00,3.959981,97.978515625
08:01:29,91282CLM1,TSRYS5893517,D,S,D,2024-10-11,1000000.00,3.95867,97.986328125
08:01:30,91282CLM1,TSRYS5893517,D,S,D,2024-10-11,1000000.00,3.958998,97.984375
08:01:30,91282CLM1,TSRYS5893517,D,S,D,2024-10-11,1000000.00,3.958998,97.984375
08:01:30,91282CLM1,TSRYS5893517,D,B,C,2024-10-11,1000000.00,3.958998,97.984375
08:01:30,91282CLM1,TSRYS5893517,D,S,D,2024-10-11,1000000.00,3.958998,97.984375
08:01:30,91282CLM1,TSRYS5893517,D,S,D,2024-10-11,1000000.00,3.958998,97.984375
08:01:30,91282CLM1,TSRYS5893517,D,S,D,2024-10-11,1000000.00,3.958998,97.984375
08:01:30,91282CLM1,TSRYS5893517,D,S,D,2024-10-11,1000000.00,3.958998,97.984375
08:01:30,91282CLM1,TSRYS5893517,D,S,C,2024-10-11,1000000.00,3.957687,97.9921875
08:01:30,91282CLM1,TSRYS5893517,D,S,D,2024-10-11,1000000.00,3.958343,97.98828125
08:01:30,91282CLM1,TSRYS5893517,D,B,C,2024-10-11,1000000.00,3.958343,97.98828125
08:01:30,91282CLM1,TSRYS5893517,D,B,C,2024-10-11,1000000.00,3.960637,97.974609375
08:01:30,91282CLM1,TSRYS5893517,D,S,D,2024-10-11,1000000.00,3.960637,97.974609375
08:01:30,91282CLM1,TSRYS5893517,D,S,D,2024-10-11,1000000.00,3.960637,97.974609375
08:01:30,91282CLM1,TSRYS5893517,D,B,C,2024-10-11,1000000.00,3.960637,97.974609375
08:01:31,91282CLM1,TSRYS5893517,D,S,T,2024-10-11,1000000.00,3.974757,97.890495
08:01:31,91282CLM1,TSRYS5893517,D,S,T,2024-10-11,1000000.00,3.974757,97.890495
08:01:31,91282CLM1,TSRYS5893517,D,S,D,2024-10-11,1000000.00,3.963586,97.95703125
08:01:31,91282CLM1,TSRYS5893517,D,S,D,2024-10-11,1000000.00,3.963586,97.95703125
08:01:31,91282CLM1,TSRYS5893517,D,S,C,2024-10-11,1000000.00,3.96457,97.951171875
08:01:31,91282CLM1,TSRYS5893517,D,B,C,2024-10-11,1000000.00,3.96162,97.96875
08:01:31,91282CLM1,TSRYS5893517,D,S,D,2024-10-11,1000000.00,3.96162,97.96875
08:01:31,91282CLM1,TSRYS5893517,D,B,C,2024-10-11,1000000.00,3.96162,97.96875
08:01:31,91282CLM1,TSRYS5893517,D,S,D,2024-10-11,1000000.00,3.96162,97.96875
08:01:31,91282CLM1,TSRYS5893517,D,S,D,2024-10-11,2000000.00,3.965553,97.9453125
08:01:31,91282CLM1,TSRYS5893517,D,S,D,2024-10-11,1000000.00,3.963914,97.955078125
08:01:31,91282CLM1,TSRYS5893517,D,S,D,2024-10-11,1000000.00,3.962931,97.9609375
08:01:32,91282CLM1,TSRYS5893517,D,S,D,2024-10-11,1000000.00,3.963586,97.95703125
08:01:32,91282CLM1,TSRYS5893517,D,S,D,2024-10-11,1000000.00,3.963586,97.95703125
08:01:32,91282CLM1,TSRYS5893517,D,S,D,2024-10-11,1000000.00,3.963586,97.95703125
08:01:32,91282CLM1,TSRYS5893517,D,S,C,2024-10-11,5000000.00,3.968175,97.92969
08:01:32,91282CLM1,TSRYS5893517,D,S,D,2024-10-11,1000000.00,3.964897,97.94921875
08:01:32,91282CLM1,TSRYS5893517,D,S,D,2024-10-11,1000000.00,3.964897,97.94921875
08:01:32,91282CLM1,TSRYS5893517,D,S,D,2024-10-11,1000000.00,3.96752,97.93359375
08:01:32,91282CLM1,TSRYS5893517,D,S,D,2024-10-11,1000000.00,3.96752,97.93359375
08:01:33,91282CLM1,TSRYS5893517,D,S,D,2024-10-11,1000000.00,3.966209,97.94140625
08:01:33,91282CLM1,TSRYS5893517,D,S,D,2024-10-11,1000000.00,3.965881,97.943359375
08:01:33,91282CLM1,TSRYS5893517,D,S,D,2024-10-11,1000000.00,3.96457,97.951171875
08:01:33,91282CLM1,TSRYS5893517,D,S,D,2024-10-11,1000000.00,3.966864,97.937675
08:01:33,91282CLM1,TSRYS5893517,D,B,C,2024-10-11,1000000.00,3.966864,97.9375
08:01:33,91282CLM1,TSRYS5893517,D,S,D,2024-10-11,1000000.00,3.966209,97.94140625
08:01:33,91282CLM1,TSRYS5893517,D,S,D,2024-10-11,1000000.00,3.966209,97.94140625
08:01:33,91282CLM1,TSRYS5893517,D,S,D,2024-10-11,1000000.00,3.966537,97.939453125
08:01:33,91282CLM1,TSRYS5893517,D,S,D,2024-10-11,2000000.00,3.966209,97.94140625
08:01:34,91282CLM1,TSRYS5893517,D,S,D,2024-10-11,1000000.00,3.968176,97.9296875
08:01:34,91282CLM1,TSRYS5893517,D,S,D,2024-10-11,1000000.00,3.968504,97.927734375
08:01:34,91282CLM1,TSRYS5893517,D,S,C,2024-10-11,1000000.00,3.968504,97.927734375
08:01:34,91282CLM1,TSRYS5893517,D,S,D,2024-10-11,1000000.00,3.968504,97.927734375
08:01:34,91282CLM1,TSRYS5893517,D,S,C,2024-10-11,1000000.00,3.968504,97.927734375
08:01:34,91282CLM1,TSRYS5893517,D,S,D,2024-10-11,1000000.00,3.968176,97.9296875
08:01:34,91282CLM1,TSRYS5893517,D,S,D,2024-10-11,1000000.00,3.974735,97.890625
08:01:34,91282CLM1,TSRYS5893517,D,S,D,2024-10-11,1000000.00,3.974735,97.890625
08:01:34,91282CLM1,TSRYS5893517,D,S,D,2024-10-11,1000000.00,3.968176,97.9296875
08:01:34,91282CLM1,TSRYS5893517,D,S,C,2024-10-11,1000000.00,3.974735,97.890625
08:01:34,91282CLM1,TSRYS5893517,D,S,C,2024-10-11,1000000.00,3.974735,97.890625
08:01:34,91282CLM1,TSRYS5893517,D,S,C,2024-10-11,1000000.00,3.974735,97.890625
08:01:34,91282CLM1,TSRYS5893517,D,S,C,2024-10-11,1000000.00,3.974735,97.890625
08:01:34,91282CLM1,TSRYS5893517,D,S,C,2024-10-11,1000000.00,3.974735,97.890625
08:01:34,91282CLM1,TSRYS5893517,D,S,C,2024-10-11,1000000.00,3.974735,97.890625
08:01:34,91282CLM1,TSRYS5893517,D,S,D,2024-10-11,1000000.00,3.968176,97.9296875
08:01:34,91282CLM1,TSRYS5893517,D,S,C,2024-10-11,1000000.00,3.974735,97.890625
08:01:34,91282CLM1,TSRYS5893517,D,S,D,2024-10-11,1000000.00,3.974735,97.890625
08:01:34,91282CLM1,TSRYS5893517,D,S,D,2024-10-11,1000000.00,3.968176,97.9296875
08:01:34,91282CLM1,TSRYS5893517,D,S,D,2024-10-11,1000000.00,3.968176,97.9296875
08:01:34,91282CLM1,TSRYS5893517,D,S,T,2024-10-11,1000000.00,3.974735,97.890625
08:01:34,91282CLM1,TSRYS5893517,D,S,D,2024-10-11,1000000.00,3.968176,97.9296875
08:01:34,91282CLM1,TSRYS5893517,D,S,T,2024-10-11,1000000.00,3.974735,97.890625
08:01:34,91282CLM1,TSRYS5893517,D,S,T,2024-10-11,1000000.00,3.974735,97.890625
08:01:34,91282CLM1,TSRYS5893517,D,S,T,2024-10-11,1000000.00,3.974769,97.890425
08:01:34,91282CLM1,TSRYS5893517,D,S,T,2024-10-11,1000000.00,3.974769,97.890425
08:01:34,91282CLM1,TSRYS5893517,D,S,T,2024-10-11,1000000.00,3.974769,97.890425
08:01:34,91282CLM1,TSRYS5893517,D,S,T,2024-10-11,1000000.00,3.974769,97.890425
08:01:34,91282CLM1,TSRYS5893517,D,S,D,2024-10-11,1000000.00,3.967192,97.935546875
08:01:34,91282CLM1,TSRYS5893517,D,B,C,2024-10-11,1000000.00,3.967192,97.935546875
08:01:34,91282CLM1,TSRYS5893517,D,S,D,2024-10-11,1000000.00,3.967192,97.935546875
08:01:34,91282CLM1,TSRYS5893517,D,B,C,2024-10-11,1000000.00,3.967192,97.935546875
08:01:35,91282CLM1,TSRYS5893517,D,S,C,2024-10-11,1000000.00,3.968176,97.9298625
08:01:35,91282CLM1,TSRYS5893517,D,S,D,2024-10-11,1000000.00,3.974735,97.890625
08:01:35,91282CLM1,TSRYS5893517,D,S,T,2024-10-11,1000000.00,3.974735,97.890625
08:01:35,91282CLM1,TSRYS5893517,D,S,D,2024-10-11,1000000.00,3.974735,97.890625
08:01:35,91282CLM1,TSRYS5893517,D,S,D,2024-10-11,1000000.00,3.974735,97.890625
08:01:35,91282CLM1,TSRYS5893517,D,S,D,2024-10-11,1000000.00,3.967192,97.935546875
08:01:35,91282CLM1,TSRYS5893517,D,B,C,2024-10-11,1000000.00,3.967192,97.935546875
08:01:35,91282CLM1,TSRYS5893517,D,S,C,2024-10-11,1000000.00,3.966864,97.9375
08:01:35,91282CLM1,TSRYS5893517,D,S,D,2024-10-11,1000000.00,3.966864,97.9375
08:01:35,91282CLM1,TSRYS5893517,D,B,C,2024-10-11,1000000.00,3.968176,97.9296875
08:01:35,91282CLM1,TSRYS5893517,D,S,D,2024-10-11,1000000.00,3.968176,97.9296875
08:01:37,91282CLM1,TSRYS5893517,D,S,C,2024-10-11,1000000.00,3.976703,97.87890625
08:01:37,91282CLM1,TSRYS5893517,D,S,C,2024-10-11,1000000.00,3.976703,97.87890625
08:01:37,91282CLM1,TSRYS5893517,D,S,D,2024-10-11,1000000.00,3.978672,97.8671875
08:01:38,91282CLM1,TSRYS5893517,D,S,T,2024-10-11,1000000.00,3.979328,97.86328125
08:01:38,91282CLM1,TSRYS5893517,D,S,D,2024-10-11,1000000.00,3.979328,97.86328125
08:01:38,91282CLM1,TSRYS5893517,D,S,T,2024-10-11,1000000.00,3.979328,97.86328125
08:01:38,91282CLM1,TSRYS5893517,D,S,T,2024-10-11,1000000.00,3.979328,97.86328125
08:01:38,91282CLM1,TSRYS5893517,D,S,T,2024-10-11,1000000.00,3.977031,97.87695312
08:01:38,91282CLM1,TSRYS5893517,D,S,D,2024-10-11,1000000.00,3.977031,97.87695312
08:01:38,91282CLM1,TSRYS5893517,D,S,T,2024-10-11,1000000.00,3.977031,97.87695312
08:01:38,91282CLM1,TSRYS5893517,D,S,T,2024-10-11,1000000.00,3.977031,97.87695312
08:01:38,91282CLM1,TSRYS5893517,D,S,T,2024-10-11,1000000.00,3.977031,97.87695312
08:01:38,91282CLM1,TSRYS5893517,D,S,T,2024-10-11,1000000.00,3.977031,97.87695312
08:01:38,91282CLM1,TSRYS5893517,D,S,T,2024-10-11,1000000.00,3.977031,97.87695312
08:01:38,91282CLM1,TSRYS5893517,D,S,D,2024-10-11,1000000.00,3.977031,97.87695312
08:01:38,91282CLM1,TSRYS5893517,D,S,T,2024-10-11,1000000.00,3.977031,97.87695312
08:01:38,91282CLM1,TSRYS5893517,D,S,T,2024-10-11,1000000.00,3.977031,97.87695312
08:01:38,91282CLM1,TSRYS5893517,D,S,D,2024-10-11,1000000.00,3.970799,97.9140625
08:01:38,91282CLM1,TSRYS5893517,D,S,D,2024-10-11,1000000.00,3.970799,97.9140625
08:01:39,91282CLM1,TSRYS5893517,D,S,D,2024-10-11,1000000.00,3.970799,97.9140625
08:01:39,91282CLM1,TSRYS5893517,D,S,D,2024-10-11,1000000.00,3.970799,97.9140625
08:01:39,91282CLM1,TSRYS5893517,D,S,C,2024-10-11,1000000.00,3.966864,97.9375
08:01:39,91282CLM1,TSRYS5893517,D,S,T,2024-10-11,1000000.00,3.977031,97.87695312
08:01:39,91282CLM1,TSRYS5893517,D,S,T,2024-10-11,1000000.00,3.977031,97.87695312
08:01:39,91282CLM1,TSRYS5893517,D,S,D,2024-10-11,1000000.00,3.977031,97.87695312
08:01:39,91282CLM1,TSRYS5893517,D,S,D,2024-10-11,1000000.00,3.977031,97.87695312
08:01:39,91282CLM1,TSRYS5893517,D,S,A,2024-10-11,100000000.00,3.970799,97.9140625
08:01:39,91282CLM1,TSRYS5893517,D,S,T,2024-10-11,1000000.00,3.972111,97.90625
08:01:39,91282CLM1,TSRYS5893517,D,S,T,2024-10-11,1000000.00,3.972111,97.90625
08:01:39,91282CLM1,TSRYS5893517,D,S,T,2024-10-11,3000000.00,3.972111,97.90625
08:01:39,91282CLM1,TSRYS5893517,D,S,T,2024-10-11,1000000.00,3.972111,97.90625
08:01:39,91282CLM1,TSRYS5893517,D,S,T,2024-10-11,4000000.00,3.972111,97.90625
08:01:40,91282CLM1,TSRYS5893517,D,S,D,2024-10-11,1000000.00,3.993117,97.78125
08:01:40,91282CLM1,TSRYS5893517,D,S,T,2024-10-11,1000000.00,3.974769,97.890425
08:01:40,91282CLM1,TSRYS5893517,D,S,T,2024-10-11,1000000.00,3.974769,97.890425
08:01:40,91282CLM1,TSRYS5893517,D,S,T,2024-10-11,1000000.00,3.974769,97.890425
08:01:40,91282CLM1,TSRYS5893517,D,S,T,2024-10-11,1000000.00,3.974769,97.890425
08:01:40,91282CLM1,TSRYS5893517,D,S,T,2024-10-11,1000000.00,3.974769,97.890425
08:01:40,91282CLM1,TSRYS5893517,D,S,D,2024-10-11,1000000.00,3.964897,97.94921875
08:01:40,91282CLM1,TSRYS5893517,D,S,T,2024-10-11,1000000.00,3.974769,97.890425
08:01:40,91282CLM1,TSRYS5893517,D,S,T,2024-10-11,1000000.00,3.974769,97.890425
08:01:40,91282CLM1,TSRYS5893517,D,S,T,2024-10-11,1000000.00,3.974769,97.890425
08:01:40,91282CLM1,TSRYS5893517,D,S,T,2024-10-11,1000000.00,3.974769,97.890425
08:01:40,91282CLM1,TSRYS5893517,D,S,T,2024-10-11,1000000.00,3.974769,97.890425
08:01:40,91282CLM1,TSRYS5893517,D,S,D,2024-10-11,1000000.00,3.974735,97.890625
08:01:40,91282CLM1,TSRYS5893517,D,S,T,2024-10-11,1000000.00,3.974769,97.890425
08:01:40,91282CLM1,TSRYS5893517,D,S,T,2024-10-11,1000000.00,3.974769,97.890425
08:01:40,91282CLM1,TSRYS5893517,D,S,D,2024-10-11,1000000.00,3.965881,97.943359375
08:01:40,91282CLM1,TSRYS5893517,D,B,C,2024-10-11,1000000.00,3.965881,97.943359375
08:01:40,91282CLM1,TSRYS5893517,D,S,T,2024-10-11,1000000.00,3.974769,97.890425
08:01:40,91282CLM1,TSRYS5893517,D,S,T,2024-10-11,1000000.00,3.974769,97.890425
08:01:40,91282CLM1,TSRYS5893517,D,S,T,2024-10-11,1000000.00,3.974769,97.890425
08:01:40,91282CLM1,TSRYS5893517,D,S,T,2024-10-11,1000000.00,3.974769,97.890425
08:01:40,91282CLM1,TSRYS5893517,D,S,T,2024-10-11,1000000.00,3.974769,97.890425
08:01:40,91282CLM1,TSRYS5893517,D,S,T,2024-10-11,1000000.00,3.974769,97.890425
08:01:40,91282CLM1,TSRYS5893517,D,S,T,2024-10-11,1000000.00,3.974769,97.890425
08:01:40,91282CLM1,TSRYS5893517,D,S,T,2024-10-11,1000000.00,3.974769,97.890425
08:01:40,91282CLM1,TSRYS5893517,D,S,T,2024-10-11,1000000.00,3.974769,97.890425
08:01:40,91282CLM1,TSRYS5893517,D,S,T,2024-10-11,1000000.00,3.974769,97.890425
08:01:40,91282CLM1,TSRYS5893517,D,S,D,2024-10-11,1000000.00,3.974735,97.890625
08:01:40,91282CLM1,TSRYS5893517,D,S,D,2024-10-11,1000000.00,3.974735,97.890625
08:01:40,91282CLM1,TSRYS5893517,D,S,T,2024-10-11,1000000.00,3.974735,97.890625
08:01:40,91282CLM1,TSRYS5893517,D,S,T,2024-10-11,1000000.00,3.974735,97.890625
08:01:40,91282CLM1,TSRYS5893517,D,S,T,2024-10-11,1000000.00,3.974769,97.890425
08:01:40,91282CLM1,TSRYS5893517,D,S,T,2024-10-11,1000000.00,3.974769,97.890425
08:01:40,91282CLM1,TSRYS5893517,D,S,D,2024-10-11,1000000.00,3.972111,97.90625
08:01:40,91282CLM1,TSRYS5893517,D,S,D,2024-10-11,1000000.00,3.972111,97.90625
08:01:40,91282CLM1,TSRYS5893517,D,S,D,2024-10-11,3000000.00,3.972111,97.90625
08:01:40,91282CLM1,TSRYS5893517,D,S,D,2024-10-11,1000000.00,3.972111,97.90625
08:01:40,91282CLM1,TSRYS5893517,D,S,T,2024-10-11,1000000.00,3.974769,97.890425
08:01:40,91282CLM1,TSRYS5893517,D,S,D,2024-10-11,4000000.00,3.972111,97.90625
08:01:40,91282CLM1,TSRYS5893517,D,S,C,2024-10-11,1000000.00,3.974407,97.892578125
08:01:41,91282CLM1,TSRYS5893517,D,S,D,2024-10-11,1000000.00,3.972111,97.90625
08:01:41,91282CLM1,TSRYS5893517,D,S,D,2024-10-11,1000000.00,3.972111,97.90625
08:01:41,91282CLM1,TSRYS5893517,D,S,D,2024-10-11,1000000.00,3.972111,97.90625
08:01:41,91282CLM1,TSRYS5893517,D,B,C,2024-10-11,1000000.00,3.972111,97.90625
08:01:41,91282CLM1,TSRYS5893517,D,S,D,2024-10-11,1000000.00,3.972111,97.90625
08:01:41,91282CLM1,TSRYS5893517,D,S,D,2024-10-11,2000000.00,3.972111,97.90625
08:01:42,91282CLM1,TSRYS5893517,D,S,D,2024-10-11,1000000.00,3.972111,97.90625
08:01:42,91282CLM1,TSRYS5893517,D,S,D,2024-10-11,1000000.00,3.972111,97.90625
08:01:42,91282CLM1,TSRYS5893517,D,B,C,2024-10-11,1000000.00,3.972111,97.90625
08:01:42,91282CLM1,TSRYS5893517,D,S,D,2024-10-11,1000000.00,3.972111,97.90625
08:01:42,91282CLM1,TSRYS5893517,D,S,D,2024-10-11,1000000.00,3.972111,97.90625
08:01:42,91282CLM1,TSRYS5893517,D,S,D,2024-10-11,1000000.00,3.972111,97.90625
08:01:43,91282CLM1,TSRYS5893517,D,S,D,2024-10-11,1000000.00,3.974735,97.890625
08:01:43,91282CLM1,TSRYS5893517,D,S,D,2024-10-11,1000000.00,3.974735,97.890625
08:01:43,91282CLM1,TSRYS5893517,D,S,C,2024-10-11,1000000.00,3.974735,97.890625
08:01:43,91282CLM1,TSRYS5893517,D,S,D,2024-10-11,1000000.00,3.974735,97.890625
08:01:43,91282CLM1,TSRYS5893517,D,S,A,2024-10-11,450000.00,3.981954,97.84765625
08:01:43,91282CLM1,TSRYS5893517,D,S,D,2024-10-11,1000000.00,3.978016,97.87109375
08:01:43,91282CLM1,TSRYS5893517,D,S,D,2024-10-11,1000000.00,3.978016,97.87109375
08:01:43,91282CLM1,TSRYS5893517,D,S,D,2024-10-11,2000000.00,3.978672,97.8671875
08:01:43,91282CLM1,TSRYS5893517,D,S,D,2024-10-11,2000000.00,3.978672,97.8671875
08:01:44,91282CLM1,TSRYS5893517,D,S,D,2024-10-11,3000000.00,3.978672,97.8671875
08:01:44,91282CLM1,TSRYS5893517,D,S,D,2024-10-11,2000000.00,3.979328,97.86328125
08:01:44,91282CLM1,TSRYS5893517,D,B,C,2024-10-11,2000000.00,3.979328,97.86328125
08:01:44,91282CLM1,TSRYS5893517,D,S,D,2024-10-11,1000000.00,3.979328,97.86328125
08:01:44,91282CLM1,TSRYS5893517,D,S,D,2024-10-11,1000000.00,3.979328,97.86328125
08:01:44,91282CLM1,TSRYS5893517,D,S,D,2024-10-11,4000000.00,3.978344,97.869140625
08:01:44,91282CLM1,TSRYS5893517,D,S,T,2024-10-11,3000000.00,3.97344,97.8983375
08:01:44,91282CLM1,TSRYS5893517,D,S,T,2024-10-11,1000000.00,3.97344,97.8983375
08:01:44,91282CLM1,TSRYS5893517,D,S,T,2024-10-11,1000000.00,3.97344,97.8983375
08:01:44,91282CLM1,TSRYS5893517,D,S,T,2024-10-11,1000000.00,3.973423,97.8984375
08:01:44,91282CLM1,TSRYS5893517,D,S,D,2024-10-11,1000000.00,3.978344,97.869140625
08:01:44,91282CLM1,TSRYS5893517,D,S,D,2024-10-11,1000000.00,3.978672,97.8671875
08:01:44,91282CLM1,TSRYS5893517,D,S,D,2024-10-11,1000000.00,3.978672,97.8671875
08:01:44,91282CLM1,TSRYS5893517,D,S,D,2024-10-11,1000000.00,3.978672,97.8671875
08:01:44,91282CLM1,TSRYS5893517,D,S,D,2024-10-11,1000000.00,3.978672,97.8671875
08:01:44,91282CLM1,TSRYS5893517,D,S,D,2024-10-11,1000000.00,3.978672,97.8671875
08:01:44,91282CLM1,TSRYS5893517,D,S,D,2024-10-11,1000000.00,3.978344,97.869140625
08:01:44,91282CLM1,TSRYS5893517,D,S,T,2024-10-11,1000000.00,3.973423,97.8984375
08:01:44,91282CLM1,TSRYS5893517,D,S,D,2024-10-11,1000000.00,3.978672,97.8671875
08:01:44,91282CLM1,TSRYS5893517,D,B,C,2024-10-11,1000000.00,3.978672,97.8671875
08:01:44,91282CLM1,TSRYS5893517,D,S,D,2024-10-11,1000000.00,3.978016,97.87109375
08:01:44,91282CLM1,TSRYS5893517,D,S,D,2024-10-11,1000000.00,3.977688,97.873046875
08:01:44,91282CLM1,TSRYS5893517,D,S,D,2024-10-11,1000000.00,3.977688,97.873046875
08:01:44,91282CLM1,TSRYS5893517,D,S,D,2024-10-11,1000000.00,3.977688,97.873046875
08:01:44,91282CLM1,TSRYS5893517,D,S,D,2024-10-11,1000000.00,3.977688,97.873046875
08:01:44,91282CLM1,TSRYS5893517,D,S,D,2024-10-11,1000000.00,3.977688,97.873046875
08:01:45,91282CLM1,TSRYS5893517,D,S,D,2024-10-11,1000000.00,3.978672,97.8671875
08:01:45,91282CLM1,TSRYS5893517,D,B,C,2024-10-11,1000000.00,3.978344,97.869140625
08:01:45,91282CLM1,TSRYS5893517,D,S,D,2024-10-11,1000000.00,3.978344,97.869140625
08:01:45,91282CLM1,TSRYS5893517,D,S,D,2024-10-11,2000000.00,3.977688,97.873046875
08:01:45,91282CLM1,TSRYS5893517,D,S,D,2024-10-11,1000000.00,3.976703,97.87890625
08:01:45,91282CLM1,TSRYS5893517,D,S,D,2024-10-11,1000000.00,3.977688,97.873046875
08:01:45,91282CLM1,TSRYS5893517,D,S,D,2024-10-11,2000000.00,3.977688,97.873046875
08:01:45,91282CLM1,TSRYS5893517,D,S,D,2024-10-11,1000000.00,3.977688,97.873046875
08:01:46,91282CLM1,TSRYS5893517,D,S,D,2024-10-11,980000.00,3.996402,97.76171875
08:01:46,91282CLM1,TSRYS5893517,D,S,D,2024-10-11,1000000.00,3.977688,97.873046875
08:01:46,91282CLM1,TSRYS5893517,D,S,D,2024-10-11,1000000.00,3.977688,97.873046875
08:01:46,91282CLM1,TSRYS5893517,D,S,D,2024-10-11,1000000.00,3.977688,97.873046875
08:01:46,91282CLM1,TSRYS5893517,D,S,D,2024-10-11,1000000.00,3.978672,97.8671875
08:01:46,91282CLM1,TSRYS5893517,D,S,D,2024-10-11,1000000.00,3.978672,97.8671875
08:01:46,91282CLM1,TSRYS5893517,D,S,D,2024-10-11,1000000.00,3.979328,97.86328125
08:01:46,91282CLM1,TSRYS5893517,D,S,D,2024-10-11,1000000.00,3.979328,97.86328125
08:01:46,91282CLM1,TSRYS5893517,D,S,D,2024-10-11,1000000.00,3.979328,97.86328125
08:01:46,91282CLM1,TSRYS5893517,D,S,D,2024-10-11,1000000.00,3.977688,97.873046875
08:01:46,91282CLM1,TSRYS5893517,D,S,D,2024-10-11,1000000.00,3.977031,97.876953125
08:01:46,91282CLM1,TSRYS5893517,D,S,D,2024-10-11,1000000.00,3.977031,97.876953125
08:01:46,91282CLM1,TSRYS5893517,D,S,D,2024-10-11,1000000.00,3.972111,97.90625
08:01:46,91282CLM1,TSRYS5893517,D,S,D,2024-10-11,1000000.00,3.976703,97.87890625
08:01:46,91282CLM1,TSRYS5893517,D,S,D,2024-10-11,1000000.00,3.976703,97.87890625
08:01:47,91282CLM1,TSRYS5893517,D,S,D,2024-10-11,1000000.00,3.976703,97.87890625
08:01:47,91282CLM1,TSRYS5893517,D,S,D,2024-10-11,1000000.00,3.976703,97.87890625
08:01:47,91282CLM1,TSRYS5893517,D,S,D,2024-10-11,1000000.00,3.977031,97.876953125
08:01:47,91282CLM1,TSRYS5893517,D,S,T,2024-10-11,1000000.00,3.994431,97.7734375
08:01:47,91282CLM1,TSRYS5893517,D,S,D,2024-10-11,1000000.00,3.977688,97.873046875
08:01:47,91282CLM1,TSRYS5893517,D,S,D,2024-10-11,1000000.00,3.977688,97.873046875
08:01:47,91282CLM1,TSRYS5893517,D,B,C,2024-10-11,1000000.00,3.977688,97.873046875
08:01:47,91282CLM1,TSRYS5893517,D,S,D,2024-10-11,1000000.00,3.977688,97.873046875
08:01:47,91282CLM1,TSRYS5893517,D,S,D,2024-10-11,1000000.00,3.977688,97.873046875
08:01:47,91282CLM1,TSRYS5893517,D,S,D,2024-10-11,1000000.00,3.977688,97.873046875
08:01:47,91282CLM1,TSRYS5893517,D,B,C,2024-10-11,1000000.00,3.977688,97.873046875
08:01:47,91282CLM1,TSRYS5893517,D,S,A,2024-10-11,1500000.00,3.970906,97.9140625
08:01:47,91282CLM1,TSRYS5893517,D,S,D,2024-10-11,1000000.00,3.977031,97.876953125
08:01:47,91282CLM1,TSRYS5893517,D,S,D,2024-10-11,1000000.00,3.977031,97.876953125
08:01:47,91282CLM1,TSRYS5893517,D,S,D,2024-10-11,1000000.00,3.977031,97.876953125
08:01:47,91282CLM1,TSRYS5893517,D,S,D,2024-10-11,1000000.00,3.977031,97.876953125
08:01:47,91282CLM1,TSRYS5893517,D,S,D,2024-10-11,1000000.00,3.977031,97.876953125
08:01:47,91282CLM1,TSRYS5893517,D,S,T,2024-10-11,8000000.00,3.993117,97.78125
08:01:47,91282CLM1,TSRYS5893517,D,S,T,2024-10-11,1000000.00,3.993117,97.78125
08:01:47,91282CLM1,TSRYS5893517,D,S,D,2024-10-11,1000000.00,3.977031,97.876953125
08:01:47,91282CLM1,TSRYS5893517,D,S,D,2024-10-11,1000000.00,3.977031,97.876953125
08:01:47,91282CLM1,TSRYS5893517,D,S,T,2024-10-11,1000000.00,3.993117,97.78125
08:01:48,91282CLM1,TSRYS5893517,D,S,T,2024-10-11,3000000.00,3.993117,97.78125
08:01:48,91282CLM1,TSRYS5893517,D,S,D,2024-10-11,1000000.00,3.974735,97.890625
08:01:48,91282CLM1,TSRYS5893517,D,S,D,2024-10-11,1000000.00,3.974735,97.890625
08:01:48,91282CLM1,TSRYS5893517,D,S,D,2024-10-11,1000000.00,3.974735,97.890625
08:01:48,91282CLM1,TSRYS5893517,D,S,D,2024-10-11,1000000.00,3.974735,97.890625
08:01:48,91282CLM1,TSRYS5893517,D,S,D,2024-10-11,1000000.00,3.974735,97.890625
08:01:48,91282CLM1,TSRYS5893517,D,B,C,2024-10-11,1000000.00,3.979656,97.86132812
08:01:48,91282CLM1,TSRYS5893517,D,B,C,2024-10-11,1000000.00,3.979656,97.86132812
08:01:48,91282CLM1,TSRYS5893517,D,B,C,2024-10-11,1000000.00,3.979656,97.86132812
08:01:48,91282CLM1,TSRYS5893517,D,B,C,2024-10-11,1000000.00,3.979656,97.86132812
08:01:48,91282CLM1,TSRYS5893517,D,B,C,2024-10-11,1000000.00,3.979656,97.86132812
08:01:48,91282CLM1,TSRYS5893517,D,B,C,2024-10-11,1000000.00,3.979656,97.86132812
08:01:48,91282CLM1,TSRYS5893517,D,B,C,2024-10-11,1000000.00,3.982282,97.84570312
08:01:48,91282CLM1,TSRYS5893517,D,B,C,2024-10-11,1000000.00,3.982282,97.84570312
08:01:48,91282CLM1,TSRYS5893517,D,B,C,2024-10-11,1000000.00,3.982282,97.84570312
08:01:48,91282CLM1,TSRYS5893517,D,B,C,2024-10-11,1000000.00,3.982282,97.84570312
08:01:48,91282CLM1,TSRYS5893517,D,B,C,2024-10-11,1000000.00,3.982282,97.84570312
08:01:48,91282CLM1,TSRYS5893517,D,B,C,2024-10-11,1000000.00,3.982282,97.84570312
08:01:48,91282CLM1,TSRYS5893517,D,S,C,2024-10-11,12000000.00,3.980931,97.85374
08:01:49,91282CLM1,TSRYS5893517,D,S,D,2024-10-11,1000000.00,3.978672,97.8671875
08:01:49,91282CLM1,TSRYS5893517,D,S,D,2024-10-11,500000.00,3.996469,97.76131875
08:01:49,91282CLM1,TSRYS5893517,D,S,D,2024-10-11,1000000.00,3.974079,97.89453125
08:01:49,91282CLM1,TSRYS5893517,D,S,D,2024-10-11,1000000.00,3.974079,97.89453125
08:01:49,91282CLM1,TSRYS5893517,D,B,C,2024-10-11,1000000.00,3.974407,97.892578125
08:01:49,91282CLM1,TSRYS5893517,D,S,D,2024-10-11,1000000.00,3.974407,97.892578125
08:01:49,91282CLM1,TSRYS5893517,D,S,C,2024-10-11,1000000.00,3.973095,97.900390625
08:01:49,91282CLM1,TSRYS5893517,D,S,C,2024-10-11,1000000.00,3.973095,97.900390625
08:01:49,91282CLM1,TSRYS5893517,D,S,C,2024-10-11,2000000.00,3.973423,97.8984375
08:01:49,91282CLM1,TSRYS5893517,D,S,D,2024-10-11,1000000.00,3.973423,97.8984375
08:01:49,91282CLM1,TSRYS5893517,D,B,C,2024-10-11,1000000.00,3.973423,97.8984375
08:01:49,91282CLM1,TSRYS5893517,D,S,C,2024-10-11,1000000.00,3.974735,97.890625
08:01:50,91282CLM1,TSRYS5893517,D,S,D,2024-10-11,1000000.00,3.976703,97.87890625
08:01:50,91282CLM1,TSRYS5893517,D,B,C,2024-10-11,1000000.00,3.976703,97.87890625
08:01:50,91282CLM1,TSRYS5893517,D,S,D,2024-10-11,1000000.00,3.978344,97.869140625
08:01:50,91282CLM1,TSRYS5893517,D,S,D,2024-10-11,1500000.00,3.995088,97.76953125
08:01:51,91282CLM1,TSRYS5893517,D,S,T,2024-10-11,1000000.00,3.963586,97.95703125
08:01:51,91282CLM1,TSRYS5893517,D,S,D,2024-10-11,953000.00,3.997059,97.7578125
08:01:51,91282CLM1,TSRYS5893517,D,S,T,2024-10-11,1000000.00,3.963586,97.95703125
08:01:51,91282CLM1,TSRYS5893517,D,S,T,2024-10-11,1000000.00,3.993117,97.78125
08:01:51,91282CLM1,TSRYS5893517,D,S,T,2024-10-11,1000000.00,3.964591,97.951046875
08:01:51,91282CLM1,TSRYS5893517,D,S,T,2024-10-11,1000000.00,3.963914,97.955078125
08:01:51,91282CLM1,TSRYS5893517,D,S,T,2024-10-11,1000000.00,3.963279,97.958859375
08:01:51,91282CLM1,TSRYS5893517,D,S,T,2024-10-11,1000000.00,3.993117,97.78125
08:01:51,91282CLM1,TSRYS5893517,D,S,T,2024-10-11,3000000.00,3.993117,97.78125
08:01:51,91282CLM1,TSRYS5893517,D,S,T,2024-10-11,1000000.00,3.962931,97.9609375
08:01:52,91282CLM1,TSRYS5893517,D,S,T,2024-10-11,1000000.00,3.961968,97.966671875
08:01:52,91282CLM1,TSRYS5893517,D,S,T,2024-10-11,1000000.00,3.963607,97.95690625
08:01:52,91282CLM1,TSRYS5893517,D,S,T,2024-10-11,1000000.00,3.963586,97.95703125
08:01:52,91282CLM1,TSRYS5893517,D,S,T,2024-10-11,1000000.00,3.963586,97.95703125
08:01:52,91282CLM1,TSRYS5893517,D,S,T,2024-10-11,1000000.00,3.963586,97.95703125
08:01:53,91282CLM1,TSRYS5893517,D,S,T,2024-10-11,1000000.00,3.995745,97.765625
08:01:53,91282CLM1,TSRYS5893517,D,S,T,2024-10-11,1000000.00,3.964897,97.94921875
08:01:53,91282CLM1,TSRYS5893517,D,S,T,2024-10-11,1000000.00,3.964897,97.94921875
08:01:53,91282CLM1,TSRYS5893517,D,S,T,2024-10-11,1000000.00,3.96752,97.93359375
08:01:54,91282CLM1,TSRYS5893517,D,S,D,2024-10-11,953000.00,3.998373,97.75
08:01:54,91282CLM1,TSRYS5893517,D,S,T,2024-10-11,1000000.00,3.967541,97.93346875
08:01:54,91282CLM1,TSRYS5893517,D,S,T,2024-10-11,1000000.00,3.96752,97.93359375
08:01:54,91282CLM1,TSRYS5893517,D,S,T,2024-10-11,1000000.00,3.96623,97.94128125
08:01:54,91282CLM1,TSRYS5893517,D,S,T,2024-10-11,1000000.00,3.966209,97.94140625
08:01:54,91282CLM1,TSRYS5893517,D,S,T,2024-10-11,1000000.00,3.965881,97.943359375
08:01:54,91282CLM1,TSRYS5893517,D,B,C,2024-10-11,5000000.00,3.989833,97.80078125
08:01:54,91282CLM1,TSRYS5893517,D,S,T,2024-10-11,1000000.00,3.96457,97.951171875
08:01:55,91282CLM1,TSRYS5893517,D,S,T,2024-10-11,1000000.00,3.966209,97.94140625
08:01:55,91282CLM1,TSRYS5893517,D,B,C,2024-10-11,6000000.00,3.989504,97.80273437
08:01:55,91282CLM1,TSRYS5893517,D,B,C,2024-10-11,1000000.00,3.989504,97.80273437
08:01:55,91282CLM1,TSRYS5893517,D,S,T,2024-10-11,1000000.00,3.96623,97.94128125
08:01:55,91282CLM1,TSRYS5893517,D,S,T,2024-10-11,1000000.00,3.967213,97.935421875
08:01:55,91282CLM1,TSRYS5893517,D,S,T,2024-10-11,1000000.00,3.966209,97.94140625
08:01:55,91282CLM1,TSRYS5893517,D,S,C,2024-10-11,1000000.00,3.990489,97.796875
08:01:55,91282CLM1,TSRYS5893517,D,S,T,2024-10-11,1000000.00,3.966537,97.939453125
08:01:55,91282CLM1,TSRYS5893517,D,S,T,2024-10-11,1000000.00,3.96623,97.94128125
08:01:55,91282CLM1,TSRYS5893517,D,S,T,2024-10-11,2000000.00,3.966209,97.94140625
08:01:56,91282CLM1,TSRYS5893517,D,B,C,2024-10-11,5000000.00,3.990818,97.79492187
08:01:56,91282CLM1,TSRYS5893517,D,S,T,2024-10-11,1000000.00,3.968525,97.927609375
08:01:56,91282CLM1,TSRYS5893517,D,S,T,2024-10-11,1000000.00,3.968176,97.9296875
08:01:56,91282CLM1,TSRYS5893517,D,S,T,2024-10-11,1000000.00,3.968525,97.927609375
08:01:56,91282CLM1,TSRYS5893517,D,B,C,2024-10-11,6000000.00,3.990489,97.796875
08:01:56,91282CLM1,TSRYS5893517,D,S,D,2024-10-11,1000000.00,3.990489,97.796875
08:01:56,91282CLM1,TSRYS5893517,D,S,D,2024-10-11,1000000.00,3.990489,97.796875
08:01:56,91282CLM1,TSRYS5893517,D,S,D,2024-10-11,1000000.00,3.990161,97.798828125
08:01:56,91282CLM1,TSRYS5893517,D,S,D,2024-10-11,1000000.00,3.990161,97.798828125
08:01:56,91282CLM1,TSRYS5893517,D,S,D,2024-10-11,1000000.00,3.989176,97.8046875
08:01:56,91282CLM1,TSRYS5893517,D,S,D,2024-10-11,1000000.00,3.989176,97.8046875
08:01:56,91282CLM1,TSRYS5893517,D,B,C,2024-10-11,5000000.00,3.990489,97.796875
08:01:56,91282CLM1,TSRYS5893517,D,B,C,2024-10-11,2000000.00,3.990489,97.796875
08:01:56,91282CLM1,TSRYS5893517,D,B,C,2024-10-11,1000000.00,3.990489,97.796875
08:01:56,91282CLM1,TSRYS5893517,D,S,D,2024-10-11,1000000.00,3.989176,97.8046875
08:01:56,91282CLM1,TSRYS5893517,D,B,C,2024-10-11,1000000.00,3.989176,97.8046875
08:01:56,91282CLM1,TSRYS5893517,D,S,T,2024-10-11,1000000.00,3.968504,97.927734375
08:01:56,91282CLM1,TSRYS5893517,D,S,D,2024-10-11,1000000.00,3.989176,97.8046875
08:01:56,91282CLM1,TSRYS5893517,D,S,D,2024-10-11,1000000.00,3.989176,97.8046875
08:01:56,91282CLM1,TSRYS5893517,D,S,D,2024-10-11,1000000.00,3.990161,97.798828125
08:01:56,91282CLM1,TSRYS5893517,D,S,T,2024-10-11,1000000.00,3.968504,97.927734375
08:01:56,91282CLM1,TSRYS5893517,D,B,C,2024-10-11,1000000.00,3.990161,97.79882812
08:01:56,91282CLM1,TSRYS5893517,D,S,T,2024-10-11,1000000.00,3.968504,97.927734375
08:01:57,91282CLM1,TSRYS5893517,D,S,D,2024-10-11,1000000.00,3.989176,97.8046875
08:01:57,91282CLM1,TSRYS5893517,D,S,D,2024-10-11,1000000.00,3.989176,97.8046875
08:01:57,91282CLM1,TSRYS5893517,D,S,T,2024-10-11,1000000.00,3.968504,97.927734375
08:01:57,91282CLM1,TSRYS5893517,D,S,D,2024-10-11,1000000.00,3.989176,97.8046875
08:01:57,91282CLM1,TSRYS5893517,D,S,T,2024-10-11,1000000.00,3.968176,97.9296875
08:01:57,91282CLM1,TSRYS5893517,D,S,T,2024-10-11,5000000.00,3.993117,97.78125
08:01:57,91282CLM1,TSRYS5893517,D,S,D,2024-10-11,1000000.00,3.988848,97.806640625
08:01:58,91282CLM1,TSRYS5893517,D,S,C,2024-10-11,84000000.00,3.989712,97.8015
08:01:58,91282CLM1,TSRYS5893517,D,S,D,2024-10-11,1000000.00,3.988848,97.806640625
08:01:58,91282CLM1,TSRYS5893517,D,B,C,2024-10-11,1000000.00,3.988848,97.806640625
08:01:59,91282CLM1,TSRYS5893517,D,S,D,2024-10-11,3000000.00,3.993117,97.78125
08:02:00,91282CLM1,TSRYS5893517,D,S,C,2024-10-11,1000000.00,3.996402,97.76171875
08:02:00,91282CLM1,TSRYS5893517,D,S,C,2024-10-11,1000000.00,3.998045,97.751953125
08:02:00,91282CLM1,TSRYS5893517,D,S,T,2024-10-11,1000000.00,3.96162,97.96875
08:02:00,91282CLM1,TSRYS5893517,D,S,T,2024-10-11,1000000.00,3.962275,97.96484375
08:02:00,91282CLM1,TSRYS5893517,D,S,T,2024-10-11,1000000.00,3.962275,97.96484375
08:02:00,91282CLM1,TSRYS5893517,D,S,T,2024-10-11,1000000.00,3.962275,97.96484375
08:02:00,91282CLM1,TSRYS5893517,D,S,T,2024-10-11,1000000.00,3.962275,97.96484375
08:02:00,91282CLM1,TSRYS5893517,D,S,T,2024-10-11,1000000.00,3.962275,97.96484375
08:02:00,91282CLM1,TSRYS5893517,D,S,T,2024-10-11,2000000.00,3.960964,97.97265625
08:02:00,91282CLM1,TSRYS5893517,D,S,T,2024-10-11,4000000.00,3.960637,97.974609375
08:02:00,91282CLM1,TSRYS5893517,D,S,T,2024-10-11,1000000.00,3.960637,97.974609375
08:02:00,91282CLM1,TSRYS5893517,D,S,T,2024-10-11,1000000.00,3.968832,97.92578125
08:02:00,91282CLM1,TSRYS5893517,D,S,T,2024-10-11,1000000.00,3.967848,97.931640625
08:02:00,91282CLM1,TSRYS5893517,D,S,T,2024-10-11,1000000.00,3.968176,97.9296875
08:02:00,91282CLM1,TSRYS5893517,D,S,T,2024-10-11,1000000.00,3.965881,97.943359375
08:02:00,91282CLM1,TSRYS5893517,D,S,T,2024-10-11,1000000.00,3.965881,97.943359375
08:02:00,91282CLM1,TSRYS5893517,D,S,T,2024-10-11,2000000.00,3.965553,97.9453125
08:02:00,91282CLM1,TSRYS5893517,D,S,T,2024-10-11,1000000.00,3.969815,97.919921875
08:02:00,91282CLM1,TSRYS5893517,D,S,T,2024-10-11,1000000.00,3.970471,97.916015625
08:02:00,91282CLM1,TSRYS5893517,D,S,D,2024-10-11,1000000.00,3.970471,97.916015625
08:02:00,91282CLM1,TSRYS5893517,D,S,D,2024-10-11,1000000.00,3.975063,97.888671875
08:02:00,91282CLM1,TSRYS5893517,D,S,D,2024-10-11,1000000.00,3.971783,97.908203125
08:02:00,91282CLM1,TSRYS5893517,D,S,T,2024-10-11,1000000.00,3.966864,97.9375
08:02:00,91282CLM1,TSRYS5893517,D,S,D,2024-10-11,1000000.00,3.99903,97.74609375
08:02:01,91282CLM1,TSRYS5893517,D,S,T,2024-10-11,1000000.00,3.972111,97.90625
08:02:01,91282CLM1,TSRYS5893517,D,S,T,2024-10-11,1000000.00,3.972111,97.90625
08:02:01,91282CLM1,TSRYS5893517,D,S,T,2024-10-11,1000000.00,3.972111,97.90625
08:02:01,91282CLM1,TSRYS5893517,D,S,T,2024-10-11,1000000.00,3.972111,97.90625
08:02:01,91282CLM1,TSRYS5893517,D,S,T,2024-10-11,1000000.00,3.972111,97.90625
08:02:01,91282CLM1,TSRYS5893517,D,S,T,2024-10-11,1000000.00,3.979328,97.86328125
08:02:01,91282CLM1,TSRYS5893517,D,S,T,2024-10-11,1000000.00,3.979328,97.86328125
08:02:01,91282CLM1,TSRYS5893517,D,S,T,2024-10-11,4000000.00,3.978344,97.869140625
08:02:01,91282CLM1,TSRYS5893517,D,S,T,2024-10-11,1000000.00,3.978672,97.8671875
08:02:01,91282CLM1,TSRYS5893517,D,S,T,2024-10-11,1000000.00,3.978672,97.8671875
08:02:01,91282CLM1,TSRYS5893517,D,S,T,2024-10-11,1000000.00,3.977688,97.873046875
08:02:01,91282CLM1,TSRYS5893517,D,B,C,2024-10-11,1000000.00,3.998045,97.751953125
08:02:01,91282CLM1,TSRYS5893517,D,S,D,2024-10-11,1000000.00,3.998045,97.751953125
08:02:01,91282CLM1,TSRYS5893517,D,S,C,2024-10-11,1000000.00,3.998373,97.75
08:02:01,91282CLM1,TSRYS5893517,D,S,D,2024-10-11,1000000.00,3.978672,97.8671875
08:02:01,91282CLM1,TSRYS5893517,D,S,D,2024-10-11,1000000.00,3.978672,97.8671875
08:02:01,91282CLM1,TSRYS5893517,D,S,T,2024-10-11,1000000.00,3.977688,97.873046875
08:02:01,91282CLM1,TSRYS5893517,D,S,T,2024-10-11,1000000.00,3.976703,97.87890625
08:02:01,91282CLM1,TSRYS5893517,D,S,T,2024-10-11,1000000.00,3.974735,97.890625
08:02:01,91282CLM1,TSRYS5893517,D,S,T,2024-10-11,1000000.00,3.974735,97.890625
08:02:01,91282CLM1,TSRYS5893517,D,S,T,2024-10-11,1000000.00,3.974079,97.89453125
08:02:01,91282CLM1,TSRYS5893517,D,S,T,2024-10-11,1000000.00,3.974079,97.89453125
08:02:01,91282CLM1,TSRYS5893517,D,S,T,2024-10-11,1000000.00,3.974079,97.89453125
08:02:01,91282CLM1,TSRYS5893517,D,S,D,2024-10-11,1000000.00,3.973423,97.8984375
08:02:01,91282CLM1,TSRYS5893517,D,S,T,2024-10-11,1000000.00,3.974735,97.890625
