tradeTime,cusip,issueSymbolIdentifier,priceType,reportingSideCode,contraPartyTypeCode,tradeDate,reportedTradeVolume,lastSaleYield,lastSalePrice
08:00:02,91282CKF7,TSRYS5774875,D,S,D,2024-04-15,1000000.00,4.555339,97.45703125
08:00:02,91282CKF7,TSRYS5774875,D,S,D,2024-04-15,1000000.00,4.555339,97.45703125
08:00:02,91282CKF7,TSRYS5774875,D,S,D,2024-04-15,1000000.00,4.550975,97.482421875
08:00:02,91282CKF7,TSRYS5774875,D,S,T,2024-04-15,1000000.00,4.54527,97.515625
08:00:02,91282CKF7,TSRYS5774875,D,S,T,2024-04-15,1000000.00,4.542586,97.53125
08:00:02,91282CKF7,TSRYS5774875,D,S,T,2024-04-15,1000000.00,4.546277,97.509765625
08:00:02,91282CKF7,TSRYS5774875,D,S,D,2024-04-15,1000000.00,4.54158,97.537109375
08:00:02,91282CKF7,TSRYS5774875,D,S,T,2024-04-15,1000000.00,4.54527,97.515625
08:00:02,91282CKF7,TSRYS5774875,D,S,D,2024-04-15,1000000.00,4.558697,97.4375
08:00:02,91282CKF7,TSRYS5774875,D,S,D,2024-04-15,1000000.00,4.558697,97.4375
08:00:02,91282CKF7,TSRYS5774875,D,S,D,2024-04-15,1000000.00,4.571464,97.36328125
08:00:02,91282CKF7,TSRYS5774875,D,S,D,2024-04-15,1000000.00,4.573145,97.353515625
08:00:02,91282CKF7,TSRYS5774875,D,S,D,2024-04-15,1000000.00,4.573145,97.353515625
08:00:06,91282CKF7,TSRYS5774875,D,S,T,2024-04-15,1000000.00,4.569448,97.375
08:00:06,91282CKF7,TSRYS5774875,D,S,D,2024-04-15,1000000.00,4.582224,97.30078125
08:00:06,91282CKF7,TSRYS5774875,D,S,D,2024-04-15,1000000.00,4.581888,97.302734375
08:00:06,91282CKF7,TSRYS5774875,D,S,D,2024-04-15,1000000.00,4.581888,97.302734375
08:00:06,91282CKF7,TSRYS5774875,D,S,D,2024-04-15,2000000.00,4.584579,97.287109375
08:00:06,91282CKF7,TSRYS5774875,D,S,D,2024-04-15,2000000.00,4.582224,97.30078125
08:00:06,91282CKF7,TSRYS5774875,D,S,D,2024-04-15,2000000.00,4.579534,97.31640625
08:00:06,91282CKF7,TSRYS5774875,D,S,D,2024-04-15,1000000.00,4.579534,97.31640625
08:00:06,91282CKF7,TSRYS5774875,D,S,D,2024-04-15,1000000.00,4.574826,97.34375
08:00:06,91282CKF7,TSRYS5774875,D,S,T,2024-04-15,2000000.00,4.571464,97.36328125
08:00:10,91282CKF7,TSRYS5774875,D,S,T,2024-04-15,1000000.00,4.569448,97.375
08:00:10,91282CKF7,TSRYS5774875,D,S,T,2024-04-15,1000000.00,4.566759,97.390625
08:00:10,91282CKF7,TSRYS5774875,D,S,D,2024-04-15,1000000.00,4.574826,97.34375
08:00:10,91282CKF7,TSRYS5774875,D,S,D,2024-04-15,1000000.00,4.579197,97.318359375
08:00:10,91282CKF7,TSRYS5774875,D,S,D,2024-04-15,1000000.00,4.579534,97.31640625
08:00:10,91282CKF7,TSRYS5774875,D,S,D,2024-04-15,2000000.00,4.579197,97.318359375
08:00:10,91282CKF7,TSRYS5774875,D,S,D,2024-04-15,1000000.00,4.579197,97.318359375
08:00:10,91282CKF7,TSRYS5774875,D,S,D,2024-04-15,1000000.00,4.576507,97.333984375
08:00:10,91282CKF7,TSRYS5774875,D,S,D,2024-04-15,1000000.00,4.576843,97.33203125
08:00:10,91282CKF7,TSRYS5774875,D,S,D,2024-04-15,1000000.00,4.590636,97.251953125
08:00:10,91282CKF7,TSRYS5774875,D,S,D,2024-04-15,4000000.00,4.590973,97.25
08:00:10,91282CKF7,TSRYS5774875,D,S,D,2024-04-15,2000000.00,4.581888,97.302734375
08:00:10,91282CKF7,TSRYS5774875,D,S,D,2024-04-15,3000000.00,4.5903,97.25390625
08:00:10,91282CKF7,TSRYS5774875,D,S,D,2024-04-15,2000000.00,4.595686,97.22265625
08:00:10,91282CKF7,TSRYS5774875,D,S,D,2024-04-15,4000000.00,4.6004,97.1953125
08:00:10,91282CKF7,TSRYS5774875,D,S,D,2024-04-15,1000000.00,4.604106,97.173828125
08:00:10,91282CKF7,TSRYS5774875,D,S,D,2024-04-15,2000000.00,4.604106,97.173828125
08:00:10,91282CKF7,TSRYS5774875,D,S,D,2024-04-15,2000000.00,4.604106,97.173828125
08:00:10,91282CKF7,TSRYS5774875,D,S,D,2024-04-15,1000000.00,4.603432,97.177734375
08:00:10,91282CKF7,TSRYS5774875,D,S,D,2024-04-15,2000000.00,4.602084,97.185546875
08:00:10,91282CKF7,TSRYS5774875,D,S,D,2024-04-15,1000000.00,4.601411,97.189453125
08:00:10,91282CKF7,TSRYS5774875,D,S,D,2024-04-15,1000000.00,4.601411,97.189453125
08:00:10,91282CKF7,TSRYS5774875,D,S,D,2024-04-15,1000000.00,4.601074,97.19140625
08:00:10,91282CKF7,TSRYS5774875,D,S,T,2024-04-15,2000000.00,4.600737,97.193359375
08:00:14,91282CKF7,TSRYS5774875,D,S,T,2024-04-15,1000000.00,4.574826,97.34375
08:00:14,91282CKF7,TSRYS5774875,D,S,T,2024-04-15,1000000.00,4.539903,97.546875
08:00:14,91282CKF7,TSRYS5774875,D,S,T,2024-04-15,1000000.00,4.581552,97.3046875
08:00:14,91282CKF7,TSRYS5774875,D,S,T,2024-04-15,1000000.00,4.580206,97.3125
08:00:14,91282CKF7,TSRYS5774875,D,S,T,2024-04-15,1000000.00,4.58828,97.265625
08:00:17,91282CKF7,TSRYS5774875,D,S,T,2024-04-15,1000000.00,4.580206,97.3125
08:00:17,91282CKF7,TSRYS5774875,D,S,T,2024-04-15,1000000.00,4.580206,97.3125
08:00:18,91282CKF7,TSRYS5774875,D,S,T,2024-04-15,2000000.00,4.580206,97.3125
08:00:25,91282CKF7,TSRYS5774875,D,S,T,2024-04-15,1000000.00,4.574826,97.34375
08:00:25,91282CKF7,TSRYS5774875,D,S,T,2024-04-15,1000000.00,4.580206,97.3125
08:00:25,91282CKF7,TSRYS5774875,D,S,T,2024-04-15,1000000.00,4.58828,97.265625
08:00:25,91282CKF7,TSRYS5774875,D,S,T,2024-04-15,1000000.00,4.593666,97.234375
08:00:25,91282CKF7,TSRYS5774875,D,S,T,2024-04-15,1000000.00,4.593666,97.234375
08:00:25,91282CKF7,TSRYS5774875,D,S,T,2024-04-15,1000000.00,4.593666,97.234375
08:00:25,91282CKF7,TSRYS5774875,D,S,T,2024-04-15,1000000.00,4.601748,97.1875
08:00:25,91282CKF7,TSRYS5774875,D,S,T,2024-04-15,1000000.00,4.574826,97.34375
08:00:25,91282CKF7,TSRYS5774875,D,S,T,2024-04-15,1000000.00,4.577516,97.328125
08:00:25,91282CKF7,TSRYS5774875,D,S,T,2024-04-15,1000000.00,4.571464,97.36328125
08:00:25,91282CKF7,TSRYS5774875,D,S,T,2024-04-15,1000000.00,4.571464,97.36328125
08:00:25,91282CKF7,TSRYS5774875,D,S,T,2024-04-15,1000000.00,4.571464,97.36328125
08:00:25,91282CKF7,TSRYS5774875,D,S,T,2024-04-15,1000000.00,4.571464,97.36328125
08:00:25,91282CKF7,TSRYS5774875,D,S,T,2024-04-15,1000000.00,4.571464,97.36328125
08:00:25,91282CKF7,TSRYS5774875,D,S,T,2024-04-15,1000000.00,4.580206,97.3125
08:00:25,91282CKF7,TSRYS5774875,D,S,T,2024-04-15,1000000.00,4.578188,97.32421875
08:00:25,91282CKF7,TSRYS5774875,D,S,T,2024-04-15,1000000.00,4.58828,97.265625
08:00:25,91282CKF7,TSRYS5774875,D,S,T,2024-04-15,1000000.00,4.58828,97.265625
08:00:25,91282CKF7,TSRYS5774875,D,S,T,2024-04-15,1000000.00,4.596359,97.21875
08:00:25,91282CKF7,TSRYS5774875,D,S,T,2024-04-15,1000000.00,4.596359,97.21875
08:00:25,91282CKF7,TSRYS5774875,D,S,T,2024-04-15,1000000.00,4.597706,97.2109375
08:00:25,91282CKF7,TSRYS5774875,D,S,T,2024-04-15,1000000.00,4.596359,97.21875
08:00:25,91282CKF7,TSRYS5774875,D,S,T,2024-04-15,1000000.00,4.593666,97.234375
08:00:25,91282CKF7,TSRYS5774875,D,S,T,2024-04-15,1000000.00,4.593666,97.234375
08:00:25,91282CKF7,TSRYS5774875,D,S,T,2024-04-15,1000000.00,4.592319,97.2421875
08:00:25,91282CKF7,TSRYS5774875,D,S,T,2024-04-15,1000000.00,4.595686,97.22265625
08:00:25,91282CKF7,TSRYS5774875,D,S,T,2024-04-15,1000000.00,4.603095,97.1796875
08:00:25,91282CKF7,TSRYS5774875,D,S,T,2024-04-15,1000000.00,4.607475,97.154296875
08:00:28,91282CKF7,TSRYS5774875,D,S,D,2024-04-15,1000000.00,4.569111,97.376953125
08:00:30,91282CKF7,TSRYS5774875,D,S,T,2024-04-15,1000000.00,4.553325,97.46875
08:00:30,91282CKF7,TSRYS5774875,D,S,T,2024-04-15,1000000.00,4.542586,97.53125
08:00:30,91282CKF7,TSRYS5774875,D,S,T,2024-04-15,1000000.00,4.539903,97.546875
08:00:30,91282CKF7,TSRYS5774875,D,S,T,2024-04-15,1000000.00,4.545941,97.51171875
08:00:30,91282CKF7,TSRYS5774875,D,S,T,2024-04-15,1000000.00,4.54527,97.515625
08:00:30,91282CKF7,TSRYS5774875,D,S,T,2024-04-15,1000000.00,4.542586,97.53125
08:00:30,91282CKF7,TSRYS5774875,D,S,T,2024-04-15,1000000.00,4.550639,97.484375
08:00:30,91282CKF7,TSRYS5774875,D,S,T,2024-04-15,1000000.00,4.553325,97.46875
08:00:30,91282CKF7,TSRYS5774875,D,S,T,2024-04-15,1000000.00,4.553325,97.46875
08:00:30,91282CKF7,TSRYS5774875,D,S,T,2024-04-15,1000000.00,4.556011,97.453125
08:00:30,91282CKF7,TSRYS5774875,D,S,T,2024-04-15,1000000.00,4.555675,97.455078125
08:00:30,91282CKF7,TSRYS5774875,D,S,T,2024-04-15,2000000.00,4.555675,97.455078125
08:00:30,91282CKF7,TSRYS5774875,D,S,T,2024-04-15,1000000.00,4.556011,97.453125
08:00:30,91282CKF7,TSRYS5774875,D,S,T,2024-04-15,1000000.00,4.556011,97.453125
08:00:30,91282CKF7,TSRYS5774875,D,S,T,2024-04-15,1000000.00,4.556011,97.453125
08:00:30,91282CKF7,TSRYS5774875,D,S,T,2024-04-15,1000000.00,4.556011,97.453125
08:00:30,91282CKF7,TSRYS5774875,D,S,T,2024-04-15,1000000.00,4.556011,97.453125
08:00:30,91282CKF7,TSRYS5774875,D,S,T,2024-04-15,2000000.00,4.556011,97.453125
08:00:30,91282CKF7,TSRYS5774875,D,S,T,2024-04-15,1000000.00,4.556011,97.453125
08:00:30,91282CKF7,TSRYS5774875,D,S,T,2024-04-15,1000000.00,4.558025,97.44140625
08:00:30,91282CKF7,TSRYS5774875,D,S,T,2024-04-15,1000000.00,4.558697,97.4375
08:00:30,91282CKF7,TSRYS5774875,D,S,T,2024-04-15,1000000.00,4.553325,97.46875
08:00:30,91282CKF7,TSRYS5774875,D,S,T,2024-04-15,1000000.00,4.553996,97.46484375
08:00:30,91282CKF7,TSRYS5774875,D,S,D,2024-04-15,1000000.00,4.557018,97.447265625
08:00:30,91282CKF7,TSRYS5774875,D,S,T,2024-04-15,1000000.00,4.564071,97.40625
08:00:30,91282CKF7,TSRYS5774875,D,S,T,2024-04-15,2000000.00,4.565415,97.3984375
08:00:30,91282CKF7,TSRYS5774875,D,S,T,2024-04-15,1000000.00,4.565415,97.3984375
08:00:30,91282CKF7,TSRYS5774875,D,S,T,2024-04-15,1000000.00,4.567767,97.384765625
08:00:30,91282CKF7,TSRYS5774875,D,S,T,2024-04-15,2000000.00,4.567767,97.384765625
08:00:30,91282CKF7,TSRYS5774875,D,S,T,2024-04-15,1000000.00,4.567767,97.384765625
08:00:30,91282CKF7,TSRYS5774875,D,S,T,2024-04-15,2000000.00,4.567767,97.384765625
08:00:30,91282CKF7,TSRYS5774875,D,S,T,2024-04-15,1000000.00,4.572473,97.357421875
08:00:30,91282CKF7,TSRYS5774875,D,S,T,2024-04-15,1000000.00,4.572136,97.359375
08:00:30,91282CKF7,TSRYS5774875,D,S,T,2024-04-15,1000000.00,4.569448,97.375
08:00:30,91282CKF7,TSRYS5774875,D,S,T,2024-04-15,1000000.00,4.572136,97.359375
08:00:30,91282CKF7,TSRYS5774875,D,S,T,2024-04-15,2000000.00,4.572473,97.357421875
08:00:30,91282CKF7,TSRYS5774875,D,S,T,2024-04-15,1000000.00,4.574826,97.34375
08:00:30,91282CKF7,TSRYS5774875,D,S,T,2024-04-15,1000000.00,4.574826,97.34375
08:00:30,91282CKF7,TSRYS5774875,D,S,T,2024-04-15,1000000.00,4.577516,97.328125
08:00:30,91282CKF7,TSRYS5774875,D,S,T,2024-04-15,1000000.00,4.574826,97.34375
08:00:30,91282CKF7,TSRYS5774875,D,S,T,2024-04-15,1000000.00,4.574826,97.34375
08:00:30,91282CKF7,TSRYS5774875,D,S,T,2024-04-15,1000000.00,4.574826,97.34375
08:00:30,91282CKF7,TSRYS5774875,D,S,T,2024-04-15,1000000.00,4.574826,97.34375
08:00:30,91282CKF7,TSRYS5774875,D,S,T,2024-04-15,1000000.00,4.574826,97.34375
08:00:30,91282CKF7,TSRYS5774875,D,S,T,2024-04-15,1000000.00,4.574826,97.34375
08:00:30,91282CKF7,TSRYS5774875,D,S,T,2024-04-15,1000000.00,4.575498,97.33984375
08:00:30,91282CKF7,TSRYS5774875,D,S,T,2024-04-15,1000000.00,4.575498,97.33984375
08:00:30,91282CKF7,TSRYS5774875,D,S,T,2024-04-15,1000000.00,4.572136,97.359375
08:00:30,91282CKF7,TSRYS5774875,D,S,T,2024-04-15,1000000.00,4.572136,97.359375
08:00:30,91282CKF7,TSRYS5774875,D,S,T,2024-04-15,1000000.00,4.569448,97.375
08:00:30,91282CKF7,TSRYS5774875,D,S,T,2024-04-15,1000000.00,4.572136,97.359375
08:00:33,91282CKF7,TSRYS5774875,D,S,T,2024-04-15,1000000.00,4.574826,97.34375
08:00:33,91282CKF7,TSRYS5774875,D,S,T,2024-04-15,1000000.00,4.574826,97.34375
08:00:33,91282CKF7,TSRYS5774875,D,S,T,2024-04-15,1000000.00,4.577516,97.328125
08:00:33,91282CKF7,TSRYS5774875,D,S,T,2024-04-15,1000000.00,4.577516,97.328125
08:00:33,91282CKF7,TSRYS5774875,D,S,T,2024-04-15,1000000.00,4.582897,97.296875
08:00:33,91282CKF7,TSRYS5774875,D,S,T,2024-04-15,1000000.00,4.575162,97.341796875
08:00:33,91282CKF7,TSRYS5774875,D,S,T,2024-04-15,1000000.00,4.571464,97.36328125
08:00:33,91282CKF7,TSRYS5774875,D,S,T,2024-04-15,1000000.00,4.571464,97.36328125
08:00:33,91282CKF7,TSRYS5774875,D,S,T,2024-04-15,1000000.00,4.571464,97.36328125
08:00:33,91282CKF7,TSRYS5774875,D,S,T,2024-04-15,1000000.00,4.571464,97.36328125
08:00:33,91282CKF7,TSRYS5774875,D,S,T,2024-04-15,1000000.00,4.571464,97.36328125
08:00:33,91282CKF7,TSRYS5774875,D,S,T,2024-04-15,1000000.00,4.571464,97.36328125
08:00:33,91282CKF7,TSRYS5774875,D,S,T,2024-04-15,1000000.00,4.571464,97.36328125
08:00:33,91282CKF7,TSRYS5774875,D,S,T,2024-04-15,1000000.00,4.571464,97.36328125
08:00:33,91282CKF7,TSRYS5774875,D,S,T,2024-04-15,1000000.00,4.580206,97.3125
08:00:33,91282CKF7,TSRYS5774875,D,S,T,2024-04-15,1000000.00,4.580206,97.3125
08:00:33,91282CKF7,TSRYS5774875,D,S,T,2024-04-15,1000000.00,4.580206,97.3125
08:00:33,91282CKF7,TSRYS5774875,D,S,T,2024-04-15,1000000.00,4.580206,97.3125
08:00:33,91282CKF7,TSRYS5774875,D,S,T,2024-04-15,1000000.00,4.580206,97.3125
08:00:33,91282CKF7,TSRYS5774875,D,S,T,2024-04-15,1000000.00,4.576171,97.3359375
08:00:33,91282CKF7,TSRYS5774875,D,S,T,2024-04-15,1000000.00,4.573481,97.3515625
08:00:33,91282CKF7,TSRYS5774875,D,S,T,2024-04-15,1000000.00,4.572136,97.359375
08:00:33,91282CKF7,TSRYS5774875,D,S,T,2024-04-15,1000000.00,4.566759,97.390625
08:00:33,91282CKF7,TSRYS5774875,D,S,T,2024-04-15,1000000.00,4.566759,97.390625
08:00:33,91282CKF7,TSRYS5774875,D,S,T,2024-04-15,1000000.00,4.569448,97.375
08:00:33,91282CKF7,TSRYS5774875,D,S,T,2024-04-15,1000000.00,4.580206,97.3125
08:00:33,91282CKF7,TSRYS5774875,D,S,T,2024-04-15,1000000.00,4.582224,97.30078125
08:00:33,91282CKF7,TSRYS5774875,D,S,T,2024-04-15,1000000.00,4.577516,97.328125
08:00:33,91282CKF7,TSRYS5774875,D,S,T,2024-04-15,1000000.00,4.572136,97.359375
08:00:33,91282CKF7,TSRYS5774875,D,S,T,2024-04-15,1000000.00,4.566759,97.390625
08:00:33,91282CKF7,TSRYS5774875,D,S,T,2024-04-15,1000000.00,4.566759,97.390625
08:00:33,91282CKF7,TSRYS5774875,D,S,T,2024-04-15,1000000.00,4.566759,97.390625
08:00:33,91282CKF7,TSRYS5774875,D,S,T,2024-04-15,1000000.00,4.566759,97.390625
08:00:33,91282CKF7,TSRYS5774875,D,S,T,2024-04-15,1000000.00,4.569448,97.375
08:00:33,91282CKF7,TSRYS5774875,D,S,T,2024-04-15,1000000.00,4.569448,97.375
08:00:33,91282CKF7,TSRYS5774875,D,S,T,2024-04-15,1000000.00,4.569448,97.375
08:00:33,91282CKF7,TSRYS5774875,D,S,T,2024-04-15,1000000.00,4.569448,97.375
08:00:33,91282CKF7,TSRYS5774875,D,S,T,2024-04-15,1000000.00,4.569448,97.375
08:00:33,91282CKF7,TSRYS5774875,D,S,T,2024-04-15,1000000.00,4.569448,97.375
08:00:33,91282CKF7,TSRYS5774875,D,S,T,2024-04-15,1000000.00,4.57012,97.37109375
08:00:33,91282CKF7,TSRYS5774875,D,S,T,2024-04-15,1000000.00,4.569448,97.375
08:00:33,91282CKF7,TSRYS5774875,D,S,T,2024-04-15,1000000.00,4.57012,97.37109375
08:00:33,91282CKF7,TSRYS5774875,D,S,T,2024-04-15,1000000.00,4.573481,97.3515625
08:00:33,91282CKF7,TSRYS5774875,D,S,T,2024-04-15,1000000.00,4.573481,97.3515625
08:00:33,91282CKF7,TSRYS5774875,D,S,T,2024-04-15,1000000.00,4.570792,97.3671875
08:00:33,91282CKF7,TSRYS5774875,D,S,T,2024-04-15,1000000.00,4.574826,97.34375
08:00:33,91282CKF7,TSRYS5774875,D,S,T,2024-04-15,1000000.00,4.580206,97.3125
08:00:33,91282CKF7,TSRYS5774875,D,S,T,2024-04-15,1000000.00,4.569448,97.375
08:00:33,91282CKF7,TSRYS5774875,D,S,T,2024-04-15,1000000.00,4.574826,97.34375
08:00:33,91282CKF7,TSRYS5774875,D,S,T,2024-04-15,1000000.00,4.574826,97.34375
08:00:33,91282CKF7,TSRYS5774875,D,S,T,2024-04-15,1000000.00,4.574826,97.34375
08:00:33,91282CKF7,TSRYS5774875,D,S,T,2024-04-15,1000000.00,4.574826,97.34375
08:00:33,91282CKF7,TSRYS5774875,D,S,T,2024-04-15,1000000.00,4.574826,97.34375
08:00:33,91282CKF7,TSRYS5774875,D,S,T,2024-04-15,1000000.00,4.577516,97.328125
08:00:33,91282CKF7,TSRYS5774875,D,S,T,2024-04-15,1000000.00,4.577516,97.328125
08:00:33,91282CKF7,TSRYS5774875,D,S,T,2024-04-15,1000000.00,4.577516,97.328125
08:00:33,91282CKF7,TSRYS5774875,D,S,T,2024-04-15,1000000.00,4.578861,97.3203125
08:00:33,91282CKF7,TSRYS5774875,D,S,T,2024-04-15,1000000.00,4.579197,97.318359375
08:00:33,91282CKF7,TSRYS5774875,D,S,T,2024-04-15,1000000.00,4.580206,97.3125
08:00:33,91282CKF7,TSRYS5774875,D,S,T,2024-04-15,1000000.00,4.577516,97.328125
08:00:33,91282CKF7,TSRYS5774875,D,S,T,2024-04-15,1000000.00,4.577516,97.328125
08:00:33,91282CKF7,TSRYS5774875,D,S,T,2024-04-15,1000000.00,4.577516,97.328125
08:00:33,91282CKF7,TSRYS5774875,D,S,T,2024-04-15,1000000.00,4.577516,97.328125
08:00:33,91282CKF7,TSRYS5774875,D,S,T,2024-04-15,1000000.00,4.576171,97.3359375
08:00:33,91282CKF7,TSRYS5774875,D,S,T,2024-04-15,1000000.00,4.576171,97.3359375
08:00:33,91282CKF7,TSRYS5774875,D,S,T,2024-04-15,1000000.00,4.574826,97.34375
08:00:33,91282CKF7,TSRYS5774875,D,S,T,2024-04-15,1000000.00,4.574826,97.34375
08:00:33,91282CKF7,TSRYS5774875,D,S,T,2024-04-15,1000000.00,4.577516,97.328125
08:00:33,91282CKF7,TSRYS5774875,D,S,T,2024-04-15,1000000.00,4.577516,97.328125
08:00:33,91282CKF7,TSRYS5774875,D,S,T,2024-04-15,1000000.00,4.578861,97.3203125
08:00:33,91282CKF7,TSRYS5774875,D,S,T,2024-04-15,2000000.00,4.577516,97.328125
08:00:33,91282CKF7,TSRYS5774875,D,S,T,2024-04-15,1000000.00,4.577516,97.328125
08:00:33,91282CKF7,TSRYS5774875,D,S,T,2024-04-15,1000000.00,4.577516,97.328125
08:00:33,91282CKF7,TSRYS5774875,D,S,T,2024-04-15,1000000.00,4.577516,97.328125
08:00:33,91282CKF7,TSRYS5774875,D,S,T,2024-04-15,1000000.00,4.580206,97.3125
08:00:33,91282CKF7,TSRYS5774875,D,S,T,2024-04-15,1000000.00,4.580206,97.3125
08:00:33,91282CKF7,TSRYS5774875,D,S,T,2024-04-15,1000000.00,4.580206,97.3125
08:00:33,91282CKF7,TSRYS5774875,D,S,T,2024-04-15,1000000.00,4.580206,97.3125
08:00:33,91282CKF7,TSRYS5774875,D,S,T,2024-04-15,1000000.00,4.582897,97.296875
08:00:33,91282CKF7,TSRYS5774875,D,S,T,2024-04-15,1000000.00,4.582897,97.296875
08:00:33,91282CKF7,TSRYS5774875,D,S,T,2024-04-15,1000000.00,4.582897,97.296875
08:00:33,91282CKF7,TSRYS5774875,D,S,T,2024-04-15,1000000.00,4.582897,97.296875
08:00:33,91282CKF7,TSRYS5774875,D,S,T,2024-04-15,1000000.00,4.577516,97.328125
08:00:33,91282CKF7,TSRYS5774875,D,S,T,2024-04-15,1000000.00,4.577516,97.328125
08:00:33,91282CKF7,TSRYS5774875,D,S,T,2024-04-15,1000000.00,4.580206,97.3125
08:00:33,91282CKF7,TSRYS5774875,D,S,T,2024-04-15,1000000.00,4.580206,97.3125
08:00:33,91282CKF7,TSRYS5774875,D,S,T,2024-04-15,1000000.00,4.580206,97.3125
08:00:33,91282CKF7,TSRYS5774875,D,S,T,2024-04-15,3000000.00,4.582224,97.30078125
08:00:33,91282CKF7,TSRYS5774875,D,S,T,2024-04-15,1000000.00,4.582897,97.296875
08:00:33,91282CKF7,TSRYS5774875,D,S,T,2024-04-15,1000000.00,4.582897,97.296875
08:00:33,91282CKF7,TSRYS5774875,D,S,T,2024-04-15,1000000.00,4.582897,97.296875
08:00:33,91282CKF7,TSRYS5774875,D,S,T,2024-04-15,1000000.00,4.582897,97.296875
08:00:33,91282CKF7,TSRYS5774875,D,S,T,2024-04-15,1000000.00,4.584243,97.2890625
08:00:33,91282CKF7,TSRYS5774875,D,S,T,2024-04-15,1000000.00,4.585589,97.28125
08:00:33,91282CKF7,TSRYS5774875,D,S,T,2024-04-15,2000000.00,4.586934,97.2734375
08:00:33,91282CKF7,TSRYS5774875,D,S,T,2024-04-15,1000000.00,4.591309,97.248046875
08:00:33,91282CKF7,TSRYS5774875,D,S,T,2024-04-15,1000000.00,4.590973,97.25
08:00:33,91282CKF7,TSRYS5774875,D,S,T,2024-04-15,1000000.00,4.590973,97.25
08:00:33,91282CKF7,TSRYS5774875,D,S,T,2024-04-15,1000000.00,4.590973,97.25
08:00:33,91282CKF7,TSRYS5774875,D,S,T,2024-04-15,1000000.00,4.590973,97.25
08:00:33,91282CKF7,TSRYS5774875,D,S,T,2024-04-15,1000000.00,4.590973,97.25
08:00:33,91282CKF7,TSRYS5774875,D,S,T,2024-04-15,2000000.00,4.596023,97.220703125
08:00:33,91282CKF7,TSRYS5774875,D,S,T,2024-04-15,1000000.00,4.596359,97.21875
08:00:33,91282CKF7,TSRYS5774875,D,S,T,2024-04-15,1000000.00,4.593666,97.234375
08:00:33,91282CKF7,TSRYS5774875,D,S,T,2024-04-15,1000000.00,4.590973,97.25
08:00:33,91282CKF7,TSRYS5774875,D,S,T,2024-04-15,1000000.00,4.58828,97.265625
08:00:33,91282CKF7,TSRYS5774875,D,S,T,2024-04-15,1000000.00,4.587944,97.267578125
08:00:33,91282CKF7,TSRYS5774875,D,S,T,2024-04-15,1000000.00,4.586598,97.275390625
08:00:33,91282CKF7,TSRYS5774875,D,S,T,2024-04-15,1000000.00,4.58828,97.265625
08:00:33,91282CKF7,TSRYS5774875,D,S,T,2024-04-15,1000000.00,4.58828,97.265625
08:00:33,91282CKF7,TSRYS5774875,D,S,T,2024-04-15,1000000.00,4.582897,97.296875
08:00:33,91282CKF7,TSRYS5774875,D,S,T,2024-04-15,1000000.00,4.582897,97.296875
08:00:33,91282CKF7,TSRYS5774875,D,S,T,2024-04-15,1000000.00,4.582897,97.296875
08:00:33,91282CKF7,TSRYS5774875,D,S,T,2024-04-15,1000000.00,4.585589,97.28125
08:00:33,91282CKF7,TSRYS5774875,D,S,T,2024-04-15,1000000.00,4.580206,97.3125
08:00:33,91282CKF7,TSRYS5774875,D,S,T,2024-04-15,1000000.00,4.574826,97.34375
08:00:33,91282CKF7,TSRYS5774875,D,S,T,2024-04-15,1000000.00,4.576171,97.3359375
08:00:33,91282CKF7,TSRYS5774875,D,S,T,2024-04-15,1000000.00,4.576171,97.3359375
08:00:33,91282CKF7,TSRYS5774875,D,S,T,2024-04-15,1000000.00,4.576171,97.3359375
08:00:33,91282CKF7,TSRYS5774875,D,S,T,2024-04-15,1000000.00,4.576171,97.3359375
08:00:33,91282CKF7,TSRYS5774875,D,S,T,2024-04-15,1000000.00,4.578861,97.3203125
08:00:33,91282CKF7,TSRYS5774875,D,S,T,2024-04-15,1000000.00,4.580206,97.3125
08:00:33,91282CKF7,TSRYS5774875,D,S,T,2024-04-15,1000000.00,4.582897,97.296875
08:00:33,91282CKF7,TSRYS5774875,D,S,T,2024-04-15,1000000.00,4.580206,97.3125
08:00:33,91282CKF7,TSRYS5774875,D,S,T,2024-04-15,1000000.00,4.580206,97.3125
08:00:33,91282CKF7,TSRYS5774875,D,S,T,2024-04-15,2000000.00,4.581552,97.3046875
08:00:33,91282CKF7,TSRYS5774875,D,S,T,2024-04-15,1000000.00,4.581552,97.3046875
08:00:33,91282CKF7,TSRYS5774875,D,S,T,2024-04-15,1000000.00,4.581552,97.3046875
08:00:33,91282CKF7,TSRYS5774875,D,S,T,2024-04-15,1000000.00,4.581552,97.3046875
08:00:33,91282CKF7,TSRYS5774875,D,S,T,2024-04-15,1000000.00,4.581552,97.3046875
08:00:33,91282CKF7,TSRYS5774875,D,S,T,2024-04-15,1000000.00,4.581552,97.3046875
08:00:33,91282CKF7,TSRYS5774875,D,S,T,2024-04-15,1000000.00,4.581552,97.3046875
08:00:33,91282CKF7,TSRYS5774875,D,S,T,2024-04-15,1000000.00,4.581552,97.3046875
08:00:33,91282CKF7,TSRYS5774875,D,S,T,2024-04-15,1000000.00,4.581552,97.3046875
08:00:33,91282CKF7,TSRYS5774875,D,S,T,2024-04-15,1000000.00,4.581552,97.3046875
08:00:33,91282CKF7,TSRYS5774875,D,S,T,2024-04-15,1000000.00,4.581552,97.3046875
08:00:33,91282CKF7,TSRYS5774875,D,S,T,2024-04-15,2000000.00,4.581552,97.3046875
08:00:33,91282CKF7,TSRYS5774875,D,S,T,2024-04-15,2000000.00,4.581552,97.3046875
08:00:33,91282CKF7,TSRYS5774875,D,S,T,2024-04-15,1000000.00,4.581552,97.3046875
08:00:33,91282CKF7,TSRYS5774875,D,S,T,2024-04-15,1000000.00,4.581552,97.3046875
08:00:33,91282CKF7,TSRYS5774875,D,S,T,2024-04-15,1000000.00,4.580206,97.3125
08:00:33,91282CKF7,TSRYS5774875,D,S,T,2024-04-15,1000000.00,4.580206,97.3125
08:00:33,91282CKF7,TSRYS5774875,D,S,T,2024-04-15,1000000.00,4.585589,97.28125
08:00:33,91282CKF7,TSRYS5774875,D,S,T,2024-04-15,1000000.00,4.58828,97.265625
08:00:33,91282CKF7,TSRYS5774875,D,S,T,2024-04-15,1000000.00,4.589627,97.2578125
08:00:33,91282CKF7,TSRYS5774875,D,S,T,2024-04-15,1000000.00,4.589963,97.255859375
08:00:33,91282CKF7,TSRYS5774875,D,S,T,2024-04-15,1000000.00,4.590973,97.25
08:00:33,91282CKF7,TSRYS5774875,D,S,T,2024-04-15,1000000.00,4.590973,97.25
08:00:33,91282CKF7,TSRYS5774875,D,S,T,2024-04-15,1000000.00,4.590973,97.25
08:00:33,91282CKF7,TSRYS5774875,D,S,T,2024-04-15,1000000.00,4.590973,97.25
08:00:33,91282CKF7,TSRYS5774875,D,S,T,2024-04-15,1000000.00,4.590973,97.25
08:00:33,91282CKF7,TSRYS5774875,D,S,T,2024-04-15,1000000.00,4.58828,97.265625
08:00:33,91282CKF7,TSRYS5774875,D,S,T,2024-04-15,1000000.00,4.58828,97.265625
08:00:33,91282CKF7,TSRYS5774875,D,S,T,2024-04-15,2000000.00,4.589627,97.2578125
08:00:33,91282CKF7,TSRYS5774875,D,S,T,2024-04-15,1000000.00,4.589627,97.2578125
08:00:33,91282CKF7,TSRYS5774875,D,S,T,2024-04-15,2000000.00,4.589627,97.2578125
08:00:33,91282CKF7,TSRYS5774875,D,S,T,2024-04-15,1000000.00,4.592319,97.2421875
08:00:33,91282CKF7,TSRYS5774875,D,S,T,2024-04-15,1000000.00,4.590973,97.25
08:00:33,91282CKF7,TSRYS5774875,D,S,T,2024-04-15,1000000.00,4.58828,97.265625
08:00:33,91282CKF7,TSRYS5774875,D,S,T,2024-04-15,1000000.00,4.58828,97.265625
08:00:33,91282CKF7,TSRYS5774875,D,S,T,2024-04-15,1000000.00,4.58828,97.265625
08:00:33,91282CKF7,TSRYS5774875,D,S,T,2024-04-15,1000000.00,4.58828,97.265625
08:00:33,91282CKF7,TSRYS5774875,D,S,T,2024-04-15,1000000.00,4.58828,97.265625
08:00:33,91282CKF7,TSRYS5774875,D,S,T,2024-04-15,1000000.00,4.58828,97.265625
08:00:33,91282CKF7,TSRYS5774875,D,S,T,2024-04-15,1000000.00,4.58828,97.265625
08:00:33,91282CKF7,TSRYS5774875,D,S,T,2024-04-15,1000000.00,4.58828,97.265625
08:00:33,91282CKF7,TSRYS5774875,D,S,T,2024-04-15,1000000.00,4.58828,97.265625
08:00:33,91282CKF7,TSRYS5774875,D,S,T,2024-04-15,1000000.00,4.58828,97.265625
08:00:33,91282CKF7,TSRYS5774875,D,S,T,2024-04-15,1000000.00,4.58828,97.265625
08:00:33,91282CKF7,TSRYS5774875,D,S,T,2024-04-15,1000000.00,4.58828,97.265625
08:00:33,91282CKF7,TSRYS5774875,D,S,T,2024-04-15,1000000.00,4.58828,97.265625
08:00:33,91282CKF7,TSRYS5774875,D,S,T,2024-04-15,1000000.00,4.58828,97.265625
08:00:33,91282CKF7,TSRYS5774875,D,S,T,2024-04-15,1000000.00,4.592319,97.2421875
08:00:33,91282CKF7,TSRYS5774875,D,S,T,2024-04-15,1000000.00,4.596359,97.21875
08:00:33,91282CKF7,TSRYS5774875,D,S,T,2024-04-15,1000000.00,4.596359,97.21875
08:00:33,91282CKF7,TSRYS5774875,D,S,T,2024-04-15,1000000.00,4.596359,97.21875
08:00:33,91282CKF7,TSRYS5774875,D,S,T,2024-04-15,1000000.00,4.596359,97.21875
08:00:33,91282CKF7,TSRYS5774875,D,S,T,2024-04-15,1000000.00,4.596359,97.21875
08:00:33,91282CKF7,TSRYS5774875,D,S,T,2024-04-15,1000000.00,4.596359,97.21875
08:00:33,91282CKF7,TSRYS5774875,D,S,T,2024-04-15,1000000.00,4.597706,97.2109375
08:00:33,91282CKF7,TSRYS5774875,D,S,T,2024-04-15,1000000.00,4.597706,97.2109375
08:00:33,91282CKF7,TSRYS5774875,D,S,T,2024-04-15,1000000.00,4.593666,97.234375
08:00:33,91282CKF7,TSRYS5774875,D,S,T,2024-04-15,1000000.00,4.593666,97.234375
08:00:33,91282CKF7,TSRYS5774875,D,S,T,2024-04-15,1000000.00,4.593666,97.234375
08:00:33,91282CKF7,TSRYS5774875,D,S,T,2024-04-15,1000000.00,4.593666,97.234375
08:00:33,91282CKF7,TSRYS5774875,D,S,T,2024-04-15,1000000.00,4.596359,97.21875
08:00:33,91282CKF7,TSRYS5774875,D,S,D,2024-04-15,3000000.00,4.595012,97.2265625
08:00:33,91282CKF7,TSRYS5774875,D,S,T,2024-04-15,1000000.00,4.593666,97.234375
08:00:33,91282CKF7,TSRYS5774875,D,S,T,2024-04-15,1000000.00,4.596359,97.21875
08:00:33,91282CKF7,TSRYS5774875,D,S,T,2024-04-15,1000000.00,4.593666,97.234375
08:00:33,91282CKF7,TSRYS5774875,D,S,T,2024-04-15,3000000.00,4.592319,97.2421875
08:00:33,91282CKF7,TSRYS5774875,D,S,T,2024-04-15,6000000.00,4.592319,97.2421875
08:00:33,91282CKF7,TSRYS5774875,D,S,T,2024-04-15,2000000.00,4.592319,97.2421875
08:00:33,91282CKF7,TSRYS5774875,D,S,T,2024-04-15,2000000.00,4.592319,97.2421875
08:00:33,91282CKF7,TSRYS5774875,D,S,T,2024-04-15,1000000.00,4.592319,97.2421875
08:00:33,91282CKF7,TSRYS5774875,D,S,T,2024-04-15,2000000.00,4.592319,97.2421875
08:00:33,91282CKF7,TSRYS5774875,D,S,T,2024-04-15,1000000.00,4.592319,97.2421875
08:00:33,91282CKF7,TSRYS5774875,D,S,T,2024-04-15,2000000.00,4.592319,97.2421875
08:00:33,91282CKF7,TSRYS5774875,D,S,T,2024-04-15,1000000.00,4.592319,97.2421875
08:00:33,91282CKF7,TSRYS5774875,D,S,T,2024-04-15,2000000.00,4.592319,97.2421875
08:00:33,91282CKF7,TSRYS5774875,D,S,T,2024-04-15,1000000.00,4.592319,97.2421875
08:00:33,91282CKF7,TSRYS5774875,D,S,T,2024-04-15,1000000.00,4.593666,97.234375
08:00:33,91282CKF7,TSRYS5774875,D,S,T,2024-04-15,1000000.00,4.593666,97.234375
08:00:33,91282CKF7,TSRYS5774875,D,S,T,2024-04-15,1000000.00,4.593666,97.234375
08:00:33,91282CKF7,TSRYS5774875,D,S,T,2024-04-15,1000000.00,4.593666,97.234375
08:00:33,91282CKF7,TSRYS5774875,D,S,T,2024-04-15,1000000.00,4.593666,97.234375
08:00:33,91282CKF7,TSRYS5774875,D,S,T,2024-04-15,1000000.00,4.593666,97.234375
08:00:33,91282CKF7,TSRYS5774875,D,S,T,2024-04-15,1000000.00,4.590973,97.25
08:00:33,91282CKF7,TSRYS5774875,D,S,T,2024-04-15,2000000.00,4.594676,97.228515625
08:00:33,91282CKF7,TSRYS5774875,D,S,T,2024-04-15,2000000.00,4.594339,97.23046875
08:00:33,91282CKF7,TSRYS5774875,D,S,T,2024-04-15,1000000.00,4.6004,97.1953125
08:00:33,91282CKF7,TSRYS5774875,D,S,T,2024-04-15,1000000.00,4.601748,97.1875
08:00:33,91282CKF7,TSRYS5774875,D,S,T,2024-04-15,1000000.00,4.601748,97.1875
08:00:33,91282CKF7,TSRYS5774875,D,S,T,2024-04-15,2000000.00,4.601411,97.189453125
08:00:33,91282CKF7,TSRYS5774875,D,S,T,2024-04-15,1000000.00,4.599053,97.203125
08:00:33,91282CKF7,TSRYS5774875,D,S,T,2024-04-15,1000000.00,4.601748,97.1875
08:00:33,91282CKF7,TSRYS5774875,D,S,T,2024-04-15,1000000.00,4.601748,97.1875
08:00:33,91282CKF7,TSRYS5774875,D,S,T,2024-04-15,1000000.00,4.601748,97.1875
08:00:33,91282CKF7,TSRYS5774875,D,S,T,2024-04-15,1000000.00,4.601748,97.1875
08:00:33,91282CKF7,TSRYS5774875,D,S,T,2024-04-15,1000000.00,4.601748,97.1875
08:00:33,91282CKF7,TSRYS5774875,D,S,T,2024-04-15,1000000.00,4.601748,97.1875
08:00:33,91282CKF7,TSRYS5774875,D,S,T,2024-04-15,1000000.00,4.604443,97.171875
08:00:33,91282CKF7,TSRYS5774875,D,S,T,2024-04-15,1000000.00,4.604443,97.171875
08:00:33,91282CKF7,TSRYS5774875,D,S,T,2024-04-15,2000000.00,4.60478,97.169921875
08:00:33,91282CKF7,TSRYS5774875,D,S,T,2024-04-15,1000000.00,4.604443,97.171875
08:00:33,91282CKF7,TSRYS5774875,D,S,T,2024-04-15,1000000.00,4.604443,97.171875
08:00:33,91282CKF7,TSRYS5774875,D,S,T,2024-04-15,1000000.00,4.604443,97.171875
08:00:33,91282CKF7,TSRYS5774875,D,S,T,2024-04-15,1000000.00,4.607138,97.15625
08:00:33,91282CKF7,TSRYS5774875,D,S,T,2024-04-15,1000000.00,4.607138,97.15625
08:00:33,91282CKF7,TSRYS5774875,D,S,T,2024-04-15,1000000.00,4.607138,97.15625
08:00:33,91282CKF7,TSRYS5774875,D,S,T,2024-04-15,2000000.00,4.609834,97.140625
08:00:33,91282CKF7,TSRYS5774875,D,S,T,2024-04-15,1000000.00,4.611182,97.1328125
08:00:33,91282CKF7,TSRYS5774875,D,S,T,2024-04-15,2000000.00,4.611182,97.1328125
08:00:33,91282CKF7,TSRYS5774875,D,S,T,2024-04-15,2000000.00,4.610845,97.134765625
08:00:33,91282CKF7,TSRYS5774875,D,S,T,2024-04-15,2000000.00,4.610508,97.13671875
08:00:33,91282CKF7,TSRYS5774875,D,S,T,2024-04-15,2000000.00,4.610171,97.138671875
08:00:33,91282CKF7,TSRYS5774875,D,S,T,2024-04-15,1000000.00,4.610171,97.138671875
08:00:33,91282CKF7,TSRYS5774875,D,S,T,2024-04-15,1000000.00,4.609834,97.140625
08:00:33,91282CKF7,TSRYS5774875,D,S,T,2024-04-15,2000000.00,4.607812,97.15234375
08:00:33,91282CKF7,TSRYS5774875,D,S,T,2024-04-15,2000000.00,4.607475,97.154296875
08:00:33,91282CKF7,TSRYS5774875,D,S,T,2024-04-15,2000000.00,4.607475,97.154296875
08:00:33,91282CKF7,TSRYS5774875,D,S,T,2024-04-15,1000000.00,4.604443,97.171875
08:00:33,91282CKF7,TSRYS5774875,D,S,T,2024-04-15,2000000.00,4.60478,97.169921875
08:00:33,91282CKF7,TSRYS5774875,D,S,T,2024-04-15,1000000.00,4.604443,97.171875
08:00:33,91282CKF7,TSRYS5774875,D,S,T,2024-04-15,2000000.00,4.604443,97.171875
08:00:33,91282CKF7,TSRYS5774875,D,S,T,2024-04-15,1000000.00,4.604443,97.171875
08:00:33,91282CKF7,TSRYS5774875,D,S,T,2024-04-15,2000000.00,4.604443,97.171875
08:00:33,91282CKF7,TSRYS5774875,D,S,T,2024-04-15,1000000.00,4.601748,97.1875
08:00:33,91282CKF7,TSRYS5774875,D,S,T,2024-04-15,1000000.00,4.601748,97.1875
08:00:33,91282CKF7,TSRYS5774875,D,S,T,2024-04-15,1000000.00,4.604443,97.171875
08:00:33,91282CKF7,TSRYS5774875,D,S,T,2024-04-15,1000000.00,4.604443,97.171875
08:00:33,91282CKF7,TSRYS5774875,D,S,T,2024-04-15,1000000.00,4.604443,97.171875
08:00:33,91282CKF7,TSRYS5774875,D,S,T,2024-04-15,1000000.00,4.604443,97.171875
08:00:33,91282CKF7,TSRYS5774875,D,S,T,2024-04-15,1000000.00,4.604443,97.171875
08:00:33,91282CKF7,TSRYS5774875,D,S,T,2024-04-15,1000000.00,4.604443,97.171875
08:00:33,91282CKF7,TSRYS5774875,D,S,T,2024-04-15,1000000.00,4.604443,97.171875
08:00:33,91282CKF7,TSRYS5774875,D,S,T,2024-04-15,1000000.00,4.604443,97.171875
08:00:33,91282CKF7,TSRYS5774875,D,S,T,2024-04-15,1000000.00,4.604443,97.171875
08:00:33,91282CKF7,TSRYS5774875,D,S,T,2024-04-15,1000000.00,4.601748,97.1875
08:00:33,91282CKF7,TSRYS5774875,D,S,T,2024-04-15,1000000.00,4.601748,97.1875
08:00:33,91282CKF7,TSRYS5774875,D,S,T,2024-04-15,1000000.00,4.601748,97.1875
08:00:33,91282CKF7,TSRYS5774875,D,S,D,2024-04-15,1000000.00,4.557018,97.447265625
08:00:33,91282CKF7,TSRYS5774875,D,S,D,2024-04-15,1000000.00,4.578861,97.3203125
08:00:33,91282CKF7,TSRYS5774875,D,S,D,2024-04-15,1000000.00,4.577516,97.328125
08:00:33,91282CKF7,TSRYS5774875,D,S,D,2024-04-15,1000000.00,4.581215,97.306640625
08:00:33,91282CKF7,TSRYS5774875,D,S,D,2024-04-15,1000000.00,4.581215,97.306640625
08:00:33,91282CKF7,TSRYS5774875,D,S,D,2024-04-15,2000000.00,4.578861,97.3203125
08:00:33,91282CKF7,TSRYS5774875,D,S,D,2024-04-15,2000000.00,4.581552,97.3046875
08:00:33,91282CKF7,TSRYS5774875,D,S,D,2024-04-15,1000000.00,4.589627,97.2578125
08:00:33,91282CKF7,TSRYS5774875,D,S,D,2024-04-15,1000000.00,4.592319,97.2421875
08:00:33,91282CKF7,TSRYS5774875,D,S,D,2024-04-15,2000000.00,4.597706,97.2109375
08:00:33,91282CKF7,TSRYS5774875,D,S,T,2024-04-15,1000000.00,4.553325,97.46875
08:00:33,91282CKF7,TSRYS5774875,D,S,D,2024-04-15,1000000.00,4.558025,97.44140625
08:00:33,91282CKF7,TSRYS5774875,D,S,D,2024-04-15,1000000.00,4.556011,97.453125
08:00:33,91282CKF7,TSRYS5774875,D,S,D,2024-04-15,1000000.00,4.558025,97.44140625
08:00:33,91282CKF7,TSRYS5774875,D,S,D,2024-04-15,1000000.00,4.552989,97.470703125
08:00:33,91282CKF7,TSRYS5774875,D,S,D,2024-04-15,1000000.00,4.539903,97.546875
08:00:33,91282CKF7,TSRYS5774875,D,S,T,2024-04-15,1000000.00,4.583234,97.294921875
08:00:33,91282CKF7,TSRYS5774875,D,S,T,2024-04-15,1000000.00,4.575498,97.33984375
08:00:33,91282CKF7,TSRYS5774875,D,S,T,2024-04-15,1000000.00,4.575498,97.33984375
08:00:33,91282CKF7,TSRYS5774875,D,S,T,2024-04-15,1000000.00,4.57012,97.37109375
08:00:33,91282CKF7,TSRYS5774875,D,S,T,2024-04-15,1000000.00,4.57012,97.37109375
08:00:33,91282CKF7,TSRYS5774875,D,S,T,2024-04-15,1000000.00,4.57012,97.37109375
08:00:33,91282CKF7,TSRYS5774875,D,S,T,2024-04-15,2000000.00,4.57012,97.37109375
08:00:33,91282CKF7,TSRYS5774875,D,S,T,2024-04-15,1000000.00,4.57012,97.37109375
08:00:33,91282CKF7,TSRYS5774875,D,S,T,2024-04-15,2000000.00,4.57012,97.37109375
08:00:33,91282CKF7,TSRYS5774875,D,S,T,2024-04-15,2000000.00,4.571464,97.36328125
08:00:33,91282CKF7,TSRYS5774875,D,S,T,2024-04-15,1000000.00,4.573481,97.3515625
08:00:33,91282CKF7,TSRYS5774875,D,S,T,2024-04-15,1000000.00,4.573481,97.3515625
08:00:33,91282CKF7,TSRYS5774875,D,S,T,2024-04-15,1000000.00,4.577516,97.328125
08:00:33,91282CKF7,TSRYS5774875,D,S,T,2024-04-15,1000000.00,4.580206,97.3125
08:00:33,91282CKF7,TSRYS5774875,D,S,T,2024-04-15,3000000.00,4.580206,97.3125
08:00:33,91282CKF7,TSRYS5774875,D,S,T,2024-04-15,1000000.00,4.580206,97.3125
08:00:33,91282CKF7,TSRYS5774875,D,S,D,2024-04-15,1000000.00,4.572136,97.359375
08:00:33,91282CKF7,TSRYS5774875,D,S,T,2024-04-15,1000000.00,4.571464,97.36328125
08:00:33,91282CKF7,TSRYS5774875,D,S,T,2024-04-15,1000000.00,4.571464,97.36328125
08:00:33,91282CKF7,TSRYS5774875,D,S,D,2024-04-15,1000000.00,4.574826,97.34375
08:00:33,91282CKF7,TSRYS5774875,D,S,D,2024-04-15,1000000.00,4.57718,97.330078125
08:00:33,91282CKF7,TSRYS5774875,D,S,T,2024-04-15,1000000.00,4.579197,97.318359375
08:00:33,91282CKF7,TSRYS5774875,D,S,T,2024-04-15,1000000.00,4.591309,97.248046875
08:00:33,91282CKF7,TSRYS5774875,D,S,T,2024-04-15,1000000.00,4.587944,97.267578125
08:00:33,91282CKF7,TSRYS5774875,D,S,T,2024-04-15,1000000.00,4.587944,97.267578125
08:00:33,91282CKF7,TSRYS5774875,D,S,T,2024-04-15,1000000.00,4.588954,97.26171875
08:00:33,91282CKF7,TSRYS5774875,D,S,T,2024-04-15,1000000.00,4.578861,97.3203125
08:00:33,91282CKF7,TSRYS5774875,D,S,T,2024-04-15,2000000.00,4.581552,97.3046875
08:00:33,91282CKF7,TSRYS5774875,D,S,T,2024-04-15,2000000.00,4.581552,97.3046875
08:00:33,91282CKF7,TSRYS5774875,D,S,T,2024-04-15,2000000.00,4.581552,97.3046875
08:00:33,91282CKF7,TSRYS5774875,D,S,T,2024-04-15,1000000.00,4.58357,97.29296875
08:00:33,91282CKF7,TSRYS5774875,D,S,T,2024-04-15,1000000.00,4.58357,97.29296875
08:00:33,91282CKF7,TSRYS5774875,D,S,T,2024-04-15,2000000.00,4.583906,97.291015625
08:00:33,91282CKF7,TSRYS5774875,D,S,T,2024-04-15,1000000.00,4.589963,97.255859375
08:00:33,91282CKF7,TSRYS5774875,D,S,T,2024-04-15,1000000.00,4.590973,97.25
08:00:33,91282CKF7,TSRYS5774875,D,S,T,2024-04-15,1000000.00,4.590973,97.25
08:00:33,91282CKF7,TSRYS5774875,D,S,T,2024-04-15,1000000.00,4.590973,97.25
08:00:33,91282CKF7,TSRYS5774875,D,S,T,2024-04-15,1000000.00,4.590973,97.25
08:00:33,91282CKF7,TSRYS5774875,D,S,T,2024-04-15,1000000.00,4.590973,97.25
08:00:33,91282CKF7,TSRYS5774875,D,S,T,2024-04-15,1000000.00,4.58929,97.259765625
08:00:33,91282CKF7,TSRYS5774875,D,S,T,2024-04-15,1000000.00,4.589627,97.2578125
08:00:33,91282CKF7,TSRYS5774875,D,S,T,2024-04-15,1000000.00,4.589627,97.2578125
08:00:33,91282CKF7,TSRYS5774875,D,S,T,2024-04-15,1000000.00,4.592319,97.2421875
08:00:33,91282CKF7,TSRYS5774875,D,S,T,2024-04-15,1000000.00,4.592319,97.2421875
08:00:33,91282CKF7,TSRYS5774875,D,S,T,2024-04-15,1000000.00,4.58828,97.265625
08:00:33,91282CKF7,TSRYS5774875,D,S,T,2024-04-15,1000000.00,4.58828,97.265625
08:00:33,91282CKF7,TSRYS5774875,D,S,T,2024-04-15,1000000.00,4.58828,97.265625
08:00:33,91282CKF7,TSRYS5774875,D,S,T,2024-04-15,1000000.00,4.58828,97.265625
08:00:33,91282CKF7,TSRYS5774875,D,S,T,2024-04-15,2000000.00,4.597706,97.2109375
08:00:33,91282CKF7,TSRYS5774875,D,S,T,2024-04-15,2000000.00,4.597706,97.2109375
08:00:33,91282CKF7,TSRYS5774875,D,S,T,2024-04-15,2000000.00,4.592319,97.2421875
08:00:33,91282CKF7,TSRYS5774875,D,S,T,2024-04-15,4000000.00,4.592319,97.2421875
08:00:33,91282CKF7,TSRYS5774875,D,S,T,2024-04-15,1000000.00,4.592319,97.2421875
08:00:33,91282CKF7,TSRYS5774875,D,S,T,2024-04-15,1000000.00,4.592319,97.2421875
08:00:33,91282CKF7,TSRYS5774875,D,S,T,2024-04-15,2000000.00,4.592656,97.240234375
08:00:33,91282CKF7,TSRYS5774875,D,S,T,2024-04-15,2000000.00,4.592656,97.240234375
08:00:33,91282CKF7,TSRYS5774875,D,S,T,2024-04-15,2000000.00,4.592319,97.2421875
08:00:33,91282CKF7,TSRYS5774875,D,S,T,2024-04-15,2000000.00,4.592319,97.2421875
08:00:33,91282CKF7,TSRYS5774875,D,S,T,2024-04-15,1000000.00,4.592319,97.2421875
08:00:33,91282CKF7,TSRYS5774875,D,S,T,2024-04-15,2000000.00,4.600737,97.193359375
08:00:33,91282CKF7,TSRYS5774875,D,S,A,2024-04-15,400000.00,4.57691,97.33243125
08:00:33,91282CKF7,TSRYS5774875,D,S,A,2024-04-15,300000.00,4.578255,97.32461875
08:00:33,91282CKF7,TSRYS5774875,D,S,C,2024-04-15,200000.00,4.601005,97.19430625
08:00:37,91282CKF7,TSRYS5774875,D,S,A,2024-04-15,1000.00,4.601005,97.69180625
08:00:37,91282CKF7,TSRYS5774875,D,S,T,2024-04-15,1000000.00,4.550639,97.484375
08:00:37,91282CKF7,TSRYS5774875,D,S,T,2024-04-15,1000000.00,4.553996,97.46484375
08:00:37,91282CKF7,TSRYS5774875,D,S,T,2024-04-15,1000000.00,4.554668,97.4609375
08:00:37,91282CKF7,TSRYS5774875,D,S,T,2024-04-15,1000000.00,4.55366,97.466796875
08:00:37,91282CKF7,TSRYS5774875,D,S,T,2024-04-15,1000000.00,4.554332,97.462890625
08:00:37,91282CKF7,TSRYS5774875,D,S,T,2024-04-15,2000000.00,4.554668,97.4609375
08:00:37,91282CKF7,TSRYS5774875,D,S,T,2024-04-15,1000000.00,4.555003,97.458984375
08:00:37,91282CKF7,TSRYS5774875,D,S,T,2024-04-15,2000000.00,4.556346,97.451171875
08:00:37,91282CKF7,TSRYS5774875,D,S,T,2024-04-15,1000000.00,4.556011,97.453125
08:00:37,91282CKF7,TSRYS5774875,D,S,T,2024-04-15,1000000.00,4.556346,97.451171875
08:00:37,91282CKF7,TSRYS5774875,D,S,T,2024-04-15,1000000.00,4.556011,97.453125
08:00:37,91282CKF7,TSRYS5774875,D,S,T,2024-04-15,1000000.00,4.556011,97.453125
08:00:37,91282CKF7,TSRYS5774875,D,S,T,2024-04-15,1000000.00,4.574826,97.34375
08:00:37,91282CKF7,TSRYS5774875,D,S,T,2024-04-15,1000000.00,4.574826,97.34375
08:00:37,91282CKF7,TSRYS5774875,D,S,T,2024-04-15,1000000.00,4.567095,97.388671875
08:00:37,91282CKF7,TSRYS5774875,D,S,A,2024-04-15,1000000.00,4.578861,97.3203125
08:00:37,91282CKF7,TSRYS5774875,D,S,A,2024-04-15,2000000.00,4.577516,97.328125
08:00:37,91282CKF7,TSRYS5774875,D,S,A,2024-04-15,1000000.00,4.577516,97.328125
08:00:37,91282CKF7,TSRYS5774875,D,S,A,2024-04-15,1000000.00,4.577516,97.328125
08:00:37,91282CKF7,TSRYS5774875,D,S,A,2024-04-15,1000000.00,4.577516,97.328125
08:00:37,91282CKF7,TSRYS5774875,D,S,A,2024-04-15,2000000.00,4.577516,97.328125
08:00:37,91282CKF7,TSRYS5774875,D,S,T,2024-04-15,1000000.00,4.581552,97.3046875
08:00:37,91282CKF7,TSRYS5774875,D,S,T,2024-04-15,1000000.00,4.581552,97.3046875
08:00:37,91282CKF7,TSRYS5774875,D,S,T,2024-04-15,3000000.00,4.580206,97.3125
08:00:37,91282CKF7,TSRYS5774875,D,B,A,2024-04-15,8000000.00,4.581299,97.3061523438
08:00:38,91282CKF7,TSRYS5774875,D,S,T,2024-04-15,1000000.00,4.582897,97.296875
08:00:38,91282CKF7,TSRYS5774875,D,S,T,2024-04-15,1000000.00,4.582897,97.296875
08:00:38,91282CKF7,TSRYS5774875,D,S,T,2024-04-15,1000000.00,4.590973,97.25
08:00:38,91282CKF7,TSRYS5774875,D,S,T,2024-04-15,1000000.00,4.5903,97.25390625
08:00:38,91282CKF7,TSRYS5774875,D,S,T,2024-04-15,1000000.00,4.580206,97.3125
08:00:38,91282CKF7,TSRYS5774875,D,S,T,2024-04-15,1000000.00,4.58828,97.265625
08:00:38,91282CKF7,TSRYS5774875,D,S,T,2024-04-15,1000000.00,4.589627,97.2578125
08:00:38,91282CKF7,TSRYS5774875,D,S,T,2024-04-15,1000000.00,4.592319,97.2421875
08:00:38,91282CKF7,TSRYS5774875,D,S,D,2024-04-15,400000.00,4.591646,97.24609375
08:00:38,91282CKF7,TSRYS5774875,D,S,T,2024-04-15,1000000.00,4.593666,97.234375
08:00:38,91282CKF7,TSRYS5774875,D,S,T,2024-04-15,1000000.00,4.577516,97.328125
08:00:38,91282CKF7,TSRYS5774875,D,S,T,2024-04-15,1000000.00,4.597706,97.2109375
08:00:38,91282CKF7,TSRYS5774875,D,S,T,2024-04-15,1000000.00,4.596359,97.21875
08:00:38,91282CKF7,TSRYS5774875,D,S,T,2024-04-15,1000000.00,4.596359,97.21875
08:00:38,91282CKF7,TSRYS5774875,D,S,T,2024-04-15,1000000.00,4.593666,97.234375
08:00:38,91282CKF7,TSRYS5774875,D,S,T,2024-04-15,1000000.00,4.594339,97.23046875
08:00:38,91282CKF7,TSRYS5774875,D,S,T,2024-04-15,1000000.00,4.593666,97.234375
08:00:38,91282CKF7,TSRYS5774875,D,B,A,2024-04-15,1500000.00,4.593666,97.234375
08:00:38,91282CKF7,TSRYS5774875,D,S,T,2024-04-15,1000000.00,4.574826,97.34375
08:00:38,91282CKF7,TSRYS5774875,D,S,T,2024-04-15,1000000.00,4.607138,97.15625
08:00:38,91282CKF7,TSRYS5774875,D,S,T,2024-04-15,1000000.00,4.607138,97.15625
08:00:38,91282CKF7,TSRYS5774875,D,S,T,2024-04-15,1000000.00,4.607138,97.15625
08:00:40,91282CKF7,TSRYS5774875,D,S,A,2024-04-15,30000.00,4.601005,97.20847291667
08:00:41,91282CKF7,TSRYS5774875,D,S,T,2024-04-15,1000000.00,4.550639,97.484375
08:00:41,91282CKF7,TSRYS5774875,D,S,T,2024-04-15,1000000.00,4.553325,97.46875
08:00:41,91282CKF7,TSRYS5774875,D,S,T,2024-04-15,1000000.00,4.553325,97.46875
08:00:41,91282CKF7,TSRYS5774875,D,S,T,2024-04-15,1000000.00,4.543928,97.5234375
08:00:41,91282CKF7,TSRYS5774875,D,S,T,2024-04-15,1000000.00,4.543593,97.525390625
08:00:41,91282CKF7,TSRYS5774875,D,S,T,2024-04-15,1000000.00,4.543257,97.52734375
08:00:41,91282CKF7,TSRYS5774875,D,S,T,2024-04-15,1000000.00,4.542922,97.529296875
08:00:41,91282CKF7,TSRYS5774875,D,S,T,2024-04-15,1000000.00,4.540238,97.544921875
08:00:41,91282CKF7,TSRYS5774875,D,S,T,2024-04-15,1000000.00,4.539903,97.546875
08:00:41,91282CKF7,TSRYS5774875,D,S,T,2024-04-15,1000000.00,4.539903,97.546875
08:00:41,91282CKF7,TSRYS5774875,D,S,T,2024-04-15,1000000.00,4.557354,97.4453125
08:00:41,91282CKF7,TSRYS5774875,D,S,T,2024-04-15,1000000.00,4.558025,97.44140625
08:00:41,91282CKF7,TSRYS5774875,D,S,T,2024-04-15,1000000.00,4.572136,97.359375
08:00:41,91282CKF7,TSRYS5774875,D,S,T,2024-04-15,1000000.00,4.574826,97.34375
08:00:41,91282CKF7,TSRYS5774875,D,S,T,2024-04-15,2000000.00,4.574826,97.34375
08:00:41,91282CKF7,TSRYS5774875,D,S,T,2024-04-15,1000000.00,4.569448,97.375
08:00:41,91282CKF7,TSRYS5774875,D,S,T,2024-04-15,1000000.00,4.569448,97.375
08:00:41,91282CKF7,TSRYS5774875,D,S,T,2024-04-15,1000000.00,4.581888,97.302734375
08:00:41,91282CKF7,TSRYS5774875,D,S,D,2024-04-15,1000000.00,4.583906,97.291015625
08:00:41,91282CKF7,TSRYS5774875,D,S,T,2024-04-15,1000000.00,4.571464,97.36328125
08:00:41,91282CKF7,TSRYS5774875,D,S,T,2024-04-15,1000000.00,4.571464,97.36328125
08:00:41,91282CKF7,TSRYS5774875,D,S,T,2024-04-15,1000000.00,4.571464,97.36328125
08:00:41,91282CKF7,TSRYS5774875,D,S,T,2024-04-15,1000000.00,4.571464,97.36328125
08:00:41,91282CKF7,TSRYS5774875,D,S,T,2024-04-15,1000000.00,4.571464,97.36328125
08:00:41,91282CKF7,TSRYS5774875,D,S,T,2024-04-15,1000000.00,4.571464,97.36328125
08:00:42,91282CKF7,TSRYS5774875,D,S,D,2024-04-15,1000000.00,4.583906,97.291015625
08:00:42,91282CKF7,TSRYS5774875,D,S,T,2024-04-15,2000000.00,4.580206,97.3125
08:00:42,91282CKF7,TSRYS5774875,D,S,D,2024-04-15,1000000.00,4.590636,97.251953125
08:00:42,91282CKF7,TSRYS5774875,D,S,D,2024-04-15,1000000.00,4.596359,97.21875
08:00:42,91282CKF7,TSRYS5774875,D,S,D,2024-04-15,1000000.00,4.586598,97.275390625
08:00:42,91282CKF7,TSRYS5774875,D,S,D,2024-04-15,1000000.00,4.588954,97.26171875
08:00:42,91282CKF7,TSRYS5774875,D,S,T,2024-04-15,1000000.00,4.584243,97.2890625
08:00:42,91282CKF7,TSRYS5774875,D,S,D,2024-04-15,1000000.00,4.581888,97.302734375
08:00:42,91282CKF7,TSRYS5774875,D,S,T,2024-04-15,1000000.00,4.581552,97.3046875
08:00:42,91282CKF7,TSRYS5774875,D,S,T,2024-04-15,1000000.00,4.582897,97.296875
08:00:42,91282CKF7,TSRYS5774875,D,S,D,2024-04-15,1000000.00,4.595012,97.2265625
08:00:42,91282CKF7,TSRYS5774875,D,S,D,2024-04-15,1000000.00,4.595012,97.2265625
08:00:42,91282CKF7,TSRYS5774875,D,S,T,2024-04-15,1000000.00,4.595012,97.2265625
08:00:42,91282CKF7,TSRYS5774875,D,S,T,2024-04-15,1000000.00,4.594339,97.23046875
08:00:42,91282CKF7,TSRYS5774875,D,S,T,2024-04-15,1000000.00,4.595012,97.2265625
08:00:42,91282CKF7,TSRYS5774875,D,S,T,2024-04-15,1000000.00,4.595012,97.2265625
08:00:42,91282CKF7,TSRYS5774875,D,S,T,2024-04-15,1000000.00,4.594676,97.228515625
08:00:42,91282CKF7,TSRYS5774875,D,S,T,2024-04-15,1000000.00,4.594676,97.228515625
08:00:42,91282CKF7,TSRYS5774875,D,S,T,2024-04-15,1000000.00,4.594339,97.23046875
08:00:42,91282CKF7,TSRYS5774875,D,S,T,2024-04-15,1000000.00,4.594339,97.23046875
08:00:42,91282CKF7,TSRYS5774875,D,S,T,2024-04-15,1000000.00,4.603095,97.1796875
08:00:42,91282CKF7,TSRYS5774875,D,S,T,2024-04-15,1000000.00,4.610171,97.138671875
08:00:42,91282CKF7,TSRYS5774875,D,S,T,2024-04-15,1000000.00,4.607475,97.154296875
08:00:42,91282CKF7,TSRYS5774875,D,S,T,2024-04-15,1000000.00,4.607475,97.154296875
08:00:42,91282CKF7,TSRYS5774875,D,S,T,2024-04-15,1000000.00,4.607475,97.154296875
08:00:42,91282CKF7,TSRYS5774875,D,S,D,2024-04-15,1000000.00,4.601074,97.19140625
08:00:43,91282CKF7,TSRYS5774875,D,S,T,2024-04-15,1000000.00,4.579197,97.318359375
08:00:43,91282CKF7,TSRYS5774875,D,S,T,2024-04-15,1000000.00,4.579534,97.31640625
08:00:43,91282CKF7,TSRYS5774875,D,S,C,2024-04-15,2873500.00,4.578188,97.32421875
08:00:47,91282CKF7,TSRYS5774875,D,S,D,2024-04-15,2873500.00,4.578188,97.32421875
08:00:48,91282CKF7,TSRYS5774875,D,S,T,2024-04-15,1000000.00,4.594002,97.232421875
08:00:49,91282CKF7,TSRYS5774875,D,S,C,2024-04-15,2000000.00,4.602421,97.18359375
08:00:55,91282CKF7,TSRYS5774875,D,S,A,2024-04-15,8953700.00,4.579534,97.31640625
08:00:56,91282CKF7,TSRYS5774875,D,B,C,2024-04-15,2000000.00,4.6004,97.1953125
08:00:56,91282CKF7,TSRYS5774875,D,S,A,2024-04-15,2000000.00,4.6004,97.1953125
08:00:57,91282CKF7,TSRYS5774875,D,S,D,2024-04-15,47000000.00,4.588972,97.26161
08:00:58,91282CKF7,TSRYS5774875,D,S,D,2024-04-15,13000000.00,4.59181,97.24514
08:00:59,91282CKF7,TSRYS5774875,D,S,T,2024-04-15,1000000.00,4.587961,97.267478125
08:00:59,91282CKF7,TSRYS5774875,D,S,T,2024-04-15,1000000.00,4.593346,97.236228125
08:00:59,91282CKF7,TSRYS5774875,D,S,T,2024-04-15,6000000.00,4.610171,97.138671875
08:00:59,91282CKF7,TSRYS5774875,D,S,T,2024-04-15,1000000.00,4.610171,97.138671875
08:00:59,91282CKF7,TSRYS5774875,D,S,T,2024-04-15,1000000.00,4.607475,97.154296875
08:00:59,91282CKF7,TSRYS5774875,D,S,T,2024-04-15,5000000.00,4.607475,97.154296875
08:00:59,91282CKF7,TSRYS5774875,D,S,T,2024-04-15,6000000.00,4.607138,97.15625
08:00:59,91282CKF7,TSRYS5774875,D,S,T,2024-04-15,1000000.00,4.606818,97.158103125
08:00:59,91282CKF7,TSRYS5774875,D,S,T,2024-04-15,1000000.00,4.604443,97.171875
08:00:59,91282CKF7,TSRYS5774875,D,S,T,2024-04-15,5000000.00,4.604443,97.171875
08:01:00,91282CKF7,TSRYS5774875,D,S,D,2024-04-15,1000000.00,4.603432,97.177734375
08:01:02,91282CKF7,TSRYS5774875,D,S,C,2024-04-15,4000000.00,4.600366,97.1955125
08:01:04,91282CKF7,TSRYS5774875,D,S,A,2024-04-15,10000000.00,4.580206,97.3125
08:01:09,91282CKF7,TSRYS5774875,D,S,C,2024-04-15,1000000.00,4.551311,97.48046875
08:01:09,91282CKF7,TSRYS5774875,D,S,C,2024-04-15,1000000.00,4.551311,97.48046875
08:01:09,91282CKF7,TSRYS5774875,D,S,C,2024-04-15,1000000.00,4.550975,97.482421875
08:01:09,91282CKF7,TSRYS5774875,D,S,D,2024-04-15,1000000.00,4.552318,97.474609375
08:01:10,91282CKF7,TSRYS5774875,D,S,C,2024-04-15,1000000.00,4.543593,97.525390625
08:01:10,91282CKF7,TSRYS5774875,D,B,C,2024-04-15,1000000.00,4.543593,97.525390625
08:01:10,91282CKF7,TSRYS5774875,D,B,C,2024-04-15,1000000.00,4.553325,97.46875
08:01:10,91282CKF7,TSRYS5774875,D,S,C,2024-04-15,1000000.00,4.552653,97.47265625
08:01:10,91282CKF7,TSRYS5774875,D,S,C,2024-04-15,1000000.00,4.553325,97.46875
08:01:10,91282CKF7,TSRYS5774875,D,B,C,2024-04-15,1000000.00,4.552653,97.47265625
08:01:10,91282CKF7,TSRYS5774875,D,S,D,2024-04-15,1000000.00,4.553325,97.46875
08:01:11,91282CKF7,TSRYS5774875,D,B,C,2024-04-15,1000000.00,4.558697,97.4375
08:01:11,91282CKF7,TSRYS5774875,D,S,C,2024-04-15,1000000.00,4.558697,97.4375
08:01:11,91282CKF7,TSRYS5774875,D,S,C,2024-04-15,1000000.00,4.557018,97.447265625
08:01:11,91282CKF7,TSRYS5774875,D,S,C,2024-04-15,1000000.00,4.557018,97.447265625
08:01:11,91282CKF7,TSRYS5774875,D,S,C,2024-04-15,1000000.00,4.558697,97.4375
08:01:11,91282CKF7,TSRYS5774875,D,S,C,2024-04-15,1000000.00,4.558697,97.4375
08:01:11,91282CKF7,TSRYS5774875,D,S,C,2024-04-15,1000000.00,4.56172,97.419921875
08:01:11,91282CKF7,TSRYS5774875,D,B,C,2024-04-15,1000000.00,4.56172,97.419921875
08:01:11,91282CKF7,TSRYS5774875,D,B,C,2024-04-15,1000000.00,4.56172,97.419921875
08:01:11,91282CKF7,TSRYS5774875,D,S,C,2024-04-15,1000000.00,4.56172,97.419921875
08:01:11,91282CKF7,TSRYS5774875,D,S,D,2024-04-15,2000000.00,4.56004,97.4296875
08:01:11,91282CKF7,TSRYS5774875,D,S,D,2024-04-15,2000000.00,4.56004,97.4296875
08:01:11,91282CKF7,TSRYS5774875,D,S,D,2024-04-15,1000000.00,4.56004,97.4296875
08:01:11,91282CKF7,TSRYS5774875,D,S,C,2024-04-15,2000000.00,4.603095,97.1796875
08:01:11,91282CKF7,TSRYS5774875,D,S,C,2024-04-15,1000000.00,4.571464,97.36328125
08:01:11,91282CKF7,TSRYS5774875,D,B,C,2024-04-15,1000000.00,4.573145,97.353515625
08:01:12,91282CKF7,TSRYS5774875,D,S,C,2024-04-15,1000000.00,4.573145,97.353515625
08:01:12,91282CKF7,TSRYS5774875,D,S,C,2024-04-15,1000000.00,4.573145,97.353515625
08:01:12,91282CKF7,TSRYS5774875,D,S,C,2024-04-15,1000000.00,4.573145,97.353515625
08:01:12,91282CKF7,TSRYS5774875,D,S,C,2024-04-15,1000000.00,4.576507,97.333984375
08:01:12,91282CKF7,TSRYS5774875,D,B,C,2024-04-15,1000000.00,4.576507,97.333984375
08:01:12,91282CKF7,TSRYS5774875,D,S,C,2024-04-15,1000000.00,4.573481,97.3515625
08:01:12,91282CKF7,TSRYS5774875,D,B,C,2024-04-15,1000000.00,4.573481,97.3515625
08:01:12,91282CKF7,TSRYS5774875,D,S,D,2024-04-15,3059000.00,4.6004,97.1953125
08:01:13,91282CKF7,TSRYS5774875,D,S,D,2024-04-15,1000000.00,4.552318,97.474609375
08:01:13,91282CKF7,TSRYS5774875,D,S,C,2024-04-15,1000000.00,4.575498,97.33984375
08:01:13,91282CKF7,TSRYS5774875,D,B,C,2024-04-15,1000000.00,4.575498,97.33984375
08:01:14,91282CKF7,TSRYS5774875,D,S,A,2024-04-15,17800000.00,4.576979,97.33203125
08:01:14,91282CKF7,TSRYS5774875,D,S,C,2024-04-15,3000000.00,4.548961,97.494140625
08:01:14,91282CKF7,TSRYS5774875,D,S,C,2024-04-15,1000000.00,4.548961,97.494140625
08:01:14,91282CKF7,TSRYS5774875,D,S,C,2024-04-15,1000000.00,4.570792,97.3671875
08:01:14,91282CKF7,TSRYS5774875,D,B,C,2024-04-15,1000000.00,4.570792,97.3671875
08:01:14,91282CKF7,TSRYS5774875,D,S,D,2024-04-15,1000000.00,4.543928,97.5234375
08:01:14,91282CKF7,TSRYS5774875,D,S,C,2024-04-15,1000000.00,4.570792,97.3671875
08:01:14,91282CKF7,TSRYS5774875,D,B,C,2024-04-15,1000000.00,4.570792,97.3671875
08:01:14,91282CKF7,TSRYS5774875,D,S,C,2024-04-15,1000000.00,4.572809,97.35546875
08:01:14,91282CKF7,TSRYS5774875,D,B,C,2024-04-15,1000000.00,4.572809,97.35546875
08:01:15,91282CKF7,TSRYS5774875,D,S,D,2024-04-15,1000000.00,4.548961,97.494140625
08:01:15,91282CKF7,TSRYS5774875,D,B,C,2024-04-15,1000000.00,4.582224,97.30078125
08:01:15,91282CKF7,TSRYS5774875,D,S,C,2024-04-15,1000000.00,4.582224,97.30078125
08:01:15,91282CKF7,TSRYS5774875,D,S,C,2024-04-15,1000000.00,4.582224,97.30078125
08:01:15,91282CKF7,TSRYS5774875,D,S,C,2024-04-15,1000000.00,4.581888,97.302734375
08:01:15,91282CKF7,TSRYS5774875,D,S,C,2024-04-15,1000000.00,4.581888,97.302734375
08:01:15,91282CKF7,TSRYS5774875,D,B,C,2024-04-15,1000000.00,4.581888,97.302734375
08:01:15,91282CKF7,TSRYS5774875,D,S,C,2024-04-15,1000000.00,4.581888,97.302734375
08:01:15,91282CKF7,TSRYS5774875,D,S,C,2024-04-15,1000000.00,4.583906,97.291015625
08:01:15,91282CKF7,TSRYS5774875,D,B,C,2024-04-15,1000000.00,4.583906,97.291015625
08:01:15,91282CKF7,TSRYS5774875,D,S,C,2024-04-15,1000000.00,4.583906,97.291015625
08:01:15,91282CKF7,TSRYS5774875,D,S,D,2024-04-15,1000000.00,4.548961,97.494140625
08:01:15,91282CKF7,TSRYS5774875,D,S,D,2024-04-15,1000000.00,4.549297,97.4921875
08:01:15,91282CKF7,TSRYS5774875,D,S,D,2024-04-15,1000000.00,4.549297,97.4921875
08:01:15,91282CKF7,TSRYS5774875,D,S,D,2024-04-15,1000000.00,4.549297,97.4921875
08:01:15,91282CKF7,TSRYS5774875,D,S,C,2024-04-15,2000000.00,4.584579,97.287109375
08:01:15,91282CKF7,TSRYS5774875,D,S,D,2024-04-15,1000000.00,4.549297,97.4921875
08:01:15,91282CKF7,TSRYS5774875,D,S,D,2024-04-15,2000000.00,4.548961,97.494140625
08:01:15,91282CKF7,TSRYS5774875,D,S,D,2024-04-15,1000000.00,4.548961,97.494140625
08:01:15,91282CKF7,TSRYS5774875,D,S,C,2024-04-15,2000000.00,4.582224,97.30078125
08:01:15,91282CKF7,TSRYS5774875,D,S,C,2024-04-15,2000000.00,4.579534,97.31640625
08:01:15,91282CKF7,TSRYS5774875,D,S,C,2024-04-15,1000000.00,4.579534,97.31640625
08:01:15,91282CKF7,TSRYS5774875,D,B,C,2024-04-15,1000000.00,4.576171,97.3359375
08:01:15,91282CKF7,TSRYS5774875,D,S,C,2024-04-15,1000000.00,4.576171,97.3359375
08:01:15,91282CKF7,TSRYS5774875,D,S,D,2024-04-15,1000000.00,4.548961,97.494140625
08:01:15,91282CKF7,TSRYS5774875,D,S,D,2024-04-15,1000000.00,4.548961,97.494140625
08:01:16,91282CKF7,TSRYS5774875,D,S,C,2024-04-15,1000000.00,4.574826,97.34375
08:01:16,91282CKF7,TSRYS5774875,D,B,C,2024-04-15,1000000.00,4.574153,97.34765625
08:01:16,91282CKF7,TSRYS5774875,D,S,C,2024-04-15,1000000.00,4.574153,97.34765625
08:01:16,91282CKF7,TSRYS5774875,D,S,C,2024-04-15,1000000.00,4.574153,97.34765625
08:01:16,91282CKF7,TSRYS5774875,D,B,C,2024-04-15,1000000.00,4.574153,97.34765625
08:01:16,91282CKF7,TSRYS5774875,D,S,D,2024-04-15,1000000.00,4.546277,97.509765625
08:01:17,91282CKF7,TSRYS5774875,D,S,D,2024-04-15,13000000.00,4.57914,97.3186904
08:01:17,91282CKF7,TSRYS5774875,D,S,D,2024-04-15,30000000.00,4.580643,97.3099634
08:01:17,91282CKF7,TSRYS5774875,D,S,D,2024-04-15,15000000.00,4.581079,97.3074322
08:01:17,91282CKF7,TSRYS5774875,D,S,D,2024-04-15,23000000.00,4.590431,97.2531472
08:01:17,91282CKF7,TSRYS5774875,D,S,D,2024-04-15,9000000.00,4.588133,97.2664819
08:01:17,91282CKF7,TSRYS5774875,D,S,D,2024-04-15,50000000.00,4.596393,97.2185561
08:01:17,91282CKF7,TSRYS5774875,D,S,D,2024-04-15,30000000.00,4.59556,97.2233845
08:01:17,91282CKF7,TSRYS5774875,D,S,C,2024-04-15,1000000.00,4.569111,97.376953125
08:01:17,91282CKF7,TSRYS5774875,D,S,C,2024-04-15,1000000.00,4.579197,97.318359375
08:01:17,91282CKF7,TSRYS5774875,D,S,C,2024-04-15,1000000.00,4.579534,97.31640625
08:01:17,91282CKF7,TSRYS5774875,D,S,C,2024-04-15,2000000.00,4.579197,97.318359375
08:01:17,91282CKF7,TSRYS5774875,D,S,C,2024-04-15,1000000.00,4.579197,97.318359375
08:01:17,91282CKF7,TSRYS5774875,D,S,D,2024-04-15,1000000.00,4.578861,97.3203125
08:01:17,91282CKF7,TSRYS5774875,D,S,C,2024-04-15,1000000.00,4.577516,97.328125
08:01:17,91282CKF7,TSRYS5774875,D,S,D,2024-04-15,1000000.00,4.581215,97.306640625
08:01:17,91282CKF7,TSRYS5774875,D,S,D,2024-04-15,1000000.00,4.581215,97.306640625
08:01:17,91282CKF7,TSRYS5774875,D,S,C,2024-04-15,1000000.00,4.583906,97.291015625
08:01:17,91282CKF7,TSRYS5774875,D,S,C,2024-04-15,1000000.00,4.576507,97.333984375
08:01:17,91282CKF7,TSRYS5774875,D,S,C,2024-04-15,1000000.00,4.576843,97.33203125
08:01:17,91282CKF7,TSRYS5774875,D,S,C,2024-04-15,1000000.00,4.590636,97.251953125
08:01:17,91282CKF7,TSRYS5774875,D,S,C,2024-04-15,1000000.00,4.590636,97.251953125
08:01:17,91282CKF7,TSRYS5774875,D,S,C,2024-04-15,4000000.00,4.590973,97.25
08:01:17,91282CKF7,TSRYS5774875,D,B,C,2024-04-15,1000000.00,4.5903,97.25390625
08:01:17,91282CKF7,TSRYS5774875,D,S,C,2024-04-15,1000000.00,4.5903,97.25390625
08:01:17,91282CKF7,TSRYS5774875,D,S,C,2024-04-15,1000000.00,4.596359,97.21875
08:01:17,91282CKF7,TSRYS5774875,D,S,C,2024-04-15,1000000.00,4.586598,97.275390625
08:01:17,91282CKF7,TSRYS5774875,D,S,C,2024-04-15,1000000.00,4.586598,97.275390625
08:01:17,91282CKF7,TSRYS5774875,D,B,C,2024-04-15,1000000.00,4.586598,97.275390625
08:01:17,91282CKF7,TSRYS5774875,D,B,C,2024-04-15,1000000.00,4.588954,97.26171875
08:01:17,91282CKF7,TSRYS5774875,D,S,D,2024-04-15,1000000.00,4.588954,97.26171875
08:01:18,91282CKF7,TSRYS5774875,D,S,C,2024-04-15,1000000.00,4.588954,97.26171875
08:01:18,91282CKF7,TSRYS5774875,D,B,C,2024-04-15,1000000.00,4.586598,97.275390625
08:01:18,91282CKF7,TSRYS5774875,D,S,C,2024-04-15,1000000.00,4.586598,97.275390625
08:01:18,91282CKF7,TSRYS5774875,D,S,C,2024-04-15,1000000.00,4.581888,97.302734375
08:01:18,91282CKF7,TSRYS5774875,D,S,C,2024-04-15,2000000.00,4.581888,97.302734375
08:01:18,91282CKF7,TSRYS5774875,D,S,T,2024-04-15,1000000.00,4.604443,97.171875
08:01:18,91282CKF7,TSRYS5774875,D,S,T,2024-04-15,1000000.00,4.580224,97.312398
08:01:18,91282CKF7,TSRYS5774875,D,S,D,2024-04-15,2000000.00,4.578861,97.3203125
08:01:19,91282CKF7,TSRYS5774875,D,S,D,2024-04-15,2000000.00,4.581552,97.3046875
08:01:19,91282CKF7,TSRYS5774875,D,S,C,2024-04-15,1000000.00,4.580206,97.3125
08:01:19,91282CKF7,TSRYS5774875,D,B,C,2024-04-15,1000000.00,4.580206,97.3125
08:01:19,91282CKF7,TSRYS5774875,D,B,C,2024-04-15,1000000.00,4.582897,97.296875
08:01:19,91282CKF7,TSRYS5774875,D,S,D,2024-04-15,1000000.00,4.582897,97.296875
08:01:19,91282CKF7,TSRYS5774875,D,B,C,2024-04-15,1000000.00,4.5903,97.25390625
08:01:19,91282CKF7,TSRYS5774875,D,S,D,2024-04-15,1000000.00,4.5903,97.25390625
08:01:20,91282CKF7,TSRYS5774875,D,B,C,2024-04-15,1000000.00,4.58828,97.265625
08:01:20,91282CKF7,TSRYS5774875,D,S,D,2024-04-15,1000000.00,4.58828,97.265625
08:01:20,91282CKF7,TSRYS5774875,D,S,D,2024-04-15,3000000.00,4.589627,97.2578125
08:01:20,91282CKF7,TSRYS5774875,D,B,C,2024-04-15,3000000.00,4.589627,97.2578125
08:01:20,91282CKF7,TSRYS5774875,D,S,D,2024-04-15,1000000.00,4.589627,97.2578125
08:01:20,91282CKF7,TSRYS5774875,D,S,D,2024-04-15,1000000.00,4.592319,97.2421875
08:01:20,91282CKF7,TSRYS5774875,D,B,C,2024-04-15,1000000.00,4.5903,97.25390625
08:01:20,91282CKF7,TSRYS5774875,D,S,C,2024-04-15,1000000.00,4.5903,97.25390625
08:01:20,91282CKF7,TSRYS5774875,D,S,C,2024-04-15,3000000.00,4.5903,97.25390625
08:01:20,91282CKF7,TSRYS5774875,D,B,C,2024-04-15,1000000.00,4.589963,97.255859375
08:01:20,91282CKF7,TSRYS5774875,D,S,C,2024-04-15,1000000.00,4.589963,97.255859375
08:01:20,91282CKF7,TSRYS5774875,D,S,C,2024-04-15,1000000.00,4.589963,97.255859375
08:01:20,91282CKF7,TSRYS5774875,D,B,C,2024-04-15,1000000.00,4.5903,97.25390625
08:01:20,91282CKF7,TSRYS5774875,D,B,C,2024-04-15,1000000.00,4.589963,97.255859375
08:01:20,91282CKF7,TSRYS5774875,D,S,C,2024-04-15,1000000.00,4.5903,97.25390625
08:01:20,91282CKF7,TSRYS5774875,D,B,C,2024-04-15,1000000.00,4.5903,97.25390625
08:01:20,91282CKF7,TSRYS5774875,D,S,C,2024-04-15,1000000.00,4.5903,97.25390625
08:01:20,91282CKF7,TSRYS5774875,D,B,C,2024-04-15,1000000.00,4.590636,97.251953125
08:01:20,91282CKF7,TSRYS5774875,D,S,D,2024-04-15,1000000.00,4.590636,97.251953125
08:01:20,91282CKF7,TSRYS5774875,D,S,D,2024-04-15,1000000.00,4.5903,97.25390625
08:01:20,91282CKF7,TSRYS5774875,D,B,C,2024-04-15,1000000.00,4.5903,97.25390625
08:01:20,91282CKF7,TSRYS5774875,D,B,C,2024-04-15,6000000.00,4.5903,97.25390625
08:01:20,91282CKF7,TSRYS5774875,D,S,D,2024-04-15,6000000.00,4.5903,97.25390625
08:01:20,91282CKF7,TSRYS5774875,D,B,C,2024-04-15,1000000.00,4.5903,97.25390625
08:01:20,91282CKF7,TSRYS5774875,D,S,D,2024-04-15,1000000.00,4.5903,97.25390625
08:01:20,91282CKF7,TSRYS5774875,D,B,C,2024-04-15,1000000.00,4.589963,97.255859375
08:01:20,91282CKF7,TSRYS5774875,D,S,C,2024-04-15,1000000.00,4.589963,97.255859375
08:01:22,91282CKF7,TSRYS5774875,D,S,D,2024-04-15,1000000.00,4.542586,97.53125
08:01:22,91282CKF7,TSRYS5774875,D,B,C,2024-04-15,1000000.00,4.542586,97.53125
08:01:23,91282CKF7,TSRYS5774875,D,S,D,2024-04-15,1000000.00,4.552653,97.47265625
08:01:23,91282CKF7,TSRYS5774875,D,B,C,2024-04-15,1000000.00,4.552653,97.47265625
08:01:23,91282CKF7,TSRYS5774875,D,S,T,2024-04-15,2000000.00,4.56004,97.4296875
08:01:23,91282CKF7,TSRYS5774875,D,S,T,2024-04-15,2000000.00,4.56004,97.4296875
08:01:23,91282CKF7,TSRYS5774875,D,S,T,2024-04-15,1000000.00,4.56004,97.4296875
08:01:23,91282CKF7,TSRYS5774875,D,B,C,2024-04-15,2000000.00,4.555339,97.45703125
08:01:23,91282CKF7,TSRYS5774875,D,S,D,2024-04-15,1000000.00,4.56004,97.4296875
08:01:23,91282CKF7,TSRYS5774875,D,B,C,2024-04-15,1000000.00,4.546948,97.505859375
08:01:23,91282CKF7,TSRYS5774875,D,S,D,2024-04-15,1000000.00,4.546948,97.505859375
08:01:23,91282CKF7,TSRYS5774875,D,S,C,2024-04-15,1000000.00,4.548626,97.49609375
08:01:23,91282CKF7,TSRYS5774875,D,B,C,2024-04-15,1000000.00,4.548626,97.49609375
08:01:23,91282CKF7,TSRYS5774875,D,S,D,2024-04-15,1000000.00,4.544264,97.521484375
08:01:24,91282CKF7,TSRYS5774875,D,S,D,2024-04-15,3000000.00,4.513518,97.7
08:01:24,91282CKF7,TSRYS5774875,D,S,D,2024-04-15,1000000.00,4.55366,97.466796875
08:01:26,91282CKF7,TSRYS5774875,D,S,C,2024-04-15,43100000.00,4.607138,97.15625
08:01:27,91282CKF7,TSRYS5774875,D,S,C,2024-04-15,1000000.00,4.573817,97.34960937
08:01:28,91282CKF7,TSRYS5774875,D,S,T,2024-04-15,1000000.00,4.573481,97.3515625
08:01:29,91282CKF7,TSRYS5774875,D,S,T,2024-04-15,1000000.00,4.55366,97.46679687
08:01:29,91282CKF7,TSRYS5774875,D,S,D,2024-04-15,1000000.00,4.55366,97.46679687
08:01:29,91282CKF7,TSRYS5774875,D,S,T,2024-04-15,1000000.00,4.573817,97.34960937
08:01:29,91282CKF7,TSRYS5774875,D,S,T,2024-04-15,1000000.00,4.573817,97.34960937
08:01:29,91282CKF7,TSRYS5774875,D,S,D,2024-04-15,1000000.00,4.573817,97.34960937
08:01:29,91282CKF7,TSRYS5774875,D,S,D,2024-04-15,1000000.00,4.573817,97.34960937
08:01:29,91282CKF7,TSRYS5774875,D,S,D,2024-04-15,1000000.00,4.573817,97.34960937
08:01:29,91282CKF7,TSRYS5774875,D,S,T,2024-04-15,1000000.00,4.573817,97.34960937
08:01:29,91282CKF7,TSRYS5774875,D,S,T,2024-04-15,1000000.00,4.573817,97.34960937
08:01:29,91282CKF7,TSRYS5774875,D,S,D,2024-04-15,1000000.00,4.55366,97.46679687
08:01:29,91282CKF7,TSRYS5774875,D,S,D,2024-04-15,1000000.00,4.573817,97.34960937
08:01:29,91282CKF7,TSRYS5774875,D,S,T,2024-04-15,1000000.00,4.573817,97.34960937
08:01:29,91282CKF7,TSRYS5774875,D,S,T,2024-04-15,1000000.00,4.548961,97.49414062
08:01:29,91282CKF7,TSRYS5774875,D,S,T,2024-04-15,3000000.00,4.548961,97.49414062
08:01:29,91282CKF7,TSRYS5774875,D,S,T,2024-04-15,1000000.00,4.573817,97.34960937
08:01:29,91282CKF7,TSRYS5774875,D,S,D,2024-04-15,1000000.00,4.573817,97.34960937
08:01:29,91282CKF7,TSRYS5774875,D,S,T,2024-04-15,1000000.00,4.573817,97.34960937
08:01:29,91282CKF7,TSRYS5774875,D,S,D,2024-04-15,1000000.00,4.573817,97.34960937
08:01:30,91282CKF7,TSRYS5774875,D,S,T,2024-04-15,1000000.00,4.573817,97.34960937
08:01:30,91282CKF7,TSRYS5774875,D,S,D,2024-04-15,1000000.00,4.573817,97.34960937
08:01:30,91282CKF7,TSRYS5774875,D,B,C,2024-04-15,2000000.00,4.550304,97.486328125
08:01:30,91282CKF7,TSRYS5774875,D,S,D,2024-04-15,2000000.00,4.550304,97.486328125
08:01:30,91282CKF7,TSRYS5774875,D,S,D,2024-04-15,1000000.00,4.553996,97.46484375
08:01:30,91282CKF7,TSRYS5774875,D,B,C,2024-04-15,1000000.00,4.553996,97.46484375
08:01:30,91282CKF7,TSRYS5774875,D,S,C,2024-04-15,1000000.00,4.554668,97.4609375
08:01:30,91282CKF7,TSRYS5774875,D,S,T,2024-04-15,1000000.00,4.573817,97.34960937
08:01:30,91282CKF7,TSRYS5774875,D,S,D,2024-04-15,1000000.00,4.573817,97.34960937
08:01:30,91282CKF7,TSRYS5774875,D,S,C,2024-04-15,3000000.00,4.548626,97.49609375
08:01:31,91282CKF7,TSRYS5774875,D,S,T,2024-04-15,1000000.00,4.591309,97.24804687
08:01:31,91282CKF7,TSRYS5774875,D,S,T,2024-04-15,1000000.00,4.591309,97.24804687
08:01:31,91282CKF7,TSRYS5774875,D,S,D,2024-04-15,1000000.00,4.591983,97.24414062
08:01:31,91282CKF7,TSRYS5774875,D,S,D,2024-04-15,1000000.00,4.591983,97.24414062
08:01:31,91282CKF7,TSRYS5774875,D,S,T,2024-04-15,1000000.00,4.548961,97.49414062
08:01:31,91282CKF7,TSRYS5774875,D,S,T,2024-04-15,1000000.00,4.548961,97.49414062
08:01:31,91282CKF7,TSRYS5774875,D,S,D,2024-04-15,1000000.00,4.591646,97.24609375
08:01:31,91282CKF7,TSRYS5774875,D,S,D,2024-04-15,1000000.00,4.548961,97.49414062
08:01:31,91282CKF7,TSRYS5774875,D,S,D,2024-04-15,1000000.00,4.591646,97.24609375
08:01:31,91282CKF7,TSRYS5774875,D,S,T,2024-04-15,2000000.00,4.591983,97.24414062
08:01:31,91282CKF7,TSRYS5774875,D,S,T,2024-04-15,1000000.00,4.591983,97.24414062
08:01:31,91282CKF7,TSRYS5774875,D,S,T,2024-04-15,2000000.00,4.591646,97.24609375
08:01:31,91282CKF7,TSRYS5774875,D,S,T,2024-04-15,2000000.00,4.591646,97.24609375
08:01:31,91282CKF7,TSRYS5774875,D,S,T,2024-04-15,1000000.00,4.549297,97.4921875
08:01:31,91282CKF7,TSRYS5774875,D,B,C,2024-04-15,1000000.00,4.556011,97.453125
08:01:31,91282CKF7,TSRYS5774875,D,S,C,2024-04-15,1000000.00,4.556011,97.453125
08:01:31,91282CKF7,TSRYS5774875,D,S,T,2024-04-15,1000000.00,4.549297,97.4921875
08:01:31,91282CKF7,TSRYS5774875,D,S,D,2024-04-15,1000000.00,4.549297,97.4921875
08:01:31,91282CKF7,TSRYS5774875,D,S,D,2024-04-15,1000000.00,4.549297,97.4921875
08:01:32,91282CKF7,TSRYS5774875,D,S,T,2024-04-15,1000000.00,4.549297,97.4921875
08:01:32,91282CKF7,TSRYS5774875,D,S,T,2024-04-15,1000000.00,4.549297,97.4921875
08:01:32,91282CKF7,TSRYS5774875,D,S,D,2024-04-15,1000000.00,4.549297,97.4921875
08:01:32,91282CKF7,TSRYS5774875,D,S,T,2024-04-15,2000000.00,4.548961,97.49414062
08:01:32,91282CKF7,TSRYS5774875,D,S,D,2024-04-15,1000000.00,4.548961,97.49414062
08:01:32,91282CKF7,TSRYS5774875,D,S,D,2024-04-15,1000000.00,4.548961,97.49414062
08:01:32,91282CKF7,TSRYS5774875,D,S,D,2024-04-15,1000000.00,4.58828,97.265625
08:01:32,91282CKF7,TSRYS5774875,D,B,C,2024-04-15,1000000.00,4.587944,97.267578125
08:01:32,91282CKF7,TSRYS5774875,D,B,C,2024-04-15,1000000.00,4.58828,97.265625
08:01:32,91282CKF7,TSRYS5774875,D,S,C,2024-04-15,1000000.00,4.587944,97.267578125
08:01:33,91282CKF7,TSRYS5774875,D,S,C,2024-04-15,2000000.00,4.595686,97.22265625
08:01:33,91282CKF7,TSRYS5774875,D,S,C,2024-04-15,1000000.00,4.595012,97.2265625
08:01:33,91282CKF7,TSRYS5774875,D,S,T,2024-04-15,1000000.00,4.548961,97.49414062
08:01:33,91282CKF7,TSRYS5774875,D,S,T,2024-04-15,1000000.00,4.548961,97.49414062
08:01:33,91282CKF7,TSRYS5774875,D,S,D,2024-04-15,2000000.00,4.597706,97.2109375
08:01:33,91282CKF7,TSRYS5774875,D,S,C,2024-04-15,1000000.00,4.593329,97.236328125
08:01:33,91282CKF7,TSRYS5774875,D,S,C,2024-04-15,1000000.00,4.593329,97.236328125
08:01:33,91282CKF7,TSRYS5774875,D,S,D,2024-04-15,1000000.00,4.548961,97.49414062
08:01:33,91282CKF7,TSRYS5774875,D,S,C,2024-04-15,1000000.00,4.593329,97.236328125
08:01:33,91282CKF7,TSRYS5774875,D,S,T,2024-04-15,1000000.00,4.548961,97.49414062
08:01:33,91282CKF7,TSRYS5774875,D,S,D,2024-04-15,1000000.00,4.595012,97.2265625
08:01:33,91282CKF7,TSRYS5774875,D,S,D,2024-04-15,3000000.00,4.595012,97.2265625
08:01:33,91282CKF7,TSRYS5774875,D,B,C,2024-04-15,1000000.00,4.595349,97.224609375
08:01:33,91282CKF7,TSRYS5774875,D,S,C,2024-04-15,1000000.00,4.595349,97.224609375
08:01:33,91282CKF7,TSRYS5774875,D,B,C,2024-04-15,1000000.00,4.592656,97.240234375
08:01:33,91282CKF7,TSRYS5774875,D,S,D,2024-04-15,1000000.00,4.592656,97.240234375
08:01:33,91282CKF7,TSRYS5774875,D,B,C,2024-04-15,1000000.00,4.595012,97.2265625
08:01:33,91282CKF7,TSRYS5774875,D,S,D,2024-04-15,1000000.00,4.595012,97.2265625
08:01:33,91282CKF7,TSRYS5774875,D,S,D,2024-04-15,1000000.00,4.544264,97.52148437
08:01:33,91282CKF7,TSRYS5774875,D,S,T,2024-04-15,1000000.00,4.544264,97.52148437
08:01:33,91282CKF7,TSRYS5774875,D,S,D,2024-04-15,1000000.00,4.544264,97.52148437
08:01:33,91282CKF7,TSRYS5774875,D,S,D,2024-04-15,1000000.00,4.573817,97.34960937
08:01:33,91282CKF7,TSRYS5774875,D,S,D,2024-04-15,1000000.00,4.602758,97.181640625
08:01:34,91282CKF7,TSRYS5774875,D,S,C,2024-04-15,1000000.00,4.557354,97.4453125
08:01:34,91282CKF7,TSRYS5774875,D,S,T,2024-04-15,1000000.00,4.573817,97.34960937
08:01:34,91282CKF7,TSRYS5774875,D,S,C,2024-04-15,1000000.00,4.568775,97.37890625
08:01:34,91282CKF7,TSRYS5774875,D,S,T,2024-04-15,1000000.00,4.573817,97.34960937
08:01:34,91282CKF7,TSRYS5774875,D,S,T,2024-04-15,1000000.00,4.573817,97.34960937
08:01:34,91282CKF7,TSRYS5774875,D,S,D,2024-04-15,1000000.00,4.573817,97.34960937
08:01:34,91282CKF7,TSRYS5774875,D,S,T,2024-04-15,1000000.00,4.573817,97.34960937
08:01:34,91282CKF7,TSRYS5774875,D,S,C,2024-04-15,1000000.00,4.573817,97.34960937
08:01:34,91282CKF7,TSRYS5774875,D,S,T,2024-04-15,1000000.00,4.573481,97.3515625
08:01:34,91282CKF7,TSRYS5774875,D,S,T,2024-04-15,1000000.00,4.573817,97.34960937
08:01:34,91282CKF7,TSRYS5774875,D,S,T,2024-04-15,1000000.00,4.573481,97.3515625
08:01:34,91282CKF7,TSRYS5774875,D,S,T,2024-04-15,1000000.00,4.573481,97.3515625
08:01:34,91282CKF7,TSRYS5774875,D,S,C,2024-04-15,1000000.00,4.573817,97.34960937
08:01:35,91282CKF7,TSRYS5774875,D,S,T,2024-04-15,1000000.00,4.573817,97.34960937
08:01:35,91282CKF7,TSRYS5774875,D,S,T,2024-04-15,1000000.00,4.573817,97.34960937
08:01:35,91282CKF7,TSRYS5774875,D,S,D,2024-04-15,1000000.00,4.604443,97.171875
08:01:35,91282CKF7,TSRYS5774875,D,B,C,2024-04-15,1000000.00,4.604443,97.171875
08:01:35,91282CKF7,TSRYS5774875,D,B,C,2024-04-15,1000000.00,4.607138,97.15625
08:01:35,91282CKF7,TSRYS5774875,D,S,D,2024-04-15,1000000.00,4.607138,97.15625
08:01:35,91282CKF7,TSRYS5774875,D,S,C,2024-04-15,1000000.00,4.573817,97.34960937
08:01:35,91282CKF7,TSRYS5774875,D,B,C,2024-04-15,1000000.00,4.607138,97.15625
08:01:35,91282CKF7,TSRYS5774875,D,S,D,2024-04-15,1000000.00,4.607138,97.15625
08:01:35,91282CKF7,TSRYS5774875,D,S,T,2024-04-15,1000000.00,4.609886,97.140325
08:01:36,91282CKF7,TSRYS5774875,D,S,T,2024-04-15,1000000.00,4.60719,97.15595
08:01:36,91282CKF7,TSRYS5774875,D,S,T,2024-04-15,1000000.00,4.604494,97.171575
08:01:36,91282CKF7,TSRYS5774875,D,S,D,2024-04-15,1000000.00,4.605116,97.16796875
08:01:36,91282CKF7,TSRYS5774875,D,S,D,2024-04-15,1000000.00,4.603432,97.177734375
08:01:36,91282CKF7,TSRYS5774875,D,S,D,2024-04-15,1000000.00,4.602421,97.18359375
08:01:36,91282CKF7,TSRYS5774875,D,S,T,2024-04-15,1000000.00,4.604494,97.171575
08:01:36,91282CKF7,TSRYS5774875,D,S,T,2024-04-15,1000000.00,4.601799,97.1872
08:01:36,91282CKF7,TSRYS5774875,D,S,C,2024-04-15,100000.00,4.601074,97.19140625
08:01:36,91282CKF7,TSRYS5774875,D,B,A,2024-04-15,100000.00,4.601074,97.19140625
08:01:37,91282CKF7,TSRYS5774875,D,S,T,2024-04-15,1000000.00,4.604494,97.171575
08:01:37,91282CKF7,TSRYS5774875,D,S,C,2024-04-15,1000000.00,4.604106,97.173828125
08:01:37,91282CKF7,TSRYS5774875,D,S,T,2024-04-15,1000000.00,4.604494,97.171575
08:01:37,91282CKF7,TSRYS5774875,D,S,C,2024-04-15,2000000.00,4.604106,97.173828125
08:01:37,91282CKF7,TSRYS5774875,D,S,D,2024-04-15,1000000.00,4.551311,97.48046875
08:01:37,91282CKF7,TSRYS5774875,D,S,C,2024-04-15,2000000.00,4.604106,97.173828125
08:01:37,91282CKF7,TSRYS5774875,D,S,C,2024-04-15,1000000.00,4.551311,97.48046875
08:01:37,91282CKF7,TSRYS5774875,D,S,C,2024-04-15,1000000.00,4.603432,97.177734375
08:01:37,91282CKF7,TSRYS5774875,D,S,D,2024-04-15,1000000.00,4.551311,97.48046875
08:01:37,91282CKF7,TSRYS5774875,D,S,C,2024-04-15,2000000.00,4.602084,97.185546875
08:01:37,91282CKF7,TSRYS5774875,D,S,C,2024-04-15,1000000.00,4.551311,97.48046875
08:01:37,91282CKF7,TSRYS5774875,D,S,T,2024-04-15,1000000.00,4.601799,97.1872
08:01:37,91282CKF7,TSRYS5774875,D,S,C,2024-04-15,1000000.00,4.601411,97.189453125
08:01:37,91282CKF7,TSRYS5774875,D,S,C,2024-04-15,1000000.00,4.601411,97.189453125
08:01:37,91282CKF7,TSRYS5774875,D,S,C,2024-04-15,1000000.00,4.601074,97.19140625
08:01:37,91282CKF7,TSRYS5774875,D,S,C,2024-04-15,1000000.00,4.601074,97.19140625
08:01:39,91282CKF7,TSRYS5774875,D,S,T,2024-04-15,1000000.00,4.550639,97.484375
08:01:39,91282CKF7,TSRYS5774875,D,S,T,2024-04-15,1000000.00,4.550639,97.484375
08:01:39,91282CKF7,TSRYS5774875,D,S,T,2024-04-15,1000000.00,4.547954,97.5
08:01:39,91282CKF7,TSRYS5774875,D,S,T,2024-04-15,1000000.00,4.553325,97.46875
08:01:41,91282CKF7,TSRYS5774875,D,S,D,2024-04-15,1000000.00,4.551311,97.48046875
08:01:41,91282CKF7,TSRYS5774875,D,S,C,2024-04-15,1000000.00,4.551311,97.48046875
08:01:41,91282CKF7,TSRYS5774875,D,S,C,2024-04-15,1000000.00,4.551311,97.48046875
08:01:41,91282CKF7,TSRYS5774875,D,S,D,2024-04-15,1000000.00,4.551311,97.48046875
08:01:41,91282CKF7,TSRYS5774875,D,S,T,2024-04-15,1000000.00,4.572136,97.359375
08:01:43,91282CKF7,TSRYS5774875,D,S,D,2024-04-15,1000000.00,4.552318,97.47460937
08:01:43,91282CKF7,TSRYS5774875,D,S,T,2024-04-15,1000000.00,4.552318,97.47460937
08:01:43,91282CKF7,TSRYS5774875,D,S,D,2024-04-15,1000000.00,4.552318,97.47460937
08:01:43,91282CKF7,TSRYS5774875,D,S,D,2024-04-15,1000000.00,4.552318,97.47460937
08:01:43,91282CKF7,TSRYS5774875,D,S,D,2024-04-15,1000000.00,4.569111,97.37695313
08:01:44,91282CKF7,TSRYS5774875,D,S,D,2024-04-15,1000000.00,4.593329,97.236328125
08:01:44,91282CKF7,TSRYS5774875,D,S,D,2024-04-15,1000000.00,4.593329,97.236328125
08:01:44,91282CKF7,TSRYS5774875,D,S,T,2024-04-15,7000000.00,4.610171,97.138671875
08:01:44,91282CKF7,TSRYS5774875,D,S,D,2024-04-15,1000000.00,4.593329,97.236328125
08:01:45,91282CKF7,TSRYS5774875,D,S,T,2024-04-15,1000000.00,4.590973,97.25
08:01:46,91282CKF7,TSRYS5774875,D,S,T,2024-04-15,2000000.00,4.601765,97.1874
08:01:46,91282CKF7,TSRYS5774875,D,S,T,2024-04-15,2000000.00,4.601765,97.1874
08:01:46,91282CKF7,TSRYS5774875,D,S,T,2024-04-15,1000000.00,4.601765,97.1874
08:01:47,91282CKF7,TSRYS5774875,D,S,C,2024-04-15,1000000.00,4.590973,97.25
08:01:47,91282CKF7,TSRYS5774875,D,S,D,2024-04-15,1000000.00,4.590973,97.25
08:01:48,91282CKF7,TSRYS5774875,D,S,D,2024-04-15,1000000.00,4.58828,97.265625
08:01:48,91282CKF7,TSRYS5774875,D,S,T,2024-04-15,1000000.00,4.58828,97.265625
08:01:48,91282CKF7,TSRYS5774875,D,S,D,2024-04-15,1000000.00,4.585925,97.27929687
08:01:48,91282CKF7,TSRYS5774875,D,S,D,2024-04-15,1000000.00,4.585925,97.27929687
08:01:48,91282CKF7,TSRYS5774875,D,S,D,2024-04-15,1000000.00,4.585925,97.27929687
08:01:48,91282CKF7,TSRYS5774875,D,S,D,2024-04-15,1000000.00,4.585925,97.27929687
08:01:48,91282CKF7,TSRYS5774875,D,S,T,2024-04-15,1000000.00,4.607475,97.154296875
08:01:48,91282CKF7,TSRYS5774875,D,S,D,2024-04-15,1000000.00,4.575162,97.34179687
08:01:49,91282CKF7,TSRYS5774875,D,S,D,2024-04-15,1000000.00,4.578525,97.32226562
08:01:49,91282CKF7,TSRYS5774875,D,S,D,2024-04-15,250000.00,4.607207,97.15585
08:01:49,91282CKF7,TSRYS5774875,D,S,T,2024-04-15,2000000.00,4.60884,97.146384375
08:01:49,91282CKF7,TSRYS5774875,D,S,T,2024-04-15,1000000.00,4.60884,97.146384375
08:01:49,91282CKF7,TSRYS5774875,D,S,T,2024-04-15,1000000.00,4.60884,97.146384375
08:01:49,91282CKF7,TSRYS5774875,D,S,T,2024-04-15,1000000.00,4.608857,97.146284375
08:01:49,91282CKF7,TSRYS5774875,D,S,T,2024-04-15,6000000.00,4.60478,97.169921875
08:01:50,91282CKF7,TSRYS5774875,D,S,D,2024-04-15,1000000.00,4.58357,97.29296875
08:01:50,91282CKF7,TSRYS5774875,D,S,D,2024-04-15,1000000.00,4.58357,97.29296875
08:01:50,91282CKF7,TSRYS5774875,D,S,D,2024-04-15,1000000.00,4.58357,97.29296875
08:01:50,91282CKF7,TSRYS5774875,D,S,T,2024-04-15,1000000.00,4.58357,97.29296875
08:01:51,91282CKF7,TSRYS5774875,D,B,C,2024-04-15,50000000.00,4.577257,97.32963
08:01:52,91282CKF7,TSRYS5774875,D,S,T,2024-04-15,1000000.00,4.587944,97.26757812
08:01:52,91282CKF7,TSRYS5774875,D,S,T,2024-04-15,1000000.00,4.587944,97.26757812
08:01:52,91282CKF7,TSRYS5774875,D,S,D,2024-04-15,3933000.00,4.6014,97.18951582137
08:01:53,91282CKF7,TSRYS5774875,D,S,T,2024-04-15,2000000.00,4.587944,97.26757812
08:01:53,91282CKF7,TSRYS5774875,D,S,T,2024-04-15,1000000.00,4.587944,97.26757812
08:01:53,91282CKF7,TSRYS5774875,D,S,T,2024-04-15,1000000.00,4.587944,97.26757812
08:01:53,91282CKF7,TSRYS5774875,D,S,T,2024-04-15,1000000.00,4.587944,97.26757812
08:01:53,91282CKF7,TSRYS5774875,D,S,D,2024-04-15,1000000.00,4.587944,97.26757812
08:01:54,91282CKF7,TSRYS5774875,D,S,D,2024-04-15,2000000.00,4.587944,97.26757812
08:01:54,91282CKF7,TSRYS5774875,D,S,T,2024-04-15,2000000.00,4.587944,97.26757812
08:01:54,91282CKF7,TSRYS5774875,D,S,T,2024-04-15,2000000.00,4.587944,97.26757812
08:01:54,91282CKF7,TSRYS5774875,D,S,T,2024-04-15,1000000.00,4.587944,97.26757812
08:01:54,91282CKF7,TSRYS5774875,D,S,T,2024-04-15,1000000.00,4.587944,97.26757812
08:01:54,91282CKF7,TSRYS5774875,D,S,T,2024-04-15,2000000.00,4.587944,97.26757812
08:01:54,91282CKF7,TSRYS5774875,D,S,T,2024-04-15,2000000.00,4.587944,97.26757812
08:01:54,91282CKF7,TSRYS5774875,D,S,T,2024-04-15,2000000.00,4.587944,97.26757812
08:01:54,91282CKF7,TSRYS5774875,D,S,D,2024-04-15,2000000.00,4.587944,97.26757812
08:01:54,91282CKF7,TSRYS5774875,D,S,C,2024-04-15,2000000.00,4.587944,97.26757812
08:01:54,91282CKF7,TSRYS5774875,D,S,C,2024-04-15,2000000.00,4.587944,97.26757812
08:01:54,91282CKF7,TSRYS5774875,D,S,C,2024-04-15,2000000.00,4.587944,97.26757812
08:01:54,91282CKF7,TSRYS5774875,D,S,C,2024-04-15,1000000.00,4.587944,97.26757812
08:01:54,91282CKF7,TSRYS5774875,D,S,D,2024-04-15,1000000.00,4.587944,97.26757812
08:01:54,91282CKF7,TSRYS5774875,D,S,T,2024-04-15,1000000.00,4.587944,97.26757812
08:01:54,91282CKF7,TSRYS5774875,D,S,T,2024-04-15,2000000.00,4.587944,97.26757812
08:01:54,91282CKF7,TSRYS5774875,D,S,D,2024-04-15,2000000.00,4.587944,97.26757812
08:01:54,91282CKF7,TSRYS5774875,D,S,T,2024-04-15,2000000.00,4.587944,97.26757812
08:01:54,91282CKF7,TSRYS5774875,D,S,T,2024-04-15,2000000.00,4.587944,97.26757812
08:01:56,91282CKF7,TSRYS5774875,D,S,T,2024-04-15,2000000.00,4.595349,97.22460937
08:01:56,91282CKF7,TSRYS5774875,D,S,D,2024-04-15,2000000.00,4.595349,97.22460937
08:01:56,91282CKF7,TSRYS5774875,D,S,D,2024-04-15,2000000.00,4.595349,97.22460937
08:01:56,91282CKF7,TSRYS5774875,D,S,D,2024-04-15,1000000.00,4.573481,97.3515625
08:01:56,91282CKF7,TSRYS5774875,D,B,C,2024-04-15,1000000.00,4.573481,97.3515625
08:01:56,91282CKF7,TSRYS5774875,D,S,C,2024-04-15,1000000.00,4.573481,97.3515625
08:01:56,91282CKF7,TSRYS5774875,D,B,C,2024-04-15,1000000.00,4.573481,97.3515625
08:01:57,91282CKF7,TSRYS5774875,D,S,C,2024-04-15,1000000.00,4.574826,97.34375
08:01:57,91282CKF7,TSRYS5774875,D,B,C,2024-04-15,1000000.00,4.574826,97.34375
08:01:58,91282CKF7,TSRYS5774875,D,S,C,2024-04-15,1000000.00,4.581888,97.302734375
08:02:00,91282CKF7,TSRYS5774875,D,S,T,2024-04-15,1000000.00,4.595349,97.22460937
08:02:00,91282CKF7,TSRYS5774875,D,S,T,2024-04-15,1000000.00,4.595349,97.22460937
08:02:00,91282CKF7,TSRYS5774875,D,S,T,2024-04-15,1000000.00,4.595349,97.22460937
08:02:00,91282CKF7,TSRYS5774875,D,S,T,2024-04-15,1000000.00,4.595349,97.22460937
08:02:00,91282CKF7,TSRYS5774875,D,S,C,2024-04-15,1000000.00,4.583234,97.294921875
08:02:01,91282CKF7,TSRYS5774875,D,S,D,2024-04-15,100000.00,4.603095,97.1796875
08:02:01,91282CKF7,TSRYS5774875,D,S,C,2024-04-15,7500000.00,4.549297,97.4921875
08:02:02,91282CKF7,TSRYS5774875,D,S,T,2024-04-15,1000000.00,4.580206,97.3125
08:02:03,91282CKF7,TSRYS5774875,D,S,D,2024-04-15,145800000.00,4.590973,97.25
08:02:03,91282CKF7,TSRYS5774875,D,B,C,2024-04-15,145800000.00,4.590973,97.25
08:02:04,91282CKF7,TSRYS5774875,D,S,D,2024-04-15,1000000.00,4.595012,97.2265625
08:02:04,91282CKF7,TSRYS5774875,D,S,T,2024-04-15,1000000.00,4.595349,97.22460937
08:02:04,91282CKF7,TSRYS5774875,D,S,T,2024-04-15,1000000.00,4.595349,97.22460937
08:02:04,91282CKF7,TSRYS5774875,D,S,C,2024-04-15,1000000.00,4.595349,97.22460937
08:02:04,91282CKF7,TSRYS5774875,D,S,D,2024-04-15,1000000.00,4.595349,97.22460937
08:02:04,91282CKF7,TSRYS5774875,D,S,T,2024-04-15,1000000.00,4.580206,97.3125
08:02:04,91282CKF7,TSRYS5774875,D,S,D,2024-04-15,1000000.00,4.595349,97.22460937
08:02:04,91282CKF7,TSRYS5774875,D,S,D,2024-04-15,1000000.00,4.595349,97.22460937
08:02:04,91282CKF7,TSRYS5774875,D,S,D,2024-04-15,1000000.00,4.603095,97.1796875
08:02:04,91282CKF7,TSRYS5774875,D,S,T,2024-04-15,1000000.00,4.595349,97.22460937
08:02:04,91282CKF7,TSRYS5774875,D,S,D,2024-04-15,1000000.00,4.595349,97.22460937
08:02:04,91282CKF7,TSRYS5774875,D,S,T,2024-04-15,1000000.00,4.595349,97.22460937
08:02:05,91282CKF7,TSRYS5774875,D,S,D,2024-04-15,1000000.00,4.595349,97.22460937
08:02:05,91282CKF7,TSRYS5774875,D,S,D,2024-04-15,2000000.00,4.599053,97.203125
08:02:05,91282CKF7,TSRYS5774875,D,S,D,2024-04-15,1000000.00,4.59939,97.20117187
08:02:06,91282CKF7,TSRYS5774875,D,S,C,2024-04-15,1000000.00,4.558663,97.4377
08:02:06,91282CKF7,TSRYS5774875,D,B,C,2024-04-15,1000000.00,4.558697,97.4375
08:02:06,91282CKF7,TSRYS5774875,D,B,C,2024-04-15,1000000.00,4.556011,97.453125
08:02:06,91282CKF7,TSRYS5774875,D,S,D,2024-04-15,1000000.00,4.556011,97.453125
08:02:07,91282CKF7,TSRYS5774875,D,S,C,2024-04-15,1000000.00,4.550609,97.48455
08:02:07,91282CKF7,TSRYS5774875,D,B,C,2024-04-15,1000000.00,4.550639,97.484375
08:02:07,91282CKF7,TSRYS5774875,D,S,D,2024-04-15,2000000.00,4.601411,97.18945312
08:02:07,91282CKF7,TSRYS5774875,D,S,D,2024-04-15,1000000.00,4.601411,97.18945312
08:02:07,91282CKF7,TSRYS5774875,D,S,D,2024-04-15,1000000.00,4.602421,97.18359375
08:02:07,91282CKF7,TSRYS5774875,D,S,D,2024-04-15,2000000.00,4.602421,97.18359375
08:02:07,91282CKF7,TSRYS5774875,D,S,T,2024-04-15,1000000.00,4.602421,97.18359375
08:02:07,91282CKF7,TSRYS5774875,D,S,D,2024-04-15,2000000.00,4.602421,97.18359375
08:02:07,91282CKF7,TSRYS5774875,D,S,D,2024-04-15,1000000.00,4.602421,97.18359375
08:02:07,91282CKF7,TSRYS5774875,D,S,D,2024-04-15,1000000.00,4.602758,97.18164062
08:02:07,91282CKF7,TSRYS5774875,D,S,C,2024-04-15,1000000.00,4.550639,97.484375
08:02:07,91282CKF7,TSRYS5774875,D,S,T,2024-04-15,1000000.00,4.602758,97.18164062
08:02:07,91282CKF7,TSRYS5774875,D,S,D,2024-04-15,1000000.00,4.602758,97.18164062
08:02:07,91282CKF7,TSRYS5774875,D,B,C,2024-04-15,1000000.00,4.550674,97.484175
08:02:07,91282CKF7,TSRYS5774875,D,S,D,2024-04-15,1000000.00,4.602758,97.18164062
08:02:07,91282CKF7,TSRYS5774875,D,S,D,2024-04-15,1000000.00,4.602758,97.18164062
08:02:07,91282CKF7,TSRYS5774875,D,S,C,2024-04-15,1000000.00,4.550639,97.484375
08:02:07,91282CKF7,TSRYS5774875,D,B,C,2024-04-15,1000000.00,4.550639,97.484375
08:02:07,91282CKF7,TSRYS5774875,D,S,C,2024-04-15,1000000.00,4.602758,97.18164062
08:02:07,91282CKF7,TSRYS5774875,D,B,C,2024-04-15,1000000.00,4.550639,97.484375
08:02:07,91282CKF7,TSRYS5774875,D,S,C,2024-04-15,1000000.00,4.550639,97.484375
08:02:07,91282CKF7,TSRYS5774875,D,S,C,2024-04-15,1000000.00,4.550609,97.48455
08:02:07,91282CKF7,TSRYS5774875,D,S,T,2024-04-15,1000000.00,4.602758,97.18164062
08:02:07,91282CKF7,TSRYS5774875,D,S,C,2024-04-15,1000000.00,4.602758,97.18164062
08:02:07,91282CKF7,TSRYS5774875,D,S,C,2024-04-15,1000000.00,4.553299,97.4689
08:02:07,91282CKF7,TSRYS5774875,D,B,C,2024-04-15,1000000.00,4.553325,97.46875
08:02:07,91282CKF7,TSRYS5774875,D,B,C,2024-04-15,1000000.00,4.553325,97.46875
08:02:07,91282CKF7,TSRYS5774875,D,S,C,2024-04-15,1000000.00,4.553295,97.468925
08:02:07,91282CKF7,TSRYS5774875,D,S,C,2024-04-15,1000000.00,4.553295,97.468925
08:02:07,91282CKF7,TSRYS5774875,D,S,C,2024-04-15,1000000.00,4.553299,97.4689
08:02:07,91282CKF7,TSRYS5774875,D,B,C,2024-04-15,1000000.00,4.553325,97.46875
08:02:07,91282CKF7,TSRYS5774875,D,B,C,2024-04-15,1000000.00,4.553325,97.46875
08:02:07,91282CKF7,TSRYS5774875,D,S,C,2024-04-15,1000000.00,4.553295,97.468925
08:02:07,91282CKF7,TSRYS5774875,D,S,C,2024-04-15,1000000.00,4.553295,97.468925
08:02:07,91282CKF7,TSRYS5774875,D,S,C,2024-04-15,1000000.00,4.553325,97.46875
08:02:07,91282CKF7,TSRYS5774875,D,B,C,2024-04-15,1000000.00,4.553325,97.46875
08:02:08,91282CKF7,TSRYS5774875,D,S,C,2024-04-15,1000000.00,4.556011,97.453125
08:02:08,91282CKF7,TSRYS5774875,D,B,C,2024-04-15,1000000.00,4.556011,97.453125
08:02:08,91282CKF7,TSRYS5774875,D,S,D,2024-04-15,1000000.00,4.558697,97.4375
08:02:08,91282CKF7,TSRYS5774875,D,B,C,2024-04-15,1000000.00,4.558697,97.4375
08:02:08,91282CKF7,TSRYS5774875,D,S,D,2024-04-15,1000000.00,4.556011,97.453125
08:02:08,91282CKF7,TSRYS5774875,D,B,C,2024-04-15,1000000.00,4.556011,97.453125
08:02:08,91282CKF7,TSRYS5774875,D,S,D,2024-04-15,1000000.00,4.556011,97.453125
08:02:08,91282CKF7,TSRYS5774875,D,B,C,2024-04-15,1000000.00,4.556011,97.453125
08:02:08,91282CKF7,TSRYS5774875,D,S,T,2024-04-15,1000000.00,4.593666,97.234375
08:02:08,91282CKF7,TSRYS5774875,D,B,C,2024-04-15,1000000.00,4.558697,97.4375
08:02:08,91282CKF7,TSRYS5774875,D,S,D,2024-04-15,1000000.00,4.558697,97.4375
08:02:08,91282CKF7,TSRYS5774875,D,B,C,2024-04-15,1000000.00,4.558697,97.4375
08:02:08,91282CKF7,TSRYS5774875,D,S,D,2024-04-15,1000000.00,4.558697,97.4375
08:02:08,91282CKF7,TSRYS5774875,D,S,T,2024-04-15,1000000.00,4.580206,97.3125
08:02:08,91282CKF7,TSRYS5774875,D,S,A,2024-04-15,1000000.00,4.580206,97.3125
08:02:08,91282CKF7,TSRYS5774875,D,S,D,2024-04-15,1000000.00,4.558697,97.4375
08:02:08,91282CKF7,TSRYS5774875,D,B,C,2024-04-15,1000000.00,4.558723,97.43735
08:02:08,91282CKF7,TSRYS5774875,D,B,C,2024-04-15,1000000.00,4.558697,97.4375
08:02:08,91282CKF7,TSRYS5774875,D,S,D,2024-04-15,1000000.00,4.558697,97.4375
08:02:08,91282CKF7,TSRYS5774875,D,B,C,2024-04-15,1000000.00,4.556011,97.453125
08:02:09,91282CKF7,TSRYS5774875,D,S,D,2024-04-15,1000000.00,4.556011,97.453125
08:02:09,91282CKF7,TSRYS5774875,D,B,C,2024-04-15,1000000.00,4.558723,97.43735
08:02:09,91282CKF7,TSRYS5774875,D,B,C,2024-04-15,1000000.00,4.558723,97.43735
08:02:09,91282CKF7,TSRYS5774875,D,S,D,2024-04-15,1000000.00,4.558697,97.4375
08:02:09,91282CKF7,TSRYS5774875,D,S,D,2024-04-15,1000000.00,4.558697,97.4375
08:02:09,91282CKF7,TSRYS5774875,D,S,D,2024-04-15,1000000.00,4.603095,97.1796875
08:02:09,91282CKF7,TSRYS5774875,D,B,C,2024-04-15,1000000.00,4.556045,97.452925
08:02:10,91282CKF7,TSRYS5774875,D,S,D,2024-04-15,1000000.00,4.556011,97.453125
08:02:10,91282CKF7,TSRYS5774875,D,S,D,2024-04-15,1000000.00,4.553325,97.46875
08:02:10,91282CKF7,TSRYS5774875,D,B,C,2024-04-15,1000000.00,4.553325,97.46875
08:02:10,91282CKF7,TSRYS5774875,D,B,C,2024-04-15,1000000.00,4.550639,97.484375
08:02:10,91282CKF7,TSRYS5774875,D,S,D,2024-04-15,1000000.00,4.550639,97.484375
08:02:10,91282CKF7,TSRYS5774875,D,S,C,2024-04-15,1000000.00,4.5506,97.484602
08:02:10,91282CKF7,TSRYS5774875,D,B,C,2024-04-15,1000000.00,4.550674,97.484175
08:02:11,91282CKF7,TSRYS5774875,D,B,C,2024-04-15,1000000.00,4.553325,97.46875
08:02:11,91282CKF7,TSRYS5774875,D,S,C,2024-04-15,1000000.00,4.553286,97.468977
08:02:11,91282CKF7,TSRYS5774875,D,S,C,2024-04-15,1000000.00,4.553286,97.468977
08:02:11,91282CKF7,TSRYS5774875,D,B,C,2024-04-15,1000000.00,4.553325,97.46875
08:02:11,91282CKF7,TSRYS5774875,D,S,C,2024-04-15,1000000.00,4.553286,97.468977
08:02:11,91282CKF7,TSRYS5774875,D,S,C,2024-04-15,1000000.00,4.550639,97.484375
08:02:11,91282CKF7,TSRYS5774875,D,B,C,2024-04-15,1000000.00,4.550639,97.484375
08:02:11,91282CKF7,TSRYS5774875,D,B,C,2024-04-15,1000000.00,4.550674,97.484175
08:02:11,91282CKF7,TSRYS5774875,D,S,C,2024-04-15,1000000.00,4.550639,97.484375
08:02:11,91282CKF7,TSRYS5774875,D,B,C,2024-04-15,1000000.00,4.547954,97.5
08:02:11,91282CKF7,TSRYS5774875,D,S,D,2024-04-15,1000000.00,4.607138,97.15625
08:02:11,91282CKF7,TSRYS5774875,D,S,C,2024-04-15,1000000.00,4.547929,97.50015
08:02:11,91282CKF7,TSRYS5774875,D,S,D,2024-04-15,2000000.00,4.606801,97.15820312
08:02:11,91282CKF7,TSRYS5774875,D,S,T,2024-04-15,1000000.00,4.58828,97.265625
08:02:11,91282CKF7,TSRYS5774875,D,S,C,2024-04-15,1000000.00,4.54527,97.515625
08:02:11,91282CKF7,TSRYS5774875,D,B,C,2024-04-15,1000000.00,4.54527,97.515625
08:02:11,91282CKF7,TSRYS5774875,D,S,C,2024-04-15,1000000.00,4.54527,97.515625
08:02:11,91282CKF7,TSRYS5774875,D,B,C,2024-04-15,1000000.00,4.54527,97.515625
08:02:11,91282CKF7,TSRYS5774875,D,S,C,2024-04-15,1000000.00,4.54527,97.515625
08:02:12,91282CKF7,TSRYS5774875,D,S,C,2024-04-15,1000000.00,4.606801,97.15820312
08:02:12,91282CKF7,TSRYS5774875,D,S,C,2024-04-15,1000000.00,4.606801,97.15820312
08:02:12,91282CKF7,TSRYS5774875,D,S,D,2024-04-15,1000000.00,4.605116,97.16796875
08:02:12,91282CKF7,TSRYS5774875,D,S,D,2024-04-15,1000000.00,4.605116,97.16796875
08:02:12,91282CKF7,TSRYS5774875,D,S,D,2024-04-15,1000000.00,4.605116,97.16796875
08:02:12,91282CKF7,TSRYS5774875,D,S,D,2024-04-15,1000000.00,4.605116,97.16796875
08:02:12,91282CKF7,TSRYS5774875,D,S,C,2024-04-15,1000000.00,4.605116,97.16796875
08:02:12,91282CKF7,TSRYS5774875,D,S,C,2024-04-15,1000000.00,4.605116,97.16796875
08:02:12,91282CKF7,TSRYS5774875,D,S,C,2024-04-15,1000000.00,4.605116,97.16796875
08:02:12,91282CKF7,TSRYS5774875,D,S,C,2024-04-15,1000000.00,4.605116,97.16796875
08:02:12,91282CKF7,TSRYS5774875,D,S,C,2024-04-15,1000000.00,4.605116,97.16796875
08:02:12,91282CKF7,TSRYS5774875,D,S,D,2024-04-15,1000000.00,4.542586,97.53125
08:02:12,91282CKF7,TSRYS5774875,D,B,C,2024-04-15,1000000.00,4.542621,97.53105
08:02:12,91282CKF7,TSRYS5774875,D,S,C,2024-04-15,1000000.00,4.605116,97.16796875
08:02:12,91282CKF7,TSRYS5774875,D,B,C,2024-04-15,1000000.00,4.542586,97.53125
08:02:12,91282CKF7,TSRYS5774875,D,S,C,2024-04-15,1000000.00,4.605116,97.16796875
08:02:12,91282CKF7,TSRYS5774875,D,S,D,2024-04-15,1000000.00,4.542586,97.53125
08:02:12,91282CKF7,TSRYS5774875,D,S,D,2024-04-15,1000000.00,4.542586,97.53125
08:02:12,91282CKF7,TSRYS5774875,D,S,T,2024-04-15,1000000.00,4.605116,97.16796875
08:02:12,91282CKF7,TSRYS5774875,D,S,D,2024-04-15,1000000.00,4.542586,97.53125
08:02:12,91282CKF7,TSRYS5774875,D,S,T,2024-04-15,1000000.00,4.605116,97.16796875
08:02:12,91282CKF7,TSRYS5774875,D,B,C,2024-04-15,1000000.00,4.542586,97.53125
08:02:12,91282CKF7,TSRYS5774875,D,S,D,2024-04-15,1000000.00,4.542586,97.53125
08:02:12,91282CKF7,TSRYS5774875,D,S,T,2024-04-15,1000000.00,4.605116,97.16796875
08:02:12,91282CKF7,TSRYS5774875,D,B,C,2024-04-15,1000000.00,4.542586,97.53125
08:02:12,91282CKF7,TSRYS5774875,D,S,T,2024-04-15,1000000.00,4.605116,97.16796875
08:02:12,91282CKF7,TSRYS5774875,D,S,D,2024-04-15,1000000.00,4.542586,97.53125
08:02:12,91282CKF7,TSRYS5774875,D,S,D,2024-04-15,1000000.00,4.605116,97.16796875
08:02:12,91282CKF7,TSRYS5774875,D,S,T,2024-04-15,1000000.00,4.605116,97.16796875
08:02:12,91282CKF7,TSRYS5774875,D,S,T,2024-04-15,1000000.00,4.605116,97.16796875
08:02:12,91282CKF7,TSRYS5774875,D,S,C,2024-04-15,1000000.00,4.605116,97.16796875
08:02:12,91282CKF7,TSRYS5774875,D,S,D,2024-04-15,1000000.00,4.605116,97.16796875
08:02:12,91282CKF7,TSRYS5774875,D,S,D,2024-04-15,1000000.00,4.605116,97.16796875
08:02:12,91282CKF7,TSRYS5774875,D,S,T,2024-04-15,1000000.00,4.605116,97.16796875
08:02:12,91282CKF7,TSRYS5774875,D,S,T,2024-04-15,1000000.00,4.605116,97.16796875
08:02:12,91282CKF7,TSRYS5774875,D,S,T,2024-04-15,1000000.00,4.605116,97.16796875
08:02:12,91282CKF7,TSRYS5774875,D,S,C,2024-04-15,2000000.00,4.547937,97.5001
08:02:12,91282CKF7,TSRYS5774875,D,B,C,2024-04-15,1000000.00,4.547954,97.5
08:02:12,91282CKF7,TSRYS5774875,D,S,D,2024-04-15,1000000.00,4.547954,97.5
08:02:12,91282CKF7,TSRYS5774875,D,B,C,2024-04-15,2000000.00,4.547954,97.5
08:02:12,91282CKF7,TSRYS5774875,D,S,C,2024-04-15,1000000.00,4.575498,97.33984375
08:02:12,91282CKF7,TSRYS5774875,D,S,C,2024-04-15,1000000.00,4.575498,97.33984375
08:02:12,91282CKF7,TSRYS5774875,D,B,C,2024-04-15,1000000.00,4.547954,97.5
08:02:12,91282CKF7,TSRYS5774875,D,S,C,2024-04-15,1000000.00,4.547954,97.5
08:02:12,91282CKF7,TSRYS5774875,D,S,D,2024-04-15,1000000.00,4.547954,97.5
08:02:12,91282CKF7,TSRYS5774875,D,S,D,2024-04-15,1000000.00,4.547954,97.5
08:02:12,91282CKF7,TSRYS5774875,D,S,D,2024-04-15,1000000.00,4.605116,97.16796875
08:02:12,91282CKF7,TSRYS5774875,D,S,D,2024-04-15,1000000.00,4.605116,97.16796875
08:02:12,91282CKF7,TSRYS5774875,D,S,C,2024-04-15,1000000.00,4.605116,97.16796875
08:02:12,91282CKF7,TSRYS5774875,D,B,C,2024-04-15,1000000.00,4.547993,97.499775
08:02:12,91282CKF7,TSRYS5774875,D,B,C,2024-04-15,1000000.00,4.547954,97.5
08:02:12,91282CKF7,TSRYS5774875,D,S,D,2024-04-15,1000000.00,4.547954,97.5
08:02:12,91282CKF7,TSRYS5774875,D,B,C,2024-04-15,1000000.00,4.547989,97.4998
08:02:12,91282CKF7,TSRYS5774875,D,S,D,2024-04-15,1000000.00,4.547954,97.5
08:02:12,91282CKF7,TSRYS5774875,D,B,C,2024-04-15,1000000.00,4.547993,97.499775
08:02:12,91282CKF7,TSRYS5774875,D,S,D,2024-04-15,1000000.00,4.547954,97.5
08:02:12,91282CKF7,TSRYS5774875,D,B,C,2024-04-15,1000000.00,4.547993,97.499775
08:02:12,91282CKF7,TSRYS5774875,D,B,C,2024-04-15,1000000.00,4.547993,97.499775
08:02:12,91282CKF7,TSRYS5774875,D,S,D,2024-04-15,1000000.00,4.547954,97.5
08:02:12,91282CKF7,TSRYS5774875,D,S,D,2024-04-15,1000000.00,4.547954,97.5
08:02:12,91282CKF7,TSRYS5774875,D,B,C,2024-04-15,1000000.00,4.547993,97.499775
08:02:12,91282CKF7,TSRYS5774875,D,B,C,2024-04-15,1000000.00,4.547993,97.499775
08:02:12,91282CKF7,TSRYS5774875,D,B,C,2024-04-15,1000000.00,4.547993,97.499775
08:02:12,91282CKF7,TSRYS5774875,D,S,D,2024-04-15,1000000.00,4.547954,97.5
08:02:12,91282CKF7,TSRYS5774875,D,S,D,2024-04-15,1000000.00,4.547954,97.5
08:02:12,91282CKF7,TSRYS5774875,D,S,C,2024-04-15,1000000.00,4.547954,97.5
08:02:12,91282CKF7,TSRYS5774875,D,B,C,2024-04-15,1000000.00,4.547993,97.499775
08:02:12,91282CKF7,TSRYS5774875,D,B,C,2024-04-15,1000000.00,4.547993,97.499775
08:02:12,91282CKF7,TSRYS5774875,D,S,C,2024-04-15,1000000.00,4.547954,97.5
08:02:13,91282CKF7,TSRYS5774875,D,S,D,2024-04-15,1000000.00,4.602421,97.18359375
08:02:14,91282CKF7,TSRYS5774875,D,S,A,2024-04-15,1000000.00,4.580206,97.3125
08:02:17,91282CKF7,TSRYS5774875,D,S,T,2024-04-15,1000000.00,4.590973,97.25
08:02:20,91282CKF7,TSRYS5774875,D,S,D,2024-04-15,1000000.00,4.576171,97.3359375
08:02:21,91282CKF7,TSRYS5774875,D,S,A,2024-04-15,674000.00,4.572136,97.359375
08:02:21,91282CKF7,TSRYS5774875,D,S,T,2024-04-15,1000000.00,4.578525,97.322265625
08:02:21,91282CKF7,TSRYS5774875,D,S,T,2024-04-15,2000000.00,4.578188,97.32421875
08:02:21,91282CKF7,TSRYS5774875,D,S,T,2024-04-15,2000000.00,4.573481,97.3515625
08:02:21,91282CKF7,TSRYS5774875,D,S,T,2024-04-15,1000000.00,4.578525,97.322265625
08:02:21,91282CKF7,TSRYS5774875,D,S,T,2024-04-15,2000000.00,4.582897,97.296875
08:02:21,91282CKF7,TSRYS5774875,D,S,T,2024-04-15,2000000.00,4.578525,97.322265625
08:02:21,91282CKF7,TSRYS5774875,D,S,T,2024-04-15,2000000.00,4.585925,97.279296875
08:02:21,91282CKF7,TSRYS5774875,D,S,T,2024-04-15,2000000.00,4.594339,97.23046875
08:02:21,91282CKF7,TSRYS5774875,D,S,T,2024-04-15,2000000.00,4.594339,97.23046875
08:02:22,91282CKF7,TSRYS5774875,D,S,T,2024-04-15,1000000.00,4.578525,97.322265625
08:02:22,91282CKF7,TSRYS5774875,D,S,T,2024-04-15,1000000.00,4.578525,97.322265625
08:02:22,91282CKF7,TSRYS5774875,D,S,T,2024-04-15,2000000.00,4.578525,97.322265625
08:02:22,91282CKF7,TSRYS5774875,D,S,T,2024-04-15,2000000.00,4.580879,97.30859375
08:02:22,91282CKF7,TSRYS5774875,D,S,T,2024-04-15,1000000.00,4.583234,97.294921875
08:02:22,91282CKF7,TSRYS5774875,D,S,T,2024-04-15,1000000.00,4.583234,97.294921875
08:02:22,91282CKF7,TSRYS5774875,D,S,T,2024-04-15,2000000.00,4.580879,97.30859375
08:02:22,91282CKF7,TSRYS5774875,D,S,T,2024-04-15,2000000.00,4.583234,97.294921875
08:02:22,91282CKF7,TSRYS5774875,D,S,T,2024-04-15,1000000.00,4.582224,97.30078125
08:02:22,91282CKF7,TSRYS5774875,D,S,T,2024-04-15,1000000.00,4.581888,97.302734375
08:02:22,91282CKF7,TSRYS5774875,D,S,T,2024-04-15,1000000.00,4.583234,97.294921875
08:02:22,91282CKF7,TSRYS5774875,D,S,T,2024-04-15,1000000.00,4.582897,97.296875
08:02:22,91282CKF7,TSRYS5774875,D,S,T,2024-04-15,1000000.00,4.582224,97.30078125
08:02:22,91282CKF7,TSRYS5774875,D,S,T,2024-04-15,1000000.00,4.582224,97.30078125
08:02:22,91282CKF7,TSRYS5774875,D,S,A,2024-04-15,2000000.00,4.580206,97.3125
08:02:22,91282CKF7,TSRYS5774875,D,S,T,2024-04-15,2000000.00,4.580206,97.3125
08:02:22,91282CKF7,TSRYS5774875,D,S,T,2024-04-15,2000000.00,4.582897,97.296875
08:02:22,91282CKF7,TSRYS5774875,D,S,C,2024-04-15,5000000.00,4.593666,97.234375
08:02:22,91282CKF7,TSRYS5774875,D,S,T,2024-04-15,1000000.00,4.591309,97.248046875
08:02:22,91282CKF7,TSRYS5774875,D,S,T,2024-04-15,1000000.00,4.591646,97.24609375
08:02:22,91282CKF7,TSRYS5774875,D,S,T,2024-04-15,3000000.00,4.593666,97.234375
08:02:22,91282CKF7,TSRYS5774875,D,S,T,2024-04-15,1000000.00,4.593666,97.234375
08:02:22,91282CKF7,TSRYS5774875,D,S,T,2024-04-15,1000000.00,4.593666,97.234375
08:02:22,91282CKF7,TSRYS5774875,D,S,T,2024-04-15,1000000.00,4.593666,97.234375
08:02:22,91282CKF7,TSRYS5774875,D,S,T,2024-04-15,1000000.00,4.603769,97.17578125
08:02:22,91282CKF7,TSRYS5774875,D,S,T,2024-04-15,1000000.00,4.603769,97.17578125
08:02:22,91282CKF7,TSRYS5774875,D,S,D,2024-04-15,200000.00,4.601005,97.19180625
08:02:24,91282CKF7,TSRYS5774875,D,B,C,2024-04-15,1000000.00,4.547993,97.499775
08:02:24,91282CKF7,TSRYS5774875,D,S,D,2024-04-15,1000000.00,4.547954,97.5
08:02:24,91282CKF7,TSRYS5774875,D,S,C,2024-04-15,1000000.00,4.547954,97.5
08:02:24,91282CKF7,TSRYS5774875,D,B,C,2024-04-15,1000000.00,4.547954,97.5
08:02:24,91282CKF7,TSRYS5774875,D,B,C,2024-04-15,1000000.00,4.547993,97.499775
08:02:24,91282CKF7,TSRYS5774875,D,S,C,2024-04-15,1000000.00,4.547954,97.5
08:02:25,91282CKF7,TSRYS5774875,D,S,C,2024-04-15,1000000.00,4.54527,97.515625
08:02:25,91282CKF7,TSRYS5774875,D,S,A,2024-04-15,1000000.00,4.593133,97.23828125
08:02:25,91282CKF7,TSRYS5774875,D,B,C,2024-04-15,1000000.00,4.545309,97.5154
08:02:25,91282CKF7,TSRYS5774875,D,B,C,2024-04-15,1000000.00,4.539903,97.546875
08:02:25,91282CKF7,TSRYS5774875,D,S,D,2024-04-15,1000000.00,4.539903,97.546875
08:02:25,91282CKF7,TSRYS5774875,D,B,C,2024-04-15,1000000.00,4.539937,97.546675
08:02:25,91282CKF7,TSRYS5774875,D,S,D,2024-04-15,1000000.00,4.539903,97.546875
08:02:25,91282CKF7,TSRYS5774875,D,B,C,2024-04-15,1000000.00,4.539903,97.546875
08:02:25,91282CKF7,TSRYS5774875,D,S,D,2024-04-15,1000000.00,4.539903,97.546875
08:02:25,91282CKF7,TSRYS5774875,D,S,D,2024-04-15,1000000.00,4.539903,97.546875
08:02:25,91282CKF7,TSRYS5774875,D,S,D,2024-04-15,1000000.00,4.539903,97.546875
08:02:25,91282CKF7,TSRYS5774875,D,S,D,2024-04-15,2000000.00,4.604443,97.171875
08:02:25,91282CKF7,TSRYS5774875,D,B,C,2024-04-15,1000000.00,4.539937,97.546675
08:02:25,91282CKF7,TSRYS5774875,D,B,C,2024-04-15,1000000.00,4.539903,97.546875
08:02:25,91282CKF7,TSRYS5774875,D,S,D,2024-04-15,1000000.00,4.539903,97.546875
08:02:25,91282CKF7,TSRYS5774875,D,S,D,2024-04-15,1000000.00,4.539903,97.546875
08:02:25,91282CKF7,TSRYS5774875,D,S,D,2024-04-15,1000000.00,4.539903,97.546875
08:02:25,91282CKF7,TSRYS5774875,D,B,C,2024-04-15,1000000.00,4.539903,97.546875
08:02:26,91282CKF7,TSRYS5774875,D,S,D,2024-04-15,1000.00,4.601005,97.19180625
08:02:26,91282CKF7,TSRYS5774875,D,S,D,2024-04-15,1000000.00,4.542586,97.53125
08:02:26,91282CKF7,TSRYS5774875,D,B,C,2024-04-15,1000000.00,4.542586,97.53125
08:02:26,91282CKF7,TSRYS5774875,D,B,C,2024-04-15,1000000.00,4.542586,97.53125
08:02:26,91282CKF7,TSRYS5774875,D,S,D,2024-04-15,1000000.00,4.542586,97.53125
08:02:26,91282CKF7,TSRYS5774875,D,B,C,2024-04-15,1000000.00,4.542586,97.53125
08:02:26,91282CKF7,TSRYS5774875,D,S,D,2024-04-15,1000000.00,4.542586,97.53125
08:02:26,91282CKF7,TSRYS5774875,D,S,D,2024-04-15,1000000.00,4.539903,97.546875
08:02:26,91282CKF7,TSRYS5774875,D,B,C,2024-04-15,1000000.00,4.539903,97.546875
08:02:26,91282CKF7,TSRYS5774875,D,S,D,2024-04-15,1000000.00,4.539903,97.546875
08:02:26,91282CKF7,TSRYS5774875,D,B,C,2024-04-15,1000000.00,4.542586,97.53125
08:02:26,91282CKF7,TSRYS5774875,D,S,D,2024-04-15,1000000.00,4.542586,97.53125
08:02:26,91282CKF7,TSRYS5774875,D,S,C,2024-04-15,1000000.00,4.539903,97.546875
08:02:26,91282CKF7,TSRYS5774875,D,B,C,2024-04-15,1000000.00,4.539903,97.546875
08:02:26,91282CKF7,TSRYS5774875,D,B,C,2024-04-15,1000000.00,4.539903,97.546875
08:02:26,91282CKF7,TSRYS5774875,D,S,D,2024-04-15,1000000.00,4.539903,97.546875
08:02:27,91282CKF7,TSRYS5774875,D,B,C,2024-04-15,1000000.00,4.542586,97.53125
08:02:27,91282CKF7,TSRYS5774875,D,B,C,2024-04-15,1000000.00,4.54527,97.515625
08:02:27,91282CKF7,TSRYS5774875,D,S,C,2024-04-15,1000000.00,4.542552,97.53145
08:02:27,91282CKF7,TSRYS5774875,D,S,C,2024-04-15,1000000.00,4.542586,97.53125
08:02:27,91282CKF7,TSRYS5774875,D,S,C,2024-04-15,1000000.00,4.54527,97.515625
08:02:27,91282CKF7,TSRYS5774875,D,B,C,2024-04-15,1000000.00,4.542586,97.53125
08:02:27,91282CKF7,TSRYS5774875,D,S,C,2024-04-15,1000000.00,4.54527,97.515625
