tradeTime,cusip,issueSymbolIdentifier,priceType,reportingSideCode,contraPartyTypeCode,tradeDate,reportedTradeVolume,lastSaleYield,lastSalePrice
08:00:02,91282CLD1,TSRYS5850288,D,S,D,2024-08-13,1000000.00,3.803134,101.951171875
08:00:03,91282CLD1,TSRYS5850288,D,S,D,2024-08-13,2000000.00,3.80791,101.921875
08:00:03,91282CLD1,TSRYS5850288,D,S,D,2024-08-13,1000000.00,3.80791,101.921875
08:00:03,91282CLD1,TSRYS5850288,D,S,D,2024-08-13,1000000.00,3.796451,101.9921875
08:00:03,91282CLD1,TSRYS5850288,D,S,D,2024-08-13,2000000.00,3.794223,102.005859375
08:00:03,91282CLD1,TSRYS5850288,D,S,D,2024-08-13,2000000.00,3.798996,101.9765625
08:00:03,91282CLD1,TSRYS5850288,D,S,D,2024-08-13,2000000.00,3.795178,102.0
08:00:03,91282CLD1,TSRYS5850288,D,S,D,2024-08-13,1000000.00,3.795178,102.0
08:00:03,91282CLD1,TSRYS5850288,D,S,D,2024-08-13,1000000.00,3.803771,101.947265625
08:00:03,91282CLD1,TSRYS5850288,D,S,D,2024-08-13,1000000.00,3.802498,101.955078125
08:00:03,91282CLD1,TSRYS5850288,D,S,D,2024-08-13,1000000.00,3.802816,101.953125
08:00:03,91282CLD1,TSRYS5850288,D,S,D,2024-08-13,1000000.00,3.799951,101.970703125
08:00:03,91282CLD1,TSRYS5850288,D,S,D,2024-08-13,1000000.00,3.79836,101.98046875
08:00:03,91282CLD1,TSRYS5850288,D,S,D,2024-08-13,1000000.00,3.798678,101.978515625
08:00:03,91282CLD1,TSRYS5850288,D,S,D,2024-08-13,2000000.00,3.799951,101.970703125
08:00:03,91282CLD1,TSRYS5850288,D,S,D,2024-08-13,2000000.00,3.800269,101.96875
08:00:03,91282CLD1,TSRYS5850288,D,S,D,2024-08-13,1000000.00,3.795496,101.998046875
08:00:03,91282CLD1,TSRYS5850288,D,S,D,2024-08-13,2000000.00,3.796451,101.9921875
08:00:03,91282CLD1,TSRYS5850288,D,S,D,2024-08-13,2000000.00,3.800269,101.96875
08:00:03,91282CLD1,TSRYS5850288,D,S,D,2024-08-13,1000000.00,3.800269,101.96875
08:00:03,91282CLD1,TSRYS5850288,D,S,T,2024-08-13,2000000.00,3.804726,101.94140625
08:00:03,91282CLD1,TSRYS5850288,D,S,T,2024-08-13,2000000.00,3.804726,101.94140625
08:00:03,91282CLD1,TSRYS5850288,D,S,D,2024-08-13,1000000.00,3.804726,101.94140625
08:00:03,91282CLD1,TSRYS5850288,D,S,T,2024-08-13,1000000.00,3.804726,101.94140625
08:00:03,91282CLD1,TSRYS5850288,D,S,D,2024-08-13,1000000.00,3.808866,101.916015625
08:00:03,91282CLD1,TSRYS5850288,D,S,D,2024-08-13,1000000.00,3.806636,101.9296875
08:00:03,91282CLD1,TSRYS5850288,D,S,T,2024-08-13,1000000.00,3.807273,101.92578125
08:00:03,91282CLD1,TSRYS5850288,D,S,T,2024-08-13,1000000.00,3.807273,101.92578125
08:00:03,91282CLD1,TSRYS5850288,D,S,T,2024-08-13,1000000.00,3.809821,101.91015625
08:00:03,91282CLD1,TSRYS5850288,D,S,T,2024-08-13,1000000.00,3.809821,101.91015625
08:00:03,91282CLD1,TSRYS5850288,D,S,T,2024-08-13,1000000.00,3.809821,101.91015625
08:00:03,91282CLD1,TSRYS5850288,D,S,T,2024-08-13,1000000.00,3.809821,101.91015625
08:00:03,91282CLD1,TSRYS5850288,D,S,T,2024-08-13,1000000.00,3.812051,101.896484375
08:00:03,91282CLD1,TSRYS5850288,D,S,D,2024-08-13,1000000.00,3.812051,101.896484375
08:00:03,91282CLD1,TSRYS5850288,D,S,D,2024-08-13,2000000.00,3.808229,101.919921875
08:00:03,91282CLD1,TSRYS5850288,D,S,D,2024-08-13,1000000.00,3.808229,101.919921875
08:00:03,91282CLD1,TSRYS5850288,D,S,D,2024-08-13,1000000.00,3.808229,101.919921875
08:00:03,91282CLD1,TSRYS5850288,D,S,D,2024-08-13,1000000.00,3.80791,101.921875
08:00:03,91282CLD1,TSRYS5850288,D,S,T,2024-08-13,2000000.00,3.805363,101.9375
08:00:03,91282CLD1,TSRYS5850288,D,S,D,2024-08-13,2000000.00,3.805363,101.9375
08:00:03,91282CLD1,TSRYS5850288,D,S,T,2024-08-13,2000000.00,3.800269,101.96875
08:00:03,91282CLD1,TSRYS5850288,D,S,D,2024-08-13,2000000.00,3.800269,101.96875
08:00:03,91282CLD1,TSRYS5850288,D,S,D,2024-08-13,1000000.00,3.782139,102.080078125
08:00:03,91282CLD1,TSRYS5850288,D,S,D,2024-08-13,1000000.00,3.782139,102.080078125
08:00:03,91282CLD1,TSRYS5850288,D,S,D,2024-08-13,1000000.00,3.785,102.0625
08:00:03,91282CLD1,TSRYS5850288,D,S,D,2024-08-13,1000000.00,3.784682,102.064453125
08:00:03,91282CLD1,TSRYS5850288,D,S,D,2024-08-13,1000000.00,3.783728,102.0703125
08:00:03,91282CLD1,TSRYS5850288,D,S,D,2024-08-13,1000000.00,3.783728,102.0703125
08:00:03,91282CLD1,TSRYS5850288,D,S,D,2024-08-13,1000000.00,3.783728,102.0703125
08:00:03,91282CLD1,TSRYS5850288,D,S,D,2024-08-13,1000000.00,3.784046,102.068359375
08:00:03,91282CLD1,TSRYS5850288,D,S,D,2024-08-13,2000000.00,3.786272,102.0546875
08:00:03,91282CLD1,TSRYS5850288,D,S,D,2024-08-13,2000000.00,3.789452,102.03515625
08:00:03,91282CLD1,TSRYS5850288,D,S,D,2024-08-13,1000000.00,3.789452,102.03515625
08:00:03,91282CLD1,TSRYS5850288,D,S,D,2024-08-13,1000000.00,3.78818,102.04296875
08:00:03,91282CLD1,TSRYS5850288,D,S,D,2024-08-13,1000000.00,3.78818,102.04296875
08:00:03,91282CLD1,TSRYS5850288,D,S,D,2024-08-13,1000000.00,3.78818,102.04296875
08:00:03,91282CLD1,TSRYS5850288,D,S,D,2024-08-13,2000000.00,3.786908,102.05078125
08:00:03,91282CLD1,TSRYS5850288,D,S,D,2024-08-13,2000000.00,3.78818,102.04296875
08:00:03,91282CLD1,TSRYS5850288,D,S,T,2024-08-13,2000000.00,3.787862,102.044921875
08:00:03,91282CLD1,TSRYS5850288,D,S,D,2024-08-13,2000000.00,3.778961,102.099609375
08:00:03,91282CLD1,TSRYS5850288,D,S,D,2024-08-13,2000000.00,3.779278,102.09765625
08:00:03,91282CLD1,TSRYS5850288,D,S,D,2024-08-13,1000000.00,3.776736,102.11328125
08:00:03,91282CLD1,TSRYS5850288,D,S,D,2024-08-13,2000000.00,3.777689,102.107421875
08:00:03,91282CLD1,TSRYS5850288,D,S,D,2024-08-13,2000000.00,3.779914,102.09375
08:00:03,91282CLD1,TSRYS5850288,D,S,D,2024-08-13,1000000.00,3.781185,102.0859375
08:00:03,91282CLD1,TSRYS5850288,D,S,D,2024-08-13,1000000.00,3.782139,102.080078125
08:00:03,91282CLD1,TSRYS5850288,D,S,D,2024-08-13,2000000.00,3.782139,102.080078125
08:00:03,91282CLD1,TSRYS5850288,D,S,D,2024-08-13,2000000.00,3.782457,102.078125
08:00:03,91282CLD1,TSRYS5850288,D,S,D,2024-08-13,1000000.00,3.782139,102.080078125
08:00:03,91282CLD1,TSRYS5850288,D,S,D,2024-08-13,2000000.00,3.782775,102.076171875
08:00:03,91282CLD1,TSRYS5850288,D,S,D,2024-08-13,2000000.00,3.782775,102.076171875
08:00:03,91282CLD1,TSRYS5850288,D,S,D,2024-08-13,2000000.00,3.782775,102.076171875
08:00:03,91282CLD1,TSRYS5850288,D,S,D,2024-08-13,1000000.00,3.782775,102.076171875
08:00:03,91282CLD1,TSRYS5850288,D,S,D,2024-08-13,2000000.00,3.782139,102.080078125
08:00:03,91282CLD1,TSRYS5850288,D,S,D,2024-08-13,1000000.00,3.782775,102.076171875
08:00:03,91282CLD1,TSRYS5850288,D,S,D,2024-08-13,1000000.00,3.782775,102.076171875
08:00:03,91282CLD1,TSRYS5850288,D,S,D,2024-08-13,1000000.00,3.781185,102.0859375
08:00:03,91282CLD1,TSRYS5850288,D,S,D,2024-08-13,1000000.00,3.781185,102.0859375
08:00:03,91282CLD1,TSRYS5850288,D,S,T,2024-08-13,1000000.00,3.775465,102.12109375
08:00:07,91282CLD1,TSRYS5850288,D,B,A,2024-08-13,4800000.00,3.803453,101.949219
08:00:10,91282CLD1,TSRYS5850288,D,S,T,2024-08-13,1000000.00,3.798996,101.9765625
08:00:10,91282CLD1,TSRYS5850288,D,S,T,2024-08-13,1000000.00,3.804089,101.9453125
08:00:10,91282CLD1,TSRYS5850288,D,S,T,2024-08-13,1000000.00,3.804089,101.9453125
08:00:10,91282CLD1,TSRYS5850288,D,S,T,2024-08-13,1000000.00,3.804089,101.9453125
08:00:10,91282CLD1,TSRYS5850288,D,S,T,2024-08-13,1000000.00,3.800269,101.96875
08:00:10,91282CLD1,TSRYS5850288,D,S,T,2024-08-13,1000000.00,3.792633,102.015625
08:00:10,91282CLD1,TSRYS5850288,D,S,T,2024-08-13,1000000.00,3.797723,101.984375
08:00:10,91282CLD1,TSRYS5850288,D,S,T,2024-08-13,1000000.00,3.801543,101.9609375
08:00:11,91282CLD1,TSRYS5850288,D,S,D,2024-08-13,1000000.00,3.804726,101.94140625
08:00:11,91282CLD1,TSRYS5850288,D,S,T,2024-08-13,1000000.00,3.804726,101.94140625
08:00:11,91282CLD1,TSRYS5850288,D,S,T,2024-08-13,1000000.00,3.804726,101.94140625
08:00:11,91282CLD1,TSRYS5850288,D,S,T,2024-08-13,1000000.00,3.809184,101.9140625
08:00:11,91282CLD1,TSRYS5850288,D,S,T,2024-08-13,1000000.00,3.806636,101.9296875
08:00:11,91282CLD1,TSRYS5850288,D,S,T,2024-08-13,1000000.00,3.807273,101.92578125
08:00:11,91282CLD1,TSRYS5850288,D,S,T,2024-08-13,1000000.00,3.807273,101.92578125
08:00:11,91282CLD1,TSRYS5850288,D,S,T,2024-08-13,1000000.00,3.811732,101.8984375
08:00:11,91282CLD1,TSRYS5850288,D,S,T,2024-08-13,1000000.00,3.810458,101.90625
08:00:11,91282CLD1,TSRYS5850288,D,S,T,2024-08-13,1000000.00,3.809184,101.9140625
08:00:11,91282CLD1,TSRYS5850288,D,S,T,2024-08-13,1000000.00,3.809184,101.9140625
08:00:11,91282CLD1,TSRYS5850288,D,S,T,2024-08-13,1000000.00,3.809184,101.9140625
08:00:11,91282CLD1,TSRYS5850288,D,S,T,2024-08-13,1000000.00,3.809184,101.9140625
08:00:11,91282CLD1,TSRYS5850288,D,S,D,2024-08-13,1000000.00,3.812051,101.896484375
08:00:11,91282CLD1,TSRYS5850288,D,S,T,2024-08-13,1000000.00,3.812051,101.896484375
08:00:11,91282CLD1,TSRYS5850288,D,S,T,2024-08-13,1000000.00,3.801543,101.9609375
08:00:11,91282CLD1,TSRYS5850288,D,S,T,2024-08-13,1000000.00,3.801543,101.9609375
08:00:11,91282CLD1,TSRYS5850288,D,S,T,2024-08-13,1000000.00,3.790088,102.03125
08:00:11,91282CLD1,TSRYS5850288,D,S,T,2024-08-13,1000000.00,3.790088,102.03125
08:00:11,91282CLD1,TSRYS5850288,D,S,T,2024-08-13,1000000.00,3.788816,102.0390625
08:00:11,91282CLD1,TSRYS5850288,D,S,T,2024-08-13,1000000.00,3.786272,102.0546875
08:00:11,91282CLD1,TSRYS5850288,D,S,T,2024-08-13,1000000.00,3.783728,102.0703125
08:00:11,91282CLD1,TSRYS5850288,D,S,D,2024-08-13,1000000.00,3.78818,102.04296875
08:00:11,91282CLD1,TSRYS5850288,D,S,D,2024-08-13,1000000.00,3.78818,102.04296875
08:00:11,91282CLD1,TSRYS5850288,D,S,T,2024-08-13,1000000.00,3.783728,102.0703125
08:00:11,91282CLD1,TSRYS5850288,D,S,D,2024-08-13,1000000.00,3.78055,102.08984375
08:00:11,91282CLD1,TSRYS5850288,D,S,D,2024-08-13,1000000.00,3.78055,102.08984375
08:00:11,91282CLD1,TSRYS5850288,D,S,D,2024-08-13,1000000.00,3.778961,102.099609375
08:00:11,91282CLD1,TSRYS5850288,D,S,T,2024-08-13,1000000.00,3.782457,102.078125
08:00:11,91282CLD1,TSRYS5850288,D,S,T,2024-08-13,1000000.00,3.782457,102.078125
08:00:11,91282CLD1,TSRYS5850288,D,S,T,2024-08-13,1000000.00,3.777372,102.109375
08:00:11,91282CLD1,TSRYS5850288,D,S,T,2024-08-13,1000000.00,3.77483,102.125
08:00:12,91282CLD1,TSRYS5850288,D,S,D,2024-08-13,1000000.00,3.810458,101.90625
08:00:12,91282CLD1,TSRYS5850288,D,S,D,2024-08-13,2000000.00,3.810458,101.90625
08:00:12,91282CLD1,TSRYS5850288,D,S,D,2024-08-13,2000000.00,3.81014,101.908203125
08:00:12,91282CLD1,TSRYS5850288,D,S,D,2024-08-13,2000000.00,3.810458,101.90625
08:00:12,91282CLD1,TSRYS5850288,D,S,D,2024-08-13,1000000.00,3.810458,101.90625
08:00:12,91282CLD1,TSRYS5850288,D,S,D,2024-08-13,1000000.00,3.810458,101.90625
08:00:12,91282CLD1,TSRYS5850288,D,S,D,2024-08-13,1000000.00,3.810458,101.90625
08:00:12,91282CLD1,TSRYS5850288,D,S,D,2024-08-13,1000000.00,3.810458,101.90625
08:00:12,91282CLD1,TSRYS5850288,D,S,D,2024-08-13,1000000.00,3.810458,101.90625
08:00:12,91282CLD1,TSRYS5850288,D,S,D,2024-08-13,2000000.00,3.810458,101.90625
08:00:12,91282CLD1,TSRYS5850288,D,S,D,2024-08-13,1000000.00,3.810458,101.90625
08:00:13,91282CLD1,TSRYS5850288,D,S,D,2024-08-13,2000000.00,3.782775,102.076171875
08:00:13,91282CLD1,TSRYS5850288,D,S,D,2024-08-13,1000000.00,3.782775,102.076171875
08:00:13,91282CLD1,TSRYS5850288,D,S,D,2024-08-13,1000000.00,3.781185,102.0859375
08:00:13,91282CLD1,TSRYS5850288,D,S,D,2024-08-13,1000000.00,3.781185,102.0859375
08:00:13,91282CLD1,TSRYS5850288,D,S,D,2024-08-13,1000000.00,3.779914,102.09375
08:00:17,91282CLD1,TSRYS5850288,D,S,D,2024-08-13,1000000.00,3.775783,102.119140625
08:00:17,91282CLD1,TSRYS5850288,D,S,C,2024-08-13,1000000.00,3.793269,102.01171875
08:00:19,91282CLD1,TSRYS5850288,D,S,C,2024-08-13,2000000.00,3.798996,101.9765625
08:00:26,91282CLD1,TSRYS5850288,D,S,D,2024-08-13,1000000.00,3.798996,101.9765625
08:00:27,91282CLD1,TSRYS5850288,D,S,T,2024-08-13,2000000.00,3.801543,101.9609375
08:00:27,91282CLD1,TSRYS5850288,D,S,D,2024-08-13,1000000.00,3.80791,101.921875
08:00:28,91282CLD1,TSRYS5850288,D,S,D,2024-08-13,1000000.00,3.798996,101.9765625
08:00:28,91282CLD1,TSRYS5850288,D,S,D,2024-08-13,1000000.00,3.793905,102.0078125
08:00:28,91282CLD1,TSRYS5850288,D,S,D,2024-08-13,1000000.00,3.793269,102.01171875
08:00:30,91282CLD1,TSRYS5850288,D,S,T,2024-08-13,1000000.00,3.804089,101.9453125
08:00:30,91282CLD1,TSRYS5850288,D,S,T,2024-08-13,1000000.00,3.795814,101.99609375
08:00:30,91282CLD1,TSRYS5850288,D,S,T,2024-08-13,1000000.00,3.796132,101.994140625
08:00:30,91282CLD1,TSRYS5850288,D,S,T,2024-08-13,1000000.00,3.795814,101.99609375
08:00:30,91282CLD1,TSRYS5850288,D,S,T,2024-08-13,1000000.00,3.790088,102.03125
08:00:30,91282CLD1,TSRYS5850288,D,S,T,2024-08-13,1000000.00,3.788816,102.0390625
08:00:30,91282CLD1,TSRYS5850288,D,S,T,2024-08-13,1000000.00,3.788816,102.0390625
08:00:30,91282CLD1,TSRYS5850288,D,S,T,2024-08-13,1000000.00,3.793905,102.0078125
08:00:30,91282CLD1,TSRYS5850288,D,S,T,2024-08-13,1000000.00,3.792633,102.015625
08:00:30,91282CLD1,TSRYS5850288,D,S,T,2024-08-13,1000000.00,3.798996,101.9765625
08:00:30,91282CLD1,TSRYS5850288,D,S,T,2024-08-13,1000000.00,3.800269,101.96875
08:00:30,91282CLD1,TSRYS5850288,D,S,T,2024-08-13,1000000.00,3.800269,101.96875
08:00:30,91282CLD1,TSRYS5850288,D,S,T,2024-08-13,1000000.00,3.800269,101.96875
08:00:30,91282CLD1,TSRYS5850288,D,S,T,2024-08-13,1000000.00,3.798996,101.9765625
08:00:30,91282CLD1,TSRYS5850288,D,S,T,2024-08-13,2000000.00,3.800269,101.96875
08:00:30,91282CLD1,TSRYS5850288,D,S,T,2024-08-13,1000000.00,3.800269,101.96875
08:00:30,91282CLD1,TSRYS5850288,D,S,T,2024-08-13,1000000.00,3.796451,101.9921875
08:00:30,91282CLD1,TSRYS5850288,D,S,T,2024-08-13,1000000.00,3.797723,101.984375
08:00:30,91282CLD1,TSRYS5850288,D,S,T,2024-08-13,1000000.00,3.796451,101.9921875
08:00:30,91282CLD1,TSRYS5850288,D,S,T,2024-08-13,1000000.00,3.798996,101.9765625
08:00:30,91282CLD1,TSRYS5850288,D,S,T,2024-08-13,1000000.00,3.798996,101.9765625
08:00:30,91282CLD1,TSRYS5850288,D,S,T,2024-08-13,1000000.00,3.798996,101.9765625
08:00:30,91282CLD1,TSRYS5850288,D,S,T,2024-08-13,1000000.00,3.798996,101.9765625
08:00:30,91282CLD1,TSRYS5850288,D,S,T,2024-08-13,1000000.00,3.798996,101.9765625
08:00:30,91282CLD1,TSRYS5850288,D,S,T,2024-08-13,1000000.00,3.798996,101.9765625
08:00:30,91282CLD1,TSRYS5850288,D,S,T,2024-08-13,1000000.00,3.798996,101.9765625
08:00:30,91282CLD1,TSRYS5850288,D,S,T,2024-08-13,1000000.00,3.798996,101.9765625
08:00:30,91282CLD1,TSRYS5850288,D,S,T,2024-08-13,1000000.00,3.798996,101.9765625
08:00:30,91282CLD1,TSRYS5850288,D,S,T,2024-08-13,1000000.00,3.798996,101.9765625
08:00:30,91282CLD1,TSRYS5850288,D,S,T,2024-08-13,1000000.00,3.798996,101.9765625
08:00:30,91282CLD1,TSRYS5850288,D,S,T,2024-08-13,1000000.00,3.800269,101.96875
08:00:30,91282CLD1,TSRYS5850288,D,S,T,2024-08-13,1000000.00,3.800269,101.96875
08:00:30,91282CLD1,TSRYS5850288,D,S,T,2024-08-13,1000000.00,3.800269,101.96875
08:00:30,91282CLD1,TSRYS5850288,D,S,T,2024-08-13,1000000.00,3.801543,101.9609375
08:00:30,91282CLD1,TSRYS5850288,D,S,T,2024-08-13,1000000.00,3.801543,101.9609375
08:00:30,91282CLD1,TSRYS5850288,D,S,T,2024-08-13,1000000.00,3.800269,101.96875
08:00:30,91282CLD1,TSRYS5850288,D,S,T,2024-08-13,1000000.00,3.800269,101.96875
08:00:30,91282CLD1,TSRYS5850288,D,S,T,2024-08-13,1000000.00,3.800269,101.96875
08:00:30,91282CLD1,TSRYS5850288,D,S,T,2024-08-13,1000000.00,3.798996,101.9765625
08:00:30,91282CLD1,TSRYS5850288,D,S,T,2024-08-13,1000000.00,3.798996,101.9765625
08:00:30,91282CLD1,TSRYS5850288,D,S,T,2024-08-13,1000000.00,3.800269,101.96875
08:00:30,91282CLD1,TSRYS5850288,D,S,D,2024-08-13,1000000.00,3.800269,101.96875
08:00:30,91282CLD1,TSRYS5850288,D,S,T,2024-08-13,1000000.00,3.805363,101.9375
08:00:30,91282CLD1,TSRYS5850288,D,S,T,2024-08-13,1000000.00,3.804089,101.9453125
08:00:30,91282CLD1,TSRYS5850288,D,S,T,2024-08-13,1000000.00,3.802816,101.953125
08:00:30,91282CLD1,TSRYS5850288,D,S,T,2024-08-13,1000000.00,3.802816,101.953125
08:00:30,91282CLD1,TSRYS5850288,D,S,T,2024-08-13,1000000.00,3.804089,101.9453125
08:00:30,91282CLD1,TSRYS5850288,D,S,T,2024-08-13,1000000.00,3.804089,101.9453125
08:00:30,91282CLD1,TSRYS5850288,D,S,T,2024-08-13,1000000.00,3.802816,101.953125
08:00:30,91282CLD1,TSRYS5850288,D,S,T,2024-08-13,1000000.00,3.802816,101.953125
08:00:30,91282CLD1,TSRYS5850288,D,S,T,2024-08-13,1000000.00,3.802816,101.953125
08:00:30,91282CLD1,TSRYS5850288,D,S,T,2024-08-13,1000000.00,3.801543,101.9609375
08:00:30,91282CLD1,TSRYS5850288,D,S,T,2024-08-13,1000000.00,3.801543,101.9609375
08:00:30,91282CLD1,TSRYS5850288,D,S,T,2024-08-13,1000000.00,3.802816,101.953125
08:00:30,91282CLD1,TSRYS5850288,D,S,T,2024-08-13,1000000.00,3.805363,101.9375
08:00:30,91282CLD1,TSRYS5850288,D,S,T,2024-08-13,1000000.00,3.804089,101.9453125
08:00:30,91282CLD1,TSRYS5850288,D,S,T,2024-08-13,1000000.00,3.804089,101.9453125
08:00:30,91282CLD1,TSRYS5850288,D,S,T,2024-08-13,1000000.00,3.802816,101.953125
08:00:30,91282CLD1,TSRYS5850288,D,S,T,2024-08-13,1000000.00,3.804089,101.9453125
08:00:30,91282CLD1,TSRYS5850288,D,S,T,2024-08-13,1000000.00,3.804089,101.9453125
08:00:30,91282CLD1,TSRYS5850288,D,S,T,2024-08-13,1000000.00,3.804089,101.9453125
08:00:30,91282CLD1,TSRYS5850288,D,S,T,2024-08-13,1000000.00,3.805363,101.9375
08:00:30,91282CLD1,TSRYS5850288,D,S,T,2024-08-13,1000000.00,3.805363,101.9375
08:00:30,91282CLD1,TSRYS5850288,D,S,T,2024-08-13,1000000.00,3.802816,101.953125
08:00:30,91282CLD1,TSRYS5850288,D,S,T,2024-08-13,1000000.00,3.805363,101.9375
08:00:30,91282CLD1,TSRYS5850288,D,S,T,2024-08-13,1000000.00,3.805363,101.9375
08:00:30,91282CLD1,TSRYS5850288,D,S,T,2024-08-13,1000000.00,3.805363,101.9375
08:00:30,91282CLD1,TSRYS5850288,D,S,D,2024-08-13,1000000.00,3.799633,101.97265625
08:00:30,91282CLD1,TSRYS5850288,D,S,T,2024-08-13,1000000.00,3.802816,101.953125
08:00:30,91282CLD1,TSRYS5850288,D,S,T,2024-08-13,1000000.00,3.802816,101.953125
08:00:30,91282CLD1,TSRYS5850288,D,S,T,2024-08-13,1000000.00,3.801543,101.9609375
08:00:30,91282CLD1,TSRYS5850288,D,S,T,2024-08-13,1000000.00,3.802816,101.953125
08:00:30,91282CLD1,TSRYS5850288,D,S,T,2024-08-13,1000000.00,3.801543,101.9609375
08:00:30,91282CLD1,TSRYS5850288,D,S,T,2024-08-13,1000000.00,3.800269,101.96875
08:00:30,91282CLD1,TSRYS5850288,D,S,T,2024-08-13,1000000.00,3.800269,101.96875
08:00:30,91282CLD1,TSRYS5850288,D,S,T,2024-08-13,1000000.00,3.800269,101.96875
08:00:30,91282CLD1,TSRYS5850288,D,S,T,2024-08-13,1000000.00,3.797723,101.984375
08:00:30,91282CLD1,TSRYS5850288,D,S,T,2024-08-13,1000000.00,3.797723,101.984375
08:00:30,91282CLD1,TSRYS5850288,D,S,T,2024-08-13,1000000.00,3.797723,101.984375
08:00:30,91282CLD1,TSRYS5850288,D,S,T,2024-08-13,1000000.00,3.798042,101.982421875
08:00:30,91282CLD1,TSRYS5850288,D,S,T,2024-08-13,1000000.00,3.798996,101.9765625
08:00:30,91282CLD1,TSRYS5850288,D,S,T,2024-08-13,1000000.00,3.798996,101.9765625
08:00:30,91282CLD1,TSRYS5850288,D,S,T,2024-08-13,1000000.00,3.798996,101.9765625
08:00:30,91282CLD1,TSRYS5850288,D,S,T,2024-08-13,1000000.00,3.798996,101.9765625
08:00:30,91282CLD1,TSRYS5850288,D,S,T,2024-08-13,1000000.00,3.798996,101.9765625
08:00:30,91282CLD1,TSRYS5850288,D,S,T,2024-08-13,1000000.00,3.798996,101.9765625
08:00:30,91282CLD1,TSRYS5850288,D,S,T,2024-08-13,1000000.00,3.800269,101.96875
08:00:30,91282CLD1,TSRYS5850288,D,S,T,2024-08-13,1000000.00,3.800269,101.96875
08:00:30,91282CLD1,TSRYS5850288,D,S,T,2024-08-13,1000000.00,3.799633,101.97265625
08:00:30,91282CLD1,TSRYS5850288,D,S,T,2024-08-13,1000000.00,3.800269,101.96875
08:00:30,91282CLD1,TSRYS5850288,D,S,T,2024-08-13,1000000.00,3.800269,101.96875
08:00:30,91282CLD1,TSRYS5850288,D,S,T,2024-08-13,1000000.00,3.800269,101.96875
08:00:30,91282CLD1,TSRYS5850288,D,S,T,2024-08-13,1000000.00,3.797723,101.984375
08:00:30,91282CLD1,TSRYS5850288,D,S,T,2024-08-13,1000000.00,3.796769,101.990234375
08:00:30,91282CLD1,TSRYS5850288,D,S,T,2024-08-13,1000000.00,3.796451,101.9921875
08:00:30,91282CLD1,TSRYS5850288,D,S,T,2024-08-13,1000000.00,3.795178,102.0
08:00:30,91282CLD1,TSRYS5850288,D,S,T,2024-08-13,1000000.00,3.793905,102.0078125
08:00:30,91282CLD1,TSRYS5850288,D,S,T,2024-08-13,1000000.00,3.796451,101.9921875
08:00:30,91282CLD1,TSRYS5850288,D,S,T,2024-08-13,1000000.00,3.796451,101.9921875
08:00:30,91282CLD1,TSRYS5850288,D,S,T,2024-08-13,1000000.00,3.796451,101.9921875
08:00:30,91282CLD1,TSRYS5850288,D,S,T,2024-08-13,1000000.00,3.796451,101.9921875
08:00:30,91282CLD1,TSRYS5850288,D,S,T,2024-08-13,1000000.00,3.796451,101.9921875
08:00:30,91282CLD1,TSRYS5850288,D,S,T,2024-08-13,1000000.00,3.796451,101.9921875
08:00:30,91282CLD1,TSRYS5850288,D,S,T,2024-08-13,1000000.00,3.798996,101.9765625
08:00:30,91282CLD1,TSRYS5850288,D,S,T,2024-08-13,1000000.00,3.799633,101.97265625
08:00:30,91282CLD1,TSRYS5850288,D,S,T,2024-08-13,1000000.00,3.799633,101.97265625
08:00:30,91282CLD1,TSRYS5850288,D,S,T,2024-08-13,1000000.00,3.800269,101.96875
08:00:30,91282CLD1,TSRYS5850288,D,S,T,2024-08-13,1000000.00,3.800269,101.96875
08:00:30,91282CLD1,TSRYS5850288,D,S,T,2024-08-13,1000000.00,3.800269,101.96875
08:00:30,91282CLD1,TSRYS5850288,D,S,T,2024-08-13,1000000.00,3.800269,101.96875
08:00:30,91282CLD1,TSRYS5850288,D,S,T,2024-08-13,1000000.00,3.800269,101.96875
08:00:30,91282CLD1,TSRYS5850288,D,S,T,2024-08-13,1000000.00,3.800269,101.96875
08:00:30,91282CLD1,TSRYS5850288,D,S,T,2024-08-13,1000000.00,3.800269,101.96875
08:00:30,91282CLD1,TSRYS5850288,D,S,T,2024-08-13,1000000.00,3.800269,101.96875
08:00:30,91282CLD1,TSRYS5850288,D,S,T,2024-08-13,1000000.00,3.801543,101.9609375
08:00:30,91282CLD1,TSRYS5850288,D,S,T,2024-08-13,1000000.00,3.802816,101.953125
08:00:30,91282CLD1,TSRYS5850288,D,S,T,2024-08-13,1000000.00,3.801543,101.9609375
08:00:30,91282CLD1,TSRYS5850288,D,S,T,2024-08-13,1000000.00,3.799633,101.97265625
08:00:30,91282CLD1,TSRYS5850288,D,S,T,2024-08-13,1000000.00,3.799633,101.97265625
08:00:30,91282CLD1,TSRYS5850288,D,S,T,2024-08-13,1000000.00,3.801543,101.9609375
08:00:30,91282CLD1,TSRYS5850288,D,S,T,2024-08-13,1000000.00,3.801543,101.9609375
08:00:30,91282CLD1,TSRYS5850288,D,S,T,2024-08-13,1000000.00,3.801543,101.9609375
08:00:30,91282CLD1,TSRYS5850288,D,S,T,2024-08-13,2000000.00,3.801543,101.9609375
08:00:30,91282CLD1,TSRYS5850288,D,S,T,2024-08-13,1000000.00,3.801543,101.9609375
08:00:30,91282CLD1,TSRYS5850288,D,S,T,2024-08-13,1000000.00,3.801543,101.9609375
08:00:30,91282CLD1,TSRYS5850288,D,S,T,2024-08-13,1000000.00,3.801543,101.9609375
08:00:30,91282CLD1,TSRYS5850288,D,S,T,2024-08-13,1000000.00,3.801543,101.9609375
08:00:30,91282CLD1,TSRYS5850288,D,S,T,2024-08-13,1000000.00,3.801543,101.9609375
08:00:30,91282CLD1,TSRYS5850288,D,S,T,2024-08-13,1000000.00,3.801543,101.9609375
08:00:30,91282CLD1,TSRYS5850288,D,S,T,2024-08-13,1000000.00,3.801543,101.9609375
08:00:30,91282CLD1,TSRYS5850288,D,S,T,2024-08-13,1000000.00,3.801543,101.9609375
08:00:30,91282CLD1,TSRYS5850288,D,S,T,2024-08-13,1000000.00,3.801543,101.9609375
08:00:30,91282CLD1,TSRYS5850288,D,S,T,2024-08-13,1000000.00,3.801543,101.9609375
08:00:30,91282CLD1,TSRYS5850288,D,S,T,2024-08-13,1000000.00,3.801543,101.9609375
08:00:30,91282CLD1,TSRYS5850288,D,S,T,2024-08-13,1000000.00,3.801543,101.9609375
08:00:30,91282CLD1,TSRYS5850288,D,S,T,2024-08-13,1000000.00,3.801543,101.9609375
08:00:30,91282CLD1,TSRYS5850288,D,S,T,2024-08-13,1000000.00,3.802179,101.95703125
08:00:30,91282CLD1,TSRYS5850288,D,S,T,2024-08-13,1000000.00,3.802816,101.953125
08:00:30,91282CLD1,TSRYS5850288,D,S,T,2024-08-13,1000000.00,3.802816,101.953125
08:00:30,91282CLD1,TSRYS5850288,D,S,T,2024-08-13,1000000.00,3.802816,101.953125
08:00:30,91282CLD1,TSRYS5850288,D,S,T,2024-08-13,1000000.00,3.802816,101.953125
08:00:30,91282CLD1,TSRYS5850288,D,S,T,2024-08-13,1000000.00,3.802179,101.95703125
08:00:30,91282CLD1,TSRYS5850288,D,S,T,2024-08-13,1000000.00,3.802816,101.953125
08:00:30,91282CLD1,TSRYS5850288,D,S,T,2024-08-13,1000000.00,3.803453,101.94921875
08:00:30,91282CLD1,TSRYS5850288,D,S,T,2024-08-13,1000000.00,3.804089,101.9453125
08:00:30,91282CLD1,TSRYS5850288,D,S,T,2024-08-13,1000000.00,3.804089,101.9453125
08:00:30,91282CLD1,TSRYS5850288,D,S,T,2024-08-13,1000000.00,3.804089,101.9453125
08:00:30,91282CLD1,TSRYS5850288,D,S,T,2024-08-13,1000000.00,3.804089,101.9453125
08:00:30,91282CLD1,TSRYS5850288,D,S,T,2024-08-13,1000000.00,3.804089,101.9453125
08:00:30,91282CLD1,TSRYS5850288,D,S,D,2024-08-13,1000000.00,3.804726,101.94140625
08:00:30,91282CLD1,TSRYS5850288,D,S,D,2024-08-13,1000000.00,3.804726,101.94140625
08:00:30,91282CLD1,TSRYS5850288,D,S,T,2024-08-13,1000000.00,3.805363,101.9375
08:00:30,91282CLD1,TSRYS5850288,D,S,T,2024-08-13,1000000.00,3.806636,101.9296875
08:00:30,91282CLD1,TSRYS5850288,D,S,T,2024-08-13,1000000.00,3.80791,101.921875
08:00:30,91282CLD1,TSRYS5850288,D,S,T,2024-08-13,1000000.00,3.809184,101.9140625
08:00:30,91282CLD1,TSRYS5850288,D,S,T,2024-08-13,1000000.00,3.809184,101.9140625
08:00:30,91282CLD1,TSRYS5850288,D,S,T,2024-08-13,1000000.00,3.809184,101.9140625
08:00:30,91282CLD1,TSRYS5850288,D,S,T,2024-08-13,1000000.00,3.80791,101.921875
08:00:30,91282CLD1,TSRYS5850288,D,S,T,2024-08-13,1000000.00,3.809184,101.9140625
08:00:30,91282CLD1,TSRYS5850288,D,S,T,2024-08-13,1000000.00,3.80791,101.921875
08:00:30,91282CLD1,TSRYS5850288,D,S,T,2024-08-13,1000000.00,3.80791,101.921875
08:00:30,91282CLD1,TSRYS5850288,D,S,T,2024-08-13,1000000.00,3.809184,101.9140625
08:00:30,91282CLD1,TSRYS5850288,D,S,T,2024-08-13,1000000.00,3.809184,101.9140625
08:00:30,91282CLD1,TSRYS5850288,D,S,T,2024-08-13,1000000.00,3.809184,101.9140625
08:00:30,91282CLD1,TSRYS5850288,D,S,T,2024-08-13,1000000.00,3.809184,101.9140625
08:00:30,91282CLD1,TSRYS5850288,D,S,T,2024-08-13,1000000.00,3.809184,101.9140625
08:00:30,91282CLD1,TSRYS5850288,D,S,T,2024-08-13,1000000.00,3.809184,101.9140625
08:00:30,91282CLD1,TSRYS5850288,D,S,T,2024-08-13,1000000.00,3.809184,101.9140625
08:00:30,91282CLD1,TSRYS5850288,D,S,T,2024-08-13,1000000.00,3.809184,101.9140625
08:00:30,91282CLD1,TSRYS5850288,D,S,T,2024-08-13,1000000.00,3.80791,101.921875
08:00:30,91282CLD1,TSRYS5850288,D,S,T,2024-08-13,1000000.00,3.805363,101.9375
08:00:30,91282CLD1,TSRYS5850288,D,S,T,2024-08-13,1000000.00,3.806636,101.9296875
08:00:30,91282CLD1,TSRYS5850288,D,S,T,2024-08-13,1000000.00,3.804089,101.9453125
08:00:30,91282CLD1,TSRYS5850288,D,S,T,2024-08-13,1000000.00,3.802816,101.953125
08:00:30,91282CLD1,TSRYS5850288,D,S,T,2024-08-13,1000000.00,3.804089,101.9453125
08:00:30,91282CLD1,TSRYS5850288,D,S,T,2024-08-13,1000000.00,3.802816,101.953125
08:00:30,91282CLD1,TSRYS5850288,D,S,T,2024-08-13,1000000.00,3.802816,101.953125
08:00:30,91282CLD1,TSRYS5850288,D,S,T,2024-08-13,1000000.00,3.802816,101.953125
08:00:30,91282CLD1,TSRYS5850288,D,S,D,2024-08-13,1000000.00,3.805044,101.939453125
08:00:30,91282CLD1,TSRYS5850288,D,S,T,2024-08-13,1000000.00,3.805363,101.9375
08:00:30,91282CLD1,TSRYS5850288,D,S,T,2024-08-13,1000000.00,3.806636,101.9296875
08:00:30,91282CLD1,TSRYS5850288,D,S,T,2024-08-13,1000000.00,3.806636,101.9296875
08:00:30,91282CLD1,TSRYS5850288,D,S,T,2024-08-13,1000000.00,3.806636,101.9296875
08:00:30,91282CLD1,TSRYS5850288,D,S,T,2024-08-13,1000000.00,3.806636,101.9296875
08:00:30,91282CLD1,TSRYS5850288,D,S,T,2024-08-13,1000000.00,3.806636,101.9296875
08:00:30,91282CLD1,TSRYS5850288,D,S,T,2024-08-13,1000000.00,3.80791,101.921875
08:00:30,91282CLD1,TSRYS5850288,D,S,T,2024-08-13,1000000.00,3.809184,101.9140625
08:00:30,91282CLD1,TSRYS5850288,D,S,T,2024-08-13,1000000.00,3.809184,101.9140625
08:00:30,91282CLD1,TSRYS5850288,D,S,T,2024-08-13,1000000.00,3.809184,101.9140625
08:00:30,91282CLD1,TSRYS5850288,D,S,T,2024-08-13,1000000.00,3.809184,101.9140625
08:00:30,91282CLD1,TSRYS5850288,D,S,T,2024-08-13,1000000.00,3.809184,101.9140625
08:00:30,91282CLD1,TSRYS5850288,D,S,T,2024-08-13,1000000.00,3.810458,101.90625
08:00:30,91282CLD1,TSRYS5850288,D,S,T,2024-08-13,1000000.00,3.809184,101.9140625
08:00:30,91282CLD1,TSRYS5850288,D,S,T,2024-08-13,1000000.00,3.809184,101.9140625
08:00:30,91282CLD1,TSRYS5850288,D,S,T,2024-08-13,1000000.00,3.810458,101.90625
08:00:30,91282CLD1,TSRYS5850288,D,S,T,2024-08-13,1000000.00,3.809184,101.9140625
08:00:30,91282CLD1,TSRYS5850288,D,S,T,2024-08-13,1000000.00,3.809184,101.9140625
08:00:30,91282CLD1,TSRYS5850288,D,S,T,2024-08-13,1000000.00,3.810458,101.90625
08:00:30,91282CLD1,TSRYS5850288,D,S,T,2024-08-13,1000000.00,3.811732,101.8984375
08:00:30,91282CLD1,TSRYS5850288,D,S,T,2024-08-13,1000000.00,3.811732,101.8984375
08:00:30,91282CLD1,TSRYS5850288,D,S,T,2024-08-13,1000000.00,3.811732,101.8984375
08:00:30,91282CLD1,TSRYS5850288,D,S,T,2024-08-13,1000000.00,3.811732,101.8984375
08:00:30,91282CLD1,TSRYS5850288,D,S,T,2024-08-13,1000000.00,3.811732,101.8984375
08:00:30,91282CLD1,TSRYS5850288,D,S,T,2024-08-13,1000000.00,3.812051,101.896484375
08:00:30,91282CLD1,TSRYS5850288,D,S,T,2024-08-13,1000000.00,3.811732,101.8984375
08:00:30,91282CLD1,TSRYS5850288,D,S,T,2024-08-13,1000000.00,3.810458,101.90625
08:00:30,91282CLD1,TSRYS5850288,D,S,T,2024-08-13,1000000.00,3.810458,101.90625
08:00:30,91282CLD1,TSRYS5850288,D,S,T,2024-08-13,1000000.00,3.811732,101.8984375
08:00:30,91282CLD1,TSRYS5850288,D,S,T,2024-08-13,1000000.00,3.80791,101.921875
08:00:30,91282CLD1,TSRYS5850288,D,S,T,2024-08-13,1000000.00,3.80791,101.921875
08:00:30,91282CLD1,TSRYS5850288,D,S,T,2024-08-13,1000000.00,3.80791,101.921875
08:00:30,91282CLD1,TSRYS5850288,D,S,T,2024-08-13,1000000.00,3.806636,101.9296875
08:00:30,91282CLD1,TSRYS5850288,D,S,T,2024-08-13,1000000.00,3.804089,101.9453125
08:00:30,91282CLD1,TSRYS5850288,D,S,T,2024-08-13,1000000.00,3.802816,101.953125
08:00:30,91282CLD1,TSRYS5850288,D,S,T,2024-08-13,1000000.00,3.801543,101.9609375
08:00:30,91282CLD1,TSRYS5850288,D,S,T,2024-08-13,1000000.00,3.800269,101.96875
08:00:30,91282CLD1,TSRYS5850288,D,S,T,2024-08-13,1000000.00,3.800269,101.96875
08:00:30,91282CLD1,TSRYS5850288,D,S,T,2024-08-13,1000000.00,3.800269,101.96875
08:00:30,91282CLD1,TSRYS5850288,D,S,T,2024-08-13,2000000.00,3.801543,101.9609375
08:00:30,91282CLD1,TSRYS5850288,D,S,T,2024-08-13,1000000.00,3.801543,101.9609375
08:00:30,91282CLD1,TSRYS5850288,D,S,T,2024-08-13,1000000.00,3.801861,101.958984375
08:00:30,91282CLD1,TSRYS5850288,D,S,T,2024-08-13,1000000.00,3.801543,101.9609375
08:00:30,91282CLD1,TSRYS5850288,D,S,T,2024-08-13,1000000.00,3.801543,101.9609375
08:00:30,91282CLD1,TSRYS5850288,D,S,T,2024-08-13,1000000.00,3.798996,101.9765625
08:00:31,91282CLD1,TSRYS5850288,D,S,T,2024-08-13,1000000.00,3.785,102.0625
08:00:31,91282CLD1,TSRYS5850288,D,S,T,2024-08-13,1000000.00,3.798996,101.9765625
08:00:31,91282CLD1,TSRYS5850288,D,S,T,2024-08-13,1000000.00,3.797723,101.984375
08:00:31,91282CLD1,TSRYS5850288,D,S,T,2024-08-13,1000000.00,3.798996,101.9765625
08:00:31,91282CLD1,TSRYS5850288,D,S,T,2024-08-13,1000000.00,3.798996,101.9765625
08:00:31,91282CLD1,TSRYS5850288,D,S,T,2024-08-13,1000000.00,3.798996,101.9765625
08:00:31,91282CLD1,TSRYS5850288,D,S,T,2024-08-13,1000000.00,3.797723,101.984375
08:00:31,91282CLD1,TSRYS5850288,D,S,T,2024-08-13,1000000.00,3.797723,101.984375
08:00:31,91282CLD1,TSRYS5850288,D,S,T,2024-08-13,1000000.00,3.797723,101.984375
08:00:31,91282CLD1,TSRYS5850288,D,S,T,2024-08-13,1000000.00,3.796451,101.9921875
08:00:31,91282CLD1,TSRYS5850288,D,S,T,2024-08-13,1000000.00,3.796451,101.9921875
08:00:31,91282CLD1,TSRYS5850288,D,S,T,2024-08-13,1000000.00,3.796769,101.990234375
08:00:31,91282CLD1,TSRYS5850288,D,S,T,2024-08-13,1000000.00,3.795178,102.0
08:00:31,91282CLD1,TSRYS5850288,D,S,T,2024-08-13,1000000.00,3.796451,101.9921875
08:00:31,91282CLD1,TSRYS5850288,D,S,T,2024-08-13,1000000.00,3.796451,101.9921875
08:00:31,91282CLD1,TSRYS5850288,D,S,T,2024-08-13,1000000.00,3.793905,102.0078125
08:00:31,91282CLD1,TSRYS5850288,D,S,T,2024-08-13,1000000.00,3.792633,102.015625
08:00:31,91282CLD1,TSRYS5850288,D,S,T,2024-08-13,1000000.00,3.793905,102.0078125
08:00:31,91282CLD1,TSRYS5850288,D,S,T,2024-08-13,1000000.00,3.793905,102.0078125
08:00:31,91282CLD1,TSRYS5850288,D,S,T,2024-08-13,1000000.00,3.79136,102.0234375
08:00:31,91282CLD1,TSRYS5850288,D,S,T,2024-08-13,1000000.00,3.790088,102.03125
08:00:31,91282CLD1,TSRYS5850288,D,S,T,2024-08-13,1000000.00,3.790088,102.03125
08:00:31,91282CLD1,TSRYS5850288,D,S,T,2024-08-13,1000000.00,3.790088,102.03125
08:00:31,91282CLD1,TSRYS5850288,D,S,T,2024-08-13,1000000.00,3.788816,102.0390625
08:00:31,91282CLD1,TSRYS5850288,D,S,T,2024-08-13,1000000.00,3.788816,102.0390625
08:00:31,91282CLD1,TSRYS5850288,D,S,T,2024-08-13,1000000.00,3.788816,102.0390625
08:00:31,91282CLD1,TSRYS5850288,D,S,T,2024-08-13,1000000.00,3.788816,102.0390625
08:00:31,91282CLD1,TSRYS5850288,D,S,T,2024-08-13,1000000.00,3.788816,102.0390625
08:00:31,91282CLD1,TSRYS5850288,D,S,T,2024-08-13,1000000.00,3.788816,102.0390625
08:00:31,91282CLD1,TSRYS5850288,D,S,T,2024-08-13,1000000.00,3.788816,102.0390625
08:00:31,91282CLD1,TSRYS5850288,D,S,T,2024-08-13,1000000.00,3.785,102.0625
08:00:31,91282CLD1,TSRYS5850288,D,S,T,2024-08-13,1000000.00,3.783728,102.0703125
08:00:31,91282CLD1,TSRYS5850288,D,S,T,2024-08-13,1000000.00,3.783728,102.0703125
08:00:31,91282CLD1,TSRYS5850288,D,S,T,2024-08-13,1000000.00,3.783728,102.0703125
08:00:31,91282CLD1,TSRYS5850288,D,S,T,2024-08-13,1000000.00,3.783728,102.0703125
08:00:31,91282CLD1,TSRYS5850288,D,S,T,2024-08-13,1000000.00,3.783728,102.0703125
08:00:31,91282CLD1,TSRYS5850288,D,S,T,2024-08-13,1000000.00,3.783728,102.0703125
08:00:31,91282CLD1,TSRYS5850288,D,S,T,2024-08-13,1000000.00,3.785,102.0625
08:00:31,91282CLD1,TSRYS5850288,D,S,T,2024-08-13,1000000.00,3.77483,102.125
08:00:31,91282CLD1,TSRYS5850288,D,S,T,2024-08-13,1000000.00,3.785,102.0625
08:00:31,91282CLD1,TSRYS5850288,D,S,T,2024-08-13,1000000.00,3.786272,102.0546875
08:00:31,91282CLD1,TSRYS5850288,D,S,T,2024-08-13,1000000.00,3.785,102.0625
08:00:31,91282CLD1,TSRYS5850288,D,S,T,2024-08-13,1000000.00,3.784364,102.06640625
08:00:31,91282CLD1,TSRYS5850288,D,S,T,2024-08-13,1000000.00,3.783728,102.0703125
08:00:31,91282CLD1,TSRYS5850288,D,S,T,2024-08-13,1000000.00,3.788816,102.0390625
08:00:31,91282CLD1,TSRYS5850288,D,S,T,2024-08-13,1000000.00,3.787544,102.046875
08:00:31,91282CLD1,TSRYS5850288,D,S,T,2024-08-13,1000000.00,3.786272,102.0546875
08:00:31,91282CLD1,TSRYS5850288,D,S,T,2024-08-13,1000000.00,3.786272,102.0546875
08:00:31,91282CLD1,TSRYS5850288,D,S,T,2024-08-13,1000000.00,3.786272,102.0546875
08:00:31,91282CLD1,TSRYS5850288,D,S,T,2024-08-13,1000000.00,3.785,102.0625
08:00:31,91282CLD1,TSRYS5850288,D,S,T,2024-08-13,1000000.00,3.785,102.0625
08:00:31,91282CLD1,TSRYS5850288,D,S,T,2024-08-13,1000000.00,3.785,102.0625
08:00:31,91282CLD1,TSRYS5850288,D,S,T,2024-08-13,1000000.00,3.785,102.0625
08:00:31,91282CLD1,TSRYS5850288,D,S,T,2024-08-13,1000000.00,3.783728,102.0703125
08:00:31,91282CLD1,TSRYS5850288,D,S,T,2024-08-13,1000000.00,3.783728,102.0703125
08:00:31,91282CLD1,TSRYS5850288,D,S,T,2024-08-13,1000000.00,3.783728,102.0703125
08:00:31,91282CLD1,TSRYS5850288,D,S,T,2024-08-13,1000000.00,3.783728,102.0703125
08:00:31,91282CLD1,TSRYS5850288,D,S,T,2024-08-13,1000000.00,3.783728,102.0703125
08:00:31,91282CLD1,TSRYS5850288,D,S,T,2024-08-13,1000000.00,3.783728,102.0703125
08:00:31,91282CLD1,TSRYS5850288,D,S,T,2024-08-13,1000000.00,3.783411,102.072265625
08:00:31,91282CLD1,TSRYS5850288,D,S,T,2024-08-13,1000000.00,3.783728,102.0703125
08:00:31,91282CLD1,TSRYS5850288,D,S,T,2024-08-13,1000000.00,3.783728,102.0703125
08:00:31,91282CLD1,TSRYS5850288,D,S,T,2024-08-13,1000000.00,3.782457,102.078125
08:00:31,91282CLD1,TSRYS5850288,D,S,T,2024-08-13,1000000.00,3.781185,102.0859375
08:00:31,91282CLD1,TSRYS5850288,D,S,T,2024-08-13,1000000.00,3.781185,102.0859375
08:00:31,91282CLD1,TSRYS5850288,D,S,T,2024-08-13,1000000.00,3.781185,102.0859375
08:00:31,91282CLD1,TSRYS5850288,D,S,T,2024-08-13,1000000.00,3.781185,102.0859375
08:00:31,91282CLD1,TSRYS5850288,D,S,T,2024-08-13,1000000.00,3.797087,101.98828125
08:00:31,91282CLD1,TSRYS5850288,D,S,T,2024-08-13,1000000.00,3.779914,102.09375
08:00:31,91282CLD1,TSRYS5850288,D,S,T,2024-08-13,1000000.00,3.779914,102.09375
08:00:31,91282CLD1,TSRYS5850288,D,S,T,2024-08-13,1000000.00,3.779914,102.09375
08:00:31,91282CLD1,TSRYS5850288,D,S,T,2024-08-13,1000000.00,3.779914,102.09375
08:00:31,91282CLD1,TSRYS5850288,D,S,T,2024-08-13,1000000.00,3.78055,102.08984375
08:00:31,91282CLD1,TSRYS5850288,D,S,T,2024-08-13,1000000.00,3.781185,102.0859375
08:00:31,91282CLD1,TSRYS5850288,D,S,T,2024-08-13,1000000.00,3.781185,102.0859375
08:00:31,91282CLD1,TSRYS5850288,D,S,T,2024-08-13,1000000.00,3.780867,102.087890625
08:00:31,91282CLD1,TSRYS5850288,D,S,T,2024-08-13,1000000.00,3.780867,102.087890625
08:00:31,91282CLD1,TSRYS5850288,D,S,T,2024-08-13,1000000.00,3.78055,102.08984375
08:00:31,91282CLD1,TSRYS5850288,D,S,T,2024-08-13,1000000.00,3.806636,101.9296875
08:00:31,91282CLD1,TSRYS5850288,D,S,T,2024-08-13,1000000.00,3.778643,102.1015625
08:00:31,91282CLD1,TSRYS5850288,D,S,T,2024-08-13,1000000.00,3.778643,102.1015625
08:00:31,91282CLD1,TSRYS5850288,D,S,T,2024-08-13,1000000.00,3.779914,102.09375
08:00:31,91282CLD1,TSRYS5850288,D,S,T,2024-08-13,1000000.00,3.779914,102.09375
08:00:31,91282CLD1,TSRYS5850288,D,S,T,2024-08-13,1000000.00,3.779914,102.09375
08:00:31,91282CLD1,TSRYS5850288,D,S,T,2024-08-13,1000000.00,3.781185,102.0859375
08:00:31,91282CLD1,TSRYS5850288,D,S,T,2024-08-13,1000000.00,3.782457,102.078125
08:00:31,91282CLD1,TSRYS5850288,D,S,T,2024-08-13,1000000.00,3.783093,102.07421875
08:00:31,91282CLD1,TSRYS5850288,D,S,T,2024-08-13,1000000.00,3.798996,101.9765625
08:00:31,91282CLD1,TSRYS5850288,D,S,D,2024-08-13,1000000.00,3.798996,101.9765625
08:00:31,91282CLD1,TSRYS5850288,D,S,D,2024-08-13,1000000.00,3.799633,101.97265625
08:00:31,91282CLD1,TSRYS5850288,D,S,D,2024-08-13,1000000.00,3.800269,101.96875
08:00:31,91282CLD1,TSRYS5850288,D,S,D,2024-08-13,1000000.00,3.798996,101.9765625
08:00:31,91282CLD1,TSRYS5850288,D,S,D,2024-08-13,1000000.00,3.799633,101.97265625
08:00:31,91282CLD1,TSRYS5850288,D,S,D,2024-08-13,1000000.00,3.799633,101.97265625
08:00:31,91282CLD1,TSRYS5850288,D,S,D,2024-08-13,1000000.00,3.798996,101.9765625
08:00:31,91282CLD1,TSRYS5850288,D,S,D,2024-08-13,1000000.00,3.793905,102.0078125
08:00:31,91282CLD1,TSRYS5850288,D,S,T,2024-08-13,1000000.00,3.781185,102.0859375
08:00:31,91282CLD1,TSRYS5850288,D,S,T,2024-08-13,1000000.00,3.781185,102.0859375
08:00:31,91282CLD1,TSRYS5850288,D,S,T,2024-08-13,1000000.00,3.781185,102.0859375
08:00:31,91282CLD1,TSRYS5850288,D,S,T,2024-08-13,1000000.00,3.778643,102.1015625
08:00:31,91282CLD1,TSRYS5850288,D,S,T,2024-08-13,1000000.00,3.777372,102.109375
08:00:31,91282CLD1,TSRYS5850288,D,S,T,2024-08-13,1000000.00,3.777372,102.109375
08:00:31,91282CLD1,TSRYS5850288,D,S,T,2024-08-13,1000000.00,3.777372,102.109375
08:00:31,91282CLD1,TSRYS5850288,D,S,T,2024-08-13,1000000.00,3.777372,102.109375
08:00:31,91282CLD1,TSRYS5850288,D,S,T,2024-08-13,1000000.00,3.777372,102.109375
08:00:31,91282CLD1,TSRYS5850288,D,S,T,2024-08-13,1000000.00,3.776101,102.1171875
08:00:31,91282CLD1,TSRYS5850288,D,S,T,2024-08-13,1000000.00,3.775465,102.12109375
08:00:31,91282CLD1,TSRYS5850288,D,S,D,2024-08-13,1000000.00,3.800269,101.96875
08:00:31,91282CLD1,TSRYS5850288,D,S,C,2024-08-13,10000000.00,3.801543,101.9609375
08:00:31,91282CLD1,TSRYS5850288,D,S,C,2024-08-13,10000000.00,3.801543,101.9609375
08:00:31,91282CLD1,TSRYS5850288,D,S,C,2024-08-13,10000000.00,3.802179,101.95703125
08:00:31,91282CLD1,TSRYS5850288,D,S,T,2024-08-13,1000000.00,3.777372,102.109375
08:00:31,91282CLD1,TSRYS5850288,D,S,T,2024-08-13,1000000.00,3.777372,102.109375
08:00:31,91282CLD1,TSRYS5850288,D,S,T,2024-08-13,1000000.00,3.777372,102.109375
08:00:31,91282CLD1,TSRYS5850288,D,S,T,2024-08-13,1000000.00,3.777372,102.109375
08:00:31,91282CLD1,TSRYS5850288,D,S,C,2024-08-13,10000000.00,3.802179,101.95703125
08:00:31,91282CLD1,TSRYS5850288,D,S,C,2024-08-13,10000000.00,3.802816,101.953125
08:00:31,91282CLD1,TSRYS5850288,D,S,D,2024-08-13,1000000.00,3.809184,101.9140625
08:00:31,91282CLD1,TSRYS5850288,D,S,D,2024-08-13,1000000.00,3.793269,102.01171875
08:00:31,91282CLD1,TSRYS5850288,D,S,D,2024-08-13,1000000.00,3.795496,101.998046875
08:00:31,91282CLD1,TSRYS5850288,D,S,D,2024-08-13,1000000.00,3.797405,101.986328125
08:00:31,91282CLD1,TSRYS5850288,D,S,D,2024-08-13,1000000.00,3.797723,101.984375
08:00:31,91282CLD1,TSRYS5850288,D,S,D,2024-08-13,1000000.00,3.800269,101.96875
08:00:31,91282CLD1,TSRYS5850288,D,S,D,2024-08-13,1000000.00,3.801224,101.962890625
08:00:31,91282CLD1,TSRYS5850288,D,S,D,2024-08-13,1000000.00,3.801224,101.962890625
08:00:31,91282CLD1,TSRYS5850288,D,S,D,2024-08-13,1000000.00,3.799633,101.97265625
08:00:31,91282CLD1,TSRYS5850288,D,S,T,2024-08-13,1000000.00,3.802816,101.953125
08:00:31,91282CLD1,TSRYS5850288,D,S,T,2024-08-13,1000000.00,3.800269,101.96875
08:00:31,91282CLD1,TSRYS5850288,D,B,C,2024-08-13,9800000.00,3.797087,101.98828125
08:00:31,91282CLD1,TSRYS5850288,D,S,D,2024-08-13,1000000.00,3.804726,101.94140625
08:00:31,91282CLD1,TSRYS5850288,D,S,D,2024-08-13,1000000.00,3.804726,101.94140625
08:00:31,91282CLD1,TSRYS5850288,D,S,D,2024-08-13,1000000.00,3.807273,101.92578125
08:00:31,91282CLD1,TSRYS5850288,D,S,D,2024-08-13,1000000.00,3.807273,101.92578125
08:00:31,91282CLD1,TSRYS5850288,D,S,D,2024-08-13,1000000.00,3.808229,101.919921875
08:00:31,91282CLD1,TSRYS5850288,D,S,D,2024-08-13,1000000.00,3.807273,101.92578125
08:00:31,91282CLD1,TSRYS5850288,D,S,D,2024-08-13,1000000.00,3.796451,101.9921875
08:00:31,91282CLD1,TSRYS5850288,D,S,D,2024-08-13,1000000.00,3.796451,101.9921875
08:00:31,91282CLD1,TSRYS5850288,D,S,D,2024-08-13,3000000.00,3.796451,101.9921875
08:00:31,91282CLD1,TSRYS5850288,D,S,D,2024-08-13,1000000.00,3.789452,102.03515625
08:00:31,91282CLD1,TSRYS5850288,D,S,D,2024-08-13,1000000.00,3.783728,102.0703125
08:00:31,91282CLD1,TSRYS5850288,D,S,D,2024-08-13,1000000.00,3.779914,102.09375
08:00:31,91282CLD1,TSRYS5850288,D,S,D,2024-08-13,1000000.00,3.785,102.0625
08:00:31,91282CLD1,TSRYS5850288,D,S,D,2024-08-13,1000000.00,3.787544,102.046875
08:00:31,91282CLD1,TSRYS5850288,D,S,D,2024-08-13,1000000.00,3.787544,102.046875
08:00:31,91282CLD1,TSRYS5850288,D,S,D,2024-08-13,1000000.00,3.775783,102.119140625
08:00:31,91282CLD1,TSRYS5850288,D,S,D,2024-08-13,1000000.00,3.775465,102.12109375
08:00:31,91282CLD1,TSRYS5850288,D,S,D,2024-08-13,1000000.00,3.777054,102.111328125
08:00:31,91282CLD1,TSRYS5850288,D,B,C,2024-08-13,5864000.00,3.779914,102.09375
08:00:31,91282CLD1,TSRYS5850288,D,S,D,2024-08-13,1000000.00,3.808866,101.916015625
08:00:31,91282CLD1,TSRYS5850288,D,S,D,2024-08-13,1000000.00,3.808866,101.916015625
08:00:31,91282CLD1,TSRYS5850288,D,S,D,2024-08-13,1000000.00,3.809821,101.91015625
08:00:31,91282CLD1,TSRYS5850288,D,S,D,2024-08-13,2000000.00,3.809821,101.91015625
08:00:31,91282CLD1,TSRYS5850288,D,S,D,2024-08-13,2000000.00,3.808229,101.919921875
08:00:31,91282CLD1,TSRYS5850288,D,S,D,2024-08-13,1000000.00,3.80791,101.921875
08:00:31,91282CLD1,TSRYS5850288,D,S,D,2024-08-13,1000000.00,3.807273,101.92578125
08:00:31,91282CLD1,TSRYS5850288,D,S,D,2024-08-13,1000000.00,3.805681,101.935546875
08:00:31,91282CLD1,TSRYS5850288,D,S,D,2024-08-13,2000000.00,3.804408,101.943359375
08:00:31,91282CLD1,TSRYS5850288,D,S,D,2024-08-13,2000000.00,3.804408,101.943359375
08:00:31,91282CLD1,TSRYS5850288,D,S,D,2024-08-13,2000000.00,3.804408,101.943359375
08:00:31,91282CLD1,TSRYS5850288,D,S,D,2024-08-13,1000000.00,3.804408,101.943359375
08:00:31,91282CLD1,TSRYS5850288,D,S,D,2024-08-13,1000000.00,3.804408,101.943359375
08:00:31,91282CLD1,TSRYS5850288,D,S,D,2024-08-13,1000000.00,3.804408,101.943359375
08:00:31,91282CLD1,TSRYS5850288,D,S,D,2024-08-13,1000000.00,3.78977,102.033203125
08:00:31,91282CLD1,TSRYS5850288,D,S,D,2024-08-13,1000000.00,3.789452,102.03515625
08:00:31,91282CLD1,TSRYS5850288,D,S,D,2024-08-13,1000000.00,3.782139,102.080078125
08:00:31,91282CLD1,TSRYS5850288,D,S,D,2024-08-13,1000000.00,3.789452,102.03515625
08:00:32,91282CLD1,TSRYS5850288,D,S,D,2024-08-13,2000000.00,3.781821,102.08203125
08:00:32,91282CLD1,TSRYS5850288,D,S,D,2024-08-13,2000000.00,3.777054,102.111328125
08:00:32,91282CLD1,TSRYS5850288,D,S,D,2024-08-13,2000000.00,3.777054,102.111328125
08:00:32,91282CLD1,TSRYS5850288,D,S,D,2024-08-13,1000000.00,3.776101,102.1171875
08:00:32,91282CLD1,TSRYS5850288,D,S,D,2024-08-13,1000000.00,3.776101,102.1171875
08:00:32,91282CLD1,TSRYS5850288,D,S,D,2024-08-13,1000000.00,3.775465,102.12109375
08:00:32,91282CLD1,TSRYS5850288,D,S,D,2024-08-13,1000000.00,3.777372,102.109375
08:00:32,91282CLD1,TSRYS5850288,D,S,T,2024-08-13,1000000.00,3.802816,101.953125
08:00:32,91282CLD1,TSRYS5850288,D,S,T,2024-08-13,1000000.00,3.796451,101.9921875
08:00:32,91282CLD1,TSRYS5850288,D,S,T,2024-08-13,1000000.00,3.795178,102.0
08:00:32,91282CLD1,TSRYS5850288,D,S,T,2024-08-13,1000000.00,3.804089,101.9453125
08:00:32,91282CLD1,TSRYS5850288,D,S,T,2024-08-13,1000000.00,3.799951,101.970703125
08:00:32,91282CLD1,TSRYS5850288,D,S,T,2024-08-13,1000000.00,3.799633,101.97265625
08:00:32,91282CLD1,TSRYS5850288,D,S,T,2024-08-13,1000000.00,3.797723,101.984375
08:00:32,91282CLD1,TSRYS5850288,D,S,T,2024-08-13,1000000.00,3.797723,101.984375
08:00:32,91282CLD1,TSRYS5850288,D,S,T,2024-08-13,1000000.00,3.797723,101.984375
08:00:32,91282CLD1,TSRYS5850288,D,S,T,2024-08-13,1000000.00,3.798042,101.982421875
08:00:32,91282CLD1,TSRYS5850288,D,S,T,2024-08-13,1000000.00,3.798042,101.982421875
08:00:32,91282CLD1,TSRYS5850288,D,S,T,2024-08-13,1000000.00,3.799315,101.974609375
08:00:32,91282CLD1,TSRYS5850288,D,S,T,2024-08-13,1000000.00,3.799315,101.974609375
08:00:32,91282CLD1,TSRYS5850288,D,S,T,2024-08-13,1000000.00,3.799315,101.974609375
08:00:32,91282CLD1,TSRYS5850288,D,S,T,2024-08-13,1000000.00,3.799315,101.974609375
08:00:32,91282CLD1,TSRYS5850288,D,S,T,2024-08-13,1000000.00,3.799951,101.970703125
08:00:32,91282CLD1,TSRYS5850288,D,S,T,2024-08-13,1000000.00,3.797723,101.984375
08:00:32,91282CLD1,TSRYS5850288,D,S,T,2024-08-13,1000000.00,3.797723,101.984375
08:00:32,91282CLD1,TSRYS5850288,D,S,T,2024-08-13,1000000.00,3.797087,101.98828125
08:00:32,91282CLD1,TSRYS5850288,D,S,T,2024-08-13,1000000.00,3.799315,101.974609375
08:00:32,91282CLD1,TSRYS5850288,D,S,T,2024-08-13,1000000.00,3.799633,101.97265625
08:00:32,91282CLD1,TSRYS5850288,D,S,T,2024-08-13,1000000.00,3.799633,101.97265625
08:00:32,91282CLD1,TSRYS5850288,D,S,T,2024-08-13,1000000.00,3.799633,101.97265625
08:00:32,91282CLD1,TSRYS5850288,D,S,T,2024-08-13,1000000.00,3.801543,101.9609375
08:00:32,91282CLD1,TSRYS5850288,D,S,T,2024-08-13,1000000.00,3.801861,101.958984375
08:00:32,91282CLD1,TSRYS5850288,D,S,T,2024-08-13,1000000.00,3.802179,101.95703125
08:00:32,91282CLD1,TSRYS5850288,D,S,T,2024-08-13,1000000.00,3.804726,101.94140625
08:00:32,91282CLD1,TSRYS5850288,D,S,T,2024-08-13,1000000.00,3.804726,101.94140625
08:00:32,91282CLD1,TSRYS5850288,D,S,T,2024-08-13,1000000.00,3.804726,101.94140625
08:00:32,91282CLD1,TSRYS5850288,D,S,T,2024-08-13,1000000.00,3.804089,101.9453125
08:00:32,91282CLD1,TSRYS5850288,D,S,T,2024-08-13,1000000.00,3.804089,101.9453125
08:00:32,91282CLD1,TSRYS5850288,D,S,T,2024-08-13,1000000.00,3.804726,101.94140625
08:00:32,91282CLD1,TSRYS5850288,D,S,T,2024-08-13,1000000.00,3.804726,101.94140625
08:00:32,91282CLD1,TSRYS5850288,D,S,T,2024-08-13,1000000.00,3.804726,101.94140625
08:00:32,91282CLD1,TSRYS5850288,D,S,T,2024-08-13,1000000.00,3.804726,101.94140625
08:00:32,91282CLD1,TSRYS5850288,D,S,T,2024-08-13,2000000.00,3.805044,101.939453125
08:00:32,91282CLD1,TSRYS5850288,D,S,T,2024-08-13,1000000.00,3.809503,101.912109375
08:00:32,91282CLD1,TSRYS5850288,D,S,T,2024-08-13,1000000.00,3.808866,101.916015625
08:00:32,91282CLD1,TSRYS5850288,D,S,T,2024-08-13,1000000.00,3.802816,101.953125
08:00:32,91282CLD1,TSRYS5850288,D,S,T,2024-08-13,1000000.00,3.802816,101.953125
08:00:32,91282CLD1,TSRYS5850288,D,S,T,2024-08-13,1000000.00,3.805044,101.939453125
08:00:32,91282CLD1,TSRYS5850288,D,S,T,2024-08-13,2000000.00,3.805044,101.939453125
08:00:32,91282CLD1,TSRYS5850288,D,S,T,2024-08-13,2000000.00,3.805044,101.939453125
08:00:32,91282CLD1,TSRYS5850288,D,S,T,2024-08-13,1000000.00,3.805044,101.939453125
08:00:32,91282CLD1,TSRYS5850288,D,S,T,2024-08-13,1000000.00,3.807273,101.92578125
08:00:32,91282CLD1,TSRYS5850288,D,S,T,2024-08-13,1000000.00,3.807273,101.92578125
08:00:32,91282CLD1,TSRYS5850288,D,S,D,2024-08-13,1000000.00,3.807273,101.92578125
08:00:32,91282CLD1,TSRYS5850288,D,S,D,2024-08-13,1000000.00,3.807273,101.92578125
08:00:32,91282CLD1,TSRYS5850288,D,S,T,2024-08-13,2000000.00,3.807273,101.92578125
08:00:32,91282CLD1,TSRYS5850288,D,S,T,2024-08-13,1000000.00,3.807273,101.92578125
08:00:32,91282CLD1,TSRYS5850288,D,S,T,2024-08-13,1000000.00,3.807273,101.92578125
08:00:32,91282CLD1,TSRYS5850288,D,S,T,2024-08-13,1000000.00,3.807273,101.92578125
08:00:32,91282CLD1,TSRYS5850288,D,S,T,2024-08-13,1000000.00,3.807273,101.92578125
08:00:32,91282CLD1,TSRYS5850288,D,S,T,2024-08-13,1000000.00,3.809821,101.91015625
08:00:32,91282CLD1,TSRYS5850288,D,S,T,2024-08-13,1000000.00,3.809184,101.9140625
08:00:32,91282CLD1,TSRYS5850288,D,S,T,2024-08-13,1000000.00,3.809821,101.91015625
08:00:32,91282CLD1,TSRYS5850288,D,S,T,2024-08-13,1000000.00,3.809821,101.91015625
08:00:32,91282CLD1,TSRYS5850288,D,S,T,2024-08-13,1000000.00,3.809821,101.91015625
08:00:32,91282CLD1,TSRYS5850288,D,S,T,2024-08-13,1000000.00,3.809821,101.91015625
08:00:32,91282CLD1,TSRYS5850288,D,S,T,2024-08-13,1000000.00,3.809821,101.91015625
08:00:32,91282CLD1,TSRYS5850288,D,S,T,2024-08-13,1000000.00,3.809821,101.91015625
08:00:32,91282CLD1,TSRYS5850288,D,S,T,2024-08-13,1000000.00,3.809821,101.91015625
08:00:32,91282CLD1,TSRYS5850288,D,S,T,2024-08-13,1000000.00,3.809821,101.91015625
08:00:32,91282CLD1,TSRYS5850288,D,S,T,2024-08-13,1000000.00,3.809821,101.91015625
08:00:32,91282CLD1,TSRYS5850288,D,S,T,2024-08-13,1000000.00,3.808866,101.916015625
08:00:32,91282CLD1,TSRYS5850288,D,S,T,2024-08-13,1000000.00,3.808866,101.916015625
08:00:32,91282CLD1,TSRYS5850288,D,S,T,2024-08-13,1000000.00,3.812051,101.896484375
08:00:32,91282CLD1,TSRYS5850288,D,S,T,2024-08-13,1000000.00,3.809821,101.91015625
08:00:32,91282CLD1,TSRYS5850288,D,S,T,2024-08-13,1000000.00,3.807273,101.92578125
08:00:32,91282CLD1,TSRYS5850288,D,S,T,2024-08-13,1000000.00,3.807273,101.92578125
08:00:32,91282CLD1,TSRYS5850288,D,S,T,2024-08-13,1000000.00,3.798678,101.978515625
08:00:32,91282CLD1,TSRYS5850288,D,S,T,2024-08-13,1000000.00,3.798996,101.9765625
08:00:32,91282CLD1,TSRYS5850288,D,S,T,2024-08-13,1000000.00,3.797723,101.984375
08:00:32,91282CLD1,TSRYS5850288,D,S,T,2024-08-13,1000000.00,3.797405,101.986328125
08:00:32,91282CLD1,TSRYS5850288,D,S,T,2024-08-13,1000000.00,3.797723,101.984375
08:00:32,91282CLD1,TSRYS5850288,D,S,T,2024-08-13,1000000.00,3.790088,102.03125
08:00:32,91282CLD1,TSRYS5850288,D,S,T,2024-08-13,1000000.00,3.782139,102.080078125
08:00:32,91282CLD1,TSRYS5850288,D,S,T,2024-08-13,1000000.00,3.782139,102.080078125
08:00:32,91282CLD1,TSRYS5850288,D,S,T,2024-08-13,1000000.00,3.782139,102.080078125
08:00:32,91282CLD1,TSRYS5850288,D,S,T,2024-08-13,2000000.00,3.782139,102.080078125
08:00:32,91282CLD1,TSRYS5850288,D,S,T,2024-08-13,1000000.00,3.782139,102.080078125
08:00:32,91282CLD1,TSRYS5850288,D,S,T,2024-08-13,1000000.00,3.782139,102.080078125
08:00:32,91282CLD1,TSRYS5850288,D,S,T,2024-08-13,1000000.00,3.782139,102.080078125
08:00:32,91282CLD1,TSRYS5850288,D,S,T,2024-08-13,2000000.00,3.782139,102.080078125
08:00:32,91282CLD1,TSRYS5850288,D,S,T,2024-08-13,2000000.00,3.782139,102.080078125
08:00:32,91282CLD1,TSRYS5850288,D,S,T,2024-08-13,1000000.00,3.782139,102.080078125
08:00:32,91282CLD1,TSRYS5850288,D,S,T,2024-08-13,1000000.00,3.782139,102.080078125
08:00:32,91282CLD1,TSRYS5850288,D,S,T,2024-08-13,1000000.00,3.782139,102.080078125
08:00:32,91282CLD1,TSRYS5850288,D,S,T,2024-08-13,1000000.00,3.781821,102.08203125
08:00:32,91282CLD1,TSRYS5850288,D,S,T,2024-08-13,1000000.00,3.785954,102.056640625
08:00:32,91282CLD1,TSRYS5850288,D,S,T,2024-08-13,1000000.00,3.784364,102.06640625
08:00:32,91282CLD1,TSRYS5850288,D,S,T,2024-08-13,1000000.00,3.784682,102.064453125
08:00:32,91282CLD1,TSRYS5850288,D,S,D,2024-08-13,1000000.00,3.77483,102.125
08:00:32,91282CLD1,TSRYS5850288,D,S,T,2024-08-13,1000000.00,3.783728,102.0703125
08:00:32,91282CLD1,TSRYS5850288,D,S,T,2024-08-13,1000000.00,3.784046,102.068359375
08:00:32,91282CLD1,TSRYS5850288,D,S,T,2024-08-13,1000000.00,3.784046,102.068359375
08:00:32,91282CLD1,TSRYS5850288,D,S,T,2024-08-13,1000000.00,3.787862,102.044921875
08:00:32,91282CLD1,TSRYS5850288,D,S,T,2024-08-13,1000000.00,3.783728,102.0703125
08:00:32,91282CLD1,TSRYS5850288,D,S,T,2024-08-13,1000000.00,3.781185,102.0859375
08:00:32,91282CLD1,TSRYS5850288,D,S,T,2024-08-13,1000000.00,3.781185,102.0859375
08:00:32,91282CLD1,TSRYS5850288,D,S,T,2024-08-13,1000000.00,3.779914,102.09375
08:00:32,91282CLD1,TSRYS5850288,D,S,T,2024-08-13,1000000.00,3.779914,102.09375
08:00:32,91282CLD1,TSRYS5850288,D,S,T,2024-08-13,1000000.00,3.779914,102.09375
08:00:32,91282CLD1,TSRYS5850288,D,S,T,2024-08-13,1000000.00,3.779596,102.095703125
08:00:32,91282CLD1,TSRYS5850288,D,S,T,2024-08-13,1000000.00,3.780867,102.087890625
08:00:32,91282CLD1,TSRYS5850288,D,S,T,2024-08-13,1000000.00,3.780867,102.087890625
08:00:32,91282CLD1,TSRYS5850288,D,S,T,2024-08-13,1000000.00,3.780867,102.087890625
08:00:32,91282CLD1,TSRYS5850288,D,S,T,2024-08-13,1000000.00,3.780867,102.087890625
08:00:32,91282CLD1,TSRYS5850288,D,S,T,2024-08-13,1000000.00,3.778007,102.10546875
08:00:32,91282CLD1,TSRYS5850288,D,S,T,2024-08-13,1000000.00,3.781185,102.0859375
08:00:32,91282CLD1,TSRYS5850288,D,S,T,2024-08-13,2000000.00,3.777054,102.111328125
08:00:32,91282CLD1,TSRYS5850288,D,S,T,2024-08-13,1000000.00,3.776101,102.1171875
08:00:32,91282CLD1,TSRYS5850288,D,S,T,2024-08-13,1000000.00,3.776101,102.1171875
08:00:32,91282CLD1,TSRYS5850288,D,S,T,2024-08-13,1000000.00,3.776101,102.1171875
08:00:32,91282CLD1,TSRYS5850288,D,S,T,2024-08-13,1000000.00,3.776101,102.1171875
08:00:32,91282CLD1,TSRYS5850288,D,S,T,2024-08-13,1000000.00,3.776101,102.1171875
08:00:32,91282CLD1,TSRYS5850288,D,S,T,2024-08-13,2000000.00,3.775783,102.119140625
08:00:34,91282CLD1,TSRYS5850288,D,S,D,2024-08-13,1000000.00,3.809184,101.9140625
08:00:34,91282CLD1,TSRYS5850288,D,B,A,2024-08-13,1000000.00,3.802179,101.95703125
08:00:35,91282CLD1,TSRYS5850288,D,S,D,2024-08-13,3000000.00,3.800269,101.96875
08:00:35,91282CLD1,TSRYS5850288,D,S,D,2024-08-13,1000000.00,3.800269,101.96875
08:00:35,91282CLD1,TSRYS5850288,D,S,D,2024-08-13,1000000.00,3.800269,101.96875
08:00:35,91282CLD1,TSRYS5850288,D,S,D,2024-08-13,2000000.00,3.800269,101.96875
08:00:36,91282CLD1,TSRYS5850288,D,S,C,2024-08-13,1000000.00,3.792633,102.015625
08:00:36,91282CLD1,TSRYS5850288,D,S,C,2024-08-13,1000000.00,3.792633,102.015625
08:00:37,91282CLD1,TSRYS5850288,D,S,C,2024-08-13,1000000.00,3.792951,102.013671875
08:00:37,91282CLD1,TSRYS5850288,D,S,D,2024-08-13,1000000.00,3.790088,102.03125
08:00:37,91282CLD1,TSRYS5850288,D,S,D,2024-08-13,1000000.00,3.783728,102.0703125
08:00:38,91282CLD1,TSRYS5850288,D,S,D,2024-08-13,1000000.00,3.783728,102.0703125
08:00:39,91282CLD1,TSRYS5850288,D,S,D,2024-08-13,1000000.00,3.785,102.0625
08:00:39,91282CLD1,TSRYS5850288,D,B,C,2024-08-13,1000000.00,3.784364,102.06640625
08:00:39,91282CLD1,TSRYS5850288,D,S,D,2024-08-13,1000000.00,3.784364,102.06640625
08:00:40,91282CLD1,TSRYS5850288,D,S,C,2024-08-13,1770000.00,3.776101,102.1171875
08:00:40,91282CLD1,TSRYS5850288,D,S,D,2024-08-13,1000000.00,3.783728,102.0703125
08:00:40,91282CLD1,TSRYS5850288,D,B,A,2024-08-13,2000000.00,3.794542,102.00390625
08:00:41,91282CLD1,TSRYS5850288,D,S,A,2024-08-13,238000.00,3.80791,101.921875
08:00:41,91282CLD1,TSRYS5850288,D,B,C,2024-08-13,1000000.00,3.789452,102.03515625
08:00:41,91282CLD1,TSRYS5850288,D,S,D,2024-08-13,1000000.00,3.789452,102.03515625
08:00:41,91282CLD1,TSRYS5850288,D,B,C,2024-08-13,1000000.00,3.787862,102.044921875
08:00:41,91282CLD1,TSRYS5850288,D,S,D,2024-08-13,1000000.00,3.787862,102.044921875
08:00:41,91282CLD1,TSRYS5850288,D,S,D,2024-08-13,1000000.00,3.787544,102.046875
08:00:41,91282CLD1,TSRYS5850288,D,S,D,2024-08-13,1000000.00,3.787544,102.046875
08:00:41,91282CLD1,TSRYS5850288,D,S,D,2024-08-13,1000000.00,3.787544,102.046875
08:00:42,91282CLD1,TSRYS5850288,D,S,D,2024-08-13,1000000.00,3.787544,102.046875
08:00:42,91282CLD1,TSRYS5850288,D,S,D,2024-08-13,1000000.00,3.785,102.0625
08:00:42,91282CLD1,TSRYS5850288,D,S,D,2024-08-13,1000000.00,3.785,102.0625
08:00:42,91282CLD1,TSRYS5850288,D,S,D,2024-08-13,1000000.00,3.781185,102.0859375
08:00:42,91282CLD1,TSRYS5850288,D,S,D,2024-08-13,1000000.00,3.779914,102.09375
08:00:43,91282CLD1,TSRYS5850288,D,S,T,2024-08-13,1000000.00,3.789452,102.03515625
08:00:43,91282CLD1,TSRYS5850288,D,S,T,2024-08-13,1000000.00,3.789452,102.03515625
08:00:44,91282CLD1,TSRYS5850288,D,S,D,2024-08-13,1000000.00,3.779914,102.09375
08:00:44,91282CLD1,TSRYS5850288,D,S,D,2024-08-13,1000000.00,3.777372,102.109375
08:00:44,91282CLD1,TSRYS5850288,D,S,D,2024-08-13,1000000.00,3.777054,102.111328125
08:00:44,91282CLD1,TSRYS5850288,D,B,C,2024-08-13,1000000.00,3.777054,102.111328125
08:00:44,91282CLD1,TSRYS5850288,D,S,D,2024-08-13,1000000.00,3.777689,102.107421875
08:00:44,91282CLD1,TSRYS5850288,D,B,C,2024-08-13,1000000.00,3.777689,102.107421875
08:00:45,91282CLD1,TSRYS5850288,D,S,A,2024-08-13,2000000.00,3.806,101.93359375
08:00:45,91282CLD1,TSRYS5850288,D,S,D,2024-08-13,2000000.00,3.782457,102.078125
08:00:46,91282CLD1,TSRYS5850288,D,B,A,2024-08-13,2000000.00,3.800906,101.96484375
08:00:46,91282CLD1,TSRYS5850288,D,S,T,2024-08-13,1000000.00,3.810458,101.90625
08:00:46,91282CLD1,TSRYS5850288,D,S,T,2024-08-13,2000000.00,3.810458,101.90625
08:00:46,91282CLD1,TSRYS5850288,D,S,T,2024-08-13,2000000.00,3.81014,101.908203125
08:00:47,91282CLD1,TSRYS5850288,D,S,T,2024-08-13,2000000.00,3.810458,101.90625
08:00:47,91282CLD1,TSRYS5850288,D,S,T,2024-08-13,1000000.00,3.810458,101.90625
08:00:47,91282CLD1,TSRYS5850288,D,S,T,2024-08-13,1000000.00,3.810458,101.90625
08:00:47,91282CLD1,TSRYS5850288,D,S,T,2024-08-13,1000000.00,3.810458,101.90625
08:00:47,91282CLD1,TSRYS5850288,D,S,T,2024-08-13,1000000.00,3.810458,101.90625
08:00:47,91282CLD1,TSRYS5850288,D,S,T,2024-08-13,1000000.00,3.810458,101.90625
08:00:47,91282CLD1,TSRYS5850288,D,S,T,2024-08-13,2000000.00,3.810458,101.90625
08:00:47,91282CLD1,TSRYS5850288,D,S,T,2024-08-13,1000000.00,3.810458,101.90625
08:00:47,91282CLD1,TSRYS5850288,D,S,D,2024-08-13,1000000.00,3.781185,102.0859375
08:00:47,91282CLD1,TSRYS5850288,D,S,D,2024-08-13,1000000.00,3.781185,102.0859375
08:00:47,91282CLD1,TSRYS5850288,D,S,D,2024-08-13,1000000.00,3.781185,102.0859375
08:00:47,91282CLD1,TSRYS5850288,D,S,T,2024-08-13,1000000.00,3.782775,102.076171875
08:00:47,91282CLD1,TSRYS5850288,D,B,A,2024-08-13,2000000.00,3.796451,101.9921875
08:00:47,91282CLD1,TSRYS5850288,D,S,A,2024-08-13,2000000.00,3.802816,101.953125
08:00:49,91282CLD1,TSRYS5850288,D,S,D,2024-08-13,1000000.00,3.777372,102.109375
08:00:50,91282CLD1,TSRYS5850288,D,S,A,2024-08-13,2000000.00,3.809821,101.91015625
08:00:50,91282CLD1,TSRYS5850288,D,S,D,2024-08-13,950000.00,3.778007,102.10546875
08:00:50,91282CLD1,TSRYS5850288,D,S,D,2024-08-13,2000000.00,3.779914,102.09375
08:00:50,91282CLD1,TSRYS5850288,D,S,D,2024-08-13,14000000.00,3.804225,101.94448
08:00:50,91282CLD1,TSRYS5850288,D,S,T,2024-08-13,1000000.00,3.782457,102.078125
08:00:50,91282CLD1,TSRYS5850288,D,S,T,2024-08-13,1000000.00,3.782457,102.078125
08:00:50,91282CLD1,TSRYS5850288,D,S,D,2024-08-13,1000000.00,3.776101,102.1171875
08:00:50,91282CLD1,TSRYS5850288,D,S,T,2024-08-13,1000000.00,3.781185,102.0859375
08:00:50,91282CLD1,TSRYS5850288,D,S,D,2024-08-13,1000000.00,3.777689,102.107421875
08:00:50,91282CLD1,TSRYS5850288,D,S,T,2024-08-13,1000000.00,3.790088,102.03125
08:00:50,91282CLD1,TSRYS5850288,D,S,D,2024-08-13,1000000.00,3.777689,102.107421875
08:00:50,91282CLD1,TSRYS5850288,D,S,D,2024-08-13,1770000.00,3.776101,102.1171875
08:00:50,91282CLD1,TSRYS5850288,D,S,D,2024-08-13,2000000.00,3.778007,102.10546875
08:00:51,91282CLD1,TSRYS5850288,D,S,A,2024-08-13,4800000.00,3.803453,101.94921875
08:00:51,91282CLD1,TSRYS5850288,D,S,D,2024-08-13,1000000.00,3.77483,102.125
08:00:51,91282CLD1,TSRYS5850288,D,B,C,2024-08-13,1000000.00,3.77483,102.125
08:00:51,91282CLD1,TSRYS5850288,D,S,D,2024-08-13,1000000.00,3.77483,102.125
08:00:51,91282CLD1,TSRYS5850288,D,B,A,2024-08-13,4000000.00,3.805363,101.9375
08:00:52,91282CLD1,TSRYS5850288,D,S,T,2024-08-13,1000000.00,3.795178,102.0
08:00:52,91282CLD1,TSRYS5850288,D,S,T,2024-08-13,1000000.00,3.795194,101.999898
08:00:52,91282CLD1,TSRYS5850288,D,S,T,2024-08-13,1000000.00,3.795194,101.999898
08:00:54,91282CLD1,TSRYS5850288,D,S,D,2024-08-13,1000000.00,3.783728,102.0703125
08:00:56,91282CLD1,TSRYS5850288,D,S,D,2024-08-13,1000000.00,3.790088,102.03125
08:00:56,91282CLD1,TSRYS5850288,D,B,A,2024-08-13,2000000.00,3.795814,101.99609375
08:00:57,91282CLD1,TSRYS5850288,D,S,T,2024-08-13,1000000.00,3.788816,102.0390625
08:00:57,91282CLD1,TSRYS5850288,D,S,A,2024-08-13,2000000.00,3.809821,101.91015625
08:00:58,91282CLD1,TSRYS5850288,D,B,C,2024-08-13,3255000.00,3.778072,102.10506875
08:00:58,91282CLD1,TSRYS5850288,D,S,D,2024-08-13,1000000.00,3.783728,102.0703125
08:00:58,91282CLD1,TSRYS5850288,D,S,T,2024-08-13,2000000.00,3.782457,102.078125
08:00:58,91282CLD1,TSRYS5850288,D,S,T,2024-08-13,1000000.00,3.782457,102.078125
08:00:58,91282CLD1,TSRYS5850288,D,S,T,2024-08-13,2000000.00,3.782457,102.078125
08:00:58,91282CLD1,TSRYS5850288,D,S,T,2024-08-13,2000000.00,3.782457,102.078125
08:00:58,91282CLD1,TSRYS5850288,D,S,T,2024-08-13,1000000.00,3.782457,102.078125
08:00:58,91282CLD1,TSRYS5850288,D,S,T,2024-08-13,1000000.00,3.782457,102.078125
08:00:59,91282CLD1,TSRYS5850288,D,S,D,2024-08-13,1000000.00,3.781185,102.0859375
08:00:59,91282CLD1,TSRYS5850288,D,B,A,2024-08-13,2000000.00,3.800906,101.96484375
08:01:00,91282CLD1,TSRYS5850288,D,S,A,2024-08-13,5000000.00,3.799121,101.9765625
08:01:00,91282CLD1,TSRYS5850288,D,S,D,2024-08-13,1000000.00,3.787544,102.046875
08:01:01,91282CLD1,TSRYS5850288,D,S,D,2024-08-13,1000000.00,3.783728,102.0703125
08:01:02,91282CLD1,TSRYS5850288,D,S,T,2024-08-13,1000000.00,3.782457,102.078125
08:01:02,91282CLD1,TSRYS5850288,D,S,T,2024-08-13,1000000.00,3.782457,102.078125
08:01:02,91282CLD1,TSRYS5850288,D,S,T,2024-08-13,1000000.00,3.782457,102.078125
08:01:02,91282CLD1,TSRYS5850288,D,S,T,2024-08-13,2000000.00,3.782457,102.078125
08:01:02,91282CLD1,TSRYS5850288,D,S,T,2024-08-13,1000000.00,3.782457,102.078125
08:01:02,91282CLD1,TSRYS5850288,D,S,T,2024-08-13,1000000.00,3.782457,102.078125
08:01:02,91282CLD1,TSRYS5850288,D,S,T,2024-08-13,1000000.00,3.782457,102.078125
08:01:02,91282CLD1,TSRYS5850288,D,S,T,2024-08-13,2000000.00,3.782457,102.078125
08:01:02,91282CLD1,TSRYS5850288,D,S,T,2024-08-13,1000000.00,3.782457,102.078125
08:01:02,91282CLD1,TSRYS5850288,D,S,T,2024-08-13,1000000.00,3.781185,102.0859375
08:01:02,91282CLD1,TSRYS5850288,D,S,T,2024-08-13,1000000.00,3.781185,102.0859375
08:01:02,91282CLD1,TSRYS5850288,D,S,T,2024-08-13,1000000.00,3.779914,102.09375
08:01:02,91282CLD1,TSRYS5850288,D,S,T,2024-08-13,3000000.00,3.798694,101.978415625
08:01:02,91282CLD1,TSRYS5850288,D,S,T,2024-08-13,1000000.00,3.796149,101.994040625
08:01:04,91282CLD1,TSRYS5850288,D,S,D,2024-08-13,1000000.00,3.786272,102.0546875
08:01:04,91282CLD1,TSRYS5850288,D,S,D,2024-08-13,1000000.00,3.786272,102.0546875
08:01:04,91282CLD1,TSRYS5850288,D,B,C,2024-08-13,1000000.00,3.786272,102.0546875
08:01:04,91282CLD1,TSRYS5850288,D,S,D,2024-08-13,1000000.00,3.786272,102.0546875
08:01:04,91282CLD1,TSRYS5850288,D,B,C,2024-08-13,1000000.00,3.786272,102.0546875
08:01:04,91282CLD1,TSRYS5850288,D,B,C,2024-08-13,1000000.00,3.786272,102.0546875
08:01:04,91282CLD1,TSRYS5850288,D,S,D,2024-08-13,2000000.00,3.786272,102.0546875
08:01:04,91282CLD1,TSRYS5850288,D,B,C,2024-08-13,1000000.00,3.78818,102.04296875
08:01:04,91282CLD1,TSRYS5850288,D,B,C,2024-08-13,2000000.00,3.786272,102.0546875
08:01:04,91282CLD1,TSRYS5850288,D,S,D,2024-08-13,1000000.00,3.78818,102.04296875
08:01:04,91282CLD1,TSRYS5850288,D,B,C,2024-08-13,2000000.00,3.78818,102.04296875
08:01:04,91282CLD1,TSRYS5850288,D,S,D,2024-08-13,2000000.00,3.78818,102.04296875
08:01:04,91282CLD1,TSRYS5850288,D,S,D,2024-08-13,1000000.00,3.788498,102.041015625
08:01:04,91282CLD1,TSRYS5850288,D,S,D,2024-08-13,1000000.00,3.788498,102.041015625
08:01:04,91282CLD1,TSRYS5850288,D,B,C,2024-08-13,1000000.00,3.788498,102.041015625
08:01:04,91282CLD1,TSRYS5850288,D,B,C,2024-08-13,1000000.00,3.788498,102.041015625
08:01:04,91282CLD1,TSRYS5850288,D,S,C,2024-08-13,1000000.00,3.799633,101.97265625
08:01:04,91282CLD1,TSRYS5850288,D,S,C,2024-08-13,1000000.00,3.803134,101.951171875
08:01:04,91282CLD1,TSRYS5850288,D,S,C,2024-08-13,1000000.00,3.796451,101.9921875
08:01:04,91282CLD1,TSRYS5850288,D,S,C,2024-08-13,2000000.00,3.794223,102.005859375
08:01:04,91282CLD1,TSRYS5850288,D,S,C,2024-08-13,1000000.00,3.788498,102.041015625
08:01:05,91282CLD1,TSRYS5850288,D,S,D,2024-08-13,1000000.00,3.793269,102.01171875
08:01:05,91282CLD1,TSRYS5850288,D,B,C,2024-08-13,1000000.00,3.793269,102.01171875
08:01:05,91282CLD1,TSRYS5850288,D,S,C,2024-08-13,1000000.00,3.79136,102.0234375
08:01:05,91282CLD1,TSRYS5850288,D,B,C,2024-08-13,1000000.00,3.79136,102.0234375
08:01:05,91282CLD1,TSRYS5850288,D,S,C,2024-08-13,1000000.00,3.79136,102.0234375
08:01:05,91282CLD1,TSRYS5850288,D,B,C,2024-08-13,1000000.00,3.79136,102.0234375
08:01:05,91282CLD1,TSRYS5850288,D,S,D,2024-08-13,1000000.00,3.797087,101.98828125
08:01:05,91282CLD1,TSRYS5850288,D,B,C,2024-08-13,1000000.00,3.797087,101.98828125
08:01:05,91282CLD1,TSRYS5850288,D,S,D,2024-08-13,2000000.00,3.798996,101.9765625
08:01:06,91282CLD1,TSRYS5850288,D,S,C,2024-08-13,1000000.00,3.803771,101.947265625
08:01:06,91282CLD1,TSRYS5850288,D,S,C,2024-08-13,1000000.00,3.802498,101.955078125
08:01:06,91282CLD1,TSRYS5850288,D,S,C,2024-08-13,1000000.00,3.802816,101.953125
08:01:06,91282CLD1,TSRYS5850288,D,S,C,2024-08-13,1000000.00,3.799951,101.970703125
08:01:06,91282CLD1,TSRYS5850288,D,S,C,2024-08-13,1000000.00,3.79836,101.98046875
08:01:06,91282CLD1,TSRYS5850288,D,S,C,2024-08-13,1000000.00,3.797723,101.984375
08:01:06,91282CLD1,TSRYS5850288,D,S,C,2024-08-13,1000000.00,3.798996,101.9765625
08:01:06,91282CLD1,TSRYS5850288,D,S,C,2024-08-13,1000000.00,3.798678,101.978515625
08:01:06,91282CLD1,TSRYS5850288,D,S,C,2024-08-13,2000000.00,3.799951,101.970703125
08:01:06,91282CLD1,TSRYS5850288,D,S,C,2024-08-13,2000000.00,3.800269,101.96875
08:01:06,91282CLD1,TSRYS5850288,D,S,D,2024-08-13,1000000.00,3.798996,101.9765625
08:01:06,91282CLD1,TSRYS5850288,D,S,D,2024-08-13,1000000.00,3.793905,102.0078125
08:01:06,91282CLD1,TSRYS5850288,D,S,C,2024-08-13,1000000.00,3.795496,101.998046875
08:01:06,91282CLD1,TSRYS5850288,D,S,C,2024-08-13,1000000.00,3.795496,101.998046875
08:01:06,91282CLD1,TSRYS5850288,D,S,C,2024-08-13,2000000.00,3.796451,101.9921875
08:01:06,91282CLD1,TSRYS5850288,D,S,C,2024-08-13,1000000.00,3.797405,101.986328125
08:01:06,91282CLD1,TSRYS5850288,D,S,C,2024-08-13,1000000.00,3.797723,101.984375
08:01:06,91282CLD1,TSRYS5850288,D,S,C,2024-08-13,2000000.00,3.800269,101.96875
08:01:06,91282CLD1,TSRYS5850288,D,S,C,2024-08-13,1000000.00,3.800269,101.96875
08:01:06,91282CLD1,TSRYS5850288,D,S,C,2024-08-13,1000000.00,3.800269,101.96875
08:01:06,91282CLD1,TSRYS5850288,D,S,C,2024-08-13,1000000.00,3.801224,101.962890625
08:01:07,91282CLD1,TSRYS5850288,D,S,C,2024-08-13,1000000.00,3.801224,101.962890625
08:01:07,91282CLD1,TSRYS5850288,D,S,C,2024-08-13,1000000.00,3.801224,101.962890625
08:01:07,91282CLD1,TSRYS5850288,D,S,C,2024-08-13,1000000.00,3.801224,101.962890625
08:01:07,91282CLD1,TSRYS5850288,D,S,D,2024-08-13,1000000.00,3.800269,101.96875
08:01:07,91282CLD1,TSRYS5850288,D,S,D,2024-08-13,1000000.00,3.799951,101.970703125
08:01:07,91282CLD1,TSRYS5850288,D,B,C,2024-08-13,1000000.00,3.799951,101.970703125
08:01:07,91282CLD1,TSRYS5850288,D,S,D,2024-08-13,1000000.00,3.800269,101.96875
08:01:07,91282CLD1,TSRYS5850288,D,S,D,2024-08-13,1000000.00,3.804726,101.94140625
08:01:07,91282CLD1,TSRYS5850288,D,S,D,2024-08-13,2000000.00,3.805363,101.9375
08:01:07,91282CLD1,TSRYS5850288,D,B,C,2024-08-13,2000000.00,3.805363,101.9375
08:01:07,91282CLD1,TSRYS5850288,D,S,C,2024-08-13,1000000.00,3.808866,101.916015625
08:01:07,91282CLD1,TSRYS5850288,D,S,C,2024-08-13,1000000.00,3.806636,101.9296875
08:01:07,91282CLD1,TSRYS5850288,D,S,D,2024-08-13,1000000.00,3.807273,101.92578125
08:01:07,91282CLD1,TSRYS5850288,D,B,C,2024-08-13,1000000.00,3.807273,101.92578125
08:01:07,91282CLD1,TSRYS5850288,D,S,D,2024-08-13,1000000.00,3.807273,101.92578125
08:01:07,91282CLD1,TSRYS5850288,D,S,D,2024-08-13,1000000.00,3.809821,101.91015625
08:01:07,91282CLD1,TSRYS5850288,D,S,D,2024-08-13,1000000.00,3.807273,101.92578125
08:01:07,91282CLD1,TSRYS5850288,D,B,C,2024-08-13,1000000.00,3.809184,101.9140625
08:01:07,91282CLD1,TSRYS5850288,D,S,D,2024-08-13,1000000.00,3.809184,101.9140625
08:01:07,91282CLD1,TSRYS5850288,D,S,D,2024-08-13,1000000.00,3.809184,101.9140625
08:01:07,91282CLD1,TSRYS5850288,D,B,C,2024-08-13,1000000.00,3.809184,101.9140625
08:01:07,91282CLD1,TSRYS5850288,D,S,D,2024-08-13,2000000.00,3.809184,101.9140625
08:01:07,91282CLD1,TSRYS5850288,D,B,C,2024-08-13,2000000.00,3.809184,101.9140625
08:01:07,91282CLD1,TSRYS5850288,D,B,C,2024-08-13,1000000.00,3.809821,101.91015625
08:01:07,91282CLD1,TSRYS5850288,D,S,D,2024-08-13,1000000.00,3.809821,101.91015625
08:01:07,91282CLD1,TSRYS5850288,D,B,C,2024-08-13,1000000.00,3.809821,101.91015625
08:01:07,91282CLD1,TSRYS5850288,D,S,D,2024-08-13,1000000.00,3.809821,101.91015625
08:01:07,91282CLD1,TSRYS5850288,D,S,C,2024-08-13,1000000.00,3.802816,101.953125
08:01:08,91282CLD1,TSRYS5850288,D,S,C,2024-08-13,1000000.00,3.809184,101.9140625
08:01:08,91282CLD1,TSRYS5850288,D,S,D,2024-08-13,1000000.00,3.808229,101.919921875
08:01:08,91282CLD1,TSRYS5850288,D,S,D,2024-08-13,1000000.00,3.80791,101.921875
08:01:08,91282CLD1,TSRYS5850288,D,S,D,2024-08-13,1000000.00,3.807273,101.92578125
08:01:08,91282CLD1,TSRYS5850288,D,S,D,2024-08-13,1000000.00,3.804726,101.94140625
08:01:08,91282CLD1,TSRYS5850288,D,S,D,2024-08-13,1000000.00,3.802498,101.955078125
08:01:08,91282CLD1,TSRYS5850288,D,B,C,2024-08-13,1000000.00,3.802498,101.955078125
08:01:08,91282CLD1,TSRYS5850288,D,S,D,2024-08-13,1000000.00,3.802498,101.955078125
08:01:08,91282CLD1,TSRYS5850288,D,B,C,2024-08-13,1000000.00,3.802498,101.955078125
08:01:08,91282CLD1,TSRYS5850288,D,B,C,2024-08-13,1000000.00,3.802179,101.95703125
08:01:08,91282CLD1,TSRYS5850288,D,S,D,2024-08-13,1000000.00,3.802179,101.95703125
08:01:08,91282CLD1,TSRYS5850288,D,S,T,2024-08-13,1000000.00,3.77483,102.125
08:01:08,91282CLD1,TSRYS5850288,D,B,C,2024-08-13,1000000.00,3.801543,101.9609375
08:01:08,91282CLD1,TSRYS5850288,D,S,D,2024-08-13,1000000.00,3.801543,101.9609375
08:01:08,91282CLD1,TSRYS5850288,D,S,D,2024-08-13,1000000.00,3.801543,101.9609375
08:01:08,91282CLD1,TSRYS5850288,D,B,C,2024-08-13,1000000.00,3.801543,101.9609375
08:01:08,91282CLD1,TSRYS5850288,D,S,D,2024-08-13,1000000.00,3.800269,101.96875
08:01:08,91282CLD1,TSRYS5850288,D,S,D,2024-08-13,1000000.00,3.800269,101.96875
08:01:08,91282CLD1,TSRYS5850288,D,S,D,2024-08-13,3000000.00,3.800269,101.96875
08:01:08,91282CLD1,TSRYS5850288,D,S,D,2024-08-13,1000000.00,3.800269,101.96875
08:01:08,91282CLD1,TSRYS5850288,D,S,D,2024-08-13,2000000.00,3.800269,101.96875
08:01:08,91282CLD1,TSRYS5850288,D,S,D,2024-08-13,1000000.00,3.800906,101.96484375
08:01:08,91282CLD1,TSRYS5850288,D,S,D,2024-08-13,2000000.00,3.797723,101.984375
08:01:08,91282CLD1,TSRYS5850288,D,S,D,2024-08-13,1000000.00,3.796451,101.9921875
08:01:08,91282CLD1,TSRYS5850288,D,S,D,2024-08-13,1000000.00,3.804408,101.943359375
08:01:08,91282CLD1,TSRYS5850288,D,S,D,2024-08-13,1000000.00,3.792633,102.015625
08:01:08,91282CLD1,TSRYS5850288,D,S,D,2024-08-13,1000000.00,3.792633,102.015625
08:01:08,91282CLD1,TSRYS5850288,D,B,C,2024-08-13,1000000.00,3.804408,101.943359375
08:01:08,91282CLD1,TSRYS5850288,D,S,D,2024-08-13,1000000.00,3.792951,102.013671875
08:01:08,91282CLD1,TSRYS5850288,D,S,D,2024-08-13,1000000.00,3.785,102.0625
08:01:09,91282CLD1,TSRYS5850288,D,S,D,2024-08-13,1000000.00,3.790088,102.03125
08:01:09,91282CLD1,TSRYS5850288,D,S,D,2024-08-13,1000000.00,3.785,102.0625
08:01:09,91282CLD1,TSRYS5850288,D,S,D,2024-08-13,1000000.00,3.785954,102.056640625
08:01:09,91282CLD1,TSRYS5850288,D,B,C,2024-08-13,1000000.00,3.785954,102.056640625
08:01:09,91282CLD1,TSRYS5850288,D,S,D,2024-08-13,1000000.00,3.786272,102.0546875
08:01:09,91282CLD1,TSRYS5850288,D,B,C,2024-08-13,1000000.00,3.786272,102.0546875
08:01:09,91282CLD1,TSRYS5850288,D,S,C,2024-08-13,1000000.00,3.783728,102.0703125
08:01:09,91282CLD1,TSRYS5850288,D,S,C,2024-08-13,1000000.00,3.783728,102.0703125
08:01:09,91282CLD1,TSRYS5850288,D,S,D,2024-08-13,1000000.00,3.785954,102.056640625
08:01:09,91282CLD1,TSRYS5850288,D,B,C,2024-08-13,1000000.00,3.785954,102.056640625
08:01:09,91282CLD1,TSRYS5850288,D,S,D,2024-08-13,1000000.00,3.785954,102.056640625
08:01:09,91282CLD1,TSRYS5850288,D,B,C,2024-08-13,1000000.00,3.785954,102.056640625
08:01:09,91282CLD1,TSRYS5850288,D,S,C,2024-08-13,1000000.00,3.785,102.0625
08:01:09,91282CLD1,TSRYS5850288,D,S,C,2024-08-13,1000000.00,3.785,102.0625
08:01:09,91282CLD1,TSRYS5850288,D,S,C,2024-08-13,1000000.00,3.784682,102.064453125
08:01:09,91282CLD1,TSRYS5850288,D,S,C,2024-08-13,1000000.00,3.784364,102.06640625
08:01:09,91282CLD1,TSRYS5850288,D,S,C,2024-08-13,1000000.00,3.783728,102.0703125
08:01:09,91282CLD1,TSRYS5850288,D,S,C,2024-08-13,1000000.00,3.783728,102.0703125
08:01:09,91282CLD1,TSRYS5850288,D,S,C,2024-08-13,1000000.00,3.783728,102.0703125
08:01:09,91282CLD1,TSRYS5850288,D,S,C,2024-08-13,1000000.00,3.783728,102.0703125
08:01:09,91282CLD1,TSRYS5850288,D,S,C,2024-08-13,1000000.00,3.784046,102.068359375
08:01:09,91282CLD1,TSRYS5850288,D,S,T,2024-08-13,1000000.00,3.783728,102.0703125
08:01:10,91282CLD1,TSRYS5850288,D,S,D,2024-08-13,1000000.00,3.796451,101.9921875
08:01:11,91282CLD1,TSRYS5850288,D,S,T,2024-08-13,1000000.00,3.796467,101.9920875
08:01:11,91282CLD1,TSRYS5850288,D,S,D,2024-08-13,1000000.00,3.779914,102.09375
08:01:11,91282CLD1,TSRYS5850288,D,S,T,2024-08-13,1000000.00,3.796487,101.9919625
08:01:12,91282CLD1,TSRYS5850288,D,B,C,2024-08-13,4000000.00,3.79663,101.9910875
08:01:12,91282CLD1,TSRYS5850288,D,S,C,2024-08-13,750000.00,3.789909,102.03235
08:01:12,91282CLD1,TSRYS5850288,D,S,C,2024-08-13,250000.00,3.789909,102.03235
08:01:12,91282CLD1,TSRYS5850288,D,S,C,2024-08-13,8250000.00,3.789909,102.03235
08:01:12,91282CLD1,TSRYS5850288,D,S,C,2024-08-13,2750000.00,3.789909,102.03235
08:01:12,91282CLD1,TSRYS5850288,D,S,C,2024-08-13,4500000.00,3.783549,102.0714125
08:01:12,91282CLD1,TSRYS5850288,D,S,C,2024-08-13,1500000.00,3.783549,102.0714125
08:01:12,91282CLD1,TSRYS5850288,D,S,D,2024-08-13,1000000.00,3.789452,102.03515625
08:01:12,91282CLD1,TSRYS5850288,D,S,D,2024-08-13,1000000.00,3.7798,102.09445
08:01:12,91282CLD1,TSRYS5850288,D,S,C,2024-08-13,1000000.00,3.78818,102.04296875
08:01:12,91282CLD1,TSRYS5850288,D,S,C,2024-08-13,1000000.00,3.78818,102.04296875
08:01:12,91282CLD1,TSRYS5850288,D,S,C,2024-08-13,1000000.00,3.78818,102.04296875
08:01:12,91282CLD1,TSRYS5850288,D,S,C,2024-08-13,2000000.00,3.786908,102.05078125
08:01:12,91282CLD1,TSRYS5850288,D,S,C,2024-08-13,1000000.00,3.78818,102.04296875
08:01:12,91282CLD1,TSRYS5850288,D,S,C,2024-08-13,1000000.00,3.787862,102.044921875
08:01:12,91282CLD1,TSRYS5850288,D,S,C,2024-08-13,1000000.00,3.787544,102.046875
08:01:12,91282CLD1,TSRYS5850288,D,S,C,2024-08-13,1000000.00,3.787544,102.046875
08:01:12,91282CLD1,TSRYS5850288,D,S,D,2024-08-13,1000000.00,3.787544,102.046875
08:01:12,91282CLD1,TSRYS5850288,D,S,C,2024-08-13,1000000.00,3.787544,102.046875
08:01:13,91282CLD1,TSRYS5850288,D,S,C,2024-08-13,1000000.00,3.785,102.0625
08:01:13,91282CLD1,TSRYS5850288,D,S,C,2024-08-13,1000000.00,3.785,102.0625
08:01:13,91282CLD1,TSRYS5850288,D,S,D,2024-08-13,1000000.00,3.783728,102.0703125
08:01:13,91282CLD1,TSRYS5850288,D,S,D,2024-08-13,1000000.00,3.783411,102.072265625
08:01:13,91282CLD1,TSRYS5850288,D,S,C,2024-08-13,1000000.00,3.781185,102.0859375
08:01:13,91282CLD1,TSRYS5850288,D,S,C,2024-08-13,1000000.00,3.779914,102.09375
08:01:13,91282CLD1,TSRYS5850288,D,S,C,2024-08-13,1000000.00,3.780232,102.091796875
08:01:13,91282CLD1,TSRYS5850288,D,S,C,2024-08-13,1000000.00,3.78055,102.08984375
08:01:13,91282CLD1,TSRYS5850288,D,S,C,2024-08-13,1000000.00,3.78055,102.08984375
08:01:14,91282CLD1,TSRYS5850288,D,S,C,2024-08-13,2000000.00,3.778961,102.099609375
08:01:14,91282CLD1,TSRYS5850288,D,S,C,2024-08-13,1000000.00,3.778961,102.099609375
08:01:14,91282CLD1,TSRYS5850288,D,S,C,2024-08-13,2000000.00,3.779278,102.09765625
08:01:14,91282CLD1,TSRYS5850288,D,S,C,2024-08-13,1000000.00,3.777372,102.109375
08:01:14,91282CLD1,TSRYS5850288,D,S,D,2024-08-13,1000000.00,3.777054,102.111328125
08:01:14,91282CLD1,TSRYS5850288,D,S,C,2024-08-13,1000000.00,3.776736,102.11328125
08:01:14,91282CLD1,TSRYS5850288,D,S,C,2024-08-13,2000000.00,3.777689,102.107421875
08:01:14,91282CLD1,TSRYS5850288,D,S,C,2024-08-13,1000000.00,3.777689,102.107421875
08:01:14,91282CLD1,TSRYS5850288,D,S,D,2024-08-13,2000000.00,3.779914,102.09375
08:01:14,91282CLD1,TSRYS5850288,D,S,C,2024-08-13,1000000.00,3.781185,102.0859375
08:01:14,91282CLD1,TSRYS5850288,D,S,C,2024-08-13,1000000.00,3.782139,102.080078125
08:01:14,91282CLD1,TSRYS5850288,D,S,C,2024-08-13,2000000.00,3.782139,102.080078125
08:01:14,91282CLD1,TSRYS5850288,D,S,C,2024-08-13,2000000.00,3.782457,102.078125
08:01:14,91282CLD1,TSRYS5850288,D,S,C,2024-08-13,2000000.00,3.782457,102.078125
08:01:14,91282CLD1,TSRYS5850288,D,S,C,2024-08-13,1000000.00,3.782139,102.080078125
08:01:14,91282CLD1,TSRYS5850288,D,S,C,2024-08-13,2000000.00,3.782775,102.076171875
08:01:14,91282CLD1,TSRYS5850288,D,S,C,2024-08-13,2000000.00,3.782775,102.076171875
08:01:15,91282CLD1,TSRYS5850288,D,S,C,2024-08-13,1000000.00,3.782775,102.076171875
08:01:15,91282CLD1,TSRYS5850288,D,S,C,2024-08-13,2000000.00,3.782775,102.076171875
08:01:15,91282CLD1,TSRYS5850288,D,S,C,2024-08-13,2000000.00,3.782139,102.080078125
08:01:15,91282CLD1,TSRYS5850288,D,S,C,2024-08-13,1000000.00,3.782775,102.076171875
08:01:15,91282CLD1,TSRYS5850288,D,S,C,2024-08-13,1000000.00,3.782775,102.076171875
08:01:15,91282CLD1,TSRYS5850288,D,S,C,2024-08-13,1000000.00,3.781185,102.0859375
08:01:15,91282CLD1,TSRYS5850288,D,S,C,2024-08-13,1000000.00,3.781185,102.0859375
08:01:15,91282CLD1,TSRYS5850288,D,S,C,2024-08-13,1000000.00,3.781185,102.0859375
08:01:15,91282CLD1,TSRYS5850288,D,S,C,2024-08-13,1000000.00,3.781185,102.0859375
08:01:15,91282CLD1,TSRYS5850288,D,S,C,2024-08-13,1000000.00,3.781185,102.0859375
08:01:15,91282CLD1,TSRYS5850288,D,S,D,2024-08-13,1000000.00,3.777689,102.107421875
08:01:15,91282CLD1,TSRYS5850288,D,S,D,2024-08-13,1000000.00,3.777689,102.107421875
08:01:15,91282CLD1,TSRYS5850288,D,B,A,2024-08-13,4000000.00,3.799633,101.97265625
08:01:16,91282CLD1,TSRYS5850288,D,S,D,2024-08-13,1000000.00,3.775783,102.119140625
08:01:16,91282CLD1,TSRYS5850288,D,S,D,2024-08-13,1000000.00,3.775465,102.12109375
08:01:16,91282CLD1,TSRYS5850288,D,S,C,2024-08-13,1000000.00,3.777372,102.109375
08:01:16,91282CLD1,TSRYS5850288,D,S,D,2024-08-13,1000000.00,3.777054,102.111328125
08:01:16,91282CLD1,TSRYS5850288,D,S,C,2024-08-13,1000000.00,3.776101,102.1171875
08:01:16,91282CLD1,TSRYS5850288,D,B,A,2024-08-13,400000.00,3.783158,102.07381875
08:01:16,91282CLD1,TSRYS5850288,D,S,D,2024-08-13,2000000.00,3.774512,102.126953125
08:01:16,91282CLD1,TSRYS5850288,D,S,D,2024-08-13,1000000.00,3.77483,102.125
08:01:16,91282CLD1,TSRYS5850288,D,B,C,2024-08-13,2000000.00,3.774512,102.126953125
08:01:17,91282CLD1,TSRYS5850288,D,S,D,2024-08-13,1000000.00,3.77483,102.125
08:01:17,91282CLD1,TSRYS5850288,D,S,T,2024-08-13,1000000.00,3.775465,102.12109375
08:01:17,91282CLD1,TSRYS5850288,D,S,C,2024-08-13,1000000.00,3.796451,101.9921875
08:01:17,91282CLD1,TSRYS5850288,D,S,C,2024-08-13,1000000.00,3.795178,102.0
08:01:17,91282CLD1,TSRYS5850288,D,S,D,2024-08-13,1000000.00,3.799633,101.97265625
08:01:18,91282CLD1,TSRYS5850288,D,S,T,2024-08-13,1000000.00,3.79136,102.0234375
08:01:20,91282CLD1,TSRYS5850288,D,S,T,2024-08-13,1000000.00,3.796451,101.9921875
08:01:20,91282CLD1,TSRYS5850288,D,S,A,2024-08-13,260000.00,3.811095,101.90234375
08:01:21,91282CLD1,TSRYS5850288,D,S,D,2024-08-13,1000000.00,3.77483,102.125
08:01:22,91282CLD1,TSRYS5850288,D,S,T,2024-08-13,1000000.00,3.79836,101.98046875
08:01:23,91282CLD1,TSRYS5850288,D,S,T,2024-08-13,1000000.00,3.803771,101.94726562
08:01:23,91282CLD1,TSRYS5850288,D,S,T,2024-08-13,1000000.00,3.804089,101.9453125
08:01:23,91282CLD1,TSRYS5850288,D,S,T,2024-08-13,1000000.00,3.803771,101.94726562
08:01:24,91282CLD1,TSRYS5850288,D,S,C,2024-08-13,1000000.00,3.799951,101.97070312
08:01:24,91282CLD1,TSRYS5850288,D,S,C,2024-08-13,1000000.00,3.799951,101.97070312
08:01:24,91282CLD1,TSRYS5850288,D,S,T,2024-08-13,1000000.00,3.804726,101.94140625
08:01:24,91282CLD1,TSRYS5850288,D,S,D,2024-08-13,1000000.00,3.804726,101.94140625
08:01:24,91282CLD1,TSRYS5850288,D,S,T,2024-08-13,1000000.00,3.806,101.93359375
08:01:24,91282CLD1,TSRYS5850288,D,S,T,2024-08-13,1000000.00,3.806,101.93359375
08:01:24,91282CLD1,TSRYS5850288,D,S,T,2024-08-13,1000000.00,3.806,101.93359375
08:01:24,91282CLD1,TSRYS5850288,D,S,T,2024-08-13,1000000.00,3.805387,101.93735
08:01:24,91282CLD1,TSRYS5850288,D,S,T,2024-08-13,1000000.00,3.806,101.93359375
08:01:24,91282CLD1,TSRYS5850288,D,S,D,2024-08-13,1000000.00,3.807273,101.92578125
08:01:24,91282CLD1,TSRYS5850288,D,S,D,2024-08-13,24000000.00,3.804567,101.94238
08:01:24,91282CLD1,TSRYS5850288,D,S,D,2024-08-13,1000000.00,3.804726,101.94140625
08:01:24,91282CLD1,TSRYS5850288,D,S,D,2024-08-13,1000000.00,3.804726,101.94140625
08:01:24,91282CLD1,TSRYS5850288,D,S,T,2024-08-13,1000000.00,3.809184,101.9140625
08:01:24,91282CLD1,TSRYS5850288,D,S,T,2024-08-13,1000000.00,3.808866,101.91601562
08:01:26,91282CLD1,TSRYS5850288,D,S,D,2024-08-13,1000000.00,3.802498,101.95507812
08:01:26,91282CLD1,TSRYS5850288,D,S,D,2024-08-13,2000000.00,3.802498,101.95507812
08:01:26,91282CLD1,TSRYS5850288,D,S,D,2024-08-13,1000000.00,3.777372,102.109375
08:01:26,91282CLD1,TSRYS5850288,D,B,C,2024-08-13,23000000.00,3.802942,101.95235
08:01:26,91282CLD1,TSRYS5850288,D,S,D,2024-08-13,80000000.00,3.807572,101.92395
08:01:27,91282CLD1,TSRYS5850288,D,B,A,2024-08-13,1000000.00,3.778643,102.1015625
08:01:27,91282CLD1,TSRYS5850288,D,S,C,2024-08-13,1000000.00,3.79136,102.0234375
08:01:28,91282CLD1,TSRYS5850288,D,S,C,2024-08-13,1000000.00,3.799951,101.97070312
08:01:28,91282CLD1,TSRYS5850288,D,S,T,2024-08-13,1000000.00,3.802498,101.95507812
08:01:32,91282CLD1,TSRYS5850288,D,S,D,2024-08-13,2000000.00,3.782457,102.078125
08:01:32,91282CLD1,TSRYS5850288,D,S,C,2024-08-13,1000000.00,3.799951,101.97070312
08:01:33,91282CLD1,TSRYS5850288,D,S,T,2024-08-13,1000000.00,3.802498,101.95507812
08:01:33,91282CLD1,TSRYS5850288,D,S,D,2024-08-13,1000000.00,3.802498,101.95507812
08:01:33,91282CLD1,TSRYS5850288,D,S,T,2024-08-13,1000000.00,3.802498,101.95507812
08:01:35,91282CLD1,TSRYS5850288,D,S,D,2024-08-13,1000000.00,3.807273,101.92578125
08:01:35,91282CLD1,TSRYS5850288,D,S,C,2024-08-13,1000000.00,3.806955,101.92773437
08:01:36,91282CLD1,TSRYS5850288,D,S,C,2024-08-13,1000000.00,3.799951,101.97070312
08:01:36,91282CLD1,TSRYS5850288,D,S,C,2024-08-13,1000000.00,3.799951,101.97070312
08:01:36,91282CLD1,TSRYS5850288,D,S,C,2024-08-13,1000000.00,3.797723,101.984375
08:01:36,91282CLD1,TSRYS5850288,D,S,D,2024-08-13,1000000.00,3.804726,101.94140625
08:01:36,91282CLD1,TSRYS5850288,D,S,D,2024-08-13,1000000.00,3.802498,101.95507812
08:01:37,91282CLD1,TSRYS5850288,D,S,C,2024-08-13,1000000.00,3.802498,101.95507812
08:01:37,91282CLD1,TSRYS5850288,D,S,C,2024-08-13,1000000.00,3.802498,101.95507812
08:01:37,91282CLD1,TSRYS5850288,D,S,D,2024-08-13,1000000.00,3.802498,101.95507812
08:01:37,91282CLD1,TSRYS5850288,D,S,D,2024-08-13,1000000.00,3.802498,101.95507812
08:01:37,91282CLD1,TSRYS5850288,D,S,D,2024-08-13,1000000.00,3.804726,101.94140625
08:01:37,91282CLD1,TSRYS5850288,D,S,D,2024-08-13,1000000.00,3.802498,101.95507812
08:01:37,91282CLD1,TSRYS5850288,D,S,T,2024-08-13,1000000.00,3.801543,101.9609375
08:01:38,91282CLD1,TSRYS5850288,D,S,T,2024-08-13,2000000.00,3.799951,101.97070312
08:01:38,91282CLD1,TSRYS5850288,D,S,T,2024-08-13,1000000.00,3.799951,101.97070312
08:01:38,91282CLD1,TSRYS5850288,D,S,T,2024-08-13,1000000.00,3.799951,101.97070312
08:01:38,91282CLD1,TSRYS5850288,D,B,C,2024-08-13,4000000.00,3.800069,101.96998
08:01:38,91282CLD1,TSRYS5850288,D,S,D,2024-08-13,580000.00,3.782457,102.078125
08:01:39,91282CLD1,TSRYS5850288,D,S,T,2024-08-13,1000000.00,3.775465,102.12109375
08:01:39,91282CLD1,TSRYS5850288,D,S,D,2024-08-13,1000000.00,3.802498,101.955078125
08:01:39,91282CLD1,TSRYS5850288,D,S,D,2024-08-13,1000000.00,3.802498,101.955078125
08:01:40,91282CLD1,TSRYS5850288,D,S,T,2024-08-13,1000000.00,3.783427,102.072165625
08:01:40,91282CLD1,TSRYS5850288,D,S,T,2024-08-13,1000000.00,3.783745,102.0702125
08:01:41,91282CLD1,TSRYS5850288,D,S,T,2024-08-13,2000000.00,3.783745,102.0702125
08:01:41,91282CLD1,TSRYS5850288,D,S,T,2024-08-13,1000000.00,3.783745,102.0702125
08:01:41,91282CLD1,TSRYS5850288,D,B,A,2024-08-13,5000000.00,3.783728,102.0703125
08:01:41,91282CLD1,TSRYS5850288,D,S,D,2024-08-13,15000.00,3.779914,102.09375
08:01:42,91282CLD1,TSRYS5850288,D,S,D,2024-08-13,1000000.00,3.802498,101.95507812
08:01:43,91282CLD1,TSRYS5850288,D,S,D,2024-08-13,1000000.00,3.799951,101.97070312
08:01:43,91282CLD1,TSRYS5850288,D,S,T,2024-08-13,1000000.00,3.799951,101.97070312
08:01:43,91282CLD1,TSRYS5850288,D,S,C,2024-08-13,1000000.00,3.799951,101.97070312
08:01:43,91282CLD1,TSRYS5850288,D,S,T,2024-08-13,1000000.00,3.799951,101.97070312
08:01:43,91282CLD1,TSRYS5850288,D,S,T,2024-08-13,1000000.00,3.799951,101.97070312
08:01:43,91282CLD1,TSRYS5850288,D,S,T,2024-08-13,1000000.00,3.799951,101.97070312
08:01:43,91282CLD1,TSRYS5850288,D,S,D,2024-08-13,1000000.00,3.799951,101.97070312
08:01:44,91282CLD1,TSRYS5850288,D,S,D,2024-08-13,1000000.00,3.796451,101.9921875
08:01:44,91282CLD1,TSRYS5850288,D,B,C,2024-08-13,1000000.00,3.796451,101.9921875
08:01:44,91282CLD1,TSRYS5850288,D,S,C,2024-08-13,3000000.00,3.800906,101.96484375
08:01:44,91282CLD1,TSRYS5850288,D,S,C,2024-08-13,2000000.00,3.800906,101.96484375
08:01:44,91282CLD1,TSRYS5850288,D,S,C,2024-08-13,1000000.00,3.797723,101.984375
08:01:44,91282CLD1,TSRYS5850288,D,B,C,2024-08-13,1000000.00,3.797723,101.984175
08:01:44,91282CLD1,TSRYS5850288,D,S,D,2024-08-13,1000000.00,3.800269,101.96875
08:01:44,91282CLD1,TSRYS5850288,D,S,D,2024-08-13,2000000.00,3.800269,101.96875
08:01:44,91282CLD1,TSRYS5850288,D,S,C,2024-08-13,3000000.00,3.800906,101.96484375
08:01:44,91282CLD1,TSRYS5850288,D,S,C,2024-08-13,2000000.00,3.800906,101.96484375
08:01:44,91282CLD1,TSRYS5850288,D,S,T,2024-08-13,1000000.00,3.801861,101.95898437
08:01:44,91282CLD1,TSRYS5850288,D,S,T,2024-08-13,2000000.00,3.801861,101.95898437
08:01:44,91282CLD1,TSRYS5850288,D,S,T,2024-08-13,2000000.00,3.802179,101.95703125
08:01:44,91282CLD1,TSRYS5850288,D,S,T,2024-08-13,1000000.00,3.802179,101.95703125
08:01:44,91282CLD1,TSRYS5850288,D,S,T,2024-08-13,1000000.00,3.802179,101.95703125
08:01:44,91282CLD1,TSRYS5850288,D,S,D,2024-08-13,1000000.00,3.802179,101.95703125
08:01:44,91282CLD1,TSRYS5850288,D,S,T,2024-08-13,1000000.00,3.802179,101.95703125
08:01:44,91282CLD1,TSRYS5850288,D,S,D,2024-08-13,1000000.00,3.802498,101.95507812
08:01:44,91282CLD1,TSRYS5850288,D,S,T,2024-08-13,1000000.00,3.802498,101.95507812
08:01:44,91282CLD1,TSRYS5850288,D,S,C,2024-08-13,1000000.00,3.802498,101.95507812
08:01:44,91282CLD1,TSRYS5850288,D,S,T,2024-08-13,1000000.00,3.802498,101.95507812
08:01:44,91282CLD1,TSRYS5850288,D,S,T,2024-08-13,1000000.00,3.802498,101.95507812
08:01:44,91282CLD1,TSRYS5850288,D,S,T,2024-08-13,1000000.00,3.802498,101.95507812
08:01:44,91282CLD1,TSRYS5850288,D,S,T,2024-08-13,1000000.00,3.802498,101.95507812
08:01:44,91282CLD1,TSRYS5850288,D,S,T,2024-08-13,1000000.00,3.802498,101.95507812
08:01:44,91282CLD1,TSRYS5850288,D,S,T,2024-08-13,1000000.00,3.802498,101.95507812
08:01:44,91282CLD1,TSRYS5850288,D,S,T,2024-08-13,1000000.00,3.802498,101.95507812
08:01:44,91282CLD1,TSRYS5850288,D,S,T,2024-08-13,1000000.00,3.802498,101.95507812
08:01:44,91282CLD1,TSRYS5850288,D,S,T,2024-08-13,1000000.00,3.802498,101.95507812
08:01:44,91282CLD1,TSRYS5850288,D,S,T,2024-08-13,1000000.00,3.802498,101.95507812
08:01:44,91282CLD1,TSRYS5850288,D,S,T,2024-08-13,1000000.00,3.802498,101.95507812
08:01:44,91282CLD1,TSRYS5850288,D,S,T,2024-08-13,1000000.00,3.802498,101.95507812
08:01:45,91282CLD1,TSRYS5850288,D,S,T,2024-08-13,1000000.00,3.802498,101.95507812
08:01:45,91282CLD1,TSRYS5850288,D,S,T,2024-08-13,1000000.00,3.802498,101.95507812
08:01:45,91282CLD1,TSRYS5850288,D,S,D,2024-08-13,1000000.00,3.802498,101.95507812
08:01:45,91282CLD1,TSRYS5850288,D,S,D,2024-08-13,1000000.00,3.802498,101.95507812
08:01:45,91282CLD1,TSRYS5850288,D,S,T,2024-08-13,1000000.00,3.802498,101.95507812
08:01:45,91282CLD1,TSRYS5850288,D,S,D,2024-08-13,1000000.00,3.802498,101.95507812
08:01:45,91282CLD1,TSRYS5850288,D,S,D,2024-08-13,1000000.00,3.802498,101.95507812
08:01:45,91282CLD1,TSRYS5850288,D,S,T,2024-08-13,1000000.00,3.802498,101.95507812
08:01:45,91282CLD1,TSRYS5850288,D,S,T,2024-08-13,1000000.00,3.797723,101.984375
08:01:45,91282CLD1,TSRYS5850288,D,S,D,2024-08-13,1000000.00,3.802498,101.95507812
08:01:45,91282CLD1,TSRYS5850288,D,S,T,2024-08-13,1000000.00,3.802179,101.95703125
08:01:46,91282CLD1,TSRYS5850288,D,S,C,2024-08-13,1000000.00,3.802498,101.95507812
08:01:47,91282CLD1,TSRYS5850288,D,S,D,2024-08-13,1000000.00,3.804726,101.94140625
08:01:47,91282CLD1,TSRYS5850288,D,S,C,2024-08-13,1000000.00,3.804726,101.94140625
08:01:47,91282CLD1,TSRYS5850288,D,S,D,2024-08-13,1000000.00,3.809821,101.91015625
08:01:48,91282CLD1,TSRYS5850288,D,S,D,2024-08-13,1000000.00,3.807273,101.92578125
08:01:48,91282CLD1,TSRYS5850288,D,S,D,2024-08-13,2000000.00,3.807273,101.92578125
08:01:48,91282CLD1,TSRYS5850288,D,S,D,2024-08-13,1000000.00,3.807273,101.92578125
08:01:48,91282CLD1,TSRYS5850288,D,S,C,2024-08-13,1000000.00,3.809821,101.91015625
08:01:48,91282CLD1,TSRYS5850288,D,S,T,2024-08-13,1000000.00,3.800269,101.96875
08:01:48,91282CLD1,TSRYS5850288,D,S,T,2024-08-13,1000000.00,3.801543,101.9609375
08:01:48,91282CLD1,TSRYS5850288,D,S,D,2024-08-13,1000000.00,3.806636,101.9296875
08:01:48,91282CLD1,TSRYS5850288,D,S,C,2024-08-13,1000000.00,3.806636,101.9296875
08:01:48,91282CLD1,TSRYS5850288,D,S,T,2024-08-13,1000000.00,3.806669,101.9294875
08:01:49,91282CLD1,TSRYS5850288,D,S,C,2024-08-13,3000000.00,3.802179,101.95703125
08:01:49,91282CLD1,TSRYS5850288,D,S,C,2024-08-13,3000000.00,3.802179,101.95703125
08:01:49,91282CLD1,TSRYS5850288,D,S,C,2024-08-13,3000000.00,3.802179,101.95703125
08:01:49,91282CLD1,TSRYS5850288,D,S,C,2024-08-13,3000000.00,3.802179,101.95703125
08:01:49,91282CLD1,TSRYS5850288,D,S,C,2024-08-13,1000000.00,3.802179,101.95703125
08:01:49,91282CLD1,TSRYS5850288,D,S,D,2024-08-13,1000000.00,3.802498,101.95507812
08:01:49,91282CLD1,TSRYS5850288,D,B,A,2024-08-13,5000000.00,3.797474,101.984375
08:01:49,91282CLD1,TSRYS5850288,D,B,A,2024-08-13,5000000.00,3.800021,101.96875
08:01:50,91282CLD1,TSRYS5850288,D,S,T,2024-08-13,1000000.00,3.801543,101.9609375
08:01:50,91282CLD1,TSRYS5850288,D,B,C,2024-08-13,3000000.00,3.808229,101.91992187
08:01:50,91282CLD1,TSRYS5850288,D,S,D,2024-08-13,1000000.00,3.809503,101.91210937
08:01:50,91282CLD1,TSRYS5850288,D,S,T,2024-08-13,1000000.00,3.809503,101.91210937
08:01:50,91282CLD1,TSRYS5850288,D,S,D,2024-08-13,1000000.00,3.809821,101.91015625
08:01:50,91282CLD1,TSRYS5850288,D,S,T,2024-08-13,1000000.00,3.809503,101.91210937
08:01:50,91282CLD1,TSRYS5850288,D,S,T,2024-08-13,2000000.00,3.809821,101.91015625
08:01:50,91282CLD1,TSRYS5850288,D,S,T,2024-08-13,1000000.00,3.809503,101.91210937
08:01:50,91282CLD1,TSRYS5850288,D,S,T,2024-08-13,1000000.00,3.801543,101.9609375
08:01:50,91282CLD1,TSRYS5850288,D,S,T,2024-08-13,1000000.00,3.809821,101.91015625
08:01:50,91282CLD1,TSRYS5850288,D,S,T,2024-08-13,1000000.00,3.809821,101.91015625
08:01:50,91282CLD1,TSRYS5850288,D,S,C,2024-08-13,1000000.00,3.805363,101.9375
08:01:50,91282CLD1,TSRYS5850288,D,S,C,2024-08-13,1000000.00,3.805363,101.9375
08:01:50,91282CLD1,TSRYS5850288,D,B,C,2024-08-13,3000000.00,3.810458,101.90625
08:01:50,91282CLD1,TSRYS5850288,D,S,D,2024-08-13,1000000.00,3.809821,101.91015625
08:01:50,91282CLD1,TSRYS5850288,D,S,C,2024-08-13,1000000.00,3.809821,101.91015625
08:01:50,91282CLD1,TSRYS5850288,D,S,D,2024-08-13,1000000.00,3.809821,101.91015625
08:01:50,91282CLD1,TSRYS5850288,D,S,T,2024-08-13,1000000.00,3.809821,101.91015625
08:01:50,91282CLD1,TSRYS5850288,D,S,D,2024-08-13,1000000.00,3.809821,101.91015625
08:01:51,91282CLD1,TSRYS5850288,D,S,D,2024-08-13,1000000.00,3.793905,102.0078125
08:01:51,91282CLD1,TSRYS5850288,D,B,C,2024-08-13,1000000.00,3.79393,102.0076625
08:01:51,91282CLD1,TSRYS5850288,D,S,T,2024-08-13,1000000.00,3.809821,101.91015625
08:01:51,91282CLD1,TSRYS5850288,D,S,T,2024-08-13,1000000.00,3.809821,101.91015625
08:01:51,91282CLD1,TSRYS5850288,D,S,T,2024-08-13,1000000.00,3.809821,101.91015625
08:01:51,91282CLD1,TSRYS5850288,D,S,C,2024-08-13,1000000.00,3.809821,101.91015625
08:01:51,91282CLD1,TSRYS5850288,D,S,C,2024-08-13,1000000.00,3.809821,101.91015625
08:01:51,91282CLD1,TSRYS5850288,D,S,C,2024-08-13,1000000.00,3.809821,101.91015625
08:01:51,91282CLD1,TSRYS5850288,D,S,T,2024-08-13,1000000.00,3.809821,101.91015625
08:01:51,91282CLD1,TSRYS5850288,D,S,C,2024-08-13,1000000.00,3.809821,101.91015625
08:01:51,91282CLD1,TSRYS5850288,D,S,C,2024-08-13,1000000.00,3.809821,101.91015625
08:01:51,91282CLD1,TSRYS5850288,D,S,C,2024-08-13,1000000.00,3.790088,102.03125
08:01:51,91282CLD1,TSRYS5850288,D,S,D,2024-08-13,1000000.00,3.809821,101.91015625
08:01:51,91282CLD1,TSRYS5850288,D,B,C,2024-08-13,1000000.00,3.790113,102.0311
08:01:51,91282CLD1,TSRYS5850288,D,S,T,2024-08-13,1000000.00,3.809217,101.9138625
08:01:51,91282CLD1,TSRYS5850288,D,S,T,2024-08-13,1000000.00,3.775465,102.12109375
08:01:51,91282CLD1,TSRYS5850288,D,S,T,2024-08-13,1000000.00,3.809821,101.91015625
08:01:51,91282CLD1,TSRYS5850288,D,S,D,2024-08-13,1000000.00,3.809821,101.91015625
08:01:51,91282CLD1,TSRYS5850288,D,S,T,2024-08-13,1000000.00,3.775465,102.12109375
08:01:51,91282CLD1,TSRYS5850288,D,S,T,2024-08-13,1000000.00,3.809821,101.91015625
08:01:51,91282CLD1,TSRYS5850288,D,S,T,2024-08-13,1000000.00,3.809821,101.91015625
08:01:51,91282CLD1,TSRYS5850288,D,S,T,2024-08-13,1000000.00,3.809821,101.91015625
08:01:51,91282CLD1,TSRYS5850288,D,S,T,2024-08-13,1000000.00,3.809821,101.91015625
08:01:51,91282CLD1,TSRYS5850288,D,S,D,2024-08-13,1000000.00,3.809821,101.91015625
08:01:51,91282CLD1,TSRYS5850288,D,S,C,2024-08-13,1000000.00,3.790064,102.0314
08:01:51,91282CLD1,TSRYS5850288,D,S,C,2024-08-13,1000000.00,3.809503,101.91210937
08:01:51,91282CLD1,TSRYS5850288,D,S,T,2024-08-13,1000000.00,3.809821,101.91015625
08:01:52,91282CLD1,TSRYS5850288,D,S,C,2024-08-13,1000000.00,3.792608,102.015775
08:01:52,91282CLD1,TSRYS5850288,D,S,T,2024-08-13,3000000.00,3.808866,101.91601562
08:01:52,91282CLD1,TSRYS5850288,D,S,C,2024-08-13,1000000.00,3.809821,101.91015625
08:01:52,91282CLD1,TSRYS5850288,D,S,C,2024-08-13,1000000.00,3.809821,101.91015625
08:01:52,91282CLD1,TSRYS5850288,D,S,C,2024-08-13,1000000.00,3.809821,101.91015625
08:01:52,91282CLD1,TSRYS5850288,D,S,C,2024-08-13,1000000.00,3.809821,101.91015625
08:01:52,91282CLD1,TSRYS5850288,D,S,C,2024-08-13,1000000.00,3.809821,101.91015625
08:01:52,91282CLD1,TSRYS5850288,D,S,C,2024-08-13,1000000.00,3.809821,101.91015625
08:01:52,91282CLD1,TSRYS5850288,D,S,C,2024-08-13,1000000.00,3.809821,101.91015625
08:01:52,91282CLD1,TSRYS5850288,D,S,C,2024-08-13,1000000.00,3.809821,101.91015625
08:01:52,91282CLD1,TSRYS5850288,D,B,C,2024-08-13,74000000.00,3.806127,101.93281
08:01:52,91282CLD1,TSRYS5850288,D,S,D,2024-08-13,1000000.00,3.781185,102.0859375
08:01:52,91282CLD1,TSRYS5850288,D,S,C,2024-08-13,1000000.00,3.795145,102.0002
08:01:52,91282CLD1,TSRYS5850288,D,S,C,2024-08-13,1000000.00,3.795145,102.0002
08:01:52,91282CLD1,TSRYS5850288,D,B,C,2024-08-13,1000000.00,3.795202,101.99985
08:01:52,91282CLD1,TSRYS5850288,D,B,C,2024-08-13,1000000.00,3.795202,101.99985
08:01:53,91282CLD1,TSRYS5850288,D,S,D,2024-08-13,2000000.00,3.809503,101.91210937
08:01:53,91282CLD1,TSRYS5850288,D,S,D,2024-08-13,1000000.00,3.809503,101.91210937
08:01:53,91282CLD1,TSRYS5850288,D,B,C,2024-08-13,1000000.00,3.800269,101.96875
08:01:53,91282CLD1,TSRYS5850288,D,S,C,2024-08-13,1000000.00,3.800245,101.9689
08:01:54,91282CLD1,TSRYS5850288,D,S,C,2024-08-13,1000000.00,3.802791,101.953275
08:01:54,91282CLD1,TSRYS5850288,D,S,D,2024-08-13,1000000.00,3.781185,102.0859375
08:01:54,91282CLD1,TSRYS5850288,D,S,D,2024-08-13,1000000.00,3.801543,101.9609375
08:01:54,91282CLD1,TSRYS5850288,D,S,C,2024-08-13,1000000.00,3.804065,101.9454625
08:01:54,91282CLD1,TSRYS5850288,D,B,C,2024-08-13,1000000.00,3.804089,101.9453125
08:01:54,91282CLD1,TSRYS5850288,D,S,D,2024-08-13,1000000.00,3.809184,101.9140625
08:01:54,91282CLD1,TSRYS5850288,D,S,D,2024-08-13,1000000.00,3.781185,102.0859375
08:01:54,91282CLD1,TSRYS5850288,D,S,T,2024-08-13,1000000.00,3.809184,101.9140625
08:01:54,91282CLD1,TSRYS5850288,D,S,T,2024-08-13,1000000.00,3.809184,101.9140625
08:01:54,91282CLD1,TSRYS5850288,D,S,T,2024-08-13,1000000.00,3.808547,101.91796875
08:01:54,91282CLD1,TSRYS5850288,D,S,T,2024-08-13,1000000.00,3.808547,101.91796875
08:01:54,91282CLD1,TSRYS5850288,D,S,T,2024-08-13,2000000.00,3.808547,101.91796875
08:01:54,91282CLD1,TSRYS5850288,D,S,D,2024-08-13,1000000.00,3.808547,101.91796875
08:01:54,91282CLD1,TSRYS5850288,D,S,D,2024-08-13,1000000.00,3.808547,101.91796875
08:01:55,91282CLD1,TSRYS5850288,D,S,D,2024-08-13,5000000.00,3.808857,101.91607
08:01:55,91282CLD1,TSRYS5850288,D,S,D,2024-08-13,2000000.00,3.808866,101.91601562
08:01:55,91282CLD1,TSRYS5850288,D,S,C,2024-08-13,3000000.00,3.811095,101.90234375
08:01:55,91282CLD1,TSRYS5850288,D,S,C,2024-08-13,2000000.00,3.811095,101.90234375
08:01:55,91282CLD1,TSRYS5850288,D,S,T,2024-08-13,1000000.00,3.811414,101.90039062
08:01:55,91282CLD1,TSRYS5850288,D,S,D,2024-08-13,1000000.00,3.804726,101.94140625
08:02:00,91282CLD1,TSRYS5850288,D,S,T,2024-08-13,3000000.00,3.808866,101.91601562
08:02:00,91282CLD1,TSRYS5850288,D,S,T,2024-08-13,2000000.00,3.808866,101.91601562
08:02:00,91282CLD1,TSRYS5850288,D,B,C,2024-08-13,1000000.00,3.807273,101.92578125
08:02:00,91282CLD1,TSRYS5850288,D,S,C,2024-08-13,1000000.00,3.804089,101.9453125
08:02:00,91282CLD1,TSRYS5850288,D,S,D,2024-08-13,1000000.00,3.805681,101.93554687
08:02:00,91282CLD1,TSRYS5850288,D,S,D,2024-08-13,1000000.00,3.805681,101.93554687
08:02:00,91282CLD1,TSRYS5850288,D,B,C,2024-08-13,4000000.00,3.804726,101.94140625
08:02:00,91282CLD1,TSRYS5850288,D,S,C,2024-08-13,3000000.00,3.804726,101.94140625
08:02:00,91282CLD1,TSRYS5850288,D,S,C,2024-08-13,2000000.00,3.804726,101.94140625
08:02:00,91282CLD1,TSRYS5850288,D,S,D,2024-08-13,1000000.00,3.804726,101.94140625
08:02:00,91282CLD1,TSRYS5850288,D,S,C,2024-08-13,3000000.00,3.802179,101.95703125
08:02:00,91282CLD1,TSRYS5850288,D,S,C,2024-08-13,2000000.00,3.802179,101.95703125
08:02:00,91282CLD1,TSRYS5850288,D,S,D,2024-08-13,1000000.00,3.802179,101.95703125
08:02:00,91282CLD1,TSRYS5850288,D,B,C,2024-08-13,8000000.00,3.802179,101.95703125
08:02:00,91282CLD1,TSRYS5850288,D,S,T,2024-08-13,3000000.00,3.802498,101.95507812
08:02:00,91282CLD1,TSRYS5850288,D,S,T,2024-08-13,1000000.00,3.802498,101.95507812
08:02:00,91282CLD1,TSRYS5850288,D,S,T,2024-08-13,3000000.00,3.802498,101.95507812
08:02:00,91282CLD1,TSRYS5850288,D,S,T,2024-08-13,2000000.00,3.802498,101.95507812
08:02:00,91282CLD1,TSRYS5850288,D,S,T,2024-08-13,2000000.00,3.801224,101.96289062
08:02:00,91282CLD1,TSRYS5850288,D,S,T,2024-08-13,1000000.00,3.801224,101.96289062
08:02:00,91282CLD1,TSRYS5850288,D,S,C,2024-08-13,1000000.00,3.801224,101.96289062
08:02:00,91282CLD1,TSRYS5850288,D,S,C,2024-08-13,2000000.00,3.801224,101.96289062
08:02:00,91282CLD1,TSRYS5850288,D,S,D,2024-08-13,2000000.00,3.801224,101.96289062
08:02:00,91282CLD1,TSRYS5850288,D,S,C,2024-08-13,2000000.00,3.801224,101.96289062
08:02:00,91282CLD1,TSRYS5850288,D,S,T,2024-08-13,1000000.00,3.801224,101.96289062
08:02:00,91282CLD1,TSRYS5850288,D,S,D,2024-08-13,1000000.00,3.801224,101.96289062
08:02:00,91282CLD1,TSRYS5850288,D,S,T,2024-08-13,1000000.00,3.801224,101.96289062
08:02:00,91282CLD1,TSRYS5850288,D,S,D,2024-08-13,1000000.00,3.801224,101.96289062
08:02:00,91282CLD1,TSRYS5850288,D,S,T,2024-08-13,2000000.00,3.801224,101.96289062
08:02:00,91282CLD1,TSRYS5850288,D,B,C,2024-08-13,10000000.00,3.800906,101.96484375
08:02:00,91282CLD1,TSRYS5850288,D,S,C,2024-08-13,3000000.00,3.800269,101.96875
