tradeTime,cusip,issueSymbolIdentifier,priceType,reportingSideCode,contraPartyTypeCode,tradeDate,reportedTradeVolume,lastSaleYield,lastSalePrice
08:00:04,91282CKF7,TSRYS5774875,D,S,T,2024-04-03,8000000.00,4.350287,98.654296875
08:00:04,91282CKF7,TSRYS5774875,D,S,T,2024-04-03,1000000.00,4.350287,98.654296875
08:00:04,91282CKF7,TSRYS5774875,D,S,D,2024-04-03,1000000.00,4.350287,98.654296875
08:00:04,91282CKF7,TSRYS5774875,D,S,D,2024-04-03,8000000.00,4.350287,98.654296875
08:00:05,91282CKF7,TSRYS5774875,D,S,T,2024-04-03,4000000.00,4.374044,98.513671875
08:00:05,91282CKF7,TSRYS5774875,D,S,T,2024-04-03,1000000.00,4.386929,98.4375
08:00:05,91282CKF7,TSRYS5774875,D,S,T,2024-04-03,1000000.00,4.386929,98.4375
08:00:05,91282CKF7,TSRYS5774875,D,S,T,2024-04-03,1000000.00,4.382963,98.4609375
08:00:05,91282CKF7,TSRYS5774875,D,S,D,2024-04-03,2000000.00,4.377677,98.4921875
08:00:05,91282CKF7,TSRYS5774875,D,S,D,2024-04-03,2000000.00,4.377677,98.4921875
08:00:05,91282CKF7,TSRYS5774875,D,S,D,2024-04-03,8000000.00,4.377677,98.4921875
08:00:05,91282CKF7,TSRYS5774875,D,S,D,2024-04-03,1000000.00,4.365791,98.5625
08:00:05,91282CKF7,TSRYS5774875,D,S,D,2024-04-03,1000000.00,4.365791,98.5625
08:00:05,91282CKF7,TSRYS5774875,D,S,D,2024-04-03,1000000.00,4.365791,98.5625
08:00:05,91282CKF7,TSRYS5774875,D,S,D,2024-04-03,3000000.00,4.365791,98.5625
08:00:05,91282CKF7,TSRYS5774875,D,S,D,2024-04-03,2000000.00,4.365791,98.5625
08:00:05,91282CKF7,TSRYS5774875,D,S,D,2024-04-03,2000000.00,4.365791,98.5625
08:00:05,91282CKF7,TSRYS5774875,D,S,D,2024-04-03,2000000.00,4.365791,98.5625
08:00:05,91282CKF7,TSRYS5774875,D,S,D,2024-04-03,1000000.00,4.363481,98.576171875
08:00:05,91282CKF7,TSRYS5774875,D,S,D,2024-04-03,1000000.00,4.362821,98.580078125
08:00:05,91282CKF7,TSRYS5774875,D,S,T,2024-04-03,1000000.00,4.362821,98.580078125
08:00:05,91282CKF7,TSRYS5774875,D,S,T,2024-04-03,1000000.00,4.362821,98.580078125
08:00:05,91282CKF7,TSRYS5774875,D,S,D,2024-04-03,1000000.00,4.366781,98.556640625
08:00:05,91282CKF7,TSRYS5774875,D,S,D,2024-04-03,2000000.00,4.368431,98.546875
08:00:05,91282CKF7,TSRYS5774875,D,S,D,2024-04-03,3000000.00,4.368431,98.546875
08:00:05,91282CKF7,TSRYS5774875,D,S,D,2024-04-03,1000000.00,4.368431,98.546875
08:00:05,91282CKF7,TSRYS5774875,D,S,D,2024-04-03,1000000.00,4.368762,98.544921875
08:00:05,91282CKF7,TSRYS5774875,D,S,T,2024-04-03,1000000.00,4.369752,98.5390625
08:00:05,91282CKF7,TSRYS5774875,D,S,D,2024-04-03,2000000.00,4.369752,98.5390625
08:00:05,91282CKF7,TSRYS5774875,D,S,T,2024-04-03,1000000.00,4.369752,98.5390625
08:00:05,91282CKF7,TSRYS5774875,D,S,T,2024-04-03,1000000.00,4.369752,98.5390625
08:00:05,91282CKF7,TSRYS5774875,D,S,D,2024-04-03,1000000.00,4.369752,98.5390625
08:00:05,91282CKF7,TSRYS5774875,D,S,D,2024-04-03,1000000.00,4.369752,98.5390625
08:00:05,91282CKF7,TSRYS5774875,D,S,D,2024-04-03,2000000.00,4.369752,98.5390625
08:00:05,91282CKF7,TSRYS5774875,D,B,C,2024-04-03,4000000.00,4.373054,98.51953125
08:00:05,91282CKF7,TSRYS5774875,D,S,T,2024-04-03,1000000.00,4.373384,98.517578125
08:00:05,91282CKF7,TSRYS5774875,D,S,D,2024-04-03,2000000.00,4.373384,98.517578125
08:00:05,91282CKF7,TSRYS5774875,D,S,T,2024-04-03,1000000.00,4.372723,98.521484375
08:00:05,91282CKF7,TSRYS5774875,D,S,D,2024-04-03,2000000.00,4.372723,98.521484375
08:00:05,91282CKF7,TSRYS5774875,D,S,T,2024-04-03,2000000.00,4.373054,98.51953125
08:00:05,91282CKF7,TSRYS5774875,D,S,C,2024-04-03,4000000.00,4.375035,98.5078125
08:00:06,91282CKF7,TSRYS5774875,D,B,C,2024-04-03,1035000.00,4.373879,98.5146485
08:00:08,91282CKF7,TSRYS5774875,D,S,T,2024-04-03,1000000.00,4.384285,98.453125
08:00:08,91282CKF7,TSRYS5774875,D,S,T,2024-04-03,1000000.00,4.363151,98.578125
08:00:08,91282CKF7,TSRYS5774875,D,S,T,2024-04-03,1000000.00,4.363151,98.578125
08:00:09,91282CKF7,TSRYS5774875,D,S,T,2024-04-03,1000000.00,4.363151,98.578125
08:00:09,91282CKF7,TSRYS5774875,D,S,T,2024-04-03,1000000.00,4.363151,98.578125
08:00:09,91282CKF7,TSRYS5774875,D,S,T,2024-04-03,1000000.00,4.353914,98.6328125
08:00:09,91282CKF7,TSRYS5774875,D,S,T,2024-04-03,1000000.00,4.353914,98.6328125
08:00:11,91282CKF7,TSRYS5774875,D,S,T,2024-04-03,1000000.00,4.351276,98.6484375
08:00:11,91282CKF7,TSRYS5774875,D,S,T,2024-04-03,1000000.00,4.351276,98.6484375
08:00:11,91282CKF7,TSRYS5774875,D,S,T,2024-04-03,1000000.00,4.351276,98.6484375
08:00:14,91282CKF7,TSRYS5774875,D,S,C,2024-04-03,1000000.00,4.357212,98.61328125
08:00:14,91282CKF7,TSRYS5774875,D,S,T,2024-04-03,1000000.00,4.360511,98.59375
08:00:14,91282CKF7,TSRYS5774875,D,S,T,2024-04-03,1000000.00,4.360511,98.59375
08:00:14,91282CKF7,TSRYS5774875,D,S,T,2024-04-03,1000000.00,4.360511,98.59375
08:00:14,91282CKF7,TSRYS5774875,D,S,T,2024-04-03,1000000.00,4.360511,98.59375
08:00:15,91282CKF7,TSRYS5774875,D,S,T,2024-04-03,1000000.00,4.360511,98.59375
08:00:15,91282CKF7,TSRYS5774875,D,S,T,2024-04-03,1000000.00,4.360511,98.59375
08:00:15,91282CKF7,TSRYS5774875,D,S,T,2024-04-03,1000000.00,4.360511,98.59375
08:00:15,91282CKF7,TSRYS5774875,D,S,T,2024-04-03,1000000.00,4.360511,98.59375
08:00:15,91282CKF7,TSRYS5774875,D,S,T,2024-04-03,1000000.00,4.360511,98.59375
08:00:16,91282CKF7,TSRYS5774875,D,S,D,2024-04-03,1000000.00,4.363481,98.576171875
08:00:16,91282CKF7,TSRYS5774875,D,S,D,2024-04-03,1000000.00,4.363481,98.576171875
08:00:16,91282CKF7,TSRYS5774875,D,S,D,2024-04-03,1000000.00,4.380981,98.47265625
08:00:17,91282CKF7,TSRYS5774875,D,S,D,2024-04-03,970000.00,4.363411,98.576584246
08:00:18,91282CKF7,TSRYS5774875,D,S,T,2024-04-03,1000000.00,4.363151,98.578125
08:00:18,91282CKF7,TSRYS5774875,D,S,T,2024-04-03,1000000.00,4.363151,98.578125
08:00:18,91282CKF7,TSRYS5774875,D,S,T,2024-04-03,1000000.00,4.363151,98.578125
08:00:19,91282CKF7,TSRYS5774875,D,S,T,2024-04-03,1000000.00,4.363151,98.578125
08:00:19,91282CKF7,TSRYS5774875,D,S,T,2024-04-03,1000000.00,4.363151,98.578125
08:00:19,91282CKF7,TSRYS5774875,D,S,T,2024-04-03,1000000.00,4.363151,98.578125
08:00:19,91282CKF7,TSRYS5774875,D,B,A,2024-04-03,14700000.00,4.356669,98.61649659864
08:00:25,91282CKF7,TSRYS5774875,D,S,D,2024-04-03,1000000.00,4.364471,98.5703125
08:00:26,91282CKF7,TSRYS5774875,D,S,D,2024-04-03,1000000.00,4.364471,98.5703125
08:00:26,91282CKF7,TSRYS5774875,D,S,D,2024-04-03,1000000.00,4.364471,98.5703125
08:00:26,91282CKF7,TSRYS5774875,D,S,D,2024-04-03,1000000.00,4.365131,98.56640625
08:00:28,91282CKF7,TSRYS5774875,D,S,T,2024-04-03,1000000.00,4.389574,98.421875
08:00:28,91282CKF7,TSRYS5774875,D,S,T,2024-04-03,1000000.00,4.389574,98.421875
08:00:28,91282CKF7,TSRYS5774875,D,S,T,2024-04-03,1000000.00,4.389574,98.421875
08:00:28,91282CKF7,TSRYS5774875,D,S,T,2024-04-03,1000000.00,4.389574,98.421875
08:00:28,91282CKF7,TSRYS5774875,D,S,T,2024-04-03,1000000.00,4.363151,98.578125
08:00:28,91282CKF7,TSRYS5774875,D,S,T,2024-04-03,1000000.00,4.350287,98.654296875
08:00:28,91282CKF7,TSRYS5774875,D,S,T,2024-04-03,1000000.00,4.349298,98.66015625
08:00:28,91282CKF7,TSRYS5774875,D,S,T,2024-04-03,1000000.00,4.349958,98.65625
08:00:28,91282CKF7,TSRYS5774875,D,S,D,2024-04-03,1000000.00,4.351276,98.6484375
08:00:28,91282CKF7,TSRYS5774875,D,S,T,2024-04-03,1000000.00,4.381642,98.46875
08:00:28,91282CKF7,TSRYS5774875,D,S,T,2024-04-03,1000000.00,4.368431,98.546875
08:00:28,91282CKF7,TSRYS5774875,D,S,D,2024-04-03,1000000.00,4.368431,98.546875
08:00:28,91282CKF7,TSRYS5774875,D,S,T,2024-04-03,1000000.00,4.368431,98.546875
08:00:28,91282CKF7,TSRYS5774875,D,S,T,2024-04-03,1000000.00,4.386929,98.4375
08:00:28,91282CKF7,TSRYS5774875,D,S,T,2024-04-03,1000000.00,4.386929,98.4375
08:00:29,91282CKF7,TSRYS5774875,D,S,T,2024-04-03,1000000.00,4.389574,98.421875
08:00:29,91282CKF7,TSRYS5774875,D,S,T,2024-04-03,1000000.00,4.389574,98.421875
08:00:29,91282CKF7,TSRYS5774875,D,S,T,2024-04-03,1000000.00,4.389574,98.421875
08:00:29,91282CKF7,TSRYS5774875,D,S,C,2024-04-03,22000000.00,4.382302,98.46484375
08:00:30,91282CKF7,TSRYS5774875,D,S,D,2024-04-03,1000000.00,4.364141,98.572265625
08:00:30,91282CKF7,TSRYS5774875,D,S,T,2024-04-03,1000000.00,4.353914,98.6328125
08:00:30,91282CKF7,TSRYS5774875,D,S,T,2024-04-03,1000000.00,4.359192,98.6015625
08:00:30,91282CKF7,TSRYS5774875,D,S,T,2024-04-03,1000000.00,4.357872,98.609375
08:00:30,91282CKF7,TSRYS5774875,D,S,T,2024-04-03,1000000.00,4.357872,98.609375
08:00:30,91282CKF7,TSRYS5774875,D,S,T,2024-04-03,1000000.00,4.355234,98.625
08:00:30,91282CKF7,TSRYS5774875,D,S,T,2024-04-03,1000000.00,4.352595,98.640625
08:00:30,91282CKF7,TSRYS5774875,D,S,T,2024-04-03,1000000.00,4.352595,98.640625
08:00:30,91282CKF7,TSRYS5774875,D,S,T,2024-04-03,1000000.00,4.349958,98.65625
08:00:30,91282CKF7,TSRYS5774875,D,S,T,2024-04-03,1000000.00,4.352595,98.640625
08:00:30,91282CKF7,TSRYS5774875,D,S,T,2024-04-03,1000000.00,4.349958,98.65625
08:00:30,91282CKF7,TSRYS5774875,D,S,T,2024-04-03,1000000.00,4.349958,98.65625
08:00:30,91282CKF7,TSRYS5774875,D,S,T,2024-04-03,2000000.00,4.350287,98.654296875
08:00:30,91282CKF7,TSRYS5774875,D,S,T,2024-04-03,2000000.00,4.349958,98.65625
08:00:30,91282CKF7,TSRYS5774875,D,S,T,2024-04-03,2000000.00,4.349298,98.66015625
08:00:30,91282CKF7,TSRYS5774875,D,S,T,2024-04-03,1000000.00,4.349958,98.65625
08:00:30,91282CKF7,TSRYS5774875,D,S,T,2024-04-03,1000000.00,4.348639,98.6640625
08:00:30,91282CKF7,TSRYS5774875,D,S,T,2024-04-03,1000000.00,4.349958,98.65625
08:00:30,91282CKF7,TSRYS5774875,D,S,T,2024-04-03,1000000.00,4.349958,98.65625
08:00:30,91282CKF7,TSRYS5774875,D,S,T,2024-04-03,1000000.00,4.349958,98.65625
08:00:30,91282CKF7,TSRYS5774875,D,S,T,2024-04-03,2000000.00,4.350287,98.654296875
08:00:30,91282CKF7,TSRYS5774875,D,S,T,2024-04-03,2000000.00,4.349958,98.65625
08:00:30,91282CKF7,TSRYS5774875,D,S,T,2024-04-03,2000000.00,4.352595,98.640625
08:00:30,91282CKF7,TSRYS5774875,D,S,D,2024-04-03,1000000.00,4.353585,98.634765625
08:00:30,91282CKF7,TSRYS5774875,D,S,T,2024-04-03,2000000.00,4.360511,98.59375
08:00:30,91282CKF7,TSRYS5774875,D,S,T,2024-04-03,1000000.00,4.361831,98.5859375
08:00:30,91282CKF7,TSRYS5774875,D,S,D,2024-04-03,4000000.00,4.360181,98.595703125
08:00:30,91282CKF7,TSRYS5774875,D,S,D,2024-04-03,2000000.00,4.360181,98.595703125
08:00:30,91282CKF7,TSRYS5774875,D,S,D,2024-04-03,2000000.00,4.360181,98.595703125
08:00:30,91282CKF7,TSRYS5774875,D,S,T,2024-04-03,1000000.00,4.361171,98.58984375
08:00:30,91282CKF7,TSRYS5774875,D,S,T,2024-04-03,1000000.00,4.360511,98.59375
08:00:30,91282CKF7,TSRYS5774875,D,S,T,2024-04-03,1000000.00,4.360511,98.59375
08:00:30,91282CKF7,TSRYS5774875,D,S,T,2024-04-03,1000000.00,4.360511,98.59375
08:00:30,91282CKF7,TSRYS5774875,D,S,T,2024-04-03,1000000.00,4.361831,98.5859375
08:00:30,91282CKF7,TSRYS5774875,D,S,T,2024-04-03,1000000.00,4.361501,98.587890625
08:00:30,91282CKF7,TSRYS5774875,D,S,T,2024-04-03,2000000.00,4.359192,98.6015625
08:00:30,91282CKF7,TSRYS5774875,D,S,T,2024-04-03,1000000.00,4.359192,98.6015625
08:00:30,91282CKF7,TSRYS5774875,D,S,D,2024-04-03,1000000.00,4.358532,98.60546875
08:00:30,91282CKF7,TSRYS5774875,D,S,T,2024-04-03,1000000.00,4.368431,98.546875
08:00:30,91282CKF7,TSRYS5774875,D,S,T,2024-04-03,1000000.00,4.368762,98.544921875
08:00:30,91282CKF7,TSRYS5774875,D,S,T,2024-04-03,1000000.00,4.369092,98.54296875
08:00:30,91282CKF7,TSRYS5774875,D,S,T,2024-04-03,1000000.00,4.373714,98.515625
08:00:30,91282CKF7,TSRYS5774875,D,S,T,2024-04-03,1000000.00,4.376356,98.5
08:00:30,91282CKF7,TSRYS5774875,D,S,T,2024-04-03,1000000.00,4.376356,98.5
08:00:30,91282CKF7,TSRYS5774875,D,S,T,2024-04-03,1000000.00,4.376356,98.5
08:00:30,91282CKF7,TSRYS5774875,D,S,T,2024-04-03,1000000.00,4.376356,98.5
08:00:30,91282CKF7,TSRYS5774875,D,S,T,2024-04-03,2000000.00,4.374374,98.51171875
08:00:30,91282CKF7,TSRYS5774875,D,S,T,2024-04-03,1000000.00,4.381642,98.46875
08:00:30,91282CKF7,TSRYS5774875,D,S,T,2024-04-03,1000000.00,4.381642,98.46875
08:00:30,91282CKF7,TSRYS5774875,D,S,T,2024-04-03,1000000.00,4.378999,98.484375
08:00:30,91282CKF7,TSRYS5774875,D,S,T,2024-04-03,1000000.00,4.378999,98.484375
08:00:30,91282CKF7,TSRYS5774875,D,S,T,2024-04-03,1000000.00,4.378999,98.484375
08:00:30,91282CKF7,TSRYS5774875,D,S,T,2024-04-03,1000000.00,4.38065,98.474609375
08:00:30,91282CKF7,TSRYS5774875,D,S,T,2024-04-03,1000000.00,4.38065,98.474609375
08:00:30,91282CKF7,TSRYS5774875,D,S,T,2024-04-03,1000000.00,4.381642,98.46875
08:00:30,91282CKF7,TSRYS5774875,D,S,T,2024-04-03,1000000.00,4.381642,98.46875
08:00:30,91282CKF7,TSRYS5774875,D,S,T,2024-04-03,1000000.00,4.378999,98.484375
08:00:30,91282CKF7,TSRYS5774875,D,S,T,2024-04-03,2000000.00,4.379329,98.482421875
08:00:30,91282CKF7,TSRYS5774875,D,S,T,2024-04-03,1000000.00,4.381642,98.46875
08:00:30,91282CKF7,TSRYS5774875,D,S,T,2024-04-03,1000000.00,4.382963,98.4609375
08:00:30,91282CKF7,TSRYS5774875,D,S,T,2024-04-03,1000000.00,4.382963,98.4609375
08:00:30,91282CKF7,TSRYS5774875,D,S,T,2024-04-03,1000000.00,4.382963,98.4609375
08:00:30,91282CKF7,TSRYS5774875,D,S,T,2024-04-03,1000000.00,4.381642,98.46875
08:00:30,91282CKF7,TSRYS5774875,D,S,T,2024-04-03,1000000.00,4.381642,98.46875
08:00:30,91282CKF7,TSRYS5774875,D,S,T,2024-04-03,1000000.00,4.382963,98.4609375
08:00:30,91282CKF7,TSRYS5774875,D,S,T,2024-04-03,1000000.00,4.384285,98.453125
08:00:30,91282CKF7,TSRYS5774875,D,S,T,2024-04-03,3000000.00,4.384285,98.453125
08:00:30,91282CKF7,TSRYS5774875,D,S,T,2024-04-03,1000000.00,4.384285,98.453125
08:00:30,91282CKF7,TSRYS5774875,D,S,T,2024-04-03,1000000.00,4.384285,98.453125
08:00:30,91282CKF7,TSRYS5774875,D,S,T,2024-04-03,2000000.00,4.383294,98.458984375
08:00:30,91282CKF7,TSRYS5774875,D,S,T,2024-04-03,1000000.00,4.384285,98.453125
08:00:30,91282CKF7,TSRYS5774875,D,S,T,2024-04-03,1000000.00,4.386929,98.4375
08:00:30,91282CKF7,TSRYS5774875,D,S,T,2024-04-03,1000000.00,4.389574,98.421875
08:00:30,91282CKF7,TSRYS5774875,D,S,T,2024-04-03,1000000.00,4.390565,98.416015625
08:00:30,91282CKF7,TSRYS5774875,D,S,T,2024-04-03,1000000.00,4.389574,98.421875
08:00:30,91282CKF7,TSRYS5774875,D,S,T,2024-04-03,1000000.00,4.389574,98.421875
08:00:30,91282CKF7,TSRYS5774875,D,S,T,2024-04-03,1000000.00,4.389574,98.421875
08:00:30,91282CKF7,TSRYS5774875,D,S,T,2024-04-03,1000000.00,4.389574,98.421875
08:00:30,91282CKF7,TSRYS5774875,D,S,T,2024-04-03,1000000.00,4.389574,98.421875
08:00:30,91282CKF7,TSRYS5774875,D,S,T,2024-04-03,1000000.00,4.389574,98.421875
08:00:30,91282CKF7,TSRYS5774875,D,S,T,2024-04-03,3000000.00,4.389574,98.421875
08:00:30,91282CKF7,TSRYS5774875,D,S,T,2024-04-03,2000000.00,4.389574,98.421875
08:00:30,91282CKF7,TSRYS5774875,D,S,T,2024-04-03,3000000.00,4.389574,98.421875
08:00:30,91282CKF7,TSRYS5774875,D,S,T,2024-04-03,1000000.00,4.389574,98.421875
08:00:30,91282CKF7,TSRYS5774875,D,S,T,2024-04-03,1000000.00,4.389574,98.421875
08:00:30,91282CKF7,TSRYS5774875,D,S,T,2024-04-03,1000000.00,4.389574,98.421875
08:00:30,91282CKF7,TSRYS5774875,D,S,T,2024-04-03,1000000.00,4.389574,98.421875
08:00:30,91282CKF7,TSRYS5774875,D,S,T,2024-04-03,1000000.00,4.389574,98.421875
08:00:30,91282CKF7,TSRYS5774875,D,S,T,2024-04-03,1000000.00,4.389574,98.421875
08:00:30,91282CKF7,TSRYS5774875,D,S,T,2024-04-03,1000000.00,4.389574,98.421875
08:00:30,91282CKF7,TSRYS5774875,D,S,T,2024-04-03,1000000.00,4.389574,98.421875
08:00:30,91282CKF7,TSRYS5774875,D,S,T,2024-04-03,1000000.00,4.389574,98.421875
08:00:30,91282CKF7,TSRYS5774875,D,S,T,2024-04-03,1000000.00,4.388912,98.42578125
08:00:30,91282CKF7,TSRYS5774875,D,S,T,2024-04-03,1000000.00,4.382963,98.4609375
08:00:30,91282CKF7,TSRYS5774875,D,S,T,2024-04-03,1000000.00,4.384285,98.453125
08:00:30,91282CKF7,TSRYS5774875,D,S,T,2024-04-03,1000000.00,4.384285,98.453125
08:00:30,91282CKF7,TSRYS5774875,D,S,T,2024-04-03,1000000.00,4.383294,98.458984375
08:00:30,91282CKF7,TSRYS5774875,D,S,T,2024-04-03,1000000.00,4.384285,98.453125
08:00:30,91282CKF7,TSRYS5774875,D,S,T,2024-04-03,3000000.00,4.384285,98.453125
08:00:30,91282CKF7,TSRYS5774875,D,S,T,2024-04-03,1000000.00,4.384285,98.453125
08:00:30,91282CKF7,TSRYS5774875,D,S,T,2024-04-03,1000000.00,4.382963,98.4609375
08:00:30,91282CKF7,TSRYS5774875,D,S,T,2024-04-03,1000000.00,4.384285,98.453125
08:00:30,91282CKF7,TSRYS5774875,D,S,T,2024-04-03,2000000.00,4.38032,98.4765625
08:00:30,91282CKF7,TSRYS5774875,D,S,T,2024-04-03,1000000.00,4.38032,98.4765625
08:00:30,91282CKF7,TSRYS5774875,D,S,T,2024-04-03,1000000.00,4.38032,98.4765625
08:00:30,91282CKF7,TSRYS5774875,D,S,T,2024-04-03,1000000.00,4.381642,98.46875
08:00:30,91282CKF7,TSRYS5774875,D,S,T,2024-04-03,1000000.00,4.381642,98.46875
08:00:30,91282CKF7,TSRYS5774875,D,S,T,2024-04-03,2000000.00,4.381311,98.470703125
08:00:30,91282CKF7,TSRYS5774875,D,S,T,2024-04-03,2000000.00,4.378999,98.484375
08:00:30,91282CKF7,TSRYS5774875,D,S,T,2024-04-03,1000000.00,4.379329,98.482421875
08:00:30,91282CKF7,TSRYS5774875,D,S,T,2024-04-03,1000000.00,4.378999,98.484375
08:00:30,91282CKF7,TSRYS5774875,D,S,T,2024-04-03,1000000.00,4.378999,98.484375
08:00:30,91282CKF7,TSRYS5774875,D,S,T,2024-04-03,2000000.00,4.377677,98.4921875
08:00:30,91282CKF7,TSRYS5774875,D,S,T,2024-04-03,1000000.00,4.378008,98.490234375
08:00:30,91282CKF7,TSRYS5774875,D,S,T,2024-04-03,1000000.00,4.378999,98.484375
08:00:30,91282CKF7,TSRYS5774875,D,S,T,2024-04-03,1000000.00,4.378999,98.484375
08:00:30,91282CKF7,TSRYS5774875,D,S,T,2024-04-03,1000000.00,4.378999,98.484375
08:00:30,91282CKF7,TSRYS5774875,D,S,T,2024-04-03,1000000.00,4.378999,98.484375
08:00:30,91282CKF7,TSRYS5774875,D,S,T,2024-04-03,1000000.00,4.378999,98.484375
08:00:30,91282CKF7,TSRYS5774875,D,S,D,2024-04-03,1000000.00,4.378999,98.484375
08:00:30,91282CKF7,TSRYS5774875,D,S,D,2024-04-03,1000000.00,4.378999,98.484375
08:00:30,91282CKF7,TSRYS5774875,D,S,T,2024-04-03,2000000.00,4.378999,98.484375
08:00:30,91282CKF7,TSRYS5774875,D,S,T,2024-04-03,1000000.00,4.378999,98.484375
08:00:30,91282CKF7,TSRYS5774875,D,S,T,2024-04-03,1000000.00,4.381642,98.46875
08:00:30,91282CKF7,TSRYS5774875,D,S,T,2024-04-03,1000000.00,4.381642,98.46875
08:00:30,91282CKF7,TSRYS5774875,D,S,T,2024-04-03,1000000.00,4.381642,98.46875
08:00:30,91282CKF7,TSRYS5774875,D,S,T,2024-04-03,3000000.00,4.381642,98.46875
08:00:30,91282CKF7,TSRYS5774875,D,S,T,2024-04-03,2000000.00,4.378999,98.484375
08:00:30,91282CKF7,TSRYS5774875,D,S,T,2024-04-03,1000000.00,4.381642,98.46875
08:00:30,91282CKF7,TSRYS5774875,D,S,T,2024-04-03,1000000.00,4.381642,98.46875
08:00:30,91282CKF7,TSRYS5774875,D,S,T,2024-04-03,1000000.00,4.379659,98.48046875
08:00:30,91282CKF7,TSRYS5774875,D,S,T,2024-04-03,3000000.00,4.378999,98.484375
08:00:30,91282CKF7,TSRYS5774875,D,S,T,2024-04-03,3000000.00,4.378999,98.484375
08:00:30,91282CKF7,TSRYS5774875,D,S,T,2024-04-03,3000000.00,4.378999,98.484375
08:00:30,91282CKF7,TSRYS5774875,D,S,T,2024-04-03,2000000.00,4.378999,98.484375
08:00:30,91282CKF7,TSRYS5774875,D,S,T,2024-04-03,3000000.00,4.378999,98.484375
08:00:30,91282CKF7,TSRYS5774875,D,S,T,2024-04-03,2000000.00,4.378999,98.484375
08:00:30,91282CKF7,TSRYS5774875,D,S,T,2024-04-03,1000000.00,4.378999,98.484375
08:00:30,91282CKF7,TSRYS5774875,D,S,T,2024-04-03,2000000.00,4.378999,98.484375
08:00:30,91282CKF7,TSRYS5774875,D,S,T,2024-04-03,2000000.00,4.378999,98.484375
08:00:30,91282CKF7,TSRYS5774875,D,S,T,2024-04-03,1000000.00,4.378999,98.484375
08:00:30,91282CKF7,TSRYS5774875,D,S,T,2024-04-03,1000000.00,4.378999,98.484375
08:00:30,91282CKF7,TSRYS5774875,D,S,T,2024-04-03,1000000.00,4.378999,98.484375
08:00:30,91282CKF7,TSRYS5774875,D,S,T,2024-04-03,2000000.00,4.378999,98.484375
08:00:30,91282CKF7,TSRYS5774875,D,S,T,2024-04-03,1000000.00,4.378338,98.48828125
08:00:30,91282CKF7,TSRYS5774875,D,S,T,2024-04-03,1000000.00,4.378338,98.48828125
08:00:30,91282CKF7,TSRYS5774875,D,S,T,2024-04-03,1000000.00,4.378338,98.48828125
08:00:30,91282CKF7,TSRYS5774875,D,S,T,2024-04-03,1000000.00,4.378338,98.48828125
08:00:30,91282CKF7,TSRYS5774875,D,S,T,2024-04-03,1000000.00,4.378008,98.490234375
08:00:30,91282CKF7,TSRYS5774875,D,S,T,2024-04-03,2000000.00,4.378338,98.48828125
08:00:30,91282CKF7,TSRYS5774875,D,S,T,2024-04-03,2000000.00,4.378338,98.48828125
08:00:30,91282CKF7,TSRYS5774875,D,S,T,2024-04-03,2000000.00,4.378338,98.48828125
08:00:30,91282CKF7,TSRYS5774875,D,S,T,2024-04-03,1000000.00,4.378338,98.48828125
08:00:30,91282CKF7,TSRYS5774875,D,S,T,2024-04-03,1000000.00,4.378338,98.48828125
08:00:30,91282CKF7,TSRYS5774875,D,S,T,2024-04-03,1000000.00,4.377677,98.4921875
08:00:30,91282CKF7,TSRYS5774875,D,S,T,2024-04-03,1000000.00,4.377677,98.4921875
08:00:30,91282CKF7,TSRYS5774875,D,S,T,2024-04-03,1000000.00,4.378999,98.484375
08:00:30,91282CKF7,TSRYS5774875,D,S,T,2024-04-03,1000000.00,4.378999,98.484375
08:00:30,91282CKF7,TSRYS5774875,D,S,T,2024-04-03,1000000.00,4.378999,98.484375
08:00:30,91282CKF7,TSRYS5774875,D,S,T,2024-04-03,1000000.00,4.378999,98.484375
08:00:30,91282CKF7,TSRYS5774875,D,S,T,2024-04-03,1000000.00,4.378999,98.484375
08:00:30,91282CKF7,TSRYS5774875,D,S,T,2024-04-03,1000000.00,4.378999,98.484375
08:00:30,91282CKF7,TSRYS5774875,D,S,T,2024-04-03,1000000.00,4.378999,98.484375
08:00:30,91282CKF7,TSRYS5774875,D,S,T,2024-04-03,1000000.00,4.377677,98.4921875
08:00:30,91282CKF7,TSRYS5774875,D,S,T,2024-04-03,1000000.00,4.377677,98.4921875
08:00:30,91282CKF7,TSRYS5774875,D,S,T,2024-04-03,1000000.00,4.373714,98.515625
08:00:30,91282CKF7,TSRYS5774875,D,S,T,2024-04-03,1000000.00,4.373714,98.515625
08:00:30,91282CKF7,TSRYS5774875,D,S,T,2024-04-03,1000000.00,4.373714,98.515625
08:00:30,91282CKF7,TSRYS5774875,D,S,T,2024-04-03,3000000.00,4.373714,98.515625
08:00:30,91282CKF7,TSRYS5774875,D,S,T,2024-04-03,1000000.00,4.375035,98.5078125
08:00:30,91282CKF7,TSRYS5774875,D,S,T,2024-04-03,1000000.00,4.375035,98.5078125
08:00:30,91282CKF7,TSRYS5774875,D,S,T,2024-04-03,1000000.00,4.375035,98.5078125
08:00:30,91282CKF7,TSRYS5774875,D,S,T,2024-04-03,1000000.00,4.375035,98.5078125
08:00:30,91282CKF7,TSRYS5774875,D,S,T,2024-04-03,1000000.00,4.375035,98.5078125
08:00:30,91282CKF7,TSRYS5774875,D,S,D,2024-04-03,1000000.00,4.375035,98.5078125
08:00:30,91282CKF7,TSRYS5774875,D,S,D,2024-04-03,2000000.00,4.375035,98.5078125
08:00:30,91282CKF7,TSRYS5774875,D,S,D,2024-04-03,2000000.00,4.375035,98.5078125
08:00:30,91282CKF7,TSRYS5774875,D,S,T,2024-04-03,2000000.00,4.373714,98.515625
08:00:30,91282CKF7,TSRYS5774875,D,S,T,2024-04-03,1000000.00,4.373714,98.515625
08:00:30,91282CKF7,TSRYS5774875,D,S,T,2024-04-03,1000000.00,4.373714,98.515625
08:00:30,91282CKF7,TSRYS5774875,D,S,T,2024-04-03,1000000.00,4.373714,98.515625
08:00:30,91282CKF7,TSRYS5774875,D,S,T,2024-04-03,1000000.00,4.373714,98.515625
08:00:30,91282CKF7,TSRYS5774875,D,S,T,2024-04-03,1000000.00,4.373714,98.515625
08:00:30,91282CKF7,TSRYS5774875,D,S,T,2024-04-03,2000000.00,4.373714,98.515625
08:00:30,91282CKF7,TSRYS5774875,D,S,T,2024-04-03,1000000.00,4.373714,98.515625
08:00:30,91282CKF7,TSRYS5774875,D,S,T,2024-04-03,1000000.00,4.373714,98.515625
08:00:30,91282CKF7,TSRYS5774875,D,S,T,2024-04-03,1000000.00,4.373714,98.515625
08:00:30,91282CKF7,TSRYS5774875,D,S,T,2024-04-03,2000000.00,4.373714,98.515625
08:00:30,91282CKF7,TSRYS5774875,D,S,T,2024-04-03,1000000.00,4.373714,98.515625
08:00:30,91282CKF7,TSRYS5774875,D,S,T,2024-04-03,1000000.00,4.373714,98.515625
08:00:30,91282CKF7,TSRYS5774875,D,S,T,2024-04-03,1000000.00,4.373714,98.515625
08:00:30,91282CKF7,TSRYS5774875,D,S,T,2024-04-03,1000000.00,4.373714,98.515625
08:00:30,91282CKF7,TSRYS5774875,D,S,T,2024-04-03,1000000.00,4.373714,98.515625
08:00:30,91282CKF7,TSRYS5774875,D,S,T,2024-04-03,1000000.00,4.371072,98.53125
08:00:30,91282CKF7,TSRYS5774875,D,S,T,2024-04-03,1000000.00,4.371072,98.53125
08:00:34,91282CKF7,TSRYS5774875,D,S,T,2024-04-03,2000000.00,4.371072,98.53125
08:00:34,91282CKF7,TSRYS5774875,D,S,T,2024-04-03,2000000.00,4.371072,98.53125
08:00:34,91282CKF7,TSRYS5774875,D,S,T,2024-04-03,1000000.00,4.371072,98.53125
08:00:34,91282CKF7,TSRYS5774875,D,S,T,2024-04-03,1000000.00,4.371072,98.53125
08:00:34,91282CKF7,TSRYS5774875,D,S,T,2024-04-03,5000000.00,4.371072,98.53125
08:00:34,91282CKF7,TSRYS5774875,D,S,T,2024-04-03,2000000.00,4.371072,98.53125
08:00:34,91282CKF7,TSRYS5774875,D,S,T,2024-04-03,2000000.00,4.368431,98.546875
08:00:34,91282CKF7,TSRYS5774875,D,S,T,2024-04-03,1000000.00,4.368431,98.546875
08:00:34,91282CKF7,TSRYS5774875,D,S,T,2024-04-03,2000000.00,4.368431,98.546875
08:00:34,91282CKF7,TSRYS5774875,D,S,T,2024-04-03,1000000.00,4.368431,98.546875
08:00:34,91282CKF7,TSRYS5774875,D,S,T,2024-04-03,2000000.00,4.368431,98.546875
08:00:34,91282CKF7,TSRYS5774875,D,S,T,2024-04-03,1000000.00,4.368431,98.546875
08:00:34,91282CKF7,TSRYS5774875,D,S,T,2024-04-03,1000000.00,4.368431,98.546875
08:00:34,91282CKF7,TSRYS5774875,D,S,T,2024-04-03,1000000.00,4.368431,98.546875
08:00:34,91282CKF7,TSRYS5774875,D,S,T,2024-04-03,1000000.00,4.368431,98.546875
08:00:34,91282CKF7,TSRYS5774875,D,S,T,2024-04-03,1000000.00,4.368431,98.546875
08:00:34,91282CKF7,TSRYS5774875,D,S,T,2024-04-03,3000000.00,4.368431,98.546875
08:00:34,91282CKF7,TSRYS5774875,D,S,T,2024-04-03,1000000.00,4.368431,98.546875
08:00:34,91282CKF7,TSRYS5774875,D,S,T,2024-04-03,1000000.00,4.368431,98.546875
08:00:34,91282CKF7,TSRYS5774875,D,S,T,2024-04-03,2000000.00,4.368431,98.546875
08:00:34,91282CKF7,TSRYS5774875,D,S,T,2024-04-03,2000000.00,4.368431,98.546875
08:00:34,91282CKF7,TSRYS5774875,D,S,T,2024-04-03,1000000.00,4.368431,98.546875
08:00:34,91282CKF7,TSRYS5774875,D,S,T,2024-04-03,1000000.00,4.368431,98.546875
08:00:34,91282CKF7,TSRYS5774875,D,S,T,2024-04-03,1000000.00,4.368431,98.546875
08:00:34,91282CKF7,TSRYS5774875,D,S,T,2024-04-03,1000000.00,4.368431,98.546875
08:00:34,91282CKF7,TSRYS5774875,D,S,T,2024-04-03,2000000.00,4.368431,98.546875
08:00:34,91282CKF7,TSRYS5774875,D,S,T,2024-04-03,2000000.00,4.368431,98.546875
08:00:34,91282CKF7,TSRYS5774875,D,S,T,2024-04-03,2000000.00,4.368431,98.546875
08:00:34,91282CKF7,TSRYS5774875,D,S,T,2024-04-03,1000000.00,4.368431,98.546875
08:00:34,91282CKF7,TSRYS5774875,D,S,T,2024-04-03,2000000.00,4.368431,98.546875
08:00:34,91282CKF7,TSRYS5774875,D,S,T,2024-04-03,1000000.00,4.368431,98.546875
08:00:34,91282CKF7,TSRYS5774875,D,S,T,2024-04-03,1000000.00,4.368431,98.546875
08:00:34,91282CKF7,TSRYS5774875,D,S,T,2024-04-03,1000000.00,4.368431,98.546875
08:00:34,91282CKF7,TSRYS5774875,D,S,T,2024-04-03,2000000.00,4.368431,98.546875
08:00:34,91282CKF7,TSRYS5774875,D,S,T,2024-04-03,1000000.00,4.368431,98.546875
08:00:34,91282CKF7,TSRYS5774875,D,S,T,2024-04-03,2000000.00,4.368431,98.546875
08:00:34,91282CKF7,TSRYS5774875,D,S,T,2024-04-03,1000000.00,4.368431,98.546875
08:00:34,91282CKF7,TSRYS5774875,D,S,T,2024-04-03,1000000.00,4.368431,98.546875
08:00:34,91282CKF7,TSRYS5774875,D,S,T,2024-04-03,2000000.00,4.368431,98.546875
08:00:34,91282CKF7,TSRYS5774875,D,S,T,2024-04-03,1000000.00,4.368431,98.546875
08:00:34,91282CKF7,TSRYS5774875,D,S,T,2024-04-03,2000000.00,4.368431,98.546875
08:00:34,91282CKF7,TSRYS5774875,D,S,T,2024-04-03,2000000.00,4.368431,98.546875
08:00:34,91282CKF7,TSRYS5774875,D,S,T,2024-04-03,1000000.00,4.369752,98.5390625
08:00:34,91282CKF7,TSRYS5774875,D,S,T,2024-04-03,1000000.00,4.368431,98.546875
08:00:34,91282CKF7,TSRYS5774875,D,S,T,2024-04-03,1000000.00,4.368431,98.546875
08:00:34,91282CKF7,TSRYS5774875,D,S,T,2024-04-03,1000000.00,4.368431,98.546875
08:00:34,91282CKF7,TSRYS5774875,D,S,T,2024-04-03,1000000.00,4.368431,98.546875
08:00:34,91282CKF7,TSRYS5774875,D,S,T,2024-04-03,2000000.00,4.367111,98.5546875
08:00:34,91282CKF7,TSRYS5774875,D,S,T,2024-04-03,1000000.00,4.365791,98.5625
08:00:34,91282CKF7,TSRYS5774875,D,S,T,2024-04-03,1000000.00,4.365791,98.5625
08:00:34,91282CKF7,TSRYS5774875,D,S,T,2024-04-03,2000000.00,4.365791,98.5625
08:00:34,91282CKF7,TSRYS5774875,D,S,T,2024-04-03,1000000.00,4.368431,98.546875
08:00:34,91282CKF7,TSRYS5774875,D,S,T,2024-04-03,1000000.00,4.368431,98.546875
08:00:34,91282CKF7,TSRYS5774875,D,S,T,2024-04-03,1000000.00,4.368431,98.546875
08:00:34,91282CKF7,TSRYS5774875,D,S,T,2024-04-03,1000000.00,4.368431,98.546875
08:00:34,91282CKF7,TSRYS5774875,D,S,T,2024-04-03,1000000.00,4.368431,98.546875
08:00:34,91282CKF7,TSRYS5774875,D,S,T,2024-04-03,1000000.00,4.368431,98.546875
08:00:34,91282CKF7,TSRYS5774875,D,S,T,2024-04-03,2000000.00,4.368431,98.546875
08:00:34,91282CKF7,TSRYS5774875,D,S,T,2024-04-03,1000000.00,4.368431,98.546875
08:00:34,91282CKF7,TSRYS5774875,D,S,T,2024-04-03,1000000.00,4.368431,98.546875
08:00:34,91282CKF7,TSRYS5774875,D,S,D,2024-04-03,2000000.00,4.366451,98.55859375
08:00:34,91282CKF7,TSRYS5774875,D,S,D,2024-04-03,3000000.00,4.366451,98.55859375
08:00:34,91282CKF7,TSRYS5774875,D,S,T,2024-04-03,2000000.00,4.365791,98.5625
08:00:34,91282CKF7,TSRYS5774875,D,S,T,2024-04-03,2000000.00,4.365791,98.5625
08:00:34,91282CKF7,TSRYS5774875,D,S,T,2024-04-03,1000000.00,4.365791,98.5625
08:00:34,91282CKF7,TSRYS5774875,D,S,T,2024-04-03,1000000.00,4.365791,98.5625
08:00:34,91282CKF7,TSRYS5774875,D,S,T,2024-04-03,2000000.00,4.363151,98.578125
08:00:34,91282CKF7,TSRYS5774875,D,S,T,2024-04-03,2000000.00,4.363151,98.578125
08:00:34,91282CKF7,TSRYS5774875,D,S,T,2024-04-03,1000000.00,4.362821,98.580078125
08:00:34,91282CKF7,TSRYS5774875,D,S,T,2024-04-03,1000000.00,4.363151,98.578125
08:00:34,91282CKF7,TSRYS5774875,D,S,T,2024-04-03,2000000.00,4.363151,98.578125
08:00:34,91282CKF7,TSRYS5774875,D,S,T,2024-04-03,1000000.00,4.365791,98.5625
08:00:34,91282CKF7,TSRYS5774875,D,S,T,2024-04-03,2000000.00,4.365791,98.5625
08:00:34,91282CKF7,TSRYS5774875,D,S,T,2024-04-03,1000000.00,4.365791,98.5625
08:00:34,91282CKF7,TSRYS5774875,D,S,T,2024-04-03,1000000.00,4.365791,98.5625
08:00:34,91282CKF7,TSRYS5774875,D,S,T,2024-04-03,1000000.00,4.365791,98.5625
08:00:34,91282CKF7,TSRYS5774875,D,S,T,2024-04-03,1000000.00,4.365791,98.5625
08:00:34,91282CKF7,TSRYS5774875,D,S,T,2024-04-03,1000000.00,4.365791,98.5625
08:00:34,91282CKF7,TSRYS5774875,D,S,T,2024-04-03,1000000.00,4.365791,98.5625
08:00:34,91282CKF7,TSRYS5774875,D,S,T,2024-04-03,1000000.00,4.365791,98.5625
08:00:34,91282CKF7,TSRYS5774875,D,S,T,2024-04-03,2000000.00,4.363151,98.578125
08:00:34,91282CKF7,TSRYS5774875,D,S,T,2024-04-03,1000000.00,4.363151,98.578125
08:00:34,91282CKF7,TSRYS5774875,D,S,T,2024-04-03,1000000.00,4.363151,98.578125
08:00:34,91282CKF7,TSRYS5774875,D,S,T,2024-04-03,2000000.00,4.364471,98.5703125
08:00:34,91282CKF7,TSRYS5774875,D,S,T,2024-04-03,2000000.00,4.364471,98.5703125
08:00:34,91282CKF7,TSRYS5774875,D,S,T,2024-04-03,1000000.00,4.364471,98.5703125
08:00:34,91282CKF7,TSRYS5774875,D,S,T,2024-04-03,1000000.00,4.364471,98.5703125
08:00:34,91282CKF7,TSRYS5774875,D,S,T,2024-04-03,1000000.00,4.364471,98.5703125
08:00:34,91282CKF7,TSRYS5774875,D,S,T,2024-04-03,1000000.00,4.364471,98.5703125
08:00:34,91282CKF7,TSRYS5774875,D,S,T,2024-04-03,2000000.00,4.364471,98.5703125
08:00:34,91282CKF7,TSRYS5774875,D,S,T,2024-04-03,2000000.00,4.368431,98.546875
08:00:34,91282CKF7,TSRYS5774875,D,S,T,2024-04-03,2000000.00,4.365791,98.5625
08:00:34,91282CKF7,TSRYS5774875,D,S,D,2024-04-03,2000000.00,4.369752,98.5390625
08:00:34,91282CKF7,TSRYS5774875,D,S,T,2024-04-03,1000000.00,4.368431,98.546875
08:00:34,91282CKF7,TSRYS5774875,D,S,T,2024-04-03,2000000.00,4.371072,98.53125
08:00:34,91282CKF7,TSRYS5774875,D,S,T,2024-04-03,1000000.00,4.371072,98.53125
08:00:34,91282CKF7,TSRYS5774875,D,S,T,2024-04-03,1000000.00,4.371072,98.53125
08:00:34,91282CKF7,TSRYS5774875,D,S,T,2024-04-03,2000000.00,4.371072,98.53125
08:00:34,91282CKF7,TSRYS5774875,D,S,T,2024-04-03,1000000.00,4.371072,98.53125
08:00:34,91282CKF7,TSRYS5774875,D,S,T,2024-04-03,2000000.00,4.371072,98.53125
08:00:34,91282CKF7,TSRYS5774875,D,S,T,2024-04-03,2000000.00,4.374374,98.51171875
08:00:34,91282CKF7,TSRYS5774875,D,S,T,2024-04-03,2000000.00,4.373714,98.515625
08:00:34,91282CKF7,TSRYS5774875,D,S,T,2024-04-03,1000000.00,4.376356,98.5
08:00:34,91282CKF7,TSRYS5774875,D,S,T,2024-04-03,1000000.00,4.376356,98.5
08:00:34,91282CKF7,TSRYS5774875,D,S,T,2024-04-03,1000000.00,4.376356,98.5
08:00:34,91282CKF7,TSRYS5774875,D,S,T,2024-04-03,2000000.00,4.376356,98.5
08:00:34,91282CKF7,TSRYS5774875,D,S,T,2024-04-03,1000000.00,4.373714,98.515625
08:00:34,91282CKF7,TSRYS5774875,D,S,T,2024-04-03,1000000.00,4.373384,98.517578125
08:00:34,91282CKF7,TSRYS5774875,D,S,T,2024-04-03,2000000.00,4.373714,98.515625
08:00:34,91282CKF7,TSRYS5774875,D,S,T,2024-04-03,1000000.00,4.374374,98.51171875
08:00:34,91282CKF7,TSRYS5774875,D,S,T,2024-04-03,3000000.00,4.373714,98.515625
08:00:34,91282CKF7,TSRYS5774875,D,S,T,2024-04-03,2000000.00,4.373714,98.515625
08:00:34,91282CKF7,TSRYS5774875,D,S,T,2024-04-03,3000000.00,4.373714,98.515625
08:00:34,91282CKF7,TSRYS5774875,D,S,T,2024-04-03,2000000.00,4.373714,98.515625
08:00:34,91282CKF7,TSRYS5774875,D,S,D,2024-04-03,1000000.00,4.358862,98.603515625
08:00:34,91282CKF7,TSRYS5774875,D,S,D,2024-04-03,1000000.00,4.361831,98.5859375
08:00:34,91282CKF7,TSRYS5774875,D,S,D,2024-04-03,1000000.00,4.352595,98.640625
08:00:34,91282CKF7,TSRYS5774875,D,S,D,2024-04-03,2000000.00,4.349628,98.658203125
08:00:34,91282CKF7,TSRYS5774875,D,S,D,2024-04-03,2000000.00,4.349958,98.65625
08:00:34,91282CKF7,TSRYS5774875,D,S,D,2024-04-03,1000000.00,4.349628,98.658203125
08:00:34,91282CKF7,TSRYS5774875,D,S,D,2024-04-03,2000000.00,4.351276,98.6484375
08:00:34,91282CKF7,TSRYS5774875,D,S,D,2024-04-03,2000000.00,4.355893,98.62109375
08:00:34,91282CKF7,TSRYS5774875,D,S,D,2024-04-03,2000000.00,4.361171,98.58984375
08:00:34,91282CKF7,TSRYS5774875,D,S,D,2024-04-03,1000000.00,4.359192,98.6015625
08:00:34,91282CKF7,TSRYS5774875,D,S,D,2024-04-03,2000000.00,4.383624,98.45703125
08:00:34,91282CKF7,TSRYS5774875,D,S,D,2024-04-03,1000000.00,4.37999,98.478515625
08:00:34,91282CKF7,TSRYS5774875,D,S,D,2024-04-03,2000000.00,4.378008,98.490234375
08:00:34,91282CKF7,TSRYS5774875,D,S,D,2024-04-03,970000.00,4.363481,98.576171875
08:00:34,91282CKF7,TSRYS5774875,D,S,D,2024-04-03,1000000.00,4.369752,98.5390625
08:00:34,91282CKF7,TSRYS5774875,D,S,D,2024-04-03,2000000.00,4.376026,98.501953125
08:00:34,91282CKF7,TSRYS5774875,D,S,D,2024-04-03,1000000.00,4.363811,98.57421875
08:00:34,91282CKF7,TSRYS5774875,D,S,D,2024-04-03,1000000.00,4.363481,98.576171875
08:00:34,91282CKF7,TSRYS5774875,D,S,D,2024-04-03,1000000.00,4.363481,98.576171875
08:00:34,91282CKF7,TSRYS5774875,D,S,D,2024-04-03,1000000.00,4.364801,98.568359375
08:00:34,91282CKF7,TSRYS5774875,D,S,D,2024-04-03,1000000.00,4.364471,98.5703125
08:00:34,91282CKF7,TSRYS5774875,D,S,D,2024-04-03,1000000.00,4.364471,98.5703125
08:00:34,91282CKF7,TSRYS5774875,D,S,D,2024-04-03,1000000.00,4.364471,98.5703125
08:00:34,91282CKF7,TSRYS5774875,D,S,D,2024-04-03,1000000.00,4.364471,98.5703125
08:00:34,91282CKF7,TSRYS5774875,D,S,D,2024-04-03,1000000.00,4.364471,98.5703125
08:00:34,91282CKF7,TSRYS5774875,D,S,D,2024-04-03,1000000.00,4.364471,98.5703125
08:00:34,91282CKF7,TSRYS5774875,D,S,D,2024-04-03,1000000.00,4.364471,98.5703125
08:00:34,91282CKF7,TSRYS5774875,D,S,D,2024-04-03,1000000.00,4.364471,98.5703125
08:00:34,91282CKF7,TSRYS5774875,D,S,D,2024-04-03,1000000.00,4.364471,98.5703125
08:00:34,91282CKF7,TSRYS5774875,D,S,D,2024-04-03,2000000.00,4.359521,98.599609375
08:00:34,91282CKF7,TSRYS5774875,D,S,D,2024-04-03,2000000.00,4.349298,98.66015625
08:00:34,91282CKF7,TSRYS5774875,D,S,D,2024-04-03,2000000.00,4.350947,98.650390625
08:00:34,91282CKF7,TSRYS5774875,D,S,D,2024-04-03,2000000.00,4.350287,98.654296875
08:00:34,91282CKF7,TSRYS5774875,D,S,D,2024-04-03,3000000.00,4.351606,98.646484375
08:00:34,91282CKF7,TSRYS5774875,D,S,D,2024-04-03,2000000.00,4.351606,98.646484375
08:00:34,91282CKF7,TSRYS5774875,D,S,D,2024-04-03,1000000.00,4.362821,98.580078125
08:00:34,91282CKF7,TSRYS5774875,D,S,D,2024-04-03,1000000.00,4.362821,98.580078125
08:00:34,91282CKF7,TSRYS5774875,D,S,D,2024-04-03,1000000.00,4.363151,98.578125
08:00:34,91282CKF7,TSRYS5774875,D,S,D,2024-04-03,1000000.00,4.363151,98.578125
08:00:34,91282CKF7,TSRYS5774875,D,S,D,2024-04-03,1000000.00,4.363151,98.578125
08:00:34,91282CKF7,TSRYS5774875,D,S,D,2024-04-03,1000000.00,4.360841,98.591796875
08:00:34,91282CKF7,TSRYS5774875,D,S,D,2024-04-03,1000000.00,4.360841,98.591796875
08:00:34,91282CKF7,TSRYS5774875,D,S,D,2024-04-03,1000000.00,4.359521,98.599609375
08:00:34,91282CKF7,TSRYS5774875,D,S,D,2024-04-03,1000000.00,4.359521,98.599609375
08:00:34,91282CKF7,TSRYS5774875,D,S,D,2024-04-03,1000000.00,4.359521,98.599609375
08:00:34,91282CKF7,TSRYS5774875,D,S,D,2024-04-03,3000000.00,4.378008,98.490234375
08:00:34,91282CKF7,TSRYS5774875,D,S,D,2024-04-03,1000000.00,4.378008,98.490234375
08:00:34,91282CKF7,TSRYS5774875,D,S,D,2024-04-03,2000000.00,4.368431,98.546875
08:00:34,91282CKF7,TSRYS5774875,D,S,D,2024-04-03,1000000.00,4.368101,98.548828125
08:00:34,91282CKF7,TSRYS5774875,D,S,D,2024-04-03,1000000.00,4.368101,98.548828125
08:00:34,91282CKF7,TSRYS5774875,D,S,D,2024-04-03,2000000.00,4.365791,98.5625
08:00:34,91282CKF7,TSRYS5774875,D,S,D,2024-04-03,1000000.00,4.365791,98.5625
08:00:34,91282CKF7,TSRYS5774875,D,S,D,2024-04-03,1000000.00,4.364141,98.572265625
08:00:34,91282CKF7,TSRYS5774875,D,S,D,2024-04-03,2000000.00,4.364141,98.572265625
08:00:34,91282CKF7,TSRYS5774875,D,S,D,2024-04-03,3000000.00,4.364471,98.5703125
08:00:34,91282CKF7,TSRYS5774875,D,S,D,2024-04-03,1000000.00,4.363481,98.576171875
08:00:34,91282CKF7,TSRYS5774875,D,S,D,2024-04-03,2000000.00,4.363151,98.578125
08:00:34,91282CKF7,TSRYS5774875,D,S,D,2024-04-03,2000000.00,4.370082,98.537109375
08:00:34,91282CKF7,TSRYS5774875,D,S,D,2024-04-03,1000000.00,4.370082,98.537109375
08:00:34,91282CKF7,TSRYS5774875,D,S,D,2024-04-03,1000000.00,4.369752,98.5390625
08:00:34,91282CKF7,TSRYS5774875,D,S,D,2024-04-03,2000000.00,4.370082,98.537109375
08:00:34,91282CKF7,TSRYS5774875,D,S,D,2024-04-03,2000000.00,4.375696,98.50390625
08:00:34,91282CKF7,TSRYS5774875,D,S,D,2024-04-03,3000000.00,4.376026,98.501953125
08:00:34,91282CKF7,TSRYS5774875,D,S,D,2024-04-03,1000000.00,4.376026,98.501953125
08:00:34,91282CKF7,TSRYS5774875,D,S,D,2024-04-03,2000000.00,4.376026,98.501953125
08:00:34,91282CKF7,TSRYS5774875,D,S,D,2024-04-03,2000000.00,4.374705,98.509765625
08:00:34,91282CKF7,TSRYS5774875,D,S,T,2024-04-03,1000000.00,4.358862,98.603515625
08:00:34,91282CKF7,TSRYS5774875,D,S,T,2024-04-03,1000000.00,4.358862,98.603515625
08:00:34,91282CKF7,TSRYS5774875,D,S,T,2024-04-03,1000000.00,4.358862,98.603515625
08:00:34,91282CKF7,TSRYS5774875,D,S,T,2024-04-03,1000000.00,4.358862,98.603515625
08:00:34,91282CKF7,TSRYS5774875,D,S,T,2024-04-03,1000000.00,4.358862,98.603515625
08:00:34,91282CKF7,TSRYS5774875,D,S,T,2024-04-03,2000000.00,4.358862,98.603515625
08:00:34,91282CKF7,TSRYS5774875,D,S,T,2024-04-03,1000000.00,4.358862,98.603515625
08:00:34,91282CKF7,TSRYS5774875,D,S,D,2024-04-03,1000000.00,4.358862,98.603515625
08:00:34,91282CKF7,TSRYS5774875,D,S,T,2024-04-03,3000000.00,4.358862,98.603515625
08:00:34,91282CKF7,TSRYS5774875,D,S,T,2024-04-03,3000000.00,4.358862,98.603515625
08:00:34,91282CKF7,TSRYS5774875,D,S,T,2024-04-03,1000000.00,4.361171,98.58984375
08:00:34,91282CKF7,TSRYS5774875,D,S,T,2024-04-03,1000000.00,4.361501,98.587890625
08:00:34,91282CKF7,TSRYS5774875,D,S,T,2024-04-03,1000000.00,4.364141,98.572265625
08:00:34,91282CKF7,TSRYS5774875,D,S,T,2024-04-03,1000000.00,4.363811,98.57421875
08:00:34,91282CKF7,TSRYS5774875,D,S,T,2024-04-03,1000000.00,4.354244,98.630859375
08:00:34,91282CKF7,TSRYS5774875,D,S,T,2024-04-03,1000000.00,4.354244,98.630859375
08:00:34,91282CKF7,TSRYS5774875,D,S,T,2024-04-03,1000000.00,4.354244,98.630859375
08:00:34,91282CKF7,TSRYS5774875,D,S,T,2024-04-03,1000000.00,4.354244,98.630859375
08:00:34,91282CKF7,TSRYS5774875,D,S,T,2024-04-03,1000000.00,4.354244,98.630859375
08:00:34,91282CKF7,TSRYS5774875,D,S,T,2024-04-03,1000000.00,4.354244,98.630859375
08:00:34,91282CKF7,TSRYS5774875,D,S,T,2024-04-03,1000000.00,4.356553,98.6171875
08:00:34,91282CKF7,TSRYS5774875,D,S,T,2024-04-03,1000000.00,4.354244,98.630859375
08:00:34,91282CKF7,TSRYS5774875,D,S,T,2024-04-03,1000000.00,4.354244,98.630859375
08:00:34,91282CKF7,TSRYS5774875,D,S,T,2024-04-03,1000000.00,4.356553,98.6171875
08:00:34,91282CKF7,TSRYS5774875,D,S,T,2024-04-03,1000000.00,4.356553,98.6171875
08:00:34,91282CKF7,TSRYS5774875,D,S,D,2024-04-03,1000000.00,4.354244,98.630859375
08:00:34,91282CKF7,TSRYS5774875,D,S,T,2024-04-03,1000000.00,4.354244,98.630859375
08:00:34,91282CKF7,TSRYS5774875,D,S,T,2024-04-03,1000000.00,4.354244,98.630859375
08:00:34,91282CKF7,TSRYS5774875,D,S,T,2024-04-03,1000000.00,4.354244,98.630859375
08:00:34,91282CKF7,TSRYS5774875,D,S,T,2024-04-03,1000000.00,4.354244,98.630859375
08:00:34,91282CKF7,TSRYS5774875,D,S,T,2024-04-03,1000000.00,4.354244,98.630859375
08:00:34,91282CKF7,TSRYS5774875,D,S,T,2024-04-03,1000000.00,4.356553,98.6171875
08:00:34,91282CKF7,TSRYS5774875,D,S,T,2024-04-03,1000000.00,4.358862,98.603515625
08:00:34,91282CKF7,TSRYS5774875,D,S,T,2024-04-03,1000000.00,4.358862,98.603515625
08:00:34,91282CKF7,TSRYS5774875,D,S,T,2024-04-03,1000000.00,4.356553,98.6171875
08:00:34,91282CKF7,TSRYS5774875,D,S,T,2024-04-03,1000000.00,4.358862,98.603515625
08:00:34,91282CKF7,TSRYS5774875,D,S,T,2024-04-03,1000000.00,4.358862,98.603515625
08:00:34,91282CKF7,TSRYS5774875,D,S,T,2024-04-03,1000000.00,4.354244,98.630859375
08:00:34,91282CKF7,TSRYS5774875,D,S,T,2024-04-03,1000000.00,4.354244,98.630859375
08:00:34,91282CKF7,TSRYS5774875,D,S,T,2024-04-03,1000000.00,4.354244,98.630859375
08:00:34,91282CKF7,TSRYS5774875,D,S,T,2024-04-03,1000000.00,4.354244,98.630859375
08:00:34,91282CKF7,TSRYS5774875,D,S,T,2024-04-03,1000000.00,4.356883,98.615234375
08:00:34,91282CKF7,TSRYS5774875,D,S,T,2024-04-03,1000000.00,4.354244,98.630859375
08:00:34,91282CKF7,TSRYS5774875,D,S,T,2024-04-03,2000000.00,4.350287,98.654296875
08:00:34,91282CKF7,TSRYS5774875,D,S,T,2024-04-03,2000000.00,4.350287,98.654296875
08:00:34,91282CKF7,TSRYS5774875,D,S,T,2024-04-03,2000000.00,4.349628,98.658203125
08:00:34,91282CKF7,TSRYS5774875,D,S,T,2024-04-03,2000000.00,4.349628,98.658203125
08:00:34,91282CKF7,TSRYS5774875,D,S,T,2024-04-03,2000000.00,4.349958,98.65625
08:00:34,91282CKF7,TSRYS5774875,D,S,T,2024-04-03,2000000.00,4.349958,98.65625
08:00:34,91282CKF7,TSRYS5774875,D,S,T,2024-04-03,1000000.00,4.349628,98.658203125
08:00:34,91282CKF7,TSRYS5774875,D,S,T,2024-04-03,2000000.00,4.349628,98.658203125
08:00:34,91282CKF7,TSRYS5774875,D,S,T,2024-04-03,2000000.00,4.349628,98.658203125
08:00:34,91282CKF7,TSRYS5774875,D,S,T,2024-04-03,1000000.00,4.351606,98.646484375
08:00:34,91282CKF7,TSRYS5774875,D,S,T,2024-04-03,2000000.00,4.351606,98.646484375
08:00:34,91282CKF7,TSRYS5774875,D,S,T,2024-04-03,2000000.00,4.358862,98.603515625
08:00:34,91282CKF7,TSRYS5774875,D,S,T,2024-04-03,1000000.00,4.361171,98.58984375
08:00:34,91282CKF7,TSRYS5774875,D,S,T,2024-04-03,1000000.00,4.361171,98.58984375
08:00:34,91282CKF7,TSRYS5774875,D,S,T,2024-04-03,1000000.00,4.361831,98.5859375
08:00:34,91282CKF7,TSRYS5774875,D,S,T,2024-04-03,2000000.00,4.362491,98.58203125
08:00:34,91282CKF7,TSRYS5774875,D,S,T,2024-04-03,1000000.00,4.362491,98.58203125
08:00:34,91282CKF7,TSRYS5774875,D,S,T,2024-04-03,1000000.00,4.362491,98.58203125
08:00:34,91282CKF7,TSRYS5774875,D,S,T,2024-04-03,1000000.00,4.360841,98.591796875
08:00:34,91282CKF7,TSRYS5774875,D,S,T,2024-04-03,1000000.00,4.359192,98.6015625
08:00:34,91282CKF7,TSRYS5774875,D,S,T,2024-04-03,1000000.00,4.359192,98.6015625
08:00:34,91282CKF7,TSRYS5774875,D,S,T,2024-04-03,1000000.00,4.359192,98.6015625
08:00:34,91282CKF7,TSRYS5774875,D,S,T,2024-04-03,1000000.00,4.359192,98.6015625
08:00:34,91282CKF7,TSRYS5774875,D,S,T,2024-04-03,1000000.00,4.383294,98.458984375
08:00:34,91282CKF7,TSRYS5774875,D,S,T,2024-04-03,1000000.00,4.383294,98.458984375
08:00:34,91282CKF7,TSRYS5774875,D,S,T,2024-04-03,2000000.00,4.383955,98.455078125
08:00:34,91282CKF7,TSRYS5774875,D,S,T,2024-04-03,4000000.00,4.377677,98.4921875
08:00:34,91282CKF7,TSRYS5774875,D,S,T,2024-04-03,2000000.00,4.378999,98.484375
08:00:34,91282CKF7,TSRYS5774875,D,S,T,2024-04-03,5000000.00,4.378008,98.490234375
08:00:34,91282CKF7,TSRYS5774875,D,S,T,2024-04-03,1000000.00,4.379659,98.48046875
08:00:34,91282CKF7,TSRYS5774875,D,S,T,2024-04-03,1000000.00,4.38065,98.474609375
08:00:34,91282CKF7,TSRYS5774875,D,S,T,2024-04-03,1000000.00,4.379329,98.482421875
08:00:34,91282CKF7,TSRYS5774875,D,S,T,2024-04-03,1000000.00,4.378999,98.484375
08:00:34,91282CKF7,TSRYS5774875,D,S,T,2024-04-03,1000000.00,4.378338,98.48828125
08:00:34,91282CKF7,TSRYS5774875,D,S,T,2024-04-03,1000000.00,4.378338,98.48828125
08:00:34,91282CKF7,TSRYS5774875,D,S,T,2024-04-03,1000000.00,4.378338,98.48828125
08:00:34,91282CKF7,TSRYS5774875,D,S,T,2024-04-03,1000000.00,4.378338,98.48828125
08:00:34,91282CKF7,TSRYS5774875,D,S,T,2024-04-03,1000000.00,4.378338,98.48828125
08:00:34,91282CKF7,TSRYS5774875,D,S,T,2024-04-03,1000000.00,4.378338,98.48828125
08:00:34,91282CKF7,TSRYS5774875,D,S,T,2024-04-03,1000000.00,4.378008,98.490234375
08:00:34,91282CKF7,TSRYS5774875,D,S,T,2024-04-03,2000000.00,4.378338,98.48828125
08:00:34,91282CKF7,TSRYS5774875,D,S,T,2024-04-03,2000000.00,4.378338,98.48828125
08:00:34,91282CKF7,TSRYS5774875,D,S,T,2024-04-03,1000000.00,4.378338,98.48828125
08:00:34,91282CKF7,TSRYS5774875,D,S,T,2024-04-03,1000000.00,4.378338,98.48828125
08:00:34,91282CKF7,TSRYS5774875,D,S,T,2024-04-03,4000000.00,4.377677,98.4921875
08:00:34,91282CKF7,TSRYS5774875,D,S,T,2024-04-03,1000000.00,4.378008,98.490234375
08:00:34,91282CKF7,TSRYS5774875,D,S,T,2024-04-03,1000000.00,4.373714,98.515625
08:00:34,91282CKF7,TSRYS5774875,D,S,T,2024-04-03,1000000.00,4.373384,98.517578125
08:00:34,91282CKF7,TSRYS5774875,D,S,T,2024-04-03,2000000.00,4.373714,98.515625
08:00:34,91282CKF7,TSRYS5774875,D,S,T,2024-04-03,1000000.00,4.373714,98.515625
08:00:34,91282CKF7,TSRYS5774875,D,S,T,2024-04-03,2000000.00,4.373714,98.515625
08:00:34,91282CKF7,TSRYS5774875,D,S,T,2024-04-03,1000000.00,4.373714,98.515625
08:00:34,91282CKF7,TSRYS5774875,D,S,T,2024-04-03,1000000.00,4.373714,98.515625
08:00:34,91282CKF7,TSRYS5774875,D,S,T,2024-04-03,1000000.00,4.370082,98.537109375
08:00:34,91282CKF7,TSRYS5774875,D,S,T,2024-04-03,1000000.00,4.371072,98.53125
08:00:34,91282CKF7,TSRYS5774875,D,S,T,2024-04-03,1000000.00,4.371072,98.53125
08:00:34,91282CKF7,TSRYS5774875,D,S,T,2024-04-03,1000000.00,4.369422,98.541015625
08:00:34,91282CKF7,TSRYS5774875,D,S,T,2024-04-03,2000000.00,4.363811,98.57421875
08:00:34,91282CKF7,TSRYS5774875,D,S,T,2024-04-03,1000000.00,4.363811,98.57421875
08:00:34,91282CKF7,TSRYS5774875,D,S,T,2024-04-03,2000000.00,4.364471,98.5703125
08:00:34,91282CKF7,TSRYS5774875,D,S,T,2024-04-03,1000000.00,4.364471,98.5703125
08:00:34,91282CKF7,TSRYS5774875,D,S,T,2024-04-03,2000000.00,4.363481,98.576171875
08:00:34,91282CKF7,TSRYS5774875,D,S,T,2024-04-03,3000000.00,4.364471,98.5703125
08:00:34,91282CKF7,TSRYS5774875,D,S,T,2024-04-03,3000000.00,4.364471,98.5703125
08:00:34,91282CKF7,TSRYS5774875,D,S,T,2024-04-03,3000000.00,4.364471,98.5703125
08:00:34,91282CKF7,TSRYS5774875,D,S,T,2024-04-03,3000000.00,4.364471,98.5703125
08:00:34,91282CKF7,TSRYS5774875,D,S,T,2024-04-03,1000000.00,4.364471,98.5703125
08:00:34,91282CKF7,TSRYS5774875,D,S,T,2024-04-03,3000000.00,4.364471,98.5703125
08:00:34,91282CKF7,TSRYS5774875,D,S,T,2024-04-03,1000000.00,4.364471,98.5703125
08:00:34,91282CKF7,TSRYS5774875,D,S,T,2024-04-03,2000000.00,4.364801,98.568359375
08:00:34,91282CKF7,TSRYS5774875,D,S,T,2024-04-03,1000000.00,4.368431,98.546875
08:00:34,91282CKF7,TSRYS5774875,D,S,T,2024-04-03,1000000.00,4.368431,98.546875
08:00:34,91282CKF7,TSRYS5774875,D,S,T,2024-04-03,2000000.00,4.368431,98.546875
08:00:34,91282CKF7,TSRYS5774875,D,S,T,2024-04-03,2000000.00,4.368431,98.546875
08:00:34,91282CKF7,TSRYS5774875,D,S,T,2024-04-03,1000000.00,4.368431,98.546875
08:00:34,91282CKF7,TSRYS5774875,D,S,T,2024-04-03,2000000.00,4.376026,98.501953125
08:00:34,91282CKF7,TSRYS5774875,D,S,T,2024-04-03,2000000.00,4.376026,98.501953125
08:00:34,91282CKF7,TSRYS5774875,D,S,T,2024-04-03,1000000.00,4.373054,98.51953125
08:00:35,91282CKF7,TSRYS5774875,D,B,A,2024-04-03,980000.00,4.360511,98.59375
08:00:39,91282CKF7,TSRYS5774875,D,B,A,2024-04-03,15000000.00,4.363151,98.578125
08:00:39,91282CKF7,TSRYS5774875,D,S,D,2024-04-03,1000000.00,4.362821,98.580078125
08:00:39,91282CKF7,TSRYS5774875,D,S,T,2024-04-03,1000000.00,4.363481,98.576171875
08:00:39,91282CKF7,TSRYS5774875,D,S,T,2024-04-03,1000000.00,4.363481,98.576171875
08:00:39,91282CKF7,TSRYS5774875,D,S,T,2024-04-03,1000000.00,4.363481,98.576171875
08:00:39,91282CKF7,TSRYS5774875,D,S,T,2024-04-03,1000000.00,4.363481,98.576171875
08:00:39,91282CKF7,TSRYS5774875,D,S,T,2024-04-03,1000000.00,4.363481,98.576171875
08:00:39,91282CKF7,TSRYS5774875,D,S,C,2024-04-03,42140000.00,4.366451,98.55859375
08:00:39,91282CKF7,TSRYS5774875,D,S,D,2024-04-03,1000.00,4.364471,98.5703125
08:00:41,91282CKF7,TSRYS5774875,D,S,D,2024-04-03,42140000.00,4.366451,98.55859375
08:00:42,91282CKF7,TSRYS5774875,D,S,A,2024-04-03,7538000.00,4.361831,98.5859375
08:00:43,91282CKF7,TSRYS5774875,D,S,D,2024-04-03,490000.00,4.379659,98.48046875
08:00:44,91282CKF7,TSRYS5774875,D,S,T,2024-04-03,1000000.00,4.363151,98.578125
08:00:44,91282CKF7,TSRYS5774875,D,S,T,2024-04-03,1000000.00,4.363811,98.57421875
08:00:44,91282CKF7,TSRYS5774875,D,S,T,2024-04-03,1000000.00,4.363811,98.57421875
08:00:44,91282CKF7,TSRYS5774875,D,S,T,2024-04-03,2000000.00,4.363151,98.578125
08:00:44,91282CKF7,TSRYS5774875,D,S,T,2024-04-03,1000000.00,4.363151,98.578125
08:00:44,91282CKF7,TSRYS5774875,D,S,T,2024-04-03,1000000.00,4.363811,98.57421875
08:00:44,91282CKF7,TSRYS5774875,D,S,T,2024-04-03,1000000.00,4.363811,98.57421875
08:00:44,91282CKF7,TSRYS5774875,D,S,T,2024-04-03,1000000.00,4.361171,98.58984375
08:00:44,91282CKF7,TSRYS5774875,D,S,T,2024-04-03,2000000.00,4.354574,98.62890625
08:00:44,91282CKF7,TSRYS5774875,D,S,T,2024-04-03,1000000.00,4.354574,98.62890625
08:00:44,91282CKF7,TSRYS5774875,D,S,T,2024-04-03,1000000.00,4.354574,98.62890625
08:00:44,91282CKF7,TSRYS5774875,D,S,T,2024-04-03,2000000.00,4.354574,98.62890625
08:00:44,91282CKF7,TSRYS5774875,D,S,T,2024-04-03,1000000.00,4.354574,98.62890625
08:00:44,91282CKF7,TSRYS5774875,D,S,T,2024-04-03,2000000.00,4.354574,98.62890625
08:00:44,91282CKF7,TSRYS5774875,D,S,T,2024-04-03,1000000.00,4.354574,98.62890625
08:00:44,91282CKF7,TSRYS5774875,D,S,T,2024-04-03,1000000.00,4.354574,98.62890625
08:00:44,91282CKF7,TSRYS5774875,D,S,T,2024-04-03,1000000.00,4.354574,98.62890625
08:00:44,91282CKF7,TSRYS5774875,D,S,T,2024-04-03,1000000.00,4.354244,98.630859375
08:00:44,91282CKF7,TSRYS5774875,D,S,T,2024-04-03,1000000.00,4.353914,98.6328125
08:00:44,91282CKF7,TSRYS5774875,D,S,T,2024-04-03,2000000.00,4.354574,98.62890625
08:00:44,91282CKF7,TSRYS5774875,D,S,T,2024-04-03,1000000.00,4.354574,98.62890625
08:00:44,91282CKF7,TSRYS5774875,D,S,T,2024-04-03,1000000.00,4.354574,98.62890625
08:00:44,91282CKF7,TSRYS5774875,D,S,T,2024-04-03,2000000.00,4.354574,98.62890625
08:00:44,91282CKF7,TSRYS5774875,D,S,T,2024-04-03,1000000.00,4.354574,98.62890625
08:00:44,91282CKF7,TSRYS5774875,D,S,T,2024-04-03,1000000.00,4.354574,98.62890625
08:00:44,91282CKF7,TSRYS5774875,D,S,T,2024-04-03,1000000.00,4.354574,98.62890625
08:00:44,91282CKF7,TSRYS5774875,D,S,T,2024-04-03,1000000.00,4.354574,98.62890625
08:00:44,91282CKF7,TSRYS5774875,D,S,T,2024-04-03,1000000.00,4.354574,98.62890625
08:00:44,91282CKF7,TSRYS5774875,D,S,T,2024-04-03,2000000.00,4.354574,98.62890625
08:00:44,91282CKF7,TSRYS5774875,D,S,T,2024-04-03,1000000.00,4.359192,98.6015625
08:00:44,91282CKF7,TSRYS5774875,D,S,T,2024-04-03,1000000.00,4.358532,98.60546875
08:00:44,91282CKF7,TSRYS5774875,D,S,T,2024-04-03,1000000.00,4.359192,98.6015625
08:00:44,91282CKF7,TSRYS5774875,D,S,T,2024-04-03,2000000.00,4.359192,98.6015625
08:00:44,91282CKF7,TSRYS5774875,D,S,T,2024-04-03,1000000.00,4.356553,98.6171875
08:00:44,91282CKF7,TSRYS5774875,D,S,T,2024-04-03,1000000.00,4.356553,98.6171875
08:00:44,91282CKF7,TSRYS5774875,D,S,T,2024-04-03,1000000.00,4.356553,98.6171875
08:00:44,91282CKF7,TSRYS5774875,D,S,T,2024-04-03,1000000.00,4.354574,98.62890625
08:00:44,91282CKF7,TSRYS5774875,D,S,T,2024-04-03,2000000.00,4.354574,98.62890625
08:00:44,91282CKF7,TSRYS5774875,D,S,T,2024-04-03,1000000.00,4.354574,98.62890625
08:00:44,91282CKF7,TSRYS5774875,D,S,T,2024-04-03,1000000.00,4.354574,98.62890625
08:00:44,91282CKF7,TSRYS5774875,D,B,C,2024-04-03,1000000.00,4.355234,98.625
08:00:44,91282CKF7,TSRYS5774875,D,S,T,2024-04-03,2000000.00,4.354574,98.62890625
08:00:44,91282CKF7,TSRYS5774875,D,S,T,2024-04-03,2000000.00,4.354574,98.62890625
08:00:44,91282CKF7,TSRYS5774875,D,S,T,2024-04-03,1000000.00,4.354574,98.62890625
08:00:44,91282CKF7,TSRYS5774875,D,S,T,2024-04-03,1000000.00,4.354574,98.62890625
08:00:44,91282CKF7,TSRYS5774875,D,S,T,2024-04-03,1000000.00,4.354574,98.62890625
08:00:44,91282CKF7,TSRYS5774875,D,S,T,2024-04-03,1000000.00,4.351936,98.64453125
08:00:44,91282CKF7,TSRYS5774875,D,S,T,2024-04-03,1000000.00,4.351276,98.6484375
08:00:44,91282CKF7,TSRYS5774875,D,S,T,2024-04-03,2000000.00,4.351936,98.64453125
08:00:44,91282CKF7,TSRYS5774875,D,S,T,2024-04-03,1000000.00,4.351936,98.64453125
08:00:44,91282CKF7,TSRYS5774875,D,S,T,2024-04-03,2000000.00,4.351936,98.64453125
08:00:44,91282CKF7,TSRYS5774875,D,S,T,2024-04-03,1000000.00,4.351936,98.64453125
08:00:44,91282CKF7,TSRYS5774875,D,S,T,2024-04-03,2000000.00,4.351936,98.64453125
08:00:44,91282CKF7,TSRYS5774875,D,S,T,2024-04-03,1000000.00,4.351936,98.64453125
08:00:44,91282CKF7,TSRYS5774875,D,S,T,2024-04-03,1000000.00,4.351936,98.64453125
08:00:44,91282CKF7,TSRYS5774875,D,S,T,2024-04-03,1000000.00,4.351276,98.6484375
08:00:44,91282CKF7,TSRYS5774875,D,S,T,2024-04-03,1000000.00,4.351936,98.64453125
08:00:44,91282CKF7,TSRYS5774875,D,S,T,2024-04-03,1000000.00,4.351936,98.64453125
08:00:44,91282CKF7,TSRYS5774875,D,S,T,2024-04-03,1000000.00,4.351936,98.64453125
08:00:44,91282CKF7,TSRYS5774875,D,S,T,2024-04-03,1000000.00,4.349298,98.66015625
08:00:44,91282CKF7,TSRYS5774875,D,S,T,2024-04-03,1000000.00,4.349298,98.66015625
08:00:44,91282CKF7,TSRYS5774875,D,S,T,2024-04-03,1000000.00,4.348639,98.6640625
08:00:44,91282CKF7,TSRYS5774875,D,B,C,2024-04-03,450000.00,4.349552,98.65865625
08:00:44,91282CKF7,TSRYS5774875,D,B,C,2024-04-03,1000000.00,4.349958,98.65625
08:00:44,91282CKF7,TSRYS5774875,D,S,T,2024-04-03,1000000.00,4.351276,98.6484375
08:00:44,91282CKF7,TSRYS5774875,D,S,T,2024-04-03,1000000.00,4.351276,98.6484375
08:00:44,91282CKF7,TSRYS5774875,D,S,T,2024-04-03,1000000.00,4.348639,98.6640625
08:00:44,91282CKF7,TSRYS5774875,D,S,T,2024-04-03,1000000.00,4.348639,98.6640625
08:00:44,91282CKF7,TSRYS5774875,D,S,T,2024-04-03,2000000.00,4.348639,98.6640625
08:00:44,91282CKF7,TSRYS5774875,D,S,T,2024-04-03,1000000.00,4.348639,98.6640625
08:00:44,91282CKF7,TSRYS5774875,D,S,T,2024-04-03,1000000.00,4.351276,98.6484375
08:00:44,91282CKF7,TSRYS5774875,D,S,T,2024-04-03,1000000.00,4.349958,98.65625
08:00:44,91282CKF7,TSRYS5774875,D,S,T,2024-04-03,1000000.00,4.349958,98.65625
08:00:44,91282CKF7,TSRYS5774875,D,S,T,2024-04-03,2000000.00,4.351276,98.6484375
08:00:44,91282CKF7,TSRYS5774875,D,S,T,2024-04-03,1000000.00,4.351276,98.6484375
08:00:44,91282CKF7,TSRYS5774875,D,S,T,2024-04-03,1000000.00,4.352595,98.640625
08:00:44,91282CKF7,TSRYS5774875,D,S,T,2024-04-03,1000000.00,4.353255,98.63671875
08:00:44,91282CKF7,TSRYS5774875,D,S,T,2024-04-03,1000000.00,4.353255,98.63671875
08:00:44,91282CKF7,TSRYS5774875,D,S,T,2024-04-03,1000000.00,4.358532,98.60546875
08:00:44,91282CKF7,TSRYS5774875,D,S,T,2024-04-03,2000000.00,4.360511,98.59375
08:00:44,91282CKF7,TSRYS5774875,D,S,T,2024-04-03,1000000.00,4.360511,98.59375
08:00:44,91282CKF7,TSRYS5774875,D,S,T,2024-04-03,1000000.00,4.360511,98.59375
08:00:44,91282CKF7,TSRYS5774875,D,S,T,2024-04-03,1000000.00,4.360511,98.59375
08:00:44,91282CKF7,TSRYS5774875,D,S,T,2024-04-03,1000000.00,4.360511,98.59375
08:00:44,91282CKF7,TSRYS5774875,D,S,T,2024-04-03,1000000.00,4.360511,98.59375
08:00:44,91282CKF7,TSRYS5774875,D,S,T,2024-04-03,1000000.00,4.363151,98.578125
08:00:44,91282CKF7,TSRYS5774875,D,S,T,2024-04-03,1000000.00,4.363151,98.578125
08:00:44,91282CKF7,TSRYS5774875,D,S,T,2024-04-03,1000000.00,4.358532,98.60546875
08:00:44,91282CKF7,TSRYS5774875,D,S,T,2024-04-03,1000000.00,4.358532,98.60546875
08:00:44,91282CKF7,TSRYS5774875,D,S,T,2024-04-03,2000000.00,4.363151,98.578125
08:00:44,91282CKF7,TSRYS5774875,D,S,T,2024-04-03,1000000.00,4.365791,98.5625
08:00:44,91282CKF7,TSRYS5774875,D,S,C,2024-04-03,1000000.00,4.379406,98.48196875
08:00:44,91282CKF7,TSRYS5774875,D,S,C,2024-04-03,21000000.00,4.380981,98.47265625
08:00:44,91282CKF7,TSRYS5774875,D,S,T,2024-04-03,1000000.00,4.361501,98.587890625
08:00:44,91282CKF7,TSRYS5774875,D,S,D,2024-04-03,1000000.00,4.361501,98.587890625
08:00:44,91282CKF7,TSRYS5774875,D,S,D,2024-04-03,1000000.00,4.363811,98.57421875
08:00:44,91282CKF7,TSRYS5774875,D,S,T,2024-04-03,1000000.00,4.363151,98.578125
08:00:44,91282CKF7,TSRYS5774875,D,S,T,2024-04-03,1000000.00,4.363168,98.578025
08:00:44,91282CKF7,TSRYS5774875,D,S,T,2024-04-03,2000000.00,4.363151,98.578125
08:00:44,91282CKF7,TSRYS5774875,D,S,T,2024-04-03,1000000.00,4.365808,98.5624
08:00:44,91282CKF7,TSRYS5774875,D,S,D,2024-04-03,1000000.00,4.359521,98.599609375
08:00:44,91282CKF7,TSRYS5774875,D,S,T,2024-04-03,1000000.00,4.359192,98.6015625
08:00:44,91282CKF7,TSRYS5774875,D,S,T,2024-04-03,1000000.00,4.389574,98.421875
08:00:44,91282CKF7,TSRYS5774875,D,S,T,2024-04-03,1000000.00,4.389574,98.421875
08:00:44,91282CKF7,TSRYS5774875,D,S,T,2024-04-03,1000000.00,4.357872,98.609375
08:00:44,91282CKF7,TSRYS5774875,D,S,T,2024-04-03,1000000.00,4.357872,98.609375
08:00:44,91282CKF7,TSRYS5774875,D,S,T,2024-04-03,1000000.00,4.357872,98.609375
08:00:44,91282CKF7,TSRYS5774875,D,S,T,2024-04-03,1000000.00,4.389574,98.421875
08:00:44,91282CKF7,TSRYS5774875,D,S,T,2024-04-03,1000000.00,4.389574,98.421875
08:00:44,91282CKF7,TSRYS5774875,D,S,T,2024-04-03,1000000.00,4.389574,98.421875
08:00:44,91282CKF7,TSRYS5774875,D,S,T,2024-04-03,1000000.00,4.389574,98.421875
08:00:44,91282CKF7,TSRYS5774875,D,S,T,2024-04-03,1000000.00,4.389574,98.421875
08:00:44,91282CKF7,TSRYS5774875,D,S,T,2024-04-03,1000000.00,4.389574,98.421875
08:00:44,91282CKF7,TSRYS5774875,D,S,T,2024-04-03,1000000.00,4.352925,98.638671875
08:00:44,91282CKF7,TSRYS5774875,D,S,T,2024-04-03,1000000.00,4.349958,98.65625
08:00:44,91282CKF7,TSRYS5774875,D,S,D,2024-04-03,1000000.00,4.349298,98.66015625
08:00:44,91282CKF7,TSRYS5774875,D,S,T,2024-04-03,1000000.00,4.349298,98.66015625
08:00:44,91282CKF7,TSRYS5774875,D,S,D,2024-04-03,1000000.00,4.349298,98.66015625
08:00:44,91282CKF7,TSRYS5774875,D,S,D,2024-04-03,1000000.00,4.349298,98.66015625
08:00:44,91282CKF7,TSRYS5774875,D,S,T,2024-04-03,1000000.00,4.348969,98.662109375
08:00:44,91282CKF7,TSRYS5774875,D,S,D,2024-04-03,1000000.00,4.348969,98.662109375
08:00:45,91282CKF7,TSRYS5774875,D,S,T,2024-04-03,1000000.00,4.349958,98.65625
08:00:45,91282CKF7,TSRYS5774875,D,S,T,2024-04-03,1000000.00,4.349958,98.65625
08:00:45,91282CKF7,TSRYS5774875,D,S,T,2024-04-03,1000000.00,4.349958,98.65625
08:00:45,91282CKF7,TSRYS5774875,D,S,T,2024-04-03,1000000.00,4.382302,98.46484375
08:00:45,91282CKF7,TSRYS5774875,D,S,D,2024-04-03,1000000.00,4.351606,98.646484375
08:00:45,91282CKF7,TSRYS5774875,D,S,D,2024-04-03,1000000.00,4.351606,98.646484375
08:00:45,91282CKF7,TSRYS5774875,D,S,T,2024-04-03,1000000.00,4.351606,98.646484375
08:00:45,91282CKF7,TSRYS5774875,D,S,D,2024-04-03,1000000.00,4.351606,98.646484375
08:00:45,91282CKF7,TSRYS5774875,D,S,T,2024-04-03,1000000.00,4.352595,98.640625
08:00:45,91282CKF7,TSRYS5774875,D,S,T,2024-04-03,1000000.00,4.352595,98.640625
08:00:45,91282CKF7,TSRYS5774875,D,S,T,2024-04-03,1000000.00,4.352595,98.640625
08:00:45,91282CKF7,TSRYS5774875,D,S,D,2024-04-03,1000000.00,4.354244,98.630859375
08:00:45,91282CKF7,TSRYS5774875,D,S,T,2024-04-03,1000000.00,4.354244,98.630859375
08:00:45,91282CKF7,TSRYS5774875,D,S,T,2024-04-03,1000000.00,4.358862,98.603515625
08:00:45,91282CKF7,TSRYS5774875,D,S,T,2024-04-03,1000000.00,4.358862,98.603515625
08:00:45,91282CKF7,TSRYS5774875,D,S,T,2024-04-03,1000000.00,4.358862,98.603515625
08:00:45,91282CKF7,TSRYS5774875,D,S,T,2024-04-03,1000000.00,4.373071,98.51943125
08:00:45,91282CKF7,TSRYS5774875,D,S,D,2024-04-03,1000000.00,4.358862,98.603515625
08:00:45,91282CKF7,TSRYS5774875,D,S,T,2024-04-03,2000000.00,4.357872,98.609375
08:00:45,91282CKF7,TSRYS5774875,D,S,T,2024-04-03,3000000.00,4.357872,98.609375
08:00:45,91282CKF7,TSRYS5774875,D,S,T,2024-04-03,1000000.00,4.373054,98.51953125
08:00:45,91282CKF7,TSRYS5774875,D,S,D,2024-04-03,42140000.00,4.366451,98.55859375
08:00:45,91282CKF7,TSRYS5774875,D,S,T,2024-04-03,1000000.00,4.360511,98.59375
08:00:45,91282CKF7,TSRYS5774875,D,S,T,2024-04-03,1000000.00,4.360511,98.59375
08:00:45,91282CKF7,TSRYS5774875,D,S,T,2024-04-03,1000000.00,4.360511,98.59375
08:00:45,91282CKF7,TSRYS5774875,D,S,D,2024-04-03,1000000.00,4.360511,98.59375
08:00:45,91282CKF7,TSRYS5774875,D,S,T,2024-04-03,1000000.00,4.361831,98.5859375
08:00:45,91282CKF7,TSRYS5774875,D,S,T,2024-04-03,1000000.00,4.359521,98.599609375
08:00:45,91282CKF7,TSRYS5774875,D,S,T,2024-04-03,1000000.00,4.359521,98.599609375
08:00:45,91282CKF7,TSRYS5774875,D,S,T,2024-04-03,1000000.00,4.359521,98.599609375
08:00:45,91282CKF7,TSRYS5774875,D,S,T,2024-04-03,1000000.00,4.359521,98.599609375
08:00:45,91282CKF7,TSRYS5774875,D,S,T,2024-04-03,1000000.00,4.379659,98.48046875
08:00:45,91282CKF7,TSRYS5774875,D,S,T,2024-04-03,1000000.00,4.359192,98.6015625
08:00:45,91282CKF7,TSRYS5774875,D,S,T,2024-04-03,1000000.00,4.359192,98.6015625
08:00:45,91282CKF7,TSRYS5774875,D,S,T,2024-04-03,1000000.00,4.377677,98.4921875
08:00:45,91282CKF7,TSRYS5774875,D,S,T,2024-04-03,1000000.00,4.377677,98.4921875
08:00:45,91282CKF7,TSRYS5774875,D,S,T,2024-04-03,1000000.00,4.377677,98.4921875
08:00:45,91282CKF7,TSRYS5774875,D,S,T,2024-04-03,1000000.00,4.377677,98.4921875
08:00:45,91282CKF7,TSRYS5774875,D,S,T,2024-04-03,1000000.00,4.377677,98.4921875
08:00:45,91282CKF7,TSRYS5774875,D,S,T,2024-04-03,1000000.00,4.382302,98.46484375
08:00:45,91282CKF7,TSRYS5774875,D,S,T,2024-04-03,2000000.00,4.379659,98.48046875
08:00:45,91282CKF7,TSRYS5774875,D,S,D,2024-04-03,1000000.00,4.375696,98.50390625
08:00:45,91282CKF7,TSRYS5774875,D,S,T,2024-04-03,1000000.00,4.377677,98.4921875
08:00:45,91282CKF7,TSRYS5774875,D,S,T,2024-04-03,1000000.00,4.38032,98.4765625
08:00:45,91282CKF7,TSRYS5774875,D,S,T,2024-04-03,1000000.00,4.377677,98.4921875
08:00:45,91282CKF7,TSRYS5774875,D,S,T,2024-04-03,1000000.00,4.377677,98.4921875
08:00:45,91282CKF7,TSRYS5774875,D,S,T,2024-04-03,1000000.00,4.377677,98.4921875
08:00:45,91282CKF7,TSRYS5774875,D,S,T,2024-04-03,1000000.00,4.377677,98.4921875
08:00:45,91282CKF7,TSRYS5774875,D,S,T,2024-04-03,1000000.00,4.377677,98.4921875
08:00:45,91282CKF7,TSRYS5774875,D,S,T,2024-04-03,1000000.00,4.377677,98.4921875
08:00:45,91282CKF7,TSRYS5774875,D,S,T,2024-04-03,1000000.00,4.377677,98.4921875
08:00:45,91282CKF7,TSRYS5774875,D,S,T,2024-04-03,1000000.00,4.377677,98.4921875
08:00:45,91282CKF7,TSRYS5774875,D,S,T,2024-04-03,1000000.00,4.377677,98.4921875
08:00:45,91282CKF7,TSRYS5774875,D,S,T,2024-04-03,1000000.00,4.377677,98.4921875
08:00:45,91282CKF7,TSRYS5774875,D,S,T,2024-04-03,1000000.00,4.377677,98.4921875
08:00:45,91282CKF7,TSRYS5774875,D,S,T,2024-04-03,1000000.00,4.377677,98.4921875
08:00:45,91282CKF7,TSRYS5774875,D,S,T,2024-04-03,2000000.00,4.377017,98.49609375
08:00:45,91282CKF7,TSRYS5774875,D,S,T,2024-04-03,1000000.00,4.381642,98.46875
08:00:45,91282CKF7,TSRYS5774875,D,S,T,2024-04-03,2000000.00,4.377677,98.4921875
08:00:45,91282CKF7,TSRYS5774875,D,S,T,2024-04-03,1000000.00,4.377677,98.4921875
08:00:45,91282CKF7,TSRYS5774875,D,S,T,2024-04-03,1000000.00,4.377677,98.4921875
08:00:45,91282CKF7,TSRYS5774875,D,S,T,2024-04-03,1000000.00,4.377677,98.4921875
08:00:45,91282CKF7,TSRYS5774875,D,S,T,2024-04-03,1000000.00,4.377677,98.4921875
08:00:45,91282CKF7,TSRYS5774875,D,S,T,2024-04-03,1000000.00,4.375035,98.5078125
08:00:45,91282CKF7,TSRYS5774875,D,S,T,2024-04-03,3000000.00,4.374374,98.51171875
08:00:45,91282CKF7,TSRYS5774875,D,S,T,2024-04-03,2000000.00,4.375035,98.5078125
08:00:45,91282CKF7,TSRYS5774875,D,S,T,2024-04-03,1000000.00,4.375035,98.5078125
08:00:45,91282CKF7,TSRYS5774875,D,S,T,2024-04-03,1000000.00,4.375035,98.5078125
08:00:45,91282CKF7,TSRYS5774875,D,S,T,2024-04-03,1000000.00,4.375035,98.5078125
08:00:45,91282CKF7,TSRYS5774875,D,S,T,2024-04-03,1000000.00,4.375035,98.5078125
08:00:45,91282CKF7,TSRYS5774875,D,S,T,2024-04-03,1000000.00,4.373054,98.51953125
08:00:45,91282CKF7,TSRYS5774875,D,S,T,2024-04-03,1000000.00,4.373054,98.51953125
08:00:45,91282CKF7,TSRYS5774875,D,S,T,2024-04-03,1000000.00,4.373054,98.51953125
08:00:45,91282CKF7,TSRYS5774875,D,S,T,2024-04-03,1000000.00,4.373054,98.51953125
08:00:45,91282CKF7,TSRYS5774875,D,S,T,2024-04-03,1000000.00,4.373054,98.51953125
08:00:45,91282CKF7,TSRYS5774875,D,S,T,2024-04-03,1000000.00,4.373054,98.51953125
08:00:45,91282CKF7,TSRYS5774875,D,S,T,2024-04-03,1000000.00,4.373054,98.51953125
08:00:45,91282CKF7,TSRYS5774875,D,S,T,2024-04-03,1000000.00,4.373054,98.51953125
08:00:45,91282CKF7,TSRYS5774875,D,S,T,2024-04-03,1000000.00,4.373054,98.51953125
08:00:45,91282CKF7,TSRYS5774875,D,S,T,2024-04-03,1000000.00,4.373054,98.51953125
08:00:45,91282CKF7,TSRYS5774875,D,S,T,2024-04-03,1000000.00,4.373054,98.51953125
08:00:45,91282CKF7,TSRYS5774875,D,S,T,2024-04-03,1000000.00,4.373054,98.51953125
08:00:45,91282CKF7,TSRYS5774875,D,S,T,2024-04-03,1000000.00,4.373054,98.51953125
08:00:45,91282CKF7,TSRYS5774875,D,S,T,2024-04-03,1000000.00,4.373054,98.51953125
08:00:45,91282CKF7,TSRYS5774875,D,S,T,2024-04-03,1000000.00,4.373054,98.51953125
08:00:45,91282CKF7,TSRYS5774875,D,S,T,2024-04-03,1000000.00,4.373054,98.51953125
08:00:45,91282CKF7,TSRYS5774875,D,S,T,2024-04-03,1000000.00,4.373054,98.51953125
08:00:45,91282CKF7,TSRYS5774875,D,S,T,2024-04-03,1000000.00,4.373054,98.51953125
08:00:45,91282CKF7,TSRYS5774875,D,S,T,2024-04-03,2000000.00,4.373054,98.51953125
08:00:45,91282CKF7,TSRYS5774875,D,S,T,2024-04-03,1000000.00,4.373054,98.51953125
08:00:45,91282CKF7,TSRYS5774875,D,S,T,2024-04-03,1000000.00,4.373054,98.51953125
08:00:45,91282CKF7,TSRYS5774875,D,S,T,2024-04-03,1000000.00,4.373054,98.51953125
08:00:45,91282CKF7,TSRYS5774875,D,S,T,2024-04-03,1000000.00,4.373054,98.51953125
08:00:45,91282CKF7,TSRYS5774875,D,S,T,2024-04-03,1000000.00,4.372393,98.5234375
08:00:45,91282CKF7,TSRYS5774875,D,S,T,2024-04-03,2000000.00,4.373054,98.51953125
08:00:45,91282CKF7,TSRYS5774875,D,S,T,2024-04-03,3000000.00,4.369752,98.5390625
08:00:45,91282CKF7,TSRYS5774875,D,S,T,2024-04-03,1000000.00,4.384285,98.453125
08:00:45,91282CKF7,TSRYS5774875,D,S,T,2024-04-03,1000000.00,4.384285,98.453125
08:00:45,91282CKF7,TSRYS5774875,D,S,D,2024-04-03,1000.00,4.364471,98.5703125
08:00:45,91282CKF7,TSRYS5774875,D,S,T,2024-04-03,1000000.00,4.378999,98.484375
08:00:45,91282CKF7,TSRYS5774875,D,S,T,2024-04-03,1000000.00,4.377677,98.4921875
08:00:45,91282CKF7,TSRYS5774875,D,S,T,2024-04-03,1000000.00,4.377677,98.4921875
08:00:45,91282CKF7,TSRYS5774875,D,S,T,2024-04-03,1000000.00,4.371072,98.53125
08:00:45,91282CKF7,TSRYS5774875,D,S,T,2024-04-03,4000000.00,4.369752,98.5390625
08:00:45,91282CKF7,TSRYS5774875,D,S,T,2024-04-03,1000000.00,4.371072,98.53125
08:00:45,91282CKF7,TSRYS5774875,D,S,T,2024-04-03,1000000.00,4.371072,98.53125
08:00:45,91282CKF7,TSRYS5774875,D,S,T,2024-04-03,1000000.00,4.371072,98.53125
08:00:45,91282CKF7,TSRYS5774875,D,S,T,2024-04-03,1000000.00,4.367771,98.55078125
08:00:45,91282CKF7,TSRYS5774875,D,S,T,2024-04-03,1000000.00,4.371072,98.53125
08:00:45,91282CKF7,TSRYS5774875,D,S,T,2024-04-03,1000000.00,4.371072,98.53125
08:00:45,91282CKF7,TSRYS5774875,D,S,T,2024-04-03,1000000.00,4.371072,98.53125
08:00:45,91282CKF7,TSRYS5774875,D,S,T,2024-04-03,1000000.00,4.368431,98.546875
08:00:45,91282CKF7,TSRYS5774875,D,S,T,2024-04-03,1000000.00,4.367771,98.55078125
08:00:45,91282CKF7,TSRYS5774875,D,S,T,2024-04-03,1000000.00,4.368431,98.546875
08:00:45,91282CKF7,TSRYS5774875,D,S,D,2024-04-03,1000000.00,4.368101,98.548828125
08:00:45,91282CKF7,TSRYS5774875,D,S,D,2024-04-03,1000000.00,4.368101,98.548828125
08:00:45,91282CKF7,TSRYS5774875,D,S,T,2024-04-03,1000000.00,4.368101,98.548828125
08:00:45,91282CKF7,TSRYS5774875,D,S,T,2024-04-03,1000000.00,4.365791,98.5625
08:00:45,91282CKF7,TSRYS5774875,D,S,D,2024-04-03,1000000.00,4.365791,98.5625
08:00:45,91282CKF7,TSRYS5774875,D,S,D,2024-04-03,1000000.00,4.366451,98.55859375
08:00:45,91282CKF7,TSRYS5774875,D,S,T,2024-04-03,1000000.00,4.365791,98.5625
08:00:45,91282CKF7,TSRYS5774875,D,S,T,2024-04-03,1000000.00,4.365791,98.5625
08:00:45,91282CKF7,TSRYS5774875,D,S,T,2024-04-03,1000000.00,4.365791,98.5625
08:00:45,91282CKF7,TSRYS5774875,D,S,T,2024-04-03,1000000.00,4.365791,98.5625
08:00:45,91282CKF7,TSRYS5774875,D,S,T,2024-04-03,1000000.00,4.367111,98.5546875
08:00:45,91282CKF7,TSRYS5774875,D,S,T,2024-04-03,1000000.00,4.371072,98.53125
08:00:45,91282CKF7,TSRYS5774875,D,S,T,2024-04-03,1000000.00,4.374374,98.51171875
08:00:45,91282CKF7,TSRYS5774875,D,S,D,2024-04-03,4624000.00,4.369689,98.5390625
08:00:45,91282CKF7,TSRYS5774875,D,S,T,2024-04-03,1000000.00,4.374044,98.513671875
08:00:45,91282CKF7,TSRYS5774875,D,S,T,2024-04-03,1000000.00,4.373714,98.515625
08:00:45,91282CKF7,TSRYS5774875,D,S,T,2024-04-03,1000000.00,4.373714,98.515625
08:00:46,91282CKF7,TSRYS5774875,D,S,T,2024-04-03,1000000.00,4.365791,98.5625
08:00:46,91282CKF7,TSRYS5774875,D,S,T,2024-04-03,1000000.00,4.365791,98.5625
08:00:46,91282CKF7,TSRYS5774875,D,S,T,2024-04-03,1000000.00,4.365791,98.5625
08:00:46,91282CKF7,TSRYS5774875,D,S,T,2024-04-03,1000000.00,4.365791,98.5625
08:00:46,91282CKF7,TSRYS5774875,D,S,T,2024-04-03,1000000.00,4.365131,98.56640625
08:00:46,91282CKF7,TSRYS5774875,D,S,T,2024-04-03,1000000.00,4.365791,98.5625
08:00:46,91282CKF7,TSRYS5774875,D,S,T,2024-04-03,1000000.00,4.365791,98.5625
08:00:46,91282CKF7,TSRYS5774875,D,S,T,2024-04-03,1000000.00,4.365791,98.5625
08:00:46,91282CKF7,TSRYS5774875,D,S,T,2024-04-03,2000000.00,4.365791,98.5625
08:00:46,91282CKF7,TSRYS5774875,D,B,C,2024-04-03,84500000.00,4.355036,98.62616865
08:00:46,91282CKF7,TSRYS5774875,D,S,T,2024-04-03,1000000.00,4.365791,98.5625
08:00:46,91282CKF7,TSRYS5774875,D,S,T,2024-04-03,2000000.00,4.365791,98.5625
08:00:46,91282CKF7,TSRYS5774875,D,S,T,2024-04-03,1000000.00,4.363151,98.578125
08:00:46,91282CKF7,TSRYS5774875,D,S,T,2024-04-03,1000000.00,4.363151,98.578125
08:00:46,91282CKF7,TSRYS5774875,D,S,T,2024-04-03,2000000.00,4.371733,98.52734375
08:00:46,91282CKF7,TSRYS5774875,D,S,T,2024-04-03,1000000.00,4.365131,98.56640625
08:00:46,91282CKF7,TSRYS5774875,D,S,T,2024-04-03,1000000.00,4.368431,98.546875
08:00:46,91282CKF7,TSRYS5774875,D,S,T,2024-04-03,1000000.00,4.370412,98.53515625
08:00:46,91282CKF7,TSRYS5774875,D,S,T,2024-04-03,1000000.00,4.368431,98.546875
08:00:46,91282CKF7,TSRYS5774875,D,S,T,2024-04-03,1000000.00,4.368431,98.546875
08:00:46,91282CKF7,TSRYS5774875,D,S,T,2024-04-03,1000000.00,4.368431,98.546875
08:00:50,91282CKF7,TSRYS5774875,D,B,C,2024-04-03,150MM+,4.369073,98.5430789
08:00:50,91282CKF7,TSRYS5774875,D,S,C,2024-04-03,100000000.00,4.374374,98.51171875
08:00:50,91282CKF7,TSRYS5774875,D,S,D,2024-04-03,1000000.00,4.361831,98.5859375
08:00:50,91282CKF7,TSRYS5774875,D,S,T,2024-04-03,1000000.00,4.363481,98.576171875
08:00:50,91282CKF7,TSRYS5774875,D,S,T,2024-04-03,1000000.00,4.363481,98.576171875
08:00:50,91282CKF7,TSRYS5774875,D,S,T,2024-04-03,1000000.00,4.363481,98.576171875
08:00:50,91282CKF7,TSRYS5774875,D,S,T,2024-04-03,1000000.00,4.363481,98.576171875
08:00:50,91282CKF7,TSRYS5774875,D,S,T,2024-04-03,1000000.00,4.363481,98.576171875
08:00:50,91282CKF7,TSRYS5774875,D,S,T,2024-04-03,1000000.00,4.363481,98.576171875
08:00:50,91282CKF7,TSRYS5774875,D,S,T,2024-04-03,1000000.00,4.363481,98.576171875
08:00:50,91282CKF7,TSRYS5774875,D,S,T,2024-04-03,1000000.00,4.363481,98.576171875
08:00:50,91282CKF7,TSRYS5774875,D,S,C,2024-04-03,21000000.00,4.381642,98.46875
08:00:50,91282CKF7,TSRYS5774875,D,S,C,2024-04-03,22000000.00,4.378338,98.48828125
08:00:54,91282CKF7,TSRYS5774875,D,S,D,2024-04-03,63000000.00,4.356993,98.61458
08:00:54,91282CKF7,TSRYS5774875,D,S,A,2024-04-03,39000000.00,4.374635,98.51171875
08:00:54,91282CKF7,TSRYS5774875,D,S,D,2024-04-03,9000000.00,4.364823,98.56823
08:00:54,91282CKF7,TSRYS5774875,D,S,T,2024-04-03,1000000.00,4.369092,98.54296875
08:00:54,91282CKF7,TSRYS5774875,D,S,T,2024-04-03,2000000.00,4.369092,98.54296875
08:00:55,91282CKF7,TSRYS5774875,D,S,A,2024-04-03,5980000.00,4.363811,98.57421875
08:00:58,91282CKF7,TSRYS5774875,D,S,A,2024-04-03,1000000.00,4.386929,98.4375
08:00:58,91282CKF7,TSRYS5774875,D,S,A,2024-04-03,1000000.00,4.386929,98.4375
08:00:58,91282CKF7,TSRYS5774875,D,S,T,2024-04-03,1000000.00,4.373714,98.515625
08:00:58,91282CKF7,TSRYS5774875,D,B,A,2024-04-03,1000000.00,4.375035,98.5078125
08:00:59,91282CKF7,TSRYS5774875,D,S,A,2024-04-03,10000000.00,4.369092,98.54296875
08:01:00,91282CKF7,TSRYS5774875,D,B,C,2024-04-03,1000000.00,4.358862,98.603515625
08:01:00,91282CKF7,TSRYS5774875,D,S,D,2024-04-03,1000000.00,4.358862,98.603515625
08:01:00,91282CKF7,TSRYS5774875,D,S,D,2024-04-03,1000000.00,4.358862,98.603515625
08:01:00,91282CKF7,TSRYS5774875,D,S,D,2024-04-03,1000000.00,4.358862,98.603515625
08:01:00,91282CKF7,TSRYS5774875,D,B,C,2024-04-03,1000000.00,4.358862,98.603515625
08:01:00,91282CKF7,TSRYS5774875,D,B,C,2024-04-03,1000000.00,4.358862,98.603515625
08:01:01,91282CKF7,TSRYS5774875,D,S,C,2024-04-03,1000000.00,4.361501,98.587890625
08:01:01,91282CKF7,TSRYS5774875,D,B,C,2024-04-03,3000000.00,4.359521,98.599609375
08:01:01,91282CKF7,TSRYS5774875,D,S,D,2024-04-03,3000000.00,4.359521,98.599609375
08:01:01,91282CKF7,TSRYS5774875,D,S,D,2024-04-03,1000000.00,4.362821,98.580078125
08:01:01,91282CKF7,TSRYS5774875,D,B,C,2024-04-03,1000000.00,4.364141,98.572265625
08:01:01,91282CKF7,TSRYS5774875,D,S,D,2024-04-03,1000000.00,4.358862,98.603515625
08:01:01,91282CKF7,TSRYS5774875,D,S,C,2024-04-03,1000000.00,4.361831,98.5859375
08:01:01,91282CKF7,TSRYS5774875,D,S,D,2024-04-03,1000000.00,4.364141,98.572265625
08:01:01,91282CKF7,TSRYS5774875,D,S,D,2024-04-03,1000000.00,4.361831,98.5859375
08:01:01,91282CKF7,TSRYS5774875,D,B,C,2024-04-03,1000000.00,4.364141,98.572265625
08:01:01,91282CKF7,TSRYS5774875,D,B,C,2024-04-03,1000000.00,4.358862,98.603515625
08:01:01,91282CKF7,TSRYS5774875,D,S,C,2024-04-03,1000000.00,4.364141,98.572265625
08:01:01,91282CKF7,TSRYS5774875,D,B,C,2024-04-03,2000000.00,4.352925,98.638671875
08:01:01,91282CKF7,TSRYS5774875,D,S,D,2024-04-03,2000000.00,4.352925,98.638671875
08:01:01,91282CKF7,TSRYS5774875,D,S,C,2024-04-03,1000000.00,4.353585,98.634765625
08:01:01,91282CKF7,TSRYS5774875,D,S,T,2024-04-03,1000000.00,4.382963,98.4609375
08:01:01,91282CKF7,TSRYS5774875,D,S,D,2024-04-03,1000000.00,4.353585,98.634765625
08:01:01,91282CKF7,TSRYS5774875,D,S,T,2024-04-03,5000000.00,4.383955,98.455078125
08:01:01,91282CKF7,TSRYS5774875,D,B,C,2024-04-03,1000000.00,4.353585,98.634765625
08:01:01,91282CKF7,TSRYS5774875,D,S,T,2024-04-03,1000000.00,4.384285,98.453125
08:01:01,91282CKF7,TSRYS5774875,D,B,C,2024-04-03,1000000.00,4.353585,98.634765625
08:01:01,91282CKF7,TSRYS5774875,D,S,T,2024-04-03,1000000.00,4.384285,98.453125
08:01:01,91282CKF7,TSRYS5774875,D,S,T,2024-04-03,1000000.00,4.384302,98.453023
08:01:01,91282CKF7,TSRYS5774875,D,S,T,2024-04-03,1000000.00,4.384302,98.453023
08:01:01,91282CKF7,TSRYS5774875,D,S,T,2024-04-03,1000000.00,4.384302,98.453023
08:01:01,91282CKF7,TSRYS5774875,D,B,C,2024-04-03,2000000.00,4.353585,98.634765625
08:01:01,91282CKF7,TSRYS5774875,D,S,D,2024-04-03,2000000.00,4.353585,98.634765625
08:01:01,91282CKF7,TSRYS5774875,D,S,C,2024-04-03,1000000.00,4.358862,98.603515625
08:01:01,91282CKF7,TSRYS5774875,D,B,C,2024-04-03,1000000.00,4.358862,98.603515625
08:01:01,91282CKF7,TSRYS5774875,D,B,C,2024-04-03,1000000.00,4.353585,98.634765625
08:01:01,91282CKF7,TSRYS5774875,D,S,C,2024-04-03,1000000.00,4.358532,98.60546875
08:01:01,91282CKF7,TSRYS5774875,D,S,D,2024-04-03,1000000.00,4.353585,98.634765625
08:01:01,91282CKF7,TSRYS5774875,D,S,C,2024-04-03,1000000.00,4.359521,98.599609375
08:01:01,91282CKF7,TSRYS5774875,D,S,T,2024-04-03,1000000.00,4.386268,98.44140625
08:01:01,91282CKF7,TSRYS5774875,D,B,C,2024-04-03,1000000.00,4.353585,98.634765625
08:01:01,91282CKF7,TSRYS5774875,D,S,T,2024-04-03,2000000.00,4.386268,98.44140625
08:01:01,91282CKF7,TSRYS5774875,D,B,C,2024-04-03,4000000.00,4.372393,98.5234375
08:01:01,91282CKF7,TSRYS5774875,D,B,C,2024-04-03,1000000.00,4.358862,98.603515625
08:01:01,91282CKF7,TSRYS5774875,D,B,C,2024-04-03,1000000.00,4.359521,98.599609375
08:01:01,91282CKF7,TSRYS5774875,D,S,T,2024-04-03,1000000.00,4.386268,98.44140625
08:01:01,91282CKF7,TSRYS5774875,D,B,C,2024-04-03,1000000.00,4.358532,98.60546875
08:01:01,91282CKF7,TSRYS5774875,D,S,D,2024-04-03,1000000.00,4.353585,98.634765625
08:01:01,91282CKF7,TSRYS5774875,D,S,C,2024-04-03,1000000.00,4.358862,98.603515625
08:01:01,91282CKF7,TSRYS5774875,D,S,D,2024-04-03,1000000.00,4.352595,98.640625
08:01:01,91282CKF7,TSRYS5774875,D,S,D,2024-04-03,1000000.00,4.359521,98.599609375
08:01:01,91282CKF7,TSRYS5774875,D,S,D,2024-04-03,8000000.00,4.350287,98.654296875
08:01:01,91282CKF7,TSRYS5774875,D,S,D,2024-04-03,1000000.00,4.350287,98.654296875
08:01:01,91282CKF7,TSRYS5774875,D,S,C,2024-04-03,1000000.00,4.348969,98.662109375
08:01:01,91282CKF7,TSRYS5774875,D,S,D,2024-04-03,1000000.00,4.350287,98.654296875
08:01:01,91282CKF7,TSRYS5774875,D,B,C,2024-04-03,1000000.00,4.350287,98.654296875
08:01:01,91282CKF7,TSRYS5774875,D,B,C,2024-04-03,1000000.00,4.348639,98.6640625
08:01:01,91282CKF7,TSRYS5774875,D,S,D,2024-04-03,2000000.00,4.349628,98.658203125
08:01:01,91282CKF7,TSRYS5774875,D,S,D,2024-04-03,1000000.00,4.349298,98.66015625
08:01:01,91282CKF7,TSRYS5774875,D,S,C,2024-04-03,1000000.00,4.348969,98.662109375
08:01:01,91282CKF7,TSRYS5774875,D,S,D,2024-04-03,2000000.00,4.349958,98.65625
08:01:02,91282CKF7,TSRYS5774875,D,S,D,2024-04-03,1000000.00,4.349958,98.65625
08:01:02,91282CKF7,TSRYS5774875,D,B,C,2024-04-03,1000000.00,4.350287,98.654296875
08:01:02,91282CKF7,TSRYS5774875,D,S,C,2024-04-03,1000000.00,4.348639,98.6640625
08:01:02,91282CKF7,TSRYS5774875,D,S,D,2024-04-03,1000000.00,4.349958,98.65625
08:01:02,91282CKF7,TSRYS5774875,D,B,C,2024-04-03,1000000.00,4.349958,98.65625
08:01:02,91282CKF7,TSRYS5774875,D,S,D,2024-04-03,1000000.00,4.348639,98.6640625
08:01:02,91282CKF7,TSRYS5774875,D,S,D,2024-04-03,1000000.00,4.350287,98.654296875
08:01:02,91282CKF7,TSRYS5774875,D,S,C,2024-04-03,1000000.00,4.348969,98.662109375
08:01:02,91282CKF7,TSRYS5774875,D,S,D,2024-04-03,1000000.00,4.349298,98.66015625
08:01:02,91282CKF7,TSRYS5774875,D,B,C,2024-04-03,1000000.00,4.348639,98.6640625
08:01:02,91282CKF7,TSRYS5774875,D,B,C,2024-04-03,1000000.00,4.349958,98.65625
08:01:02,91282CKF7,TSRYS5774875,D,S,D,2024-04-03,1000000.00,4.351276,98.6484375
08:01:02,91282CKF7,TSRYS5774875,D,S,D,2024-04-03,1000000.00,4.351606,98.646484375
08:01:02,91282CKF7,TSRYS5774875,D,S,D,2024-04-03,1000000.00,4.349298,98.66015625
08:01:02,91282CKF7,TSRYS5774875,D,B,C,2024-04-03,1000000.00,4.349298,98.66015625
08:01:02,91282CKF7,TSRYS5774875,D,S,D,2024-04-03,1000000.00,4.351606,98.646484375
08:01:02,91282CKF7,TSRYS5774875,D,S,D,2024-04-03,1000000.00,4.353585,98.634765625
08:01:02,91282CKF7,TSRYS5774875,D,S,C,2024-04-03,1000000.00,4.358862,98.603515625
08:01:02,91282CKF7,TSRYS5774875,D,S,C,2024-04-03,1000000.00,4.354244,98.630859375
08:01:02,91282CKF7,TSRYS5774875,D,S,C,2024-04-03,1000000.00,4.353914,98.6328125
08:01:02,91282CKF7,TSRYS5774875,D,S,D,2024-04-03,2000000.00,4.355893,98.62109375
08:01:02,91282CKF7,TSRYS5774875,D,S,C,2024-04-03,1000000.00,4.359521,98.599609375
08:01:02,91282CKF7,TSRYS5774875,D,S,C,2024-04-03,1000000.00,4.353914,98.6328125
08:01:02,91282CKF7,TSRYS5774875,D,B,C,2024-04-03,1000000.00,4.359521,98.599609375
08:01:02,91282CKF7,TSRYS5774875,D,S,C,2024-04-03,1000000.00,4.361171,98.58984375
08:01:02,91282CKF7,TSRYS5774875,D,B,C,2024-04-03,1000000.00,4.361171,98.58984375
08:01:02,91282CKF7,TSRYS5774875,D,B,C,2024-04-03,1000000.00,4.360841,98.591796875
08:01:02,91282CKF7,TSRYS5774875,D,S,C,2024-04-03,1000000.00,4.360841,98.591796875
08:01:02,91282CKF7,TSRYS5774875,D,S,D,2024-04-03,2000000.00,4.361171,98.58984375
08:01:02,91282CKF7,TSRYS5774875,D,S,D,2024-04-03,2000000.00,4.360181,98.595703125
08:01:02,91282CKF7,TSRYS5774875,D,B,C,2024-04-03,1000000.00,4.357212,98.61328125
08:01:02,91282CKF7,TSRYS5774875,D,S,D,2024-04-03,4000000.00,4.360181,98.595703125
08:01:02,91282CKF7,TSRYS5774875,D,S,D,2024-04-03,1000000.00,4.357212,98.61328125
08:01:02,91282CKF7,TSRYS5774875,D,S,D,2024-04-03,2000000.00,4.360181,98.595703125
08:01:02,91282CKF7,TSRYS5774875,D,S,C,2024-04-03,1000000.00,4.361171,98.58984375
08:01:02,91282CKF7,TSRYS5774875,D,S,C,2024-04-03,1000000.00,4.360511,98.59375
08:01:02,91282CKF7,TSRYS5774875,D,B,C,2024-04-03,1000000.00,4.360511,98.59375
08:01:02,91282CKF7,TSRYS5774875,D,B,C,2024-04-03,1000000.00,4.361171,98.58984375
08:01:02,91282CKF7,TSRYS5774875,D,B,C,2024-04-03,1000000.00,4.360511,98.59375
08:01:02,91282CKF7,TSRYS5774875,D,S,C,2024-04-03,1000000.00,4.360511,98.59375
08:01:02,91282CKF7,TSRYS5774875,D,S,D,2024-04-03,1000000.00,4.363811,98.57421875
08:01:02,91282CKF7,TSRYS5774875,D,B,C,2024-04-03,1000000.00,4.363811,98.57421875
08:01:02,91282CKF7,TSRYS5774875,D,S,D,2024-04-03,1000000.00,4.358532,98.60546875
08:01:02,91282CKF7,TSRYS5774875,D,S,C,2024-04-03,1000000.00,4.358532,98.60546875
08:01:02,91282CKF7,TSRYS5774875,D,S,C,2024-04-03,1000000.00,4.360511,98.59375
08:01:02,91282CKF7,TSRYS5774875,D,B,C,2024-04-03,1000000.00,4.358532,98.60546875
08:01:02,91282CKF7,TSRYS5774875,D,B,C,2024-04-03,1000000.00,4.358532,98.60546875
08:01:03,91282CKF7,TSRYS5774875,D,S,C,2024-04-03,1000000.00,4.359851,98.59765625
08:01:03,91282CKF7,TSRYS5774875,D,S,C,2024-04-03,1000000.00,4.358532,98.60546875
08:01:03,91282CKF7,TSRYS5774875,D,B,C,2024-04-03,1000000.00,4.359851,98.59765625
08:01:03,91282CKF7,TSRYS5774875,D,S,D,2024-04-03,1000000.00,4.363481,98.576171875
08:01:03,91282CKF7,TSRYS5774875,D,B,C,2024-04-03,1000000.00,4.359851,98.59765625
08:01:03,91282CKF7,TSRYS5774875,D,B,C,2024-04-03,1000000.00,4.363481,98.576171875
08:01:03,91282CKF7,TSRYS5774875,D,S,C,2024-04-03,1000000.00,4.359851,98.59765625
08:01:03,91282CKF7,TSRYS5774875,D,S,D,2024-04-03,1000000.00,4.363481,98.576171875
08:01:03,91282CKF7,TSRYS5774875,D,B,C,2024-04-03,1000000.00,4.363481,98.576171875
08:01:03,91282CKF7,TSRYS5774875,D,S,D,2024-04-03,3000000.00,4.371733,98.52734375
08:01:03,91282CKF7,TSRYS5774875,D,S,C,2024-04-03,1000000.00,4.371733,98.52734375
08:01:03,91282CKF7,TSRYS5774875,D,S,D,2024-04-03,1000000.00,4.371733,98.52734375
08:01:03,91282CKF7,TSRYS5774875,D,S,D,2024-04-03,1000000.00,4.375696,98.50390625
08:01:03,91282CKF7,TSRYS5774875,D,S,D,2024-04-03,2000000.00,4.383624,98.45703125
08:01:03,91282CKF7,TSRYS5774875,D,S,D,2024-04-03,2000000.00,4.388251,98.4296875
08:01:03,91282CKF7,TSRYS5774875,D,S,D,2024-04-03,1000000.00,4.388582,98.427734375
08:01:03,91282CKF7,TSRYS5774875,D,S,C,2024-04-03,1000000.00,4.388582,98.427734375
08:01:03,91282CKF7,TSRYS5774875,D,B,C,2024-04-03,1000000.00,4.388582,98.427734375
08:01:03,91282CKF7,TSRYS5774875,D,S,C,2024-04-03,1000000.00,4.389243,98.423828125
08:01:03,91282CKF7,TSRYS5774875,D,B,C,2024-04-03,1000000.00,4.388582,98.427734375
08:01:03,91282CKF7,TSRYS5774875,D,B,C,2024-04-03,1000000.00,4.389243,98.423828125
08:01:03,91282CKF7,TSRYS5774875,D,S,C,2024-04-03,2000000.00,4.368364,98.547275
08:01:03,91282CKF7,TSRYS5774875,D,S,D,2024-04-03,1000000.00,4.389574,98.421875
08:01:03,91282CKF7,TSRYS5774875,D,S,C,2024-04-03,1000000.00,4.389574,98.421875
08:01:03,91282CKF7,TSRYS5774875,D,B,C,2024-04-03,1000000.00,4.389574,98.421875
08:01:03,91282CKF7,TSRYS5774875,D,B,C,2024-04-03,1000000.00,4.389574,98.421875
08:01:03,91282CKF7,TSRYS5774875,D,S,D,2024-04-03,1000000.00,4.37999,98.478515625
08:01:03,91282CKF7,TSRYS5774875,D,B,C,2024-04-03,1000000.00,4.380981,98.47265625
08:01:03,91282CKF7,TSRYS5774875,D,S,D,2024-04-03,1000000.00,4.380981,98.47265625
08:01:03,91282CKF7,TSRYS5774875,D,S,D,2024-04-03,1000000.00,4.377017,98.49609375
08:01:03,91282CKF7,TSRYS5774875,D,B,C,2024-04-03,1000000.00,4.377017,98.49609375
08:01:03,91282CKF7,TSRYS5774875,D,S,C,2024-04-03,1000000.00,4.38065,98.474609375
08:01:03,91282CKF7,TSRYS5774875,D,S,D,2024-04-03,1000000.00,4.381972,98.466796875
08:01:03,91282CKF7,TSRYS5774875,D,B,C,2024-04-03,1000000.00,4.38065,98.474609375
08:01:03,91282CKF7,TSRYS5774875,D,B,C,2024-04-03,1000000.00,4.381972,98.466796875
08:01:04,91282CKF7,TSRYS5774875,D,S,D,2024-04-03,1000000.00,4.366451,98.55859375
08:01:04,91282CKF7,TSRYS5774875,D,S,D,2024-04-03,1000000.00,4.370412,98.53515625
08:01:04,91282CKF7,TSRYS5774875,D,S,D,2024-04-03,8000000.00,4.377677,98.4921875
08:01:04,91282CKF7,TSRYS5774875,D,S,C,2024-04-03,1000000.00,4.375035,98.5078125
08:01:04,91282CKF7,TSRYS5774875,D,S,C,2024-04-03,1000000.00,4.370412,98.53515625
08:01:04,91282CKF7,TSRYS5774875,D,S,C,2024-04-03,1000000.00,4.370412,98.53515625
08:01:04,91282CKF7,TSRYS5774875,D,S,C,2024-04-03,1000000.00,4.370412,98.53515625
08:01:04,91282CKF7,TSRYS5774875,D,S,C,2024-04-03,1000000.00,4.368101,98.548828125
08:01:04,91282CKF7,TSRYS5774875,D,S,C,2024-04-03,1000000.00,4.368101,98.548828125
08:01:04,91282CKF7,TSRYS5774875,D,S,C,2024-04-03,1000000.00,4.368101,98.548828125
08:01:04,91282CKF7,TSRYS5774875,D,S,C,2024-04-03,1000000.00,4.368101,98.548828125
08:01:04,91282CKF7,TSRYS5774875,D,S,C,2024-04-03,1000000.00,4.368101,98.548828125
08:01:04,91282CKF7,TSRYS5774875,D,B,C,2024-04-03,1000000.00,4.367771,98.55078125
08:01:04,91282CKF7,TSRYS5774875,D,B,C,2024-04-03,2000000.00,4.369752,98.5390625
08:01:04,91282CKF7,TSRYS5774875,D,S,D,2024-04-03,1000000.00,4.367771,98.55078125
08:01:04,91282CKF7,TSRYS5774875,D,S,D,2024-04-03,2000000.00,4.369752,98.5390625
08:01:04,91282CKF7,TSRYS5774875,D,S,D,2024-04-03,2000000.00,4.366781,98.556640625
08:01:04,91282CKF7,TSRYS5774875,D,B,C,2024-04-03,2000000.00,4.366781,98.556640625
08:01:04,91282CKF7,TSRYS5774875,D,S,D,2024-04-03,2000000.00,4.366451,98.55859375
08:01:04,91282CKF7,TSRYS5774875,D,B,C,2024-04-03,1000000.00,4.366781,98.556640625
08:01:04,91282CKF7,TSRYS5774875,D,B,C,2024-04-03,2000000.00,4.366451,98.55859375
08:01:04,91282CKF7,TSRYS5774875,D,S,D,2024-04-03,1000000.00,4.366781,98.556640625
08:01:04,91282CKF7,TSRYS5774875,D,S,D,2024-04-03,1000000.00,4.367111,98.5546875
08:01:04,91282CKF7,TSRYS5774875,D,S,D,2024-04-03,1000000.00,4.367441,98.552734375
08:01:04,91282CKF7,TSRYS5774875,D,B,C,2024-04-03,1000000.00,4.367441,98.552734375
08:01:04,91282CKF7,TSRYS5774875,D,S,D,2024-04-03,2000000.00,4.367111,98.5546875
08:01:04,91282CKF7,TSRYS5774875,D,B,C,2024-04-03,1000000.00,4.367111,98.5546875
08:01:04,91282CKF7,TSRYS5774875,D,S,D,2024-04-03,2000000.00,4.367111,98.5546875
08:01:04,91282CKF7,TSRYS5774875,D,B,C,2024-04-03,2000000.00,4.367111,98.5546875
08:01:04,91282CKF7,TSRYS5774875,D,B,C,2024-04-03,2000000.00,4.367111,98.5546875
08:01:04,91282CKF7,TSRYS5774875,D,S,D,2024-04-03,1000000.00,4.366451,98.55859375
08:01:04,91282CKF7,TSRYS5774875,D,S,D,2024-04-03,1000000.00,4.366451,98.55859375
08:01:04,91282CKF7,TSRYS5774875,D,S,D,2024-04-03,2000000.00,4.366451,98.55859375
08:01:04,91282CKF7,TSRYS5774875,D,B,C,2024-04-03,1000000.00,4.366451,98.55859375
08:01:04,91282CKF7,TSRYS5774875,D,S,D,2024-04-03,3000000.00,4.366451,98.55859375
08:01:04,91282CKF7,TSRYS5774875,D,B,C,2024-04-03,1000000.00,4.366451,98.55859375
08:01:04,91282CKF7,TSRYS5774875,D,S,D,2024-04-03,2000000.00,4.364141,98.572265625
08:01:04,91282CKF7,TSRYS5774875,D,B,C,2024-04-03,2000000.00,4.364141,98.572265625
08:01:04,91282CKF7,TSRYS5774875,D,S,D,2024-04-03,1000000.00,4.363811,98.57421875
08:01:04,91282CKF7,TSRYS5774875,D,S,D,2024-04-03,2000000.00,4.364141,98.572265625
08:01:04,91282CKF7,TSRYS5774875,D,B,C,2024-04-03,1000000.00,4.363811,98.57421875
08:01:04,91282CKF7,TSRYS5774875,D,B,C,2024-04-03,2000000.00,4.364141,98.572265625
08:01:04,91282CKF7,TSRYS5774875,D,B,C,2024-04-03,1000000.00,4.364471,98.5703125
08:01:04,91282CKF7,TSRYS5774875,D,S,D,2024-04-03,1000000.00,4.364471,98.5703125
08:01:04,91282CKF7,TSRYS5774875,D,S,D,2024-04-03,2000000.00,4.364471,98.5703125
08:01:04,91282CKF7,TSRYS5774875,D,B,C,2024-04-03,2000000.00,4.364471,98.5703125
08:01:04,91282CKF7,TSRYS5774875,D,S,C,2024-04-03,1000000.00,4.365791,98.5625
08:01:04,91282CKF7,TSRYS5774875,D,S,D,2024-04-03,1000000.00,4.366781,98.556640625
08:01:04,91282CKF7,TSRYS5774875,D,B,C,2024-04-03,1000000.00,4.368762,98.544921875
08:01:04,91282CKF7,TSRYS5774875,D,S,D,2024-04-03,1000000.00,4.368762,98.544921875
08:01:04,91282CKF7,TSRYS5774875,D,S,D,2024-04-03,1000000.00,4.368431,98.546875
08:01:04,91282CKF7,TSRYS5774875,D,B,C,2024-04-03,1000000.00,4.366781,98.556640625
08:01:04,91282CKF7,TSRYS5774875,D,S,C,2024-04-03,1000000.00,4.366781,98.556640625
08:01:04,91282CKF7,TSRYS5774875,D,B,C,2024-04-03,1000000.00,4.367441,98.552734375
08:01:04,91282CKF7,TSRYS5774875,D,S,C,2024-04-03,1000000.00,4.367441,98.552734375
08:01:04,91282CKF7,TSRYS5774875,D,B,C,2024-04-03,1000000.00,4.367441,98.552734375
08:01:05,91282CKF7,TSRYS5774875,D,S,D,2024-04-03,1000000.00,4.367441,98.552734375
08:01:05,91282CKF7,TSRYS5774875,D,B,C,2024-04-03,2000000.00,4.367441,98.552734375
08:01:05,91282CKF7,TSRYS5774875,D,S,D,2024-04-03,2000000.00,4.367441,98.552734375
08:01:06,91282CKF7,TSRYS5774875,D,S,D,2024-04-03,400000.00,4.373714,98.515625
08:01:06,91282CKF7,TSRYS5774875,D,S,C,2024-04-03,100000000.00,4.373054,98.51953125
08:01:10,91282CKF7,TSRYS5774875,D,S,D,2024-04-03,1000000.00,4.371733,98.52734375
08:01:11,91282CKF7,TSRYS5774875,D,B,C,2024-04-03,2000000.00,4.367441,98.552734375
08:01:11,91282CKF7,TSRYS5774875,D,S,D,2024-04-03,1000000.00,4.371733,98.52734375
08:01:11,91282CKF7,TSRYS5774875,D,S,D,2024-04-03,2000000.00,4.367441,98.552734375
08:01:11,91282CKF7,TSRYS5774875,D,S,D,2024-04-03,3000000.00,4.371733,98.52734375
08:01:11,91282CKF7,TSRYS5774875,D,S,D,2024-04-03,1000000.00,4.367441,98.552734375
08:01:11,91282CKF7,TSRYS5774875,D,B,C,2024-04-03,1000000.00,4.367441,98.552734375
08:01:11,91282CKF7,TSRYS5774875,D,B,C,2024-04-03,2000000.00,4.367441,98.552734375
08:01:11,91282CKF7,TSRYS5774875,D,S,D,2024-04-03,2000000.00,4.367441,98.552734375
08:01:11,91282CKF7,TSRYS5774875,D,S,D,2024-04-03,2000000.00,4.388251,98.4296875
08:01:11,91282CKF7,TSRYS5774875,D,S,D,2024-04-03,1000000.00,4.35241,98.641725
08:01:11,91282CKF7,TSRYS5774875,D,S,D,2024-04-03,1000000.00,4.35241,98.641725
08:01:11,91282CKF7,TSRYS5774875,D,S,T,2024-04-03,1000000.00,4.371123,98.53095
08:01:11,91282CKF7,TSRYS5774875,D,B,C,2024-04-03,2000000.00,4.371403,98.529296875
08:01:11,91282CKF7,TSRYS5774875,D,S,D,2024-04-03,2000000.00,4.371403,98.529296875
08:01:12,91282CKF7,TSRYS5774875,D,S,C,2024-04-03,20000000.00,4.381642,98.46875
08:01:12,91282CKF7,TSRYS5774875,D,B,C,2024-04-03,1000000.00,4.376026,98.501953125
08:01:12,91282CKF7,TSRYS5774875,D,S,D,2024-04-03,1000000.00,4.376026,98.501953125
08:01:12,91282CKF7,TSRYS5774875,D,S,T,2024-04-03,1000000.00,4.373765,98.515325
08:01:12,91282CKF7,TSRYS5774875,D,S,C,2024-04-03,10805000.00,4.363811,98.57421875
08:01:12,91282CKF7,TSRYS5774875,D,B,C,2024-04-03,1000000.00,4.374374,98.51171875
08:01:12,91282CKF7,TSRYS5774875,D,S,D,2024-04-03,1000000.00,4.374374,98.51171875
08:01:12,91282CKF7,TSRYS5774875,D,S,C,2024-04-03,10640000.00,4.371072,98.53125
08:01:12,91282CKF7,TSRYS5774875,D,S,C,2024-04-03,1900000.00,4.371072,98.53125
08:01:12,91282CKF7,TSRYS5774875,D,S,D,2024-04-03,1000000.00,4.375035,98.5078125
08:01:12,91282CKF7,TSRYS5774875,D,B,A,2024-04-03,1900000.00,4.371072,98.53125
08:01:12,91282CKF7,TSRYS5774875,D,S,T,2024-04-03,1000000.00,4.373765,98.515325
08:01:13,91282CKF7,TSRYS5774875,D,B,C,2024-04-03,1000000.00,4.373714,98.515625
08:01:13,91282CKF7,TSRYS5774875,D,S,D,2024-04-03,1000000.00,4.373714,98.515625
08:01:13,91282CKF7,TSRYS5774875,D,B,C,2024-04-03,1000000.00,4.373714,98.515625
08:01:13,91282CKF7,TSRYS5774875,D,S,D,2024-04-03,1000000.00,4.373714,98.515625
08:01:13,91282CKF7,TSRYS5774875,D,S,D,2024-04-03,2000000.00,4.373714,98.515625
08:01:13,91282CKF7,TSRYS5774875,D,B,C,2024-04-03,2000000.00,4.373714,98.515625
08:01:13,91282CKF7,TSRYS5774875,D,B,C,2024-04-03,1000000.00,4.373714,98.515625
08:01:13,91282CKF7,TSRYS5774875,D,S,D,2024-04-03,1000000.00,4.373714,98.515625
08:01:14,91282CKF7,TSRYS5774875,D,S,T,2024-04-03,1000000.00,4.373765,98.515325
08:01:14,91282CKF7,TSRYS5774875,D,B,C,2024-04-03,4000000.00,4.373714,98.515625
08:01:14,91282CKF7,TSRYS5774875,D,S,A,2024-04-03,4000000.00,4.373714,98.515625
08:01:15,91282CKF7,TSRYS5774875,D,B,C,2024-04-03,1000000.00,4.363151,98.578125
08:01:15,91282CKF7,TSRYS5774875,D,S,D,2024-04-03,1000000.00,4.363481,98.57617187
08:01:15,91282CKF7,TSRYS5774875,D,B,C,2024-04-03,1000000.00,4.363481,98.57617187
08:01:16,91282CKF7,TSRYS5774875,D,B,C,2024-04-03,1000000.00,4.363151,98.578125
08:01:16,91282CKF7,TSRYS5774875,D,B,C,2024-04-03,1000000.00,4.363151,98.578125
08:01:16,91282CKF7,TSRYS5774875,D,B,C,2024-04-03,1000000.00,4.363151,98.578125
08:01:16,91282CKF7,TSRYS5774875,D,B,C,2024-04-03,1000000.00,4.363151,98.578125
08:01:16,91282CKF7,TSRYS5774875,D,B,C,2024-04-03,1000000.00,4.363151,98.578125
08:01:16,91282CKF7,TSRYS5774875,D,B,C,2024-04-03,1000000.00,4.363151,98.578125
08:01:16,91282CKF7,TSRYS5774875,D,B,C,2024-04-03,1000000.00,4.363151,98.578125
08:01:16,91282CKF7,TSRYS5774875,D,S,D,2024-04-03,15000000.00,4.363174,98.57799
08:01:16,91282CKF7,TSRYS5774875,D,S,D,2024-04-03,1000000.00,4.363151,98.578125
08:01:16,91282CKF7,TSRYS5774875,D,S,D,2024-04-03,1000000.00,4.360841,98.59179687
08:01:16,91282CKF7,TSRYS5774875,D,S,D,2024-04-03,1000000.00,4.360841,98.59179687
08:01:17,91282CKF7,TSRYS5774875,D,S,T,2024-04-03,1000000.00,4.375035,98.5078125
08:01:17,91282CKF7,TSRYS5774875,D,S,D,2024-04-03,1000000.00,4.375035,98.5078125
08:01:17,91282CKF7,TSRYS5774875,D,S,T,2024-04-03,1000000.00,4.375035,98.5078125
08:01:17,91282CKF7,TSRYS5774875,D,S,D,2024-04-03,1000000.00,4.353585,98.63476562
08:01:17,91282CKF7,TSRYS5774875,D,S,T,2024-04-03,1000000.00,4.375035,98.5078125
08:01:17,91282CKF7,TSRYS5774875,D,S,T,2024-04-03,1000000.00,4.363151,98.578125
08:01:17,91282CKF7,TSRYS5774875,D,S,C,2024-04-03,1000000.00,4.360841,98.59179687
08:01:17,91282CKF7,TSRYS5774875,D,S,T,2024-04-03,1000000.00,4.361171,98.58984375
08:01:17,91282CKF7,TSRYS5774875,D,S,C,2024-04-03,1000000.00,4.360841,98.59179687
08:01:18,91282CKF7,TSRYS5774875,D,B,C,2024-04-03,1000000.00,4.361831,98.5859375
08:01:18,91282CKF7,TSRYS5774875,D,S,D,2024-04-03,1000000.00,4.363481,98.57617187
08:01:18,91282CKF7,TSRYS5774875,D,B,C,2024-04-03,1000000.00,4.364141,98.57226562
08:01:18,91282CKF7,TSRYS5774875,D,B,C,2024-04-03,1000000.00,4.360841,98.59179687
08:01:18,91282CKF7,TSRYS5774875,D,B,C,2024-04-03,1000000.00,4.359521,98.59960937
08:01:18,91282CKF7,TSRYS5774875,D,B,C,2024-04-03,1000000.00,4.359521,98.59960937
08:01:18,91282CKF7,TSRYS5774875,D,B,C,2024-04-03,1000000.00,4.359521,98.59960937
08:01:18,91282CKF7,TSRYS5774875,D,S,T,2024-04-03,1000000.00,4.363151,98.578125
08:01:18,91282CKF7,TSRYS5774875,D,S,T,2024-04-03,1000000.00,4.363151,98.578125
08:01:19,91282CKF7,TSRYS5774875,D,S,T,2024-04-03,1000000.00,4.363151,98.578125
08:01:19,91282CKF7,TSRYS5774875,D,S,T,2024-04-03,1000000.00,4.363151,98.578125
08:01:19,91282CKF7,TSRYS5774875,D,B,A,2024-04-03,260000.00,4.363151,98.578125
08:01:19,91282CKF7,TSRYS5774875,D,S,C,2024-04-03,1000000.00,4.360841,98.59179687
08:01:19,91282CKF7,TSRYS5774875,D,S,D,2024-04-03,1000000.00,4.360841,98.59179687
08:01:19,91282CKF7,TSRYS5774875,D,S,D,2024-04-03,1000000.00,4.353914,98.6328125
08:01:19,91282CKF7,TSRYS5774875,D,S,D,2024-04-03,1000000.00,4.361171,98.58984375
08:01:19,91282CKF7,TSRYS5774875,D,S,C,2024-04-03,1000000.00,4.353914,98.6328125
08:01:20,91282CKF7,TSRYS5774875,D,S,C,2024-04-03,1000000.00,4.365461,98.56445312
08:01:20,91282CKF7,TSRYS5774875,D,S,C,2024-04-03,1000000.00,4.353914,98.6328125
08:01:20,91282CKF7,TSRYS5774875,D,S,C,2024-04-03,1000000.00,4.365461,98.56445312
08:01:20,91282CKF7,TSRYS5774875,D,S,C,2024-04-03,1000000.00,4.348969,98.66210937
08:01:20,91282CKF7,TSRYS5774875,D,B,C,2024-04-03,1000000.00,4.360841,98.59179687
08:01:20,91282CKF7,TSRYS5774875,D,B,C,2024-04-03,1000000.00,4.360841,98.59179687
08:01:20,91282CKF7,TSRYS5774875,D,B,C,2024-04-03,1000000.00,4.360841,98.59179687
08:01:20,91282CKF7,TSRYS5774875,D,S,D,2024-04-03,1000000.00,4.353255,98.63671875
08:01:20,91282CKF7,TSRYS5774875,D,S,D,2024-04-03,2000000.00,4.363481,98.57617187
08:01:20,91282CKF7,TSRYS5774875,D,S,D,2024-04-03,1000000.00,4.353914,98.6328125
08:01:20,91282CKF7,TSRYS5774875,D,S,T,2024-04-03,1000000.00,4.363481,98.57617187
08:01:20,91282CKF7,TSRYS5774875,D,B,C,2024-04-03,1000000.00,4.361831,98.5859375
08:01:20,91282CKF7,TSRYS5774875,D,S,C,2024-04-03,71000000.00,4.362714,98.58071
08:01:20,91282CKF7,TSRYS5774875,D,S,T,2024-04-03,1000000.00,4.366468,98.55849375
08:01:21,91282CKF7,TSRYS5774875,D,S,T,2024-04-03,2000000.00,4.366798,98.556540625
08:01:21,91282CKF7,TSRYS5774875,D,S,T,2024-04-03,1000000.00,4.366798,98.556540625
08:01:21,91282CKF7,TSRYS5774875,D,S,T,2024-04-03,1000000.00,4.366798,98.556540625
08:01:21,91282CKF7,TSRYS5774875,D,S,T,2024-04-03,4000000.00,4.37175,98.52724375
08:01:21,91282CKF7,TSRYS5774875,D,S,T,2024-04-03,1000000.00,4.37175,98.52724375
08:01:21,91282CKF7,TSRYS5774875,D,B,C,2024-04-03,1000000.00,4.363481,98.57617187
08:01:21,91282CKF7,TSRYS5774875,D,S,D,2024-04-03,1000000.00,4.363481,98.57617187
08:01:21,91282CKF7,TSRYS5774875,D,S,D,2024-04-03,1000000.00,4.363151,98.578125
08:01:21,91282CKF7,TSRYS5774875,D,S,D,2024-04-03,1000000.00,4.363151,98.578125
08:01:21,91282CKF7,TSRYS5774875,D,S,D,2024-04-03,1000000.00,4.363481,98.57617187
08:01:21,91282CKF7,TSRYS5774875,D,S,C,2024-04-03,1000000.00,4.363481,98.57617187
08:01:21,91282CKF7,TSRYS5774875,D,S,T,2024-04-03,1000000.00,4.388268,98.4295875
08:01:21,91282CKF7,TSRYS5774875,D,S,D,2024-04-03,1000000.00,4.363481,98.57617187
08:01:21,91282CKF7,TSRYS5774875,D,S,T,2024-04-03,1000000.00,4.388268,98.4295875
08:01:21,91282CKF7,TSRYS5774875,D,S,D,2024-04-03,1000000.00,4.363481,98.57617187
08:01:21,91282CKF7,TSRYS5774875,D,S,D,2024-04-03,1000000.00,4.348969,98.66210937
08:01:21,91282CKF7,TSRYS5774875,D,S,D,2024-04-03,1000000.00,4.363481,98.57617187
08:01:21,91282CKF7,TSRYS5774875,D,S,D,2024-04-03,1000000.00,4.363481,98.57617187
08:01:21,91282CKF7,TSRYS5774875,D,S,D,2024-04-03,1000000.00,4.363481,98.57617187
08:01:21,91282CKF7,TSRYS5774875,D,S,D,2024-04-03,1000000.00,4.361171,98.58984375
08:01:21,91282CKF7,TSRYS5774875,D,S,T,2024-04-03,1000000.00,4.353914,98.6328125
08:01:21,91282CKF7,TSRYS5774875,D,S,T,2024-04-03,1000000.00,4.353914,98.6328125
08:01:21,91282CKF7,TSRYS5774875,D,S,T,2024-04-03,1000000.00,4.388281,98.4295125
08:01:21,91282CKF7,TSRYS5774875,D,B,C,2024-04-03,1000000.00,4.365791,98.5625
08:01:21,91282CKF7,TSRYS5774875,D,B,C,2024-04-03,1000000.00,4.365791,98.5625
08:01:21,91282CKF7,TSRYS5774875,D,B,C,2024-04-03,1000000.00,4.365791,98.5625
08:01:21,91282CKF7,TSRYS5774875,D,S,D,2024-04-03,1000000.00,4.348969,98.66210937
08:01:21,91282CKF7,TSRYS5774875,D,B,C,2024-04-03,1000000.00,4.365791,98.5625
08:01:21,91282CKF7,TSRYS5774875,D,S,T,2024-04-03,1000000.00,4.366451,98.55859375
08:01:21,91282CKF7,TSRYS5774875,D,S,T,2024-04-03,2000000.00,4.366781,98.556640625
08:01:21,91282CKF7,TSRYS5774875,D,S,T,2024-04-03,1000000.00,4.366781,98.556640625
08:01:21,91282CKF7,TSRYS5774875,D,S,T,2024-04-03,1000000.00,4.366781,98.556640625
08:01:22,91282CKF7,TSRYS5774875,D,B,C,2024-04-03,1000000.00,4.365791,98.5625
08:01:22,91282CKF7,TSRYS5774875,D,B,C,2024-04-03,1000000.00,4.365791,98.5625
08:01:22,91282CKF7,TSRYS5774875,D,B,C,2024-04-03,1000000.00,4.364801,98.56835937
08:01:22,91282CKF7,TSRYS5774875,D,S,T,2024-04-03,2000000.00,4.388251,98.4296875
08:01:22,91282CKF7,TSRYS5774875,D,S,D,2024-04-03,2000000.00,4.363481,98.57617187
08:01:22,91282CKF7,TSRYS5774875,D,S,T,2024-04-03,1000000.00,4.363481,98.57617187
08:01:22,91282CKF7,TSRYS5774875,D,B,A,2024-04-03,18000000.00,4.359851,98.59765625
08:01:22,91282CKF7,TSRYS5774875,D,B,C,2024-04-03,1000000.00,4.364141,98.57226562
08:01:22,91282CKF7,TSRYS5774875,D,S,C,2024-04-03,1000000.00,4.353914,98.6328125
08:01:22,91282CKF7,TSRYS5774875,D,S,C,2024-04-03,1000000.00,4.353914,98.6328125
08:01:22,91282CKF7,TSRYS5774875,D,S,D,2024-04-03,1000000.00,4.348969,98.66210937
08:01:22,91282CKF7,TSRYS5774875,D,S,T,2024-04-03,1000000.00,4.348969,98.66210937
08:01:22,91282CKF7,TSRYS5774875,D,S,D,2024-04-03,1000000.00,4.348969,98.66210937
08:01:23,91282CKF7,TSRYS5774875,D,S,D,2024-04-03,1000000.00,4.348969,98.66210937
08:01:23,91282CKF7,TSRYS5774875,D,S,D,2024-04-03,1000000.00,4.361171,98.58984375
08:01:23,91282CKF7,TSRYS5774875,D,B,C,2024-04-03,2000000.00,4.351276,98.6484375
