tradeTime,cusip,issueSymbolIdentifier,priceType,reportingSideCode,contraPartyTypeCode,tradeDate,reportedTradeVolume,lastSaleYield,lastSalePrice
08:00:03,91282CLD1,TSRYS5850288,D,S,T,2024-07-26,1000000.00,4.174672,99.701171875
08:00:03,91282CLD1,TSRYS5850288,D,S,T,2024-07-26,1000000.00,4.17207,99.716796875
08:00:03,91282CLD1,TSRYS5850288,D,S,T,2024-07-26,1000000.00,4.17207,99.716796875
08:00:03,91282CLD1,TSRYS5850288,D,S,T,2024-07-26,2000000.00,4.173046,99.7109375
08:00:03,91282CLD1,TSRYS5850288,D,S,T,2024-07-26,2000000.00,4.173046,99.7109375
08:00:03,91282CLD1,TSRYS5850288,D,S,T,2024-07-26,2000000.00,4.173046,99.7109375
08:00:03,91282CLD1,TSRYS5850288,D,S,T,2024-07-26,1000000.00,4.173696,99.70703125
08:00:03,91282CLD1,TSRYS5850288,D,S,T,2024-07-26,1000000.00,4.176298,99.69140625
08:00:03,91282CLD1,TSRYS5850288,D,S,T,2024-07-26,2000000.00,4.171745,99.71875
08:00:03,91282CLD1,TSRYS5850288,D,S,T,2024-07-26,1000000.00,4.170769,99.724609375
08:00:03,91282CLD1,TSRYS5850288,D,S,T,2024-07-26,1000000.00,4.170769,99.724609375
08:00:03,91282CLD1,TSRYS5850288,D,S,T,2024-07-26,1000000.00,4.173046,99.7109375
08:00:03,91282CLD1,TSRYS5850288,D,S,T,2024-07-26,1000000.00,4.173371,99.708984375
08:00:03,91282CLD1,TSRYS5850288,D,S,T,2024-07-26,1000000.00,4.173371,99.708984375
08:00:03,91282CLD1,TSRYS5850288,D,S,T,2024-07-26,1000000.00,4.173046,99.7109375
08:00:03,91282CLD1,TSRYS5850288,D,S,D,2024-07-26,2000000.00,4.172395,99.71484375
08:00:03,91282CLD1,TSRYS5850288,D,S,D,2024-07-26,1000000.00,4.172395,99.71484375
08:00:03,91282CLD1,TSRYS5850288,D,S,D,2024-07-26,1000000.00,4.172395,99.71484375
08:00:03,91282CLD1,TSRYS5850288,D,S,D,2024-07-26,1000000.00,4.172395,99.71484375
08:00:03,91282CLD1,TSRYS5850288,D,S,T,2024-07-26,1000000.00,4.175647,99.6953125
08:00:03,91282CLD1,TSRYS5850288,D,S,T,2024-07-26,2000000.00,4.174672,99.701171875
08:00:03,91282CLD1,TSRYS5850288,D,S,T,2024-07-26,2000000.00,4.182153,99.65625
08:00:03,91282CLD1,TSRYS5850288,D,S,T,2024-07-26,1000000.00,4.175647,99.6953125
08:00:03,91282CLD1,TSRYS5850288,D,S,T,2024-07-26,1000000.00,4.174346,99.703125
08:00:03,91282CLD1,TSRYS5850288,D,S,D,2024-07-26,1000000.00,4.183455,99.6484375
08:00:03,91282CLD1,TSRYS5850288,D,S,D,2024-07-26,1000000.00,4.186384,99.630859375
08:00:03,91282CLD1,TSRYS5850288,D,S,D,2024-07-26,1000000.00,4.186384,99.630859375
08:00:03,91282CLD1,TSRYS5850288,D,S,T,2024-07-26,1000000.00,4.186384,99.630859375
08:00:03,91282CLD1,TSRYS5850288,D,S,T,2024-07-26,1000000.00,4.186384,99.630859375
08:00:03,91282CLD1,TSRYS5850288,D,S,D,2024-07-26,2000000.00,4.189314,99.61328125
08:00:03,91282CLD1,TSRYS5850288,D,S,D,2024-07-26,2000000.00,4.189314,99.61328125
08:00:03,91282CLD1,TSRYS5850288,D,S,D,2024-07-26,1000000.00,4.189314,99.61328125
08:00:03,91282CLD1,TSRYS5850288,D,S,D,2024-07-26,1000000.00,4.181828,99.658203125
08:00:03,91282CLD1,TSRYS5850288,D,S,T,2024-07-26,1000000.00,4.179551,99.671875
08:00:03,91282CLD1,TSRYS5850288,D,S,T,2024-07-26,1000000.00,4.180852,99.6640625
08:00:03,91282CLD1,TSRYS5850288,D,S,T,2024-07-26,1000000.00,4.180852,99.6640625
08:00:03,91282CLD1,TSRYS5850288,D,S,D,2024-07-26,1000000.00,4.180201,99.66796875
08:00:03,91282CLD1,TSRYS5850288,D,S,D,2024-07-26,1000000.00,4.185082,99.638671875
08:00:03,91282CLD1,TSRYS5850288,D,S,T,2024-07-26,2000000.00,4.186059,99.6328125
08:00:03,91282CLD1,TSRYS5850288,D,S,T,2024-07-26,2000000.00,4.186059,99.6328125
08:00:03,91282CLD1,TSRYS5850288,D,S,D,2024-07-26,1000000.00,4.186059,99.6328125
08:00:03,91282CLD1,TSRYS5850288,D,S,T,2024-07-26,1000000.00,4.183455,99.6484375
08:00:03,91282CLD1,TSRYS5850288,D,S,T,2024-07-26,1000000.00,4.182153,99.65625
08:00:03,91282CLD1,TSRYS5850288,D,S,T,2024-07-26,1000000.00,4.178249,99.6796875
08:00:04,91282CLD1,TSRYS5850288,D,S,T,2024-07-26,1000000.00,4.173046,99.7109375
08:00:04,91282CLD1,TSRYS5850288,D,S,T,2024-07-26,1000000.00,4.167844,99.7421875
08:00:04,91282CLD1,TSRYS5850288,D,S,T,2024-07-26,1000000.00,4.166543,99.75
08:00:04,91282CLD1,TSRYS5850288,D,S,T,2024-07-26,1000000.00,4.167844,99.7421875
08:00:04,91282CLD1,TSRYS5850288,D,S,T,2024-07-26,1000000.00,4.165243,99.7578125
08:00:04,91282CLD1,TSRYS5850288,D,S,T,2024-07-26,1000000.00,4.162644,99.7734375
08:00:04,91282CLD1,TSRYS5850288,D,S,D,2024-07-26,2000000.00,4.165568,99.755859375
08:00:04,91282CLD1,TSRYS5850288,D,S,D,2024-07-26,2000000.00,4.165568,99.755859375
08:00:04,91282CLD1,TSRYS5850288,D,S,D,2024-07-26,2000000.00,4.165568,99.755859375
08:00:04,91282CLD1,TSRYS5850288,D,S,T,2024-07-26,2000000.00,4.167519,99.744140625
08:00:04,91282CLD1,TSRYS5850288,D,S,T,2024-07-26,2000000.00,4.167519,99.744140625
08:00:04,91282CLD1,TSRYS5850288,D,S,T,2024-07-26,1000000.00,4.171745,99.71875
08:00:04,91282CLD1,TSRYS5850288,D,S,T,2024-07-26,1000000.00,4.166543,99.75
08:00:04,91282CLD1,TSRYS5850288,D,S,D,2024-07-26,1000000.00,4.165243,99.7578125
08:00:04,91282CLD1,TSRYS5850288,D,S,D,2024-07-26,1000000.00,4.163943,99.765625
08:00:04,91282CLD1,TSRYS5850288,D,S,T,2024-07-26,1000000.00,4.161344,99.78125
08:00:04,91282CLD1,TSRYS5850288,D,S,D,2024-07-26,2000000.00,4.165568,99.755859375
08:00:04,91282CLD1,TSRYS5850288,D,S,D,2024-07-26,2000000.00,4.165568,99.755859375
08:00:04,91282CLD1,TSRYS5850288,D,S,D,2024-07-26,1000000.00,4.165568,99.755859375
08:00:04,91282CLD1,TSRYS5850288,D,S,T,2024-07-26,1000000.00,4.165568,99.755859375
08:00:04,91282CLD1,TSRYS5850288,D,S,D,2024-07-26,1000000.00,4.165568,99.755859375
08:00:04,91282CLD1,TSRYS5850288,D,S,T,2024-07-26,1000000.00,4.165568,99.755859375
08:00:04,91282CLD1,TSRYS5850288,D,S,T,2024-07-26,2000000.00,4.165568,99.755859375
08:00:04,91282CLD1,TSRYS5850288,D,S,D,2024-07-26,1000000.00,4.164593,99.76171875
08:00:04,91282CLD1,TSRYS5850288,D,S,D,2024-07-26,2000000.00,4.163293,99.76953125
08:00:04,91282CLD1,TSRYS5850288,D,S,D,2024-07-26,1000000.00,4.163293,99.76953125
08:00:04,91282CLD1,TSRYS5850288,D,S,T,2024-07-26,2000000.00,4.163293,99.76953125
08:00:04,91282CLD1,TSRYS5850288,D,S,D,2024-07-26,1000000.00,4.163293,99.76953125
08:00:04,91282CLD1,TSRYS5850288,D,S,D,2024-07-26,1000000.00,4.163293,99.76953125
08:00:04,91282CLD1,TSRYS5850288,D,S,D,2024-07-26,1000000.00,4.163293,99.76953125
08:00:04,91282CLD1,TSRYS5850288,D,S,D,2024-07-26,1000000.00,4.163293,99.76953125
08:00:04,91282CLD1,TSRYS5850288,D,S,D,2024-07-26,1000000.00,4.163293,99.76953125
08:00:04,91282CLD1,TSRYS5850288,D,S,T,2024-07-26,3000000.00,4.162969,99.771484375
08:00:04,91282CLD1,TSRYS5850288,D,S,D,2024-07-26,1000000.00,4.162644,99.7734375
08:00:04,91282CLD1,TSRYS5850288,D,S,D,2024-07-26,1000000.00,4.164268,99.763671875
08:00:04,91282CLD1,TSRYS5850288,D,S,D,2024-07-26,1000000.00,4.164268,99.763671875
08:00:04,91282CLD1,TSRYS5850288,D,S,D,2024-07-26,2000000.00,4.162644,99.7734375
08:00:04,91282CLD1,TSRYS5850288,D,S,D,2024-07-26,1000000.00,4.162644,99.7734375
08:00:04,91282CLD1,TSRYS5850288,D,S,T,2024-07-26,1000000.00,4.162644,99.7734375
08:00:04,91282CLD1,TSRYS5850288,D,S,D,2024-07-26,1000000.00,4.162644,99.7734375
08:00:04,91282CLD1,TSRYS5850288,D,S,D,2024-07-26,1000000.00,4.161344,99.78125
08:00:04,91282CLD1,TSRYS5850288,D,S,D,2024-07-26,2000000.00,4.167844,99.7421875
08:00:04,91282CLD1,TSRYS5850288,D,S,D,2024-07-26,2000000.00,4.167844,99.7421875
08:00:04,91282CLD1,TSRYS5850288,D,S,D,2024-07-26,1000000.00,4.167844,99.7421875
08:00:05,91282CLD1,TSRYS5850288,D,S,T,2024-07-26,2000000.00,4.170444,99.7265625
08:00:05,91282CLD1,TSRYS5850288,D,S,T,2024-07-26,1000000.00,4.180852,99.6640625
08:00:05,91282CLD1,TSRYS5850288,D,S,T,2024-07-26,1000000.00,4.182153,99.65625
08:00:05,91282CLD1,TSRYS5850288,D,S,T,2024-07-26,1000000.00,4.166543,99.75
08:00:05,91282CLD1,TSRYS5850288,D,S,T,2024-07-26,1000000.00,4.165243,99.7578125
08:00:09,91282CLD1,TSRYS5850288,D,S,T,2024-07-26,1000000.00,4.171745,99.71875
08:00:09,91282CLD1,TSRYS5850288,D,S,T,2024-07-26,1000000.00,4.170444,99.7265625
08:00:09,91282CLD1,TSRYS5850288,D,S,T,2024-07-26,1000000.00,4.170444,99.7265625
08:00:10,91282CLD1,TSRYS5850288,D,S,T,2024-07-26,1000000.00,4.161344,99.78125
08:00:13,91282CLD1,TSRYS5850288,D,S,D,2024-07-26,1000000.00,4.170444,99.7265625
08:00:13,91282CLD1,TSRYS5850288,D,S,D,2024-07-26,1000000.00,4.170444,99.7265625
08:00:13,91282CLD1,TSRYS5850288,D,S,D,2024-07-26,1000000.00,4.171745,99.71875
08:00:13,91282CLD1,TSRYS5850288,D,S,T,2024-07-26,1000000.00,4.167844,99.7421875
08:00:13,91282CLD1,TSRYS5850288,D,S,T,2024-07-26,1000000.00,4.171745,99.71875
08:00:13,91282CLD1,TSRYS5850288,D,S,D,2024-07-26,1000000.00,4.166543,99.75
08:00:13,91282CLD1,TSRYS5850288,D,S,T,2024-07-26,1000000.00,4.182153,99.65625
08:00:13,91282CLD1,TSRYS5850288,D,S,D,2024-07-26,1000000.00,4.180527,99.666015625
08:00:13,91282CLD1,TSRYS5850288,D,S,T,2024-07-26,1000000.00,4.174346,99.703125
08:00:13,91282CLD1,TSRYS5850288,D,S,T,2024-07-26,1000000.00,4.174346,99.703125
08:00:13,91282CLD1,TSRYS5850288,D,B,C,2024-07-26,14000000.00,4.187906,99.621726
08:00:13,91282CLD1,TSRYS5850288,D,S,T,2024-07-26,1000000.00,4.173371,99.708984375
08:00:13,91282CLD1,TSRYS5850288,D,S,T,2024-07-26,1000000.00,4.174346,99.703125
08:00:13,91282CLD1,TSRYS5850288,D,S,T,2024-07-26,1000000.00,4.173371,99.708984375
08:00:13,91282CLD1,TSRYS5850288,D,S,T,2024-07-26,1000000.00,4.173371,99.708984375
08:00:13,91282CLD1,TSRYS5850288,D,S,D,2024-07-26,1000000.00,4.18313,99.650390625
08:00:13,91282CLD1,TSRYS5850288,D,S,T,2024-07-26,1000000.00,4.180852,99.6640625
08:00:13,91282CLD1,TSRYS5850288,D,S,D,2024-07-26,1000000.00,4.180201,99.66796875
08:00:14,91282CLD1,TSRYS5850288,D,S,T,2024-07-26,1000000.00,4.168494,99.73828125
08:00:14,91282CLD1,TSRYS5850288,D,S,T,2024-07-26,1000000.00,4.168169,99.740234375
08:00:14,91282CLD1,TSRYS5850288,D,S,T,2024-07-26,1000000.00,4.167844,99.7421875
08:00:14,91282CLD1,TSRYS5850288,D,S,T,2024-07-26,1000000.00,4.169144,99.734375
08:00:14,91282CLD1,TSRYS5850288,D,S,T,2024-07-26,1000000.00,4.169144,99.734375
08:00:14,91282CLD1,TSRYS5850288,D,S,T,2024-07-26,1000000.00,4.166543,99.75
08:00:14,91282CLD1,TSRYS5850288,D,S,T,2024-07-26,1000000.00,4.166543,99.75
08:00:14,91282CLD1,TSRYS5850288,D,S,D,2024-07-26,1000000.00,4.163618,99.767578125
08:00:14,91282CLD1,TSRYS5850288,D,S,T,2024-07-26,1000000.00,4.165568,99.755859375
08:00:14,91282CLD1,TSRYS5850288,D,S,D,2024-07-26,1000000.00,4.163618,99.767578125
08:00:14,91282CLD1,TSRYS5850288,D,S,T,2024-07-26,1000000.00,4.162644,99.7734375
08:00:14,91282CLD1,TSRYS5850288,D,S,T,2024-07-26,1000000.00,4.169469,99.732421875
08:00:14,91282CLD1,TSRYS5850288,D,S,T,2024-07-26,1000000.00,4.169469,99.732421875
08:00:14,91282CLD1,TSRYS5850288,D,S,T,2024-07-26,1000000.00,4.169469,99.732421875
08:00:17,91282CLD1,TSRYS5850288,D,S,D,2024-07-26,1000000.00,4.179551,99.671875
08:00:17,91282CLD1,TSRYS5850288,D,S,D,2024-07-26,1000000.00,4.179551,99.671875
08:00:17,91282CLD1,TSRYS5850288,D,S,T,2024-07-26,1000000.00,4.179551,99.671875
08:00:18,91282CLD1,TSRYS5850288,D,S,T,2024-07-26,1000000.00,4.180852,99.6640625
08:00:18,91282CLD1,TSRYS5850288,D,S,T,2024-07-26,1000000.00,4.180852,99.6640625
08:00:18,91282CLD1,TSRYS5850288,D,S,T,2024-07-26,1000000.00,4.182153,99.65625
08:00:18,91282CLD1,TSRYS5850288,D,S,T,2024-07-26,1000000.00,4.180852,99.6640625
08:00:18,91282CLD1,TSRYS5850288,D,S,T,2024-07-26,1000000.00,4.184757,99.640625
08:00:21,91282CLD1,TSRYS5850288,D,S,D,2024-07-26,1000000.00,4.174346,99.703125
08:00:24,91282CLD1,TSRYS5850288,D,S,D,2024-07-26,3000000.00,4.171745,99.71875
08:00:24,91282CLD1,TSRYS5850288,D,S,C,2024-07-26,1000000.00,4.173046,99.7109375
08:00:26,91282CLD1,TSRYS5850288,D,S,T,2024-07-26,2000000.00,4.174346,99.703125
08:00:26,91282CLD1,TSRYS5850288,D,S,T,2024-07-26,2000000.00,4.176948,99.6875
08:00:26,91282CLD1,TSRYS5850288,D,S,D,2024-07-26,1000000.00,4.170444,99.7265625
08:00:26,91282CLD1,TSRYS5850288,D,S,D,2024-07-26,1000000.00,4.179551,99.671875
08:00:26,91282CLD1,TSRYS5850288,D,S,T,2024-07-26,1000000.00,4.173046,99.7109375
08:00:26,91282CLD1,TSRYS5850288,D,S,D,2024-07-26,1000000.00,4.174346,99.703125
08:00:26,91282CLD1,TSRYS5850288,D,S,T,2024-07-26,1000000.00,4.177274,99.685546875
08:00:26,91282CLD1,TSRYS5850288,D,S,D,2024-07-26,1000000.00,4.179551,99.671875
08:00:26,91282CLD1,TSRYS5850288,D,S,D,2024-07-26,2000000.00,4.166218,99.751953125
08:00:26,91282CLD1,TSRYS5850288,D,S,D,2024-07-26,1000000.00,4.164918,99.759765625
08:00:27,91282CLD1,TSRYS5850288,D,S,D,2024-07-26,1000000.00,4.173046,99.7109375
08:00:29,91282CLD1,TSRYS5850288,D,S,D,2024-07-26,1000000.00,4.172395,99.71484375
08:00:30,91282CLD1,TSRYS5850288,D,S,T,2024-07-26,1000000.00,4.169144,99.734375
08:00:30,91282CLD1,TSRYS5850288,D,S,T,2024-07-26,1000000.00,4.169144,99.734375
08:00:30,91282CLD1,TSRYS5850288,D,S,T,2024-07-26,1000000.00,4.169144,99.734375
08:00:30,91282CLD1,TSRYS5850288,D,S,T,2024-07-26,1000000.00,4.171745,99.71875
08:00:30,91282CLD1,TSRYS5850288,D,S,T,2024-07-26,1000000.00,4.171745,99.71875
08:00:30,91282CLD1,TSRYS5850288,D,S,T,2024-07-26,1000000.00,4.171745,99.71875
08:00:30,91282CLD1,TSRYS5850288,D,S,T,2024-07-26,1000000.00,4.171745,99.71875
08:00:30,91282CLD1,TSRYS5850288,D,S,T,2024-07-26,1000000.00,4.171745,99.71875
08:00:30,91282CLD1,TSRYS5850288,D,S,T,2024-07-26,1000000.00,4.171745,99.71875
08:00:30,91282CLD1,TSRYS5850288,D,S,T,2024-07-26,1000000.00,4.171745,99.71875
08:00:30,91282CLD1,TSRYS5850288,D,S,T,2024-07-26,1000000.00,4.171745,99.71875
08:00:30,91282CLD1,TSRYS5850288,D,S,T,2024-07-26,1000000.00,4.170444,99.7265625
08:00:30,91282CLD1,TSRYS5850288,D,S,T,2024-07-26,1000000.00,4.166543,99.75
08:00:30,91282CLD1,TSRYS5850288,D,S,T,2024-07-26,1000000.00,4.166543,99.75
08:00:30,91282CLD1,TSRYS5850288,D,S,T,2024-07-26,1000000.00,4.166543,99.75
08:00:30,91282CLD1,TSRYS5850288,D,S,T,2024-07-26,1000000.00,4.166543,99.75
08:00:30,91282CLD1,TSRYS5850288,D,S,T,2024-07-26,1000000.00,4.170444,99.7265625
08:00:30,91282CLD1,TSRYS5850288,D,S,T,2024-07-26,2000000.00,4.170444,99.7265625
08:00:30,91282CLD1,TSRYS5850288,D,S,T,2024-07-26,2000000.00,4.170444,99.7265625
08:00:30,91282CLD1,TSRYS5850288,D,S,T,2024-07-26,1000000.00,4.168819,99.736328125
08:00:30,91282CLD1,TSRYS5850288,D,S,T,2024-07-26,1000000.00,4.173046,99.7109375
08:00:30,91282CLD1,TSRYS5850288,D,S,T,2024-07-26,2000000.00,4.174021,99.705078125
08:00:30,91282CLD1,TSRYS5850288,D,S,T,2024-07-26,1000000.00,4.174021,99.705078125
08:00:30,91282CLD1,TSRYS5850288,D,S,T,2024-07-26,1000000.00,4.179551,99.671875
08:00:30,91282CLD1,TSRYS5850288,D,S,T,2024-07-26,1000000.00,4.179551,99.671875
08:00:30,91282CLD1,TSRYS5850288,D,S,T,2024-07-26,1000000.00,4.179551,99.671875
08:00:30,91282CLD1,TSRYS5850288,D,S,T,2024-07-26,1000000.00,4.179551,99.671875
08:00:30,91282CLD1,TSRYS5850288,D,S,T,2024-07-26,1000000.00,4.179551,99.671875
08:00:30,91282CLD1,TSRYS5850288,D,S,T,2024-07-26,1000000.00,4.179551,99.671875
08:00:30,91282CLD1,TSRYS5850288,D,S,T,2024-07-26,1000000.00,4.179551,99.671875
08:00:30,91282CLD1,TSRYS5850288,D,S,T,2024-07-26,1000000.00,4.179551,99.671875
08:00:30,91282CLD1,TSRYS5850288,D,S,T,2024-07-26,1000000.00,4.182153,99.65625
08:00:30,91282CLD1,TSRYS5850288,D,S,T,2024-07-26,2000000.00,4.179551,99.671875
08:00:30,91282CLD1,TSRYS5850288,D,S,T,2024-07-26,2000000.00,4.179551,99.671875
08:00:30,91282CLD1,TSRYS5850288,D,S,T,2024-07-26,2000000.00,4.179551,99.671875
08:00:30,91282CLD1,TSRYS5850288,D,S,T,2024-07-26,4000000.00,4.179551,99.671875
08:00:30,91282CLD1,TSRYS5850288,D,S,T,2024-07-26,2000000.00,4.179551,99.671875
08:00:30,91282CLD1,TSRYS5850288,D,S,T,2024-07-26,1000000.00,4.179551,99.671875
08:00:30,91282CLD1,TSRYS5850288,D,S,T,2024-07-26,2000000.00,4.179551,99.671875
08:00:30,91282CLD1,TSRYS5850288,D,S,T,2024-07-26,2000000.00,4.179551,99.671875
08:00:30,91282CLD1,TSRYS5850288,D,S,T,2024-07-26,1000000.00,4.178249,99.6796875
08:00:30,91282CLD1,TSRYS5850288,D,S,T,2024-07-26,2000000.00,4.179551,99.671875
08:00:30,91282CLD1,TSRYS5850288,D,S,T,2024-07-26,1000000.00,4.179551,99.671875
08:00:30,91282CLD1,TSRYS5850288,D,S,T,2024-07-26,1000000.00,4.179551,99.671875
08:00:30,91282CLD1,TSRYS5850288,D,S,T,2024-07-26,1000000.00,4.178249,99.6796875
08:00:30,91282CLD1,TSRYS5850288,D,S,D,2024-07-26,1000000.00,4.180852,99.6640625
08:00:30,91282CLD1,TSRYS5850288,D,S,T,2024-07-26,1000000.00,4.174346,99.703125
08:00:30,91282CLD1,TSRYS5850288,D,S,T,2024-07-26,2000000.00,4.173371,99.708984375
08:00:30,91282CLD1,TSRYS5850288,D,S,T,2024-07-26,2000000.00,4.173371,99.708984375
08:00:30,91282CLD1,TSRYS5850288,D,S,T,2024-07-26,1000000.00,4.173046,99.7109375
08:00:30,91282CLD1,TSRYS5850288,D,S,T,2024-07-26,2000000.00,4.174021,99.705078125
08:00:30,91282CLD1,TSRYS5850288,D,S,T,2024-07-26,1000000.00,4.173696,99.70703125
08:00:30,91282CLD1,TSRYS5850288,D,S,T,2024-07-26,1000000.00,4.173696,99.70703125
08:00:30,91282CLD1,TSRYS5850288,D,S,T,2024-07-26,1000000.00,4.174346,99.703125
08:00:30,91282CLD1,TSRYS5850288,D,S,T,2024-07-26,2000000.00,4.174346,99.703125
08:00:30,91282CLD1,TSRYS5850288,D,S,T,2024-07-26,1000000.00,4.174346,99.703125
08:00:30,91282CLD1,TSRYS5850288,D,S,T,2024-07-26,1000000.00,4.174346,99.703125
08:00:30,91282CLD1,TSRYS5850288,D,S,T,2024-07-26,1000000.00,4.174346,99.703125
08:00:30,91282CLD1,TSRYS5850288,D,S,T,2024-07-26,1000000.00,4.174346,99.703125
08:00:30,91282CLD1,TSRYS5850288,D,S,T,2024-07-26,1000000.00,4.174346,99.703125
08:00:30,91282CLD1,TSRYS5850288,D,S,T,2024-07-26,1000000.00,4.174346,99.703125
08:00:30,91282CLD1,TSRYS5850288,D,S,T,2024-07-26,1000000.00,4.174346,99.703125
08:00:30,91282CLD1,TSRYS5850288,D,S,T,2024-07-26,1000000.00,4.174346,99.703125
08:00:30,91282CLD1,TSRYS5850288,D,S,T,2024-07-26,1000000.00,4.174346,99.703125
08:00:30,91282CLD1,TSRYS5850288,D,S,T,2024-07-26,1000000.00,4.175647,99.6953125
08:00:30,91282CLD1,TSRYS5850288,D,S,T,2024-07-26,1000000.00,4.175647,99.6953125
08:00:30,91282CLD1,TSRYS5850288,D,S,T,2024-07-26,1000000.00,4.176948,99.6875
08:00:30,91282CLD1,TSRYS5850288,D,S,T,2024-07-26,1000000.00,4.176948,99.6875
08:00:30,91282CLD1,TSRYS5850288,D,S,T,2024-07-26,1000000.00,4.176948,99.6875
08:00:30,91282CLD1,TSRYS5850288,D,S,T,2024-07-26,1000000.00,4.178249,99.6796875
08:00:30,91282CLD1,TSRYS5850288,D,S,T,2024-07-26,1000000.00,4.178249,99.6796875
08:00:30,91282CLD1,TSRYS5850288,D,S,T,2024-07-26,2000000.00,4.178249,99.6796875
08:00:30,91282CLD1,TSRYS5850288,D,S,T,2024-07-26,2000000.00,4.178249,99.6796875
08:00:30,91282CLD1,TSRYS5850288,D,S,T,2024-07-26,2000000.00,4.177924,99.681640625
08:00:30,91282CLD1,TSRYS5850288,D,S,T,2024-07-26,2000000.00,4.177924,99.681640625
08:00:30,91282CLD1,TSRYS5850288,D,S,T,2024-07-26,1000000.00,4.176948,99.6875
08:00:30,91282CLD1,TSRYS5850288,D,S,T,2024-07-26,2000000.00,4.176948,99.6875
08:00:30,91282CLD1,TSRYS5850288,D,S,T,2024-07-26,1000000.00,4.176948,99.6875
08:00:30,91282CLD1,TSRYS5850288,D,S,T,2024-07-26,1000000.00,4.176948,99.6875
08:00:30,91282CLD1,TSRYS5850288,D,S,T,2024-07-26,1000000.00,4.176948,99.6875
08:00:30,91282CLD1,TSRYS5850288,D,S,T,2024-07-26,1000000.00,4.176948,99.6875
08:00:30,91282CLD1,TSRYS5850288,D,S,T,2024-07-26,1000000.00,4.176948,99.6875
08:00:30,91282CLD1,TSRYS5850288,D,S,T,2024-07-26,1000000.00,4.176948,99.6875
08:00:30,91282CLD1,TSRYS5850288,D,S,T,2024-07-26,1000000.00,4.176948,99.6875
08:00:30,91282CLD1,TSRYS5850288,D,S,T,2024-07-26,1000000.00,4.176948,99.6875
08:00:30,91282CLD1,TSRYS5850288,D,S,T,2024-07-26,1000000.00,4.176948,99.6875
08:00:30,91282CLD1,TSRYS5850288,D,S,T,2024-07-26,1000000.00,4.176948,99.6875
08:00:30,91282CLD1,TSRYS5850288,D,S,T,2024-07-26,1000000.00,4.176948,99.6875
08:00:30,91282CLD1,TSRYS5850288,D,S,T,2024-07-26,1000000.00,4.176948,99.6875
08:00:30,91282CLD1,TSRYS5850288,D,S,T,2024-07-26,1000000.00,4.176948,99.6875
08:00:30,91282CLD1,TSRYS5850288,D,S,T,2024-07-26,2000000.00,4.175647,99.6953125
08:00:30,91282CLD1,TSRYS5850288,D,S,T,2024-07-26,2000000.00,4.175647,99.6953125
08:00:30,91282CLD1,TSRYS5850288,D,S,T,2024-07-26,1000000.00,4.176298,99.69140625
08:00:30,91282CLD1,TSRYS5850288,D,S,T,2024-07-26,1000000.00,4.175647,99.6953125
08:00:30,91282CLD1,TSRYS5850288,D,S,T,2024-07-26,3000000.00,4.174997,99.69921875
08:00:30,91282CLD1,TSRYS5850288,D,S,T,2024-07-26,1000000.00,4.174346,99.703125
08:00:30,91282CLD1,TSRYS5850288,D,S,T,2024-07-26,1000000.00,4.174346,99.703125
08:00:30,91282CLD1,TSRYS5850288,D,S,T,2024-07-26,1000000.00,4.174346,99.703125
08:00:30,91282CLD1,TSRYS5850288,D,S,T,2024-07-26,1000000.00,4.173046,99.7109375
08:00:30,91282CLD1,TSRYS5850288,D,S,T,2024-07-26,4000000.00,4.173046,99.7109375
08:00:30,91282CLD1,TSRYS5850288,D,S,T,2024-07-26,1000000.00,4.173046,99.7109375
08:00:30,91282CLD1,TSRYS5850288,D,S,T,2024-07-26,1000000.00,4.173046,99.7109375
08:00:30,91282CLD1,TSRYS5850288,D,S,T,2024-07-26,1000000.00,4.171745,99.71875
08:00:30,91282CLD1,TSRYS5850288,D,S,T,2024-07-26,1000000.00,4.171745,99.71875
08:00:30,91282CLD1,TSRYS5850288,D,S,T,2024-07-26,1000000.00,4.171745,99.71875
08:00:30,91282CLD1,TSRYS5850288,D,S,T,2024-07-26,1000000.00,4.171745,99.71875
08:00:30,91282CLD1,TSRYS5850288,D,S,T,2024-07-26,3000000.00,4.171745,99.71875
08:00:30,91282CLD1,TSRYS5850288,D,S,T,2024-07-26,1000000.00,4.173046,99.7109375
08:00:30,91282CLD1,TSRYS5850288,D,S,T,2024-07-26,1000000.00,4.173046,99.7109375
08:00:30,91282CLD1,TSRYS5850288,D,S,T,2024-07-26,1000000.00,4.173371,99.708984375
08:00:30,91282CLD1,TSRYS5850288,D,S,T,2024-07-26,1000000.00,4.173371,99.708984375
08:00:30,91282CLD1,TSRYS5850288,D,S,T,2024-07-26,2000000.00,4.171745,99.71875
08:00:30,91282CLD1,TSRYS5850288,D,S,T,2024-07-26,1000000.00,4.172395,99.71484375
08:00:30,91282CLD1,TSRYS5850288,D,S,T,2024-07-26,1000000.00,4.171745,99.71875
08:00:30,91282CLD1,TSRYS5850288,D,S,T,2024-07-26,1000000.00,4.170444,99.7265625
08:00:30,91282CLD1,TSRYS5850288,D,S,T,2024-07-26,1000000.00,4.170444,99.7265625
08:00:30,91282CLD1,TSRYS5850288,D,S,T,2024-07-26,1000000.00,4.17142,99.720703125
08:00:30,91282CLD1,TSRYS5850288,D,S,T,2024-07-26,1000000.00,4.169144,99.734375
08:00:30,91282CLD1,TSRYS5850288,D,S,T,2024-07-26,1000000.00,4.170444,99.7265625
08:00:30,91282CLD1,TSRYS5850288,D,S,T,2024-07-26,1000000.00,4.170444,99.7265625
08:00:30,91282CLD1,TSRYS5850288,D,S,T,2024-07-26,1000000.00,4.171095,99.72265625
08:00:30,91282CLD1,TSRYS5850288,D,S,T,2024-07-26,1000000.00,4.173046,99.7109375
08:00:30,91282CLD1,TSRYS5850288,D,S,T,2024-07-26,1000000.00,4.173046,99.7109375
08:00:30,91282CLD1,TSRYS5850288,D,S,T,2024-07-26,1000000.00,4.173046,99.7109375
08:00:30,91282CLD1,TSRYS5850288,D,S,T,2024-07-26,1000000.00,4.172395,99.71484375
08:00:30,91282CLD1,TSRYS5850288,D,S,T,2024-07-26,1000000.00,4.174346,99.703125
08:00:30,91282CLD1,TSRYS5850288,D,S,T,2024-07-26,1000000.00,4.174346,99.703125
08:00:30,91282CLD1,TSRYS5850288,D,S,T,2024-07-26,1000000.00,4.173046,99.7109375
08:00:30,91282CLD1,TSRYS5850288,D,S,T,2024-07-26,1000000.00,4.171745,99.71875
08:00:30,91282CLD1,TSRYS5850288,D,S,T,2024-07-26,1000000.00,4.173046,99.7109375
08:00:30,91282CLD1,TSRYS5850288,D,S,T,2024-07-26,1000000.00,4.174021,99.705078125
08:00:30,91282CLD1,TSRYS5850288,D,S,T,2024-07-26,1000000.00,4.173046,99.7109375
08:00:30,91282CLD1,TSRYS5850288,D,S,T,2024-07-26,1000000.00,4.173046,99.7109375
08:00:30,91282CLD1,TSRYS5850288,D,S,T,2024-07-26,1000000.00,4.173046,99.7109375
08:00:30,91282CLD1,TSRYS5850288,D,S,T,2024-07-26,1000000.00,4.173046,99.7109375
08:00:30,91282CLD1,TSRYS5850288,D,S,T,2024-07-26,1000000.00,4.174021,99.705078125
08:00:30,91282CLD1,TSRYS5850288,D,S,T,2024-07-26,1000000.00,4.175972,99.693359375
08:00:30,91282CLD1,TSRYS5850288,D,S,T,2024-07-26,1000000.00,4.171095,99.72265625
08:00:30,91282CLD1,TSRYS5850288,D,S,T,2024-07-26,1000000.00,4.171095,99.72265625
08:00:30,91282CLD1,TSRYS5850288,D,S,T,2024-07-26,1000000.00,4.169144,99.734375
08:00:30,91282CLD1,TSRYS5850288,D,S,T,2024-07-26,2000000.00,4.169144,99.734375
08:00:30,91282CLD1,TSRYS5850288,D,S,T,2024-07-26,1000000.00,4.169144,99.734375
08:00:30,91282CLD1,TSRYS5850288,D,S,T,2024-07-26,1000000.00,4.170444,99.7265625
08:00:30,91282CLD1,TSRYS5850288,D,S,T,2024-07-26,1000000.00,4.170444,99.7265625
08:00:30,91282CLD1,TSRYS5850288,D,S,T,2024-07-26,1000000.00,4.178249,99.6796875
08:00:30,91282CLD1,TSRYS5850288,D,S,T,2024-07-26,1000000.00,4.176948,99.6875
08:00:30,91282CLD1,TSRYS5850288,D,S,T,2024-07-26,1000000.00,4.174346,99.703125
08:00:30,91282CLD1,TSRYS5850288,D,S,T,2024-07-26,1000000.00,4.179551,99.671875
08:00:30,91282CLD1,TSRYS5850288,D,S,T,2024-07-26,1000000.00,4.180852,99.6640625
08:00:30,91282CLD1,TSRYS5850288,D,S,T,2024-07-26,1000000.00,4.181828,99.658203125
08:00:30,91282CLD1,TSRYS5850288,D,S,T,2024-07-26,1000000.00,4.182153,99.65625
08:00:30,91282CLD1,TSRYS5850288,D,S,T,2024-07-26,1000000.00,4.18313,99.650390625
08:00:30,91282CLD1,TSRYS5850288,D,S,T,2024-07-26,1000000.00,4.182153,99.65625
08:00:30,91282CLD1,TSRYS5850288,D,S,T,2024-07-26,1000000.00,4.178249,99.6796875
08:00:30,91282CLD1,TSRYS5850288,D,S,T,2024-07-26,1000000.00,4.178249,99.6796875
08:00:30,91282CLD1,TSRYS5850288,D,S,T,2024-07-26,1000000.00,4.174346,99.703125
08:00:30,91282CLD1,TSRYS5850288,D,S,T,2024-07-26,1000000.00,4.174346,99.703125
08:00:30,91282CLD1,TSRYS5850288,D,S,T,2024-07-26,1000000.00,4.179551,99.671875
08:00:30,91282CLD1,TSRYS5850288,D,S,T,2024-07-26,1000000.00,4.179551,99.671875
08:00:30,91282CLD1,TSRYS5850288,D,S,T,2024-07-26,1000000.00,4.179551,99.671875
08:00:30,91282CLD1,TSRYS5850288,D,S,T,2024-07-26,1000000.00,4.180852,99.6640625
08:00:30,91282CLD1,TSRYS5850288,D,S,T,2024-07-26,1000000.00,4.180527,99.666015625
08:00:30,91282CLD1,TSRYS5850288,D,S,T,2024-07-26,1000000.00,4.180527,99.666015625
08:00:30,91282CLD1,TSRYS5850288,D,S,T,2024-07-26,1000000.00,4.180852,99.6640625
08:00:30,91282CLD1,TSRYS5850288,D,S,T,2024-07-26,2000000.00,4.180852,99.6640625
08:00:30,91282CLD1,TSRYS5850288,D,S,T,2024-07-26,1000000.00,4.182804,99.65234375
08:00:30,91282CLD1,TSRYS5850288,D,S,T,2024-07-26,1000000.00,4.183455,99.6484375
08:00:30,91282CLD1,TSRYS5850288,D,S,T,2024-07-26,1000000.00,4.181503,99.66015625
08:00:30,91282CLD1,TSRYS5850288,D,S,T,2024-07-26,1000000.00,4.182153,99.65625
08:00:30,91282CLD1,TSRYS5850288,D,S,T,2024-07-26,1000000.00,4.182153,99.65625
08:00:30,91282CLD1,TSRYS5850288,D,S,T,2024-07-26,1000000.00,4.182153,99.65625
08:00:30,91282CLD1,TSRYS5850288,D,S,T,2024-07-26,2000000.00,4.182153,99.65625
08:00:30,91282CLD1,TSRYS5850288,D,S,T,2024-07-26,1000000.00,4.182153,99.65625
08:00:30,91282CLD1,TSRYS5850288,D,S,T,2024-07-26,1000000.00,4.183455,99.6484375
08:00:30,91282CLD1,TSRYS5850288,D,S,T,2024-07-26,1000000.00,4.183455,99.6484375
08:00:30,91282CLD1,TSRYS5850288,D,S,T,2024-07-26,1000000.00,4.183455,99.6484375
08:00:30,91282CLD1,TSRYS5850288,D,S,T,2024-07-26,1000000.00,4.183455,99.6484375
08:00:30,91282CLD1,TSRYS5850288,D,S,T,2024-07-26,1000000.00,4.183455,99.6484375
08:00:30,91282CLD1,TSRYS5850288,D,S,T,2024-07-26,2000000.00,4.184757,99.640625
08:00:30,91282CLD1,TSRYS5850288,D,S,T,2024-07-26,1000000.00,4.184757,99.640625
08:00:30,91282CLD1,TSRYS5850288,D,S,T,2024-07-26,1000000.00,4.185733,99.634765625
08:00:30,91282CLD1,TSRYS5850288,D,S,T,2024-07-26,1000000.00,4.182153,99.65625
08:00:30,91282CLD1,TSRYS5850288,D,S,T,2024-07-26,2000000.00,4.186059,99.6328125
08:00:30,91282CLD1,TSRYS5850288,D,S,T,2024-07-26,1000000.00,4.185408,99.63671875
08:00:30,91282CLD1,TSRYS5850288,D,S,T,2024-07-26,1000000.00,4.186059,99.6328125
08:00:30,91282CLD1,TSRYS5850288,D,S,T,2024-07-26,1000000.00,4.186059,99.6328125
08:00:30,91282CLD1,TSRYS5850288,D,S,T,2024-07-26,1000000.00,4.186059,99.6328125
08:00:30,91282CLD1,TSRYS5850288,D,S,T,2024-07-26,1000000.00,4.186059,99.6328125
08:00:30,91282CLD1,TSRYS5850288,D,S,T,2024-07-26,1000000.00,4.186059,99.6328125
08:00:30,91282CLD1,TSRYS5850288,D,S,T,2024-07-26,1000000.00,4.186059,99.6328125
08:00:30,91282CLD1,TSRYS5850288,D,S,T,2024-07-26,2000000.00,4.186059,99.6328125
08:00:30,91282CLD1,TSRYS5850288,D,S,T,2024-07-26,1000000.00,4.186059,99.6328125
08:00:30,91282CLD1,TSRYS5850288,D,S,T,2024-07-26,1000000.00,4.186059,99.6328125
08:00:30,91282CLD1,TSRYS5850288,D,S,T,2024-07-26,1000000.00,4.183455,99.6484375
08:00:30,91282CLD1,TSRYS5850288,D,S,T,2024-07-26,1000000.00,4.184757,99.640625
08:00:30,91282CLD1,TSRYS5850288,D,S,T,2024-07-26,1000000.00,4.179551,99.671875
08:00:30,91282CLD1,TSRYS5850288,D,S,T,2024-07-26,1000000.00,4.180852,99.6640625
08:00:30,91282CLD1,TSRYS5850288,D,S,T,2024-07-26,1000000.00,4.182479,99.654296875
08:00:30,91282CLD1,TSRYS5850288,D,S,T,2024-07-26,1000000.00,4.182153,99.65625
08:00:30,91282CLD1,TSRYS5850288,D,S,T,2024-07-26,1000000.00,4.182153,99.65625
08:00:30,91282CLD1,TSRYS5850288,D,S,T,2024-07-26,1000000.00,4.180852,99.6640625
08:00:30,91282CLD1,TSRYS5850288,D,S,T,2024-07-26,1000000.00,4.180852,99.6640625
08:00:30,91282CLD1,TSRYS5850288,D,S,T,2024-07-26,2000000.00,4.179551,99.671875
08:00:30,91282CLD1,TSRYS5850288,D,S,T,2024-07-26,1000000.00,4.179551,99.671875
08:00:30,91282CLD1,TSRYS5850288,D,S,T,2024-07-26,1000000.00,4.178575,99.677734375
08:00:30,91282CLD1,TSRYS5850288,D,S,T,2024-07-26,1000000.00,4.179551,99.671875
08:00:30,91282CLD1,TSRYS5850288,D,S,T,2024-07-26,1000000.00,4.179551,99.671875
08:00:30,91282CLD1,TSRYS5850288,D,S,T,2024-07-26,4000000.00,4.179551,99.671875
08:00:30,91282CLD1,TSRYS5850288,D,S,T,2024-07-26,1000000.00,4.179551,99.671875
08:00:30,91282CLD1,TSRYS5850288,D,S,T,2024-07-26,2000000.00,4.180852,99.6640625
08:00:30,91282CLD1,TSRYS5850288,D,S,T,2024-07-26,1000000.00,4.180852,99.6640625
08:00:30,91282CLD1,TSRYS5850288,D,S,T,2024-07-26,1000000.00,4.180852,99.6640625
08:00:30,91282CLD1,TSRYS5850288,D,S,T,2024-07-26,1000000.00,4.180852,99.6640625
08:00:30,91282CLD1,TSRYS5850288,D,S,T,2024-07-26,1000000.00,4.180852,99.6640625
08:00:30,91282CLD1,TSRYS5850288,D,S,T,2024-07-26,1000000.00,4.180852,99.6640625
08:00:30,91282CLD1,TSRYS5850288,D,S,T,2024-07-26,1000000.00,4.180852,99.6640625
08:00:30,91282CLD1,TSRYS5850288,D,S,T,2024-07-26,1000000.00,4.180852,99.6640625
08:00:30,91282CLD1,TSRYS5850288,D,S,T,2024-07-26,1000000.00,4.180852,99.6640625
08:00:30,91282CLD1,TSRYS5850288,D,S,T,2024-07-26,1000000.00,4.180852,99.6640625
08:00:30,91282CLD1,TSRYS5850288,D,S,T,2024-07-26,1000000.00,4.182153,99.65625
08:00:30,91282CLD1,TSRYS5850288,D,S,T,2024-07-26,2000000.00,4.182153,99.65625
08:00:30,91282CLD1,TSRYS5850288,D,S,T,2024-07-26,1000000.00,4.182153,99.65625
08:00:30,91282CLD1,TSRYS5850288,D,S,T,2024-07-26,1000000.00,4.182153,99.65625
08:00:30,91282CLD1,TSRYS5850288,D,S,T,2024-07-26,1000000.00,4.182153,99.65625
08:00:30,91282CLD1,TSRYS5850288,D,S,T,2024-07-26,1000000.00,4.182153,99.65625
08:00:30,91282CLD1,TSRYS5850288,D,S,T,2024-07-26,1000000.00,4.182153,99.65625
08:00:30,91282CLD1,TSRYS5850288,D,S,T,2024-07-26,1000000.00,4.182153,99.65625
08:00:30,91282CLD1,TSRYS5850288,D,S,T,2024-07-26,1000000.00,4.182153,99.65625
08:00:31,91282CLD1,TSRYS5850288,D,S,T,2024-07-26,1000000.00,4.179551,99.671875
08:00:31,91282CLD1,TSRYS5850288,D,S,T,2024-07-26,1000000.00,4.180852,99.6640625
08:00:31,91282CLD1,TSRYS5850288,D,S,T,2024-07-26,1000000.00,4.178249,99.6796875
08:00:31,91282CLD1,TSRYS5850288,D,S,T,2024-07-26,1000000.00,4.179551,99.671875
08:00:31,91282CLD1,TSRYS5850288,D,S,T,2024-07-26,1000000.00,4.179551,99.671875
08:00:31,91282CLD1,TSRYS5850288,D,S,T,2024-07-26,1000000.00,4.179551,99.671875
08:00:31,91282CLD1,TSRYS5850288,D,S,T,2024-07-26,1000000.00,4.179551,99.671875
08:00:31,91282CLD1,TSRYS5850288,D,S,T,2024-07-26,3000000.00,4.180852,99.6640625
08:00:31,91282CLD1,TSRYS5850288,D,S,T,2024-07-26,1000000.00,4.180852,99.6640625
08:00:31,91282CLD1,TSRYS5850288,D,S,T,2024-07-26,1000000.00,4.180852,99.6640625
08:00:31,91282CLD1,TSRYS5850288,D,S,T,2024-07-26,1000000.00,4.180852,99.6640625
08:00:31,91282CLD1,TSRYS5850288,D,S,T,2024-07-26,1000000.00,4.180852,99.6640625
08:00:31,91282CLD1,TSRYS5850288,D,S,T,2024-07-26,1000000.00,4.182153,99.65625
08:00:31,91282CLD1,TSRYS5850288,D,S,T,2024-07-26,1000000.00,4.182153,99.65625
08:00:31,91282CLD1,TSRYS5850288,D,S,T,2024-07-26,1000000.00,4.183455,99.6484375
08:00:31,91282CLD1,TSRYS5850288,D,S,T,2024-07-26,1000000.00,4.183455,99.6484375
08:00:31,91282CLD1,TSRYS5850288,D,S,T,2024-07-26,1000000.00,4.182153,99.65625
08:00:31,91282CLD1,TSRYS5850288,D,S,T,2024-07-26,1000000.00,4.180852,99.6640625
08:00:31,91282CLD1,TSRYS5850288,D,S,T,2024-07-26,1000000.00,4.175647,99.6953125
08:00:31,91282CLD1,TSRYS5850288,D,S,T,2024-07-26,1000000.00,4.175647,99.6953125
08:00:31,91282CLD1,TSRYS5850288,D,S,T,2024-07-26,1000000.00,4.176948,99.6875
08:00:31,91282CLD1,TSRYS5850288,D,S,T,2024-07-26,1000000.00,4.178249,99.6796875
08:00:31,91282CLD1,TSRYS5850288,D,S,T,2024-07-26,1000000.00,4.176948,99.6875
08:00:31,91282CLD1,TSRYS5850288,D,S,T,2024-07-26,1000000.00,4.175647,99.6953125
08:00:31,91282CLD1,TSRYS5850288,D,S,T,2024-07-26,1000000.00,4.173046,99.7109375
08:00:31,91282CLD1,TSRYS5850288,D,S,T,2024-07-26,1000000.00,4.173046,99.7109375
08:00:31,91282CLD1,TSRYS5850288,D,S,T,2024-07-26,1000000.00,4.169144,99.734375
08:00:31,91282CLD1,TSRYS5850288,D,S,T,2024-07-26,1000000.00,4.166543,99.75
08:00:31,91282CLD1,TSRYS5850288,D,S,D,2024-07-26,1000000.00,4.175647,99.6953125
08:00:31,91282CLD1,TSRYS5850288,D,S,D,2024-07-26,1000000.00,4.180852,99.6640625
08:00:31,91282CLD1,TSRYS5850288,D,S,D,2024-07-26,1000000.00,4.180852,99.6640625
08:00:31,91282CLD1,TSRYS5850288,D,S,D,2024-07-26,1000000.00,4.180852,99.6640625
08:00:31,91282CLD1,TSRYS5850288,D,S,D,2024-07-26,1000000.00,4.180852,99.6640625
08:00:31,91282CLD1,TSRYS5850288,D,S,D,2024-07-26,1000000.00,4.180852,99.6640625
08:00:31,91282CLD1,TSRYS5850288,D,S,T,2024-07-26,1000000.00,4.167844,99.7421875
08:00:31,91282CLD1,TSRYS5850288,D,S,T,2024-07-26,1000000.00,4.167844,99.7421875
08:00:31,91282CLD1,TSRYS5850288,D,S,T,2024-07-26,1000000.00,4.166543,99.75
08:00:31,91282CLD1,TSRYS5850288,D,S,T,2024-07-26,1000000.00,4.165243,99.7578125
08:00:31,91282CLD1,TSRYS5850288,D,S,T,2024-07-26,1000000.00,4.167844,99.7421875
08:00:31,91282CLD1,TSRYS5850288,D,S,T,2024-07-26,1000000.00,4.169144,99.734375
08:00:31,91282CLD1,TSRYS5850288,D,S,T,2024-07-26,1000000.00,4.167844,99.7421875
08:00:31,91282CLD1,TSRYS5850288,D,S,T,2024-07-26,1000000.00,4.164268,99.763671875
08:00:31,91282CLD1,TSRYS5850288,D,S,T,2024-07-26,1000000.00,4.164268,99.763671875
08:00:31,91282CLD1,TSRYS5850288,D,S,T,2024-07-26,1000000.00,4.164268,99.763671875
08:00:31,91282CLD1,TSRYS5850288,D,S,T,2024-07-26,1000000.00,4.161344,99.78125
08:00:31,91282CLD1,TSRYS5850288,D,S,T,2024-07-26,1000000.00,4.161994,99.77734375
08:00:31,91282CLD1,TSRYS5850288,D,S,T,2024-07-26,1000000.00,4.162644,99.7734375
08:00:31,91282CLD1,TSRYS5850288,D,S,T,2024-07-26,1000000.00,4.162644,99.7734375
08:00:31,91282CLD1,TSRYS5850288,D,S,T,2024-07-26,1000000.00,4.164268,99.763671875
08:00:31,91282CLD1,TSRYS5850288,D,S,T,2024-07-26,1000000.00,4.162644,99.7734375
08:00:31,91282CLD1,TSRYS5850288,D,S,T,2024-07-26,1000000.00,4.161344,99.78125
08:00:31,91282CLD1,TSRYS5850288,D,S,T,2024-07-26,1000000.00,4.161994,99.77734375
08:00:31,91282CLD1,TSRYS5850288,D,S,T,2024-07-26,1000000.00,4.161994,99.77734375
08:00:31,91282CLD1,TSRYS5850288,D,S,T,2024-07-26,1000000.00,4.161994,99.77734375
08:00:31,91282CLD1,TSRYS5850288,D,S,T,2024-07-26,1000000.00,4.161994,99.77734375
08:00:31,91282CLD1,TSRYS5850288,D,S,T,2024-07-26,1000000.00,4.161994,99.77734375
08:00:31,91282CLD1,TSRYS5850288,D,S,T,2024-07-26,1000000.00,4.163943,99.765625
08:00:31,91282CLD1,TSRYS5850288,D,S,T,2024-07-26,1000000.00,4.163943,99.765625
08:00:31,91282CLD1,TSRYS5850288,D,S,T,2024-07-26,1000000.00,4.163943,99.765625
08:00:31,91282CLD1,TSRYS5850288,D,S,T,2024-07-26,1000000.00,4.164268,99.763671875
08:00:31,91282CLD1,TSRYS5850288,D,S,T,2024-07-26,1000000.00,4.165243,99.7578125
08:00:31,91282CLD1,TSRYS5850288,D,S,T,2024-07-26,1000000.00,4.166868,99.748046875
08:00:31,91282CLD1,TSRYS5850288,D,S,T,2024-07-26,1000000.00,4.167519,99.744140625
08:00:31,91282CLD1,TSRYS5850288,D,S,T,2024-07-26,1000000.00,4.167193,99.74609375
08:00:31,91282CLD1,TSRYS5850288,D,S,T,2024-07-26,1000000.00,4.166543,99.75
08:00:31,91282CLD1,TSRYS5850288,D,S,T,2024-07-26,1000000.00,4.166543,99.75
08:00:31,91282CLD1,TSRYS5850288,D,S,T,2024-07-26,1000000.00,4.166543,99.75
08:00:31,91282CLD1,TSRYS5850288,D,S,T,2024-07-26,1000000.00,4.166543,99.75
08:00:31,91282CLD1,TSRYS5850288,D,S,T,2024-07-26,1000000.00,4.166868,99.748046875
08:00:31,91282CLD1,TSRYS5850288,D,S,T,2024-07-26,1000000.00,4.167844,99.7421875
08:00:31,91282CLD1,TSRYS5850288,D,S,T,2024-07-26,1000000.00,4.167844,99.7421875
08:00:31,91282CLD1,TSRYS5850288,D,S,T,2024-07-26,1000000.00,4.167844,99.7421875
08:00:31,91282CLD1,TSRYS5850288,D,S,T,2024-07-26,1000000.00,4.169144,99.734375
08:00:31,91282CLD1,TSRYS5850288,D,S,T,2024-07-26,1000000.00,4.169144,99.734375
08:00:31,91282CLD1,TSRYS5850288,D,S,T,2024-07-26,1000000.00,4.169144,99.734375
08:00:31,91282CLD1,TSRYS5850288,D,S,T,2024-07-26,1000000.00,4.169144,99.734375
08:00:31,91282CLD1,TSRYS5850288,D,S,T,2024-07-26,1000000.00,4.169144,99.734375
08:00:31,91282CLD1,TSRYS5850288,D,S,T,2024-07-26,1000000.00,4.169469,99.732421875
08:00:31,91282CLD1,TSRYS5850288,D,S,T,2024-07-26,1000000.00,4.169144,99.734375
08:00:31,91282CLD1,TSRYS5850288,D,S,T,2024-07-26,1000000.00,4.169144,99.734375
08:00:31,91282CLD1,TSRYS5850288,D,S,D,2024-07-26,1000000.00,4.180852,99.6640625
08:00:31,91282CLD1,TSRYS5850288,D,S,T,2024-07-26,1000000.00,4.170444,99.7265625
08:00:31,91282CLD1,TSRYS5850288,D,S,T,2024-07-26,1000000.00,4.17142,99.720703125
08:00:31,91282CLD1,TSRYS5850288,D,S,T,2024-07-26,1000000.00,4.17142,99.720703125
08:00:31,91282CLD1,TSRYS5850288,D,S,T,2024-07-26,1000000.00,4.17142,99.720703125
08:00:31,91282CLD1,TSRYS5850288,D,S,T,2024-07-26,1000000.00,4.169144,99.734375
08:00:31,91282CLD1,TSRYS5850288,D,S,T,2024-07-26,1000000.00,4.169144,99.734375
08:00:31,91282CLD1,TSRYS5850288,D,S,T,2024-07-26,1000000.00,4.166543,99.75
08:00:31,91282CLD1,TSRYS5850288,D,S,T,2024-07-26,1000000.00,4.169144,99.734375
08:00:31,91282CLD1,TSRYS5850288,D,S,T,2024-07-26,1000000.00,4.165243,99.7578125
08:00:31,91282CLD1,TSRYS5850288,D,S,T,2024-07-26,1000000.00,4.166543,99.75
08:00:31,91282CLD1,TSRYS5850288,D,S,T,2024-07-26,2000000.00,4.167844,99.7421875
08:00:31,91282CLD1,TSRYS5850288,D,S,T,2024-07-26,1000000.00,4.167844,99.7421875
08:00:31,91282CLD1,TSRYS5850288,D,S,T,2024-07-26,1000000.00,4.166543,99.75
08:00:31,91282CLD1,TSRYS5850288,D,S,T,2024-07-26,2000000.00,4.164918,99.759765625
08:00:31,91282CLD1,TSRYS5850288,D,S,T,2024-07-26,2000000.00,4.162969,99.771484375
08:00:31,91282CLD1,TSRYS5850288,D,S,T,2024-07-26,1000000.00,4.161344,99.78125
08:00:31,91282CLD1,TSRYS5850288,D,S,T,2024-07-26,1000000.00,4.161994,99.77734375
08:00:31,91282CLD1,TSRYS5850288,D,S,T,2024-07-26,1000000.00,4.162644,99.7734375
08:00:31,91282CLD1,TSRYS5850288,D,S,T,2024-07-26,1000000.00,4.162644,99.7734375
08:00:31,91282CLD1,TSRYS5850288,D,S,T,2024-07-26,1000000.00,4.164918,99.759765625
08:00:31,91282CLD1,TSRYS5850288,D,S,T,2024-07-26,2000000.00,4.165243,99.7578125
08:00:31,91282CLD1,TSRYS5850288,D,S,T,2024-07-26,2000000.00,4.165243,99.7578125
08:00:31,91282CLD1,TSRYS5850288,D,S,T,2024-07-26,1000000.00,4.165568,99.755859375
08:00:31,91282CLD1,TSRYS5850288,D,S,T,2024-07-26,1000000.00,4.163618,99.767578125
08:00:31,91282CLD1,TSRYS5850288,D,S,T,2024-07-26,1000000.00,4.162644,99.7734375
08:00:31,91282CLD1,TSRYS5850288,D,S,T,2024-07-26,2000000.00,4.162644,99.7734375
08:00:31,91282CLD1,TSRYS5850288,D,S,T,2024-07-26,1000000.00,4.162644,99.7734375
08:00:31,91282CLD1,TSRYS5850288,D,S,T,2024-07-26,1000000.00,4.162644,99.7734375
08:00:31,91282CLD1,TSRYS5850288,D,S,T,2024-07-26,1000000.00,4.162644,99.7734375
08:00:31,91282CLD1,TSRYS5850288,D,S,T,2024-07-26,1000000.00,4.162644,99.7734375
08:00:31,91282CLD1,TSRYS5850288,D,S,T,2024-07-26,1000000.00,4.163943,99.765625
08:00:31,91282CLD1,TSRYS5850288,D,S,T,2024-07-26,1000000.00,4.164268,99.763671875
08:00:31,91282CLD1,TSRYS5850288,D,S,T,2024-07-26,1000000.00,4.165243,99.7578125
08:00:31,91282CLD1,TSRYS5850288,D,S,T,2024-07-26,1000000.00,4.165243,99.7578125
08:00:31,91282CLD1,TSRYS5850288,D,S,T,2024-07-26,1000000.00,4.165243,99.7578125
08:00:31,91282CLD1,TSRYS5850288,D,S,T,2024-07-26,1000000.00,4.161344,99.78125
08:00:31,91282CLD1,TSRYS5850288,D,S,T,2024-07-26,2000000.00,4.162644,99.7734375
08:00:31,91282CLD1,TSRYS5850288,D,S,T,2024-07-26,1000000.00,4.162644,99.7734375
08:00:31,91282CLD1,TSRYS5850288,D,S,T,2024-07-26,1000000.00,4.162969,99.771484375
08:00:31,91282CLD1,TSRYS5850288,D,S,T,2024-07-26,1000000.00,4.162644,99.7734375
08:00:31,91282CLD1,TSRYS5850288,D,S,T,2024-07-26,2000000.00,4.162644,99.7734375
08:00:31,91282CLD1,TSRYS5850288,D,S,T,2024-07-26,1000000.00,4.162644,99.7734375
08:00:31,91282CLD1,TSRYS5850288,D,S,T,2024-07-26,1000000.00,4.161344,99.78125
08:00:31,91282CLD1,TSRYS5850288,D,S,T,2024-07-26,1000000.00,4.165243,99.7578125
08:00:31,91282CLD1,TSRYS5850288,D,S,T,2024-07-26,1000000.00,4.167844,99.7421875
08:00:31,91282CLD1,TSRYS5850288,D,S,T,2024-07-26,1000000.00,4.169144,99.734375
08:00:31,91282CLD1,TSRYS5850288,D,S,T,2024-07-26,1000000.00,4.169144,99.734375
08:00:31,91282CLD1,TSRYS5850288,D,S,T,2024-07-26,1000000.00,4.169144,99.734375
08:00:31,91282CLD1,TSRYS5850288,D,S,T,2024-07-26,1000000.00,4.170119,99.728515625
08:00:31,91282CLD1,TSRYS5850288,D,S,T,2024-07-26,1000000.00,4.167844,99.7421875
08:00:31,91282CLD1,TSRYS5850288,D,S,T,2024-07-26,1000000.00,4.170119,99.728515625
08:00:31,91282CLD1,TSRYS5850288,D,S,T,2024-07-26,1000000.00,4.170119,99.728515625
08:00:31,91282CLD1,TSRYS5850288,D,S,T,2024-07-26,1000000.00,4.170119,99.728515625
08:00:31,91282CLD1,TSRYS5850288,D,S,T,2024-07-26,3000000.00,4.169144,99.734375
08:00:31,91282CLD1,TSRYS5850288,D,S,T,2024-07-26,1000000.00,4.169144,99.734375
08:00:31,91282CLD1,TSRYS5850288,D,S,D,2024-07-26,1000000.00,4.170444,99.7265625
08:00:31,91282CLD1,TSRYS5850288,D,S,T,2024-07-26,1000000.00,4.176298,99.69140625
08:00:31,91282CLD1,TSRYS5850288,D,S,T,2024-07-26,1000000.00,4.176298,99.69140625
08:00:31,91282CLD1,TSRYS5850288,D,S,T,2024-07-26,1000000.00,4.176298,99.69140625
08:00:31,91282CLD1,TSRYS5850288,D,S,T,2024-07-26,1000000.00,4.176298,99.69140625
08:00:31,91282CLD1,TSRYS5850288,D,S,T,2024-07-26,1000000.00,4.1789,99.67578125
08:00:31,91282CLD1,TSRYS5850288,D,S,T,2024-07-26,1000000.00,4.1789,99.67578125
08:00:31,91282CLD1,TSRYS5850288,D,S,T,2024-07-26,1000000.00,4.1789,99.67578125
08:00:31,91282CLD1,TSRYS5850288,D,S,T,2024-07-26,1000000.00,4.1789,99.67578125
08:00:31,91282CLD1,TSRYS5850288,D,S,T,2024-07-26,1000000.00,4.1789,99.67578125
08:00:31,91282CLD1,TSRYS5850288,D,S,D,2024-07-26,1000000.00,4.172395,99.71484375
08:00:31,91282CLD1,TSRYS5850288,D,S,D,2024-07-26,1000000.00,4.172395,99.71484375
08:00:31,91282CLD1,TSRYS5850288,D,S,T,2024-07-26,1000000.00,4.1789,99.67578125
08:00:31,91282CLD1,TSRYS5850288,D,S,T,2024-07-26,1000000.00,4.180852,99.6640625
08:00:31,91282CLD1,TSRYS5850288,D,S,T,2024-07-26,1000000.00,4.1789,99.67578125
08:00:31,91282CLD1,TSRYS5850288,D,S,T,2024-07-26,1000000.00,4.1789,99.67578125
08:00:31,91282CLD1,TSRYS5850288,D,S,T,2024-07-26,1000000.00,4.176298,99.69140625
08:00:31,91282CLD1,TSRYS5850288,D,S,T,2024-07-26,1000000.00,4.173696,99.70703125
08:00:31,91282CLD1,TSRYS5850288,D,B,C,2024-07-26,15000000.00,4.173046,99.7109375
08:00:31,91282CLD1,TSRYS5850288,D,S,D,2024-07-26,1000000.00,4.164918,99.759765625
08:00:31,91282CLD1,TSRYS5850288,D,S,T,2024-07-26,1000000.00,4.171745,99.71875
08:00:31,91282CLD1,TSRYS5850288,D,S,T,2024-07-26,1000000.00,4.171745,99.71875
08:00:31,91282CLD1,TSRYS5850288,D,S,T,2024-07-26,1000000.00,4.173696,99.70703125
08:00:31,91282CLD1,TSRYS5850288,D,B,C,2024-07-26,84433000.00,4.174346,99.703125
08:00:31,91282CLD1,TSRYS5850288,D,S,T,2024-07-26,1000000.00,4.176298,99.69140625
08:00:31,91282CLD1,TSRYS5850288,D,S,T,2024-07-26,2000000.00,4.1789,99.67578125
08:00:31,91282CLD1,TSRYS5850288,D,S,T,2024-07-26,1000000.00,4.176298,99.69140625
08:00:31,91282CLD1,TSRYS5850288,D,S,T,2024-07-26,1000000.00,4.176298,99.69140625
08:00:31,91282CLD1,TSRYS5850288,D,S,T,2024-07-26,1000000.00,4.176298,99.69140625
08:00:31,91282CLD1,TSRYS5850288,D,S,T,2024-07-26,2000000.00,4.176298,99.69140625
08:00:31,91282CLD1,TSRYS5850288,D,S,T,2024-07-26,1000000.00,4.176298,99.69140625
08:00:31,91282CLD1,TSRYS5850288,D,S,T,2024-07-26,1000000.00,4.176298,99.69140625
08:00:31,91282CLD1,TSRYS5850288,D,S,T,2024-07-26,1000000.00,4.171745,99.71875
08:00:31,91282CLD1,TSRYS5850288,D,S,T,2024-07-26,1000000.00,4.171745,99.71875
08:00:31,91282CLD1,TSRYS5850288,D,S,D,2024-07-26,1000000.00,4.163618,99.767578125
08:00:31,91282CLD1,TSRYS5850288,D,S,D,2024-07-26,1000000.00,4.169469,99.732421875
08:00:32,91282CLD1,TSRYS5850288,D,S,D,2024-07-26,1000000.00,4.170444,99.7265625
08:00:32,91282CLD1,TSRYS5850288,D,S,D,2024-07-26,1000000.00,4.167844,99.7421875
08:00:32,91282CLD1,TSRYS5850288,D,S,T,2024-07-26,1000000.00,4.171745,99.71875
08:00:32,91282CLD1,TSRYS5850288,D,S,T,2024-07-26,1000000.00,4.171745,99.71875
08:00:32,91282CLD1,TSRYS5850288,D,S,T,2024-07-26,1000000.00,4.171745,99.71875
08:00:32,91282CLD1,TSRYS5850288,D,S,T,2024-07-26,1000000.00,4.171745,99.71875
08:00:32,91282CLD1,TSRYS5850288,D,S,T,2024-07-26,1000000.00,4.171745,99.71875
08:00:32,91282CLD1,TSRYS5850288,D,S,T,2024-07-26,1000000.00,4.171745,99.71875
08:00:32,91282CLD1,TSRYS5850288,D,S,T,2024-07-26,1000000.00,4.171745,99.71875
08:00:32,91282CLD1,TSRYS5850288,D,S,T,2024-07-26,1000000.00,4.171745,99.71875
08:00:32,91282CLD1,TSRYS5850288,D,S,T,2024-07-26,1000000.00,4.171745,99.71875
08:00:32,91282CLD1,TSRYS5850288,D,S,A,2024-07-26,4700000.00,4.172395,99.71484375
08:00:32,91282CLD1,TSRYS5850288,D,S,T,2024-07-26,1000000.00,4.173046,99.7109375
08:00:32,91282CLD1,TSRYS5850288,D,S,T,2024-07-26,1000000.00,4.173046,99.7109375
08:00:32,91282CLD1,TSRYS5850288,D,S,T,2024-07-26,1000000.00,4.173046,99.7109375
08:00:32,91282CLD1,TSRYS5850288,D,S,D,2024-07-26,1000000.00,4.173046,99.7109375
08:00:32,91282CLD1,TSRYS5850288,D,S,T,2024-07-26,1000000.00,4.171745,99.71875
08:00:32,91282CLD1,TSRYS5850288,D,S,T,2024-07-26,1000000.00,4.171745,99.71875
08:00:32,91282CLD1,TSRYS5850288,D,B,C,2024-07-26,80567000.00,4.172395,99.71484375
08:00:32,91282CLD1,TSRYS5850288,D,S,T,2024-07-26,1000000.00,4.174346,99.703125
08:00:32,91282CLD1,TSRYS5850288,D,S,T,2024-07-26,1000000.00,4.182153,99.65625
08:00:32,91282CLD1,TSRYS5850288,D,S,D,2024-07-26,1000000.00,4.175647,99.6953125
08:00:32,91282CLD1,TSRYS5850288,D,S,D,2024-07-26,1000000.00,4.180852,99.6640625
08:00:32,91282CLD1,TSRYS5850288,D,S,D,2024-07-26,1000000.00,4.184757,99.640625
08:00:32,91282CLD1,TSRYS5850288,D,S,D,2024-07-26,1000000.00,4.183455,99.6484375
08:00:32,91282CLD1,TSRYS5850288,D,S,D,2024-07-26,1000000.00,4.183455,99.6484375
08:00:32,91282CLD1,TSRYS5850288,D,S,D,2024-07-26,1000000.00,4.186384,99.630859375
08:00:32,91282CLD1,TSRYS5850288,D,S,D,2024-07-26,1000000.00,4.186384,99.630859375
08:00:32,91282CLD1,TSRYS5850288,D,S,D,2024-07-26,1000000.00,4.180852,99.6640625
08:00:32,91282CLD1,TSRYS5850288,D,S,T,2024-07-26,1000000.00,4.184757,99.640625
08:00:32,91282CLD1,TSRYS5850288,D,S,T,2024-07-26,1000000.00,4.166543,99.75
08:00:32,91282CLD1,TSRYS5850288,D,S,T,2024-07-26,1000000.00,4.166543,99.75
08:00:32,91282CLD1,TSRYS5850288,D,B,C,2024-07-26,1000000.00,4.166793,99.7485
08:00:32,91282CLD1,TSRYS5850288,D,B,C,2024-07-26,1000000.00,4.166793,99.7485
08:00:32,91282CLD1,TSRYS5850288,D,S,D,2024-07-26,1000000.00,4.161994,99.77734375
08:00:32,91282CLD1,TSRYS5850288,D,S,D,2024-07-26,1000000.00,4.163618,99.767578125
08:00:32,91282CLD1,TSRYS5850288,D,S,D,2024-07-26,1000000.00,4.163618,99.767578125
08:00:32,91282CLD1,TSRYS5850288,D,S,D,2024-07-26,1000000.00,4.161994,99.77734375
08:00:32,91282CLD1,TSRYS5850288,D,S,D,2024-07-26,1000000.00,4.161344,99.78125
08:00:32,91282CLD1,TSRYS5850288,D,S,D,2024-07-26,1000000.00,4.171745,99.71875
08:00:32,91282CLD1,TSRYS5850288,D,S,D,2024-07-26,1000000.00,4.162644,99.7734375
08:00:32,91282CLD1,TSRYS5850288,D,B,C,2024-07-26,60000000.00,4.17084,99.7241874
08:00:32,91282CLD1,TSRYS5850288,D,S,C,2024-07-26,60000000.00,4.166013,99.7531875
08:00:32,91282CLD1,TSRYS5850288,D,S,T,2024-07-26,2000000.00,4.174997,99.69921875
08:00:32,91282CLD1,TSRYS5850288,D,S,T,2024-07-26,2000000.00,4.173371,99.708984375
08:00:32,91282CLD1,TSRYS5850288,D,S,T,2024-07-26,2000000.00,4.173371,99.708984375
08:00:32,91282CLD1,TSRYS5850288,D,S,T,2024-07-26,1000000.00,4.174021,99.705078125
08:00:32,91282CLD1,TSRYS5850288,D,S,T,2024-07-26,1000000.00,4.174021,99.705078125
08:00:32,91282CLD1,TSRYS5850288,D,S,T,2024-07-26,2000000.00,4.177274,99.685546875
08:00:32,91282CLD1,TSRYS5850288,D,S,T,2024-07-26,2000000.00,4.177274,99.685546875
08:00:32,91282CLD1,TSRYS5850288,D,S,T,2024-07-26,1000000.00,4.177599,99.68359375
08:00:32,91282CLD1,TSRYS5850288,D,S,T,2024-07-26,1000000.00,4.177599,99.68359375
08:00:32,91282CLD1,TSRYS5850288,D,S,T,2024-07-26,2000000.00,4.177599,99.68359375
08:00:32,91282CLD1,TSRYS5850288,D,S,T,2024-07-26,1000000.00,4.177599,99.68359375
08:00:32,91282CLD1,TSRYS5850288,D,S,T,2024-07-26,1000000.00,4.177599,99.68359375
08:00:32,91282CLD1,TSRYS5850288,D,S,T,2024-07-26,1000000.00,4.177599,99.68359375
08:00:32,91282CLD1,TSRYS5850288,D,S,T,2024-07-26,1000000.00,4.177274,99.685546875
08:00:32,91282CLD1,TSRYS5850288,D,S,T,2024-07-26,1000000.00,4.177274,99.685546875
08:00:32,91282CLD1,TSRYS5850288,D,S,T,2024-07-26,4000000.00,4.177274,99.685546875
08:00:32,91282CLD1,TSRYS5850288,D,S,T,2024-07-26,2000000.00,4.175647,99.6953125
08:00:32,91282CLD1,TSRYS5850288,D,S,T,2024-07-26,2000000.00,4.175647,99.6953125
08:00:32,91282CLD1,TSRYS5850288,D,S,T,2024-07-26,1000000.00,4.175972,99.693359375
08:00:32,91282CLD1,TSRYS5850288,D,S,T,2024-07-26,1000000.00,4.175972,99.693359375
08:00:32,91282CLD1,TSRYS5850288,D,S,T,2024-07-26,2000000.00,4.171745,99.71875
08:00:32,91282CLD1,TSRYS5850288,D,S,T,2024-07-26,2000000.00,4.171745,99.71875
08:00:32,91282CLD1,TSRYS5850288,D,S,T,2024-07-26,1000000.00,4.170444,99.7265625
08:00:32,91282CLD1,TSRYS5850288,D,S,T,2024-07-26,1000000.00,4.170444,99.7265625
08:00:32,91282CLD1,TSRYS5850288,D,S,T,2024-07-26,1000000.00,4.171095,99.72265625
08:00:32,91282CLD1,TSRYS5850288,D,S,T,2024-07-26,1000000.00,4.170769,99.724609375
08:00:32,91282CLD1,TSRYS5850288,D,S,T,2024-07-26,1000000.00,4.170769,99.724609375
08:00:32,91282CLD1,TSRYS5850288,D,S,T,2024-07-26,1000000.00,4.170444,99.7265625
08:00:32,91282CLD1,TSRYS5850288,D,S,T,2024-07-26,1000000.00,4.170769,99.724609375
08:00:32,91282CLD1,TSRYS5850288,D,S,T,2024-07-26,2000000.00,4.173046,99.7109375
08:00:32,91282CLD1,TSRYS5850288,D,S,T,2024-07-26,1000000.00,4.172395,99.71484375
08:00:32,91282CLD1,TSRYS5850288,D,S,T,2024-07-26,1000000.00,4.173371,99.708984375
08:00:32,91282CLD1,TSRYS5850288,D,S,T,2024-07-26,1000000.00,4.173371,99.708984375
08:00:32,91282CLD1,TSRYS5850288,D,S,T,2024-07-26,1000000.00,4.17207,99.716796875
08:00:32,91282CLD1,TSRYS5850288,D,S,T,2024-07-26,1000000.00,4.174021,99.705078125
08:00:32,91282CLD1,TSRYS5850288,D,S,T,2024-07-26,1000000.00,4.17207,99.716796875
08:00:32,91282CLD1,TSRYS5850288,D,S,T,2024-07-26,2000000.00,4.172395,99.71484375
08:00:32,91282CLD1,TSRYS5850288,D,S,T,2024-07-26,1000000.00,4.172395,99.71484375
08:00:32,91282CLD1,TSRYS5850288,D,S,T,2024-07-26,1000000.00,4.172395,99.71484375
08:00:32,91282CLD1,TSRYS5850288,D,S,T,2024-07-26,1000000.00,4.173696,99.70703125
08:00:32,91282CLD1,TSRYS5850288,D,S,T,2024-07-26,1000000.00,4.174021,99.705078125
08:00:32,91282CLD1,TSRYS5850288,D,S,T,2024-07-26,1000000.00,4.173696,99.70703125
08:00:32,91282CLD1,TSRYS5850288,D,S,T,2024-07-26,1000000.00,4.170769,99.724609375
08:00:32,91282CLD1,TSRYS5850288,D,S,T,2024-07-26,2000000.00,4.180201,99.66796875
08:00:32,91282CLD1,TSRYS5850288,D,S,T,2024-07-26,2000000.00,4.180201,99.66796875
08:00:32,91282CLD1,TSRYS5850288,D,S,T,2024-07-26,2000000.00,4.182804,99.65234375
08:00:32,91282CLD1,TSRYS5850288,D,S,T,2024-07-26,2000000.00,4.186059,99.6328125
08:00:32,91282CLD1,TSRYS5850288,D,S,T,2024-07-26,1000000.00,4.186059,99.6328125
08:00:32,91282CLD1,TSRYS5850288,D,S,T,2024-07-26,1000000.00,4.186059,99.6328125
08:00:32,91282CLD1,TSRYS5850288,D,S,T,2024-07-26,1000000.00,4.185408,99.63671875
08:00:32,91282CLD1,TSRYS5850288,D,S,T,2024-07-26,1000000.00,4.182479,99.654296875
08:00:32,91282CLD1,TSRYS5850288,D,S,T,2024-07-26,1000000.00,4.165243,99.7578125
08:00:32,91282CLD1,TSRYS5850288,D,S,T,2024-07-26,1000000.00,4.161994,99.77734375
08:00:32,91282CLD1,TSRYS5850288,D,S,T,2024-07-26,1000000.00,4.164918,99.759765625
08:00:32,91282CLD1,TSRYS5850288,D,S,T,2024-07-26,1000000.00,4.164918,99.759765625
08:00:32,91282CLD1,TSRYS5850288,D,S,T,2024-07-26,1000000.00,4.167193,99.74609375
08:00:33,91282CLD1,TSRYS5850288,D,S,T,2024-07-26,1000000.00,4.161994,99.77734375
08:00:33,91282CLD1,TSRYS5850288,D,S,T,2024-07-26,1000000.00,4.161994,99.77734375
08:00:33,91282CLD1,TSRYS5850288,D,S,T,2024-07-26,1000000.00,4.162319,99.775390625
08:00:33,91282CLD1,TSRYS5850288,D,S,T,2024-07-26,1000000.00,4.164593,99.76171875
08:00:33,91282CLD1,TSRYS5850288,D,S,T,2024-07-26,1000000.00,4.164593,99.76171875
08:00:33,91282CLD1,TSRYS5850288,D,S,T,2024-07-26,1000000.00,4.179551,99.671875
08:00:33,91282CLD1,TSRYS5850288,D,S,T,2024-07-26,1000000.00,4.180852,99.6640625
08:00:33,91282CLD1,TSRYS5850288,D,S,T,2024-07-26,1000000.00,4.182153,99.65625
08:00:34,91282CLD1,TSRYS5850288,D,S,T,2024-07-26,1000000.00,4.167519,99.744140625
08:00:34,91282CLD1,TSRYS5850288,D,S,T,2024-07-26,1000000.00,4.167519,99.744140625
08:00:34,91282CLD1,TSRYS5850288,D,S,T,2024-07-26,1000000.00,4.167519,99.744140625
08:00:34,91282CLD1,TSRYS5850288,D,S,T,2024-07-26,1000000.00,4.167519,99.744140625
08:00:34,91282CLD1,TSRYS5850288,D,S,D,2024-07-26,1000000.00,4.184431,99.642578125
08:00:34,91282CLD1,TSRYS5850288,D,S,D,2024-07-26,1000000.00,4.185082,99.638671875
08:00:34,91282CLD1,TSRYS5850288,D,S,D,2024-07-26,1000000.00,4.185082,99.638671875
08:00:34,91282CLD1,TSRYS5850288,D,S,D,2024-07-26,1000000.00,4.185082,99.638671875
08:00:34,91282CLD1,TSRYS5850288,D,S,D,2024-07-26,1000000.00,4.185082,99.638671875
08:00:34,91282CLD1,TSRYS5850288,D,S,D,2024-07-26,1000000.00,4.185408,99.63671875
08:00:34,91282CLD1,TSRYS5850288,D,S,D,2024-07-26,1000000.00,4.185408,99.63671875
08:00:35,91282CLD1,TSRYS5850288,D,S,D,2024-07-26,1000000.00,4.184757,99.640625
08:00:37,91282CLD1,TSRYS5850288,D,S,D,2024-07-26,2000000.00,4.178249,99.6796875
08:00:37,91282CLD1,TSRYS5850288,D,S,C,2024-07-26,41600000.00,4.176231,99.69180625
08:00:37,91282CLD1,TSRYS5850288,D,S,D,2024-07-26,1000000.00,4.173696,99.70703125
08:00:37,91282CLD1,TSRYS5850288,D,B,C,2024-07-26,83200000.00,4.171745,99.71875
08:00:37,91282CLD1,TSRYS5850288,D,S,D,2024-07-26,1000000.00,4.174346,99.703125
08:00:37,91282CLD1,TSRYS5850288,D,S,D,2024-07-26,1000000.00,4.174346,99.703125
08:00:37,91282CLD1,TSRYS5850288,D,S,D,2024-07-26,1000000.00,4.174346,99.703125
08:00:37,91282CLD1,TSRYS5850288,D,S,D,2024-07-26,2000000.00,4.17142,99.720703125
08:00:37,91282CLD1,TSRYS5850288,D,S,D,2024-07-26,2000000.00,4.17142,99.720703125
08:00:38,91282CLD1,TSRYS5850288,D,S,D,2024-07-26,1000000.00,4.179551,99.671875
08:00:38,91282CLD1,TSRYS5850288,D,S,D,2024-07-26,1000000.00,4.179551,99.671875
08:00:38,91282CLD1,TSRYS5850288,D,S,D,2024-07-26,1000000.00,4.179551,99.671875
08:00:38,91282CLD1,TSRYS5850288,D,S,D,2024-07-26,1000000.00,4.179551,99.671875
08:00:38,91282CLD1,TSRYS5850288,D,S,D,2024-07-26,1000000.00,4.179551,99.671875
08:00:38,91282CLD1,TSRYS5850288,D,S,D,2024-07-26,1000000.00,4.179551,99.671875
08:00:38,91282CLD1,TSRYS5850288,D,S,D,2024-07-26,4000000.00,4.171811,99.71835
08:00:39,91282CLD1,TSRYS5850288,D,S,D,2024-07-26,15000000.00,4.172805,99.71238
08:00:39,91282CLD1,TSRYS5850288,D,S,T,2024-07-26,2000000.00,4.173696,99.70703125
08:00:39,91282CLD1,TSRYS5850288,D,S,D,2024-07-26,150MM+,4.166543,99.75
08:00:39,91282CLD1,TSRYS5850288,D,B,C,2024-07-26,150MM+,4.166543,99.75
08:00:39,91282CLD1,TSRYS5850288,D,S,C,2024-07-26,8300000.00,4.171095,99.72265625
08:00:39,91282CLD1,TSRYS5850288,D,B,C,2024-07-26,2000000.00,4.178249,99.6796875
08:00:39,91282CLD1,TSRYS5850288,D,S,D,2024-07-26,1000000.00,4.171745,99.71875
08:00:39,91282CLD1,TSRYS5850288,D,S,D,2024-07-26,50000000.00,4.175856,99.69406
08:00:39,91282CLD1,TSRYS5850288,D,S,D,2024-07-26,16000000.00,4.172211,99.71595
08:00:39,91282CLD1,TSRYS5850288,D,S,D,2024-07-26,1000000.00,4.180852,99.6640625
08:00:39,91282CLD1,TSRYS5850288,D,S,D,2024-07-26,1000000.00,4.179551,99.671875
08:00:39,91282CLD1,TSRYS5850288,D,S,D,2024-07-26,1000000.00,4.179551,99.671875
08:00:39,91282CLD1,TSRYS5850288,D,S,D,2024-07-26,1000000.00,4.179551,99.671875
08:00:39,91282CLD1,TSRYS5850288,D,S,D,2024-07-26,2000000.00,4.179551,99.671875
08:00:39,91282CLD1,TSRYS5850288,D,S,T,2024-07-26,1000000.00,4.174346,99.703125
08:00:39,91282CLD1,TSRYS5850288,D,S,D,2024-07-26,1000000.00,4.179551,99.671875
08:00:39,91282CLD1,TSRYS5850288,D,S,T,2024-07-26,1000000.00,4.171745,99.71875
08:00:39,91282CLD1,TSRYS5850288,D,S,D,2024-07-26,1000000.00,4.179551,99.671875
08:00:39,91282CLD1,TSRYS5850288,D,S,D,2024-07-26,10000000.00,4.171257,99.72168
08:00:39,91282CLD1,TSRYS5850288,D,S,T,2024-07-26,1000000.00,4.174346,99.703125
08:00:40,91282CLD1,TSRYS5850288,D,S,T,2024-07-26,2000000.00,4.17142,99.720703125
08:00:40,91282CLD1,TSRYS5850288,D,S,T,2024-07-26,1000000.00,4.179551,99.671875
08:00:40,91282CLD1,TSRYS5850288,D,S,T,2024-07-26,2000000.00,4.179551,99.671875
08:00:40,91282CLD1,TSRYS5850288,D,S,T,2024-07-26,1000000.00,4.179551,99.671875
08:00:40,91282CLD1,TSRYS5850288,D,S,T,2024-07-26,1000000.00,4.179551,99.671875
08:00:40,91282CLD1,TSRYS5850288,D,S,T,2024-07-26,1000000.00,4.179551,99.671875
08:00:40,91282CLD1,TSRYS5850288,D,B,C,2024-07-26,83300000.00,4.185408,99.63671875
08:00:40,91282CLD1,TSRYS5850288,D,S,C,2024-07-26,10000000.00,4.171257,99.72168
08:00:40,91282CLD1,TSRYS5850288,D,B,C,2024-07-26,4000000.00,4.171811,99.71835
08:00:40,91282CLD1,TSRYS5850288,D,S,C,2024-07-26,126900000.00,4.166543,99.75
08:00:42,91282CLD1,TSRYS5850288,D,S,D,2024-07-26,1000000.00,4.179551,99.671875
08:00:42,91282CLD1,TSRYS5850288,D,S,D,2024-07-26,1000000.00,4.180852,99.6640625
08:00:42,91282CLD1,TSRYS5850288,D,S,D,2024-07-26,2000000.00,4.180852,99.6640625
08:00:42,91282CLD1,TSRYS5850288,D,S,T,2024-07-26,1000000.00,4.179551,99.671875
08:00:42,91282CLD1,TSRYS5850288,D,S,D,2024-07-26,16000000.00,4.180837,99.66415
08:00:43,91282CLD1,TSRYS5850288,D,S,D,2024-07-26,2000000.00,4.175972,99.693359375
08:00:43,91282CLD1,TSRYS5850288,D,S,D,2024-07-26,3000000.00,4.176948,99.6875
08:00:43,91282CLD1,TSRYS5850288,D,S,D,2024-07-26,1000000.00,4.172395,99.71484375
08:00:43,91282CLD1,TSRYS5850288,D,S,D,2024-07-26,1000000.00,4.17207,99.716796875
08:00:43,91282CLD1,TSRYS5850288,D,S,D,2024-07-26,1000000.00,4.169144,99.734375
08:00:44,91282CLD1,TSRYS5850288,D,B,C,2024-07-26,500000.00,4.184106,99.64453125
08:00:44,91282CLD1,TSRYS5850288,D,S,D,2024-07-26,1000000.00,4.164918,99.759765625
08:00:45,91282CLD1,TSRYS5850288,D,S,D,2024-07-26,1000000.00,4.167844,99.7421875
08:00:45,91282CLD1,TSRYS5850288,D,S,D,2024-07-26,126900000.00,4.166543,99.75
08:00:45,91282CLD1,TSRYS5850288,D,S,D,2024-07-26,1000000.00,4.163943,99.765625
08:00:46,91282CLD1,TSRYS5850288,D,S,D,2024-07-26,8000000.00,4.164705,99.76105
08:00:46,91282CLD1,TSRYS5850288,D,S,D,2024-07-26,500000.00,4.164593,99.76171875
08:00:47,91282CLD1,TSRYS5850288,D,S,D,2024-07-26,8300000.00,4.171095,99.72265625
08:00:47,91282CLD1,TSRYS5850288,D,S,D,2024-07-26,1000000.00,4.171745,99.71875
08:00:47,91282CLD1,TSRYS5850288,D,S,D,2024-07-26,41600000.00,4.176231,99.69180625
08:00:48,91282CLD1,TSRYS5850288,D,S,T,2024-07-26,1000000.00,4.173696,99.70703125
08:00:48,91282CLD1,TSRYS5850288,D,S,T,2024-07-26,1000000.00,4.174346,99.703125
08:00:48,91282CLD1,TSRYS5850288,D,S,C,2024-07-26,16000000.00,4.172211,99.71595
08:00:48,91282CLD1,TSRYS5850288,D,S,T,2024-07-26,2000000.00,4.17142,99.720703125
08:00:48,91282CLD1,TSRYS5850288,D,S,T,2024-07-26,1000000.00,4.179551,99.671875
08:00:48,91282CLD1,TSRYS5850288,D,S,T,2024-07-26,1000000.00,4.179551,99.671875
08:00:49,91282CLD1,TSRYS5850288,D,S,T,2024-07-26,1000000.00,4.179551,99.671875
08:00:49,91282CLD1,TSRYS5850288,D,S,T,2024-07-26,1000000.00,4.179551,99.671875
08:00:49,91282CLD1,TSRYS5850288,D,S,T,2024-07-26,1000000.00,4.179551,99.671875
08:00:49,91282CLD1,TSRYS5850288,D,S,T,2024-07-26,1000000.00,4.179551,99.671875
08:00:49,91282CLD1,TSRYS5850288,D,S,T,2024-07-26,1000000.00,4.179551,99.671875
08:00:49,91282CLD1,TSRYS5850288,D,S,D,2024-07-26,1000000.00,4.163943,99.765625
08:00:51,91282CLD1,TSRYS5850288,D,S,D,2024-07-26,1000000.00,4.162644,99.7734375
08:00:51,91282CLD1,TSRYS5850288,D,S,T,2024-07-26,1000000.00,4.177599,99.68359375
08:00:53,91282CLD1,TSRYS5850288,D,S,C,2024-07-26,10000000.00,4.172979,99.7113375
08:00:53,91282CLD1,TSRYS5850288,D,S,D,2024-07-26,4000000.00,4.161019,99.783203125
08:00:54,91282CLD1,TSRYS5850288,D,S,D,2024-07-26,20000000.00,4.163267,99.76969
08:00:54,91282CLD1,TSRYS5850288,D,S,D,2024-07-26,2500000.00,4.168494,99.73828125
08:00:56,91282CLD1,TSRYS5850288,D,S,D,2024-07-26,1000000.00,4.169469,99.732421875
08:01:00,91282CLD1,TSRYS5850288,D,S,T,2024-07-26,1000000.00,4.180874,99.6639325
08:01:01,91282CLD1,TSRYS5850288,D,S,T,2024-07-26,3000000.00,4.170119,99.728515625
08:01:01,91282CLD1,TSRYS5850288,D,S,T,2024-07-26,1000000.00,4.170119,99.728515625
08:01:02,91282CLD1,TSRYS5850288,D,S,D,2024-07-26,1000000.00,4.17142,99.720703125
08:01:02,91282CLD1,TSRYS5850288,D,S,D,2024-07-26,1000000.00,4.168494,99.73828125
08:01:02,91282CLD1,TSRYS5850288,D,B,C,2024-07-26,1000000.00,4.17142,99.720703125
08:01:02,91282CLD1,TSRYS5850288,D,S,D,2024-07-26,1000000.00,4.168494,99.73828125
08:01:02,91282CLD1,TSRYS5850288,D,B,C,2024-07-26,1000000.00,4.168494,99.73828125
08:01:02,91282CLD1,TSRYS5850288,D,B,C,2024-07-26,1000000.00,4.168494,99.73828125
08:01:02,91282CLD1,TSRYS5850288,D,S,D,2024-07-26,2000000.00,4.171095,99.72265625
08:01:02,91282CLD1,TSRYS5850288,D,S,D,2024-07-26,1000000.00,4.17142,99.720703125
08:01:02,91282CLD1,TSRYS5850288,D,B,C,2024-07-26,1000000.00,4.171095,99.72265625
08:01:02,91282CLD1,TSRYS5850288,D,B,C,2024-07-26,1000000.00,4.17142,99.720703125
08:01:02,91282CLD1,TSRYS5850288,D,S,D,2024-07-26,1000000.00,4.171095,99.72265625
08:01:02,91282CLD1,TSRYS5850288,D,B,C,2024-07-26,2000000.00,4.171095,99.72265625
08:01:02,91282CLD1,TSRYS5850288,D,B,C,2024-07-26,2000000.00,4.171095,99.72265625
08:01:02,91282CLD1,TSRYS5850288,D,S,D,2024-07-26,2000000.00,4.171095,99.72265625
08:01:02,91282CLD1,TSRYS5850288,D,S,D,2024-07-26,2000000.00,4.171095,99.72265625
08:01:02,91282CLD1,TSRYS5850288,D,S,D,2024-07-26,1000000.00,4.17142,99.720703125
08:01:02,91282CLD1,TSRYS5850288,D,B,C,2024-07-26,2000000.00,4.171095,99.72265625
08:01:02,91282CLD1,TSRYS5850288,D,S,D,2024-07-26,2000000.00,4.17142,99.720703125
08:01:02,91282CLD1,TSRYS5850288,D,S,D,2024-07-26,1000000.00,4.17142,99.720703125
08:01:02,91282CLD1,TSRYS5850288,D,B,C,2024-07-26,1000000.00,4.17142,99.720703125
08:01:02,91282CLD1,TSRYS5850288,D,B,C,2024-07-26,2000000.00,4.170769,99.724609375
08:01:02,91282CLD1,TSRYS5850288,D,B,C,2024-07-26,2000000.00,4.170769,99.724609375
08:01:02,91282CLD1,TSRYS5850288,D,B,C,2024-07-26,1000000.00,4.17142,99.720703125
08:01:02,91282CLD1,TSRYS5850288,D,B,C,2024-07-26,2000000.00,4.17142,99.720703125
08:01:02,91282CLD1,TSRYS5850288,D,S,D,2024-07-26,2000000.00,4.170769,99.724609375
08:01:02,91282CLD1,TSRYS5850288,D,S,D,2024-07-26,1000000.00,4.170444,99.7265625
08:01:02,91282CLD1,TSRYS5850288,D,S,D,2024-07-26,2000000.00,4.170769,99.724609375
08:01:02,91282CLD1,TSRYS5850288,D,B,C,2024-07-26,2000000.00,4.17142,99.720703125
08:01:02,91282CLD1,TSRYS5850288,D,S,D,2024-07-26,1000000.00,4.170444,99.7265625
08:01:02,91282CLD1,TSRYS5850288,D,S,D,2024-07-26,1000000.00,4.17142,99.720703125
08:01:02,91282CLD1,TSRYS5850288,D,B,C,2024-07-26,1000000.00,4.17142,99.720703125
08:01:02,91282CLD1,TSRYS5850288,D,S,D,2024-07-26,1000000.00,4.17142,99.720703125
08:01:02,91282CLD1,TSRYS5850288,D,B,C,2024-07-26,1000000.00,4.17142,99.720703125
08:01:02,91282CLD1,TSRYS5850288,D,S,D,2024-07-26,1000000.00,4.170769,99.724609375
08:01:02,91282CLD1,TSRYS5850288,D,S,D,2024-07-26,1000000.00,4.171745,99.71875
08:01:02,91282CLD1,TSRYS5850288,D,B,C,2024-07-26,1000000.00,4.171745,99.71875
08:01:02,91282CLD1,TSRYS5850288,D,S,D,2024-07-26,1000000.00,4.171745,99.71875
08:01:02,91282CLD1,TSRYS5850288,D,B,C,2024-07-26,1000000.00,4.171745,99.71875
08:01:03,91282CLD1,TSRYS5850288,D,S,D,2024-07-26,2000000.00,4.17142,99.720703125
08:01:03,91282CLD1,TSRYS5850288,D,S,D,2024-07-26,1000000.00,4.171745,99.71875
08:01:03,91282CLD1,TSRYS5850288,D,B,C,2024-07-26,1000000.00,4.170769,99.724609375
08:01:03,91282CLD1,TSRYS5850288,D,S,D,2024-07-26,1000000.00,4.166868,99.748046875
08:01:03,91282CLD1,TSRYS5850288,D,S,D,2024-07-26,1000000.00,4.164268,99.763671875
08:01:03,91282CLD1,TSRYS5850288,D,S,D,2024-07-26,1000000.00,4.166543,99.75
08:01:03,91282CLD1,TSRYS5850288,D,B,C,2024-07-26,1000000.00,4.166543,99.75
08:01:03,91282CLD1,TSRYS5850288,D,B,C,2024-07-26,1000000.00,4.171745,99.71875
08:01:03,91282CLD1,TSRYS5850288,D,B,C,2024-07-26,1000000.00,4.164268,99.763671875
08:01:03,91282CLD1,TSRYS5850288,D,S,D,2024-07-26,1000000.00,4.164268,99.763671875
08:01:03,91282CLD1,TSRYS5850288,D,B,C,2024-07-26,1000000.00,4.164268,99.763671875
08:01:03,91282CLD1,TSRYS5850288,D,S,D,2024-07-26,1000000.00,4.181503,99.66015625
08:01:03,91282CLD1,TSRYS5850288,D,S,D,2024-07-26,1000000.00,4.181503,99.66015625
08:01:03,91282CLD1,TSRYS5850288,D,S,D,2024-07-26,1000000.00,4.181503,99.66015625
08:01:03,91282CLD1,TSRYS5850288,D,S,D,2024-07-26,1000000.00,4.178575,99.677734375
08:01:03,91282CLD1,TSRYS5850288,D,S,D,2024-07-26,1000000.00,4.181503,99.66015625
08:01:03,91282CLD1,TSRYS5850288,D,S,C,2024-07-26,1000000.00,4.180527,99.666015625
08:01:03,91282CLD1,TSRYS5850288,D,S,D,2024-07-26,3000000.00,4.178575,99.677734375
08:01:03,91282CLD1,TSRYS5850288,D,S,D,2024-07-26,1000000.00,4.1789,99.67578125
08:01:03,91282CLD1,TSRYS5850288,D,S,D,2024-07-26,2000000.00,4.179225,99.673828125
08:01:03,91282CLD1,TSRYS5850288,D,S,D,2024-07-26,1000000.00,4.179551,99.671875
08:01:03,91282CLD1,TSRYS5850288,D,S,D,2024-07-26,1000000.00,4.179551,99.671875
08:01:03,91282CLD1,TSRYS5850288,D,S,D,2024-07-26,1000000.00,4.179876,99.669921875
08:01:03,91282CLD1,TSRYS5850288,D,S,C,2024-07-26,1000000.00,4.175972,99.693359375
08:01:03,91282CLD1,TSRYS5850288,D,B,C,2024-07-26,1000000.00,4.175972,99.693359375
08:01:03,91282CLD1,TSRYS5850288,D,B,C,2024-07-26,1000000.00,4.17207,99.716796875
08:01:03,91282CLD1,TSRYS5850288,D,S,D,2024-07-26,1000000.00,4.17207,99.716796875
08:01:03,91282CLD1,TSRYS5850288,D,S,D,2024-07-26,1000000.00,4.17207,99.716796875
08:01:03,91282CLD1,TSRYS5850288,D,S,D,2024-07-26,1000000.00,4.17207,99.716796875
08:01:03,91282CLD1,TSRYS5850288,D,S,D,2024-07-26,1000000.00,4.17207,99.716796875
08:01:03,91282CLD1,TSRYS5850288,D,S,D,2024-07-26,1000000.00,4.174346,99.703125
08:01:04,91282CLD1,TSRYS5850288,D,S,D,2024-07-26,1000000.00,4.173696,99.70703125
08:01:04,91282CLD1,TSRYS5850288,D,S,C,2024-07-26,1000000.00,4.177924,99.681640625
08:01:04,91282CLD1,TSRYS5850288,D,S,C,2024-07-26,1000000.00,4.173696,99.70703125
08:01:04,91282CLD1,TSRYS5850288,D,B,A,2024-07-26,83094000.00,4.170444,99.7265625
08:01:04,91282CLD1,TSRYS5850288,D,S,D,2024-07-26,1000000.00,4.171095,99.72265625
08:01:04,91282CLD1,TSRYS5850288,D,B,C,2024-07-26,1000000.00,4.171095,99.72265625
08:01:04,91282CLD1,TSRYS5850288,D,S,D,2024-07-26,1000000.00,4.171745,99.71875
08:01:04,91282CLD1,TSRYS5850288,D,B,C,2024-07-26,1000000.00,4.171745,99.71875
08:01:04,91282CLD1,TSRYS5850288,D,S,T,2024-07-26,1000000.00,4.16884,99.736203125
08:01:04,91282CLD1,TSRYS5850288,D,S,D,2024-07-26,3000000.00,4.171745,99.71875
08:01:04,91282CLD1,TSRYS5850288,D,S,D,2024-07-26,1000000.00,4.173046,99.7109375
08:01:04,91282CLD1,TSRYS5850288,D,S,T,2024-07-26,1000000.00,4.16884,99.736203125
08:01:05,91282CLD1,TSRYS5850288,D,S,T,2024-07-26,1000000.00,4.16884,99.736203125
08:01:05,91282CLD1,TSRYS5850288,D,S,T,2024-07-26,2000000.00,4.16884,99.736203125
08:01:05,91282CLD1,TSRYS5850288,D,B,C,2024-07-26,1000000.00,4.173046,99.7109375
08:01:05,91282CLD1,TSRYS5850288,D,S,C,2024-07-26,1000000.00,4.173046,99.7109375
08:01:05,91282CLD1,TSRYS5850288,D,S,D,2024-07-26,1000000.00,4.173046,99.7109375
08:01:05,91282CLD1,TSRYS5850288,D,S,C,2024-07-26,1000000.00,4.171745,99.71875
08:01:05,91282CLD1,TSRYS5850288,D,B,C,2024-07-26,1000000.00,4.171745,99.71875
08:01:05,91282CLD1,TSRYS5850288,D,B,C,2024-07-26,2000000.00,4.170119,99.728515625
08:01:05,91282CLD1,TSRYS5850288,D,S,D,2024-07-26,2000000.00,4.170119,99.728515625
08:01:05,91282CLD1,TSRYS5850288,D,S,T,2024-07-26,2000000.00,4.16884,99.736203125
08:01:05,91282CLD1,TSRYS5850288,D,B,C,2024-07-26,2000000.00,4.169144,99.734375
08:01:05,91282CLD1,TSRYS5850288,D,S,D,2024-07-26,2000000.00,4.169144,99.734375
08:01:05,91282CLD1,TSRYS5850288,D,S,T,2024-07-26,2000000.00,4.16884,99.736203125
08:01:05,91282CLD1,TSRYS5850288,D,S,T,2024-07-26,1000000.00,4.169815,99.73034375
08:01:05,91282CLD1,TSRYS5850288,D,S,T,2024-07-26,1000000.00,4.169815,99.73034375
08:01:05,91282CLD1,TSRYS5850288,D,S,T,2024-07-26,2000000.00,4.170444,99.7265625
08:01:05,91282CLD1,TSRYS5850288,D,S,T,2024-07-26,1000000.00,4.170465,99.7264375
08:01:05,91282CLD1,TSRYS5850288,D,S,T,2024-07-26,2000000.00,4.170465,99.7264375
08:01:05,91282CLD1,TSRYS5850288,D,S,T,2024-07-26,2000000.00,4.170444,99.7265625
08:01:06,91282CLD1,TSRYS5850288,D,S,T,2024-07-26,1000000.00,4.170465,99.7264375
08:01:06,91282CLD1,TSRYS5850288,D,S,T,2024-07-26,1000000.00,4.170444,99.7265625
08:01:06,91282CLD1,TSRYS5850288,D,S,T,2024-07-26,4000000.00,4.170482,99.7263355
08:01:06,91282CLD1,TSRYS5850288,D,S,T,2024-07-26,2000000.00,4.170482,99.7263355
08:01:06,91282CLD1,TSRYS5850288,D,S,T,2024-07-26,5000000.00,4.170465,99.7264375
08:01:06,91282CLD1,TSRYS5850288,D,S,T,2024-07-26,3000000.00,4.170444,99.7265625
08:01:06,91282CLD1,TSRYS5850288,D,S,T,2024-07-26,1000000.00,4.170444,99.7265625
08:01:06,91282CLD1,TSRYS5850288,D,S,T,2024-07-26,1000000.00,4.170444,99.7265625
08:01:06,91282CLD1,TSRYS5850288,D,S,T,2024-07-26,1000000.00,4.17079,99.724484375
08:01:06,91282CLD1,TSRYS5850288,D,S,T,2024-07-26,1000000.00,4.17079,99.724484375
08:01:06,91282CLD1,TSRYS5850288,D,S,C,2024-07-26,2500000.00,4.167844,99.7421875
08:01:07,91282CLD1,TSRYS5850288,D,S,T,2024-07-26,1000000.00,4.17697,99.68737
08:01:08,91282CLD1,TSRYS5850288,D,S,C,2024-07-26,600000.00,4.1789,99.67578125
08:01:10,91282CLD1,TSRYS5850288,D,S,D,2024-07-26,1000000.00,4.175647,99.6953125
08:01:10,91282CLD1,TSRYS5850288,D,S,A,2024-07-26,46000000.00,4.166543,99.75
08:01:10,91282CLD1,TSRYS5850288,D,S,T,2024-07-26,1000000.00,4.175647,99.6953125
08:01:10,91282CLD1,TSRYS5850288,D,B,C,2024-07-26,1000000.00,4.17207,99.7168
08:01:10,91282CLD1,TSRYS5850288,D,S,D,2024-07-26,1000000.00,4.174021,99.70507812
08:01:10,91282CLD1,TSRYS5850288,D,B,C,2024-07-26,1000000.00,4.183455,99.6484375
08:01:11,91282CLD1,TSRYS5850288,D,B,C,2024-07-26,1000000.00,4.183455,99.6484375
08:01:11,91282CLD1,TSRYS5850288,D,S,D,2024-07-26,1000000.00,4.17272,99.71289062
08:01:11,91282CLD1,TSRYS5850288,D,S,C,2024-07-26,2000000.00,4.17272,99.71289062
08:01:11,91282CLD1,TSRYS5850288,D,B,C,2024-07-26,1000000.00,4.183455,99.6484375
08:01:11,91282CLD1,TSRYS5850288,D,S,D,2024-07-26,1000000.00,4.17272,99.71289062
08:01:11,91282CLD1,TSRYS5850288,D,S,D,2024-07-26,2000000.00,4.173696,99.70703125
08:01:11,91282CLD1,TSRYS5850288,D,S,D,2024-07-26,1000000.00,4.17272,99.71289062
08:01:11,91282CLD1,TSRYS5850288,D,S,T,2024-07-26,1000000.00,4.173696,99.70703125
08:01:11,91282CLD1,TSRYS5850288,D,S,D,2024-07-26,1000000.00,4.17272,99.71289062
08:01:11,91282CLD1,TSRYS5850288,D,S,D,2024-07-26,1000000.00,4.180852,99.6640625
08:01:11,91282CLD1,TSRYS5850288,D,S,D,2024-07-26,1000000.00,4.175647,99.6953125
08:01:11,91282CLD1,TSRYS5850288,D,S,D,2024-07-26,1000000.00,4.180852,99.6640625
08:01:11,91282CLD1,TSRYS5850288,D,S,D,2024-07-26,1000000.00,4.180852,99.6640625
08:01:11,91282CLD1,TSRYS5850288,D,S,D,2024-07-26,1000000.00,4.180852,99.6640625
08:01:11,91282CLD1,TSRYS5850288,D,S,D,2024-07-26,1000000.00,4.17272,99.71289062
08:01:11,91282CLD1,TSRYS5850288,D,S,D,2024-07-26,1000000.00,4.180852,99.6640625
08:01:11,91282CLD1,TSRYS5850288,D,S,D,2024-07-26,1000000.00,4.180852,99.6640625
08:01:11,91282CLD1,TSRYS5850288,D,S,D,2024-07-26,1000000.00,4.17272,99.71289062
08:01:11,91282CLD1,TSRYS5850288,D,S,C,2024-07-26,1000000.00,4.18313,99.650390625
08:01:11,91282CLD1,TSRYS5850288,D,S,D,2024-07-26,1000000.00,4.180852,99.6640625
08:01:11,91282CLD1,TSRYS5850288,D,S,D,2024-07-26,2000000.00,4.174021,99.70507812
08:01:11,91282CLD1,TSRYS5850288,D,S,D,2024-07-26,1000000.00,4.184431,99.642578125
08:01:11,91282CLD1,TSRYS5850288,D,B,C,2024-07-26,1000000.00,4.184431,99.642578125
08:01:11,91282CLD1,TSRYS5850288,D,S,C,2024-07-26,2000000.00,4.185408,99.63671875
08:01:11,91282CLD1,TSRYS5850288,D,S,D,2024-07-26,1000000.00,4.174021,99.70507812
08:01:11,91282CLD1,TSRYS5850288,D,B,C,2024-07-26,2000000.00,4.185408,99.63671875
08:01:11,91282CLD1,TSRYS5850288,D,B,C,2024-07-26,1000000.00,4.185408,99.63671875
08:01:12,91282CLD1,TSRYS5850288,D,S,C,2024-07-26,1000000.00,4.185408,99.63671875
08:01:12,91282CLD1,TSRYS5850288,D,S,D,2024-07-26,1000000.00,4.185082,99.638671875
08:01:12,91282CLD1,TSRYS5850288,D,S,T,2024-07-26,1000000.00,4.17272,99.71289062
08:01:12,91282CLD1,TSRYS5850288,D,B,C,2024-07-26,1000000.00,4.185082,99.638671875
08:01:12,91282CLD1,TSRYS5850288,D,B,C,2024-07-26,2000000.00,4.185082,99.638671875
08:01:12,91282CLD1,TSRYS5850288,D,S,D,2024-07-26,1000000.00,4.185082,99.638671875
08:01:12,91282CLD1,TSRYS5850288,D,S,D,2024-07-26,2000000.00,4.185082,99.638671875
08:01:12,91282CLD1,TSRYS5850288,D,B,C,2024-07-26,1000000.00,4.185082,99.638671875
08:01:12,91282CLD1,TSRYS5850288,D,B,C,2024-07-26,1000000.00,4.185082,99.638671875
08:01:12,91282CLD1,TSRYS5850288,D,S,D,2024-07-26,1000000.00,4.185082,99.638671875
08:01:12,91282CLD1,TSRYS5850288,D,S,D,2024-07-26,1000000.00,4.185082,99.638671875
08:01:12,91282CLD1,TSRYS5850288,D,B,C,2024-07-26,1000000.00,4.185082,99.638671875
08:01:12,91282CLD1,TSRYS5850288,D,S,C,2024-07-26,1000000.00,4.185408,99.63671875
08:01:12,91282CLD1,TSRYS5850288,D,B,C,2024-07-26,1000000.00,4.185408,99.63671875
08:01:12,91282CLD1,TSRYS5850288,D,B,C,2024-07-26,1000000.00,4.185408,99.63671875
08:01:12,91282CLD1,TSRYS5850288,D,S,T,2024-07-26,1000000.00,4.17272,99.71289062
08:01:12,91282CLD1,TSRYS5850288,D,S,D,2024-07-26,1000000.00,4.185408,99.63671875
08:01:12,91282CLD1,TSRYS5850288,D,S,D,2024-07-26,1000000.00,4.185408,99.63671875
08:01:12,91282CLD1,TSRYS5850288,D,B,C,2024-07-26,1000000.00,4.185408,99.63671875
08:01:12,91282CLD1,TSRYS5850288,D,B,C,2024-07-26,1000000.00,4.185408,99.63671875
08:01:12,91282CLD1,TSRYS5850288,D,S,C,2024-07-26,1000000.00,4.185408,99.63671875
08:01:12,91282CLD1,TSRYS5850288,D,S,C,2024-07-26,2000000.00,4.189314,99.61328125
08:01:12,91282CLD1,TSRYS5850288,D,S,C,2024-07-26,2000000.00,4.189314,99.61328125
08:01:12,91282CLD1,TSRYS5850288,D,S,C,2024-07-26,1000000.00,4.189314,99.61328125
08:01:12,91282CLD1,TSRYS5850288,D,S,D,2024-07-26,1000000.00,4.184757,99.640625
08:01:12,91282CLD1,TSRYS5850288,D,S,D,2024-07-26,1000000.00,4.179876,99.669921875
08:01:12,91282CLD1,TSRYS5850288,D,B,C,2024-07-26,1000000.00,4.179876,99.669921875
08:01:12,91282CLD1,TSRYS5850288,D,B,C,2024-07-26,2000000.00,4.175708,99.69495
08:01:12,91282CLD1,TSRYS5850288,D,S,C,2024-07-26,1000000.00,4.17272,99.71289062
08:01:12,91282CLD1,TSRYS5850288,D,S,C,2024-07-26,3000000.00,4.170119,99.72851562
08:01:12,91282CLD1,TSRYS5850288,D,S,D,2024-07-26,1000000.00,4.180852,99.6640625
08:01:12,91282CLD1,TSRYS5850288,D,S,T,2024-07-26,79600000.00,4.166543,99.75
08:01:12,91282CLD1,TSRYS5850288,D,S,C,2024-07-26,1000000.00,4.181828,99.658203125
08:01:12,91282CLD1,TSRYS5850288,D,S,D,2024-07-26,1000000.00,4.173371,99.70898437
08:01:12,91282CLD1,TSRYS5850288,D,S,C,2024-07-26,2000000.00,4.170119,99.72851562
08:01:12,91282CLD1,TSRYS5850288,D,S,D,2024-07-26,1000000.00,4.184757,99.640625
08:01:12,91282CLD1,TSRYS5850288,D,S,T,2024-07-26,2000000.00,4.184757,99.640625
08:01:12,91282CLD1,TSRYS5850288,D,S,D,2024-07-26,1000000.00,4.184757,99.640625
08:01:12,91282CLD1,TSRYS5850288,D,S,D,2024-07-26,1000000.00,4.179551,99.671875
08:01:12,91282CLD1,TSRYS5850288,D,S,D,2024-07-26,2000000.00,4.184757,99.640625
08:01:12,91282CLD1,TSRYS5850288,D,S,D,2024-07-26,1000000.00,4.180852,99.6640625
08:01:13,91282CLD1,TSRYS5850288,D,S,D,2024-07-26,2000000.00,4.180852,99.6640625
08:01:13,91282CLD1,TSRYS5850288,D,S,C,2024-07-26,1000000.00,4.180201,99.66796875
08:01:13,91282CLD1,TSRYS5850288,D,S,C,2024-07-26,1000000.00,4.180201,99.66796875
08:01:13,91282CLD1,TSRYS5850288,D,S,C,2024-07-26,1000000.00,4.18313,99.650390625
08:01:13,91282CLD1,TSRYS5850288,D,S,C,2024-07-26,1000000.00,4.185082,99.638671875
08:01:13,91282CLD1,TSRYS5850288,D,S,C,2024-07-26,1000000.00,4.186059,99.6328125
08:01:13,91282CLD1,TSRYS5850288,D,S,C,2024-07-26,3000000.00,4.173371,99.70898437
08:01:13,91282CLD1,TSRYS5850288,D,S,T,2024-07-26,39800000.00,4.166543,99.75
08:01:13,91282CLD1,TSRYS5850288,D,S,D,2024-07-26,2000000.00,4.175972,99.693359375
08:01:13,91282CLD1,TSRYS5850288,D,S,D,2024-07-26,1000000.00,4.179225,99.673828125
08:01:13,91282CLD1,TSRYS5850288,D,S,D,2024-07-26,3000000.00,4.176948,99.6875
08:01:13,91282CLD1,TSRYS5850288,D,S,D,2024-07-26,1000000.00,4.17207,99.716796875
08:01:13,91282CLD1,TSRYS5850288,D,S,D,2024-07-26,1000000.00,4.169144,99.734375
08:01:13,91282CLD1,TSRYS5850288,D,S,C,2024-07-26,2000000.00,4.166218,99.751953125
08:01:13,91282CLD1,TSRYS5850288,D,B,C,2024-07-26,1000000.00,4.169144,99.734375
08:01:13,91282CLD1,TSRYS5850288,D,B,C,2024-07-26,1000000.00,4.168169,99.740234375
08:01:13,91282CLD1,TSRYS5850288,D,S,D,2024-07-26,1000000.00,4.168169,99.740234375
08:01:13,91282CLD1,TSRYS5850288,D,B,C,2024-07-26,2000000.00,4.166218,99.751953125
08:01:13,91282CLD1,TSRYS5850288,D,S,D,2024-07-26,2000000.00,4.166218,99.751953125
08:01:13,91282CLD1,TSRYS5850288,D,S,D,2024-07-26,2000000.00,4.164918,99.759765625
08:01:13,91282CLD1,TSRYS5850288,D,B,C,2024-07-26,2000000.00,4.164918,99.759765625
08:01:13,91282CLD1,TSRYS5850288,D,S,C,2024-07-26,2000000.00,4.173371,99.70898437
08:01:13,91282CLD1,TSRYS5850288,D,S,D,2024-07-26,2000000.00,4.164268,99.763671875
08:01:13,91282CLD1,TSRYS5850288,D,B,C,2024-07-26,1000000.00,4.166543,99.75
08:01:13,91282CLD1,TSRYS5850288,D,S,D,2024-07-26,1000000.00,4.166543,99.75
08:01:13,91282CLD1,TSRYS5850288,D,B,C,2024-07-26,1000000.00,4.166543,99.75
08:01:13,91282CLD1,TSRYS5850288,D,S,D,2024-07-26,1000000.00,4.166543,99.75
08:01:13,91282CLD1,TSRYS5850288,D,S,D,2024-07-26,1000000.00,4.168169,99.740234375
08:01:13,91282CLD1,TSRYS5850288,D,B,C,2024-07-26,1000000.00,4.168169,99.740234375
08:01:13,91282CLD1,TSRYS5850288,D,S,T,2024-07-26,1000000.00,4.170119,99.728515625
08:01:13,91282CLD1,TSRYS5850288,D,S,D,2024-07-26,1000000.00,4.173371,99.70898437
08:01:13,91282CLD1,TSRYS5850288,D,S,D,2024-07-26,1000000.00,4.168169,99.740234375
08:01:13,91282CLD1,TSRYS5850288,D,B,C,2024-07-26,1000000.00,4.168169,99.740234375
08:01:13,91282CLD1,TSRYS5850288,D,S,D,2024-07-26,1000000.00,4.174021,99.70507812
08:01:13,91282CLD1,TSRYS5850288,D,S,D,2024-07-26,1000000.00,4.164918,99.759765625
08:01:13,91282CLD1,TSRYS5850288,D,S,D,2024-07-26,1000000.00,4.164918,99.759765625
08:01:13,91282CLD1,TSRYS5850288,D,S,T,2024-07-26,1000000.00,4.174021,99.70507812
08:01:13,91282CLD1,TSRYS5850288,D,S,T,2024-07-26,1000000.00,4.174021,99.70507812
08:01:13,91282CLD1,TSRYS5850288,D,S,D,2024-07-26,1000000.00,4.166868,99.748046875
08:01:13,91282CLD1,TSRYS5850288,D,B,C,2024-07-26,1000000.00,4.166868,99.748046875
08:01:13,91282CLD1,TSRYS5850288,D,S,C,2024-07-26,2000000.00,4.174021,99.70507812
08:01:13,91282CLD1,TSRYS5850288,D,S,D,2024-07-26,1000000.00,4.173371,99.70898437
08:01:13,91282CLD1,TSRYS5850288,D,S,D,2024-07-26,1000000.00,4.171745,99.71875
08:01:13,91282CLD1,TSRYS5850288,D,S,D,2024-07-26,2000000.00,4.168819,99.736328125
08:01:13,91282CLD1,TSRYS5850288,D,B,C,2024-07-26,2000000.00,4.168819,99.736328125
08:01:13,91282CLD1,TSRYS5850288,D,S,D,2024-07-26,1000000.00,4.168819,99.736328125
08:01:13,91282CLD1,TSRYS5850288,D,B,C,2024-07-26,1000000.00,4.168819,99.736328125
08:01:13,91282CLD1,TSRYS5850288,D,S,C,2024-07-26,1000000.00,4.165243,99.7578125
08:01:13,91282CLD1,TSRYS5850288,D,S,D,2024-07-26,1000000.00,4.163943,99.765625
08:01:13,91282CLD1,TSRYS5850288,D,S,C,2024-07-26,1000000.00,4.163943,99.765625
08:01:14,91282CLD1,TSRYS5850288,D,S,C,2024-07-26,1000000.00,4.163618,99.767578125
08:01:14,91282CLD1,TSRYS5850288,D,S,C,2024-07-26,1000000.00,4.169144,99.734375
08:01:14,91282CLD1,TSRYS5850288,D,S,C,2024-07-26,1000000.00,4.164593,99.76171875
08:01:14,91282CLD1,TSRYS5850288,D,S,C,2024-07-26,2000000.00,4.165568,99.755859375
08:01:14,91282CLD1,TSRYS5850288,D,S,C,2024-07-26,1000000.00,4.163618,99.767578125
08:01:14,91282CLD1,TSRYS5850288,D,S,D,2024-07-26,1000000.00,4.163618,99.767578125
08:01:14,91282CLD1,TSRYS5850288,D,S,C,2024-07-26,1000000.00,4.163293,99.76953125
08:01:14,91282CLD1,TSRYS5850288,D,S,C,2024-07-26,1000000.00,4.163293,99.76953125
08:01:14,91282CLD1,TSRYS5850288,D,S,C,2024-07-26,1000000.00,4.163293,99.76953125
08:01:14,91282CLD1,TSRYS5850288,D,S,C,2024-07-26,1000000.00,4.163293,99.76953125
08:01:14,91282CLD1,TSRYS5850288,D,S,C,2024-07-26,1000000.00,4.163618,99.767578125
08:01:14,91282CLD1,TSRYS5850288,D,B,C,2024-07-26,1000000.00,4.163618,99.767578125
08:01:14,91282CLD1,TSRYS5850288,D,S,C,2024-07-26,3000000.00,4.174021,99.70507812
08:01:14,91282CLD1,TSRYS5850288,D,B,C,2024-07-26,3000000.00,4.172395,99.71484375
08:01:14,91282CLD1,TSRYS5850288,D,S,C,2024-07-26,1000000.00,4.169144,99.734375
08:01:14,91282CLD1,TSRYS5850288,D,B,C,2024-07-26,4000000.00,4.172395,99.71484375
08:01:14,91282CLD1,TSRYS5850288,D,B,C,2024-07-26,1000000.00,4.161994,99.77734375
08:01:14,91282CLD1,TSRYS5850288,D,S,D,2024-07-26,1000000.00,4.161994,99.77734375
08:01:14,91282CLD1,TSRYS5850288,D,S,C,2024-07-26,13000000.00,4.172279,99.71554
08:01:14,91282CLD1,TSRYS5850288,D,S,C,2024-07-26,1000000.00,4.163943,99.765625
08:01:14,91282CLD1,TSRYS5850288,D,S,C,2024-07-26,1000000.00,4.164268,99.763671875
08:01:14,91282CLD1,TSRYS5850288,D,S,C,2024-07-26,1000000.00,4.164268,99.763671875
08:01:14,91282CLD1,TSRYS5850288,D,S,D,2024-07-26,1000000.00,4.17207,99.71679687
08:01:14,91282CLD1,TSRYS5850288,D,B,A,2024-07-26,29850000.00,4.166543,99.75
08:01:14,91282CLD1,TSRYS5850288,D,S,C,2024-07-26,1000000.00,4.164593,99.76171875
08:01:14,91282CLD1,TSRYS5850288,D,S,D,2024-07-26,1000000.00,4.164268,99.763671875
08:01:14,91282CLD1,TSRYS5850288,D,S,D,2024-07-26,1000000.00,4.163293,99.76953125
08:01:14,91282CLD1,TSRYS5850288,D,S,D,2024-07-26,1000000.00,4.162644,99.7734375
08:01:14,91282CLD1,TSRYS5850288,D,S,D,2024-07-26,1000000.00,4.173696,99.70703125
08:01:14,91282CLD1,TSRYS5850288,D,S,D,2024-07-26,1000000.00,4.161019,99.783203125
08:01:14,91282CLD1,TSRYS5850288,D,S,D,2024-07-26,4000000.00,4.161019,99.783203125
08:01:14,91282CLD1,TSRYS5850288,D,B,C,2024-07-26,1000000.00,4.161019,99.783203125
08:01:14,91282CLD1,TSRYS5850288,D,S,C,2024-07-26,3000000.00,4.172395,99.71484375
08:01:15,91282CLD1,TSRYS5850288,D,S,D,2024-07-26,1000000.00,4.172395,99.71484375
08:01:15,91282CLD1,TSRYS5850288,D,B,C,2024-07-26,32000000.00,4.172161,99.71625
08:01:15,91282CLD1,TSRYS5850288,D,S,D,2024-07-26,1000000.00,4.173046,99.7109375
08:01:15,91282CLD1,TSRYS5850288,D,B,C,2024-07-26,1000000.00,4.173046,99.7109375
08:01:15,91282CLD1,TSRYS5850288,D,S,D,2024-07-26,1000000.00,4.173696,99.70703125
08:01:15,91282CLD1,TSRYS5850288,D,S,D,2024-07-26,1000000.00,4.167519,99.744140625
08:01:15,91282CLD1,TSRYS5850288,D,S,D,2024-07-26,1000000.00,4.167519,99.744140625
08:01:15,91282CLD1,TSRYS5850288,D,B,C,2024-07-26,1000000.00,4.167519,99.744140625
08:01:15,91282CLD1,TSRYS5850288,D,B,C,2024-07-26,1000000.00,4.167519,99.744140625
08:01:15,91282CLD1,TSRYS5850288,D,S,D,2024-07-26,1000000.00,4.17207,99.71679687
08:01:15,91282CLD1,TSRYS5850288,D,S,D,2024-07-26,1000000.00,4.173696,99.70703125
08:01:16,91282CLD1,TSRYS5850288,D,S,T,2024-07-26,1000000.00,4.169166,99.734245
08:01:16,91282CLD1,TSRYS5850288,D,S,D,2024-07-26,1000000.00,4.17272,99.712890625
08:01:16,91282CLD1,TSRYS5850288,D,B,C,2024-07-26,1000000.00,4.17272,99.712890625
08:01:16,91282CLD1,TSRYS5850288,D,S,D,2024-07-26,1000000.00,4.172395,99.71484375
08:01:16,91282CLD1,TSRYS5850288,D,B,C,2024-07-26,1000000.00,4.172395,99.71484375
08:01:16,91282CLD1,TSRYS5850288,D,S,T,2024-07-26,1000000.00,4.169166,99.734245
08:01:16,91282CLD1,TSRYS5850288,D,S,T,2024-07-26,1000000.00,4.169166,99.734245
08:01:16,91282CLD1,TSRYS5850288,D,S,D,2024-07-26,1000000.00,4.171095,99.72265625
08:01:16,91282CLD1,TSRYS5850288,D,S,D,2024-07-26,1000000.00,4.17207,99.71679687
08:01:16,91282CLD1,TSRYS5850288,D,B,C,2024-07-26,1000000.00,4.171095,99.72265625
08:01:16,91282CLD1,TSRYS5850288,D,S,D,2024-07-26,1000000.00,4.166868,99.74804687
08:01:16,91282CLD1,TSRYS5850288,D,S,D,2024-07-26,1000000.00,4.169469,99.732421875
08:01:17,91282CLD1,TSRYS5850288,D,S,D,2024-07-26,1000000.00,4.173696,99.70703125
08:01:17,91282CLD1,TSRYS5850288,D,S,T,2024-07-26,1000000.00,4.180852,99.6640625
08:01:17,91282CLD1,TSRYS5850288,D,B,C,2024-07-26,24867000.00,4.169144,99.734375
08:01:17,91282CLD1,TSRYS5850288,D,S,T,2024-07-26,1000000.00,4.180852,99.6640625
08:01:17,91282CLD1,TSRYS5850288,D,S,T,2024-07-26,1000000.00,4.180852,99.6640625
08:01:17,91282CLD1,TSRYS5850288,D,S,D,2024-07-26,1000000.00,4.180852,99.6640625
08:01:17,91282CLD1,TSRYS5850288,D,B,C,2024-07-26,90520000.00,4.168494,99.73828125
08:01:17,91282CLD1,TSRYS5850288,D,S,D,2024-07-26,1000000.00,4.17142,99.720703125
08:01:17,91282CLD1,TSRYS5850288,D,S,D,2024-07-26,1000000.00,4.180852,99.6640625
08:01:17,91282CLD1,TSRYS5850288,D,B,C,2024-07-26,1000000.00,4.17142,99.720703125
08:01:17,91282CLD1,TSRYS5850288,D,S,C,2024-07-26,1000000.00,4.170444,99.7265625
08:01:17,91282CLD1,TSRYS5850288,D,B,C,2024-07-26,1000000.00,4.170444,99.7265625
08:01:18,91282CLD1,TSRYS5850288,D,S,T,2024-07-26,1000000.00,4.180852,99.6640625
08:01:18,91282CLD1,TSRYS5850288,D,S,T,2024-07-26,1000000.00,4.173696,99.70703125
08:01:18,91282CLD1,TSRYS5850288,D,S,T,2024-07-26,1000000.00,4.180852,99.6640625
08:01:18,91282CLD1,TSRYS5850288,D,S,D,2024-07-26,1000000.00,4.169469,99.732421875
08:01:18,91282CLD1,TSRYS5850288,D,B,C,2024-07-26,1000000.00,4.169469,99.732421875
08:01:18,91282CLD1,TSRYS5850288,D,S,D,2024-07-26,39800000.00,4.166543,99.75
08:01:18,91282CLD1,TSRYS5850288,D,S,T,2024-07-26,1000000.00,4.171745,99.71875
08:01:18,91282CLD1,TSRYS5850288,D,S,T,2024-07-26,1000000.00,4.171745,99.71875
08:01:18,91282CLD1,TSRYS5850288,D,S,T,2024-07-26,1000000.00,4.171745,99.71875
08:01:18,91282CLD1,TSRYS5850288,D,S,T,2024-07-26,1000000.00,4.171745,99.71875
08:01:18,91282CLD1,TSRYS5850288,D,S,D,2024-07-26,1000000.00,4.166543,99.75
08:01:18,91282CLD1,TSRYS5850288,D,B,C,2024-07-26,1000000.00,4.166543,99.75
08:01:18,91282CLD1,TSRYS5850288,D,S,D,2024-07-26,1000000.00,4.166543,99.75
08:01:18,91282CLD1,TSRYS5850288,D,B,C,2024-07-26,1000000.00,4.166543,99.75
08:01:18,91282CLD1,TSRYS5850288,D,S,T,2024-07-26,1000000.00,4.171745,99.71875
08:01:18,91282CLD1,TSRYS5850288,D,S,T,2024-07-26,1000000.00,4.171745,99.71875
08:01:18,91282CLD1,TSRYS5850288,D,S,T,2024-07-26,1000000.00,4.171745,99.71875
08:01:18,91282CLD1,TSRYS5850288,D,S,D,2024-07-26,29850000.00,4.166543,99.75
08:01:18,91282CLD1,TSRYS5850288,D,S,D,2024-07-26,9950000.00,4.166543,99.75
08:01:18,91282CLD1,TSRYS5850288,D,S,D,2024-07-26,34800000.00,4.166543,99.75
08:01:18,91282CLD1,TSRYS5850288,D,S,T,2024-07-26,1000000.00,4.171745,99.71875
08:01:18,91282CLD1,TSRYS5850288,D,S,T,2024-07-26,1000000.00,4.171745,99.71875
08:01:18,91282CLD1,TSRYS5850288,D,S,T,2024-07-26,1000000.00,4.171745,99.71875
08:01:18,91282CLD1,TSRYS5850288,D,S,C,2024-07-26,1000000.00,4.165243,99.7578125
08:01:18,91282CLD1,TSRYS5850288,D,B,C,2024-07-26,1000000.00,4.165243,99.7578125
08:01:18,91282CLD1,TSRYS5850288,D,S,T,2024-07-26,1000000.00,4.173696,99.70703125
08:01:18,91282CLD1,TSRYS5850288,D,S,C,2024-07-26,500000.00,4.176948,99.6875
08:01:19,91282CLD1,TSRYS5850288,D,S,D,2024-07-26,1000000.00,4.164268,99.763671875
08:01:19,91282CLD1,TSRYS5850288,D,S,D,2024-07-26,1000000.00,4.174346,99.703125
08:01:19,91282CLD1,TSRYS5850288,D,B,C,2024-07-26,2000000.00,4.164268,99.763671875
08:01:19,91282CLD1,TSRYS5850288,D,S,D,2024-07-26,1000000.00,4.164268,99.763671875
08:01:19,91282CLD1,TSRYS5850288,D,S,T,2024-07-26,1000000.00,4.180852,99.6640625
08:01:19,91282CLD1,TSRYS5850288,D,S,T,2024-07-26,1000000.00,4.174346,99.703125
08:01:19,91282CLD1,TSRYS5850288,D,S,T,2024-07-26,2000000.00,4.180527,99.66601562
08:01:19,91282CLD1,TSRYS5850288,D,S,D,2024-07-26,1000000.00,4.174346,99.703125
08:01:19,91282CLD1,TSRYS5850288,D,S,T,2024-07-26,1000000.00,4.174346,99.703125
08:01:19,91282CLD1,TSRYS5850288,D,S,D,2024-07-26,1000000.00,4.178575,99.67773437
08:01:19,91282CLD1,TSRYS5850288,D,S,T,2024-07-26,1000000.00,4.169144,99.734375
08:01:19,91282CLD1,TSRYS5850288,D,S,D,2024-07-26,2000000.00,4.174346,99.703125
08:01:19,91282CLD1,TSRYS5850288,D,S,T,2024-07-26,1000000.00,4.169144,99.734375
08:01:19,91282CLD1,TSRYS5850288,D,S,T,2024-07-26,1000000.00,4.169144,99.734375
08:01:19,91282CLD1,TSRYS5850288,D,S,T,2024-07-26,1000000.00,4.169144,99.734375
08:01:19,91282CLD1,TSRYS5850288,D,S,T,2024-07-26,1000000.00,4.169144,99.734375
08:01:19,91282CLD1,TSRYS5850288,D,S,T,2024-07-26,1000000.00,4.180527,99.66601562
08:01:19,91282CLD1,TSRYS5850288,D,S,T,2024-07-26,1000000.00,4.178575,99.67773437
08:01:19,91282CLD1,TSRYS5850288,D,S,T,2024-07-26,1000000.00,4.178575,99.67773437
08:01:19,91282CLD1,TSRYS5850288,D,S,D,2024-07-26,9950000.00,4.166543,99.75
08:01:19,91282CLD1,TSRYS5850288,D,S,T,2024-07-26,2000000.00,4.180527,99.66601562
08:01:19,91282CLD1,TSRYS5850288,D,S,T,2024-07-26,1000000.00,4.176298,99.69140625
08:01:19,91282CLD1,TSRYS5850288,D,S,D,2024-07-26,89500000.00,4.166543,99.75
08:01:19,91282CLD1,TSRYS5850288,D,S,D,2024-07-26,79600000.00,4.166543,99.75
08:01:19,91282CLD1,TSRYS5850288,D,S,D,2024-07-26,1000000.00,4.178575,99.67773437
08:01:19,91282CLD1,TSRYS5850288,D,B,C,2024-07-26,9950000.00,4.166543,99.75
08:01:19,91282CLD1,TSRYS5850288,D,B,C,2024-07-26,62151200.00,4.166543,99.75
08:01:19,91282CLD1,TSRYS5850288,D,S,D,2024-07-26,1000000.00,4.176623,99.68945312
08:01:19,91282CLD1,TSRYS5850288,D,B,C,2024-07-26,19890000.00,4.166543,99.75
08:01:19,91282CLD1,TSRYS5850288,D,B,C,2024-07-26,7458800.00,4.166543,99.75
08:01:19,91282CLD1,TSRYS5850288,D,S,T,2024-07-26,2000000.00,4.180527,99.66601562
08:01:20,91282CLD1,TSRYS5850288,D,S,D,2024-07-26,1000000.00,4.178575,99.67773437
08:01:20,91282CLD1,TSRYS5850288,D,S,T,2024-07-26,1000000.00,4.180527,99.66601562
08:01:20,91282CLD1,TSRYS5850288,D,S,D,2024-07-26,1000000.00,4.177599,99.68359375
08:01:20,91282CLD1,TSRYS5850288,D,S,T,2024-07-26,2000000.00,4.170444,99.7265625
08:01:20,91282CLD1,TSRYS5850288,D,S,T,2024-07-26,1000000.00,4.178283,99.6794875
08:01:20,91282CLD1,TSRYS5850288,D,S,D,2024-07-26,1000000.00,4.177599,99.68359375
08:01:21,91282CLD1,TSRYS5850288,D,S,C,2024-07-26,2000000.00,4.177599,99.68359375
08:01:21,91282CLD1,TSRYS5850288,D,S,T,2024-07-26,1000000.00,4.1789,99.67578125
08:01:21,91282CLD1,TSRYS5850288,D,S,T,2024-07-26,1000000.00,4.176623,99.68945312
08:01:21,91282CLD1,TSRYS5850288,D,S,D,2024-07-26,1000000.00,4.1789,99.67578125
08:01:21,91282CLD1,TSRYS5850288,D,S,T,2024-07-26,1000000.00,4.176623,99.68945312
08:01:21,91282CLD1,TSRYS5850288,D,S,D,2024-07-26,1000000.00,4.1789,99.67578125
08:01:21,91282CLD1,TSRYS5850288,D,S,T,2024-07-26,3000000.00,4.17438,99.702925
08:01:21,91282CLD1,TSRYS5850288,D,S,T,2024-07-26,3000000.00,4.17438,99.702925
08:01:21,91282CLD1,TSRYS5850288,D,B,A,2024-07-26,77800000.00,4.166543,99.75
08:01:21,91282CLD1,TSRYS5850288,D,S,T,2024-07-26,3000000.00,4.17438,99.702925
08:01:21,91282CLD1,TSRYS5850288,D,B,C,2024-07-26,1000000.00,4.186384,99.63085937
08:01:22,91282CLD1,TSRYS5850288,D,S,C,2024-07-26,1000000.00,4.176623,99.68945312
08:01:22,91282CLD1,TSRYS5850288,D,S,D,2024-07-26,1000000.00,4.173696,99.70703125
08:01:22,91282CLD1,TSRYS5850288,D,S,T,2024-07-26,1000000.00,4.173696,99.70703125
08:01:22,91282CLD1,TSRYS5850288,D,S,D,2024-07-26,1000000.00,4.176623,99.68945312
08:01:22,91282CLD1,TSRYS5850288,D,B,C,2024-07-26,1000000.00,4.186384,99.63085937
08:01:22,91282CLD1,TSRYS5850288,D,B,C,2024-07-26,1000000.00,4.186384,99.63085937
08:01:22,91282CLD1,TSRYS5850288,D,S,C,2024-07-26,1000000.00,4.166543,99.75
08:01:22,91282CLD1,TSRYS5850288,D,B,C,2024-07-26,1000000.00,4.166543,99.75
08:01:22,91282CLD1,TSRYS5850288,D,S,C,2024-07-26,1000000.00,4.166543,99.75
08:01:22,91282CLD1,TSRYS5850288,D,S,D,2024-07-26,1000000.00,4.1789,99.67578125
08:01:22,91282CLD1,TSRYS5850288,D,S,D,2024-07-26,1000000.00,4.180852,99.6640625
08:01:22,91282CLD1,TSRYS5850288,D,S,T,2024-07-26,9950000.00,4.166543,99.75
08:01:22,91282CLD1,TSRYS5850288,D,S,T,2024-07-26,29850000.00,4.166543,99.75
08:01:22,91282CLD1,TSRYS5850288,D,S,D,2024-07-26,1000000.00,4.180852,99.6640625
08:01:23,91282CLD1,TSRYS5850288,D,S,D,2024-07-26,1000000.00,4.180852,99.6640625
08:01:23,91282CLD1,TSRYS5850288,D,S,T,2024-07-26,1000000.00,4.176623,99.68945312
08:01:23,91282CLD1,TSRYS5850288,D,S,T,2024-07-26,1000000.00,4.173696,99.70703125
08:01:23,91282CLD1,TSRYS5850288,D,S,D,2024-07-26,1000000.00,4.176623,99.68945312
08:01:23,91282CLD1,TSRYS5850288,D,B,C,2024-07-26,1000000.00,4.169144,99.734375
08:01:23,91282CLD1,TSRYS5850288,D,S,C,2024-07-26,1000000.00,4.169144,99.734375
08:01:23,91282CLD1,TSRYS5850288,D,S,T,2024-07-26,1000000.00,4.17207,99.71679687
08:01:23,91282CLD1,TSRYS5850288,D,S,D,2024-07-26,1000000.00,4.187686,99.62304687
08:01:23,91282CLD1,TSRYS5850288,D,S,D,2024-07-26,1000000.00,4.187686,99.62304687
08:01:23,91282CLD1,TSRYS5850288,D,B,C,2024-07-26,1000000.00,4.169469,99.732421875
08:01:23,91282CLD1,TSRYS5850288,D,S,C,2024-07-26,1000000.00,4.169469,99.732421875
08:01:23,91282CLD1,TSRYS5850288,D,S,T,2024-07-26,3000000.00,4.181177,99.66210937
08:01:23,91282CLD1,TSRYS5850288,D,B,C,2024-07-26,1000000.00,4.171745,99.71875
08:01:23,91282CLD1,TSRYS5850288,D,S,C,2024-07-26,1000000.00,4.171745,99.71875
08:01:23,91282CLD1,TSRYS5850288,D,B,C,2024-07-26,1000000.00,4.171745,99.71875
08:01:23,91282CLD1,TSRYS5850288,D,S,D,2024-07-26,1000000.00,4.171745,99.71875
08:01:23,91282CLD1,TSRYS5850288,D,B,C,2024-07-26,150MM+,4.166543,99.75
08:01:24,91282CLD1,TSRYS5850288,D,S,C,2024-07-26,1000000.00,4.179551,99.671875
08:01:24,91282CLD1,TSRYS5850288,D,B,C,2024-07-26,1000000.00,4.176948,99.6875
08:01:24,91282CLD1,TSRYS5850288,D,S,C,2024-07-26,1000000.00,4.176948,99.6875
08:01:24,91282CLD1,TSRYS5850288,D,B,C,2024-07-26,1000000.00,4.175647,99.6953125
08:01:24,91282CLD1,TSRYS5850288,D,S,C,2024-07-26,1000000.00,4.175647,99.6953125
08:01:24,91282CLD1,TSRYS5850288,D,B,C,2024-07-26,1000000.00,4.175647,99.6953125
08:01:24,91282CLD1,TSRYS5850288,D,S,C,2024-07-26,1000000.00,4.175647,99.6953125
08:01:24,91282CLD1,TSRYS5850288,D,S,T,2024-07-26,1000000.00,4.173696,99.70703125
08:01:24,91282CLD1,TSRYS5850288,D,S,D,2024-07-26,1000000.00,4.178575,99.677734375
08:01:24,91282CLD1,TSRYS5850288,D,S,D,2024-07-26,1000000.00,4.178575,99.677734375
08:01:24,91282CLD1,TSRYS5850288,D,S,T,2024-07-26,1000000.00,4.173696,99.70703125
08:01:24,91282CLD1,TSRYS5850288,D,S,D,2024-07-26,1000000.00,4.181503,99.66015625
08:01:24,91282CLD1,TSRYS5850288,D,S,D,2024-07-26,1000000.00,4.173696,99.70703125
08:01:24,91282CLD1,TSRYS5850288,D,S,D,2024-07-26,1000000.00,4.180852,99.6640625
08:01:25,91282CLD1,TSRYS5850288,D,S,D,2024-07-26,1000000.00,4.180852,99.6640625
08:01:25,91282CLD1,TSRYS5850288,D,S,D,2024-07-26,1000000.00,4.180852,99.6640625
08:01:25,91282CLD1,TSRYS5850288,D,S,T,2024-07-26,1000000.00,4.180885,99.6638625
08:01:25,91282CLD1,TSRYS5850288,D,S,D,2024-07-26,1000000.00,4.180852,99.6640625
08:01:25,91282CLD1,TSRYS5850288,D,S,D,2024-07-26,1000000.00,4.180852,99.6640625
08:01:25,91282CLD1,TSRYS5850288,D,S,D,2024-07-26,1000000.00,4.180852,99.6640625
08:01:25,91282CLD1,TSRYS5850288,D,S,T,2024-07-26,1000000.00,4.180852,99.6640625
08:01:25,91282CLD1,TSRYS5850288,D,S,T,2024-07-26,1000000.00,4.180852,99.6640625
08:01:25,91282CLD1,TSRYS5850288,D,S,T,2024-07-26,1000000.00,4.180852,99.6640625
08:01:25,91282CLD1,TSRYS5850288,D,S,D,2024-07-26,1000000.00,4.180852,99.6640625
08:01:25,91282CLD1,TSRYS5850288,D,S,D,2024-07-26,1000000.00,4.173696,99.70703125
08:01:25,91282CLD1,TSRYS5850288,D,S,D,2024-07-26,1000000.00,4.180852,99.6640625
08:01:25,91282CLD1,TSRYS5850288,D,S,D,2024-07-26,1000000.00,4.181503,99.66015625
08:01:25,91282CLD1,TSRYS5850288,D,S,D,2024-07-26,1000000.00,4.181503,99.66015625
08:01:25,91282CLD1,TSRYS5850288,D,S,D,2024-07-26,1000000.00,4.180852,99.6640625
08:01:25,91282CLD1,TSRYS5850288,D,S,D,2024-07-26,1000000.00,4.177599,99.68359375
08:01:25,91282CLD1,TSRYS5850288,D,S,D,2024-07-26,1000000.00,4.181503,99.66015625
08:01:25,91282CLD1,TSRYS5850288,D,S,T,2024-07-26,1000000.00,4.177599,99.68359375
08:01:25,91282CLD1,TSRYS5850288,D,S,T,2024-07-26,1000000.00,4.177599,99.68359375
08:01:25,91282CLD1,TSRYS5850288,D,S,C,2024-07-26,1000000.00,4.173696,99.70703125
08:01:26,91282CLD1,TSRYS5850288,D,S,D,2024-07-26,1000000.00,4.173696,99.70703125
08:01:26,91282CLD1,TSRYS5850288,D,S,D,2024-07-26,1000000.00,4.180852,99.6640625
08:01:26,91282CLD1,TSRYS5850288,D,S,T,2024-07-26,1000000.00,4.180885,99.6638625
08:01:26,91282CLD1,TSRYS5850288,D,S,D,2024-07-26,1000000.00,4.180852,99.6640625
08:01:26,91282CLD1,TSRYS5850288,D,S,D,2024-07-26,1000000.00,4.180852,99.6640625
08:01:26,91282CLD1,TSRYS5850288,D,S,D,2024-07-26,1000000.00,4.180852,99.6640625
08:01:26,91282CLD1,TSRYS5850288,D,S,T,2024-07-26,1000000.00,4.173696,99.70703125
08:01:26,91282CLD1,TSRYS5850288,D,S,C,2024-07-26,1000000.00,4.173696,99.70703125
08:01:26,91282CLD1,TSRYS5850288,D,S,D,2024-07-26,1000000.00,4.180852,99.6640625
08:01:26,91282CLD1,TSRYS5850288,D,S,D,2024-07-26,1000000.00,4.180527,99.66601562
08:01:26,91282CLD1,TSRYS5850288,D,S,D,2024-07-26,1000000.00,4.180201,99.66796875
08:01:26,91282CLD1,TSRYS5850288,D,S,D,2024-07-26,1000000.00,4.180852,99.6640625
08:01:26,91282CLD1,TSRYS5850288,D,S,D,2024-07-26,1000000.00,4.181503,99.66015625
08:01:26,91282CLD1,TSRYS5850288,D,S,C,2024-07-26,1000000.00,4.180852,99.6640625
08:01:26,91282CLD1,TSRYS5850288,D,S,D,2024-07-26,1000000.00,4.181503,99.66015625
08:01:26,91282CLD1,TSRYS5850288,D,S,D,2024-07-26,1000000.00,4.178249,99.6796875
08:01:26,91282CLD1,TSRYS5850288,D,S,D,2024-07-26,1000000.00,4.177924,99.68164062
08:01:26,91282CLD1,TSRYS5850288,D,S,D,2024-07-26,1000000.00,4.178249,99.6796875
08:01:26,91282CLD1,TSRYS5850288,D,B,C,2024-07-26,2000000.00,4.161994,99.77734375
08:01:26,91282CLD1,TSRYS5850288,D,S,D,2024-07-26,1000000.00,4.178249,99.6796875
08:01:26,91282CLD1,TSRYS5850288,D,S,C,2024-07-26,1000000.00,4.180852,99.6640625
08:01:26,91282CLD1,TSRYS5850288,D,S,D,2024-07-26,1000000.00,4.173696,99.70703125
08:01:26,91282CLD1,TSRYS5850288,D,S,D,2024-07-26,1000000.00,4.181503,99.66015625
08:01:26,91282CLD1,TSRYS5850288,D,S,D,2024-07-26,1000000.00,4.180852,99.6640625
08:01:26,91282CLD1,TSRYS5850288,D,S,D,2024-07-26,2000000.00,4.180527,99.666015625
08:01:26,91282CLD1,TSRYS5850288,D,S,D,2024-07-26,1000000.00,4.173696,99.70703125
08:01:26,91282CLD1,TSRYS5850288,D,S,D,2024-07-26,1000000.00,4.180527,99.666015625
08:01:26,91282CLD1,TSRYS5850288,D,S,T,2024-07-26,1000000.00,4.181503,99.66015625
08:01:26,91282CLD1,TSRYS5850288,D,S,D,2024-07-26,1000000.00,4.173696,99.70703125
08:01:26,91282CLD1,TSRYS5850288,D,S,D,2024-07-26,2000000.00,4.180527,99.666015625
08:01:27,91282CLD1,TSRYS5850288,D,S,T,2024-07-26,1000000.00,4.174021,99.70507812
08:01:27,91282CLD1,TSRYS5850288,D,S,D,2024-07-26,2000000.00,4.180527,99.666015625
08:01:27,91282CLD1,TSRYS5850288,D,S,D,2024-07-26,1000000.00,4.162644,99.7734375
08:01:27,91282CLD1,TSRYS5850288,D,S,D,2024-07-26,1000000.00,4.180527,99.666015625
08:01:27,91282CLD1,TSRYS5850288,D,S,T,2024-07-26,1000000.00,4.162644,99.7734375
08:01:27,91282CLD1,TSRYS5850288,D,S,T,2024-07-26,1000000.00,4.162319,99.77539062
08:01:27,91282CLD1,TSRYS5850288,D,S,T,2024-07-26,1000000.00,4.162319,99.77539062
08:01:27,91282CLD1,TSRYS5850288,D,S,T,2024-07-26,1000000.00,4.162319,99.77539062
08:01:27,91282CLD1,TSRYS5850288,D,S,T,2024-07-26,2000000.00,4.161994,99.77734375
08:01:27,91282CLD1,TSRYS5850288,D,S,T,2024-07-26,1000000.00,4.161994,99.77734375
08:01:27,91282CLD1,TSRYS5850288,D,S,T,2024-07-26,1000000.00,4.161994,99.77734375
08:01:27,91282CLD1,TSRYS5850288,D,S,T,2024-07-26,1000000.00,4.176623,99.68945312
08:01:27,91282CLD1,TSRYS5850288,D,S,T,2024-07-26,1000000.00,4.162644,99.7734375
08:01:27,91282CLD1,TSRYS5850288,D,S,T,2024-07-26,1000000.00,4.176623,99.68945312
08:01:27,91282CLD1,TSRYS5850288,D,S,D,2024-07-26,1000000.00,4.174021,99.70507812
