tradeTime,cusip,issueSymbolIdentifier,priceType,reportingSideCode,contraPartyTypeCode,tradeDate,reportedTradeVolume,lastSaleYield,lastSalePrice
08:00:03,91282CLM1,TSRYS5893517,D,S,D,2024-10-09,1000000.00,3.908203,98.28515625
08:00:03,91282CLM1,TSRYS5893517,D,S,D,2024-10-09,2000000.00,3.908203,98.28515625
08:00:03,91282CLM1,TSRYS5893517,D,S,D,2024-10-09,1000000.00,3.908203,98.28515625
08:00:03,91282CLM1,TSRYS5893517,D,S,D,2024-10-09,2000000.00,3.909507,98.27734375
08:00:03,91282CLM1,TSRYS5893517,D,S,D,2024-10-09,1000000.00,3.925163,98.18359375
08:00:03,91282CLM1,TSRYS5893517,D,S,T,2024-10-09,1000000.00,3.925163,98.18359375
08:00:03,91282CLM1,TSRYS5893517,D,S,D,2024-10-09,1000000.00,3.925163,98.18359375
08:00:03,91282CLM1,TSRYS5893517,D,S,D,2024-10-09,1000000.00,3.923531,98.193359375
08:00:03,91282CLM1,TSRYS5893517,D,S,T,2024-10-09,1000000.00,3.928753,98.162109375
08:00:03,91282CLM1,TSRYS5893517,D,S,T,2024-10-09,1000000.00,3.916355,98.236328125
08:00:03,91282CLM1,TSRYS5893517,D,S,T,2024-10-09,1000000.00,3.915702,98.240234375
08:00:03,91282CLM1,TSRYS5893517,D,S,D,2024-10-09,1000000.00,3.917659,98.228515625
08:00:03,91282CLM1,TSRYS5893517,D,S,D,2024-10-09,2000000.00,3.9219,98.203125
08:00:03,91282CLM1,TSRYS5893517,D,S,D,2024-10-09,2000000.00,3.9219,98.203125
08:00:03,91282CLM1,TSRYS5893517,D,S,T,2024-10-09,1000000.00,3.923531,98.193359375
08:00:03,91282CLM1,TSRYS5893517,D,S,T,2024-10-09,1000000.00,3.923531,98.193359375
08:00:03,91282CLM1,TSRYS5893517,D,S,D,2024-10-09,1000000.00,3.923531,98.193359375
08:00:03,91282CLM1,TSRYS5893517,D,S,T,2024-10-09,1000000.00,3.923858,98.19140625
08:00:03,91282CLM1,TSRYS5893517,D,S,T,2024-10-09,1000000.00,3.916355,98.236328125
08:00:03,91282CLM1,TSRYS5893517,D,S,D,2024-10-09,1000000.00,3.918638,98.22265625
08:00:03,91282CLM1,TSRYS5893517,D,S,T,2024-10-09,2000000.00,3.91929,98.21875
08:00:03,91282CLM1,TSRYS5893517,D,S,T,2024-10-09,2000000.00,3.921574,98.205078125
08:00:03,91282CLM1,TSRYS5893517,D,S,T,2024-10-09,1000000.00,3.921574,98.205078125
08:00:03,91282CLM1,TSRYS5893517,D,S,T,2024-10-09,2000000.00,3.921574,98.205078125
08:00:03,91282CLM1,TSRYS5893517,D,S,T,2024-10-09,1000000.00,3.921574,98.205078125
08:00:03,91282CLM1,TSRYS5893517,D,S,T,2024-10-09,2000000.00,3.921574,98.205078125
08:00:03,91282CLM1,TSRYS5893517,D,S,T,2024-10-09,2000000.00,3.921574,98.205078125
08:00:03,91282CLM1,TSRYS5893517,D,S,T,2024-10-09,1000000.00,3.921574,98.205078125
08:00:03,91282CLM1,TSRYS5893517,D,S,T,2024-10-09,1000000.00,3.921574,98.205078125
08:00:03,91282CLM1,TSRYS5893517,D,S,T,2024-10-09,1000000.00,3.921574,98.205078125
08:00:03,91282CLM1,TSRYS5893517,D,S,T,2024-10-09,1000000.00,3.921574,98.205078125
08:00:03,91282CLM1,TSRYS5893517,D,S,T,2024-10-09,2000000.00,3.91929,98.21875
08:00:03,91282CLM1,TSRYS5893517,D,S,T,2024-10-09,2000000.00,3.917007,98.232421875
08:00:03,91282CLM1,TSRYS5893517,D,S,D,2024-10-09,1000000.00,3.914398,98.248046875
08:00:03,91282CLM1,TSRYS5893517,D,S,T,2024-10-09,2000000.00,3.920269,98.212890625
08:00:03,91282CLM1,TSRYS5893517,D,S,D,2024-10-09,2000000.00,3.920269,98.212890625
08:00:03,91282CLM1,TSRYS5893517,D,S,T,2024-10-09,2000000.00,3.920269,98.212890625
08:00:03,91282CLM1,TSRYS5893517,D,S,T,2024-10-09,2000000.00,3.919943,98.21484375
08:00:03,91282CLM1,TSRYS5893517,D,S,T,2024-10-09,2000000.00,3.923205,98.1953125
08:00:05,91282CLM1,TSRYS5893517,D,S,T,2024-10-09,1000000.00,3.915376,98.2421875
08:00:05,91282CLM1,TSRYS5893517,D,S,T,2024-10-09,1000000.00,3.914072,98.25
08:00:11,91282CLM1,TSRYS5893517,D,S,T,2024-10-09,1000000.00,3.907551,98.2890625
08:00:11,91282CLM1,TSRYS5893517,D,S,D,2024-10-09,1000000.00,3.907225,98.291015625
08:00:11,91282CLM1,TSRYS5893517,D,S,T,2024-10-09,1000000.00,3.907225,98.291015625
08:00:11,91282CLM1,TSRYS5893517,D,S,D,2024-10-09,1000000.00,3.905922,98.298828125
08:00:11,91282CLM1,TSRYS5893517,D,S,T,2024-10-09,1000000.00,3.905922,98.298828125
08:00:11,91282CLM1,TSRYS5893517,D,S,D,2024-10-09,1000000.00,3.920269,98.212890625
08:00:11,91282CLM1,TSRYS5893517,D,S,T,2024-10-09,1000000.00,3.923858,98.19140625
08:00:11,91282CLM1,TSRYS5893517,D,S,T,2024-10-09,1000000.00,3.923858,98.19140625
08:00:11,91282CLM1,TSRYS5893517,D,S,T,2024-10-09,1000000.00,3.923858,98.19140625
08:00:11,91282CLM1,TSRYS5893517,D,S,T,2024-10-09,1000000.00,3.923858,98.19140625
08:00:11,91282CLM1,TSRYS5893517,D,S,D,2024-10-09,1000000.00,3.923858,98.19140625
08:00:11,91282CLM1,TSRYS5893517,D,S,T,2024-10-09,1000000.00,3.916681,98.234375
08:00:11,91282CLM1,TSRYS5893517,D,S,T,2024-10-09,1000000.00,3.917007,98.232421875
08:00:11,91282CLM1,TSRYS5893517,D,S,T,2024-10-09,1000000.00,3.918964,98.220703125
08:00:11,91282CLM1,TSRYS5893517,D,S,D,2024-10-09,1000000.00,3.932671,98.138671875
08:00:11,91282CLM1,TSRYS5893517,D,S,D,2024-10-09,1000000.00,3.932671,98.138671875
08:00:11,91282CLM1,TSRYS5893517,D,S,T,2024-10-09,1000000.00,3.934957,98.125
08:00:13,91282CLM1,TSRYS5893517,D,S,T,2024-10-09,1000000.00,3.912767,98.2578125
08:00:13,91282CLM1,TSRYS5893517,D,S,D,2024-10-09,860000.00,3.927121,98.171875
08:00:13,91282CLM1,TSRYS5893517,D,S,D,2024-10-09,3000.00,3.928427,98.1640625
08:00:15,91282CLM1,TSRYS5893517,D,S,D,2024-10-09,1000000.00,3.915376,98.2421875
08:00:17,91282CLM1,TSRYS5893517,D,S,C,2024-10-09,1000000.00,3.917985,98.2265625
08:00:24,91282CLM1,TSRYS5893517,D,B,C,2024-10-09,1000000.00,3.912441,98.259765625
08:00:24,91282CLM1,TSRYS5893517,D,S,D,2024-10-09,1000000.00,3.912441,98.259765625
08:00:24,91282CLM1,TSRYS5893517,D,S,D,2024-10-09,1000000.00,3.912441,98.259765625
08:00:24,91282CLM1,TSRYS5893517,D,S,D,2024-10-09,1000000.00,3.912441,98.259765625
08:00:24,91282CLM1,TSRYS5893517,D,B,C,2024-10-09,1000000.00,3.912441,98.259765625
08:00:24,91282CLM1,TSRYS5893517,D,B,C,2024-10-09,1000000.00,3.912441,98.259765625
08:00:25,91282CLM1,TSRYS5893517,D,S,D,2024-10-09,1000000.00,3.915376,98.2421875
08:00:26,91282CLM1,TSRYS5893517,D,S,D,2024-10-09,1000000.00,3.914072,98.25
08:00:27,91282CLM1,TSRYS5893517,D,S,A,2024-10-09,500000.00,3.911463,98.265625
08:00:27,91282CLM1,TSRYS5893517,D,B,C,2024-10-09,1000000.00,3.9219,98.203125
08:00:27,91282CLM1,TSRYS5893517,D,S,D,2024-10-09,1000000.00,3.9219,98.203125
08:00:27,91282CLM1,TSRYS5893517,D,B,C,2024-10-09,1000000.00,3.92451,98.1875
08:00:27,91282CLM1,TSRYS5893517,D,S,D,2024-10-09,1000000.00,3.92451,98.1875
08:00:28,91282CLM1,TSRYS5893517,D,S,T,2024-10-09,1000000.00,3.908855,98.28125
08:00:28,91282CLM1,TSRYS5893517,D,S,T,2024-10-09,3000000.00,3.925816,98.1796875
08:00:28,91282CLM1,TSRYS5893517,D,S,T,2024-10-09,2000000.00,3.925816,98.1796875
08:00:28,91282CLM1,TSRYS5893517,D,S,T,2024-10-09,3000000.00,3.925816,98.1796875
08:00:29,91282CLM1,TSRYS5893517,D,S,D,2024-10-09,1000000.00,3.915376,98.2421875
08:00:29,91282CLM1,TSRYS5893517,D,S,D,2024-10-09,1000000.00,3.91929,98.21875
08:00:29,91282CLM1,TSRYS5893517,D,S,T,2024-10-09,1000000.00,3.912441,98.259765625
08:00:29,91282CLM1,TSRYS5893517,D,S,D,2024-10-09,1000000.00,3.909181,98.279296875
08:00:29,91282CLM1,TSRYS5893517,D,S,D,2024-10-09,1000000.00,3.909507,98.27734375
08:00:29,91282CLM1,TSRYS5893517,D,S,D,2024-10-09,1000000.00,3.915376,98.2421875
08:00:29,91282CLM1,TSRYS5893517,D,S,D,2024-10-09,1000000.00,3.914072,98.25
08:00:29,91282CLM1,TSRYS5893517,D,S,T,2024-10-09,1000000.00,3.922553,98.19921875
08:00:29,91282CLM1,TSRYS5893517,D,S,D,2024-10-09,1000000.00,3.912767,98.2578125
08:00:29,91282CLM1,TSRYS5893517,D,S,D,2024-10-09,1000000.00,3.923205,98.1953125
08:00:29,91282CLM1,TSRYS5893517,D,S,T,2024-10-09,2000000.00,3.923205,98.1953125
08:00:29,91282CLM1,TSRYS5893517,D,S,T,2024-10-09,1000000.00,3.911789,98.263671875
08:00:29,91282CLM1,TSRYS5893517,D,S,T,2024-10-09,1000000.00,3.925816,98.1796875
08:00:29,91282CLM1,TSRYS5893517,D,S,T,2024-10-09,1000000.00,3.925816,98.1796875
08:00:29,91282CLM1,TSRYS5893517,D,S,T,2024-10-09,1000000.00,3.925816,98.1796875
08:00:29,91282CLM1,TSRYS5893517,D,S,T,2024-10-09,1000000.00,3.925816,98.1796875
08:00:29,91282CLM1,TSRYS5893517,D,S,D,2024-10-09,1000000.00,3.923205,98.1953125
08:00:30,91282CLM1,TSRYS5893517,D,S,T,2024-10-09,1000000.00,3.916681,98.234375
08:00:30,91282CLM1,TSRYS5893517,D,S,T,2024-10-09,1000000.00,3.916681,98.234375
08:00:30,91282CLM1,TSRYS5893517,D,S,T,2024-10-09,2000000.00,3.916681,98.234375
08:00:30,91282CLM1,TSRYS5893517,D,S,T,2024-10-09,1000000.00,3.915376,98.2421875
08:00:30,91282CLM1,TSRYS5893517,D,S,T,2024-10-09,1000000.00,3.911463,98.265625
08:00:30,91282CLM1,TSRYS5893517,D,S,T,2024-10-09,1000000.00,3.914072,98.25
08:00:30,91282CLM1,TSRYS5893517,D,S,T,2024-10-09,1000000.00,3.914072,98.25
08:00:30,91282CLM1,TSRYS5893517,D,S,T,2024-10-09,1000000.00,3.915376,98.2421875
08:00:30,91282CLM1,TSRYS5893517,D,S,T,2024-10-09,1000000.00,3.915376,98.2421875
08:00:30,91282CLM1,TSRYS5893517,D,S,T,2024-10-09,1000000.00,3.915376,98.2421875
08:00:30,91282CLM1,TSRYS5893517,D,S,T,2024-10-09,1000000.00,3.914072,98.25
08:00:30,91282CLM1,TSRYS5893517,D,S,T,2024-10-09,1000000.00,3.914072,98.25
08:00:30,91282CLM1,TSRYS5893517,D,S,T,2024-10-09,1000000.00,3.914072,98.25
08:00:30,91282CLM1,TSRYS5893517,D,S,T,2024-10-09,1000000.00,3.917007,98.232421875
08:00:30,91282CLM1,TSRYS5893517,D,S,T,2024-10-09,1000000.00,3.916681,98.234375
08:00:30,91282CLM1,TSRYS5893517,D,S,T,2024-10-09,1000000.00,3.915376,98.2421875
08:00:30,91282CLM1,TSRYS5893517,D,S,T,2024-10-09,1000000.00,3.916681,98.234375
08:00:30,91282CLM1,TSRYS5893517,D,S,T,2024-10-09,1000000.00,3.916681,98.234375
08:00:30,91282CLM1,TSRYS5893517,D,S,T,2024-10-09,1000000.00,3.915376,98.2421875
08:00:30,91282CLM1,TSRYS5893517,D,S,T,2024-10-09,1000000.00,3.915376,98.2421875
08:00:30,91282CLM1,TSRYS5893517,D,S,T,2024-10-09,1000000.00,3.915376,98.2421875
08:00:30,91282CLM1,TSRYS5893517,D,S,T,2024-10-09,1000000.00,3.915376,98.2421875
08:00:30,91282CLM1,TSRYS5893517,D,S,T,2024-10-09,1000000.00,3.917985,98.2265625
08:00:30,91282CLM1,TSRYS5893517,D,S,T,2024-10-09,1000000.00,3.915376,98.2421875
08:00:30,91282CLM1,TSRYS5893517,D,S,T,2024-10-09,1000000.00,3.912767,98.2578125
08:00:30,91282CLM1,TSRYS5893517,D,S,T,2024-10-09,1000000.00,3.912767,98.2578125
08:00:30,91282CLM1,TSRYS5893517,D,S,T,2024-10-09,1000000.00,3.911463,98.265625
08:00:30,91282CLM1,TSRYS5893517,D,S,T,2024-10-09,1000000.00,3.908855,98.28125
08:00:30,91282CLM1,TSRYS5893517,D,S,T,2024-10-09,1000000.00,3.907551,98.2890625
08:00:30,91282CLM1,TSRYS5893517,D,S,T,2024-10-09,1000000.00,3.907551,98.2890625
08:00:30,91282CLM1,TSRYS5893517,D,S,T,2024-10-09,1000000.00,3.907551,98.2890625
08:00:30,91282CLM1,TSRYS5893517,D,S,T,2024-10-09,1000000.00,3.907551,98.2890625
08:00:30,91282CLM1,TSRYS5893517,D,S,T,2024-10-09,1000000.00,3.907551,98.2890625
08:00:30,91282CLM1,TSRYS5893517,D,S,T,2024-10-09,1000000.00,3.907551,98.2890625
08:00:30,91282CLM1,TSRYS5893517,D,S,T,2024-10-09,1000000.00,3.903641,98.3125
08:00:30,91282CLM1,TSRYS5893517,D,S,T,2024-10-09,1000000.00,3.904944,98.3046875
08:00:30,91282CLM1,TSRYS5893517,D,S,T,2024-10-09,1000000.00,3.904944,98.3046875
08:00:30,91282CLM1,TSRYS5893517,D,S,T,2024-10-09,1000000.00,3.904944,98.3046875
08:00:30,91282CLM1,TSRYS5893517,D,S,T,2024-10-09,1000000.00,3.904944,98.3046875
08:00:30,91282CLM1,TSRYS5893517,D,S,T,2024-10-09,1000000.00,3.903641,98.3125
08:00:30,91282CLM1,TSRYS5893517,D,S,T,2024-10-09,1000000.00,3.908855,98.28125
08:00:30,91282CLM1,TSRYS5893517,D,S,T,2024-10-09,1000000.00,3.908855,98.28125
08:00:30,91282CLM1,TSRYS5893517,D,S,T,2024-10-09,1000000.00,3.908855,98.28125
08:00:30,91282CLM1,TSRYS5893517,D,S,T,2024-10-09,1000000.00,3.907551,98.2890625
08:00:30,91282CLM1,TSRYS5893517,D,S,T,2024-10-09,1000000.00,3.907551,98.2890625
08:00:30,91282CLM1,TSRYS5893517,D,S,T,2024-10-09,1000000.00,3.906248,98.296875
08:00:30,91282CLM1,TSRYS5893517,D,S,T,2024-10-09,1000000.00,3.907551,98.2890625
08:00:30,91282CLM1,TSRYS5893517,D,S,T,2024-10-09,1000000.00,3.907551,98.2890625
08:00:30,91282CLM1,TSRYS5893517,D,S,T,2024-10-09,1000000.00,3.907551,98.2890625
08:00:30,91282CLM1,TSRYS5893517,D,S,T,2024-10-09,1000000.00,3.907551,98.2890625
08:00:30,91282CLM1,TSRYS5893517,D,S,T,2024-10-09,1000000.00,3.907551,98.2890625
08:00:30,91282CLM1,TSRYS5893517,D,S,D,2024-10-09,1000000.00,3.909507,98.27734375
08:00:30,91282CLM1,TSRYS5893517,D,S,T,2024-10-09,1000000.00,3.908855,98.28125
08:00:30,91282CLM1,TSRYS5893517,D,S,T,2024-10-09,1000000.00,3.908855,98.28125
08:00:30,91282CLM1,TSRYS5893517,D,S,T,2024-10-09,1000000.00,3.910159,98.2734375
08:00:30,91282CLM1,TSRYS5893517,D,S,T,2024-10-09,1000000.00,3.910159,98.2734375
08:00:30,91282CLM1,TSRYS5893517,D,S,T,2024-10-09,1000000.00,3.910159,98.2734375
08:00:30,91282CLM1,TSRYS5893517,D,S,T,2024-10-09,1000000.00,3.911463,98.265625
08:00:30,91282CLM1,TSRYS5893517,D,S,T,2024-10-09,1000000.00,3.910159,98.2734375
08:00:30,91282CLM1,TSRYS5893517,D,S,T,2024-10-09,1000000.00,3.912767,98.2578125
08:00:30,91282CLM1,TSRYS5893517,D,S,T,2024-10-09,1000000.00,3.914072,98.25
08:00:30,91282CLM1,TSRYS5893517,D,S,T,2024-10-09,1000000.00,3.914072,98.25
08:00:30,91282CLM1,TSRYS5893517,D,S,T,2024-10-09,1000000.00,3.914072,98.25
08:00:30,91282CLM1,TSRYS5893517,D,S,T,2024-10-09,1000000.00,3.914072,98.25
08:00:30,91282CLM1,TSRYS5893517,D,S,T,2024-10-09,1000000.00,3.912767,98.2578125
08:00:30,91282CLM1,TSRYS5893517,D,S,T,2024-10-09,1000000.00,3.914072,98.25
08:00:30,91282CLM1,TSRYS5893517,D,S,T,2024-10-09,1000000.00,3.915376,98.2421875
08:00:30,91282CLM1,TSRYS5893517,D,S,T,2024-10-09,1000000.00,3.915376,98.2421875
08:00:30,91282CLM1,TSRYS5893517,D,S,T,2024-10-09,1000000.00,3.915376,98.2421875
08:00:30,91282CLM1,TSRYS5893517,D,S,T,2024-10-09,1000000.00,3.915376,98.2421875
08:00:30,91282CLM1,TSRYS5893517,D,S,T,2024-10-09,1000000.00,3.917333,98.23046875
08:00:30,91282CLM1,TSRYS5893517,D,S,T,2024-10-09,1000000.00,3.925163,98.18359375
08:00:30,91282CLM1,TSRYS5893517,D,S,T,2024-10-09,1000000.00,3.923531,98.193359375
08:00:30,91282CLM1,TSRYS5893517,D,S,T,2024-10-09,1000000.00,3.925816,98.1796875
08:00:30,91282CLM1,TSRYS5893517,D,S,T,2024-10-09,1000000.00,3.925816,98.1796875
08:00:30,91282CLM1,TSRYS5893517,D,S,T,2024-10-09,1000000.00,3.92451,98.1875
08:00:30,91282CLM1,TSRYS5893517,D,S,T,2024-10-09,1000000.00,3.928427,98.1640625
08:00:30,91282CLM1,TSRYS5893517,D,S,T,2024-10-09,1000000.00,3.923205,98.1953125
08:00:30,91282CLM1,TSRYS5893517,D,S,T,2024-10-09,1000000.00,3.9219,98.203125
08:00:30,91282CLM1,TSRYS5893517,D,S,T,2024-10-09,1000000.00,3.923205,98.1953125
08:00:30,91282CLM1,TSRYS5893517,D,S,T,2024-10-09,1000000.00,3.92451,98.1875
08:00:30,91282CLM1,TSRYS5893517,D,S,T,2024-10-09,1000000.00,3.9219,98.203125
08:00:30,91282CLM1,TSRYS5893517,D,S,T,2024-10-09,1000000.00,3.920595,98.2109375
08:00:30,91282CLM1,TSRYS5893517,D,S,T,2024-10-09,1000000.00,3.91929,98.21875
08:00:30,91282CLM1,TSRYS5893517,D,S,T,2024-10-09,1000000.00,3.916681,98.234375
08:00:30,91282CLM1,TSRYS5893517,D,S,T,2024-10-09,2000000.00,3.914072,98.25
08:00:30,91282CLM1,TSRYS5893517,D,S,T,2024-10-09,1000000.00,3.916681,98.234375
08:00:30,91282CLM1,TSRYS5893517,D,S,T,2024-10-09,1000000.00,3.915376,98.2421875
08:00:30,91282CLM1,TSRYS5893517,D,S,T,2024-10-09,1000000.00,3.916681,98.234375
08:00:30,91282CLM1,TSRYS5893517,D,S,T,2024-10-09,1000000.00,3.912767,98.2578125
08:00:30,91282CLM1,TSRYS5893517,D,S,T,2024-10-09,2000000.00,3.914072,98.25
08:00:30,91282CLM1,TSRYS5893517,D,S,T,2024-10-09,2000000.00,3.914072,98.25
08:00:30,91282CLM1,TSRYS5893517,D,S,T,2024-10-09,1000000.00,3.914072,98.25
08:00:30,91282CLM1,TSRYS5893517,D,S,T,2024-10-09,1000000.00,3.914072,98.25
08:00:30,91282CLM1,TSRYS5893517,D,S,T,2024-10-09,1000000.00,3.915376,98.2421875
08:00:30,91282CLM1,TSRYS5893517,D,S,T,2024-10-09,1000000.00,3.915376,98.2421875
08:00:30,91282CLM1,TSRYS5893517,D,S,T,2024-10-09,1000000.00,3.916681,98.234375
08:00:30,91282CLM1,TSRYS5893517,D,S,T,2024-10-09,1000000.00,3.916681,98.234375
08:00:30,91282CLM1,TSRYS5893517,D,S,T,2024-10-09,1000000.00,3.916681,98.234375
08:00:30,91282CLM1,TSRYS5893517,D,S,T,2024-10-09,1000000.00,3.915376,98.2421875
08:00:30,91282CLM1,TSRYS5893517,D,S,T,2024-10-09,1000000.00,3.914072,98.25
08:00:31,91282CLM1,TSRYS5893517,D,S,T,2024-10-09,1000000.00,3.91929,98.21875
08:00:31,91282CLM1,TSRYS5893517,D,S,T,2024-10-09,1000000.00,3.918638,98.22265625
08:00:31,91282CLM1,TSRYS5893517,D,S,T,2024-10-09,1000000.00,3.918638,98.22265625
08:00:31,91282CLM1,TSRYS5893517,D,S,T,2024-10-09,1000000.00,3.918638,98.22265625
08:00:31,91282CLM1,TSRYS5893517,D,S,T,2024-10-09,1000000.00,3.918638,98.22265625
08:00:31,91282CLM1,TSRYS5893517,D,S,T,2024-10-09,1000000.00,3.918638,98.22265625
08:00:31,91282CLM1,TSRYS5893517,D,S,T,2024-10-09,1000000.00,3.91929,98.21875
08:00:31,91282CLM1,TSRYS5893517,D,S,T,2024-10-09,1000000.00,3.91929,98.21875
08:00:31,91282CLM1,TSRYS5893517,D,S,T,2024-10-09,2000000.00,3.920595,98.2109375
08:00:31,91282CLM1,TSRYS5893517,D,S,T,2024-10-09,1000000.00,3.9219,98.203125
08:00:31,91282CLM1,TSRYS5893517,D,S,T,2024-10-09,1000000.00,3.923205,98.1953125
08:00:31,91282CLM1,TSRYS5893517,D,S,T,2024-10-09,1000000.00,3.923205,98.1953125
08:00:31,91282CLM1,TSRYS5893517,D,S,T,2024-10-09,1000000.00,3.92451,98.1875
08:00:31,91282CLM1,TSRYS5893517,D,S,T,2024-10-09,1000000.00,3.92451,98.1875
08:00:31,91282CLM1,TSRYS5893517,D,S,T,2024-10-09,1000000.00,3.923205,98.1953125
08:00:31,91282CLM1,TSRYS5893517,D,S,T,2024-10-09,1000000.00,3.9219,98.203125
08:00:31,91282CLM1,TSRYS5893517,D,S,T,2024-10-09,1000000.00,3.9219,98.203125
08:00:31,91282CLM1,TSRYS5893517,D,S,T,2024-10-09,1000000.00,3.91929,98.21875
08:00:31,91282CLM1,TSRYS5893517,D,S,T,2024-10-09,1000000.00,3.91929,98.21875
08:00:31,91282CLM1,TSRYS5893517,D,S,T,2024-10-09,1000000.00,3.91929,98.21875
08:00:31,91282CLM1,TSRYS5893517,D,S,T,2024-10-09,1000000.00,3.920595,98.2109375
08:00:31,91282CLM1,TSRYS5893517,D,S,T,2024-10-09,1000000.00,3.919616,98.216796875
08:00:31,91282CLM1,TSRYS5893517,D,S,T,2024-10-09,1000000.00,3.923205,98.1953125
08:00:31,91282CLM1,TSRYS5893517,D,S,T,2024-10-09,1000000.00,3.923205,98.1953125
08:00:31,91282CLM1,TSRYS5893517,D,S,T,2024-10-09,1000000.00,3.9219,98.203125
08:00:31,91282CLM1,TSRYS5893517,D,S,T,2024-10-09,1000000.00,3.92451,98.1875
08:00:31,91282CLM1,TSRYS5893517,D,S,T,2024-10-09,1000000.00,3.923858,98.19140625
08:00:31,91282CLM1,TSRYS5893517,D,S,T,2024-10-09,1000000.00,3.923205,98.1953125
08:00:31,91282CLM1,TSRYS5893517,D,S,T,2024-10-09,1000000.00,3.923205,98.1953125
08:00:31,91282CLM1,TSRYS5893517,D,S,T,2024-10-09,1000000.00,3.920595,98.2109375
08:00:31,91282CLM1,TSRYS5893517,D,S,T,2024-10-09,1000000.00,3.917985,98.2265625
08:00:31,91282CLM1,TSRYS5893517,D,S,T,2024-10-09,1000000.00,3.9219,98.203125
08:00:31,91282CLM1,TSRYS5893517,D,S,T,2024-10-09,1000000.00,3.9219,98.203125
08:00:31,91282CLM1,TSRYS5893517,D,S,T,2024-10-09,1000000.00,3.9219,98.203125
08:00:31,91282CLM1,TSRYS5893517,D,S,T,2024-10-09,1000000.00,3.9219,98.203125
08:00:31,91282CLM1,TSRYS5893517,D,S,T,2024-10-09,1000000.00,3.9219,98.203125
08:00:31,91282CLM1,TSRYS5893517,D,S,T,2024-10-09,1000000.00,3.9219,98.203125
08:00:31,91282CLM1,TSRYS5893517,D,S,T,2024-10-09,1000000.00,3.9219,98.203125
08:00:31,91282CLM1,TSRYS5893517,D,S,T,2024-10-09,1000000.00,3.9219,98.203125
08:00:31,91282CLM1,TSRYS5893517,D,S,T,2024-10-09,1000000.00,3.9219,98.203125
08:00:31,91282CLM1,TSRYS5893517,D,S,T,2024-10-09,1000000.00,3.9219,98.203125
08:00:31,91282CLM1,TSRYS5893517,D,S,T,2024-10-09,1000000.00,3.920595,98.2109375
08:00:31,91282CLM1,TSRYS5893517,D,S,T,2024-10-09,1000000.00,3.915376,98.2421875
08:00:31,91282CLM1,TSRYS5893517,D,S,T,2024-10-09,1000000.00,3.915376,98.2421875
08:00:31,91282CLM1,TSRYS5893517,D,S,T,2024-10-09,1000000.00,3.915376,98.2421875
08:00:31,91282CLM1,TSRYS5893517,D,S,T,2024-10-09,1000000.00,3.915376,98.2421875
08:00:31,91282CLM1,TSRYS5893517,D,S,T,2024-10-09,1000000.00,3.915376,98.2421875
08:00:31,91282CLM1,TSRYS5893517,D,S,T,2024-10-09,1000000.00,3.915376,98.2421875
08:00:31,91282CLM1,TSRYS5893517,D,S,T,2024-10-09,1000000.00,3.915376,98.2421875
08:00:31,91282CLM1,TSRYS5893517,D,S,T,2024-10-09,1000000.00,3.915376,98.2421875
08:00:31,91282CLM1,TSRYS5893517,D,S,T,2024-10-09,1000000.00,3.915376,98.2421875
08:00:31,91282CLM1,TSRYS5893517,D,S,T,2024-10-09,1000000.00,3.915376,98.2421875
08:00:31,91282CLM1,TSRYS5893517,D,S,T,2024-10-09,1000000.00,3.915376,98.2421875
08:00:31,91282CLM1,TSRYS5893517,D,S,T,2024-10-09,1000000.00,3.916681,98.234375
08:00:31,91282CLM1,TSRYS5893517,D,S,T,2024-10-09,1000000.00,3.91929,98.21875
08:00:31,91282CLM1,TSRYS5893517,D,S,T,2024-10-09,1000000.00,3.91929,98.21875
08:00:31,91282CLM1,TSRYS5893517,D,S,T,2024-10-09,1000000.00,3.921247,98.20703125
08:00:31,91282CLM1,TSRYS5893517,D,S,T,2024-10-09,1000000.00,3.922879,98.197265625
08:00:31,91282CLM1,TSRYS5893517,D,S,T,2024-10-09,1000000.00,3.91929,98.21875
08:00:31,91282CLM1,TSRYS5893517,D,S,T,2024-10-09,1000000.00,3.916681,98.234375
08:00:31,91282CLM1,TSRYS5893517,D,S,T,2024-10-09,1000000.00,3.914072,98.25
08:00:31,91282CLM1,TSRYS5893517,D,S,T,2024-10-09,1000000.00,3.914072,98.25
08:00:31,91282CLM1,TSRYS5893517,D,S,T,2024-10-09,1000000.00,3.914072,98.25
08:00:31,91282CLM1,TSRYS5893517,D,S,T,2024-10-09,1000000.00,3.912767,98.2578125
08:00:31,91282CLM1,TSRYS5893517,D,S,T,2024-10-09,1000000.00,3.912767,98.2578125
08:00:31,91282CLM1,TSRYS5893517,D,S,T,2024-10-09,1000000.00,3.914072,98.25
08:00:31,91282CLM1,TSRYS5893517,D,S,T,2024-10-09,1000000.00,3.914398,98.248046875
08:00:31,91282CLM1,TSRYS5893517,D,S,T,2024-10-09,1000000.00,3.915376,98.2421875
08:00:31,91282CLM1,TSRYS5893517,D,S,T,2024-10-09,1000000.00,3.916681,98.234375
08:00:31,91282CLM1,TSRYS5893517,D,S,T,2024-10-09,1000000.00,3.916681,98.234375
08:00:31,91282CLM1,TSRYS5893517,D,S,T,2024-10-09,1000000.00,3.916681,98.234375
08:00:31,91282CLM1,TSRYS5893517,D,S,T,2024-10-09,1000000.00,3.9219,98.203125
08:00:31,91282CLM1,TSRYS5893517,D,S,T,2024-10-09,1000000.00,3.920595,98.2109375
08:00:31,91282CLM1,TSRYS5893517,D,S,T,2024-10-09,1000000.00,3.9219,98.203125
08:00:31,91282CLM1,TSRYS5893517,D,S,T,2024-10-09,1000000.00,3.923205,98.1953125
08:00:31,91282CLM1,TSRYS5893517,D,S,T,2024-10-09,3000000.00,3.923205,98.1953125
08:00:31,91282CLM1,TSRYS5893517,D,S,T,2024-10-09,1000000.00,3.923205,98.1953125
08:00:31,91282CLM1,TSRYS5893517,D,S,T,2024-10-09,1000000.00,3.9219,98.203125
08:00:31,91282CLM1,TSRYS5893517,D,S,T,2024-10-09,1000000.00,3.920595,98.2109375
08:00:31,91282CLM1,TSRYS5893517,D,S,T,2024-10-09,1000000.00,3.91929,98.21875
08:00:31,91282CLM1,TSRYS5893517,D,S,T,2024-10-09,1000000.00,3.917985,98.2265625
08:00:31,91282CLM1,TSRYS5893517,D,S,T,2024-10-09,1000000.00,3.917333,98.23046875
08:00:31,91282CLM1,TSRYS5893517,D,S,T,2024-10-09,1000000.00,3.917985,98.2265625
08:00:31,91282CLM1,TSRYS5893517,D,S,T,2024-10-09,1000000.00,3.91929,98.21875
08:00:31,91282CLM1,TSRYS5893517,D,S,T,2024-10-09,1000000.00,3.91929,98.21875
08:00:31,91282CLM1,TSRYS5893517,D,S,T,2024-10-09,1000000.00,3.919616,98.216796875
08:00:31,91282CLM1,TSRYS5893517,D,S,T,2024-10-09,1000000.00,3.91929,98.21875
08:00:31,91282CLM1,TSRYS5893517,D,S,T,2024-10-09,1000000.00,3.919616,98.216796875
08:00:31,91282CLM1,TSRYS5893517,D,S,T,2024-10-09,2000000.00,3.9219,98.203125
08:00:31,91282CLM1,TSRYS5893517,D,S,T,2024-10-09,1000000.00,3.9219,98.203125
08:00:31,91282CLM1,TSRYS5893517,D,S,T,2024-10-09,1000000.00,3.923205,98.1953125
08:00:31,91282CLM1,TSRYS5893517,D,S,T,2024-10-09,2000000.00,3.925816,98.1796875
08:00:31,91282CLM1,TSRYS5893517,D,S,T,2024-10-09,1000000.00,3.925816,98.1796875
08:00:31,91282CLM1,TSRYS5893517,D,S,T,2024-10-09,1000000.00,3.925816,98.1796875
08:00:31,91282CLM1,TSRYS5893517,D,S,T,2024-10-09,1000000.00,3.925816,98.1796875
08:00:31,91282CLM1,TSRYS5893517,D,S,T,2024-10-09,1000000.00,3.925816,98.1796875
08:00:31,91282CLM1,TSRYS5893517,D,S,T,2024-10-09,1000000.00,3.925816,98.1796875
08:00:31,91282CLM1,TSRYS5893517,D,S,T,2024-10-09,1000000.00,3.925816,98.1796875
08:00:31,91282CLM1,TSRYS5893517,D,S,T,2024-10-09,1000000.00,3.925816,98.1796875
08:00:31,91282CLM1,TSRYS5893517,D,S,T,2024-10-09,1000000.00,3.928427,98.1640625
08:00:31,91282CLM1,TSRYS5893517,D,S,T,2024-10-09,1000000.00,3.928427,98.1640625
08:00:31,91282CLM1,TSRYS5893517,D,S,T,2024-10-09,1000000.00,3.931039,98.1484375
08:00:31,91282CLM1,TSRYS5893517,D,S,T,2024-10-09,1000000.00,3.932344,98.140625
08:00:31,91282CLM1,TSRYS5893517,D,S,T,2024-10-09,1000000.00,3.933651,98.1328125
08:00:31,91282CLM1,TSRYS5893517,D,S,T,2024-10-09,1000000.00,3.932018,98.142578125
08:00:31,91282CLM1,TSRYS5893517,D,S,T,2024-10-09,1000000.00,3.932344,98.140625
08:00:31,91282CLM1,TSRYS5893517,D,S,T,2024-10-09,1000000.00,3.934957,98.125
08:00:31,91282CLM1,TSRYS5893517,D,S,T,2024-10-09,1000000.00,3.934957,98.125
08:00:31,91282CLM1,TSRYS5893517,D,S,D,2024-10-09,1000000.00,3.916355,98.236328125
08:00:31,91282CLM1,TSRYS5893517,D,S,D,2024-10-09,1000000.00,3.917985,98.2265625
08:00:31,91282CLM1,TSRYS5893517,D,S,D,2024-10-09,1000000.00,3.923858,98.19140625
08:00:31,91282CLM1,TSRYS5893517,D,S,D,2024-10-09,1000000.00,3.924184,98.189453125
08:00:31,91282CLM1,TSRYS5893517,D,S,D,2024-10-09,1000000.00,3.922879,98.197265625
08:00:31,91282CLM1,TSRYS5893517,D,S,D,2024-10-09,1000000.00,3.933651,98.1328125
08:00:32,91282CLM1,TSRYS5893517,D,S,T,2024-10-09,1000000.00,3.918311,98.224609375
08:00:32,91282CLM1,TSRYS5893517,D,S,T,2024-10-09,1000000.00,3.917985,98.2265625
08:00:32,91282CLM1,TSRYS5893517,D,S,T,2024-10-09,1000000.00,3.917985,98.2265625
08:00:32,91282CLM1,TSRYS5893517,D,S,T,2024-10-09,1000000.00,3.917985,98.2265625
08:00:32,91282CLM1,TSRYS5893517,D,S,T,2024-10-09,1000000.00,3.90527,98.302734375
08:00:32,91282CLM1,TSRYS5893517,D,S,T,2024-10-09,1000000.00,3.922879,98.197265625
08:00:32,91282CLM1,TSRYS5893517,D,S,T,2024-10-09,1000000.00,3.924184,98.189453125
08:00:32,91282CLM1,TSRYS5893517,D,S,T,2024-10-09,1000000.00,3.924184,98.189453125
08:00:32,91282CLM1,TSRYS5893517,D,S,T,2024-10-09,1000000.00,3.923858,98.19140625
08:00:32,91282CLM1,TSRYS5893517,D,S,T,2024-10-09,1000000.00,3.924184,98.189453125
08:00:32,91282CLM1,TSRYS5893517,D,S,T,2024-10-09,1000000.00,3.924184,98.189453125
08:00:32,91282CLM1,TSRYS5893517,D,S,T,2024-10-09,1000000.00,3.922879,98.197265625
08:00:32,91282CLM1,TSRYS5893517,D,S,T,2024-10-09,1000000.00,3.922879,98.197265625
08:00:32,91282CLM1,TSRYS5893517,D,S,T,2024-10-09,1000000.00,3.921574,98.205078125
08:00:32,91282CLM1,TSRYS5893517,D,S,T,2024-10-09,1000000.00,3.922879,98.197265625
08:00:32,91282CLM1,TSRYS5893517,D,S,T,2024-10-09,1000000.00,3.923205,98.1953125
08:00:32,91282CLM1,TSRYS5893517,D,S,T,2024-10-09,1000000.00,3.921574,98.205078125
08:00:32,91282CLM1,TSRYS5893517,D,S,T,2024-10-09,1000000.00,3.921574,98.205078125
08:00:32,91282CLM1,TSRYS5893517,D,S,T,2024-10-09,1000000.00,3.920921,98.208984375
08:00:32,91282CLM1,TSRYS5893517,D,S,T,2024-10-09,2000000.00,3.921247,98.20703125
08:00:32,91282CLM1,TSRYS5893517,D,S,T,2024-10-09,1000000.00,3.921247,98.20703125
08:00:32,91282CLM1,TSRYS5893517,D,S,T,2024-10-09,1000000.00,3.922879,98.197265625
08:00:32,91282CLM1,TSRYS5893517,D,S,T,2024-10-09,2000000.00,3.917985,98.2265625
08:00:32,91282CLM1,TSRYS5893517,D,S,T,2024-10-09,1000000.00,3.917985,98.2265625
08:00:32,91282CLM1,TSRYS5893517,D,S,T,2024-10-09,1000000.00,3.919943,98.21484375
08:00:32,91282CLM1,TSRYS5893517,D,S,T,2024-10-09,1000000.00,3.919943,98.21484375
08:00:32,91282CLM1,TSRYS5893517,D,S,T,2024-10-09,1000000.00,3.922879,98.197265625
08:00:32,91282CLM1,TSRYS5893517,D,S,T,2024-10-09,1000000.00,3.932998,98.13671875
08:00:34,91282CLM1,TSRYS5893517,D,S,D,2024-10-09,1000000.00,3.917659,98.228515625
08:00:34,91282CLM1,TSRYS5893517,D,S,D,2024-10-09,1000000.00,3.923205,98.1953125
08:00:36,91282CLM1,TSRYS5893517,D,S,D,2024-10-09,1000000.00,3.923205,98.1953125
08:00:38,91282CLM1,TSRYS5893517,D,S,C,2024-10-09,4000000.00,3.915376,98.2421875
08:00:39,91282CLM1,TSRYS5893517,D,S,D,2024-10-09,4000000.00,3.915376,98.2421875
08:00:42,91282CLM1,TSRYS5893517,D,S,D,2024-10-09,1000000.00,3.916681,98.234375
08:00:43,91282CLM1,TSRYS5893517,D,S,D,2024-10-09,2000000.00,3.920269,98.212890625
08:00:43,91282CLM1,TSRYS5893517,D,S,C,2024-10-09,1000000.00,3.921247,98.20703125
08:00:45,91282CLM1,TSRYS5893517,D,S,C,2024-10-09,1000000.00,3.920595,98.2109375
08:00:45,91282CLM1,TSRYS5893517,D,S,D,2024-10-09,1000000.00,3.916681,98.234375
08:00:46,91282CLM1,TSRYS5893517,D,S,D,2024-10-09,1000000.00,3.926142,98.177734375
08:00:46,91282CLM1,TSRYS5893517,D,B,C,2024-10-09,1000000.00,3.926142,98.177734375
08:00:46,91282CLM1,TSRYS5893517,D,S,D,2024-10-09,1000000.00,3.925816,98.1796875
08:00:47,91282CLM1,TSRYS5893517,D,S,D,2024-10-09,500000.00,3.932344,98.140625
08:00:47,91282CLM1,TSRYS5893517,D,S,D,2024-10-09,860000.00,3.927121,98.171875
08:00:48,91282CLM1,TSRYS5893517,D,S,T,2024-10-09,1000000.00,3.916355,98.236328125
08:00:48,91282CLM1,TSRYS5893517,D,S,T,2024-10-09,1000000.00,3.916681,98.234375
08:00:48,91282CLM1,TSRYS5893517,D,S,T,2024-10-09,2000000.00,3.917007,98.232421875
08:00:48,91282CLM1,TSRYS5893517,D,S,T,2024-10-09,1000000.00,3.916681,98.234375
08:00:48,91282CLM1,TSRYS5893517,D,S,T,2024-10-09,1000000.00,3.916681,98.234375
08:00:48,91282CLM1,TSRYS5893517,D,S,T,2024-10-09,1000000.00,3.916681,98.234375
08:00:48,91282CLM1,TSRYS5893517,D,S,T,2024-10-09,1000000.00,3.916681,98.234375
08:00:48,91282CLM1,TSRYS5893517,D,S,T,2024-10-09,1000000.00,3.916681,98.234375
08:00:48,91282CLM1,TSRYS5893517,D,S,T,2024-10-09,1000000.00,3.908855,98.28125
08:00:48,91282CLM1,TSRYS5893517,D,S,T,2024-10-09,1000000.00,3.908855,98.28125
08:00:48,91282CLM1,TSRYS5893517,D,S,T,2024-10-09,1000000.00,3.914724,98.24609375
08:00:48,91282CLM1,TSRYS5893517,D,S,D,2024-10-09,1000000.00,3.923205,98.1953125
08:00:48,91282CLM1,TSRYS5893517,D,B,A,2024-10-09,2000000.00,3.910811,98.26953125
08:00:48,91282CLM1,TSRYS5893517,D,S,T,2024-10-09,1000000.00,3.91929,98.21875
08:00:48,91282CLM1,TSRYS5893517,D,S,D,2024-10-09,1000000.00,3.923205,98.1953125
08:00:48,91282CLM1,TSRYS5893517,D,S,T,2024-10-09,2000000.00,3.920595,98.2109375
08:00:48,91282CLM1,TSRYS5893517,D,S,T,2024-10-09,1000000.00,3.9219,98.203125
08:00:48,91282CLM1,TSRYS5893517,D,S,A,2024-10-09,1600000.00,3.915376,98.2421875
08:00:48,91282CLM1,TSRYS5893517,D,B,C,2024-10-09,33400000.00,3.918638,98.22265625
08:00:48,91282CLM1,TSRYS5893517,D,S,A,2024-10-09,1000000.00,3.91929,98.21875
08:00:48,91282CLM1,TSRYS5893517,D,S,D,2024-10-09,1000000.00,3.916681,98.234375
08:00:49,91282CLM1,TSRYS5893517,D,S,D,2024-10-09,102300000.00,3.705565,99.5078125
08:00:49,91282CLM1,TSRYS5893517,D,S,A,2024-10-09,500000.00,3.91342,98.25390625
08:00:49,91282CLM1,TSRYS5893517,D,S,A,2024-10-09,45000000.00,3.912767,98.2578125
08:00:49,91282CLM1,TSRYS5893517,D,S,T,2024-10-09,1000000.00,3.912767,98.2578125
08:00:49,91282CLM1,TSRYS5893517,D,S,A,2024-10-09,2100000.00,3.920595,98.2109375
08:00:49,91282CLM1,TSRYS5893517,D,S,C,2024-10-09,47000.00,3.921247,98.20703125
08:00:49,91282CLM1,TSRYS5893517,D,S,D,2024-10-09,102300000.00,3.705565,99.5078125
08:00:49,91282CLM1,TSRYS5893517,D,S,D,2024-10-09,1000000.00,3.916681,98.234375
08:00:51,91282CLM1,TSRYS5893517,D,S,T,2024-10-09,1000000.00,3.914072,98.25
08:00:52,91282CLM1,TSRYS5893517,D,S,D,2024-10-09,6000000.00,3.91255,98.2591146
08:00:58,91282CLM1,TSRYS5893517,D,B,A,2024-10-09,1000000.00,3.917333,98.23046875
08:01:00,91282CLM1,TSRYS5893517,D,S,T,2024-10-09,1000000.00,3.921247,98.20703125
08:01:02,91282CLM1,TSRYS5893517,D,B,C,2024-10-09,1000000.00,3.917333,98.23046875
08:01:02,91282CLM1,TSRYS5893517,D,B,C,2024-10-09,1000000.00,3.917985,98.2265625
08:01:02,91282CLM1,TSRYS5893517,D,B,C,2024-10-09,1000000.00,3.917333,98.23046875
08:01:02,91282CLM1,TSRYS5893517,D,S,D,2024-10-09,1000000.00,3.917985,98.2265625
08:01:02,91282CLM1,TSRYS5893517,D,S,D,2024-10-09,1000000.00,3.917333,98.23046875
08:01:02,91282CLM1,TSRYS5893517,D,B,C,2024-10-09,1000000.00,3.916028,98.23828125
08:01:02,91282CLM1,TSRYS5893517,D,B,C,2024-10-09,1000000.00,3.916681,98.234375
08:01:02,91282CLM1,TSRYS5893517,D,S,D,2024-10-09,1000000.00,3.917333,98.23046875
08:01:02,91282CLM1,TSRYS5893517,D,S,D,2024-10-09,1000000.00,3.916681,98.234375
08:01:02,91282CLM1,TSRYS5893517,D,S,D,2024-10-09,1000000.00,3.916028,98.23828125
08:01:02,91282CLM1,TSRYS5893517,D,B,C,2024-10-09,1000000.00,3.916028,98.23828125
08:01:02,91282CLM1,TSRYS5893517,D,B,C,2024-10-09,1000000.00,3.916028,98.23828125
08:01:02,91282CLM1,TSRYS5893517,D,S,D,2024-10-09,1000000.00,3.916028,98.23828125
08:01:02,91282CLM1,TSRYS5893517,D,S,D,2024-10-09,1000000.00,3.916028,98.23828125
08:01:02,91282CLM1,TSRYS5893517,D,B,C,2024-10-09,1000000.00,3.913746,98.251953125
08:01:02,91282CLM1,TSRYS5893517,D,B,C,2024-10-09,1000000.00,3.913746,98.251953125
08:01:02,91282CLM1,TSRYS5893517,D,S,D,2024-10-09,1000000.00,3.913746,98.251953125
08:01:02,91282CLM1,TSRYS5893517,D,S,D,2024-10-09,1000000.00,3.913746,98.251953125
08:01:02,91282CLM1,TSRYS5893517,D,B,C,2024-10-09,1000000.00,3.913746,98.251953125
08:01:02,91282CLM1,TSRYS5893517,D,S,D,2024-10-09,1000000.00,3.913746,98.251953125
08:01:02,91282CLM1,TSRYS5893517,D,S,D,2024-10-09,1000000.00,3.913746,98.251953125
08:01:02,91282CLM1,TSRYS5893517,D,B,C,2024-10-09,1000000.00,3.91342,98.25390625
08:01:02,91282CLM1,TSRYS5893517,D,S,D,2024-10-09,1000000.00,3.91342,98.25390625
08:01:02,91282CLM1,TSRYS5893517,D,S,D,2024-10-09,1000000.00,3.915376,98.2421875
08:01:02,91282CLM1,TSRYS5893517,D,B,C,2024-10-09,1000000.00,3.913746,98.251953125
08:01:02,91282CLM1,TSRYS5893517,D,S,D,2024-10-09,1000000.00,3.915376,98.2421875
08:01:02,91282CLM1,TSRYS5893517,D,S,D,2024-10-09,1000000.00,3.916355,98.236328125
08:01:02,91282CLM1,TSRYS5893517,D,S,T,2024-10-09,1000000.00,3.911485,98.265495
08:01:02,91282CLM1,TSRYS5893517,D,S,D,2024-10-09,1000000.00,3.918311,98.224609375
08:01:02,91282CLM1,TSRYS5893517,D,S,D,2024-10-09,1000000.00,3.918311,98.224609375
08:01:02,91282CLM1,TSRYS5893517,D,B,C,2024-10-09,1000000.00,3.918311,98.224609375
08:01:02,91282CLM1,TSRYS5893517,D,S,D,2024-10-09,1000000.00,3.91929,98.21875
08:01:02,91282CLM1,TSRYS5893517,D,B,C,2024-10-09,1000000.00,3.918311,98.224609375
08:01:02,91282CLM1,TSRYS5893517,D,S,C,2024-10-09,1000000.00,3.91929,98.21875
08:01:03,91282CLM1,TSRYS5893517,D,S,C,2024-10-09,1000000.00,3.907225,98.291015625
08:01:03,91282CLM1,TSRYS5893517,D,S,D,2024-10-09,1000000.00,3.908529,98.283203125
08:01:03,91282CLM1,TSRYS5893517,D,S,D,2024-10-09,1000000.00,3.908529,98.283203125
08:01:03,91282CLM1,TSRYS5893517,D,S,D,2024-10-09,1000000.00,3.908529,98.283203125
08:01:03,91282CLM1,TSRYS5893517,D,S,D,2024-10-09,1000000.00,3.908529,98.283203125
08:01:03,91282CLM1,TSRYS5893517,D,S,C,2024-10-09,1000000.00,3.916681,98.234375
08:01:03,91282CLM1,TSRYS5893517,D,B,C,2024-10-09,1000000.00,3.907877,98.287109375
08:01:03,91282CLM1,TSRYS5893517,D,S,D,2024-10-09,1000000.00,3.908529,98.283203125
08:01:03,91282CLM1,TSRYS5893517,D,S,C,2024-10-09,1000000.00,3.908203,98.28515625
08:01:03,91282CLM1,TSRYS5893517,D,B,C,2024-10-09,1000000.00,3.908529,98.283203125
08:01:03,91282CLM1,TSRYS5893517,D,S,D,2024-10-09,1000000.00,3.909181,98.279296875
08:01:03,91282CLM1,TSRYS5893517,D,B,C,2024-10-09,1000000.00,3.908529,98.283203125
08:01:03,91282CLM1,TSRYS5893517,D,B,C,2024-10-09,2000000.00,3.908529,98.283203125
08:01:03,91282CLM1,TSRYS5893517,D,S,C,2024-10-09,1000000.00,3.909507,98.27734375
08:01:03,91282CLM1,TSRYS5893517,D,B,C,2024-10-09,1000000.00,3.908529,98.283203125
08:01:03,91282CLM1,TSRYS5893517,D,B,C,2024-10-09,1000000.00,3.908529,98.283203125
08:01:03,91282CLM1,TSRYS5893517,D,S,D,2024-10-09,1000000.00,3.907877,98.287109375
08:01:03,91282CLM1,TSRYS5893517,D,S,D,2024-10-09,1000000.00,3.907877,98.287109375
08:01:03,91282CLM1,TSRYS5893517,D,B,C,2024-10-09,2000000.00,3.907877,98.287109375
08:01:03,91282CLM1,TSRYS5893517,D,S,D,2024-10-09,1000000.00,3.908529,98.283203125
08:01:03,91282CLM1,TSRYS5893517,D,S,C,2024-10-09,1000000.00,3.905922,98.298828125
08:01:03,91282CLM1,TSRYS5893517,D,B,C,2024-10-09,1000000.00,3.908203,98.28515625
08:01:03,91282CLM1,TSRYS5893517,D,S,D,2024-10-09,1000000.00,3.907877,98.287109375
08:01:03,91282CLM1,TSRYS5893517,D,S,D,2024-10-09,2000000.00,3.908529,98.283203125
08:01:03,91282CLM1,TSRYS5893517,D,S,C,2024-10-09,2000000.00,3.908203,98.28515625
08:01:03,91282CLM1,TSRYS5893517,D,B,C,2024-10-09,1000000.00,3.907877,98.287109375
08:01:03,91282CLM1,TSRYS5893517,D,B,C,2024-10-09,1000000.00,3.908529,98.283203125
08:01:03,91282CLM1,TSRYS5893517,D,S,D,2024-10-09,2000000.00,3.907877,98.287109375
08:01:03,91282CLM1,TSRYS5893517,D,S,D,2024-10-09,1000000.00,3.908529,98.283203125
08:01:03,91282CLM1,TSRYS5893517,D,S,C,2024-10-09,1000000.00,3.912441,98.259765625
08:01:03,91282CLM1,TSRYS5893517,D,B,C,2024-10-09,1000000.00,3.912441,98.259765625
08:01:03,91282CLM1,TSRYS5893517,D,S,C,2024-10-09,1000000.00,3.908529,98.283203125
08:01:03,91282CLM1,TSRYS5893517,D,B,C,2024-10-09,1000000.00,3.908529,98.283203125
08:01:03,91282CLM1,TSRYS5893517,D,B,C,2024-10-09,1000000.00,3.911137,98.267578125
08:01:03,91282CLM1,TSRYS5893517,D,B,C,2024-10-09,1000000.00,3.912441,98.259765625
08:01:03,91282CLM1,TSRYS5893517,D,B,C,2024-10-09,1000000.00,3.908529,98.283203125
08:01:03,91282CLM1,TSRYS5893517,D,S,C,2024-10-09,1000000.00,3.912441,98.259765625
08:01:03,91282CLM1,TSRYS5893517,D,S,D,2024-10-09,1000000.00,3.908529,98.283203125
08:01:03,91282CLM1,TSRYS5893517,D,B,C,2024-10-09,1000000.00,3.908529,98.283203125
08:01:03,91282CLM1,TSRYS5893517,D,S,D,2024-10-09,1000000.00,3.912441,98.259765625
08:01:03,91282CLM1,TSRYS5893517,D,B,C,2024-10-09,1000000.00,3.908529,98.283203125
08:01:03,91282CLM1,TSRYS5893517,D,S,C,2024-10-09,1000000.00,3.911137,98.267578125
08:01:03,91282CLM1,TSRYS5893517,D,B,C,2024-10-09,25100000.00,3.930386,98.15234375
08:01:03,91282CLM1,TSRYS5893517,D,B,C,2024-10-09,1000000.00,3.907877,98.287109375
08:01:04,91282CLM1,TSRYS5893517,D,S,C,2024-10-09,1000000.00,3.908203,98.28515625
08:01:04,91282CLM1,TSRYS5893517,D,S,C,2024-10-09,1000000.00,3.908203,98.28515625
08:01:04,91282CLM1,TSRYS5893517,D,S,C,2024-10-09,1000000.00,3.909507,98.27734375
08:01:04,91282CLM1,TSRYS5893517,D,S,C,2024-10-09,1000000.00,3.909507,98.27734375
08:01:04,91282CLM1,TSRYS5893517,D,S,C,2024-10-09,2000000.00,3.909507,98.27734375
08:01:04,91282CLM1,TSRYS5893517,D,S,D,2024-10-09,1000000.00,3.915376,98.2421875
08:01:04,91282CLM1,TSRYS5893517,D,S,C,2024-10-09,1000000.00,3.912441,98.259765625
08:01:04,91282CLM1,TSRYS5893517,D,S,D,2024-10-09,1000000.00,3.912441,98.259765625
08:01:04,91282CLM1,TSRYS5893517,D,S,C,2024-10-09,1000000.00,3.9219,98.203125
08:01:04,91282CLM1,TSRYS5893517,D,S,C,2024-10-09,1000000.00,3.92451,98.1875
08:01:04,91282CLM1,TSRYS5893517,D,S,D,2024-10-09,1000000.00,3.914072,98.25
08:01:04,91282CLM1,TSRYS5893517,D,B,C,2024-10-09,1000000.00,3.915376,98.2421875
08:01:04,91282CLM1,TSRYS5893517,D,S,D,2024-10-09,1000000.00,3.915376,98.2421875
08:01:04,91282CLM1,TSRYS5893517,D,S,C,2024-10-09,1000000.00,3.925163,98.18359375
08:01:04,91282CLM1,TSRYS5893517,D,S,C,2024-10-09,1000000.00,3.923531,98.193359375
08:01:04,91282CLM1,TSRYS5893517,D,B,C,2024-10-09,1000000.00,3.924184,98.189453125
08:01:04,91282CLM1,TSRYS5893517,D,B,C,2024-10-09,1000000.00,3.92451,98.1875
08:01:04,91282CLM1,TSRYS5893517,D,S,D,2024-10-09,1000000.00,3.92451,98.1875
08:01:04,91282CLM1,TSRYS5893517,D,S,C,2024-10-09,1000000.00,3.920269,98.212890625
08:01:04,91282CLM1,TSRYS5893517,D,S,D,2024-10-09,1000000.00,3.923858,98.19140625
08:01:04,91282CLM1,TSRYS5893517,D,S,D,2024-10-09,1000000.00,3.923858,98.19140625
08:01:04,91282CLM1,TSRYS5893517,D,S,C,2024-10-09,1000000.00,3.92451,98.1875
08:01:04,91282CLM1,TSRYS5893517,D,S,D,2024-10-09,1000000.00,3.923858,98.19140625
08:01:04,91282CLM1,TSRYS5893517,D,S,D,2024-10-09,1000000.00,3.924184,98.189453125
08:01:04,91282CLM1,TSRYS5893517,D,S,D,2024-10-09,1000000.00,3.924184,98.189453125
08:01:04,91282CLM1,TSRYS5893517,D,B,C,2024-10-09,1000000.00,3.923858,98.19140625
08:01:05,91282CLM1,TSRYS5893517,D,B,C,2024-10-09,1000000.00,3.918638,98.22265625
08:01:05,91282CLM1,TSRYS5893517,D,S,D,2024-10-09,1000000.00,3.923205,98.1953125
08:01:05,91282CLM1,TSRYS5893517,D,S,C,2024-10-09,1000000.00,3.925163,98.18359375
08:01:05,91282CLM1,TSRYS5893517,D,S,D,2024-10-09,1000000.00,3.918638,98.22265625
08:01:05,91282CLM1,TSRYS5893517,D,S,D,2024-10-09,1000000.00,3.912767,98.2578125
08:01:05,91282CLM1,TSRYS5893517,D,S,D,2024-10-09,1000000.00,3.913746,98.251953125
08:01:05,91282CLM1,TSRYS5893517,D,S,C,2024-10-09,1000000.00,3.917659,98.228515625
08:01:05,91282CLM1,TSRYS5893517,D,S,D,2024-10-09,1000000.00,3.924184,98.189453125
08:01:05,91282CLM1,TSRYS5893517,D,B,C,2024-10-09,1000000.00,3.924184,98.189453125
08:01:05,91282CLM1,TSRYS5893517,D,B,C,2024-10-09,1000000.00,3.916355,98.236328125
08:01:05,91282CLM1,TSRYS5893517,D,S,D,2024-10-09,1000000.00,3.916355,98.236328125
08:01:05,91282CLM1,TSRYS5893517,D,B,C,2024-10-09,1000000.00,3.913746,98.251953125
08:01:06,91282CLM1,TSRYS5893517,D,S,D,2024-10-09,1000000.00,3.917659,98.228515625
08:01:06,91282CLM1,TSRYS5893517,D,S,D,2024-10-09,1000000.00,3.91929,98.21875
08:01:06,91282CLM1,TSRYS5893517,D,B,C,2024-10-09,1000000.00,3.920595,98.2109375
08:01:06,91282CLM1,TSRYS5893517,D,S,D,2024-10-09,1000000.00,3.920595,98.2109375
08:01:06,91282CLM1,TSRYS5893517,D,S,D,2024-10-09,1000000.00,3.923205,98.1953125
08:01:06,91282CLM1,TSRYS5893517,D,B,C,2024-10-09,1000000.00,3.91929,98.21875
08:01:06,91282CLM1,TSRYS5893517,D,B,C,2024-10-09,1000000.00,3.922879,98.197265625
08:01:06,91282CLM1,TSRYS5893517,D,S,D,2024-10-09,1000000.00,3.922879,98.197265625
08:01:06,91282CLM1,TSRYS5893517,D,S,C,2024-10-09,1000000.00,3.923205,98.1953125
08:01:07,91282CLM1,TSRYS5893517,D,S,C,2024-10-09,1000000.00,3.923531,98.193359375
08:01:07,91282CLM1,TSRYS5893517,D,S,C,2024-10-09,1000000.00,3.915376,98.2421875
08:01:07,91282CLM1,TSRYS5893517,D,S,D,2024-10-09,1000000.00,3.922879,98.197265625
08:01:07,91282CLM1,TSRYS5893517,D,S,D,2024-10-09,1000000.00,3.91342,98.25390625
08:01:07,91282CLM1,TSRYS5893517,D,B,C,2024-10-09,1000000.00,3.91342,98.25390625
08:01:07,91282CLM1,TSRYS5893517,D,S,D,2024-10-09,2000000.00,3.919943,98.21484375
08:01:07,91282CLM1,TSRYS5893517,D,B,C,2024-10-09,2000000.00,3.919943,98.21484375
08:01:07,91282CLM1,TSRYS5893517,D,S,D,2024-10-09,1000000.00,3.919943,98.21484375
08:01:07,91282CLM1,TSRYS5893517,D,B,C,2024-10-09,1000000.00,3.919943,98.21484375
08:01:07,91282CLM1,TSRYS5893517,D,S,D,2024-10-09,1000000.00,3.920269,98.212890625
08:01:07,91282CLM1,TSRYS5893517,D,B,C,2024-10-09,1000000.00,3.920269,98.212890625
08:01:07,91282CLM1,TSRYS5893517,D,S,D,2024-10-09,1000000.00,3.916681,98.234375
08:01:08,91282CLM1,TSRYS5893517,D,S,D,2024-10-09,1000000.00,3.917659,98.228515625
08:01:08,91282CLM1,TSRYS5893517,D,B,C,2024-10-09,1000000.00,3.917659,98.228515625
08:01:08,91282CLM1,TSRYS5893517,D,S,C,2024-10-09,1000000.00,3.914398,98.248046875
08:01:08,91282CLM1,TSRYS5893517,D,B,C,2024-10-09,1000000.00,3.913746,98.251953125
08:01:08,91282CLM1,TSRYS5893517,D,S,D,2024-10-09,1000000.00,3.913746,98.251953125
08:01:08,91282CLM1,TSRYS5893517,D,S,D,2024-10-09,1000000.00,3.913746,98.251953125
08:01:08,91282CLM1,TSRYS5893517,D,B,C,2024-10-09,1000000.00,3.913746,98.251953125
08:01:08,91282CLM1,TSRYS5893517,D,S,D,2024-10-09,1000000.00,3.913746,98.251953125
08:01:08,91282CLM1,TSRYS5893517,D,B,C,2024-10-09,1000000.00,3.913746,98.251953125
08:01:08,91282CLM1,TSRYS5893517,D,S,D,2024-10-09,1000000.00,3.913746,98.251953125
08:01:08,91282CLM1,TSRYS5893517,D,B,C,2024-10-09,1000000.00,3.913746,98.251953125
08:01:08,91282CLM1,TSRYS5893517,D,S,D,2024-10-09,1000000.00,3.913746,98.251953125
08:01:08,91282CLM1,TSRYS5893517,D,B,C,2024-10-09,1000000.00,3.913746,98.251953125
08:01:08,91282CLM1,TSRYS5893517,D,B,C,2024-10-09,1000000.00,3.913746,98.251953125
08:01:08,91282CLM1,TSRYS5893517,D,S,D,2024-10-09,1000000.00,3.913746,98.251953125
08:01:08,91282CLM1,TSRYS5893517,D,S,D,2024-10-09,1000000.00,3.91342,98.25390625
08:01:08,91282CLM1,TSRYS5893517,D,B,C,2024-10-09,1000000.00,3.91342,98.25390625
08:01:08,91282CLM1,TSRYS5893517,D,S,C,2024-10-09,1000000.00,3.918311,98.224609375
08:01:08,91282CLM1,TSRYS5893517,D,S,C,2024-10-09,1000000.00,3.917985,98.2265625
08:01:08,91282CLM1,TSRYS5893517,D,S,C,2024-10-09,1000000.00,3.917985,98.2265625
08:01:08,91282CLM1,TSRYS5893517,D,S,C,2024-10-09,1000000.00,3.917985,98.2265625
08:01:08,91282CLM1,TSRYS5893517,D,S,D,2024-10-09,2000000.00,3.920269,98.212890625
08:01:08,91282CLM1,TSRYS5893517,D,S,D,2024-10-09,1000000.00,3.921247,98.20703125
08:01:08,91282CLM1,TSRYS5893517,D,S,D,2024-10-09,1000000.00,3.92451,98.1875
08:01:08,91282CLM1,TSRYS5893517,D,S,D,2024-10-09,1000000.00,3.920595,98.2109375
08:01:08,91282CLM1,TSRYS5893517,D,S,D,2024-10-09,1000000.00,3.918638,98.22265625
08:01:08,91282CLM1,TSRYS5893517,D,S,D,2024-10-09,1000000.00,3.916681,98.234375
08:01:08,91282CLM1,TSRYS5893517,D,S,D,2024-10-09,1000000.00,3.91929,98.21875
08:01:10,91282CLM1,TSRYS5893517,D,S,C,2024-10-09,1000000.00,3.916681,98.234375
08:01:10,91282CLM1,TSRYS5893517,D,S,T,2024-10-09,1000000.00,3.912784,98.2577125
08:01:10,91282CLM1,TSRYS5893517,D,S,T,2024-10-09,1000000.00,3.912784,98.2577125
08:01:10,91282CLM1,TSRYS5893517,D,S,T,2024-10-09,1000000.00,3.912784,98.2577125
08:01:10,91282CLM1,TSRYS5893517,D,B,C,2024-10-09,1000000.00,3.916681,98.234375
08:01:10,91282CLM1,TSRYS5893517,D,S,D,2024-10-09,1000000.00,3.916681,98.234375
08:01:10,91282CLM1,TSRYS5893517,D,S,T,2024-10-09,1000000.00,3.912805,98.2575875
08:01:10,91282CLM1,TSRYS5893517,D,S,C,2024-10-09,1000000.00,3.912441,98.259765625
08:01:10,91282CLM1,TSRYS5893517,D,B,C,2024-10-09,1000000.00,3.911463,98.265625
08:01:10,91282CLM1,TSRYS5893517,D,S,C,2024-10-09,1000000.00,3.911463,98.265625
08:01:11,91282CLM1,TSRYS5893517,D,S,D,2024-10-09,8000000.00,3.923978,98.1906855
08:01:11,91282CLM1,TSRYS5893517,D,B,C,2024-10-09,4000000.00,3.912951,98.2567125
08:01:12,91282CLM1,TSRYS5893517,D,S,C,2024-10-09,1000000.00,3.907551,98.2890625
08:01:12,91282CLM1,TSRYS5893517,D,S,T,2024-10-09,1000000.00,3.919312,98.21862
08:01:12,91282CLM1,TSRYS5893517,D,S,T,2024-10-09,1000000.00,3.919312,98.21862
08:01:13,91282CLM1,TSRYS5893517,D,S,C,2024-10-09,1000000.00,3.907225,98.291015625
08:01:13,91282CLM1,TSRYS5893517,D,S,T,2024-10-09,1000000.00,3.911463,98.265625
08:01:13,91282CLM1,TSRYS5893517,D,S,T,2024-10-09,1000000.00,3.911463,98.265625
08:01:13,91282CLM1,TSRYS5893517,D,S,T,2024-10-09,1000000.00,3.911463,98.265625
08:01:13,91282CLM1,TSRYS5893517,D,S,C,2024-10-09,1000000.00,3.90527,98.302734375
08:01:13,91282CLM1,TSRYS5893517,D,S,T,2024-10-09,1000000.00,3.911463,98.265625
08:01:13,91282CLM1,TSRYS5893517,D,S,T,2024-10-09,1000000.00,3.911463,98.265625
08:01:13,91282CLM1,TSRYS5893517,D,S,C,2024-10-09,1000000.00,3.905922,98.298828125
08:01:14,91282CLM1,TSRYS5893517,D,S,T,2024-10-09,1000000.00,3.914072,98.25
08:01:14,91282CLM1,TSRYS5893517,D,S,T,2024-10-09,1000000.00,3.914072,98.25
08:01:14,91282CLM1,TSRYS5893517,D,S,T,2024-10-09,1000000.00,3.914072,98.25
08:01:15,91282CLM1,TSRYS5893517,D,S,T,2024-10-09,2000000.00,3.914089,98.249898
08:01:15,91282CLM1,TSRYS5893517,D,S,C,2024-10-09,1000000.00,3.908855,98.28125
08:01:15,91282CLM1,TSRYS5893517,D,S,T,2024-10-09,1000000.00,3.924532,98.18737
08:01:15,91282CLM1,TSRYS5893517,D,S,T,2024-10-09,1000000.00,3.924532,98.18737
08:01:16,91282CLM1,TSRYS5893517,D,S,T,2024-10-09,2000000.00,3.923227,98.1951825
08:01:16,91282CLM1,TSRYS5893517,D,S,T,2024-10-09,1000000.00,3.923227,98.1951825
08:01:16,91282CLM1,TSRYS5893517,D,S,D,2024-10-09,1000000.00,3.925816,98.1796875
08:01:17,91282CLM1,TSRYS5893517,D,S,C,2024-10-09,1000000.00,3.932671,98.138671875
08:01:17,91282CLM1,TSRYS5893517,D,S,C,2024-10-09,1000000.00,3.932671,98.138671875
08:01:17,91282CLM1,TSRYS5893517,D,S,D,2024-10-09,1000000.00,3.933651,98.1328125
08:01:18,91282CLM1,TSRYS5893517,D,S,D,2024-10-09,1000000.00,3.934957,98.125
08:01:18,91282CLM1,TSRYS5893517,D,S,C,2024-10-09,1000000.00,3.914072,98.25
08:01:18,91282CLM1,TSRYS5893517,D,B,C,2024-10-09,1000000.00,3.914072,98.2498
08:01:18,91282CLM1,TSRYS5893517,D,B,C,2024-10-09,1000000.00,3.915376,98.2421875
08:01:18,91282CLM1,TSRYS5893517,D,S,C,2024-10-09,1000000.00,3.915376,98.2421875
08:01:18,91282CLM1,TSRYS5893517,D,S,T,2024-10-09,1000000.00,3.918638,98.22265625
08:01:19,91282CLM1,TSRYS5893517,D,S,C,2024-10-09,1000000.00,3.922879,98.197265625
08:01:19,91282CLM1,TSRYS5893517,D,S,C,2024-10-09,1000000.00,3.924184,98.189453125
08:01:19,91282CLM1,TSRYS5893517,D,S,C,2024-10-09,1000000.00,3.924184,98.189453125
08:01:19,91282CLM1,TSRYS5893517,D,S,C,2024-10-09,1000000.00,3.923858,98.19140625
08:01:20,91282CLM1,TSRYS5893517,D,S,D,2024-10-09,1000000.00,3.925816,98.1796875
08:01:20,91282CLM1,TSRYS5893517,D,S,D,2024-10-09,1000000.00,3.925816,98.1796875
08:01:22,91282CLM1,TSRYS5893517,D,S,D,2024-10-09,2000000.00,3.922553,98.19921875
08:01:22,91282CLM1,TSRYS5893517,D,S,D,2024-10-09,2000000.00,3.922553,98.19921875
08:01:22,91282CLM1,TSRYS5893517,D,S,D,2024-10-09,2000000.00,3.922553,98.19921875
08:01:22,91282CLM1,TSRYS5893517,D,S,D,2024-10-09,2000000.00,3.922879,98.197265625
08:01:22,91282CLM1,TSRYS5893517,D,S,D,2024-10-09,1000000.00,3.924184,98.189453125
08:01:22,91282CLM1,TSRYS5893517,D,S,D,2024-10-09,1000000.00,3.924184,98.189453125
08:01:22,91282CLM1,TSRYS5893517,D,S,D,2024-10-09,1000000.00,3.92451,98.1875
08:01:22,91282CLM1,TSRYS5893517,D,B,C,2024-10-09,1000000.00,3.92451,98.1875
08:01:22,91282CLM1,TSRYS5893517,D,S,D,2024-10-09,1000000.00,3.92451,98.1875
08:01:22,91282CLM1,TSRYS5893517,D,B,C,2024-10-09,1000000.00,3.92451,98.1875
08:01:22,91282CLM1,TSRYS5893517,D,S,D,2024-10-09,1000000.00,3.924837,98.185546875
08:01:22,91282CLM1,TSRYS5893517,D,B,C,2024-10-09,1000000.00,3.924837,98.185546875
08:01:22,91282CLM1,TSRYS5893517,D,S,D,2024-10-09,1000000.00,3.926142,98.177734375
08:01:22,91282CLM1,TSRYS5893517,D,B,C,2024-10-09,1000000.00,3.926142,98.177734375
08:01:22,91282CLM1,TSRYS5893517,D,S,D,2024-10-09,1000000.00,3.926142,98.177734375
08:01:22,91282CLM1,TSRYS5893517,D,B,C,2024-10-09,1000000.00,3.926142,98.177734375
08:01:23,91282CLM1,TSRYS5893517,D,S,D,2024-10-09,1000000.00,3.926142,98.177734375
08:01:23,91282CLM1,TSRYS5893517,D,B,C,2024-10-09,1000000.00,3.926142,98.177734375
08:01:23,91282CLM1,TSRYS5893517,D,S,D,2024-10-09,1000000.00,3.923531,98.193359375
08:01:23,91282CLM1,TSRYS5893517,D,B,C,2024-10-09,1000000.00,3.923531,98.193359375
08:01:24,91282CLM1,TSRYS5893517,D,B,C,2024-10-09,1000000.00,3.916681,98.234375
08:01:24,91282CLM1,TSRYS5893517,D,S,C,2024-10-09,1000000.00,3.916681,98.234575
08:01:24,91282CLM1,TSRYS5893517,D,S,C,2024-10-09,1000000.00,3.916681,98.234575
08:01:24,91282CLM1,TSRYS5893517,D,S,D,2024-10-09,1000000.00,3.913093,98.255859375
08:01:24,91282CLM1,TSRYS5893517,D,B,C,2024-10-09,1000000.00,3.913093,98.255859375
08:01:25,91282CLM1,TSRYS5893517,D,B,C,2024-10-09,1000000.00,3.914072,98.25
08:01:25,91282CLM1,TSRYS5893517,D,S,D,2024-10-09,1000000.00,3.914072,98.25
08:01:26,91282CLM1,TSRYS5893517,D,S,C,2024-10-09,1000000.00,3.916681,98.234375
08:01:27,91282CLM1,TSRYS5893517,D,B,C,2024-10-09,1000000.00,3.916681,98.234375
08:01:27,91282CLM1,TSRYS5893517,D,S,D,2024-10-09,1000000.00,3.916681,98.234375
08:01:29,91282CLM1,TSRYS5893517,D,S,D,2024-10-09,1000000.00,3.91929,98.21875
08:01:29,91282CLM1,TSRYS5893517,D,S,D,2024-10-09,1000000.00,3.91929,98.21875
08:01:29,91282CLM1,TSRYS5893517,D,S,T,2024-10-09,1000000.00,3.915398,98.2420575
08:01:29,91282CLM1,TSRYS5893517,D,S,T,2024-10-09,1000000.00,3.915398,98.2420575
08:01:29,91282CLM1,TSRYS5893517,D,S,T,2024-10-09,1000000.00,3.915398,98.2420575
08:01:30,91282CLM1,TSRYS5893517,D,S,T,2024-10-09,1000000.00,3.918007,98.2264325
08:01:31,91282CLM1,TSRYS5893517,D,S,D,2024-10-09,1000000.00,3.920269,98.212890625
08:01:31,91282CLM1,TSRYS5893517,D,S,C,2024-10-09,1000000.00,3.923205,98.1953125
08:01:31,91282CLM1,TSRYS5893517,D,B,C,2024-10-09,1000000.00,3.923205,98.1953125
08:01:31,91282CLM1,TSRYS5893517,D,S,C,2024-10-09,1000000.00,3.922879,98.197265625
08:01:31,91282CLM1,TSRYS5893517,D,S,C,2024-10-09,1000000.00,3.922879,98.197265625
08:01:31,91282CLM1,TSRYS5893517,D,S,T,2024-10-09,1000000.00,3.920617,98.2108075
08:01:32,91282CLM1,TSRYS5893517,D,S,C,2024-10-09,1000000.00,3.921574,98.205078125
08:01:32,91282CLM1,TSRYS5893517,D,S,T,2024-10-09,1000000.00,3.920617,98.2108075
08:01:32,91282CLM1,TSRYS5893517,D,S,C,2024-10-09,1000000.00,3.922879,98.197265625
08:01:32,91282CLM1,TSRYS5893517,D,S,C,2024-10-09,1000000.00,3.923205,98.1953125
08:01:33,91282CLM1,TSRYS5893517,D,S,C,2024-10-09,1400000.00,3.905596,98.30078125
08:01:34,91282CLM1,TSRYS5893517,D,B,C,2024-10-09,1000000.00,3.923531,98.193359375
08:01:34,91282CLM1,TSRYS5893517,D,S,D,2024-10-09,1000000.00,3.923531,98.193359375
08:01:34,91282CLM1,TSRYS5893517,D,S,C,2024-10-09,1000000.00,3.923858,98.19140625
08:01:34,91282CLM1,TSRYS5893517,D,S,D,2024-10-09,1000000.00,3.923531,98.193359375
08:01:34,91282CLM1,TSRYS5893517,D,S,D,2024-10-09,2000000.00,3.923531,98.193359375
08:01:34,91282CLM1,TSRYS5893517,D,B,C,2024-10-09,2000000.00,3.921247,98.20703125
08:01:34,91282CLM1,TSRYS5893517,D,S,D,2024-10-09,2000000.00,3.921247,98.20703125
08:01:34,91282CLM1,TSRYS5893517,D,B,C,2024-10-09,2000000.00,3.921247,98.20703125
08:01:34,91282CLM1,TSRYS5893517,D,S,D,2024-10-09,2000000.00,3.921247,98.20703125
08:01:34,91282CLM1,TSRYS5893517,D,B,C,2024-10-09,1000000.00,3.921247,98.20703125
08:01:34,91282CLM1,TSRYS5893517,D,S,D,2024-10-09,1000000.00,3.921247,98.20703125
08:01:34,91282CLM1,TSRYS5893517,D,S,D,2024-10-09,1000000.00,3.9219,98.203125
08:01:34,91282CLM1,TSRYS5893517,D,S,D,2024-10-09,1000000.00,3.9219,98.203125
08:01:35,91282CLM1,TSRYS5893517,D,S,C,2024-10-09,1000000.00,3.914072,98.25
08:01:35,91282CLM1,TSRYS5893517,D,B,C,2024-10-09,1000000.00,3.914072,98.25
08:01:38,91282CLM1,TSRYS5893517,D,S,D,2024-10-09,1000000.00,3.9219,98.203125
08:01:38,91282CLM1,TSRYS5893517,D,S,D,2024-10-09,1000000.00,3.9219,98.203125
08:01:38,91282CLM1,TSRYS5893517,D,S,D,2024-10-09,2000000.00,3.922226,98.201171875
08:01:38,91282CLM1,TSRYS5893517,D,S,D,2024-10-09,2000000.00,3.921574,98.205078125
08:01:38,91282CLM1,TSRYS5893517,D,S,D,2024-10-09,1000000.00,3.921574,98.205078125
08:01:38,91282CLM1,TSRYS5893517,D,S,D,2024-10-09,1000000.00,3.9219,98.203125
08:01:38,91282CLM1,TSRYS5893517,D,S,D,2024-10-09,1000000.00,3.9219,98.203125
08:01:38,91282CLM1,TSRYS5893517,D,S,D,2024-10-09,2000000.00,3.921574,98.205078125
08:01:38,91282CLM1,TSRYS5893517,D,B,C,2024-10-09,2000000.00,3.921574,98.205078125
08:01:38,91282CLM1,TSRYS5893517,D,S,D,2024-10-09,2000000.00,3.921574,98.205078125
08:01:38,91282CLM1,TSRYS5893517,D,S,D,2024-10-09,1000000.00,3.921574,98.205078125
08:01:38,91282CLM1,TSRYS5893517,D,S,D,2024-10-09,1000000.00,3.921574,98.205078125
08:01:38,91282CLM1,TSRYS5893517,D,S,D,2024-10-09,1000000.00,3.921574,98.205078125
08:01:38,91282CLM1,TSRYS5893517,D,S,D,2024-10-09,2000000.00,3.921574,98.205078125
08:01:38,91282CLM1,TSRYS5893517,D,S,D,2024-10-09,2000000.00,3.921574,98.205078125
08:01:38,91282CLM1,TSRYS5893517,D,S,D,2024-10-09,1000000.00,3.921574,98.205078125
08:01:38,91282CLM1,TSRYS5893517,D,S,D,2024-10-09,1000000.00,3.921574,98.205078125
08:01:38,91282CLM1,TSRYS5893517,D,S,D,2024-10-09,1000000.00,3.921574,98.205078125
08:01:38,91282CLM1,TSRYS5893517,D,S,D,2024-10-09,1000000.00,3.921574,98.205078125
08:01:38,91282CLM1,TSRYS5893517,D,S,D,2024-10-09,1000000.00,3.921574,98.205078125
08:01:38,91282CLM1,TSRYS5893517,D,S,D,2024-10-09,1000000.00,3.920921,98.208984375
08:01:38,91282CLM1,TSRYS5893517,D,S,D,2024-10-09,2000000.00,3.921247,98.20703125
08:01:38,91282CLM1,TSRYS5893517,D,S,D,2024-10-09,1000000.00,3.921247,98.20703125
08:01:38,91282CLM1,TSRYS5893517,D,S,D,2024-10-09,1000000.00,3.921574,98.205078125
08:01:39,91282CLM1,TSRYS5893517,D,S,D,2024-10-09,1000000.00,3.923205,98.1953125
08:01:39,91282CLM1,TSRYS5893517,D,B,C,2024-10-09,1000000.00,3.923205,98.1953125
08:01:39,91282CLM1,TSRYS5893517,D,S,C,2024-10-09,1000000.00,3.922879,98.197265625
08:01:39,91282CLM1,TSRYS5893517,D,S,D,2024-10-09,1000000.00,3.923205,98.1953125
08:01:39,91282CLM1,TSRYS5893517,D,B,C,2024-10-09,1000000.00,3.923205,98.1953125
08:01:39,91282CLM1,TSRYS5893517,D,S,D,2024-10-09,2000000.00,3.91929,98.21875
08:01:39,91282CLM1,TSRYS5893517,D,S,D,2024-10-09,1000000.00,3.916681,98.234375
08:01:39,91282CLM1,TSRYS5893517,D,B,C,2024-10-09,1000000.00,3.916681,98.234375
08:01:39,91282CLM1,TSRYS5893517,D,S,D,2024-10-09,1000000.00,3.916681,98.234375
08:01:39,91282CLM1,TSRYS5893517,D,B,C,2024-10-09,1000000.00,3.916681,98.234375
08:01:39,91282CLM1,TSRYS5893517,D,S,D,2024-10-09,10360000.00,3.933651,98.1328125
08:01:39,91282CLM1,TSRYS5893517,D,S,C,2024-10-09,2000000.00,3.917985,98.2265625
08:01:39,91282CLM1,TSRYS5893517,D,S,C,2024-10-09,1000000.00,3.917985,98.2265625
08:01:39,91282CLM1,TSRYS5893517,D,S,C,2024-10-09,1000000.00,3.916681,98.234375
08:01:41,91282CLM1,TSRYS5893517,D,S,C,2024-10-09,1000000.00,3.914072,98.25
08:01:41,91282CLM1,TSRYS5893517,D,S,D,2024-10-09,1000000.00,3.914072,98.25
08:01:41,91282CLM1,TSRYS5893517,D,B,C,2024-10-09,1000000.00,3.914072,98.25
08:01:41,91282CLM1,TSRYS5893517,D,S,T,2024-10-09,1000000.00,3.920617,98.2108075
08:01:41,91282CLM1,TSRYS5893517,D,S,T,2024-10-09,1000000.00,3.920617,98.2108075
08:01:42,91282CLM1,TSRYS5893517,D,S,T,2024-10-09,1000000.00,3.920617,98.2108075
08:01:42,91282CLM1,TSRYS5893517,D,S,T,2024-10-09,1000000.00,3.920617,98.2108075
08:01:42,91282CLM1,TSRYS5893517,D,S,T,2024-10-09,1000000.00,3.920617,98.2108075
08:01:42,91282CLM1,TSRYS5893517,D,S,A,2024-10-09,2526000.00,3.920595,98.2109375
08:01:42,91282CLM1,TSRYS5893517,D,S,D,2024-10-09,1000000.00,3.914398,98.248046875
08:01:42,91282CLM1,TSRYS5893517,D,B,C,2024-10-09,1000000.00,3.914398,98.248046875
08:01:43,91282CLM1,TSRYS5893517,D,S,C,2024-10-09,1000000.00,3.911789,98.263671875
08:01:44,91282CLM1,TSRYS5893517,D,S,D,2024-10-09,2000000.00,3.920269,98.212890625
08:01:44,91282CLM1,TSRYS5893517,D,S,D,2024-10-09,4000000.00,3.919943,98.21484375
08:01:44,91282CLM1,TSRYS5893517,D,B,C,2024-10-09,1000000.00,3.919943,98.21484375
08:01:44,91282CLM1,TSRYS5893517,D,S,D,2024-10-09,1000000.00,3.919943,98.21484375
08:01:44,91282CLM1,TSRYS5893517,D,S,D,2024-10-09,2000000.00,3.919943,98.21484375
08:01:44,91282CLM1,TSRYS5893517,D,S,D,2024-10-09,1000000.00,3.919943,98.21484375
08:01:45,91282CLM1,TSRYS5893517,D,S,D,2024-10-09,4000000.00,3.919943,98.21484375
08:01:45,91282CLM1,TSRYS5893517,D,S,D,2024-10-09,1000000.00,3.919943,98.21484375
08:01:45,91282CLM1,TSRYS5893517,D,B,C,2024-10-09,1000000.00,3.919943,98.21484375
08:01:45,91282CLM1,TSRYS5893517,D,S,D,2024-10-09,1000000.00,3.919943,98.21484375
08:01:45,91282CLM1,TSRYS5893517,D,S,D,2024-10-09,1000000.00,3.9219,98.203125
08:01:45,91282CLM1,TSRYS5893517,D,B,C,2024-10-09,1000000.00,3.9219,98.202925
08:01:45,91282CLM1,TSRYS5893517,D,B,C,2024-10-09,1000000.00,3.9219,98.203125
08:01:45,91282CLM1,TSRYS5893517,D,S,C,2024-10-09,1000000.00,3.9219,98.203125
08:01:45,91282CLM1,TSRYS5893517,D,S,D,2024-10-09,1000000.00,3.922879,98.197265625
08:01:45,91282CLM1,TSRYS5893517,D,S,D,2024-10-09,1000000.00,3.922879,98.197265625
08:01:45,91282CLM1,TSRYS5893517,D,S,C,2024-10-09,1000000.00,3.923205,98.1953125
08:01:45,91282CLM1,TSRYS5893517,D,S,D,2024-10-09,1000000.00,3.92451,98.1875
08:01:45,91282CLM1,TSRYS5893517,D,S,D,2024-10-09,2000000.00,3.923205,98.1953125
08:01:45,91282CLM1,TSRYS5893517,D,S,D,2024-10-09,1000000.00,3.920595,98.2109375
08:01:45,91282CLM1,TSRYS5893517,D,S,D,2024-10-09,1000000.00,3.920595,98.2109375
08:01:47,91282CLM1,TSRYS5893517,D,S,D,2024-10-09,1000000.00,3.918638,98.22265625
08:01:47,91282CLM1,TSRYS5893517,D,S,D,2024-10-09,1000000.00,3.91929,98.21875
08:01:47,91282CLM1,TSRYS5893517,D,S,D,2024-10-09,1000000.00,3.91929,98.21875
08:01:47,91282CLM1,TSRYS5893517,D,S,D,2024-10-09,1000000.00,3.91929,98.21875
08:01:47,91282CLM1,TSRYS5893517,D,S,D,2024-10-09,1000000.00,3.91929,98.21875
08:01:47,91282CLM1,TSRYS5893517,D,S,C,2024-10-09,1000000.00,3.921574,98.205078125
08:01:48,91282CLM1,TSRYS5893517,D,S,D,2024-10-09,1000000.00,3.922879,98.197265625
08:01:48,91282CLM1,TSRYS5893517,D,S,D,2024-10-09,1000000.00,3.922879,98.197265625
08:01:48,91282CLM1,TSRYS5893517,D,S,D,2024-10-09,1000000.00,3.922879,98.197265625
08:01:48,91282CLM1,TSRYS5893517,D,S,T,2024-10-09,1000000.00,3.923531,98.19335937
08:01:48,91282CLM1,TSRYS5893517,D,S,T,2024-10-09,2000000.00,3.923531,98.19335937
08:01:48,91282CLM1,TSRYS5893517,D,S,D,2024-10-09,1000000.00,3.920595,98.2109375
08:01:48,91282CLM1,TSRYS5893517,D,S,D,2024-10-09,1000000.00,3.920595,98.2109375
08:01:49,91282CLM1,TSRYS5893517,D,S,D,2024-10-09,1000000.00,3.925816,98.1796875
08:01:49,91282CLM1,TSRYS5893517,D,S,D,2024-10-09,1000000.00,3.925816,98.1796875
08:01:50,91282CLM1,TSRYS5893517,D,B,C,2024-10-09,1000000.00,3.925816,98.1796875
08:01:50,91282CLM1,TSRYS5893517,D,S,C,2024-10-09,1000000.00,3.925816,98.1796875
08:01:50,91282CLM1,TSRYS5893517,D,S,D,2024-10-09,595000.00,3.921247,98.20703125
08:01:50,91282CLM1,TSRYS5893517,D,S,D,2024-10-09,1000000.00,3.918638,98.22265625
08:01:50,91282CLM1,TSRYS5893517,D,S,D,2024-10-09,250000.00,3.932998,98.13671875
08:01:52,91282CLM1,TSRYS5893517,D,S,C,2024-10-09,1000000.00,3.932998,98.13671875
08:01:53,91282CLM1,TSRYS5893517,D,S,D,2024-10-09,50000000.00,3.921483,98.20562
08:01:53,91282CLM1,TSRYS5893517,D,S,D,2024-10-09,18000000.00,3.922395,98.20016
08:01:53,91282CLM1,TSRYS5893517,D,S,D,2024-10-09,1000000.00,3.916028,98.23828125
08:01:53,91282CLM1,TSRYS5893517,D,S,D,2024-10-09,1000000.00,3.934957,98.125
08:01:53,91282CLM1,TSRYS5893517,D,S,D,2024-10-09,1000000.00,3.934957,98.125
08:01:53,91282CLM1,TSRYS5893517,D,B,C,2024-10-09,1000000.00,3.934957,98.125
08:01:53,91282CLM1,TSRYS5893517,D,S,C,2024-10-09,1000000.00,3.934957,98.125
08:01:54,91282CLM1,TSRYS5893517,D,S,D,2024-10-09,1000000.00,3.916355,98.23632812
08:01:54,91282CLM1,TSRYS5893517,D,S,D,2024-10-09,1000000.00,3.916355,98.23632812
08:01:54,91282CLM1,TSRYS5893517,D,S,D,2024-10-09,1000000.00,3.916355,98.23632812
08:01:54,91282CLM1,TSRYS5893517,D,S,D,2024-10-09,1000000.00,3.916355,98.23632812
08:01:54,91282CLM1,TSRYS5893517,D,S,D,2024-10-09,1000000.00,3.916355,98.23632812
08:01:54,91282CLM1,TSRYS5893517,D,S,D,2024-10-09,1000000.00,3.916355,98.23632812
08:01:54,91282CLM1,TSRYS5893517,D,S,D,2024-10-09,1000000.00,3.916355,98.23632812
08:01:54,91282CLM1,TSRYS5893517,D,S,D,2024-10-09,1000000.00,3.916355,98.23632812
08:01:54,91282CLM1,TSRYS5893517,D,S,D,2024-10-09,1000000.00,3.916355,98.23632812
08:01:54,91282CLM1,TSRYS5893517,D,S,D,2024-10-09,1000000.00,3.916355,98.23632812
08:01:55,91282CLM1,TSRYS5893517,D,S,D,2024-10-09,1000000.00,3.918638,98.22265625
08:01:55,91282CLM1,TSRYS5893517,D,S,C,2024-10-09,1000000.00,3.918638,98.22265625
08:01:55,91282CLM1,TSRYS5893517,D,S,D,2024-10-09,1000000.00,3.918638,98.22265625
08:01:55,91282CLM1,TSRYS5893517,D,S,D,2024-10-09,1000000.00,3.918638,98.22265625
08:01:56,91282CLM1,TSRYS5893517,D,S,D,2024-10-09,1000000.00,3.918638,98.22265625
08:01:56,91282CLM1,TSRYS5893517,D,S,D,2024-10-09,1000000.00,3.916355,98.23632812
08:01:56,91282CLM1,TSRYS5893517,D,S,A,2024-10-09,39674600.00,3.933653,98.1328
08:01:57,91282CLM1,TSRYS5893517,D,S,D,2024-10-09,1000000.00,3.916355,98.23632812
08:01:58,91282CLM1,TSRYS5893517,D,S,D,2024-10-09,1000000.00,3.915376,98.2421875
08:01:59,91282CLM1,TSRYS5893517,D,S,C,2024-10-09,1000000.00,3.916639,98.234625
08:01:59,91282CLM1,TSRYS5893517,D,B,C,2024-10-09,1000000.00,3.91671,98.2342
08:01:59,91282CLM1,TSRYS5893517,D,S,C,2024-10-09,2000000.00,3.916656,98.234525
08:01:59,91282CLM1,TSRYS5893517,D,S,D,2024-10-09,1000000.00,3.916681,98.234375
08:01:59,91282CLM1,TSRYS5893517,D,S,C,2024-10-09,1000000.00,3.915376,98.2421875
08:01:59,91282CLM1,TSRYS5893517,D,S,D,2024-10-09,1000000.00,3.913746,98.25195312
08:02:00,91282CLM1,TSRYS5893517,D,S,C,2024-10-09,1000000.00,3.91403,98.25025
08:02:00,91282CLM1,TSRYS5893517,D,B,C,2024-10-09,1000000.00,3.914072,98.25
08:02:01,91282CLM1,TSRYS5893517,D,S,C,2024-10-09,1000000.00,3.911463,98.265625
08:02:01,91282CLM1,TSRYS5893517,D,S,D,2024-10-09,1000000.00,3.915376,98.2421875
08:02:01,91282CLM1,TSRYS5893517,D,S,D,2024-10-09,1000000.00,3.91929,98.21875
08:02:01,91282CLM1,TSRYS5893517,D,S,T,2024-10-09,1000000.00,3.916355,98.236328125
08:02:01,91282CLM1,TSRYS5893517,D,S,D,2024-10-09,1000000.00,3.909507,98.27734375
08:02:01,91282CLM1,TSRYS5893517,D,S,T,2024-10-09,1000000.00,3.926142,98.177734375
08:02:01,91282CLM1,TSRYS5893517,D,S,D,2024-10-09,1000000.00,3.92451,98.1875
08:02:01,91282CLM1,TSRYS5893517,D,S,T,2024-10-09,1000000.00,3.92451,98.1875
08:02:01,91282CLM1,TSRYS5893517,D,S,T,2024-10-09,2000000.00,3.922553,98.19921875
08:02:01,91282CLM1,TSRYS5893517,D,S,T,2024-10-09,2000000.00,3.922553,98.19921875
08:02:01,91282CLM1,TSRYS5893517,D,S,T,2024-10-09,2000000.00,3.922553,98.19921875
08:02:01,91282CLM1,TSRYS5893517,D,S,T,2024-10-09,2000000.00,3.922879,98.197265625
08:02:01,91282CLM1,TSRYS5893517,D,S,T,2024-10-09,1000000.00,3.922553,98.19921875
08:02:01,91282CLM1,TSRYS5893517,D,S,D,2024-10-09,1000000.00,3.917659,98.228515625
08:02:01,91282CLM1,TSRYS5893517,D,S,C,2024-10-09,1000000.00,3.91403,98.25025
08:02:01,91282CLM1,TSRYS5893517,D,S,C,2024-10-09,1000000.00,3.91403,98.25025
08:02:01,91282CLM1,TSRYS5893517,D,S,T,2024-10-09,1000000.00,3.916681,98.234375
08:02:01,91282CLM1,TSRYS5893517,D,S,T,2024-10-09,1000000.00,3.91929,98.21875
08:02:01,91282CLM1,TSRYS5893517,D,S,T,2024-10-09,1000000.00,3.91929,98.21875
08:02:01,91282CLM1,TSRYS5893517,D,S,T,2024-10-09,1000000.00,3.91929,98.21875
08:02:01,91282CLM1,TSRYS5893517,D,S,T,2024-10-09,1000000.00,3.9219,98.203125
08:02:01,91282CLM1,TSRYS5893517,D,S,T,2024-10-09,2000000.00,3.9219,98.203125
08:02:01,91282CLM1,TSRYS5893517,D,S,T,2024-10-09,1000000.00,3.920595,98.2109375
08:02:01,91282CLM1,TSRYS5893517,D,S,T,2024-10-09,1000000.00,3.9219,98.203125
08:02:01,91282CLM1,TSRYS5893517,D,S,T,2024-10-09,1000000.00,3.9219,98.203125
08:02:01,91282CLM1,TSRYS5893517,D,S,C,2024-10-09,1000000.00,3.915351,98.2423375
08:02:01,91282CLM1,TSRYS5893517,D,S,C,2024-10-09,1000000.00,3.915343,98.2423875
08:02:01,91282CLM1,TSRYS5893517,D,S,T,2024-10-09,1000000.00,3.921574,98.205078125
08:02:01,91282CLM1,TSRYS5893517,D,S,T,2024-10-09,1000000.00,3.921574,98.205078125
08:02:01,91282CLM1,TSRYS5893517,D,S,T,2024-10-09,1000000.00,3.921574,98.205078125
08:02:01,91282CLM1,TSRYS5893517,D,S,T,2024-10-09,1000000.00,3.921574,98.205078125
08:02:01,91282CLM1,TSRYS5893517,D,S,T,2024-10-09,1000000.00,3.921574,98.205078125
08:02:01,91282CLM1,TSRYS5893517,D,S,T,2024-10-09,1000000.00,3.917007,98.232421875
08:02:01,91282CLM1,TSRYS5893517,D,S,D,2024-10-09,990000.00,3.914724,98.24609375
08:02:01,91282CLM1,TSRYS5893517,D,S,C,2024-10-09,1000000.00,3.915351,98.2423375
08:02:01,91282CLM1,TSRYS5893517,D,S,T,2024-10-09,4000000.00,3.919943,98.21484375
08:02:01,91282CLM1,TSRYS5893517,D,S,T,2024-10-09,4000000.00,3.919943,98.21484375
08:02:01,91282CLM1,TSRYS5893517,D,S,T,2024-10-09,1000000.00,3.9219,98.203125
08:02:01,91282CLM1,TSRYS5893517,D,S,T,2024-10-09,1000000.00,3.92451,98.1875
08:02:01,91282CLM1,TSRYS5893517,D,S,D,2024-10-09,1000000.00,3.92451,98.1875
08:02:01,91282CLM1,TSRYS5893517,D,S,T,2024-10-09,2000000.00,3.919616,98.216796875
08:02:01,91282CLM1,TSRYS5893517,D,S,T,2024-10-09,1000000.00,3.919616,98.216796875
08:02:01,91282CLM1,TSRYS5893517,D,B,C,2024-10-09,1000000.00,3.916681,98.234375
08:02:01,91282CLM1,TSRYS5893517,D,S,T,2024-10-09,1000000.00,3.915376,98.2421875
08:02:02,91282CLM1,TSRYS5893517,D,S,D,2024-10-09,1000000.00,3.916028,98.23828125
08:02:02,91282CLM1,TSRYS5893517,D,S,C,2024-10-09,1000000.00,3.916639,98.234625
08:02:02,91282CLM1,TSRYS5893517,D,S,T,2024-10-09,1000000.00,3.917985,98.2265625
08:02:02,91282CLM1,TSRYS5893517,D,S,T,2024-10-09,1000000.00,3.917985,98.2265625
08:02:02,91282CLM1,TSRYS5893517,D,S,T,2024-10-09,1000000.00,3.917985,98.2265625
08:02:02,91282CLM1,TSRYS5893517,D,S,T,2024-10-09,1000000.00,3.91929,98.21875
08:02:02,91282CLM1,TSRYS5893517,D,S,T,2024-10-09,1000000.00,3.91929,98.21875
08:02:02,91282CLM1,TSRYS5893517,D,S,T,2024-10-09,1000000.00,3.91929,98.21875
08:02:02,91282CLM1,TSRYS5893517,D,S,T,2024-10-09,1000000.00,3.91929,98.21875
08:02:02,91282CLM1,TSRYS5893517,D,S,T,2024-10-09,1000000.00,3.916681,98.234375
08:02:02,91282CLM1,TSRYS5893517,D,S,T,2024-10-09,1000000.00,3.911463,98.265625
08:02:02,91282CLM1,TSRYS5893517,D,S,T,2024-10-09,1000000.00,3.908855,98.28125
08:02:02,91282CLM1,TSRYS5893517,D,S,T,2024-10-09,1000000.00,3.908855,98.28125
08:02:02,91282CLM1,TSRYS5893517,D,S,T,2024-10-09,1000000.00,3.907551,98.2890625
08:02:02,91282CLM1,TSRYS5893517,D,S,T,2024-10-09,1000000.00,3.906248,98.296875
08:02:02,91282CLM1,TSRYS5893517,D,S,T,2024-10-09,1000000.00,3.906248,98.296875
08:02:02,91282CLM1,TSRYS5893517,D,S,T,2024-10-09,1000000.00,3.906248,98.296875
08:02:02,91282CLM1,TSRYS5893517,D,S,T,2024-10-09,1000000.00,3.904944,98.3046875
08:02:02,91282CLM1,TSRYS5893517,D,S,T,2024-10-09,1000000.00,3.908855,98.28125
08:02:02,91282CLM1,TSRYS5893517,D,S,T,2024-10-09,1000000.00,3.910159,98.2734375
08:02:02,91282CLM1,TSRYS5893517,D,S,T,2024-10-09,1000000.00,3.907551,98.2890625
08:02:02,91282CLM1,TSRYS5893517,D,S,T,2024-10-09,1000000.00,3.907551,98.2890625
08:02:02,91282CLM1,TSRYS5893517,D,S,T,2024-10-09,2000000.00,3.907551,98.2890625
08:02:02,91282CLM1,TSRYS5893517,D,S,T,2024-10-09,1000000.00,3.907551,98.2890625
08:02:02,91282CLM1,TSRYS5893517,D,S,T,2024-10-09,1000000.00,3.912767,98.2578125
08:02:02,91282CLM1,TSRYS5893517,D,S,T,2024-10-09,1000000.00,3.912767,98.2578125
08:02:02,91282CLM1,TSRYS5893517,D,S,T,2024-10-09,1000000.00,3.914072,98.25
08:02:02,91282CLM1,TSRYS5893517,D,S,T,2024-10-09,1000000.00,3.915376,98.2421875
08:02:02,91282CLM1,TSRYS5893517,D,S,T,2024-10-09,1000000.00,3.915376,98.2421875
08:02:02,91282CLM1,TSRYS5893517,D,S,T,2024-10-09,1000000.00,3.92451,98.1875
08:02:02,91282CLM1,TSRYS5893517,D,S,T,2024-10-09,1000000.00,3.92451,98.1875
08:02:02,91282CLM1,TSRYS5893517,D,S,D,2024-10-09,2000000.00,3.916681,98.234375
08:02:02,91282CLM1,TSRYS5893517,D,S,T,2024-10-09,1000000.00,3.92451,98.1875
08:02:02,91282CLM1,TSRYS5893517,D,S,T,2024-10-09,2000000.00,3.927121,98.171875
08:02:02,91282CLM1,TSRYS5893517,D,S,T,2024-10-09,1000000.00,3.92451,98.1875
08:02:02,91282CLM1,TSRYS5893517,D,S,T,2024-10-09,1000000.00,3.923205,98.1953125
08:02:02,91282CLM1,TSRYS5893517,D,S,T,2024-10-09,1000000.00,3.923205,98.1953125
08:02:02,91282CLM1,TSRYS5893517,D,S,T,2024-10-09,1000000.00,3.923205,98.1953125
08:02:02,91282CLM1,TSRYS5893517,D,S,T,2024-10-09,1000000.00,3.923205,98.1953125
08:02:02,91282CLM1,TSRYS5893517,D,S,T,2024-10-09,1000000.00,3.92451,98.1875
08:02:02,91282CLM1,TSRYS5893517,D,S,T,2024-10-09,1000000.00,3.923205,98.1953125
08:02:02,91282CLM1,TSRYS5893517,D,S,T,2024-10-09,1000000.00,3.9219,98.203125
08:02:02,91282CLM1,TSRYS5893517,D,S,T,2024-10-09,2000000.00,3.91929,98.21875
08:02:02,91282CLM1,TSRYS5893517,D,S,D,2024-10-09,1000000.00,3.916355,98.23632812
08:02:02,91282CLM1,TSRYS5893517,D,S,C,2024-10-09,1000000.00,3.914022,98.2503
08:02:02,91282CLM1,TSRYS5893517,D,S,C,2024-10-09,1000000.00,3.914038,98.2502
08:02:02,91282CLM1,TSRYS5893517,D,S,C,2024-10-09,1000000.00,3.914072,98.25
08:02:02,91282CLM1,TSRYS5893517,D,S,D,2024-10-09,1000000.00,3.915376,98.2421875
08:02:02,91282CLM1,TSRYS5893517,D,S,C,2024-10-09,1000000.00,3.915334,98.2424375
08:02:02,91282CLM1,TSRYS5893517,D,S,D,2024-10-09,1000000.00,3.916355,98.23632812
08:02:02,91282CLM1,TSRYS5893517,D,S,T,2024-10-09,1000000.00,3.912767,98.2578125
08:02:02,91282CLM1,TSRYS5893517,D,S,T,2024-10-09,1000000.00,3.912767,98.2578125
08:02:02,91282CLM1,TSRYS5893517,D,S,T,2024-10-09,2000000.00,3.912767,98.2578125
08:02:02,91282CLM1,TSRYS5893517,D,S,T,2024-10-09,3000000.00,3.912767,98.2578125
08:02:02,91282CLM1,TSRYS5893517,D,S,C,2024-10-09,1000000.00,3.918638,98.22265625
08:02:02,91282CLM1,TSRYS5893517,D,S,C,2024-10-09,1000000.00,3.918638,98.22265625
08:02:03,91282CLM1,TSRYS5893517,D,S,T,2024-10-09,1000000.00,3.916681,98.234375
08:02:03,91282CLM1,TSRYS5893517,D,S,T,2024-10-09,1000000.00,3.916681,98.234375
08:02:03,91282CLM1,TSRYS5893517,D,S,T,2024-10-09,2000000.00,3.915376,98.2421875
08:02:03,91282CLM1,TSRYS5893517,D,S,C,2024-10-09,1000000.00,3.916647,98.234575
08:02:03,91282CLM1,TSRYS5893517,D,S,C,2024-10-09,1000000.00,3.916647,98.234575
08:02:03,91282CLM1,TSRYS5893517,D,S,T,2024-10-09,1000000.00,3.923205,98.1953125
08:02:03,91282CLM1,TSRYS5893517,D,S,T,2024-10-09,1000000.00,3.923205,98.1953125
08:02:03,91282CLM1,TSRYS5893517,D,S,T,2024-10-09,1000000.00,3.9219,98.203125
08:02:03,91282CLM1,TSRYS5893517,D,S,T,2024-10-09,1000000.00,3.923205,98.1953125
08:02:03,91282CLM1,TSRYS5893517,D,S,T,2024-10-09,1000000.00,3.923205,98.1953125
08:02:03,91282CLM1,TSRYS5893517,D,S,D,2024-10-09,1000000.00,3.915376,98.2421875
08:02:03,91282CLM1,TSRYS5893517,D,S,T,2024-10-09,1000000.00,3.923205,98.1953125
08:02:03,91282CLM1,TSRYS5893517,D,S,T,2024-10-09,1000000.00,3.9219,98.203125
08:02:03,91282CLM1,TSRYS5893517,D,S,D,2024-10-09,1000000.00,3.921247,98.20703125
08:02:03,91282CLM1,TSRYS5893517,D,S,D,2024-10-09,1000000.00,3.921247,98.20703125
08:02:03,91282CLM1,TSRYS5893517,D,S,D,2024-10-09,1000000.00,3.921247,98.20703125
08:02:03,91282CLM1,TSRYS5893517,D,S,C,2024-10-09,3000000.00,3.921247,98.20703125
08:02:04,91282CLM1,TSRYS5893517,D,S,C,2024-10-09,3000000.00,3.921247,98.20703125
08:02:04,91282CLM1,TSRYS5893517,D,S,C,2024-10-09,2000000.00,3.921247,98.20703125
08:02:04,91282CLM1,TSRYS5893517,D,S,C,2024-10-09,1000000.00,3.914072,98.25
08:02:04,91282CLM1,TSRYS5893517,D,B,C,2024-10-09,1000000.00,3.914072,98.25
08:02:04,91282CLM1,TSRYS5893517,D,S,T,2024-10-09,1000000.00,3.920595,98.2109375
08:02:04,91282CLM1,TSRYS5893517,D,S,T,2024-10-09,1000000.00,3.917985,98.2265625
08:02:04,91282CLM1,TSRYS5893517,D,S,T,2024-10-09,1000000.00,3.920595,98.2109375
08:02:04,91282CLM1,TSRYS5893517,D,S,T,2024-10-09,1000000.00,3.920595,98.2109375
08:02:04,91282CLM1,TSRYS5893517,D,S,T,2024-10-09,1000000.00,3.9219,98.203125
08:02:04,91282CLM1,TSRYS5893517,D,S,T,2024-10-09,1000000.00,3.920595,98.2109375
08:02:04,91282CLM1,TSRYS5893517,D,S,C,2024-10-09,3000000.00,3.922226,98.20117187
08:02:04,91282CLM1,TSRYS5893517,D,S,T,2024-10-09,1000000.00,3.916681,98.234375
08:02:04,91282CLM1,TSRYS5893517,D,S,T,2024-10-09,1000000.00,3.916681,98.234375
08:02:04,91282CLM1,TSRYS5893517,D,S,D,2024-10-09,1000000.00,3.914072,98.25
08:02:04,91282CLM1,TSRYS5893517,D,S,C,2024-10-09,1000000.00,3.914022,98.2503
08:02:04,91282CLM1,TSRYS5893517,D,B,C,2024-10-09,1000000.00,3.914072,98.25
08:02:04,91282CLM1,TSRYS5893517,D,S,C,2024-10-09,1000000.00,3.914072,98.25
08:02:04,91282CLM1,TSRYS5893517,D,S,D,2024-10-09,1000000.00,3.914072,98.25
08:02:04,91282CLM1,TSRYS5893517,D,S,C,2024-10-09,1000000.00,3.914022,98.2503
08:02:04,91282CLM1,TSRYS5893517,D,B,C,2024-10-09,1000000.00,3.914072,98.25
08:02:04,91282CLM1,TSRYS5893517,D,S,T,2024-10-09,1000000.00,3.917985,98.2265625
08:02:04,91282CLM1,TSRYS5893517,D,S,T,2024-10-09,1000000.00,3.923205,98.1953125
08:02:04,91282CLM1,TSRYS5893517,D,S,T,2024-10-09,1000000.00,3.920595,98.2109375
08:02:04,91282CLM1,TSRYS5893517,D,S,T,2024-10-09,1000000.00,3.922879,98.19726562
08:02:04,91282CLM1,TSRYS5893517,D,S,T,2024-10-09,1000000.00,3.91929,98.21875
08:02:04,91282CLM1,TSRYS5893517,D,S,T,2024-10-09,1000000.00,3.914072,98.25
08:02:04,91282CLM1,TSRYS5893517,D,S,T,2024-10-09,1000000.00,3.914072,98.25
08:02:04,91282CLM1,TSRYS5893517,D,S,T,2024-10-09,1000000.00,3.914072,98.25
08:02:04,91282CLM1,TSRYS5893517,D,S,T,2024-10-09,1000000.00,3.92451,98.1875
08:02:04,91282CLM1,TSRYS5893517,D,S,T,2024-10-09,1000000.00,3.92451,98.1875
08:02:04,91282CLM1,TSRYS5893517,D,S,T,2024-10-09,1000000.00,3.92451,98.1875
08:02:04,91282CLM1,TSRYS5893517,D,S,T,2024-10-09,1000000.00,3.92451,98.1875
08:02:04,91282CLM1,TSRYS5893517,D,S,T,2024-10-09,1000000.00,3.91929,98.21875
08:02:04,91282CLM1,TSRYS5893517,D,S,T,2024-10-09,1000000.00,3.91929,98.21875
08:02:04,91282CLM1,TSRYS5893517,D,S,T,2024-10-09,1000000.00,3.925816,98.1796875
08:02:04,91282CLM1,TSRYS5893517,D,S,T,2024-10-09,1000000.00,3.928427,98.1640625
08:02:04,91282CLM1,TSRYS5893517,D,S,T,2024-10-09,1000000.00,3.931039,98.1484375
08:02:04,91282CLM1,TSRYS5893517,D,S,T,2024-10-09,1000000.00,3.932344,98.140625
08:02:04,91282CLM1,TSRYS5893517,D,S,D,2024-10-09,1000000.00,3.923531,98.19335937
08:02:04,91282CLM1,TSRYS5893517,D,S,C,2024-10-09,1000000.00,3.923531,98.19335937
08:02:05,91282CLM1,TSRYS5893517,D,S,D,2024-10-09,1000000.00,3.920595,98.2109375
08:02:05,91282CLM1,TSRYS5893517,D,S,C,2024-10-09,1000000.00,3.920595,98.2109375
08:02:05,91282CLM1,TSRYS5893517,D,S,T,2024-10-09,1000000.00,3.920595,98.2109375
08:02:05,91282CLM1,TSRYS5893517,D,S,T,2024-10-09,1000000.00,3.920595,98.2109375
08:02:05,91282CLM1,TSRYS5893517,D,S,C,2024-10-09,1000000.00,3.921247,98.20703125
08:02:05,91282CLM1,TSRYS5893517,D,S,C,2024-10-09,2000000.00,3.921247,98.20703125
08:02:07,91282CLM1,TSRYS5893517,D,S,C,2024-10-09,1000000.00,3.916355,98.23632812
08:02:07,91282CLM1,TSRYS5893517,D,S,D,2024-10-09,1000000.00,3.916355,98.23632812
08:02:08,91282CLM1,TSRYS5893517,D,S,D,2024-10-09,1000000.00,3.916681,98.234375
08:02:08,91282CLM1,TSRYS5893517,D,S,D,2024-10-09,1000000.00,3.916681,98.234375
08:02:08,91282CLM1,TSRYS5893517,D,S,D,2024-10-09,1000000.00,3.918638,98.22265625
08:02:08,91282CLM1,TSRYS5893517,D,S,D,2024-10-09,1000000.00,3.918638,98.22265625
08:02:08,91282CLM1,TSRYS5893517,D,S,T,2024-10-09,1000000.00,3.918638,98.22265625
08:02:08,91282CLM1,TSRYS5893517,D,S,D,2024-10-09,1000000.00,3.91929,98.21875
08:02:08,91282CLM1,TSRYS5893517,D,S,T,2024-10-09,1000000.00,3.91929,98.21875
08:02:08,91282CLM1,TSRYS5893517,D,S,D,2024-10-09,1000000.00,3.91929,98.21875
08:02:08,91282CLM1,TSRYS5893517,D,S,T,2024-10-09,1000000.00,3.91929,98.21875
08:02:08,91282CLM1,TSRYS5893517,D,S,T,2024-10-09,1000000.00,3.91929,98.21875
08:02:08,91282CLM1,TSRYS5893517,D,S,D,2024-10-09,1000000.00,3.91929,98.21875
08:02:08,91282CLM1,TSRYS5893517,D,S,C,2024-10-09,3000000.00,3.91929,98.21875
08:02:09,91282CLM1,TSRYS5893517,D,S,C,2024-10-09,3000000.00,3.91929,98.21875
08:02:09,91282CLM1,TSRYS5893517,D,S,T,2024-10-09,1000000.00,3.91929,98.21875
08:02:09,91282CLM1,TSRYS5893517,D,S,T,2024-10-09,1000000.00,3.919323,98.21855
08:02:09,91282CLM1,TSRYS5893517,D,S,D,2024-10-09,3000000.00,3.919616,98.21679687
08:02:09,91282CLM1,TSRYS5893517,D,S,D,2024-10-09,1000000.00,3.919616,98.21679687
08:02:09,91282CLM1,TSRYS5893517,D,S,D,2024-10-09,2000000.00,3.919616,98.21679687
08:02:09,91282CLM1,TSRYS5893517,D,S,D,2024-10-09,1000000.00,3.919616,98.21679687
08:02:09,91282CLM1,TSRYS5893517,D,S,T,2024-10-09,1000000.00,3.921574,98.20507812
08:02:09,91282CLM1,TSRYS5893517,D,S,C,2024-10-09,1000000.00,3.921574,98.20507812
08:02:09,91282CLM1,TSRYS5893517,D,S,D,2024-10-09,1000000.00,3.921574,98.20507812
08:02:09,91282CLM1,TSRYS5893517,D,S,T,2024-10-09,1000000.00,3.922879,98.19726562
08:02:09,91282CLM1,TSRYS5893517,D,S,C,2024-10-09,3000000.00,3.922879,98.19726562
08:02:09,91282CLM1,TSRYS5893517,D,S,C,2024-10-09,3000000.00,3.922879,98.19726562
08:02:09,91282CLM1,TSRYS5893517,D,S,T,2024-10-09,1000000.00,3.922879,98.19726562
08:02:09,91282CLM1,TSRYS5893517,D,S,T,2024-10-09,1000000.00,3.922879,98.19726562
08:02:10,91282CLM1,TSRYS5893517,D,S,D,2024-10-09,2000000.00,3.926142,98.17773437
08:02:10,91282CLM1,TSRYS5893517,D,S,C,2024-10-09,1000000.00,3.926142,98.17773437
08:02:10,91282CLM1,TSRYS5893517,D,S,D,2024-10-09,1000000.00,3.925816,98.1796875
08:02:10,91282CLM1,TSRYS5893517,D,S,T,2024-10-09,1000000.00,3.925816,98.1796875
08:02:10,91282CLM1,TSRYS5893517,D,S,T,2024-10-09,1000000.00,3.925849,98.1794875
08:02:10,91282CLM1,TSRYS5893517,D,S,D,2024-10-09,1000000.00,3.925816,98.1796875
08:02:10,91282CLM1,TSRYS5893517,D,S,D,2024-10-09,2000000.00,3.925816,98.1796875
08:02:10,91282CLM1,TSRYS5893517,D,S,T,2024-10-09,1000000.00,3.925816,98.1796875
08:02:10,91282CLM1,TSRYS5893517,D,S,C,2024-10-09,1000000.00,3.925816,98.1796875
08:02:11,91282CLM1,TSRYS5893517,D,S,D,2024-10-09,1000000.00,3.926469,98.17578125
08:02:11,91282CLM1,TSRYS5893517,D,S,D,2024-10-09,1000000.00,3.926469,98.17578125
08:02:11,91282CLM1,TSRYS5893517,D,S,D,2024-10-09,1000000.00,3.926469,98.17578125
08:02:14,91282CLM1,TSRYS5893517,D,S,T,2024-10-09,1000000.00,3.932382,98.1404
08:02:16,91282CLM1,TSRYS5893517,D,S,D,2024-10-09,1000000.00,3.932998,98.13671875
08:02:18,91282CLM1,TSRYS5893517,D,S,T,2024-10-09,1000000.00,3.934957,98.125
08:02:18,91282CLM1,TSRYS5893517,D,S,D,2024-10-09,2000000.00,3.934957,98.125
08:02:18,91282CLM1,TSRYS5893517,D,S,D,2024-10-09,1000000.00,3.934957,98.125
08:02:18,91282CLM1,TSRYS5893517,D,S,T,2024-10-09,1000000.00,3.934957,98.125
08:02:18,91282CLM1,TSRYS5893517,D,S,D,2024-10-09,2000000.00,3.934957,98.125
08:02:18,91282CLM1,TSRYS5893517,D,S,C,2024-10-09,1000000.00,3.915347,98.2423625
08:02:18,91282CLM1,TSRYS5893517,D,B,C,2024-10-09,1000000.00,3.915376,98.2421875
08:02:18,91282CLM1,TSRYS5893517,D,S,C,2024-10-09,1000000.00,3.915376,98.2421875
08:02:18,91282CLM1,TSRYS5893517,D,B,C,2024-10-09,1000000.00,3.915376,98.2421875
08:02:19,91282CLM1,TSRYS5893517,D,S,C,2024-10-09,1000000.00,3.916639,98.234625
08:02:19,91282CLM1,TSRYS5893517,D,S,C,2024-10-09,1000000.00,3.916681,98.234375
08:02:19,91282CLM1,TSRYS5893517,D,S,A,2024-10-09,1000000.00,3.914072,98.25
08:02:19,91282CLM1,TSRYS5893517,D,S,A,2024-10-09,1000000.00,3.914072,98.25
08:02:19,91282CLM1,TSRYS5893517,D,B,C,2024-10-09,1000000.00,3.915401,98.2420375
08:02:19,91282CLM1,TSRYS5893517,D,S,C,2024-10-09,1000000.00,3.915376,98.2421875
08:02:19,91282CLM1,TSRYS5893517,D,B,C,2024-10-09,1000000.00,3.915401,98.2420375
08:02:19,91282CLM1,TSRYS5893517,D,S,C,2024-10-09,1000000.00,3.915334,98.2424375
08:02:20,91282CLM1,TSRYS5893517,D,B,C,2024-10-09,1000000.00,3.915376,98.2421875
08:02:20,91282CLM1,TSRYS5893517,D,S,C,2024-10-09,1000000.00,3.915326,98.2424875
08:02:20,91282CLM1,TSRYS5893517,D,S,C,2024-10-09,1000000.00,3.915326,98.2424875
08:02:20,91282CLM1,TSRYS5893517,D,S,D,2024-10-09,1000000.00,3.915376,98.2421875
08:02:21,91282CLM1,TSRYS5893517,D,S,C,2024-10-09,1000000.00,3.915376,98.2421875
08:02:21,91282CLM1,TSRYS5893517,D,S,C,2024-10-09,1000000.00,3.915343,98.2423875
08:02:21,91282CLM1,TSRYS5893517,D,S,C,2024-10-09,1000000.00,3.915343,98.2423875
08:02:21,91282CLM1,TSRYS5893517,D,S,D,2024-10-09,1000000.00,3.915376,98.2421875
08:02:21,91282CLM1,TSRYS5893517,D,S,C,2024-10-09,10000000.00,3.908203,98.28515625
08:02:21,91282CLM1,TSRYS5893517,D,S,C,2024-10-09,1000000.00,3.915326,98.2424875
08:02:21,91282CLM1,TSRYS5893517,D,S,C,2024-10-09,1800000.00,3.920595,98.2109375
08:02:22,91282CLM1,TSRYS5893517,D,S,C,2024-10-09,1000000.00,3.916651,98.23455
08:02:22,91282CLM1,TSRYS5893517,D,B,C,2024-10-09,1000000.00,3.916706,98.234225
08:02:22,91282CLM1,TSRYS5893517,D,S,C,2024-10-09,1000000.00,3.916631,98.234675
08:02:22,91282CLM1,TSRYS5893517,D,B,C,2024-10-09,1000000.00,3.916706,98.234225
08:02:22,91282CLM1,TSRYS5893517,D,S,A,2024-10-09,220000.00,3.91929,98.21875
08:02:22,91282CLM1,TSRYS5893517,D,S,D,2024-10-09,7000000.00,3.920072,98.21407
08:02:22,91282CLM1,TSRYS5893517,D,B,C,2024-10-09,150MM+,3.92451,98.1875
08:02:22,91282CLM1,TSRYS5893517,D,S,D,2024-10-09,150MM+,3.92451,98.1875
08:02:22,91282CLM1,TSRYS5893517,D,S,D,2024-10-09,1109000.00,3.928295,98.164852506
08:02:22,91282CLM1,TSRYS5893517,D,S,C,2024-10-09,250000.00,3.934957,98.125
08:02:22,91282CLM1,TSRYS5893517,D,S,D,2024-10-09,1000000.00,3.917985,98.2265625
08:02:22,91282CLM1,TSRYS5893517,D,S,C,2024-10-09,1000000.00,3.91796,98.2267125
08:02:22,91282CLM1,TSRYS5893517,D,S,C,2024-10-09,1000000.00,3.917935,98.2268625
08:02:23,91282CLM1,TSRYS5893517,D,S,C,2024-10-09,1000000.00,3.917952,98.2267645
08:02:26,91282CLM1,TSRYS5893517,D,S,C,2024-10-09,1000000.00,3.91924,98.21905
08:02:26,91282CLM1,TSRYS5893517,D,S,C,2024-10-09,1000000.00,3.919265,98.2189
08:02:26,91282CLM1,TSRYS5893517,D,S,C,2024-10-09,1000000.00,3.919261,98.218925
08:02:26,91282CLM1,TSRYS5893517,D,S,C,2024-10-09,1000000.00,3.919248,98.219
08:02:27,91282CLM1,TSRYS5893517,D,B,C,2024-10-09,1000000.00,3.917985,98.2265625
08:02:27,91282CLM1,TSRYS5893517,D,S,D,2024-10-09,1000000.00,3.917985,98.2265625
08:02:28,91282CLM1,TSRYS5893517,D,S,C,2024-10-09,1000000.00,3.915376,98.2421875
08:02:28,91282CLM1,TSRYS5893517,D,S,D,2024-10-09,1000000.00,3.916681,98.234375
08:02:28,91282CLM1,TSRYS5893517,D,B,C,2024-10-09,1000000.00,3.916722,98.234125
08:02:29,91282CLM1,TSRYS5893517,D,S,C,2024-10-09,1000000.00,3.915376,98.2421875
08:02:29,91282CLM1,TSRYS5893517,D,B,C,2024-10-09,1000000.00,3.915393,98.2420875
08:02:29,91282CLM1,TSRYS5893517,D,S,D,2024-10-09,1000000.00,3.916681,98.234375
08:02:29,91282CLM1,TSRYS5893517,D,B,C,2024-10-09,1000000.00,3.916681,98.234375
08:02:29,91282CLM1,TSRYS5893517,D,S,C,2024-10-09,1000000.00,3.916631,98.234675
08:02:29,91282CLM1,TSRYS5893517,D,S,C,2024-10-09,1000000.00,3.916656,98.234525
08:02:29,91282CLM1,TSRYS5893517,D,S,C,2024-10-09,1000000.00,3.916647,98.234575
08:02:29,91282CLM1,TSRYS5893517,D,S,C,2024-10-09,1000000.00,3.916656,98.234525
08:02:29,91282CLM1,TSRYS5893517,D,B,C,2024-10-09,1000000.00,3.916681,98.234375
08:02:29,91282CLM1,TSRYS5893517,D,S,C,2024-10-09,1000000.00,3.916651,98.23455
08:02:29,91282CLM1,TSRYS5893517,D,S,D,2024-10-09,1000000.00,3.916681,98.234375
08:02:29,91282CLM1,TSRYS5893517,D,B,C,2024-10-09,1000000.00,3.915376,98.2421875
08:02:29,91282CLM1,TSRYS5893517,D,S,D,2024-10-09,1000000.00,3.915376,98.2421875
08:02:30,91282CLM1,TSRYS5893517,D,S,C,2024-10-09,1000000.00,3.912767,98.2578125
08:02:30,91282CLM1,TSRYS5893517,D,S,D,2024-10-09,1000000.00,3.911463,98.265625
08:02:30,91282CLM1,TSRYS5893517,D,S,D,2024-10-09,1000000.00,3.911463,98.265625
08:02:30,91282CLM1,TSRYS5893517,D,S,C,2024-10-09,3000000.00,3.91143,98.265825
08:02:30,91282CLM1,TSRYS5893517,D,B,C,2024-10-09,1000000.00,3.911488,98.265475
08:02:30,91282CLM1,TSRYS5893517,D,S,C,2024-10-09,1000000.00,3.911421,98.265875
08:02:31,91282CLM1,TSRYS5893517,D,S,D,2024-10-09,1000000.00,3.910137,98.2735675
08:02:31,91282CLM1,TSRYS5893517,D,B,C,2024-10-09,1000000.00,3.910159,98.2734375
08:02:31,91282CLM1,TSRYS5893517,D,S,D,2024-10-09,1000000.00,3.908834,98.28138
08:02:31,91282CLM1,TSRYS5893517,D,S,D,2024-10-09,1000000.00,3.908834,98.28138
08:02:31,91282CLM1,TSRYS5893517,D,B,C,2024-10-09,1000000.00,3.908855,98.28125
08:02:31,91282CLM1,TSRYS5893517,D,S,D,2024-10-09,1000000.00,3.908834,98.28138
08:02:31,91282CLM1,TSRYS5893517,D,S,D,2024-10-09,1000000.00,3.908834,98.28138
08:02:31,91282CLM1,TSRYS5893517,D,B,C,2024-10-09,1000000.00,3.907551,98.2890625
08:02:31,91282CLM1,TSRYS5893517,D,S,D,2024-10-09,1000000.00,3.90753,98.2891925
08:02:32,91282CLM1,TSRYS5893517,D,S,D,2024-10-09,1000000.00,3.90753,98.2891925
08:02:32,91282CLM1,TSRYS5893517,D,S,D,2024-10-09,1000000.00,3.90753,98.2891925
08:02:32,91282CLM1,TSRYS5893517,D,S,D,2024-10-09,1000000.00,3.90753,98.2891925
08:02:32,91282CLM1,TSRYS5893517,D,S,D,2024-10-09,1000000.00,3.90753,98.2891925
08:02:32,91282CLM1,TSRYS5893517,D,S,D,2024-10-09,1000000.00,3.90753,98.2891925
08:02:32,91282CLM1,TSRYS5893517,D,S,D,2024-10-09,1000000.00,3.90753,98.2891925
08:02:32,91282CLM1,TSRYS5893517,D,S,D,2024-10-09,1000000.00,3.90753,98.2891925
08:02:32,91282CLM1,TSRYS5893517,D,S,C,2024-10-09,1000000.00,3.907551,98.2890625
08:02:32,91282CLM1,TSRYS5893517,D,B,C,2024-10-09,1000000.00,3.907576,98.2889125
08:02:33,91282CLM1,TSRYS5893517,D,S,D,2024-10-09,1000000.00,3.906248,98.296875
08:02:33,91282CLM1,TSRYS5893517,D,S,D,2024-10-09,1000000.00,3.906248,98.296875
08:02:33,91282CLM1,TSRYS5893517,D,S,D,2024-10-09,1000000.00,3.906248,98.296875
08:02:33,91282CLM1,TSRYS5893517,D,B,C,2024-10-09,1000000.00,3.906281,98.296675
08:02:33,91282CLM1,TSRYS5893517,D,B,C,2024-10-09,1000000.00,3.906273,98.296725
08:02:33,91282CLM1,TSRYS5893517,D,S,D,2024-10-09,1000000.00,3.906248,98.296875
08:02:33,91282CLM1,TSRYS5893517,D,S,D,2024-10-09,1000000.00,3.906248,98.296875
08:02:33,91282CLM1,TSRYS5893517,D,B,C,2024-10-09,1000000.00,3.906273,98.296725
08:02:34,91282CLM1,TSRYS5893517,D,S,D,2024-10-09,1000000.00,3.906226,98.297005
08:02:34,91282CLM1,TSRYS5893517,D,S,D,2024-10-09,1000000.00,3.906226,98.297005
08:02:34,91282CLM1,TSRYS5893517,D,B,C,2024-10-09,2000000.00,3.906248,98.296875
08:02:34,91282CLM1,TSRYS5893517,D,S,D,2024-10-09,1000000.00,3.906226,98.297005
08:02:34,91282CLM1,TSRYS5893517,D,B,C,2024-10-09,1000000.00,3.906273,98.296725
08:02:34,91282CLM1,TSRYS5893517,D,S,D,2024-10-09,2000000.00,3.906226,98.297005
08:02:34,91282CLM1,TSRYS5893517,D,B,C,2024-10-09,1000000.00,3.906273,98.296725
08:02:34,91282CLM1,TSRYS5893517,D,B,C,2024-10-09,1000000.00,3.906281,98.296675
08:02:34,91282CLM1,TSRYS5893517,D,S,D,2024-10-09,1000000.00,3.906226,98.297005
08:02:34,91282CLM1,TSRYS5893517,D,S,C,2024-10-09,1000000.00,3.907526,98.2892145
08:02:34,91282CLM1,TSRYS5893517,D,B,C,2024-10-09,1000000.00,3.907576,98.2889125
08:02:36,91282CLM1,TSRYS5893517,D,S,C,2024-10-09,1000000.00,3.903641,98.3125
08:02:36,91282CLM1,TSRYS5893517,D,S,C,2024-10-09,1000000.00,3.904919,98.3048375
08:02:36,91282CLM1,TSRYS5893517,D,S,C,2024-10-09,1000000.00,3.904919,98.3048375
08:02:36,91282CLM1,TSRYS5893517,D,S,D,2024-10-09,1000000.00,3.904944,98.3046875
08:02:36,91282CLM1,TSRYS5893517,D,S,C,2024-10-09,1000000.00,3.904944,98.3046875
08:02:37,91282CLM1,TSRYS5893517,D,S,D,2024-10-09,1000000.00,3.903641,98.3125
08:02:37,91282CLM1,TSRYS5893517,D,S,C,2024-10-09,1000000.00,3.904902,98.3049375
08:02:37,91282CLM1,TSRYS5893517,D,B,C,2024-10-09,1000000.00,3.906273,98.296725
08:02:37,91282CLM1,TSRYS5893517,D,S,C,2024-10-09,1000000.00,3.906206,98.297125
08:02:37,91282CLM1,TSRYS5893517,D,B,C,2024-10-09,1000000.00,3.906248,98.296875
08:02:37,91282CLM1,TSRYS5893517,D,B,C,2024-10-09,1000000.00,3.906248,98.296875
08:02:38,91282CLM1,TSRYS5893517,D,B,C,2024-10-09,3000000.00,3.906248,98.296875
08:02:38,91282CLM1,TSRYS5893517,D,S,C,2024-10-09,1000000.00,3.906214,98.297075
08:02:38,91282CLM1,TSRYS5893517,D,S,C,2024-10-09,3000000.00,3.906218,98.29705
08:02:38,91282CLM1,TSRYS5893517,D,S,D,2024-10-09,1000000.00,3.906248,98.296875
08:02:38,91282CLM1,TSRYS5893517,D,S,C,2024-10-09,1000000.00,3.907501,98.2893625
08:02:38,91282CLM1,TSRYS5893517,D,B,C,2024-10-09,1000000.00,3.907576,98.2889125
08:02:38,91282CLM1,TSRYS5893517,D,S,D,2024-10-09,1000000.00,3.907551,98.2890625
08:02:38,91282CLM1,TSRYS5893517,D,B,C,2024-10-09,1000000.00,3.907576,98.2889125
08:02:38,91282CLM1,TSRYS5893517,D,S,C,2024-10-09,1000000.00,3.908813,98.2815
08:02:38,91282CLM1,TSRYS5893517,D,B,C,2024-10-09,1000000.00,3.90888,98.2811
08:02:39,91282CLM1,TSRYS5893517,D,S,C,2024-10-09,22000000.00,3.908817,98.281477
08:02:39,91282CLM1,TSRYS5893517,D,B,C,2024-10-09,3000000.00,3.908897,98.281
08:02:39,91282CLM1,TSRYS5893517,D,S,C,2024-10-09,3000000.00,3.908817,98.281477
08:02:39,91282CLM1,TSRYS5893517,D,B,C,2024-10-09,22000000.00,3.908889,98.28105
08:02:39,91282CLM1,TSRYS5893517,D,S,D,2024-10-09,1000000.00,3.908834,98.28138
08:02:39,91282CLM1,TSRYS5893517,D,S,D,2024-10-09,1000000.00,3.908834,98.28138
08:02:39,91282CLM1,TSRYS5893517,D,S,D,2024-10-09,1000000.00,3.908834,98.28138
08:02:39,91282CLM1,TSRYS5893517,D,B,C,2024-10-09,1000000.00,3.908855,98.28125
08:02:39,91282CLM1,TSRYS5893517,D,B,C,2024-10-09,1000000.00,3.908855,98.28125
08:02:39,91282CLM1,TSRYS5893517,D,S,D,2024-10-09,1000000.00,3.908834,98.28138
08:02:39,91282CLM1,TSRYS5893517,D,S,D,2024-10-09,1000000.00,3.908834,98.28138
08:02:39,91282CLM1,TSRYS5893517,D,S,D,2024-10-09,1000000.00,3.908834,98.28138
08:02:39,91282CLM1,TSRYS5893517,D,S,D,2024-10-09,1000000.00,3.910159,98.2734375
08:02:39,91282CLM1,TSRYS5893517,D,B,C,2024-10-09,1000000.00,3.910159,98.2734375
08:02:39,91282CLM1,TSRYS5893517,D,S,C,2024-10-09,1000000.00,3.910134,98.2735895
08:02:39,91282CLM1,TSRYS5893517,D,S,D,2024-10-09,1000000.00,3.908855,98.28125
08:02:40,91282CLM1,TSRYS5893517,D,B,C,2024-10-09,1000000.00,3.908855,98.28125
08:02:40,91282CLM1,TSRYS5893517,D,S,C,2024-10-09,1000000.00,3.907514,98.2892895
08:02:40,91282CLM1,TSRYS5893517,D,S,D,2024-10-09,1000000.00,3.90753,98.2891925
08:02:40,91282CLM1,TSRYS5893517,D,S,D,2024-10-09,1000000.00,3.90753,98.2891925
08:02:40,91282CLM1,TSRYS5893517,D,S,C,2024-10-09,1000000.00,3.906248,98.296875
08:02:40,91282CLM1,TSRYS5893517,D,S,D,2024-10-09,1000000.00,3.906248,98.296875
08:02:40,91282CLM1,TSRYS5893517,D,B,C,2024-10-09,1000000.00,3.906286,98.296648
08:02:40,91282CLM1,TSRYS5893517,D,B,C,2024-10-09,1000000.00,3.906286,98.296648
08:02:40,91282CLM1,TSRYS5893517,D,S,D,2024-10-09,1000000.00,3.906248,98.296875
08:02:40,91282CLM1,TSRYS5893517,D,S,C,2024-10-09,1000000.00,3.907551,98.2890625
08:02:40,91282CLM1,TSRYS5893517,D,S,C,2024-10-09,1000000.00,3.90751,98.2893125
08:02:40,91282CLM1,TSRYS5893517,D,S,C,2024-10-09,1000000.00,3.907501,98.2893625
08:02:41,91282CLM1,TSRYS5893517,D,S,C,2024-10-09,1000000.00,3.907501,98.2893625
08:02:41,91282CLM1,TSRYS5893517,D,S,C,2024-10-09,1000000.00,3.907518,98.2892625
08:02:41,91282CLM1,TSRYS5893517,D,S,C,2024-10-09,1000000.00,3.907514,98.2892895
08:02:41,91282CLM1,TSRYS5893517,D,B,C,2024-10-09,1000000.00,3.907551,98.2890625
08:02:41,91282CLM1,TSRYS5893517,D,S,C,2024-10-09,1000000.00,3.907514,98.2892895
08:02:41,91282CLM1,TSRYS5893517,D,S,C,2024-10-09,2000000.00,3.907514,98.2892895
08:02:41,91282CLM1,TSRYS5893517,D,S,C,2024-10-09,1000000.00,3.907514,98.2892895
08:02:42,91282CLM1,TSRYS5893517,D,S,D,2024-10-09,1000000.00,3.910159,98.2734375
08:02:42,91282CLM1,TSRYS5893517,D,B,C,2024-10-09,1000000.00,3.910159,98.2734375
08:02:43,91282CLM1,TSRYS5893517,D,B,C,2024-10-09,1000000.00,3.910184,98.2732875
08:02:43,91282CLM1,TSRYS5893517,D,B,C,2024-10-09,1000000.00,3.910184,98.2732875
08:02:43,91282CLM1,TSRYS5893517,D,S,D,2024-10-09,1000000.00,3.910159,98.2734375
08:02:43,91282CLM1,TSRYS5893517,D,S,D,2024-10-09,1000000.00,3.910159,98.2734375
08:02:43,91282CLM1,TSRYS5893517,D,B,C,2024-10-09,2000000.00,3.908884,98.281075
08:02:43,91282CLM1,TSRYS5893517,D,B,C,2024-10-09,1000000.00,3.908884,98.281075
08:02:43,91282CLM1,TSRYS5893517,D,S,C,2024-10-09,1000000.00,3.908822,98.28145
08:02:43,91282CLM1,TSRYS5893517,D,S,C,2024-10-09,2000000.00,3.908822,98.28145
08:02:44,91282CLM1,TSRYS5893517,D,S,T,2024-10-09,1000000.00,3.931691,98.14453125
08:02:44,91282CLM1,TSRYS5893517,D,S,D,2024-10-09,1000000.00,3.908855,98.28125
08:02:44,91282CLM1,TSRYS5893517,D,B,C,2024-10-09,1000000.00,3.908855,98.28125
08:02:44,91282CLM1,TSRYS5893517,D,S,D,2024-10-09,1000000.00,3.908855,98.28125
08:02:44,91282CLM1,TSRYS5893517,D,S,C,2024-10-09,1000000.00,3.910159,98.2734375
08:02:44,91282CLM1,TSRYS5893517,D,B,C,2024-10-09,1000000.00,3.908905,98.28095
08:02:44,91282CLM1,TSRYS5893517,D,B,C,2024-10-09,1000000.00,3.910176,98.2733375
08:02:47,91282CLM1,TSRYS5893517,D,S,C,2024-10-09,1000000.00,3.908855,98.28125
08:02:47,91282CLM1,TSRYS5893517,D,S,C,2024-10-09,1000000.00,3.908813,98.2815
08:02:47,91282CLM1,TSRYS5893517,D,B,C,2024-10-09,1000000.00,3.908855,98.28125
08:02:48,91282CLM1,TSRYS5893517,D,S,C,2024-10-09,1000000.00,3.910126,98.2736375
08:02:48,91282CLM1,TSRYS5893517,D,S,D,2024-10-09,1000000.00,3.9219,98.203125
08:02:48,91282CLM1,TSRYS5893517,D,S,C,2024-10-09,1000000.00,3.910159,98.2734375
08:02:48,91282CLM1,TSRYS5893517,D,S,C,2024-10-09,1000000.00,3.910159,98.2734375
08:02:48,91282CLM1,TSRYS5893517,D,S,D,2024-10-09,1000000.00,3.911442,98.265755
08:02:48,91282CLM1,TSRYS5893517,D,S,C,2024-10-09,1000000.00,3.910126,98.2736375
08:02:48,91282CLM1,TSRYS5893517,D,S,C,2024-10-09,1000000.00,3.91143,98.265825
08:02:48,91282CLM1,TSRYS5893517,D,B,C,2024-10-09,1000000.00,3.911463,98.265625
08:02:49,91282CLM1,TSRYS5893517,D,S,D,2024-10-09,1000000.00,3.912746,98.2579425
08:02:49,91282CLM1,TSRYS5893517,D,S,C,2024-10-09,1000000.00,3.912742,98.2579625
08:02:49,91282CLM1,TSRYS5893517,D,S,C,2024-10-09,1000000.00,3.912742,98.2579625
08:02:49,91282CLM1,TSRYS5893517,D,S,C,2024-10-09,1000000.00,3.914038,98.2502
08:02:50,91282CLM1,TSRYS5893517,D,S,D,2024-10-09,1000000.00,3.914072,98.25
08:02:50,91282CLM1,TSRYS5893517,D,S,C,2024-10-09,1000000.00,3.914038,98.2502
08:02:50,91282CLM1,TSRYS5893517,D,S,D,2024-10-09,1000000.00,3.912767,98.2578125
08:02:51,91282CLM1,TSRYS5893517,D,B,C,2024-10-09,150MM+,,98.1875
08:02:51,91282CLM1,TSRYS5893517,D,S,D,2024-10-09,1000000.00,3.914072,98.25
08:02:51,91282CLM1,TSRYS5893517,D,S,C,2024-10-09,1000000.00,3.914072,98.25
08:02:52,91282CLM1,TSRYS5893517,D,S,C,2024-10-09,1000000.00,3.915326,98.2424875
08:02:52,91282CLM1,TSRYS5893517,D,S,C,2024-10-09,1000000.00,3.915334,98.2424375
08:02:52,91282CLM1,TSRYS5893517,D,B,C,2024-10-09,1000000.00,3.915376,98.2421875
08:02:52,91282CLM1,TSRYS5893517,D,B,C,2024-10-09,1000000.00,3.915376,98.2421875
08:02:52,91282CLM1,TSRYS5893517,D,S,C,2024-10-09,1000000.00,3.915376,98.2421875
08:02:52,91282CLM1,TSRYS5893517,D,S,D,2024-10-09,1000000.00,3.915354,98.2423175
08:02:52,91282CLM1,TSRYS5893517,D,S,D,2024-10-09,1000000.00,3.91405,98.25013
08:02:52,91282CLM1,TSRYS5893517,D,B,C,2024-10-09,1000000.00,3.914113,98.24975
08:02:53,91282CLM1,TSRYS5893517,D,S,C,2024-10-09,1000000.00,3.91403,98.25025
08:02:53,91282CLM1,TSRYS5893517,D,B,C,2024-10-09,1000000.00,3.914097,98.24985
08:02:53,91282CLM1,TSRYS5893517,D,S,C,2024-10-09,1000000.00,3.914047,98.25015
08:02:53,91282CLM1,TSRYS5893517,D,B,C,2024-10-09,1000000.00,3.914072,98.25
08:02:53,91282CLM1,TSRYS5893517,D,B,C,2024-10-09,1000000.00,3.914072,98.25
08:02:53,91282CLM1,TSRYS5893517,D,S,D,2024-10-09,1000000.00,3.914072,98.25
08:02:54,91282CLM1,TSRYS5893517,D,S,D,2024-10-09,1000000.00,3.914072,98.25
08:02:54,91282CLM1,TSRYS5893517,D,B,C,2024-10-09,1000000.00,3.914072,98.25
08:02:54,91282CLM1,TSRYS5893517,D,S,D,2024-10-09,1000000.00,3.915376,98.2421875
08:02:54,91282CLM1,TSRYS5893517,D,B,C,2024-10-09,1000000.00,3.914072,98.25
08:02:54,91282CLM1,TSRYS5893517,D,S,C,2024-10-09,1000000.00,3.915359,98.2422875
08:02:54,91282CLM1,TSRYS5893517,D,S,C,2024-10-09,1000000.00,3.914072,98.25
08:02:54,91282CLM1,TSRYS5893517,D,S,C,2024-10-09,1000000.00,3.915326,98.2424875
08:02:55,91282CLM1,TSRYS5893517,D,S,C,2024-10-09,1000000.00,3.915376,98.2421875
08:02:55,91282CLM1,TSRYS5893517,D,B,C,2024-10-09,1000000.00,3.914101,98.249825
08:02:55,91282CLM1,TSRYS5893517,D,S,D,2024-10-09,1000000.00,3.914072,98.25
08:02:55,91282CLM1,TSRYS5893517,D,S,D,2024-10-09,1000000.00,3.914072,98.25
08:02:55,91282CLM1,TSRYS5893517,D,B,C,2024-10-09,1000000.00,3.914101,98.249825
08:02:56,91282CLM1,TSRYS5893517,D,B,C,2024-10-09,1000000.00,3.916706,98.234225
08:02:56,91282CLM1,TSRYS5893517,D,S,C,2024-10-09,1000000.00,3.916631,98.234675
08:02:57,91282CLM1,TSRYS5893517,D,S,A,2024-10-09,500000.00,3.932344,98.140625
08:02:57,91282CLM1,TSRYS5893517,D,S,C,2024-10-09,1000000.00,3.91929,98.21875
08:02:57,91282CLM1,TSRYS5893517,D,B,C,2024-10-09,1000000.00,3.91929,98.21875
08:02:57,91282CLM1,TSRYS5893517,D,B,C,2024-10-09,1000000.00,3.91929,98.21875
08:02:57,91282CLM1,TSRYS5893517,D,S,C,2024-10-09,1000000.00,3.919257,98.21895
08:02:57,91282CLM1,TSRYS5893517,D,B,C,2024-10-09,1000000.00,3.91929,98.21875
08:02:57,91282CLM1,TSRYS5893517,D,S,C,2024-10-09,1000000.00,3.91929,98.21875
08:02:57,91282CLM1,TSRYS5893517,D,B,C,2024-10-09,1000000.00,3.920612,98.2108375
08:02:57,91282CLM1,TSRYS5893517,D,S,D,2024-10-09,1000000.00,3.920595,98.2109375
08:02:58,91282CLM1,TSRYS5893517,D,B,C,2024-10-09,1000000.00,3.921917,98.203025
08:02:58,91282CLM1,TSRYS5893517,D,S,C,2024-10-09,1000000.00,3.921871,98.2033
08:02:58,91282CLM1,TSRYS5893517,D,S,D,2024-10-09,1000000.00,3.9219,98.203125
08:02:58,91282CLM1,TSRYS5893517,D,B,C,2024-10-09,1000000.00,3.921917,98.203025
08:02:59,91282CLM1,TSRYS5893517,D,S,C,2024-10-09,1000000.00,3.92446,98.1878
08:02:59,91282CLM1,TSRYS5893517,D,S,C,2024-10-09,1000000.00,3.924485,98.18765
08:03:01,91282CLM1,TSRYS5893517,D,S,C,2024-10-09,1000000.00,3.923205,98.1953125
08:03:01,91282CLM1,TSRYS5893517,D,B,C,2024-10-09,1000000.00,3.923205,98.1953125
08:03:01,91282CLM1,TSRYS5893517,D,S,C,2024-10-09,2000000.00,3.927096,98.172025
08:03:01,91282CLM1,TSRYS5893517,D,B,C,2024-10-09,2000000.00,3.927121,98.171875
08:03:01,91282CLM1,TSRYS5893517,D,S,D,2024-10-09,1000000.00,3.931039,98.1484375
08:03:01,91282CLM1,TSRYS5893517,D,S,D,2024-10-09,1000000.00,3.92451,98.1875
08:03:02,91282CLM1,TSRYS5893517,D,S,D,2024-10-09,1000000.00,3.925816,98.1796875
08:03:02,91282CLM1,TSRYS5893517,D,S,D,2024-10-09,1000000.00,3.925816,98.1796875
08:03:03,91282CLM1,TSRYS5893517,D,S,D,2024-10-09,1000000.00,3.928427,98.1640625
08:03:03,91282CLM1,TSRYS5893517,D,B,C,2024-10-09,1000000.00,3.928427,98.1640625
08:03:03,91282CLM1,TSRYS5893517,D,B,C,2024-10-09,1000000.00,3.925849,98.1794875
08:03:03,91282CLM1,TSRYS5893517,D,S,D,2024-10-09,1000000.00,3.925816,98.1796875
08:03:03,91282CLM1,TSRYS5893517,D,S,C,2024-10-09,1000000.00,3.92451,98.1875
08:03:03,91282CLM1,TSRYS5893517,D,B,C,2024-10-09,1000000.00,3.928452,98.1639125
08:03:03,91282CLM1,TSRYS5893517,D,B,C,2024-10-09,1000000.00,3.928452,98.1639125
08:03:03,91282CLM1,TSRYS5893517,D,B,C,2024-10-09,2000000.00,3.927121,98.171875
