tradeTime,cusip,issueSymbolIdentifier,priceType,reportingSideCode,contraPartyTypeCode,tradeDate,reportedTradeVolume,lastSaleYield,lastSalePrice
08:00:02,91282CLJ8,TSRYS5875649,D,S,D,2024-09-13,1000000.00,3.534021,101.3203125
08:00:02,91282CLJ8,TSRYS5875649,D,S,T,2024-09-13,1000000.00,3.528321,101.35546875
08:00:02,91282CLJ8,TSRYS5875649,D,S,T,2024-09-13,1000000.00,3.528321,101.35546875
08:00:02,91282CLJ8,TSRYS5875649,D,S,T,2024-09-13,1000000.00,3.528321,101.35546875
08:00:02,91282CLJ8,TSRYS5875649,D,S,T,2024-09-13,1000000.00,3.533071,101.326171875
08:00:03,91282CLJ8,TSRYS5875649,D,S,T,2024-09-13,1000000.00,3.526105,101.369140625
08:00:03,91282CLJ8,TSRYS5875649,D,S,T,2024-09-13,1000000.00,3.528321,101.35546875
08:00:03,91282CLJ8,TSRYS5875649,D,S,T,2024-09-13,1000000.00,3.526105,101.369140625
08:00:03,91282CLJ8,TSRYS5875649,D,S,T,2024-09-13,2000000.00,3.526105,101.369140625
08:00:03,91282CLJ8,TSRYS5875649,D,S,D,2024-09-13,1000000.00,3.522306,101.392578125
08:00:03,91282CLJ8,TSRYS5875649,D,S,D,2024-09-13,2000000.00,3.526105,101.369140625
08:00:03,91282CLJ8,TSRYS5875649,D,S,D,2024-09-13,1000000.00,3.526105,101.369140625
08:00:03,91282CLJ8,TSRYS5875649,D,S,D,2024-09-13,2000000.00,3.526105,101.369140625
08:00:03,91282CLJ8,TSRYS5875649,D,S,D,2024-09-13,1000000.00,3.526105,101.369140625
08:00:03,91282CLJ8,TSRYS5875649,D,S,D,2024-09-13,1000000.00,3.526105,101.369140625
08:00:03,91282CLJ8,TSRYS5875649,D,S,T,2024-09-13,1000000.00,3.51756,101.421875
08:00:03,91282CLJ8,TSRYS5875649,D,S,D,2024-09-13,1000000.00,3.534971,101.314453125
08:00:03,91282CLJ8,TSRYS5875649,D,S,T,2024-09-13,1000000.00,3.535288,101.3125
08:00:03,91282CLJ8,TSRYS5875649,D,S,D,2024-09-13,1000000.00,3.519142,101.412109375
08:00:03,91282CLJ8,TSRYS5875649,D,S,D,2024-09-13,1000000.00,3.523889,101.3828125
08:00:03,91282CLJ8,TSRYS5875649,D,S,D,2024-09-13,1000000.00,3.523889,101.3828125
08:00:03,91282CLJ8,TSRYS5875649,D,S,D,2024-09-13,1000000.00,3.523889,101.3828125
08:00:03,91282CLJ8,TSRYS5875649,D,S,D,2024-09-13,1000000.00,3.527371,101.361328125
08:00:03,91282CLJ8,TSRYS5875649,D,S,D,2024-09-13,2000000.00,3.526105,101.369140625
08:00:03,91282CLJ8,TSRYS5875649,D,S,D,2024-09-13,1000000.00,3.526105,101.369140625
08:00:03,91282CLJ8,TSRYS5875649,D,S,D,2024-09-13,1000000.00,3.526105,101.369140625
08:00:03,91282CLJ8,TSRYS5875649,D,S,D,2024-09-13,2000000.00,3.526421,101.3671875
08:00:03,91282CLJ8,TSRYS5875649,D,S,D,2024-09-13,1000000.00,3.528637,101.353515625
08:00:03,91282CLJ8,TSRYS5875649,D,S,D,2024-09-13,1000000.00,3.521357,101.3984375
08:00:03,91282CLJ8,TSRYS5875649,D,S,T,2024-09-13,1000000.00,3.526738,101.365234375
08:00:03,91282CLJ8,TSRYS5875649,D,S,T,2024-09-13,1000000.00,3.526105,101.369140625
08:00:03,91282CLJ8,TSRYS5875649,D,S,D,2024-09-13,1000000.00,3.526105,101.369140625
08:00:03,91282CLJ8,TSRYS5875649,D,S,T,2024-09-13,1000000.00,3.533704,101.322265625
08:00:03,91282CLJ8,TSRYS5875649,D,S,T,2024-09-13,1000000.00,3.531804,101.333984375
08:00:03,91282CLJ8,TSRYS5875649,D,S,D,2024-09-13,1000000.00,3.530221,101.34375
08:00:03,91282CLJ8,TSRYS5875649,D,S,D,2024-09-13,1000000.00,3.526421,101.3671875
08:00:03,91282CLJ8,TSRYS5875649,D,S,D,2024-09-13,2000000.00,3.523889,101.3828125
08:00:03,91282CLJ8,TSRYS5875649,D,S,D,2024-09-13,1000000.00,3.530854,101.33984375
08:00:03,91282CLJ8,TSRYS5875649,D,S,D,2024-09-13,1000000.00,3.530854,101.33984375
08:00:03,91282CLJ8,TSRYS5875649,D,S,T,2024-09-13,1000000.00,3.530854,101.33984375
08:00:03,91282CLJ8,TSRYS5875649,D,S,D,2024-09-13,1000000.00,3.530854,101.33984375
08:00:03,91282CLJ8,TSRYS5875649,D,S,D,2024-09-13,1000000.00,3.530854,101.33984375
08:00:03,91282CLJ8,TSRYS5875649,D,S,D,2024-09-13,1000000.00,3.531487,101.3359375
08:00:03,91282CLJ8,TSRYS5875649,D,S,T,2024-09-13,1000000.00,3.533387,101.32421875
08:00:08,91282CLJ8,TSRYS5875649,D,S,T,2024-09-13,1000000.00,3.525155,101.375
08:00:08,91282CLJ8,TSRYS5875649,D,S,T,2024-09-13,1000000.00,3.525155,101.375
08:00:08,91282CLJ8,TSRYS5875649,D,S,T,2024-09-13,1000000.00,3.525155,101.375
08:00:08,91282CLJ8,TSRYS5875649,D,S,T,2024-09-13,1000000.00,3.525155,101.375
08:00:08,91282CLJ8,TSRYS5875649,D,S,T,2024-09-13,1000000.00,3.523889,101.3828125
08:00:08,91282CLJ8,TSRYS5875649,D,S,T,2024-09-13,1000000.00,3.523889,101.3828125
08:00:08,91282CLJ8,TSRYS5875649,D,S,T,2024-09-13,1000000.00,3.523889,101.3828125
08:00:08,91282CLJ8,TSRYS5875649,D,S,T,2024-09-13,1000000.00,3.523889,101.3828125
08:00:08,91282CLJ8,TSRYS5875649,D,S,T,2024-09-13,1000000.00,3.523889,101.3828125
08:00:08,91282CLJ8,TSRYS5875649,D,S,T,2024-09-13,2000000.00,3.523889,101.3828125
08:00:08,91282CLJ8,TSRYS5875649,D,S,T,2024-09-13,2000000.00,3.523889,101.3828125
08:00:08,91282CLJ8,TSRYS5875649,D,S,T,2024-09-13,1000000.00,3.523889,101.3828125
08:00:08,91282CLJ8,TSRYS5875649,D,S,T,2024-09-13,1000000.00,3.522623,101.390625
08:00:08,91282CLJ8,TSRYS5875649,D,S,T,2024-09-13,1000000.00,3.522623,101.390625
08:00:08,91282CLJ8,TSRYS5875649,D,S,T,2024-09-13,1000000.00,3.522623,101.390625
08:00:08,91282CLJ8,TSRYS5875649,D,S,T,2024-09-13,1000000.00,3.522623,101.390625
08:00:08,91282CLJ8,TSRYS5875649,D,S,T,2024-09-13,1000000.00,3.522623,101.390625
08:00:09,91282CLJ8,TSRYS5875649,D,S,T,2024-09-13,1000000.00,3.523889,101.3828125
08:00:09,91282CLJ8,TSRYS5875649,D,S,T,2024-09-13,1000000.00,3.523889,101.3828125
08:00:09,91282CLJ8,TSRYS5875649,D,S,T,2024-09-13,1000000.00,3.523889,101.3828125
08:00:09,91282CLJ8,TSRYS5875649,D,S,T,2024-09-13,2000000.00,3.527687,101.359375
08:00:10,91282CLJ8,TSRYS5875649,D,B,C,2024-09-13,2832000.00,3.530221,101.34375
08:00:10,91282CLJ8,TSRYS5875649,D,S,D,2024-09-13,1000000.00,3.528954,101.3515625
08:00:10,91282CLJ8,TSRYS5875649,D,S,D,2024-09-13,1000000.00,3.528954,101.3515625
08:00:10,91282CLJ8,TSRYS5875649,D,S,T,2024-09-13,1000000.00,3.528954,101.3515625
08:00:11,91282CLJ8,TSRYS5875649,D,S,T,2024-09-13,1000000.00,3.528954,101.3515625
08:00:12,91282CLJ8,TSRYS5875649,D,S,T,2024-09-13,1000000.00,3.526421,101.3671875
08:00:12,91282CLJ8,TSRYS5875649,D,S,T,2024-09-13,1000000.00,3.530221,101.34375
08:00:12,91282CLJ8,TSRYS5875649,D,S,T,2024-09-13,1000000.00,3.530221,101.34375
08:00:12,91282CLJ8,TSRYS5875649,D,S,T,2024-09-13,1000000.00,3.52104,101.400390625
08:00:12,91282CLJ8,TSRYS5875649,D,S,T,2024-09-13,1000000.00,3.52104,101.400390625
08:00:12,91282CLJ8,TSRYS5875649,D,S,T,2024-09-13,1000000.00,3.520724,101.40234375
08:00:12,91282CLJ8,TSRYS5875649,D,S,T,2024-09-13,1000000.00,3.515029,101.4375
08:00:12,91282CLJ8,TSRYS5875649,D,S,T,2024-09-13,6000000.00,3.50491,101.5
08:00:12,91282CLJ8,TSRYS5875649,D,S,T,2024-09-13,1000000.00,3.515978,101.431640625
08:00:12,91282CLJ8,TSRYS5875649,D,S,T,2024-09-13,1000000.00,3.514396,101.44140625
08:00:12,91282CLJ8,TSRYS5875649,D,S,T,2024-09-13,1000000.00,3.514396,101.44140625
08:00:12,91282CLJ8,TSRYS5875649,D,S,T,2024-09-13,1000000.00,3.514396,101.44140625
08:00:12,91282CLJ8,TSRYS5875649,D,S,T,2024-09-13,1000000.00,3.520091,101.40625
08:00:12,91282CLJ8,TSRYS5875649,D,S,T,2024-09-13,1000000.00,3.51756,101.421875
08:00:12,91282CLJ8,TSRYS5875649,D,S,T,2024-09-13,1000000.00,3.51756,101.421875
08:00:12,91282CLJ8,TSRYS5875649,D,S,T,2024-09-13,1000000.00,3.528954,101.3515625
08:00:12,91282CLJ8,TSRYS5875649,D,S,D,2024-09-13,1000000.00,3.527371,101.361328125
08:00:12,91282CLJ8,TSRYS5875649,D,S,T,2024-09-13,1000000.00,3.527371,101.361328125
08:00:12,91282CLJ8,TSRYS5875649,D,S,T,2024-09-13,1000000.00,3.528954,101.3515625
08:00:12,91282CLJ8,TSRYS5875649,D,S,D,2024-09-13,1000000.00,3.531171,101.337890625
08:00:12,91282CLJ8,TSRYS5875649,D,S,T,2024-09-13,1000000.00,3.531171,101.337890625
08:00:12,91282CLJ8,TSRYS5875649,D,S,T,2024-09-13,1000000.00,3.525155,101.375
08:00:12,91282CLJ8,TSRYS5875649,D,S,T,2024-09-13,1000000.00,3.525155,101.375
08:00:12,91282CLJ8,TSRYS5875649,D,S,T,2024-09-13,1000000.00,3.525155,101.375
08:00:12,91282CLJ8,TSRYS5875649,D,S,T,2024-09-13,1000000.00,3.525155,101.375
08:00:12,91282CLJ8,TSRYS5875649,D,S,T,2024-09-13,1000000.00,3.525155,101.375
08:00:12,91282CLJ8,TSRYS5875649,D,S,T,2024-09-13,1000000.00,3.524522,101.37890625
08:00:12,91282CLJ8,TSRYS5875649,D,S,T,2024-09-13,1000000.00,3.524522,101.37890625
08:00:12,91282CLJ8,TSRYS5875649,D,S,T,2024-09-13,1000000.00,3.523889,101.3828125
08:00:12,91282CLJ8,TSRYS5875649,D,S,T,2024-09-13,1000000.00,3.523889,101.3828125
08:00:12,91282CLJ8,TSRYS5875649,D,S,T,2024-09-13,1000000.00,3.523889,101.3828125
08:00:12,91282CLJ8,TSRYS5875649,D,S,T,2024-09-13,1000000.00,3.523889,101.3828125
08:00:13,91282CLJ8,TSRYS5875649,D,S,D,2024-09-13,4700000.00,3.526421,101.3671875
08:00:13,91282CLJ8,TSRYS5875649,D,B,C,2024-09-13,4700000.00,3.526421,101.3671875
08:00:13,91282CLJ8,TSRYS5875649,D,B,C,2024-09-13,15000000.00,3.530221,101.34375
08:00:13,91282CLJ8,TSRYS5875649,D,S,T,2024-09-13,2000000.00,3.529904,101.345703125
08:00:13,91282CLJ8,TSRYS5875649,D,S,T,2024-09-13,1000000.00,3.529587,101.34765625
08:00:13,91282CLJ8,TSRYS5875649,D,S,T,2024-09-13,1000000.00,3.529587,101.34765625
08:00:13,91282CLJ8,TSRYS5875649,D,S,D,2024-09-13,1000000.00,3.528954,101.3515625
08:00:13,91282CLJ8,TSRYS5875649,D,S,T,2024-09-13,1000000.00,3.529904,101.345703125
08:00:13,91282CLJ8,TSRYS5875649,D,S,T,2024-09-13,9000000.00,3.529904,101.345703125
08:00:13,91282CLJ8,TSRYS5875649,D,S,T,2024-09-13,1000000.00,3.529904,101.345703125
08:00:13,91282CLJ8,TSRYS5875649,D,S,T,2024-09-13,1000000.00,3.526421,101.3671875
08:00:13,91282CLJ8,TSRYS5875649,D,S,T,2024-09-13,2000000.00,3.526421,101.3671875
08:00:13,91282CLJ8,TSRYS5875649,D,S,T,2024-09-13,1000000.00,3.526421,101.3671875
08:00:13,91282CLJ8,TSRYS5875649,D,S,T,2024-09-13,1000000.00,3.526421,101.3671875
08:00:14,91282CLJ8,TSRYS5875649,D,S,T,2024-09-13,1000000.00,3.525155,101.375
08:00:14,91282CLJ8,TSRYS5875649,D,S,T,2024-09-13,1000000.00,3.525155,101.375
08:00:14,91282CLJ8,TSRYS5875649,D,S,T,2024-09-13,1000000.00,3.525155,101.375
08:00:14,91282CLJ8,TSRYS5875649,D,S,T,2024-09-13,1000000.00,3.525155,101.375
08:00:14,91282CLJ8,TSRYS5875649,D,S,T,2024-09-13,1000000.00,3.525155,101.375
08:00:14,91282CLJ8,TSRYS5875649,D,S,T,2024-09-13,1000000.00,3.523889,101.3828125
08:00:14,91282CLJ8,TSRYS5875649,D,S,T,2024-09-13,1000000.00,3.523889,101.3828125
08:00:14,91282CLJ8,TSRYS5875649,D,S,D,2024-09-13,1000000.00,3.531487,101.3359375
08:00:15,91282CLJ8,TSRYS5875649,D,S,T,2024-09-13,1000000.00,3.531487,101.3359375
08:00:15,91282CLJ8,TSRYS5875649,D,S,T,2024-09-13,1000000.00,3.515029,101.4375
08:00:15,91282CLJ8,TSRYS5875649,D,S,T,2024-09-13,1000000.00,3.515029,101.4375
08:00:16,91282CLJ8,TSRYS5875649,D,S,D,2024-09-13,1000000.00,3.527687,101.359375
08:00:16,91282CLJ8,TSRYS5875649,D,S,D,2024-09-13,1000000.00,3.528954,101.3515625
08:00:16,91282CLJ8,TSRYS5875649,D,S,D,2024-09-13,1000000.00,3.531487,101.3359375
08:00:16,91282CLJ8,TSRYS5875649,D,S,D,2024-09-13,2000000.00,3.526421,101.3671875
08:00:16,91282CLJ8,TSRYS5875649,D,S,D,2024-09-13,1000000.00,3.526421,101.3671875
08:00:16,91282CLJ8,TSRYS5875649,D,S,D,2024-09-13,1000000.00,3.526421,101.3671875
08:00:16,91282CLJ8,TSRYS5875649,D,S,D,2024-09-13,1000000.00,3.531487,101.3359375
08:00:17,91282CLJ8,TSRYS5875649,D,S,T,2024-09-13,1000000.00,3.525155,101.375
08:00:18,91282CLJ8,TSRYS5875649,D,S,T,2024-09-13,1000000.00,3.523889,101.3828125
08:00:18,91282CLJ8,TSRYS5875649,D,S,T,2024-09-13,1000000.00,3.522623,101.390625
08:00:18,91282CLJ8,TSRYS5875649,D,S,T,2024-09-13,1000000.00,3.522623,101.390625
08:00:18,91282CLJ8,TSRYS5875649,D,S,T,2024-09-13,2000000.00,3.522623,101.390625
08:00:18,91282CLJ8,TSRYS5875649,D,S,T,2024-09-13,1000000.00,3.522623,101.390625
08:00:18,91282CLJ8,TSRYS5875649,D,S,T,2024-09-13,1000000.00,3.522623,101.390625
08:00:18,91282CLJ8,TSRYS5875649,D,S,T,2024-09-13,1000000.00,3.522623,101.390625
08:00:18,91282CLJ8,TSRYS5875649,D,S,T,2024-09-13,1000000.00,3.524838,101.376953125
08:00:18,91282CLJ8,TSRYS5875649,D,S,T,2024-09-13,1000000.00,3.522623,101.390625
08:00:18,91282CLJ8,TSRYS5875649,D,S,T,2024-09-13,1000000.00,3.522623,101.390625
08:00:18,91282CLJ8,TSRYS5875649,D,S,T,2024-09-13,1000000.00,3.522623,101.390625
08:00:19,91282CLJ8,TSRYS5875649,D,S,T,2024-09-13,1000000.00,3.525155,101.375
08:00:19,91282CLJ8,TSRYS5875649,D,S,T,2024-09-13,1000000.00,3.525155,101.375
08:00:19,91282CLJ8,TSRYS5875649,D,S,T,2024-09-13,1000000.00,3.525155,101.375
08:00:19,91282CLJ8,TSRYS5875649,D,S,T,2024-09-13,1000000.00,3.522623,101.390625
08:00:19,91282CLJ8,TSRYS5875649,D,S,T,2024-09-13,1000000.00,3.522623,101.390625
08:00:19,91282CLJ8,TSRYS5875649,D,S,T,2024-09-13,1000000.00,3.522623,101.390625
08:00:19,91282CLJ8,TSRYS5875649,D,S,T,2024-09-13,1000000.00,3.522623,101.390625
08:00:19,91282CLJ8,TSRYS5875649,D,S,T,2024-09-13,1000000.00,3.522623,101.390625
08:00:19,91282CLJ8,TSRYS5875649,D,S,T,2024-09-13,1000000.00,3.521357,101.3984375
08:00:19,91282CLJ8,TSRYS5875649,D,S,T,2024-09-13,1000000.00,3.521357,101.3984375
08:00:19,91282CLJ8,TSRYS5875649,D,S,T,2024-09-13,2000000.00,3.521357,101.3984375
08:00:22,91282CLJ8,TSRYS5875649,D,S,D,2024-09-13,1000000.00,3.538139,101.294921875
08:00:22,91282CLJ8,TSRYS5875649,D,S,D,2024-09-13,1000000.00,3.537822,101.296875
08:00:22,91282CLJ8,TSRYS5875649,D,S,D,2024-09-13,1000000.00,3.537822,101.296875
08:00:22,91282CLJ8,TSRYS5875649,D,S,T,2024-09-13,1000000.00,3.525155,101.375
08:00:22,91282CLJ8,TSRYS5875649,D,S,T,2024-09-13,1000000.00,3.525155,101.375
08:00:22,91282CLJ8,TSRYS5875649,D,S,T,2024-09-13,1000000.00,3.525155,101.375
08:00:22,91282CLJ8,TSRYS5875649,D,S,T,2024-09-13,1000000.00,3.523889,101.3828125
08:00:22,91282CLJ8,TSRYS5875649,D,S,T,2024-09-13,2000000.00,3.523889,101.3828125
08:00:22,91282CLJ8,TSRYS5875649,D,S,T,2024-09-13,1000000.00,3.523889,101.3828125
08:00:22,91282CLJ8,TSRYS5875649,D,S,T,2024-09-13,1000000.00,3.523889,101.3828125
08:00:23,91282CLJ8,TSRYS5875649,D,S,T,2024-09-13,1000000.00,3.521357,101.3984375
08:00:26,91282CLJ8,TSRYS5875649,D,S,T,2024-09-13,1000000.00,3.526421,101.3671875
08:00:26,91282CLJ8,TSRYS5875649,D,S,T,2024-09-13,1000000.00,3.520091,101.40625
08:00:27,91282CLJ8,TSRYS5875649,D,S,D,2024-09-13,2000000.00,3.526421,101.3671875
08:00:27,91282CLJ8,TSRYS5875649,D,S,D,2024-09-13,1000000.00,3.518825,101.4140625
08:00:27,91282CLJ8,TSRYS5875649,D,S,D,2024-09-13,1000000.00,3.518825,101.4140625
08:00:27,91282CLJ8,TSRYS5875649,D,S,D,2024-09-13,1000000.00,3.531487,101.3359375
08:00:27,91282CLJ8,TSRYS5875649,D,S,D,2024-09-13,1000000.00,3.527687,101.359375
08:00:27,91282CLJ8,TSRYS5875649,D,S,T,2024-09-13,2000000.00,3.520407,101.404296875
08:00:27,91282CLJ8,TSRYS5875649,D,S,D,2024-09-13,1000000.00,3.521357,101.3984375
08:00:27,91282CLJ8,TSRYS5875649,D,S,T,2024-09-13,1000000.00,3.51756,101.421875
08:00:27,91282CLJ8,TSRYS5875649,D,S,T,2024-09-13,1000000.00,3.535605,101.310546875
08:00:27,91282CLJ8,TSRYS5875649,D,S,T,2024-09-13,1000000.00,3.516294,101.4296875
08:00:27,91282CLJ8,TSRYS5875649,D,S,T,2024-09-13,1000000.00,3.51756,101.421875
08:00:28,91282CLJ8,TSRYS5875649,D,S,T,2024-09-13,1000000.00,3.518825,101.4140625
08:00:28,91282CLJ8,TSRYS5875649,D,S,T,2024-09-13,1000000.00,3.522623,101.390625
08:00:28,91282CLJ8,TSRYS5875649,D,S,D,2024-09-13,1000000.00,3.523889,101.3828125
08:00:30,91282CLJ8,TSRYS5875649,D,S,T,2024-09-13,1000000.00,3.538456,101.29296875
08:00:30,91282CLJ8,TSRYS5875649,D,S,T,2024-09-13,1000000.00,3.536555,101.3046875
08:00:30,91282CLJ8,TSRYS5875649,D,S,T,2024-09-13,1000000.00,3.532754,101.328125
08:00:30,91282CLJ8,TSRYS5875649,D,S,T,2024-09-13,1000000.00,3.532754,101.328125
08:00:30,91282CLJ8,TSRYS5875649,D,S,T,2024-09-13,1000000.00,3.532754,101.328125
08:00:30,91282CLJ8,TSRYS5875649,D,S,T,2024-09-13,1000000.00,3.532754,101.328125
08:00:30,91282CLJ8,TSRYS5875649,D,S,T,2024-09-13,1000000.00,3.533387,101.32421875
08:00:30,91282CLJ8,TSRYS5875649,D,S,T,2024-09-13,2000000.00,3.533704,101.322265625
08:00:30,91282CLJ8,TSRYS5875649,D,S,T,2024-09-13,1000000.00,3.533704,101.322265625
08:00:30,91282CLJ8,TSRYS5875649,D,S,T,2024-09-13,1000000.00,3.531487,101.3359375
08:00:30,91282CLJ8,TSRYS5875649,D,S,T,2024-09-13,2000000.00,3.530854,101.33984375
08:00:30,91282CLJ8,TSRYS5875649,D,S,T,2024-09-13,1000000.00,3.530221,101.34375
08:00:30,91282CLJ8,TSRYS5875649,D,S,T,2024-09-13,1000000.00,3.530221,101.34375
08:00:30,91282CLJ8,TSRYS5875649,D,S,T,2024-09-13,1000000.00,3.530221,101.34375
08:00:30,91282CLJ8,TSRYS5875649,D,S,T,2024-09-13,1000000.00,3.530221,101.34375
08:00:30,91282CLJ8,TSRYS5875649,D,S,T,2024-09-13,1000000.00,3.530854,101.33984375
08:00:30,91282CLJ8,TSRYS5875649,D,S,T,2024-09-13,2000000.00,3.530854,101.33984375
08:00:30,91282CLJ8,TSRYS5875649,D,S,T,2024-09-13,1000000.00,3.530221,101.34375
08:00:30,91282CLJ8,TSRYS5875649,D,S,T,2024-09-13,1000000.00,3.530854,101.33984375
08:00:30,91282CLJ8,TSRYS5875649,D,S,T,2024-09-13,1000000.00,3.532754,101.328125
08:00:30,91282CLJ8,TSRYS5875649,D,S,T,2024-09-13,1000000.00,3.532754,101.328125
08:00:30,91282CLJ8,TSRYS5875649,D,S,T,2024-09-13,1000000.00,3.531487,101.3359375
08:00:30,91282CLJ8,TSRYS5875649,D,S,T,2024-09-13,1000000.00,3.528954,101.3515625
08:00:30,91282CLJ8,TSRYS5875649,D,S,T,2024-09-13,1000000.00,3.528954,101.3515625
08:00:30,91282CLJ8,TSRYS5875649,D,S,T,2024-09-13,1000000.00,3.530221,101.34375
08:00:30,91282CLJ8,TSRYS5875649,D,S,T,2024-09-13,1000000.00,3.530221,101.34375
08:00:30,91282CLJ8,TSRYS5875649,D,S,T,2024-09-13,1000000.00,3.530854,101.33984375
08:00:30,91282CLJ8,TSRYS5875649,D,S,T,2024-09-13,1000000.00,3.530854,101.33984375
08:00:30,91282CLJ8,TSRYS5875649,D,S,T,2024-09-13,1000000.00,3.528954,101.3515625
08:00:30,91282CLJ8,TSRYS5875649,D,S,T,2024-09-13,1000000.00,3.528321,101.35546875
08:00:30,91282CLJ8,TSRYS5875649,D,S,T,2024-09-13,1000000.00,3.528321,101.35546875
08:00:30,91282CLJ8,TSRYS5875649,D,S,T,2024-09-13,1000000.00,3.527687,101.359375
08:00:30,91282CLJ8,TSRYS5875649,D,S,T,2024-09-13,1000000.00,3.527054,101.36328125
08:00:30,91282CLJ8,TSRYS5875649,D,S,T,2024-09-13,1000000.00,3.527687,101.359375
08:00:30,91282CLJ8,TSRYS5875649,D,S,T,2024-09-13,1000000.00,3.527687,101.359375
08:00:30,91282CLJ8,TSRYS5875649,D,S,T,2024-09-13,1000000.00,3.526421,101.3671875
08:00:30,91282CLJ8,TSRYS5875649,D,S,T,2024-09-13,1000000.00,3.525155,101.375
08:00:30,91282CLJ8,TSRYS5875649,D,S,T,2024-09-13,1000000.00,3.525155,101.375
08:00:30,91282CLJ8,TSRYS5875649,D,S,T,2024-09-13,1000000.00,3.527687,101.359375
08:00:30,91282CLJ8,TSRYS5875649,D,S,T,2024-09-13,1000000.00,3.527687,101.359375
08:00:30,91282CLJ8,TSRYS5875649,D,S,T,2024-09-13,1000000.00,3.528321,101.35546875
08:00:30,91282CLJ8,TSRYS5875649,D,S,T,2024-09-13,1000000.00,3.528321,101.35546875
08:00:30,91282CLJ8,TSRYS5875649,D,S,T,2024-09-13,1000000.00,3.528954,101.3515625
08:00:30,91282CLJ8,TSRYS5875649,D,S,T,2024-09-13,1000000.00,3.530221,101.34375
08:00:30,91282CLJ8,TSRYS5875649,D,S,T,2024-09-13,2000000.00,3.533387,101.32421875
08:00:30,91282CLJ8,TSRYS5875649,D,S,T,2024-09-13,1000000.00,3.532754,101.328125
08:00:30,91282CLJ8,TSRYS5875649,D,S,T,2024-09-13,1000000.00,3.533071,101.326171875
08:00:30,91282CLJ8,TSRYS5875649,D,S,T,2024-09-13,1000000.00,3.533071,101.326171875
08:00:30,91282CLJ8,TSRYS5875649,D,S,D,2024-09-13,1000000.00,3.533071,101.326171875
08:00:30,91282CLJ8,TSRYS5875649,D,S,T,2024-09-13,1000000.00,3.533704,101.322265625
08:00:30,91282CLJ8,TSRYS5875649,D,S,T,2024-09-13,1000000.00,3.531487,101.3359375
08:00:30,91282CLJ8,TSRYS5875649,D,S,T,2024-09-13,1000000.00,3.530221,101.34375
08:00:30,91282CLJ8,TSRYS5875649,D,S,T,2024-09-13,1000000.00,3.526421,101.3671875
08:00:30,91282CLJ8,TSRYS5875649,D,S,T,2024-09-13,1000000.00,3.526105,101.369140625
08:00:30,91282CLJ8,TSRYS5875649,D,S,T,2024-09-13,1000000.00,3.526421,101.3671875
08:00:30,91282CLJ8,TSRYS5875649,D,S,T,2024-09-13,2000000.00,3.526421,101.3671875
08:00:30,91282CLJ8,TSRYS5875649,D,S,T,2024-09-13,1000000.00,3.526421,101.3671875
08:00:30,91282CLJ8,TSRYS5875649,D,S,T,2024-09-13,1000000.00,3.526421,101.3671875
08:00:30,91282CLJ8,TSRYS5875649,D,S,T,2024-09-13,1000000.00,3.526105,101.369140625
08:00:30,91282CLJ8,TSRYS5875649,D,S,T,2024-09-13,2000000.00,3.526421,101.3671875
08:00:30,91282CLJ8,TSRYS5875649,D,S,T,2024-09-13,1000000.00,3.528321,101.35546875
08:00:30,91282CLJ8,TSRYS5875649,D,S,T,2024-09-13,1000000.00,3.528321,101.35546875
08:00:30,91282CLJ8,TSRYS5875649,D,S,T,2024-09-13,1000000.00,3.528321,101.35546875
08:00:30,91282CLJ8,TSRYS5875649,D,S,T,2024-09-13,1000000.00,3.528321,101.35546875
08:00:30,91282CLJ8,TSRYS5875649,D,S,T,2024-09-13,1000000.00,3.528321,101.35546875
08:00:30,91282CLJ8,TSRYS5875649,D,S,T,2024-09-13,1000000.00,3.528321,101.35546875
08:00:30,91282CLJ8,TSRYS5875649,D,S,T,2024-09-13,1000000.00,3.528321,101.35546875
08:00:30,91282CLJ8,TSRYS5875649,D,S,T,2024-09-13,1000000.00,3.528321,101.35546875
08:00:30,91282CLJ8,TSRYS5875649,D,S,T,2024-09-13,1000000.00,3.528321,101.35546875
08:00:30,91282CLJ8,TSRYS5875649,D,S,T,2024-09-13,1000000.00,3.528321,101.35546875
08:00:30,91282CLJ8,TSRYS5875649,D,S,T,2024-09-13,1000000.00,3.528321,101.35546875
08:00:30,91282CLJ8,TSRYS5875649,D,S,T,2024-09-13,1000000.00,3.528321,101.35546875
08:00:30,91282CLJ8,TSRYS5875649,D,S,T,2024-09-13,1000000.00,3.528321,101.35546875
08:00:30,91282CLJ8,TSRYS5875649,D,S,T,2024-09-13,1000000.00,3.528321,101.35546875
08:00:30,91282CLJ8,TSRYS5875649,D,S,T,2024-09-13,1000000.00,3.530221,101.34375
08:00:30,91282CLJ8,TSRYS5875649,D,S,T,2024-09-13,1000000.00,3.530221,101.34375
08:00:30,91282CLJ8,TSRYS5875649,D,S,T,2024-09-13,1000000.00,3.530221,101.34375
08:00:30,91282CLJ8,TSRYS5875649,D,S,T,2024-09-13,2000000.00,3.528321,101.35546875
08:00:30,91282CLJ8,TSRYS5875649,D,S,T,2024-09-13,1000000.00,3.528321,101.35546875
08:00:30,91282CLJ8,TSRYS5875649,D,S,T,2024-09-13,1000000.00,3.528321,101.35546875
08:00:30,91282CLJ8,TSRYS5875649,D,S,T,2024-09-13,1000000.00,3.528321,101.35546875
08:00:30,91282CLJ8,TSRYS5875649,D,S,T,2024-09-13,1000000.00,3.528321,101.35546875
08:00:30,91282CLJ8,TSRYS5875649,D,S,T,2024-09-13,1000000.00,3.528321,101.35546875
08:00:30,91282CLJ8,TSRYS5875649,D,S,T,2024-09-13,1000000.00,3.528321,101.35546875
08:00:30,91282CLJ8,TSRYS5875649,D,S,T,2024-09-13,1000000.00,3.528321,101.35546875
08:00:30,91282CLJ8,TSRYS5875649,D,S,T,2024-09-13,1000000.00,3.531171,101.337890625
08:00:30,91282CLJ8,TSRYS5875649,D,S,T,2024-09-13,1000000.00,3.528954,101.3515625
08:00:30,91282CLJ8,TSRYS5875649,D,S,T,2024-09-13,1000000.00,3.527687,101.359375
08:00:30,91282CLJ8,TSRYS5875649,D,S,T,2024-09-13,1000000.00,3.525155,101.375
08:00:30,91282CLJ8,TSRYS5875649,D,S,T,2024-09-13,1000000.00,3.524522,101.37890625
08:00:30,91282CLJ8,TSRYS5875649,D,S,T,2024-09-13,1000000.00,3.525155,101.375
08:00:30,91282CLJ8,TSRYS5875649,D,S,T,2024-09-13,1000000.00,3.525155,101.375
08:00:30,91282CLJ8,TSRYS5875649,D,S,T,2024-09-13,1000000.00,3.525155,101.375
08:00:30,91282CLJ8,TSRYS5875649,D,S,T,2024-09-13,1000000.00,3.525155,101.375
08:00:30,91282CLJ8,TSRYS5875649,D,S,T,2024-09-13,1000000.00,3.525155,101.375
08:00:30,91282CLJ8,TSRYS5875649,D,S,T,2024-09-13,1000000.00,3.525155,101.375
08:00:30,91282CLJ8,TSRYS5875649,D,S,T,2024-09-13,1000000.00,3.526105,101.369140625
08:00:30,91282CLJ8,TSRYS5875649,D,S,T,2024-09-13,1000000.00,3.526421,101.3671875
08:00:30,91282CLJ8,TSRYS5875649,D,S,T,2024-09-13,1000000.00,3.526421,101.3671875
08:00:30,91282CLJ8,TSRYS5875649,D,S,T,2024-09-13,1000000.00,3.525155,101.375
08:00:30,91282CLJ8,TSRYS5875649,D,S,T,2024-09-13,1000000.00,3.525155,101.375
08:00:30,91282CLJ8,TSRYS5875649,D,S,T,2024-09-13,1000000.00,3.523889,101.3828125
08:00:30,91282CLJ8,TSRYS5875649,D,S,T,2024-09-13,1000000.00,3.522623,101.390625
08:00:30,91282CLJ8,TSRYS5875649,D,S,T,2024-09-13,1000000.00,3.522623,101.390625
08:00:30,91282CLJ8,TSRYS5875649,D,S,T,2024-09-13,1000000.00,3.522623,101.390625
08:00:30,91282CLJ8,TSRYS5875649,D,S,T,2024-09-13,1000000.00,3.522623,101.390625
08:00:30,91282CLJ8,TSRYS5875649,D,S,T,2024-09-13,2000000.00,3.522623,101.390625
08:00:30,91282CLJ8,TSRYS5875649,D,S,T,2024-09-13,1000000.00,3.522623,101.390625
08:00:30,91282CLJ8,TSRYS5875649,D,S,T,2024-09-13,1000000.00,3.522623,101.390625
08:00:30,91282CLJ8,TSRYS5875649,D,S,T,2024-09-13,1000000.00,3.523889,101.3828125
08:00:30,91282CLJ8,TSRYS5875649,D,S,T,2024-09-13,1000000.00,3.523889,101.3828125
08:00:30,91282CLJ8,TSRYS5875649,D,S,T,2024-09-13,1000000.00,3.523889,101.3828125
08:00:30,91282CLJ8,TSRYS5875649,D,S,T,2024-09-13,1000000.00,3.523889,101.3828125
08:00:30,91282CLJ8,TSRYS5875649,D,S,T,2024-09-13,1000000.00,3.523889,101.3828125
08:00:30,91282CLJ8,TSRYS5875649,D,S,T,2024-09-13,1000000.00,3.525155,101.375
08:00:30,91282CLJ8,TSRYS5875649,D,S,T,2024-09-13,2000000.00,3.526421,101.3671875
08:00:30,91282CLJ8,TSRYS5875649,D,S,T,2024-09-13,1000000.00,3.526421,101.3671875
08:00:30,91282CLJ8,TSRYS5875649,D,S,T,2024-09-13,1000000.00,3.527687,101.359375
08:00:30,91282CLJ8,TSRYS5875649,D,S,T,2024-09-13,1000000.00,3.527687,101.359375
08:00:30,91282CLJ8,TSRYS5875649,D,S,T,2024-09-13,1000000.00,3.527687,101.359375
08:00:30,91282CLJ8,TSRYS5875649,D,S,T,2024-09-13,1000000.00,3.527687,101.359375
08:00:30,91282CLJ8,TSRYS5875649,D,S,T,2024-09-13,1000000.00,3.527687,101.359375
08:00:30,91282CLJ8,TSRYS5875649,D,S,T,2024-09-13,1000000.00,3.527687,101.359375
08:00:30,91282CLJ8,TSRYS5875649,D,S,T,2024-09-13,1000000.00,3.527687,101.359375
08:00:30,91282CLJ8,TSRYS5875649,D,S,T,2024-09-13,1000000.00,3.527687,101.359375
08:00:30,91282CLJ8,TSRYS5875649,D,S,T,2024-09-13,1000000.00,3.526421,101.3671875
08:00:30,91282CLJ8,TSRYS5875649,D,S,T,2024-09-13,1000000.00,3.526421,101.3671875
08:00:30,91282CLJ8,TSRYS5875649,D,S,T,2024-09-13,1000000.00,3.526421,101.3671875
08:00:30,91282CLJ8,TSRYS5875649,D,S,T,2024-09-13,1000000.00,3.526421,101.3671875
08:00:30,91282CLJ8,TSRYS5875649,D,S,T,2024-09-13,1000000.00,3.526421,101.3671875
08:00:30,91282CLJ8,TSRYS5875649,D,S,T,2024-09-13,1000000.00,3.528954,101.3515625
08:00:30,91282CLJ8,TSRYS5875649,D,S,T,2024-09-13,1000000.00,3.528954,101.3515625
08:00:30,91282CLJ8,TSRYS5875649,D,S,T,2024-09-13,1000000.00,3.528954,101.3515625
08:00:30,91282CLJ8,TSRYS5875649,D,S,T,2024-09-13,1000000.00,3.528954,101.3515625
08:00:30,91282CLJ8,TSRYS5875649,D,S,T,2024-09-13,1000000.00,3.528954,101.3515625
08:00:30,91282CLJ8,TSRYS5875649,D,S,T,2024-09-13,1000000.00,3.530221,101.34375
08:00:30,91282CLJ8,TSRYS5875649,D,S,T,2024-09-13,1000000.00,3.527687,101.359375
08:00:30,91282CLJ8,TSRYS5875649,D,S,T,2024-09-13,2000000.00,3.528321,101.35546875
08:00:30,91282CLJ8,TSRYS5875649,D,S,T,2024-09-13,1000000.00,3.528954,101.3515625
08:00:30,91282CLJ8,TSRYS5875649,D,S,T,2024-09-13,1000000.00,3.528321,101.35546875
08:00:30,91282CLJ8,TSRYS5875649,D,S,T,2024-09-13,1000000.00,3.528321,101.35546875
08:00:30,91282CLJ8,TSRYS5875649,D,S,T,2024-09-13,1000000.00,3.528954,101.3515625
08:00:30,91282CLJ8,TSRYS5875649,D,S,T,2024-09-13,2000000.00,3.525788,101.37109375
08:00:30,91282CLJ8,TSRYS5875649,D,S,T,2024-09-13,1000000.00,3.527687,101.359375
08:00:30,91282CLJ8,TSRYS5875649,D,S,T,2024-09-13,1000000.00,3.527687,101.359375
08:00:30,91282CLJ8,TSRYS5875649,D,S,T,2024-09-13,1000000.00,3.528954,101.3515625
08:00:30,91282CLJ8,TSRYS5875649,D,S,T,2024-09-13,1000000.00,3.526421,101.3671875
08:00:30,91282CLJ8,TSRYS5875649,D,S,T,2024-09-13,1000000.00,3.526421,101.3671875
08:00:30,91282CLJ8,TSRYS5875649,D,S,T,2024-09-13,1000000.00,3.526421,101.3671875
08:00:30,91282CLJ8,TSRYS5875649,D,S,T,2024-09-13,1000000.00,3.526421,101.3671875
08:00:30,91282CLJ8,TSRYS5875649,D,S,T,2024-09-13,2000000.00,3.526421,101.3671875
08:00:30,91282CLJ8,TSRYS5875649,D,S,T,2024-09-13,1000000.00,3.526421,101.3671875
08:00:30,91282CLJ8,TSRYS5875649,D,S,T,2024-09-13,1000000.00,3.526421,101.3671875
08:00:30,91282CLJ8,TSRYS5875649,D,S,T,2024-09-13,1000000.00,3.526421,101.3671875
08:00:30,91282CLJ8,TSRYS5875649,D,S,T,2024-09-13,1000000.00,3.526421,101.3671875
08:00:30,91282CLJ8,TSRYS5875649,D,S,T,2024-09-13,1000000.00,3.526421,101.3671875
08:00:30,91282CLJ8,TSRYS5875649,D,S,T,2024-09-13,1000000.00,3.523889,101.3828125
08:00:30,91282CLJ8,TSRYS5875649,D,S,T,2024-09-13,2000000.00,3.523889,101.3828125
08:00:30,91282CLJ8,TSRYS5875649,D,S,T,2024-09-13,1000000.00,3.523889,101.3828125
08:00:30,91282CLJ8,TSRYS5875649,D,S,T,2024-09-13,1000000.00,3.521357,101.3984375
08:00:30,91282CLJ8,TSRYS5875649,D,S,T,2024-09-13,1000000.00,3.522623,101.390625
08:00:30,91282CLJ8,TSRYS5875649,D,S,T,2024-09-13,1000000.00,3.524522,101.37890625
08:00:30,91282CLJ8,TSRYS5875649,D,S,T,2024-09-13,1000000.00,3.525155,101.375
08:00:30,91282CLJ8,TSRYS5875649,D,S,T,2024-09-13,1000000.00,3.525155,101.375
08:00:30,91282CLJ8,TSRYS5875649,D,S,T,2024-09-13,1000000.00,3.523889,101.3828125
08:00:30,91282CLJ8,TSRYS5875649,D,S,T,2024-09-13,1000000.00,3.523889,101.3828125
08:00:30,91282CLJ8,TSRYS5875649,D,S,T,2024-09-13,1000000.00,3.522623,101.390625
08:00:30,91282CLJ8,TSRYS5875649,D,S,T,2024-09-13,1000000.00,3.523889,101.3828125
08:00:30,91282CLJ8,TSRYS5875649,D,S,T,2024-09-13,1000000.00,3.523889,101.3828125
08:00:30,91282CLJ8,TSRYS5875649,D,S,T,2024-09-13,1000000.00,3.522623,101.390625
08:00:30,91282CLJ8,TSRYS5875649,D,S,T,2024-09-13,2000000.00,3.522623,101.390625
08:00:30,91282CLJ8,TSRYS5875649,D,S,T,2024-09-13,1000000.00,3.522623,101.390625
08:00:30,91282CLJ8,TSRYS5875649,D,S,T,2024-09-13,1000000.00,3.523889,101.3828125
08:00:30,91282CLJ8,TSRYS5875649,D,S,T,2024-09-13,1000000.00,3.523889,101.3828125
08:00:30,91282CLJ8,TSRYS5875649,D,S,T,2024-09-13,1000000.00,3.523889,101.3828125
08:00:30,91282CLJ8,TSRYS5875649,D,S,T,2024-09-13,1000000.00,3.525155,101.375
08:00:30,91282CLJ8,TSRYS5875649,D,S,T,2024-09-13,1000000.00,3.526421,101.3671875
08:00:30,91282CLJ8,TSRYS5875649,D,S,T,2024-09-13,1000000.00,3.526421,101.3671875
08:00:30,91282CLJ8,TSRYS5875649,D,S,D,2024-09-13,2000000.00,3.526105,101.369140625
08:00:30,91282CLJ8,TSRYS5875649,D,S,T,2024-09-13,1000000.00,3.527687,101.359375
08:00:30,91282CLJ8,TSRYS5875649,D,S,T,2024-09-13,1000000.00,3.527687,101.359375
08:00:30,91282CLJ8,TSRYS5875649,D,S,T,2024-09-13,1000000.00,3.525155,101.375
08:00:30,91282CLJ8,TSRYS5875649,D,S,T,2024-09-13,1000000.00,3.526421,101.3671875
08:00:30,91282CLJ8,TSRYS5875649,D,S,T,2024-09-13,1000000.00,3.526421,101.3671875
08:00:30,91282CLJ8,TSRYS5875649,D,S,T,2024-09-13,1000000.00,3.526421,101.3671875
08:00:30,91282CLJ8,TSRYS5875649,D,S,T,2024-09-13,1000000.00,3.525155,101.375
08:00:30,91282CLJ8,TSRYS5875649,D,S,T,2024-09-13,1000000.00,3.525155,101.375
08:00:30,91282CLJ8,TSRYS5875649,D,S,T,2024-09-13,1000000.00,3.526421,101.3671875
08:00:30,91282CLJ8,TSRYS5875649,D,S,T,2024-09-13,2000000.00,3.526421,101.3671875
08:00:30,91282CLJ8,TSRYS5875649,D,S,T,2024-09-13,1000000.00,3.526421,101.3671875
08:00:30,91282CLJ8,TSRYS5875649,D,S,T,2024-09-13,1000000.00,3.526421,101.3671875
08:00:30,91282CLJ8,TSRYS5875649,D,S,T,2024-09-13,1000000.00,3.526421,101.3671875
08:00:30,91282CLJ8,TSRYS5875649,D,S,T,2024-09-13,1000000.00,3.520091,101.40625
08:00:30,91282CLJ8,TSRYS5875649,D,S,T,2024-09-13,1000000.00,3.518825,101.4140625
08:00:30,91282CLJ8,TSRYS5875649,D,S,T,2024-09-13,1000000.00,3.518509,101.416015625
08:00:30,91282CLJ8,TSRYS5875649,D,S,T,2024-09-13,1000000.00,3.518192,101.41796875
08:00:30,91282CLJ8,TSRYS5875649,D,S,T,2024-09-13,1000000.00,3.518825,101.4140625
08:00:30,91282CLJ8,TSRYS5875649,D,S,T,2024-09-13,1000000.00,3.518825,101.4140625
08:00:30,91282CLJ8,TSRYS5875649,D,S,T,2024-09-13,1000000.00,3.51756,101.421875
08:00:30,91282CLJ8,TSRYS5875649,D,S,T,2024-09-13,1000000.00,3.516294,101.4296875
08:00:30,91282CLJ8,TSRYS5875649,D,S,T,2024-09-13,1000000.00,3.51756,101.421875
08:00:30,91282CLJ8,TSRYS5875649,D,S,T,2024-09-13,1000000.00,3.51756,101.421875
08:00:30,91282CLJ8,TSRYS5875649,D,S,T,2024-09-13,1000000.00,3.51756,101.421875
08:00:30,91282CLJ8,TSRYS5875649,D,S,T,2024-09-13,1000000.00,3.517876,101.419921875
08:00:30,91282CLJ8,TSRYS5875649,D,S,T,2024-09-13,1000000.00,3.51756,101.421875
08:00:30,91282CLJ8,TSRYS5875649,D,S,T,2024-09-13,1000000.00,3.518825,101.4140625
08:00:30,91282CLJ8,TSRYS5875649,D,S,T,2024-09-13,1000000.00,3.518825,101.4140625
08:00:30,91282CLJ8,TSRYS5875649,D,S,T,2024-09-13,1000000.00,3.518825,101.4140625
08:00:30,91282CLJ8,TSRYS5875649,D,S,T,2024-09-13,1000000.00,3.520091,101.40625
08:00:30,91282CLJ8,TSRYS5875649,D,S,T,2024-09-13,1000000.00,3.51756,101.421875
08:00:30,91282CLJ8,TSRYS5875649,D,S,T,2024-09-13,1000000.00,3.520091,101.40625
08:00:30,91282CLJ8,TSRYS5875649,D,S,T,2024-09-13,1000000.00,3.518825,101.4140625
08:00:30,91282CLJ8,TSRYS5875649,D,S,T,2024-09-13,1000000.00,3.518825,101.4140625
08:00:30,91282CLJ8,TSRYS5875649,D,S,T,2024-09-13,1000000.00,3.518825,101.4140625
08:00:30,91282CLJ8,TSRYS5875649,D,S,T,2024-09-13,1000000.00,3.518825,101.4140625
08:00:30,91282CLJ8,TSRYS5875649,D,S,T,2024-09-13,1000000.00,3.518825,101.4140625
08:00:30,91282CLJ8,TSRYS5875649,D,S,T,2024-09-13,1000000.00,3.518825,101.4140625
08:00:30,91282CLJ8,TSRYS5875649,D,S,T,2024-09-13,1000000.00,3.523889,101.3828125
08:00:30,91282CLJ8,TSRYS5875649,D,S,T,2024-09-13,1000000.00,3.523889,101.3828125
08:00:30,91282CLJ8,TSRYS5875649,D,S,T,2024-09-13,1000000.00,3.525155,101.375
08:00:30,91282CLJ8,TSRYS5875649,D,S,T,2024-09-13,1000000.00,3.526421,101.3671875
08:00:30,91282CLJ8,TSRYS5875649,D,S,T,2024-09-13,1000000.00,3.527687,101.359375
08:00:30,91282CLJ8,TSRYS5875649,D,S,T,2024-09-13,2000000.00,3.527687,101.359375
08:00:30,91282CLJ8,TSRYS5875649,D,S,T,2024-09-13,1000000.00,3.527687,101.359375
08:00:30,91282CLJ8,TSRYS5875649,D,S,T,2024-09-13,1000000.00,3.527687,101.359375
08:00:30,91282CLJ8,TSRYS5875649,D,S,T,2024-09-13,1000000.00,3.527687,101.359375
08:00:30,91282CLJ8,TSRYS5875649,D,S,T,2024-09-13,1000000.00,3.527687,101.359375
08:00:30,91282CLJ8,TSRYS5875649,D,S,T,2024-09-13,1000000.00,3.527687,101.359375
08:00:31,91282CLJ8,TSRYS5875649,D,S,T,2024-09-13,1000000.00,3.527687,101.359375
08:00:31,91282CLJ8,TSRYS5875649,D,S,T,2024-09-13,1000000.00,3.527687,101.359375
08:00:31,91282CLJ8,TSRYS5875649,D,S,T,2024-09-13,1000000.00,3.528954,101.3515625
08:00:31,91282CLJ8,TSRYS5875649,D,S,T,2024-09-13,1000000.00,3.527687,101.359375
08:00:31,91282CLJ8,TSRYS5875649,D,S,T,2024-09-13,1000000.00,3.526421,101.3671875
08:00:31,91282CLJ8,TSRYS5875649,D,S,T,2024-09-13,1000000.00,3.526421,101.3671875
08:00:31,91282CLJ8,TSRYS5875649,D,S,T,2024-09-13,1000000.00,3.525788,101.37109375
08:00:31,91282CLJ8,TSRYS5875649,D,S,T,2024-09-13,1000000.00,3.526421,101.3671875
08:00:31,91282CLJ8,TSRYS5875649,D,S,T,2024-09-13,1000000.00,3.530854,101.33984375
08:00:31,91282CLJ8,TSRYS5875649,D,S,T,2024-09-13,1000000.00,3.531487,101.3359375
08:00:31,91282CLJ8,TSRYS5875649,D,S,T,2024-09-13,1000000.00,3.532754,101.328125
08:00:31,91282CLJ8,TSRYS5875649,D,S,T,2024-09-13,1000000.00,3.534021,101.3203125
08:00:31,91282CLJ8,TSRYS5875649,D,S,T,2024-09-13,1000000.00,3.534021,101.3203125
08:00:31,91282CLJ8,TSRYS5875649,D,S,T,2024-09-13,1000000.00,3.535288,101.3125
08:00:31,91282CLJ8,TSRYS5875649,D,S,T,2024-09-13,1000000.00,3.534021,101.3203125
08:00:31,91282CLJ8,TSRYS5875649,D,S,T,2024-09-13,1000000.00,3.528954,101.3515625
08:00:31,91282CLJ8,TSRYS5875649,D,S,D,2024-09-13,1000000.00,3.523889,101.3828125
08:00:31,91282CLJ8,TSRYS5875649,D,S,T,2024-09-13,1000000.00,3.527687,101.359375
08:00:31,91282CLJ8,TSRYS5875649,D,S,T,2024-09-13,1000000.00,3.524838,101.376953125
08:00:31,91282CLJ8,TSRYS5875649,D,S,T,2024-09-13,1000000.00,3.522623,101.390625
08:00:31,91282CLJ8,TSRYS5875649,D,S,T,2024-09-13,1000000.00,3.521673,101.396484375
08:00:31,91282CLJ8,TSRYS5875649,D,S,T,2024-09-13,1000000.00,3.521673,101.396484375
08:00:31,91282CLJ8,TSRYS5875649,D,S,T,2024-09-13,1000000.00,3.521673,101.396484375
08:00:31,91282CLJ8,TSRYS5875649,D,S,T,2024-09-13,1000000.00,3.520091,101.40625
08:00:31,91282CLJ8,TSRYS5875649,D,S,T,2024-09-13,1000000.00,3.521357,101.3984375
08:00:31,91282CLJ8,TSRYS5875649,D,S,T,2024-09-13,1000000.00,3.520091,101.40625
08:00:31,91282CLJ8,TSRYS5875649,D,S,T,2024-09-13,1000000.00,3.521357,101.3984375
08:00:31,91282CLJ8,TSRYS5875649,D,S,T,2024-09-13,1000000.00,3.51756,101.421875
08:00:31,91282CLJ8,TSRYS5875649,D,S,T,2024-09-13,1000000.00,3.515029,101.4375
08:00:31,91282CLJ8,TSRYS5875649,D,S,T,2024-09-13,1000000.00,3.515345,101.435546875
08:00:31,91282CLJ8,TSRYS5875649,D,S,T,2024-09-13,1000000.00,3.514713,101.439453125
08:00:31,91282CLJ8,TSRYS5875649,D,S,T,2024-09-13,3000000.00,3.512499,101.453125
08:00:31,91282CLJ8,TSRYS5875649,D,S,T,2024-09-13,1000000.00,3.512499,101.453125
08:00:31,91282CLJ8,TSRYS5875649,D,S,T,2024-09-13,1000000.00,3.509969,101.46875
08:00:31,91282CLJ8,TSRYS5875649,D,S,T,2024-09-13,1000000.00,3.509969,101.46875
08:00:31,91282CLJ8,TSRYS5875649,D,S,T,2024-09-13,1000000.00,3.509969,101.46875
08:00:31,91282CLJ8,TSRYS5875649,D,S,T,2024-09-13,1000000.00,3.508704,101.4765625
08:00:31,91282CLJ8,TSRYS5875649,D,S,T,2024-09-13,1000000.00,3.506491,101.490234375
08:00:31,91282CLJ8,TSRYS5875649,D,S,T,2024-09-13,1000000.00,3.506175,101.4921875
08:00:31,91282CLJ8,TSRYS5875649,D,S,T,2024-09-13,1000000.00,3.506175,101.4921875
08:00:31,91282CLJ8,TSRYS5875649,D,S,T,2024-09-13,1000000.00,3.50491,101.5
08:00:31,91282CLJ8,TSRYS5875649,D,S,T,2024-09-13,1000000.00,3.506175,101.4921875
08:00:31,91282CLJ8,TSRYS5875649,D,S,T,2024-09-13,1000000.00,3.503962,101.505859375
08:00:31,91282CLJ8,TSRYS5875649,D,S,T,2024-09-13,1000000.00,3.503646,101.5078125
08:00:31,91282CLJ8,TSRYS5875649,D,S,T,2024-09-13,1000000.00,3.503962,101.505859375
08:00:31,91282CLJ8,TSRYS5875649,D,S,T,2024-09-13,1000000.00,3.505542,101.49609375
08:00:31,91282CLJ8,TSRYS5875649,D,S,T,2024-09-13,1000000.00,3.510285,101.466796875
08:00:31,91282CLJ8,TSRYS5875649,D,S,T,2024-09-13,1000000.00,3.508704,101.4765625
08:00:31,91282CLJ8,TSRYS5875649,D,S,T,2024-09-13,3000000.00,3.510601,101.46484375
08:00:31,91282CLJ8,TSRYS5875649,D,S,T,2024-09-13,1000000.00,3.515029,101.4375
08:00:31,91282CLJ8,TSRYS5875649,D,S,T,2024-09-13,1000000.00,3.516294,101.4296875
08:00:31,91282CLJ8,TSRYS5875649,D,S,T,2024-09-13,1000000.00,3.512499,101.453125
08:00:31,91282CLJ8,TSRYS5875649,D,S,T,2024-09-13,1000000.00,3.512499,101.453125
08:00:31,91282CLJ8,TSRYS5875649,D,S,T,2024-09-13,1000000.00,3.512499,101.453125
08:00:31,91282CLJ8,TSRYS5875649,D,S,T,2024-09-13,1000000.00,3.512499,101.453125
08:00:31,91282CLJ8,TSRYS5875649,D,S,T,2024-09-13,1000000.00,3.512499,101.453125
08:00:31,91282CLJ8,TSRYS5875649,D,S,T,2024-09-13,2000000.00,3.515029,101.4375
08:00:31,91282CLJ8,TSRYS5875649,D,S,T,2024-09-13,1000000.00,3.516927,101.42578125
08:00:31,91282CLJ8,TSRYS5875649,D,S,T,2024-09-13,1000000.00,3.517243,101.423828125
08:00:31,91282CLJ8,TSRYS5875649,D,S,T,2024-09-13,1000000.00,3.51756,101.421875
08:00:31,91282CLJ8,TSRYS5875649,D,S,T,2024-09-13,1000000.00,3.51756,101.421875
08:00:31,91282CLJ8,TSRYS5875649,D,S,T,2024-09-13,1000000.00,3.515029,101.4375
08:00:31,91282CLJ8,TSRYS5875649,D,S,T,2024-09-13,1000000.00,3.515029,101.4375
08:00:31,91282CLJ8,TSRYS5875649,D,S,T,2024-09-13,1000000.00,3.516294,101.4296875
08:00:31,91282CLJ8,TSRYS5875649,D,S,T,2024-09-13,1000000.00,3.516294,101.4296875
08:00:31,91282CLJ8,TSRYS5875649,D,S,T,2024-09-13,1000000.00,3.520091,101.40625
08:00:31,91282CLJ8,TSRYS5875649,D,S,T,2024-09-13,1000000.00,3.520091,101.40625
08:00:31,91282CLJ8,TSRYS5875649,D,S,T,2024-09-13,1000000.00,3.520091,101.40625
08:00:31,91282CLJ8,TSRYS5875649,D,S,T,2024-09-13,1000000.00,3.520091,101.40625
08:00:31,91282CLJ8,TSRYS5875649,D,S,T,2024-09-13,1000000.00,3.520091,101.40625
08:00:31,91282CLJ8,TSRYS5875649,D,S,T,2024-09-13,1000000.00,3.520091,101.40625
08:00:31,91282CLJ8,TSRYS5875649,D,S,T,2024-09-13,1000000.00,3.520091,101.40625
08:00:31,91282CLJ8,TSRYS5875649,D,S,T,2024-09-13,1000000.00,3.520091,101.40625
08:00:31,91282CLJ8,TSRYS5875649,D,S,T,2024-09-13,1000000.00,3.520091,101.40625
08:00:31,91282CLJ8,TSRYS5875649,D,S,T,2024-09-13,1000000.00,3.520091,101.40625
08:00:31,91282CLJ8,TSRYS5875649,D,S,T,2024-09-13,1000000.00,3.513764,101.4453125
08:00:31,91282CLJ8,TSRYS5875649,D,S,T,2024-09-13,1000000.00,3.515978,101.431640625
08:00:31,91282CLJ8,TSRYS5875649,D,S,T,2024-09-13,1000000.00,3.51756,101.421875
08:00:31,91282CLJ8,TSRYS5875649,D,S,T,2024-09-13,1000000.00,3.51756,101.421875
08:00:31,91282CLJ8,TSRYS5875649,D,S,T,2024-09-13,1000000.00,3.521357,101.3984375
08:00:31,91282CLJ8,TSRYS5875649,D,S,T,2024-09-13,1000000.00,3.520091,101.40625
08:00:31,91282CLJ8,TSRYS5875649,D,S,T,2024-09-13,1000000.00,3.520091,101.40625
08:00:31,91282CLJ8,TSRYS5875649,D,S,T,2024-09-13,1000000.00,3.519458,101.41015625
08:00:31,91282CLJ8,TSRYS5875649,D,S,T,2024-09-13,2000000.00,3.519458,101.41015625
08:00:31,91282CLJ8,TSRYS5875649,D,S,T,2024-09-13,1000000.00,3.521357,101.3984375
08:00:31,91282CLJ8,TSRYS5875649,D,S,T,2024-09-13,1000000.00,3.52199,101.39453125
08:00:31,91282CLJ8,TSRYS5875649,D,S,T,2024-09-13,1000000.00,3.522306,101.392578125
08:00:31,91282CLJ8,TSRYS5875649,D,S,T,2024-09-13,1000000.00,3.522623,101.390625
08:00:31,91282CLJ8,TSRYS5875649,D,S,T,2024-09-13,1000000.00,3.522623,101.390625
08:00:31,91282CLJ8,TSRYS5875649,D,S,T,2024-09-13,1000000.00,3.522623,101.390625
08:00:31,91282CLJ8,TSRYS5875649,D,S,T,2024-09-13,1000000.00,3.522623,101.390625
08:00:31,91282CLJ8,TSRYS5875649,D,S,T,2024-09-13,1000000.00,3.522623,101.390625
08:00:31,91282CLJ8,TSRYS5875649,D,S,T,2024-09-13,2000000.00,3.525155,101.375
08:00:31,91282CLJ8,TSRYS5875649,D,S,T,2024-09-13,1000000.00,3.525155,101.375
08:00:31,91282CLJ8,TSRYS5875649,D,S,T,2024-09-13,1000000.00,3.525155,101.375
08:00:31,91282CLJ8,TSRYS5875649,D,S,T,2024-09-13,1000000.00,3.523889,101.3828125
08:00:31,91282CLJ8,TSRYS5875649,D,S,T,2024-09-13,1000000.00,3.523889,101.3828125
08:00:31,91282CLJ8,TSRYS5875649,D,S,D,2024-09-13,1000000.00,3.523889,101.3828125
08:00:31,91282CLJ8,TSRYS5875649,D,S,D,2024-09-13,1000000.00,3.523889,101.3828125
08:00:31,91282CLJ8,TSRYS5875649,D,S,T,2024-09-13,1000000.00,3.522623,101.390625
08:00:31,91282CLJ8,TSRYS5875649,D,S,T,2024-09-13,1000000.00,3.522623,101.390625
08:00:31,91282CLJ8,TSRYS5875649,D,S,T,2024-09-13,1000000.00,3.525155,101.375
08:00:31,91282CLJ8,TSRYS5875649,D,S,T,2024-09-13,1000000.00,3.522623,101.390625
08:00:31,91282CLJ8,TSRYS5875649,D,S,T,2024-09-13,1000000.00,3.522623,101.390625
08:00:31,91282CLJ8,TSRYS5875649,D,S,T,2024-09-13,1000000.00,3.522623,101.390625
08:00:31,91282CLJ8,TSRYS5875649,D,S,T,2024-09-13,1000000.00,3.527687,101.359375
08:00:31,91282CLJ8,TSRYS5875649,D,S,T,2024-09-13,1000000.00,3.526421,101.3671875
08:00:31,91282CLJ8,TSRYS5875649,D,S,T,2024-09-13,1000000.00,3.526421,101.3671875
08:00:31,91282CLJ8,TSRYS5875649,D,S,T,2024-09-13,1000000.00,3.526421,101.3671875
08:00:31,91282CLJ8,TSRYS5875649,D,S,D,2024-09-13,1000000.00,3.526105,101.369140625
08:00:31,91282CLJ8,TSRYS5875649,D,S,T,2024-09-13,1000000.00,3.526421,101.3671875
08:00:31,91282CLJ8,TSRYS5875649,D,S,T,2024-09-13,1000000.00,3.525155,101.375
08:00:31,91282CLJ8,TSRYS5875649,D,S,T,2024-09-13,1000000.00,3.523889,101.3828125
08:00:31,91282CLJ8,TSRYS5875649,D,S,T,2024-09-13,1000000.00,3.525155,101.375
08:00:31,91282CLJ8,TSRYS5875649,D,S,T,2024-09-13,1000000.00,3.530854,101.33984375
08:00:31,91282CLJ8,TSRYS5875649,D,S,T,2024-09-13,2000000.00,3.533387,101.32421875
08:00:31,91282CLJ8,TSRYS5875649,D,S,D,2024-09-13,1000000.00,3.533387,101.32421875
08:00:31,91282CLJ8,TSRYS5875649,D,S,T,2024-09-13,1000000.00,3.532754,101.328125
08:00:31,91282CLJ8,TSRYS5875649,D,S,T,2024-09-13,1000000.00,3.530854,101.33984375
08:00:31,91282CLJ8,TSRYS5875649,D,S,D,2024-09-13,1000000.00,3.530854,101.33984375
08:00:31,91282CLJ8,TSRYS5875649,D,S,T,2024-09-13,1000000.00,3.526421,101.3671875
08:00:31,91282CLJ8,TSRYS5875649,D,S,T,2024-09-13,1000000.00,3.525155,101.375
08:00:31,91282CLJ8,TSRYS5875649,D,S,T,2024-09-13,1000000.00,3.523889,101.3828125
08:00:31,91282CLJ8,TSRYS5875649,D,S,T,2024-09-13,1000000.00,3.525155,101.375
08:00:31,91282CLJ8,TSRYS5875649,D,S,T,2024-09-13,1000000.00,3.526421,101.3671875
08:00:31,91282CLJ8,TSRYS5875649,D,S,T,2024-09-13,2000000.00,3.526738,101.365234375
08:00:32,91282CLJ8,TSRYS5875649,D,S,T,2024-09-13,1000000.00,3.530221,101.34375
08:00:32,91282CLJ8,TSRYS5875649,D,S,T,2024-09-13,1000000.00,3.528954,101.3515625
08:00:32,91282CLJ8,TSRYS5875649,D,S,T,2024-09-13,2000000.00,3.528954,101.3515625
08:00:32,91282CLJ8,TSRYS5875649,D,S,T,2024-09-13,3000000.00,3.528954,101.3515625
08:00:32,91282CLJ8,TSRYS5875649,D,S,T,2024-09-13,3000000.00,3.528954,101.3515625
08:00:32,91282CLJ8,TSRYS5875649,D,S,T,2024-09-13,3000000.00,3.528954,101.3515625
08:00:32,91282CLJ8,TSRYS5875649,D,S,T,2024-09-13,2000000.00,3.528954,101.3515625
08:00:32,91282CLJ8,TSRYS5875649,D,S,T,2024-09-13,1000000.00,3.530221,101.34375
08:00:32,91282CLJ8,TSRYS5875649,D,S,T,2024-09-13,1000000.00,3.531171,101.337890625
08:00:32,91282CLJ8,TSRYS5875649,D,S,D,2024-09-13,1000000.00,3.531171,101.337890625
08:00:32,91282CLJ8,TSRYS5875649,D,S,T,2024-09-13,2000000.00,3.531487,101.3359375
08:00:32,91282CLJ8,TSRYS5875649,D,S,T,2024-09-13,2000000.00,3.533387,101.32421875
08:00:32,91282CLJ8,TSRYS5875649,D,S,D,2024-09-13,1000000.00,3.533387,101.32421875
08:00:32,91282CLJ8,TSRYS5875649,D,S,T,2024-09-13,1000000.00,3.532754,101.328125
08:00:32,91282CLJ8,TSRYS5875649,D,S,T,2024-09-13,1000000.00,3.532754,101.328125
08:00:32,91282CLJ8,TSRYS5875649,D,S,T,2024-09-13,1000000.00,3.532754,101.328125
08:00:32,91282CLJ8,TSRYS5875649,D,S,T,2024-09-13,1000000.00,3.532754,101.328125
08:00:32,91282CLJ8,TSRYS5875649,D,S,T,2024-09-13,1000000.00,3.532754,101.328125
08:00:32,91282CLJ8,TSRYS5875649,D,S,T,2024-09-13,1000000.00,3.533704,101.322265625
08:00:32,91282CLJ8,TSRYS5875649,D,S,T,2024-09-13,1000000.00,3.533387,101.32421875
08:00:32,91282CLJ8,TSRYS5875649,D,S,D,2024-09-13,1000000.00,3.533387,101.32421875
08:00:32,91282CLJ8,TSRYS5875649,D,S,T,2024-09-13,1000000.00,3.533704,101.322265625
08:00:32,91282CLJ8,TSRYS5875649,D,S,T,2024-09-13,1000000.00,3.533704,101.322265625
08:00:32,91282CLJ8,TSRYS5875649,D,S,T,2024-09-13,1000000.00,3.535288,101.3125
08:00:32,91282CLJ8,TSRYS5875649,D,S,T,2024-09-13,2000000.00,3.535922,101.30859375
08:00:32,91282CLJ8,TSRYS5875649,D,S,T,2024-09-13,1000000.00,3.536555,101.3046875
08:00:32,91282CLJ8,TSRYS5875649,D,S,T,2024-09-13,1000000.00,3.537189,101.30078125
08:00:32,91282CLJ8,TSRYS5875649,D,S,D,2024-09-13,1000000.00,3.537822,101.296875
08:00:32,91282CLJ8,TSRYS5875649,D,S,D,2024-09-13,1000000.00,3.537822,101.296875
08:00:32,91282CLJ8,TSRYS5875649,D,S,T,2024-09-13,1000000.00,3.535605,101.310546875
08:00:32,91282CLJ8,TSRYS5875649,D,S,T,2024-09-13,1000000.00,3.535605,101.310546875
08:00:32,91282CLJ8,TSRYS5875649,D,S,T,2024-09-13,1000000.00,3.535605,101.310546875
08:00:32,91282CLJ8,TSRYS5875649,D,S,T,2024-09-13,1000000.00,3.535605,101.310546875
08:00:32,91282CLJ8,TSRYS5875649,D,S,D,2024-09-13,1000000.00,3.531171,101.337890625
08:00:32,91282CLJ8,TSRYS5875649,D,S,D,2024-09-13,1000000.00,3.531171,101.337890625
08:00:32,91282CLJ8,TSRYS5875649,D,S,T,2024-09-13,1000000.00,3.531171,101.337890625
08:00:32,91282CLJ8,TSRYS5875649,D,S,D,2024-09-13,1000000.00,3.530854,101.33984375
08:00:32,91282CLJ8,TSRYS5875649,D,S,D,2024-09-13,1000000.00,3.530854,101.33984375
08:00:32,91282CLJ8,TSRYS5875649,D,S,D,2024-09-13,1000000.00,3.530854,101.33984375
08:00:32,91282CLJ8,TSRYS5875649,D,S,D,2024-09-13,1000000.00,3.530854,101.33984375
08:00:32,91282CLJ8,TSRYS5875649,D,S,D,2024-09-13,1000000.00,3.530854,101.33984375
08:00:32,91282CLJ8,TSRYS5875649,D,S,D,2024-09-13,1000000.00,3.530854,101.33984375
08:00:32,91282CLJ8,TSRYS5875649,D,S,D,2024-09-13,1000000.00,3.530854,101.33984375
08:00:32,91282CLJ8,TSRYS5875649,D,S,D,2024-09-13,1000000.00,3.530854,101.33984375
08:00:32,91282CLJ8,TSRYS5875649,D,S,D,2024-09-13,1000000.00,3.530854,101.33984375
08:00:32,91282CLJ8,TSRYS5875649,D,S,D,2024-09-13,1000000.00,3.531487,101.3359375
08:00:32,91282CLJ8,TSRYS5875649,D,S,T,2024-09-13,1000000.00,3.527687,101.359375
08:00:32,91282CLJ8,TSRYS5875649,D,S,T,2024-09-13,1000000.00,3.527687,101.359375
08:00:32,91282CLJ8,TSRYS5875649,D,S,D,2024-09-13,1000000.00,3.525155,101.375
08:00:32,91282CLJ8,TSRYS5875649,D,S,T,2024-09-13,1000000.00,3.526105,101.369140625
08:00:32,91282CLJ8,TSRYS5875649,D,S,T,2024-09-13,1000000.00,3.526105,101.369140625
08:00:32,91282CLJ8,TSRYS5875649,D,S,T,2024-09-13,1000000.00,3.530854,101.33984375
08:00:32,91282CLJ8,TSRYS5875649,D,S,T,2024-09-13,1000000.00,3.530854,101.33984375
08:00:32,91282CLJ8,TSRYS5875649,D,S,T,2024-09-13,1000000.00,3.530854,101.33984375
08:00:32,91282CLJ8,TSRYS5875649,D,S,T,2024-09-13,1000000.00,3.530854,101.33984375
08:00:32,91282CLJ8,TSRYS5875649,D,S,T,2024-09-13,1000000.00,3.526105,101.369140625
08:00:32,91282CLJ8,TSRYS5875649,D,S,T,2024-09-13,1000000.00,3.526105,101.369140625
08:00:32,91282CLJ8,TSRYS5875649,D,S,T,2024-09-13,1000000.00,3.522623,101.390625
08:00:32,91282CLJ8,TSRYS5875649,D,S,T,2024-09-13,1000000.00,3.522623,101.390625
08:00:32,91282CLJ8,TSRYS5875649,D,S,D,2024-09-13,1000000.00,3.526421,101.3671875
08:00:32,91282CLJ8,TSRYS5875649,D,S,T,2024-09-13,1000000.00,3.518509,101.416015625
08:00:32,91282CLJ8,TSRYS5875649,D,S,T,2024-09-13,1000000.00,3.518509,101.416015625
08:00:32,91282CLJ8,TSRYS5875649,D,S,T,2024-09-13,1000000.00,3.516294,101.4296875
08:00:32,91282CLJ8,TSRYS5875649,D,S,T,2024-09-13,1000000.00,3.526105,101.369140625
08:00:32,91282CLJ8,TSRYS5875649,D,S,T,2024-09-13,1000000.00,3.534021,101.3203125
08:00:32,91282CLJ8,TSRYS5875649,D,S,T,2024-09-13,2000000.00,3.534021,101.3203125
08:00:32,91282CLJ8,TSRYS5875649,D,S,T,2024-09-13,1000000.00,3.515345,101.435546875
08:00:32,91282CLJ8,TSRYS5875649,D,S,T,2024-09-13,1000000.00,3.516927,101.42578125
08:00:32,91282CLJ8,TSRYS5875649,D,S,T,2024-09-13,1000000.00,3.515978,101.431640625
08:00:32,91282CLJ8,TSRYS5875649,D,S,T,2024-09-13,1000000.00,3.522306,101.392578125
08:00:32,91282CLJ8,TSRYS5875649,D,S,D,2024-09-13,1000000.00,3.523889,101.3828125
08:00:32,91282CLJ8,TSRYS5875649,D,S,T,2024-09-13,1000000.00,3.523889,101.3828125
08:00:32,91282CLJ8,TSRYS5875649,D,S,T,2024-09-13,1000000.00,3.523889,101.3828125
08:00:32,91282CLJ8,TSRYS5875649,D,S,D,2024-09-13,1000000.00,3.526105,101.369140625
08:00:32,91282CLJ8,TSRYS5875649,D,S,D,2024-09-13,1000000.00,3.523889,101.3828125
08:00:32,91282CLJ8,TSRYS5875649,D,S,T,2024-09-13,1000000.00,3.526105,101.369140625
08:00:32,91282CLJ8,TSRYS5875649,D,S,D,2024-09-13,1000000.00,3.526105,101.369140625
08:00:32,91282CLJ8,TSRYS5875649,D,S,D,2024-09-13,1000000.00,3.526105,101.369140625
08:00:32,91282CLJ8,TSRYS5875649,D,S,T,2024-09-13,1000000.00,3.528637,101.353515625
08:00:32,91282CLJ8,TSRYS5875649,D,S,D,2024-09-13,1000000.00,3.526105,101.369140625
08:00:32,91282CLJ8,TSRYS5875649,D,S,D,2024-09-13,2000000.00,3.526105,101.369140625
08:00:32,91282CLJ8,TSRYS5875649,D,S,D,2024-09-13,1000000.00,3.526105,101.369140625
08:00:32,91282CLJ8,TSRYS5875649,D,S,D,2024-09-13,1000000.00,3.526105,101.369140625
08:00:32,91282CLJ8,TSRYS5875649,D,S,D,2024-09-13,1000000.00,3.526105,101.369140625
08:00:32,91282CLJ8,TSRYS5875649,D,S,D,2024-09-13,1000000.00,3.526105,101.369140625
08:00:32,91282CLJ8,TSRYS5875649,D,S,D,2024-09-13,1000000.00,3.526105,101.369140625
08:00:32,91282CLJ8,TSRYS5875649,D,S,D,2024-09-13,1000000.00,3.526105,101.369140625
08:00:32,91282CLJ8,TSRYS5875649,D,S,D,2024-09-13,1000000.00,3.523889,101.3828125
08:00:32,91282CLJ8,TSRYS5875649,D,S,D,2024-09-13,1000000.00,3.533387,101.32421875
08:00:32,91282CLJ8,TSRYS5875649,D,S,D,2024-09-13,1000000.00,3.530854,101.33984375
08:00:32,91282CLJ8,TSRYS5875649,D,S,T,2024-09-13,1000000.00,3.530854,101.33984375
08:00:32,91282CLJ8,TSRYS5875649,D,S,D,2024-09-13,1000000.00,3.531171,101.337890625
08:00:32,91282CLJ8,TSRYS5875649,D,S,D,2024-09-13,1000000.00,3.533387,101.32421875
08:00:32,91282CLJ8,TSRYS5875649,D,S,D,2024-09-13,1000000.00,3.533387,101.32421875
08:00:32,91282CLJ8,TSRYS5875649,D,S,D,2024-09-13,1000000.00,3.537822,101.296875
08:00:32,91282CLJ8,TSRYS5875649,D,S,D,2024-09-13,1000000.00,3.530854,101.33984375
08:00:32,91282CLJ8,TSRYS5875649,D,S,D,2024-09-13,1000000.00,3.528637,101.353515625
08:00:32,91282CLJ8,TSRYS5875649,D,S,D,2024-09-13,1000000.00,3.528954,101.3515625
08:00:32,91282CLJ8,TSRYS5875649,D,S,D,2024-09-13,1000000.00,3.528954,101.3515625
08:00:32,91282CLJ8,TSRYS5875649,D,S,D,2024-09-13,1000000.00,3.530854,101.33984375
08:00:32,91282CLJ8,TSRYS5875649,D,S,D,2024-09-13,1000000.00,3.530854,101.33984375
08:00:32,91282CLJ8,TSRYS5875649,D,S,D,2024-09-13,1000000.00,3.533387,101.32421875
08:00:32,91282CLJ8,TSRYS5875649,D,S,D,2024-09-13,1000000.00,3.526105,101.369140625
08:00:32,91282CLJ8,TSRYS5875649,D,S,D,2024-09-13,1000000.00,3.522623,101.390625
08:00:33,91282CLJ8,TSRYS5875649,D,S,D,2024-09-13,1000000.00,3.532754,101.328125
08:00:33,91282CLJ8,TSRYS5875649,D,S,D,2024-09-13,1000000.00,3.523572,101.384765625
08:00:33,91282CLJ8,TSRYS5875649,D,S,D,2024-09-13,1000000.00,3.528004,101.357421875
08:00:33,91282CLJ8,TSRYS5875649,D,S,D,2024-09-13,1000000.00,3.526738,101.365234375
08:00:33,91282CLJ8,TSRYS5875649,D,S,D,2024-09-13,1000000.00,3.526421,101.3671875
08:00:33,91282CLJ8,TSRYS5875649,D,S,D,2024-09-13,280000.00,3.534338,101.318359375
08:00:33,91282CLJ8,TSRYS5875649,D,S,D,2024-09-13,1000000.00,3.532754,101.328125
08:00:33,91282CLJ8,TSRYS5875649,D,S,D,2024-09-13,1000000.00,3.533071,101.326171875
08:00:33,91282CLJ8,TSRYS5875649,D,S,D,2024-09-13,2000000.00,3.535605,101.310546875
08:00:33,91282CLJ8,TSRYS5875649,D,S,D,2024-09-13,1000000.00,3.535605,101.310546875
08:00:33,91282CLJ8,TSRYS5875649,D,S,D,2024-09-13,1000000.00,3.535605,101.310546875
08:00:33,91282CLJ8,TSRYS5875649,D,S,D,2024-09-13,1000000.00,3.530854,101.33984375
08:00:33,91282CLJ8,TSRYS5875649,D,S,D,2024-09-13,1000000.00,3.530854,101.33984375
08:00:33,91282CLJ8,TSRYS5875649,D,S,D,2024-09-13,1000000.00,3.523889,101.3828125
08:00:33,91282CLJ8,TSRYS5875649,D,S,D,2024-09-13,1000000.00,3.526105,101.369140625
08:00:33,91282CLJ8,TSRYS5875649,D,S,D,2024-09-13,1000000.00,3.526105,101.369140625
08:00:33,91282CLJ8,TSRYS5875649,D,S,D,2024-09-13,1000000.00,3.526105,101.369140625
08:00:33,91282CLJ8,TSRYS5875649,D,S,D,2024-09-13,1000000.00,3.526105,101.369140625
08:00:33,91282CLJ8,TSRYS5875649,D,S,D,2024-09-13,1000000.00,3.526105,101.369140625
08:00:33,91282CLJ8,TSRYS5875649,D,S,D,2024-09-13,1000000.00,3.510285,101.466796875
08:00:33,91282CLJ8,TSRYS5875649,D,S,D,2024-09-13,1000000.00,3.519458,101.41015625
08:00:33,91282CLJ8,TSRYS5875649,D,S,T,2024-09-13,1000000.00,3.523889,101.3828125
08:00:33,91282CLJ8,TSRYS5875649,D,S,T,2024-09-13,1000000.00,3.522623,101.390625
08:00:33,91282CLJ8,TSRYS5875649,D,S,D,2024-09-13,1000000.00,3.526738,101.365234375
08:00:33,91282CLJ8,TSRYS5875649,D,S,D,2024-09-13,1000000.00,3.526421,101.3671875
08:00:33,91282CLJ8,TSRYS5875649,D,S,D,2024-09-13,1000000.00,3.530854,101.33984375
08:00:33,91282CLJ8,TSRYS5875649,D,S,D,2024-09-13,1000000.00,3.530854,101.33984375
08:00:33,91282CLJ8,TSRYS5875649,D,S,D,2024-09-13,1000000.00,3.530854,101.33984375
08:00:33,91282CLJ8,TSRYS5875649,D,S,D,2024-09-13,1000000.00,3.530854,101.33984375
08:00:33,91282CLJ8,TSRYS5875649,D,S,D,2024-09-13,1000000.00,3.530854,101.33984375
08:00:33,91282CLJ8,TSRYS5875649,D,S,D,2024-09-13,1000000.00,3.530854,101.33984375
08:00:33,91282CLJ8,TSRYS5875649,D,S,D,2024-09-13,1000000.00,3.533387,101.32421875
08:00:33,91282CLJ8,TSRYS5875649,D,S,D,2024-09-13,1000000.00,3.533071,101.326171875
08:00:33,91282CLJ8,TSRYS5875649,D,S,D,2024-09-13,1000000.00,3.533071,101.326171875
08:00:36,91282CLJ8,TSRYS5875649,D,S,C,2024-09-13,550000.00,3.520368,101.40625
08:00:36,91282CLJ8,TSRYS5875649,D,S,C,2024-09-13,550000.00,3.520368,101.40625
08:00:36,91282CLJ8,TSRYS5875649,D,S,D,2024-09-13,1000000.00,3.528954,101.3515625
08:00:36,91282CLJ8,TSRYS5875649,D,S,D,2024-09-13,1000000.00,3.531487,101.3359375
08:00:36,91282CLJ8,TSRYS5875649,D,S,D,2024-09-13,1000000.00,3.531487,101.3359375
08:00:36,91282CLJ8,TSRYS5875649,D,S,D,2024-09-13,1000000.00,3.531487,101.3359375
08:00:36,91282CLJ8,TSRYS5875649,D,S,D,2024-09-13,1000000.00,3.523889,101.3828125
08:00:36,91282CLJ8,TSRYS5875649,D,S,D,2024-09-13,1000000.00,3.523889,101.3828125
08:00:36,91282CLJ8,TSRYS5875649,D,B,C,2024-09-13,15000000.00,3.529587,101.34765625
08:00:36,91282CLJ8,TSRYS5875649,D,S,D,2024-09-13,2000000.00,3.530537,101.341796875
08:00:36,91282CLJ8,TSRYS5875649,D,S,D,2024-09-13,2000000.00,3.530537,101.341796875
08:00:36,91282CLJ8,TSRYS5875649,D,S,D,2024-09-13,1000000.00,3.525155,101.375
08:00:36,91282CLJ8,TSRYS5875649,D,S,D,2024-09-13,1000000.00,3.525155,101.375
08:00:36,91282CLJ8,TSRYS5875649,D,S,T,2024-09-13,1000000.00,3.525155,101.375
08:00:36,91282CLJ8,TSRYS5875649,D,S,D,2024-09-13,1000000.00,3.520091,101.40625
08:00:36,91282CLJ8,TSRYS5875649,D,S,D,2024-09-13,1000000.00,3.51756,101.421875
08:00:36,91282CLJ8,TSRYS5875649,D,S,D,2024-09-13,1000000.00,3.518825,101.4140625
08:00:36,91282CLJ8,TSRYS5875649,D,S,D,2024-09-13,1000000.00,3.532754,101.328125
08:00:36,91282CLJ8,TSRYS5875649,D,S,C,2024-09-13,1620000.00,3.52199,101.39453125
08:00:36,91282CLJ8,TSRYS5875649,D,S,D,2024-09-13,1000000.00,3.508704,101.4765625
08:00:36,91282CLJ8,TSRYS5875649,D,S,D,2024-09-13,1000000.00,3.508704,101.4765625
08:00:37,91282CLJ8,TSRYS5875649,D,S,C,2024-09-13,5000000.00,3.523256,101.38671875
08:00:37,91282CLJ8,TSRYS5875649,D,S,T,2024-09-13,1000000.00,3.527687,101.359375
08:00:37,91282CLJ8,TSRYS5875649,D,S,D,2024-09-13,6000000.00,3.566388,101.12096
08:00:37,91282CLJ8,TSRYS5875649,D,S,C,2024-09-13,2000000.00,3.522883,101.3890156
08:00:37,91282CLJ8,TSRYS5875649,D,B,C,2024-09-13,5738000.00,3.530854,101.33984375
08:00:37,91282CLJ8,TSRYS5875649,D,S,C,2024-09-13,125000.00,3.534654,101.31640625
08:00:37,91282CLJ8,TSRYS5875649,D,S,D,2024-09-13,1000000.00,3.525155,101.375
08:00:38,91282CLJ8,TSRYS5875649,D,S,D,2024-09-13,1000000.00,3.522623,101.390625
08:00:38,91282CLJ8,TSRYS5875649,D,S,C,2024-09-13,1000000.00,3.522306,101.392578125
08:00:38,91282CLJ8,TSRYS5875649,D,S,D,2024-09-13,1000000.00,3.525155,101.375
08:00:38,91282CLJ8,TSRYS5875649,D,S,D,2024-09-13,1000000.00,3.523889,101.3828125
08:00:39,91282CLJ8,TSRYS5875649,D,S,D,2024-09-13,1000000.00,3.524205,101.380859375
08:00:40,91282CLJ8,TSRYS5875649,D,S,D,2024-09-13,3200000.00,3.530854,101.33984375
08:00:40,91282CLJ8,TSRYS5875649,D,S,D,2024-09-13,1000000.00,3.525155,101.375
08:00:41,91282CLJ8,TSRYS5875649,D,S,C,2024-09-13,1000000.00,3.525788,101.37109375
08:00:41,91282CLJ8,TSRYS5875649,D,S,C,2024-09-13,1000000.00,3.524838,101.376953125
08:00:41,91282CLJ8,TSRYS5875649,D,S,D,2024-09-13,1000000.00,3.520091,101.40625
08:00:42,91282CLJ8,TSRYS5875649,D,S,D,2024-09-13,1000000.00,3.519142,101.412109375
08:00:42,91282CLJ8,TSRYS5875649,D,S,C,2024-09-13,1000000.00,3.519142,101.412109375
08:00:42,91282CLJ8,TSRYS5875649,D,S,C,2024-09-13,1000000.00,3.519142,101.412109375
08:00:42,91282CLJ8,TSRYS5875649,D,S,C,2024-09-13,1000000.00,3.519142,101.412109375
08:00:42,91282CLJ8,TSRYS5875649,D,S,D,2024-09-13,1000000.00,3.51756,101.421875
08:00:42,91282CLJ8,TSRYS5875649,D,S,C,2024-09-13,1000000.00,3.518192,101.41796875
08:00:42,91282CLJ8,TSRYS5875649,D,S,D,2024-09-13,1000000.00,3.518825,101.4140625
08:00:42,91282CLJ8,TSRYS5875649,D,S,C,2024-09-13,1000000.00,3.518509,101.416015625
08:00:42,91282CLJ8,TSRYS5875649,D,S,C,2024-09-13,1000000.00,3.519458,101.41015625
08:00:42,91282CLJ8,TSRYS5875649,D,S,D,2024-09-13,1000000.00,3.518825,101.4140625
08:00:42,91282CLJ8,TSRYS5875649,D,B,C,2024-09-13,3200000.00,3.530854,101.33984375
08:00:43,91282CLJ8,TSRYS5875649,D,S,D,2024-09-13,1000000.00,3.521357,101.3984375
08:00:46,91282CLJ8,TSRYS5875649,D,S,C,2024-09-13,1000000.00,3.534971,101.314453125
08:00:46,91282CLJ8,TSRYS5875649,D,S,D,2024-09-13,1000000.00,3.532754,101.328125
08:00:46,91282CLJ8,TSRYS5875649,D,S,D,2024-09-13,1000000.00,3.532754,101.328125
08:00:47,91282CLJ8,TSRYS5875649,D,S,D,2024-09-13,1000000.00,3.532754,101.328125
08:00:47,91282CLJ8,TSRYS5875649,D,S,C,2024-09-13,1000000.00,3.530537,101.341796875
08:00:47,91282CLJ8,TSRYS5875649,D,S,D,2024-09-13,1000000.00,3.530537,101.341796875
08:00:47,91282CLJ8,TSRYS5875649,D,S,D,2024-09-13,1000000.00,3.528954,101.3515625
08:00:47,91282CLJ8,TSRYS5875649,D,S,C,2024-09-13,1000000.00,3.526738,101.365234375
08:00:47,91282CLJ8,TSRYS5875649,D,S,T,2024-09-13,1000000.00,3.526421,101.3671875
08:00:47,91282CLJ8,TSRYS5875649,D,S,T,2024-09-13,1000000.00,3.526421,101.3671875
08:00:47,91282CLJ8,TSRYS5875649,D,B,A,2024-09-13,18556000.00,3.492272,101.578125
08:00:47,91282CLJ8,TSRYS5875649,D,S,D,2024-09-13,1000000.00,3.532121,101.33203125
08:00:48,91282CLJ8,TSRYS5875649,D,S,D,2024-09-13,2004000.00,3.534021,101.3203125
08:00:48,91282CLJ8,TSRYS5875649,D,S,D,2024-09-13,1000000.00,3.508704,101.4765625
08:00:48,91282CLJ8,TSRYS5875649,D,S,D,2024-09-13,1000000.00,3.508704,101.4765625
08:00:48,91282CLJ8,TSRYS5875649,D,S,D,2024-09-13,1000000.00,3.513447,101.447265625
08:00:48,91282CLJ8,TSRYS5875649,D,S,D,2024-09-13,2005000.00,3.537189,101.30078125
08:00:50,91282CLJ8,TSRYS5875649,D,S,D,2024-09-13,950000.00,3.525788,101.37109375
08:00:50,91282CLJ8,TSRYS5875649,D,S,D,2024-09-13,1000000.00,3.516927,101.42578125
08:00:51,91282CLJ8,TSRYS5875649,D,S,D,2024-09-13,1000000.00,3.520091,101.40625
08:00:51,91282CLJ8,TSRYS5875649,D,S,D,2024-09-13,1000000.00,3.519458,101.41015625
08:00:53,91282CLJ8,TSRYS5875649,D,S,D,2024-09-13,1000000.00,3.520407,101.404296875
08:00:53,91282CLJ8,TSRYS5875649,D,S,D,2024-09-13,1000000.00,3.519458,101.41015625
08:00:53,91282CLJ8,TSRYS5875649,D,S,D,2024-09-13,1000000.00,3.521357,101.3984375
08:00:53,91282CLJ8,TSRYS5875649,D,S,D,2024-09-13,1000000.00,3.522939,101.388671875
08:00:53,91282CLJ8,TSRYS5875649,D,S,D,2024-09-13,2000000.00,3.522939,101.388671875
08:00:57,91282CLJ8,TSRYS5875649,D,S,C,2024-09-13,1000000.00,3.528321,101.35546875
08:00:57,91282CLJ8,TSRYS5875649,D,B,C,2024-09-13,1000000.00,3.527687,101.359375
08:00:57,91282CLJ8,TSRYS5875649,D,S,D,2024-09-13,1000000.00,3.527687,101.359375
08:00:58,91282CLJ8,TSRYS5875649,D,S,D,2024-09-13,2000000.00,3.530221,101.34375
08:00:59,91282CLJ8,TSRYS5875649,D,S,T,2024-09-13,1000000.00,3.534021,101.3203125
08:00:59,91282CLJ8,TSRYS5875649,D,S,D,2024-09-13,95000.00,3.534021,101.3203125
08:00:59,91282CLJ8,TSRYS5875649,D,S,D,2024-09-13,1000000.00,3.534338,101.318359375
08:00:59,91282CLJ8,TSRYS5875649,D,S,C,2024-09-13,1000000.00,3.528954,101.3515625
08:00:59,91282CLJ8,TSRYS5875649,D,S,D,2024-09-13,1000000.00,3.528954,101.3515625
08:00:59,91282CLJ8,TSRYS5875649,D,S,D,2024-09-13,1000000.00,3.528954,101.3515625
08:00:59,91282CLJ8,TSRYS5875649,D,S,T,2024-09-13,1000000.00,3.537822,101.296875
08:00:59,91282CLJ8,TSRYS5875649,D,S,D,2024-09-13,1000000.00,3.528954,101.3515625
08:01:00,91282CLJ8,TSRYS5875649,D,B,C,2024-09-13,1000000.00,3.534338,101.318359375
08:01:00,91282CLJ8,TSRYS5875649,D,B,C,2024-09-13,1000000.00,3.534338,101.318359375
08:01:00,91282CLJ8,TSRYS5875649,D,S,D,2024-09-13,1000000.00,3.534338,101.318359375
08:01:00,91282CLJ8,TSRYS5875649,D,S,D,2024-09-13,1000000.00,3.534338,101.318359375
08:01:00,91282CLJ8,TSRYS5875649,D,S,C,2024-09-13,1000000.00,3.530854,101.33984375
08:01:00,91282CLJ8,TSRYS5875649,D,S,D,2024-09-13,1000000.00,3.531487,101.3359375
08:01:01,91282CLJ8,TSRYS5875649,D,B,C,2024-09-13,1000000.00,3.531487,101.3359375
08:01:01,91282CLJ8,TSRYS5875649,D,S,T,2024-09-13,1000000.00,3.516947,101.42565625
08:01:01,91282CLJ8,TSRYS5875649,D,S,T,2024-09-13,1000000.00,3.516947,101.42565625
08:01:02,91282CLJ8,TSRYS5875649,D,S,T,2024-09-13,1000000.00,3.5141,101.443234375
08:01:02,91282CLJ8,TSRYS5875649,D,S,T,2024-09-13,2000000.00,3.5141,101.443234375
08:01:02,91282CLJ8,TSRYS5875649,D,S,T,2024-09-13,1000000.00,3.5141,101.443234375
08:01:02,91282CLJ8,TSRYS5875649,D,S,D,2024-09-13,1000000.00,3.533704,101.322265625
08:01:02,91282CLJ8,TSRYS5875649,D,S,D,2024-09-13,1000000.00,3.537822,101.296875
08:01:02,91282CLJ8,TSRYS5875649,D,B,C,2024-09-13,1000000.00,3.533704,101.322265625
08:01:02,91282CLJ8,TSRYS5875649,D,S,D,2024-09-13,1000000.00,3.537822,101.296875
08:01:02,91282CLJ8,TSRYS5875649,D,B,C,2024-09-13,9400000.00,3.534021,101.3203125
08:01:02,91282CLJ8,TSRYS5875649,D,S,T,2024-09-13,1000000.00,3.513468,101.447140625
08:01:02,91282CLJ8,TSRYS5875649,D,S,T,2024-09-13,2000000.00,3.513468,101.447140625
08:01:03,91282CLJ8,TSRYS5875649,D,S,T,2024-09-13,1000000.00,3.532754,101.328125
08:01:03,91282CLJ8,TSRYS5875649,D,S,T,2024-09-13,1000000.00,3.532754,101.328125
08:01:03,91282CLJ8,TSRYS5875649,D,S,T,2024-09-13,1000000.00,3.513468,101.447140625
08:01:03,91282CLJ8,TSRYS5875649,D,S,T,2024-09-13,1000000.00,3.513764,101.4453125
08:01:03,91282CLJ8,TSRYS5875649,D,S,C,2024-09-13,1000000.00,3.534971,101.314453125
08:01:03,91282CLJ8,TSRYS5875649,D,S,C,2024-09-13,1000000.00,3.534971,101.314453125
08:01:04,91282CLJ8,TSRYS5875649,D,S,D,2024-09-13,280000.00,3.534106,101.319787946
08:01:04,91282CLJ8,TSRYS5875649,D,S,D,2024-09-13,1000000.00,3.532754,101.328125
08:01:04,91282CLJ8,TSRYS5875649,D,S,C,2024-09-13,1000000.00,3.534654,101.31640625
08:01:04,91282CLJ8,TSRYS5875649,D,S,C,2024-09-13,1000000.00,3.537506,101.298828125
08:01:04,91282CLJ8,TSRYS5875649,D,S,D,2024-09-13,1000000.00,3.537822,101.296875
08:01:04,91282CLJ8,TSRYS5875649,D,B,C,2024-09-13,1000000.00,3.537822,101.296875
08:01:04,91282CLJ8,TSRYS5875649,D,B,C,2024-09-13,1000000.00,3.538139,101.294921875
08:01:04,91282CLJ8,TSRYS5875649,D,S,D,2024-09-13,1000000.00,3.538139,101.294921875
08:01:04,91282CLJ8,TSRYS5875649,D,S,T,2024-09-13,1000000.00,3.51758,101.42175
08:01:04,91282CLJ8,TSRYS5875649,D,S,T,2024-09-13,1000000.00,3.51758,101.42175
08:01:05,91282CLJ8,TSRYS5875649,D,S,T,2024-09-13,1000000.00,3.519775,101.408203125
08:01:06,91282CLJ8,TSRYS5875649,D,S,T,2024-09-13,1000000.00,3.530242,101.34362
08:01:07,91282CLJ8,TSRYS5875649,D,S,T,2024-09-13,1000000.00,3.519458,101.41015625
08:01:07,91282CLJ8,TSRYS5875649,D,S,T,2024-09-13,1000000.00,3.519458,101.41015625
08:01:08,91282CLJ8,TSRYS5875649,D,S,T,2024-09-13,4000000.00,3.527709,101.359245
08:01:09,91282CLJ8,TSRYS5875649,D,S,D,2024-09-13,1000000.00,3.529904,101.345703125
08:01:09,91282CLJ8,TSRYS5875649,D,S,D,2024-09-13,1000000.00,3.529904,101.345703125
08:01:09,91282CLJ8,TSRYS5875649,D,S,D,2024-09-13,1000000.00,3.529904,101.345703125
08:01:09,91282CLJ8,TSRYS5875649,D,S,D,2024-09-13,2000000.00,3.529904,101.345703125
08:01:09,91282CLJ8,TSRYS5875649,D,S,D,2024-09-13,2000000.00,3.529904,101.345703125
08:01:09,91282CLJ8,TSRYS5875649,D,S,D,2024-09-13,1000000.00,3.525155,101.375
08:01:09,91282CLJ8,TSRYS5875649,D,S,D,2024-09-13,4000000.00,3.525155,101.375
08:01:09,91282CLJ8,TSRYS5875649,D,S,T,2024-09-13,1000000.00,3.52992,101.345603125
08:01:09,91282CLJ8,TSRYS5875649,D,S,T,2024-09-13,1000000.00,3.52992,101.345603125
08:01:09,91282CLJ8,TSRYS5875649,D,S,T,2024-09-13,1000000.00,3.52992,101.345603125
08:01:09,91282CLJ8,TSRYS5875649,D,S,T,2024-09-13,2000000.00,3.52992,101.345603125
08:01:09,91282CLJ8,TSRYS5875649,D,S,T,2024-09-13,1000000.00,3.52992,101.345603125
08:01:09,91282CLJ8,TSRYS5875649,D,S,T,2024-09-13,1000000.00,3.525171,101.3749
08:01:09,91282CLJ8,TSRYS5875649,D,S,T,2024-09-13,2000000.00,3.525171,101.3749
08:01:10,91282CLJ8,TSRYS5875649,D,S,T,2024-09-13,1000000.00,3.525183,101.374825
08:01:10,91282CLJ8,TSRYS5875649,D,S,T,2024-09-13,1000000.00,3.525191,101.374775
08:01:10,91282CLJ8,TSRYS5875649,D,S,T,2024-09-13,1000000.00,3.525191,101.374775
08:01:10,91282CLJ8,TSRYS5875649,D,S,T,2024-09-13,1000000.00,3.525191,101.374775
08:01:10,91282CLJ8,TSRYS5875649,D,S,T,2024-09-13,1000000.00,3.525191,101.374775
08:01:10,91282CLJ8,TSRYS5875649,D,S,T,2024-09-13,2000000.00,3.525191,101.374775
08:01:12,91282CLJ8,TSRYS5875649,D,S,A,2024-09-13,1857000.00,3.525788,101.37109375
08:01:13,91282CLJ8,TSRYS5875649,D,S,A,2024-09-13,1850000.00,3.527054,101.36328125
08:01:13,91282CLJ8,TSRYS5875649,D,S,T,2024-09-13,1000000.00,3.519458,101.41015625
08:01:13,91282CLJ8,TSRYS5875649,D,B,C,2024-09-13,15000000.00,3.530221,101.34375
08:01:13,91282CLJ8,TSRYS5875649,D,S,D,2024-09-13,1000000.00,3.528954,101.3515625
08:01:13,91282CLJ8,TSRYS5875649,D,S,D,2024-09-13,1000000.00,3.531487,101.3359375
08:01:13,91282CLJ8,TSRYS5875649,D,S,D,2024-09-13,1000000.00,3.528954,101.3515625
08:01:13,91282CLJ8,TSRYS5875649,D,B,C,2024-09-13,2000000.00,3.533704,101.322265625
08:01:13,91282CLJ8,TSRYS5875649,D,S,D,2024-09-13,1000000.00,3.527687,101.359375
08:01:13,91282CLJ8,TSRYS5875649,D,B,C,2024-09-13,1000000.00,3.527687,101.359375
08:01:13,91282CLJ8,TSRYS5875649,D,B,C,2024-09-13,1000000.00,3.528954,101.3515625
08:01:13,91282CLJ8,TSRYS5875649,D,S,C,2024-09-13,1000000.00,3.533071,101.326171875
08:01:13,91282CLJ8,TSRYS5875649,D,B,C,2024-09-13,2000000.00,3.533704,101.322265625
08:01:13,91282CLJ8,TSRYS5875649,D,S,C,2024-09-13,1000000.00,3.534021,101.3203125
08:01:13,91282CLJ8,TSRYS5875649,D,S,D,2024-09-13,2000000.00,3.533704,101.322265625
08:01:13,91282CLJ8,TSRYS5875649,D,B,C,2024-09-13,2000000.00,3.526105,101.369140625
08:01:13,91282CLJ8,TSRYS5875649,D,B,C,2024-09-13,1000000.00,3.526421,101.3671875
08:01:13,91282CLJ8,TSRYS5875649,D,S,D,2024-09-13,1000000.00,3.531487,101.3359375
08:01:13,91282CLJ8,TSRYS5875649,D,B,C,2024-09-13,1000000.00,3.526421,101.3671875
08:01:13,91282CLJ8,TSRYS5875649,D,S,D,2024-09-13,2000000.00,3.526421,101.3671875
08:01:13,91282CLJ8,TSRYS5875649,D,B,C,2024-09-13,1000000.00,3.528321,101.35546875
08:01:13,91282CLJ8,TSRYS5875649,D,S,D,2024-09-13,2000000.00,3.533704,101.322265625
08:01:13,91282CLJ8,TSRYS5875649,D,S,D,2024-09-13,2000000.00,3.526105,101.369140625
08:01:13,91282CLJ8,TSRYS5875649,D,S,D,2024-09-13,1000000.00,3.526421,101.3671875
08:01:13,91282CLJ8,TSRYS5875649,D,B,C,2024-09-13,1000000.00,3.528321,101.35546875
08:01:13,91282CLJ8,TSRYS5875649,D,S,D,2024-09-13,1000000.00,3.526421,101.3671875
08:01:13,91282CLJ8,TSRYS5875649,D,S,D,2024-09-13,1000000.00,3.528321,101.35546875
08:01:13,91282CLJ8,TSRYS5875649,D,S,D,2024-09-13,1000000.00,3.528637,101.353515625
08:01:13,91282CLJ8,TSRYS5875649,D,S,T,2024-09-13,1000000.00,3.530242,101.34362
08:01:13,91282CLJ8,TSRYS5875649,D,S,T,2024-09-13,1000000.00,3.530242,101.34362
08:01:13,91282CLJ8,TSRYS5875649,D,S,D,2024-09-13,1000000.00,3.528321,101.35546875
08:01:13,91282CLJ8,TSRYS5875649,D,S,D,2024-09-13,1000000.00,3.528321,101.35546875
08:01:13,91282CLJ8,TSRYS5875649,D,S,D,2024-09-13,1000000.00,3.528321,101.35546875
08:01:13,91282CLJ8,TSRYS5875649,D,B,C,2024-09-13,1000000.00,3.528321,101.35546875
08:01:13,91282CLJ8,TSRYS5875649,D,S,D,2024-09-13,1000000.00,3.528321,101.35546875
08:01:13,91282CLJ8,TSRYS5875649,D,S,T,2024-09-13,1000000.00,3.530242,101.34362
08:01:13,91282CLJ8,TSRYS5875649,D,S,T,2024-09-13,1000000.00,3.530242,101.34362
08:01:13,91282CLJ8,TSRYS5875649,D,S,D,2024-09-13,1000000.00,3.529271,101.349609375
08:01:14,91282CLJ8,TSRYS5875649,D,B,C,2024-09-13,1000000.00,3.529904,101.345703125
08:01:14,91282CLJ8,TSRYS5875649,D,B,C,2024-09-13,1000000.00,3.529271,101.349609375
08:01:14,91282CLJ8,TSRYS5875649,D,S,D,2024-09-13,1000000.00,3.529904,101.345703125
08:01:14,91282CLJ8,TSRYS5875649,D,B,C,2024-09-13,1000000.00,3.528321,101.35546875
08:01:14,91282CLJ8,TSRYS5875649,D,S,T,2024-09-13,1000000.00,3.528975,101.3514325
08:01:14,91282CLJ8,TSRYS5875649,D,S,T,2024-09-13,1000000.00,3.528975,101.3514325
08:01:14,91282CLJ8,TSRYS5875649,D,B,C,2024-09-13,1000000.00,3.528321,101.35546875
08:01:14,91282CLJ8,TSRYS5875649,D,S,D,2024-09-13,1000000.00,3.531487,101.3359375
08:01:14,91282CLJ8,TSRYS5875649,D,B,C,2024-09-13,1000000.00,3.528004,101.357421875
08:01:14,91282CLJ8,TSRYS5875649,D,S,D,2024-09-13,1000000.00,3.528004,101.357421875
08:01:14,91282CLJ8,TSRYS5875649,D,S,D,2024-09-13,1000000.00,3.529904,101.345703125
08:01:14,91282CLJ8,TSRYS5875649,D,S,T,2024-09-13,1000000.00,3.528975,101.3514325
08:01:14,91282CLJ8,TSRYS5875649,D,S,D,2024-09-13,1000000.00,3.525155,101.375
08:01:14,91282CLJ8,TSRYS5875649,D,B,C,2024-09-13,1000000.00,3.529904,101.345703125
08:01:14,91282CLJ8,TSRYS5875649,D,B,C,2024-09-13,1000000.00,3.525155,101.375
08:01:14,91282CLJ8,TSRYS5875649,D,S,D,2024-09-13,1000000.00,3.527371,101.361328125
08:01:14,91282CLJ8,TSRYS5875649,D,B,C,2024-09-13,1000000.00,3.527371,101.361328125
08:01:14,91282CLJ8,TSRYS5875649,D,S,T,2024-09-13,1000000.00,3.528975,101.3514325
08:01:14,91282CLJ8,TSRYS5875649,D,S,D,2024-09-13,1000000.00,3.523889,101.3828125
08:01:14,91282CLJ8,TSRYS5875649,D,S,T,2024-09-13,1000000.00,3.528975,101.3514325
08:01:14,91282CLJ8,TSRYS5875649,D,S,D,2024-09-13,1000000.00,3.525155,101.375
08:01:14,91282CLJ8,TSRYS5875649,D,S,D,2024-09-13,1000000.00,3.523889,101.3828125
08:01:14,91282CLJ8,TSRYS5875649,D,S,D,2024-09-13,1000000.00,3.523889,101.3828125
08:01:15,91282CLJ8,TSRYS5875649,D,S,D,2024-09-13,1000000.00,3.529904,101.345703125
08:01:15,91282CLJ8,TSRYS5875649,D,S,D,2024-09-13,1000000.00,3.529904,101.345703125
08:01:15,91282CLJ8,TSRYS5875649,D,S,C,2024-09-13,1000000.00,3.529904,101.345703125
08:01:15,91282CLJ8,TSRYS5875649,D,S,D,2024-09-13,2000000.00,3.529904,101.345703125
08:01:15,91282CLJ8,TSRYS5875649,D,S,D,2024-09-13,2000000.00,3.530537,101.341796875
08:01:15,91282CLJ8,TSRYS5875649,D,S,D,2024-09-13,2000000.00,3.529904,101.345703125
08:01:15,91282CLJ8,TSRYS5875649,D,S,D,2024-09-13,2000000.00,3.530537,101.341796875
08:01:15,91282CLJ8,TSRYS5875649,D,S,D,2024-09-13,1000000.00,3.525155,101.375
08:01:15,91282CLJ8,TSRYS5875649,D,S,C,2024-09-13,1000000.00,3.522306,101.392578125
08:01:15,91282CLJ8,TSRYS5875649,D,S,D,2024-09-13,1000000.00,3.522306,101.392578125
08:01:15,91282CLJ8,TSRYS5875649,D,B,C,2024-09-13,1000000.00,3.522306,101.392578125
08:01:15,91282CLJ8,TSRYS5875649,D,S,D,2024-09-13,1000000.00,3.525155,101.375
08:01:15,91282CLJ8,TSRYS5875649,D,S,D,2024-09-13,1000000.00,3.526105,101.369140625
08:01:15,91282CLJ8,TSRYS5875649,D,S,D,2024-09-13,1000000.00,3.525155,101.375
08:01:15,91282CLJ8,TSRYS5875649,D,S,D,2024-09-13,4000000.00,3.525155,101.375
08:01:15,91282CLJ8,TSRYS5875649,D,S,D,2024-09-13,1000000.00,3.524838,101.376953125
08:01:15,91282CLJ8,TSRYS5875649,D,B,C,2024-09-13,1000000.00,3.524838,101.376953125
08:01:15,91282CLJ8,TSRYS5875649,D,S,D,2024-09-13,1000000.00,3.520091,101.40625
08:01:15,91282CLJ8,TSRYS5875649,D,S,D,2024-09-13,1000000.00,3.519142,101.412109375
08:01:16,91282CLJ8,TSRYS5875649,D,S,D,2024-09-13,1000000.00,3.518825,101.4140625
08:01:16,91282CLJ8,TSRYS5875649,D,S,D,2024-09-13,1000000.00,3.51756,101.421875
08:01:16,91282CLJ8,TSRYS5875649,D,B,C,2024-09-13,1000000.00,3.518192,101.41796875
08:01:16,91282CLJ8,TSRYS5875649,D,S,D,2024-09-13,1000000.00,3.518192,101.41796875
08:01:16,91282CLJ8,TSRYS5875649,D,S,D,2024-09-13,1000000.00,3.518825,101.4140625
08:01:16,91282CLJ8,TSRYS5875649,D,S,D,2024-09-13,1000000.00,3.518509,101.416015625
08:01:16,91282CLJ8,TSRYS5875649,D,B,C,2024-09-13,1000000.00,3.518509,101.416015625
08:01:16,91282CLJ8,TSRYS5875649,D,S,D,2024-09-13,1000000.00,3.518825,101.4140625
08:01:16,91282CLJ8,TSRYS5875649,D,B,C,2024-09-13,1000000.00,3.519458,101.41015625
08:01:16,91282CLJ8,TSRYS5875649,D,S,D,2024-09-13,1000000.00,3.519458,101.41015625
08:01:16,91282CLJ8,TSRYS5875649,D,S,T,2024-09-13,1000000.00,3.533387,101.32421875
08:01:16,91282CLJ8,TSRYS5875649,D,S,D,2024-09-13,1000000.00,3.531487,101.3359375
08:01:17,91282CLJ8,TSRYS5875649,D,B,C,2024-09-13,1000000.00,3.534971,101.314453125
08:01:17,91282CLJ8,TSRYS5875649,D,S,D,2024-09-13,1000000.00,3.534971,101.314453125
08:01:17,91282CLJ8,TSRYS5875649,D,S,C,2024-09-13,1000000.00,3.534971,101.314453125
08:01:17,91282CLJ8,TSRYS5875649,D,S,D,2024-09-13,1000000.00,3.532754,101.328125
08:01:17,91282CLJ8,TSRYS5875649,D,B,C,2024-09-13,1000000.00,3.530537,101.341796875
08:01:17,91282CLJ8,TSRYS5875649,D,S,D,2024-09-13,1000000.00,3.530537,101.341796875
08:01:17,91282CLJ8,TSRYS5875649,D,S,D,2024-09-13,1000000.00,3.526738,101.365234375
08:01:17,91282CLJ8,TSRYS5875649,D,B,C,2024-09-13,1000000.00,3.526738,101.365234375
08:01:17,91282CLJ8,TSRYS5875649,D,S,D,2024-09-13,1000000.00,3.527687,101.359375
08:01:17,91282CLJ8,TSRYS5875649,D,S,D,2024-09-13,1000000.00,3.525155,101.375
08:01:17,91282CLJ8,TSRYS5875649,D,B,C,2024-09-13,1000000.00,3.520407,101.404296875
08:01:17,91282CLJ8,TSRYS5875649,D,S,D,2024-09-13,1000000.00,3.521357,101.3984375
08:01:17,91282CLJ8,TSRYS5875649,D,B,C,2024-09-13,1000000.00,3.525155,101.375
08:01:17,91282CLJ8,TSRYS5875649,D,S,D,2024-09-13,1000000.00,3.520407,101.404296875
08:01:17,91282CLJ8,TSRYS5875649,D,B,C,2024-09-13,1000000.00,3.520407,101.404296875
08:01:17,91282CLJ8,TSRYS5875649,D,S,D,2024-09-13,1000000.00,3.520407,101.404296875
08:01:17,91282CLJ8,TSRYS5875649,D,S,D,2024-09-13,1000000.00,3.508704,101.4765625
08:01:17,91282CLJ8,TSRYS5875649,D,B,C,2024-09-13,1000000.00,3.502698,101.513671875
08:01:17,91282CLJ8,TSRYS5875649,D,S,D,2024-09-13,1000000.00,3.502698,101.513671875
08:01:18,91282CLJ8,TSRYS5875649,D,S,D,2024-09-13,1000000.00,3.508704,101.4765625
08:01:18,91282CLJ8,TSRYS5875649,D,S,D,2024-09-13,1000000.00,3.513447,101.447265625
08:01:18,91282CLJ8,TSRYS5875649,D,S,D,2024-09-13,1000000.00,3.537822,101.296875
08:01:18,91282CLJ8,TSRYS5875649,D,S,D,2024-09-13,1000000.00,3.512815,101.451171875
08:01:18,91282CLJ8,TSRYS5875649,D,B,C,2024-09-13,1000000.00,3.512815,101.451171875
08:01:18,91282CLJ8,TSRYS5875649,D,B,C,2024-09-13,1000000.00,3.512815,101.451171875
08:01:18,91282CLJ8,TSRYS5875649,D,S,D,2024-09-13,1000000.00,3.512815,101.451171875
08:01:18,91282CLJ8,TSRYS5875649,D,S,D,2024-09-13,1000000.00,3.512815,101.451171875
08:01:18,91282CLJ8,TSRYS5875649,D,B,C,2024-09-13,1000000.00,3.512815,101.451171875
08:01:18,91282CLJ8,TSRYS5875649,D,S,D,2024-09-13,1000000.00,3.516927,101.42578125
08:01:18,91282CLJ8,TSRYS5875649,D,B,C,2024-09-13,2000000.00,3.516294,101.4296875
08:01:18,91282CLJ8,TSRYS5875649,D,B,C,2024-09-13,1000000.00,3.516611,101.427734375
08:01:18,91282CLJ8,TSRYS5875649,D,S,D,2024-09-13,1000000.00,3.516611,101.427734375
08:01:18,91282CLJ8,TSRYS5875649,D,S,D,2024-09-13,2000000.00,3.516294,101.4296875
08:01:18,91282CLJ8,TSRYS5875649,D,B,C,2024-09-13,1000000.00,3.537822,101.296875
08:01:18,91282CLJ8,TSRYS5875649,D,S,D,2024-09-13,1000000.00,3.512499,101.453125
08:01:18,91282CLJ8,TSRYS5875649,D,B,C,2024-09-13,1000000.00,3.512499,101.453125
08:01:18,91282CLJ8,TSRYS5875649,D,B,C,2024-09-13,1000000.00,3.512815,101.451171875
08:01:18,91282CLJ8,TSRYS5875649,D,S,D,2024-09-13,1000000.00,3.512815,101.451171875
08:01:18,91282CLJ8,TSRYS5875649,D,S,C,2024-09-13,1000000.00,3.516611,101.427734375
08:01:18,91282CLJ8,TSRYS5875649,D,S,C,2024-09-13,1000000.00,3.516294,101.4296875
08:01:18,91282CLJ8,TSRYS5875649,D,S,D,2024-09-13,1000000.00,3.519458,101.41015625
08:01:18,91282CLJ8,TSRYS5875649,D,S,D,2024-09-13,1000000.00,3.520091,101.40625
08:01:19,91282CLJ8,TSRYS5875649,D,B,C,2024-09-13,1000000.00,3.520407,101.404296875
08:01:19,91282CLJ8,TSRYS5875649,D,S,D,2024-09-13,1000000.00,3.520407,101.404296875
08:01:19,91282CLJ8,TSRYS5875649,D,B,C,2024-09-13,1000000.00,3.520091,101.40625
08:01:19,91282CLJ8,TSRYS5875649,D,S,D,2024-09-13,1000000.00,3.519458,101.41015625
08:01:19,91282CLJ8,TSRYS5875649,D,S,D,2024-09-13,1000000.00,3.519142,101.412109375
08:01:19,91282CLJ8,TSRYS5875649,D,B,C,2024-09-13,1000000.00,3.519142,101.412109375
08:01:19,91282CLJ8,TSRYS5875649,D,S,C,2024-09-13,1000000.00,3.521357,101.3984375
08:01:19,91282CLJ8,TSRYS5875649,D,B,C,2024-09-13,1000000.00,3.521357,101.3984375
08:01:19,91282CLJ8,TSRYS5875649,D,S,D,2024-09-13,1000000.00,3.521357,101.3984375
08:01:19,91282CLJ8,TSRYS5875649,D,S,C,2024-09-13,1000000.00,3.523889,101.3828125
08:01:19,91282CLJ8,TSRYS5875649,D,S,D,2024-09-13,1000000.00,3.522939,101.388671875
08:01:19,91282CLJ8,TSRYS5875649,D,S,D,2024-09-13,1000000.00,3.537822,101.296875
08:01:19,91282CLJ8,TSRYS5875649,D,S,D,2024-09-13,2000000.00,3.522939,101.388671875
08:01:19,91282CLJ8,TSRYS5875649,D,B,C,2024-09-13,1000000.00,3.523889,101.3828125
08:01:19,91282CLJ8,TSRYS5875649,D,S,D,2024-09-13,1000000.00,3.523889,101.3828125
08:01:19,91282CLJ8,TSRYS5875649,D,S,D,2024-09-13,1000000.00,3.523572,101.384765625
08:01:19,91282CLJ8,TSRYS5875649,D,S,A,2024-09-13,960000.00,3.525155,101.375
08:01:19,91282CLJ8,TSRYS5875649,D,S,C,2024-09-13,1000000.00,3.524205,101.380859375
08:01:19,91282CLJ8,TSRYS5875649,D,S,T,2024-09-13,1000000.00,3.529904,101.345703125
08:01:19,91282CLJ8,TSRYS5875649,D,S,T,2024-09-13,1000000.00,3.529904,101.345703125
08:01:19,91282CLJ8,TSRYS5875649,D,S,D,2024-09-13,1000000.00,3.523889,101.3828125
08:01:19,91282CLJ8,TSRYS5875649,D,S,D,2024-09-13,1000000.00,3.522623,101.390625
08:01:19,91282CLJ8,TSRYS5875649,D,S,D,2024-09-13,1000000.00,3.522623,101.390625
08:01:19,91282CLJ8,TSRYS5875649,D,B,C,2024-09-13,1000000.00,3.522623,101.390625
08:01:19,91282CLJ8,TSRYS5875649,D,S,D,2024-09-13,1000000.00,3.523256,101.38671875
08:01:19,91282CLJ8,TSRYS5875649,D,S,D,2024-09-13,1000000.00,3.523256,101.38671875
08:01:19,91282CLJ8,TSRYS5875649,D,B,C,2024-09-13,1000000.00,3.523256,101.38671875
08:01:19,91282CLJ8,TSRYS5875649,D,S,D,2024-09-13,1000000.00,3.523572,101.384765625
08:01:19,91282CLJ8,TSRYS5875649,D,B,C,2024-09-13,1000000.00,3.523572,101.384765625
08:01:19,91282CLJ8,TSRYS5875649,D,B,C,2024-09-13,1000000.00,3.523256,101.38671875
08:01:19,91282CLJ8,TSRYS5875649,D,S,D,2024-09-13,1000000.00,3.526105,101.369140625
08:01:19,91282CLJ8,TSRYS5875649,D,S,D,2024-09-13,1000000.00,3.528637,101.353515625
08:01:19,91282CLJ8,TSRYS5875649,D,B,C,2024-09-13,1000000.00,3.528637,101.353515625
08:01:19,91282CLJ8,TSRYS5875649,D,S,D,2024-09-13,1000000.00,3.528637,101.353515625
08:01:19,91282CLJ8,TSRYS5875649,D,B,C,2024-09-13,1000000.00,3.528637,101.353515625
08:01:19,91282CLJ8,TSRYS5875649,D,S,D,2024-09-13,1000000.00,3.528637,101.353515625
08:01:19,91282CLJ8,TSRYS5875649,D,S,D,2024-09-13,1000000.00,3.528637,101.353515625
08:01:19,91282CLJ8,TSRYS5875649,D,B,C,2024-09-13,1000000.00,3.528637,101.353515625
08:01:19,91282CLJ8,TSRYS5875649,D,B,C,2024-09-13,1000000.00,3.528637,101.353515625
08:01:19,91282CLJ8,TSRYS5875649,D,S,C,2024-09-13,1000000.00,3.527371,101.361328125
08:01:19,91282CLJ8,TSRYS5875649,D,S,D,2024-09-13,1000000.00,3.526421,101.3671875
08:01:19,91282CLJ8,TSRYS5875649,D,S,C,2024-09-13,1000000.00,3.527371,101.361328125
08:01:19,91282CLJ8,TSRYS5875649,D,S,D,2024-09-13,1000000.00,3.529587,101.34765625
08:01:19,91282CLJ8,TSRYS5875649,D,S,D,2024-09-13,1000000.00,3.526421,101.3671875
08:01:19,91282CLJ8,TSRYS5875649,D,B,C,2024-09-13,1000000.00,3.528637,101.353515625
08:01:19,91282CLJ8,TSRYS5875649,D,S,D,2024-09-13,1000000.00,3.528637,101.353515625
08:01:19,91282CLJ8,TSRYS5875649,D,S,D,2024-09-13,1000000.00,3.528637,101.353515625
08:01:19,91282CLJ8,TSRYS5875649,D,S,D,2024-09-13,1000000.00,3.528637,101.353515625
08:01:19,91282CLJ8,TSRYS5875649,D,B,C,2024-09-13,1000000.00,3.528637,101.353515625
08:01:19,91282CLJ8,TSRYS5875649,D,B,C,2024-09-13,1000000.00,3.528637,101.353515625
08:01:19,91282CLJ8,TSRYS5875649,D,B,C,2024-09-13,1000000.00,3.528637,101.353515625
08:01:19,91282CLJ8,TSRYS5875649,D,S,D,2024-09-13,1000000.00,3.528637,101.353515625
08:01:19,91282CLJ8,TSRYS5875649,D,S,D,2024-09-13,1000000.00,3.528637,101.353515625
08:01:19,91282CLJ8,TSRYS5875649,D,S,D,2024-09-13,1000000.00,3.539724,101.28515625
08:01:19,91282CLJ8,TSRYS5875649,D,B,C,2024-09-13,1000000.00,3.528637,101.353515625
08:01:19,91282CLJ8,TSRYS5875649,D,S,D,2024-09-13,1000000.00,3.528637,101.353515625
08:01:19,91282CLJ8,TSRYS5875649,D,S,D,2024-09-13,1000000.00,3.537822,101.296875
08:01:19,91282CLJ8,TSRYS5875649,D,S,D,2024-09-13,1000000.00,3.526421,101.3671875
08:01:19,91282CLJ8,TSRYS5875649,D,S,D,2024-09-13,1000000.00,3.535922,101.30859375
08:01:19,91282CLJ8,TSRYS5875649,D,B,C,2024-09-13,1000000.00,3.528637,101.353515625
08:01:19,91282CLJ8,TSRYS5875649,D,S,D,2024-09-13,1000000.00,3.526105,101.369140625
08:01:19,91282CLJ8,TSRYS5875649,D,S,D,2024-09-13,1000000.00,3.526105,101.369140625
08:01:19,91282CLJ8,TSRYS5875649,D,S,D,2024-09-13,1000000.00,3.528637,101.353515625
08:01:19,91282CLJ8,TSRYS5875649,D,S,D,2024-09-13,2000000.00,3.528637,101.353515625
08:01:19,91282CLJ8,TSRYS5875649,D,B,C,2024-09-13,2000000.00,3.528637,101.353515625
08:01:19,91282CLJ8,TSRYS5875649,D,B,C,2024-09-13,1000000.00,3.525155,101.375
08:01:19,91282CLJ8,TSRYS5875649,D,S,D,2024-09-13,1000000.00,3.525155,101.375
08:01:19,91282CLJ8,TSRYS5875649,D,S,D,2024-09-13,1000000.00,3.526105,101.369140625
08:01:20,91282CLJ8,TSRYS5875649,D,S,D,2024-09-13,1000000.00,3.521357,101.3984375
08:01:20,91282CLJ8,TSRYS5875649,D,S,D,2024-09-13,1000000.00,3.525788,101.37109375
08:01:20,91282CLJ8,TSRYS5875649,D,S,T,2024-09-13,1000000.00,3.526446,101.3670355
08:01:20,91282CLJ8,TSRYS5875649,D,S,D,2024-09-13,1000000.00,3.533387,101.32421875
08:01:20,91282CLJ8,TSRYS5875649,D,S,D,2024-09-13,1000000.00,3.527687,101.359375
08:01:20,91282CLJ8,TSRYS5875649,D,S,D,2024-09-13,1000000.00,3.530537,101.341796875
08:01:20,91282CLJ8,TSRYS5875649,D,S,D,2024-09-13,1000000.00,3.528321,101.35546875
08:01:20,91282CLJ8,TSRYS5875649,D,S,D,2024-09-13,1000000.00,3.526421,101.3671875
08:01:20,91282CLJ8,TSRYS5875649,D,S,D,2024-09-13,1000000.00,3.527687,101.359375
08:01:20,91282CLJ8,TSRYS5875649,D,S,D,2024-09-13,1000000.00,3.528954,101.3515625
08:01:20,91282CLJ8,TSRYS5875649,D,B,C,2024-09-13,1000000.00,3.527687,101.359375
08:01:22,91282CLJ8,TSRYS5875649,D,S,T,2024-09-13,1000000.00,3.530221,101.34375
08:01:22,91282CLJ8,TSRYS5875649,D,S,T,2024-09-13,1000000.00,3.528954,101.3515625
08:01:22,91282CLJ8,TSRYS5875649,D,S,T,2024-09-13,1000000.00,3.530221,101.34375
08:01:24,91282CLJ8,TSRYS5875649,D,S,D,2024-09-13,1000000.00,3.522939,101.388671875
08:01:25,91282CLJ8,TSRYS5875649,D,S,C,2024-09-13,45000000.00,3.529327,101.34926
08:01:25,91282CLJ8,TSRYS5875649,D,B,C,2024-09-13,21000000.00,3.522578,101.3909
08:01:26,91282CLJ8,TSRYS5875649,D,S,T,2024-09-13,1000000.00,3.526442,101.3670575
08:01:26,91282CLJ8,TSRYS5875649,D,S,T,2024-09-13,1000000.00,3.522939,101.38867187
08:01:26,91282CLJ8,TSRYS5875649,D,S,T,2024-09-13,1000000.00,3.526442,101.3670575
08:01:26,91282CLJ8,TSRYS5875649,D,S,T,2024-09-13,1000000.00,3.530221,101.34375
08:01:26,91282CLJ8,TSRYS5875649,D,S,T,2024-09-13,1000000.00,3.525176,101.37487
08:01:26,91282CLJ8,TSRYS5875649,D,S,T,2024-09-13,1000000.00,3.525176,101.37487
08:01:26,91282CLJ8,TSRYS5875649,D,S,D,2024-09-13,2000000.00,3.530221,101.34375
08:01:26,91282CLJ8,TSRYS5875649,D,B,C,2024-09-13,2000000.00,3.530221,101.34375
08:01:26,91282CLJ8,TSRYS5875649,D,B,C,2024-09-13,1000000.00,3.528954,101.3515625
08:01:26,91282CLJ8,TSRYS5875649,D,S,D,2024-09-13,1000000.00,3.528954,101.3515625
08:01:26,91282CLJ8,TSRYS5875649,D,S,D,2024-09-13,1000000.00,3.528954,101.3515625
08:01:26,91282CLJ8,TSRYS5875649,D,B,C,2024-09-13,1000000.00,3.528954,101.3515625
08:01:26,91282CLJ8,TSRYS5875649,D,S,T,2024-09-13,2000000.00,3.525176,101.37487
08:01:26,91282CLJ8,TSRYS5875649,D,S,D,2024-09-13,1000000.00,3.528954,101.3515625
08:01:26,91282CLJ8,TSRYS5875649,D,S,D,2024-09-13,2000000.00,3.522939,101.38867187
08:01:26,91282CLJ8,TSRYS5875649,D,S,T,2024-09-13,2000000.00,3.525176,101.37487
08:01:26,91282CLJ8,TSRYS5875649,D,S,T,2024-09-13,1000000.00,3.522623,101.390625
08:01:26,91282CLJ8,TSRYS5875649,D,B,C,2024-09-13,1000000.00,3.530854,101.33984375
08:01:26,91282CLJ8,TSRYS5875649,D,S,D,2024-09-13,1000000.00,3.530854,101.33984375
08:01:26,91282CLJ8,TSRYS5875649,D,S,T,2024-09-13,1000000.00,3.522623,101.390625
08:01:26,91282CLJ8,TSRYS5875649,D,S,C,2024-09-13,1000000.00,3.522623,101.390625
08:01:26,91282CLJ8,TSRYS5875649,D,B,C,2024-09-13,1000000.00,3.530854,101.33984375
08:01:26,91282CLJ8,TSRYS5875649,D,S,D,2024-09-13,1000000.00,3.530854,101.33984375
08:01:26,91282CLJ8,TSRYS5875649,D,S,D,2024-09-13,1000000.00,3.531171,101.337890625
08:01:26,91282CLJ8,TSRYS5875649,D,S,C,2024-09-13,1000000.00,3.531171,101.337890625
08:01:26,91282CLJ8,TSRYS5875649,D,S,C,2024-09-13,1000000.00,3.531487,101.3359375
08:01:26,91282CLJ8,TSRYS5875649,D,S,D,2024-09-13,1000000.00,3.522623,101.390625
08:01:26,91282CLJ8,TSRYS5875649,D,S,D,2024-09-13,2000000.00,3.522623,101.390625
08:01:27,91282CLJ8,TSRYS5875649,D,S,T,2024-09-13,1000000.00,3.525176,101.37487
08:01:27,91282CLJ8,TSRYS5875649,D,S,T,2024-09-13,1000000.00,3.525176,101.37487
08:01:27,91282CLJ8,TSRYS5875649,D,S,D,2024-09-13,1000000.00,3.532121,101.33203125
08:01:27,91282CLJ8,TSRYS5875649,D,S,D,2024-09-13,185000.00,3.539407,101.287109375
08:01:27,91282CLJ8,TSRYS5875649,D,S,C,2024-09-13,1000000.00,3.533704,101.322265625
08:01:27,91282CLJ8,TSRYS5875649,D,S,T,2024-09-13,1000000.00,3.526442,101.3670575
08:01:27,91282CLJ8,TSRYS5875649,D,S,T,2024-09-13,1000000.00,3.526442,101.3670575
08:01:27,91282CLJ8,TSRYS5875649,D,B,C,2024-09-13,1000000.00,3.534971,101.314453125
08:01:27,91282CLJ8,TSRYS5875649,D,S,D,2024-09-13,1000000.00,3.534971,101.314453125
08:01:27,91282CLJ8,TSRYS5875649,D,S,D,2024-09-13,1000000.00,3.534971,101.314453125
08:01:27,91282CLJ8,TSRYS5875649,D,B,C,2024-09-13,1000000.00,3.534971,101.314453125
08:01:27,91282CLJ8,TSRYS5875649,D,S,D,2024-09-13,1000000.00,3.534338,101.318359375
08:01:27,91282CLJ8,TSRYS5875649,D,S,D,2024-09-13,1000000.00,3.523256,101.38671875
08:01:27,91282CLJ8,TSRYS5875649,D,S,D,2024-09-13,1000000.00,3.532754,101.328125
08:01:27,91282CLJ8,TSRYS5875649,D,S,T,2024-09-13,1000000.00,3.532121,101.33203125
08:01:27,91282CLJ8,TSRYS5875649,D,S,D,2024-09-13,1000000.00,3.532754,101.328125
08:01:27,91282CLJ8,TSRYS5875649,D,B,C,2024-09-13,1000000.00,3.532754,101.328125
08:01:27,91282CLJ8,TSRYS5875649,D,S,D,2024-09-13,1000000.00,3.532754,101.328125
08:01:27,91282CLJ8,TSRYS5875649,D,S,D,2024-09-13,1000000.00,3.532754,101.328125
08:01:27,91282CLJ8,TSRYS5875649,D,B,C,2024-09-13,1000000.00,3.532754,101.328125
08:01:27,91282CLJ8,TSRYS5875649,D,S,T,2024-09-13,1000000.00,3.532121,101.33203125
08:01:27,91282CLJ8,TSRYS5875649,D,S,D,2024-09-13,1000000.00,3.533387,101.32421875
08:01:27,91282CLJ8,TSRYS5875649,D,S,D,2024-09-13,1000000.00,3.533071,101.326171875
08:01:27,91282CLJ8,TSRYS5875649,D,S,D,2024-09-13,1000000.00,3.533387,101.32421875
08:01:28,91282CLJ8,TSRYS5875649,D,S,D,2024-09-13,1000000.00,3.534654,101.31640625
08:01:28,91282CLJ8,TSRYS5875649,D,B,C,2024-09-13,1000000.00,3.534654,101.31640625
08:01:28,91282CLJ8,TSRYS5875649,D,S,T,2024-09-13,2000000.00,3.532121,101.33203125
08:01:28,91282CLJ8,TSRYS5875649,D,S,T,2024-09-13,1000000.00,3.532121,101.33203125
08:01:28,91282CLJ8,TSRYS5875649,D,S,T,2024-09-13,3000000.00,3.532121,101.33203125
08:01:28,91282CLJ8,TSRYS5875649,D,S,D,2024-09-13,1000000.00,3.537506,101.298828125
08:01:28,91282CLJ8,TSRYS5875649,D,B,C,2024-09-13,1000000.00,3.537506,101.298828125
08:01:28,91282CLJ8,TSRYS5875649,D,S,D,2024-09-13,1000000.00,3.538456,101.29296875
08:01:28,91282CLJ8,TSRYS5875649,D,B,C,2024-09-13,1000000.00,3.538456,101.29296875
08:01:28,91282CLJ8,TSRYS5875649,D,S,D,2024-09-13,1000000.00,3.538456,101.29296875
08:01:28,91282CLJ8,TSRYS5875649,D,B,C,2024-09-13,1000000.00,3.538456,101.29296875
08:01:28,91282CLJ8,TSRYS5875649,D,S,D,2024-09-13,1000000.00,3.538773,101.291015625
08:01:28,91282CLJ8,TSRYS5875649,D,B,C,2024-09-13,1000000.00,3.538773,101.291015625
08:01:28,91282CLJ8,TSRYS5875649,D,S,T,2024-09-13,1000000.00,3.532774,101.328
08:01:28,91282CLJ8,TSRYS5875649,D,S,C,2024-09-13,1000000.00,3.538139,101.294921875
08:01:28,91282CLJ8,TSRYS5875649,D,S,T,2024-09-13,1000000.00,3.532774,101.328
08:01:28,91282CLJ8,TSRYS5875649,D,S,D,2024-09-13,1000000.00,3.537822,101.296875
08:01:28,91282CLJ8,TSRYS5875649,D,S,T,2024-09-13,1000000.00,3.523889,101.3828125
08:01:28,91282CLJ8,TSRYS5875649,D,S,D,2024-09-13,1000000.00,3.538139,101.294921875
08:01:28,91282CLJ8,TSRYS5875649,D,B,C,2024-09-13,1000000.00,3.538139,101.294921875
08:01:28,91282CLJ8,TSRYS5875649,D,S,D,2024-09-13,1000000.00,3.538139,101.294921875
08:01:28,91282CLJ8,TSRYS5875649,D,B,C,2024-09-13,1000000.00,3.538139,101.294921875
08:01:28,91282CLJ8,TSRYS5875649,D,S,D,2024-09-13,1000000.00,3.538139,101.294921875
08:01:28,91282CLJ8,TSRYS5875649,D,B,C,2024-09-13,1000000.00,3.538139,101.294921875
08:01:28,91282CLJ8,TSRYS5875649,D,S,T,2024-09-13,1000000.00,3.532774,101.328
08:01:28,91282CLJ8,TSRYS5875649,D,B,C,2024-09-13,1000000.00,3.536555,101.3046875
08:01:28,91282CLJ8,TSRYS5875649,D,S,D,2024-09-13,1000000.00,3.536555,101.3046875
08:01:28,91282CLJ8,TSRYS5875649,D,S,D,2024-09-13,2000000.00,3.537822,101.296875
08:01:28,91282CLJ8,TSRYS5875649,D,S,D,2024-09-13,1000000.00,3.538139,101.294921875
08:01:28,91282CLJ8,TSRYS5875649,D,S,D,2024-09-13,1000000.00,3.537822,101.296875
08:01:28,91282CLJ8,TSRYS5875649,D,S,D,2024-09-13,1000000.00,3.537822,101.296875
08:01:28,91282CLJ8,TSRYS5875649,D,S,T,2024-09-13,1000000.00,3.532774,101.328
08:01:28,91282CLJ8,TSRYS5875649,D,S,T,2024-09-13,1000000.00,3.53277,101.328025
08:01:28,91282CLJ8,TSRYS5875649,D,S,T,2024-09-13,2000000.00,3.532774,101.328
08:01:28,91282CLJ8,TSRYS5875649,D,S,D,2024-09-13,1000000.00,3.535605,101.310546875
08:01:28,91282CLJ8,TSRYS5875649,D,S,D,2024-09-13,1000000.00,3.535605,101.310546875
08:01:28,91282CLJ8,TSRYS5875649,D,S,D,2024-09-13,1000000.00,3.535605,101.310546875
08:01:28,91282CLJ8,TSRYS5875649,D,S,D,2024-09-13,1000000.00,3.535605,101.310546875
08:01:28,91282CLJ8,TSRYS5875649,D,S,T,2024-09-13,1000000.00,3.528658,101.353390625
08:01:28,91282CLJ8,TSRYS5875649,D,S,A,2024-09-13,1000000.00,3.528321,101.35546875
08:01:28,91282CLJ8,TSRYS5875649,D,S,T,2024-09-13,1000000.00,3.528974,101.3514375
08:01:28,91282CLJ8,TSRYS5875649,D,S,T,2024-09-13,1000000.00,3.528974,101.3514375
08:01:28,91282CLJ8,TSRYS5875649,D,S,T,2024-09-13,1000000.00,3.528974,101.3514375
08:01:29,91282CLJ8,TSRYS5875649,D,S,A,2024-09-13,5810000.00,3.529587,101.34765625
08:01:29,91282CLJ8,TSRYS5875649,D,S,T,2024-09-13,1000000.00,3.532121,101.33203125
08:01:29,91282CLJ8,TSRYS5875649,D,S,T,2024-09-13,1000000.00,3.532141,101.33190625
08:01:29,91282CLJ8,TSRYS5875649,D,S,T,2024-09-13,1000000.00,3.532121,101.33203125
08:01:29,91282CLJ8,TSRYS5875649,D,S,T,2024-09-13,1000000.00,3.532458,101.329953125
08:01:29,91282CLJ8,TSRYS5875649,D,B,C,2024-09-13,1000000.00,3.534338,101.318359375
08:01:29,91282CLJ8,TSRYS5875649,D,S,D,2024-09-13,1000000.00,3.534338,101.318359375
08:01:29,91282CLJ8,TSRYS5875649,D,B,C,2024-09-13,1000000.00,3.534338,101.318359375
08:01:29,91282CLJ8,TSRYS5875649,D,S,D,2024-09-13,1000000.00,3.534338,101.318359375
08:01:29,91282CLJ8,TSRYS5875649,D,B,C,2024-09-13,1000000.00,3.534338,101.318359375
08:01:29,91282CLJ8,TSRYS5875649,D,S,D,2024-09-13,1000000.00,3.534338,101.318359375
08:01:29,91282CLJ8,TSRYS5875649,D,S,D,2024-09-13,1000000.00,3.534338,101.318359375
08:01:29,91282CLJ8,TSRYS5875649,D,B,C,2024-09-13,1000000.00,3.534338,101.318359375
08:01:29,91282CLJ8,TSRYS5875649,D,S,D,2024-09-13,1000000.00,3.534338,101.318359375
08:01:29,91282CLJ8,TSRYS5875649,D,B,C,2024-09-13,1000000.00,3.534338,101.318359375
08:01:29,91282CLJ8,TSRYS5875649,D,B,C,2024-09-13,1000000.00,3.534338,101.318359375
08:01:29,91282CLJ8,TSRYS5875649,D,S,D,2024-09-13,1000000.00,3.534338,101.318359375
08:01:29,91282CLJ8,TSRYS5875649,D,B,C,2024-09-13,1000000.00,3.534338,101.318359375
08:01:29,91282CLJ8,TSRYS5875649,D,S,D,2024-09-13,1000000.00,3.534338,101.318359375
08:01:29,91282CLJ8,TSRYS5875649,D,B,C,2024-09-13,1000000.00,3.534338,101.318359375
08:01:29,91282CLJ8,TSRYS5875649,D,S,D,2024-09-13,1000000.00,3.534338,101.318359375
08:01:29,91282CLJ8,TSRYS5875649,D,B,C,2024-09-13,1000000.00,3.534338,101.318359375
08:01:29,91282CLJ8,TSRYS5875649,D,S,D,2024-09-13,1000000.00,3.534338,101.318359375
08:01:29,91282CLJ8,TSRYS5875649,D,S,C,2024-09-13,1000000.00,3.532754,101.328125
08:01:29,91282CLJ8,TSRYS5875649,D,S,D,2024-09-13,2000000.00,3.522939,101.388671875
08:01:30,91282CLJ8,TSRYS5875649,D,S,C,2024-09-13,1000000.00,3.532754,101.328125
08:01:30,91282CLJ8,TSRYS5875649,D,S,D,2024-09-13,1000000.00,3.533704,101.322265625
08:01:30,91282CLJ8,TSRYS5875649,D,B,C,2024-09-13,1000000.00,3.533704,101.322265625
08:01:30,91282CLJ8,TSRYS5875649,D,S,C,2024-09-13,1000000.00,3.534021,101.3203125
08:01:30,91282CLJ8,TSRYS5875649,D,B,C,2024-09-13,1000000.00,3.534021,101.3203125
08:01:30,91282CLJ8,TSRYS5875649,D,S,D,2024-09-13,1000000.00,3.534338,101.318359375
08:01:30,91282CLJ8,TSRYS5875649,D,B,C,2024-09-13,1000000.00,3.534338,101.318359375
08:01:31,91282CLJ8,TSRYS5875649,D,S,T,2024-09-13,1000000.00,3.533071,101.326171875
08:01:31,91282CLJ8,TSRYS5875649,D,S,T,2024-09-13,1000000.00,3.533091,101.326046875
08:01:31,91282CLJ8,TSRYS5875649,D,S,T,2024-09-13,1000000.00,3.533091,101.326046875
08:01:31,91282CLJ8,TSRYS5875649,D,S,T,2024-09-13,1000000.00,3.533071,101.326171875
08:01:31,91282CLJ8,TSRYS5875649,D,S,T,2024-09-13,1000000.00,3.533387,101.32421875
08:01:31,91282CLJ8,TSRYS5875649,D,S,T,2024-09-13,1000000.00,3.533408,101.32409375
08:01:31,91282CLJ8,TSRYS5875649,D,B,C,2024-09-13,1000000.00,3.530854,101.33984375
08:01:31,91282CLJ8,TSRYS5875649,D,S,T,2024-09-13,1000000.00,3.533408,101.32409375
08:01:31,91282CLJ8,TSRYS5875649,D,S,T,2024-09-13,1000000.00,3.532458,101.329953125
08:01:31,91282CLJ8,TSRYS5875649,D,S,T,2024-09-13,1000000.00,3.532437,101.330078125
08:01:31,91282CLJ8,TSRYS5875649,D,S,T,2024-09-13,1000000.00,3.532458,101.329953125
08:01:31,91282CLJ8,TSRYS5875649,D,S,T,2024-09-13,1000000.00,3.532437,101.330078125
08:01:31,91282CLJ8,TSRYS5875649,D,S,T,2024-09-13,1000000.00,3.532458,101.329953125
08:01:31,91282CLJ8,TSRYS5875649,D,S,T,2024-09-13,1000000.00,3.532437,101.330078125
08:01:31,91282CLJ8,TSRYS5875649,D,S,D,2024-09-13,95000.00,3.534021,101.3203125
08:01:31,91282CLJ8,TSRYS5875649,D,B,A,2024-09-13,95000.00,3.534021,101.3203125
08:01:31,91282CLJ8,TSRYS5875649,D,S,T,2024-09-13,1000000.00,3.531191,101.337765625
08:01:31,91282CLJ8,TSRYS5875649,D,S,T,2024-09-13,1000000.00,3.531191,101.337765625
08:01:31,91282CLJ8,TSRYS5875649,D,B,C,2024-09-13,4700000.00,3.532754,101.328125
08:01:31,91282CLJ8,TSRYS5875649,D,S,T,2024-09-13,1000000.00,3.531191,101.337765625
08:01:31,91282CLJ8,TSRYS5875649,D,S,T,2024-09-13,1000000.00,3.531191,101.337765625
08:01:31,91282CLJ8,TSRYS5875649,D,S,T,2024-09-13,1000000.00,3.531191,101.337765625
08:01:31,91282CLJ8,TSRYS5875649,D,S,T,2024-09-13,2000000.00,3.531191,101.337765625
08:01:32,91282CLJ8,TSRYS5875649,D,S,T,2024-09-13,1000000.00,3.531191,101.337765625
08:01:32,91282CLJ8,TSRYS5875649,D,S,T,2024-09-13,2000000.00,3.531487,101.3359375
08:01:32,91282CLJ8,TSRYS5875649,D,S,T,2024-09-13,2000000.00,3.531191,101.337765625
08:01:32,91282CLJ8,TSRYS5875649,D,S,T,2024-09-13,2000000.00,3.531507,101.3358125
08:01:32,91282CLJ8,TSRYS5875649,D,B,C,2024-09-13,1000000.00,3.526105,101.36914062
08:01:32,91282CLJ8,TSRYS5875649,D,B,C,2024-09-13,1000000.00,3.526105,101.36914062
08:01:32,91282CLJ8,TSRYS5875649,D,B,C,2024-09-13,1000000.00,3.528637,101.35351562
08:01:32,91282CLJ8,TSRYS5875649,D,S,D,2024-09-13,1000000.00,3.526105,101.36914062
08:01:32,91282CLJ8,TSRYS5875649,D,B,C,2024-09-13,1000000.00,3.526105,101.36914062
08:01:32,91282CLJ8,TSRYS5875649,D,S,T,2024-09-13,1000000.00,3.522644,101.390495
08:01:32,91282CLJ8,TSRYS5875649,D,S,D,2024-09-13,1000000.00,3.522623,101.390625
08:01:32,91282CLJ8,TSRYS5875649,D,S,D,2024-09-13,1000000.00,3.525788,101.37109375
08:01:32,91282CLJ8,TSRYS5875649,D,S,T,2024-09-13,1000000.00,3.522644,101.390495
08:01:32,91282CLJ8,TSRYS5875649,D,B,C,2024-09-13,1000000.00,3.533387,101.32421875
08:01:32,91282CLJ8,TSRYS5875649,D,S,T,2024-09-13,1000000.00,3.522644,101.390495
08:01:32,91282CLJ8,TSRYS5875649,D,B,C,2024-09-13,1000000.00,3.530854,101.33984375
08:01:32,91282CLJ8,TSRYS5875649,D,B,C,2024-09-13,1000000.00,3.530854,101.33984375
08:01:33,91282CLJ8,TSRYS5875649,D,S,T,2024-09-13,3000000.00,3.522644,101.390495
08:01:33,91282CLJ8,TSRYS5875649,D,S,T,2024-09-13,1000000.00,3.523889,101.3828125
08:01:33,91282CLJ8,TSRYS5875649,D,S,D,2024-09-13,185000.00,3.539757,101.284947213
08:01:33,91282CLJ8,TSRYS5875649,D,S,D,2024-09-13,1000000.00,3.531171,101.337890625
08:01:33,91282CLJ8,TSRYS5875649,D,B,C,2024-09-13,1000000.00,3.531487,101.3359375
08:01:33,91282CLJ8,TSRYS5875649,D,S,D,2024-09-13,1000000.00,3.531487,101.3359375
08:01:33,91282CLJ8,TSRYS5875649,D,S,D,2024-09-13,1000000.00,3.528321,101.35546875
08:01:33,91282CLJ8,TSRYS5875649,D,B,C,2024-09-13,1000000.00,3.526421,101.3671875
08:01:33,91282CLJ8,TSRYS5875649,D,B,C,2024-09-13,1000000.00,3.526421,101.3671875
08:01:33,91282CLJ8,TSRYS5875649,D,S,T,2024-09-13,1000000.00,3.522623,101.390625
08:01:33,91282CLJ8,TSRYS5875649,D,S,C,2024-09-13,1000000.00,3.530221,101.34375
08:01:33,91282CLJ8,TSRYS5875649,D,S,D,2024-09-13,1000000.00,3.530537,101.341796875
08:01:33,91282CLJ8,TSRYS5875649,D,B,C,2024-09-13,1000000.00,3.530537,101.341796875
08:01:33,91282CLJ8,TSRYS5875649,D,S,T,2024-09-13,1000000.00,3.523889,101.3828125
08:01:33,91282CLJ8,TSRYS5875649,D,S,D,2024-09-13,1000000.00,3.530537,101.341796875
08:01:33,91282CLJ8,TSRYS5875649,D,B,C,2024-09-13,1000000.00,3.530537,101.341796875
08:01:34,91282CLJ8,TSRYS5875649,D,S,T,2024-09-13,1000000.00,3.532775,101.327995
08:01:34,91282CLJ8,TSRYS5875649,D,S,T,2024-09-13,1000000.00,3.532775,101.327995
08:01:34,91282CLJ8,TSRYS5875649,D,S,D,2024-09-13,1000000.00,3.529587,101.34765625
08:01:34,91282CLJ8,TSRYS5875649,D,B,C,2024-09-13,1000000.00,3.529587,101.34765625
