tradeTime,cusip,issueSymbolIdentifier,priceType,reportingSideCode,contraPartyTypeCode,tradeDate,reportedTradeVolume,lastSaleYield,lastSalePrice
08:00:04,91282CLM1,TSRYS5893517,D,S,T,2024-10-16,2000000.00,3.935942,98.123046875
08:00:04,91282CLM1,TSRYS5893517,D,S,D,2024-10-16,1000000.00,3.935942,98.123046875
08:00:04,91282CLM1,TSRYS5893517,D,S,T,2024-10-16,2000000.00,3.930378,98.15625
08:00:04,91282CLM1,TSRYS5893517,D,S,D,2024-10-16,1000000.00,3.936269,98.12109375
08:00:05,91282CLM1,TSRYS5893517,D,S,D,2024-10-16,2000000.00,3.913372,98.2578125
08:00:05,91282CLM1,TSRYS5893517,D,S,D,2024-10-16,1000000.00,3.913372,98.2578125
08:00:05,91282CLM1,TSRYS5893517,D,S,D,2024-10-16,2000000.00,3.909123,98.283203125
08:00:05,91282CLM1,TSRYS5893517,D,S,D,2024-10-16,1000000.00,3.909123,98.283203125
08:00:05,91282CLM1,TSRYS5893517,D,S,D,2024-10-16,1000000.00,3.909123,98.283203125
08:00:05,91282CLM1,TSRYS5893517,D,S,D,2024-10-16,1000000.00,3.911411,98.26953125
08:00:05,91282CLM1,TSRYS5893517,D,S,D,2024-10-16,1000000.00,3.913698,98.255859375
08:00:05,91282CLM1,TSRYS5893517,D,S,D,2024-10-16,1000000.00,3.913372,98.2578125
08:00:05,91282CLM1,TSRYS5893517,D,S,T,2024-10-16,1000000.00,3.917294,98.234375
08:00:07,91282CLM1,TSRYS5893517,D,S,T,2024-10-16,1000000.00,3.932668,98.142578125
08:00:07,91282CLM1,TSRYS5893517,D,S,T,2024-10-16,1000000.00,3.932668,98.142578125
08:00:07,91282CLM1,TSRYS5893517,D,S,T,2024-10-16,1000000.00,3.932668,98.142578125
08:00:09,91282CLM1,TSRYS5893517,D,S,T,2024-10-16,1000000.00,3.915987,98.2421875
08:00:09,91282CLM1,TSRYS5893517,D,S,T,2024-10-16,1000000.00,3.915987,98.2421875
08:00:09,91282CLM1,TSRYS5893517,D,S,T,2024-10-16,1000000.00,3.915987,98.2421875
08:00:10,91282CLM1,TSRYS5893517,D,S,A,2024-10-16,29680000.00,3.930378,98.15625
08:00:10,91282CLM1,TSRYS5893517,D,S,A,2024-10-16,18200000.00,3.913372,98.2578125
08:00:11,91282CLM1,TSRYS5893517,D,S,D,2024-10-16,50000000.00,3.91082,98.27306
08:00:11,91282CLM1,TSRYS5893517,D,S,D,2024-10-16,4000000.00,3.907829,98.29094
08:00:11,91282CLM1,TSRYS5893517,D,S,C,2024-10-16,10000000.00,3.932373,98.14434
08:00:11,91282CLM1,TSRYS5893517,D,S,D,2024-10-16,5000000.00,3.914589,98.25054
08:00:11,91282CLM1,TSRYS5893517,D,S,D,2024-10-16,4000000.00,3.920073,98.2177734
08:00:11,91282CLM1,TSRYS5893517,D,S,D,2024-10-16,6000000.00,3.92787,98.17122
08:00:11,91282CLM1,TSRYS5893517,D,S,T,2024-10-16,1000000.00,3.922526,98.203125
08:00:11,91282CLM1,TSRYS5893517,D,S,T,2024-10-16,2000000.00,3.922526,98.203125
08:00:11,91282CLM1,TSRYS5893517,D,S,T,2024-10-16,1000000.00,3.915987,98.2421875
08:00:11,91282CLM1,TSRYS5893517,D,S,T,2024-10-16,1000000.00,3.915987,98.2421875
08:00:11,91282CLM1,TSRYS5893517,D,S,T,2024-10-16,1000000.00,3.915987,98.2421875
08:00:11,91282CLM1,TSRYS5893517,D,S,T,2024-10-16,2000000.00,3.915987,98.2421875
08:00:12,91282CLM1,TSRYS5893517,D,S,D,2024-10-16,1000000.00,3.934305,98.1328125
08:00:12,91282CLM1,TSRYS5893517,D,S,T,2024-10-16,1000000.00,3.910757,98.2734375
08:00:14,91282CLM1,TSRYS5893517,D,S,D,2024-10-16,1000000.00,3.929069,98.1640625
08:00:14,91282CLM1,TSRYS5893517,D,S,T,2024-10-16,1000000.00,3.935614,98.125
08:00:14,91282CLM1,TSRYS5893517,D,S,T,2024-10-16,1000000.00,3.936924,98.1171875
08:00:14,91282CLM1,TSRYS5893517,D,S,T,2024-10-16,2000000.00,3.936924,98.1171875
08:00:14,91282CLM1,TSRYS5893517,D,S,T,2024-10-16,1000000.00,3.939216,98.103515625
08:00:14,91282CLM1,TSRYS5893517,D,S,T,2024-10-16,1000000.00,3.939216,98.103515625
08:00:14,91282CLM1,TSRYS5893517,D,S,T,2024-10-16,1000000.00,3.939216,98.103515625
08:00:14,91282CLM1,TSRYS5893517,D,S,T,2024-10-16,1000000.00,3.939216,98.103515625
08:00:14,91282CLM1,TSRYS5893517,D,S,T,2024-10-16,1000000.00,3.939216,98.103515625
08:00:14,91282CLM1,TSRYS5893517,D,S,T,2024-10-16,1000000.00,3.939216,98.103515625
08:00:14,91282CLM1,TSRYS5893517,D,S,D,2024-10-16,1000000.00,3.941508,98.08984375
08:00:14,91282CLM1,TSRYS5893517,D,S,T,2024-10-16,1000000.00,3.941508,98.08984375
08:00:14,91282CLM1,TSRYS5893517,D,S,D,2024-10-16,1000000.00,3.932668,98.142578125
08:00:14,91282CLM1,TSRYS5893517,D,S,D,2024-10-16,1000000.00,3.932668,98.142578125
08:00:14,91282CLM1,TSRYS5893517,D,S,D,2024-10-16,1000000.00,3.932668,98.142578125
08:00:14,91282CLM1,TSRYS5893517,D,S,D,2024-10-16,1000000.00,3.932668,98.142578125
08:00:14,91282CLM1,TSRYS5893517,D,S,D,2024-10-16,1000000.00,3.932668,98.142578125
08:00:14,91282CLM1,TSRYS5893517,D,S,T,2024-10-16,1000000.00,3.931687,98.1484375
08:00:14,91282CLM1,TSRYS5893517,D,S,D,2024-10-16,1000000.00,3.909777,98.279296875
08:00:14,91282CLM1,TSRYS5893517,D,S,T,2024-10-16,1000000.00,3.910757,98.2734375
08:00:14,91282CLM1,TSRYS5893517,D,S,T,2024-10-16,1000000.00,3.912064,98.265625
08:00:14,91282CLM1,TSRYS5893517,D,S,T,2024-10-16,1000000.00,3.918602,98.2265625
08:00:15,91282CLM1,TSRYS5893517,D,S,T,2024-10-16,1000000.00,3.921218,98.2109375
08:00:15,91282CLM1,TSRYS5893517,D,S,T,2024-10-16,1000000.00,3.922526,98.203125
08:00:15,91282CLM1,TSRYS5893517,D,S,D,2024-10-16,1000000.00,3.911411,98.26953125
08:00:15,91282CLM1,TSRYS5893517,D,S,T,2024-10-16,1000000.00,3.908143,98.2890625
08:00:15,91282CLM1,TSRYS5893517,D,S,T,2024-10-16,1000000.00,3.906836,98.296875
08:00:16,91282CLM1,TSRYS5893517,D,S,D,2024-10-16,3000000.00,3.904876,98.30859375
08:00:16,91282CLM1,TSRYS5893517,D,S,D,2024-10-16,3000000.00,3.904223,98.3125
08:00:17,91282CLM1,TSRYS5893517,D,S,D,2024-10-16,1000000.00,3.935614,98.125
08:00:17,91282CLM1,TSRYS5893517,D,S,C,2024-10-16,1000000.00,3.936269,98.12109375
08:00:17,91282CLM1,TSRYS5893517,D,S,D,2024-10-16,1000000.00,3.936924,98.1171875
08:00:17,91282CLM1,TSRYS5893517,D,S,D,2024-10-16,1000000.00,3.936596,98.119140625
08:00:17,91282CLM1,TSRYS5893517,D,S,D,2024-10-16,1000000.00,3.936924,98.1171875
08:00:17,91282CLM1,TSRYS5893517,D,S,C,2024-10-16,1000000.00,3.936596,98.119140625
08:00:18,91282CLM1,TSRYS5893517,D,S,C,2024-10-16,1000000.00,3.935942,98.123046875
08:00:18,91282CLM1,TSRYS5893517,D,S,C,2024-10-16,1000000.00,3.932996,98.140625
08:00:18,91282CLM1,TSRYS5893517,D,S,C,2024-10-16,1000000.00,3.933323,98.138671875
08:00:18,91282CLM1,TSRYS5893517,D,S,D,2024-10-16,1000000.00,3.925143,98.1875
08:00:18,91282CLM1,TSRYS5893517,D,S,D,2024-10-16,1000000.00,3.925143,98.1875
08:00:18,91282CLM1,TSRYS5893517,D,S,C,2024-10-16,1000000.00,3.924816,98.189453125
08:00:18,91282CLM1,TSRYS5893517,D,S,D,2024-10-16,1000000.00,3.926124,98.181640625
08:00:20,91282CLM1,TSRYS5893517,D,B,A,2024-10-16,42000000.00,3.97158,97.90625
08:00:20,91282CLM1,TSRYS5893517,D,B,A,2024-10-16,42000000.00,3.97158,97.90625
08:00:20,91282CLM1,TSRYS5893517,D,S,D,2024-10-16,1000000.00,3.917294,98.234375
08:00:20,91282CLM1,TSRYS5893517,D,S,D,2024-10-16,1000000.00,3.917294,98.234375
08:00:20,91282CLM1,TSRYS5893517,D,S,D,2024-10-16,1000000.00,3.915987,98.2421875
08:00:20,91282CLM1,TSRYS5893517,D,S,D,2024-10-16,1000000.00,3.914679,98.25
08:00:25,91282CLM1,TSRYS5893517,D,S,D,2024-10-16,2000000.00,3.908143,98.2890625
08:00:26,91282CLM1,TSRYS5893517,D,S,D,2024-10-16,1000000.00,3.914679,98.25
08:00:27,91282CLM1,TSRYS5893517,D,S,T,2024-10-16,1000000.00,3.930378,98.15625
08:00:27,91282CLM1,TSRYS5893517,D,S,T,2024-10-16,2000000.00,3.930378,98.15625
08:00:27,91282CLM1,TSRYS5893517,D,S,T,2024-10-16,9000000.00,3.930378,98.15625
08:00:27,91282CLM1,TSRYS5893517,D,S,D,2024-10-16,1000000.00,3.915987,98.2421875
08:00:27,91282CLM1,TSRYS5893517,D,S,D,2024-10-16,3000000.00,3.918602,98.2265625
08:00:27,91282CLM1,TSRYS5893517,D,S,D,2024-10-16,1000000.00,3.919256,98.22265625
08:00:27,91282CLM1,TSRYS5893517,D,S,D,2024-10-16,1000000.00,3.91991,98.21875
08:00:27,91282CLM1,TSRYS5893517,D,S,D,2024-10-16,1000000.00,3.919583,98.220703125
08:00:28,91282CLM1,TSRYS5893517,D,S,D,2024-10-16,1000000.00,3.915987,98.2421875
08:00:28,91282CLM1,TSRYS5893517,D,S,D,2024-10-16,1000000.00,3.915987,98.2421875
08:00:28,91282CLM1,TSRYS5893517,D,S,D,2024-10-16,1000000.00,3.91991,98.21875
08:00:28,91282CLM1,TSRYS5893517,D,S,D,2024-10-16,1000000.00,3.920237,98.216796875
08:00:28,91282CLM1,TSRYS5893517,D,S,D,2024-10-16,1000000.00,3.920237,98.216796875
08:00:28,91282CLM1,TSRYS5893517,D,S,D,2024-10-16,1000000.00,3.918602,98.2265625
08:00:29,91282CLM1,TSRYS5893517,D,S,D,2024-10-16,1000000.00,3.91991,98.21875
08:00:30,91282CLM1,TSRYS5893517,D,S,T,2024-10-16,1000000.00,3.934305,98.1328125
08:00:30,91282CLM1,TSRYS5893517,D,S,T,2024-10-16,1000000.00,3.936269,98.12109375
08:00:30,91282CLM1,TSRYS5893517,D,S,T,2024-10-16,1000000.00,3.936269,98.12109375
08:00:30,91282CLM1,TSRYS5893517,D,S,D,2024-10-16,1000000.00,3.93365,98.13671875
08:00:30,91282CLM1,TSRYS5893517,D,S,T,2024-10-16,1000000.00,3.935614,98.125
08:00:30,91282CLM1,TSRYS5893517,D,S,T,2024-10-16,1000000.00,3.936924,98.1171875
08:00:30,91282CLM1,TSRYS5893517,D,S,T,2024-10-16,1000000.00,3.936924,98.1171875
08:00:30,91282CLM1,TSRYS5893517,D,S,T,2024-10-16,1000000.00,3.936924,98.1171875
08:00:30,91282CLM1,TSRYS5893517,D,S,T,2024-10-16,1000000.00,3.939543,98.1015625
08:00:30,91282CLM1,TSRYS5893517,D,S,T,2024-10-16,1000000.00,3.939543,98.1015625
08:00:30,91282CLM1,TSRYS5893517,D,S,T,2024-10-16,1000000.00,3.940853,98.09375
08:00:30,91282CLM1,TSRYS5893517,D,S,D,2024-10-16,1000000.00,3.91991,98.21875
08:00:30,91282CLM1,TSRYS5893517,D,S,D,2024-10-16,1000000.00,3.918602,98.2265625
08:00:30,91282CLM1,TSRYS5893517,D,S,T,2024-10-16,1000000.00,3.931687,98.1484375
08:00:30,91282CLM1,TSRYS5893517,D,S,T,2024-10-16,1000000.00,3.930378,98.15625
08:00:30,91282CLM1,TSRYS5893517,D,S,T,2024-10-16,1000000.00,3.930378,98.15625
08:00:30,91282CLM1,TSRYS5893517,D,S,T,2024-10-16,2000000.00,3.930378,98.15625
08:00:30,91282CLM1,TSRYS5893517,D,S,T,2024-10-16,10000000.00,3.930378,98.15625
08:00:30,91282CLM1,TSRYS5893517,D,S,T,2024-10-16,1000000.00,3.930378,98.15625
08:00:30,91282CLM1,TSRYS5893517,D,S,T,2024-10-16,1000000.00,3.930378,98.15625
08:00:30,91282CLM1,TSRYS5893517,D,S,T,2024-10-16,1000000.00,3.930378,98.15625
08:00:30,91282CLM1,TSRYS5893517,D,S,T,2024-10-16,1000000.00,3.930378,98.15625
08:00:30,91282CLM1,TSRYS5893517,D,S,T,2024-10-16,1000000.00,3.930378,98.15625
08:00:30,91282CLM1,TSRYS5893517,D,S,T,2024-10-16,1000000.00,3.930378,98.15625
08:00:30,91282CLM1,TSRYS5893517,D,S,T,2024-10-16,1000000.00,3.929069,98.1640625
08:00:30,91282CLM1,TSRYS5893517,D,S,T,2024-10-16,1000000.00,3.929069,98.1640625
08:00:30,91282CLM1,TSRYS5893517,D,S,T,2024-10-16,1000000.00,3.929069,98.1640625
08:00:30,91282CLM1,TSRYS5893517,D,S,T,2024-10-16,1000000.00,3.929069,98.1640625
08:00:30,91282CLM1,TSRYS5893517,D,S,T,2024-10-16,1000000.00,3.931687,98.1484375
08:00:30,91282CLM1,TSRYS5893517,D,S,T,2024-10-16,1000000.00,3.931687,98.1484375
08:00:30,91282CLM1,TSRYS5893517,D,S,T,2024-10-16,2000000.00,3.930705,98.154296875
08:00:30,91282CLM1,TSRYS5893517,D,S,T,2024-10-16,2000000.00,3.930378,98.15625
08:00:30,91282CLM1,TSRYS5893517,D,S,T,2024-10-16,8000000.00,3.930378,98.15625
08:00:30,91282CLM1,TSRYS5893517,D,S,T,2024-10-16,1000000.00,3.930378,98.15625
08:00:30,91282CLM1,TSRYS5893517,D,S,T,2024-10-16,2000000.00,3.930378,98.15625
08:00:30,91282CLM1,TSRYS5893517,D,S,T,2024-10-16,1000000.00,3.930378,98.15625
08:00:30,91282CLM1,TSRYS5893517,D,S,T,2024-10-16,2000000.00,3.930378,98.15625
08:00:30,91282CLM1,TSRYS5893517,D,S,T,2024-10-16,1000000.00,3.93005,98.158203125
08:00:30,91282CLM1,TSRYS5893517,D,S,T,2024-10-16,1000000.00,3.931687,98.1484375
08:00:30,91282CLM1,TSRYS5893517,D,S,T,2024-10-16,1000000.00,3.929069,98.1640625
08:00:30,91282CLM1,TSRYS5893517,D,S,T,2024-10-16,1000000.00,3.929069,98.1640625
08:00:30,91282CLM1,TSRYS5893517,D,S,T,2024-10-16,1000000.00,3.929069,98.1640625
08:00:30,91282CLM1,TSRYS5893517,D,S,T,2024-10-16,1000000.00,3.929069,98.1640625
08:00:30,91282CLM1,TSRYS5893517,D,S,T,2024-10-16,1000000.00,3.930378,98.15625
08:00:30,91282CLM1,TSRYS5893517,D,S,T,2024-10-16,1000000.00,3.930378,98.15625
08:00:30,91282CLM1,TSRYS5893517,D,S,T,2024-10-16,2000000.00,3.930378,98.15625
08:00:30,91282CLM1,TSRYS5893517,D,S,T,2024-10-16,1000000.00,3.930378,98.15625
08:00:30,91282CLM1,TSRYS5893517,D,S,T,2024-10-16,1000000.00,3.931687,98.1484375
08:00:30,91282CLM1,TSRYS5893517,D,S,T,2024-10-16,1000000.00,3.931687,98.1484375
08:00:30,91282CLM1,TSRYS5893517,D,S,T,2024-10-16,1000000.00,3.931687,98.1484375
08:00:30,91282CLM1,TSRYS5893517,D,S,T,2024-10-16,1000000.00,3.931687,98.1484375
08:00:30,91282CLM1,TSRYS5893517,D,S,T,2024-10-16,1000000.00,3.931687,98.1484375
08:00:30,91282CLM1,TSRYS5893517,D,S,T,2024-10-16,2000000.00,3.931687,98.1484375
08:00:30,91282CLM1,TSRYS5893517,D,S,T,2024-10-16,2000000.00,3.931687,98.1484375
08:00:30,91282CLM1,TSRYS5893517,D,S,T,2024-10-16,1000000.00,3.931687,98.1484375
08:00:30,91282CLM1,TSRYS5893517,D,S,T,2024-10-16,1000000.00,3.931687,98.1484375
08:00:30,91282CLM1,TSRYS5893517,D,S,T,2024-10-16,1000000.00,3.931687,98.1484375
08:00:30,91282CLM1,TSRYS5893517,D,S,T,2024-10-16,2000000.00,3.931687,98.1484375
08:00:30,91282CLM1,TSRYS5893517,D,S,T,2024-10-16,1000000.00,3.931687,98.1484375
08:00:30,91282CLM1,TSRYS5893517,D,S,T,2024-10-16,1000000.00,3.931687,98.1484375
08:00:30,91282CLM1,TSRYS5893517,D,S,T,2024-10-16,2000000.00,3.931687,98.1484375
08:00:30,91282CLM1,TSRYS5893517,D,S,T,2024-10-16,1000000.00,3.931687,98.1484375
08:00:30,91282CLM1,TSRYS5893517,D,S,T,2024-10-16,1000000.00,3.932996,98.140625
08:00:30,91282CLM1,TSRYS5893517,D,S,T,2024-10-16,1000000.00,3.932996,98.140625
08:00:30,91282CLM1,TSRYS5893517,D,S,T,2024-10-16,1000000.00,3.932996,98.140625
08:00:30,91282CLM1,TSRYS5893517,D,S,T,2024-10-16,1000000.00,3.932996,98.140625
08:00:30,91282CLM1,TSRYS5893517,D,S,T,2024-10-16,1000000.00,3.936269,98.12109375
08:00:30,91282CLM1,TSRYS5893517,D,S,T,2024-10-16,1000000.00,3.937251,98.115234375
08:00:30,91282CLM1,TSRYS5893517,D,S,T,2024-10-16,1000000.00,3.935942,98.123046875
08:00:30,91282CLM1,TSRYS5893517,D,S,T,2024-10-16,1000000.00,3.935942,98.123046875
08:00:30,91282CLM1,TSRYS5893517,D,S,T,2024-10-16,1000000.00,3.935287,98.126953125
08:00:30,91282CLM1,TSRYS5893517,D,S,T,2024-10-16,1000000.00,3.935614,98.125
08:00:30,91282CLM1,TSRYS5893517,D,S,T,2024-10-16,1000000.00,3.936924,98.1171875
08:00:30,91282CLM1,TSRYS5893517,D,S,T,2024-10-16,1000000.00,3.937579,98.11328125
08:00:30,91282CLM1,TSRYS5893517,D,S,T,2024-10-16,1000000.00,3.935614,98.125
08:00:30,91282CLM1,TSRYS5893517,D,S,T,2024-10-16,1000000.00,3.931687,98.1484375
08:00:30,91282CLM1,TSRYS5893517,D,S,T,2024-10-16,1000000.00,3.931687,98.1484375
08:00:30,91282CLM1,TSRYS5893517,D,S,T,2024-10-16,1000000.00,3.930705,98.154296875
08:00:30,91282CLM1,TSRYS5893517,D,S,T,2024-10-16,1000000.00,3.926451,98.1796875
08:00:31,91282CLM1,TSRYS5893517,D,S,D,2024-10-16,2000000.00,3.913372,98.2578125
08:00:31,91282CLM1,TSRYS5893517,D,S,D,2024-10-16,1000000.00,3.913372,98.2578125
08:00:31,91282CLM1,TSRYS5893517,D,S,T,2024-10-16,1000000.00,3.926451,98.1796875
08:00:31,91282CLM1,TSRYS5893517,D,S,T,2024-10-16,1000000.00,3.923834,98.1953125
08:00:31,91282CLM1,TSRYS5893517,D,S,T,2024-10-16,1000000.00,3.925143,98.1875
08:00:31,91282CLM1,TSRYS5893517,D,S,T,2024-10-16,1000000.00,3.925143,98.1875
08:00:31,91282CLM1,TSRYS5893517,D,S,T,2024-10-16,1000000.00,3.926451,98.1796875
08:00:31,91282CLM1,TSRYS5893517,D,S,T,2024-10-16,1000000.00,3.926451,98.1796875
08:00:31,91282CLM1,TSRYS5893517,D,S,T,2024-10-16,1000000.00,3.926451,98.1796875
08:00:31,91282CLM1,TSRYS5893517,D,S,T,2024-10-16,1000000.00,3.921218,98.2109375
08:00:31,91282CLM1,TSRYS5893517,D,S,T,2024-10-16,1000000.00,3.921218,98.2109375
08:00:31,91282CLM1,TSRYS5893517,D,S,T,2024-10-16,1000000.00,3.91991,98.21875
08:00:31,91282CLM1,TSRYS5893517,D,S,T,2024-10-16,1000000.00,3.917294,98.234375
08:00:31,91282CLM1,TSRYS5893517,D,S,T,2024-10-16,1000000.00,3.917294,98.234375
08:00:31,91282CLM1,TSRYS5893517,D,S,T,2024-10-16,1000000.00,3.917294,98.234375
08:00:31,91282CLM1,TSRYS5893517,D,S,T,2024-10-16,1000000.00,3.917294,98.234375
08:00:31,91282CLM1,TSRYS5893517,D,S,T,2024-10-16,3000000.00,3.917294,98.234375
08:00:31,91282CLM1,TSRYS5893517,D,S,T,2024-10-16,1000000.00,3.914679,98.25
08:00:31,91282CLM1,TSRYS5893517,D,S,T,2024-10-16,1000000.00,3.915987,98.2421875
08:00:31,91282CLM1,TSRYS5893517,D,S,T,2024-10-16,1000000.00,3.915987,98.2421875
08:00:31,91282CLM1,TSRYS5893517,D,S,T,2024-10-16,1000000.00,3.915987,98.2421875
08:00:31,91282CLM1,TSRYS5893517,D,S,T,2024-10-16,1000000.00,3.915987,98.2421875
08:00:31,91282CLM1,TSRYS5893517,D,S,T,2024-10-16,1000000.00,3.914679,98.25
08:00:31,91282CLM1,TSRYS5893517,D,S,T,2024-10-16,1000000.00,3.914679,98.25
08:00:31,91282CLM1,TSRYS5893517,D,S,T,2024-10-16,1000000.00,3.914679,98.25
08:00:31,91282CLM1,TSRYS5893517,D,S,T,2024-10-16,1000000.00,3.914679,98.25
08:00:31,91282CLM1,TSRYS5893517,D,S,D,2024-10-16,1000000.00,3.915006,98.248046875
08:00:31,91282CLM1,TSRYS5893517,D,S,T,2024-10-16,1000000.00,3.912064,98.265625
08:00:31,91282CLM1,TSRYS5893517,D,S,T,2024-10-16,1000000.00,3.912064,98.265625
08:00:31,91282CLM1,TSRYS5893517,D,S,T,2024-10-16,1000000.00,3.912064,98.265625
08:00:31,91282CLM1,TSRYS5893517,D,S,T,2024-10-16,1000000.00,3.90945,98.28125
08:00:31,91282CLM1,TSRYS5893517,D,S,T,2024-10-16,1000000.00,3.90945,98.28125
08:00:31,91282CLM1,TSRYS5893517,D,S,T,2024-10-16,1000000.00,3.90945,98.28125
08:00:31,91282CLM1,TSRYS5893517,D,S,T,2024-10-16,1000000.00,3.90847,98.287109375
08:00:31,91282CLM1,TSRYS5893517,D,S,T,2024-10-16,1000000.00,3.90945,98.28125
08:00:31,91282CLM1,TSRYS5893517,D,S,T,2024-10-16,1000000.00,3.90945,98.28125
08:00:31,91282CLM1,TSRYS5893517,D,S,T,2024-10-16,2000000.00,3.90945,98.28125
08:00:31,91282CLM1,TSRYS5893517,D,S,T,2024-10-16,1000000.00,3.910757,98.2734375
08:00:31,91282CLM1,TSRYS5893517,D,S,T,2024-10-16,1000000.00,3.910757,98.2734375
08:00:31,91282CLM1,TSRYS5893517,D,S,T,2024-10-16,1000000.00,3.910757,98.2734375
08:00:31,91282CLM1,TSRYS5893517,D,S,T,2024-10-16,1000000.00,3.90945,98.28125
08:00:31,91282CLM1,TSRYS5893517,D,S,T,2024-10-16,1000000.00,3.90945,98.28125
08:00:31,91282CLM1,TSRYS5893517,D,S,T,2024-10-16,1000000.00,3.912064,98.265625
08:00:31,91282CLM1,TSRYS5893517,D,S,T,2024-10-16,1000000.00,3.913698,98.255859375
08:00:31,91282CLM1,TSRYS5893517,D,S,T,2024-10-16,1000000.00,3.914679,98.25
08:00:31,91282CLM1,TSRYS5893517,D,S,T,2024-10-16,1000000.00,3.91664,98.23828125
08:00:31,91282CLM1,TSRYS5893517,D,S,T,2024-10-16,1000000.00,3.915987,98.2421875
08:00:31,91282CLM1,TSRYS5893517,D,S,T,2024-10-16,1000000.00,3.913372,98.2578125
08:00:31,91282CLM1,TSRYS5893517,D,S,T,2024-10-16,1000000.00,3.916313,98.240234375
08:00:31,91282CLM1,TSRYS5893517,D,S,T,2024-10-16,1000000.00,3.915987,98.2421875
08:00:31,91282CLM1,TSRYS5893517,D,S,T,2024-10-16,1000000.00,3.91566,98.244140625
08:00:31,91282CLM1,TSRYS5893517,D,S,T,2024-10-16,1000000.00,3.915333,98.24609375
08:00:31,91282CLM1,TSRYS5893517,D,S,T,2024-10-16,1000000.00,3.915006,98.248046875
08:00:31,91282CLM1,TSRYS5893517,D,S,T,2024-10-16,1000000.00,3.914679,98.25
08:00:31,91282CLM1,TSRYS5893517,D,S,T,2024-10-16,1000000.00,3.914679,98.25
08:00:31,91282CLM1,TSRYS5893517,D,S,T,2024-10-16,2000000.00,3.914679,98.25
08:00:31,91282CLM1,TSRYS5893517,D,S,T,2024-10-16,1000000.00,3.91991,98.21875
08:00:31,91282CLM1,TSRYS5893517,D,S,T,2024-10-16,1000000.00,3.91991,98.21875
08:00:31,91282CLM1,TSRYS5893517,D,S,T,2024-10-16,1000000.00,3.91991,98.21875
08:00:31,91282CLM1,TSRYS5893517,D,S,T,2024-10-16,1000000.00,3.91991,98.21875
08:00:31,91282CLM1,TSRYS5893517,D,S,T,2024-10-16,1000000.00,3.91991,98.21875
08:00:31,91282CLM1,TSRYS5893517,D,S,T,2024-10-16,1000000.00,3.91991,98.21875
08:00:31,91282CLM1,TSRYS5893517,D,S,T,2024-10-16,1000000.00,3.917294,98.234375
08:00:31,91282CLM1,TSRYS5893517,D,S,T,2024-10-16,1000000.00,3.918602,98.2265625
08:00:31,91282CLM1,TSRYS5893517,D,S,T,2024-10-16,1000000.00,3.918602,98.2265625
08:00:31,91282CLM1,TSRYS5893517,D,S,T,2024-10-16,1000000.00,3.918602,98.2265625
08:00:31,91282CLM1,TSRYS5893517,D,S,T,2024-10-16,1000000.00,3.917294,98.234375
08:00:31,91282CLM1,TSRYS5893517,D,S,T,2024-10-16,1000000.00,3.91991,98.21875
08:00:31,91282CLM1,TSRYS5893517,D,S,T,2024-10-16,1000000.00,3.91991,98.21875
08:00:31,91282CLM1,TSRYS5893517,D,S,T,2024-10-16,1000000.00,3.91991,98.21875
08:00:31,91282CLM1,TSRYS5893517,D,S,T,2024-10-16,1000000.00,3.91991,98.21875
08:00:31,91282CLM1,TSRYS5893517,D,S,T,2024-10-16,1000000.00,3.91991,98.21875
08:00:31,91282CLM1,TSRYS5893517,D,S,T,2024-10-16,1000000.00,3.921218,98.2109375
08:00:31,91282CLM1,TSRYS5893517,D,S,T,2024-10-16,1000000.00,3.921218,98.2109375
08:00:31,91282CLM1,TSRYS5893517,D,S,T,2024-10-16,1000000.00,3.921218,98.2109375
08:00:31,91282CLM1,TSRYS5893517,D,S,T,2024-10-16,1000000.00,3.921218,98.2109375
08:00:31,91282CLM1,TSRYS5893517,D,S,T,2024-10-16,1000000.00,3.922526,98.203125
08:00:31,91282CLM1,TSRYS5893517,D,S,T,2024-10-16,1000000.00,3.922526,98.203125
08:00:31,91282CLM1,TSRYS5893517,D,S,T,2024-10-16,1000000.00,3.91991,98.21875
08:00:31,91282CLM1,TSRYS5893517,D,S,T,2024-10-16,1000000.00,3.91991,98.21875
08:00:31,91282CLM1,TSRYS5893517,D,S,T,2024-10-16,1000000.00,3.91991,98.21875
08:00:31,91282CLM1,TSRYS5893517,D,S,T,2024-10-16,1000000.00,3.91991,98.21875
08:00:31,91282CLM1,TSRYS5893517,D,S,T,2024-10-16,1000000.00,3.918602,98.2265625
08:00:31,91282CLM1,TSRYS5893517,D,S,T,2024-10-16,1000000.00,3.918602,98.2265625
08:00:31,91282CLM1,TSRYS5893517,D,S,T,2024-10-16,1000000.00,3.918602,98.2265625
08:00:31,91282CLM1,TSRYS5893517,D,S,T,2024-10-16,1000000.00,3.91991,98.21875
08:00:31,91282CLM1,TSRYS5893517,D,S,T,2024-10-16,1000000.00,3.91991,98.21875
08:00:31,91282CLM1,TSRYS5893517,D,S,T,2024-10-16,1000000.00,3.917294,98.234375
08:00:31,91282CLM1,TSRYS5893517,D,S,T,2024-10-16,1000000.00,3.917294,98.234375
08:00:32,91282CLM1,TSRYS5893517,D,S,T,2024-10-16,1000000.00,3.914025,98.25390625
08:00:32,91282CLM1,TSRYS5893517,D,S,T,2024-10-16,1000000.00,3.914679,98.25
08:00:32,91282CLM1,TSRYS5893517,D,S,T,2024-10-16,1000000.00,3.913372,98.2578125
08:00:32,91282CLM1,TSRYS5893517,D,S,T,2024-10-16,1000000.00,3.912064,98.265625
08:00:32,91282CLM1,TSRYS5893517,D,S,T,2024-10-16,1000000.00,3.913372,98.2578125
08:00:32,91282CLM1,TSRYS5893517,D,S,T,2024-10-16,1000000.00,3.912064,98.265625
08:00:32,91282CLM1,TSRYS5893517,D,S,T,2024-10-16,1000000.00,3.912064,98.265625
08:00:32,91282CLM1,TSRYS5893517,D,S,T,2024-10-16,1000000.00,3.90945,98.28125
08:00:32,91282CLM1,TSRYS5893517,D,S,T,2024-10-16,1000000.00,3.910757,98.2734375
08:00:32,91282CLM1,TSRYS5893517,D,S,T,2024-10-16,1000000.00,3.910757,98.2734375
08:00:32,91282CLM1,TSRYS5893517,D,S,T,2024-10-16,1000000.00,3.90945,98.28125
08:00:32,91282CLM1,TSRYS5893517,D,S,T,2024-10-16,1000000.00,3.90847,98.287109375
08:00:32,91282CLM1,TSRYS5893517,D,S,T,2024-10-16,1000000.00,3.912064,98.265625
08:00:32,91282CLM1,TSRYS5893517,D,S,T,2024-10-16,1000000.00,3.912064,98.265625
08:00:32,91282CLM1,TSRYS5893517,D,S,T,2024-10-16,1000000.00,3.912064,98.265625
08:00:32,91282CLM1,TSRYS5893517,D,S,T,2024-10-16,1000000.00,3.912064,98.265625
08:00:32,91282CLM1,TSRYS5893517,D,S,T,2024-10-16,1000000.00,3.912064,98.265625
08:00:32,91282CLM1,TSRYS5893517,D,S,T,2024-10-16,1000000.00,3.912064,98.265625
08:00:32,91282CLM1,TSRYS5893517,D,S,T,2024-10-16,1000000.00,3.912064,98.265625
08:00:32,91282CLM1,TSRYS5893517,D,S,T,2024-10-16,1000000.00,3.912064,98.265625
08:00:32,91282CLM1,TSRYS5893517,D,S,T,2024-10-16,1000000.00,3.912064,98.265625
08:00:32,91282CLM1,TSRYS5893517,D,S,T,2024-10-16,1000000.00,3.912064,98.265625
08:00:32,91282CLM1,TSRYS5893517,D,S,T,2024-10-16,1000000.00,3.90945,98.28125
08:00:32,91282CLM1,TSRYS5893517,D,S,T,2024-10-16,1000000.00,3.908143,98.2890625
08:00:32,91282CLM1,TSRYS5893517,D,S,T,2024-10-16,1000000.00,3.906836,98.296875
08:00:32,91282CLM1,TSRYS5893517,D,S,T,2024-10-16,1000000.00,3.906836,98.296875
08:00:32,91282CLM1,TSRYS5893517,D,S,T,2024-10-16,1000000.00,3.906836,98.296875
08:00:32,91282CLM1,TSRYS5893517,D,S,T,2024-10-16,1000000.00,3.906836,98.296875
08:00:32,91282CLM1,TSRYS5893517,D,S,T,2024-10-16,1000000.00,3.908143,98.2890625
08:00:32,91282CLM1,TSRYS5893517,D,S,T,2024-10-16,1000000.00,3.907163,98.294921875
08:00:32,91282CLM1,TSRYS5893517,D,S,T,2024-10-16,1000000.00,3.906836,98.296875
08:00:32,91282CLM1,TSRYS5893517,D,S,T,2024-10-16,1000000.00,3.906836,98.296875
08:00:32,91282CLM1,TSRYS5893517,D,S,T,2024-10-16,1000000.00,3.90945,98.28125
08:00:32,91282CLM1,TSRYS5893517,D,S,T,2024-10-16,1000000.00,3.912064,98.265625
08:00:32,91282CLM1,TSRYS5893517,D,S,T,2024-10-16,1000000.00,3.912064,98.265625
08:00:32,91282CLM1,TSRYS5893517,D,S,T,2024-10-16,1000000.00,3.912064,98.265625
08:00:32,91282CLM1,TSRYS5893517,D,S,T,2024-10-16,1000000.00,3.912064,98.265625
08:00:32,91282CLM1,TSRYS5893517,D,S,T,2024-10-16,1000000.00,3.911737,98.267578125
08:00:32,91282CLM1,TSRYS5893517,D,S,T,2024-10-16,1000000.00,3.912064,98.265625
08:00:32,91282CLM1,TSRYS5893517,D,S,T,2024-10-16,1000000.00,3.912064,98.265625
08:00:32,91282CLM1,TSRYS5893517,D,S,T,2024-10-16,1000000.00,3.913372,98.2578125
08:00:32,91282CLM1,TSRYS5893517,D,S,T,2024-10-16,1000000.00,3.913372,98.2578125
08:00:32,91282CLM1,TSRYS5893517,D,S,T,2024-10-16,1000000.00,3.914679,98.25
08:00:32,91282CLM1,TSRYS5893517,D,S,T,2024-10-16,1000000.00,3.914679,98.25
08:00:32,91282CLM1,TSRYS5893517,D,S,T,2024-10-16,1000000.00,3.915987,98.2421875
08:00:32,91282CLM1,TSRYS5893517,D,S,T,2024-10-16,1000000.00,3.914679,98.25
08:00:32,91282CLM1,TSRYS5893517,D,S,T,2024-10-16,1000000.00,3.913372,98.2578125
08:00:32,91282CLM1,TSRYS5893517,D,S,T,2024-10-16,1000000.00,3.913372,98.2578125
08:00:32,91282CLM1,TSRYS5893517,D,S,T,2024-10-16,1000000.00,3.913372,98.2578125
08:00:32,91282CLM1,TSRYS5893517,D,S,T,2024-10-16,1000000.00,3.913372,98.2578125
08:00:32,91282CLM1,TSRYS5893517,D,S,T,2024-10-16,1000000.00,3.913372,98.2578125
08:00:32,91282CLM1,TSRYS5893517,D,S,T,2024-10-16,1000000.00,3.913372,98.2578125
08:00:32,91282CLM1,TSRYS5893517,D,S,T,2024-10-16,1000000.00,3.913698,98.255859375
08:00:32,91282CLM1,TSRYS5893517,D,S,T,2024-10-16,1000000.00,3.913698,98.255859375
08:00:32,91282CLM1,TSRYS5893517,D,S,T,2024-10-16,1000000.00,3.913372,98.2578125
08:00:32,91282CLM1,TSRYS5893517,D,S,T,2024-10-16,1000000.00,3.912064,98.265625
08:00:32,91282CLM1,TSRYS5893517,D,S,T,2024-10-16,1000000.00,3.910757,98.2734375
08:00:32,91282CLM1,TSRYS5893517,D,S,T,2024-10-16,1000000.00,3.910757,98.2734375
08:00:32,91282CLM1,TSRYS5893517,D,S,T,2024-10-16,1000000.00,3.910757,98.2734375
08:00:32,91282CLM1,TSRYS5893517,D,S,T,2024-10-16,1000000.00,3.910757,98.2734375
08:00:32,91282CLM1,TSRYS5893517,D,S,T,2024-10-16,3000000.00,3.910757,98.2734375
08:00:32,91282CLM1,TSRYS5893517,D,S,T,2024-10-16,1000000.00,3.910757,98.2734375
08:00:32,91282CLM1,TSRYS5893517,D,S,T,2024-10-16,1000000.00,3.910757,98.2734375
08:00:32,91282CLM1,TSRYS5893517,D,S,T,2024-10-16,1000000.00,3.908143,98.2890625
08:00:32,91282CLM1,TSRYS5893517,D,S,T,2024-10-16,1000000.00,3.908143,98.2890625
08:00:32,91282CLM1,TSRYS5893517,D,S,T,2024-10-16,1000000.00,3.908143,98.2890625
08:00:32,91282CLM1,TSRYS5893517,D,S,T,2024-10-16,1000000.00,3.90553,98.3046875
08:00:32,91282CLM1,TSRYS5893517,D,S,T,2024-10-16,1000000.00,3.90553,98.3046875
08:00:32,91282CLM1,TSRYS5893517,D,S,T,2024-10-16,1000000.00,3.90553,98.3046875
08:00:32,91282CLM1,TSRYS5893517,D,S,T,2024-10-16,1000000.00,3.906836,98.296875
08:00:32,91282CLM1,TSRYS5893517,D,S,T,2024-10-16,1000000.00,3.904223,98.3125
08:00:32,91282CLM1,TSRYS5893517,D,S,T,2024-10-16,1000000.00,3.904223,98.3125
08:00:32,91282CLM1,TSRYS5893517,D,S,T,2024-10-16,1000000.00,3.904223,98.3125
08:00:32,91282CLM1,TSRYS5893517,D,S,T,2024-10-16,1000000.00,3.904223,98.3125
08:00:32,91282CLM1,TSRYS5893517,D,S,T,2024-10-16,1000000.00,3.90553,98.3046875
08:00:32,91282CLM1,TSRYS5893517,D,S,T,2024-10-16,1000000.00,3.90553,98.3046875
08:00:32,91282CLM1,TSRYS5893517,D,S,T,2024-10-16,1000000.00,3.904223,98.3125
08:00:32,91282CLM1,TSRYS5893517,D,S,T,2024-10-16,1000000.00,3.905203,98.306640625
08:00:32,91282CLM1,TSRYS5893517,D,S,T,2024-10-16,1000000.00,3.905203,98.306640625
08:00:32,91282CLM1,TSRYS5893517,D,S,T,2024-10-16,1000000.00,3.90553,98.3046875
08:00:32,91282CLM1,TSRYS5893517,D,S,T,2024-10-16,1000000.00,3.90553,98.3046875
08:00:32,91282CLM1,TSRYS5893517,D,S,T,2024-10-16,1000000.00,3.935287,98.126953125
08:00:32,91282CLM1,TSRYS5893517,D,S,T,2024-10-16,1000000.00,3.935287,98.126953125
08:00:32,91282CLM1,TSRYS5893517,D,S,T,2024-10-16,1000000.00,3.935942,98.123046875
08:00:32,91282CLM1,TSRYS5893517,D,S,T,2024-10-16,1000000.00,3.935287,98.126953125
08:00:32,91282CLM1,TSRYS5893517,D,S,T,2024-10-16,1000000.00,3.935614,98.125
08:00:32,91282CLM1,TSRYS5893517,D,S,T,2024-10-16,1000000.00,3.935614,98.125
08:00:32,91282CLM1,TSRYS5893517,D,S,T,2024-10-16,1000000.00,3.930705,98.154296875
08:00:32,91282CLM1,TSRYS5893517,D,S,T,2024-10-16,1000000.00,3.932341,98.14453125
08:00:32,91282CLM1,TSRYS5893517,D,S,T,2024-10-16,1000000.00,3.932341,98.14453125
08:00:32,91282CLM1,TSRYS5893517,D,S,T,2024-10-16,1000000.00,3.932668,98.142578125
08:00:32,91282CLM1,TSRYS5893517,D,S,T,2024-10-16,1000000.00,3.932668,98.142578125
08:00:32,91282CLM1,TSRYS5893517,D,S,T,2024-10-16,1000000.00,3.932996,98.140625
08:00:32,91282CLM1,TSRYS5893517,D,S,T,2024-10-16,1000000.00,3.932996,98.140625
08:00:32,91282CLM1,TSRYS5893517,D,S,T,2024-10-16,1000000.00,3.931359,98.150390625
08:00:32,91282CLM1,TSRYS5893517,D,S,T,2024-10-16,1000000.00,3.931359,98.150390625
08:00:32,91282CLM1,TSRYS5893517,D,S,T,2024-10-16,1000000.00,3.934305,98.1328125
08:00:32,91282CLM1,TSRYS5893517,D,S,T,2024-10-16,1000000.00,3.937251,98.115234375
08:00:32,91282CLM1,TSRYS5893517,D,S,T,2024-10-16,1000000.00,3.937251,98.115234375
08:00:32,91282CLM1,TSRYS5893517,D,S,T,2024-10-16,1000000.00,3.936269,98.12109375
08:00:32,91282CLM1,TSRYS5893517,D,S,T,2024-10-16,1000000.00,3.935942,98.123046875
08:00:32,91282CLM1,TSRYS5893517,D,S,T,2024-10-16,1000000.00,3.937251,98.115234375
08:00:32,91282CLM1,TSRYS5893517,D,S,T,2024-10-16,1000000.00,3.931359,98.150390625
08:00:32,91282CLM1,TSRYS5893517,D,S,T,2024-10-16,1000000.00,3.930705,98.154296875
08:00:32,91282CLM1,TSRYS5893517,D,S,T,2024-10-16,1000000.00,3.930705,98.154296875
08:00:32,91282CLM1,TSRYS5893517,D,S,T,2024-10-16,1000000.00,3.930705,98.154296875
08:00:32,91282CLM1,TSRYS5893517,D,S,T,2024-10-16,1000000.00,3.931032,98.15234375
08:00:33,91282CLM1,TSRYS5893517,D,S,T,2024-10-16,1000000.00,3.915987,98.2421875
08:00:33,91282CLM1,TSRYS5893517,D,S,T,2024-10-16,1000000.00,3.915987,98.2421875
08:00:33,91282CLM1,TSRYS5893517,D,S,T,2024-10-16,1000000.00,3.915987,98.2421875
08:00:33,91282CLM1,TSRYS5893517,D,S,T,2024-10-16,1000000.00,3.915006,98.248046875
08:00:33,91282CLM1,TSRYS5893517,D,S,T,2024-10-16,1000000.00,3.915006,98.248046875
08:00:33,91282CLM1,TSRYS5893517,D,S,T,2024-10-16,1000000.00,3.915006,98.248046875
08:00:33,91282CLM1,TSRYS5893517,D,S,T,2024-10-16,1000000.00,3.912064,98.265625
08:00:33,91282CLM1,TSRYS5893517,D,S,T,2024-10-16,1000000.00,3.912064,98.265625
08:00:33,91282CLM1,TSRYS5893517,D,S,T,2024-10-16,1000000.00,3.90847,98.287109375
08:00:33,91282CLM1,TSRYS5893517,D,S,T,2024-10-16,1000000.00,3.90847,98.287109375
08:00:33,91282CLM1,TSRYS5893517,D,S,T,2024-10-16,1000000.00,3.908797,98.28515625
08:00:33,91282CLM1,TSRYS5893517,D,S,T,2024-10-16,1000000.00,3.90847,98.287109375
08:00:33,91282CLM1,TSRYS5893517,D,S,T,2024-10-16,1000000.00,3.910104,98.27734375
08:00:33,91282CLM1,TSRYS5893517,D,S,T,2024-10-16,1000000.00,3.909777,98.279296875
08:00:33,91282CLM1,TSRYS5893517,D,S,T,2024-10-16,1000000.00,3.90945,98.28125
08:00:33,91282CLM1,TSRYS5893517,D,S,T,2024-10-16,1000000.00,3.90945,98.28125
08:00:33,91282CLM1,TSRYS5893517,D,S,T,2024-10-16,1000000.00,3.911411,98.26953125
08:00:33,91282CLM1,TSRYS5893517,D,S,T,2024-10-16,1000000.00,3.912064,98.265625
08:00:33,91282CLM1,TSRYS5893517,D,S,T,2024-10-16,1000000.00,3.91566,98.244140625
08:00:33,91282CLM1,TSRYS5893517,D,S,T,2024-10-16,1000000.00,3.915333,98.24609375
08:00:33,91282CLM1,TSRYS5893517,D,S,T,2024-10-16,1000000.00,3.91664,98.23828125
08:00:33,91282CLM1,TSRYS5893517,D,S,T,2024-10-16,1000000.00,3.914025,98.25390625
08:00:33,91282CLM1,TSRYS5893517,D,S,T,2024-10-16,1000000.00,3.914025,98.25390625
08:00:33,91282CLM1,TSRYS5893517,D,S,T,2024-10-16,1000000.00,3.91664,98.23828125
08:00:33,91282CLM1,TSRYS5893517,D,S,T,2024-10-16,1000000.00,3.920237,98.216796875
08:00:33,91282CLM1,TSRYS5893517,D,S,T,2024-10-16,1000000.00,3.920891,98.212890625
08:00:33,91282CLM1,TSRYS5893517,D,S,T,2024-10-16,1000000.00,3.920891,98.212890625
08:00:33,91282CLM1,TSRYS5893517,D,S,T,2024-10-16,1000000.00,3.919583,98.220703125
08:00:33,91282CLM1,TSRYS5893517,D,S,T,2024-10-16,1000000.00,3.920564,98.21484375
08:00:33,91282CLM1,TSRYS5893517,D,S,T,2024-10-16,1000000.00,3.919583,98.220703125
08:00:33,91282CLM1,TSRYS5893517,D,S,T,2024-10-16,1000000.00,3.919583,98.220703125
08:00:33,91282CLM1,TSRYS5893517,D,S,T,2024-10-16,1000000.00,3.918275,98.228515625
08:00:33,91282CLM1,TSRYS5893517,D,S,T,2024-10-16,1000000.00,3.918275,98.228515625
08:00:33,91282CLM1,TSRYS5893517,D,S,T,2024-10-16,1000000.00,3.917948,98.23046875
08:00:33,91282CLM1,TSRYS5893517,D,S,T,2024-10-16,1000000.00,3.918602,98.2265625
08:00:33,91282CLM1,TSRYS5893517,D,S,T,2024-10-16,1000000.00,3.917621,98.232421875
08:00:33,91282CLM1,TSRYS5893517,D,S,T,2024-10-16,1000000.00,3.917621,98.232421875
08:00:33,91282CLM1,TSRYS5893517,D,S,T,2024-10-16,1000000.00,3.917621,98.232421875
08:00:33,91282CLM1,TSRYS5893517,D,S,T,2024-10-16,1000000.00,3.918929,98.224609375
08:00:33,91282CLM1,TSRYS5893517,D,S,T,2024-10-16,1000000.00,3.919256,98.22265625
08:00:33,91282CLM1,TSRYS5893517,D,S,T,2024-10-16,1000000.00,3.920891,98.212890625
08:00:33,91282CLM1,TSRYS5893517,D,S,T,2024-10-16,1000000.00,3.918275,98.228515625
08:00:33,91282CLM1,TSRYS5893517,D,S,T,2024-10-16,1000000.00,3.919256,98.22265625
08:00:33,91282CLM1,TSRYS5893517,D,S,T,2024-10-16,1000000.00,3.914352,98.251953125
08:00:33,91282CLM1,TSRYS5893517,D,S,T,2024-10-16,1000000.00,3.914679,98.25
08:00:33,91282CLM1,TSRYS5893517,D,S,T,2024-10-16,1000000.00,3.914679,98.25
08:00:33,91282CLM1,TSRYS5893517,D,S,T,2024-10-16,1000000.00,3.914025,98.25390625
08:00:33,91282CLM1,TSRYS5893517,D,S,T,2024-10-16,1000000.00,3.913045,98.259765625
08:00:33,91282CLM1,TSRYS5893517,D,S,T,2024-10-16,1000000.00,3.913372,98.2578125
08:00:33,91282CLM1,TSRYS5893517,D,S,T,2024-10-16,1000000.00,3.913372,98.2578125
08:00:33,91282CLM1,TSRYS5893517,D,S,T,2024-10-16,1000000.00,3.910757,98.2734375
08:00:33,91282CLM1,TSRYS5893517,D,S,T,2024-10-16,1000000.00,3.910757,98.2734375
08:00:33,91282CLM1,TSRYS5893517,D,S,T,2024-10-16,1000000.00,3.90847,98.287109375
08:00:33,91282CLM1,TSRYS5893517,D,S,T,2024-10-16,1000000.00,3.90847,98.287109375
08:00:33,91282CLM1,TSRYS5893517,D,S,T,2024-10-16,1000000.00,3.911737,98.267578125
08:00:33,91282CLM1,TSRYS5893517,D,S,T,2024-10-16,1000000.00,3.912064,98.265625
08:00:33,91282CLM1,TSRYS5893517,D,S,T,2024-10-16,1000000.00,3.912064,98.265625
08:00:33,91282CLM1,TSRYS5893517,D,S,T,2024-10-16,1000000.00,3.915987,98.2421875
08:00:33,91282CLM1,TSRYS5893517,D,S,T,2024-10-16,1000000.00,3.904223,98.3125
08:00:33,91282CLM1,TSRYS5893517,D,S,T,2024-10-16,1000000.00,3.904223,98.3125
08:00:33,91282CLM1,TSRYS5893517,D,S,T,2024-10-16,1000000.00,3.90553,98.3046875
08:00:33,91282CLM1,TSRYS5893517,D,S,D,2024-10-16,1000000.00,3.935287,98.126953125
08:00:33,91282CLM1,TSRYS5893517,D,S,D,2024-10-16,1000000.00,3.935614,98.125
08:00:33,91282CLM1,TSRYS5893517,D,S,D,2024-10-16,1000000.00,3.935614,98.125
08:00:33,91282CLM1,TSRYS5893517,D,S,D,2024-10-16,1000000.00,3.936596,98.119140625
08:00:33,91282CLM1,TSRYS5893517,D,S,D,2024-10-16,1000000.00,3.932996,98.140625
08:00:33,91282CLM1,TSRYS5893517,D,S,D,2024-10-16,1000000.00,3.934305,98.1328125
08:00:33,91282CLM1,TSRYS5893517,D,S,D,2024-10-16,1000000.00,3.934632,98.130859375
08:00:33,91282CLM1,TSRYS5893517,D,S,D,2024-10-16,1000000.00,3.934632,98.130859375
08:00:33,91282CLM1,TSRYS5893517,D,S,D,2024-10-16,1000000.00,3.936596,98.119140625
08:00:33,91282CLM1,TSRYS5893517,D,S,D,2024-10-16,1000000.00,3.917294,98.234375
08:00:34,91282CLM1,TSRYS5893517,D,S,D,2024-10-16,1000000.00,3.914679,98.25
08:00:34,91282CLM1,TSRYS5893517,D,S,D,2024-10-16,1000000.00,3.915987,98.2421875
08:00:34,91282CLM1,TSRYS5893517,D,S,D,2024-10-16,1000000.00,3.916967,98.236328125
08:00:34,91282CLM1,TSRYS5893517,D,S,D,2024-10-16,1000000.00,3.918602,98.2265625
08:00:34,91282CLM1,TSRYS5893517,D,S,D,2024-10-16,1000000.00,3.918602,98.2265625
08:00:34,91282CLM1,TSRYS5893517,D,S,D,2024-10-16,1000000.00,3.917621,98.232421875
08:00:34,91282CLM1,TSRYS5893517,D,S,D,2024-10-16,1000000.00,3.905203,98.306640625
08:00:34,91282CLM1,TSRYS5893517,D,S,D,2024-10-16,1000000.00,3.90553,98.3046875
08:00:34,91282CLM1,TSRYS5893517,D,S,D,2024-10-16,1000000.00,3.938233,98.109375
08:00:34,91282CLM1,TSRYS5893517,D,S,D,2024-10-16,1000000.00,3.935287,98.126953125
08:00:34,91282CLM1,TSRYS5893517,D,S,D,2024-10-16,1000000.00,3.935287,98.126953125
08:00:34,91282CLM1,TSRYS5893517,D,S,D,2024-10-16,1000000.00,3.935614,98.125
08:00:34,91282CLM1,TSRYS5893517,D,S,D,2024-10-16,1000000.00,3.938233,98.109375
08:00:34,91282CLM1,TSRYS5893517,D,S,D,2024-10-16,1000000.00,3.934305,98.1328125
08:00:34,91282CLM1,TSRYS5893517,D,S,D,2024-10-16,1000000.00,3.934305,98.1328125
08:00:34,91282CLM1,TSRYS5893517,D,S,D,2024-10-16,1000000.00,3.934632,98.130859375
08:00:34,91282CLM1,TSRYS5893517,D,S,D,2024-10-16,2000000.00,3.931032,98.15234375
08:00:34,91282CLM1,TSRYS5893517,D,S,D,2024-10-16,1000000.00,3.915006,98.248046875
08:00:34,91282CLM1,TSRYS5893517,D,S,D,2024-10-16,1000000.00,3.908797,98.28515625
08:00:35,91282CLM1,TSRYS5893517,D,S,D,2024-10-16,1000000.00,3.915987,98.2421875
08:00:35,91282CLM1,TSRYS5893517,D,S,T,2024-10-16,1000000.00,3.935942,98.123046875
08:00:35,91282CLM1,TSRYS5893517,D,S,D,2024-10-16,1000000.00,3.934305,98.1328125
08:00:35,91282CLM1,TSRYS5893517,D,S,T,2024-10-16,1000000.00,3.935614,98.125
08:00:35,91282CLM1,TSRYS5893517,D,S,T,2024-10-16,1000000.00,3.935614,98.125
08:00:35,91282CLM1,TSRYS5893517,D,S,T,2024-10-16,1000000.00,3.935614,98.125
08:00:35,91282CLM1,TSRYS5893517,D,S,T,2024-10-16,1000000.00,3.935614,98.125
08:00:35,91282CLM1,TSRYS5893517,D,S,T,2024-10-16,1000000.00,3.935614,98.125
08:00:35,91282CLM1,TSRYS5893517,D,S,T,2024-10-16,1000000.00,3.935614,98.125
08:00:35,91282CLM1,TSRYS5893517,D,S,T,2024-10-16,1000000.00,3.935614,98.125
08:00:35,91282CLM1,TSRYS5893517,D,S,T,2024-10-16,1000000.00,3.935614,98.125
08:00:35,91282CLM1,TSRYS5893517,D,S,T,2024-10-16,2000000.00,3.935614,98.125
08:00:35,91282CLM1,TSRYS5893517,D,S,T,2024-10-16,1000000.00,3.935614,98.125
08:00:35,91282CLM1,TSRYS5893517,D,S,T,2024-10-16,1000000.00,3.935614,98.125
08:00:35,91282CLM1,TSRYS5893517,D,S,T,2024-10-16,1000000.00,3.935614,98.125
08:00:35,91282CLM1,TSRYS5893517,D,S,T,2024-10-16,1000000.00,3.935614,98.125
08:00:35,91282CLM1,TSRYS5893517,D,S,T,2024-10-16,1000000.00,3.935614,98.125
08:00:35,91282CLM1,TSRYS5893517,D,S,T,2024-10-16,1000000.00,3.935614,98.125
08:00:35,91282CLM1,TSRYS5893517,D,S,T,2024-10-16,1000000.00,3.935614,98.125
08:00:35,91282CLM1,TSRYS5893517,D,S,T,2024-10-16,1000000.00,3.935614,98.125
08:00:35,91282CLM1,TSRYS5893517,D,S,T,2024-10-16,1000000.00,3.935614,98.125
08:00:35,91282CLM1,TSRYS5893517,D,S,T,2024-10-16,1000000.00,3.935614,98.125
08:00:35,91282CLM1,TSRYS5893517,D,S,T,2024-10-16,1000000.00,3.935614,98.125
08:00:35,91282CLM1,TSRYS5893517,D,S,T,2024-10-16,1000000.00,3.935614,98.125
08:00:35,91282CLM1,TSRYS5893517,D,S,T,2024-10-16,1000000.00,3.935614,98.125
08:00:35,91282CLM1,TSRYS5893517,D,S,T,2024-10-16,1000000.00,3.935614,98.125
08:00:35,91282CLM1,TSRYS5893517,D,S,T,2024-10-16,3000000.00,3.935614,98.125
08:00:36,91282CLM1,TSRYS5893517,D,S,T,2024-10-16,1000000.00,3.939871,98.099609375
08:00:36,91282CLM1,TSRYS5893517,D,S,D,2024-10-16,1000000.00,3.929069,98.1640625
08:00:36,91282CLM1,TSRYS5893517,D,S,T,2024-10-16,1000000.00,3.930378,98.15625
08:00:36,91282CLM1,TSRYS5893517,D,S,T,2024-10-16,4000000.00,3.930378,98.15625
08:00:36,91282CLM1,TSRYS5893517,D,S,T,2024-10-16,1000000.00,3.931687,98.1484375
08:00:36,91282CLM1,TSRYS5893517,D,S,T,2024-10-16,1000000.00,3.936924,98.1171875
08:00:36,91282CLM1,TSRYS5893517,D,S,T,2024-10-16,1000000.00,3.935942,98.123046875
08:00:36,91282CLM1,TSRYS5893517,D,S,T,2024-10-16,1000000.00,3.935942,98.123046875
08:00:36,91282CLM1,TSRYS5893517,D,S,T,2024-10-16,1000000.00,3.935942,98.123046875
08:00:36,91282CLM1,TSRYS5893517,D,S,D,2024-10-16,1000000.00,3.935614,98.125
08:00:36,91282CLM1,TSRYS5893517,D,S,T,2024-10-16,1000000.00,3.937251,98.115234375
08:00:36,91282CLM1,TSRYS5893517,D,B,C,2024-10-16,14000000.00,3.938233,98.109375
08:00:36,91282CLM1,TSRYS5893517,D,S,T,2024-10-16,1000000.00,3.937251,98.115234375
08:00:36,91282CLM1,TSRYS5893517,D,S,T,2024-10-16,1000000.00,3.937251,98.115234375
08:00:36,91282CLM1,TSRYS5893517,D,S,T,2024-10-16,1000000.00,3.937251,98.115234375
08:00:36,91282CLM1,TSRYS5893517,D,S,D,2024-10-16,1000000.00,3.917294,98.234375
08:00:36,91282CLM1,TSRYS5893517,D,S,T,2024-10-16,1000000.00,3.91664,98.23828125
08:00:36,91282CLM1,TSRYS5893517,D,S,D,2024-10-16,1000000.00,3.914679,98.25
08:00:36,91282CLM1,TSRYS5893517,D,S,T,2024-10-16,1000000.00,3.912391,98.263671875
08:00:36,91282CLM1,TSRYS5893517,D,S,T,2024-10-16,1000000.00,3.912391,98.263671875
08:00:36,91282CLM1,TSRYS5893517,D,S,A,2024-10-16,1673300.00,3.911411,98.26953125
08:00:36,91282CLM1,TSRYS5893517,D,S,T,2024-10-16,1000000.00,3.915006,98.248046875
08:00:36,91282CLM1,TSRYS5893517,D,S,D,2024-10-16,1000000.00,3.914679,98.25
08:00:36,91282CLM1,TSRYS5893517,D,S,D,2024-10-16,1000000.00,3.915987,98.2421875
08:00:36,91282CLM1,TSRYS5893517,D,S,T,2024-10-16,1000000.00,3.914679,98.25
08:00:36,91282CLM1,TSRYS5893517,D,S,D,2024-10-16,1000000.00,3.918602,98.2265625
08:00:36,91282CLM1,TSRYS5893517,D,S,D,2024-10-16,1000000.00,3.918479,98.2272971617
08:00:36,91282CLM1,TSRYS5893517,D,S,D,2024-10-16,1000000.00,3.91991,98.21875
08:00:36,91282CLM1,TSRYS5893517,D,S,D,2024-10-16,1000000.00,3.918602,98.2265625
08:00:36,91282CLM1,TSRYS5893517,D,S,T,2024-10-16,1000000.00,3.907163,98.294921875
08:00:36,91282CLM1,TSRYS5893517,D,S,A,2024-10-16,59000.00,3.907178,98.296875
08:00:36,91282CLM1,TSRYS5893517,D,S,T,2024-10-16,13000000.00,3.932593,98.143028846
08:00:36,91282CLM1,TSRYS5893517,D,B,C,2024-10-16,233000.00,3.914025,98.25390625
08:00:36,91282CLM1,TSRYS5893517,D,S,C,2024-10-16,715000.00,3.914025,98.25390625
08:00:36,91282CLM1,TSRYS5893517,D,B,C,2024-10-16,1205000.00,3.906836,98.296875
08:00:37,91282CLM1,TSRYS5893517,D,S,D,2024-10-16,1000000.00,3.913045,98.259765625
08:00:37,91282CLM1,TSRYS5893517,D,S,D,2024-10-16,1000000.00,3.913045,98.259765625
08:00:38,91282CLM1,TSRYS5893517,D,B,C,2024-10-16,1000000.00,3.913698,98.255859375
08:00:38,91282CLM1,TSRYS5893517,D,S,D,2024-10-16,1000000.00,3.913698,98.255859375
08:00:38,91282CLM1,TSRYS5893517,D,S,D,2024-10-16,1000000.00,3.913372,98.2578125
08:00:39,91282CLM1,TSRYS5893517,D,S,C,2024-10-16,1000000.00,3.90553,98.3046875
08:00:40,91282CLM1,TSRYS5893517,D,S,D,2024-10-16,1000000.00,3.903896,98.314453125
08:00:42,91282CLM1,TSRYS5893517,D,S,D,2024-10-16,1000000.00,3.903896,98.314453125
08:00:42,91282CLM1,TSRYS5893517,D,S,D,2024-10-16,1000000.00,3.903896,98.314453125
08:00:42,91282CLM1,TSRYS5893517,D,S,D,2024-10-16,1000000.00,3.903896,98.314453125
08:00:42,91282CLM1,TSRYS5893517,D,B,C,2024-10-16,1000000.00,3.903896,98.314453125
08:00:42,91282CLM1,TSRYS5893517,D,S,D,2024-10-16,1000000.00,3.903896,98.314453125
08:00:42,91282CLM1,TSRYS5893517,D,S,D,2024-10-16,3000000.00,3.905203,98.306640625
08:00:44,91282CLM1,TSRYS5893517,D,S,D,2024-10-16,1857000.00,3.902263,98.32421875
08:00:44,91282CLM1,TSRYS5893517,D,S,D,2024-10-16,3815000.00,3.902263,98.32421875
08:00:47,91282CLM1,TSRYS5893517,D,S,A,2024-10-16,1000000.00,3.90945,98.28125
08:00:57,91282CLM1,TSRYS5893517,D,B,A,2024-10-16,260000.00,3.912718,98.26171875
08:00:59,91282CLM1,TSRYS5893517,D,S,T,2024-10-16,1000000.00,3.914679,98.25
08:01:04,91282CLM1,TSRYS5893517,D,S,C,2024-10-16,1000000.00,3.934305,98.1328125
08:01:04,91282CLM1,TSRYS5893517,D,S,C,2024-10-16,1000000.00,3.93365,98.13671875
08:01:04,91282CLM1,TSRYS5893517,D,S,C,2024-10-16,1000000.00,3.936596,98.119140625
08:01:04,91282CLM1,TSRYS5893517,D,S,D,2024-10-16,1000000.00,3.935287,98.126953125
08:01:04,91282CLM1,TSRYS5893517,D,S,C,2024-10-16,1000000.00,3.941508,98.08984375
08:01:04,91282CLM1,TSRYS5893517,D,S,D,2024-10-16,1000000.00,3.935287,98.126953125
08:01:04,91282CLM1,TSRYS5893517,D,S,D,2024-10-16,1000000.00,3.935287,98.126953125
08:01:04,91282CLM1,TSRYS5893517,D,B,C,2024-10-16,1000000.00,3.935287,98.126953125
08:01:04,91282CLM1,TSRYS5893517,D,B,C,2024-10-16,1000000.00,3.935287,98.126953125
08:01:04,91282CLM1,TSRYS5893517,D,B,C,2024-10-16,1000000.00,3.935287,98.126953125
08:01:04,91282CLM1,TSRYS5893517,D,B,C,2024-10-16,1000000.00,3.935287,98.126953125
08:01:04,91282CLM1,TSRYS5893517,D,S,D,2024-10-16,1000000.00,3.935287,98.126953125
08:01:04,91282CLM1,TSRYS5893517,D,S,D,2024-10-16,1000000.00,3.935287,98.126953125
08:01:04,91282CLM1,TSRYS5893517,D,B,C,2024-10-16,1000000.00,3.935287,98.126953125
08:01:04,91282CLM1,TSRYS5893517,D,B,C,2024-10-16,1000000.00,3.935287,98.126953125
08:01:04,91282CLM1,TSRYS5893517,D,B,C,2024-10-16,1000000.00,3.935287,98.126953125
08:01:04,91282CLM1,TSRYS5893517,D,S,D,2024-10-16,1000000.00,3.935287,98.126953125
08:01:04,91282CLM1,TSRYS5893517,D,S,D,2024-10-16,1000000.00,3.935287,98.126953125
08:01:04,91282CLM1,TSRYS5893517,D,S,D,2024-10-16,1000000.00,3.935287,98.126953125
08:01:05,91282CLM1,TSRYS5893517,D,B,C,2024-10-16,1000000.00,3.935287,98.126953125
08:01:05,91282CLM1,TSRYS5893517,D,B,C,2024-10-16,1000000.00,3.935287,98.126953125
08:01:05,91282CLM1,TSRYS5893517,D,S,D,2024-10-16,1000000.00,3.935287,98.126953125
08:01:05,91282CLM1,TSRYS5893517,D,S,D,2024-10-16,1000000.00,3.929396,98.162109375
08:01:05,91282CLM1,TSRYS5893517,D,B,C,2024-10-16,1000000.00,3.929396,98.162109375
08:01:05,91282CLM1,TSRYS5893517,D,S,D,2024-10-16,1000000.00,3.929069,98.1640625
08:01:05,91282CLM1,TSRYS5893517,D,B,C,2024-10-16,1000000.00,3.929396,98.162109375
08:01:05,91282CLM1,TSRYS5893517,D,S,T,2024-10-16,1000000.00,3.909472,98.28112
08:01:05,91282CLM1,TSRYS5893517,D,S,D,2024-10-16,1000000.00,3.929396,98.162109375
08:01:05,91282CLM1,TSRYS5893517,D,S,D,2024-10-16,1000000.00,3.929396,98.162109375
08:01:05,91282CLM1,TSRYS5893517,D,B,C,2024-10-16,1000000.00,3.929396,98.162109375
08:01:05,91282CLM1,TSRYS5893517,D,B,C,2024-10-16,1000000.00,3.929069,98.1640625
08:01:05,91282CLM1,TSRYS5893517,D,S,D,2024-10-16,1000000.00,3.929069,98.1640625
08:01:05,91282CLM1,TSRYS5893517,D,S,T,2024-10-16,1000000.00,3.909472,98.28112
08:01:05,91282CLM1,TSRYS5893517,D,S,T,2024-10-16,1000000.00,3.909472,98.28112
08:01:05,91282CLM1,TSRYS5893517,D,B,C,2024-10-16,1000000.00,3.929723,98.16015625
08:01:05,91282CLM1,TSRYS5893517,D,S,T,2024-10-16,1000000.00,3.909472,98.28112
08:01:05,91282CLM1,TSRYS5893517,D,S,T,2024-10-16,1000000.00,3.909472,98.28112
08:01:05,91282CLM1,TSRYS5893517,D,S,D,2024-10-16,1000000.00,3.929723,98.16015625
08:01:05,91282CLM1,TSRYS5893517,D,S,T,2024-10-16,1000000.00,3.909472,98.28112
08:01:05,91282CLM1,TSRYS5893517,D,S,T,2024-10-16,1000000.00,3.909472,98.28112
08:01:05,91282CLM1,TSRYS5893517,D,S,C,2024-10-16,1000000.00,3.932668,98.142578125
08:01:05,91282CLM1,TSRYS5893517,D,S,C,2024-10-16,1000000.00,3.932668,98.142578125
08:01:05,91282CLM1,TSRYS5893517,D,B,C,2024-10-16,1000000.00,3.931687,98.1484375
08:01:05,91282CLM1,TSRYS5893517,D,S,T,2024-10-16,1000000.00,3.909472,98.28112
08:01:05,91282CLM1,TSRYS5893517,D,S,T,2024-10-16,2000000.00,3.909472,98.28112
08:01:05,91282CLM1,TSRYS5893517,D,S,D,2024-10-16,1000000.00,3.931687,98.1484375
08:01:05,91282CLM1,TSRYS5893517,D,B,C,2024-10-16,1000000.00,3.931687,98.1484375
08:01:05,91282CLM1,TSRYS5893517,D,S,T,2024-10-16,1000000.00,3.909472,98.28112
08:01:05,91282CLM1,TSRYS5893517,D,S,T,2024-10-16,1000000.00,3.909472,98.28112
08:01:06,91282CLM1,TSRYS5893517,D,S,C,2024-10-16,1000000.00,3.932668,98.142578125
08:01:06,91282CLM1,TSRYS5893517,D,S,C,2024-10-16,1000000.00,3.932668,98.142578125
08:01:06,91282CLM1,TSRYS5893517,D,S,C,2024-10-16,1000000.00,3.932668,98.142578125
08:01:06,91282CLM1,TSRYS5893517,D,S,D,2024-10-16,1000000.00,3.931687,98.1484375
08:01:06,91282CLM1,TSRYS5893517,D,S,C,2024-10-16,1000000.00,3.932668,98.142578125
08:01:06,91282CLM1,TSRYS5893517,D,S,T,2024-10-16,1000000.00,3.909472,98.28112
08:01:06,91282CLM1,TSRYS5893517,D,S,C,2024-10-16,1000000.00,3.931359,98.150390625
08:01:06,91282CLM1,TSRYS5893517,D,S,D,2024-10-16,1000000.00,3.932996,98.140625
08:01:06,91282CLM1,TSRYS5893517,D,S,T,2024-10-16,1000000.00,3.909472,98.28112
08:01:06,91282CLM1,TSRYS5893517,D,S,C,2024-10-16,1000000.00,3.931359,98.150390625
08:01:06,91282CLM1,TSRYS5893517,D,S,D,2024-10-16,1000000.00,3.933978,98.134765625
08:01:06,91282CLM1,TSRYS5893517,D,B,C,2024-10-16,1000000.00,3.933978,98.134765625
08:01:06,91282CLM1,TSRYS5893517,D,S,C,2024-10-16,1000000.00,3.936596,98.119140625
08:01:06,91282CLM1,TSRYS5893517,D,S,C,2024-10-16,1000000.00,3.936269,98.12109375
08:01:06,91282CLM1,TSRYS5893517,D,S,D,2024-10-16,1000000.00,3.935614,98.125
08:01:06,91282CLM1,TSRYS5893517,D,S,C,2024-10-16,1000000.00,3.936269,98.12109375
08:01:07,91282CLM1,TSRYS5893517,D,S,D,2024-10-16,1000000.00,3.936269,98.12109375
08:01:07,91282CLM1,TSRYS5893517,D,B,C,2024-10-16,1000000.00,3.936269,98.12109375
08:01:07,91282CLM1,TSRYS5893517,D,S,C,2024-10-16,1000000.00,3.936924,98.1171875
08:01:07,91282CLM1,TSRYS5893517,D,S,D,2024-10-16,1000000.00,3.936596,98.119140625
08:01:07,91282CLM1,TSRYS5893517,D,B,C,2024-10-16,1000000.00,3.935942,98.123046875
08:01:07,91282CLM1,TSRYS5893517,D,S,D,2024-10-16,1000000.00,3.935942,98.123046875
08:01:07,91282CLM1,TSRYS5893517,D,B,C,2024-10-16,1000000.00,3.93365,98.13671875
08:01:07,91282CLM1,TSRYS5893517,D,S,D,2024-10-16,1000000.00,3.93365,98.13671875
08:01:07,91282CLM1,TSRYS5893517,D,B,C,2024-10-16,1000000.00,3.933323,98.138671875
08:01:07,91282CLM1,TSRYS5893517,D,S,D,2024-10-16,1000000.00,3.933323,98.138671875
08:01:07,91282CLM1,TSRYS5893517,D,S,D,2024-10-16,1000000.00,3.932996,98.140625
08:01:07,91282CLM1,TSRYS5893517,D,B,C,2024-10-16,1000000.00,3.932996,98.140625
08:01:07,91282CLM1,TSRYS5893517,D,B,A,2024-10-16,1552000.00,3.90749,98.29296875
08:01:07,91282CLM1,TSRYS5893517,D,S,C,2024-10-16,1000000.00,3.917294,98.234375
08:01:07,91282CLM1,TSRYS5893517,D,S,D,2024-10-16,1000000.00,3.915006,98.248046875
08:01:07,91282CLM1,TSRYS5893517,D,S,D,2024-10-16,1000000.00,3.915987,98.2421875
08:01:07,91282CLM1,TSRYS5893517,D,S,C,2024-10-16,1000000.00,3.915006,98.248046875
08:01:07,91282CLM1,TSRYS5893517,D,S,D,2024-10-16,1000000.00,3.914679,98.25
08:01:08,91282CLM1,TSRYS5893517,D,S,D,2024-10-16,1000000.00,3.915006,98.248046875
08:01:08,91282CLM1,TSRYS5893517,D,S,C,2024-10-16,1000000.00,3.91043,98.275390625
08:01:08,91282CLM1,TSRYS5893517,D,S,A,2024-10-16,15000000.00,3.906836,98.296875
08:01:08,91282CLM1,TSRYS5893517,D,S,D,2024-10-16,2000000.00,3.908143,98.2890625
08:01:08,91282CLM1,TSRYS5893517,D,S,D,2024-10-16,1000000.00,3.908143,98.2890625
08:01:08,91282CLM1,TSRYS5893517,D,S,C,2024-10-16,1000000.00,3.908143,98.2890625
08:01:08,91282CLM1,TSRYS5893517,D,S,D,2024-10-16,1000000.00,3.91043,98.275390625
08:01:08,91282CLM1,TSRYS5893517,D,S,C,2024-10-16,1000000.00,3.91043,98.275390625
08:01:08,91282CLM1,TSRYS5893517,D,S,D,2024-10-16,1000000.00,3.91043,98.275390625
08:01:08,91282CLM1,TSRYS5893517,D,S,C,2024-10-16,1000000.00,3.909777,98.279296875
08:01:08,91282CLM1,TSRYS5893517,D,S,C,2024-10-16,1000000.00,3.912718,98.26171875
08:01:09,91282CLM1,TSRYS5893517,D,S,C,2024-10-16,1000000.00,3.914679,98.25
08:01:09,91282CLM1,TSRYS5893517,D,S,D,2024-10-16,1000000.00,3.914679,98.25
08:01:09,91282CLM1,TSRYS5893517,D,S,C,2024-10-16,1000000.00,3.917621,98.232421875
08:01:09,91282CLM1,TSRYS5893517,D,S,C,2024-10-16,1000000.00,3.917621,98.232421875
08:01:09,91282CLM1,TSRYS5893517,D,S,D,2024-10-16,1000000.00,3.917294,98.234375
08:01:09,91282CLM1,TSRYS5893517,D,S,C,2024-10-16,1000000.00,3.915987,98.2421875
08:01:09,91282CLM1,TSRYS5893517,D,S,D,2024-10-16,1000000.00,3.915987,98.2421875
08:01:09,91282CLM1,TSRYS5893517,D,S,D,2024-10-16,1000000.00,3.914679,98.25
08:01:09,91282CLM1,TSRYS5893517,D,S,D,2024-10-16,1000000.00,3.915987,98.2421875
08:01:09,91282CLM1,TSRYS5893517,D,S,D,2024-10-16,1000000.00,3.914679,98.25
08:01:09,91282CLM1,TSRYS5893517,D,S,D,2024-10-16,1000000.00,3.916967,98.236328125
08:01:09,91282CLM1,TSRYS5893517,D,S,D,2024-10-16,2000000.00,3.917294,98.234375
08:01:09,91282CLM1,TSRYS5893517,D,S,D,2024-10-16,1000000.00,3.917621,98.232421875
08:01:09,91282CLM1,TSRYS5893517,D,S,D,2024-10-16,1000000.00,3.917621,98.232421875
08:01:09,91282CLM1,TSRYS5893517,D,S,D,2024-10-16,1000000.00,3.917621,98.232421875
08:01:09,91282CLM1,TSRYS5893517,D,S,D,2024-10-16,1000000.00,3.917621,98.232421875
08:01:09,91282CLM1,TSRYS5893517,D,S,D,2024-10-16,1000000.00,3.917621,98.232421875
08:01:09,91282CLM1,TSRYS5893517,D,S,D,2024-10-16,1000000.00,3.917621,98.232421875
08:01:09,91282CLM1,TSRYS5893517,D,S,D,2024-10-16,1000000.00,3.917621,98.232421875
08:01:09,91282CLM1,TSRYS5893517,D,S,D,2024-10-16,1000000.00,3.917621,98.232421875
08:01:09,91282CLM1,TSRYS5893517,D,S,D,2024-10-16,1000000.00,3.917621,98.232421875
08:01:09,91282CLM1,TSRYS5893517,D,S,D,2024-10-16,3000000.00,3.918602,98.2265625
08:01:09,91282CLM1,TSRYS5893517,D,S,C,2024-10-16,1000000.00,3.919256,98.22265625
08:01:10,91282CLM1,TSRYS5893517,D,S,C,2024-10-16,1000000.00,3.91991,98.21875
08:01:10,91282CLM1,TSRYS5893517,D,S,C,2024-10-16,1000000.00,3.919583,98.220703125
08:01:10,91282CLM1,TSRYS5893517,D,S,D,2024-10-16,1000000.00,3.91991,98.21875
08:01:10,91282CLM1,TSRYS5893517,D,S,D,2024-10-16,1000000.00,3.920237,98.216796875
08:01:10,91282CLM1,TSRYS5893517,D,S,D,2024-10-16,1000000.00,3.920237,98.216796875
08:01:10,91282CLM1,TSRYS5893517,D,S,C,2024-10-16,1000000.00,3.91991,98.21875
08:01:10,91282CLM1,TSRYS5893517,D,S,C,2024-10-16,1000000.00,3.91991,98.21875
08:01:10,91282CLM1,TSRYS5893517,D,S,D,2024-10-16,1000000.00,3.918602,98.2265625
08:01:10,91282CLM1,TSRYS5893517,D,S,D,2024-10-16,1000000.00,3.917621,98.232421875
08:01:10,91282CLM1,TSRYS5893517,D,S,D,2024-10-16,1000000.00,3.91991,98.21875
08:01:10,91282CLM1,TSRYS5893517,D,S,C,2024-10-16,1000000.00,3.91991,98.21875
08:01:10,91282CLM1,TSRYS5893517,D,S,D,2024-10-16,1000000.00,3.91991,98.21875
08:01:10,91282CLM1,TSRYS5893517,D,S,D,2024-10-16,1000000.00,3.91991,98.21875
08:01:10,91282CLM1,TSRYS5893517,D,S,D,2024-10-16,1000000.00,3.91991,98.21875
08:01:10,91282CLM1,TSRYS5893517,D,S,C,2024-10-16,1000000.00,3.918929,98.224609375
08:01:10,91282CLM1,TSRYS5893517,D,S,D,2024-10-16,1000000.00,3.91991,98.21875
08:01:10,91282CLM1,TSRYS5893517,D,S,D,2024-10-16,1000000.00,3.91991,98.21875
08:01:10,91282CLM1,TSRYS5893517,D,S,D,2024-10-16,1000000.00,3.91991,98.21875
08:01:10,91282CLM1,TSRYS5893517,D,S,C,2024-10-16,1000000.00,3.917621,98.232421875
08:01:10,91282CLM1,TSRYS5893517,D,S,C,2024-10-16,1000000.00,3.917621,98.232421875
08:01:10,91282CLM1,TSRYS5893517,D,S,D,2024-10-16,1000000.00,3.917621,98.232421875
08:01:10,91282CLM1,TSRYS5893517,D,S,C,2024-10-16,1000000.00,3.917621,98.232421875
08:01:10,91282CLM1,TSRYS5893517,D,S,D,2024-10-16,1000000.00,3.917621,98.232421875
08:01:10,91282CLM1,TSRYS5893517,D,S,D,2024-10-16,1000000.00,3.917621,98.232421875
08:01:10,91282CLM1,TSRYS5893517,D,S,C,2024-10-16,1000000.00,3.917621,98.232421875
08:01:10,91282CLM1,TSRYS5893517,D,S,D,2024-10-16,1000000.00,3.91991,98.21875
08:01:10,91282CLM1,TSRYS5893517,D,S,D,2024-10-16,2000000.00,3.91991,98.21875
08:01:10,91282CLM1,TSRYS5893517,D,S,D,2024-10-16,1000000.00,3.91991,98.21875
08:01:10,91282CLM1,TSRYS5893517,D,S,A,2024-10-16,10000000.00,3.912718,98.26171875
08:01:10,91282CLM1,TSRYS5893517,D,S,C,2024-10-16,1000000.00,3.919256,98.22265625
08:01:10,91282CLM1,TSRYS5893517,D,S,D,2024-10-16,1000000.00,3.91991,98.21875
08:01:10,91282CLM1,TSRYS5893517,D,S,C,2024-10-16,1000000.00,3.918602,98.2265625
08:01:10,91282CLM1,TSRYS5893517,D,S,T,2024-10-16,2000000.00,3.906858,98.296745
08:01:10,91282CLM1,TSRYS5893517,D,S,D,2024-10-16,1000000.00,3.915006,98.248046875
08:01:10,91282CLM1,TSRYS5893517,D,S,C,2024-10-16,1000000.00,3.915333,98.24609375
08:01:10,91282CLM1,TSRYS5893517,D,S,D,2024-10-16,1000000.00,3.915006,98.248046875
08:01:11,91282CLM1,TSRYS5893517,D,B,A,2024-10-16,7000000.00,3.915333,98.24609375
08:01:11,91282CLM1,TSRYS5893517,D,S,D,2024-10-16,2000000.00,3.913372,98.2578125
08:01:11,91282CLM1,TSRYS5893517,D,S,D,2024-10-16,1000000.00,3.913372,98.2578125
08:01:11,91282CLM1,TSRYS5893517,D,S,C,2024-10-16,2000000.00,3.909123,98.283203125
08:01:11,91282CLM1,TSRYS5893517,D,S,C,2024-10-16,1000000.00,3.909123,98.283203125
08:01:11,91282CLM1,TSRYS5893517,D,S,C,2024-10-16,20000000.00,3.931536,98.1493375
08:01:11,91282CLM1,TSRYS5893517,D,S,C,2024-10-16,1000000.00,3.909123,98.283203125
08:01:11,91282CLM1,TSRYS5893517,D,S,C,2024-10-16,15000000.00,3.932409,98.1441292
08:01:11,91282CLM1,TSRYS5893517,D,S,C,2024-10-16,1000000.00,3.911411,98.26953125
08:01:11,91282CLM1,TSRYS5893517,D,S,C,2024-10-16,1000000.00,3.911411,98.26953125
08:01:11,91282CLM1,TSRYS5893517,D,S,C,2024-10-16,6000000.00,3.917144,98.235275
08:01:11,91282CLM1,TSRYS5893517,D,S,D,2024-10-16,1000000.00,3.909123,98.283203125
08:01:11,91282CLM1,TSRYS5893517,D,S,C,2024-10-16,1000000.00,3.908143,98.2890625
08:01:12,91282CLM1,TSRYS5893517,D,S,D,2024-10-16,1000000.00,3.912718,98.26171875
08:01:12,91282CLM1,TSRYS5893517,D,S,D,2024-10-16,1000000.00,3.91566,98.244140625
08:01:12,91282CLM1,TSRYS5893517,D,B,C,2024-10-16,1000000.00,3.91566,98.244140625
08:01:12,91282CLM1,TSRYS5893517,D,B,C,2024-10-16,1000000.00,3.915333,98.24609375
08:01:12,91282CLM1,TSRYS5893517,D,S,D,2024-10-16,1000000.00,3.915333,98.24609375
08:01:12,91282CLM1,TSRYS5893517,D,B,C,2024-10-16,1000000.00,3.915006,98.248046875
08:01:12,91282CLM1,TSRYS5893517,D,S,D,2024-10-16,1000000.00,3.915006,98.248046875
08:01:13,91282CLM1,TSRYS5893517,D,S,D,2024-10-16,1000000.00,3.915987,98.2421875
08:01:13,91282CLM1,TSRYS5893517,D,S,D,2024-10-16,1000000.00,3.913045,98.259765625
08:01:13,91282CLM1,TSRYS5893517,D,S,D,2024-10-16,2000000.00,3.913045,98.259765625
08:01:13,91282CLM1,TSRYS5893517,D,B,C,2024-10-16,2000000.00,3.913045,98.259765625
08:01:13,91282CLM1,TSRYS5893517,D,B,C,2024-10-16,1000000.00,3.913045,98.259765625
08:01:13,91282CLM1,TSRYS5893517,D,S,D,2024-10-16,1000000.00,3.913045,98.259765625
08:01:13,91282CLM1,TSRYS5893517,D,B,C,2024-10-16,1000000.00,3.913045,98.259765625
08:01:13,91282CLM1,TSRYS5893517,D,S,C,2024-10-16,1000000.00,3.913698,98.255859375
08:01:13,91282CLM1,TSRYS5893517,D,S,C,2024-10-16,1000000.00,3.913698,98.255859375
08:01:13,91282CLM1,TSRYS5893517,D,S,D,2024-10-16,1000000.00,3.913372,98.2578125
08:01:15,91282CLM1,TSRYS5893517,D,S,T,2024-10-16,1000000.00,3.905567,98.3044625
08:01:15,91282CLM1,TSRYS5893517,D,S,D,2024-10-16,11000.00,3.90357,98.31640625
08:01:17,91282CLM1,TSRYS5893517,D,B,C,2024-10-16,1000000.00,3.935942,98.12304687
08:01:17,91282CLM1,TSRYS5893517,D,B,C,2024-10-16,3000000.00,3.935287,98.12695312
08:01:17,91282CLM1,TSRYS5893517,D,B,C,2024-10-16,1000000.00,3.935614,98.125
08:01:17,91282CLM1,TSRYS5893517,D,B,C,2024-10-16,1000000.00,3.935614,98.125
08:01:17,91282CLM1,TSRYS5893517,D,B,C,2024-10-16,2000000.00,3.935614,98.125
08:01:17,91282CLM1,TSRYS5893517,D,B,C,2024-10-16,1000000.00,3.935614,98.125
08:01:18,91282CLM1,TSRYS5893517,D,B,C,2024-10-16,2000000.00,3.935614,98.125
08:01:18,91282CLM1,TSRYS5893517,D,B,C,2024-10-16,1000000.00,3.935614,98.125
08:01:19,91282CLM1,TSRYS5893517,D,B,A,2024-10-16,245000.00,3.906183,98.30078125
08:01:19,91282CLM1,TSRYS5893517,D,S,C,2024-10-16,245000.00,3.906183,98.30078125
08:01:19,91282CLM1,TSRYS5893517,D,B,C,2024-10-16,1000000.00,3.936269,98.12109375
08:01:19,91282CLM1,TSRYS5893517,D,B,C,2024-10-16,1000000.00,3.935942,98.12304687
08:01:19,91282CLM1,TSRYS5893517,D,B,C,2024-10-16,1000000.00,3.935942,98.12304687
08:01:19,91282CLM1,TSRYS5893517,D,S,D,2024-10-16,16750000.00,3.914679,98.25
08:01:22,91282CLM1,TSRYS5893517,D,S,D,2024-10-16,1000000.00,3.90553,98.3046875
08:01:22,91282CLM1,TSRYS5893517,D,B,C,2024-10-16,1000000.00,3.935287,98.12695312
08:01:22,91282CLM1,TSRYS5893517,D,S,D,2024-10-16,1000000.00,3.903896,98.314453125
08:01:22,91282CLM1,TSRYS5893517,D,B,C,2024-10-16,1000000.00,3.903896,98.314453125
08:01:22,91282CLM1,TSRYS5893517,D,B,C,2024-10-16,3000000.00,3.935287,98.12695312
08:01:22,91282CLM1,TSRYS5893517,D,S,D,2024-10-16,1000000.00,3.903896,98.314453125
08:01:22,91282CLM1,TSRYS5893517,D,B,C,2024-10-16,1000000.00,3.903896,98.314453125
08:01:22,91282CLM1,TSRYS5893517,D,S,D,2024-10-16,1000000.00,3.903896,98.314453125
08:01:22,91282CLM1,TSRYS5893517,D,B,C,2024-10-16,1000000.00,3.903896,98.314453125
08:01:22,91282CLM1,TSRYS5893517,D,S,C,2024-10-16,1000000.00,3.903896,98.314453125
08:01:22,91282CLM1,TSRYS5893517,D,B,C,2024-10-16,1000000.00,3.903896,98.314453125
08:01:22,91282CLM1,TSRYS5893517,D,S,D,2024-10-16,1000000.00,3.903896,98.314453125
08:01:23,91282CLM1,TSRYS5893517,D,B,C,2024-10-16,3000000.00,3.905203,98.306640625
08:01:23,91282CLM1,TSRYS5893517,D,S,D,2024-10-16,3000000.00,3.905203,98.306640625
08:01:23,91282CLM1,TSRYS5893517,D,S,D,2024-10-16,1000000.00,3.905203,98.306640625
08:01:23,91282CLM1,TSRYS5893517,D,S,T,2024-10-16,1000000.00,3.936946,98.1170575
08:01:23,91282CLM1,TSRYS5893517,D,S,D,2024-10-16,1000000.00,3.90553,98.3046875
08:01:23,91282CLM1,TSRYS5893517,D,S,T,2024-10-16,1000000.00,3.936596,98.11914062
08:01:24,91282CLM1,TSRYS5893517,D,S,D,2024-10-16,1000000.00,3.936596,98.11914062
08:01:24,91282CLM1,TSRYS5893517,D,S,D,2024-10-16,1000000.00,3.936596,98.11914062
08:01:24,91282CLM1,TSRYS5893517,D,S,D,2024-10-16,1000000.00,3.936596,98.11914062
08:01:24,91282CLM1,TSRYS5893517,D,S,D,2024-10-16,1000000.00,3.936596,98.11914062
08:01:24,91282CLM1,TSRYS5893517,D,S,C,2024-10-16,1000000.00,3.936596,98.11914062
08:01:24,91282CLM1,TSRYS5893517,D,S,D,2024-10-16,1000000.00,3.936596,98.11914062
08:01:24,91282CLM1,TSRYS5893517,D,S,D,2024-10-16,1000000.00,3.936596,98.11914062
08:01:24,91282CLM1,TSRYS5893517,D,S,D,2024-10-16,1000000.00,3.936596,98.11914062
08:01:24,91282CLM1,TSRYS5893517,D,S,D,2024-10-16,1000000.00,3.936596,98.11914062
08:01:25,91282CLM1,TSRYS5893517,D,S,D,2024-10-16,1000000.00,3.936596,98.11914062
08:01:25,91282CLM1,TSRYS5893517,D,S,C,2024-10-16,1000000.00,3.936596,98.11914062
08:01:25,91282CLM1,TSRYS5893517,D,S,D,2024-10-16,1000000.00,3.936596,98.11914062
08:01:25,91282CLM1,TSRYS5893517,D,S,C,2024-10-16,1000000.00,3.936596,98.11914062
08:01:25,91282CLM1,TSRYS5893517,D,S,D,2024-10-16,1000000.00,3.936596,98.11914062
08:01:25,91282CLM1,TSRYS5893517,D,S,D,2024-10-16,1000000.00,3.936596,98.11914062
08:01:26,91282CLM1,TSRYS5893517,D,S,T,2024-10-16,1000000.00,3.93365,98.13671875
08:01:26,91282CLM1,TSRYS5893517,D,S,D,2024-10-16,1000000.00,3.936596,98.11914062
08:01:26,91282CLM1,TSRYS5893517,D,S,D,2024-10-16,1000000.00,3.936269,98.12109375
08:01:26,91282CLM1,TSRYS5893517,D,S,D,2024-10-16,1000000.00,3.936596,98.11914062
08:01:26,91282CLM1,TSRYS5893517,D,S,D,2024-10-16,1000000.00,3.936269,98.12109375
08:01:26,91282CLM1,TSRYS5893517,D,S,C,2024-10-16,9000000.00,3.919865,98.21902
08:01:26,91282CLM1,TSRYS5893517,D,S,T,2024-10-16,1000000.00,3.933018,98.140495
08:01:27,91282CLM1,TSRYS5893517,D,S,T,2024-10-16,1000000.00,3.933018,98.140495
08:01:27,91282CLM1,TSRYS5893517,D,S,T,2024-10-16,1000000.00,3.931687,98.1484375
08:01:27,91282CLM1,TSRYS5893517,D,S,T,2024-10-16,1000000.00,3.932014,98.14648437
08:01:27,91282CLM1,TSRYS5893517,D,S,T,2024-10-16,1000000.00,3.932014,98.14648437
08:01:27,91282CLM1,TSRYS5893517,D,S,D,2024-10-16,1000000.00,3.931687,98.1484375
08:01:27,91282CLM1,TSRYS5893517,D,S,D,2024-10-16,1000000.00,3.931687,98.1484375
08:01:27,91282CLM1,TSRYS5893517,D,S,C,2024-10-16,1000000.00,3.931687,98.1484375
08:01:27,91282CLM1,TSRYS5893517,D,S,D,2024-10-16,1000000.00,3.931687,98.1484375
08:01:27,91282CLM1,TSRYS5893517,D,S,D,2024-10-16,1000000.00,3.931687,98.1484375
08:01:27,91282CLM1,TSRYS5893517,D,S,T,2024-10-16,1000000.00,3.931712,98.1482855
08:01:27,91282CLM1,TSRYS5893517,D,S,T,2024-10-16,1000000.00,3.931687,98.1484375
08:01:27,91282CLM1,TSRYS5893517,D,S,D,2024-10-16,1000000.00,3.931687,98.1484375
08:01:27,91282CLM1,TSRYS5893517,D,S,D,2024-10-16,1000000.00,3.931687,98.1484375
08:01:27,91282CLM1,TSRYS5893517,D,S,T,2024-10-16,1000000.00,3.931687,98.1484375
08:01:27,91282CLM1,TSRYS5893517,D,S,C,2024-10-16,1000000.00,3.931687,98.1484375
08:01:27,91282CLM1,TSRYS5893517,D,S,T,2024-10-16,1000000.00,3.931712,98.1482855
08:01:27,91282CLM1,TSRYS5893517,D,S,D,2024-10-16,1000000.00,3.929396,98.16210937
08:01:27,91282CLM1,TSRYS5893517,D,S,D,2024-10-16,1000000.00,3.929396,98.16210937
08:01:27,91282CLM1,TSRYS5893517,D,S,D,2024-10-16,1000000.00,3.929069,98.1640625
08:01:27,91282CLM1,TSRYS5893517,D,S,T,2024-10-16,1000000.00,3.929094,98.1639105
08:01:27,91282CLM1,TSRYS5893517,D,S,T,2024-10-16,1000000.00,3.91991,98.21875
08:01:27,91282CLM1,TSRYS5893517,D,S,D,2024-10-16,1000000.00,3.917948,98.23046875
08:01:28,91282CLM1,TSRYS5893517,D,S,D,2024-10-16,1000000.00,3.917294,98.234375
08:01:28,91282CLM1,TSRYS5893517,D,S,D,2024-10-16,1000000.00,3.917621,98.23242187
08:01:28,91282CLM1,TSRYS5893517,D,S,D,2024-10-16,1000000.00,3.917621,98.23242187
08:01:28,91282CLM1,TSRYS5893517,D,S,D,2024-10-16,1000000.00,3.917621,98.23242187
08:01:28,91282CLM1,TSRYS5893517,D,S,D,2024-10-16,1000000.00,3.917621,98.23242187
08:01:28,91282CLM1,TSRYS5893517,D,S,C,2024-10-16,1000000.00,3.917621,98.23242187
08:01:28,91282CLM1,TSRYS5893517,D,S,D,2024-10-16,1000000.00,3.917294,98.234375
08:01:28,91282CLM1,TSRYS5893517,D,S,D,2024-10-16,2000000.00,3.917294,98.234375
08:01:28,91282CLM1,TSRYS5893517,D,S,C,2024-10-16,1000000.00,3.915006,98.24804687
08:01:28,91282CLM1,TSRYS5893517,D,S,D,2024-10-16,1000000.00,3.915006,98.24804687
08:01:28,91282CLM1,TSRYS5893517,D,S,D,2024-10-16,1000000.00,3.915987,98.2421875
08:01:28,91282CLM1,TSRYS5893517,D,S,T,2024-10-16,1000000.00,3.916012,98.2420355
08:01:28,91282CLM1,TSRYS5893517,D,S,D,2024-10-16,1000000.00,3.915006,98.24804687
08:01:28,91282CLM1,TSRYS5893517,D,S,D,2024-10-16,1000000.00,3.915006,98.24804687
08:01:28,91282CLM1,TSRYS5893517,D,S,T,2024-10-16,1000000.00,3.915006,98.24804687
08:01:28,91282CLM1,TSRYS5893517,D,S,D,2024-10-16,1000000.00,3.915006,98.24804687
08:01:28,91282CLM1,TSRYS5893517,D,S,C,2024-10-16,1000000.00,3.915006,98.24804687
08:01:28,91282CLM1,TSRYS5893517,D,S,C,2024-10-16,1000000.00,3.915006,98.24804687
08:01:28,91282CLM1,TSRYS5893517,D,S,D,2024-10-16,1000000.00,3.915006,98.24804687
08:01:28,91282CLM1,TSRYS5893517,D,S,D,2024-10-16,1000000.00,3.915006,98.24804687
08:01:28,91282CLM1,TSRYS5893517,D,S,C,2024-10-16,1000000.00,3.915006,98.24804687
08:01:28,91282CLM1,TSRYS5893517,D,S,D,2024-10-16,1000000.00,3.915006,98.24804687
08:01:28,91282CLM1,TSRYS5893517,D,S,D,2024-10-16,1000000.00,3.915006,98.24804687
08:01:28,91282CLM1,TSRYS5893517,D,S,D,2024-10-16,2000000.00,3.915006,98.24804687
08:01:28,91282CLM1,TSRYS5893517,D,S,D,2024-10-16,1000000.00,3.915006,98.24804687
08:01:28,91282CLM1,TSRYS5893517,D,S,D,2024-10-16,1000000.00,3.915006,98.24804687
08:01:28,91282CLM1,TSRYS5893517,D,S,D,2024-10-16,1000000.00,3.915006,98.24804687
08:01:28,91282CLM1,TSRYS5893517,D,S,D,2024-10-16,1000000.00,3.915006,98.24804687
08:01:28,91282CLM1,TSRYS5893517,D,S,D,2024-10-16,1000000.00,3.915006,98.24804687
08:01:28,91282CLM1,TSRYS5893517,D,S,D,2024-10-16,1000000.00,3.915006,98.24804687
08:01:28,91282CLM1,TSRYS5893517,D,S,D,2024-10-16,1000000.00,3.915006,98.24804687
08:01:28,91282CLM1,TSRYS5893517,D,S,D,2024-10-16,1000000.00,3.914679,98.25
08:01:28,91282CLM1,TSRYS5893517,D,S,T,2024-10-16,1000000.00,3.914679,98.25
08:01:28,91282CLM1,TSRYS5893517,D,S,C,2024-10-16,1000000.00,3.912718,98.26171875
08:01:29,91282CLM1,TSRYS5893517,D,S,D,2024-10-16,1000000.00,3.912718,98.26171875
08:01:29,91282CLM1,TSRYS5893517,D,S,D,2024-10-16,1000000.00,3.912718,98.26171875
08:01:29,91282CLM1,TSRYS5893517,D,S,D,2024-10-16,1000000.00,3.912718,98.26171875
08:01:29,91282CLM1,TSRYS5893517,D,S,D,2024-10-16,1000000.00,3.912718,98.26171875
08:01:29,91282CLM1,TSRYS5893517,D,S,D,2024-10-16,1000000.00,3.912718,98.26171875
08:01:29,91282CLM1,TSRYS5893517,D,S,D,2024-10-16,1000000.00,3.912718,98.26171875
08:01:29,91282CLM1,TSRYS5893517,D,S,D,2024-10-16,1000000.00,3.912718,98.26171875
08:01:29,91282CLM1,TSRYS5893517,D,S,D,2024-10-16,1000000.00,3.912718,98.26171875
08:01:29,91282CLM1,TSRYS5893517,D,S,D,2024-10-16,1000000.00,3.912718,98.26171875
08:01:29,91282CLM1,TSRYS5893517,D,S,D,2024-10-16,2000000.00,3.912718,98.26171875
08:01:29,91282CLM1,TSRYS5893517,D,S,D,2024-10-16,1000000.00,3.91043,98.27539062
08:01:29,91282CLM1,TSRYS5893517,D,S,D,2024-10-16,1000000.00,3.91043,98.27539062
08:01:29,91282CLM1,TSRYS5893517,D,S,D,2024-10-16,1000000.00,3.91043,98.27539062
08:01:29,91282CLM1,TSRYS5893517,D,S,C,2024-10-16,1000000.00,3.91043,98.27539062
08:01:30,91282CLM1,TSRYS5893517,D,B,C,2024-10-16,3000000.00,3.936596,98.11914062
08:01:30,91282CLM1,TSRYS5893517,D,B,C,2024-10-16,1000000.00,3.936596,98.11914062
08:01:30,91282CLM1,TSRYS5893517,D,S,D,2024-10-16,1000000.00,3.908143,98.2890625
08:01:30,91282CLM1,TSRYS5893517,D,S,D,2024-10-16,2000000.00,3.908143,98.2890625
08:01:30,91282CLM1,TSRYS5893517,D,S,D,2024-10-16,1000000.00,3.908143,98.2890625
08:01:30,91282CLM1,TSRYS5893517,D,S,D,2024-10-16,1000000.00,3.908143,98.2890625
08:01:30,91282CLM1,TSRYS5893517,D,S,T,2024-10-16,1000000.00,3.908168,98.2889105
08:01:31,91282CLM1,TSRYS5893517,D,S,D,2024-10-16,1000000.00,3.935287,98.126953125
08:01:31,91282CLM1,TSRYS5893517,D,S,D,2024-10-16,1000000.00,3.908143,98.2890625
08:01:31,91282CLM1,TSRYS5893517,D,S,T,2024-10-16,1000000.00,3.908168,98.2889105
08:01:31,91282CLM1,TSRYS5893517,D,S,D,2024-10-16,1000000.00,3.935287,98.126953125
08:01:31,91282CLM1,TSRYS5893517,D,S,T,2024-10-16,1000000.00,3.908168,98.2889105
08:01:31,91282CLM1,TSRYS5893517,D,S,D,2024-10-16,2000000.00,3.935942,98.123046875
08:01:31,91282CLM1,TSRYS5893517,D,S,T,2024-10-16,1000000.00,3.908168,98.2889105
08:01:31,91282CLM1,TSRYS5893517,D,S,T,2024-10-16,1000000.00,3.908168,98.2889105
08:01:31,91282CLM1,TSRYS5893517,D,S,T,2024-10-16,1000000.00,3.908168,98.2889105
08:01:31,91282CLM1,TSRYS5893517,D,S,T,2024-10-16,1000000.00,3.908168,98.2889105
08:01:31,91282CLM1,TSRYS5893517,D,S,T,2024-10-16,1000000.00,3.908168,98.2889105
08:01:31,91282CLM1,TSRYS5893517,D,S,T,2024-10-16,1000000.00,3.908168,98.2889105
08:01:31,91282CLM1,TSRYS5893517,D,S,D,2024-10-16,1000000.00,3.908143,98.2890625
08:01:31,91282CLM1,TSRYS5893517,D,S,T,2024-10-16,1000000.00,3.908168,98.2889105
08:01:31,91282CLM1,TSRYS5893517,D,S,D,2024-10-16,1000000.00,3.908143,98.2890625
08:01:31,91282CLM1,TSRYS5893517,D,S,T,2024-10-16,1000000.00,3.908168,98.2889105
08:01:31,91282CLM1,TSRYS5893517,D,S,D,2024-10-16,1000000.00,3.908143,98.2890625
08:01:31,91282CLM1,TSRYS5893517,D,S,D,2024-10-16,1000000.00,3.908143,98.2890625
08:01:31,91282CLM1,TSRYS5893517,D,S,T,2024-10-16,1000000.00,3.908168,98.2889105
08:01:31,91282CLM1,TSRYS5893517,D,S,D,2024-10-16,1000000.00,3.908143,98.2890625
08:01:31,91282CLM1,TSRYS5893517,D,S,D,2024-10-16,1000000.00,3.908143,98.2890625
08:01:31,91282CLM1,TSRYS5893517,D,S,D,2024-10-16,1000000.00,3.908143,98.2890625
08:01:31,91282CLM1,TSRYS5893517,D,S,D,2024-10-16,1000000.00,3.908143,98.2890625
08:01:31,91282CLM1,TSRYS5893517,D,S,T,2024-10-16,1000000.00,3.908168,98.2889105
08:01:31,91282CLM1,TSRYS5893517,D,S,D,2024-10-16,1000000.00,3.908143,98.2890625
08:01:31,91282CLM1,TSRYS5893517,D,S,D,2024-10-16,1000000.00,3.908143,98.2890625
08:01:31,91282CLM1,TSRYS5893517,D,S,T,2024-10-16,1000000.00,3.908168,98.2889105
08:01:31,91282CLM1,TSRYS5893517,D,S,D,2024-10-16,1000000.00,3.935942,98.123046875
08:01:31,91282CLM1,TSRYS5893517,D,S,T,2024-10-16,1000000.00,3.908168,98.2889105
08:01:31,91282CLM1,TSRYS5893517,D,S,D,2024-10-16,2000000.00,3.908143,98.2890625
08:01:31,91282CLM1,TSRYS5893517,D,S,T,2024-10-16,1000000.00,3.908168,98.2889105
08:01:31,91282CLM1,TSRYS5893517,D,S,D,2024-10-16,1000000.00,3.935287,98.126953125
08:01:31,91282CLM1,TSRYS5893517,D,S,T,2024-10-16,1000000.00,3.908168,98.2889105
08:01:31,91282CLM1,TSRYS5893517,D,S,D,2024-10-16,1000000.00,3.935614,98.125
08:01:31,91282CLM1,TSRYS5893517,D,S,D,2024-10-16,1000000.00,3.935614,98.125
08:01:31,91282CLM1,TSRYS5893517,D,S,D,2024-10-16,1000000.00,3.908143,98.2890625
08:01:31,91282CLM1,TSRYS5893517,D,S,T,2024-10-16,1000000.00,3.908168,98.2889105
08:01:31,91282CLM1,TSRYS5893517,D,S,D,2024-10-16,1000000.00,3.908143,98.2890625
08:01:31,91282CLM1,TSRYS5893517,D,S,D,2024-10-16,1000000.00,3.908143,98.2890625
08:01:31,91282CLM1,TSRYS5893517,D,S,D,2024-10-16,1000000.00,3.908143,98.2890625
08:01:31,91282CLM1,TSRYS5893517,D,S,T,2024-10-16,1000000.00,3.908143,98.2890625
08:01:31,91282CLM1,TSRYS5893517,D,S,D,2024-10-16,1000000.00,3.908143,98.2890625
08:01:31,91282CLM1,TSRYS5893517,D,S,T,2024-10-16,1000000.00,3.908168,98.2889105
08:01:31,91282CLM1,TSRYS5893517,D,S,T,2024-10-16,1000000.00,3.908168,98.2889105
08:01:31,91282CLM1,TSRYS5893517,D,S,T,2024-10-16,1000000.00,3.908168,98.2889105
08:01:31,91282CLM1,TSRYS5893517,D,S,T,2024-10-16,1000000.00,3.908168,98.2889105
08:01:31,91282CLM1,TSRYS5893517,D,S,T,2024-10-16,1000000.00,3.908168,98.2889105
08:01:31,91282CLM1,TSRYS5893517,D,S,T,2024-10-16,1000000.00,3.908168,98.2889105
08:01:31,91282CLM1,TSRYS5893517,D,S,T,2024-10-16,1000000.00,3.908168,98.2889105
08:01:31,91282CLM1,TSRYS5893517,D,S,T,2024-10-16,1000000.00,3.908168,98.2889105
08:01:31,91282CLM1,TSRYS5893517,D,S,D,2024-10-16,1000000.00,3.908143,98.2890625
08:01:31,91282CLM1,TSRYS5893517,D,S,D,2024-10-16,1000000.00,3.908143,98.2890625
08:01:31,91282CLM1,TSRYS5893517,D,S,T,2024-10-16,1000000.00,3.908168,98.2889105
08:01:31,91282CLM1,TSRYS5893517,D,S,D,2024-10-16,1000000.00,3.908143,98.2890625
08:01:31,91282CLM1,TSRYS5893517,D,S,T,2024-10-16,1000000.00,3.908168,98.2889105
08:01:31,91282CLM1,TSRYS5893517,D,S,T,2024-10-16,1000000.00,3.908168,98.2889105
08:01:31,91282CLM1,TSRYS5893517,D,S,T,2024-10-16,1000000.00,3.908168,98.2889105
08:01:31,91282CLM1,TSRYS5893517,D,S,T,2024-10-16,1000000.00,3.908168,98.2889105
08:01:31,91282CLM1,TSRYS5893517,D,S,T,2024-10-16,1000000.00,3.908168,98.2889105
08:01:31,91282CLM1,TSRYS5893517,D,S,D,2024-10-16,1000000.00,3.908143,98.2890625
08:01:31,91282CLM1,TSRYS5893517,D,S,D,2024-10-16,1000000.00,3.908143,98.2890625
08:01:31,91282CLM1,TSRYS5893517,D,S,D,2024-10-16,1000000.00,3.908143,98.2890625
08:01:31,91282CLM1,TSRYS5893517,D,S,T,2024-10-16,1000000.00,3.908168,98.2889105
08:01:31,91282CLM1,TSRYS5893517,D,S,D,2024-10-16,1000000.00,3.908143,98.2890625
08:01:31,91282CLM1,TSRYS5893517,D,S,T,2024-10-16,1000000.00,3.908168,98.2889105
08:01:31,91282CLM1,TSRYS5893517,D,S,D,2024-10-16,1000000.00,3.908143,98.2890625
08:01:31,91282CLM1,TSRYS5893517,D,S,D,2024-10-16,1000000.00,3.908143,98.2890625
08:01:32,91282CLM1,TSRYS5893517,D,S,D,2024-10-16,1000000.00,3.91043,98.27539062
08:01:32,91282CLM1,TSRYS5893517,D,S,D,2024-10-16,1000000.00,3.91043,98.27539062
08:01:32,91282CLM1,TSRYS5893517,D,S,D,2024-10-16,1000000.00,3.91043,98.27539062
08:01:32,91282CLM1,TSRYS5893517,D,S,D,2024-10-16,1000000.00,3.91043,98.27539062
08:01:32,91282CLM1,TSRYS5893517,D,S,D,2024-10-16,1000000.00,3.91043,98.27539062
08:01:32,91282CLM1,TSRYS5893517,D,S,D,2024-10-16,1000000.00,3.91043,98.27539062
08:01:32,91282CLM1,TSRYS5893517,D,S,D,2024-10-16,1000000.00,3.91043,98.27539062
08:01:32,91282CLM1,TSRYS5893517,D,S,D,2024-10-16,1000000.00,3.91043,98.27539062
08:01:32,91282CLM1,TSRYS5893517,D,S,D,2024-10-16,1000000.00,3.91043,98.27539062
08:01:32,91282CLM1,TSRYS5893517,D,S,D,2024-10-16,1000000.00,3.91043,98.27539062
08:01:32,91282CLM1,TSRYS5893517,D,S,D,2024-10-16,1000000.00,3.91043,98.27539062
08:01:32,91282CLM1,TSRYS5893517,D,S,D,2024-10-16,1000000.00,3.91043,98.27539062
08:01:32,91282CLM1,TSRYS5893517,D,S,D,2024-10-16,1000000.00,3.91043,98.27539062
08:01:32,91282CLM1,TSRYS5893517,D,S,D,2024-10-16,1000000.00,3.91043,98.27539062
08:01:32,91282CLM1,TSRYS5893517,D,S,D,2024-10-16,1000000.00,3.935942,98.123046875
08:01:32,91282CLM1,TSRYS5893517,D,S,D,2024-10-16,1000000.00,3.91043,98.27539062
08:01:32,91282CLM1,TSRYS5893517,D,S,D,2024-10-16,1000000.00,3.91043,98.27539062
08:01:32,91282CLM1,TSRYS5893517,D,B,C,2024-10-16,1000000.00,3.936269,98.12109375
08:01:32,91282CLM1,TSRYS5893517,D,S,D,2024-10-16,1000000.00,3.91043,98.27539062
08:01:32,91282CLM1,TSRYS5893517,D,S,D,2024-10-16,1000000.00,3.91043,98.27539062
08:01:32,91282CLM1,TSRYS5893517,D,S,D,2024-10-16,1000000.00,3.91043,98.27539062
08:01:32,91282CLM1,TSRYS5893517,D,S,D,2024-10-16,1000000.00,3.91043,98.27539062
08:01:32,91282CLM1,TSRYS5893517,D,S,D,2024-10-16,1000000.00,3.91043,98.27539062
08:01:32,91282CLM1,TSRYS5893517,D,S,D,2024-10-16,1000000.00,3.91043,98.27539062
08:01:32,91282CLM1,TSRYS5893517,D,S,T,2024-10-16,1000000.00,3.908168,98.2889105
08:01:32,91282CLM1,TSRYS5893517,D,S,T,2024-10-16,1000000.00,3.908168,98.2889105
08:01:32,91282CLM1,TSRYS5893517,D,S,T,2024-10-16,1000000.00,3.908168,98.2889105
08:01:32,91282CLM1,TSRYS5893517,D,S,D,2024-10-16,1000000.00,3.91043,98.27539062
08:01:32,91282CLM1,TSRYS5893517,D,S,D,2024-10-16,1000000.00,3.91043,98.27539062
08:01:32,91282CLM1,TSRYS5893517,D,S,D,2024-10-16,1000000.00,3.91043,98.27539062
08:01:32,91282CLM1,TSRYS5893517,D,S,D,2024-10-16,1000000.00,3.91043,98.27539062
08:01:32,91282CLM1,TSRYS5893517,D,S,D,2024-10-16,1000000.00,3.91043,98.27539062
08:01:32,91282CLM1,TSRYS5893517,D,S,D,2024-10-16,1000000.00,3.91043,98.27539062
08:01:32,91282CLM1,TSRYS5893517,D,S,D,2024-10-16,1000000.00,3.91043,98.27539062
08:01:32,91282CLM1,TSRYS5893517,D,S,D,2024-10-16,1000000.00,3.91043,98.27539062
08:01:32,91282CLM1,TSRYS5893517,D,S,D,2024-10-16,1000000.00,3.91043,98.27539062
08:01:32,91282CLM1,TSRYS5893517,D,S,D,2024-10-16,1000000.00,3.91043,98.27539062
08:01:32,91282CLM1,TSRYS5893517,D,S,D,2024-10-16,1000000.00,3.91043,98.27539062
08:01:32,91282CLM1,TSRYS5893517,D,S,D,2024-10-16,2000000.00,3.91043,98.27539062
08:01:32,91282CLM1,TSRYS5893517,D,S,D,2024-10-16,2000000.00,3.912718,98.26171875
08:01:32,91282CLM1,TSRYS5893517,D,S,T,2024-10-16,2000000.00,3.912718,98.26171875
08:01:32,91282CLM1,TSRYS5893517,D,S,D,2024-10-16,2000000.00,3.912718,98.26171875
08:01:32,91282CLM1,TSRYS5893517,D,S,D,2024-10-16,1000000.00,3.912718,98.26171875
08:01:33,91282CLM1,TSRYS5893517,D,S,D,2024-10-16,1000000.00,3.915006,98.24804687
08:01:33,91282CLM1,TSRYS5893517,D,S,D,2024-10-16,1000000.00,3.915006,98.24804687
08:01:33,91282CLM1,TSRYS5893517,D,S,D,2024-10-16,1000000.00,3.914679,98.25
08:01:33,91282CLM1,TSRYS5893517,D,S,T,2024-10-16,1000000.00,3.914704,98.249848
08:01:33,91282CLM1,TSRYS5893517,D,S,D,2024-10-16,1000000.00,3.915006,98.24804687
08:01:33,91282CLM1,TSRYS5893517,D,B,C,2024-10-16,1000000.00,3.938233,98.109375
08:01:33,91282CLM1,TSRYS5893517,D,S,D,2024-10-16,1000000.00,3.938233,98.109375
08:01:33,91282CLM1,TSRYS5893517,D,B,C,2024-10-16,1000000.00,3.938233,98.109375
08:01:33,91282CLM1,TSRYS5893517,D,S,T,2024-10-16,1000000.00,3.929091,98.1639325
08:01:33,91282CLM1,TSRYS5893517,D,S,D,2024-10-16,1000000.00,3.938233,98.109375
08:01:33,91282CLM1,TSRYS5893517,D,B,C,2024-10-16,1000000.00,3.938233,98.109375
08:01:33,91282CLM1,TSRYS5893517,D,S,D,2024-10-16,1000000.00,3.938233,98.109375
08:01:33,91282CLM1,TSRYS5893517,D,S,D,2024-10-16,1000000.00,3.915006,98.24804687
08:01:33,91282CLM1,TSRYS5893517,D,S,D,2024-10-16,1000000.00,3.915006,98.24804687
08:01:33,91282CLM1,TSRYS5893517,D,S,D,2024-10-16,1000000.00,3.915006,98.24804687
08:01:33,91282CLM1,TSRYS5893517,D,S,D,2024-10-16,1000000.00,3.915006,98.24804687
08:01:33,91282CLM1,TSRYS5893517,D,S,D,2024-10-16,1000000.00,3.917621,98.23242187
08:01:33,91282CLM1,TSRYS5893517,D,S,D,2024-10-16,1000000.00,3.917621,98.23242187
08:01:33,91282CLM1,TSRYS5893517,D,S,D,2024-10-16,1000000.00,3.917621,98.23242187
08:01:33,91282CLM1,TSRYS5893517,D,S,D,2024-10-16,1000000.00,3.917621,98.23242187
08:01:33,91282CLM1,TSRYS5893517,D,S,D,2024-10-16,1000000.00,3.917621,98.23242187
08:01:33,91282CLM1,TSRYS5893517,D,S,D,2024-10-16,1000000.00,3.917294,98.234375
08:01:33,91282CLM1,TSRYS5893517,D,S,D,2024-10-16,1000000.00,3.917294,98.234375
08:01:33,91282CLM1,TSRYS5893517,D,S,D,2024-10-16,1000000.00,3.914679,98.25
08:01:33,91282CLM1,TSRYS5893517,D,S,D,2024-10-16,1000000.00,3.915006,98.24804687
08:01:33,91282CLM1,TSRYS5893517,D,S,D,2024-10-16,1000000.00,3.915987,98.2421875
08:01:33,91282CLM1,TSRYS5893517,D,S,D,2024-10-16,1000000.00,3.915987,98.2421875
08:01:33,91282CLM1,TSRYS5893517,D,S,D,2024-10-16,1000000.00,3.914679,98.25
08:01:34,91282CLM1,TSRYS5893517,D,S,T,2024-10-16,1000000.00,3.914704,98.249848
08:01:34,91282CLM1,TSRYS5893517,D,S,D,2024-10-16,2000000.00,3.917294,98.234375
08:01:34,91282CLM1,TSRYS5893517,D,S,D,2024-10-16,1000000.00,3.917621,98.23242187
08:01:34,91282CLM1,TSRYS5893517,D,S,D,2024-10-16,1000000.00,3.917621,98.23242187
08:01:34,91282CLM1,TSRYS5893517,D,S,D,2024-10-16,1000000.00,3.917621,98.23242187
08:01:34,91282CLM1,TSRYS5893517,D,S,D,2024-10-16,1000000.00,3.917621,98.23242187
08:01:34,91282CLM1,TSRYS5893517,D,S,D,2024-10-16,1000000.00,3.917621,98.23242187
08:01:34,91282CLM1,TSRYS5893517,D,S,D,2024-10-16,1000000.00,3.917621,98.23242187
08:01:34,91282CLM1,TSRYS5893517,D,S,D,2024-10-16,1000000.00,3.917621,98.23242187
08:01:34,91282CLM1,TSRYS5893517,D,S,D,2024-10-16,1000000.00,3.917621,98.23242187
08:01:34,91282CLM1,TSRYS5893517,D,S,D,2024-10-16,1000000.00,3.917621,98.23242187
08:01:34,91282CLM1,TSRYS5893517,D,S,D,2024-10-16,1000000.00,3.917621,98.23242187
08:01:34,91282CLM1,TSRYS5893517,D,S,D,2024-10-16,1000000.00,3.917621,98.23242187
08:01:34,91282CLM1,TSRYS5893517,D,S,D,2024-10-16,1000000.00,3.917621,98.23242187
08:01:34,91282CLM1,TSRYS5893517,D,S,D,2024-10-16,1000000.00,3.917621,98.23242187
08:01:34,91282CLM1,TSRYS5893517,D,S,D,2024-10-16,1000000.00,3.917621,98.23242187
08:01:34,91282CLM1,TSRYS5893517,D,S,D,2024-10-16,1000000.00,3.917621,98.23242187
08:01:34,91282CLM1,TSRYS5893517,D,S,D,2024-10-16,1000000.00,3.917621,98.23242187
08:01:34,91282CLM1,TSRYS5893517,D,S,D,2024-10-16,1000000.00,3.917621,98.23242187
08:01:34,91282CLM1,TSRYS5893517,D,S,D,2024-10-16,1000000.00,3.917621,98.23242187
08:01:34,91282CLM1,TSRYS5893517,D,S,D,2024-10-16,1000000.00,3.917621,98.23242187
08:01:34,91282CLM1,TSRYS5893517,D,S,D,2024-10-16,1000000.00,3.917621,98.23242187
08:01:34,91282CLM1,TSRYS5893517,D,S,D,2024-10-16,1000000.00,3.917621,98.23242187
08:01:34,91282CLM1,TSRYS5893517,D,S,D,2024-10-16,1000000.00,3.917621,98.23242187
08:01:34,91282CLM1,TSRYS5893517,D,S,D,2024-10-16,1000000.00,3.917621,98.23242187
08:01:34,91282CLM1,TSRYS5893517,D,S,D,2024-10-16,1000000.00,3.917621,98.23242187
08:01:34,91282CLM1,TSRYS5893517,D,S,D,2024-10-16,1000000.00,3.917621,98.23242187
08:01:34,91282CLM1,TSRYS5893517,D,B,C,2024-10-16,1000000.00,3.936269,98.12109375
08:01:34,91282CLM1,TSRYS5893517,D,S,D,2024-10-16,1000000.00,3.917621,98.23242187
08:01:34,91282CLM1,TSRYS5893517,D,S,D,2024-10-16,1000000.00,3.917621,98.23242187
08:01:34,91282CLM1,TSRYS5893517,D,S,D,2024-10-16,1000000.00,3.917294,98.234375
08:01:34,91282CLM1,TSRYS5893517,D,S,T,2024-10-16,1000000.00,3.917294,98.234375
08:01:34,91282CLM1,TSRYS5893517,D,S,D,2024-10-16,2000000.00,3.917621,98.23242187
08:01:34,91282CLM1,TSRYS5893517,D,S,C,2024-10-16,1000000.00,3.917621,98.23242187
08:01:34,91282CLM1,TSRYS5893517,D,S,D,2024-10-16,1000000.00,3.91991,98.21875
08:01:34,91282CLM1,TSRYS5893517,D,S,T,2024-10-16,1000000.00,3.91991,98.21875
08:01:34,91282CLM1,TSRYS5893517,D,S,D,2024-10-16,1000000.00,3.91991,98.21875
08:01:34,91282CLM1,TSRYS5893517,D,S,D,2024-10-16,1000000.00,3.91991,98.21875
08:01:34,91282CLM1,TSRYS5893517,D,S,A,2024-10-16,3000000.00,3.930752,98.15625
08:01:34,91282CLM1,TSRYS5893517,D,S,T,2024-10-16,1000000.00,3.919935,98.218598
08:01:34,91282CLM1,TSRYS5893517,D,S,D,2024-10-16,1000000.00,3.91991,98.21875
08:01:34,91282CLM1,TSRYS5893517,D,S,T,2024-10-16,1000000.00,3.919935,98.218598
08:01:34,91282CLM1,TSRYS5893517,D,S,D,2024-10-16,1000000.00,3.91991,98.21875
08:01:34,91282CLM1,TSRYS5893517,D,S,T,2024-10-16,1000000.00,3.91991,98.21875
08:01:34,91282CLM1,TSRYS5893517,D,S,T,2024-10-16,1000000.00,3.919935,98.218598
08:01:34,91282CLM1,TSRYS5893517,D,B,C,2024-10-16,3000000.00,3.935942,98.12304687
08:01:34,91282CLM1,TSRYS5893517,D,S,D,2024-10-16,1000000.00,3.91991,98.21875
08:01:34,91282CLM1,TSRYS5893517,D,S,D,2024-10-16,1000000.00,3.917621,98.23242187
08:01:34,91282CLM1,TSRYS5893517,D,S,D,2024-10-16,1000000.00,3.91991,98.21875
08:01:34,91282CLM1,TSRYS5893517,D,S,D,2024-10-16,1000000.00,3.91991,98.21875
08:01:34,91282CLM1,TSRYS5893517,D,S,T,2024-10-16,1000000.00,3.91991,98.21875
08:01:34,91282CLM1,TSRYS5893517,D,S,D,2024-10-16,1000000.00,3.91991,98.21875
08:01:34,91282CLM1,TSRYS5893517,D,S,D,2024-10-16,8375000.00,3.912064,98.265625
08:01:34,91282CLM1,TSRYS5893517,D,S,T,2024-10-16,1000000.00,3.919935,98.218598
08:01:34,91282CLM1,TSRYS5893517,D,S,T,2024-10-16,1000000.00,3.919935,98.218598
08:01:34,91282CLM1,TSRYS5893517,D,S,D,2024-10-16,1000000.00,3.91991,98.21875
08:01:34,91282CLM1,TSRYS5893517,D,S,T,2024-10-16,1000000.00,3.919935,98.218598
08:01:34,91282CLM1,TSRYS5893517,D,S,T,2024-10-16,1000000.00,3.91991,98.21875
08:01:34,91282CLM1,TSRYS5893517,D,S,D,2024-10-16,1000000.00,3.91991,98.21875
08:01:34,91282CLM1,TSRYS5893517,D,S,D,2024-10-16,1000000.00,3.91991,98.21875
08:01:34,91282CLM1,TSRYS5893517,D,S,D,2024-10-16,1000000.00,3.91991,98.21875
08:01:34,91282CLM1,TSRYS5893517,D,S,D,2024-10-16,1000000.00,3.91991,98.21875
08:01:34,91282CLM1,TSRYS5893517,D,S,D,2024-10-16,1000000.00,3.91991,98.21875
08:01:34,91282CLM1,TSRYS5893517,D,S,D,2024-10-16,1000000.00,3.91991,98.21875
08:01:34,91282CLM1,TSRYS5893517,D,S,D,2024-10-16,1000000.00,3.917621,98.23242187
08:01:34,91282CLM1,TSRYS5893517,D,S,D,2024-10-16,1000000.00,3.94118,98.091796875
08:01:34,91282CLM1,TSRYS5893517,D,B,C,2024-10-16,1000000.00,3.94118,98.091796875
08:01:34,91282CLM1,TSRYS5893517,D,S,D,2024-10-16,1000000.00,3.917621,98.23242187
08:01:34,91282CLM1,TSRYS5893517,D,B,C,2024-10-16,1000000.00,3.935942,98.12304687
08:01:34,91282CLM1,TSRYS5893517,D,S,D,2024-10-16,1000000.00,3.917621,98.23242187
08:01:34,91282CLM1,TSRYS5893517,D,B,C,2024-10-16,1000000.00,3.935942,98.12304687
08:01:34,91282CLM1,TSRYS5893517,D,S,T,2024-10-16,1000000.00,3.917621,98.23242187
08:01:34,91282CLM1,TSRYS5893517,D,S,D,2024-10-16,8375000.00,3.912064,98.265625
08:01:34,91282CLM1,TSRYS5893517,D,S,C,2024-10-16,1000000.00,3.917621,98.23242187
08:01:34,91282CLM1,TSRYS5893517,D,S,D,2024-10-16,1000000.00,3.917621,98.23242187
08:01:34,91282CLM1,TSRYS5893517,D,S,D,2024-10-16,1000000.00,3.917621,98.23242187
08:01:34,91282CLM1,TSRYS5893517,D,S,D,2024-10-16,1000000.00,3.917621,98.23242187
08:01:34,91282CLM1,TSRYS5893517,D,S,D,2024-10-16,1000000.00,3.917621,98.23242187
08:01:34,91282CLM1,TSRYS5893517,D,S,D,2024-10-16,1000000.00,3.917621,98.23242187
08:01:35,91282CLM1,TSRYS5893517,D,S,D,2024-10-16,1000000.00,3.917621,98.23242187
08:01:35,91282CLM1,TSRYS5893517,D,S,D,2024-10-16,1000000.00,3.917621,98.23242187
08:01:35,91282CLM1,TSRYS5893517,D,S,D,2024-10-16,1000000.00,3.917621,98.23242187
08:01:35,91282CLM1,TSRYS5893517,D,S,D,2024-10-16,1000000.00,3.917621,98.23242187
08:01:35,91282CLM1,TSRYS5893517,D,S,D,2024-10-16,1000000.00,3.917621,98.23242187
08:01:35,91282CLM1,TSRYS5893517,D,S,C,2024-10-16,1000000.00,3.917621,98.23242187
08:01:35,91282CLM1,TSRYS5893517,D,S,D,2024-10-16,1000000.00,3.917621,98.23242187
08:01:35,91282CLM1,TSRYS5893517,D,S,D,2024-10-16,1000000.00,3.917621,98.23242187
08:01:35,91282CLM1,TSRYS5893517,D,S,D,2024-10-16,1000000.00,3.917621,98.23242187
08:01:35,91282CLM1,TSRYS5893517,D,S,D,2024-10-16,1000000.00,3.917621,98.23242187
08:01:35,91282CLM1,TSRYS5893517,D,S,T,2024-10-16,1000000.00,3.917621,98.23242187
08:01:35,91282CLM1,TSRYS5893517,D,S,D,2024-10-16,1000000.00,3.917621,98.23242187
08:01:35,91282CLM1,TSRYS5893517,D,S,D,2024-10-16,1000000.00,3.917621,98.23242187
08:01:35,91282CLM1,TSRYS5893517,D,S,D,2024-10-16,1000000.00,3.935614,98.125
08:01:35,91282CLM1,TSRYS5893517,D,B,C,2024-10-16,1000000.00,3.935614,98.125
08:01:35,91282CLM1,TSRYS5893517,D,S,C,2024-10-16,1000000.00,3.917621,98.23242187
08:01:35,91282CLM1,TSRYS5893517,D,S,T,2024-10-16,1000000.00,3.918628,98.2264105
08:01:35,91282CLM1,TSRYS5893517,D,S,D,2024-10-16,1000000.00,3.91991,98.21875
08:01:35,91282CLM1,TSRYS5893517,D,S,T,2024-10-16,1000000.00,3.91991,98.21875
08:01:35,91282CLM1,TSRYS5893517,D,S,D,2024-10-16,1000000.00,3.91991,98.21875
08:01:35,91282CLM1,TSRYS5893517,D,S,D,2024-10-16,1000000.00,3.91991,98.21875
08:01:35,91282CLM1,TSRYS5893517,D,S,D,2024-10-16,2000000.00,3.91991,98.21875
08:01:35,91282CLM1,TSRYS5893517,D,S,D,2024-10-16,1000000.00,3.91991,98.21875
08:01:35,91282CLM1,TSRYS5893517,D,S,T,2024-10-16,1000000.00,3.91991,98.21875
08:01:35,91282CLM1,TSRYS5893517,D,S,D,2024-10-16,1000000.00,3.91991,98.21875
08:01:35,91282CLM1,TSRYS5893517,D,S,T,2024-10-16,1000000.00,3.91991,98.21875
08:01:35,91282CLM1,TSRYS5893517,D,S,D,2024-10-16,1000000.00,3.922526,98.203125
08:01:35,91282CLM1,TSRYS5893517,D,S,C,2024-10-16,1000000.00,3.91991,98.21875
08:01:35,91282CLM1,TSRYS5893517,D,S,T,2024-10-16,1000000.00,3.919935,98.218598
08:01:35,91282CLM1,TSRYS5893517,D,S,D,2024-10-16,1000000.00,3.921218,98.2109375
08:01:35,91282CLM1,TSRYS5893517,D,S,T,2024-10-16,1000000.00,3.921218,98.2109375
08:01:35,91282CLM1,TSRYS5893517,D,S,D,2024-10-16,1000000.00,3.91991,98.21875
08:01:35,91282CLM1,TSRYS5893517,D,S,T,2024-10-16,1000000.00,3.919935,98.218598
08:01:35,91282CLM1,TSRYS5893517,D,S,T,2024-10-16,1000000.00,3.919935,98.218598
08:01:35,91282CLM1,TSRYS5893517,D,S,D,2024-10-16,1000000.00,3.91991,98.21875
08:01:35,91282CLM1,TSRYS5893517,D,S,T,2024-10-16,1000000.00,3.919935,98.218598
08:01:35,91282CLM1,TSRYS5893517,D,S,D,2024-10-16,1000000.00,3.91991,98.21875
08:01:35,91282CLM1,TSRYS5893517,D,S,T,2024-10-16,1000000.00,3.919935,98.218598
08:01:35,91282CLM1,TSRYS5893517,D,S,T,2024-10-16,1000000.00,3.919935,98.218598
08:01:35,91282CLM1,TSRYS5893517,D,S,T,2024-10-16,1000000.00,3.919935,98.218598
08:01:35,91282CLM1,TSRYS5893517,D,S,D,2024-10-16,1000000.00,3.91991,98.21875
08:01:35,91282CLM1,TSRYS5893517,D,S,T,2024-10-16,1000000.00,3.91991,98.21875
08:01:35,91282CLM1,TSRYS5893517,D,S,D,2024-10-16,1000000.00,3.919583,98.22070312
08:01:35,91282CLM1,TSRYS5893517,D,S,C,2024-10-16,1000000.00,3.917294,98.234375
08:01:35,91282CLM1,TSRYS5893517,D,S,D,2024-10-16,1000000.00,3.917621,98.23242187
08:01:35,91282CLM1,TSRYS5893517,D,S,D,2024-10-16,1000000.00,3.917621,98.23242187
08:01:35,91282CLM1,TSRYS5893517,D,S,T,2024-10-16,1000000.00,3.91732,98.234223
08:01:35,91282CLM1,TSRYS5893517,D,S,D,2024-10-16,1000000.00,3.915333,98.24609375
08:01:35,91282CLM1,TSRYS5893517,D,S,D,2024-10-16,1000000.00,3.915333,98.24609375
08:01:35,91282CLM1,TSRYS5893517,D,S,D,2024-10-16,1000000.00,3.915333,98.24609375
08:01:35,91282CLM1,TSRYS5893517,D,S,D,2024-10-16,1000000.00,3.915333,98.24609375
08:01:35,91282CLM1,TSRYS5893517,D,S,D,2024-10-16,1000000.00,3.915333,98.24609375
08:01:36,91282CLM1,TSRYS5893517,D,S,D,2024-10-16,1000000.00,3.912718,98.26171875
08:01:36,91282CLM1,TSRYS5893517,D,S,D,2024-10-16,1000000.00,3.912718,98.26171875
08:01:36,91282CLM1,TSRYS5893517,D,S,D,2024-10-16,1000000.00,3.912718,98.26171875
08:01:36,91282CLM1,TSRYS5893517,D,S,C,2024-10-16,1000000.00,3.908143,98.2890625
08:01:36,91282CLM1,TSRYS5893517,D,S,T,2024-10-16,1000000.00,3.908168,98.2889105
08:01:36,91282CLM1,TSRYS5893517,D,S,D,2024-10-16,1000000.00,3.908143,98.2890625
08:01:36,91282CLM1,TSRYS5893517,D,S,T,2024-10-16,1000000.00,3.908168,98.2889105
08:01:36,91282CLM1,TSRYS5893517,D,S,D,2024-10-16,2000000.00,3.908143,98.2890625
08:01:36,91282CLM1,TSRYS5893517,D,S,T,2024-10-16,1000000.00,3.908143,98.2890625
08:01:36,91282CLM1,TSRYS5893517,D,S,T,2024-10-16,1000000.00,3.908143,98.2890625
08:01:36,91282CLM1,TSRYS5893517,D,S,D,2024-10-16,1000000.00,3.908143,98.2890625
08:01:36,91282CLM1,TSRYS5893517,D,S,D,2024-10-16,1000000.00,3.908143,98.2890625
08:01:36,91282CLM1,TSRYS5893517,D,S,D,2024-10-16,1000000.00,3.912718,98.26171875
08:01:36,91282CLM1,TSRYS5893517,D,S,D,2024-10-16,1000000.00,3.915333,98.24609375
08:01:36,91282CLM1,TSRYS5893517,D,S,T,2024-10-16,1000000.00,3.915333,98.24609375
08:01:36,91282CLM1,TSRYS5893517,D,S,D,2024-10-16,1000000.00,3.915333,98.24609375
08:01:36,91282CLM1,TSRYS5893517,D,S,D,2024-10-16,1000000.00,3.915333,98.24609375
08:01:36,91282CLM1,TSRYS5893517,D,S,D,2024-10-16,1000000.00,3.929723,98.16015625
08:01:36,91282CLM1,TSRYS5893517,D,B,C,2024-10-16,1000000.00,3.929723,98.16015625
08:01:37,91282CLM1,TSRYS5893517,D,B,C,2024-10-16,1000000.00,3.929069,98.1640625
08:01:37,91282CLM1,TSRYS5893517,D,S,D,2024-10-16,1000000.00,3.929069,98.1640625
08:01:37,91282CLM1,TSRYS5893517,D,S,D,2024-10-16,1000000.00,3.928742,98.166015625
08:01:37,91282CLM1,TSRYS5893517,D,B,C,2024-10-16,1000000.00,3.928742,98.166015625
08:01:37,91282CLM1,TSRYS5893517,D,S,A,2024-10-16,1560000.00,3.936269,98.12109375
08:01:38,91282CLM1,TSRYS5893517,D,S,C,2024-10-16,1000000.00,3.930705,98.154296875
08:01:38,91282CLM1,TSRYS5893517,D,S,D,2024-10-16,1000000.00,3.931687,98.1484375
08:01:38,91282CLM1,TSRYS5893517,D,S,C,2024-10-16,1000000.00,3.908143,98.2890625
08:01:38,91282CLM1,TSRYS5893517,D,S,T,2024-10-16,1000000.00,3.908168,98.2889105
08:01:38,91282CLM1,TSRYS5893517,D,S,D,2024-10-16,1000000.00,3.932014,98.146484375
08:01:38,91282CLM1,TSRYS5893517,D,S,D,2024-10-16,1000000.00,3.932014,98.146484375
08:01:38,91282CLM1,TSRYS5893517,D,S,D,2024-10-16,1000000.00,3.908143,98.2890625
08:01:38,91282CLM1,TSRYS5893517,D,S,T,2024-10-16,1000000.00,3.908143,98.2890625
08:01:38,91282CLM1,TSRYS5893517,D,S,D,2024-10-16,1000000.00,3.931687,98.1484375
08:01:38,91282CLM1,TSRYS5893517,D,S,D,2024-10-16,1000000.00,3.908143,98.2890625
08:01:38,91282CLM1,TSRYS5893517,D,S,T,2024-10-16,1000000.00,3.908168,98.2889105
08:01:38,91282CLM1,TSRYS5893517,D,B,C,2024-10-16,1000000.00,3.931687,98.1484375
08:01:38,91282CLM1,TSRYS5893517,D,S,D,2024-10-16,1000000.00,3.931687,98.1484375
08:01:38,91282CLM1,TSRYS5893517,D,B,C,2024-10-16,1000000.00,3.931687,98.1484375
08:01:38,91282CLM1,TSRYS5893517,D,S,D,2024-10-16,1000000.00,3.930378,98.15625
08:01:38,91282CLM1,TSRYS5893517,D,B,C,2024-10-16,1000000.00,3.930378,98.15625
08:01:38,91282CLM1,TSRYS5893517,D,S,D,2024-10-16,1000000.00,3.930378,98.15625
08:01:38,91282CLM1,TSRYS5893517,D,B,C,2024-10-16,1000000.00,3.930378,98.15625
08:01:38,91282CLM1,TSRYS5893517,D,S,D,2024-10-16,1000000.00,3.930378,98.15625
08:01:38,91282CLM1,TSRYS5893517,D,B,C,2024-10-16,1000000.00,3.930378,98.15625
08:01:38,91282CLM1,TSRYS5893517,D,S,D,2024-10-16,1000000.00,3.930378,98.15625
08:01:38,91282CLM1,TSRYS5893517,D,B,C,2024-10-16,1000000.00,3.930378,98.15625
08:01:38,91282CLM1,TSRYS5893517,D,S,D,2024-10-16,1000000.00,3.930378,98.15625
08:01:38,91282CLM1,TSRYS5893517,D,B,C,2024-10-16,1000000.00,3.930378,98.15625
08:01:38,91282CLM1,TSRYS5893517,D,B,C,2024-10-16,1000000.00,3.930705,98.154296875
08:01:38,91282CLM1,TSRYS5893517,D,S,D,2024-10-16,1000000.00,3.930705,98.154296875
08:01:38,91282CLM1,TSRYS5893517,D,S,C,2024-10-16,1000000.00,3.90553,98.3046875
08:01:38,91282CLM1,TSRYS5893517,D,B,C,2024-10-16,1000000.00,3.930705,98.154296875
08:01:38,91282CLM1,TSRYS5893517,D,S,D,2024-10-16,1000000.00,3.930705,98.154296875
08:01:38,91282CLM1,TSRYS5893517,D,S,T,2024-10-16,1000000.00,3.905555,98.3045355
08:01:38,91282CLM1,TSRYS5893517,D,S,D,2024-10-16,1000000.00,3.90553,98.3046875
08:01:40,91282CLM1,TSRYS5893517,D,S,C,2024-10-16,1000000.00,3.932341,98.14453125
08:01:40,91282CLM1,TSRYS5893517,D,S,C,2024-10-16,1000000.00,3.932341,98.14453125
08:01:40,91282CLM1,TSRYS5893517,D,S,C,2024-10-16,1000000.00,3.932668,98.142578125
08:01:40,91282CLM1,TSRYS5893517,D,S,C,2024-10-16,1000000.00,3.932668,98.142578125
08:01:41,91282CLM1,TSRYS5893517,D,S,D,2024-10-16,1000000.00,3.932996,98.140625
08:01:41,91282CLM1,TSRYS5893517,D,S,D,2024-10-16,1000000.00,3.932996,98.140625
08:01:41,91282CLM1,TSRYS5893517,D,S,D,2024-10-16,1000000.00,3.932668,98.142578125
08:01:41,91282CLM1,TSRYS5893517,D,S,D,2024-10-16,1000000.00,3.932668,98.142578125
08:01:41,91282CLM1,TSRYS5893517,D,S,D,2024-10-16,1000000.00,3.932668,98.142578125
08:01:41,91282CLM1,TSRYS5893517,D,S,C,2024-10-16,1000000.00,3.931359,98.150390625
08:01:42,91282CLM1,TSRYS5893517,D,S,C,2024-10-16,1000000.00,3.931359,98.150390625
08:01:42,91282CLM1,TSRYS5893517,D,S,D,2024-10-16,1000000.00,3.93365,98.13671875
08:01:42,91282CLM1,TSRYS5893517,D,B,C,2024-10-16,2000000.00,3.936596,98.11914062
08:01:42,91282CLM1,TSRYS5893517,D,B,C,2024-10-16,1000000.00,3.936596,98.11914062
08:01:42,91282CLM1,TSRYS5893517,D,S,D,2024-10-16,1000000.00,3.934305,98.1328125
08:01:43,91282CLM1,TSRYS5893517,D,B,C,2024-10-16,1000000.00,3.934305,98.1328125
08:01:43,91282CLM1,TSRYS5893517,D,S,D,2024-10-16,1000000.00,3.934305,98.1328125
08:01:43,91282CLM1,TSRYS5893517,D,S,D,2024-10-16,2000000.00,3.934305,98.1328125
08:01:43,91282CLM1,TSRYS5893517,D,B,C,2024-10-16,2000000.00,3.934305,98.1328125
08:01:43,91282CLM1,TSRYS5893517,D,B,C,2024-10-16,1000000.00,3.936596,98.11914062
08:01:43,91282CLM1,TSRYS5893517,D,S,C,2024-10-16,1000000.00,3.936269,98.12109375
08:01:43,91282CLM1,TSRYS5893517,D,B,C,2024-10-16,1000000.00,3.936269,98.12109375
08:01:43,91282CLM1,TSRYS5893517,D,B,C,2024-10-16,1000000.00,3.936596,98.11914062
08:01:43,91282CLM1,TSRYS5893517,D,S,D,2024-10-16,1000000.00,3.935614,98.125
08:01:43,91282CLM1,TSRYS5893517,D,B,C,2024-10-16,1000000.00,3.935614,98.125
08:01:43,91282CLM1,TSRYS5893517,D,S,D,2024-10-16,1000000.00,3.935614,98.125
08:01:43,91282CLM1,TSRYS5893517,D,S,D,2024-10-16,1000000.00,3.936596,98.119140625
08:01:43,91282CLM1,TSRYS5893517,D,B,C,2024-10-16,1000000.00,3.936596,98.119140625
08:01:43,91282CLM1,TSRYS5893517,D,S,D,2024-10-16,1000000.00,3.936596,98.119140625
08:01:44,91282CLM1,TSRYS5893517,D,S,C,2024-10-16,1000000.00,3.937251,98.115234375
08:01:44,91282CLM1,TSRYS5893517,D,S,C,2024-10-16,1000000.00,3.937251,98.115234375
08:01:44,91282CLM1,TSRYS5893517,D,B,C,2024-10-16,1000000.00,3.935287,98.12695312
08:01:44,91282CLM1,TSRYS5893517,D,B,C,2024-10-16,1000000.00,3.935287,98.12695312
08:01:44,91282CLM1,TSRYS5893517,D,B,C,2024-10-16,1000000.00,3.935287,98.12695312
08:01:44,91282CLM1,TSRYS5893517,D,S,C,2024-10-16,1000000.00,3.936269,98.12109375
08:01:44,91282CLM1,TSRYS5893517,D,S,C,2024-10-16,1000000.00,3.935942,98.123046875
08:01:44,91282CLM1,TSRYS5893517,D,B,C,2024-10-16,1000000.00,3.935287,98.12695312
08:01:46,91282CLM1,TSRYS5893517,D,S,C,2024-10-16,1000000.00,3.937251,98.115234375
08:01:46,91282CLM1,TSRYS5893517,D,S,D,2024-10-16,1000000.00,3.937251,98.115234375
08:01:46,91282CLM1,TSRYS5893517,D,S,C,2024-10-16,1000000.00,3.93365,98.13671875
08:01:47,91282CLM1,TSRYS5893517,D,S,C,2024-10-16,1000000.00,3.931359,98.150390625
08:01:47,91282CLM1,TSRYS5893517,D,S,D,2024-10-16,1000000.00,3.931687,98.1484375
08:01:47,91282CLM1,TSRYS5893517,D,S,D,2024-10-16,1000000.00,3.931687,98.1484375
08:01:47,91282CLM1,TSRYS5893517,D,S,C,2024-10-16,1000000.00,3.930705,98.154296875
08:01:47,91282CLM1,TSRYS5893517,D,S,C,2024-10-16,1000000.00,3.930705,98.154296875
08:01:47,91282CLM1,TSRYS5893517,D,S,C,2024-10-16,1000000.00,3.930705,98.154296875
08:01:47,91282CLM1,TSRYS5893517,D,S,D,2024-10-16,1000000.00,3.931032,98.15234375
08:01:47,91282CLM1,TSRYS5893517,D,S,D,2024-10-16,1000000.00,3.926778,98.177734375
08:01:47,91282CLM1,TSRYS5893517,D,S,D,2024-10-16,1000000.00,3.927106,98.17578125
08:01:47,91282CLM1,TSRYS5893517,D,S,D,2024-10-16,1000000.00,3.927433,98.173828125
08:01:47,91282CLM1,TSRYS5893517,D,S,D,2024-10-16,1000000.00,3.926778,98.177734375
08:01:47,91282CLM1,TSRYS5893517,D,S,D,2024-10-16,1000000.00,3.927106,98.17578125
08:01:47,91282CLM1,TSRYS5893517,D,S,D,2024-10-16,1000000.00,3.927433,98.173828125
08:01:47,91282CLM1,TSRYS5893517,D,S,D,2024-10-16,1000000.00,3.92776,98.171875
08:01:47,91282CLM1,TSRYS5893517,D,S,D,2024-10-16,3000000.00,3.92776,98.171875
08:01:48,91282CLM1,TSRYS5893517,D,S,D,2024-10-16,1000000.00,3.928087,98.169921875
08:01:48,91282CLM1,TSRYS5893517,D,S,D,2024-10-16,1000000.00,3.923507,98.197265625
08:01:48,91282CLM1,TSRYS5893517,D,S,D,2024-10-16,1000000.00,3.925143,98.1875
08:01:48,91282CLM1,TSRYS5893517,D,S,D,2024-10-16,1000000.00,3.925143,98.1875
08:01:48,91282CLM1,TSRYS5893517,D,S,D,2024-10-16,1000000.00,3.925143,98.1875
08:01:48,91282CLM1,TSRYS5893517,D,S,T,2024-10-16,1000000.00,3.940853,98.09375
08:01:48,91282CLM1,TSRYS5893517,D,S,D,2024-10-16,1000000.00,3.92776,98.171875
08:01:48,91282CLM1,TSRYS5893517,D,S,D,2024-10-16,1000000.00,3.92776,98.171875
08:01:48,91282CLM1,TSRYS5893517,D,S,D,2024-10-16,1000000.00,3.92776,98.171875
08:01:48,91282CLM1,TSRYS5893517,D,S,D,2024-10-16,1000000.00,3.926451,98.1796875
