tradeTime,cusip,issueSymbolIdentifier,priceType,reportingSideCode,contraPartyTypeCode,tradeDate,reportedTradeVolume,lastSaleYield,lastSalePrice
08:22:37,91282CLD1,TSRYS5850288,D,S,D,2024-08-08,1000000.00,3.811063,101.90625
08:22:37,91282CLD1,TSRYS5850288,D,S,D,2024-08-08,1000000.00,3.811063,101.90625
08:22:37,91282CLD1,TSRYS5850288,D,S,D,2024-08-08,1000000.00,3.811063,101.90625
08:22:37,91282CLD1,TSRYS5850288,D,S,D,2024-08-08,1000000.00,3.811063,101.90625
08:22:37,91282CLD1,TSRYS5850288,D,S,C,2024-08-08,1000000.00,3.811063,101.906425
08:22:37,91282CLD1,TSRYS5850288,D,S,D,2024-08-08,1000000.00,3.811063,101.906425
08:22:38,91282CLD1,TSRYS5850288,D,S,D,2024-08-08,1000000.00,3.811063,101.90625
08:22:38,91282CLD1,TSRYS5850288,D,S,D,2024-08-08,1000000.00,3.811063,101.90625
08:22:38,91282CLD1,TSRYS5850288,D,S,T,2024-08-08,1000000.00,3.809828,101.9138355
08:22:38,91282CLD1,TSRYS5850288,D,S,C,2024-08-08,1000000.00,3.811063,101.90625
08:22:38,91282CLD1,TSRYS5850288,D,S,D,2024-08-08,1000000.00,3.810745,101.908203125
08:22:38,91282CLD1,TSRYS5850288,D,S,D,2024-08-08,1000000.00,3.810745,101.908203125
08:22:38,91282CLD1,TSRYS5850288,D,S,T,2024-08-08,1000000.00,3.809791,101.9140625
08:22:38,91282CLD1,TSRYS5850288,D,S,T,2024-08-08,1000000.00,3.809791,101.9140625
08:22:38,91282CLD1,TSRYS5850288,D,S,T,2024-08-08,1000000.00,3.811063,101.90625
08:22:38,91282CLD1,TSRYS5850288,D,S,T,2024-08-08,1000000.00,3.811063,101.90625
08:22:41,91282CLD1,TSRYS5850288,D,S,C,2024-08-08,960000.00,3.846084,101.69140625
08:22:41,91282CLD1,TSRYS5850288,D,S,T,2024-08-08,1000000.00,3.811063,101.90625
08:22:41,91282CLD1,TSRYS5850288,D,S,T,2024-08-08,1000000.00,3.811063,101.90625
08:22:41,91282CLD1,TSRYS5850288,D,S,T,2024-08-08,1000000.00,3.811063,101.90625
08:22:41,91282CLD1,TSRYS5850288,D,S,T,2024-08-08,2000000.00,3.811063,101.90625
08:22:41,91282CLD1,TSRYS5850288,D,S,T,2024-08-08,1000000.00,3.811063,101.90625
08:22:41,91282CLD1,TSRYS5850288,D,S,T,2024-08-08,2000000.00,3.811063,101.90625
08:22:43,91282CLD1,TSRYS5850288,D,S,C,2024-08-08,1000000.00,3.811014,101.90655
08:22:43,91282CLD1,TSRYS5850288,D,S,D,2024-08-08,1000000.00,3.811063,101.90625
08:22:43,91282CLD1,TSRYS5850288,D,S,D,2024-08-08,1000000.00,3.809791,101.9140625
08:22:43,91282CLD1,TSRYS5850288,D,S,D,2024-08-08,1000000.00,3.809791,101.9140625
08:22:43,91282CLD1,TSRYS5850288,D,S,D,2024-08-08,1000000.00,3.809791,101.9140625
08:22:43,91282CLD1,TSRYS5850288,D,S,C,2024-08-08,1000000.00,3.809759,101.9142625
08:22:43,91282CLD1,TSRYS5850288,D,S,C,2024-08-08,1000000.00,3.809759,101.9142625
08:22:43,91282CLD1,TSRYS5850288,D,S,D,2024-08-08,4000000.00,3.811063,101.90625
08:22:44,91282CLD1,TSRYS5850288,D,S,T,2024-08-08,1000000.00,3.811063,101.90625
08:22:44,91282CLD1,TSRYS5850288,D,S,T,2024-08-08,1000000.00,3.811063,101.90625
08:22:44,91282CLD1,TSRYS5850288,D,S,T,2024-08-08,1000000.00,3.811063,101.90625
08:22:44,91282CLD1,TSRYS5850288,D,S,T,2024-08-08,1000000.00,3.811063,101.90625
08:22:44,91282CLD1,TSRYS5850288,D,S,T,2024-08-08,1000000.00,3.811063,101.90625
08:22:49,91282CLD1,TSRYS5850288,D,S,D,2024-08-08,1000000.00,3.810109,101.912109375
08:22:49,91282CLD1,TSRYS5850288,D,S,C,2024-08-08,1000000.00,3.810884,101.90735
08:22:50,91282CLD1,TSRYS5850288,D,S,T,2024-08-08,1000000.00,3.811063,101.90625
08:22:50,91282CLD1,TSRYS5850288,D,S,T,2024-08-08,1000000.00,3.811063,101.90625
08:22:50,91282CLD1,TSRYS5850288,D,S,T,2024-08-08,1000000.00,3.811063,101.90625
08:22:50,91282CLD1,TSRYS5850288,D,S,T,2024-08-08,1000000.00,3.811063,101.90625
08:22:50,91282CLD1,TSRYS5850288,D,S,T,2024-08-08,1000000.00,3.811063,101.90625
08:22:50,91282CLD1,TSRYS5850288,D,S,T,2024-08-08,1000000.00,3.811063,101.90625
08:22:50,91282CLD1,TSRYS5850288,D,S,T,2024-08-08,2000000.00,3.811063,101.90625
08:22:51,91282CLD1,TSRYS5850288,D,S,T,2024-08-08,1000000.00,3.809791,101.9140625
08:22:54,91282CLD1,TSRYS5850288,D,S,T,2024-08-08,1000000.00,3.811063,101.90625
08:22:56,91282CLD1,TSRYS5850288,D,S,T,2024-08-08,1000000.00,3.812335,101.8984375
08:22:58,91282CLD1,TSRYS5850288,D,S,D,2024-08-08,1000000.00,3.809791,101.9140625
08:22:58,91282CLD1,TSRYS5850288,D,S,D,2024-08-08,1000000.00,3.809791,101.9140625
08:22:58,91282CLD1,TSRYS5850288,D,S,D,2024-08-08,1000000.00,3.809762,101.9142395
08:22:58,91282CLD1,TSRYS5850288,D,S,T,2024-08-08,1000000.00,3.812335,101.8984375
08:22:58,91282CLD1,TSRYS5850288,D,B,C,2024-08-08,1000000.00,3.812335,101.8984375
08:22:58,91282CLD1,TSRYS5850288,D,S,C,2024-08-08,1000000.00,3.812286,101.8987375
08:22:58,91282CLD1,TSRYS5850288,D,S,C,2024-08-08,1000000.00,3.812286,101.8987375
08:22:58,91282CLD1,TSRYS5850288,D,S,C,2024-08-08,1000000.00,3.812335,101.8984375
08:22:58,91282CLD1,TSRYS5850288,D,S,D,2024-08-08,2000000.00,3.812335,101.8984375
08:22:58,91282CLD1,TSRYS5850288,D,S,D,2024-08-08,1000000.00,3.811034,101.906427
08:22:58,91282CLD1,TSRYS5850288,D,S,D,2024-08-08,1000000.00,3.811063,101.90625
08:22:58,91282CLD1,TSRYS5850288,D,S,C,2024-08-08,2000000.00,3.811039,101.9064
08:22:58,91282CLD1,TSRYS5850288,D,S,C,2024-08-08,1000000.00,3.812307,101.8986125
08:22:58,91282CLD1,TSRYS5850288,D,S,C,2024-08-08,1000000.00,3.81103,101.90645
08:22:58,91282CLD1,TSRYS5850288,D,S,C,2024-08-08,2000000.00,3.811035,101.906425
08:22:58,91282CLD1,TSRYS5850288,D,S,D,2024-08-08,1000000.00,3.811063,101.90625
08:22:58,91282CLD1,TSRYS5850288,D,B,C,2024-08-08,1000000.00,3.811063,101.90625
08:22:58,91282CLD1,TSRYS5850288,D,S,D,2024-08-08,2000000.00,3.811063,101.90625
08:22:58,91282CLD1,TSRYS5850288,D,S,D,2024-08-08,1000000.00,3.811039,101.9064
08:22:58,91282CLD1,TSRYS5850288,D,S,D,2024-08-08,1000000.00,3.811063,101.90625
08:22:58,91282CLD1,TSRYS5850288,D,S,D,2024-08-08,1000000.00,3.811063,101.90625
08:23:04,91282CLD1,TSRYS5850288,D,B,C,2024-08-08,1000000.00,3.811063,101.90625
08:23:05,91282CLD1,TSRYS5850288,D,S,T,2024-08-08,1000000.00,3.809155,101.91796875
08:23:07,91282CLD1,TSRYS5850288,D,S,C,2024-08-08,1000000.00,3.809155,101.91796875
08:23:07,91282CLD1,TSRYS5850288,D,S,T,2024-08-08,1000000.00,3.808519,101.921875
08:23:08,91282CLD1,TSRYS5850288,D,S,D,2024-08-08,1000000.00,3.809791,101.9140625
08:23:08,91282CLD1,TSRYS5850288,D,B,A,2024-08-08,1000000.00,3.809791,101.9140625
08:23:08,91282CLD1,TSRYS5850288,D,B,C,2024-08-08,1000000.00,3.808544,101.921725
08:23:08,91282CLD1,TSRYS5850288,D,S,D,2024-08-08,1000000.00,3.808519,101.921875
08:23:13,91282CLD1,TSRYS5850288,D,S,D,2024-08-08,1000000.00,3.811063,101.90625
08:23:13,91282CLD1,TSRYS5850288,D,S,D,2024-08-08,2000000.00,3.811063,101.90625
08:23:13,91282CLD1,TSRYS5850288,D,S,D,2024-08-08,2000000.00,3.811039,101.9064
08:23:13,91282CLD1,TSRYS5850288,D,S,C,2024-08-08,1000000.00,3.81103,101.90645
08:23:13,91282CLD1,TSRYS5850288,D,S,C,2024-08-08,1000000.00,3.81103,101.90645
08:23:13,91282CLD1,TSRYS5850288,D,S,D,2024-08-08,1000000.00,3.811063,101.90625
08:23:13,91282CLD1,TSRYS5850288,D,S,D,2024-08-08,1000000.00,3.811063,101.90625
08:23:13,91282CLD1,TSRYS5850288,D,S,D,2024-08-08,2000000.00,3.811063,101.90625
08:23:13,91282CLD1,TSRYS5850288,D,S,C,2024-08-08,4000000.00,3.811035,101.906425
08:23:13,91282CLD1,TSRYS5850288,D,S,C,2024-08-08,2000000.00,3.811035,101.906425
08:23:13,91282CLD1,TSRYS5850288,D,B,C,2024-08-08,1000000.00,3.812368,101.8982375
08:23:13,91282CLD1,TSRYS5850288,D,S,D,2024-08-08,1000000.00,3.809791,101.9140625
08:23:13,91282CLD1,TSRYS5850288,D,S,D,2024-08-08,1000000.00,3.809767,101.9142125
08:23:13,91282CLD1,TSRYS5850288,D,S,D,2024-08-08,1000000.00,3.809762,101.9142395
08:23:15,91282CLD1,TSRYS5850288,D,S,D,2024-08-08,1000000.00,3.808519,101.921875
08:23:15,91282CLD1,TSRYS5850288,D,S,D,2024-08-08,1000000.00,3.808519,101.921875
08:23:16,91282CLD1,TSRYS5850288,D,S,D,2024-08-08,445000.00,3.80909,101.91836875
08:23:16,91282CLD1,TSRYS5850288,D,S,D,2024-08-08,1000000.00,3.808519,101.921875
08:23:16,91282CLD1,TSRYS5850288,D,S,T,2024-08-08,1000000.00,3.808519,101.921875
08:23:17,91282CLD1,TSRYS5850288,D,S,T,2024-08-08,1000000.00,3.807248,101.9296875
08:23:18,91282CLD1,TSRYS5850288,D,S,T,2024-08-08,1000000.00,3.807297,101.9293875
08:23:18,91282CLD1,TSRYS5850288,D,S,D,2024-08-08,1000000.00,3.807566,101.927734375
08:23:18,91282CLD1,TSRYS5850288,D,S,T,2024-08-08,3000000.00,3.808202,101.923828125
08:23:18,91282CLD1,TSRYS5850288,D,B,C,2024-08-08,1000000.00,3.807566,101.927734375
08:23:19,91282CLD1,TSRYS5850288,D,S,D,2024-08-08,1000000.00,3.807566,101.927734375
08:23:19,91282CLD1,TSRYS5850288,D,S,D,2024-08-08,1000000.00,3.808202,101.923828125
08:23:19,91282CLD1,TSRYS5850288,D,S,C,2024-08-08,2000000.00,3.808185,101.923928125
08:23:19,91282CLD1,TSRYS5850288,D,S,D,2024-08-08,1000000.00,3.808519,101.921875
08:23:20,91282CLD1,TSRYS5850288,D,S,T,2024-08-08,1000000.00,3.808519,101.921875
08:23:20,91282CLD1,TSRYS5850288,D,S,T,2024-08-08,1000000.00,3.808519,101.921875
08:23:22,91282CLD1,TSRYS5850288,D,S,T,2024-08-08,1000000.00,3.808202,101.923828125
08:23:22,91282CLD1,TSRYS5850288,D,S,D,2024-08-08,1000000.00,3.808202,101.923828125
08:23:25,91282CLD1,TSRYS5850288,D,S,D,2024-08-08,1000000.00,3.809473,101.916015625
08:23:25,91282CLD1,TSRYS5850288,D,S,C,2024-08-08,1000000.00,3.809473,101.916015625
08:23:25,91282CLD1,TSRYS5850288,D,S,C,2024-08-08,1000000.00,3.809155,101.91796875
08:23:25,91282CLD1,TSRYS5850288,D,S,C,2024-08-08,1000000.00,3.809473,101.916015625
08:23:25,91282CLD1,TSRYS5850288,D,S,D,2024-08-08,2000000.00,3.809473,101.916015625
08:23:25,91282CLD1,TSRYS5850288,D,S,C,2024-08-08,1000000.00,3.809473,101.916015625
08:23:25,91282CLD1,TSRYS5850288,D,S,C,2024-08-08,1000000.00,3.809473,101.916015625
08:23:25,91282CLD1,TSRYS5850288,D,S,C,2024-08-08,1000000.00,3.809473,101.916015625
08:23:25,91282CLD1,TSRYS5850288,D,B,C,2024-08-08,1000000.00,3.809155,101.91796875
08:23:25,91282CLD1,TSRYS5850288,D,S,D,2024-08-08,1000000.00,3.809155,101.91796875
08:23:26,91282CLD1,TSRYS5850288,D,S,D,2024-08-08,1000000.00,3.809473,101.916015625
08:23:26,91282CLD1,TSRYS5850288,D,B,C,2024-08-08,1000000.00,3.809155,101.91796875
08:23:26,91282CLD1,TSRYS5850288,D,S,D,2024-08-08,1000000.00,3.809473,101.916015625
08:23:27,91282CLD1,TSRYS5850288,D,S,D,2024-08-08,2000000.00,3.809473,101.916015625
08:23:27,91282CLD1,TSRYS5850288,D,S,D,2024-08-08,4000000.00,3.809473,101.916015625
08:23:27,91282CLD1,TSRYS5850288,D,S,D,2024-08-08,1000000.00,3.809473,101.916015625
08:23:28,91282CLD1,TSRYS5850288,D,S,D,2024-08-08,1000000.00,3.809473,101.916015625
08:23:28,91282CLD1,TSRYS5850288,D,S,D,2024-08-08,2000000.00,3.809473,101.916015625
08:23:28,91282CLD1,TSRYS5850288,D,S,D,2024-08-08,1000000.00,3.809473,101.916015625
08:23:30,91282CLD1,TSRYS5850288,D,S,D,2024-08-08,1000000.00,3.809473,101.916015625
08:23:30,91282CLD1,TSRYS5850288,D,S,D,2024-08-08,1000000.00,3.809473,101.916015625
08:23:30,91282CLD1,TSRYS5850288,D,S,D,2024-08-08,1000000.00,3.809473,101.916015625
08:23:30,91282CLD1,TSRYS5850288,D,S,D,2024-08-08,1000000.00,3.809473,101.916015625
08:23:31,91282CLD1,TSRYS5850288,D,S,D,2024-08-08,1000000.00,3.809473,101.916015625
08:23:31,91282CLD1,TSRYS5850288,D,S,D,2024-08-08,4000000.00,3.809473,101.916015625
08:23:31,91282CLD1,TSRYS5850288,D,S,D,2024-08-08,1000000.00,3.809473,101.916015625
08:23:31,91282CLD1,TSRYS5850288,D,S,D,2024-08-08,1000000.00,3.809473,101.916015625
08:23:32,91282CLD1,TSRYS5850288,D,S,D,2024-08-08,1000000.00,3.809155,101.91796875
08:23:32,91282CLD1,TSRYS5850288,D,B,C,2024-08-08,1000000.00,3.809155,101.91796875
08:23:35,91282CLD1,TSRYS5850288,D,S,D,2024-08-08,4000000.00,3.809473,101.916015625
08:23:39,91282CLD1,TSRYS5850288,D,B,C,2024-08-08,1000000.00,3.810109,101.91210937
08:23:48,91282CLD1,TSRYS5850288,D,S,C,2024-08-08,1000000.00,3.810411,101.91025625
08:23:48,91282CLD1,TSRYS5850288,D,B,C,2024-08-08,1000000.00,3.810427,101.91015625
08:23:52,91282CLD1,TSRYS5850288,D,S,T,2024-08-08,1000000.00,3.809791,101.9140625
08:23:52,91282CLD1,TSRYS5850288,D,S,T,2024-08-08,1000000.00,3.809791,101.9140625
08:23:52,91282CLD1,TSRYS5850288,D,S,T,2024-08-08,1000000.00,3.809791,101.9140625
08:23:55,91282CLD1,TSRYS5850288,D,S,T,2024-08-08,1000000.00,3.811381,101.904296875
08:23:57,91282CLD1,TSRYS5850288,D,S,D,2024-08-08,1000000.00,3.811381,101.904296875
08:23:57,91282CLD1,TSRYS5850288,D,S,C,2024-08-08,1000000.00,3.808471,101.922175
08:23:57,91282CLD1,TSRYS5850288,D,S,C,2024-08-08,1000000.00,3.807223,101.9298375
08:23:57,91282CLD1,TSRYS5850288,D,S,C,2024-08-08,1000000.00,3.807223,101.9298375
08:24:01,91282CLD1,TSRYS5850288,D,S,T,2024-08-08,1000000.00,3.811084,101.90612
08:24:01,91282CLD1,TSRYS5850288,D,S,T,2024-08-08,3000000.00,3.811084,101.90612
08:24:02,91282CLD1,TSRYS5850288,D,S,T,2024-08-08,3000000.00,3.811084,101.90612
08:24:02,91282CLD1,TSRYS5850288,D,S,T,2024-08-08,1000000.00,3.809791,101.9140625
08:24:02,91282CLD1,TSRYS5850288,D,S,T,2024-08-08,1000000.00,3.809791,101.9140625
08:24:02,91282CLD1,TSRYS5850288,D,S,T,2024-08-08,1000000.00,3.811084,101.90612
08:24:13,91282CLD1,TSRYS5850288,D,S,C,2024-08-08,1000000.00,3.810109,101.912109375
08:24:15,91282CLD1,TSRYS5850288,D,S,D,2024-08-08,1000000.00,3.808519,101.921875
08:24:15,91282CLD1,TSRYS5850288,D,S,C,2024-08-08,2000000.00,3.808491,101.92205
08:24:15,91282CLD1,TSRYS5850288,D,S,C,2024-08-08,1000000.00,3.808495,101.922025
08:24:15,91282CLD1,TSRYS5850288,D,S,D,2024-08-08,1000000.00,3.808519,101.921875
08:24:15,91282CLD1,TSRYS5850288,D,B,C,2024-08-08,1000000.00,3.808552,101.921675
08:24:15,91282CLD1,TSRYS5850288,D,S,D,2024-08-08,1000000.00,3.808519,101.921875
08:24:15,91282CLD1,TSRYS5850288,D,S,D,2024-08-08,1000000.00,3.808519,101.921875
08:24:17,91282CLD1,TSRYS5850288,D,S,D,2024-08-08,1000000.00,3.812971,101.89453125
08:24:17,91282CLD1,TSRYS5850288,D,S,D,2024-08-08,1000000.00,3.812971,101.89453125
08:24:22,91282CLD1,TSRYS5850288,D,S,D,2024-08-08,1000000.00,3.812971,101.89453125
08:24:22,91282CLD1,TSRYS5850288,D,B,C,2024-08-08,1000000.00,3.812971,101.89453125
08:24:22,91282CLD1,TSRYS5850288,D,S,D,2024-08-08,1000000.00,3.812971,101.89453125
08:24:22,91282CLD1,TSRYS5850288,D,B,C,2024-08-08,1000000.00,3.812971,101.89453125
08:24:22,91282CLD1,TSRYS5850288,D,S,T,2024-08-08,1000000.00,3.812653,101.896484375
08:24:22,91282CLD1,TSRYS5850288,D,S,D,2024-08-08,1000000.00,3.812653,101.896484375
08:24:24,91282CLD1,TSRYS5850288,D,S,D,2024-08-08,1000000.00,3.812335,101.8984375
08:24:25,91282CLD1,TSRYS5850288,D,S,T,2024-08-08,1000000.00,3.812384,101.8981375
08:24:25,91282CLD1,TSRYS5850288,D,S,D,2024-08-08,1000000.00,3.812335,101.8984375
08:24:26,91282CLD1,TSRYS5850288,D,S,T,2024-08-08,2000000.00,3.812356,101.8983075
08:24:27,91282CLD1,TSRYS5850288,D,S,T,2024-08-08,1000000.00,3.812356,101.8983075
08:24:29,91282CLD1,TSRYS5850288,D,S,D,2024-08-08,1000000.00,3.812971,101.89453125
08:24:29,91282CLD1,TSRYS5850288,D,B,C,2024-08-08,1000000.00,3.812987,101.89443125
08:24:31,91282CLD1,TSRYS5850288,D,S,T,2024-08-08,1000000.00,3.813628,101.890495
08:24:34,91282CLD1,TSRYS5850288,D,B,C,2024-08-08,1000000.00,3.812971,101.89453125
08:24:34,91282CLD1,TSRYS5850288,D,S,D,2024-08-08,1000000.00,3.812971,101.89453125
08:24:37,91282CLD1,TSRYS5850288,D,S,T,2024-08-08,1000000.00,3.810427,101.91015625
08:24:38,91282CLD1,TSRYS5850288,D,S,D,2024-08-08,1000000.00,3.810427,101.91015625
08:24:40,91282CLD1,TSRYS5850288,D,S,T,2024-08-08,1000000.00,3.810427,101.91015625
08:24:41,91282CLD1,TSRYS5850288,D,S,T,2024-08-08,1000000.00,3.810427,101.91015625
08:24:42,91282CLD1,TSRYS5850288,D,B,C,2024-08-08,1000000.00,3.812971,101.89453125
08:24:43,91282CLD1,TSRYS5850288,D,S,T,2024-08-08,1000000.00,3.811063,101.90625
08:24:44,91282CLD1,TSRYS5850288,D,S,D,2024-08-08,1000000.00,3.812653,101.896484375
08:24:44,91282CLD1,TSRYS5850288,D,B,C,2024-08-08,1000000.00,3.812653,101.896484375
08:24:44,91282CLD1,TSRYS5850288,D,S,D,2024-08-08,5000000.00,3.810745,101.908203125
08:24:45,91282CLD1,TSRYS5850288,D,S,T,2024-08-08,1000000.00,3.812384,101.8981375
08:24:45,91282CLD1,TSRYS5850288,D,S,T,2024-08-08,1000000.00,3.812335,101.8984375
08:24:45,91282CLD1,TSRYS5850288,D,S,T,2024-08-08,1000000.00,3.812017,101.900390625
08:24:45,91282CLD1,TSRYS5850288,D,S,C,2024-08-08,1000000.00,3.811039,101.9064
08:24:45,91282CLD1,TSRYS5850288,D,S,C,2024-08-08,3000000.00,3.811063,101.90625
08:24:45,91282CLD1,TSRYS5850288,D,S,C,2024-08-08,1000000.00,3.811063,101.90625
08:24:45,91282CLD1,TSRYS5850288,D,S,C,2024-08-08,3000000.00,3.811063,101.90625
08:24:45,91282CLD1,TSRYS5850288,D,S,C,2024-08-08,1000000.00,3.811014,101.90655
08:24:45,91282CLD1,TSRYS5850288,D,S,C,2024-08-08,1000000.00,3.811014,101.90655
08:24:45,91282CLD1,TSRYS5850288,D,S,C,2024-08-08,1000000.00,3.812001,101.900490625
08:24:46,91282CLD1,TSRYS5850288,D,S,T,2024-08-08,2000000.00,3.811063,101.90625
08:24:47,91282CLD1,TSRYS5850288,D,S,T,2024-08-08,1000000.00,3.811063,101.90625
08:24:48,91282CLD1,TSRYS5850288,D,S,T,2024-08-08,1000000.00,3.812335,101.8984375
08:24:49,91282CLD1,TSRYS5850288,D,S,D,2024-08-08,1000000.00,3.815197,101.880859375
08:24:49,91282CLD1,TSRYS5850288,D,S,D,2024-08-08,1000000.00,3.813607,101.890625
08:24:49,91282CLD1,TSRYS5850288,D,S,D,2024-08-08,2000000.00,3.814243,101.88671875
08:24:49,91282CLD1,TSRYS5850288,D,B,C,2024-08-08,1000000.00,3.813607,101.890625
08:24:50,91282CLD1,TSRYS5850288,D,S,D,2024-08-08,1000000.00,3.815197,101.880859375
08:24:51,91282CLD1,TSRYS5850288,D,S,D,2024-08-08,1000000.00,3.814561,101.884765625
08:24:51,91282CLD1,TSRYS5850288,D,B,C,2024-08-08,1000000.00,3.814561,101.884765625
08:24:51,91282CLD1,TSRYS5850288,D,S,D,2024-08-08,1000000.00,3.814561,101.884765625
08:24:51,91282CLD1,TSRYS5850288,D,B,C,2024-08-08,1000000.00,3.814561,101.884765625
08:24:54,91282CLD1,TSRYS5850288,D,S,T,2024-08-08,1000000.00,3.814879,101.8828125
08:24:54,91282CLD1,TSRYS5850288,D,S,D,2024-08-08,1000000.00,3.815197,101.880859375
08:24:57,91282CLD1,TSRYS5850288,D,S,T,2024-08-08,1000000.00,3.815197,101.880859375
08:24:58,91282CLD1,TSRYS5850288,D,S,T,2024-08-08,1000000.00,3.813607,101.890625
08:24:58,91282CLD1,TSRYS5850288,D,B,C,2024-08-08,1000000.00,3.813632,101.890475
08:24:58,91282CLD1,TSRYS5850288,D,S,D,2024-08-08,1000000.00,3.813607,101.890625
08:24:59,91282CLD1,TSRYS5850288,D,S,T,2024-08-08,1000000.00,3.813607,101.890625
08:25:00,91282CLD1,TSRYS5850288,D,S,T,2024-08-08,1000000.00,3.814912,101.8826125
08:25:00,91282CLD1,TSRYS5850288,D,S,C,2024-08-08,1000000.00,3.811014,101.90655
08:25:00,91282CLD1,TSRYS5850288,D,S,T,2024-08-08,1000000.00,3.814912,101.8826125
08:25:00,91282CLD1,TSRYS5850288,D,S,T,2024-08-08,1000000.00,3.814912,101.8826125
08:25:03,91282CLD1,TSRYS5850288,D,S,T,2024-08-08,2000000.00,3.812335,101.8984375
08:25:04,91282CLD1,TSRYS5850288,D,S,T,2024-08-08,2000000.00,3.812356,101.8983075
08:25:05,91282CLD1,TSRYS5850288,D,S,T,2024-08-08,1000000.00,3.812356,101.8983075
08:25:05,91282CLD1,TSRYS5850288,D,S,T,2024-08-08,1000000.00,3.812335,101.8984375
08:25:05,91282CLD1,TSRYS5850288,D,S,T,2024-08-08,1000000.00,3.812335,101.8984375
08:25:08,91282CLD1,TSRYS5850288,D,S,D,2024-08-08,1000000.00,3.811699,101.90234375
08:25:15,91282CLD1,TSRYS5850288,D,S,D,2024-08-08,2000000.00,3.812335,101.8984375
08:25:15,91282CLD1,TSRYS5850288,D,S,D,2024-08-08,1000000.00,3.812335,101.8984375
08:25:15,91282CLD1,TSRYS5850288,D,S,D,2024-08-08,1000000.00,3.812335,101.8984375
08:25:15,91282CLD1,TSRYS5850288,D,S,C,2024-08-08,1000000.00,3.813558,101.890925
08:25:15,91282CLD1,TSRYS5850288,D,S,T,2024-08-08,1000000.00,3.813607,101.890625
08:25:15,91282CLD1,TSRYS5850288,D,S,T,2024-08-08,1000000.00,3.813607,101.890625
08:25:15,91282CLD1,TSRYS5850288,D,S,T,2024-08-08,1000000.00,3.813607,101.890625
08:25:15,91282CLD1,TSRYS5850288,D,S,T,2024-08-08,2000000.00,3.813607,101.890625
08:25:22,91282CLD1,TSRYS5850288,D,S,D,2024-08-08,1000000.00,3.814243,101.88671875
08:25:26,91282CLD1,TSRYS5850288,D,S,T,2024-08-08,1000000.00,3.813607,101.890625
08:25:26,91282CLD1,TSRYS5850288,D,S,D,2024-08-08,1100000.00,3.814243,101.88671875
08:25:28,91282CLD1,TSRYS5850288,D,S,T,2024-08-08,1000000.00,3.814243,101.88671875
08:25:28,91282CLD1,TSRYS5850288,D,S,C,2024-08-08,1000000.00,3.814561,101.884765625
08:25:28,91282CLD1,TSRYS5850288,D,S,C,2024-08-08,3000000.00,3.814545,101.884865625
08:25:31,91282CLD1,TSRYS5850288,D,S,C,2024-08-08,35000000.00,3.814999,101.8828125
08:25:33,91282CLD1,TSRYS5850288,D,S,C,2024-08-08,1000000.00,3.812335,101.8984375
08:25:33,91282CLD1,TSRYS5850288,D,S,C,2024-08-08,1000000.00,3.812335,101.8984375
08:25:36,91282CLD1,TSRYS5850288,D,S,T,2024-08-08,1000000.00,3.815197,101.880859375
08:25:36,91282CLD1,TSRYS5850288,D,S,D,2024-08-08,1000000.00,3.815197,101.880859375
08:25:41,91282CLD1,TSRYS5850288,D,B,C,2024-08-08,1000000.00,3.814904,101.8826625
08:25:41,91282CLD1,TSRYS5850288,D,S,D,2024-08-08,1000000.00,3.814879,101.8828125
08:25:42,91282CLD1,TSRYS5850288,D,B,C,2024-08-08,1000000.00,3.813632,101.890475
08:25:42,91282CLD1,TSRYS5850288,D,S,D,2024-08-08,1000000.00,3.813607,101.890625
08:25:42,91282CLD1,TSRYS5850288,D,B,C,2024-08-08,1000000.00,3.812653,101.896484375
08:25:42,91282CLD1,TSRYS5850288,D,S,D,2024-08-08,1000000.00,3.812653,101.896484375
08:25:43,91282CLD1,TSRYS5850288,D,S,T,2024-08-08,1000000.00,3.814916,101.8825855
08:25:45,91282CLD1,TSRYS5850288,D,S,T,2024-08-08,1000000.00,3.814879,101.8828125
08:25:45,91282CLD1,TSRYS5850288,D,S,T,2024-08-08,1000000.00,3.814879,101.8828125
08:25:45,91282CLD1,TSRYS5850288,D,S,D,2024-08-08,1000000.00,3.814879,101.8828125
08:25:45,91282CLD1,TSRYS5850288,D,S,D,2024-08-08,1000000.00,3.812335,101.8984375
08:25:45,91282CLD1,TSRYS5850288,D,S,D,2024-08-08,1000000.00,3.812335,101.8984375
08:25:45,91282CLD1,TSRYS5850288,D,S,D,2024-08-08,1000000.00,3.814879,101.8828125
08:25:45,91282CLD1,TSRYS5850288,D,B,C,2024-08-08,2000000.00,3.812335,101.8984375
08:25:45,91282CLD1,TSRYS5850288,D,S,D,2024-08-08,2000000.00,3.812335,101.8984375
08:25:45,91282CLD1,TSRYS5850288,D,S,C,2024-08-08,1000000.00,3.814855,101.8829625
08:25:45,91282CLD1,TSRYS5850288,D,S,D,2024-08-08,1000000.00,3.814879,101.8828125
08:25:45,91282CLD1,TSRYS5850288,D,S,D,2024-08-08,1000000.00,3.812335,101.8984375
08:25:45,91282CLD1,TSRYS5850288,D,B,C,2024-08-08,1000000.00,3.814879,101.8828125
08:25:45,91282CLD1,TSRYS5850288,D,S,D,2024-08-08,1000000.00,3.814879,101.8828125
08:25:48,91282CLD1,TSRYS5850288,D,S,D,2024-08-08,1000000.00,3.814561,101.884765625
08:25:48,91282CLD1,TSRYS5850288,D,S,D,2024-08-08,1000000.00,3.814879,101.8828125
08:25:51,91282CLD1,TSRYS5850288,D,S,T,2024-08-08,1000000.00,3.814561,101.884765625
08:25:51,91282CLD1,TSRYS5850288,D,S,T,2024-08-08,1000000.00,3.814879,101.8828125
08:25:51,91282CLD1,TSRYS5850288,D,S,D,2024-08-08,2000000.00,3.813607,101.890625
08:25:51,91282CLD1,TSRYS5850288,D,B,C,2024-08-08,2000000.00,3.813607,101.890625
08:25:51,91282CLD1,TSRYS5850288,D,S,T,2024-08-08,2000000.00,3.813607,101.890625
08:25:51,91282CLD1,TSRYS5850288,D,S,T,2024-08-08,1000000.00,3.814879,101.8828125
08:25:51,91282CLD1,TSRYS5850288,D,S,D,2024-08-08,2000000.00,3.813607,101.890625
08:25:53,91282CLD1,TSRYS5850288,D,S,T,2024-08-08,2000000.00,3.814879,101.8828125
08:25:54,91282CLD1,TSRYS5850288,D,S,D,2024-08-08,1000000.00,3.812335,101.8984375
08:26:00,91282CLD1,TSRYS5850288,D,S,D,2024-08-08,1000000.00,3.813607,101.890625
08:26:00,91282CLD1,TSRYS5850288,D,S,D,2024-08-08,1000000.00,3.813607,101.890625
08:26:00,91282CLD1,TSRYS5850288,D,B,C,2024-08-08,1000000.00,3.814879,101.8828125
08:26:00,91282CLD1,TSRYS5850288,D,S,D,2024-08-08,1000000.00,3.814879,101.8828125
08:26:00,91282CLD1,TSRYS5850288,D,S,C,2024-08-08,1000000.00,3.814879,101.8828125
08:26:00,91282CLD1,TSRYS5850288,D,S,D,2024-08-08,1000000.00,3.814879,101.8828125
08:26:00,91282CLD1,TSRYS5850288,D,S,D,2024-08-08,1000000.00,3.813607,101.890625
08:26:00,91282CLD1,TSRYS5850288,D,S,D,2024-08-08,1000000.00,3.813607,101.890625
08:26:00,91282CLD1,TSRYS5850288,D,B,C,2024-08-08,1000000.00,3.812335,101.8984375
08:26:00,91282CLD1,TSRYS5850288,D,S,D,2024-08-08,1000000.00,3.812335,101.8984375
08:26:00,91282CLD1,TSRYS5850288,D,S,D,2024-08-08,1000000.00,3.812335,101.8984375
08:26:01,91282CLD1,TSRYS5850288,D,S,C,2024-08-08,2000000.00,3.812335,101.8984375
08:26:01,91282CLD1,TSRYS5850288,D,S,D,2024-08-08,2000000.00,3.812335,101.8984375
08:26:01,91282CLD1,TSRYS5850288,D,S,D,2024-08-08,1000000.00,3.812335,101.8984375
08:26:01,91282CLD1,TSRYS5850288,D,S,D,2024-08-08,1000000.00,3.812335,101.8984375
08:26:01,91282CLD1,TSRYS5850288,D,S,D,2024-08-08,1000000.00,3.812335,101.8984375
08:26:01,91282CLD1,TSRYS5850288,D,S,T,2024-08-08,1000000.00,3.814879,101.8828125
08:26:01,91282CLD1,TSRYS5850288,D,S,T,2024-08-08,1000000.00,3.814879,101.8828125
08:26:01,91282CLD1,TSRYS5850288,D,S,D,2024-08-08,1000000.00,3.813607,101.890625
08:26:01,91282CLD1,TSRYS5850288,D,S,D,2024-08-08,1000000.00,3.814879,101.8828125
08:26:01,91282CLD1,TSRYS5850288,D,S,D,2024-08-08,2000000.00,3.813607,101.890625
08:26:01,91282CLD1,TSRYS5850288,D,S,C,2024-08-08,1000000.00,3.813583,101.890775
08:26:01,91282CLD1,TSRYS5850288,D,S,C,2024-08-08,1000000.00,3.813607,101.890625
08:26:01,91282CLD1,TSRYS5850288,D,S,D,2024-08-08,1000000.00,3.813607,101.890625
08:26:01,91282CLD1,TSRYS5850288,D,S,T,2024-08-08,1000000.00,3.814879,101.8828125
08:26:05,91282CLD1,TSRYS5850288,D,S,D,2024-08-08,1000000.00,3.817424,101.8671875
08:26:05,91282CLD1,TSRYS5850288,D,S,D,2024-08-08,1000000.00,3.817424,101.8671875
08:26:05,91282CLD1,TSRYS5850288,D,S,D,2024-08-08,1000000.00,3.817424,101.8671875
08:26:07,91282CLD1,TSRYS5850288,D,S,T,2024-08-08,1000000.00,3.814879,101.8828125
08:26:07,91282CLD1,TSRYS5850288,D,S,T,2024-08-08,1000000.00,3.814879,101.8828125
08:26:07,91282CLD1,TSRYS5850288,D,S,D,2024-08-08,1000000.00,3.817424,101.8671875
08:26:08,91282CLD1,TSRYS5850288,D,S,D,2024-08-08,1000000.00,3.817424,101.8671875
08:26:15,91282CLD1,TSRYS5850288,D,S,T,2024-08-08,1000000.00,3.816152,101.875
08:26:16,91282CLD1,TSRYS5850288,D,S,D,2024-08-08,1000000.00,3.814879,101.8828125
08:26:16,91282CLD1,TSRYS5850288,D,S,C,2024-08-08,1000000.00,3.81483,101.8831125
08:26:16,91282CLD1,TSRYS5850288,D,S,C,2024-08-08,1000000.00,3.813583,101.890775
08:26:16,91282CLD1,TSRYS5850288,D,S,C,2024-08-08,1000000.00,3.814855,101.8829625
08:26:16,91282CLD1,TSRYS5850288,D,S,C,2024-08-08,1000000.00,3.813583,101.890775
08:26:16,91282CLD1,TSRYS5850288,D,B,C,2024-08-08,1000000.00,3.814879,101.8828125
08:26:16,91282CLD1,TSRYS5850288,D,S,D,2024-08-08,1000000.00,3.814879,101.8828125
08:26:16,91282CLD1,TSRYS5850288,D,S,T,2024-08-08,1000000.00,3.81236,101.8982855
08:26:17,91282CLD1,TSRYS5850288,D,B,C,2024-08-08,1000000.00,3.816176,101.87485
08:26:17,91282CLD1,TSRYS5850288,D,S,D,2024-08-08,1000000.00,3.816152,101.875
08:26:30,91282CLD1,TSRYS5850288,D,S,C,2024-08-08,1000000.00,3.816152,101.875
08:26:30,91282CLD1,TSRYS5850288,D,S,D,2024-08-08,1000000.00,3.816152,101.875
08:26:31,91282CLD1,TSRYS5850288,D,S,C,2024-08-08,1000000.00,3.816127,101.87515
08:26:31,91282CLD1,TSRYS5850288,D,B,C,2024-08-08,1000000.00,3.816152,101.875
08:26:31,91282CLD1,TSRYS5850288,D,S,D,2024-08-08,1000000.00,3.816152,101.875
08:26:31,91282CLD1,TSRYS5850288,D,S,D,2024-08-08,1000000.00,3.816152,101.875
08:26:31,91282CLD1,TSRYS5850288,D,B,C,2024-08-08,1000000.00,3.816152,101.875
08:26:31,91282CLD1,TSRYS5850288,D,B,C,2024-08-08,3000000.00,3.816152,101.875
08:26:31,91282CLD1,TSRYS5850288,D,S,D,2024-08-08,3000000.00,3.816152,101.875
08:26:31,91282CLD1,TSRYS5850288,D,S,D,2024-08-08,1000000.00,3.816152,101.875
08:26:31,91282CLD1,TSRYS5850288,D,B,C,2024-08-08,1000000.00,3.816152,101.875
08:26:31,91282CLD1,TSRYS5850288,D,B,C,2024-08-08,1000000.00,3.816152,101.875
08:26:31,91282CLD1,TSRYS5850288,D,S,C,2024-08-08,1000000.00,3.816127,101.87515
08:26:31,91282CLD1,TSRYS5850288,D,S,D,2024-08-08,1000000.00,3.814879,101.8828125
08:26:31,91282CLD1,TSRYS5850288,D,S,D,2024-08-08,1000000.00,3.814879,101.8828125
08:26:31,91282CLD1,TSRYS5850288,D,B,C,2024-08-08,1000000.00,3.814912,101.8826125
08:26:31,91282CLD1,TSRYS5850288,D,S,D,2024-08-08,1000000.00,3.814879,101.8828125
08:26:31,91282CLD1,TSRYS5850288,D,S,D,2024-08-08,1000000.00,3.814879,101.8828125
08:26:31,91282CLD1,TSRYS5850288,D,S,D,2024-08-08,2000000.00,3.814879,101.8828125
08:26:31,91282CLD1,TSRYS5850288,D,S,D,2024-08-08,2000000.00,3.813607,101.890625
08:26:32,91282CLD1,TSRYS5850288,D,S,D,2024-08-08,1000000.00,3.814879,101.8828125
08:26:33,91282CLD1,TSRYS5850288,D,S,T,2024-08-08,1000000.00,3.816152,101.875
08:26:34,91282CLD1,TSRYS5850288,D,S,C,2024-08-08,600000.00,3.814879,101.8828125
08:26:39,91282CLD1,TSRYS5850288,D,S,T,2024-08-08,1000000.00,3.81647,101.873046875
08:26:39,91282CLD1,TSRYS5850288,D,S,T,2024-08-08,1000000.00,3.816152,101.875
08:26:39,91282CLD1,TSRYS5850288,D,S,T,2024-08-08,1000000.00,3.816152,101.875
08:26:39,91282CLD1,TSRYS5850288,D,S,D,2024-08-08,1000000.00,3.81647,101.873046875
08:26:39,91282CLD1,TSRYS5850288,D,S,D,2024-08-08,1000000.00,3.816152,101.875
08:26:39,91282CLD1,TSRYS5850288,D,B,C,2024-08-08,1000000.00,3.816152,101.875
08:26:39,91282CLD1,TSRYS5850288,D,S,D,2024-08-08,1000000.00,3.816152,101.875
08:26:39,91282CLD1,TSRYS5850288,D,S,D,2024-08-08,1000000.00,3.816152,101.875
08:26:48,91282CLD1,TSRYS5850288,D,S,C,2024-08-08,4100000.00,3.816152,101.875
08:26:49,91282CLD1,TSRYS5850288,D,S,D,2024-08-08,2000000.00,3.816152,101.875
08:26:49,91282CLD1,TSRYS5850288,D,B,C,2024-08-08,2000000.00,3.816152,101.875
08:26:49,91282CLD1,TSRYS5850288,D,B,C,2024-08-08,1000000.00,3.814879,101.8828125
08:26:49,91282CLD1,TSRYS5850288,D,S,D,2024-08-08,1000000.00,3.814879,101.8828125
08:26:49,91282CLD1,TSRYS5850288,D,S,D,2024-08-08,1000000.00,3.814879,101.8828125
08:26:49,91282CLD1,TSRYS5850288,D,S,D,2024-08-08,1000000.00,3.814879,101.8828125
08:26:49,91282CLD1,TSRYS5850288,D,B,C,2024-08-08,1000000.00,3.814904,101.8826625
08:26:49,91282CLD1,TSRYS5850288,D,B,C,2024-08-08,1000000.00,3.814879,101.8828125
08:26:49,91282CLD1,TSRYS5850288,D,B,C,2024-08-08,1000000.00,3.814879,101.8828125
08:26:49,91282CLD1,TSRYS5850288,D,S,D,2024-08-08,1000000.00,3.814879,101.8828125
08:26:49,91282CLD1,TSRYS5850288,D,S,D,2024-08-08,1000000.00,3.814879,101.8828125
08:26:49,91282CLD1,TSRYS5850288,D,S,D,2024-08-08,1000000.00,3.814879,101.8828125
08:26:49,91282CLD1,TSRYS5850288,D,S,D,2024-08-08,1000000.00,3.814879,101.8828125
08:26:49,91282CLD1,TSRYS5850288,D,S,D,2024-08-08,1000000.00,3.814879,101.8828125
08:26:51,91282CLD1,TSRYS5850288,D,S,T,2024-08-08,1000000.00,3.815532,101.87880625
08:26:51,91282CLD1,TSRYS5850288,D,S,T,2024-08-08,1000000.00,3.815532,101.87880625
08:26:51,91282CLD1,TSRYS5850288,D,S,T,2024-08-08,1000000.00,3.815532,101.87880625
08:26:51,91282CLD1,TSRYS5850288,D,S,D,2024-08-08,1000000.00,3.815515,101.87890625
08:26:52,91282CLD1,TSRYS5850288,D,S,D,2024-08-08,1000000.00,3.815515,101.87890625
08:26:52,91282CLD1,TSRYS5850288,D,S,D,2024-08-08,1000000.00,3.815515,101.87890625
08:26:54,91282CLD1,TSRYS5850288,D,S,T,2024-08-08,1000000.00,3.815532,101.87880625
08:26:55,91282CLD1,TSRYS5850288,D,S,T,2024-08-08,1000000.00,3.815532,101.87880625
08:26:55,91282CLD1,TSRYS5850288,D,S,D,2024-08-08,1000000.00,3.815515,101.87890625
08:26:55,91282CLD1,TSRYS5850288,D,S,D,2024-08-08,1000000.00,3.815515,101.87890625
08:26:55,91282CLD1,TSRYS5850288,D,S,T,2024-08-08,1000000.00,3.814928,101.8825125
08:26:57,91282CLD1,TSRYS5850288,D,S,T,2024-08-08,1000000.00,3.814916,101.8825855
08:26:59,91282CLD1,TSRYS5850288,D,S,D,2024-08-08,20000000.00,3.813478,101.89142
08:27:00,91282CLD1,TSRYS5850288,D,S,T,2024-08-08,1000000.00,3.813607,101.890625
08:27:02,91282CLD1,TSRYS5850288,D,S,C,2024-08-08,1000000.00,3.816127,101.87515
08:27:05,91282CLD1,TSRYS5850288,D,S,T,2024-08-08,1000000.00,3.814879,101.8828125
08:27:05,91282CLD1,TSRYS5850288,D,S,T,2024-08-08,1000000.00,3.814879,101.8828125
08:27:05,91282CLD1,TSRYS5850288,D,S,T,2024-08-08,1000000.00,3.814879,101.8828125
08:27:14,91282CLD1,TSRYS5850288,D,S,C,2024-08-08,1000000.00,3.81647,101.873046875
08:27:14,91282CLD1,TSRYS5850288,D,S,C,2024-08-08,1000000.00,3.81647,101.873046875
08:27:14,91282CLD1,TSRYS5850288,D,S,C,2024-08-08,1000000.00,3.816788,101.87109375
08:27:14,91282CLD1,TSRYS5850288,D,S,C,2024-08-08,1000000.00,3.81647,101.873046875
08:27:14,91282CLD1,TSRYS5850288,D,S,C,2024-08-08,1000000.00,3.81647,101.873046875
08:27:14,91282CLD1,TSRYS5850288,D,S,D,2024-08-08,1000000.00,3.81647,101.873046875
08:27:15,91282CLD1,TSRYS5850288,D,B,C,2024-08-08,1000000.00,3.816788,101.87109375
08:27:15,91282CLD1,TSRYS5850288,D,S,D,2024-08-08,1000000.00,3.81647,101.873046875
08:27:16,91282CLD1,TSRYS5850288,D,B,C,2024-08-08,1000000.00,3.81647,101.873046875
08:27:17,91282CLD1,TSRYS5850288,D,B,A,2024-08-08,5000000.00,3.815515,101.87890625
08:27:17,91282CLD1,TSRYS5850288,D,B,C,2024-08-08,1000000.00,3.816184,101.8748
08:27:17,91282CLD1,TSRYS5850288,D,S,D,2024-08-08,1000000.00,3.816152,101.875
08:27:17,91282CLD1,TSRYS5850288,D,S,D,2024-08-08,1000000.00,3.816152,101.875
08:27:17,91282CLD1,TSRYS5850288,D,S,D,2024-08-08,1000000.00,3.816152,101.875
08:27:18,91282CLD1,TSRYS5850288,D,S,D,2024-08-08,1000000.00,3.816788,101.87109375
08:27:26,91282CLD1,TSRYS5850288,D,S,C,2024-08-08,25000000.00,3.809725,101.91447
08:27:27,91282CLD1,TSRYS5850288,D,S,T,2024-08-08,1000000.00,3.817424,101.8671875
08:27:29,91282CLD1,TSRYS5850288,D,S,T,2024-08-08,1000000.00,3.817424,101.8671875
08:27:30,91282CLD1,TSRYS5850288,D,S,D,2024-08-08,50000000.00,3.814624,101.88438
08:27:32,91282CLD1,TSRYS5850288,D,S,D,2024-08-08,1000000.00,3.816152,101.875
08:27:44,91282CLD1,TSRYS5850288,D,S,T,2024-08-08,2000000.00,3.818697,101.859375
08:27:46,91282CLD1,TSRYS5850288,D,S,T,2024-08-08,1000000.00,3.818745,101.859075
08:27:47,91282CLD1,TSRYS5850288,D,S,D,2024-08-08,1000000.00,3.816152,101.875
08:27:47,91282CLD1,TSRYS5850288,D,S,D,2024-08-08,1000000.00,3.814879,101.8828125
08:27:47,91282CLD1,TSRYS5850288,D,B,C,2024-08-08,1000000.00,3.814904,101.8826625
08:27:47,91282CLD1,TSRYS5850288,D,S,D,2024-08-08,1000000.00,3.814879,101.8828125
08:27:47,91282CLD1,TSRYS5850288,D,S,D,2024-08-08,1000000.00,3.814879,101.8828125
08:27:47,91282CLD1,TSRYS5850288,D,S,D,2024-08-08,1000000.00,3.814879,101.8828125
08:27:47,91282CLD1,TSRYS5850288,D,B,C,2024-08-08,1000000.00,3.814904,101.8826625
08:27:47,91282CLD1,TSRYS5850288,D,S,D,2024-08-08,1000000.00,3.813607,101.890625
08:27:48,91282CLD1,TSRYS5850288,D,S,D,2024-08-08,1000000.00,3.814879,101.8828125
08:27:48,91282CLD1,TSRYS5850288,D,S,D,2024-08-08,1000000.00,3.814879,101.8828125
08:27:48,91282CLD1,TSRYS5850288,D,S,D,2024-08-08,1000000.00,3.814879,101.8828125
08:27:49,91282CLD1,TSRYS5850288,D,S,T,2024-08-08,2000000.00,3.818718,101.859245
08:27:49,91282CLD1,TSRYS5850288,D,S,D,2024-08-08,2000000.00,3.818697,101.859375
08:27:55,91282CLD1,TSRYS5850288,D,S,T,2024-08-08,1000000.00,3.820924,101.845703125
08:27:55,91282CLD1,TSRYS5850288,D,S,D,2024-08-08,1000000.00,3.820924,101.845703125
08:27:56,91282CLD1,TSRYS5850288,D,S,C,2024-08-08,1000000.00,3.820908,101.845803125
08:27:56,91282CLD1,TSRYS5850288,D,B,C,2024-08-08,1000000.00,3.820924,101.845703125
08:28:03,91282CLD1,TSRYS5850288,D,S,D,2024-08-08,1000000.00,3.817424,101.8671875
08:28:05,91282CLD1,TSRYS5850288,D,S,D,2024-08-08,2000000.00,3.812335,101.8984375
08:28:05,91282CLD1,TSRYS5850288,D,S,D,2024-08-08,3000000.00,3.814243,101.88671875
08:28:08,91282CLD1,TSRYS5850288,D,S,D,2024-08-08,1000000.00,3.821242,101.84375
08:28:08,91282CLD1,TSRYS5850288,D,S,T,2024-08-08,1000000.00,3.819986,101.8514625
08:28:08,91282CLD1,TSRYS5850288,D,S,T,2024-08-08,1000000.00,3.819986,101.8514625
08:28:08,91282CLD1,TSRYS5850288,D,S,T,2024-08-08,1000000.00,3.819986,101.8514625
08:28:08,91282CLD1,TSRYS5850288,D,S,T,2024-08-08,1000000.00,3.820018,101.8512625
08:28:08,91282CLD1,TSRYS5850288,D,S,D,2024-08-08,1000000.00,3.821242,101.84375
08:28:09,91282CLD1,TSRYS5850288,D,S,T,2024-08-08,2000000.00,3.819969,101.8515625
08:28:10,91282CLD1,TSRYS5850288,D,S,C,2024-08-08,1000000.00,3.819969,101.8515625
08:28:10,91282CLD1,TSRYS5850288,D,S,C,2024-08-08,1000000.00,3.819969,101.8515625
08:28:10,91282CLD1,TSRYS5850288,D,S,C,2024-08-08,1000000.00,3.819969,101.8515625
08:28:14,91282CLD1,TSRYS5850288,D,S,T,2024-08-08,1000000.00,3.818745,101.859075
08:28:16,91282CLD1,TSRYS5850288,D,S,T,2024-08-08,1000000.00,3.817473,101.8668875
08:28:16,91282CLD1,TSRYS5850288,D,S,T,2024-08-08,1000000.00,3.817424,101.8671875
08:28:25,91282CLD1,TSRYS5850288,D,S,T,2024-08-08,1000000.00,3.818718,101.859245
08:28:25,91282CLD1,TSRYS5850288,D,S,T,2024-08-08,1000000.00,3.818718,101.859245
08:28:25,91282CLD1,TSRYS5850288,D,S,T,2024-08-08,1000000.00,3.818718,101.859245
08:28:32,91282CLD1,TSRYS5850288,D,B,C,2024-08-08,1000000.00,3.818697,101.859375
08:28:32,91282CLD1,TSRYS5850288,D,S,D,2024-08-08,1000000.00,3.818697,101.859375
08:28:33,91282CLD1,TSRYS5850288,D,S,D,2024-08-08,2000000.00,3.818697,101.859375
08:28:33,91282CLD1,TSRYS5850288,D,S,D,2024-08-08,1000000.00,3.818697,101.859375
08:28:33,91282CLD1,TSRYS5850288,D,S,D,2024-08-08,5427000.00,3.816607,101.87220634467
08:28:33,91282CLD1,TSRYS5850288,D,S,D,2024-08-08,2000000.00,3.818697,101.859375
08:28:33,91282CLD1,TSRYS5850288,D,B,C,2024-08-08,2000000.00,3.818725,101.8592
08:28:33,91282CLD1,TSRYS5850288,D,S,D,2024-08-08,2000000.00,3.819969,101.8515625
08:28:33,91282CLD1,TSRYS5850288,D,S,D,2024-08-08,1000000.00,3.819969,101.8515625
08:28:48,91282CLD1,TSRYS5850288,D,S,D,2024-08-08,1000000.00,3.818697,101.859375
08:28:48,91282CLD1,TSRYS5850288,D,S,D,2024-08-08,1000000.00,3.817424,101.8671875
08:28:48,91282CLD1,TSRYS5850288,D,S,D,2024-08-08,1000000.00,3.817424,101.8671875
08:28:51,91282CLD1,TSRYS5850288,D,S,D,2024-08-08,1000000.00,3.817424,101.8671875
08:28:53,91282CLD1,TSRYS5850288,D,S,T,2024-08-08,1000000.00,3.817424,101.8671875
08:28:53,91282CLD1,TSRYS5850288,D,B,C,2024-08-08,1000000.00,3.817448,101.8670375
08:28:53,91282CLD1,TSRYS5850288,D,S,D,2024-08-08,1000000.00,3.817424,101.8671875
08:29:02,91282CLD1,TSRYS5850288,D,S,D,2024-08-08,1000000.00,3.818697,101.859375
08:29:02,91282CLD1,TSRYS5850288,D,S,D,2024-08-08,1000000.00,3.818697,101.859375
08:29:02,91282CLD1,TSRYS5850288,D,S,D,2024-08-08,1000000.00,3.818697,101.859375
08:29:12,91282CLD1,TSRYS5850288,D,B,C,2024-08-08,1000000.00,3.816176,101.87485
08:29:12,91282CLD1,TSRYS5850288,D,S,D,2024-08-08,1000000.00,3.816131,101.875125
08:29:15,91282CLD1,TSRYS5850288,D,S,T,2024-08-08,1000000.00,3.817122,101.869040625
08:29:16,91282CLD1,TSRYS5850288,D,S,T,2024-08-08,1000000.00,3.817473,101.8668875
08:29:16,91282CLD1,TSRYS5850288,D,S,T,2024-08-08,1000000.00,3.817424,101.8671875
08:29:16,91282CLD1,TSRYS5850288,D,S,C,2024-08-08,1000000.00,3.817073,101.869340625
08:29:16,91282CLD1,TSRYS5850288,D,S,D,2024-08-08,1000000.00,3.81806,101.86328125
08:29:16,91282CLD1,TSRYS5850288,D,S,C,2024-08-08,1000000.00,3.818378,101.861328125
08:29:16,91282CLD1,TSRYS5850288,D,S,D,2024-08-08,1000000.00,3.818378,101.861328125
08:29:16,91282CLD1,TSRYS5850288,D,S,C,2024-08-08,1000000.00,3.818378,101.861328125
08:29:17,91282CLD1,TSRYS5850288,D,S,D,2024-08-08,1000000.00,3.818697,101.859375
08:29:17,91282CLD1,TSRYS5850288,D,S,D,2024-08-08,1000000.00,3.817424,101.8671875
08:29:17,91282CLD1,TSRYS5850288,D,S,T,2024-08-08,1000000.00,3.818077,101.86318125
08:29:17,91282CLD1,TSRYS5850288,D,S,T,2024-08-08,3000000.00,3.818395,101.861228125
08:29:18,91282CLD1,TSRYS5850288,D,S,T,2024-08-08,1000000.00,3.818713,101.859275
08:29:18,91282CLD1,TSRYS5850288,D,B,C,2024-08-08,1000000.00,3.816152,101.875
08:29:18,91282CLD1,TSRYS5850288,D,S,D,2024-08-08,1000000.00,3.816152,101.875
08:29:18,91282CLD1,TSRYS5850288,D,S,T,2024-08-08,1000000.00,3.818734,101.859148
08:29:18,91282CLD1,TSRYS5850288,D,S,T,2024-08-08,1000000.00,3.818734,101.859148
08:29:19,91282CLD1,TSRYS5850288,D,S,T,2024-08-08,1000000.00,3.818734,101.859148
08:29:19,91282CLD1,TSRYS5850288,D,S,T,2024-08-08,4000000.00,3.818734,101.859148
08:29:19,91282CLD1,TSRYS5850288,D,S,T,2024-08-08,2000000.00,3.818378,101.861328125
08:29:20,91282CLD1,TSRYS5850288,D,S,D,2024-08-08,1000000.00,3.818378,101.861328125
08:29:20,91282CLD1,TSRYS5850288,D,S,D,2024-08-08,1000000.00,3.818697,101.859375
08:29:20,91282CLD1,TSRYS5850288,D,S,T,2024-08-08,2000000.00,3.81806,101.86328125
08:29:20,91282CLD1,TSRYS5850288,D,S,T,2024-08-08,1000000.00,3.817742,101.865234375
08:29:20,91282CLD1,TSRYS5850288,D,S,D,2024-08-08,2000000.00,3.81806,101.86328125
08:29:20,91282CLD1,TSRYS5850288,D,S,D,2024-08-08,2000000.00,3.818378,101.861328125
08:29:20,91282CLD1,TSRYS5850288,D,S,C,2024-08-08,1000000.00,3.817742,101.865234375
08:29:20,91282CLD1,TSRYS5850288,D,S,C,2024-08-08,1000000.00,3.817742,101.865234375
08:29:20,91282CLD1,TSRYS5850288,D,S,D,2024-08-08,1000000.00,3.81806,101.86328125
08:29:20,91282CLD1,TSRYS5850288,D,S,D,2024-08-08,1000000.00,3.818697,101.859375
08:29:20,91282CLD1,TSRYS5850288,D,S,T,2024-08-08,1000000.00,3.817775,101.865034375
08:29:21,91282CLD1,TSRYS5850288,D,S,T,2024-08-08,1000000.00,3.81806,101.86328125
08:29:21,91282CLD1,TSRYS5850288,D,S,T,2024-08-08,1000000.00,3.818697,101.859375
08:29:21,91282CLD1,TSRYS5850288,D,S,T,2024-08-08,3000000.00,3.818734,101.859148
08:29:23,91282CLD1,TSRYS5850288,D,S,T,2024-08-08,1000000.00,3.818697,101.859375
08:29:24,91282CLD1,TSRYS5850288,D,S,D,2024-08-08,1000000.00,3.817424,101.8671875
08:29:27,91282CLD1,TSRYS5850288,D,S,T,2024-08-08,1000000.00,3.818378,101.861328125
08:29:27,91282CLD1,TSRYS5850288,D,S,T,2024-08-08,1000000.00,3.818697,101.859375
08:29:27,91282CLD1,TSRYS5850288,D,S,T,2024-08-08,2000000.00,3.818697,101.859375
08:29:28,91282CLD1,TSRYS5850288,D,S,D,2024-08-08,1000000.00,3.818697,101.859375
08:29:30,91282CLD1,TSRYS5850288,D,S,D,2024-08-08,1000000.00,3.817424,101.8671875
08:29:33,91282CLD1,TSRYS5850288,D,S,T,2024-08-08,1000000.00,3.817424,101.8671875
08:29:37,91282CLD1,TSRYS5850288,D,S,D,2024-08-08,1000000.00,3.817424,101.8671875
08:29:41,91282CLD1,TSRYS5850288,D,S,T,2024-08-08,1000000.00,3.818697,101.859375
08:29:46,91282CLD1,TSRYS5850288,D,S,D,2024-08-08,1000000.00,3.818697,101.859375
08:29:51,91282CLD1,TSRYS5850288,D,S,T,2024-08-08,1000000.00,3.817473,101.8668875
08:29:54,91282CLD1,TSRYS5850288,D,S,T,2024-08-08,1000000.00,3.817473,101.8668875
08:29:56,91282CLD1,TSRYS5850288,D,S,T,2024-08-08,2000000.00,3.822515,101.8359375
08:30:01,91282CLD1,TSRYS5850288,D,S,C,2024-08-08,5000000.00,3.837798,101.7421875
08:30:01,91282CLD1,TSRYS5850288,D,S,D,2024-08-08,5000000.00,3.837798,101.7421875
08:30:01,91282CLD1,TSRYS5850288,D,S,D,2024-08-08,1930000.00,3.813728,101.890625
08:30:02,91282CLD1,TSRYS5850288,D,S,D,2024-08-08,5000000.00,3.837798,101.7421875
08:30:02,91282CLD1,TSRYS5850288,D,S,T,2024-08-08,1000000.00,3.848045,101.6793875
08:30:03,91282CLD1,TSRYS5850288,D,S,D,2024-08-08,1000000.00,3.817424,101.8671875
08:30:03,91282CLD1,TSRYS5850288,D,S,D,2024-08-08,1000000.00,3.817424,101.8671875
08:30:03,91282CLD1,TSRYS5850288,D,B,C,2024-08-08,1000000.00,3.817448,101.8670375
08:30:03,91282CLD1,TSRYS5850288,D,S,D,2024-08-08,1000000.00,3.817424,101.8671875
08:30:03,91282CLD1,TSRYS5850288,D,S,D,2024-08-08,1000000.00,3.818697,101.859375
08:30:03,91282CLD1,TSRYS5850288,D,S,C,2024-08-08,1000000.00,3.818664,101.859575
08:30:03,91282CLD1,TSRYS5850288,D,S,D,2024-08-08,1000000.00,3.817424,101.8671875
08:30:03,91282CLD1,TSRYS5850288,D,S,C,2024-08-08,1000000.00,3.817424,101.8671875
08:30:03,91282CLD1,TSRYS5850288,D,S,C,2024-08-08,1000000.00,3.817424,101.8671875
08:30:03,91282CLD1,TSRYS5850288,D,S,C,2024-08-08,4000000.00,3.818672,101.859525
08:30:03,91282CLD1,TSRYS5850288,D,S,D,2024-08-08,1000000.00,3.817424,101.8671875
08:30:03,91282CLD1,TSRYS5850288,D,S,D,2024-08-08,1000000.00,3.818697,101.859375
08:30:03,91282CLD1,TSRYS5850288,D,B,C,2024-08-08,1000000.00,3.818721,101.859225
08:30:03,91282CLD1,TSRYS5850288,D,S,D,2024-08-08,1000000.00,3.817424,101.8671875
08:30:04,91282CLD1,TSRYS5850288,D,B,C,2024-08-08,3000000.00,3.848969,101.673728125
08:30:04,91282CLD1,TSRYS5850288,D,S,D,2024-08-08,3000000.00,3.848953,101.673828125
08:30:05,91282CLD1,TSRYS5850288,D,S,T,2024-08-08,1000000.00,3.845446,101.6953125
08:30:06,91282CLD1,TSRYS5850288,D,S,T,2024-08-08,1000000.00,3.846721,101.6875
08:30:07,91282CLD1,TSRYS5850288,D,S,T,2024-08-08,1000000.00,3.85565,101.6328125
08:30:07,91282CLD1,TSRYS5850288,D,S,T,2024-08-08,1000000.00,3.856926,101.625
08:30:07,91282CLD1,TSRYS5850288,D,S,T,2024-08-08,1000000.00,3.856926,101.625
08:30:07,91282CLD1,TSRYS5850288,D,S,T,2024-08-08,1000000.00,3.856926,101.625
08:30:08,91282CLD1,TSRYS5850288,D,S,T,2024-08-08,1000000.00,3.858251,101.6168875
08:30:09,91282CLD1,TSRYS5850288,D,S,T,2024-08-08,1000000.00,3.853098,101.6484375
08:30:09,91282CLD1,TSRYS5850288,D,S,T,2024-08-08,1000000.00,3.853098,101.6484375
08:30:09,91282CLD1,TSRYS5850288,D,S,T,2024-08-08,2000000.00,3.853098,101.6484375
08:30:12,91282CLD1,TSRYS5850288,D,S,T,2024-08-08,1000000.00,3.855699,101.6325125
08:30:12,91282CLD1,TSRYS5850288,D,S,T,2024-08-08,1000000.00,3.857564,101.62109375
08:30:12,91282CLD1,TSRYS5850288,D,S,D,2024-08-08,1000000.00,3.858181,101.6173125
08:30:12,91282CLD1,TSRYS5850288,D,S,T,2024-08-08,1000000.00,3.859478,101.609375
08:30:12,91282CLD1,TSRYS5850288,D,S,D,2024-08-08,1000000.00,3.858181,101.6173125
08:30:12,91282CLD1,TSRYS5850288,D,S,D,2024-08-08,1000000.00,3.857543,101.62121875
08:30:13,91282CLD1,TSRYS5850288,D,S,T,2024-08-08,17000000.00,3.856926,101.625
08:30:13,91282CLD1,TSRYS5850288,D,S,T,2024-08-08,1000000.00,3.858202,101.6171875
08:30:14,91282CLD1,TSRYS5850288,D,S,T,2024-08-08,1000000.00,3.857564,101.62109375
08:30:14,91282CLD1,TSRYS5850288,D,S,T,2024-08-08,1000000.00,3.858202,101.6171875
08:30:15,91282CLD1,TSRYS5850288,D,S,T,2024-08-08,1000000.00,3.858202,101.6171875
08:30:17,91282CLD1,TSRYS5850288,D,S,D,2024-08-08,1000000.00,3.856926,101.625
08:30:17,91282CLD1,TSRYS5850288,D,S,D,2024-08-08,2000000.00,3.856926,101.625
08:30:17,91282CLD1,TSRYS5850288,D,S,D,2024-08-08,1000000.00,3.857564,101.62109375
08:30:17,91282CLD1,TSRYS5850288,D,S,D,2024-08-08,17000000.00,3.856926,101.625
08:30:17,91282CLD1,TSRYS5850288,D,S,T,2024-08-08,2000000.00,3.855331,101.634765625
08:30:18,91282CLD1,TSRYS5850288,D,S,T,2024-08-08,1000000.00,3.856926,101.625
08:30:18,91282CLD1,TSRYS5850288,D,S,T,2024-08-08,1000000.00,3.856926,101.625
08:30:18,91282CLD1,TSRYS5850288,D,S,C,2024-08-08,2000000.00,3.855315,101.634865625
08:30:18,91282CLD1,TSRYS5850288,D,S,C,2024-08-08,3000000.00,3.818672,101.859525
08:30:18,91282CLD1,TSRYS5850288,D,S,D,2024-08-08,1000000.00,3.817424,101.8671875
08:30:18,91282CLD1,TSRYS5850288,D,S,D,2024-08-08,1000000.00,3.817424,101.8671875
08:30:18,91282CLD1,TSRYS5850288,D,B,C,2024-08-08,1000000.00,3.817448,101.8670375
08:30:18,91282CLD1,TSRYS5850288,D,S,D,2024-08-08,1000000.00,3.817387,101.8674145
08:30:18,91282CLD1,TSRYS5850288,D,B,C,2024-08-08,1000000.00,3.817448,101.8670375
08:30:18,91282CLD1,TSRYS5850288,D,B,C,2024-08-08,1000000.00,3.817424,101.8671875
08:30:18,91282CLD1,TSRYS5850288,D,S,D,2024-08-08,1000000.00,3.817424,101.8671875
08:30:18,91282CLD1,TSRYS5850288,D,S,D,2024-08-08,1000000.00,3.818697,101.859375
08:30:18,91282CLD1,TSRYS5850288,D,S,C,2024-08-08,2000000.00,3.818672,101.859525
08:30:18,91282CLD1,TSRYS5850288,D,S,T,2024-08-08,1000000.00,3.853098,101.6484375
08:30:19,91282CLD1,TSRYS5850288,D,S,T,2024-08-08,1000000.00,3.851823,101.65625
08:30:19,91282CLD1,TSRYS5850288,D,S,T,2024-08-08,1000000.00,3.851823,101.65625
08:30:19,91282CLD1,TSRYS5850288,D,S,T,2024-08-08,2000000.00,3.851823,101.65625
08:30:19,91282CLD1,TSRYS5850288,D,B,C,2024-08-08,1000000.00,3.850572,101.6639125
08:30:19,91282CLD1,TSRYS5850288,D,S,C,2024-08-08,1000000.00,3.850547,101.6640625
08:30:20,91282CLD1,TSRYS5850288,D,S,T,2024-08-08,4000000.00,3.850547,101.6640625
08:30:20,91282CLD1,TSRYS5850288,D,S,T,2024-08-08,5000000.00,3.850547,101.6640625
08:30:20,91282CLD1,TSRYS5850288,D,S,T,2024-08-08,1000000.00,3.851823,101.65625
08:30:20,91282CLD1,TSRYS5850288,D,S,T,2024-08-08,1000000.00,3.850547,101.6640625
08:30:21,91282CLD1,TSRYS5850288,D,S,T,2024-08-08,1000000.00,3.851823,101.65625
08:30:21,91282CLD1,TSRYS5850288,D,S,T,2024-08-08,2000000.00,3.850547,101.6640625
08:30:23,91282CLD1,TSRYS5850288,D,S,D,2024-08-08,1000000.00,3.851483,101.658328125
08:30:23,91282CLD1,TSRYS5850288,D,S,D,2024-08-08,1000000.00,3.851164,101.66028125
08:30:23,91282CLD1,TSRYS5850288,D,S,D,2024-08-08,5000000.00,3.850527,101.6641875
08:30:23,91282CLD1,TSRYS5850288,D,S,D,2024-08-08,1000000.00,3.850527,101.6641875
08:30:23,91282CLD1,TSRYS5850288,D,B,C,2024-08-08,1000000.00,3.85058,101.6638625
08:30:25,91282CLD1,TSRYS5850288,D,B,C,2024-08-08,1000000.00,3.851823,101.656075
08:30:25,91282CLD1,TSRYS5850288,D,S,C,2024-08-08,1000000.00,3.851823,101.65625
08:30:25,91282CLD1,TSRYS5850288,D,S,D,2024-08-08,4000000.00,3.850547,101.6640625
08:30:25,91282CLD1,TSRYS5850288,D,S,D,2024-08-08,1000000.00,3.850547,101.6640625
08:30:28,91282CLD1,TSRYS5850288,D,S,T,2024-08-08,1000000.00,3.860803,101.6012625
08:30:28,91282CLD1,TSRYS5850288,D,B,A,2024-08-08,5000000.00,3.833339,101.76953125
08:30:28,91282CLD1,TSRYS5850288,D,S,T,2024-08-08,1000000.00,3.862031,101.59375
08:30:28,91282CLD1,TSRYS5850288,D,S,T,2024-08-08,1000000.00,3.850547,101.6640625
08:30:28,91282CLD1,TSRYS5850288,D,S,T,2024-08-08,1000000.00,3.862031,101.59375
08:30:28,91282CLD1,TSRYS5850288,D,S,T,2024-08-08,1000000.00,3.862031,101.59375
08:30:28,91282CLD1,TSRYS5850288,D,S,T,2024-08-08,1000000.00,3.862031,101.59375
08:30:28,91282CLD1,TSRYS5850288,D,S,T,2024-08-08,1000000.00,3.862031,101.59375
08:30:29,91282CLD1,TSRYS5850288,D,S,D,2024-08-08,1000000.00,3.862031,101.59375
08:30:29,91282CLD1,TSRYS5850288,D,S,T,2024-08-08,1000000.00,3.862031,101.59375
08:30:29,91282CLD1,TSRYS5850288,D,S,T,2024-08-08,1000000.00,3.862031,101.59375
08:30:29,91282CLD1,TSRYS5850288,D,S,D,2024-08-08,1000000.00,3.86235,101.591796875
08:30:29,91282CLD1,TSRYS5850288,D,B,C,2024-08-08,10000000.00,3.854374,101.640625
08:30:29,91282CLD1,TSRYS5850288,D,S,T,2024-08-08,1000000.00,3.85565,101.6328125
08:30:30,91282CLD1,TSRYS5850288,D,S,T,2024-08-08,1000000.00,3.85565,101.6328125
08:30:30,91282CLD1,TSRYS5850288,D,S,D,2024-08-08,1000000.00,3.862031,101.59375
08:30:30,91282CLD1,TSRYS5850288,D,S,T,2024-08-08,1000000.00,3.854374,101.640625
08:30:30,91282CLD1,TSRYS5850288,D,S,D,2024-08-08,1000000.00,3.86235,101.591796875
08:30:30,91282CLD1,TSRYS5850288,D,S,T,2024-08-08,1000000.00,3.85565,101.6328125
08:30:30,91282CLD1,TSRYS5850288,D,S,T,2024-08-08,1000000.00,3.854374,101.640625
08:30:30,91282CLD1,TSRYS5850288,D,S,T,2024-08-08,1000000.00,3.859527,101.609075
08:30:31,91282CLD1,TSRYS5850288,D,S,T,2024-08-08,1000000.00,3.85565,101.6328125
08:30:31,91282CLD1,TSRYS5850288,D,S,T,2024-08-08,1000000.00,3.860754,101.6015625
08:30:31,91282CLD1,TSRYS5850288,D,S,T,2024-08-08,1000000.00,3.856926,101.625
08:30:31,91282CLD1,TSRYS5850288,D,S,T,2024-08-08,1000000.00,3.856926,101.625
08:30:32,91282CLD1,TSRYS5850288,D,S,T,2024-08-08,1000000.00,3.856926,101.625
08:30:33,91282CLD1,TSRYS5850288,D,S,T,2024-08-08,3000000.00,3.86235,101.591796875
08:30:33,91282CLD1,TSRYS5850288,D,S,T,2024-08-08,1000000.00,3.862031,101.59375
08:30:33,91282CLD1,TSRYS5850288,D,S,T,2024-08-08,1000000.00,3.862031,101.59375
08:30:33,91282CLD1,TSRYS5850288,D,S,T,2024-08-08,1000000.00,3.862031,101.59375
08:30:33,91282CLD1,TSRYS5850288,D,S,T,2024-08-08,1000000.00,3.862031,101.59375
08:30:33,91282CLD1,TSRYS5850288,D,S,T,2024-08-08,1000000.00,3.862031,101.59375
08:30:33,91282CLD1,TSRYS5850288,D,S,T,2024-08-08,1000000.00,3.862031,101.59375
08:30:33,91282CLD1,TSRYS5850288,D,S,T,2024-08-08,1000000.00,3.862031,101.59375
08:30:33,91282CLD1,TSRYS5850288,D,S,T,2024-08-08,1000000.00,3.862031,101.59375
08:30:33,91282CLD1,TSRYS5850288,D,S,T,2024-08-08,1000000.00,3.862031,101.59375
08:30:33,91282CLD1,TSRYS5850288,D,S,C,2024-08-08,1000000.00,3.817391,101.8673875
08:30:33,91282CLD1,TSRYS5850288,D,S,C,2024-08-08,2000000.00,3.822486,101.8361125
08:30:33,91282CLD1,TSRYS5850288,D,S,D,2024-08-08,1000000.00,3.817424,101.8671875
08:30:33,91282CLD1,TSRYS5850288,D,B,C,2024-08-08,1000000.00,3.820002,101.8513625
08:30:33,91282CLD1,TSRYS5850288,D,B,C,2024-08-08,1000000.00,3.820002,101.8513625
08:30:33,91282CLD1,TSRYS5850288,D,S,C,2024-08-08,1000000.00,3.81992,101.8518625
08:30:33,91282CLD1,TSRYS5850288,D,S,C,2024-08-08,1000000.00,3.81992,101.8518625
08:30:33,91282CLD1,TSRYS5850288,D,S,C,2024-08-08,1000000.00,3.81992,101.8518625
08:30:33,91282CLD1,TSRYS5850288,D,B,C,2024-08-08,1000000.00,3.820002,101.8513625
08:30:33,91282CLD1,TSRYS5850288,D,S,T,2024-08-08,1000000.00,3.862031,101.59375
08:30:33,91282CLD1,TSRYS5850288,D,S,D,2024-08-08,1000000.00,3.862031,101.59375
08:30:33,91282CLD1,TSRYS5850288,D,S,D,2024-08-08,1000000.00,3.862031,101.59375
08:30:33,91282CLD1,TSRYS5850288,D,S,D,2024-08-08,1000000.00,3.862031,101.59375
08:30:33,91282CLD1,TSRYS5850288,D,S,D,2024-08-08,1000000.00,3.862031,101.59375
08:30:33,91282CLD1,TSRYS5850288,D,S,D,2024-08-08,1000000.00,3.862031,101.59375
08:30:33,91282CLD1,TSRYS5850288,D,S,D,2024-08-08,1000000.00,3.862031,101.59375
08:30:34,91282CLD1,TSRYS5850288,D,S,D,2024-08-08,1000000.00,3.862031,101.59375
08:30:34,91282CLD1,TSRYS5850288,D,S,D,2024-08-08,1000000.00,3.862031,101.59375
08:30:34,91282CLD1,TSRYS5850288,D,S,C,2024-08-08,1000000.00,3.863307,101.5859375
08:30:34,91282CLD1,TSRYS5850288,D,B,C,2024-08-08,1000000.00,3.863307,101.5859375
08:30:34,91282CLD1,TSRYS5850288,D,S,T,2024-08-08,1000000.00,3.862031,101.59375
08:30:34,91282CLD1,TSRYS5850288,D,S,T,2024-08-08,1000000.00,3.862031,101.59375
08:30:35,91282CLD1,TSRYS5850288,D,B,C,2024-08-08,1000000.00,3.860754,101.6013875
08:30:35,91282CLD1,TSRYS5850288,D,S,D,2024-08-08,1000000.00,3.860754,101.6015625
08:30:35,91282CLD1,TSRYS5850288,D,S,T,2024-08-08,1000000.00,3.860116,101.60546875
08:30:36,91282CLD1,TSRYS5850288,D,S,D,2024-08-08,1000000.00,3.862031,101.59375
08:30:37,91282CLD1,TSRYS5850288,D,S,D,2024-08-08,1000000.00,3.862031,101.59375
08:30:38,91282CLD1,TSRYS5850288,D,B,C,2024-08-08,1000000.00,3.860754,101.6013875
08:30:38,91282CLD1,TSRYS5850288,D,S,D,2024-08-08,1000000.00,3.860754,101.6015625
08:30:38,91282CLD1,TSRYS5850288,D,B,C,2024-08-08,1000000.00,3.860754,101.6015625
08:30:38,91282CLD1,TSRYS5850288,D,S,D,2024-08-08,1000000.00,3.860754,101.6015625
08:30:38,91282CLD1,TSRYS5850288,D,S,D,2024-08-08,1000000.00,3.860754,101.6015625
08:30:39,91282CLD1,TSRYS5850288,D,S,T,2024-08-08,1000000.00,3.862031,101.59375
08:30:39,91282CLD1,TSRYS5850288,D,S,T,2024-08-08,1000000.00,3.859478,101.609375
08:30:39,91282CLD1,TSRYS5850288,D,S,T,2024-08-08,1000000.00,3.859478,101.609375
08:30:40,91282CLD1,TSRYS5850288,D,S,T,2024-08-08,1000000.00,3.858202,101.6171875
08:30:48,91282CLD1,TSRYS5850288,D,B,C,2024-08-08,1000000.00,3.820018,101.8512625
08:30:48,91282CLD1,TSRYS5850288,D,S,D,2024-08-08,1000000.00,3.819969,101.8515625
08:30:48,91282CLD1,TSRYS5850288,D,S,C,2024-08-08,1000000.00,3.831396,101.78145
08:30:48,91282CLD1,TSRYS5850288,D,S,C,2024-08-08,1000000.00,3.844139,101.703325
08:30:48,91282CLD1,TSRYS5850288,D,B,C,2024-08-08,1000000.00,3.8442,101.70295
08:30:48,91282CLD1,TSRYS5850288,D,B,C,2024-08-08,1000000.00,3.8442,101.70295
08:30:48,91282CLD1,TSRYS5850288,D,S,C,2024-08-08,1000000.00,3.844139,101.703325
08:30:48,91282CLD1,TSRYS5850288,D,S,C,2024-08-08,1000000.00,3.844139,101.703325
08:30:48,91282CLD1,TSRYS5850288,D,S,C,2024-08-08,1000000.00,3.855625,101.6329625
08:30:48,91282CLD1,TSRYS5850288,D,S,C,2024-08-08,1000000.00,3.856901,101.62515
08:30:48,91282CLD1,TSRYS5850288,D,B,C,2024-08-08,1000000.00,3.85695,101.62485
08:30:48,91282CLD1,TSRYS5850288,D,S,D,2024-08-08,1000000.00,3.856926,101.625
08:30:48,91282CLD1,TSRYS5850288,D,S,D,2024-08-08,1000000.00,3.85565,101.6328125
08:30:48,91282CLD1,TSRYS5850288,D,B,C,2024-08-08,1000000.00,3.85695,101.62485
08:30:48,91282CLD1,TSRYS5850288,D,B,C,2024-08-08,1000000.00,3.855674,101.6326625
08:30:48,91282CLD1,TSRYS5850288,D,S,C,2024-08-08,1000000.00,3.85565,101.6328125
08:30:48,91282CLD1,TSRYS5850288,D,B,C,2024-08-08,1000000.00,3.855674,101.6326625
08:30:49,91282CLD1,TSRYS5850288,D,S,C,2024-08-08,1000000.00,3.85565,101.6328125
08:30:49,91282CLD1,TSRYS5850288,D,B,C,2024-08-08,1000000.00,3.855674,101.6326625
08:30:49,91282CLD1,TSRYS5850288,D,S,C,2024-08-08,1000000.00,3.85565,101.6328125
08:30:49,91282CLD1,TSRYS5850288,D,B,C,2024-08-08,1000000.00,3.855674,101.6326625
08:30:49,91282CLD1,TSRYS5850288,D,S,C,2024-08-08,1000000.00,3.854374,101.640625
08:30:49,91282CLD1,TSRYS5850288,D,B,C,2024-08-08,1000000.00,3.854399,101.640475
08:30:49,91282CLD1,TSRYS5850288,D,S,C,2024-08-08,1000000.00,3.853074,101.6485875
08:30:49,91282CLD1,TSRYS5850288,D,S,D,2024-08-08,2000000.00,3.851823,101.65625
08:30:49,91282CLD1,TSRYS5850288,D,B,C,2024-08-08,4000000.00,3.860771,101.6014625
08:30:50,91282CLD1,TSRYS5850288,D,S,D,2024-08-08,4000000.00,3.860754,101.6015625
08:30:50,91282CLD1,TSRYS5850288,D,S,C,2024-08-08,1000000.00,3.862334,101.591896875
08:30:50,91282CLD1,TSRYS5850288,D,S,C,2024-08-08,2000000.00,3.862334,101.591896875
08:30:50,91282CLD1,TSRYS5850288,D,S,T,2024-08-08,1000000.00,3.859478,101.609375
08:30:50,91282CLD1,TSRYS5850288,D,S,C,2024-08-08,1000000.00,3.862972,101.587990625
08:30:51,91282CLD1,TSRYS5850288,D,B,C,2024-08-08,1000000.00,3.862988,101.587890625
08:30:51,91282CLD1,TSRYS5850288,D,S,D,2024-08-08,1000000.00,3.860754,101.6015625
08:30:51,91282CLD1,TSRYS5850288,D,B,C,2024-08-08,1000000.00,3.860754,101.6013875
08:30:51,91282CLD1,TSRYS5850288,D,S,D,2024-08-08,1000000.00,3.860754,101.6015625
08:30:53,91282CLD1,TSRYS5850288,D,B,C,2024-08-08,1000000.00,3.86109,101.599509375
08:30:54,91282CLD1,TSRYS5850288,D,S,C,2024-08-08,1000000.00,3.861073,101.599609375
08:30:54,91282CLD1,TSRYS5850288,D,S,A,2024-08-08,100000000.00,3.860116,101.60546875
08:30:54,91282CLD1,TSRYS5850288,D,S,C,2024-08-08,1000000.00,3.860116,101.60546875
08:30:55,91282CLD1,TSRYS5850288,D,B,C,2024-08-08,1000000.00,3.858226,101.6170375
08:30:55,91282CLD1,TSRYS5850288,D,S,D,2024-08-08,1000000.00,3.858202,101.6171875
08:30:57,91282CLD1,TSRYS5850288,D,S,C,2024-08-08,1000000.00,3.858202,101.6171875
08:31:00,91282CLD1,TSRYS5850288,D,S,T,2024-08-08,1000000.00,3.781522,102.087890625
08:31:00,91282CLD1,TSRYS5850288,D,S,T,2024-08-08,1000000.00,3.790727,102.03125
08:31:00,91282CLD1,TSRYS5850288,D,S,T,2024-08-08,1000000.00,3.791997,102.0234375
08:31:00,91282CLD1,TSRYS5850288,D,S,T,2024-08-08,1000000.00,3.790727,102.03125
08:31:00,91282CLD1,TSRYS5850288,D,S,T,2024-08-08,1000000.00,3.803434,101.953125
08:31:00,91282CLD1,TSRYS5850288,D,S,T,2024-08-08,1000000.00,3.803434,101.953125
08:31:00,91282CLD1,TSRYS5850288,D,S,T,2024-08-08,1000000.00,3.804705,101.9453125
08:31:00,91282CLD1,TSRYS5850288,D,S,T,2024-08-08,1000000.00,3.804705,101.9453125
08:31:00,91282CLD1,TSRYS5850288,D,S,T,2024-08-08,1000000.00,3.794538,102.0078125
08:31:00,91282CLD1,TSRYS5850288,D,S,T,2024-08-08,1000000.00,3.794538,102.0078125
08:31:00,91282CLD1,TSRYS5850288,D,S,T,2024-08-08,1000000.00,3.790727,102.03125
08:31:00,91282CLD1,TSRYS5850288,D,S,D,2024-08-08,1000000.00,3.792632,102.01953125
08:31:00,91282CLD1,TSRYS5850288,D,S,T,2024-08-08,1000000.00,3.794538,102.0078125
08:31:00,91282CLD1,TSRYS5850288,D,S,T,2024-08-08,1000000.00,3.797079,101.9921875
08:31:00,91282CLD1,TSRYS5850288,D,S,T,2024-08-08,1000000.00,3.795808,102.0
08:31:00,91282CLD1,TSRYS5850288,D,S,T,2024-08-08,1000000.00,3.799303,101.978515625
08:31:00,91282CLD1,TSRYS5850288,D,S,T,2024-08-08,1000000.00,3.798032,101.986328125
08:31:00,91282CLD1,TSRYS5850288,D,S,T,2024-08-08,1000000.00,3.794538,102.0078125
08:31:00,91282CLD1,TSRYS5850288,D,S,T,2024-08-08,1000000.00,3.789457,102.0390625
08:31:00,91282CLD1,TSRYS5850288,D,S,T,2024-08-08,1000000.00,3.794538,102.0078125
08:31:00,91282CLD1,TSRYS5850288,D,S,T,2024-08-08,1000000.00,3.790727,102.03125
08:31:00,91282CLD1,TSRYS5850288,D,S,T,2024-08-08,1000000.00,3.778031,102.109375
08:31:00,91282CLD1,TSRYS5850288,D,S,T,2024-08-08,1000000.00,3.784378,102.0703125
08:31:00,91282CLD1,TSRYS5850288,D,S,T,2024-08-08,1000000.00,3.785647,102.0625
08:31:00,91282CLD1,TSRYS5850288,D,S,T,2024-08-08,1000000.00,3.785647,102.0625
08:31:00,91282CLD1,TSRYS5850288,D,S,D,2024-08-08,2000000.00,3.788187,102.046875
08:31:00,91282CLD1,TSRYS5850288,D,S,D,2024-08-08,1000000.00,3.788187,102.046875
08:31:00,91282CLD1,TSRYS5850288,D,S,T,2024-08-08,1000000.00,3.800891,101.96875
08:31:00,91282CLD1,TSRYS5850288,D,S,T,2024-08-08,1000000.00,3.793902,102.01171875
08:31:00,91282CLD1,TSRYS5850288,D,S,T,2024-08-08,1000000.00,3.79835,101.984375
08:31:00,91282CLD1,TSRYS5850288,D,S,T,2024-08-08,1000000.00,3.79835,101.984375
08:31:00,91282CLD1,TSRYS5850288,D,S,T,2024-08-08,1000000.00,3.802162,101.9609375
08:31:00,91282CLD1,TSRYS5850288,D,S,T,2024-08-08,1000000.00,3.800891,101.96875
08:31:00,91282CLD1,TSRYS5850288,D,S,T,2024-08-08,1000000.00,3.801527,101.96484375
08:31:00,91282CLD1,TSRYS5850288,D,S,T,2024-08-08,1000000.00,3.801527,101.96484375
08:31:00,91282CLD1,TSRYS5850288,D,S,T,2024-08-08,1000000.00,3.810745,101.908203125
08:31:00,91282CLD1,TSRYS5850288,D,S,T,2024-08-08,1000000.00,3.807248,101.9296875
08:31:00,91282CLD1,TSRYS5850288,D,S,T,2024-08-08,1000000.00,3.805976,101.9375
08:31:00,91282CLD1,TSRYS5850288,D,S,T,2024-08-08,1000000.00,3.803434,101.953125
08:31:00,91282CLD1,TSRYS5850288,D,S,T,2024-08-08,1000000.00,3.802162,101.9609375
08:31:00,91282CLD1,TSRYS5850288,D,S,T,2024-08-08,1000000.00,3.803434,101.953125
08:31:00,91282CLD1,TSRYS5850288,D,S,T,2024-08-08,1000000.00,3.809791,101.9140625
08:31:00,91282CLD1,TSRYS5850288,D,S,T,2024-08-08,1000000.00,3.812335,101.8984375
08:31:00,91282CLD1,TSRYS5850288,D,S,T,2024-08-08,1000000.00,3.813607,101.890625
08:31:00,91282CLD1,TSRYS5850288,D,S,T,2024-08-08,1000000.00,3.809791,101.9140625
08:31:00,91282CLD1,TSRYS5850288,D,S,T,2024-08-08,1000000.00,3.809791,101.9140625
08:31:01,91282CLD1,TSRYS5850288,D,S,T,2024-08-08,1000000.00,3.805976,101.9375
08:31:01,91282CLD1,TSRYS5850288,D,S,T,2024-08-08,2000000.00,3.806294,101.935546875
08:31:01,91282CLD1,TSRYS5850288,D,S,T,2024-08-08,1000000.00,3.808519,101.921875
08:31:01,91282CLD1,TSRYS5850288,D,S,T,2024-08-08,2000000.00,3.810109,101.912109375
08:31:01,91282CLD1,TSRYS5850288,D,S,T,2024-08-08,2000000.00,3.811063,101.90625
08:31:01,91282CLD1,TSRYS5850288,D,S,T,2024-08-08,1000000.00,3.812335,101.8984375
08:31:01,91282CLD1,TSRYS5850288,D,S,T,2024-08-08,1000000.00,3.810745,101.908203125
08:31:01,91282CLD1,TSRYS5850288,D,S,T,2024-08-08,1000000.00,3.805976,101.9375
08:31:01,91282CLD1,TSRYS5850288,D,S,T,2024-08-08,2000000.00,3.806612,101.93359375
08:31:01,91282CLD1,TSRYS5850288,D,S,T,2024-08-08,1000000.00,3.802162,101.9609375
08:31:01,91282CLD1,TSRYS5850288,D,S,T,2024-08-08,3000000.00,3.804705,101.9453125
08:31:01,91282CLD1,TSRYS5850288,D,S,T,2024-08-08,1000000.00,3.805023,101.943359375
08:31:01,91282CLD1,TSRYS5850288,D,S,D,2024-08-08,1000000.00,3.803116,101.955078125
08:31:01,91282CLD1,TSRYS5850288,D,S,T,2024-08-08,2000000.00,3.803434,101.953125
08:31:01,91282CLD1,TSRYS5850288,D,S,T,2024-08-08,2000000.00,3.804705,101.9453125
08:31:01,91282CLD1,TSRYS5850288,D,S,T,2024-08-08,2000000.00,3.804705,101.9453125
08:31:01,91282CLD1,TSRYS5850288,D,S,T,2024-08-08,2000000.00,3.805976,101.9375
08:31:01,91282CLD1,TSRYS5850288,D,S,T,2024-08-08,1000000.00,3.806612,101.93359375
08:31:01,91282CLD1,TSRYS5850288,D,S,T,2024-08-08,1000000.00,3.80693,101.931640625
08:31:01,91282CLD1,TSRYS5850288,D,S,T,2024-08-08,1000000.00,3.804387,101.947265625
08:31:01,91282CLD1,TSRYS5850288,D,S,T,2024-08-08,1000000.00,3.804387,101.947265625
08:31:01,91282CLD1,TSRYS5850288,D,S,T,2024-08-08,1000000.00,3.804387,101.947265625
08:31:01,91282CLD1,TSRYS5850288,D,S,T,2024-08-08,1000000.00,3.805976,101.9375
08:31:01,91282CLD1,TSRYS5850288,D,S,T,2024-08-08,1000000.00,3.800891,101.96875
08:31:01,91282CLD1,TSRYS5850288,D,S,T,2024-08-08,1000000.00,3.800891,101.96875
08:31:01,91282CLD1,TSRYS5850288,D,S,T,2024-08-08,1000000.00,3.794538,102.0078125
08:31:01,91282CLD1,TSRYS5850288,D,S,T,2024-08-08,1000000.00,3.794538,102.0078125
08:31:01,91282CLD1,TSRYS5850288,D,S,T,2024-08-08,1000000.00,3.793267,102.015625
08:31:01,91282CLD1,TSRYS5850288,D,S,D,2024-08-08,1000000.00,3.792632,102.01953125
08:31:01,91282CLD1,TSRYS5850288,D,S,T,2024-08-08,1000000.00,3.792315,102.021484375
08:31:01,91282CLD1,TSRYS5850288,D,S,T,2024-08-08,1000000.00,3.793267,102.015625
08:31:01,91282CLD1,TSRYS5850288,D,S,T,2024-08-08,1000000.00,3.793267,102.015625
08:31:01,91282CLD1,TSRYS5850288,D,S,T,2024-08-08,1000000.00,3.797079,101.9921875
08:31:01,91282CLD1,TSRYS5850288,D,S,T,2024-08-08,1000000.00,3.797079,101.9921875
08:31:01,91282CLD1,TSRYS5850288,D,S,T,2024-08-08,1000000.00,3.79835,101.984375
08:31:01,91282CLD1,TSRYS5850288,D,S,T,2024-08-08,1000000.00,3.79835,101.984375
08:31:01,91282CLD1,TSRYS5850288,D,S,T,2024-08-08,1000000.00,3.79835,101.984375
08:31:01,91282CLD1,TSRYS5850288,D,S,T,2024-08-08,1000000.00,3.791044,102.029296875
08:31:01,91282CLD1,TSRYS5850288,D,S,T,2024-08-08,1000000.00,3.789774,102.037109375
08:31:01,91282CLD1,TSRYS5850288,D,S,T,2024-08-08,1000000.00,3.783108,102.078125
08:31:01,91282CLD1,TSRYS5850288,D,S,T,2024-08-08,1000000.00,3.793267,102.015625
08:31:01,91282CLD1,TSRYS5850288,D,S,T,2024-08-08,1000000.00,3.793267,102.015625
08:31:01,91282CLD1,TSRYS5850288,D,S,T,2024-08-08,1000000.00,3.793267,102.015625
08:31:01,91282CLD1,TSRYS5850288,D,S,T,2024-08-08,2000000.00,3.790727,102.03125
08:31:01,91282CLD1,TSRYS5850288,D,S,T,2024-08-08,1000000.00,3.789457,102.0390625
08:31:01,91282CLD1,TSRYS5850288,D,S,T,2024-08-08,1000000.00,3.790727,102.03125
08:31:01,91282CLD1,TSRYS5850288,D,S,T,2024-08-08,1000000.00,3.793267,102.015625
08:31:01,91282CLD1,TSRYS5850288,D,S,T,2024-08-08,2000000.00,3.794538,102.0078125
08:31:01,91282CLD1,TSRYS5850288,D,S,T,2024-08-08,1000000.00,3.794538,102.0078125
08:31:01,91282CLD1,TSRYS5850288,D,S,T,2024-08-08,1000000.00,3.794538,102.0078125
08:31:01,91282CLD1,TSRYS5850288,D,S,T,2024-08-08,1000000.00,3.793267,102.015625
08:31:01,91282CLD1,TSRYS5850288,D,S,T,2024-08-08,1000000.00,3.791997,102.0234375
08:31:01,91282CLD1,TSRYS5850288,D,S,T,2024-08-08,1000000.00,3.793267,102.015625
08:31:01,91282CLD1,TSRYS5850288,D,S,T,2024-08-08,1000000.00,3.791997,102.0234375
08:31:01,91282CLD1,TSRYS5850288,D,S,T,2024-08-08,1000000.00,3.791997,102.0234375
08:31:01,91282CLD1,TSRYS5850288,D,S,T,2024-08-08,1000000.00,3.789457,102.0390625
08:31:01,91282CLD1,TSRYS5850288,D,S,T,2024-08-08,1000000.00,3.790727,102.03125
08:31:01,91282CLD1,TSRYS5850288,D,S,T,2024-08-08,1000000.00,3.79835,101.984375
08:31:01,91282CLD1,TSRYS5850288,D,S,T,2024-08-08,1000000.00,3.79962,101.9765625
08:31:01,91282CLD1,TSRYS5850288,D,S,T,2024-08-08,1000000.00,3.804705,101.9453125
08:31:01,91282CLD1,TSRYS5850288,D,S,T,2024-08-08,1000000.00,3.803434,101.953125
08:31:01,91282CLD1,TSRYS5850288,D,S,T,2024-08-08,1000000.00,3.803434,101.953125
08:31:01,91282CLD1,TSRYS5850288,D,S,T,2024-08-08,1000000.00,3.803434,101.953125
08:31:01,91282CLD1,TSRYS5850288,D,S,T,2024-08-08,1000000.00,3.802162,101.9609375
08:31:01,91282CLD1,TSRYS5850288,D,S,T,2024-08-08,1000000.00,3.802162,101.9609375
08:31:01,91282CLD1,TSRYS5850288,D,S,T,2024-08-08,1000000.00,3.802162,101.9609375
08:31:01,91282CLD1,TSRYS5850288,D,S,T,2024-08-08,1000000.00,3.804705,101.9453125
08:31:01,91282CLD1,TSRYS5850288,D,S,T,2024-08-08,1000000.00,3.807248,101.9296875
08:31:01,91282CLD1,TSRYS5850288,D,S,T,2024-08-08,1000000.00,3.805976,101.9375
08:31:01,91282CLD1,TSRYS5850288,D,S,T,2024-08-08,1000000.00,3.803434,101.953125
08:31:01,91282CLD1,TSRYS5850288,D,S,T,2024-08-08,1000000.00,3.79962,101.9765625
08:31:01,91282CLD1,TSRYS5850288,D,S,T,2024-08-08,1000000.00,3.79835,101.984375
08:31:01,91282CLD1,TSRYS5850288,D,S,T,2024-08-08,1000000.00,3.797079,101.9921875
08:31:01,91282CLD1,TSRYS5850288,D,S,T,2024-08-08,1000000.00,3.797079,101.9921875
08:31:01,91282CLD1,TSRYS5850288,D,S,T,2024-08-08,1000000.00,3.797079,101.9921875
08:31:01,91282CLD1,TSRYS5850288,D,S,T,2024-08-08,5000000.00,3.796443,101.99609375
08:31:01,91282CLD1,TSRYS5850288,D,S,T,2024-08-08,1000000.00,3.796443,101.99609375
08:31:01,91282CLD1,TSRYS5850288,D,S,T,2024-08-08,1000000.00,3.796126,101.998046875
08:31:01,91282CLD1,TSRYS5850288,D,S,T,2024-08-08,1000000.00,3.797079,101.9921875
08:31:01,91282CLD1,TSRYS5850288,D,S,T,2024-08-08,1000000.00,3.794855,102.005859375
08:31:01,91282CLD1,TSRYS5850288,D,S,T,2024-08-08,1000000.00,3.794538,102.0078125
08:31:01,91282CLD1,TSRYS5850288,D,S,T,2024-08-08,1000000.00,3.795808,102.0
08:31:01,91282CLD1,TSRYS5850288,D,S,T,2024-08-08,1000000.00,3.795491,102.001953125
08:31:01,91282CLD1,TSRYS5850288,D,S,T,2024-08-08,1000000.00,3.795491,102.001953125
08:31:01,91282CLD1,TSRYS5850288,D,S,T,2024-08-08,1000000.00,3.795491,102.001953125
08:31:01,91282CLD1,TSRYS5850288,D,S,T,2024-08-08,1000000.00,3.794538,102.0078125
08:31:01,91282CLD1,TSRYS5850288,D,S,T,2024-08-08,1000000.00,3.794538,102.0078125
08:31:01,91282CLD1,TSRYS5850288,D,S,T,2024-08-08,1000000.00,3.79835,101.984375
08:31:01,91282CLD1,TSRYS5850288,D,S,T,2024-08-08,1000000.00,3.800891,101.96875
08:31:01,91282CLD1,TSRYS5850288,D,S,T,2024-08-08,1000000.00,3.800891,101.96875
08:31:01,91282CLD1,TSRYS5850288,D,S,T,2024-08-08,1000000.00,3.799938,101.974609375
08:31:01,91282CLD1,TSRYS5850288,D,S,T,2024-08-08,1000000.00,3.797079,101.9921875
08:31:01,91282CLD1,TSRYS5850288,D,S,T,2024-08-08,1000000.00,3.797079,101.9921875
08:31:01,91282CLD1,TSRYS5850288,D,S,T,2024-08-08,1000000.00,3.79962,101.9765625
08:31:01,91282CLD1,TSRYS5850288,D,S,T,2024-08-08,1000000.00,3.800891,101.96875
08:31:01,91282CLD1,TSRYS5850288,D,S,T,2024-08-08,1000000.00,3.79962,101.9765625
08:31:01,91282CLD1,TSRYS5850288,D,S,T,2024-08-08,1000000.00,3.799303,101.978515625
08:31:01,91282CLD1,TSRYS5850288,D,S,T,2024-08-08,1000000.00,3.795808,102.0
08:31:01,91282CLD1,TSRYS5850288,D,S,T,2024-08-08,1000000.00,3.795808,102.0
08:31:01,91282CLD1,TSRYS5850288,D,S,T,2024-08-08,1000000.00,3.795173,102.00390625
08:31:01,91282CLD1,TSRYS5850288,D,S,D,2024-08-08,1000000.00,3.795173,102.00390625
08:31:01,91282CLD1,TSRYS5850288,D,S,T,2024-08-08,2000000.00,3.796126,101.998046875
08:31:01,91282CLD1,TSRYS5850288,D,S,T,2024-08-08,1000000.00,3.79835,101.984375
08:31:01,91282CLD1,TSRYS5850288,D,S,T,2024-08-08,1000000.00,3.795808,102.0
08:31:01,91282CLD1,TSRYS5850288,D,S,T,2024-08-08,1000000.00,3.793267,102.015625
08:31:01,91282CLD1,TSRYS5850288,D,S,T,2024-08-08,1000000.00,3.793267,102.015625
08:31:01,91282CLD1,TSRYS5850288,D,S,T,2024-08-08,1000000.00,3.793267,102.015625
08:31:01,91282CLD1,TSRYS5850288,D,S,T,2024-08-08,1000000.00,3.792315,102.021484375
08:31:02,91282CLD1,TSRYS5850288,D,S,T,2024-08-08,1000000.00,3.793267,102.015625
08:31:02,91282CLD1,TSRYS5850288,D,S,T,2024-08-08,1000000.00,3.789457,102.0390625
08:31:02,91282CLD1,TSRYS5850288,D,S,T,2024-08-08,1000000.00,3.788187,102.046875
08:31:02,91282CLD1,TSRYS5850288,D,S,T,2024-08-08,1000000.00,3.785647,102.0625
08:31:02,91282CLD1,TSRYS5850288,D,S,T,2024-08-08,1000000.00,3.785647,102.0625
08:31:02,91282CLD1,TSRYS5850288,D,S,T,2024-08-08,2000000.00,3.785647,102.0625
08:31:02,91282CLD1,TSRYS5850288,D,S,T,2024-08-08,1000000.00,3.786917,102.0546875
08:31:02,91282CLD1,TSRYS5850288,D,S,T,2024-08-08,1000000.00,3.790409,102.033203125
08:31:02,91282CLD1,TSRYS5850288,D,S,T,2024-08-08,1000000.00,3.788187,102.046875
08:31:02,91282CLD1,TSRYS5850288,D,S,T,2024-08-08,1000000.00,3.785647,102.0625
08:31:02,91282CLD1,TSRYS5850288,D,S,T,2024-08-08,1000000.00,3.785647,102.0625
08:31:02,91282CLD1,TSRYS5850288,D,S,T,2024-08-08,1000000.00,3.788187,102.046875
08:31:02,91282CLD1,TSRYS5850288,D,S,T,2024-08-08,1000000.00,3.788504,102.044921875
08:31:02,91282CLD1,TSRYS5850288,D,S,T,2024-08-08,1000000.00,3.788822,102.04296875
08:31:02,91282CLD1,TSRYS5850288,D,S,T,2024-08-08,1000000.00,3.788187,102.046875
08:31:02,91282CLD1,TSRYS5850288,D,S,T,2024-08-08,1000000.00,3.788187,102.046875
08:31:02,91282CLD1,TSRYS5850288,D,S,T,2024-08-08,1000000.00,3.788187,102.046875
08:31:02,91282CLD1,TSRYS5850288,D,S,T,2024-08-08,2000000.00,3.783108,102.078125
08:31:02,91282CLD1,TSRYS5850288,D,S,T,2024-08-08,1000000.00,3.785647,102.0625
08:31:02,91282CLD1,TSRYS5850288,D,S,T,2024-08-08,1000000.00,3.785647,102.0625
08:31:02,91282CLD1,TSRYS5850288,D,S,T,2024-08-08,1000000.00,3.784378,102.0703125
08:31:02,91282CLD1,TSRYS5850288,D,S,T,2024-08-08,1000000.00,3.783108,102.078125
08:31:02,91282CLD1,TSRYS5850288,D,S,T,2024-08-08,1000000.00,3.78057,102.09375
08:31:02,91282CLD1,TSRYS5850288,D,S,T,2024-08-08,1000000.00,3.778031,102.109375
08:31:02,91282CLD1,TSRYS5850288,D,S,T,2024-08-08,1000000.00,3.776763,102.1171875
08:31:02,91282CLD1,TSRYS5850288,D,S,T,2024-08-08,1000000.00,3.778031,102.109375
08:31:02,91282CLD1,TSRYS5850288,D,S,T,2024-08-08,1000000.00,3.776445,102.119140625
08:31:02,91282CLD1,TSRYS5850288,D,S,T,2024-08-08,1000000.00,3.776128,102.12109375
08:31:02,91282CLD1,TSRYS5850288,D,S,T,2024-08-08,1000000.00,3.775494,102.125
08:31:02,91282CLD1,TSRYS5850288,D,S,T,2024-08-08,1000000.00,3.778031,102.109375
08:31:02,91282CLD1,TSRYS5850288,D,S,T,2024-08-08,1000000.00,3.778031,102.109375
08:31:02,91282CLD1,TSRYS5850288,D,S,T,2024-08-08,1000000.00,3.78057,102.09375
08:31:02,91282CLD1,TSRYS5850288,D,S,T,2024-08-08,1000000.00,3.781839,102.0859375
08:31:02,91282CLD1,TSRYS5850288,D,S,T,2024-08-08,1000000.00,3.781839,102.0859375
08:31:02,91282CLD1,TSRYS5850288,D,S,T,2024-08-08,1000000.00,3.781839,102.0859375
08:31:02,91282CLD1,TSRYS5850288,D,S,T,2024-08-08,1000000.00,3.78057,102.09375
08:31:02,91282CLD1,TSRYS5850288,D,S,T,2024-08-08,1000000.00,3.783108,102.078125
08:31:02,91282CLD1,TSRYS5850288,D,S,T,2024-08-08,1000000.00,3.783108,102.078125
08:31:02,91282CLD1,TSRYS5850288,D,S,T,2024-08-08,1000000.00,3.784378,102.0703125
08:31:02,91282CLD1,TSRYS5850288,D,S,T,2024-08-08,1000000.00,3.784378,102.0703125
08:31:02,91282CLD1,TSRYS5850288,D,S,T,2024-08-08,1000000.00,3.784378,102.0703125
08:31:02,91282CLD1,TSRYS5850288,D,S,T,2024-08-08,1000000.00,3.786917,102.0546875
08:31:02,91282CLD1,TSRYS5850288,D,S,T,2024-08-08,1000000.00,3.788187,102.046875
08:31:02,91282CLD1,TSRYS5850288,D,S,T,2024-08-08,1000000.00,3.788187,102.046875
08:31:02,91282CLD1,TSRYS5850288,D,S,T,2024-08-08,1000000.00,3.788504,102.044921875
08:31:02,91282CLD1,TSRYS5850288,D,S,T,2024-08-08,1000000.00,3.788822,102.04296875
08:31:02,91282CLD1,TSRYS5850288,D,S,T,2024-08-08,1000000.00,3.793267,102.015625
08:31:02,91282CLD1,TSRYS5850288,D,S,T,2024-08-08,1000000.00,3.793267,102.015625
08:31:02,91282CLD1,TSRYS5850288,D,S,T,2024-08-08,1000000.00,3.793267,102.015625
08:31:02,91282CLD1,TSRYS5850288,D,S,T,2024-08-08,1000000.00,3.791997,102.0234375
08:31:02,91282CLD1,TSRYS5850288,D,S,T,2024-08-08,1000000.00,3.790727,102.03125
08:31:02,91282CLD1,TSRYS5850288,D,S,T,2024-08-08,1000000.00,3.790727,102.03125
08:31:02,91282CLD1,TSRYS5850288,D,S,T,2024-08-08,1000000.00,3.790727,102.03125
08:31:02,91282CLD1,TSRYS5850288,D,S,T,2024-08-08,1000000.00,3.791997,102.0234375
08:31:02,91282CLD1,TSRYS5850288,D,S,T,2024-08-08,1000000.00,3.791997,102.0234375
08:31:02,91282CLD1,TSRYS5850288,D,S,T,2024-08-08,1000000.00,3.791997,102.0234375
08:31:02,91282CLD1,TSRYS5850288,D,S,T,2024-08-08,1000000.00,3.791997,102.0234375
08:31:02,91282CLD1,TSRYS5850288,D,S,T,2024-08-08,1000000.00,3.791997,102.0234375
08:31:02,91282CLD1,TSRYS5850288,D,S,T,2024-08-08,1000000.00,3.791997,102.0234375
08:31:02,91282CLD1,TSRYS5850288,D,S,T,2024-08-08,1000000.00,3.791997,102.0234375
08:31:02,91282CLD1,TSRYS5850288,D,S,T,2024-08-08,1000000.00,3.791997,102.0234375
08:31:02,91282CLD1,TSRYS5850288,D,S,T,2024-08-08,1000000.00,3.793267,102.015625
08:31:02,91282CLD1,TSRYS5850288,D,S,T,2024-08-08,1000000.00,3.793267,102.015625
08:31:02,91282CLD1,TSRYS5850288,D,S,T,2024-08-08,1000000.00,3.793267,102.015625
08:31:02,91282CLD1,TSRYS5850288,D,S,T,2024-08-08,1000000.00,3.796443,101.99609375
08:31:02,91282CLD1,TSRYS5850288,D,S,T,2024-08-08,1000000.00,3.793267,102.015625
08:31:02,91282CLD1,TSRYS5850288,D,S,T,2024-08-08,1000000.00,3.789457,102.0390625
08:31:02,91282CLD1,TSRYS5850288,D,S,T,2024-08-08,1000000.00,3.789457,102.0390625
08:31:02,91282CLD1,TSRYS5850288,D,S,T,2024-08-08,1000000.00,3.789457,102.0390625
08:31:02,91282CLD1,TSRYS5850288,D,S,T,2024-08-08,1000000.00,3.789457,102.0390625
08:31:02,91282CLD1,TSRYS5850288,D,S,T,2024-08-08,1000000.00,3.797079,101.9921875
08:31:02,91282CLD1,TSRYS5850288,D,S,T,2024-08-08,1000000.00,3.797079,101.9921875
08:31:02,91282CLD1,TSRYS5850288,D,S,T,2024-08-08,1000000.00,3.79835,101.984375
08:31:02,91282CLD1,TSRYS5850288,D,S,T,2024-08-08,1000000.00,3.79835,101.984375
08:31:02,91282CLD1,TSRYS5850288,D,S,T,2024-08-08,1000000.00,3.799303,101.978515625
08:31:02,91282CLD1,TSRYS5850288,D,S,T,2024-08-08,1000000.00,3.799303,101.978515625
08:31:02,91282CLD1,TSRYS5850288,D,S,T,2024-08-08,1000000.00,3.800891,101.96875
08:31:02,91282CLD1,TSRYS5850288,D,S,T,2024-08-08,1000000.00,3.801527,101.96484375
08:31:02,91282CLD1,TSRYS5850288,D,S,T,2024-08-08,1000000.00,3.798032,101.986328125
08:31:02,91282CLD1,TSRYS5850288,D,S,T,2024-08-08,1000000.00,3.802162,101.9609375
08:31:02,91282CLD1,TSRYS5850288,D,S,T,2024-08-08,1000000.00,3.800891,101.96875
08:31:02,91282CLD1,TSRYS5850288,D,S,T,2024-08-08,1000000.00,3.802162,101.9609375
08:31:02,91282CLD1,TSRYS5850288,D,S,T,2024-08-08,1000000.00,3.802162,101.9609375
08:31:02,91282CLD1,TSRYS5850288,D,S,T,2024-08-08,1000000.00,3.803434,101.953125
08:31:02,91282CLD1,TSRYS5850288,D,S,T,2024-08-08,1000000.00,3.802162,101.9609375
08:31:02,91282CLD1,TSRYS5850288,D,S,T,2024-08-08,1000000.00,3.800891,101.96875
08:31:02,91282CLD1,TSRYS5850288,D,S,T,2024-08-08,1000000.00,3.79962,101.9765625
08:31:02,91282CLD1,TSRYS5850288,D,S,T,2024-08-08,1000000.00,3.800891,101.96875
08:31:02,91282CLD1,TSRYS5850288,D,S,T,2024-08-08,1000000.00,3.797079,101.9921875
08:31:02,91282CLD1,TSRYS5850288,D,S,T,2024-08-08,1000000.00,3.790727,102.03125
08:31:02,91282CLD1,TSRYS5850288,D,S,T,2024-08-08,1000000.00,3.790727,102.03125
08:31:02,91282CLD1,TSRYS5850288,D,S,T,2024-08-08,1000000.00,3.790727,102.03125
08:31:02,91282CLD1,TSRYS5850288,D,S,T,2024-08-08,1000000.00,3.790092,102.03515625
08:31:02,91282CLD1,TSRYS5850288,D,S,T,2024-08-08,1000000.00,3.790727,102.03125
08:31:02,91282CLD1,TSRYS5850288,D,S,D,2024-08-08,1000000.00,3.790727,102.03125
08:31:02,91282CLD1,TSRYS5850288,D,S,T,2024-08-08,1000000.00,3.791044,102.029296875
08:31:02,91282CLD1,TSRYS5850288,D,S,T,2024-08-08,1000000.00,3.794538,102.0078125
08:31:02,91282CLD1,TSRYS5850288,D,S,T,2024-08-08,1000000.00,3.795808,102.0
08:31:02,91282CLD1,TSRYS5850288,D,S,T,2024-08-08,1000000.00,3.795808,102.0
08:31:02,91282CLD1,TSRYS5850288,D,S,T,2024-08-08,1000000.00,3.795808,102.0
08:31:02,91282CLD1,TSRYS5850288,D,S,T,2024-08-08,2000000.00,3.795808,102.0
08:31:02,91282CLD1,TSRYS5850288,D,S,T,2024-08-08,1000000.00,3.795808,102.0
08:31:02,91282CLD1,TSRYS5850288,D,S,D,2024-08-08,1000000.00,3.795808,102.0
08:31:02,91282CLD1,TSRYS5850288,D,S,T,2024-08-08,1000000.00,3.797079,101.9921875
08:31:02,91282CLD1,TSRYS5850288,D,S,T,2024-08-08,1000000.00,3.797079,101.9921875
08:31:02,91282CLD1,TSRYS5850288,D,S,T,2024-08-08,1000000.00,3.797079,101.9921875
08:31:02,91282CLD1,TSRYS5850288,D,S,T,2024-08-08,1000000.00,3.79962,101.9765625
08:31:02,91282CLD1,TSRYS5850288,D,S,T,2024-08-08,1000000.00,3.799938,101.974609375
08:31:02,91282CLD1,TSRYS5850288,D,S,T,2024-08-08,1000000.00,3.800891,101.96875
08:31:02,91282CLD1,TSRYS5850288,D,S,T,2024-08-08,1000000.00,3.79962,101.9765625
08:31:02,91282CLD1,TSRYS5850288,D,S,T,2024-08-08,1000000.00,3.79962,101.9765625
08:31:02,91282CLD1,TSRYS5850288,D,S,T,2024-08-08,1000000.00,3.79962,101.9765625
08:31:02,91282CLD1,TSRYS5850288,D,S,T,2024-08-08,1000000.00,3.79962,101.9765625
08:31:02,91282CLD1,TSRYS5850288,D,S,T,2024-08-08,1000000.00,3.79962,101.9765625
08:31:02,91282CLD1,TSRYS5850288,D,S,T,2024-08-08,1000000.00,3.79962,101.9765625
08:31:02,91282CLD1,TSRYS5850288,D,S,T,2024-08-08,1000000.00,3.79962,101.9765625
08:31:02,91282CLD1,TSRYS5850288,D,S,T,2024-08-08,1000000.00,3.79962,101.9765625
08:31:02,91282CLD1,TSRYS5850288,D,S,T,2024-08-08,1000000.00,3.79962,101.9765625
08:31:02,91282CLD1,TSRYS5850288,D,S,T,2024-08-08,1000000.00,3.79962,101.9765625
08:31:02,91282CLD1,TSRYS5850288,D,S,T,2024-08-08,1000000.00,3.79962,101.9765625
08:31:02,91282CLD1,TSRYS5850288,D,S,T,2024-08-08,1000000.00,3.79962,101.9765625
08:31:02,91282CLD1,TSRYS5850288,D,S,T,2024-08-08,1000000.00,3.800891,101.96875
08:31:02,91282CLD1,TSRYS5850288,D,S,T,2024-08-08,1000000.00,3.800891,101.96875
08:31:02,91282CLD1,TSRYS5850288,D,S,T,2024-08-08,1000000.00,3.801209,101.966796875
08:31:02,91282CLD1,TSRYS5850288,D,S,T,2024-08-08,1000000.00,3.79962,101.9765625
08:31:02,91282CLD1,TSRYS5850288,D,S,T,2024-08-08,1000000.00,3.800256,101.97265625
08:31:02,91282CLD1,TSRYS5850288,D,S,T,2024-08-08,1000000.00,3.79962,101.9765625
08:31:02,91282CLD1,TSRYS5850288,D,S,T,2024-08-08,1000000.00,3.800574,101.970703125
08:31:02,91282CLD1,TSRYS5850288,D,S,T,2024-08-08,1000000.00,3.800891,101.96875
08:31:02,91282CLD1,TSRYS5850288,D,S,T,2024-08-08,1000000.00,3.800574,101.970703125
08:31:02,91282CLD1,TSRYS5850288,D,S,D,2024-08-08,1000000.00,3.800256,101.97265625
08:31:02,91282CLD1,TSRYS5850288,D,S,D,2024-08-08,1000000.00,3.800256,101.97265625
08:31:02,91282CLD1,TSRYS5850288,D,S,T,2024-08-08,1000000.00,3.79962,101.9765625
08:31:02,91282CLD1,TSRYS5850288,D,S,T,2024-08-08,1000000.00,3.79962,101.9765625
08:31:02,91282CLD1,TSRYS5850288,D,S,T,2024-08-08,1000000.00,3.802162,101.9609375
08:31:02,91282CLD1,TSRYS5850288,D,S,T,2024-08-08,1000000.00,3.801845,101.962890625
08:31:02,91282CLD1,TSRYS5850288,D,S,T,2024-08-08,1000000.00,3.801845,101.962890625
08:31:02,91282CLD1,TSRYS5850288,D,S,T,2024-08-08,1000000.00,3.801845,101.962890625
08:31:02,91282CLD1,TSRYS5850288,D,S,T,2024-08-08,1000000.00,3.79962,101.9765625
08:31:02,91282CLD1,TSRYS5850288,D,S,T,2024-08-08,1000000.00,3.800891,101.96875
08:31:02,91282CLD1,TSRYS5850288,D,S,T,2024-08-08,1000000.00,3.802162,101.9609375
08:31:02,91282CLD1,TSRYS5850288,D,S,T,2024-08-08,1000000.00,3.800891,101.96875
08:31:02,91282CLD1,TSRYS5850288,D,S,T,2024-08-08,1000000.00,3.800891,101.96875
08:31:02,91282CLD1,TSRYS5850288,D,S,D,2024-08-08,1000000.00,3.799938,101.974609375
08:31:02,91282CLD1,TSRYS5850288,D,S,D,2024-08-08,1000000.00,3.799938,101.974609375
08:31:02,91282CLD1,TSRYS5850288,D,S,T,2024-08-08,1000000.00,3.800891,101.96875
08:31:02,91282CLD1,TSRYS5850288,D,S,T,2024-08-08,1000000.00,3.800891,101.96875
08:31:02,91282CLD1,TSRYS5850288,D,S,T,2024-08-08,1000000.00,3.800891,101.96875
08:31:02,91282CLD1,TSRYS5850288,D,S,T,2024-08-08,1000000.00,3.803434,101.953125
08:31:02,91282CLD1,TSRYS5850288,D,S,T,2024-08-08,1000000.00,3.803434,101.953125
08:31:02,91282CLD1,TSRYS5850288,D,S,T,2024-08-08,1000000.00,3.803434,101.953125
08:31:02,91282CLD1,TSRYS5850288,D,S,T,2024-08-08,1000000.00,3.802162,101.9609375
08:31:02,91282CLD1,TSRYS5850288,D,S,T,2024-08-08,1000000.00,3.802162,101.9609375
08:31:02,91282CLD1,TSRYS5850288,D,S,T,2024-08-08,1000000.00,3.802162,101.9609375
08:31:02,91282CLD1,TSRYS5850288,D,S,T,2024-08-08,1000000.00,3.802162,101.9609375
08:31:02,91282CLD1,TSRYS5850288,D,S,T,2024-08-08,1000000.00,3.802162,101.9609375
08:31:02,91282CLD1,TSRYS5850288,D,S,T,2024-08-08,1000000.00,3.797079,101.9921875
08:31:02,91282CLD1,TSRYS5850288,D,S,T,2024-08-08,1000000.00,3.794855,102.005859375
08:31:02,91282CLD1,TSRYS5850288,D,S,T,2024-08-08,1000000.00,3.793267,102.015625
08:31:02,91282CLD1,TSRYS5850288,D,S,T,2024-08-08,1000000.00,3.79295,102.017578125
08:31:02,91282CLD1,TSRYS5850288,D,S,T,2024-08-08,1000000.00,3.790727,102.03125
08:31:02,91282CLD1,TSRYS5850288,D,S,T,2024-08-08,1000000.00,3.790727,102.03125
08:31:02,91282CLD1,TSRYS5850288,D,S,T,2024-08-08,1000000.00,3.790727,102.03125
08:31:02,91282CLD1,TSRYS5850288,D,S,T,2024-08-08,1000000.00,3.790409,102.033203125
08:31:02,91282CLD1,TSRYS5850288,D,S,T,2024-08-08,1000000.00,3.790092,102.03515625
08:31:02,91282CLD1,TSRYS5850288,D,S,T,2024-08-08,1000000.00,3.791997,102.0234375
08:31:02,91282CLD1,TSRYS5850288,D,S,T,2024-08-08,1000000.00,3.793267,102.015625
08:31:02,91282CLD1,TSRYS5850288,D,S,T,2024-08-08,2000000.00,3.79422,102.009765625
08:31:02,91282CLD1,TSRYS5850288,D,S,T,2024-08-08,1000000.00,3.793267,102.015625
08:31:02,91282CLD1,TSRYS5850288,D,S,T,2024-08-08,1000000.00,3.793267,102.015625
08:31:02,91282CLD1,TSRYS5850288,D,S,T,2024-08-08,1000000.00,3.793267,102.015625
08:31:02,91282CLD1,TSRYS5850288,D,S,T,2024-08-08,1000000.00,3.794538,102.0078125
08:31:02,91282CLD1,TSRYS5850288,D,S,T,2024-08-08,1000000.00,3.795808,102.0
08:31:02,91282CLD1,TSRYS5850288,D,S,T,2024-08-08,1000000.00,3.794538,102.0078125
08:31:02,91282CLD1,TSRYS5850288,D,S,T,2024-08-08,1000000.00,3.797079,101.9921875
08:31:02,91282CLD1,TSRYS5850288,D,S,T,2024-08-08,1000000.00,3.797079,101.9921875
08:31:02,91282CLD1,TSRYS5850288,D,S,D,2024-08-08,1000000.00,3.797079,101.9921875
08:31:02,91282CLD1,TSRYS5850288,D,S,T,2024-08-08,1000000.00,3.797079,101.9921875
08:31:02,91282CLD1,TSRYS5850288,D,S,T,2024-08-08,1000000.00,3.797079,101.9921875
08:31:02,91282CLD1,TSRYS5850288,D,S,T,2024-08-08,1000000.00,3.797079,101.9921875
08:31:02,91282CLD1,TSRYS5850288,D,S,T,2024-08-08,1000000.00,3.79835,101.984375
08:31:02,91282CLD1,TSRYS5850288,D,S,T,2024-08-08,1000000.00,3.79835,101.984375
08:31:02,91282CLD1,TSRYS5850288,D,S,T,2024-08-08,2000000.00,3.79835,101.984375
08:31:03,91282CLD1,TSRYS5850288,D,S,T,2024-08-08,1000000.00,3.79962,101.9765625
08:31:03,91282CLD1,TSRYS5850288,D,S,T,2024-08-08,1000000.00,3.802162,101.9609375
08:31:03,91282CLD1,TSRYS5850288,D,S,T,2024-08-08,1000000.00,3.802162,101.9609375
08:31:03,91282CLD1,TSRYS5850288,D,S,T,2024-08-08,1000000.00,3.803434,101.953125
08:31:03,91282CLD1,TSRYS5850288,D,S,T,2024-08-08,1000000.00,3.804705,101.9453125
08:31:03,91282CLD1,TSRYS5850288,D,S,T,2024-08-08,1000000.00,3.803751,101.951171875
08:31:03,91282CLD1,TSRYS5850288,D,S,T,2024-08-08,1000000.00,3.802162,101.9609375
08:31:03,91282CLD1,TSRYS5850288,D,S,T,2024-08-08,1000000.00,3.803434,101.953125
08:31:03,91282CLD1,TSRYS5850288,D,S,T,2024-08-08,1000000.00,3.803116,101.955078125
08:31:03,91282CLD1,TSRYS5850288,D,S,T,2024-08-08,1000000.00,3.805976,101.9375
08:31:03,91282CLD1,TSRYS5850288,D,S,T,2024-08-08,1000000.00,3.805976,101.9375
08:31:03,91282CLD1,TSRYS5850288,D,S,T,2024-08-08,1000000.00,3.806612,101.93359375
08:31:03,91282CLD1,TSRYS5850288,D,S,T,2024-08-08,1000000.00,3.806612,101.93359375
08:31:03,91282CLD1,TSRYS5850288,D,S,T,2024-08-08,1000000.00,3.806612,101.93359375
08:31:03,91282CLD1,TSRYS5850288,D,S,T,2024-08-08,1000000.00,3.806612,101.93359375
08:31:03,91282CLD1,TSRYS5850288,D,S,T,2024-08-08,1000000.00,3.807248,101.9296875
08:31:03,91282CLD1,TSRYS5850288,D,S,D,2024-08-08,1000000.00,3.806612,101.93359375
08:31:03,91282CLD1,TSRYS5850288,D,S,T,2024-08-08,1000000.00,3.806612,101.93359375
08:31:03,91282CLD1,TSRYS5850288,D,S,T,2024-08-08,1000000.00,3.807248,101.9296875
08:31:03,91282CLD1,TSRYS5850288,D,S,T,2024-08-08,1000000.00,3.807248,101.9296875
08:31:03,91282CLD1,TSRYS5850288,D,S,T,2024-08-08,1000000.00,3.807248,101.9296875
08:31:03,91282CLD1,TSRYS5850288,D,S,T,2024-08-08,1000000.00,3.807248,101.9296875
08:31:03,91282CLD1,TSRYS5850288,D,S,T,2024-08-08,1000000.00,3.808519,101.921875
08:31:03,91282CLD1,TSRYS5850288,D,S,T,2024-08-08,1000000.00,3.808519,101.921875
08:31:03,91282CLD1,TSRYS5850288,D,S,T,2024-08-08,1000000.00,3.808519,101.921875
08:31:03,91282CLD1,TSRYS5850288,D,S,T,2024-08-08,1000000.00,3.808519,101.921875
08:31:03,91282CLD1,TSRYS5850288,D,S,T,2024-08-08,1000000.00,3.809791,101.9140625
08:31:03,91282CLD1,TSRYS5850288,D,S,T,2024-08-08,1000000.00,3.809791,101.9140625
08:31:03,91282CLD1,TSRYS5850288,D,S,T,2024-08-08,1000000.00,3.809473,101.916015625
08:31:03,91282CLD1,TSRYS5850288,D,S,T,2024-08-08,1000000.00,3.809473,101.916015625
08:31:03,91282CLD1,TSRYS5850288,D,S,T,2024-08-08,1000000.00,3.809473,101.916015625
08:31:03,91282CLD1,TSRYS5850288,D,S,T,2024-08-08,1000000.00,3.808519,101.921875
08:31:03,91282CLD1,TSRYS5850288,D,S,T,2024-08-08,1000000.00,3.805341,101.94140625
08:31:03,91282CLD1,TSRYS5850288,D,S,T,2024-08-08,1000000.00,3.805976,101.9375
08:31:03,91282CLD1,TSRYS5850288,D,S,T,2024-08-08,1000000.00,3.805976,101.9375
08:31:03,91282CLD1,TSRYS5850288,D,S,T,2024-08-08,1000000.00,3.805023,101.943359375
08:31:03,91282CLD1,TSRYS5850288,D,S,T,2024-08-08,1000000.00,3.804705,101.9453125
08:31:03,91282CLD1,TSRYS5850288,D,S,T,2024-08-08,1000000.00,3.804705,101.9453125
08:31:03,91282CLD1,TSRYS5850288,D,S,T,2024-08-08,1000000.00,3.804705,101.9453125
08:31:03,91282CLD1,TSRYS5850288,D,S,T,2024-08-08,1000000.00,3.802162,101.9609375
08:31:03,91282CLD1,TSRYS5850288,D,S,D,2024-08-08,3000000.00,3.80248,101.958984375
08:31:03,91282CLD1,TSRYS5850288,D,S,T,2024-08-08,1000000.00,3.802162,101.9609375
08:31:03,91282CLD1,TSRYS5850288,D,S,T,2024-08-08,1000000.00,3.800574,101.970703125
08:31:03,91282CLD1,TSRYS5850288,D,S,T,2024-08-08,1000000.00,3.800256,101.97265625
08:31:03,91282CLD1,TSRYS5850288,D,S,T,2024-08-08,1000000.00,3.800256,101.97265625
08:31:03,91282CLD1,TSRYS5850288,D,S,D,2024-08-08,1000000.00,3.799938,101.974609375
08:31:03,91282CLD1,TSRYS5850288,D,S,T,2024-08-08,1000000.00,3.804705,101.9453125
08:31:03,91282CLD1,TSRYS5850288,D,S,T,2024-08-08,1000000.00,3.805976,101.9375
08:31:03,91282CLD1,TSRYS5850288,D,S,T,2024-08-08,1000000.00,3.805976,101.9375
08:31:03,91282CLD1,TSRYS5850288,D,S,T,2024-08-08,1000000.00,3.806612,101.93359375
08:31:03,91282CLD1,TSRYS5850288,D,S,T,2024-08-08,1000000.00,3.805658,101.939453125
08:31:03,91282CLD1,TSRYS5850288,D,S,T,2024-08-08,2000000.00,3.805658,101.939453125
08:31:03,91282CLD1,TSRYS5850288,D,S,T,2024-08-08,1000000.00,3.805976,101.9375
08:31:03,91282CLD1,TSRYS5850288,D,S,T,2024-08-08,1000000.00,3.807248,101.9296875
08:31:03,91282CLD1,TSRYS5850288,D,S,T,2024-08-08,1000000.00,3.808519,101.921875
08:31:03,91282CLD1,TSRYS5850288,D,S,T,2024-08-08,1000000.00,3.808519,101.921875
08:31:03,91282CLD1,TSRYS5850288,D,S,T,2024-08-08,1000000.00,3.808519,101.921875
08:31:03,91282CLD1,TSRYS5850288,D,S,T,2024-08-08,1000000.00,3.808519,101.921875
08:31:03,91282CLD1,TSRYS5850288,D,S,T,2024-08-08,1000000.00,3.807248,101.9296875
08:31:03,91282CLD1,TSRYS5850288,D,S,T,2024-08-08,1000000.00,3.807248,101.9296875
08:31:03,91282CLD1,TSRYS5850288,D,S,T,2024-08-08,1000000.00,3.805658,101.939453125
08:31:03,91282CLD1,TSRYS5850288,D,S,T,2024-08-08,1000000.00,3.805341,101.94140625
08:31:03,91282CLD1,TSRYS5850288,D,S,D,2024-08-08,1000000.00,3.804069,101.94921875
08:31:03,91282CLD1,TSRYS5850288,D,S,T,2024-08-08,1000000.00,3.802162,101.9609375
08:31:03,91282CLD1,TSRYS5850288,D,S,T,2024-08-08,1000000.00,3.802162,101.9609375
08:31:03,91282CLD1,TSRYS5850288,D,S,T,2024-08-08,1000000.00,3.802162,101.9609375
08:31:03,91282CLD1,TSRYS5850288,D,S,T,2024-08-08,1000000.00,3.800891,101.96875
08:31:03,91282CLD1,TSRYS5850288,D,S,T,2024-08-08,1000000.00,3.800891,101.96875
08:31:03,91282CLD1,TSRYS5850288,D,S,T,2024-08-08,1000000.00,3.79962,101.9765625
08:31:03,91282CLD1,TSRYS5850288,D,S,T,2024-08-08,1000000.00,3.800891,101.96875
08:31:03,91282CLD1,TSRYS5850288,D,S,T,2024-08-08,1000000.00,3.800891,101.96875
08:31:03,91282CLD1,TSRYS5850288,D,S,T,2024-08-08,1000000.00,3.801209,101.966796875
08:31:03,91282CLD1,TSRYS5850288,D,S,T,2024-08-08,1000000.00,3.802162,101.9609375
08:31:03,91282CLD1,TSRYS5850288,D,S,T,2024-08-08,1000000.00,3.802162,101.9609375
08:31:03,91282CLD1,TSRYS5850288,D,S,T,2024-08-08,1000000.00,3.79962,101.9765625
08:31:03,91282CLD1,TSRYS5850288,D,S,T,2024-08-08,1000000.00,3.79962,101.9765625
08:31:03,91282CLD1,TSRYS5850288,D,S,T,2024-08-08,1000000.00,3.800891,101.96875
08:31:03,91282CLD1,TSRYS5850288,D,S,T,2024-08-08,1000000.00,3.800891,101.96875
08:31:03,91282CLD1,TSRYS5850288,D,S,T,2024-08-08,1000000.00,3.800891,101.96875
08:31:03,91282CLD1,TSRYS5850288,D,S,T,2024-08-08,1000000.00,3.802162,101.9609375
08:31:03,91282CLD1,TSRYS5850288,D,S,T,2024-08-08,1000000.00,3.802162,101.9609375
08:31:03,91282CLD1,TSRYS5850288,D,S,T,2024-08-08,1000000.00,3.803434,101.953125
08:31:03,91282CLD1,TSRYS5850288,D,S,T,2024-08-08,1000000.00,3.803434,101.953125
08:31:03,91282CLD1,TSRYS5850288,D,S,T,2024-08-08,1000000.00,3.800891,101.96875
08:31:03,91282CLD1,TSRYS5850288,D,S,T,2024-08-08,2000000.00,3.800891,101.96875
08:31:03,91282CLD1,TSRYS5850288,D,S,D,2024-08-08,1000000.00,3.800256,101.97265625
08:31:03,91282CLD1,TSRYS5850288,D,S,T,2024-08-08,1000000.00,3.803434,101.953125
08:31:03,91282CLD1,TSRYS5850288,D,S,T,2024-08-08,2000000.00,3.802162,101.9609375
08:31:03,91282CLD1,TSRYS5850288,D,S,T,2024-08-08,1000000.00,3.803751,101.951171875
08:31:03,91282CLD1,TSRYS5850288,D,S,D,2024-08-08,1000000.00,3.803434,101.953125
08:31:03,91282CLD1,TSRYS5850288,D,S,T,2024-08-08,1000000.00,3.804705,101.9453125
08:31:03,91282CLD1,TSRYS5850288,D,S,T,2024-08-08,1000000.00,3.804705,101.9453125
08:31:03,91282CLD1,TSRYS5850288,D,S,T,2024-08-08,1000000.00,3.804705,101.9453125
08:31:03,91282CLD1,TSRYS5850288,D,S,T,2024-08-08,1000000.00,3.805976,101.9375
08:31:03,91282CLD1,TSRYS5850288,D,S,T,2024-08-08,1000000.00,3.807248,101.9296875
08:31:03,91282CLD1,TSRYS5850288,D,S,T,2024-08-08,1000000.00,3.807248,101.9296875
08:31:03,91282CLD1,TSRYS5850288,D,S,T,2024-08-08,3000000.00,3.811063,101.90625
08:31:03,91282CLD1,TSRYS5850288,D,S,T,2024-08-08,2000000.00,3.811063,101.90625
08:31:03,91282CLD1,TSRYS5850288,D,S,T,2024-08-08,1000000.00,3.811063,101.90625
08:31:03,91282CLD1,TSRYS5850288,D,S,T,2024-08-08,1000000.00,3.811063,101.90625
08:31:03,91282CLD1,TSRYS5850288,D,S,T,2024-08-08,1000000.00,3.811381,101.904296875
08:31:03,91282CLD1,TSRYS5850288,D,S,T,2024-08-08,2000000.00,3.811063,101.90625
08:31:03,91282CLD1,TSRYS5850288,D,S,T,2024-08-08,1000000.00,3.812335,101.8984375
08:31:03,91282CLD1,TSRYS5850288,D,S,T,2024-08-08,1000000.00,3.809791,101.9140625
08:31:03,91282CLD1,TSRYS5850288,D,S,T,2024-08-08,1000000.00,3.809791,101.9140625
08:31:03,91282CLD1,TSRYS5850288,D,S,T,2024-08-08,1000000.00,3.812335,101.8984375
08:31:03,91282CLD1,TSRYS5850288,D,S,T,2024-08-08,1000000.00,3.812335,101.8984375
08:31:03,91282CLD1,TSRYS5850288,D,S,T,2024-08-08,1000000.00,3.812335,101.8984375
08:31:03,91282CLD1,TSRYS5850288,D,S,T,2024-08-08,1000000.00,3.812335,101.8984375
08:31:03,91282CLD1,TSRYS5850288,D,S,T,2024-08-08,1000000.00,3.812335,101.8984375
08:31:03,91282CLD1,TSRYS5850288,D,S,T,2024-08-08,1000000.00,3.814879,101.8828125
08:31:03,91282CLD1,TSRYS5850288,D,S,T,2024-08-08,1000000.00,3.814561,101.884765625
08:31:03,91282CLD1,TSRYS5850288,D,S,T,2024-08-08,1000000.00,3.814561,101.884765625
08:31:03,91282CLD1,TSRYS5850288,D,S,T,2024-08-08,1000000.00,3.813607,101.890625
08:31:03,91282CLD1,TSRYS5850288,D,S,T,2024-08-08,2000000.00,3.814879,101.8828125
08:31:03,91282CLD1,TSRYS5850288,D,S,T,2024-08-08,1000000.00,3.814561,101.884765625
08:31:03,91282CLD1,TSRYS5850288,D,S,T,2024-08-08,1000000.00,3.814561,101.884765625
08:31:03,91282CLD1,TSRYS5850288,D,S,T,2024-08-08,1000000.00,3.814879,101.8828125
08:31:03,91282CLD1,TSRYS5850288,D,S,T,2024-08-08,1000000.00,3.814879,101.8828125
08:31:03,91282CLD1,TSRYS5850288,D,S,T,2024-08-08,1000000.00,3.814879,101.8828125
08:31:03,91282CLD1,TSRYS5850288,D,S,T,2024-08-08,1000000.00,3.818697,101.859375
08:31:03,91282CLD1,TSRYS5850288,D,S,T,2024-08-08,1000000.00,3.818697,101.859375
08:31:03,91282CLD1,TSRYS5850288,D,S,T,2024-08-08,1000000.00,3.818697,101.859375
08:31:03,91282CLD1,TSRYS5850288,D,S,T,2024-08-08,1000000.00,3.821242,101.84375
08:31:03,91282CLD1,TSRYS5850288,D,S,T,2024-08-08,1000000.00,3.818697,101.859375
08:31:03,91282CLD1,TSRYS5850288,D,S,T,2024-08-08,1000000.00,3.821242,101.84375
08:31:03,91282CLD1,TSRYS5850288,D,S,T,2024-08-08,1000000.00,3.819651,101.853515625
08:31:03,91282CLD1,TSRYS5850288,D,S,T,2024-08-08,1000000.00,3.819969,101.8515625
08:31:03,91282CLD1,TSRYS5850288,D,S,T,2024-08-08,1000000.00,3.819969,101.8515625
08:31:03,91282CLD1,TSRYS5850288,D,S,T,2024-08-08,1000000.00,3.818697,101.859375
08:31:03,91282CLD1,TSRYS5850288,D,S,T,2024-08-08,1000000.00,3.819651,101.853515625
08:31:03,91282CLD1,TSRYS5850288,D,S,T,2024-08-08,1000000.00,3.818697,101.859375
08:31:03,91282CLD1,TSRYS5850288,D,S,T,2024-08-08,1000000.00,3.818697,101.859375
08:31:03,91282CLD1,TSRYS5850288,D,S,T,2024-08-08,1000000.00,3.818697,101.859375
08:31:03,91282CLD1,TSRYS5850288,D,S,T,2024-08-08,2000000.00,3.818697,101.859375
08:31:03,91282CLD1,TSRYS5850288,D,S,T,2024-08-08,1000000.00,3.818697,101.859375
08:31:03,91282CLD1,TSRYS5850288,D,S,T,2024-08-08,2000000.00,3.818697,101.859375
08:31:03,91282CLD1,TSRYS5850288,D,S,T,2024-08-08,1000000.00,3.818697,101.859375
08:31:03,91282CLD1,TSRYS5850288,D,S,T,2024-08-08,1000000.00,3.818697,101.859375
08:31:03,91282CLD1,TSRYS5850288,D,S,T,2024-08-08,2000000.00,3.822515,101.8359375
08:31:03,91282CLD1,TSRYS5850288,D,S,T,2024-08-08,1000000.00,3.821878,101.83984375
08:31:03,91282CLD1,TSRYS5850288,D,S,T,2024-08-08,1000000.00,3.821242,101.84375
08:31:03,91282CLD1,TSRYS5850288,D,S,T,2024-08-08,1000000.00,3.822515,101.8359375
08:31:03,91282CLD1,TSRYS5850288,D,S,T,2024-08-08,1000000.00,3.822515,101.8359375
08:31:03,91282CLD1,TSRYS5850288,D,S,T,2024-08-08,1000000.00,3.822515,101.8359375
08:31:03,91282CLD1,TSRYS5850288,D,S,T,2024-08-08,1000000.00,3.822515,101.8359375
08:31:03,91282CLD1,TSRYS5850288,D,S,T,2024-08-08,2000000.00,3.822515,101.8359375
08:31:03,91282CLD1,TSRYS5850288,D,S,T,2024-08-08,1000000.00,3.822515,101.8359375
08:31:03,91282CLD1,TSRYS5850288,D,S,T,2024-08-08,1000000.00,3.823788,101.828125
08:31:03,91282CLD1,TSRYS5850288,D,S,T,2024-08-08,1000000.00,3.824424,101.82421875
08:31:03,91282CLD1,TSRYS5850288,D,S,T,2024-08-08,2000000.00,3.821878,101.83984375
08:31:03,91282CLD1,TSRYS5850288,D,S,T,2024-08-08,1000000.00,3.824106,101.826171875
08:31:03,91282CLD1,TSRYS5850288,D,S,T,2024-08-08,1000000.00,3.823788,101.828125
08:31:03,91282CLD1,TSRYS5850288,D,S,T,2024-08-08,1000000.00,3.822515,101.8359375
08:31:03,91282CLD1,TSRYS5850288,D,S,T,2024-08-08,1000000.00,3.821878,101.83984375
08:31:03,91282CLD1,TSRYS5850288,D,S,T,2024-08-08,1000000.00,3.818697,101.859375
08:31:03,91282CLD1,TSRYS5850288,D,S,T,2024-08-08,1000000.00,3.819969,101.8515625
08:31:03,91282CLD1,TSRYS5850288,D,S,T,2024-08-08,1000000.00,3.819969,101.8515625
08:31:03,91282CLD1,TSRYS5850288,D,S,T,2024-08-08,2000000.00,3.819651,101.853515625
08:31:03,91282CLD1,TSRYS5850288,D,S,T,2024-08-08,1000000.00,3.819651,101.853515625
08:31:03,91282CLD1,TSRYS5850288,D,S,T,2024-08-08,1000000.00,3.819651,101.853515625
08:31:03,91282CLD1,TSRYS5850288,D,S,T,2024-08-08,1000000.00,3.818697,101.859375
08:31:03,91282CLD1,TSRYS5850288,D,S,T,2024-08-08,1000000.00,3.819333,101.85546875
08:31:03,91282CLD1,TSRYS5850288,D,S,T,2024-08-08,1000000.00,3.821242,101.84375
08:31:03,91282CLD1,TSRYS5850288,D,S,T,2024-08-08,1000000.00,3.819969,101.8515625
08:31:03,91282CLD1,TSRYS5850288,D,S,T,2024-08-08,1000000.00,3.822515,101.8359375
08:31:03,91282CLD1,TSRYS5850288,D,S,T,2024-08-08,1000000.00,3.821242,101.84375
08:31:03,91282CLD1,TSRYS5850288,D,S,T,2024-08-08,2000000.00,3.821242,101.84375
08:31:03,91282CLD1,TSRYS5850288,D,S,T,2024-08-08,1000000.00,3.821242,101.84375
08:31:03,91282CLD1,TSRYS5850288,D,S,T,2024-08-08,1000000.00,3.821242,101.84375
08:31:03,91282CLD1,TSRYS5850288,D,S,T,2024-08-08,1000000.00,3.821878,101.83984375
08:31:03,91282CLD1,TSRYS5850288,D,S,T,2024-08-08,1000000.00,3.822515,101.8359375
08:31:03,91282CLD1,TSRYS5850288,D,S,T,2024-08-08,1000000.00,3.819333,101.85546875
08:31:03,91282CLD1,TSRYS5850288,D,S,T,2024-08-08,1000000.00,3.819333,101.85546875
08:31:03,91282CLD1,TSRYS5850288,D,S,T,2024-08-08,1000000.00,3.819969,101.8515625
08:31:03,91282CLD1,TSRYS5850288,D,S,T,2024-08-08,1000000.00,3.819333,101.85546875
08:31:03,91282CLD1,TSRYS5850288,D,S,T,2024-08-08,1000000.00,3.816152,101.875
08:31:03,91282CLD1,TSRYS5850288,D,S,T,2024-08-08,1000000.00,3.816152,101.875
08:31:03,91282CLD1,TSRYS5850288,D,S,T,2024-08-08,1000000.00,3.817424,101.8671875
08:31:03,91282CLD1,TSRYS5850288,D,S,T,2024-08-08,1000000.00,3.817424,101.8671875
08:31:03,91282CLD1,TSRYS5850288,D,S,T,2024-08-08,2000000.00,3.817424,101.8671875
08:31:03,91282CLD1,TSRYS5850288,D,S,T,2024-08-08,1000000.00,3.818697,101.859375
08:31:03,91282CLD1,TSRYS5850288,D,S,T,2024-08-08,1000000.00,3.817106,101.869140625
08:31:03,91282CLD1,TSRYS5850288,D,S,T,2024-08-08,1000000.00,3.814879,101.8828125
08:31:03,91282CLD1,TSRYS5850288,D,S,T,2024-08-08,1000000.00,3.814879,101.8828125
08:31:03,91282CLD1,TSRYS5850288,D,S,T,2024-08-08,1000000.00,3.814879,101.8828125
08:31:03,91282CLD1,TSRYS5850288,D,S,T,2024-08-08,1000000.00,3.814879,101.8828125
08:31:03,91282CLD1,TSRYS5850288,D,S,T,2024-08-08,1000000.00,3.816152,101.875
08:31:03,91282CLD1,TSRYS5850288,D,S,T,2024-08-08,1000000.00,3.816152,101.875
08:31:03,91282CLD1,TSRYS5850288,D,S,T,2024-08-08,1000000.00,3.814879,101.8828125
08:31:03,91282CLD1,TSRYS5850288,D,S,T,2024-08-08,1000000.00,3.817424,101.8671875
08:31:03,91282CLD1,TSRYS5850288,D,S,T,2024-08-08,1000000.00,3.814879,101.8828125
08:31:03,91282CLD1,TSRYS5850288,D,S,T,2024-08-08,1000000.00,3.814879,101.8828125
