tradeTime,cusip,issueSymbolIdentifier,priceType,reportingSideCode,contraPartyTypeCode,tradeDate,reportedTradeVolume,lastSaleYield,lastSalePrice
08:00:05,91282CKU4,TSRYS5814781,D,S,D,2024-06-13,1000000.00,4.296477,101.95703125
08:00:05,91282CKU4,TSRYS5814781,D,S,T,2024-06-13,1000000.00,4.296477,101.95703125
08:00:05,91282CKU4,TSRYS5814781,D,S,D,2024-06-13,1000000.00,4.296477,101.95703125
08:00:05,91282CKU4,TSRYS5814781,D,S,D,2024-06-13,1000000.00,4.296477,101.95703125
08:00:05,91282CKU4,TSRYS5814781,D,S,D,2024-06-13,2000000.00,4.297124,101.953125
08:00:05,91282CKU4,TSRYS5814781,D,S,T,2024-06-13,2000000.00,4.297124,101.953125
08:00:05,91282CKU4,TSRYS5814781,D,S,T,2024-06-13,1000000.00,4.296153,101.958984375
08:00:05,91282CKU4,TSRYS5814781,D,S,T,2024-06-13,2000000.00,4.296153,101.958984375
08:00:05,91282CKU4,TSRYS5814781,D,S,T,2024-06-13,2000000.00,4.296153,101.958984375
08:00:05,91282CKU4,TSRYS5814781,D,S,T,2024-06-13,1000000.00,4.295181,101.96484375
08:00:05,91282CKU4,TSRYS5814781,D,S,D,2024-06-13,2000000.00,4.299391,101.939453125
08:00:05,91282CKU4,TSRYS5814781,D,S,D,2024-06-13,2000000.00,4.299391,101.939453125
08:00:05,91282CKU4,TSRYS5814781,D,S,D,2024-06-13,1000000.00,4.299391,101.939453125
08:00:05,91282CKU4,TSRYS5814781,D,S,T,2024-06-13,2000000.00,4.299715,101.9375
08:00:05,91282CKU4,TSRYS5814781,D,S,T,2024-06-13,2000000.00,4.299715,101.9375
08:00:05,91282CKU4,TSRYS5814781,D,S,T,2024-06-13,2000000.00,4.299715,101.9375
08:00:05,91282CKU4,TSRYS5814781,D,S,T,2024-06-13,1000000.00,4.299068,101.94140625
08:00:05,91282CKU4,TSRYS5814781,D,S,T,2024-06-13,1000000.00,4.299068,101.94140625
08:00:05,91282CKU4,TSRYS5814781,D,S,T,2024-06-13,1000000.00,4.299068,101.94140625
08:00:05,91282CKU4,TSRYS5814781,D,S,T,2024-06-13,1000000.00,4.299068,101.94140625
08:00:05,91282CKU4,TSRYS5814781,D,S,T,2024-06-13,2000000.00,4.299068,101.94140625
08:00:05,91282CKU4,TSRYS5814781,D,S,T,2024-06-13,2000000.00,4.299068,101.94140625
08:00:05,91282CKU4,TSRYS5814781,D,S,T,2024-06-13,1000000.00,4.29842,101.9453125
08:00:05,91282CKU4,TSRYS5814781,D,S,T,2024-06-13,1000000.00,4.29842,101.9453125
08:00:05,91282CKU4,TSRYS5814781,D,S,T,2024-06-13,1000000.00,4.296153,101.958984375
08:00:05,91282CKU4,TSRYS5814781,D,S,T,2024-06-13,1000000.00,4.294534,101.96875
08:00:05,91282CKU4,TSRYS5814781,D,S,T,2024-06-13,1000000.00,4.294534,101.96875
08:00:05,91282CKU4,TSRYS5814781,D,S,T,2024-06-13,1000000.00,4.293238,101.9765625
08:00:05,91282CKU4,TSRYS5814781,D,S,T,2024-06-13,1000000.00,4.293238,101.9765625
08:00:05,91282CKU4,TSRYS5814781,D,S,T,2024-06-13,2000000.00,4.291943,101.984375
08:00:05,91282CKU4,TSRYS5814781,D,S,T,2024-06-13,1000000.00,4.291943,101.984375
08:00:05,91282CKU4,TSRYS5814781,D,S,D,2024-06-13,2000000.00,4.294857,101.966796875
08:00:05,91282CKU4,TSRYS5814781,D,S,D,2024-06-13,1000000.00,4.294857,101.966796875
08:00:05,91282CKU4,TSRYS5814781,D,S,D,2024-06-13,1000000.00,4.294534,101.96875
08:00:05,91282CKU4,TSRYS5814781,D,S,T,2024-06-13,2000000.00,4.294534,101.96875
08:00:05,91282CKU4,TSRYS5814781,D,S,D,2024-06-13,2000000.00,4.294534,101.96875
08:00:05,91282CKU4,TSRYS5814781,D,S,D,2024-06-13,1000000.00,4.294534,101.96875
08:00:05,91282CKU4,TSRYS5814781,D,S,T,2024-06-13,2000000.00,4.294534,101.96875
08:00:05,91282CKU4,TSRYS5814781,D,S,D,2024-06-13,2000000.00,4.294534,101.96875
08:00:05,91282CKU4,TSRYS5814781,D,S,T,2024-06-13,2000000.00,4.311381,101.8671875
08:00:05,91282CKU4,TSRYS5814781,D,S,D,2024-06-13,2000000.00,4.311381,101.8671875
08:00:05,91282CKU4,TSRYS5814781,D,S,D,2024-06-13,1000000.00,4.304251,101.91015625
08:00:05,91282CKU4,TSRYS5814781,D,S,D,2024-06-13,2000000.00,4.304251,101.91015625
08:00:05,91282CKU4,TSRYS5814781,D,S,D,2024-06-13,1000000.00,4.303927,101.912109375
08:00:05,91282CKU4,TSRYS5814781,D,S,D,2024-06-13,2000000.00,4.306519,101.896484375
08:00:05,91282CKU4,TSRYS5814781,D,S,D,2024-06-13,2000000.00,4.304251,101.91015625
08:00:05,91282CKU4,TSRYS5814781,D,S,D,2024-06-13,1000000.00,4.304251,101.91015625
08:00:05,91282CKU4,TSRYS5814781,D,S,D,2024-06-13,2000000.00,4.306519,101.896484375
08:00:05,91282CKU4,TSRYS5814781,D,S,D,2024-06-13,1000000.00,4.306519,101.896484375
08:00:05,91282CKU4,TSRYS5814781,D,S,D,2024-06-13,1000000.00,4.308788,101.8828125
08:00:05,91282CKU4,TSRYS5814781,D,S,D,2024-06-13,2000000.00,4.308788,101.8828125
08:00:05,91282CKU4,TSRYS5814781,D,S,D,2024-06-13,1000000.00,4.311381,101.8671875
08:00:05,91282CKU4,TSRYS5814781,D,S,T,2024-06-13,1000000.00,4.308788,101.8828125
08:00:05,91282CKU4,TSRYS5814781,D,S,T,2024-06-13,1000000.00,4.308788,101.8828125
08:00:05,91282CKU4,TSRYS5814781,D,S,D,2024-06-13,1000000.00,4.308788,101.8828125
08:00:05,91282CKU4,TSRYS5814781,D,S,D,2024-06-13,1000000.00,4.308788,101.8828125
08:00:05,91282CKU4,TSRYS5814781,D,S,D,2024-06-13,1000000.00,4.308788,101.8828125
08:00:05,91282CKU4,TSRYS5814781,D,S,D,2024-06-13,1000000.00,4.308788,101.8828125
08:00:05,91282CKU4,TSRYS5814781,D,S,D,2024-06-13,1000000.00,4.308788,101.8828125
08:00:05,91282CKU4,TSRYS5814781,D,S,D,2024-06-13,1000000.00,4.309436,101.87890625
08:00:05,91282CKU4,TSRYS5814781,D,S,D,2024-06-13,1000000.00,4.309436,101.87890625
08:00:05,91282CKU4,TSRYS5814781,D,S,D,2024-06-13,1000000.00,4.306519,101.896484375
08:00:05,91282CKU4,TSRYS5814781,D,S,D,2024-06-13,1000000.00,4.305547,101.90234375
08:00:05,91282CKU4,TSRYS5814781,D,S,D,2024-06-13,1000000.00,4.305547,101.90234375
08:00:05,91282CKU4,TSRYS5814781,D,S,D,2024-06-13,2000000.00,4.306519,101.896484375
08:00:05,91282CKU4,TSRYS5814781,D,S,D,2024-06-13,1000000.00,4.306519,101.896484375
08:00:05,91282CKU4,TSRYS5814781,D,S,T,2024-06-13,2000000.00,4.305223,101.904296875
08:00:05,91282CKU4,TSRYS5814781,D,S,T,2024-06-13,1000000.00,4.305223,101.904296875
08:00:05,91282CKU4,TSRYS5814781,D,S,D,2024-06-13,1000000.00,4.301335,101.927734375
08:00:05,91282CKU4,TSRYS5814781,D,S,D,2024-06-13,1000000.00,4.301011,101.9296875
08:00:05,91282CKU4,TSRYS5814781,D,S,D,2024-06-13,1000000.00,4.301011,101.9296875
08:00:05,91282CKU4,TSRYS5814781,D,S,D,2024-06-13,2000000.00,4.301011,101.9296875
08:00:05,91282CKU4,TSRYS5814781,D,S,D,2024-06-13,1000000.00,4.301011,101.9296875
08:00:05,91282CKU4,TSRYS5814781,D,S,T,2024-06-13,1000000.00,4.301335,101.927734375
08:00:05,91282CKU4,TSRYS5814781,D,S,T,2024-06-13,1000000.00,4.302955,101.91796875
08:00:05,91282CKU4,TSRYS5814781,D,S,T,2024-06-13,1000000.00,4.302955,101.91796875
08:00:05,91282CKU4,TSRYS5814781,D,S,T,2024-06-13,1000000.00,4.302955,101.91796875
08:00:05,91282CKU4,TSRYS5814781,D,S,T,2024-06-13,1000000.00,4.302955,101.91796875
08:00:05,91282CKU4,TSRYS5814781,D,S,T,2024-06-13,1000000.00,4.302955,101.91796875
08:00:05,91282CKU4,TSRYS5814781,D,S,D,2024-06-13,2000000.00,4.299715,101.9375
08:00:05,91282CKU4,TSRYS5814781,D,S,D,2024-06-13,2000000.00,4.304251,101.91015625
08:00:05,91282CKU4,TSRYS5814781,D,S,D,2024-06-13,1000000.00,4.304251,101.91015625
08:00:05,91282CKU4,TSRYS5814781,D,S,D,2024-06-13,2000000.00,4.304251,101.91015625
08:00:05,91282CKU4,TSRYS5814781,D,S,T,2024-06-13,2000000.00,4.304251,101.91015625
08:00:05,91282CKU4,TSRYS5814781,D,S,T,2024-06-13,1000000.00,4.306195,101.8984375
08:00:05,91282CKU4,TSRYS5814781,D,S,T,2024-06-13,1000000.00,4.301659,101.92578125
08:00:10,91282CKU4,TSRYS5814781,D,S,T,2024-06-13,1000000.00,4.306519,101.896484375
08:00:10,91282CKU4,TSRYS5814781,D,S,T,2024-06-13,1000000.00,4.307168,101.892578125
08:00:10,91282CKU4,TSRYS5814781,D,S,T,2024-06-13,1000000.00,4.30814,101.88671875
08:00:10,91282CKU4,TSRYS5814781,D,S,T,2024-06-13,1000000.00,4.308788,101.8828125
08:00:10,91282CKU4,TSRYS5814781,D,S,T,2024-06-13,1000000.00,4.310409,101.873046875
08:00:10,91282CKU4,TSRYS5814781,D,S,T,2024-06-13,1000000.00,4.310085,101.875
08:00:10,91282CKU4,TSRYS5814781,D,S,T,2024-06-13,1000000.00,4.308788,101.8828125
08:00:10,91282CKU4,TSRYS5814781,D,S,T,2024-06-13,1000000.00,4.310409,101.873046875
08:00:10,91282CKU4,TSRYS5814781,D,S,T,2024-06-13,1000000.00,4.310085,101.875
08:00:10,91282CKU4,TSRYS5814781,D,S,T,2024-06-13,1000000.00,4.307816,101.888671875
08:00:10,91282CKU4,TSRYS5814781,D,S,T,2024-06-13,1000000.00,4.306843,101.89453125
08:00:10,91282CKU4,TSRYS5814781,D,S,T,2024-06-13,1000000.00,4.306195,101.8984375
08:00:10,91282CKU4,TSRYS5814781,D,S,T,2024-06-13,1000000.00,4.307492,101.890625
08:00:10,91282CKU4,TSRYS5814781,D,S,T,2024-06-13,1000000.00,4.305871,101.900390625
08:00:10,91282CKU4,TSRYS5814781,D,S,T,2024-06-13,1000000.00,4.299715,101.9375
08:00:10,91282CKU4,TSRYS5814781,D,S,T,2024-06-13,1000000.00,4.294534,101.96875
08:00:10,91282CKU4,TSRYS5814781,D,S,T,2024-06-13,1000000.00,4.294534,101.96875
08:00:10,91282CKU4,TSRYS5814781,D,S,T,2024-06-13,1000000.00,4.295829,101.9609375
08:00:10,91282CKU4,TSRYS5814781,D,S,T,2024-06-13,1000000.00,4.295505,101.962890625
08:00:10,91282CKU4,TSRYS5814781,D,S,T,2024-06-13,1000000.00,4.295181,101.96484375
08:00:10,91282CKU4,TSRYS5814781,D,S,T,2024-06-13,1000000.00,4.294857,101.966796875
08:00:10,91282CKU4,TSRYS5814781,D,S,T,2024-06-13,1000000.00,4.294534,101.96875
08:00:10,91282CKU4,TSRYS5814781,D,S,T,2024-06-13,1000000.00,4.294534,101.96875
08:00:10,91282CKU4,TSRYS5814781,D,S,T,2024-06-13,3000000.00,4.294534,101.96875
08:00:10,91282CKU4,TSRYS5814781,D,S,T,2024-06-13,1000000.00,4.300687,101.931640625
08:00:10,91282CKU4,TSRYS5814781,D,S,D,2024-06-13,1000000.00,4.308464,101.884765625
08:00:10,91282CKU4,TSRYS5814781,D,S,T,2024-06-13,1000000.00,4.303603,101.9140625
08:00:10,91282CKU4,TSRYS5814781,D,S,T,2024-06-13,1000000.00,4.308788,101.8828125
08:00:10,91282CKU4,TSRYS5814781,D,S,T,2024-06-13,1000000.00,4.308788,101.8828125
08:00:10,91282CKU4,TSRYS5814781,D,S,D,2024-06-13,1000000.00,4.307168,101.892578125
08:00:10,91282CKU4,TSRYS5814781,D,S,D,2024-06-13,1000000.00,4.308464,101.884765625
08:00:10,91282CKU4,TSRYS5814781,D,S,T,2024-06-13,1000000.00,4.308788,101.8828125
08:00:10,91282CKU4,TSRYS5814781,D,S,T,2024-06-13,1000000.00,4.308788,101.8828125
08:00:10,91282CKU4,TSRYS5814781,D,S,T,2024-06-13,1000000.00,4.311381,101.8671875
08:00:10,91282CKU4,TSRYS5814781,D,S,T,2024-06-13,1000000.00,4.311381,101.8671875
08:00:10,91282CKU4,TSRYS5814781,D,S,D,2024-06-13,1000000.00,4.308788,101.8828125
08:00:10,91282CKU4,TSRYS5814781,D,S,T,2024-06-13,1000000.00,4.319164,101.8203125
08:00:10,91282CKU4,TSRYS5814781,D,S,T,2024-06-13,1000000.00,4.319164,101.8203125
08:00:10,91282CKU4,TSRYS5814781,D,S,T,2024-06-13,1000000.00,4.319164,101.8203125
08:00:10,91282CKU4,TSRYS5814781,D,S,T,2024-06-13,1000000.00,4.315272,101.84375
08:00:10,91282CKU4,TSRYS5814781,D,S,D,2024-06-13,1000000.00,4.311057,101.869140625
08:00:10,91282CKU4,TSRYS5814781,D,S,T,2024-06-13,1000000.00,4.311057,101.869140625
08:00:10,91282CKU4,TSRYS5814781,D,S,D,2024-06-13,1000000.00,4.311057,101.869140625
08:00:10,91282CKU4,TSRYS5814781,D,S,T,2024-06-13,1000000.00,4.312678,101.859375
08:00:10,91282CKU4,TSRYS5814781,D,S,T,2024-06-13,1000000.00,4.312678,101.859375
08:00:10,91282CKU4,TSRYS5814781,D,S,D,2024-06-13,1000000.00,4.314948,101.845703125
08:00:10,91282CKU4,TSRYS5814781,D,S,D,2024-06-13,1000000.00,4.314948,101.845703125
08:00:10,91282CKU4,TSRYS5814781,D,S,D,2024-06-13,1000000.00,4.313651,101.853515625
08:00:10,91282CKU4,TSRYS5814781,D,S,D,2024-06-13,1000000.00,4.308788,101.8828125
08:00:10,91282CKU4,TSRYS5814781,D,S,D,2024-06-13,1000000.00,4.308788,101.8828125
08:00:10,91282CKU4,TSRYS5814781,D,S,D,2024-06-13,1000000.00,4.311057,101.869140625
08:00:10,91282CKU4,TSRYS5814781,D,S,D,2024-06-13,1000000.00,4.308788,101.8828125
08:00:10,91282CKU4,TSRYS5814781,D,S,T,2024-06-13,1000000.00,4.312678,101.859375
08:00:10,91282CKU4,TSRYS5814781,D,S,T,2024-06-13,1000000.00,4.312678,101.859375
08:00:10,91282CKU4,TSRYS5814781,D,S,T,2024-06-13,1000000.00,4.308788,101.8828125
08:00:10,91282CKU4,TSRYS5814781,D,S,T,2024-06-13,1000000.00,4.308788,101.8828125
08:00:10,91282CKU4,TSRYS5814781,D,S,T,2024-06-13,1000000.00,4.303603,101.9140625
08:00:10,91282CKU4,TSRYS5814781,D,S,D,2024-06-13,1000000.00,4.301335,101.927734375
08:00:10,91282CKU4,TSRYS5814781,D,S,D,2024-06-13,1000000.00,4.301011,101.9296875
08:00:10,91282CKU4,TSRYS5814781,D,S,D,2024-06-13,1000000.00,4.301011,101.9296875
08:00:10,91282CKU4,TSRYS5814781,D,S,D,2024-06-13,1000000.00,4.301335,101.927734375
08:00:10,91282CKU4,TSRYS5814781,D,S,D,2024-06-13,1000000.00,4.301011,101.9296875
08:00:10,91282CKU4,TSRYS5814781,D,S,D,2024-06-13,1000000.00,4.301335,101.927734375
08:00:10,91282CKU4,TSRYS5814781,D,S,D,2024-06-13,1000000.00,4.301011,101.9296875
08:00:10,91282CKU4,TSRYS5814781,D,S,D,2024-06-13,1000000.00,4.301335,101.927734375
08:00:10,91282CKU4,TSRYS5814781,D,S,T,2024-06-13,1000000.00,4.299715,101.9375
08:00:10,91282CKU4,TSRYS5814781,D,S,T,2024-06-13,1000000.00,4.301011,101.9296875
08:00:10,91282CKU4,TSRYS5814781,D,S,T,2024-06-13,1000000.00,4.302307,101.921875
08:00:10,91282CKU4,TSRYS5814781,D,S,T,2024-06-13,1000000.00,4.302307,101.921875
08:00:10,91282CKU4,TSRYS5814781,D,S,D,2024-06-13,1000000.00,4.304575,101.908203125
08:00:10,91282CKU4,TSRYS5814781,D,S,D,2024-06-13,1000000.00,4.303927,101.912109375
08:00:10,91282CKU4,TSRYS5814781,D,S,T,2024-06-13,1000000.00,4.303603,101.9140625
08:00:10,91282CKU4,TSRYS5814781,D,S,D,2024-06-13,1000000.00,4.304251,101.91015625
08:00:10,91282CKU4,TSRYS5814781,D,S,T,2024-06-13,1000000.00,4.304251,101.91015625
08:00:10,91282CKU4,TSRYS5814781,D,S,T,2024-06-13,1000000.00,4.304251,101.91015625
08:00:10,91282CKU4,TSRYS5814781,D,S,T,2024-06-13,1000000.00,4.301659,101.92578125
08:00:10,91282CKU4,TSRYS5814781,D,S,D,2024-06-13,1000000.00,4.303279,101.916015625
08:00:10,91282CKU4,TSRYS5814781,D,S,D,2024-06-13,1000000.00,4.301335,101.927734375
08:00:10,91282CKU4,TSRYS5814781,D,S,D,2024-06-13,1000000.00,4.301335,101.927734375
08:00:10,91282CKU4,TSRYS5814781,D,S,D,2024-06-13,1000000.00,4.311057,101.869140625
08:00:10,91282CKU4,TSRYS5814781,D,S,T,2024-06-13,2000000.00,4.304899,101.90625
08:00:10,91282CKU4,TSRYS5814781,D,S,T,2024-06-13,1000000.00,4.298744,101.943359375
08:00:10,91282CKU4,TSRYS5814781,D,S,D,2024-06-13,1000000.00,4.301659,101.92578125
08:00:10,91282CKU4,TSRYS5814781,D,S,T,2024-06-13,1000000.00,4.301659,101.92578125
08:00:12,91282CKU4,TSRYS5814781,D,S,T,2024-06-13,1000000.00,4.303279,101.916015625
08:00:13,91282CKU4,TSRYS5814781,D,S,D,2024-06-13,1000000.00,4.295181,101.96484375
08:00:13,91282CKU4,TSRYS5814781,D,S,D,2024-06-13,1000000.00,4.295505,101.962890625
08:00:14,91282CKU4,TSRYS5814781,D,S,T,2024-06-13,1000000.00,4.306195,101.8984375
08:00:14,91282CKU4,TSRYS5814781,D,S,T,2024-06-13,1000000.00,4.304899,101.90625
08:00:14,91282CKU4,TSRYS5814781,D,S,T,2024-06-13,1000000.00,4.306195,101.8984375
08:00:17,91282CKU4,TSRYS5814781,D,S,D,2024-06-13,1000000.00,4.297124,101.953125
08:00:20,91282CKU4,TSRYS5814781,D,S,T,2024-06-13,1000000.00,4.306195,101.8984375
08:00:20,91282CKU4,TSRYS5814781,D,S,T,2024-06-13,1000000.00,4.304899,101.90625
08:00:20,91282CKU4,TSRYS5814781,D,S,T,2024-06-13,1000000.00,4.303603,101.9140625
08:00:20,91282CKU4,TSRYS5814781,D,S,T,2024-06-13,1000000.00,4.302307,101.921875
08:00:23,91282CKU4,TSRYS5814781,D,S,D,2024-06-13,1000000.00,4.306195,101.8984375
08:00:23,91282CKU4,TSRYS5814781,D,S,D,2024-06-13,1000000.00,4.306195,101.8984375
08:00:23,91282CKU4,TSRYS5814781,D,S,T,2024-06-13,1000000.00,4.301011,101.9296875
08:00:23,91282CKU4,TSRYS5814781,D,S,T,2024-06-13,1000000.00,4.302307,101.921875
08:00:23,91282CKU4,TSRYS5814781,D,S,T,2024-06-13,1000000.00,4.305871,101.900390625
08:00:24,91282CKU4,TSRYS5814781,D,S,T,2024-06-13,1000000.00,4.316569,101.8359375
08:00:25,91282CKU4,TSRYS5814781,D,S,D,2024-06-13,1000000.00,4.305547,101.90234375
08:00:25,91282CKU4,TSRYS5814781,D,S,D,2024-06-13,1000000.00,4.306843,101.89453125
08:00:29,91282CKU4,TSRYS5814781,D,S,D,2024-06-13,1000000.00,4.308788,101.8828125
08:00:29,91282CKU4,TSRYS5814781,D,S,D,2024-06-13,1000000.00,4.308788,101.8828125
08:00:29,91282CKU4,TSRYS5814781,D,S,D,2024-06-13,1000000.00,4.308788,101.8828125
08:00:30,91282CKU4,TSRYS5814781,D,S,D,2024-06-13,1000000.00,4.297772,101.94921875
08:00:30,91282CKU4,TSRYS5814781,D,S,T,2024-06-13,1000000.00,4.29842,101.9453125
08:00:30,91282CKU4,TSRYS5814781,D,S,T,2024-06-13,1000000.00,4.29842,101.9453125
08:00:30,91282CKU4,TSRYS5814781,D,S,T,2024-06-13,1000000.00,4.29842,101.9453125
08:00:30,91282CKU4,TSRYS5814781,D,S,T,2024-06-13,1000000.00,4.29842,101.9453125
08:00:30,91282CKU4,TSRYS5814781,D,S,T,2024-06-13,1000000.00,4.299715,101.9375
08:00:30,91282CKU4,TSRYS5814781,D,S,T,2024-06-13,1000000.00,4.299715,101.9375
08:00:30,91282CKU4,TSRYS5814781,D,S,T,2024-06-13,1000000.00,4.299715,101.9375
08:00:30,91282CKU4,TSRYS5814781,D,S,T,2024-06-13,1000000.00,4.299715,101.9375
08:00:30,91282CKU4,TSRYS5814781,D,S,T,2024-06-13,1000000.00,4.299715,101.9375
08:00:30,91282CKU4,TSRYS5814781,D,S,T,2024-06-13,1000000.00,4.299715,101.9375
08:00:30,91282CKU4,TSRYS5814781,D,S,T,2024-06-13,1000000.00,4.292267,101.982421875
08:00:30,91282CKU4,TSRYS5814781,D,S,T,2024-06-13,1000000.00,4.291943,101.984375
08:00:30,91282CKU4,TSRYS5814781,D,S,T,2024-06-13,1000000.00,4.291943,101.984375
08:00:30,91282CKU4,TSRYS5814781,D,S,T,2024-06-13,1000000.00,4.298744,101.943359375
08:00:30,91282CKU4,TSRYS5814781,D,S,T,2024-06-13,1000000.00,4.299715,101.9375
08:00:30,91282CKU4,TSRYS5814781,D,S,T,2024-06-13,1000000.00,4.299715,101.9375
08:00:30,91282CKU4,TSRYS5814781,D,S,T,2024-06-13,1000000.00,4.299715,101.9375
08:00:30,91282CKU4,TSRYS5814781,D,S,T,2024-06-13,1000000.00,4.302307,101.921875
08:00:30,91282CKU4,TSRYS5814781,D,S,T,2024-06-13,1000000.00,4.303603,101.9140625
08:00:30,91282CKU4,TSRYS5814781,D,S,T,2024-06-13,1000000.00,4.304899,101.90625
08:00:30,91282CKU4,TSRYS5814781,D,S,T,2024-06-13,1000000.00,4.304899,101.90625
08:00:30,91282CKU4,TSRYS5814781,D,S,T,2024-06-13,1000000.00,4.304899,101.90625
08:00:30,91282CKU4,TSRYS5814781,D,S,T,2024-06-13,1000000.00,4.303603,101.9140625
08:00:30,91282CKU4,TSRYS5814781,D,S,T,2024-06-13,1000000.00,4.306195,101.8984375
08:00:30,91282CKU4,TSRYS5814781,D,S,D,2024-06-13,1000000.00,4.306195,101.8984375
08:00:30,91282CKU4,TSRYS5814781,D,S,T,2024-06-13,1000000.00,4.306195,101.8984375
08:00:30,91282CKU4,TSRYS5814781,D,S,D,2024-06-13,1000000.00,4.306195,101.8984375
08:00:30,91282CKU4,TSRYS5814781,D,S,D,2024-06-13,2000000.00,4.306195,101.8984375
08:00:30,91282CKU4,TSRYS5814781,D,S,T,2024-06-13,1000000.00,4.306195,101.8984375
08:00:30,91282CKU4,TSRYS5814781,D,S,T,2024-06-13,1000000.00,4.306843,101.89453125
08:00:30,91282CKU4,TSRYS5814781,D,S,T,2024-06-13,1000000.00,4.301983,101.923828125
08:00:30,91282CKU4,TSRYS5814781,D,S,D,2024-06-13,1000000.00,4.301659,101.92578125
08:00:30,91282CKU4,TSRYS5814781,D,S,T,2024-06-13,1000000.00,4.308788,101.8828125
08:00:30,91282CKU4,TSRYS5814781,D,S,T,2024-06-13,2000000.00,4.309436,101.87890625
08:00:30,91282CKU4,TSRYS5814781,D,S,T,2024-06-13,1000000.00,4.309436,101.87890625
08:00:30,91282CKU4,TSRYS5814781,D,S,T,2024-06-13,1000000.00,4.310085,101.875
08:00:30,91282CKU4,TSRYS5814781,D,S,T,2024-06-13,3000000.00,4.309436,101.87890625
08:00:30,91282CKU4,TSRYS5814781,D,S,T,2024-06-13,1000000.00,4.309436,101.87890625
08:00:30,91282CKU4,TSRYS5814781,D,S,T,2024-06-13,1000000.00,4.309436,101.87890625
08:00:30,91282CKU4,TSRYS5814781,D,S,T,2024-06-13,1000000.00,4.312678,101.859375
08:00:30,91282CKU4,TSRYS5814781,D,S,T,2024-06-13,1000000.00,4.312678,101.859375
08:00:30,91282CKU4,TSRYS5814781,D,S,T,2024-06-13,1000000.00,4.319164,101.8203125
08:00:30,91282CKU4,TSRYS5814781,D,S,T,2024-06-13,1000000.00,4.319164,101.8203125
08:00:30,91282CKU4,TSRYS5814781,D,S,T,2024-06-13,1000000.00,4.319164,101.8203125
08:00:30,91282CKU4,TSRYS5814781,D,S,T,2024-06-13,1000000.00,4.317866,101.828125
08:00:30,91282CKU4,TSRYS5814781,D,S,T,2024-06-13,2000000.00,4.317866,101.828125
08:00:30,91282CKU4,TSRYS5814781,D,S,T,2024-06-13,1000000.00,4.317866,101.828125
08:00:30,91282CKU4,TSRYS5814781,D,S,T,2024-06-13,2000000.00,4.318839,101.822265625
08:00:30,91282CKU4,TSRYS5814781,D,S,T,2024-06-13,1000000.00,4.318839,101.822265625
08:00:30,91282CKU4,TSRYS5814781,D,S,T,2024-06-13,1000000.00,4.315272,101.84375
08:00:30,91282CKU4,TSRYS5814781,D,S,T,2024-06-13,1000000.00,4.315272,101.84375
08:00:30,91282CKU4,TSRYS5814781,D,S,T,2024-06-13,1000000.00,4.315272,101.84375
08:00:30,91282CKU4,TSRYS5814781,D,S,T,2024-06-13,1000000.00,4.315272,101.84375
08:00:30,91282CKU4,TSRYS5814781,D,S,T,2024-06-13,1000000.00,4.312678,101.859375
08:00:34,91282CKU4,TSRYS5814781,D,S,T,2024-06-13,1000000.00,4.311381,101.8671875
08:00:34,91282CKU4,TSRYS5814781,D,S,T,2024-06-13,1000000.00,4.307492,101.890625
08:00:34,91282CKU4,TSRYS5814781,D,S,T,2024-06-13,1000000.00,4.315272,101.84375
08:00:34,91282CKU4,TSRYS5814781,D,S,T,2024-06-13,2000000.00,4.313975,101.8515625
08:00:34,91282CKU4,TSRYS5814781,D,S,D,2024-06-13,1000000.00,4.311057,101.869140625
08:00:34,91282CKU4,TSRYS5814781,D,S,T,2024-06-13,1000000.00,4.311057,101.869140625
08:00:34,91282CKU4,TSRYS5814781,D,S,T,2024-06-13,1000000.00,4.311381,101.8671875
08:00:34,91282CKU4,TSRYS5814781,D,S,T,2024-06-13,1000000.00,4.313975,101.8515625
08:00:34,91282CKU4,TSRYS5814781,D,S,T,2024-06-13,1000000.00,4.313651,101.853515625
08:00:34,91282CKU4,TSRYS5814781,D,S,T,2024-06-13,1000000.00,4.311057,101.869140625
08:00:34,91282CKU4,TSRYS5814781,D,S,T,2024-06-13,1000000.00,4.311057,101.869140625
08:00:34,91282CKU4,TSRYS5814781,D,S,T,2024-06-13,1000000.00,4.311057,101.869140625
08:00:34,91282CKU4,TSRYS5814781,D,S,T,2024-06-13,1000000.00,4.303603,101.9140625
08:00:34,91282CKU4,TSRYS5814781,D,S,T,2024-06-13,1000000.00,4.306195,101.8984375
08:00:34,91282CKU4,TSRYS5814781,D,S,T,2024-06-13,1000000.00,4.307492,101.890625
08:00:34,91282CKU4,TSRYS5814781,D,S,T,2024-06-13,1000000.00,4.307492,101.890625
08:00:34,91282CKU4,TSRYS5814781,D,S,T,2024-06-13,1000000.00,4.307492,101.890625
08:00:34,91282CKU4,TSRYS5814781,D,S,T,2024-06-13,2000000.00,4.306519,101.896484375
08:00:34,91282CKU4,TSRYS5814781,D,S,T,2024-06-13,1000000.00,4.302307,101.921875
08:00:34,91282CKU4,TSRYS5814781,D,S,T,2024-06-13,1000000.00,4.301659,101.92578125
08:00:34,91282CKU4,TSRYS5814781,D,S,T,2024-06-13,1000000.00,4.304251,101.91015625
08:00:34,91282CKU4,TSRYS5814781,D,S,T,2024-06-13,1000000.00,4.304899,101.90625
08:00:34,91282CKU4,TSRYS5814781,D,S,T,2024-06-13,1000000.00,4.303603,101.9140625
08:00:34,91282CKU4,TSRYS5814781,D,S,D,2024-06-13,1000000.00,4.301011,101.9296875
08:00:34,91282CKU4,TSRYS5814781,D,S,T,2024-06-13,1000000.00,4.299715,101.9375
08:00:34,91282CKU4,TSRYS5814781,D,S,T,2024-06-13,1000000.00,4.301011,101.9296875
08:00:34,91282CKU4,TSRYS5814781,D,S,T,2024-06-13,1000000.00,4.303603,101.9140625
08:00:34,91282CKU4,TSRYS5814781,D,S,T,2024-06-13,1000000.00,4.303603,101.9140625
08:00:34,91282CKU4,TSRYS5814781,D,S,D,2024-06-13,1000000.00,4.303927,101.912109375
08:00:34,91282CKU4,TSRYS5814781,D,S,T,2024-06-13,1000000.00,4.304899,101.90625
08:00:34,91282CKU4,TSRYS5814781,D,S,D,2024-06-13,1000000.00,4.304251,101.91015625
08:00:34,91282CKU4,TSRYS5814781,D,S,T,2024-06-13,1000000.00,4.301011,101.9296875
08:00:34,91282CKU4,TSRYS5814781,D,S,T,2024-06-13,1000000.00,4.303603,101.9140625
08:00:34,91282CKU4,TSRYS5814781,D,S,T,2024-06-13,1000000.00,4.303603,101.9140625
08:00:34,91282CKU4,TSRYS5814781,D,S,T,2024-06-13,1000000.00,4.302307,101.921875
08:00:34,91282CKU4,TSRYS5814781,D,S,T,2024-06-13,1000000.00,4.303603,101.9140625
08:00:34,91282CKU4,TSRYS5814781,D,S,T,2024-06-13,1000000.00,4.302955,101.91796875
08:00:34,91282CKU4,TSRYS5814781,D,S,T,2024-06-13,1000000.00,4.301011,101.9296875
08:00:34,91282CKU4,TSRYS5814781,D,S,T,2024-06-13,1000000.00,4.301011,101.9296875
08:00:34,91282CKU4,TSRYS5814781,D,S,T,2024-06-13,1000000.00,4.303927,101.912109375
08:00:34,91282CKU4,TSRYS5814781,D,S,T,2024-06-13,1000000.00,4.304251,101.91015625
08:00:34,91282CKU4,TSRYS5814781,D,S,T,2024-06-13,1000000.00,4.304251,101.91015625
08:00:34,91282CKU4,TSRYS5814781,D,S,T,2024-06-13,1000000.00,4.304251,101.91015625
08:00:34,91282CKU4,TSRYS5814781,D,S,T,2024-06-13,1000000.00,4.304251,101.91015625
08:00:34,91282CKU4,TSRYS5814781,D,S,T,2024-06-13,1000000.00,4.304899,101.90625
08:00:34,91282CKU4,TSRYS5814781,D,S,T,2024-06-13,1000000.00,4.304899,101.90625
08:00:34,91282CKU4,TSRYS5814781,D,S,T,2024-06-13,1000000.00,4.304899,101.90625
08:00:34,91282CKU4,TSRYS5814781,D,S,T,2024-06-13,1000000.00,4.304899,101.90625
08:00:34,91282CKU4,TSRYS5814781,D,S,T,2024-06-13,1000000.00,4.304899,101.90625
08:00:34,91282CKU4,TSRYS5814781,D,S,T,2024-06-13,1000000.00,4.304899,101.90625
08:00:34,91282CKU4,TSRYS5814781,D,S,T,2024-06-13,1000000.00,4.304899,101.90625
08:00:34,91282CKU4,TSRYS5814781,D,S,T,2024-06-13,1000000.00,4.304899,101.90625
08:00:34,91282CKU4,TSRYS5814781,D,S,T,2024-06-13,1000000.00,4.304899,101.90625
08:00:34,91282CKU4,TSRYS5814781,D,S,T,2024-06-13,1000000.00,4.304899,101.90625
08:00:34,91282CKU4,TSRYS5814781,D,S,T,2024-06-13,2000000.00,4.307492,101.890625
08:00:34,91282CKU4,TSRYS5814781,D,S,T,2024-06-13,1000000.00,4.307492,101.890625
08:00:34,91282CKU4,TSRYS5814781,D,S,T,2024-06-13,1000000.00,4.307492,101.890625
08:00:34,91282CKU4,TSRYS5814781,D,S,T,2024-06-13,1000000.00,4.307492,101.890625
08:00:34,91282CKU4,TSRYS5814781,D,S,T,2024-06-13,1000000.00,4.304899,101.90625
08:00:34,91282CKU4,TSRYS5814781,D,S,T,2024-06-13,1000000.00,4.299391,101.939453125
08:00:34,91282CKU4,TSRYS5814781,D,S,T,2024-06-13,1000000.00,4.299391,101.939453125
08:00:34,91282CKU4,TSRYS5814781,D,S,T,2024-06-13,6000000.00,4.299391,101.939453125
08:00:34,91282CKU4,TSRYS5814781,D,S,T,2024-06-13,1000000.00,4.303603,101.9140625
08:00:34,91282CKU4,TSRYS5814781,D,S,T,2024-06-13,1000000.00,4.303603,101.9140625
08:00:34,91282CKU4,TSRYS5814781,D,S,T,2024-06-13,1000000.00,4.306195,101.8984375
08:00:34,91282CKU4,TSRYS5814781,D,S,D,2024-06-13,1000000.00,4.307492,101.890625
08:00:34,91282CKU4,TSRYS5814781,D,S,T,2024-06-13,1000000.00,4.302307,101.921875
08:00:34,91282CKU4,TSRYS5814781,D,S,T,2024-06-13,1000000.00,4.303603,101.9140625
08:00:34,91282CKU4,TSRYS5814781,D,S,D,2024-06-13,1000000.00,4.295829,101.9609375
08:00:34,91282CKU4,TSRYS5814781,D,S,D,2024-06-13,1000000.00,4.295181,101.96484375
08:00:34,91282CKU4,TSRYS5814781,D,S,D,2024-06-13,1000000.00,4.295181,101.96484375
08:00:34,91282CKU4,TSRYS5814781,D,S,D,2024-06-13,1000000.00,4.295505,101.962890625
08:00:34,91282CKU4,TSRYS5814781,D,S,D,2024-06-13,1000000.00,4.297772,101.94921875
08:00:34,91282CKU4,TSRYS5814781,D,S,D,2024-06-13,1000000.00,4.299068,101.94140625
08:00:34,91282CKU4,TSRYS5814781,D,S,D,2024-06-13,1000000.00,4.29842,101.9453125
08:00:34,91282CKU4,TSRYS5814781,D,S,D,2024-06-13,1000000.00,4.294857,101.966796875
08:00:34,91282CKU4,TSRYS5814781,D,S,D,2024-06-13,1000000.00,4.294857,101.966796875
08:00:34,91282CKU4,TSRYS5814781,D,S,D,2024-06-13,1000000.00,4.294857,101.966796875
08:00:34,91282CKU4,TSRYS5814781,D,S,D,2024-06-13,1000000.00,4.308788,101.8828125
08:00:34,91282CKU4,TSRYS5814781,D,S,D,2024-06-13,1000000.00,4.309112,101.880859375
08:00:34,91282CKU4,TSRYS5814781,D,S,D,2024-06-13,1000000.00,4.308788,101.8828125
08:00:34,91282CKU4,TSRYS5814781,D,S,D,2024-06-13,1000000.00,4.308788,101.8828125
08:00:34,91282CKU4,TSRYS5814781,D,S,D,2024-06-13,1000000.00,4.308788,101.8828125
08:00:34,91282CKU4,TSRYS5814781,D,S,D,2024-06-13,1000000.00,4.315921,101.83984375
08:00:34,91282CKU4,TSRYS5814781,D,S,D,2024-06-13,1000000.00,4.311057,101.869140625
08:00:34,91282CKU4,TSRYS5814781,D,S,D,2024-06-13,1000000.00,4.311057,101.869140625
08:00:34,91282CKU4,TSRYS5814781,D,S,D,2024-06-13,1000000.00,4.311057,101.869140625
08:00:34,91282CKU4,TSRYS5814781,D,S,D,2024-06-13,1000000.00,4.307168,101.892578125
08:00:34,91282CKU4,TSRYS5814781,D,S,D,2024-06-13,1000000.00,4.303279,101.916015625
08:00:34,91282CKU4,TSRYS5814781,D,S,D,2024-06-13,1000000.00,4.302307,101.921875
08:00:34,91282CKU4,TSRYS5814781,D,S,D,2024-06-13,1000000.00,4.304575,101.908203125
08:00:34,91282CKU4,TSRYS5814781,D,S,D,2024-06-13,1000000.00,4.301011,101.9296875
08:00:34,91282CKU4,TSRYS5814781,D,S,D,2024-06-13,1000000.00,4.301983,101.923828125
08:00:34,91282CKU4,TSRYS5814781,D,S,D,2024-06-13,1000000.00,4.301983,101.923828125
08:00:34,91282CKU4,TSRYS5814781,D,S,D,2024-06-13,1000000.00,4.303603,101.9140625
08:00:34,91282CKU4,TSRYS5814781,D,S,D,2024-06-13,1000000.00,4.303927,101.912109375
08:00:34,91282CKU4,TSRYS5814781,D,S,D,2024-06-13,1000000.00,4.303927,101.912109375
08:00:34,91282CKU4,TSRYS5814781,D,S,D,2024-06-13,1000000.00,4.304251,101.91015625
08:00:34,91282CKU4,TSRYS5814781,D,S,D,2024-06-13,1000000.00,4.303279,101.916015625
08:00:34,91282CKU4,TSRYS5814781,D,S,D,2024-06-13,1000000.00,4.299068,101.94140625
08:00:34,91282CKU4,TSRYS5814781,D,S,D,2024-06-13,1000000.00,4.304251,101.91015625
08:00:34,91282CKU4,TSRYS5814781,D,S,D,2024-06-13,1000000.00,4.294857,101.966796875
08:00:34,91282CKU4,TSRYS5814781,D,S,D,2024-06-13,1000000.00,4.294857,101.966796875
08:00:34,91282CKU4,TSRYS5814781,D,S,D,2024-06-13,1000000.00,4.294857,101.966796875
08:00:34,91282CKU4,TSRYS5814781,D,S,D,2024-06-13,1000000.00,4.306519,101.896484375
08:00:34,91282CKU4,TSRYS5814781,D,S,D,2024-06-13,1000000.00,4.308788,101.8828125
08:00:34,91282CKU4,TSRYS5814781,D,S,D,2024-06-13,1000000.00,4.311057,101.869140625
08:00:34,91282CKU4,TSRYS5814781,D,S,D,2024-06-13,1000000.00,4.311381,101.8671875
08:00:34,91282CKU4,TSRYS5814781,D,S,D,2024-06-13,1000000.00,4.311381,101.8671875
08:00:34,91282CKU4,TSRYS5814781,D,S,D,2024-06-13,1000000.00,4.308788,101.8828125
08:00:34,91282CKU4,TSRYS5814781,D,S,D,2024-06-13,1000000.00,4.308788,101.8828125
08:00:34,91282CKU4,TSRYS5814781,D,S,D,2024-06-13,2000000.00,4.311057,101.869140625
08:00:34,91282CKU4,TSRYS5814781,D,S,D,2024-06-13,2000000.00,4.311057,101.869140625
08:00:34,91282CKU4,TSRYS5814781,D,S,D,2024-06-13,2000000.00,4.311057,101.869140625
08:00:34,91282CKU4,TSRYS5814781,D,S,D,2024-06-13,2000000.00,4.311057,101.869140625
08:00:34,91282CKU4,TSRYS5814781,D,S,D,2024-06-13,1000000.00,4.311381,101.8671875
08:00:34,91282CKU4,TSRYS5814781,D,S,D,2024-06-13,2000000.00,4.308788,101.8828125
08:00:34,91282CKU4,TSRYS5814781,D,S,D,2024-06-13,1000000.00,4.308788,101.8828125
08:00:34,91282CKU4,TSRYS5814781,D,S,D,2024-06-13,1000000.00,4.311057,101.869140625
08:00:34,91282CKU4,TSRYS5814781,D,S,D,2024-06-13,1000000.00,4.311057,101.869140625
08:00:34,91282CKU4,TSRYS5814781,D,S,D,2024-06-13,1000000.00,4.311057,101.869140625
08:00:34,91282CKU4,TSRYS5814781,D,S,D,2024-06-13,1000000.00,4.311057,101.869140625
08:00:34,91282CKU4,TSRYS5814781,D,S,D,2024-06-13,1000000.00,4.311057,101.869140625
08:00:34,91282CKU4,TSRYS5814781,D,S,D,2024-06-13,2000000.00,4.311057,101.869140625
08:00:34,91282CKU4,TSRYS5814781,D,S,D,2024-06-13,2000000.00,4.311057,101.869140625
08:00:34,91282CKU4,TSRYS5814781,D,S,D,2024-06-13,1000000.00,4.311057,101.869140625
08:00:34,91282CKU4,TSRYS5814781,D,S,D,2024-06-13,1000000.00,4.303927,101.912109375
08:00:34,91282CKU4,TSRYS5814781,D,S,D,2024-06-13,2000000.00,4.303927,101.912109375
08:00:34,91282CKU4,TSRYS5814781,D,S,D,2024-06-13,1000000.00,4.303927,101.912109375
08:00:34,91282CKU4,TSRYS5814781,D,S,D,2024-06-13,2000000.00,4.303927,101.912109375
08:00:34,91282CKU4,TSRYS5814781,D,S,D,2024-06-13,1000000.00,4.303927,101.912109375
08:00:34,91282CKU4,TSRYS5814781,D,S,D,2024-06-13,2000000.00,4.303927,101.912109375
08:00:34,91282CKU4,TSRYS5814781,D,S,D,2024-06-13,2000000.00,4.306519,101.896484375
08:00:34,91282CKU4,TSRYS5814781,D,S,D,2024-06-13,1000000.00,4.306519,101.896484375
08:00:34,91282CKU4,TSRYS5814781,D,S,D,2024-06-13,2000000.00,4.306519,101.896484375
08:00:34,91282CKU4,TSRYS5814781,D,S,D,2024-06-13,1000000.00,4.306519,101.896484375
08:00:34,91282CKU4,TSRYS5814781,D,S,D,2024-06-13,2000000.00,4.308788,101.8828125
08:00:34,91282CKU4,TSRYS5814781,D,S,D,2024-06-13,1000000.00,4.311381,101.8671875
08:00:34,91282CKU4,TSRYS5814781,D,S,D,2024-06-13,1000000.00,4.311057,101.869140625
08:00:34,91282CKU4,TSRYS5814781,D,S,D,2024-06-13,1000000.00,4.311057,101.869140625
08:00:34,91282CKU4,TSRYS5814781,D,S,D,2024-06-13,1000000.00,4.311057,101.869140625
08:00:34,91282CKU4,TSRYS5814781,D,S,D,2024-06-13,1000000.00,4.311057,101.869140625
08:00:34,91282CKU4,TSRYS5814781,D,S,D,2024-06-13,2000000.00,4.311057,101.869140625
08:00:34,91282CKU4,TSRYS5814781,D,S,D,2024-06-13,1000000.00,4.311057,101.869140625
08:00:34,91282CKU4,TSRYS5814781,D,S,D,2024-06-13,1000000.00,4.311057,101.869140625
08:00:34,91282CKU4,TSRYS5814781,D,S,D,2024-06-13,1000000.00,4.311057,101.869140625
08:00:34,91282CKU4,TSRYS5814781,D,S,D,2024-06-13,1000000.00,4.311381,101.8671875
08:00:34,91282CKU4,TSRYS5814781,D,S,D,2024-06-13,1000000.00,4.311057,101.869140625
08:00:34,91282CKU4,TSRYS5814781,D,S,D,2024-06-13,2000000.00,4.308788,101.8828125
08:00:34,91282CKU4,TSRYS5814781,D,S,D,2024-06-13,1000000.00,4.308788,101.8828125
08:00:34,91282CKU4,TSRYS5814781,D,S,D,2024-06-13,1000000.00,4.306843,101.89453125
08:00:34,91282CKU4,TSRYS5814781,D,S,D,2024-06-13,2000000.00,4.306843,101.89453125
08:00:34,91282CKU4,TSRYS5814781,D,S,D,2024-06-13,1000000.00,4.306843,101.89453125
08:00:34,91282CKU4,TSRYS5814781,D,S,D,2024-06-13,1000000.00,4.306843,101.89453125
08:00:34,91282CKU4,TSRYS5814781,D,S,D,2024-06-13,1000000.00,4.311057,101.869140625
08:00:34,91282CKU4,TSRYS5814781,D,S,D,2024-06-13,2000000.00,4.306519,101.896484375
08:00:34,91282CKU4,TSRYS5814781,D,S,D,2024-06-13,2000000.00,4.306519,101.896484375
08:00:34,91282CKU4,TSRYS5814781,D,S,D,2024-06-13,1000000.00,4.307168,101.892578125
08:00:34,91282CKU4,TSRYS5814781,D,S,D,2024-06-13,1000000.00,4.307168,101.892578125
08:00:34,91282CKU4,TSRYS5814781,D,S,D,2024-06-13,1000000.00,4.307168,101.892578125
08:00:34,91282CKU4,TSRYS5814781,D,S,D,2024-06-13,1000000.00,4.306843,101.89453125
08:00:34,91282CKU4,TSRYS5814781,D,S,D,2024-06-13,1000000.00,4.30814,101.88671875
08:00:34,91282CKU4,TSRYS5814781,D,S,D,2024-06-13,1000000.00,4.30814,101.88671875
08:00:34,91282CKU4,TSRYS5814781,D,S,D,2024-06-13,1000000.00,4.307168,101.892578125
08:00:34,91282CKU4,TSRYS5814781,D,S,D,2024-06-13,1000000.00,4.307168,101.892578125
08:00:34,91282CKU4,TSRYS5814781,D,S,D,2024-06-13,1000000.00,4.307168,101.892578125
08:00:34,91282CKU4,TSRYS5814781,D,S,D,2024-06-13,2000000.00,4.308788,101.8828125
08:00:34,91282CKU4,TSRYS5814781,D,S,D,2024-06-13,2000000.00,4.302307,101.921875
08:00:34,91282CKU4,TSRYS5814781,D,S,D,2024-06-13,2000000.00,4.302307,101.921875
08:00:34,91282CKU4,TSRYS5814781,D,S,D,2024-06-13,1000000.00,4.301983,101.923828125
08:00:34,91282CKU4,TSRYS5814781,D,S,D,2024-06-13,1000000.00,4.301983,101.923828125
08:00:34,91282CKU4,TSRYS5814781,D,S,D,2024-06-13,1000000.00,4.301983,101.923828125
08:00:34,91282CKU4,TSRYS5814781,D,S,D,2024-06-13,1000000.00,4.302955,101.91796875
08:00:34,91282CKU4,TSRYS5814781,D,S,D,2024-06-13,1000000.00,4.302955,101.91796875
08:00:34,91282CKU4,TSRYS5814781,D,S,D,2024-06-13,1000000.00,4.302955,101.91796875
08:00:34,91282CKU4,TSRYS5814781,D,S,D,2024-06-13,1000000.00,4.299391,101.939453125
08:00:34,91282CKU4,TSRYS5814781,D,S,D,2024-06-13,2000000.00,4.304251,101.91015625
08:00:34,91282CKU4,TSRYS5814781,D,S,D,2024-06-13,1000000.00,4.304251,101.91015625
08:00:34,91282CKU4,TSRYS5814781,D,S,D,2024-06-13,1000000.00,4.301659,101.92578125
08:00:34,91282CKU4,TSRYS5814781,D,S,D,2024-06-13,1000000.00,4.301659,101.92578125
08:00:34,91282CKU4,TSRYS5814781,D,S,D,2024-06-13,2000000.00,4.301659,101.92578125
08:00:34,91282CKU4,TSRYS5814781,D,S,D,2024-06-13,1000000.00,4.301659,101.92578125
08:00:34,91282CKU4,TSRYS5814781,D,S,D,2024-06-13,1000000.00,4.301659,101.92578125
08:00:34,91282CKU4,TSRYS5814781,D,S,D,2024-06-13,1000000.00,4.303927,101.912109375
08:00:34,91282CKU4,TSRYS5814781,D,S,D,2024-06-13,2000000.00,4.303927,101.912109375
08:00:34,91282CKU4,TSRYS5814781,D,S,D,2024-06-13,1000000.00,4.303927,101.912109375
08:00:34,91282CKU4,TSRYS5814781,D,S,D,2024-06-13,2000000.00,4.306519,101.896484375
08:00:34,91282CKU4,TSRYS5814781,D,S,D,2024-06-13,1000000.00,4.306519,101.896484375
08:00:34,91282CKU4,TSRYS5814781,D,S,D,2024-06-13,1000000.00,4.301659,101.92578125
08:00:34,91282CKU4,TSRYS5814781,D,S,D,2024-06-13,1000000.00,4.301659,101.92578125
08:00:34,91282CKU4,TSRYS5814781,D,S,T,2024-06-13,1000000.00,4.295505,101.962890625
08:00:34,91282CKU4,TSRYS5814781,D,S,T,2024-06-13,1000000.00,4.297772,101.94921875
08:00:34,91282CKU4,TSRYS5814781,D,S,T,2024-06-13,3000000.00,4.297772,101.94921875
08:00:34,91282CKU4,TSRYS5814781,D,S,T,2024-06-13,2000000.00,4.297772,101.94921875
08:00:34,91282CKU4,TSRYS5814781,D,S,T,2024-06-13,1000000.00,4.297772,101.94921875
08:00:34,91282CKU4,TSRYS5814781,D,S,T,2024-06-13,1000000.00,4.2968,101.955078125
08:00:34,91282CKU4,TSRYS5814781,D,S,T,2024-06-13,1000000.00,4.295181,101.96484375
08:00:34,91282CKU4,TSRYS5814781,D,S,T,2024-06-13,1000000.00,4.295181,101.96484375
08:00:34,91282CKU4,TSRYS5814781,D,S,T,2024-06-13,2000000.00,4.295181,101.96484375
08:00:34,91282CKU4,TSRYS5814781,D,S,T,2024-06-13,1000000.00,4.295181,101.96484375
08:00:34,91282CKU4,TSRYS5814781,D,S,T,2024-06-13,1000000.00,4.295181,101.96484375
08:00:34,91282CKU4,TSRYS5814781,D,S,T,2024-06-13,1000000.00,4.295181,101.96484375
08:00:34,91282CKU4,TSRYS5814781,D,S,T,2024-06-13,2000000.00,4.295181,101.96484375
08:00:34,91282CKU4,TSRYS5814781,D,S,T,2024-06-13,1000000.00,4.299068,101.94140625
08:00:34,91282CKU4,TSRYS5814781,D,S,T,2024-06-13,1000000.00,4.299068,101.94140625
08:00:34,91282CKU4,TSRYS5814781,D,S,T,2024-06-13,1000000.00,4.29421,101.970703125
08:00:34,91282CKU4,TSRYS5814781,D,S,T,2024-06-13,1000000.00,4.295829,101.9609375
08:00:34,91282CKU4,TSRYS5814781,D,S,T,2024-06-13,1000000.00,4.29842,101.9453125
08:00:34,91282CKU4,TSRYS5814781,D,S,T,2024-06-13,1000000.00,4.295829,101.9609375
08:00:34,91282CKU4,TSRYS5814781,D,S,T,2024-06-13,1000000.00,4.29842,101.9453125
08:00:34,91282CKU4,TSRYS5814781,D,S,T,2024-06-13,1000000.00,4.295829,101.9609375
08:00:34,91282CKU4,TSRYS5814781,D,S,T,2024-06-13,1000000.00,4.293238,101.9765625
08:00:34,91282CKU4,TSRYS5814781,D,S,T,2024-06-13,1000000.00,4.293238,101.9765625
08:00:34,91282CKU4,TSRYS5814781,D,S,T,2024-06-13,1000000.00,4.293238,101.9765625
08:00:34,91282CKU4,TSRYS5814781,D,S,D,2024-06-13,2000000.00,4.293238,101.9765625
08:00:34,91282CKU4,TSRYS5814781,D,S,T,2024-06-13,1000000.00,4.293238,101.9765625
08:00:34,91282CKU4,TSRYS5814781,D,S,T,2024-06-13,1000000.00,4.293562,101.974609375
08:00:34,91282CKU4,TSRYS5814781,D,S,T,2024-06-13,1000000.00,4.293238,101.9765625
08:00:34,91282CKU4,TSRYS5814781,D,S,T,2024-06-13,1000000.00,4.293238,101.9765625
08:00:34,91282CKU4,TSRYS5814781,D,S,T,2024-06-13,1000000.00,4.293238,101.9765625
08:00:34,91282CKU4,TSRYS5814781,D,S,T,2024-06-13,1000000.00,4.295829,101.9609375
08:00:34,91282CKU4,TSRYS5814781,D,S,T,2024-06-13,1000000.00,4.295829,101.9609375
08:00:34,91282CKU4,TSRYS5814781,D,S,T,2024-06-13,1000000.00,4.294534,101.96875
08:00:34,91282CKU4,TSRYS5814781,D,S,T,2024-06-13,1000000.00,4.294534,101.96875
08:00:34,91282CKU4,TSRYS5814781,D,S,T,2024-06-13,1000000.00,4.294857,101.966796875
08:00:34,91282CKU4,TSRYS5814781,D,S,T,2024-06-13,1000000.00,4.294857,101.966796875
08:00:34,91282CKU4,TSRYS5814781,D,S,T,2024-06-13,1000000.00,4.294534,101.96875
08:00:34,91282CKU4,TSRYS5814781,D,S,T,2024-06-13,1000000.00,4.303927,101.912109375
08:00:34,91282CKU4,TSRYS5814781,D,S,T,2024-06-13,1000000.00,4.303927,101.912109375
08:00:34,91282CKU4,TSRYS5814781,D,S,D,2024-06-13,1000000.00,4.303927,101.912109375
08:00:34,91282CKU4,TSRYS5814781,D,S,D,2024-06-13,1000000.00,4.303927,101.912109375
08:00:34,91282CKU4,TSRYS5814781,D,S,T,2024-06-13,1000000.00,4.303927,101.912109375
08:00:34,91282CKU4,TSRYS5814781,D,S,D,2024-06-13,1000000.00,4.303927,101.912109375
08:00:34,91282CKU4,TSRYS5814781,D,S,D,2024-06-13,2000000.00,4.303927,101.912109375
08:00:34,91282CKU4,TSRYS5814781,D,S,T,2024-06-13,2000000.00,4.303927,101.912109375
08:00:34,91282CKU4,TSRYS5814781,D,S,D,2024-06-13,3000000.00,4.303927,101.912109375
08:00:34,91282CKU4,TSRYS5814781,D,S,D,2024-06-13,1000000.00,4.303927,101.912109375
08:00:34,91282CKU4,TSRYS5814781,D,S,T,2024-06-13,1000000.00,4.303927,101.912109375
08:00:34,91282CKU4,TSRYS5814781,D,S,T,2024-06-13,1000000.00,4.303927,101.912109375
08:00:34,91282CKU4,TSRYS5814781,D,S,D,2024-06-13,1000000.00,4.303603,101.9140625
08:00:34,91282CKU4,TSRYS5814781,D,S,T,2024-06-13,1000000.00,4.306195,101.8984375
08:00:34,91282CKU4,TSRYS5814781,D,S,D,2024-06-13,1000000.00,4.306195,101.8984375
08:00:34,91282CKU4,TSRYS5814781,D,S,T,2024-06-13,2000000.00,4.306195,101.8984375
08:00:34,91282CKU4,TSRYS5814781,D,S,D,2024-06-13,3000000.00,4.306195,101.8984375
08:00:34,91282CKU4,TSRYS5814781,D,S,D,2024-06-13,2000000.00,4.306195,101.8984375
08:00:34,91282CKU4,TSRYS5814781,D,S,T,2024-06-13,1000000.00,4.301983,101.923828125
08:00:34,91282CKU4,TSRYS5814781,D,S,T,2024-06-13,1000000.00,4.301659,101.92578125
08:00:34,91282CKU4,TSRYS5814781,D,S,D,2024-06-13,1000000.00,4.301659,101.92578125
08:00:34,91282CKU4,TSRYS5814781,D,S,D,2024-06-13,1000000.00,4.301659,101.92578125
08:00:34,91282CKU4,TSRYS5814781,D,S,T,2024-06-13,1000000.00,4.303927,101.912109375
08:00:34,91282CKU4,TSRYS5814781,D,S,D,2024-06-13,2000000.00,4.303927,101.912109375
08:00:34,91282CKU4,TSRYS5814781,D,S,T,2024-06-13,1000000.00,4.306195,101.8984375
08:00:34,91282CKU4,TSRYS5814781,D,S,T,2024-06-13,1000000.00,4.306195,101.8984375
08:00:34,91282CKU4,TSRYS5814781,D,S,T,2024-06-13,2000000.00,4.308464,101.884765625
08:00:34,91282CKU4,TSRYS5814781,D,S,T,2024-06-13,2000000.00,4.308464,101.884765625
08:00:34,91282CKU4,TSRYS5814781,D,S,T,2024-06-13,1000000.00,4.308464,101.884765625
08:00:34,91282CKU4,TSRYS5814781,D,S,T,2024-06-13,1000000.00,4.309112,101.880859375
08:00:34,91282CKU4,TSRYS5814781,D,S,T,2024-06-13,1000000.00,4.309112,101.880859375
08:00:34,91282CKU4,TSRYS5814781,D,S,D,2024-06-13,1000000.00,4.308788,101.8828125
08:00:34,91282CKU4,TSRYS5814781,D,S,D,2024-06-13,1000000.00,4.308788,101.8828125
08:00:34,91282CKU4,TSRYS5814781,D,S,T,2024-06-13,1000000.00,4.308788,101.8828125
08:00:34,91282CKU4,TSRYS5814781,D,S,T,2024-06-13,1000000.00,4.308788,101.8828125
08:00:34,91282CKU4,TSRYS5814781,D,S,T,2024-06-13,1000000.00,4.309436,101.87890625
08:00:34,91282CKU4,TSRYS5814781,D,S,T,2024-06-13,1000000.00,4.308788,101.8828125
08:00:34,91282CKU4,TSRYS5814781,D,S,T,2024-06-13,1000000.00,4.315921,101.83984375
08:00:34,91282CKU4,TSRYS5814781,D,S,T,2024-06-13,1000000.00,4.318515,101.82421875
08:00:34,91282CKU4,TSRYS5814781,D,S,T,2024-06-13,1000000.00,4.318515,101.82421875
08:00:34,91282CKU4,TSRYS5814781,D,S,T,2024-06-13,1000000.00,4.318515,101.82421875
08:00:34,91282CKU4,TSRYS5814781,D,S,T,2024-06-13,1000000.00,4.315921,101.83984375
08:00:34,91282CKU4,TSRYS5814781,D,S,T,2024-06-13,1000000.00,4.315921,101.83984375
08:00:34,91282CKU4,TSRYS5814781,D,S,T,2024-06-13,2000000.00,4.311057,101.869140625
08:00:34,91282CKU4,TSRYS5814781,D,S,T,2024-06-13,1000000.00,4.311057,101.869140625
08:00:34,91282CKU4,TSRYS5814781,D,S,T,2024-06-13,1000000.00,4.311057,101.869140625
08:00:34,91282CKU4,TSRYS5814781,D,S,T,2024-06-13,1000000.00,4.311057,101.869140625
08:00:34,91282CKU4,TSRYS5814781,D,S,T,2024-06-13,1000000.00,4.311057,101.869140625
08:00:34,91282CKU4,TSRYS5814781,D,S,T,2024-06-13,1000000.00,4.311057,101.869140625
08:00:34,91282CKU4,TSRYS5814781,D,S,T,2024-06-13,1000000.00,4.313651,101.853515625
08:00:34,91282CKU4,TSRYS5814781,D,S,T,2024-06-13,1000000.00,4.313651,101.853515625
08:00:34,91282CKU4,TSRYS5814781,D,S,T,2024-06-13,1000000.00,4.311057,101.869140625
08:00:34,91282CKU4,TSRYS5814781,D,S,T,2024-06-13,1000000.00,4.311057,101.869140625
08:00:34,91282CKU4,TSRYS5814781,D,S,T,2024-06-13,1000000.00,4.311057,101.869140625
08:00:34,91282CKU4,TSRYS5814781,D,S,T,2024-06-13,1000000.00,4.311057,101.869140625
08:00:34,91282CKU4,TSRYS5814781,D,S,T,2024-06-13,1000000.00,4.311057,101.869140625
08:00:34,91282CKU4,TSRYS5814781,D,S,T,2024-06-13,1000000.00,4.306843,101.89453125
08:00:34,91282CKU4,TSRYS5814781,D,S,T,2024-06-13,1000000.00,4.305871,101.900390625
08:00:34,91282CKU4,TSRYS5814781,D,S,T,2024-06-13,1000000.00,4.305871,101.900390625
08:00:34,91282CKU4,TSRYS5814781,D,S,T,2024-06-13,1000000.00,4.304899,101.90625
08:00:34,91282CKU4,TSRYS5814781,D,S,T,2024-06-13,1000000.00,4.303279,101.916015625
08:00:34,91282CKU4,TSRYS5814781,D,S,T,2024-06-13,1000000.00,4.301659,101.92578125
08:00:34,91282CKU4,TSRYS5814781,D,S,T,2024-06-13,1000000.00,4.301983,101.923828125
08:00:34,91282CKU4,TSRYS5814781,D,S,T,2024-06-13,1000000.00,4.302307,101.921875
08:00:34,91282CKU4,TSRYS5814781,D,S,T,2024-06-13,1000000.00,4.301983,101.923828125
08:00:34,91282CKU4,TSRYS5814781,D,S,T,2024-06-13,1000000.00,4.302631,101.919921875
08:00:34,91282CKU4,TSRYS5814781,D,S,T,2024-06-13,2000000.00,4.303927,101.912109375
08:00:34,91282CKU4,TSRYS5814781,D,S,T,2024-06-13,1000000.00,4.302631,101.919921875
08:00:34,91282CKU4,TSRYS5814781,D,S,T,2024-06-13,1000000.00,4.303927,101.912109375
08:00:34,91282CKU4,TSRYS5814781,D,S,T,2024-06-13,1000000.00,4.303927,101.912109375
08:00:34,91282CKU4,TSRYS5814781,D,S,T,2024-06-13,1000000.00,4.301983,101.923828125
08:00:34,91282CKU4,TSRYS5814781,D,S,T,2024-06-13,1000000.00,4.301983,101.923828125
08:00:34,91282CKU4,TSRYS5814781,D,S,T,2024-06-13,1000000.00,4.299068,101.94140625
08:00:34,91282CKU4,TSRYS5814781,D,S,T,2024-06-13,2000000.00,4.299068,101.94140625
08:00:34,91282CKU4,TSRYS5814781,D,S,T,2024-06-13,2000000.00,4.299068,101.94140625
08:00:34,91282CKU4,TSRYS5814781,D,S,T,2024-06-13,1000000.00,4.300687,101.931640625
08:00:34,91282CKU4,TSRYS5814781,D,S,T,2024-06-13,1000000.00,4.301011,101.9296875
08:00:34,91282CKU4,TSRYS5814781,D,S,T,2024-06-13,1000000.00,4.301659,101.92578125
08:00:34,91282CKU4,TSRYS5814781,D,S,T,2024-06-13,1000000.00,4.301659,101.92578125
08:00:34,91282CKU4,TSRYS5814781,D,S,T,2024-06-13,2000000.00,4.301659,101.92578125
08:00:34,91282CKU4,TSRYS5814781,D,S,T,2024-06-13,1000000.00,4.304899,101.90625
08:00:34,91282CKU4,TSRYS5814781,D,S,T,2024-06-13,1000000.00,4.304899,101.90625
08:00:34,91282CKU4,TSRYS5814781,D,S,T,2024-06-13,1000000.00,4.304899,101.90625
08:00:34,91282CKU4,TSRYS5814781,D,S,T,2024-06-13,2000000.00,4.304251,101.91015625
08:00:34,91282CKU4,TSRYS5814781,D,S,T,2024-06-13,2000000.00,4.304251,101.91015625
08:00:34,91282CKU4,TSRYS5814781,D,S,T,2024-06-13,1000000.00,4.303927,101.912109375
08:00:34,91282CKU4,TSRYS5814781,D,S,T,2024-06-13,1000000.00,4.303927,101.912109375
08:00:34,91282CKU4,TSRYS5814781,D,S,T,2024-06-13,1000000.00,4.304251,101.91015625
08:00:34,91282CKU4,TSRYS5814781,D,S,T,2024-06-13,1000000.00,4.304251,101.91015625
08:00:34,91282CKU4,TSRYS5814781,D,S,T,2024-06-13,1000000.00,4.301659,101.92578125
08:00:34,91282CKU4,TSRYS5814781,D,S,T,2024-06-13,1000000.00,4.301659,101.92578125
08:00:34,91282CKU4,TSRYS5814781,D,S,T,2024-06-13,1000000.00,4.301011,101.9296875
08:00:34,91282CKU4,TSRYS5814781,D,S,T,2024-06-13,2000000.00,4.301659,101.92578125
08:00:34,91282CKU4,TSRYS5814781,D,S,T,2024-06-13,1000000.00,4.301659,101.92578125
08:00:34,91282CKU4,TSRYS5814781,D,S,T,2024-06-13,1000000.00,4.301659,101.92578125
08:00:34,91282CKU4,TSRYS5814781,D,S,T,2024-06-13,2000000.00,4.301659,101.92578125
08:00:34,91282CKU4,TSRYS5814781,D,S,T,2024-06-13,2000000.00,4.301659,101.92578125
08:00:34,91282CKU4,TSRYS5814781,D,S,T,2024-06-13,2000000.00,4.299068,101.94140625
08:00:34,91282CKU4,TSRYS5814781,D,S,T,2024-06-13,2000000.00,4.301659,101.92578125
08:00:34,91282CKU4,TSRYS5814781,D,S,T,2024-06-13,1000000.00,4.302955,101.91796875
08:00:34,91282CKU4,TSRYS5814781,D,S,T,2024-06-13,1000000.00,4.302955,101.91796875
08:00:34,91282CKU4,TSRYS5814781,D,S,T,2024-06-13,1000000.00,4.304251,101.91015625
08:00:34,91282CKU4,TSRYS5814781,D,S,T,2024-06-13,1000000.00,4.304251,101.91015625
08:00:34,91282CKU4,TSRYS5814781,D,S,T,2024-06-13,1000000.00,4.304251,101.91015625
08:00:34,91282CKU4,TSRYS5814781,D,S,T,2024-06-13,1000000.00,4.304575,101.908203125
08:00:34,91282CKU4,TSRYS5814781,D,S,T,2024-06-13,1000000.00,4.304251,101.91015625
08:00:34,91282CKU4,TSRYS5814781,D,S,T,2024-06-13,1000000.00,4.304251,101.91015625
08:00:34,91282CKU4,TSRYS5814781,D,S,T,2024-06-13,1000000.00,4.304251,101.91015625
08:00:34,91282CKU4,TSRYS5814781,D,S,T,2024-06-13,1000000.00,4.304251,101.91015625
08:00:34,91282CKU4,TSRYS5814781,D,S,T,2024-06-13,1000000.00,4.304251,101.91015625
08:00:34,91282CKU4,TSRYS5814781,D,S,T,2024-06-13,1000000.00,4.311057,101.869140625
08:00:34,91282CKU4,TSRYS5814781,D,S,T,2024-06-13,1000000.00,4.300687,101.931640625
08:00:34,91282CKU4,TSRYS5814781,D,S,T,2024-06-13,4000000.00,4.299068,101.94140625
08:00:34,91282CKU4,TSRYS5814781,D,S,T,2024-06-13,1000000.00,4.299068,101.94140625
08:00:34,91282CKU4,TSRYS5814781,D,S,T,2024-06-13,1000000.00,4.304251,101.91015625
08:00:34,91282CKU4,TSRYS5814781,D,S,T,2024-06-13,1000000.00,4.304251,101.91015625
08:00:34,91282CKU4,TSRYS5814781,D,S,T,2024-06-13,1000000.00,4.306195,101.8984375
08:00:34,91282CKU4,TSRYS5814781,D,S,T,2024-06-13,1000000.00,4.306195,101.8984375
08:00:34,91282CKU4,TSRYS5814781,D,S,T,2024-06-13,1000000.00,4.306195,101.8984375
08:00:34,91282CKU4,TSRYS5814781,D,S,T,2024-06-13,1000000.00,4.306195,101.8984375
08:00:34,91282CKU4,TSRYS5814781,D,S,T,2024-06-13,1000000.00,4.306195,101.8984375
08:00:34,91282CKU4,TSRYS5814781,D,S,T,2024-06-13,1000000.00,4.306195,101.8984375
08:00:34,91282CKU4,TSRYS5814781,D,S,T,2024-06-13,1000000.00,4.306195,101.8984375
08:00:34,91282CKU4,TSRYS5814781,D,S,T,2024-06-13,1000000.00,4.308788,101.8828125
08:00:34,91282CKU4,TSRYS5814781,D,S,D,2024-06-13,1000000.00,4.315272,101.84375
08:00:34,91282CKU4,TSRYS5814781,D,S,T,2024-06-13,1000000.00,4.301335,101.927734375
08:00:34,91282CKU4,TSRYS5814781,D,S,T,2024-06-13,2000000.00,4.301335,101.927734375
08:00:34,91282CKU4,TSRYS5814781,D,S,D,2024-06-13,1000000.00,4.301983,101.923828125
08:00:34,91282CKU4,TSRYS5814781,D,S,D,2024-06-13,2000000.00,4.301659,101.92578125
08:00:38,91282CKU4,TSRYS5814781,D,S,T,2024-06-13,1000000.00,4.302307,101.921875
08:00:38,91282CKU4,TSRYS5814781,D,S,D,2024-06-13,1000000.00,4.315596,101.841796875
08:00:38,91282CKU4,TSRYS5814781,D,S,T,2024-06-13,1000000.00,4.29842,101.9453125
08:00:38,91282CKU4,TSRYS5814781,D,S,T,2024-06-13,1000000.00,4.299715,101.9375
08:00:38,91282CKU4,TSRYS5814781,D,S,T,2024-06-13,1000000.00,4.299715,101.9375
08:00:38,91282CKU4,TSRYS5814781,D,S,T,2024-06-13,1000000.00,4.303603,101.9140625
08:00:38,91282CKU4,TSRYS5814781,D,S,T,2024-06-13,1000000.00,4.29842,101.9453125
08:00:38,91282CKU4,TSRYS5814781,D,S,T,2024-06-13,1000000.00,4.291943,101.984375
08:00:38,91282CKU4,TSRYS5814781,D,S,T,2024-06-13,1000000.00,4.300687,101.931640625
08:00:38,91282CKU4,TSRYS5814781,D,S,T,2024-06-13,1000000.00,4.301335,101.927734375
08:00:38,91282CKU4,TSRYS5814781,D,S,T,2024-06-13,1000000.00,4.300687,101.931640625
08:00:38,91282CKU4,TSRYS5814781,D,S,T,2024-06-13,1000000.00,4.297124,101.953125
08:00:38,91282CKU4,TSRYS5814781,D,S,T,2024-06-13,1000000.00,4.293238,101.9765625
08:00:38,91282CKU4,TSRYS5814781,D,S,T,2024-06-13,1000000.00,4.293238,101.9765625
08:00:38,91282CKU4,TSRYS5814781,D,S,T,2024-06-13,1000000.00,4.293238,101.9765625
08:00:38,91282CKU4,TSRYS5814781,D,S,T,2024-06-13,1000000.00,4.291943,101.984375
08:00:38,91282CKU4,TSRYS5814781,D,S,C,2024-06-13,5000000.00,4.305547,101.90234375
08:00:38,91282CKU4,TSRYS5814781,D,S,C,2024-06-13,1000000.00,4.316904,101.833921875
08:00:42,91282CKU4,TSRYS5814781,D,S,A,2024-06-13,1000000.00,4.308788,101.8828125
08:00:42,91282CKU4,TSRYS5814781,D,S,D,2024-06-13,1000000.00,4.308788,101.8828125
08:00:42,91282CKU4,TSRYS5814781,D,S,T,2024-06-13,2000000.00,4.301659,101.92578125
08:00:42,91282CKU4,TSRYS5814781,D,S,T,2024-06-13,2000000.00,4.301659,101.92578125
08:00:42,91282CKU4,TSRYS5814781,D,S,T,2024-06-13,1000000.00,4.301659,101.92578125
08:00:42,91282CKU4,TSRYS5814781,D,S,T,2024-06-13,1000000.00,4.301659,101.92578125
08:00:42,91282CKU4,TSRYS5814781,D,S,T,2024-06-13,2000000.00,4.301659,101.92578125
08:00:42,91282CKU4,TSRYS5814781,D,S,T,2024-06-13,2000000.00,4.301659,101.92578125
08:00:42,91282CKU4,TSRYS5814781,D,S,T,2024-06-13,2000000.00,4.301659,101.92578125
08:00:42,91282CKU4,TSRYS5814781,D,S,T,2024-06-13,2000000.00,4.301659,101.92578125
08:00:42,91282CKU4,TSRYS5814781,D,S,T,2024-06-13,2000000.00,4.301659,101.92578125
08:00:42,91282CKU4,TSRYS5814781,D,S,T,2024-06-13,2000000.00,4.301659,101.92578125
08:00:42,91282CKU4,TSRYS5814781,D,S,T,2024-06-13,1000000.00,4.301659,101.92578125
08:00:42,91282CKU4,TSRYS5814781,D,S,T,2024-06-13,1000000.00,4.301659,101.92578125
08:00:42,91282CKU4,TSRYS5814781,D,S,T,2024-06-13,2000000.00,4.301659,101.92578125
08:00:42,91282CKU4,TSRYS5814781,D,S,T,2024-06-13,1000000.00,4.301659,101.92578125
08:00:42,91282CKU4,TSRYS5814781,D,S,T,2024-06-13,1000000.00,4.301659,101.92578125
08:00:42,91282CKU4,TSRYS5814781,D,S,T,2024-06-13,2000000.00,4.301659,101.92578125
08:00:42,91282CKU4,TSRYS5814781,D,S,T,2024-06-13,1000000.00,4.299715,101.9375
08:00:42,91282CKU4,TSRYS5814781,D,S,T,2024-06-13,1000000.00,4.299715,101.9375
08:00:42,91282CKU4,TSRYS5814781,D,S,T,2024-06-13,1000000.00,4.299715,101.9375
08:00:42,91282CKU4,TSRYS5814781,D,S,T,2024-06-13,2000000.00,4.299715,101.9375
08:00:42,91282CKU4,TSRYS5814781,D,S,T,2024-06-13,2000000.00,4.299715,101.9375
08:00:42,91282CKU4,TSRYS5814781,D,S,T,2024-06-13,2000000.00,4.299715,101.9375
08:00:42,91282CKU4,TSRYS5814781,D,S,T,2024-06-13,2000000.00,4.303603,101.9140625
08:00:42,91282CKU4,TSRYS5814781,D,S,T,2024-06-13,2000000.00,4.304251,101.91015625
08:00:42,91282CKU4,TSRYS5814781,D,S,T,2024-06-13,2000000.00,4.304251,101.91015625
08:00:42,91282CKU4,TSRYS5814781,D,S,T,2024-06-13,2000000.00,4.304251,101.91015625
08:00:42,91282CKU4,TSRYS5814781,D,S,T,2024-06-13,1000000.00,4.304251,101.91015625
08:00:42,91282CKU4,TSRYS5814781,D,S,T,2024-06-13,1000000.00,4.304251,101.91015625
08:00:42,91282CKU4,TSRYS5814781,D,S,T,2024-06-13,2000000.00,4.304251,101.91015625
08:00:42,91282CKU4,TSRYS5814781,D,S,T,2024-06-13,1000000.00,4.304251,101.91015625
08:00:42,91282CKU4,TSRYS5814781,D,S,T,2024-06-13,2000000.00,4.304251,101.91015625
08:00:42,91282CKU4,TSRYS5814781,D,S,T,2024-06-13,1000000.00,4.304251,101.91015625
08:00:42,91282CKU4,TSRYS5814781,D,S,T,2024-06-13,2000000.00,4.304251,101.91015625
08:00:42,91282CKU4,TSRYS5814781,D,S,T,2024-06-13,2000000.00,4.304251,101.91015625
08:00:42,91282CKU4,TSRYS5814781,D,S,T,2024-06-13,2000000.00,4.304251,101.91015625
08:00:42,91282CKU4,TSRYS5814781,D,S,T,2024-06-13,1000000.00,4.304251,101.91015625
08:00:42,91282CKU4,TSRYS5814781,D,S,T,2024-06-13,2000000.00,4.304251,101.91015625
08:00:42,91282CKU4,TSRYS5814781,D,S,T,2024-06-13,1000000.00,4.304251,101.91015625
08:00:42,91282CKU4,TSRYS5814781,D,S,T,2024-06-13,1000000.00,4.304251,101.91015625
08:00:42,91282CKU4,TSRYS5814781,D,S,T,2024-06-13,2000000.00,4.304251,101.91015625
08:00:42,91282CKU4,TSRYS5814781,D,S,T,2024-06-13,2000000.00,4.304251,101.91015625
08:00:42,91282CKU4,TSRYS5814781,D,S,T,2024-06-13,2000000.00,4.304251,101.91015625
08:00:42,91282CKU4,TSRYS5814781,D,S,T,2024-06-13,2000000.00,4.304251,101.91015625
08:00:42,91282CKU4,TSRYS5814781,D,S,T,2024-06-13,2000000.00,4.304251,101.91015625
08:00:42,91282CKU4,TSRYS5814781,D,S,T,2024-06-13,2000000.00,4.303603,101.9140625
08:00:42,91282CKU4,TSRYS5814781,D,S,T,2024-06-13,1000000.00,4.303603,101.9140625
08:00:42,91282CKU4,TSRYS5814781,D,S,T,2024-06-13,2000000.00,4.303603,101.9140625
08:00:42,91282CKU4,TSRYS5814781,D,S,T,2024-06-13,2000000.00,4.303603,101.9140625
08:00:42,91282CKU4,TSRYS5814781,D,S,T,2024-06-13,2000000.00,4.303603,101.9140625
08:00:42,91282CKU4,TSRYS5814781,D,S,T,2024-06-13,2000000.00,4.303603,101.9140625
08:00:42,91282CKU4,TSRYS5814781,D,S,T,2024-06-13,2000000.00,4.303603,101.9140625
08:00:42,91282CKU4,TSRYS5814781,D,S,T,2024-06-13,1000000.00,4.299068,101.94140625
08:00:42,91282CKU4,TSRYS5814781,D,S,T,2024-06-13,1000000.00,4.299068,101.94140625
08:00:42,91282CKU4,TSRYS5814781,D,S,T,2024-06-13,1000000.00,4.295181,101.96484375
08:00:42,91282CKU4,TSRYS5814781,D,B,C,2024-06-13,100000000.00,4.302993,101.9177406
08:00:42,91282CKU4,TSRYS5814781,D,S,D,2024-06-13,38000000.00,4.306299,101.89781
08:00:42,91282CKU4,TSRYS5814781,D,B,A,2024-06-13,5000000.00,4.305547,101.90234375
08:00:42,91282CKU4,TSRYS5814781,D,S,D,2024-06-13,2000000.00,4.305871,101.900390625
08:00:44,91282CKU4,TSRYS5814781,D,S,C,2024-06-13,3000000.00,4.303603,101.9140625
08:00:44,91282CKU4,TSRYS5814781,D,S,D,2024-06-13,99600000.00,4.303021,101.91756875
08:00:44,91282CKU4,TSRYS5814781,D,B,C,2024-06-13,99600000.00,4.303398,101.9153
08:00:45,91282CKU4,TSRYS5814781,D,S,D,2024-06-13,1000000.00,4.311057,101.869140625
08:00:45,91282CKU4,TSRYS5814781,D,S,D,2024-06-13,1000000.00,4.311057,101.869140625
08:00:45,91282CKU4,TSRYS5814781,D,B,C,2024-06-13,961000.00,4.307492,101.890625
08:00:45,91282CKU4,TSRYS5814781,D,S,D,2024-06-13,961000.00,4.307492,101.890625
08:00:47,91282CKU4,TSRYS5814781,D,S,T,2024-06-13,1000000.00,4.301335,101.927734375
08:00:48,91282CKU4,TSRYS5814781,D,S,T,2024-06-13,1000000.00,4.301011,101.9296875
08:00:48,91282CKU4,TSRYS5814781,D,S,T,2024-06-13,1000000.00,4.301011,101.9296875
08:00:49,91282CKU4,TSRYS5814781,D,S,D,2024-06-13,1000000.00,4.30814,101.88671875
08:00:49,91282CKU4,TSRYS5814781,D,S,D,2024-06-13,1000000.00,4.300363,101.93359375
08:00:49,91282CKU4,TSRYS5814781,D,S,D,2024-06-13,3000000.00,4.303603,101.9140625
08:00:50,91282CKU4,TSRYS5814781,D,S,T,2024-06-13,2000000.00,4.300039,101.935546875
08:00:50,91282CKU4,TSRYS5814781,D,S,D,2024-06-13,1000000.00,4.301011,101.9296875
08:00:50,91282CKU4,TSRYS5814781,D,S,T,2024-06-13,1000000.00,4.301011,101.9296875
08:00:50,91282CKU4,TSRYS5814781,D,S,T,2024-06-13,1000000.00,4.301659,101.92578125
08:00:50,91282CKU4,TSRYS5814781,D,S,T,2024-06-13,2000000.00,4.301659,101.92578125
08:00:51,91282CKU4,TSRYS5814781,D,S,T,2024-06-13,1000000.00,4.301011,101.9296875
08:00:51,91282CKU4,TSRYS5814781,D,S,D,2024-06-13,1000000.00,4.301659,101.92578125
08:00:51,91282CKU4,TSRYS5814781,D,S,D,2024-06-13,1000000.00,4.301011,101.9296875
08:00:51,91282CKU4,TSRYS5814781,D,S,D,2024-06-13,1000000.00,4.299391,101.939453125
08:00:51,91282CKU4,TSRYS5814781,D,S,D,2024-06-13,1000000.00,4.303279,101.916015625
08:00:51,91282CKU4,TSRYS5814781,D,S,D,2024-06-13,1000000.00,4.302307,101.921875
08:00:51,91282CKU4,TSRYS5814781,D,S,T,2024-06-13,1000000.00,4.300363,101.93359375
08:00:52,91282CKU4,TSRYS5814781,D,S,T,2024-06-13,1000000.00,4.300039,101.935546875
08:00:52,91282CKU4,TSRYS5814781,D,S,T,2024-06-13,1000000.00,4.300363,101.93359375
08:00:52,91282CKU4,TSRYS5814781,D,S,D,2024-06-13,1000000.00,4.307492,101.890625
08:00:52,91282CKU4,TSRYS5814781,D,S,D,2024-06-13,1000000.00,4.305223,101.904296875
08:00:52,91282CKU4,TSRYS5814781,D,S,D,2024-06-13,1000000.00,4.299715,101.9375
08:00:52,91282CKU4,TSRYS5814781,D,S,T,2024-06-13,2000000.00,4.301011,101.9296875
08:00:52,91282CKU4,TSRYS5814781,D,S,D,2024-06-13,2000000.00,4.300687,101.931640625
08:00:52,91282CKU4,TSRYS5814781,D,S,A,2024-06-13,10000000.00,4.303537,101.9144625
08:00:52,91282CKU4,TSRYS5814781,D,S,D,2024-06-13,1000000.00,4.304575,101.908203125
08:00:52,91282CKU4,TSRYS5814781,D,S,D,2024-06-13,1000000.00,4.301335,101.927734375
08:00:52,91282CKU4,TSRYS5814781,D,S,D,2024-06-13,1000000.00,4.301011,101.9296875
08:00:52,91282CKU4,TSRYS5814781,D,S,T,2024-06-13,1000000.00,4.295181,101.96484375
08:00:52,91282CKU4,TSRYS5814781,D,S,D,2024-06-13,1000000.00,4.301011,101.9296875
08:00:52,91282CKU4,TSRYS5814781,D,S,D,2024-06-13,1000000.00,4.300363,101.93359375
08:00:52,91282CKU4,TSRYS5814781,D,S,D,2024-06-13,1000000.00,4.300363,101.93359375
08:00:52,91282CKU4,TSRYS5814781,D,S,D,2024-06-13,2000000.00,4.301011,101.9296875
08:00:53,91282CKU4,TSRYS5814781,D,S,D,2024-06-13,1000000.00,4.301011,101.9296875
08:00:53,91282CKU4,TSRYS5814781,D,S,D,2024-06-13,1000000.00,4.301011,101.9296875
08:00:53,91282CKU4,TSRYS5814781,D,S,D,2024-06-13,1000000.00,4.301011,101.9296875
08:00:54,91282CKU4,TSRYS5814781,D,S,T,2024-06-13,1000000.00,4.299715,101.9375
08:00:54,91282CKU4,TSRYS5814781,D,S,D,2024-06-13,1000000.00,4.299715,101.9375
08:00:54,91282CKU4,TSRYS5814781,D,S,D,2024-06-13,1000000.00,4.299715,101.9375
08:00:54,91282CKU4,TSRYS5814781,D,S,D,2024-06-13,1000000.00,4.299715,101.9375
08:00:54,91282CKU4,TSRYS5814781,D,S,D,2024-06-13,1000000.00,4.301011,101.9296875
08:00:54,91282CKU4,TSRYS5814781,D,S,T,2024-06-13,2000000.00,4.301659,101.92578125
08:00:54,91282CKU4,TSRYS5814781,D,S,D,2024-06-13,2000000.00,4.300687,101.931640625
08:00:54,91282CKU4,TSRYS5814781,D,S,D,2024-06-13,1000000.00,4.301011,101.9296875
08:00:54,91282CKU4,TSRYS5814781,D,S,D,2024-06-13,2000000.00,4.301011,101.9296875
08:00:54,91282CKU4,TSRYS5814781,D,S,T,2024-06-13,1000000.00,4.29842,101.9453125
08:00:54,91282CKU4,TSRYS5814781,D,S,T,2024-06-13,1000000.00,4.297124,101.953125
08:00:54,91282CKU4,TSRYS5814781,D,S,D,2024-06-13,1000000.00,4.301011,101.9296875
08:00:54,91282CKU4,TSRYS5814781,D,S,D,2024-06-13,1000000.00,4.301011,101.9296875
08:00:54,91282CKU4,TSRYS5814781,D,S,D,2024-06-13,1000000.00,4.301011,101.9296875
08:00:54,91282CKU4,TSRYS5814781,D,S,D,2024-06-13,1000000.00,4.301011,101.9296875
08:00:54,91282CKU4,TSRYS5814781,D,S,D,2024-06-13,1000000.00,4.301335,101.927734375
08:00:54,91282CKU4,TSRYS5814781,D,S,T,2024-06-13,1000000.00,4.303927,101.912109375
08:00:55,91282CKU4,TSRYS5814781,D,S,D,2024-06-13,1000000.00,4.301659,101.92578125
08:00:55,91282CKU4,TSRYS5814781,D,S,T,2024-06-13,2000000.00,4.301659,101.92578125
08:00:55,91282CKU4,TSRYS5814781,D,S,T,2024-06-13,1000000.00,4.301335,101.927734375
08:00:55,91282CKU4,TSRYS5814781,D,S,T,2024-06-13,1000000.00,4.301335,101.927734375
08:00:55,91282CKU4,TSRYS5814781,D,S,D,2024-06-13,1000000.00,4.301659,101.92578125
08:00:55,91282CKU4,TSRYS5814781,D,S,D,2024-06-13,1000000.00,4.301659,101.92578125
08:00:55,91282CKU4,TSRYS5814781,D,S,D,2024-06-13,1000000.00,4.303603,101.9140625
08:00:56,91282CKU4,TSRYS5814781,D,S,T,2024-06-13,1000000.00,4.301659,101.92578125
08:00:56,91282CKU4,TSRYS5814781,D,S,D,2024-06-13,1000000.00,4.300363,101.93359375
08:00:56,91282CKU4,TSRYS5814781,D,S,T,2024-06-13,2000000.00,4.303603,101.9140625
08:00:56,91282CKU4,TSRYS5814781,D,S,D,2024-06-13,1000000.00,4.301659,101.92578125
08:00:56,91282CKU4,TSRYS5814781,D,S,D,2024-06-13,1000000.00,4.301659,101.92578125
08:00:57,91282CKU4,TSRYS5814781,D,S,T,2024-06-13,2000000.00,4.298096,101.947265625
08:00:57,91282CKU4,TSRYS5814781,D,S,T,2024-06-13,1000000.00,4.303603,101.9140625
08:00:57,91282CKU4,TSRYS5814781,D,S,T,2024-06-13,1000000.00,4.301659,101.92578125
08:00:57,91282CKU4,TSRYS5814781,D,S,D,2024-06-13,1000000.00,4.301011,101.9296875
08:00:57,91282CKU4,TSRYS5814781,D,S,D,2024-06-13,2000000.00,4.301659,101.92578125
08:00:57,91282CKU4,TSRYS5814781,D,S,D,2024-06-13,1000000.00,4.303279,101.916015625
08:00:57,91282CKU4,TSRYS5814781,D,S,D,2024-06-13,1000000.00,4.299715,101.9375
08:00:58,91282CKU4,TSRYS5814781,D,S,D,2024-06-13,1000000.00,4.301659,101.92578125
08:00:58,91282CKU4,TSRYS5814781,D,S,T,2024-06-13,1000000.00,4.299715,101.9375
08:00:58,91282CKU4,TSRYS5814781,D,S,T,2024-06-13,1000000.00,4.301335,101.927734375
08:00:58,91282CKU4,TSRYS5814781,D,S,T,2024-06-13,1000000.00,4.303603,101.9140625
08:00:58,91282CKU4,TSRYS5814781,D,S,T,2024-06-13,1000000.00,4.303603,101.9140625
08:00:58,91282CKU4,TSRYS5814781,D,S,D,2024-06-13,1000000.00,4.305547,101.90234375
08:00:58,91282CKU4,TSRYS5814781,D,S,D,2024-06-13,1000000.00,4.311057,101.869140625
08:00:59,91282CKU4,TSRYS5814781,D,S,T,2024-06-13,1000000.00,4.304899,101.90625
08:00:59,91282CKU4,TSRYS5814781,D,S,T,2024-06-13,1000000.00,4.300039,101.935546875
08:00:59,91282CKU4,TSRYS5814781,D,S,T,2024-06-13,1000000.00,4.312678,101.859375
08:00:59,91282CKU4,TSRYS5814781,D,S,T,2024-06-13,1000000.00,4.312695,101.859273
08:00:59,91282CKU4,TSRYS5814781,D,S,T,2024-06-13,1000000.00,4.312695,101.859273
08:00:59,91282CKU4,TSRYS5814781,D,S,T,2024-06-13,1000000.00,4.301011,101.9296875
08:00:59,91282CKU4,TSRYS5814781,D,S,T,2024-06-13,1000000.00,4.312695,101.859273
08:00:59,91282CKU4,TSRYS5814781,D,S,T,2024-06-13,1000000.00,4.312695,101.859273
08:00:59,91282CKU4,TSRYS5814781,D,S,T,2024-06-13,1000000.00,4.312695,101.859273
08:00:59,91282CKU4,TSRYS5814781,D,S,T,2024-06-13,1000000.00,4.312695,101.859273
08:00:59,91282CKU4,TSRYS5814781,D,S,T,2024-06-13,1000000.00,4.312695,101.859273
08:00:59,91282CKU4,TSRYS5814781,D,S,T,2024-06-13,1000000.00,4.312695,101.859273
08:00:59,91282CKU4,TSRYS5814781,D,S,T,2024-06-13,1000000.00,4.312695,101.859273
08:00:59,91282CKU4,TSRYS5814781,D,S,T,2024-06-13,1000000.00,4.312695,101.859273
08:00:59,91282CKU4,TSRYS5814781,D,S,T,2024-06-13,1000000.00,4.312695,101.859273
08:00:59,91282CKU4,TSRYS5814781,D,S,T,2024-06-13,1000000.00,4.312695,101.859273
08:00:59,91282CKU4,TSRYS5814781,D,S,T,2024-06-13,1000000.00,4.300363,101.93359375
08:00:59,91282CKU4,TSRYS5814781,D,S,T,2024-06-13,1000000.00,4.312695,101.859273
08:00:59,91282CKU4,TSRYS5814781,D,S,D,2024-06-13,1000000.00,4.304899,101.90625
08:00:59,91282CKU4,TSRYS5814781,D,S,D,2024-06-13,1000000.00,4.307492,101.890625
08:01:00,91282CKU4,TSRYS5814781,D,S,D,2024-06-13,1000000.00,4.299715,101.9375
08:01:00,91282CKU4,TSRYS5814781,D,S,T,2024-06-13,1000000.00,4.301335,101.927734375
08:01:00,91282CKU4,TSRYS5814781,D,S,D,2024-06-13,2000000.00,4.301011,101.9296875
08:01:00,91282CKU4,TSRYS5814781,D,S,T,2024-06-13,2000000.00,4.301011,101.9296875
08:01:00,91282CKU4,TSRYS5814781,D,S,T,2024-06-13,1000000.00,4.299715,101.9375
08:01:00,91282CKU4,TSRYS5814781,D,S,T,2024-06-13,2000000.00,4.299715,101.9375
08:01:01,91282CKU4,TSRYS5814781,D,S,D,2024-06-13,1000000.00,4.299068,101.94140625
08:01:01,91282CKU4,TSRYS5814781,D,S,D,2024-06-13,1000000.00,4.299068,101.94140625
08:01:01,91282CKU4,TSRYS5814781,D,S,D,2024-06-13,1000000.00,4.299068,101.94140625
08:01:01,91282CKU4,TSRYS5814781,D,S,D,2024-06-13,1000000.00,4.299068,101.94140625
08:01:01,91282CKU4,TSRYS5814781,D,S,D,2024-06-13,1000000.00,4.299068,101.94140625
08:01:01,91282CKU4,TSRYS5814781,D,S,D,2024-06-13,2000000.00,4.301659,101.92578125
08:01:01,91282CKU4,TSRYS5814781,D,S,D,2024-06-13,1000000.00,4.301659,101.92578125
08:01:01,91282CKU4,TSRYS5814781,D,S,D,2024-06-13,1000000.00,4.301659,101.92578125
08:01:01,91282CKU4,TSRYS5814781,D,S,A,2024-06-13,4750000.00,4.302955,101.91796875
08:01:01,91282CKU4,TSRYS5814781,D,S,T,2024-06-13,3000000.00,4.298096,101.947265625
08:01:01,91282CKU4,TSRYS5814781,D,S,D,2024-06-13,1000000.00,4.301335,101.927734375
08:01:01,91282CKU4,TSRYS5814781,D,S,T,2024-06-13,2000000.00,4.301011,101.9296875
08:01:01,91282CKU4,TSRYS5814781,D,S,T,2024-06-13,1000000.00,4.301983,101.923828125
08:01:01,91282CKU4,TSRYS5814781,D,S,T,2024-06-13,1000000.00,4.304575,101.908203125
08:01:01,91282CKU4,TSRYS5814781,D,S,D,2024-06-13,1000000.00,4.299715,101.9375
08:01:02,91282CKU4,TSRYS5814781,D,S,T,2024-06-13,1000000.00,4.301335,101.927734375
08:01:02,91282CKU4,TSRYS5814781,D,S,T,2024-06-13,1000000.00,4.300687,101.931640625
08:01:02,91282CKU4,TSRYS5814781,D,S,A,2024-06-13,4210000.00,4.310085,101.875
08:01:03,91282CKU4,TSRYS5814781,D,S,D,2024-06-13,1000000.00,4.301011,101.9296875
08:01:03,91282CKU4,TSRYS5814781,D,S,D,2024-06-13,1000000.00,4.304251,101.91015625
08:01:03,91282CKU4,TSRYS5814781,D,S,T,2024-06-13,1000000.00,4.316591,101.8358075
08:01:03,91282CKU4,TSRYS5814781,D,S,T,2024-06-13,1000000.00,4.301335,101.927734375
08:01:03,91282CKU4,TSRYS5814781,D,S,T,2024-06-13,1000000.00,4.316591,101.8358075
08:01:03,91282CKU4,TSRYS5814781,D,S,T,2024-06-13,2000000.00,4.301011,101.9296875
08:01:03,91282CKU4,TSRYS5814781,D,B,A,2024-06-13,310000.00,4.304251,101.91015625
08:01:03,91282CKU4,TSRYS5814781,D,S,D,2024-06-13,1000000.00,4.301011,101.9296875
08:01:03,91282CKU4,TSRYS5814781,D,S,D,2024-06-13,1000000.00,4.301011,101.9296875
08:01:03,91282CKU4,TSRYS5814781,D,S,T,2024-06-13,1000000.00,4.301335,101.927734375
08:01:03,91282CKU4,TSRYS5814781,D,S,D,2024-06-13,2000000.00,4.301011,101.9296875
08:01:03,91282CKU4,TSRYS5814781,D,S,T,2024-06-13,1000000.00,4.300039,101.935546875
08:01:03,91282CKU4,TSRYS5814781,D,S,T,2024-06-13,1000000.00,4.299715,101.9375
08:01:04,91282CKU4,TSRYS5814781,D,S,D,2024-06-13,1000000.00,4.299715,101.9375
08:01:04,91282CKU4,TSRYS5814781,D,S,D,2024-06-13,1000000.00,4.2968,101.955078125
08:01:04,91282CKU4,TSRYS5814781,D,S,D,2024-06-13,1000000.00,4.297124,101.953125
08:01:04,91282CKU4,TSRYS5814781,D,S,D,2024-06-13,1000000.00,4.296477,101.95703125
08:01:04,91282CKU4,TSRYS5814781,D,B,C,2024-06-13,1000000.00,4.297124,101.953125
08:01:04,91282CKU4,TSRYS5814781,D,B,C,2024-06-13,1000000.00,4.2968,101.955078125
08:01:04,91282CKU4,TSRYS5814781,D,S,D,2024-06-13,1000000.00,4.295181,101.96484375
08:01:04,91282CKU4,TSRYS5814781,D,B,C,2024-06-13,1000000.00,4.295181,101.96484375
08:01:04,91282CKU4,TSRYS5814781,D,S,D,2024-06-13,1000000.00,4.295829,101.9609375
08:01:04,91282CKU4,TSRYS5814781,D,B,C,2024-06-13,1000000.00,4.295829,101.9609375
08:01:04,91282CKU4,TSRYS5814781,D,S,T,2024-06-13,1000000.00,4.308788,101.8828125
08:01:04,91282CKU4,TSRYS5814781,D,S,D,2024-06-13,1000000.00,4.295181,101.96484375
08:01:04,91282CKU4,TSRYS5814781,D,S,D,2024-06-13,1000000.00,4.295181,101.96484375
08:01:04,91282CKU4,TSRYS5814781,D,S,D,2024-06-13,1000000.00,4.299068,101.94140625
08:01:04,91282CKU4,TSRYS5814781,D,S,T,2024-06-13,1000000.00,4.308788,101.8828125
08:01:04,91282CKU4,TSRYS5814781,D,B,C,2024-06-13,1000000.00,4.295181,101.96484375
08:01:04,91282CKU4,TSRYS5814781,D,B,C,2024-06-13,1000000.00,4.295181,101.96484375
08:01:04,91282CKU4,TSRYS5814781,D,B,C,2024-06-13,1000000.00,4.295181,101.96484375
08:01:04,91282CKU4,TSRYS5814781,D,B,C,2024-06-13,1000000.00,4.299068,101.94140625
08:01:04,91282CKU4,TSRYS5814781,D,S,D,2024-06-13,1000000.00,4.295181,101.96484375
08:01:04,91282CKU4,TSRYS5814781,D,S,D,2024-06-13,1000000.00,4.295505,101.962890625
08:01:04,91282CKU4,TSRYS5814781,D,S,D,2024-06-13,1000000.00,4.295181,101.96484375
08:01:04,91282CKU4,TSRYS5814781,D,B,C,2024-06-13,1000000.00,4.295181,101.96484375
08:01:04,91282CKU4,TSRYS5814781,D,B,C,2024-06-13,1000000.00,4.299068,101.94140625
08:01:04,91282CKU4,TSRYS5814781,D,S,D,2024-06-13,1000000.00,4.297124,101.953125
08:01:04,91282CKU4,TSRYS5814781,D,S,D,2024-06-13,1000000.00,4.295181,101.96484375
08:01:04,91282CKU4,TSRYS5814781,D,S,D,2024-06-13,1000000.00,4.299068,101.94140625
08:01:04,91282CKU4,TSRYS5814781,D,B,C,2024-06-13,25000000.00,4.309436,101.87890625
08:01:04,91282CKU4,TSRYS5814781,D,S,T,2024-06-13,1000000.00,4.307492,101.890625
08:01:04,91282CKU4,TSRYS5814781,D,S,T,2024-06-13,1000000.00,4.307492,101.890625
08:01:04,91282CKU4,TSRYS5814781,D,S,T,2024-06-13,1000000.00,4.307492,101.890625
08:01:04,91282CKU4,TSRYS5814781,D,S,C,2024-06-13,1000000.00,4.297448,101.951171875
08:01:04,91282CKU4,TSRYS5814781,D,B,C,2024-06-13,1000000.00,4.297448,101.951171875
08:01:04,91282CKU4,TSRYS5814781,D,B,C,2024-06-13,1000000.00,4.297124,101.953125
08:01:04,91282CKU4,TSRYS5814781,D,B,C,2024-06-13,1000000.00,4.297124,101.953125
08:01:04,91282CKU4,TSRYS5814781,D,S,C,2024-06-13,1000000.00,4.297124,101.953125
08:01:04,91282CKU4,TSRYS5814781,D,S,A,2024-06-13,310000.00,4.309421,101.879
08:01:04,91282CKU4,TSRYS5814781,D,S,C,2024-06-13,1000000.00,4.293886,101.97265625
08:01:04,91282CKU4,TSRYS5814781,D,S,T,2024-06-13,1000000.00,4.306519,101.896484375
08:01:04,91282CKU4,TSRYS5814781,D,B,C,2024-06-13,1000000.00,4.293562,101.974609375
08:01:04,91282CKU4,TSRYS5814781,D,S,C,2024-06-13,1000000.00,4.293886,101.97265625
08:01:04,91282CKU4,TSRYS5814781,D,B,C,2024-06-13,1000000.00,4.293238,101.9765625
08:01:04,91282CKU4,TSRYS5814781,D,S,D,2024-06-13,1000000.00,4.293238,101.9765625
08:01:04,91282CKU4,TSRYS5814781,D,B,C,2024-06-13,1000000.00,4.292915,101.978515625
08:01:04,91282CKU4,TSRYS5814781,D,S,D,2024-06-13,1000000.00,4.292915,101.978515625
08:01:04,91282CKU4,TSRYS5814781,D,B,C,2024-06-13,1000000.00,4.292915,101.978515625
08:01:04,91282CKU4,TSRYS5814781,D,S,T,2024-06-13,1000000.00,4.300039,101.935546875
08:01:04,91282CKU4,TSRYS5814781,D,S,D,2024-06-13,2000000.00,4.295829,101.9609375
08:01:04,91282CKU4,TSRYS5814781,D,B,C,2024-06-13,1000000.00,4.293886,101.97265625
08:01:04,91282CKU4,TSRYS5814781,D,S,D,2024-06-13,1000000.00,4.293562,101.974609375
08:01:04,91282CKU4,TSRYS5814781,D,S,T,2024-06-13,1000000.00,4.300363,101.93359375
08:01:04,91282CKU4,TSRYS5814781,D,S,D,2024-06-13,1000000.00,4.297124,101.953125
08:01:04,91282CKU4,TSRYS5814781,D,S,C,2024-06-13,1000000.00,4.293886,101.97265625
08:01:04,91282CKU4,TSRYS5814781,D,S,T,2024-06-13,1000000.00,4.300039,101.935546875
08:01:04,91282CKU4,TSRYS5814781,D,S,T,2024-06-13,1000000.00,4.300039,101.935546875
08:01:04,91282CKU4,TSRYS5814781,D,S,T,2024-06-13,1000000.00,4.299715,101.9375
08:01:04,91282CKU4,TSRYS5814781,D,B,C,2024-06-13,1000000.00,4.294857,101.966796875
08:01:04,91282CKU4,TSRYS5814781,D,B,C,2024-06-13,1000000.00,4.293238,101.9765625
08:01:04,91282CKU4,TSRYS5814781,D,S,T,2024-06-13,2000000.00,4.301335,101.927734375
08:01:04,91282CKU4,TSRYS5814781,D,S,D,2024-06-13,1000000.00,4.294857,101.966796875
08:01:04,91282CKU4,TSRYS5814781,D,B,C,2024-06-13,1000000.00,4.295505,101.962890625
08:01:04,91282CKU4,TSRYS5814781,D,S,C,2024-06-13,1000000.00,4.292915,101.978515625
08:01:04,91282CKU4,TSRYS5814781,D,S,C,2024-06-13,1000000.00,4.296153,101.958984375
08:01:04,91282CKU4,TSRYS5814781,D,S,D,2024-06-13,1000000.00,4.293238,101.9765625
08:01:05,91282CKU4,TSRYS5814781,D,S,D,2024-06-13,1000000.00,4.295505,101.962890625
08:01:05,91282CKU4,TSRYS5814781,D,B,C,2024-06-13,2000000.00,4.295829,101.9609375
08:01:05,91282CKU4,TSRYS5814781,D,S,C,2024-06-13,1000000.00,4.301011,101.9296875
08:01:05,91282CKU4,TSRYS5814781,D,S,C,2024-06-13,1000000.00,4.308464,101.884765625
08:01:05,91282CKU4,TSRYS5814781,D,S,T,2024-06-13,3000000.00,4.301011,101.9296875
08:01:05,91282CKU4,TSRYS5814781,D,S,D,2024-06-13,1000000.00,4.303927,101.912109375
08:01:05,91282CKU4,TSRYS5814781,D,B,C,2024-06-13,1000000.00,4.303927,101.912109375
08:01:05,91282CKU4,TSRYS5814781,D,B,C,2024-06-13,3000000.00,4.303927,101.912109375
08:01:05,91282CKU4,TSRYS5814781,D,S,D,2024-06-13,3000000.00,4.303927,101.912109375
08:01:05,91282CKU4,TSRYS5814781,D,B,C,2024-06-13,1000000.00,4.305547,101.90234375
08:01:05,91282CKU4,TSRYS5814781,D,S,C,2024-06-13,1000000.00,4.305547,101.90234375
08:01:05,91282CKU4,TSRYS5814781,D,B,C,2024-06-13,1000000.00,4.305547,101.90234375
08:01:05,91282CKU4,TSRYS5814781,D,S,T,2024-06-13,2000000.00,4.301011,101.9296875
08:01:05,91282CKU4,TSRYS5814781,D,S,D,2024-06-13,1000000.00,4.308788,101.8828125
08:01:05,91282CKU4,TSRYS5814781,D,S,D,2024-06-13,1000000.00,4.305547,101.90234375
08:01:05,91282CKU4,TSRYS5814781,D,S,T,2024-06-13,2000000.00,4.299715,101.9375
08:01:05,91282CKU4,TSRYS5814781,D,S,D,2024-06-13,1000000.00,4.306843,101.89453125
08:01:05,91282CKU4,TSRYS5814781,D,B,C,2024-06-13,1000000.00,4.308788,101.8828125
08:01:05,91282CKU4,TSRYS5814781,D,B,C,2024-06-13,1000000.00,4.306843,101.89453125
08:01:05,91282CKU4,TSRYS5814781,D,S,C,2024-06-13,1000000.00,4.306843,101.89453125
08:01:05,91282CKU4,TSRYS5814781,D,B,C,2024-06-13,1000000.00,4.306843,101.89453125
08:01:05,91282CKU4,TSRYS5814781,D,S,T,2024-06-13,2000000.00,4.301659,101.92578125
08:01:05,91282CKU4,TSRYS5814781,D,S,C,2024-06-13,1000000.00,4.305547,101.90234375
08:01:05,91282CKU4,TSRYS5814781,D,B,C,2024-06-13,1000000.00,4.305547,101.90234375
08:01:05,91282CKU4,TSRYS5814781,D,S,C,2024-06-13,1000000.00,4.307168,101.892578125
08:01:05,91282CKU4,TSRYS5814781,D,S,C,2024-06-13,2000000.00,4.305871,101.900390625
08:01:05,91282CKU4,TSRYS5814781,D,S,D,2024-06-13,1000000.00,4.301011,101.9296875
08:01:05,91282CKU4,TSRYS5814781,D,S,D,2024-06-13,1000000.00,4.303927,101.912109375
08:01:05,91282CKU4,TSRYS5814781,D,S,T,2024-06-13,1000000.00,4.301335,101.927734375
08:01:05,91282CKU4,TSRYS5814781,D,B,C,2024-06-13,1000000.00,4.303927,101.912109375
08:01:05,91282CKU4,TSRYS5814781,D,S,T,2024-06-13,1000000.00,4.301011,101.9296875
08:01:06,91282CKU4,TSRYS5814781,D,S,D,2024-06-13,1000000.00,4.308464,101.884765625
08:01:06,91282CKU4,TSRYS5814781,D,S,D,2024-06-13,1000000.00,4.308788,101.8828125
08:01:06,91282CKU4,TSRYS5814781,D,S,D,2024-06-13,1000000.00,4.308788,101.8828125
08:01:06,91282CKU4,TSRYS5814781,D,S,D,2024-06-13,1000000.00,4.308788,101.8828125
08:01:06,91282CKU4,TSRYS5814781,D,B,C,2024-06-13,1000000.00,4.308788,101.8828125
08:01:06,91282CKU4,TSRYS5814781,D,S,D,2024-06-13,1000000.00,4.308788,101.8828125
08:01:06,91282CKU4,TSRYS5814781,D,B,C,2024-06-13,1000000.00,4.308788,101.8828125
08:01:06,91282CKU4,TSRYS5814781,D,S,D,2024-06-13,1000000.00,4.308788,101.8828125
08:01:06,91282CKU4,TSRYS5814781,D,B,C,2024-06-13,1000000.00,4.308788,101.8828125
08:01:06,91282CKU4,TSRYS5814781,D,S,D,2024-06-13,1000000.00,4.308788,101.8828125
08:01:06,91282CKU4,TSRYS5814781,D,S,D,2024-06-13,1000000.00,4.308788,101.8828125
08:01:06,91282CKU4,TSRYS5814781,D,S,D,2024-06-13,1000000.00,4.308788,101.8828125
08:01:06,91282CKU4,TSRYS5814781,D,B,C,2024-06-13,1000000.00,4.308788,101.8828125
08:01:06,91282CKU4,TSRYS5814781,D,S,D,2024-06-13,1000000.00,4.308464,101.884765625
08:01:06,91282CKU4,TSRYS5814781,D,B,C,2024-06-13,1000000.00,4.308464,101.884765625
08:01:06,91282CKU4,TSRYS5814781,D,S,D,2024-06-13,1000000.00,4.30814,101.88671875
08:01:06,91282CKU4,TSRYS5814781,D,B,C,2024-06-13,1000000.00,4.30814,101.88671875
08:01:06,91282CKU4,TSRYS5814781,D,B,C,2024-06-13,1000000.00,4.315272,101.84375
08:01:06,91282CKU4,TSRYS5814781,D,S,D,2024-06-13,1000000.00,4.315272,101.84375
08:01:06,91282CKU4,TSRYS5814781,D,B,C,2024-06-13,1000000.00,4.315596,101.841796875
08:01:06,91282CKU4,TSRYS5814781,D,S,D,2024-06-13,1000000.00,4.315596,101.841796875
08:01:06,91282CKU4,TSRYS5814781,D,B,C,2024-06-13,1000000.00,4.315596,101.841796875
08:01:06,91282CKU4,TSRYS5814781,D,S,D,2024-06-13,1000000.00,4.301011,101.9296875
08:01:06,91282CKU4,TSRYS5814781,D,S,C,2024-06-13,1000000.00,4.315596,101.841796875
08:01:06,91282CKU4,TSRYS5814781,D,S,D,2024-06-13,1000000.00,4.317542,101.830078125
08:01:06,91282CKU4,TSRYS5814781,D,B,C,2024-06-13,1000000.00,4.317542,101.830078125
08:01:06,91282CKU4,TSRYS5814781,D,S,T,2024-06-13,1000000.00,4.299715,101.9375
08:01:06,91282CKU4,TSRYS5814781,D,S,T,2024-06-13,1000000.00,4.299715,101.9375
08:01:06,91282CKU4,TSRYS5814781,D,S,D,2024-06-13,1000000.00,4.299715,101.9375
08:01:06,91282CKU4,TSRYS5814781,D,S,D,2024-06-13,1000000.00,4.311705,101.865234375
08:01:06,91282CKU4,TSRYS5814781,D,S,D,2024-06-13,1000000.00,4.311057,101.869140625
08:01:06,91282CKU4,TSRYS5814781,D,S,C,2024-06-13,1000000.00,4.312354,101.861328125
08:01:06,91282CKU4,TSRYS5814781,D,S,D,2024-06-13,1000000.00,4.311057,101.869140625
08:01:06,91282CKU4,TSRYS5814781,D,S,T,2024-06-13,1000000.00,4.301659,101.92578125
08:01:06,91282CKU4,TSRYS5814781,D,B,C,2024-06-13,1000000.00,4.308788,101.8828125
08:01:06,91282CKU4,TSRYS5814781,D,S,D,2024-06-13,1000000.00,4.308788,101.8828125
08:01:06,91282CKU4,TSRYS5814781,D,S,D,2024-06-13,1000000.00,4.308788,101.8828125
08:01:07,91282CKU4,TSRYS5814781,D,S,D,2024-06-13,1000000.00,4.303603,101.9140625
08:01:07,91282CKU4,TSRYS5814781,D,S,T,2024-06-13,1000000.00,4.31203,101.86328125
08:01:07,91282CKU4,TSRYS5814781,D,B,C,2024-06-13,1000000.00,4.303603,101.9140625
08:01:07,91282CKU4,TSRYS5814781,D,S,D,2024-06-13,1000000.00,4.306195,101.8984375
08:01:07,91282CKU4,TSRYS5814781,D,B,C,2024-06-13,1000000.00,4.306195,101.8984375
08:01:07,91282CKU4,TSRYS5814781,D,S,T,2024-06-13,1000000.00,4.31203,101.86328125
08:01:07,91282CKU4,TSRYS5814781,D,S,D,2024-06-13,1000000.00,4.306195,101.8984375
08:01:07,91282CKU4,TSRYS5814781,D,B,C,2024-06-13,1000000.00,4.306195,101.8984375
08:01:07,91282CKU4,TSRYS5814781,D,S,D,2024-06-13,2000000.00,4.307492,101.890625
08:01:07,91282CKU4,TSRYS5814781,D,B,C,2024-06-13,2000000.00,4.307492,101.890625
08:01:07,91282CKU4,TSRYS5814781,D,S,T,2024-06-13,1000000.00,4.301335,101.927734375
08:01:07,91282CKU4,TSRYS5814781,D,S,D,2024-06-13,1000000.00,4.307816,101.888671875
08:01:07,91282CKU4,TSRYS5814781,D,B,C,2024-06-13,1000000.00,4.307816,101.888671875
08:01:07,91282CKU4,TSRYS5814781,D,S,D,2024-06-13,1000000.00,4.307816,101.888671875
08:01:07,91282CKU4,TSRYS5814781,D,B,C,2024-06-13,1000000.00,4.307816,101.888671875
08:01:07,91282CKU4,TSRYS5814781,D,S,D,2024-06-13,1000000.00,4.307492,101.890625
08:01:07,91282CKU4,TSRYS5814781,D,B,C,2024-06-13,1000000.00,4.307492,101.890625
08:01:07,91282CKU4,TSRYS5814781,D,S,T,2024-06-13,2000000.00,4.301659,101.92578125
08:01:07,91282CKU4,TSRYS5814781,D,S,C,2024-06-13,1000000.00,4.314948,101.845703125
08:01:07,91282CKU4,TSRYS5814781,D,S,C,2024-06-13,1000000.00,4.314948,101.845703125
08:01:07,91282CKU4,TSRYS5814781,D,S,D,2024-06-13,1000000.00,4.313651,101.853515625
08:01:07,91282CKU4,TSRYS5814781,D,S,C,2024-06-13,1000000.00,4.308788,101.8828125
08:01:07,91282CKU4,TSRYS5814781,D,S,T,2024-06-13,1000000.00,4.301659,101.92578125
08:01:07,91282CKU4,TSRYS5814781,D,S,C,2024-06-13,1000000.00,4.308788,101.8828125
08:01:07,91282CKU4,TSRYS5814781,D,S,D,2024-06-13,1000000.00,4.309112,101.880859375
08:01:07,91282CKU4,TSRYS5814781,D,S,C,2024-06-13,1000000.00,4.304899,101.90625
08:01:07,91282CKU4,TSRYS5814781,D,S,C,2024-06-13,1000000.00,4.313002,101.857421875
08:01:07,91282CKU4,TSRYS5814781,D,B,C,2024-06-13,1000000.00,4.313002,101.857421875
08:01:08,91282CKU4,TSRYS5814781,D,S,D,2024-06-13,1000000.00,4.30814,101.88671875
08:01:08,91282CKU4,TSRYS5814781,D,B,C,2024-06-13,1000000.00,4.30814,101.88671875
08:01:08,91282CKU4,TSRYS5814781,D,S,D,2024-06-13,1000000.00,4.305547,101.90234375
08:01:08,91282CKU4,TSRYS5814781,D,B,C,2024-06-13,1000000.00,4.305547,101.90234375
08:01:08,91282CKU4,TSRYS5814781,D,S,D,2024-06-13,1000000.00,4.309112,101.880859375
08:01:08,91282CKU4,TSRYS5814781,D,B,C,2024-06-13,1000000.00,4.309112,101.880859375
08:01:08,91282CKU4,TSRYS5814781,D,S,T,2024-06-13,1000000.00,4.301011,101.9296875
08:01:08,91282CKU4,TSRYS5814781,D,S,T,2024-06-13,1000000.00,4.303603,101.9140625
08:01:08,91282CKU4,TSRYS5814781,D,S,D,2024-06-13,1000000.00,4.301011,101.9296875
08:01:08,91282CKU4,TSRYS5814781,D,S,D,2024-06-13,1000000.00,4.302631,101.919921875
08:01:08,91282CKU4,TSRYS5814781,D,S,C,2024-06-13,1000000.00,4.305223,101.904296875
08:01:08,91282CKU4,TSRYS5814781,D,S,T,2024-06-13,1000000.00,4.301011,101.9296875
08:01:08,91282CKU4,TSRYS5814781,D,B,C,2024-06-13,1000000.00,4.307816,101.888671875
08:01:08,91282CKU4,TSRYS5814781,D,S,D,2024-06-13,1000000.00,4.307816,101.888671875
08:01:08,91282CKU4,TSRYS5814781,D,S,D,2024-06-13,1000000.00,4.30814,101.88671875
08:01:08,91282CKU4,TSRYS5814781,D,B,C,2024-06-13,1000000.00,4.30814,101.88671875
08:01:08,91282CKU4,TSRYS5814781,D,S,C,2024-06-13,1000000.00,4.30814,101.88671875
08:01:08,91282CKU4,TSRYS5814781,D,S,T,2024-06-13,2000000.00,4.301011,101.9296875
08:01:08,91282CKU4,TSRYS5814781,D,S,D,2024-06-13,1000000.00,4.301335,101.927734375
08:01:08,91282CKU4,TSRYS5814781,D,S,T,2024-06-13,2000000.00,4.301011,101.9296875
08:01:08,91282CKU4,TSRYS5814781,D,S,C,2024-06-13,1000000.00,4.303279,101.916015625
08:01:08,91282CKU4,TSRYS5814781,D,S,T,2024-06-13,1000000.00,4.301011,101.9296875
08:01:08,91282CKU4,TSRYS5814781,D,S,C,2024-06-13,1000000.00,4.302307,101.921875
08:01:08,91282CKU4,TSRYS5814781,D,B,C,2024-06-13,1000000.00,4.304575,101.908203125
08:01:08,91282CKU4,TSRYS5814781,D,S,D,2024-06-13,1000000.00,4.304575,101.908203125
08:01:08,91282CKU4,TSRYS5814781,D,S,D,2024-06-13,1000000.00,4.304575,101.908203125
08:01:08,91282CKU4,TSRYS5814781,D,S,D,2024-06-13,1000000.00,4.301011,101.9296875
08:01:08,91282CKU4,TSRYS5814781,D,S,D,2024-06-13,1000000.00,4.301011,101.9296875
08:01:08,91282CKU4,TSRYS5814781,D,S,T,2024-06-13,1000000.00,4.299715,101.9375
08:01:08,91282CKU4,TSRYS5814781,D,S,D,2024-06-13,2000000.00,4.301011,101.9296875
08:01:08,91282CKU4,TSRYS5814781,D,S,T,2024-06-13,1000000.00,4.299715,101.9375
08:01:08,91282CKU4,TSRYS5814781,D,S,T,2024-06-13,1000000.00,4.299715,101.9375
08:01:08,91282CKU4,TSRYS5814781,D,S,T,2024-06-13,1000000.00,4.299715,101.9375
08:01:08,91282CKU4,TSRYS5814781,D,B,C,2024-06-13,1000000.00,4.302955,101.91796875
08:01:08,91282CKU4,TSRYS5814781,D,S,D,2024-06-13,1000000.00,4.302955,101.91796875
08:01:08,91282CKU4,TSRYS5814781,D,S,T,2024-06-13,1000000.00,4.299391,101.939453125
08:01:08,91282CKU4,TSRYS5814781,D,S,D,2024-06-13,1000000.00,4.302955,101.91796875
08:01:08,91282CKU4,TSRYS5814781,D,S,T,2024-06-13,1000000.00,4.299715,101.9375
08:01:08,91282CKU4,TSRYS5814781,D,B,C,2024-06-13,1000000.00,4.302955,101.91796875
08:01:08,91282CKU4,TSRYS5814781,D,S,T,2024-06-13,1000000.00,4.299391,101.939453125
08:01:08,91282CKU4,TSRYS5814781,D,S,T,2024-06-13,1000000.00,4.299391,101.939453125
08:01:08,91282CKU4,TSRYS5814781,D,S,T,2024-06-13,1000000.00,4.299068,101.94140625
08:01:08,91282CKU4,TSRYS5814781,D,S,T,2024-06-13,1000000.00,4.301659,101.92578125
08:01:08,91282CKU4,TSRYS5814781,D,S,C,2024-06-13,2000000.00,4.300687,101.931640625
08:01:08,91282CKU4,TSRYS5814781,D,S,C,2024-06-13,2000000.00,4.299715,101.9375
08:01:08,91282CKU4,TSRYS5814781,D,S,D,2024-06-13,1000000.00,4.301659,101.92578125
08:01:09,91282CKU4,TSRYS5814781,D,S,T,2024-06-13,1000000.00,4.302307,101.921875
08:01:09,91282CKU4,TSRYS5814781,D,S,T,2024-06-13,1000000.00,4.304251,101.91015625
08:01:09,91282CKU4,TSRYS5814781,D,S,T,2024-06-13,1000000.00,4.303927,101.912109375
08:01:09,91282CKU4,TSRYS5814781,D,S,D,2024-06-13,1000000.00,4.301659,101.92578125
08:01:09,91282CKU4,TSRYS5814781,D,S,C,2024-06-13,1000000.00,4.304575,101.908203125
08:01:09,91282CKU4,TSRYS5814781,D,S,C,2024-06-13,1000000.00,4.303927,101.912109375
08:01:09,91282CKU4,TSRYS5814781,D,S,T,2024-06-13,1000000.00,4.303603,101.9140625
08:01:09,91282CKU4,TSRYS5814781,D,S,D,2024-06-13,1000000.00,4.303603,101.9140625
08:01:09,91282CKU4,TSRYS5814781,D,S,C,2024-06-13,1000000.00,4.304251,101.91015625
08:01:09,91282CKU4,TSRYS5814781,D,S,T,2024-06-13,1000000.00,4.302307,101.921875
08:01:09,91282CKU4,TSRYS5814781,D,S,T,2024-06-13,1000000.00,4.301659,101.92578125
08:01:09,91282CKU4,TSRYS5814781,D,S,D,2024-06-13,1000000.00,4.301659,101.92578125
08:01:09,91282CKU4,TSRYS5814781,D,S,D,2024-06-13,1000000.00,4.301659,101.92578125
08:01:09,91282CKU4,TSRYS5814781,D,S,T,2024-06-13,1000000.00,4.302631,101.919921875
08:01:09,91282CKU4,TSRYS5814781,D,S,T,2024-06-13,1000000.00,4.302631,101.919921875
08:01:09,91282CKU4,TSRYS5814781,D,S,T,2024-06-13,1000000.00,4.302307,101.921875
08:01:09,91282CKU4,TSRYS5814781,D,S,D,2024-06-13,2000000.00,4.301659,101.92578125
08:01:09,91282CKU4,TSRYS5814781,D,S,D,2024-06-13,1000000.00,4.303279,101.916015625
08:01:09,91282CKU4,TSRYS5814781,D,S,C,2024-06-13,1000000.00,4.303279,101.916015625
08:01:09,91282CKU4,TSRYS5814781,D,S,C,2024-06-13,1000000.00,4.301335,101.927734375
08:01:09,91282CKU4,TSRYS5814781,D,S,C,2024-06-13,1000000.00,4.299391,101.939453125
08:01:09,91282CKU4,TSRYS5814781,D,S,C,2024-06-13,1000000.00,4.301335,101.927734375
08:01:09,91282CKU4,TSRYS5814781,D,B,C,2024-06-13,1000000.00,4.304251,101.91015625
08:01:09,91282CKU4,TSRYS5814781,D,S,C,2024-06-13,1000000.00,4.304251,101.91015625
08:01:09,91282CKU4,TSRYS5814781,D,S,D,2024-06-13,1000000.00,4.305547,101.90234375
08:01:09,91282CKU4,TSRYS5814781,D,B,C,2024-06-13,1000000.00,4.305547,101.90234375
08:01:09,91282CKU4,TSRYS5814781,D,S,D,2024-06-13,1000000.00,4.311057,101.869140625
08:01:09,91282CKU4,TSRYS5814781,D,B,C,2024-06-13,1000000.00,4.307816,101.888671875
08:01:09,91282CKU4,TSRYS5814781,D,S,C,2024-06-13,1000000.00,4.307816,101.888671875
08:01:09,91282CKU4,TSRYS5814781,D,S,D,2024-06-13,1000000.00,4.306519,101.896484375
08:01:09,91282CKU4,TSRYS5814781,D,B,C,2024-06-13,1000000.00,4.306843,101.89453125
08:01:09,91282CKU4,TSRYS5814781,D,B,C,2024-06-13,1000000.00,4.306519,101.896484375
08:01:09,91282CKU4,TSRYS5814781,D,S,C,2024-06-13,1000000.00,4.306843,101.89453125
08:01:09,91282CKU4,TSRYS5814781,D,S,C,2024-06-13,1000000.00,4.304899,101.90625
08:01:09,91282CKU4,TSRYS5814781,D,B,C,2024-06-13,1000000.00,4.304899,101.90625
08:01:09,91282CKU4,TSRYS5814781,D,S,T,2024-06-13,1000000.00,4.304575,101.908203125
08:01:09,91282CKU4,TSRYS5814781,D,S,T,2024-06-13,2000000.00,4.302307,101.921875
08:01:09,91282CKU4,TSRYS5814781,D,S,D,2024-06-13,2000000.00,4.301659,101.92578125
08:01:09,91282CKU4,TSRYS5814781,D,S,T,2024-06-13,1000000.00,4.301659,101.92578125
08:01:10,91282CKU4,TSRYS5814781,D,S,T,2024-06-13,2000000.00,4.304251,101.91015625
08:01:10,91282CKU4,TSRYS5814781,D,S,T,2024-06-13,2000000.00,4.302955,101.91796875
08:01:10,91282CKU4,TSRYS5814781,D,S,D,2024-06-13,1000000.00,4.297124,101.953125
08:01:10,91282CKU4,TSRYS5814781,D,S,D,2024-06-13,1000000.00,4.301659,101.92578125
08:01:10,91282CKU4,TSRYS5814781,D,S,T,2024-06-13,1000000.00,4.303927,101.912109375
08:01:11,91282CKU4,TSRYS5814781,D,S,T,2024-06-13,1000000.00,4.303603,101.9140625
08:01:11,91282CKU4,TSRYS5814781,D,S,T,2024-06-13,1000000.00,4.303603,101.9140625
08:01:11,91282CKU4,TSRYS5814781,D,S,T,2024-06-13,1000000.00,4.301659,101.92578125
08:01:11,91282CKU4,TSRYS5814781,D,S,T,2024-06-13,2000000.00,4.301659,101.92578125
08:01:11,91282CKU4,TSRYS5814781,D,S,T,2024-06-13,2000000.00,4.301659,101.92578125
08:01:12,91282CKU4,TSRYS5814781,D,B,C,2024-06-13,3000000.00,4.295099,101.9653398
08:01:12,91282CKU4,TSRYS5814781,D,B,C,2024-06-13,1000000.00,4.296477,101.95703125
08:01:13,91282CKU4,TSRYS5814781,D,S,C,2024-06-13,60000000.00,4.295721,101.96159
08:01:13,91282CKU4,TSRYS5814781,D,B,C,2024-06-13,2000000.00,4.311057,101.86914062
08:01:13,91282CKU4,TSRYS5814781,D,S,D,2024-06-13,8550000.00,4.41419,101.25
08:01:13,91282CKU4,TSRYS5814781,D,S,D,2024-06-13,8550000.00,4.41419,101.25
08:01:13,91282CKU4,TSRYS5814781,D,S,D,2024-06-13,4250000.00,4.41419,101.25
08:01:13,91282CKU4,TSRYS5814781,D,S,D,2024-06-13,1000000.00,4.307492,101.890625
08:01:13,91282CKU4,TSRYS5814781,D,S,D,2024-06-13,8550000.00,4.41419,101.25
08:01:13,91282CKU4,TSRYS5814781,D,S,C,2024-06-13,1000000.00,4.305223,101.904296875
08:01:13,91282CKU4,TSRYS5814781,D,S,D,2024-06-13,17050000.00,4.41419,101.25
08:01:13,91282CKU4,TSRYS5814781,D,S,D,2024-06-13,8550000.00,4.41419,101.25
08:01:13,91282CKU4,TSRYS5814781,D,S,C,2024-06-13,1000000.00,4.299715,101.9375
08:01:13,91282CKU4,TSRYS5814781,D,S,D,2024-06-13,8550000.00,4.41419,101.25
08:01:13,91282CKU4,TSRYS5814781,D,S,D,2024-06-13,13650000.00,4.41419,101.25
08:01:13,91282CKU4,TSRYS5814781,D,S,D,2024-06-13,8200000.00,4.41419,101.25
08:01:13,91282CKU4,TSRYS5814781,D,S,D,2024-06-13,12300000.00,4.41419,101.25
08:01:13,91282CKU4,TSRYS5814781,D,B,C,2024-06-13,1000000.00,4.299068,101.94140625
08:01:13,91282CKU4,TSRYS5814781,D,S,D,2024-06-13,1000000.00,4.299068,101.94140625
08:01:13,91282CKU4,TSRYS5814781,D,B,C,2024-06-13,1000000.00,4.299068,101.94140625
08:01:13,91282CKU4,TSRYS5814781,D,B,C,2024-06-13,1000000.00,4.299068,101.94140625
08:01:13,91282CKU4,TSRYS5814781,D,S,D,2024-06-13,1000000.00,4.299068,101.94140625
08:01:13,91282CKU4,TSRYS5814781,D,S,D,2024-06-13,1000000.00,4.299068,101.94140625
08:01:14,91282CKU4,TSRYS5814781,D,S,D,2024-06-13,2000000.00,4.301659,101.92578125
08:01:14,91282CKU4,TSRYS5814781,D,S,D,2024-06-13,1000000.00,4.301659,101.92578125
08:01:14,91282CKU4,TSRYS5814781,D,S,D,2024-06-13,1000000.00,4.301659,101.92578125
08:01:14,91282CKU4,TSRYS5814781,D,B,C,2024-06-13,2000000.00,4.301659,101.92578125
08:01:14,91282CKU4,TSRYS5814781,D,B,C,2024-06-13,1000000.00,4.301659,101.92578125
08:01:14,91282CKU4,TSRYS5814781,D,B,C,2024-06-13,1000000.00,4.301659,101.92578125
08:01:14,91282CKU4,TSRYS5814781,D,B,A,2024-06-13,500000.00,4.305547,101.90234375
08:01:14,91282CKU4,TSRYS5814781,D,S,C,2024-06-13,1000000.00,4.301659,101.92578125
08:01:14,91282CKU4,TSRYS5814781,D,S,C,2024-06-13,3000000.00,4.313002,101.85742187
08:01:14,91282CKU4,TSRYS5814781,D,S,D,2024-06-13,100000000.00,4.309084,101.88103
08:01:14,91282CKU4,TSRYS5814781,D,S,T,2024-06-13,1000000.00,4.304251,101.91015625
08:01:14,91282CKU4,TSRYS5814781,D,S,T,2024-06-13,1000000.00,4.304921,101.90612
08:01:14,91282CKU4,TSRYS5814781,D,S,D,2024-06-13,100000000.00,4.295127,101.96517
08:01:14,91282CKU4,TSRYS5814781,D,S,D,2024-06-13,17000000.00,4.29888,101.94254
08:01:15,91282CKU4,TSRYS5814781,D,B,C,2024-06-13,1000000.00,4.306195,101.8984375
08:01:15,91282CKU4,TSRYS5814781,D,S,D,2024-06-13,1000000.00,4.306195,101.8984375
08:01:15,91282CKU4,TSRYS5814781,D,S,D,2024-06-13,17000000.00,4.307974,101.88772
08:01:15,91282CKU4,TSRYS5814781,D,B,C,2024-06-13,2000000.00,4.295505,101.96289062
08:01:16,91282CKU4,TSRYS5814781,D,S,T,2024-06-13,1000000.00,4.29842,101.9453125
08:01:16,91282CKU4,TSRYS5814781,D,S,T,2024-06-13,1000000.00,4.296153,101.95898437
08:01:16,91282CKU4,TSRYS5814781,D,S,T,2024-06-13,1000000.00,4.297448,101.95117187
08:01:16,91282CKU4,TSRYS5814781,D,S,T,2024-06-13,1000000.00,4.29842,101.9453125
08:01:16,91282CKU4,TSRYS5814781,D,S,T,2024-06-13,1000000.00,4.296153,101.95898437
08:01:16,91282CKU4,TSRYS5814781,D,S,T,2024-06-13,1000000.00,4.296153,101.95898437
08:01:16,91282CKU4,TSRYS5814781,D,S,T,2024-06-13,1000000.00,4.296153,101.95898437
08:01:16,91282CKU4,TSRYS5814781,D,S,T,2024-06-13,1000000.00,4.296153,101.95898437
08:01:16,91282CKU4,TSRYS5814781,D,S,T,2024-06-13,1000000.00,4.296153,101.95898437
08:01:16,91282CKU4,TSRYS5814781,D,S,T,2024-06-13,1000000.00,4.293238,101.9765625
08:01:17,91282CKU4,TSRYS5814781,D,S,D,2024-06-13,1000000.00,4.293886,101.97265625
08:01:17,91282CKU4,TSRYS5814781,D,S,D,2024-06-13,1000000.00,4.296153,101.95898437
08:01:17,91282CKU4,TSRYS5814781,D,S,D,2024-06-13,1000000.00,4.293886,101.97265625
08:01:17,91282CKU4,TSRYS5814781,D,S,D,2024-06-13,1000000.00,4.293238,101.9765625
08:01:17,91282CKU4,TSRYS5814781,D,S,D,2024-06-13,1000000.00,4.295829,101.9609375
08:01:17,91282CKU4,TSRYS5814781,D,S,D,2024-06-13,1000000.00,4.301011,101.9296875
08:01:17,91282CKU4,TSRYS5814781,D,S,T,2024-06-13,1000000.00,4.302345,101.921648
08:01:17,91282CKU4,TSRYS5814781,D,S,T,2024-06-13,1000000.00,4.302345,101.921648
08:01:17,91282CKU4,TSRYS5814781,D,S,T,2024-06-13,1000000.00,4.299753,101.937273
08:01:18,91282CKU4,TSRYS5814781,D,B,C,2024-06-13,1000000.00,4.303927,101.91210937
08:01:18,91282CKU4,TSRYS5814781,D,B,C,2024-06-13,1000000.00,4.308788,101.8828125
08:01:18,91282CKU4,TSRYS5814781,D,S,D,2024-06-13,1000000.00,4.293886,101.97265625
08:01:18,91282CKU4,TSRYS5814781,D,B,C,2024-06-13,2000000.00,4.293238,101.9765625
08:01:18,91282CKU4,TSRYS5814781,D,S,T,2024-06-13,1000000.00,4.293886,101.97265625
08:01:18,91282CKU4,TSRYS5814781,D,B,C,2024-06-13,1000000.00,4.293238,101.9765625
08:01:18,91282CKU4,TSRYS5814781,D,S,T,2024-06-13,1000000.00,4.293238,101.9765625
08:01:18,91282CKU4,TSRYS5814781,D,S,T,2024-06-13,1000000.00,4.293886,101.97265625
08:01:18,91282CKU4,TSRYS5814781,D,S,T,2024-06-13,1000000.00,4.293886,101.97265625
08:01:18,91282CKU4,TSRYS5814781,D,S,T,2024-06-13,1000000.00,4.293886,101.97265625
08:01:18,91282CKU4,TSRYS5814781,D,S,T,2024-06-13,1000000.00,4.293886,101.97265625
08:01:18,91282CKU4,TSRYS5814781,D,S,T,2024-06-13,1000000.00,4.293886,101.97265625
08:01:18,91282CKU4,TSRYS5814781,D,S,T,2024-06-13,1000000.00,4.293886,101.97265625
08:01:18,91282CKU4,TSRYS5814781,D,S,T,2024-06-13,1000000.00,4.293886,101.97265625
08:01:18,91282CKU4,TSRYS5814781,D,S,T,2024-06-13,1000000.00,4.293886,101.97265625
08:01:18,91282CKU4,TSRYS5814781,D,S,T,2024-06-13,1000000.00,4.293886,101.97265625
08:01:18,91282CKU4,TSRYS5814781,D,S,T,2024-06-13,1000000.00,4.297124,101.953125
08:01:18,91282CKU4,TSRYS5814781,D,S,T,2024-06-13,1000000.00,4.296153,101.95898437
08:01:18,91282CKU4,TSRYS5814781,D,S,T,2024-06-13,1000000.00,4.296153,101.95898437
08:01:18,91282CKU4,TSRYS5814781,D,S,D,2024-06-13,1000000.00,4.309112,101.88085937
08:01:18,91282CKU4,TSRYS5814781,D,S,T,2024-06-13,1000000.00,4.296153,101.95898437
08:01:19,91282CKU4,TSRYS5814781,D,S,T,2024-06-13,1000000.00,4.294534,101.96875
08:01:19,91282CKU4,TSRYS5814781,D,S,T,2024-06-13,1000000.00,4.296153,101.95898437
08:01:19,91282CKU4,TSRYS5814781,D,S,T,2024-06-13,1000000.00,4.296153,101.95898437
08:01:19,91282CKU4,TSRYS5814781,D,S,T,2024-06-13,1000000.00,4.299715,101.9375
08:01:19,91282CKU4,TSRYS5814781,D,S,T,2024-06-13,1000000.00,4.301011,101.9296875
08:01:19,91282CKU4,TSRYS5814781,D,S,T,2024-06-13,1000000.00,4.301011,101.9296875
08:01:19,91282CKU4,TSRYS5814781,D,S,T,2024-06-13,1000000.00,4.30976,101.87695312
08:01:19,91282CKU4,TSRYS5814781,D,B,A,2024-06-13,750000.00,4.304899,101.90625
08:01:19,91282CKU4,TSRYS5814781,D,B,C,2024-06-13,1000000.00,4.313651,101.85351562
08:01:19,91282CKU4,TSRYS5814781,D,B,C,2024-06-13,2000000.00,4.313651,101.85351562
08:01:19,91282CKU4,TSRYS5814781,D,B,C,2024-06-13,1000000.00,4.303927,101.91210937
08:01:19,91282CKU4,TSRYS5814781,D,B,C,2024-06-13,3000000.00,4.303927,101.91210937
08:01:19,91282CKU4,TSRYS5814781,D,B,C,2024-06-13,1000000.00,4.306195,101.8984375
08:01:19,91282CKU4,TSRYS5814781,D,S,C,2024-06-13,20000.00,4.302286,101.922
08:01:19,91282CKU4,TSRYS5814781,D,B,C,2024-06-13,1000000.00,4.308788,101.8828125
08:01:19,91282CKU4,TSRYS5814781,D,B,C,2024-06-13,1000000.00,4.308788,101.8828125
08:01:20,91282CKU4,TSRYS5814781,D,S,C,2024-06-13,1000000.00,4.29421,101.97070312
08:01:20,91282CKU4,TSRYS5814781,D,B,C,2024-06-13,1000000.00,4.303927,101.91210937
08:01:20,91282CKU4,TSRYS5814781,D,B,C,2024-06-13,2290000.00,4.302955,101.91796875
08:01:21,91282CKU4,TSRYS5814781,D,S,T,2024-06-13,1000000.00,4.297124,101.953125
08:01:21,91282CKU4,TSRYS5814781,D,S,T,2024-06-13,1000000.00,4.297124,101.953125
08:01:22,91282CKU4,TSRYS5814781,D,B,C,2024-06-13,1000000.00,4.308788,101.8828125
08:01:23,91282CKU4,TSRYS5814781,D,B,C,2024-06-13,1000000.00,4.311057,101.86914062
08:01:23,91282CKU4,TSRYS5814781,D,S,D,2024-06-13,200000.00,4.308788,101.8828125
08:01:23,91282CKU4,TSRYS5814781,D,S,A,2024-06-13,100000.00,4.300363,101.93359375
08:01:23,91282CKU4,TSRYS5814781,D,S,D,2024-06-13,1000000.00,4.299715,101.9375
08:01:24,91282CKU4,TSRYS5814781,D,B,C,2024-06-13,1000000.00,4.309112,101.88085937
08:01:24,91282CKU4,TSRYS5814781,D,S,A,2024-06-13,1000000.00,4.304899,101.90625
08:01:25,91282CKU4,TSRYS5814781,D,S,T,2024-06-13,1000000.00,4.301036,101.9295375
08:01:25,91282CKU4,TSRYS5814781,D,B,C,2024-06-13,1000000.00,4.315921,101.83984375
08:01:25,91282CKU4,TSRYS5814781,D,B,C,2024-06-13,1000000.00,4.315921,101.83984375
08:01:25,91282CKU4,TSRYS5814781,D,S,C,2024-06-13,1000000.00,4.295505,101.962890625
08:01:25,91282CKU4,TSRYS5814781,D,S,D,2024-06-13,1000000.00,4.296477,101.95703125
08:01:25,91282CKU4,TSRYS5814781,D,S,D,2024-06-13,1000000.00,4.297124,101.953125
08:01:25,91282CKU4,TSRYS5814781,D,B,C,2024-06-13,1000000.00,4.297124,101.953125
08:01:26,91282CKU4,TSRYS5814781,D,S,T,2024-06-13,1000000.00,4.29842,101.9453125
08:01:26,91282CKU4,TSRYS5814781,D,S,T,2024-06-13,1000000.00,4.298445,101.9451625
08:01:26,91282CKU4,TSRYS5814781,D,S,T,2024-06-13,1000000.00,4.29974,101.93735
08:01:26,91282CKU4,TSRYS5814781,D,S,T,2024-06-13,1000000.00,4.299715,101.9375
08:01:26,91282CKU4,TSRYS5814781,D,S,D,2024-06-13,1000000.00,4.297772,101.94921875
08:01:26,91282CKU4,TSRYS5814781,D,S,D,2024-06-13,3000000.00,4.297772,101.94921875
08:01:26,91282CKU4,TSRYS5814781,D,S,D,2024-06-13,2000000.00,4.297772,101.94921875
08:01:26,91282CKU4,TSRYS5814781,D,S,D,2024-06-13,1000000.00,4.297772,101.94921875
08:01:26,91282CKU4,TSRYS5814781,D,S,T,2024-06-13,1000000.00,4.303279,101.91601562
08:01:26,91282CKU4,TSRYS5814781,D,S,T,2024-06-13,1000000.00,4.303279,101.91601562
08:01:27,91282CKU4,TSRYS5814781,D,B,C,2024-06-13,1000000.00,4.309112,101.88085937
08:01:27,91282CKU4,TSRYS5814781,D,S,A,2024-06-13,200000.00,4.310085,101.875
08:01:27,91282CKU4,TSRYS5814781,D,S,D,2024-06-13,3000000.00,4.306843,101.89453125
08:01:27,91282CKU4,TSRYS5814781,D,S,D,2024-06-13,1000000.00,4.306843,101.89453125
08:01:27,91282CKU4,TSRYS5814781,D,S,D,2024-06-13,2000000.00,4.306843,101.89453125
08:01:27,91282CKU4,TSRYS5814781,D,S,D,2024-06-13,2000000.00,4.306843,101.89453125
08:01:27,91282CKU4,TSRYS5814781,D,S,D,2024-06-13,1000000.00,4.2968,101.955078125
08:01:27,91282CKU4,TSRYS5814781,D,S,D,2024-06-13,1000000.00,4.306843,101.89453125
08:01:27,91282CKU4,TSRYS5814781,D,S,D,2024-06-13,1000000.00,4.306843,101.89453125
08:01:28,91282CKU4,TSRYS5814781,D,S,D,2024-06-13,1000000.00,4.311705,101.86523437
08:01:28,91282CKU4,TSRYS5814781,D,S,D,2024-06-13,1000000.00,4.306843,101.89453125
08:01:28,91282CKU4,TSRYS5814781,D,S,D,2024-06-13,1000000.00,4.306843,101.89453125
08:01:28,91282CKU4,TSRYS5814781,D,S,D,2024-06-13,1000000.00,4.306519,101.89648437
08:01:28,91282CKU4,TSRYS5814781,D,S,D,2024-06-13,1000000.00,4.312354,101.86132812
08:01:28,91282CKU4,TSRYS5814781,D,S,D,2024-06-13,1000000.00,4.306519,101.89648437
08:01:28,91282CKU4,TSRYS5814781,D,S,C,2024-06-13,1000000.00,4.306519,101.89648437
08:01:28,91282CKU4,TSRYS5814781,D,S,C,2024-06-13,1000000.00,4.306519,101.89648437
08:01:28,91282CKU4,TSRYS5814781,D,S,C,2024-06-13,1000000.00,4.306519,101.89648437
08:01:28,91282CKU4,TSRYS5814781,D,S,C,2024-06-13,1000000.00,4.306519,101.89648437
08:01:28,91282CKU4,TSRYS5814781,D,B,C,2024-06-13,46000000.00,4.296787,101.95516
