tradeTime,cusip,issueSymbolIdentifier,priceType,reportingSideCode,contraPartyTypeCode,tradeDate,reportedTradeVolume,lastSaleYield,lastSalePrice
08:00:03,91282CKW0,TSRYS5833263,D,S,T,2024-07-02,1000000.00,4.419396,98.990234375
08:00:03,91282CKW0,TSRYS5833263,D,S,D,2024-07-02,1000000.00,4.419396,98.990234375
08:00:03,91282CKW0,TSRYS5833263,D,S,T,2024-07-02,1000000.00,4.418077,98.998046875
08:00:03,91282CKW0,TSRYS5833263,D,S,D,2024-07-02,1000000.00,4.420055,98.986328125
08:00:03,91282CKW0,TSRYS5833263,D,S,D,2024-07-02,1000000.00,4.420385,98.984375
08:00:03,91282CKW0,TSRYS5833263,D,S,T,2024-07-02,1000000.00,4.421374,98.978515625
08:00:03,91282CKW0,TSRYS5833263,D,S,T,2024-07-02,1000000.00,4.420714,98.982421875
08:00:03,91282CKW0,TSRYS5833263,D,S,T,2024-07-02,1000000.00,4.416758,99.005859375
08:00:03,91282CKW0,TSRYS5833263,D,S,T,2024-07-02,1000000.00,4.411485,99.037109375
08:00:03,91282CKW0,TSRYS5833263,D,S,T,2024-07-02,1000000.00,4.411485,99.037109375
08:00:03,91282CKW0,TSRYS5833263,D,S,T,2024-07-02,1000000.00,4.411155,99.0390625
08:00:03,91282CKW0,TSRYS5833263,D,S,T,2024-07-02,1000000.00,4.411155,99.0390625
08:00:03,91282CKW0,TSRYS5833263,D,S,T,2024-07-02,1000000.00,4.411485,99.037109375
08:00:03,91282CKW0,TSRYS5833263,D,S,T,2024-07-02,1000000.00,4.411485,99.037109375
08:00:03,91282CKW0,TSRYS5833263,D,S,T,2024-07-02,1000000.00,4.411485,99.037109375
08:00:03,91282CKW0,TSRYS5833263,D,S,T,2024-07-02,1000000.00,4.411485,99.037109375
08:00:03,91282CKW0,TSRYS5833263,D,S,T,2024-07-02,1000000.00,4.411485,99.037109375
08:00:03,91282CKW0,TSRYS5833263,D,S,T,2024-07-02,1000000.00,4.411485,99.037109375
08:00:03,91282CKW0,TSRYS5833263,D,S,T,2024-07-02,1000000.00,4.411155,99.0390625
08:00:03,91282CKW0,TSRYS5833263,D,S,T,2024-07-02,1000000.00,4.411155,99.0390625
08:00:03,91282CKW0,TSRYS5833263,D,S,T,2024-07-02,1000000.00,4.411155,99.0390625
08:00:03,91282CKW0,TSRYS5833263,D,S,T,2024-07-02,1000000.00,4.411155,99.0390625
08:00:03,91282CKW0,TSRYS5833263,D,S,T,2024-07-02,1000000.00,4.411155,99.0390625
08:00:03,91282CKW0,TSRYS5833263,D,S,T,2024-07-02,1000000.00,4.413462,99.025390625
08:00:03,91282CKW0,TSRYS5833263,D,S,T,2024-07-02,1000000.00,4.413462,99.025390625
08:00:03,91282CKW0,TSRYS5833263,D,S,T,2024-07-02,1000000.00,4.413462,99.025390625
08:00:03,91282CKW0,TSRYS5833263,D,S,T,2024-07-02,1000000.00,4.416099,99.009765625
08:00:03,91282CKW0,TSRYS5833263,D,S,T,2024-07-02,1000000.00,4.416099,99.009765625
08:00:03,91282CKW0,TSRYS5833263,D,S,T,2024-07-02,1000000.00,4.416099,99.009765625
08:00:03,91282CKW0,TSRYS5833263,D,S,T,2024-07-02,1000000.00,4.418736,98.994140625
08:00:03,91282CKW0,TSRYS5833263,D,S,T,2024-07-02,1000000.00,4.418736,98.994140625
08:00:03,91282CKW0,TSRYS5833263,D,S,T,2024-07-02,1000000.00,4.418736,98.994140625
08:00:03,91282CKW0,TSRYS5833263,D,S,T,2024-07-02,1000000.00,4.418736,98.994140625
08:00:03,91282CKW0,TSRYS5833263,D,S,T,2024-07-02,1000000.00,4.418736,98.994140625
08:00:03,91282CKW0,TSRYS5833263,D,S,T,2024-07-02,1000000.00,4.418736,98.994140625
08:00:03,91282CKW0,TSRYS5833263,D,S,T,2024-07-02,1000000.00,4.416099,99.009765625
08:00:03,91282CKW0,TSRYS5833263,D,S,T,2024-07-02,1000000.00,4.411155,99.0390625
08:00:03,91282CKW0,TSRYS5833263,D,S,T,2024-07-02,1000000.00,4.411155,99.0390625
08:00:03,91282CKW0,TSRYS5833263,D,S,T,2024-07-02,1000000.00,4.411155,99.0390625
08:00:03,91282CKW0,TSRYS5833263,D,S,T,2024-07-02,1000000.00,4.411155,99.0390625
08:00:03,91282CKW0,TSRYS5833263,D,S,T,2024-07-02,1000000.00,4.411155,99.0390625
08:00:03,91282CKW0,TSRYS5833263,D,S,T,2024-07-02,1000000.00,4.411155,99.0390625
08:00:03,91282CKW0,TSRYS5833263,D,S,T,2024-07-02,1000000.00,4.411155,99.0390625
08:00:03,91282CKW0,TSRYS5833263,D,S,T,2024-07-02,1000000.00,4.411155,99.0390625
08:00:03,91282CKW0,TSRYS5833263,D,S,T,2024-07-02,1000000.00,4.421044,98.98046875
08:00:03,91282CKW0,TSRYS5833263,D,S,T,2024-07-02,1000000.00,4.421044,98.98046875
08:00:03,91282CKW0,TSRYS5833263,D,S,T,2024-07-02,1000000.00,4.421044,98.98046875
08:00:03,91282CKW0,TSRYS5833263,D,S,T,2024-07-02,1000000.00,4.423353,98.966796875
08:00:03,91282CKW0,TSRYS5833263,D,S,T,2024-07-02,1000000.00,4.423353,98.966796875
08:00:03,91282CKW0,TSRYS5833263,D,S,T,2024-07-02,1000000.00,4.423353,98.966796875
08:00:03,91282CKW0,TSRYS5833263,D,S,D,2024-07-02,1000000.00,4.423353,98.966796875
08:00:03,91282CKW0,TSRYS5833263,D,S,T,2024-07-02,1000000.00,4.423353,98.966796875
08:00:03,91282CKW0,TSRYS5833263,D,S,T,2024-07-02,1000000.00,4.423683,98.96484375
08:00:03,91282CKW0,TSRYS5833263,D,S,T,2024-07-02,1000000.00,4.423683,98.96484375
08:00:03,91282CKW0,TSRYS5833263,D,S,T,2024-07-02,1000000.00,4.423683,98.96484375
08:00:03,91282CKW0,TSRYS5833263,D,S,T,2024-07-02,1000000.00,4.423683,98.96484375
08:00:03,91282CKW0,TSRYS5833263,D,S,T,2024-07-02,1000000.00,4.423683,98.96484375
08:00:03,91282CKW0,TSRYS5833263,D,S,D,2024-07-02,1000000.00,4.423683,98.96484375
08:00:03,91282CKW0,TSRYS5833263,D,S,T,2024-07-02,1000000.00,4.423353,98.966796875
08:00:03,91282CKW0,TSRYS5833263,D,S,T,2024-07-02,1000000.00,4.423353,98.966796875
08:00:03,91282CKW0,TSRYS5833263,D,S,T,2024-07-02,1000000.00,4.423353,98.966796875
08:00:03,91282CKW0,TSRYS5833263,D,S,T,2024-07-02,1000000.00,4.423353,98.966796875
08:00:03,91282CKW0,TSRYS5833263,D,S,T,2024-07-02,1000000.00,4.423353,98.966796875
08:00:03,91282CKW0,TSRYS5833263,D,S,T,2024-07-02,1000000.00,4.423353,98.966796875
08:00:03,91282CKW0,TSRYS5833263,D,S,T,2024-07-02,1000000.00,4.423353,98.966796875
08:00:03,91282CKW0,TSRYS5833263,D,S,T,2024-07-02,1000000.00,4.423353,98.966796875
08:00:03,91282CKW0,TSRYS5833263,D,S,D,2024-07-02,1000000.00,4.423353,98.966796875
08:00:03,91282CKW0,TSRYS5833263,D,S,T,2024-07-02,1000000.00,4.421044,98.98046875
08:00:03,91282CKW0,TSRYS5833263,D,S,T,2024-07-02,1000000.00,4.421044,98.98046875
08:00:03,91282CKW0,TSRYS5833263,D,S,T,2024-07-02,1000000.00,4.421044,98.98046875
08:00:03,91282CKW0,TSRYS5833263,D,S,T,2024-07-02,1000000.00,4.416758,99.005859375
08:00:03,91282CKW0,TSRYS5833263,D,S,T,2024-07-02,1000000.00,4.414451,99.01953125
08:00:07,91282CKW0,TSRYS5833263,D,S,D,2024-07-02,1000000.00,4.416428,99.0078125
08:00:07,91282CKW0,TSRYS5833263,D,S,T,2024-07-02,1000000.00,4.424342,98.9609375
08:00:07,91282CKW0,TSRYS5833263,D,S,T,2024-07-02,1000000.00,4.423023,98.96875
08:00:07,91282CKW0,TSRYS5833263,D,S,D,2024-07-02,1000000.00,4.426651,98.947265625
08:00:07,91282CKW0,TSRYS5833263,D,S,T,2024-07-02,1000000.00,4.426981,98.9453125
08:00:07,91282CKW0,TSRYS5833263,D,S,T,2024-07-02,1000000.00,4.426981,98.9453125
08:00:07,91282CKW0,TSRYS5833263,D,S,T,2024-07-02,1000000.00,4.426981,98.9453125
08:00:07,91282CKW0,TSRYS5833263,D,S,T,2024-07-02,1000000.00,4.426981,98.9453125
08:00:07,91282CKW0,TSRYS5833263,D,S,T,2024-07-02,1000000.00,4.426981,98.9453125
08:00:07,91282CKW0,TSRYS5833263,D,S,T,2024-07-02,1000000.00,4.426981,98.9453125
08:00:07,91282CKW0,TSRYS5833263,D,S,D,2024-07-02,1000000.00,4.428301,98.9375
08:00:07,91282CKW0,TSRYS5833263,D,S,D,2024-07-02,1000000.00,4.42995,98.927734375
08:00:07,91282CKW0,TSRYS5833263,D,S,D,2024-07-02,1000000.00,4.426981,98.9453125
08:00:07,91282CKW0,TSRYS5833263,D,S,D,2024-07-02,2000000.00,4.428301,98.9375
08:00:07,91282CKW0,TSRYS5833263,D,S,D,2024-07-02,1000000.00,4.428301,98.9375
08:00:07,91282CKW0,TSRYS5833263,D,S,T,2024-07-02,1000000.00,4.42995,98.927734375
08:00:07,91282CKW0,TSRYS5833263,D,S,T,2024-07-02,1000000.00,4.425662,98.953125
08:00:07,91282CKW0,TSRYS5833263,D,S,T,2024-07-02,2000000.00,4.419725,98.98828125
08:00:07,91282CKW0,TSRYS5833263,D,S,D,2024-07-02,1000000.00,4.424012,98.962890625
08:00:07,91282CKW0,TSRYS5833263,D,S,T,2024-07-02,1000000.00,4.424342,98.9609375
08:00:07,91282CKW0,TSRYS5833263,D,S,T,2024-07-02,1000000.00,4.417747,99.0
08:00:07,91282CKW0,TSRYS5833263,D,S,T,2024-07-02,1000000.00,4.416428,99.0078125
08:00:07,91282CKW0,TSRYS5833263,D,S,T,2024-07-02,1000000.00,4.417747,99.0
08:00:07,91282CKW0,TSRYS5833263,D,S,T,2024-07-02,1000000.00,4.418077,98.998046875
08:00:11,91282CKW0,TSRYS5833263,D,S,T,2024-07-02,1000000.00,4.428301,98.9375
08:00:11,91282CKW0,TSRYS5833263,D,S,T,2024-07-02,1000000.00,4.428301,98.9375
08:00:11,91282CKW0,TSRYS5833263,D,S,T,2024-07-02,4000000.00,4.421704,98.9765625
08:00:11,91282CKW0,TSRYS5833263,D,S,T,2024-07-02,11000000.00,4.421704,98.9765625
08:00:11,91282CKW0,TSRYS5833263,D,S,T,2024-07-02,1000000.00,4.418736,98.994140625
08:00:11,91282CKW0,TSRYS5833263,D,S,D,2024-07-02,1000000.00,4.420055,98.986328125
08:00:11,91282CKW0,TSRYS5833263,D,S,D,2024-07-02,1000000.00,4.420055,98.986328125
08:00:11,91282CKW0,TSRYS5833263,D,S,D,2024-07-02,1000000.00,4.416758,99.005859375
08:00:11,91282CKW0,TSRYS5833263,D,S,D,2024-07-02,1000000.00,4.416758,99.005859375
08:00:11,91282CKW0,TSRYS5833263,D,S,T,2024-07-02,1000000.00,4.416758,99.005859375
08:00:11,91282CKW0,TSRYS5833263,D,S,T,2024-07-02,1000000.00,4.416758,99.005859375
08:00:11,91282CKW0,TSRYS5833263,D,S,T,2024-07-02,1000000.00,4.413791,99.0234375
08:00:11,91282CKW0,TSRYS5833263,D,S,T,2024-07-02,1000000.00,4.41511,99.015625
08:00:11,91282CKW0,TSRYS5833263,D,S,T,2024-07-02,1000000.00,4.41511,99.015625
08:00:11,91282CKW0,TSRYS5833263,D,S,T,2024-07-02,1000000.00,4.409178,99.05078125
08:00:11,91282CKW0,TSRYS5833263,D,S,T,2024-07-02,1000000.00,4.411155,99.0390625
08:00:11,91282CKW0,TSRYS5833263,D,S,D,2024-07-02,1000000.00,4.411485,99.037109375
08:00:11,91282CKW0,TSRYS5833263,D,S,D,2024-07-02,1000000.00,4.411485,99.037109375
08:00:11,91282CKW0,TSRYS5833263,D,S,T,2024-07-02,1000000.00,4.411155,99.0390625
08:00:11,91282CKW0,TSRYS5833263,D,S,D,2024-07-02,1000000.00,4.413462,99.025390625
08:00:11,91282CKW0,TSRYS5833263,D,S,D,2024-07-02,1000000.00,4.413462,99.025390625
08:00:11,91282CKW0,TSRYS5833263,D,S,D,2024-07-02,1000000.00,4.413462,99.025390625
08:00:11,91282CKW0,TSRYS5833263,D,S,D,2024-07-02,1000000.00,4.413462,99.025390625
08:00:11,91282CKW0,TSRYS5833263,D,S,D,2024-07-02,1000000.00,4.411155,99.0390625
08:00:11,91282CKW0,TSRYS5833263,D,S,T,2024-07-02,1000000.00,4.412473,99.03125
08:00:11,91282CKW0,TSRYS5833263,D,S,T,2024-07-02,1000000.00,4.421704,98.9765625
08:00:11,91282CKW0,TSRYS5833263,D,S,D,2024-07-02,1000000.00,4.423683,98.96484375
08:00:11,91282CKW0,TSRYS5833263,D,S,D,2024-07-02,1000000.00,4.423683,98.96484375
08:00:11,91282CKW0,TSRYS5833263,D,S,D,2024-07-02,1000000.00,4.423683,98.96484375
08:00:11,91282CKW0,TSRYS5833263,D,S,D,2024-07-02,1000000.00,4.423683,98.96484375
08:00:11,91282CKW0,TSRYS5833263,D,S,T,2024-07-02,1000000.00,4.420385,98.984375
08:00:11,91282CKW0,TSRYS5833263,D,S,T,2024-07-02,1000000.00,4.417747,99.0
08:00:11,91282CKW0,TSRYS5833263,D,S,T,2024-07-02,1000000.00,4.416099,99.009765625
08:00:12,91282CKW0,TSRYS5833263,D,S,T,2024-07-02,1000000.00,4.417747,99.0
08:00:12,91282CKW0,TSRYS5833263,D,S,T,2024-07-02,1000000.00,4.417747,99.0
08:00:12,91282CKW0,TSRYS5833263,D,S,T,2024-07-02,1000000.00,4.418406,98.99609375
08:00:12,91282CKW0,TSRYS5833263,D,S,T,2024-07-02,1000000.00,4.418406,98.99609375
08:00:12,91282CKW0,TSRYS5833263,D,S,D,2024-07-02,1000000.00,4.426651,98.947265625
08:00:12,91282CKW0,TSRYS5833263,D,S,T,2024-07-02,1000000.00,4.426981,98.9453125
08:00:12,91282CKW0,TSRYS5833263,D,S,T,2024-07-02,1000000.00,4.426981,98.9453125
08:00:12,91282CKW0,TSRYS5833263,D,S,T,2024-07-02,1000000.00,4.428301,98.9375
08:00:12,91282CKW0,TSRYS5833263,D,S,T,2024-07-02,1000000.00,4.428301,98.9375
08:00:12,91282CKW0,TSRYS5833263,D,S,T,2024-07-02,1000000.00,4.428301,98.9375
08:00:12,91282CKW0,TSRYS5833263,D,S,D,2024-07-02,1000000.00,4.426981,98.9453125
08:00:12,91282CKW0,TSRYS5833263,D,S,T,2024-07-02,1000000.00,4.42929,98.931640625
08:00:12,91282CKW0,TSRYS5833263,D,S,T,2024-07-02,1000000.00,4.42929,98.931640625
08:00:12,91282CKW0,TSRYS5833263,D,S,T,2024-07-02,1000000.00,4.42929,98.931640625
08:00:12,91282CKW0,TSRYS5833263,D,S,T,2024-07-02,1000000.00,4.42929,98.931640625
08:00:12,91282CKW0,TSRYS5833263,D,S,D,2024-07-02,1000000.00,4.424342,98.9609375
08:00:12,91282CKW0,TSRYS5833263,D,S,D,2024-07-02,1000000.00,4.424342,98.9609375
08:00:12,91282CKW0,TSRYS5833263,D,S,D,2024-07-02,1000000.00,4.421374,98.978515625
08:00:12,91282CKW0,TSRYS5833263,D,S,T,2024-07-02,1000000.00,4.421374,98.978515625
08:00:12,91282CKW0,TSRYS5833263,D,S,D,2024-07-02,1000000.00,4.420055,98.986328125
08:00:12,91282CKW0,TSRYS5833263,D,S,T,2024-07-02,1000000.00,4.420055,98.986328125
08:00:12,91282CKW0,TSRYS5833263,D,S,T,2024-07-02,1000000.00,4.424012,98.962890625
08:00:12,91282CKW0,TSRYS5833263,D,S,D,2024-07-02,1000000.00,4.424012,98.962890625
08:00:12,91282CKW0,TSRYS5833263,D,S,T,2024-07-02,1000000.00,4.424012,98.962890625
08:00:12,91282CKW0,TSRYS5833263,D,S,T,2024-07-02,1000000.00,4.424012,98.962890625
08:00:12,91282CKW0,TSRYS5833263,D,S,D,2024-07-02,1000000.00,4.424012,98.962890625
08:00:12,91282CKW0,TSRYS5833263,D,S,D,2024-07-02,1000000.00,4.424012,98.962890625
08:00:12,91282CKW0,TSRYS5833263,D,S,T,2024-07-02,1000000.00,4.424012,98.962890625
08:00:12,91282CKW0,TSRYS5833263,D,S,T,2024-07-02,1000000.00,4.424342,98.9609375
08:00:12,91282CKW0,TSRYS5833263,D,S,T,2024-07-02,1000000.00,4.422363,98.97265625
08:00:12,91282CKW0,TSRYS5833263,D,S,T,2024-07-02,1000000.00,4.424342,98.9609375
08:00:12,91282CKW0,TSRYS5833263,D,S,D,2024-07-02,1000000.00,4.425002,98.95703125
08:00:12,91282CKW0,TSRYS5833263,D,S,T,2024-07-02,1000000.00,4.425002,98.95703125
08:00:12,91282CKW0,TSRYS5833263,D,S,T,2024-07-02,1000000.00,4.425002,98.95703125
08:00:12,91282CKW0,TSRYS5833263,D,S,T,2024-07-02,1000000.00,4.424342,98.9609375
08:00:12,91282CKW0,TSRYS5833263,D,S,T,2024-07-02,1000000.00,4.424342,98.9609375
08:00:12,91282CKW0,TSRYS5833263,D,S,D,2024-07-02,1000000.00,4.428631,98.935546875
08:00:14,91282CKW0,TSRYS5833263,D,S,D,2024-07-02,1000000.00,4.42962,98.9296875
08:00:14,91282CKW0,TSRYS5833263,D,B,C,2024-07-02,2650000.00,4.42962,98.9296875
08:00:15,91282CKW0,TSRYS5833263,D,S,D,2024-07-02,1000000.00,4.43061,98.923828125
08:00:15,91282CKW0,TSRYS5833263,D,S,D,2024-07-02,1000000.00,4.43094,98.921875
08:00:16,91282CKW0,TSRYS5833263,D,S,D,2024-07-02,1000000.00,4.424012,98.962890625
08:00:16,91282CKW0,TSRYS5833263,D,S,D,2024-07-02,1000000.00,4.423683,98.96484375
08:00:16,91282CKW0,TSRYS5833263,D,S,D,2024-07-02,1000000.00,4.422363,98.97265625
08:00:21,91282CKW0,TSRYS5833263,D,S,D,2024-07-02,1000000.00,4.418736,98.994140625
08:00:21,91282CKW0,TSRYS5833263,D,S,D,2024-07-02,1000000.00,4.421704,98.9765625
08:00:21,91282CKW0,TSRYS5833263,D,S,D,2024-07-02,1000000.00,4.421704,98.9765625
08:00:21,91282CKW0,TSRYS5833263,D,S,D,2024-07-02,1000000.00,4.421704,98.9765625
08:00:21,91282CKW0,TSRYS5833263,D,S,D,2024-07-02,1000000.00,4.421704,98.9765625
08:00:21,91282CKW0,TSRYS5833263,D,S,D,2024-07-02,1000000.00,4.421704,98.9765625
08:00:21,91282CKW0,TSRYS5833263,D,S,D,2024-07-02,1000000.00,4.421704,98.9765625
08:00:21,91282CKW0,TSRYS5833263,D,S,D,2024-07-02,1000000.00,4.421704,98.9765625
08:00:21,91282CKW0,TSRYS5833263,D,S,D,2024-07-02,1000000.00,4.421704,98.9765625
08:00:22,91282CKW0,TSRYS5833263,D,S,D,2024-07-02,1000000.00,4.421704,98.9765625
08:00:22,91282CKW0,TSRYS5833263,D,S,D,2024-07-02,1000000.00,4.421704,98.9765625
08:00:22,91282CKW0,TSRYS5833263,D,S,D,2024-07-02,1000000.00,4.421704,98.9765625
08:00:22,91282CKW0,TSRYS5833263,D,S,D,2024-07-02,1000000.00,4.421704,98.9765625
08:00:22,91282CKW0,TSRYS5833263,D,S,D,2024-07-02,1000000.00,4.421704,98.9765625
08:00:22,91282CKW0,TSRYS5833263,D,S,D,2024-07-02,1000000.00,4.421704,98.9765625
08:00:22,91282CKW0,TSRYS5833263,D,S,D,2024-07-02,1000000.00,4.421374,98.978515625
08:00:22,91282CKW0,TSRYS5833263,D,S,D,2024-07-02,1000000.00,4.421374,98.978515625
08:00:22,91282CKW0,TSRYS5833263,D,S,D,2024-07-02,1000000.00,4.421374,98.978515625
08:00:22,91282CKW0,TSRYS5833263,D,S,D,2024-07-02,1000000.00,4.421374,98.978515625
08:00:22,91282CKW0,TSRYS5833263,D,S,D,2024-07-02,1000000.00,4.421374,98.978515625
08:00:24,91282CKW0,TSRYS5833263,D,S,D,2024-07-02,1000000.00,4.421044,98.98046875
08:00:24,91282CKW0,TSRYS5833263,D,S,D,2024-07-02,1000000.00,4.421044,98.98046875
08:00:24,91282CKW0,TSRYS5833263,D,S,D,2024-07-02,1000000.00,4.419396,98.990234375
08:00:24,91282CKW0,TSRYS5833263,D,S,D,2024-07-02,1000000.00,4.417417,99.001953125
08:00:28,91282CKW0,TSRYS5833263,D,S,D,2024-07-02,1000000.00,4.418736,98.994140625
08:00:29,91282CKW0,TSRYS5833263,D,S,T,2024-07-02,1000000.00,4.421704,98.9765625
08:00:29,91282CKW0,TSRYS5833263,D,S,T,2024-07-02,1000000.00,4.421704,98.9765625
08:00:29,91282CKW0,TSRYS5833263,D,S,T,2024-07-02,1000000.00,4.420385,98.984375
08:00:29,91282CKW0,TSRYS5833263,D,S,T,2024-07-02,2000000.00,4.417747,99.0
08:00:29,91282CKW0,TSRYS5833263,D,S,T,2024-07-02,1000000.00,4.411155,99.0390625
08:00:29,91282CKW0,TSRYS5833263,D,S,T,2024-07-02,1000000.00,4.41511,99.015625
08:00:29,91282CKW0,TSRYS5833263,D,S,T,2024-07-02,1000000.00,4.41511,99.015625
08:00:29,91282CKW0,TSRYS5833263,D,S,T,2024-07-02,1000000.00,4.426981,98.9453125
08:00:29,91282CKW0,TSRYS5833263,D,S,T,2024-07-02,1000000.00,4.426321,98.94921875
08:00:29,91282CKW0,TSRYS5833263,D,S,D,2024-07-02,1000000.00,4.427311,98.943359375
08:00:29,91282CKW0,TSRYS5833263,D,S,D,2024-07-02,1000000.00,4.425002,98.95703125
08:00:29,91282CKW0,TSRYS5833263,D,S,D,2024-07-02,1000000.00,4.418077,98.998046875
08:00:29,91282CKW0,TSRYS5833263,D,S,D,2024-07-02,1000000.00,4.41478,99.017578125
08:00:29,91282CKW0,TSRYS5833263,D,S,T,2024-07-02,1000000.00,4.412473,99.03125
08:00:29,91282CKW0,TSRYS5833263,D,S,D,2024-07-02,1000000.00,4.411485,99.037109375
08:00:29,91282CKW0,TSRYS5833263,D,S,D,2024-07-02,1000000.00,4.409178,99.05078125
08:00:29,91282CKW0,TSRYS5833263,D,S,D,2024-07-02,1000000.00,4.418406,98.99609375
08:00:29,91282CKW0,TSRYS5833263,D,S,D,2024-07-02,1000000.00,4.412144,99.033203125
08:00:29,91282CKW0,TSRYS5833263,D,S,D,2024-07-02,1000000.00,4.412144,99.033203125
08:00:29,91282CKW0,TSRYS5833263,D,S,D,2024-07-02,1000000.00,4.422363,98.97265625
08:00:29,91282CKW0,TSRYS5833263,D,S,D,2024-07-02,1000000.00,4.422363,98.97265625
08:00:29,91282CKW0,TSRYS5833263,D,S,D,2024-07-02,1000000.00,4.423683,98.96484375
08:00:29,91282CKW0,TSRYS5833263,D,S,D,2024-07-02,1000000.00,4.420055,98.986328125
08:00:29,91282CKW0,TSRYS5833263,D,S,D,2024-07-02,1000000.00,4.420714,98.982421875
08:00:29,91282CKW0,TSRYS5833263,D,S,D,2024-07-02,1000000.00,4.425332,98.955078125
08:00:29,91282CKW0,TSRYS5833263,D,S,D,2024-07-02,1000000.00,4.425002,98.95703125
08:00:29,91282CKW0,TSRYS5833263,D,S,D,2024-07-02,1000000.00,4.427641,98.94140625
08:00:29,91282CKW0,TSRYS5833263,D,S,D,2024-07-02,1000000.00,4.427971,98.939453125
08:00:29,91282CKW0,TSRYS5833263,D,S,D,2024-07-02,1000000.00,4.426321,98.94921875
08:00:29,91282CKW0,TSRYS5833263,D,S,D,2024-07-02,1000000.00,4.427971,98.939453125
08:00:29,91282CKW0,TSRYS5833263,D,S,D,2024-07-02,1000000.00,4.418077,98.998046875
08:00:29,91282CKW0,TSRYS5833263,D,S,D,2024-07-02,1000000.00,4.420714,98.982421875
08:00:29,91282CKW0,TSRYS5833263,D,S,D,2024-07-02,1000000.00,4.421704,98.9765625
08:00:29,91282CKW0,TSRYS5833263,D,S,D,2024-07-02,1000000.00,4.422034,98.974609375
08:00:29,91282CKW0,TSRYS5833263,D,S,D,2024-07-02,1000000.00,4.422034,98.974609375
08:00:29,91282CKW0,TSRYS5833263,D,S,D,2024-07-02,1000000.00,4.425002,98.95703125
08:00:29,91282CKW0,TSRYS5833263,D,S,D,2024-07-02,1000000.00,4.418736,98.994140625
08:00:29,91282CKW0,TSRYS5833263,D,S,D,2024-07-02,1000000.00,4.418406,98.99609375
08:00:29,91282CKW0,TSRYS5833263,D,S,D,2024-07-02,1000000.00,4.418736,98.994140625
08:00:30,91282CKW0,TSRYS5833263,D,S,D,2024-07-02,1000000.00,4.423353,98.966796875
08:00:30,91282CKW0,TSRYS5833263,D,S,D,2024-07-02,1000000.00,4.423353,98.966796875
08:00:30,91282CKW0,TSRYS5833263,D,S,D,2024-07-02,1000000.00,4.423353,98.966796875
08:00:30,91282CKW0,TSRYS5833263,D,S,D,2024-07-02,1000000.00,4.428631,98.935546875
08:00:30,91282CKW0,TSRYS5833263,D,S,D,2024-07-02,1000000.00,4.427311,98.943359375
08:00:30,91282CKW0,TSRYS5833263,D,S,D,2024-07-02,1000000.00,4.424012,98.962890625
08:00:30,91282CKW0,TSRYS5833263,D,S,D,2024-07-02,1000000.00,4.423683,98.96484375
08:00:30,91282CKW0,TSRYS5833263,D,S,D,2024-07-02,1000000.00,4.419396,98.990234375
08:00:30,91282CKW0,TSRYS5833263,D,S,D,2024-07-02,1000000.00,4.417417,99.001953125
08:00:30,91282CKW0,TSRYS5833263,D,S,D,2024-07-02,1000000.00,4.411155,99.0390625
08:00:30,91282CKW0,TSRYS5833263,D,S,D,2024-07-02,1000000.00,4.411155,99.0390625
08:00:30,91282CKW0,TSRYS5833263,D,S,D,2024-07-02,1000000.00,4.423353,98.966796875
08:00:30,91282CKW0,TSRYS5833263,D,S,D,2024-07-02,1000000.00,4.408848,99.052734375
08:00:30,91282CKW0,TSRYS5833263,D,S,D,2024-07-02,1000000.00,4.411155,99.0390625
08:00:30,91282CKW0,TSRYS5833263,D,S,D,2024-07-02,1000000.00,4.411155,99.0390625
08:00:30,91282CKW0,TSRYS5833263,D,S,D,2024-07-02,1000000.00,4.413462,99.025390625
08:00:30,91282CKW0,TSRYS5833263,D,S,D,2024-07-02,1000000.00,4.416099,99.009765625
08:00:30,91282CKW0,TSRYS5833263,D,S,D,2024-07-02,1000000.00,4.416099,99.009765625
08:00:30,91282CKW0,TSRYS5833263,D,S,D,2024-07-02,1000000.00,4.418736,98.994140625
08:00:30,91282CKW0,TSRYS5833263,D,S,D,2024-07-02,1000000.00,4.416099,99.009765625
08:00:30,91282CKW0,TSRYS5833263,D,S,D,2024-07-02,1000000.00,4.411155,99.0390625
08:00:30,91282CKW0,TSRYS5833263,D,S,D,2024-07-02,1000000.00,4.411155,99.0390625
08:00:30,91282CKW0,TSRYS5833263,D,S,D,2024-07-02,1000000.00,4.420385,98.984375
08:00:30,91282CKW0,TSRYS5833263,D,S,D,2024-07-02,1000000.00,4.420055,98.986328125
08:00:30,91282CKW0,TSRYS5833263,D,S,D,2024-07-02,1000000.00,4.420714,98.982421875
08:00:30,91282CKW0,TSRYS5833263,D,S,D,2024-07-02,1000000.00,4.420055,98.986328125
08:00:30,91282CKW0,TSRYS5833263,D,S,D,2024-07-02,1000000.00,4.421044,98.98046875
08:00:30,91282CKW0,TSRYS5833263,D,S,D,2024-07-02,1000000.00,4.421374,98.978515625
08:00:30,91282CKW0,TSRYS5833263,D,S,D,2024-07-02,1000000.00,4.421044,98.98046875
08:00:30,91282CKW0,TSRYS5833263,D,S,D,2024-07-02,1000000.00,4.421044,98.98046875
08:00:30,91282CKW0,TSRYS5833263,D,S,D,2024-07-02,1000000.00,4.421044,98.98046875
08:00:30,91282CKW0,TSRYS5833263,D,S,D,2024-07-02,1000000.00,4.422693,98.970703125
08:00:30,91282CKW0,TSRYS5833263,D,S,D,2024-07-02,1000000.00,4.423353,98.966796875
08:00:30,91282CKW0,TSRYS5833263,D,S,D,2024-07-02,1000000.00,4.423353,98.966796875
08:00:30,91282CKW0,TSRYS5833263,D,S,D,2024-07-02,1000000.00,4.423353,98.966796875
08:00:30,91282CKW0,TSRYS5833263,D,S,D,2024-07-02,1000000.00,4.423683,98.96484375
08:00:30,91282CKW0,TSRYS5833263,D,S,D,2024-07-02,1000000.00,4.423683,98.96484375
08:00:30,91282CKW0,TSRYS5833263,D,S,D,2024-07-02,1000000.00,4.423353,98.966796875
08:00:30,91282CKW0,TSRYS5833263,D,S,D,2024-07-02,1000000.00,4.423683,98.96484375
08:00:30,91282CKW0,TSRYS5833263,D,S,D,2024-07-02,1000000.00,4.423683,98.96484375
08:00:30,91282CKW0,TSRYS5833263,D,S,D,2024-07-02,1000000.00,4.421044,98.98046875
08:00:30,91282CKW0,TSRYS5833263,D,S,D,2024-07-02,1000000.00,4.421044,98.98046875
08:00:30,91282CKW0,TSRYS5833263,D,S,D,2024-07-02,1000000.00,4.421374,98.978515625
08:00:30,91282CKW0,TSRYS5833263,D,S,D,2024-07-02,1000000.00,4.421704,98.9765625
08:00:30,91282CKW0,TSRYS5833263,D,S,D,2024-07-02,1000000.00,4.423353,98.966796875
08:00:30,91282CKW0,TSRYS5833263,D,S,D,2024-07-02,1000000.00,4.422363,98.97265625
08:00:30,91282CKW0,TSRYS5833263,D,S,D,2024-07-02,1000000.00,4.422693,98.970703125
08:00:30,91282CKW0,TSRYS5833263,D,S,D,2024-07-02,1000000.00,4.421044,98.98046875
08:00:30,91282CKW0,TSRYS5833263,D,S,D,2024-07-02,1000000.00,4.421044,98.98046875
08:00:30,91282CKW0,TSRYS5833263,D,S,D,2024-07-02,1000000.00,4.416099,99.009765625
08:00:30,91282CKW0,TSRYS5833263,D,S,D,2024-07-02,1000000.00,4.416099,99.009765625
08:00:30,91282CKW0,TSRYS5833263,D,S,D,2024-07-02,1000000.00,4.416099,99.009765625
08:00:30,91282CKW0,TSRYS5833263,D,S,D,2024-07-02,1000000.00,4.416099,99.009765625
08:00:30,91282CKW0,TSRYS5833263,D,S,D,2024-07-02,1000000.00,4.423353,98.966796875
08:00:30,91282CKW0,TSRYS5833263,D,S,D,2024-07-02,1000000.00,4.423353,98.966796875
08:00:30,91282CKW0,TSRYS5833263,D,S,D,2024-07-02,1000000.00,4.423353,98.966796875
08:00:30,91282CKW0,TSRYS5833263,D,S,D,2024-07-02,1000000.00,4.423353,98.966796875
08:00:30,91282CKW0,TSRYS5833263,D,S,D,2024-07-02,1000000.00,4.423353,98.966796875
08:00:30,91282CKW0,TSRYS5833263,D,S,D,2024-07-02,1000000.00,4.423353,98.966796875
08:00:30,91282CKW0,TSRYS5833263,D,S,D,2024-07-02,1000000.00,4.421044,98.98046875
08:00:30,91282CKW0,TSRYS5833263,D,S,D,2024-07-02,1000000.00,4.421044,98.98046875
08:00:30,91282CKW0,TSRYS5833263,D,S,D,2024-07-02,1000000.00,4.423353,98.966796875
08:00:30,91282CKW0,TSRYS5833263,D,S,D,2024-07-02,1000000.00,4.42929,98.931640625
08:00:30,91282CKW0,TSRYS5833263,D,S,D,2024-07-02,1000000.00,4.43061,98.923828125
08:00:30,91282CKW0,TSRYS5833263,D,S,D,2024-07-02,1000000.00,4.43061,98.923828125
08:00:30,91282CKW0,TSRYS5833263,D,S,D,2024-07-02,1000000.00,4.426651,98.947265625
08:00:30,91282CKW0,TSRYS5833263,D,S,D,2024-07-02,1000000.00,4.425332,98.955078125
08:00:30,91282CKW0,TSRYS5833263,D,S,D,2024-07-02,1000000.00,4.425332,98.955078125
08:00:30,91282CKW0,TSRYS5833263,D,S,D,2024-07-02,1000000.00,4.425332,98.955078125
08:00:30,91282CKW0,TSRYS5833263,D,S,D,2024-07-02,1000000.00,4.42962,98.9296875
08:00:30,91282CKW0,TSRYS5833263,D,S,D,2024-07-02,1000000.00,4.427971,98.939453125
08:00:30,91282CKW0,TSRYS5833263,D,S,D,2024-07-02,1000000.00,4.427971,98.939453125
08:00:30,91282CKW0,TSRYS5833263,D,S,D,2024-07-02,1000000.00,4.424012,98.962890625
08:00:30,91282CKW0,TSRYS5833263,D,S,D,2024-07-02,1000000.00,4.424342,98.9609375
08:00:30,91282CKW0,TSRYS5833263,D,S,D,2024-07-02,1000000.00,4.422034,98.974609375
08:00:30,91282CKW0,TSRYS5833263,D,S,D,2024-07-02,1000000.00,4.424012,98.962890625
08:00:30,91282CKW0,TSRYS5833263,D,S,D,2024-07-02,1000000.00,4.424672,98.958984375
08:00:30,91282CKW0,TSRYS5833263,D,S,D,2024-07-02,1000000.00,4.411155,99.0390625
08:00:30,91282CKW0,TSRYS5833263,D,S,D,2024-07-02,1000000.00,4.411155,99.0390625
08:00:30,91282CKW0,TSRYS5833263,D,S,D,2024-07-02,1000000.00,4.416099,99.009765625
08:00:30,91282CKW0,TSRYS5833263,D,S,D,2024-07-02,1000000.00,4.416099,99.009765625
08:00:30,91282CKW0,TSRYS5833263,D,S,D,2024-07-02,1000000.00,4.416099,99.009765625
08:00:30,91282CKW0,TSRYS5833263,D,S,D,2024-07-02,1000000.00,4.416099,99.009765625
08:00:30,91282CKW0,TSRYS5833263,D,S,D,2024-07-02,1000000.00,4.411155,99.0390625
08:00:30,91282CKW0,TSRYS5833263,D,S,D,2024-07-02,1000000.00,4.421044,98.98046875
08:00:30,91282CKW0,TSRYS5833263,D,S,D,2024-07-02,1000000.00,4.423353,98.966796875
08:00:30,91282CKW0,TSRYS5833263,D,S,D,2024-07-02,1000000.00,4.423353,98.966796875
08:00:30,91282CKW0,TSRYS5833263,D,S,D,2024-07-02,1000000.00,4.423353,98.966796875
08:00:30,91282CKW0,TSRYS5833263,D,S,D,2024-07-02,1000000.00,4.423353,98.966796875
08:00:30,91282CKW0,TSRYS5833263,D,S,D,2024-07-02,1000000.00,4.423353,98.966796875
08:00:30,91282CKW0,TSRYS5833263,D,S,D,2024-07-02,1000000.00,4.423353,98.966796875
08:00:30,91282CKW0,TSRYS5833263,D,S,D,2024-07-02,1000000.00,4.423353,98.966796875
08:00:30,91282CKW0,TSRYS5833263,D,S,D,2024-07-02,1000000.00,4.416099,99.009765625
08:00:30,91282CKW0,TSRYS5833263,D,S,D,2024-07-02,1000000.00,4.416099,99.009765625
08:00:30,91282CKW0,TSRYS5833263,D,S,D,2024-07-02,1000000.00,4.423353,98.966796875
08:00:30,91282CKW0,TSRYS5833263,D,S,D,2024-07-02,1000000.00,4.421044,98.98046875
08:00:30,91282CKW0,TSRYS5833263,D,S,D,2024-07-02,1000000.00,4.418406,98.99609375
08:00:30,91282CKW0,TSRYS5833263,D,S,T,2024-07-02,1000000.00,4.43094,98.921875
08:00:30,91282CKW0,TSRYS5833263,D,S,T,2024-07-02,4000000.00,4.42962,98.9296875
08:00:30,91282CKW0,TSRYS5833263,D,S,T,2024-07-02,1000000.00,4.426321,98.94921875
08:00:30,91282CKW0,TSRYS5833263,D,S,T,2024-07-02,1000000.00,4.426651,98.947265625
08:00:30,91282CKW0,TSRYS5833263,D,S,T,2024-07-02,1000000.00,4.427641,98.94140625
08:00:30,91282CKW0,TSRYS5833263,D,S,T,2024-07-02,1000000.00,4.427311,98.943359375
08:00:30,91282CKW0,TSRYS5833263,D,S,T,2024-07-02,1000000.00,4.427311,98.943359375
08:00:30,91282CKW0,TSRYS5833263,D,S,T,2024-07-02,1000000.00,4.426321,98.94921875
08:00:30,91282CKW0,TSRYS5833263,D,S,T,2024-07-02,1000000.00,4.426321,98.94921875
08:00:30,91282CKW0,TSRYS5833263,D,S,T,2024-07-02,1000000.00,4.426321,98.94921875
08:00:30,91282CKW0,TSRYS5833263,D,S,T,2024-07-02,1000000.00,4.426321,98.94921875
08:00:30,91282CKW0,TSRYS5833263,D,S,T,2024-07-02,1000000.00,4.426321,98.94921875
08:00:30,91282CKW0,TSRYS5833263,D,S,T,2024-07-02,1000000.00,4.426321,98.94921875
08:00:30,91282CKW0,TSRYS5833263,D,S,T,2024-07-02,1000000.00,4.426321,98.94921875
08:00:30,91282CKW0,TSRYS5833263,D,S,T,2024-07-02,1000000.00,4.426321,98.94921875
08:00:30,91282CKW0,TSRYS5833263,D,S,T,2024-07-02,1000000.00,4.423683,98.96484375
08:00:30,91282CKW0,TSRYS5833263,D,S,T,2024-07-02,1000000.00,4.423683,98.96484375
08:00:30,91282CKW0,TSRYS5833263,D,S,T,2024-07-02,1000000.00,4.423683,98.96484375
08:00:30,91282CKW0,TSRYS5833263,D,S,T,2024-07-02,1000000.00,4.423683,98.96484375
08:00:30,91282CKW0,TSRYS5833263,D,S,T,2024-07-02,1000000.00,4.424012,98.962890625
08:00:33,91282CKW0,TSRYS5833263,D,S,T,2024-07-02,1000000.00,4.423683,98.96484375
08:00:33,91282CKW0,TSRYS5833263,D,S,T,2024-07-02,1000000.00,4.423683,98.96484375
08:00:33,91282CKW0,TSRYS5833263,D,S,T,2024-07-02,1000000.00,4.423683,98.96484375
08:00:33,91282CKW0,TSRYS5833263,D,S,T,2024-07-02,1000000.00,4.423683,98.96484375
08:00:33,91282CKW0,TSRYS5833263,D,S,T,2024-07-02,1000000.00,4.423683,98.96484375
08:00:33,91282CKW0,TSRYS5833263,D,S,T,2024-07-02,1000000.00,4.421704,98.9765625
08:00:33,91282CKW0,TSRYS5833263,D,S,T,2024-07-02,1000000.00,4.419066,98.9921875
08:00:33,91282CKW0,TSRYS5833263,D,S,T,2024-07-02,1000000.00,4.419066,98.9921875
08:00:33,91282CKW0,TSRYS5833263,D,S,T,2024-07-02,1000000.00,4.421704,98.9765625
08:00:33,91282CKW0,TSRYS5833263,D,S,T,2024-07-02,1000000.00,4.419066,98.9921875
08:00:33,91282CKW0,TSRYS5833263,D,S,T,2024-07-02,1000000.00,4.419066,98.9921875
08:00:33,91282CKW0,TSRYS5833263,D,S,T,2024-07-02,1000000.00,4.419066,98.9921875
08:00:33,91282CKW0,TSRYS5833263,D,S,T,2024-07-02,1000000.00,4.419066,98.9921875
08:00:33,91282CKW0,TSRYS5833263,D,S,T,2024-07-02,1000000.00,4.419066,98.9921875
08:00:33,91282CKW0,TSRYS5833263,D,S,T,2024-07-02,1000000.00,4.419066,98.9921875
08:00:33,91282CKW0,TSRYS5833263,D,S,T,2024-07-02,1000000.00,4.419066,98.9921875
08:00:33,91282CKW0,TSRYS5833263,D,S,T,2024-07-02,1000000.00,4.419396,98.990234375
08:00:33,91282CKW0,TSRYS5833263,D,S,T,2024-07-02,2000000.00,4.416758,99.005859375
08:00:33,91282CKW0,TSRYS5833263,D,S,T,2024-07-02,1000000.00,4.416758,99.005859375
08:00:33,91282CKW0,TSRYS5833263,D,S,T,2024-07-02,1000000.00,4.416758,99.005859375
08:00:33,91282CKW0,TSRYS5833263,D,S,T,2024-07-02,1000000.00,4.419396,98.990234375
08:00:33,91282CKW0,TSRYS5833263,D,S,T,2024-07-02,1000000.00,4.418736,98.994140625
08:00:33,91282CKW0,TSRYS5833263,D,S,T,2024-07-02,1000000.00,4.421704,98.9765625
08:00:33,91282CKW0,TSRYS5833263,D,S,T,2024-07-02,1000000.00,4.421704,98.9765625
08:00:33,91282CKW0,TSRYS5833263,D,S,T,2024-07-02,1000000.00,4.416758,99.005859375
08:00:33,91282CKW0,TSRYS5833263,D,S,T,2024-07-02,1000000.00,4.416758,99.005859375
08:00:33,91282CKW0,TSRYS5833263,D,S,T,2024-07-02,1000000.00,4.414451,99.01953125
08:00:33,91282CKW0,TSRYS5833263,D,S,T,2024-07-02,1000000.00,4.414451,99.01953125
08:00:33,91282CKW0,TSRYS5833263,D,S,T,2024-07-02,1000000.00,4.411155,99.0390625
08:00:33,91282CKW0,TSRYS5833263,D,S,T,2024-07-02,1000000.00,4.411155,99.0390625
08:00:33,91282CKW0,TSRYS5833263,D,S,T,2024-07-02,1000000.00,4.411155,99.0390625
08:00:33,91282CKW0,TSRYS5833263,D,S,T,2024-07-02,1000000.00,4.411155,99.0390625
08:00:33,91282CKW0,TSRYS5833263,D,S,T,2024-07-02,1000000.00,4.411155,99.0390625
08:00:33,91282CKW0,TSRYS5833263,D,S,T,2024-07-02,1000000.00,4.411155,99.0390625
08:00:33,91282CKW0,TSRYS5833263,D,S,T,2024-07-02,1000000.00,4.411155,99.0390625
08:00:33,91282CKW0,TSRYS5833263,D,S,T,2024-07-02,1000000.00,4.411155,99.0390625
08:00:33,91282CKW0,TSRYS5833263,D,S,T,2024-07-02,1000000.00,4.411155,99.0390625
08:00:33,91282CKW0,TSRYS5833263,D,S,T,2024-07-02,1000000.00,4.411155,99.0390625
08:00:33,91282CKW0,TSRYS5833263,D,S,T,2024-07-02,1000000.00,4.411155,99.0390625
08:00:33,91282CKW0,TSRYS5833263,D,S,T,2024-07-02,1000000.00,4.411155,99.0390625
08:00:33,91282CKW0,TSRYS5833263,D,S,T,2024-07-02,1000000.00,4.411155,99.0390625
08:00:33,91282CKW0,TSRYS5833263,D,S,T,2024-07-02,1000000.00,4.411155,99.0390625
08:00:33,91282CKW0,TSRYS5833263,D,S,T,2024-07-02,1000000.00,4.411155,99.0390625
08:00:33,91282CKW0,TSRYS5833263,D,S,T,2024-07-02,1000000.00,4.411155,99.0390625
08:00:33,91282CKW0,TSRYS5833263,D,S,T,2024-07-02,1000000.00,4.408848,99.052734375
08:00:33,91282CKW0,TSRYS5833263,D,S,T,2024-07-02,1000000.00,4.408848,99.052734375
08:00:33,91282CKW0,TSRYS5833263,D,S,T,2024-07-02,1000000.00,4.408848,99.052734375
08:00:33,91282CKW0,TSRYS5833263,D,S,T,2024-07-02,1000000.00,4.411155,99.0390625
08:00:33,91282CKW0,TSRYS5833263,D,S,T,2024-07-02,1000000.00,4.411155,99.0390625
08:00:33,91282CKW0,TSRYS5833263,D,S,T,2024-07-02,1000000.00,4.411155,99.0390625
08:00:33,91282CKW0,TSRYS5833263,D,S,T,2024-07-02,1000000.00,4.411155,99.0390625
08:00:33,91282CKW0,TSRYS5833263,D,S,T,2024-07-02,1000000.00,4.411155,99.0390625
08:00:33,91282CKW0,TSRYS5833263,D,S,T,2024-07-02,1000000.00,4.411155,99.0390625
08:00:33,91282CKW0,TSRYS5833263,D,S,T,2024-07-02,1000000.00,4.411155,99.0390625
08:00:33,91282CKW0,TSRYS5833263,D,S,T,2024-07-02,1000000.00,4.411155,99.0390625
08:00:33,91282CKW0,TSRYS5833263,D,S,T,2024-07-02,1000000.00,4.411155,99.0390625
08:00:33,91282CKW0,TSRYS5833263,D,S,T,2024-07-02,1000000.00,4.411155,99.0390625
08:00:33,91282CKW0,TSRYS5833263,D,S,T,2024-07-02,1000000.00,4.411155,99.0390625
08:00:33,91282CKW0,TSRYS5833263,D,S,T,2024-07-02,1000000.00,4.411155,99.0390625
08:00:33,91282CKW0,TSRYS5833263,D,S,T,2024-07-02,1000000.00,4.411155,99.0390625
08:00:33,91282CKW0,TSRYS5833263,D,S,T,2024-07-02,1000000.00,4.411155,99.0390625
08:00:33,91282CKW0,TSRYS5833263,D,S,T,2024-07-02,1000000.00,4.411155,99.0390625
08:00:33,91282CKW0,TSRYS5833263,D,S,T,2024-07-02,1000000.00,4.411155,99.0390625
08:00:33,91282CKW0,TSRYS5833263,D,S,T,2024-07-02,1000000.00,4.411155,99.0390625
08:00:33,91282CKW0,TSRYS5833263,D,S,T,2024-07-02,1000000.00,4.411155,99.0390625
08:00:33,91282CKW0,TSRYS5833263,D,S,T,2024-07-02,1000000.00,4.411155,99.0390625
08:00:33,91282CKW0,TSRYS5833263,D,S,T,2024-07-02,1000000.00,4.411155,99.0390625
08:00:33,91282CKW0,TSRYS5833263,D,S,T,2024-07-02,1000000.00,4.411155,99.0390625
08:00:33,91282CKW0,TSRYS5833263,D,S,T,2024-07-02,1000000.00,4.411155,99.0390625
08:00:33,91282CKW0,TSRYS5833263,D,S,T,2024-07-02,1000000.00,4.413462,99.025390625
08:00:33,91282CKW0,TSRYS5833263,D,S,T,2024-07-02,1000000.00,4.413462,99.025390625
08:00:33,91282CKW0,TSRYS5833263,D,S,T,2024-07-02,1000000.00,4.413462,99.025390625
08:00:33,91282CKW0,TSRYS5833263,D,S,T,2024-07-02,1000000.00,4.416099,99.009765625
08:00:33,91282CKW0,TSRYS5833263,D,S,T,2024-07-02,1000000.00,4.416099,99.009765625
08:00:33,91282CKW0,TSRYS5833263,D,S,T,2024-07-02,1000000.00,4.416099,99.009765625
08:00:33,91282CKW0,TSRYS5833263,D,S,T,2024-07-02,1000000.00,4.416099,99.009765625
08:00:33,91282CKW0,TSRYS5833263,D,S,T,2024-07-02,1000000.00,4.416099,99.009765625
08:00:33,91282CKW0,TSRYS5833263,D,S,T,2024-07-02,1000000.00,4.416099,99.009765625
08:00:33,91282CKW0,TSRYS5833263,D,S,T,2024-07-02,1000000.00,4.416428,99.0078125
08:00:33,91282CKW0,TSRYS5833263,D,S,T,2024-07-02,1000000.00,4.416428,99.0078125
08:00:33,91282CKW0,TSRYS5833263,D,S,T,2024-07-02,1000000.00,4.416428,99.0078125
08:00:33,91282CKW0,TSRYS5833263,D,S,T,2024-07-02,1000000.00,4.416099,99.009765625
08:00:33,91282CKW0,TSRYS5833263,D,S,T,2024-07-02,1000000.00,4.416099,99.009765625
08:00:33,91282CKW0,TSRYS5833263,D,S,T,2024-07-02,1000000.00,4.416428,99.0078125
08:00:33,91282CKW0,TSRYS5833263,D,S,T,2024-07-02,1000000.00,4.416428,99.0078125
08:00:33,91282CKW0,TSRYS5833263,D,S,T,2024-07-02,1000000.00,4.418736,98.994140625
08:00:33,91282CKW0,TSRYS5833263,D,S,T,2024-07-02,1000000.00,4.418736,98.994140625
08:00:33,91282CKW0,TSRYS5833263,D,S,T,2024-07-02,1000000.00,4.418736,98.994140625
08:00:33,91282CKW0,TSRYS5833263,D,S,T,2024-07-02,1000000.00,4.416099,99.009765625
08:00:33,91282CKW0,TSRYS5833263,D,S,T,2024-07-02,1000000.00,4.416099,99.009765625
08:00:33,91282CKW0,TSRYS5833263,D,S,T,2024-07-02,1000000.00,4.416099,99.009765625
08:00:33,91282CKW0,TSRYS5833263,D,S,T,2024-07-02,1000000.00,4.416099,99.009765625
08:00:33,91282CKW0,TSRYS5833263,D,S,T,2024-07-02,1000000.00,4.416099,99.009765625
08:00:33,91282CKW0,TSRYS5833263,D,S,T,2024-07-02,1000000.00,4.416099,99.009765625
08:00:33,91282CKW0,TSRYS5833263,D,S,T,2024-07-02,1000000.00,4.411155,99.0390625
08:00:33,91282CKW0,TSRYS5833263,D,S,T,2024-07-02,1000000.00,4.413462,99.025390625
08:00:33,91282CKW0,TSRYS5833263,D,S,T,2024-07-02,1000000.00,4.413791,99.0234375
08:00:33,91282CKW0,TSRYS5833263,D,S,T,2024-07-02,1000000.00,4.411814,99.03515625
08:00:33,91282CKW0,TSRYS5833263,D,S,T,2024-07-02,1000000.00,4.411814,99.03515625
08:00:33,91282CKW0,TSRYS5833263,D,S,T,2024-07-02,1000000.00,4.412144,99.033203125
08:00:33,91282CKW0,TSRYS5833263,D,S,T,2024-07-02,1000000.00,4.416099,99.009765625
08:00:33,91282CKW0,TSRYS5833263,D,S,T,2024-07-02,1000000.00,4.416099,99.009765625
08:00:33,91282CKW0,TSRYS5833263,D,S,T,2024-07-02,1000000.00,4.416428,99.0078125
08:00:33,91282CKW0,TSRYS5833263,D,S,T,2024-07-02,1000000.00,4.418736,98.994140625
08:00:33,91282CKW0,TSRYS5833263,D,S,T,2024-07-02,1000000.00,4.418736,98.994140625
08:00:33,91282CKW0,TSRYS5833263,D,S,T,2024-07-02,1000000.00,4.421044,98.98046875
08:00:33,91282CKW0,TSRYS5833263,D,S,T,2024-07-02,1000000.00,4.421044,98.98046875
08:00:33,91282CKW0,TSRYS5833263,D,S,T,2024-07-02,1000000.00,4.421044,98.98046875
08:00:33,91282CKW0,TSRYS5833263,D,S,T,2024-07-02,1000000.00,4.421044,98.98046875
08:00:33,91282CKW0,TSRYS5833263,D,S,T,2024-07-02,1000000.00,4.421044,98.98046875
08:00:33,91282CKW0,TSRYS5833263,D,S,T,2024-07-02,1000000.00,4.421044,98.98046875
08:00:33,91282CKW0,TSRYS5833263,D,S,T,2024-07-02,1000000.00,4.421044,98.98046875
08:00:33,91282CKW0,TSRYS5833263,D,S,T,2024-07-02,1000000.00,4.421044,98.98046875
08:00:33,91282CKW0,TSRYS5833263,D,S,T,2024-07-02,1000000.00,4.423353,98.966796875
08:00:33,91282CKW0,TSRYS5833263,D,S,T,2024-07-02,1000000.00,4.423353,98.966796875
08:00:33,91282CKW0,TSRYS5833263,D,S,T,2024-07-02,1000000.00,4.423353,98.966796875
08:00:33,91282CKW0,TSRYS5833263,D,S,T,2024-07-02,1000000.00,4.423353,98.966796875
08:00:33,91282CKW0,TSRYS5833263,D,S,T,2024-07-02,1000000.00,4.423353,98.966796875
08:00:33,91282CKW0,TSRYS5833263,D,S,T,2024-07-02,1000000.00,4.423353,98.966796875
08:00:33,91282CKW0,TSRYS5833263,D,S,T,2024-07-02,1000000.00,4.423683,98.96484375
08:00:33,91282CKW0,TSRYS5833263,D,S,T,2024-07-02,1000000.00,4.423683,98.96484375
08:00:33,91282CKW0,TSRYS5833263,D,S,T,2024-07-02,1000000.00,4.423353,98.966796875
08:00:33,91282CKW0,TSRYS5833263,D,S,T,2024-07-02,1000000.00,4.423353,98.966796875
08:00:33,91282CKW0,TSRYS5833263,D,S,T,2024-07-02,1000000.00,4.423353,98.966796875
08:00:33,91282CKW0,TSRYS5833263,D,S,T,2024-07-02,1000000.00,4.423353,98.966796875
08:00:33,91282CKW0,TSRYS5833263,D,S,T,2024-07-02,1000000.00,4.421044,98.98046875
08:00:33,91282CKW0,TSRYS5833263,D,S,T,2024-07-02,1000000.00,4.421044,98.98046875
08:00:33,91282CKW0,TSRYS5833263,D,S,T,2024-07-02,1000000.00,4.423353,98.966796875
08:00:33,91282CKW0,TSRYS5833263,D,S,T,2024-07-02,1000000.00,4.421044,98.98046875
08:00:33,91282CKW0,TSRYS5833263,D,S,T,2024-07-02,1000000.00,4.421044,98.98046875
08:00:33,91282CKW0,TSRYS5833263,D,S,T,2024-07-02,1000000.00,4.421044,98.98046875
08:00:33,91282CKW0,TSRYS5833263,D,S,T,2024-07-02,1000000.00,4.416099,99.009765625
08:00:33,91282CKW0,TSRYS5833263,D,S,T,2024-07-02,6000000.00,4.415769,99.01171875
08:00:33,91282CKW0,TSRYS5833263,D,S,T,2024-07-02,1000000.00,4.419066,98.9921875
08:00:33,91282CKW0,TSRYS5833263,D,S,T,2024-07-02,1000000.00,4.420385,98.984375
08:00:33,91282CKW0,TSRYS5833263,D,S,T,2024-07-02,1000000.00,4.416099,99.009765625
08:00:33,91282CKW0,TSRYS5833263,D,S,T,2024-07-02,1000000.00,4.416099,99.009765625
08:00:33,91282CKW0,TSRYS5833263,D,S,T,2024-07-02,1000000.00,4.416099,99.009765625
08:00:33,91282CKW0,TSRYS5833263,D,S,T,2024-07-02,1000000.00,4.416099,99.009765625
08:00:33,91282CKW0,TSRYS5833263,D,S,T,2024-07-02,1000000.00,4.416099,99.009765625
08:00:33,91282CKW0,TSRYS5833263,D,S,T,2024-07-02,1000000.00,4.416428,99.0078125
08:00:33,91282CKW0,TSRYS5833263,D,S,T,2024-07-02,1000000.00,4.417417,99.001953125
08:00:33,91282CKW0,TSRYS5833263,D,S,T,2024-07-02,1000000.00,4.416099,99.009765625
08:00:33,91282CKW0,TSRYS5833263,D,S,T,2024-07-02,1000000.00,4.416099,99.009765625
08:00:33,91282CKW0,TSRYS5833263,D,S,T,2024-07-02,1000000.00,4.423353,98.966796875
08:00:33,91282CKW0,TSRYS5833263,D,S,T,2024-07-02,1000000.00,4.423353,98.966796875
08:00:33,91282CKW0,TSRYS5833263,D,S,T,2024-07-02,1000000.00,4.423353,98.966796875
08:00:33,91282CKW0,TSRYS5833263,D,S,T,2024-07-02,1000000.00,4.426651,98.947265625
08:00:33,91282CKW0,TSRYS5833263,D,S,T,2024-07-02,1000000.00,4.426981,98.9453125
08:00:33,91282CKW0,TSRYS5833263,D,S,T,2024-07-02,1000000.00,4.425332,98.955078125
08:00:33,91282CKW0,TSRYS5833263,D,S,T,2024-07-02,1000000.00,4.425002,98.95703125
08:00:33,91282CKW0,TSRYS5833263,D,S,T,2024-07-02,1000000.00,4.423353,98.966796875
08:00:33,91282CKW0,TSRYS5833263,D,S,T,2024-07-02,1000000.00,4.423353,98.966796875
08:00:33,91282CKW0,TSRYS5833263,D,S,T,2024-07-02,1000000.00,4.424342,98.9609375
08:00:33,91282CKW0,TSRYS5833263,D,S,T,2024-07-02,1000000.00,4.423353,98.966796875
08:00:33,91282CKW0,TSRYS5833263,D,S,T,2024-07-02,1000000.00,4.423353,98.966796875
08:00:33,91282CKW0,TSRYS5833263,D,S,T,2024-07-02,1000000.00,4.423353,98.966796875
08:00:33,91282CKW0,TSRYS5833263,D,S,T,2024-07-02,1000000.00,4.423353,98.966796875
08:00:33,91282CKW0,TSRYS5833263,D,S,T,2024-07-02,1000000.00,4.423353,98.966796875
08:00:33,91282CKW0,TSRYS5833263,D,S,T,2024-07-02,1000000.00,4.423353,98.966796875
08:00:33,91282CKW0,TSRYS5833263,D,S,T,2024-07-02,1000000.00,4.422363,98.97265625
08:00:33,91282CKW0,TSRYS5833263,D,S,T,2024-07-02,1000000.00,4.421044,98.98046875
08:00:33,91282CKW0,TSRYS5833263,D,S,T,2024-07-02,1000000.00,4.421044,98.98046875
08:00:33,91282CKW0,TSRYS5833263,D,S,T,2024-07-02,1000000.00,4.422693,98.970703125
08:00:33,91282CKW0,TSRYS5833263,D,S,T,2024-07-02,1000000.00,4.425662,98.953125
08:00:33,91282CKW0,TSRYS5833263,D,S,T,2024-07-02,1000000.00,4.428631,98.935546875
08:00:33,91282CKW0,TSRYS5833263,D,S,T,2024-07-02,1000000.00,4.428631,98.935546875
08:00:33,91282CKW0,TSRYS5833263,D,S,T,2024-07-02,1000000.00,4.426651,98.947265625
08:00:33,91282CKW0,TSRYS5833263,D,S,T,2024-07-02,1000000.00,4.426981,98.9453125
08:00:33,91282CKW0,TSRYS5833263,D,S,T,2024-07-02,1000000.00,4.428301,98.9375
08:00:33,91282CKW0,TSRYS5833263,D,S,T,2024-07-02,1000000.00,4.428301,98.9375
08:00:33,91282CKW0,TSRYS5833263,D,S,T,2024-07-02,1000000.00,4.43061,98.923828125
08:00:33,91282CKW0,TSRYS5833263,D,S,T,2024-07-02,1000000.00,4.42929,98.931640625
08:00:33,91282CKW0,TSRYS5833263,D,S,T,2024-07-02,1000000.00,4.428631,98.935546875
08:00:33,91282CKW0,TSRYS5833263,D,S,T,2024-07-02,1000000.00,4.426981,98.9453125
08:00:33,91282CKW0,TSRYS5833263,D,S,T,2024-07-02,1000000.00,4.425332,98.955078125
08:00:33,91282CKW0,TSRYS5833263,D,S,T,2024-07-02,1000000.00,4.427971,98.939453125
08:00:33,91282CKW0,TSRYS5833263,D,S,T,2024-07-02,1000000.00,4.428961,98.93359375
08:00:33,91282CKW0,TSRYS5833263,D,S,T,2024-07-02,1000000.00,4.427641,98.94140625
08:00:33,91282CKW0,TSRYS5833263,D,S,T,2024-07-02,1000000.00,4.42929,98.931640625
08:00:33,91282CKW0,TSRYS5833263,D,S,T,2024-07-02,1000000.00,4.428631,98.935546875
08:00:33,91282CKW0,TSRYS5833263,D,S,T,2024-07-02,1000000.00,4.43028,98.92578125
08:00:33,91282CKW0,TSRYS5833263,D,S,T,2024-07-02,1000000.00,4.43028,98.92578125
08:00:33,91282CKW0,TSRYS5833263,D,S,T,2024-07-02,1000000.00,4.428301,98.9375
08:00:33,91282CKW0,TSRYS5833263,D,S,T,2024-07-02,1000000.00,4.424342,98.9609375
08:00:33,91282CKW0,TSRYS5833263,D,S,T,2024-07-02,1000000.00,4.424342,98.9609375
08:00:33,91282CKW0,TSRYS5833263,D,S,T,2024-07-02,1000000.00,4.423683,98.96484375
08:00:33,91282CKW0,TSRYS5833263,D,S,T,2024-07-02,1000000.00,4.424342,98.9609375
08:00:33,91282CKW0,TSRYS5833263,D,S,T,2024-07-02,1000000.00,4.422034,98.974609375
08:00:33,91282CKW0,TSRYS5833263,D,S,T,2024-07-02,1000000.00,4.420385,98.984375
08:00:33,91282CKW0,TSRYS5833263,D,S,T,2024-07-02,1000000.00,4.419396,98.990234375
08:00:33,91282CKW0,TSRYS5833263,D,S,T,2024-07-02,1000000.00,4.420714,98.982421875
08:00:33,91282CKW0,TSRYS5833263,D,S,T,2024-07-02,1000000.00,4.422034,98.974609375
08:00:33,91282CKW0,TSRYS5833263,D,S,T,2024-07-02,1000000.00,4.423023,98.96875
08:00:33,91282CKW0,TSRYS5833263,D,S,T,2024-07-02,1000000.00,4.423023,98.96875
08:00:33,91282CKW0,TSRYS5833263,D,S,T,2024-07-02,1000000.00,4.423023,98.96875
08:00:33,91282CKW0,TSRYS5833263,D,S,T,2024-07-02,1000000.00,4.424342,98.9609375
08:00:33,91282CKW0,TSRYS5833263,D,S,T,2024-07-02,1000000.00,4.424342,98.9609375
08:00:33,91282CKW0,TSRYS5833263,D,S,T,2024-07-02,1000000.00,4.423023,98.96875
08:00:33,91282CKW0,TSRYS5833263,D,S,T,2024-07-02,1000000.00,4.423023,98.96875
08:00:33,91282CKW0,TSRYS5833263,D,S,T,2024-07-02,1000000.00,4.423683,98.96484375
08:00:33,91282CKW0,TSRYS5833263,D,S,T,2024-07-02,1000000.00,4.428301,98.9375
08:00:33,91282CKW0,TSRYS5833263,D,S,T,2024-07-02,2000000.00,4.428301,98.9375
08:00:33,91282CKW0,TSRYS5833263,D,S,T,2024-07-02,2000000.00,4.428301,98.9375
08:00:33,91282CKW0,TSRYS5833263,D,S,T,2024-07-02,1000000.00,4.428301,98.9375
08:00:33,91282CKW0,TSRYS5833263,D,S,T,2024-07-02,1000000.00,4.428301,98.9375
08:00:33,91282CKW0,TSRYS5833263,D,S,T,2024-07-02,1000000.00,4.428301,98.9375
08:00:33,91282CKW0,TSRYS5833263,D,S,T,2024-07-02,2000000.00,4.428301,98.9375
08:00:33,91282CKW0,TSRYS5833263,D,S,T,2024-07-02,2000000.00,4.428301,98.9375
08:00:33,91282CKW0,TSRYS5833263,D,S,T,2024-07-02,1000000.00,4.428301,98.9375
08:00:33,91282CKW0,TSRYS5833263,D,S,T,2024-07-02,1000000.00,4.43094,98.921875
08:00:33,91282CKW0,TSRYS5833263,D,S,T,2024-07-02,1000000.00,4.43094,98.921875
08:00:33,91282CKW0,TSRYS5833263,D,S,T,2024-07-02,1000000.00,4.43094,98.921875
08:00:33,91282CKW0,TSRYS5833263,D,S,T,2024-07-02,1000000.00,4.43094,98.921875
08:00:33,91282CKW0,TSRYS5833263,D,S,T,2024-07-02,1000000.00,4.42962,98.9296875
08:00:33,91282CKW0,TSRYS5833263,D,S,T,2024-07-02,1000000.00,4.426321,98.94921875
08:00:33,91282CKW0,TSRYS5833263,D,S,T,2024-07-02,1000000.00,4.425662,98.953125
08:00:33,91282CKW0,TSRYS5833263,D,S,T,2024-07-02,1000000.00,4.421704,98.9765625
08:00:33,91282CKW0,TSRYS5833263,D,S,T,2024-07-02,1000000.00,4.421704,98.9765625
08:00:33,91282CKW0,TSRYS5833263,D,S,T,2024-07-02,1000000.00,4.423023,98.96875
08:00:33,91282CKW0,TSRYS5833263,D,S,T,2024-07-02,1000000.00,4.421704,98.9765625
08:00:33,91282CKW0,TSRYS5833263,D,S,T,2024-07-02,1000000.00,4.421704,98.9765625
08:00:33,91282CKW0,TSRYS5833263,D,S,T,2024-07-02,1000000.00,4.421704,98.9765625
08:00:33,91282CKW0,TSRYS5833263,D,S,T,2024-07-02,1000000.00,4.421704,98.9765625
08:00:33,91282CKW0,TSRYS5833263,D,S,T,2024-07-02,1000000.00,4.421704,98.9765625
08:00:33,91282CKW0,TSRYS5833263,D,S,T,2024-07-02,1000000.00,4.419066,98.9921875
08:00:33,91282CKW0,TSRYS5833263,D,S,T,2024-07-02,1000000.00,4.419066,98.9921875
08:00:33,91282CKW0,TSRYS5833263,D,S,T,2024-07-02,1000000.00,4.419066,98.9921875
08:00:33,91282CKW0,TSRYS5833263,D,S,T,2024-07-02,2000000.00,4.419066,98.9921875
08:00:33,91282CKW0,TSRYS5833263,D,S,T,2024-07-02,1000000.00,4.417747,99.0
08:00:33,91282CKW0,TSRYS5833263,D,S,T,2024-07-02,1000000.00,4.417747,99.0
08:00:33,91282CKW0,TSRYS5833263,D,S,T,2024-07-02,1000000.00,4.417747,99.0
08:00:33,91282CKW0,TSRYS5833263,D,S,T,2024-07-02,3000000.00,4.417747,99.0
08:00:33,91282CKW0,TSRYS5833263,D,S,T,2024-07-02,1000000.00,4.417747,99.0
08:00:33,91282CKW0,TSRYS5833263,D,S,T,2024-07-02,1000000.00,4.419066,98.9921875
08:00:33,91282CKW0,TSRYS5833263,D,S,T,2024-07-02,1000000.00,4.419066,98.9921875
08:00:33,91282CKW0,TSRYS5833263,D,S,T,2024-07-02,1000000.00,4.419066,98.9921875
08:00:33,91282CKW0,TSRYS5833263,D,S,T,2024-07-02,1000000.00,4.419066,98.9921875
08:00:33,91282CKW0,TSRYS5833263,D,S,T,2024-07-02,1000000.00,4.420385,98.984375
08:00:33,91282CKW0,TSRYS5833263,D,S,T,2024-07-02,1000000.00,4.420385,98.984375
08:00:33,91282CKW0,TSRYS5833263,D,S,T,2024-07-02,1000000.00,4.420385,98.984375
08:00:33,91282CKW0,TSRYS5833263,D,S,T,2024-07-02,1000000.00,4.420385,98.984375
08:00:33,91282CKW0,TSRYS5833263,D,S,T,2024-07-02,1000000.00,4.420385,98.984375
08:00:33,91282CKW0,TSRYS5833263,D,S,T,2024-07-02,1000000.00,4.420385,98.984375
08:00:33,91282CKW0,TSRYS5833263,D,S,T,2024-07-02,1000000.00,4.421704,98.9765625
08:00:33,91282CKW0,TSRYS5833263,D,S,T,2024-07-02,1000000.00,4.421704,98.9765625
08:00:33,91282CKW0,TSRYS5833263,D,S,T,2024-07-02,1000000.00,4.421704,98.9765625
08:00:33,91282CKW0,TSRYS5833263,D,S,T,2024-07-02,1000000.00,4.421704,98.9765625
08:00:33,91282CKW0,TSRYS5833263,D,S,T,2024-07-02,1000000.00,4.421704,98.9765625
08:00:33,91282CKW0,TSRYS5833263,D,S,T,2024-07-02,1000000.00,4.421704,98.9765625
08:00:33,91282CKW0,TSRYS5833263,D,S,T,2024-07-02,1000000.00,4.421704,98.9765625
08:00:33,91282CKW0,TSRYS5833263,D,S,T,2024-07-02,2000000.00,4.421704,98.9765625
08:00:33,91282CKW0,TSRYS5833263,D,S,T,2024-07-02,2000000.00,4.421704,98.9765625
08:00:33,91282CKW0,TSRYS5833263,D,S,T,2024-07-02,3000000.00,4.421704,98.9765625
08:00:33,91282CKW0,TSRYS5833263,D,S,T,2024-07-02,1000000.00,4.421704,98.9765625
08:00:33,91282CKW0,TSRYS5833263,D,S,T,2024-07-02,1000000.00,4.421704,98.9765625
08:00:33,91282CKW0,TSRYS5833263,D,S,T,2024-07-02,1000000.00,4.421704,98.9765625
08:00:33,91282CKW0,TSRYS5833263,D,S,T,2024-07-02,1000000.00,4.421704,98.9765625
08:00:33,91282CKW0,TSRYS5833263,D,S,T,2024-07-02,1000000.00,4.421704,98.9765625
08:00:33,91282CKW0,TSRYS5833263,D,S,T,2024-07-02,1000000.00,4.421704,98.9765625
08:00:33,91282CKW0,TSRYS5833263,D,S,T,2024-07-02,1000000.00,4.420385,98.984375
08:00:33,91282CKW0,TSRYS5833263,D,S,T,2024-07-02,2000000.00,4.421704,98.9765625
08:00:33,91282CKW0,TSRYS5833263,D,S,T,2024-07-02,3000000.00,4.421704,98.9765625
08:00:33,91282CKW0,TSRYS5833263,D,S,T,2024-07-02,1000000.00,4.421704,98.9765625
08:00:33,91282CKW0,TSRYS5833263,D,S,T,2024-07-02,2000000.00,4.421704,98.9765625
08:00:33,91282CKW0,TSRYS5833263,D,S,T,2024-07-02,3000000.00,4.421704,98.9765625
08:00:33,91282CKW0,TSRYS5833263,D,S,T,2024-07-02,1000000.00,4.421704,98.9765625
08:00:33,91282CKW0,TSRYS5833263,D,S,T,2024-07-02,1000000.00,4.421704,98.9765625
08:00:33,91282CKW0,TSRYS5833263,D,S,T,2024-07-02,1000000.00,4.420385,98.984375
08:00:33,91282CKW0,TSRYS5833263,D,S,T,2024-07-02,1000000.00,4.420385,98.984375
08:00:33,91282CKW0,TSRYS5833263,D,S,T,2024-07-02,1000000.00,4.420385,98.984375
08:00:33,91282CKW0,TSRYS5833263,D,S,T,2024-07-02,1000000.00,4.420385,98.984375
08:00:33,91282CKW0,TSRYS5833263,D,S,T,2024-07-02,1000000.00,4.420385,98.984375
08:00:33,91282CKW0,TSRYS5833263,D,S,T,2024-07-02,1000000.00,4.421704,98.9765625
08:00:33,91282CKW0,TSRYS5833263,D,S,T,2024-07-02,1000000.00,4.421704,98.9765625
08:00:33,91282CKW0,TSRYS5833263,D,S,T,2024-07-02,1000000.00,4.421704,98.9765625
08:00:33,91282CKW0,TSRYS5833263,D,S,T,2024-07-02,1000000.00,4.421704,98.9765625
08:00:33,91282CKW0,TSRYS5833263,D,S,T,2024-07-02,1000000.00,4.421704,98.9765625
08:00:33,91282CKW0,TSRYS5833263,D,S,T,2024-07-02,1000000.00,4.421704,98.9765625
08:00:33,91282CKW0,TSRYS5833263,D,S,T,2024-07-02,1000000.00,4.421704,98.9765625
08:00:33,91282CKW0,TSRYS5833263,D,S,T,2024-07-02,1000000.00,4.421704,98.9765625
08:00:33,91282CKW0,TSRYS5833263,D,S,T,2024-07-02,1000000.00,4.420385,98.984375
08:00:33,91282CKW0,TSRYS5833263,D,S,T,2024-07-02,1000000.00,4.420385,98.984375
08:00:33,91282CKW0,TSRYS5833263,D,S,T,2024-07-02,1000000.00,4.420385,98.984375
08:00:33,91282CKW0,TSRYS5833263,D,S,T,2024-07-02,1000000.00,4.419066,98.9921875
08:00:33,91282CKW0,TSRYS5833263,D,S,T,2024-07-02,1000000.00,4.419066,98.9921875
08:00:33,91282CKW0,TSRYS5833263,D,S,T,2024-07-02,1000000.00,4.419396,98.990234375
08:00:33,91282CKW0,TSRYS5833263,D,S,T,2024-07-02,1000000.00,4.419066,98.9921875
08:00:33,91282CKW0,TSRYS5833263,D,S,T,2024-07-02,1000000.00,4.419066,98.9921875
08:00:33,91282CKW0,TSRYS5833263,D,S,T,2024-07-02,1000000.00,4.420385,98.984375
08:00:33,91282CKW0,TSRYS5833263,D,S,T,2024-07-02,1000000.00,4.419066,98.9921875
08:00:33,91282CKW0,TSRYS5833263,D,S,T,2024-07-02,1000000.00,4.419066,98.9921875
08:00:33,91282CKW0,TSRYS5833263,D,S,T,2024-07-02,1000000.00,4.419066,98.9921875
08:00:33,91282CKW0,TSRYS5833263,D,S,T,2024-07-02,1000000.00,4.419066,98.9921875
08:00:33,91282CKW0,TSRYS5833263,D,S,T,2024-07-02,1000000.00,4.420385,98.984375
08:00:33,91282CKW0,TSRYS5833263,D,S,T,2024-07-02,1000000.00,4.413791,99.0234375
08:00:33,91282CKW0,TSRYS5833263,D,S,T,2024-07-02,1000000.00,4.413791,99.0234375
08:00:33,91282CKW0,TSRYS5833263,D,S,T,2024-07-02,1000000.00,4.41511,99.015625
08:00:33,91282CKW0,TSRYS5833263,D,S,T,2024-07-02,1000000.00,4.412473,99.03125
08:00:33,91282CKW0,TSRYS5833263,D,S,D,2024-07-02,1000000.00,4.408848,99.052734375
08:00:33,91282CKW0,TSRYS5833263,D,S,T,2024-07-02,1000000.00,4.411155,99.0390625
08:00:33,91282CKW0,TSRYS5833263,D,S,T,2024-07-02,1000000.00,4.411155,99.0390625
08:00:33,91282CKW0,TSRYS5833263,D,S,D,2024-07-02,1000000.00,4.411155,99.0390625
08:00:33,91282CKW0,TSRYS5833263,D,S,T,2024-07-02,1000000.00,4.411155,99.0390625
08:00:33,91282CKW0,TSRYS5833263,D,S,T,2024-07-02,1000000.00,4.411155,99.0390625
08:00:33,91282CKW0,TSRYS5833263,D,S,T,2024-07-02,1000000.00,4.412473,99.03125
08:00:33,91282CKW0,TSRYS5833263,D,S,T,2024-07-02,1000000.00,4.413791,99.0234375
08:00:33,91282CKW0,TSRYS5833263,D,S,T,2024-07-02,1000000.00,4.413791,99.0234375
08:00:33,91282CKW0,TSRYS5833263,D,S,T,2024-07-02,1000000.00,4.416428,99.0078125
08:00:33,91282CKW0,TSRYS5833263,D,S,T,2024-07-02,1000000.00,4.417747,99.0
08:00:33,91282CKW0,TSRYS5833263,D,S,T,2024-07-02,1000000.00,4.417747,99.0
08:00:33,91282CKW0,TSRYS5833263,D,S,T,2024-07-02,1000000.00,4.417747,99.0
08:00:33,91282CKW0,TSRYS5833263,D,S,T,2024-07-02,1000000.00,4.417747,99.0
08:00:33,91282CKW0,TSRYS5833263,D,S,T,2024-07-02,1000000.00,4.417747,99.0
08:00:33,91282CKW0,TSRYS5833263,D,S,T,2024-07-02,1000000.00,4.417747,99.0
08:00:33,91282CKW0,TSRYS5833263,D,S,T,2024-07-02,1000000.00,4.417747,99.0
08:00:33,91282CKW0,TSRYS5833263,D,S,T,2024-07-02,1000000.00,4.417747,99.0
08:00:33,91282CKW0,TSRYS5833263,D,S,T,2024-07-02,1000000.00,4.417747,99.0
08:00:33,91282CKW0,TSRYS5833263,D,S,T,2024-07-02,1000000.00,4.417747,99.0
08:00:33,91282CKW0,TSRYS5833263,D,S,T,2024-07-02,1000000.00,4.417747,99.0
08:00:33,91282CKW0,TSRYS5833263,D,S,T,2024-07-02,1000000.00,4.417747,99.0
08:00:33,91282CKW0,TSRYS5833263,D,S,T,2024-07-02,1000000.00,4.417747,99.0
08:00:33,91282CKW0,TSRYS5833263,D,S,T,2024-07-02,1000000.00,4.417747,99.0
08:00:33,91282CKW0,TSRYS5833263,D,S,T,2024-07-02,1000000.00,4.417747,99.0
08:00:33,91282CKW0,TSRYS5833263,D,S,D,2024-07-02,1000000.00,4.416099,99.009765625
08:00:33,91282CKW0,TSRYS5833263,D,S,T,2024-07-02,1000000.00,4.416428,99.0078125
08:00:33,91282CKW0,TSRYS5833263,D,S,T,2024-07-02,1000000.00,4.416428,99.0078125
08:00:33,91282CKW0,TSRYS5833263,D,S,T,2024-07-02,1000000.00,4.419066,98.9921875
08:00:33,91282CKW0,TSRYS5833263,D,S,T,2024-07-02,1000000.00,4.416428,99.0078125
08:00:33,91282CKW0,TSRYS5833263,D,S,T,2024-07-02,1000000.00,4.417747,99.0
08:00:33,91282CKW0,TSRYS5833263,D,S,T,2024-07-02,1000000.00,4.417747,99.0
08:00:33,91282CKW0,TSRYS5833263,D,S,T,2024-07-02,1000000.00,4.417747,99.0
08:00:33,91282CKW0,TSRYS5833263,D,S,T,2024-07-02,1000000.00,4.409837,99.046875
08:00:33,91282CKW0,TSRYS5833263,D,S,T,2024-07-02,1000000.00,4.409837,99.046875
08:00:33,91282CKW0,TSRYS5833263,D,S,T,2024-07-02,1000000.00,4.409837,99.046875
08:00:33,91282CKW0,TSRYS5833263,D,S,T,2024-07-02,1000000.00,4.409837,99.046875
08:00:33,91282CKW0,TSRYS5833263,D,S,T,2024-07-02,1000000.00,4.409837,99.046875
08:00:33,91282CKW0,TSRYS5833263,D,S,T,2024-07-02,1000000.00,4.409837,99.046875
08:00:33,91282CKW0,TSRYS5833263,D,S,T,2024-07-02,1000000.00,4.409837,99.046875
08:00:33,91282CKW0,TSRYS5833263,D,S,T,2024-07-02,1000000.00,4.409837,99.046875
08:00:33,91282CKW0,TSRYS5833263,D,S,T,2024-07-02,1000000.00,4.411155,99.0390625
08:00:33,91282CKW0,TSRYS5833263,D,S,T,2024-07-02,1000000.00,4.413791,99.0234375
08:00:33,91282CKW0,TSRYS5833263,D,S,T,2024-07-02,1000000.00,4.413791,99.0234375
08:00:33,91282CKW0,TSRYS5833263,D,S,T,2024-07-02,1000000.00,4.412473,99.03125
08:00:33,91282CKW0,TSRYS5833263,D,S,T,2024-07-02,1000000.00,4.412473,99.03125
08:00:33,91282CKW0,TSRYS5833263,D,S,T,2024-07-02,1000000.00,4.412473,99.03125
08:00:33,91282CKW0,TSRYS5833263,D,S,T,2024-07-02,1000000.00,4.412473,99.03125
08:00:33,91282CKW0,TSRYS5833263,D,S,T,2024-07-02,1000000.00,4.411155,99.0390625
08:00:33,91282CKW0,TSRYS5833263,D,S,T,2024-07-02,1000000.00,4.412473,99.03125
08:00:33,91282CKW0,TSRYS5833263,D,S,T,2024-07-02,1000000.00,4.416428,99.0078125
08:00:33,91282CKW0,TSRYS5833263,D,S,T,2024-07-02,1000000.00,4.416428,99.0078125
08:00:33,91282CKW0,TSRYS5833263,D,S,T,2024-07-02,1000000.00,4.416428,99.0078125
08:00:33,91282CKW0,TSRYS5833263,D,S,T,2024-07-02,1000000.00,4.41511,99.015625
08:00:33,91282CKW0,TSRYS5833263,D,S,T,2024-07-02,1000000.00,4.41511,99.015625
08:00:33,91282CKW0,TSRYS5833263,D,S,T,2024-07-02,1000000.00,4.41511,99.015625
08:00:33,91282CKW0,TSRYS5833263,D,S,T,2024-07-02,1000000.00,4.416428,99.0078125
08:00:33,91282CKW0,TSRYS5833263,D,S,T,2024-07-02,1000000.00,4.416428,99.0078125
08:00:33,91282CKW0,TSRYS5833263,D,S,T,2024-07-02,1000000.00,4.416428,99.0078125
08:00:33,91282CKW0,TSRYS5833263,D,S,T,2024-07-02,1000000.00,4.416428,99.0078125
08:00:33,91282CKW0,TSRYS5833263,D,S,T,2024-07-02,1000000.00,4.419066,98.9921875
08:00:33,91282CKW0,TSRYS5833263,D,S,T,2024-07-02,1000000.00,4.419066,98.9921875
08:00:33,91282CKW0,TSRYS5833263,D,S,T,2024-07-02,1000000.00,4.420385,98.984375
08:00:33,91282CKW0,TSRYS5833263,D,S,T,2024-07-02,1000000.00,4.419066,98.9921875
08:00:33,91282CKW0,TSRYS5833263,D,S,T,2024-07-02,1000000.00,4.419066,98.9921875
08:00:33,91282CKW0,TSRYS5833263,D,S,T,2024-07-02,1000000.00,4.420385,98.984375
08:00:33,91282CKW0,TSRYS5833263,D,S,T,2024-07-02,1000000.00,4.420385,98.984375
08:00:33,91282CKW0,TSRYS5833263,D,S,T,2024-07-02,1000000.00,4.421704,98.9765625
08:00:33,91282CKW0,TSRYS5833263,D,S,T,2024-07-02,1000000.00,4.421704,98.9765625
08:00:33,91282CKW0,TSRYS5833263,D,S,T,2024-07-02,1000000.00,4.421704,98.9765625
08:00:33,91282CKW0,TSRYS5833263,D,S,T,2024-07-02,1000000.00,4.421704,98.9765625
08:00:33,91282CKW0,TSRYS5833263,D,S,T,2024-07-02,1000000.00,4.423023,98.96875
08:00:33,91282CKW0,TSRYS5833263,D,S,T,2024-07-02,1000000.00,4.423023,98.96875
08:00:33,91282CKW0,TSRYS5833263,D,S,T,2024-07-02,1000000.00,4.423023,98.96875
08:00:33,91282CKW0,TSRYS5833263,D,S,T,2024-07-02,1000000.00,4.423023,98.96875
08:00:33,91282CKW0,TSRYS5833263,D,S,T,2024-07-02,1000000.00,4.423023,98.96875
08:00:33,91282CKW0,TSRYS5833263,D,S,T,2024-07-02,1000000.00,4.423023,98.96875
08:00:33,91282CKW0,TSRYS5833263,D,S,T,2024-07-02,1000000.00,4.423023,98.96875
08:00:33,91282CKW0,TSRYS5833263,D,S,T,2024-07-02,1000000.00,4.423023,98.96875
08:00:33,91282CKW0,TSRYS5833263,D,S,T,2024-07-02,1000000.00,4.424342,98.9609375
08:00:33,91282CKW0,TSRYS5833263,D,S,T,2024-07-02,1000000.00,4.424342,98.9609375
08:00:33,91282CKW0,TSRYS5833263,D,S,T,2024-07-02,1000000.00,4.423023,98.96875
08:00:33,91282CKW0,TSRYS5833263,D,S,T,2024-07-02,1000000.00,4.423023,98.96875
08:00:33,91282CKW0,TSRYS5833263,D,S,T,2024-07-02,1000000.00,4.423023,98.96875
08:00:33,91282CKW0,TSRYS5833263,D,S,T,2024-07-02,1000000.00,4.423023,98.96875
08:00:33,91282CKW0,TSRYS5833263,D,S,T,2024-07-02,2000000.00,4.423023,98.96875
08:00:33,91282CKW0,TSRYS5833263,D,S,T,2024-07-02,1000000.00,4.420385,98.984375
08:00:33,91282CKW0,TSRYS5833263,D,S,T,2024-07-02,1000000.00,4.420385,98.984375
08:00:33,91282CKW0,TSRYS5833263,D,S,T,2024-07-02,2000000.00,4.420385,98.984375
08:00:33,91282CKW0,TSRYS5833263,D,S,T,2024-07-02,1000000.00,4.420385,98.984375
08:00:33,91282CKW0,TSRYS5833263,D,S,T,2024-07-02,1000000.00,4.423023,98.96875
08:00:33,91282CKW0,TSRYS5833263,D,S,T,2024-07-02,1000000.00,4.423023,98.96875
08:00:33,91282CKW0,TSRYS5833263,D,S,T,2024-07-02,1000000.00,4.423023,98.96875
08:00:33,91282CKW0,TSRYS5833263,D,S,T,2024-07-02,1000000.00,4.421704,98.9765625
08:00:33,91282CKW0,TSRYS5833263,D,S,T,2024-07-02,1000000.00,4.423023,98.96875
08:00:33,91282CKW0,TSRYS5833263,D,S,T,2024-07-02,1000000.00,4.423023,98.96875
08:00:33,91282CKW0,TSRYS5833263,D,S,T,2024-07-02,1000000.00,4.423023,98.96875
08:00:33,91282CKW0,TSRYS5833263,D,S,T,2024-07-02,1000000.00,4.423023,98.96875
08:00:33,91282CKW0,TSRYS5833263,D,S,T,2024-07-02,1000000.00,4.423023,98.96875
08:00:33,91282CKW0,TSRYS5833263,D,S,T,2024-07-02,1000000.00,4.423023,98.96875
08:00:33,91282CKW0,TSRYS5833263,D,S,T,2024-07-02,1000000.00,4.423023,98.96875
08:00:33,91282CKW0,TSRYS5833263,D,S,T,2024-07-02,1000000.00,4.423023,98.96875
08:00:33,91282CKW0,TSRYS5833263,D,S,T,2024-07-02,1000000.00,4.418077,98.998046875
08:00:33,91282CKW0,TSRYS5833263,D,S,T,2024-07-02,1000000.00,4.417747,99.0
08:00:33,91282CKW0,TSRYS5833263,D,S,T,2024-07-02,1000000.00,4.417747,99.0
08:00:33,91282CKW0,TSRYS5833263,D,S,T,2024-07-02,1000000.00,4.417747,99.0
08:00:33,91282CKW0,TSRYS5833263,D,S,T,2024-07-02,1000000.00,4.41511,99.015625
08:00:33,91282CKW0,TSRYS5833263,D,S,T,2024-07-02,1000000.00,4.41511,99.015625
08:00:33,91282CKW0,TSRYS5833263,D,S,T,2024-07-02,1000000.00,4.41511,99.015625
08:00:33,91282CKW0,TSRYS5833263,D,S,T,2024-07-02,1000000.00,4.415439,99.013671875
08:00:33,91282CKW0,TSRYS5833263,D,S,T,2024-07-02,1000000.00,4.41511,99.015625
08:00:33,91282CKW0,TSRYS5833263,D,S,T,2024-07-02,1000000.00,4.41511,99.015625
08:00:33,91282CKW0,TSRYS5833263,D,S,T,2024-07-02,1000000.00,4.41511,99.015625
08:00:33,91282CKW0,TSRYS5833263,D,S,T,2024-07-02,1000000.00,4.41511,99.015625
08:00:33,91282CKW0,TSRYS5833263,D,S,T,2024-07-02,1000000.00,4.41511,99.015625
08:00:33,91282CKW0,TSRYS5833263,D,S,T,2024-07-02,1000000.00,4.41511,99.015625
08:00:33,91282CKW0,TSRYS5833263,D,S,T,2024-07-02,1000000.00,4.41511,99.015625
08:00:33,91282CKW0,TSRYS5833263,D,S,T,2024-07-02,1000000.00,4.41511,99.015625
08:00:33,91282CKW0,TSRYS5833263,D,S,T,2024-07-02,1000000.00,4.41511,99.015625
08:00:33,91282CKW0,TSRYS5833263,D,S,T,2024-07-02,1000000.00,4.41511,99.015625
08:00:33,91282CKW0,TSRYS5833263,D,S,T,2024-07-02,1000000.00,4.41511,99.015625
08:00:33,91282CKW0,TSRYS5833263,D,S,T,2024-07-02,1000000.00,4.41511,99.015625
08:00:33,91282CKW0,TSRYS5833263,D,S,T,2024-07-02,1000000.00,4.41511,99.015625
08:00:33,91282CKW0,TSRYS5833263,D,S,T,2024-07-02,1000000.00,4.41511,99.015625
08:00:33,91282CKW0,TSRYS5833263,D,S,T,2024-07-02,1000000.00,4.41511,99.015625
08:00:33,91282CKW0,TSRYS5833263,D,S,T,2024-07-02,1000000.00,4.41511,99.015625
08:00:33,91282CKW0,TSRYS5833263,D,S,T,2024-07-02,1000000.00,4.41511,99.015625
08:00:33,91282CKW0,TSRYS5833263,D,S,T,2024-07-02,1000000.00,4.41511,99.015625
08:00:33,91282CKW0,TSRYS5833263,D,S,T,2024-07-02,1000000.00,4.41511,99.015625
08:00:33,91282CKW0,TSRYS5833263,D,S,T,2024-07-02,1000000.00,4.41511,99.015625
08:00:33,91282CKW0,TSRYS5833263,D,S,T,2024-07-02,1000000.00,4.41511,99.015625
08:00:33,91282CKW0,TSRYS5833263,D,S,T,2024-07-02,1000000.00,4.412473,99.03125
08:00:33,91282CKW0,TSRYS5833263,D,S,T,2024-07-02,1000000.00,4.41511,99.015625
08:00:33,91282CKW0,TSRYS5833263,D,S,T,2024-07-02,1000000.00,4.41511,99.015625
08:00:33,91282CKW0,TSRYS5833263,D,S,T,2024-07-02,1000000.00,4.41511,99.015625
08:00:33,91282CKW0,TSRYS5833263,D,S,T,2024-07-02,1000000.00,4.41511,99.015625
08:00:33,91282CKW0,TSRYS5833263,D,S,T,2024-07-02,1000000.00,4.41511,99.015625
08:00:33,91282CKW0,TSRYS5833263,D,S,T,2024-07-02,1000000.00,4.41511,99.015625
08:00:33,91282CKW0,TSRYS5833263,D,S,T,2024-07-02,1000000.00,4.41511,99.015625
08:00:33,91282CKW0,TSRYS5833263,D,S,T,2024-07-02,1000000.00,4.41511,99.015625
08:00:33,91282CKW0,TSRYS5833263,D,S,T,2024-07-02,1000000.00,4.41511,99.015625
08:00:33,91282CKW0,TSRYS5833263,D,S,T,2024-07-02,1000000.00,4.41511,99.015625
08:00:33,91282CKW0,TSRYS5833263,D,S,T,2024-07-02,1000000.00,4.415439,99.013671875
08:00:33,91282CKW0,TSRYS5833263,D,S,T,2024-07-02,1000000.00,4.41511,99.015625
08:00:33,91282CKW0,TSRYS5833263,D,S,T,2024-07-02,1000000.00,4.416428,99.0078125
08:00:33,91282CKW0,TSRYS5833263,D,S,T,2024-07-02,1000000.00,4.416428,99.0078125
08:00:33,91282CKW0,TSRYS5833263,D,S,T,2024-07-02,1000000.00,4.417747,99.0
08:00:33,91282CKW0,TSRYS5833263,D,S,T,2024-07-02,1000000.00,4.416428,99.0078125
08:00:33,91282CKW0,TSRYS5833263,D,S,T,2024-07-02,1000000.00,4.417747,99.0
08:00:33,91282CKW0,TSRYS5833263,D,S,T,2024-07-02,1000000.00,4.421704,98.9765625
08:00:33,91282CKW0,TSRYS5833263,D,S,T,2024-07-02,1000000.00,4.417747,99.0
08:00:33,91282CKW0,TSRYS5833263,D,S,T,2024-07-02,1000000.00,4.417747,99.0
08:00:33,91282CKW0,TSRYS5833263,D,S,T,2024-07-02,2000000.00,4.419066,98.9921875
08:00:33,91282CKW0,TSRYS5833263,D,S,T,2024-07-02,1000000.00,4.415769,99.01171875
08:00:33,91282CKW0,TSRYS5833263,D,S,T,2024-07-02,1000000.00,4.415769,99.01171875
08:00:33,91282CKW0,TSRYS5833263,D,S,T,2024-07-02,1000000.00,4.415769,99.01171875
08:00:33,91282CKW0,TSRYS5833263,D,S,T,2024-07-02,1000000.00,4.415769,99.01171875
08:00:33,91282CKW0,TSRYS5833263,D,S,T,2024-07-02,1000000.00,4.415769,99.01171875
08:00:33,91282CKW0,TSRYS5833263,D,S,T,2024-07-02,1000000.00,4.415769,99.01171875
08:00:33,91282CKW0,TSRYS5833263,D,S,T,2024-07-02,1000000.00,4.415769,99.01171875
08:00:33,91282CKW0,TSRYS5833263,D,S,T,2024-07-02,1000000.00,4.415769,99.01171875
08:00:33,91282CKW0,TSRYS5833263,D,S,T,2024-07-02,1000000.00,4.416428,99.0078125
08:00:33,91282CKW0,TSRYS5833263,D,S,T,2024-07-02,1000000.00,4.416428,99.0078125
08:00:33,91282CKW0,TSRYS5833263,D,S,T,2024-07-02,1000000.00,4.416428,99.0078125
08:00:33,91282CKW0,TSRYS5833263,D,S,T,2024-07-02,1000000.00,4.416428,99.0078125
08:00:33,91282CKW0,TSRYS5833263,D,S,T,2024-07-02,1000000.00,4.416428,99.0078125
08:00:33,91282CKW0,TSRYS5833263,D,S,T,2024-07-02,1000000.00,4.416428,99.0078125
08:00:33,91282CKW0,TSRYS5833263,D,S,T,2024-07-02,1000000.00,4.416428,99.0078125
08:00:33,91282CKW0,TSRYS5833263,D,S,T,2024-07-02,1000000.00,4.415769,99.01171875
08:00:33,91282CKW0,TSRYS5833263,D,S,T,2024-07-02,1000000.00,4.415769,99.01171875
08:00:33,91282CKW0,TSRYS5833263,D,S,T,2024-07-02,1000000.00,4.415769,99.01171875
08:00:33,91282CKW0,TSRYS5833263,D,S,T,2024-07-02,1000000.00,4.416428,99.0078125
08:00:33,91282CKW0,TSRYS5833263,D,S,T,2024-07-02,1000000.00,4.416428,99.0078125
08:00:33,91282CKW0,TSRYS5833263,D,S,T,2024-07-02,1000000.00,4.416428,99.0078125
08:00:33,91282CKW0,TSRYS5833263,D,S,T,2024-07-02,1000000.00,4.416428,99.0078125
08:00:33,91282CKW0,TSRYS5833263,D,S,T,2024-07-02,1000000.00,4.416428,99.0078125
08:00:33,91282CKW0,TSRYS5833263,D,S,T,2024-07-02,1000000.00,4.418406,98.99609375
08:00:33,91282CKW0,TSRYS5833263,D,S,T,2024-07-02,1000000.00,4.419066,98.9921875
08:00:33,91282CKW0,TSRYS5833263,D,S,T,2024-07-02,1000000.00,4.419066,98.9921875
08:00:33,91282CKW0,TSRYS5833263,D,S,T,2024-07-02,1000000.00,4.419066,98.9921875
08:00:33,91282CKW0,TSRYS5833263,D,S,T,2024-07-02,1000000.00,4.420385,98.984375
08:00:33,91282CKW0,TSRYS5833263,D,S,T,2024-07-02,1000000.00,4.420385,98.984375
08:00:33,91282CKW0,TSRYS5833263,D,S,T,2024-07-02,1000000.00,4.420385,98.984375
08:00:33,91282CKW0,TSRYS5833263,D,S,T,2024-07-02,1000000.00,4.424342,98.9609375
08:00:33,91282CKW0,TSRYS5833263,D,S,T,2024-07-02,1000000.00,4.424342,98.9609375
08:00:33,91282CKW0,TSRYS5833263,D,S,T,2024-07-02,1000000.00,4.423023,98.96875
08:00:33,91282CKW0,TSRYS5833263,D,S,T,2024-07-02,1000000.00,4.424342,98.9609375
08:00:33,91282CKW0,TSRYS5833263,D,S,T,2024-07-02,1000000.00,4.425662,98.953125
08:00:33,91282CKW0,TSRYS5833263,D,S,T,2024-07-02,1000000.00,4.425662,98.953125
08:00:33,91282CKW0,TSRYS5833263,D,S,D,2024-07-02,1000000.00,4.425332,98.955078125
08:00:33,91282CKW0,TSRYS5833263,D,S,T,2024-07-02,1000000.00,4.426651,98.947265625
08:00:33,91282CKW0,TSRYS5833263,D,S,T,2024-07-02,1000000.00,4.426981,98.9453125
08:00:33,91282CKW0,TSRYS5833263,D,S,T,2024-07-02,1000000.00,4.426981,98.9453125
08:00:33,91282CKW0,TSRYS5833263,D,S,T,2024-07-02,1000000.00,4.425662,98.953125
08:00:33,91282CKW0,TSRYS5833263,D,S,D,2024-07-02,1000000.00,4.424342,98.9609375
08:00:33,91282CKW0,TSRYS5833263,D,S,T,2024-07-02,1000000.00,4.426651,98.947265625
08:00:33,91282CKW0,TSRYS5833263,D,S,T,2024-07-02,1000000.00,4.426651,98.947265625
08:00:33,91282CKW0,TSRYS5833263,D,S,T,2024-07-02,1000000.00,4.426651,98.947265625
08:00:33,91282CKW0,TSRYS5833263,D,S,T,2024-07-02,1000000.00,4.426981,98.9453125
08:00:33,91282CKW0,TSRYS5833263,D,S,T,2024-07-02,1000000.00,4.426981,98.9453125
08:00:33,91282CKW0,TSRYS5833263,D,S,T,2024-07-02,1000000.00,4.426981,98.9453125
08:00:33,91282CKW0,TSRYS5833263,D,S,T,2024-07-02,1000000.00,4.427641,98.94140625
08:00:33,91282CKW0,TSRYS5833263,D,S,T,2024-07-02,1000000.00,4.427641,98.94140625
08:00:33,91282CKW0,TSRYS5833263,D,S,T,2024-07-02,1000000.00,4.428631,98.935546875
08:00:33,91282CKW0,TSRYS5833263,D,S,T,2024-07-02,1000000.00,4.428961,98.93359375
08:00:33,91282CKW0,TSRYS5833263,D,S,T,2024-07-02,1000000.00,4.428301,98.9375
08:00:33,91282CKW0,TSRYS5833263,D,S,T,2024-07-02,1000000.00,4.42962,98.9296875
08:00:33,91282CKW0,TSRYS5833263,D,S,T,2024-07-02,1000000.00,4.42962,98.9296875
08:00:33,91282CKW0,TSRYS5833263,D,S,T,2024-07-02,1000000.00,4.42962,98.9296875
08:00:33,91282CKW0,TSRYS5833263,D,S,T,2024-07-02,2000000.00,4.42962,98.9296875
08:00:33,91282CKW0,TSRYS5833263,D,S,T,2024-07-02,1000000.00,4.42962,98.9296875
08:00:33,91282CKW0,TSRYS5833263,D,S,T,2024-07-02,1000000.00,4.42962,98.9296875
08:00:33,91282CKW0,TSRYS5833263,D,S,T,2024-07-02,1000000.00,4.42962,98.9296875
08:00:33,91282CKW0,TSRYS5833263,D,S,T,2024-07-02,1000000.00,4.42962,98.9296875
08:00:33,91282CKW0,TSRYS5833263,D,S,T,2024-07-02,1000000.00,4.42962,98.9296875
08:00:33,91282CKW0,TSRYS5833263,D,S,T,2024-07-02,1000000.00,4.42962,98.9296875
08:00:33,91282CKW0,TSRYS5833263,D,S,T,2024-07-02,1000000.00,4.42962,98.9296875
08:00:33,91282CKW0,TSRYS5833263,D,S,T,2024-07-02,1000000.00,4.428301,98.9375
08:00:33,91282CKW0,TSRYS5833263,D,S,T,2024-07-02,1000000.00,4.43061,98.923828125
08:00:33,91282CKW0,TSRYS5833263,D,S,T,2024-07-02,1000000.00,4.43094,98.921875
08:00:33,91282CKW0,TSRYS5833263,D,S,T,2024-07-02,1000000.00,4.428301,98.9375
08:00:33,91282CKW0,TSRYS5833263,D,S,T,2024-07-02,1000000.00,4.424672,98.958984375
08:00:33,91282CKW0,TSRYS5833263,D,S,T,2024-07-02,1000000.00,4.426981,98.9453125
08:00:33,91282CKW0,TSRYS5833263,D,S,T,2024-07-02,1000000.00,4.426981,98.9453125
08:00:33,91282CKW0,TSRYS5833263,D,S,T,2024-07-02,1000000.00,4.426981,98.9453125
08:00:33,91282CKW0,TSRYS5833263,D,S,T,2024-07-02,1000000.00,4.425662,98.953125
08:00:33,91282CKW0,TSRYS5833263,D,S,T,2024-07-02,2000000.00,4.426981,98.9453125
08:00:33,91282CKW0,TSRYS5833263,D,S,T,2024-07-02,1000000.00,4.428301,98.9375
08:00:33,91282CKW0,TSRYS5833263,D,S,T,2024-07-02,1000000.00,4.428301,98.9375
08:00:33,91282CKW0,TSRYS5833263,D,S,T,2024-07-02,1000000.00,4.428301,98.9375
08:00:33,91282CKW0,TSRYS5833263,D,S,T,2024-07-02,1000000.00,4.428301,98.9375
08:00:33,91282CKW0,TSRYS5833263,D,S,T,2024-07-02,1000000.00,4.42962,98.9296875
08:00:33,91282CKW0,TSRYS5833263,D,S,T,2024-07-02,1000000.00,4.42962,98.9296875
08:00:33,91282CKW0,TSRYS5833263,D,S,T,2024-07-02,1000000.00,4.42962,98.9296875
08:00:33,91282CKW0,TSRYS5833263,D,S,T,2024-07-02,1000000.00,4.428301,98.9375
08:00:33,91282CKW0,TSRYS5833263,D,S,T,2024-07-02,1000000.00,4.42962,98.9296875
08:00:33,91282CKW0,TSRYS5833263,D,S,T,2024-07-02,1000000.00,4.428301,98.9375
08:00:33,91282CKW0,TSRYS5833263,D,S,T,2024-07-02,1000000.00,4.428301,98.9375
08:00:33,91282CKW0,TSRYS5833263,D,S,T,2024-07-02,1000000.00,4.428301,98.9375
08:00:33,91282CKW0,TSRYS5833263,D,S,T,2024-07-02,1000000.00,4.428301,98.9375
08:00:33,91282CKW0,TSRYS5833263,D,S,T,2024-07-02,1000000.00,4.428301,98.9375
08:00:33,91282CKW0,TSRYS5833263,D,S,T,2024-07-02,1000000.00,4.428301,98.9375
08:00:33,91282CKW0,TSRYS5833263,D,S,T,2024-07-02,2000000.00,4.43094,98.921875
08:00:33,91282CKW0,TSRYS5833263,D,S,T,2024-07-02,1000000.00,4.42962,98.9296875
08:00:33,91282CKW0,TSRYS5833263,D,S,T,2024-07-02,2000000.00,4.43226,98.9140625
08:00:33,91282CKW0,TSRYS5833263,D,S,T,2024-07-02,1000000.00,4.43094,98.921875
08:00:33,91282CKW0,TSRYS5833263,D,S,T,2024-07-02,1000000.00,4.426981,98.9453125
08:00:33,91282CKW0,TSRYS5833263,D,S,T,2024-07-02,1000000.00,4.426981,98.9453125
08:00:33,91282CKW0,TSRYS5833263,D,S,T,2024-07-02,1000000.00,4.424342,98.9609375
08:00:33,91282CKW0,TSRYS5833263,D,S,T,2024-07-02,1000000.00,4.423023,98.96875
08:00:33,91282CKW0,TSRYS5833263,D,S,T,2024-07-02,1000000.00,4.419066,98.9921875
08:00:33,91282CKW0,TSRYS5833263,D,S,T,2024-07-02,1000000.00,4.419066,98.9921875
08:00:33,91282CKW0,TSRYS5833263,D,S,T,2024-07-02,1000000.00,4.420385,98.984375
08:00:33,91282CKW0,TSRYS5833263,D,S,T,2024-07-02,1000000.00,4.420385,98.984375
08:00:33,91282CKW0,TSRYS5833263,D,S,T,2024-07-02,1000000.00,4.420385,98.984375
08:00:33,91282CKW0,TSRYS5833263,D,S,T,2024-07-02,1000000.00,4.423023,98.96875
08:00:33,91282CKW0,TSRYS5833263,D,S,T,2024-07-02,1000000.00,4.423023,98.96875
08:00:33,91282CKW0,TSRYS5833263,D,S,T,2024-07-02,1000000.00,4.421704,98.9765625
08:00:33,91282CKW0,TSRYS5833263,D,S,T,2024-07-02,1000000.00,4.421704,98.9765625
08:00:33,91282CKW0,TSRYS5833263,D,S,T,2024-07-02,1000000.00,4.421704,98.9765625
08:00:33,91282CKW0,TSRYS5833263,D,S,T,2024-07-02,1000000.00,4.421704,98.9765625
08:00:33,91282CKW0,TSRYS5833263,D,S,T,2024-07-02,1000000.00,4.424342,98.9609375
08:00:33,91282CKW0,TSRYS5833263,D,S,T,2024-07-02,1000000.00,4.424342,98.9609375
08:00:33,91282CKW0,TSRYS5833263,D,S,T,2024-07-02,1000000.00,4.424342,98.9609375
08:00:33,91282CKW0,TSRYS5833263,D,S,T,2024-07-02,1000000.00,4.424342,98.9609375
08:00:33,91282CKW0,TSRYS5833263,D,S,T,2024-07-02,1000000.00,4.422363,98.97265625
08:00:33,91282CKW0,TSRYS5833263,D,S,T,2024-07-02,1000000.00,4.421704,98.9765625
08:00:33,91282CKW0,TSRYS5833263,D,S,T,2024-07-02,1000000.00,4.421374,98.978515625
08:00:33,91282CKW0,TSRYS5833263,D,S,T,2024-07-02,1000000.00,4.423023,98.96875
08:00:33,91282CKW0,TSRYS5833263,D,S,T,2024-07-02,1000000.00,4.423023,98.96875
08:00:33,91282CKW0,TSRYS5833263,D,S,T,2024-07-02,1000000.00,4.423023,98.96875
08:00:33,91282CKW0,TSRYS5833263,D,S,T,2024-07-02,1000000.00,4.424342,98.9609375
08:00:33,91282CKW0,TSRYS5833263,D,S,T,2024-07-02,1000000.00,4.424342,98.9609375
08:00:33,91282CKW0,TSRYS5833263,D,S,T,2024-07-02,1000000.00,4.424342,98.9609375
08:00:33,91282CKW0,TSRYS5833263,D,S,T,2024-07-02,1000000.00,4.424342,98.9609375
08:00:33,91282CKW0,TSRYS5833263,D,S,T,2024-07-02,1000000.00,4.424342,98.9609375
08:00:33,91282CKW0,TSRYS5833263,D,S,T,2024-07-02,1000000.00,4.424342,98.9609375
08:00:33,91282CKW0,TSRYS5833263,D,S,T,2024-07-02,1000000.00,4.425662,98.953125
08:00:33,91282CKW0,TSRYS5833263,D,S,T,2024-07-02,1000000.00,4.424342,98.9609375
08:00:33,91282CKW0,TSRYS5833263,D,S,T,2024-07-02,1000000.00,4.420385,98.984375
08:00:33,91282CKW0,TSRYS5833263,D,S,T,2024-07-02,1000000.00,4.416428,99.0078125
08:00:33,91282CKW0,TSRYS5833263,D,S,T,2024-07-02,2000000.00,4.417747,99.0
08:00:33,91282CKW0,TSRYS5833263,D,S,T,2024-07-02,1000000.00,4.417747,99.0
08:00:33,91282CKW0,TSRYS5833263,D,S,T,2024-07-02,1000000.00,4.417747,99.0
08:00:33,91282CKW0,TSRYS5833263,D,S,T,2024-07-02,1000000.00,4.417747,99.0
08:00:33,91282CKW0,TSRYS5833263,D,S,T,2024-07-02,1000000.00,4.417747,99.0
08:00:33,91282CKW0,TSRYS5833263,D,S,T,2024-07-02,2000000.00,4.417747,99.0
08:00:33,91282CKW0,TSRYS5833263,D,S,T,2024-07-02,1000000.00,4.417747,99.0
08:00:33,91282CKW0,TSRYS5833263,D,S,D,2024-07-02,1000000.00,4.411155,99.0390625
08:00:33,91282CKW0,TSRYS5833263,D,S,D,2024-07-02,1000000.00,4.415439,99.013671875
08:00:33,91282CKW0,TSRYS5833263,D,S,D,2024-07-02,1000000.00,4.415439,99.013671875
08:00:33,91282CKW0,TSRYS5833263,D,S,D,2024-07-02,1000000.00,4.415439,99.013671875
08:00:33,91282CKW0,TSRYS5833263,D,S,D,2024-07-02,1000000.00,4.411155,99.0390625
08:00:33,91282CKW0,TSRYS5833263,D,S,D,2024-07-02,1000000.00,4.411155,99.0390625
08:00:33,91282CKW0,TSRYS5833263,D,S,D,2024-07-02,1000000.00,4.411155,99.0390625
08:00:33,91282CKW0,TSRYS5833263,D,S,D,2024-07-02,1000000.00,4.411155,99.0390625
08:00:33,91282CKW0,TSRYS5833263,D,S,D,2024-07-02,1000000.00,4.411155,99.0390625
08:00:33,91282CKW0,TSRYS5833263,D,S,D,2024-07-02,1000000.00,4.411155,99.0390625
08:00:33,91282CKW0,TSRYS5833263,D,S,T,2024-07-02,2000000.00,4.41511,99.015625
08:00:37,91282CKW0,TSRYS5833263,D,S,T,2024-07-02,1000000.00,4.43094,98.921875
08:00:37,91282CKW0,TSRYS5833263,D,S,T,2024-07-02,1000000.00,4.43094,98.921875
08:00:37,91282CKW0,TSRYS5833263,D,S,T,2024-07-02,2000000.00,4.43094,98.921875
08:00:37,91282CKW0,TSRYS5833263,D,S,T,2024-07-02,2000000.00,4.43094,98.921875
08:00:37,91282CKW0,TSRYS5833263,D,S,T,2024-07-02,1000000.00,4.42962,98.9296875
08:00:37,91282CKW0,TSRYS5833263,D,S,T,2024-07-02,1000000.00,4.423683,98.96484375
08:00:37,91282CKW0,TSRYS5833263,D,S,T,2024-07-02,1000000.00,4.426321,98.94921875
08:00:37,91282CKW0,TSRYS5833263,D,S,T,2024-07-02,1000000.00,4.423683,98.96484375
08:00:37,91282CKW0,TSRYS5833263,D,S,T,2024-07-02,1000000.00,4.421044,98.98046875
08:00:37,91282CKW0,TSRYS5833263,D,S,T,2024-07-02,1000000.00,4.421044,98.98046875
08:00:37,91282CKW0,TSRYS5833263,D,S,T,2024-07-02,1000000.00,4.421044,98.98046875
08:00:37,91282CKW0,TSRYS5833263,D,S,T,2024-07-02,1000000.00,4.421044,98.98046875
08:00:37,91282CKW0,TSRYS5833263,D,S,T,2024-07-02,1000000.00,4.413791,99.0234375
08:00:37,91282CKW0,TSRYS5833263,D,S,T,2024-07-02,1000000.00,4.413791,99.0234375
08:00:37,91282CKW0,TSRYS5833263,D,S,T,2024-07-02,1000000.00,4.411155,99.0390625
08:00:37,91282CKW0,TSRYS5833263,D,S,T,2024-07-02,1000000.00,4.411155,99.0390625
08:00:37,91282CKW0,TSRYS5833263,D,S,D,2024-07-02,1000000.00,4.411155,99.0390625
08:00:37,91282CKW0,TSRYS5833263,D,S,T,2024-07-02,1000000.00,4.411155,99.0390625
08:00:37,91282CKW0,TSRYS5833263,D,S,T,2024-07-02,1000000.00,4.411155,99.0390625
08:00:37,91282CKW0,TSRYS5833263,D,S,T,2024-07-02,1000000.00,4.411155,99.0390625
08:00:37,91282CKW0,TSRYS5833263,D,S,D,2024-07-02,1000000.00,4.411155,99.0390625
08:00:37,91282CKW0,TSRYS5833263,D,S,D,2024-07-02,1000000.00,4.411155,99.0390625
08:00:37,91282CKW0,TSRYS5833263,D,S,D,2024-07-02,1000000.00,4.411155,99.0390625
08:00:37,91282CKW0,TSRYS5833263,D,S,T,2024-07-02,1000000.00,4.411155,99.0390625
08:00:37,91282CKW0,TSRYS5833263,D,S,T,2024-07-02,1000000.00,4.411155,99.0390625
08:00:37,91282CKW0,TSRYS5833263,D,S,T,2024-07-02,1000000.00,4.411155,99.0390625
08:00:37,91282CKW0,TSRYS5833263,D,S,T,2024-07-02,1000000.00,4.411155,99.0390625
08:00:37,91282CKW0,TSRYS5833263,D,S,T,2024-07-02,1000000.00,4.411155,99.0390625
08:00:37,91282CKW0,TSRYS5833263,D,S,T,2024-07-02,1000000.00,4.411485,99.037109375
08:00:37,91282CKW0,TSRYS5833263,D,S,T,2024-07-02,1000000.00,4.411155,99.0390625
08:00:37,91282CKW0,TSRYS5833263,D,S,T,2024-07-02,1000000.00,4.411155,99.0390625
08:00:37,91282CKW0,TSRYS5833263,D,S,T,2024-07-02,1000000.00,4.411155,99.0390625
08:00:37,91282CKW0,TSRYS5833263,D,S,T,2024-07-02,1000000.00,4.419066,98.9921875
08:00:37,91282CKW0,TSRYS5833263,D,S,T,2024-07-02,1000000.00,4.419066,98.9921875
08:00:37,91282CKW0,TSRYS5833263,D,S,T,2024-07-02,2000000.00,4.415439,99.013671875
08:00:37,91282CKW0,TSRYS5833263,D,S,T,2024-07-02,1000000.00,4.41511,99.015625
08:00:37,91282CKW0,TSRYS5833263,D,S,T,2024-07-02,1000000.00,4.41511,99.015625
08:00:37,91282CKW0,TSRYS5833263,D,S,T,2024-07-02,1000000.00,4.423353,98.966796875
08:00:37,91282CKW0,TSRYS5833263,D,S,T,2024-07-02,1000000.00,4.423353,98.966796875
08:00:37,91282CKW0,TSRYS5833263,D,S,T,2024-07-02,1000000.00,4.423353,98.966796875
08:00:37,91282CKW0,TSRYS5833263,D,S,T,2024-07-02,1000000.00,4.423353,98.966796875
08:00:37,91282CKW0,TSRYS5833263,D,S,T,2024-07-02,1000000.00,4.423353,98.966796875
08:00:37,91282CKW0,TSRYS5833263,D,B,C,2024-07-02,60000000.00,4.423023,98.96875
08:00:37,91282CKW0,TSRYS5833263,D,S,T,2024-07-02,1000000.00,4.417747,99.0
08:00:37,91282CKW0,TSRYS5833263,D,S,T,2024-07-02,1000000.00,4.417747,99.0
08:00:37,91282CKW0,TSRYS5833263,D,S,T,2024-07-02,1000000.00,4.41511,99.015625
08:00:37,91282CKW0,TSRYS5833263,D,S,T,2024-07-02,1000000.00,4.41511,99.015625
08:00:37,91282CKW0,TSRYS5833263,D,S,T,2024-07-02,1000000.00,4.417747,99.0
08:00:37,91282CKW0,TSRYS5833263,D,S,T,2024-07-02,5000000.00,4.416428,99.0078125
08:00:37,91282CKW0,TSRYS5833263,D,S,T,2024-07-02,1000000.00,4.417417,99.001953125
08:00:37,91282CKW0,TSRYS5833263,D,S,T,2024-07-02,1000000.00,4.417747,99.0
08:00:37,91282CKW0,TSRYS5833263,D,S,T,2024-07-02,3000000.00,4.418077,98.998046875
08:00:37,91282CKW0,TSRYS5833263,D,S,T,2024-07-02,1000000.00,4.418406,98.99609375
08:00:37,91282CKW0,TSRYS5833263,D,S,T,2024-07-02,1000000.00,4.417747,99.0
08:00:37,91282CKW0,TSRYS5833263,D,S,T,2024-07-02,1000000.00,4.418406,98.99609375
08:00:37,91282CKW0,TSRYS5833263,D,S,T,2024-07-02,1000000.00,4.417747,99.0
08:00:37,91282CKW0,TSRYS5833263,D,S,T,2024-07-02,1000000.00,4.417747,99.0
08:00:37,91282CKW0,TSRYS5833263,D,S,T,2024-07-02,1000000.00,4.417747,99.0
08:00:37,91282CKW0,TSRYS5833263,D,S,T,2024-07-02,1000000.00,4.423353,98.966796875
08:00:37,91282CKW0,TSRYS5833263,D,S,T,2024-07-02,1000000.00,4.423353,98.966796875
08:00:37,91282CKW0,TSRYS5833263,D,S,T,2024-07-02,1000000.00,4.423353,98.966796875
08:00:37,91282CKW0,TSRYS5833263,D,S,T,2024-07-02,1000000.00,4.423353,98.966796875
08:00:37,91282CKW0,TSRYS5833263,D,S,T,2024-07-02,1000000.00,4.423353,98.966796875
08:00:37,91282CKW0,TSRYS5833263,D,S,T,2024-07-02,1000000.00,4.423353,98.966796875
08:00:37,91282CKW0,TSRYS5833263,D,S,T,2024-07-02,1000000.00,4.423353,98.966796875
08:00:37,91282CKW0,TSRYS5833263,D,S,T,2024-07-02,1000000.00,4.426981,98.9453125
08:00:37,91282CKW0,TSRYS5833263,D,B,A,2024-07-02,1000000.00,4.425662,98.953125
08:00:37,91282CKW0,TSRYS5833263,D,B,A,2024-07-02,1000000.00,4.425662,98.953125
08:00:37,91282CKW0,TSRYS5833263,D,S,T,2024-07-02,1000000.00,4.425662,98.953125
08:00:37,91282CKW0,TSRYS5833263,D,B,A,2024-07-02,3000000.00,4.425662,98.953125
08:00:37,91282CKW0,TSRYS5833263,D,S,T,2024-07-02,5000000.00,4.424342,98.9609375
08:00:37,91282CKW0,TSRYS5833263,D,B,A,2024-07-02,1000000.00,4.424342,98.9609375
08:00:37,91282CKW0,TSRYS5833263,D,B,C,2024-07-02,2200000.00,4.43028,98.92578125
08:00:37,91282CKW0,TSRYS5833263,D,B,C,2024-07-02,16000000.00,4.423513,98.9658486
08:00:37,91282CKW0,TSRYS5833263,D,S,T,2024-07-02,7000000.00,4.416758,99.005859375
08:00:37,91282CKW0,TSRYS5833263,D,S,T,2024-07-02,2000000.00,4.418736,98.994140625
08:00:37,91282CKW0,TSRYS5833263,D,S,D,2024-07-02,1000000.00,4.424342,98.9609375
08:00:37,91282CKW0,TSRYS5833263,D,S,D,2024-07-02,1000000.00,4.424342,98.9609375
08:00:37,91282CKW0,TSRYS5833263,D,S,D,2024-07-02,1000000.00,4.424342,98.9609375
08:00:37,91282CKW0,TSRYS5833263,D,S,D,2024-07-02,1000000.00,4.424342,98.9609375
08:00:37,91282CKW0,TSRYS5833263,D,S,D,2024-07-02,1000000.00,4.424342,98.9609375
08:00:37,91282CKW0,TSRYS5833263,D,S,D,2024-07-02,1000000.00,4.424342,98.9609375
08:00:37,91282CKW0,TSRYS5833263,D,S,D,2024-07-02,1000000.00,4.424342,98.9609375
08:00:37,91282CKW0,TSRYS5833263,D,S,D,2024-07-02,1000000.00,4.424342,98.9609375
08:00:37,91282CKW0,TSRYS5833263,D,S,D,2024-07-02,1000000.00,4.424342,98.9609375
08:00:37,91282CKW0,TSRYS5833263,D,S,D,2024-07-02,1000000.00,4.424342,98.9609375
08:00:37,91282CKW0,TSRYS5833263,D,S,D,2024-07-02,1000000.00,4.424342,98.9609375
08:00:37,91282CKW0,TSRYS5833263,D,S,D,2024-07-02,2000000.00,4.425662,98.953125
08:00:37,91282CKW0,TSRYS5833263,D,S,D,2024-07-02,1000000.00,4.425662,98.953125
08:00:37,91282CKW0,TSRYS5833263,D,S,D,2024-07-02,1000000.00,4.413791,99.0234375
08:00:37,91282CKW0,TSRYS5833263,D,S,D,2024-07-02,1000000.00,4.413791,99.0234375
08:00:38,91282CKW0,TSRYS5833263,D,S,A,2024-07-02,1000000.00,4.413791,99.0234375
08:00:38,91282CKW0,TSRYS5833263,D,S,A,2024-07-02,1000000.00,4.413791,99.0234375
08:00:39,91282CKW0,TSRYS5833263,D,S,D,2024-07-02,1000000.00,4.411155,99.0390625
08:00:39,91282CKW0,TSRYS5833263,D,S,D,2024-07-02,1000000.00,4.411155,99.0390625
08:00:39,91282CKW0,TSRYS5833263,D,S,D,2024-07-02,1000000.00,4.411155,99.0390625
08:00:39,91282CKW0,TSRYS5833263,D,S,D,2024-07-02,1000000.00,4.411155,99.0390625
08:00:39,91282CKW0,TSRYS5833263,D,S,D,2024-07-02,1000000.00,4.411155,99.0390625
08:00:39,91282CKW0,TSRYS5833263,D,S,D,2024-07-02,1000000.00,4.411155,99.0390625
08:00:39,91282CKW0,TSRYS5833263,D,S,D,2024-07-02,1000000.00,4.411155,99.0390625
08:00:39,91282CKW0,TSRYS5833263,D,S,D,2024-07-02,1000000.00,4.411155,99.0390625
08:00:39,91282CKW0,TSRYS5833263,D,S,D,2024-07-02,1000000.00,4.411155,99.0390625
08:00:39,91282CKW0,TSRYS5833263,D,S,D,2024-07-02,1000000.00,4.422363,98.97265625
08:00:40,91282CKW0,TSRYS5833263,D,S,D,2024-07-02,1000000.00,4.411155,99.0390625
08:00:40,91282CKW0,TSRYS5833263,D,S,D,2024-07-02,1000000.00,4.411155,99.0390625
08:00:40,91282CKW0,TSRYS5833263,D,S,D,2024-07-02,1000000.00,4.411485,99.037109375
08:00:40,91282CKW0,TSRYS5833263,D,S,D,2024-07-02,1000000.00,4.411485,99.037109375
08:00:40,91282CKW0,TSRYS5833263,D,S,D,2024-07-02,1000000.00,4.414121,99.021484375
08:00:40,91282CKW0,TSRYS5833263,D,S,D,2024-07-02,1000000.00,4.413791,99.0234375
08:00:40,91282CKW0,TSRYS5833263,D,S,D,2024-07-02,1000000.00,4.416099,99.009765625
08:00:40,91282CKW0,TSRYS5833263,D,S,D,2024-07-02,1000000.00,4.418406,98.99609375
08:00:41,91282CKW0,TSRYS5833263,D,S,C,2024-07-02,9000000.00,4.43028,98.92578125
08:00:41,91282CKW0,TSRYS5833263,D,S,A,2024-07-02,1000000.00,4.413132,99.02734375
08:00:41,91282CKW0,TSRYS5833263,D,S,A,2024-07-02,1000000.00,4.413462,99.025390625
08:00:41,91282CKW0,TSRYS5833263,D,S,A,2024-07-02,1000000.00,4.413462,99.025390625
08:00:42,91282CKW0,TSRYS5833263,D,S,D,2024-07-02,1000000.00,4.418736,98.994140625
08:00:42,91282CKW0,TSRYS5833263,D,S,D,2024-07-02,1000000.00,4.423353,98.966796875
08:00:42,91282CKW0,TSRYS5833263,D,S,D,2024-07-02,1000000.00,4.423353,98.966796875
08:00:42,91282CKW0,TSRYS5833263,D,S,D,2024-07-02,1000000.00,4.417417,99.001953125
08:00:42,91282CKW0,TSRYS5833263,D,S,D,2024-07-02,1000000.00,4.417417,99.001953125
08:00:42,91282CKW0,TSRYS5833263,D,S,D,2024-07-02,1000000.00,4.411155,99.0390625
08:00:42,91282CKW0,TSRYS5833263,D,S,D,2024-07-02,1000000.00,4.420714,98.982421875
08:00:42,91282CKW0,TSRYS5833263,D,S,D,2024-07-02,1000000.00,4.411155,99.0390625
08:00:43,91282CKW0,TSRYS5833263,D,S,C,2024-07-02,2000000.00,4.43028,98.92578125
08:00:43,91282CKW0,TSRYS5833263,D,S,D,2024-07-02,1000000.00,4.416758,99.005859375
08:00:43,91282CKW0,TSRYS5833263,D,S,D,2024-07-02,1000000.00,4.416758,99.005859375
08:00:43,91282CKW0,TSRYS5833263,D,S,D,2024-07-02,1000000.00,4.416758,99.005859375
08:00:43,91282CKW0,TSRYS5833263,D,S,D,2024-07-02,1000000.00,4.416758,99.005859375
08:00:44,91282CKW0,TSRYS5833263,D,S,D,2024-07-02,1000000.00,4.416758,99.005859375
08:00:44,91282CKW0,TSRYS5833263,D,S,D,2024-07-02,1000000.00,4.416758,99.005859375
08:00:44,91282CKW0,TSRYS5833263,D,S,D,2024-07-02,1000000.00,4.416099,99.009765625
08:00:44,91282CKW0,TSRYS5833263,D,S,D,2024-07-02,1000000.00,4.420385,98.984375
08:00:44,91282CKW0,TSRYS5833263,D,S,D,2024-07-02,1000000.00,4.420055,98.986328125
08:00:44,91282CKW0,TSRYS5833263,D,S,D,2024-07-02,1000000.00,4.420714,98.982421875
08:00:44,91282CKW0,TSRYS5833263,D,S,D,2024-07-02,1000000.00,4.420055,98.986328125
08:00:44,91282CKW0,TSRYS5833263,D,S,T,2024-07-02,1000000.00,4.424342,98.9609375
08:00:45,91282CKW0,TSRYS5833263,D,S,T,2024-07-02,1000000.00,4.421044,98.98046875
08:00:45,91282CKW0,TSRYS5833263,D,S,D,2024-07-02,1000000.00,4.422693,98.970703125
08:00:47,91282CKW0,TSRYS5833263,D,S,A,2024-07-02,4635600.00,4.422363,98.97265625
08:00:48,91282CKW0,TSRYS5833263,D,S,D,2024-07-02,1000000.00,4.423683,98.96484375
08:00:48,91282CKW0,TSRYS5833263,D,S,D,2024-07-02,1000000.00,4.423683,98.96484375
08:00:49,91282CKW0,TSRYS5833263,D,S,D,2024-07-02,1000000.00,4.420714,98.982421875
08:00:49,91282CKW0,TSRYS5833263,D,S,D,2024-07-02,1000000.00,4.421704,98.9765625
08:00:50,91282CKW0,TSRYS5833263,D,S,D,2024-07-02,2000000.00,4.43028,98.92578125
08:00:51,91282CKW0,TSRYS5833263,D,S,D,2024-07-02,1000000.00,4.418077,98.998046875
08:00:51,91282CKW0,TSRYS5833263,D,S,D,2024-07-02,1000000.00,4.419396,98.990234375
08:00:51,91282CKW0,TSRYS5833263,D,S,D,2024-07-02,1000000.00,4.422034,98.974609375
08:00:52,91282CKW0,TSRYS5833263,D,S,C,2024-07-02,2000000.00,4.425002,98.95703125
08:00:52,91282CKW0,TSRYS5833263,D,S,D,2024-07-02,1000000.00,4.421374,98.978515625
08:00:52,91282CKW0,TSRYS5833263,D,S,D,2024-07-02,1000000.00,4.422363,98.97265625
08:00:52,91282CKW0,TSRYS5833263,D,S,D,2024-07-02,1000000.00,4.422693,98.970703125
08:00:52,91282CKW0,TSRYS5833263,D,S,T,2024-07-02,1000000.00,4.41511,99.015625
08:00:53,91282CKW0,TSRYS5833263,D,S,D,2024-07-02,1000000.00,4.413791,99.0234375
08:00:53,91282CKW0,TSRYS5833263,D,S,D,2024-07-02,1000000.00,4.416099,99.009765625
08:00:53,91282CKW0,TSRYS5833263,D,S,D,2024-07-02,9000000.00,4.43028,98.92578125
08:00:54,91282CKW0,TSRYS5833263,D,S,D,2024-07-02,1000000.00,4.418736,98.994140625
08:00:54,91282CKW0,TSRYS5833263,D,S,D,2024-07-02,1000000.00,4.418077,98.998046875
08:00:55,91282CKW0,TSRYS5833263,D,S,D,2024-07-02,1000000.00,4.413462,99.025390625
08:00:55,91282CKW0,TSRYS5833263,D,S,C,2024-07-02,75000000.00,4.418796,98.993785
08:00:55,91282CKW0,TSRYS5833263,D,S,D,2024-07-02,1000000.00,4.416099,99.009765625
08:00:55,91282CKW0,TSRYS5833263,D,S,D,2024-07-02,1000000.00,4.417747,99.0
08:00:55,91282CKW0,TSRYS5833263,D,S,D,2024-07-02,1000000.00,4.421044,98.98046875
08:00:55,91282CKW0,TSRYS5833263,D,S,D,2024-07-02,1000000.00,4.423683,98.96484375
08:00:56,91282CKW0,TSRYS5833263,D,S,T,2024-07-02,1000000.00,4.418736,98.994140625
08:00:56,91282CKW0,TSRYS5833263,D,S,D,2024-07-02,1000000.00,4.416428,99.0078125
08:00:57,91282CKW0,TSRYS5833263,D,S,D,2024-07-02,1000000.00,4.425991,98.951171875
08:00:57,91282CKW0,TSRYS5833263,D,S,D,2024-07-02,1000000.00,4.425991,98.951171875
08:00:58,91282CKW0,TSRYS5833263,D,S,D,2024-07-02,1000000.00,4.423683,98.96484375
08:00:58,91282CKW0,TSRYS5833263,D,S,D,2024-07-02,1000000.00,4.423683,98.96484375
08:00:58,91282CKW0,TSRYS5833263,D,S,D,2024-07-02,1000000.00,4.423683,98.96484375
08:00:58,91282CKW0,TSRYS5833263,D,S,D,2024-07-02,1000000.00,4.426981,98.9453125
08:00:58,91282CKW0,TSRYS5833263,D,S,D,2024-07-02,1000000.00,4.426981,98.9453125
08:00:58,91282CKW0,TSRYS5833263,D,S,D,2024-07-02,1000000.00,4.426981,98.9453125
08:00:58,91282CKW0,TSRYS5833263,D,S,D,2024-07-02,5000000.00,4.426981,98.9453125
08:00:58,91282CKW0,TSRYS5833263,D,S,D,2024-07-02,1000000.00,4.426981,98.9453125
08:00:58,91282CKW0,TSRYS5833263,D,S,D,2024-07-02,1000000.00,4.426981,98.9453125
08:00:59,91282CKW0,TSRYS5833263,D,S,D,2024-07-02,1000000.00,4.426981,98.9453125
08:00:59,91282CKW0,TSRYS5833263,D,S,D,2024-07-02,1000000.00,4.426981,98.9453125
08:00:59,91282CKW0,TSRYS5833263,D,S,D,2024-07-02,1000000.00,4.426981,98.9453125
08:00:59,91282CKW0,TSRYS5833263,D,S,D,2024-07-02,1000000.00,4.42929,98.931640625
08:00:59,91282CKW0,TSRYS5833263,D,S,D,2024-07-02,1000000.00,4.43061,98.923828125
08:00:59,91282CKW0,TSRYS5833263,D,S,D,2024-07-02,1000000.00,4.43061,98.923828125
08:00:59,91282CKW0,TSRYS5833263,D,S,D,2024-07-02,1000000.00,4.426981,98.9453125
08:00:59,91282CKW0,TSRYS5833263,D,S,D,2024-07-02,1000000.00,4.426651,98.947265625
08:00:59,91282CKW0,TSRYS5833263,D,S,D,2024-07-02,1000000.00,4.425332,98.955078125
08:00:59,91282CKW0,TSRYS5833263,D,S,D,2024-07-02,1000000.00,4.425332,98.955078125
08:01:00,91282CKW0,TSRYS5833263,D,B,C,2024-07-02,1000000.00,4.428631,98.935546875
08:01:00,91282CKW0,TSRYS5833263,D,S,C,2024-07-02,1000000.00,4.428631,98.935546875
08:01:00,91282CKW0,TSRYS5833263,D,B,C,2024-07-02,1000000.00,4.426321,98.94921875
08:01:00,91282CKW0,TSRYS5833263,D,S,C,2024-07-02,1000000.00,4.426321,98.94921875
08:01:00,91282CKW0,TSRYS5833263,D,B,C,2024-07-02,1000000.00,4.428631,98.935546875
08:01:00,91282CKW0,TSRYS5833263,D,S,C,2024-07-02,1000000.00,4.428631,98.935546875
08:01:00,91282CKW0,TSRYS5833263,D,B,C,2024-07-02,1000000.00,4.428961,98.93359375
08:01:00,91282CKW0,TSRYS5833263,D,B,C,2024-07-02,1000000.00,4.428631,98.935546875
08:01:00,91282CKW0,TSRYS5833263,D,S,C,2024-07-02,1000000.00,4.428961,98.93359375
08:01:00,91282CKW0,TSRYS5833263,D,S,C,2024-07-02,1000000.00,4.428631,98.935546875
08:01:00,91282CKW0,TSRYS5833263,D,B,C,2024-07-02,1000000.00,4.426321,98.94921875
08:01:00,91282CKW0,TSRYS5833263,D,S,C,2024-07-02,1000000.00,4.426321,98.94921875
08:01:00,91282CKW0,TSRYS5833263,D,S,T,2024-07-02,1000000.00,4.41511,99.015625
08:01:00,91282CKW0,TSRYS5833263,D,S,D,2024-07-02,1000000.00,4.42962,98.9296875
08:01:01,91282CKW0,TSRYS5833263,D,S,D,2024-07-02,1000000.00,4.427971,98.939453125
08:01:01,91282CKW0,TSRYS5833263,D,S,D,2024-07-02,1000000.00,4.428631,98.935546875
08:01:01,91282CKW0,TSRYS5833263,D,S,T,2024-07-02,1000000.00,4.417747,99.0
08:01:01,91282CKW0,TSRYS5833263,D,S,D,2024-07-02,2000000.00,4.423023,98.96875
08:01:02,91282CKW0,TSRYS5833263,D,S,D,2024-07-02,1000000.00,4.43094,98.921875
08:01:02,91282CKW0,TSRYS5833263,D,S,D,2024-07-02,1000000.00,4.427971,98.939453125
08:01:02,91282CKW0,TSRYS5833263,D,S,D,2024-07-02,1000000.00,4.428301,98.9375
08:01:02,91282CKW0,TSRYS5833263,D,B,C,2024-07-02,1000000.00,4.428301,98.9375
08:01:02,91282CKW0,TSRYS5833263,D,B,C,2024-07-02,1000000.00,4.427971,98.939453125
08:01:02,91282CKW0,TSRYS5833263,D,B,C,2024-07-02,2000000.00,4.427971,98.939453125
08:01:02,91282CKW0,TSRYS5833263,D,S,D,2024-07-02,1000000.00,4.427971,98.939453125
08:01:02,91282CKW0,TSRYS5833263,D,S,D,2024-07-02,2000000.00,4.427971,98.939453125
08:01:02,91282CKW0,TSRYS5833263,D,S,C,2024-07-02,1000000.00,4.427311,98.943359375
08:01:02,91282CKW0,TSRYS5833263,D,S,D,2024-07-02,1000000.00,4.427971,98.939453125
08:01:02,91282CKW0,TSRYS5833263,D,B,C,2024-07-02,1000000.00,4.427971,98.939453125
08:01:03,91282CKW0,TSRYS5833263,D,S,C,2024-07-02,1000000.00,4.428631,98.935546875
08:01:03,91282CKW0,TSRYS5833263,D,B,C,2024-07-02,1000000.00,4.42962,98.9296875
08:01:03,91282CKW0,TSRYS5833263,D,S,D,2024-07-02,1000000.00,4.42962,98.9296875
08:01:03,91282CKW0,TSRYS5833263,D,S,D,2024-07-02,1000000.00,4.43094,98.921875
08:01:03,91282CKW0,TSRYS5833263,D,B,C,2024-07-02,1000000.00,4.43061,98.923828125
08:01:03,91282CKW0,TSRYS5833263,D,B,C,2024-07-02,1000000.00,4.42929,98.931640625
08:01:03,91282CKW0,TSRYS5833263,D,S,D,2024-07-02,1000000.00,4.43061,98.923828125
08:01:03,91282CKW0,TSRYS5833263,D,S,D,2024-07-02,1000000.00,4.43094,98.921875
08:01:03,91282CKW0,TSRYS5833263,D,B,C,2024-07-02,1000000.00,4.43094,98.921875
08:01:03,91282CKW0,TSRYS5833263,D,B,C,2024-07-02,1000000.00,4.43094,98.921875
08:01:03,91282CKW0,TSRYS5833263,D,S,D,2024-07-02,1000000.00,4.42929,98.931640625
08:01:03,91282CKW0,TSRYS5833263,D,S,D,2024-07-02,1000000.00,4.43061,98.923828125
08:01:03,91282CKW0,TSRYS5833263,D,B,C,2024-07-02,1000000.00,4.43061,98.923828125
08:01:03,91282CKW0,TSRYS5833263,D,S,C,2024-07-02,1000000.00,4.425002,98.95703125
08:01:03,91282CKW0,TSRYS5833263,D,S,C,2024-07-02,1000000.00,4.424012,98.962890625
08:01:03,91282CKW0,TSRYS5833263,D,S,D,2024-07-02,1000000.00,4.425662,98.953125
08:01:03,91282CKW0,TSRYS5833263,D,S,D,2024-07-02,1000000.00,4.425662,98.953125
08:01:03,91282CKW0,TSRYS5833263,D,B,C,2024-07-02,2000000.00,4.425662,98.953125
08:01:03,91282CKW0,TSRYS5833263,D,B,C,2024-07-02,1000000.00,4.425662,98.953125
08:01:03,91282CKW0,TSRYS5833263,D,B,C,2024-07-02,1000000.00,4.424672,98.958984375
08:01:03,91282CKW0,TSRYS5833263,D,S,D,2024-07-02,2000000.00,4.425662,98.953125
08:01:03,91282CKW0,TSRYS5833263,D,S,D,2024-07-02,1000000.00,4.424672,98.958984375
08:01:03,91282CKW0,TSRYS5833263,D,B,C,2024-07-02,1000000.00,4.425662,98.953125
08:01:03,91282CKW0,TSRYS5833263,D,S,C,2024-07-02,1000000.00,4.423683,98.96484375
08:01:03,91282CKW0,TSRYS5833263,D,B,C,2024-07-02,1000000.00,4.422693,98.970703125
08:01:03,91282CKW0,TSRYS5833263,D,B,C,2024-07-02,1000000.00,4.423683,98.96484375
08:01:03,91282CKW0,TSRYS5833263,D,S,C,2024-07-02,1000000.00,4.421374,98.978515625
08:01:03,91282CKW0,TSRYS5833263,D,S,C,2024-07-02,1000000.00,4.423683,98.96484375
08:01:03,91282CKW0,TSRYS5833263,D,S,C,2024-07-02,1000000.00,4.422693,98.970703125
08:01:03,91282CKW0,TSRYS5833263,D,B,C,2024-07-02,1000000.00,4.421044,98.98046875
08:01:03,91282CKW0,TSRYS5833263,D,B,C,2024-07-02,1000000.00,4.418736,98.994140625
08:01:03,91282CKW0,TSRYS5833263,D,S,D,2024-07-02,2000000.00,4.421704,98.9765625
08:01:03,91282CKW0,TSRYS5833263,D,B,C,2024-07-02,2000000.00,4.421704,98.9765625
08:01:03,91282CKW0,TSRYS5833263,D,S,D,2024-07-02,1000000.00,4.422693,98.970703125
08:01:03,91282CKW0,TSRYS5833263,D,B,C,2024-07-02,1000000.00,4.422693,98.970703125
08:01:03,91282CKW0,TSRYS5833263,D,S,D,2024-07-02,1000000.00,4.422363,98.97265625
08:01:03,91282CKW0,TSRYS5833263,D,B,C,2024-07-02,1000000.00,4.421704,98.9765625
08:01:03,91282CKW0,TSRYS5833263,D,S,C,2024-07-02,1000000.00,4.418077,98.998046875
08:01:03,91282CKW0,TSRYS5833263,D,S,D,2024-07-02,1000000.00,4.421044,98.98046875
08:01:03,91282CKW0,TSRYS5833263,D,S,C,2024-07-02,1000000.00,4.421704,98.9765625
08:01:03,91282CKW0,TSRYS5833263,D,B,C,2024-07-02,1000000.00,4.418736,98.994140625
08:01:03,91282CKW0,TSRYS5833263,D,B,C,2024-07-02,1000000.00,4.418736,98.994140625
08:01:03,91282CKW0,TSRYS5833263,D,S,D,2024-07-02,1000000.00,4.418736,98.994140625
08:01:03,91282CKW0,TSRYS5833263,D,S,D,2024-07-02,1000000.00,4.418736,98.994140625
08:01:03,91282CKW0,TSRYS5833263,D,S,D,2024-07-02,1000000.00,4.418736,98.994140625
08:01:03,91282CKW0,TSRYS5833263,D,S,A,2024-07-02,1000000.00,4.423023,98.96875
08:01:03,91282CKW0,TSRYS5833263,D,S,D,2024-07-02,1000000.00,4.421704,98.9765625
08:01:03,91282CKW0,TSRYS5833263,D,S,D,2024-07-02,1000000.00,4.421704,98.9765625
08:01:03,91282CKW0,TSRYS5833263,D,S,D,2024-07-02,1000000.00,4.421704,98.9765625
08:01:03,91282CKW0,TSRYS5833263,D,S,D,2024-07-02,1000000.00,4.421704,98.9765625
08:01:03,91282CKW0,TSRYS5833263,D,S,D,2024-07-02,1000000.00,4.421704,98.9765625
08:01:03,91282CKW0,TSRYS5833263,D,S,D,2024-07-02,1000000.00,4.421704,98.9765625
08:01:03,91282CKW0,TSRYS5833263,D,S,D,2024-07-02,1000000.00,4.421704,98.9765625
08:01:03,91282CKW0,TSRYS5833263,D,S,D,2024-07-02,1000000.00,4.421704,98.9765625
08:01:03,91282CKW0,TSRYS5833263,D,S,D,2024-07-02,1000000.00,4.421704,98.9765625
08:01:03,91282CKW0,TSRYS5833263,D,S,D,2024-07-02,1000000.00,4.421704,98.9765625
08:01:03,91282CKW0,TSRYS5833263,D,S,D,2024-07-02,1000000.00,4.421704,98.9765625
08:01:03,91282CKW0,TSRYS5833263,D,S,D,2024-07-02,1000000.00,4.421704,98.9765625
08:01:03,91282CKW0,TSRYS5833263,D,S,D,2024-07-02,1000000.00,4.421704,98.9765625
08:01:03,91282CKW0,TSRYS5833263,D,S,D,2024-07-02,1000000.00,4.421704,98.9765625
08:01:03,91282CKW0,TSRYS5833263,D,B,C,2024-07-02,1000000.00,4.421374,98.978515625
08:01:03,91282CKW0,TSRYS5833263,D,S,C,2024-07-02,1000000.00,4.421374,98.978515625
08:01:03,91282CKW0,TSRYS5833263,D,S,D,2024-07-02,1000000.00,4.421374,98.978515625
08:01:03,91282CKW0,TSRYS5833263,D,B,C,2024-07-02,1000000.00,4.421374,98.978515625
08:01:03,91282CKW0,TSRYS5833263,D,S,D,2024-07-02,1000000.00,4.421374,98.978515625
08:01:03,91282CKW0,TSRYS5833263,D,S,D,2024-07-02,1000000.00,4.421374,98.978515625
08:01:03,91282CKW0,TSRYS5833263,D,B,C,2024-07-02,1000000.00,4.421374,98.978515625
08:01:03,91282CKW0,TSRYS5833263,D,B,C,2024-07-02,1000000.00,4.421374,98.978515625
08:01:03,91282CKW0,TSRYS5833263,D,S,C,2024-07-02,1000000.00,4.421704,98.9765625
08:01:03,91282CKW0,TSRYS5833263,D,B,C,2024-07-02,1000000.00,4.421704,98.9765625
08:01:03,91282CKW0,TSRYS5833263,D,B,C,2024-07-02,1000000.00,4.421374,98.978515625
08:01:03,91282CKW0,TSRYS5833263,D,S,C,2024-07-02,1000000.00,4.421374,98.978515625
08:01:03,91282CKW0,TSRYS5833263,D,S,C,2024-07-02,1000000.00,4.421374,98.978515625
08:01:03,91282CKW0,TSRYS5833263,D,B,C,2024-07-02,1000000.00,4.421374,98.978515625
08:01:03,91282CKW0,TSRYS5833263,D,S,D,2024-07-02,1000000.00,4.421374,98.978515625
08:01:04,91282CKW0,TSRYS5833263,D,B,C,2024-07-02,1000000.00,4.421374,98.978515625
08:01:04,91282CKW0,TSRYS5833263,D,S,C,2024-07-02,1000000.00,4.420714,98.982421875
08:01:04,91282CKW0,TSRYS5833263,D,B,C,2024-07-02,1000000.00,4.420714,98.982421875
08:01:04,91282CKW0,TSRYS5833263,D,B,C,2024-07-02,1000000.00,4.421374,98.978515625
