tradeTime,cusip,issueSymbolIdentifier,priceType,reportingSideCode,contraPartyTypeCode,tradeDate,reportedTradeVolume,lastSaleYield,lastSalePrice
08:00:03,91282CLM1,TSRYS5893517,D,S,D,2024-10-08,1000000.00,3.908445,98.283203125
08:00:03,91282CLM1,TSRYS5893517,D,S,T,2024-10-08,2000000.00,3.906165,98.296875
08:00:03,91282CLM1,TSRYS5893517,D,S,D,2024-10-08,1000000.00,3.909097,98.279296875
08:00:03,91282CLM1,TSRYS5893517,D,S,D,2024-10-08,1000000.00,3.909097,98.279296875
08:00:03,91282CLM1,TSRYS5893517,D,S,D,2024-10-08,2000000.00,3.908771,98.28125
08:00:03,91282CLM1,TSRYS5893517,D,S,D,2024-10-08,2000000.00,3.906165,98.296875
08:00:03,91282CLM1,TSRYS5893517,D,S,D,2024-10-08,2000000.00,3.906165,98.296875
08:00:03,91282CLM1,TSRYS5893517,D,S,D,2024-10-08,2000000.00,3.903558,98.3125
08:00:03,91282CLM1,TSRYS5893517,D,S,D,2024-10-08,2000000.00,3.903558,98.3125
08:00:03,91282CLM1,TSRYS5893517,D,S,D,2024-10-08,2000000.00,3.903558,98.3125
08:00:03,91282CLM1,TSRYS5893517,D,S,D,2024-10-08,2000000.00,3.903558,98.3125
08:00:03,91282CLM1,TSRYS5893517,D,S,D,2024-10-08,2000000.00,3.902907,98.31640625
08:00:03,91282CLM1,TSRYS5893517,D,S,D,2024-10-08,2000000.00,3.902907,98.31640625
08:00:03,91282CLM1,TSRYS5893517,D,S,D,2024-10-08,2000000.00,3.902907,98.31640625
08:00:03,91282CLM1,TSRYS5893517,D,S,D,2024-10-08,2000000.00,3.902907,98.31640625
08:00:03,91282CLM1,TSRYS5893517,D,S,D,2024-10-08,2000000.00,3.905513,98.30078125
08:00:03,91282CLM1,TSRYS5893517,D,S,T,2024-10-08,2000000.00,3.902907,98.31640625
08:00:03,91282CLM1,TSRYS5893517,D,S,T,2024-10-08,2000000.00,3.902907,98.31640625
08:00:03,91282CLM1,TSRYS5893517,D,S,D,2024-10-08,2000000.00,3.905187,98.302734375
08:00:03,91282CLM1,TSRYS5893517,D,S,D,2024-10-08,1000000.00,3.904861,98.3046875
08:00:03,91282CLM1,TSRYS5893517,D,S,D,2024-10-08,1000000.00,3.904861,98.3046875
08:00:03,91282CLM1,TSRYS5893517,D,S,D,2024-10-08,1000000.00,3.904861,98.3046875
08:00:03,91282CLM1,TSRYS5893517,D,S,D,2024-10-08,2000000.00,3.903558,98.3125
08:00:03,91282CLM1,TSRYS5893517,D,S,D,2024-10-08,2000000.00,3.903558,98.3125
08:00:03,91282CLM1,TSRYS5893517,D,S,D,2024-10-08,2000000.00,3.903558,98.3125
08:00:03,91282CLM1,TSRYS5893517,D,S,D,2024-10-08,2000000.00,3.903558,98.3125
08:00:03,91282CLM1,TSRYS5893517,D,S,D,2024-10-08,2000000.00,3.903558,98.3125
08:00:03,91282CLM1,TSRYS5893517,D,S,D,2024-10-08,2000000.00,3.903558,98.3125
08:00:03,91282CLM1,TSRYS5893517,D,S,D,2024-10-08,1000000.00,3.903558,98.3125
08:00:03,91282CLM1,TSRYS5893517,D,S,D,2024-10-08,1000000.00,3.903558,98.3125
08:00:03,91282CLM1,TSRYS5893517,D,S,D,2024-10-08,2000000.00,3.89965,98.3359375
08:00:03,91282CLM1,TSRYS5893517,D,S,D,2024-10-08,2000000.00,3.89965,98.3359375
08:00:03,91282CLM1,TSRYS5893517,D,B,C,2024-10-08,2000000.00,3.897696,98.34765625
08:00:03,91282CLM1,TSRYS5893517,D,B,C,2024-10-08,2000000.00,3.897696,98.34765625
08:00:03,91282CLM1,TSRYS5893517,D,B,C,2024-10-08,2000000.00,3.897696,98.34765625
08:00:03,91282CLM1,TSRYS5893517,D,B,C,2024-10-08,2000000.00,3.897696,98.34765625
08:00:03,91282CLM1,TSRYS5893517,D,B,C,2024-10-08,2000000.00,3.897696,98.34765625
08:00:03,91282CLM1,TSRYS5893517,D,S,D,2024-10-08,2000000.00,3.894441,98.3671875
08:00:03,91282CLM1,TSRYS5893517,D,S,T,2024-10-08,1000000.00,3.901278,98.326171875
08:00:03,91282CLM1,TSRYS5893517,D,S,D,2024-10-08,1000000.00,3.906165,98.296875
08:00:03,91282CLM1,TSRYS5893517,D,S,T,2024-10-08,1000000.00,3.907794,98.287109375
08:00:03,91282CLM1,TSRYS5893517,D,S,D,2024-10-08,1000000.00,3.91529,98.2421875
08:00:03,91282CLM1,TSRYS5893517,D,S,D,2024-10-08,1000000.00,3.916268,98.236328125
08:00:03,91282CLM1,TSRYS5893517,D,S,D,2024-10-08,2000000.00,3.91529,98.2421875
08:00:03,91282CLM1,TSRYS5893517,D,S,D,2024-10-08,2000000.00,3.915616,98.240234375
08:00:03,91282CLM1,TSRYS5893517,D,S,D,2024-10-08,2000000.00,3.915616,98.240234375
08:00:03,91282CLM1,TSRYS5893517,D,S,D,2024-10-08,2000000.00,3.915616,98.240234375
08:00:03,91282CLM1,TSRYS5893517,D,S,D,2024-10-08,2000000.00,3.915616,98.240234375
08:00:03,91282CLM1,TSRYS5893517,D,S,D,2024-10-08,2000000.00,3.914312,98.248046875
08:00:03,91282CLM1,TSRYS5893517,D,S,D,2024-10-08,1000000.00,3.914312,98.248046875
08:00:03,91282CLM1,TSRYS5893517,D,S,D,2024-10-08,2000000.00,3.912682,98.2578125
08:00:03,91282CLM1,TSRYS5893517,D,S,D,2024-10-08,1000000.00,3.913008,98.255859375
08:00:03,91282CLM1,TSRYS5893517,D,S,D,2024-10-08,1000000.00,3.911378,98.265625
08:00:03,91282CLM1,TSRYS5893517,D,S,D,2024-10-08,1000000.00,3.911378,98.265625
08:00:03,91282CLM1,TSRYS5893517,D,S,D,2024-10-08,1000000.00,3.911378,98.265625
08:00:03,91282CLM1,TSRYS5893517,D,S,D,2024-10-08,1000000.00,3.911378,98.265625
08:00:03,91282CLM1,TSRYS5893517,D,S,D,2024-10-08,1000000.00,3.911378,98.265625
08:00:03,91282CLM1,TSRYS5893517,D,S,D,2024-10-08,1000000.00,3.911378,98.265625
08:00:03,91282CLM1,TSRYS5893517,D,S,D,2024-10-08,1000000.00,3.911704,98.263671875
08:00:03,91282CLM1,TSRYS5893517,D,S,D,2024-10-08,1000000.00,3.913008,98.255859375
08:00:03,91282CLM1,TSRYS5893517,D,S,D,2024-10-08,1000000.00,3.912682,98.2578125
08:00:03,91282CLM1,TSRYS5893517,D,S,D,2024-10-08,1000000.00,3.91366,98.251953125
08:00:03,91282CLM1,TSRYS5893517,D,S,D,2024-10-08,1000000.00,3.914638,98.24609375
08:00:03,91282CLM1,TSRYS5893517,D,S,D,2024-10-08,1000000.00,3.929642,98.15625
08:00:03,91282CLM1,TSRYS5893517,D,S,D,2024-10-08,1000000.00,3.929642,98.15625
08:00:03,91282CLM1,TSRYS5893517,D,S,D,2024-10-08,1000000.00,3.929642,98.15625
08:00:03,91282CLM1,TSRYS5893517,D,S,D,2024-10-08,1000000.00,3.92279,98.197265625
08:00:03,91282CLM1,TSRYS5893517,D,S,D,2024-10-08,1000000.00,3.92279,98.197265625
08:00:03,91282CLM1,TSRYS5893517,D,S,T,2024-10-08,2000000.00,3.92279,98.197265625
08:00:03,91282CLM1,TSRYS5893517,D,S,T,2024-10-08,1000000.00,3.92279,98.197265625
08:00:03,91282CLM1,TSRYS5893517,D,S,T,2024-10-08,2000000.00,3.92279,98.197265625
08:00:03,91282CLM1,TSRYS5893517,D,S,T,2024-10-08,1000000.00,3.92279,98.197265625
08:00:03,91282CLM1,TSRYS5893517,D,S,D,2024-10-08,1000000.00,3.92279,98.197265625
08:00:03,91282CLM1,TSRYS5893517,D,S,T,2024-10-08,2000000.00,3.922464,98.19921875
08:00:03,91282CLM1,TSRYS5893517,D,S,D,2024-10-08,2000000.00,3.919855,98.21484375
08:00:05,91282CLM1,TSRYS5893517,D,S,T,2024-10-08,1000000.00,3.894441,98.3671875
08:00:05,91282CLM1,TSRYS5893517,D,S,T,2024-10-08,1000000.00,3.904861,98.3046875
08:00:05,91282CLM1,TSRYS5893517,D,S,T,2024-10-08,1000000.00,3.921812,98.203125
08:00:08,91282CLM1,TSRYS5893517,D,S,D,2024-10-08,15000000.00,3.908771,98.28125
08:00:08,91282CLM1,TSRYS5893517,D,S,D,2024-10-08,1000000.00,3.902907,98.31640625
08:00:08,91282CLM1,TSRYS5893517,D,S,D,2024-10-08,2000000.00,3.905187,98.302734375
08:00:13,91282CLM1,TSRYS5893517,D,S,T,2024-10-08,1000000.00,3.919203,98.21875
08:00:13,91282CLM1,TSRYS5893517,D,S,T,2024-10-08,1000000.00,3.907142,98.291015625
08:00:13,91282CLM1,TSRYS5893517,D,S,T,2024-10-08,1000000.00,3.906165,98.296875
08:00:13,91282CLM1,TSRYS5893517,D,S,T,2024-10-08,1000000.00,3.906165,98.296875
08:00:13,91282CLM1,TSRYS5893517,D,S,T,2024-10-08,1000000.00,3.905513,98.30078125
08:00:13,91282CLM1,TSRYS5893517,D,S,T,2024-10-08,1000000.00,3.891511,98.384765625
08:00:13,91282CLM1,TSRYS5893517,D,S,D,2024-10-08,1000000.00,3.912356,98.259765625
08:00:13,91282CLM1,TSRYS5893517,D,S,T,2024-10-08,1000000.00,3.912356,98.259765625
08:00:13,91282CLM1,TSRYS5893517,D,S,D,2024-10-08,1000000.00,3.914964,98.244140625
08:00:13,91282CLM1,TSRYS5893517,D,S,T,2024-10-08,1000000.00,3.923116,98.1953125
08:00:13,91282CLM1,TSRYS5893517,D,S,T,2024-10-08,3000000.00,3.923116,98.1953125
08:00:13,91282CLM1,TSRYS5893517,D,S,D,2024-10-08,1000000.00,3.919529,98.216796875
08:00:13,91282CLM1,TSRYS5893517,D,S,D,2024-10-08,1000000.00,3.919529,98.216796875
08:00:13,91282CLM1,TSRYS5893517,D,S,T,2024-10-08,1000000.00,3.919529,98.216796875
08:00:14,91282CLM1,TSRYS5893517,D,S,D,2024-10-08,1000000.00,3.911378,98.265625
08:00:15,91282CLM1,TSRYS5893517,D,S,D,2024-10-08,1000000.00,3.910075,98.2734375
08:00:15,91282CLM1,TSRYS5893517,D,S,D,2024-10-08,1000000.00,3.909097,98.279296875
08:00:15,91282CLM1,TSRYS5893517,D,S,D,2024-10-08,1000000.00,3.909097,98.279296875
08:00:15,91282CLM1,TSRYS5893517,D,S,D,2024-10-08,1000000.00,3.909097,98.279296875
08:00:16,91282CLM1,TSRYS5893517,D,S,D,2024-10-08,1000000.00,3.910075,98.2734375
08:00:26,91282CLM1,TSRYS5893517,D,S,D,2024-10-08,1000000.00,3.904861,98.3046875
08:00:26,91282CLM1,TSRYS5893517,D,S,D,2024-10-08,1000000.00,3.903558,98.3125
08:00:28,91282CLM1,TSRYS5893517,D,S,D,2024-10-08,1000000.00,3.902256,98.3203125
08:00:28,91282CLM1,TSRYS5893517,D,S,D,2024-10-08,1000000.00,3.898348,98.34375
08:00:29,91282CLM1,TSRYS5893517,D,S,D,2024-10-08,1000000.00,3.894441,98.3671875
08:00:29,91282CLM1,TSRYS5893517,D,S,T,2024-10-08,1000000.00,3.902256,98.3203125
08:00:29,91282CLM1,TSRYS5893517,D,S,T,2024-10-08,3000000.00,3.903558,98.3125
08:00:29,91282CLM1,TSRYS5893517,D,S,T,2024-10-08,2000000.00,3.903558,98.3125
08:00:29,91282CLM1,TSRYS5893517,D,S,T,2024-10-08,2000000.00,3.907468,98.2890625
08:00:29,91282CLM1,TSRYS5893517,D,S,T,2024-10-08,2000000.00,3.904861,98.3046875
08:00:29,91282CLM1,TSRYS5893517,D,S,T,2024-10-08,1000000.00,3.895743,98.359375
08:00:30,91282CLM1,TSRYS5893517,D,S,T,2024-10-08,1000000.00,3.917898,98.2265625
08:00:30,91282CLM1,TSRYS5893517,D,S,T,2024-10-08,1000000.00,3.917572,98.228515625
08:00:30,91282CLM1,TSRYS5893517,D,S,D,2024-10-08,1000000.00,3.919203,98.21875
08:00:30,91282CLM1,TSRYS5893517,D,S,T,2024-10-08,1000000.00,3.919203,98.21875
08:00:30,91282CLM1,TSRYS5893517,D,S,D,2024-10-08,1000000.00,3.919203,98.21875
08:00:30,91282CLM1,TSRYS5893517,D,S,T,2024-10-08,1000000.00,3.917898,98.2265625
08:00:30,91282CLM1,TSRYS5893517,D,S,T,2024-10-08,1000000.00,3.920507,98.2109375
08:00:30,91282CLM1,TSRYS5893517,D,S,T,2024-10-08,1000000.00,3.920507,98.2109375
08:00:30,91282CLM1,TSRYS5893517,D,S,T,2024-10-08,1000000.00,3.920507,98.2109375
08:00:30,91282CLM1,TSRYS5893517,D,S,T,2024-10-08,1000000.00,3.920507,98.2109375
08:00:30,91282CLM1,TSRYS5893517,D,S,T,2024-10-08,1000000.00,3.920507,98.2109375
08:00:30,91282CLM1,TSRYS5893517,D,S,D,2024-10-08,2000000.00,3.920507,98.2109375
08:00:30,91282CLM1,TSRYS5893517,D,S,T,2024-10-08,1000000.00,3.920507,98.2109375
08:00:30,91282CLM1,TSRYS5893517,D,S,T,2024-10-08,1000000.00,3.920507,98.2109375
08:00:30,91282CLM1,TSRYS5893517,D,S,T,2024-10-08,1000000.00,3.920507,98.2109375
08:00:30,91282CLM1,TSRYS5893517,D,S,T,2024-10-08,1000000.00,3.921812,98.203125
08:00:30,91282CLM1,TSRYS5893517,D,S,T,2024-10-08,1000000.00,3.920507,98.2109375
08:00:30,91282CLM1,TSRYS5893517,D,S,T,2024-10-08,1000000.00,3.920507,98.2109375
08:00:30,91282CLM1,TSRYS5893517,D,S,T,2024-10-08,1000000.00,3.919203,98.21875
08:00:30,91282CLM1,TSRYS5893517,D,S,T,2024-10-08,1000000.00,3.919203,98.21875
08:00:30,91282CLM1,TSRYS5893517,D,S,T,2024-10-08,1000000.00,3.91529,98.2421875
08:00:30,91282CLM1,TSRYS5893517,D,S,T,2024-10-08,1000000.00,3.913986,98.25
08:00:30,91282CLM1,TSRYS5893517,D,S,T,2024-10-08,1000000.00,3.913986,98.25
08:00:30,91282CLM1,TSRYS5893517,D,S,T,2024-10-08,1000000.00,3.917898,98.2265625
08:00:30,91282CLM1,TSRYS5893517,D,S,T,2024-10-08,1000000.00,3.917898,98.2265625
08:00:30,91282CLM1,TSRYS5893517,D,S,T,2024-10-08,1000000.00,3.917898,98.2265625
08:00:30,91282CLM1,TSRYS5893517,D,S,T,2024-10-08,1000000.00,3.917898,98.2265625
08:00:30,91282CLM1,TSRYS5893517,D,S,T,2024-10-08,1000000.00,3.916594,98.234375
08:00:30,91282CLM1,TSRYS5893517,D,S,T,2024-10-08,1000000.00,3.916594,98.234375
08:00:30,91282CLM1,TSRYS5893517,D,S,T,2024-10-08,1000000.00,3.916268,98.236328125
08:00:30,91282CLM1,TSRYS5893517,D,S,T,2024-10-08,1000000.00,3.91529,98.2421875
08:00:30,91282CLM1,TSRYS5893517,D,S,T,2024-10-08,1000000.00,3.916594,98.234375
08:00:30,91282CLM1,TSRYS5893517,D,S,T,2024-10-08,1000000.00,3.913986,98.25
08:00:30,91282CLM1,TSRYS5893517,D,S,T,2024-10-08,1000000.00,3.913986,98.25
08:00:30,91282CLM1,TSRYS5893517,D,S,T,2024-10-08,1000000.00,3.912682,98.2578125
08:00:30,91282CLM1,TSRYS5893517,D,S,T,2024-10-08,1000000.00,3.912682,98.2578125
08:00:30,91282CLM1,TSRYS5893517,D,S,T,2024-10-08,1000000.00,3.913986,98.25
08:00:30,91282CLM1,TSRYS5893517,D,S,T,2024-10-08,1000000.00,3.91529,98.2421875
08:00:30,91282CLM1,TSRYS5893517,D,S,T,2024-10-08,1000000.00,3.91529,98.2421875
08:00:30,91282CLM1,TSRYS5893517,D,S,T,2024-10-08,1000000.00,3.91529,98.2421875
08:00:30,91282CLM1,TSRYS5893517,D,S,T,2024-10-08,1000000.00,3.91529,98.2421875
08:00:30,91282CLM1,TSRYS5893517,D,S,T,2024-10-08,1000000.00,3.911378,98.265625
08:00:30,91282CLM1,TSRYS5893517,D,S,T,2024-10-08,4000000.00,3.911378,98.265625
08:00:30,91282CLM1,TSRYS5893517,D,S,T,2024-10-08,1000000.00,3.911378,98.265625
08:00:30,91282CLM1,TSRYS5893517,D,S,T,2024-10-08,1000000.00,3.911378,98.265625
08:00:30,91282CLM1,TSRYS5893517,D,S,T,2024-10-08,1000000.00,3.911378,98.265625
08:00:30,91282CLM1,TSRYS5893517,D,S,T,2024-10-08,1000000.00,3.910075,98.2734375
08:00:30,91282CLM1,TSRYS5893517,D,S,T,2024-10-08,1000000.00,3.910075,98.2734375
08:00:30,91282CLM1,TSRYS5893517,D,S,T,2024-10-08,1000000.00,3.908771,98.28125
08:00:30,91282CLM1,TSRYS5893517,D,S,T,2024-10-08,1000000.00,3.908771,98.28125
08:00:30,91282CLM1,TSRYS5893517,D,S,T,2024-10-08,1000000.00,3.908771,98.28125
08:00:30,91282CLM1,TSRYS5893517,D,S,T,2024-10-08,1000000.00,3.910075,98.2734375
08:00:30,91282CLM1,TSRYS5893517,D,S,T,2024-10-08,1000000.00,3.910075,98.2734375
08:00:30,91282CLM1,TSRYS5893517,D,S,T,2024-10-08,1000000.00,3.910075,98.2734375
08:00:30,91282CLM1,TSRYS5893517,D,S,T,2024-10-08,1000000.00,3.907468,98.2890625
08:00:30,91282CLM1,TSRYS5893517,D,S,T,2024-10-08,1000000.00,3.907468,98.2890625
08:00:30,91282CLM1,TSRYS5893517,D,S,T,2024-10-08,1000000.00,3.907468,98.2890625
08:00:30,91282CLM1,TSRYS5893517,D,S,T,2024-10-08,1000000.00,3.907468,98.2890625
08:00:30,91282CLM1,TSRYS5893517,D,S,T,2024-10-08,1000000.00,3.908771,98.28125
08:00:30,91282CLM1,TSRYS5893517,D,S,T,2024-10-08,1000000.00,3.908771,98.28125
08:00:30,91282CLM1,TSRYS5893517,D,S,T,2024-10-08,1000000.00,3.908445,98.283203125
08:00:30,91282CLM1,TSRYS5893517,D,S,T,2024-10-08,1000000.00,3.908771,98.28125
08:00:30,91282CLM1,TSRYS5893517,D,S,T,2024-10-08,1000000.00,3.908771,98.28125
08:00:30,91282CLM1,TSRYS5893517,D,S,T,2024-10-08,1000000.00,3.908771,98.28125
08:00:30,91282CLM1,TSRYS5893517,D,S,T,2024-10-08,1000000.00,3.906816,98.29296875
08:00:30,91282CLM1,TSRYS5893517,D,S,T,2024-10-08,1000000.00,3.90649,98.294921875
08:00:30,91282CLM1,TSRYS5893517,D,S,T,2024-10-08,1000000.00,3.906165,98.296875
08:00:30,91282CLM1,TSRYS5893517,D,S,T,2024-10-08,2000000.00,3.907468,98.2890625
08:00:30,91282CLM1,TSRYS5893517,D,S,T,2024-10-08,1000000.00,3.907468,98.2890625
08:00:30,91282CLM1,TSRYS5893517,D,S,T,2024-10-08,1000000.00,3.907468,98.2890625
08:00:30,91282CLM1,TSRYS5893517,D,S,T,2024-10-08,1000000.00,3.907468,98.2890625
08:00:30,91282CLM1,TSRYS5893517,D,S,T,2024-10-08,1000000.00,3.907468,98.2890625
08:00:30,91282CLM1,TSRYS5893517,D,S,T,2024-10-08,1000000.00,3.907468,98.2890625
08:00:30,91282CLM1,TSRYS5893517,D,S,T,2024-10-08,1000000.00,3.908771,98.28125
08:00:30,91282CLM1,TSRYS5893517,D,S,T,2024-10-08,1000000.00,3.910075,98.2734375
08:00:30,91282CLM1,TSRYS5893517,D,S,T,2024-10-08,1000000.00,3.910075,98.2734375
08:00:30,91282CLM1,TSRYS5893517,D,S,T,2024-10-08,1000000.00,3.910075,98.2734375
08:00:30,91282CLM1,TSRYS5893517,D,S,T,2024-10-08,4000000.00,3.910075,98.2734375
08:00:30,91282CLM1,TSRYS5893517,D,S,T,2024-10-08,1000000.00,3.910075,98.2734375
08:00:30,91282CLM1,TSRYS5893517,D,S,T,2024-10-08,1000000.00,3.908771,98.28125
08:00:30,91282CLM1,TSRYS5893517,D,S,T,2024-10-08,1000000.00,3.908771,98.28125
08:00:30,91282CLM1,TSRYS5893517,D,S,T,2024-10-08,1000000.00,3.907142,98.291015625
08:00:30,91282CLM1,TSRYS5893517,D,S,T,2024-10-08,1000000.00,3.903558,98.3125
08:00:30,91282CLM1,TSRYS5893517,D,S,T,2024-10-08,1000000.00,3.903558,98.3125
08:00:30,91282CLM1,TSRYS5893517,D,S,T,2024-10-08,1000000.00,3.902256,98.3203125
08:00:30,91282CLM1,TSRYS5893517,D,S,T,2024-10-08,1000000.00,3.903558,98.3125
08:00:30,91282CLM1,TSRYS5893517,D,S,T,2024-10-08,1000000.00,3.903558,98.3125
08:00:30,91282CLM1,TSRYS5893517,D,S,T,2024-10-08,1000000.00,3.903558,98.3125
08:00:30,91282CLM1,TSRYS5893517,D,S,T,2024-10-08,1000000.00,3.903558,98.3125
08:00:30,91282CLM1,TSRYS5893517,D,S,T,2024-10-08,1000000.00,3.903558,98.3125
08:00:30,91282CLM1,TSRYS5893517,D,S,T,2024-10-08,1000000.00,3.903558,98.3125
08:00:30,91282CLM1,TSRYS5893517,D,S,T,2024-10-08,1000000.00,3.903558,98.3125
08:00:30,91282CLM1,TSRYS5893517,D,S,T,2024-10-08,1000000.00,3.903558,98.3125
08:00:30,91282CLM1,TSRYS5893517,D,S,T,2024-10-08,1000000.00,3.903558,98.3125
08:00:30,91282CLM1,TSRYS5893517,D,S,T,2024-10-08,1000000.00,3.903558,98.3125
08:00:30,91282CLM1,TSRYS5893517,D,S,T,2024-10-08,1000000.00,3.903558,98.3125
08:00:30,91282CLM1,TSRYS5893517,D,S,T,2024-10-08,1000000.00,3.903558,98.3125
08:00:30,91282CLM1,TSRYS5893517,D,S,T,2024-10-08,1000000.00,3.903558,98.3125
08:00:30,91282CLM1,TSRYS5893517,D,S,T,2024-10-08,1000000.00,3.904861,98.3046875
08:00:30,91282CLM1,TSRYS5893517,D,S,T,2024-10-08,1000000.00,3.904861,98.3046875
08:00:30,91282CLM1,TSRYS5893517,D,S,T,2024-10-08,1000000.00,3.904861,98.3046875
08:00:30,91282CLM1,TSRYS5893517,D,S,T,2024-10-08,1000000.00,3.904861,98.3046875
08:00:30,91282CLM1,TSRYS5893517,D,S,T,2024-10-08,1000000.00,3.904861,98.3046875
08:00:30,91282CLM1,TSRYS5893517,D,S,T,2024-10-08,1000000.00,3.904861,98.3046875
08:00:30,91282CLM1,TSRYS5893517,D,S,T,2024-10-08,1000000.00,3.904861,98.3046875
08:00:30,91282CLM1,TSRYS5893517,D,S,T,2024-10-08,1000000.00,3.903558,98.3125
08:00:30,91282CLM1,TSRYS5893517,D,S,T,2024-10-08,1000000.00,3.917246,98.23046875
08:00:30,91282CLM1,TSRYS5893517,D,S,D,2024-10-08,1000000.00,3.910075,98.2734375
08:00:30,91282CLM1,TSRYS5893517,D,S,D,2024-10-08,1000000.00,3.910075,98.2734375
08:00:30,91282CLM1,TSRYS5893517,D,S,D,2024-10-08,1000000.00,3.903233,98.314453125
08:00:30,91282CLM1,TSRYS5893517,D,S,D,2024-10-08,1000000.00,3.903558,98.3125
08:00:30,91282CLM1,TSRYS5893517,D,S,D,2024-10-08,1000000.00,3.904861,98.3046875
08:00:30,91282CLM1,TSRYS5893517,D,S,D,2024-10-08,1000000.00,3.906165,98.296875
08:00:30,91282CLM1,TSRYS5893517,D,S,D,2024-10-08,1000000.00,3.902256,98.3203125
08:00:30,91282CLM1,TSRYS5893517,D,S,D,2024-10-08,1000000.00,3.902256,98.3203125
08:00:30,91282CLM1,TSRYS5893517,D,S,T,2024-10-08,1000000.00,3.903558,98.3125
08:00:30,91282CLM1,TSRYS5893517,D,S,T,2024-10-08,1000000.00,3.904861,98.3046875
08:00:30,91282CLM1,TSRYS5893517,D,S,T,2024-10-08,1000000.00,3.904861,98.3046875
08:00:30,91282CLM1,TSRYS5893517,D,S,T,2024-10-08,1000000.00,3.904861,98.3046875
08:00:30,91282CLM1,TSRYS5893517,D,S,T,2024-10-08,1000000.00,3.904861,98.3046875
08:00:30,91282CLM1,TSRYS5893517,D,S,T,2024-10-08,1000000.00,3.904861,98.3046875
08:00:30,91282CLM1,TSRYS5893517,D,S,T,2024-10-08,1000000.00,3.904861,98.3046875
08:00:30,91282CLM1,TSRYS5893517,D,S,T,2024-10-08,1000000.00,3.903558,98.3125
08:00:30,91282CLM1,TSRYS5893517,D,S,T,2024-10-08,1000000.00,3.902256,98.3203125
08:00:30,91282CLM1,TSRYS5893517,D,S,T,2024-10-08,1000000.00,3.902256,98.3203125
08:00:30,91282CLM1,TSRYS5893517,D,S,T,2024-10-08,1000000.00,3.902256,98.3203125
08:00:30,91282CLM1,TSRYS5893517,D,S,T,2024-10-08,1000000.00,3.902256,98.3203125
08:00:30,91282CLM1,TSRYS5893517,D,S,T,2024-10-08,1000000.00,3.902256,98.3203125
08:00:30,91282CLM1,TSRYS5893517,D,S,T,2024-10-08,1000000.00,3.902907,98.31640625
08:00:30,91282CLM1,TSRYS5893517,D,S,T,2024-10-08,1000000.00,3.902581,98.318359375
08:00:30,91282CLM1,TSRYS5893517,D,S,T,2024-10-08,1000000.00,3.902256,98.3203125
08:00:30,91282CLM1,TSRYS5893517,D,S,T,2024-10-08,1000000.00,3.903558,98.3125
08:00:30,91282CLM1,TSRYS5893517,D,S,T,2024-10-08,1000000.00,3.905839,98.298828125
08:00:30,91282CLM1,TSRYS5893517,D,S,T,2024-10-08,1000000.00,3.905839,98.298828125
08:00:30,91282CLM1,TSRYS5893517,D,S,D,2024-10-08,1000000.00,3.903558,98.3125
08:00:30,91282CLM1,TSRYS5893517,D,S,D,2024-10-08,1000000.00,3.916594,98.234375
08:00:30,91282CLM1,TSRYS5893517,D,S,C,2024-10-08,5000000.00,3.917898,98.2265625
08:00:30,91282CLM1,TSRYS5893517,D,S,D,2024-10-08,1000000.00,3.923116,98.1953125
08:00:30,91282CLM1,TSRYS5893517,D,S,T,2024-10-08,1000000.00,3.904861,98.3046875
08:00:30,91282CLM1,TSRYS5893517,D,S,T,2024-10-08,1000000.00,3.907468,98.2890625
08:00:30,91282CLM1,TSRYS5893517,D,S,T,2024-10-08,1000000.00,3.905513,98.30078125
08:00:30,91282CLM1,TSRYS5893517,D,S,T,2024-10-08,1000000.00,3.902907,98.31640625
08:00:30,91282CLM1,TSRYS5893517,D,S,T,2024-10-08,1000000.00,3.902907,98.31640625
08:00:30,91282CLM1,TSRYS5893517,D,S,T,2024-10-08,1000000.00,3.902907,98.31640625
08:00:30,91282CLM1,TSRYS5893517,D,S,T,2024-10-08,1000000.00,3.904861,98.3046875
08:00:30,91282CLM1,TSRYS5893517,D,S,T,2024-10-08,1000000.00,3.904861,98.3046875
08:00:30,91282CLM1,TSRYS5893517,D,S,T,2024-10-08,1000000.00,3.905187,98.302734375
08:00:30,91282CLM1,TSRYS5893517,D,S,T,2024-10-08,1000000.00,3.906165,98.296875
08:00:30,91282CLM1,TSRYS5893517,D,S,D,2024-10-08,2000000.00,3.906165,98.296875
08:00:30,91282CLM1,TSRYS5893517,D,S,T,2024-10-08,1000000.00,3.906165,98.296875
08:00:30,91282CLM1,TSRYS5893517,D,S,T,2024-10-08,1000000.00,3.90649,98.294921875
08:00:30,91282CLM1,TSRYS5893517,D,S,T,2024-10-08,1000000.00,3.902256,98.3203125
08:00:30,91282CLM1,TSRYS5893517,D,S,T,2024-10-08,1000000.00,3.903558,98.3125
08:00:30,91282CLM1,TSRYS5893517,D,S,T,2024-10-08,1000000.00,3.903558,98.3125
08:00:30,91282CLM1,TSRYS5893517,D,S,T,2024-10-08,1000000.00,3.89965,98.3359375
08:00:30,91282CLM1,TSRYS5893517,D,S,T,2024-10-08,1000000.00,3.89965,98.3359375
08:00:30,91282CLM1,TSRYS5893517,D,S,T,2024-10-08,1000000.00,3.898348,98.34375
08:00:30,91282CLM1,TSRYS5893517,D,S,T,2024-10-08,1000000.00,3.897045,98.3515625
08:00:30,91282CLM1,TSRYS5893517,D,S,T,2024-10-08,1000000.00,3.897045,98.3515625
08:00:30,91282CLM1,TSRYS5893517,D,S,T,2024-10-08,1000000.00,3.897045,98.3515625
08:00:30,91282CLM1,TSRYS5893517,D,S,T,2024-10-08,1000000.00,3.897045,98.3515625
08:00:30,91282CLM1,TSRYS5893517,D,S,T,2024-10-08,1000000.00,3.898348,98.34375
08:00:30,91282CLM1,TSRYS5893517,D,S,T,2024-10-08,1000000.00,3.898348,98.34375
08:00:30,91282CLM1,TSRYS5893517,D,S,T,2024-10-08,1000000.00,3.898348,98.34375
08:00:30,91282CLM1,TSRYS5893517,D,S,T,2024-10-08,1000000.00,3.897045,98.3515625
08:00:30,91282CLM1,TSRYS5893517,D,S,T,2024-10-08,1000000.00,3.895743,98.359375
08:00:30,91282CLM1,TSRYS5893517,D,S,T,2024-10-08,1000000.00,3.895743,98.359375
08:00:30,91282CLM1,TSRYS5893517,D,S,T,2024-10-08,1000000.00,3.895743,98.359375
08:00:30,91282CLM1,TSRYS5893517,D,S,T,2024-10-08,1000000.00,3.894441,98.3671875
08:00:30,91282CLM1,TSRYS5893517,D,S,T,2024-10-08,1000000.00,3.893139,98.375
08:00:30,91282CLM1,TSRYS5893517,D,S,T,2024-10-08,1000000.00,3.893139,98.375
08:00:30,91282CLM1,TSRYS5893517,D,S,T,2024-10-08,2000000.00,3.893139,98.375
08:00:30,91282CLM1,TSRYS5893517,D,S,T,2024-10-08,1000000.00,3.894441,98.3671875
08:00:30,91282CLM1,TSRYS5893517,D,S,T,2024-10-08,1000000.00,3.894441,98.3671875
08:00:30,91282CLM1,TSRYS5893517,D,S,T,2024-10-08,1000000.00,3.894441,98.3671875
08:00:30,91282CLM1,TSRYS5893517,D,S,T,2024-10-08,1000000.00,3.894441,98.3671875
08:00:30,91282CLM1,TSRYS5893517,D,S,T,2024-10-08,1000000.00,3.894441,98.3671875
08:00:30,91282CLM1,TSRYS5893517,D,S,T,2024-10-08,1000000.00,3.894441,98.3671875
08:00:30,91282CLM1,TSRYS5893517,D,S,T,2024-10-08,2000000.00,3.893139,98.375
08:00:30,91282CLM1,TSRYS5893517,D,S,T,2024-10-08,1000000.00,3.891837,98.3828125
08:00:30,91282CLM1,TSRYS5893517,D,S,T,2024-10-08,1000000.00,3.894441,98.3671875
08:00:30,91282CLM1,TSRYS5893517,D,S,T,2024-10-08,1000000.00,3.895743,98.359375
08:00:30,91282CLM1,TSRYS5893517,D,S,T,2024-10-08,1000000.00,3.895743,98.359375
08:00:30,91282CLM1,TSRYS5893517,D,S,T,2024-10-08,1000000.00,3.894441,98.3671875
08:00:30,91282CLM1,TSRYS5893517,D,S,T,2024-10-08,1000000.00,3.894441,98.3671875
08:00:30,91282CLM1,TSRYS5893517,D,S,C,2024-10-08,1000000.00,3.898348,98.34375
08:00:30,91282CLM1,TSRYS5893517,D,S,T,2024-10-08,1000000.00,3.897045,98.3515625
08:00:30,91282CLM1,TSRYS5893517,D,S,T,2024-10-08,1000000.00,3.897045,98.3515625
08:00:30,91282CLM1,TSRYS5893517,D,S,T,2024-10-08,1000000.00,3.897045,98.3515625
08:00:30,91282CLM1,TSRYS5893517,D,S,T,2024-10-08,1000000.00,3.897045,98.3515625
08:00:30,91282CLM1,TSRYS5893517,D,S,T,2024-10-08,1000000.00,3.897045,98.3515625
08:00:30,91282CLM1,TSRYS5893517,D,S,T,2024-10-08,1000000.00,3.897045,98.3515625
08:00:30,91282CLM1,TSRYS5893517,D,S,T,2024-10-08,1000000.00,3.897045,98.3515625
08:00:30,91282CLM1,TSRYS5893517,D,S,T,2024-10-08,1000000.00,3.897045,98.3515625
08:00:30,91282CLM1,TSRYS5893517,D,S,T,2024-10-08,1000000.00,3.89965,98.3359375
08:00:30,91282CLM1,TSRYS5893517,D,S,T,2024-10-08,1000000.00,3.900953,98.328125
08:00:30,91282CLM1,TSRYS5893517,D,S,T,2024-10-08,1000000.00,3.898348,98.34375
08:00:30,91282CLM1,TSRYS5893517,D,S,T,2024-10-08,1000000.00,3.89965,98.3359375
08:00:30,91282CLM1,TSRYS5893517,D,S,T,2024-10-08,1000000.00,3.898348,98.34375
08:00:30,91282CLM1,TSRYS5893517,D,S,T,2024-10-08,1000000.00,3.894441,98.3671875
08:00:30,91282CLM1,TSRYS5893517,D,S,T,2024-10-08,1000000.00,3.894441,98.3671875
08:00:30,91282CLM1,TSRYS5893517,D,S,T,2024-10-08,1000000.00,3.894441,98.3671875
08:00:30,91282CLM1,TSRYS5893517,D,S,T,2024-10-08,1000000.00,3.897045,98.3515625
08:00:30,91282CLM1,TSRYS5893517,D,S,T,2024-10-08,1000000.00,3.897045,98.3515625
08:00:30,91282CLM1,TSRYS5893517,D,S,T,2024-10-08,1000000.00,3.898348,98.34375
08:00:30,91282CLM1,TSRYS5893517,D,S,T,2024-10-08,1000000.00,3.897045,98.3515625
08:00:30,91282CLM1,TSRYS5893517,D,S,T,2024-10-08,1000000.00,3.895743,98.359375
08:00:30,91282CLM1,TSRYS5893517,D,S,T,2024-10-08,1000000.00,3.894441,98.3671875
08:00:30,91282CLM1,TSRYS5893517,D,S,T,2024-10-08,1000000.00,3.894441,98.3671875
08:00:30,91282CLM1,TSRYS5893517,D,S,D,2024-10-08,1000000.00,3.895743,98.359375
08:00:30,91282CLM1,TSRYS5893517,D,S,T,2024-10-08,1000000.00,3.898348,98.34375
08:00:30,91282CLM1,TSRYS5893517,D,S,T,2024-10-08,1000000.00,3.902256,98.3203125
08:00:30,91282CLM1,TSRYS5893517,D,S,T,2024-10-08,1000000.00,3.902256,98.3203125
08:00:30,91282CLM1,TSRYS5893517,D,S,T,2024-10-08,1000000.00,3.900953,98.328125
08:00:30,91282CLM1,TSRYS5893517,D,S,T,2024-10-08,1000000.00,3.898348,98.34375
08:00:31,91282CLM1,TSRYS5893517,D,S,T,2024-10-08,1000000.00,3.89965,98.3359375
08:00:31,91282CLM1,TSRYS5893517,D,S,T,2024-10-08,1000000.00,3.898348,98.34375
08:00:31,91282CLM1,TSRYS5893517,D,S,T,2024-10-08,1000000.00,3.897045,98.3515625
08:00:31,91282CLM1,TSRYS5893517,D,S,T,2024-10-08,1000000.00,3.897045,98.3515625
08:00:31,91282CLM1,TSRYS5893517,D,S,T,2024-10-08,1000000.00,3.897045,98.3515625
08:00:31,91282CLM1,TSRYS5893517,D,S,T,2024-10-08,1000000.00,3.89965,98.3359375
08:00:31,91282CLM1,TSRYS5893517,D,S,T,2024-10-08,1000000.00,3.89965,98.3359375
08:00:31,91282CLM1,TSRYS5893517,D,S,T,2024-10-08,1000000.00,3.89965,98.3359375
08:00:31,91282CLM1,TSRYS5893517,D,S,T,2024-10-08,1000000.00,3.895743,98.359375
08:00:31,91282CLM1,TSRYS5893517,D,S,T,2024-10-08,1000000.00,3.895743,98.359375
08:00:31,91282CLM1,TSRYS5893517,D,S,T,2024-10-08,1000000.00,3.893139,98.375
08:00:31,91282CLM1,TSRYS5893517,D,S,T,2024-10-08,1000000.00,3.893139,98.375
08:00:31,91282CLM1,TSRYS5893517,D,S,T,2024-10-08,1000000.00,3.895743,98.359375
08:00:31,91282CLM1,TSRYS5893517,D,S,T,2024-10-08,1000000.00,3.895743,98.359375
08:00:31,91282CLM1,TSRYS5893517,D,S,T,2024-10-08,1000000.00,3.896068,98.357421875
08:00:31,91282CLM1,TSRYS5893517,D,S,T,2024-10-08,1000000.00,3.895743,98.359375
08:00:31,91282CLM1,TSRYS5893517,D,S,T,2024-10-08,1000000.00,3.896068,98.357421875
08:00:31,91282CLM1,TSRYS5893517,D,S,T,2024-10-08,1000000.00,3.895743,98.359375
08:00:31,91282CLM1,TSRYS5893517,D,S,T,2024-10-08,1000000.00,3.895743,98.359375
08:00:31,91282CLM1,TSRYS5893517,D,S,T,2024-10-08,1000000.00,3.895743,98.359375
08:00:31,91282CLM1,TSRYS5893517,D,S,T,2024-10-08,1000000.00,3.898348,98.34375
08:00:31,91282CLM1,TSRYS5893517,D,S,T,2024-10-08,1000000.00,3.89965,98.3359375
08:00:31,91282CLM1,TSRYS5893517,D,S,T,2024-10-08,1000000.00,3.900953,98.328125
08:00:31,91282CLM1,TSRYS5893517,D,S,T,2024-10-08,2000000.00,3.901278,98.326171875
08:00:31,91282CLM1,TSRYS5893517,D,S,T,2024-10-08,2000000.00,3.901278,98.326171875
08:00:31,91282CLM1,TSRYS5893517,D,S,T,2024-10-08,1000000.00,3.903558,98.3125
08:00:31,91282CLM1,TSRYS5893517,D,S,T,2024-10-08,1000000.00,3.903558,98.3125
08:00:31,91282CLM1,TSRYS5893517,D,S,T,2024-10-08,1000000.00,3.903558,98.3125
08:00:31,91282CLM1,TSRYS5893517,D,S,T,2024-10-08,1000000.00,3.904861,98.3046875
08:00:31,91282CLM1,TSRYS5893517,D,S,T,2024-10-08,1000000.00,3.904861,98.3046875
08:00:31,91282CLM1,TSRYS5893517,D,S,T,2024-10-08,1000000.00,3.900953,98.328125
08:00:31,91282CLM1,TSRYS5893517,D,S,T,2024-10-08,1000000.00,3.895743,98.359375
08:00:31,91282CLM1,TSRYS5893517,D,S,T,2024-10-08,1000000.00,3.895743,98.359375
08:00:31,91282CLM1,TSRYS5893517,D,S,T,2024-10-08,1000000.00,3.894441,98.3671875
08:00:31,91282CLM1,TSRYS5893517,D,S,T,2024-10-08,1000000.00,3.893139,98.375
08:00:31,91282CLM1,TSRYS5893517,D,S,T,2024-10-08,1000000.00,3.893139,98.375
08:00:31,91282CLM1,TSRYS5893517,D,S,T,2024-10-08,1000000.00,3.894441,98.3671875
08:00:31,91282CLM1,TSRYS5893517,D,S,T,2024-10-08,1000000.00,3.895092,98.36328125
08:00:31,91282CLM1,TSRYS5893517,D,S,T,2024-10-08,1000000.00,3.894766,98.365234375
08:00:31,91282CLM1,TSRYS5893517,D,S,T,2024-10-08,1000000.00,3.893139,98.375
08:00:31,91282CLM1,TSRYS5893517,D,S,T,2024-10-08,1000000.00,3.891837,98.3828125
08:00:31,91282CLM1,TSRYS5893517,D,S,T,2024-10-08,1000000.00,3.894441,98.3671875
08:00:31,91282CLM1,TSRYS5893517,D,S,T,2024-10-08,1000000.00,3.899324,98.337890625
08:00:31,91282CLM1,TSRYS5893517,D,S,T,2024-10-08,1000000.00,3.900627,98.330078125
08:00:31,91282CLM1,TSRYS5893517,D,S,T,2024-10-08,1000000.00,3.901604,98.32421875
08:00:31,91282CLM1,TSRYS5893517,D,S,T,2024-10-08,1000000.00,3.901278,98.326171875
08:00:31,91282CLM1,TSRYS5893517,D,S,T,2024-10-08,1000000.00,3.900953,98.328125
08:00:31,91282CLM1,TSRYS5893517,D,S,T,2024-10-08,1000000.00,3.901604,98.32421875
08:00:31,91282CLM1,TSRYS5893517,D,S,T,2024-10-08,1000000.00,3.905513,98.30078125
08:00:31,91282CLM1,TSRYS5893517,D,S,T,2024-10-08,1000000.00,3.905513,98.30078125
08:00:31,91282CLM1,TSRYS5893517,D,S,T,2024-10-08,1000000.00,3.907468,98.2890625
08:00:31,91282CLM1,TSRYS5893517,D,S,T,2024-10-08,1000000.00,3.900953,98.328125
08:00:31,91282CLM1,TSRYS5893517,D,S,T,2024-10-08,1000000.00,3.900953,98.328125
08:00:31,91282CLM1,TSRYS5893517,D,S,T,2024-10-08,1000000.00,3.902256,98.3203125
08:00:31,91282CLM1,TSRYS5893517,D,S,T,2024-10-08,1000000.00,3.903558,98.3125
08:00:31,91282CLM1,TSRYS5893517,D,S,T,2024-10-08,1000000.00,3.903558,98.3125
08:00:31,91282CLM1,TSRYS5893517,D,S,T,2024-10-08,1000000.00,3.903558,98.3125
08:00:31,91282CLM1,TSRYS5893517,D,S,T,2024-10-08,1000000.00,3.903558,98.3125
08:00:31,91282CLM1,TSRYS5893517,D,S,T,2024-10-08,1000000.00,3.903558,98.3125
08:00:31,91282CLM1,TSRYS5893517,D,S,T,2024-10-08,1000000.00,3.903558,98.3125
08:00:31,91282CLM1,TSRYS5893517,D,S,T,2024-10-08,1000000.00,3.903558,98.3125
08:00:31,91282CLM1,TSRYS5893517,D,S,T,2024-10-08,1000000.00,3.90421,98.30859375
08:00:31,91282CLM1,TSRYS5893517,D,S,T,2024-10-08,1000000.00,3.904861,98.3046875
08:00:31,91282CLM1,TSRYS5893517,D,S,T,2024-10-08,1000000.00,3.906165,98.296875
08:00:31,91282CLM1,TSRYS5893517,D,S,T,2024-10-08,2000000.00,3.906165,98.296875
08:00:31,91282CLM1,TSRYS5893517,D,S,T,2024-10-08,1000000.00,3.906165,98.296875
08:00:31,91282CLM1,TSRYS5893517,D,S,T,2024-10-08,1000000.00,3.906165,98.296875
08:00:31,91282CLM1,TSRYS5893517,D,S,T,2024-10-08,1000000.00,3.906165,98.296875
08:00:31,91282CLM1,TSRYS5893517,D,S,T,2024-10-08,1000000.00,3.906165,98.296875
08:00:31,91282CLM1,TSRYS5893517,D,S,T,2024-10-08,1000000.00,3.906165,98.296875
08:00:31,91282CLM1,TSRYS5893517,D,S,T,2024-10-08,5000000.00,3.906165,98.296875
08:00:31,91282CLM1,TSRYS5893517,D,S,T,2024-10-08,1000000.00,3.906165,98.296875
08:00:31,91282CLM1,TSRYS5893517,D,S,T,2024-10-08,1000000.00,3.906165,98.296875
08:00:31,91282CLM1,TSRYS5893517,D,S,T,2024-10-08,1000000.00,3.911378,98.265625
08:00:31,91282CLM1,TSRYS5893517,D,S,T,2024-10-08,1000000.00,3.911378,98.265625
08:00:31,91282CLM1,TSRYS5893517,D,S,T,2024-10-08,1000000.00,3.913986,98.25
08:00:31,91282CLM1,TSRYS5893517,D,S,T,2024-10-08,1000000.00,3.91366,98.251953125
08:00:31,91282CLM1,TSRYS5893517,D,S,T,2024-10-08,1000000.00,3.912682,98.2578125
08:00:31,91282CLM1,TSRYS5893517,D,S,T,2024-10-08,1000000.00,3.912682,98.2578125
08:00:31,91282CLM1,TSRYS5893517,D,S,T,2024-10-08,1000000.00,3.913986,98.25
08:00:31,91282CLM1,TSRYS5893517,D,S,T,2024-10-08,1000000.00,3.913986,98.25
08:00:31,91282CLM1,TSRYS5893517,D,S,T,2024-10-08,1000000.00,3.916594,98.234375
08:00:31,91282CLM1,TSRYS5893517,D,S,T,2024-10-08,1000000.00,3.916594,98.234375
08:00:31,91282CLM1,TSRYS5893517,D,S,T,2024-10-08,1000000.00,3.916268,98.236328125
08:00:31,91282CLM1,TSRYS5893517,D,S,T,2024-10-08,1000000.00,3.914964,98.244140625
08:00:31,91282CLM1,TSRYS5893517,D,S,T,2024-10-08,1000000.00,3.913986,98.25
08:00:31,91282CLM1,TSRYS5893517,D,S,T,2024-10-08,1000000.00,3.911378,98.265625
08:00:31,91282CLM1,TSRYS5893517,D,S,T,2024-10-08,1000000.00,3.911378,98.265625
08:00:31,91282CLM1,TSRYS5893517,D,S,T,2024-10-08,1000000.00,3.914312,98.248046875
08:00:31,91282CLM1,TSRYS5893517,D,S,T,2024-10-08,1000000.00,3.91692,98.232421875
08:00:31,91282CLM1,TSRYS5893517,D,S,T,2024-10-08,1000000.00,3.917898,98.2265625
08:00:31,91282CLM1,TSRYS5893517,D,S,T,2024-10-08,1000000.00,3.919203,98.21875
08:00:31,91282CLM1,TSRYS5893517,D,S,T,2024-10-08,1000000.00,3.91855,98.22265625
08:00:31,91282CLM1,TSRYS5893517,D,S,T,2024-10-08,1000000.00,3.921812,98.203125
08:00:31,91282CLM1,TSRYS5893517,D,S,T,2024-10-08,1000000.00,3.924421,98.1875
08:00:31,91282CLM1,TSRYS5893517,D,S,T,2024-10-08,1000000.00,3.9254,98.181640625
08:00:31,91282CLM1,TSRYS5893517,D,S,T,2024-10-08,1000000.00,3.926052,98.177734375
08:00:31,91282CLM1,TSRYS5893517,D,S,T,2024-10-08,1000000.00,3.921812,98.203125
08:00:31,91282CLM1,TSRYS5893517,D,S,T,2024-10-08,1000000.00,3.924421,98.1875
08:00:31,91282CLM1,TSRYS5893517,D,S,T,2024-10-08,1000000.00,3.923116,98.1953125
08:00:31,91282CLM1,TSRYS5893517,D,S,T,2024-10-08,1000000.00,3.923116,98.1953125
08:00:31,91282CLM1,TSRYS5893517,D,S,T,2024-10-08,1000000.00,3.921812,98.203125
08:00:31,91282CLM1,TSRYS5893517,D,S,T,2024-10-08,1000000.00,3.927031,98.171875
08:00:31,91282CLM1,TSRYS5893517,D,S,T,2024-10-08,1000000.00,3.928336,98.1640625
08:00:31,91282CLM1,TSRYS5893517,D,S,T,2024-10-08,1000000.00,3.924421,98.1875
08:00:32,91282CLM1,TSRYS5893517,D,S,T,2024-10-08,1000000.00,3.923116,98.1953125
08:00:32,91282CLM1,TSRYS5893517,D,S,T,2024-10-08,1000000.00,3.922138,98.201171875
08:00:32,91282CLM1,TSRYS5893517,D,S,T,2024-10-08,1000000.00,3.923116,98.1953125
08:00:32,91282CLM1,TSRYS5893517,D,S,T,2024-10-08,1000000.00,3.923116,98.1953125
08:00:32,91282CLM1,TSRYS5893517,D,S,T,2024-10-08,1000000.00,3.923116,98.1953125
08:00:32,91282CLM1,TSRYS5893517,D,S,T,2024-10-08,1000000.00,3.919855,98.21484375
08:00:32,91282CLM1,TSRYS5893517,D,S,T,2024-10-08,1000000.00,3.921812,98.203125
08:00:32,91282CLM1,TSRYS5893517,D,S,T,2024-10-08,3000000.00,3.921812,98.203125
08:00:32,91282CLM1,TSRYS5893517,D,S,T,2024-10-08,2000000.00,3.921812,98.203125
08:00:32,91282CLM1,TSRYS5893517,D,S,T,2024-10-08,1000000.00,3.921812,98.203125
08:00:32,91282CLM1,TSRYS5893517,D,S,T,2024-10-08,1000000.00,3.921812,98.203125
08:00:32,91282CLM1,TSRYS5893517,D,S,D,2024-10-08,1000000.00,3.911378,98.265625
08:00:32,91282CLM1,TSRYS5893517,D,S,D,2024-10-08,1000000.00,3.908771,98.28125
08:00:32,91282CLM1,TSRYS5893517,D,S,D,2024-10-08,1000000.00,3.908771,98.28125
08:00:32,91282CLM1,TSRYS5893517,D,S,D,2024-10-08,1000000.00,3.906816,98.29296875
08:00:32,91282CLM1,TSRYS5893517,D,S,D,2024-10-08,1000000.00,3.907142,98.291015625
08:00:32,91282CLM1,TSRYS5893517,D,S,D,2024-10-08,1000000.00,3.906165,98.296875
08:00:32,91282CLM1,TSRYS5893517,D,S,D,2024-10-08,1000000.00,3.903558,98.3125
08:00:32,91282CLM1,TSRYS5893517,D,S,D,2024-10-08,1000000.00,3.906165,98.296875
08:00:32,91282CLM1,TSRYS5893517,D,S,D,2024-10-08,1000000.00,3.903558,98.3125
08:00:32,91282CLM1,TSRYS5893517,D,S,D,2024-10-08,1000000.00,3.895417,98.361328125
08:00:32,91282CLM1,TSRYS5893517,D,S,D,2024-10-08,1000000.00,3.895417,98.361328125
08:00:32,91282CLM1,TSRYS5893517,D,S,D,2024-10-08,1000000.00,3.902256,98.3203125
08:00:32,91282CLM1,TSRYS5893517,D,S,D,2024-10-08,1000000.00,3.900953,98.328125
08:00:32,91282CLM1,TSRYS5893517,D,S,D,2024-10-08,1000000.00,3.898022,98.345703125
08:00:32,91282CLM1,TSRYS5893517,D,S,D,2024-10-08,1000000.00,3.895417,98.361328125
08:00:32,91282CLM1,TSRYS5893517,D,S,D,2024-10-08,1000000.00,3.902256,98.3203125
08:00:32,91282CLM1,TSRYS5893517,D,S,D,2024-10-08,1000000.00,3.90193,98.322265625
08:00:32,91282CLM1,TSRYS5893517,D,S,D,2024-10-08,1000000.00,3.902256,98.3203125
08:00:32,91282CLM1,TSRYS5893517,D,S,D,2024-10-08,1000000.00,3.902256,98.3203125
08:00:32,91282CLM1,TSRYS5893517,D,S,D,2024-10-08,1000000.00,3.906165,98.296875
08:00:32,91282CLM1,TSRYS5893517,D,S,D,2024-10-08,1000000.00,3.909749,98.275390625
08:00:32,91282CLM1,TSRYS5893517,D,S,D,2024-10-08,1000000.00,3.912682,98.2578125
08:00:32,91282CLM1,TSRYS5893517,D,S,D,2024-10-08,1000000.00,3.911704,98.263671875
08:00:32,91282CLM1,TSRYS5893517,D,S,D,2024-10-08,1000000.00,3.912682,98.2578125
08:00:32,91282CLM1,TSRYS5893517,D,S,D,2024-10-08,1000000.00,3.917572,98.228515625
08:00:32,91282CLM1,TSRYS5893517,D,S,D,2024-10-08,1000000.00,3.918876,98.220703125
08:00:32,91282CLM1,TSRYS5893517,D,S,D,2024-10-08,1000000.00,3.92279,98.197265625
08:00:32,91282CLM1,TSRYS5893517,D,S,D,2024-10-08,1000000.00,3.922464,98.19921875
08:00:32,91282CLM1,TSRYS5893517,D,S,D,2024-10-08,1000000.00,3.92279,98.197265625
08:00:32,91282CLM1,TSRYS5893517,D,S,D,2024-10-08,1000000.00,3.923442,98.193359375
08:00:32,91282CLM1,TSRYS5893517,D,S,D,2024-10-08,1000000.00,3.920181,98.212890625
08:00:32,91282CLM1,TSRYS5893517,D,S,D,2024-10-08,1000000.00,3.920181,98.212890625
08:00:32,91282CLM1,TSRYS5893517,D,S,D,2024-10-08,1000000.00,3.920181,98.212890625
08:00:32,91282CLM1,TSRYS5893517,D,S,D,2024-10-08,1000000.00,3.919855,98.21484375
08:00:32,91282CLM1,TSRYS5893517,D,S,D,2024-10-08,1000000.00,3.919529,98.216796875
08:00:32,91282CLM1,TSRYS5893517,D,S,D,2024-10-08,1000000.00,3.924421,98.1875
08:00:32,91282CLM1,TSRYS5893517,D,S,D,2024-10-08,1000000.00,3.924095,98.189453125
08:00:32,91282CLM1,TSRYS5893517,D,S,D,2024-10-08,1000000.00,3.903558,98.3125
08:00:32,91282CLM1,TSRYS5893517,D,S,D,2024-10-08,1000000.00,3.903558,98.3125
08:00:32,91282CLM1,TSRYS5893517,D,S,D,2024-10-08,1000000.00,3.903558,98.3125
08:00:32,91282CLM1,TSRYS5893517,D,S,D,2024-10-08,1000000.00,3.903558,98.3125
08:00:32,91282CLM1,TSRYS5893517,D,S,D,2024-10-08,1000000.00,3.903558,98.3125
08:00:32,91282CLM1,TSRYS5893517,D,S,D,2024-10-08,1000000.00,3.903558,98.3125
08:00:32,91282CLM1,TSRYS5893517,D,S,D,2024-10-08,1000000.00,3.903558,98.3125
08:00:32,91282CLM1,TSRYS5893517,D,S,D,2024-10-08,1000000.00,3.903558,98.3125
08:00:32,91282CLM1,TSRYS5893517,D,S,D,2024-10-08,1000000.00,3.903558,98.3125
08:00:32,91282CLM1,TSRYS5893517,D,S,D,2024-10-08,4000000.00,3.899976,98.333984375
08:00:32,91282CLM1,TSRYS5893517,D,S,D,2024-10-08,1000000.00,3.899976,98.333984375
08:00:32,91282CLM1,TSRYS5893517,D,S,D,2024-10-08,1000000.00,3.899976,98.333984375
08:00:32,91282CLM1,TSRYS5893517,D,S,D,2024-10-08,1000000.00,3.899976,98.333984375
08:00:32,91282CLM1,TSRYS5893517,D,S,T,2024-10-08,1000000.00,3.917572,98.228515625
08:00:32,91282CLM1,TSRYS5893517,D,S,T,2024-10-08,1000000.00,3.917246,98.23046875
08:00:32,91282CLM1,TSRYS5893517,D,S,T,2024-10-08,1000000.00,3.91692,98.232421875
08:00:32,91282CLM1,TSRYS5893517,D,S,T,2024-10-08,1000000.00,3.916268,98.236328125
08:00:32,91282CLM1,TSRYS5893517,D,S,T,2024-10-08,1000000.00,3.915942,98.23828125
08:00:32,91282CLM1,TSRYS5893517,D,S,T,2024-10-08,1000000.00,3.916268,98.236328125
08:00:32,91282CLM1,TSRYS5893517,D,S,T,2024-10-08,1000000.00,3.921159,98.20703125
08:00:32,91282CLM1,TSRYS5893517,D,S,T,2024-10-08,1000000.00,3.919203,98.21875
08:00:32,91282CLM1,TSRYS5893517,D,S,T,2024-10-08,1000000.00,3.916268,98.236328125
08:00:32,91282CLM1,TSRYS5893517,D,S,T,2024-10-08,1000000.00,3.91366,98.251953125
08:00:32,91282CLM1,TSRYS5893517,D,S,T,2024-10-08,1000000.00,3.913986,98.25
08:00:32,91282CLM1,TSRYS5893517,D,S,T,2024-10-08,1000000.00,3.907142,98.291015625
08:00:32,91282CLM1,TSRYS5893517,D,S,T,2024-10-08,1000000.00,3.909097,98.279296875
08:00:32,91282CLM1,TSRYS5893517,D,S,T,2024-10-08,1000000.00,3.907142,98.291015625
08:00:32,91282CLM1,TSRYS5893517,D,S,T,2024-10-08,1000000.00,3.907142,98.291015625
08:00:32,91282CLM1,TSRYS5893517,D,S,T,2024-10-08,1000000.00,3.903558,98.3125
08:00:32,91282CLM1,TSRYS5893517,D,S,T,2024-10-08,1000000.00,3.903558,98.3125
08:00:32,91282CLM1,TSRYS5893517,D,S,T,2024-10-08,1000000.00,3.90421,98.30859375
08:00:32,91282CLM1,TSRYS5893517,D,S,D,2024-10-08,1000000.00,3.903558,98.3125
08:00:32,91282CLM1,TSRYS5893517,D,S,D,2024-10-08,1000000.00,3.903558,98.3125
08:00:32,91282CLM1,TSRYS5893517,D,S,T,2024-10-08,1000000.00,3.903558,98.3125
08:00:32,91282CLM1,TSRYS5893517,D,S,T,2024-10-08,1000000.00,3.903558,98.3125
08:00:32,91282CLM1,TSRYS5893517,D,S,T,2024-10-08,1000000.00,3.905839,98.298828125
08:00:32,91282CLM1,TSRYS5893517,D,S,T,2024-10-08,1000000.00,3.90649,98.294921875
08:00:32,91282CLM1,TSRYS5893517,D,S,T,2024-10-08,1000000.00,3.903233,98.314453125
08:00:32,91282CLM1,TSRYS5893517,D,S,T,2024-10-08,1000000.00,3.903558,98.3125
08:00:32,91282CLM1,TSRYS5893517,D,S,T,2024-10-08,1000000.00,3.903558,98.3125
08:00:32,91282CLM1,TSRYS5893517,D,S,T,2024-10-08,1000000.00,3.894766,98.365234375
08:00:32,91282CLM1,TSRYS5893517,D,S,T,2024-10-08,1000000.00,3.894766,98.365234375
08:00:32,91282CLM1,TSRYS5893517,D,S,T,2024-10-08,1000000.00,3.891837,98.3828125
08:00:32,91282CLM1,TSRYS5893517,D,S,T,2024-10-08,1000000.00,3.894441,98.3671875
08:00:32,91282CLM1,TSRYS5893517,D,S,D,2024-10-08,1000000.00,3.893139,98.375
08:00:32,91282CLM1,TSRYS5893517,D,S,T,2024-10-08,1000000.00,3.895417,98.361328125
08:00:32,91282CLM1,TSRYS5893517,D,S,T,2024-10-08,1000000.00,3.895417,98.361328125
08:00:32,91282CLM1,TSRYS5893517,D,S,T,2024-10-08,1000000.00,3.894115,98.369140625
08:00:32,91282CLM1,TSRYS5893517,D,S,T,2024-10-08,1000000.00,3.894115,98.369140625
08:00:32,91282CLM1,TSRYS5893517,D,S,T,2024-10-08,1000000.00,3.892162,98.380859375
08:00:32,91282CLM1,TSRYS5893517,D,S,T,2024-10-08,1000000.00,3.892162,98.380859375
08:00:32,91282CLM1,TSRYS5893517,D,S,T,2024-10-08,1000000.00,3.898999,98.33984375
08:00:32,91282CLM1,TSRYS5893517,D,S,T,2024-10-08,1000000.00,3.900627,98.330078125
08:00:32,91282CLM1,TSRYS5893517,D,S,T,2024-10-08,1000000.00,3.901278,98.326171875
08:00:32,91282CLM1,TSRYS5893517,D,S,T,2024-10-08,1000000.00,3.901604,98.32421875
08:00:33,91282CLM1,TSRYS5893517,D,S,T,2024-10-08,1000000.00,3.908445,98.283203125
08:00:33,91282CLM1,TSRYS5893517,D,S,T,2024-10-08,1000000.00,3.909749,98.275390625
08:00:33,91282CLM1,TSRYS5893517,D,S,T,2024-10-08,1000000.00,3.91366,98.251953125
08:00:33,91282CLM1,TSRYS5893517,D,S,T,2024-10-08,1000000.00,3.91366,98.251953125
08:00:33,91282CLM1,TSRYS5893517,D,S,T,2024-10-08,1000000.00,3.913008,98.255859375
08:00:33,91282CLM1,TSRYS5893517,D,S,T,2024-10-08,1000000.00,3.916594,98.234375
08:00:33,91282CLM1,TSRYS5893517,D,S,T,2024-10-08,1000000.00,3.915942,98.23828125
08:00:33,91282CLM1,TSRYS5893517,D,S,T,2024-10-08,1000000.00,3.915942,98.23828125
08:00:33,91282CLM1,TSRYS5893517,D,S,T,2024-10-08,1000000.00,3.914964,98.244140625
08:00:33,91282CLM1,TSRYS5893517,D,S,T,2024-10-08,1000000.00,3.912356,98.259765625
08:00:33,91282CLM1,TSRYS5893517,D,S,T,2024-10-08,1000000.00,3.91203,98.26171875
08:00:33,91282CLM1,TSRYS5893517,D,S,T,2024-10-08,1000000.00,3.91203,98.26171875
08:00:33,91282CLM1,TSRYS5893517,D,S,T,2024-10-08,1000000.00,3.914312,98.248046875
08:00:33,91282CLM1,TSRYS5893517,D,S,T,2024-10-08,1000000.00,3.914312,98.248046875
08:00:33,91282CLM1,TSRYS5893517,D,S,T,2024-10-08,1000000.00,3.916268,98.236328125
08:00:33,91282CLM1,TSRYS5893517,D,S,T,2024-10-08,1000000.00,3.924095,98.189453125
08:00:33,91282CLM1,TSRYS5893517,D,S,T,2024-10-08,1000000.00,3.925726,98.1796875
08:00:33,91282CLM1,TSRYS5893517,D,S,T,2024-10-08,1000000.00,3.921812,98.203125
08:00:33,91282CLM1,TSRYS5893517,D,S,T,2024-10-08,1000000.00,3.92279,98.197265625
08:00:33,91282CLM1,TSRYS5893517,D,S,T,2024-10-08,1000000.00,3.92279,98.197265625
08:00:33,91282CLM1,TSRYS5893517,D,S,T,2024-10-08,1000000.00,3.920181,98.212890625
08:00:33,91282CLM1,TSRYS5893517,D,S,T,2024-10-08,1000000.00,3.919855,98.21484375
08:00:33,91282CLM1,TSRYS5893517,D,S,T,2024-10-08,1000000.00,3.919855,98.21484375
08:00:33,91282CLM1,TSRYS5893517,D,S,T,2024-10-08,1000000.00,3.924421,98.1875
08:00:33,91282CLM1,TSRYS5893517,D,S,T,2024-10-08,1000000.00,3.924421,98.1875
08:00:33,91282CLM1,TSRYS5893517,D,S,T,2024-10-08,1000000.00,3.924095,98.189453125
08:00:33,91282CLM1,TSRYS5893517,D,S,T,2024-10-08,1000000.00,3.924095,98.189453125
08:00:33,91282CLM1,TSRYS5893517,D,S,D,2024-10-08,1000000.00,3.900953,98.328125
08:00:33,91282CLM1,TSRYS5893517,D,S,D,2024-10-08,1000000.00,3.902256,98.3203125
08:00:40,91282CLM1,TSRYS5893517,D,S,D,2024-10-08,1000000.00,3.905513,98.30078125
08:00:40,91282CLM1,TSRYS5893517,D,S,D,2024-10-08,1000000.00,3.905839,98.298828125
08:00:40,91282CLM1,TSRYS5893517,D,S,D,2024-10-08,1000000.00,3.91366,98.251953125
08:00:40,91282CLM1,TSRYS5893517,D,S,D,2024-10-08,1000000.00,3.908771,98.28125
08:00:41,91282CLM1,TSRYS5893517,D,S,D,2024-10-08,1000000.00,3.90812,98.28515625
08:00:41,91282CLM1,TSRYS5893517,D,S,D,2024-10-08,2970000.00,3.897696,98.34765625
08:00:42,91282CLM1,TSRYS5893517,D,S,D,2024-10-08,1000000.00,3.914312,98.248046875
08:00:42,91282CLM1,TSRYS5893517,D,S,D,2024-10-08,2000000.00,3.914312,98.248046875
08:00:42,91282CLM1,TSRYS5893517,D,S,T,2024-10-08,1000000.00,3.917246,98.23046875
08:00:42,91282CLM1,TSRYS5893517,D,S,T,2024-10-08,1000000.00,3.917246,98.23046875
08:00:42,91282CLM1,TSRYS5893517,D,S,T,2024-10-08,1000000.00,3.917246,98.23046875
08:00:42,91282CLM1,TSRYS5893517,D,S,T,2024-10-08,1000000.00,3.917246,98.23046875
08:00:42,91282CLM1,TSRYS5893517,D,S,T,2024-10-08,1000000.00,3.919855,98.21484375
08:00:42,91282CLM1,TSRYS5893517,D,S,T,2024-10-08,1000000.00,3.919203,98.21875
08:00:42,91282CLM1,TSRYS5893517,D,S,T,2024-10-08,1000000.00,3.921812,98.203125
08:00:42,91282CLM1,TSRYS5893517,D,S,T,2024-10-08,1000000.00,3.921812,98.203125
08:00:42,91282CLM1,TSRYS5893517,D,S,T,2024-10-08,1000000.00,3.921812,98.203125
08:00:42,91282CLM1,TSRYS5893517,D,S,T,2024-10-08,1000000.00,3.919855,98.21484375
08:00:42,91282CLM1,TSRYS5893517,D,S,T,2024-10-08,1000000.00,3.919203,98.21875
08:00:42,91282CLM1,TSRYS5893517,D,S,T,2024-10-08,1000000.00,3.921159,98.20703125
08:00:42,91282CLM1,TSRYS5893517,D,S,T,2024-10-08,4000000.00,3.921812,98.203125
08:00:42,91282CLM1,TSRYS5893517,D,S,T,2024-10-08,1000000.00,3.919855,98.21484375
08:00:42,91282CLM1,TSRYS5893517,D,S,T,2024-10-08,1000000.00,3.919855,98.21484375
08:00:42,91282CLM1,TSRYS5893517,D,S,T,2024-10-08,1000000.00,3.919855,98.21484375
08:00:42,91282CLM1,TSRYS5893517,D,S,T,2024-10-08,1000000.00,3.919855,98.21484375
08:00:42,91282CLM1,TSRYS5893517,D,S,T,2024-10-08,1000000.00,3.919203,98.21875
08:00:42,91282CLM1,TSRYS5893517,D,S,T,2024-10-08,1000000.00,3.919203,98.21875
08:00:42,91282CLM1,TSRYS5893517,D,S,T,2024-10-08,1000000.00,3.917246,98.23046875
08:00:42,91282CLM1,TSRYS5893517,D,S,T,2024-10-08,2000000.00,3.914638,98.24609375
08:00:42,91282CLM1,TSRYS5893517,D,S,T,2024-10-08,1000000.00,3.917246,98.23046875
08:00:42,91282CLM1,TSRYS5893517,D,S,T,2024-10-08,1000000.00,3.917246,98.23046875
08:00:42,91282CLM1,TSRYS5893517,D,S,T,2024-10-08,1000000.00,3.914638,98.24609375
08:00:42,91282CLM1,TSRYS5893517,D,S,T,2024-10-08,2000000.00,3.914638,98.24609375
08:00:42,91282CLM1,TSRYS5893517,D,S,T,2024-10-08,1000000.00,3.912682,98.2578125
08:00:42,91282CLM1,TSRYS5893517,D,S,T,2024-10-08,1000000.00,3.912682,98.2578125
08:00:42,91282CLM1,TSRYS5893517,D,S,T,2024-10-08,1000000.00,3.912682,98.2578125
08:00:42,91282CLM1,TSRYS5893517,D,S,T,2024-10-08,1000000.00,3.91203,98.26171875
08:00:42,91282CLM1,TSRYS5893517,D,S,D,2024-10-08,1000000.00,3.911378,98.265625
08:00:42,91282CLM1,TSRYS5893517,D,S,T,2024-10-08,1000000.00,3.910075,98.2734375
08:00:42,91282CLM1,TSRYS5893517,D,S,T,2024-10-08,1000000.00,3.910075,98.2734375
08:00:42,91282CLM1,TSRYS5893517,D,S,T,2024-10-08,1000000.00,3.911704,98.263671875
08:00:42,91282CLM1,TSRYS5893517,D,S,T,2024-10-08,1000000.00,3.911704,98.263671875
08:00:42,91282CLM1,TSRYS5893517,D,S,T,2024-10-08,1000000.00,3.911378,98.265625
08:00:42,91282CLM1,TSRYS5893517,D,S,T,2024-10-08,1000000.00,3.911378,98.265625
08:00:42,91282CLM1,TSRYS5893517,D,S,T,2024-10-08,1000000.00,3.912682,98.2578125
08:00:42,91282CLM1,TSRYS5893517,D,S,D,2024-10-08,1000000.00,3.911704,98.263671875
08:00:42,91282CLM1,TSRYS5893517,D,S,T,2024-10-08,1000000.00,3.90812,98.28515625
08:00:42,91282CLM1,TSRYS5893517,D,S,T,2024-10-08,1000000.00,3.90812,98.28515625
08:00:42,91282CLM1,TSRYS5893517,D,S,T,2024-10-08,1000000.00,3.90812,98.28515625
08:00:42,91282CLM1,TSRYS5893517,D,S,T,2024-10-08,1000000.00,3.907468,98.2890625
08:00:42,91282CLM1,TSRYS5893517,D,S,T,2024-10-08,2000000.00,3.90812,98.28515625
08:00:42,91282CLM1,TSRYS5893517,D,S,T,2024-10-08,1000000.00,3.90812,98.28515625
08:00:42,91282CLM1,TSRYS5893517,D,S,T,2024-10-08,1000000.00,3.907468,98.2890625
08:00:42,91282CLM1,TSRYS5893517,D,S,T,2024-10-08,1000000.00,3.90812,98.28515625
08:00:42,91282CLM1,TSRYS5893517,D,S,T,2024-10-08,1000000.00,3.90812,98.28515625
08:00:42,91282CLM1,TSRYS5893517,D,S,T,2024-10-08,2000000.00,3.90812,98.28515625
08:00:42,91282CLM1,TSRYS5893517,D,S,T,2024-10-08,1000000.00,3.90812,98.28515625
08:00:42,91282CLM1,TSRYS5893517,D,S,T,2024-10-08,1000000.00,3.90812,98.28515625
08:00:42,91282CLM1,TSRYS5893517,D,S,T,2024-10-08,1000000.00,3.90812,98.28515625
08:00:42,91282CLM1,TSRYS5893517,D,S,T,2024-10-08,1000000.00,3.90812,98.28515625
08:00:42,91282CLM1,TSRYS5893517,D,S,T,2024-10-08,1000000.00,3.90812,98.28515625
08:00:42,91282CLM1,TSRYS5893517,D,S,T,2024-10-08,1000000.00,3.90812,98.28515625
08:00:42,91282CLM1,TSRYS5893517,D,S,T,2024-10-08,1000000.00,3.907468,98.2890625
08:00:42,91282CLM1,TSRYS5893517,D,S,T,2024-10-08,1000000.00,3.90812,98.28515625
08:00:42,91282CLM1,TSRYS5893517,D,S,T,2024-10-08,1000000.00,3.910075,98.2734375
08:00:42,91282CLM1,TSRYS5893517,D,S,T,2024-10-08,1000000.00,3.910075,98.2734375
08:00:42,91282CLM1,TSRYS5893517,D,S,T,2024-10-08,2000000.00,3.910075,98.2734375
08:00:42,91282CLM1,TSRYS5893517,D,S,T,2024-10-08,1000000.00,3.90812,98.28515625
08:00:42,91282CLM1,TSRYS5893517,D,S,T,2024-10-08,1000000.00,3.90812,98.28515625
08:00:42,91282CLM1,TSRYS5893517,D,S,T,2024-10-08,1000000.00,3.90812,98.28515625
08:00:42,91282CLM1,TSRYS5893517,D,S,T,2024-10-08,1000000.00,3.903558,98.3125
08:00:42,91282CLM1,TSRYS5893517,D,S,T,2024-10-08,1000000.00,3.903558,98.3125
08:00:42,91282CLM1,TSRYS5893517,D,S,T,2024-10-08,1000000.00,3.903558,98.3125
08:00:42,91282CLM1,TSRYS5893517,D,S,T,2024-10-08,1000000.00,3.903558,98.3125
08:00:42,91282CLM1,TSRYS5893517,D,S,T,2024-10-08,1000000.00,3.903558,98.3125
08:00:42,91282CLM1,TSRYS5893517,D,S,T,2024-10-08,1000000.00,3.903558,98.3125
08:00:42,91282CLM1,TSRYS5893517,D,S,T,2024-10-08,2000000.00,3.905513,98.30078125
08:00:42,91282CLM1,TSRYS5893517,D,S,T,2024-10-08,1000000.00,3.905513,98.30078125
08:00:42,91282CLM1,TSRYS5893517,D,S,T,2024-10-08,1000000.00,3.905513,98.30078125
08:00:42,91282CLM1,TSRYS5893517,D,S,T,2024-10-08,1000000.00,3.903558,98.3125
08:00:42,91282CLM1,TSRYS5893517,D,S,D,2024-10-08,1000000.00,3.903558,98.3125
08:00:42,91282CLM1,TSRYS5893517,D,S,T,2024-10-08,1000000.00,3.904861,98.3046875
08:00:42,91282CLM1,TSRYS5893517,D,S,T,2024-10-08,1000000.00,3.904861,98.3046875
08:00:42,91282CLM1,TSRYS5893517,D,S,T,2024-10-08,2000000.00,3.904861,98.3046875
08:00:42,91282CLM1,TSRYS5893517,D,S,T,2024-10-08,1000000.00,3.904861,98.3046875
08:00:42,91282CLM1,TSRYS5893517,D,S,T,2024-10-08,1000000.00,3.904861,98.3046875
08:00:42,91282CLM1,TSRYS5893517,D,S,T,2024-10-08,1000000.00,3.904861,98.3046875
08:00:42,91282CLM1,TSRYS5893517,D,S,T,2024-10-08,1000000.00,3.902256,98.3203125
08:00:42,91282CLM1,TSRYS5893517,D,S,T,2024-10-08,1000000.00,3.900301,98.33203125
08:00:42,91282CLM1,TSRYS5893517,D,S,T,2024-10-08,1000000.00,3.900301,98.33203125
08:00:42,91282CLM1,TSRYS5893517,D,S,T,2024-10-08,1000000.00,3.897696,98.34765625
08:00:42,91282CLM1,TSRYS5893517,D,S,T,2024-10-08,1000000.00,3.897696,98.34765625
08:00:42,91282CLM1,TSRYS5893517,D,S,D,2024-10-08,1000000.00,3.898348,98.34375
08:00:42,91282CLM1,TSRYS5893517,D,S,T,2024-10-08,1000000.00,3.893139,98.375
08:00:42,91282CLM1,TSRYS5893517,D,S,T,2024-10-08,1000000.00,3.893139,98.375
08:00:42,91282CLM1,TSRYS5893517,D,B,C,2024-10-08,1000000.00,3.89417,98.3688125
08:00:42,91282CLM1,TSRYS5893517,D,S,D,2024-10-08,1000000.00,3.894441,98.3671875
08:00:43,91282CLM1,TSRYS5893517,D,S,D,2024-10-08,1000000.00,3.895743,98.359375
08:00:43,91282CLM1,TSRYS5893517,D,S,D,2024-10-08,1000000.00,3.911378,98.265625
08:00:43,91282CLM1,TSRYS5893517,D,S,D,2024-10-08,1000000.00,3.911378,98.265625
08:00:43,91282CLM1,TSRYS5893517,D,S,D,2024-10-08,1000000.00,3.913008,98.255859375
08:00:43,91282CLM1,TSRYS5893517,D,S,D,2024-10-08,1000000.00,3.893139,98.375
08:00:43,91282CLM1,TSRYS5893517,D,S,D,2024-10-08,1000000.00,3.902256,98.3203125
08:00:43,91282CLM1,TSRYS5893517,D,S,A,2024-10-08,1000000.00,3.898999,98.33984375
08:00:43,91282CLM1,TSRYS5893517,D,S,A,2024-10-08,1000000.00,3.898999,98.33984375
08:00:43,91282CLM1,TSRYS5893517,D,S,A,2024-10-08,1000000.00,3.89965,98.3359375
08:00:43,91282CLM1,TSRYS5893517,D,S,T,2024-10-08,1000000.00,3.903558,98.3125
08:00:43,91282CLM1,TSRYS5893517,D,S,T,2024-10-08,5000000.00,3.903558,98.3125
08:00:43,91282CLM1,TSRYS5893517,D,S,T,2024-10-08,5000000.00,3.903884,98.310546875
08:00:43,91282CLM1,TSRYS5893517,D,S,T,2024-10-08,1000000.00,3.903558,98.3125
08:00:43,91282CLM1,TSRYS5893517,D,S,T,2024-10-08,1000000.00,3.903558,98.3125
08:00:43,91282CLM1,TSRYS5893517,D,S,T,2024-10-08,3000000.00,3.903884,98.310546875
08:00:43,91282CLM1,TSRYS5893517,D,S,T,2024-10-08,1000000.00,3.906165,98.296875
08:00:43,91282CLM1,TSRYS5893517,D,S,T,2024-10-08,1000000.00,3.906165,98.296875
08:00:43,91282CLM1,TSRYS5893517,D,S,T,2024-10-08,2000000.00,3.905839,98.298828125
08:00:43,91282CLM1,TSRYS5893517,D,S,T,2024-10-08,2000000.00,3.906165,98.296875
08:00:43,91282CLM1,TSRYS5893517,D,S,T,2024-10-08,1000000.00,3.906165,98.296875
08:00:43,91282CLM1,TSRYS5893517,D,S,T,2024-10-08,2000000.00,3.906165,98.296875
08:00:43,91282CLM1,TSRYS5893517,D,S,T,2024-10-08,1000000.00,3.906165,98.296875
08:00:43,91282CLM1,TSRYS5893517,D,S,T,2024-10-08,1000000.00,3.906165,98.296875
08:00:43,91282CLM1,TSRYS5893517,D,S,T,2024-10-08,1000000.00,3.91203,98.26171875
08:00:43,91282CLM1,TSRYS5893517,D,S,A,2024-10-08,25571900.00,3.911378,98.265625
08:00:43,91282CLM1,TSRYS5893517,D,S,T,2024-10-08,1000000.00,3.916594,98.234375
08:00:43,91282CLM1,TSRYS5893517,D,S,T,2024-10-08,1000000.00,3.916594,98.234375
08:00:43,91282CLM1,TSRYS5893517,D,S,T,2024-10-08,1000000.00,3.916594,98.234375
08:00:43,91282CLM1,TSRYS5893517,D,S,T,2024-10-08,1000000.00,3.916594,98.234375
08:00:43,91282CLM1,TSRYS5893517,D,S,T,2024-10-08,2000000.00,3.916594,98.234375
08:00:43,91282CLM1,TSRYS5893517,D,S,T,2024-10-08,2000000.00,3.916594,98.234375
08:00:43,91282CLM1,TSRYS5893517,D,S,T,2024-10-08,1000000.00,3.916594,98.234375
08:00:43,91282CLM1,TSRYS5893517,D,S,T,2024-10-08,5000000.00,3.916594,98.234375
08:00:43,91282CLM1,TSRYS5893517,D,S,D,2024-10-08,1000000.00,3.916594,98.234375
08:00:43,91282CLM1,TSRYS5893517,D,S,T,2024-10-08,2000000.00,3.916594,98.234375
08:00:43,91282CLM1,TSRYS5893517,D,S,T,2024-10-08,1000000.00,3.916594,98.234375
08:00:43,91282CLM1,TSRYS5893517,D,S,T,2024-10-08,1000000.00,3.916594,98.234375
08:00:43,91282CLM1,TSRYS5893517,D,S,T,2024-10-08,2000000.00,3.916594,98.234375
08:00:43,91282CLM1,TSRYS5893517,D,S,T,2024-10-08,1000000.00,3.916594,98.234375
08:00:43,91282CLM1,TSRYS5893517,D,S,T,2024-10-08,1000000.00,3.916594,98.234375
08:00:43,91282CLM1,TSRYS5893517,D,S,D,2024-10-08,1000000.00,3.916594,98.234375
08:00:43,91282CLM1,TSRYS5893517,D,S,D,2024-10-08,1000000.00,3.916594,98.234375
08:00:43,91282CLM1,TSRYS5893517,D,S,T,2024-10-08,1000000.00,3.916594,98.234375
08:00:43,91282CLM1,TSRYS5893517,D,S,T,2024-10-08,1000000.00,3.916594,98.234375
08:00:43,91282CLM1,TSRYS5893517,D,S,T,2024-10-08,2000000.00,3.916594,98.234375
08:00:43,91282CLM1,TSRYS5893517,D,S,T,2024-10-08,1000000.00,3.916594,98.234375
08:00:43,91282CLM1,TSRYS5893517,D,B,C,2024-10-08,27000000.00,3.9161,98.2373361
08:00:43,91282CLM1,TSRYS5893517,D,B,C,2024-10-08,100000000.00,3.910859,98.268739
08:00:43,91282CLM1,TSRYS5893517,D,S,C,2024-10-08,1000000.00,3.927417,98.1695664063
08:00:44,91282CLM1,TSRYS5893517,D,S,D,2024-10-08,1000000.00,3.912682,98.2578125
08:00:44,91282CLM1,TSRYS5893517,D,S,D,2024-10-08,1000000.00,3.912682,98.2578125
08:00:44,91282CLM1,TSRYS5893517,D,S,D,2024-10-08,990000.00,3.908771,98.28125
08:00:45,91282CLM1,TSRYS5893517,D,S,D,2024-10-08,1980000.00,3.895092,98.36328125
08:00:45,91282CLM1,TSRYS5893517,D,S,D,2024-10-08,1000000.00,3.916594,98.234375
08:00:45,91282CLM1,TSRYS5893517,D,S,D,2024-10-08,1000000.00,3.916594,98.234375
08:00:45,91282CLM1,TSRYS5893517,D,S,D,2024-10-08,1000000.00,3.916594,98.234375
08:00:45,91282CLM1,TSRYS5893517,D,S,D,2024-10-08,1000000.00,3.917572,98.228515625
08:00:45,91282CLM1,TSRYS5893517,D,S,D,2024-10-08,1000000.00,3.918876,98.220703125
08:00:45,91282CLM1,TSRYS5893517,D,S,T,2024-10-08,1000000.00,3.900953,98.328125
08:00:45,91282CLM1,TSRYS5893517,D,S,D,2024-10-08,1980000.00,3.900953,98.328125
08:00:45,91282CLM1,TSRYS5893517,D,S,D,2024-10-08,1000000.00,3.900953,98.328125
08:00:45,91282CLM1,TSRYS5893517,D,S,D,2024-10-08,1980000.00,3.90421,98.30859375
08:00:46,91282CLM1,TSRYS5893517,D,S,D,2024-10-08,500000.00,3.901604,98.32421875
08:00:46,91282CLM1,TSRYS5893517,D,S,D,2024-10-08,1000000.00,3.894441,98.3671875
08:00:46,91282CLM1,TSRYS5893517,D,S,T,2024-10-08,1000000.00,3.894441,98.3671875
08:00:46,91282CLM1,TSRYS5893517,D,S,D,2024-10-08,1000000.00,3.893464,98.373046875
08:00:46,91282CLM1,TSRYS5893517,D,S,D,2024-10-08,1000000.00,3.893464,98.373046875
08:00:46,91282CLM1,TSRYS5893517,D,S,T,2024-10-08,3000000.00,3.892162,98.380859375
08:00:46,91282CLM1,TSRYS5893517,D,S,T,2024-10-08,1000000.00,3.892162,98.380859375
08:00:49,91282CLM1,TSRYS5893517,D,S,T,2024-10-08,3000000.00,3.919529,98.216796875
08:00:49,91282CLM1,TSRYS5893517,D,S,T,2024-10-08,1000000.00,3.921168,98.20698125
08:00:49,91282CLM1,TSRYS5893517,D,S,T,2024-10-08,1000000.00,3.921168,98.20698125
08:00:49,91282CLM1,TSRYS5893517,D,S,T,2024-10-08,1000000.00,3.921168,98.20698125
08:00:49,91282CLM1,TSRYS5893517,D,S,T,2024-10-08,2000000.00,3.921159,98.20703125
08:00:49,91282CLM1,TSRYS5893517,D,S,T,2024-10-08,5000000.00,3.921159,98.20703125
08:00:49,91282CLM1,TSRYS5893517,D,S,T,2024-10-08,1000000.00,3.921159,98.20703125
08:00:49,91282CLM1,TSRYS5893517,D,B,C,2024-10-08,25000000.00,3.921226,98.20663125
08:00:49,91282CLM1,TSRYS5893517,D,S,T,2024-10-08,1000000.00,3.921168,98.20698125
08:00:49,91282CLM1,TSRYS5893517,D,S,T,2024-10-08,1000000.00,3.921168,98.20698125
08:00:49,91282CLM1,TSRYS5893517,D,S,T,2024-10-08,1000000.00,3.924103,98.189403125
08:00:49,91282CLM1,TSRYS5893517,D,S,T,2024-10-08,4000000.00,3.924421,98.1875
08:00:49,91282CLM1,TSRYS5893517,D,S,T,2024-10-08,1000000.00,3.924103,98.189403125
08:00:49,91282CLM1,TSRYS5893517,D,S,T,2024-10-08,1000000.00,3.924103,98.189403125
08:00:49,91282CLM1,TSRYS5893517,D,S,T,2024-10-08,1000000.00,3.924103,98.189403125
08:00:49,91282CLM1,TSRYS5893517,D,S,T,2024-10-08,1000000.00,3.924429,98.18745
08:00:49,91282CLM1,TSRYS5893517,D,S,T,2024-10-08,1000000.00,3.924429,98.18745
08:00:49,91282CLM1,TSRYS5893517,D,S,T,2024-10-08,1000000.00,3.924429,98.18745
08:00:49,91282CLM1,TSRYS5893517,D,S,D,2024-10-08,1000000.00,3.924095,98.189453125
08:00:49,91282CLM1,TSRYS5893517,D,S,D,2024-10-08,1000000.00,3.924421,98.1875
08:00:49,91282CLM1,TSRYS5893517,D,S,D,2024-10-08,1000000.00,3.924421,98.1875
08:00:49,91282CLM1,TSRYS5893517,D,S,T,2024-10-08,3000000.00,3.924095,98.189453125
08:00:49,91282CLM1,TSRYS5893517,D,S,T,2024-10-08,2000000.00,3.924095,98.189453125
08:00:49,91282CLM1,TSRYS5893517,D,S,T,2024-10-08,3000000.00,3.924421,98.1875
08:00:49,91282CLM1,TSRYS5893517,D,S,T,2024-10-08,2000000.00,3.924421,98.1875
08:00:49,91282CLM1,TSRYS5893517,D,S,T,2024-10-08,1000000.00,3.924421,98.1875
08:00:49,91282CLM1,TSRYS5893517,D,B,C,2024-10-08,25000000.00,3.924488,98.1871
08:00:49,91282CLM1,TSRYS5893517,D,S,A,2024-10-08,25571900.00,3.913334,98.25390625
08:00:50,91282CLM1,TSRYS5893517,D,S,T,2024-10-08,1000000.00,3.91529,98.2421875
08:00:50,91282CLM1,TSRYS5893517,D,S,T,2024-10-08,1000000.00,3.91529,98.2421875
08:00:50,91282CLM1,TSRYS5893517,D,S,D,2024-10-08,6000000.00,3.912107,98.26126
08:00:50,91282CLM1,TSRYS5893517,D,S,D,2024-10-08,1000000.00,3.915616,98.240234375
08:00:50,91282CLM1,TSRYS5893517,D,S,D,2024-10-08,1000000.00,3.915616,98.240234375
08:00:50,91282CLM1,TSRYS5893517,D,S,D,2024-10-08,4000000.00,3.911052,98.2675781
08:00:50,91282CLM1,TSRYS5893517,D,S,T,2024-10-08,1000000.00,3.912682,98.2578125
08:00:51,91282CLM1,TSRYS5893517,D,S,T,2024-10-08,1000000.00,3.921812,98.203125
08:00:52,91282CLM1,TSRYS5893517,D,S,D,2024-10-08,1000000.00,3.927031,98.171875
08:00:52,91282CLM1,TSRYS5893517,D,S,T,2024-10-08,7000000.00,3.923116,98.1953125
08:00:53,91282CLM1,TSRYS5893517,D,S,T,2024-10-08,5000000.00,3.923116,98.1953125
08:00:53,91282CLM1,TSRYS5893517,D,S,A,2024-10-08,1495000.00,3.906165,98.296875
08:00:53,91282CLM1,TSRYS5893517,D,S,D,2024-10-08,1000000.00,3.922464,98.19921875
08:00:53,91282CLM1,TSRYS5893517,D,S,D,2024-10-08,1000000.00,3.922138,98.201171875
08:00:53,91282CLM1,TSRYS5893517,D,S,T,2024-10-08,1000000.00,3.921812,98.203125
08:00:53,91282CLM1,TSRYS5893517,D,S,D,2024-10-08,1000000.00,3.920181,98.212890625
08:00:53,91282CLM1,TSRYS5893517,D,S,D,2024-10-08,1000000.00,3.920507,98.2109375
08:00:53,91282CLM1,TSRYS5893517,D,S,T,2024-10-08,1000000.00,3.920507,98.2109375
08:00:53,91282CLM1,TSRYS5893517,D,S,D,2024-10-08,1000000.00,3.921159,98.20703125
08:00:53,91282CLM1,TSRYS5893517,D,S,C,2024-10-08,1000000.00,3.928989,98.16015625
08:00:53,91282CLM1,TSRYS5893517,D,S,C,2024-10-08,1000000.00,3.928989,98.16015625
08:00:54,91282CLM1,TSRYS5893517,D,S,C,2024-10-08,1000000.00,3.928989,98.16015625
08:00:54,91282CLM1,TSRYS5893517,D,S,C,2024-10-08,1000000.00,3.928989,98.16015625
08:00:56,91282CLM1,TSRYS5893517,D,S,A,2024-10-08,1970000.00,3.904861,98.3046875
08:00:56,91282CLM1,TSRYS5893517,D,S,C,2024-10-08,1000000.00,3.922464,98.19921875
08:00:56,91282CLM1,TSRYS5893517,D,S,C,2024-10-08,1000000.00,3.921812,98.203125
08:00:56,91282CLM1,TSRYS5893517,D,S,D,2024-10-08,1000000.00,3.92279,98.197265625
08:00:56,91282CLM1,TSRYS5893517,D,S,D,2024-10-08,1000000.00,3.92279,98.197265625
08:00:57,91282CLM1,TSRYS5893517,D,S,D,2024-10-08,1000000.00,3.92279,98.197265625
08:00:57,91282CLM1,TSRYS5893517,D,S,D,2024-10-08,1980000.00,3.895092,98.36328125
08:00:58,91282CLM1,TSRYS5893517,D,S,D,2024-10-08,1000000.00,3.92279,98.197265625
08:00:58,91282CLM1,TSRYS5893517,D,S,D,2024-10-08,1000000.00,3.923116,98.1953125
08:00:58,91282CLM1,TSRYS5893517,D,S,D,2024-10-08,1000000.00,3.922464,98.19921875
08:00:58,91282CLM1,TSRYS5893517,D,S,D,2024-10-08,1000000.00,3.92279,98.197265625
08:00:58,91282CLM1,TSRYS5893517,D,S,D,2024-10-08,1000000.00,3.92279,98.197265625
08:00:58,91282CLM1,TSRYS5893517,D,S,D,2024-10-08,1000000.00,3.92279,98.197265625
08:00:58,91282CLM1,TSRYS5893517,D,S,D,2024-10-08,1000000.00,3.923442,98.193359375
08:00:58,91282CLM1,TSRYS5893517,D,S,C,2024-10-08,1000000.00,3.921812,98.203125
08:00:58,91282CLM1,TSRYS5893517,D,S,D,2024-10-08,1000000.00,3.920181,98.212890625
08:00:58,91282CLM1,TSRYS5893517,D,S,D,2024-10-08,1000000.00,3.920181,98.212890625
08:00:58,91282CLM1,TSRYS5893517,D,S,D,2024-10-08,1000000.00,3.919855,98.21484375
08:00:58,91282CLM1,TSRYS5893517,D,S,D,2024-10-08,1000000.00,3.919855,98.21484375
08:00:58,91282CLM1,TSRYS5893517,D,S,D,2024-10-08,1000000.00,3.920181,98.212890625
08:00:58,91282CLM1,TSRYS5893517,D,S,D,2024-10-08,1000000.00,3.920181,98.212890625
08:00:58,91282CLM1,TSRYS5893517,D,S,D,2024-10-08,1000000.00,3.920181,98.212890625
08:00:58,91282CLM1,TSRYS5893517,D,S,D,2024-10-08,1000000.00,3.920181,98.212890625
08:00:58,91282CLM1,TSRYS5893517,D,S,D,2024-10-08,1000000.00,3.920507,98.2109375
08:00:58,91282CLM1,TSRYS5893517,D,S,D,2024-10-08,1000000.00,3.919529,98.216796875
08:00:59,91282CLM1,TSRYS5893517,D,S,D,2024-10-08,1000000.00,3.905187,98.302734375
08:00:59,91282CLM1,TSRYS5893517,D,S,D,2024-10-08,1000000.00,3.905187,98.302734375
08:00:59,91282CLM1,TSRYS5893517,D,S,D,2024-10-08,2970000.00,3.897696,98.34765625
08:00:59,91282CLM1,TSRYS5893517,D,S,D,2024-10-08,1000000.00,3.919529,98.216796875
08:00:59,91282CLM1,TSRYS5893517,D,B,A,2024-10-08,8600000.00,3.89379,98.37109375
08:00:59,91282CLM1,TSRYS5893517,D,S,D,2024-10-08,1000000.00,3.919529,98.216796875
08:00:59,91282CLM1,TSRYS5893517,D,S,D,2024-10-08,1000000.00,3.919529,98.216796875
08:00:59,91282CLM1,TSRYS5893517,D,S,D,2024-10-08,1000000.00,3.919529,98.216796875
08:00:59,91282CLM1,TSRYS5893517,D,S,D,2024-10-08,2000000.00,3.919855,98.21484375
08:01:00,91282CLM1,TSRYS5893517,D,S,D,2024-10-08,1000000.00,3.919203,98.21875
08:01:00,91282CLM1,TSRYS5893517,D,S,D,2024-10-08,1000000.00,3.919203,98.21875
08:01:00,91282CLM1,TSRYS5893517,D,S,T,2024-10-08,1000000.00,3.920507,98.2109375
08:01:00,91282CLM1,TSRYS5893517,D,S,T,2024-10-08,1000000.00,3.920833,98.208984375
08:01:00,91282CLM1,TSRYS5893517,D,S,T,2024-10-08,1000000.00,3.920528,98.2108125
08:01:00,91282CLM1,TSRYS5893517,D,S,T,2024-10-08,1000000.00,3.920528,98.2108125
08:01:00,91282CLM1,TSRYS5893517,D,S,T,2024-10-08,1000000.00,3.920507,98.2109375
08:01:00,91282CLM1,TSRYS5893517,D,S,C,2024-10-08,1000000.00,3.921159,98.20703125
08:01:00,91282CLM1,TSRYS5893517,D,S,T,2024-10-08,1000000.00,3.920528,98.2108125
08:01:00,91282CLM1,TSRYS5893517,D,S,T,2024-10-08,1000000.00,3.920507,98.2109375
08:01:00,91282CLM1,TSRYS5893517,D,S,T,2024-10-08,1000000.00,3.920528,98.2108125
08:01:00,91282CLM1,TSRYS5893517,D,S,T,2024-10-08,1000000.00,3.920507,98.2109375
08:01:00,91282CLM1,TSRYS5893517,D,S,D,2024-10-08,1000000.00,3.924421,98.1875
08:01:00,91282CLM1,TSRYS5893517,D,S,D,2024-10-08,1000000.00,3.924095,98.189453125
08:01:00,91282CLM1,TSRYS5893517,D,S,T,2024-10-08,1000000.00,3.920507,98.2109375
08:01:01,91282CLM1,TSRYS5893517,D,S,D,2024-10-08,1000000.00,3.924421,98.1875
08:01:01,91282CLM1,TSRYS5893517,D,S,D,2024-10-08,1000000.00,3.924095,98.189453125
08:01:01,91282CLM1,TSRYS5893517,D,S,D,2024-10-08,1000000.00,3.924421,98.1875
08:01:01,91282CLM1,TSRYS5893517,D,B,C,2024-10-08,1000000.00,3.919203,98.21875
08:01:01,91282CLM1,TSRYS5893517,D,S,D,2024-10-08,2000000.00,3.920507,98.2109375
08:01:01,91282CLM1,TSRYS5893517,D,S,D,2024-10-08,1000000.00,3.919203,98.21875
08:01:01,91282CLM1,TSRYS5893517,D,S,D,2024-10-08,1000000.00,3.919203,98.21875
08:01:01,91282CLM1,TSRYS5893517,D,B,C,2024-10-08,1000000.00,3.919203,98.21875
08:01:02,91282CLM1,TSRYS5893517,D,S,D,2024-10-08,1000000.00,3.920833,98.208984375
08:01:02,91282CLM1,TSRYS5893517,D,B,C,2024-10-08,1000000.00,3.91529,98.2421875
08:01:02,91282CLM1,TSRYS5893517,D,S,D,2024-10-08,1000000.00,3.913986,98.25
08:01:02,91282CLM1,TSRYS5893517,D,B,C,2024-10-08,1000000.00,3.91529,98.2421875
08:01:02,91282CLM1,TSRYS5893517,D,S,D,2024-10-08,1000000.00,3.914312,98.248046875
08:01:02,91282CLM1,TSRYS5893517,D,B,C,2024-10-08,1000000.00,3.913986,98.25
08:01:02,91282CLM1,TSRYS5893517,D,S,D,2024-10-08,1000000.00,3.91529,98.2421875
08:01:02,91282CLM1,TSRYS5893517,D,B,C,2024-10-08,1000000.00,3.913986,98.25
08:01:02,91282CLM1,TSRYS5893517,D,S,D,2024-10-08,1000000.00,3.913986,98.25
08:01:02,91282CLM1,TSRYS5893517,D,S,D,2024-10-08,1000000.00,3.911378,98.265625
08:01:02,91282CLM1,TSRYS5893517,D,S,D,2024-10-08,1000000.00,3.91529,98.2421875
08:01:02,91282CLM1,TSRYS5893517,D,B,C,2024-10-08,1000000.00,3.910075,98.2734375
08:01:02,91282CLM1,TSRYS5893517,D,B,C,2024-10-08,1000000.00,3.914312,98.248046875
08:01:02,91282CLM1,TSRYS5893517,D,S,D,2024-10-08,1000000.00,3.911378,98.265625
08:01:02,91282CLM1,TSRYS5893517,D,B,C,2024-10-08,1000000.00,3.912682,98.2578125
08:01:02,91282CLM1,TSRYS5893517,D,S,D,2024-10-08,1000000.00,3.912682,98.2578125
08:01:02,91282CLM1,TSRYS5893517,D,S,D,2024-10-08,1000000.00,3.910075,98.2734375
08:01:02,91282CLM1,TSRYS5893517,D,S,D,2024-10-08,1000000.00,3.912682,98.2578125
08:01:02,91282CLM1,TSRYS5893517,D,S,D,2024-10-08,1000000.00,3.910075,98.2734375
08:01:02,91282CLM1,TSRYS5893517,D,S,D,2024-10-08,1000000.00,3.907142,98.291015625
08:01:02,91282CLM1,TSRYS5893517,D,B,C,2024-10-08,1000000.00,3.912682,98.2578125
08:01:02,91282CLM1,TSRYS5893517,D,S,C,2024-10-08,1000000.00,3.908771,98.28125
08:01:02,91282CLM1,TSRYS5893517,D,S,D,2024-10-08,1000000.00,3.907142,98.291015625
08:01:02,91282CLM1,TSRYS5893517,D,S,D,2024-10-08,1000000.00,3.909097,98.279296875
08:01:02,91282CLM1,TSRYS5893517,D,B,C,2024-10-08,1000000.00,3.907142,98.291015625
08:01:02,91282CLM1,TSRYS5893517,D,S,D,2024-10-08,1000000.00,3.908771,98.28125
08:01:02,91282CLM1,TSRYS5893517,D,B,C,2024-10-08,1000000.00,3.907142,98.291015625
08:01:02,91282CLM1,TSRYS5893517,D,B,C,2024-10-08,1000000.00,3.909097,98.279296875
08:01:02,91282CLM1,TSRYS5893517,D,B,C,2024-10-08,2000000.00,3.907142,98.291015625
08:01:02,91282CLM1,TSRYS5893517,D,S,D,2024-10-08,2000000.00,3.907142,98.291015625
08:01:02,91282CLM1,TSRYS5893517,D,S,D,2024-10-08,2000000.00,3.907142,98.291015625
08:01:02,91282CLM1,TSRYS5893517,D,S,D,2024-10-08,1000000.00,3.907142,98.291015625
08:01:02,91282CLM1,TSRYS5893517,D,B,C,2024-10-08,1000000.00,3.907142,98.291015625
08:01:02,91282CLM1,TSRYS5893517,D,B,C,2024-10-08,2000000.00,3.907142,98.291015625
08:01:02,91282CLM1,TSRYS5893517,D,S,C,2024-10-08,1000000.00,3.908445,98.283203125
08:01:02,91282CLM1,TSRYS5893517,D,S,D,2024-10-08,1000000.00,3.907142,98.291015625
08:01:02,91282CLM1,TSRYS5893517,D,S,D,2024-10-08,1000000.00,3.90812,98.28515625
08:01:02,91282CLM1,TSRYS5893517,D,B,C,2024-10-08,1000000.00,3.907142,98.291015625
08:01:02,91282CLM1,TSRYS5893517,D,S,D,2024-10-08,1000000.00,3.909097,98.279296875
08:01:02,91282CLM1,TSRYS5893517,D,B,C,2024-10-08,1000000.00,3.907142,98.291015625
08:01:02,91282CLM1,TSRYS5893517,D,S,D,2024-10-08,1000000.00,3.907142,98.291015625
08:01:02,91282CLM1,TSRYS5893517,D,S,D,2024-10-08,1000000.00,3.909097,98.279296875
08:01:02,91282CLM1,TSRYS5893517,D,S,D,2024-10-08,1000000.00,3.908771,98.28125
08:01:02,91282CLM1,TSRYS5893517,D,S,D,2024-10-08,1000000.00,3.90812,98.28515625
08:01:02,91282CLM1,TSRYS5893517,D,S,D,2024-10-08,1000000.00,3.90812,98.28515625
08:01:02,91282CLM1,TSRYS5893517,D,S,T,2024-10-08,1000000.00,3.913986,98.25
08:01:02,91282CLM1,TSRYS5893517,D,S,D,2024-10-08,1000000.00,3.910401,98.271484375
08:01:02,91282CLM1,TSRYS5893517,D,B,C,2024-10-08,1000000.00,3.90812,98.28515625
08:01:02,91282CLM1,TSRYS5893517,D,B,C,2024-10-08,1000000.00,3.90812,98.28515625
08:01:02,91282CLM1,TSRYS5893517,D,B,C,2024-10-08,1000000.00,3.908771,98.28125
08:01:02,91282CLM1,TSRYS5893517,D,S,D,2024-10-08,1000000.00,3.908771,98.28125
08:01:02,91282CLM1,TSRYS5893517,D,B,C,2024-10-08,1000000.00,3.910401,98.271484375
08:01:02,91282CLM1,TSRYS5893517,D,S,D,2024-10-08,2000000.00,3.908771,98.28125
08:01:02,91282CLM1,TSRYS5893517,D,S,D,2024-10-08,1000000.00,3.909097,98.279296875
08:01:03,91282CLM1,TSRYS5893517,D,B,C,2024-10-08,1000000.00,3.907142,98.291015625
08:01:03,91282CLM1,TSRYS5893517,D,B,C,2024-10-08,1000000.00,3.90812,98.28515625
08:01:03,91282CLM1,TSRYS5893517,D,S,C,2024-10-08,1000000.00,3.906165,98.296875
08:01:03,91282CLM1,TSRYS5893517,D,S,D,2024-10-08,1000000.00,3.910075,98.2734375
08:01:03,91282CLM1,TSRYS5893517,D,S,D,2024-10-08,1000000.00,3.908771,98.28125
08:01:03,91282CLM1,TSRYS5893517,D,S,C,2024-10-08,2000000.00,3.906165,98.296875
08:01:03,91282CLM1,TSRYS5893517,D,S,D,2024-10-08,1000000.00,3.907142,98.291015625
08:01:03,91282CLM1,TSRYS5893517,D,B,C,2024-10-08,1000000.00,3.906816,98.29296875
08:01:03,91282CLM1,TSRYS5893517,D,S,D,2024-10-08,1000000.00,3.907142,98.291015625
08:01:03,91282CLM1,TSRYS5893517,D,S,D,2024-10-08,1000000.00,3.903558,98.3125
08:01:03,91282CLM1,TSRYS5893517,D,B,C,2024-10-08,1000000.00,3.902907,98.31640625
08:01:03,91282CLM1,TSRYS5893517,D,S,D,2024-10-08,1000000.00,3.906816,98.29296875
08:01:03,91282CLM1,TSRYS5893517,D,S,D,2024-10-08,1000000.00,3.902907,98.31640625
08:01:03,91282CLM1,TSRYS5893517,D,S,D,2024-10-08,1000000.00,3.904536,98.306640625
08:01:03,91282CLM1,TSRYS5893517,D,S,D,2024-10-08,1000000.00,3.90812,98.28515625
08:01:03,91282CLM1,TSRYS5893517,D,S,D,2024-10-08,1000000.00,3.902581,98.318359375
08:01:03,91282CLM1,TSRYS5893517,D,S,D,2024-10-08,1000000.00,3.906816,98.29296875
08:01:03,91282CLM1,TSRYS5893517,D,B,C,2024-10-08,1000000.00,3.904536,98.306640625
08:01:03,91282CLM1,TSRYS5893517,D,S,D,2024-10-08,1000000.00,3.903233,98.314453125
08:01:03,91282CLM1,TSRYS5893517,D,S,C,2024-10-08,2000000.00,3.906165,98.296875
08:01:03,91282CLM1,TSRYS5893517,D,B,C,2024-10-08,1000000.00,3.902581,98.318359375
08:01:03,91282CLM1,TSRYS5893517,D,B,C,2024-10-08,1000000.00,3.900953,98.328125
08:01:03,91282CLM1,TSRYS5893517,D,S,D,2024-10-08,1000000.00,3.900953,98.328125
08:01:03,91282CLM1,TSRYS5893517,D,S,D,2024-10-08,1000000.00,3.904861,98.3046875
08:01:03,91282CLM1,TSRYS5893517,D,S,D,2024-10-08,1000000.00,3.903558,98.3125
08:01:03,91282CLM1,TSRYS5893517,D,S,D,2024-10-08,1000000.00,3.903558,98.3125
08:01:03,91282CLM1,TSRYS5893517,D,S,C,2024-10-08,4900000.00,3.927684,98.16796875
08:01:03,91282CLM1,TSRYS5893517,D,S,D,2024-10-08,2000000.00,3.902256,98.3203125
08:01:03,91282CLM1,TSRYS5893517,D,B,C,2024-10-08,2000000.00,3.902256,98.3203125
08:01:03,91282CLM1,TSRYS5893517,D,S,D,2024-10-08,1000000.00,3.903233,98.314453125
08:01:03,91282CLM1,TSRYS5893517,D,B,C,2024-10-08,1000000.00,3.903233,98.314453125
08:01:03,91282CLM1,TSRYS5893517,D,S,T,2024-10-08,1000000.00,3.913334,98.25390625
08:01:03,91282CLM1,TSRYS5893517,D,S,D,2024-10-08,1000000.00,3.903558,98.3125
08:01:03,91282CLM1,TSRYS5893517,D,S,D,2024-10-08,1000000.00,3.903558,98.3125
08:01:03,91282CLM1,TSRYS5893517,D,B,C,2024-10-08,1000000.00,3.903558,98.3125
08:01:03,91282CLM1,TSRYS5893517,D,B,C,2024-10-08,1000000.00,3.903558,98.3125
08:01:03,91282CLM1,TSRYS5893517,D,S,D,2024-10-08,1000000.00,3.903558,98.3125
08:01:03,91282CLM1,TSRYS5893517,D,S,D,2024-10-08,1000000.00,3.91529,98.2421875
08:01:03,91282CLM1,TSRYS5893517,D,S,A,2024-10-08,7375000.00,3.924421,98.1875
08:01:03,91282CLM1,TSRYS5893517,D,S,C,2024-10-08,2475000.00,3.926941,98.171875
08:01:03,91282CLM1,TSRYS5893517,D,B,C,2024-10-08,2000000.00,3.903558,98.3125
08:01:03,91282CLM1,TSRYS5893517,D,S,D,2024-10-08,2000000.00,3.903558,98.3125
08:01:03,91282CLM1,TSRYS5893517,D,B,C,2024-10-08,1000000.00,3.903558,98.3125
08:01:03,91282CLM1,TSRYS5893517,D,S,D,2024-10-08,1000000.00,3.903558,98.3125
08:01:03,91282CLM1,TSRYS5893517,D,S,D,2024-10-08,1000000.00,3.903558,98.3125
08:01:03,91282CLM1,TSRYS5893517,D,B,C,2024-10-08,1000000.00,3.903558,98.3125
08:01:03,91282CLM1,TSRYS5893517,D,B,C,2024-10-08,2000000.00,3.903558,98.3125
08:01:03,91282CLM1,TSRYS5893517,D,S,D,2024-10-08,2000000.00,3.903558,98.3125
08:01:03,91282CLM1,TSRYS5893517,D,S,D,2024-10-08,1000000.00,3.903558,98.3125
08:01:03,91282CLM1,TSRYS5893517,D,S,T,2024-10-08,1000000.00,3.91529,98.2421875
08:01:03,91282CLM1,TSRYS5893517,D,B,C,2024-10-08,1000000.00,3.903558,98.3125
08:01:03,91282CLM1,TSRYS5893517,D,S,D,2024-10-08,2000000.00,3.903558,98.3125
08:01:03,91282CLM1,TSRYS5893517,D,B,C,2024-10-08,2000000.00,3.903558,98.3125
08:01:03,91282CLM1,TSRYS5893517,D,B,C,2024-10-08,7000000.00,3.916782,98.23325
08:01:04,91282CLM1,TSRYS5893517,D,S,T,2024-10-08,1000000.00,3.912682,98.2578125
08:01:04,91282CLM1,TSRYS5893517,D,S,C,2024-10-08,1000000.00,3.906165,98.296875
08:01:04,91282CLM1,TSRYS5893517,D,S,C,2024-10-08,2000000.00,3.906165,98.296875
08:01:04,91282CLM1,TSRYS5893517,D,S,C,2024-10-08,1000000.00,3.906165,98.296875
08:01:04,91282CLM1,TSRYS5893517,D,S,T,2024-10-08,1000000.00,3.921812,98.203125
08:01:04,91282CLM1,TSRYS5893517,D,S,C,2024-10-08,4900000.00,3.923116,98.1953125
08:01:04,91282CLM1,TSRYS5893517,D,S,D,2024-10-08,1000000.00,3.902256,98.3203125
08:01:04,91282CLM1,TSRYS5893517,D,S,D,2024-10-08,1000000.00,3.903558,98.3125
08:01:04,91282CLM1,TSRYS5893517,D,S,A,2024-10-08,4900000.00,3.923116,98.1953125
08:01:04,91282CLM1,TSRYS5893517,D,B,C,2024-10-08,1000000.00,3.900301,98.33203125
08:01:04,91282CLM1,TSRYS5893517,D,S,D,2024-10-08,1000000.00,3.900301,98.33203125
08:01:04,91282CLM1,TSRYS5893517,D,S,D,2024-10-08,1000000.00,3.898348,98.34375
08:01:04,91282CLM1,TSRYS5893517,D,S,D,2024-10-08,1000000.00,3.894441,98.3671875
08:01:04,91282CLM1,TSRYS5893517,D,S,D,2024-10-08,1000000.00,3.921812,98.203125
08:01:04,91282CLM1,TSRYS5893517,D,S,D,2024-10-08,1000000.00,3.923442,98.193359375
08:01:04,91282CLM1,TSRYS5893517,D,S,D,2024-10-08,1000000.00,3.923442,98.193359375
08:01:04,91282CLM1,TSRYS5893517,D,S,C,2024-10-08,1000000.00,3.895092,98.36328125
08:01:04,91282CLM1,TSRYS5893517,D,B,C,2024-10-08,1000000.00,3.895092,98.36328125
08:01:04,91282CLM1,TSRYS5893517,D,S,D,2024-10-08,2000000.00,3.895092,98.36328125
08:01:04,91282CLM1,TSRYS5893517,D,B,C,2024-10-08,2000000.00,3.895092,98.36328125
08:01:04,91282CLM1,TSRYS5893517,D,B,C,2024-10-08,2000000.00,3.895092,98.36328125
08:01:05,91282CLM1,TSRYS5893517,D,S,D,2024-10-08,2000000.00,3.895092,98.36328125
08:01:05,91282CLM1,TSRYS5893517,D,S,D,2024-10-08,1000000.00,3.89672,98.353515625
08:01:05,91282CLM1,TSRYS5893517,D,B,C,2024-10-08,1000000.00,3.89672,98.353515625
08:01:05,91282CLM1,TSRYS5893517,D,B,C,2024-10-08,1000000.00,3.89672,98.353515625
08:01:05,91282CLM1,TSRYS5893517,D,S,D,2024-10-08,1000000.00,3.89672,98.353515625
08:01:05,91282CLM1,TSRYS5893517,D,S,D,2024-10-08,1000000.00,3.897045,98.3515625
08:01:05,91282CLM1,TSRYS5893517,D,B,C,2024-10-08,1000000.00,3.897045,98.3515625
08:01:05,91282CLM1,TSRYS5893517,D,B,C,2024-10-08,1000000.00,3.897045,98.3515625
08:01:05,91282CLM1,TSRYS5893517,D,S,D,2024-10-08,1000000.00,3.897045,98.3515625
08:01:05,91282CLM1,TSRYS5893517,D,B,C,2024-10-08,1000000.00,3.898348,98.34375
08:01:05,91282CLM1,TSRYS5893517,D,S,D,2024-10-08,1000000.00,3.898348,98.34375
08:01:05,91282CLM1,TSRYS5893517,D,S,D,2024-10-08,1000000.00,3.900627,98.330078125
08:01:05,91282CLM1,TSRYS5893517,D,B,C,2024-10-08,1000000.00,3.900627,98.330078125
08:01:05,91282CLM1,TSRYS5893517,D,S,D,2024-10-08,1000000.00,3.922464,98.19921875
08:01:05,91282CLM1,TSRYS5893517,D,B,C,2024-10-08,1000000.00,3.89965,98.3359375
08:01:05,91282CLM1,TSRYS5893517,D,S,D,2024-10-08,1000000.00,3.89965,98.3359375
08:01:05,91282CLM1,TSRYS5893517,D,S,D,2024-10-08,1000000.00,3.897696,98.34765625
08:01:05,91282CLM1,TSRYS5893517,D,S,D,2024-10-08,1000000.00,3.89965,98.3359375
08:01:05,91282CLM1,TSRYS5893517,D,B,C,2024-10-08,1000000.00,3.899976,98.333984375
08:01:05,91282CLM1,TSRYS5893517,D,S,D,2024-10-08,1000000.00,3.899976,98.333984375
08:01:05,91282CLM1,TSRYS5893517,D,B,C,2024-10-08,1000000.00,3.897696,98.34765625
08:01:05,91282CLM1,TSRYS5893517,D,B,C,2024-10-08,1000000.00,3.89965,98.3359375
08:01:05,91282CLM1,TSRYS5893517,D,S,D,2024-10-08,1000000.00,3.895417,98.361328125
08:01:05,91282CLM1,TSRYS5893517,D,B,C,2024-10-08,1000000.00,3.895417,98.361328125
08:01:05,91282CLM1,TSRYS5893517,D,S,D,2024-10-08,1000000.00,3.895743,98.359375
08:01:05,91282CLM1,TSRYS5893517,D,S,D,2024-10-08,1000000.00,3.895417,98.361328125
08:01:05,91282CLM1,TSRYS5893517,D,S,D,2024-10-08,1000000.00,3.895417,98.361328125
08:01:06,91282CLM1,TSRYS5893517,D,S,T,2024-10-08,1000000.00,3.900974,98.327995
08:01:06,91282CLM1,TSRYS5893517,D,S,D,2024-10-08,1000000.00,3.9254,98.181640625
08:01:06,91282CLM1,TSRYS5893517,D,S,T,2024-10-08,1000000.00,3.921812,98.203125
08:01:06,91282CLM1,TSRYS5893517,D,S,D,2024-10-08,1000000.00,3.922138,98.201171875
08:01:07,91282CLM1,TSRYS5893517,D,S,D,2024-10-08,1000000.00,3.923442,98.193359375
08:01:07,91282CLM1,TSRYS5893517,D,B,A,2024-10-08,1500000.00,3.923769,98.19140625
08:01:07,91282CLM1,TSRYS5893517,D,S,T,2024-10-08,1000000.00,3.923116,98.1953125
08:01:09,91282CLM1,TSRYS5893517,D,S,T,2024-10-08,1000000.00,3.894457,98.3670875
08:01:10,91282CLM1,TSRYS5893517,D,S,T,2024-10-08,1000000.00,3.893168,98.374825
08:01:10,91282CLM1,TSRYS5893517,D,S,T,2024-10-08,1000000.00,3.893176,98.374775
08:01:10,91282CLM1,TSRYS5893517,D,S,T,2024-10-08,1000000.00,3.893176,98.374775
08:01:10,91282CLM1,TSRYS5893517,D,S,D,2024-10-08,1000000.00,3.919086,98.21945
08:01:10,91282CLM1,TSRYS5893517,D,S,D,2024-10-08,1000000.00,3.919086,98.21945
08:01:10,91282CLM1,TSRYS5893517,D,S,D,2024-10-08,4000000.00,3.92039,98.2116375
08:01:10,91282CLM1,TSRYS5893517,D,S,D,2024-10-08,8000000.00,3.908688,98.28175
08:01:10,91282CLM1,TSRYS5893517,D,S,D,2024-10-08,10000000.00,3.906993,98.2919063
08:01:10,91282CLM1,TSRYS5893517,D,S,D,2024-10-08,5000000.00,3.903375,98.3136
08:01:10,91282CLM1,TSRYS5893517,D,S,D,2024-10-08,4000000.00,3.903375,98.3136
08:01:10,91282CLM1,TSRYS5893517,D,S,D,2024-10-08,3000000.00,3.903375,98.3136
08:01:10,91282CLM1,TSRYS5893517,D,S,D,2024-10-08,1000000.00,3.903375,98.3136
08:01:10,91282CLM1,TSRYS5893517,D,B,C,2024-10-08,4000000.00,3.893647,98.3719469
08:01:12,91282CLM1,TSRYS5893517,D,S,T,2024-10-08,1000000.00,3.904883,98.3045575
08:01:15,91282CLM1,TSRYS5893517,D,S,D,2024-10-08,1000000.00,3.902256,98.3203125
08:01:16,91282CLM1,TSRYS5893517,D,S,D,2024-10-08,1000000.00,3.893139,98.375
08:01:16,91282CLM1,TSRYS5893517,D,S,D,2024-10-08,1000000.00,3.893139,98.375
08:01:16,91282CLM1,TSRYS5893517,D,B,C,2024-10-08,2000000.00,3.897696,98.34765625
08:01:16,91282CLM1,TSRYS5893517,D,S,D,2024-10-08,1000000.00,3.897696,98.34765625
08:01:16,91282CLM1,TSRYS5893517,D,S,D,2024-10-08,2000000.00,3.897696,98.34765625
08:01:16,91282CLM1,TSRYS5893517,D,B,C,2024-10-08,1000000.00,3.897696,98.34765625
08:01:16,91282CLM1,TSRYS5893517,D,B,C,2024-10-08,1000000.00,3.897696,98.34765625
08:01:16,91282CLM1,TSRYS5893517,D,S,D,2024-10-08,1000000.00,3.897696,98.34765625
08:01:16,91282CLM1,TSRYS5893517,D,S,D,2024-10-08,2000000.00,3.897696,98.34765625
08:01:16,91282CLM1,TSRYS5893517,D,B,C,2024-10-08,2000000.00,3.897696,98.34765625
08:01:16,91282CLM1,TSRYS5893517,D,B,C,2024-10-08,2000000.00,3.897696,98.34765625
08:01:16,91282CLM1,TSRYS5893517,D,S,D,2024-10-08,1000000.00,3.897696,98.34765625
08:01:16,91282CLM1,TSRYS5893517,D,S,D,2024-10-08,3000000.00,3.897696,98.34765625
08:01:16,91282CLM1,TSRYS5893517,D,S,D,2024-10-08,1000000.00,3.897696,98.34765625
08:01:16,91282CLM1,TSRYS5893517,D,B,C,2024-10-08,3000000.00,3.897696,98.34765625
08:01:16,91282CLM1,TSRYS5893517,D,B,C,2024-10-08,2000000.00,3.897696,98.34765625
08:01:16,91282CLM1,TSRYS5893517,D,B,C,2024-10-08,1000000.00,3.893139,98.375
08:01:16,91282CLM1,TSRYS5893517,D,B,C,2024-10-08,2000000.00,3.897696,98.34765625
08:01:16,91282CLM1,TSRYS5893517,D,S,D,2024-10-08,2000000.00,3.897696,98.34765625
08:01:16,91282CLM1,TSRYS5893517,D,S,D,2024-10-08,2000000.00,3.897696,98.34765625
08:01:16,91282CLM1,TSRYS5893517,D,S,D,2024-10-08,2000000.00,3.897696,98.34765625
08:01:16,91282CLM1,TSRYS5893517,D,S,D,2024-10-08,2000000.00,3.897696,98.34765625
08:01:16,91282CLM1,TSRYS5893517,D,S,D,2024-10-08,2000000.00,3.897696,98.34765625
08:01:16,91282CLM1,TSRYS5893517,D,B,C,2024-10-08,1000000.00,3.897696,98.34765625
08:01:16,91282CLM1,TSRYS5893517,D,S,D,2024-10-08,2000000.00,3.897696,98.34765625
08:01:16,91282CLM1,TSRYS5893517,D,S,D,2024-10-08,2000000.00,3.897696,98.34765625
08:01:16,91282CLM1,TSRYS5893517,D,B,C,2024-10-08,2000000.00,3.897696,98.34765625
08:01:16,91282CLM1,TSRYS5893517,D,S,D,2024-10-08,2000000.00,3.897696,98.34765625
08:01:16,91282CLM1,TSRYS5893517,D,B,C,2024-10-08,2000000.00,3.897696,98.34765625
08:01:16,91282CLM1,TSRYS5893517,D,B,C,2024-10-08,1000000.00,3.897696,98.34765625
08:01:16,91282CLM1,TSRYS5893517,D,S,D,2024-10-08,1000000.00,3.902256,98.3203125
08:01:16,91282CLM1,TSRYS5893517,D,B,C,2024-10-08,2000000.00,3.897696,98.34765625
08:01:16,91282CLM1,TSRYS5893517,D,B,C,2024-10-08,2000000.00,3.897696,98.34765625
08:01:16,91282CLM1,TSRYS5893517,D,S,D,2024-10-08,1000000.00,3.900953,98.328125
08:01:16,91282CLM1,TSRYS5893517,D,B,C,2024-10-08,2000000.00,3.897696,98.34765625
08:01:16,91282CLM1,TSRYS5893517,D,B,C,2024-10-08,1000000.00,3.902256,98.3203125
08:01:16,91282CLM1,TSRYS5893517,D,S,D,2024-10-08,1000000.00,3.905187,98.302734375
08:01:16,91282CLM1,TSRYS5893517,D,S,D,2024-10-08,1000000.00,3.902256,98.3203125
08:01:17,91282CLM1,TSRYS5893517,D,S,T,2024-10-08,1000000.00,3.924421,98.1875
08:01:17,91282CLM1,TSRYS5893517,D,S,D,2024-10-08,1000000.00,3.905187,98.302734375
08:01:17,91282CLM1,TSRYS5893517,D,B,C,2024-10-08,1000000.00,3.897696,98.34765625
08:01:17,91282CLM1,TSRYS5893517,D,B,C,2024-10-08,2000000.00,3.897696,98.34765625
08:01:17,91282CLM1,TSRYS5893517,D,B,C,2024-10-08,2000000.00,3.897696,98.34765625
08:01:17,91282CLM1,TSRYS5893517,D,B,C,2024-10-08,2000000.00,3.897696,98.34765625
08:01:17,91282CLM1,TSRYS5893517,D,B,C,2024-10-08,2000000.00,3.897696,98.34765625
08:01:17,91282CLM1,TSRYS5893517,D,S,D,2024-10-08,2000000.00,3.897696,98.34765625
08:01:17,91282CLM1,TSRYS5893517,D,S,D,2024-10-08,2000000.00,3.897696,98.34765625
08:01:17,91282CLM1,TSRYS5893517,D,S,D,2024-10-08,2000000.00,3.897696,98.34765625
08:01:17,91282CLM1,TSRYS5893517,D,S,D,2024-10-08,2000000.00,3.897696,98.34765625
08:01:17,91282CLM1,TSRYS5893517,D,B,C,2024-10-08,2000000.00,3.897696,98.34765625
08:01:17,91282CLM1,TSRYS5893517,D,B,C,2024-10-08,1000000.00,3.897696,98.34765625
08:01:17,91282CLM1,TSRYS5893517,D,S,D,2024-10-08,1000000.00,3.897696,98.34765625
08:01:17,91282CLM1,TSRYS5893517,D,B,C,2024-10-08,1000000.00,3.897696,98.34765625
08:01:17,91282CLM1,TSRYS5893517,D,S,D,2024-10-08,1000000.00,3.895417,98.361328125
08:01:17,91282CLM1,TSRYS5893517,D,S,D,2024-10-08,1000000.00,3.898022,98.345703125
08:01:17,91282CLM1,TSRYS5893517,D,S,C,2024-10-08,2000000.00,3.894441,98.3671875
08:01:17,91282CLM1,TSRYS5893517,D,S,D,2024-10-08,1000000.00,3.894441,98.3671875
08:01:17,91282CLM1,TSRYS5893517,D,S,D,2024-10-08,1000000.00,3.897696,98.34765625
08:01:17,91282CLM1,TSRYS5893517,D,S,D,2024-10-08,2000000.00,3.897696,98.34765625
08:01:17,91282CLM1,TSRYS5893517,D,S,D,2024-10-08,1000000.00,3.893464,98.373046875
08:01:17,91282CLM1,TSRYS5893517,D,S,D,2024-10-08,1000000.00,3.897696,98.34765625
08:01:17,91282CLM1,TSRYS5893517,D,S,D,2024-10-08,1000000.00,3.893464,98.373046875
08:01:17,91282CLM1,TSRYS5893517,D,S,C,2024-10-08,1000000.00,3.898673,98.341796875
08:01:17,91282CLM1,TSRYS5893517,D,S,D,2024-10-08,1000000.00,3.90193,98.322265625
08:01:17,91282CLM1,TSRYS5893517,D,S,D,2024-10-08,1000000.00,3.902256,98.3203125
08:01:17,91282CLM1,TSRYS5893517,D,S,D,2024-10-08,1000000.00,3.902256,98.3203125
08:01:17,91282CLM1,TSRYS5893517,D,S,C,2024-10-08,1000000.00,3.901604,98.32421875
08:01:17,91282CLM1,TSRYS5893517,D,S,D,2024-10-08,1000000.00,3.901278,98.326171875
08:01:17,91282CLM1,TSRYS5893517,D,S,A,2024-10-08,495000.00,3.898348,98.34375
08:01:17,91282CLM1,TSRYS5893517,D,B,C,2024-10-08,1000000.00,3.904536,98.306640625
08:01:17,91282CLM1,TSRYS5893517,D,S,D,2024-10-08,1000000.00,3.904536,98.306640625
08:01:17,91282CLM1,TSRYS5893517,D,S,D,2024-10-08,1000000.00,3.904536,98.306640625
08:01:17,91282CLM1,TSRYS5893517,D,B,C,2024-10-08,1000000.00,3.904536,98.306640625
08:01:18,91282CLM1,TSRYS5893517,D,S,D,2024-10-08,1000000.00,3.903558,98.3125
08:01:18,91282CLM1,TSRYS5893517,D,S,D,2024-10-08,1000000.00,3.902256,98.3203125
08:01:18,91282CLM1,TSRYS5893517,D,B,C,2024-10-08,1000000.00,3.905513,98.30078125
08:01:18,91282CLM1,TSRYS5893517,D,S,D,2024-10-08,1000000.00,3.905513,98.30078125
08:01:18,91282CLM1,TSRYS5893517,D,B,C,2024-10-08,1000000.00,3.905839,98.298828125
08:01:18,91282CLM1,TSRYS5893517,D,S,D,2024-10-08,1000000.00,3.905839,98.298828125
08:01:18,91282CLM1,TSRYS5893517,D,S,D,2024-10-08,1000000.00,3.906165,98.296875
08:01:18,91282CLM1,TSRYS5893517,D,S,D,2024-10-08,1000000.00,3.909749,98.275390625
08:01:18,91282CLM1,TSRYS5893517,D,S,D,2024-10-08,1000000.00,3.912682,98.2578125
08:01:18,91282CLM1,TSRYS5893517,D,S,C,2024-10-08,1000000.00,3.912356,98.259765625
08:01:18,91282CLM1,TSRYS5893517,D,B,C,2024-10-08,1000000.00,3.91366,98.251953125
08:01:18,91282CLM1,TSRYS5893517,D,S,D,2024-10-08,1000000.00,3.91366,98.251953125
08:01:18,91282CLM1,TSRYS5893517,D,S,C,2024-10-08,1000000.00,3.914964,98.244140625
08:01:18,91282CLM1,TSRYS5893517,D,S,D,2024-10-08,1000000.00,3.91529,98.2421875
08:01:18,91282CLM1,TSRYS5893517,D,S,D,2024-10-08,1000000.00,3.915616,98.240234375
08:01:18,91282CLM1,TSRYS5893517,D,S,C,2024-10-08,1000000.00,3.91529,98.2421875
08:01:18,91282CLM1,TSRYS5893517,D,S,C,2024-10-08,1000000.00,3.914964,98.244140625
08:01:18,91282CLM1,TSRYS5893517,D,S,D,2024-10-08,1000000.00,3.915616,98.240234375
08:01:18,91282CLM1,TSRYS5893517,D,S,D,2024-10-08,1000000.00,3.914312,98.248046875
08:01:19,91282CLM1,TSRYS5893517,D,S,C,2024-10-08,1000000.00,3.916268,98.236328125
08:01:19,91282CLM1,TSRYS5893517,D,S,C,2024-10-08,2000000.00,3.912682,98.2578125
08:01:19,91282CLM1,TSRYS5893517,D,S,C,2024-10-08,2000000.00,3.91529,98.2421875
08:01:19,91282CLM1,TSRYS5893517,D,S,D,2024-10-08,2000000.00,3.914312,98.248046875
08:01:19,91282CLM1,TSRYS5893517,D,S,C,2024-10-08,5500000.00,3.910726,98.26953125
08:01:19,91282CLM1,TSRYS5893517,D,S,C,2024-10-08,1000000.00,3.913008,98.255859375
08:01:19,91282CLM1,TSRYS5893517,D,S,D,2024-10-08,1000000.00,3.911378,98.265625
08:01:19,91282CLM1,TSRYS5893517,D,S,D,2024-10-08,1000000.00,3.911378,98.265625
08:01:19,91282CLM1,TSRYS5893517,D,S,D,2024-10-08,1000000.00,3.913008,98.255859375
08:01:19,91282CLM1,TSRYS5893517,D,S,C,2024-10-08,1000000.00,3.91366,98.251953125
08:01:19,91282CLM1,TSRYS5893517,D,S,C,2024-10-08,1000000.00,3.914638,98.24609375
08:01:19,91282CLM1,TSRYS5893517,D,S,C,2024-10-08,1000000.00,3.911704,98.263671875
08:01:19,91282CLM1,TSRYS5893517,D,S,D,2024-10-08,1000000.00,3.912682,98.2578125
08:01:19,91282CLM1,TSRYS5893517,D,S,T,2024-10-08,1000000.00,3.906186,98.296745
08:01:19,91282CLM1,TSRYS5893517,D,S,T,2024-10-08,1000000.00,3.906186,98.296745
08:01:19,91282CLM1,TSRYS5893517,D,S,C,2024-10-08,1000000.00,3.913986,98.25
08:01:19,91282CLM1,TSRYS5893517,D,S,C,2024-10-08,94700000.00,3.913986,98.25
08:01:19,91282CLM1,TSRYS5893517,D,S,D,2024-10-08,1000000.00,3.916594,98.234375
08:01:19,91282CLM1,TSRYS5893517,D,S,C,2024-10-08,1000000.00,3.916594,98.234375
08:01:19,91282CLM1,TSRYS5893517,D,S,C,2024-10-08,1000000.00,3.916594,98.234375
08:01:19,91282CLM1,TSRYS5893517,D,S,D,2024-10-08,1000000.00,3.921812,98.203125
08:01:19,91282CLM1,TSRYS5893517,D,S,D,2024-10-08,1000000.00,3.923442,98.193359375
08:01:19,91282CLM1,TSRYS5893517,D,S,D,2024-10-08,1000000.00,3.923442,98.193359375
08:01:19,91282CLM1,TSRYS5893517,D,B,C,2024-10-08,670000.00,3.920507,98.2109375
08:01:20,91282CLM1,TSRYS5893517,D,S,D,2024-10-08,1000000.00,3.922464,98.19921875
08:01:20,91282CLM1,TSRYS5893517,D,B,C,2024-10-08,5000000.00,3.903558,98.3125
08:01:20,91282CLM1,TSRYS5893517,D,S,D,2024-10-08,1000000.00,3.905187,98.30273437
08:01:20,91282CLM1,TSRYS5893517,D,S,D,2024-10-08,1000000.00,3.928989,98.16015625
08:01:20,91282CLM1,TSRYS5893517,D,S,D,2024-10-08,1000000.00,3.928989,98.16015625
08:01:20,91282CLM1,TSRYS5893517,D,B,C,2024-10-08,1000000.00,3.928989,98.16015625
08:01:20,91282CLM1,TSRYS5893517,D,B,C,2024-10-08,1000000.00,3.928989,98.16015625
08:01:20,91282CLM1,TSRYS5893517,D,S,D,2024-10-08,1000000.00,3.928989,98.16015625
08:01:20,91282CLM1,TSRYS5893517,D,B,C,2024-10-08,1000000.00,3.928989,98.16015625
08:01:20,91282CLM1,TSRYS5893517,D,S,D,2024-10-08,1000000.00,3.928989,98.16015625
08:01:20,91282CLM1,TSRYS5893517,D,S,D,2024-10-08,1000000.00,3.928989,98.16015625
08:01:20,91282CLM1,TSRYS5893517,D,B,C,2024-10-08,1000000.00,3.928989,98.16015625
08:01:20,91282CLM1,TSRYS5893517,D,B,C,2024-10-08,1000000.00,3.928989,98.16015625
08:01:21,91282CLM1,TSRYS5893517,D,S,D,2024-10-08,1000000.00,3.927031,98.171875
08:01:21,91282CLM1,TSRYS5893517,D,B,C,2024-10-08,1000000.00,3.924095,98.189453125
08:01:21,91282CLM1,TSRYS5893517,D,S,D,2024-10-08,1000000.00,3.924095,98.189453125
08:01:21,91282CLM1,TSRYS5893517,D,S,D,2024-10-08,1000000.00,3.9254,98.181640625
08:01:21,91282CLM1,TSRYS5893517,D,B,C,2024-10-08,1000000.00,3.922464,98.19921875
08:01:21,91282CLM1,TSRYS5893517,D,S,T,2024-10-08,1000000.00,3.909097,98.27929687
08:01:21,91282CLM1,TSRYS5893517,D,S,D,2024-10-08,1000000.00,3.922464,98.19921875
08:01:21,91282CLM1,TSRYS5893517,D,S,D,2024-10-08,1000000.00,3.921812,98.203125
08:01:21,91282CLM1,TSRYS5893517,D,B,C,2024-10-08,1000000.00,3.921812,98.203125
08:01:21,91282CLM1,TSRYS5893517,D,B,C,2024-10-08,1000000.00,3.92279,98.197265625
08:01:21,91282CLM1,TSRYS5893517,D,S,D,2024-10-08,1000000.00,3.92279,98.197265625
08:01:21,91282CLM1,TSRYS5893517,D,S,D,2024-10-08,1000000.00,3.92279,98.197265625
08:01:21,91282CLM1,TSRYS5893517,D,S,D,2024-10-08,1000000.00,3.92279,98.197265625
08:01:22,91282CLM1,TSRYS5893517,D,S,C,2024-10-08,1000000.00,3.917572,98.228515625
08:01:22,91282CLM1,TSRYS5893517,D,S,D,2024-10-08,1000000.00,3.923116,98.1953125
08:01:22,91282CLM1,TSRYS5893517,D,S,C,2024-10-08,1000000.00,3.917246,98.23046875
08:01:22,91282CLM1,TSRYS5893517,D,S,C,2024-10-08,1000000.00,3.917246,98.23046875
08:01:22,91282CLM1,TSRYS5893517,D,S,C,2024-10-08,1000000.00,3.91692,98.232421875
08:01:22,91282CLM1,TSRYS5893517,D,B,C,2024-10-08,1000000.00,3.92279,98.197265625
08:01:22,91282CLM1,TSRYS5893517,D,S,D,2024-10-08,1000000.00,3.92279,98.197265625
08:01:22,91282CLM1,TSRYS5893517,D,S,D,2024-10-08,1000000.00,3.92279,98.197265625
08:01:22,91282CLM1,TSRYS5893517,D,S,D,2024-10-08,1000000.00,3.917246,98.23046875
08:01:22,91282CLM1,TSRYS5893517,D,S,C,2024-10-08,1000000.00,3.916268,98.236328125
08:01:22,91282CLM1,TSRYS5893517,D,S,C,2024-10-08,1000000.00,3.915942,98.23828125
08:01:22,91282CLM1,TSRYS5893517,D,S,C,2024-10-08,1000000.00,3.916268,98.236328125
08:01:22,91282CLM1,TSRYS5893517,D,S,D,2024-10-08,1000000.00,3.917246,98.23046875
08:01:22,91282CLM1,TSRYS5893517,D,S,D,2024-10-08,1000000.00,3.922138,98.201171875
08:01:22,91282CLM1,TSRYS5893517,D,S,D,2024-10-08,1000000.00,3.922464,98.19921875
08:01:22,91282CLM1,TSRYS5893517,D,S,C,2024-10-08,1000000.00,3.920507,98.2109375
08:01:22,91282CLM1,TSRYS5893517,D,S,D,2024-10-08,1000000.00,3.919203,98.21875
08:01:22,91282CLM1,TSRYS5893517,D,B,C,2024-10-08,1000000.00,3.919203,98.21875
08:01:22,91282CLM1,TSRYS5893517,D,S,D,2024-10-08,1000000.00,3.919203,98.21875
08:01:22,91282CLM1,TSRYS5893517,D,B,C,2024-10-08,1000000.00,3.919203,98.21875
08:01:22,91282CLM1,TSRYS5893517,D,S,C,2024-10-08,1000000.00,3.920507,98.2109375
08:01:22,91282CLM1,TSRYS5893517,D,S,C,2024-10-08,1000000.00,3.909423,98.27734375
08:01:22,91282CLM1,TSRYS5893517,D,S,D,2024-10-08,1000000.00,3.922138,98.201171875
08:01:22,91282CLM1,TSRYS5893517,D,B,C,2024-10-08,1000000.00,3.922138,98.201171875
08:01:22,91282CLM1,TSRYS5893517,D,S,D,2024-10-08,1000000.00,3.922138,98.201171875
08:01:22,91282CLM1,TSRYS5893517,D,S,D,2024-10-08,1000000.00,3.921812,98.203125
08:01:22,91282CLM1,TSRYS5893517,D,B,C,2024-10-08,1000000.00,3.921812,98.203125
08:01:22,91282CLM1,TSRYS5893517,D,S,D,2024-10-08,1000000.00,3.920507,98.2109375
08:01:22,91282CLM1,TSRYS5893517,D,B,C,2024-10-08,1000000.00,3.920507,98.2109375
08:01:22,91282CLM1,TSRYS5893517,D,B,C,2024-10-08,1000000.00,3.921812,98.203125
08:01:22,91282CLM1,TSRYS5893517,D,S,D,2024-10-08,1000000.00,3.921812,98.203125
08:01:22,91282CLM1,TSRYS5893517,D,B,C,2024-10-08,1000000.00,3.920181,98.212890625
08:01:22,91282CLM1,TSRYS5893517,D,B,A,2024-10-08,1000000.00,3.921159,98.20703125
08:01:22,91282CLM1,TSRYS5893517,D,S,D,2024-10-08,1000000.00,3.920181,98.212890625
08:01:22,91282CLM1,TSRYS5893517,D,S,D,2024-10-08,1000000.00,3.921209,98.20673125
08:01:22,91282CLM1,TSRYS5893517,D,S,D,2024-10-08,1000000.00,3.920507,98.2109375
08:01:22,91282CLM1,TSRYS5893517,D,S,D,2024-10-08,1000000.00,3.920181,98.212890625
08:01:22,91282CLM1,TSRYS5893517,D,S,D,2024-10-08,1000000.00,3.920181,98.212890625
08:01:23,91282CLM1,TSRYS5893517,D,S,D,2024-10-08,1000000.00,3.919855,98.21484375
08:01:23,91282CLM1,TSRYS5893517,D,S,D,2024-10-08,2000000.00,3.919855,98.21484375
08:01:23,91282CLM1,TSRYS5893517,D,S,D,2024-10-08,1000000.00,3.919529,98.216796875
08:01:23,91282CLM1,TSRYS5893517,D,S,D,2024-10-08,1000000.00,3.919529,98.216796875
08:01:23,91282CLM1,TSRYS5893517,D,S,D,2024-10-08,1000000.00,3.919529,98.216796875
08:01:23,91282CLM1,TSRYS5893517,D,S,D,2024-10-08,1000000.00,3.919529,98.216796875
08:01:23,91282CLM1,TSRYS5893517,D,S,D,2024-10-08,1000000.00,3.920507,98.2109375
08:01:23,91282CLM1,TSRYS5893517,D,B,C,2024-10-08,1000000.00,3.920507,98.2109375
08:01:23,91282CLM1,TSRYS5893517,D,S,D,2024-10-08,1000000.00,3.920507,98.2109375
08:01:23,91282CLM1,TSRYS5893517,D,B,C,2024-10-08,1000000.00,3.920507,98.2109375
08:01:23,91282CLM1,TSRYS5893517,D,S,C,2024-10-08,1000000.00,3.920507,98.2109375
08:01:23,91282CLM1,TSRYS5893517,D,S,C,2024-10-08,1000000.00,3.921159,98.20703125
08:01:23,91282CLM1,TSRYS5893517,D,S,D,2024-10-08,1000000.00,3.920507,98.2109375
08:01:23,91282CLM1,TSRYS5893517,D,S,T,2024-10-08,1000000.00,3.893139,98.375
08:01:23,91282CLM1,TSRYS5893517,D,S,T,2024-10-08,1000000.00,3.893139,98.375
08:01:23,91282CLM1,TSRYS5893517,D,S,T,2024-10-08,1000000.00,3.893139,98.375
08:01:23,91282CLM1,TSRYS5893517,D,S,T,2024-10-08,1000000.00,3.893139,98.375
08:01:23,91282CLM1,TSRYS5893517,D,S,D,2024-10-08,1000000.00,3.921159,98.20703125
08:01:23,91282CLM1,TSRYS5893517,D,S,T,2024-10-08,1000000.00,3.893139,98.375
08:01:23,91282CLM1,TSRYS5893517,D,S,T,2024-10-08,1000000.00,3.893156,98.374898
08:01:23,91282CLM1,TSRYS5893517,D,S,D,2024-10-08,1000000.00,3.919529,98.216796875
08:01:23,91282CLM1,TSRYS5893517,D,S,T,2024-10-08,1000000.00,3.893156,98.374898
08:01:23,91282CLM1,TSRYS5893517,D,S,T,2024-10-08,1000000.00,3.893156,98.374898
08:01:23,91282CLM1,TSRYS5893517,D,S,D,2024-10-08,1000000.00,3.923442,98.193359375
08:01:23,91282CLM1,TSRYS5893517,D,S,C,2024-10-08,1000000.00,3.924095,98.189453125
08:01:23,91282CLM1,TSRYS5893517,D,S,C,2024-10-08,1000000.00,3.924421,98.1875
08:01:24,91282CLM1,TSRYS5893517,D,S,C,2024-10-08,1000000.00,3.919203,98.21875
08:01:24,91282CLM1,TSRYS5893517,D,S,C,2024-10-08,1000000.00,3.919203,98.21875
08:01:24,91282CLM1,TSRYS5893517,D,S,D,2024-10-08,1000000.00,3.916268,98.236328125
08:01:24,91282CLM1,TSRYS5893517,D,S,D,2024-10-08,1000000.00,3.916268,98.236328125
08:01:24,91282CLM1,TSRYS5893517,D,S,T,2024-10-08,1000000.00,3.895776,98.359175
08:01:24,91282CLM1,TSRYS5893517,D,S,D,2024-10-08,1000000.00,3.916594,98.234375
08:01:24,91282CLM1,TSRYS5893517,D,S,T,2024-10-08,1000000.00,3.917246,98.23046875
08:01:24,91282CLM1,TSRYS5893517,D,S,T,2024-10-08,1000000.00,3.900301,98.33203125
08:01:24,91282CLM1,TSRYS5893517,D,S,T,2024-10-08,1000000.00,3.900627,98.330078125
08:01:24,91282CLM1,TSRYS5893517,D,S,T,2024-10-08,1000000.00,3.900627,98.330078125
08:01:24,91282CLM1,TSRYS5893517,D,S,T,2024-10-08,1000000.00,3.900627,98.330078125
08:01:24,91282CLM1,TSRYS5893517,D,S,T,2024-10-08,1000000.00,3.900953,98.328125
08:01:24,91282CLM1,TSRYS5893517,D,S,C,2024-10-08,1000000.00,3.916268,98.236328125
08:01:24,91282CLM1,TSRYS5893517,D,S,T,2024-10-08,1000000.00,3.895776,98.359175
08:01:25,91282CLM1,TSRYS5893517,D,S,D,2024-10-08,1000000.00,3.91692,98.232421875
08:01:25,91282CLM1,TSRYS5893517,D,S,D,2024-10-08,1000000.00,3.914312,98.248046875
08:01:25,91282CLM1,TSRYS5893517,D,S,D,2024-10-08,1000000.00,3.915616,98.240234375
08:01:25,91282CLM1,TSRYS5893517,D,S,T,2024-10-08,1000000.00,3.917246,98.23046875
08:01:25,91282CLM1,TSRYS5893517,D,S,D,2024-10-08,1000000.00,3.917246,98.23046875
08:01:25,91282CLM1,TSRYS5893517,D,S,D,2024-10-08,1000000.00,3.915616,98.240234375
08:01:25,91282CLM1,TSRYS5893517,D,S,D,2024-10-08,1000000.00,3.916594,98.234375
08:01:25,91282CLM1,TSRYS5893517,D,S,D,2024-10-08,1000000.00,3.91692,98.232421875
08:01:25,91282CLM1,TSRYS5893517,D,B,C,2024-10-08,1000000.00,3.91529,98.2421875
08:01:25,91282CLM1,TSRYS5893517,D,S,C,2024-10-08,1000000.00,3.91529,98.2421875
08:01:25,91282CLM1,TSRYS5893517,D,S,C,2024-10-08,1000000.00,3.913986,98.25
08:01:25,91282CLM1,TSRYS5893517,D,S,C,2024-10-08,2000000.00,3.913986,98.25
08:01:25,91282CLM1,TSRYS5893517,D,S,C,2024-10-08,2000000.00,3.913986,98.25
