tradeTime,cusip,issueSymbolIdentifier,priceType,reportingSideCode,contraPartyTypeCode,tradeDate,reportedTradeVolume,lastSaleYield,lastSalePrice
08:00:05,91282CKV2,TSRYS5823596,D,S,T,2024-06-24,1000000.00,4.471386,100.421875
08:00:08,91282CKV2,TSRYS5823596,D,S,D,2024-06-24,1000000.00,4.469265,100.427734375
08:00:08,91282CKV2,TSRYS5823596,D,S,D,2024-06-24,1000000.00,4.466437,100.435546875
08:00:08,91282CKV2,TSRYS5823596,D,S,D,2024-06-24,1000000.00,4.462902,100.4453125
08:00:08,91282CKV2,TSRYS5823596,D,S,D,2024-06-24,1000000.00,4.460075,100.453125
08:00:08,91282CKV2,TSRYS5823596,D,S,D,2024-06-24,1000000.00,4.460075,100.453125
08:00:08,91282CKV2,TSRYS5823596,D,S,D,2024-06-24,1000000.00,4.459368,100.455078125
08:00:08,91282CKV2,TSRYS5823596,D,S,D,2024-06-24,1000000.00,4.458661,100.45703125
08:00:08,91282CKV2,TSRYS5823596,D,S,D,2024-06-24,1000000.00,4.462902,100.4453125
08:00:08,91282CKV2,TSRYS5823596,D,S,D,2024-06-24,1000000.00,4.462902,100.4453125
08:00:08,91282CKV2,TSRYS5823596,D,S,D,2024-06-24,1000000.00,4.464316,100.44140625
08:00:08,91282CKV2,TSRYS5823596,D,S,T,2024-06-24,4000000.00,4.468557,100.4296875
08:00:08,91282CKV2,TSRYS5823596,D,S,T,2024-06-24,8000000.00,4.468557,100.4296875
08:00:08,91282CKV2,TSRYS5823596,D,S,T,2024-06-24,2000000.00,4.468557,100.4296875
08:00:08,91282CKV2,TSRYS5823596,D,S,T,2024-06-24,4000000.00,4.471386,100.421875
08:00:08,91282CKV2,TSRYS5823596,D,S,T,2024-06-24,1000000.00,4.471386,100.421875
08:00:08,91282CKV2,TSRYS5823596,D,S,D,2024-06-24,2000000.00,4.471386,100.421875
08:00:08,91282CKV2,TSRYS5823596,D,S,D,2024-06-24,1000000.00,4.471386,100.421875
08:00:08,91282CKV2,TSRYS5823596,D,S,D,2024-06-24,1000000.00,4.472093,100.419921875
08:00:08,91282CKV2,TSRYS5823596,D,S,D,2024-06-24,1000000.00,4.4728,100.41796875
08:00:12,91282CKV2,TSRYS5823596,D,S,D,2024-06-24,1080000.00,4.474214,100.4140625
08:00:12,91282CKV2,TSRYS5823596,D,S,D,2024-06-24,1000000.00,4.462902,100.4453125
08:00:12,91282CKV2,TSRYS5823596,D,S,D,2024-06-24,1000000.00,4.462902,100.4453125
08:00:13,91282CKV2,TSRYS5823596,D,S,D,2024-06-24,1000000.00,4.467144,100.43359375
08:00:13,91282CKV2,TSRYS5823596,D,S,T,2024-06-24,1000000.00,4.467144,100.43359375
08:00:13,91282CKV2,TSRYS5823596,D,S,T,2024-06-24,1000000.00,4.461488,100.44921875
08:00:13,91282CKV2,TSRYS5823596,D,S,T,2024-06-24,1000000.00,4.462902,100.4453125
08:00:13,91282CKV2,TSRYS5823596,D,S,T,2024-06-24,1000000.00,4.462902,100.4453125
08:00:13,91282CKV2,TSRYS5823596,D,S,T,2024-06-24,1000000.00,4.462902,100.4453125
08:00:13,91282CKV2,TSRYS5823596,D,S,T,2024-06-24,1000000.00,4.462902,100.4453125
08:00:13,91282CKV2,TSRYS5823596,D,S,T,2024-06-24,1000000.00,4.461488,100.44921875
08:00:13,91282CKV2,TSRYS5823596,D,S,T,2024-06-24,1000000.00,4.461488,100.44921875
08:00:13,91282CKV2,TSRYS5823596,D,S,T,2024-06-24,1000000.00,4.464316,100.44140625
08:00:13,91282CKV2,TSRYS5823596,D,S,T,2024-06-24,1000000.00,4.464316,100.44140625
08:00:13,91282CKV2,TSRYS5823596,D,S,T,2024-06-24,1000000.00,4.465023,100.439453125
08:00:13,91282CKV2,TSRYS5823596,D,S,T,2024-06-24,1000000.00,4.466437,100.435546875
08:00:13,91282CKV2,TSRYS5823596,D,S,T,2024-06-24,1000000.00,4.46573,100.4375
08:00:13,91282CKV2,TSRYS5823596,D,S,T,2024-06-24,1000000.00,4.466437,100.435546875
08:00:13,91282CKV2,TSRYS5823596,D,S,T,2024-06-24,1000000.00,4.46573,100.4375
08:00:13,91282CKV2,TSRYS5823596,D,S,T,2024-06-24,1000000.00,4.46573,100.4375
08:00:13,91282CKV2,TSRYS5823596,D,S,T,2024-06-24,1000000.00,4.460075,100.453125
08:00:13,91282CKV2,TSRYS5823596,D,S,T,2024-06-24,1000000.00,4.462195,100.447265625
08:00:13,91282CKV2,TSRYS5823596,D,S,T,2024-06-24,1000000.00,4.458661,100.45703125
08:00:13,91282CKV2,TSRYS5823596,D,S,T,2024-06-24,1000000.00,4.459368,100.455078125
08:00:13,91282CKV2,TSRYS5823596,D,S,T,2024-06-24,1000000.00,4.459368,100.455078125
08:00:13,91282CKV2,TSRYS5823596,D,S,T,2024-06-24,1000000.00,4.459368,100.455078125
08:00:13,91282CKV2,TSRYS5823596,D,S,T,2024-06-24,1000000.00,4.459368,100.455078125
08:00:13,91282CKV2,TSRYS5823596,D,S,T,2024-06-24,1000000.00,4.459368,100.455078125
08:00:13,91282CKV2,TSRYS5823596,D,S,T,2024-06-24,1000000.00,4.459368,100.455078125
08:00:13,91282CKV2,TSRYS5823596,D,S,T,2024-06-24,1000000.00,4.460075,100.453125
08:00:13,91282CKV2,TSRYS5823596,D,S,T,2024-06-24,1000000.00,4.460075,100.453125
08:00:13,91282CKV2,TSRYS5823596,D,S,T,2024-06-24,1000000.00,4.459368,100.455078125
08:00:13,91282CKV2,TSRYS5823596,D,S,T,2024-06-24,1000000.00,4.460075,100.453125
08:00:13,91282CKV2,TSRYS5823596,D,S,T,2024-06-24,1000000.00,4.462902,100.4453125
08:00:13,91282CKV2,TSRYS5823596,D,S,T,2024-06-24,1000000.00,4.462902,100.4453125
08:00:13,91282CKV2,TSRYS5823596,D,S,T,2024-06-24,1000000.00,4.462195,100.447265625
08:00:13,91282CKV2,TSRYS5823596,D,S,T,2024-06-24,1000000.00,4.462195,100.447265625
08:00:13,91282CKV2,TSRYS5823596,D,S,T,2024-06-24,1000000.00,4.462902,100.4453125
08:00:13,91282CKV2,TSRYS5823596,D,S,T,2024-06-24,1000000.00,4.462902,100.4453125
08:00:13,91282CKV2,TSRYS5823596,D,S,T,2024-06-24,1000000.00,4.462902,100.4453125
08:00:13,91282CKV2,TSRYS5823596,D,S,T,2024-06-24,1000000.00,4.464316,100.44140625
08:00:13,91282CKV2,TSRYS5823596,D,S,T,2024-06-24,1000000.00,4.464316,100.44140625
08:00:14,91282CKV2,TSRYS5823596,D,S,T,2024-06-24,1000000.00,4.4728,100.41796875
08:00:14,91282CKV2,TSRYS5823596,D,S,T,2024-06-24,1000000.00,4.4728,100.41796875
08:00:14,91282CKV2,TSRYS5823596,D,S,T,2024-06-24,1000000.00,4.472093,100.419921875
08:00:14,91282CKV2,TSRYS5823596,D,S,T,2024-06-24,1000000.00,4.4728,100.41796875
08:00:14,91282CKV2,TSRYS5823596,D,S,T,2024-06-24,1000000.00,4.4728,100.41796875
08:00:14,91282CKV2,TSRYS5823596,D,S,T,2024-06-24,1000000.00,4.4728,100.41796875
08:00:14,91282CKV2,TSRYS5823596,D,S,T,2024-06-24,1000000.00,4.4728,100.41796875
08:00:14,91282CKV2,TSRYS5823596,D,S,T,2024-06-24,1000000.00,4.4728,100.41796875
08:00:14,91282CKV2,TSRYS5823596,D,S,T,2024-06-24,1000000.00,4.4728,100.41796875
08:00:14,91282CKV2,TSRYS5823596,D,S,T,2024-06-24,1000000.00,4.4728,100.41796875
08:00:14,91282CKV2,TSRYS5823596,D,S,D,2024-06-24,1000000.00,4.460075,100.453125
08:00:14,91282CKV2,TSRYS5823596,D,S,T,2024-06-24,1000000.00,4.474214,100.4140625
08:00:14,91282CKV2,TSRYS5823596,D,S,T,2024-06-24,1000000.00,4.474214,100.4140625
08:00:14,91282CKV2,TSRYS5823596,D,S,T,2024-06-24,1000000.00,4.474921,100.412109375
08:00:14,91282CKV2,TSRYS5823596,D,S,T,2024-06-24,1000000.00,4.47775,100.404296875
08:00:15,91282CKV2,TSRYS5823596,D,S,D,2024-06-24,1000000.00,4.461488,100.44921875
08:00:15,91282CKV2,TSRYS5823596,D,S,D,2024-06-24,1000000.00,4.461488,100.44921875
08:00:15,91282CKV2,TSRYS5823596,D,S,D,2024-06-24,1000000.00,4.461488,100.44921875
08:00:15,91282CKV2,TSRYS5823596,D,S,D,2024-06-24,1000000.00,4.461488,100.44921875
08:00:15,91282CKV2,TSRYS5823596,D,S,D,2024-06-24,1000000.00,4.461488,100.44921875
08:00:15,91282CKV2,TSRYS5823596,D,S,D,2024-06-24,1000000.00,4.461488,100.44921875
08:00:15,91282CKV2,TSRYS5823596,D,S,D,2024-06-24,2000000.00,4.461488,100.44921875
08:00:15,91282CKV2,TSRYS5823596,D,S,D,2024-06-24,1000000.00,4.461488,100.44921875
08:00:15,91282CKV2,TSRYS5823596,D,S,D,2024-06-24,1000000.00,4.461488,100.44921875
08:00:15,91282CKV2,TSRYS5823596,D,S,D,2024-06-24,1000000.00,4.461488,100.44921875
08:00:15,91282CKV2,TSRYS5823596,D,S,D,2024-06-24,1000000.00,4.461488,100.44921875
08:00:15,91282CKV2,TSRYS5823596,D,S,D,2024-06-24,1000000.00,4.464316,100.44140625
08:00:15,91282CKV2,TSRYS5823596,D,S,D,2024-06-24,1000000.00,4.464316,100.44140625
08:00:15,91282CKV2,TSRYS5823596,D,S,D,2024-06-24,1000000.00,4.464316,100.44140625
08:00:16,91282CKV2,TSRYS5823596,D,S,D,2024-06-24,1000000.00,4.461488,100.44921875
08:00:17,91282CKV2,TSRYS5823596,D,S,D,2024-06-24,1000000.00,4.4765,100.4077490062
08:00:17,91282CKV2,TSRYS5823596,D,S,D,2024-06-24,1000000.00,4.461488,100.44921875
08:00:20,91282CKV2,TSRYS5823596,D,S,D,2024-06-24,1000000.00,4.467144,100.43359375
08:00:21,91282CKV2,TSRYS5823596,D,S,C,2024-06-24,1000000.00,4.468557,100.4296875
08:00:22,91282CKV2,TSRYS5823596,D,S,T,2024-06-24,1000000.00,4.462902,100.4453125
08:00:22,91282CKV2,TSRYS5823596,D,S,T,2024-06-24,1000000.00,4.461488,100.44921875
08:00:22,91282CKV2,TSRYS5823596,D,B,C,2024-06-24,1000000.00,4.461488,100.44921875
08:00:23,91282CKV2,TSRYS5823596,D,B,C,2024-06-24,1000000.00,4.461488,100.44921875
08:00:25,91282CKV2,TSRYS5823596,D,S,D,2024-06-24,1000000.00,4.458661,100.45703125
08:00:25,91282CKV2,TSRYS5823596,D,S,D,2024-06-24,1000000.00,4.458661,100.45703125
08:00:26,91282CKV2,TSRYS5823596,D,S,T,2024-06-24,2000000.00,4.464316,100.44140625
08:00:26,91282CKV2,TSRYS5823596,D,S,T,2024-06-24,1000000.00,4.463609,100.443359375
08:00:26,91282CKV2,TSRYS5823596,D,S,D,2024-06-24,1000000.00,4.462902,100.4453125
08:00:29,91282CKV2,TSRYS5823596,D,S,T,2024-06-24,1000000.00,4.46573,100.4375
08:00:29,91282CKV2,TSRYS5823596,D,S,T,2024-06-24,1000000.00,4.46573,100.4375
08:00:30,91282CKV2,TSRYS5823596,D,S,D,2024-06-24,1000000.00,4.460075,100.453125
08:00:30,91282CKV2,TSRYS5823596,D,S,D,2024-06-24,1000000.00,4.468557,100.4296875
08:00:33,91282CKV2,TSRYS5823596,D,S,D,2024-06-24,2000000.00,4.473507,100.416015625
08:00:33,91282CKV2,TSRYS5823596,D,S,T,2024-06-24,1000000.00,4.463609,100.443359375
08:00:33,91282CKV2,TSRYS5823596,D,S,T,2024-06-24,1000000.00,4.46573,100.4375
08:00:33,91282CKV2,TSRYS5823596,D,S,T,2024-06-24,1000000.00,4.467144,100.43359375
08:00:33,91282CKV2,TSRYS5823596,D,S,T,2024-06-24,1000000.00,4.467144,100.43359375
08:00:33,91282CKV2,TSRYS5823596,D,S,T,2024-06-24,1000000.00,4.468557,100.4296875
08:00:33,91282CKV2,TSRYS5823596,D,S,T,2024-06-24,1000000.00,4.468557,100.4296875
08:00:33,91282CKV2,TSRYS5823596,D,S,T,2024-06-24,1000000.00,4.455834,100.46484375
08:00:33,91282CKV2,TSRYS5823596,D,S,T,2024-06-24,1000000.00,4.455834,100.46484375
08:00:33,91282CKV2,TSRYS5823596,D,S,T,2024-06-24,2000000.00,4.457247,100.4609375
08:00:33,91282CKV2,TSRYS5823596,D,S,T,2024-06-24,1000000.00,4.464316,100.44140625
08:00:33,91282CKV2,TSRYS5823596,D,S,T,2024-06-24,1000000.00,4.469972,100.42578125
08:00:33,91282CKV2,TSRYS5823596,D,S,T,2024-06-24,1000000.00,4.469972,100.42578125
08:00:33,91282CKV2,TSRYS5823596,D,S,T,2024-06-24,1000000.00,4.469972,100.42578125
08:00:33,91282CKV2,TSRYS5823596,D,S,T,2024-06-24,1000000.00,4.471386,100.421875
08:00:33,91282CKV2,TSRYS5823596,D,S,T,2024-06-24,1000000.00,4.471386,100.421875
08:00:33,91282CKV2,TSRYS5823596,D,S,T,2024-06-24,1000000.00,4.471386,100.421875
08:00:33,91282CKV2,TSRYS5823596,D,S,T,2024-06-24,1000000.00,4.462902,100.4453125
08:00:33,91282CKV2,TSRYS5823596,D,S,T,2024-06-24,1000000.00,4.463609,100.443359375
08:00:33,91282CKV2,TSRYS5823596,D,S,T,2024-06-24,1000000.00,4.465023,100.439453125
08:00:33,91282CKV2,TSRYS5823596,D,S,T,2024-06-24,1000000.00,4.462902,100.4453125
08:00:33,91282CKV2,TSRYS5823596,D,S,T,2024-06-24,1000000.00,4.464316,100.44140625
08:00:33,91282CKV2,TSRYS5823596,D,S,T,2024-06-24,1000000.00,4.464316,100.44140625
08:00:33,91282CKV2,TSRYS5823596,D,S,T,2024-06-24,1000000.00,4.464316,100.44140625
08:00:33,91282CKV2,TSRYS5823596,D,S,T,2024-06-24,1000000.00,4.462902,100.4453125
08:00:33,91282CKV2,TSRYS5823596,D,S,T,2024-06-24,1000000.00,4.457247,100.4609375
08:00:33,91282CKV2,TSRYS5823596,D,S,T,2024-06-24,1000000.00,4.461488,100.44921875
08:00:33,91282CKV2,TSRYS5823596,D,S,T,2024-06-24,1000000.00,4.462902,100.4453125
08:00:33,91282CKV2,TSRYS5823596,D,S,T,2024-06-24,1000000.00,4.462902,100.4453125
08:00:33,91282CKV2,TSRYS5823596,D,S,T,2024-06-24,1000000.00,4.462902,100.4453125
08:00:33,91282CKV2,TSRYS5823596,D,S,T,2024-06-24,1000000.00,4.462902,100.4453125
08:00:33,91282CKV2,TSRYS5823596,D,S,T,2024-06-24,1000000.00,4.460075,100.453125
08:00:33,91282CKV2,TSRYS5823596,D,S,T,2024-06-24,1000000.00,4.462902,100.4453125
08:00:33,91282CKV2,TSRYS5823596,D,S,T,2024-06-24,1000000.00,4.462902,100.4453125
08:00:33,91282CKV2,TSRYS5823596,D,S,T,2024-06-24,1000000.00,4.462902,100.4453125
08:00:33,91282CKV2,TSRYS5823596,D,S,T,2024-06-24,1000000.00,4.462902,100.4453125
08:00:33,91282CKV2,TSRYS5823596,D,S,T,2024-06-24,1000000.00,4.462902,100.4453125
08:00:33,91282CKV2,TSRYS5823596,D,S,T,2024-06-24,1000000.00,4.462902,100.4453125
08:00:33,91282CKV2,TSRYS5823596,D,S,T,2024-06-24,1000000.00,4.462902,100.4453125
08:00:33,91282CKV2,TSRYS5823596,D,S,T,2024-06-24,1000000.00,4.462902,100.4453125
08:00:33,91282CKV2,TSRYS5823596,D,S,T,2024-06-24,1000000.00,4.462902,100.4453125
08:00:33,91282CKV2,TSRYS5823596,D,S,T,2024-06-24,2000000.00,4.463609,100.443359375
08:00:33,91282CKV2,TSRYS5823596,D,S,T,2024-06-24,1000000.00,4.462902,100.4453125
08:00:33,91282CKV2,TSRYS5823596,D,S,T,2024-06-24,1000000.00,4.461488,100.44921875
08:00:33,91282CKV2,TSRYS5823596,D,S,T,2024-06-24,1000000.00,4.461488,100.44921875
08:00:33,91282CKV2,TSRYS5823596,D,S,T,2024-06-24,1000000.00,4.461488,100.44921875
08:00:33,91282CKV2,TSRYS5823596,D,S,T,2024-06-24,1000000.00,4.462902,100.4453125
08:00:33,91282CKV2,TSRYS5823596,D,S,T,2024-06-24,1000000.00,4.462902,100.4453125
08:00:33,91282CKV2,TSRYS5823596,D,S,T,2024-06-24,1000000.00,4.462902,100.4453125
08:00:33,91282CKV2,TSRYS5823596,D,S,T,2024-06-24,1000000.00,4.464316,100.44140625
08:00:33,91282CKV2,TSRYS5823596,D,S,T,2024-06-24,1000000.00,4.464316,100.44140625
08:00:33,91282CKV2,TSRYS5823596,D,S,T,2024-06-24,1000000.00,4.464316,100.44140625
08:00:33,91282CKV2,TSRYS5823596,D,S,T,2024-06-24,1000000.00,4.46573,100.4375
08:00:33,91282CKV2,TSRYS5823596,D,S,T,2024-06-24,1000000.00,4.467144,100.43359375
08:00:33,91282CKV2,TSRYS5823596,D,S,T,2024-06-24,1000000.00,4.46573,100.4375
08:00:33,91282CKV2,TSRYS5823596,D,S,T,2024-06-24,1000000.00,4.46573,100.4375
08:00:33,91282CKV2,TSRYS5823596,D,S,T,2024-06-24,1000000.00,4.46573,100.4375
08:00:33,91282CKV2,TSRYS5823596,D,S,T,2024-06-24,1000000.00,4.46573,100.4375
08:00:33,91282CKV2,TSRYS5823596,D,S,T,2024-06-24,1000000.00,4.46785,100.431640625
08:00:33,91282CKV2,TSRYS5823596,D,S,T,2024-06-24,1000000.00,4.46785,100.431640625
08:00:33,91282CKV2,TSRYS5823596,D,S,T,2024-06-24,1000000.00,4.468557,100.4296875
08:00:33,91282CKV2,TSRYS5823596,D,S,T,2024-06-24,1000000.00,4.468557,100.4296875
08:00:33,91282CKV2,TSRYS5823596,D,S,T,2024-06-24,1000000.00,4.467144,100.43359375
08:00:33,91282CKV2,TSRYS5823596,D,S,T,2024-06-24,1000000.00,4.468557,100.4296875
08:00:33,91282CKV2,TSRYS5823596,D,S,T,2024-06-24,2000000.00,4.468557,100.4296875
08:00:33,91282CKV2,TSRYS5823596,D,S,T,2024-06-24,1000000.00,4.468557,100.4296875
08:00:33,91282CKV2,TSRYS5823596,D,S,T,2024-06-24,1000000.00,4.468557,100.4296875
08:00:33,91282CKV2,TSRYS5823596,D,S,T,2024-06-24,1000000.00,4.469972,100.42578125
08:00:33,91282CKV2,TSRYS5823596,D,S,T,2024-06-24,1000000.00,4.469972,100.42578125
08:00:33,91282CKV2,TSRYS5823596,D,S,T,2024-06-24,1000000.00,4.471386,100.421875
08:00:33,91282CKV2,TSRYS5823596,D,S,T,2024-06-24,1000000.00,4.469972,100.42578125
08:00:33,91282CKV2,TSRYS5823596,D,S,T,2024-06-24,1000000.00,4.459368,100.455078125
08:00:33,91282CKV2,TSRYS5823596,D,S,T,2024-06-24,1000000.00,4.459368,100.455078125
08:00:33,91282CKV2,TSRYS5823596,D,S,T,2024-06-24,1000000.00,4.46785,100.431640625
08:00:33,91282CKV2,TSRYS5823596,D,S,T,2024-06-24,1000000.00,4.46573,100.4375
08:00:33,91282CKV2,TSRYS5823596,D,S,T,2024-06-24,1000000.00,4.461488,100.44921875
08:00:33,91282CKV2,TSRYS5823596,D,S,T,2024-06-24,2000000.00,4.460075,100.453125
08:00:33,91282CKV2,TSRYS5823596,D,S,T,2024-06-24,5000000.00,4.461488,100.44921875
08:00:33,91282CKV2,TSRYS5823596,D,S,T,2024-06-24,1000000.00,4.461488,100.44921875
08:00:33,91282CKV2,TSRYS5823596,D,S,T,2024-06-24,1000000.00,4.458661,100.45703125
08:00:33,91282CKV2,TSRYS5823596,D,S,T,2024-06-24,1000000.00,4.460075,100.453125
08:00:33,91282CKV2,TSRYS5823596,D,S,T,2024-06-24,1000000.00,4.460075,100.453125
08:00:33,91282CKV2,TSRYS5823596,D,S,T,2024-06-24,1000000.00,4.460075,100.453125
08:00:33,91282CKV2,TSRYS5823596,D,S,T,2024-06-24,1000000.00,4.460075,100.453125
08:00:33,91282CKV2,TSRYS5823596,D,S,T,2024-06-24,1000000.00,4.459368,100.455078125
08:00:33,91282CKV2,TSRYS5823596,D,S,T,2024-06-24,1000000.00,4.454421,100.46875
08:00:33,91282CKV2,TSRYS5823596,D,S,T,2024-06-24,1000000.00,4.455834,100.46484375
08:00:33,91282CKV2,TSRYS5823596,D,S,T,2024-06-24,1000000.00,4.457247,100.4609375
08:00:33,91282CKV2,TSRYS5823596,D,S,T,2024-06-24,1000000.00,4.457247,100.4609375
08:00:33,91282CKV2,TSRYS5823596,D,S,T,2024-06-24,1000000.00,4.457247,100.4609375
08:00:33,91282CKV2,TSRYS5823596,D,S,T,2024-06-24,1000000.00,4.457247,100.4609375
08:00:33,91282CKV2,TSRYS5823596,D,S,T,2024-06-24,1000000.00,4.457247,100.4609375
08:00:33,91282CKV2,TSRYS5823596,D,S,T,2024-06-24,1000000.00,4.457247,100.4609375
08:00:33,91282CKV2,TSRYS5823596,D,S,T,2024-06-24,1000000.00,4.457247,100.4609375
08:00:33,91282CKV2,TSRYS5823596,D,S,T,2024-06-24,1000000.00,4.458661,100.45703125
08:00:33,91282CKV2,TSRYS5823596,D,S,T,2024-06-24,1000000.00,4.457247,100.4609375
08:00:33,91282CKV2,TSRYS5823596,D,S,T,2024-06-24,1000000.00,4.457247,100.4609375
08:00:33,91282CKV2,TSRYS5823596,D,S,T,2024-06-24,1000000.00,4.457247,100.4609375
08:00:33,91282CKV2,TSRYS5823596,D,S,T,2024-06-24,1000000.00,4.457247,100.4609375
08:00:33,91282CKV2,TSRYS5823596,D,S,T,2024-06-24,1000000.00,4.457247,100.4609375
08:00:33,91282CKV2,TSRYS5823596,D,S,T,2024-06-24,1000000.00,4.457247,100.4609375
08:00:33,91282CKV2,TSRYS5823596,D,S,T,2024-06-24,1000000.00,4.457247,100.4609375
08:00:33,91282CKV2,TSRYS5823596,D,S,T,2024-06-24,1000000.00,4.457247,100.4609375
08:00:33,91282CKV2,TSRYS5823596,D,S,T,2024-06-24,1000000.00,4.459368,100.455078125
08:00:33,91282CKV2,TSRYS5823596,D,S,T,2024-06-24,1000000.00,4.459368,100.455078125
08:00:33,91282CKV2,TSRYS5823596,D,S,T,2024-06-24,1000000.00,4.459368,100.455078125
08:00:33,91282CKV2,TSRYS5823596,D,S,T,2024-06-24,1000000.00,4.459368,100.455078125
08:00:33,91282CKV2,TSRYS5823596,D,S,T,2024-06-24,1000000.00,4.459368,100.455078125
08:00:33,91282CKV2,TSRYS5823596,D,S,T,2024-06-24,1000000.00,4.459368,100.455078125
08:00:33,91282CKV2,TSRYS5823596,D,S,T,2024-06-24,1000000.00,4.459368,100.455078125
08:00:33,91282CKV2,TSRYS5823596,D,S,T,2024-06-24,1000000.00,4.459368,100.455078125
08:00:33,91282CKV2,TSRYS5823596,D,S,T,2024-06-24,1000000.00,4.459368,100.455078125
08:00:33,91282CKV2,TSRYS5823596,D,S,T,2024-06-24,1000000.00,4.459368,100.455078125
08:00:33,91282CKV2,TSRYS5823596,D,S,T,2024-06-24,1000000.00,4.459368,100.455078125
08:00:33,91282CKV2,TSRYS5823596,D,S,T,2024-06-24,1000000.00,4.459368,100.455078125
08:00:33,91282CKV2,TSRYS5823596,D,S,T,2024-06-24,1000000.00,4.459368,100.455078125
08:00:33,91282CKV2,TSRYS5823596,D,S,T,2024-06-24,1000000.00,4.459368,100.455078125
08:00:33,91282CKV2,TSRYS5823596,D,S,T,2024-06-24,1000000.00,4.459368,100.455078125
08:00:33,91282CKV2,TSRYS5823596,D,S,T,2024-06-24,1000000.00,4.459368,100.455078125
08:00:33,91282CKV2,TSRYS5823596,D,S,T,2024-06-24,1000000.00,4.459368,100.455078125
08:00:33,91282CKV2,TSRYS5823596,D,S,T,2024-06-24,1000000.00,4.459368,100.455078125
08:00:33,91282CKV2,TSRYS5823596,D,S,T,2024-06-24,1000000.00,4.459368,100.455078125
08:00:33,91282CKV2,TSRYS5823596,D,S,T,2024-06-24,1000000.00,4.459368,100.455078125
08:00:33,91282CKV2,TSRYS5823596,D,S,T,2024-06-24,1000000.00,4.459368,100.455078125
08:00:33,91282CKV2,TSRYS5823596,D,S,T,2024-06-24,1000000.00,4.459368,100.455078125
08:00:33,91282CKV2,TSRYS5823596,D,S,T,2024-06-24,1000000.00,4.459368,100.455078125
08:00:33,91282CKV2,TSRYS5823596,D,S,T,2024-06-24,1000000.00,4.459368,100.455078125
08:00:33,91282CKV2,TSRYS5823596,D,S,T,2024-06-24,1000000.00,4.459368,100.455078125
08:00:33,91282CKV2,TSRYS5823596,D,S,T,2024-06-24,1000000.00,4.459368,100.455078125
08:00:33,91282CKV2,TSRYS5823596,D,S,T,2024-06-24,1000000.00,4.459368,100.455078125
08:00:33,91282CKV2,TSRYS5823596,D,S,T,2024-06-24,1000000.00,4.459368,100.455078125
08:00:33,91282CKV2,TSRYS5823596,D,S,T,2024-06-24,1000000.00,4.459368,100.455078125
08:00:33,91282CKV2,TSRYS5823596,D,S,T,2024-06-24,1000000.00,4.459368,100.455078125
08:00:33,91282CKV2,TSRYS5823596,D,S,T,2024-06-24,1000000.00,4.459368,100.455078125
08:00:33,91282CKV2,TSRYS5823596,D,S,T,2024-06-24,1000000.00,4.459368,100.455078125
08:00:33,91282CKV2,TSRYS5823596,D,S,T,2024-06-24,1000000.00,4.459368,100.455078125
08:00:33,91282CKV2,TSRYS5823596,D,S,T,2024-06-24,1000000.00,4.459368,100.455078125
08:00:33,91282CKV2,TSRYS5823596,D,S,T,2024-06-24,1000000.00,4.459368,100.455078125
08:00:33,91282CKV2,TSRYS5823596,D,S,T,2024-06-24,1000000.00,4.459368,100.455078125
08:00:33,91282CKV2,TSRYS5823596,D,S,T,2024-06-24,1000000.00,4.459368,100.455078125
08:00:33,91282CKV2,TSRYS5823596,D,S,T,2024-06-24,1000000.00,4.459368,100.455078125
08:00:33,91282CKV2,TSRYS5823596,D,S,T,2024-06-24,1000000.00,4.459368,100.455078125
08:00:33,91282CKV2,TSRYS5823596,D,S,T,2024-06-24,1000000.00,4.459368,100.455078125
08:00:33,91282CKV2,TSRYS5823596,D,S,T,2024-06-24,1000000.00,4.459368,100.455078125
08:00:33,91282CKV2,TSRYS5823596,D,S,T,2024-06-24,1000000.00,4.459368,100.455078125
08:00:33,91282CKV2,TSRYS5823596,D,S,T,2024-06-24,1000000.00,4.459368,100.455078125
08:00:33,91282CKV2,TSRYS5823596,D,S,T,2024-06-24,1000000.00,4.459368,100.455078125
08:00:33,91282CKV2,TSRYS5823596,D,S,T,2024-06-24,1000000.00,4.459368,100.455078125
08:00:33,91282CKV2,TSRYS5823596,D,S,T,2024-06-24,1000000.00,4.459368,100.455078125
08:00:33,91282CKV2,TSRYS5823596,D,S,T,2024-06-24,1000000.00,4.459368,100.455078125
08:00:33,91282CKV2,TSRYS5823596,D,S,T,2024-06-24,1000000.00,4.459368,100.455078125
08:00:33,91282CKV2,TSRYS5823596,D,S,T,2024-06-24,1000000.00,4.459368,100.455078125
08:00:33,91282CKV2,TSRYS5823596,D,S,T,2024-06-24,1000000.00,4.459368,100.455078125
08:00:33,91282CKV2,TSRYS5823596,D,S,T,2024-06-24,1000000.00,4.459368,100.455078125
08:00:33,91282CKV2,TSRYS5823596,D,S,T,2024-06-24,1000000.00,4.459368,100.455078125
08:00:33,91282CKV2,TSRYS5823596,D,S,T,2024-06-24,1000000.00,4.459368,100.455078125
08:00:33,91282CKV2,TSRYS5823596,D,S,T,2024-06-24,1000000.00,4.459368,100.455078125
08:00:33,91282CKV2,TSRYS5823596,D,S,T,2024-06-24,1000000.00,4.459368,100.455078125
08:00:33,91282CKV2,TSRYS5823596,D,S,T,2024-06-24,1000000.00,4.459368,100.455078125
08:00:33,91282CKV2,TSRYS5823596,D,S,T,2024-06-24,1000000.00,4.459368,100.455078125
08:00:33,91282CKV2,TSRYS5823596,D,S,T,2024-06-24,1000000.00,4.459368,100.455078125
08:00:33,91282CKV2,TSRYS5823596,D,S,T,2024-06-24,1000000.00,4.459368,100.455078125
08:00:33,91282CKV2,TSRYS5823596,D,S,T,2024-06-24,1000000.00,4.459368,100.455078125
08:00:33,91282CKV2,TSRYS5823596,D,S,T,2024-06-24,1000000.00,4.459368,100.455078125
08:00:33,91282CKV2,TSRYS5823596,D,S,T,2024-06-24,1000000.00,4.459368,100.455078125
08:00:33,91282CKV2,TSRYS5823596,D,S,T,2024-06-24,1000000.00,4.459368,100.455078125
08:00:33,91282CKV2,TSRYS5823596,D,S,T,2024-06-24,1000000.00,4.459368,100.455078125
08:00:33,91282CKV2,TSRYS5823596,D,S,T,2024-06-24,1000000.00,4.459368,100.455078125
08:00:33,91282CKV2,TSRYS5823596,D,S,T,2024-06-24,1000000.00,4.459368,100.455078125
08:00:33,91282CKV2,TSRYS5823596,D,S,T,2024-06-24,1000000.00,4.459368,100.455078125
08:00:33,91282CKV2,TSRYS5823596,D,S,T,2024-06-24,1000000.00,4.459368,100.455078125
08:00:33,91282CKV2,TSRYS5823596,D,S,T,2024-06-24,1000000.00,4.459368,100.455078125
08:00:33,91282CKV2,TSRYS5823596,D,S,T,2024-06-24,1000000.00,4.459368,100.455078125
08:00:33,91282CKV2,TSRYS5823596,D,S,T,2024-06-24,1000000.00,4.459368,100.455078125
08:00:33,91282CKV2,TSRYS5823596,D,S,T,2024-06-24,1000000.00,4.459368,100.455078125
08:00:33,91282CKV2,TSRYS5823596,D,S,T,2024-06-24,1000000.00,4.459368,100.455078125
08:00:33,91282CKV2,TSRYS5823596,D,S,T,2024-06-24,1000000.00,4.459368,100.455078125
08:00:33,91282CKV2,TSRYS5823596,D,S,T,2024-06-24,1000000.00,4.459368,100.455078125
08:00:33,91282CKV2,TSRYS5823596,D,S,T,2024-06-24,1000000.00,4.459368,100.455078125
08:00:33,91282CKV2,TSRYS5823596,D,S,T,2024-06-24,1000000.00,4.459368,100.455078125
08:00:33,91282CKV2,TSRYS5823596,D,S,T,2024-06-24,1000000.00,4.459368,100.455078125
08:00:33,91282CKV2,TSRYS5823596,D,S,T,2024-06-24,1000000.00,4.459368,100.455078125
08:00:33,91282CKV2,TSRYS5823596,D,S,T,2024-06-24,1000000.00,4.459368,100.455078125
08:00:33,91282CKV2,TSRYS5823596,D,S,T,2024-06-24,1000000.00,4.459368,100.455078125
08:00:33,91282CKV2,TSRYS5823596,D,S,T,2024-06-24,1000000.00,4.459368,100.455078125
08:00:33,91282CKV2,TSRYS5823596,D,S,T,2024-06-24,1000000.00,4.459368,100.455078125
08:00:33,91282CKV2,TSRYS5823596,D,S,T,2024-06-24,1000000.00,4.459368,100.455078125
08:00:33,91282CKV2,TSRYS5823596,D,S,T,2024-06-24,1000000.00,4.460075,100.453125
08:00:33,91282CKV2,TSRYS5823596,D,S,T,2024-06-24,1000000.00,4.460075,100.453125
08:00:33,91282CKV2,TSRYS5823596,D,S,T,2024-06-24,2000000.00,4.460075,100.453125
08:00:33,91282CKV2,TSRYS5823596,D,S,T,2024-06-24,2000000.00,4.460075,100.453125
08:00:33,91282CKV2,TSRYS5823596,D,S,T,2024-06-24,1000000.00,4.460075,100.453125
08:00:33,91282CKV2,TSRYS5823596,D,S,T,2024-06-24,2000000.00,4.462195,100.447265625
08:00:33,91282CKV2,TSRYS5823596,D,S,T,2024-06-24,1000000.00,4.462195,100.447265625
08:00:33,91282CKV2,TSRYS5823596,D,S,T,2024-06-24,1000000.00,4.462195,100.447265625
08:00:33,91282CKV2,TSRYS5823596,D,S,T,2024-06-24,1000000.00,4.462195,100.447265625
08:00:33,91282CKV2,TSRYS5823596,D,S,T,2024-06-24,1000000.00,4.462195,100.447265625
08:00:33,91282CKV2,TSRYS5823596,D,S,T,2024-06-24,1000000.00,4.462195,100.447265625
08:00:33,91282CKV2,TSRYS5823596,D,S,T,2024-06-24,1000000.00,4.462195,100.447265625
08:00:33,91282CKV2,TSRYS5823596,D,S,T,2024-06-24,1000000.00,4.462195,100.447265625
08:00:33,91282CKV2,TSRYS5823596,D,S,T,2024-06-24,1000000.00,4.462195,100.447265625
08:00:33,91282CKV2,TSRYS5823596,D,S,T,2024-06-24,1000000.00,4.462195,100.447265625
08:00:33,91282CKV2,TSRYS5823596,D,S,T,2024-06-24,1000000.00,4.462195,100.447265625
08:00:33,91282CKV2,TSRYS5823596,D,S,T,2024-06-24,1000000.00,4.462195,100.447265625
08:00:33,91282CKV2,TSRYS5823596,D,S,T,2024-06-24,1000000.00,4.462195,100.447265625
08:00:33,91282CKV2,TSRYS5823596,D,S,T,2024-06-24,1000000.00,4.462195,100.447265625
08:00:33,91282CKV2,TSRYS5823596,D,S,T,2024-06-24,1000000.00,4.462195,100.447265625
08:00:33,91282CKV2,TSRYS5823596,D,S,T,2024-06-24,1000000.00,4.462195,100.447265625
08:00:33,91282CKV2,TSRYS5823596,D,S,T,2024-06-24,1000000.00,4.462195,100.447265625
08:00:33,91282CKV2,TSRYS5823596,D,S,T,2024-06-24,1000000.00,4.462195,100.447265625
08:00:33,91282CKV2,TSRYS5823596,D,S,T,2024-06-24,1000000.00,4.462195,100.447265625
08:00:33,91282CKV2,TSRYS5823596,D,S,T,2024-06-24,1000000.00,4.462195,100.447265625
08:00:33,91282CKV2,TSRYS5823596,D,S,T,2024-06-24,1000000.00,4.462195,100.447265625
08:00:33,91282CKV2,TSRYS5823596,D,S,T,2024-06-24,1000000.00,4.462195,100.447265625
08:00:33,91282CKV2,TSRYS5823596,D,S,T,2024-06-24,1000000.00,4.462195,100.447265625
08:00:33,91282CKV2,TSRYS5823596,D,S,T,2024-06-24,1000000.00,4.462195,100.447265625
08:00:33,91282CKV2,TSRYS5823596,D,S,T,2024-06-24,1000000.00,4.462195,100.447265625
08:00:33,91282CKV2,TSRYS5823596,D,S,T,2024-06-24,1000000.00,4.462195,100.447265625
08:00:33,91282CKV2,TSRYS5823596,D,S,T,2024-06-24,1000000.00,4.462195,100.447265625
08:00:33,91282CKV2,TSRYS5823596,D,S,T,2024-06-24,1000000.00,4.462195,100.447265625
08:00:33,91282CKV2,TSRYS5823596,D,S,T,2024-06-24,1000000.00,4.462902,100.4453125
08:00:33,91282CKV2,TSRYS5823596,D,S,T,2024-06-24,1000000.00,4.462902,100.4453125
08:00:33,91282CKV2,TSRYS5823596,D,S,T,2024-06-24,1000000.00,4.462902,100.4453125
08:00:33,91282CKV2,TSRYS5823596,D,S,T,2024-06-24,1000000.00,4.462902,100.4453125
08:00:33,91282CKV2,TSRYS5823596,D,S,T,2024-06-24,1000000.00,4.462902,100.4453125
08:00:33,91282CKV2,TSRYS5823596,D,S,T,2024-06-24,1000000.00,4.462902,100.4453125
08:00:33,91282CKV2,TSRYS5823596,D,S,T,2024-06-24,1000000.00,4.462902,100.4453125
08:00:33,91282CKV2,TSRYS5823596,D,S,T,2024-06-24,1000000.00,4.462902,100.4453125
08:00:33,91282CKV2,TSRYS5823596,D,S,T,2024-06-24,1000000.00,4.462902,100.4453125
08:00:33,91282CKV2,TSRYS5823596,D,S,T,2024-06-24,1000000.00,4.462902,100.4453125
08:00:33,91282CKV2,TSRYS5823596,D,S,T,2024-06-24,1000000.00,4.462902,100.4453125
08:00:33,91282CKV2,TSRYS5823596,D,S,T,2024-06-24,1000000.00,4.462902,100.4453125
08:00:33,91282CKV2,TSRYS5823596,D,S,T,2024-06-24,1000000.00,4.461488,100.44921875
08:00:33,91282CKV2,TSRYS5823596,D,S,T,2024-06-24,1000000.00,4.464316,100.44140625
08:00:33,91282CKV2,TSRYS5823596,D,S,T,2024-06-24,1000000.00,4.463609,100.443359375
08:00:33,91282CKV2,TSRYS5823596,D,S,T,2024-06-24,1000000.00,4.464316,100.44140625
08:00:33,91282CKV2,TSRYS5823596,D,S,T,2024-06-24,1000000.00,4.464316,100.44140625
08:00:33,91282CKV2,TSRYS5823596,D,S,T,2024-06-24,1000000.00,4.464316,100.44140625
08:00:33,91282CKV2,TSRYS5823596,D,S,T,2024-06-24,1000000.00,4.464316,100.44140625
08:00:33,91282CKV2,TSRYS5823596,D,S,T,2024-06-24,1000000.00,4.464316,100.44140625
08:00:33,91282CKV2,TSRYS5823596,D,S,T,2024-06-24,1000000.00,4.464316,100.44140625
08:00:33,91282CKV2,TSRYS5823596,D,S,T,2024-06-24,1000000.00,4.46573,100.4375
08:00:33,91282CKV2,TSRYS5823596,D,S,T,2024-06-24,1000000.00,4.464316,100.44140625
08:00:33,91282CKV2,TSRYS5823596,D,S,T,2024-06-24,1000000.00,4.464316,100.44140625
08:00:33,91282CKV2,TSRYS5823596,D,S,T,2024-06-24,1000000.00,4.464316,100.44140625
08:00:33,91282CKV2,TSRYS5823596,D,S,T,2024-06-24,1000000.00,4.46573,100.4375
08:00:33,91282CKV2,TSRYS5823596,D,S,T,2024-06-24,1000000.00,4.468557,100.4296875
08:00:33,91282CKV2,TSRYS5823596,D,S,T,2024-06-24,1000000.00,4.469972,100.42578125
08:00:33,91282CKV2,TSRYS5823596,D,S,T,2024-06-24,1000000.00,4.469972,100.42578125
08:00:33,91282CKV2,TSRYS5823596,D,S,T,2024-06-24,1000000.00,4.469972,100.42578125
08:00:33,91282CKV2,TSRYS5823596,D,S,T,2024-06-24,1000000.00,4.469972,100.42578125
08:00:33,91282CKV2,TSRYS5823596,D,S,T,2024-06-24,1000000.00,4.472093,100.419921875
08:00:33,91282CKV2,TSRYS5823596,D,S,T,2024-06-24,1000000.00,4.474214,100.4140625
08:00:33,91282CKV2,TSRYS5823596,D,S,T,2024-06-24,1000000.00,4.474214,100.4140625
08:00:33,91282CKV2,TSRYS5823596,D,S,T,2024-06-24,1000000.00,4.4728,100.41796875
08:00:33,91282CKV2,TSRYS5823596,D,S,T,2024-06-24,1000000.00,4.471386,100.421875
08:00:33,91282CKV2,TSRYS5823596,D,S,T,2024-06-24,3000000.00,4.471386,100.421875
08:00:33,91282CKV2,TSRYS5823596,D,S,T,2024-06-24,1000000.00,4.471386,100.421875
08:00:33,91282CKV2,TSRYS5823596,D,S,T,2024-06-24,1000000.00,4.471386,100.421875
08:00:33,91282CKV2,TSRYS5823596,D,S,T,2024-06-24,1000000.00,4.4728,100.41796875
08:00:33,91282CKV2,TSRYS5823596,D,S,T,2024-06-24,1000000.00,4.4728,100.41796875
08:00:33,91282CKV2,TSRYS5823596,D,S,T,2024-06-24,1000000.00,4.4728,100.41796875
08:00:33,91282CKV2,TSRYS5823596,D,S,T,2024-06-24,2000000.00,4.4728,100.41796875
08:00:33,91282CKV2,TSRYS5823596,D,S,T,2024-06-24,2000000.00,4.4728,100.41796875
08:00:33,91282CKV2,TSRYS5823596,D,S,T,2024-06-24,1000000.00,4.4728,100.41796875
08:00:33,91282CKV2,TSRYS5823596,D,S,T,2024-06-24,1000000.00,4.4728,100.41796875
08:00:33,91282CKV2,TSRYS5823596,D,S,T,2024-06-24,1000000.00,4.471386,100.421875
08:00:33,91282CKV2,TSRYS5823596,D,S,T,2024-06-24,2000000.00,4.472093,100.419921875
08:00:33,91282CKV2,TSRYS5823596,D,S,T,2024-06-24,9000000.00,4.4728,100.41796875
08:00:33,91282CKV2,TSRYS5823596,D,S,T,2024-06-24,1000000.00,4.4728,100.41796875
08:00:33,91282CKV2,TSRYS5823596,D,S,T,2024-06-24,1000000.00,4.474214,100.4140625
08:00:33,91282CKV2,TSRYS5823596,D,S,T,2024-06-24,1000000.00,4.474214,100.4140625
08:00:33,91282CKV2,TSRYS5823596,D,S,T,2024-06-24,1000000.00,4.474214,100.4140625
08:00:33,91282CKV2,TSRYS5823596,D,S,T,2024-06-24,10000000.00,4.473507,100.416015625
08:00:33,91282CKV2,TSRYS5823596,D,S,T,2024-06-24,1000000.00,4.473507,100.416015625
08:00:33,91282CKV2,TSRYS5823596,D,S,T,2024-06-24,1000000.00,4.4728,100.41796875
08:00:33,91282CKV2,TSRYS5823596,D,S,T,2024-06-24,1000000.00,4.4728,100.41796875
08:00:33,91282CKV2,TSRYS5823596,D,S,T,2024-06-24,1000000.00,4.4728,100.41796875
08:00:33,91282CKV2,TSRYS5823596,D,S,T,2024-06-24,1000000.00,4.4728,100.41796875
08:00:33,91282CKV2,TSRYS5823596,D,S,T,2024-06-24,1000000.00,4.4728,100.41796875
08:00:33,91282CKV2,TSRYS5823596,D,S,T,2024-06-24,1000000.00,4.4728,100.41796875
08:00:33,91282CKV2,TSRYS5823596,D,S,T,2024-06-24,1000000.00,4.4728,100.41796875
08:00:33,91282CKV2,TSRYS5823596,D,S,T,2024-06-24,1000000.00,4.4728,100.41796875
08:00:33,91282CKV2,TSRYS5823596,D,S,T,2024-06-24,1000000.00,4.4728,100.41796875
08:00:33,91282CKV2,TSRYS5823596,D,S,T,2024-06-24,1000000.00,4.4728,100.41796875
08:00:33,91282CKV2,TSRYS5823596,D,S,T,2024-06-24,1000000.00,4.4728,100.41796875
08:00:33,91282CKV2,TSRYS5823596,D,S,T,2024-06-24,1000000.00,4.4728,100.41796875
08:00:33,91282CKV2,TSRYS5823596,D,S,T,2024-06-24,1000000.00,4.4728,100.41796875
08:00:33,91282CKV2,TSRYS5823596,D,S,T,2024-06-24,1000000.00,4.4728,100.41796875
08:00:33,91282CKV2,TSRYS5823596,D,S,T,2024-06-24,1000000.00,4.4728,100.41796875
08:00:33,91282CKV2,TSRYS5823596,D,S,T,2024-06-24,1000000.00,4.474214,100.4140625
08:00:33,91282CKV2,TSRYS5823596,D,S,T,2024-06-24,1000000.00,4.474214,100.4140625
08:00:33,91282CKV2,TSRYS5823596,D,S,T,2024-06-24,1000000.00,4.474214,100.4140625
08:00:33,91282CKV2,TSRYS5823596,D,S,T,2024-06-24,1000000.00,4.474214,100.4140625
08:00:33,91282CKV2,TSRYS5823596,D,S,T,2024-06-24,1000000.00,4.474214,100.4140625
08:00:33,91282CKV2,TSRYS5823596,D,S,T,2024-06-24,1000000.00,4.474214,100.4140625
08:00:33,91282CKV2,TSRYS5823596,D,S,T,2024-06-24,1000000.00,4.474214,100.4140625
08:00:33,91282CKV2,TSRYS5823596,D,S,T,2024-06-24,1000000.00,4.475628,100.41015625
08:00:33,91282CKV2,TSRYS5823596,D,S,T,2024-06-24,2000000.00,4.471386,100.421875
08:00:33,91282CKV2,TSRYS5823596,D,S,D,2024-06-24,1000000.00,4.471386,100.421875
08:00:33,91282CKV2,TSRYS5823596,D,S,D,2024-06-24,2000000.00,4.471386,100.421875
08:00:33,91282CKV2,TSRYS5823596,D,S,D,2024-06-24,1000000.00,4.471386,100.421875
08:00:33,91282CKV2,TSRYS5823596,D,S,D,2024-06-24,1000000.00,4.471386,100.421875
08:00:33,91282CKV2,TSRYS5823596,D,S,T,2024-06-24,1000000.00,4.459368,100.455078125
08:00:33,91282CKV2,TSRYS5823596,D,S,T,2024-06-24,1000000.00,4.462902,100.4453125
08:00:33,91282CKV2,TSRYS5823596,D,S,T,2024-06-24,1000000.00,4.469972,100.42578125
08:00:33,91282CKV2,TSRYS5823596,D,S,T,2024-06-24,1000000.00,4.471386,100.421875
08:00:33,91282CKV2,TSRYS5823596,D,S,D,2024-06-24,1000000.00,4.462902,100.4453125
08:00:33,91282CKV2,TSRYS5823596,D,S,D,2024-06-24,1000000.00,4.462902,100.4453125
08:00:33,91282CKV2,TSRYS5823596,D,S,T,2024-06-24,1000000.00,4.462902,100.4453125
08:00:33,91282CKV2,TSRYS5823596,D,S,D,2024-06-24,1000000.00,4.467144,100.43359375
08:00:33,91282CKV2,TSRYS5823596,D,B,A,2024-06-24,2073900.00,4.464316,100.44140625
08:00:33,91282CKV2,TSRYS5823596,D,S,C,2024-06-24,50000000.00,4.469972,100.42578125
08:00:33,91282CKV2,TSRYS5823596,D,S,T,2024-06-24,5000000.00,4.462902,100.4453125
08:00:33,91282CKV2,TSRYS5823596,D,S,C,2024-06-24,210000.00,4.464316,100.44140625
08:00:33,91282CKV2,TSRYS5823596,D,S,C,2024-06-24,2960000.00,4.460075,100.453125
08:00:33,91282CKV2,TSRYS5823596,D,S,D,2024-06-24,1000000.00,4.458661,100.45703125
08:00:33,91282CKV2,TSRYS5823596,D,S,T,2024-06-24,1000000.00,4.458661,100.45703125
08:00:33,91282CKV2,TSRYS5823596,D,S,D,2024-06-24,1000000.00,4.458661,100.45703125
08:00:33,91282CKV2,TSRYS5823596,D,S,D,2024-06-24,1000000.00,4.462902,100.4453125
08:00:33,91282CKV2,TSRYS5823596,D,S,T,2024-06-24,1000000.00,4.464316,100.44140625
08:00:33,91282CKV2,TSRYS5823596,D,S,A,2024-06-24,14000000.00,4.46573,100.4375
08:00:33,91282CKV2,TSRYS5823596,D,S,A,2024-06-24,18000000.00,4.46573,100.4375
08:00:33,91282CKV2,TSRYS5823596,D,S,A,2024-06-24,12000000.00,4.46573,100.4375
08:00:33,91282CKV2,TSRYS5823596,D,S,T,2024-06-24,1000000.00,4.471386,100.421875
08:00:33,91282CKV2,TSRYS5823596,D,S,T,2024-06-24,1000000.00,4.4728,100.41796875
08:00:33,91282CKV2,TSRYS5823596,D,S,D,2024-06-24,1000000.00,4.474,100.4146536864
08:00:33,91282CKV2,TSRYS5823596,D,S,D,2024-06-24,1000000.00,4.474,100.4146536864
08:00:33,91282CKV2,TSRYS5823596,D,S,T,2024-06-24,1000000.00,4.4728,100.41796875
08:00:33,91282CKV2,TSRYS5823596,D,S,T,2024-06-24,1000000.00,4.4728,100.41796875
08:00:33,91282CKV2,TSRYS5823596,D,S,D,2024-06-24,1000000.00,4.474214,100.4140625
08:00:33,91282CKV2,TSRYS5823596,D,S,D,2024-06-24,1000000.00,4.4728,100.41796875
08:00:33,91282CKV2,TSRYS5823596,D,S,D,2024-06-24,2000000.00,4.4728,100.41796875
08:00:33,91282CKV2,TSRYS5823596,D,S,C,2024-06-24,4000000.00,4.4728,100.41796875
08:00:37,91282CKV2,TSRYS5823596,D,S,A,2024-06-24,1000000.00,4.461488,100.44921875
08:00:37,91282CKV2,TSRYS5823596,D,B,A,2024-06-24,5600000.00,4.461488,100.449219
08:00:37,91282CKV2,TSRYS5823596,D,S,D,2024-06-24,2000000.00,4.473507,100.416015625
08:00:37,91282CKV2,TSRYS5823596,D,S,D,2024-06-24,1000000.00,4.473507,100.416015625
08:00:37,91282CKV2,TSRYS5823596,D,S,D,2024-06-24,1000000.00,4.473507,100.416015625
08:00:39,91282CKV2,TSRYS5823596,D,B,A,2024-06-24,8500000.00,4.455834,100.46484375
08:00:40,91282CKV2,TSRYS5823596,D,S,T,2024-06-24,1000000.00,4.462902,100.4453125
08:00:40,91282CKV2,TSRYS5823596,D,S,T,2024-06-24,1000000.00,4.462902,100.4453125
08:00:40,91282CKV2,TSRYS5823596,D,S,T,2024-06-24,1000000.00,4.464316,100.44140625
08:00:40,91282CKV2,TSRYS5823596,D,B,A,2024-06-24,5000000.00,4.460075,100.453125
08:00:40,91282CKV2,TSRYS5823596,D,S,T,2024-06-24,2000000.00,4.460781,100.451171875
08:00:40,91282CKV2,TSRYS5823596,D,S,T,2024-06-24,2000000.00,4.460781,100.451171875
08:00:40,91282CKV2,TSRYS5823596,D,S,T,2024-06-24,1000000.00,4.460781,100.451171875
08:00:40,91282CKV2,TSRYS5823596,D,S,T,2024-06-24,1000000.00,4.461488,100.44921875
08:00:40,91282CKV2,TSRYS5823596,D,B,A,2024-06-24,4000000.00,4.461488,100.44921875
08:00:41,91282CKV2,TSRYS5823596,D,S,T,2024-06-24,1000000.00,4.461488,100.44921875
08:00:41,91282CKV2,TSRYS5823596,D,B,A,2024-06-24,10000000.00,4.461488,100.44921875
08:00:41,91282CKV2,TSRYS5823596,D,S,T,2024-06-24,1000000.00,4.461488,100.44921875
08:00:41,91282CKV2,TSRYS5823596,D,S,T,2024-06-24,1000000.00,4.462195,100.447265625
08:00:41,91282CKV2,TSRYS5823596,D,S,T,2024-06-24,1000000.00,4.462195,100.447265625
08:00:41,91282CKV2,TSRYS5823596,D,S,T,2024-06-24,2000000.00,4.462195,100.447265625
08:00:43,91282CKV2,TSRYS5823596,D,S,T,2024-06-24,1000000.00,4.462195,100.447265625
08:00:43,91282CKV2,TSRYS5823596,D,S,T,2024-06-24,2000000.00,4.462195,100.447265625
08:00:43,91282CKV2,TSRYS5823596,D,S,T,2024-06-24,2000000.00,4.462195,100.447265625
08:00:43,91282CKV2,TSRYS5823596,D,S,T,2024-06-24,1000000.00,4.462195,100.447265625
08:00:43,91282CKV2,TSRYS5823596,D,S,T,2024-06-24,1000000.00,4.462195,100.447265625
08:00:43,91282CKV2,TSRYS5823596,D,S,T,2024-06-24,1000000.00,4.462195,100.447265625
08:00:43,91282CKV2,TSRYS5823596,D,S,T,2024-06-24,3000000.00,4.462195,100.447265625
08:00:43,91282CKV2,TSRYS5823596,D,S,T,2024-06-24,1000000.00,4.462902,100.4453125
08:00:43,91282CKV2,TSRYS5823596,D,S,T,2024-06-24,1000000.00,4.462902,100.4453125
08:00:44,91282CKV2,TSRYS5823596,D,B,A,2024-06-24,17232000.00,4.467144,100.43359375
08:00:44,91282CKV2,TSRYS5823596,D,S,T,2024-06-24,1000000.00,4.467144,100.43359375
08:00:47,91282CKV2,TSRYS5823596,D,S,C,2024-06-24,250000.00,4.475957,100.40925
08:00:49,91282CKV2,TSRYS5823596,D,S,T,2024-06-24,1000000.00,4.478457,100.40234375
08:00:49,91282CKV2,TSRYS5823596,D,S,T,2024-06-24,1000000.00,4.478457,100.40234375
08:00:49,91282CKV2,TSRYS5823596,D,S,T,2024-06-24,1000000.00,4.478457,100.40234375
08:00:52,91282CKV2,TSRYS5823596,D,B,A,2024-06-24,494000.00,4.460075,100.453125
08:00:54,91282CKV2,TSRYS5823596,D,S,C,2024-06-24,10000.00,4.475957,100.40925
08:00:54,91282CKV2,TSRYS5823596,D,S,T,2024-06-24,2000000.00,4.466437,100.435546875
08:00:55,91282CKV2,TSRYS5823596,D,S,A,2024-06-24,3324000.00,4.473507,100.416015625
08:00:59,91282CKV2,TSRYS5823596,D,S,A,2024-06-24,1090000.00,4.475628,100.41015625
08:00:59,91282CKV2,TSRYS5823596,D,B,A,2024-06-24,210000.00,4.474214,100.4140625
08:01:00,91282CKV2,TSRYS5823596,D,S,A,2024-06-24,500000.00,4.455834,100.46484375
08:01:00,91282CKV2,TSRYS5823596,D,S,D,2024-06-24,6000000.00,4.472872,100.41776875
08:01:02,91282CKV2,TSRYS5823596,D,B,A,2024-06-24,146000.00,4.461609,100.44888375
08:01:02,91282CKV2,TSRYS5823596,D,S,D,2024-06-24,1000000.00,4.464316,100.44140625
08:01:02,91282CKV2,TSRYS5823596,D,S,C,2024-06-24,1000000.00,4.462902,100.4453125
08:01:02,91282CKV2,TSRYS5823596,D,S,C,2024-06-24,1000000.00,4.462902,100.4453125
08:01:02,91282CKV2,TSRYS5823596,D,S,C,2024-06-24,1000000.00,4.467144,100.43359375
08:01:02,91282CKV2,TSRYS5823596,D,B,C,2024-06-24,1000000.00,4.464316,100.44140625
08:01:03,91282CKV2,TSRYS5823596,D,B,C,2024-06-24,1000000.00,4.462902,100.4453125
08:01:03,91282CKV2,TSRYS5823596,D,S,D,2024-06-24,1000000.00,4.462902,100.4453125
08:01:03,91282CKV2,TSRYS5823596,D,B,C,2024-06-24,1000000.00,4.456541,100.462890625
08:01:03,91282CKV2,TSRYS5823596,D,S,C,2024-06-24,1000000.00,4.456541,100.462890625
08:01:03,91282CKV2,TSRYS5823596,D,B,C,2024-06-24,3000000.00,4.461488,100.44921875
08:01:03,91282CKV2,TSRYS5823596,D,S,D,2024-06-24,1000000.00,4.460075,100.453125
08:01:03,91282CKV2,TSRYS5823596,D,B,C,2024-06-24,4000000.00,4.461488,100.44921875
08:01:03,91282CKV2,TSRYS5823596,D,S,D,2024-06-24,3000000.00,4.461488,100.44921875
08:01:03,91282CKV2,TSRYS5823596,D,S,D,2024-06-24,3000000.00,4.461488,100.44921875
08:01:03,91282CKV2,TSRYS5823596,D,B,C,2024-06-24,3000000.00,4.461488,100.44921875
08:01:03,91282CKV2,TSRYS5823596,D,S,D,2024-06-24,4000000.00,4.461488,100.44921875
08:01:03,91282CKV2,TSRYS5823596,D,S,D,2024-06-24,4000000.00,4.461488,100.44921875
08:01:03,91282CKV2,TSRYS5823596,D,S,D,2024-06-24,4000000.00,4.461488,100.44921875
08:01:03,91282CKV2,TSRYS5823596,D,S,D,2024-06-24,4000000.00,4.461488,100.44921875
08:01:03,91282CKV2,TSRYS5823596,D,B,C,2024-06-24,4000000.00,4.461488,100.44921875
08:01:03,91282CKV2,TSRYS5823596,D,B,C,2024-06-24,5000000.00,4.461488,100.44921875
08:01:03,91282CKV2,TSRYS5823596,D,B,C,2024-06-24,4000000.00,4.461488,100.44921875
08:01:03,91282CKV2,TSRYS5823596,D,B,C,2024-06-24,1000000.00,4.461488,100.44921875
08:01:03,91282CKV2,TSRYS5823596,D,S,D,2024-06-24,4000000.00,4.461488,100.44921875
08:01:03,91282CKV2,TSRYS5823596,D,B,C,2024-06-24,4000000.00,4.461488,100.44921875
08:01:03,91282CKV2,TSRYS5823596,D,S,D,2024-06-24,1000000.00,4.461488,100.44921875
08:01:03,91282CKV2,TSRYS5823596,D,B,C,2024-06-24,4000000.00,4.461488,100.44921875
08:01:03,91282CKV2,TSRYS5823596,D,S,C,2024-06-24,5000000.00,4.461488,100.44921875
08:01:03,91282CKV2,TSRYS5823596,D,B,C,2024-06-24,2000000.00,4.461488,100.44921875
08:01:03,91282CKV2,TSRYS5823596,D,S,D,2024-06-24,1000000.00,4.461488,100.44921875
08:01:03,91282CKV2,TSRYS5823596,D,S,C,2024-06-24,2000000.00,4.461488,100.44921875
08:01:03,91282CKV2,TSRYS5823596,D,S,C,2024-06-24,1000000.00,4.461488,100.44921875
08:01:03,91282CKV2,TSRYS5823596,D,B,C,2024-06-24,1000000.00,4.461488,100.44921875
08:01:03,91282CKV2,TSRYS5823596,D,S,D,2024-06-24,4000000.00,4.461488,100.44921875
08:01:03,91282CKV2,TSRYS5823596,D,S,D,2024-06-24,1000000.00,4.461488,100.44921875
08:01:03,91282CKV2,TSRYS5823596,D,S,D,2024-06-24,1000000.00,4.461488,100.44921875
08:01:03,91282CKV2,TSRYS5823596,D,B,C,2024-06-24,2000000.00,4.461488,100.44921875
08:01:03,91282CKV2,TSRYS5823596,D,B,C,2024-06-24,1000000.00,4.461488,100.44921875
08:01:03,91282CKV2,TSRYS5823596,D,B,C,2024-06-24,1000000.00,4.461488,100.44921875
08:01:03,91282CKV2,TSRYS5823596,D,B,C,2024-06-24,1000000.00,4.461488,100.44921875
08:01:03,91282CKV2,TSRYS5823596,D,S,C,2024-06-24,1000000.00,4.461488,100.44921875
08:01:03,91282CKV2,TSRYS5823596,D,S,C,2024-06-24,1000000.00,4.461488,100.44921875
08:01:03,91282CKV2,TSRYS5823596,D,S,D,2024-06-24,1000000.00,4.461488,100.44921875
08:01:03,91282CKV2,TSRYS5823596,D,B,C,2024-06-24,4000000.00,4.461488,100.44921875
08:01:03,91282CKV2,TSRYS5823596,D,B,C,2024-06-24,1000000.00,4.461488,100.44921875
08:01:03,91282CKV2,TSRYS5823596,D,B,C,2024-06-24,1000000.00,4.461488,100.44921875
08:01:03,91282CKV2,TSRYS5823596,D,B,C,2024-06-24,1000000.00,4.461488,100.44921875
08:01:03,91282CKV2,TSRYS5823596,D,S,C,2024-06-24,2000000.00,4.461488,100.44921875
08:01:03,91282CKV2,TSRYS5823596,D,S,C,2024-06-24,1000000.00,4.461488,100.44921875
08:01:03,91282CKV2,TSRYS5823596,D,B,C,2024-06-24,1000000.00,4.461488,100.44921875
08:01:03,91282CKV2,TSRYS5823596,D,B,C,2024-06-24,3000000.00,4.461488,100.44921875
08:01:03,91282CKV2,TSRYS5823596,D,S,C,2024-06-24,2000000.00,4.461488,100.44921875
08:01:03,91282CKV2,TSRYS5823596,D,S,D,2024-06-24,1000000.00,4.461488,100.44921875
08:01:03,91282CKV2,TSRYS5823596,D,B,C,2024-06-24,1000000.00,4.461488,100.44921875
08:01:03,91282CKV2,TSRYS5823596,D,B,C,2024-06-24,2000000.00,4.461488,100.44921875
08:01:03,91282CKV2,TSRYS5823596,D,B,C,2024-06-24,1000000.00,4.461488,100.44921875
08:01:03,91282CKV2,TSRYS5823596,D,S,D,2024-06-24,1000000.00,4.461488,100.44921875
08:01:03,91282CKV2,TSRYS5823596,D,B,C,2024-06-24,1000000.00,4.461488,100.44921875
08:01:03,91282CKV2,TSRYS5823596,D,B,C,2024-06-24,2000000.00,4.461488,100.44921875
08:01:03,91282CKV2,TSRYS5823596,D,B,C,2024-06-24,1000000.00,4.461488,100.44921875
08:01:03,91282CKV2,TSRYS5823596,D,S,C,2024-06-24,2000000.00,4.461488,100.44921875
08:01:03,91282CKV2,TSRYS5823596,D,B,A,2024-06-24,880000.00,4.474237,100.414
08:01:03,91282CKV2,TSRYS5823596,D,B,C,2024-06-24,1000000.00,4.461488,100.44921875
08:01:03,91282CKV2,TSRYS5823596,D,S,D,2024-06-24,1000000.00,4.464316,100.44140625
08:01:03,91282CKV2,TSRYS5823596,D,S,D,2024-06-24,2000000.00,4.461488,100.44921875
08:01:03,91282CKV2,TSRYS5823596,D,S,T,2024-06-24,1000000.00,4.479872,100.3984375
08:01:03,91282CKV2,TSRYS5823596,D,S,T,2024-06-24,1000000.00,4.479872,100.3984375
08:01:03,91282CKV2,TSRYS5823596,D,B,C,2024-06-24,2000000.00,4.461488,100.44921875
08:01:03,91282CKV2,TSRYS5823596,D,S,D,2024-06-24,1000000.00,4.461488,100.44921875
08:01:03,91282CKV2,TSRYS5823596,D,S,D,2024-06-24,1000000.00,4.461488,100.44921875
08:01:03,91282CKV2,TSRYS5823596,D,B,C,2024-06-24,2000000.00,4.464316,100.44140625
08:01:03,91282CKV2,TSRYS5823596,D,S,C,2024-06-24,3000000.00,4.461488,100.44921875
08:01:03,91282CKV2,TSRYS5823596,D,S,C,2024-06-24,3000000.00,4.461488,100.44921875
08:01:03,91282CKV2,TSRYS5823596,D,B,C,2024-06-24,3000000.00,4.461488,100.44921875
08:01:04,91282CKV2,TSRYS5823596,D,S,D,2024-06-24,4000000.00,4.461488,100.44921875
08:01:04,91282CKV2,TSRYS5823596,D,B,C,2024-06-24,1000000.00,4.461488,100.44921875
08:01:04,91282CKV2,TSRYS5823596,D,S,D,2024-06-24,1000000.00,4.464316,100.44140625
08:01:04,91282CKV2,TSRYS5823596,D,S,D,2024-06-24,1000000.00,4.461488,100.44921875
08:01:04,91282CKV2,TSRYS5823596,D,S,D,2024-06-24,1000000.00,4.461488,100.44921875
08:01:04,91282CKV2,TSRYS5823596,D,B,C,2024-06-24,1000000.00,4.461488,100.44921875
08:01:04,91282CKV2,TSRYS5823596,D,S,D,2024-06-24,4000000.00,4.464316,100.44140625
08:01:04,91282CKV2,TSRYS5823596,D,B,C,2024-06-24,1000000.00,4.464316,100.44140625
08:01:04,91282CKV2,TSRYS5823596,D,S,D,2024-06-24,1000000.00,4.461488,100.44921875
08:01:04,91282CKV2,TSRYS5823596,D,S,C,2024-06-24,3000000.00,4.464316,100.44140625
08:01:04,91282CKV2,TSRYS5823596,D,S,D,2024-06-24,1000000.00,4.461488,100.44921875
08:01:04,91282CKV2,TSRYS5823596,D,S,C,2024-06-24,2000000.00,4.464316,100.44140625
08:01:04,91282CKV2,TSRYS5823596,D,S,C,2024-06-24,1000000.00,4.464316,100.44140625
08:01:04,91282CKV2,TSRYS5823596,D,B,C,2024-06-24,3000000.00,4.464316,100.44140625
08:01:04,91282CKV2,TSRYS5823596,D,B,C,2024-06-24,1000000.00,4.464316,100.44140625
08:01:04,91282CKV2,TSRYS5823596,D,B,C,2024-06-24,1000000.00,4.464316,100.44140625
08:01:04,91282CKV2,TSRYS5823596,D,B,C,2024-06-24,1000000.00,4.464316,100.44140625
08:01:04,91282CKV2,TSRYS5823596,D,B,C,2024-06-24,4000000.00,4.464316,100.44140625
08:01:04,91282CKV2,TSRYS5823596,D,B,C,2024-06-24,1000000.00,4.461488,100.44921875
08:01:04,91282CKV2,TSRYS5823596,D,S,D,2024-06-24,1000000.00,4.464316,100.44140625
08:01:04,91282CKV2,TSRYS5823596,D,B,C,2024-06-24,4000000.00,4.464316,100.44140625
08:01:04,91282CKV2,TSRYS5823596,D,B,C,2024-06-24,1000000.00,4.461488,100.44921875
08:01:04,91282CKV2,TSRYS5823596,D,S,C,2024-06-24,1000000.00,4.461488,100.44921875
08:01:04,91282CKV2,TSRYS5823596,D,S,D,2024-06-24,4000000.00,4.464316,100.44140625
08:01:04,91282CKV2,TSRYS5823596,D,S,C,2024-06-24,1000000.00,4.461488,100.44921875
08:01:04,91282CKV2,TSRYS5823596,D,S,D,2024-06-24,1000000.00,4.461488,100.44921875
08:01:04,91282CKV2,TSRYS5823596,D,B,C,2024-06-24,4000000.00,4.461488,100.44921875
08:01:04,91282CKV2,TSRYS5823596,D,B,C,2024-06-24,1000000.00,4.461488,100.44921875
08:01:04,91282CKV2,TSRYS5823596,D,B,C,2024-06-24,1000000.00,4.461488,100.44921875
08:01:04,91282CKV2,TSRYS5823596,D,S,D,2024-06-24,4000000.00,4.461488,100.44921875
08:01:04,91282CKV2,TSRYS5823596,D,B,C,2024-06-24,4000000.00,4.461488,100.44921875
08:01:04,91282CKV2,TSRYS5823596,D,S,D,2024-06-24,3000000.00,4.461488,100.44921875
08:01:04,91282CKV2,TSRYS5823596,D,B,C,2024-06-24,3000000.00,4.461488,100.44921875
08:01:04,91282CKV2,TSRYS5823596,D,S,D,2024-06-24,4000000.00,4.461488,100.44921875
08:01:04,91282CKV2,TSRYS5823596,D,B,C,2024-06-24,4000000.00,4.461488,100.44921875
08:01:04,91282CKV2,TSRYS5823596,D,B,C,2024-06-24,4000000.00,4.461488,100.44921875
08:01:04,91282CKV2,TSRYS5823596,D,S,D,2024-06-24,4000000.00,4.461488,100.44921875
08:01:04,91282CKV2,TSRYS5823596,D,S,C,2024-06-24,1000000.00,4.467144,100.43359375
08:01:04,91282CKV2,TSRYS5823596,D,S,C,2024-06-24,1000000.00,4.469265,100.427734375
08:01:05,91282CKV2,TSRYS5823596,D,S,C,2024-06-24,1000000.00,4.466437,100.435546875
08:01:05,91282CKV2,TSRYS5823596,D,S,C,2024-06-24,1000000.00,4.462902,100.4453125
08:01:05,91282CKV2,TSRYS5823596,D,S,C,2024-06-24,1000000.00,4.460075,100.453125
08:01:05,91282CKV2,TSRYS5823596,D,S,C,2024-06-24,1000000.00,4.460075,100.453125
08:01:05,91282CKV2,TSRYS5823596,D,S,C,2024-06-24,1000000.00,4.459368,100.455078125
08:01:05,91282CKV2,TSRYS5823596,D,S,D,2024-06-24,1000000.00,4.464316,100.44140625
08:01:05,91282CKV2,TSRYS5823596,D,S,D,2024-06-24,1000000.00,4.464316,100.44140625
08:01:05,91282CKV2,TSRYS5823596,D,S,C,2024-06-24,1000000.00,4.458661,100.45703125
08:01:05,91282CKV2,TSRYS5823596,D,S,C,2024-06-24,1000000.00,4.458661,100.45703125
08:01:05,91282CKV2,TSRYS5823596,D,S,C,2024-06-24,1000000.00,4.458661,100.45703125
08:01:06,91282CKV2,TSRYS5823596,D,B,C,2024-06-24,1000000.00,4.471386,100.421875
08:01:06,91282CKV2,TSRYS5823596,D,S,C,2024-06-24,1000000.00,4.462902,100.4453125
08:01:06,91282CKV2,TSRYS5823596,D,S,C,2024-06-24,1000000.00,4.462902,100.4453125
08:01:06,91282CKV2,TSRYS5823596,D,S,C,2024-06-24,1000000.00,4.462902,100.4453125
08:01:06,91282CKV2,TSRYS5823596,D,S,C,2024-06-24,1000000.00,4.464316,100.44140625
08:01:06,91282CKV2,TSRYS5823596,D,B,C,2024-06-24,1000000.00,4.472093,100.419921875
08:01:06,91282CKV2,TSRYS5823596,D,S,C,2024-06-24,1000000.00,4.472093,100.419921875
08:01:06,91282CKV2,TSRYS5823596,D,S,C,2024-06-24,1000000.00,4.477043,100.40625
08:01:06,91282CKV2,TSRYS5823596,D,B,C,2024-06-24,1000000.00,4.477043,100.40625
08:01:06,91282CKV2,TSRYS5823596,D,S,D,2024-06-24,1000000.00,4.471386,100.421875
08:01:06,91282CKV2,TSRYS5823596,D,B,C,2024-06-24,1000000.00,4.471386,100.421875
08:01:06,91282CKV2,TSRYS5823596,D,S,D,2024-06-24,1000000.00,4.471386,100.421875
08:01:06,91282CKV2,TSRYS5823596,D,S,D,2024-06-24,2000000.00,4.471386,100.421875
08:01:06,91282CKV2,TSRYS5823596,D,S,D,2024-06-24,1000000.00,4.471386,100.421875
08:01:06,91282CKV2,TSRYS5823596,D,S,A,2024-06-24,51500.00,4.469972,100.42578125
08:01:07,91282CKV2,TSRYS5823596,D,S,D,2024-06-24,1000000.00,4.463609,100.443359375
08:01:08,91282CKV2,TSRYS5823596,D,S,T,2024-06-24,1000000.00,4.4728,100.41796875
08:01:08,91282CKV2,TSRYS5823596,D,S,T,2024-06-24,1000000.00,4.4728,100.41796875
08:01:08,91282CKV2,TSRYS5823596,D,S,T,2024-06-24,1000000.00,4.4728,100.41796875
08:01:09,91282CKV2,TSRYS5823596,D,S,A,2024-06-24,1020000.00,4.46573,100.4375
08:01:09,91282CKV2,TSRYS5823596,D,S,D,2024-06-24,1000000.00,4.471386,100.421875
08:01:10,91282CKV2,TSRYS5823596,D,S,T,2024-06-24,1000000.00,4.475628,100.41015625
08:01:10,91282CKV2,TSRYS5823596,D,S,T,2024-06-24,1000000.00,4.475628,100.41015625
08:01:10,91282CKV2,TSRYS5823596,D,S,D,2024-06-24,1000000.00,4.46573,100.4375
08:01:10,91282CKV2,TSRYS5823596,D,S,T,2024-06-24,1000000.00,4.475628,100.41015625
08:01:10,91282CKV2,TSRYS5823596,D,S,T,2024-06-24,1000000.00,4.475628,100.41015625
08:01:10,91282CKV2,TSRYS5823596,D,S,T,2024-06-24,7000000.00,4.475628,100.41015625
08:01:10,91282CKV2,TSRYS5823596,D,S,T,2024-06-24,1000000.00,4.475628,100.41015625
08:01:10,91282CKV2,TSRYS5823596,D,S,T,2024-06-24,1000000.00,4.475628,100.41015625
08:01:10,91282CKV2,TSRYS5823596,D,S,T,2024-06-24,1000000.00,4.475628,100.41015625
08:01:10,91282CKV2,TSRYS5823596,D,S,T,2024-06-24,2000000.00,4.459404,100.454978125
08:01:10,91282CKV2,TSRYS5823596,D,S,T,2024-06-24,1000000.00,4.459404,100.454978125
08:01:11,91282CKV2,TSRYS5823596,D,S,T,2024-06-24,2000000.00,4.457284,100.4608355
08:01:11,91282CKV2,TSRYS5823596,D,S,T,2024-06-24,1000000.00,4.457284,100.4608355
08:01:11,91282CKV2,TSRYS5823596,D,B,C,2024-06-24,4000000.00,4.459766,100.4539781
08:01:11,91282CKV2,TSRYS5823596,D,S,D,2024-06-24,1000000.00,4.459821,100.453825
08:01:11,91282CKV2,TSRYS5823596,D,B,C,2024-06-24,2000000.00,4.460473,100.452025
08:01:13,91282CKV2,TSRYS5823596,D,S,A,2024-06-24,54000.00,4.474214,100.4140625
08:01:13,91282CKV2,TSRYS5823596,D,S,T,2024-06-24,1000000.00,4.461525,100.44911675
08:01:13,91282CKV2,TSRYS5823596,D,S,T,2024-06-24,1000000.00,4.461525,100.44911675
08:01:13,91282CKV2,TSRYS5823596,D,S,T,2024-06-24,1000000.00,4.461525,100.44911675
08:01:13,91282CKV2,TSRYS5823596,D,S,T,2024-06-24,1000000.00,4.461525,100.44911675
08:01:13,91282CKV2,TSRYS5823596,D,S,T,2024-06-24,2000000.00,4.461525,100.44911675
08:01:13,91282CKV2,TSRYS5823596,D,S,T,2024-06-24,1000000.00,4.461525,100.44911675
08:01:13,91282CKV2,TSRYS5823596,D,S,T,2024-06-24,1000000.00,4.461525,100.44911675
08:01:13,91282CKV2,TSRYS5823596,D,S,T,2024-06-24,1000000.00,4.461525,100.44911675
08:01:13,91282CKV2,TSRYS5823596,D,S,T,2024-06-24,1000000.00,4.461525,100.44911675
08:01:13,91282CKV2,TSRYS5823596,D,B,C,2024-06-24,1000000.00,4.4728,100.41796875
08:01:13,91282CKV2,TSRYS5823596,D,S,D,2024-06-24,1000000.00,4.4728,100.41796875
08:01:14,91282CKV2,TSRYS5823596,D,S,C,2024-06-24,1000000.00,4.472093,100.419921875
08:01:14,91282CKV2,TSRYS5823596,D,S,C,2024-06-24,1000000.00,4.4728,100.41796875
08:01:14,91282CKV2,TSRYS5823596,D,B,C,2024-06-24,1000000.00,4.473507,100.416015625
08:01:14,91282CKV2,TSRYS5823596,D,S,D,2024-06-24,1000000.00,4.473507,100.416015625
08:01:14,91282CKV2,TSRYS5823596,D,S,D,2024-06-24,1000000.00,4.473507,100.416015625
08:01:14,91282CKV2,TSRYS5823596,D,B,C,2024-06-24,1000000.00,4.473507,100.416015625
08:01:14,91282CKV2,TSRYS5823596,D,S,T,2024-06-24,1000000.00,4.47775,100.404296875
08:01:14,91282CKV2,TSRYS5823596,D,B,C,2024-06-24,1000000.00,4.478457,100.40234375
08:01:14,91282CKV2,TSRYS5823596,D,S,C,2024-06-24,1000000.00,4.478457,100.40234375
08:01:16,91282CKV2,TSRYS5823596,D,B,C,2024-06-24,1000000.00,4.456541,100.462715625
08:01:16,91282CKV2,TSRYS5823596,D,S,D,2024-06-24,1000000.00,4.456541,100.462890625
08:01:17,91282CKV2,TSRYS5823596,D,S,C,2024-06-24,1000000.00,4.459368,100.455078125
08:01:18,91282CKV2,TSRYS5823596,D,S,T,2024-06-24,1000000.00,4.47775,100.404296875
08:01:19,91282CKV2,TSRYS5823596,D,S,T,2024-06-24,1000000.00,4.47775,100.404296875
08:01:19,91282CKV2,TSRYS5823596,D,S,T,2024-06-24,1000000.00,4.47775,100.404296875
08:01:19,91282CKV2,TSRYS5823596,D,S,T,2024-06-24,1000000.00,4.478457,100.40234375
08:01:19,91282CKV2,TSRYS5823596,D,S,T,2024-06-24,1000000.00,4.459431,100.454903125
08:01:19,91282CKV2,TSRYS5823596,D,S,T,2024-06-24,1000000.00,4.478457,100.40234375
08:01:19,91282CKV2,TSRYS5823596,D,S,T,2024-06-24,1000000.00,4.460138,100.45295
08:01:19,91282CKV2,TSRYS5823596,D,B,C,2024-06-24,1000000.00,4.461488,100.44906875
08:01:19,91282CKV2,TSRYS5823596,D,S,D,2024-06-24,1000000.00,4.461488,100.44921875
08:01:19,91282CKV2,TSRYS5823596,D,S,T,2024-06-24,1000000.00,4.460156,100.4529
08:01:19,91282CKV2,TSRYS5823596,D,B,C,2024-06-24,1000000.00,4.461488,100.44906875
08:01:19,91282CKV2,TSRYS5823596,D,S,D,2024-06-24,1000000.00,4.461488,100.44921875
08:01:19,91282CKV2,TSRYS5823596,D,B,C,2024-06-24,1000000.00,4.461488,100.44906875
08:01:19,91282CKV2,TSRYS5823596,D,S,C,2024-06-24,1000000.00,4.461488,100.44941875
08:01:19,91282CKV2,TSRYS5823596,D,B,C,2024-06-24,1000000.00,4.461488,100.44906875
08:01:19,91282CKV2,TSRYS5823596,D,S,C,2024-06-24,1000000.00,4.461488,100.44921875
08:01:19,91282CKV2,TSRYS5823596,D,B,C,2024-06-24,1000000.00,4.461488,100.44906875
08:01:19,91282CKV2,TSRYS5823596,D,S,C,2024-06-24,1000000.00,4.461488,100.44921875
08:01:20,91282CKV2,TSRYS5823596,D,B,C,2024-06-24,1000000.00,4.461488,100.44906875
08:01:20,91282CKV2,TSRYS5823596,D,S,C,2024-06-24,1000000.00,4.461488,100.44921875
08:01:20,91282CKV2,TSRYS5823596,D,B,C,2024-06-24,1000000.00,4.461488,100.44906875
08:01:20,91282CKV2,TSRYS5823596,D,S,C,2024-06-24,1000000.00,4.461488,100.44921875
08:01:20,91282CKV2,TSRYS5823596,D,B,C,2024-06-24,1000000.00,4.461488,100.44906875
08:01:20,91282CKV2,TSRYS5823596,D,S,D,2024-06-24,1000000.00,4.461488,100.44921875
08:01:20,91282CKV2,TSRYS5823596,D,B,C,2024-06-24,3000000.00,4.461488,100.44906875
08:01:20,91282CKV2,TSRYS5823596,D,S,D,2024-06-24,3000000.00,4.461488,100.44921875
08:01:20,91282CKV2,TSRYS5823596,D,B,C,2024-06-24,1000000.00,4.461488,100.44906875
08:01:20,91282CKV2,TSRYS5823596,D,S,D,2024-06-24,1000000.00,4.461488,100.44921875
08:01:20,91282CKV2,TSRYS5823596,D,B,C,2024-06-24,1000000.00,4.461488,100.44921875
08:01:20,91282CKV2,TSRYS5823596,D,S,D,2024-06-24,1000000.00,4.461488,100.44921875
08:01:20,91282CKV2,TSRYS5823596,D,B,C,2024-06-24,1000000.00,4.461488,100.44906875
08:01:20,91282CKV2,TSRYS5823596,D,S,D,2024-06-24,1000000.00,4.461488,100.44921875
08:01:20,91282CKV2,TSRYS5823596,D,B,C,2024-06-24,1000000.00,4.461488,100.44906875
08:01:20,91282CKV2,TSRYS5823596,D,S,D,2024-06-24,1000000.00,4.461488,100.44921875
08:01:21,91282CKV2,TSRYS5823596,D,S,C,2024-06-24,1000000.00,4.462902,100.4453125
08:01:21,91282CKV2,TSRYS5823596,D,B,C,2024-06-24,1000000.00,4.462902,100.4453125
08:01:21,91282CKV2,TSRYS5823596,D,S,D,2024-06-24,1000000.00,4.465023,100.43945312
08:01:21,91282CKV2,TSRYS5823596,D,S,C,2024-06-24,1000000.00,4.463609,100.443359375
08:01:21,91282CKV2,TSRYS5823596,D,B,C,2024-06-24,1000000.00,4.463609,100.443359375
08:01:21,91282CKV2,TSRYS5823596,D,S,D,2024-06-24,1000000.00,4.465023,100.43945312
08:01:22,91282CKV2,TSRYS5823596,D,B,C,2024-06-24,1000000.00,4.461488,100.44906875
08:01:22,91282CKV2,TSRYS5823596,D,S,D,2024-06-24,1000000.00,4.461488,100.44921875
08:01:22,91282CKV2,TSRYS5823596,D,B,A,2024-06-24,15000000.00,4.461488,100.44921875
08:01:22,91282CKV2,TSRYS5823596,D,B,C,2024-06-24,1000000.00,4.461488,100.44906875
08:01:22,91282CKV2,TSRYS5823596,D,S,D,2024-06-24,1000000.00,4.461488,100.44921875
08:01:22,91282CKV2,TSRYS5823596,D,B,C,2024-06-24,1000000.00,4.461488,100.44906875
08:01:22,91282CKV2,TSRYS5823596,D,S,D,2024-06-24,1000000.00,4.461488,100.44921875
08:01:22,91282CKV2,TSRYS5823596,D,B,C,2024-06-24,2000000.00,4.461488,100.44906875
08:01:22,91282CKV2,TSRYS5823596,D,S,D,2024-06-24,2000000.00,4.461488,100.44921875
08:01:22,91282CKV2,TSRYS5823596,D,B,C,2024-06-24,1000000.00,4.461488,100.44906875
08:01:22,91282CKV2,TSRYS5823596,D,S,D,2024-06-24,1000000.00,4.461488,100.44921875
08:01:22,91282CKV2,TSRYS5823596,D,B,C,2024-06-24,2000000.00,4.461488,100.44906875
08:01:22,91282CKV2,TSRYS5823596,D,S,D,2024-06-24,2000000.00,4.461488,100.44921875
08:01:22,91282CKV2,TSRYS5823596,D,B,C,2024-06-24,1000000.00,4.461488,100.44906875
08:01:22,91282CKV2,TSRYS5823596,D,S,D,2024-06-24,1000000.00,4.461488,100.44921875
08:01:22,91282CKV2,TSRYS5823596,D,B,A,2024-06-24,5000000.00,4.464316,100.44140625
08:01:22,91282CKV2,TSRYS5823596,D,B,C,2024-06-24,1000000.00,4.461488,100.44906875
08:01:23,91282CKV2,TSRYS5823596,D,S,T,2024-06-24,1000000.00,4.465023,100.43945312
08:01:23,91282CKV2,TSRYS5823596,D,S,D,2024-06-24,1000000.00,4.461488,100.44921875
08:01:23,91282CKV2,TSRYS5823596,D,B,C,2024-06-24,1000000.00,4.461488,100.44906875
08:01:23,91282CKV2,TSRYS5823596,D,S,D,2024-06-24,1000000.00,4.461488,100.44921875
08:01:23,91282CKV2,TSRYS5823596,D,S,D,2024-06-24,1000000.00,4.465023,100.43945312
08:01:23,91282CKV2,TSRYS5823596,D,S,D,2024-06-24,2000000.00,4.465023,100.43945312
08:01:23,91282CKV2,TSRYS5823596,D,S,D,2024-06-24,4000000.00,4.462195,100.44726562
08:01:23,91282CKV2,TSRYS5823596,D,B,C,2024-06-24,1000000.00,4.461488,100.44906875
08:01:23,91282CKV2,TSRYS5823596,D,S,D,2024-06-24,1000000.00,4.461488,100.44921875
08:01:23,91282CKV2,TSRYS5823596,D,B,C,2024-06-24,1000000.00,4.461488,100.44906875
08:01:23,91282CKV2,TSRYS5823596,D,S,C,2024-06-24,1000000.00,4.461488,100.44921875
08:01:23,91282CKV2,TSRYS5823596,D,B,C,2024-06-24,1000000.00,4.461488,100.44906875
08:01:23,91282CKV2,TSRYS5823596,D,S,D,2024-06-24,1000000.00,4.461488,100.44921875
08:01:23,91282CKV2,TSRYS5823596,D,B,C,2024-06-24,1000000.00,4.461488,100.44906875
08:01:23,91282CKV2,TSRYS5823596,D,S,D,2024-06-24,1000000.00,4.461488,100.44921875
08:01:23,91282CKV2,TSRYS5823596,D,S,T,2024-06-24,1000000.00,4.478457,100.40234375
08:01:23,91282CKV2,TSRYS5823596,D,S,T,2024-06-24,1000000.00,4.478457,100.40234375
08:01:23,91282CKV2,TSRYS5823596,D,B,C,2024-06-24,1000000.00,4.461488,100.44906875
08:01:23,91282CKV2,TSRYS5823596,D,S,D,2024-06-24,1000000.00,4.461488,100.44921875
08:01:23,91282CKV2,TSRYS5823596,D,B,C,2024-06-24,1000000.00,4.461488,100.44906875
08:01:23,91282CKV2,TSRYS5823596,D,S,D,2024-06-24,1000000.00,4.461488,100.44921875
08:01:23,91282CKV2,TSRYS5823596,D,B,C,2024-06-24,1000000.00,4.461488,100.44906875
08:01:23,91282CKV2,TSRYS5823596,D,S,D,2024-06-24,1000000.00,4.461488,100.44921875
08:01:23,91282CKV2,TSRYS5823596,D,B,C,2024-06-24,1000000.00,4.461488,100.44906875
08:01:24,91282CKV2,TSRYS5823596,D,S,D,2024-06-24,1000000.00,4.461488,100.44921875
08:01:24,91282CKV2,TSRYS5823596,D,B,C,2024-06-24,1000000.00,4.461488,100.44906875
08:01:24,91282CKV2,TSRYS5823596,D,S,D,2024-06-24,1000000.00,4.461488,100.44921875
08:01:24,91282CKV2,TSRYS5823596,D,B,C,2024-06-24,1000000.00,4.461488,100.44906875
08:01:24,91282CKV2,TSRYS5823596,D,S,D,2024-06-24,1000000.00,4.461488,100.44921875
08:01:24,91282CKV2,TSRYS5823596,D,B,C,2024-06-24,1000000.00,4.461488,100.44906875
08:01:24,91282CKV2,TSRYS5823596,D,S,D,2024-06-24,1000000.00,4.461488,100.44921875
08:01:24,91282CKV2,TSRYS5823596,D,B,C,2024-06-24,1000000.00,4.461488,100.44906875
08:01:24,91282CKV2,TSRYS5823596,D,S,D,2024-06-24,1000000.00,4.461488,100.44921875
08:01:24,91282CKV2,TSRYS5823596,D,B,C,2024-06-24,1000000.00,4.461488,100.44906875
08:01:24,91282CKV2,TSRYS5823596,D,S,D,2024-06-24,1000000.00,4.461488,100.44921875
08:01:24,91282CKV2,TSRYS5823596,D,B,C,2024-06-24,1000000.00,4.461488,100.44906875
08:01:24,91282CKV2,TSRYS5823596,D,S,D,2024-06-24,1000000.00,4.461488,100.44921875
08:01:24,91282CKV2,TSRYS5823596,D,B,C,2024-06-24,1000000.00,4.461488,100.44906875
08:01:24,91282CKV2,TSRYS5823596,D,S,D,2024-06-24,1000000.00,4.461488,100.44921875
08:01:24,91282CKV2,TSRYS5823596,D,B,C,2024-06-24,1000000.00,4.461488,100.44906875
08:01:24,91282CKV2,TSRYS5823596,D,S,D,2024-06-24,1000000.00,4.461488,100.44921875
08:01:24,91282CKV2,TSRYS5823596,D,B,C,2024-06-24,1000000.00,4.461488,100.44906875
08:01:24,91282CKV2,TSRYS5823596,D,S,D,2024-06-24,1000000.00,4.461488,100.44921875
08:01:25,91282CKV2,TSRYS5823596,D,B,C,2024-06-24,1000000.00,4.461488,100.44906875
08:01:25,91282CKV2,TSRYS5823596,D,S,D,2024-06-24,1000000.00,4.461488,100.44921875
08:01:25,91282CKV2,TSRYS5823596,D,B,C,2024-06-24,1000000.00,4.461488,100.44906875
08:01:25,91282CKV2,TSRYS5823596,D,S,D,2024-06-24,1000000.00,4.461488,100.44921875
08:01:26,91282CKV2,TSRYS5823596,D,S,C,2024-06-24,1000000.00,4.462902,100.4453125
08:01:26,91282CKV2,TSRYS5823596,D,S,C,2024-06-24,1000000.00,4.462902,100.4453125
08:01:26,91282CKV2,TSRYS5823596,D,B,A,2024-06-24,1000000.00,4.468557,100.4296875
08:01:26,91282CKV2,TSRYS5823596,D,S,C,2024-06-24,1000000.00,4.462902,100.4453125
08:01:26,91282CKV2,TSRYS5823596,D,S,C,2024-06-24,1000000.00,4.462902,100.4453125
08:01:26,91282CKV2,TSRYS5823596,D,S,A,2024-06-24,391000.00,4.469972,100.42578125
08:01:26,91282CKV2,TSRYS5823596,D,B,C,2024-06-24,1000000.00,4.464316,100.44125625
08:01:26,91282CKV2,TSRYS5823596,D,S,D,2024-06-24,1000000.00,4.464316,100.44140625
08:01:26,91282CKV2,TSRYS5823596,D,B,C,2024-06-24,1000000.00,4.464316,100.44125625
08:01:26,91282CKV2,TSRYS5823596,D,S,D,2024-06-24,1000000.00,4.464316,100.44140625
08:01:26,91282CKV2,TSRYS5823596,D,B,C,2024-06-24,1000000.00,4.464316,100.44125625
08:01:27,91282CKV2,TSRYS5823596,D,S,D,2024-06-24,1000000.00,4.464316,100.44140625
08:01:27,91282CKV2,TSRYS5823596,D,B,C,2024-06-24,1000000.00,4.464316,100.44125625
08:01:27,91282CKV2,TSRYS5823596,D,S,D,2024-06-24,1000000.00,4.464316,100.44140625
08:01:27,91282CKV2,TSRYS5823596,D,B,C,2024-06-24,3000000.00,4.464316,100.44125625
08:01:27,91282CKV2,TSRYS5823596,D,B,A,2024-06-24,9900000.00,4.465186,100.4375
08:01:27,91282CKV2,TSRYS5823596,D,S,D,2024-06-24,3000000.00,4.464316,100.44140625
08:01:27,91282CKV2,TSRYS5823596,D,B,C,2024-06-24,1000000.00,4.464316,100.44125625
08:01:27,91282CKV2,TSRYS5823596,D,S,C,2024-06-24,1000000.00,4.464316,100.44140625
08:01:27,91282CKV2,TSRYS5823596,D,S,A,2024-06-24,2650000.00,4.455644,100.46484375
08:01:27,91282CKV2,TSRYS5823596,D,B,C,2024-06-24,1000000.00,4.462902,100.4453125
08:01:27,91282CKV2,TSRYS5823596,D,S,D,2024-06-24,1000000.00,4.462902,100.4453125
08:01:27,91282CKV2,TSRYS5823596,D,B,C,2024-06-24,1000000.00,4.462902,100.4453125
08:01:27,91282CKV2,TSRYS5823596,D,S,D,2024-06-24,1000000.00,4.462902,100.4453125
08:01:27,91282CKV2,TSRYS5823596,D,B,C,2024-06-24,1000000.00,4.462902,100.4453125
08:01:27,91282CKV2,TSRYS5823596,D,S,D,2024-06-24,1000000.00,4.462902,100.4453125
08:01:27,91282CKV2,TSRYS5823596,D,S,T,2024-06-24,2000000.00,4.465777,100.43737
08:01:27,91282CKV2,TSRYS5823596,D,S,T,2024-06-24,2000000.00,4.465777,100.43737
08:01:27,91282CKV2,TSRYS5823596,D,B,C,2024-06-24,1000000.00,4.462195,100.447265625
08:01:27,91282CKV2,TSRYS5823596,D,S,D,2024-06-24,1000000.00,4.462195,100.447265625
08:01:27,91282CKV2,TSRYS5823596,D,S,T,2024-06-24,1000000.00,4.465777,100.43737
08:01:32,91282CKV2,TSRYS5823596,D,S,T,2024-06-24,1000000.00,4.460147,100.452925
08:01:32,91282CKV2,TSRYS5823596,D,S,T,2024-06-24,1000000.00,4.460147,100.452925
08:01:32,91282CKV2,TSRYS5823596,D,S,D,2024-06-24,3000000.00,4.460075,100.453125
08:01:32,91282CKV2,TSRYS5823596,D,S,C,2024-06-24,2000000.00,4.460075,100.453125
08:01:32,91282CKV2,TSRYS5823596,D,S,C,2024-06-24,3000000.00,4.460075,100.453125
08:01:32,91282CKV2,TSRYS5823596,D,S,T,2024-06-24,2000000.00,4.460147,100.452925
08:01:32,91282CKV2,TSRYS5823596,D,S,T,2024-06-24,3000000.00,4.460147,100.452925
08:01:32,91282CKV2,TSRYS5823596,D,S,T,2024-06-24,1000000.00,4.460147,100.452925
08:01:32,91282CKV2,TSRYS5823596,D,S,T,2024-06-24,1000000.00,4.460147,100.452925
08:01:32,91282CKV2,TSRYS5823596,D,S,C,2024-06-24,2000000.00,4.460075,100.453125
08:01:32,91282CKV2,TSRYS5823596,D,S,C,2024-06-24,1000000.00,4.460075,100.453125
08:01:32,91282CKV2,TSRYS5823596,D,S,C,2024-06-24,1000000.00,4.460075,100.453125
08:01:32,91282CKV2,TSRYS5823596,D,S,T,2024-06-24,1000000.00,4.472836,100.41786875
08:01:32,91282CKV2,TSRYS5823596,D,B,A,2024-06-24,1000000.00,4.4728,100.41796875
08:01:33,91282CKV2,TSRYS5823596,D,S,T,2024-06-24,1000000.00,4.479872,100.3984375
08:01:33,91282CKV2,TSRYS5823596,D,S,T,2024-06-24,3000000.00,4.479872,100.3984375
08:01:33,91282CKV2,TSRYS5823596,D,S,T,2024-06-24,1000000.00,4.479872,100.3984375
08:01:34,91282CKV2,TSRYS5823596,D,S,D,2024-06-24,1000000.00,4.462195,100.447265625
08:01:34,91282CKV2,TSRYS5823596,D,B,C,2024-06-24,1000000.00,4.462195,100.447265625
08:01:34,91282CKV2,TSRYS5823596,D,S,T,2024-06-24,1000000.00,4.471386,100.421875
08:01:34,91282CKV2,TSRYS5823596,D,S,T,2024-06-24,1000000.00,4.471386,100.421875
08:01:34,91282CKV2,TSRYS5823596,D,S,T,2024-06-24,1000000.00,4.471386,100.421875
08:01:34,91282CKV2,TSRYS5823596,D,S,T,2024-06-24,1000000.00,4.471386,100.421875
08:01:34,91282CKV2,TSRYS5823596,D,S,T,2024-06-24,9000000.00,4.471386,100.421875
08:01:34,91282CKV2,TSRYS5823596,D,S,T,2024-06-24,1000000.00,4.471386,100.421875
08:01:34,91282CKV2,TSRYS5823596,D,S,T,2024-06-24,2000000.00,4.471386,100.421875
08:01:34,91282CKV2,TSRYS5823596,D,S,T,2024-06-24,2000000.00,4.471386,100.421875
08:01:34,91282CKV2,TSRYS5823596,D,S,T,2024-06-24,3000000.00,4.471386,100.421875
08:01:34,91282CKV2,TSRYS5823596,D,S,T,2024-06-24,8000000.00,4.471386,100.421875
08:01:34,91282CKV2,TSRYS5823596,D,S,A,2024-06-24,1000000.00,4.471386,100.421875
08:01:35,91282CKV2,TSRYS5823596,D,B,C,2024-06-24,1000000.00,4.461488,100.44906875
08:01:35,91282CKV2,TSRYS5823596,D,S,C,2024-06-24,1000000.00,4.461488,100.44921875
08:01:35,91282CKV2,TSRYS5823596,D,B,C,2024-06-24,1000000.00,4.461488,100.44906875
08:01:35,91282CKV2,TSRYS5823596,D,S,C,2024-06-24,1000000.00,4.461488,100.44941875
08:01:35,91282CKV2,TSRYS5823596,D,B,C,2024-06-24,1000000.00,4.461488,100.44906875
08:01:35,91282CKV2,TSRYS5823596,D,S,C,2024-06-24,1000000.00,4.461488,100.44921875
08:01:35,91282CKV2,TSRYS5823596,D,B,C,2024-06-24,1000000.00,4.461488,100.44906875
08:01:35,91282CKV2,TSRYS5823596,D,S,D,2024-06-24,1000000.00,4.461488,100.44921875
08:01:35,91282CKV2,TSRYS5823596,D,B,C,2024-06-24,1000000.00,4.461488,100.44906875
08:01:35,91282CKV2,TSRYS5823596,D,S,D,2024-06-24,1000000.00,4.461488,100.44921875
08:01:35,91282CKV2,TSRYS5823596,D,B,C,2024-06-24,1000000.00,4.461488,100.44906875
08:01:35,91282CKV2,TSRYS5823596,D,S,D,2024-06-24,1000000.00,4.461488,100.44921875
08:01:35,91282CKV2,TSRYS5823596,D,B,C,2024-06-24,1000000.00,4.461488,100.44906875
08:01:35,91282CKV2,TSRYS5823596,D,S,D,2024-06-24,1000000.00,4.461488,100.44921875
08:01:35,91282CKV2,TSRYS5823596,D,B,C,2024-06-24,1000000.00,4.461488,100.44906875
08:01:35,91282CKV2,TSRYS5823596,D,S,D,2024-06-24,1000000.00,4.461488,100.44921875
08:01:35,91282CKV2,TSRYS5823596,D,B,C,2024-06-24,1000000.00,4.461488,100.44906875
08:01:35,91282CKV2,TSRYS5823596,D,S,D,2024-06-24,1000000.00,4.461488,100.44921875
08:01:35,91282CKV2,TSRYS5823596,D,B,C,2024-06-24,1000000.00,4.461488,100.44906875
08:01:35,91282CKV2,TSRYS5823596,D,S,D,2024-06-24,1000000.00,4.461488,100.44921875
08:01:35,91282CKV2,TSRYS5823596,D,B,C,2024-06-24,1000000.00,4.461488,100.44906875
08:01:35,91282CKV2,TSRYS5823596,D,S,D,2024-06-24,1000000.00,4.461488,100.44921875
08:01:35,91282CKV2,TSRYS5823596,D,B,C,2024-06-24,1000000.00,4.461488,100.44906875
08:01:35,91282CKV2,TSRYS5823596,D,S,D,2024-06-24,1000000.00,4.461488,100.44921875
08:01:38,91282CKV2,TSRYS5823596,D,S,T,2024-06-24,2000000.00,4.479872,100.3984375
08:01:43,91282CKV2,TSRYS5823596,D,S,T,2024-06-24,1000000.00,4.479872,100.3984375
08:01:43,91282CKV2,TSRYS5823596,D,S,T,2024-06-24,1000000.00,4.479872,100.3984375
08:01:43,91282CKV2,TSRYS5823596,D,S,T,2024-06-24,2000000.00,4.479165,100.400390625
08:01:46,91282CKV2,TSRYS5823596,D,S,T,2024-06-24,1000000.00,4.454421,100.46875
08:01:46,91282CKV2,TSRYS5823596,D,S,T,2024-06-24,1000000.00,4.454421,100.46875
08:01:46,91282CKV2,TSRYS5823596,D,S,T,2024-06-24,1000000.00,4.454421,100.46875
08:01:46,91282CKV2,TSRYS5823596,D,S,T,2024-06-24,1000000.00,4.454421,100.46875
08:01:47,91282CKV2,TSRYS5823596,D,B,C,2024-06-24,1000000.00,4.461488,100.44906875
08:01:47,91282CKV2,TSRYS5823596,D,S,D,2024-06-24,1000000.00,4.461488,100.44921875
08:01:47,91282CKV2,TSRYS5823596,D,B,C,2024-06-24,1000000.00,4.461488,100.44906875
08:01:47,91282CKV2,TSRYS5823596,D,S,D,2024-06-24,1000000.00,4.461488,100.44921875
08:01:47,91282CKV2,TSRYS5823596,D,S,T,2024-06-24,1000000.00,4.454466,100.468625
08:01:47,91282CKV2,TSRYS5823596,D,S,T,2024-06-24,1000000.00,4.454421,100.46875
08:01:47,91282CKV2,TSRYS5823596,D,B,C,2024-06-24,1000000.00,4.461488,100.44906875
08:01:47,91282CKV2,TSRYS5823596,D,S,C,2024-06-24,1000000.00,4.461488,100.44921875
08:01:47,91282CKV2,TSRYS5823596,D,S,T,2024-06-24,1000000.00,4.454421,100.46875
08:01:47,91282CKV2,TSRYS5823596,D,B,C,2024-06-24,1000000.00,4.461488,100.44906875
08:01:47,91282CKV2,TSRYS5823596,D,S,D,2024-06-24,1000000.00,4.461488,100.44921875
08:01:47,91282CKV2,TSRYS5823596,D,B,C,2024-06-24,3000000.00,4.461488,100.44906875
08:01:47,91282CKV2,TSRYS5823596,D,S,D,2024-06-24,3000000.00,4.461488,100.44921875
08:01:47,91282CKV2,TSRYS5823596,D,B,C,2024-06-24,1000000.00,4.461488,100.44906875
08:01:47,91282CKV2,TSRYS5823596,D,S,D,2024-06-24,1000000.00,4.461488,100.44921875
08:01:47,91282CKV2,TSRYS5823596,D,B,C,2024-06-24,1000000.00,4.461488,100.44906875
08:01:47,91282CKV2,TSRYS5823596,D,S,D,2024-06-24,1000000.00,4.461488,100.44921875
08:01:48,91282CKV2,TSRYS5823596,D,S,D,2024-06-24,1000000.00,4.479,100.4008447438
08:01:48,91282CKV2,TSRYS5823596,D,S,T,2024-06-24,1000000.00,4.479165,100.400390625
08:01:48,91282CKV2,TSRYS5823596,D,S,T,2024-06-24,1000000.00,4.479165,100.400390625
08:01:48,91282CKV2,TSRYS5823596,D,B,C,2024-06-24,1000000.00,4.462902,100.4451625
08:01:48,91282CKV2,TSRYS5823596,D,S,C,2024-06-24,1000000.00,4.462902,100.4455125
08:01:49,91282CKV2,TSRYS5823596,D,B,A,2024-06-24,24000000.00,4.46573,100.4375
08:01:49,91282CKV2,TSRYS5823596,D,S,C,2024-06-24,200000.00,4.458661,100.45703125
08:01:50,91282CKV2,TSRYS5823596,D,S,D,2024-06-24,2000000.00,4.460075,100.453125
08:01:52,91282CKV2,TSRYS5823596,D,S,C,2024-06-24,50000000.00,4.46573,100.4375
08:01:53,91282CKV2,TSRYS5823596,D,S,C,2024-06-24,50000000.00,4.46573,100.4375
08:01:53,91282CKV2,TSRYS5823596,D,S,C,2024-06-24,200000.00,4.464316,100.44140625
08:01:53,91282CKV2,TSRYS5823596,D,S,T,2024-06-24,1000000.00,4.479165,100.400390625
08:01:54,91282CKV2,TSRYS5823596,D,S,C,2024-06-24,1000000.00,4.467144,100.43359375
08:01:54,91282CKV2,TSRYS5823596,D,S,D,2024-06-24,1000000.00,4.467144,100.43359375
08:01:54,91282CKV2,TSRYS5823596,D,S,D,2024-06-24,1000000.00,4.467144,100.43359375
08:01:54,91282CKV2,TSRYS5823596,D,S,D,2024-06-24,1000000.00,4.467144,100.43359375
08:01:54,91282CKV2,TSRYS5823596,D,S,C,2024-06-24,1000000.00,4.467144,100.43359375
08:01:54,91282CKV2,TSRYS5823596,D,S,C,2024-06-24,1000000.00,4.467144,100.43359375
08:01:54,91282CKV2,TSRYS5823596,D,S,C,2024-06-24,1000000.00,4.467144,100.43359375
08:01:55,91282CKV2,TSRYS5823596,D,S,C,2024-06-24,1000000.00,4.46573,100.4375
08:01:56,91282CKV2,TSRYS5823596,D,S,T,2024-06-24,1000000.00,4.474921,100.41210937
08:01:56,91282CKV2,TSRYS5823596,D,S,D,2024-06-24,1000000.00,4.474921,100.41210937
08:01:56,91282CKV2,TSRYS5823596,D,S,T,2024-06-24,1000000.00,4.474921,100.41210937
08:01:56,91282CKV2,TSRYS5823596,D,S,T,2024-06-24,1000000.00,4.474921,100.41210937
08:01:56,91282CKV2,TSRYS5823596,D,S,D,2024-06-24,1000000.00,4.474921,100.41210937
08:01:56,91282CKV2,TSRYS5823596,D,S,T,2024-06-24,1000000.00,4.474921,100.41210937
08:01:56,91282CKV2,TSRYS5823596,D,S,D,2024-06-24,1000000.00,4.474921,100.41210937
08:01:56,91282CKV2,TSRYS5823596,D,S,D,2024-06-24,1000000.00,4.474921,100.41210937
08:01:56,91282CKV2,TSRYS5823596,D,S,T,2024-06-24,1000000.00,4.474921,100.41210937
08:01:56,91282CKV2,TSRYS5823596,D,S,T,2024-06-24,1000000.00,4.474921,100.41210937
08:01:56,91282CKV2,TSRYS5823596,D,B,C,2024-06-24,10000000.00,4.474946,100.41204
08:01:58,91282CKV2,TSRYS5823596,D,S,C,2024-06-24,1000000.00,4.46573,100.4375
08:01:58,91282CKV2,TSRYS5823596,D,B,C,2024-06-24,1000000.00,4.465838,100.4372
08:01:58,91282CKV2,TSRYS5823596,D,B,C,2024-06-24,1000000.00,4.467198,100.43344375
08:01:58,91282CKV2,TSRYS5823596,D,S,D,2024-06-24,1000000.00,4.467144,100.43359375
08:01:58,91282CKV2,TSRYS5823596,D,S,D,2024-06-24,1000000.00,4.467144,100.43359375
08:01:58,91282CKV2,TSRYS5823596,D,B,C,2024-06-24,1000000.00,4.467198,100.43344375
08:01:58,91282CKV2,TSRYS5823596,D,B,C,2024-06-24,3000000.00,4.467252,100.43329375
08:01:58,91282CKV2,TSRYS5823596,D,S,D,2024-06-24,3000000.00,4.467144,100.43359375
08:01:58,91282CKV2,TSRYS5823596,D,S,D,2024-06-24,1000000.00,4.467144,100.43359375
08:01:58,91282CKV2,TSRYS5823596,D,B,C,2024-06-24,1000000.00,4.467144,100.43359375
08:01:58,91282CKV2,TSRYS5823596,D,S,C,2024-06-24,1000000.00,4.467144,100.43359375
08:01:59,91282CKV2,TSRYS5823596,D,S,D,2024-06-24,1000000.00,4.46573,100.4375
08:01:59,91282CKV2,TSRYS5823596,D,B,C,2024-06-24,1000000.00,4.46573,100.4375
08:01:59,91282CKV2,TSRYS5823596,D,S,D,2024-06-24,1000000.00,4.464316,100.44140625
08:01:59,91282CKV2,TSRYS5823596,D,B,C,2024-06-24,1000000.00,4.464316,100.44140625
08:01:59,91282CKV2,TSRYS5823596,D,S,A,2024-06-24,14521000.00,4.472446,100.418945313
08:02:00,91282CKV2,TSRYS5823596,D,S,C,2024-06-24,1000000.00,4.462902,100.4453125
08:02:00,91282CKV2,TSRYS5823596,D,S,D,2024-06-24,1500000.00,4.460075,100.453125
08:02:00,91282CKV2,TSRYS5823596,D,S,D,2024-06-24,1000000.00,4.460075,100.453125
08:02:00,91282CKV2,TSRYS5823596,D,B,C,2024-06-24,1000000.00,4.460075,100.453125
08:02:00,91282CKV2,TSRYS5823596,D,B,C,2024-06-24,1000000.00,4.458661,100.45703125
08:02:00,91282CKV2,TSRYS5823596,D,S,D,2024-06-24,1000000.00,4.458661,100.45703125
08:02:00,91282CKV2,TSRYS5823596,D,B,C,2024-06-24,1000000.00,4.458751,100.45678125
08:02:00,91282CKV2,TSRYS5823596,D,S,D,2024-06-24,1000000.00,4.458661,100.45703125
08:02:00,91282CKV2,TSRYS5823596,D,S,D,2024-06-24,1000000.00,4.4572,100.4610675
08:02:00,91282CKV2,TSRYS5823596,D,B,C,2024-06-24,2000000.00,4.457247,100.4609375
08:02:00,91282CKV2,TSRYS5823596,D,S,D,2024-06-24,2000000.00,4.4572,100.4610675
08:02:00,91282CKV2,TSRYS5823596,D,S,C,2024-06-24,1000000.00,4.457247,100.4609375
08:02:00,91282CKV2,TSRYS5823596,D,B,C,2024-06-24,1000000.00,4.457247,100.4609375
08:02:00,91282CKV2,TSRYS5823596,D,B,C,2024-06-24,1000000.00,4.455834,100.46484375
08:02:00,91282CKV2,TSRYS5823596,D,S,C,2024-06-24,1000000.00,4.455834,100.46484375
08:02:01,91282CKV2,TSRYS5823596,D,B,C,2024-06-24,1000000.00,4.458715,100.45688125
08:02:01,91282CKV2,TSRYS5823596,D,S,D,2024-06-24,1000000.00,4.458661,100.45703125
08:02:01,91282CKV2,TSRYS5823596,D,B,C,2024-06-24,1000000.00,4.458751,100.45678125
08:02:01,91282CKV2,TSRYS5823596,D,S,D,2024-06-24,1000000.00,4.458661,100.45703125
08:02:01,91282CKV2,TSRYS5823596,D,S,D,2024-06-24,1000000.00,4.458661,100.45703125
08:02:01,91282CKV2,TSRYS5823596,D,B,C,2024-06-24,1000000.00,4.458661,100.45703125
08:02:01,91282CKV2,TSRYS5823596,D,B,C,2024-06-24,1000000.00,4.460075,100.453125
08:02:01,91282CKV2,TSRYS5823596,D,B,C,2024-06-24,1000000.00,4.460075,100.453125
08:02:01,91282CKV2,TSRYS5823596,D,S,C,2024-06-24,1000000.00,4.459984,100.453375
08:02:01,91282CKV2,TSRYS5823596,D,S,C,2024-06-24,1000000.00,4.460002,100.453325
08:02:01,91282CKV2,TSRYS5823596,D,S,C,2024-06-24,1000000.00,4.46002,100.453275
08:02:01,91282CKV2,TSRYS5823596,D,B,C,2024-06-24,1000000.00,4.460075,100.453125
08:02:01,91282CKV2,TSRYS5823596,D,S,D,2024-06-24,1000000.00,4.461488,100.44921875
08:02:01,91282CKV2,TSRYS5823596,D,B,C,2024-06-24,1000000.00,4.461488,100.44921875
08:02:01,91282CKV2,TSRYS5823596,D,S,D,2024-06-24,1000000.00,4.461488,100.44921875
08:02:01,91282CKV2,TSRYS5823596,D,S,D,2024-06-24,1000000.00,4.461488,100.44921875
08:02:02,91282CKV2,TSRYS5823596,D,B,C,2024-06-24,1000000.00,4.461488,100.44921875
08:02:02,91282CKV2,TSRYS5823596,D,S,C,2024-06-24,1000000.00,4.46785,100.431640625
08:02:02,91282CKV2,TSRYS5823596,D,S,C,2024-06-24,1000000.00,4.461488,100.44921875
08:02:02,91282CKV2,TSRYS5823596,D,B,C,2024-06-24,1000000.00,4.46157,100.44899175
08:02:02,91282CKV2,TSRYS5823596,D,B,C,2024-06-24,1000000.00,4.46157,100.44899175
08:02:02,91282CKV2,TSRYS5823596,D,B,C,2024-06-24,1000000.00,4.46157,100.44899175
08:02:02,91282CKV2,TSRYS5823596,D,S,C,2024-06-24,1000000.00,4.461488,100.44921875
08:02:02,91282CKV2,TSRYS5823596,D,S,C,2024-06-24,1000000.00,4.461488,100.44921875
08:02:02,91282CKV2,TSRYS5823596,D,S,C,2024-06-24,5000000.00,4.461488,100.44921875
08:02:02,91282CKV2,TSRYS5823596,D,B,C,2024-06-24,1000000.00,4.46157,100.44899175
08:02:02,91282CKV2,TSRYS5823596,D,S,C,2024-06-24,1000000.00,4.461416,100.44941875
08:02:02,91282CKV2,TSRYS5823596,D,S,C,2024-06-24,1000000.00,4.461488,100.44921875
08:02:02,91282CKV2,TSRYS5823596,D,S,C,2024-06-24,1000000.00,4.461416,100.44941875
08:02:02,91282CKV2,TSRYS5823596,D,B,C,2024-06-24,1000000.00,4.46157,100.44899175
08:02:02,91282CKV2,TSRYS5823596,D,S,C,2024-06-24,1000000.00,4.461488,100.44921875
08:02:02,91282CKV2,TSRYS5823596,D,B,C,2024-06-24,1000000.00,4.46157,100.44899175
08:02:02,91282CKV2,TSRYS5823596,D,B,C,2024-06-24,5000000.00,4.46157,100.44899175
08:02:02,91282CKV2,TSRYS5823596,D,S,C,2024-06-24,1000000.00,4.46785,100.431640625
08:02:02,91282CKV2,TSRYS5823596,D,B,C,2024-06-24,1000000.00,4.46157,100.44899175
08:02:02,91282CKV2,TSRYS5823596,D,B,C,2024-06-24,1000000.00,4.46157,100.44899175
08:02:02,91282CKV2,TSRYS5823596,D,B,C,2024-06-24,1000000.00,4.46157,100.44899175
08:02:02,91282CKV2,TSRYS5823596,D,S,C,2024-06-24,1000000.00,4.461488,100.44921875
08:02:02,91282CKV2,TSRYS5823596,D,B,C,2024-06-24,1000000.00,4.46157,100.44899175
08:02:02,91282CKV2,TSRYS5823596,D,S,C,2024-06-24,1000000.00,4.461416,100.44941875
08:02:02,91282CKV2,TSRYS5823596,D,B,C,2024-06-24,1000000.00,4.46157,100.44899175
08:02:02,91282CKV2,TSRYS5823596,D,S,C,2024-06-24,1000000.00,4.461488,100.44921875
08:02:02,91282CKV2,TSRYS5823596,D,S,C,2024-06-24,1000000.00,4.461488,100.44921875
08:02:02,91282CKV2,TSRYS5823596,D,S,C,2024-06-24,1000000.00,4.461488,100.44921875
08:02:02,91282CKV2,TSRYS5823596,D,B,C,2024-06-24,1000000.00,4.46157,100.44899175
08:02:02,91282CKV2,TSRYS5823596,D,S,C,2024-06-24,1000000.00,4.468557,100.4296875
08:02:02,91282CKV2,TSRYS5823596,D,S,C,2024-06-24,1000000.00,4.468557,100.4296875
08:02:02,91282CKV2,TSRYS5823596,D,B,C,2024-06-24,2000000.00,4.46157,100.44899175
08:02:02,91282CKV2,TSRYS5823596,D,S,D,2024-06-24,1000000.00,4.461488,100.44921875
08:02:02,91282CKV2,TSRYS5823596,D,B,C,2024-06-24,3000000.00,4.46157,100.44899175
08:02:02,91282CKV2,TSRYS5823596,D,S,D,2024-06-24,1000000.00,4.461488,100.44921875
08:02:02,91282CKV2,TSRYS5823596,D,B,C,2024-06-24,1000000.00,4.461561,100.44901875
08:02:02,91282CKV2,TSRYS5823596,D,B,C,2024-06-24,1000000.00,4.461561,100.44901875
08:02:02,91282CKV2,TSRYS5823596,D,B,C,2024-06-24,1000000.00,4.46157,100.44899175
08:02:02,91282CKV2,TSRYS5823596,D,S,D,2024-06-24,3000000.00,4.461488,100.44921875
08:02:02,91282CKV2,TSRYS5823596,D,S,C,2024-06-24,2000000.00,4.461488,100.44921875
08:02:02,91282CKV2,TSRYS5823596,D,S,D,2024-06-24,1000000.00,4.461488,100.44921875
08:02:02,91282CKV2,TSRYS5823596,D,S,D,2024-06-24,1000000.00,4.461488,100.44921875
08:02:02,91282CKV2,TSRYS5823596,D,B,C,2024-06-24,1000000.00,4.46157,100.44899175
08:02:02,91282CKV2,TSRYS5823596,D,B,C,2024-06-24,1000000.00,4.462956,100.4451625
08:02:02,91282CKV2,TSRYS5823596,D,S,C,2024-06-24,1000000.00,4.462793,100.4456125
08:02:02,91282CKV2,TSRYS5823596,D,S,D,2024-06-24,1000000.00,4.462902,100.4453125
08:02:02,91282CKV2,TSRYS5823596,D,S,D,2024-06-24,1000000.00,4.462847,100.4454645
08:02:02,91282CKV2,TSRYS5823596,D,S,D,2024-06-24,1000000.00,4.462847,100.4454645
08:02:02,91282CKV2,TSRYS5823596,D,S,D,2024-06-24,1000000.00,4.462902,100.4453125
08:02:02,91282CKV2,TSRYS5823596,D,S,D,2024-06-24,1000000.00,4.462847,100.4454645
08:02:02,91282CKV2,TSRYS5823596,D,B,C,2024-06-24,1000000.00,4.462992,100.4450625
08:02:02,91282CKV2,TSRYS5823596,D,S,D,2024-06-24,1000000.00,4.462847,100.4454645
08:02:02,91282CKV2,TSRYS5823596,D,B,C,2024-06-24,1000000.00,4.462956,100.4451625
08:02:02,91282CKV2,TSRYS5823596,D,S,D,2024-06-24,1000000.00,4.462902,100.4453125
08:02:02,91282CKV2,TSRYS5823596,D,B,C,2024-06-24,1000000.00,4.462956,100.4451625
08:02:02,91282CKV2,TSRYS5823596,D,B,C,2024-06-24,1000000.00,4.462956,100.4451625
08:02:02,91282CKV2,TSRYS5823596,D,B,C,2024-06-24,1000000.00,4.462974,100.4451125
08:02:02,91282CKV2,TSRYS5823596,D,B,C,2024-06-24,1000000.00,4.462902,100.4453125
08:02:02,91282CKV2,TSRYS5823596,D,S,D,2024-06-24,1000000.00,4.462847,100.4454645
08:02:02,91282CKV2,TSRYS5823596,D,S,C,2024-06-24,1000000.00,4.462811,100.4455625
08:02:02,91282CKV2,TSRYS5823596,D,B,C,2024-06-24,1000000.00,4.462974,100.4451125
08:02:02,91282CKV2,TSRYS5823596,D,S,D,2024-06-24,1000000.00,4.462847,100.4454645
08:02:02,91282CKV2,TSRYS5823596,D,S,C,2024-06-24,1000000.00,4.462848,100.4454625
08:02:02,91282CKV2,TSRYS5823596,D,B,C,2024-06-24,1000000.00,4.462956,100.4451625
08:02:02,91282CKV2,TSRYS5823596,D,S,C,2024-06-24,1000000.00,4.46283,100.4455125
08:02:02,91282CKV2,TSRYS5823596,D,B,C,2024-06-24,1000000.00,4.462956,100.4451625
08:02:02,91282CKV2,TSRYS5823596,D,S,D,2024-06-24,1000000.00,4.462902,100.4453125
08:02:02,91282CKV2,TSRYS5823596,D,B,C,2024-06-24,1000000.00,4.462974,100.4451125
08:02:02,91282CKV2,TSRYS5823596,D,S,D,2024-06-24,1000000.00,4.462902,100.4453125
08:02:02,91282CKV2,TSRYS5823596,D,B,C,2024-06-24,1000000.00,4.462992,100.4450625
08:02:02,91282CKV2,TSRYS5823596,D,S,C,2024-06-24,1000000.00,4.46283,100.4455125
08:02:02,91282CKV2,TSRYS5823596,D,B,C,2024-06-24,1000000.00,4.462956,100.4451625
08:02:02,91282CKV2,TSRYS5823596,D,B,C,2024-06-24,1000000.00,4.462902,100.4453125
08:02:02,91282CKV2,TSRYS5823596,D,B,C,2024-06-24,1000000.00,4.462974,100.4451125
08:02:02,91282CKV2,TSRYS5823596,D,S,D,2024-06-24,1000000.00,4.462902,100.4453125
08:02:02,91282CKV2,TSRYS5823596,D,S,C,2024-06-24,53000.00,4.477215,100.40625
08:02:03,91282CKV2,TSRYS5823596,D,S,C,2024-06-24,1000000.00,4.46283,100.4455125
08:02:03,91282CKV2,TSRYS5823596,D,S,C,2024-06-24,1000000.00,4.462793,100.4456125
08:02:03,91282CKV2,TSRYS5823596,D,B,C,2024-06-24,1000000.00,4.462956,100.4451625
08:02:03,91282CKV2,TSRYS5823596,D,S,D,2024-06-24,1000000.00,4.462902,100.4453125
08:02:03,91282CKV2,TSRYS5823596,D,B,C,2024-06-24,4000000.00,4.46157,100.44899175
08:02:03,91282CKV2,TSRYS5823596,D,B,C,2024-06-24,2000000.00,4.46157,100.44899175
08:02:03,91282CKV2,TSRYS5823596,D,S,C,2024-06-24,1000000.00,4.461416,100.44941875
08:02:03,91282CKV2,TSRYS5823596,D,B,C,2024-06-24,1000000.00,4.461561,100.44901875
08:02:03,91282CKV2,TSRYS5823596,D,S,D,2024-06-24,1000000.00,4.461488,100.44921875
08:02:03,91282CKV2,TSRYS5823596,D,B,C,2024-06-24,1000000.00,4.460111,100.453025
08:02:03,91282CKV2,TSRYS5823596,D,B,C,2024-06-24,4000000.00,4.46157,100.44899175
08:02:03,91282CKV2,TSRYS5823596,D,S,D,2024-06-24,1000000.00,4.461488,100.44921875
08:02:03,91282CKV2,TSRYS5823596,D,S,C,2024-06-24,2000000.00,4.461416,100.44941875
08:02:03,91282CKV2,TSRYS5823596,D,S,D,2024-06-24,1000000.00,4.461488,100.44921875
08:02:03,91282CKV2,TSRYS5823596,D,B,C,2024-06-24,3000000.00,4.46157,100.44899175
08:02:03,91282CKV2,TSRYS5823596,D,S,D,2024-06-24,1000000.00,4.461488,100.44921875
08:02:03,91282CKV2,TSRYS5823596,D,B,C,2024-06-24,3000000.00,4.46157,100.44899175
08:02:03,91282CKV2,TSRYS5823596,D,S,T,2024-06-24,2000000.00,4.479165,100.400390625
08:02:03,91282CKV2,TSRYS5823596,D,S,D,2024-06-24,4000000.00,4.461488,100.44921875
08:02:03,91282CKV2,TSRYS5823596,D,S,C,2024-06-24,2000000.00,4.461416,100.44941875
08:02:03,91282CKV2,TSRYS5823596,D,S,D,2024-06-24,4000000.00,4.461488,100.44921875
08:02:03,91282CKV2,TSRYS5823596,D,S,D,2024-06-24,4000000.00,4.461488,100.44921875
08:02:03,91282CKV2,TSRYS5823596,D,B,C,2024-06-24,1000000.00,4.46157,100.44899175
08:02:03,91282CKV2,TSRYS5823596,D,B,C,2024-06-24,4000000.00,4.46157,100.44899175
08:02:03,91282CKV2,TSRYS5823596,D,S,D,2024-06-24,1000000.00,4.461488,100.44921875
08:02:03,91282CKV2,TSRYS5823596,D,S,C,2024-06-24,1000000.00,4.461488,100.44921875
08:02:03,91282CKV2,TSRYS5823596,D,S,D,2024-06-24,1000000.00,4.461488,100.44921875
08:02:03,91282CKV2,TSRYS5823596,D,B,C,2024-06-24,1000000.00,4.46157,100.44899175
08:02:03,91282CKV2,TSRYS5823596,D,S,C,2024-06-24,1000000.00,4.468557,100.4296875
08:02:03,91282CKV2,TSRYS5823596,D,S,C,2024-06-24,3000000.00,4.461488,100.44921875
08:02:03,91282CKV2,TSRYS5823596,D,S,C,2024-06-24,1000000.00,4.460075,100.453125
08:02:03,91282CKV2,TSRYS5823596,D,B,C,2024-06-24,1000000.00,4.46157,100.44899175
08:02:03,91282CKV2,TSRYS5823596,D,S,C,2024-06-24,1000000.00,4.468557,100.4296875
08:02:03,91282CKV2,TSRYS5823596,D,S,D,2024-06-24,1000000.00,4.461488,100.44921875
08:02:03,91282CKV2,TSRYS5823596,D,B,C,2024-06-24,1000000.00,4.46157,100.44899175
08:02:03,91282CKV2,TSRYS5823596,D,B,C,2024-06-24,1000000.00,4.461561,100.44901875
08:02:03,91282CKV2,TSRYS5823596,D,B,C,2024-06-24,2000000.00,4.46157,100.44899175
08:02:03,91282CKV2,TSRYS5823596,D,B,C,2024-06-24,1000000.00,4.46157,100.44899175
08:02:03,91282CKV2,TSRYS5823596,D,S,D,2024-06-24,1000000.00,4.461488,100.44921875
08:02:03,91282CKV2,TSRYS5823596,D,S,C,2024-06-24,3000000.00,4.461488,100.44921875
08:02:03,91282CKV2,TSRYS5823596,D,B,C,2024-06-24,1000000.00,4.46157,100.44899175
08:02:03,91282CKV2,TSRYS5823596,D,B,C,2024-06-24,1000000.00,4.46157,100.44899175
08:02:03,91282CKV2,TSRYS5823596,D,S,D,2024-06-24,1000000.00,4.461488,100.44921875
08:02:03,91282CKV2,TSRYS5823596,D,B,C,2024-06-24,1000000.00,4.46157,100.44899175
08:02:03,91282CKV2,TSRYS5823596,D,S,C,2024-06-24,1000000.00,4.460075,100.453125
08:02:04,91282CKV2,TSRYS5823596,D,B,C,2024-06-24,1000000.00,4.461488,100.44921875
08:02:04,91282CKV2,TSRYS5823596,D,S,D,2024-06-24,1000000.00,4.461488,100.44921875
08:02:04,91282CKV2,TSRYS5823596,D,S,T,2024-06-24,1000000.00,4.46573,100.4375
08:02:04,91282CKV2,TSRYS5823596,D,S,T,2024-06-24,1000000.00,4.46573,100.4375
08:02:04,91282CKV2,TSRYS5823596,D,S,C,2024-06-24,1000000.00,4.462848,100.4454625
08:02:04,91282CKV2,TSRYS5823596,D,S,C,2024-06-24,1000000.00,4.462793,100.4456125
08:02:04,91282CKV2,TSRYS5823596,D,S,C,2024-06-24,1000000.00,4.46283,100.4455125
08:02:04,91282CKV2,TSRYS5823596,D,S,C,2024-06-24,1000000.00,4.46283,100.4455125
08:02:04,91282CKV2,TSRYS5823596,D,S,T,2024-06-24,1000000.00,4.46573,100.4375
08:02:04,91282CKV2,TSRYS5823596,D,S,T,2024-06-24,1000000.00,4.46573,100.4375
08:02:04,91282CKV2,TSRYS5823596,D,S,T,2024-06-24,1000000.00,4.46573,100.4375
08:02:04,91282CKV2,TSRYS5823596,D,S,T,2024-06-24,1000000.00,4.46573,100.4375
08:02:04,91282CKV2,TSRYS5823596,D,S,T,2024-06-24,1000000.00,4.46573,100.4375
08:02:04,91282CKV2,TSRYS5823596,D,S,T,2024-06-24,3000000.00,4.46573,100.4375
08:02:04,91282CKV2,TSRYS5823596,D,S,T,2024-06-24,2000000.00,4.462974,100.4451125
08:02:04,91282CKV2,TSRYS5823596,D,S,T,2024-06-24,1000000.00,4.462974,100.4451125
08:02:04,91282CKV2,TSRYS5823596,D,S,D,2024-06-24,1000000.00,4.46573,100.4375
08:02:04,91282CKV2,TSRYS5823596,D,S,T,2024-06-24,1000000.00,4.462974,100.4451125
08:02:04,91282CKV2,TSRYS5823596,D,S,T,2024-06-24,3000000.00,4.462974,100.4451125
08:02:05,91282CKV2,TSRYS5823596,D,S,T,2024-06-24,1000000.00,4.471386,100.421875
08:02:05,91282CKV2,TSRYS5823596,D,S,T,2024-06-24,3000000.00,4.471386,100.421875
08:02:05,91282CKV2,TSRYS5823596,D,S,T,2024-06-24,5000000.00,4.471386,100.421875
08:02:06,91282CKV2,TSRYS5823596,D,S,D,2024-06-24,1000000.00,4.465023,100.439453125
08:02:06,91282CKV2,TSRYS5823596,D,S,D,2024-06-24,31000000.00,4.461484,100.44923
08:02:06,91282CKV2,TSRYS5823596,D,S,T,2024-06-24,1000000.00,4.471386,100.421875
08:02:10,91282CKV2,TSRYS5823596,D,S,T,2024-06-24,1000000.00,4.464316,100.44140625
08:02:10,91282CKV2,TSRYS5823596,D,S,T,2024-06-24,1000000.00,4.464316,100.44140625
08:02:10,91282CKV2,TSRYS5823596,D,S,T,2024-06-24,1000000.00,4.464316,100.44140625
08:02:10,91282CKV2,TSRYS5823596,D,S,C,2024-06-24,2700000.00,4.472679,100.41830375
08:02:10,91282CKV2,TSRYS5823596,D,S,D,2024-06-24,2700000.00,4.472679,100.41830375
08:02:10,91282CKV2,TSRYS5823596,D,S,A,2024-06-24,200000.00,4.464316,100.44140625
08:02:13,91282CKV2,TSRYS5823596,D,S,D,2024-06-24,1000000.00,4.460075,100.453125
08:02:13,91282CKV2,TSRYS5823596,D,S,T,2024-06-24,2000000.00,4.471386,100.421875
08:02:15,91282CKV2,TSRYS5823596,D,S,T,2024-06-24,1000000.00,4.471386,100.421875
08:02:15,91282CKV2,TSRYS5823596,D,B,A,2024-06-24,1000000.00,4.467144,100.43359375
08:02:15,91282CKV2,TSRYS5823596,D,B,A,2024-06-24,580000.00,4.467144,100.43359375
08:02:16,91282CKV2,TSRYS5823596,D,S,C,2024-06-24,1000000.00,4.464316,100.44140625
08:02:16,91282CKV2,TSRYS5823596,D,B,C,2024-06-24,1000000.00,4.464398,100.44117925
08:02:16,91282CKV2,TSRYS5823596,D,B,C,2024-06-24,1000000.00,4.464398,100.44117925
08:02:16,91282CKV2,TSRYS5823596,D,B,C,2024-06-24,1000000.00,4.464398,100.44117925
08:02:16,91282CKV2,TSRYS5823596,D,B,C,2024-06-24,1000000.00,4.464398,100.44117925
08:02:16,91282CKV2,TSRYS5823596,D,S,C,2024-06-24,1000000.00,4.46428,100.44150625
08:02:16,91282CKV2,TSRYS5823596,D,B,C,2024-06-24,1000000.00,4.464398,100.44117925
08:02:16,91282CKV2,TSRYS5823596,D,S,C,2024-06-24,1000000.00,4.46428,100.44150625
08:02:16,91282CKV2,TSRYS5823596,D,B,C,2024-06-24,1000000.00,4.464398,100.44117925
08:02:16,91282CKV2,TSRYS5823596,D,S,D,2024-06-24,1000000.00,4.464316,100.44140625
08:02:16,91282CKV2,TSRYS5823596,D,S,C,2024-06-24,1000000.00,4.464316,100.44140625
08:02:16,91282CKV2,TSRYS5823596,D,S,C,2024-06-24,1000000.00,4.464243,100.44160625
08:02:16,91282CKV2,TSRYS5823596,D,S,C,2024-06-24,1000000.00,4.464316,100.44140625
08:02:16,91282CKV2,TSRYS5823596,D,B,C,2024-06-24,1000000.00,4.464398,100.44117925
08:02:16,91282CKV2,TSRYS5823596,D,B,C,2024-06-24,1000000.00,4.459368,100.455078125
08:02:16,91282CKV2,TSRYS5823596,D,S,C,2024-06-24,1000000.00,4.459368,100.455078125
08:02:16,91282CKV2,TSRYS5823596,D,B,C,2024-06-24,1000000.00,4.464398,100.44117925
08:02:16,91282CKV2,TSRYS5823596,D,S,C,2024-06-24,1000000.00,4.464243,100.44160625
08:02:16,91282CKV2,TSRYS5823596,D,S,C,2024-06-24,1000000.00,4.464207,100.44170625
08:02:16,91282CKV2,TSRYS5823596,D,S,D,2024-06-24,1000000.00,4.464316,100.44140625
08:02:16,91282CKV2,TSRYS5823596,D,S,C,2024-06-24,1000000.00,4.46428,100.44150625
08:02:16,91282CKV2,TSRYS5823596,D,B,C,2024-06-24,1000000.00,4.464398,100.44117925
08:02:16,91282CKV2,TSRYS5823596,D,B,C,2024-06-24,1000000.00,4.464398,100.44117925
08:02:16,91282CKV2,TSRYS5823596,D,B,C,2024-06-24,1000000.00,4.464398,100.44117925
08:02:16,91282CKV2,TSRYS5823596,D,B,C,2024-06-24,1000000.00,4.464398,100.44117925
08:02:16,91282CKV2,TSRYS5823596,D,B,C,2024-06-24,1000000.00,4.464398,100.44117925
08:02:16,91282CKV2,TSRYS5823596,D,S,D,2024-06-24,1000000.00,4.464316,100.44140625
08:02:16,91282CKV2,TSRYS5823596,D,S,C,2024-06-24,1000000.00,4.464316,100.44140625
08:02:16,91282CKV2,TSRYS5823596,D,S,C,2024-06-24,1000000.00,4.46428,100.44150625
08:02:16,91282CKV2,TSRYS5823596,D,B,C,2024-06-24,1000000.00,4.464398,100.44117925
08:02:16,91282CKV2,TSRYS5823596,D,S,C,2024-06-24,1000000.00,4.46428,100.44150625
08:02:16,91282CKV2,TSRYS5823596,D,B,C,2024-06-24,1000000.00,4.464398,100.44117925
08:02:16,91282CKV2,TSRYS5823596,D,B,C,2024-06-24,1000000.00,4.464316,100.44140625
08:02:16,91282CKV2,TSRYS5823596,D,S,C,2024-06-24,1000000.00,4.464316,100.44140625
08:02:16,91282CKV2,TSRYS5823596,D,B,C,2024-06-24,1000000.00,4.462902,100.4453125
08:02:16,91282CKV2,TSRYS5823596,D,B,C,2024-06-24,1000000.00,4.462974,100.4451125
08:02:16,91282CKV2,TSRYS5823596,D,S,D,2024-06-24,1000000.00,4.462902,100.4453125
08:02:16,91282CKV2,TSRYS5823596,D,B,C,2024-06-24,1000000.00,4.462956,100.4451625
08:02:16,91282CKV2,TSRYS5823596,D,S,D,2024-06-24,1000000.00,4.462902,100.4453125
08:02:16,91282CKV2,TSRYS5823596,D,S,C,2024-06-24,1000000.00,4.462793,100.4456125
08:02:16,91282CKV2,TSRYS5823596,D,S,D,2024-06-24,1000000.00,4.462902,100.4453125
08:02:16,91282CKV2,TSRYS5823596,D,S,D,2024-06-24,1000000.00,4.462902,100.4453125
08:02:16,91282CKV2,TSRYS5823596,D,B,C,2024-06-24,1000000.00,4.462956,100.4451625
08:02:16,91282CKV2,TSRYS5823596,D,S,D,2024-06-24,1000000.00,4.462902,100.4453125
08:02:16,91282CKV2,TSRYS5823596,D,B,C,2024-06-24,1000000.00,4.462902,100.4453125
08:02:16,91282CKV2,TSRYS5823596,D,S,D,2024-06-24,1000000.00,4.462902,100.4453125
08:02:16,91282CKV2,TSRYS5823596,D,S,C,2024-06-24,1000000.00,4.462793,100.4456125
08:02:16,91282CKV2,TSRYS5823596,D,B,C,2024-06-24,1000000.00,4.462956,100.4451625
08:02:16,91282CKV2,TSRYS5823596,D,B,C,2024-06-24,1000000.00,4.462938,100.4452125
08:02:16,91282CKV2,TSRYS5823596,D,S,D,2024-06-24,1000000.00,4.462902,100.4453125
08:02:17,91282CKV2,TSRYS5823596,D,S,C,2024-06-24,1000000.00,4.462793,100.4456125
08:02:17,91282CKV2,TSRYS5823596,D,B,C,2024-06-24,1000000.00,4.462974,100.4451125
08:02:17,91282CKV2,TSRYS5823596,D,B,C,2024-06-24,1000000.00,4.462956,100.4451625
08:02:17,91282CKV2,TSRYS5823596,D,S,T,2024-06-24,1000000.00,4.471386,100.421875
08:02:17,91282CKV2,TSRYS5823596,D,S,T,2024-06-24,8000000.00,4.471386,100.421875
08:02:18,91282CKV2,TSRYS5823596,D,S,D,2024-06-24,1000000.00,4.462902,100.4453125
08:02:18,91282CKV2,TSRYS5823596,D,S,D,2024-06-24,1000000.00,4.462902,100.4453125
08:02:18,91282CKV2,TSRYS5823596,D,B,C,2024-06-24,1000000.00,4.462974,100.4451125
08:02:18,91282CKV2,TSRYS5823596,D,B,C,2024-06-24,1000000.00,4.462974,100.4451125
08:02:18,91282CKV2,TSRYS5823596,D,S,C,2024-06-24,1000000.00,4.462902,100.4453125
08:02:18,91282CKV2,TSRYS5823596,D,B,C,2024-06-24,1000000.00,4.462974,100.4451125
08:02:18,91282CKV2,TSRYS5823596,D,S,D,2024-06-24,1000000.00,4.462902,100.4453125
08:02:18,91282CKV2,TSRYS5823596,D,B,C,2024-06-24,1000000.00,4.462974,100.4451125
08:02:18,91282CKV2,TSRYS5823596,D,B,C,2024-06-24,1000000.00,4.462974,100.4451125
08:02:18,91282CKV2,TSRYS5823596,D,S,D,2024-06-24,1000000.00,4.462902,100.4453125
08:02:18,91282CKV2,TSRYS5823596,D,S,C,2024-06-24,1000000.00,4.462848,100.4454625
08:02:18,91282CKV2,TSRYS5823596,D,S,D,2024-06-24,1000000.00,4.462902,100.4453125
08:02:18,91282CKV2,TSRYS5823596,D,B,C,2024-06-24,1000000.00,4.462938,100.4452125
08:02:18,91282CKV2,TSRYS5823596,D,S,C,2024-06-24,1000000.00,4.462848,100.4454625
08:02:18,91282CKV2,TSRYS5823596,D,B,C,2024-06-24,1000000.00,4.462974,100.4451125
08:02:18,91282CKV2,TSRYS5823596,D,S,T,2024-06-24,4000000.00,4.471386,100.421875
08:02:18,91282CKV2,TSRYS5823596,D,S,D,2024-06-24,1000000.00,4.460781,100.451171875
08:02:18,91282CKV2,TSRYS5823596,D,S,T,2024-06-24,2000000.00,4.471386,100.421875
08:02:18,91282CKV2,TSRYS5823596,D,S,T,2024-06-24,8000000.00,4.471386,100.421875
08:02:18,91282CKV2,TSRYS5823596,D,S,T,2024-06-24,2000000.00,4.471386,100.421875
08:02:18,91282CKV2,TSRYS5823596,D,B,C,2024-06-24,1000000.00,4.460781,100.451171875
08:02:19,91282CKV2,TSRYS5823596,D,B,C,2024-06-24,1000000.00,4.46157,100.44899175
08:02:19,91282CKV2,TSRYS5823596,D,S,C,2024-06-24,1000000.00,4.461488,100.44921875
08:02:19,91282CKV2,TSRYS5823596,D,B,C,2024-06-24,2000000.00,4.46157,100.44899175
08:02:19,91282CKV2,TSRYS5823596,D,S,C,2024-06-24,1000000.00,4.461488,100.44921875
08:02:19,91282CKV2,TSRYS5823596,D,B,C,2024-06-24,1000000.00,4.46157,100.44899175
08:02:19,91282CKV2,TSRYS5823596,D,S,D,2024-06-24,2000000.00,4.461488,100.44921875
08:02:19,91282CKV2,TSRYS5823596,D,S,C,2024-06-24,1000000.00,4.461488,100.44921875
08:02:19,91282CKV2,TSRYS5823596,D,B,C,2024-06-24,1000000.00,4.46157,100.44899175
08:02:19,91282CKV2,TSRYS5823596,D,S,C,2024-06-24,1000000.00,4.461416,100.44941875
08:02:19,91282CKV2,TSRYS5823596,D,S,D,2024-06-24,1000000.00,4.461488,100.44921875
08:02:19,91282CKV2,TSRYS5823596,D,B,C,2024-06-24,1000000.00,4.46157,100.44899175
08:02:19,91282CKV2,TSRYS5823596,D,B,C,2024-06-24,1000000.00,4.46157,100.44899175
08:02:19,91282CKV2,TSRYS5823596,D,S,D,2024-06-24,1000000.00,4.461488,100.44921875
08:02:19,91282CKV2,TSRYS5823596,D,S,C,2024-06-24,1000000.00,4.461488,100.44921875
08:02:19,91282CKV2,TSRYS5823596,D,B,C,2024-06-24,1000000.00,4.46157,100.44899175
08:02:19,91282CKV2,TSRYS5823596,D,B,C,2024-06-24,2000000.00,4.46157,100.44899175
08:02:19,91282CKV2,TSRYS5823596,D,S,D,2024-06-24,1000000.00,4.461488,100.44921875
08:02:19,91282CKV2,TSRYS5823596,D,S,C,2024-06-24,2000000.00,4.461416,100.44941875
08:02:19,91282CKV2,TSRYS5823596,D,B,C,2024-06-24,1000000.00,4.46157,100.44899175
08:02:19,91282CKV2,TSRYS5823596,D,S,D,2024-06-24,1000000.00,4.461488,100.44921875
08:02:19,91282CKV2,TSRYS5823596,D,B,C,2024-06-24,1000000.00,4.46157,100.44899175
08:02:19,91282CKV2,TSRYS5823596,D,S,T,2024-06-24,1000000.00,4.471386,100.421875
08:02:19,91282CKV2,TSRYS5823596,D,S,D,2024-06-24,1000000.00,4.461488,100.44921875
08:02:19,91282CKV2,TSRYS5823596,D,S,D,2024-06-24,1000000.00,4.461488,100.44921875
08:02:19,91282CKV2,TSRYS5823596,D,B,C,2024-06-24,1000000.00,4.462902,100.4453125
08:02:19,91282CKV2,TSRYS5823596,D,S,C,2024-06-24,1000000.00,4.46283,100.4455125
08:02:19,91282CKV2,TSRYS5823596,D,S,D,2024-06-24,1000000.00,4.462902,100.4453125
08:02:20,91282CKV2,TSRYS5823596,D,S,T,2024-06-24,1000000.00,4.478457,100.40234375
