tradeTime,cusip,issueSymbolIdentifier,priceType,reportingSideCode,contraPartyTypeCode,tradeDate,reportedTradeVolume,lastSaleYield,lastSalePrice
08:00:03,91282CKV2,TSRYS5823596,D,S,T,2024-06-11,1000000.00,4.631957,99.98046875
08:00:05,91282CKV2,TSRYS5823596,D,S,D,2024-06-11,5000000.00,4.644669,99.9453125
08:00:05,91282CKV2,TSRYS5823596,D,S,T,2024-06-11,1000000.00,4.631251,99.982421875
08:00:05,91282CKV2,TSRYS5823596,D,S,D,2024-06-11,1000000.00,4.631251,99.982421875
08:00:05,91282CKV2,TSRYS5823596,D,S,D,2024-06-11,1000000.00,4.631251,99.982421875
08:00:05,91282CKV2,TSRYS5823596,D,S,D,2024-06-11,1000000.00,4.631251,99.982421875
08:00:05,91282CKV2,TSRYS5823596,D,S,D,2024-06-11,2000000.00,4.631251,99.982421875
08:00:05,91282CKV2,TSRYS5823596,D,S,D,2024-06-11,2000000.00,4.631957,99.98046875
08:00:05,91282CKV2,TSRYS5823596,D,S,D,2024-06-11,2000000.00,4.631957,99.98046875
08:00:05,91282CKV2,TSRYS5823596,D,S,D,2024-06-11,2000000.00,4.631957,99.98046875
08:00:05,91282CKV2,TSRYS5823596,D,S,D,2024-06-11,2000000.00,4.631957,99.98046875
08:00:05,91282CKV2,TSRYS5823596,D,S,D,2024-06-11,2000000.00,4.631957,99.98046875
08:00:05,91282CKV2,TSRYS5823596,D,S,D,2024-06-11,1000000.00,4.631251,99.982421875
08:00:05,91282CKV2,TSRYS5823596,D,S,D,2024-06-11,1000000.00,4.632663,99.978515625
08:00:05,91282CKV2,TSRYS5823596,D,S,D,2024-06-11,2000000.00,4.632663,99.978515625
08:00:05,91282CKV2,TSRYS5823596,D,S,D,2024-06-11,1000000.00,4.632663,99.978515625
08:00:05,91282CKV2,TSRYS5823596,D,S,D,2024-06-11,2000000.00,4.632663,99.978515625
08:00:05,91282CKV2,TSRYS5823596,D,S,D,2024-06-11,1000000.00,4.632663,99.978515625
08:00:05,91282CKV2,TSRYS5823596,D,S,D,2024-06-11,2000000.00,4.632663,99.978515625
08:00:05,91282CKV2,TSRYS5823596,D,S,T,2024-06-11,1000000.00,4.632663,99.978515625
08:00:05,91282CKV2,TSRYS5823596,D,S,D,2024-06-11,1000000.00,4.632663,99.978515625
08:00:05,91282CKV2,TSRYS5823596,D,S,D,2024-06-11,2000000.00,4.634075,99.974609375
08:00:05,91282CKV2,TSRYS5823596,D,S,D,2024-06-11,3000000.00,4.612899,100.033203125
08:00:05,91282CKV2,TSRYS5823596,D,S,D,2024-06-11,1000000.00,4.612899,100.033203125
08:00:05,91282CKV2,TSRYS5823596,D,S,D,2024-06-11,4000000.00,4.610076,100.041015625
08:00:05,91282CKV2,TSRYS5823596,D,S,D,2024-06-11,4000000.00,4.610076,100.041015625
08:00:05,91282CKV2,TSRYS5823596,D,S,D,2024-06-11,4000000.00,4.610076,100.041015625
08:00:05,91282CKV2,TSRYS5823596,D,S,D,2024-06-11,1000000.00,4.610076,100.041015625
08:00:05,91282CKV2,TSRYS5823596,D,S,D,2024-06-11,2000000.00,4.610076,100.041015625
08:00:05,91282CKV2,TSRYS5823596,D,S,T,2024-06-11,4000000.00,4.610076,100.041015625
08:00:05,91282CKV2,TSRYS5823596,D,S,D,2024-06-11,4000000.00,4.60796,100.046875
08:00:05,91282CKV2,TSRYS5823596,D,S,T,2024-06-11,1000000.00,4.60796,100.046875
08:00:05,91282CKV2,TSRYS5823596,D,S,D,2024-06-11,1000000.00,4.60796,100.046875
08:00:05,91282CKV2,TSRYS5823596,D,S,D,2024-06-11,1000000.00,4.60796,100.046875
08:00:05,91282CKV2,TSRYS5823596,D,S,D,2024-06-11,2000000.00,4.613605,100.03125
08:00:05,91282CKV2,TSRYS5823596,D,S,T,2024-06-11,3000000.00,4.605843,100.052734375
08:00:05,91282CKV2,TSRYS5823596,D,S,T,2024-06-11,4000000.00,4.609371,100.04296875
08:00:05,91282CKV2,TSRYS5823596,D,S,D,2024-06-11,1000000.00,4.610076,100.041015625
08:00:05,91282CKV2,TSRYS5823596,D,S,D,2024-06-11,1000000.00,4.610076,100.041015625
08:00:05,91282CKV2,TSRYS5823596,D,S,D,2024-06-11,1000000.00,4.610076,100.041015625
08:00:05,91282CKV2,TSRYS5823596,D,S,D,2024-06-11,3000000.00,4.610076,100.041015625
08:00:05,91282CKV2,TSRYS5823596,D,S,D,2024-06-11,1000000.00,4.610076,100.041015625
08:00:05,91282CKV2,TSRYS5823596,D,S,D,2024-06-11,4000000.00,4.610076,100.041015625
08:00:05,91282CKV2,TSRYS5823596,D,S,D,2024-06-11,2000000.00,4.610076,100.041015625
08:00:05,91282CKV2,TSRYS5823596,D,S,T,2024-06-11,4000000.00,4.609371,100.04296875
08:00:05,91282CKV2,TSRYS5823596,D,S,T,2024-06-11,4000000.00,4.609371,100.04296875
08:00:05,91282CKV2,TSRYS5823596,D,S,D,2024-06-11,1000000.00,4.60796,100.046875
08:00:05,91282CKV2,TSRYS5823596,D,S,D,2024-06-11,5850000.00,4.67011,99.875
08:00:05,91282CKV2,TSRYS5823596,D,S,T,2024-06-11,3000000.00,4.630545,99.984375
08:00:05,91282CKV2,TSRYS5823596,D,S,T,2024-06-11,1000000.00,4.612193,100.03515625
08:00:05,91282CKV2,TSRYS5823596,D,S,T,2024-06-11,1000000.00,4.610782,100.0390625
08:00:05,91282CKV2,TSRYS5823596,D,S,T,2024-06-11,1000000.00,4.610782,100.0390625
08:00:05,91282CKV2,TSRYS5823596,D,S,T,2024-06-11,1000000.00,4.613605,100.03125
08:00:05,91282CKV2,TSRYS5823596,D,S,T,2024-06-11,1000000.00,4.609371,100.04296875
08:00:05,91282CKV2,TSRYS5823596,D,S,T,2024-06-11,1000000.00,4.60796,100.046875
08:00:10,91282CKV2,TSRYS5823596,D,S,C,2024-06-11,160000.00,4.609371,100.042968
08:00:13,91282CKV2,TSRYS5823596,D,S,T,2024-06-11,1000000.00,4.634075,99.974609375
08:00:13,91282CKV2,TSRYS5823596,D,S,T,2024-06-11,1000000.00,4.631957,99.98046875
08:00:13,91282CKV2,TSRYS5823596,D,S,T,2024-06-11,1000000.00,4.632663,99.978515625
08:00:13,91282CKV2,TSRYS5823596,D,S,D,2024-06-11,1000000.00,4.634075,99.974609375
08:00:13,91282CKV2,TSRYS5823596,D,S,T,2024-06-11,1000000.00,4.635488,99.970703125
08:00:13,91282CKV2,TSRYS5823596,D,S,T,2024-06-11,1000000.00,4.636194,99.96875
08:00:13,91282CKV2,TSRYS5823596,D,S,T,2024-06-11,1000000.00,4.636194,99.96875
08:00:13,91282CKV2,TSRYS5823596,D,S,T,2024-06-11,1000000.00,4.636194,99.96875
08:00:13,91282CKV2,TSRYS5823596,D,S,T,2024-06-11,1000000.00,4.636194,99.96875
08:00:13,91282CKV2,TSRYS5823596,D,S,T,2024-06-11,1000000.00,4.636194,99.96875
08:00:13,91282CKV2,TSRYS5823596,D,S,T,2024-06-11,1000000.00,4.636194,99.96875
08:00:13,91282CKV2,TSRYS5823596,D,S,T,2024-06-11,1000000.00,4.636194,99.96875
08:00:14,91282CKV2,TSRYS5823596,D,S,T,2024-06-11,1000000.00,4.6369,99.966796875
08:00:14,91282CKV2,TSRYS5823596,D,S,T,2024-06-11,1000000.00,4.638313,99.962890625
08:00:14,91282CKV2,TSRYS5823596,D,S,T,2024-06-11,1000000.00,4.636194,99.96875
08:00:14,91282CKV2,TSRYS5823596,D,S,D,2024-06-11,1000000.00,4.638313,99.962890625
08:00:14,91282CKV2,TSRYS5823596,D,S,T,2024-06-11,1000000.00,4.638313,99.962890625
08:00:14,91282CKV2,TSRYS5823596,D,S,T,2024-06-11,1000000.00,4.631957,99.98046875
08:00:14,91282CKV2,TSRYS5823596,D,S,T,2024-06-11,1000000.00,4.631957,99.98046875
08:00:14,91282CKV2,TSRYS5823596,D,S,T,2024-06-11,1000000.00,4.631251,99.982421875
08:00:14,91282CKV2,TSRYS5823596,D,S,T,2024-06-11,1000000.00,4.636194,99.96875
08:00:14,91282CKV2,TSRYS5823596,D,S,T,2024-06-11,1000000.00,4.631251,99.982421875
08:00:14,91282CKV2,TSRYS5823596,D,S,T,2024-06-11,1000000.00,4.631251,99.982421875
08:00:14,91282CKV2,TSRYS5823596,D,S,T,2024-06-11,1000000.00,4.631251,99.982421875
08:00:14,91282CKV2,TSRYS5823596,D,S,T,2024-06-11,1000000.00,4.631251,99.982421875
08:00:14,91282CKV2,TSRYS5823596,D,S,T,2024-06-11,1000000.00,4.631251,99.982421875
08:00:14,91282CKV2,TSRYS5823596,D,S,T,2024-06-11,1000000.00,4.631251,99.982421875
08:00:14,91282CKV2,TSRYS5823596,D,S,T,2024-06-11,1000000.00,4.631251,99.982421875
08:00:14,91282CKV2,TSRYS5823596,D,S,D,2024-06-11,1000000.00,4.632663,99.978515625
08:00:14,91282CKV2,TSRYS5823596,D,S,T,2024-06-11,1000000.00,4.634075,99.974609375
08:00:14,91282CKV2,TSRYS5823596,D,S,D,2024-06-11,1000000.00,4.631251,99.982421875
08:00:14,91282CKV2,TSRYS5823596,D,S,T,2024-06-11,1000000.00,4.635488,99.970703125
08:00:14,91282CKV2,TSRYS5823596,D,S,D,2024-06-11,1000000.00,4.632663,99.978515625
08:00:14,91282CKV2,TSRYS5823596,D,S,D,2024-06-11,1000000.00,4.632663,99.978515625
08:00:14,91282CKV2,TSRYS5823596,D,S,T,2024-06-11,1000000.00,4.632663,99.978515625
08:00:14,91282CKV2,TSRYS5823596,D,S,D,2024-06-11,1000000.00,4.631957,99.98046875
08:00:14,91282CKV2,TSRYS5823596,D,S,T,2024-06-11,1000000.00,4.634075,99.974609375
08:00:14,91282CKV2,TSRYS5823596,D,S,T,2024-06-11,1000000.00,4.634075,99.974609375
08:00:14,91282CKV2,TSRYS5823596,D,S,T,2024-06-11,1000000.00,4.634075,99.974609375
08:00:14,91282CKV2,TSRYS5823596,D,S,D,2024-06-11,1000000.00,4.634075,99.974609375
08:00:14,91282CKV2,TSRYS5823596,D,S,T,2024-06-11,2000000.00,4.634782,99.97265625
08:00:14,91282CKV2,TSRYS5823596,D,S,T,2024-06-11,1000000.00,4.635488,99.970703125
08:00:14,91282CKV2,TSRYS5823596,D,S,D,2024-06-11,1000000.00,4.634075,99.974609375
08:00:14,91282CKV2,TSRYS5823596,D,S,D,2024-06-11,1000000.00,4.634075,99.974609375
08:00:14,91282CKV2,TSRYS5823596,D,S,D,2024-06-11,1000000.00,4.634075,99.974609375
08:00:14,91282CKV2,TSRYS5823596,D,S,T,2024-06-11,1000000.00,4.634075,99.974609375
08:00:14,91282CKV2,TSRYS5823596,D,S,T,2024-06-11,1000000.00,4.635488,99.970703125
08:00:14,91282CKV2,TSRYS5823596,D,S,T,2024-06-11,1000000.00,4.633369,99.9765625
08:00:14,91282CKV2,TSRYS5823596,D,S,T,2024-06-11,1000000.00,4.631957,99.98046875
08:00:14,91282CKV2,TSRYS5823596,D,S,T,2024-06-11,1000000.00,4.635488,99.970703125
08:00:14,91282CKV2,TSRYS5823596,D,S,D,2024-06-11,1000000.00,4.631251,99.982421875
08:00:14,91282CKV2,TSRYS5823596,D,S,D,2024-06-11,1000000.00,4.631251,99.982421875
08:00:14,91282CKV2,TSRYS5823596,D,S,D,2024-06-11,1000000.00,4.631251,99.982421875
08:00:14,91282CKV2,TSRYS5823596,D,S,D,2024-06-11,1000000.00,4.631251,99.982421875
08:00:14,91282CKV2,TSRYS5823596,D,S,D,2024-06-11,1000000.00,4.631251,99.982421875
08:00:14,91282CKV2,TSRYS5823596,D,S,T,2024-06-11,1000000.00,4.631251,99.982421875
08:00:14,91282CKV2,TSRYS5823596,D,S,D,2024-06-11,1000000.00,4.631251,99.982421875
08:00:14,91282CKV2,TSRYS5823596,D,S,D,2024-06-11,1000000.00,4.631251,99.982421875
08:00:14,91282CKV2,TSRYS5823596,D,S,D,2024-06-11,1000000.00,4.631251,99.982421875
08:00:14,91282CKV2,TSRYS5823596,D,S,T,2024-06-11,1000000.00,4.631957,99.98046875
08:00:14,91282CKV2,TSRYS5823596,D,S,D,2024-06-11,1000000.00,4.627015,99.994140625
08:00:14,91282CKV2,TSRYS5823596,D,S,T,2024-06-11,7000000.00,4.626309,99.99609375
08:00:14,91282CKV2,TSRYS5823596,D,S,T,2024-06-11,1000000.00,4.617133,100.021484375
08:00:14,91282CKV2,TSRYS5823596,D,S,T,2024-06-11,1000000.00,4.61431,100.029296875
08:00:14,91282CKV2,TSRYS5823596,D,S,D,2024-06-11,1000000.00,4.609371,100.04296875
08:00:14,91282CKV2,TSRYS5823596,D,S,T,2024-06-11,1000000.00,4.610782,100.0390625
08:00:14,91282CKV2,TSRYS5823596,D,S,T,2024-06-11,1000000.00,4.611488,100.037109375
08:00:14,91282CKV2,TSRYS5823596,D,S,T,2024-06-11,1000000.00,4.616427,100.0234375
08:00:14,91282CKV2,TSRYS5823596,D,S,T,2024-06-11,1000000.00,4.616427,100.0234375
08:00:14,91282CKV2,TSRYS5823596,D,S,T,2024-06-11,1000000.00,4.613605,100.03125
08:00:14,91282CKV2,TSRYS5823596,D,S,T,2024-06-11,1000000.00,4.610782,100.0390625
08:00:14,91282CKV2,TSRYS5823596,D,S,T,2024-06-11,1000000.00,4.610076,100.041015625
08:00:14,91282CKV2,TSRYS5823596,D,S,T,2024-06-11,1000000.00,4.609371,100.04296875
08:00:14,91282CKV2,TSRYS5823596,D,S,D,2024-06-11,1000000.00,4.610076,100.041015625
08:00:14,91282CKV2,TSRYS5823596,D,S,D,2024-06-11,1000000.00,4.610076,100.041015625
08:00:14,91282CKV2,TSRYS5823596,D,S,T,2024-06-11,1000000.00,4.610076,100.041015625
08:00:14,91282CKV2,TSRYS5823596,D,S,T,2024-06-11,1000000.00,4.610076,100.041015625
08:00:14,91282CKV2,TSRYS5823596,D,S,D,2024-06-11,1000000.00,4.610076,100.041015625
08:00:14,91282CKV2,TSRYS5823596,D,S,D,2024-06-11,1000000.00,4.610076,100.041015625
08:00:14,91282CKV2,TSRYS5823596,D,S,D,2024-06-11,1000000.00,4.610076,100.041015625
08:00:14,91282CKV2,TSRYS5823596,D,S,D,2024-06-11,1000000.00,4.610076,100.041015625
08:00:14,91282CKV2,TSRYS5823596,D,S,D,2024-06-11,1000000.00,4.610076,100.041015625
08:00:14,91282CKV2,TSRYS5823596,D,S,T,2024-06-11,1000000.00,4.610076,100.041015625
08:00:14,91282CKV2,TSRYS5823596,D,S,T,2024-06-11,1000000.00,4.610076,100.041015625
08:00:14,91282CKV2,TSRYS5823596,D,S,T,2024-06-11,1000000.00,4.610076,100.041015625
08:00:14,91282CKV2,TSRYS5823596,D,S,D,2024-06-11,1000000.00,4.610076,100.041015625
08:00:14,91282CKV2,TSRYS5823596,D,S,D,2024-06-11,1000000.00,4.610076,100.041015625
08:00:14,91282CKV2,TSRYS5823596,D,S,T,2024-06-11,1000000.00,4.610076,100.041015625
08:00:14,91282CKV2,TSRYS5823596,D,S,T,2024-06-11,1000000.00,4.610076,100.041015625
08:00:14,91282CKV2,TSRYS5823596,D,S,D,2024-06-11,1000000.00,4.646082,99.94140625
08:00:14,91282CKV2,TSRYS5823596,D,S,T,2024-06-11,1000000.00,4.612899,100.033203125
08:00:14,91282CKV2,TSRYS5823596,D,S,T,2024-06-11,3000000.00,4.598084,100.07421875
08:00:14,91282CKV2,TSRYS5823596,D,S,T,2024-06-11,1000000.00,4.596674,100.078125
08:00:14,91282CKV2,TSRYS5823596,D,B,A,2024-06-11,130660000.00,4.637728,99.96450875
08:00:14,91282CKV2,TSRYS5823596,D,S,T,2024-06-11,1000000.00,4.610782,100.0390625
08:00:14,91282CKV2,TSRYS5823596,D,S,T,2024-06-11,1000000.00,4.610782,100.0390625
08:00:14,91282CKV2,TSRYS5823596,D,S,T,2024-06-11,1000000.00,4.610782,100.0390625
08:00:14,91282CKV2,TSRYS5823596,D,S,T,2024-06-11,1000000.00,4.610782,100.0390625
08:00:14,91282CKV2,TSRYS5823596,D,S,T,2024-06-11,1000000.00,4.610782,100.0390625
08:00:14,91282CKV2,TSRYS5823596,D,S,D,2024-06-11,1000000.00,4.610782,100.0390625
08:00:14,91282CKV2,TSRYS5823596,D,S,D,2024-06-11,1000000.00,4.608665,100.044921875
08:00:14,91282CKV2,TSRYS5823596,D,S,D,2024-06-11,1000000.00,4.608665,100.044921875
08:00:14,91282CKV2,TSRYS5823596,D,S,T,2024-06-11,1000000.00,4.607254,100.048828125
08:00:14,91282CKV2,TSRYS5823596,D,S,T,2024-06-11,1000000.00,4.637606,99.96484375
08:00:14,91282CKV2,TSRYS5823596,D,S,T,2024-06-11,1000000.00,4.602316,100.0625
08:00:14,91282CKV2,TSRYS5823596,D,S,T,2024-06-11,2000000.00,4.637606,99.96484375
08:00:14,91282CKV2,TSRYS5823596,D,S,T,2024-06-11,1000000.00,4.602316,100.0625
08:00:14,91282CKV2,TSRYS5823596,D,S,T,2024-06-11,1000000.00,4.602316,100.0625
08:00:14,91282CKV2,TSRYS5823596,D,S,T,2024-06-11,1000000.00,4.637606,99.96484375
08:00:14,91282CKV2,TSRYS5823596,D,S,T,2024-06-11,1000000.00,4.638313,99.962890625
08:00:14,91282CKV2,TSRYS5823596,D,S,T,2024-06-11,1000000.00,4.638313,99.962890625
08:00:15,91282CKV2,TSRYS5823596,D,S,T,2024-06-11,2000000.00,4.637606,99.96484375
08:00:15,91282CKV2,TSRYS5823596,D,S,T,2024-06-11,1000000.00,4.638313,99.962890625
08:00:15,91282CKV2,TSRYS5823596,D,S,T,2024-06-11,1000000.00,4.640431,99.95703125
08:00:15,91282CKV2,TSRYS5823596,D,S,T,2024-06-11,1000000.00,4.640431,99.95703125
08:00:15,91282CKV2,TSRYS5823596,D,S,T,2024-06-11,1000000.00,4.640431,99.95703125
08:00:15,91282CKV2,TSRYS5823596,D,S,T,2024-06-11,1000000.00,4.640431,99.95703125
08:00:15,91282CKV2,TSRYS5823596,D,S,T,2024-06-11,1000000.00,4.640431,99.95703125
08:00:15,91282CKV2,TSRYS5823596,D,S,T,2024-06-11,1000000.00,4.641844,99.953125
08:00:15,91282CKV2,TSRYS5823596,D,S,T,2024-06-11,1000000.00,4.643257,99.94921875
08:00:15,91282CKV2,TSRYS5823596,D,S,T,2024-06-11,1000000.00,4.644669,99.9453125
08:00:15,91282CKV2,TSRYS5823596,D,S,T,2024-06-11,1000000.00,4.645376,99.943359375
08:00:15,91282CKV2,TSRYS5823596,D,S,D,2024-06-11,2000000.00,4.644669,99.9453125
08:00:15,91282CKV2,TSRYS5823596,D,S,T,2024-06-11,1000000.00,4.644669,99.9453125
08:00:16,91282CKV2,TSRYS5823596,D,B,A,2024-06-11,132196000.00,4.636315,99.968415
08:00:18,91282CKV2,TSRYS5823596,D,S,T,2024-06-11,1000000.00,4.644669,99.9453125
08:00:18,91282CKV2,TSRYS5823596,D,S,D,2024-06-11,6000000.00,4.644669,99.9453125
08:00:18,91282CKV2,TSRYS5823596,D,S,D,2024-06-11,2000000.00,4.644669,99.9453125
08:00:19,91282CKV2,TSRYS5823596,D,S,T,2024-06-11,2000000.00,4.644669,99.9453125
08:00:19,91282CKV2,TSRYS5823596,D,S,T,2024-06-11,1000000.00,4.644669,99.9453125
08:00:19,91282CKV2,TSRYS5823596,D,S,D,2024-06-11,1000000.00,4.644669,99.9453125
08:00:19,91282CKV2,TSRYS5823596,D,S,T,2024-06-11,2000000.00,4.645376,99.943359375
08:00:19,91282CKV2,TSRYS5823596,D,S,T,2024-06-11,1000000.00,4.645376,99.943359375
08:00:19,91282CKV2,TSRYS5823596,D,S,T,2024-06-11,1000000.00,4.645376,99.943359375
08:00:19,91282CKV2,TSRYS5823596,D,S,T,2024-06-11,1000000.00,4.645376,99.943359375
08:00:19,91282CKV2,TSRYS5823596,D,S,T,2024-06-11,2000000.00,4.645376,99.943359375
08:00:19,91282CKV2,TSRYS5823596,D,S,T,2024-06-11,1000000.00,4.644669,99.9453125
08:00:19,91282CKV2,TSRYS5823596,D,S,T,2024-06-11,1000000.00,4.645376,99.943359375
08:00:19,91282CKV2,TSRYS5823596,D,S,T,2024-06-11,1000000.00,4.645376,99.943359375
08:00:19,91282CKV2,TSRYS5823596,D,S,T,2024-06-11,1000000.00,4.645376,99.943359375
08:00:19,91282CKV2,TSRYS5823596,D,S,T,2024-06-11,1000000.00,4.646082,99.94140625
08:00:19,91282CKV2,TSRYS5823596,D,S,T,2024-06-11,2000000.00,4.646789,99.939453125
08:00:19,91282CKV2,TSRYS5823596,D,S,T,2024-06-11,1000000.00,4.646082,99.94140625
08:00:19,91282CKV2,TSRYS5823596,D,S,T,2024-06-11,1000000.00,4.646082,99.94140625
08:00:19,91282CKV2,TSRYS5823596,D,S,T,2024-06-11,1000000.00,4.646082,99.94140625
08:00:19,91282CKV2,TSRYS5823596,D,S,T,2024-06-11,1000000.00,4.646082,99.94140625
08:00:19,91282CKV2,TSRYS5823596,D,S,T,2024-06-11,1000000.00,4.646082,99.94140625
08:00:19,91282CKV2,TSRYS5823596,D,S,T,2024-06-11,1000000.00,4.646082,99.94140625
08:00:19,91282CKV2,TSRYS5823596,D,S,T,2024-06-11,1000000.00,4.646082,99.94140625
08:00:19,91282CKV2,TSRYS5823596,D,S,T,2024-06-11,1000000.00,4.646082,99.94140625
08:00:19,91282CKV2,TSRYS5823596,D,S,T,2024-06-11,1000000.00,4.646082,99.94140625
08:00:19,91282CKV2,TSRYS5823596,D,S,T,2024-06-11,1000000.00,4.646082,99.94140625
08:00:19,91282CKV2,TSRYS5823596,D,S,T,2024-06-11,1000000.00,4.646082,99.94140625
08:00:19,91282CKV2,TSRYS5823596,D,S,T,2024-06-11,1000000.00,4.646082,99.94140625
08:00:19,91282CKV2,TSRYS5823596,D,S,T,2024-06-11,1000000.00,4.646082,99.94140625
08:00:19,91282CKV2,TSRYS5823596,D,S,T,2024-06-11,1000000.00,4.646082,99.94140625
08:00:19,91282CKV2,TSRYS5823596,D,S,T,2024-06-11,1000000.00,4.646789,99.939453125
08:00:19,91282CKV2,TSRYS5823596,D,S,T,2024-06-11,1000000.00,4.646082,99.94140625
08:00:19,91282CKV2,TSRYS5823596,D,S,T,2024-06-11,1000000.00,4.646082,99.94140625
08:00:19,91282CKV2,TSRYS5823596,D,S,T,2024-06-11,2000000.00,4.646082,99.94140625
08:00:19,91282CKV2,TSRYS5823596,D,S,T,2024-06-11,2000000.00,4.646082,99.94140625
08:00:20,91282CKV2,TSRYS5823596,D,S,T,2024-06-11,1000000.00,4.645376,99.943359375
08:00:20,91282CKV2,TSRYS5823596,D,S,T,2024-06-11,1000000.00,4.645376,99.943359375
08:00:20,91282CKV2,TSRYS5823596,D,S,T,2024-06-11,1000000.00,4.645376,99.943359375
08:00:20,91282CKV2,TSRYS5823596,D,S,T,2024-06-11,2000000.00,4.645376,99.943359375
08:00:20,91282CKV2,TSRYS5823596,D,S,T,2024-06-11,1000000.00,4.645376,99.943359375
08:00:20,91282CKV2,TSRYS5823596,D,S,T,2024-06-11,1000000.00,4.644669,99.9453125
08:00:20,91282CKV2,TSRYS5823596,D,S,T,2024-06-11,2000000.00,4.644669,99.9453125
08:00:20,91282CKV2,TSRYS5823596,D,S,T,2024-06-11,1000000.00,4.644669,99.9453125
08:00:20,91282CKV2,TSRYS5823596,D,S,T,2024-06-11,2000000.00,4.644669,99.9453125
08:00:20,91282CKV2,TSRYS5823596,D,S,T,2024-06-11,1000000.00,4.643257,99.94921875
08:00:20,91282CKV2,TSRYS5823596,D,S,T,2024-06-11,2000000.00,4.643963,99.947265625
08:00:20,91282CKV2,TSRYS5823596,D,S,T,2024-06-11,1000000.00,4.643963,99.947265625
08:00:20,91282CKV2,TSRYS5823596,D,S,T,2024-06-11,1000000.00,4.644669,99.9453125
08:00:20,91282CKV2,TSRYS5823596,D,S,T,2024-06-11,2000000.00,4.644669,99.9453125
08:00:20,91282CKV2,TSRYS5823596,D,S,T,2024-06-11,2000000.00,4.644669,99.9453125
08:00:20,91282CKV2,TSRYS5823596,D,S,T,2024-06-11,1000000.00,4.644669,99.9453125
08:00:20,91282CKV2,TSRYS5823596,D,S,T,2024-06-11,2000000.00,4.645376,99.943359375
08:00:20,91282CKV2,TSRYS5823596,D,S,T,2024-06-11,1000000.00,4.645376,99.943359375
08:00:20,91282CKV2,TSRYS5823596,D,S,T,2024-06-11,1000000.00,4.646082,99.94140625
08:00:20,91282CKV2,TSRYS5823596,D,S,T,2024-06-11,1000000.00,4.647495,99.9375
08:00:20,91282CKV2,TSRYS5823596,D,S,T,2024-06-11,2000000.00,4.646789,99.939453125
08:00:20,91282CKV2,TSRYS5823596,D,S,T,2024-06-11,2000000.00,4.646789,99.939453125
08:00:20,91282CKV2,TSRYS5823596,D,S,T,2024-06-11,1000000.00,4.646789,99.939453125
08:00:20,91282CKV2,TSRYS5823596,D,S,A,2024-06-11,217000000.00,4.636194,99.96875
08:00:21,91282CKV2,TSRYS5823596,D,S,T,2024-06-11,1000000.00,4.646789,99.939453125
08:00:21,91282CKV2,TSRYS5823596,D,S,T,2024-06-11,1000000.00,4.646789,99.939453125
08:00:21,91282CKV2,TSRYS5823596,D,S,T,2024-06-11,2000000.00,4.646789,99.939453125
08:00:21,91282CKV2,TSRYS5823596,D,S,T,2024-06-11,1000000.00,4.646789,99.939453125
08:00:23,91282CKV2,TSRYS5823596,D,S,D,2024-06-11,1000000.00,4.630545,99.984375
08:00:23,91282CKV2,TSRYS5823596,D,S,D,2024-06-11,2000000.00,4.630545,99.984375
08:00:23,91282CKV2,TSRYS5823596,D,S,D,2024-06-11,1000000.00,4.630545,99.984375
08:00:23,91282CKV2,TSRYS5823596,D,S,D,2024-06-11,2000000.00,4.630545,99.984375
08:00:23,91282CKV2,TSRYS5823596,D,S,D,2024-06-11,2000000.00,4.630545,99.984375
08:00:23,91282CKV2,TSRYS5823596,D,S,D,2024-06-11,2000000.00,4.631251,99.982421875
08:00:23,91282CKV2,TSRYS5823596,D,S,D,2024-06-11,3000000.00,4.630545,99.984375
08:00:23,91282CKV2,TSRYS5823596,D,S,D,2024-06-11,3000000.00,4.630545,99.984375
08:00:23,91282CKV2,TSRYS5823596,D,S,T,2024-06-11,1000000.00,4.633369,99.9765625
08:00:23,91282CKV2,TSRYS5823596,D,S,T,2024-06-11,1000000.00,4.633369,99.9765625
08:00:23,91282CKV2,TSRYS5823596,D,S,T,2024-06-11,1000000.00,4.633369,99.9765625
08:00:23,91282CKV2,TSRYS5823596,D,S,T,2024-06-11,5000000.00,4.633369,99.9765625
08:00:24,91282CKV2,TSRYS5823596,D,B,A,2024-06-11,166806000.00,4.67011,99.875
08:00:24,91282CKV2,TSRYS5823596,D,S,T,2024-06-11,6000000.00,4.634782,99.97265625
08:00:24,91282CKV2,TSRYS5823596,D,S,T,2024-06-11,1000000.00,4.634782,99.97265625
08:00:24,91282CKV2,TSRYS5823596,D,S,T,2024-06-11,1000000.00,4.637606,99.96484375
08:00:24,91282CKV2,TSRYS5823596,D,S,T,2024-06-11,2000000.00,4.634782,99.97265625
08:00:24,91282CKV2,TSRYS5823596,D,S,T,2024-06-11,1000000.00,4.637606,99.96484375
08:00:24,91282CKV2,TSRYS5823596,D,S,T,2024-06-11,1000000.00,4.633369,99.9765625
08:00:24,91282CKV2,TSRYS5823596,D,S,T,2024-06-11,1000000.00,4.637606,99.96484375
08:00:24,91282CKV2,TSRYS5823596,D,S,D,2024-06-11,1000000.00,4.632663,99.978515625
08:00:24,91282CKV2,TSRYS5823596,D,S,D,2024-06-11,1000000.00,4.634075,99.974609375
08:00:24,91282CKV2,TSRYS5823596,D,S,D,2024-06-11,1000000.00,4.630545,99.984375
08:00:24,91282CKV2,TSRYS5823596,D,S,D,2024-06-11,1000000.00,4.630545,99.984375
08:00:24,91282CKV2,TSRYS5823596,D,S,T,2024-06-11,1000000.00,4.634782,99.97265625
08:00:24,91282CKV2,TSRYS5823596,D,S,T,2024-06-11,1000000.00,4.637606,99.96484375
08:00:24,91282CKV2,TSRYS5823596,D,S,T,2024-06-11,1000000.00,4.6369,99.966796875
08:00:24,91282CKV2,TSRYS5823596,D,S,T,2024-06-11,1000000.00,4.637606,99.96484375
08:00:24,91282CKV2,TSRYS5823596,D,S,T,2024-06-11,1000000.00,4.637606,99.96484375
08:00:24,91282CKV2,TSRYS5823596,D,S,T,2024-06-11,1000000.00,4.637606,99.96484375
08:00:24,91282CKV2,TSRYS5823596,D,S,T,2024-06-11,1000000.00,4.6369,99.966796875
08:00:24,91282CKV2,TSRYS5823596,D,S,T,2024-06-11,1000000.00,4.637606,99.96484375
08:00:24,91282CKV2,TSRYS5823596,D,S,T,2024-06-11,1000000.00,4.6369,99.966796875
08:00:24,91282CKV2,TSRYS5823596,D,S,T,2024-06-11,1000000.00,4.633369,99.9765625
08:00:24,91282CKV2,TSRYS5823596,D,S,T,2024-06-11,1000000.00,4.633369,99.9765625
08:00:24,91282CKV2,TSRYS5823596,D,S,T,2024-06-11,1000000.00,4.634782,99.97265625
08:00:24,91282CKV2,TSRYS5823596,D,S,T,2024-06-11,1000000.00,4.634782,99.97265625
08:00:24,91282CKV2,TSRYS5823596,D,S,T,2024-06-11,1000000.00,4.633369,99.9765625
08:00:24,91282CKV2,TSRYS5823596,D,B,C,2024-06-11,4000000.00,4.636194,99.96875
08:00:25,91282CKV2,TSRYS5823596,D,S,T,2024-06-11,1000000.00,4.633369,99.9765625
08:00:25,91282CKV2,TSRYS5823596,D,S,T,2024-06-11,3000000.00,4.634782,99.97265625
08:00:25,91282CKV2,TSRYS5823596,D,S,T,2024-06-11,1000000.00,4.634782,99.97265625
08:00:25,91282CKV2,TSRYS5823596,D,S,T,2024-06-11,1000000.00,4.633369,99.9765625
08:00:25,91282CKV2,TSRYS5823596,D,S,T,2024-06-11,1000000.00,4.634782,99.97265625
08:00:25,91282CKV2,TSRYS5823596,D,S,T,2024-06-11,9000000.00,4.633369,99.9765625
08:00:25,91282CKV2,TSRYS5823596,D,S,D,2024-06-11,1000000.00,4.636194,99.96875
08:00:26,91282CKV2,TSRYS5823596,D,B,C,2024-06-11,132330000.00,4.634903,99.97232125
08:00:26,91282CKV2,TSRYS5823596,D,S,T,2024-06-11,1000000.00,4.634782,99.97265625
08:00:26,91282CKV2,TSRYS5823596,D,S,T,2024-06-11,1000000.00,4.633369,99.9765625
08:00:26,91282CKV2,TSRYS5823596,D,S,T,2024-06-11,3000000.00,4.634782,99.97265625
08:00:27,91282CKV2,TSRYS5823596,D,S,T,2024-06-11,1000000.00,4.634782,99.97265625
08:00:27,91282CKV2,TSRYS5823596,D,S,T,2024-06-11,3000000.00,4.634782,99.97265625
08:00:27,91282CKV2,TSRYS5823596,D,S,T,2024-06-11,1000000.00,4.633369,99.9765625
08:00:28,91282CKV2,TSRYS5823596,D,S,D,2024-06-11,6000000.00,4.644669,99.9453125
08:00:28,91282CKV2,TSRYS5823596,D,S,D,2024-06-11,2000000.00,4.644669,99.9453125
08:00:28,91282CKV2,TSRYS5823596,D,S,D,2024-06-11,2000000.00,4.644669,99.9453125
08:00:28,91282CKV2,TSRYS5823596,D,S,D,2024-06-11,1000000.00,4.644669,99.9453125
08:00:28,91282CKV2,TSRYS5823596,D,S,T,2024-06-11,3000000.00,4.634075,99.974609375
08:00:28,91282CKV2,TSRYS5823596,D,S,T,2024-06-11,1000000.00,4.633369,99.9765625
08:00:28,91282CKV2,TSRYS5823596,D,S,T,2024-06-11,1000000.00,4.633369,99.9765625
08:00:28,91282CKV2,TSRYS5823596,D,S,T,2024-06-11,1000000.00,4.633369,99.9765625
08:00:28,91282CKV2,TSRYS5823596,D,S,T,2024-06-11,1000000.00,4.633369,99.9765625
08:00:28,91282CKV2,TSRYS5823596,D,S,T,2024-06-11,1000000.00,4.633369,99.9765625
08:00:28,91282CKV2,TSRYS5823596,D,S,T,2024-06-11,3000000.00,4.634782,99.97265625
08:00:29,91282CKV2,TSRYS5823596,D,S,T,2024-06-11,1000000.00,4.633369,99.9765625
08:00:29,91282CKV2,TSRYS5823596,D,S,D,2024-06-11,2000000.00,4.639019,99.9609375
08:00:29,91282CKV2,TSRYS5823596,D,S,D,2024-06-11,1000000.00,4.637606,99.96484375
08:00:29,91282CKV2,TSRYS5823596,D,S,T,2024-06-11,2000000.00,4.631957,99.98046875
08:00:30,91282CKV2,TSRYS5823596,D,S,D,2024-06-11,1000000.00,4.646082,99.94140625
08:00:30,91282CKV2,TSRYS5823596,D,S,D,2024-06-11,1000000.00,4.632663,99.978515625
08:00:30,91282CKV2,TSRYS5823596,D,S,D,2024-06-11,1000000.00,4.630545,99.984375
08:00:30,91282CKV2,TSRYS5823596,D,S,D,2024-06-11,1000000.00,4.630545,99.984375
08:00:30,91282CKV2,TSRYS5823596,D,S,D,2024-06-11,2000000.00,4.644669,99.9453125
08:00:30,91282CKV2,TSRYS5823596,D,S,D,2024-06-11,2000000.00,4.644669,99.9453125
08:00:30,91282CKV2,TSRYS5823596,D,S,D,2024-06-11,1000000.00,4.644669,99.9453125
08:00:30,91282CKV2,TSRYS5823596,D,S,D,2024-06-11,2000000.00,4.645376,99.943359375
08:00:30,91282CKV2,TSRYS5823596,D,S,D,2024-06-11,1000000.00,4.644669,99.9453125
08:00:30,91282CKV2,TSRYS5823596,D,S,D,2024-06-11,1000000.00,4.644669,99.9453125
08:00:30,91282CKV2,TSRYS5823596,D,S,D,2024-06-11,2000000.00,4.639019,99.9609375
08:00:30,91282CKV2,TSRYS5823596,D,S,D,2024-06-11,1000000.00,4.631957,99.98046875
08:00:30,91282CKV2,TSRYS5823596,D,S,D,2024-06-11,1000000.00,4.631957,99.98046875
08:00:30,91282CKV2,TSRYS5823596,D,S,D,2024-06-11,1000000.00,4.634075,99.974609375
08:00:30,91282CKV2,TSRYS5823596,D,S,D,2024-06-11,1000000.00,4.634075,99.974609375
08:00:30,91282CKV2,TSRYS5823596,D,S,D,2024-06-11,1000000.00,4.634075,99.974609375
08:00:30,91282CKV2,TSRYS5823596,D,S,D,2024-06-11,1000000.00,4.634075,99.974609375
08:00:30,91282CKV2,TSRYS5823596,D,S,D,2024-06-11,1000000.00,4.629839,99.986328125
08:00:30,91282CKV2,TSRYS5823596,D,S,D,2024-06-11,1000000.00,4.629839,99.986328125
08:00:30,91282CKV2,TSRYS5823596,D,S,D,2024-06-11,1000000.00,4.629839,99.986328125
08:00:30,91282CKV2,TSRYS5823596,D,S,D,2024-06-11,1000000.00,4.629839,99.986328125
08:00:30,91282CKV2,TSRYS5823596,D,S,D,2024-06-11,1000000.00,4.629839,99.986328125
08:00:30,91282CKV2,TSRYS5823596,D,S,D,2024-06-11,1000000.00,4.629839,99.986328125
08:00:30,91282CKV2,TSRYS5823596,D,S,D,2024-06-11,1000000.00,4.629839,99.986328125
08:00:30,91282CKV2,TSRYS5823596,D,S,D,2024-06-11,1000000.00,4.629839,99.986328125
08:00:30,91282CKV2,TSRYS5823596,D,S,D,2024-06-11,1000000.00,4.628427,99.990234375
08:00:30,91282CKV2,TSRYS5823596,D,S,D,2024-06-11,1000000.00,4.629839,99.986328125
08:00:30,91282CKV2,TSRYS5823596,D,S,D,2024-06-11,1000000.00,4.634075,99.974609375
08:00:30,91282CKV2,TSRYS5823596,D,S,D,2024-06-11,1000000.00,4.624897,100.0
08:00:30,91282CKV2,TSRYS5823596,D,S,D,2024-06-11,2000000.00,4.615016,100.02734375
08:00:30,91282CKV2,TSRYS5823596,D,S,D,2024-06-11,1000000.00,4.612899,100.033203125
08:00:30,91282CKV2,TSRYS5823596,D,S,D,2024-06-11,1000000.00,4.612899,100.033203125
08:00:30,91282CKV2,TSRYS5823596,D,S,D,2024-06-11,1000000.00,4.610076,100.041015625
08:00:30,91282CKV2,TSRYS5823596,D,S,D,2024-06-11,1000000.00,4.610076,100.041015625
08:00:30,91282CKV2,TSRYS5823596,D,S,D,2024-06-11,1000000.00,4.610076,100.041015625
08:00:30,91282CKV2,TSRYS5823596,D,S,D,2024-06-11,1000000.00,4.610076,100.041015625
08:00:30,91282CKV2,TSRYS5823596,D,S,D,2024-06-11,2000000.00,4.610076,100.041015625
08:00:30,91282CKV2,TSRYS5823596,D,S,D,2024-06-11,2000000.00,4.60796,100.046875
08:00:30,91282CKV2,TSRYS5823596,D,S,D,2024-06-11,2000000.00,4.610076,100.041015625
08:00:30,91282CKV2,TSRYS5823596,D,S,D,2024-06-11,1000000.00,4.609371,100.04296875
08:00:30,91282CKV2,TSRYS5823596,D,S,D,2024-06-11,1000000.00,4.60796,100.046875
08:00:30,91282CKV2,TSRYS5823596,D,S,D,2024-06-11,1000000.00,4.60796,100.046875
08:00:30,91282CKV2,TSRYS5823596,D,S,D,2024-06-11,1000000.00,4.60796,100.046875
08:00:33,91282CKV2,TSRYS5823596,D,S,D,2024-06-11,1000000.00,4.631957,99.98046875
08:00:33,91282CKV2,TSRYS5823596,D,S,D,2024-06-11,2000000.00,4.631957,99.98046875
08:00:33,91282CKV2,TSRYS5823596,D,S,D,2024-06-11,2000000.00,4.631957,99.98046875
08:00:33,91282CKV2,TSRYS5823596,D,S,D,2024-06-11,1000000.00,4.631251,99.982421875
08:00:33,91282CKV2,TSRYS5823596,D,S,D,2024-06-11,1000000.00,4.631251,99.982421875
08:00:33,91282CKV2,TSRYS5823596,D,S,D,2024-06-11,1000000.00,4.631251,99.982421875
08:00:33,91282CKV2,TSRYS5823596,D,S,D,2024-06-11,2000000.00,4.631251,99.982421875
08:00:33,91282CKV2,TSRYS5823596,D,S,D,2024-06-11,1000000.00,4.631251,99.982421875
08:00:33,91282CKV2,TSRYS5823596,D,S,D,2024-06-11,1000000.00,4.634075,99.974609375
08:00:33,91282CKV2,TSRYS5823596,D,S,D,2024-06-11,2000000.00,4.634075,99.974609375
08:00:33,91282CKV2,TSRYS5823596,D,S,D,2024-06-11,1000000.00,4.634075,99.974609375
08:00:33,91282CKV2,TSRYS5823596,D,S,D,2024-06-11,1000000.00,4.634075,99.974609375
08:00:33,91282CKV2,TSRYS5823596,D,S,D,2024-06-11,2000000.00,4.634075,99.974609375
08:00:33,91282CKV2,TSRYS5823596,D,S,D,2024-06-11,2000000.00,4.634075,99.974609375
08:00:33,91282CKV2,TSRYS5823596,D,S,D,2024-06-11,1000000.00,4.634075,99.974609375
08:00:33,91282CKV2,TSRYS5823596,D,S,D,2024-06-11,1000000.00,4.634075,99.974609375
08:00:33,91282CKV2,TSRYS5823596,D,S,D,2024-06-11,1000000.00,4.634075,99.974609375
08:00:33,91282CKV2,TSRYS5823596,D,S,D,2024-06-11,1000000.00,4.631251,99.982421875
08:00:33,91282CKV2,TSRYS5823596,D,S,D,2024-06-11,2000000.00,4.629839,99.986328125
08:00:33,91282CKV2,TSRYS5823596,D,S,D,2024-06-11,1000000.00,4.628427,99.990234375
08:00:33,91282CKV2,TSRYS5823596,D,S,D,2024-06-11,2000000.00,4.628427,99.990234375
08:00:33,91282CKV2,TSRYS5823596,D,S,D,2024-06-11,1000000.00,4.628427,99.990234375
08:00:33,91282CKV2,TSRYS5823596,D,S,D,2024-06-11,4000000.00,4.628427,99.990234375
08:00:33,91282CKV2,TSRYS5823596,D,S,D,2024-06-11,2000000.00,4.633369,99.9765625
08:00:33,91282CKV2,TSRYS5823596,D,S,D,2024-06-11,2000000.00,4.634075,99.974609375
08:00:33,91282CKV2,TSRYS5823596,D,S,D,2024-06-11,2000000.00,4.634075,99.974609375
08:00:33,91282CKV2,TSRYS5823596,D,S,D,2024-06-11,1000000.00,4.629133,99.98828125
08:00:33,91282CKV2,TSRYS5823596,D,S,D,2024-06-11,1000000.00,4.627015,99.994140625
08:00:33,91282CKV2,TSRYS5823596,D,S,D,2024-06-11,1000000.00,4.611488,100.037109375
08:00:33,91282CKV2,TSRYS5823596,D,S,D,2024-06-11,1000000.00,4.612193,100.03515625
08:00:33,91282CKV2,TSRYS5823596,D,S,D,2024-06-11,1000000.00,4.615016,100.02734375
08:00:33,91282CKV2,TSRYS5823596,D,S,D,2024-06-11,1000000.00,4.615016,100.02734375
08:00:33,91282CKV2,TSRYS5823596,D,S,D,2024-06-11,1000000.00,4.615016,100.02734375
08:00:33,91282CKV2,TSRYS5823596,D,S,D,2024-06-11,5000000.00,4.615016,100.02734375
08:00:33,91282CKV2,TSRYS5823596,D,S,D,2024-06-11,6000000.00,4.610782,100.0390625
08:00:33,91282CKV2,TSRYS5823596,D,S,D,2024-06-11,2000000.00,4.612899,100.033203125
08:00:33,91282CKV2,TSRYS5823596,D,S,D,2024-06-11,1000000.00,4.613605,100.03125
08:00:33,91282CKV2,TSRYS5823596,D,S,D,2024-06-11,4000000.00,4.612899,100.033203125
08:00:33,91282CKV2,TSRYS5823596,D,S,D,2024-06-11,1000000.00,4.612899,100.033203125
08:00:33,91282CKV2,TSRYS5823596,D,S,D,2024-06-11,1000000.00,4.612899,100.033203125
08:00:33,91282CKV2,TSRYS5823596,D,S,D,2024-06-11,1000000.00,4.612899,100.033203125
08:00:33,91282CKV2,TSRYS5823596,D,S,D,2024-06-11,1000000.00,4.612899,100.033203125
08:00:33,91282CKV2,TSRYS5823596,D,S,D,2024-06-11,1000000.00,4.610076,100.041015625
08:00:33,91282CKV2,TSRYS5823596,D,S,D,2024-06-11,1000000.00,4.610076,100.041015625
08:00:33,91282CKV2,TSRYS5823596,D,S,D,2024-06-11,1000000.00,4.610076,100.041015625
08:00:33,91282CKV2,TSRYS5823596,D,S,D,2024-06-11,1000000.00,4.610076,100.041015625
08:00:33,91282CKV2,TSRYS5823596,D,S,D,2024-06-11,1000000.00,4.610076,100.041015625
08:00:33,91282CKV2,TSRYS5823596,D,S,D,2024-06-11,1000000.00,4.610076,100.041015625
08:00:33,91282CKV2,TSRYS5823596,D,S,D,2024-06-11,1000000.00,4.610076,100.041015625
08:00:33,91282CKV2,TSRYS5823596,D,S,D,2024-06-11,1000000.00,4.610076,100.041015625
08:00:33,91282CKV2,TSRYS5823596,D,S,D,2024-06-11,1000000.00,4.610076,100.041015625
08:00:33,91282CKV2,TSRYS5823596,D,S,D,2024-06-11,1000000.00,4.610076,100.041015625
08:00:33,91282CKV2,TSRYS5823596,D,S,D,2024-06-11,1000000.00,4.610076,100.041015625
08:00:33,91282CKV2,TSRYS5823596,D,S,D,2024-06-11,3000000.00,4.610076,100.041015625
08:00:33,91282CKV2,TSRYS5823596,D,S,D,2024-06-11,5000000.00,4.610076,100.041015625
08:00:33,91282CKV2,TSRYS5823596,D,S,D,2024-06-11,1000000.00,4.610076,100.041015625
08:00:33,91282CKV2,TSRYS5823596,D,S,D,2024-06-11,4000000.00,4.610076,100.041015625
08:00:33,91282CKV2,TSRYS5823596,D,S,D,2024-06-11,2000000.00,4.610076,100.041015625
08:00:33,91282CKV2,TSRYS5823596,D,S,D,2024-06-11,1000000.00,4.60796,100.046875
08:00:33,91282CKV2,TSRYS5823596,D,S,D,2024-06-11,2000000.00,4.60796,100.046875
08:00:33,91282CKV2,TSRYS5823596,D,S,D,2024-06-11,2000000.00,4.60796,100.046875
08:00:33,91282CKV2,TSRYS5823596,D,S,D,2024-06-11,2000000.00,4.610076,100.041015625
08:00:33,91282CKV2,TSRYS5823596,D,S,D,2024-06-11,2000000.00,4.600905,100.06640625
08:00:33,91282CKV2,TSRYS5823596,D,S,D,2024-06-11,2000000.00,4.601611,100.064453125
08:00:33,91282CKV2,TSRYS5823596,D,S,D,2024-06-11,2000000.00,4.601611,100.064453125
08:00:33,91282CKV2,TSRYS5823596,D,S,D,2024-06-11,1000000.00,4.597379,100.076171875
08:00:33,91282CKV2,TSRYS5823596,D,S,D,2024-06-11,5000000.00,4.595263,100.08203125
08:00:33,91282CKV2,TSRYS5823596,D,S,D,2024-06-11,1000000.00,4.604432,100.056640625
08:00:33,91282CKV2,TSRYS5823596,D,S,D,2024-06-11,1000000.00,4.606549,100.05078125
08:00:33,91282CKV2,TSRYS5823596,D,S,D,2024-06-11,1000000.00,4.610076,100.041015625
08:00:33,91282CKV2,TSRYS5823596,D,S,D,2024-06-11,4000000.00,4.610076,100.041015625
08:00:33,91282CKV2,TSRYS5823596,D,S,D,2024-06-11,1000000.00,4.610076,100.041015625
08:00:33,91282CKV2,TSRYS5823596,D,S,D,2024-06-11,2000000.00,4.610076,100.041015625
08:00:33,91282CKV2,TSRYS5823596,D,S,D,2024-06-11,2000000.00,4.610076,100.041015625
08:00:33,91282CKV2,TSRYS5823596,D,S,D,2024-06-11,2000000.00,4.610076,100.041015625
08:00:33,91282CKV2,TSRYS5823596,D,S,D,2024-06-11,2000000.00,4.612899,100.033203125
08:00:33,91282CKV2,TSRYS5823596,D,S,D,2024-06-11,2000000.00,4.612899,100.033203125
08:00:33,91282CKV2,TSRYS5823596,D,S,D,2024-06-11,2000000.00,4.612193,100.03515625
08:00:33,91282CKV2,TSRYS5823596,D,S,D,2024-06-11,2000000.00,4.610782,100.0390625
08:00:33,91282CKV2,TSRYS5823596,D,S,D,2024-06-11,2000000.00,4.610782,100.0390625
08:00:33,91282CKV2,TSRYS5823596,D,S,D,2024-06-11,2000000.00,4.610782,100.0390625
08:00:33,91282CKV2,TSRYS5823596,D,S,D,2024-06-11,2000000.00,4.610076,100.041015625
08:00:33,91282CKV2,TSRYS5823596,D,S,D,2024-06-11,1000000.00,4.607254,100.048828125
08:00:33,91282CKV2,TSRYS5823596,D,S,D,2024-06-11,1000000.00,4.607254,100.048828125
08:00:33,91282CKV2,TSRYS5823596,D,S,T,2024-06-11,5000000.00,4.635488,99.970703125
08:00:33,91282CKV2,TSRYS5823596,D,S,D,2024-06-11,2000000.00,4.644669,99.9453125
08:00:33,91282CKV2,TSRYS5823596,D,S,D,2024-06-11,2000000.00,4.644669,99.9453125
08:00:33,91282CKV2,TSRYS5823596,D,S,D,2024-06-11,1000000.00,4.644669,99.9453125
08:00:33,91282CKV2,TSRYS5823596,D,S,D,2024-06-11,2000000.00,4.643963,99.947265625
08:00:33,91282CKV2,TSRYS5823596,D,S,D,2024-06-11,2000000.00,4.643963,99.947265625
08:00:33,91282CKV2,TSRYS5823596,D,S,T,2024-06-11,6000000.00,4.644669,99.9453125
08:00:33,91282CKV2,TSRYS5823596,D,S,D,2024-06-11,2000000.00,4.646082,99.94140625
08:00:33,91282CKV2,TSRYS5823596,D,S,T,2024-06-11,2000000.00,4.644669,99.9453125
08:00:33,91282CKV2,TSRYS5823596,D,S,T,2024-06-11,2000000.00,4.644669,99.9453125
08:00:33,91282CKV2,TSRYS5823596,D,S,T,2024-06-11,1000000.00,4.644669,99.9453125
08:00:33,91282CKV2,TSRYS5823596,D,S,T,2024-06-11,2000000.00,4.639019,99.9609375
08:00:33,91282CKV2,TSRYS5823596,D,S,T,2024-06-11,2000000.00,4.639019,99.9609375
08:00:33,91282CKV2,TSRYS5823596,D,S,T,2024-06-11,1000000.00,4.633369,99.9765625
08:00:33,91282CKV2,TSRYS5823596,D,S,T,2024-06-11,1000000.00,4.631957,99.98046875
08:00:33,91282CKV2,TSRYS5823596,D,S,T,2024-06-11,1000000.00,4.631957,99.98046875
08:00:33,91282CKV2,TSRYS5823596,D,S,T,2024-06-11,2000000.00,4.631957,99.98046875
08:00:33,91282CKV2,TSRYS5823596,D,S,T,2024-06-11,1000000.00,4.631957,99.98046875
08:00:33,91282CKV2,TSRYS5823596,D,S,T,2024-06-11,2000000.00,4.631957,99.98046875
08:00:33,91282CKV2,TSRYS5823596,D,S,T,2024-06-11,1000000.00,4.631957,99.98046875
08:00:33,91282CKV2,TSRYS5823596,D,S,T,2024-06-11,1000000.00,4.634782,99.97265625
08:00:33,91282CKV2,TSRYS5823596,D,S,T,2024-06-11,1000000.00,4.634782,99.97265625
08:00:33,91282CKV2,TSRYS5823596,D,S,T,2024-06-11,1000000.00,4.634075,99.974609375
08:00:33,91282CKV2,TSRYS5823596,D,S,T,2024-06-11,1000000.00,4.634075,99.974609375
08:00:33,91282CKV2,TSRYS5823596,D,S,T,2024-06-11,1000000.00,4.634075,99.974609375
08:00:33,91282CKV2,TSRYS5823596,D,S,T,2024-06-11,1000000.00,4.629839,99.986328125
08:00:33,91282CKV2,TSRYS5823596,D,S,T,2024-06-11,1000000.00,4.629839,99.986328125
08:00:33,91282CKV2,TSRYS5823596,D,S,T,2024-06-11,1000000.00,4.628427,99.990234375
08:00:33,91282CKV2,TSRYS5823596,D,S,T,2024-06-11,1000000.00,4.628427,99.990234375
08:00:33,91282CKV2,TSRYS5823596,D,S,T,2024-06-11,1000000.00,4.628427,99.990234375
08:00:33,91282CKV2,TSRYS5823596,D,S,T,2024-06-11,1000000.00,4.628427,99.990234375
08:00:33,91282CKV2,TSRYS5823596,D,S,T,2024-06-11,2000000.00,4.628427,99.990234375
08:00:33,91282CKV2,TSRYS5823596,D,S,T,2024-06-11,1000000.00,4.634075,99.974609375
08:00:33,91282CKV2,TSRYS5823596,D,S,T,2024-06-11,1000000.00,4.631957,99.98046875
08:00:33,91282CKV2,TSRYS5823596,D,S,T,2024-06-11,1000000.00,4.631957,99.98046875
08:00:33,91282CKV2,TSRYS5823596,D,S,T,2024-06-11,1000000.00,4.624897,100.0
08:00:33,91282CKV2,TSRYS5823596,D,S,T,2024-06-11,1000000.00,4.624897,100.0
08:00:33,91282CKV2,TSRYS5823596,D,S,T,2024-06-11,2000000.00,4.612193,100.03515625
08:00:33,91282CKV2,TSRYS5823596,D,S,T,2024-06-11,1000000.00,4.612899,100.033203125
08:00:33,91282CKV2,TSRYS5823596,D,S,T,2024-06-11,1000000.00,4.612899,100.033203125
08:00:33,91282CKV2,TSRYS5823596,D,S,T,2024-06-11,1000000.00,4.609371,100.04296875
08:00:33,91282CKV2,TSRYS5823596,D,S,T,2024-06-11,1000000.00,4.609371,100.04296875
08:00:33,91282CKV2,TSRYS5823596,D,S,T,2024-06-11,1000000.00,4.609371,100.04296875
08:00:33,91282CKV2,TSRYS5823596,D,S,T,2024-06-11,1000000.00,4.609371,100.04296875
08:00:33,91282CKV2,TSRYS5823596,D,S,T,2024-06-11,1000000.00,4.610076,100.041015625
08:00:33,91282CKV2,TSRYS5823596,D,S,T,2024-06-11,1000000.00,4.610076,100.041015625
08:00:33,91282CKV2,TSRYS5823596,D,S,T,2024-06-11,2000000.00,4.610076,100.041015625
08:00:33,91282CKV2,TSRYS5823596,D,S,T,2024-06-11,2000000.00,4.610076,100.041015625
08:00:33,91282CKV2,TSRYS5823596,D,S,T,2024-06-11,2000000.00,4.60796,100.046875
08:00:33,91282CKV2,TSRYS5823596,D,S,T,2024-06-11,2000000.00,4.60796,100.046875
08:00:33,91282CKV2,TSRYS5823596,D,S,T,2024-06-11,2000000.00,4.610076,100.041015625
08:00:33,91282CKV2,TSRYS5823596,D,S,T,2024-06-11,2000000.00,4.610076,100.041015625
08:00:33,91282CKV2,TSRYS5823596,D,S,T,2024-06-11,1000000.00,4.595263,100.08203125
08:00:33,91282CKV2,TSRYS5823596,D,S,T,2024-06-11,1000000.00,4.598084,100.07421875
08:00:33,91282CKV2,TSRYS5823596,D,S,T,2024-06-11,1000000.00,4.598084,100.07421875
08:00:33,91282CKV2,TSRYS5823596,D,S,T,2024-06-11,2000000.00,4.598084,100.07421875
08:00:33,91282CKV2,TSRYS5823596,D,S,T,2024-06-11,1000000.00,4.598084,100.07421875
08:00:33,91282CKV2,TSRYS5823596,D,S,T,2024-06-11,1000000.00,4.598084,100.07421875
08:00:33,91282CKV2,TSRYS5823596,D,S,T,2024-06-11,3000000.00,4.598789,100.072265625
08:00:33,91282CKV2,TSRYS5823596,D,S,T,2024-06-11,2000000.00,4.598789,100.072265625
08:00:33,91282CKV2,TSRYS5823596,D,S,T,2024-06-11,1000000.00,4.598789,100.072265625
08:00:33,91282CKV2,TSRYS5823596,D,S,T,2024-06-11,2000000.00,4.598789,100.072265625
08:00:33,91282CKV2,TSRYS5823596,D,S,T,2024-06-11,3000000.00,4.599495,100.0703125
08:00:33,91282CKV2,TSRYS5823596,D,S,T,2024-06-11,2000000.00,4.605138,100.0546875
08:00:33,91282CKV2,TSRYS5823596,D,S,T,2024-06-11,2000000.00,4.610076,100.041015625
08:00:33,91282CKV2,TSRYS5823596,D,S,T,2024-06-11,2000000.00,4.610076,100.041015625
08:00:33,91282CKV2,TSRYS5823596,D,S,T,2024-06-11,2000000.00,4.610076,100.041015625
08:00:33,91282CKV2,TSRYS5823596,D,S,T,2024-06-11,1000000.00,4.610076,100.041015625
08:00:33,91282CKV2,TSRYS5823596,D,S,T,2024-06-11,1000000.00,4.610076,100.041015625
08:00:33,91282CKV2,TSRYS5823596,D,S,T,2024-06-11,2000000.00,4.610076,100.041015625
08:00:33,91282CKV2,TSRYS5823596,D,S,T,2024-06-11,2000000.00,4.610076,100.041015625
08:00:33,91282CKV2,TSRYS5823596,D,S,T,2024-06-11,2000000.00,4.609371,100.04296875
08:00:33,91282CKV2,TSRYS5823596,D,S,T,2024-06-11,2000000.00,4.609371,100.04296875
08:00:33,91282CKV2,TSRYS5823596,D,S,T,2024-06-11,2000000.00,4.609371,100.04296875
08:00:33,91282CKV2,TSRYS5823596,D,S,T,2024-06-11,2000000.00,4.606549,100.05078125
08:00:33,91282CKV2,TSRYS5823596,D,S,T,2024-06-11,2000000.00,4.60796,100.046875
08:00:33,91282CKV2,TSRYS5823596,D,S,D,2024-06-11,1000000.00,4.602316,100.0625
08:00:33,91282CKV2,TSRYS5823596,D,S,T,2024-06-11,1000000.00,4.647495,99.9375
08:00:33,91282CKV2,TSRYS5823596,D,S,T,2024-06-11,1000000.00,4.647495,99.9375
08:00:33,91282CKV2,TSRYS5823596,D,S,T,2024-06-11,1000000.00,4.647495,99.9375
08:00:33,91282CKV2,TSRYS5823596,D,S,T,2024-06-11,1000000.00,4.647495,99.9375
08:00:33,91282CKV2,TSRYS5823596,D,S,T,2024-06-11,1000000.00,4.646789,99.939453125
08:00:33,91282CKV2,TSRYS5823596,D,S,T,2024-06-11,1000000.00,4.646789,99.939453125
08:00:33,91282CKV2,TSRYS5823596,D,S,T,2024-06-11,1000000.00,4.646789,99.939453125
08:00:33,91282CKV2,TSRYS5823596,D,S,T,2024-06-11,1000000.00,4.646082,99.94140625
08:00:33,91282CKV2,TSRYS5823596,D,S,T,2024-06-11,1000000.00,4.646082,99.94140625
08:00:33,91282CKV2,TSRYS5823596,D,S,T,2024-06-11,1000000.00,4.646082,99.94140625
08:00:33,91282CKV2,TSRYS5823596,D,S,T,2024-06-11,1000000.00,4.644669,99.9453125
08:00:33,91282CKV2,TSRYS5823596,D,S,T,2024-06-11,1000000.00,4.646082,99.94140625
08:00:33,91282CKV2,TSRYS5823596,D,S,T,2024-06-11,1000000.00,4.643257,99.94921875
08:00:33,91282CKV2,TSRYS5823596,D,S,T,2024-06-11,1000000.00,4.643257,99.94921875
08:00:33,91282CKV2,TSRYS5823596,D,S,T,2024-06-11,1000000.00,4.644669,99.9453125
08:00:33,91282CKV2,TSRYS5823596,D,S,T,2024-06-11,1000000.00,4.641844,99.953125
08:00:33,91282CKV2,TSRYS5823596,D,S,T,2024-06-11,1000000.00,4.643257,99.94921875
08:00:33,91282CKV2,TSRYS5823596,D,S,T,2024-06-11,1000000.00,4.640431,99.95703125
08:00:33,91282CKV2,TSRYS5823596,D,S,T,2024-06-11,1000000.00,4.631957,99.98046875
08:00:33,91282CKV2,TSRYS5823596,D,S,T,2024-06-11,1000000.00,4.634782,99.97265625
08:00:33,91282CKV2,TSRYS5823596,D,S,T,2024-06-11,1000000.00,4.6369,99.966796875
08:00:33,91282CKV2,TSRYS5823596,D,S,T,2024-06-11,1000000.00,4.6369,99.966796875
08:00:33,91282CKV2,TSRYS5823596,D,S,T,2024-06-11,1000000.00,4.631957,99.98046875
08:00:33,91282CKV2,TSRYS5823596,D,S,T,2024-06-11,1000000.00,4.631957,99.98046875
08:00:33,91282CKV2,TSRYS5823596,D,S,T,2024-06-11,1000000.00,4.632663,99.978515625
08:00:33,91282CKV2,TSRYS5823596,D,S,T,2024-06-11,1000000.00,4.630545,99.984375
08:00:33,91282CKV2,TSRYS5823596,D,S,T,2024-06-11,1000000.00,4.630545,99.984375
08:00:33,91282CKV2,TSRYS5823596,D,S,T,2024-06-11,2000000.00,4.630545,99.984375
08:00:33,91282CKV2,TSRYS5823596,D,S,T,2024-06-11,1000000.00,4.631957,99.98046875
08:00:33,91282CKV2,TSRYS5823596,D,S,T,2024-06-11,1000000.00,4.631957,99.98046875
08:00:33,91282CKV2,TSRYS5823596,D,S,T,2024-06-11,1000000.00,4.631957,99.98046875
08:00:33,91282CKV2,TSRYS5823596,D,S,T,2024-06-11,1000000.00,4.631957,99.98046875
08:00:33,91282CKV2,TSRYS5823596,D,S,T,2024-06-11,1000000.00,4.631957,99.98046875
08:00:33,91282CKV2,TSRYS5823596,D,S,T,2024-06-11,1000000.00,4.631957,99.98046875
08:00:33,91282CKV2,TSRYS5823596,D,S,T,2024-06-11,1000000.00,4.633369,99.9765625
08:00:33,91282CKV2,TSRYS5823596,D,S,T,2024-06-11,1000000.00,4.633369,99.9765625
08:00:33,91282CKV2,TSRYS5823596,D,S,T,2024-06-11,1000000.00,4.632663,99.978515625
08:00:33,91282CKV2,TSRYS5823596,D,S,T,2024-06-11,1000000.00,4.632663,99.978515625
08:00:33,91282CKV2,TSRYS5823596,D,S,T,2024-06-11,1000000.00,4.632663,99.978515625
08:00:33,91282CKV2,TSRYS5823596,D,S,T,2024-06-11,1000000.00,4.633369,99.9765625
08:00:33,91282CKV2,TSRYS5823596,D,S,T,2024-06-11,1000000.00,4.633369,99.9765625
08:00:33,91282CKV2,TSRYS5823596,D,S,T,2024-06-11,1000000.00,4.633369,99.9765625
08:00:33,91282CKV2,TSRYS5823596,D,S,T,2024-06-11,1000000.00,4.633369,99.9765625
08:00:33,91282CKV2,TSRYS5823596,D,S,T,2024-06-11,1000000.00,4.634782,99.97265625
08:00:33,91282CKV2,TSRYS5823596,D,S,T,2024-06-11,1000000.00,4.634782,99.97265625
08:00:33,91282CKV2,TSRYS5823596,D,S,T,2024-06-11,1000000.00,4.634782,99.97265625
08:00:33,91282CKV2,TSRYS5823596,D,S,T,2024-06-11,1000000.00,4.634782,99.97265625
08:00:33,91282CKV2,TSRYS5823596,D,S,T,2024-06-11,1000000.00,4.634782,99.97265625
08:00:33,91282CKV2,TSRYS5823596,D,S,T,2024-06-11,1000000.00,4.634782,99.97265625
08:00:33,91282CKV2,TSRYS5823596,D,S,T,2024-06-11,1000000.00,4.634782,99.97265625
08:00:33,91282CKV2,TSRYS5823596,D,S,T,2024-06-11,1000000.00,4.634782,99.97265625
08:00:33,91282CKV2,TSRYS5823596,D,S,T,2024-06-11,1000000.00,4.634782,99.97265625
08:00:33,91282CKV2,TSRYS5823596,D,S,T,2024-06-11,1000000.00,4.631957,99.98046875
08:00:33,91282CKV2,TSRYS5823596,D,S,T,2024-06-11,1000000.00,4.631251,99.982421875
08:00:33,91282CKV2,TSRYS5823596,D,S,T,2024-06-11,1000000.00,4.631957,99.98046875
08:00:33,91282CKV2,TSRYS5823596,D,S,T,2024-06-11,1000000.00,4.631957,99.98046875
08:00:33,91282CKV2,TSRYS5823596,D,S,T,2024-06-11,1000000.00,4.631957,99.98046875
08:00:33,91282CKV2,TSRYS5823596,D,S,T,2024-06-11,1000000.00,4.631957,99.98046875
08:00:33,91282CKV2,TSRYS5823596,D,S,T,2024-06-11,2000000.00,4.631957,99.98046875
08:00:33,91282CKV2,TSRYS5823596,D,S,T,2024-06-11,1000000.00,4.631957,99.98046875
08:00:33,91282CKV2,TSRYS5823596,D,S,T,2024-06-11,1000000.00,4.631957,99.98046875
08:00:33,91282CKV2,TSRYS5823596,D,S,T,2024-06-11,1000000.00,4.631957,99.98046875
08:00:33,91282CKV2,TSRYS5823596,D,S,T,2024-06-11,1000000.00,4.631957,99.98046875
08:00:33,91282CKV2,TSRYS5823596,D,S,T,2024-06-11,1000000.00,4.633369,99.9765625
08:00:33,91282CKV2,TSRYS5823596,D,S,T,2024-06-11,2000000.00,4.632663,99.978515625
08:00:33,91282CKV2,TSRYS5823596,D,S,T,2024-06-11,1000000.00,4.632663,99.978515625
08:00:33,91282CKV2,TSRYS5823596,D,S,T,2024-06-11,1000000.00,4.633369,99.9765625
08:00:33,91282CKV2,TSRYS5823596,D,S,T,2024-06-11,1000000.00,4.633369,99.9765625
08:00:33,91282CKV2,TSRYS5823596,D,S,T,2024-06-11,1000000.00,4.633369,99.9765625
08:00:33,91282CKV2,TSRYS5823596,D,S,T,2024-06-11,1000000.00,4.633369,99.9765625
08:00:33,91282CKV2,TSRYS5823596,D,S,T,2024-06-11,1000000.00,4.633369,99.9765625
08:00:33,91282CKV2,TSRYS5823596,D,S,T,2024-06-11,1000000.00,4.634782,99.97265625
08:00:33,91282CKV2,TSRYS5823596,D,S,T,2024-06-11,2000000.00,4.634782,99.97265625
08:00:33,91282CKV2,TSRYS5823596,D,S,T,2024-06-11,1000000.00,4.633369,99.9765625
08:00:33,91282CKV2,TSRYS5823596,D,S,T,2024-06-11,2000000.00,4.634075,99.974609375
08:00:33,91282CKV2,TSRYS5823596,D,S,T,2024-06-11,2000000.00,4.632663,99.978515625
08:00:33,91282CKV2,TSRYS5823596,D,S,T,2024-06-11,1000000.00,4.633369,99.9765625
08:00:33,91282CKV2,TSRYS5823596,D,S,T,2024-06-11,1000000.00,4.634782,99.97265625
08:00:33,91282CKV2,TSRYS5823596,D,S,T,2024-06-11,1000000.00,4.634782,99.97265625
08:00:33,91282CKV2,TSRYS5823596,D,S,T,2024-06-11,2000000.00,4.634782,99.97265625
08:00:33,91282CKV2,TSRYS5823596,D,S,T,2024-06-11,1000000.00,4.635488,99.970703125
08:00:33,91282CKV2,TSRYS5823596,D,S,T,2024-06-11,1000000.00,4.635488,99.970703125
08:00:33,91282CKV2,TSRYS5823596,D,S,T,2024-06-11,1000000.00,4.634782,99.97265625
08:00:33,91282CKV2,TSRYS5823596,D,S,T,2024-06-11,1000000.00,4.634782,99.97265625
08:00:33,91282CKV2,TSRYS5823596,D,S,T,2024-06-11,1000000.00,4.634782,99.97265625
08:00:33,91282CKV2,TSRYS5823596,D,S,T,2024-06-11,1000000.00,4.634782,99.97265625
08:00:33,91282CKV2,TSRYS5823596,D,S,T,2024-06-11,1000000.00,4.634782,99.97265625
08:00:33,91282CKV2,TSRYS5823596,D,S,T,2024-06-11,1000000.00,4.634782,99.97265625
08:00:33,91282CKV2,TSRYS5823596,D,S,T,2024-06-11,2000000.00,4.634782,99.97265625
08:00:33,91282CKV2,TSRYS5823596,D,S,T,2024-06-11,1000000.00,4.635488,99.970703125
08:00:33,91282CKV2,TSRYS5823596,D,S,T,2024-06-11,1000000.00,4.635488,99.970703125
08:00:33,91282CKV2,TSRYS5823596,D,S,T,2024-06-11,1000000.00,4.636194,99.96875
08:00:33,91282CKV2,TSRYS5823596,D,S,T,2024-06-11,1000000.00,4.636194,99.96875
08:00:33,91282CKV2,TSRYS5823596,D,S,T,2024-06-11,1000000.00,4.636194,99.96875
08:00:33,91282CKV2,TSRYS5823596,D,S,T,2024-06-11,1000000.00,4.636194,99.96875
08:00:33,91282CKV2,TSRYS5823596,D,S,T,2024-06-11,1000000.00,4.636194,99.96875
08:00:33,91282CKV2,TSRYS5823596,D,S,T,2024-06-11,1000000.00,4.635488,99.970703125
08:00:33,91282CKV2,TSRYS5823596,D,S,T,2024-06-11,1000000.00,4.636194,99.96875
08:00:33,91282CKV2,TSRYS5823596,D,S,T,2024-06-11,1000000.00,4.636194,99.96875
08:00:33,91282CKV2,TSRYS5823596,D,S,T,2024-06-11,1000000.00,4.636194,99.96875
08:00:33,91282CKV2,TSRYS5823596,D,S,T,2024-06-11,1000000.00,4.636194,99.96875
08:00:33,91282CKV2,TSRYS5823596,D,S,T,2024-06-11,1000000.00,4.636194,99.96875
08:00:33,91282CKV2,TSRYS5823596,D,S,T,2024-06-11,1000000.00,4.6369,99.966796875
08:00:33,91282CKV2,TSRYS5823596,D,S,T,2024-06-11,1000000.00,4.637606,99.96484375
08:00:33,91282CKV2,TSRYS5823596,D,S,T,2024-06-11,1000000.00,4.637606,99.96484375
08:00:33,91282CKV2,TSRYS5823596,D,S,T,2024-06-11,1000000.00,4.637606,99.96484375
08:00:33,91282CKV2,TSRYS5823596,D,S,T,2024-06-11,1000000.00,4.637606,99.96484375
08:00:33,91282CKV2,TSRYS5823596,D,S,T,2024-06-11,1000000.00,4.638313,99.962890625
08:00:33,91282CKV2,TSRYS5823596,D,S,T,2024-06-11,1000000.00,4.638313,99.962890625
08:00:33,91282CKV2,TSRYS5823596,D,S,T,2024-06-11,1000000.00,4.637606,99.96484375
08:00:33,91282CKV2,TSRYS5823596,D,S,T,2024-06-11,1000000.00,4.638313,99.962890625
08:00:33,91282CKV2,TSRYS5823596,D,S,T,2024-06-11,1000000.00,4.637606,99.96484375
08:00:33,91282CKV2,TSRYS5823596,D,S,T,2024-06-11,1000000.00,4.637606,99.96484375
08:00:33,91282CKV2,TSRYS5823596,D,S,T,2024-06-11,1000000.00,4.637606,99.96484375
08:00:33,91282CKV2,TSRYS5823596,D,S,T,2024-06-11,1000000.00,4.637606,99.96484375
08:00:33,91282CKV2,TSRYS5823596,D,S,T,2024-06-11,1000000.00,4.637606,99.96484375
08:00:33,91282CKV2,TSRYS5823596,D,S,T,2024-06-11,1000000.00,4.637606,99.96484375
08:00:33,91282CKV2,TSRYS5823596,D,S,T,2024-06-11,1000000.00,4.639019,99.9609375
08:00:33,91282CKV2,TSRYS5823596,D,S,T,2024-06-11,1000000.00,4.640431,99.95703125
08:00:33,91282CKV2,TSRYS5823596,D,S,T,2024-06-11,2000000.00,4.640431,99.95703125
08:00:33,91282CKV2,TSRYS5823596,D,S,T,2024-06-11,2000000.00,4.640431,99.95703125
08:00:33,91282CKV2,TSRYS5823596,D,S,T,2024-06-11,1000000.00,4.640431,99.95703125
08:00:33,91282CKV2,TSRYS5823596,D,S,T,2024-06-11,1000000.00,4.640431,99.95703125
08:00:33,91282CKV2,TSRYS5823596,D,S,T,2024-06-11,6000000.00,4.640431,99.95703125
08:00:33,91282CKV2,TSRYS5823596,D,S,T,2024-06-11,1000000.00,4.640431,99.95703125
08:00:33,91282CKV2,TSRYS5823596,D,S,T,2024-06-11,1000000.00,4.640431,99.95703125
08:00:33,91282CKV2,TSRYS5823596,D,S,T,2024-06-11,1000000.00,4.640431,99.95703125
08:00:33,91282CKV2,TSRYS5823596,D,S,T,2024-06-11,1000000.00,4.640431,99.95703125
08:00:33,91282CKV2,TSRYS5823596,D,S,T,2024-06-11,1000000.00,4.640431,99.95703125
08:00:33,91282CKV2,TSRYS5823596,D,S,T,2024-06-11,1000000.00,4.640431,99.95703125
08:00:33,91282CKV2,TSRYS5823596,D,S,T,2024-06-11,1000000.00,4.640431,99.95703125
08:00:33,91282CKV2,TSRYS5823596,D,S,T,2024-06-11,1000000.00,4.640431,99.95703125
08:00:33,91282CKV2,TSRYS5823596,D,S,T,2024-06-11,1000000.00,4.640431,99.95703125
08:00:33,91282CKV2,TSRYS5823596,D,S,T,2024-06-11,1000000.00,4.640431,99.95703125
08:00:33,91282CKV2,TSRYS5823596,D,S,T,2024-06-11,1000000.00,4.640431,99.95703125
08:00:33,91282CKV2,TSRYS5823596,D,S,T,2024-06-11,1000000.00,4.640431,99.95703125
08:00:33,91282CKV2,TSRYS5823596,D,S,T,2024-06-11,1000000.00,4.640431,99.95703125
08:00:33,91282CKV2,TSRYS5823596,D,S,T,2024-06-11,1000000.00,4.640431,99.95703125
08:00:33,91282CKV2,TSRYS5823596,D,S,T,2024-06-11,1000000.00,4.640431,99.95703125
08:00:33,91282CKV2,TSRYS5823596,D,S,T,2024-06-11,1000000.00,4.640431,99.95703125
08:00:33,91282CKV2,TSRYS5823596,D,S,T,2024-06-11,1000000.00,4.640431,99.95703125
08:00:33,91282CKV2,TSRYS5823596,D,S,T,2024-06-11,1000000.00,4.640431,99.95703125
08:00:33,91282CKV2,TSRYS5823596,D,S,T,2024-06-11,1000000.00,4.640431,99.95703125
08:00:33,91282CKV2,TSRYS5823596,D,S,T,2024-06-11,2000000.00,4.640431,99.95703125
08:00:33,91282CKV2,TSRYS5823596,D,S,T,2024-06-11,2000000.00,4.641844,99.953125
08:00:33,91282CKV2,TSRYS5823596,D,S,T,2024-06-11,6000000.00,4.644669,99.9453125
08:00:33,91282CKV2,TSRYS5823596,D,S,D,2024-06-11,4000000.00,4.644669,99.9453125
08:00:33,91282CKV2,TSRYS5823596,D,S,T,2024-06-11,1000000.00,4.644669,99.9453125
08:00:33,91282CKV2,TSRYS5823596,D,S,T,2024-06-11,1000000.00,4.644669,99.9453125
08:00:33,91282CKV2,TSRYS5823596,D,S,T,2024-06-11,1000000.00,4.644669,99.9453125
08:00:33,91282CKV2,TSRYS5823596,D,S,T,2024-06-11,1000000.00,4.644669,99.9453125
08:00:33,91282CKV2,TSRYS5823596,D,S,T,2024-06-11,1000000.00,4.644669,99.9453125
08:00:33,91282CKV2,TSRYS5823596,D,S,T,2024-06-11,1000000.00,4.644669,99.9453125
08:00:33,91282CKV2,TSRYS5823596,D,S,T,2024-06-11,1000000.00,4.644669,99.9453125
08:00:33,91282CKV2,TSRYS5823596,D,S,T,2024-06-11,4000000.00,4.644669,99.9453125
08:00:33,91282CKV2,TSRYS5823596,D,S,T,2024-06-11,5000000.00,4.644669,99.9453125
08:00:33,91282CKV2,TSRYS5823596,D,S,T,2024-06-11,1000000.00,4.644669,99.9453125
08:00:33,91282CKV2,TSRYS5823596,D,S,T,2024-06-11,2000000.00,4.645376,99.943359375
08:00:33,91282CKV2,TSRYS5823596,D,S,T,2024-06-11,2000000.00,4.643257,99.94921875
08:00:33,91282CKV2,TSRYS5823596,D,S,T,2024-06-11,1000000.00,4.645376,99.943359375
08:00:33,91282CKV2,TSRYS5823596,D,S,T,2024-06-11,1000000.00,4.645376,99.943359375
08:00:33,91282CKV2,TSRYS5823596,D,S,T,2024-06-11,1000000.00,4.646082,99.94140625
08:00:33,91282CKV2,TSRYS5823596,D,S,T,2024-06-11,1000000.00,4.647495,99.9375
08:00:33,91282CKV2,TSRYS5823596,D,S,T,2024-06-11,2000000.00,4.647495,99.9375
08:00:33,91282CKV2,TSRYS5823596,D,S,T,2024-06-11,1000000.00,4.647495,99.9375
08:00:33,91282CKV2,TSRYS5823596,D,S,T,2024-06-11,1000000.00,4.647495,99.9375
08:00:33,91282CKV2,TSRYS5823596,D,S,T,2024-06-11,7000000.00,4.647495,99.9375
08:00:33,91282CKV2,TSRYS5823596,D,S,T,2024-06-11,8000000.00,4.647495,99.9375
08:00:33,91282CKV2,TSRYS5823596,D,S,T,2024-06-11,1000000.00,4.647495,99.9375
08:00:33,91282CKV2,TSRYS5823596,D,S,T,2024-06-11,1000000.00,4.643257,99.94921875
08:00:33,91282CKV2,TSRYS5823596,D,S,T,2024-06-11,1000000.00,4.644669,99.9453125
08:00:33,91282CKV2,TSRYS5823596,D,S,T,2024-06-11,1000000.00,4.644669,99.9453125
08:00:33,91282CKV2,TSRYS5823596,D,S,T,2024-06-11,1000000.00,4.644669,99.9453125
08:00:33,91282CKV2,TSRYS5823596,D,S,T,2024-06-11,1000000.00,4.643257,99.94921875
08:00:33,91282CKV2,TSRYS5823596,D,S,T,2024-06-11,1000000.00,4.643257,99.94921875
08:00:33,91282CKV2,TSRYS5823596,D,S,T,2024-06-11,1000000.00,4.643257,99.94921875
08:00:33,91282CKV2,TSRYS5823596,D,S,T,2024-06-11,2000000.00,4.639019,99.9609375
08:00:33,91282CKV2,TSRYS5823596,D,S,T,2024-06-11,2000000.00,4.639019,99.9609375
08:00:33,91282CKV2,TSRYS5823596,D,S,T,2024-06-11,2000000.00,4.632663,99.978515625
08:00:33,91282CKV2,TSRYS5823596,D,S,T,2024-06-11,2000000.00,4.631957,99.98046875
08:00:33,91282CKV2,TSRYS5823596,D,S,T,2024-06-11,1000000.00,4.631957,99.98046875
08:00:33,91282CKV2,TSRYS5823596,D,S,T,2024-06-11,1000000.00,4.631957,99.98046875
08:00:33,91282CKV2,TSRYS5823596,D,S,T,2024-06-11,1000000.00,4.631957,99.98046875
08:00:33,91282CKV2,TSRYS5823596,D,S,T,2024-06-11,1000000.00,4.630545,99.984375
08:00:33,91282CKV2,TSRYS5823596,D,S,T,2024-06-11,2000000.00,4.631251,99.982421875
08:00:33,91282CKV2,TSRYS5823596,D,S,T,2024-06-11,1000000.00,4.631957,99.98046875
08:00:33,91282CKV2,TSRYS5823596,D,S,T,2024-06-11,1000000.00,4.631957,99.98046875
08:00:33,91282CKV2,TSRYS5823596,D,S,T,2024-06-11,1000000.00,4.631251,99.982421875
08:00:33,91282CKV2,TSRYS5823596,D,S,T,2024-06-11,1000000.00,4.631957,99.98046875
08:00:33,91282CKV2,TSRYS5823596,D,S,T,2024-06-11,1000000.00,4.632663,99.978515625
08:00:33,91282CKV2,TSRYS5823596,D,S,T,2024-06-11,1000000.00,4.636194,99.96875
08:00:33,91282CKV2,TSRYS5823596,D,S,T,2024-06-11,1000000.00,4.637606,99.96484375
08:00:33,91282CKV2,TSRYS5823596,D,S,T,2024-06-11,1000000.00,4.637606,99.96484375
08:00:33,91282CKV2,TSRYS5823596,D,S,T,2024-06-11,1000000.00,4.637606,99.96484375
08:00:33,91282CKV2,TSRYS5823596,D,S,T,2024-06-11,1000000.00,4.635488,99.970703125
08:00:33,91282CKV2,TSRYS5823596,D,S,T,2024-06-11,1000000.00,4.636194,99.96875
08:00:33,91282CKV2,TSRYS5823596,D,S,T,2024-06-11,2000000.00,4.636194,99.96875
08:00:33,91282CKV2,TSRYS5823596,D,S,T,2024-06-11,1000000.00,4.636194,99.96875
08:00:33,91282CKV2,TSRYS5823596,D,S,T,2024-06-11,1000000.00,4.636194,99.96875
08:00:33,91282CKV2,TSRYS5823596,D,S,T,2024-06-11,1000000.00,4.636194,99.96875
08:00:33,91282CKV2,TSRYS5823596,D,S,T,2024-06-11,1000000.00,4.634782,99.97265625
08:00:33,91282CKV2,TSRYS5823596,D,S,T,2024-06-11,1000000.00,4.631957,99.98046875
08:00:33,91282CKV2,TSRYS5823596,D,S,T,2024-06-11,1000000.00,4.631957,99.98046875
08:00:33,91282CKV2,TSRYS5823596,D,S,T,2024-06-11,1000000.00,4.631957,99.98046875
08:00:33,91282CKV2,TSRYS5823596,D,S,T,2024-06-11,1000000.00,4.631957,99.98046875
08:00:33,91282CKV2,TSRYS5823596,D,S,T,2024-06-11,1000000.00,4.631957,99.98046875
08:00:33,91282CKV2,TSRYS5823596,D,S,T,2024-06-11,1000000.00,4.631957,99.98046875
08:00:33,91282CKV2,TSRYS5823596,D,S,T,2024-06-11,1000000.00,4.631957,99.98046875
08:00:33,91282CKV2,TSRYS5823596,D,S,T,2024-06-11,1000000.00,4.631957,99.98046875
08:00:33,91282CKV2,TSRYS5823596,D,S,T,2024-06-11,1000000.00,4.631251,99.982421875
08:00:33,91282CKV2,TSRYS5823596,D,S,T,2024-06-11,1000000.00,4.631957,99.98046875
08:00:33,91282CKV2,TSRYS5823596,D,S,T,2024-06-11,1000000.00,4.631251,99.982421875
08:00:33,91282CKV2,TSRYS5823596,D,S,T,2024-06-11,1000000.00,4.633369,99.9765625
08:00:33,91282CKV2,TSRYS5823596,D,S,T,2024-06-11,1000000.00,4.633369,99.9765625
08:00:33,91282CKV2,TSRYS5823596,D,S,T,2024-06-11,1000000.00,4.633369,99.9765625
08:00:33,91282CKV2,TSRYS5823596,D,S,T,2024-06-11,1000000.00,4.634075,99.974609375
08:00:33,91282CKV2,TSRYS5823596,D,S,T,2024-06-11,1000000.00,4.634782,99.97265625
08:00:33,91282CKV2,TSRYS5823596,D,S,T,2024-06-11,1000000.00,4.634782,99.97265625
08:00:33,91282CKV2,TSRYS5823596,D,S,T,2024-06-11,1000000.00,4.634782,99.97265625
08:00:33,91282CKV2,TSRYS5823596,D,S,T,2024-06-11,1000000.00,4.633369,99.9765625
08:00:33,91282CKV2,TSRYS5823596,D,S,T,2024-06-11,1000000.00,4.634782,99.97265625
08:00:33,91282CKV2,TSRYS5823596,D,S,T,2024-06-11,1000000.00,4.633369,99.9765625
08:00:33,91282CKV2,TSRYS5823596,D,S,T,2024-06-11,1000000.00,4.633369,99.9765625
08:00:33,91282CKV2,TSRYS5823596,D,S,T,2024-06-11,1000000.00,4.631957,99.98046875
08:00:33,91282CKV2,TSRYS5823596,D,S,T,2024-06-11,1000000.00,4.631957,99.98046875
08:00:33,91282CKV2,TSRYS5823596,D,S,T,2024-06-11,1000000.00,4.629133,99.98828125
08:00:33,91282CKV2,TSRYS5823596,D,S,T,2024-06-11,1000000.00,4.634075,99.974609375
08:00:33,91282CKV2,TSRYS5823596,D,S,T,2024-06-11,1000000.00,4.631957,99.98046875
08:00:33,91282CKV2,TSRYS5823596,D,S,T,2024-06-11,1000000.00,4.632663,99.978515625
08:00:33,91282CKV2,TSRYS5823596,D,S,T,2024-06-11,1000000.00,4.630545,99.984375
08:00:33,91282CKV2,TSRYS5823596,D,S,T,2024-06-11,9000000.00,4.630545,99.984375
08:00:33,91282CKV2,TSRYS5823596,D,S,T,2024-06-11,1000000.00,4.630545,99.984375
08:00:33,91282CKV2,TSRYS5823596,D,S,T,2024-06-11,1000000.00,4.630545,99.984375
08:00:33,91282CKV2,TSRYS5823596,D,S,T,2024-06-11,1000000.00,4.626309,99.99609375
08:00:33,91282CKV2,TSRYS5823596,D,S,T,2024-06-11,1000000.00,4.627721,99.9921875
08:00:33,91282CKV2,TSRYS5823596,D,S,T,2024-06-11,1000000.00,4.622073,100.0078125
08:00:33,91282CKV2,TSRYS5823596,D,S,T,2024-06-11,1000000.00,4.620662,100.01171875
08:00:33,91282CKV2,TSRYS5823596,D,S,T,2024-06-11,1000000.00,4.61925,100.015625
08:00:33,91282CKV2,TSRYS5823596,D,S,T,2024-06-11,1000000.00,4.610076,100.041015625
08:00:33,91282CKV2,TSRYS5823596,D,S,T,2024-06-11,1000000.00,4.610782,100.0390625
08:00:33,91282CKV2,TSRYS5823596,D,S,T,2024-06-11,1000000.00,4.610782,100.0390625
08:00:33,91282CKV2,TSRYS5823596,D,S,T,2024-06-11,1000000.00,4.610782,100.0390625
08:00:33,91282CKV2,TSRYS5823596,D,S,T,2024-06-11,1000000.00,4.613605,100.03125
08:00:33,91282CKV2,TSRYS5823596,D,S,T,2024-06-11,1000000.00,4.612899,100.033203125
08:00:33,91282CKV2,TSRYS5823596,D,S,T,2024-06-11,1000000.00,4.612193,100.03515625
08:00:33,91282CKV2,TSRYS5823596,D,S,T,2024-06-11,1000000.00,4.613605,100.03125
08:00:33,91282CKV2,TSRYS5823596,D,S,T,2024-06-11,1000000.00,4.613605,100.03125
08:00:33,91282CKV2,TSRYS5823596,D,S,T,2024-06-11,1000000.00,4.613605,100.03125
08:00:33,91282CKV2,TSRYS5823596,D,S,T,2024-06-11,1000000.00,4.613605,100.03125
08:00:33,91282CKV2,TSRYS5823596,D,S,T,2024-06-11,1000000.00,4.613605,100.03125
08:00:33,91282CKV2,TSRYS5823596,D,S,T,2024-06-11,1000000.00,4.616427,100.0234375
08:00:33,91282CKV2,TSRYS5823596,D,S,T,2024-06-11,1000000.00,4.616427,100.0234375
08:00:33,91282CKV2,TSRYS5823596,D,S,T,2024-06-11,1000000.00,4.617133,100.021484375
08:00:33,91282CKV2,TSRYS5823596,D,S,T,2024-06-11,2000000.00,4.613605,100.03125
08:00:33,91282CKV2,TSRYS5823596,D,S,T,2024-06-11,1000000.00,4.613605,100.03125
08:00:33,91282CKV2,TSRYS5823596,D,S,T,2024-06-11,6000000.00,4.613605,100.03125
08:00:33,91282CKV2,TSRYS5823596,D,S,T,2024-06-11,1000000.00,4.610782,100.0390625
08:00:33,91282CKV2,TSRYS5823596,D,S,T,2024-06-11,1000000.00,4.609371,100.04296875
08:00:33,91282CKV2,TSRYS5823596,D,S,T,2024-06-11,1000000.00,4.609371,100.04296875
08:00:33,91282CKV2,TSRYS5823596,D,S,T,2024-06-11,1000000.00,4.609371,100.04296875
08:00:33,91282CKV2,TSRYS5823596,D,S,T,2024-06-11,1000000.00,4.609371,100.04296875
08:00:33,91282CKV2,TSRYS5823596,D,S,T,2024-06-11,1000000.00,4.610782,100.0390625
08:00:33,91282CKV2,TSRYS5823596,D,S,T,2024-06-11,1000000.00,4.609371,100.04296875
08:00:33,91282CKV2,TSRYS5823596,D,S,T,2024-06-11,1000000.00,4.60796,100.046875
08:00:33,91282CKV2,TSRYS5823596,D,S,T,2024-06-11,2000000.00,4.608665,100.044921875
08:00:33,91282CKV2,TSRYS5823596,D,S,T,2024-06-11,1000000.00,4.613605,100.03125
08:00:33,91282CKV2,TSRYS5823596,D,S,T,2024-06-11,1000000.00,4.615722,100.025390625
08:00:33,91282CKV2,TSRYS5823596,D,S,T,2024-06-11,1000000.00,4.609371,100.04296875
08:00:33,91282CKV2,TSRYS5823596,D,S,T,2024-06-11,1000000.00,4.609371,100.04296875
08:00:33,91282CKV2,TSRYS5823596,D,S,T,2024-06-11,1000000.00,4.604432,100.056640625
08:00:33,91282CKV2,TSRYS5823596,D,S,T,2024-06-11,1000000.00,4.603727,100.05859375
08:00:33,91282CKV2,TSRYS5823596,D,S,T,2024-06-11,1000000.00,4.600905,100.06640625
08:00:33,91282CKV2,TSRYS5823596,D,S,T,2024-06-11,1000000.00,4.600905,100.06640625
08:00:33,91282CKV2,TSRYS5823596,D,S,T,2024-06-11,1000000.00,4.597379,100.076171875
08:00:33,91282CKV2,TSRYS5823596,D,S,T,2024-06-11,1000000.00,4.599495,100.0703125
08:00:33,91282CKV2,TSRYS5823596,D,S,T,2024-06-11,1000000.00,4.599495,100.0703125
08:00:33,91282CKV2,TSRYS5823596,D,S,T,2024-06-11,1000000.00,4.596674,100.078125
08:00:33,91282CKV2,TSRYS5823596,D,S,T,2024-06-11,1000000.00,4.598084,100.07421875
08:00:33,91282CKV2,TSRYS5823596,D,S,T,2024-06-11,1000000.00,4.598084,100.07421875
08:00:33,91282CKV2,TSRYS5823596,D,S,T,2024-06-11,1000000.00,4.598084,100.07421875
08:00:33,91282CKV2,TSRYS5823596,D,S,T,2024-06-11,1000000.00,4.598084,100.07421875
08:00:33,91282CKV2,TSRYS5823596,D,S,T,2024-06-11,1000000.00,4.598084,100.07421875
08:00:33,91282CKV2,TSRYS5823596,D,S,T,2024-06-11,1000000.00,4.598789,100.072265625
08:00:33,91282CKV2,TSRYS5823596,D,S,T,2024-06-11,3000000.00,4.598789,100.072265625
08:00:33,91282CKV2,TSRYS5823596,D,S,T,2024-06-11,1000000.00,4.598789,100.072265625
08:00:33,91282CKV2,TSRYS5823596,D,S,T,2024-06-11,1000000.00,4.598789,100.072265625
08:00:33,91282CKV2,TSRYS5823596,D,S,T,2024-06-11,2000000.00,4.598789,100.072265625
08:00:33,91282CKV2,TSRYS5823596,D,S,T,2024-06-11,1000000.00,4.603727,100.05859375
08:00:33,91282CKV2,TSRYS5823596,D,S,T,2024-06-11,1000000.00,4.606549,100.05078125
08:00:33,91282CKV2,TSRYS5823596,D,S,T,2024-06-11,1000000.00,4.605843,100.052734375
08:00:33,91282CKV2,TSRYS5823596,D,S,T,2024-06-11,1000000.00,4.60796,100.046875
08:00:33,91282CKV2,TSRYS5823596,D,S,T,2024-06-11,2000000.00,4.605138,100.0546875
08:00:33,91282CKV2,TSRYS5823596,D,S,T,2024-06-11,2000000.00,4.60796,100.046875
08:00:33,91282CKV2,TSRYS5823596,D,S,T,2024-06-11,2000000.00,4.60796,100.046875
08:00:33,91282CKV2,TSRYS5823596,D,S,T,2024-06-11,2000000.00,4.60796,100.046875
08:00:33,91282CKV2,TSRYS5823596,D,S,T,2024-06-11,2000000.00,4.60796,100.046875
08:00:33,91282CKV2,TSRYS5823596,D,S,T,2024-06-11,2000000.00,4.60796,100.046875
08:00:33,91282CKV2,TSRYS5823596,D,S,T,2024-06-11,2000000.00,4.60796,100.046875
08:00:33,91282CKV2,TSRYS5823596,D,S,T,2024-06-11,1000000.00,4.60796,100.046875
08:00:33,91282CKV2,TSRYS5823596,D,S,T,2024-06-11,2000000.00,4.60796,100.046875
08:00:33,91282CKV2,TSRYS5823596,D,S,T,2024-06-11,2000000.00,4.60796,100.046875
08:00:33,91282CKV2,TSRYS5823596,D,S,T,2024-06-11,1000000.00,4.60796,100.046875
08:00:33,91282CKV2,TSRYS5823596,D,S,T,2024-06-11,2000000.00,4.609371,100.04296875
08:00:33,91282CKV2,TSRYS5823596,D,S,T,2024-06-11,1000000.00,4.609371,100.04296875
08:00:33,91282CKV2,TSRYS5823596,D,S,T,2024-06-11,1000000.00,4.609371,100.04296875
08:00:33,91282CKV2,TSRYS5823596,D,S,T,2024-06-11,1000000.00,4.610076,100.041015625
08:00:33,91282CKV2,TSRYS5823596,D,S,T,2024-06-11,2000000.00,4.609371,100.04296875
08:00:33,91282CKV2,TSRYS5823596,D,S,T,2024-06-11,1000000.00,4.612193,100.03515625
08:00:33,91282CKV2,TSRYS5823596,D,S,T,2024-06-11,1000000.00,4.610782,100.0390625
08:00:33,91282CKV2,TSRYS5823596,D,S,T,2024-06-11,1000000.00,4.610782,100.0390625
08:00:33,91282CKV2,TSRYS5823596,D,S,T,2024-06-11,1000000.00,4.610782,100.0390625
08:00:33,91282CKV2,TSRYS5823596,D,S,T,2024-06-11,1000000.00,4.610782,100.0390625
08:00:33,91282CKV2,TSRYS5823596,D,S,T,2024-06-11,1000000.00,4.610782,100.0390625
08:00:33,91282CKV2,TSRYS5823596,D,S,T,2024-06-11,1000000.00,4.610782,100.0390625
08:00:33,91282CKV2,TSRYS5823596,D,S,T,2024-06-11,1000000.00,4.610782,100.0390625
08:00:33,91282CKV2,TSRYS5823596,D,S,T,2024-06-11,1000000.00,4.610076,100.041015625
08:00:33,91282CKV2,TSRYS5823596,D,S,T,2024-06-11,1000000.00,4.610076,100.041015625
08:00:33,91282CKV2,TSRYS5823596,D,S,T,2024-06-11,1000000.00,4.610076,100.041015625
08:00:33,91282CKV2,TSRYS5823596,D,S,T,2024-06-11,1000000.00,4.610076,100.041015625
08:00:33,91282CKV2,TSRYS5823596,D,S,T,2024-06-11,2000000.00,4.609371,100.04296875
08:00:33,91282CKV2,TSRYS5823596,D,S,T,2024-06-11,4000000.00,4.609371,100.04296875
08:00:33,91282CKV2,TSRYS5823596,D,S,T,2024-06-11,2000000.00,4.60796,100.046875
08:00:33,91282CKV2,TSRYS5823596,D,S,T,2024-06-11,2000000.00,4.60796,100.046875
08:00:33,91282CKV2,TSRYS5823596,D,S,T,2024-06-11,1000000.00,4.607254,100.048828125
08:00:33,91282CKV2,TSRYS5823596,D,S,T,2024-06-11,3000000.00,4.60796,100.046875
08:00:33,91282CKV2,TSRYS5823596,D,S,T,2024-06-11,1000000.00,4.60796,100.046875
08:00:33,91282CKV2,TSRYS5823596,D,S,T,2024-06-11,1000000.00,4.606549,100.05078125
08:00:33,91282CKV2,TSRYS5823596,D,S,T,2024-06-11,1000000.00,4.606549,100.05078125
08:00:33,91282CKV2,TSRYS5823596,D,S,T,2024-06-11,2000000.00,4.606549,100.05078125
08:00:33,91282CKV2,TSRYS5823596,D,S,T,2024-06-11,1000000.00,4.602316,100.0625
08:00:33,91282CKV2,TSRYS5823596,D,S,T,2024-06-11,1000000.00,4.602316,100.0625
08:00:33,91282CKV2,TSRYS5823596,D,S,T,2024-06-11,1000000.00,4.602316,100.0625
08:00:33,91282CKV2,TSRYS5823596,D,S,T,2024-06-11,1000000.00,4.602316,100.0625
08:00:33,91282CKV2,TSRYS5823596,D,S,T,2024-06-11,1000000.00,4.602316,100.0625
08:00:33,91282CKV2,TSRYS5823596,D,S,T,2024-06-11,1000000.00,4.602316,100.0625
08:00:33,91282CKV2,TSRYS5823596,D,S,T,2024-06-11,1000000.00,4.602316,100.0625
08:00:33,91282CKV2,TSRYS5823596,D,S,T,2024-06-11,1000000.00,4.631957,99.98046875
08:00:33,91282CKV2,TSRYS5823596,D,S,T,2024-06-11,1000000.00,4.633369,99.9765625
08:00:33,91282CKV2,TSRYS5823596,D,S,T,2024-06-11,1000000.00,4.634782,99.97265625
08:00:33,91282CKV2,TSRYS5823596,D,S,T,2024-06-11,2000000.00,4.633369,99.9765625
08:00:33,91282CKV2,TSRYS5823596,D,S,T,2024-06-11,1000000.00,4.633369,99.9765625
08:00:33,91282CKV2,TSRYS5823596,D,S,D,2024-06-11,2000000.00,4.631957,99.98046875
08:00:33,91282CKV2,TSRYS5823596,D,S,T,2024-06-11,1000000.00,4.631957,99.98046875
08:00:33,91282CKV2,TSRYS5823596,D,S,T,2024-06-11,1000000.00,4.631957,99.98046875
08:00:37,91282CKV2,TSRYS5823596,D,S,T,2024-06-11,1000000.00,4.633369,99.9765625
08:00:37,91282CKV2,TSRYS5823596,D,S,T,2024-06-11,1000000.00,4.633369,99.9765625
08:00:37,91282CKV2,TSRYS5823596,D,S,T,2024-06-11,1000000.00,4.646082,99.94140625
08:00:37,91282CKV2,TSRYS5823596,D,S,T,2024-06-11,1000000.00,4.646082,99.94140625
08:00:37,91282CKV2,TSRYS5823596,D,S,T,2024-06-11,1000000.00,4.646082,99.94140625
08:00:37,91282CKV2,TSRYS5823596,D,S,T,2024-06-11,1000000.00,4.633369,99.9765625
08:00:37,91282CKV2,TSRYS5823596,D,S,T,2024-06-11,1000000.00,4.634782,99.97265625
08:00:37,91282CKV2,TSRYS5823596,D,S,T,2024-06-11,1000000.00,4.60796,100.046875
08:00:37,91282CKV2,TSRYS5823596,D,S,D,2024-06-11,500000.00,4.641844,99.953125
08:00:37,91282CKV2,TSRYS5823596,D,B,C,2024-06-11,128644000.00,4.633369,99.9765625
08:00:37,91282CKV2,TSRYS5823596,D,S,A,2024-06-11,1350000.00,4.634782,99.97265625
08:00:37,91282CKV2,TSRYS5823596,D,S,T,2024-06-11,1000000.00,4.646082,99.94140625
08:00:37,91282CKV2,TSRYS5823596,D,S,T,2024-06-11,1000000.00,4.646082,99.94140625
08:00:37,91282CKV2,TSRYS5823596,D,S,T,2024-06-11,4000000.00,4.646082,99.94140625
08:00:37,91282CKV2,TSRYS5823596,D,S,T,2024-06-11,1000000.00,4.646082,99.94140625
08:00:37,91282CKV2,TSRYS5823596,D,S,T,2024-06-11,5000000.00,4.646082,99.94140625
08:00:37,91282CKV2,TSRYS5823596,D,S,T,2024-06-11,4000000.00,4.646082,99.94140625
08:00:37,91282CKV2,TSRYS5823596,D,S,T,2024-06-11,1000000.00,4.646082,99.94140625
08:00:37,91282CKV2,TSRYS5823596,D,S,T,2024-06-11,5000000.00,4.646082,99.94140625
08:00:37,91282CKV2,TSRYS5823596,D,S,T,2024-06-11,4000000.00,4.646082,99.94140625
08:00:37,91282CKV2,TSRYS5823596,D,S,T,2024-06-11,2000000.00,4.646082,99.94140625
08:00:37,91282CKV2,TSRYS5823596,D,S,T,2024-06-11,1000000.00,4.646082,99.94140625
08:00:37,91282CKV2,TSRYS5823596,D,S,T,2024-06-11,1000000.00,4.646082,99.94140625
08:00:37,91282CKV2,TSRYS5823596,D,B,C,2024-06-11,7000000.00,4.640431,99.95703125
08:00:37,91282CKV2,TSRYS5823596,D,S,T,2024-06-11,1000000.00,4.646789,99.939453125
08:00:37,91282CKV2,TSRYS5823596,D,S,T,2024-06-11,2000000.00,4.635488,99.970703125
08:00:37,91282CKV2,TSRYS5823596,D,S,T,2024-06-11,2000000.00,4.631251,99.982421875
08:00:37,91282CKV2,TSRYS5823596,D,S,T,2024-06-11,1000000.00,4.634075,99.974609375
08:00:37,91282CKV2,TSRYS5823596,D,S,T,2024-06-11,1000000.00,4.630545,99.984375
08:00:37,91282CKV2,TSRYS5823596,D,S,T,2024-06-11,1000000.00,4.624897,100.0
08:00:37,91282CKV2,TSRYS5823596,D,S,T,2024-06-11,2000000.00,4.613605,100.03125
08:00:37,91282CKV2,TSRYS5823596,D,S,T,2024-06-11,1000000.00,4.598084,100.07421875
08:00:37,91282CKV2,TSRYS5823596,D,S,T,2024-06-11,1000000.00,4.605138,100.0546875
08:00:37,91282CKV2,TSRYS5823596,D,S,T,2024-06-11,1000000.00,4.610076,100.041015625
08:00:37,91282CKV2,TSRYS5823596,D,S,T,2024-06-11,1000000.00,4.60796,100.046875
08:00:37,91282CKV2,TSRYS5823596,D,S,T,2024-06-11,1000000.00,4.643257,99.94921875
08:00:37,91282CKV2,TSRYS5823596,D,S,T,2024-06-11,1000000.00,4.643257,99.94921875
08:00:37,91282CKV2,TSRYS5823596,D,S,T,2024-06-11,1000000.00,4.643257,99.94921875
08:00:37,91282CKV2,TSRYS5823596,D,S,T,2024-06-11,1000000.00,4.643257,99.94921875
08:00:37,91282CKV2,TSRYS5823596,D,S,T,2024-06-11,1000000.00,4.643257,99.94921875
08:00:37,91282CKV2,TSRYS5823596,D,S,T,2024-06-11,1000000.00,4.643257,99.94921875
08:00:37,91282CKV2,TSRYS5823596,D,S,T,2024-06-11,1000000.00,4.643257,99.94921875
08:00:37,91282CKV2,TSRYS5823596,D,S,T,2024-06-11,1000000.00,4.643257,99.94921875
08:00:37,91282CKV2,TSRYS5823596,D,S,T,2024-06-11,1000000.00,4.643257,99.94921875
08:00:37,91282CKV2,TSRYS5823596,D,S,T,2024-06-11,1000000.00,4.643257,99.94921875
08:00:37,91282CKV2,TSRYS5823596,D,S,D,2024-06-11,1000000.00,4.637606,99.96484375
08:00:37,91282CKV2,TSRYS5823596,D,S,T,2024-06-11,8000000.00,4.633369,99.9765625
08:00:37,91282CKV2,TSRYS5823596,D,S,D,2024-06-11,4000000.00,4.634782,99.97265625
08:00:37,91282CKV2,TSRYS5823596,D,S,T,2024-06-11,1000000.00,4.633369,99.9765625
08:00:37,91282CKV2,TSRYS5823596,D,S,T,2024-06-11,1000000.00,4.631957,99.98046875
08:00:37,91282CKV2,TSRYS5823596,D,S,T,2024-06-11,1000000.00,4.631957,99.98046875
08:00:37,91282CKV2,TSRYS5823596,D,S,T,2024-06-11,1000000.00,4.631957,99.98046875
08:00:37,91282CKV2,TSRYS5823596,D,S,T,2024-06-11,1000000.00,4.631957,99.98046875
08:00:37,91282CKV2,TSRYS5823596,D,S,T,2024-06-11,1000000.00,4.631957,99.98046875
08:00:37,91282CKV2,TSRYS5823596,D,S,T,2024-06-11,1000000.00,4.631957,99.98046875
08:00:37,91282CKV2,TSRYS5823596,D,S,T,2024-06-11,2000000.00,4.631957,99.98046875
08:00:37,91282CKV2,TSRYS5823596,D,S,T,2024-06-11,1000000.00,4.631957,99.98046875
08:00:37,91282CKV2,TSRYS5823596,D,S,T,2024-06-11,1000000.00,4.631957,99.98046875
08:00:37,91282CKV2,TSRYS5823596,D,S,T,2024-06-11,1000000.00,4.631957,99.98046875
08:00:37,91282CKV2,TSRYS5823596,D,S,T,2024-06-11,1000000.00,4.631251,99.982421875
08:00:37,91282CKV2,TSRYS5823596,D,S,T,2024-06-11,1000000.00,4.631251,99.982421875
08:00:37,91282CKV2,TSRYS5823596,D,S,T,2024-06-11,1000000.00,4.636194,99.96875
08:00:37,91282CKV2,TSRYS5823596,D,S,A,2024-06-11,2000000.00,4.633369,99.9765625
08:00:37,91282CKV2,TSRYS5823596,D,S,T,2024-06-11,1000000.00,4.612193,100.03515625
08:00:37,91282CKV2,TSRYS5823596,D,S,T,2024-06-11,1000000.00,4.613605,100.03125
08:00:37,91282CKV2,TSRYS5823596,D,S,A,2024-06-11,8000000.00,4.613605,100.03125
08:00:37,91282CKV2,TSRYS5823596,D,S,A,2024-06-11,6000000.00,4.613605,100.03125
08:00:37,91282CKV2,TSRYS5823596,D,S,A,2024-06-11,1000000.00,4.613605,100.03125
08:00:37,91282CKV2,TSRYS5823596,D,S,T,2024-06-11,1000000.00,4.613605,100.03125
08:00:37,91282CKV2,TSRYS5823596,D,S,D,2024-06-11,1000000.00,4.609371,100.04296875
08:00:37,91282CKV2,TSRYS5823596,D,S,C,2024-06-11,700000.00,4.610782,100.0390625
08:00:37,91282CKV2,TSRYS5823596,D,S,T,2024-06-11,1000000.00,4.598084,100.07421875
08:00:37,91282CKV2,TSRYS5823596,D,S,T,2024-06-11,1000000.00,4.598084,100.07421875
08:00:37,91282CKV2,TSRYS5823596,D,S,T,2024-06-11,1000000.00,4.598084,100.07421875
08:00:37,91282CKV2,TSRYS5823596,D,S,T,2024-06-11,1000000.00,4.609371,100.04296875
08:00:37,91282CKV2,TSRYS5823596,D,S,T,2024-06-11,1000000.00,4.609371,100.04296875
08:00:37,91282CKV2,TSRYS5823596,D,S,T,2024-06-11,1000000.00,4.605138,100.0546875
08:00:37,91282CKV2,TSRYS5823596,D,S,D,2024-06-11,1000000.00,4.629839,99.986328125
08:00:37,91282CKV2,TSRYS5823596,D,S,D,2024-06-11,1000000.00,4.629839,99.986328125
08:00:37,91282CKV2,TSRYS5823596,D,S,D,2024-06-11,1000000.00,4.629839,99.986328125
08:00:37,91282CKV2,TSRYS5823596,D,S,T,2024-06-11,1000000.00,4.631957,99.98046875
08:00:37,91282CKV2,TSRYS5823596,D,S,T,2024-06-11,5000000.00,4.631957,99.98046875
08:00:37,91282CKV2,TSRYS5823596,D,S,D,2024-06-11,1000000.00,4.631957,99.98046875
08:00:37,91282CKV2,TSRYS5823596,D,S,D,2024-06-11,1000000.00,4.631957,99.98046875
08:00:37,91282CKV2,TSRYS5823596,D,S,D,2024-06-11,1000000.00,4.631957,99.98046875
08:00:37,91282CKV2,TSRYS5823596,D,S,D,2024-06-11,1000000.00,4.631957,99.98046875
08:00:37,91282CKV2,TSRYS5823596,D,S,D,2024-06-11,1000000.00,4.631957,99.98046875
08:00:37,91282CKV2,TSRYS5823596,D,S,D,2024-06-11,1000000.00,4.631957,99.98046875
08:00:38,91282CKV2,TSRYS5823596,D,S,D,2024-06-11,1000000.00,4.626309,99.99609375
08:00:39,91282CKV2,TSRYS5823596,D,S,T,2024-06-11,1000000.00,4.634782,99.97265625
08:00:39,91282CKV2,TSRYS5823596,D,S,T,2024-06-11,4000000.00,4.631957,99.98046875
08:00:39,91282CKV2,TSRYS5823596,D,S,D,2024-06-11,1000000.00,4.626309,99.99609375
08:00:39,91282CKV2,TSRYS5823596,D,S,D,2024-06-11,1000000.00,4.626309,99.99609375
08:00:39,91282CKV2,TSRYS5823596,D,S,D,2024-06-11,1000000.00,4.626309,99.99609375
08:00:39,91282CKV2,TSRYS5823596,D,S,D,2024-06-11,1000000.00,4.624897,100.0
08:00:39,91282CKV2,TSRYS5823596,D,S,T,2024-06-11,2000000.00,4.634782,99.97265625
08:00:40,91282CKV2,TSRYS5823596,D,S,T,2024-06-11,1000000.00,4.634782,99.97265625
08:00:40,91282CKV2,TSRYS5823596,D,S,T,2024-06-11,1000000.00,4.631957,99.98046875
08:00:40,91282CKV2,TSRYS5823596,D,S,T,2024-06-11,4000000.00,4.631957,99.98046875
08:00:43,91282CKV2,TSRYS5823596,D,S,T,2024-06-11,12000000.00,4.631957,99.98046875
08:00:44,91282CKV2,TSRYS5823596,D,S,C,2024-06-11,2000000.00,4.631957,99.98046875
08:00:44,91282CKV2,TSRYS5823596,D,S,D,2024-06-11,1000000.00,4.60796,100.046875
08:00:44,91282CKV2,TSRYS5823596,D,S,D,2024-06-11,1000000.00,4.60796,100.046875
08:00:47,91282CKV2,TSRYS5823596,D,S,D,2024-06-11,1000000.00,4.609371,100.04296875
08:00:47,91282CKV2,TSRYS5823596,D,S,D,2024-06-11,1000000.00,4.631957,99.98046875
08:00:47,91282CKV2,TSRYS5823596,D,S,T,2024-06-11,2000000.00,4.631957,99.98046875
08:00:47,91282CKV2,TSRYS5823596,D,S,T,2024-06-11,4000000.00,4.631957,99.98046875
08:00:47,91282CKV2,TSRYS5823596,D,S,T,2024-06-11,1000000.00,4.631957,99.98046875
08:00:47,91282CKV2,TSRYS5823596,D,S,T,2024-06-11,1000000.00,4.631957,99.98046875
08:00:47,91282CKV2,TSRYS5823596,D,S,T,2024-06-11,1000000.00,4.631957,99.98046875
08:00:47,91282CKV2,TSRYS5823596,D,S,T,2024-06-11,1000000.00,4.631957,99.98046875
08:00:47,91282CKV2,TSRYS5823596,D,S,T,2024-06-11,1000000.00,4.631957,99.98046875
08:00:47,91282CKV2,TSRYS5823596,D,S,T,2024-06-11,1000000.00,4.631957,99.98046875
08:00:47,91282CKV2,TSRYS5823596,D,S,T,2024-06-11,2000000.00,4.631957,99.98046875
08:00:47,91282CKV2,TSRYS5823596,D,S,T,2024-06-11,1000000.00,4.60796,100.046875
08:00:47,91282CKV2,TSRYS5823596,D,S,T,2024-06-11,1000000.00,4.60796,100.046875
08:00:48,91282CKV2,TSRYS5823596,D,B,C,2024-06-11,5000000.00,4.610782,100.0390625
08:00:49,91282CKV2,TSRYS5823596,D,S,D,2024-06-11,2000000.00,4.60796,100.046875
08:00:49,91282CKV2,TSRYS5823596,D,S,D,2024-06-11,2000000.00,4.610076,100.041015625
08:00:49,91282CKV2,TSRYS5823596,D,S,T,2024-06-11,97550000.00,4.67011,99.875
08:00:49,91282CKV2,TSRYS5823596,D,S,T,2024-06-11,87800000.00,4.67011,99.875
08:00:49,91282CKV2,TSRYS5823596,D,B,A,2024-06-11,3000000.00,4.630545,99.984375
08:00:49,91282CKV2,TSRYS5823596,D,S,T,2024-06-11,4000000.00,4.631957,99.98046875
08:00:49,91282CKV2,TSRYS5823596,D,S,D,2024-06-11,5000000.00,4.610782,100.0390625
08:00:50,91282CKV2,TSRYS5823596,D,S,T,2024-06-11,2000000.00,4.60796,100.046875
08:00:50,91282CKV2,TSRYS5823596,D,S,T,2024-06-11,2000000.00,4.60796,100.046875
08:00:50,91282CKV2,TSRYS5823596,D,S,T,2024-06-11,1000000.00,4.631957,99.98046875
08:00:50,91282CKV2,TSRYS5823596,D,S,T,2024-06-11,1000000.00,4.631957,99.98046875
08:00:50,91282CKV2,TSRYS5823596,D,S,T,2024-06-11,1000000.00,4.631957,99.98046875
08:00:50,91282CKV2,TSRYS5823596,D,S,T,2024-06-11,1000000.00,4.631957,99.98046875
08:00:50,91282CKV2,TSRYS5823596,D,S,T,2024-06-11,1000000.00,4.631957,99.98046875
08:00:50,91282CKV2,TSRYS5823596,D,S,T,2024-06-11,2000000.00,4.631957,99.98046875
08:00:50,91282CKV2,TSRYS5823596,D,S,T,2024-06-11,1000000.00,4.631957,99.98046875
08:00:50,91282CKV2,TSRYS5823596,D,S,T,2024-06-11,1000000.00,4.631957,99.98046875
08:00:50,91282CKV2,TSRYS5823596,D,S,T,2024-06-11,1000000.00,4.631957,99.98046875
08:00:50,91282CKV2,TSRYS5823596,D,B,C,2024-06-11,180600000.00,4.67011,99.875
08:00:51,91282CKV2,TSRYS5823596,D,S,T,2024-06-11,2000000.00,4.60796,100.046875
08:00:51,91282CKV2,TSRYS5823596,D,B,A,2024-06-11,250MM+,4.634782,99.97265625
08:00:51,91282CKV2,TSRYS5823596,D,S,D,2024-06-11,2000000.00,4.60796,100.046875
08:00:52,91282CKV2,TSRYS5823596,D,S,T,2024-06-11,9750000.00,4.67011,99.875
08:00:53,91282CKV2,TSRYS5823596,D,S,D,2024-06-11,2000000.00,4.612193,100.03515625
08:00:53,91282CKV2,TSRYS5823596,D,S,D,2024-06-11,2000000.00,4.612193,100.03515625
08:00:53,91282CKV2,TSRYS5823596,D,B,A,2024-06-11,3000000.00,4.629133,99.98828125
08:00:53,91282CKV2,TSRYS5823596,D,S,T,2024-06-11,10000000.00,4.60796,100.046875
08:00:54,91282CKV2,TSRYS5823596,D,S,T,2024-06-11,5000000.00,4.60796,100.046875
08:00:54,91282CKV2,TSRYS5823596,D,S,D,2024-06-11,1000000.00,4.610782,100.0390625
08:00:54,91282CKV2,TSRYS5823596,D,S,D,2024-06-11,1000000.00,4.610782,100.0390625
08:00:54,91282CKV2,TSRYS5823596,D,S,D,2024-06-11,2000000.00,4.610076,100.041015625
08:00:54,91282CKV2,TSRYS5823596,D,S,T,2024-06-11,1000000.00,4.612899,100.033203125
08:00:54,91282CKV2,TSRYS5823596,D,S,D,2024-06-11,1000000.00,4.611488,100.037109375
08:00:54,91282CKV2,TSRYS5823596,D,S,D,2024-06-11,1000000.00,4.611488,100.037109375
08:00:55,91282CKV2,TSRYS5823596,D,S,A,2024-06-11,9000000.00,4.631957,99.98046875
08:00:55,91282CKV2,TSRYS5823596,D,S,D,2024-06-11,1000000.00,4.610076,100.041015625
08:00:55,91282CKV2,TSRYS5823596,D,S,D,2024-06-11,1000000.00,4.609371,100.04296875
08:00:56,91282CKV2,TSRYS5823596,D,S,A,2024-06-11,700000.00,4.610782,100.0390625
08:00:56,91282CKV2,TSRYS5823596,D,S,D,2024-06-11,5000000.00,4.610782,100.0390625
08:00:56,91282CKV2,TSRYS5823596,D,S,T,2024-06-11,1000000.00,4.637606,99.96484375
08:00:56,91282CKV2,TSRYS5823596,D,S,T,2024-06-11,1000000.00,4.637606,99.96484375
08:00:56,91282CKV2,TSRYS5823596,D,S,T,2024-06-11,1000000.00,4.638313,99.962890625
08:00:56,91282CKV2,TSRYS5823596,D,S,T,2024-06-11,1000000.00,4.637606,99.96484375
08:00:56,91282CKV2,TSRYS5823596,D,S,T,2024-06-11,1000000.00,4.637606,99.96484375
08:00:56,91282CKV2,TSRYS5823596,D,S,T,2024-06-11,1000000.00,4.637606,99.96484375
08:00:56,91282CKV2,TSRYS5823596,D,S,T,2024-06-11,1000000.00,4.637606,99.96484375
08:00:56,91282CKV2,TSRYS5823596,D,S,T,2024-06-11,1000000.00,4.637606,99.96484375
08:00:56,91282CKV2,TSRYS5823596,D,S,T,2024-06-11,2000000.00,4.638313,99.962890625
08:00:56,91282CKV2,TSRYS5823596,D,S,T,2024-06-11,1000000.00,4.638313,99.962890625
08:00:56,91282CKV2,TSRYS5823596,D,S,T,2024-06-11,1000000.00,4.638313,99.962890625
08:00:56,91282CKV2,TSRYS5823596,D,S,T,2024-06-11,3000000.00,4.638313,99.962890625
08:00:56,91282CKV2,TSRYS5823596,D,S,T,2024-06-11,1000000.00,4.638313,99.962890625
08:00:56,91282CKV2,TSRYS5823596,D,S,T,2024-06-11,1000000.00,4.638313,99.962890625
08:00:56,91282CKV2,TSRYS5823596,D,S,T,2024-06-11,3000000.00,4.638313,99.962890625
08:00:56,91282CKV2,TSRYS5823596,D,S,T,2024-06-11,1000000.00,4.638313,99.962890625
08:00:57,91282CKV2,TSRYS5823596,D,S,T,2024-06-11,2000000.00,4.637643,99.96474175
08:00:57,91282CKV2,TSRYS5823596,D,S,T,2024-06-11,1000000.00,4.637643,99.96474175
08:00:57,91282CKV2,TSRYS5823596,D,S,T,2024-06-11,1000000.00,4.638313,99.962890625
08:00:57,91282CKV2,TSRYS5823596,D,S,T,2024-06-11,1000000.00,4.638313,99.962890625
08:00:57,91282CKV2,TSRYS5823596,D,S,T,2024-06-11,1000000.00,4.638313,99.962890625
08:00:57,91282CKV2,TSRYS5823596,D,S,T,2024-06-11,1000000.00,4.638313,99.962890625
08:00:57,91282CKV2,TSRYS5823596,D,S,T,2024-06-11,1000000.00,4.638313,99.962890625
08:00:57,91282CKV2,TSRYS5823596,D,S,T,2024-06-11,1000000.00,4.638313,99.962890625
08:00:57,91282CKV2,TSRYS5823596,D,S,D,2024-06-11,2000000.00,4.605138,100.0546875
08:00:57,91282CKV2,TSRYS5823596,D,S,T,2024-06-11,1000000.00,4.638313,99.962890625
08:00:57,91282CKV2,TSRYS5823596,D,S,D,2024-06-11,1000000.00,4.605138,100.0546875
08:00:57,91282CKV2,TSRYS5823596,D,S,T,2024-06-11,1000000.00,4.638313,99.962890625
08:00:57,91282CKV2,TSRYS5823596,D,S,T,2024-06-11,1000000.00,4.638313,99.962890625
08:00:57,91282CKV2,TSRYS5823596,D,S,T,2024-06-11,1000000.00,4.638313,99.962890625
08:00:57,91282CKV2,TSRYS5823596,D,S,T,2024-06-11,1000000.00,4.638313,99.962890625
08:00:57,91282CKV2,TSRYS5823596,D,S,D,2024-06-11,2000000.00,4.605138,100.0546875
08:00:57,91282CKV2,TSRYS5823596,D,S,T,2024-06-11,1000000.00,4.638313,99.962890625
08:00:57,91282CKV2,TSRYS5823596,D,S,T,2024-06-11,1000000.00,4.638313,99.962890625
08:00:57,91282CKV2,TSRYS5823596,D,S,T,2024-06-11,1000000.00,4.638313,99.962890625
08:00:57,91282CKV2,TSRYS5823596,D,S,T,2024-06-11,1000000.00,4.638313,99.962890625
08:00:57,91282CKV2,TSRYS5823596,D,S,T,2024-06-11,1000000.00,4.638313,99.962890625
08:00:57,91282CKV2,TSRYS5823596,D,S,T,2024-06-11,1000000.00,4.638313,99.962890625
08:00:57,91282CKV2,TSRYS5823596,D,S,T,2024-06-11,1000000.00,4.638313,99.962890625
08:00:57,91282CKV2,TSRYS5823596,D,S,T,2024-06-11,1000000.00,4.638313,99.962890625
08:00:57,91282CKV2,TSRYS5823596,D,S,T,2024-06-11,1000000.00,4.60796,100.046875
08:00:57,91282CKV2,TSRYS5823596,D,S,T,2024-06-11,1000000.00,4.638313,99.962890625
08:00:57,91282CKV2,TSRYS5823596,D,S,T,2024-06-11,2000000.00,4.638313,99.962890625
08:00:57,91282CKV2,TSRYS5823596,D,S,T,2024-06-11,1000000.00,4.638313,99.962890625
08:00:57,91282CKV2,TSRYS5823596,D,S,T,2024-06-11,1000000.00,4.638313,99.962890625
08:00:57,91282CKV2,TSRYS5823596,D,S,T,2024-06-11,1000000.00,4.638313,99.962890625
08:00:57,91282CKV2,TSRYS5823596,D,S,T,2024-06-11,1000000.00,4.638313,99.962890625
08:00:57,91282CKV2,TSRYS5823596,D,S,T,2024-06-11,1000000.00,4.638313,99.962890625
08:00:57,91282CKV2,TSRYS5823596,D,S,T,2024-06-11,1000000.00,4.638313,99.962890625
08:00:57,91282CKV2,TSRYS5823596,D,S,T,2024-06-11,2000000.00,4.638313,99.962890625
08:00:57,91282CKV2,TSRYS5823596,D,S,T,2024-06-11,1000000.00,4.638313,99.962890625
08:00:57,91282CKV2,TSRYS5823596,D,S,T,2024-06-11,1000000.00,4.638313,99.962890625
08:00:57,91282CKV2,TSRYS5823596,D,S,T,2024-06-11,1000000.00,4.638313,99.962890625
08:00:57,91282CKV2,TSRYS5823596,D,S,T,2024-06-11,1000000.00,4.638313,99.962890625
08:00:57,91282CKV2,TSRYS5823596,D,S,T,2024-06-11,1000000.00,4.638313,99.962890625
08:00:57,91282CKV2,TSRYS5823596,D,S,T,2024-06-11,1000000.00,4.638313,99.962890625
08:00:57,91282CKV2,TSRYS5823596,D,S,T,2024-06-11,1000000.00,4.638313,99.962890625
08:00:57,91282CKV2,TSRYS5823596,D,S,T,2024-06-11,1000000.00,4.638313,99.962890625
08:00:57,91282CKV2,TSRYS5823596,D,S,T,2024-06-11,1000000.00,4.638313,99.962890625
08:00:57,91282CKV2,TSRYS5823596,D,S,T,2024-06-11,1000000.00,4.638313,99.962890625
08:00:57,91282CKV2,TSRYS5823596,D,S,T,2024-06-11,1000000.00,4.638313,99.962890625
08:00:57,91282CKV2,TSRYS5823596,D,S,T,2024-06-11,1000000.00,4.638313,99.962890625
08:00:57,91282CKV2,TSRYS5823596,D,S,T,2024-06-11,1000000.00,4.638313,99.962890625
08:00:57,91282CKV2,TSRYS5823596,D,S,T,2024-06-11,1000000.00,4.638313,99.962890625
08:00:57,91282CKV2,TSRYS5823596,D,S,T,2024-06-11,1000000.00,4.638313,99.962890625
08:00:57,91282CKV2,TSRYS5823596,D,S,T,2024-06-11,1000000.00,4.638313,99.962890625
08:00:57,91282CKV2,TSRYS5823596,D,S,T,2024-06-11,1000000.00,4.638313,99.962890625
08:00:57,91282CKV2,TSRYS5823596,D,S,T,2024-06-11,1000000.00,4.639019,99.9609375
08:00:57,91282CKV2,TSRYS5823596,D,S,T,2024-06-11,1000000.00,4.639019,99.9609375
08:00:57,91282CKV2,TSRYS5823596,D,S,T,2024-06-11,2000000.00,4.639019,99.9609375
08:00:57,91282CKV2,TSRYS5823596,D,S,T,2024-06-11,1000000.00,4.639019,99.9609375
08:00:57,91282CKV2,TSRYS5823596,D,S,T,2024-06-11,1000000.00,4.639019,99.9609375
08:00:57,91282CKV2,TSRYS5823596,D,S,T,2024-06-11,1000000.00,4.639019,99.9609375
08:00:57,91282CKV2,TSRYS5823596,D,S,T,2024-06-11,1000000.00,4.639019,99.9609375
08:00:57,91282CKV2,TSRYS5823596,D,S,T,2024-06-11,1000000.00,4.639056,99.9608355
08:00:57,91282CKV2,TSRYS5823596,D,S,T,2024-06-11,1000000.00,4.639056,99.9608355
08:00:57,91282CKV2,TSRYS5823596,D,S,T,2024-06-11,1000000.00,4.639056,99.9608355
08:00:57,91282CKV2,TSRYS5823596,D,S,T,2024-06-11,1000000.00,4.639056,99.9608355
08:00:57,91282CKV2,TSRYS5823596,D,S,T,2024-06-11,2000000.00,4.639056,99.9608355
08:00:58,91282CKV2,TSRYS5823596,D,S,T,2024-06-11,1000000.00,4.639056,99.9608355
08:00:58,91282CKV2,TSRYS5823596,D,S,T,2024-06-11,1000000.00,4.639056,99.9608355
08:00:58,91282CKV2,TSRYS5823596,D,S,T,2024-06-11,1000000.00,4.639056,99.9608355
08:00:58,91282CKV2,TSRYS5823596,D,S,T,2024-06-11,1000000.00,4.639056,99.9608355
08:00:58,91282CKV2,TSRYS5823596,D,S,T,2024-06-11,1000000.00,4.639056,99.9608355
08:00:58,91282CKV2,TSRYS5823596,D,S,T,2024-06-11,1000000.00,4.639056,99.9608355
08:00:58,91282CKV2,TSRYS5823596,D,S,T,2024-06-11,1000000.00,4.639056,99.9608355
08:00:58,91282CKV2,TSRYS5823596,D,S,T,2024-06-11,7000000.00,4.640431,99.95703125
08:00:58,91282CKV2,TSRYS5823596,D,S,T,2024-06-11,4000000.00,4.640468,99.95692925
08:00:58,91282CKV2,TSRYS5823596,D,S,T,2024-06-11,1000000.00,4.640468,99.95692925
08:00:58,91282CKV2,TSRYS5823596,D,S,T,2024-06-11,1000000.00,4.640468,99.95692925
08:00:58,91282CKV2,TSRYS5823596,D,S,T,2024-06-11,1000000.00,4.640468,99.95692925
08:00:58,91282CKV2,TSRYS5823596,D,S,T,2024-06-11,1000000.00,4.640468,99.95692925
08:00:58,91282CKV2,TSRYS5823596,D,S,T,2024-06-11,1000000.00,4.640468,99.95692925
08:00:58,91282CKV2,TSRYS5823596,D,S,T,2024-06-11,1000000.00,4.640468,99.95692925
08:00:58,91282CKV2,TSRYS5823596,D,S,T,2024-06-11,1000000.00,4.640468,99.95692925
08:00:58,91282CKV2,TSRYS5823596,D,S,T,2024-06-11,1000000.00,4.640468,99.95692925
08:00:58,91282CKV2,TSRYS5823596,D,S,T,2024-06-11,1000000.00,4.640468,99.95692925
08:00:58,91282CKV2,TSRYS5823596,D,S,T,2024-06-11,1000000.00,4.640468,99.95692925
08:00:58,91282CKV2,TSRYS5823596,D,S,T,2024-06-11,1000000.00,4.640468,99.95692925
08:00:58,91282CKV2,TSRYS5823596,D,S,T,2024-06-11,1000000.00,4.640468,99.95692925
08:00:58,91282CKV2,TSRYS5823596,D,S,T,2024-06-11,1000000.00,4.640468,99.95692925
08:00:58,91282CKV2,TSRYS5823596,D,S,T,2024-06-11,1000000.00,4.640468,99.95692925
08:00:58,91282CKV2,TSRYS5823596,D,S,T,2024-06-11,1000000.00,4.640468,99.95692925
08:00:58,91282CKV2,TSRYS5823596,D,S,T,2024-06-11,1000000.00,4.640468,99.95692925
08:00:58,91282CKV2,TSRYS5823596,D,S,T,2024-06-11,1000000.00,4.640468,99.95692925
08:00:58,91282CKV2,TSRYS5823596,D,S,T,2024-06-11,1000000.00,4.640468,99.95692925
08:00:58,91282CKV2,TSRYS5823596,D,S,T,2024-06-11,1000000.00,4.640468,99.95692925
08:00:58,91282CKV2,TSRYS5823596,D,S,T,2024-06-11,1000000.00,4.640468,99.95692925
08:00:58,91282CKV2,TSRYS5823596,D,S,T,2024-06-11,1000000.00,4.640431,99.95703125
08:00:58,91282CKV2,TSRYS5823596,D,S,T,2024-06-11,2000000.00,4.640431,99.95703125
08:00:58,91282CKV2,TSRYS5823596,D,S,T,2024-06-11,1000000.00,4.640431,99.95703125
08:00:58,91282CKV2,TSRYS5823596,D,S,T,2024-06-11,1000000.00,4.640468,99.95692925
08:00:58,91282CKV2,TSRYS5823596,D,S,T,2024-06-11,7000000.00,4.640468,99.95692925
08:00:58,91282CKV2,TSRYS5823596,D,S,T,2024-06-11,1000000.00,4.640468,99.95692925
08:00:58,91282CKV2,TSRYS5823596,D,S,T,2024-06-11,10000000.00,4.640468,99.95692925
08:00:58,91282CKV2,TSRYS5823596,D,S,T,2024-06-11,2000000.00,4.641138,99.955078125
08:00:58,91282CKV2,TSRYS5823596,D,S,T,2024-06-11,1000000.00,4.60796,100.046875
08:00:58,91282CKV2,TSRYS5823596,D,S,T,2024-06-11,1000000.00,4.641844,99.953125
08:00:58,91282CKV2,TSRYS5823596,D,S,T,2024-06-11,1000000.00,4.641844,99.953125
08:00:58,91282CKV2,TSRYS5823596,D,S,T,2024-06-11,2000000.00,4.641844,99.953125
08:00:58,91282CKV2,TSRYS5823596,D,S,T,2024-06-11,1000000.00,4.641844,99.953125
08:00:58,91282CKV2,TSRYS5823596,D,S,T,2024-06-11,1000000.00,4.641844,99.953125
08:00:58,91282CKV2,TSRYS5823596,D,S,A,2024-06-11,227100000.00,4.67011,99.875
08:00:58,91282CKV2,TSRYS5823596,D,S,T,2024-06-11,1000000.00,4.641844,99.953125
08:00:58,91282CKV2,TSRYS5823596,D,S,T,2024-06-11,1000000.00,4.641844,99.953125
08:00:58,91282CKV2,TSRYS5823596,D,S,T,2024-06-11,1000000.00,4.641881,99.953023
08:00:58,91282CKV2,TSRYS5823596,D,S,T,2024-06-11,1000000.00,4.641881,99.953023
08:00:58,91282CKV2,TSRYS5823596,D,S,T,2024-06-11,6000000.00,4.641881,99.953023
08:00:58,91282CKV2,TSRYS5823596,D,S,T,2024-06-11,1000000.00,4.641881,99.953023
08:00:58,91282CKV2,TSRYS5823596,D,S,T,2024-06-11,1000000.00,4.641881,99.953023
08:00:58,91282CKV2,TSRYS5823596,D,S,T,2024-06-11,12000000.00,4.641881,99.953023
08:00:58,91282CKV2,TSRYS5823596,D,S,T,2024-06-11,3000000.00,4.641881,99.953023
08:00:58,91282CKV2,TSRYS5823596,D,S,T,2024-06-11,1000000.00,4.641881,99.953023
08:00:58,91282CKV2,TSRYS5823596,D,S,T,2024-06-11,1000000.00,4.641881,99.953023
08:00:58,91282CKV2,TSRYS5823596,D,S,T,2024-06-11,1000000.00,4.641881,99.953023
08:00:58,91282CKV2,TSRYS5823596,D,S,T,2024-06-11,1000000.00,4.641881,99.953023
08:00:58,91282CKV2,TSRYS5823596,D,S,T,2024-06-11,7000000.00,4.641881,99.953023
08:00:58,91282CKV2,TSRYS5823596,D,S,T,2024-06-11,1000000.00,4.641881,99.953023
08:00:58,91282CKV2,TSRYS5823596,D,S,T,2024-06-11,1000000.00,4.641881,99.953023
08:00:58,91282CKV2,TSRYS5823596,D,S,T,2024-06-11,1000000.00,4.641881,99.953023
08:00:58,91282CKV2,TSRYS5823596,D,S,T,2024-06-11,5000000.00,4.60796,100.046875
08:00:58,91282CKV2,TSRYS5823596,D,S,T,2024-06-11,1000000.00,4.641881,99.953023
08:00:59,91282CKV2,TSRYS5823596,D,S,T,2024-06-11,1000000.00,4.641881,99.953023
08:00:59,91282CKV2,TSRYS5823596,D,S,T,2024-06-11,1000000.00,4.641881,99.953023
08:00:59,91282CKV2,TSRYS5823596,D,S,T,2024-06-11,1000000.00,4.598084,100.07421875
08:00:59,91282CKV2,TSRYS5823596,D,S,T,2024-06-11,1000000.00,4.598084,100.07421875
08:00:59,91282CKV2,TSRYS5823596,D,S,T,2024-06-11,6000000.00,4.60729,100.048728125
08:00:59,91282CKV2,TSRYS5823596,D,S,T,2024-06-11,1000000.00,4.641881,99.953023
08:00:59,91282CKV2,TSRYS5823596,D,S,T,2024-06-11,1000000.00,4.641881,99.953023
08:00:59,91282CKV2,TSRYS5823596,D,S,T,2024-06-11,1000000.00,4.641881,99.953023
08:00:59,91282CKV2,TSRYS5823596,D,S,T,2024-06-11,2000000.00,4.641881,99.953023
08:00:59,91282CKV2,TSRYS5823596,D,S,T,2024-06-11,5000000.00,4.64255,99.951171875
08:00:59,91282CKV2,TSRYS5823596,D,S,T,2024-06-11,2000000.00,4.64255,99.951171875
08:00:59,91282CKV2,TSRYS5823596,D,S,T,2024-06-11,1000000.00,4.64255,99.951171875
08:00:59,91282CKV2,TSRYS5823596,D,S,T,2024-06-11,1000000.00,4.64255,99.951171875
08:00:59,91282CKV2,TSRYS5823596,D,S,T,2024-06-11,1000000.00,4.643963,99.947265625
08:00:59,91282CKV2,TSRYS5823596,D,S,T,2024-06-11,1000000.00,4.644669,99.9453125
08:00:59,91282CKV2,TSRYS5823596,D,S,T,2024-06-11,1000000.00,4.644669,99.9453125
08:00:59,91282CKV2,TSRYS5823596,D,S,T,2024-06-11,1000000.00,4.644669,99.9453125
08:00:59,91282CKV2,TSRYS5823596,D,S,T,2024-06-11,2000000.00,4.644669,99.9453125
08:00:59,91282CKV2,TSRYS5823596,D,S,T,2024-06-11,1000000.00,4.644669,99.9453125
08:00:59,91282CKV2,TSRYS5823596,D,S,T,2024-06-11,1000000.00,4.644669,99.9453125
08:00:59,91282CKV2,TSRYS5823596,D,S,T,2024-06-11,1000000.00,4.644669,99.9453125
08:00:59,91282CKV2,TSRYS5823596,D,S,T,2024-06-11,1000000.00,4.644669,99.9453125
08:00:59,91282CKV2,TSRYS5823596,D,S,T,2024-06-11,4000000.00,4.644706,99.9452105
08:00:59,91282CKV2,TSRYS5823596,D,S,T,2024-06-11,1000000.00,4.644706,99.9452105
08:00:59,91282CKV2,TSRYS5823596,D,S,T,2024-06-11,1000000.00,4.644706,99.9452105
08:00:59,91282CKV2,TSRYS5823596,D,S,T,2024-06-11,1000000.00,4.644706,99.9452105
08:00:59,91282CKV2,TSRYS5823596,D,S,T,2024-06-11,1000000.00,4.644706,99.9452105
08:00:59,91282CKV2,TSRYS5823596,D,S,T,2024-06-11,1000000.00,4.644706,99.9452105
08:00:59,91282CKV2,TSRYS5823596,D,S,T,2024-06-11,1000000.00,4.644706,99.9452105
08:00:59,91282CKV2,TSRYS5823596,D,S,T,2024-06-11,1000000.00,4.644706,99.9452105
08:00:59,91282CKV2,TSRYS5823596,D,S,T,2024-06-11,1000000.00,4.644706,99.9452105
08:00:59,91282CKV2,TSRYS5823596,D,S,T,2024-06-11,1000000.00,4.644706,99.9452105
08:00:59,91282CKV2,TSRYS5823596,D,S,T,2024-06-11,1000000.00,4.644706,99.9452105
08:00:59,91282CKV2,TSRYS5823596,D,S,T,2024-06-11,1000000.00,4.644706,99.9452105
08:00:59,91282CKV2,TSRYS5823596,D,S,T,2024-06-11,1000000.00,4.644706,99.9452105
08:00:59,91282CKV2,TSRYS5823596,D,S,T,2024-06-11,1000000.00,4.644706,99.9452105
08:00:59,91282CKV2,TSRYS5823596,D,S,T,2024-06-11,1000000.00,4.644706,99.9452105
08:00:59,91282CKV2,TSRYS5823596,D,S,T,2024-06-11,1000000.00,4.644706,99.9452105
08:00:59,91282CKV2,TSRYS5823596,D,S,T,2024-06-11,1000000.00,4.644706,99.9452105
08:00:59,91282CKV2,TSRYS5823596,D,S,T,2024-06-11,1000000.00,4.644706,99.9452105
08:00:59,91282CKV2,TSRYS5823596,D,S,T,2024-06-11,1000000.00,4.644706,99.9452105
08:00:59,91282CKV2,TSRYS5823596,D,S,T,2024-06-11,1000000.00,4.644706,99.9452105
08:00:59,91282CKV2,TSRYS5823596,D,S,T,2024-06-11,9000000.00,4.644706,99.9452105
08:00:59,91282CKV2,TSRYS5823596,D,S,T,2024-06-11,1000000.00,4.644706,99.9452105
08:00:59,91282CKV2,TSRYS5823596,D,S,T,2024-06-11,1000000.00,4.644706,99.9452105
08:00:59,91282CKV2,TSRYS5823596,D,S,T,2024-06-11,1000000.00,4.644706,99.9452105
08:00:59,91282CKV2,TSRYS5823596,D,S,T,2024-06-11,1000000.00,4.644706,99.9452105
08:00:59,91282CKV2,TSRYS5823596,D,S,T,2024-06-11,1000000.00,4.644706,99.9452105
08:00:59,91282CKV2,TSRYS5823596,D,S,T,2024-06-11,1000000.00,4.644706,99.9452105
08:00:59,91282CKV2,TSRYS5823596,D,S,T,2024-06-11,1000000.00,4.644706,99.9452105
08:00:59,91282CKV2,TSRYS5823596,D,S,T,2024-06-11,1000000.00,4.644706,99.9452105
08:00:59,91282CKV2,TSRYS5823596,D,S,T,2024-06-11,1000000.00,4.644706,99.9452105
08:00:59,91282CKV2,TSRYS5823596,D,S,T,2024-06-11,1000000.00,4.644706,99.9452105
08:00:59,91282CKV2,TSRYS5823596,D,S,T,2024-06-11,3000000.00,4.644706,99.9452105
08:00:59,91282CKV2,TSRYS5823596,D,S,T,2024-06-11,6000000.00,4.644706,99.9452105
08:00:59,91282CKV2,TSRYS5823596,D,S,T,2024-06-11,1000000.00,4.644706,99.9452105
08:00:59,91282CKV2,TSRYS5823596,D,S,T,2024-06-11,1000000.00,4.644706,99.9452105
08:00:59,91282CKV2,TSRYS5823596,D,S,T,2024-06-11,1000000.00,4.644706,99.9452105
08:00:59,91282CKV2,TSRYS5823596,D,S,T,2024-06-11,1000000.00,4.644706,99.9452105
08:01:00,91282CKV2,TSRYS5823596,D,S,D,2024-06-11,2000000.00,4.611488,100.037109375
08:01:00,91282CKV2,TSRYS5823596,D,S,T,2024-06-11,1000000.00,4.599495,100.0703125
08:01:00,91282CKV2,TSRYS5823596,D,B,A,2024-06-11,16269800.00,4.634782,99.97265625
08:01:00,91282CKV2,TSRYS5823596,D,S,T,2024-06-11,1000000.00,4.645376,99.943359375
08:01:00,91282CKV2,TSRYS5823596,D,S,T,2024-06-11,1000000.00,4.645376,99.943359375
08:01:00,91282CKV2,TSRYS5823596,D,S,T,2024-06-11,1000000.00,4.645376,99.943359375
08:01:00,91282CKV2,TSRYS5823596,D,S,T,2024-06-11,1000000.00,4.645376,99.943359375
08:01:00,91282CKV2,TSRYS5823596,D,S,T,2024-06-11,1000000.00,4.645376,99.943359375
08:01:00,91282CKV2,TSRYS5823596,D,S,T,2024-06-11,1000000.00,4.645376,99.943359375
08:01:00,91282CKV2,TSRYS5823596,D,S,T,2024-06-11,1000000.00,4.645376,99.943359375
08:01:00,91282CKV2,TSRYS5823596,D,S,T,2024-06-11,1000000.00,4.645376,99.943359375
08:01:00,91282CKV2,TSRYS5823596,D,S,T,2024-06-11,1000000.00,4.645376,99.943359375
08:01:00,91282CKV2,TSRYS5823596,D,S,T,2024-06-11,1000000.00,4.645376,99.943359375
08:01:00,91282CKV2,TSRYS5823596,D,S,T,2024-06-11,1000000.00,4.645376,99.943359375
08:01:00,91282CKV2,TSRYS5823596,D,S,T,2024-06-11,1000000.00,4.645376,99.943359375
