tradeTime,cusip,issueSymbolIdentifier,priceType,reportingSideCode,contraPartyTypeCode,tradeDate,reportedTradeVolume,lastSaleYield,lastSalePrice
08:00:04,91282CLQ2,TSRYS5906509,D,S,T,2024-10-16,1000000.00,3.857506,100.048828125
08:00:04,91282CLQ2,TSRYS5906509,D,S,D,2024-10-16,1000000.00,3.857506,100.048828125
08:00:04,91282CLQ2,TSRYS5906509,D,S,T,2024-10-16,1000000.00,3.857506,100.048828125
08:00:04,91282CLQ2,TSRYS5906509,D,S,D,2024-10-16,1000000.00,3.857506,100.048828125
08:00:04,91282CLQ2,TSRYS5906509,D,S,D,2024-10-16,1000000.00,3.857506,100.048828125
08:00:04,91282CLQ2,TSRYS5906509,D,S,D,2024-10-16,1000000.00,3.857506,100.048828125
08:00:04,91282CLQ2,TSRYS5906509,D,S,T,2024-10-16,4000000.00,3.855416,100.0546875
08:00:04,91282CLQ2,TSRYS5906509,D,S,T,2024-10-16,2000000.00,3.855416,100.0546875
08:00:04,91282CLQ2,TSRYS5906509,D,S,T,2024-10-16,3000000.00,3.855416,100.0546875
08:00:04,91282CLQ2,TSRYS5906509,D,S,T,2024-10-16,1000000.00,3.855416,100.0546875
08:00:04,91282CLQ2,TSRYS5906509,D,S,T,2024-10-16,3000000.00,3.855416,100.0546875
08:00:04,91282CLQ2,TSRYS5906509,D,S,T,2024-10-16,4000000.00,3.854023,100.05859375
08:00:04,91282CLQ2,TSRYS5906509,D,S,T,2024-10-16,3000000.00,3.854023,100.05859375
08:00:04,91282CLQ2,TSRYS5906509,D,S,T,2024-10-16,4000000.00,3.854023,100.05859375
08:00:04,91282CLQ2,TSRYS5906509,D,S,T,2024-10-16,3000000.00,3.854023,100.05859375
08:00:04,91282CLQ2,TSRYS5906509,D,S,T,2024-10-16,4000000.00,3.85263,100.0625
08:00:04,91282CLQ2,TSRYS5906509,D,S,T,2024-10-16,4000000.00,3.858899,100.044921875
08:00:04,91282CLQ2,TSRYS5906509,D,S,T,2024-10-16,4000000.00,3.858899,100.044921875
08:00:04,91282CLQ2,TSRYS5906509,D,S,T,2024-10-16,2000000.00,3.858899,100.044921875
08:00:04,91282CLQ2,TSRYS5906509,D,S,T,2024-10-16,1000000.00,3.859596,100.04296875
08:00:04,91282CLQ2,TSRYS5906509,D,B,C,2024-10-16,1000000.00,3.85263,100.0625
08:00:04,91282CLQ2,TSRYS5906509,D,B,C,2024-10-16,1000000.00,3.85263,100.0625
08:00:04,91282CLQ2,TSRYS5906509,D,B,C,2024-10-16,1000000.00,3.85263,100.0625
08:00:04,91282CLQ2,TSRYS5906509,D,B,C,2024-10-16,1000000.00,3.85263,100.0625
08:00:04,91282CLQ2,TSRYS5906509,D,S,D,2024-10-16,1000000.00,3.856113,100.052734375
08:00:04,91282CLQ2,TSRYS5906509,D,B,C,2024-10-16,4000000.00,3.85263,100.0625
08:00:04,91282CLQ2,TSRYS5906509,D,B,C,2024-10-16,1000000.00,3.85263,100.0625
08:00:04,91282CLQ2,TSRYS5906509,D,S,D,2024-10-16,1000000.00,3.854023,100.05859375
08:00:04,91282CLQ2,TSRYS5906509,D,B,C,2024-10-16,4000000.00,3.85263,100.0625
08:00:04,91282CLQ2,TSRYS5906509,D,S,D,2024-10-16,4000000.00,3.847058,100.078125
08:00:04,91282CLQ2,TSRYS5906509,D,S,D,2024-10-16,3000000.00,3.847058,100.078125
08:00:04,91282CLQ2,TSRYS5906509,D,S,D,2024-10-16,1000000.00,3.840094,100.09765625
08:00:04,91282CLQ2,TSRYS5906509,D,S,D,2024-10-16,1000000.00,3.840094,100.09765625
08:00:04,91282CLQ2,TSRYS5906509,D,S,D,2024-10-16,1000000.00,3.840094,100.09765625
08:00:04,91282CLQ2,TSRYS5906509,D,S,D,2024-10-16,1000000.00,3.840094,100.09765625
08:00:04,91282CLQ2,TSRYS5906509,D,S,D,2024-10-16,1000000.00,3.840094,100.09765625
08:00:04,91282CLQ2,TSRYS5906509,D,B,C,2024-10-16,1000000.00,3.840094,100.09765625
08:00:04,91282CLQ2,TSRYS5906509,D,S,D,2024-10-16,1000000.00,3.843576,100.087890625
08:00:04,91282CLQ2,TSRYS5906509,D,S,D,2024-10-16,1000000.00,3.843576,100.087890625
08:00:04,91282CLQ2,TSRYS5906509,D,S,D,2024-10-16,1000000.00,3.845665,100.08203125
08:00:04,91282CLQ2,TSRYS5906509,D,S,D,2024-10-16,1000000.00,3.844969,100.083984375
08:00:04,91282CLQ2,TSRYS5906509,D,S,D,2024-10-16,1000000.00,3.842879,100.08984375
08:00:04,91282CLQ2,TSRYS5906509,D,S,D,2024-10-16,1000000.00,3.845665,100.08203125
08:00:04,91282CLQ2,TSRYS5906509,D,S,D,2024-10-16,1000000.00,3.844272,100.0859375
08:00:04,91282CLQ2,TSRYS5906509,D,S,D,2024-10-16,1000000.00,3.844969,100.083984375
08:00:04,91282CLQ2,TSRYS5906509,D,S,D,2024-10-16,1000000.00,3.842879,100.08984375
08:00:04,91282CLQ2,TSRYS5906509,D,S,D,2024-10-16,1000000.00,3.846361,100.080078125
08:00:05,91282CLQ2,TSRYS5906509,D,S,D,2024-10-16,1000000.00,3.845665,100.08203125
08:00:05,91282CLQ2,TSRYS5906509,D,S,D,2024-10-16,1000000.00,3.845665,100.08203125
08:00:05,91282CLQ2,TSRYS5906509,D,S,D,2024-10-16,1000000.00,3.844969,100.083984375
08:00:05,91282CLQ2,TSRYS5906509,D,S,D,2024-10-16,1000000.00,3.844272,100.0859375
08:00:05,91282CLQ2,TSRYS5906509,D,S,D,2024-10-16,1000000.00,3.844272,100.0859375
08:00:05,91282CLQ2,TSRYS5906509,D,S,D,2024-10-16,1000000.00,3.843576,100.087890625
08:00:05,91282CLQ2,TSRYS5906509,D,S,D,2024-10-16,1000000.00,3.843576,100.087890625
08:00:05,91282CLQ2,TSRYS5906509,D,S,D,2024-10-16,1000000.00,3.844272,100.0859375
08:00:05,91282CLQ2,TSRYS5906509,D,S,D,2024-10-16,1000000.00,3.843576,100.087890625
08:00:05,91282CLQ2,TSRYS5906509,D,S,D,2024-10-16,1000000.00,3.841487,100.09375
08:00:05,91282CLQ2,TSRYS5906509,D,S,T,2024-10-16,2000000.00,3.840791,100.095703125
08:00:05,91282CLQ2,TSRYS5906509,D,S,T,2024-10-16,4000000.00,3.840791,100.095703125
08:00:05,91282CLQ2,TSRYS5906509,D,S,T,2024-10-16,1000000.00,3.840791,100.095703125
08:00:05,91282CLQ2,TSRYS5906509,D,S,D,2024-10-16,1000000.00,3.839398,100.099609375
08:00:05,91282CLQ2,TSRYS5906509,D,S,T,2024-10-16,1000000.00,3.838702,100.1015625
08:00:05,91282CLQ2,TSRYS5906509,D,B,C,2024-10-16,1000000.00,3.838702,100.1015625
08:00:05,91282CLQ2,TSRYS5906509,D,S,D,2024-10-16,1000000.00,3.840094,100.09765625
08:00:05,91282CLQ2,TSRYS5906509,D,B,C,2024-10-16,1000000.00,3.840094,100.09765625
08:00:05,91282CLQ2,TSRYS5906509,D,B,C,2024-10-16,1000000.00,3.838702,100.1015625
08:00:05,91282CLQ2,TSRYS5906509,D,B,C,2024-10-16,1000000.00,3.838006,100.103515625
08:00:05,91282CLQ2,TSRYS5906509,D,B,C,2024-10-16,1000000.00,3.836613,100.107421875
08:00:05,91282CLQ2,TSRYS5906509,D,B,C,2024-10-16,1000000.00,3.832436,100.119140625
08:00:05,91282CLQ2,TSRYS5906509,D,B,C,2024-10-16,1000000.00,3.83174,100.12109375
08:00:05,91282CLQ2,TSRYS5906509,D,B,C,2024-10-16,1000000.00,3.83174,100.12109375
08:00:10,91282CLQ2,TSRYS5906509,D,S,D,2024-10-16,1930000.00,3.86099,100.0390625
08:00:10,91282CLQ2,TSRYS5906509,D,S,C,2024-10-16,11700000.00,3.83174,100.12109375
08:00:10,91282CLQ2,TSRYS5906509,D,S,C,2024-10-16,1575000.00,3.837377,100.10546875
08:00:10,91282CLQ2,TSRYS5906509,D,S,D,2024-10-16,355000.00,3.844334,100.0859375
08:00:10,91282CLQ2,TSRYS5906509,D,B,C,2024-10-16,355000.00,3.844334,100.0859375
08:00:10,91282CLQ2,TSRYS5906509,D,S,D,2024-10-16,4850000.00,3.80391,100.19921875
08:00:10,91282CLQ2,TSRYS5906509,D,B,C,2024-10-16,4850000.00,3.80391,100.19921875
08:00:10,91282CLQ2,TSRYS5906509,D,S,T,2024-10-16,1000000.00,3.862383,100.03515625
08:00:10,91282CLQ2,TSRYS5906509,D,S,T,2024-10-16,1000000.00,3.862383,100.03515625
08:00:11,91282CLQ2,TSRYS5906509,D,S,T,2024-10-16,1000000.00,3.837309,100.10546875
08:00:11,91282CLQ2,TSRYS5906509,D,S,D,2024-10-16,11700000.00,3.83174,100.12109375
08:00:11,91282CLQ2,TSRYS5906509,D,S,A,2024-10-16,26950000.00,3.831621,100.12142875
08:00:11,91282CLQ2,TSRYS5906509,D,S,D,2024-10-16,1575000.00,3.837377,100.10546875
08:00:11,91282CLQ2,TSRYS5906509,D,S,T,2024-10-16,1000000.00,3.833132,100.1171875
08:00:11,91282CLQ2,TSRYS5906509,D,S,T,2024-10-16,1000000.00,3.833132,100.1171875
08:00:11,91282CLQ2,TSRYS5906509,D,S,D,2024-10-16,14900000.00,3.838702,100.1015625
08:00:11,91282CLQ2,TSRYS5906509,D,S,C,2024-10-16,14900000.00,3.838702,100.1015625
08:00:14,91282CLQ2,TSRYS5906509,D,S,T,2024-10-16,1000000.00,3.857506,100.048828125
08:00:14,91282CLQ2,TSRYS5906509,D,S,D,2024-10-16,1000000.00,3.857506,100.048828125
08:00:14,91282CLQ2,TSRYS5906509,D,S,T,2024-10-16,1000000.00,3.855416,100.0546875
08:00:14,91282CLQ2,TSRYS5906509,D,S,D,2024-10-16,1000000.00,3.856113,100.052734375
08:00:14,91282CLQ2,TSRYS5906509,D,S,T,2024-10-16,1000000.00,3.856113,100.052734375
08:00:14,91282CLQ2,TSRYS5906509,D,S,T,2024-10-16,1000000.00,3.854023,100.05859375
08:00:14,91282CLQ2,TSRYS5906509,D,S,T,2024-10-16,1000000.00,3.854023,100.05859375
08:00:14,91282CLQ2,TSRYS5906509,D,S,D,2024-10-16,1000000.00,3.858899,100.044921875
08:00:14,91282CLQ2,TSRYS5906509,D,S,T,2024-10-16,1000000.00,3.858899,100.044921875
08:00:14,91282CLQ2,TSRYS5906509,D,S,T,2024-10-16,1000000.00,3.858899,100.044921875
08:00:14,91282CLQ2,TSRYS5906509,D,S,T,2024-10-16,1000000.00,3.858203,100.046875
08:00:14,91282CLQ2,TSRYS5906509,D,S,T,2024-10-16,1000000.00,3.859596,100.04296875
08:00:14,91282CLQ2,TSRYS5906509,D,S,D,2024-10-16,1000000.00,3.858899,100.044921875
08:00:14,91282CLQ2,TSRYS5906509,D,S,T,2024-10-16,1000000.00,3.858203,100.046875
08:00:14,91282CLQ2,TSRYS5906509,D,S,T,2024-10-16,1000000.00,3.857506,100.048828125
08:00:14,91282CLQ2,TSRYS5906509,D,S,T,2024-10-16,1000000.00,3.857506,100.048828125
08:00:14,91282CLQ2,TSRYS5906509,D,S,T,2024-10-16,1000000.00,3.857506,100.048828125
08:00:14,91282CLQ2,TSRYS5906509,D,S,T,2024-10-16,1000000.00,3.860293,100.041015625
08:00:14,91282CLQ2,TSRYS5906509,D,S,T,2024-10-16,1000000.00,3.860293,100.041015625
08:00:14,91282CLQ2,TSRYS5906509,D,S,T,2024-10-16,1000000.00,3.859596,100.04296875
08:00:14,91282CLQ2,TSRYS5906509,D,S,T,2024-10-16,1000000.00,3.853326,100.060546875
08:00:14,91282CLQ2,TSRYS5906509,D,S,T,2024-10-16,1000000.00,3.854023,100.05859375
08:00:14,91282CLQ2,TSRYS5906509,D,S,T,2024-10-16,1000000.00,3.854023,100.05859375
08:00:14,91282CLQ2,TSRYS5906509,D,S,T,2024-10-16,1000000.00,3.854023,100.05859375
08:00:14,91282CLQ2,TSRYS5906509,D,S,D,2024-10-16,1000000.00,3.861686,100.037109375
08:00:14,91282CLQ2,TSRYS5906509,D,S,T,2024-10-16,1000000.00,3.859596,100.04296875
08:00:14,91282CLQ2,TSRYS5906509,D,S,T,2024-10-16,1000000.00,3.859596,100.04296875
08:00:14,91282CLQ2,TSRYS5906509,D,S,T,2024-10-16,1000000.00,3.854023,100.05859375
08:00:14,91282CLQ2,TSRYS5906509,D,S,T,2024-10-16,1000000.00,3.85263,100.0625
08:00:14,91282CLQ2,TSRYS5906509,D,S,T,2024-10-16,1000000.00,3.854023,100.05859375
08:00:14,91282CLQ2,TSRYS5906509,D,S,T,2024-10-16,1000000.00,3.842879,100.08984375
08:00:14,91282CLQ2,TSRYS5906509,D,S,T,2024-10-16,2000000.00,3.842879,100.08984375
08:00:14,91282CLQ2,TSRYS5906509,D,S,D,2024-10-16,1000000.00,3.840094,100.09765625
08:00:14,91282CLQ2,TSRYS5906509,D,S,D,2024-10-16,1000000.00,3.840094,100.09765625
08:00:14,91282CLQ2,TSRYS5906509,D,S,T,2024-10-16,1000000.00,3.840094,100.09765625
08:00:14,91282CLQ2,TSRYS5906509,D,S,T,2024-10-16,1000000.00,3.840094,100.09765625
08:00:14,91282CLQ2,TSRYS5906509,D,S,D,2024-10-16,1000000.00,3.843576,100.087890625
08:00:14,91282CLQ2,TSRYS5906509,D,S,T,2024-10-16,1000000.00,3.843576,100.087890625
08:00:14,91282CLQ2,TSRYS5906509,D,S,D,2024-10-16,1000000.00,3.843576,100.087890625
08:00:15,91282CLQ2,TSRYS5906509,D,S,D,2024-10-16,1000000.00,3.844969,100.083984375
08:00:15,91282CLQ2,TSRYS5906509,D,S,D,2024-10-16,1000000.00,3.847058,100.078125
08:00:15,91282CLQ2,TSRYS5906509,D,S,D,2024-10-16,1000000.00,3.841487,100.09375
08:00:15,91282CLQ2,TSRYS5906509,D,S,T,2024-10-16,1000000.00,3.840791,100.095703125
08:00:15,91282CLQ2,TSRYS5906509,D,S,T,2024-10-16,1000000.00,3.840791,100.095703125
08:00:15,91282CLQ2,TSRYS5906509,D,S,T,2024-10-16,1000000.00,3.839398,100.099609375
08:00:15,91282CLQ2,TSRYS5906509,D,S,T,2024-10-16,1000000.00,3.839398,100.099609375
08:00:15,91282CLQ2,TSRYS5906509,D,S,T,2024-10-16,1000000.00,3.837309,100.10546875
08:00:15,91282CLQ2,TSRYS5906509,D,S,T,2024-10-16,1000000.00,3.836613,100.107421875
08:00:15,91282CLQ2,TSRYS5906509,D,S,T,2024-10-16,1000000.00,3.835221,100.111328125
08:00:15,91282CLQ2,TSRYS5906509,D,S,T,2024-10-16,1000000.00,3.835221,100.111328125
08:00:15,91282CLQ2,TSRYS5906509,D,S,T,2024-10-16,1000000.00,3.835917,100.109375
08:00:15,91282CLQ2,TSRYS5906509,D,S,T,2024-10-16,1000000.00,3.835917,100.109375
08:00:17,91282CLQ2,TSRYS5906509,D,S,D,2024-10-16,1000000.00,3.862383,100.03515625
08:00:17,91282CLQ2,TSRYS5906509,D,B,C,2024-10-16,1000000.00,3.861686,100.037109375
08:00:17,91282CLQ2,TSRYS5906509,D,S,D,2024-10-16,1000000.00,3.861686,100.037109375
08:00:17,91282CLQ2,TSRYS5906509,D,B,C,2024-10-16,1000000.00,3.861686,100.037109375
08:00:17,91282CLQ2,TSRYS5906509,D,S,D,2024-10-16,1000000.00,3.861686,100.037109375
08:00:17,91282CLQ2,TSRYS5906509,D,B,C,2024-10-16,1000000.00,3.860293,100.041015625
08:00:17,91282CLQ2,TSRYS5906509,D,S,D,2024-10-16,1000000.00,3.860293,100.041015625
08:00:17,91282CLQ2,TSRYS5906509,D,B,C,2024-10-16,1000000.00,3.86099,100.0390625
08:00:17,91282CLQ2,TSRYS5906509,D,S,D,2024-10-16,1000000.00,3.86099,100.0390625
08:00:18,91282CLQ2,TSRYS5906509,D,S,D,2024-10-16,1000000.00,3.855416,100.0546875
08:00:18,91282CLQ2,TSRYS5906509,D,S,D,2024-10-16,1000000.00,3.854023,100.05859375
08:00:20,91282CLQ2,TSRYS5906509,D,S,D,2024-10-16,1000000.00,3.846361,100.080078125
08:00:20,91282CLQ2,TSRYS5906509,D,B,C,2024-10-16,1000000.00,3.846361,100.080078125
08:00:20,91282CLQ2,TSRYS5906509,D,S,D,2024-10-16,1000000.00,3.846361,100.080078125
08:00:20,91282CLQ2,TSRYS5906509,D,B,C,2024-10-16,1000000.00,3.846361,100.080078125
08:00:20,91282CLQ2,TSRYS5906509,D,S,D,2024-10-16,1000000.00,3.846361,100.080078125
08:00:20,91282CLQ2,TSRYS5906509,D,B,C,2024-10-16,1000000.00,3.846361,100.080078125
08:00:20,91282CLQ2,TSRYS5906509,D,B,C,2024-10-16,1000000.00,3.846361,100.080078125
08:00:20,91282CLQ2,TSRYS5906509,D,S,D,2024-10-16,1000000.00,3.846361,100.080078125
08:00:20,91282CLQ2,TSRYS5906509,D,B,C,2024-10-16,1000000.00,3.846361,100.080078125
08:00:20,91282CLQ2,TSRYS5906509,D,S,D,2024-10-16,1000000.00,3.846361,100.080078125
08:00:20,91282CLQ2,TSRYS5906509,D,B,C,2024-10-16,1000000.00,3.846361,100.080078125
08:00:20,91282CLQ2,TSRYS5906509,D,S,D,2024-10-16,1000000.00,3.846361,100.080078125
08:00:22,91282CLQ2,TSRYS5906509,D,B,C,2024-10-16,1000000.00,3.954593,99.777
08:00:22,91282CLQ2,TSRYS5906509,D,S,T,2024-10-16,1000000.00,3.85263,100.0625
08:00:24,91282CLQ2,TSRYS5906509,D,S,D,2024-10-16,1000000.00,3.844272,100.0859375
08:00:26,91282CLQ2,TSRYS5906509,D,S,D,2024-10-16,1000000.00,3.844272,100.0859375
08:00:27,91282CLQ2,TSRYS5906509,D,B,C,2024-10-16,1000000.00,3.756452,100.333
08:00:27,91282CLQ2,TSRYS5906509,D,B,A,2024-10-16,300000.00,3.86099,100.0390625
08:00:27,91282CLQ2,TSRYS5906509,D,S,T,2024-10-16,1000000.00,3.859596,100.04296875
08:00:27,91282CLQ2,TSRYS5906509,D,S,T,2024-10-16,1000000.00,3.858899,100.044921875
08:00:27,91282CLQ2,TSRYS5906509,D,S,T,2024-10-16,1000000.00,3.858899,100.044921875
08:00:27,91282CLQ2,TSRYS5906509,D,S,T,2024-10-16,1000000.00,3.858899,100.044921875
08:00:27,91282CLQ2,TSRYS5906509,D,S,T,2024-10-16,1000000.00,3.858203,100.046875
08:00:27,91282CLQ2,TSRYS5906509,D,S,T,2024-10-16,1000000.00,3.858203,100.046875
08:00:27,91282CLQ2,TSRYS5906509,D,S,T,2024-10-16,1000000.00,3.858203,100.046875
08:00:27,91282CLQ2,TSRYS5906509,D,S,T,2024-10-16,1000000.00,3.858203,100.046875
08:00:27,91282CLQ2,TSRYS5906509,D,S,T,2024-10-16,1000000.00,3.856809,100.05078125
08:00:27,91282CLQ2,TSRYS5906509,D,S,T,2024-10-16,1000000.00,3.857506,100.048828125
08:00:27,91282CLQ2,TSRYS5906509,D,S,T,2024-10-16,1000000.00,3.85263,100.0625
08:00:27,91282CLQ2,TSRYS5906509,D,S,T,2024-10-16,1000000.00,3.840094,100.09765625
08:00:27,91282CLQ2,TSRYS5906509,D,S,T,2024-10-16,1000000.00,3.840094,100.09765625
08:00:27,91282CLQ2,TSRYS5906509,D,S,T,2024-10-16,1000000.00,3.857506,100.048828125
08:00:27,91282CLQ2,TSRYS5906509,D,S,T,2024-10-16,1000000.00,3.853326,100.060546875
08:00:27,91282CLQ2,TSRYS5906509,D,S,T,2024-10-16,1000000.00,3.854023,100.05859375
08:00:27,91282CLQ2,TSRYS5906509,D,S,T,2024-10-16,1000000.00,3.854719,100.056640625
08:00:27,91282CLQ2,TSRYS5906509,D,S,D,2024-10-16,1000000.00,3.844272,100.0859375
08:00:27,91282CLQ2,TSRYS5906509,D,S,D,2024-10-16,1000000.00,3.842879,100.08984375
08:00:27,91282CLQ2,TSRYS5906509,D,S,D,2024-10-16,1000000.00,3.842879,100.08984375
08:00:27,91282CLQ2,TSRYS5906509,D,S,T,2024-10-16,1000000.00,3.853326,100.060546875
08:00:27,91282CLQ2,TSRYS5906509,D,S,T,2024-10-16,1000000.00,3.854023,100.05859375
08:00:28,91282CLQ2,TSRYS5906509,D,S,D,2024-10-16,2000000.00,3.853326,100.060546875
08:00:28,91282CLQ2,TSRYS5906509,D,S,D,2024-10-16,2000000.00,3.86099,100.0390625
08:00:28,91282CLQ2,TSRYS5906509,D,S,D,2024-10-16,2000000.00,3.86099,100.0390625
08:00:28,91282CLQ2,TSRYS5906509,D,S,D,2024-10-16,2000000.00,3.86099,100.0390625
08:00:28,91282CLQ2,TSRYS5906509,D,S,T,2024-10-16,1000000.00,3.851933,100.064453125
08:00:28,91282CLQ2,TSRYS5906509,D,S,D,2024-10-16,2000000.00,3.853326,100.060546875
08:00:28,91282CLQ2,TSRYS5906509,D,S,D,2024-10-16,1000000.00,3.853326,100.060546875
08:00:28,91282CLQ2,TSRYS5906509,D,S,D,2024-10-16,1000000.00,3.862383,100.03515625
08:00:28,91282CLQ2,TSRYS5906509,D,S,D,2024-10-16,2000000.00,3.854719,100.056640625
08:00:28,91282CLQ2,TSRYS5906509,D,S,D,2024-10-16,1000000.00,3.854023,100.05859375
08:00:28,91282CLQ2,TSRYS5906509,D,S,D,2024-10-16,1000000.00,3.854023,100.05859375
08:00:28,91282CLQ2,TSRYS5906509,D,S,D,2024-10-16,1000000.00,3.847058,100.078125
08:00:28,91282CLQ2,TSRYS5906509,D,S,D,2024-10-16,1000000.00,3.844272,100.0859375
08:00:28,91282CLQ2,TSRYS5906509,D,S,D,2024-10-16,1000000.00,3.844272,100.0859375
08:00:28,91282CLQ2,TSRYS5906509,D,S,D,2024-10-16,1000000.00,3.844272,100.0859375
08:00:28,91282CLQ2,TSRYS5906509,D,S,D,2024-10-16,1000000.00,3.834525,100.11328125
08:00:28,91282CLQ2,TSRYS5906509,D,S,D,2024-10-16,1000000.00,3.838702,100.1015625
08:00:30,91282CLQ2,TSRYS5906509,D,S,T,2024-10-16,1000000.00,3.854023,100.05859375
08:00:30,91282CLQ2,TSRYS5906509,D,S,T,2024-10-16,1000000.00,3.854023,100.05859375
08:00:30,91282CLQ2,TSRYS5906509,D,S,D,2024-10-16,1000000.00,3.854719,100.056640625
08:00:30,91282CLQ2,TSRYS5906509,D,S,T,2024-10-16,1000000.00,3.856809,100.05078125
08:00:30,91282CLQ2,TSRYS5906509,D,S,T,2024-10-16,1000000.00,3.858203,100.046875
08:00:30,91282CLQ2,TSRYS5906509,D,S,T,2024-10-16,1000000.00,3.854023,100.05859375
08:00:30,91282CLQ2,TSRYS5906509,D,S,T,2024-10-16,1000000.00,3.855416,100.0546875
08:00:30,91282CLQ2,TSRYS5906509,D,S,T,2024-10-16,1000000.00,3.855416,100.0546875
08:00:30,91282CLQ2,TSRYS5906509,D,S,T,2024-10-16,1000000.00,3.854023,100.05859375
08:00:30,91282CLQ2,TSRYS5906509,D,S,T,2024-10-16,1000000.00,3.85263,100.0625
08:00:30,91282CLQ2,TSRYS5906509,D,S,T,2024-10-16,1000000.00,3.856113,100.052734375
08:00:30,91282CLQ2,TSRYS5906509,D,S,T,2024-10-16,1000000.00,3.856113,100.052734375
08:00:30,91282CLQ2,TSRYS5906509,D,S,T,2024-10-16,1000000.00,3.856113,100.052734375
08:00:30,91282CLQ2,TSRYS5906509,D,S,T,2024-10-16,1000000.00,3.856113,100.052734375
08:00:30,91282CLQ2,TSRYS5906509,D,S,D,2024-10-16,1000000.00,3.856113,100.052734375
08:00:30,91282CLQ2,TSRYS5906509,D,S,T,2024-10-16,1000000.00,3.854023,100.05859375
08:00:30,91282CLQ2,TSRYS5906509,D,S,T,2024-10-16,1000000.00,3.858203,100.046875
08:00:30,91282CLQ2,TSRYS5906509,D,S,T,2024-10-16,2000000.00,3.857506,100.048828125
08:00:30,91282CLQ2,TSRYS5906509,D,S,T,2024-10-16,1000000.00,3.856809,100.05078125
08:00:30,91282CLQ2,TSRYS5906509,D,S,T,2024-10-16,1000000.00,3.857506,100.048828125
08:00:30,91282CLQ2,TSRYS5906509,D,S,T,2024-10-16,2000000.00,3.858203,100.046875
08:00:30,91282CLQ2,TSRYS5906509,D,S,T,2024-10-16,2000000.00,3.858203,100.046875
08:00:30,91282CLQ2,TSRYS5906509,D,S,T,2024-10-16,2000000.00,3.858203,100.046875
08:00:30,91282CLQ2,TSRYS5906509,D,S,T,2024-10-16,2000000.00,3.858203,100.046875
08:00:30,91282CLQ2,TSRYS5906509,D,S,T,2024-10-16,1000000.00,3.858203,100.046875
08:00:30,91282CLQ2,TSRYS5906509,D,S,T,2024-10-16,1000000.00,3.858203,100.046875
08:00:30,91282CLQ2,TSRYS5906509,D,S,T,2024-10-16,1000000.00,3.856809,100.05078125
08:00:30,91282CLQ2,TSRYS5906509,D,S,T,2024-10-16,1000000.00,3.856809,100.05078125
08:00:30,91282CLQ2,TSRYS5906509,D,S,T,2024-10-16,1000000.00,3.858203,100.046875
08:00:30,91282CLQ2,TSRYS5906509,D,S,T,2024-10-16,1000000.00,3.858203,100.046875
08:00:30,91282CLQ2,TSRYS5906509,D,S,T,2024-10-16,1000000.00,3.859596,100.04296875
08:00:30,91282CLQ2,TSRYS5906509,D,S,T,2024-10-16,1000000.00,3.856809,100.05078125
08:00:30,91282CLQ2,TSRYS5906509,D,S,T,2024-10-16,2000000.00,3.856809,100.05078125
08:00:30,91282CLQ2,TSRYS5906509,D,S,T,2024-10-16,1000000.00,3.856809,100.05078125
08:00:30,91282CLQ2,TSRYS5906509,D,S,T,2024-10-16,2000000.00,3.856809,100.05078125
08:00:30,91282CLQ2,TSRYS5906509,D,S,T,2024-10-16,1000000.00,3.856809,100.05078125
08:00:30,91282CLQ2,TSRYS5906509,D,S,T,2024-10-16,1000000.00,3.851933,100.064453125
08:00:30,91282CLQ2,TSRYS5906509,D,S,T,2024-10-16,1000000.00,3.851933,100.064453125
08:00:30,91282CLQ2,TSRYS5906509,D,S,T,2024-10-16,1000000.00,3.851237,100.06640625
08:00:30,91282CLQ2,TSRYS5906509,D,S,T,2024-10-16,1000000.00,3.85263,100.0625
08:00:30,91282CLQ2,TSRYS5906509,D,S,T,2024-10-16,1000000.00,3.853326,100.060546875
08:00:30,91282CLQ2,TSRYS5906509,D,S,T,2024-10-16,1000000.00,3.85263,100.0625
08:00:30,91282CLQ2,TSRYS5906509,D,S,T,2024-10-16,2000000.00,3.853326,100.060546875
08:00:30,91282CLQ2,TSRYS5906509,D,S,T,2024-10-16,1000000.00,3.853326,100.060546875
08:00:30,91282CLQ2,TSRYS5906509,D,S,T,2024-10-16,2000000.00,3.854023,100.05859375
08:00:30,91282CLQ2,TSRYS5906509,D,S,T,2024-10-16,1000000.00,3.854023,100.05859375
08:00:30,91282CLQ2,TSRYS5906509,D,S,T,2024-10-16,1000000.00,3.854023,100.05859375
08:00:30,91282CLQ2,TSRYS5906509,D,S,T,2024-10-16,2000000.00,3.854023,100.05859375
08:00:30,91282CLQ2,TSRYS5906509,D,S,T,2024-10-16,2000000.00,3.854023,100.05859375
08:00:30,91282CLQ2,TSRYS5906509,D,S,T,2024-10-16,2000000.00,3.854719,100.056640625
08:00:30,91282CLQ2,TSRYS5906509,D,S,T,2024-10-16,2000000.00,3.854719,100.056640625
08:00:30,91282CLQ2,TSRYS5906509,D,S,T,2024-10-16,1000000.00,3.854023,100.05859375
08:00:30,91282CLQ2,TSRYS5906509,D,S,T,2024-10-16,2000000.00,3.85263,100.0625
08:00:30,91282CLQ2,TSRYS5906509,D,S,T,2024-10-16,1000000.00,3.854023,100.05859375
08:00:30,91282CLQ2,TSRYS5906509,D,S,D,2024-10-16,4000000.00,3.839398,100.099609375
08:00:30,91282CLQ2,TSRYS5906509,D,S,T,2024-10-16,1000000.00,3.854023,100.05859375
08:00:30,91282CLQ2,TSRYS5906509,D,S,T,2024-10-16,1000000.00,3.855416,100.0546875
08:00:30,91282CLQ2,TSRYS5906509,D,S,T,2024-10-16,1000000.00,3.854023,100.05859375
08:00:30,91282CLQ2,TSRYS5906509,D,S,T,2024-10-16,1000000.00,3.85263,100.0625
08:00:30,91282CLQ2,TSRYS5906509,D,S,T,2024-10-16,1000000.00,3.85263,100.0625
08:00:30,91282CLQ2,TSRYS5906509,D,S,T,2024-10-16,1000000.00,3.85263,100.0625
08:00:30,91282CLQ2,TSRYS5906509,D,S,T,2024-10-16,1000000.00,3.85263,100.0625
08:00:30,91282CLQ2,TSRYS5906509,D,S,T,2024-10-16,1000000.00,3.85263,100.0625
08:00:30,91282CLQ2,TSRYS5906509,D,S,T,2024-10-16,1000000.00,3.856113,100.052734375
08:00:30,91282CLQ2,TSRYS5906509,D,S,T,2024-10-16,1000000.00,3.856809,100.05078125
08:00:30,91282CLQ2,TSRYS5906509,D,S,T,2024-10-16,1000000.00,3.856809,100.05078125
08:00:30,91282CLQ2,TSRYS5906509,D,S,T,2024-10-16,1000000.00,3.858203,100.046875
08:00:30,91282CLQ2,TSRYS5906509,D,S,T,2024-10-16,2000000.00,3.86099,100.0390625
08:00:30,91282CLQ2,TSRYS5906509,D,S,T,2024-10-16,2000000.00,3.859596,100.04296875
08:00:30,91282CLQ2,TSRYS5906509,D,S,T,2024-10-16,1000000.00,3.859596,100.04296875
08:00:30,91282CLQ2,TSRYS5906509,D,S,T,2024-10-16,1000000.00,3.859596,100.04296875
08:00:30,91282CLQ2,TSRYS5906509,D,S,T,2024-10-16,1000000.00,3.859596,100.04296875
08:00:30,91282CLQ2,TSRYS5906509,D,S,T,2024-10-16,1000000.00,3.86099,100.0390625
08:00:30,91282CLQ2,TSRYS5906509,D,S,T,2024-10-16,1000000.00,3.86099,100.0390625
08:00:30,91282CLQ2,TSRYS5906509,D,S,T,2024-10-16,1000000.00,3.86099,100.0390625
08:00:30,91282CLQ2,TSRYS5906509,D,S,T,2024-10-16,1000000.00,3.859596,100.04296875
08:00:30,91282CLQ2,TSRYS5906509,D,S,T,2024-10-16,5000000.00,3.862383,100.03515625
08:00:30,91282CLQ2,TSRYS5906509,D,S,T,2024-10-16,2000000.00,3.862383,100.03515625
08:00:30,91282CLQ2,TSRYS5906509,D,S,T,2024-10-16,1000000.00,3.862383,100.03515625
08:00:30,91282CLQ2,TSRYS5906509,D,S,T,2024-10-16,5000000.00,3.862383,100.03515625
08:00:30,91282CLQ2,TSRYS5906509,D,S,T,2024-10-16,3000000.00,3.862383,100.03515625
08:00:30,91282CLQ2,TSRYS5906509,D,S,T,2024-10-16,1000000.00,3.862383,100.03515625
08:00:30,91282CLQ2,TSRYS5906509,D,S,T,2024-10-16,1000000.00,3.862383,100.03515625
08:00:30,91282CLQ2,TSRYS5906509,D,S,T,2024-10-16,1000000.00,3.856809,100.05078125
08:00:30,91282CLQ2,TSRYS5906509,D,S,T,2024-10-16,1000000.00,3.85263,100.0625
08:00:30,91282CLQ2,TSRYS5906509,D,S,T,2024-10-16,1000000.00,3.85263,100.0625
08:00:30,91282CLQ2,TSRYS5906509,D,S,T,2024-10-16,1000000.00,3.85263,100.0625
08:00:30,91282CLQ2,TSRYS5906509,D,S,T,2024-10-16,1000000.00,3.854023,100.05859375
08:00:30,91282CLQ2,TSRYS5906509,D,S,T,2024-10-16,1000000.00,3.854023,100.05859375
08:00:30,91282CLQ2,TSRYS5906509,D,S,T,2024-10-16,1000000.00,3.854023,100.05859375
08:00:31,91282CLQ2,TSRYS5906509,D,S,T,2024-10-16,1000000.00,3.854023,100.05859375
08:00:31,91282CLQ2,TSRYS5906509,D,S,T,2024-10-16,1000000.00,3.854023,100.05859375
08:00:31,91282CLQ2,TSRYS5906509,D,S,T,2024-10-16,1000000.00,3.854023,100.05859375
08:00:31,91282CLQ2,TSRYS5906509,D,S,T,2024-10-16,1000000.00,3.854023,100.05859375
08:00:31,91282CLQ2,TSRYS5906509,D,S,T,2024-10-16,1000000.00,3.854023,100.05859375
08:00:31,91282CLQ2,TSRYS5906509,D,S,T,2024-10-16,1000000.00,3.854023,100.05859375
08:00:31,91282CLQ2,TSRYS5906509,D,S,T,2024-10-16,1000000.00,3.854023,100.05859375
08:00:31,91282CLQ2,TSRYS5906509,D,S,T,2024-10-16,1000000.00,3.854023,100.05859375
08:00:31,91282CLQ2,TSRYS5906509,D,S,T,2024-10-16,1000000.00,3.85263,100.0625
08:00:31,91282CLQ2,TSRYS5906509,D,S,T,2024-10-16,1000000.00,3.85263,100.0625
08:00:31,91282CLQ2,TSRYS5906509,D,S,T,2024-10-16,1000000.00,3.85263,100.0625
08:00:31,91282CLQ2,TSRYS5906509,D,S,T,2024-10-16,1000000.00,3.85263,100.0625
08:00:31,91282CLQ2,TSRYS5906509,D,S,T,2024-10-16,1000000.00,3.85263,100.0625
08:00:31,91282CLQ2,TSRYS5906509,D,S,T,2024-10-16,1000000.00,3.85263,100.0625
08:00:31,91282CLQ2,TSRYS5906509,D,S,T,2024-10-16,1000000.00,3.854023,100.05859375
08:00:31,91282CLQ2,TSRYS5906509,D,S,T,2024-10-16,1000000.00,3.854023,100.05859375
08:00:31,91282CLQ2,TSRYS5906509,D,S,T,2024-10-16,1000000.00,3.854023,100.05859375
08:00:31,91282CLQ2,TSRYS5906509,D,S,T,2024-10-16,1000000.00,3.854023,100.05859375
08:00:31,91282CLQ2,TSRYS5906509,D,S,T,2024-10-16,1000000.00,3.854023,100.05859375
08:00:31,91282CLQ2,TSRYS5906509,D,S,T,2024-10-16,1000000.00,3.854023,100.05859375
08:00:31,91282CLQ2,TSRYS5906509,D,S,T,2024-10-16,4000000.00,3.854719,100.056640625
08:00:31,91282CLQ2,TSRYS5906509,D,S,T,2024-10-16,1000000.00,3.854023,100.05859375
08:00:31,91282CLQ2,TSRYS5906509,D,S,T,2024-10-16,1000000.00,3.854023,100.05859375
08:00:31,91282CLQ2,TSRYS5906509,D,S,T,2024-10-16,1000000.00,3.85263,100.0625
08:00:31,91282CLQ2,TSRYS5906509,D,S,T,2024-10-16,1000000.00,3.85263,100.0625
08:00:31,91282CLQ2,TSRYS5906509,D,S,T,2024-10-16,1000000.00,3.85263,100.0625
08:00:31,91282CLQ2,TSRYS5906509,D,S,T,2024-10-16,1000000.00,3.85263,100.0625
08:00:31,91282CLQ2,TSRYS5906509,D,S,T,2024-10-16,1000000.00,3.85263,100.0625
08:00:31,91282CLQ2,TSRYS5906509,D,S,T,2024-10-16,1000000.00,3.85263,100.0625
08:00:31,91282CLQ2,TSRYS5906509,D,S,T,2024-10-16,2000000.00,3.85263,100.0625
08:00:31,91282CLQ2,TSRYS5906509,D,S,T,2024-10-16,1000000.00,3.85263,100.0625
08:00:31,91282CLQ2,TSRYS5906509,D,S,T,2024-10-16,1000000.00,3.85263,100.0625
08:00:31,91282CLQ2,TSRYS5906509,D,S,T,2024-10-16,2000000.00,3.854023,100.05859375
08:00:31,91282CLQ2,TSRYS5906509,D,S,T,2024-10-16,1000000.00,3.855416,100.0546875
08:00:31,91282CLQ2,TSRYS5906509,D,S,T,2024-10-16,1000000.00,3.855416,100.0546875
08:00:31,91282CLQ2,TSRYS5906509,D,S,T,2024-10-16,2000000.00,3.85054,100.068359375
08:00:31,91282CLQ2,TSRYS5906509,D,S,T,2024-10-16,1000000.00,3.849844,100.0703125
08:00:31,91282CLQ2,TSRYS5906509,D,S,T,2024-10-16,2000000.00,3.85054,100.068359375
08:00:31,91282CLQ2,TSRYS5906509,D,S,T,2024-10-16,1000000.00,3.849844,100.0703125
08:00:31,91282CLQ2,TSRYS5906509,D,S,T,2024-10-16,1000000.00,3.849844,100.0703125
08:00:31,91282CLQ2,TSRYS5906509,D,S,T,2024-10-16,1000000.00,3.849844,100.0703125
08:00:31,91282CLQ2,TSRYS5906509,D,S,D,2024-10-16,1000000.00,3.847058,100.078125
08:00:31,91282CLQ2,TSRYS5906509,D,S,T,2024-10-16,1000000.00,3.847058,100.078125
08:00:31,91282CLQ2,TSRYS5906509,D,S,T,2024-10-16,1000000.00,3.845665,100.08203125
08:00:31,91282CLQ2,TSRYS5906509,D,S,T,2024-10-16,1000000.00,3.845665,100.08203125
08:00:31,91282CLQ2,TSRYS5906509,D,S,T,2024-10-16,1000000.00,3.845665,100.08203125
08:00:31,91282CLQ2,TSRYS5906509,D,S,T,2024-10-16,1000000.00,3.845665,100.08203125
08:00:31,91282CLQ2,TSRYS5906509,D,S,T,2024-10-16,1000000.00,3.844272,100.0859375
08:00:31,91282CLQ2,TSRYS5906509,D,S,T,2024-10-16,1000000.00,3.844272,100.0859375
08:00:31,91282CLQ2,TSRYS5906509,D,S,T,2024-10-16,1000000.00,3.844272,100.0859375
08:00:31,91282CLQ2,TSRYS5906509,D,S,T,2024-10-16,2000000.00,3.844272,100.0859375
08:00:31,91282CLQ2,TSRYS5906509,D,S,T,2024-10-16,1000000.00,3.842879,100.08984375
08:00:31,91282CLQ2,TSRYS5906509,D,S,T,2024-10-16,1000000.00,3.842879,100.08984375
08:00:31,91282CLQ2,TSRYS5906509,D,S,T,2024-10-16,1000000.00,3.840094,100.09765625
08:00:31,91282CLQ2,TSRYS5906509,D,S,T,2024-10-16,1000000.00,3.841487,100.09375
08:00:31,91282CLQ2,TSRYS5906509,D,S,T,2024-10-16,1000000.00,3.842879,100.08984375
08:00:31,91282CLQ2,TSRYS5906509,D,S,T,2024-10-16,1000000.00,3.842879,100.08984375
08:00:31,91282CLQ2,TSRYS5906509,D,S,T,2024-10-16,1000000.00,3.844272,100.0859375
08:00:31,91282CLQ2,TSRYS5906509,D,S,T,2024-10-16,1000000.00,3.841487,100.09375
08:00:31,91282CLQ2,TSRYS5906509,D,S,T,2024-10-16,1000000.00,3.841487,100.09375
08:00:31,91282CLQ2,TSRYS5906509,D,S,T,2024-10-16,1000000.00,3.842879,100.08984375
08:00:31,91282CLQ2,TSRYS5906509,D,S,T,2024-10-16,1000000.00,3.842879,100.08984375
08:00:31,91282CLQ2,TSRYS5906509,D,S,T,2024-10-16,1000000.00,3.844272,100.0859375
08:00:31,91282CLQ2,TSRYS5906509,D,S,T,2024-10-16,1000000.00,3.843576,100.087890625
08:00:31,91282CLQ2,TSRYS5906509,D,S,D,2024-10-16,1000000.00,3.838702,100.1015625
08:00:31,91282CLQ2,TSRYS5906509,D,S,T,2024-10-16,1000000.00,3.841487,100.09375
08:00:31,91282CLQ2,TSRYS5906509,D,S,T,2024-10-16,1000000.00,3.844272,100.0859375
08:00:31,91282CLQ2,TSRYS5906509,D,S,T,2024-10-16,1000000.00,3.844272,100.0859375
08:00:31,91282CLQ2,TSRYS5906509,D,S,T,2024-10-16,1000000.00,3.844272,100.0859375
08:00:31,91282CLQ2,TSRYS5906509,D,S,T,2024-10-16,1000000.00,3.845665,100.08203125
08:00:31,91282CLQ2,TSRYS5906509,D,S,T,2024-10-16,1000000.00,3.845665,100.08203125
08:00:31,91282CLQ2,TSRYS5906509,D,S,T,2024-10-16,1000000.00,3.842879,100.08984375
08:00:31,91282CLQ2,TSRYS5906509,D,S,T,2024-10-16,1000000.00,3.842879,100.08984375
08:00:31,91282CLQ2,TSRYS5906509,D,S,T,2024-10-16,1000000.00,3.842879,100.08984375
08:00:31,91282CLQ2,TSRYS5906509,D,S,T,2024-10-16,1000000.00,3.844272,100.0859375
08:00:31,91282CLQ2,TSRYS5906509,D,S,T,2024-10-16,1000000.00,3.844272,100.0859375
08:00:31,91282CLQ2,TSRYS5906509,D,S,T,2024-10-16,1000000.00,3.845665,100.08203125
08:00:31,91282CLQ2,TSRYS5906509,D,S,T,2024-10-16,1000000.00,3.845665,100.08203125
08:00:31,91282CLQ2,TSRYS5906509,D,S,T,2024-10-16,1000000.00,3.845665,100.08203125
08:00:31,91282CLQ2,TSRYS5906509,D,S,T,2024-10-16,1000000.00,3.845665,100.08203125
08:00:31,91282CLQ2,TSRYS5906509,D,S,T,2024-10-16,4000000.00,3.845665,100.08203125
08:00:31,91282CLQ2,TSRYS5906509,D,S,T,2024-10-16,1000000.00,3.845665,100.08203125
08:00:31,91282CLQ2,TSRYS5906509,D,S,T,2024-10-16,1000000.00,3.842879,100.08984375
08:00:31,91282CLQ2,TSRYS5906509,D,S,T,2024-10-16,1000000.00,3.842879,100.08984375
08:00:31,91282CLQ2,TSRYS5906509,D,S,T,2024-10-16,1000000.00,3.842879,100.08984375
08:00:31,91282CLQ2,TSRYS5906509,D,S,T,2024-10-16,1000000.00,3.842879,100.08984375
08:00:31,91282CLQ2,TSRYS5906509,D,S,T,2024-10-16,1000000.00,3.842879,100.08984375
08:00:31,91282CLQ2,TSRYS5906509,D,S,T,2024-10-16,1000000.00,3.842879,100.08984375
08:00:31,91282CLQ2,TSRYS5906509,D,S,T,2024-10-16,1000000.00,3.844272,100.0859375
08:00:31,91282CLQ2,TSRYS5906509,D,S,T,2024-10-16,1000000.00,3.844272,100.0859375
08:00:31,91282CLQ2,TSRYS5906509,D,S,T,2024-10-16,1000000.00,3.847058,100.078125
08:00:31,91282CLQ2,TSRYS5906509,D,S,T,2024-10-16,5000000.00,3.847058,100.078125
08:00:31,91282CLQ2,TSRYS5906509,D,S,T,2024-10-16,1000000.00,3.845665,100.08203125
08:00:31,91282CLQ2,TSRYS5906509,D,S,T,2024-10-16,1000000.00,3.845665,100.08203125
08:00:31,91282CLQ2,TSRYS5906509,D,S,T,2024-10-16,1000000.00,3.844272,100.0859375
08:00:31,91282CLQ2,TSRYS5906509,D,S,T,2024-10-16,1000000.00,3.844272,100.0859375
08:00:31,91282CLQ2,TSRYS5906509,D,S,T,2024-10-16,1000000.00,3.844272,100.0859375
08:00:31,91282CLQ2,TSRYS5906509,D,S,T,2024-10-16,1000000.00,3.844272,100.0859375
08:00:31,91282CLQ2,TSRYS5906509,D,S,T,2024-10-16,2000000.00,3.844272,100.0859375
08:00:31,91282CLQ2,TSRYS5906509,D,S,T,2024-10-16,1000000.00,3.844272,100.0859375
08:00:31,91282CLQ2,TSRYS5906509,D,S,T,2024-10-16,1000000.00,3.844969,100.083984375
08:00:31,91282CLQ2,TSRYS5906509,D,S,T,2024-10-16,1000000.00,3.845665,100.08203125
08:00:31,91282CLQ2,TSRYS5906509,D,S,T,2024-10-16,1000000.00,3.847058,100.078125
08:00:31,91282CLQ2,TSRYS5906509,D,S,T,2024-10-16,1000000.00,3.844272,100.0859375
08:00:31,91282CLQ2,TSRYS5906509,D,S,T,2024-10-16,1000000.00,3.844272,100.0859375
08:00:31,91282CLQ2,TSRYS5906509,D,S,T,2024-10-16,1000000.00,3.844272,100.0859375
08:00:31,91282CLQ2,TSRYS5906509,D,S,T,2024-10-16,1000000.00,3.844272,100.0859375
08:00:31,91282CLQ2,TSRYS5906509,D,S,T,2024-10-16,1000000.00,3.842879,100.08984375
08:00:31,91282CLQ2,TSRYS5906509,D,S,T,2024-10-16,1000000.00,3.841487,100.09375
08:00:32,91282CLQ2,TSRYS5906509,D,S,T,2024-10-16,1000000.00,3.841487,100.09375
08:00:32,91282CLQ2,TSRYS5906509,D,S,T,2024-10-16,1000000.00,3.841487,100.09375
08:00:32,91282CLQ2,TSRYS5906509,D,S,T,2024-10-16,1000000.00,3.841487,100.09375
08:00:32,91282CLQ2,TSRYS5906509,D,S,T,2024-10-16,1000000.00,3.841487,100.09375
08:00:32,91282CLQ2,TSRYS5906509,D,S,T,2024-10-16,1000000.00,3.841487,100.09375
08:00:32,91282CLQ2,TSRYS5906509,D,S,T,2024-10-16,1000000.00,3.840094,100.09765625
08:00:32,91282CLQ2,TSRYS5906509,D,S,T,2024-10-16,1000000.00,3.840094,100.09765625
08:00:32,91282CLQ2,TSRYS5906509,D,S,T,2024-10-16,1000000.00,3.840094,100.09765625
08:00:32,91282CLQ2,TSRYS5906509,D,S,T,2024-10-16,1000000.00,3.840094,100.09765625
08:00:32,91282CLQ2,TSRYS5906509,D,S,T,2024-10-16,1000000.00,3.838702,100.1015625
08:00:32,91282CLQ2,TSRYS5906509,D,S,T,2024-10-16,1000000.00,3.838702,100.1015625
08:00:32,91282CLQ2,TSRYS5906509,D,S,T,2024-10-16,1000000.00,3.838702,100.1015625
08:00:32,91282CLQ2,TSRYS5906509,D,S,T,2024-10-16,1000000.00,3.838702,100.1015625
08:00:32,91282CLQ2,TSRYS5906509,D,S,T,2024-10-16,1000000.00,3.838702,100.1015625
08:00:32,91282CLQ2,TSRYS5906509,D,S,T,2024-10-16,1000000.00,3.838702,100.1015625
08:00:32,91282CLQ2,TSRYS5906509,D,S,T,2024-10-16,1000000.00,3.838702,100.1015625
08:00:32,91282CLQ2,TSRYS5906509,D,S,T,2024-10-16,1000000.00,3.838702,100.1015625
08:00:32,91282CLQ2,TSRYS5906509,D,S,T,2024-10-16,1000000.00,3.838702,100.1015625
08:00:32,91282CLQ2,TSRYS5906509,D,S,T,2024-10-16,1000000.00,3.838702,100.1015625
08:00:32,91282CLQ2,TSRYS5906509,D,S,T,2024-10-16,1000000.00,3.838702,100.1015625
08:00:32,91282CLQ2,TSRYS5906509,D,S,T,2024-10-16,1000000.00,3.838702,100.1015625
08:00:32,91282CLQ2,TSRYS5906509,D,S,T,2024-10-16,1000000.00,3.838702,100.1015625
08:00:32,91282CLQ2,TSRYS5906509,D,S,T,2024-10-16,1000000.00,3.838702,100.1015625
08:00:32,91282CLQ2,TSRYS5906509,D,S,T,2024-10-16,1000000.00,3.838702,100.1015625
08:00:32,91282CLQ2,TSRYS5906509,D,S,T,2024-10-16,1000000.00,3.838702,100.1015625
08:00:32,91282CLQ2,TSRYS5906509,D,S,T,2024-10-16,1000000.00,3.838702,100.1015625
08:00:32,91282CLQ2,TSRYS5906509,D,S,T,2024-10-16,1000000.00,3.838702,100.1015625
08:00:32,91282CLQ2,TSRYS5906509,D,S,T,2024-10-16,2000000.00,3.838702,100.1015625
08:00:32,91282CLQ2,TSRYS5906509,D,S,T,2024-10-16,1000000.00,3.840094,100.09765625
08:00:32,91282CLQ2,TSRYS5906509,D,S,T,2024-10-16,1000000.00,3.840094,100.09765625
08:00:32,91282CLQ2,TSRYS5906509,D,S,T,2024-10-16,1000000.00,3.840094,100.09765625
08:00:32,91282CLQ2,TSRYS5906509,D,S,T,2024-10-16,1000000.00,3.840094,100.09765625
08:00:32,91282CLQ2,TSRYS5906509,D,S,T,2024-10-16,1000000.00,3.840094,100.09765625
08:00:32,91282CLQ2,TSRYS5906509,D,S,T,2024-10-16,1000000.00,3.840094,100.09765625
08:00:32,91282CLQ2,TSRYS5906509,D,S,T,2024-10-16,1000000.00,3.840094,100.09765625
08:00:32,91282CLQ2,TSRYS5906509,D,S,T,2024-10-16,2000000.00,3.838702,100.1015625
08:00:32,91282CLQ2,TSRYS5906509,D,S,T,2024-10-16,1000000.00,3.837309,100.10546875
08:00:32,91282CLQ2,TSRYS5906509,D,S,T,2024-10-16,1000000.00,3.838702,100.1015625
08:00:32,91282CLQ2,TSRYS5906509,D,S,T,2024-10-16,1000000.00,3.838702,100.1015625
08:00:32,91282CLQ2,TSRYS5906509,D,S,T,2024-10-16,1000000.00,3.838702,100.1015625
08:00:32,91282CLQ2,TSRYS5906509,D,S,T,2024-10-16,1000000.00,3.838702,100.1015625
08:00:32,91282CLQ2,TSRYS5906509,D,S,T,2024-10-16,1000000.00,3.838702,100.1015625
08:00:32,91282CLQ2,TSRYS5906509,D,S,T,2024-10-16,1000000.00,3.838702,100.1015625
08:00:32,91282CLQ2,TSRYS5906509,D,S,T,2024-10-16,1000000.00,3.837309,100.10546875
08:00:32,91282CLQ2,TSRYS5906509,D,S,T,2024-10-16,1000000.00,3.835917,100.109375
08:00:32,91282CLQ2,TSRYS5906509,D,S,T,2024-10-16,1000000.00,3.835917,100.109375
08:00:32,91282CLQ2,TSRYS5906509,D,S,T,2024-10-16,1000000.00,3.835917,100.109375
08:00:32,91282CLQ2,TSRYS5906509,D,S,T,2024-10-16,1000000.00,3.835917,100.109375
08:00:32,91282CLQ2,TSRYS5906509,D,S,T,2024-10-16,1000000.00,3.835917,100.109375
08:00:32,91282CLQ2,TSRYS5906509,D,S,T,2024-10-16,1000000.00,3.835917,100.109375
08:00:32,91282CLQ2,TSRYS5906509,D,S,T,2024-10-16,1000000.00,3.835917,100.109375
08:00:32,91282CLQ2,TSRYS5906509,D,S,T,2024-10-16,1000000.00,3.837309,100.10546875
08:00:32,91282CLQ2,TSRYS5906509,D,S,T,2024-10-16,1000000.00,3.836613,100.107421875
08:00:32,91282CLQ2,TSRYS5906509,D,S,T,2024-10-16,1000000.00,3.837309,100.10546875
08:00:32,91282CLQ2,TSRYS5906509,D,S,T,2024-10-16,1000000.00,3.837309,100.10546875
08:00:32,91282CLQ2,TSRYS5906509,D,S,T,2024-10-16,1000000.00,3.835917,100.109375
08:00:32,91282CLQ2,TSRYS5906509,D,S,T,2024-10-16,1000000.00,3.834525,100.11328125
08:00:32,91282CLQ2,TSRYS5906509,D,S,T,2024-10-16,1000000.00,3.837309,100.10546875
08:00:32,91282CLQ2,TSRYS5906509,D,S,T,2024-10-16,1000000.00,3.837309,100.10546875
08:00:32,91282CLQ2,TSRYS5906509,D,S,T,2024-10-16,1000000.00,3.837309,100.10546875
08:00:32,91282CLQ2,TSRYS5906509,D,S,T,2024-10-16,1000000.00,3.837309,100.10546875
08:00:32,91282CLQ2,TSRYS5906509,D,S,T,2024-10-16,1000000.00,3.837309,100.10546875
08:00:32,91282CLQ2,TSRYS5906509,D,S,T,2024-10-16,1000000.00,3.837309,100.10546875
08:00:32,91282CLQ2,TSRYS5906509,D,S,T,2024-10-16,1000000.00,3.837309,100.10546875
08:00:32,91282CLQ2,TSRYS5906509,D,S,T,2024-10-16,1000000.00,3.837309,100.10546875
08:00:32,91282CLQ2,TSRYS5906509,D,S,T,2024-10-16,1000000.00,3.837309,100.10546875
08:00:32,91282CLQ2,TSRYS5906509,D,S,T,2024-10-16,1000000.00,3.837309,100.10546875
08:00:32,91282CLQ2,TSRYS5906509,D,S,T,2024-10-16,1000000.00,3.835917,100.109375
08:00:32,91282CLQ2,TSRYS5906509,D,S,T,2024-10-16,1000000.00,3.835917,100.109375
08:00:32,91282CLQ2,TSRYS5906509,D,S,T,2024-10-16,1000000.00,3.835917,100.109375
08:00:32,91282CLQ2,TSRYS5906509,D,S,T,2024-10-16,1000000.00,3.833132,100.1171875
08:00:32,91282CLQ2,TSRYS5906509,D,S,T,2024-10-16,1000000.00,3.831044,100.123046875
08:00:32,91282CLQ2,TSRYS5906509,D,S,T,2024-10-16,1000000.00,3.831044,100.123046875
08:00:32,91282CLQ2,TSRYS5906509,D,S,T,2024-10-16,1000000.00,3.830348,100.125
08:00:32,91282CLQ2,TSRYS5906509,D,S,T,2024-10-16,1000000.00,3.830348,100.125
08:00:32,91282CLQ2,TSRYS5906509,D,S,T,2024-10-16,1000000.00,3.830348,100.125
08:00:32,91282CLQ2,TSRYS5906509,D,S,T,2024-10-16,1000000.00,3.830348,100.125
08:00:32,91282CLQ2,TSRYS5906509,D,S,T,2024-10-16,1000000.00,3.830348,100.125
08:00:32,91282CLQ2,TSRYS5906509,D,S,T,2024-10-16,1000000.00,3.830348,100.125
08:00:32,91282CLQ2,TSRYS5906509,D,S,T,2024-10-16,1000000.00,3.830348,100.125
08:00:32,91282CLQ2,TSRYS5906509,D,S,T,2024-10-16,1000000.00,3.830348,100.125
08:00:32,91282CLQ2,TSRYS5906509,D,S,T,2024-10-16,1000000.00,3.830348,100.125
08:00:32,91282CLQ2,TSRYS5906509,D,S,T,2024-10-16,1000000.00,3.830348,100.125
08:00:32,91282CLQ2,TSRYS5906509,D,S,T,2024-10-16,1000000.00,3.83174,100.12109375
08:00:32,91282CLQ2,TSRYS5906509,D,S,T,2024-10-16,1000000.00,3.83174,100.12109375
08:00:32,91282CLQ2,TSRYS5906509,D,S,T,2024-10-16,13000000.00,3.83174,100.12109375
08:00:32,91282CLQ2,TSRYS5906509,D,S,T,2024-10-16,1000000.00,3.83174,100.12109375
08:00:32,91282CLQ2,TSRYS5906509,D,S,T,2024-10-16,1000000.00,3.831044,100.123046875
08:00:32,91282CLQ2,TSRYS5906509,D,S,T,2024-10-16,1000000.00,3.83174,100.12109375
08:00:32,91282CLQ2,TSRYS5906509,D,S,T,2024-10-16,1000000.00,3.83174,100.12109375
08:00:32,91282CLQ2,TSRYS5906509,D,S,T,2024-10-16,1000000.00,3.83174,100.12109375
08:00:32,91282CLQ2,TSRYS5906509,D,S,T,2024-10-16,1000000.00,3.83174,100.12109375
08:00:32,91282CLQ2,TSRYS5906509,D,S,T,2024-10-16,1000000.00,3.83174,100.12109375
08:00:32,91282CLQ2,TSRYS5906509,D,S,T,2024-10-16,1000000.00,3.853326,100.060546875
08:00:32,91282CLQ2,TSRYS5906509,D,S,T,2024-10-16,1000000.00,3.853326,100.060546875
08:00:32,91282CLQ2,TSRYS5906509,D,S,T,2024-10-16,1000000.00,3.83174,100.12109375
08:00:32,91282CLQ2,TSRYS5906509,D,S,T,2024-10-16,1000000.00,3.83174,100.12109375
08:00:32,91282CLQ2,TSRYS5906509,D,S,T,2024-10-16,1000000.00,3.83174,100.12109375
08:00:32,91282CLQ2,TSRYS5906509,D,S,T,2024-10-16,1000000.00,3.835917,100.109375
08:00:32,91282CLQ2,TSRYS5906509,D,S,T,2024-10-16,1000000.00,3.835917,100.109375
08:00:32,91282CLQ2,TSRYS5906509,D,S,T,2024-10-16,1000000.00,3.854023,100.05859375
08:00:32,91282CLQ2,TSRYS5906509,D,S,T,2024-10-16,1000000.00,3.854023,100.05859375
08:00:32,91282CLQ2,TSRYS5906509,D,S,T,2024-10-16,1000000.00,3.854719,100.056640625
08:00:32,91282CLQ2,TSRYS5906509,D,S,T,2024-10-16,1000000.00,3.835917,100.109375
08:00:32,91282CLQ2,TSRYS5906509,D,S,T,2024-10-16,1000000.00,3.837309,100.10546875
08:00:32,91282CLQ2,TSRYS5906509,D,S,T,2024-10-16,1000000.00,3.840094,100.09765625
08:00:32,91282CLQ2,TSRYS5906509,D,S,T,2024-10-16,1000000.00,3.854023,100.05859375
08:00:32,91282CLQ2,TSRYS5906509,D,S,T,2024-10-16,1000000.00,3.854023,100.05859375
08:00:32,91282CLQ2,TSRYS5906509,D,S,T,2024-10-16,1000000.00,3.854023,100.05859375
08:00:32,91282CLQ2,TSRYS5906509,D,S,T,2024-10-16,2000000.00,3.837309,100.10546875
08:00:32,91282CLQ2,TSRYS5906509,D,S,T,2024-10-16,1000000.00,3.838702,100.1015625
08:00:32,91282CLQ2,TSRYS5906509,D,S,T,2024-10-16,1000000.00,3.838702,100.1015625
08:00:32,91282CLQ2,TSRYS5906509,D,S,T,2024-10-16,1000000.00,3.838702,100.1015625
08:00:32,91282CLQ2,TSRYS5906509,D,S,T,2024-10-16,1000000.00,3.838702,100.1015625
08:00:32,91282CLQ2,TSRYS5906509,D,S,T,2024-10-16,1000000.00,3.838702,100.1015625
08:00:32,91282CLQ2,TSRYS5906509,D,S,T,2024-10-16,1000000.00,3.840094,100.09765625
08:00:32,91282CLQ2,TSRYS5906509,D,S,T,2024-10-16,2000000.00,3.840094,100.09765625
08:00:32,91282CLQ2,TSRYS5906509,D,S,T,2024-10-16,1000000.00,3.840094,100.09765625
08:00:32,91282CLQ2,TSRYS5906509,D,S,T,2024-10-16,1000000.00,3.840094,100.09765625
08:00:32,91282CLQ2,TSRYS5906509,D,S,T,2024-10-16,1000000.00,3.840094,100.09765625
08:00:32,91282CLQ2,TSRYS5906509,D,S,T,2024-10-16,1000000.00,3.854023,100.05859375
08:00:32,91282CLQ2,TSRYS5906509,D,S,T,2024-10-16,1000000.00,3.854023,100.05859375
08:00:32,91282CLQ2,TSRYS5906509,D,S,T,2024-10-16,1000000.00,3.854023,100.05859375
08:00:32,91282CLQ2,TSRYS5906509,D,S,T,2024-10-16,1000000.00,3.854023,100.05859375
08:00:32,91282CLQ2,TSRYS5906509,D,S,T,2024-10-16,1000000.00,3.840094,100.09765625
08:00:32,91282CLQ2,TSRYS5906509,D,S,T,2024-10-16,1000000.00,3.840094,100.09765625
08:00:32,91282CLQ2,TSRYS5906509,D,S,T,2024-10-16,1000000.00,3.838702,100.1015625
08:00:32,91282CLQ2,TSRYS5906509,D,S,T,2024-10-16,1000000.00,3.838702,100.1015625
08:00:32,91282CLQ2,TSRYS5906509,D,S,T,2024-10-16,1000000.00,3.838702,100.1015625
08:00:32,91282CLQ2,TSRYS5906509,D,S,T,2024-10-16,1000000.00,3.837309,100.10546875
08:00:32,91282CLQ2,TSRYS5906509,D,S,T,2024-10-16,1000000.00,3.837309,100.10546875
08:00:32,91282CLQ2,TSRYS5906509,D,S,T,2024-10-16,1000000.00,3.837309,100.10546875
08:00:32,91282CLQ2,TSRYS5906509,D,S,T,2024-10-16,1000000.00,3.837309,100.10546875
08:00:32,91282CLQ2,TSRYS5906509,D,S,T,2024-10-16,1000000.00,3.837309,100.10546875
08:00:32,91282CLQ2,TSRYS5906509,D,S,T,2024-10-16,1000000.00,3.838006,100.103515625
08:00:32,91282CLQ2,TSRYS5906509,D,S,T,2024-10-16,1000000.00,3.838702,100.1015625
08:00:32,91282CLQ2,TSRYS5906509,D,S,T,2024-10-16,1000000.00,3.838702,100.1015625
08:00:32,91282CLQ2,TSRYS5906509,D,S,T,2024-10-16,1000000.00,3.838702,100.1015625
08:00:32,91282CLQ2,TSRYS5906509,D,S,T,2024-10-16,1000000.00,3.838702,100.1015625
08:00:32,91282CLQ2,TSRYS5906509,D,S,T,2024-10-16,1000000.00,3.838702,100.1015625
08:00:32,91282CLQ2,TSRYS5906509,D,S,T,2024-10-16,1000000.00,3.838702,100.1015625
08:00:32,91282CLQ2,TSRYS5906509,D,S,T,2024-10-16,1000000.00,3.838702,100.1015625
08:00:32,91282CLQ2,TSRYS5906509,D,S,T,2024-10-16,1000000.00,3.838702,100.1015625
08:00:32,91282CLQ2,TSRYS5906509,D,S,T,2024-10-16,1000000.00,3.838702,100.1015625
08:00:32,91282CLQ2,TSRYS5906509,D,S,T,2024-10-16,2000000.00,3.838702,100.1015625
08:00:32,91282CLQ2,TSRYS5906509,D,S,T,2024-10-16,2000000.00,3.838702,100.1015625
08:00:32,91282CLQ2,TSRYS5906509,D,S,T,2024-10-16,1000000.00,3.838006,100.103515625
08:00:32,91282CLQ2,TSRYS5906509,D,S,T,2024-10-16,1000000.00,3.838702,100.1015625
08:00:32,91282CLQ2,TSRYS5906509,D,S,T,2024-10-16,1000000.00,3.838702,100.1015625
08:00:32,91282CLQ2,TSRYS5906509,D,S,T,2024-10-16,2000000.00,3.838702,100.1015625
08:00:32,91282CLQ2,TSRYS5906509,D,S,T,2024-10-16,1000000.00,3.838702,100.1015625
08:00:32,91282CLQ2,TSRYS5906509,D,S,T,2024-10-16,1000000.00,3.838702,100.1015625
08:00:32,91282CLQ2,TSRYS5906509,D,S,T,2024-10-16,1000000.00,3.837309,100.10546875
08:00:32,91282CLQ2,TSRYS5906509,D,S,T,2024-10-16,2000000.00,3.837309,100.10546875
08:00:32,91282CLQ2,TSRYS5906509,D,S,T,2024-10-16,2000000.00,3.837309,100.10546875
08:00:32,91282CLQ2,TSRYS5906509,D,S,T,2024-10-16,2000000.00,3.837309,100.10546875
08:00:32,91282CLQ2,TSRYS5906509,D,S,T,2024-10-16,2000000.00,3.837309,100.10546875
08:00:32,91282CLQ2,TSRYS5906509,D,S,T,2024-10-16,2000000.00,3.837309,100.10546875
08:00:32,91282CLQ2,TSRYS5906509,D,S,T,2024-10-16,1000000.00,3.835917,100.109375
08:00:32,91282CLQ2,TSRYS5906509,D,S,T,2024-10-16,1000000.00,3.835917,100.109375
08:00:32,91282CLQ2,TSRYS5906509,D,S,T,2024-10-16,2000000.00,3.835917,100.109375
08:00:32,91282CLQ2,TSRYS5906509,D,S,T,2024-10-16,2000000.00,3.835917,100.109375
08:00:32,91282CLQ2,TSRYS5906509,D,S,T,2024-10-16,1000000.00,3.835917,100.109375
08:00:32,91282CLQ2,TSRYS5906509,D,S,T,2024-10-16,1000000.00,3.835917,100.109375
08:00:32,91282CLQ2,TSRYS5906509,D,S,T,2024-10-16,1000000.00,3.835917,100.109375
08:00:32,91282CLQ2,TSRYS5906509,D,S,T,2024-10-16,1000000.00,3.835917,100.109375
08:00:32,91282CLQ2,TSRYS5906509,D,S,T,2024-10-16,1000000.00,3.835917,100.109375
08:00:32,91282CLQ2,TSRYS5906509,D,S,T,2024-10-16,1000000.00,3.835917,100.109375
08:00:32,91282CLQ2,TSRYS5906509,D,S,T,2024-10-16,1000000.00,3.834525,100.11328125
08:00:32,91282CLQ2,TSRYS5906509,D,S,T,2024-10-16,1000000.00,3.83174,100.12109375
08:00:32,91282CLQ2,TSRYS5906509,D,S,T,2024-10-16,1000000.00,3.83174,100.12109375
08:00:32,91282CLQ2,TSRYS5906509,D,S,T,2024-10-16,1000000.00,3.83174,100.12109375
08:00:32,91282CLQ2,TSRYS5906509,D,S,T,2024-10-16,1000000.00,3.833132,100.1171875
08:00:32,91282CLQ2,TSRYS5906509,D,S,T,2024-10-16,1000000.00,3.833132,100.1171875
08:00:32,91282CLQ2,TSRYS5906509,D,S,T,2024-10-16,1000000.00,3.83174,100.12109375
08:00:32,91282CLQ2,TSRYS5906509,D,S,T,2024-10-16,1000000.00,3.83174,100.12109375
08:00:32,91282CLQ2,TSRYS5906509,D,S,T,2024-10-16,1000000.00,3.833132,100.1171875
08:00:32,91282CLQ2,TSRYS5906509,D,S,T,2024-10-16,1000000.00,3.833132,100.1171875
08:00:32,91282CLQ2,TSRYS5906509,D,S,T,2024-10-16,1000000.00,3.833132,100.1171875
08:00:32,91282CLQ2,TSRYS5906509,D,S,T,2024-10-16,1000000.00,3.833132,100.1171875
08:00:32,91282CLQ2,TSRYS5906509,D,S,T,2024-10-16,1000000.00,3.833132,100.1171875
08:00:32,91282CLQ2,TSRYS5906509,D,S,T,2024-10-16,1000000.00,3.83174,100.12109375
08:00:32,91282CLQ2,TSRYS5906509,D,S,T,2024-10-16,1000000.00,3.83174,100.12109375
08:00:32,91282CLQ2,TSRYS5906509,D,S,T,2024-10-16,1000000.00,3.83174,100.12109375
08:00:32,91282CLQ2,TSRYS5906509,D,S,T,2024-10-16,1000000.00,3.83174,100.12109375
08:00:32,91282CLQ2,TSRYS5906509,D,S,T,2024-10-16,1000000.00,3.83174,100.12109375
08:00:32,91282CLQ2,TSRYS5906509,D,S,T,2024-10-16,1000000.00,3.831044,100.123046875
08:00:32,91282CLQ2,TSRYS5906509,D,S,T,2024-10-16,1000000.00,3.831044,100.123046875
08:00:32,91282CLQ2,TSRYS5906509,D,S,T,2024-10-16,1000000.00,3.831044,100.123046875
08:00:32,91282CLQ2,TSRYS5906509,D,S,T,2024-10-16,1000000.00,3.831044,100.123046875
08:00:32,91282CLQ2,TSRYS5906509,D,S,T,2024-10-16,1000000.00,3.83174,100.12109375
08:00:32,91282CLQ2,TSRYS5906509,D,S,T,2024-10-16,1000000.00,3.83174,100.12109375
08:00:32,91282CLQ2,TSRYS5906509,D,S,T,2024-10-16,1000000.00,3.832436,100.119140625
08:00:32,91282CLQ2,TSRYS5906509,D,S,T,2024-10-16,1000000.00,3.83174,100.12109375
08:00:32,91282CLQ2,TSRYS5906509,D,S,T,2024-10-16,1000000.00,3.832436,100.119140625
08:00:32,91282CLQ2,TSRYS5906509,D,S,T,2024-10-16,2000000.00,3.832436,100.119140625
08:00:32,91282CLQ2,TSRYS5906509,D,S,T,2024-10-16,1000000.00,3.832436,100.119140625
08:00:32,91282CLQ2,TSRYS5906509,D,S,T,2024-10-16,1000000.00,3.830348,100.125
08:00:32,91282CLQ2,TSRYS5906509,D,S,T,2024-10-16,1000000.00,3.855416,100.0546875
08:00:32,91282CLQ2,TSRYS5906509,D,S,T,2024-10-16,1000000.00,3.855416,100.0546875
08:00:32,91282CLQ2,TSRYS5906509,D,S,T,2024-10-16,1000000.00,3.854719,100.056640625
08:00:32,91282CLQ2,TSRYS5906509,D,S,T,2024-10-16,1000000.00,3.854719,100.056640625
08:00:32,91282CLQ2,TSRYS5906509,D,S,T,2024-10-16,1000000.00,3.854719,100.056640625
08:00:32,91282CLQ2,TSRYS5906509,D,S,T,2024-10-16,1000000.00,3.854719,100.056640625
08:00:32,91282CLQ2,TSRYS5906509,D,S,T,2024-10-16,2000000.00,3.854719,100.056640625
08:00:32,91282CLQ2,TSRYS5906509,D,S,T,2024-10-16,2000000.00,3.854719,100.056640625
08:00:32,91282CLQ2,TSRYS5906509,D,S,T,2024-10-16,2000000.00,3.854719,100.056640625
08:00:32,91282CLQ2,TSRYS5906509,D,S,T,2024-10-16,2000000.00,3.854719,100.056640625
08:00:32,91282CLQ2,TSRYS5906509,D,S,T,2024-10-16,1000000.00,3.860293,100.041015625
08:00:32,91282CLQ2,TSRYS5906509,D,S,T,2024-10-16,1000000.00,3.860293,100.041015625
08:00:32,91282CLQ2,TSRYS5906509,D,S,T,2024-10-16,1000000.00,3.851933,100.064453125
08:00:32,91282CLQ2,TSRYS5906509,D,S,T,2024-10-16,1000000.00,3.851933,100.064453125
08:00:32,91282CLQ2,TSRYS5906509,D,S,T,2024-10-16,2000000.00,3.854023,100.05859375
08:00:32,91282CLQ2,TSRYS5906509,D,S,T,2024-10-16,2000000.00,3.854023,100.05859375
08:00:32,91282CLQ2,TSRYS5906509,D,S,T,2024-10-16,1000000.00,3.854023,100.05859375
08:00:32,91282CLQ2,TSRYS5906509,D,S,D,2024-10-16,1000000.00,3.834525,100.11328125
08:00:32,91282CLQ2,TSRYS5906509,D,S,T,2024-10-16,1000000.00,3.861686,100.037109375
08:00:32,91282CLQ2,TSRYS5906509,D,S,T,2024-10-16,1000000.00,3.854023,100.05859375
08:00:32,91282CLQ2,TSRYS5906509,D,S,T,2024-10-16,1000000.00,3.854023,100.05859375
08:00:32,91282CLQ2,TSRYS5906509,D,S,T,2024-10-16,2000000.00,3.853326,100.060546875
08:00:32,91282CLQ2,TSRYS5906509,D,S,T,2024-10-16,1000000.00,3.853326,100.060546875
08:00:32,91282CLQ2,TSRYS5906509,D,S,T,2024-10-16,2000000.00,3.855416,100.0546875
08:00:32,91282CLQ2,TSRYS5906509,D,S,T,2024-10-16,2000000.00,3.855416,100.0546875
08:00:33,91282CLQ2,TSRYS5906509,D,S,T,2024-10-16,2000000.00,3.85054,100.068359375
08:00:33,91282CLQ2,TSRYS5906509,D,S,T,2024-10-16,2000000.00,3.85054,100.068359375
08:00:33,91282CLQ2,TSRYS5906509,D,S,T,2024-10-16,1000000.00,3.842879,100.08984375
08:00:33,91282CLQ2,TSRYS5906509,D,S,T,2024-10-16,1000000.00,3.842879,100.08984375
08:00:33,91282CLQ2,TSRYS5906509,D,S,T,2024-10-16,1000000.00,3.840094,100.09765625
08:00:33,91282CLQ2,TSRYS5906509,D,S,T,2024-10-16,1000000.00,3.840094,100.09765625
08:00:33,91282CLQ2,TSRYS5906509,D,S,T,2024-10-16,1000000.00,3.840094,100.09765625
08:00:33,91282CLQ2,TSRYS5906509,D,S,T,2024-10-16,1000000.00,3.840094,100.09765625
08:00:33,91282CLQ2,TSRYS5906509,D,S,T,2024-10-16,1000000.00,3.844272,100.0859375
08:00:33,91282CLQ2,TSRYS5906509,D,S,T,2024-10-16,1000000.00,3.842183,100.091796875
08:00:33,91282CLQ2,TSRYS5906509,D,S,T,2024-10-16,1000000.00,3.843576,100.087890625
08:00:33,91282CLQ2,TSRYS5906509,D,S,T,2024-10-16,1000000.00,3.843576,100.087890625
08:00:33,91282CLQ2,TSRYS5906509,D,S,A,2024-10-16,265000.00,3.855416,100.0546875
08:00:33,91282CLQ2,TSRYS5906509,D,S,T,2024-10-16,1000000.00,3.845665,100.08203125
08:00:33,91282CLQ2,TSRYS5906509,D,S,T,2024-10-16,1000000.00,3.841487,100.09375
08:00:33,91282CLQ2,TSRYS5906509,D,S,T,2024-10-16,1000000.00,3.841487,100.09375
08:00:33,91282CLQ2,TSRYS5906509,D,S,T,2024-10-16,1000000.00,3.847058,100.078125
08:00:33,91282CLQ2,TSRYS5906509,D,S,T,2024-10-16,1000000.00,3.842183,100.091796875
08:00:33,91282CLQ2,TSRYS5906509,D,S,T,2024-10-16,1000000.00,3.841487,100.09375
08:00:33,91282CLQ2,TSRYS5906509,D,S,T,2024-10-16,1000000.00,3.842183,100.091796875
08:00:33,91282CLQ2,TSRYS5906509,D,S,T,2024-10-16,2000000.00,3.842183,100.091796875
08:00:33,91282CLQ2,TSRYS5906509,D,S,T,2024-10-16,2000000.00,3.841487,100.09375
08:00:33,91282CLQ2,TSRYS5906509,D,S,T,2024-10-16,2000000.00,3.841487,100.09375
08:00:33,91282CLQ2,TSRYS5906509,D,S,T,2024-10-16,2000000.00,3.841487,100.09375
08:00:33,91282CLQ2,TSRYS5906509,D,S,T,2024-10-16,2000000.00,3.841487,100.09375
08:00:33,91282CLQ2,TSRYS5906509,D,S,T,2024-10-16,2000000.00,3.840791,100.095703125
08:00:33,91282CLQ2,TSRYS5906509,D,S,T,2024-10-16,2000000.00,3.840791,100.095703125
08:00:33,91282CLQ2,TSRYS5906509,D,S,T,2024-10-16,2000000.00,3.840791,100.095703125
08:00:33,91282CLQ2,TSRYS5906509,D,S,T,2024-10-16,2000000.00,3.840791,100.095703125
08:00:33,91282CLQ2,TSRYS5906509,D,S,T,2024-10-16,9000000.00,3.838702,100.1015625
08:00:33,91282CLQ2,TSRYS5906509,D,S,T,2024-10-16,1000000.00,3.840094,100.09765625
08:00:33,91282CLQ2,TSRYS5906509,D,S,T,2024-10-16,1000000.00,3.840094,100.09765625
08:00:33,91282CLQ2,TSRYS5906509,D,S,T,2024-10-16,2000000.00,3.836613,100.107421875
08:00:33,91282CLQ2,TSRYS5906509,D,S,T,2024-10-16,1000000.00,3.836613,100.107421875
08:00:33,91282CLQ2,TSRYS5906509,D,S,T,2024-10-16,1000000.00,3.834525,100.11328125
08:00:33,91282CLQ2,TSRYS5906509,D,S,T,2024-10-16,1000000.00,3.837309,100.10546875
08:00:33,91282CLQ2,TSRYS5906509,D,S,T,2024-10-16,1000000.00,3.834525,100.11328125
08:00:33,91282CLQ2,TSRYS5906509,D,S,T,2024-10-16,1000000.00,3.83174,100.12109375
08:00:33,91282CLQ2,TSRYS5906509,D,S,T,2024-10-16,1000000.00,3.831044,100.123046875
08:00:33,91282CLQ2,TSRYS5906509,D,S,T,2024-10-16,1000000.00,3.831044,100.123046875
08:00:33,91282CLQ2,TSRYS5906509,D,S,T,2024-10-16,2000000.00,3.831044,100.123046875
08:00:33,91282CLQ2,TSRYS5906509,D,S,T,2024-10-16,1000000.00,3.831044,100.123046875
08:00:33,91282CLQ2,TSRYS5906509,D,S,T,2024-10-16,1000000.00,3.831044,100.123046875
08:00:33,91282CLQ2,TSRYS5906509,D,S,T,2024-10-16,1000000.00,3.831044,100.123046875
08:00:33,91282CLQ2,TSRYS5906509,D,S,T,2024-10-16,1000000.00,3.831044,100.123046875
08:00:33,91282CLQ2,TSRYS5906509,D,S,T,2024-10-16,1000000.00,3.831044,100.123046875
08:00:33,91282CLQ2,TSRYS5906509,D,S,T,2024-10-16,1000000.00,3.831044,100.123046875
08:00:33,91282CLQ2,TSRYS5906509,D,S,T,2024-10-16,1000000.00,3.831044,100.123046875
08:00:33,91282CLQ2,TSRYS5906509,D,S,T,2024-10-16,1000000.00,3.831044,100.123046875
08:00:33,91282CLQ2,TSRYS5906509,D,S,T,2024-10-16,2000000.00,3.832436,100.119140625
08:00:33,91282CLQ2,TSRYS5906509,D,S,T,2024-10-16,1000000.00,3.83174,100.12109375
08:00:33,91282CLQ2,TSRYS5906509,D,S,T,2024-10-16,2000000.00,3.831044,100.123046875
08:00:33,91282CLQ2,TSRYS5906509,D,S,T,2024-10-16,2000000.00,3.831044,100.123046875
08:00:33,91282CLQ2,TSRYS5906509,D,S,T,2024-10-16,1000000.00,3.832436,100.119140625
08:00:33,91282CLQ2,TSRYS5906509,D,S,T,2024-10-16,2000000.00,3.840094,100.09765625
08:00:33,91282CLQ2,TSRYS5906509,D,S,T,2024-10-16,1000000.00,3.840094,100.09765625
08:00:33,91282CLQ2,TSRYS5906509,D,S,T,2024-10-16,2000000.00,3.838006,100.103515625
08:00:33,91282CLQ2,TSRYS5906509,D,S,T,2024-10-16,1000000.00,3.838006,100.103515625
08:00:33,91282CLQ2,TSRYS5906509,D,S,T,2024-10-16,1000000.00,3.838702,100.1015625
08:00:33,91282CLQ2,TSRYS5906509,D,S,T,2024-10-16,2000000.00,3.838006,100.103515625
08:00:33,91282CLQ2,TSRYS5906509,D,S,T,2024-10-16,2000000.00,3.838006,100.103515625
08:00:33,91282CLQ2,TSRYS5906509,D,S,T,2024-10-16,1000000.00,3.835917,100.109375
08:00:33,91282CLQ2,TSRYS5906509,D,S,T,2024-10-16,1000000.00,3.835917,100.109375
08:00:33,91282CLQ2,TSRYS5906509,D,S,T,2024-10-16,1000000.00,3.83174,100.12109375
08:00:33,91282CLQ2,TSRYS5906509,D,S,D,2024-10-16,1000000.00,3.855416,100.0546875
08:00:33,91282CLQ2,TSRYS5906509,D,S,D,2024-10-16,1000000.00,3.854719,100.056640625
08:00:33,91282CLQ2,TSRYS5906509,D,S,D,2024-10-16,1000000.00,3.854719,100.056640625
08:00:33,91282CLQ2,TSRYS5906509,D,S,D,2024-10-16,2000000.00,3.856809,100.05078125
08:00:33,91282CLQ2,TSRYS5906509,D,S,D,2024-10-16,2000000.00,3.854719,100.056640625
08:00:33,91282CLQ2,TSRYS5906509,D,S,D,2024-10-16,2000000.00,3.85263,100.0625
08:00:33,91282CLQ2,TSRYS5906509,D,S,D,2024-10-16,2000000.00,3.846361,100.080078125
08:00:33,91282CLQ2,TSRYS5906509,D,S,D,2024-10-16,2000000.00,3.846361,100.080078125
08:00:33,91282CLQ2,TSRYS5906509,D,S,D,2024-10-16,2000000.00,3.847058,100.078125
08:00:33,91282CLQ2,TSRYS5906509,D,S,D,2024-10-16,1000000.00,3.841487,100.09375
08:00:33,91282CLQ2,TSRYS5906509,D,S,D,2024-10-16,1000000.00,3.840094,100.09765625
08:00:34,91282CLQ2,TSRYS5906509,D,S,D,2024-10-16,2000000.00,3.842879,100.08984375
08:00:34,91282CLQ2,TSRYS5906509,D,S,D,2024-10-16,1000000.00,3.841487,100.09375
08:00:34,91282CLQ2,TSRYS5906509,D,S,D,2024-10-16,1000000.00,3.841487,100.09375
08:00:34,91282CLQ2,TSRYS5906509,D,S,D,2024-10-16,1000000.00,3.835917,100.109375
08:00:34,91282CLQ2,TSRYS5906509,D,S,D,2024-10-16,1000000.00,3.833132,100.1171875
08:00:34,91282CLQ2,TSRYS5906509,D,S,D,2024-10-16,1000000.00,3.855416,100.0546875
08:00:34,91282CLQ2,TSRYS5906509,D,S,D,2024-10-16,1000000.00,3.854719,100.056640625
08:00:34,91282CLQ2,TSRYS5906509,D,S,D,2024-10-16,1000000.00,3.854719,100.056640625
08:00:34,91282CLQ2,TSRYS5906509,D,S,D,2024-10-16,2000000.00,3.856809,100.05078125
08:00:34,91282CLQ2,TSRYS5906509,D,S,D,2024-10-16,2000000.00,3.854719,100.056640625
08:00:34,91282CLQ2,TSRYS5906509,D,S,D,2024-10-16,2000000.00,3.854719,100.056640625
08:00:34,91282CLQ2,TSRYS5906509,D,S,D,2024-10-16,2000000.00,3.85263,100.0625
08:00:34,91282CLQ2,TSRYS5906509,D,S,D,2024-10-16,1000000.00,3.841487,100.09375
08:00:34,91282CLQ2,TSRYS5906509,D,S,D,2024-10-16,1000000.00,3.841487,100.09375
08:00:34,91282CLQ2,TSRYS5906509,D,S,D,2024-10-16,1000000.00,3.840094,100.09765625
08:00:34,91282CLQ2,TSRYS5906509,D,S,D,2024-10-16,2000000.00,3.846361,100.080078125
08:00:34,91282CLQ2,TSRYS5906509,D,S,D,2024-10-16,2000000.00,3.841487,100.09375
08:00:35,91282CLQ2,TSRYS5906509,D,S,D,2024-10-16,1000000.00,3.840791,100.095703125
08:00:35,91282CLQ2,TSRYS5906509,D,S,C,2024-10-16,1000000.00,3.840791,100.095703125
08:00:35,91282CLQ2,TSRYS5906509,D,S,A,2024-10-16,2000000.00,3.855416,100.0546875
08:00:35,91282CLQ2,TSRYS5906509,D,S,T,2024-10-16,1000000.00,3.856809,100.05078125
08:00:35,91282CLQ2,TSRYS5906509,D,S,T,2024-10-16,2000000.00,3.856809,100.05078125
08:00:35,91282CLQ2,TSRYS5906509,D,S,T,2024-10-16,2000000.00,3.856809,100.05078125
08:00:35,91282CLQ2,TSRYS5906509,D,S,T,2024-10-16,3000000.00,3.856809,100.05078125
08:00:35,91282CLQ2,TSRYS5906509,D,S,T,2024-10-16,1000000.00,3.855416,100.0546875
08:00:35,91282CLQ2,TSRYS5906509,D,S,T,2024-10-16,2000000.00,3.855416,100.0546875
08:00:35,91282CLQ2,TSRYS5906509,D,S,T,2024-10-16,1000000.00,3.855416,100.0546875
08:00:35,91282CLQ2,TSRYS5906509,D,S,T,2024-10-16,2000000.00,3.856809,100.05078125
08:00:35,91282CLQ2,TSRYS5906509,D,S,C,2024-10-16,5000000.00,3.835917,100.109375
08:00:35,91282CLQ2,TSRYS5906509,D,S,T,2024-10-16,1000000.00,3.856809,100.05078125
08:00:35,91282CLQ2,TSRYS5906509,D,B,C,2024-10-16,4950000.00,3.838702,100.1015625
08:00:35,91282CLQ2,TSRYS5906509,D,S,T,2024-10-16,1000000.00,3.856809,100.05078125
08:00:35,91282CLQ2,TSRYS5906509,D,S,T,2024-10-16,2000000.00,3.856809,100.05078125
08:00:35,91282CLQ2,TSRYS5906509,D,S,T,2024-10-16,2000000.00,3.856809,100.05078125
08:00:35,91282CLQ2,TSRYS5906509,D,S,T,2024-10-16,1000000.00,3.856809,100.05078125
08:00:35,91282CLQ2,TSRYS5906509,D,S,T,2024-10-16,1000000.00,3.856809,100.05078125
08:00:35,91282CLQ2,TSRYS5906509,D,S,T,2024-10-16,2000000.00,3.856809,100.05078125
08:00:35,91282CLQ2,TSRYS5906509,D,S,T,2024-10-16,2000000.00,3.856809,100.05078125
08:00:35,91282CLQ2,TSRYS5906509,D,S,T,2024-10-16,1000000.00,3.856809,100.05078125
08:00:35,91282CLQ2,TSRYS5906509,D,S,T,2024-10-16,1000000.00,3.856809,100.05078125
08:00:35,91282CLQ2,TSRYS5906509,D,S,T,2024-10-16,1000000.00,3.856809,100.05078125
08:00:35,91282CLQ2,TSRYS5906509,D,S,T,2024-10-16,1000000.00,3.856809,100.05078125
08:00:35,91282CLQ2,TSRYS5906509,D,S,T,2024-10-16,1000000.00,3.856809,100.05078125
08:00:35,91282CLQ2,TSRYS5906509,D,S,T,2024-10-16,1000000.00,3.856809,100.05078125
08:00:35,91282CLQ2,TSRYS5906509,D,S,T,2024-10-16,2000000.00,3.856809,100.05078125
08:00:35,91282CLQ2,TSRYS5906509,D,S,T,2024-10-16,1000000.00,3.856809,100.05078125
08:00:35,91282CLQ2,TSRYS5906509,D,S,T,2024-10-16,1000000.00,3.856809,100.05078125
08:00:35,91282CLQ2,TSRYS5906509,D,S,T,2024-10-16,1000000.00,3.856809,100.05078125
08:00:35,91282CLQ2,TSRYS5906509,D,S,T,2024-10-16,2000000.00,3.856809,100.05078125
08:00:35,91282CLQ2,TSRYS5906509,D,S,T,2024-10-16,1000000.00,3.856809,100.05078125
08:00:35,91282CLQ2,TSRYS5906509,D,S,T,2024-10-16,1000000.00,3.856809,100.05078125
08:00:35,91282CLQ2,TSRYS5906509,D,S,T,2024-10-16,1000000.00,3.856809,100.05078125
08:00:35,91282CLQ2,TSRYS5906509,D,S,T,2024-10-16,1000000.00,3.856809,100.05078125
08:00:36,91282CLQ2,TSRYS5906509,D,S,T,2024-10-16,1000000.00,3.855416,100.0546875
08:00:36,91282CLQ2,TSRYS5906509,D,S,D,2024-10-16,1000000.00,3.859596,100.04296875
08:00:36,91282CLQ2,TSRYS5906509,D,S,D,2024-10-16,1000000.00,3.859596,100.04296875
08:00:36,91282CLQ2,TSRYS5906509,D,S,D,2024-10-16,1000000.00,3.859596,100.04296875
08:00:36,91282CLQ2,TSRYS5906509,D,S,D,2024-10-16,1000000.00,3.859596,100.04296875
08:00:36,91282CLQ2,TSRYS5906509,D,S,D,2024-10-16,1000000.00,3.859596,100.04296875
08:00:36,91282CLQ2,TSRYS5906509,D,S,D,2024-10-16,1000000.00,3.859596,100.04296875
08:00:36,91282CLQ2,TSRYS5906509,D,S,A,2024-10-16,10000000.00,3.842879,100.08984375
08:00:36,91282CLQ2,TSRYS5906509,D,S,T,2024-10-16,1000000.00,3.840094,100.09765625
08:00:36,91282CLQ2,TSRYS5906509,D,S,D,2024-10-16,1000000.00,3.844272,100.0859375
08:00:36,91282CLQ2,TSRYS5906509,D,S,D,2024-10-16,1000000.00,3.844272,100.0859375
08:00:36,91282CLQ2,TSRYS5906509,D,B,A,2024-10-16,1000000.00,3.844272,100.0859375
08:00:36,91282CLQ2,TSRYS5906509,D,B,A,2024-10-16,5000000.00,3.844272,100.0859375
08:00:36,91282CLQ2,TSRYS5906509,D,B,A,2024-10-16,1000000.00,3.844272,100.0859375
08:00:36,91282CLQ2,TSRYS5906509,D,S,T,2024-10-16,1000000.00,3.844272,100.0859375
08:00:36,91282CLQ2,TSRYS5906509,D,S,T,2024-10-16,1000000.00,3.844272,100.0859375
08:00:36,91282CLQ2,TSRYS5906509,D,B,A,2024-10-16,1000000.00,3.844272,100.0859375
08:00:36,91282CLQ2,TSRYS5906509,D,S,T,2024-10-16,5000000.00,3.844272,100.0859375
08:00:36,91282CLQ2,TSRYS5906509,D,B,A,2024-10-16,1000000.00,3.844272,100.0859375
08:00:36,91282CLQ2,TSRYS5906509,D,S,T,2024-10-16,1000000.00,3.844272,100.0859375
08:00:36,91282CLQ2,TSRYS5906509,D,B,A,2024-10-16,1000000.00,3.844272,100.0859375
08:00:36,91282CLQ2,TSRYS5906509,D,S,T,2024-10-16,1000000.00,3.844272,100.0859375
08:00:36,91282CLQ2,TSRYS5906509,D,B,A,2024-10-16,1000000.00,3.844272,100.0859375
08:00:36,91282CLQ2,TSRYS5906509,D,S,T,2024-10-16,1000000.00,3.844272,100.0859375
08:00:36,91282CLQ2,TSRYS5906509,D,S,T,2024-10-16,1000000.00,3.838702,100.1015625
08:00:36,91282CLQ2,TSRYS5906509,D,S,T,2024-10-16,1000000.00,3.838702,100.1015625
08:00:36,91282CLQ2,TSRYS5906509,D,S,T,2024-10-16,1000000.00,3.837309,100.10546875
08:00:36,91282CLQ2,TSRYS5906509,D,S,D,2024-10-16,1000000.00,3.838702,100.1015625
08:00:36,91282CLQ2,TSRYS5906509,D,S,T,2024-10-16,1000000.00,3.834525,100.11328125
08:00:36,91282CLQ2,TSRYS5906509,D,S,T,2024-10-16,1000000.00,3.83174,100.12109375
08:00:36,91282CLQ2,TSRYS5906509,D,S,T,2024-10-16,1000000.00,3.83174,100.12109375
08:00:36,91282CLQ2,TSRYS5906509,D,S,T,2024-10-16,1000000.00,3.837309,100.10546875
08:00:36,91282CLQ2,TSRYS5906509,D,S,A,2024-10-16,500000.00,3.838702,100.1015625
08:00:36,91282CLQ2,TSRYS5906509,D,S,C,2024-10-16,500000.00,3.838702,100.1015625
08:00:36,91282CLQ2,TSRYS5906509,D,S,T,2024-10-16,17000000.00,3.853695,100.059512868
08:00:36,91282CLQ2,TSRYS5906509,D,S,C,2024-10-16,1000000.00,3.839398,100.099609375
08:00:36,91282CLQ2,TSRYS5906509,D,B,C,2024-10-16,12685000.00,3.838702,100.1015625
08:00:36,91282CLQ2,TSRYS5906509,D,B,C,2024-10-16,24935000.00,3.840094,100.09765625
08:00:36,91282CLQ2,TSRYS5906509,D,B,C,2024-10-16,5000000.00,3.830348,100.125
08:00:36,91282CLQ2,TSRYS5906509,D,B,A,2024-10-16,991000.00,3.845665,100.082031
08:00:36,91282CLQ2,TSRYS5906509,D,B,A,2024-10-16,991000.00,3.845665,100.082031
08:00:37,91282CLQ2,TSRYS5906509,D,B,A,2024-10-16,9920000.00,3.844272,100.0859375
08:00:37,91282CLQ2,TSRYS5906509,D,B,A,2024-10-16,48000.00,3.844272,100.0859375
08:00:37,91282CLQ2,TSRYS5906509,D,S,C,2024-10-16,1000000.00,3.838006,100.103515625
08:00:37,91282CLQ2,TSRYS5906509,D,S,C,2024-10-16,1000000.00,3.837309,100.10546875
08:00:37,91282CLQ2,TSRYS5906509,D,S,D,2024-10-16,1000000.00,3.838702,100.1015625
08:00:38,91282CLQ2,TSRYS5906509,D,S,A,2024-10-16,1982000.00,3.845665,100.082031
08:00:39,91282CLQ2,TSRYS5906509,D,S,C,2024-10-16,1000000.00,3.832436,100.119140625
08:00:39,91282CLQ2,TSRYS5906509,D,S,C,2024-10-16,1000000.00,3.832436,100.119140625
08:00:39,91282CLQ2,TSRYS5906509,D,S,C,2024-10-16,1000000.00,3.833829,100.115234375
08:00:40,91282CLQ2,TSRYS5906509,D,S,D,2024-10-16,1000000.00,3.83174,100.12109375
08:00:41,91282CLQ2,TSRYS5906509,D,S,A,2024-10-16,9410000.00,3.844272,100.0859375
08:00:42,91282CLQ2,TSRYS5906509,D,S,T,2024-10-16,1000000.00,3.843576,100.087890625
08:00:42,91282CLQ2,TSRYS5906509,D,S,T,2024-10-16,4000000.00,3.843576,100.087890625
08:00:42,91282CLQ2,TSRYS5906509,D,S,T,2024-10-16,1000000.00,3.843576,100.087890625
08:00:42,91282CLQ2,TSRYS5906509,D,S,T,2024-10-16,2000000.00,3.843576,100.087890625
08:00:42,91282CLQ2,TSRYS5906509,D,S,T,2024-10-16,1000000.00,3.843576,100.087890625
08:00:42,91282CLQ2,TSRYS5906509,D,S,T,2024-10-16,1000000.00,3.843576,100.087890625
08:00:42,91282CLQ2,TSRYS5906509,D,B,A,2024-10-16,167000.00,3.842879,100.08984375
08:00:42,91282CLQ2,TSRYS5906509,D,B,A,2024-10-16,459000.00,3.840094,100.09765625
08:00:42,91282CLQ2,TSRYS5906509,D,S,A,2024-10-16,3000000.00,3.834246,100.11328125
08:00:43,91282CLQ2,TSRYS5906509,D,S,T,2024-10-16,1000000.00,3.828956,100.12890625
08:00:44,91282CLQ2,TSRYS5906509,D,S,D,2024-10-16,3864000.00,3.833132,100.1171875
08:00:44,91282CLQ2,TSRYS5906509,D,S,D,2024-10-16,3866000.00,3.833132,100.1171875
08:00:45,91282CLQ2,TSRYS5906509,D,S,A,2024-10-16,2000000.00,3.835917,100.109375
08:00:47,91282CLQ2,TSRYS5906509,D,S,T,2024-10-16,1000000.00,3.838006,100.103515625
08:00:47,91282CLQ2,TSRYS5906509,D,S,T,2024-10-16,1000000.00,3.838006,100.103515625
08:00:47,91282CLQ2,TSRYS5906509,D,S,T,2024-10-16,1000000.00,3.832436,100.119140625
08:00:47,91282CLQ2,TSRYS5906509,D,S,T,2024-10-16,1000000.00,3.832436,100.119140625
08:00:47,91282CLQ2,TSRYS5906509,D,S,T,2024-10-16,1000000.00,3.832436,100.119140625
08:00:47,91282CLQ2,TSRYS5906509,D,S,T,2024-10-16,1000000.00,3.83174,100.12109375
08:00:47,91282CLQ2,TSRYS5906509,D,S,T,2024-10-16,1000000.00,3.83174,100.12109375
08:00:47,91282CLQ2,TSRYS5906509,D,S,T,2024-10-16,1000000.00,3.83174,100.12109375
08:00:47,91282CLQ2,TSRYS5906509,D,S,T,2024-10-16,1000000.00,3.83174,100.12109375
08:00:47,91282CLQ2,TSRYS5906509,D,S,T,2024-10-16,1000000.00,3.83174,100.12109375
08:00:47,91282CLQ2,TSRYS5906509,D,S,T,2024-10-16,1000000.00,3.831044,100.123046875
08:00:47,91282CLQ2,TSRYS5906509,D,S,T,2024-10-16,1000000.00,3.831044,100.123046875
08:00:47,91282CLQ2,TSRYS5906509,D,S,T,2024-10-16,1000000.00,3.83174,100.12109375
08:00:47,91282CLQ2,TSRYS5906509,D,S,T,2024-10-16,1000000.00,3.83174,100.12109375
08:00:47,91282CLQ2,TSRYS5906509,D,S,T,2024-10-16,1000000.00,3.83174,100.12109375
08:00:47,91282CLQ2,TSRYS5906509,D,S,T,2024-10-16,1000000.00,3.83174,100.12109375
08:00:47,91282CLQ2,TSRYS5906509,D,S,T,2024-10-16,1000000.00,3.83174,100.12109375
08:00:47,91282CLQ2,TSRYS5906509,D,S,T,2024-10-16,1000000.00,3.83174,100.12109375
08:00:49,91282CLQ2,TSRYS5906509,D,S,A,2024-10-16,2000000.00,3.858203,100.046875
08:00:49,91282CLQ2,TSRYS5906509,D,S,T,2024-10-16,1000000.00,3.857506,100.048828125
08:00:57,91282CLQ2,TSRYS5906509,D,S,A,2024-10-16,5000000.00,3.838006,100.103515625
08:00:57,91282CLQ2,TSRYS5906509,D,S,A,2024-10-16,5000000.00,3.838006,100.103515625
08:00:57,91282CLQ2,TSRYS5906509,D,S,A,2024-10-16,630000.00,3.838702,100.1015625
08:00:57,91282CLQ2,TSRYS5906509,D,B,A,2024-10-16,1400000.00,3.837309,100.10546875
08:00:58,91282CLQ2,TSRYS5906509,D,S,D,2024-10-16,9900000.00,3.838702,100.1015625
08:01:00,91282CLQ2,TSRYS5906509,D,B,C,2024-10-16,1000000.00,3.855416,100.0546875
08:01:00,91282CLQ2,TSRYS5906509,D,S,D,2024-10-16,1000000.00,3.855416,100.0546875
08:01:00,91282CLQ2,TSRYS5906509,D,B,C,2024-10-16,1000000.00,3.857506,100.048828125
08:01:00,91282CLQ2,TSRYS5906509,D,S,D,2024-10-16,1000000.00,3.857506,100.048828125
08:01:00,91282CLQ2,TSRYS5906509,D,B,C,2024-10-16,1000000.00,3.856809,100.05078125
08:01:00,91282CLQ2,TSRYS5906509,D,S,D,2024-10-16,1000000.00,3.856809,100.05078125
08:01:00,91282CLQ2,TSRYS5906509,D,B,C,2024-10-16,1000000.00,3.856809,100.05078125
08:01:00,91282CLQ2,TSRYS5906509,D,S,D,2024-10-16,1000000.00,3.856809,100.05078125
08:01:06,91282CLQ2,TSRYS5906509,D,S,T,2024-10-16,2000000.00,3.833179,100.1170575
08:01:06,91282CLQ2,TSRYS5906509,D,S,T,2024-10-16,1000000.00,3.833179,100.1170575
08:01:06,91282CLQ2,TSRYS5906509,D,S,T,2024-10-16,1000000.00,3.833179,100.1170575
08:01:06,91282CLQ2,TSRYS5906509,D,S,T,2024-10-16,2000000.00,3.833179,100.1170575
08:01:07,91282CLQ2,TSRYS5906509,D,S,T,2024-10-16,2000000.00,3.829652,100.126953125
08:01:07,91282CLQ2,TSRYS5906509,D,S,T,2024-10-16,1000000.00,3.829652,100.126953125
08:01:07,91282CLQ2,TSRYS5906509,D,S,T,2024-10-16,2000000.00,3.830348,100.125
08:01:07,91282CLQ2,TSRYS5906509,D,S,T,2024-10-16,1000000.00,3.830348,100.125
08:01:07,91282CLQ2,TSRYS5906509,D,S,T,2024-10-16,2000000.00,3.830348,100.125
08:01:07,91282CLQ2,TSRYS5906509,D,S,T,2024-10-16,1000000.00,3.830348,100.125
08:01:07,91282CLQ2,TSRYS5906509,D,S,T,2024-10-16,1000000.00,3.830348,100.125
08:01:07,91282CLQ2,TSRYS5906509,D,S,T,2024-10-16,1000000.00,3.830348,100.125
08:01:07,91282CLQ2,TSRYS5906509,D,S,D,2024-10-16,2000000.00,3.830348,100.125
08:01:09,91282CLQ2,TSRYS5906509,D,S,D,2024-10-16,2000000.00,3.830348,100.125
08:01:09,91282CLQ2,TSRYS5906509,D,B,A,2024-10-16,47200000.00,3.844272,100.0859375
08:01:09,91282CLQ2,TSRYS5906509,D,B,A,2024-10-16,53500000.00,3.854023,100.05859375
08:01:09,91282CLQ2,TSRYS5906509,D,B,A,2024-10-16,12000000.00,3.842879,100.08984375
08:01:09,91282CLQ2,TSRYS5906509,D,S,T,2024-10-16,2000000.00,3.841487,100.09375
08:01:09,91282CLQ2,TSRYS5906509,D,S,T,2024-10-16,1000000.00,3.841523,100.093648
08:01:09,91282CLQ2,TSRYS5906509,D,S,T,2024-10-16,1000000.00,3.841523,100.093648
08:01:09,91282CLQ2,TSRYS5906509,D,S,T,2024-10-16,2000000.00,3.841487,100.09375
08:01:09,91282CLQ2,TSRYS5906509,D,S,T,2024-10-16,2000000.00,3.841487,100.09375
08:01:09,91282CLQ2,TSRYS5906509,D,S,T,2024-10-16,1000000.00,3.841523,100.093648
08:01:09,91282CLQ2,TSRYS5906509,D,S,T,2024-10-16,1000000.00,3.841487,100.09375
08:01:09,91282CLQ2,TSRYS5906509,D,S,T,2024-10-16,2000000.00,3.841523,100.093648
08:01:10,91282CLQ2,TSRYS5906509,D,B,A,2024-10-16,38050000.00,3.834525,100.11328125
08:01:10,91282CLQ2,TSRYS5906509,D,S,T,2024-10-16,1000000.00,3.856148,100.052634375
08:01:10,91282CLQ2,TSRYS5906509,D,S,T,2024-10-16,1000000.00,3.856148,100.052634375
08:01:10,91282CLQ2,TSRYS5906509,D,S,T,2024-10-16,3000000.00,3.833179,100.1170575
08:01:10,91282CLQ2,TSRYS5906509,D,S,T,2024-10-16,1000000.00,3.833179,100.1170575
08:01:10,91282CLQ2,TSRYS5906509,D,S,T,2024-10-16,1000000.00,3.833179,100.1170575
08:01:11,91282CLQ2,TSRYS5906509,D,B,C,2024-10-16,3000000.00,3.856373,100.0520058
08:01:11,91282CLQ2,TSRYS5906509,D,B,A,2024-10-16,20000.00,3.837309,100.10546875
08:01:12,91282CLQ2,TSRYS5906509,D,S,A,2024-10-16,250MM+,3.845665,100.08203125
08:01:12,91282CLQ2,TSRYS5906509,D,S,A,2024-10-16,9000000.00,3.833132,100.1171875
08:01:13,91282CLQ2,TSRYS5906509,D,S,D,2024-10-16,1000000.00,3.858899,100.044921875
08:01:13,91282CLQ2,TSRYS5906509,D,B,C,2024-10-16,1000000.00,3.856113,100.052734375
08:01:13,91282CLQ2,TSRYS5906509,D,S,D,2024-10-16,1000000.00,3.857506,100.048828125
08:01:13,91282CLQ2,TSRYS5906509,D,S,C,2024-10-16,1000000.00,3.856113,100.052734375
08:01:13,91282CLQ2,TSRYS5906509,D,S,D,2024-10-16,1000000.00,3.856113,100.052734375
08:01:13,91282CLQ2,TSRYS5906509,D,S,D,2024-10-16,1000000.00,3.856809,100.05078125
08:01:13,91282CLQ2,TSRYS5906509,D,B,C,2024-10-16,1000000.00,3.856809,100.05078125
08:01:13,91282CLQ2,TSRYS5906509,D,S,D,2024-10-16,1000000.00,3.856113,100.052734375
08:01:13,91282CLQ2,TSRYS5906509,D,S,C,2024-10-16,2000000.00,3.853326,100.060546875
08:01:13,91282CLQ2,TSRYS5906509,D,S,D,2024-10-16,1000000.00,3.856809,100.05078125
08:01:13,91282CLQ2,TSRYS5906509,D,B,C,2024-10-16,1000000.00,3.859596,100.04296875
08:01:13,91282CLQ2,TSRYS5906509,D,B,C,2024-10-16,1000000.00,3.856809,100.05078125
08:01:13,91282CLQ2,TSRYS5906509,D,S,D,2024-10-16,1000000.00,3.856809,100.05078125
08:01:14,91282CLQ2,TSRYS5906509,D,B,C,2024-10-16,1000000.00,3.856809,100.05078125
08:01:14,91282CLQ2,TSRYS5906509,D,B,C,2024-10-16,1000000.00,3.856809,100.05078125
08:01:14,91282CLQ2,TSRYS5906509,D,S,D,2024-10-16,2000000.00,3.86099,100.0390625
08:01:14,91282CLQ2,TSRYS5906509,D,S,D,2024-10-16,2000000.00,3.86099,100.0390625
08:01:14,91282CLQ2,TSRYS5906509,D,B,C,2024-10-16,4000000.00,3.85263,100.0625
08:01:14,91282CLQ2,TSRYS5906509,D,B,C,2024-10-16,1000000.00,3.85263,100.0625
08:01:14,91282CLQ2,TSRYS5906509,D,S,D,2024-10-16,2000000.00,3.86099,100.0390625
08:01:14,91282CLQ2,TSRYS5906509,D,S,D,2024-10-16,1000000.00,3.856809,100.05078125
08:01:14,91282CLQ2,TSRYS5906509,D,B,C,2024-10-16,1000000.00,3.856809,100.05078125
08:01:14,91282CLQ2,TSRYS5906509,D,S,D,2024-10-16,1000000.00,3.859596,100.04296875
08:01:14,91282CLQ2,TSRYS5906509,D,S,D,2024-10-16,1000000.00,3.85263,100.0625
08:01:14,91282CLQ2,TSRYS5906509,D,S,D,2024-10-16,1000000.00,3.85263,100.0625
08:01:14,91282CLQ2,TSRYS5906509,D,S,D,2024-10-16,1000000.00,3.856809,100.05078125
08:01:14,91282CLQ2,TSRYS5906509,D,S,D,2024-10-16,1000000.00,3.856809,100.05078125
08:01:14,91282CLQ2,TSRYS5906509,D,B,C,2024-10-16,1000000.00,3.851237,100.06640625
08:01:14,91282CLQ2,TSRYS5906509,D,S,D,2024-10-16,1000000.00,3.851237,100.06640625
08:01:14,91282CLQ2,TSRYS5906509,D,B,C,2024-10-16,1000000.00,3.856809,100.05078125
08:01:14,91282CLQ2,TSRYS5906509,D,S,D,2024-10-16,1000000.00,3.85263,100.0625
08:01:14,91282CLQ2,TSRYS5906509,D,S,D,2024-10-16,1000000.00,3.85263,100.0625
08:01:14,91282CLQ2,TSRYS5906509,D,B,C,2024-10-16,1000000.00,3.85263,100.0625
08:01:14,91282CLQ2,TSRYS5906509,D,S,C,2024-10-16,2000000.00,3.853326,100.060546875
08:01:14,91282CLQ2,TSRYS5906509,D,S,D,2024-10-16,4000000.00,3.85263,100.0625
08:01:14,91282CLQ2,TSRYS5906509,D,S,D,2024-10-16,1000000.00,3.85263,100.0625
08:01:14,91282CLQ2,TSRYS5906509,D,B,C,2024-10-16,1000000.00,3.85263,100.0625
08:01:14,91282CLQ2,TSRYS5906509,D,B,C,2024-10-16,1000000.00,3.85263,100.0625
08:01:14,91282CLQ2,TSRYS5906509,D,S,D,2024-10-16,1000000.00,3.85263,100.0625
08:01:14,91282CLQ2,TSRYS5906509,D,S,D,2024-10-16,1000000.00,3.85263,100.0625
08:01:14,91282CLQ2,TSRYS5906509,D,B,C,2024-10-16,1000000.00,3.85263,100.0625
08:01:14,91282CLQ2,TSRYS5906509,D,B,C,2024-10-16,1000000.00,3.85263,100.0625
08:01:14,91282CLQ2,TSRYS5906509,D,B,C,2024-10-16,1000000.00,3.85263,100.0625
08:01:14,91282CLQ2,TSRYS5906509,D,B,C,2024-10-16,1000000.00,3.85263,100.0625
08:01:14,91282CLQ2,TSRYS5906509,D,S,D,2024-10-16,1000000.00,3.85263,100.0625
08:01:14,91282CLQ2,TSRYS5906509,D,S,C,2024-10-16,1000000.00,3.851933,100.064453125
08:01:14,91282CLQ2,TSRYS5906509,D,B,C,2024-10-16,1000000.00,3.85263,100.0625
08:01:14,91282CLQ2,TSRYS5906509,D,S,C,2024-10-16,1000000.00,3.853326,100.060546875
08:01:14,91282CLQ2,TSRYS5906509,D,S,C,2024-10-16,3000000.00,3.85263,100.0625
08:01:14,91282CLQ2,TSRYS5906509,D,B,C,2024-10-16,3000000.00,3.85263,100.0625
08:01:14,91282CLQ2,TSRYS5906509,D,S,D,2024-10-16,1000000.00,3.85263,100.0625
08:01:14,91282CLQ2,TSRYS5906509,D,B,C,2024-10-16,1000000.00,3.851933,100.064453125
08:01:14,91282CLQ2,TSRYS5906509,D,S,D,2024-10-16,1000000.00,3.85263,100.0625
08:01:14,91282CLQ2,TSRYS5906509,D,B,C,2024-10-16,1000000.00,3.85263,100.0625
08:01:14,91282CLQ2,TSRYS5906509,D,B,C,2024-10-16,2000000.00,3.85263,100.0625
08:01:14,91282CLQ2,TSRYS5906509,D,S,D,2024-10-16,2000000.00,3.85263,100.0625
08:01:14,91282CLQ2,TSRYS5906509,D,S,D,2024-10-16,1000000.00,3.854719,100.056640625
08:01:14,91282CLQ2,TSRYS5906509,D,B,C,2024-10-16,1000000.00,3.854719,100.056640625
08:01:14,91282CLQ2,TSRYS5906509,D,S,D,2024-10-16,1000000.00,3.856113,100.052734375
08:01:14,91282CLQ2,TSRYS5906509,D,B,C,2024-10-16,1000000.00,3.856113,100.052734375
08:01:14,91282CLQ2,TSRYS5906509,D,B,C,2024-10-16,1000000.00,3.856113,100.052734375
08:01:14,91282CLQ2,TSRYS5906509,D,S,D,2024-10-16,1000000.00,3.856113,100.052734375
08:01:14,91282CLQ2,TSRYS5906509,D,B,C,2024-10-16,1000000.00,3.858899,100.044921875
08:01:14,91282CLQ2,TSRYS5906509,D,S,C,2024-10-16,1000000.00,3.861686,100.037109375
08:01:14,91282CLQ2,TSRYS5906509,D,S,D,2024-10-16,1000000.00,3.858899,100.044921875
08:01:14,91282CLQ2,TSRYS5906509,D,S,C,2024-10-16,1000000.00,3.861686,100.037109375
08:01:14,91282CLQ2,TSRYS5906509,D,S,D,2024-10-16,1000000.00,3.862383,100.03515625
08:01:14,91282CLQ2,TSRYS5906509,D,S,C,2024-10-16,1000000.00,3.861686,100.037109375
08:01:14,91282CLQ2,TSRYS5906509,D,S,D,2024-10-16,1000000.00,3.860293,100.041015625
08:01:14,91282CLQ2,TSRYS5906509,D,S,C,2024-10-16,1000000.00,3.860293,100.041015625
08:01:14,91282CLQ2,TSRYS5906509,D,B,C,2024-10-16,1000000.00,3.860293,100.041015625
08:01:15,91282CLQ2,TSRYS5906509,D,S,C,2024-10-16,1000000.00,3.86099,100.0390625
08:01:15,91282CLQ2,TSRYS5906509,D,B,C,2024-10-16,1000000.00,3.862383,100.03515625
08:01:15,91282CLQ2,TSRYS5906509,D,B,C,2024-10-16,1000000.00,3.862383,100.03515625
08:01:15,91282CLQ2,TSRYS5906509,D,S,D,2024-10-16,1000000.00,3.862383,100.03515625
08:01:15,91282CLQ2,TSRYS5906509,D,S,D,2024-10-16,1000000.00,3.862383,100.03515625
08:01:15,91282CLQ2,TSRYS5906509,D,B,C,2024-10-16,1000000.00,3.862383,100.03515625
08:01:15,91282CLQ2,TSRYS5906509,D,S,D,2024-10-16,1000000.00,3.862383,100.03515625
08:01:15,91282CLQ2,TSRYS5906509,D,S,C,2024-10-16,1000000.00,3.856809,100.05078125
08:01:15,91282CLQ2,TSRYS5906509,D,S,C,2024-10-16,1000000.00,3.856113,100.052734375
08:01:15,91282CLQ2,TSRYS5906509,D,B,C,2024-10-16,2000000.00,3.853326,100.060546875
08:01:15,91282CLQ2,TSRYS5906509,D,S,D,2024-10-16,2000000.00,3.853326,100.060546875
08:01:15,91282CLQ2,TSRYS5906509,D,B,C,2024-10-16,1000000.00,3.85263,100.0625
08:01:15,91282CLQ2,TSRYS5906509,D,S,D,2024-10-16,1000000.00,3.85263,100.0625
08:01:15,91282CLQ2,TSRYS5906509,D,B,C,2024-10-16,1000000.00,3.85263,100.0625
08:01:15,91282CLQ2,TSRYS5906509,D,S,D,2024-10-16,1000000.00,3.85263,100.0625
08:01:15,91282CLQ2,TSRYS5906509,D,B,C,2024-10-16,2000000.00,3.85263,100.0625
08:01:15,91282CLQ2,TSRYS5906509,D,S,D,2024-10-16,2000000.00,3.85263,100.0625
08:01:15,91282CLQ2,TSRYS5906509,D,B,C,2024-10-16,4000000.00,3.85263,100.0625
08:01:15,91282CLQ2,TSRYS5906509,D,B,C,2024-10-16,4000000.00,3.85263,100.0625
08:01:15,91282CLQ2,TSRYS5906509,D,S,D,2024-10-16,4000000.00,3.85263,100.0625
08:01:15,91282CLQ2,TSRYS5906509,D,S,D,2024-10-16,4000000.00,3.85263,100.0625
08:01:15,91282CLQ2,TSRYS5906509,D,B,C,2024-10-16,4000000.00,3.85263,100.0625
08:01:15,91282CLQ2,TSRYS5906509,D,S,D,2024-10-16,4000000.00,3.85263,100.0625
08:01:15,91282CLQ2,TSRYS5906509,D,S,C,2024-10-16,1000000.00,3.854023,100.05859375
08:01:15,91282CLQ2,TSRYS5906509,D,B,C,2024-10-16,1000000.00,3.855416,100.0546875
08:01:15,91282CLQ2,TSRYS5906509,D,S,D,2024-10-16,1000000.00,3.855416,100.0546875
08:01:15,91282CLQ2,TSRYS5906509,D,B,C,2024-10-16,1000000.00,3.855416,100.0546875
08:01:15,91282CLQ2,TSRYS5906509,D,S,D,2024-10-16,1000000.00,3.855416,100.0546875
08:01:15,91282CLQ2,TSRYS5906509,D,S,D,2024-10-16,4000000.00,3.85263,100.0625
08:01:15,91282CLQ2,TSRYS5906509,D,B,C,2024-10-16,2000000.00,3.85263,100.0625
08:01:15,91282CLQ2,TSRYS5906509,D,S,D,2024-10-16,2000000.00,3.85263,100.0625
08:01:15,91282CLQ2,TSRYS5906509,D,B,C,2024-10-16,4000000.00,3.85263,100.0625
08:01:15,91282CLQ2,TSRYS5906509,D,B,C,2024-10-16,2000000.00,3.85263,100.0625
08:01:15,91282CLQ2,TSRYS5906509,D,B,C,2024-10-16,1000000.00,3.85263,100.0625
08:01:15,91282CLQ2,TSRYS5906509,D,S,D,2024-10-16,2000000.00,3.85263,100.0625
08:01:15,91282CLQ2,TSRYS5906509,D,S,D,2024-10-16,1000000.00,3.85263,100.0625
08:01:15,91282CLQ2,TSRYS5906509,D,B,C,2024-10-16,1000000.00,3.85263,100.0625
08:01:15,91282CLQ2,TSRYS5906509,D,S,D,2024-10-16,1000000.00,3.85263,100.0625
08:01:15,91282CLQ2,TSRYS5906509,D,B,C,2024-10-16,1000000.00,3.85263,100.0625
08:01:15,91282CLQ2,TSRYS5906509,D,S,D,2024-10-16,1000000.00,3.85263,100.0625
08:01:15,91282CLQ2,TSRYS5906509,D,B,C,2024-10-16,2000000.00,3.85263,100.0625
08:01:15,91282CLQ2,TSRYS5906509,D,S,D,2024-10-16,2000000.00,3.85263,100.0625
08:01:15,91282CLQ2,TSRYS5906509,D,B,C,2024-10-16,26000000.00,3.85263,100.0625
08:01:15,91282CLQ2,TSRYS5906509,D,S,D,2024-10-16,26000000.00,3.85263,100.0625
08:01:15,91282CLQ2,TSRYS5906509,D,S,D,2024-10-16,4000000.00,3.85263,100.0625
08:01:15,91282CLQ2,TSRYS5906509,D,B,C,2024-10-16,1000000.00,3.85263,100.0625
08:01:15,91282CLQ2,TSRYS5906509,D,S,D,2024-10-16,1000000.00,3.85263,100.0625
08:01:15,91282CLQ2,TSRYS5906509,D,B,C,2024-10-16,4000000.00,3.85263,100.0625
08:01:15,91282CLQ2,TSRYS5906509,D,S,C,2024-10-16,2000000.00,3.854719,100.056640625
08:01:15,91282CLQ2,TSRYS5906509,D,S,D,2024-10-16,1000000.00,3.85263,100.0625
08:01:15,91282CLQ2,TSRYS5906509,D,S,C,2024-10-16,1000000.00,3.854023,100.05859375
08:01:15,91282CLQ2,TSRYS5906509,D,B,C,2024-10-16,1000000.00,3.85263,100.0625
08:01:15,91282CLQ2,TSRYS5906509,D,S,D,2024-10-16,1000000.00,3.854023,100.05859375
08:01:15,91282CLQ2,TSRYS5906509,D,B,C,2024-10-16,1000000.00,3.85263,100.0625
08:01:15,91282CLQ2,TSRYS5906509,D,S,D,2024-10-16,1000000.00,3.85263,100.0625
08:01:15,91282CLQ2,TSRYS5906509,D,S,D,2024-10-16,1000000.00,3.851933,100.064453125
08:01:15,91282CLQ2,TSRYS5906509,D,B,C,2024-10-16,1000000.00,3.851933,100.064453125
08:01:15,91282CLQ2,TSRYS5906509,D,B,C,2024-10-16,1000000.00,3.85054,100.068359375
08:01:15,91282CLQ2,TSRYS5906509,D,S,D,2024-10-16,1000000.00,3.85054,100.068359375
08:01:16,91282CLQ2,TSRYS5906509,D,B,C,2024-10-16,1000000.00,3.85054,100.068359375
08:01:16,91282CLQ2,TSRYS5906509,D,S,C,2024-10-16,1000000.00,3.85054,100.068359375
08:01:16,91282CLQ2,TSRYS5906509,D,S,D,2024-10-16,1000000.00,3.85054,100.068359375
08:01:16,91282CLQ2,TSRYS5906509,D,B,C,2024-10-16,1000000.00,3.85054,100.068359375
08:01:16,91282CLQ2,TSRYS5906509,D,B,C,2024-10-16,1000000.00,3.847058,100.078125
08:01:16,91282CLQ2,TSRYS5906509,D,S,D,2024-10-16,1000000.00,3.847058,100.078125
08:01:16,91282CLQ2,TSRYS5906509,D,S,C,2024-10-16,1000000.00,3.846361,100.080078125
08:01:16,91282CLQ2,TSRYS5906509,D,S,C,2024-10-16,1000000.00,3.846361,100.080078125
08:01:16,91282CLQ2,TSRYS5906509,D,S,C,2024-10-16,2000000.00,3.846361,100.080078125
08:01:16,91282CLQ2,TSRYS5906509,D,S,C,2024-10-16,1000000.00,3.846361,100.080078125
08:01:16,91282CLQ2,TSRYS5906509,D,S,C,2024-10-16,1000000.00,3.846361,100.080078125
08:01:16,91282CLQ2,TSRYS5906509,D,S,C,2024-10-16,1000000.00,3.846361,100.080078125
08:01:16,91282CLQ2,TSRYS5906509,D,S,C,2024-10-16,1000000.00,3.846361,100.080078125
08:01:16,91282CLQ2,TSRYS5906509,D,S,C,2024-10-16,3000000.00,3.846361,100.080078125
08:01:16,91282CLQ2,TSRYS5906509,D,S,C,2024-10-16,2000000.00,3.846361,100.080078125
08:01:16,91282CLQ2,TSRYS5906509,D,S,C,2024-10-16,2000000.00,3.847058,100.078125
08:01:16,91282CLQ2,TSRYS5906509,D,S,C,2024-10-16,1000000.00,3.847058,100.078125
08:01:16,91282CLQ2,TSRYS5906509,D,S,C,2024-10-16,2000000.00,3.847058,100.078125
08:01:16,91282CLQ2,TSRYS5906509,D,S,C,2024-10-16,3000000.00,3.847058,100.078125
08:01:16,91282CLQ2,TSRYS5906509,D,S,C,2024-10-16,4000000.00,3.847058,100.078125
08:01:16,91282CLQ2,TSRYS5906509,D,B,C,2024-10-16,1000000.00,3.845665,100.08203125
08:01:16,91282CLQ2,TSRYS5906509,D,S,D,2024-10-16,1000000.00,3.845665,100.08203125
08:01:16,91282CLQ2,TSRYS5906509,D,S,D,2024-10-16,1000000.00,3.847058,100.078125
08:01:16,91282CLQ2,TSRYS5906509,D,B,C,2024-10-16,1000000.00,3.845665,100.08203125
08:01:16,91282CLQ2,TSRYS5906509,D,S,D,2024-10-16,1000000.00,3.845665,100.08203125
08:01:16,91282CLQ2,TSRYS5906509,D,S,D,2024-10-16,1000000.00,3.845665,100.08203125
08:01:16,91282CLQ2,TSRYS5906509,D,B,C,2024-10-16,1000000.00,3.845665,100.08203125
08:01:16,91282CLQ2,TSRYS5906509,D,B,C,2024-10-16,2000000.00,3.844969,100.083984375
08:01:16,91282CLQ2,TSRYS5906509,D,S,D,2024-10-16,2000000.00,3.844969,100.083984375
08:01:16,91282CLQ2,TSRYS5906509,D,S,D,2024-10-16,1000000.00,3.844969,100.083984375
08:01:16,91282CLQ2,TSRYS5906509,D,B,C,2024-10-16,1000000.00,3.844969,100.083984375
08:01:16,91282CLQ2,TSRYS5906509,D,B,C,2024-10-16,1000000.00,3.844969,100.083984375
08:01:16,91282CLQ2,TSRYS5906509,D,S,D,2024-10-16,1000000.00,3.844969,100.083984375
08:01:16,91282CLQ2,TSRYS5906509,D,B,C,2024-10-16,1000000.00,3.844969,100.083984375
08:01:16,91282CLQ2,TSRYS5906509,D,S,D,2024-10-16,1000000.00,3.844969,100.083984375
08:01:16,91282CLQ2,TSRYS5906509,D,S,D,2024-10-16,1000000.00,3.843576,100.087890625
08:01:16,91282CLQ2,TSRYS5906509,D,B,C,2024-10-16,1000000.00,3.843576,100.087890625
08:01:16,91282CLQ2,TSRYS5906509,D,S,D,2024-10-16,1000000.00,3.844272,100.0859375
08:01:16,91282CLQ2,TSRYS5906509,D,B,C,2024-10-16,1000000.00,3.844272,100.0859375
08:01:16,91282CLQ2,TSRYS5906509,D,S,C,2024-10-16,1000000.00,3.844272,100.0859375
08:01:16,91282CLQ2,TSRYS5906509,D,S,D,2024-10-16,1000000.00,3.844969,100.083984375
08:01:16,91282CLQ2,TSRYS5906509,D,S,D,2024-10-16,1000000.00,3.844272,100.0859375
08:01:17,91282CLQ2,TSRYS5906509,D,B,C,2024-10-16,1000000.00,3.844969,100.083984375
08:01:17,91282CLQ2,TSRYS5906509,D,S,C,2024-10-16,1000000.00,3.844272,100.0859375
08:01:17,91282CLQ2,TSRYS5906509,D,S,D,2024-10-16,1000000.00,3.843576,100.087890625
08:01:17,91282CLQ2,TSRYS5906509,D,B,C,2024-10-16,1000000.00,3.843576,100.087890625
08:01:17,91282CLQ2,TSRYS5906509,D,S,C,2024-10-16,1000000.00,3.842879,100.08984375
08:01:17,91282CLQ2,TSRYS5906509,D,B,C,2024-10-16,1000000.00,3.842879,100.08984375
08:01:17,91282CLQ2,TSRYS5906509,D,B,C,2024-10-16,1000000.00,3.840791,100.095703125
08:01:17,91282CLQ2,TSRYS5906509,D,S,C,2024-10-16,1000000.00,3.840791,100.095703125
08:01:17,91282CLQ2,TSRYS5906509,D,S,D,2024-10-16,1000000.00,3.841487,100.09375
08:01:17,91282CLQ2,TSRYS5906509,D,S,D,2024-10-16,1000000.00,3.841487,100.09375
08:01:17,91282CLQ2,TSRYS5906509,D,B,C,2024-10-16,1000000.00,3.841487,100.09375
08:01:17,91282CLQ2,TSRYS5906509,D,S,D,2024-10-16,1000000.00,3.841487,100.09375
08:01:17,91282CLQ2,TSRYS5906509,D,S,D,2024-10-16,1000000.00,3.840094,100.09765625
08:01:17,91282CLQ2,TSRYS5906509,D,B,C,2024-10-16,1000000.00,3.840094,100.09765625
08:01:17,91282CLQ2,TSRYS5906509,D,S,D,2024-10-16,1000000.00,3.840094,100.09765625
08:01:17,91282CLQ2,TSRYS5906509,D,S,C,2024-10-16,325000.00,3.831813,100.12109375
08:01:17,91282CLQ2,TSRYS5906509,D,B,C,2024-10-16,1000000.00,3.840791,100.095703125
08:01:17,91282CLQ2,TSRYS5906509,D,S,D,2024-10-16,1000000.00,3.840791,100.095703125
08:01:17,91282CLQ2,TSRYS5906509,D,S,D,2024-10-16,1000000.00,3.840094,100.09765625
08:01:17,91282CLQ2,TSRYS5906509,D,S,C,2024-10-16,1000000.00,3.840791,100.095703125
08:01:17,91282CLQ2,TSRYS5906509,D,B,C,2024-10-16,1000000.00,3.840094,100.09765625
08:01:17,91282CLQ2,TSRYS5906509,D,S,C,2024-10-16,1000000.00,3.840791,100.095703125
08:01:17,91282CLQ2,TSRYS5906509,D,S,D,2024-10-16,1000000.00,3.840791,100.095703125
08:01:17,91282CLQ2,TSRYS5906509,D,B,C,2024-10-16,1000000.00,3.840791,100.095703125
08:01:17,91282CLQ2,TSRYS5906509,D,S,C,2024-10-16,1000000.00,3.843576,100.087890625
08:01:17,91282CLQ2,TSRYS5906509,D,S,C,2024-10-16,1000000.00,3.843576,100.087890625
08:01:17,91282CLQ2,TSRYS5906509,D,S,C,2024-10-16,1000000.00,3.843576,100.087890625
08:01:17,91282CLQ2,TSRYS5906509,D,S,C,2024-10-16,1000000.00,3.843576,100.087890625
08:01:18,91282CLQ2,TSRYS5906509,D,S,D,2024-10-16,1000000.00,3.844272,100.0859375
08:01:18,91282CLQ2,TSRYS5906509,D,S,D,2024-10-16,1000000.00,3.845665,100.08203125
08:01:18,91282CLQ2,TSRYS5906509,D,B,C,2024-10-16,1000000.00,3.845665,100.08203125
08:01:18,91282CLQ2,TSRYS5906509,D,B,C,2024-10-16,2000000.00,3.844969,100.083984375
08:01:18,91282CLQ2,TSRYS5906509,D,S,D,2024-10-16,2000000.00,3.844969,100.083984375
08:01:18,91282CLQ2,TSRYS5906509,D,S,C,2024-10-16,1000000.00,3.844969,100.083984375
08:01:18,91282CLQ2,TSRYS5906509,D,S,D,2024-10-16,1000000.00,3.844272,100.0859375
08:01:18,91282CLQ2,TSRYS5906509,D,S,D,2024-10-16,1000000.00,3.842879,100.08984375
08:01:18,91282CLQ2,TSRYS5906509,D,B,C,2024-10-16,1000000.00,3.842879,100.08984375
08:01:18,91282CLQ2,TSRYS5906509,D,S,D,2024-10-16,1000000.00,3.842879,100.08984375
08:01:18,91282CLQ2,TSRYS5906509,D,B,C,2024-10-16,2000000.00,3.842183,100.091796875
08:01:18,91282CLQ2,TSRYS5906509,D,S,D,2024-10-16,2000000.00,3.842183,100.091796875
08:01:18,91282CLQ2,TSRYS5906509,D,B,C,2024-10-16,1000000.00,3.842879,100.08984375
08:01:18,91282CLQ2,TSRYS5906509,D,S,C,2024-10-16,1000000.00,3.842879,100.08984375
08:01:18,91282CLQ2,TSRYS5906509,D,B,C,2024-10-16,1000000.00,3.844272,100.0859375
08:01:18,91282CLQ2,TSRYS5906509,D,S,D,2024-10-16,1000000.00,3.844272,100.0859375
08:01:18,91282CLQ2,TSRYS5906509,D,S,C,2024-10-16,1000000.00,3.845665,100.08203125
08:01:18,91282CLQ2,TSRYS5906509,D,B,C,2024-10-16,1000000.00,3.844272,100.0859375
08:01:18,91282CLQ2,TSRYS5906509,D,S,D,2024-10-16,1000000.00,3.844272,100.0859375
08:01:18,91282CLQ2,TSRYS5906509,D,S,C,2024-10-16,1000000.00,3.844272,100.0859375
08:01:18,91282CLQ2,TSRYS5906509,D,S,C,2024-10-16,1000000.00,3.844969,100.083984375
08:01:18,91282CLQ2,TSRYS5906509,D,B,C,2024-10-16,1000000.00,3.842879,100.08984375
08:01:18,91282CLQ2,TSRYS5906509,D,S,C,2024-10-16,1000000.00,3.842879,100.08984375
08:01:18,91282CLQ2,TSRYS5906509,D,S,C,2024-10-16,1000000.00,3.842879,100.08984375
08:01:18,91282CLQ2,TSRYS5906509,D,S,C,2024-10-16,1000000.00,3.842879,100.08984375
08:01:18,91282CLQ2,TSRYS5906509,D,B,C,2024-10-16,1000000.00,3.842879,100.08984375
08:01:18,91282CLQ2,TSRYS5906509,D,S,C,2024-10-16,2000000.00,3.842879,100.08984375
08:01:18,91282CLQ2,TSRYS5906509,D,S,C,2024-10-16,1000000.00,3.844969,100.083984375
08:01:18,91282CLQ2,TSRYS5906509,D,S,C,2024-10-16,1000000.00,3.847058,100.078125
08:01:18,91282CLQ2,TSRYS5906509,D,S,C,2024-10-16,1000000.00,3.846361,100.080078125
08:01:18,91282CLQ2,TSRYS5906509,D,S,C,2024-10-16,1000000.00,3.845665,100.08203125
08:01:18,91282CLQ2,TSRYS5906509,D,S,C,2024-10-16,1000000.00,3.845665,100.08203125
08:01:18,91282CLQ2,TSRYS5906509,D,S,C,2024-10-16,1000000.00,3.844272,100.0859375
08:01:18,91282CLQ2,TSRYS5906509,D,S,C,2024-10-16,1000000.00,3.844969,100.083984375
08:01:18,91282CLQ2,TSRYS5906509,D,S,C,2024-10-16,1000000.00,3.843576,100.087890625
08:01:18,91282CLQ2,TSRYS5906509,D,S,C,2024-10-16,1000000.00,3.844272,100.0859375
08:01:19,91282CLQ2,TSRYS5906509,D,S,C,2024-10-16,1000000.00,3.844272,100.0859375
08:01:19,91282CLQ2,TSRYS5906509,D,S,C,2024-10-16,1000000.00,3.843576,100.087890625
08:01:19,91282CLQ2,TSRYS5906509,D,S,C,2024-10-16,1000000.00,3.843576,100.087890625
08:01:19,91282CLQ2,TSRYS5906509,D,S,C,2024-10-16,1000000.00,3.841487,100.09375
08:01:19,91282CLQ2,TSRYS5906509,D,S,C,2024-10-16,1000000.00,3.841487,100.09375
08:01:19,91282CLQ2,TSRYS5906509,D,S,D,2024-10-16,1000000.00,3.840094,100.09765625
08:01:19,91282CLQ2,TSRYS5906509,D,S,D,2024-10-16,1000000.00,3.840094,100.09765625
08:01:19,91282CLQ2,TSRYS5906509,D,B,C,2024-10-16,1000000.00,3.840094,100.09765625
08:01:19,91282CLQ2,TSRYS5906509,D,B,C,2024-10-16,1000000.00,3.840094,100.09765625
08:01:19,91282CLQ2,TSRYS5906509,D,B,C,2024-10-16,1000000.00,3.840094,100.09765625
08:01:19,91282CLQ2,TSRYS5906509,D,S,D,2024-10-16,1000000.00,3.840094,100.09765625
08:01:19,91282CLQ2,TSRYS5906509,D,B,C,2024-10-16,1000000.00,3.840094,100.09765625
08:01:19,91282CLQ2,TSRYS5906509,D,S,D,2024-10-16,1000000.00,3.840094,100.09765625
08:01:19,91282CLQ2,TSRYS5906509,D,S,D,2024-10-16,1000000.00,3.840094,100.09765625
08:01:19,91282CLQ2,TSRYS5906509,D,B,C,2024-10-16,1000000.00,3.840094,100.09765625
08:01:19,91282CLQ2,TSRYS5906509,D,B,C,2024-10-16,1000000.00,3.840094,100.09765625
08:01:19,91282CLQ2,TSRYS5906509,D,S,D,2024-10-16,1000000.00,3.840094,100.09765625
08:01:19,91282CLQ2,TSRYS5906509,D,S,D,2024-10-16,1000000.00,3.840094,100.09765625
08:01:19,91282CLQ2,TSRYS5906509,D,B,C,2024-10-16,1000000.00,3.840094,100.09765625
08:01:19,91282CLQ2,TSRYS5906509,D,B,C,2024-10-16,1000000.00,3.839398,100.099609375
08:01:19,91282CLQ2,TSRYS5906509,D,S,D,2024-10-16,1000000.00,3.839398,100.099609375
08:01:19,91282CLQ2,TSRYS5906509,D,B,C,2024-10-16,1000000.00,3.839398,100.099609375
08:01:19,91282CLQ2,TSRYS5906509,D,S,D,2024-10-16,1000000.00,3.839398,100.099609375
08:01:19,91282CLQ2,TSRYS5906509,D,B,C,2024-10-16,1000000.00,3.839398,100.099609375
08:01:19,91282CLQ2,TSRYS5906509,D,B,C,2024-10-16,1000000.00,3.839398,100.099609375
08:01:19,91282CLQ2,TSRYS5906509,D,S,D,2024-10-16,1000000.00,3.839398,100.099609375
08:01:19,91282CLQ2,TSRYS5906509,D,S,D,2024-10-16,1000000.00,3.839398,100.099609375
08:01:19,91282CLQ2,TSRYS5906509,D,S,D,2024-10-16,1000000.00,3.838702,100.1015625
08:01:19,91282CLQ2,TSRYS5906509,D,B,C,2024-10-16,1000000.00,3.838702,100.1015625
08:01:19,91282CLQ2,TSRYS5906509,D,S,D,2024-10-16,1000000.00,3.838702,100.1015625
08:01:19,91282CLQ2,TSRYS5906509,D,B,C,2024-10-16,1000000.00,3.838702,100.1015625
08:01:19,91282CLQ2,TSRYS5906509,D,S,D,2024-10-16,1000000.00,3.838702,100.1015625
08:01:19,91282CLQ2,TSRYS5906509,D,B,C,2024-10-16,1000000.00,3.838702,100.1015625
08:01:19,91282CLQ2,TSRYS5906509,D,B,C,2024-10-16,1000000.00,3.838702,100.1015625
08:01:19,91282CLQ2,TSRYS5906509,D,S,D,2024-10-16,1000000.00,3.838702,100.1015625
08:01:19,91282CLQ2,TSRYS5906509,D,B,C,2024-10-16,1000000.00,3.838702,100.1015625
08:01:19,91282CLQ2,TSRYS5906509,D,B,C,2024-10-16,1000000.00,3.838702,100.1015625
08:01:19,91282CLQ2,TSRYS5906509,D,S,D,2024-10-16,1000000.00,3.838702,100.1015625
08:01:19,91282CLQ2,TSRYS5906509,D,S,D,2024-10-16,1000000.00,3.838702,100.1015625
08:01:19,91282CLQ2,TSRYS5906509,D,S,C,2024-10-16,1000000.00,3.839398,100.099609375
08:01:19,91282CLQ2,TSRYS5906509,D,S,C,2024-10-16,4000000.00,3.839398,100.099609375
08:01:19,91282CLQ2,TSRYS5906509,D,S,C,2024-10-16,2000000.00,3.838006,100.103515625
08:01:19,91282CLQ2,TSRYS5906509,D,B,C,2024-10-16,2000000.00,3.838006,100.103515625
08:01:19,91282CLQ2,TSRYS5906509,D,S,D,2024-10-16,1000000.00,3.838702,100.1015625
08:01:19,91282CLQ2,TSRYS5906509,D,B,C,2024-10-16,1000000.00,3.837309,100.10546875
08:01:19,91282CLQ2,TSRYS5906509,D,S,D,2024-10-16,1000000.00,3.838006,100.103515625
08:01:19,91282CLQ2,TSRYS5906509,D,B,C,2024-10-16,1000000.00,3.838006,100.103515625
08:01:19,91282CLQ2,TSRYS5906509,D,S,D,2024-10-16,1000000.00,3.837309,100.10546875
08:01:19,91282CLQ2,TSRYS5906509,D,S,D,2024-10-16,1000000.00,3.835917,100.109375
08:01:19,91282CLQ2,TSRYS5906509,D,S,D,2024-10-16,1000000.00,3.835917,100.109375
08:01:19,91282CLQ2,TSRYS5906509,D,B,C,2024-10-16,1000000.00,3.835917,100.109375
08:01:19,91282CLQ2,TSRYS5906509,D,B,C,2024-10-16,1000000.00,3.833132,100.1171875
08:01:19,91282CLQ2,TSRYS5906509,D,S,D,2024-10-16,1000000.00,3.833132,100.1171875
08:01:19,91282CLQ2,TSRYS5906509,D,B,C,2024-10-16,1000000.00,3.832436,100.119140625
08:01:19,91282CLQ2,TSRYS5906509,D,S,D,2024-10-16,1000000.00,3.832436,100.119140625
08:01:19,91282CLQ2,TSRYS5906509,D,B,C,2024-10-16,1000000.00,3.831044,100.123046875
08:01:19,91282CLQ2,TSRYS5906509,D,S,D,2024-10-16,1000000.00,3.831044,100.123046875
08:01:20,91282CLQ2,TSRYS5906509,D,S,C,2024-10-16,1000000.00,3.831044,100.123046875
08:01:20,91282CLQ2,TSRYS5906509,D,B,C,2024-10-16,1000000.00,3.831044,100.123046875
08:01:20,91282CLQ2,TSRYS5906509,D,S,D,2024-10-16,1000000.00,3.833132,100.1171875
08:01:20,91282CLQ2,TSRYS5906509,D,B,C,2024-10-16,1000000.00,3.833829,100.115234375
08:01:20,91282CLQ2,TSRYS5906509,D,S,D,2024-10-16,1000000.00,3.834525,100.11328125
08:01:20,91282CLQ2,TSRYS5906509,D,S,D,2024-10-16,1000000.00,3.833829,100.115234375
08:01:20,91282CLQ2,TSRYS5906509,D,S,C,2024-10-16,1000000.00,3.838702,100.1015625
08:01:20,91282CLQ2,TSRYS5906509,D,B,C,2024-10-16,1000000.00,3.838702,100.1015625
08:01:20,91282CLQ2,TSRYS5906509,D,S,C,2024-10-16,2000000.00,3.838702,100.1015625
08:01:20,91282CLQ2,TSRYS5906509,D,B,C,2024-10-16,2000000.00,3.838702,100.1015625
08:01:20,91282CLQ2,TSRYS5906509,D,B,C,2024-10-16,5000000.00,3.838702,100.1015625
08:01:20,91282CLQ2,TSRYS5906509,D,B,C,2024-10-16,2000000.00,3.838702,100.1015625
08:01:20,91282CLQ2,TSRYS5906509,D,S,C,2024-10-16,5000000.00,3.838702,100.1015625
08:01:20,91282CLQ2,TSRYS5906509,D,S,D,2024-10-16,2000000.00,3.838702,100.1015625
08:01:20,91282CLQ2,TSRYS5906509,D,B,C,2024-10-16,2000000.00,3.838702,100.1015625
08:01:20,91282CLQ2,TSRYS5906509,D,S,D,2024-10-16,2000000.00,3.838702,100.1015625
08:01:20,91282CLQ2,TSRYS5906509,D,B,C,2024-10-16,2000000.00,3.838702,100.1015625
08:01:20,91282CLQ2,TSRYS5906509,D,B,C,2024-10-16,1000000.00,3.838702,100.1015625
08:01:20,91282CLQ2,TSRYS5906509,D,S,D,2024-10-16,2000000.00,3.838702,100.1015625
08:01:20,91282CLQ2,TSRYS5906509,D,B,C,2024-10-16,1000000.00,3.838702,100.1015625
08:01:20,91282CLQ2,TSRYS5906509,D,S,D,2024-10-16,1000000.00,3.838702,100.1015625
08:01:20,91282CLQ2,TSRYS5906509,D,S,D,2024-10-16,1000000.00,3.838702,100.1015625
08:01:20,91282CLQ2,TSRYS5906509,D,B,C,2024-10-16,2000000.00,3.838702,100.1015625
08:01:20,91282CLQ2,TSRYS5906509,D,B,C,2024-10-16,1000000.00,3.838702,100.1015625
08:01:20,91282CLQ2,TSRYS5906509,D,S,D,2024-10-16,1000000.00,3.838702,100.1015625
08:01:20,91282CLQ2,TSRYS5906509,D,S,D,2024-10-16,2000000.00,3.838702,100.1015625
08:01:20,91282CLQ2,TSRYS5906509,D,S,D,2024-10-16,2000000.00,3.837309,100.10546875
08:01:20,91282CLQ2,TSRYS5906509,D,B,C,2024-10-16,2000000.00,3.837309,100.10546875
08:01:20,91282CLQ2,TSRYS5906509,D,S,C,2024-10-16,1000000.00,3.838702,100.1015625
08:01:20,91282CLQ2,TSRYS5906509,D,B,C,2024-10-16,1000000.00,3.838702,100.1015625
08:01:20,91282CLQ2,TSRYS5906509,D,B,C,2024-10-16,1000000.00,3.838702,100.1015625
08:01:20,91282CLQ2,TSRYS5906509,D,S,D,2024-10-16,1000000.00,3.838702,100.1015625
08:01:20,91282CLQ2,TSRYS5906509,D,B,C,2024-10-16,1000000.00,3.840791,100.095703125
08:01:20,91282CLQ2,TSRYS5906509,D,S,T,2024-10-16,1000000.00,3.858899,100.04492187
08:01:20,91282CLQ2,TSRYS5906509,D,S,D,2024-10-16,1000000.00,3.840791,100.095703125
08:01:20,91282CLQ2,TSRYS5906509,D,S,C,2024-10-16,1000000.00,3.840094,100.09765625
08:01:20,91282CLQ2,TSRYS5906509,D,B,C,2024-10-16,1000000.00,3.840094,100.09765625
08:01:20,91282CLQ2,TSRYS5906509,D,S,T,2024-10-16,1000000.00,3.851933,100.06445312
08:01:20,91282CLQ2,TSRYS5906509,D,S,T,2024-10-16,1000000.00,3.856113,100.052734375
08:01:20,91282CLQ2,TSRYS5906509,D,S,D,2024-10-16,1000000.00,3.840791,100.095703125
08:01:20,91282CLQ2,TSRYS5906509,D,B,C,2024-10-16,1000000.00,3.840791,100.095703125
08:01:20,91282CLQ2,TSRYS5906509,D,S,D,2024-10-16,1000000.00,3.840791,100.095703125
08:01:20,91282CLQ2,TSRYS5906509,D,B,C,2024-10-16,1000000.00,3.840791,100.095703125
08:01:21,91282CLQ2,TSRYS5906509,D,B,C,2024-10-16,1000000.00,3.839398,100.099609375
