tradeTime,cusip,issueSymbolIdentifier,priceType,reportingSideCode,contraPartyTypeCode,tradeDate,reportedTradeVolume,lastSaleYield,lastSalePrice
08:00:07,91282CLQ2,TSRYS5906509,D,B,C,2024-10-11,87000000.00,3.877784,99.9921875
08:00:12,91282CLQ2,TSRYS5906509,D,S,D,2024-10-11,1000000.00,3.879872,99.986328125
08:00:12,91282CLQ2,TSRYS5906509,D,S,D,2024-10-11,1000000.00,3.875696,99.998046875
08:00:12,91282CLQ2,TSRYS5906509,D,S,D,2024-10-11,1000000.00,3.875,100.0
08:00:12,91282CLQ2,TSRYS5906509,D,S,D,2024-10-11,1000000.00,3.881264,99.982421875
08:00:12,91282CLQ2,TSRYS5906509,D,S,T,2024-10-11,1000000.00,3.877784,99.9921875
08:00:12,91282CLQ2,TSRYS5906509,D,S,T,2024-10-11,1000000.00,3.877784,99.9921875
08:00:12,91282CLQ2,TSRYS5906509,D,S,T,2024-10-11,1000000.00,3.88196,99.98046875
08:00:12,91282CLQ2,TSRYS5906509,D,S,D,2024-10-11,1000000.00,3.889617,99.958984375
08:00:12,91282CLQ2,TSRYS5906509,D,S,T,2024-10-11,1000000.00,3.889617,99.958984375
08:00:12,91282CLQ2,TSRYS5906509,D,S,T,2024-10-11,1000000.00,3.893099,99.94921875
08:00:12,91282CLQ2,TSRYS5906509,D,S,D,2024-10-11,1000000.00,3.893795,99.947265625
08:00:12,91282CLQ2,TSRYS5906509,D,S,A,2024-10-11,200000.00,3.894492,99.9453125
08:00:12,91282CLQ2,TSRYS5906509,D,S,A,2024-10-11,200000.00,3.894492,99.9453125
08:00:12,91282CLQ2,TSRYS5906509,D,S,D,2024-10-11,1000000.00,3.897277,99.9375
08:00:12,91282CLQ2,TSRYS5906509,D,S,T,2024-10-11,1000000.00,3.897277,99.9375
08:00:12,91282CLQ2,TSRYS5906509,D,S,T,2024-10-11,1000000.00,3.897277,99.9375
08:00:12,91282CLQ2,TSRYS5906509,D,S,T,2024-10-11,1000000.00,3.897277,99.9375
08:00:12,91282CLQ2,TSRYS5906509,D,S,T,2024-10-11,1000000.00,3.897277,99.9375
08:00:12,91282CLQ2,TSRYS5906509,D,S,T,2024-10-11,1000000.00,3.896581,99.939453125
08:00:12,91282CLQ2,TSRYS5906509,D,S,T,2024-10-11,1000000.00,3.901456,99.92578125
08:00:12,91282CLQ2,TSRYS5906509,D,S,T,2024-10-11,1000000.00,3.901456,99.92578125
08:00:12,91282CLQ2,TSRYS5906509,D,S,T,2024-10-11,1000000.00,3.901456,99.92578125
08:00:12,91282CLQ2,TSRYS5906509,D,S,T,2024-10-11,1000000.00,3.901456,99.92578125
08:00:12,91282CLQ2,TSRYS5906509,D,S,T,2024-10-11,1000000.00,3.899366,99.931640625
08:00:12,91282CLQ2,TSRYS5906509,D,S,T,2024-10-11,1000000.00,3.899366,99.931640625
08:00:12,91282CLQ2,TSRYS5906509,D,S,T,2024-10-11,1000000.00,3.899366,99.931640625
08:00:12,91282CLQ2,TSRYS5906509,D,S,T,2024-10-11,1000000.00,3.899366,99.931640625
08:00:12,91282CLQ2,TSRYS5906509,D,S,T,2024-10-11,1000000.00,3.899366,99.931640625
08:00:13,91282CLQ2,TSRYS5906509,D,S,T,2024-10-11,1000000.00,3.903546,99.919921875
08:00:13,91282CLQ2,TSRYS5906509,D,S,T,2024-10-11,1000000.00,3.909119,99.904296875
08:00:18,91282CLQ2,TSRYS5906509,D,S,D,2024-10-11,1000000.00,3.879176,99.98828125
08:00:19,91282CLQ2,TSRYS5906509,D,S,D,2024-10-11,2000000.00,3.876392,99.99609375
08:00:19,91282CLQ2,TSRYS5906509,D,S,D,2024-10-11,3000000.00,3.876392,99.99609375
08:00:19,91282CLQ2,TSRYS5906509,D,S,D,2024-10-11,2000000.00,3.880568,99.984375
08:00:19,91282CLQ2,TSRYS5906509,D,S,T,2024-10-11,3000000.00,3.88196,99.98046875
08:00:19,91282CLQ2,TSRYS5906509,D,S,T,2024-10-11,2000000.00,3.88196,99.98046875
08:00:19,91282CLQ2,TSRYS5906509,D,S,T,2024-10-11,1000000.00,3.88196,99.98046875
08:00:19,91282CLQ2,TSRYS5906509,D,S,T,2024-10-11,1000000.00,3.88196,99.98046875
08:00:19,91282CLQ2,TSRYS5906509,D,S,T,2024-10-11,1000000.00,3.88196,99.98046875
08:00:19,91282CLQ2,TSRYS5906509,D,S,D,2024-10-11,4000000.00,3.889617,99.958984375
08:00:19,91282CLQ2,TSRYS5906509,D,S,D,2024-10-11,4000000.00,3.887529,99.96484375
08:00:19,91282CLQ2,TSRYS5906509,D,S,D,2024-10-11,4000000.00,3.887529,99.96484375
08:00:19,91282CLQ2,TSRYS5906509,D,S,D,2024-10-11,4000000.00,3.887529,99.96484375
08:00:19,91282CLQ2,TSRYS5906509,D,S,D,2024-10-11,4000000.00,3.887529,99.96484375
08:00:19,91282CLQ2,TSRYS5906509,D,S,T,2024-10-11,1000000.00,3.891706,99.953125
08:00:19,91282CLQ2,TSRYS5906509,D,S,D,2024-10-11,1000000.00,3.886833,99.966796875
08:00:19,91282CLQ2,TSRYS5906509,D,S,D,2024-10-11,1000000.00,3.899366,99.931640625
08:00:19,91282CLQ2,TSRYS5906509,D,S,D,2024-10-11,1000000.00,3.89867,99.93359375
08:00:19,91282CLQ2,TSRYS5906509,D,S,D,2024-10-11,1000000.00,3.895188,99.943359375
08:00:19,91282CLQ2,TSRYS5906509,D,S,D,2024-10-11,1000000.00,3.897277,99.9375
08:00:19,91282CLQ2,TSRYS5906509,D,S,T,2024-10-11,2000000.00,3.900063,99.9296875
08:00:19,91282CLQ2,TSRYS5906509,D,S,D,2024-10-11,4000000.00,3.904242,99.91796875
08:00:19,91282CLQ2,TSRYS5906509,D,B,C,2024-10-11,1000000.00,3.900063,99.9296875
08:00:19,91282CLQ2,TSRYS5906509,D,S,T,2024-10-11,1000000.00,3.907725,99.908203125
08:00:19,91282CLQ2,TSRYS5906509,D,S,T,2024-10-11,2000000.00,3.902152,99.923828125
08:00:20,91282CLQ2,TSRYS5906509,D,S,D,2024-10-11,1000000.00,3.879176,99.98828125
08:00:21,91282CLQ2,TSRYS5906509,D,S,D,2024-10-11,1000000.00,3.884744,99.97265625
08:00:21,91282CLQ2,TSRYS5906509,D,S,D,2024-10-11,4000000.00,3.88544,99.970703125
08:00:21,91282CLQ2,TSRYS5906509,D,S,D,2024-10-11,1000000.00,3.88544,99.970703125
08:00:21,91282CLQ2,TSRYS5906509,D,S,D,2024-10-11,1000000.00,3.88544,99.970703125
08:00:21,91282CLQ2,TSRYS5906509,D,S,D,2024-10-11,1000000.00,3.88544,99.970703125
08:00:21,91282CLQ2,TSRYS5906509,D,S,D,2024-10-11,1000000.00,3.886136,99.96875
08:00:21,91282CLQ2,TSRYS5906509,D,S,D,2024-10-11,1000000.00,3.886136,99.96875
08:00:21,91282CLQ2,TSRYS5906509,D,S,D,2024-10-11,1000000.00,3.887529,99.96484375
08:00:21,91282CLQ2,TSRYS5906509,D,S,D,2024-10-11,1000000.00,3.886136,99.96875
08:00:22,91282CLQ2,TSRYS5906509,D,S,D,2024-10-11,1000000.00,3.884744,99.97265625
08:00:22,91282CLQ2,TSRYS5906509,D,S,D,2024-10-11,1000000.00,3.890314,99.95703125
08:00:23,91282CLQ2,TSRYS5906509,D,S,D,2024-10-11,1000000.00,3.888921,99.9609375
08:00:23,91282CLQ2,TSRYS5906509,D,S,D,2024-10-11,1000000.00,3.888921,99.9609375
08:00:24,91282CLQ2,TSRYS5906509,D,S,D,2024-10-11,1000000.00,3.888921,99.9609375
08:00:25,91282CLQ2,TSRYS5906509,D,S,C,2024-10-11,15000000.00,3.891706,99.953125
08:00:27,91282CLQ2,TSRYS5906509,D,S,D,2024-10-11,1000000.00,3.883352,99.9765625
08:00:27,91282CLQ2,TSRYS5906509,D,S,D,2024-10-11,1000000.00,3.88196,99.98046875
08:00:27,91282CLQ2,TSRYS5906509,D,S,D,2024-10-11,1000000.00,3.88196,99.98046875
08:00:27,91282CLQ2,TSRYS5906509,D,S,D,2024-10-11,1000000.00,3.884744,99.97265625
08:00:30,91282CLQ2,TSRYS5906509,D,S,T,2024-10-11,1000000.00,3.875,100.0
08:00:30,91282CLQ2,TSRYS5906509,D,S,T,2024-10-11,1000000.00,3.876392,99.99609375
08:00:30,91282CLQ2,TSRYS5906509,D,S,T,2024-10-11,1000000.00,3.877784,99.9921875
08:00:30,91282CLQ2,TSRYS5906509,D,S,T,2024-10-11,1000000.00,3.877784,99.9921875
08:00:30,91282CLQ2,TSRYS5906509,D,S,T,2024-10-11,1000000.00,3.877784,99.9921875
08:00:30,91282CLQ2,TSRYS5906509,D,S,T,2024-10-11,1000000.00,3.877784,99.9921875
08:00:30,91282CLQ2,TSRYS5906509,D,S,T,2024-10-11,1000000.00,3.877088,99.994140625
08:00:30,91282CLQ2,TSRYS5906509,D,S,T,2024-10-11,1000000.00,3.877088,99.994140625
08:00:30,91282CLQ2,TSRYS5906509,D,S,T,2024-10-11,1000000.00,3.881264,99.982421875
08:00:30,91282CLQ2,TSRYS5906509,D,S,T,2024-10-11,1000000.00,3.873608,100.00390625
08:00:30,91282CLQ2,TSRYS5906509,D,S,T,2024-10-11,1000000.00,3.872912,100.005859375
08:00:30,91282CLQ2,TSRYS5906509,D,S,T,2024-10-11,2000000.00,3.872912,100.005859375
08:00:30,91282CLQ2,TSRYS5906509,D,S,T,2024-10-11,1000000.00,3.873608,100.00390625
08:00:30,91282CLQ2,TSRYS5906509,D,S,T,2024-10-11,1000000.00,3.870825,100.01171875
08:00:30,91282CLQ2,TSRYS5906509,D,S,D,2024-10-11,1000000.00,3.872216,100.0078125
08:00:30,91282CLQ2,TSRYS5906509,D,S,T,2024-10-11,1000000.00,3.874304,100.001953125
08:00:30,91282CLQ2,TSRYS5906509,D,S,T,2024-10-11,1000000.00,3.874304,100.001953125
08:00:30,91282CLQ2,TSRYS5906509,D,S,T,2024-10-11,1000000.00,3.875,100.0
08:00:30,91282CLQ2,TSRYS5906509,D,S,T,2024-10-11,2000000.00,3.873608,100.00390625
08:00:30,91282CLQ2,TSRYS5906509,D,S,T,2024-10-11,1000000.00,3.871521,100.009765625
08:00:30,91282CLQ2,TSRYS5906509,D,S,T,2024-10-11,1000000.00,3.873608,100.00390625
08:00:30,91282CLQ2,TSRYS5906509,D,S,T,2024-10-11,1000000.00,3.873608,100.00390625
08:00:30,91282CLQ2,TSRYS5906509,D,S,T,2024-10-11,1000000.00,3.873608,100.00390625
08:00:30,91282CLQ2,TSRYS5906509,D,S,T,2024-10-11,1000000.00,3.873608,100.00390625
08:00:30,91282CLQ2,TSRYS5906509,D,S,T,2024-10-11,1000000.00,3.875,100.0
08:00:30,91282CLQ2,TSRYS5906509,D,S,T,2024-10-11,1000000.00,3.875,100.0
08:00:30,91282CLQ2,TSRYS5906509,D,S,T,2024-10-11,1000000.00,3.879176,99.98828125
08:00:30,91282CLQ2,TSRYS5906509,D,S,T,2024-10-11,1000000.00,3.879176,99.98828125
08:00:30,91282CLQ2,TSRYS5906509,D,S,T,2024-10-11,1000000.00,3.879176,99.98828125
08:00:30,91282CLQ2,TSRYS5906509,D,S,T,2024-10-11,1000000.00,3.879176,99.98828125
08:00:30,91282CLQ2,TSRYS5906509,D,S,D,2024-10-11,1000000.00,3.879176,99.98828125
08:00:30,91282CLQ2,TSRYS5906509,D,S,T,2024-10-11,1000000.00,3.877784,99.9921875
08:00:30,91282CLQ2,TSRYS5906509,D,S,T,2024-10-11,1000000.00,3.877784,99.9921875
08:00:30,91282CLQ2,TSRYS5906509,D,S,T,2024-10-11,1000000.00,3.879176,99.98828125
08:00:30,91282CLQ2,TSRYS5906509,D,S,T,2024-10-11,1000000.00,3.879176,99.98828125
08:00:30,91282CLQ2,TSRYS5906509,D,S,T,2024-10-11,1000000.00,3.879176,99.98828125
08:00:30,91282CLQ2,TSRYS5906509,D,S,T,2024-10-11,1000000.00,3.879176,99.98828125
08:00:30,91282CLQ2,TSRYS5906509,D,S,T,2024-10-11,1000000.00,3.879176,99.98828125
08:00:30,91282CLQ2,TSRYS5906509,D,S,T,2024-10-11,1000000.00,3.879176,99.98828125
08:00:30,91282CLQ2,TSRYS5906509,D,S,T,2024-10-11,1000000.00,3.883352,99.9765625
08:00:30,91282CLQ2,TSRYS5906509,D,S,T,2024-10-11,1000000.00,3.88196,99.98046875
08:00:30,91282CLQ2,TSRYS5906509,D,S,T,2024-10-11,1000000.00,3.88196,99.98046875
08:00:30,91282CLQ2,TSRYS5906509,D,S,T,2024-10-11,1000000.00,3.88196,99.98046875
08:00:30,91282CLQ2,TSRYS5906509,D,S,T,2024-10-11,1000000.00,3.88544,99.970703125
08:00:30,91282CLQ2,TSRYS5906509,D,S,T,2024-10-11,1000000.00,3.886136,99.96875
08:00:30,91282CLQ2,TSRYS5906509,D,S,T,2024-10-11,1000000.00,3.886833,99.966796875
08:00:30,91282CLQ2,TSRYS5906509,D,S,T,2024-10-11,2000000.00,3.887529,99.96484375
08:00:30,91282CLQ2,TSRYS5906509,D,S,T,2024-10-11,1000000.00,3.887529,99.96484375
08:00:30,91282CLQ2,TSRYS5906509,D,S,T,2024-10-11,1000000.00,3.887529,99.96484375
08:00:30,91282CLQ2,TSRYS5906509,D,S,T,2024-10-11,1000000.00,3.887529,99.96484375
08:00:30,91282CLQ2,TSRYS5906509,D,S,T,2024-10-11,1000000.00,3.887529,99.96484375
08:00:30,91282CLQ2,TSRYS5906509,D,S,T,2024-10-11,1000000.00,3.887529,99.96484375
08:00:30,91282CLQ2,TSRYS5906509,D,S,T,2024-10-11,1000000.00,3.887529,99.96484375
08:00:30,91282CLQ2,TSRYS5906509,D,S,T,2024-10-11,1000000.00,3.887529,99.96484375
08:00:30,91282CLQ2,TSRYS5906509,D,S,D,2024-10-11,1000000.00,3.886136,99.96875
08:00:30,91282CLQ2,TSRYS5906509,D,S,T,2024-10-11,1000000.00,3.886136,99.96875
08:00:30,91282CLQ2,TSRYS5906509,D,S,T,2024-10-11,1000000.00,3.886136,99.96875
08:00:30,91282CLQ2,TSRYS5906509,D,S,T,2024-10-11,1000000.00,3.887529,99.96484375
08:00:30,91282CLQ2,TSRYS5906509,D,S,T,2024-10-11,1000000.00,3.888921,99.9609375
08:00:30,91282CLQ2,TSRYS5906509,D,S,T,2024-10-11,1000000.00,3.888921,99.9609375
08:00:30,91282CLQ2,TSRYS5906509,D,S,T,2024-10-11,1000000.00,3.890314,99.95703125
08:00:30,91282CLQ2,TSRYS5906509,D,S,T,2024-10-11,1000000.00,3.891706,99.953125
08:00:30,91282CLQ2,TSRYS5906509,D,S,T,2024-10-11,1000000.00,3.891706,99.953125
08:00:30,91282CLQ2,TSRYS5906509,D,S,T,2024-10-11,1000000.00,3.891706,99.953125
08:00:30,91282CLQ2,TSRYS5906509,D,S,T,2024-10-11,1000000.00,3.891706,99.953125
08:00:30,91282CLQ2,TSRYS5906509,D,S,T,2024-10-11,1000000.00,3.891706,99.953125
08:00:30,91282CLQ2,TSRYS5906509,D,S,T,2024-10-11,2000000.00,3.889617,99.958984375
08:00:30,91282CLQ2,TSRYS5906509,D,S,T,2024-10-11,1000000.00,3.889617,99.958984375
08:00:30,91282CLQ2,TSRYS5906509,D,S,T,2024-10-11,1000000.00,3.889617,99.958984375
08:00:30,91282CLQ2,TSRYS5906509,D,S,T,2024-10-11,1000000.00,3.887529,99.96484375
08:00:30,91282CLQ2,TSRYS5906509,D,S,T,2024-10-11,1000000.00,3.884744,99.97265625
08:00:30,91282CLQ2,TSRYS5906509,D,S,T,2024-10-11,1000000.00,3.883352,99.9765625
08:00:30,91282CLQ2,TSRYS5906509,D,S,T,2024-10-11,1000000.00,3.879872,99.986328125
08:00:30,91282CLQ2,TSRYS5906509,D,S,T,2024-10-11,1000000.00,3.879176,99.98828125
08:00:30,91282CLQ2,TSRYS5906509,D,S,D,2024-10-11,1000000.00,3.894492,99.9453125
08:00:31,91282CLQ2,TSRYS5906509,D,S,T,2024-10-11,1000000.00,3.887529,99.96484375
08:00:31,91282CLQ2,TSRYS5906509,D,S,T,2024-10-11,2000000.00,3.887529,99.96484375
08:00:31,91282CLQ2,TSRYS5906509,D,S,T,2024-10-11,1000000.00,3.879176,99.98828125
08:00:31,91282CLQ2,TSRYS5906509,D,S,T,2024-10-11,1000000.00,3.879176,99.98828125
08:00:31,91282CLQ2,TSRYS5906509,D,S,T,2024-10-11,1000000.00,3.879176,99.98828125
08:00:31,91282CLQ2,TSRYS5906509,D,S,T,2024-10-11,1000000.00,3.879176,99.98828125
08:00:31,91282CLQ2,TSRYS5906509,D,S,T,2024-10-11,1000000.00,3.879176,99.98828125
08:00:31,91282CLQ2,TSRYS5906509,D,S,T,2024-10-11,1000000.00,3.893099,99.94921875
08:00:31,91282CLQ2,TSRYS5906509,D,S,T,2024-10-11,1000000.00,3.89867,99.93359375
08:00:31,91282CLQ2,TSRYS5906509,D,S,T,2024-10-11,1000000.00,3.89867,99.93359375
08:00:31,91282CLQ2,TSRYS5906509,D,S,T,2024-10-11,2000000.00,3.89867,99.93359375
08:00:31,91282CLQ2,TSRYS5906509,D,S,T,2024-10-11,1000000.00,3.89867,99.93359375
08:00:31,91282CLQ2,TSRYS5906509,D,S,T,2024-10-11,1000000.00,3.89867,99.93359375
08:00:31,91282CLQ2,TSRYS5906509,D,S,T,2024-10-11,3000000.00,3.900063,99.9296875
08:00:31,91282CLQ2,TSRYS5906509,D,S,T,2024-10-11,1000000.00,3.886833,99.966796875
08:00:31,91282CLQ2,TSRYS5906509,D,S,T,2024-10-11,1000000.00,3.888921,99.9609375
08:00:31,91282CLQ2,TSRYS5906509,D,S,T,2024-10-11,1000000.00,3.890314,99.95703125
08:00:31,91282CLQ2,TSRYS5906509,D,S,T,2024-10-11,1000000.00,3.890314,99.95703125
08:00:31,91282CLQ2,TSRYS5906509,D,S,T,2024-10-11,1000000.00,3.890314,99.95703125
08:00:31,91282CLQ2,TSRYS5906509,D,S,T,2024-10-11,1000000.00,3.890314,99.95703125
08:00:31,91282CLQ2,TSRYS5906509,D,S,T,2024-10-11,1000000.00,3.887529,99.96484375
08:00:31,91282CLQ2,TSRYS5906509,D,S,T,2024-10-11,1000000.00,3.887529,99.96484375
08:00:31,91282CLQ2,TSRYS5906509,D,S,T,2024-10-11,1000000.00,3.887529,99.96484375
08:00:31,91282CLQ2,TSRYS5906509,D,S,T,2024-10-11,1000000.00,3.887529,99.96484375
08:00:31,91282CLQ2,TSRYS5906509,D,S,T,2024-10-11,1000000.00,3.887529,99.96484375
08:00:31,91282CLQ2,TSRYS5906509,D,S,T,2024-10-11,1000000.00,3.887529,99.96484375
08:00:31,91282CLQ2,TSRYS5906509,D,S,T,2024-10-11,1000000.00,3.887529,99.96484375
08:00:31,91282CLQ2,TSRYS5906509,D,S,T,2024-10-11,1000000.00,3.887529,99.96484375
08:00:31,91282CLQ2,TSRYS5906509,D,S,T,2024-10-11,1000000.00,3.887529,99.96484375
08:00:31,91282CLQ2,TSRYS5906509,D,S,T,2024-10-11,1000000.00,3.887529,99.96484375
08:00:31,91282CLQ2,TSRYS5906509,D,S,T,2024-10-11,1000000.00,3.887529,99.96484375
08:00:31,91282CLQ2,TSRYS5906509,D,S,T,2024-10-11,1000000.00,3.887529,99.96484375
08:00:31,91282CLQ2,TSRYS5906509,D,S,T,2024-10-11,1000000.00,3.887529,99.96484375
08:00:31,91282CLQ2,TSRYS5906509,D,S,T,2024-10-11,1000000.00,3.887529,99.96484375
08:00:31,91282CLQ2,TSRYS5906509,D,S,T,2024-10-11,1000000.00,3.887529,99.96484375
08:00:31,91282CLQ2,TSRYS5906509,D,S,T,2024-10-11,1000000.00,3.887529,99.96484375
08:00:31,91282CLQ2,TSRYS5906509,D,S,T,2024-10-11,1000000.00,3.887529,99.96484375
08:00:31,91282CLQ2,TSRYS5906509,D,S,T,2024-10-11,1000000.00,3.887529,99.96484375
08:00:31,91282CLQ2,TSRYS5906509,D,S,T,2024-10-11,1000000.00,3.887529,99.96484375
08:00:31,91282CLQ2,TSRYS5906509,D,S,T,2024-10-11,1000000.00,3.887529,99.96484375
08:00:31,91282CLQ2,TSRYS5906509,D,S,T,2024-10-11,1000000.00,3.887529,99.96484375
08:00:31,91282CLQ2,TSRYS5906509,D,S,T,2024-10-11,1000000.00,3.887529,99.96484375
08:00:31,91282CLQ2,TSRYS5906509,D,S,T,2024-10-11,1000000.00,3.887529,99.96484375
08:00:31,91282CLQ2,TSRYS5906509,D,S,T,2024-10-11,1000000.00,3.887529,99.96484375
08:00:31,91282CLQ2,TSRYS5906509,D,S,T,2024-10-11,1000000.00,3.887529,99.96484375
08:00:31,91282CLQ2,TSRYS5906509,D,S,T,2024-10-11,2000000.00,3.887529,99.96484375
08:00:31,91282CLQ2,TSRYS5906509,D,S,T,2024-10-11,1000000.00,3.887529,99.96484375
08:00:31,91282CLQ2,TSRYS5906509,D,S,T,2024-10-11,2000000.00,3.887529,99.96484375
08:00:31,91282CLQ2,TSRYS5906509,D,S,T,2024-10-11,2000000.00,3.887529,99.96484375
08:00:31,91282CLQ2,TSRYS5906509,D,S,T,2024-10-11,2000000.00,3.887529,99.96484375
08:00:31,91282CLQ2,TSRYS5906509,D,S,T,2024-10-11,1000000.00,3.887529,99.96484375
08:00:31,91282CLQ2,TSRYS5906509,D,S,T,2024-10-11,2000000.00,3.887529,99.96484375
08:00:31,91282CLQ2,TSRYS5906509,D,S,T,2024-10-11,1000000.00,3.887529,99.96484375
08:00:31,91282CLQ2,TSRYS5906509,D,S,T,2024-10-11,2000000.00,3.887529,99.96484375
08:00:31,91282CLQ2,TSRYS5906509,D,S,T,2024-10-11,2000000.00,3.887529,99.96484375
08:00:31,91282CLQ2,TSRYS5906509,D,S,T,2024-10-11,1000000.00,3.887529,99.96484375
08:00:31,91282CLQ2,TSRYS5906509,D,S,T,2024-10-11,1000000.00,3.887529,99.96484375
08:00:31,91282CLQ2,TSRYS5906509,D,S,T,2024-10-11,2000000.00,3.887529,99.96484375
08:00:31,91282CLQ2,TSRYS5906509,D,S,T,2024-10-11,2000000.00,3.887529,99.96484375
08:00:31,91282CLQ2,TSRYS5906509,D,S,T,2024-10-11,1000000.00,3.887529,99.96484375
08:00:31,91282CLQ2,TSRYS5906509,D,S,D,2024-10-11,1000000.00,3.879176,99.98828125
08:00:31,91282CLQ2,TSRYS5906509,D,S,D,2024-10-11,2000000.00,3.879176,99.98828125
08:00:31,91282CLQ2,TSRYS5906509,D,S,D,2024-10-11,1000000.00,3.879176,99.98828125
08:00:31,91282CLQ2,TSRYS5906509,D,S,D,2024-10-11,1000000.00,3.886136,99.96875
08:00:31,91282CLQ2,TSRYS5906509,D,S,D,2024-10-11,1000000.00,3.883352,99.9765625
08:00:31,91282CLQ2,TSRYS5906509,D,S,D,2024-10-11,1000000.00,3.88196,99.98046875
08:00:31,91282CLQ2,TSRYS5906509,D,S,D,2024-10-11,1000000.00,3.88196,99.98046875
08:00:31,91282CLQ2,TSRYS5906509,D,S,D,2024-10-11,1000000.00,3.88196,99.98046875
08:00:31,91282CLQ2,TSRYS5906509,D,S,D,2024-10-11,1000000.00,3.884744,99.97265625
08:00:31,91282CLQ2,TSRYS5906509,D,S,D,2024-10-11,2000000.00,3.888921,99.9609375
08:00:31,91282CLQ2,TSRYS5906509,D,S,D,2024-10-11,1000000.00,3.894492,99.9453125
08:00:31,91282CLQ2,TSRYS5906509,D,S,T,2024-10-11,1000000.00,3.892403,99.951171875
08:00:31,91282CLQ2,TSRYS5906509,D,S,T,2024-10-11,1000000.00,3.893099,99.94921875
08:00:31,91282CLQ2,TSRYS5906509,D,S,T,2024-10-11,1000000.00,3.893099,99.94921875
08:00:31,91282CLQ2,TSRYS5906509,D,S,T,2024-10-11,1000000.00,3.893099,99.94921875
08:00:31,91282CLQ2,TSRYS5906509,D,S,T,2024-10-11,1000000.00,3.893099,99.94921875
08:00:31,91282CLQ2,TSRYS5906509,D,S,T,2024-10-11,1000000.00,3.893099,99.94921875
08:00:31,91282CLQ2,TSRYS5906509,D,S,T,2024-10-11,1000000.00,3.893099,99.94921875
08:00:31,91282CLQ2,TSRYS5906509,D,S,T,2024-10-11,1000000.00,3.893099,99.94921875
08:00:31,91282CLQ2,TSRYS5906509,D,S,D,2024-10-11,2000000.00,3.899366,99.931640625
08:00:31,91282CLQ2,TSRYS5906509,D,S,D,2024-10-11,1000000.00,3.89867,99.93359375
08:00:31,91282CLQ2,TSRYS5906509,D,S,T,2024-10-11,1000000.00,3.895884,99.94140625
08:00:31,91282CLQ2,TSRYS5906509,D,S,T,2024-10-11,1000000.00,3.894492,99.9453125
08:00:31,91282CLQ2,TSRYS5906509,D,S,T,2024-10-11,1000000.00,3.895884,99.94140625
08:00:31,91282CLQ2,TSRYS5906509,D,S,T,2024-10-11,1000000.00,3.893099,99.94921875
08:00:31,91282CLQ2,TSRYS5906509,D,S,T,2024-10-11,1000000.00,3.893099,99.94921875
08:00:31,91282CLQ2,TSRYS5906509,D,S,T,2024-10-11,1000000.00,3.893099,99.94921875
08:00:31,91282CLQ2,TSRYS5906509,D,S,T,2024-10-11,1000000.00,3.893099,99.94921875
08:00:31,91282CLQ2,TSRYS5906509,D,S,T,2024-10-11,1000000.00,3.891706,99.953125
08:00:31,91282CLQ2,TSRYS5906509,D,S,T,2024-10-11,1000000.00,3.888225,99.962890625
08:00:31,91282CLQ2,TSRYS5906509,D,S,T,2024-10-11,1000000.00,3.887529,99.96484375
08:00:31,91282CLQ2,TSRYS5906509,D,S,T,2024-10-11,1000000.00,3.887529,99.96484375
08:00:31,91282CLQ2,TSRYS5906509,D,S,T,2024-10-11,2000000.00,3.887529,99.96484375
08:00:31,91282CLQ2,TSRYS5906509,D,S,T,2024-10-11,1000000.00,3.887529,99.96484375
08:00:31,91282CLQ2,TSRYS5906509,D,S,T,2024-10-11,1000000.00,3.886136,99.96875
08:00:31,91282CLQ2,TSRYS5906509,D,S,T,2024-10-11,1000000.00,3.886136,99.96875
08:00:31,91282CLQ2,TSRYS5906509,D,S,T,2024-10-11,1000000.00,3.888225,99.962890625
08:00:31,91282CLQ2,TSRYS5906509,D,S,T,2024-10-11,1000000.00,3.887529,99.96484375
08:00:31,91282CLQ2,TSRYS5906509,D,S,T,2024-10-11,1000000.00,3.888921,99.9609375
08:00:31,91282CLQ2,TSRYS5906509,D,S,T,2024-10-11,1000000.00,3.888921,99.9609375
08:00:31,91282CLQ2,TSRYS5906509,D,S,T,2024-10-11,1000000.00,3.89101,99.955078125
08:00:31,91282CLQ2,TSRYS5906509,D,S,T,2024-10-11,1000000.00,3.891706,99.953125
08:00:31,91282CLQ2,TSRYS5906509,D,S,T,2024-10-11,1000000.00,3.891706,99.953125
08:00:31,91282CLQ2,TSRYS5906509,D,S,T,2024-10-11,1000000.00,3.891706,99.953125
08:00:31,91282CLQ2,TSRYS5906509,D,S,T,2024-10-11,1000000.00,3.891706,99.953125
08:00:31,91282CLQ2,TSRYS5906509,D,S,T,2024-10-11,1000000.00,3.89101,99.955078125
08:00:31,91282CLQ2,TSRYS5906509,D,S,T,2024-10-11,1000000.00,3.891706,99.953125
08:00:31,91282CLQ2,TSRYS5906509,D,S,T,2024-10-11,1000000.00,3.893099,99.94921875
08:00:31,91282CLQ2,TSRYS5906509,D,S,T,2024-10-11,1000000.00,3.893099,99.94921875
08:00:31,91282CLQ2,TSRYS5906509,D,S,T,2024-10-11,1000000.00,3.892403,99.951171875
08:00:31,91282CLQ2,TSRYS5906509,D,S,D,2024-10-11,1000000.00,3.891706,99.953125
08:00:32,91282CLQ2,TSRYS5906509,D,S,T,2024-10-11,2000000.00,3.896581,99.939453125
08:00:32,91282CLQ2,TSRYS5906509,D,S,T,2024-10-11,1000000.00,3.895884,99.94140625
08:00:32,91282CLQ2,TSRYS5906509,D,S,T,2024-10-11,1000000.00,3.907029,99.91015625
08:00:32,91282CLQ2,TSRYS5906509,D,S,T,2024-10-11,1000000.00,3.891706,99.953125
08:00:32,91282CLQ2,TSRYS5906509,D,S,T,2024-10-11,1000000.00,3.893099,99.94921875
08:00:32,91282CLQ2,TSRYS5906509,D,S,T,2024-10-11,1000000.00,3.894492,99.9453125
08:00:32,91282CLQ2,TSRYS5906509,D,S,T,2024-10-11,1000000.00,3.893099,99.94921875
08:00:32,91282CLQ2,TSRYS5906509,D,S,T,2024-10-11,1000000.00,3.895884,99.94140625
08:00:32,91282CLQ2,TSRYS5906509,D,S,T,2024-10-11,1000000.00,3.895884,99.94140625
08:00:32,91282CLQ2,TSRYS5906509,D,S,T,2024-10-11,1000000.00,3.895884,99.94140625
08:00:32,91282CLQ2,TSRYS5906509,D,S,T,2024-10-11,2000000.00,3.895884,99.94140625
08:00:32,91282CLQ2,TSRYS5906509,D,S,T,2024-10-11,1000000.00,3.897277,99.9375
08:00:32,91282CLQ2,TSRYS5906509,D,S,T,2024-10-11,1000000.00,3.897277,99.9375
08:00:32,91282CLQ2,TSRYS5906509,D,S,T,2024-10-11,1000000.00,3.897277,99.9375
08:00:32,91282CLQ2,TSRYS5906509,D,S,D,2024-10-11,1000000.00,3.897277,99.9375
08:00:32,91282CLQ2,TSRYS5906509,D,S,T,2024-10-11,2000000.00,3.897277,99.9375
08:00:32,91282CLQ2,TSRYS5906509,D,S,T,2024-10-11,2000000.00,3.896581,99.939453125
08:00:32,91282CLQ2,TSRYS5906509,D,S,T,2024-10-11,1000000.00,3.896581,99.939453125
08:00:32,91282CLQ2,TSRYS5906509,D,S,T,2024-10-11,1000000.00,3.897277,99.9375
08:00:32,91282CLQ2,TSRYS5906509,D,S,T,2024-10-11,1000000.00,3.897277,99.9375
08:00:32,91282CLQ2,TSRYS5906509,D,S,T,2024-10-11,1000000.00,3.89867,99.93359375
08:00:32,91282CLQ2,TSRYS5906509,D,S,T,2024-10-11,1000000.00,3.900063,99.9296875
08:00:32,91282CLQ2,TSRYS5906509,D,S,T,2024-10-11,1000000.00,3.901456,99.92578125
08:00:32,91282CLQ2,TSRYS5906509,D,S,T,2024-10-11,1000000.00,3.897973,99.935546875
08:00:32,91282CLQ2,TSRYS5906509,D,S,T,2024-10-11,1000000.00,3.89867,99.93359375
08:00:32,91282CLQ2,TSRYS5906509,D,S,D,2024-10-11,1000000.00,3.875,100.0
08:00:32,91282CLQ2,TSRYS5906509,D,S,T,2024-10-11,1000000.00,3.89867,99.93359375
08:00:32,91282CLQ2,TSRYS5906509,D,S,T,2024-10-11,1000000.00,3.895884,99.94140625
08:00:32,91282CLQ2,TSRYS5906509,D,S,T,2024-10-11,1000000.00,3.895884,99.94140625
08:00:32,91282CLQ2,TSRYS5906509,D,S,D,2024-10-11,1000000.00,3.895884,99.94140625
08:00:32,91282CLQ2,TSRYS5906509,D,S,D,2024-10-11,1000000.00,3.895884,99.94140625
08:00:32,91282CLQ2,TSRYS5906509,D,S,D,2024-10-11,1000000.00,3.895884,99.94140625
08:00:32,91282CLQ2,TSRYS5906509,D,S,T,2024-10-11,1000000.00,3.897277,99.9375
08:00:32,91282CLQ2,TSRYS5906509,D,S,T,2024-10-11,1000000.00,3.897277,99.9375
08:00:32,91282CLQ2,TSRYS5906509,D,S,T,2024-10-11,1000000.00,3.897277,99.9375
08:00:32,91282CLQ2,TSRYS5906509,D,S,T,2024-10-11,1000000.00,3.897277,99.9375
08:00:32,91282CLQ2,TSRYS5906509,D,S,T,2024-10-11,2000000.00,3.897277,99.9375
08:00:32,91282CLQ2,TSRYS5906509,D,S,T,2024-10-11,2000000.00,3.897277,99.9375
08:00:32,91282CLQ2,TSRYS5906509,D,S,T,2024-10-11,1000000.00,3.897277,99.9375
08:00:32,91282CLQ2,TSRYS5906509,D,S,T,2024-10-11,1000000.00,3.897277,99.9375
08:00:32,91282CLQ2,TSRYS5906509,D,S,T,2024-10-11,1000000.00,3.897277,99.9375
08:00:32,91282CLQ2,TSRYS5906509,D,S,T,2024-10-11,1000000.00,3.897277,99.9375
08:00:32,91282CLQ2,TSRYS5906509,D,S,T,2024-10-11,1000000.00,3.897277,99.9375
08:00:32,91282CLQ2,TSRYS5906509,D,S,T,2024-10-11,1000000.00,3.89867,99.93359375
08:00:32,91282CLQ2,TSRYS5906509,D,S,T,2024-10-11,1000000.00,3.89867,99.93359375
08:00:32,91282CLQ2,TSRYS5906509,D,S,T,2024-10-11,1000000.00,3.89867,99.93359375
08:00:32,91282CLQ2,TSRYS5906509,D,S,T,2024-10-11,1000000.00,3.89867,99.93359375
08:00:32,91282CLQ2,TSRYS5906509,D,S,T,2024-10-11,1000000.00,3.89867,99.93359375
08:00:32,91282CLQ2,TSRYS5906509,D,S,T,2024-10-11,1000000.00,3.89867,99.93359375
08:00:32,91282CLQ2,TSRYS5906509,D,S,T,2024-10-11,1000000.00,3.89867,99.93359375
08:00:32,91282CLQ2,TSRYS5906509,D,S,T,2024-10-11,1000000.00,3.89867,99.93359375
08:00:32,91282CLQ2,TSRYS5906509,D,S,T,2024-10-11,1000000.00,3.89867,99.93359375
08:00:32,91282CLQ2,TSRYS5906509,D,S,T,2024-10-11,1000000.00,3.89867,99.93359375
08:00:32,91282CLQ2,TSRYS5906509,D,S,T,2024-10-11,1000000.00,3.89867,99.93359375
08:00:32,91282CLQ2,TSRYS5906509,D,S,T,2024-10-11,1000000.00,3.89867,99.93359375
08:00:32,91282CLQ2,TSRYS5906509,D,S,T,2024-10-11,1000000.00,3.89867,99.93359375
08:00:32,91282CLQ2,TSRYS5906509,D,S,T,2024-10-11,1000000.00,3.897277,99.9375
08:00:32,91282CLQ2,TSRYS5906509,D,S,T,2024-10-11,1000000.00,3.900063,99.9296875
08:00:32,91282CLQ2,TSRYS5906509,D,S,T,2024-10-11,1000000.00,3.902849,99.921875
08:00:32,91282CLQ2,TSRYS5906509,D,S,T,2024-10-11,1000000.00,3.903546,99.919921875
08:00:32,91282CLQ2,TSRYS5906509,D,S,T,2024-10-11,1000000.00,3.903546,99.919921875
08:00:32,91282CLQ2,TSRYS5906509,D,S,T,2024-10-11,1000000.00,3.902849,99.921875
08:00:32,91282CLQ2,TSRYS5906509,D,S,T,2024-10-11,1000000.00,3.902849,99.921875
08:00:32,91282CLQ2,TSRYS5906509,D,S,T,2024-10-11,3000000.00,3.902849,99.921875
08:00:32,91282CLQ2,TSRYS5906509,D,S,T,2024-10-11,1000000.00,3.902849,99.921875
08:00:32,91282CLQ2,TSRYS5906509,D,S,T,2024-10-11,2000000.00,3.902849,99.921875
08:00:32,91282CLQ2,TSRYS5906509,D,S,D,2024-10-11,1000000.00,3.903546,99.919921875
08:00:32,91282CLQ2,TSRYS5906509,D,S,T,2024-10-11,1000000.00,3.904242,99.91796875
08:00:32,91282CLQ2,TSRYS5906509,D,S,T,2024-10-11,1000000.00,3.904242,99.91796875
08:00:32,91282CLQ2,TSRYS5906509,D,S,T,2024-10-11,1000000.00,3.902849,99.921875
08:00:32,91282CLQ2,TSRYS5906509,D,S,T,2024-10-11,1000000.00,3.902849,99.921875
08:00:32,91282CLQ2,TSRYS5906509,D,S,T,2024-10-11,1000000.00,3.902849,99.921875
08:00:32,91282CLQ2,TSRYS5906509,D,S,T,2024-10-11,1000000.00,3.902152,99.923828125
08:00:32,91282CLQ2,TSRYS5906509,D,S,T,2024-10-11,1000000.00,3.901456,99.92578125
08:00:32,91282CLQ2,TSRYS5906509,D,S,T,2024-10-11,1000000.00,3.899366,99.931640625
08:00:32,91282CLQ2,TSRYS5906509,D,S,T,2024-10-11,1000000.00,3.89867,99.93359375
08:00:32,91282CLQ2,TSRYS5906509,D,S,T,2024-10-11,1000000.00,3.89867,99.93359375
08:00:32,91282CLQ2,TSRYS5906509,D,S,T,2024-10-11,1000000.00,3.89867,99.93359375
08:00:32,91282CLQ2,TSRYS5906509,D,S,T,2024-10-11,1000000.00,3.89867,99.93359375
08:00:32,91282CLQ2,TSRYS5906509,D,S,T,2024-10-11,1000000.00,3.901456,99.92578125
08:00:32,91282CLQ2,TSRYS5906509,D,S,T,2024-10-11,1000000.00,3.900063,99.9296875
08:00:32,91282CLQ2,TSRYS5906509,D,S,T,2024-10-11,1000000.00,3.900063,99.9296875
08:00:32,91282CLQ2,TSRYS5906509,D,S,T,2024-10-11,1000000.00,3.900063,99.9296875
08:00:32,91282CLQ2,TSRYS5906509,D,S,T,2024-10-11,1000000.00,3.899366,99.931640625
08:00:32,91282CLQ2,TSRYS5906509,D,S,T,2024-10-11,2000000.00,3.897973,99.935546875
08:00:32,91282CLQ2,TSRYS5906509,D,S,T,2024-10-11,1000000.00,3.89867,99.93359375
08:00:32,91282CLQ2,TSRYS5906509,D,S,T,2024-10-11,1000000.00,3.89867,99.93359375
08:00:32,91282CLQ2,TSRYS5906509,D,S,T,2024-10-11,1000000.00,3.89867,99.93359375
08:00:32,91282CLQ2,TSRYS5906509,D,S,T,2024-10-11,1000000.00,3.89867,99.93359375
08:00:32,91282CLQ2,TSRYS5906509,D,S,T,2024-10-11,1000000.00,3.89867,99.93359375
08:00:32,91282CLQ2,TSRYS5906509,D,S,T,2024-10-11,1000000.00,3.89867,99.93359375
08:00:32,91282CLQ2,TSRYS5906509,D,S,T,2024-10-11,1000000.00,3.89867,99.93359375
08:00:32,91282CLQ2,TSRYS5906509,D,S,T,2024-10-11,1000000.00,3.89867,99.93359375
08:00:32,91282CLQ2,TSRYS5906509,D,S,T,2024-10-11,1000000.00,3.899366,99.931640625
08:00:32,91282CLQ2,TSRYS5906509,D,S,T,2024-10-11,1000000.00,3.900063,99.9296875
08:00:32,91282CLQ2,TSRYS5906509,D,S,T,2024-10-11,1000000.00,3.900063,99.9296875
08:00:32,91282CLQ2,TSRYS5906509,D,S,T,2024-10-11,1000000.00,3.900063,99.9296875
08:00:32,91282CLQ2,TSRYS5906509,D,S,T,2024-10-11,1000000.00,3.900063,99.9296875
08:00:32,91282CLQ2,TSRYS5906509,D,S,T,2024-10-11,1000000.00,3.900063,99.9296875
08:00:32,91282CLQ2,TSRYS5906509,D,S,T,2024-10-11,1000000.00,3.900063,99.9296875
08:00:32,91282CLQ2,TSRYS5906509,D,S,T,2024-10-11,1000000.00,3.900063,99.9296875
08:00:32,91282CLQ2,TSRYS5906509,D,S,T,2024-10-11,2000000.00,3.900063,99.9296875
08:00:32,91282CLQ2,TSRYS5906509,D,S,T,2024-10-11,2000000.00,3.900063,99.9296875
08:00:32,91282CLQ2,TSRYS5906509,D,S,T,2024-10-11,1000000.00,3.900063,99.9296875
08:00:32,91282CLQ2,TSRYS5906509,D,S,T,2024-10-11,1000000.00,3.900063,99.9296875
08:00:32,91282CLQ2,TSRYS5906509,D,S,T,2024-10-11,1000000.00,3.902152,99.923828125
08:00:32,91282CLQ2,TSRYS5906509,D,S,T,2024-10-11,1000000.00,3.902152,99.923828125
08:00:32,91282CLQ2,TSRYS5906509,D,S,T,2024-10-11,1000000.00,3.902152,99.923828125
08:00:32,91282CLQ2,TSRYS5906509,D,S,T,2024-10-11,1000000.00,3.904242,99.91796875
08:00:32,91282CLQ2,TSRYS5906509,D,S,T,2024-10-11,1000000.00,3.902849,99.921875
08:00:32,91282CLQ2,TSRYS5906509,D,S,T,2024-10-11,1000000.00,3.903546,99.919921875
08:00:32,91282CLQ2,TSRYS5906509,D,S,T,2024-10-11,2000000.00,3.904242,99.91796875
08:00:32,91282CLQ2,TSRYS5906509,D,S,T,2024-10-11,1000000.00,3.901456,99.92578125
08:00:32,91282CLQ2,TSRYS5906509,D,S,T,2024-10-11,1000000.00,3.901456,99.92578125
08:00:32,91282CLQ2,TSRYS5906509,D,S,T,2024-10-11,1000000.00,3.900063,99.9296875
08:00:32,91282CLQ2,TSRYS5906509,D,S,T,2024-10-11,2000000.00,3.901456,99.92578125
08:00:32,91282CLQ2,TSRYS5906509,D,S,T,2024-10-11,3000000.00,3.901456,99.92578125
08:00:32,91282CLQ2,TSRYS5906509,D,S,T,2024-10-11,4000000.00,3.901456,99.92578125
08:00:32,91282CLQ2,TSRYS5906509,D,S,T,2024-10-11,5000000.00,3.901456,99.92578125
08:00:32,91282CLQ2,TSRYS5906509,D,S,T,2024-10-11,2000000.00,3.901456,99.92578125
08:00:32,91282CLQ2,TSRYS5906509,D,S,T,2024-10-11,2000000.00,3.901456,99.92578125
08:00:32,91282CLQ2,TSRYS5906509,D,S,T,2024-10-11,1000000.00,3.900063,99.9296875
08:00:32,91282CLQ2,TSRYS5906509,D,S,T,2024-10-11,1000000.00,3.897973,99.935546875
08:00:32,91282CLQ2,TSRYS5906509,D,S,T,2024-10-11,1000000.00,3.89867,99.93359375
08:00:32,91282CLQ2,TSRYS5906509,D,S,T,2024-10-11,2000000.00,3.89867,99.93359375
08:00:32,91282CLQ2,TSRYS5906509,D,S,T,2024-10-11,1000000.00,3.89867,99.93359375
08:00:32,91282CLQ2,TSRYS5906509,D,S,T,2024-10-11,3000000.00,3.89867,99.93359375
08:00:32,91282CLQ2,TSRYS5906509,D,S,T,2024-10-11,2000000.00,3.89867,99.93359375
08:00:32,91282CLQ2,TSRYS5906509,D,S,T,2024-10-11,4000000.00,3.89867,99.93359375
08:00:32,91282CLQ2,TSRYS5906509,D,S,T,2024-10-11,1000000.00,3.89867,99.93359375
08:00:32,91282CLQ2,TSRYS5906509,D,S,T,2024-10-11,1000000.00,3.89867,99.93359375
08:00:32,91282CLQ2,TSRYS5906509,D,S,T,2024-10-11,2000000.00,3.899366,99.931640625
08:00:32,91282CLQ2,TSRYS5906509,D,S,T,2024-10-11,2000000.00,3.900063,99.9296875
08:00:32,91282CLQ2,TSRYS5906509,D,S,T,2024-10-11,1000000.00,3.901456,99.92578125
08:00:32,91282CLQ2,TSRYS5906509,D,S,T,2024-10-11,1000000.00,3.907029,99.91015625
08:00:32,91282CLQ2,TSRYS5906509,D,S,T,2024-10-11,1000000.00,3.907029,99.91015625
08:00:32,91282CLQ2,TSRYS5906509,D,S,T,2024-10-11,1000000.00,3.908422,99.90625
08:00:32,91282CLQ2,TSRYS5906509,D,S,T,2024-10-11,1000000.00,3.908422,99.90625
08:00:32,91282CLQ2,TSRYS5906509,D,S,T,2024-10-11,1000000.00,3.907725,99.908203125
08:00:32,91282CLQ2,TSRYS5906509,D,S,T,2024-10-11,1000000.00,3.907029,99.91015625
08:00:32,91282CLQ2,TSRYS5906509,D,S,T,2024-10-11,2000000.00,3.907725,99.908203125
08:00:32,91282CLQ2,TSRYS5906509,D,S,T,2024-10-11,1000000.00,3.907029,99.91015625
08:00:32,91282CLQ2,TSRYS5906509,D,S,T,2024-10-11,1000000.00,3.907029,99.91015625
08:00:32,91282CLQ2,TSRYS5906509,D,S,T,2024-10-11,2000000.00,3.902849,99.921875
08:00:32,91282CLQ2,TSRYS5906509,D,S,T,2024-10-11,1000000.00,3.902849,99.921875
08:00:32,91282CLQ2,TSRYS5906509,D,S,D,2024-10-11,1000000.00,3.875,100.0
08:00:32,91282CLQ2,TSRYS5906509,D,S,D,2024-10-11,1000000.00,3.874304,100.001953125
08:00:32,91282CLQ2,TSRYS5906509,D,S,D,2024-10-11,1000000.00,3.874304,100.001953125
08:00:32,91282CLQ2,TSRYS5906509,D,S,D,2024-10-11,1000000.00,3.875,100.0
08:00:32,91282CLQ2,TSRYS5906509,D,S,D,2024-10-11,1000000.00,3.875696,99.998046875
08:00:32,91282CLQ2,TSRYS5906509,D,S,D,2024-10-11,1000000.00,3.876392,99.99609375
08:00:32,91282CLQ2,TSRYS5906509,D,S,D,2024-10-11,1000000.00,3.876392,99.99609375
08:00:32,91282CLQ2,TSRYS5906509,D,S,D,2024-10-11,1000000.00,3.875696,99.998046875
08:00:32,91282CLQ2,TSRYS5906509,D,S,D,2024-10-11,1000000.00,3.880568,99.984375
08:00:32,91282CLQ2,TSRYS5906509,D,S,D,2024-10-11,1000000.00,3.880568,99.984375
08:00:32,91282CLQ2,TSRYS5906509,D,S,D,2024-10-11,1000000.00,3.880568,99.984375
08:00:32,91282CLQ2,TSRYS5906509,D,S,D,2024-10-11,1000000.00,3.875,100.0
08:00:32,91282CLQ2,TSRYS5906509,D,S,D,2024-10-11,1000000.00,3.887529,99.96484375
08:00:32,91282CLQ2,TSRYS5906509,D,S,D,2024-10-11,1000000.00,3.886833,99.966796875
08:00:32,91282CLQ2,TSRYS5906509,D,S,D,2024-10-11,1000000.00,3.886833,99.966796875
08:00:32,91282CLQ2,TSRYS5906509,D,S,D,2024-10-11,1000000.00,3.897277,99.9375
08:00:32,91282CLQ2,TSRYS5906509,D,S,D,2024-10-11,1000000.00,3.897277,99.9375
08:00:32,91282CLQ2,TSRYS5906509,D,S,D,2024-10-11,1000000.00,3.897277,99.9375
08:00:32,91282CLQ2,TSRYS5906509,D,S,D,2024-10-11,1000000.00,3.89867,99.93359375
08:00:32,91282CLQ2,TSRYS5906509,D,S,D,2024-10-11,1000000.00,3.89867,99.93359375
08:00:32,91282CLQ2,TSRYS5906509,D,S,D,2024-10-11,1000000.00,3.89867,99.93359375
08:00:32,91282CLQ2,TSRYS5906509,D,S,D,2024-10-11,1000000.00,3.896581,99.939453125
08:00:32,91282CLQ2,TSRYS5906509,D,S,D,2024-10-11,2000000.00,3.870825,100.01171875
08:00:32,91282CLQ2,TSRYS5906509,D,S,D,2024-10-11,2000000.00,3.876392,99.99609375
08:00:32,91282CLQ2,TSRYS5906509,D,S,D,2024-10-11,2000000.00,3.875,100.0
08:00:32,91282CLQ2,TSRYS5906509,D,S,T,2024-10-11,1000000.00,3.879176,99.98828125
08:00:32,91282CLQ2,TSRYS5906509,D,S,D,2024-10-11,1000000.00,3.896581,99.939453125
08:00:32,91282CLQ2,TSRYS5906509,D,S,T,2024-10-11,1000000.00,3.876392,99.99609375
08:00:32,91282CLQ2,TSRYS5906509,D,S,T,2024-10-11,1000000.00,3.876392,99.99609375
08:00:32,91282CLQ2,TSRYS5906509,D,S,T,2024-10-11,1000000.00,3.879176,99.98828125
08:00:32,91282CLQ2,TSRYS5906509,D,S,T,2024-10-11,1000000.00,3.870825,100.01171875
08:00:32,91282CLQ2,TSRYS5906509,D,S,T,2024-10-11,1000000.00,3.870825,100.01171875
08:00:32,91282CLQ2,TSRYS5906509,D,S,T,2024-10-11,1000000.00,3.872912,100.005859375
08:00:32,91282CLQ2,TSRYS5906509,D,S,T,2024-10-11,1000000.00,3.872912,100.005859375
08:00:32,91282CLQ2,TSRYS5906509,D,S,T,2024-10-11,1000000.00,3.876392,99.99609375
08:00:32,91282CLQ2,TSRYS5906509,D,S,T,2024-10-11,1000000.00,3.875,100.0
08:00:32,91282CLQ2,TSRYS5906509,D,S,T,2024-10-11,1000000.00,3.875,100.0
08:00:32,91282CLQ2,TSRYS5906509,D,S,T,2024-10-11,1000000.00,3.875,100.0
08:00:32,91282CLQ2,TSRYS5906509,D,S,T,2024-10-11,1000000.00,3.875,100.0
08:00:32,91282CLQ2,TSRYS5906509,D,S,T,2024-10-11,2000000.00,3.876392,99.99609375
08:00:32,91282CLQ2,TSRYS5906509,D,S,T,2024-10-11,1000000.00,3.876392,99.99609375
08:00:32,91282CLQ2,TSRYS5906509,D,S,T,2024-10-11,2000000.00,3.875696,99.998046875
08:00:32,91282CLQ2,TSRYS5906509,D,S,T,2024-10-11,1000000.00,3.875696,99.998046875
08:00:32,91282CLQ2,TSRYS5906509,D,S,T,2024-10-11,1000000.00,3.875696,99.998046875
08:00:32,91282CLQ2,TSRYS5906509,D,S,T,2024-10-11,2000000.00,3.875696,99.998046875
08:00:32,91282CLQ2,TSRYS5906509,D,S,T,2024-10-11,2000000.00,3.875,100.0
08:00:32,91282CLQ2,TSRYS5906509,D,S,T,2024-10-11,2000000.00,3.873608,100.00390625
08:00:32,91282CLQ2,TSRYS5906509,D,S,T,2024-10-11,1000000.00,3.879176,99.98828125
08:00:32,91282CLQ2,TSRYS5906509,D,S,T,2024-10-11,2000000.00,3.883352,99.9765625
08:00:32,91282CLQ2,TSRYS5906509,D,S,T,2024-10-11,2000000.00,3.883352,99.9765625
08:00:32,91282CLQ2,TSRYS5906509,D,S,T,2024-10-11,2000000.00,3.88196,99.98046875
08:00:32,91282CLQ2,TSRYS5906509,D,S,T,2024-10-11,2000000.00,3.88196,99.98046875
08:00:32,91282CLQ2,TSRYS5906509,D,S,T,2024-10-11,1000000.00,3.88196,99.98046875
08:00:32,91282CLQ2,TSRYS5906509,D,S,T,2024-10-11,1000000.00,3.88196,99.98046875
08:00:32,91282CLQ2,TSRYS5906509,D,S,T,2024-10-11,1000000.00,3.88196,99.98046875
08:00:32,91282CLQ2,TSRYS5906509,D,S,T,2024-10-11,1000000.00,3.88196,99.98046875
08:00:32,91282CLQ2,TSRYS5906509,D,S,D,2024-10-11,1000000.00,3.88196,99.98046875
08:00:32,91282CLQ2,TSRYS5906509,D,S,T,2024-10-11,2000000.00,3.88196,99.98046875
08:00:32,91282CLQ2,TSRYS5906509,D,S,T,2024-10-11,1000000.00,3.88196,99.98046875
08:00:32,91282CLQ2,TSRYS5906509,D,S,T,2024-10-11,2000000.00,3.88196,99.98046875
08:00:32,91282CLQ2,TSRYS5906509,D,S,T,2024-10-11,2000000.00,3.888225,99.962890625
08:00:32,91282CLQ2,TSRYS5906509,D,S,T,2024-10-11,1000000.00,3.888225,99.962890625
08:00:32,91282CLQ2,TSRYS5906509,D,S,T,2024-10-11,2000000.00,3.886136,99.96875
08:00:32,91282CLQ2,TSRYS5906509,D,S,T,2024-10-11,1000000.00,3.890314,99.95703125
08:00:32,91282CLQ2,TSRYS5906509,D,S,T,2024-10-11,1000000.00,3.889617,99.958984375
08:00:32,91282CLQ2,TSRYS5906509,D,S,T,2024-10-11,1000000.00,3.889617,99.958984375
08:00:32,91282CLQ2,TSRYS5906509,D,S,T,2024-10-11,1000000.00,3.889617,99.958984375
08:00:32,91282CLQ2,TSRYS5906509,D,S,T,2024-10-11,1000000.00,3.889617,99.958984375
08:00:32,91282CLQ2,TSRYS5906509,D,S,T,2024-10-11,1000000.00,3.883352,99.9765625
08:00:32,91282CLQ2,TSRYS5906509,D,S,T,2024-10-11,1000000.00,3.883352,99.9765625
08:00:32,91282CLQ2,TSRYS5906509,D,S,T,2024-10-11,1000000.00,3.889617,99.958984375
08:00:32,91282CLQ2,TSRYS5906509,D,S,T,2024-10-11,2000000.00,3.889617,99.958984375
08:00:33,91282CLQ2,TSRYS5906509,D,S,T,2024-10-11,1000000.00,3.890314,99.95703125
08:00:33,91282CLQ2,TSRYS5906509,D,S,T,2024-10-11,1000000.00,3.892403,99.951171875
08:00:33,91282CLQ2,TSRYS5906509,D,S,T,2024-10-11,1000000.00,3.893099,99.94921875
08:00:33,91282CLQ2,TSRYS5906509,D,S,T,2024-10-11,1000000.00,3.893099,99.94921875
08:00:33,91282CLQ2,TSRYS5906509,D,S,T,2024-10-11,1000000.00,3.893099,99.94921875
08:00:33,91282CLQ2,TSRYS5906509,D,S,T,2024-10-11,1000000.00,3.893099,99.94921875
08:00:33,91282CLQ2,TSRYS5906509,D,S,T,2024-10-11,1000000.00,3.893099,99.94921875
08:00:33,91282CLQ2,TSRYS5906509,D,S,T,2024-10-11,1000000.00,3.893099,99.94921875
08:00:33,91282CLQ2,TSRYS5906509,D,S,T,2024-10-11,1000000.00,3.893099,99.94921875
08:00:33,91282CLQ2,TSRYS5906509,D,S,T,2024-10-11,1000000.00,3.893099,99.94921875
08:00:33,91282CLQ2,TSRYS5906509,D,S,T,2024-10-11,1000000.00,3.893099,99.94921875
08:00:33,91282CLQ2,TSRYS5906509,D,S,T,2024-10-11,1000000.00,3.893099,99.94921875
08:00:33,91282CLQ2,TSRYS5906509,D,S,T,2024-10-11,1000000.00,3.893099,99.94921875
08:00:33,91282CLQ2,TSRYS5906509,D,S,T,2024-10-11,1000000.00,3.893099,99.94921875
08:00:33,91282CLQ2,TSRYS5906509,D,S,D,2024-10-11,2000000.00,3.901456,99.92578125
08:00:33,91282CLQ2,TSRYS5906509,D,S,T,2024-10-11,1000000.00,3.891706,99.953125
08:00:33,91282CLQ2,TSRYS5906509,D,S,T,2024-10-11,1000000.00,3.891706,99.953125
08:00:33,91282CLQ2,TSRYS5906509,D,S,T,2024-10-11,1000000.00,3.891706,99.953125
08:00:33,91282CLQ2,TSRYS5906509,D,S,T,2024-10-11,1000000.00,3.891706,99.953125
08:00:33,91282CLQ2,TSRYS5906509,D,S,T,2024-10-11,1000000.00,3.891706,99.953125
08:00:33,91282CLQ2,TSRYS5906509,D,S,T,2024-10-11,1000000.00,3.891706,99.953125
08:00:33,91282CLQ2,TSRYS5906509,D,S,T,2024-10-11,1000000.00,3.891706,99.953125
08:00:33,91282CLQ2,TSRYS5906509,D,S,T,2024-10-11,2000000.00,3.897277,99.9375
08:00:33,91282CLQ2,TSRYS5906509,D,S,T,2024-10-11,2000000.00,3.897277,99.9375
08:00:33,91282CLQ2,TSRYS5906509,D,S,T,2024-10-11,2000000.00,3.896581,99.939453125
08:00:33,91282CLQ2,TSRYS5906509,D,S,T,2024-10-11,2000000.00,3.896581,99.939453125
08:00:33,91282CLQ2,TSRYS5906509,D,S,T,2024-10-11,1000000.00,3.896581,99.939453125
08:00:33,91282CLQ2,TSRYS5906509,D,S,T,2024-10-11,1000000.00,3.897277,99.9375
08:00:33,91282CLQ2,TSRYS5906509,D,S,T,2024-10-11,1000000.00,3.897277,99.9375
08:00:33,91282CLQ2,TSRYS5906509,D,S,T,2024-10-11,1000000.00,3.89867,99.93359375
08:00:33,91282CLQ2,TSRYS5906509,D,S,T,2024-10-11,1000000.00,3.897973,99.935546875
08:00:33,91282CLQ2,TSRYS5906509,D,S,T,2024-10-11,2000000.00,3.897973,99.935546875
08:00:33,91282CLQ2,TSRYS5906509,D,S,T,2024-10-11,1000000.00,3.895884,99.94140625
08:00:33,91282CLQ2,TSRYS5906509,D,S,T,2024-10-11,1000000.00,3.900759,99.927734375
08:00:33,91282CLQ2,TSRYS5906509,D,S,T,2024-10-11,1000000.00,3.900759,99.927734375
08:00:33,91282CLQ2,TSRYS5906509,D,S,T,2024-10-11,1000000.00,3.902849,99.921875
08:00:33,91282CLQ2,TSRYS5906509,D,S,T,2024-10-11,1000000.00,3.900759,99.927734375
08:00:33,91282CLQ2,TSRYS5906509,D,S,T,2024-10-11,1000000.00,3.900063,99.9296875
08:00:33,91282CLQ2,TSRYS5906509,D,S,D,2024-10-11,2000000.00,3.901456,99.92578125
08:00:33,91282CLQ2,TSRYS5906509,D,S,D,2024-10-11,1000000.00,3.886136,99.96875
08:00:33,91282CLQ2,TSRYS5906509,D,S,D,2024-10-11,1000000.00,3.887529,99.96484375
08:00:33,91282CLQ2,TSRYS5906509,D,S,D,2024-10-11,1000000.00,3.884744,99.97265625
08:00:33,91282CLQ2,TSRYS5906509,D,S,D,2024-10-11,1000000.00,3.890314,99.95703125
08:00:33,91282CLQ2,TSRYS5906509,D,S,D,2024-10-11,1000000.00,3.888921,99.9609375
08:00:33,91282CLQ2,TSRYS5906509,D,S,D,2024-10-11,1000000.00,3.888921,99.9609375
08:00:33,91282CLQ2,TSRYS5906509,D,S,D,2024-10-11,1000000.00,3.888921,99.9609375
08:00:33,91282CLQ2,TSRYS5906509,D,S,T,2024-10-11,1000000.00,3.903546,99.919921875
08:00:33,91282CLQ2,TSRYS5906509,D,S,T,2024-10-11,2000000.00,3.900063,99.9296875
08:00:33,91282CLQ2,TSRYS5906509,D,S,T,2024-10-11,2000000.00,3.907725,99.908203125
08:00:33,91282CLQ2,TSRYS5906509,D,S,T,2024-10-11,2000000.00,3.907725,99.908203125
08:00:33,91282CLQ2,TSRYS5906509,D,S,T,2024-10-11,1000000.00,3.907725,99.908203125
08:00:33,91282CLQ2,TSRYS5906509,D,S,T,2024-10-11,1000000.00,3.907725,99.908203125
08:00:33,91282CLQ2,TSRYS5906509,D,S,T,2024-10-11,2000000.00,3.907725,99.908203125
08:00:33,91282CLQ2,TSRYS5906509,D,S,T,2024-10-11,1000000.00,3.907029,99.91015625
08:00:33,91282CLQ2,TSRYS5906509,D,S,T,2024-10-11,1000000.00,3.907029,99.91015625
08:00:33,91282CLQ2,TSRYS5906509,D,S,T,2024-10-11,1000000.00,3.906332,99.912109375
08:00:33,91282CLQ2,TSRYS5906509,D,S,T,2024-10-11,1000000.00,3.906332,99.912109375
08:00:33,91282CLQ2,TSRYS5906509,D,S,T,2024-10-11,2000000.00,3.906332,99.912109375
08:00:33,91282CLQ2,TSRYS5906509,D,S,T,2024-10-11,1000000.00,3.906332,99.912109375
08:00:33,91282CLQ2,TSRYS5906509,D,S,T,2024-10-11,1000000.00,3.906332,99.912109375
08:00:33,91282CLQ2,TSRYS5906509,D,S,D,2024-10-11,1000000.00,3.891706,99.953125
08:00:33,91282CLQ2,TSRYS5906509,D,S,T,2024-10-11,1000000.00,3.887529,99.96484375
08:00:33,91282CLQ2,TSRYS5906509,D,S,D,2024-10-11,1000000.00,3.891706,99.953125
08:00:33,91282CLQ2,TSRYS5906509,D,S,D,2024-10-11,1000000.00,3.893099,99.94921875
08:00:33,91282CLQ2,TSRYS5906509,D,S,A,2024-10-11,1000000.00,3.894492,99.9453125
08:00:33,91282CLQ2,TSRYS5906509,D,S,T,2024-10-11,1000000.00,3.897277,99.9375
08:00:33,91282CLQ2,TSRYS5906509,D,B,C,2024-10-11,700000.00,3.901456,99.92578125
08:00:33,91282CLQ2,TSRYS5906509,D,S,D,2024-10-11,1000000.00,3.897277,99.9375
08:00:33,91282CLQ2,TSRYS5906509,D,S,D,2024-10-11,4000000.00,3.901456,99.92578125
08:00:33,91282CLQ2,TSRYS5906509,D,S,D,2024-10-11,3000000.00,3.901456,99.92578125
08:00:33,91282CLQ2,TSRYS5906509,D,S,D,2024-10-11,2000000.00,3.901456,99.92578125
08:00:33,91282CLQ2,TSRYS5906509,D,S,D,2024-10-11,2000000.00,3.901456,99.92578125
08:00:33,91282CLQ2,TSRYS5906509,D,S,D,2024-10-11,5000000.00,3.901456,99.92578125
08:00:33,91282CLQ2,TSRYS5906509,D,S,D,2024-10-11,1000000.00,3.901456,99.92578125
08:00:33,91282CLQ2,TSRYS5906509,D,S,D,2024-10-11,1000000.00,3.901456,99.92578125
08:00:33,91282CLQ2,TSRYS5906509,D,S,D,2024-10-11,3000000.00,3.89867,99.93359375
08:00:33,91282CLQ2,TSRYS5906509,D,S,D,2024-10-11,1000000.00,3.89867,99.93359375
08:00:33,91282CLQ2,TSRYS5906509,D,S,D,2024-10-11,2000000.00,3.89867,99.93359375
08:00:33,91282CLQ2,TSRYS5906509,D,S,D,2024-10-11,2000000.00,3.89867,99.93359375
08:00:33,91282CLQ2,TSRYS5906509,D,S,D,2024-10-11,4000000.00,3.89867,99.93359375
08:00:33,91282CLQ2,TSRYS5906509,D,S,D,2024-10-11,1000000.00,3.89867,99.93359375
08:00:33,91282CLQ2,TSRYS5906509,D,S,D,2024-10-11,1000000.00,3.89867,99.93359375
08:00:33,91282CLQ2,TSRYS5906509,D,S,D,2024-10-11,5000000.00,3.89867,99.93359375
08:00:33,91282CLQ2,TSRYS5906509,D,S,D,2024-10-11,1000000.00,3.89867,99.93359375
08:00:33,91282CLQ2,TSRYS5906509,D,S,D,2024-10-11,1000000.00,3.89867,99.93359375
08:00:33,91282CLQ2,TSRYS5906509,D,S,D,2024-10-11,11000000.00,3.89867,99.93359375
08:00:33,91282CLQ2,TSRYS5906509,D,S,D,2024-10-11,7000000.00,3.89867,99.93359375
08:00:33,91282CLQ2,TSRYS5906509,D,S,D,2024-10-11,1000000.00,3.89867,99.93359375
08:00:33,91282CLQ2,TSRYS5906509,D,S,D,2024-10-11,4000000.00,3.89867,99.93359375
08:00:33,91282CLQ2,TSRYS5906509,D,S,D,2024-10-11,1000000.00,3.89867,99.93359375
08:00:33,91282CLQ2,TSRYS5906509,D,S,D,2024-10-11,2000000.00,3.89867,99.93359375
08:00:33,91282CLQ2,TSRYS5906509,D,S,D,2024-10-11,1000000.00,3.89867,99.93359375
08:00:33,91282CLQ2,TSRYS5906509,D,S,D,2024-10-11,2000000.00,3.89867,99.93359375
08:00:33,91282CLQ2,TSRYS5906509,D,S,D,2024-10-11,2000000.00,3.89867,99.93359375
08:00:33,91282CLQ2,TSRYS5906509,D,S,D,2024-10-11,14000000.00,3.89867,99.93359375
08:00:33,91282CLQ2,TSRYS5906509,D,S,D,2024-10-11,1000000.00,3.89867,99.93359375
08:00:33,91282CLQ2,TSRYS5906509,D,S,D,2024-10-11,2000000.00,3.89867,99.93359375
08:00:33,91282CLQ2,TSRYS5906509,D,S,D,2024-10-11,1000000.00,3.89867,99.93359375
08:00:33,91282CLQ2,TSRYS5906509,D,S,D,2024-10-11,3000000.00,3.89867,99.93359375
08:00:33,91282CLQ2,TSRYS5906509,D,S,D,2024-10-11,2000000.00,3.89867,99.93359375
08:00:33,91282CLQ2,TSRYS5906509,D,S,D,2024-10-11,3000000.00,3.89867,99.93359375
08:00:33,91282CLQ2,TSRYS5906509,D,S,T,2024-10-11,1000000.00,3.907029,99.91015625
08:00:35,91282CLQ2,TSRYS5906509,D,S,D,2024-10-11,1000000.00,3.891706,99.953125
08:00:35,91282CLQ2,TSRYS5906509,D,S,D,2024-10-11,1000000.00,3.893099,99.94921875
08:00:37,91282CLQ2,TSRYS5906509,D,S,D,2024-10-11,1000000.00,3.89867,99.93359375
08:00:37,91282CLQ2,TSRYS5906509,D,B,C,2024-10-11,1000000.00,3.89867,99.93359375
08:00:37,91282CLQ2,TSRYS5906509,D,S,D,2024-10-11,1000000.00,3.89867,99.93359375
08:00:37,91282CLQ2,TSRYS5906509,D,B,C,2024-10-11,1000000.00,3.89867,99.93359375
08:00:37,91282CLQ2,TSRYS5906509,D,S,D,2024-10-11,1000000.00,3.89867,99.93359375
08:00:42,91282CLQ2,TSRYS5906509,D,B,C,2024-10-11,48000000.00,3.902849,99.921875
08:00:42,91282CLQ2,TSRYS5906509,D,S,D,2024-10-11,30800000.00,3.904242,99.91796875
08:00:43,91282CLQ2,TSRYS5906509,D,S,C,2024-10-11,1000000.00,3.900063,99.9296875
08:00:43,91282CLQ2,TSRYS5906509,D,S,C,2024-10-11,1000000.00,3.900063,99.9296875
08:00:43,91282CLQ2,TSRYS5906509,D,S,C,2024-10-11,1000000.00,3.900063,99.9296875
08:00:44,91282CLQ2,TSRYS5906509,D,S,C,2024-10-11,1000000.00,3.900063,99.9296875
08:00:44,91282CLQ2,TSRYS5906509,D,S,C,2024-10-11,1000000.00,3.899366,99.931640625
08:00:44,91282CLQ2,TSRYS5906509,D,S,C,2024-10-11,1000000.00,3.899366,99.931640625
08:00:44,91282CLQ2,TSRYS5906509,D,S,D,2024-10-11,1000000.00,3.89867,99.93359375
08:00:44,91282CLQ2,TSRYS5906509,D,B,C,2024-10-11,1000000.00,3.89867,99.93359375
08:00:45,91282CLQ2,TSRYS5906509,D,S,D,2024-10-11,1000000.00,3.897277,99.9375
08:00:45,91282CLQ2,TSRYS5906509,D,S,D,2024-10-11,1000000.00,3.89867,99.93359375
08:00:45,91282CLQ2,TSRYS5906509,D,S,T,2024-10-11,1000000.00,3.900759,99.927734375
08:00:46,91282CLQ2,TSRYS5906509,D,S,T,2024-10-11,13000000.00,3.908422,99.90625
08:00:46,91282CLQ2,TSRYS5906509,D,S,T,2024-10-11,1000000.00,3.908422,99.90625
08:00:46,91282CLQ2,TSRYS5906509,D,S,T,2024-10-11,8000000.00,3.908422,99.90625
08:00:46,91282CLQ2,TSRYS5906509,D,S,T,2024-10-11,1000000.00,3.908422,99.90625
08:00:46,91282CLQ2,TSRYS5906509,D,S,D,2024-10-11,1000000.00,3.89867,99.93359375
08:00:49,91282CLQ2,TSRYS5906509,D,S,D,2024-10-11,1000000.00,3.907029,99.91015625
08:00:49,91282CLQ2,TSRYS5906509,D,S,D,2024-10-11,1000000.00,3.908422,99.90625
08:00:49,91282CLQ2,TSRYS5906509,D,S,C,2024-10-11,1000000.00,3.908422,99.90625
08:00:49,91282CLQ2,TSRYS5906509,D,S,C,2024-10-11,1000000.00,3.908422,99.90625
08:00:49,91282CLQ2,TSRYS5906509,D,S,D,2024-10-11,2000000.00,3.908422,99.90625
08:00:50,91282CLQ2,TSRYS5906509,D,S,D,2024-10-11,1000000.00,3.908422,99.90625
08:00:50,91282CLQ2,TSRYS5906509,D,S,D,2024-10-11,1000000.00,3.908422,99.90625
08:00:50,91282CLQ2,TSRYS5906509,D,S,T,2024-10-11,2000000.00,3.902849,99.921875
08:00:51,91282CLQ2,TSRYS5906509,D,S,T,2024-10-11,6000000.00,3.894492,99.9453125
08:00:53,91282CLQ2,TSRYS5906509,D,S,T,2024-10-11,1000000.00,3.908422,99.90625
08:00:54,91282CLQ2,TSRYS5906509,D,S,T,2024-10-11,2000000.00,3.908422,99.90625
08:00:54,91282CLQ2,TSRYS5906509,D,S,T,2024-10-11,4000000.00,3.908422,99.90625
08:00:54,91282CLQ2,TSRYS5906509,D,S,T,2024-10-11,1000000.00,3.908422,99.90625
08:01:00,91282CLQ2,TSRYS5906509,D,S,T,2024-10-11,1000000.00,3.902849,99.921875
08:01:00,91282CLQ2,TSRYS5906509,D,S,T,2024-10-11,1000000.00,3.902849,99.921875
08:01:00,91282CLQ2,TSRYS5906509,D,S,T,2024-10-11,4000000.00,3.902849,99.921875
08:01:00,91282CLQ2,TSRYS5906509,D,S,T,2024-10-11,1000000.00,3.902849,99.921875
08:01:00,91282CLQ2,TSRYS5906509,D,S,C,2024-10-11,1000000.00,3.877088,99.994140625
08:01:00,91282CLQ2,TSRYS5906509,D,S,T,2024-10-11,1000000.00,3.902849,99.921875
08:01:00,91282CLQ2,TSRYS5906509,D,S,T,2024-10-11,4000000.00,3.902849,99.921875
08:01:00,91282CLQ2,TSRYS5906509,D,S,T,2024-10-11,4000000.00,3.902849,99.921875
08:01:00,91282CLQ2,TSRYS5906509,D,S,T,2024-10-11,1000000.00,3.902849,99.921875
08:01:00,91282CLQ2,TSRYS5906509,D,S,T,2024-10-11,1000000.00,3.902849,99.921875
08:01:00,91282CLQ2,TSRYS5906509,D,S,T,2024-10-11,1000000.00,3.902849,99.921875
08:01:00,91282CLQ2,TSRYS5906509,D,S,T,2024-10-11,4000000.00,3.902849,99.921875
08:01:01,91282CLQ2,TSRYS5906509,D,B,A,2024-10-11,36196000.00,3.875,100.0
08:01:02,91282CLQ2,TSRYS5906509,D,S,C,2024-10-11,1000000.00,3.875,100.0
08:01:02,91282CLQ2,TSRYS5906509,D,S,D,2024-10-11,2000000.00,3.879872,99.986328125
08:01:02,91282CLQ2,TSRYS5906509,D,B,C,2024-10-11,2000000.00,3.87848,99.990234375
08:01:02,91282CLQ2,TSRYS5906509,D,S,D,2024-10-11,1000000.00,3.876392,99.99609375
08:01:02,91282CLQ2,TSRYS5906509,D,S,D,2024-10-11,2000000.00,3.87848,99.990234375
08:01:02,91282CLQ2,TSRYS5906509,D,B,C,2024-10-11,2000000.00,3.879872,99.986328125
08:01:02,91282CLQ2,TSRYS5906509,D,S,D,2024-10-11,2000000.00,3.876392,99.99609375
08:01:02,91282CLQ2,TSRYS5906509,D,S,C,2024-10-11,1000000.00,3.879872,99.986328125
08:01:02,91282CLQ2,TSRYS5906509,D,S,D,2024-10-11,2000000.00,3.875696,99.998046875
08:01:02,91282CLQ2,TSRYS5906509,D,S,D,2024-10-11,2000000.00,3.877088,99.994140625
08:01:02,91282CLQ2,TSRYS5906509,D,B,C,2024-10-11,2000000.00,3.877088,99.994140625
08:01:02,91282CLQ2,TSRYS5906509,D,S,C,2024-10-11,1000000.00,3.871521,100.009765625
08:01:02,91282CLQ2,TSRYS5906509,D,B,C,2024-10-11,2000000.00,3.875696,99.998046875
08:01:02,91282CLQ2,TSRYS5906509,D,S,C,2024-10-11,1000000.00,3.874304,100.001953125
08:01:02,91282CLQ2,TSRYS5906509,D,B,C,2024-10-11,1000000.00,3.871521,100.009765625
08:01:02,91282CLQ2,TSRYS5906509,D,S,D,2024-10-11,1000000.00,3.871521,100.009765625
08:01:02,91282CLQ2,TSRYS5906509,D,B,C,2024-10-11,1000000.00,3.871521,100.009765625
08:01:02,91282CLQ2,TSRYS5906509,D,B,C,2024-10-11,2000000.00,3.872912,100.005859375
08:01:02,91282CLQ2,TSRYS5906509,D,S,D,2024-10-11,2000000.00,3.872912,100.005859375
08:01:02,91282CLQ2,TSRYS5906509,D,S,C,2024-10-11,1000000.00,3.872216,100.0078125
08:01:02,91282CLQ2,TSRYS5906509,D,S,C,2024-10-11,1000000.00,3.874304,100.001953125
08:01:02,91282CLQ2,TSRYS5906509,D,S,D,2024-10-11,1000000.00,3.875696,99.998046875
08:01:02,91282CLQ2,TSRYS5906509,D,S,D,2024-10-11,1000000.00,3.875696,99.998046875
08:01:02,91282CLQ2,TSRYS5906509,D,S,D,2024-10-11,1000000.00,3.879176,99.98828125
08:01:02,91282CLQ2,TSRYS5906509,D,S,C,2024-10-11,2000000.00,3.879176,99.98828125
08:01:02,91282CLQ2,TSRYS5906509,D,S,C,2024-10-11,1000000.00,3.880568,99.984375
08:01:02,91282CLQ2,TSRYS5906509,D,S,C,2024-10-11,2000000.00,3.880568,99.984375
08:01:03,91282CLQ2,TSRYS5906509,D,S,C,2024-10-11,1000000.00,3.879176,99.98828125
08:01:03,91282CLQ2,TSRYS5906509,D,S,C,2024-10-11,1000000.00,3.880568,99.984375
08:01:03,91282CLQ2,TSRYS5906509,D,S,C,2024-10-11,1000000.00,3.880568,99.984375
08:01:03,91282CLQ2,TSRYS5906509,D,S,C,2024-10-11,1000000.00,3.881264,99.982421875
08:01:03,91282CLQ2,TSRYS5906509,D,S,C,2024-10-11,1000000.00,3.880568,99.984375
08:01:03,91282CLQ2,TSRYS5906509,D,S,C,2024-10-11,1000000.00,3.877784,99.9921875
08:01:03,91282CLQ2,TSRYS5906509,D,S,C,2024-10-11,1000000.00,3.87848,99.990234375
08:01:03,91282CLQ2,TSRYS5906509,D,S,D,2024-10-11,1000000.00,3.879176,99.98828125
08:01:03,91282CLQ2,TSRYS5906509,D,B,C,2024-10-11,1000000.00,3.877784,99.9921875
08:01:03,91282CLQ2,TSRYS5906509,D,S,D,2024-10-11,1000000.00,3.883352,99.9765625
08:01:04,91282CLQ2,TSRYS5906509,D,S,A,2024-10-11,225000.00,3.901456,99.92578125
08:01:09,91282CLQ2,TSRYS5906509,D,S,D,2024-10-11,1000000.00,3.876392,99.99609375
08:01:09,91282CLQ2,TSRYS5906509,D,S,D,2024-10-11,2000000.00,3.876392,99.99609375
08:01:09,91282CLQ2,TSRYS5906509,D,S,T,2024-10-11,1000000.00,3.876428,99.99599375
08:01:09,91282CLQ2,TSRYS5906509,D,S,T,2024-10-11,1000000.00,3.876428,99.99599375
08:01:10,91282CLQ2,TSRYS5906509,D,S,D,2024-10-11,11500000.00,3.89867,99.93359375
08:01:10,91282CLQ2,TSRYS5906509,D,S,D,2024-10-11,6000000.00,3.908493,99.90605
08:01:11,91282CLQ2,TSRYS5906509,D,S,T,2024-10-11,2000000.00,3.876472,99.99586875
08:01:11,91282CLQ2,TSRYS5906509,D,S,T,2024-10-11,1000000.00,3.876472,99.99586875
08:01:11,91282CLQ2,TSRYS5906509,D,S,D,2024-10-11,2000000.00,3.882656,99.978515625
08:01:11,91282CLQ2,TSRYS5906509,D,B,C,2024-10-11,2000000.00,3.882656,99.978515625
08:01:11,91282CLQ2,TSRYS5906509,D,S,D,2024-10-11,1000000.00,3.88544,99.970703125
08:01:11,91282CLQ2,TSRYS5906509,D,S,C,2024-10-11,5000000.00,3.872722,100.0063925
08:01:11,91282CLQ2,TSRYS5906509,D,S,C,2024-10-11,1000000.00,3.88544,99.970703125
08:01:11,91282CLQ2,TSRYS5906509,D,S,C,2024-10-11,1000000.00,3.884744,99.97265625
08:01:11,91282CLQ2,TSRYS5906509,D,S,C,2024-10-11,1000000.00,3.886136,99.96875
08:01:11,91282CLQ2,TSRYS5906509,D,S,C,2024-10-11,4000000.00,3.88544,99.970703125
08:01:11,91282CLQ2,TSRYS5906509,D,S,D,2024-10-11,1000000.00,3.886136,99.96875
08:01:11,91282CLQ2,TSRYS5906509,D,B,C,2024-10-11,2000000.00,3.886833,99.966796875
08:01:11,91282CLQ2,TSRYS5906509,D,S,D,2024-10-11,2000000.00,3.886833,99.966796875
08:01:11,91282CLQ2,TSRYS5906509,D,S,D,2024-10-11,1000000.00,3.887529,99.96484375
08:01:12,91282CLQ2,TSRYS5906509,D,S,C,2024-10-11,1000000.00,3.886136,99.96875
08:01:12,91282CLQ2,TSRYS5906509,D,S,C,2024-10-11,1000000.00,3.884744,99.97265625
08:01:12,91282CLQ2,TSRYS5906509,D,S,D,2024-10-11,1000000.00,3.886136,99.96875
08:01:12,91282CLQ2,TSRYS5906509,D,B,C,2024-10-11,2000000.00,3.888225,99.962890625
08:01:12,91282CLQ2,TSRYS5906509,D,S,D,2024-10-11,2000000.00,3.888225,99.962890625
08:01:12,91282CLQ2,TSRYS5906509,D,S,D,2024-10-11,2000000.00,3.891706,99.953125
08:01:12,91282CLQ2,TSRYS5906509,D,B,C,2024-10-11,2000000.00,3.891706,99.953125
08:01:12,91282CLQ2,TSRYS5906509,D,S,D,2024-10-11,1000000.00,3.890314,99.95703125
08:01:12,91282CLQ2,TSRYS5906509,D,S,C,2024-10-11,1000000.00,3.888921,99.9609375
08:01:12,91282CLQ2,TSRYS5906509,D,S,C,2024-10-11,1000000.00,3.888921,99.9609375
08:01:12,91282CLQ2,TSRYS5906509,D,S,C,2024-10-11,1000000.00,3.888921,99.9609375
08:01:12,91282CLQ2,TSRYS5906509,D,S,D,2024-10-11,1000000.00,3.883352,99.9765625
08:01:12,91282CLQ2,TSRYS5906509,D,S,D,2024-10-11,1000000.00,3.88196,99.98046875
08:01:12,91282CLQ2,TSRYS5906509,D,S,D,2024-10-11,1000000.00,3.88196,99.98046875
08:01:12,91282CLQ2,TSRYS5906509,D,S,D,2024-10-11,1000000.00,3.88196,99.98046875
08:01:12,91282CLQ2,TSRYS5906509,D,S,D,2024-10-11,1000000.00,3.884744,99.97265625
08:01:12,91282CLQ2,TSRYS5906509,D,S,C,2024-10-11,1000000.00,3.889617,99.958984375
08:01:12,91282CLQ2,TSRYS5906509,D,S,C,2024-10-11,4000000.00,3.889617,99.958984375
08:01:12,91282CLQ2,TSRYS5906509,D,B,C,2024-10-11,1000000.00,3.889617,99.958984375
08:01:12,91282CLQ2,TSRYS5906509,D,S,D,2024-10-11,1000000.00,3.889617,99.958984375
08:01:13,91282CLQ2,TSRYS5906509,D,B,C,2024-10-11,1000000.00,3.887529,99.96484375
08:01:13,91282CLQ2,TSRYS5906509,D,S,D,2024-10-11,1000000.00,3.887529,99.96484375
08:01:13,91282CLQ2,TSRYS5906509,D,S,D,2024-10-11,1000000.00,3.887529,99.96484375
08:01:13,91282CLQ2,TSRYS5906509,D,S,D,2024-10-11,2000000.00,3.888921,99.9609375
08:01:13,91282CLQ2,TSRYS5906509,D,S,D,2024-10-11,1000000.00,3.894492,99.9453125
08:01:13,91282CLQ2,TSRYS5906509,D,B,C,2024-10-11,2000000.00,3.895188,99.943359375
08:01:13,91282CLQ2,TSRYS5906509,D,S,D,2024-10-11,2000000.00,3.895188,99.943359375
08:01:13,91282CLQ2,TSRYS5906509,D,S,D,2024-10-11,1000000.00,3.891706,99.953125
08:01:13,91282CLQ2,TSRYS5906509,D,S,C,2024-10-11,1000000.00,3.886833,99.966796875
08:01:14,91282CLQ2,TSRYS5906509,D,B,C,2024-10-11,1000000.00,3.884048,99.974609375
08:01:14,91282CLQ2,TSRYS5906509,D,S,C,2024-10-11,1000000.00,3.884048,99.974609375
08:01:14,91282CLQ2,TSRYS5906509,D,S,D,2024-10-11,1000000.00,3.886136,99.96875
08:01:14,91282CLQ2,TSRYS5906509,D,B,C,2024-10-11,1000000.00,3.886136,99.96875
08:01:14,91282CLQ2,TSRYS5906509,D,S,C,2024-10-11,1000000.00,3.886833,99.966796875
08:01:14,91282CLQ2,TSRYS5906509,D,B,C,2024-10-11,1000000.00,3.886833,99.966796875
08:01:14,91282CLQ2,TSRYS5906509,D,S,C,2024-10-11,1000000.00,3.886833,99.966796875
08:01:14,91282CLQ2,TSRYS5906509,D,S,C,2024-10-11,1000000.00,3.886833,99.966796875
08:01:14,91282CLQ2,TSRYS5906509,D,S,D,2024-10-11,1000000.00,3.891706,99.953125
08:01:14,91282CLQ2,TSRYS5906509,D,S,C,2024-10-11,1000000.00,3.893795,99.947265625
08:01:14,91282CLQ2,TSRYS5906509,D,S,D,2024-10-11,1000000.00,3.893099,99.94921875
08:01:14,91282CLQ2,TSRYS5906509,D,S,C,2024-10-11,36000000.00,3.882248,99.97966
08:01:14,91282CLQ2,TSRYS5906509,D,B,C,2024-10-11,2000000.00,3.897277,99.9375
08:01:14,91282CLQ2,TSRYS5906509,D,S,D,2024-10-11,2000000.00,3.897277,99.9375
08:01:14,91282CLQ2,TSRYS5906509,D,S,C,2024-10-11,1000000.00,3.897277,99.9375
08:01:14,91282CLQ2,TSRYS5906509,D,S,C,2024-10-11,1000000.00,3.897277,99.9375
08:01:14,91282CLQ2,TSRYS5906509,D,S,C,2024-10-11,1000000.00,3.897277,99.9375
08:01:14,91282CLQ2,TSRYS5906509,D,S,C,2024-10-11,1000000.00,3.897277,99.9375
08:01:14,91282CLQ2,TSRYS5906509,D,S,C,2024-10-11,1000000.00,3.897277,99.9375
08:01:14,91282CLQ2,TSRYS5906509,D,S,C,2024-10-11,1000000.00,3.897277,99.9375
08:01:14,91282CLQ2,TSRYS5906509,D,S,C,2024-10-11,1000000.00,3.89867,99.93359375
08:01:14,91282CLQ2,TSRYS5906509,D,S,C,2024-10-11,1000000.00,3.899366,99.931640625
08:01:14,91282CLQ2,TSRYS5906509,D,S,C,2024-10-11,1000000.00,3.89867,99.93359375
08:01:14,91282CLQ2,TSRYS5906509,D,S,C,2024-10-11,1000000.00,3.89867,99.93359375
08:01:15,91282CLQ2,TSRYS5906509,D,S,D,2024-10-11,1000000.00,3.899366,99.931640625
08:01:15,91282CLQ2,TSRYS5906509,D,S,C,2024-10-11,1000000.00,3.895188,99.943359375
08:01:15,91282CLQ2,TSRYS5906509,D,B,C,2024-10-11,1000000.00,3.894492,99.9453125
08:01:15,91282CLQ2,TSRYS5906509,D,B,C,2024-10-11,1000000.00,3.894492,99.9453125
08:01:15,91282CLQ2,TSRYS5906509,D,S,C,2024-10-11,1000000.00,3.897277,99.9375
08:01:15,91282CLQ2,TSRYS5906509,D,S,D,2024-10-11,1000000.00,3.896581,99.939453125
08:01:15,91282CLQ2,TSRYS5906509,D,B,C,2024-10-11,1000000.00,3.897277,99.9375
08:01:15,91282CLQ2,TSRYS5906509,D,S,D,2024-10-11,1000000.00,3.897277,99.9375
08:01:15,91282CLQ2,TSRYS5906509,D,S,D,2024-10-11,1000000.00,3.894492,99.9453125
08:01:15,91282CLQ2,TSRYS5906509,D,B,C,2024-10-11,1000000.00,3.896581,99.939453125
08:01:15,91282CLQ2,TSRYS5906509,D,S,D,2024-10-11,1000000.00,3.896581,99.939453125
08:01:15,91282CLQ2,TSRYS5906509,D,S,D,2024-10-11,1000000.00,3.896581,99.939453125
08:01:15,91282CLQ2,TSRYS5906509,D,B,C,2024-10-11,1000000.00,3.896581,99.939453125
08:01:15,91282CLQ2,TSRYS5906509,D,S,D,2024-10-11,1000000.00,3.894492,99.9453125
08:01:15,91282CLQ2,TSRYS5906509,D,S,D,2024-10-11,1000000.00,3.896581,99.939453125
08:01:15,91282CLQ2,TSRYS5906509,D,B,C,2024-10-11,1000000.00,3.897277,99.9375
08:01:15,91282CLQ2,TSRYS5906509,D,B,C,2024-10-11,1000000.00,3.896581,99.939453125
08:01:15,91282CLQ2,TSRYS5906509,D,B,C,2024-10-11,1000000.00,3.896581,99.939453125
08:01:15,91282CLQ2,TSRYS5906509,D,S,D,2024-10-11,1000000.00,3.896581,99.939453125
08:01:15,91282CLQ2,TSRYS5906509,D,B,C,2024-10-11,1000000.00,3.896581,99.939453125
08:01:15,91282CLQ2,TSRYS5906509,D,B,C,2024-10-11,1000000.00,3.896581,99.939453125
08:01:15,91282CLQ2,TSRYS5906509,D,S,D,2024-10-11,1000000.00,3.896581,99.939453125
08:01:15,91282CLQ2,TSRYS5906509,D,B,C,2024-10-11,1000000.00,3.896581,99.939453125
08:01:15,91282CLQ2,TSRYS5906509,D,S,D,2024-10-11,1000000.00,3.897277,99.9375
08:01:15,91282CLQ2,TSRYS5906509,D,S,C,2024-10-11,1000000.00,3.896581,99.939453125
08:01:15,91282CLQ2,TSRYS5906509,D,S,D,2024-10-11,1000000.00,3.896581,99.939453125
08:01:15,91282CLQ2,TSRYS5906509,D,B,C,2024-10-11,1000000.00,3.896581,99.939453125
08:01:15,91282CLQ2,TSRYS5906509,D,B,C,2024-10-11,1000000.00,3.896581,99.939453125
08:01:15,91282CLQ2,TSRYS5906509,D,S,C,2024-10-11,1000000.00,3.896581,99.939453125
08:01:15,91282CLQ2,TSRYS5906509,D,S,D,2024-10-11,1000000.00,3.897277,99.9375
08:01:15,91282CLQ2,TSRYS5906509,D,B,C,2024-10-11,1000000.00,3.896581,99.939453125
08:01:15,91282CLQ2,TSRYS5906509,D,B,C,2024-10-11,1000000.00,3.897277,99.9375
08:01:15,91282CLQ2,TSRYS5906509,D,S,D,2024-10-11,1000000.00,3.896581,99.939453125
08:01:15,91282CLQ2,TSRYS5906509,D,B,C,2024-10-11,1000000.00,3.896581,99.939453125
08:01:15,91282CLQ2,TSRYS5906509,D,S,D,2024-10-11,1000000.00,3.896581,99.939453125
08:01:15,91282CLQ2,TSRYS5906509,D,S,D,2024-10-11,1000000.00,3.896581,99.939453125
08:01:15,91282CLQ2,TSRYS5906509,D,S,D,2024-10-11,1000000.00,3.897277,99.9375
08:01:15,91282CLQ2,TSRYS5906509,D,S,D,2024-10-11,1000000.00,3.896581,99.939453125
08:01:15,91282CLQ2,TSRYS5906509,D,B,C,2024-10-11,1000000.00,3.896581,99.939453125
08:01:15,91282CLQ2,TSRYS5906509,D,B,C,2024-10-11,1000000.00,3.896581,99.939453125
08:01:15,91282CLQ2,TSRYS5906509,D,B,C,2024-10-11,1000000.00,3.897277,99.9375
08:01:15,91282CLQ2,TSRYS5906509,D,B,C,2024-10-11,1000000.00,3.897277,99.9375
08:01:15,91282CLQ2,TSRYS5906509,D,S,D,2024-10-11,1000000.00,3.896581,99.939453125
08:01:15,91282CLQ2,TSRYS5906509,D,B,C,2024-10-11,1000000.00,3.896581,99.939453125
08:01:15,91282CLQ2,TSRYS5906509,D,S,C,2024-10-11,1000000.00,3.897277,99.9375
08:01:15,91282CLQ2,TSRYS5906509,D,S,C,2024-10-11,1000000.00,3.895884,99.94140625
08:01:15,91282CLQ2,TSRYS5906509,D,B,C,2024-10-11,1000000.00,3.896581,99.939453125
08:01:15,91282CLQ2,TSRYS5906509,D,B,C,2024-10-11,1000000.00,3.896581,99.939453125
08:01:15,91282CLQ2,TSRYS5906509,D,S,D,2024-10-11,1000000.00,3.896581,99.939453125
08:01:15,91282CLQ2,TSRYS5906509,D,S,C,2024-10-11,1000000.00,3.895884,99.94140625
08:01:15,91282CLQ2,TSRYS5906509,D,S,D,2024-10-11,1000000.00,3.896581,99.939453125
08:01:15,91282CLQ2,TSRYS5906509,D,S,C,2024-10-11,1000000.00,3.895884,99.94140625
08:01:15,91282CLQ2,TSRYS5906509,D,S,C,2024-10-11,1000000.00,3.89867,99.93359375
08:01:15,91282CLQ2,TSRYS5906509,D,S,C,2024-10-11,1000000.00,3.89867,99.93359375
08:01:15,91282CLQ2,TSRYS5906509,D,S,C,2024-10-11,2000000.00,3.899366,99.931640625
08:01:15,91282CLQ2,TSRYS5906509,D,S,C,2024-10-11,1000000.00,3.903546,99.919921875
08:01:15,91282CLQ2,TSRYS5906509,D,S,D,2024-10-11,1000000.00,3.900063,99.9296875
08:01:15,91282CLQ2,TSRYS5906509,D,B,C,2024-10-11,1000000.00,3.900063,99.9296875
08:01:15,91282CLQ2,TSRYS5906509,D,B,C,2024-10-11,1000000.00,3.900063,99.9296875
08:01:15,91282CLQ2,TSRYS5906509,D,S,D,2024-10-11,1000000.00,3.900063,99.9296875
08:01:15,91282CLQ2,TSRYS5906509,D,B,C,2024-10-11,1000000.00,3.900063,99.9296875
08:01:15,91282CLQ2,TSRYS5906509,D,B,C,2024-10-11,1000000.00,3.900063,99.9296875
08:01:15,91282CLQ2,TSRYS5906509,D,S,D,2024-10-11,1000000.00,3.900063,99.9296875
08:01:15,91282CLQ2,TSRYS5906509,D,S,D,2024-10-11,1000000.00,3.900063,99.9296875
08:01:15,91282CLQ2,TSRYS5906509,D,S,D,2024-10-11,1000000.00,3.900063,99.9296875
08:01:15,91282CLQ2,TSRYS5906509,D,B,C,2024-10-11,1000000.00,3.900063,99.9296875
08:01:15,91282CLQ2,TSRYS5906509,D,B,C,2024-10-11,1000000.00,3.900063,99.9296875
08:01:15,91282CLQ2,TSRYS5906509,D,S,D,2024-10-11,1000000.00,3.900063,99.9296875
08:01:15,91282CLQ2,TSRYS5906509,D,S,D,2024-10-11,1000000.00,3.900063,99.9296875
08:01:15,91282CLQ2,TSRYS5906509,D,S,D,2024-10-11,1000000.00,3.900063,99.9296875
08:01:15,91282CLQ2,TSRYS5906509,D,S,D,2024-10-11,1000000.00,3.900063,99.9296875
08:01:15,91282CLQ2,TSRYS5906509,D,B,C,2024-10-11,1000000.00,3.900063,99.9296875
08:01:15,91282CLQ2,TSRYS5906509,D,B,C,2024-10-11,1000000.00,3.900063,99.9296875
08:01:15,91282CLQ2,TSRYS5906509,D,B,C,2024-10-11,1000000.00,3.900063,99.9296875
08:01:15,91282CLQ2,TSRYS5906509,D,S,D,2024-10-11,1000000.00,3.900063,99.9296875
08:01:15,91282CLQ2,TSRYS5906509,D,S,D,2024-10-11,1000000.00,3.900063,99.9296875
08:01:15,91282CLQ2,TSRYS5906509,D,B,C,2024-10-11,1000000.00,3.900063,99.9296875
08:01:15,91282CLQ2,TSRYS5906509,D,B,C,2024-10-11,1000000.00,3.900063,99.9296875
08:01:15,91282CLQ2,TSRYS5906509,D,B,C,2024-10-11,1000000.00,3.900063,99.9296875
08:01:15,91282CLQ2,TSRYS5906509,D,B,C,2024-10-11,1000000.00,3.900063,99.9296875
08:01:15,91282CLQ2,TSRYS5906509,D,B,C,2024-10-11,1000000.00,3.900063,99.9296875
08:01:15,91282CLQ2,TSRYS5906509,D,B,C,2024-10-11,1000000.00,3.900063,99.9296875
08:01:15,91282CLQ2,TSRYS5906509,D,S,D,2024-10-11,1000000.00,3.900063,99.9296875
08:01:15,91282CLQ2,TSRYS5906509,D,B,C,2024-10-11,1000000.00,3.899366,99.931640625
08:01:15,91282CLQ2,TSRYS5906509,D,S,D,2024-10-11,1000000.00,3.900063,99.9296875
08:01:15,91282CLQ2,TSRYS5906509,D,S,D,2024-10-11,1000000.00,3.900063,99.9296875
08:01:15,91282CLQ2,TSRYS5906509,D,S,C,2024-10-11,1000000.00,3.899366,99.931640625
08:01:15,91282CLQ2,TSRYS5906509,D,S,D,2024-10-11,1000000.00,3.899366,99.931640625
08:01:15,91282CLQ2,TSRYS5906509,D,S,D,2024-10-11,1000000.00,3.900063,99.9296875
08:01:15,91282CLQ2,TSRYS5906509,D,B,C,2024-10-11,1000000.00,3.899366,99.931640625
08:01:15,91282CLQ2,TSRYS5906509,D,S,C,2024-10-11,1000000.00,3.899366,99.931640625
08:01:15,91282CLQ2,TSRYS5906509,D,S,C,2024-10-11,1000000.00,3.899366,99.931640625
08:01:15,91282CLQ2,TSRYS5906509,D,B,C,2024-10-11,1000000.00,3.899366,99.931640625
08:01:15,91282CLQ2,TSRYS5906509,D,B,C,2024-10-11,1000000.00,3.899366,99.931640625
08:01:15,91282CLQ2,TSRYS5906509,D,B,C,2024-10-11,1000000.00,3.899366,99.931640625
08:01:15,91282CLQ2,TSRYS5906509,D,B,C,2024-10-11,1000000.00,3.899366,99.931640625
08:01:15,91282CLQ2,TSRYS5906509,D,S,C,2024-10-11,1000000.00,3.899366,99.931640625
08:01:16,91282CLQ2,TSRYS5906509,D,B,C,2024-10-11,1000000.00,3.900063,99.9296875
08:01:16,91282CLQ2,TSRYS5906509,D,S,C,2024-10-11,1000000.00,3.89867,99.93359375
08:01:16,91282CLQ2,TSRYS5906509,D,S,D,2024-10-11,1000000.00,3.900063,99.9296875
08:01:16,91282CLQ2,TSRYS5906509,D,S,C,2024-10-11,1000000.00,3.896581,99.939453125
08:01:16,91282CLQ2,TSRYS5906509,D,S,D,2024-10-11,1000000.00,3.897277,99.9375
08:01:16,91282CLQ2,TSRYS5906509,D,S,D,2024-10-11,1000000.00,3.89867,99.93359375
08:01:16,91282CLQ2,TSRYS5906509,D,S,C,2024-10-11,36000000.00,3.880568,99.984375
08:01:17,91282CLQ2,TSRYS5906509,D,B,C,2024-10-11,1000000.00,3.89867,99.93359375
08:01:17,91282CLQ2,TSRYS5906509,D,S,D,2024-10-11,1000000.00,3.89867,99.93359375
08:01:17,91282CLQ2,TSRYS5906509,D,B,C,2024-10-11,30800000.00,3.904242,99.91796875
08:01:17,91282CLQ2,TSRYS5906509,D,S,D,2024-10-11,30800000.00,3.904242,99.91796875
08:01:17,91282CLQ2,TSRYS5906509,D,S,C,2024-10-11,1000000.00,3.907029,99.91015625
08:01:17,91282CLQ2,TSRYS5906509,D,S,D,2024-10-11,1000000.00,3.908422,99.90625
08:01:17,91282CLQ2,TSRYS5906509,D,S,D,2024-10-11,1000000.00,3.908422,99.90625
08:01:19,91282CLQ2,TSRYS5906509,D,S,T,2024-10-11,1000000.00,3.876392,99.99609375
08:01:19,91282CLQ2,TSRYS5906509,D,S,T,2024-10-11,1000000.00,3.876392,99.99609375
08:01:19,91282CLQ2,TSRYS5906509,D,S,T,2024-10-11,1000000.00,3.887583,99.96469175
08:01:19,91282CLQ2,TSRYS5906509,D,S,T,2024-10-11,1000000.00,3.887583,99.96469175
08:01:20,91282CLQ2,TSRYS5906509,D,S,D,2024-10-11,9650000.00,3.875,100.0
08:01:20,91282CLQ2,TSRYS5906509,D,S,D,2024-10-11,38650000.00,3.875,100.0
08:01:20,91282CLQ2,TSRYS5906509,D,S,D,2024-10-11,38650000.00,3.875,100.0
08:01:20,91282CLQ2,TSRYS5906509,D,S,D,2024-10-11,9650000.00,3.875,100.0
08:01:20,91282CLQ2,TSRYS5906509,D,S,T,2024-10-11,1000000.00,3.887583,99.96469175
08:01:20,91282CLQ2,TSRYS5906509,D,S,D,2024-10-11,22200000.00,3.875,100.0
08:01:20,91282CLQ2,TSRYS5906509,D,S,D,2024-10-11,9650000.00,3.875,100.0
08:01:20,91282CLQ2,TSRYS5906509,D,S,D,2024-10-11,9650000.00,3.875,100.0
08:01:20,91282CLQ2,TSRYS5906509,D,S,D,2024-10-11,11600000.00,3.875,100.0
08:01:20,91282CLQ2,TSRYS5906509,D,S,D,2024-10-11,40600000.00,3.875,100.0
08:01:20,91282CLQ2,TSRYS5906509,D,S,D,2024-10-11,27050000.00,3.875,100.0
08:01:20,91282CLQ2,TSRYS5906509,D,S,D,2024-10-11,48350000.00,3.875,100.0
08:01:20,91282CLQ2,TSRYS5906509,D,S,D,2024-10-11,2900000.00,3.875,100.0
08:01:20,91282CLQ2,TSRYS5906509,D,S,T,2024-10-11,1000000.00,3.887583,99.96469175
08:01:20,91282CLQ2,TSRYS5906509,D,S,T,2024-10-11,1000000.00,3.887583,99.96469175
08:01:20,91282CLQ2,TSRYS5906509,D,S,T,2024-10-11,1000000.00,3.887583,99.96469175
08:01:20,91282CLQ2,TSRYS5906509,D,S,T,2024-10-11,1000000.00,3.887583,99.96469175
08:01:20,91282CLQ2,TSRYS5906509,D,B,C,2024-10-11,27050000.00,3.875,100.0
08:01:20,91282CLQ2,TSRYS5906509,D,S,T,2024-10-11,1000000.00,3.887583,99.96469175
08:01:20,91282CLQ2,TSRYS5906509,D,S,T,2024-10-11,1000000.00,3.887583,99.96469175
08:01:20,91282CLQ2,TSRYS5906509,D,B,C,2024-10-11,40600000.00,3.875,100.0
08:01:20,91282CLQ2,TSRYS5906509,D,S,T,2024-10-11,2000000.00,3.888921,99.9609375
08:01:20,91282CLQ2,TSRYS5906509,D,S,T,2024-10-11,1000000.00,3.888921,99.9609375
08:01:20,91282CLQ2,TSRYS5906509,D,S,T,2024-10-11,2000000.00,3.888225,99.96289062
08:01:20,91282CLQ2,TSRYS5906509,D,B,C,2024-10-11,22200000.00,3.875,100.0
08:01:20,91282CLQ2,TSRYS5906509,D,S,T,2024-10-11,1000000.00,3.888225,99.96289062
08:01:20,91282CLQ2,TSRYS5906509,D,S,T,2024-10-11,1000000.00,3.888225,99.96289062
08:01:20,91282CLQ2,TSRYS5906509,D,S,D,2024-10-11,1000000.00,3.888225,99.96289062
08:01:20,91282CLQ2,TSRYS5906509,D,S,D,2024-10-11,1000000.00,3.888225,99.96289062
08:01:21,91282CLQ2,TSRYS5906509,D,S,T,2024-10-11,1000000.00,3.888921,99.9609375
08:01:21,91282CLQ2,TSRYS5906509,D,S,T,2024-10-11,2000000.00,3.888225,99.96289062
08:01:21,91282CLQ2,TSRYS5906509,D,S,T,2024-10-11,1000000.00,3.888225,99.96289062
08:01:21,91282CLQ2,TSRYS5906509,D,S,T,2024-10-11,1000000.00,3.888921,99.9609375
08:01:21,91282CLQ2,TSRYS5906509,D,S,T,2024-10-11,1000000.00,3.888921,99.9609375
08:01:21,91282CLQ2,TSRYS5906509,D,S,T,2024-10-11,2000000.00,3.888921,99.9609375
08:01:21,91282CLQ2,TSRYS5906509,D,S,T,2024-10-11,2000000.00,3.888921,99.9609375
08:01:21,91282CLQ2,TSRYS5906509,D,S,D,2024-10-11,1000000.00,3.874304,100.00195312
08:01:21,91282CLQ2,TSRYS5906509,D,S,D,2024-10-11,1000000.00,3.874304,100.00195312
08:01:21,91282CLQ2,TSRYS5906509,D,S,T,2024-10-11,3000000.00,3.888921,99.9609375
08:01:21,91282CLQ2,TSRYS5906509,D,S,D,2024-10-11,1000000.00,3.874304,100.00195312
08:01:21,91282CLQ2,TSRYS5906509,D,S,D,2024-10-11,1000000.00,3.874304,100.00195312
08:01:21,91282CLQ2,TSRYS5906509,D,S,T,2024-10-11,3000000.00,3.888921,99.9609375
08:01:21,91282CLQ2,TSRYS5906509,D,S,D,2024-10-11,1000000.00,3.874304,100.00195312
08:01:21,91282CLQ2,TSRYS5906509,D,S,D,2024-10-11,1000000.00,3.874304,100.00195312
08:01:21,91282CLQ2,TSRYS5906509,D,S,D,2024-10-11,1000000.00,3.874304,100.00195312
08:01:21,91282CLQ2,TSRYS5906509,D,S,D,2024-10-11,1000000.00,3.874304,100.00195312
08:01:21,91282CLQ2,TSRYS5906509,D,S,D,2024-10-11,1000000.00,3.874304,100.00195312
08:01:21,91282CLQ2,TSRYS5906509,D,S,T,2024-10-11,3000000.00,3.888921,99.9609375
08:01:21,91282CLQ2,TSRYS5906509,D,S,D,2024-10-11,1000000.00,3.874304,100.00195312
08:01:21,91282CLQ2,TSRYS5906509,D,S,D,2024-10-11,1000000.00,3.874304,100.00195312
08:01:21,91282CLQ2,TSRYS5906509,D,S,D,2024-10-11,1000000.00,3.874304,100.00195312
08:01:21,91282CLQ2,TSRYS5906509,D,S,T,2024-10-11,2000000.00,3.888921,99.9609375
08:01:21,91282CLQ2,TSRYS5906509,D,S,D,2024-10-11,1000000.00,3.874304,100.00195312
08:01:21,91282CLQ2,TSRYS5906509,D,S,D,2024-10-11,1000000.00,3.874304,100.00195312
08:01:21,91282CLQ2,TSRYS5906509,D,S,D,2024-10-11,1000000.00,3.874304,100.00195312
08:01:21,91282CLQ2,TSRYS5906509,D,S,D,2024-10-11,1000000.00,3.874304,100.00195312
08:01:22,91282CLQ2,TSRYS5906509,D,S,T,2024-10-11,2000000.00,3.902152,99.923828125
08:01:22,91282CLQ2,TSRYS5906509,D,S,D,2024-10-11,9650000.00,3.875,100.0
08:01:22,91282CLQ2,TSRYS5906509,D,S,D,2024-10-11,38650000.00,3.875,100.0
08:01:23,91282CLQ2,TSRYS5906509,D,S,D,2024-10-11,1000000.00,3.876392,99.99609375
08:01:23,91282CLQ2,TSRYS5906509,D,S,D,2024-10-11,1000000.00,3.876392,99.99609375
08:01:23,91282CLQ2,TSRYS5906509,D,S,C,2024-10-11,1000000.00,3.876392,99.99609375
08:01:23,91282CLQ2,TSRYS5906509,D,S,C,2024-10-11,1000000.00,3.876392,99.99609375
08:01:24,91282CLQ2,TSRYS5906509,D,B,C,2024-10-11,20000000.00,3.872467,100.00711
08:01:24,91282CLQ2,TSRYS5906509,D,B,C,2024-10-11,18000000.00,3.874555,100.00125
08:01:24,91282CLQ2,TSRYS5906509,D,B,C,2024-10-11,30000000.00,3.873161,100.00516
08:01:24,91282CLQ2,TSRYS5906509,D,S,C,2024-10-11,1000000.00,3.881264,99.982421875
08:01:24,91282CLQ2,TSRYS5906509,D,S,C,2024-10-11,1000000.00,3.879176,99.98828125
08:01:24,91282CLQ2,TSRYS5906509,D,S,D,2024-10-11,2000000.00,3.870375,100.01298
08:01:24,91282CLQ2,TSRYS5906509,D,S,D,2024-10-11,2000000.00,3.876392,99.99609375
08:01:24,91282CLQ2,TSRYS5906509,D,S,D,2024-10-11,43000000.00,3.875723,99.99797
08:01:24,91282CLQ2,TSRYS5906509,D,S,C,2024-10-11,2000000.00,3.875,100.0002
08:01:24,91282CLQ2,TSRYS5906509,D,S,T,2024-10-11,1000000.00,3.874304,100.00195312
08:01:24,91282CLQ2,TSRYS5906509,D,S,T,2024-10-11,1000000.00,3.874304,100.00195312
08:01:24,91282CLQ2,TSRYS5906509,D,S,T,2024-10-11,1000000.00,3.902152,99.923828125
08:01:25,91282CLQ2,TSRYS5906509,D,B,C,2024-10-11,1000000.00,3.873608,100.00390625
08:01:25,91282CLQ2,TSRYS5906509,D,S,D,2024-10-11,1000000.00,3.873608,100.00390625
08:01:25,91282CLQ2,TSRYS5906509,D,B,C,2024-10-11,2000000.00,3.876392,99.99609375
08:01:25,91282CLQ2,TSRYS5906509,D,B,C,2024-10-11,3000000.00,3.876392,99.99609375
08:01:25,91282CLQ2,TSRYS5906509,D,B,C,2024-10-11,2000000.00,3.876392,99.99609375
08:01:25,91282CLQ2,TSRYS5906509,D,B,C,2024-10-11,1000000.00,3.876392,99.99609375
08:01:25,91282CLQ2,TSRYS5906509,D,S,D,2024-10-11,1000000.00,3.872216,100.0078125
08:01:25,91282CLQ2,TSRYS5906509,D,S,D,2024-10-11,1000000.00,3.872216,100.0078125
08:01:25,91282CLQ2,TSRYS5906509,D,S,D,2024-10-11,1000000.00,3.872216,100.0078125
08:01:25,91282CLQ2,TSRYS5906509,D,S,D,2024-10-11,2000000.00,3.872216,100.0078125
08:01:25,91282CLQ2,TSRYS5906509,D,S,D,2024-10-11,1000000.00,3.872216,100.0078125
08:01:25,91282CLQ2,TSRYS5906509,D,S,D,2024-10-11,1000000.00,3.872216,100.0078125
08:01:25,91282CLQ2,TSRYS5906509,D,S,D,2024-10-11,1000000.00,3.872216,100.0078125
08:01:26,91282CLQ2,TSRYS5906509,D,S,T,2024-10-11,1000000.00,3.897973,99.93554687
08:01:26,91282CLQ2,TSRYS5906509,D,S,C,2024-10-11,1000000.00,3.870825,100.01171875
08:01:26,91282CLQ2,TSRYS5906509,D,S,C,2024-10-11,1000000.00,3.870825,100.01171875
08:01:26,91282CLQ2,TSRYS5906509,D,S,T,2024-10-11,1000000.00,3.897973,99.93554687
08:01:26,91282CLQ2,TSRYS5906509,D,S,T,2024-10-11,1000000.00,3.897973,99.93554687
08:01:26,91282CLQ2,TSRYS5906509,D,S,T,2024-10-11,1000000.00,3.897973,99.93554687
08:01:26,91282CLQ2,TSRYS5906509,D,S,D,2024-10-11,2000000.00,3.872216,100.0078125
08:01:26,91282CLQ2,TSRYS5906509,D,S,D,2024-10-11,1000000.00,3.872216,100.0078125
08:01:26,91282CLQ2,TSRYS5906509,D,S,D,2024-10-11,3000000.00,3.872216,100.0078125
08:01:26,91282CLQ2,TSRYS5906509,D,S,D,2024-10-11,1000000.00,3.872216,100.0078125
08:01:26,91282CLQ2,TSRYS5906509,D,S,T,2024-10-11,1000000.00,3.902152,99.923828125
08:01:26,91282CLQ2,TSRYS5906509,D,S,T,2024-10-11,1000000.00,3.872216,100.0078125
08:01:26,91282CLQ2,TSRYS5906509,D,S,D,2024-10-11,3000000.00,3.872216,100.0078125
08:01:26,91282CLQ2,TSRYS5906509,D,S,T,2024-10-11,1000000.00,3.872216,100.0078125
08:01:26,91282CLQ2,TSRYS5906509,D,S,T,2024-10-11,1000000.00,3.872216,100.0078125
08:01:26,91282CLQ2,TSRYS5906509,D,S,D,2024-10-11,1000000.00,3.872912,100.005859375
08:01:26,91282CLQ2,TSRYS5906509,D,S,D,2024-10-11,1000000.00,3.897277,99.9375
08:01:26,91282CLQ2,TSRYS5906509,D,S,T,2024-10-11,2000000.00,3.872216,100.0078125
08:01:26,91282CLQ2,TSRYS5906509,D,S,T,2024-10-11,1000000.00,3.897277,99.9375
08:01:26,91282CLQ2,TSRYS5906509,D,S,T,2024-10-11,1000000.00,3.872216,100.0078125
08:01:26,91282CLQ2,TSRYS5906509,D,S,T,2024-10-11,1000000.00,3.872216,100.0078125
08:01:26,91282CLQ2,TSRYS5906509,D,S,C,2024-10-11,1000000.00,3.872912,100.005859375
08:01:26,91282CLQ2,TSRYS5906509,D,S,D,2024-10-11,2000000.00,3.872216,100.0078125
08:01:26,91282CLQ2,TSRYS5906509,D,S,T,2024-10-11,1000000.00,3.872216,100.0078125
08:01:26,91282CLQ2,TSRYS5906509,D,S,T,2024-10-11,1000000.00,3.897277,99.9375
08:01:26,91282CLQ2,TSRYS5906509,D,S,T,2024-10-11,1000000.00,3.897277,99.9375
08:01:26,91282CLQ2,TSRYS5906509,D,S,T,2024-10-11,1000000.00,3.897277,99.9375
08:01:26,91282CLQ2,TSRYS5906509,D,S,C,2024-10-11,1000000.00,3.873608,100.00390625
08:01:27,91282CLQ2,TSRYS5906509,D,S,T,2024-10-11,1000000.00,3.897277,99.9375
08:01:27,91282CLQ2,TSRYS5906509,D,S,T,2024-10-11,1000000.00,3.897973,99.93554687
08:01:27,91282CLQ2,TSRYS5906509,D,S,T,2024-10-11,1000000.00,3.897973,99.93554687
08:01:27,91282CLQ2,TSRYS5906509,D,S,T,2024-10-11,1000000.00,3.897973,99.93554687
08:01:27,91282CLQ2,TSRYS5906509,D,S,T,2024-10-11,1000000.00,3.897973,99.93554687
08:01:27,91282CLQ2,TSRYS5906509,D,S,T,2024-10-11,2000000.00,3.897277,99.9375
08:01:27,91282CLQ2,TSRYS5906509,D,S,T,2024-10-11,1000000.00,3.89867,99.93359375
08:01:27,91282CLQ2,TSRYS5906509,D,S,T,2024-10-11,1000000.00,3.89867,99.93359375
08:01:27,91282CLQ2,TSRYS5906509,D,S,T,2024-10-11,2000000.00,3.876392,99.99609375
08:01:27,91282CLQ2,TSRYS5906509,D,S,T,2024-10-11,1000000.00,3.898724,99.93344175
08:01:27,91282CLQ2,TSRYS5906509,D,S,T,2024-10-11,1000000.00,3.898724,99.93344175
08:01:27,91282CLQ2,TSRYS5906509,D,S,C,2024-10-11,1000000.00,3.876392,99.99609375
08:01:27,91282CLQ2,TSRYS5906509,D,S,D,2024-10-11,1000000.00,3.897277,99.9375
08:01:27,91282CLQ2,TSRYS5906509,D,S,D,2024-10-11,1000000.00,3.897277,99.9375
08:01:28,91282CLQ2,TSRYS5906509,D,S,D,2024-10-11,1000000.00,3.888921,99.9609375
08:01:28,91282CLQ2,TSRYS5906509,D,S,D,2024-10-11,1000000.00,3.888921,99.9609375
08:01:28,91282CLQ2,TSRYS5906509,D,S,D,2024-10-11,1000000.00,3.888921,99.9609375
08:01:28,91282CLQ2,TSRYS5906509,D,S,D,2024-10-11,1000000.00,3.888921,99.9609375
08:01:28,91282CLQ2,TSRYS5906509,D,S,T,2024-10-11,2000000.00,3.897277,99.9375
08:01:28,91282CLQ2,TSRYS5906509,D,S,D,2024-10-11,1000000.00,3.888921,99.9609375
08:01:28,91282CLQ2,TSRYS5906509,D,S,D,2024-10-11,1000000.00,3.888921,99.9609375
08:01:28,91282CLQ2,TSRYS5906509,D,S,T,2024-10-11,2000000.00,3.897277,99.9375
08:01:28,91282CLQ2,TSRYS5906509,D,S,D,2024-10-11,1000000.00,3.888921,99.9609375
08:01:28,91282CLQ2,TSRYS5906509,D,S,D,2024-10-11,1000000.00,3.888921,99.9609375
08:01:28,91282CLQ2,TSRYS5906509,D,S,D,2024-10-11,1000000.00,3.888921,99.9609375
08:01:28,91282CLQ2,TSRYS5906509,D,S,D,2024-10-11,1000000.00,3.897277,99.9375
08:01:28,91282CLQ2,TSRYS5906509,D,S,D,2024-10-11,1000000.00,3.888921,99.9609375
08:01:28,91282CLQ2,TSRYS5906509,D,S,D,2024-10-11,1000000.00,3.888921,99.9609375
08:01:28,91282CLQ2,TSRYS5906509,D,S,D,2024-10-11,1000000.00,3.888921,99.9609375
08:01:28,91282CLQ2,TSRYS5906509,D,S,D,2024-10-11,1000000.00,3.888921,99.9609375
08:01:28,91282CLQ2,TSRYS5906509,D,S,D,2024-10-11,1000000.00,3.888921,99.9609375
08:01:28,91282CLQ2,TSRYS5906509,D,S,D,2024-10-11,1000000.00,3.888921,99.9609375
08:01:28,91282CLQ2,TSRYS5906509,D,S,D,2024-10-11,1000000.00,3.874304,100.001953125
08:01:28,91282CLQ2,TSRYS5906509,D,B,C,2024-10-11,15000000.00,3.88917,99.96024
08:01:28,91282CLQ2,TSRYS5906509,D,S,D,2024-10-11,1000000.00,3.874304,100.001953125
08:01:28,91282CLQ2,TSRYS5906509,D,S,T,2024-10-11,1000000.00,3.897277,99.9375
08:01:28,91282CLQ2,TSRYS5906509,D,S,C,2024-10-11,1000000.00,3.875,100.0
08:01:28,91282CLQ2,TSRYS5906509,D,S,T,2024-10-11,1000000.00,3.872216,100.0078125
08:01:28,91282CLQ2,TSRYS5906509,D,S,C,2024-10-11,1000000.00,3.875,100.0
08:01:28,91282CLQ2,TSRYS5906509,D,S,C,2024-10-11,1000000.00,3.875,100.0
08:01:28,91282CLQ2,TSRYS5906509,D,S,T,2024-10-11,2000000.00,3.875,100.0
08:01:28,91282CLQ2,TSRYS5906509,D,S,D,2024-10-11,1000000.00,3.875,100.0
08:01:28,91282CLQ2,TSRYS5906509,D,S,T,2024-10-11,16000000.00,3.876392,99.99609375
08:01:28,91282CLQ2,TSRYS5906509,D,B,C,2024-10-11,1000000.00,3.876392,99.99609375
08:01:28,91282CLQ2,TSRYS5906509,D,S,T,2024-10-11,1000000.00,3.873608,100.00390625
08:01:28,91282CLQ2,TSRYS5906509,D,S,D,2024-10-11,1000000.00,3.876392,99.99609375
08:01:28,91282CLQ2,TSRYS5906509,D,B,C,2024-10-11,1000000.00,3.876392,99.99589375
08:01:28,91282CLQ2,TSRYS5906509,D,S,D,2024-10-11,1000000.00,3.876392,99.99609375
08:01:28,91282CLQ2,TSRYS5906509,D,S,D,2024-10-11,1000000.00,3.876392,99.99609375
08:01:28,91282CLQ2,TSRYS5906509,D,S,D,2024-10-11,1000000.00,3.88544,99.970703125
08:01:29,91282CLQ2,TSRYS5906509,D,S,D,2024-10-11,1000000.00,3.872912,100.00585937
08:01:29,91282CLQ2,TSRYS5906509,D,S,T,2024-10-11,1000000.00,3.873608,100.00390625
08:01:29,91282CLQ2,TSRYS5906509,D,B,C,2024-10-11,1000000.00,3.876392,99.99609375
08:01:29,91282CLQ2,TSRYS5906509,D,S,D,2024-10-11,1000000.00,3.876392,99.99609375
08:01:29,91282CLQ2,TSRYS5906509,D,B,C,2024-10-11,1000000.00,3.876392,99.99609375
08:01:29,91282CLQ2,TSRYS5906509,D,S,T,2024-10-11,1000000.00,3.879176,99.98828125
08:01:29,91282CLQ2,TSRYS5906509,D,S,T,2024-10-11,3000000.00,3.88196,99.98046875
08:01:29,91282CLQ2,TSRYS5906509,D,S,D,2024-10-11,2000000.00,3.876392,99.99609375
08:01:29,91282CLQ2,TSRYS5906509,D,S,T,2024-10-11,3000000.00,3.88196,99.98046875
08:01:29,91282CLQ2,TSRYS5906509,D,S,D,2024-10-11,1000000.00,3.876392,99.99609375
08:01:29,91282CLQ2,TSRYS5906509,D,S,T,2024-10-11,4000000.00,3.884744,99.97265625
08:01:29,91282CLQ2,TSRYS5906509,D,S,D,2024-10-11,1000000.00,3.88544,99.970703125
08:01:29,91282CLQ2,TSRYS5906509,D,S,D,2024-10-11,2000000.00,3.872912,100.00585937
08:01:29,91282CLQ2,TSRYS5906509,D,S,T,2024-10-11,1000000.00,3.872912,100.00585937
08:01:29,91282CLQ2,TSRYS5906509,D,S,T,2024-10-11,1000000.00,3.872912,100.00585937
08:01:29,91282CLQ2,TSRYS5906509,D,S,T,2024-10-11,2000000.00,3.872912,100.00585937
08:01:29,91282CLQ2,TSRYS5906509,D,S,D,2024-10-11,2000000.00,3.872912,100.00585937
08:01:29,91282CLQ2,TSRYS5906509,D,S,D,2024-10-11,2000000.00,3.876392,99.99609375
08:01:29,91282CLQ2,TSRYS5906509,D,B,C,2024-10-11,2000000.00,3.876392,99.99609375
08:01:29,91282CLQ2,TSRYS5906509,D,S,D,2024-10-11,2000000.00,3.875696,99.998046875
08:01:29,91282CLQ2,TSRYS5906509,D,S,D,2024-10-11,1000000.00,3.875696,99.998046875
08:01:29,91282CLQ2,TSRYS5906509,D,S,D,2024-10-11,1000000.00,3.875696,99.998046875
08:01:29,91282CLQ2,TSRYS5906509,D,S,D,2024-10-11,1000000.00,3.872912,100.00585937
08:01:29,91282CLQ2,TSRYS5906509,D,S,D,2024-10-11,2000000.00,3.875696,99.998046875
08:01:29,91282CLQ2,TSRYS5906509,D,S,D,2024-10-11,1000000.00,3.875,100.0
08:01:29,91282CLQ2,TSRYS5906509,D,S,D,2024-10-11,2000000.00,3.875,100.0
08:01:29,91282CLQ2,TSRYS5906509,D,S,T,2024-10-11,1000000.00,3.872912,100.00585937
08:01:29,91282CLQ2,TSRYS5906509,D,S,D,2024-10-11,1000000.00,3.875,100.0
08:01:29,91282CLQ2,TSRYS5906509,D,S,T,2024-10-11,1000000.00,3.872912,100.00585937
08:01:29,91282CLQ2,TSRYS5906509,D,S,T,2024-10-11,1000000.00,3.872912,100.00585937
08:01:29,91282CLQ2,TSRYS5906509,D,S,T,2024-10-11,1000000.00,3.872912,100.00585937
08:01:29,91282CLQ2,TSRYS5906509,D,S,T,2024-10-11,1000000.00,3.872912,100.00585937
08:01:30,91282CLQ2,TSRYS5906509,D,S,T,2024-10-11,1000000.00,3.872912,100.00585937
08:01:30,91282CLQ2,TSRYS5906509,D,S,T,2024-10-11,1000000.00,3.872912,100.00585937
08:01:30,91282CLQ2,TSRYS5906509,D,S,D,2024-10-11,1000000.00,3.872912,100.00585937
08:01:30,91282CLQ2,TSRYS5906509,D,S,D,2024-10-11,1000000.00,3.872912,100.00585937
08:01:30,91282CLQ2,TSRYS5906509,D,S,D,2024-10-11,2000000.00,3.873608,100.00390625
08:01:30,91282CLQ2,TSRYS5906509,D,S,D,2024-10-11,1000000.00,3.872912,100.005859375
08:01:30,91282CLQ2,TSRYS5906509,D,S,D,2024-10-11,1000000.00,3.872912,100.005859375
08:01:30,91282CLQ2,TSRYS5906509,D,S,D,2024-10-11,2000000.00,3.872912,100.005859375
08:01:30,91282CLQ2,TSRYS5906509,D,S,D,2024-10-11,1000000.00,3.872912,100.005859375
08:01:30,91282CLQ2,TSRYS5906509,D,S,D,2024-10-11,1000000.00,3.872912,100.005859375
08:01:30,91282CLQ2,TSRYS5906509,D,S,D,2024-10-11,1000000.00,3.872912,100.005859375
08:01:30,91282CLQ2,TSRYS5906509,D,S,D,2024-10-11,1000000.00,3.872912,100.005859375
08:01:30,91282CLQ2,TSRYS5906509,D,S,D,2024-10-11,1000000.00,3.872912,100.005859375
08:01:30,91282CLQ2,TSRYS5906509,D,S,D,2024-10-11,1000000.00,3.872912,100.005859375
08:01:30,91282CLQ2,TSRYS5906509,D,S,D,2024-10-11,1000000.00,3.872912,100.005859375
08:01:30,91282CLQ2,TSRYS5906509,D,S,D,2024-10-11,1000000.00,3.872912,100.005859375
08:01:30,91282CLQ2,TSRYS5906509,D,S,T,2024-10-11,1000000.00,3.902849,99.921875
08:01:30,91282CLQ2,TSRYS5906509,D,S,D,2024-10-11,1000000.00,3.872912,100.00585937
08:01:30,91282CLQ2,TSRYS5906509,D,S,T,2024-10-11,1000000.00,3.902849,99.921875
08:01:30,91282CLQ2,TSRYS5906509,D,S,D,2024-10-11,2000000.00,3.872912,100.00585937
08:01:30,91282CLQ2,TSRYS5906509,D,S,T,2024-10-11,1000000.00,3.902849,99.921875
08:01:30,91282CLQ2,TSRYS5906509,D,S,T,2024-10-11,1000000.00,3.904242,99.91796875
08:01:30,91282CLQ2,TSRYS5906509,D,S,D,2024-10-11,1000000.00,3.872912,100.00585937
08:01:30,91282CLQ2,TSRYS5906509,D,S,D,2024-10-11,1000000.00,3.872912,100.00585937
08:01:30,91282CLQ2,TSRYS5906509,D,S,D,2024-10-11,1000000.00,3.872912,100.00585937
08:01:30,91282CLQ2,TSRYS5906509,D,S,D,2024-10-11,1000000.00,3.872912,100.00585937
08:01:30,91282CLQ2,TSRYS5906509,D,S,C,2024-10-11,1000000.00,3.872912,100.00585937
08:01:31,91282CLQ2,TSRYS5906509,D,S,T,2024-10-11,1000000.00,3.873608,100.00390625
08:01:31,91282CLQ2,TSRYS5906509,D,S,C,2024-10-11,1000000.00,3.872912,100.00585937
08:01:31,91282CLQ2,TSRYS5906509,D,S,T,2024-10-11,23000000.00,3.875,100.0
08:01:31,91282CLQ2,TSRYS5906509,D,S,D,2024-10-11,1000000.00,3.872912,100.00585937
08:01:31,91282CLQ2,TSRYS5906509,D,S,T,2024-10-11,1000000.00,3.872912,100.00585937
08:01:31,91282CLQ2,TSRYS5906509,D,S,T,2024-10-11,1000000.00,3.873608,100.00390625
08:01:31,91282CLQ2,TSRYS5906509,D,B,C,2024-10-11,3000000.00,3.87848,99.990234375
08:01:31,91282CLQ2,TSRYS5906509,D,S,D,2024-10-11,3000000.00,3.87848,99.990234375
08:01:31,91282CLQ2,TSRYS5906509,D,B,C,2024-10-11,1000000.00,3.879872,99.986328125
08:01:31,91282CLQ2,TSRYS5906509,D,S,C,2024-10-11,1000000.00,3.879872,99.986328125
08:01:31,91282CLQ2,TSRYS5906509,D,S,D,2024-10-11,1000000.00,3.879176,99.98828125
08:01:31,91282CLQ2,TSRYS5906509,D,B,C,2024-10-11,1000000.00,3.879176,99.98828125
08:01:31,91282CLQ2,TSRYS5906509,D,S,T,2024-10-11,2000000.00,3.904242,99.91796875
08:01:31,91282CLQ2,TSRYS5906509,D,S,D,2024-10-11,1000000.00,3.879176,99.98828125
08:01:31,91282CLQ2,TSRYS5906509,D,B,C,2024-10-11,1000000.00,3.879176,99.98828125
08:01:31,91282CLQ2,TSRYS5906509,D,B,C,2024-10-11,1000000.00,3.880568,99.984375
08:01:31,91282CLQ2,TSRYS5906509,D,S,D,2024-10-11,1000000.00,3.880568,99.984375
08:01:31,91282CLQ2,TSRYS5906509,D,B,C,2024-10-11,1000000.00,3.880568,99.984375
08:01:31,91282CLQ2,TSRYS5906509,D,S,D,2024-10-11,1000000.00,3.880568,99.984375
08:01:31,91282CLQ2,TSRYS5906509,D,S,C,2024-10-11,1000000.00,3.879176,99.98828125
08:01:31,91282CLQ2,TSRYS5906509,D,S,C,2024-10-11,1000000.00,3.879176,99.98828125
08:01:31,91282CLQ2,TSRYS5906509,D,S,T,2024-10-11,7000000.00,3.876392,99.99609375
08:01:31,91282CLQ2,TSRYS5906509,D,S,T,2024-10-11,2000000.00,3.872216,100.0078125
08:01:31,91282CLQ2,TSRYS5906509,D,S,D,2024-10-11,1000000.00,3.879176,99.98828125
08:01:31,91282CLQ2,TSRYS5906509,D,B,C,2024-10-11,1000000.00,3.879176,99.98828125
08:01:31,91282CLQ2,TSRYS5906509,D,S,D,2024-10-11,1000000.00,3.877784,99.9921875
08:01:31,91282CLQ2,TSRYS5906509,D,B,C,2024-10-11,1000000.00,3.877784,99.9921875
08:01:31,91282CLQ2,TSRYS5906509,D,S,D,2024-10-11,1000000.00,3.877784,99.9921875
08:01:31,91282CLQ2,TSRYS5906509,D,B,C,2024-10-11,1000000.00,3.877784,99.9921875
08:01:31,91282CLQ2,TSRYS5906509,D,S,D,2024-10-11,1000000.00,3.877784,99.9921875
08:01:31,91282CLQ2,TSRYS5906509,D,S,D,2024-10-11,1000000.00,3.87848,99.990234375
08:01:31,91282CLQ2,TSRYS5906509,D,B,C,2024-10-11,1000000.00,3.87848,99.990234375
08:01:32,91282CLQ2,TSRYS5906509,D,S,D,2024-10-11,1000000.00,3.879176,99.98828125
08:01:32,91282CLQ2,TSRYS5906509,D,B,C,2024-10-11,1000000.00,3.879176,99.98828125
08:01:32,91282CLQ2,TSRYS5906509,D,S,C,2024-10-11,1000000.00,3.879872,99.986328125
08:01:32,91282CLQ2,TSRYS5906509,D,B,C,2024-10-11,1000000.00,3.879872,99.986128125
08:01:32,91282CLQ2,TSRYS5906509,D,S,D,2024-10-11,1000000.00,3.879872,99.986328125
08:01:32,91282CLQ2,TSRYS5906509,D,B,C,2024-10-11,1000000.00,3.879872,99.986128125
08:01:32,91282CLQ2,TSRYS5906509,D,S,D,2024-10-11,2000000.00,3.883352,99.9765625
08:01:32,91282CLQ2,TSRYS5906509,D,S,D,2024-10-11,2000000.00,3.883352,99.9765625
08:01:32,91282CLQ2,TSRYS5906509,D,S,D,2024-10-11,2000000.00,3.883352,99.9765625
08:01:32,91282CLQ2,TSRYS5906509,D,B,C,2024-10-11,2000000.00,3.883352,99.9765625
08:01:32,91282CLQ2,TSRYS5906509,D,S,D,2024-10-11,2000000.00,3.884048,99.974609375
08:01:32,91282CLQ2,TSRYS5906509,D,B,C,2024-10-11,2000000.00,3.884048,99.974609375
08:01:32,91282CLQ2,TSRYS5906509,D,S,D,2024-10-11,2000000.00,3.88196,99.98046875
08:01:32,91282CLQ2,TSRYS5906509,D,S,D,2024-10-11,2000000.00,3.88196,99.98046875
08:01:32,91282CLQ2,TSRYS5906509,D,S,D,2024-10-11,1000000.00,3.88196,99.98046875
08:01:32,91282CLQ2,TSRYS5906509,D,S,T,2024-10-11,2000000.00,3.908422,99.90625
08:01:32,91282CLQ2,TSRYS5906509,D,S,T,2024-10-11,1000000.00,3.908422,99.90625
08:01:32,91282CLQ2,TSRYS5906509,D,S,T,2024-10-11,1000000.00,3.908422,99.90625
08:01:32,91282CLQ2,TSRYS5906509,D,S,D,2024-10-11,1000000.00,3.88196,99.98046875
08:01:32,91282CLQ2,TSRYS5906509,D,S,D,2024-10-11,1000000.00,3.88196,99.98046875
08:01:33,91282CLQ2,TSRYS5906509,D,S,D,2024-10-11,1000000.00,3.88196,99.98046875
08:01:33,91282CLQ2,TSRYS5906509,D,S,D,2024-10-11,2000000.00,3.88196,99.98046875
08:01:33,91282CLQ2,TSRYS5906509,D,S,D,2024-10-11,1000000.00,3.88196,99.98046875
08:01:33,91282CLQ2,TSRYS5906509,D,S,T,2024-10-11,1000000.00,3.908422,99.90625
08:01:33,91282CLQ2,TSRYS5906509,D,S,T,2024-10-11,1000000.00,3.908422,99.90625
08:01:33,91282CLQ2,TSRYS5906509,D,S,D,2024-10-11,3000000.00,3.88196,99.98046875
08:01:33,91282CLQ2,TSRYS5906509,D,S,T,2024-10-11,1000000.00,3.886136,99.96875
08:01:33,91282CLQ2,TSRYS5906509,D,S,D,2024-10-11,2000000.00,3.88196,99.98046875
08:01:33,91282CLQ2,TSRYS5906509,D,S,D,2024-10-11,1000000.00,3.88196,99.98046875
08:01:33,91282CLQ2,TSRYS5906509,D,S,T,2024-10-11,2000000.00,3.908422,99.90625
08:01:33,91282CLQ2,TSRYS5906509,D,S,T,2024-10-11,1000000.00,3.908422,99.90625
08:01:33,91282CLQ2,TSRYS5906509,D,S,T,2024-10-11,1000000.00,3.907029,99.91015625
08:01:33,91282CLQ2,TSRYS5906509,D,S,D,2024-10-11,1000000.00,3.88196,99.98046875
08:01:33,91282CLQ2,TSRYS5906509,D,S,D,2024-10-11,1000000.00,3.88196,99.98046875
08:01:33,91282CLQ2,TSRYS5906509,D,S,D,2024-10-11,1000000.00,3.88196,99.98046875
08:01:33,91282CLQ2,TSRYS5906509,D,S,D,2024-10-11,1000000.00,3.88196,99.98046875
08:01:33,91282CLQ2,TSRYS5906509,D,S,T,2024-10-11,2000000.00,3.907029,99.91015625
08:01:33,91282CLQ2,TSRYS5906509,D,S,T,2024-10-11,1000000.00,3.905635,99.9140625
08:01:33,91282CLQ2,TSRYS5906509,D,S,T,2024-10-11,2000000.00,3.905635,99.9140625
08:01:33,91282CLQ2,TSRYS5906509,D,B,C,2024-10-11,1000000.00,3.882656,99.978515625
08:01:33,91282CLQ2,TSRYS5906509,D,S,D,2024-10-11,1000000.00,3.882656,99.978515625
08:01:33,91282CLQ2,TSRYS5906509,D,S,D,2024-10-11,1000000.00,3.886136,99.96875
08:01:33,91282CLQ2,TSRYS5906509,D,S,T,2024-10-11,1000000.00,3.904242,99.91796875
08:01:33,91282CLQ2,TSRYS5906509,D,S,T,2024-10-11,2000000.00,3.904242,99.91796875
08:01:34,91282CLQ2,TSRYS5906509,D,S,T,2024-10-11,1000000.00,3.902903,99.921723
08:01:34,91282CLQ2,TSRYS5906509,D,S,C,2024-10-11,1000000.00,3.88544,99.970703125
08:01:34,91282CLQ2,TSRYS5906509,D,S,T,2024-10-11,1000000.00,3.904242,99.91796875
08:01:34,91282CLQ2,TSRYS5906509,D,S,T,2024-10-11,1000000.00,3.904242,99.91796875
08:01:34,91282CLQ2,TSRYS5906509,D,S,T,2024-10-11,1000000.00,3.904242,99.91796875
08:01:34,91282CLQ2,TSRYS5906509,D,S,T,2024-10-11,1000000.00,3.879176,99.98828125
08:01:34,91282CLQ2,TSRYS5906509,D,S,T,2024-10-11,2000000.00,3.877784,99.9921875
08:01:35,91282CLQ2,TSRYS5906509,D,B,C,2024-10-11,2000000.00,3.886136,99.96875
08:01:35,91282CLQ2,TSRYS5906509,D,S,C,2024-10-11,2000000.00,3.888225,99.962890625
08:01:35,91282CLQ2,TSRYS5906509,D,S,C,2024-10-11,1000000.00,3.888225,99.962890625
08:01:35,91282CLQ2,TSRYS5906509,D,S,T,2024-10-11,1000000.00,3.884744,99.97265625
08:01:35,91282CLQ2,TSRYS5906509,D,S,T,2024-10-11,1000000.00,3.879176,99.98828125
08:01:35,91282CLQ2,TSRYS5906509,D,S,T,2024-10-11,3000000.00,3.877784,99.9921875
08:01:35,91282CLQ2,TSRYS5906509,D,S,D,2024-10-11,2000000.00,3.886136,99.96875
08:01:35,91282CLQ2,TSRYS5906509,D,B,C,2024-10-11,2000000.00,3.886136,99.96875
08:01:35,91282CLQ2,TSRYS5906509,D,S,D,2024-10-11,2000000.00,3.886136,99.96875
08:01:35,91282CLQ2,TSRYS5906509,D,S,T,2024-10-11,3000000.00,3.887529,99.96484375
08:01:35,91282CLQ2,TSRYS5906509,D,S,T,2024-10-11,1000000.00,3.886136,99.96875
08:01:35,91282CLQ2,TSRYS5906509,D,S,C,2024-10-11,2000000.00,3.886136,99.96875
08:01:35,91282CLQ2,TSRYS5906509,D,S,T,2024-10-11,1000000.00,3.886136,99.96875
08:01:36,91282CLQ2,TSRYS5906509,D,S,A,2024-10-11,15000000.00,3.891706,99.953125
08:01:36,91282CLQ2,TSRYS5906509,D,S,T,2024-10-11,1000000.00,3.901456,99.92578125
08:01:36,91282CLQ2,TSRYS5906509,D,S,D,2024-10-11,1000000.00,3.891706,99.953125
08:01:36,91282CLQ2,TSRYS5906509,D,S,D,2024-10-11,1000000.00,3.891706,99.953125
08:01:36,91282CLQ2,TSRYS5906509,D,S,C,2024-10-11,1000000.00,3.891706,99.953325
08:01:37,91282CLQ2,TSRYS5906509,D,S,T,2024-10-11,1000000.00,3.901456,99.92578125
08:01:37,91282CLQ2,TSRYS5906509,D,S,T,2024-10-11,1000000.00,3.880568,99.984375
08:01:37,91282CLQ2,TSRYS5906509,D,S,T,2024-10-11,1000000.00,3.879176,99.98828125
08:01:37,91282CLQ2,TSRYS5906509,D,S,T,2024-10-11,1000000.00,3.88544,99.970703125
08:01:37,91282CLQ2,TSRYS5906509,D,S,T,2024-10-11,1000000.00,3.886136,99.96875
08:01:37,91282CLQ2,TSRYS5906509,D,S,T,2024-10-11,1000000.00,3.901456,99.92578125
08:01:37,91282CLQ2,TSRYS5906509,D,S,T,2024-10-11,2000000.00,3.886136,99.96875
08:01:37,91282CLQ2,TSRYS5906509,D,S,T,2024-10-11,3000000.00,3.886136,99.96875
08:01:37,91282CLQ2,TSRYS5906509,D,S,C,2024-10-11,1000000.00,3.890314,99.95703125
08:01:37,91282CLQ2,TSRYS5906509,D,S,T,2024-10-11,1000000.00,3.886136,99.96875
08:01:37,91282CLQ2,TSRYS5906509,D,S,C,2024-10-11,1000000.00,3.890314,99.95703125
08:01:37,91282CLQ2,TSRYS5906509,D,B,C,2024-10-11,1000000.00,3.890314,99.95703125
08:01:37,91282CLQ2,TSRYS5906509,D,S,T,2024-10-11,1000000.00,3.901456,99.92578125
08:01:37,91282CLQ2,TSRYS5906509,D,S,D,2024-10-11,3000000.00,3.897277,99.9375
08:01:38,91282CLQ2,TSRYS5906509,D,S,T,2024-10-11,1000000.00,3.901456,99.92578125
08:01:38,91282CLQ2,TSRYS5906509,D,S,C,2024-10-11,1000000.00,3.889617,99.958984375
08:01:38,91282CLQ2,TSRYS5906509,D,S,C,2024-10-11,1000000.00,3.889617,99.958984375
08:01:38,91282CLQ2,TSRYS5906509,D,S,C,2024-10-11,1000000.00,3.889617,99.958984375
08:01:38,91282CLQ2,TSRYS5906509,D,S,C,2024-10-11,1000000.00,3.889617,99.958984375
08:01:38,91282CLQ2,TSRYS5906509,D,S,D,2024-10-11,1000000.00,3.884744,99.97265625
08:01:38,91282CLQ2,TSRYS5906509,D,S,T,2024-10-11,1000000.00,3.88544,99.970703125
08:01:38,91282CLQ2,TSRYS5906509,D,S,T,2024-10-11,1000000.00,3.901456,99.92578125
08:01:38,91282CLQ2,TSRYS5906509,D,S,T,2024-10-11,2000000.00,3.897277,99.9375
08:01:38,91282CLQ2,TSRYS5906509,D,S,T,2024-10-11,3000000.00,3.886136,99.96875
08:01:38,91282CLQ2,TSRYS5906509,D,S,T,2024-10-11,3000000.00,3.886136,99.96875
08:01:38,91282CLQ2,TSRYS5906509,D,S,T,2024-10-11,1000000.00,3.901456,99.92578125
08:01:39,91282CLQ2,TSRYS5906509,D,S,T,2024-10-11,1000000.00,3.901456,99.92578125
08:01:39,91282CLQ2,TSRYS5906509,D,B,C,2024-10-11,1000000.00,3.882656,99.978515625
08:01:39,91282CLQ2,TSRYS5906509,D,S,D,2024-10-11,1000000.00,3.882656,99.978515625
08:01:39,91282CLQ2,TSRYS5906509,D,S,D,2024-10-11,1000000.00,3.883352,99.9765625
08:01:39,91282CLQ2,TSRYS5906509,D,S,D,2024-10-11,1000000.00,3.883352,99.9765625
08:01:39,91282CLQ2,TSRYS5906509,D,B,C,2024-10-11,1000000.00,3.883352,99.9765625
08:01:39,91282CLQ2,TSRYS5906509,D,S,D,2024-10-11,1000000.00,3.883352,99.9765625
08:01:39,91282CLQ2,TSRYS5906509,D,B,C,2024-10-11,1000000.00,3.883352,99.9765625
08:01:39,91282CLQ2,TSRYS5906509,D,S,D,2024-10-11,1000000.00,3.883352,99.9765625
08:01:39,91282CLQ2,TSRYS5906509,D,B,C,2024-10-11,1000000.00,3.883352,99.9765625
08:01:39,91282CLQ2,TSRYS5906509,D,S,D,2024-10-11,1000000.00,3.883352,99.9765625
08:01:39,91282CLQ2,TSRYS5906509,D,B,C,2024-10-11,1000000.00,3.883352,99.9765625
08:01:39,91282CLQ2,TSRYS5906509,D,S,D,2024-10-11,1000000.00,3.883352,99.9765625
08:01:39,91282CLQ2,TSRYS5906509,D,S,C,2024-10-11,1000000.00,3.88196,99.98066875
08:01:39,91282CLQ2,TSRYS5906509,D,B,C,2024-10-11,1000000.00,3.880568,99.984375
08:01:39,91282CLQ2,TSRYS5906509,D,S,T,2024-10-11,1000000.00,3.901456,99.92578125
08:01:39,91282CLQ2,TSRYS5906509,D,S,C,2024-10-11,1000000.00,3.880568,99.984375
08:01:39,91282CLQ2,TSRYS5906509,D,S,T,2024-10-11,1000000.00,3.897277,99.9375
08:01:39,91282CLQ2,TSRYS5906509,D,S,T,2024-10-11,1000000.00,3.901456,99.92578125
08:01:40,91282CLQ2,TSRYS5906509,D,S,T,2024-10-11,1000000.00,3.897277,99.9375
08:01:40,91282CLQ2,TSRYS5906509,D,S,T,2024-10-11,1000000.00,3.884048,99.974609375
08:01:40,91282CLQ2,TSRYS5906509,D,S,T,2024-10-11,1000000.00,3.901456,99.92578125
08:01:40,91282CLQ2,TSRYS5906509,D,S,D,2024-10-11,4000000.00,3.88544,99.970703125
08:01:40,91282CLQ2,TSRYS5906509,D,S,T,2024-10-11,2000000.00,3.897277,99.9375
08:01:40,91282CLQ2,TSRYS5906509,D,S,T,2024-10-11,1000000.00,3.897277,99.9375
08:01:40,91282CLQ2,TSRYS5906509,D,S,T,2024-10-11,1000000.00,3.897277,99.9375
08:01:40,91282CLQ2,TSRYS5906509,D,S,C,2024-10-11,1000000.00,3.889617,99.958984375
08:01:40,91282CLQ2,TSRYS5906509,D,S,C,2024-10-11,1000000.00,3.889617,99.958984375
08:01:40,91282CLQ2,TSRYS5906509,D,S,C,2024-10-11,2000000.00,3.889617,99.958984375
08:01:40,91282CLQ2,TSRYS5906509,D,B,A,2024-10-11,250MM+,3.896004,99.94107125
08:01:41,91282CLQ2,TSRYS5906509,D,S,T,2024-10-11,1000000.00,3.886136,99.96875
08:01:41,91282CLQ2,TSRYS5906509,D,S,T,2024-10-11,1000000.00,3.897277,99.9375
08:01:41,91282CLQ2,TSRYS5906509,D,S,T,2024-10-11,2000000.00,3.901456,99.92578125
08:01:41,91282CLQ2,TSRYS5906509,D,S,T,2024-10-11,1000000.00,3.894492,99.9453125
08:01:41,91282CLQ2,TSRYS5906509,D,S,D,2024-10-11,2000000.00,3.888921,99.9609375
