tradeTime,cusip,issueSymbolIdentifier,priceType,reportingSideCode,contraPartyTypeCode,tradeDate,reportedTradeVolume,lastSaleYield,lastSalePrice
08:00:03,91282CKZ3,TSRYS5842943,D,S,D,2024-07-11,3400000.00,4.391848,99.953125
08:00:03,91282CKZ3,TSRYS5842943,D,S,D,2024-07-11,4000000.00,4.39255,99.951171875
08:00:03,91282CKZ3,TSRYS5842943,D,S,D,2024-07-11,4000000.00,4.39255,99.951171875
08:00:03,91282CKZ3,TSRYS5842943,D,S,D,2024-07-11,3000000.00,4.39255,99.951171875
08:00:03,91282CKZ3,TSRYS5842943,D,B,C,2024-07-11,1000000.00,4.391145,99.955078125
08:00:03,91282CKZ3,TSRYS5842943,D,B,C,2024-07-11,1000000.00,4.391848,99.953125
08:00:03,91282CKZ3,TSRYS5842943,D,B,C,2024-07-11,1000000.00,4.391848,99.953125
08:00:03,91282CKZ3,TSRYS5842943,D,B,C,2024-07-11,1000000.00,4.391145,99.955078125
08:00:03,91282CKZ3,TSRYS5842943,D,B,C,2024-07-11,1000000.00,4.391145,99.955078125
08:00:03,91282CKZ3,TSRYS5842943,D,B,C,2024-07-11,1000000.00,4.391145,99.955078125
08:00:03,91282CKZ3,TSRYS5842943,D,B,C,2024-07-11,1000000.00,4.391848,99.953125
08:00:03,91282CKZ3,TSRYS5842943,D,B,C,2024-07-11,1000000.00,4.393252,99.94921875
08:00:03,91282CKZ3,TSRYS5842943,D,B,C,2024-07-11,1000000.00,4.39255,99.951171875
08:00:03,91282CKZ3,TSRYS5842943,D,B,C,2024-07-11,1000000.00,4.391848,99.953125
08:00:03,91282CKZ3,TSRYS5842943,D,S,D,2024-07-11,1000000.00,4.396763,99.939453125
08:00:03,91282CKZ3,TSRYS5842943,D,B,C,2024-07-11,1000000.00,4.399573,99.931640625
08:00:03,91282CKZ3,TSRYS5842943,D,B,C,2024-07-11,1000000.00,4.397466,99.9375
08:00:03,91282CKZ3,TSRYS5842943,D,B,C,2024-07-11,1000000.00,4.397466,99.9375
08:00:03,91282CKZ3,TSRYS5842943,D,S,T,2024-07-11,4000000.00,4.397466,99.9375
08:00:03,91282CKZ3,TSRYS5842943,D,B,C,2024-07-11,1000000.00,4.397466,99.9375
08:00:03,91282CKZ3,TSRYS5842943,D,S,D,2024-07-11,1000000.00,4.39255,99.951171875
08:00:03,91282CKZ3,TSRYS5842943,D,B,C,2024-07-11,1000000.00,4.391848,99.953125
08:00:03,91282CKZ3,TSRYS5842943,D,B,C,2024-07-11,1000000.00,4.391848,99.953125
08:00:03,91282CKZ3,TSRYS5842943,D,B,C,2024-07-11,1000000.00,4.391848,99.953125
08:00:03,91282CKZ3,TSRYS5842943,D,B,C,2024-07-11,1000000.00,4.391848,99.953125
08:00:03,91282CKZ3,TSRYS5842943,D,B,C,2024-07-11,1000000.00,4.391848,99.953125
08:00:03,91282CKZ3,TSRYS5842943,D,B,C,2024-07-11,1000000.00,4.391848,99.953125
08:00:03,91282CKZ3,TSRYS5842943,D,B,C,2024-07-11,1000000.00,4.391848,99.953125
08:00:03,91282CKZ3,TSRYS5842943,D,S,T,2024-07-11,1000000.00,4.389741,99.958984375
08:00:03,91282CKZ3,TSRYS5842943,D,S,T,2024-07-11,1000000.00,4.391848,99.953125
08:00:03,91282CKZ3,TSRYS5842943,D,S,D,2024-07-11,1000000.00,4.390443,99.95703125
08:00:03,91282CKZ3,TSRYS5842943,D,S,D,2024-07-11,3000000.00,4.396061,99.94140625
08:00:03,91282CKZ3,TSRYS5842943,D,S,D,2024-07-11,3000000.00,4.396061,99.94140625
08:00:03,91282CKZ3,TSRYS5842943,D,S,D,2024-07-11,1000000.00,4.396061,99.94140625
08:00:03,91282CKZ3,TSRYS5842943,D,S,D,2024-07-11,2000000.00,4.396061,99.94140625
08:00:03,91282CKZ3,TSRYS5842943,D,S,D,2024-07-11,1000000.00,4.396061,99.94140625
08:00:03,91282CKZ3,TSRYS5842943,D,S,D,2024-07-11,2000000.00,4.396061,99.94140625
08:00:03,91282CKZ3,TSRYS5842943,D,S,D,2024-07-11,3000000.00,4.396061,99.94140625
08:00:03,91282CKZ3,TSRYS5842943,D,S,D,2024-07-11,3000000.00,4.396061,99.94140625
08:00:03,91282CKZ3,TSRYS5842943,D,S,D,2024-07-11,3000000.00,4.396061,99.94140625
08:00:03,91282CKZ3,TSRYS5842943,D,S,D,2024-07-11,3000000.00,4.396061,99.94140625
08:00:03,91282CKZ3,TSRYS5842943,D,S,D,2024-07-11,3000000.00,4.396061,99.94140625
08:00:03,91282CKZ3,TSRYS5842943,D,S,D,2024-07-11,3000000.00,4.396061,99.94140625
08:00:03,91282CKZ3,TSRYS5842943,D,S,D,2024-07-11,3000000.00,4.396061,99.94140625
08:00:03,91282CKZ3,TSRYS5842943,D,S,D,2024-07-11,3000000.00,4.396061,99.94140625
08:00:03,91282CKZ3,TSRYS5842943,D,S,D,2024-07-11,3000000.00,4.396061,99.94140625
08:00:03,91282CKZ3,TSRYS5842943,D,S,D,2024-07-11,3000000.00,4.396061,99.94140625
08:00:03,91282CKZ3,TSRYS5842943,D,S,D,2024-07-11,3000000.00,4.396061,99.94140625
08:00:03,91282CKZ3,TSRYS5842943,D,S,D,2024-07-11,3000000.00,4.396061,99.94140625
08:00:03,91282CKZ3,TSRYS5842943,D,S,D,2024-07-11,3000000.00,4.396061,99.94140625
08:00:03,91282CKZ3,TSRYS5842943,D,S,D,2024-07-11,1000000.00,4.396061,99.94140625
08:00:03,91282CKZ3,TSRYS5842943,D,S,T,2024-07-11,1000000.00,4.396061,99.94140625
08:00:03,91282CKZ3,TSRYS5842943,D,S,D,2024-07-11,3000000.00,4.396061,99.94140625
08:00:03,91282CKZ3,TSRYS5842943,D,S,D,2024-07-11,3000000.00,4.396061,99.94140625
08:00:03,91282CKZ3,TSRYS5842943,D,S,D,2024-07-11,3000000.00,4.396061,99.94140625
08:00:05,91282CKZ3,TSRYS5842943,D,S,D,2024-07-11,25000000.00,4.391848,99.953125
08:00:05,91282CKZ3,TSRYS5842943,D,S,T,2024-07-11,1000000.00,4.39887,99.93359375
08:00:05,91282CKZ3,TSRYS5842943,D,S,T,2024-07-11,2000000.00,4.391848,99.953125
08:00:08,91282CKZ3,TSRYS5842943,D,S,T,2024-07-11,1000000.00,4.393252,99.94921875
08:00:08,91282CKZ3,TSRYS5842943,D,S,T,2024-07-11,1000000.00,4.393252,99.94921875
08:00:12,91282CKZ3,TSRYS5842943,D,S,T,2024-07-11,1000000.00,4.389039,99.9609375
08:00:12,91282CKZ3,TSRYS5842943,D,S,T,2024-07-11,1000000.00,4.389039,99.9609375
08:00:12,91282CKZ3,TSRYS5842943,D,S,T,2024-07-11,1000000.00,4.393252,99.94921875
08:00:12,91282CKZ3,TSRYS5842943,D,S,T,2024-07-11,1000000.00,4.39255,99.951171875
08:00:12,91282CKZ3,TSRYS5842943,D,S,T,2024-07-11,1000000.00,4.393252,99.94921875
08:00:12,91282CKZ3,TSRYS5842943,D,S,T,2024-07-11,1000000.00,4.39255,99.951171875
08:00:12,91282CKZ3,TSRYS5842943,D,S,T,2024-07-11,1000000.00,4.393252,99.94921875
08:00:12,91282CKZ3,TSRYS5842943,D,S,T,2024-07-11,1000000.00,4.393252,99.94921875
08:00:13,91282CKZ3,TSRYS5842943,D,S,T,2024-07-11,1000000.00,4.391848,99.953125
08:00:13,91282CKZ3,TSRYS5842943,D,S,T,2024-07-11,1000000.00,4.393252,99.94921875
08:00:13,91282CKZ3,TSRYS5842943,D,S,T,2024-07-11,1000000.00,4.396061,99.94140625
08:00:13,91282CKZ3,TSRYS5842943,D,S,T,2024-07-11,1000000.00,4.396061,99.94140625
08:00:13,91282CKZ3,TSRYS5842943,D,S,T,2024-07-11,1000000.00,4.39887,99.93359375
08:00:13,91282CKZ3,TSRYS5842943,D,S,T,2024-07-11,1000000.00,4.39887,99.93359375
08:00:13,91282CKZ3,TSRYS5842943,D,S,T,2024-07-11,1000000.00,4.396061,99.94140625
08:00:13,91282CKZ3,TSRYS5842943,D,S,T,2024-07-11,1000000.00,4.40168,99.92578125
08:00:13,91282CKZ3,TSRYS5842943,D,S,T,2024-07-11,1000000.00,4.396763,99.939453125
08:00:13,91282CKZ3,TSRYS5842943,D,S,T,2024-07-11,2000000.00,4.39887,99.93359375
08:00:13,91282CKZ3,TSRYS5842943,D,S,T,2024-07-11,1000000.00,4.398168,99.935546875
08:00:13,91282CKZ3,TSRYS5842943,D,B,A,2024-07-11,4800000.00,4.397466,99.9375
08:00:13,91282CKZ3,TSRYS5842943,D,S,T,2024-07-11,1000000.00,4.400977,99.927734375
08:00:13,91282CKZ3,TSRYS5842943,D,S,T,2024-07-11,2000000.00,4.39887,99.93359375
08:00:13,91282CKZ3,TSRYS5842943,D,S,D,2024-07-11,1000000.00,4.39887,99.93359375
08:00:13,91282CKZ3,TSRYS5842943,D,S,T,2024-07-11,3000000.00,4.391848,99.953125
08:00:13,91282CKZ3,TSRYS5842943,D,S,T,2024-07-11,1000000.00,4.391848,99.953125
08:00:13,91282CKZ3,TSRYS5842943,D,S,T,2024-07-11,1000000.00,4.391848,99.953125
08:00:13,91282CKZ3,TSRYS5842943,D,S,T,2024-07-11,1000000.00,4.391848,99.953125
08:00:13,91282CKZ3,TSRYS5842943,D,S,T,2024-07-11,1000000.00,4.391848,99.953125
08:00:13,91282CKZ3,TSRYS5842943,D,S,D,2024-07-11,1000000.00,4.390443,99.95703125
08:00:13,91282CKZ3,TSRYS5842943,D,S,T,2024-07-11,1000000.00,4.391848,99.953125
08:00:13,91282CKZ3,TSRYS5842943,D,S,T,2024-07-11,1000000.00,4.391848,99.953125
08:00:13,91282CKZ3,TSRYS5842943,D,S,T,2024-07-11,1000000.00,4.393252,99.94921875
08:00:13,91282CKZ3,TSRYS5842943,D,S,D,2024-07-11,1000000.00,4.396763,99.939453125
08:00:18,91282CKZ3,TSRYS5842943,D,S,T,2024-07-11,1000000.00,4.397466,99.9375
08:00:20,91282CKZ3,TSRYS5842943,D,S,D,2024-07-11,1000000.00,4.39255,99.951171875
08:00:20,91282CKZ3,TSRYS5842943,D,S,D,2024-07-11,1000000.00,4.39255,99.951171875
08:00:20,91282CKZ3,TSRYS5842943,D,S,D,2024-07-11,1000000.00,4.39255,99.951171875
08:00:23,91282CKZ3,TSRYS5842943,D,S,D,2024-07-11,1000000.00,4.391145,99.955078125
08:00:23,91282CKZ3,TSRYS5842943,D,S,D,2024-07-11,1000000.00,4.391145,99.955078125
08:00:23,91282CKZ3,TSRYS5842943,D,S,D,2024-07-11,1000000.00,4.391145,99.955078125
08:00:23,91282CKZ3,TSRYS5842943,D,S,D,2024-07-11,1000000.00,4.391145,99.955078125
08:00:23,91282CKZ3,TSRYS5842943,D,S,D,2024-07-11,1000000.00,4.391848,99.953125
08:00:23,91282CKZ3,TSRYS5842943,D,S,D,2024-07-11,1000000.00,4.391848,99.953125
08:00:23,91282CKZ3,TSRYS5842943,D,S,D,2024-07-11,1000000.00,4.391145,99.955078125
08:00:23,91282CKZ3,TSRYS5842943,D,S,D,2024-07-11,1000000.00,4.391145,99.955078125
08:00:23,91282CKZ3,TSRYS5842943,D,S,D,2024-07-11,1000000.00,4.391145,99.955078125
08:00:23,91282CKZ3,TSRYS5842943,D,S,D,2024-07-11,1000000.00,4.391145,99.955078125
08:00:23,91282CKZ3,TSRYS5842943,D,S,D,2024-07-11,1000000.00,4.391145,99.955078125
08:00:24,91282CKZ3,TSRYS5842943,D,S,D,2024-07-11,1000000.00,4.39255,99.951171875
08:00:25,91282CKZ3,TSRYS5842943,D,S,T,2024-07-11,1000000.00,4.396061,99.94140625
08:00:25,91282CKZ3,TSRYS5842943,D,S,T,2024-07-11,1000000.00,4.396061,99.94140625
08:00:25,91282CKZ3,TSRYS5842943,D,S,D,2024-07-11,2000000.00,4.400275,99.9296875
08:00:25,91282CKZ3,TSRYS5842943,D,S,D,2024-07-11,1000000.00,4.399573,99.931640625
08:00:25,91282CKZ3,TSRYS5842943,D,S,D,2024-07-11,1000000.00,4.399573,99.931640625
08:00:25,91282CKZ3,TSRYS5842943,D,S,D,2024-07-11,1000000.00,4.399573,99.931640625
08:00:25,91282CKZ3,TSRYS5842943,D,S,D,2024-07-11,1000000.00,4.400275,99.9296875
08:00:26,91282CKZ3,TSRYS5842943,D,S,D,2024-07-11,1000000.00,4.393954,99.947265625
08:00:26,91282CKZ3,TSRYS5842943,D,B,C,2024-07-11,9000000.00,4.397466,99.9375
08:00:26,91282CKZ3,TSRYS5842943,D,S,D,2024-07-11,8000000.00,4.400275,99.9296875
08:00:26,91282CKZ3,TSRYS5842943,D,S,T,2024-07-11,1000000.00,4.400275,99.9296875
08:00:26,91282CKZ3,TSRYS5842943,D,S,T,2024-07-11,1000000.00,4.39255,99.951171875
08:00:30,91282CKZ3,TSRYS5842943,D,S,D,2024-07-11,3000000.00,4.393252,99.94921875
08:00:30,91282CKZ3,TSRYS5842943,D,S,D,2024-07-11,1000000.00,4.393252,99.94921875
08:00:30,91282CKZ3,TSRYS5842943,D,S,D,2024-07-11,1000000.00,4.393252,99.94921875
08:00:30,91282CKZ3,TSRYS5842943,D,S,T,2024-07-11,1000000.00,4.393252,99.94921875
08:00:30,91282CKZ3,TSRYS5842943,D,S,T,2024-07-11,1000000.00,4.396061,99.94140625
08:00:30,91282CKZ3,TSRYS5842943,D,S,D,2024-07-11,1000000.00,4.396061,99.94140625
08:00:30,91282CKZ3,TSRYS5842943,D,S,D,2024-07-11,1000000.00,4.39887,99.93359375
08:00:30,91282CKZ3,TSRYS5842943,D,S,D,2024-07-11,1000000.00,4.398168,99.935546875
08:00:30,91282CKZ3,TSRYS5842943,D,S,D,2024-07-11,1000000.00,4.398168,99.935546875
08:00:30,91282CKZ3,TSRYS5842943,D,S,D,2024-07-11,1000000.00,4.397466,99.9375
08:00:30,91282CKZ3,TSRYS5842943,D,S,D,2024-07-11,1000000.00,4.397466,99.9375
08:00:30,91282CKZ3,TSRYS5842943,D,S,C,2024-07-11,2000000.00,4.397466,99.9375
08:00:30,91282CKZ3,TSRYS5842943,D,S,C,2024-07-11,1000000.00,4.397466,99.9375
08:00:34,91282CKZ3,TSRYS5842943,D,S,D,2024-07-11,1000000.00,4.39255,99.951171875
08:00:34,91282CKZ3,TSRYS5842943,D,S,D,2024-07-11,1000000.00,4.39255,99.951171875
08:00:34,91282CKZ3,TSRYS5842943,D,S,D,2024-07-11,2000000.00,4.400275,99.9296875
08:00:34,91282CKZ3,TSRYS5842943,D,S,D,2024-07-11,1000000.00,4.397466,99.9375
08:00:34,91282CKZ3,TSRYS5842943,D,S,D,2024-07-11,1000000.00,4.400275,99.9296875
08:00:34,91282CKZ3,TSRYS5842943,D,S,D,2024-07-11,1000000.00,4.39255,99.951171875
08:00:34,91282CKZ3,TSRYS5842943,D,S,D,2024-07-11,1000000.00,4.39255,99.951171875
08:00:34,91282CKZ3,TSRYS5842943,D,S,D,2024-07-11,2000000.00,4.390443,99.95703125
08:00:34,91282CKZ3,TSRYS5842943,D,S,D,2024-07-11,1000000.00,4.391848,99.953125
08:00:34,91282CKZ3,TSRYS5842943,D,S,D,2024-07-11,1000000.00,4.393252,99.94921875
08:00:34,91282CKZ3,TSRYS5842943,D,S,D,2024-07-11,1000000.00,4.397466,99.9375
08:00:34,91282CKZ3,TSRYS5842943,D,S,D,2024-07-11,1000000.00,4.391145,99.955078125
08:00:34,91282CKZ3,TSRYS5842943,D,S,D,2024-07-11,2000000.00,4.391145,99.955078125
08:00:34,91282CKZ3,TSRYS5842943,D,S,D,2024-07-11,2000000.00,4.391145,99.955078125
08:00:34,91282CKZ3,TSRYS5842943,D,S,D,2024-07-11,2000000.00,4.391848,99.953125
08:00:34,91282CKZ3,TSRYS5842943,D,S,D,2024-07-11,2000000.00,4.391848,99.953125
08:00:34,91282CKZ3,TSRYS5842943,D,S,D,2024-07-11,1000000.00,4.391848,99.953125
08:00:34,91282CKZ3,TSRYS5842943,D,S,D,2024-07-11,2000000.00,4.391848,99.953125
08:00:34,91282CKZ3,TSRYS5842943,D,S,D,2024-07-11,2000000.00,4.393954,99.947265625
08:00:34,91282CKZ3,TSRYS5842943,D,S,D,2024-07-11,1000000.00,4.396763,99.939453125
08:00:34,91282CKZ3,TSRYS5842943,D,S,D,2024-07-11,2000000.00,4.391145,99.955078125
08:00:34,91282CKZ3,TSRYS5842943,D,S,D,2024-07-11,1000000.00,4.391848,99.953125
08:00:34,91282CKZ3,TSRYS5842943,D,S,D,2024-07-11,1000000.00,4.391848,99.953125
08:00:34,91282CKZ3,TSRYS5842943,D,S,D,2024-07-11,1000000.00,4.391848,99.953125
08:00:34,91282CKZ3,TSRYS5842943,D,S,D,2024-07-11,2000000.00,4.39255,99.951171875
08:00:34,91282CKZ3,TSRYS5842943,D,S,D,2024-07-11,1000000.00,4.393954,99.947265625
08:00:34,91282CKZ3,TSRYS5842943,D,S,D,2024-07-11,1000000.00,4.393954,99.947265625
08:00:34,91282CKZ3,TSRYS5842943,D,S,D,2024-07-11,2000000.00,4.393252,99.94921875
08:00:34,91282CKZ3,TSRYS5842943,D,S,D,2024-07-11,2000000.00,4.393954,99.947265625
08:00:34,91282CKZ3,TSRYS5842943,D,S,D,2024-07-11,2000000.00,4.39255,99.951171875
08:00:34,91282CKZ3,TSRYS5842943,D,S,D,2024-07-11,1000000.00,4.395359,99.943359375
08:00:34,91282CKZ3,TSRYS5842943,D,S,D,2024-07-11,2000000.00,4.396763,99.939453125
08:00:34,91282CKZ3,TSRYS5842943,D,S,D,2024-07-11,3000000.00,4.397466,99.9375
08:00:34,91282CKZ3,TSRYS5842943,D,S,D,2024-07-11,1000000.00,4.396763,99.939453125
08:00:34,91282CKZ3,TSRYS5842943,D,S,D,2024-07-11,1000000.00,4.396763,99.939453125
08:00:34,91282CKZ3,TSRYS5842943,D,S,D,2024-07-11,2000000.00,4.396061,99.94140625
08:00:34,91282CKZ3,TSRYS5842943,D,S,D,2024-07-11,2000000.00,4.396061,99.94140625
08:00:34,91282CKZ3,TSRYS5842943,D,S,T,2024-07-11,1000000.00,4.396061,99.94140625
08:00:34,91282CKZ3,TSRYS5842943,D,S,T,2024-07-11,1000000.00,4.39887,99.93359375
08:00:34,91282CKZ3,TSRYS5842943,D,S,T,2024-07-11,1000000.00,4.39887,99.93359375
08:00:34,91282CKZ3,TSRYS5842943,D,S,T,2024-07-11,1000000.00,4.39887,99.93359375
08:00:34,91282CKZ3,TSRYS5842943,D,S,T,2024-07-11,1000000.00,4.39255,99.951171875
08:00:34,91282CKZ3,TSRYS5842943,D,S,T,2024-07-11,1000000.00,4.39255,99.951171875
08:00:34,91282CKZ3,TSRYS5842943,D,S,T,2024-07-11,1000000.00,4.389741,99.958984375
08:00:34,91282CKZ3,TSRYS5842943,D,S,T,2024-07-11,1000000.00,4.389741,99.958984375
08:00:34,91282CKZ3,TSRYS5842943,D,S,T,2024-07-11,2000000.00,4.391848,99.953125
08:00:34,91282CKZ3,TSRYS5842943,D,S,T,2024-07-11,2000000.00,4.391848,99.953125
08:00:34,91282CKZ3,TSRYS5842943,D,S,T,2024-07-11,2000000.00,4.391848,99.953125
08:00:34,91282CKZ3,TSRYS5842943,D,S,T,2024-07-11,2000000.00,4.391848,99.953125
08:00:34,91282CKZ3,TSRYS5842943,D,S,T,2024-07-11,1000000.00,4.389039,99.9609375
08:00:34,91282CKZ3,TSRYS5842943,D,S,T,2024-07-11,1000000.00,4.389741,99.958984375
08:00:34,91282CKZ3,TSRYS5842943,D,S,T,2024-07-11,1000000.00,4.390443,99.95703125
08:00:34,91282CKZ3,TSRYS5842943,D,S,T,2024-07-11,1000000.00,4.393954,99.947265625
08:00:34,91282CKZ3,TSRYS5842943,D,S,T,2024-07-11,1000000.00,4.393252,99.94921875
08:00:34,91282CKZ3,TSRYS5842943,D,S,T,2024-07-11,1000000.00,4.397466,99.9375
08:00:34,91282CKZ3,TSRYS5842943,D,S,D,2024-07-11,1000000.00,4.397466,99.9375
08:00:34,91282CKZ3,TSRYS5842943,D,S,T,2024-07-11,1000000.00,4.393954,99.947265625
08:00:34,91282CKZ3,TSRYS5842943,D,S,T,2024-07-11,1000000.00,4.393252,99.94921875
08:00:34,91282CKZ3,TSRYS5842943,D,S,T,2024-07-11,1000000.00,4.39255,99.951171875
08:00:34,91282CKZ3,TSRYS5842943,D,S,T,2024-07-11,2000000.00,4.391145,99.955078125
08:00:34,91282CKZ3,TSRYS5842943,D,S,T,2024-07-11,2000000.00,4.391145,99.955078125
08:00:34,91282CKZ3,TSRYS5842943,D,S,T,2024-07-11,2000000.00,4.391848,99.953125
08:00:34,91282CKZ3,TSRYS5842943,D,S,T,2024-07-11,2000000.00,4.389039,99.9609375
08:00:34,91282CKZ3,TSRYS5842943,D,S,T,2024-07-11,2000000.00,4.389039,99.9609375
08:00:34,91282CKZ3,TSRYS5842943,D,S,T,2024-07-11,1000000.00,4.391145,99.955078125
08:00:34,91282CKZ3,TSRYS5842943,D,S,T,2024-07-11,2000000.00,4.391145,99.955078125
08:00:34,91282CKZ3,TSRYS5842943,D,S,T,2024-07-11,2000000.00,4.391848,99.953125
08:00:34,91282CKZ3,TSRYS5842943,D,S,T,2024-07-11,2000000.00,4.391848,99.953125
08:00:34,91282CKZ3,TSRYS5842943,D,S,T,2024-07-11,3000000.00,4.391848,99.953125
08:00:34,91282CKZ3,TSRYS5842943,D,S,T,2024-07-11,2000000.00,4.393954,99.947265625
08:00:34,91282CKZ3,TSRYS5842943,D,S,T,2024-07-11,1000000.00,4.393954,99.947265625
08:00:34,91282CKZ3,TSRYS5842943,D,S,T,2024-07-11,1000000.00,4.393954,99.947265625
08:00:34,91282CKZ3,TSRYS5842943,D,S,T,2024-07-11,1000000.00,4.393954,99.947265625
08:00:34,91282CKZ3,TSRYS5842943,D,S,T,2024-07-11,1000000.00,4.393252,99.94921875
08:00:34,91282CKZ3,TSRYS5842943,D,S,T,2024-07-11,3000000.00,4.394656,99.9453125
08:00:34,91282CKZ3,TSRYS5842943,D,S,D,2024-07-11,1000000.00,4.394656,99.9453125
08:00:34,91282CKZ3,TSRYS5842943,D,S,T,2024-07-11,2000000.00,4.394656,99.9453125
08:00:34,91282CKZ3,TSRYS5842943,D,S,T,2024-07-11,2000000.00,4.394656,99.9453125
08:00:34,91282CKZ3,TSRYS5842943,D,S,T,2024-07-11,2000000.00,4.393954,99.947265625
08:00:34,91282CKZ3,TSRYS5842943,D,S,T,2024-07-11,1000000.00,4.393954,99.947265625
08:00:34,91282CKZ3,TSRYS5842943,D,S,T,2024-07-11,2000000.00,4.393954,99.947265625
08:00:34,91282CKZ3,TSRYS5842943,D,S,T,2024-07-11,1000000.00,4.393954,99.947265625
08:00:34,91282CKZ3,TSRYS5842943,D,S,T,2024-07-11,2000000.00,4.395359,99.943359375
08:00:34,91282CKZ3,TSRYS5842943,D,S,T,2024-07-11,2000000.00,4.395359,99.943359375
08:00:34,91282CKZ3,TSRYS5842943,D,S,T,2024-07-11,2000000.00,4.397466,99.9375
08:00:34,91282CKZ3,TSRYS5842943,D,S,T,2024-07-11,2000000.00,4.397466,99.9375
08:00:34,91282CKZ3,TSRYS5842943,D,S,T,2024-07-11,1000000.00,4.389039,99.9609375
08:00:34,91282CKZ3,TSRYS5842943,D,S,T,2024-07-11,1000000.00,4.389039,99.9609375
08:00:34,91282CKZ3,TSRYS5842943,D,S,T,2024-07-11,1000000.00,4.391848,99.953125
08:00:34,91282CKZ3,TSRYS5842943,D,S,T,2024-07-11,1000000.00,4.39255,99.951171875
08:00:34,91282CKZ3,TSRYS5842943,D,S,T,2024-07-11,1000000.00,4.391848,99.953125
08:00:34,91282CKZ3,TSRYS5842943,D,S,T,2024-07-11,1000000.00,4.39255,99.951171875
08:00:34,91282CKZ3,TSRYS5842943,D,S,T,2024-07-11,1000000.00,4.391848,99.953125
08:00:34,91282CKZ3,TSRYS5842943,D,S,T,2024-07-11,1000000.00,4.391848,99.953125
08:00:34,91282CKZ3,TSRYS5842943,D,S,T,2024-07-11,1000000.00,4.391848,99.953125
08:00:34,91282CKZ3,TSRYS5842943,D,S,T,2024-07-11,1000000.00,4.391848,99.953125
08:00:34,91282CKZ3,TSRYS5842943,D,S,T,2024-07-11,1000000.00,4.391848,99.953125
08:00:34,91282CKZ3,TSRYS5842943,D,S,T,2024-07-11,2000000.00,4.39255,99.951171875
08:00:34,91282CKZ3,TSRYS5842943,D,S,T,2024-07-11,1000000.00,4.39255,99.951171875
08:00:34,91282CKZ3,TSRYS5842943,D,S,T,2024-07-11,1000000.00,4.39255,99.951171875
08:00:34,91282CKZ3,TSRYS5842943,D,S,T,2024-07-11,1000000.00,4.393252,99.94921875
08:00:34,91282CKZ3,TSRYS5842943,D,S,T,2024-07-11,1000000.00,4.390443,99.95703125
08:00:34,91282CKZ3,TSRYS5842943,D,S,T,2024-07-11,1000000.00,4.393252,99.94921875
08:00:34,91282CKZ3,TSRYS5842943,D,S,T,2024-07-11,1000000.00,4.393252,99.94921875
08:00:34,91282CKZ3,TSRYS5842943,D,S,T,2024-07-11,1000000.00,4.393252,99.94921875
08:00:34,91282CKZ3,TSRYS5842943,D,S,T,2024-07-11,1000000.00,4.397466,99.9375
08:00:34,91282CKZ3,TSRYS5842943,D,S,T,2024-07-11,2000000.00,4.400275,99.9296875
08:00:34,91282CKZ3,TSRYS5842943,D,S,T,2024-07-11,1000000.00,4.39887,99.93359375
08:00:34,91282CKZ3,TSRYS5842943,D,S,T,2024-07-11,1000000.00,4.396763,99.939453125
08:00:34,91282CKZ3,TSRYS5842943,D,S,T,2024-07-11,1000000.00,4.397466,99.9375
08:00:34,91282CKZ3,TSRYS5842943,D,S,T,2024-07-11,1000000.00,4.397466,99.9375
08:00:34,91282CKZ3,TSRYS5842943,D,S,T,2024-07-11,1000000.00,4.397466,99.9375
08:00:34,91282CKZ3,TSRYS5842943,D,S,T,2024-07-11,1000000.00,4.397466,99.9375
08:00:34,91282CKZ3,TSRYS5842943,D,S,T,2024-07-11,1000000.00,4.397466,99.9375
08:00:34,91282CKZ3,TSRYS5842943,D,S,T,2024-07-11,1000000.00,4.397466,99.9375
08:00:34,91282CKZ3,TSRYS5842943,D,S,T,2024-07-11,1000000.00,4.397466,99.9375
08:00:34,91282CKZ3,TSRYS5842943,D,S,T,2024-07-11,1000000.00,4.397466,99.9375
08:00:34,91282CKZ3,TSRYS5842943,D,S,T,2024-07-11,1000000.00,4.397466,99.9375
08:00:34,91282CKZ3,TSRYS5842943,D,S,T,2024-07-11,1000000.00,4.397466,99.9375
08:00:34,91282CKZ3,TSRYS5842943,D,S,T,2024-07-11,1000000.00,4.397466,99.9375
08:00:34,91282CKZ3,TSRYS5842943,D,S,T,2024-07-11,1000000.00,4.396061,99.94140625
08:00:34,91282CKZ3,TSRYS5842943,D,S,T,2024-07-11,1000000.00,4.391848,99.953125
08:00:34,91282CKZ3,TSRYS5842943,D,S,T,2024-07-11,2000000.00,4.394656,99.9453125
08:00:34,91282CKZ3,TSRYS5842943,D,S,T,2024-07-11,1000000.00,4.394656,99.9453125
08:00:34,91282CKZ3,TSRYS5842943,D,S,T,2024-07-11,1000000.00,4.394656,99.9453125
08:00:34,91282CKZ3,TSRYS5842943,D,S,T,2024-07-11,1000000.00,4.393252,99.94921875
08:00:34,91282CKZ3,TSRYS5842943,D,S,T,2024-07-11,1000000.00,4.394656,99.9453125
08:00:34,91282CKZ3,TSRYS5842943,D,S,T,2024-07-11,1000000.00,4.396061,99.94140625
08:00:34,91282CKZ3,TSRYS5842943,D,S,T,2024-07-11,1000000.00,4.397466,99.9375
08:00:34,91282CKZ3,TSRYS5842943,D,S,T,2024-07-11,1000000.00,4.397466,99.9375
08:00:34,91282CKZ3,TSRYS5842943,D,S,T,2024-07-11,1000000.00,4.397466,99.9375
08:00:34,91282CKZ3,TSRYS5842943,D,S,T,2024-07-11,1000000.00,4.397466,99.9375
08:00:34,91282CKZ3,TSRYS5842943,D,S,T,2024-07-11,1000000.00,4.397466,99.9375
08:00:34,91282CKZ3,TSRYS5842943,D,S,T,2024-07-11,1000000.00,4.396061,99.94140625
08:00:34,91282CKZ3,TSRYS5842943,D,S,T,2024-07-11,1000000.00,4.396061,99.94140625
08:00:34,91282CKZ3,TSRYS5842943,D,S,T,2024-07-11,1000000.00,4.396061,99.94140625
08:00:34,91282CKZ3,TSRYS5842943,D,S,T,2024-07-11,1000000.00,4.397466,99.9375
08:00:34,91282CKZ3,TSRYS5842943,D,S,T,2024-07-11,1000000.00,4.397466,99.9375
08:00:34,91282CKZ3,TSRYS5842943,D,S,T,2024-07-11,1000000.00,4.39887,99.93359375
08:00:34,91282CKZ3,TSRYS5842943,D,S,T,2024-07-11,1000000.00,4.39887,99.93359375
08:00:34,91282CKZ3,TSRYS5842943,D,S,T,2024-07-11,1000000.00,4.39887,99.93359375
08:00:34,91282CKZ3,TSRYS5842943,D,S,T,2024-07-11,1000000.00,4.39887,99.93359375
08:00:34,91282CKZ3,TSRYS5842943,D,S,T,2024-07-11,1000000.00,4.39887,99.93359375
08:00:34,91282CKZ3,TSRYS5842943,D,S,T,2024-07-11,1000000.00,4.39887,99.93359375
08:00:34,91282CKZ3,TSRYS5842943,D,S,T,2024-07-11,1000000.00,4.400275,99.9296875
08:00:34,91282CKZ3,TSRYS5842943,D,S,T,2024-07-11,6000000.00,4.400275,99.9296875
08:00:34,91282CKZ3,TSRYS5842943,D,S,T,2024-07-11,9000000.00,4.400275,99.9296875
08:00:34,91282CKZ3,TSRYS5842943,D,S,T,2024-07-11,1000000.00,4.40168,99.92578125
08:00:34,91282CKZ3,TSRYS5842943,D,S,T,2024-07-11,3000000.00,4.40168,99.92578125
08:00:34,91282CKZ3,TSRYS5842943,D,S,T,2024-07-11,1000000.00,4.400275,99.9296875
08:00:34,91282CKZ3,TSRYS5842943,D,S,T,2024-07-11,1000000.00,4.400275,99.9296875
08:00:34,91282CKZ3,TSRYS5842943,D,S,T,2024-07-11,1000000.00,4.400275,99.9296875
08:00:34,91282CKZ3,TSRYS5842943,D,S,T,2024-07-11,1000000.00,4.400275,99.9296875
08:00:34,91282CKZ3,TSRYS5842943,D,S,T,2024-07-11,1000000.00,4.400275,99.9296875
08:00:34,91282CKZ3,TSRYS5842943,D,S,T,2024-07-11,1000000.00,4.40168,99.92578125
08:00:34,91282CKZ3,TSRYS5842943,D,S,T,2024-07-11,1000000.00,4.40168,99.92578125
08:00:34,91282CKZ3,TSRYS5842943,D,S,T,2024-07-11,1000000.00,4.40168,99.92578125
08:00:34,91282CKZ3,TSRYS5842943,D,S,T,2024-07-11,1000000.00,4.40168,99.92578125
08:00:34,91282CKZ3,TSRYS5842943,D,S,T,2024-07-11,1000000.00,4.40168,99.92578125
08:00:34,91282CKZ3,TSRYS5842943,D,S,T,2024-07-11,1000000.00,4.40168,99.92578125
08:00:34,91282CKZ3,TSRYS5842943,D,S,T,2024-07-11,1000000.00,4.40168,99.92578125
08:00:34,91282CKZ3,TSRYS5842943,D,S,T,2024-07-11,1000000.00,4.40168,99.92578125
08:00:34,91282CKZ3,TSRYS5842943,D,S,T,2024-07-11,1000000.00,4.40168,99.92578125
08:00:34,91282CKZ3,TSRYS5842943,D,S,T,2024-07-11,1000000.00,4.40168,99.92578125
08:00:34,91282CKZ3,TSRYS5842943,D,S,T,2024-07-11,1000000.00,4.40168,99.92578125
08:00:34,91282CKZ3,TSRYS5842943,D,S,T,2024-07-11,1000000.00,4.40168,99.92578125
08:00:34,91282CKZ3,TSRYS5842943,D,S,T,2024-07-11,1000000.00,4.40168,99.92578125
08:00:34,91282CKZ3,TSRYS5842943,D,S,T,2024-07-11,1000000.00,4.400275,99.9296875
08:00:34,91282CKZ3,TSRYS5842943,D,S,T,2024-07-11,1000000.00,4.400275,99.9296875
08:00:34,91282CKZ3,TSRYS5842943,D,S,T,2024-07-11,1000000.00,4.399573,99.931640625
08:00:34,91282CKZ3,TSRYS5842943,D,S,T,2024-07-11,1000000.00,4.400275,99.9296875
08:00:34,91282CKZ3,TSRYS5842943,D,S,T,2024-07-11,1000000.00,4.40168,99.92578125
08:00:34,91282CKZ3,TSRYS5842943,D,S,T,2024-07-11,1000000.00,4.40168,99.92578125
08:00:34,91282CKZ3,TSRYS5842943,D,S,T,2024-07-11,1000000.00,4.40168,99.92578125
08:00:34,91282CKZ3,TSRYS5842943,D,S,T,2024-07-11,1000000.00,4.40168,99.92578125
08:00:34,91282CKZ3,TSRYS5842943,D,S,T,2024-07-11,1000000.00,4.40168,99.92578125
08:00:34,91282CKZ3,TSRYS5842943,D,S,T,2024-07-11,1000000.00,4.40168,99.92578125
08:00:34,91282CKZ3,TSRYS5842943,D,S,T,2024-07-11,1000000.00,4.40168,99.92578125
08:00:34,91282CKZ3,TSRYS5842943,D,S,T,2024-07-11,1000000.00,4.40168,99.92578125
08:00:34,91282CKZ3,TSRYS5842943,D,S,T,2024-07-11,1000000.00,4.400977,99.927734375
08:00:34,91282CKZ3,TSRYS5842943,D,S,T,2024-07-11,1000000.00,4.403085,99.921875
08:00:34,91282CKZ3,TSRYS5842943,D,S,T,2024-07-11,1000000.00,4.40449,99.91796875
08:00:34,91282CKZ3,TSRYS5842943,D,S,T,2024-07-11,1000000.00,4.40449,99.91796875
08:00:34,91282CKZ3,TSRYS5842943,D,S,T,2024-07-11,1000000.00,4.40449,99.91796875
08:00:34,91282CKZ3,TSRYS5842943,D,S,T,2024-07-11,1000000.00,4.40449,99.91796875
08:00:34,91282CKZ3,TSRYS5842943,D,S,T,2024-07-11,1000000.00,4.40449,99.91796875
08:00:34,91282CKZ3,TSRYS5842943,D,S,T,2024-07-11,1000000.00,4.403085,99.921875
08:00:34,91282CKZ3,TSRYS5842943,D,S,T,2024-07-11,1000000.00,4.403085,99.921875
08:00:34,91282CKZ3,TSRYS5842943,D,S,T,2024-07-11,1000000.00,4.400977,99.927734375
08:00:34,91282CKZ3,TSRYS5842943,D,S,T,2024-07-11,1000000.00,4.400275,99.9296875
08:00:34,91282CKZ3,TSRYS5842943,D,S,T,2024-07-11,1000000.00,4.39887,99.93359375
08:00:34,91282CKZ3,TSRYS5842943,D,S,T,2024-07-11,1000000.00,4.39887,99.93359375
08:00:34,91282CKZ3,TSRYS5842943,D,S,T,2024-07-11,1000000.00,4.39887,99.93359375
08:00:34,91282CKZ3,TSRYS5842943,D,S,T,2024-07-11,1000000.00,4.39887,99.93359375
08:00:34,91282CKZ3,TSRYS5842943,D,S,T,2024-07-11,1000000.00,4.39887,99.93359375
08:00:34,91282CKZ3,TSRYS5842943,D,S,T,2024-07-11,1000000.00,4.39887,99.93359375
08:00:34,91282CKZ3,TSRYS5842943,D,S,T,2024-07-11,1000000.00,4.39887,99.93359375
08:00:34,91282CKZ3,TSRYS5842943,D,S,T,2024-07-11,1000000.00,4.39887,99.93359375
08:00:34,91282CKZ3,TSRYS5842943,D,S,T,2024-07-11,1000000.00,4.39887,99.93359375
08:00:34,91282CKZ3,TSRYS5842943,D,S,T,2024-07-11,1000000.00,4.39887,99.93359375
08:00:34,91282CKZ3,TSRYS5842943,D,S,T,2024-07-11,1000000.00,4.39887,99.93359375
08:00:34,91282CKZ3,TSRYS5842943,D,S,T,2024-07-11,1000000.00,4.39887,99.93359375
08:00:34,91282CKZ3,TSRYS5842943,D,S,T,2024-07-11,1000000.00,4.39887,99.93359375
08:00:34,91282CKZ3,TSRYS5842943,D,S,T,2024-07-11,1000000.00,4.39887,99.93359375
08:00:34,91282CKZ3,TSRYS5842943,D,S,T,2024-07-11,1000000.00,4.39887,99.93359375
08:00:34,91282CKZ3,TSRYS5842943,D,S,T,2024-07-11,1000000.00,4.39887,99.93359375
08:00:34,91282CKZ3,TSRYS5842943,D,S,T,2024-07-11,1000000.00,4.39887,99.93359375
08:00:34,91282CKZ3,TSRYS5842943,D,S,T,2024-07-11,1000000.00,4.39887,99.93359375
08:00:34,91282CKZ3,TSRYS5842943,D,S,T,2024-07-11,1000000.00,4.39887,99.93359375
08:00:34,91282CKZ3,TSRYS5842943,D,S,T,2024-07-11,1000000.00,4.39887,99.93359375
08:00:34,91282CKZ3,TSRYS5842943,D,S,T,2024-07-11,1000000.00,4.39887,99.93359375
08:00:34,91282CKZ3,TSRYS5842943,D,S,T,2024-07-11,1000000.00,4.39887,99.93359375
08:00:34,91282CKZ3,TSRYS5842943,D,S,T,2024-07-11,1000000.00,4.39887,99.93359375
08:00:34,91282CKZ3,TSRYS5842943,D,S,T,2024-07-11,1000000.00,4.39887,99.93359375
08:00:34,91282CKZ3,TSRYS5842943,D,S,T,2024-07-11,1000000.00,4.39887,99.93359375
08:00:34,91282CKZ3,TSRYS5842943,D,S,T,2024-07-11,1000000.00,4.39887,99.93359375
08:00:34,91282CKZ3,TSRYS5842943,D,S,T,2024-07-11,1000000.00,4.39887,99.93359375
08:00:34,91282CKZ3,TSRYS5842943,D,S,T,2024-07-11,1000000.00,4.39887,99.93359375
08:00:34,91282CKZ3,TSRYS5842943,D,S,T,2024-07-11,1000000.00,4.39887,99.93359375
08:00:34,91282CKZ3,TSRYS5842943,D,S,T,2024-07-11,1000000.00,4.39887,99.93359375
08:00:34,91282CKZ3,TSRYS5842943,D,S,T,2024-07-11,1000000.00,4.39887,99.93359375
08:00:34,91282CKZ3,TSRYS5842943,D,S,T,2024-07-11,1000000.00,4.400275,99.9296875
08:00:34,91282CKZ3,TSRYS5842943,D,S,T,2024-07-11,1000000.00,4.400275,99.9296875
08:00:34,91282CKZ3,TSRYS5842943,D,S,T,2024-07-11,1000000.00,4.400275,99.9296875
08:00:34,91282CKZ3,TSRYS5842943,D,S,T,2024-07-11,1000000.00,4.400275,99.9296875
08:00:34,91282CKZ3,TSRYS5842943,D,S,T,2024-07-11,2000000.00,4.400275,99.9296875
08:00:34,91282CKZ3,TSRYS5842943,D,S,T,2024-07-11,2000000.00,4.400275,99.9296875
08:00:34,91282CKZ3,TSRYS5842943,D,S,T,2024-07-11,1000000.00,4.400275,99.9296875
08:00:34,91282CKZ3,TSRYS5842943,D,S,T,2024-07-11,2000000.00,4.400275,99.9296875
08:00:34,91282CKZ3,TSRYS5842943,D,S,T,2024-07-11,1000000.00,4.400275,99.9296875
08:00:34,91282CKZ3,TSRYS5842943,D,S,T,2024-07-11,1000000.00,4.400275,99.9296875
08:00:34,91282CKZ3,TSRYS5842943,D,S,T,2024-07-11,1000000.00,4.400275,99.9296875
08:00:34,91282CKZ3,TSRYS5842943,D,S,T,2024-07-11,1000000.00,4.400275,99.9296875
08:00:34,91282CKZ3,TSRYS5842943,D,S,T,2024-07-11,1000000.00,4.398168,99.935546875
08:00:34,91282CKZ3,TSRYS5842943,D,S,T,2024-07-11,1000000.00,4.397466,99.9375
08:00:34,91282CKZ3,TSRYS5842943,D,S,T,2024-07-11,1000000.00,4.396061,99.94140625
08:00:34,91282CKZ3,TSRYS5842943,D,S,T,2024-07-11,1000000.00,4.396061,99.94140625
08:00:34,91282CKZ3,TSRYS5842943,D,S,T,2024-07-11,1000000.00,4.394656,99.9453125
08:00:34,91282CKZ3,TSRYS5842943,D,S,T,2024-07-11,2000000.00,4.394656,99.9453125
08:00:34,91282CKZ3,TSRYS5842943,D,S,T,2024-07-11,2000000.00,4.394656,99.9453125
08:00:34,91282CKZ3,TSRYS5842943,D,S,T,2024-07-11,1000000.00,4.393252,99.94921875
08:00:34,91282CKZ3,TSRYS5842943,D,S,T,2024-07-11,1000000.00,4.391848,99.953125
08:00:34,91282CKZ3,TSRYS5842943,D,S,T,2024-07-11,1000000.00,4.39255,99.951171875
08:00:34,91282CKZ3,TSRYS5842943,D,S,T,2024-07-11,2000000.00,4.39255,99.951171875
08:00:34,91282CKZ3,TSRYS5842943,D,S,T,2024-07-11,1000000.00,4.393252,99.94921875
08:00:34,91282CKZ3,TSRYS5842943,D,S,T,2024-07-11,1000000.00,4.391848,99.953125
08:00:34,91282CKZ3,TSRYS5842943,D,S,T,2024-07-11,1000000.00,4.391848,99.953125
08:00:34,91282CKZ3,TSRYS5842943,D,S,T,2024-07-11,1000000.00,4.391848,99.953125
08:00:34,91282CKZ3,TSRYS5842943,D,S,T,2024-07-11,1000000.00,4.391848,99.953125
08:00:34,91282CKZ3,TSRYS5842943,D,S,T,2024-07-11,1000000.00,4.390443,99.95703125
08:00:34,91282CKZ3,TSRYS5842943,D,S,T,2024-07-11,1000000.00,4.391848,99.953125
08:00:34,91282CKZ3,TSRYS5842943,D,S,T,2024-07-11,1000000.00,4.391848,99.953125
08:00:34,91282CKZ3,TSRYS5842943,D,S,T,2024-07-11,1000000.00,4.391848,99.953125
08:00:34,91282CKZ3,TSRYS5842943,D,S,T,2024-07-11,1000000.00,4.391848,99.953125
08:00:34,91282CKZ3,TSRYS5842943,D,S,T,2024-07-11,1000000.00,4.391848,99.953125
08:00:34,91282CKZ3,TSRYS5842943,D,S,T,2024-07-11,1000000.00,4.391848,99.953125
08:00:34,91282CKZ3,TSRYS5842943,D,S,T,2024-07-11,1000000.00,4.391848,99.953125
08:00:34,91282CKZ3,TSRYS5842943,D,S,T,2024-07-11,1000000.00,4.391848,99.953125
08:00:34,91282CKZ3,TSRYS5842943,D,S,T,2024-07-11,1000000.00,4.391848,99.953125
08:00:34,91282CKZ3,TSRYS5842943,D,S,T,2024-07-11,1000000.00,4.391848,99.953125
08:00:34,91282CKZ3,TSRYS5842943,D,S,T,2024-07-11,3000000.00,4.390443,99.95703125
08:00:34,91282CKZ3,TSRYS5842943,D,S,T,2024-07-11,3000000.00,4.390443,99.95703125
08:00:34,91282CKZ3,TSRYS5842943,D,S,T,2024-07-11,1000000.00,4.390443,99.95703125
08:00:34,91282CKZ3,TSRYS5842943,D,S,T,2024-07-11,1000000.00,4.390443,99.95703125
08:00:34,91282CKZ3,TSRYS5842943,D,S,T,2024-07-11,1000000.00,4.389741,99.958984375
08:00:34,91282CKZ3,TSRYS5842943,D,S,T,2024-07-11,1000000.00,4.391848,99.953125
08:00:34,91282CKZ3,TSRYS5842943,D,S,T,2024-07-11,1000000.00,4.393252,99.94921875
08:00:34,91282CKZ3,TSRYS5842943,D,S,T,2024-07-11,1000000.00,4.393252,99.94921875
08:00:34,91282CKZ3,TSRYS5842943,D,S,T,2024-07-11,1000000.00,4.393252,99.94921875
08:00:34,91282CKZ3,TSRYS5842943,D,S,T,2024-07-11,1000000.00,4.393954,99.947265625
08:00:34,91282CKZ3,TSRYS5842943,D,S,T,2024-07-11,1000000.00,4.393252,99.94921875
08:00:34,91282CKZ3,TSRYS5842943,D,S,T,2024-07-11,1000000.00,4.393252,99.94921875
08:00:34,91282CKZ3,TSRYS5842943,D,S,T,2024-07-11,1000000.00,4.393252,99.94921875
08:00:34,91282CKZ3,TSRYS5842943,D,S,T,2024-07-11,1000000.00,4.393954,99.947265625
08:00:34,91282CKZ3,TSRYS5842943,D,S,T,2024-07-11,1000000.00,4.393252,99.94921875
08:00:34,91282CKZ3,TSRYS5842943,D,S,T,2024-07-11,1000000.00,4.393252,99.94921875
08:00:34,91282CKZ3,TSRYS5842943,D,S,T,2024-07-11,1000000.00,4.393252,99.94921875
08:00:34,91282CKZ3,TSRYS5842943,D,S,T,2024-07-11,1000000.00,4.393252,99.94921875
08:00:34,91282CKZ3,TSRYS5842943,D,S,T,2024-07-11,3000000.00,4.393252,99.94921875
08:00:34,91282CKZ3,TSRYS5842943,D,S,T,2024-07-11,3000000.00,4.393252,99.94921875
08:00:34,91282CKZ3,TSRYS5842943,D,S,T,2024-07-11,2000000.00,4.393252,99.94921875
08:00:34,91282CKZ3,TSRYS5842943,D,S,T,2024-07-11,2000000.00,4.393252,99.94921875
08:00:34,91282CKZ3,TSRYS5842943,D,S,T,2024-07-11,3000000.00,4.393252,99.94921875
08:00:34,91282CKZ3,TSRYS5842943,D,S,T,2024-07-11,1000000.00,4.393252,99.94921875
08:00:34,91282CKZ3,TSRYS5842943,D,S,T,2024-07-11,1000000.00,4.393252,99.94921875
08:00:34,91282CKZ3,TSRYS5842943,D,S,T,2024-07-11,1000000.00,4.391848,99.953125
08:00:34,91282CKZ3,TSRYS5842943,D,S,T,2024-07-11,2000000.00,4.393252,99.94921875
08:00:34,91282CKZ3,TSRYS5842943,D,S,T,2024-07-11,1000000.00,4.393252,99.94921875
08:00:34,91282CKZ3,TSRYS5842943,D,S,T,2024-07-11,1000000.00,4.393252,99.94921875
08:00:34,91282CKZ3,TSRYS5842943,D,S,T,2024-07-11,2000000.00,4.393252,99.94921875
08:00:34,91282CKZ3,TSRYS5842943,D,S,T,2024-07-11,1000000.00,4.393252,99.94921875
08:00:34,91282CKZ3,TSRYS5842943,D,S,T,2024-07-11,4000000.00,4.393252,99.94921875
08:00:34,91282CKZ3,TSRYS5842943,D,S,T,2024-07-11,4000000.00,4.393252,99.94921875
08:00:34,91282CKZ3,TSRYS5842943,D,S,T,2024-07-11,1000000.00,4.394656,99.9453125
08:00:34,91282CKZ3,TSRYS5842943,D,S,T,2024-07-11,1000000.00,4.396061,99.94140625
08:00:34,91282CKZ3,TSRYS5842943,D,S,T,2024-07-11,1000000.00,4.396061,99.94140625
08:00:34,91282CKZ3,TSRYS5842943,D,S,T,2024-07-11,2000000.00,4.396061,99.94140625
08:00:34,91282CKZ3,TSRYS5842943,D,S,T,2024-07-11,1000000.00,4.393252,99.94921875
08:00:34,91282CKZ3,TSRYS5842943,D,S,T,2024-07-11,1000000.00,4.391848,99.953125
08:00:34,91282CKZ3,TSRYS5842943,D,S,T,2024-07-11,1000000.00,4.391848,99.953125
08:00:34,91282CKZ3,TSRYS5842943,D,S,T,2024-07-11,1000000.00,4.391848,99.953125
08:00:34,91282CKZ3,TSRYS5842943,D,S,T,2024-07-11,1000000.00,4.391848,99.953125
08:00:34,91282CKZ3,TSRYS5842943,D,S,T,2024-07-11,1000000.00,4.391848,99.953125
08:00:34,91282CKZ3,TSRYS5842943,D,S,T,2024-07-11,1000000.00,4.391848,99.953125
08:00:34,91282CKZ3,TSRYS5842943,D,S,T,2024-07-11,1000000.00,4.391848,99.953125
08:00:34,91282CKZ3,TSRYS5842943,D,S,T,2024-07-11,1000000.00,4.391848,99.953125
08:00:34,91282CKZ3,TSRYS5842943,D,S,T,2024-07-11,2000000.00,4.39255,99.951171875
08:00:34,91282CKZ3,TSRYS5842943,D,S,T,2024-07-11,1000000.00,4.391848,99.953125
08:00:34,91282CKZ3,TSRYS5842943,D,S,T,2024-07-11,1000000.00,4.391848,99.953125
08:00:34,91282CKZ3,TSRYS5842943,D,S,T,2024-07-11,1000000.00,4.391848,99.953125
08:00:34,91282CKZ3,TSRYS5842943,D,S,T,2024-07-11,1000000.00,4.391848,99.953125
08:00:34,91282CKZ3,TSRYS5842943,D,S,T,2024-07-11,1000000.00,4.391848,99.953125
08:00:34,91282CKZ3,TSRYS5842943,D,S,T,2024-07-11,1000000.00,4.391848,99.953125
08:00:34,91282CKZ3,TSRYS5842943,D,S,T,2024-07-11,1000000.00,4.391848,99.953125
08:00:34,91282CKZ3,TSRYS5842943,D,S,T,2024-07-11,2000000.00,4.389741,99.958984375
08:00:34,91282CKZ3,TSRYS5842943,D,S,T,2024-07-11,1000000.00,4.389039,99.9609375
08:00:34,91282CKZ3,TSRYS5842943,D,S,T,2024-07-11,1000000.00,4.389039,99.9609375
08:00:34,91282CKZ3,TSRYS5842943,D,S,T,2024-07-11,2000000.00,4.39255,99.951171875
08:00:34,91282CKZ3,TSRYS5842943,D,S,T,2024-07-11,1000000.00,4.391848,99.953125
08:00:34,91282CKZ3,TSRYS5842943,D,S,T,2024-07-11,1000000.00,4.391848,99.953125
08:00:34,91282CKZ3,TSRYS5842943,D,S,T,2024-07-11,1000000.00,4.391848,99.953125
08:00:34,91282CKZ3,TSRYS5842943,D,S,T,2024-07-11,1000000.00,4.391848,99.953125
08:00:34,91282CKZ3,TSRYS5842943,D,S,T,2024-07-11,1000000.00,4.391848,99.953125
08:00:34,91282CKZ3,TSRYS5842943,D,S,T,2024-07-11,1000000.00,4.391848,99.953125
08:00:34,91282CKZ3,TSRYS5842943,D,S,T,2024-07-11,1000000.00,4.391848,99.953125
08:00:34,91282CKZ3,TSRYS5842943,D,S,T,2024-07-11,1000000.00,4.391145,99.955078125
08:00:34,91282CKZ3,TSRYS5842943,D,S,T,2024-07-11,2000000.00,4.390443,99.95703125
08:00:34,91282CKZ3,TSRYS5842943,D,S,T,2024-07-11,1000000.00,4.390443,99.95703125
08:00:34,91282CKZ3,TSRYS5842943,D,S,T,2024-07-11,1000000.00,4.390443,99.95703125
08:00:34,91282CKZ3,TSRYS5842943,D,S,T,2024-07-11,1000000.00,4.390443,99.95703125
08:00:34,91282CKZ3,TSRYS5842943,D,S,T,2024-07-11,1000000.00,4.391848,99.953125
08:00:34,91282CKZ3,TSRYS5842943,D,S,T,2024-07-11,1000000.00,4.391848,99.953125
08:00:34,91282CKZ3,TSRYS5842943,D,S,T,2024-07-11,8000000.00,4.391848,99.953125
08:00:34,91282CKZ3,TSRYS5842943,D,S,T,2024-07-11,2000000.00,4.391848,99.953125
08:00:34,91282CKZ3,TSRYS5842943,D,S,T,2024-07-11,2000000.00,4.391848,99.953125
08:00:34,91282CKZ3,TSRYS5842943,D,S,T,2024-07-11,2000000.00,4.391848,99.953125
08:00:34,91282CKZ3,TSRYS5842943,D,S,T,2024-07-11,2000000.00,4.391848,99.953125
08:00:34,91282CKZ3,TSRYS5842943,D,S,T,2024-07-11,1000000.00,4.391848,99.953125
08:00:34,91282CKZ3,TSRYS5842943,D,S,T,2024-07-11,8000000.00,4.391848,99.953125
08:00:34,91282CKZ3,TSRYS5842943,D,S,T,2024-07-11,6000000.00,4.391848,99.953125
08:00:34,91282CKZ3,TSRYS5842943,D,S,T,2024-07-11,1000000.00,4.391848,99.953125
08:00:34,91282CKZ3,TSRYS5842943,D,S,D,2024-07-11,3000000.00,4.391848,99.953125
08:00:34,91282CKZ3,TSRYS5842943,D,S,T,2024-07-11,2000000.00,4.391848,99.953125
08:00:34,91282CKZ3,TSRYS5842943,D,S,T,2024-07-11,1000000.00,4.391848,99.953125
08:00:34,91282CKZ3,TSRYS5842943,D,S,T,2024-07-11,1000000.00,4.391848,99.953125
08:00:34,91282CKZ3,TSRYS5842943,D,S,T,2024-07-11,1000000.00,4.391848,99.953125
08:00:34,91282CKZ3,TSRYS5842943,D,S,T,2024-07-11,2000000.00,4.391848,99.953125
08:00:34,91282CKZ3,TSRYS5842943,D,S,T,2024-07-11,1000000.00,4.393252,99.94921875
08:00:34,91282CKZ3,TSRYS5842943,D,S,T,2024-07-11,1000000.00,4.393252,99.94921875
08:00:34,91282CKZ3,TSRYS5842943,D,S,T,2024-07-11,2000000.00,4.393252,99.94921875
08:00:34,91282CKZ3,TSRYS5842943,D,S,T,2024-07-11,2000000.00,4.393252,99.94921875
08:00:34,91282CKZ3,TSRYS5842943,D,S,T,2024-07-11,2000000.00,4.393252,99.94921875
08:00:34,91282CKZ3,TSRYS5842943,D,S,T,2024-07-11,1000000.00,4.393252,99.94921875
08:00:34,91282CKZ3,TSRYS5842943,D,S,T,2024-07-11,1000000.00,4.393252,99.94921875
08:00:34,91282CKZ3,TSRYS5842943,D,S,T,2024-07-11,1000000.00,4.394656,99.9453125
08:00:34,91282CKZ3,TSRYS5842943,D,S,T,2024-07-11,1000000.00,4.394656,99.9453125
08:00:34,91282CKZ3,TSRYS5842943,D,S,T,2024-07-11,1000000.00,4.394656,99.9453125
08:00:34,91282CKZ3,TSRYS5842943,D,S,T,2024-07-11,1000000.00,4.393252,99.94921875
08:00:34,91282CKZ3,TSRYS5842943,D,S,T,2024-07-11,1000000.00,4.393252,99.94921875
08:00:34,91282CKZ3,TSRYS5842943,D,S,T,2024-07-11,1000000.00,4.396061,99.94140625
08:00:34,91282CKZ3,TSRYS5842943,D,S,T,2024-07-11,1000000.00,4.395359,99.943359375
08:00:34,91282CKZ3,TSRYS5842943,D,S,T,2024-07-11,1000000.00,4.396061,99.94140625
08:00:34,91282CKZ3,TSRYS5842943,D,S,T,2024-07-11,2000000.00,4.396061,99.94140625
08:00:34,91282CKZ3,TSRYS5842943,D,S,T,2024-07-11,1000000.00,4.396061,99.94140625
08:00:34,91282CKZ3,TSRYS5842943,D,S,T,2024-07-11,1000000.00,4.397466,99.9375
08:00:34,91282CKZ3,TSRYS5842943,D,S,T,2024-07-11,1000000.00,4.397466,99.9375
08:00:34,91282CKZ3,TSRYS5842943,D,S,T,2024-07-11,1000000.00,4.397466,99.9375
08:00:34,91282CKZ3,TSRYS5842943,D,S,T,2024-07-11,2000000.00,4.397466,99.9375
08:00:34,91282CKZ3,TSRYS5842943,D,S,T,2024-07-11,1000000.00,4.397466,99.9375
08:00:34,91282CKZ3,TSRYS5842943,D,S,T,2024-07-11,1000000.00,4.397466,99.9375
08:00:34,91282CKZ3,TSRYS5842943,D,S,T,2024-07-11,3000000.00,4.397466,99.9375
08:00:34,91282CKZ3,TSRYS5842943,D,S,T,2024-07-11,1000000.00,4.397466,99.9375
08:00:34,91282CKZ3,TSRYS5842943,D,S,T,2024-07-11,1000000.00,4.397466,99.9375
08:00:34,91282CKZ3,TSRYS5842943,D,S,T,2024-07-11,1000000.00,4.396763,99.939453125
08:00:34,91282CKZ3,TSRYS5842943,D,S,T,2024-07-11,2000000.00,4.396763,99.939453125
08:00:34,91282CKZ3,TSRYS5842943,D,S,T,2024-07-11,1000000.00,4.396763,99.939453125
08:00:34,91282CKZ3,TSRYS5842943,D,S,D,2024-07-11,1000000.00,4.391848,99.953125
08:00:34,91282CKZ3,TSRYS5842943,D,S,D,2024-07-11,1000000.00,4.391848,99.953125
08:00:38,91282CKZ3,TSRYS5842943,D,S,D,2024-07-11,1000000.00,4.400275,99.9296875
08:00:38,91282CKZ3,TSRYS5842943,D,S,D,2024-07-11,1000000.00,4.400977,99.927734375
08:00:38,91282CKZ3,TSRYS5842943,D,S,D,2024-07-11,2000000.00,4.400275,99.9296875
08:00:38,91282CKZ3,TSRYS5842943,D,S,D,2024-07-11,2000000.00,4.400275,99.9296875
08:00:38,91282CKZ3,TSRYS5842943,D,S,D,2024-07-11,2000000.00,4.400275,99.9296875
08:00:38,91282CKZ3,TSRYS5842943,D,S,D,2024-07-11,2000000.00,4.400275,99.9296875
08:00:38,91282CKZ3,TSRYS5842943,D,S,D,2024-07-11,2000000.00,4.400275,99.9296875
08:00:38,91282CKZ3,TSRYS5842943,D,S,D,2024-07-11,2000000.00,4.400275,99.9296875
08:00:38,91282CKZ3,TSRYS5842943,D,S,D,2024-07-11,2000000.00,4.400275,99.9296875
08:00:38,91282CKZ3,TSRYS5842943,D,S,D,2024-07-11,2000000.00,4.400275,99.9296875
08:00:38,91282CKZ3,TSRYS5842943,D,S,D,2024-07-11,2000000.00,4.400275,99.9296875
08:00:38,91282CKZ3,TSRYS5842943,D,S,D,2024-07-11,1000000.00,4.400275,99.9296875
08:00:38,91282CKZ3,TSRYS5842943,D,S,D,2024-07-11,1000000.00,4.400275,99.9296875
08:00:38,91282CKZ3,TSRYS5842943,D,S,D,2024-07-11,1000000.00,4.400275,99.9296875
08:00:38,91282CKZ3,TSRYS5842943,D,S,D,2024-07-11,2000000.00,4.400275,99.9296875
08:00:38,91282CKZ3,TSRYS5842943,D,S,D,2024-07-11,2000000.00,4.400275,99.9296875
08:00:38,91282CKZ3,TSRYS5842943,D,S,D,2024-07-11,2000000.00,4.400275,99.9296875
08:00:38,91282CKZ3,TSRYS5842943,D,B,A,2024-07-11,10000000.00,4.394656,99.9453125
08:00:38,91282CKZ3,TSRYS5842943,D,S,A,2024-07-11,250000000.00,4.394656,99.9453125
08:00:38,91282CKZ3,TSRYS5842943,D,S,D,2024-07-11,2000000.00,4.40449,99.91796875
08:00:38,91282CKZ3,TSRYS5842943,D,S,A,2024-07-11,10000000.00,4.39887,99.93359375
08:00:38,91282CKZ3,TSRYS5842943,D,S,A,2024-07-11,20000000.00,4.40168,99.92578125
08:00:38,91282CKZ3,TSRYS5842943,D,S,A,2024-07-11,5000000.00,4.400275,99.9296875
08:00:38,91282CKZ3,TSRYS5842943,D,S,T,2024-07-11,1000000.00,4.40449,99.91796875
08:00:38,91282CKZ3,TSRYS5842943,D,B,A,2024-07-11,1000000.00,4.394656,99.9453125
08:00:38,91282CKZ3,TSRYS5842943,D,S,T,2024-07-11,1000000.00,4.394656,99.9453125
08:00:38,91282CKZ3,TSRYS5842943,D,B,A,2024-07-11,1000000.00,4.394656,99.9453125
08:00:38,91282CKZ3,TSRYS5842943,D,S,T,2024-07-11,1000000.00,4.394656,99.9453125
08:00:38,91282CKZ3,TSRYS5842943,D,S,A,2024-07-11,5000000.00,4.391848,99.953125
08:00:38,91282CKZ3,TSRYS5842943,D,S,A,2024-07-11,3000000.00,4.390443,99.95703125
08:00:38,91282CKZ3,TSRYS5842943,D,S,A,2024-07-11,2000000.00,4.391145,99.955078125
08:00:38,91282CKZ3,TSRYS5842943,D,S,C,2024-07-11,50000000.00,4.390443,99.95703125
08:00:38,91282CKZ3,TSRYS5842943,D,S,A,2024-07-11,5000000.00,4.390443,99.95703125
08:00:38,91282CKZ3,TSRYS5842943,D,S,A,2024-07-11,3000000.00,4.390443,99.95703125
08:00:38,91282CKZ3,TSRYS5842943,D,S,A,2024-07-11,3000000.00,4.390443,99.95703125
08:00:38,91282CKZ3,TSRYS5842943,D,S,T,2024-07-11,1000000.00,4.393252,99.94921875
08:00:38,91282CKZ3,TSRYS5842943,D,S,A,2024-07-11,4000000.00,4.391848,99.953125
08:00:38,91282CKZ3,TSRYS5842943,D,S,A,2024-07-11,1000000.00,4.39255,99.951171875
08:00:38,91282CKZ3,TSRYS5842943,D,S,T,2024-07-11,1000000.00,4.393252,99.94921875
08:00:38,91282CKZ3,TSRYS5842943,D,S,T,2024-07-11,1000000.00,4.391848,99.953125
08:00:38,91282CKZ3,TSRYS5842943,D,S,D,2024-07-11,250MM+,4.392421,99.95153
08:00:38,91282CKZ3,TSRYS5842943,D,B,A,2024-07-11,10067000.00,4.393252,99.94921875
08:00:38,91282CKZ3,TSRYS5842943,D,S,T,2024-07-11,1000000.00,4.396061,99.94140625
08:00:38,91282CKZ3,TSRYS5842943,D,S,T,2024-07-11,1000000.00,4.396061,99.94140625
08:00:38,91282CKZ3,TSRYS5842943,D,S,T,2024-07-11,1000000.00,4.396061,99.94140625
08:00:38,91282CKZ3,TSRYS5842943,D,S,T,2024-07-11,1000000.00,4.396061,99.94140625
08:00:38,91282CKZ3,TSRYS5842943,D,S,T,2024-07-11,1000000.00,4.396061,99.94140625
08:00:38,91282CKZ3,TSRYS5842943,D,S,T,2024-07-11,1000000.00,4.396061,99.94140625
08:00:38,91282CKZ3,TSRYS5842943,D,S,T,2024-07-11,1000000.00,4.396061,99.94140625
08:00:38,91282CKZ3,TSRYS5842943,D,S,T,2024-07-11,1000000.00,4.396061,99.94140625
08:00:38,91282CKZ3,TSRYS5842943,D,S,T,2024-07-11,2000000.00,4.396061,99.94140625
08:00:38,91282CKZ3,TSRYS5842943,D,S,T,2024-07-11,1000000.00,4.396061,99.94140625
08:00:38,91282CKZ3,TSRYS5842943,D,S,T,2024-07-11,1000000.00,4.396061,99.94140625
08:00:38,91282CKZ3,TSRYS5842943,D,S,T,2024-07-11,2000000.00,4.396061,99.94140625
08:00:38,91282CKZ3,TSRYS5842943,D,S,T,2024-07-11,5000000.00,4.396061,99.94140625
08:00:38,91282CKZ3,TSRYS5842943,D,S,T,2024-07-11,4000000.00,4.396061,99.94140625
08:00:38,91282CKZ3,TSRYS5842943,D,S,T,2024-07-11,1000000.00,4.396061,99.94140625
08:00:38,91282CKZ3,TSRYS5842943,D,S,T,2024-07-11,1000000.00,4.396061,99.94140625
08:00:38,91282CKZ3,TSRYS5842943,D,S,T,2024-07-11,3000000.00,4.396061,99.94140625
08:00:38,91282CKZ3,TSRYS5842943,D,S,T,2024-07-11,1000000.00,4.396061,99.94140625
08:00:38,91282CKZ3,TSRYS5842943,D,S,T,2024-07-11,1000000.00,4.396061,99.94140625
08:00:38,91282CKZ3,TSRYS5842943,D,S,T,2024-07-11,1000000.00,4.396061,99.94140625
08:00:38,91282CKZ3,TSRYS5842943,D,S,T,2024-07-11,1000000.00,4.396061,99.94140625
08:00:38,91282CKZ3,TSRYS5842943,D,S,T,2024-07-11,1000000.00,4.396061,99.94140625
08:00:38,91282CKZ3,TSRYS5842943,D,S,T,2024-07-11,1000000.00,4.396061,99.94140625
08:00:38,91282CKZ3,TSRYS5842943,D,S,T,2024-07-11,1000000.00,4.396061,99.94140625
08:00:38,91282CKZ3,TSRYS5842943,D,S,T,2024-07-11,1000000.00,4.396061,99.94140625
08:00:38,91282CKZ3,TSRYS5842943,D,S,T,2024-07-11,1000000.00,4.396061,99.94140625
08:00:38,91282CKZ3,TSRYS5842943,D,S,T,2024-07-11,1000000.00,4.396061,99.94140625
08:00:38,91282CKZ3,TSRYS5842943,D,S,T,2024-07-11,4000000.00,4.396061,99.94140625
08:00:38,91282CKZ3,TSRYS5842943,D,S,T,2024-07-11,1000000.00,4.396061,99.94140625
08:00:38,91282CKZ3,TSRYS5842943,D,S,T,2024-07-11,1000000.00,4.396061,99.94140625
08:00:38,91282CKZ3,TSRYS5842943,D,S,T,2024-07-11,1000000.00,4.396061,99.94140625
08:00:38,91282CKZ3,TSRYS5842943,D,S,T,2024-07-11,1000000.00,4.396061,99.94140625
08:00:38,91282CKZ3,TSRYS5842943,D,S,T,2024-07-11,1000000.00,4.396061,99.94140625
08:00:38,91282CKZ3,TSRYS5842943,D,S,T,2024-07-11,1000000.00,4.396061,99.94140625
08:00:38,91282CKZ3,TSRYS5842943,D,S,T,2024-07-11,1000000.00,4.396061,99.94140625
08:00:38,91282CKZ3,TSRYS5842943,D,S,T,2024-07-11,1000000.00,4.396061,99.94140625
08:00:38,91282CKZ3,TSRYS5842943,D,S,T,2024-07-11,2000000.00,4.396061,99.94140625
08:00:38,91282CKZ3,TSRYS5842943,D,S,T,2024-07-11,1000000.00,4.396061,99.94140625
08:00:38,91282CKZ3,TSRYS5842943,D,S,T,2024-07-11,3000000.00,4.396061,99.94140625
08:00:38,91282CKZ3,TSRYS5842943,D,S,T,2024-07-11,2000000.00,4.396061,99.94140625
08:00:38,91282CKZ3,TSRYS5842943,D,S,T,2024-07-11,1000000.00,4.396061,99.94140625
08:00:38,91282CKZ3,TSRYS5842943,D,S,T,2024-07-11,1000000.00,4.396061,99.94140625
08:00:38,91282CKZ3,TSRYS5842943,D,S,T,2024-07-11,3000000.00,4.396061,99.94140625
08:00:38,91282CKZ3,TSRYS5842943,D,S,T,2024-07-11,1000000.00,4.396061,99.94140625
08:00:38,91282CKZ3,TSRYS5842943,D,S,T,2024-07-11,1000000.00,4.396061,99.94140625
08:00:38,91282CKZ3,TSRYS5842943,D,S,T,2024-07-11,1000000.00,4.396061,99.94140625
08:00:38,91282CKZ3,TSRYS5842943,D,S,T,2024-07-11,1000000.00,4.396061,99.94140625
08:00:38,91282CKZ3,TSRYS5842943,D,S,T,2024-07-11,1000000.00,4.396061,99.94140625
08:00:38,91282CKZ3,TSRYS5842943,D,S,T,2024-07-11,1000000.00,4.396061,99.94140625
08:00:38,91282CKZ3,TSRYS5842943,D,S,T,2024-07-11,1000000.00,4.396061,99.94140625
08:00:38,91282CKZ3,TSRYS5842943,D,S,T,2024-07-11,1000000.00,4.396061,99.94140625
08:00:38,91282CKZ3,TSRYS5842943,D,S,T,2024-07-11,1000000.00,4.396061,99.94140625
08:00:38,91282CKZ3,TSRYS5842943,D,S,T,2024-07-11,4000000.00,4.396061,99.94140625
08:00:38,91282CKZ3,TSRYS5842943,D,S,T,2024-07-11,1000000.00,4.396061,99.94140625
08:00:38,91282CKZ3,TSRYS5842943,D,S,T,2024-07-11,1000000.00,4.396061,99.94140625
08:00:38,91282CKZ3,TSRYS5842943,D,S,T,2024-07-11,1000000.00,4.396061,99.94140625
08:00:38,91282CKZ3,TSRYS5842943,D,S,T,2024-07-11,1000000.00,4.396061,99.94140625
08:00:38,91282CKZ3,TSRYS5842943,D,S,T,2024-07-11,1000000.00,4.396061,99.94140625
08:00:38,91282CKZ3,TSRYS5842943,D,S,T,2024-07-11,1000000.00,4.396061,99.94140625
08:00:38,91282CKZ3,TSRYS5842943,D,S,T,2024-07-11,1000000.00,4.396061,99.94140625
08:00:38,91282CKZ3,TSRYS5842943,D,S,T,2024-07-11,1000000.00,4.396061,99.94140625
08:00:38,91282CKZ3,TSRYS5842943,D,S,T,2024-07-11,1000000.00,4.396061,99.94140625
08:00:38,91282CKZ3,TSRYS5842943,D,S,T,2024-07-11,2000000.00,4.396061,99.94140625
08:00:38,91282CKZ3,TSRYS5842943,D,S,T,2024-07-11,1000000.00,4.396061,99.94140625
08:00:38,91282CKZ3,TSRYS5842943,D,S,T,2024-07-11,1000000.00,4.396061,99.94140625
08:00:38,91282CKZ3,TSRYS5842943,D,S,T,2024-07-11,3000000.00,4.396061,99.94140625
08:00:38,91282CKZ3,TSRYS5842943,D,S,T,2024-07-11,3000000.00,4.396061,99.94140625
08:00:38,91282CKZ3,TSRYS5842943,D,S,T,2024-07-11,5000000.00,4.396061,99.94140625
08:00:38,91282CKZ3,TSRYS5842943,D,S,T,2024-07-11,2000000.00,4.396061,99.94140625
08:00:38,91282CKZ3,TSRYS5842943,D,S,T,2024-07-11,1000000.00,4.396061,99.94140625
08:00:38,91282CKZ3,TSRYS5842943,D,S,D,2024-07-11,1000000.00,4.396061,99.94140625
08:00:38,91282CKZ3,TSRYS5842943,D,S,T,2024-07-11,1000000.00,4.396061,99.94140625
08:00:38,91282CKZ3,TSRYS5842943,D,S,T,2024-07-11,3000000.00,4.396061,99.94140625
08:00:38,91282CKZ3,TSRYS5842943,D,S,T,2024-07-11,3000000.00,4.396061,99.94140625
08:00:38,91282CKZ3,TSRYS5842943,D,S,T,2024-07-11,1000000.00,4.396061,99.94140625
08:00:38,91282CKZ3,TSRYS5842943,D,S,T,2024-07-11,1000000.00,4.396061,99.94140625
08:00:38,91282CKZ3,TSRYS5842943,D,S,T,2024-07-11,1000000.00,4.396061,99.94140625
08:00:38,91282CKZ3,TSRYS5842943,D,S,T,2024-07-11,1000000.00,4.396061,99.94140625
08:00:38,91282CKZ3,TSRYS5842943,D,S,T,2024-07-11,1000000.00,4.396061,99.94140625
08:00:38,91282CKZ3,TSRYS5842943,D,S,T,2024-07-11,1000000.00,4.396061,99.94140625
08:00:38,91282CKZ3,TSRYS5842943,D,S,T,2024-07-11,1000000.00,4.396061,99.94140625
08:00:38,91282CKZ3,TSRYS5842943,D,S,T,2024-07-11,1000000.00,4.396061,99.94140625
08:00:38,91282CKZ3,TSRYS5842943,D,S,T,2024-07-11,1000000.00,4.396061,99.94140625
08:00:38,91282CKZ3,TSRYS5842943,D,S,T,2024-07-11,1000000.00,4.396061,99.94140625
08:00:38,91282CKZ3,TSRYS5842943,D,S,T,2024-07-11,5000000.00,4.396061,99.94140625
08:00:38,91282CKZ3,TSRYS5842943,D,S,T,2024-07-11,1000000.00,4.396061,99.94140625
08:00:38,91282CKZ3,TSRYS5842943,D,S,T,2024-07-11,1000000.00,4.396061,99.94140625
08:00:38,91282CKZ3,TSRYS5842943,D,S,T,2024-07-11,1000000.00,4.396061,99.94140625
08:00:38,91282CKZ3,TSRYS5842943,D,S,T,2024-07-11,1000000.00,4.396061,99.94140625
08:00:38,91282CKZ3,TSRYS5842943,D,S,T,2024-07-11,1000000.00,4.396061,99.94140625
08:00:38,91282CKZ3,TSRYS5842943,D,S,T,2024-07-11,1000000.00,4.396061,99.94140625
08:00:38,91282CKZ3,TSRYS5842943,D,S,T,2024-07-11,1000000.00,4.396061,99.94140625
08:00:38,91282CKZ3,TSRYS5842943,D,S,T,2024-07-11,1000000.00,4.396061,99.94140625
08:00:38,91282CKZ3,TSRYS5842943,D,S,T,2024-07-11,1000000.00,4.396061,99.94140625
08:00:38,91282CKZ3,TSRYS5842943,D,S,T,2024-07-11,1000000.00,4.396061,99.94140625
08:00:38,91282CKZ3,TSRYS5842943,D,S,T,2024-07-11,1000000.00,4.396061,99.94140625
08:00:38,91282CKZ3,TSRYS5842943,D,S,T,2024-07-11,1000000.00,4.396061,99.94140625
08:00:38,91282CKZ3,TSRYS5842943,D,S,T,2024-07-11,1000000.00,4.396061,99.94140625
08:00:38,91282CKZ3,TSRYS5842943,D,S,T,2024-07-11,1000000.00,4.396061,99.94140625
08:00:38,91282CKZ3,TSRYS5842943,D,S,T,2024-07-11,5000000.00,4.396061,99.94140625
08:00:38,91282CKZ3,TSRYS5842943,D,S,T,2024-07-11,1000000.00,4.396061,99.94140625
08:00:38,91282CKZ3,TSRYS5842943,D,S,T,2024-07-11,1000000.00,4.396061,99.94140625
08:00:38,91282CKZ3,TSRYS5842943,D,S,T,2024-07-11,1000000.00,4.396061,99.94140625
08:00:38,91282CKZ3,TSRYS5842943,D,S,T,2024-07-11,1000000.00,4.396061,99.94140625
08:00:38,91282CKZ3,TSRYS5842943,D,S,T,2024-07-11,1000000.00,4.396061,99.94140625
08:00:38,91282CKZ3,TSRYS5842943,D,S,T,2024-07-11,1000000.00,4.396061,99.94140625
08:00:38,91282CKZ3,TSRYS5842943,D,S,T,2024-07-11,1000000.00,4.396061,99.94140625
08:00:38,91282CKZ3,TSRYS5842943,D,S,T,2024-07-11,1000000.00,4.396061,99.94140625
08:00:38,91282CKZ3,TSRYS5842943,D,S,T,2024-07-11,1000000.00,4.396061,99.94140625
08:00:38,91282CKZ3,TSRYS5842943,D,S,T,2024-07-11,1000000.00,4.396061,99.94140625
08:00:38,91282CKZ3,TSRYS5842943,D,S,T,2024-07-11,1000000.00,4.396061,99.94140625
08:00:38,91282CKZ3,TSRYS5842943,D,S,T,2024-07-11,1000000.00,4.396061,99.94140625
08:00:38,91282CKZ3,TSRYS5842943,D,S,T,2024-07-11,1000000.00,4.396061,99.94140625
08:00:38,91282CKZ3,TSRYS5842943,D,S,T,2024-07-11,2000000.00,4.396061,99.94140625
08:00:38,91282CKZ3,TSRYS5842943,D,S,T,2024-07-11,1000000.00,4.396061,99.94140625
08:00:38,91282CKZ3,TSRYS5842943,D,S,T,2024-07-11,1000000.00,4.396061,99.94140625
08:00:38,91282CKZ3,TSRYS5842943,D,S,T,2024-07-11,1000000.00,4.396061,99.94140625
08:00:38,91282CKZ3,TSRYS5842943,D,S,T,2024-07-11,1000000.00,4.396061,99.94140625
08:00:38,91282CKZ3,TSRYS5842943,D,S,T,2024-07-11,2000000.00,4.396061,99.94140625
08:00:38,91282CKZ3,TSRYS5842943,D,S,T,2024-07-11,1000000.00,4.396061,99.94140625
08:00:38,91282CKZ3,TSRYS5842943,D,S,T,2024-07-11,1000000.00,4.396061,99.94140625
08:00:38,91282CKZ3,TSRYS5842943,D,S,T,2024-07-11,3000000.00,4.396061,99.94140625
08:00:38,91282CKZ3,TSRYS5842943,D,S,T,2024-07-11,4000000.00,4.396061,99.94140625
08:00:38,91282CKZ3,TSRYS5842943,D,S,T,2024-07-11,1000000.00,4.396061,99.94140625
08:00:38,91282CKZ3,TSRYS5842943,D,S,T,2024-07-11,1000000.00,4.396061,99.94140625
08:00:41,91282CKZ3,TSRYS5842943,D,S,T,2024-07-11,1000000.00,4.393252,99.94921875
08:00:41,91282CKZ3,TSRYS5842943,D,S,T,2024-07-11,1000000.00,4.393252,99.94921875
08:00:42,91282CKZ3,TSRYS5842943,D,S,D,2024-07-11,1000000.00,4.397466,99.9375
08:00:42,91282CKZ3,TSRYS5842943,D,S,D,2024-07-11,1000000.00,4.399573,99.931640625
08:00:43,91282CKZ3,TSRYS5842943,D,B,A,2024-07-11,5000000.00,4.400275,99.9296875
08:00:43,91282CKZ3,TSRYS5842943,D,S,T,2024-07-11,1000000.00,4.397466,99.9375
08:00:43,91282CKZ3,TSRYS5842943,D,S,T,2024-07-11,1000000.00,4.397466,99.9375
08:00:43,91282CKZ3,TSRYS5842943,D,S,T,2024-07-11,1000000.00,4.397466,99.9375
08:00:43,91282CKZ3,TSRYS5842943,D,S,D,2024-07-11,1000000.00,4.39887,99.93359375
08:00:43,91282CKZ3,TSRYS5842943,D,S,D,2024-07-11,1000000.00,4.39887,99.93359375
08:00:43,91282CKZ3,TSRYS5842943,D,S,D,2024-07-11,1000000.00,4.397466,99.9375
08:00:44,91282CKZ3,TSRYS5842943,D,S,T,2024-07-11,1000000.00,4.39887,99.93359375
08:00:44,91282CKZ3,TSRYS5842943,D,S,T,2024-07-11,1000000.00,4.39887,99.93359375
08:00:44,91282CKZ3,TSRYS5842943,D,S,D,2024-07-11,1000000.00,4.398168,99.935546875
08:00:45,91282CKZ3,TSRYS5842943,D,S,D,2024-07-11,1000000.00,4.391848,99.953125
08:00:45,91282CKZ3,TSRYS5842943,D,S,D,2024-07-11,1000000.00,4.391848,99.953125
08:00:45,91282CKZ3,TSRYS5842943,D,S,D,2024-07-11,1000000.00,4.393252,99.94921875
08:00:45,91282CKZ3,TSRYS5842943,D,S,D,2024-07-11,1000000.00,4.39255,99.951171875
08:00:45,91282CKZ3,TSRYS5842943,D,S,D,2024-07-11,1000000.00,4.39255,99.951171875
08:00:45,91282CKZ3,TSRYS5842943,D,S,D,2024-07-11,1000000.00,4.391848,99.953125
08:00:45,91282CKZ3,TSRYS5842943,D,S,D,2024-07-11,1000000.00,4.391848,99.953125
08:00:45,91282CKZ3,TSRYS5842943,D,S,D,2024-07-11,1000000.00,4.391848,99.953125
08:00:45,91282CKZ3,TSRYS5842943,D,S,D,2024-07-11,1000000.00,4.391848,99.953125
08:00:46,91282CKZ3,TSRYS5842943,D,S,D,2024-07-11,1000000.00,4.391145,99.955078125
08:00:46,91282CKZ3,TSRYS5842943,D,S,D,2024-07-11,1000000.00,4.391848,99.953125
08:00:46,91282CKZ3,TSRYS5842943,D,S,D,2024-07-11,2000000.00,4.390443,99.95703125
08:00:47,91282CKZ3,TSRYS5842943,D,S,D,2024-07-11,1000000.00,4.391848,99.953125
08:00:48,91282CKZ3,TSRYS5842943,D,S,T,2024-07-11,24500000.00,4.375,100.0
08:00:48,91282CKZ3,TSRYS5842943,D,S,T,2024-07-11,49100000.00,4.375,100.0
08:00:48,91282CKZ3,TSRYS5842943,D,S,D,2024-07-11,1000000.00,4.391848,99.953125
08:00:48,91282CKZ3,TSRYS5842943,D,S,D,2024-07-11,1000000.00,4.391848,99.953125
08:00:49,91282CKZ3,TSRYS5842943,D,S,D,2024-07-11,1000000.00,4.393252,99.94921875
08:00:51,91282CKZ3,TSRYS5842943,D,S,D,2024-07-11,1000000.00,4.391848,99.953125
08:00:51,91282CKZ3,TSRYS5842943,D,S,D,2024-07-11,1000000.00,4.391848,99.953125
08:00:51,91282CKZ3,TSRYS5842943,D,S,D,2024-07-11,1000000.00,4.391848,99.953125
08:00:51,91282CKZ3,TSRYS5842943,D,S,D,2024-07-11,1000000.00,4.391848,99.953125
08:00:51,91282CKZ3,TSRYS5842943,D,S,D,2024-07-11,1000000.00,4.391848,99.953125
08:00:51,91282CKZ3,TSRYS5842943,D,S,D,2024-07-11,1000000.00,4.391848,99.953125
08:00:51,91282CKZ3,TSRYS5842943,D,S,D,2024-07-11,1000000.00,4.391848,99.953125
08:00:51,91282CKZ3,TSRYS5842943,D,S,D,2024-07-11,1000000.00,4.391848,99.953125
08:00:51,91282CKZ3,TSRYS5842943,D,S,D,2024-07-11,1000000.00,4.391145,99.955078125
08:00:52,91282CKZ3,TSRYS5842943,D,S,T,2024-07-11,1000000.00,4.40168,99.92578125
08:00:53,91282CKZ3,TSRYS5842943,D,S,D,2024-07-11,1000000.00,4.39255,99.951171875
08:00:53,91282CKZ3,TSRYS5842943,D,S,D,2024-07-11,1000000.00,4.39255,99.951171875
08:00:53,91282CKZ3,TSRYS5842943,D,S,D,2024-07-11,1000000.00,4.39255,99.951171875
08:00:53,91282CKZ3,TSRYS5842943,D,S,D,2024-07-11,2000000.00,4.40449,99.91796875
08:00:53,91282CKZ3,TSRYS5842943,D,S,D,2024-07-11,2000000.00,4.391848,99.953125
08:00:53,91282CKZ3,TSRYS5842943,D,S,D,2024-07-11,1000000.00,4.391848,99.953125
08:00:53,91282CKZ3,TSRYS5842943,D,S,D,2024-07-11,1000000.00,4.391848,99.953125
08:00:53,91282CKZ3,TSRYS5842943,D,S,T,2024-07-11,1000000.00,4.397466,99.9375
08:00:54,91282CKZ3,TSRYS5842943,D,S,T,2024-07-11,1000000.00,4.39887,99.93359375
08:00:54,91282CKZ3,TSRYS5842943,D,S,T,2024-07-11,1000000.00,4.39887,99.93359375
08:00:54,91282CKZ3,TSRYS5842943,D,S,D,2024-07-11,2000000.00,4.391848,99.953125
08:00:54,91282CKZ3,TSRYS5842943,D,S,D,2024-07-11,1000000.00,4.391848,99.953125
08:00:54,91282CKZ3,TSRYS5842943,D,S,D,2024-07-11,1000000.00,4.391848,99.953125
08:00:54,91282CKZ3,TSRYS5842943,D,S,D,2024-07-11,2000000.00,4.391848,99.953125
08:00:54,91282CKZ3,TSRYS5842943,D,S,D,2024-07-11,1000000.00,4.391848,99.953125
08:00:54,91282CKZ3,TSRYS5842943,D,S,D,2024-07-11,5000000.00,4.391848,99.953125
08:00:54,91282CKZ3,TSRYS5842943,D,S,D,2024-07-11,2000000.00,4.391848,99.953125
08:00:54,91282CKZ3,TSRYS5842943,D,S,D,2024-07-11,2000000.00,4.390443,99.95703125
08:00:54,91282CKZ3,TSRYS5842943,D,S,D,2024-07-11,1000000.00,4.390443,99.95703125
08:00:54,91282CKZ3,TSRYS5842943,D,S,D,2024-07-11,2000000.00,4.391848,99.953125
08:00:54,91282CKZ3,TSRYS5842943,D,S,D,2024-07-11,2000000.00,4.391848,99.953125
08:00:54,91282CKZ3,TSRYS5842943,D,S,D,2024-07-11,1000000.00,4.391848,99.953125
08:00:54,91282CKZ3,TSRYS5842943,D,S,D,2024-07-11,3000000.00,4.391848,99.953125
08:00:55,91282CKZ3,TSRYS5842943,D,S,D,2024-07-11,1000000.00,4.391848,99.953125
08:00:55,91282CKZ3,TSRYS5842943,D,S,D,2024-07-11,2000000.00,4.391848,99.953125
08:00:55,91282CKZ3,TSRYS5842943,D,S,D,2024-07-11,1000000.00,4.391848,99.953125
08:00:55,91282CKZ3,TSRYS5842943,D,S,D,2024-07-11,2000000.00,4.391848,99.953125
08:00:55,91282CKZ3,TSRYS5842943,D,S,D,2024-07-11,1000000.00,4.391848,99.953125
08:00:55,91282CKZ3,TSRYS5842943,D,S,D,2024-07-11,1000000.00,4.391848,99.953125
08:00:55,91282CKZ3,TSRYS5842943,D,S,D,2024-07-11,1000000.00,4.391848,99.953125
08:00:55,91282CKZ3,TSRYS5842943,D,S,D,2024-07-11,1000000.00,4.391145,99.955078125
08:00:56,91282CKZ3,TSRYS5842943,D,S,D,2024-07-11,5000000.00,4.391848,99.953125
08:00:56,91282CKZ3,TSRYS5842943,D,S,D,2024-07-11,3000000.00,4.391145,99.955078125
08:00:56,91282CKZ3,TSRYS5842943,D,S,D,2024-07-11,7000000.00,4.391848,99.953125
08:00:56,91282CKZ3,TSRYS5842943,D,S,D,2024-07-11,5000000.00,4.391848,99.953125
08:00:56,91282CKZ3,TSRYS5842943,D,S,D,2024-07-11,2000000.00,4.391848,99.953125
08:00:56,91282CKZ3,TSRYS5842943,D,S,D,2024-07-11,2000000.00,4.391848,99.953125
08:00:56,91282CKZ3,TSRYS5842943,D,S,D,2024-07-11,2000000.00,4.391848,99.953125
08:00:56,91282CKZ3,TSRYS5842943,D,S,D,2024-07-11,2000000.00,4.391848,99.953125
08:00:57,91282CKZ3,TSRYS5842943,D,S,D,2024-07-11,1000000.00,4.391848,99.953125
08:00:57,91282CKZ3,TSRYS5842943,D,S,D,2024-07-11,1000000.00,4.391848,99.953125
08:00:57,91282CKZ3,TSRYS5842943,D,S,D,2024-07-11,1000000.00,4.391848,99.953125
08:00:57,91282CKZ3,TSRYS5842943,D,S,D,2024-07-11,1000000.00,4.391848,99.953125
08:00:57,91282CKZ3,TSRYS5842943,D,S,D,2024-07-11,1000000.00,4.391848,99.953125
08:00:57,91282CKZ3,TSRYS5842943,D,S,D,2024-07-11,1000000.00,4.391848,99.953125
08:00:57,91282CKZ3,TSRYS5842943,D,S,D,2024-07-11,1000000.00,4.391848,99.953125
08:00:57,91282CKZ3,TSRYS5842943,D,S,D,2024-07-11,1000000.00,4.391848,99.953125
08:00:57,91282CKZ3,TSRYS5842943,D,S,D,2024-07-11,1000000.00,4.391848,99.953125
08:00:57,91282CKZ3,TSRYS5842943,D,S,D,2024-07-11,1000000.00,4.391848,99.953125
08:00:58,91282CKZ3,TSRYS5842943,D,S,T,2024-07-11,1000000.00,4.390479,99.95693125
08:00:58,91282CKZ3,TSRYS5842943,D,S,T,2024-07-11,1000000.00,4.390479,99.95693125
08:00:58,91282CKZ3,TSRYS5842943,D,S,T,2024-07-11,14700000.00,4.375,100.0
08:00:58,91282CKZ3,TSRYS5842943,D,S,T,2024-07-11,9800000.00,4.375,100.0
08:00:58,91282CKZ3,TSRYS5842943,D,S,T,2024-07-11,39250000.00,4.375,100.0
08:00:58,91282CKZ3,TSRYS5842943,D,S,D,2024-07-11,3000000.00,4.393252,99.94921875
08:00:58,91282CKZ3,TSRYS5842943,D,S,D,2024-07-11,1000000.00,4.393252,99.94921875
08:00:58,91282CKZ3,TSRYS5842943,D,S,D,2024-07-11,1000000.00,4.393252,99.94921875
08:00:59,91282CKZ3,TSRYS5842943,D,B,A,2024-07-11,334000.00,4.40168,99.92578125
08:00:59,91282CKZ3,TSRYS5842943,D,B,C,2024-07-11,1000000.00,4.396061,99.94140625
08:00:59,91282CKZ3,TSRYS5842943,D,S,D,2024-07-11,1000000.00,4.393252,99.94921875
08:01:03,91282CKZ3,TSRYS5842943,D,S,D,2024-07-11,1000000.00,4.39255,99.951171875
08:01:03,91282CKZ3,TSRYS5842943,D,B,C,2024-07-11,1000000.00,4.39255,99.951171875
08:01:03,91282CKZ3,TSRYS5842943,D,S,C,2024-07-11,1000000.00,4.39255,99.951171875
08:01:03,91282CKZ3,TSRYS5842943,D,S,C,2024-07-11,1000000.00,4.39255,99.951171875
08:01:03,91282CKZ3,TSRYS5842943,D,B,C,2024-07-11,1000000.00,4.39255,99.951171875
08:01:03,91282CKZ3,TSRYS5842943,D,B,C,2024-07-11,1000000.00,4.39255,99.951171875
08:01:03,91282CKZ3,TSRYS5842943,D,S,C,2024-07-11,1000000.00,4.39255,99.951171875
08:01:03,91282CKZ3,TSRYS5842943,D,S,C,2024-07-11,8000000.00,4.39255,99.951171875
08:01:03,91282CKZ3,TSRYS5842943,D,B,C,2024-07-11,1000000.00,4.39255,99.951171875
08:01:03,91282CKZ3,TSRYS5842943,D,B,C,2024-07-11,4000000.00,4.39255,99.951171875
08:01:03,91282CKZ3,TSRYS5842943,D,S,C,2024-07-11,4000000.00,4.39255,99.951171875
08:01:03,91282CKZ3,TSRYS5842943,D,S,C,2024-07-11,4000000.00,4.39255,99.951171875
08:01:03,91282CKZ3,TSRYS5842943,D,S,C,2024-07-11,4000000.00,4.39255,99.951171875
08:01:03,91282CKZ3,TSRYS5842943,D,S,C,2024-07-11,1000000.00,4.39255,99.951171875
08:01:03,91282CKZ3,TSRYS5842943,D,B,C,2024-07-11,1000000.00,4.39255,99.951171875
08:01:03,91282CKZ3,TSRYS5842943,D,S,C,2024-07-11,1000000.00,4.39255,99.951171875
08:01:03,91282CKZ3,TSRYS5842943,D,B,C,2024-07-11,8000000.00,4.39255,99.951171875
08:01:03,91282CKZ3,TSRYS5842943,D,S,C,2024-07-11,1000000.00,4.39255,99.951171875
08:01:04,91282CKZ3,TSRYS5842943,D,B,C,2024-07-11,1000000.00,4.391848,99.953125
08:01:04,91282CKZ3,TSRYS5842943,D,S,C,2024-07-11,1000000.00,4.391145,99.955078125
08:01:04,91282CKZ3,TSRYS5842943,D,S,C,2024-07-11,1000000.00,4.391848,99.953125
08:01:04,91282CKZ3,TSRYS5842943,D,B,C,2024-07-11,1000000.00,4.391145,99.955078125
08:01:04,91282CKZ3,TSRYS5842943,D,S,C,2024-07-11,1000000.00,4.391145,99.955078125
08:01:04,91282CKZ3,TSRYS5842943,D,S,C,2024-07-11,1000000.00,4.391145,99.955078125
08:01:04,91282CKZ3,TSRYS5842943,D,B,C,2024-07-11,1000000.00,4.391145,99.955078125
08:01:04,91282CKZ3,TSRYS5842943,D,B,C,2024-07-11,1000000.00,4.391145,99.955078125
08:01:04,91282CKZ3,TSRYS5842943,D,S,C,2024-07-11,1000000.00,4.391145,99.955078125
08:01:04,91282CKZ3,TSRYS5842943,D,B,C,2024-07-11,1000000.00,4.391145,99.955078125
08:01:04,91282CKZ3,TSRYS5842943,D,B,C,2024-07-11,1000000.00,4.391145,99.955078125
08:01:04,91282CKZ3,TSRYS5842943,D,S,C,2024-07-11,1000000.00,4.391145,99.955078125
08:01:04,91282CKZ3,TSRYS5842943,D,S,D,2024-07-11,1000000.00,4.391145,99.955078125
08:01:04,91282CKZ3,TSRYS5842943,D,S,D,2024-07-11,1000000.00,4.391145,99.955078125
08:01:04,91282CKZ3,TSRYS5842943,D,B,C,2024-07-11,1000000.00,4.391145,99.955078125
08:01:04,91282CKZ3,TSRYS5842943,D,B,C,2024-07-11,1000000.00,4.391145,99.955078125
08:01:04,91282CKZ3,TSRYS5842943,D,B,C,2024-07-11,1000000.00,4.391145,99.955078125
08:01:04,91282CKZ3,TSRYS5842943,D,S,D,2024-07-11,1000000.00,4.391145,99.955078125
08:01:04,91282CKZ3,TSRYS5842943,D,S,D,2024-07-11,1000000.00,4.391145,99.955078125
08:01:04,91282CKZ3,TSRYS5842943,D,B,C,2024-07-11,1000000.00,4.391145,99.955078125
08:01:04,91282CKZ3,TSRYS5842943,D,S,C,2024-07-11,1000000.00,4.391145,99.955078125
08:01:04,91282CKZ3,TSRYS5842943,D,B,C,2024-07-11,1000000.00,4.391145,99.955078125
08:01:04,91282CKZ3,TSRYS5842943,D,B,C,2024-07-11,1000000.00,4.391848,99.953125
08:01:04,91282CKZ3,TSRYS5842943,D,S,D,2024-07-11,1000000.00,4.391848,99.953125
08:01:04,91282CKZ3,TSRYS5842943,D,S,D,2024-07-11,1000000.00,4.391848,99.953125
08:01:04,91282CKZ3,TSRYS5842943,D,B,C,2024-07-11,1000000.00,4.391848,99.953125
08:01:04,91282CKZ3,TSRYS5842943,D,S,C,2024-07-11,1000000.00,4.391848,99.953125
08:01:04,91282CKZ3,TSRYS5842943,D,B,C,2024-07-11,1000000.00,4.391848,99.953125
08:01:04,91282CKZ3,TSRYS5842943,D,S,C,2024-07-11,1000000.00,4.391848,99.953125
08:01:04,91282CKZ3,TSRYS5842943,D,B,C,2024-07-11,1000000.00,4.391848,99.953125
08:01:04,91282CKZ3,TSRYS5842943,D,S,D,2024-07-11,1000000.00,4.391848,99.953125
08:01:04,91282CKZ3,TSRYS5842943,D,B,C,2024-07-11,1000000.00,4.391848,99.953125
08:01:04,91282CKZ3,TSRYS5842943,D,B,C,2024-07-11,1000000.00,4.391848,99.953125
08:01:04,91282CKZ3,TSRYS5842943,D,S,D,2024-07-11,1000000.00,4.391848,99.953125
08:01:04,91282CKZ3,TSRYS5842943,D,B,C,2024-07-11,1000000.00,4.391848,99.953125
08:01:04,91282CKZ3,TSRYS5842943,D,S,D,2024-07-11,1000000.00,4.391848,99.953125
08:01:04,91282CKZ3,TSRYS5842943,D,B,C,2024-07-11,1000000.00,4.391848,99.953125
08:01:04,91282CKZ3,TSRYS5842943,D,S,D,2024-07-11,1000000.00,4.391848,99.953125
08:01:04,91282CKZ3,TSRYS5842943,D,S,C,2024-07-11,1000000.00,4.391848,99.953125
08:01:04,91282CKZ3,TSRYS5842943,D,S,C,2024-07-11,1000000.00,4.391145,99.955078125
08:01:04,91282CKZ3,TSRYS5842943,D,B,C,2024-07-11,1000000.00,4.391848,99.953125
08:01:04,91282CKZ3,TSRYS5842943,D,B,C,2024-07-11,1000000.00,4.391145,99.955078125
08:01:04,91282CKZ3,TSRYS5842943,D,S,D,2024-07-11,1000000.00,4.391145,99.955078125
08:01:04,91282CKZ3,TSRYS5842943,D,B,C,2024-07-11,1000000.00,4.391145,99.955078125
08:01:04,91282CKZ3,TSRYS5842943,D,S,D,2024-07-11,1000000.00,4.398168,99.935546875
08:01:04,91282CKZ3,TSRYS5842943,D,S,D,2024-07-11,2000000.00,4.398168,99.935546875
08:01:04,91282CKZ3,TSRYS5842943,D,S,D,2024-07-11,1000000.00,4.391145,99.955078125
08:01:04,91282CKZ3,TSRYS5842943,D,S,C,2024-07-11,1000000.00,4.391848,99.953125
08:01:04,91282CKZ3,TSRYS5842943,D,B,C,2024-07-11,1000000.00,4.391145,99.955078125
08:01:04,91282CKZ3,TSRYS5842943,D,B,C,2024-07-11,1000000.00,4.391848,99.953125
08:01:04,91282CKZ3,TSRYS5842943,D,B,C,2024-07-11,1000000.00,4.391145,99.955078125
08:01:04,91282CKZ3,TSRYS5842943,D,S,D,2024-07-11,1000000.00,4.391145,99.955078125
08:01:04,91282CKZ3,TSRYS5842943,D,S,D,2024-07-11,1000000.00,4.391145,99.955078125
08:01:04,91282CKZ3,TSRYS5842943,D,B,C,2024-07-11,1000000.00,4.391145,99.955078125
08:01:04,91282CKZ3,TSRYS5842943,D,B,C,2024-07-11,1000000.00,4.391145,99.955078125
08:01:04,91282CKZ3,TSRYS5842943,D,S,D,2024-07-11,1000000.00,4.391145,99.955078125
08:01:04,91282CKZ3,TSRYS5842943,D,S,C,2024-07-11,1000000.00,4.391145,99.955078125
08:01:04,91282CKZ3,TSRYS5842943,D,B,C,2024-07-11,1000000.00,4.391145,99.955078125
08:01:04,91282CKZ3,TSRYS5842943,D,B,C,2024-07-11,1000000.00,4.391848,99.953125
08:01:04,91282CKZ3,TSRYS5842943,D,S,C,2024-07-11,1000000.00,4.391848,99.953125
08:01:04,91282CKZ3,TSRYS5842943,D,B,C,2024-07-11,1000000.00,4.39255,99.951171875
08:01:04,91282CKZ3,TSRYS5842943,D,S,D,2024-07-11,1000000.00,4.39255,99.951171875
08:01:04,91282CKZ3,TSRYS5842943,D,S,C,2024-07-11,1000000.00,4.393252,99.94921875
08:01:04,91282CKZ3,TSRYS5842943,D,S,C,2024-07-11,1000000.00,4.393252,99.94921875
08:01:04,91282CKZ3,TSRYS5842943,D,B,C,2024-07-11,1000000.00,4.393252,99.94921875
08:01:04,91282CKZ3,TSRYS5842943,D,B,C,2024-07-11,1000000.00,4.393252,99.94921875
08:01:04,91282CKZ3,TSRYS5842943,D,B,C,2024-07-11,1000000.00,4.393954,99.947265625
08:01:04,91282CKZ3,TSRYS5842943,D,S,C,2024-07-11,1000000.00,4.393954,99.947265625
08:01:04,91282CKZ3,TSRYS5842943,D,S,C,2024-07-11,1000000.00,4.393954,99.947265625
08:01:04,91282CKZ3,TSRYS5842943,D,B,C,2024-07-11,1000000.00,4.393954,99.947265625
08:01:04,91282CKZ3,TSRYS5842943,D,S,C,2024-07-11,1000000.00,4.393954,99.947265625
08:01:04,91282CKZ3,TSRYS5842943,D,B,C,2024-07-11,1000000.00,4.393954,99.947265625
08:01:04,91282CKZ3,TSRYS5842943,D,S,C,2024-07-11,1000000.00,4.393954,99.947265625
08:01:04,91282CKZ3,TSRYS5842943,D,B,C,2024-07-11,1000000.00,4.393954,99.947265625
08:01:04,91282CKZ3,TSRYS5842943,D,S,D,2024-07-11,1000000.00,4.393954,99.947265625
08:01:04,91282CKZ3,TSRYS5842943,D,B,C,2024-07-11,1000000.00,4.393954,99.947265625
08:01:04,91282CKZ3,TSRYS5842943,D,B,C,2024-07-11,1000000.00,4.393252,99.94921875
08:01:04,91282CKZ3,TSRYS5842943,D,B,C,2024-07-11,1000000.00,4.393252,99.94921875
08:01:04,91282CKZ3,TSRYS5842943,D,S,D,2024-07-11,1000000.00,4.393252,99.94921875
08:01:04,91282CKZ3,TSRYS5842943,D,S,C,2024-07-11,1000000.00,4.393252,99.94921875
08:01:04,91282CKZ3,TSRYS5842943,D,S,C,2024-07-11,1000000.00,4.393252,99.94921875
08:01:04,91282CKZ3,TSRYS5842943,D,B,C,2024-07-11,1000000.00,4.393252,99.94921875
08:01:04,91282CKZ3,TSRYS5842943,D,B,C,2024-07-11,1000000.00,4.393252,99.94921875
08:01:04,91282CKZ3,TSRYS5842943,D,S,C,2024-07-11,1000000.00,4.393252,99.94921875
08:01:04,91282CKZ3,TSRYS5842943,D,B,C,2024-07-11,1000000.00,4.393252,99.94921875
08:01:04,91282CKZ3,TSRYS5842943,D,S,C,2024-07-11,1000000.00,4.393252,99.94921875
08:01:04,91282CKZ3,TSRYS5842943,D,S,C,2024-07-11,1000000.00,4.393252,99.94921875
08:01:04,91282CKZ3,TSRYS5842943,D,B,C,2024-07-11,1000000.00,4.393252,99.94921875
08:01:04,91282CKZ3,TSRYS5842943,D,B,C,2024-07-11,1000000.00,4.393252,99.94921875
08:01:04,91282CKZ3,TSRYS5842943,D,S,C,2024-07-11,1000000.00,4.393252,99.94921875
08:01:04,91282CKZ3,TSRYS5842943,D,S,C,2024-07-11,1000000.00,4.393252,99.94921875
08:01:04,91282CKZ3,TSRYS5842943,D,B,C,2024-07-11,1000000.00,4.393252,99.94921875
08:01:04,91282CKZ3,TSRYS5842943,D,S,C,2024-07-11,1000000.00,4.393252,99.94921875
08:01:04,91282CKZ3,TSRYS5842943,D,B,C,2024-07-11,1000000.00,4.393252,99.94921875
08:01:04,91282CKZ3,TSRYS5842943,D,B,C,2024-07-11,1000000.00,4.393252,99.94921875
08:01:04,91282CKZ3,TSRYS5842943,D,S,D,2024-07-11,1000000.00,4.393252,99.94921875
08:01:04,91282CKZ3,TSRYS5842943,D,B,C,2024-07-11,1000000.00,4.393252,99.94921875
08:01:04,91282CKZ3,TSRYS5842943,D,S,C,2024-07-11,1000000.00,4.393252,99.94921875
08:01:04,91282CKZ3,TSRYS5842943,D,S,D,2024-07-11,1000000.00,4.39255,99.951171875
08:01:04,91282CKZ3,TSRYS5842943,D,B,C,2024-07-11,1000000.00,4.39255,99.951171875
08:01:04,91282CKZ3,TSRYS5842943,D,B,C,2024-07-11,1000000.00,4.393252,99.94921875
08:01:04,91282CKZ3,TSRYS5842943,D,S,C,2024-07-11,1000000.00,4.393252,99.94921875
08:01:04,91282CKZ3,TSRYS5842943,D,B,C,2024-07-11,1000000.00,4.391848,99.953125
08:01:04,91282CKZ3,TSRYS5842943,D,S,C,2024-07-11,1000000.00,4.391848,99.953125
08:01:05,91282CKZ3,TSRYS5842943,D,S,C,2024-07-11,1000000.00,4.393954,99.947265625
08:01:05,91282CKZ3,TSRYS5842943,D,S,C,2024-07-11,1000000.00,4.396061,99.94140625
08:01:05,91282CKZ3,TSRYS5842943,D,S,C,2024-07-11,1000000.00,4.396061,99.94140625
08:01:05,91282CKZ3,TSRYS5842943,D,S,D,2024-07-11,1000000.00,4.397466,99.9375
08:01:05,91282CKZ3,TSRYS5842943,D,B,C,2024-07-11,1000000.00,4.397466,99.9375
08:01:05,91282CKZ3,TSRYS5842943,D,S,D,2024-07-11,1000000.00,4.396763,99.939453125
08:01:05,91282CKZ3,TSRYS5842943,D,B,C,2024-07-11,1000000.00,4.396763,99.939453125
08:01:05,91282CKZ3,TSRYS5842943,D,S,C,2024-07-11,1000000.00,4.396763,99.939453125
08:01:05,91282CKZ3,TSRYS5842943,D,S,C,2024-07-11,1000000.00,4.400275,99.9296875
08:01:05,91282CKZ3,TSRYS5842943,D,B,C,2024-07-11,1000000.00,4.400275,99.9296875
08:01:05,91282CKZ3,TSRYS5842943,D,S,C,2024-07-11,2000000.00,4.400275,99.9296875
08:01:05,91282CKZ3,TSRYS5842943,D,S,C,2024-07-11,5000000.00,4.400275,99.9296875
08:01:05,91282CKZ3,TSRYS5842943,D,B,C,2024-07-11,5000000.00,4.400275,99.9296875
08:01:05,91282CKZ3,TSRYS5842943,D,S,D,2024-07-11,1000000.00,4.399573,99.931640625
08:01:05,91282CKZ3,TSRYS5842943,D,B,C,2024-07-11,1000000.00,4.399573,99.931640625
08:01:05,91282CKZ3,TSRYS5842943,D,S,C,2024-07-11,1000000.00,4.400275,99.9296875
08:01:05,91282CKZ3,TSRYS5842943,D,B,C,2024-07-11,1000000.00,4.400275,99.9296875
08:01:05,91282CKZ3,TSRYS5842943,D,B,C,2024-07-11,1000000.00,4.399573,99.931640625
08:01:05,91282CKZ3,TSRYS5842943,D,S,C,2024-07-11,1000000.00,4.399573,99.931640625
08:01:05,91282CKZ3,TSRYS5842943,D,B,C,2024-07-11,1000000.00,4.399573,99.931640625
08:01:05,91282CKZ3,TSRYS5842943,D,S,D,2024-07-11,1000000.00,4.399573,99.931640625
08:01:05,91282CKZ3,TSRYS5842943,D,S,D,2024-07-11,1000000.00,4.399573,99.931640625
08:01:05,91282CKZ3,TSRYS5842943,D,S,D,2024-07-11,1000000.00,4.400275,99.9296875
08:01:05,91282CKZ3,TSRYS5842943,D,B,C,2024-07-11,1000000.00,4.399573,99.931640625
08:01:05,91282CKZ3,TSRYS5842943,D,B,C,2024-07-11,1000000.00,4.400275,99.9296875
08:01:05,91282CKZ3,TSRYS5842943,D,S,C,2024-07-11,1000000.00,4.399573,99.931640625
08:01:05,91282CKZ3,TSRYS5842943,D,B,C,2024-07-11,1000000.00,4.399573,99.931640625
08:01:05,91282CKZ3,TSRYS5842943,D,S,C,2024-07-11,1000000.00,4.398168,99.935546875
08:01:05,91282CKZ3,TSRYS5842943,D,B,C,2024-07-11,1000000.00,4.398168,99.935546875
08:01:05,91282CKZ3,TSRYS5842943,D,S,C,2024-07-11,1000000.00,4.398168,99.935546875
08:01:05,91282CKZ3,TSRYS5842943,D,S,C,2024-07-11,1000000.00,4.398168,99.935546875
08:01:05,91282CKZ3,TSRYS5842943,D,B,C,2024-07-11,1000000.00,4.398168,99.935546875
08:01:05,91282CKZ3,TSRYS5842943,D,B,C,2024-07-11,1000000.00,4.398168,99.935546875
08:01:05,91282CKZ3,TSRYS5842943,D,B,C,2024-07-11,1000000.00,4.398168,99.935546875
08:01:05,91282CKZ3,TSRYS5842943,D,S,D,2024-07-11,1000000.00,4.39887,99.93359375
08:01:05,91282CKZ3,TSRYS5842943,D,S,C,2024-07-11,1000000.00,4.398168,99.935546875
08:01:05,91282CKZ3,TSRYS5842943,D,S,C,2024-07-11,1000000.00,4.398168,99.935546875
08:01:05,91282CKZ3,TSRYS5842943,D,B,C,2024-07-11,1000000.00,4.39887,99.93359375
08:01:05,91282CKZ3,TSRYS5842943,D,S,D,2024-07-11,1000000.00,4.398168,99.935546875
08:01:05,91282CKZ3,TSRYS5842943,D,B,C,2024-07-11,1000000.00,4.398168,99.935546875
08:01:05,91282CKZ3,TSRYS5842943,D,S,D,2024-07-11,1000000.00,4.398168,99.935546875
08:01:05,91282CKZ3,TSRYS5842943,D,B,C,2024-07-11,1000000.00,4.398168,99.935546875
08:01:05,91282CKZ3,TSRYS5842943,D,S,D,2024-07-11,1000000.00,4.397466,99.9375
08:01:05,91282CKZ3,TSRYS5842943,D,B,C,2024-07-11,1000000.00,4.398168,99.935546875
08:01:05,91282CKZ3,TSRYS5842943,D,B,C,2024-07-11,1000000.00,4.397466,99.9375
08:01:05,91282CKZ3,TSRYS5842943,D,B,C,2024-07-11,1000000.00,4.396763,99.939453125
08:01:05,91282CKZ3,TSRYS5842943,D,S,C,2024-07-11,1000000.00,4.396763,99.939453125
08:01:05,91282CKZ3,TSRYS5842943,D,S,C,2024-07-11,1000000.00,4.396763,99.939453125
08:01:05,91282CKZ3,TSRYS5842943,D,B,C,2024-07-11,1000000.00,4.396763,99.939453125
08:01:05,91282CKZ3,TSRYS5842943,D,S,C,2024-07-11,1000000.00,4.396763,99.939453125
08:01:05,91282CKZ3,TSRYS5842943,D,B,C,2024-07-11,1000000.00,4.396763,99.939453125
08:01:05,91282CKZ3,TSRYS5842943,D,B,C,2024-07-11,1000000.00,4.397466,99.9375
08:01:05,91282CKZ3,TSRYS5842943,D,S,D,2024-07-11,1000000.00,4.397466,99.9375
08:01:05,91282CKZ3,TSRYS5842943,D,B,C,2024-07-11,245400000.00,4.375,100.0
08:01:05,91282CKZ3,TSRYS5842943,D,B,C,2024-07-11,1000000.00,4.397466,99.9375
08:01:05,91282CKZ3,TSRYS5842943,D,S,C,2024-07-11,1000000.00,4.397466,99.9375
08:01:05,91282CKZ3,TSRYS5842943,D,B,C,2024-07-11,1000000.00,4.397466,99.9375
08:01:05,91282CKZ3,TSRYS5842943,D,S,C,2024-07-11,1000000.00,4.397466,99.9375
08:01:05,91282CKZ3,TSRYS5842943,D,B,C,2024-07-11,2000000.00,4.397466,99.9375
08:01:05,91282CKZ3,TSRYS5842943,D,S,D,2024-07-11,2000000.00,4.397466,99.9375
08:01:06,91282CKZ3,TSRYS5842943,D,S,A,2024-07-11,10000000.00,4.40168,99.92578125
08:01:06,91282CKZ3,TSRYS5842943,D,S,D,2024-07-11,1000000.00,4.391848,99.953125
08:01:06,91282CKZ3,TSRYS5842943,D,S,D,2024-07-11,1000000.00,4.391848,99.953125
08:01:06,91282CKZ3,TSRYS5842943,D,B,C,2024-07-11,1000000.00,4.391848,99.953125
08:01:06,91282CKZ3,TSRYS5842943,D,B,C,2024-07-11,1000000.00,4.391848,99.953125
08:01:06,91282CKZ3,TSRYS5842943,D,B,C,2024-07-11,1000000.00,4.391848,99.953125
08:01:06,91282CKZ3,TSRYS5842943,D,B,C,2024-07-11,1000000.00,4.391848,99.953125
08:01:06,91282CKZ3,TSRYS5842943,D,S,C,2024-07-11,1000000.00,4.391848,99.953125
08:01:06,91282CKZ3,TSRYS5842943,D,S,C,2024-07-11,1000000.00,4.391848,99.953125
08:01:06,91282CKZ3,TSRYS5842943,D,S,C,2024-07-11,1000000.00,4.391848,99.953125
08:01:06,91282CKZ3,TSRYS5842943,D,B,C,2024-07-11,1000000.00,4.391848,99.953125
08:01:06,91282CKZ3,TSRYS5842943,D,S,C,2024-07-11,1000000.00,4.394656,99.9453125
08:01:06,91282CKZ3,TSRYS5842943,D,S,T,2024-07-11,2000000.00,4.393252,99.94921875
08:01:06,91282CKZ3,TSRYS5842943,D,B,C,2024-07-11,1000000.00,4.394656,99.9453125
08:01:06,91282CKZ3,TSRYS5842943,D,S,D,2024-07-11,1000000.00,4.396061,99.94140625
08:01:06,91282CKZ3,TSRYS5842943,D,S,D,2024-07-11,1000000.00,4.396061,99.94140625
08:01:06,91282CKZ3,TSRYS5842943,D,S,D,2024-07-11,2000000.00,4.398168,99.935546875
08:01:06,91282CKZ3,TSRYS5842943,D,S,D,2024-07-11,2000000.00,4.398168,99.935546875
08:01:06,91282CKZ3,TSRYS5842943,D,S,D,2024-07-11,1000000.00,4.398168,99.935546875
08:01:06,91282CKZ3,TSRYS5842943,D,S,D,2024-07-11,2000000.00,4.398168,99.935546875
08:01:06,91282CKZ3,TSRYS5842943,D,S,D,2024-07-11,2000000.00,4.398168,99.935546875
08:01:06,91282CKZ3,TSRYS5842943,D,S,D,2024-07-11,1000000.00,4.398168,99.935546875
08:01:06,91282CKZ3,TSRYS5842943,D,S,D,2024-07-11,1000000.00,4.398168,99.935546875
08:01:06,91282CKZ3,TSRYS5842943,D,S,D,2024-07-11,1000000.00,4.398168,99.935546875
08:01:06,91282CKZ3,TSRYS5842943,D,S,T,2024-07-11,5000000.00,4.393252,99.94921875
08:01:06,91282CKZ3,TSRYS5842943,D,S,D,2024-07-11,2000000.00,4.398168,99.935546875
08:01:06,91282CKZ3,TSRYS5842943,D,S,D,2024-07-11,1000000.00,4.398168,99.935546875
08:01:06,91282CKZ3,TSRYS5842943,D,S,D,2024-07-11,2000000.00,4.398168,99.935546875
08:01:06,91282CKZ3,TSRYS5842943,D,S,D,2024-07-11,1000000.00,4.398168,99.935546875
08:01:06,91282CKZ3,TSRYS5842943,D,S,D,2024-07-11,1000000.00,4.397466,99.9375
08:01:06,91282CKZ3,TSRYS5842943,D,S,D,2024-07-11,2000000.00,4.397466,99.9375
08:01:06,91282CKZ3,TSRYS5842943,D,S,D,2024-07-11,1000000.00,4.397466,99.9375
08:01:06,91282CKZ3,TSRYS5842943,D,S,D,2024-07-11,2000000.00,4.397466,99.9375
08:01:06,91282CKZ3,TSRYS5842943,D,S,D,2024-07-11,2000000.00,4.397466,99.9375
08:01:06,91282CKZ3,TSRYS5842943,D,S,T,2024-07-11,2000000.00,4.393252,99.94921875
08:01:06,91282CKZ3,TSRYS5842943,D,S,T,2024-07-11,1000000.00,4.393252,99.94921875
08:01:06,91282CKZ3,TSRYS5842943,D,S,C,2024-07-11,1000000.00,4.39887,99.93359375
08:01:06,91282CKZ3,TSRYS5842943,D,B,C,2024-07-11,1000000.00,4.39887,99.93359375
08:01:06,91282CKZ3,TSRYS5842943,D,S,C,2024-07-11,1000000.00,4.400275,99.9296875
08:01:06,91282CKZ3,TSRYS5842943,D,B,C,2024-07-11,1000000.00,4.400275,99.9296875
08:01:06,91282CKZ3,TSRYS5842943,D,S,C,2024-07-11,1000000.00,4.400275,99.9296875
08:01:06,91282CKZ3,TSRYS5842943,D,B,C,2024-07-11,1000000.00,4.400275,99.9296875
08:01:06,91282CKZ3,TSRYS5842943,D,S,C,2024-07-11,1000000.00,4.400275,99.9296875
08:01:06,91282CKZ3,TSRYS5842943,D,B,C,2024-07-11,1000000.00,4.400275,99.9296875
08:01:06,91282CKZ3,TSRYS5842943,D,S,C,2024-07-11,1000000.00,4.400275,99.9296875
08:01:06,91282CKZ3,TSRYS5842943,D,B,C,2024-07-11,1000000.00,4.400275,99.9296875
08:01:06,91282CKZ3,TSRYS5842943,D,S,C,2024-07-11,1000000.00,4.400275,99.9296875
08:01:06,91282CKZ3,TSRYS5842943,D,S,C,2024-07-11,8000000.00,4.400275,99.9296875
08:01:06,91282CKZ3,TSRYS5842943,D,S,C,2024-07-11,1000000.00,4.400275,99.9296875
08:01:06,91282CKZ3,TSRYS5842943,D,S,C,2024-07-11,2000000.00,4.400275,99.9296875
08:01:06,91282CKZ3,TSRYS5842943,D,B,C,2024-07-11,2000000.00,4.400275,99.9296875
08:01:06,91282CKZ3,TSRYS5842943,D,S,C,2024-07-11,1000000.00,4.40168,99.92578125
08:01:06,91282CKZ3,TSRYS5842943,D,B,C,2024-07-11,1000000.00,4.40168,99.92578125
08:01:06,91282CKZ3,TSRYS5842943,D,S,D,2024-07-11,1000000.00,4.40168,99.92578125
08:01:06,91282CKZ3,TSRYS5842943,D,B,C,2024-07-11,1000000.00,4.400275,99.9296875
08:01:06,91282CKZ3,TSRYS5842943,D,S,C,2024-07-11,1000000.00,4.40168,99.92578125
08:01:06,91282CKZ3,TSRYS5842943,D,B,C,2024-07-11,1000000.00,4.40168,99.92578125
08:01:06,91282CKZ3,TSRYS5842943,D,B,C,2024-07-11,1000000.00,4.40168,99.92578125
08:01:06,91282CKZ3,TSRYS5842943,D,B,C,2024-07-11,1000000.00,4.40168,99.92578125
08:01:06,91282CKZ3,TSRYS5842943,D,S,C,2024-07-11,1000000.00,4.40168,99.92578125
08:01:06,91282CKZ3,TSRYS5842943,D,S,C,2024-07-11,1000000.00,4.40168,99.92578125
08:01:07,91282CKZ3,TSRYS5842943,D,B,C,2024-07-11,1000000.00,4.40168,99.92578125
08:01:07,91282CKZ3,TSRYS5842943,D,S,T,2024-07-11,2000000.00,4.391145,99.955078125
08:01:07,91282CKZ3,TSRYS5842943,D,S,D,2024-07-11,2000000.00,4.400275,99.9296875
08:01:07,91282CKZ3,TSRYS5842943,D,S,T,2024-07-11,2000000.00,4.391145,99.955078125
08:01:07,91282CKZ3,TSRYS5842943,D,S,D,2024-07-11,2000000.00,4.400275,99.9296875
08:01:07,91282CKZ3,TSRYS5842943,D,S,D,2024-07-11,2000000.00,4.400275,99.9296875
08:01:07,91282CKZ3,TSRYS5842943,D,S,D,2024-07-11,2000000.00,4.400275,99.9296875
08:01:07,91282CKZ3,TSRYS5842943,D,S,T,2024-07-11,2000000.00,4.391848,99.953125
08:01:07,91282CKZ3,TSRYS5842943,D,S,D,2024-07-11,2000000.00,4.400275,99.9296875
08:01:07,91282CKZ3,TSRYS5842943,D,S,D,2024-07-11,2000000.00,4.400275,99.9296875
08:01:07,91282CKZ3,TSRYS5842943,D,S,D,2024-07-11,2000000.00,4.400275,99.9296875
08:01:07,91282CKZ3,TSRYS5842943,D,S,T,2024-07-11,1000000.00,4.39255,99.951171875
08:01:07,91282CKZ3,TSRYS5842943,D,S,D,2024-07-11,2000000.00,4.400275,99.9296875
08:01:07,91282CKZ3,TSRYS5842943,D,S,T,2024-07-11,1000000.00,4.391848,99.953125
08:01:07,91282CKZ3,TSRYS5842943,D,S,D,2024-07-11,2000000.00,4.400275,99.9296875
08:01:07,91282CKZ3,TSRYS5842943,D,S,T,2024-07-11,1000000.00,4.391848,99.953125
08:01:07,91282CKZ3,TSRYS5842943,D,S,D,2024-07-11,2000000.00,4.400275,99.9296875
08:01:07,91282CKZ3,TSRYS5842943,D,S,D,2024-07-11,2000000.00,4.400275,99.9296875
08:01:07,91282CKZ3,TSRYS5842943,D,S,D,2024-07-11,2000000.00,4.400275,99.9296875
08:01:07,91282CKZ3,TSRYS5842943,D,S,D,2024-07-11,1000000.00,4.400275,99.9296875
08:01:07,91282CKZ3,TSRYS5842943,D,S,T,2024-07-11,2000000.00,4.391848,99.953125
08:01:07,91282CKZ3,TSRYS5842943,D,S,D,2024-07-11,1000000.00,4.400275,99.9296875
08:01:07,91282CKZ3,TSRYS5842943,D,S,D,2024-07-11,1000000.00,4.400275,99.9296875
08:01:07,91282CKZ3,TSRYS5842943,D,S,A,2024-07-11,21570100.00,4.390443,99.95703125
08:01:07,91282CKZ3,TSRYS5842943,D,S,T,2024-07-11,5000000.00,4.403085,99.921875
08:01:07,91282CKZ3,TSRYS5842943,D,S,T,2024-07-11,1000000.00,4.403121,99.921773
08:01:07,91282CKZ3,TSRYS5842943,D,S,T,2024-07-11,1000000.00,4.403121,99.921773
08:01:07,91282CKZ3,TSRYS5842943,D,S,D,2024-07-11,2000000.00,4.40449,99.91796875
08:01:07,91282CKZ3,TSRYS5842943,D,S,T,2024-07-11,3000000.00,4.403121,99.921773
08:01:07,91282CKZ3,TSRYS5842943,D,S,T,2024-07-11,1000000.00,4.403121,99.921773
08:01:07,91282CKZ3,TSRYS5842943,D,S,C,2024-07-11,1000000.00,4.403787,99.919921875
08:01:07,91282CKZ3,TSRYS5842943,D,B,C,2024-07-11,1000000.00,4.403787,99.919921875
08:01:07,91282CKZ3,TSRYS5842943,D,S,T,2024-07-11,1000000.00,4.403121,99.921773
08:01:07,91282CKZ3,TSRYS5842943,D,S,T,2024-07-11,1000000.00,4.403121,99.921773
08:01:08,91282CKZ3,TSRYS5842943,D,S,C,2024-07-11,1000000.00,4.398168,99.935546875
08:01:08,91282CKZ3,TSRYS5842943,D,S,C,2024-07-11,1000000.00,4.397466,99.9375
08:01:08,91282CKZ3,TSRYS5842943,D,S,C,2024-07-11,1000000.00,4.397466,99.9375
08:01:08,91282CKZ3,TSRYS5842943,D,B,C,2024-07-11,1000000.00,4.397466,99.9375
08:01:08,91282CKZ3,TSRYS5842943,D,B,C,2024-07-11,1000000.00,4.397466,99.9375
08:01:08,91282CKZ3,TSRYS5842943,D,B,C,2024-07-11,1000000.00,4.397466,99.9375
08:01:08,91282CKZ3,TSRYS5842943,D,S,C,2024-07-11,1000000.00,4.397466,99.9375
08:01:08,91282CKZ3,TSRYS5842943,D,S,C,2024-07-11,1000000.00,4.39887,99.93359375
08:01:08,91282CKZ3,TSRYS5842943,D,B,C,2024-07-11,1000000.00,4.397466,99.9375
08:01:08,91282CKZ3,TSRYS5842943,D,S,C,2024-07-11,1000000.00,4.397466,99.9375
08:01:08,91282CKZ3,TSRYS5842943,D,S,C,2024-07-11,1000000.00,4.397466,99.9375
08:01:08,91282CKZ3,TSRYS5842943,D,B,C,2024-07-11,1000000.00,4.397466,99.9375
08:01:08,91282CKZ3,TSRYS5842943,D,S,C,2024-07-11,1000000.00,4.397466,99.9375
08:01:08,91282CKZ3,TSRYS5842943,D,B,C,2024-07-11,1000000.00,4.397466,99.9375
08:01:08,91282CKZ3,TSRYS5842943,D,S,C,2024-07-11,1000000.00,4.397466,99.9375
08:01:08,91282CKZ3,TSRYS5842943,D,B,C,2024-07-11,1000000.00,4.397466,99.9375
08:01:08,91282CKZ3,TSRYS5842943,D,S,C,2024-07-11,1000000.00,4.397466,99.9375
08:01:08,91282CKZ3,TSRYS5842943,D,B,C,2024-07-11,1000000.00,4.397466,99.9375
08:01:08,91282CKZ3,TSRYS5842943,D,S,D,2024-07-11,1000000.00,4.397466,99.9375
08:01:08,91282CKZ3,TSRYS5842943,D,B,C,2024-07-11,1000000.00,4.397466,99.9375
08:01:08,91282CKZ3,TSRYS5842943,D,S,D,2024-07-11,1000000.00,4.397466,99.9375
08:01:08,91282CKZ3,TSRYS5842943,D,B,C,2024-07-11,1000000.00,4.397466,99.9375
08:01:08,91282CKZ3,TSRYS5842943,D,B,C,2024-07-11,1000000.00,4.397466,99.9375
08:01:08,91282CKZ3,TSRYS5842943,D,S,D,2024-07-11,1000000.00,4.397466,99.9375
08:01:08,91282CKZ3,TSRYS5842943,D,B,C,2024-07-11,1000000.00,4.399573,99.931640625
08:01:08,91282CKZ3,TSRYS5842943,D,S,C,2024-07-11,1000000.00,4.399573,99.931640625
08:01:08,91282CKZ3,TSRYS5842943,D,S,D,2024-07-11,1000000.00,4.399573,99.931640625
08:01:08,91282CKZ3,TSRYS5842943,D,B,C,2024-07-11,1000000.00,4.399573,99.931640625
08:01:08,91282CKZ3,TSRYS5842943,D,S,C,2024-07-11,1000000.00,4.399573,99.931640625
08:01:08,91282CKZ3,TSRYS5842943,D,B,C,2024-07-11,1000000.00,4.399573,99.931640625
08:01:08,91282CKZ3,TSRYS5842943,D,S,C,2024-07-11,1000000.00,4.399573,99.931640625
08:01:08,91282CKZ3,TSRYS5842943,D,B,C,2024-07-11,1000000.00,4.399573,99.931640625
08:01:08,91282CKZ3,TSRYS5842943,D,S,C,2024-07-11,1000000.00,4.39887,99.93359375
08:01:08,91282CKZ3,TSRYS5842943,D,S,C,2024-07-11,1000000.00,4.39887,99.93359375
08:01:08,91282CKZ3,TSRYS5842943,D,B,C,2024-07-11,1000000.00,4.397466,99.9375
08:01:08,91282CKZ3,TSRYS5842943,D,S,C,2024-07-11,1000000.00,4.397466,99.9375
08:01:08,91282CKZ3,TSRYS5842943,D,S,D,2024-07-11,1000000.00,4.396061,99.94140625
08:01:08,91282CKZ3,TSRYS5842943,D,S,D,2024-07-11,1000000.00,4.396763,99.939453125
08:01:08,91282CKZ3,TSRYS5842943,D,S,C,2024-07-11,1000000.00,4.397466,99.9375
08:01:08,91282CKZ3,TSRYS5842943,D,B,C,2024-07-11,1000000.00,4.393954,99.947265625
08:01:08,91282CKZ3,TSRYS5842943,D,S,C,2024-07-11,1000000.00,4.393954,99.947265625
08:01:08,91282CKZ3,TSRYS5842943,D,S,D,2024-07-11,1000000.00,4.391848,99.953125
08:01:08,91282CKZ3,TSRYS5842943,D,B,C,2024-07-11,1000000.00,4.391848,99.953125
08:01:08,91282CKZ3,TSRYS5842943,D,B,C,2024-07-11,1000000.00,4.391848,99.953125
08:01:08,91282CKZ3,TSRYS5842943,D,B,C,2024-07-11,1000000.00,4.391848,99.953125
08:01:08,91282CKZ3,TSRYS5842943,D,S,C,2024-07-11,1000000.00,4.391848,99.953125
08:01:09,91282CKZ3,TSRYS5842943,D,S,C,2024-07-11,1000000.00,4.391848,99.953125
08:01:09,91282CKZ3,TSRYS5842943,D,S,C,2024-07-11,1000000.00,4.391848,99.953125
08:01:09,91282CKZ3,TSRYS5842943,D,B,C,2024-07-11,1000000.00,4.391848,99.953125
08:01:09,91282CKZ3,TSRYS5842943,D,B,C,2024-07-11,1000000.00,4.391848,99.953125
08:01:09,91282CKZ3,TSRYS5842943,D,S,D,2024-07-11,1000000.00,4.391848,99.953125
08:01:09,91282CKZ3,TSRYS5842943,D,S,D,2024-07-11,1000000.00,4.391848,99.953125
08:01:09,91282CKZ3,TSRYS5842943,D,B,C,2024-07-11,1000000.00,4.391848,99.953125
08:01:09,91282CKZ3,TSRYS5842943,D,B,C,2024-07-11,1000000.00,4.391848,99.953125
08:01:09,91282CKZ3,TSRYS5842943,D,S,D,2024-07-11,1000000.00,4.391848,99.953125
08:01:09,91282CKZ3,TSRYS5842943,D,S,D,2024-07-11,1000000.00,4.393252,99.94921875
08:01:09,91282CKZ3,TSRYS5842943,D,B,C,2024-07-11,1000000.00,4.393252,99.94921875
08:01:09,91282CKZ3,TSRYS5842943,D,S,C,2024-07-11,1000000.00,4.393252,99.94921875
08:01:09,91282CKZ3,TSRYS5842943,D,B,C,2024-07-11,1000000.00,4.393252,99.94921875
08:01:09,91282CKZ3,TSRYS5842943,D,S,D,2024-07-11,1000000.00,4.39255,99.951171875
08:01:09,91282CKZ3,TSRYS5842943,D,S,C,2024-07-11,1000000.00,4.393252,99.94921875
08:01:09,91282CKZ3,TSRYS5842943,D,B,C,2024-07-11,1000000.00,4.393252,99.94921875
08:01:09,91282CKZ3,TSRYS5842943,D,S,C,2024-07-11,1000000.00,4.39255,99.951171875
08:01:09,91282CKZ3,TSRYS5842943,D,S,D,2024-07-11,1000000.00,4.39255,99.951171875
08:01:09,91282CKZ3,TSRYS5842943,D,S,D,2024-07-11,1000000.00,4.391848,99.953125
08:01:09,91282CKZ3,TSRYS5842943,D,B,C,2024-07-11,1000000.00,4.391848,99.953125
08:01:09,91282CKZ3,TSRYS5842943,D,B,C,2024-07-11,1000000.00,4.391848,99.953125
08:01:09,91282CKZ3,TSRYS5842943,D,S,C,2024-07-11,1000000.00,4.391848,99.953125
08:01:09,91282CKZ3,TSRYS5842943,D,S,D,2024-07-11,1000000.00,4.391848,99.953125
08:01:09,91282CKZ3,TSRYS5842943,D,B,C,2024-07-11,1000000.00,4.391848,99.953125
08:01:09,91282CKZ3,TSRYS5842943,D,B,C,2024-07-11,1000000.00,4.391848,99.953125
08:01:09,91282CKZ3,TSRYS5842943,D,S,C,2024-07-11,1000000.00,4.391848,99.953125
08:01:09,91282CKZ3,TSRYS5842943,D,S,C,2024-07-11,1000000.00,4.391848,99.953125
08:01:09,91282CKZ3,TSRYS5842943,D,B,C,2024-07-11,1000000.00,4.391848,99.953125
08:01:09,91282CKZ3,TSRYS5842943,D,S,D,2024-07-11,1000000.00,4.391848,99.953125
08:01:09,91282CKZ3,TSRYS5842943,D,B,C,2024-07-11,1000000.00,4.391848,99.953125
08:01:09,91282CKZ3,TSRYS5842943,D,S,D,2024-07-11,1000000.00,4.391848,99.953125
08:01:09,91282CKZ3,TSRYS5842943,D,B,C,2024-07-11,1000000.00,4.391848,99.953125
08:01:09,91282CKZ3,TSRYS5842943,D,S,D,2024-07-11,1000000.00,4.391145,99.955078125
08:01:09,91282CKZ3,TSRYS5842943,D,B,C,2024-07-11,1000000.00,4.391145,99.955078125
08:01:09,91282CKZ3,TSRYS5842943,D,S,D,2024-07-11,1000000.00,4.391848,99.953125
08:01:09,91282CKZ3,TSRYS5842943,D,S,C,2024-07-11,1000000.00,4.390443,99.95703125
08:01:09,91282CKZ3,TSRYS5842943,D,S,C,2024-07-11,2000000.00,4.390443,99.95703125
08:01:09,91282CKZ3,TSRYS5842943,D,B,C,2024-07-11,1000000.00,4.391145,99.955078125
08:01:09,91282CKZ3,TSRYS5842943,D,S,C,2024-07-11,1000000.00,4.391848,99.953125
08:01:09,91282CKZ3,TSRYS5842943,D,B,C,2024-07-11,1000000.00,4.391848,99.953125
08:01:09,91282CKZ3,TSRYS5842943,D,S,C,2024-07-11,1000000.00,4.391145,99.955078125
08:01:09,91282CKZ3,TSRYS5842943,D,B,C,2024-07-11,1000000.00,4.391145,99.955078125
08:01:09,91282CKZ3,TSRYS5842943,D,S,C,2024-07-11,1000000.00,4.391145,99.955078125
08:01:09,91282CKZ3,TSRYS5842943,D,B,C,2024-07-11,1000000.00,4.391145,99.955078125
08:01:09,91282CKZ3,TSRYS5842943,D,S,C,2024-07-11,1000000.00,4.391145,99.955078125
08:01:09,91282CKZ3,TSRYS5842943,D,B,C,2024-07-11,1000000.00,4.391848,99.953125
08:01:09,91282CKZ3,TSRYS5842943,D,S,C,2024-07-11,1000000.00,4.391848,99.953125
08:01:09,91282CKZ3,TSRYS5842943,D,B,C,2024-07-11,1000000.00,4.391848,99.953125
08:01:09,91282CKZ3,TSRYS5842943,D,S,D,2024-07-11,1000000.00,4.391848,99.953125
08:01:09,91282CKZ3,TSRYS5842943,D,S,C,2024-07-11,1000000.00,4.391848,99.953125
08:01:09,91282CKZ3,TSRYS5842943,D,B,C,2024-07-11,1000000.00,4.391848,99.953125
08:01:09,91282CKZ3,TSRYS5842943,D,S,C,2024-07-11,1000000.00,4.391848,99.953125
08:01:09,91282CKZ3,TSRYS5842943,D,B,C,2024-07-11,1000000.00,4.391848,99.953125
08:01:09,91282CKZ3,TSRYS5842943,D,B,C,2024-07-11,1000000.00,4.391848,99.953125
08:01:09,91282CKZ3,TSRYS5842943,D,S,C,2024-07-11,1000000.00,4.391848,99.953125
08:01:09,91282CKZ3,TSRYS5842943,D,B,C,2024-07-11,1000000.00,4.391848,99.953125
08:01:09,91282CKZ3,TSRYS5842943,D,S,C,2024-07-11,1000000.00,4.391848,99.953125
08:01:09,91282CKZ3,TSRYS5842943,D,B,C,2024-07-11,1000000.00,4.391848,99.953125
08:01:09,91282CKZ3,TSRYS5842943,D,B,C,2024-07-11,1000000.00,4.391848,99.953125
08:01:09,91282CKZ3,TSRYS5842943,D,S,C,2024-07-11,1000000.00,4.391848,99.953125
08:01:09,91282CKZ3,TSRYS5842943,D,S,D,2024-07-11,1000000.00,4.391848,99.953125
08:01:09,91282CKZ3,TSRYS5842943,D,B,C,2024-07-11,1000000.00,4.391848,99.953125
08:01:09,91282CKZ3,TSRYS5842943,D,S,D,2024-07-11,1000000.00,4.391848,99.953125
08:01:09,91282CKZ3,TSRYS5842943,D,S,D,2024-07-11,1000000.00,4.393252,99.94921875
08:01:10,91282CKZ3,TSRYS5842943,D,S,C,2024-07-11,5000000.00,4.391452,99.954225
08:01:10,91282CKZ3,TSRYS5842943,D,S,D,2024-07-11,1000000.00,4.393954,99.947265625
08:01:10,91282CKZ3,TSRYS5842943,D,B,C,2024-07-11,1000000.00,4.393954,99.947265625
08:01:10,91282CKZ3,TSRYS5842943,D,B,C,2024-07-11,1000000.00,4.391848,99.953125
08:01:10,91282CKZ3,TSRYS5842943,D,S,D,2024-07-11,1000000.00,4.391848,99.953125
08:01:10,91282CKZ3,TSRYS5842943,D,S,C,2024-07-11,1000000.00,4.391848,99.953125
08:01:10,91282CKZ3,TSRYS5842943,D,B,C,2024-07-11,1000000.00,4.391848,99.953125
08:01:10,91282CKZ3,TSRYS5842943,D,S,D,2024-07-11,1000000.00,4.391848,99.953125
08:01:10,91282CKZ3,TSRYS5842943,D,S,C,2024-07-11,1000000.00,4.391848,99.953125
08:01:10,91282CKZ3,TSRYS5842943,D,B,C,2024-07-11,1000000.00,4.391848,99.953125
08:01:10,91282CKZ3,TSRYS5842943,D,S,C,2024-07-11,9000000.00,4.391998,99.9527059
08:01:10,91282CKZ3,TSRYS5842943,D,B,C,2024-07-11,1000000.00,4.391848,99.953125
08:01:10,91282CKZ3,TSRYS5842943,D,S,C,2024-07-11,4000000.00,4.390883,99.9558079
08:01:10,91282CKZ3,TSRYS5842943,D,S,C,2024-07-11,4000000.00,4.396368,99.9405531
08:01:10,91282CKZ3,TSRYS5842943,D,S,C,2024-07-11,5000000.00,4.393559,99.9483656
08:01:10,91282CKZ3,TSRYS5842943,D,S,C,2024-07-11,5000000.00,4.39089,99.9557875
08:01:10,91282CKZ3,TSRYS5842943,D,B,C,2024-07-11,1000000.00,4.391848,99.953125
08:01:10,91282CKZ3,TSRYS5842943,D,S,C,2024-07-11,5000000.00,4.391452,99.954225
08:01:10,91282CKZ3,TSRYS5842943,D,S,C,2024-07-11,4000000.00,4.391803,99.9532484
08:01:10,91282CKZ3,TSRYS5842943,D,S,C,2024-07-11,1000000.00,4.391848,99.953125
08:01:10,91282CKZ3,TSRYS5842943,D,S,D,2024-07-11,1000000.00,4.391848,99.953125
08:01:10,91282CKZ3,TSRYS5842943,D,S,C,2024-07-11,5000000.00,4.39075,99.9561781
08:01:10,91282CKZ3,TSRYS5842943,D,S,C,2024-07-11,6000000.00,4.390048,99.9581313
08:01:10,91282CKZ3,TSRYS5842943,D,B,C,2024-07-11,1000000.00,4.391848,99.953125
08:01:10,91282CKZ3,TSRYS5842943,D,B,C,2024-07-11,1000000.00,4.391848,99.953125
08:01:10,91282CKZ3,TSRYS5842943,D,S,C,2024-07-11,1000000.00,4.391848,99.953125
08:01:10,91282CKZ3,TSRYS5842943,D,S,C,2024-07-11,1000000.00,4.391848,99.953125
08:01:10,91282CKZ3,TSRYS5842943,D,B,C,2024-07-11,1000000.00,4.391848,99.953125
08:01:10,91282CKZ3,TSRYS5842943,D,B,A,2024-07-11,1000000.00,4.39571,99.942382812
08:01:10,91282CKZ3,TSRYS5842943,D,B,C,2024-07-11,3750000.00,4.394206,99.9465656
08:01:10,91282CKZ3,TSRYS5842943,D,B,C,2024-07-11,1250000.00,4.394206,99.9465656
08:01:10,91282CKZ3,TSRYS5842943,D,B,C,2024-07-11,1000000.00,4.391848,99.953125
08:01:10,91282CKZ3,TSRYS5842943,D,S,C,2024-07-11,5000000.00,4.395525,99.9428969
08:01:10,91282CKZ3,TSRYS5842943,D,S,C,2024-07-11,1000000.00,4.391848,99.953125
08:01:10,91282CKZ3,TSRYS5842943,D,B,C,2024-07-11,1000000.00,4.391848,99.953125
08:01:10,91282CKZ3,TSRYS5842943,D,S,D,2024-07-11,1000000.00,4.391848,99.953125
08:01:10,91282CKZ3,TSRYS5842943,D,B,C,2024-07-11,1000000.00,4.391848,99.953125
08:01:10,91282CKZ3,TSRYS5842943,D,S,C,2024-07-11,1000000.00,4.391848,99.953125
08:01:10,91282CKZ3,TSRYS5842943,D,S,D,2024-07-11,1000000.00,4.391848,99.953125
08:01:10,91282CKZ3,TSRYS5842943,D,B,C,2024-07-11,1000000.00,4.391848,99.953125
08:01:10,91282CKZ3,TSRYS5842943,D,B,C,2024-07-11,1000000.00,4.391848,99.953125
08:01:10,91282CKZ3,TSRYS5842943,D,B,C,2024-07-11,1000000.00,4.391848,99.953125
08:01:10,91282CKZ3,TSRYS5842943,D,S,C,2024-07-11,1000000.00,4.391848,99.953125
08:01:10,91282CKZ3,TSRYS5842943,D,B,C,2024-07-11,1000000.00,4.391848,99.953125
08:01:10,91282CKZ3,TSRYS5842943,D,S,C,2024-07-11,1000000.00,4.391848,99.953125
08:01:10,91282CKZ3,TSRYS5842943,D,S,C,2024-07-11,1000000.00,4.391848,99.953125
08:01:10,91282CKZ3,TSRYS5842943,D,S,C,2024-07-11,1000000.00,4.391848,99.953125
08:01:10,91282CKZ3,TSRYS5842943,D,S,C,2024-07-11,1000000.00,4.391848,99.953125
08:01:10,91282CKZ3,TSRYS5842943,D,B,C,2024-07-11,1000000.00,4.391848,99.953125
08:01:10,91282CKZ3,TSRYS5842943,D,B,C,2024-07-11,1000000.00,4.391848,99.953125
08:01:10,91282CKZ3,TSRYS5842943,D,S,D,2024-07-11,1000000.00,4.391848,99.953125
08:01:10,91282CKZ3,TSRYS5842943,D,B,C,2024-07-11,1000000.00,4.391848,99.953125
08:01:10,91282CKZ3,TSRYS5842943,D,S,C,2024-07-11,1000000.00,4.391848,99.953125
08:01:10,91282CKZ3,TSRYS5842943,D,B,C,2024-07-11,1000000.00,4.39255,99.951171875
08:01:10,91282CKZ3,TSRYS5842943,D,B,C,2024-07-11,1000000.00,4.391848,99.953125
08:01:10,91282CKZ3,TSRYS5842943,D,S,C,2024-07-11,1000000.00,4.39255,99.951171875
08:01:10,91282CKZ3,TSRYS5842943,D,S,D,2024-07-11,1000000.00,4.391848,99.953125
08:01:10,91282CKZ3,TSRYS5842943,D,S,D,2024-07-11,1000000.00,4.391848,99.953125
08:01:10,91282CKZ3,TSRYS5842943,D,B,C,2024-07-11,1000000.00,4.391848,99.953125
08:01:10,91282CKZ3,TSRYS5842943,D,B,C,2024-07-11,1000000.00,4.391848,99.953125
08:01:10,91282CKZ3,TSRYS5842943,D,B,C,2024-07-11,1000000.00,4.391145,99.955078125
08:01:10,91282CKZ3,TSRYS5842943,D,S,D,2024-07-11,1000000.00,4.391145,99.955078125
08:01:10,91282CKZ3,TSRYS5842943,D,B,C,2024-07-11,3000000.00,4.39255,99.951171875
08:01:10,91282CKZ3,TSRYS5842943,D,S,C,2024-07-11,3000000.00,4.39255,99.951171875
08:01:10,91282CKZ3,TSRYS5842943,D,B,C,2024-07-11,1000000.00,4.39255,99.951171875
08:01:10,91282CKZ3,TSRYS5842943,D,S,D,2024-07-11,1000000.00,4.39255,99.951171875
08:01:10,91282CKZ3,TSRYS5842943,D,S,D,2024-07-11,2000000.00,4.39255,99.951171875
08:01:10,91282CKZ3,TSRYS5842943,D,B,C,2024-07-11,2000000.00,4.39255,99.951171875
08:01:10,91282CKZ3,TSRYS5842943,D,S,D,2024-07-11,1000000.00,4.39255,99.951171875
08:01:10,91282CKZ3,TSRYS5842943,D,S,D,2024-07-11,1000000.00,4.39255,99.951171875
08:01:10,91282CKZ3,TSRYS5842943,D,B,C,2024-07-11,2000000.00,4.39255,99.951171875
08:01:10,91282CKZ3,TSRYS5842943,D,S,D,2024-07-11,2000000.00,4.39255,99.951171875
08:01:10,91282CKZ3,TSRYS5842943,D,B,C,2024-07-11,1000000.00,4.39255,99.951171875
08:01:10,91282CKZ3,TSRYS5842943,D,S,C,2024-07-11,1000000.00,4.39255,99.951171875
08:01:11,91282CKZ3,TSRYS5842943,D,S,D,2024-07-11,1000000.00,4.39255,99.951171875
08:01:11,91282CKZ3,TSRYS5842943,D,B,C,2024-07-11,1000000.00,4.39255,99.951171875
08:01:11,91282CKZ3,TSRYS5842943,D,B,C,2024-07-11,1000000.00,4.39255,99.951171875
08:01:11,91282CKZ3,TSRYS5842943,D,S,D,2024-07-11,1000000.00,4.39255,99.951171875
