tradeTime,cusip,issueSymbolIdentifier,priceType,reportingSideCode,contraPartyTypeCode,tradeDate,reportedTradeVolume,lastSaleYield,lastSalePrice
08:00:04,91282CKV2,TSRYS5823596,D,S,D,2024-06-20,3000000.00,4.462935,100.447265625
08:00:07,91282CKV2,TSRYS5823596,D,S,D,2024-06-20,1000000.00,4.466457,100.4375
08:00:07,91282CKV2,TSRYS5823596,D,S,T,2024-06-20,1000000.00,4.47139,100.423828125
08:00:07,91282CKV2,TSRYS5823596,D,S,D,2024-06-20,1000000.00,4.468571,100.431640625
08:00:07,91282CKV2,TSRYS5823596,D,S,T,2024-06-20,3000000.00,4.464344,100.443359375
08:00:07,91282CKV2,TSRYS5823596,D,S,T,2024-06-20,4000000.00,4.464344,100.443359375
08:00:07,91282CKV2,TSRYS5823596,D,S,T,2024-06-20,1000000.00,4.47139,100.423828125
08:00:07,91282CKV2,TSRYS5823596,D,S,D,2024-06-20,2000000.00,4.47139,100.423828125
08:00:07,91282CKV2,TSRYS5823596,D,S,T,2024-06-20,1000000.00,4.47139,100.423828125
08:00:07,91282CKV2,TSRYS5823596,D,S,T,2024-06-20,4000000.00,4.47139,100.423828125
08:00:07,91282CKV2,TSRYS5823596,D,S,T,2024-06-20,4000000.00,4.47139,100.423828125
08:00:07,91282CKV2,TSRYS5823596,D,S,D,2024-06-20,4000000.00,4.47139,100.423828125
08:00:07,91282CKV2,TSRYS5823596,D,S,T,2024-06-20,1000000.00,4.470685,100.42578125
08:00:07,91282CKV2,TSRYS5823596,D,S,T,2024-06-20,3000000.00,4.470685,100.42578125
08:00:07,91282CKV2,TSRYS5823596,D,S,T,2024-06-20,1000000.00,4.470685,100.42578125
08:00:07,91282CKV2,TSRYS5823596,D,S,T,2024-06-20,3000000.00,4.470685,100.42578125
08:00:07,91282CKV2,TSRYS5823596,D,S,T,2024-06-20,2000000.00,4.472094,100.421875
08:00:07,91282CKV2,TSRYS5823596,D,S,D,2024-06-20,4000000.00,4.47139,100.423828125
08:00:07,91282CKV2,TSRYS5823596,D,S,D,2024-06-20,1000000.00,4.47139,100.423828125
08:00:07,91282CKV2,TSRYS5823596,D,S,T,2024-06-20,3000000.00,4.472094,100.421875
08:00:07,91282CKV2,TSRYS5823596,D,S,T,2024-06-20,1000000.00,4.469276,100.4296875
08:00:07,91282CKV2,TSRYS5823596,D,S,D,2024-06-20,3000000.00,4.469276,100.4296875
08:00:07,91282CKV2,TSRYS5823596,D,S,T,2024-06-20,4000000.00,4.46998,100.427734375
08:00:07,91282CKV2,TSRYS5823596,D,S,D,2024-06-20,1000000.00,4.470685,100.42578125
08:00:07,91282CKV2,TSRYS5823596,D,S,D,2024-06-20,1000000.00,4.470685,100.42578125
08:00:07,91282CKV2,TSRYS5823596,D,S,D,2024-06-20,1000000.00,4.470685,100.42578125
08:00:07,91282CKV2,TSRYS5823596,D,S,D,2024-06-20,1000000.00,4.470685,100.42578125
08:00:07,91282CKV2,TSRYS5823596,D,S,D,2024-06-20,1000000.00,4.47139,100.423828125
08:00:07,91282CKV2,TSRYS5823596,D,S,D,2024-06-20,3000000.00,4.470685,100.42578125
08:00:07,91282CKV2,TSRYS5823596,D,S,T,2024-06-20,3000000.00,4.472799,100.419921875
08:00:07,91282CKV2,TSRYS5823596,D,S,T,2024-06-20,3000000.00,4.472094,100.421875
08:00:07,91282CKV2,TSRYS5823596,D,S,T,2024-06-20,2000000.00,4.472094,100.421875
08:00:07,91282CKV2,TSRYS5823596,D,S,T,2024-06-20,1000000.00,4.472094,100.421875
08:00:07,91282CKV2,TSRYS5823596,D,S,T,2024-06-20,5000000.00,4.472094,100.421875
08:00:07,91282CKV2,TSRYS5823596,D,S,T,2024-06-20,1000000.00,4.472094,100.421875
08:00:07,91282CKV2,TSRYS5823596,D,S,T,2024-06-20,5000000.00,4.472094,100.421875
08:00:07,91282CKV2,TSRYS5823596,D,B,C,2024-06-20,20000.00,4.458004,100.4609375
08:00:07,91282CKV2,TSRYS5823596,D,S,T,2024-06-20,1000000.00,4.465048,100.44140625
08:00:07,91282CKV2,TSRYS5823596,D,S,D,2024-06-20,3000000.00,4.465048,100.44140625
08:00:07,91282CKV2,TSRYS5823596,D,S,D,2024-06-20,1000000.00,4.465048,100.44140625
08:00:07,91282CKV2,TSRYS5823596,D,S,D,2024-06-20,2000000.00,4.465048,100.44140625
08:00:07,91282CKV2,TSRYS5823596,D,S,D,2024-06-20,1000000.00,4.465048,100.44140625
08:00:07,91282CKV2,TSRYS5823596,D,S,T,2024-06-20,1000000.00,4.456595,100.46484375
08:00:07,91282CKV2,TSRYS5823596,D,S,T,2024-06-20,1000000.00,4.457299,100.462890625
08:00:07,91282CKV2,TSRYS5823596,D,S,T,2024-06-20,1000000.00,4.453778,100.47265625
08:00:07,91282CKV2,TSRYS5823596,D,S,T,2024-06-20,1000000.00,4.455186,100.46875
08:00:07,91282CKV2,TSRYS5823596,D,S,T,2024-06-20,1000000.00,4.455186,100.46875
08:00:07,91282CKV2,TSRYS5823596,D,S,T,2024-06-20,1000000.00,4.452369,100.4765625
08:00:07,91282CKV2,TSRYS5823596,D,S,T,2024-06-20,1000000.00,4.456595,100.46484375
08:00:07,91282CKV2,TSRYS5823596,D,S,T,2024-06-20,1000000.00,4.455186,100.46875
08:00:07,91282CKV2,TSRYS5823596,D,S,T,2024-06-20,1000000.00,4.455186,100.46875
08:00:07,91282CKV2,TSRYS5823596,D,S,T,2024-06-20,1000000.00,4.458004,100.4609375
08:00:07,91282CKV2,TSRYS5823596,D,S,T,2024-06-20,1000000.00,4.465048,100.44140625
08:00:07,91282CKV2,TSRYS5823596,D,S,T,2024-06-20,1000000.00,4.465048,100.44140625
08:00:09,91282CKV2,TSRYS5823596,D,S,D,2024-06-20,22000000.00,4.432652,100.53185
08:00:10,91282CKV2,TSRYS5823596,D,B,A,2024-06-20,1000000.00,4.470685,100.425781
08:00:10,91282CKV2,TSRYS5823596,D,S,T,2024-06-20,1000000.00,4.455186,100.46875
08:00:10,91282CKV2,TSRYS5823596,D,S,T,2024-06-20,1000000.00,4.463639,100.4453125
08:00:10,91282CKV2,TSRYS5823596,D,S,T,2024-06-20,1000000.00,4.463639,100.4453125
08:00:10,91282CKV2,TSRYS5823596,D,S,T,2024-06-20,1000000.00,4.464344,100.443359375
08:00:10,91282CKV2,TSRYS5823596,D,S,T,2024-06-20,1000000.00,4.465048,100.44140625
08:00:10,91282CKV2,TSRYS5823596,D,S,T,2024-06-20,1000000.00,4.466457,100.4375
08:00:10,91282CKV2,TSRYS5823596,D,S,T,2024-06-20,1000000.00,4.466457,100.4375
08:00:10,91282CKV2,TSRYS5823596,D,S,T,2024-06-20,1000000.00,4.466457,100.4375
08:00:10,91282CKV2,TSRYS5823596,D,S,T,2024-06-20,1000000.00,4.467866,100.43359375
08:00:10,91282CKV2,TSRYS5823596,D,S,T,2024-06-20,1000000.00,4.46998,100.427734375
08:00:10,91282CKV2,TSRYS5823596,D,S,T,2024-06-20,1000000.00,4.467162,100.435546875
08:00:10,91282CKV2,TSRYS5823596,D,S,T,2024-06-20,1000000.00,4.467162,100.435546875
08:00:10,91282CKV2,TSRYS5823596,D,S,T,2024-06-20,1000000.00,4.467162,100.435546875
08:00:10,91282CKV2,TSRYS5823596,D,S,T,2024-06-20,2000000.00,4.467866,100.43359375
08:00:10,91282CKV2,TSRYS5823596,D,S,D,2024-06-20,1000000.00,4.465753,100.439453125
08:00:10,91282CKV2,TSRYS5823596,D,S,T,2024-06-20,1000000.00,4.465753,100.439453125
08:00:10,91282CKV2,TSRYS5823596,D,S,T,2024-06-20,1000000.00,4.466457,100.4375
08:00:10,91282CKV2,TSRYS5823596,D,S,T,2024-06-20,1000000.00,4.47139,100.423828125
08:00:10,91282CKV2,TSRYS5823596,D,S,T,2024-06-20,4000000.00,4.470685,100.42578125
08:00:10,91282CKV2,TSRYS5823596,D,S,T,2024-06-20,1000000.00,4.469276,100.4296875
08:00:10,91282CKV2,TSRYS5823596,D,S,T,2024-06-20,1000000.00,4.469276,100.4296875
08:00:10,91282CKV2,TSRYS5823596,D,S,T,2024-06-20,1000000.00,4.464344,100.443359375
08:00:10,91282CKV2,TSRYS5823596,D,S,T,2024-06-20,1000000.00,4.464344,100.443359375
08:00:10,91282CKV2,TSRYS5823596,D,S,T,2024-06-20,1000000.00,4.464344,100.443359375
08:00:10,91282CKV2,TSRYS5823596,D,S,T,2024-06-20,1000000.00,4.463639,100.4453125
08:00:10,91282CKV2,TSRYS5823596,D,S,T,2024-06-20,1000000.00,4.460821,100.453125
08:00:10,91282CKV2,TSRYS5823596,D,S,T,2024-06-20,1000000.00,4.458004,100.4609375
08:00:10,91282CKV2,TSRYS5823596,D,S,T,2024-06-20,1000000.00,4.456595,100.46484375
08:00:10,91282CKV2,TSRYS5823596,D,S,T,2024-06-20,2000000.00,4.470685,100.42578125
08:00:10,91282CKV2,TSRYS5823596,D,B,A,2024-06-20,9050000.00,4.469275,100.429688
08:00:10,91282CKV2,TSRYS5823596,D,S,T,2024-06-20,1000000.00,4.468571,100.431640625
08:00:10,91282CKV2,TSRYS5823596,D,S,T,2024-06-20,1000000.00,4.468571,100.431640625
08:00:10,91282CKV2,TSRYS5823596,D,S,T,2024-06-20,1000000.00,4.467866,100.43359375
08:00:10,91282CKV2,TSRYS5823596,D,S,D,2024-06-20,1000000.00,4.47139,100.423828125
08:00:10,91282CKV2,TSRYS5823596,D,S,T,2024-06-20,1000000.00,4.47139,100.423828125
08:00:10,91282CKV2,TSRYS5823596,D,S,T,2024-06-20,1000000.00,4.47139,100.423828125
08:00:10,91282CKV2,TSRYS5823596,D,S,T,2024-06-20,1000000.00,4.47139,100.423828125
08:00:10,91282CKV2,TSRYS5823596,D,S,D,2024-06-20,1000000.00,4.474208,100.416015625
08:00:10,91282CKV2,TSRYS5823596,D,S,D,2024-06-20,1000000.00,4.474208,100.416015625
08:00:10,91282CKV2,TSRYS5823596,D,S,D,2024-06-20,1000000.00,4.474208,100.416015625
08:00:10,91282CKV2,TSRYS5823596,D,S,T,2024-06-20,1000000.00,4.474208,100.416015625
08:00:10,91282CKV2,TSRYS5823596,D,S,T,2024-06-20,1000000.00,4.474208,100.416015625
08:00:10,91282CKV2,TSRYS5823596,D,S,T,2024-06-20,1000000.00,4.474208,100.416015625
08:00:10,91282CKV2,TSRYS5823596,D,S,T,2024-06-20,1000000.00,4.474208,100.416015625
08:00:10,91282CKV2,TSRYS5823596,D,S,T,2024-06-20,1000000.00,4.474208,100.416015625
08:00:10,91282CKV2,TSRYS5823596,D,S,T,2024-06-20,1000000.00,4.470685,100.42578125
08:00:10,91282CKV2,TSRYS5823596,D,S,D,2024-06-20,1000000.00,4.472094,100.421875
08:00:10,91282CKV2,TSRYS5823596,D,S,T,2024-06-20,1000000.00,4.472094,100.421875
08:00:10,91282CKV2,TSRYS5823596,D,S,T,2024-06-20,1000000.00,4.472094,100.421875
08:00:10,91282CKV2,TSRYS5823596,D,S,T,2024-06-20,1000000.00,4.472094,100.421875
08:00:10,91282CKV2,TSRYS5823596,D,S,T,2024-06-20,5000000.00,4.469276,100.4296875
08:00:10,91282CKV2,TSRYS5823596,D,S,T,2024-06-20,1000000.00,4.473504,100.41796875
08:00:10,91282CKV2,TSRYS5823596,D,S,T,2024-06-20,1000000.00,4.470685,100.42578125
08:00:10,91282CKV2,TSRYS5823596,D,S,T,2024-06-20,1000000.00,4.467866,100.43359375
08:00:10,91282CKV2,TSRYS5823596,D,S,T,2024-06-20,1000000.00,4.467866,100.43359375
08:00:10,91282CKV2,TSRYS5823596,D,S,D,2024-06-20,460000.00,4.456595,100.46484375
08:00:11,91282CKV2,TSRYS5823596,D,S,T,2024-06-20,1000000.00,4.459412,100.45703125
08:00:11,91282CKV2,TSRYS5823596,D,S,T,2024-06-20,1000000.00,4.458004,100.4609375
08:00:11,91282CKV2,TSRYS5823596,D,S,T,2024-06-20,1000000.00,4.459412,100.45703125
08:00:11,91282CKV2,TSRYS5823596,D,S,T,2024-06-20,1000000.00,4.458004,100.4609375
08:00:11,91282CKV2,TSRYS5823596,D,S,T,2024-06-20,1000000.00,4.458708,100.458984375
08:00:11,91282CKV2,TSRYS5823596,D,S,T,2024-06-20,1000000.00,4.458004,100.4609375
08:00:11,91282CKV2,TSRYS5823596,D,S,T,2024-06-20,1000000.00,4.463639,100.4453125
08:00:14,91282CKV2,TSRYS5823596,D,S,T,2024-06-20,1000000.00,4.472094,100.421875
08:00:14,91282CKV2,TSRYS5823596,D,S,T,2024-06-20,1000000.00,4.472094,100.421875
08:00:14,91282CKV2,TSRYS5823596,D,S,T,2024-06-20,1000000.00,4.472094,100.421875
08:00:16,91282CKV2,TSRYS5823596,D,S,C,2024-06-20,2000000.00,4.462935,100.447265625
08:00:17,91282CKV2,TSRYS5823596,D,S,C,2024-06-20,1000000.00,4.462935,100.447265625
08:00:17,91282CKV2,TSRYS5823596,D,S,C,2024-06-20,1000000.00,4.462935,100.447265625
08:00:17,91282CKV2,TSRYS5823596,D,S,C,2024-06-20,3000000.00,4.462935,100.447265625
08:00:18,91282CKV2,TSRYS5823596,D,S,C,2024-06-20,22000000.00,4.432652,100.53185
08:00:19,91282CKV2,TSRYS5823596,D,S,D,2024-06-20,1000000.00,4.462935,100.447265625
08:00:20,91282CKV2,TSRYS5823596,D,S,D,2024-06-20,2000000.00,4.465048,100.44140625
08:00:25,91282CKV2,TSRYS5823596,D,S,D,2024-06-20,1000000.00,4.468571,100.431640625
08:00:27,91282CKV2,TSRYS5823596,D,S,T,2024-06-20,1000000.00,4.472094,100.421875
08:00:27,91282CKV2,TSRYS5823596,D,S,T,2024-06-20,1000000.00,4.470685,100.42578125
08:00:27,91282CKV2,TSRYS5823596,D,S,T,2024-06-20,1000000.00,4.470685,100.42578125
08:00:27,91282CKV2,TSRYS5823596,D,S,T,2024-06-20,1000000.00,4.470685,100.42578125
08:00:27,91282CKV2,TSRYS5823596,D,S,A,2024-06-20,850000.00,4.467866,100.43359375
08:00:27,91282CKV2,TSRYS5823596,D,B,A,2024-06-20,850000.00,4.467866,100.43359375
08:00:27,91282CKV2,TSRYS5823596,D,S,T,2024-06-20,1000000.00,4.467162,100.435546875
08:00:27,91282CKV2,TSRYS5823596,D,S,T,2024-06-20,1000000.00,4.469276,100.4296875
08:00:27,91282CKV2,TSRYS5823596,D,B,C,2024-06-20,3000000.00,4.472094,100.421875
08:00:27,91282CKV2,TSRYS5823596,D,B,C,2024-06-20,1000000.00,4.467866,100.43359375
08:00:27,91282CKV2,TSRYS5823596,D,S,T,2024-06-20,1000000.00,4.470685,100.42578125
08:00:27,91282CKV2,TSRYS5823596,D,S,T,2024-06-20,1000000.00,4.473504,100.41796875
08:00:27,91282CKV2,TSRYS5823596,D,B,C,2024-06-20,2000000.00,4.473504,100.41796875
08:00:27,91282CKV2,TSRYS5823596,D,S,T,2024-06-20,1000000.00,4.465048,100.44140625
08:00:27,91282CKV2,TSRYS5823596,D,S,T,2024-06-20,1000000.00,4.460821,100.453125
08:00:27,91282CKV2,TSRYS5823596,D,S,D,2024-06-20,1000000.00,4.468571,100.431640625
08:00:28,91282CKV2,TSRYS5823596,D,S,C,2024-06-20,10000000.00,4.473443,100.41813675
08:00:28,91282CKV2,TSRYS5823596,D,S,C,2024-06-20,10000000.00,4.472034,100.422043
08:00:29,91282CKV2,TSRYS5823596,D,S,D,2024-06-20,1000000.00,4.469276,100.4296875
08:00:29,91282CKV2,TSRYS5823596,D,S,T,2024-06-20,1000000.00,4.469276,100.4296875
08:00:30,91282CKV2,TSRYS5823596,D,S,D,2024-06-20,1000000.00,4.462935,100.447265625
08:00:30,91282CKV2,TSRYS5823596,D,S,D,2024-06-20,1000000.00,4.462935,100.447265625
08:00:30,91282CKV2,TSRYS5823596,D,S,D,2024-06-20,2000000.00,4.465048,100.44140625
08:00:30,91282CKV2,TSRYS5823596,D,S,D,2024-06-20,1000000.00,4.468571,100.431640625
08:00:30,91282CKV2,TSRYS5823596,D,S,D,2024-06-20,1000000.00,4.468571,100.431640625
08:00:30,91282CKV2,TSRYS5823596,D,S,D,2024-06-20,2000000.00,4.466457,100.4375
08:00:30,91282CKV2,TSRYS5823596,D,S,D,2024-06-20,1000000.00,4.47139,100.423828125
08:00:30,91282CKV2,TSRYS5823596,D,S,D,2024-06-20,1000000.00,4.47139,100.423828125
08:00:30,91282CKV2,TSRYS5823596,D,S,D,2024-06-20,1000000.00,4.472094,100.421875
08:00:30,91282CKV2,TSRYS5823596,D,S,D,2024-06-20,1000000.00,4.472094,100.421875
08:00:30,91282CKV2,TSRYS5823596,D,S,D,2024-06-20,1000000.00,4.469276,100.4296875
08:00:30,91282CKV2,TSRYS5823596,D,S,D,2024-06-20,1000000.00,4.469276,100.4296875
08:00:30,91282CKV2,TSRYS5823596,D,S,D,2024-06-20,1000000.00,4.47139,100.423828125
08:00:30,91282CKV2,TSRYS5823596,D,S,D,2024-06-20,1000000.00,4.472094,100.421875
08:00:30,91282CKV2,TSRYS5823596,D,S,D,2024-06-20,2000000.00,4.473504,100.41796875
08:00:30,91282CKV2,TSRYS5823596,D,S,D,2024-06-20,2000000.00,4.472799,100.419921875
08:00:30,91282CKV2,TSRYS5823596,D,S,D,2024-06-20,2000000.00,4.472799,100.419921875
08:00:30,91282CKV2,TSRYS5823596,D,S,D,2024-06-20,1000000.00,4.472799,100.419921875
08:00:30,91282CKV2,TSRYS5823596,D,S,D,2024-06-20,1000000.00,4.472799,100.419921875
08:00:30,91282CKV2,TSRYS5823596,D,S,D,2024-06-20,1000000.00,4.472799,100.419921875
08:00:30,91282CKV2,TSRYS5823596,D,S,D,2024-06-20,1000000.00,4.472799,100.419921875
08:00:30,91282CKV2,TSRYS5823596,D,S,D,2024-06-20,1000000.00,4.465048,100.44140625
08:00:30,91282CKV2,TSRYS5823596,D,S,D,2024-06-20,1000000.00,4.472799,100.419921875
08:00:30,91282CKV2,TSRYS5823596,D,S,D,2024-06-20,1000000.00,4.472799,100.419921875
08:00:30,91282CKV2,TSRYS5823596,D,S,D,2024-06-20,1000000.00,4.465048,100.44140625
08:00:30,91282CKV2,TSRYS5823596,D,S,D,2024-06-20,1000000.00,4.465048,100.44140625
08:00:30,91282CKV2,TSRYS5823596,D,S,D,2024-06-20,1000000.00,4.463639,100.4453125
08:00:30,91282CKV2,TSRYS5823596,D,S,T,2024-06-20,1000000.00,4.462935,100.447265625
08:00:30,91282CKV2,TSRYS5823596,D,S,T,2024-06-20,1000000.00,4.462935,100.447265625
08:00:30,91282CKV2,TSRYS5823596,D,S,T,2024-06-20,1000000.00,4.466457,100.4375
08:00:30,91282CKV2,TSRYS5823596,D,S,T,2024-06-20,2000000.00,4.470685,100.42578125
08:00:30,91282CKV2,TSRYS5823596,D,S,T,2024-06-20,1000000.00,4.469276,100.4296875
08:00:30,91282CKV2,TSRYS5823596,D,S,T,2024-06-20,1000000.00,4.469276,100.4296875
08:00:30,91282CKV2,TSRYS5823596,D,S,T,2024-06-20,3000000.00,4.465753,100.439453125
08:00:30,91282CKV2,TSRYS5823596,D,S,T,2024-06-20,1000000.00,4.466457,100.4375
08:00:30,91282CKV2,TSRYS5823596,D,S,T,2024-06-20,2000000.00,4.467866,100.43359375
08:00:30,91282CKV2,TSRYS5823596,D,S,T,2024-06-20,2000000.00,4.469276,100.4296875
08:00:30,91282CKV2,TSRYS5823596,D,S,T,2024-06-20,1000000.00,4.463639,100.4453125
08:00:30,91282CKV2,TSRYS5823596,D,S,T,2024-06-20,1000000.00,4.463639,100.4453125
08:00:30,91282CKV2,TSRYS5823596,D,S,T,2024-06-20,2000000.00,4.472094,100.421875
08:00:30,91282CKV2,TSRYS5823596,D,S,T,2024-06-20,1000000.00,4.467866,100.43359375
08:00:30,91282CKV2,TSRYS5823596,D,S,T,2024-06-20,2000000.00,4.467866,100.43359375
08:00:30,91282CKV2,TSRYS5823596,D,S,T,2024-06-20,2000000.00,4.474208,100.416015625
08:00:30,91282CKV2,TSRYS5823596,D,S,T,2024-06-20,2000000.00,4.47139,100.423828125
08:00:30,91282CKV2,TSRYS5823596,D,S,T,2024-06-20,2000000.00,4.47139,100.423828125
08:00:30,91282CKV2,TSRYS5823596,D,S,T,2024-06-20,2000000.00,4.472094,100.421875
08:00:30,91282CKV2,TSRYS5823596,D,S,T,2024-06-20,1000000.00,4.46998,100.427734375
08:00:30,91282CKV2,TSRYS5823596,D,S,T,2024-06-20,1000000.00,4.46998,100.427734375
08:00:30,91282CKV2,TSRYS5823596,D,S,T,2024-06-20,1000000.00,4.469276,100.4296875
08:00:30,91282CKV2,TSRYS5823596,D,S,T,2024-06-20,1000000.00,4.469276,100.4296875
08:00:30,91282CKV2,TSRYS5823596,D,S,T,2024-06-20,1000000.00,4.470685,100.42578125
08:00:30,91282CKV2,TSRYS5823596,D,S,T,2024-06-20,1000000.00,4.470685,100.42578125
08:00:30,91282CKV2,TSRYS5823596,D,S,T,2024-06-20,1000000.00,4.470685,100.42578125
08:00:30,91282CKV2,TSRYS5823596,D,S,T,2024-06-20,1000000.00,4.470685,100.42578125
08:00:30,91282CKV2,TSRYS5823596,D,S,T,2024-06-20,1000000.00,4.470685,100.42578125
08:00:30,91282CKV2,TSRYS5823596,D,S,T,2024-06-20,1000000.00,4.470685,100.42578125
08:00:30,91282CKV2,TSRYS5823596,D,S,T,2024-06-20,1000000.00,4.470685,100.42578125
08:00:30,91282CKV2,TSRYS5823596,D,S,T,2024-06-20,1000000.00,4.472094,100.421875
08:00:30,91282CKV2,TSRYS5823596,D,S,T,2024-06-20,1000000.00,4.472094,100.421875
08:00:30,91282CKV2,TSRYS5823596,D,S,T,2024-06-20,1000000.00,4.472094,100.421875
08:00:30,91282CKV2,TSRYS5823596,D,S,T,2024-06-20,1000000.00,4.472094,100.421875
08:00:30,91282CKV2,TSRYS5823596,D,S,T,2024-06-20,1000000.00,4.472094,100.421875
08:00:30,91282CKV2,TSRYS5823596,D,S,T,2024-06-20,1000000.00,4.472094,100.421875
08:00:30,91282CKV2,TSRYS5823596,D,S,T,2024-06-20,1000000.00,4.472094,100.421875
08:00:30,91282CKV2,TSRYS5823596,D,S,T,2024-06-20,3000000.00,4.472094,100.421875
08:00:30,91282CKV2,TSRYS5823596,D,S,T,2024-06-20,2000000.00,4.472799,100.419921875
08:00:30,91282CKV2,TSRYS5823596,D,S,T,2024-06-20,2000000.00,4.472799,100.419921875
08:00:30,91282CKV2,TSRYS5823596,D,S,T,2024-06-20,2000000.00,4.472799,100.419921875
08:00:30,91282CKV2,TSRYS5823596,D,S,T,2024-06-20,1000000.00,4.472799,100.419921875
08:00:30,91282CKV2,TSRYS5823596,D,S,T,2024-06-20,1000000.00,4.472799,100.419921875
08:00:30,91282CKV2,TSRYS5823596,D,S,T,2024-06-20,2000000.00,4.472799,100.419921875
08:00:30,91282CKV2,TSRYS5823596,D,S,T,2024-06-20,1000000.00,4.472799,100.419921875
08:00:30,91282CKV2,TSRYS5823596,D,S,T,2024-06-20,2000000.00,4.473504,100.41796875
08:00:30,91282CKV2,TSRYS5823596,D,S,T,2024-06-20,2000000.00,4.473504,100.41796875
08:00:30,91282CKV2,TSRYS5823596,D,S,T,2024-06-20,1000000.00,4.473504,100.41796875
08:00:30,91282CKV2,TSRYS5823596,D,S,T,2024-06-20,2000000.00,4.473504,100.41796875
08:00:30,91282CKV2,TSRYS5823596,D,S,T,2024-06-20,1000000.00,4.472094,100.421875
08:00:30,91282CKV2,TSRYS5823596,D,S,T,2024-06-20,2000000.00,4.47139,100.423828125
08:00:30,91282CKV2,TSRYS5823596,D,S,T,2024-06-20,2000000.00,4.469276,100.4296875
08:00:30,91282CKV2,TSRYS5823596,D,S,T,2024-06-20,1000000.00,4.469276,100.4296875
08:00:30,91282CKV2,TSRYS5823596,D,S,D,2024-06-20,1000000.00,4.469276,100.4296875
08:00:30,91282CKV2,TSRYS5823596,D,S,T,2024-06-20,2000000.00,4.472094,100.421875
08:00:30,91282CKV2,TSRYS5823596,D,S,T,2024-06-20,2000000.00,4.472094,100.421875
08:00:30,91282CKV2,TSRYS5823596,D,S,T,2024-06-20,2000000.00,4.472094,100.421875
08:00:30,91282CKV2,TSRYS5823596,D,S,T,2024-06-20,1000000.00,4.472094,100.421875
08:00:30,91282CKV2,TSRYS5823596,D,S,T,2024-06-20,2000000.00,4.472094,100.421875
08:00:30,91282CKV2,TSRYS5823596,D,S,T,2024-06-20,1000000.00,4.472094,100.421875
08:00:30,91282CKV2,TSRYS5823596,D,S,T,2024-06-20,1000000.00,4.466457,100.4375
08:00:30,91282CKV2,TSRYS5823596,D,S,T,2024-06-20,1000000.00,4.462935,100.447265625
08:00:30,91282CKV2,TSRYS5823596,D,S,T,2024-06-20,1000000.00,4.463639,100.4453125
08:00:30,91282CKV2,TSRYS5823596,D,S,T,2024-06-20,1000000.00,4.453778,100.47265625
08:00:31,91282CKV2,TSRYS5823596,D,S,T,2024-06-20,1000000.00,4.455186,100.46875
08:00:31,91282CKV2,TSRYS5823596,D,S,T,2024-06-20,1000000.00,4.456595,100.46484375
08:00:31,91282CKV2,TSRYS5823596,D,S,T,2024-06-20,1000000.00,4.456595,100.46484375
08:00:31,91282CKV2,TSRYS5823596,D,S,T,2024-06-20,1000000.00,4.458004,100.4609375
08:00:31,91282CKV2,TSRYS5823596,D,S,T,2024-06-20,1000000.00,4.456595,100.46484375
08:00:31,91282CKV2,TSRYS5823596,D,S,T,2024-06-20,1000000.00,4.455891,100.466796875
08:00:31,91282CKV2,TSRYS5823596,D,S,T,2024-06-20,1000000.00,4.457299,100.462890625
08:00:31,91282CKV2,TSRYS5823596,D,S,T,2024-06-20,1000000.00,4.459412,100.45703125
08:00:31,91282CKV2,TSRYS5823596,D,S,T,2024-06-20,1000000.00,4.460821,100.453125
08:00:31,91282CKV2,TSRYS5823596,D,S,T,2024-06-20,1000000.00,4.460821,100.453125
08:00:31,91282CKV2,TSRYS5823596,D,S,T,2024-06-20,1000000.00,4.461526,100.451171875
08:00:31,91282CKV2,TSRYS5823596,D,S,T,2024-06-20,1000000.00,4.46223,100.44921875
08:00:31,91282CKV2,TSRYS5823596,D,S,T,2024-06-20,1000000.00,4.46223,100.44921875
08:00:31,91282CKV2,TSRYS5823596,D,S,T,2024-06-20,1000000.00,4.465048,100.44140625
08:00:31,91282CKV2,TSRYS5823596,D,S,T,2024-06-20,1000000.00,4.465048,100.44140625
08:00:31,91282CKV2,TSRYS5823596,D,S,T,2024-06-20,1000000.00,4.465048,100.44140625
08:00:31,91282CKV2,TSRYS5823596,D,S,T,2024-06-20,1000000.00,4.465048,100.44140625
08:00:31,91282CKV2,TSRYS5823596,D,S,T,2024-06-20,1000000.00,4.463639,100.4453125
08:00:31,91282CKV2,TSRYS5823596,D,S,T,2024-06-20,1000000.00,4.465048,100.44140625
08:00:31,91282CKV2,TSRYS5823596,D,S,T,2024-06-20,1000000.00,4.465048,100.44140625
08:00:31,91282CKV2,TSRYS5823596,D,S,T,2024-06-20,1000000.00,4.465048,100.44140625
08:00:31,91282CKV2,TSRYS5823596,D,S,T,2024-06-20,1000000.00,4.465753,100.439453125
08:00:31,91282CKV2,TSRYS5823596,D,S,T,2024-06-20,1000000.00,4.466457,100.4375
08:00:31,91282CKV2,TSRYS5823596,D,S,T,2024-06-20,1000000.00,4.468571,100.431640625
08:00:31,91282CKV2,TSRYS5823596,D,S,T,2024-06-20,1000000.00,4.468571,100.431640625
08:00:31,91282CKV2,TSRYS5823596,D,S,T,2024-06-20,2000000.00,4.466457,100.4375
08:00:31,91282CKV2,TSRYS5823596,D,S,T,2024-06-20,1000000.00,4.469276,100.4296875
08:00:31,91282CKV2,TSRYS5823596,D,S,T,2024-06-20,1000000.00,4.46998,100.427734375
08:00:31,91282CKV2,TSRYS5823596,D,S,T,2024-06-20,1000000.00,4.470685,100.42578125
08:00:31,91282CKV2,TSRYS5823596,D,S,T,2024-06-20,1000000.00,4.470685,100.42578125
08:00:31,91282CKV2,TSRYS5823596,D,S,T,2024-06-20,1000000.00,4.470685,100.42578125
08:00:31,91282CKV2,TSRYS5823596,D,S,T,2024-06-20,1000000.00,4.470685,100.42578125
08:00:31,91282CKV2,TSRYS5823596,D,S,T,2024-06-20,1000000.00,4.467866,100.43359375
08:00:31,91282CKV2,TSRYS5823596,D,S,T,2024-06-20,1000000.00,4.467866,100.43359375
08:00:31,91282CKV2,TSRYS5823596,D,S,T,2024-06-20,1000000.00,4.472094,100.421875
08:00:31,91282CKV2,TSRYS5823596,D,S,T,2024-06-20,1000000.00,4.472094,100.421875
08:00:31,91282CKV2,TSRYS5823596,D,S,T,2024-06-20,1000000.00,4.472094,100.421875
08:00:31,91282CKV2,TSRYS5823596,D,S,T,2024-06-20,1000000.00,4.472094,100.421875
08:00:31,91282CKV2,TSRYS5823596,D,S,T,2024-06-20,1000000.00,4.469276,100.4296875
08:00:31,91282CKV2,TSRYS5823596,D,S,T,2024-06-20,1000000.00,4.467866,100.43359375
08:00:31,91282CKV2,TSRYS5823596,D,S,T,2024-06-20,1000000.00,4.467866,100.43359375
08:00:31,91282CKV2,TSRYS5823596,D,S,T,2024-06-20,1000000.00,4.467162,100.435546875
08:00:31,91282CKV2,TSRYS5823596,D,S,T,2024-06-20,1000000.00,4.467162,100.435546875
08:00:31,91282CKV2,TSRYS5823596,D,S,T,2024-06-20,1000000.00,4.466457,100.4375
08:00:31,91282CKV2,TSRYS5823596,D,S,T,2024-06-20,1000000.00,4.466457,100.4375
08:00:31,91282CKV2,TSRYS5823596,D,S,T,2024-06-20,1000000.00,4.465753,100.439453125
08:00:31,91282CKV2,TSRYS5823596,D,S,T,2024-06-20,1000000.00,4.466457,100.4375
08:00:31,91282CKV2,TSRYS5823596,D,S,T,2024-06-20,1000000.00,4.467866,100.43359375
08:00:31,91282CKV2,TSRYS5823596,D,S,T,2024-06-20,1000000.00,4.467866,100.43359375
08:00:31,91282CKV2,TSRYS5823596,D,S,T,2024-06-20,1000000.00,4.467866,100.43359375
08:00:31,91282CKV2,TSRYS5823596,D,S,T,2024-06-20,1000000.00,4.466457,100.4375
08:00:31,91282CKV2,TSRYS5823596,D,S,T,2024-06-20,1000000.00,4.463639,100.4453125
08:00:31,91282CKV2,TSRYS5823596,D,S,T,2024-06-20,1000000.00,4.463639,100.4453125
08:00:31,91282CKV2,TSRYS5823596,D,S,T,2024-06-20,2000000.00,4.469276,100.4296875
08:00:31,91282CKV2,TSRYS5823596,D,S,T,2024-06-20,1000000.00,4.470685,100.42578125
08:00:31,91282CKV2,TSRYS5823596,D,S,T,2024-06-20,1000000.00,4.470685,100.42578125
08:00:31,91282CKV2,TSRYS5823596,D,S,T,2024-06-20,1000000.00,4.470685,100.42578125
08:00:31,91282CKV2,TSRYS5823596,D,S,T,2024-06-20,1000000.00,4.467866,100.43359375
08:00:31,91282CKV2,TSRYS5823596,D,S,T,2024-06-20,1000000.00,4.469276,100.4296875
08:00:31,91282CKV2,TSRYS5823596,D,S,T,2024-06-20,1000000.00,4.469276,100.4296875
08:00:31,91282CKV2,TSRYS5823596,D,S,T,2024-06-20,1000000.00,4.469276,100.4296875
08:00:31,91282CKV2,TSRYS5823596,D,S,T,2024-06-20,1000000.00,4.469276,100.4296875
08:00:31,91282CKV2,TSRYS5823596,D,S,T,2024-06-20,1000000.00,4.468571,100.431640625
08:00:31,91282CKV2,TSRYS5823596,D,S,T,2024-06-20,2000000.00,4.469276,100.4296875
08:00:31,91282CKV2,TSRYS5823596,D,S,T,2024-06-20,1000000.00,4.469276,100.4296875
08:00:31,91282CKV2,TSRYS5823596,D,S,T,2024-06-20,1000000.00,4.469276,100.4296875
08:00:31,91282CKV2,TSRYS5823596,D,S,T,2024-06-20,1000000.00,4.469276,100.4296875
08:00:31,91282CKV2,TSRYS5823596,D,S,T,2024-06-20,1000000.00,4.469276,100.4296875
08:00:31,91282CKV2,TSRYS5823596,D,S,T,2024-06-20,1000000.00,4.469276,100.4296875
08:00:31,91282CKV2,TSRYS5823596,D,S,T,2024-06-20,1000000.00,4.469276,100.4296875
08:00:31,91282CKV2,TSRYS5823596,D,S,T,2024-06-20,1000000.00,4.469276,100.4296875
08:00:31,91282CKV2,TSRYS5823596,D,S,T,2024-06-20,1000000.00,4.46998,100.427734375
08:00:31,91282CKV2,TSRYS5823596,D,S,T,2024-06-20,1000000.00,4.469276,100.4296875
08:00:31,91282CKV2,TSRYS5823596,D,S,T,2024-06-20,1000000.00,4.469276,100.4296875
08:00:31,91282CKV2,TSRYS5823596,D,S,T,2024-06-20,2000000.00,4.469276,100.4296875
08:00:31,91282CKV2,TSRYS5823596,D,S,T,2024-06-20,1000000.00,4.465048,100.44140625
08:00:31,91282CKV2,TSRYS5823596,D,S,T,2024-06-20,1000000.00,4.465048,100.44140625
08:00:31,91282CKV2,TSRYS5823596,D,S,T,2024-06-20,1000000.00,4.466457,100.4375
08:00:31,91282CKV2,TSRYS5823596,D,S,T,2024-06-20,1000000.00,4.466457,100.4375
08:00:31,91282CKV2,TSRYS5823596,D,S,T,2024-06-20,2000000.00,4.466457,100.4375
08:00:31,91282CKV2,TSRYS5823596,D,S,T,2024-06-20,1000000.00,4.466457,100.4375
08:00:31,91282CKV2,TSRYS5823596,D,S,T,2024-06-20,1000000.00,4.466457,100.4375
08:00:31,91282CKV2,TSRYS5823596,D,S,T,2024-06-20,1000000.00,4.466457,100.4375
08:00:31,91282CKV2,TSRYS5823596,D,S,T,2024-06-20,1000000.00,4.466457,100.4375
08:00:31,91282CKV2,TSRYS5823596,D,S,T,2024-06-20,2000000.00,4.466457,100.4375
08:00:31,91282CKV2,TSRYS5823596,D,S,T,2024-06-20,1000000.00,4.466457,100.4375
08:00:31,91282CKV2,TSRYS5823596,D,S,T,2024-06-20,2000000.00,4.465753,100.439453125
08:00:31,91282CKV2,TSRYS5823596,D,S,T,2024-06-20,1000000.00,4.465753,100.439453125
08:00:31,91282CKV2,TSRYS5823596,D,S,T,2024-06-20,1000000.00,4.465753,100.439453125
08:00:31,91282CKV2,TSRYS5823596,D,S,T,2024-06-20,1000000.00,4.465753,100.439453125
08:00:31,91282CKV2,TSRYS5823596,D,S,T,2024-06-20,1000000.00,4.466457,100.4375
08:00:31,91282CKV2,TSRYS5823596,D,S,T,2024-06-20,1000000.00,4.467162,100.435546875
08:00:31,91282CKV2,TSRYS5823596,D,S,T,2024-06-20,1000000.00,4.467866,100.43359375
08:00:31,91282CKV2,TSRYS5823596,D,S,T,2024-06-20,1000000.00,4.465753,100.439453125
08:00:31,91282CKV2,TSRYS5823596,D,S,T,2024-06-20,1000000.00,4.467866,100.43359375
08:00:31,91282CKV2,TSRYS5823596,D,S,T,2024-06-20,1000000.00,4.467866,100.43359375
08:00:31,91282CKV2,TSRYS5823596,D,S,T,2024-06-20,1000000.00,4.467866,100.43359375
08:00:31,91282CKV2,TSRYS5823596,D,S,T,2024-06-20,1000000.00,4.467866,100.43359375
08:00:31,91282CKV2,TSRYS5823596,D,S,T,2024-06-20,1000000.00,4.467866,100.43359375
08:00:31,91282CKV2,TSRYS5823596,D,S,T,2024-06-20,1000000.00,4.467866,100.43359375
08:00:31,91282CKV2,TSRYS5823596,D,S,T,2024-06-20,1000000.00,4.467866,100.43359375
08:00:31,91282CKV2,TSRYS5823596,D,S,T,2024-06-20,1000000.00,4.467866,100.43359375
08:00:31,91282CKV2,TSRYS5823596,D,S,T,2024-06-20,1000000.00,4.467866,100.43359375
08:00:31,91282CKV2,TSRYS5823596,D,S,T,2024-06-20,2000000.00,4.467866,100.43359375
08:00:31,91282CKV2,TSRYS5823596,D,S,T,2024-06-20,2000000.00,4.470685,100.42578125
08:00:31,91282CKV2,TSRYS5823596,D,S,T,2024-06-20,1000000.00,4.47139,100.423828125
08:00:31,91282CKV2,TSRYS5823596,D,S,T,2024-06-20,1000000.00,4.47139,100.423828125
08:00:31,91282CKV2,TSRYS5823596,D,S,T,2024-06-20,1000000.00,4.47139,100.423828125
08:00:31,91282CKV2,TSRYS5823596,D,S,T,2024-06-20,1000000.00,4.47139,100.423828125
08:00:31,91282CKV2,TSRYS5823596,D,S,T,2024-06-20,1000000.00,4.47139,100.423828125
08:00:31,91282CKV2,TSRYS5823596,D,S,T,2024-06-20,1000000.00,4.47139,100.423828125
08:00:31,91282CKV2,TSRYS5823596,D,S,T,2024-06-20,1000000.00,4.47139,100.423828125
08:00:31,91282CKV2,TSRYS5823596,D,S,T,2024-06-20,1000000.00,4.470685,100.42578125
08:00:31,91282CKV2,TSRYS5823596,D,S,T,2024-06-20,1000000.00,4.469276,100.4296875
08:00:31,91282CKV2,TSRYS5823596,D,S,T,2024-06-20,1000000.00,4.469276,100.4296875
08:00:31,91282CKV2,TSRYS5823596,D,S,T,2024-06-20,1000000.00,4.469276,100.4296875
08:00:31,91282CKV2,TSRYS5823596,D,S,T,2024-06-20,1000000.00,4.469276,100.4296875
08:00:31,91282CKV2,TSRYS5823596,D,S,T,2024-06-20,2000000.00,4.469276,100.4296875
08:00:31,91282CKV2,TSRYS5823596,D,S,T,2024-06-20,1000000.00,4.469276,100.4296875
08:00:31,91282CKV2,TSRYS5823596,D,S,T,2024-06-20,3000000.00,4.469276,100.4296875
08:00:31,91282CKV2,TSRYS5823596,D,S,T,2024-06-20,11000000.00,4.469276,100.4296875
08:00:31,91282CKV2,TSRYS5823596,D,S,T,2024-06-20,3000000.00,4.469276,100.4296875
08:00:31,91282CKV2,TSRYS5823596,D,S,T,2024-06-20,1000000.00,4.46998,100.427734375
08:00:31,91282CKV2,TSRYS5823596,D,S,T,2024-06-20,1000000.00,4.469276,100.4296875
08:00:31,91282CKV2,TSRYS5823596,D,S,T,2024-06-20,1000000.00,4.469276,100.4296875
08:00:31,91282CKV2,TSRYS5823596,D,S,T,2024-06-20,1000000.00,4.469276,100.4296875
08:00:31,91282CKV2,TSRYS5823596,D,S,T,2024-06-20,1000000.00,4.465048,100.44140625
08:00:31,91282CKV2,TSRYS5823596,D,S,T,2024-06-20,1000000.00,4.457299,100.462890625
08:00:31,91282CKV2,TSRYS5823596,D,S,T,2024-06-20,1000000.00,4.453778,100.47265625
08:00:31,91282CKV2,TSRYS5823596,D,S,T,2024-06-20,1000000.00,4.453778,100.47265625
08:00:31,91282CKV2,TSRYS5823596,D,S,T,2024-06-20,1000000.00,4.453778,100.47265625
08:00:31,91282CKV2,TSRYS5823596,D,S,T,2024-06-20,1000000.00,4.455186,100.46875
08:00:31,91282CKV2,TSRYS5823596,D,S,T,2024-06-20,1000000.00,4.453778,100.47265625
08:00:31,91282CKV2,TSRYS5823596,D,S,T,2024-06-20,1000000.00,4.450961,100.48046875
08:00:31,91282CKV2,TSRYS5823596,D,S,T,2024-06-20,1000000.00,4.452369,100.4765625
08:00:31,91282CKV2,TSRYS5823596,D,S,T,2024-06-20,1000000.00,4.453778,100.47265625
08:00:31,91282CKV2,TSRYS5823596,D,S,T,2024-06-20,1000000.00,4.455891,100.466796875
08:00:31,91282CKV2,TSRYS5823596,D,S,T,2024-06-20,1000000.00,4.456595,100.46484375
08:00:31,91282CKV2,TSRYS5823596,D,S,T,2024-06-20,1000000.00,4.455186,100.46875
08:00:31,91282CKV2,TSRYS5823596,D,S,D,2024-06-20,1000000.00,4.458004,100.4609375
08:00:31,91282CKV2,TSRYS5823596,D,S,T,2024-06-20,1000000.00,4.461526,100.451171875
08:00:31,91282CKV2,TSRYS5823596,D,S,T,2024-06-20,1000000.00,4.460117,100.455078125
08:00:31,91282CKV2,TSRYS5823596,D,S,T,2024-06-20,1000000.00,4.460821,100.453125
08:00:31,91282CKV2,TSRYS5823596,D,S,T,2024-06-20,1000000.00,4.46223,100.44921875
08:00:31,91282CKV2,TSRYS5823596,D,S,T,2024-06-20,1000000.00,4.46223,100.44921875
08:00:31,91282CKV2,TSRYS5823596,D,S,T,2024-06-20,1000000.00,4.46223,100.44921875
08:00:31,91282CKV2,TSRYS5823596,D,S,T,2024-06-20,1000000.00,4.46223,100.44921875
08:00:31,91282CKV2,TSRYS5823596,D,S,T,2024-06-20,1000000.00,4.463639,100.4453125
08:00:31,91282CKV2,TSRYS5823596,D,S,T,2024-06-20,1000000.00,4.463639,100.4453125
08:00:31,91282CKV2,TSRYS5823596,D,S,T,2024-06-20,1000000.00,4.465048,100.44140625
08:00:31,91282CKV2,TSRYS5823596,D,S,T,2024-06-20,1000000.00,4.466457,100.4375
08:00:31,91282CKV2,TSRYS5823596,D,S,T,2024-06-20,1000000.00,4.465048,100.44140625
08:00:31,91282CKV2,TSRYS5823596,D,S,T,2024-06-20,1000000.00,4.466457,100.4375
08:00:31,91282CKV2,TSRYS5823596,D,S,T,2024-06-20,1000000.00,4.467866,100.43359375
08:00:31,91282CKV2,TSRYS5823596,D,S,T,2024-06-20,1000000.00,4.467866,100.43359375
08:00:31,91282CKV2,TSRYS5823596,D,S,T,2024-06-20,1000000.00,4.467866,100.43359375
08:00:31,91282CKV2,TSRYS5823596,D,S,T,2024-06-20,1000000.00,4.467866,100.43359375
08:00:31,91282CKV2,TSRYS5823596,D,S,T,2024-06-20,1000000.00,4.467866,100.43359375
08:00:31,91282CKV2,TSRYS5823596,D,S,T,2024-06-20,1000000.00,4.468571,100.431640625
08:00:31,91282CKV2,TSRYS5823596,D,S,T,2024-06-20,1000000.00,4.469276,100.4296875
08:00:31,91282CKV2,TSRYS5823596,D,S,T,2024-06-20,1000000.00,4.470685,100.42578125
08:00:31,91282CKV2,TSRYS5823596,D,S,T,2024-06-20,5000000.00,4.468571,100.431640625
08:00:31,91282CKV2,TSRYS5823596,D,S,T,2024-06-20,1000000.00,4.467866,100.43359375
08:00:31,91282CKV2,TSRYS5823596,D,S,T,2024-06-20,1000000.00,4.467866,100.43359375
08:00:31,91282CKV2,TSRYS5823596,D,S,T,2024-06-20,1000000.00,4.469276,100.4296875
08:00:31,91282CKV2,TSRYS5823596,D,S,T,2024-06-20,1000000.00,4.472094,100.421875
08:00:31,91282CKV2,TSRYS5823596,D,S,D,2024-06-20,3000000.00,4.473504,100.41796875
08:00:31,91282CKV2,TSRYS5823596,D,S,T,2024-06-20,1000000.00,4.470685,100.42578125
08:00:31,91282CKV2,TSRYS5823596,D,S,T,2024-06-20,2000000.00,4.470685,100.42578125
08:00:31,91282CKV2,TSRYS5823596,D,S,T,2024-06-20,1000000.00,4.470685,100.42578125
08:00:31,91282CKV2,TSRYS5823596,D,S,T,2024-06-20,1000000.00,4.470685,100.42578125
08:00:31,91282CKV2,TSRYS5823596,D,S,T,2024-06-20,1000000.00,4.470685,100.42578125
08:00:31,91282CKV2,TSRYS5823596,D,S,T,2024-06-20,1000000.00,4.470685,100.42578125
08:00:31,91282CKV2,TSRYS5823596,D,S,T,2024-06-20,1000000.00,4.470685,100.42578125
08:00:31,91282CKV2,TSRYS5823596,D,S,T,2024-06-20,1000000.00,4.470685,100.42578125
08:00:31,91282CKV2,TSRYS5823596,D,S,T,2024-06-20,1000000.00,4.470685,100.42578125
08:00:31,91282CKV2,TSRYS5823596,D,S,T,2024-06-20,1000000.00,4.470685,100.42578125
08:00:31,91282CKV2,TSRYS5823596,D,S,T,2024-06-20,1000000.00,4.470685,100.42578125
08:00:31,91282CKV2,TSRYS5823596,D,S,T,2024-06-20,1000000.00,4.470685,100.42578125
08:00:31,91282CKV2,TSRYS5823596,D,S,T,2024-06-20,1000000.00,4.470685,100.42578125
08:00:31,91282CKV2,TSRYS5823596,D,S,T,2024-06-20,1000000.00,4.470685,100.42578125
08:00:31,91282CKV2,TSRYS5823596,D,S,T,2024-06-20,1000000.00,4.472094,100.421875
08:00:31,91282CKV2,TSRYS5823596,D,S,T,2024-06-20,1000000.00,4.472094,100.421875
08:00:31,91282CKV2,TSRYS5823596,D,S,T,2024-06-20,1000000.00,4.472094,100.421875
08:00:31,91282CKV2,TSRYS5823596,D,S,T,2024-06-20,1000000.00,4.472094,100.421875
08:00:31,91282CKV2,TSRYS5823596,D,S,T,2024-06-20,1000000.00,4.472094,100.421875
08:00:31,91282CKV2,TSRYS5823596,D,S,T,2024-06-20,1000000.00,4.472094,100.421875
08:00:31,91282CKV2,TSRYS5823596,D,S,T,2024-06-20,1000000.00,4.472094,100.421875
08:00:31,91282CKV2,TSRYS5823596,D,S,T,2024-06-20,1000000.00,4.472094,100.421875
08:00:31,91282CKV2,TSRYS5823596,D,S,T,2024-06-20,1000000.00,4.472094,100.421875
08:00:31,91282CKV2,TSRYS5823596,D,S,T,2024-06-20,1000000.00,4.472094,100.421875
08:00:31,91282CKV2,TSRYS5823596,D,S,T,2024-06-20,1000000.00,4.472094,100.421875
08:00:31,91282CKV2,TSRYS5823596,D,S,T,2024-06-20,1000000.00,4.472094,100.421875
08:00:31,91282CKV2,TSRYS5823596,D,S,T,2024-06-20,1000000.00,4.472094,100.421875
08:00:31,91282CKV2,TSRYS5823596,D,S,T,2024-06-20,1000000.00,4.472094,100.421875
08:00:31,91282CKV2,TSRYS5823596,D,S,T,2024-06-20,1000000.00,4.472094,100.421875
08:00:31,91282CKV2,TSRYS5823596,D,S,T,2024-06-20,1000000.00,4.472094,100.421875
08:00:31,91282CKV2,TSRYS5823596,D,S,T,2024-06-20,1000000.00,4.472094,100.421875
08:00:31,91282CKV2,TSRYS5823596,D,S,T,2024-06-20,1000000.00,4.472094,100.421875
08:00:31,91282CKV2,TSRYS5823596,D,S,T,2024-06-20,1000000.00,4.472094,100.421875
08:00:31,91282CKV2,TSRYS5823596,D,S,T,2024-06-20,1000000.00,4.472094,100.421875
08:00:31,91282CKV2,TSRYS5823596,D,S,T,2024-06-20,1000000.00,4.472094,100.421875
08:00:31,91282CKV2,TSRYS5823596,D,S,T,2024-06-20,1000000.00,4.472094,100.421875
08:00:31,91282CKV2,TSRYS5823596,D,S,T,2024-06-20,1000000.00,4.472094,100.421875
08:00:31,91282CKV2,TSRYS5823596,D,S,T,2024-06-20,1000000.00,4.472094,100.421875
08:00:31,91282CKV2,TSRYS5823596,D,S,T,2024-06-20,1000000.00,4.472094,100.421875
08:00:31,91282CKV2,TSRYS5823596,D,S,T,2024-06-20,1000000.00,4.472094,100.421875
08:00:31,91282CKV2,TSRYS5823596,D,S,T,2024-06-20,1000000.00,4.472094,100.421875
08:00:31,91282CKV2,TSRYS5823596,D,S,T,2024-06-20,1000000.00,4.472094,100.421875
08:00:31,91282CKV2,TSRYS5823596,D,S,T,2024-06-20,1000000.00,4.472094,100.421875
08:00:31,91282CKV2,TSRYS5823596,D,S,T,2024-06-20,1000000.00,4.472094,100.421875
08:00:31,91282CKV2,TSRYS5823596,D,S,T,2024-06-20,1000000.00,4.472094,100.421875
08:00:31,91282CKV2,TSRYS5823596,D,S,T,2024-06-20,1000000.00,4.472094,100.421875
08:00:31,91282CKV2,TSRYS5823596,D,S,T,2024-06-20,1000000.00,4.473504,100.41796875
08:00:31,91282CKV2,TSRYS5823596,D,S,T,2024-06-20,1000000.00,4.473504,100.41796875
08:00:31,91282CKV2,TSRYS5823596,D,S,T,2024-06-20,1000000.00,4.472094,100.421875
08:00:31,91282CKV2,TSRYS5823596,D,S,T,2024-06-20,1000000.00,4.472094,100.421875
08:00:31,91282CKV2,TSRYS5823596,D,S,T,2024-06-20,1000000.00,4.473504,100.41796875
08:00:31,91282CKV2,TSRYS5823596,D,S,T,2024-06-20,1000000.00,4.473504,100.41796875
08:00:31,91282CKV2,TSRYS5823596,D,S,T,2024-06-20,1000000.00,4.473504,100.41796875
08:00:31,91282CKV2,TSRYS5823596,D,S,T,2024-06-20,1000000.00,4.473504,100.41796875
08:00:31,91282CKV2,TSRYS5823596,D,S,T,2024-06-20,1000000.00,4.473504,100.41796875
08:00:31,91282CKV2,TSRYS5823596,D,S,T,2024-06-20,1000000.00,4.473504,100.41796875
08:00:31,91282CKV2,TSRYS5823596,D,S,T,2024-06-20,1000000.00,4.473504,100.41796875
08:00:31,91282CKV2,TSRYS5823596,D,S,T,2024-06-20,1000000.00,4.473504,100.41796875
08:00:31,91282CKV2,TSRYS5823596,D,S,T,2024-06-20,1000000.00,4.473504,100.41796875
08:00:31,91282CKV2,TSRYS5823596,D,S,T,2024-06-20,1000000.00,4.473504,100.41796875
08:00:31,91282CKV2,TSRYS5823596,D,S,T,2024-06-20,1000000.00,4.472799,100.419921875
08:00:31,91282CKV2,TSRYS5823596,D,S,T,2024-06-20,1000000.00,4.473504,100.41796875
08:00:31,91282CKV2,TSRYS5823596,D,S,T,2024-06-20,1000000.00,4.473504,100.41796875
08:00:31,91282CKV2,TSRYS5823596,D,S,T,2024-06-20,1000000.00,4.473504,100.41796875
08:00:31,91282CKV2,TSRYS5823596,D,S,T,2024-06-20,2000000.00,4.473504,100.41796875
08:00:31,91282CKV2,TSRYS5823596,D,S,T,2024-06-20,1000000.00,4.473504,100.41796875
08:00:31,91282CKV2,TSRYS5823596,D,S,T,2024-06-20,1000000.00,4.473504,100.41796875
08:00:31,91282CKV2,TSRYS5823596,D,S,T,2024-06-20,1000000.00,4.473504,100.41796875
08:00:31,91282CKV2,TSRYS5823596,D,S,T,2024-06-20,1000000.00,4.473504,100.41796875
08:00:31,91282CKV2,TSRYS5823596,D,S,T,2024-06-20,1000000.00,4.473504,100.41796875
08:00:31,91282CKV2,TSRYS5823596,D,S,T,2024-06-20,1000000.00,4.472094,100.421875
08:00:31,91282CKV2,TSRYS5823596,D,S,T,2024-06-20,1000000.00,4.472094,100.421875
08:00:31,91282CKV2,TSRYS5823596,D,S,T,2024-06-20,1000000.00,4.472094,100.421875
08:00:31,91282CKV2,TSRYS5823596,D,S,T,2024-06-20,1000000.00,4.472094,100.421875
08:00:31,91282CKV2,TSRYS5823596,D,S,T,2024-06-20,1000000.00,4.469276,100.4296875
08:00:31,91282CKV2,TSRYS5823596,D,S,T,2024-06-20,1000000.00,4.469276,100.4296875
08:00:31,91282CKV2,TSRYS5823596,D,S,T,2024-06-20,1000000.00,4.469276,100.4296875
08:00:31,91282CKV2,TSRYS5823596,D,S,T,2024-06-20,1000000.00,4.470685,100.42578125
08:00:31,91282CKV2,TSRYS5823596,D,S,T,2024-06-20,1000000.00,4.470685,100.42578125
08:00:31,91282CKV2,TSRYS5823596,D,S,T,2024-06-20,1000000.00,4.470685,100.42578125
08:00:31,91282CKV2,TSRYS5823596,D,S,T,2024-06-20,1000000.00,4.470685,100.42578125
08:00:31,91282CKV2,TSRYS5823596,D,S,T,2024-06-20,1000000.00,4.470685,100.42578125
08:00:31,91282CKV2,TSRYS5823596,D,S,T,2024-06-20,1000000.00,4.470685,100.42578125
08:00:31,91282CKV2,TSRYS5823596,D,S,T,2024-06-20,1000000.00,4.470685,100.42578125
08:00:31,91282CKV2,TSRYS5823596,D,S,T,2024-06-20,1000000.00,4.470685,100.42578125
08:00:31,91282CKV2,TSRYS5823596,D,S,T,2024-06-20,1000000.00,4.470685,100.42578125
08:00:31,91282CKV2,TSRYS5823596,D,S,T,2024-06-20,1000000.00,4.470685,100.42578125
08:00:31,91282CKV2,TSRYS5823596,D,S,T,2024-06-20,1000000.00,4.47139,100.423828125
08:00:31,91282CKV2,TSRYS5823596,D,S,T,2024-06-20,1000000.00,4.470685,100.42578125
08:00:31,91282CKV2,TSRYS5823596,D,S,T,2024-06-20,1000000.00,4.469276,100.4296875
08:00:31,91282CKV2,TSRYS5823596,D,S,T,2024-06-20,1000000.00,4.470685,100.42578125
08:00:31,91282CKV2,TSRYS5823596,D,S,T,2024-06-20,1000000.00,4.470685,100.42578125
08:00:31,91282CKV2,TSRYS5823596,D,S,T,2024-06-20,1000000.00,4.472094,100.421875
08:00:31,91282CKV2,TSRYS5823596,D,S,T,2024-06-20,1000000.00,4.472094,100.421875
08:00:31,91282CKV2,TSRYS5823596,D,S,T,2024-06-20,1000000.00,4.472094,100.421875
08:00:31,91282CKV2,TSRYS5823596,D,S,T,2024-06-20,1000000.00,4.472094,100.421875
08:00:31,91282CKV2,TSRYS5823596,D,S,T,2024-06-20,1000000.00,4.472094,100.421875
08:00:31,91282CKV2,TSRYS5823596,D,S,T,2024-06-20,2000000.00,4.472799,100.419921875
08:00:31,91282CKV2,TSRYS5823596,D,S,T,2024-06-20,2000000.00,4.472799,100.419921875
08:00:31,91282CKV2,TSRYS5823596,D,S,T,2024-06-20,1000000.00,4.472094,100.421875
08:00:31,91282CKV2,TSRYS5823596,D,S,T,2024-06-20,1000000.00,4.470685,100.42578125
08:00:31,91282CKV2,TSRYS5823596,D,S,T,2024-06-20,1000000.00,4.470685,100.42578125
08:00:31,91282CKV2,TSRYS5823596,D,S,T,2024-06-20,1000000.00,4.470685,100.42578125
08:00:31,91282CKV2,TSRYS5823596,D,S,T,2024-06-20,1000000.00,4.470685,100.42578125
08:00:31,91282CKV2,TSRYS5823596,D,S,T,2024-06-20,1000000.00,4.469276,100.4296875
08:00:31,91282CKV2,TSRYS5823596,D,S,T,2024-06-20,1000000.00,4.469276,100.4296875
08:00:31,91282CKV2,TSRYS5823596,D,S,T,2024-06-20,1000000.00,4.469276,100.4296875
08:00:31,91282CKV2,TSRYS5823596,D,S,T,2024-06-20,1000000.00,4.469276,100.4296875
08:00:31,91282CKV2,TSRYS5823596,D,S,T,2024-06-20,1000000.00,4.469276,100.4296875
08:00:31,91282CKV2,TSRYS5823596,D,S,T,2024-06-20,1000000.00,4.469276,100.4296875
08:00:31,91282CKV2,TSRYS5823596,D,S,T,2024-06-20,1000000.00,4.469276,100.4296875
08:00:31,91282CKV2,TSRYS5823596,D,S,T,2024-06-20,1000000.00,4.467866,100.43359375
08:00:31,91282CKV2,TSRYS5823596,D,S,T,2024-06-20,1000000.00,4.466457,100.4375
08:00:31,91282CKV2,TSRYS5823596,D,S,T,2024-06-20,1000000.00,4.465048,100.44140625
08:00:31,91282CKV2,TSRYS5823596,D,S,T,2024-06-20,1000000.00,4.466457,100.4375
08:00:31,91282CKV2,TSRYS5823596,D,S,T,2024-06-20,1000000.00,4.466457,100.4375
08:00:31,91282CKV2,TSRYS5823596,D,S,T,2024-06-20,1000000.00,4.465048,100.44140625
08:00:31,91282CKV2,TSRYS5823596,D,S,T,2024-06-20,1000000.00,4.465048,100.44140625
08:00:31,91282CKV2,TSRYS5823596,D,S,T,2024-06-20,2000000.00,4.463639,100.4453125
08:00:31,91282CKV2,TSRYS5823596,D,S,T,2024-06-20,1000000.00,4.46223,100.44921875
08:00:31,91282CKV2,TSRYS5823596,D,S,T,2024-06-20,1000000.00,4.46223,100.44921875
08:00:31,91282CKV2,TSRYS5823596,D,S,T,2024-06-20,1000000.00,4.462935,100.447265625
08:00:31,91282CKV2,TSRYS5823596,D,S,T,2024-06-20,1000000.00,4.465048,100.44140625
08:00:31,91282CKV2,TSRYS5823596,D,S,T,2024-06-20,1000000.00,4.460821,100.453125
08:00:31,91282CKV2,TSRYS5823596,D,S,T,2024-06-20,1000000.00,4.458004,100.4609375
08:00:31,91282CKV2,TSRYS5823596,D,S,T,2024-06-20,1000000.00,4.459412,100.45703125
08:00:31,91282CKV2,TSRYS5823596,D,S,T,2024-06-20,2000000.00,4.460821,100.453125
08:00:31,91282CKV2,TSRYS5823596,D,S,T,2024-06-20,2000000.00,4.460821,100.453125
08:00:31,91282CKV2,TSRYS5823596,D,S,T,2024-06-20,6000000.00,4.460821,100.453125
08:00:31,91282CKV2,TSRYS5823596,D,S,T,2024-06-20,1000000.00,4.460821,100.453125
08:00:31,91282CKV2,TSRYS5823596,D,S,T,2024-06-20,1000000.00,4.458004,100.4609375
08:00:31,91282CKV2,TSRYS5823596,D,S,T,2024-06-20,1000000.00,4.456595,100.46484375
08:00:31,91282CKV2,TSRYS5823596,D,S,T,2024-06-20,1000000.00,4.458004,100.4609375
08:00:31,91282CKV2,TSRYS5823596,D,S,T,2024-06-20,1000000.00,4.458004,100.4609375
08:00:31,91282CKV2,TSRYS5823596,D,S,T,2024-06-20,1000000.00,4.458004,100.4609375
08:00:31,91282CKV2,TSRYS5823596,D,S,T,2024-06-20,1000000.00,4.458004,100.4609375
08:00:31,91282CKV2,TSRYS5823596,D,S,T,2024-06-20,1000000.00,4.458004,100.4609375
08:00:31,91282CKV2,TSRYS5823596,D,S,T,2024-06-20,1000000.00,4.456595,100.46484375
08:00:31,91282CKV2,TSRYS5823596,D,S,T,2024-06-20,1000000.00,4.458004,100.4609375
08:00:31,91282CKV2,TSRYS5823596,D,S,T,2024-06-20,1000000.00,4.459412,100.45703125
08:00:31,91282CKV2,TSRYS5823596,D,S,T,2024-06-20,1000000.00,4.459412,100.45703125
08:00:31,91282CKV2,TSRYS5823596,D,S,T,2024-06-20,1000000.00,4.460821,100.453125
08:00:31,91282CKV2,TSRYS5823596,D,S,T,2024-06-20,1000000.00,4.46223,100.44921875
08:00:31,91282CKV2,TSRYS5823596,D,S,T,2024-06-20,1000000.00,4.46223,100.44921875
08:00:31,91282CKV2,TSRYS5823596,D,S,T,2024-06-20,1000000.00,4.465048,100.44140625
08:00:31,91282CKV2,TSRYS5823596,D,S,T,2024-06-20,1000000.00,4.465048,100.44140625
08:00:31,91282CKV2,TSRYS5823596,D,S,T,2024-06-20,1000000.00,4.464344,100.443359375
08:00:31,91282CKV2,TSRYS5823596,D,S,T,2024-06-20,1000000.00,4.46223,100.44921875
08:00:31,91282CKV2,TSRYS5823596,D,S,T,2024-06-20,1000000.00,4.46223,100.44921875
08:00:31,91282CKV2,TSRYS5823596,D,S,T,2024-06-20,1000000.00,4.46223,100.44921875
08:00:31,91282CKV2,TSRYS5823596,D,S,T,2024-06-20,1000000.00,4.46223,100.44921875
08:00:31,91282CKV2,TSRYS5823596,D,S,T,2024-06-20,3000000.00,4.464344,100.443359375
08:00:31,91282CKV2,TSRYS5823596,D,S,T,2024-06-20,1000000.00,4.463639,100.4453125
08:00:34,91282CKV2,TSRYS5823596,D,S,C,2024-06-20,10000000.00,4.470624,100.42594925
08:00:34,91282CKV2,TSRYS5823596,D,S,C,2024-06-20,1000000.00,4.469276,100.4296875
08:00:34,91282CKV2,TSRYS5823596,D,B,C,2024-06-20,2750000.00,4.469276,100.4296875
08:00:34,91282CKV2,TSRYS5823596,D,S,T,2024-06-20,3000000.00,4.467866,100.43359375
08:00:36,91282CKV2,TSRYS5823596,D,S,D,2024-06-20,2000000.00,4.466457,100.4375
08:00:38,91282CKV2,TSRYS5823596,D,S,T,2024-06-20,1000000.00,4.470685,100.42578125
08:00:38,91282CKV2,TSRYS5823596,D,S,C,2024-06-20,250MM+,,100.3927
08:00:38,91282CKV2,TSRYS5823596,D,S,C,2024-06-20,9900000.00,4.467806,100.43376175
08:00:38,91282CKV2,TSRYS5823596,D,S,A,2024-06-20,2970000.00,4.477732,100.40625
08:00:38,91282CKV2,TSRYS5823596,D,S,T,2024-06-20,1000000.00,4.456595,100.46484375
08:00:38,91282CKV2,TSRYS5823596,D,S,A,2024-06-20,990000.00,4.46223,100.44921875
08:00:38,91282CKV2,TSRYS5823596,D,S,T,2024-06-20,1000000.00,4.463639,100.4453125
08:00:38,91282CKV2,TSRYS5823596,D,S,A,2024-06-20,990000.00,4.465048,100.44140625
08:00:38,91282CKV2,TSRYS5823596,D,S,C,2024-06-20,9050000.00,4.469276,100.4296875
08:00:38,91282CKV2,TSRYS5823596,D,S,D,2024-06-20,72000000.00,4.468055,100.43307
08:00:38,91282CKV2,TSRYS5823596,D,S,D,2024-06-20,1000000.00,4.458004,100.4609375
08:00:38,91282CKV2,TSRYS5823596,D,S,T,2024-06-20,4000000.00,4.470685,100.42578125
08:00:38,91282CKV2,TSRYS5823596,D,S,T,2024-06-20,1000000.00,4.470685,100.42578125
08:00:38,91282CKV2,TSRYS5823596,D,S,T,2024-06-20,3000000.00,4.470685,100.42578125
08:00:38,91282CKV2,TSRYS5823596,D,S,T,2024-06-20,4000000.00,4.470685,100.42578125
08:00:38,91282CKV2,TSRYS5823596,D,S,T,2024-06-20,2000000.00,4.470685,100.42578125
08:00:38,91282CKV2,TSRYS5823596,D,S,T,2024-06-20,1000000.00,4.470685,100.42578125
08:00:38,91282CKV2,TSRYS5823596,D,S,T,2024-06-20,2000000.00,4.470685,100.42578125
08:00:38,91282CKV2,TSRYS5823596,D,S,T,2024-06-20,1000000.00,4.470685,100.42578125
08:00:38,91282CKV2,TSRYS5823596,D,S,T,2024-06-20,1000000.00,4.470685,100.42578125
08:00:38,91282CKV2,TSRYS5823596,D,S,T,2024-06-20,1000000.00,4.470685,100.42578125
08:00:38,91282CKV2,TSRYS5823596,D,S,T,2024-06-20,1000000.00,4.470685,100.42578125
08:00:38,91282CKV2,TSRYS5823596,D,S,T,2024-06-20,5000000.00,4.469276,100.4296875
08:00:38,91282CKV2,TSRYS5823596,D,S,T,2024-06-20,5000000.00,4.469276,100.4296875
08:00:38,91282CKV2,TSRYS5823596,D,S,T,2024-06-20,1000000.00,4.469276,100.4296875
08:00:38,91282CKV2,TSRYS5823596,D,S,T,2024-06-20,5000000.00,4.469276,100.4296875
08:00:38,91282CKV2,TSRYS5823596,D,S,T,2024-06-20,1000000.00,4.469276,100.4296875
08:00:38,91282CKV2,TSRYS5823596,D,S,T,2024-06-20,1000000.00,4.469276,100.4296875
08:00:38,91282CKV2,TSRYS5823596,D,S,T,2024-06-20,1000000.00,4.469276,100.4296875
08:00:38,91282CKV2,TSRYS5823596,D,S,T,2024-06-20,4000000.00,4.469276,100.4296875
08:00:38,91282CKV2,TSRYS5823596,D,S,T,2024-06-20,1000000.00,4.469276,100.4296875
08:00:38,91282CKV2,TSRYS5823596,D,S,T,2024-06-20,2000000.00,4.469276,100.4296875
08:00:38,91282CKV2,TSRYS5823596,D,S,T,2024-06-20,1000000.00,4.469276,100.4296875
08:00:38,91282CKV2,TSRYS5823596,D,S,T,2024-06-20,1000000.00,4.469276,100.4296875
08:00:38,91282CKV2,TSRYS5823596,D,S,T,2024-06-20,1000000.00,4.469276,100.4296875
08:00:38,91282CKV2,TSRYS5823596,D,S,T,2024-06-20,1000000.00,4.469276,100.4296875
08:00:38,91282CKV2,TSRYS5823596,D,S,T,2024-06-20,2000000.00,4.469276,100.4296875
08:00:38,91282CKV2,TSRYS5823596,D,S,T,2024-06-20,1000000.00,4.469276,100.4296875
08:00:38,91282CKV2,TSRYS5823596,D,S,T,2024-06-20,4000000.00,4.469276,100.4296875
08:00:38,91282CKV2,TSRYS5823596,D,S,T,2024-06-20,5000000.00,4.469276,100.4296875
08:00:38,91282CKV2,TSRYS5823596,D,S,T,2024-06-20,1000000.00,4.469276,100.4296875
08:00:38,91282CKV2,TSRYS5823596,D,S,T,2024-06-20,1000000.00,4.469276,100.4296875
08:00:38,91282CKV2,TSRYS5823596,D,S,T,2024-06-20,5000000.00,4.467866,100.43359375
08:00:38,91282CKV2,TSRYS5823596,D,S,T,2024-06-20,2000000.00,4.467866,100.43359375
08:00:38,91282CKV2,TSRYS5823596,D,S,T,2024-06-20,1000000.00,4.467866,100.43359375
08:00:38,91282CKV2,TSRYS5823596,D,S,T,2024-06-20,1000000.00,4.467866,100.43359375
08:00:38,91282CKV2,TSRYS5823596,D,S,T,2024-06-20,1000000.00,4.467866,100.43359375
08:00:38,91282CKV2,TSRYS5823596,D,S,T,2024-06-20,1000000.00,4.467866,100.43359375
08:00:38,91282CKV2,TSRYS5823596,D,S,T,2024-06-20,3000000.00,4.467866,100.43359375
08:00:38,91282CKV2,TSRYS5823596,D,S,T,2024-06-20,5000000.00,4.467866,100.43359375
08:00:38,91282CKV2,TSRYS5823596,D,S,T,2024-06-20,1000000.00,4.467866,100.43359375
08:00:38,91282CKV2,TSRYS5823596,D,S,T,2024-06-20,1000000.00,4.467866,100.43359375
08:00:38,91282CKV2,TSRYS5823596,D,S,T,2024-06-20,5000000.00,4.467866,100.43359375
08:00:38,91282CKV2,TSRYS5823596,D,S,T,2024-06-20,1000000.00,4.467866,100.43359375
08:00:38,91282CKV2,TSRYS5823596,D,S,T,2024-06-20,1000000.00,4.467866,100.43359375
08:00:38,91282CKV2,TSRYS5823596,D,S,T,2024-06-20,1000000.00,4.467866,100.43359375
08:00:38,91282CKV2,TSRYS5823596,D,S,T,2024-06-20,3000000.00,4.467866,100.43359375
08:00:38,91282CKV2,TSRYS5823596,D,S,T,2024-06-20,1000000.00,4.467866,100.43359375
08:00:38,91282CKV2,TSRYS5823596,D,S,T,2024-06-20,1000000.00,4.467866,100.43359375
08:00:38,91282CKV2,TSRYS5823596,D,S,T,2024-06-20,1000000.00,4.467866,100.43359375
08:00:38,91282CKV2,TSRYS5823596,D,S,T,2024-06-20,4000000.00,4.467866,100.43359375
08:00:38,91282CKV2,TSRYS5823596,D,S,T,2024-06-20,3000000.00,4.467866,100.43359375
08:00:38,91282CKV2,TSRYS5823596,D,S,T,2024-06-20,1000000.00,4.467866,100.43359375
08:00:38,91282CKV2,TSRYS5823596,D,S,T,2024-06-20,1000000.00,4.467866,100.43359375
08:00:38,91282CKV2,TSRYS5823596,D,S,T,2024-06-20,5000000.00,4.467866,100.43359375
08:00:38,91282CKV2,TSRYS5823596,D,S,T,2024-06-20,1000000.00,4.467866,100.43359375
08:00:38,91282CKV2,TSRYS5823596,D,S,T,2024-06-20,6000000.00,4.465048,100.44140625
08:00:38,91282CKV2,TSRYS5823596,D,S,T,2024-06-20,1000000.00,4.465048,100.44140625
08:00:38,91282CKV2,TSRYS5823596,D,S,T,2024-06-20,5000000.00,4.465048,100.44140625
08:00:38,91282CKV2,TSRYS5823596,D,S,T,2024-06-20,1000000.00,4.465048,100.44140625
08:00:38,91282CKV2,TSRYS5823596,D,S,T,2024-06-20,1000000.00,4.465048,100.44140625
08:00:38,91282CKV2,TSRYS5823596,D,S,T,2024-06-20,2000000.00,4.465048,100.44140625
08:00:38,91282CKV2,TSRYS5823596,D,S,T,2024-06-20,1000000.00,4.465048,100.44140625
08:00:38,91282CKV2,TSRYS5823596,D,S,T,2024-06-20,1000000.00,4.465048,100.44140625
08:00:38,91282CKV2,TSRYS5823596,D,S,T,2024-06-20,1000000.00,4.465048,100.44140625
08:00:38,91282CKV2,TSRYS5823596,D,S,T,2024-06-20,1000000.00,4.465048,100.44140625
08:00:38,91282CKV2,TSRYS5823596,D,S,T,2024-06-20,1000000.00,4.465048,100.44140625
08:00:38,91282CKV2,TSRYS5823596,D,S,T,2024-06-20,4000000.00,4.465048,100.44140625
08:00:38,91282CKV2,TSRYS5823596,D,S,T,2024-06-20,1000000.00,4.465048,100.44140625
08:00:38,91282CKV2,TSRYS5823596,D,S,T,2024-06-20,1000000.00,4.465048,100.44140625
08:00:38,91282CKV2,TSRYS5823596,D,S,T,2024-06-20,1000000.00,4.465048,100.44140625
08:00:38,91282CKV2,TSRYS5823596,D,S,T,2024-06-20,1000000.00,4.465048,100.44140625
08:00:38,91282CKV2,TSRYS5823596,D,S,T,2024-06-20,1000000.00,4.465048,100.44140625
08:00:38,91282CKV2,TSRYS5823596,D,S,T,2024-06-20,1000000.00,4.465048,100.44140625
08:00:38,91282CKV2,TSRYS5823596,D,S,T,2024-06-20,1000000.00,4.465048,100.44140625
08:00:38,91282CKV2,TSRYS5823596,D,S,T,2024-06-20,3000000.00,4.466457,100.4375
08:00:38,91282CKV2,TSRYS5823596,D,S,T,2024-06-20,5000000.00,4.466457,100.4375
08:00:38,91282CKV2,TSRYS5823596,D,S,T,2024-06-20,1000000.00,4.466457,100.4375
08:00:38,91282CKV2,TSRYS5823596,D,S,T,2024-06-20,1000000.00,4.466457,100.4375
08:00:38,91282CKV2,TSRYS5823596,D,S,T,2024-06-20,1000000.00,4.466457,100.4375
08:00:38,91282CKV2,TSRYS5823596,D,S,T,2024-06-20,1000000.00,4.466457,100.4375
08:00:38,91282CKV2,TSRYS5823596,D,S,T,2024-06-20,1000000.00,4.466457,100.4375
08:00:38,91282CKV2,TSRYS5823596,D,S,T,2024-06-20,2000000.00,4.466457,100.4375
08:00:38,91282CKV2,TSRYS5823596,D,S,T,2024-06-20,1000000.00,4.466457,100.4375
08:00:38,91282CKV2,TSRYS5823596,D,S,T,2024-06-20,1000000.00,4.466457,100.4375
08:00:38,91282CKV2,TSRYS5823596,D,S,T,2024-06-20,1000000.00,4.466457,100.4375
08:00:38,91282CKV2,TSRYS5823596,D,S,T,2024-06-20,2000000.00,4.466457,100.4375
08:00:38,91282CKV2,TSRYS5823596,D,S,T,2024-06-20,2000000.00,4.466457,100.4375
08:00:38,91282CKV2,TSRYS5823596,D,S,T,2024-06-20,2000000.00,4.466457,100.4375
08:00:38,91282CKV2,TSRYS5823596,D,S,T,2024-06-20,1000000.00,4.466457,100.4375
08:00:38,91282CKV2,TSRYS5823596,D,S,T,2024-06-20,2000000.00,4.466457,100.4375
08:00:38,91282CKV2,TSRYS5823596,D,S,T,2024-06-20,2000000.00,4.466457,100.4375
08:00:38,91282CKV2,TSRYS5823596,D,S,T,2024-06-20,3000000.00,4.466457,100.4375
08:00:38,91282CKV2,TSRYS5823596,D,S,T,2024-06-20,1000000.00,4.466457,100.4375
08:00:38,91282CKV2,TSRYS5823596,D,S,T,2024-06-20,1000000.00,4.466457,100.4375
08:00:38,91282CKV2,TSRYS5823596,D,S,T,2024-06-20,1000000.00,4.466457,100.4375
08:00:38,91282CKV2,TSRYS5823596,D,S,T,2024-06-20,1000000.00,4.466457,100.4375
08:00:38,91282CKV2,TSRYS5823596,D,S,T,2024-06-20,1000000.00,4.466457,100.4375
08:00:38,91282CKV2,TSRYS5823596,D,S,T,2024-06-20,5000000.00,4.466457,100.4375
08:00:38,91282CKV2,TSRYS5823596,D,S,T,2024-06-20,1000000.00,4.466457,100.4375
08:00:38,91282CKV2,TSRYS5823596,D,S,T,2024-06-20,1000000.00,4.466457,100.4375
08:00:38,91282CKV2,TSRYS5823596,D,S,T,2024-06-20,1000000.00,4.466457,100.4375
08:00:38,91282CKV2,TSRYS5823596,D,S,T,2024-06-20,1000000.00,4.466457,100.4375
08:00:38,91282CKV2,TSRYS5823596,D,S,T,2024-06-20,3000000.00,4.466457,100.4375
08:00:38,91282CKV2,TSRYS5823596,D,S,T,2024-06-20,1000000.00,4.466457,100.4375
08:00:38,91282CKV2,TSRYS5823596,D,S,T,2024-06-20,1000000.00,4.466457,100.4375
08:00:38,91282CKV2,TSRYS5823596,D,S,T,2024-06-20,1000000.00,4.466457,100.4375
08:00:38,91282CKV2,TSRYS5823596,D,S,T,2024-06-20,2000000.00,4.466457,100.4375
08:00:38,91282CKV2,TSRYS5823596,D,S,T,2024-06-20,1000000.00,4.466457,100.4375
08:00:38,91282CKV2,TSRYS5823596,D,S,T,2024-06-20,5000000.00,4.466457,100.4375
08:00:38,91282CKV2,TSRYS5823596,D,S,T,2024-06-20,5000000.00,4.466457,100.4375
08:00:38,91282CKV2,TSRYS5823596,D,S,T,2024-06-20,1000000.00,4.466457,100.4375
08:00:38,91282CKV2,TSRYS5823596,D,S,T,2024-06-20,4000000.00,4.466457,100.4375
08:00:38,91282CKV2,TSRYS5823596,D,S,T,2024-06-20,1000000.00,4.466457,100.4375
08:00:38,91282CKV2,TSRYS5823596,D,S,T,2024-06-20,1000000.00,4.466457,100.4375
08:00:38,91282CKV2,TSRYS5823596,D,S,T,2024-06-20,1000000.00,4.466457,100.4375
08:00:38,91282CKV2,TSRYS5823596,D,S,T,2024-06-20,5000000.00,4.466457,100.4375
08:00:38,91282CKV2,TSRYS5823596,D,S,T,2024-06-20,4000000.00,4.466457,100.4375
08:00:38,91282CKV2,TSRYS5823596,D,S,T,2024-06-20,1000000.00,4.466457,100.4375
08:00:38,91282CKV2,TSRYS5823596,D,S,T,2024-06-20,1000000.00,4.466457,100.4375
08:00:38,91282CKV2,TSRYS5823596,D,S,T,2024-06-20,1000000.00,4.466457,100.4375
08:00:38,91282CKV2,TSRYS5823596,D,S,T,2024-06-20,1000000.00,4.466457,100.4375
08:00:38,91282CKV2,TSRYS5823596,D,S,T,2024-06-20,2000000.00,4.466457,100.4375
08:00:38,91282CKV2,TSRYS5823596,D,S,T,2024-06-20,2000000.00,4.466457,100.4375
08:00:38,91282CKV2,TSRYS5823596,D,S,T,2024-06-20,1000000.00,4.466457,100.4375
08:00:38,91282CKV2,TSRYS5823596,D,S,T,2024-06-20,4000000.00,4.466457,100.4375
08:00:38,91282CKV2,TSRYS5823596,D,S,T,2024-06-20,1000000.00,4.466457,100.4375
08:00:38,91282CKV2,TSRYS5823596,D,S,T,2024-06-20,1000000.00,4.468571,100.431640625
08:00:38,91282CKV2,TSRYS5823596,D,S,T,2024-06-20,6000000.00,4.469276,100.4296875
08:00:38,91282CKV2,TSRYS5823596,D,S,T,2024-06-20,1000000.00,4.469276,100.4296875
08:00:38,91282CKV2,TSRYS5823596,D,S,T,2024-06-20,1000000.00,4.469276,100.4296875
08:00:38,91282CKV2,TSRYS5823596,D,S,T,2024-06-20,9000000.00,4.469276,100.4296875
08:00:38,91282CKV2,TSRYS5823596,D,S,T,2024-06-20,1000000.00,4.468571,100.431640625
08:00:38,91282CKV2,TSRYS5823596,D,S,T,2024-06-20,1000000.00,4.469276,100.4296875
08:00:38,91282CKV2,TSRYS5823596,D,S,T,2024-06-20,1000000.00,4.469276,100.4296875
08:00:38,91282CKV2,TSRYS5823596,D,S,T,2024-06-20,1000000.00,4.469276,100.4296875
08:00:38,91282CKV2,TSRYS5823596,D,S,T,2024-06-20,1000000.00,4.469276,100.4296875
08:00:38,91282CKV2,TSRYS5823596,D,S,T,2024-06-20,1000000.00,4.469276,100.4296875
08:00:38,91282CKV2,TSRYS5823596,D,S,T,2024-06-20,1000000.00,4.469276,100.4296875
08:00:38,91282CKV2,TSRYS5823596,D,S,T,2024-06-20,3000000.00,4.46998,100.427734375
08:00:38,91282CKV2,TSRYS5823596,D,S,T,2024-06-20,5000000.00,4.46998,100.427734375
08:00:38,91282CKV2,TSRYS5823596,D,S,T,2024-06-20,5000000.00,4.470685,100.42578125
08:00:38,91282CKV2,TSRYS5823596,D,S,T,2024-06-20,1000000.00,4.470685,100.42578125
08:00:38,91282CKV2,TSRYS5823596,D,S,T,2024-06-20,1000000.00,4.470685,100.42578125
08:00:38,91282CKV2,TSRYS5823596,D,S,T,2024-06-20,1000000.00,4.470685,100.42578125
08:00:38,91282CKV2,TSRYS5823596,D,S,T,2024-06-20,1000000.00,4.470685,100.42578125
08:00:38,91282CKV2,TSRYS5823596,D,S,T,2024-06-20,1000000.00,4.470685,100.42578125
08:00:38,91282CKV2,TSRYS5823596,D,S,T,2024-06-20,1000000.00,4.470685,100.42578125
08:00:38,91282CKV2,TSRYS5823596,D,S,T,2024-06-20,1000000.00,4.470685,100.42578125
08:00:38,91282CKV2,TSRYS5823596,D,S,T,2024-06-20,1000000.00,4.470685,100.42578125
08:00:38,91282CKV2,TSRYS5823596,D,S,T,2024-06-20,1000000.00,4.470685,100.42578125
08:00:38,91282CKV2,TSRYS5823596,D,S,T,2024-06-20,1000000.00,4.470685,100.42578125
08:00:38,91282CKV2,TSRYS5823596,D,S,T,2024-06-20,3000000.00,4.470685,100.42578125
08:00:38,91282CKV2,TSRYS5823596,D,S,T,2024-06-20,5000000.00,4.46998,100.427734375
08:00:38,91282CKV2,TSRYS5823596,D,S,T,2024-06-20,12000000.00,4.470685,100.42578125
08:00:38,91282CKV2,TSRYS5823596,D,S,T,2024-06-20,1000000.00,4.470685,100.42578125
08:00:38,91282CKV2,TSRYS5823596,D,S,T,2024-06-20,1000000.00,4.470685,100.42578125
08:00:38,91282CKV2,TSRYS5823596,D,S,T,2024-06-20,2000000.00,4.470685,100.42578125
08:00:38,91282CKV2,TSRYS5823596,D,S,T,2024-06-20,1000000.00,4.470685,100.42578125
08:00:38,91282CKV2,TSRYS5823596,D,S,T,2024-06-20,1000000.00,4.470685,100.42578125
08:00:38,91282CKV2,TSRYS5823596,D,S,T,2024-06-20,1000000.00,4.470685,100.42578125
08:00:38,91282CKV2,TSRYS5823596,D,S,T,2024-06-20,8000000.00,4.470685,100.42578125
08:00:38,91282CKV2,TSRYS5823596,D,S,T,2024-06-20,3000000.00,4.472094,100.421875
08:00:38,91282CKV2,TSRYS5823596,D,S,T,2024-06-20,1000000.00,4.472094,100.421875
08:00:38,91282CKV2,TSRYS5823596,D,S,T,2024-06-20,4000000.00,4.472094,100.421875
08:00:38,91282CKV2,TSRYS5823596,D,S,T,2024-06-20,2000000.00,4.47139,100.423828125
08:00:38,91282CKV2,TSRYS5823596,D,S,T,2024-06-20,1000000.00,4.472094,100.421875
08:00:38,91282CKV2,TSRYS5823596,D,S,T,2024-06-20,1000000.00,4.472094,100.421875
08:00:38,91282CKV2,TSRYS5823596,D,S,T,2024-06-20,1000000.00,4.472094,100.421875
08:00:39,91282CKV2,TSRYS5823596,D,S,T,2024-06-20,5000000.00,4.469276,100.4296875
08:00:39,91282CKV2,TSRYS5823596,D,S,T,2024-06-20,2000000.00,4.469276,100.4296875
08:00:39,91282CKV2,TSRYS5823596,D,S,T,2024-06-20,2000000.00,4.469276,100.4296875
08:00:39,91282CKV2,TSRYS5823596,D,S,T,2024-06-20,3000000.00,4.469276,100.4296875
08:00:39,91282CKV2,TSRYS5823596,D,S,T,2024-06-20,3000000.00,4.469276,100.4296875
08:00:39,91282CKV2,TSRYS5823596,D,S,T,2024-06-20,1000000.00,4.469276,100.4296875
08:00:39,91282CKV2,TSRYS5823596,D,S,T,2024-06-20,1000000.00,4.469276,100.4296875
08:00:39,91282CKV2,TSRYS5823596,D,S,T,2024-06-20,1000000.00,4.469276,100.4296875
08:00:39,91282CKV2,TSRYS5823596,D,S,T,2024-06-20,5000000.00,4.469276,100.4296875
08:00:39,91282CKV2,TSRYS5823596,D,S,T,2024-06-20,2000000.00,4.469276,100.4296875
08:00:39,91282CKV2,TSRYS5823596,D,S,T,2024-06-20,2000000.00,4.469276,100.4296875
08:00:39,91282CKV2,TSRYS5823596,D,S,T,2024-06-20,1000000.00,4.469276,100.4296875
08:00:39,91282CKV2,TSRYS5823596,D,S,T,2024-06-20,1000000.00,4.469276,100.4296875
08:00:39,91282CKV2,TSRYS5823596,D,S,T,2024-06-20,1000000.00,4.469276,100.4296875
08:00:39,91282CKV2,TSRYS5823596,D,S,T,2024-06-20,1000000.00,4.469276,100.4296875
08:00:39,91282CKV2,TSRYS5823596,D,S,T,2024-06-20,1000000.00,4.469276,100.4296875
08:00:39,91282CKV2,TSRYS5823596,D,S,T,2024-06-20,3000000.00,4.469276,100.4296875
08:00:39,91282CKV2,TSRYS5823596,D,S,T,2024-06-20,2000000.00,4.469276,100.4296875
08:00:39,91282CKV2,TSRYS5823596,D,S,T,2024-06-20,2000000.00,4.469276,100.4296875
08:00:39,91282CKV2,TSRYS5823596,D,S,T,2024-06-20,1000000.00,4.469276,100.4296875
08:00:39,91282CKV2,TSRYS5823596,D,S,T,2024-06-20,5000000.00,4.469276,100.4296875
08:00:39,91282CKV2,TSRYS5823596,D,S,T,2024-06-20,1000000.00,4.469276,100.4296875
08:00:39,91282CKV2,TSRYS5823596,D,S,T,2024-06-20,1000000.00,4.469276,100.4296875
08:00:39,91282CKV2,TSRYS5823596,D,S,T,2024-06-20,3000000.00,4.469276,100.4296875
08:00:39,91282CKV2,TSRYS5823596,D,S,T,2024-06-20,1000000.00,4.469276,100.4296875
08:00:39,91282CKV2,TSRYS5823596,D,S,T,2024-06-20,1000000.00,4.469276,100.4296875
08:00:39,91282CKV2,TSRYS5823596,D,S,T,2024-06-20,1000000.00,4.469276,100.4296875
08:00:39,91282CKV2,TSRYS5823596,D,S,T,2024-06-20,1000000.00,4.460821,100.453125
08:00:39,91282CKV2,TSRYS5823596,D,S,D,2024-06-20,1000000.00,4.458004,100.4609375
08:00:39,91282CKV2,TSRYS5823596,D,S,A,2024-06-20,1000000.00,4.466457,100.4375
08:00:39,91282CKV2,TSRYS5823596,D,S,A,2024-06-20,1000000.00,4.466457,100.4375
08:00:39,91282CKV2,TSRYS5823596,D,S,A,2024-06-20,1000000.00,4.466457,100.4375
08:00:39,91282CKV2,TSRYS5823596,D,S,A,2024-06-20,1000000.00,4.466457,100.4375
08:00:39,91282CKV2,TSRYS5823596,D,S,A,2024-06-20,1000000.00,4.466457,100.4375
08:00:39,91282CKV2,TSRYS5823596,D,S,A,2024-06-20,1000000.00,4.466457,100.4375
08:00:39,91282CKV2,TSRYS5823596,D,S,C,2024-06-20,18900000.00,4.473504,100.41796875
08:00:39,91282CKV2,TSRYS5823596,D,S,T,2024-06-20,1000000.00,4.470685,100.42578125
08:00:39,91282CKV2,TSRYS5823596,D,S,C,2024-06-20,22200000.00,4.470685,100.42578125
08:00:39,91282CKV2,TSRYS5823596,D,S,C,2024-06-20,90200000.00,4.472094,100.421875
08:00:39,91282CKV2,TSRYS5823596,D,B,A,2024-06-20,8000000.00,4.473504,100.41796875
08:00:42,91282CKV2,TSRYS5823596,D,S,D,2024-06-20,1000000.00,4.470685,100.42578125
08:00:42,91282CKV2,TSRYS5823596,D,S,D,2024-06-20,125000000.00,4.471627,100.42317
08:00:42,91282CKV2,TSRYS5823596,D,S,A,2024-06-20,867000.00,4.470685,100.42578125
08:00:42,91282CKV2,TSRYS5823596,D,S,C,2024-06-20,44000000.00,4.469276,100.4296875
08:00:42,91282CKV2,TSRYS5823596,D,S,C,2024-06-20,6900000.00,4.470685,100.42578125
08:00:42,91282CKV2,TSRYS5823596,D,S,T,2024-06-20,1000000.00,4.472094,100.421875
08:00:42,91282CKV2,TSRYS5823596,D,S,T,2024-06-20,1000000.00,4.472094,100.421875
08:00:42,91282CKV2,TSRYS5823596,D,S,T,2024-06-20,1000000.00,4.467866,100.43359375
08:00:42,91282CKV2,TSRYS5823596,D,S,D,2024-06-20,95000.00,4.46664,100.4375
08:00:42,91282CKV2,TSRYS5823596,D,S,T,2024-06-20,1000000.00,4.465048,100.44140625
08:00:42,91282CKV2,TSRYS5823596,D,S,D,2024-06-20,1000000.00,4.465048,100.44140625
08:00:42,91282CKV2,TSRYS5823596,D,S,D,2024-06-20,1000000.00,4.465048,100.44140625
08:00:42,91282CKV2,TSRYS5823596,D,S,T,2024-06-20,2000000.00,4.465048,100.44140625
08:00:42,91282CKV2,TSRYS5823596,D,S,T,2024-06-20,1000000.00,4.465048,100.44140625
08:00:42,91282CKV2,TSRYS5823596,D,S,T,2024-06-20,1000000.00,4.465048,100.44140625
08:00:42,91282CKV2,TSRYS5823596,D,S,T,2024-06-20,3000000.00,4.465048,100.44140625
08:00:42,91282CKV2,TSRYS5823596,D,S,T,2024-06-20,1000000.00,4.465048,100.44140625
08:00:42,91282CKV2,TSRYS5823596,D,S,T,2024-06-20,1000000.00,4.465048,100.44140625
08:00:42,91282CKV2,TSRYS5823596,D,S,T,2024-06-20,1000000.00,4.465048,100.44140625
08:00:42,91282CKV2,TSRYS5823596,D,S,T,2024-06-20,1000000.00,4.465048,100.44140625
08:00:42,91282CKV2,TSRYS5823596,D,S,T,2024-06-20,1000000.00,4.465048,100.44140625
08:00:42,91282CKV2,TSRYS5823596,D,S,T,2024-06-20,1000000.00,4.465048,100.44140625
08:00:42,91282CKV2,TSRYS5823596,D,S,T,2024-06-20,1000000.00,4.465048,100.44140625
08:00:42,91282CKV2,TSRYS5823596,D,S,T,2024-06-20,1000000.00,4.465048,100.44140625
08:00:42,91282CKV2,TSRYS5823596,D,S,T,2024-06-20,1000000.00,4.465048,100.44140625
08:00:42,91282CKV2,TSRYS5823596,D,S,A,2024-06-20,66000.00,4.46223,100.44921875
08:00:45,91282CKV2,TSRYS5823596,D,B,A,2024-06-20,850000.00,4.467866,100.43359375
08:00:46,91282CKV2,TSRYS5823596,D,B,A,2024-06-20,5500000.00,4.470685,100.42578125
08:00:47,91282CKV2,TSRYS5823596,D,S,D,2024-06-20,1000000.00,4.472094,100.421875
08:00:47,91282CKV2,TSRYS5823596,D,S,A,2024-06-20,960000.00,4.458004,100.4609375
08:00:47,91282CKV2,TSRYS5823596,D,B,A,2024-06-20,180000.00,4.459412,100.45703125
08:00:48,91282CKV2,TSRYS5823596,D,B,A,2024-06-20,780000.00,4.456539,100.465
08:00:48,91282CKV2,TSRYS5823596,D,S,D,2024-06-20,1000000.00,4.470685,100.42578125
08:00:50,91282CKV2,TSRYS5823596,D,S,D,2024-06-20,1000000.00,4.469276,100.4296875
08:00:50,91282CKV2,TSRYS5823596,D,S,D,2024-06-20,1000000.00,4.472094,100.421875
08:00:50,91282CKV2,TSRYS5823596,D,S,D,2024-06-20,1000000.00,4.472094,100.421875
08:00:51,91282CKV2,TSRYS5823596,D,S,T,2024-06-20,1000000.00,4.470722,100.42567925
08:00:51,91282CKV2,TSRYS5823596,D,S,D,2024-06-20,1000000.00,4.465048,100.44140625
08:00:51,91282CKV2,TSRYS5823596,D,S,D,2024-06-20,1000000.00,4.465048,100.44140625
08:00:51,91282CKV2,TSRYS5823596,D,S,T,2024-06-20,1000000.00,4.470722,100.42567925
08:00:51,91282CKV2,TSRYS5823596,D,S,T,2024-06-20,1000000.00,4.470722,100.42567925
08:00:51,91282CKV2,TSRYS5823596,D,S,T,2024-06-20,1000000.00,4.470722,100.42567925
08:00:51,91282CKV2,TSRYS5823596,D,S,T,2024-06-20,1000000.00,4.470722,100.42567925
08:00:51,91282CKV2,TSRYS5823596,D,S,T,2024-06-20,1000000.00,4.470722,100.42567925
08:00:51,91282CKV2,TSRYS5823596,D,S,T,2024-06-20,1000000.00,4.470722,100.42567925
08:00:51,91282CKV2,TSRYS5823596,D,S,T,2024-06-20,1000000.00,4.470722,100.42567925
08:00:51,91282CKV2,TSRYS5823596,D,S,T,2024-06-20,1000000.00,4.470722,100.42567925
08:00:51,91282CKV2,TSRYS5823596,D,S,T,2024-06-20,1000000.00,4.470722,100.42567925
08:00:51,91282CKV2,TSRYS5823596,D,S,T,2024-06-20,1000000.00,4.470722,100.42567925
08:00:51,91282CKV2,TSRYS5823596,D,S,T,2024-06-20,1000000.00,4.470722,100.42567925
08:00:51,91282CKV2,TSRYS5823596,D,S,T,2024-06-20,1000000.00,4.470722,100.42567925
08:00:51,91282CKV2,TSRYS5823596,D,S,T,2024-06-20,2000000.00,4.470722,100.42567925
08:00:51,91282CKV2,TSRYS5823596,D,S,T,2024-06-20,1000000.00,4.470722,100.42567925
08:00:51,91282CKV2,TSRYS5823596,D,S,T,2024-06-20,1000000.00,4.470722,100.42567925
08:00:51,91282CKV2,TSRYS5823596,D,S,T,2024-06-20,1000000.00,4.470722,100.42567925
08:00:51,91282CKV2,TSRYS5823596,D,S,T,2024-06-20,1000000.00,4.470722,100.42567925
08:00:51,91282CKV2,TSRYS5823596,D,S,T,2024-06-20,1000000.00,4.470722,100.42567925
08:00:51,91282CKV2,TSRYS5823596,D,S,T,2024-06-20,1000000.00,4.470722,100.42567925
08:00:51,91282CKV2,TSRYS5823596,D,S,T,2024-06-20,3000000.00,4.470722,100.42567925
08:00:51,91282CKV2,TSRYS5823596,D,S,T,2024-06-20,1000000.00,4.470722,100.42567925
08:00:51,91282CKV2,TSRYS5823596,D,S,T,2024-06-20,1000000.00,4.470722,100.42567925
08:00:51,91282CKV2,TSRYS5823596,D,S,T,2024-06-20,1000000.00,4.470722,100.42567925
08:00:51,91282CKV2,TSRYS5823596,D,S,T,2024-06-20,1000000.00,4.470722,100.42567925
08:00:51,91282CKV2,TSRYS5823596,D,S,T,2024-06-20,1000000.00,4.470722,100.42567925
08:00:52,91282CKV2,TSRYS5823596,D,S,D,2024-06-20,1000000.00,4.460821,100.453125
08:00:53,91282CKV2,TSRYS5823596,D,S,T,2024-06-20,1000000.00,4.467162,100.435546875
08:00:55,91282CKV2,TSRYS5823596,D,S,A,2024-06-20,850000.00,4.467866,100.43359375
08:00:57,91282CKV2,TSRYS5823596,D,S,T,2024-06-20,2000000.00,4.461526,100.451171875
08:00:57,91282CKV2,TSRYS5823596,D,S,D,2024-06-20,2000000.00,4.469276,100.4296875
08:00:58,91282CKV2,TSRYS5823596,D,S,D,2024-06-20,1000000.00,4.459412,100.45703125
08:00:58,91282CKV2,TSRYS5823596,D,S,D,2024-06-20,1000000.00,4.464344,100.443359375
08:00:58,91282CKV2,TSRYS5823596,D,S,T,2024-06-20,4000000.00,4.464344,100.443359375
08:00:59,91282CKV2,TSRYS5823596,D,S,T,2024-06-20,1000000.00,4.465048,100.44140625
08:01:00,91282CKV2,TSRYS5823596,D,S,D,2024-06-20,1000000.00,4.465048,100.44140625
08:01:00,91282CKV2,TSRYS5823596,D,S,T,2024-06-20,1000000.00,4.458112,100.4606375
08:01:00,91282CKV2,TSRYS5823596,D,S,T,2024-06-20,1000000.00,4.456703,100.46454375
08:01:00,91282CKV2,TSRYS5823596,D,S,T,2024-06-20,1000000.00,4.465048,100.44140625
08:01:01,91282CKV2,TSRYS5823596,D,S,D,2024-06-20,1000000.00,4.465048,100.44140625
08:01:01,91282CKV2,TSRYS5823596,D,S,T,2024-06-20,1000000.00,4.465048,100.44140625
08:01:02,91282CKV2,TSRYS5823596,D,S,D,2024-06-20,1000000.00,4.464344,100.443359375
08:01:02,91282CKV2,TSRYS5823596,D,S,D,2024-06-20,1000000.00,4.462935,100.447265625
08:01:02,91282CKV2,TSRYS5823596,D,B,C,2024-06-20,2000000.00,4.462935,100.447265625
08:01:02,91282CKV2,TSRYS5823596,D,S,D,2024-06-20,1000000.00,4.462935,100.447265625
08:01:02,91282CKV2,TSRYS5823596,D,S,D,2024-06-20,1000000.00,4.462935,100.447265625
08:01:02,91282CKV2,TSRYS5823596,D,B,C,2024-06-20,1000000.00,4.462935,100.447265625
08:01:02,91282CKV2,TSRYS5823596,D,S,D,2024-06-20,3000000.00,4.462935,100.447265625
08:01:02,91282CKV2,TSRYS5823596,D,S,D,2024-06-20,2000000.00,4.462935,100.447265625
08:01:02,91282CKV2,TSRYS5823596,D,B,C,2024-06-20,1000000.00,4.462935,100.447265625
08:01:02,91282CKV2,TSRYS5823596,D,B,C,2024-06-20,2000000.00,4.462935,100.447265625
08:01:02,91282CKV2,TSRYS5823596,D,B,C,2024-06-20,1000000.00,4.462935,100.447265625
08:01:02,91282CKV2,TSRYS5823596,D,S,D,2024-06-20,2000000.00,4.462935,100.447265625
08:01:02,91282CKV2,TSRYS5823596,D,S,D,2024-06-20,2000000.00,4.462935,100.447265625
08:01:02,91282CKV2,TSRYS5823596,D,B,C,2024-06-20,2000000.00,4.462935,100.447265625
08:01:02,91282CKV2,TSRYS5823596,D,B,C,2024-06-20,1000000.00,4.464344,100.443359375
08:01:02,91282CKV2,TSRYS5823596,D,S,D,2024-06-20,1000000.00,4.463639,100.4453125
08:01:02,91282CKV2,TSRYS5823596,D,S,D,2024-06-20,1000000.00,4.464344,100.443359375
08:01:02,91282CKV2,TSRYS5823596,D,S,D,2024-06-20,1000000.00,4.463639,100.4453125
08:01:02,91282CKV2,TSRYS5823596,D,B,C,2024-06-20,1000000.00,4.463639,100.4453125
08:01:02,91282CKV2,TSRYS5823596,D,B,C,2024-06-20,1000000.00,4.463639,100.4453125
08:01:02,91282CKV2,TSRYS5823596,D,S,C,2024-06-20,2000000.00,4.465048,100.44140625
08:01:02,91282CKV2,TSRYS5823596,D,S,C,2024-06-20,1000000.00,4.468571,100.431640625
08:01:02,91282CKV2,TSRYS5823596,D,B,C,2024-06-20,1980000.00,4.465048,100.44140625
08:01:02,91282CKV2,TSRYS5823596,D,S,T,2024-06-20,5000000.00,4.465048,100.44140625
08:01:02,91282CKV2,TSRYS5823596,D,S,C,2024-06-20,1980000.00,4.465232,100.44140625
08:01:03,91282CKV2,TSRYS5823596,D,S,C,2024-06-20,1000000.00,4.468571,100.431640625
08:01:03,91282CKV2,TSRYS5823596,D,S,C,2024-06-20,2035000.00,4.463639,100.4453125
08:01:03,91282CKV2,TSRYS5823596,D,S,T,2024-06-20,5000000.00,4.465048,100.44140625
08:01:03,91282CKV2,TSRYS5823596,D,S,D,2024-06-20,1410000.00,4.464344,100.443359375
08:01:03,91282CKV2,TSRYS5823596,D,S,C,2024-06-20,1000000.00,4.467866,100.43359375
08:01:03,91282CKV2,TSRYS5823596,D,B,C,2024-06-20,1000000.00,4.467866,100.43359375
08:01:03,91282CKV2,TSRYS5823596,D,S,D,2024-06-20,1000000.00,4.467162,100.435546875
08:01:03,91282CKV2,TSRYS5823596,D,S,D,2024-06-20,1000000.00,4.467162,100.435546875
08:01:03,91282CKV2,TSRYS5823596,D,S,T,2024-06-20,3000000.00,4.465048,100.44140625
08:01:03,91282CKV2,TSRYS5823596,D,S,C,2024-06-20,1000000.00,4.467866,100.43359375
08:01:03,91282CKV2,TSRYS5823596,D,S,T,2024-06-20,5000000.00,4.465048,100.44140625
08:01:03,91282CKV2,TSRYS5823596,D,S,D,2024-06-20,1000000.00,4.467162,100.435546875
08:01:03,91282CKV2,TSRYS5823596,D,B,C,2024-06-20,1000000.00,4.467162,100.435546875
08:01:03,91282CKV2,TSRYS5823596,D,S,C,2024-06-20,1000000.00,4.465753,100.439453125
08:01:03,91282CKV2,TSRYS5823596,D,S,C,2024-06-20,1000000.00,4.466457,100.4375
08:01:04,91282CKV2,TSRYS5823596,D,B,C,2024-06-20,1000000.00,4.466457,100.4375
08:01:04,91282CKV2,TSRYS5823596,D,B,C,2024-06-20,1000000.00,4.46998,100.427734375
08:01:04,91282CKV2,TSRYS5823596,D,B,C,2024-06-20,1000000.00,4.469276,100.4296875
08:01:04,91282CKV2,TSRYS5823596,D,S,C,2024-06-20,1000000.00,4.469276,100.4296875
08:01:04,91282CKV2,TSRYS5823596,D,S,C,2024-06-20,1000000.00,4.466457,100.4375
08:01:04,91282CKV2,TSRYS5823596,D,S,C,2024-06-20,1000000.00,4.46998,100.427734375
08:01:04,91282CKV2,TSRYS5823596,D,S,C,2024-06-20,2000000.00,4.469276,100.4296875
08:01:04,91282CKV2,TSRYS5823596,D,S,C,2024-06-20,1000000.00,4.468571,100.431640625
08:01:04,91282CKV2,TSRYS5823596,D,S,T,2024-06-20,1000000.00,4.465048,100.44140625
08:01:04,91282CKV2,TSRYS5823596,D,S,T,2024-06-20,2000000.00,4.465048,100.44140625
08:01:04,91282CKV2,TSRYS5823596,D,B,C,2024-06-20,1000000.00,4.464344,100.443359375
08:01:04,91282CKV2,TSRYS5823596,D,S,D,2024-06-20,1000000.00,4.464344,100.443359375
08:01:04,91282CKV2,TSRYS5823596,D,B,C,2024-06-20,2000000.00,4.458004,100.4609375
08:01:04,91282CKV2,TSRYS5823596,D,S,D,2024-06-20,1000000.00,4.464344,100.443359375
08:01:04,91282CKV2,TSRYS5823596,D,S,D,2024-06-20,2000000.00,4.458004,100.4609375
08:01:04,91282CKV2,TSRYS5823596,D,S,D,2024-06-20,1000000.00,4.459412,100.45703125
08:01:04,91282CKV2,TSRYS5823596,D,B,C,2024-06-20,1000000.00,4.459412,100.45703125
08:01:04,91282CKV2,TSRYS5823596,D,S,C,2024-06-20,1000000.00,4.458004,100.4609375
08:01:04,91282CKV2,TSRYS5823596,D,S,T,2024-06-20,5000000.00,4.465048,100.44140625
08:01:04,91282CKV2,TSRYS5823596,D,S,D,2024-06-20,1000000.00,4.468571,100.431640625
08:01:04,91282CKV2,TSRYS5823596,D,S,A,2024-06-20,10000000.00,4.470685,100.425781
08:01:04,91282CKV2,TSRYS5823596,D,S,T,2024-06-20,1000000.00,4.465048,100.44140625
08:01:05,91282CKV2,TSRYS5823596,D,S,A,2024-06-20,2876000.00,4.470685,100.425781
08:01:05,91282CKV2,TSRYS5823596,D,S,T,2024-06-20,1000000.00,4.465048,100.44140625
08:01:05,91282CKV2,TSRYS5823596,D,B,A,2024-06-20,363000.00,4.465048,100.441406
08:01:05,91282CKV2,TSRYS5823596,D,S,T,2024-06-20,1000000.00,4.465048,100.44140625
08:01:05,91282CKV2,TSRYS5823596,D,S,T,2024-06-20,1000000.00,4.465048,100.44140625
08:01:06,91282CKV2,TSRYS5823596,D,S,T,2024-06-20,1000000.00,4.465048,100.44140625
08:01:06,91282CKV2,TSRYS5823596,D,S,T,2024-06-20,1000000.00,4.465048,100.44140625
08:01:06,91282CKV2,TSRYS5823596,D,S,T,2024-06-20,1000000.00,4.465048,100.44140625
08:01:06,91282CKV2,TSRYS5823596,D,S,T,2024-06-20,1000000.00,4.465048,100.44140625
08:01:07,91282CKV2,TSRYS5823596,D,S,T,2024-06-20,5000000.00,4.465048,100.44140625
08:01:07,91282CKV2,TSRYS5823596,D,S,T,2024-06-20,5000000.00,4.465048,100.44140625
08:01:07,91282CKV2,TSRYS5823596,D,S,T,2024-06-20,3000000.00,4.465048,100.44140625
08:01:07,91282CKV2,TSRYS5823596,D,B,C,2024-06-20,9900000.00,4.458708,100.45898438
08:01:07,91282CKV2,TSRYS5823596,D,S,T,2024-06-20,1000000.00,4.465048,100.44140625
08:01:08,91282CKV2,TSRYS5823596,D,S,T,2024-06-20,2000000.00,4.465048,100.44140625
08:01:08,91282CKV2,TSRYS5823596,D,S,T,2024-06-20,1000000.00,4.465048,100.44140625
08:01:10,91282CKV2,TSRYS5823596,D,B,A,2024-06-20,3900000.00,4.469276,100.4296875
08:01:10,91282CKV2,TSRYS5823596,D,S,T,2024-06-20,2000000.00,4.470685,100.42578125
08:01:10,91282CKV2,TSRYS5823596,D,S,T,2024-06-20,1000000.00,4.470685,100.42578125
08:01:10,91282CKV2,TSRYS5823596,D,S,T,2024-06-20,1000000.00,4.470685,100.42578125
08:01:10,91282CKV2,TSRYS5823596,D,S,T,2024-06-20,1000000.00,4.470685,100.42578125
08:01:10,91282CKV2,TSRYS5823596,D,S,T,2024-06-20,1000000.00,4.470722,100.42567925
08:01:10,91282CKV2,TSRYS5823596,D,S,T,2024-06-20,1000000.00,4.46438,100.443259375
08:01:10,91282CKV2,TSRYS5823596,D,S,T,2024-06-20,1000000.00,4.470722,100.42567925
08:01:10,91282CKV2,TSRYS5823596,D,S,T,2024-06-20,2000000.00,4.470722,100.42567925
08:01:10,91282CKV2,TSRYS5823596,D,S,T,2024-06-20,1000000.00,4.470722,100.42567925
08:01:10,91282CKV2,TSRYS5823596,D,S,T,2024-06-20,1000000.00,4.470722,100.42567925
08:01:10,91282CKV2,TSRYS5823596,D,S,T,2024-06-20,1000000.00,4.470722,100.42567925
08:01:10,91282CKV2,TSRYS5823596,D,S,T,2024-06-20,1000000.00,4.470722,100.42567925
08:01:10,91282CKV2,TSRYS5823596,D,S,T,2024-06-20,1000000.00,4.470722,100.42567925
08:01:10,91282CKV2,TSRYS5823596,D,S,T,2024-06-20,1000000.00,4.470722,100.42567925
08:01:10,91282CKV2,TSRYS5823596,D,S,T,2024-06-20,2000000.00,4.470722,100.42567925
08:01:10,91282CKV2,TSRYS5823596,D,S,T,2024-06-20,1000000.00,4.470722,100.42567925
08:01:10,91282CKV2,TSRYS5823596,D,S,T,2024-06-20,1000000.00,4.464407,100.443184375
08:01:10,91282CKV2,TSRYS5823596,D,S,T,2024-06-20,1000000.00,4.470685,100.42578125
08:01:10,91282CKV2,TSRYS5823596,D,S,T,2024-06-20,1000000.00,4.470685,100.42578125
08:01:10,91282CKV2,TSRYS5823596,D,S,T,2024-06-20,1000000.00,4.470722,100.42567925
08:01:10,91282CKV2,TSRYS5823596,D,S,T,2024-06-20,1000000.00,4.470722,100.42567925
08:01:10,91282CKV2,TSRYS5823596,D,S,T,2024-06-20,1000000.00,4.470722,100.42567925
08:01:10,91282CKV2,TSRYS5823596,D,S,T,2024-06-20,1000000.00,4.470722,100.42567925
08:01:10,91282CKV2,TSRYS5823596,D,S,T,2024-06-20,1000000.00,4.470722,100.42567925
08:01:11,91282CKV2,TSRYS5823596,D,B,C,2024-06-20,2000000.00,4.463926,100.4445165
08:01:11,91282CKV2,TSRYS5823596,D,S,D,2024-06-20,8000000.00,4.466981,100.4360469
08:01:11,91282CKV2,TSRYS5823596,D,S,T,2024-06-20,8000000.00,4.472094,100.421875
08:01:11,91282CKV2,TSRYS5823596,D,S,T,2024-06-20,4000000.00,4.472131,100.421773
08:01:11,91282CKV2,TSRYS5823596,D,S,C,2024-06-20,2000000.00,4.453883,100.4723641
08:01:11,91282CKV2,TSRYS5823596,D,S,T,2024-06-20,1000000.00,4.472131,100.421773
08:01:11,91282CKV2,TSRYS5823596,D,S,T,2024-06-20,1000000.00,4.472131,100.421773
08:01:11,91282CKV2,TSRYS5823596,D,S,T,2024-06-20,1000000.00,4.472131,100.421773
08:01:11,91282CKV2,TSRYS5823596,D,S,T,2024-06-20,1000000.00,4.472131,100.421773
08:01:11,91282CKV2,TSRYS5823596,D,S,T,2024-06-20,1000000.00,4.472131,100.421773
08:01:11,91282CKV2,TSRYS5823596,D,S,T,2024-06-20,1000000.00,4.472131,100.421773
08:01:11,91282CKV2,TSRYS5823596,D,S,T,2024-06-20,1000000.00,4.472131,100.421773
08:01:11,91282CKV2,TSRYS5823596,D,S,T,2024-06-20,1000000.00,4.472131,100.421773
08:01:11,91282CKV2,TSRYS5823596,D,S,T,2024-06-20,1000000.00,4.472131,100.421773
08:01:11,91282CKV2,TSRYS5823596,D,S,T,2024-06-20,1000000.00,4.472131,100.421773
08:01:11,91282CKV2,TSRYS5823596,D,S,T,2024-06-20,1000000.00,4.472131,100.421773
08:01:11,91282CKV2,TSRYS5823596,D,S,T,2024-06-20,1000000.00,4.472131,100.421773
08:01:11,91282CKV2,TSRYS5823596,D,S,T,2024-06-20,2000000.00,4.472131,100.421773
08:01:11,91282CKV2,TSRYS5823596,D,S,T,2024-06-20,1000000.00,4.472131,100.421773
08:01:11,91282CKV2,TSRYS5823596,D,S,T,2024-06-20,1000000.00,4.472131,100.421773
08:01:11,91282CKV2,TSRYS5823596,D,S,T,2024-06-20,1000000.00,4.472131,100.421773
08:01:11,91282CKV2,TSRYS5823596,D,S,T,2024-06-20,1000000.00,4.472131,100.421773
08:01:11,91282CKV2,TSRYS5823596,D,S,T,2024-06-20,1000000.00,4.47354,100.41786675
08:01:11,91282CKV2,TSRYS5823596,D,S,T,2024-06-20,1000000.00,4.47354,100.41786675
08:01:11,91282CKV2,TSRYS5823596,D,S,T,2024-06-20,1000000.00,4.47354,100.41786675
08:01:11,91282CKV2,TSRYS5823596,D,S,T,2024-06-20,2000000.00,4.473504,100.41796875
08:01:12,91282CKV2,TSRYS5823596,D,S,T,2024-06-20,1000000.00,4.473504,100.41796875
08:01:12,91282CKV2,TSRYS5823596,D,S,T,2024-06-20,1000000.00,4.473504,100.41796875
08:01:12,91282CKV2,TSRYS5823596,D,S,T,2024-06-20,1000000.00,4.47354,100.41786675
08:01:12,91282CKV2,TSRYS5823596,D,S,D,2024-06-20,1410000.00,4.464488,100.442959375
08:01:12,91282CKV2,TSRYS5823596,D,S,T,2024-06-20,1000000.00,4.473504,100.41796875
08:01:12,91282CKV2,TSRYS5823596,D,S,T,2024-06-20,1000000.00,4.47354,100.41786675
08:01:12,91282CKV2,TSRYS5823596,D,S,T,2024-06-20,1000000.00,4.47354,100.41786675
08:01:12,91282CKV2,TSRYS5823596,D,S,T,2024-06-20,1000000.00,4.47354,100.41786675
08:01:12,91282CKV2,TSRYS5823596,D,S,T,2024-06-20,3000000.00,4.47354,100.41786675
08:01:13,91282CKV2,TSRYS5823596,D,S,T,2024-06-20,1000000.00,4.469276,100.4296875
08:01:13,91282CKV2,TSRYS5823596,D,S,T,2024-06-20,1000000.00,4.469312,100.4295855
08:01:13,91282CKV2,TSRYS5823596,D,S,T,2024-06-20,1000000.00,4.469312,100.4295855
08:01:13,91282CKV2,TSRYS5823596,D,S,T,2024-06-20,1000000.00,4.469312,100.4295855
08:01:13,91282CKV2,TSRYS5823596,D,S,T,2024-06-20,1000000.00,4.469312,100.4295855
08:01:13,91282CKV2,TSRYS5823596,D,S,T,2024-06-20,1000000.00,4.469312,100.4295855
08:01:13,91282CKV2,TSRYS5823596,D,S,T,2024-06-20,1000000.00,4.469312,100.4295855
08:01:13,91282CKV2,TSRYS5823596,D,S,T,2024-06-20,1000000.00,4.469312,100.4295855
08:01:13,91282CKV2,TSRYS5823596,D,S,T,2024-06-20,1000000.00,4.469312,100.4295855
08:01:13,91282CKV2,TSRYS5823596,D,S,T,2024-06-20,1000000.00,4.469312,100.4295855
08:01:13,91282CKV2,TSRYS5823596,D,S,T,2024-06-20,1000000.00,4.469312,100.4295855
08:01:13,91282CKV2,TSRYS5823596,D,S,T,2024-06-20,1000000.00,4.469312,100.4295855
08:01:13,91282CKV2,TSRYS5823596,D,S,T,2024-06-20,1000000.00,4.469312,100.4295855
08:01:13,91282CKV2,TSRYS5823596,D,S,T,2024-06-20,1000000.00,4.469312,100.4295855
08:01:13,91282CKV2,TSRYS5823596,D,S,T,2024-06-20,1000000.00,4.469312,100.4295855
08:01:13,91282CKV2,TSRYS5823596,D,S,T,2024-06-20,1000000.00,4.470685,100.42578125
08:01:13,91282CKV2,TSRYS5823596,D,S,T,2024-06-20,1000000.00,4.470722,100.42567925
08:01:13,91282CKV2,TSRYS5823596,D,S,T,2024-06-20,2000000.00,4.470722,100.42567925
08:01:13,91282CKV2,TSRYS5823596,D,S,T,2024-06-20,1000000.00,4.470722,100.42567925
08:01:13,91282CKV2,TSRYS5823596,D,S,T,2024-06-20,1000000.00,4.470722,100.42567925
08:01:13,91282CKV2,TSRYS5823596,D,S,T,2024-06-20,1000000.00,4.470722,100.42567925
08:01:13,91282CKV2,TSRYS5823596,D,S,T,2024-06-20,1000000.00,4.470722,100.42567925
08:01:13,91282CKV2,TSRYS5823596,D,S,T,2024-06-20,1000000.00,4.470722,100.42567925
08:01:13,91282CKV2,TSRYS5823596,D,S,T,2024-06-20,1000000.00,4.470722,100.42567925
08:01:13,91282CKV2,TSRYS5823596,D,S,D,2024-06-20,1000000.00,4.47139,100.423828125
08:01:13,91282CKV2,TSRYS5823596,D,S,D,2024-06-20,1000000.00,4.474208,100.416015625
08:01:13,91282CKV2,TSRYS5823596,D,S,D,2024-06-20,1000000.00,4.474208,100.416015625
08:01:13,91282CKV2,TSRYS5823596,D,S,D,2024-06-20,1000000.00,4.474208,100.416015625
08:01:14,91282CKV2,TSRYS5823596,D,S,T,2024-06-20,3000000.00,4.470685,100.42578125
08:01:14,91282CKV2,TSRYS5823596,D,S,T,2024-06-20,1000000.00,4.470722,100.42567925
08:01:14,91282CKV2,TSRYS5823596,D,S,T,2024-06-20,1000000.00,4.470722,100.42567925
08:01:14,91282CKV2,TSRYS5823596,D,S,A,2024-06-20,197900000.00,4.44392,100.5
08:01:14,91282CKV2,TSRYS5823596,D,S,T,2024-06-20,1000000.00,4.470722,100.42567925
08:01:14,91282CKV2,TSRYS5823596,D,B,C,2024-06-20,197900000.00,4.44392,100.5
08:01:14,91282CKV2,TSRYS5823596,D,S,T,2024-06-20,1000000.00,4.470722,100.42567925
08:01:14,91282CKV2,TSRYS5823596,D,S,T,2024-06-20,1000000.00,4.470722,100.42567925
08:01:14,91282CKV2,TSRYS5823596,D,S,T,2024-06-20,1000000.00,4.470722,100.42567925
08:01:14,91282CKV2,TSRYS5823596,D,S,T,2024-06-20,1000000.00,4.470722,100.42567925
08:01:14,91282CKV2,TSRYS5823596,D,S,T,2024-06-20,1000000.00,4.46998,100.427734375
08:01:14,91282CKV2,TSRYS5823596,D,S,T,2024-06-20,2000000.00,4.46998,100.427734375
08:01:14,91282CKV2,TSRYS5823596,D,S,C,2024-06-20,990000.00,4.463639,100.4453125
08:01:14,91282CKV2,TSRYS5823596,D,S,T,2024-06-20,2000000.00,4.469276,100.4296875
08:01:14,91282CKV2,TSRYS5823596,D,S,D,2024-06-20,1000000.00,4.472094,100.421875
08:01:14,91282CKV2,TSRYS5823596,D,S,T,2024-06-20,1000000.00,4.469312,100.4295855
08:01:14,91282CKV2,TSRYS5823596,D,S,D,2024-06-20,1000000.00,4.472094,100.421875
08:01:14,91282CKV2,TSRYS5823596,D,B,A,2024-06-20,15513000.00,4.461526,100.451171875
08:01:14,91282CKV2,TSRYS5823596,D,S,C,2024-06-20,2000000.00,4.472799,100.419921875
08:01:14,91282CKV2,TSRYS5823596,D,B,C,2024-06-20,1000000.00,4.47139,100.423828125
08:01:14,91282CKV2,TSRYS5823596,D,S,D,2024-06-20,1000000.00,4.47139,100.423828125
08:01:14,91282CKV2,TSRYS5823596,D,S,C,2024-06-20,1000000.00,4.470685,100.42578125
08:01:14,91282CKV2,TSRYS5823596,D,S,C,2024-06-20,3000000.00,4.469276,100.4296875
08:01:14,91282CKV2,TSRYS5823596,D,S,D,2024-06-20,1000000.00,4.469276,100.4296875
08:01:14,91282CKV2,TSRYS5823596,D,S,C,2024-06-20,1000000.00,4.470685,100.42578125
08:01:14,91282CKV2,TSRYS5823596,D,S,C,2024-06-20,1000000.00,4.470685,100.42578125
08:01:14,91282CKV2,TSRYS5823596,D,S,C,2024-06-20,1000000.00,4.470685,100.42578125
08:01:14,91282CKV2,TSRYS5823596,D,S,C,2024-06-20,1000000.00,4.470685,100.42578125
08:01:14,91282CKV2,TSRYS5823596,D,S,C,2024-06-20,1000000.00,4.47139,100.423828125
08:01:14,91282CKV2,TSRYS5823596,D,S,C,2024-06-20,3000000.00,4.470685,100.42578125
08:01:14,91282CKV2,TSRYS5823596,D,S,C,2024-06-20,2000000.00,4.472094,100.421875
08:01:14,91282CKV2,TSRYS5823596,D,S,D,2024-06-20,1000000.00,4.472094,100.421875
08:01:15,91282CKV2,TSRYS5823596,D,S,T,2024-06-20,1000000.00,4.469312,100.4295855
08:01:15,91282CKV2,TSRYS5823596,D,S,T,2024-06-20,1000000.00,4.469312,100.4295855
08:01:15,91282CKV2,TSRYS5823596,D,S,C,2024-06-20,1000000.00,4.472094,100.421875
08:01:15,91282CKV2,TSRYS5823596,D,S,T,2024-06-20,1000000.00,4.469312,100.4295855
08:01:15,91282CKV2,TSRYS5823596,D,S,C,2024-06-20,1000000.00,4.472094,100.421875
08:01:15,91282CKV2,TSRYS5823596,D,S,C,2024-06-20,1000000.00,4.472094,100.421875
08:01:15,91282CKV2,TSRYS5823596,D,S,C,2024-06-20,1000000.00,4.465048,100.44140625
08:01:15,91282CKV2,TSRYS5823596,D,S,C,2024-06-20,1000000.00,4.465048,100.44140625
08:01:15,91282CKV2,TSRYS5823596,D,B,C,2024-06-20,1000000.00,4.460821,100.453125
08:01:15,91282CKV2,TSRYS5823596,D,S,D,2024-06-20,1000000.00,4.460821,100.453125
08:01:16,91282CKV2,TSRYS5823596,D,B,C,2024-06-20,1000000.00,4.459412,100.45703125
08:01:16,91282CKV2,TSRYS5823596,D,S,D,2024-06-20,1000000.00,4.459412,100.45703125
08:01:16,91282CKV2,TSRYS5823596,D,S,T,2024-06-20,1000000.00,4.458112,100.4606375
08:01:16,91282CKV2,TSRYS5823596,D,S,T,2024-06-20,1000000.00,4.456703,100.46454375
08:01:16,91282CKV2,TSRYS5823596,D,S,D,2024-06-20,1000000.00,4.459412,100.45703125
08:01:16,91282CKV2,TSRYS5823596,D,B,C,2024-06-20,1000000.00,4.459412,100.45703125
08:01:16,91282CKV2,TSRYS5823596,D,S,T,2024-06-20,1000000.00,4.459521,100.45673125
08:01:17,91282CKV2,TSRYS5823596,D,S,T,2024-06-20,1000000.00,4.465156,100.44110625
08:01:17,91282CKV2,TSRYS5823596,D,S,T,2024-06-20,1000000.00,4.463747,100.4450125
08:01:17,91282CKV2,TSRYS5823596,D,S,C,2024-06-20,2673000.00,4.458193,100.4609375
08:01:18,91282CKV2,TSRYS5823596,D,S,C,2024-06-20,1980000.00,4.461008,100.453125
08:01:18,91282CKV2,TSRYS5823596,D,S,D,2024-06-20,1000000.00,4.46998,100.42773437
08:01:18,91282CKV2,TSRYS5823596,D,S,T,2024-06-20,1000000.00,4.467866,100.43359375
08:01:18,91282CKV2,TSRYS5823596,D,S,T,2024-06-20,1000000.00,4.463747,100.4450125
08:01:18,91282CKV2,TSRYS5823596,D,S,T,2024-06-20,1000000.00,4.467866,100.43359375
08:01:18,91282CKV2,TSRYS5823596,D,S,D,2024-06-20,1000000.00,4.464344,100.443359375
08:01:18,91282CKV2,TSRYS5823596,D,B,C,2024-06-20,1000000.00,4.464344,100.443359375
08:01:18,91282CKV2,TSRYS5823596,D,S,T,2024-06-20,1000000.00,4.467866,100.43359375
08:01:18,91282CKV2,TSRYS5823596,D,B,C,2024-06-20,1000000.00,4.464344,100.443359375
08:01:18,91282CKV2,TSRYS5823596,D,S,D,2024-06-20,1000000.00,4.464344,100.443359375
08:01:18,91282CKV2,TSRYS5823596,D,S,C,2024-06-20,1000000.00,4.464344,100.443359375
08:01:18,91282CKV2,TSRYS5823596,D,B,C,2024-06-20,1000000.00,4.464344,100.443359375
08:01:18,91282CKV2,TSRYS5823596,D,S,C,2024-06-20,1000000.00,4.464344,100.443359375
08:01:18,91282CKV2,TSRYS5823596,D,B,C,2024-06-20,1000000.00,4.464344,100.443359375
08:01:18,91282CKV2,TSRYS5823596,D,S,D,2024-06-20,1000000.00,4.464344,100.443359375
08:01:18,91282CKV2,TSRYS5823596,D,B,C,2024-06-20,1000000.00,4.464344,100.443359375
08:01:19,91282CKV2,TSRYS5823596,D,S,D,2024-06-20,2000000.00,4.46998,100.42773437
08:01:19,91282CKV2,TSRYS5823596,D,S,D,2024-06-20,2000000.00,4.466457,100.4375
08:01:19,91282CKV2,TSRYS5823596,D,S,C,2024-06-20,1000000.00,4.464344,100.443359375
08:01:19,91282CKV2,TSRYS5823596,D,B,C,2024-06-20,1000000.00,4.464344,100.443359375
08:01:19,91282CKV2,TSRYS5823596,D,S,T,2024-06-20,1000000.00,4.465156,100.44110625
08:01:19,91282CKV2,TSRYS5823596,D,S,T,2024-06-20,1000000.00,4.463747,100.4450125
08:01:19,91282CKV2,TSRYS5823596,D,S,T,2024-06-20,1000000.00,4.467866,100.43359375
08:01:19,91282CKV2,TSRYS5823596,D,S,C,2024-06-20,1000000.00,4.467866,100.43359375
08:01:19,91282CKV2,TSRYS5823596,D,S,D,2024-06-20,1000000.00,4.465048,100.44140625
08:01:19,91282CKV2,TSRYS5823596,D,B,C,2024-06-20,1000000.00,4.465048,100.44140625
08:01:19,91282CKV2,TSRYS5823596,D,S,C,2024-06-20,1000000.00,4.467866,100.43359375
08:01:19,91282CKV2,TSRYS5823596,D,S,A,2024-06-20,3000000.00,4.463639,100.4453125
08:01:20,91282CKV2,TSRYS5823596,D,S,T,2024-06-20,1000000.00,4.467866,100.43359375
08:01:20,91282CKV2,TSRYS5823596,D,S,A,2024-06-20,3000000.00,4.463639,100.4453125
08:01:20,91282CKV2,TSRYS5823596,D,S,D,2024-06-20,500000.00,4.465048,100.44140625
08:01:20,91282CKV2,TSRYS5823596,D,S,D,2024-06-20,500000.00,4.465048,100.44140625
08:01:20,91282CKV2,TSRYS5823596,D,S,C,2024-06-20,1000000.00,4.467866,100.43359375
08:01:20,91282CKV2,TSRYS5823596,D,S,T,2024-06-20,1000000.00,4.467866,100.43359375
08:01:20,91282CKV2,TSRYS5823596,D,S,D,2024-06-20,1000000.00,4.467866,100.43359375
08:01:20,91282CKV2,TSRYS5823596,D,S,D,2024-06-20,1000000.00,4.467162,100.43554687
08:01:20,91282CKV2,TSRYS5823596,D,S,D,2024-06-20,1000000.00,4.453778,100.47265625
08:01:20,91282CKV2,TSRYS5823596,D,B,C,2024-06-20,1000000.00,4.453778,100.47265625
08:01:21,91282CKV2,TSRYS5823596,D,B,C,2024-06-20,1000000.00,4.454482,100.470703125
08:01:21,91282CKV2,TSRYS5823596,D,S,C,2024-06-20,1000000.00,4.454482,100.470703125
08:01:22,91282CKV2,TSRYS5823596,D,S,C,2024-06-20,1000000.00,4.467162,100.43554687
08:01:22,91282CKV2,TSRYS5823596,D,S,C,2024-06-20,1000000.00,4.467866,100.43359375
08:01:23,91282CKV2,TSRYS5823596,D,S,D,2024-06-20,1000000.00,4.467866,100.43359375
08:01:23,91282CKV2,TSRYS5823596,D,S,T,2024-06-20,1000000.00,4.466457,100.4375
08:01:23,91282CKV2,TSRYS5823596,D,S,T,2024-06-20,1000000.00,4.466494,100.437398
08:01:23,91282CKV2,TSRYS5823596,D,S,D,2024-06-20,1000000.00,4.467866,100.43359375
08:01:24,91282CKV2,TSRYS5823596,D,S,T,2024-06-20,1000000.00,4.467866,100.43359375
08:01:24,91282CKV2,TSRYS5823596,D,S,T,2024-06-20,1000000.00,4.467866,100.43359375
08:01:25,91282CKV2,TSRYS5823596,D,B,C,2024-06-20,2000000.00,4.466457,100.4375
08:01:25,91282CKV2,TSRYS5823596,D,S,C,2024-06-20,1000000.00,4.457299,100.462890625
08:01:25,91282CKV2,TSRYS5823596,D,S,D,2024-06-20,1000000.00,4.467866,100.43359375
08:01:25,91282CKV2,TSRYS5823596,D,S,D,2024-06-20,1000000.00,4.467866,100.43359375
08:01:26,91282CKV2,TSRYS5823596,D,S,T,2024-06-20,1000000.00,4.467866,100.43359375
08:01:26,91282CKV2,TSRYS5823596,D,S,C,2024-06-20,1000000.00,4.467866,100.43359375
08:01:26,91282CKV2,TSRYS5823596,D,S,T,2024-06-20,1000000.00,4.467866,100.43359375
08:01:26,91282CKV2,TSRYS5823596,D,S,C,2024-06-20,1000000.00,4.467866,100.43359375
08:01:26,91282CKV2,TSRYS5823596,D,S,C,2024-06-20,1000000.00,4.467866,100.43359375
08:01:26,91282CKV2,TSRYS5823596,D,S,T,2024-06-20,1000000.00,4.467866,100.43359375
08:01:26,91282CKV2,TSRYS5823596,D,S,C,2024-06-20,1000000.00,4.467866,100.43359375
08:01:27,91282CKV2,TSRYS5823596,D,S,C,2024-06-20,1000000.00,4.467866,100.43359375
08:01:27,91282CKV2,TSRYS5823596,D,S,C,2024-06-20,1000000.00,4.467866,100.43359375
08:01:27,91282CKV2,TSRYS5823596,D,S,D,2024-06-20,1000000.00,4.467162,100.43554687
08:01:27,91282CKV2,TSRYS5823596,D,S,C,2024-06-20,1000000.00,4.467866,100.43359375
08:01:27,91282CKV2,TSRYS5823596,D,S,D,2024-06-20,5000000.00,4.46223,100.44921875
08:01:27,91282CKV2,TSRYS5823596,D,S,D,2024-06-20,9700000.00,4.44392,100.5
08:01:27,91282CKV2,TSRYS5823596,D,S,T,2024-06-20,1000000.00,4.467866,100.43359375
08:01:27,91282CKV2,TSRYS5823596,D,S,D,2024-06-20,4850000.00,4.44392,100.5
08:01:27,91282CKV2,TSRYS5823596,D,S,T,2024-06-20,1000000.00,4.467866,100.43359375
08:01:27,91282CKV2,TSRYS5823596,D,B,C,2024-06-20,1500000.00,4.463639,100.4453125
08:01:27,91282CKV2,TSRYS5823596,D,B,C,2024-06-20,2970000.00,4.435681,100.5234375
08:01:28,91282CKV2,TSRYS5823596,D,B,C,2024-06-20,1485000.00,4.435681,100.5234375
08:01:28,91282CKV2,TSRYS5823596,D,S,C,2024-06-20,1000000.00,4.467866,100.43359375
08:01:28,91282CKV2,TSRYS5823596,D,S,T,2024-06-20,1000000.00,4.467866,100.43359375
08:01:28,91282CKV2,TSRYS5823596,D,S,C,2024-06-20,1000000.00,4.467866,100.43359375
08:01:28,91282CKV2,TSRYS5823596,D,S,T,2024-06-20,4000000.00,4.470685,100.42578125
08:01:28,91282CKV2,TSRYS5823596,D,S,C,2024-06-20,1000000.00,4.467866,100.43359375
08:01:28,91282CKV2,TSRYS5823596,D,S,C,2024-06-20,1000000.00,4.467866,100.43359375
08:01:29,91282CKV2,TSRYS5823596,D,S,T,2024-06-20,1000000.00,4.467866,100.43359375
08:01:29,91282CKV2,TSRYS5823596,D,S,D,2024-06-20,1000000.00,4.46998,100.42773437
08:01:29,91282CKV2,TSRYS5823596,D,S,C,2024-06-20,1000000.00,4.467866,100.43359375
08:01:30,91282CKV2,TSRYS5823596,D,S,A,2024-06-20,6000000.00,4.470685,100.42578125
08:01:30,91282CKV2,TSRYS5823596,D,S,D,2024-06-20,1000000.00,4.467866,100.43359375
08:01:30,91282CKV2,TSRYS5823596,D,S,A,2024-06-20,6330000.00,4.463639,100.4453125
08:01:31,91282CKV2,TSRYS5823596,D,S,T,2024-06-20,1000000.00,4.467866,100.43359375
08:01:31,91282CKV2,TSRYS5823596,D,S,C,2024-06-20,1000000.00,4.462935,100.447265625
08:01:31,91282CKV2,TSRYS5823596,D,S,C,2024-06-20,1000000.00,4.462935,100.447265625
08:01:32,91282CKV2,TSRYS5823596,D,S,C,2024-06-20,3800000.00,4.467866,100.43359375
08:01:32,91282CKV2,TSRYS5823596,D,S,D,2024-06-20,1000000.00,4.457299,100.46289062
08:01:32,91282CKV2,TSRYS5823596,D,S,D,2024-06-20,1000000.00,4.457299,100.46289062
08:01:32,91282CKV2,TSRYS5823596,D,S,C,2024-06-20,1000000.00,4.467866,100.43359375
08:01:32,91282CKV2,TSRYS5823596,D,S,T,2024-06-20,1000000.00,4.467866,100.43359375
08:01:32,91282CKV2,TSRYS5823596,D,S,C,2024-06-20,1000000.00,4.467866,100.43359375
08:01:32,91282CKV2,TSRYS5823596,D,S,D,2024-06-20,144000000.00,4.470389,100.4266
08:01:32,91282CKV2,TSRYS5823596,D,S,T,2024-06-20,2000000.00,4.471426,100.423728125
08:01:32,91282CKV2,TSRYS5823596,D,S,T,2024-06-20,1000000.00,4.47213,100.421775
08:01:32,91282CKV2,TSRYS5823596,D,S,T,2024-06-20,1000000.00,4.47213,100.421775
08:01:32,91282CKV2,TSRYS5823596,D,S,T,2024-06-20,1000000.00,4.47213,100.421775
08:01:32,91282CKV2,TSRYS5823596,D,B,A,2024-06-20,5000000.00,4.472094,100.421875
08:01:33,91282CKV2,TSRYS5823596,D,S,C,2024-06-20,19500000.00,4.469276,100.4296875
08:01:33,91282CKV2,TSRYS5823596,D,S,D,2024-06-20,1000000.00,4.467162,100.43554687
08:01:33,91282CKV2,TSRYS5823596,D,S,T,2024-06-20,1000000.00,4.467866,100.43359375
08:01:33,91282CKV2,TSRYS5823596,D,S,T,2024-06-20,1000000.00,4.467866,100.43359375
08:01:33,91282CKV2,TSRYS5823596,D,S,T,2024-06-20,1000000.00,4.467866,100.43359375
08:01:33,91282CKV2,TSRYS5823596,D,S,T,2024-06-20,1000000.00,4.467866,100.43359375
08:01:33,91282CKV2,TSRYS5823596,D,S,T,2024-06-20,1000000.00,4.467866,100.43359375
08:01:33,91282CKV2,TSRYS5823596,D,S,T,2024-06-20,1000000.00,4.467866,100.43359375
08:01:33,91282CKV2,TSRYS5823596,D,S,T,2024-06-20,1000000.00,4.467866,100.43359375
08:01:33,91282CKV2,TSRYS5823596,D,S,T,2024-06-20,1000000.00,4.467866,100.43359375
08:01:33,91282CKV2,TSRYS5823596,D,S,T,2024-06-20,1000000.00,4.467866,100.43359375
08:01:34,91282CKV2,TSRYS5823596,D,S,T,2024-06-20,1000000.00,4.467866,100.43359375
08:01:34,91282CKV2,TSRYS5823596,D,S,T,2024-06-20,1000000.00,4.467866,100.43359375
08:01:34,91282CKV2,TSRYS5823596,D,S,T,2024-06-20,1000000.00,4.467866,100.43359375
08:01:34,91282CKV2,TSRYS5823596,D,S,T,2024-06-20,1000000.00,4.467866,100.43359375
08:01:34,91282CKV2,TSRYS5823596,D,S,T,2024-06-20,1000000.00,4.467866,100.43359375
08:01:34,91282CKV2,TSRYS5823596,D,S,T,2024-06-20,1000000.00,4.467866,100.43359375
08:01:34,91282CKV2,TSRYS5823596,D,S,T,2024-06-20,1000000.00,4.467866,100.43359375
08:01:34,91282CKV2,TSRYS5823596,D,S,T,2024-06-20,1000000.00,4.467866,100.43359375
08:01:34,91282CKV2,TSRYS5823596,D,S,D,2024-06-20,1000000.00,4.468571,100.43164062
08:01:35,91282CKV2,TSRYS5823596,D,B,A,2024-06-20,5000000.00,4.470685,100.42578125
08:01:35,91282CKV2,TSRYS5823596,D,S,D,2024-06-20,1000000.00,4.467162,100.43554687
08:01:35,91282CKV2,TSRYS5823596,D,S,D,2024-06-20,1000000.00,4.467162,100.43554687
08:01:35,91282CKV2,TSRYS5823596,D,S,C,2024-06-20,1000000.00,4.467866,100.43359375
08:01:35,91282CKV2,TSRYS5823596,D,S,C,2024-06-20,1000000.00,4.467162,100.43554687
08:01:35,91282CKV2,TSRYS5823596,D,S,D,2024-06-20,750000.00,4.460821,100.453125
08:01:35,91282CKV2,TSRYS5823596,D,S,T,2024-06-20,1000000.00,4.467866,100.43359375
08:01:35,91282CKV2,TSRYS5823596,D,S,T,2024-06-20,1000000.00,4.467866,100.43359375
08:01:35,91282CKV2,TSRYS5823596,D,S,T,2024-06-20,1000000.00,4.467866,100.43359375
08:01:35,91282CKV2,TSRYS5823596,D,S,T,2024-06-20,1000000.00,4.467866,100.43359375
08:01:35,91282CKV2,TSRYS5823596,D,S,T,2024-06-20,1000000.00,4.467866,100.43359375
08:01:36,91282CKV2,TSRYS5823596,D,S,T,2024-06-20,1000000.00,4.469348,100.4294875
08:01:36,91282CKV2,TSRYS5823596,D,S,D,2024-06-20,1000000.00,4.46998,100.42773437
08:01:36,91282CKV2,TSRYS5823596,D,S,D,2024-06-20,1000000.00,4.46998,100.42773437
08:01:36,91282CKV2,TSRYS5823596,D,S,D,2024-06-20,4900000.00,4.458004,100.4609375
08:01:36,91282CKV2,TSRYS5823596,D,S,T,2024-06-20,1000000.00,4.457335,100.462790625
08:01:36,91282CKV2,TSRYS5823596,D,S,T,2024-06-20,2000000.00,4.457335,100.462790625
08:01:36,91282CKV2,TSRYS5823596,D,S,T,2024-06-20,1000000.00,4.457335,100.462790625
08:01:36,91282CKV2,TSRYS5823596,D,S,T,2024-06-20,1000000.00,4.457335,100.462790625
08:01:37,91282CKV2,TSRYS5823596,D,S,T,2024-06-20,1000000.00,4.458708,100.458984375
08:01:38,91282CKV2,TSRYS5823596,D,S,A,2024-06-20,3000000.00,4.456682,100.4609375
08:01:38,91282CKV2,TSRYS5823596,D,S,D,2024-06-20,308000.00,4.466457,100.4375
08:01:38,91282CKV2,TSRYS5823596,D,S,T,2024-06-20,2000000.00,4.465048,100.44140625
08:01:38,91282CKV2,TSRYS5823596,D,S,A,2024-06-20,1000000.00,4.458004,100.4609375
08:01:38,91282CKV2,TSRYS5823596,D,S,T,2024-06-20,1000000.00,4.459412,100.45703125
08:01:38,91282CKV2,TSRYS5823596,D,S,T,2024-06-20,5000000.00,4.459412,100.45703125
08:01:38,91282CKV2,TSRYS5823596,D,S,T,2024-06-20,1000000.00,4.459412,100.45703125
08:01:38,91282CKV2,TSRYS5823596,D,S,T,2024-06-20,1000000.00,4.459412,100.45703125
