tradeTime,cusip,issueSymbolIdentifier,priceType,reportingSideCode,contraPartyTypeCode,tradeDate,reportedTradeVolume,lastSaleYield,lastSalePrice
08:00:07,91282CKR1,TSRYS5802848,D,S,D,2024-05-08,4000000.00,4.635333,99.625
08:00:07,91282CKR1,TSRYS5802848,D,S,D,2024-05-08,8000000.00,4.635333,99.625
08:00:07,91282CKR1,TSRYS5802848,D,S,D,2024-05-08,1000000.00,4.638866,99.615234375
08:00:07,91282CKR1,TSRYS5802848,D,S,T,2024-05-08,1000000.00,4.643105,99.603515625
08:00:07,91282CKR1,TSRYS5802848,D,S,T,2024-05-08,1000000.00,4.643105,99.603515625
08:00:07,91282CKR1,TSRYS5802848,D,S,T,2024-05-08,1000000.00,4.643105,99.603515625
08:00:07,91282CKR1,TSRYS5802848,D,S,T,2024-05-08,3000000.00,4.643105,99.603515625
08:00:07,91282CKR1,TSRYS5802848,D,S,T,2024-05-08,1000000.00,4.643105,99.603515625
08:00:07,91282CKR1,TSRYS5802848,D,S,T,2024-05-08,3000000.00,4.643105,99.603515625
08:00:07,91282CKR1,TSRYS5802848,D,S,T,2024-05-08,2000000.00,4.643105,99.603515625
08:00:07,91282CKR1,TSRYS5802848,D,S,T,2024-05-08,1000000.00,4.643105,99.603515625
08:00:07,91282CKR1,TSRYS5802848,D,S,T,2024-05-08,1000000.00,4.643105,99.603515625
08:00:07,91282CKR1,TSRYS5802848,D,S,T,2024-05-08,3000000.00,4.646639,99.59375
08:00:07,91282CKR1,TSRYS5802848,D,S,T,2024-05-08,1000000.00,4.643812,99.6015625
08:00:07,91282CKR1,TSRYS5802848,D,S,D,2024-05-08,1000000.00,4.643812,99.6015625
08:00:07,91282CKR1,TSRYS5802848,D,S,D,2024-05-08,1000000.00,4.645225,99.59765625
08:00:07,91282CKR1,TSRYS5802848,D,S,D,2024-05-08,1000000.00,4.645225,99.59765625
08:00:07,91282CKR1,TSRYS5802848,D,S,D,2024-05-08,1000000.00,4.645225,99.59765625
08:00:07,91282CKR1,TSRYS5802848,D,S,D,2024-05-08,1000000.00,4.645225,99.59765625
08:00:07,91282CKR1,TSRYS5802848,D,S,D,2024-05-08,1000000.00,4.645225,99.59765625
08:00:07,91282CKR1,TSRYS5802848,D,S,D,2024-05-08,1000000.00,4.645225,99.59765625
08:00:07,91282CKR1,TSRYS5802848,D,S,D,2024-05-08,1000000.00,4.645225,99.59765625
08:00:07,91282CKR1,TSRYS5802848,D,S,D,2024-05-08,1000000.00,4.645225,99.59765625
08:00:07,91282CKR1,TSRYS5802848,D,S,D,2024-05-08,2000000.00,4.645225,99.59765625
08:00:07,91282CKR1,TSRYS5802848,D,S,D,2024-05-08,1000000.00,4.645225,99.59765625
08:00:07,91282CKR1,TSRYS5802848,D,S,D,2024-05-08,1000000.00,4.645225,99.59765625
08:00:07,91282CKR1,TSRYS5802848,D,S,D,2024-05-08,1000000.00,4.645225,99.59765625
08:00:07,91282CKR1,TSRYS5802848,D,S,D,2024-05-08,1000000.00,4.645225,99.59765625
08:00:07,91282CKR1,TSRYS5802848,D,S,D,2024-05-08,1000000.00,4.645225,99.59765625
08:00:07,91282CKR1,TSRYS5802848,D,S,D,2024-05-08,1000000.00,4.645932,99.595703125
08:00:07,91282CKR1,TSRYS5802848,D,S,D,2024-05-08,1000000.00,4.645932,99.595703125
08:00:07,91282CKR1,TSRYS5802848,D,S,D,2024-05-08,2000000.00,4.645932,99.595703125
08:00:07,91282CKR1,TSRYS5802848,D,S,D,2024-05-08,1000000.00,4.645932,99.595703125
08:00:07,91282CKR1,TSRYS5802848,D,S,T,2024-05-08,5000000.00,4.651586,99.580078125
08:00:07,91282CKR1,TSRYS5802848,D,S,T,2024-05-08,5000000.00,4.651586,99.580078125
08:00:07,91282CKR1,TSRYS5802848,D,S,D,2024-05-08,1000000.00,4.655828,99.568359375
08:00:07,91282CKR1,TSRYS5802848,D,S,T,2024-05-08,4000000.00,4.656535,99.56640625
08:00:07,91282CKR1,TSRYS5802848,D,S,T,2024-05-08,2000000.00,4.656535,99.56640625
08:00:07,91282CKR1,TSRYS5802848,D,S,T,2024-05-08,4000000.00,4.656535,99.56640625
08:00:07,91282CKR1,TSRYS5802848,D,S,D,2024-05-08,1000000.00,4.65088,99.58203125
08:00:07,91282CKR1,TSRYS5802848,D,S,T,2024-05-08,8000000.00,4.65088,99.58203125
08:00:07,91282CKR1,TSRYS5802848,D,S,T,2024-05-08,7000000.00,4.65088,99.58203125
08:00:07,91282CKR1,TSRYS5802848,D,S,T,2024-05-08,1000000.00,4.651586,99.580078125
08:00:07,91282CKR1,TSRYS5802848,D,S,T,2024-05-08,1000000.00,4.651586,99.580078125
08:00:07,91282CKR1,TSRYS5802848,D,S,T,2024-05-08,1000000.00,4.651586,99.580078125
08:00:07,91282CKR1,TSRYS5802848,D,S,T,2024-05-08,5000000.00,4.651586,99.580078125
08:00:07,91282CKR1,TSRYS5802848,D,S,D,2024-05-08,1000000.00,4.65088,99.58203125
08:00:07,91282CKR1,TSRYS5802848,D,S,D,2024-05-08,1000000.00,4.65088,99.58203125
08:00:07,91282CKR1,TSRYS5802848,D,S,T,2024-05-08,1000000.00,4.65088,99.58203125
08:00:07,91282CKR1,TSRYS5802848,D,S,T,2024-05-08,1000000.00,4.65088,99.58203125
08:00:07,91282CKR1,TSRYS5802848,D,S,T,2024-05-08,2000000.00,4.65088,99.58203125
08:00:07,91282CKR1,TSRYS5802848,D,B,C,2024-05-08,2000000.00,4.654414,99.572265625
08:00:07,91282CKR1,TSRYS5802848,D,S,D,2024-05-08,49000000.00,4.590154,99.75
08:00:07,91282CKR1,TSRYS5802848,D,S,D,2024-05-08,73450000.00,4.590154,99.75
08:00:07,91282CKR1,TSRYS5802848,D,S,D,2024-05-08,122450000.00,4.590154,99.75
08:00:07,91282CKR1,TSRYS5802848,D,S,D,2024-05-08,97950000.00,4.590154,99.75
08:00:07,91282CKR1,TSRYS5802848,D,S,D,2024-05-08,195900000.00,4.590154,99.75
08:00:07,91282CKR1,TSRYS5802848,D,S,D,2024-05-08,29400000.00,4.590154,99.75
08:00:09,91282CKR1,TSRYS5802848,D,S,T,2024-05-08,1000000.00,4.635333,99.625
08:00:09,91282CKR1,TSRYS5802848,D,S,T,2024-05-08,1000000.00,4.63392,99.62890625
08:00:10,91282CKR1,TSRYS5802848,D,S,T,2024-05-08,1000000.00,4.63392,99.62890625
08:00:10,91282CKR1,TSRYS5802848,D,S,T,2024-05-08,1000000.00,4.635333,99.625
08:00:10,91282CKR1,TSRYS5802848,D,S,T,2024-05-08,1000000.00,4.63392,99.62890625
08:00:10,91282CKR1,TSRYS5802848,D,S,T,2024-05-08,1000000.00,4.63392,99.62890625
08:00:10,91282CKR1,TSRYS5802848,D,S,T,2024-05-08,1000000.00,4.635333,99.625
08:00:10,91282CKR1,TSRYS5802848,D,S,T,2024-05-08,1000000.00,4.63604,99.623046875
08:00:10,91282CKR1,TSRYS5802848,D,S,T,2024-05-08,1000000.00,4.643105,99.603515625
08:00:10,91282CKR1,TSRYS5802848,D,S,T,2024-05-08,1000000.00,4.643105,99.603515625
08:00:10,91282CKR1,TSRYS5802848,D,S,T,2024-05-08,1000000.00,4.642399,99.60546875
08:00:10,91282CKR1,TSRYS5802848,D,S,T,2024-05-08,1000000.00,4.647346,99.591796875
08:00:10,91282CKR1,TSRYS5802848,D,S,T,2024-05-08,1000000.00,4.649466,99.5859375
08:00:10,91282CKR1,TSRYS5802848,D,S,T,2024-05-08,1000000.00,4.647346,99.591796875
08:00:10,91282CKR1,TSRYS5802848,D,S,T,2024-05-08,1000000.00,4.647346,99.591796875
08:00:10,91282CKR1,TSRYS5802848,D,S,T,2024-05-08,1000000.00,4.645932,99.595703125
08:00:10,91282CKR1,TSRYS5802848,D,S,T,2024-05-08,1000000.00,4.645932,99.595703125
08:00:10,91282CKR1,TSRYS5802848,D,S,T,2024-05-08,1000000.00,4.647346,99.591796875
08:00:10,91282CKR1,TSRYS5802848,D,S,T,2024-05-08,1000000.00,4.645225,99.59765625
08:00:10,91282CKR1,TSRYS5802848,D,S,T,2024-05-08,1000000.00,4.645225,99.59765625
08:00:10,91282CKR1,TSRYS5802848,D,S,T,2024-05-08,1000000.00,4.645225,99.59765625
08:00:10,91282CKR1,TSRYS5802848,D,S,T,2024-05-08,1000000.00,4.643812,99.6015625
08:00:10,91282CKR1,TSRYS5802848,D,S,T,2024-05-08,1000000.00,4.644519,99.599609375
08:00:10,91282CKR1,TSRYS5802848,D,S,T,2024-05-08,1000000.00,4.643105,99.603515625
08:00:10,91282CKR1,TSRYS5802848,D,S,T,2024-05-08,1000000.00,4.645225,99.59765625
08:00:10,91282CKR1,TSRYS5802848,D,S,T,2024-05-08,1000000.00,4.649466,99.5859375
08:00:10,91282CKR1,TSRYS5802848,D,S,T,2024-05-08,1000000.00,4.649466,99.5859375
08:00:10,91282CKR1,TSRYS5802848,D,S,T,2024-05-08,1000000.00,4.647346,99.591796875
08:00:10,91282CKR1,TSRYS5802848,D,S,T,2024-05-08,1000000.00,4.647346,99.591796875
08:00:10,91282CKR1,TSRYS5802848,D,S,T,2024-05-08,1000000.00,4.648052,99.58984375
08:00:10,91282CKR1,TSRYS5802848,D,S,T,2024-05-08,1000000.00,4.652293,99.578125
08:00:10,91282CKR1,TSRYS5802848,D,S,T,2024-05-08,1000000.00,4.652293,99.578125
08:00:10,91282CKR1,TSRYS5802848,D,S,T,2024-05-08,2000000.00,4.652293,99.578125
08:00:10,91282CKR1,TSRYS5802848,D,S,T,2024-05-08,1000000.00,4.652293,99.578125
08:00:10,91282CKR1,TSRYS5802848,D,S,T,2024-05-08,2000000.00,4.652293,99.578125
08:00:10,91282CKR1,TSRYS5802848,D,S,T,2024-05-08,2000000.00,4.656535,99.56640625
08:00:10,91282CKR1,TSRYS5802848,D,S,T,2024-05-08,1000000.00,4.656535,99.56640625
08:00:10,91282CKR1,TSRYS5802848,D,S,T,2024-05-08,1000000.00,4.656535,99.56640625
08:00:11,91282CKR1,TSRYS5802848,D,S,T,2024-05-08,1000000.00,4.655121,99.5703125
08:00:11,91282CKR1,TSRYS5802848,D,S,T,2024-05-08,1000000.00,4.653707,99.57421875
08:00:11,91282CKR1,TSRYS5802848,D,S,T,2024-05-08,2000000.00,4.653707,99.57421875
08:00:11,91282CKR1,TSRYS5802848,D,S,T,2024-05-08,2000000.00,4.653707,99.57421875
08:00:11,91282CKR1,TSRYS5802848,D,S,T,2024-05-08,1000000.00,4.651586,99.580078125
08:00:11,91282CKR1,TSRYS5802848,D,S,T,2024-05-08,1000000.00,4.651586,99.580078125
08:00:11,91282CKR1,TSRYS5802848,D,S,T,2024-05-08,1000000.00,4.651586,99.580078125
08:00:11,91282CKR1,TSRYS5802848,D,S,T,2024-05-08,1000000.00,4.651586,99.580078125
08:00:11,91282CKR1,TSRYS5802848,D,S,T,2024-05-08,1000000.00,4.652293,99.578125
08:00:11,91282CKR1,TSRYS5802848,D,S,T,2024-05-08,1000000.00,4.65088,99.58203125
08:00:11,91282CKR1,TSRYS5802848,D,S,T,2024-05-08,1000000.00,4.65088,99.58203125
08:00:11,91282CKR1,TSRYS5802848,D,S,T,2024-05-08,1000000.00,4.65088,99.58203125
08:00:13,91282CKR1,TSRYS5802848,D,S,T,2024-05-08,1000000.00,4.632508,99.6328125
08:00:14,91282CKR1,TSRYS5802848,D,S,T,2024-05-08,1000000.00,4.635333,99.625
08:00:14,91282CKR1,TSRYS5802848,D,S,T,2024-05-08,1000000.00,4.635333,99.625
08:00:14,91282CKR1,TSRYS5802848,D,S,T,2024-05-08,1000000.00,4.63392,99.62890625
08:00:14,91282CKR1,TSRYS5802848,D,S,T,2024-05-08,1000000.00,4.635333,99.625
08:00:14,91282CKR1,TSRYS5802848,D,S,T,2024-05-08,1000000.00,4.635333,99.625
08:00:14,91282CKR1,TSRYS5802848,D,S,T,2024-05-08,1000000.00,4.635333,99.625
08:00:14,91282CKR1,TSRYS5802848,D,S,T,2024-05-08,1000000.00,4.635333,99.625
08:00:14,91282CKR1,TSRYS5802848,D,S,T,2024-05-08,1000000.00,4.635333,99.625
08:00:14,91282CKR1,TSRYS5802848,D,S,T,2024-05-08,1000000.00,4.635333,99.625
08:00:14,91282CKR1,TSRYS5802848,D,S,T,2024-05-08,1000000.00,4.635333,99.625
08:00:14,91282CKR1,TSRYS5802848,D,S,T,2024-05-08,1000000.00,4.635333,99.625
08:00:14,91282CKR1,TSRYS5802848,D,S,T,2024-05-08,1000000.00,4.635333,99.625
08:00:14,91282CKR1,TSRYS5802848,D,S,T,2024-05-08,1000000.00,4.635333,99.625
08:00:14,91282CKR1,TSRYS5802848,D,S,T,2024-05-08,1000000.00,4.635333,99.625
08:00:14,91282CKR1,TSRYS5802848,D,S,T,2024-05-08,1000000.00,4.635333,99.625
08:00:14,91282CKR1,TSRYS5802848,D,S,T,2024-05-08,1000000.00,4.635333,99.625
08:00:15,91282CKR1,TSRYS5802848,D,S,T,2024-05-08,1000000.00,4.643812,99.6015625
08:00:16,91282CKR1,TSRYS5802848,D,S,T,2024-05-08,1000000.00,4.649466,99.5859375
08:00:16,91282CKR1,TSRYS5802848,D,S,T,2024-05-08,2000000.00,4.648052,99.58984375
08:00:16,91282CKR1,TSRYS5802848,D,S,T,2024-05-08,1000000.00,4.649466,99.5859375
08:00:16,91282CKR1,TSRYS5802848,D,S,D,2024-05-08,2000000.00,4.635333,99.625
08:00:17,91282CKR1,TSRYS5802848,D,S,D,2024-05-08,2000000.00,4.635333,99.625
08:00:17,91282CKR1,TSRYS5802848,D,S,D,2024-05-08,2000000.00,4.63392,99.62890625
08:00:17,91282CKR1,TSRYS5802848,D,S,D,2024-05-08,2000000.00,4.63604,99.623046875
08:00:17,91282CKR1,TSRYS5802848,D,S,D,2024-05-08,1000000.00,4.63604,99.623046875
08:00:17,91282CKR1,TSRYS5802848,D,S,D,2024-05-08,2000000.00,4.63604,99.623046875
08:00:19,91282CKR1,TSRYS5802848,D,S,T,2024-05-08,1000000.00,4.635333,99.625
08:00:19,91282CKR1,TSRYS5802848,D,S,T,2024-05-08,1000000.00,4.635333,99.625
08:00:19,91282CKR1,TSRYS5802848,D,S,T,2024-05-08,1000000.00,4.635333,99.625
08:00:19,91282CKR1,TSRYS5802848,D,S,T,2024-05-08,1000000.00,4.63392,99.62890625
08:00:19,91282CKR1,TSRYS5802848,D,S,T,2024-05-08,1000000.00,4.63392,99.62890625
08:00:19,91282CKR1,TSRYS5802848,D,S,T,2024-05-08,1000000.00,4.63392,99.62890625
08:00:19,91282CKR1,TSRYS5802848,D,S,T,2024-05-08,1000000.00,4.63392,99.62890625
08:00:21,91282CKR1,TSRYS5802848,D,S,T,2024-05-08,1000000.00,4.649466,99.5859375
08:00:24,91282CKR1,TSRYS5802848,D,S,T,2024-05-08,1000000.00,4.635333,99.625
08:00:24,91282CKR1,TSRYS5802848,D,S,T,2024-05-08,1000000.00,4.635333,99.625
08:00:24,91282CKR1,TSRYS5802848,D,S,T,2024-05-08,1000000.00,4.635333,99.625
08:00:24,91282CKR1,TSRYS5802848,D,S,T,2024-05-08,1000000.00,4.635333,99.625
08:00:24,91282CKR1,TSRYS5802848,D,S,T,2024-05-08,1000000.00,4.635333,99.625
08:00:24,91282CKR1,TSRYS5802848,D,S,T,2024-05-08,1000000.00,4.635333,99.625
08:00:24,91282CKR1,TSRYS5802848,D,S,T,2024-05-08,1000000.00,4.635333,99.625
08:00:24,91282CKR1,TSRYS5802848,D,S,T,2024-05-08,1000000.00,4.635333,99.625
08:00:24,91282CKR1,TSRYS5802848,D,S,T,2024-05-08,1000000.00,4.635333,99.625
08:00:25,91282CKR1,TSRYS5802848,D,S,D,2024-05-08,1000000.00,4.646639,99.59375
08:00:25,91282CKR1,TSRYS5802848,D,S,D,2024-05-08,1000000.00,4.646639,99.59375
08:00:27,91282CKR1,TSRYS5802848,D,S,D,2024-05-08,2000000.00,4.646639,99.59375
08:00:27,91282CKR1,TSRYS5802848,D,S,D,2024-05-08,2000000.00,4.646639,99.59375
08:00:27,91282CKR1,TSRYS5802848,D,S,D,2024-05-08,1000000.00,4.646639,99.59375
08:00:27,91282CKR1,TSRYS5802848,D,S,D,2024-05-08,1000000.00,4.643812,99.6015625
08:00:27,91282CKR1,TSRYS5802848,D,S,D,2024-05-08,1000000.00,4.643812,99.6015625
08:00:27,91282CKR1,TSRYS5802848,D,S,D,2024-05-08,1000000.00,4.645225,99.59765625
08:00:27,91282CKR1,TSRYS5802848,D,S,D,2024-05-08,1000000.00,4.640986,99.609375
08:00:30,91282CKR1,TSRYS5802848,D,S,T,2024-05-08,1000000.00,4.635333,99.625
08:00:30,91282CKR1,TSRYS5802848,D,S,T,2024-05-08,1000000.00,4.646639,99.59375
08:00:30,91282CKR1,TSRYS5802848,D,S,T,2024-05-08,1000000.00,4.630388,99.638671875
08:00:30,91282CKR1,TSRYS5802848,D,S,T,2024-05-08,1000000.00,4.635333,99.625
08:00:30,91282CKR1,TSRYS5802848,D,S,T,2024-05-08,2000000.00,4.635333,99.625
08:00:30,91282CKR1,TSRYS5802848,D,S,T,2024-05-08,1000000.00,4.635333,99.625
08:00:30,91282CKR1,TSRYS5802848,D,S,T,2024-05-08,1000000.00,4.635333,99.625
08:00:30,91282CKR1,TSRYS5802848,D,S,T,2024-05-08,1000000.00,4.635333,99.625
08:00:30,91282CKR1,TSRYS5802848,D,S,T,2024-05-08,1000000.00,4.635333,99.625
08:00:30,91282CKR1,TSRYS5802848,D,S,T,2024-05-08,1000000.00,4.63392,99.62890625
08:00:30,91282CKR1,TSRYS5802848,D,S,T,2024-05-08,1000000.00,4.63392,99.62890625
08:00:30,91282CKR1,TSRYS5802848,D,S,T,2024-05-08,1000000.00,4.635333,99.625
08:00:30,91282CKR1,TSRYS5802848,D,S,T,2024-05-08,3000000.00,4.636746,99.62109375
08:00:30,91282CKR1,TSRYS5802848,D,S,T,2024-05-08,1000000.00,4.636746,99.62109375
08:00:30,91282CKR1,TSRYS5802848,D,S,T,2024-05-08,1000000.00,4.636746,99.62109375
08:00:30,91282CKR1,TSRYS5802848,D,S,T,2024-05-08,2000000.00,4.636746,99.62109375
08:00:30,91282CKR1,TSRYS5802848,D,S,T,2024-05-08,2000000.00,4.636746,99.62109375
08:00:30,91282CKR1,TSRYS5802848,D,S,T,2024-05-08,2000000.00,4.636746,99.62109375
08:00:30,91282CKR1,TSRYS5802848,D,S,T,2024-05-08,1000000.00,4.636746,99.62109375
08:00:30,91282CKR1,TSRYS5802848,D,S,T,2024-05-08,1000000.00,4.636746,99.62109375
08:00:30,91282CKR1,TSRYS5802848,D,S,T,2024-05-08,1000000.00,4.637453,99.619140625
08:00:30,91282CKR1,TSRYS5802848,D,S,T,2024-05-08,1000000.00,4.639572,99.61328125
08:00:30,91282CKR1,TSRYS5802848,D,S,T,2024-05-08,2000000.00,4.638866,99.615234375
08:00:30,91282CKR1,TSRYS5802848,D,S,T,2024-05-08,1000000.00,4.639572,99.61328125
08:00:30,91282CKR1,TSRYS5802848,D,S,T,2024-05-08,1000000.00,4.639572,99.61328125
08:00:30,91282CKR1,TSRYS5802848,D,S,T,2024-05-08,1000000.00,4.639572,99.61328125
08:00:30,91282CKR1,TSRYS5802848,D,S,T,2024-05-08,2000000.00,4.639572,99.61328125
08:00:30,91282CKR1,TSRYS5802848,D,S,T,2024-05-08,2000000.00,4.639572,99.61328125
08:00:30,91282CKR1,TSRYS5802848,D,S,T,2024-05-08,2000000.00,4.639572,99.61328125
08:00:30,91282CKR1,TSRYS5802848,D,S,T,2024-05-08,1000000.00,4.640279,99.611328125
08:00:30,91282CKR1,TSRYS5802848,D,S,T,2024-05-08,1000000.00,4.639572,99.61328125
08:00:30,91282CKR1,TSRYS5802848,D,S,T,2024-05-08,1000000.00,4.641692,99.607421875
08:00:30,91282CKR1,TSRYS5802848,D,S,T,2024-05-08,1000000.00,4.640986,99.609375
08:00:30,91282CKR1,TSRYS5802848,D,S,T,2024-05-08,1000000.00,4.640986,99.609375
08:00:30,91282CKR1,TSRYS5802848,D,S,T,2024-05-08,1000000.00,4.643812,99.6015625
08:00:30,91282CKR1,TSRYS5802848,D,S,T,2024-05-08,1000000.00,4.643812,99.6015625
08:00:30,91282CKR1,TSRYS5802848,D,S,T,2024-05-08,1000000.00,4.643812,99.6015625
08:00:30,91282CKR1,TSRYS5802848,D,S,T,2024-05-08,1000000.00,4.643105,99.603515625
08:00:30,91282CKR1,TSRYS5802848,D,S,T,2024-05-08,1000000.00,4.643812,99.6015625
08:00:30,91282CKR1,TSRYS5802848,D,S,T,2024-05-08,1000000.00,4.643812,99.6015625
08:00:30,91282CKR1,TSRYS5802848,D,S,T,2024-05-08,1000000.00,4.642399,99.60546875
08:00:30,91282CKR1,TSRYS5802848,D,S,T,2024-05-08,1000000.00,4.642399,99.60546875
08:00:30,91282CKR1,TSRYS5802848,D,S,T,2024-05-08,1000000.00,4.642399,99.60546875
08:00:30,91282CKR1,TSRYS5802848,D,S,T,2024-05-08,1000000.00,4.645225,99.59765625
08:00:30,91282CKR1,TSRYS5802848,D,S,T,2024-05-08,1000000.00,4.645225,99.59765625
08:00:30,91282CKR1,TSRYS5802848,D,S,T,2024-05-08,1000000.00,4.645932,99.595703125
08:00:30,91282CKR1,TSRYS5802848,D,S,T,2024-05-08,1000000.00,4.646639,99.59375
08:00:30,91282CKR1,TSRYS5802848,D,S,T,2024-05-08,1000000.00,4.646639,99.59375
08:00:30,91282CKR1,TSRYS5802848,D,S,T,2024-05-08,1000000.00,4.646639,99.59375
08:00:30,91282CKR1,TSRYS5802848,D,S,T,2024-05-08,2000000.00,4.648052,99.58984375
08:00:30,91282CKR1,TSRYS5802848,D,S,T,2024-05-08,1000000.00,4.648052,99.58984375
08:00:30,91282CKR1,TSRYS5802848,D,S,T,2024-05-08,4000000.00,4.648052,99.58984375
08:00:30,91282CKR1,TSRYS5802848,D,S,T,2024-05-08,2000000.00,4.648052,99.58984375
08:00:30,91282CKR1,TSRYS5802848,D,S,T,2024-05-08,1000000.00,4.648052,99.58984375
08:00:30,91282CKR1,TSRYS5802848,D,S,T,2024-05-08,1000000.00,4.649466,99.5859375
08:00:30,91282CKR1,TSRYS5802848,D,S,T,2024-05-08,1000000.00,4.649466,99.5859375
08:00:30,91282CKR1,TSRYS5802848,D,S,T,2024-05-08,1000000.00,4.650173,99.583984375
08:00:30,91282CKR1,TSRYS5802848,D,S,T,2024-05-08,1000000.00,4.650173,99.583984375
08:00:30,91282CKR1,TSRYS5802848,D,S,T,2024-05-08,1000000.00,4.650173,99.583984375
08:00:30,91282CKR1,TSRYS5802848,D,S,T,2024-05-08,1000000.00,4.650173,99.583984375
08:00:30,91282CKR1,TSRYS5802848,D,S,T,2024-05-08,1000000.00,4.65088,99.58203125
08:00:30,91282CKR1,TSRYS5802848,D,S,T,2024-05-08,1000000.00,4.65088,99.58203125
08:00:30,91282CKR1,TSRYS5802848,D,S,T,2024-05-08,1000000.00,4.649466,99.5859375
08:00:30,91282CKR1,TSRYS5802848,D,S,T,2024-05-08,1000000.00,4.649466,99.5859375
08:00:30,91282CKR1,TSRYS5802848,D,S,T,2024-05-08,1000000.00,4.648052,99.58984375
08:00:30,91282CKR1,TSRYS5802848,D,S,T,2024-05-08,1000000.00,4.648052,99.58984375
08:00:30,91282CKR1,TSRYS5802848,D,S,T,2024-05-08,1000000.00,4.648052,99.58984375
08:00:30,91282CKR1,TSRYS5802848,D,S,T,2024-05-08,2000000.00,4.648759,99.587890625
08:00:30,91282CKR1,TSRYS5802848,D,S,T,2024-05-08,2000000.00,4.648759,99.587890625
08:00:30,91282CKR1,TSRYS5802848,D,S,T,2024-05-08,1000000.00,4.649466,99.5859375
08:00:30,91282CKR1,TSRYS5802848,D,S,T,2024-05-08,1000000.00,4.649466,99.5859375
08:00:30,91282CKR1,TSRYS5802848,D,S,T,2024-05-08,1000000.00,4.649466,99.5859375
08:00:30,91282CKR1,TSRYS5802848,D,S,T,2024-05-08,1000000.00,4.649466,99.5859375
08:00:30,91282CKR1,TSRYS5802848,D,S,T,2024-05-08,1000000.00,4.649466,99.5859375
08:00:30,91282CKR1,TSRYS5802848,D,S,T,2024-05-08,1000000.00,4.649466,99.5859375
08:00:30,91282CKR1,TSRYS5802848,D,S,T,2024-05-08,1000000.00,4.649466,99.5859375
08:00:30,91282CKR1,TSRYS5802848,D,S,T,2024-05-08,1000000.00,4.649466,99.5859375
08:00:30,91282CKR1,TSRYS5802848,D,S,T,2024-05-08,1000000.00,4.649466,99.5859375
08:00:30,91282CKR1,TSRYS5802848,D,S,T,2024-05-08,1000000.00,4.648052,99.58984375
08:00:30,91282CKR1,TSRYS5802848,D,S,T,2024-05-08,1000000.00,4.648052,99.58984375
08:00:30,91282CKR1,TSRYS5802848,D,S,T,2024-05-08,1000000.00,4.648052,99.58984375
08:00:30,91282CKR1,TSRYS5802848,D,S,T,2024-05-08,1000000.00,4.648052,99.58984375
08:00:30,91282CKR1,TSRYS5802848,D,S,T,2024-05-08,2000000.00,4.648052,99.58984375
08:00:30,91282CKR1,TSRYS5802848,D,S,T,2024-05-08,1000000.00,4.648052,99.58984375
08:00:30,91282CKR1,TSRYS5802848,D,S,T,2024-05-08,1000000.00,4.648052,99.58984375
08:00:30,91282CKR1,TSRYS5802848,D,S,T,2024-05-08,1000000.00,4.646639,99.59375
08:00:30,91282CKR1,TSRYS5802848,D,S,T,2024-05-08,1000000.00,4.646639,99.59375
08:00:30,91282CKR1,TSRYS5802848,D,S,T,2024-05-08,1000000.00,4.646639,99.59375
08:00:30,91282CKR1,TSRYS5802848,D,S,T,2024-05-08,1000000.00,4.646639,99.59375
08:00:30,91282CKR1,TSRYS5802848,D,S,T,2024-05-08,1000000.00,4.646639,99.59375
08:00:30,91282CKR1,TSRYS5802848,D,S,T,2024-05-08,1000000.00,4.646639,99.59375
08:00:30,91282CKR1,TSRYS5802848,D,S,T,2024-05-08,1000000.00,4.646639,99.59375
08:00:30,91282CKR1,TSRYS5802848,D,S,T,2024-05-08,1000000.00,4.645225,99.59765625
08:00:30,91282CKR1,TSRYS5802848,D,S,T,2024-05-08,1000000.00,4.645225,99.59765625
08:00:30,91282CKR1,TSRYS5802848,D,S,T,2024-05-08,1000000.00,4.645932,99.595703125
08:00:30,91282CKR1,TSRYS5802848,D,S,T,2024-05-08,1000000.00,4.645225,99.59765625
08:00:30,91282CKR1,TSRYS5802848,D,S,T,2024-05-08,1000000.00,4.645225,99.59765625
08:00:30,91282CKR1,TSRYS5802848,D,S,T,2024-05-08,1000000.00,4.643812,99.6015625
08:00:30,91282CKR1,TSRYS5802848,D,S,T,2024-05-08,1000000.00,4.643812,99.6015625
08:00:30,91282CKR1,TSRYS5802848,D,S,T,2024-05-08,1000000.00,4.643812,99.6015625
08:00:30,91282CKR1,TSRYS5802848,D,S,T,2024-05-08,1000000.00,4.643812,99.6015625
08:00:30,91282CKR1,TSRYS5802848,D,S,T,2024-05-08,1000000.00,4.643812,99.6015625
08:00:30,91282CKR1,TSRYS5802848,D,S,T,2024-05-08,1000000.00,4.643812,99.6015625
08:00:30,91282CKR1,TSRYS5802848,D,S,T,2024-05-08,1000000.00,4.645225,99.59765625
08:00:30,91282CKR1,TSRYS5802848,D,S,T,2024-05-08,1000000.00,4.645225,99.59765625
08:00:30,91282CKR1,TSRYS5802848,D,S,T,2024-05-08,1000000.00,4.645225,99.59765625
08:00:30,91282CKR1,TSRYS5802848,D,S,T,2024-05-08,1000000.00,4.645225,99.59765625
08:00:30,91282CKR1,TSRYS5802848,D,S,T,2024-05-08,1000000.00,4.643812,99.6015625
08:00:30,91282CKR1,TSRYS5802848,D,S,T,2024-05-08,1000000.00,4.643812,99.6015625
08:00:30,91282CKR1,TSRYS5802848,D,S,T,2024-05-08,1000000.00,4.643812,99.6015625
08:00:30,91282CKR1,TSRYS5802848,D,S,T,2024-05-08,1000000.00,4.643812,99.6015625
08:00:30,91282CKR1,TSRYS5802848,D,S,T,2024-05-08,3000000.00,4.645225,99.59765625
08:00:30,91282CKR1,TSRYS5802848,D,S,T,2024-05-08,1000000.00,4.645225,99.59765625
08:00:30,91282CKR1,TSRYS5802848,D,S,T,2024-05-08,1000000.00,4.645225,99.59765625
08:00:30,91282CKR1,TSRYS5802848,D,S,T,2024-05-08,1000000.00,4.645225,99.59765625
08:00:30,91282CKR1,TSRYS5802848,D,S,T,2024-05-08,1000000.00,4.645225,99.59765625
08:00:30,91282CKR1,TSRYS5802848,D,S,T,2024-05-08,4000000.00,4.646639,99.59375
08:00:30,91282CKR1,TSRYS5802848,D,S,T,2024-05-08,1000000.00,4.646639,99.59375
08:00:30,91282CKR1,TSRYS5802848,D,S,T,2024-05-08,1000000.00,4.646639,99.59375
08:00:30,91282CKR1,TSRYS5802848,D,S,T,2024-05-08,1000000.00,4.646639,99.59375
08:00:30,91282CKR1,TSRYS5802848,D,S,T,2024-05-08,3000000.00,4.646639,99.59375
08:00:30,91282CKR1,TSRYS5802848,D,S,T,2024-05-08,2000000.00,4.646639,99.59375
08:00:30,91282CKR1,TSRYS5802848,D,S,T,2024-05-08,2000000.00,4.646639,99.59375
08:00:30,91282CKR1,TSRYS5802848,D,S,T,2024-05-08,2000000.00,4.646639,99.59375
08:00:30,91282CKR1,TSRYS5802848,D,S,T,2024-05-08,1000000.00,4.646639,99.59375
08:00:30,91282CKR1,TSRYS5802848,D,S,T,2024-05-08,1000000.00,4.646639,99.59375
08:00:30,91282CKR1,TSRYS5802848,D,S,T,2024-05-08,2000000.00,4.646639,99.59375
08:00:30,91282CKR1,TSRYS5802848,D,S,T,2024-05-08,1000000.00,4.646639,99.59375
08:00:30,91282CKR1,TSRYS5802848,D,S,T,2024-05-08,1000000.00,4.646639,99.59375
08:00:30,91282CKR1,TSRYS5802848,D,S,T,2024-05-08,1000000.00,4.645225,99.59765625
08:00:30,91282CKR1,TSRYS5802848,D,S,T,2024-05-08,1000000.00,4.645225,99.59765625
08:00:30,91282CKR1,TSRYS5802848,D,S,T,2024-05-08,1000000.00,4.645225,99.59765625
08:00:30,91282CKR1,TSRYS5802848,D,S,T,2024-05-08,1000000.00,4.645225,99.59765625
08:00:30,91282CKR1,TSRYS5802848,D,S,T,2024-05-08,1000000.00,4.645225,99.59765625
08:00:30,91282CKR1,TSRYS5802848,D,S,T,2024-05-08,1000000.00,4.645225,99.59765625
08:00:30,91282CKR1,TSRYS5802848,D,S,T,2024-05-08,1000000.00,4.645225,99.59765625
08:00:30,91282CKR1,TSRYS5802848,D,S,T,2024-05-08,2000000.00,4.645225,99.59765625
08:00:30,91282CKR1,TSRYS5802848,D,S,T,2024-05-08,1000000.00,4.645225,99.59765625
08:00:30,91282CKR1,TSRYS5802848,D,S,T,2024-05-08,1000000.00,4.642399,99.60546875
08:00:30,91282CKR1,TSRYS5802848,D,S,T,2024-05-08,1000000.00,4.642399,99.60546875
08:00:30,91282CKR1,TSRYS5802848,D,S,T,2024-05-08,1000000.00,4.634627,99.626953125
08:00:30,91282CKR1,TSRYS5802848,D,S,T,2024-05-08,1000000.00,4.640986,99.609375
08:00:30,91282CKR1,TSRYS5802848,D,S,T,2024-05-08,1000000.00,4.640986,99.609375
08:00:30,91282CKR1,TSRYS5802848,D,S,T,2024-05-08,1000000.00,4.640986,99.609375
08:00:30,91282CKR1,TSRYS5802848,D,S,T,2024-05-08,1000000.00,4.639572,99.61328125
08:00:30,91282CKR1,TSRYS5802848,D,S,T,2024-05-08,1000000.00,4.638159,99.6171875
08:00:30,91282CKR1,TSRYS5802848,D,S,T,2024-05-08,1000000.00,4.638159,99.6171875
08:00:30,91282CKR1,TSRYS5802848,D,S,T,2024-05-08,2000000.00,4.638159,99.6171875
08:00:30,91282CKR1,TSRYS5802848,D,S,T,2024-05-08,1000000.00,4.638159,99.6171875
08:00:30,91282CKR1,TSRYS5802848,D,S,T,2024-05-08,1000000.00,4.638159,99.6171875
08:00:30,91282CKR1,TSRYS5802848,D,S,T,2024-05-08,1000000.00,4.638159,99.6171875
08:00:30,91282CKR1,TSRYS5802848,D,S,T,2024-05-08,1000000.00,4.642399,99.60546875
08:00:30,91282CKR1,TSRYS5802848,D,S,T,2024-05-08,1000000.00,4.643812,99.6015625
08:00:30,91282CKR1,TSRYS5802848,D,S,T,2024-05-08,1000000.00,4.648052,99.58984375
08:00:30,91282CKR1,TSRYS5802848,D,S,T,2024-05-08,1000000.00,4.648052,99.58984375
08:00:30,91282CKR1,TSRYS5802848,D,S,T,2024-05-08,2000000.00,4.648052,99.58984375
08:00:30,91282CKR1,TSRYS5802848,D,S,T,2024-05-08,1000000.00,4.646639,99.59375
08:00:30,91282CKR1,TSRYS5802848,D,S,T,2024-05-08,1000000.00,4.646639,99.59375
08:00:30,91282CKR1,TSRYS5802848,D,S,T,2024-05-08,1000000.00,4.645225,99.59765625
08:00:30,91282CKR1,TSRYS5802848,D,S,T,2024-05-08,1000000.00,4.643812,99.6015625
08:00:30,91282CKR1,TSRYS5802848,D,S,T,2024-05-08,1000000.00,4.643812,99.6015625
08:00:30,91282CKR1,TSRYS5802848,D,S,T,2024-05-08,1000000.00,4.643812,99.6015625
08:00:30,91282CKR1,TSRYS5802848,D,S,T,2024-05-08,1000000.00,4.643812,99.6015625
08:00:30,91282CKR1,TSRYS5802848,D,S,T,2024-05-08,1000000.00,4.643812,99.6015625
08:00:30,91282CKR1,TSRYS5802848,D,S,T,2024-05-08,1000000.00,4.643812,99.6015625
08:00:30,91282CKR1,TSRYS5802848,D,S,T,2024-05-08,1000000.00,4.643812,99.6015625
08:00:30,91282CKR1,TSRYS5802848,D,S,T,2024-05-08,1000000.00,4.643812,99.6015625
08:00:30,91282CKR1,TSRYS5802848,D,S,T,2024-05-08,1000000.00,4.643812,99.6015625
08:00:30,91282CKR1,TSRYS5802848,D,S,T,2024-05-08,1000000.00,4.643812,99.6015625
08:00:30,91282CKR1,TSRYS5802848,D,S,T,2024-05-08,1000000.00,4.643812,99.6015625
08:00:30,91282CKR1,TSRYS5802848,D,S,T,2024-05-08,1000000.00,4.643812,99.6015625
08:00:30,91282CKR1,TSRYS5802848,D,S,T,2024-05-08,1000000.00,4.643812,99.6015625
08:00:30,91282CKR1,TSRYS5802848,D,S,T,2024-05-08,1000000.00,4.643812,99.6015625
08:00:30,91282CKR1,TSRYS5802848,D,S,T,2024-05-08,1000000.00,4.643812,99.6015625
08:00:30,91282CKR1,TSRYS5802848,D,S,T,2024-05-08,1000000.00,4.643812,99.6015625
08:00:30,91282CKR1,TSRYS5802848,D,S,T,2024-05-08,1000000.00,4.643812,99.6015625
08:00:30,91282CKR1,TSRYS5802848,D,S,T,2024-05-08,2000000.00,4.642399,99.60546875
08:00:30,91282CKR1,TSRYS5802848,D,S,T,2024-05-08,1000000.00,4.642399,99.60546875
08:00:30,91282CKR1,TSRYS5802848,D,S,T,2024-05-08,1000000.00,4.640986,99.609375
08:00:30,91282CKR1,TSRYS5802848,D,S,T,2024-05-08,1000000.00,4.639572,99.61328125
08:00:30,91282CKR1,TSRYS5802848,D,S,T,2024-05-08,1000000.00,4.638159,99.6171875
08:00:30,91282CKR1,TSRYS5802848,D,S,T,2024-05-08,1000000.00,4.639572,99.61328125
08:00:30,91282CKR1,TSRYS5802848,D,S,T,2024-05-08,1000000.00,4.637453,99.619140625
08:00:30,91282CKR1,TSRYS5802848,D,S,T,2024-05-08,1000000.00,4.637453,99.619140625
08:00:30,91282CKR1,TSRYS5802848,D,S,T,2024-05-08,1000000.00,4.637453,99.619140625
08:00:30,91282CKR1,TSRYS5802848,D,S,T,2024-05-08,2000000.00,4.638159,99.6171875
08:00:30,91282CKR1,TSRYS5802848,D,S,T,2024-05-08,1000000.00,4.63604,99.623046875
08:00:30,91282CKR1,TSRYS5802848,D,S,T,2024-05-08,1000000.00,4.635333,99.625
08:00:30,91282CKR1,TSRYS5802848,D,S,T,2024-05-08,1000000.00,4.635333,99.625
08:00:30,91282CKR1,TSRYS5802848,D,S,T,2024-05-08,1000000.00,4.63392,99.62890625
08:00:30,91282CKR1,TSRYS5802848,D,S,T,2024-05-08,2000000.00,4.633214,99.630859375
08:00:30,91282CKR1,TSRYS5802848,D,S,T,2024-05-08,1000000.00,4.633214,99.630859375
08:00:30,91282CKR1,TSRYS5802848,D,S,T,2024-05-08,1000000.00,4.633214,99.630859375
08:00:30,91282CKR1,TSRYS5802848,D,S,T,2024-05-08,1000000.00,4.633214,99.630859375
08:00:30,91282CKR1,TSRYS5802848,D,S,T,2024-05-08,1000000.00,4.633214,99.630859375
08:00:30,91282CKR1,TSRYS5802848,D,S,T,2024-05-08,1000000.00,4.63392,99.62890625
08:00:30,91282CKR1,TSRYS5802848,D,S,T,2024-05-08,1000000.00,4.634627,99.626953125
08:00:30,91282CKR1,TSRYS5802848,D,S,T,2024-05-08,1000000.00,4.634627,99.626953125
08:00:30,91282CKR1,TSRYS5802848,D,S,T,2024-05-08,1000000.00,4.634627,99.626953125
08:00:30,91282CKR1,TSRYS5802848,D,S,T,2024-05-08,1000000.00,4.634627,99.626953125
08:00:30,91282CKR1,TSRYS5802848,D,S,T,2024-05-08,1000000.00,4.634627,99.626953125
08:00:30,91282CKR1,TSRYS5802848,D,S,T,2024-05-08,1000000.00,4.634627,99.626953125
08:00:30,91282CKR1,TSRYS5802848,D,S,T,2024-05-08,1000000.00,4.635333,99.625
08:00:30,91282CKR1,TSRYS5802848,D,S,T,2024-05-08,1000000.00,4.635333,99.625
08:00:30,91282CKR1,TSRYS5802848,D,S,T,2024-05-08,1000000.00,4.635333,99.625
08:00:30,91282CKR1,TSRYS5802848,D,S,T,2024-05-08,1000000.00,4.635333,99.625
08:00:30,91282CKR1,TSRYS5802848,D,S,T,2024-05-08,1000000.00,4.635333,99.625
08:00:30,91282CKR1,TSRYS5802848,D,S,T,2024-05-08,1000000.00,4.63604,99.623046875
08:00:30,91282CKR1,TSRYS5802848,D,S,T,2024-05-08,1000000.00,4.639572,99.61328125
08:00:30,91282CKR1,TSRYS5802848,D,S,T,2024-05-08,1000000.00,4.640986,99.609375
08:00:30,91282CKR1,TSRYS5802848,D,S,T,2024-05-08,1000000.00,4.640986,99.609375
08:00:30,91282CKR1,TSRYS5802848,D,S,T,2024-05-08,1000000.00,4.640986,99.609375
08:00:30,91282CKR1,TSRYS5802848,D,S,T,2024-05-08,1000000.00,4.640986,99.609375
08:00:30,91282CKR1,TSRYS5802848,D,S,T,2024-05-08,1000000.00,4.640986,99.609375
08:00:30,91282CKR1,TSRYS5802848,D,S,T,2024-05-08,2000000.00,4.642399,99.60546875
08:00:30,91282CKR1,TSRYS5802848,D,S,T,2024-05-08,1000000.00,4.642399,99.60546875
08:00:30,91282CKR1,TSRYS5802848,D,S,T,2024-05-08,1000000.00,4.642399,99.60546875
08:00:30,91282CKR1,TSRYS5802848,D,S,T,2024-05-08,1000000.00,4.642399,99.60546875
08:00:30,91282CKR1,TSRYS5802848,D,S,T,2024-05-08,1000000.00,4.645225,99.59765625
08:00:30,91282CKR1,TSRYS5802848,D,S,T,2024-05-08,1000000.00,4.639572,99.61328125
08:00:30,91282CKR1,TSRYS5802848,D,S,T,2024-05-08,1000000.00,4.640986,99.609375
08:00:30,91282CKR1,TSRYS5802848,D,S,T,2024-05-08,1000000.00,4.640986,99.609375
08:00:30,91282CKR1,TSRYS5802848,D,S,T,2024-05-08,1000000.00,4.640986,99.609375
08:00:30,91282CKR1,TSRYS5802848,D,S,T,2024-05-08,1000000.00,4.640986,99.609375
08:00:30,91282CKR1,TSRYS5802848,D,S,T,2024-05-08,1000000.00,4.640986,99.609375
08:00:30,91282CKR1,TSRYS5802848,D,S,T,2024-05-08,1000000.00,4.640986,99.609375
08:00:30,91282CKR1,TSRYS5802848,D,S,T,2024-05-08,1000000.00,4.640986,99.609375
08:00:30,91282CKR1,TSRYS5802848,D,S,T,2024-05-08,1000000.00,4.640986,99.609375
08:00:30,91282CKR1,TSRYS5802848,D,S,T,2024-05-08,1000000.00,4.642399,99.60546875
08:00:30,91282CKR1,TSRYS5802848,D,S,T,2024-05-08,1000000.00,4.642399,99.60546875
08:00:30,91282CKR1,TSRYS5802848,D,S,T,2024-05-08,1000000.00,4.642399,99.60546875
08:00:30,91282CKR1,TSRYS5802848,D,S,T,2024-05-08,2000000.00,4.642399,99.60546875
08:00:30,91282CKR1,TSRYS5802848,D,S,T,2024-05-08,1000000.00,4.642399,99.60546875
08:00:30,91282CKR1,TSRYS5802848,D,S,T,2024-05-08,1000000.00,4.642399,99.60546875
08:00:30,91282CKR1,TSRYS5802848,D,S,T,2024-05-08,1000000.00,4.642399,99.60546875
08:00:30,91282CKR1,TSRYS5802848,D,S,T,2024-05-08,1000000.00,4.642399,99.60546875
08:00:30,91282CKR1,TSRYS5802848,D,S,T,2024-05-08,2000000.00,4.646639,99.59375
08:00:30,91282CKR1,TSRYS5802848,D,S,T,2024-05-08,1000000.00,4.643812,99.6015625
08:00:30,91282CKR1,TSRYS5802848,D,S,T,2024-05-08,1000000.00,4.645225,99.59765625
08:00:30,91282CKR1,TSRYS5802848,D,S,T,2024-05-08,1000000.00,4.643812,99.6015625
08:00:30,91282CKR1,TSRYS5802848,D,S,T,2024-05-08,1000000.00,4.643812,99.6015625
08:00:30,91282CKR1,TSRYS5802848,D,S,T,2024-05-08,1000000.00,4.643812,99.6015625
08:00:30,91282CKR1,TSRYS5802848,D,S,T,2024-05-08,1000000.00,4.643812,99.6015625
08:00:30,91282CKR1,TSRYS5802848,D,S,T,2024-05-08,1000000.00,4.643812,99.6015625
08:00:30,91282CKR1,TSRYS5802848,D,S,T,2024-05-08,1000000.00,4.643812,99.6015625
08:00:30,91282CKR1,TSRYS5802848,D,S,T,2024-05-08,2000000.00,4.643812,99.6015625
08:00:30,91282CKR1,TSRYS5802848,D,S,T,2024-05-08,1000000.00,4.643812,99.6015625
08:00:30,91282CKR1,TSRYS5802848,D,S,T,2024-05-08,2000000.00,4.643812,99.6015625
08:00:30,91282CKR1,TSRYS5802848,D,S,T,2024-05-08,5000000.00,4.643812,99.6015625
08:00:30,91282CKR1,TSRYS5802848,D,S,T,2024-05-08,1000000.00,4.643812,99.6015625
08:00:30,91282CKR1,TSRYS5802848,D,S,T,2024-05-08,1000000.00,4.643812,99.6015625
08:00:30,91282CKR1,TSRYS5802848,D,S,T,2024-05-08,1000000.00,4.643812,99.6015625
08:00:30,91282CKR1,TSRYS5802848,D,S,T,2024-05-08,1000000.00,4.643812,99.6015625
08:00:30,91282CKR1,TSRYS5802848,D,S,T,2024-05-08,1000000.00,4.643812,99.6015625
08:00:30,91282CKR1,TSRYS5802848,D,S,T,2024-05-08,1000000.00,4.643812,99.6015625
08:00:30,91282CKR1,TSRYS5802848,D,S,T,2024-05-08,1000000.00,4.643812,99.6015625
08:00:30,91282CKR1,TSRYS5802848,D,S,T,2024-05-08,1000000.00,4.645225,99.59765625
08:00:30,91282CKR1,TSRYS5802848,D,S,T,2024-05-08,1000000.00,4.645225,99.59765625
08:00:30,91282CKR1,TSRYS5802848,D,S,T,2024-05-08,1000000.00,4.645225,99.59765625
08:00:30,91282CKR1,TSRYS5802848,D,S,T,2024-05-08,1000000.00,4.645225,99.59765625
08:00:30,91282CKR1,TSRYS5802848,D,S,T,2024-05-08,1000000.00,4.645225,99.59765625
08:00:30,91282CKR1,TSRYS5802848,D,S,T,2024-05-08,1000000.00,4.643812,99.6015625
08:00:30,91282CKR1,TSRYS5802848,D,S,T,2024-05-08,1000000.00,4.643812,99.6015625
08:00:30,91282CKR1,TSRYS5802848,D,S,T,2024-05-08,1000000.00,4.645225,99.59765625
08:00:30,91282CKR1,TSRYS5802848,D,S,T,2024-05-08,1000000.00,4.645225,99.59765625
08:00:30,91282CKR1,TSRYS5802848,D,S,T,2024-05-08,1000000.00,4.645225,99.59765625
08:00:30,91282CKR1,TSRYS5802848,D,S,T,2024-05-08,1000000.00,4.645225,99.59765625
08:00:30,91282CKR1,TSRYS5802848,D,S,T,2024-05-08,1000000.00,4.645225,99.59765625
08:00:30,91282CKR1,TSRYS5802848,D,S,T,2024-05-08,1000000.00,4.645225,99.59765625
08:00:30,91282CKR1,TSRYS5802848,D,S,T,2024-05-08,1000000.00,4.645225,99.59765625
08:00:30,91282CKR1,TSRYS5802848,D,S,T,2024-05-08,1000000.00,4.645225,99.59765625
08:00:30,91282CKR1,TSRYS5802848,D,S,T,2024-05-08,1000000.00,4.645225,99.59765625
08:00:30,91282CKR1,TSRYS5802848,D,S,T,2024-05-08,1000000.00,4.645225,99.59765625
08:00:30,91282CKR1,TSRYS5802848,D,S,T,2024-05-08,1000000.00,4.646639,99.59375
08:00:30,91282CKR1,TSRYS5802848,D,S,T,2024-05-08,1000000.00,4.648052,99.58984375
08:00:30,91282CKR1,TSRYS5802848,D,S,T,2024-05-08,1000000.00,4.648052,99.58984375
08:00:30,91282CKR1,TSRYS5802848,D,S,T,2024-05-08,1000000.00,4.648052,99.58984375
08:00:30,91282CKR1,TSRYS5802848,D,S,T,2024-05-08,1000000.00,4.648052,99.58984375
08:00:30,91282CKR1,TSRYS5802848,D,S,T,2024-05-08,3000000.00,4.648052,99.58984375
08:00:30,91282CKR1,TSRYS5802848,D,S,T,2024-05-08,2000000.00,4.648052,99.58984375
08:00:30,91282CKR1,TSRYS5802848,D,S,T,2024-05-08,2000000.00,4.648052,99.58984375
08:00:30,91282CKR1,TSRYS5802848,D,S,T,2024-05-08,2000000.00,4.648052,99.58984375
08:00:30,91282CKR1,TSRYS5802848,D,S,T,2024-05-08,1000000.00,4.648052,99.58984375
08:00:30,91282CKR1,TSRYS5802848,D,S,T,2024-05-08,4000000.00,4.648052,99.58984375
08:00:30,91282CKR1,TSRYS5802848,D,S,T,2024-05-08,3000000.00,4.648052,99.58984375
08:00:30,91282CKR1,TSRYS5802848,D,S,T,2024-05-08,1000000.00,4.648052,99.58984375
08:00:30,91282CKR1,TSRYS5802848,D,S,T,2024-05-08,1000000.00,4.648052,99.58984375
08:00:30,91282CKR1,TSRYS5802848,D,S,T,2024-05-08,1000000.00,4.648052,99.58984375
08:00:30,91282CKR1,TSRYS5802848,D,S,T,2024-05-08,1000000.00,4.649466,99.5859375
08:00:30,91282CKR1,TSRYS5802848,D,S,T,2024-05-08,1000000.00,4.649466,99.5859375
08:00:30,91282CKR1,TSRYS5802848,D,S,T,2024-05-08,1000000.00,4.649466,99.5859375
08:00:30,91282CKR1,TSRYS5802848,D,S,D,2024-05-08,2000000.00,4.63392,99.62890625
08:00:30,91282CKR1,TSRYS5802848,D,S,T,2024-05-08,1000000.00,4.65088,99.58203125
08:00:30,91282CKR1,TSRYS5802848,D,S,T,2024-05-08,1000000.00,4.649466,99.5859375
08:00:30,91282CKR1,TSRYS5802848,D,S,T,2024-05-08,1000000.00,4.65088,99.58203125
08:00:30,91282CKR1,TSRYS5802848,D,S,T,2024-05-08,2000000.00,4.65088,99.58203125
08:00:30,91282CKR1,TSRYS5802848,D,S,T,2024-05-08,2000000.00,4.65088,99.58203125
08:00:30,91282CKR1,TSRYS5802848,D,S,T,2024-05-08,1000000.00,4.65088,99.58203125
08:00:30,91282CKR1,TSRYS5802848,D,S,T,2024-05-08,3000000.00,4.65088,99.58203125
08:00:30,91282CKR1,TSRYS5802848,D,S,T,2024-05-08,3000000.00,4.65088,99.58203125
08:00:30,91282CKR1,TSRYS5802848,D,S,T,2024-05-08,1000000.00,4.65088,99.58203125
08:00:30,91282CKR1,TSRYS5802848,D,S,T,2024-05-08,1000000.00,4.65088,99.58203125
08:00:30,91282CKR1,TSRYS5802848,D,S,D,2024-05-08,1000000.00,4.65088,99.58203125
08:00:30,91282CKR1,TSRYS5802848,D,S,T,2024-05-08,1000000.00,4.648052,99.58984375
08:00:30,91282CKR1,TSRYS5802848,D,S,T,2024-05-08,1000000.00,4.648052,99.58984375
08:00:30,91282CKR1,TSRYS5802848,D,S,T,2024-05-08,1000000.00,4.648052,99.58984375
08:00:30,91282CKR1,TSRYS5802848,D,S,T,2024-05-08,1000000.00,4.648052,99.58984375
08:00:30,91282CKR1,TSRYS5802848,D,S,T,2024-05-08,1000000.00,4.648052,99.58984375
08:00:30,91282CKR1,TSRYS5802848,D,S,T,2024-05-08,1000000.00,4.648052,99.58984375
08:00:30,91282CKR1,TSRYS5802848,D,S,T,2024-05-08,1000000.00,4.648052,99.58984375
08:00:30,91282CKR1,TSRYS5802848,D,S,T,2024-05-08,1000000.00,4.649466,99.5859375
08:00:30,91282CKR1,TSRYS5802848,D,S,T,2024-05-08,1000000.00,4.648052,99.58984375
08:00:30,91282CKR1,TSRYS5802848,D,S,T,2024-05-08,1000000.00,4.648052,99.58984375
08:00:30,91282CKR1,TSRYS5802848,D,S,T,2024-05-08,1000000.00,4.648052,99.58984375
08:00:30,91282CKR1,TSRYS5802848,D,S,T,2024-05-08,2000000.00,4.646639,99.59375
08:00:30,91282CKR1,TSRYS5802848,D,S,T,2024-05-08,2000000.00,4.646639,99.59375
08:00:30,91282CKR1,TSRYS5802848,D,S,T,2024-05-08,2000000.00,4.646639,99.59375
08:00:30,91282CKR1,TSRYS5802848,D,S,T,2024-05-08,1000000.00,4.646639,99.59375
08:00:30,91282CKR1,TSRYS5802848,D,S,T,2024-05-08,2000000.00,4.646639,99.59375
08:00:30,91282CKR1,TSRYS5802848,D,S,T,2024-05-08,1000000.00,4.646639,99.59375
08:00:30,91282CKR1,TSRYS5802848,D,S,T,2024-05-08,1000000.00,4.646639,99.59375
08:00:30,91282CKR1,TSRYS5802848,D,S,T,2024-05-08,2000000.00,4.646639,99.59375
08:00:30,91282CKR1,TSRYS5802848,D,S,T,2024-05-08,1000000.00,4.648052,99.58984375
08:00:30,91282CKR1,TSRYS5802848,D,S,T,2024-05-08,1000000.00,4.646639,99.59375
08:00:30,91282CKR1,TSRYS5802848,D,S,T,2024-05-08,1000000.00,4.648052,99.58984375
08:00:30,91282CKR1,TSRYS5802848,D,S,T,2024-05-08,1000000.00,4.648052,99.58984375
08:00:30,91282CKR1,TSRYS5802848,D,S,T,2024-05-08,2000000.00,4.648052,99.58984375
08:00:30,91282CKR1,TSRYS5802848,D,S,T,2024-05-08,2000000.00,4.648052,99.58984375
08:00:30,91282CKR1,TSRYS5802848,D,S,T,2024-05-08,1000000.00,4.649466,99.5859375
08:00:30,91282CKR1,TSRYS5802848,D,S,T,2024-05-08,2000000.00,4.650173,99.583984375
08:00:30,91282CKR1,TSRYS5802848,D,S,T,2024-05-08,2000000.00,4.65088,99.58203125
08:00:30,91282CKR1,TSRYS5802848,D,S,T,2024-05-08,2000000.00,4.65088,99.58203125
08:00:30,91282CKR1,TSRYS5802848,D,S,T,2024-05-08,1000000.00,4.65088,99.58203125
08:00:30,91282CKR1,TSRYS5802848,D,S,T,2024-05-08,4000000.00,4.65088,99.58203125
08:00:30,91282CKR1,TSRYS5802848,D,S,T,2024-05-08,3000000.00,4.65088,99.58203125
08:00:30,91282CKR1,TSRYS5802848,D,S,T,2024-05-08,1000000.00,4.65088,99.58203125
08:00:30,91282CKR1,TSRYS5802848,D,S,T,2024-05-08,1000000.00,4.65088,99.58203125
08:00:30,91282CKR1,TSRYS5802848,D,S,T,2024-05-08,1000000.00,4.65088,99.58203125
08:00:30,91282CKR1,TSRYS5802848,D,S,T,2024-05-08,1000000.00,4.65088,99.58203125
08:00:30,91282CKR1,TSRYS5802848,D,S,T,2024-05-08,1000000.00,4.65088,99.58203125
08:00:30,91282CKR1,TSRYS5802848,D,S,T,2024-05-08,1000000.00,4.65088,99.58203125
08:00:30,91282CKR1,TSRYS5802848,D,S,T,2024-05-08,2000000.00,4.65088,99.58203125
08:00:30,91282CKR1,TSRYS5802848,D,S,T,2024-05-08,3000000.00,4.65088,99.58203125
08:00:30,91282CKR1,TSRYS5802848,D,S,T,2024-05-08,1000000.00,4.65088,99.58203125
08:00:30,91282CKR1,TSRYS5802848,D,S,T,2024-05-08,2000000.00,4.65088,99.58203125
08:00:30,91282CKR1,TSRYS5802848,D,S,T,2024-05-08,1000000.00,4.651586,99.580078125
08:00:30,91282CKR1,TSRYS5802848,D,S,T,2024-05-08,2000000.00,4.65088,99.58203125
08:00:30,91282CKR1,TSRYS5802848,D,S,T,2024-05-08,1000000.00,4.65088,99.58203125
08:00:30,91282CKR1,TSRYS5802848,D,S,T,2024-05-08,1000000.00,4.65088,99.58203125
08:00:30,91282CKR1,TSRYS5802848,D,S,T,2024-05-08,2000000.00,4.652293,99.578125
08:00:30,91282CKR1,TSRYS5802848,D,S,T,2024-05-08,1000000.00,4.652293,99.578125
08:00:30,91282CKR1,TSRYS5802848,D,S,T,2024-05-08,1000000.00,4.653,99.576171875
08:00:30,91282CKR1,TSRYS5802848,D,S,T,2024-05-08,3000000.00,4.655121,99.5703125
08:00:30,91282CKR1,TSRYS5802848,D,S,T,2024-05-08,1000000.00,4.655121,99.5703125
08:00:30,91282CKR1,TSRYS5802848,D,S,T,2024-05-08,1000000.00,4.656535,99.56640625
08:00:30,91282CKR1,TSRYS5802848,D,S,T,2024-05-08,1000000.00,4.656535,99.56640625
08:00:30,91282CKR1,TSRYS5802848,D,S,T,2024-05-08,1000000.00,4.655121,99.5703125
08:00:30,91282CKR1,TSRYS5802848,D,S,T,2024-05-08,1000000.00,4.655121,99.5703125
08:00:30,91282CKR1,TSRYS5802848,D,S,T,2024-05-08,1000000.00,4.655121,99.5703125
08:00:30,91282CKR1,TSRYS5802848,D,S,T,2024-05-08,2000000.00,4.655828,99.568359375
08:00:30,91282CKR1,TSRYS5802848,D,S,T,2024-05-08,1000000.00,4.655828,99.568359375
08:00:30,91282CKR1,TSRYS5802848,D,S,T,2024-05-08,1000000.00,4.655828,99.568359375
08:00:30,91282CKR1,TSRYS5802848,D,S,T,2024-05-08,1000000.00,4.656535,99.56640625
08:00:30,91282CKR1,TSRYS5802848,D,S,T,2024-05-08,1000000.00,4.656535,99.56640625
08:00:30,91282CKR1,TSRYS5802848,D,S,T,2024-05-08,2000000.00,4.655828,99.568359375
08:00:30,91282CKR1,TSRYS5802848,D,S,T,2024-05-08,2000000.00,4.655121,99.5703125
08:00:30,91282CKR1,TSRYS5802848,D,S,T,2024-05-08,2000000.00,4.654414,99.572265625
08:00:30,91282CKR1,TSRYS5802848,D,S,T,2024-05-08,1000000.00,4.653707,99.57421875
08:00:30,91282CKR1,TSRYS5802848,D,S,T,2024-05-08,1000000.00,4.653707,99.57421875
08:00:30,91282CKR1,TSRYS5802848,D,S,T,2024-05-08,1000000.00,4.653707,99.57421875
08:00:30,91282CKR1,TSRYS5802848,D,S,T,2024-05-08,1000000.00,4.653707,99.57421875
08:00:30,91282CKR1,TSRYS5802848,D,S,T,2024-05-08,2000000.00,4.652293,99.578125
08:00:30,91282CKR1,TSRYS5802848,D,S,T,2024-05-08,1000000.00,4.652293,99.578125
08:00:30,91282CKR1,TSRYS5802848,D,S,T,2024-05-08,1000000.00,4.652293,99.578125
08:00:30,91282CKR1,TSRYS5802848,D,S,T,2024-05-08,1000000.00,4.652293,99.578125
08:00:30,91282CKR1,TSRYS5802848,D,S,T,2024-05-08,1000000.00,4.65088,99.58203125
08:00:30,91282CKR1,TSRYS5802848,D,S,T,2024-05-08,1000000.00,4.65088,99.58203125
08:00:30,91282CKR1,TSRYS5802848,D,S,T,2024-05-08,1000000.00,4.65088,99.58203125
08:00:30,91282CKR1,TSRYS5802848,D,S,T,2024-05-08,1000000.00,4.65088,99.58203125
08:00:30,91282CKR1,TSRYS5802848,D,S,T,2024-05-08,1000000.00,4.65088,99.58203125
08:00:30,91282CKR1,TSRYS5802848,D,S,T,2024-05-08,1000000.00,4.65088,99.58203125
08:00:30,91282CKR1,TSRYS5802848,D,S,T,2024-05-08,1000000.00,4.65088,99.58203125
08:00:30,91282CKR1,TSRYS5802848,D,S,T,2024-05-08,1000000.00,4.65088,99.58203125
08:00:30,91282CKR1,TSRYS5802848,D,S,T,2024-05-08,1000000.00,4.649466,99.5859375
08:00:30,91282CKR1,TSRYS5802848,D,S,T,2024-05-08,1000000.00,4.649466,99.5859375
08:00:30,91282CKR1,TSRYS5802848,D,S,T,2024-05-08,1000000.00,4.649466,99.5859375
08:00:30,91282CKR1,TSRYS5802848,D,S,T,2024-05-08,1000000.00,4.649466,99.5859375
08:00:30,91282CKR1,TSRYS5802848,D,S,T,2024-05-08,1000000.00,4.649466,99.5859375
08:00:30,91282CKR1,TSRYS5802848,D,S,T,2024-05-08,1000000.00,4.649466,99.5859375
08:00:30,91282CKR1,TSRYS5802848,D,S,T,2024-05-08,2000000.00,4.649466,99.5859375
08:00:30,91282CKR1,TSRYS5802848,D,S,T,2024-05-08,12000000.00,4.649466,99.5859375
08:00:30,91282CKR1,TSRYS5802848,D,S,T,2024-05-08,11000000.00,4.649466,99.5859375
08:00:30,91282CKR1,TSRYS5802848,D,S,T,2024-05-08,3000000.00,4.649466,99.5859375
08:00:30,91282CKR1,TSRYS5802848,D,S,T,2024-05-08,1000000.00,4.65088,99.58203125
08:00:30,91282CKR1,TSRYS5802848,D,S,T,2024-05-08,1000000.00,4.65088,99.58203125
08:00:30,91282CKR1,TSRYS5802848,D,S,T,2024-05-08,1000000.00,4.65088,99.58203125
08:00:30,91282CKR1,TSRYS5802848,D,S,T,2024-05-08,1000000.00,4.65088,99.58203125
08:00:30,91282CKR1,TSRYS5802848,D,S,T,2024-05-08,1000000.00,4.65088,99.58203125
08:00:30,91282CKR1,TSRYS5802848,D,S,T,2024-05-08,1000000.00,4.652293,99.578125
08:00:30,91282CKR1,TSRYS5802848,D,S,T,2024-05-08,3000000.00,4.652293,99.578125
08:00:30,91282CKR1,TSRYS5802848,D,S,T,2024-05-08,1000000.00,4.652293,99.578125
08:00:30,91282CKR1,TSRYS5802848,D,S,T,2024-05-08,4000000.00,4.652293,99.578125
08:00:30,91282CKR1,TSRYS5802848,D,S,T,2024-05-08,5000000.00,4.652293,99.578125
08:00:30,91282CKR1,TSRYS5802848,D,S,T,2024-05-08,4000000.00,4.652293,99.578125
08:00:30,91282CKR1,TSRYS5802848,D,S,T,2024-05-08,1000000.00,4.652293,99.578125
08:00:30,91282CKR1,TSRYS5802848,D,S,T,2024-05-08,1000000.00,4.65088,99.58203125
08:00:30,91282CKR1,TSRYS5802848,D,S,T,2024-05-08,3000000.00,4.650173,99.583984375
08:00:30,91282CKR1,TSRYS5802848,D,S,T,2024-05-08,1000000.00,4.652293,99.578125
08:00:30,91282CKR1,TSRYS5802848,D,S,T,2024-05-08,5000000.00,4.652293,99.578125
08:00:30,91282CKR1,TSRYS5802848,D,S,T,2024-05-08,4000000.00,4.652293,99.578125
08:00:30,91282CKR1,TSRYS5802848,D,S,T,2024-05-08,1000000.00,4.652293,99.578125
08:00:30,91282CKR1,TSRYS5802848,D,S,T,2024-05-08,1000000.00,4.652293,99.578125
08:00:30,91282CKR1,TSRYS5802848,D,S,T,2024-05-08,2000000.00,4.652293,99.578125
08:00:30,91282CKR1,TSRYS5802848,D,S,T,2024-05-08,1000000.00,4.652293,99.578125
08:00:30,91282CKR1,TSRYS5802848,D,S,T,2024-05-08,1000000.00,4.652293,99.578125
08:00:30,91282CKR1,TSRYS5802848,D,S,T,2024-05-08,1000000.00,4.652293,99.578125
08:00:30,91282CKR1,TSRYS5802848,D,S,T,2024-05-08,2000000.00,4.652293,99.578125
08:00:30,91282CKR1,TSRYS5802848,D,S,T,2024-05-08,1000000.00,4.652293,99.578125
08:00:30,91282CKR1,TSRYS5802848,D,S,T,2024-05-08,1000000.00,4.65088,99.58203125
08:00:30,91282CKR1,TSRYS5802848,D,S,T,2024-05-08,1000000.00,4.652293,99.578125
08:00:30,91282CKR1,TSRYS5802848,D,S,T,2024-05-08,2000000.00,4.652293,99.578125
08:00:30,91282CKR1,TSRYS5802848,D,S,T,2024-05-08,2000000.00,4.652293,99.578125
08:00:30,91282CKR1,TSRYS5802848,D,S,T,2024-05-08,1000000.00,4.65088,99.58203125
08:00:30,91282CKR1,TSRYS5802848,D,S,T,2024-05-08,1000000.00,4.651586,99.580078125
08:00:30,91282CKR1,TSRYS5802848,D,S,T,2024-05-08,2000000.00,4.652293,99.578125
08:00:30,91282CKR1,TSRYS5802848,D,S,T,2024-05-08,2000000.00,4.652293,99.578125
08:00:30,91282CKR1,TSRYS5802848,D,S,T,2024-05-08,2000000.00,4.652293,99.578125
08:00:30,91282CKR1,TSRYS5802848,D,S,T,2024-05-08,1000000.00,4.652293,99.578125
08:00:30,91282CKR1,TSRYS5802848,D,S,T,2024-05-08,2000000.00,4.653707,99.57421875
08:00:30,91282CKR1,TSRYS5802848,D,S,T,2024-05-08,3000000.00,4.653707,99.57421875
08:00:30,91282CKR1,TSRYS5802848,D,S,T,2024-05-08,2000000.00,4.653707,99.57421875
08:00:30,91282CKR1,TSRYS5802848,D,S,T,2024-05-08,3000000.00,4.653707,99.57421875
08:00:30,91282CKR1,TSRYS5802848,D,S,T,2024-05-08,1000000.00,4.653707,99.57421875
08:00:30,91282CKR1,TSRYS5802848,D,S,T,2024-05-08,1000000.00,4.653707,99.57421875
08:00:30,91282CKR1,TSRYS5802848,D,S,D,2024-05-08,2000000.00,4.635333,99.625
08:00:30,91282CKR1,TSRYS5802848,D,S,D,2024-05-08,2000000.00,4.635333,99.625
08:00:30,91282CKR1,TSRYS5802848,D,S,D,2024-05-08,2000000.00,4.646639,99.59375
08:00:30,91282CKR1,TSRYS5802848,D,S,D,2024-05-08,2000000.00,4.646639,99.59375
08:00:30,91282CKR1,TSRYS5802848,D,S,D,2024-05-08,1000000.00,4.634627,99.626953125
08:00:30,91282CKR1,TSRYS5802848,D,S,D,2024-05-08,1000000.00,4.63604,99.623046875
08:00:30,91282CKR1,TSRYS5802848,D,S,D,2024-05-08,2000000.00,4.643812,99.6015625
08:00:30,91282CKR1,TSRYS5802848,D,S,D,2024-05-08,1000000.00,4.649466,99.5859375
08:00:30,91282CKR1,TSRYS5802848,D,S,D,2024-05-08,1000000.00,4.643105,99.603515625
08:00:30,91282CKR1,TSRYS5802848,D,S,D,2024-05-08,1000000.00,4.645225,99.59765625
08:00:30,91282CKR1,TSRYS5802848,D,S,D,2024-05-08,1000000.00,4.645225,99.59765625
08:00:30,91282CKR1,TSRYS5802848,D,S,D,2024-05-08,1000000.00,4.645225,99.59765625
08:00:30,91282CKR1,TSRYS5802848,D,S,D,2024-05-08,1000000.00,4.645225,99.59765625
08:00:30,91282CKR1,TSRYS5802848,D,S,D,2024-05-08,1000000.00,4.645225,99.59765625
08:00:30,91282CKR1,TSRYS5802848,D,S,D,2024-05-08,1000000.00,4.645225,99.59765625
08:00:30,91282CKR1,TSRYS5802848,D,S,D,2024-05-08,1000000.00,4.645225,99.59765625
08:00:30,91282CKR1,TSRYS5802848,D,S,D,2024-05-08,1000000.00,4.645225,99.59765625
08:00:30,91282CKR1,TSRYS5802848,D,S,D,2024-05-08,1000000.00,4.645932,99.595703125
08:00:30,91282CKR1,TSRYS5802848,D,S,D,2024-05-08,1000000.00,4.648052,99.58984375
08:00:30,91282CKR1,TSRYS5802848,D,S,D,2024-05-08,1000000.00,4.644519,99.599609375
08:00:30,91282CKR1,TSRYS5802848,D,S,D,2024-05-08,2000000.00,4.65088,99.58203125
08:00:30,91282CKR1,TSRYS5802848,D,S,D,2024-05-08,2000000.00,4.65088,99.58203125
08:00:30,91282CKR1,TSRYS5802848,D,S,D,2024-05-08,2000000.00,4.65088,99.58203125
08:00:30,91282CKR1,TSRYS5802848,D,S,T,2024-05-08,2000000.00,4.635333,99.625
08:00:30,91282CKR1,TSRYS5802848,D,S,T,2024-05-08,1000000.00,4.643105,99.603515625
08:00:30,91282CKR1,TSRYS5802848,D,S,T,2024-05-08,1000000.00,4.643105,99.603515625
08:00:30,91282CKR1,TSRYS5802848,D,S,T,2024-05-08,1000000.00,4.643105,99.603515625
08:00:30,91282CKR1,TSRYS5802848,D,S,T,2024-05-08,1000000.00,4.643105,99.603515625
08:00:30,91282CKR1,TSRYS5802848,D,S,T,2024-05-08,1000000.00,4.642399,99.60546875
08:00:30,91282CKR1,TSRYS5802848,D,S,T,2024-05-08,1000000.00,4.642399,99.60546875
08:00:30,91282CKR1,TSRYS5802848,D,S,T,2024-05-08,1000000.00,4.642399,99.60546875
08:00:30,91282CKR1,TSRYS5802848,D,S,T,2024-05-08,1000000.00,4.642399,99.60546875
08:00:30,91282CKR1,TSRYS5802848,D,S,T,2024-05-08,3000000.00,4.645932,99.595703125
08:00:30,91282CKR1,TSRYS5802848,D,S,T,2024-05-08,1000000.00,4.645225,99.59765625
08:00:30,91282CKR1,TSRYS5802848,D,S,T,2024-05-08,1000000.00,4.643812,99.6015625
08:00:30,91282CKR1,TSRYS5802848,D,S,T,2024-05-08,1000000.00,4.645225,99.59765625
08:00:30,91282CKR1,TSRYS5802848,D,S,T,2024-05-08,2000000.00,4.645225,99.59765625
08:00:30,91282CKR1,TSRYS5802848,D,S,T,2024-05-08,1000000.00,4.646639,99.59375
08:00:30,91282CKR1,TSRYS5802848,D,S,T,2024-05-08,2000000.00,4.645932,99.595703125
08:00:30,91282CKR1,TSRYS5802848,D,S,T,2024-05-08,2000000.00,4.646639,99.59375
08:00:30,91282CKR1,TSRYS5802848,D,S,T,2024-05-08,1000000.00,4.645225,99.59765625
08:00:30,91282CKR1,TSRYS5802848,D,S,T,2024-05-08,1000000.00,4.640986,99.609375
08:00:30,91282CKR1,TSRYS5802848,D,S,T,2024-05-08,1000000.00,4.640986,99.609375
08:00:30,91282CKR1,TSRYS5802848,D,S,T,2024-05-08,1000000.00,4.638159,99.6171875
08:00:30,91282CKR1,TSRYS5802848,D,S,T,2024-05-08,1000000.00,4.638159,99.6171875
08:00:30,91282CKR1,TSRYS5802848,D,S,T,2024-05-08,3000000.00,4.651586,99.580078125
08:00:30,91282CKR1,TSRYS5802848,D,S,T,2024-05-08,3000000.00,4.651586,99.580078125
08:00:30,91282CKR1,TSRYS5802848,D,S,T,2024-05-08,3000000.00,4.65088,99.58203125
08:00:34,91282CKR1,TSRYS5802848,D,S,T,2024-05-08,3000000.00,4.651586,99.580078125
08:00:34,91282CKR1,TSRYS5802848,D,S,T,2024-05-08,2000000.00,4.651586,99.580078125
08:00:34,91282CKR1,TSRYS5802848,D,S,D,2024-05-08,1000000.00,4.634627,99.626953125
08:00:34,91282CKR1,TSRYS5802848,D,S,D,2024-05-08,1000000.00,4.63604,99.623046875
08:00:34,91282CKR1,TSRYS5802848,D,S,D,2024-05-08,1000000.00,4.640279,99.611328125
08:00:34,91282CKR1,TSRYS5802848,D,S,D,2024-05-08,2000000.00,4.643105,99.603515625
08:00:34,91282CKR1,TSRYS5802848,D,S,T,2024-05-08,1000000.00,4.645225,99.59765625
08:00:34,91282CKR1,TSRYS5802848,D,S,T,2024-05-08,1000000.00,4.643812,99.6015625
08:00:34,91282CKR1,TSRYS5802848,D,S,T,2024-05-08,1000000.00,4.635333,99.625
08:00:34,91282CKR1,TSRYS5802848,D,S,T,2024-05-08,1000000.00,4.643812,99.6015625
08:00:34,91282CKR1,TSRYS5802848,D,S,T,2024-05-08,1000000.00,4.645225,99.59765625
08:00:34,91282CKR1,TSRYS5802848,D,B,A,2024-05-08,137975000.00,4.645347,99.59732125
08:00:34,91282CKR1,TSRYS5802848,D,S,T,2024-05-08,1000000.00,4.629682,99.640625
08:00:34,91282CKR1,TSRYS5802848,D,S,T,2024-05-08,1000000.00,4.635333,99.625
08:00:34,91282CKR1,TSRYS5802848,D,S,T,2024-05-08,1000000.00,4.635333,99.625
08:00:34,91282CKR1,TSRYS5802848,D,S,T,2024-05-08,1000000.00,4.638159,99.6171875
08:00:34,91282CKR1,TSRYS5802848,D,S,T,2024-05-08,1000000.00,4.645225,99.59765625
08:00:34,91282CKR1,TSRYS5802848,D,S,T,2024-05-08,1000000.00,4.639572,99.61328125
08:00:34,91282CKR1,TSRYS5802848,D,S,T,2024-05-08,1000000.00,4.639572,99.61328125
08:00:34,91282CKR1,TSRYS5802848,D,S,T,2024-05-08,1000000.00,4.639572,99.61328125
08:00:34,91282CKR1,TSRYS5802848,D,S,T,2024-05-08,1000000.00,4.648052,99.58984375
08:00:34,91282CKR1,TSRYS5802848,D,S,T,2024-05-08,1000000.00,4.635333,99.625
08:00:34,91282CKR1,TSRYS5802848,D,S,T,2024-05-08,1000000.00,4.635333,99.625
08:00:34,91282CKR1,TSRYS5802848,D,S,T,2024-05-08,1000000.00,4.642399,99.60546875
08:00:34,91282CKR1,TSRYS5802848,D,S,T,2024-05-08,1000000.00,4.645225,99.59765625
08:00:34,91282CKR1,TSRYS5802848,D,S,T,2024-05-08,1000000.00,4.652293,99.578125
08:00:34,91282CKR1,TSRYS5802848,D,S,T,2024-05-08,1000000.00,4.653707,99.57421875
08:00:34,91282CKR1,TSRYS5802848,D,S,T,2024-05-08,1000000.00,4.656535,99.56640625
08:00:34,91282CKR1,TSRYS5802848,D,S,D,2024-05-08,1000000.00,4.649466,99.5859375
08:00:34,91282CKR1,TSRYS5802848,D,S,T,2024-05-08,1000000.00,4.652293,99.578125
08:00:34,91282CKR1,TSRYS5802848,D,S,T,2024-05-08,1000000.00,4.652293,99.578125
08:00:36,91282CKR1,TSRYS5802848,D,S,T,2024-05-08,1000000.00,4.640986,99.609375
08:00:36,91282CKR1,TSRYS5802848,D,S,T,2024-05-08,1000000.00,4.640986,99.609375
08:00:36,91282CKR1,TSRYS5802848,D,S,T,2024-05-08,1000000.00,4.640986,99.609375
08:00:36,91282CKR1,TSRYS5802848,D,S,T,2024-05-08,1000000.00,4.640986,99.609375
08:00:36,91282CKR1,TSRYS5802848,D,S,T,2024-05-08,1000000.00,4.640986,99.609375
08:00:36,91282CKR1,TSRYS5802848,D,S,T,2024-05-08,1000000.00,4.640986,99.609375
08:00:36,91282CKR1,TSRYS5802848,D,S,T,2024-05-08,1000000.00,4.640986,99.609375
08:00:36,91282CKR1,TSRYS5802848,D,S,T,2024-05-08,1000000.00,4.640986,99.609375
08:00:36,91282CKR1,TSRYS5802848,D,S,D,2024-05-08,2000000.00,4.643812,99.6015625
08:00:36,91282CKR1,TSRYS5802848,D,S,D,2024-05-08,1000000.00,4.643812,99.6015625
08:00:37,91282CKR1,TSRYS5802848,D,S,T,2024-05-08,1000000.00,4.640986,99.609375
08:00:37,91282CKR1,TSRYS5802848,D,S,T,2024-05-08,1000000.00,4.640986,99.609375
08:00:37,91282CKR1,TSRYS5802848,D,S,T,2024-05-08,1000000.00,4.640986,99.609375
08:00:37,91282CKR1,TSRYS5802848,D,S,T,2024-05-08,1000000.00,4.640986,99.609375
08:00:37,91282CKR1,TSRYS5802848,D,S,T,2024-05-08,1000000.00,4.640986,99.609375
08:00:37,91282CKR1,TSRYS5802848,D,S,T,2024-05-08,1000000.00,4.640986,99.609375
08:00:37,91282CKR1,TSRYS5802848,D,S,T,2024-05-08,1000000.00,4.640986,99.609375
08:00:37,91282CKR1,TSRYS5802848,D,S,T,2024-05-08,1000000.00,4.640986,99.609375
08:00:37,91282CKR1,TSRYS5802848,D,S,T,2024-05-08,1000000.00,4.640986,99.609375
08:00:37,91282CKR1,TSRYS5802848,D,S,T,2024-05-08,1000000.00,4.639572,99.61328125
08:00:38,91282CKR1,TSRYS5802848,D,S,T,2024-05-08,1000000.00,4.639572,99.61328125
08:00:38,91282CKR1,TSRYS5802848,D,S,T,2024-05-08,1000000.00,4.639572,99.61328125
08:00:38,91282CKR1,TSRYS5802848,D,S,T,2024-05-08,1000000.00,4.640986,99.609375
08:00:38,91282CKR1,TSRYS5802848,D,S,T,2024-05-08,1000000.00,4.640986,99.609375
08:00:38,91282CKR1,TSRYS5802848,D,S,T,2024-05-08,1000000.00,4.640986,99.609375
08:00:38,91282CKR1,TSRYS5802848,D,S,A,2024-05-08,18083800.00,4.63392,99.62890625
08:00:38,91282CKR1,TSRYS5802848,D,S,A,2024-05-08,18083800.00,4.63392,99.62890625
08:00:38,91282CKR1,TSRYS5802848,D,S,A,2024-05-08,18083800.00,4.635333,99.625
08:00:38,91282CKR1,TSRYS5802848,D,S,T,2024-05-08,1000000.00,4.640986,99.609375
08:00:38,91282CKR1,TSRYS5802848,D,B,C,2024-05-08,143086000.00,4.638159,99.6171875
08:00:38,91282CKR1,TSRYS5802848,D,S,T,2024-05-08,1000000.00,4.640986,99.609375
08:00:38,91282CKR1,TSRYS5802848,D,B,A,2024-05-08,25000000.00,4.648052,99.58984375
08:00:38,91282CKR1,TSRYS5802848,D,S,A,2024-05-08,200000.00,4.646639,99.59375
08:00:38,91282CKR1,TSRYS5802848,D,B,C,2024-05-08,135939000.00,4.649466,99.5859375
08:00:38,91282CKR1,TSRYS5802848,D,S,A,2024-05-08,215000.00,4.645225,99.59765625
08:00:38,91282CKR1,TSRYS5802848,D,S,T,2024-05-08,1000000.00,4.645225,99.59765625
08:00:38,91282CKR1,TSRYS5802848,D,S,T,2024-05-08,1000000.00,4.645225,99.59765625
08:00:38,91282CKR1,TSRYS5802848,D,S,T,2024-05-08,1000000.00,4.645225,99.59765625
08:00:38,91282CKR1,TSRYS5802848,D,S,T,2024-05-08,2000000.00,4.645225,99.59765625
08:00:38,91282CKR1,TSRYS5802848,D,S,T,2024-05-08,1000000.00,4.645225,99.59765625
08:00:38,91282CKR1,TSRYS5802848,D,S,T,2024-05-08,1000000.00,4.645225,99.59765625
08:00:38,91282CKR1,TSRYS5802848,D,S,T,2024-05-08,1000000.00,4.645225,99.59765625
08:00:38,91282CKR1,TSRYS5802848,D,S,T,2024-05-08,1000000.00,4.645225,99.59765625
08:00:38,91282CKR1,TSRYS5802848,D,S,T,2024-05-08,1000000.00,4.646639,99.59375
08:00:38,91282CKR1,TSRYS5802848,D,S,T,2024-05-08,1000000.00,4.646639,99.59375
08:00:38,91282CKR1,TSRYS5802848,D,S,T,2024-05-08,1000000.00,4.645225,99.59765625
08:00:38,91282CKR1,TSRYS5802848,D,S,T,2024-05-08,1000000.00,4.643812,99.6015625
08:00:38,91282CKR1,TSRYS5802848,D,S,T,2024-05-08,1000000.00,4.643812,99.6015625
08:00:38,91282CKR1,TSRYS5802848,D,B,C,2024-05-08,146000000.00,4.659363,99.55859375
08:00:38,91282CKR1,TSRYS5802848,D,S,D,2024-05-08,73450000.00,4.590154,99.75
08:00:38,91282CKR1,TSRYS5802848,D,S,D,2024-05-08,97950000.00,4.590154,99.75
08:00:38,91282CKR1,TSRYS5802848,D,B,A,2024-05-08,12000000.00,4.638159,99.6171875
08:00:38,91282CKR1,TSRYS5802848,D,B,A,2024-05-08,200000.00,4.642399,99.60546875
08:00:38,91282CKR1,TSRYS5802848,D,S,C,2024-05-08,1430000.00,4.648052,99.58984375
08:00:38,91282CKR1,TSRYS5802848,D,S,T,2024-05-08,1000000.00,4.649466,99.5859375
08:00:38,91282CKR1,TSRYS5802848,D,S,A,2024-05-08,50000000.00,4.65088,99.58203125
08:00:38,91282CKR1,TSRYS5802848,D,S,D,2024-05-08,195900000.00,4.590154,99.75
08:00:38,91282CKR1,TSRYS5802848,D,S,A,2024-05-08,1945000.00,4.65088,99.58203125
08:00:38,91282CKR1,TSRYS5802848,D,S,T,2024-05-08,1000000.00,4.648052,99.58984375
08:00:38,91282CKR1,TSRYS5802848,D,S,T,2024-05-08,4000000.00,4.648052,99.58984375
08:00:38,91282CKR1,TSRYS5802848,D,S,T,2024-05-08,1000000.00,4.648052,99.58984375
08:00:38,91282CKR1,TSRYS5802848,D,S,T,2024-05-08,2000000.00,4.648052,99.58984375
08:00:38,91282CKR1,TSRYS5802848,D,S,T,2024-05-08,1000000.00,4.648052,99.58984375
08:00:38,91282CKR1,TSRYS5802848,D,S,T,2024-05-08,1000000.00,4.648052,99.58984375
08:00:38,91282CKR1,TSRYS5802848,D,S,T,2024-05-08,1000000.00,4.640986,99.609375
08:00:38,91282CKR1,TSRYS5802848,D,S,T,2024-05-08,1000000.00,4.648052,99.58984375
08:00:38,91282CKR1,TSRYS5802848,D,S,T,2024-05-08,1000000.00,4.648052,99.58984375
08:00:39,91282CKR1,TSRYS5802848,D,S,T,2024-05-08,1000000.00,4.648052,99.58984375
08:00:39,91282CKR1,TSRYS5802848,D,S,T,2024-05-08,2000000.00,4.648052,99.58984375
08:00:39,91282CKR1,TSRYS5802848,D,S,T,2024-05-08,2000000.00,4.648052,99.58984375
08:00:39,91282CKR1,TSRYS5802848,D,S,T,2024-05-08,1000000.00,4.656535,99.56640625
08:00:39,91282CKR1,TSRYS5802848,D,S,T,2024-05-08,1000000.00,4.656535,99.56640625
08:00:39,91282CKR1,TSRYS5802848,D,S,T,2024-05-08,1000000.00,4.656535,99.56640625
08:00:39,91282CKR1,TSRYS5802848,D,S,T,2024-05-08,1000000.00,4.648052,99.58984375
08:00:39,91282CKR1,TSRYS5802848,D,S,T,2024-05-08,1000000.00,4.648052,99.58984375
08:00:39,91282CKR1,TSRYS5802848,D,S,T,2024-05-08,1000000.00,4.648052,99.58984375
08:00:39,91282CKR1,TSRYS5802848,D,S,T,2024-05-08,1000000.00,4.640986,99.609375
08:00:39,91282CKR1,TSRYS5802848,D,S,D,2024-05-08,2000000.00,4.65088,99.58203125
08:00:39,91282CKR1,TSRYS5802848,D,S,D,2024-05-08,2000000.00,4.649466,99.5859375
08:00:39,91282CKR1,TSRYS5802848,D,S,D,2024-05-08,1000000.00,4.649466,99.5859375
08:00:39,91282CKR1,TSRYS5802848,D,S,D,2024-05-08,1000000.00,4.648052,99.58984375
08:00:39,91282CKR1,TSRYS5802848,D,S,T,2024-05-08,1000000.00,4.640986,99.609375
08:00:39,91282CKR1,TSRYS5802848,D,S,T,2024-05-08,1000000.00,4.656535,99.56640625
08:00:39,91282CKR1,TSRYS5802848,D,S,T,2024-05-08,2000000.00,4.656535,99.56640625
08:00:39,91282CKR1,TSRYS5802848,D,S,T,2024-05-08,1000000.00,4.656535,99.56640625
08:00:39,91282CKR1,TSRYS5802848,D,S,T,2024-05-08,1000000.00,4.656535,99.56640625
08:00:39,91282CKR1,TSRYS5802848,D,S,T,2024-05-08,1000000.00,4.656535,99.56640625
08:00:39,91282CKR1,TSRYS5802848,D,S,T,2024-05-08,1000000.00,4.656535,99.56640625
08:00:39,91282CKR1,TSRYS5802848,D,S,T,2024-05-08,1000000.00,4.656535,99.56640625
08:00:39,91282CKR1,TSRYS5802848,D,S,T,2024-05-08,1000000.00,4.656535,99.56640625
08:00:39,91282CKR1,TSRYS5802848,D,S,T,2024-05-08,1000000.00,4.656535,99.56640625
08:00:39,91282CKR1,TSRYS5802848,D,S,T,2024-05-08,1000000.00,4.656535,99.56640625
08:00:39,91282CKR1,TSRYS5802848,D,S,T,2024-05-08,22000000.00,4.656535,99.56640625
08:00:39,91282CKR1,TSRYS5802848,D,S,T,2024-05-08,1000000.00,4.656535,99.56640625
08:00:39,91282CKR1,TSRYS5802848,D,S,T,2024-05-08,1000000.00,4.656535,99.56640625
08:00:39,91282CKR1,TSRYS5802848,D,S,T,2024-05-08,3000000.00,4.656535,99.56640625
08:00:39,91282CKR1,TSRYS5802848,D,S,T,2024-05-08,1000000.00,4.656535,99.56640625
08:00:39,91282CKR1,TSRYS5802848,D,S,T,2024-05-08,2000000.00,4.656535,99.56640625
08:00:39,91282CKR1,TSRYS5802848,D,S,T,2024-05-08,1000000.00,4.656535,99.56640625
08:00:39,91282CKR1,TSRYS5802848,D,S,T,2024-05-08,1000000.00,4.656535,99.56640625
08:00:39,91282CKR1,TSRYS5802848,D,S,T,2024-05-08,1000000.00,4.656535,99.56640625
08:00:39,91282CKR1,TSRYS5802848,D,S,T,2024-05-08,1000000.00,4.656535,99.56640625
08:00:39,91282CKR1,TSRYS5802848,D,S,T,2024-05-08,1000000.00,4.656535,99.56640625
08:00:39,91282CKR1,TSRYS5802848,D,S,T,2024-05-08,1000000.00,4.656535,99.56640625
08:00:39,91282CKR1,TSRYS5802848,D,S,T,2024-05-08,1000000.00,4.656535,99.56640625
08:00:39,91282CKR1,TSRYS5802848,D,S,T,2024-05-08,1000000.00,4.656535,99.56640625
08:00:39,91282CKR1,TSRYS5802848,D,S,T,2024-05-08,1000000.00,4.656535,99.56640625
08:00:39,91282CKR1,TSRYS5802848,D,S,T,2024-05-08,1000000.00,4.656535,99.56640625
08:00:39,91282CKR1,TSRYS5802848,D,S,T,2024-05-08,1000000.00,4.656535,99.56640625
08:00:39,91282CKR1,TSRYS5802848,D,S,T,2024-05-08,1000000.00,4.656535,99.56640625
08:00:39,91282CKR1,TSRYS5802848,D,S,T,2024-05-08,1000000.00,4.656535,99.56640625
08:00:39,91282CKR1,TSRYS5802848,D,S,T,2024-05-08,1000000.00,4.656535,99.56640625
08:00:39,91282CKR1,TSRYS5802848,D,S,T,2024-05-08,1000000.00,4.656535,99.56640625
08:00:39,91282CKR1,TSRYS5802848,D,S,T,2024-05-08,1000000.00,4.656535,99.56640625
08:00:39,91282CKR1,TSRYS5802848,D,S,T,2024-05-08,1000000.00,4.656535,99.56640625
08:00:39,91282CKR1,TSRYS5802848,D,S,T,2024-05-08,1000000.00,4.656535,99.56640625
08:00:39,91282CKR1,TSRYS5802848,D,S,T,2024-05-08,1000000.00,4.656535,99.56640625
08:00:39,91282CKR1,TSRYS5802848,D,S,T,2024-05-08,1000000.00,4.656535,99.56640625
08:00:39,91282CKR1,TSRYS5802848,D,S,T,2024-05-08,1000000.00,4.656535,99.56640625
08:00:39,91282CKR1,TSRYS5802848,D,S,T,2024-05-08,1000000.00,4.656535,99.56640625
08:00:39,91282CKR1,TSRYS5802848,D,S,T,2024-05-08,1000000.00,4.656535,99.56640625
08:00:39,91282CKR1,TSRYS5802848,D,S,T,2024-05-08,1000000.00,4.656535,99.56640625
08:00:39,91282CKR1,TSRYS5802848,D,S,T,2024-05-08,1000000.00,4.656535,99.56640625
08:00:39,91282CKR1,TSRYS5802848,D,S,T,2024-05-08,1000000.00,4.656535,99.56640625
08:00:39,91282CKR1,TSRYS5802848,D,S,T,2024-05-08,2000000.00,4.656535,99.56640625
08:00:39,91282CKR1,TSRYS5802848,D,S,T,2024-05-08,1000000.00,4.656535,99.56640625
08:00:39,91282CKR1,TSRYS5802848,D,S,T,2024-05-08,1000000.00,4.656535,99.56640625
08:00:39,91282CKR1,TSRYS5802848,D,S,T,2024-05-08,2000000.00,4.656535,99.56640625
08:00:39,91282CKR1,TSRYS5802848,D,S,T,2024-05-08,3000000.00,4.656535,99.56640625
08:00:39,91282CKR1,TSRYS5802848,D,S,T,2024-05-08,1000000.00,4.656535,99.56640625
08:00:39,91282CKR1,TSRYS5802848,D,S,T,2024-05-08,2000000.00,4.656535,99.56640625
08:00:39,91282CKR1,TSRYS5802848,D,S,T,2024-05-08,5000000.00,4.656535,99.56640625
08:00:39,91282CKR1,TSRYS5802848,D,S,T,2024-05-08,1000000.00,4.656535,99.56640625
08:00:39,91282CKR1,TSRYS5802848,D,S,T,2024-05-08,2000000.00,4.656535,99.56640625
08:00:39,91282CKR1,TSRYS5802848,D,S,T,2024-05-08,1000000.00,4.640986,99.609375
08:00:39,91282CKR1,TSRYS5802848,D,S,T,2024-05-08,2000000.00,4.656535,99.56640625
08:00:39,91282CKR1,TSRYS5802848,D,S,T,2024-05-08,1000000.00,4.656535,99.56640625
08:00:39,91282CKR1,TSRYS5802848,D,S,T,2024-05-08,1000000.00,4.656535,99.56640625
08:00:39,91282CKR1,TSRYS5802848,D,S,T,2024-05-08,1000000.00,4.656535,99.56640625
08:00:39,91282CKR1,TSRYS5802848,D,S,T,2024-05-08,1000000.00,4.656535,99.56640625
08:00:39,91282CKR1,TSRYS5802848,D,S,T,2024-05-08,1000000.00,4.656535,99.56640625
08:00:39,91282CKR1,TSRYS5802848,D,S,T,2024-05-08,1000000.00,4.656535,99.56640625
08:00:39,91282CKR1,TSRYS5802848,D,S,T,2024-05-08,1000000.00,4.656535,99.56640625
08:00:39,91282CKR1,TSRYS5802848,D,S,T,2024-05-08,5000000.00,4.656535,99.56640625
08:00:39,91282CKR1,TSRYS5802848,D,S,T,2024-05-08,1000000.00,4.656535,99.56640625
08:00:39,91282CKR1,TSRYS5802848,D,S,T,2024-05-08,1000000.00,4.656535,99.56640625
08:00:39,91282CKR1,TSRYS5802848,D,S,T,2024-05-08,1000000.00,4.656535,99.56640625
08:00:39,91282CKR1,TSRYS5802848,D,S,T,2024-05-08,1000000.00,4.656535,99.56640625
08:00:39,91282CKR1,TSRYS5802848,D,S,T,2024-05-08,1000000.00,4.656535,99.56640625
08:00:39,91282CKR1,TSRYS5802848,D,S,T,2024-05-08,1000000.00,4.656535,99.56640625
08:00:39,91282CKR1,TSRYS5802848,D,S,T,2024-05-08,1000000.00,4.656535,99.56640625
08:00:39,91282CKR1,TSRYS5802848,D,S,T,2024-05-08,1000000.00,4.656535,99.56640625
08:00:39,91282CKR1,TSRYS5802848,D,S,T,2024-05-08,1000000.00,4.656535,99.56640625
08:00:39,91282CKR1,TSRYS5802848,D,S,T,2024-05-08,1000000.00,4.656535,99.56640625
08:00:39,91282CKR1,TSRYS5802848,D,S,T,2024-05-08,5000000.00,4.656535,99.56640625
08:00:39,91282CKR1,TSRYS5802848,D,S,T,2024-05-08,1000000.00,4.656535,99.56640625
08:00:39,91282CKR1,TSRYS5802848,D,S,T,2024-05-08,1000000.00,4.656535,99.56640625
08:00:39,91282CKR1,TSRYS5802848,D,S,T,2024-05-08,1000000.00,4.656535,99.56640625
08:00:39,91282CKR1,TSRYS5802848,D,S,C,2024-05-08,50000.00,4.656535,99.56640625
08:00:39,91282CKR1,TSRYS5802848,D,S,T,2024-05-08,1000000.00,4.656535,99.56640625
08:00:39,91282CKR1,TSRYS5802848,D,S,T,2024-05-08,1000000.00,4.656535,99.56640625
08:00:39,91282CKR1,TSRYS5802848,D,S,T,2024-05-08,1000000.00,4.656535,99.56640625
08:00:39,91282CKR1,TSRYS5802848,D,S,T,2024-05-08,1000000.00,4.656535,99.56640625
08:00:39,91282CKR1,TSRYS5802848,D,S,T,2024-05-08,1000000.00,4.656535,99.56640625
08:00:39,91282CKR1,TSRYS5802848,D,S,T,2024-05-08,1000000.00,4.656535,99.56640625
08:00:39,91282CKR1,TSRYS5802848,D,S,T,2024-05-08,1000000.00,4.656535,99.56640625
08:00:39,91282CKR1,TSRYS5802848,D,S,T,2024-05-08,4000000.00,4.656535,99.56640625
08:00:39,91282CKR1,TSRYS5802848,D,S,T,2024-05-08,1000000.00,4.656535,99.56640625
08:00:39,91282CKR1,TSRYS5802848,D,S,T,2024-05-08,1000000.00,4.656535,99.56640625
08:00:39,91282CKR1,TSRYS5802848,D,S,T,2024-05-08,1000000.00,4.656535,99.56640625
08:00:39,91282CKR1,TSRYS5802848,D,S,T,2024-05-08,3000000.00,4.656535,99.56640625
08:00:39,91282CKR1,TSRYS5802848,D,S,T,2024-05-08,1000000.00,4.656535,99.56640625
08:00:39,91282CKR1,TSRYS5802848,D,S,T,2024-05-08,5000000.00,4.656535,99.56640625
08:00:39,91282CKR1,TSRYS5802848,D,S,T,2024-05-08,1000000.00,4.656535,99.56640625
08:00:39,91282CKR1,TSRYS5802848,D,S,T,2024-05-08,1000000.00,4.656535,99.56640625
08:00:39,91282CKR1,TSRYS5802848,D,S,T,2024-05-08,1000000.00,4.656535,99.56640625
08:00:39,91282CKR1,TSRYS5802848,D,S,T,2024-05-08,4000000.00,4.656535,99.56640625
08:00:39,91282CKR1,TSRYS5802848,D,S,T,2024-05-08,1000000.00,4.656535,99.56640625
08:00:39,91282CKR1,TSRYS5802848,D,S,T,2024-05-08,1000000.00,4.656535,99.56640625
08:00:39,91282CKR1,TSRYS5802848,D,S,T,2024-05-08,3000000.00,4.656535,99.56640625
08:00:39,91282CKR1,TSRYS5802848,D,S,T,2024-05-08,1000000.00,4.656535,99.56640625
08:00:39,91282CKR1,TSRYS5802848,D,S,T,2024-05-08,5000000.00,4.656535,99.56640625
08:00:39,91282CKR1,TSRYS5802848,D,S,T,2024-05-08,1000000.00,4.656535,99.56640625
08:00:39,91282CKR1,TSRYS5802848,D,S,T,2024-05-08,1000000.00,4.656535,99.56640625
08:00:39,91282CKR1,TSRYS5802848,D,S,T,2024-05-08,1000000.00,4.656535,99.56640625
08:00:39,91282CKR1,TSRYS5802848,D,S,T,2024-05-08,5000000.00,4.656535,99.56640625
08:00:39,91282CKR1,TSRYS5802848,D,S,T,2024-05-08,1000000.00,4.656535,99.56640625
08:00:39,91282CKR1,TSRYS5802848,D,S,T,2024-05-08,1000000.00,4.656535,99.56640625
08:00:39,91282CKR1,TSRYS5802848,D,S,T,2024-05-08,5000000.00,4.656535,99.56640625
08:00:39,91282CKR1,TSRYS5802848,D,S,T,2024-05-08,3000000.00,4.656535,99.56640625
08:00:39,91282CKR1,TSRYS5802848,D,S,T,2024-05-08,1000000.00,4.656535,99.56640625
08:00:39,91282CKR1,TSRYS5802848,D,S,T,2024-05-08,1000000.00,4.656535,99.56640625
08:00:39,91282CKR1,TSRYS5802848,D,S,T,2024-05-08,1000000.00,4.656535,99.56640625
08:00:39,91282CKR1,TSRYS5802848,D,S,T,2024-05-08,1000000.00,4.656535,99.56640625
08:00:39,91282CKR1,TSRYS5802848,D,S,T,2024-05-08,1000000.00,4.656535,99.56640625
08:00:39,91282CKR1,TSRYS5802848,D,S,T,2024-05-08,1000000.00,4.656535,99.56640625
08:00:39,91282CKR1,TSRYS5802848,D,S,T,2024-05-08,1000000.00,4.656535,99.56640625
08:00:39,91282CKR1,TSRYS5802848,D,S,T,2024-05-08,5000000.00,4.656535,99.56640625
08:00:39,91282CKR1,TSRYS5802848,D,S,T,2024-05-08,1000000.00,4.656535,99.56640625
08:00:39,91282CKR1,TSRYS5802848,D,S,T,2024-05-08,1000000.00,4.653707,99.57421875
08:00:39,91282CKR1,TSRYS5802848,D,S,T,2024-05-08,1000000.00,4.640986,99.609375
08:00:39,91282CKR1,TSRYS5802848,D,S,T,2024-05-08,1000000.00,4.653707,99.57421875
08:00:39,91282CKR1,TSRYS5802848,D,S,T,2024-05-08,2000000.00,4.65088,99.58203125
08:00:39,91282CKR1,TSRYS5802848,D,S,T,2024-05-08,1000000.00,4.65088,99.58203125
08:00:39,91282CKR1,TSRYS5802848,D,S,T,2024-05-08,1000000.00,4.65088,99.58203125
08:00:39,91282CKR1,TSRYS5802848,D,S,T,2024-05-08,1000000.00,4.65088,99.58203125
08:00:39,91282CKR1,TSRYS5802848,D,S,T,2024-05-08,1000000.00,4.65088,99.58203125
08:00:39,91282CKR1,TSRYS5802848,D,S,T,2024-05-08,1000000.00,4.65088,99.58203125
08:00:39,91282CKR1,TSRYS5802848,D,S,T,2024-05-08,1000000.00,4.65088,99.58203125
08:00:39,91282CKR1,TSRYS5802848,D,S,T,2024-05-08,1000000.00,4.65088,99.58203125
08:00:39,91282CKR1,TSRYS5802848,D,S,T,2024-05-08,2000000.00,4.65088,99.58203125
08:00:39,91282CKR1,TSRYS5802848,D,S,T,2024-05-08,1000000.00,4.65088,99.58203125
08:00:39,91282CKR1,TSRYS5802848,D,S,T,2024-05-08,1000000.00,4.65088,99.58203125
08:00:39,91282CKR1,TSRYS5802848,D,S,T,2024-05-08,2000000.00,4.65088,99.58203125
08:00:39,91282CKR1,TSRYS5802848,D,S,T,2024-05-08,1000000.00,4.65088,99.58203125
08:00:39,91282CKR1,TSRYS5802848,D,S,T,2024-05-08,1000000.00,4.65088,99.58203125
08:00:39,91282CKR1,TSRYS5802848,D,S,T,2024-05-08,2000000.00,4.65088,99.58203125
08:00:39,91282CKR1,TSRYS5802848,D,S,T,2024-05-08,1000000.00,4.65088,99.58203125
08:00:39,91282CKR1,TSRYS5802848,D,S,T,2024-05-08,1000000.00,4.65088,99.58203125
08:00:39,91282CKR1,TSRYS5802848,D,S,T,2024-05-08,1000000.00,4.65088,99.58203125
08:00:39,91282CKR1,TSRYS5802848,D,S,T,2024-05-08,1000000.00,4.65088,99.58203125
08:00:39,91282CKR1,TSRYS5802848,D,S,T,2024-05-08,1000000.00,4.65088,99.58203125
08:00:39,91282CKR1,TSRYS5802848,D,S,T,2024-05-08,1000000.00,4.65088,99.58203125
08:00:39,91282CKR1,TSRYS5802848,D,S,T,2024-05-08,5000000.00,4.65088,99.58203125
08:00:39,91282CKR1,TSRYS5802848,D,S,T,2024-05-08,1000000.00,4.65088,99.58203125
08:00:39,91282CKR1,TSRYS5802848,D,S,T,2024-05-08,1000000.00,4.65088,99.58203125
08:00:39,91282CKR1,TSRYS5802848,D,S,T,2024-05-08,1000000.00,4.65088,99.58203125
08:00:39,91282CKR1,TSRYS5802848,D,S,T,2024-05-08,1000000.00,4.65088,99.58203125
08:00:39,91282CKR1,TSRYS5802848,D,S,T,2024-05-08,4000000.00,4.65088,99.58203125
08:00:39,91282CKR1,TSRYS5802848,D,S,T,2024-05-08,1000000.00,4.65088,99.58203125
08:00:39,91282CKR1,TSRYS5802848,D,S,T,2024-05-08,2000000.00,4.65088,99.58203125
08:00:39,91282CKR1,TSRYS5802848,D,S,T,2024-05-08,1000000.00,4.65088,99.58203125
08:00:39,91282CKR1,TSRYS5802848,D,S,T,2024-05-08,1000000.00,4.65088,99.58203125
08:00:39,91282CKR1,TSRYS5802848,D,S,T,2024-05-08,1000000.00,4.65088,99.58203125
08:00:39,91282CKR1,TSRYS5802848,D,S,T,2024-05-08,4000000.00,4.65088,99.58203125
08:00:39,91282CKR1,TSRYS5802848,D,S,T,2024-05-08,1000000.00,4.65088,99.58203125
08:00:39,91282CKR1,TSRYS5802848,D,S,T,2024-05-08,2000000.00,4.65088,99.58203125
08:00:39,91282CKR1,TSRYS5802848,D,S,T,2024-05-08,1000000.00,4.65088,99.58203125
08:00:39,91282CKR1,TSRYS5802848,D,S,T,2024-05-08,1000000.00,4.65088,99.58203125
08:00:39,91282CKR1,TSRYS5802848,D,S,T,2024-05-08,2000000.00,4.65088,99.58203125
08:00:39,91282CKR1,TSRYS5802848,D,S,T,2024-05-08,1000000.00,4.65088,99.58203125
08:00:39,91282CKR1,TSRYS5802848,D,S,T,2024-05-08,1000000.00,4.65088,99.58203125
08:00:39,91282CKR1,TSRYS5802848,D,S,T,2024-05-08,4000000.00,4.65088,99.58203125
08:00:39,91282CKR1,TSRYS5802848,D,S,T,2024-05-08,1000000.00,4.65088,99.58203125
08:00:39,91282CKR1,TSRYS5802848,D,S,T,2024-05-08,1000000.00,4.65088,99.58203125
08:00:39,91282CKR1,TSRYS5802848,D,S,T,2024-05-08,1000000.00,4.65088,99.58203125
08:00:39,91282CKR1,TSRYS5802848,D,S,T,2024-05-08,1000000.00,4.65088,99.58203125
08:00:39,91282CKR1,TSRYS5802848,D,S,T,2024-05-08,1000000.00,4.65088,99.58203125
08:00:39,91282CKR1,TSRYS5802848,D,S,T,2024-05-08,1000000.00,4.65088,99.58203125
08:00:39,91282CKR1,TSRYS5802848,D,S,T,2024-05-08,1000000.00,4.65088,99.58203125
08:00:39,91282CKR1,TSRYS5802848,D,S,T,2024-05-08,1000000.00,4.65088,99.58203125
08:00:39,91282CKR1,TSRYS5802848,D,S,T,2024-05-08,3000000.00,4.65088,99.58203125
08:00:39,91282CKR1,TSRYS5802848,D,S,T,2024-05-08,1000000.00,4.65088,99.58203125
08:00:39,91282CKR1,TSRYS5802848,D,S,T,2024-05-08,1000000.00,4.65088,99.58203125
08:00:39,91282CKR1,TSRYS5802848,D,S,T,2024-05-08,2000000.00,4.65088,99.58203125
08:00:39,91282CKR1,TSRYS5802848,D,S,T,2024-05-08,1000000.00,4.65088,99.58203125
08:00:39,91282CKR1,TSRYS5802848,D,S,T,2024-05-08,1000000.00,4.65088,99.58203125
08:00:39,91282CKR1,TSRYS5802848,D,S,T,2024-05-08,5000000.00,4.65088,99.58203125
08:00:39,91282CKR1,TSRYS5802848,D,S,T,2024-05-08,1000000.00,4.65088,99.58203125
08:00:39,91282CKR1,TSRYS5802848,D,S,T,2024-05-08,1000000.00,4.652293,99.578125
08:00:39,91282CKR1,TSRYS5802848,D,S,T,2024-05-08,1000000.00,4.652293,99.578125
08:00:39,91282CKR1,TSRYS5802848,D,S,T,2024-05-08,1000000.00,4.652293,99.578125
08:00:39,91282CKR1,TSRYS5802848,D,S,T,2024-05-08,3000000.00,4.652293,99.578125
08:00:39,91282CKR1,TSRYS5802848,D,S,T,2024-05-08,1000000.00,4.652293,99.578125
08:00:39,91282CKR1,TSRYS5802848,D,S,T,2024-05-08,2000000.00,4.652293,99.578125
08:00:39,91282CKR1,TSRYS5802848,D,S,T,2024-05-08,1000000.00,4.652293,99.578125
08:00:39,91282CKR1,TSRYS5802848,D,S,T,2024-05-08,1000000.00,4.652293,99.578125
08:00:39,91282CKR1,TSRYS5802848,D,S,T,2024-05-08,1000000.00,4.652293,99.578125
08:00:39,91282CKR1,TSRYS5802848,D,S,T,2024-05-08,1000000.00,4.652293,99.578125
08:00:39,91282CKR1,TSRYS5802848,D,S,T,2024-05-08,1000000.00,4.652293,99.578125
08:00:39,91282CKR1,TSRYS5802848,D,S,T,2024-05-08,4000000.00,4.652293,99.578125
08:00:39,91282CKR1,TSRYS5802848,D,S,T,2024-05-08,1000000.00,4.652293,99.578125
08:00:39,91282CKR1,TSRYS5802848,D,S,T,2024-05-08,1000000.00,4.652293,99.578125
08:00:39,91282CKR1,TSRYS5802848,D,S,T,2024-05-08,1000000.00,4.652293,99.578125
08:00:39,91282CKR1,TSRYS5802848,D,S,T,2024-05-08,1000000.00,4.65088,99.58203125
08:00:39,91282CKR1,TSRYS5802848,D,S,T,2024-05-08,1000000.00,4.65088,99.58203125
08:00:39,91282CKR1,TSRYS5802848,D,S,T,2024-05-08,1000000.00,4.65088,99.58203125
08:00:39,91282CKR1,TSRYS5802848,D,S,T,2024-05-08,1000000.00,4.65088,99.58203125
08:00:39,91282CKR1,TSRYS5802848,D,S,T,2024-05-08,3000000.00,4.65088,99.58203125
08:00:39,91282CKR1,TSRYS5802848,D,S,T,2024-05-08,4000000.00,4.65088,99.58203125
08:00:39,91282CKR1,TSRYS5802848,D,S,T,2024-05-08,1000000.00,4.65088,99.58203125
08:00:39,91282CKR1,TSRYS5802848,D,S,T,2024-05-08,2000000.00,4.65088,99.58203125
08:00:39,91282CKR1,TSRYS5802848,D,S,T,2024-05-08,1000000.00,4.65088,99.58203125
08:00:39,91282CKR1,TSRYS5802848,D,S,A,2024-05-08,100000.00,4.652293,99.578125
08:00:39,91282CKR1,TSRYS5802848,D,S,T,2024-05-08,2000000.00,4.640986,99.609375
08:00:39,91282CKR1,TSRYS5802848,D,S,T,2024-05-08,1000000.00,4.639572,99.61328125
08:00:39,91282CKR1,TSRYS5802848,D,S,T,2024-05-08,1000000.00,4.639572,99.61328125
08:00:39,91282CKR1,TSRYS5802848,D,S,D,2024-05-08,1000000.00,4.640986,99.609375
08:00:39,91282CKR1,TSRYS5802848,D,S,T,2024-05-08,1000000.00,4.639572,99.61328125
08:00:39,91282CKR1,TSRYS5802848,D,S,T,2024-05-08,1000000.00,4.639572,99.61328125
08:00:39,91282CKR1,TSRYS5802848,D,S,T,2024-05-08,1000000.00,4.640986,99.609375
08:00:40,91282CKR1,TSRYS5802848,D,S,T,2024-05-08,1000000.00,4.639572,99.61328125
08:00:40,91282CKR1,TSRYS5802848,D,S,D,2024-05-08,1000000.00,4.649466,99.5859375
08:00:40,91282CKR1,TSRYS5802848,D,S,T,2024-05-08,1000000.00,4.639572,99.61328125
08:00:40,91282CKR1,TSRYS5802848,D,S,T,2024-05-08,1000000.00,4.640986,99.609375
08:00:40,91282CKR1,TSRYS5802848,D,S,T,2024-05-08,1000000.00,4.639572,99.61328125
08:00:40,91282CKR1,TSRYS5802848,D,S,T,2024-05-08,1000000.00,4.639572,99.61328125
08:00:40,91282CKR1,TSRYS5802848,D,S,T,2024-05-08,1000000.00,4.640986,99.609375
08:00:40,91282CKR1,TSRYS5802848,D,S,T,2024-05-08,1000000.00,4.640986,99.609375
08:00:40,91282CKR1,TSRYS5802848,D,S,T,2024-05-08,1000000.00,4.639572,99.61328125
08:00:41,91282CKR1,TSRYS5802848,D,S,T,2024-05-08,1000000.00,4.640986,99.609375
08:00:41,91282CKR1,TSRYS5802848,D,S,T,2024-05-08,1000000.00,4.640986,99.609375
08:00:41,91282CKR1,TSRYS5802848,D,S,T,2024-05-08,1000000.00,4.639572,99.61328125
08:00:41,91282CKR1,TSRYS5802848,D,S,D,2024-05-08,1000000.00,4.652293,99.578125
08:00:41,91282CKR1,TSRYS5802848,D,S,T,2024-05-08,1000000.00,4.639572,99.61328125
08:00:41,91282CKR1,TSRYS5802848,D,S,T,2024-05-08,1000000.00,4.640986,99.609375
08:00:41,91282CKR1,TSRYS5802848,D,S,T,2024-05-08,97950000.00,4.590154,99.75
08:00:41,91282CKR1,TSRYS5802848,D,S,T,2024-05-08,1000000.00,4.640986,99.609375
08:00:42,91282CKR1,TSRYS5802848,D,S,T,2024-05-08,1000000.00,4.640986,99.609375
08:00:42,91282CKR1,TSRYS5802848,D,S,T,2024-05-08,1000000.00,4.640986,99.609375
08:00:42,91282CKR1,TSRYS5802848,D,S,T,2024-05-08,137150000.00,4.590154,99.75
08:00:42,91282CKR1,TSRYS5802848,D,S,T,2024-05-08,1000000.00,4.640986,99.609375
08:00:42,91282CKR1,TSRYS5802848,D,S,T,2024-05-08,1000000.00,4.640986,99.609375
08:00:42,91282CKR1,TSRYS5802848,D,S,T,2024-05-08,1000000.00,4.640986,99.609375
08:00:42,91282CKR1,TSRYS5802848,D,B,A,2024-05-08,12000000.00,4.643812,99.6015625
08:00:42,91282CKR1,TSRYS5802848,D,S,T,2024-05-08,1000000.00,4.643105,99.603515625
08:00:42,91282CKR1,TSRYS5802848,D,S,T,2024-05-08,2000000.00,4.643105,99.603515625
08:00:42,91282CKR1,TSRYS5802848,D,S,T,2024-05-08,2000000.00,4.643105,99.603515625
08:00:42,91282CKR1,TSRYS5802848,D,S,T,2024-05-08,3000000.00,4.643105,99.603515625
08:00:42,91282CKR1,TSRYS5802848,D,S,T,2024-05-08,1000000.00,4.639572,99.61328125
08:00:42,91282CKR1,TSRYS5802848,D,S,T,2024-05-08,3000000.00,4.640986,99.609375
08:00:42,91282CKR1,TSRYS5802848,D,S,T,2024-05-08,1000000.00,4.649466,99.5859375
08:00:42,91282CKR1,TSRYS5802848,D,S,T,2024-05-08,1000000.00,4.649466,99.5859375
08:00:42,91282CKR1,TSRYS5802848,D,S,T,2024-05-08,1000000.00,4.649466,99.5859375
08:00:42,91282CKR1,TSRYS5802848,D,S,T,2024-05-08,1000000.00,4.649466,99.5859375
08:00:42,91282CKR1,TSRYS5802848,D,S,T,2024-05-08,1000000.00,4.649466,99.5859375
08:00:43,91282CKR1,TSRYS5802848,D,S,D,2024-05-08,27434400.00,4.649587,99.5856025
08:00:43,91282CKR1,TSRYS5802848,D,B,C,2024-05-08,27434400.00,4.649587,99.5856025
08:00:43,91282CKR1,TSRYS5802848,D,S,T,2024-05-08,1000000.00,4.644519,99.599609375
08:00:43,91282CKR1,TSRYS5802848,D,S,D,2024-05-08,6000000.00,4.643812,99.6015625
08:00:43,91282CKR1,TSRYS5802848,D,S,T,2024-05-08,1000000.00,4.640986,99.609375
08:00:43,91282CKR1,TSRYS5802848,D,S,T,2024-05-08,2000000.00,4.639572,99.61328125
08:00:43,91282CKR1,TSRYS5802848,D,S,T,2024-05-08,1000000.00,4.639572,99.61328125
08:00:44,91282CKR1,TSRYS5802848,D,S,D,2024-05-08,1000000.00,4.655828,99.568359375
08:00:44,91282CKR1,TSRYS5802848,D,S,D,2024-05-08,1000000.00,4.655828,99.568359375
08:00:44,91282CKR1,TSRYS5802848,D,S,D,2024-05-08,1000000.00,4.655828,99.568359375
08:00:44,91282CKR1,TSRYS5802848,D,S,T,2024-05-08,1000000.00,4.640986,99.609375
08:00:44,91282CKR1,TSRYS5802848,D,S,C,2024-05-08,250MM+,4.649466,99.5859375
08:00:45,91282CKR1,TSRYS5802848,D,S,T,2024-05-08,1000000.00,4.639572,99.61328125
08:00:45,91282CKR1,TSRYS5802848,D,S,T,2024-05-08,1000000.00,4.639572,99.61328125
08:00:46,91282CKR1,TSRYS5802848,D,S,T,2024-05-08,1000000.00,4.645225,99.59765625
08:00:46,91282CKR1,TSRYS5802848,D,S,D,2024-05-08,1000000.00,4.644519,99.599609375
08:00:46,91282CKR1,TSRYS5802848,D,S,T,2024-05-08,1000000.00,4.649466,99.5859375
08:00:47,91282CKR1,TSRYS5802848,D,S,D,2024-05-08,1000000.00,4.651586,99.580078125
08:00:47,91282CKR1,TSRYS5802848,D,S,D,2024-05-08,1000000.00,4.651586,99.580078125
08:00:47,91282CKR1,TSRYS5802848,D,S,D,2024-05-08,1000000.00,4.651586,99.580078125
08:00:47,91282CKR1,TSRYS5802848,D,S,D,2024-05-08,1000000.00,4.651586,99.580078125
08:00:47,91282CKR1,TSRYS5802848,D,S,D,2024-05-08,1000000.00,4.651586,99.580078125
08:00:47,91282CKR1,TSRYS5802848,D,S,T,2024-05-08,1000000.00,4.652293,99.578125
08:00:48,91282CKR1,TSRYS5802848,D,S,T,2024-05-08,1000000.00,4.65088,99.58203125
08:00:48,91282CKR1,TSRYS5802848,D,S,D,2024-05-08,1000000.00,4.65088,99.58203125
08:00:48,91282CKR1,TSRYS5802848,D,S,D,2024-05-08,2000000.00,4.655828,99.568359375
08:00:48,91282CKR1,TSRYS5802848,D,S,D,2024-05-08,3000000.00,4.656535,99.56640625
08:00:48,91282CKR1,TSRYS5802848,D,S,D,2024-05-08,2000000.00,4.656535,99.56640625
08:00:48,91282CKR1,TSRYS5802848,D,S,T,2024-05-08,1000000.00,4.65088,99.58203125
08:00:48,91282CKR1,TSRYS5802848,D,S,T,2024-05-08,1000000.00,4.65233,99.578025
08:00:48,91282CKR1,TSRYS5802848,D,S,T,2024-05-08,2000000.00,4.65233,99.578025
08:00:48,91282CKR1,TSRYS5802848,D,S,T,2024-05-08,9800000.00,4.590154,99.75
08:00:49,91282CKR1,TSRYS5802848,D,S,T,2024-05-08,1000000.00,4.643105,99.603515625
08:00:49,91282CKR1,TSRYS5802848,D,S,T,2024-05-08,3000000.00,4.643105,99.603515625
08:00:49,91282CKR1,TSRYS5802848,D,S,T,2024-05-08,1000000.00,4.649466,99.5859375
08:00:49,91282CKR1,TSRYS5802848,D,S,T,2024-05-08,1000000.00,4.649466,99.5859375
08:00:49,91282CKR1,TSRYS5802848,D,S,D,2024-05-08,5000000.00,4.653707,99.57421875
08:00:49,91282CKR1,TSRYS5802848,D,S,D,2024-05-08,3000000.00,4.653707,99.57421875
08:00:49,91282CKR1,TSRYS5802848,D,S,T,2024-05-08,1000000.00,4.649466,99.5859375
08:00:49,91282CKR1,TSRYS5802848,D,S,T,2024-05-08,2000000.00,4.649466,99.5859375
08:00:49,91282CKR1,TSRYS5802848,D,S,D,2024-05-08,1000000.00,4.650173,99.583984375
08:00:49,91282CKR1,TSRYS5802848,D,S,T,2024-05-08,1000000.00,4.646639,99.59375
08:00:49,91282CKR1,TSRYS5802848,D,S,T,2024-05-08,1000000.00,4.645225,99.59765625
08:00:49,91282CKR1,TSRYS5802848,D,S,D,2024-05-08,6000000.00,4.643812,99.6015625
08:00:49,91282CKR1,TSRYS5802848,D,S,D,2024-05-08,6000000.00,4.643812,99.6015625
08:00:50,91282CKR1,TSRYS5802848,D,S,T,2024-05-08,1000000.00,4.651586,99.580078125
08:00:50,91282CKR1,TSRYS5802848,D,S,T,2024-05-08,2000000.00,4.65088,99.58203125
08:00:51,91282CKR1,TSRYS5802848,D,S,T,2024-05-08,1000000.00,4.641692,99.607421875
08:00:52,91282CKR1,TSRYS5802848,D,S,A,2024-05-08,2000000.00,4.643812,99.6015625
08:00:53,91282CKR1,TSRYS5802848,D,S,D,2024-05-08,1000000.00,4.651586,99.580078125
08:00:53,91282CKR1,TSRYS5802848,D,S,D,2024-05-08,1000000.00,4.651586,99.580078125
08:00:53,91282CKR1,TSRYS5802848,D,S,D,2024-05-08,1000000.00,4.651586,99.580078125
08:00:53,91282CKR1,TSRYS5802848,D,S,D,2024-05-08,1000000.00,4.651586,99.580078125
08:00:56,91282CKR1,TSRYS5802848,D,B,A,2024-05-08,27500000.00,4.590154,99.75
08:00:57,91282CKR1,TSRYS5802848,D,S,T,2024-05-08,1000000.00,4.648052,99.58984375
08:00:57,91282CKR1,TSRYS5802848,D,S,T,2024-05-08,1000000.00,4.65088,99.58203125
08:01:01,91282CKR1,TSRYS5802848,D,S,T,2024-05-08,1000000.00,4.65088,99.58203125
08:01:02,91282CKR1,TSRYS5802848,D,S,A,2024-05-08,850000.00,4.648052,99.58984375
08:01:03,91282CKR1,TSRYS5802848,D,S,D,2024-05-08,1000000.00,4.628976,99.642578125
08:01:03,91282CKR1,TSRYS5802848,D,B,C,2024-05-08,2000000.00,4.631095,99.63671875
08:01:03,91282CKR1,TSRYS5802848,D,B,C,2024-05-08,1000000.00,4.628976,99.642578125
08:01:03,91282CKR1,TSRYS5802848,D,S,C,2024-05-08,2000000.00,4.631095,99.63671875
08:01:03,91282CKR1,TSRYS5802848,D,S,D,2024-05-08,1000000.00,4.635333,99.625
08:01:03,91282CKR1,TSRYS5802848,D,S,D,2024-05-08,2000000.00,4.635333,99.625
08:01:03,91282CKR1,TSRYS5802848,D,S,D,2024-05-08,1000000.00,4.628976,99.642578125
08:01:03,91282CKR1,TSRYS5802848,D,S,D,2024-05-08,1000000.00,4.635333,99.625
08:01:03,91282CKR1,TSRYS5802848,D,B,C,2024-05-08,1000000.00,4.628976,99.642578125
08:01:03,91282CKR1,TSRYS5802848,D,B,C,2024-05-08,1000000.00,4.635333,99.625
08:01:03,91282CKR1,TSRYS5802848,D,B,C,2024-05-08,1000000.00,4.635333,99.625
08:01:03,91282CKR1,TSRYS5802848,D,S,D,2024-05-08,8000000.00,4.635333,99.625
08:01:03,91282CKR1,TSRYS5802848,D,B,C,2024-05-08,1000000.00,4.635333,99.625
08:01:03,91282CKR1,TSRYS5802848,D,B,C,2024-05-08,1000000.00,4.633214,99.630859375
08:01:03,91282CKR1,TSRYS5802848,D,B,C,2024-05-08,1000000.00,4.635333,99.625
08:01:03,91282CKR1,TSRYS5802848,D,S,D,2024-05-08,1000000.00,4.634627,99.626953125
08:01:03,91282CKR1,TSRYS5802848,D,S,D,2024-05-08,4000000.00,4.635333,99.625
08:01:03,91282CKR1,TSRYS5802848,D,B,C,2024-05-08,3000000.00,4.634627,99.626953125
08:01:03,91282CKR1,TSRYS5802848,D,S,D,2024-05-08,2000000.00,4.653,99.576171875
08:01:03,91282CKR1,TSRYS5802848,D,S,D,2024-05-08,2000000.00,4.635333,99.625
08:01:03,91282CKR1,TSRYS5802848,D,S,D,2024-05-08,1000000.00,4.635333,99.625
08:01:03,91282CKR1,TSRYS5802848,D,S,D,2024-05-08,1000000.00,4.635333,99.625
08:01:03,91282CKR1,TSRYS5802848,D,S,D,2024-05-08,1000000.00,4.63604,99.623046875
08:01:03,91282CKR1,TSRYS5802848,D,S,D,2024-05-08,3000000.00,4.634627,99.626953125
08:01:03,91282CKR1,TSRYS5802848,D,S,D,2024-05-08,1000000.00,4.63604,99.623046875
08:01:03,91282CKR1,TSRYS5802848,D,S,C,2024-05-08,1000000.00,4.633214,99.630859375
08:01:03,91282CKR1,TSRYS5802848,D,S,C,2024-05-08,1000000.00,4.63604,99.623046875
08:01:03,91282CKR1,TSRYS5802848,D,B,C,2024-05-08,1000000.00,4.63604,99.623046875
08:01:03,91282CKR1,TSRYS5802848,D,B,C,2024-05-08,1000000.00,4.634627,99.626953125
08:01:03,91282CKR1,TSRYS5802848,D,S,D,2024-05-08,2000000.00,4.63604,99.623046875
08:01:03,91282CKR1,TSRYS5802848,D,B,C,2024-05-08,1000000.00,4.63604,99.623046875
08:01:03,91282CKR1,TSRYS5802848,D,B,C,2024-05-08,1000000.00,4.63604,99.623046875
08:01:03,91282CKR1,TSRYS5802848,D,B,C,2024-05-08,2000000.00,4.63604,99.623046875
08:01:03,91282CKR1,TSRYS5802848,D,S,D,2024-05-08,1000000.00,4.63604,99.623046875
08:01:03,91282CKR1,TSRYS5802848,D,B,C,2024-05-08,2000000.00,4.63604,99.623046875
08:01:03,91282CKR1,TSRYS5802848,D,B,C,2024-05-08,2000000.00,4.63604,99.623046875
08:01:03,91282CKR1,TSRYS5802848,D,S,C,2024-05-08,2000000.00,4.63604,99.623046875
08:01:03,91282CKR1,TSRYS5802848,D,S,D,2024-05-08,2000000.00,4.63604,99.623046875
08:01:03,91282CKR1,TSRYS5802848,D,B,C,2024-05-08,2000000.00,4.63604,99.623046875
08:01:03,91282CKR1,TSRYS5802848,D,S,D,2024-05-08,2000000.00,4.63604,99.623046875
08:01:03,91282CKR1,TSRYS5802848,D,B,C,2024-05-08,1000000.00,4.63604,99.623046875
08:01:04,91282CKR1,TSRYS5802848,D,S,D,2024-05-08,3000000.00,4.636746,99.62109375
08:01:04,91282CKR1,TSRYS5802848,D,B,C,2024-05-08,3000000.00,4.636746,99.62109375
08:01:04,91282CKR1,TSRYS5802848,D,S,D,2024-05-08,3000000.00,4.636746,99.62109375
08:01:04,91282CKR1,TSRYS5802848,D,B,C,2024-05-08,3000000.00,4.636746,99.62109375
08:01:04,91282CKR1,TSRYS5802848,D,B,A,2024-05-08,23390000.00,4.645225,99.59765625
08:01:04,91282CKR1,TSRYS5802848,D,B,A,2024-05-08,48981000.00,4.642399,99.60546875
08:01:04,91282CKR1,TSRYS5802848,D,S,C,2024-05-08,1000000.00,4.638866,99.615234375
08:01:04,91282CKR1,TSRYS5802848,D,S,C,2024-05-08,1000000.00,4.643105,99.603515625
08:01:04,91282CKR1,TSRYS5802848,D,B,C,2024-05-08,1000000.00,4.643812,99.6015625
08:01:04,91282CKR1,TSRYS5802848,D,S,A,2024-05-08,5000000.00,4.646639,99.59375
08:01:04,91282CKR1,TSRYS5802848,D,S,C,2024-05-08,1000000.00,4.643812,99.6015625
08:01:04,91282CKR1,TSRYS5802848,D,S,C,2024-05-08,1000000.00,4.643105,99.603515625
08:01:04,91282CKR1,TSRYS5802848,D,B,C,2024-05-08,1000000.00,4.643105,99.603515625
08:01:04,91282CKR1,TSRYS5802848,D,S,C,2024-05-08,1000000.00,4.646639,99.59375
08:01:04,91282CKR1,TSRYS5802848,D,B,C,2024-05-08,1000000.00,4.646639,99.59375
08:01:04,91282CKR1,TSRYS5802848,D,B,A,2024-05-08,151000000.00,4.669263,99.53125
08:01:06,91282CKR1,TSRYS5802848,D,S,T,2024-05-08,1000000.00,4.648052,99.58984375
08:01:06,91282CKR1,TSRYS5802848,D,S,T,2024-05-08,1000000.00,4.648052,99.58984375
08:01:06,91282CKR1,TSRYS5802848,D,S,T,2024-05-08,1000000.00,4.648052,99.58984375
08:01:06,91282CKR1,TSRYS5802848,D,S,T,2024-05-08,1000000.00,4.648052,99.58984375
08:01:07,91282CKR1,TSRYS5802848,D,S,T,2024-05-08,1000000.00,4.648052,99.58984375
08:01:08,91282CKR1,TSRYS5802848,D,S,T,2024-05-08,1000000.00,4.648052,99.58984375
08:01:08,91282CKR1,TSRYS5802848,D,S,T,2024-05-08,1000000.00,4.647346,99.591796875
08:01:08,91282CKR1,TSRYS5802848,D,S,T,2024-05-08,1000000.00,4.647346,99.591796875
08:01:08,91282CKR1,TSRYS5802848,D,S,T,2024-05-08,2000000.00,4.648052,99.58984375
08:01:08,91282CKR1,TSRYS5802848,D,S,T,2024-05-08,2000000.00,4.648052,99.58984375
08:01:08,91282CKR1,TSRYS5802848,D,S,T,2024-05-08,1000000.00,4.648052,99.58984375
08:01:08,91282CKR1,TSRYS5802848,D,S,T,2024-05-08,1000000.00,4.648052,99.58984375
08:01:08,91282CKR1,TSRYS5802848,D,S,T,2024-05-08,4000000.00,4.648052,99.58984375
08:01:09,91282CKR1,TSRYS5802848,D,S,T,2024-05-08,4000000.00,4.648052,99.58984375
08:01:09,91282CKR1,TSRYS5802848,D,S,T,2024-05-08,1000000.00,4.648052,99.58984375
08:01:09,91282CKR1,TSRYS5802848,D,S,T,2024-05-08,1000000.00,4.648052,99.58984375
08:01:09,91282CKR1,TSRYS5802848,D,S,T,2024-05-08,2000000.00,4.648052,99.58984375
08:01:09,91282CKR1,TSRYS5802848,D,S,T,2024-05-08,1000000.00,4.648052,99.58984375
08:01:09,91282CKR1,TSRYS5802848,D,S,T,2024-05-08,1000000.00,4.648052,99.58984375
08:01:09,91282CKR1,TSRYS5802848,D,S,T,2024-05-08,2000000.00,4.648052,99.58984375
08:01:09,91282CKR1,TSRYS5802848,D,S,T,2024-05-08,2000000.00,4.648052,99.58984375
08:01:09,91282CKR1,TSRYS5802848,D,S,D,2024-05-08,12285000.00,4.648052,99.58984375
08:01:10,91282CKR1,TSRYS5802848,D,B,C,2024-05-08,1000000.00,4.646639,99.59375
08:01:10,91282CKR1,TSRYS5802848,D,S,C,2024-05-08,1000000.00,4.646639,99.59375
08:01:10,91282CKR1,TSRYS5802848,D,B,C,2024-05-08,1000000.00,4.646639,99.59375
08:01:10,91282CKR1,TSRYS5802848,D,S,C,2024-05-08,1000000.00,4.646639,99.59375
08:01:10,91282CKR1,TSRYS5802848,D,S,C,2024-05-08,1000000.00,4.647346,99.591796875
08:01:10,91282CKR1,TSRYS5802848,D,B,C,2024-05-08,1000000.00,4.647346,99.591796875
08:01:10,91282CKR1,TSRYS5802848,D,S,C,2024-05-08,1000000.00,4.647346,99.591796875
08:01:10,91282CKR1,TSRYS5802848,D,B,C,2024-05-08,1000000.00,4.647346,99.591796875
08:01:10,91282CKR1,TSRYS5802848,D,S,A,2024-05-08,1000000.00,4.655066,99.5704645
08:01:10,91282CKR1,TSRYS5802848,D,S,A,2024-05-08,3000000.00,4.655066,99.5704645
08:01:11,91282CKR1,TSRYS5802848,D,B,C,2024-05-08,2000000.00,4.646639,99.59375
08:01:11,91282CKR1,TSRYS5802848,D,S,T,2024-05-08,1000000.00,4.648052,99.58984375
08:01:11,91282CKR1,TSRYS5802848,D,S,C,2024-05-08,1000000.00,4.648759,99.587890625
08:01:11,91282CKR1,TSRYS5802848,D,B,C,2024-05-08,1000000.00,4.648759,99.587890625
08:01:11,91282CKR1,TSRYS5802848,D,B,C,2024-05-08,1000000.00,4.647346,99.591796875
08:01:11,91282CKR1,TSRYS5802848,D,S,C,2024-05-08,1000000.00,4.647346,99.591796875
08:01:11,91282CKR1,TSRYS5802848,D,B,C,2024-05-08,1000000.00,4.646639,99.59375
08:01:11,91282CKR1,TSRYS5802848,D,S,D,2024-05-08,1000000.00,4.646639,99.59375
08:01:11,91282CKR1,TSRYS5802848,D,B,C,2024-05-08,1000000.00,4.646639,99.59375
08:01:11,91282CKR1,TSRYS5802848,D,S,D,2024-05-08,1000000.00,4.640279,99.611328125
08:01:11,91282CKR1,TSRYS5802848,D,S,D,2024-05-08,1000000.00,4.640279,99.611328125
08:01:11,91282CKR1,TSRYS5802848,D,S,D,2024-05-08,1000000.00,4.646639,99.59375
08:01:11,91282CKR1,TSRYS5802848,D,B,C,2024-05-08,1000000.00,4.645225,99.59765625
08:01:11,91282CKR1,TSRYS5802848,D,S,D,2024-05-08,7000000.00,4.643105,99.603515625
08:01:11,91282CKR1,TSRYS5802848,D,S,D,2024-05-08,1000000.00,4.645225,99.59765625
08:01:11,91282CKR1,TSRYS5802848,D,S,D,2024-05-08,1000000.00,4.645225,99.59765625
08:01:11,91282CKR1,TSRYS5802848,D,S,D,2024-05-08,2000000.00,4.643105,99.603515625
08:01:11,91282CKR1,TSRYS5802848,D,B,C,2024-05-08,1000000.00,4.645225,99.59765625
08:01:11,91282CKR1,TSRYS5802848,D,B,C,2024-05-08,1000000.00,4.643812,99.6015625
08:01:11,91282CKR1,TSRYS5802848,D,S,D,2024-05-08,1000000.00,4.643812,99.6015625
08:01:11,91282CKR1,TSRYS5802848,D,S,D,2024-05-08,2000000.00,4.646639,99.59375
08:01:11,91282CKR1,TSRYS5802848,D,S,D,2024-05-08,2000000.00,4.646639,99.59375
08:01:11,91282CKR1,TSRYS5802848,D,B,C,2024-05-08,2000000.00,4.646639,99.59375
08:01:11,91282CKR1,TSRYS5802848,D,S,D,2024-05-08,2000000.00,4.646639,99.59375
08:01:11,91282CKR1,TSRYS5802848,D,S,D,2024-05-08,2000000.00,4.646639,99.59375
08:01:11,91282CKR1,TSRYS5802848,D,S,C,2024-05-08,1000000.00,4.645932,99.595703125
08:01:11,91282CKR1,TSRYS5802848,D,B,C,2024-05-08,1000000.00,4.645932,99.595703125
08:01:11,91282CKR1,TSRYS5802848,D,S,C,2024-05-08,1000000.00,4.645932,99.595703125
08:01:11,91282CKR1,TSRYS5802848,D,S,T,2024-05-08,1000000.00,4.629012,99.642478125
08:01:11,91282CKR1,TSRYS5802848,D,B,C,2024-05-08,1000000.00,4.645932,99.595703125
08:01:11,91282CKR1,TSRYS5802848,D,S,T,2024-05-08,1000000.00,4.629012,99.642478125
08:01:11,91282CKR1,TSRYS5802848,D,S,T,2024-05-08,1000000.00,4.629012,99.642478125
08:01:11,91282CKR1,TSRYS5802848,D,S,T,2024-05-08,2000000.00,4.629012,99.642478125
08:01:11,91282CKR1,TSRYS5802848,D,B,C,2024-05-08,1000000.00,4.646639,99.59375
08:01:11,91282CKR1,TSRYS5802848,D,S,D,2024-05-08,1000000.00,4.646639,99.59375
08:01:11,91282CKR1,TSRYS5802848,D,S,C,2024-05-08,1000000.00,4.647346,99.591796875
08:01:11,91282CKR1,TSRYS5802848,D,S,C,2024-05-08,1000000.00,4.647346,99.591796875
08:01:11,91282CKR1,TSRYS5802848,D,B,C,2024-05-08,1000000.00,4.647346,99.591796875
08:01:11,91282CKR1,TSRYS5802848,D,B,C,2024-05-08,1000000.00,4.647346,99.591796875
08:01:11,91282CKR1,TSRYS5802848,D,B,C,2024-05-08,1000000.00,4.647346,99.591796875
08:01:11,91282CKR1,TSRYS5802848,D,S,C,2024-05-08,1000000.00,4.647346,99.591796875
08:01:11,91282CKR1,TSRYS5802848,D,S,C,2024-05-08,1000000.00,4.647346,99.591796875
08:01:11,91282CKR1,TSRYS5802848,D,B,C,2024-05-08,1000000.00,4.647346,99.591796875
08:01:11,91282CKR1,TSRYS5802848,D,B,C,2024-05-08,1000000.00,4.645225,99.59765625
08:01:11,91282CKR1,TSRYS5802848,D,S,D,2024-05-08,1000000.00,4.645225,99.59765625
08:01:11,91282CKR1,TSRYS5802848,D,S,C,2024-05-08,1000000.00,4.643105,99.603515625
08:01:11,91282CKR1,TSRYS5802848,D,B,C,2024-05-08,1000000.00,4.643105,99.603515625
08:01:11,91282CKR1,TSRYS5802848,D,S,D,2024-05-08,1000000.00,4.640986,99.609375
08:01:11,91282CKR1,TSRYS5802848,D,B,C,2024-05-08,1000000.00,4.640986,99.609375
08:01:11,91282CKR1,TSRYS5802848,D,B,C,2024-05-08,1000000.00,4.640986,99.609375
08:01:11,91282CKR1,TSRYS5802848,D,S,D,2024-05-08,1000000.00,4.640986,99.609375
08:01:11,91282CKR1,TSRYS5802848,D,B,C,2024-05-08,1000000.00,4.642399,99.60546875
08:01:11,91282CKR1,TSRYS5802848,D,S,D,2024-05-08,1000000.00,4.642399,99.60546875
08:01:11,91282CKR1,TSRYS5802848,D,S,T,2024-05-08,1000000.00,4.640315,99.611228125
08:01:11,91282CKR1,TSRYS5802848,D,S,T,2024-05-08,2000000.00,4.640315,99.611228125
08:01:11,91282CKR1,TSRYS5802848,D,S,T,2024-05-08,1000000.00,4.640315,99.611228125
08:01:11,91282CKR1,TSRYS5802848,D,S,T,2024-05-08,2000000.00,4.640315,99.611228125
08:01:11,91282CKR1,TSRYS5802848,D,S,T,2024-05-08,2000000.00,4.640315,99.611228125
08:01:11,91282CKR1,TSRYS5802848,D,S,T,2024-05-08,1000000.00,4.640315,99.611228125
08:01:11,91282CKR1,TSRYS5802848,D,S,T,2024-05-08,1000000.00,4.640315,99.611228125
08:01:11,91282CKR1,TSRYS5802848,D,S,T,2024-05-08,1000000.00,4.640315,99.611228125
08:01:11,91282CKR1,TSRYS5802848,D,S,T,2024-05-08,1000000.00,4.650209,99.583884375
08:01:11,91282CKR1,TSRYS5802848,D,S,T,2024-05-08,1000000.00,4.650209,99.583884375
08:01:12,91282CKR1,TSRYS5802848,D,S,C,2024-05-08,1000000.00,4.640986,99.609375
08:01:12,91282CKR1,TSRYS5802848,D,B,C,2024-05-08,1000000.00,4.638159,99.6171875
08:01:12,91282CKR1,TSRYS5802848,D,B,C,2024-05-08,1000000.00,4.638866,99.615234375
08:01:12,91282CKR1,TSRYS5802848,D,S,A,2024-05-08,1000000.00,4.649466,99.5859375
08:01:12,91282CKR1,TSRYS5802848,D,S,D,2024-05-08,1000000.00,4.638866,99.615234375
08:01:12,91282CKR1,TSRYS5802848,D,S,D,2024-05-08,1000000.00,4.638159,99.6171875
08:01:12,91282CKR1,TSRYS5802848,D,S,D,2024-05-08,1000000.00,4.639572,99.61328125
08:01:12,91282CKR1,TSRYS5802848,D,B,C,2024-05-08,1000000.00,4.639572,99.61328125
08:01:12,91282CKR1,TSRYS5802848,D,S,D,2024-05-08,1000000.00,4.639572,99.61328125
08:01:12,91282CKR1,TSRYS5802848,D,B,C,2024-05-08,1000000.00,4.639572,99.61328125
08:01:12,91282CKR1,TSRYS5802848,D,S,D,2024-05-08,1000000.00,4.640986,99.609375
08:01:12,91282CKR1,TSRYS5802848,D,B,C,2024-05-08,1000000.00,4.640986,99.609375
08:01:12,91282CKR1,TSRYS5802848,D,S,C,2024-05-08,1000000.00,4.646639,99.59375
08:01:12,91282CKR1,TSRYS5802848,D,B,C,2024-05-08,1000000.00,4.646639,99.59375
08:01:12,91282CKR1,TSRYS5802848,D,S,C,2024-05-08,1000000.00,4.647346,99.591796875
08:01:12,91282CKR1,TSRYS5802848,D,B,C,2024-05-08,1000000.00,4.647346,99.591796875
08:01:12,91282CKR1,TSRYS5802848,D,B,C,2024-05-08,1000000.00,4.648759,99.587890625
08:01:12,91282CKR1,TSRYS5802848,D,S,C,2024-05-08,1000000.00,4.648759,99.587890625
08:01:12,91282CKR1,TSRYS5802848,D,S,C,2024-05-08,1000000.00,4.648759,99.587890625
08:01:12,91282CKR1,TSRYS5802848,D,B,C,2024-05-08,1000000.00,4.648759,99.587890625
08:01:12,91282CKR1,TSRYS5802848,D,S,C,2024-05-08,1000000.00,4.648759,99.587890625
08:01:12,91282CKR1,TSRYS5802848,D,S,C,2024-05-08,1000000.00,4.646639,99.59375
08:01:12,91282CKR1,TSRYS5802848,D,B,C,2024-05-08,1000000.00,4.646639,99.59375
08:01:12,91282CKR1,TSRYS5802848,D,B,C,2024-05-08,1000000.00,4.648759,99.587890625
08:01:12,91282CKR1,TSRYS5802848,D,S,T,2024-05-08,6000000.00,4.640342,99.611153125
08:01:12,91282CKR1,TSRYS5802848,D,S,C,2024-05-08,1000000.00,4.646639,99.59375
08:01:12,91282CKR1,TSRYS5802848,D,B,C,2024-05-08,1000000.00,4.646639,99.59375
08:01:12,91282CKR1,TSRYS5802848,D,B,C,2024-05-08,1000000.00,4.646639,99.59375
08:01:12,91282CKR1,TSRYS5802848,D,S,C,2024-05-08,1000000.00,4.646639,99.59375
08:01:12,91282CKR1,TSRYS5802848,D,S,C,2024-05-08,1000000.00,4.645225,99.59765625
08:01:12,91282CKR1,TSRYS5802848,D,B,C,2024-05-08,1000000.00,4.645225,99.59765625
08:01:12,91282CKR1,TSRYS5802848,D,B,C,2024-05-08,1000000.00,4.640279,99.611328125
08:01:12,91282CKR1,TSRYS5802848,D,S,D,2024-05-08,1000000.00,4.640279,99.611328125
08:01:12,91282CKR1,TSRYS5802848,D,B,C,2024-05-08,1000000.00,4.640986,99.609375
08:01:12,91282CKR1,TSRYS5802848,D,B,C,2024-05-08,1000000.00,4.638866,99.615234375
