tradeTime,cusip,issueSymbolIdentifier,priceType,reportingSideCode,contraPartyTypeCode,tradeDate,reportedTradeVolume,lastSaleYield,lastSalePrice
08:00:05,91282CKV2,TSRYS5823596,D,S,T,2024-06-13,2000000.00,4.50935,100.3203125
08:00:05,91282CKV2,TSRYS5823596,D,S,D,2024-06-13,2000000.00,4.485451,100.38671875
08:00:05,91282CKV2,TSRYS5823596,D,S,D,2024-06-13,1000000.00,4.485451,100.38671875
08:00:05,91282CKV2,TSRYS5823596,D,S,T,2024-06-13,1000000.00,4.488262,100.37890625
08:00:05,91282CKV2,TSRYS5823596,D,S,T,2024-06-13,4000000.00,4.488262,100.37890625
08:00:05,91282CKV2,TSRYS5823596,D,S,T,2024-06-13,1000000.00,4.489667,100.375
08:00:05,91282CKV2,TSRYS5823596,D,S,T,2024-06-13,3000000.00,4.489667,100.375
08:00:05,91282CKV2,TSRYS5823596,D,S,T,2024-06-13,1000000.00,4.485451,100.38671875
08:00:05,91282CKV2,TSRYS5823596,D,S,T,2024-06-13,2000000.00,4.506537,100.328125
08:00:05,91282CKV2,TSRYS5823596,D,S,T,2024-06-13,1000000.00,4.500913,100.34375
08:00:05,91282CKV2,TSRYS5823596,D,S,T,2024-06-13,2000000.00,4.498101,100.3515625
08:00:05,91282CKV2,TSRYS5823596,D,S,D,2024-06-13,1000000.00,4.484046,100.390625
08:00:05,91282CKV2,TSRYS5823596,D,S,T,2024-06-13,3000000.00,4.489667,100.375
08:00:05,91282CKV2,TSRYS5823596,D,S,T,2024-06-13,4000000.00,4.489667,100.375
08:00:05,91282CKV2,TSRYS5823596,D,S,T,2024-06-13,4000000.00,4.489667,100.375
08:00:05,91282CKV2,TSRYS5823596,D,S,T,2024-06-13,3000000.00,4.489667,100.375
08:00:05,91282CKV2,TSRYS5823596,D,S,T,2024-06-13,3000000.00,4.489667,100.375
08:00:05,91282CKV2,TSRYS5823596,D,S,D,2024-06-13,1000000.00,4.494587,100.361328125
08:00:05,91282CKV2,TSRYS5823596,D,S,D,2024-06-13,1000000.00,4.493181,100.365234375
08:00:05,91282CKV2,TSRYS5823596,D,S,D,2024-06-13,1000000.00,4.493884,100.36328125
08:00:05,91282CKV2,TSRYS5823596,D,S,D,2024-06-13,2000000.00,4.493884,100.36328125
08:00:05,91282CKV2,TSRYS5823596,D,S,D,2024-06-13,1000000.00,4.493884,100.36328125
08:00:05,91282CKV2,TSRYS5823596,D,S,D,2024-06-13,4000000.00,4.502319,100.33984375
08:00:05,91282CKV2,TSRYS5823596,D,S,T,2024-06-13,4000000.00,4.500913,100.34375
08:00:05,91282CKV2,TSRYS5823596,D,S,T,2024-06-13,8000000.00,4.500913,100.34375
08:00:05,91282CKV2,TSRYS5823596,D,S,D,2024-06-13,4000000.00,4.500913,100.34375
08:00:05,91282CKV2,TSRYS5823596,D,S,D,2024-06-13,8000000.00,4.500913,100.34375
08:00:05,91282CKV2,TSRYS5823596,D,S,T,2024-06-13,1000000.00,4.502319,100.33984375
08:00:05,91282CKV2,TSRYS5823596,D,S,T,2024-06-13,1000000.00,4.502319,100.33984375
08:00:05,91282CKV2,TSRYS5823596,D,S,D,2024-06-13,2000000.00,4.508647,100.322265625
08:00:05,91282CKV2,TSRYS5823596,D,S,D,2024-06-13,2000000.00,4.510053,100.318359375
08:00:05,91282CKV2,TSRYS5823596,D,S,D,2024-06-13,1000000.00,4.510053,100.318359375
08:00:05,91282CKV2,TSRYS5823596,D,S,D,2024-06-13,2000000.00,4.510053,100.318359375
08:00:05,91282CKV2,TSRYS5823596,D,S,D,2024-06-13,1000000.00,4.510053,100.318359375
08:00:05,91282CKV2,TSRYS5823596,D,S,D,2024-06-13,8000000.00,4.50935,100.3203125
08:00:05,91282CKV2,TSRYS5823596,D,S,D,2024-06-13,1000000.00,4.499507,100.34765625
08:00:05,91282CKV2,TSRYS5823596,D,S,T,2024-06-13,1000000.00,4.496695,100.35546875
08:00:05,91282CKV2,TSRYS5823596,D,S,T,2024-06-13,5000000.00,4.499507,100.34765625
08:00:05,91282CKV2,TSRYS5823596,D,S,T,2024-06-13,1000000.00,4.499507,100.34765625
08:00:05,91282CKV2,TSRYS5823596,D,S,T,2024-06-13,1000000.00,4.491073,100.37109375
08:00:05,91282CKV2,TSRYS5823596,D,S,T,2024-06-13,1000000.00,4.491073,100.37109375
08:00:05,91282CKV2,TSRYS5823596,D,S,D,2024-06-13,1000000.00,4.499507,100.34765625
08:00:05,91282CKV2,TSRYS5823596,D,S,D,2024-06-13,1000000.00,4.50021,100.345703125
08:00:05,91282CKV2,TSRYS5823596,D,S,D,2024-06-13,1000000.00,4.501616,100.341796875
08:00:05,91282CKV2,TSRYS5823596,D,S,D,2024-06-13,1000000.00,4.501616,100.341796875
08:00:05,91282CKV2,TSRYS5823596,D,S,D,2024-06-13,1000000.00,4.491775,100.369140625
08:00:05,91282CKV2,TSRYS5823596,D,S,D,2024-06-13,1000000.00,4.491073,100.37109375
08:00:10,91282CKV2,TSRYS5823596,D,S,T,2024-06-13,2000000.00,4.496695,100.35546875
08:00:10,91282CKV2,TSRYS5823596,D,S,T,2024-06-13,1000000.00,4.496695,100.35546875
08:00:10,91282CKV2,TSRYS5823596,D,S,T,2024-06-13,1000000.00,4.496695,100.35546875
08:00:10,91282CKV2,TSRYS5823596,D,S,T,2024-06-13,1000000.00,4.496695,100.35546875
08:00:10,91282CKV2,TSRYS5823596,D,S,T,2024-06-13,2000000.00,4.496695,100.35546875
08:00:10,91282CKV2,TSRYS5823596,D,S,T,2024-06-13,1000000.00,4.486154,100.384765625
08:00:10,91282CKV2,TSRYS5823596,D,S,T,2024-06-13,1000000.00,4.486154,100.384765625
08:00:10,91282CKV2,TSRYS5823596,D,S,T,2024-06-13,1000000.00,4.486154,100.384765625
08:00:10,91282CKV2,TSRYS5823596,D,S,T,2024-06-13,1000000.00,4.486154,100.384765625
08:00:10,91282CKV2,TSRYS5823596,D,S,T,2024-06-13,1000000.00,4.488262,100.37890625
08:00:10,91282CKV2,TSRYS5823596,D,S,T,2024-06-13,1000000.00,4.485451,100.38671875
08:00:10,91282CKV2,TSRYS5823596,D,S,T,2024-06-13,1000000.00,4.488964,100.376953125
08:00:10,91282CKV2,TSRYS5823596,D,S,T,2024-06-13,1000000.00,4.49037,100.373046875
08:00:10,91282CKV2,TSRYS5823596,D,S,T,2024-06-13,1000000.00,4.491775,100.369140625
08:00:10,91282CKV2,TSRYS5823596,D,S,D,2024-06-13,1000000.00,4.493181,100.365234375
08:00:10,91282CKV2,TSRYS5823596,D,S,T,2024-06-13,1000000.00,4.493181,100.365234375
08:00:10,91282CKV2,TSRYS5823596,D,S,T,2024-06-13,1000000.00,4.493181,100.365234375
08:00:10,91282CKV2,TSRYS5823596,D,S,T,2024-06-13,1000000.00,4.493181,100.365234375
08:00:10,91282CKV2,TSRYS5823596,D,S,T,2024-06-13,1000000.00,4.49037,100.373046875
08:00:10,91282CKV2,TSRYS5823596,D,S,T,2024-06-13,1000000.00,4.49037,100.373046875
08:00:10,91282CKV2,TSRYS5823596,D,S,T,2024-06-13,4000000.00,4.498101,100.3515625
08:00:10,91282CKV2,TSRYS5823596,D,S,T,2024-06-13,1000000.00,4.498804,100.349609375
08:00:10,91282CKV2,TSRYS5823596,D,S,T,2024-06-13,1000000.00,4.497398,100.353515625
08:00:10,91282CKV2,TSRYS5823596,D,S,D,2024-06-13,1000000.00,4.497398,100.353515625
08:00:10,91282CKV2,TSRYS5823596,D,S,T,2024-06-13,1000000.00,4.497398,100.353515625
08:00:10,91282CKV2,TSRYS5823596,D,S,T,2024-06-13,1000000.00,4.497398,100.353515625
08:00:10,91282CKV2,TSRYS5823596,D,S,T,2024-06-13,1000000.00,4.498804,100.349609375
08:00:10,91282CKV2,TSRYS5823596,D,S,T,2024-06-13,1000000.00,4.503725,100.3359375
08:00:10,91282CKV2,TSRYS5823596,D,S,D,2024-06-13,1000000.00,4.498804,100.349609375
08:00:10,91282CKV2,TSRYS5823596,D,S,D,2024-06-13,1000000.00,4.498804,100.349609375
08:00:10,91282CKV2,TSRYS5823596,D,S,T,2024-06-13,1000000.00,4.498804,100.349609375
08:00:10,91282CKV2,TSRYS5823596,D,S,D,2024-06-13,1000000.00,4.497398,100.353515625
08:00:10,91282CKV2,TSRYS5823596,D,S,D,2024-06-13,1000000.00,4.497398,100.353515625
08:00:10,91282CKV2,TSRYS5823596,D,S,D,2024-06-13,1000000.00,4.497398,100.353515625
08:00:10,91282CKV2,TSRYS5823596,D,S,D,2024-06-13,1000000.00,4.497398,100.353515625
08:00:10,91282CKV2,TSRYS5823596,D,S,D,2024-06-13,1000000.00,4.497398,100.353515625
08:00:10,91282CKV2,TSRYS5823596,D,S,D,2024-06-13,1000000.00,4.497398,100.353515625
08:00:10,91282CKV2,TSRYS5823596,D,S,T,2024-06-13,1000000.00,4.497398,100.353515625
08:00:10,91282CKV2,TSRYS5823596,D,S,D,2024-06-13,1000000.00,4.494587,100.361328125
08:00:10,91282CKV2,TSRYS5823596,D,S,T,2024-06-13,1000000.00,4.494587,100.361328125
08:00:10,91282CKV2,TSRYS5823596,D,S,D,2024-06-13,1000000.00,4.494587,100.361328125
08:00:10,91282CKV2,TSRYS5823596,D,S,D,2024-06-13,1000000.00,4.494587,100.361328125
08:00:10,91282CKV2,TSRYS5823596,D,S,D,2024-06-13,1000000.00,4.494587,100.361328125
08:00:10,91282CKV2,TSRYS5823596,D,S,T,2024-06-13,1000000.00,4.493884,100.36328125
08:00:10,91282CKV2,TSRYS5823596,D,S,T,2024-06-13,1000000.00,4.503725,100.3359375
08:00:10,91282CKV2,TSRYS5823596,D,S,T,2024-06-13,1000000.00,4.501616,100.341796875
08:00:10,91282CKV2,TSRYS5823596,D,S,T,2024-06-13,1000000.00,4.501616,100.341796875
08:00:10,91282CKV2,TSRYS5823596,D,S,T,2024-06-13,1000000.00,4.500913,100.34375
08:00:10,91282CKV2,TSRYS5823596,D,S,T,2024-06-13,1000000.00,4.503725,100.3359375
08:00:10,91282CKV2,TSRYS5823596,D,S,T,2024-06-13,1000000.00,4.503725,100.3359375
08:00:10,91282CKV2,TSRYS5823596,D,S,T,2024-06-13,1000000.00,4.503725,100.3359375
08:00:10,91282CKV2,TSRYS5823596,D,S,T,2024-06-13,1000000.00,4.503725,100.3359375
08:00:10,91282CKV2,TSRYS5823596,D,S,T,2024-06-13,1000000.00,4.503725,100.3359375
08:00:10,91282CKV2,TSRYS5823596,D,S,T,2024-06-13,2000000.00,4.510757,100.31640625
08:00:10,91282CKV2,TSRYS5823596,D,S,T,2024-06-13,1000000.00,4.508647,100.322265625
08:00:10,91282CKV2,TSRYS5823596,D,S,T,2024-06-13,1000000.00,4.506537,100.328125
08:00:10,91282CKV2,TSRYS5823596,D,S,T,2024-06-13,1000000.00,4.506537,100.328125
08:00:10,91282CKV2,TSRYS5823596,D,S,T,2024-06-13,1000000.00,4.506537,100.328125
08:00:10,91282CKV2,TSRYS5823596,D,S,T,2024-06-13,1000000.00,4.502319,100.33984375
08:00:10,91282CKV2,TSRYS5823596,D,S,T,2024-06-13,1000000.00,4.502319,100.33984375
08:00:10,91282CKV2,TSRYS5823596,D,S,T,2024-06-13,1000000.00,4.50935,100.3203125
08:00:10,91282CKV2,TSRYS5823596,D,S,T,2024-06-13,1000000.00,4.500913,100.34375
08:00:10,91282CKV2,TSRYS5823596,D,S,T,2024-06-13,1000000.00,4.500913,100.34375
08:00:10,91282CKV2,TSRYS5823596,D,S,T,2024-06-13,4000000.00,4.505131,100.33203125
08:00:10,91282CKV2,TSRYS5823596,D,S,T,2024-06-13,1000000.00,4.505131,100.33203125
08:00:10,91282CKV2,TSRYS5823596,D,S,T,2024-06-13,1000000.00,4.506537,100.328125
08:00:10,91282CKV2,TSRYS5823596,D,S,T,2024-06-13,1000000.00,4.50935,100.3203125
08:00:10,91282CKV2,TSRYS5823596,D,S,T,2024-06-13,1000000.00,4.508647,100.322265625
08:00:10,91282CKV2,TSRYS5823596,D,S,T,2024-06-13,1000000.00,4.507944,100.32421875
08:00:10,91282CKV2,TSRYS5823596,D,S,T,2024-06-13,1000000.00,4.503725,100.3359375
08:00:10,91282CKV2,TSRYS5823596,D,S,T,2024-06-13,1000000.00,4.50935,100.3203125
08:00:10,91282CKV2,TSRYS5823596,D,S,T,2024-06-13,1000000.00,4.510053,100.318359375
08:00:10,91282CKV2,TSRYS5823596,D,S,T,2024-06-13,1000000.00,4.510757,100.31640625
08:00:10,91282CKV2,TSRYS5823596,D,S,T,2024-06-13,1000000.00,4.505131,100.33203125
08:00:10,91282CKV2,TSRYS5823596,D,S,T,2024-06-13,1000000.00,4.507944,100.32421875
08:00:10,91282CKV2,TSRYS5823596,D,S,T,2024-06-13,2000000.00,4.507944,100.32421875
08:00:10,91282CKV2,TSRYS5823596,D,S,T,2024-06-13,1000000.00,4.503725,100.3359375
08:00:10,91282CKV2,TSRYS5823596,D,S,T,2024-06-13,1000000.00,4.504428,100.333984375
08:00:10,91282CKV2,TSRYS5823596,D,S,T,2024-06-13,1000000.00,4.496695,100.35546875
08:00:10,91282CKV2,TSRYS5823596,D,S,T,2024-06-13,1000000.00,4.496695,100.35546875
08:00:10,91282CKV2,TSRYS5823596,D,S,T,2024-06-13,1000000.00,4.498101,100.3515625
08:00:10,91282CKV2,TSRYS5823596,D,S,T,2024-06-13,2000000.00,4.499507,100.34765625
08:00:10,91282CKV2,TSRYS5823596,D,S,T,2024-06-13,1000000.00,4.496695,100.35546875
08:00:10,91282CKV2,TSRYS5823596,D,S,T,2024-06-13,2000000.00,4.49529,100.359375
08:00:10,91282CKV2,TSRYS5823596,D,S,T,2024-06-13,1000000.00,4.500913,100.34375
08:00:10,91282CKV2,TSRYS5823596,D,S,D,2024-06-13,1000000.00,4.50021,100.345703125
08:00:10,91282CKV2,TSRYS5823596,D,S,T,2024-06-13,1000000.00,4.502319,100.33984375
08:00:10,91282CKV2,TSRYS5823596,D,S,T,2024-06-13,1000000.00,4.500913,100.34375
08:00:10,91282CKV2,TSRYS5823596,D,S,T,2024-06-13,1000000.00,4.493181,100.365234375
08:00:10,91282CKV2,TSRYS5823596,D,S,D,2024-06-13,1000000.00,4.491073,100.37109375
08:00:10,91282CKV2,TSRYS5823596,D,S,T,2024-06-13,1000000.00,4.492478,100.3671875
08:00:10,91282CKV2,TSRYS5823596,D,S,T,2024-06-13,1000000.00,4.492478,100.3671875
08:00:10,91282CKV2,TSRYS5823596,D,S,T,2024-06-13,1000000.00,4.491073,100.37109375
08:00:10,91282CKV2,TSRYS5823596,D,S,T,2024-06-13,1000000.00,4.49529,100.359375
08:00:13,91282CKV2,TSRYS5823596,D,S,D,2024-06-13,1000000.00,4.486856,100.3828125
08:00:13,91282CKV2,TSRYS5823596,D,S,D,2024-06-13,1000000.00,4.487559,100.380859375
08:00:14,91282CKV2,TSRYS5823596,D,S,T,2024-06-13,1000000.00,4.495992,100.357421875
08:00:14,91282CKV2,TSRYS5823596,D,S,T,2024-06-13,1000000.00,4.495992,100.357421875
08:00:14,91282CKV2,TSRYS5823596,D,S,T,2024-06-13,1000000.00,4.49529,100.359375
08:00:14,91282CKV2,TSRYS5823596,D,S,T,2024-06-13,1000000.00,4.496695,100.35546875
08:00:14,91282CKV2,TSRYS5823596,D,S,D,2024-06-13,1000000.00,4.488964,100.376953125
08:00:14,91282CKV2,TSRYS5823596,D,S,T,2024-06-13,2000000.00,4.497398,100.353515625
08:00:14,91282CKV2,TSRYS5823596,D,S,D,2024-06-13,1000000.00,4.49037,100.373046875
08:00:14,91282CKV2,TSRYS5823596,D,S,D,2024-06-13,1000000.00,4.485451,100.38671875
08:00:14,91282CKV2,TSRYS5823596,D,S,T,2024-06-13,1000000.00,4.497398,100.353515625
08:00:14,91282CKV2,TSRYS5823596,D,S,T,2024-06-13,1000000.00,4.497398,100.353515625
08:00:14,91282CKV2,TSRYS5823596,D,S,D,2024-06-13,1000000.00,4.486856,100.3828125
08:00:14,91282CKV2,TSRYS5823596,D,S,T,2024-06-13,1000000.00,4.497398,100.353515625
08:00:14,91282CKV2,TSRYS5823596,D,S,T,2024-06-13,1000000.00,4.497398,100.353515625
08:00:14,91282CKV2,TSRYS5823596,D,S,T,2024-06-13,1000000.00,4.497398,100.353515625
08:00:14,91282CKV2,TSRYS5823596,D,S,T,2024-06-13,1000000.00,4.496695,100.35546875
08:00:15,91282CKV2,TSRYS5823596,D,S,T,2024-06-13,1000000.00,4.495992,100.357421875
08:00:15,91282CKV2,TSRYS5823596,D,S,T,2024-06-13,1000000.00,4.495992,100.357421875
08:00:17,91282CKV2,TSRYS5823596,D,S,D,2024-06-13,1000000.00,4.488964,100.376953125
08:00:19,91282CKV2,TSRYS5823596,D,S,T,2024-06-13,1000000.00,4.486856,100.3828125
08:00:19,91282CKV2,TSRYS5823596,D,S,T,2024-06-13,1000000.00,4.495992,100.357421875
08:00:19,91282CKV2,TSRYS5823596,D,S,T,2024-06-13,2000000.00,4.498101,100.3515625
08:00:19,91282CKV2,TSRYS5823596,D,S,T,2024-06-13,1000000.00,4.497398,100.353515625
08:00:19,91282CKV2,TSRYS5823596,D,S,T,2024-06-13,1000000.00,4.497398,100.353515625
08:00:20,91282CKV2,TSRYS5823596,D,S,T,2024-06-13,1000000.00,4.496695,100.35546875
08:00:20,91282CKV2,TSRYS5823596,D,S,T,2024-06-13,1000000.00,4.495992,100.357421875
08:00:20,91282CKV2,TSRYS5823596,D,S,T,2024-06-13,1000000.00,4.495992,100.357421875
08:00:20,91282CKV2,TSRYS5823596,D,S,T,2024-06-13,1000000.00,4.495992,100.357421875
08:00:20,91282CKV2,TSRYS5823596,D,S,T,2024-06-13,1000000.00,4.49529,100.359375
08:00:20,91282CKV2,TSRYS5823596,D,S,T,2024-06-13,1000000.00,4.49529,100.359375
08:00:20,91282CKV2,TSRYS5823596,D,S,T,2024-06-13,1000000.00,4.49529,100.359375
08:00:20,91282CKV2,TSRYS5823596,D,S,T,2024-06-13,1000000.00,4.49529,100.359375
08:00:20,91282CKV2,TSRYS5823596,D,S,T,2024-06-13,1000000.00,4.49529,100.359375
08:00:20,91282CKV2,TSRYS5823596,D,S,T,2024-06-13,1000000.00,4.49529,100.359375
08:00:20,91282CKV2,TSRYS5823596,D,S,T,2024-06-13,1000000.00,4.493884,100.36328125
08:00:20,91282CKV2,TSRYS5823596,D,S,T,2024-06-13,1000000.00,4.493884,100.36328125
08:00:22,91282CKV2,TSRYS5823596,D,S,T,2024-06-13,1000000.00,4.502319,100.33984375
08:00:24,91282CKV2,TSRYS5823596,D,S,A,2024-06-13,2800000.00,4.510757,100.316406
08:00:26,91282CKV2,TSRYS5823596,D,S,D,2024-06-13,2000000.00,4.49529,100.359375
08:00:26,91282CKV2,TSRYS5823596,D,S,D,2024-06-13,2000000.00,4.49529,100.359375
08:00:30,91282CKV2,TSRYS5823596,D,S,T,2024-06-13,1000000.00,4.488964,100.376953125
08:00:30,91282CKV2,TSRYS5823596,D,S,T,2024-06-13,1000000.00,4.488964,100.376953125
08:00:30,91282CKV2,TSRYS5823596,D,S,T,2024-06-13,1000000.00,4.489667,100.375
08:00:30,91282CKV2,TSRYS5823596,D,S,T,2024-06-13,1000000.00,4.488964,100.376953125
08:00:30,91282CKV2,TSRYS5823596,D,S,T,2024-06-13,1000000.00,4.486856,100.3828125
08:00:30,91282CKV2,TSRYS5823596,D,S,T,2024-06-13,1000000.00,4.485451,100.38671875
08:00:30,91282CKV2,TSRYS5823596,D,S,T,2024-06-13,1000000.00,4.485451,100.38671875
08:00:30,91282CKV2,TSRYS5823596,D,S,T,2024-06-13,1000000.00,4.487559,100.380859375
08:00:30,91282CKV2,TSRYS5823596,D,S,T,2024-06-13,1000000.00,4.486856,100.3828125
08:00:30,91282CKV2,TSRYS5823596,D,S,T,2024-06-13,2000000.00,4.488262,100.37890625
08:00:30,91282CKV2,TSRYS5823596,D,S,T,2024-06-13,1000000.00,4.488964,100.376953125
08:00:30,91282CKV2,TSRYS5823596,D,S,T,2024-06-13,1000000.00,4.488964,100.376953125
08:00:30,91282CKV2,TSRYS5823596,D,S,T,2024-06-13,1000000.00,4.489667,100.375
08:00:30,91282CKV2,TSRYS5823596,D,S,T,2024-06-13,1000000.00,4.489667,100.375
08:00:30,91282CKV2,TSRYS5823596,D,S,T,2024-06-13,1000000.00,4.489667,100.375
08:00:30,91282CKV2,TSRYS5823596,D,S,T,2024-06-13,1000000.00,4.489667,100.375
08:00:30,91282CKV2,TSRYS5823596,D,S,T,2024-06-13,1000000.00,4.489667,100.375
08:00:30,91282CKV2,TSRYS5823596,D,S,T,2024-06-13,1000000.00,4.489667,100.375
08:00:30,91282CKV2,TSRYS5823596,D,S,T,2024-06-13,1000000.00,4.49037,100.373046875
08:00:30,91282CKV2,TSRYS5823596,D,S,T,2024-06-13,1000000.00,4.491073,100.37109375
08:00:30,91282CKV2,TSRYS5823596,D,S,T,2024-06-13,1000000.00,4.492478,100.3671875
08:00:30,91282CKV2,TSRYS5823596,D,S,T,2024-06-13,1000000.00,4.491073,100.37109375
08:00:30,91282CKV2,TSRYS5823596,D,S,T,2024-06-13,1000000.00,4.496695,100.35546875
08:00:30,91282CKV2,TSRYS5823596,D,S,T,2024-06-13,1000000.00,4.498101,100.3515625
08:00:30,91282CKV2,TSRYS5823596,D,S,T,2024-06-13,1000000.00,4.498101,100.3515625
08:00:30,91282CKV2,TSRYS5823596,D,S,T,2024-06-13,1000000.00,4.498101,100.3515625
08:00:30,91282CKV2,TSRYS5823596,D,S,T,2024-06-13,1000000.00,4.498101,100.3515625
08:00:30,91282CKV2,TSRYS5823596,D,S,T,2024-06-13,3000000.00,4.499507,100.34765625
08:00:30,91282CKV2,TSRYS5823596,D,S,T,2024-06-13,1000000.00,4.493884,100.36328125
08:00:30,91282CKV2,TSRYS5823596,D,S,T,2024-06-13,1000000.00,4.49529,100.359375
08:00:30,91282CKV2,TSRYS5823596,D,S,T,2024-06-13,1000000.00,4.49529,100.359375
08:00:30,91282CKV2,TSRYS5823596,D,S,T,2024-06-13,1000000.00,4.492478,100.3671875
08:00:30,91282CKV2,TSRYS5823596,D,S,T,2024-06-13,1000000.00,4.495992,100.357421875
08:00:30,91282CKV2,TSRYS5823596,D,S,T,2024-06-13,1000000.00,4.495992,100.357421875
08:00:30,91282CKV2,TSRYS5823596,D,S,T,2024-06-13,1000000.00,4.498101,100.3515625
08:00:30,91282CKV2,TSRYS5823596,D,S,T,2024-06-13,1000000.00,4.498101,100.3515625
08:00:30,91282CKV2,TSRYS5823596,D,S,T,2024-06-13,1000000.00,4.498101,100.3515625
08:00:30,91282CKV2,TSRYS5823596,D,S,T,2024-06-13,1000000.00,4.498101,100.3515625
08:00:30,91282CKV2,TSRYS5823596,D,S,T,2024-06-13,3000000.00,4.498101,100.3515625
08:00:30,91282CKV2,TSRYS5823596,D,S,T,2024-06-13,1000000.00,4.498101,100.3515625
08:00:30,91282CKV2,TSRYS5823596,D,S,T,2024-06-13,1000000.00,4.499507,100.34765625
08:00:30,91282CKV2,TSRYS5823596,D,S,T,2024-06-13,1000000.00,4.499507,100.34765625
08:00:30,91282CKV2,TSRYS5823596,D,S,T,2024-06-13,1000000.00,4.500913,100.34375
08:00:30,91282CKV2,TSRYS5823596,D,S,T,2024-06-13,1000000.00,4.500913,100.34375
08:00:30,91282CKV2,TSRYS5823596,D,S,T,2024-06-13,1000000.00,4.500913,100.34375
08:00:30,91282CKV2,TSRYS5823596,D,S,T,2024-06-13,1000000.00,4.502319,100.33984375
08:00:30,91282CKV2,TSRYS5823596,D,S,T,2024-06-13,1000000.00,4.503022,100.337890625
08:00:30,91282CKV2,TSRYS5823596,D,S,T,2024-06-13,1000000.00,4.503725,100.3359375
08:00:30,91282CKV2,TSRYS5823596,D,S,T,2024-06-13,1000000.00,4.503725,100.3359375
08:00:30,91282CKV2,TSRYS5823596,D,S,T,2024-06-13,1000000.00,4.503725,100.3359375
08:00:30,91282CKV2,TSRYS5823596,D,S,T,2024-06-13,1000000.00,4.502319,100.33984375
08:00:30,91282CKV2,TSRYS5823596,D,S,T,2024-06-13,4000000.00,4.502319,100.33984375
08:00:30,91282CKV2,TSRYS5823596,D,S,T,2024-06-13,1000000.00,4.502319,100.33984375
08:00:30,91282CKV2,TSRYS5823596,D,S,T,2024-06-13,1000000.00,4.500913,100.34375
08:00:30,91282CKV2,TSRYS5823596,D,S,T,2024-06-13,1000000.00,4.503725,100.3359375
08:00:30,91282CKV2,TSRYS5823596,D,S,T,2024-06-13,1000000.00,4.503022,100.337890625
08:00:30,91282CKV2,TSRYS5823596,D,S,T,2024-06-13,1000000.00,4.502319,100.33984375
08:00:30,91282CKV2,TSRYS5823596,D,S,T,2024-06-13,1000000.00,4.503022,100.337890625
08:00:30,91282CKV2,TSRYS5823596,D,S,T,2024-06-13,1000000.00,4.503725,100.3359375
08:00:30,91282CKV2,TSRYS5823596,D,S,T,2024-06-13,1000000.00,4.503725,100.3359375
08:00:30,91282CKV2,TSRYS5823596,D,S,T,2024-06-13,1000000.00,4.502319,100.33984375
08:00:30,91282CKV2,TSRYS5823596,D,S,T,2024-06-13,1000000.00,4.502319,100.33984375
08:00:30,91282CKV2,TSRYS5823596,D,S,T,2024-06-13,1000000.00,4.512163,100.3125
08:00:30,91282CKV2,TSRYS5823596,D,S,T,2024-06-13,2000000.00,4.510757,100.31640625
08:00:30,91282CKV2,TSRYS5823596,D,S,T,2024-06-13,1000000.00,4.512163,100.3125
08:00:30,91282CKV2,TSRYS5823596,D,S,T,2024-06-13,1000000.00,4.512163,100.3125
08:00:30,91282CKV2,TSRYS5823596,D,S,T,2024-06-13,1000000.00,4.512163,100.3125
08:00:30,91282CKV2,TSRYS5823596,D,S,T,2024-06-13,1000000.00,4.512163,100.3125
08:00:30,91282CKV2,TSRYS5823596,D,S,T,2024-06-13,1000000.00,4.512866,100.310546875
08:00:30,91282CKV2,TSRYS5823596,D,S,T,2024-06-13,1000000.00,4.512866,100.310546875
08:00:30,91282CKV2,TSRYS5823596,D,S,T,2024-06-13,1000000.00,4.512866,100.310546875
08:00:30,91282CKV2,TSRYS5823596,D,S,T,2024-06-13,1000000.00,4.512163,100.3125
08:00:30,91282CKV2,TSRYS5823596,D,S,T,2024-06-13,1000000.00,4.512866,100.310546875
08:00:30,91282CKV2,TSRYS5823596,D,S,T,2024-06-13,2000000.00,4.512866,100.310546875
08:00:30,91282CKV2,TSRYS5823596,D,S,T,2024-06-13,1000000.00,4.510757,100.31640625
08:00:30,91282CKV2,TSRYS5823596,D,S,T,2024-06-13,1000000.00,4.510757,100.31640625
08:00:30,91282CKV2,TSRYS5823596,D,S,T,2024-06-13,1000000.00,4.510757,100.31640625
08:00:30,91282CKV2,TSRYS5823596,D,S,T,2024-06-13,1000000.00,4.51146,100.314453125
08:00:30,91282CKV2,TSRYS5823596,D,S,T,2024-06-13,1000000.00,4.507241,100.326171875
08:00:30,91282CKV2,TSRYS5823596,D,S,T,2024-06-13,1000000.00,4.507241,100.326171875
08:00:30,91282CKV2,TSRYS5823596,D,S,T,2024-06-13,1000000.00,4.506537,100.328125
08:00:30,91282CKV2,TSRYS5823596,D,S,T,2024-06-13,1000000.00,4.506537,100.328125
08:00:30,91282CKV2,TSRYS5823596,D,S,T,2024-06-13,1000000.00,4.506537,100.328125
08:00:30,91282CKV2,TSRYS5823596,D,S,T,2024-06-13,1000000.00,4.506537,100.328125
08:00:30,91282CKV2,TSRYS5823596,D,S,T,2024-06-13,1000000.00,4.506537,100.328125
08:00:30,91282CKV2,TSRYS5823596,D,S,T,2024-06-13,1000000.00,4.506537,100.328125
08:00:30,91282CKV2,TSRYS5823596,D,S,T,2024-06-13,2000000.00,4.506537,100.328125
08:00:30,91282CKV2,TSRYS5823596,D,S,T,2024-06-13,1000000.00,4.506537,100.328125
08:00:30,91282CKV2,TSRYS5823596,D,S,T,2024-06-13,1000000.00,4.506537,100.328125
08:00:30,91282CKV2,TSRYS5823596,D,S,T,2024-06-13,1000000.00,4.507241,100.326171875
08:00:30,91282CKV2,TSRYS5823596,D,S,T,2024-06-13,1000000.00,4.507944,100.32421875
08:00:30,91282CKV2,TSRYS5823596,D,S,T,2024-06-13,2000000.00,4.507944,100.32421875
08:00:30,91282CKV2,TSRYS5823596,D,S,T,2024-06-13,1000000.00,4.507944,100.32421875
08:00:30,91282CKV2,TSRYS5823596,D,S,T,2024-06-13,1000000.00,4.507944,100.32421875
08:00:30,91282CKV2,TSRYS5823596,D,S,T,2024-06-13,1000000.00,4.508647,100.322265625
08:00:30,91282CKV2,TSRYS5823596,D,S,T,2024-06-13,1000000.00,4.508647,100.322265625
08:00:34,91282CKV2,TSRYS5823596,D,S,T,2024-06-13,1000000.00,4.507241,100.326171875
08:00:34,91282CKV2,TSRYS5823596,D,S,T,2024-06-13,1000000.00,4.508647,100.322265625
08:00:34,91282CKV2,TSRYS5823596,D,S,T,2024-06-13,1000000.00,4.508647,100.322265625
08:00:34,91282CKV2,TSRYS5823596,D,S,T,2024-06-13,1000000.00,4.507241,100.326171875
08:00:34,91282CKV2,TSRYS5823596,D,S,T,2024-06-13,1000000.00,4.507241,100.326171875
08:00:34,91282CKV2,TSRYS5823596,D,S,T,2024-06-13,1000000.00,4.507241,100.326171875
08:00:34,91282CKV2,TSRYS5823596,D,S,T,2024-06-13,1000000.00,4.507241,100.326171875
08:00:34,91282CKV2,TSRYS5823596,D,S,T,2024-06-13,1000000.00,4.507241,100.326171875
08:00:34,91282CKV2,TSRYS5823596,D,S,T,2024-06-13,1000000.00,4.507944,100.32421875
08:00:34,91282CKV2,TSRYS5823596,D,S,T,2024-06-13,1000000.00,4.507944,100.32421875
08:00:34,91282CKV2,TSRYS5823596,D,S,T,2024-06-13,1000000.00,4.507944,100.32421875
08:00:34,91282CKV2,TSRYS5823596,D,S,T,2024-06-13,1000000.00,4.507944,100.32421875
08:00:34,91282CKV2,TSRYS5823596,D,S,T,2024-06-13,1000000.00,4.50935,100.3203125
08:00:34,91282CKV2,TSRYS5823596,D,S,T,2024-06-13,2000000.00,4.50935,100.3203125
08:00:34,91282CKV2,TSRYS5823596,D,S,T,2024-06-13,1000000.00,4.50935,100.3203125
08:00:34,91282CKV2,TSRYS5823596,D,S,T,2024-06-13,1000000.00,4.50935,100.3203125
08:00:34,91282CKV2,TSRYS5823596,D,S,T,2024-06-13,1000000.00,4.50935,100.3203125
08:00:34,91282CKV2,TSRYS5823596,D,S,T,2024-06-13,1000000.00,4.50935,100.3203125
08:00:34,91282CKV2,TSRYS5823596,D,S,T,2024-06-13,2000000.00,4.50935,100.3203125
08:00:34,91282CKV2,TSRYS5823596,D,S,T,2024-06-13,1000000.00,4.505834,100.330078125
08:00:34,91282CKV2,TSRYS5823596,D,S,T,2024-06-13,1000000.00,4.506537,100.328125
08:00:34,91282CKV2,TSRYS5823596,D,S,T,2024-06-13,1000000.00,4.506537,100.328125
08:00:34,91282CKV2,TSRYS5823596,D,S,T,2024-06-13,1000000.00,4.506537,100.328125
08:00:34,91282CKV2,TSRYS5823596,D,S,T,2024-06-13,1000000.00,4.506537,100.328125
08:00:34,91282CKV2,TSRYS5823596,D,S,T,2024-06-13,1000000.00,4.506537,100.328125
08:00:34,91282CKV2,TSRYS5823596,D,S,T,2024-06-13,1000000.00,4.506537,100.328125
08:00:34,91282CKV2,TSRYS5823596,D,S,T,2024-06-13,2000000.00,4.508647,100.322265625
08:00:34,91282CKV2,TSRYS5823596,D,S,T,2024-06-13,1000000.00,4.506537,100.328125
08:00:34,91282CKV2,TSRYS5823596,D,S,T,2024-06-13,1000000.00,4.506537,100.328125
08:00:34,91282CKV2,TSRYS5823596,D,S,T,2024-06-13,1000000.00,4.506537,100.328125
08:00:34,91282CKV2,TSRYS5823596,D,S,T,2024-06-13,5000000.00,4.506537,100.328125
08:00:34,91282CKV2,TSRYS5823596,D,S,T,2024-06-13,1000000.00,4.506537,100.328125
08:00:34,91282CKV2,TSRYS5823596,D,S,T,2024-06-13,2000000.00,4.507944,100.32421875
08:00:34,91282CKV2,TSRYS5823596,D,S,T,2024-06-13,1000000.00,4.500913,100.34375
08:00:34,91282CKV2,TSRYS5823596,D,S,T,2024-06-13,1000000.00,4.502319,100.33984375
08:00:34,91282CKV2,TSRYS5823596,D,S,T,2024-06-13,1000000.00,4.502319,100.33984375
08:00:34,91282CKV2,TSRYS5823596,D,S,T,2024-06-13,1000000.00,4.502319,100.33984375
08:00:34,91282CKV2,TSRYS5823596,D,S,T,2024-06-13,6000000.00,4.502319,100.33984375
08:00:34,91282CKV2,TSRYS5823596,D,S,T,2024-06-13,4000000.00,4.502319,100.33984375
08:00:34,91282CKV2,TSRYS5823596,D,S,T,2024-06-13,1000000.00,4.502319,100.33984375
08:00:34,91282CKV2,TSRYS5823596,D,S,T,2024-06-13,1000000.00,4.502319,100.33984375
08:00:34,91282CKV2,TSRYS5823596,D,S,T,2024-06-13,1000000.00,4.502319,100.33984375
08:00:34,91282CKV2,TSRYS5823596,D,S,T,2024-06-13,1000000.00,4.502319,100.33984375
08:00:34,91282CKV2,TSRYS5823596,D,S,T,2024-06-13,1000000.00,4.502319,100.33984375
08:00:34,91282CKV2,TSRYS5823596,D,S,T,2024-06-13,1000000.00,4.502319,100.33984375
08:00:34,91282CKV2,TSRYS5823596,D,S,T,2024-06-13,1000000.00,4.502319,100.33984375
08:00:34,91282CKV2,TSRYS5823596,D,S,T,2024-06-13,1000000.00,4.503022,100.337890625
08:00:34,91282CKV2,TSRYS5823596,D,S,T,2024-06-13,1000000.00,4.503022,100.337890625
08:00:34,91282CKV2,TSRYS5823596,D,S,T,2024-06-13,1000000.00,4.503725,100.3359375
08:00:34,91282CKV2,TSRYS5823596,D,S,T,2024-06-13,1000000.00,4.503725,100.3359375
08:00:34,91282CKV2,TSRYS5823596,D,S,T,2024-06-13,3000000.00,4.503725,100.3359375
08:00:34,91282CKV2,TSRYS5823596,D,S,T,2024-06-13,1000000.00,4.503725,100.3359375
08:00:34,91282CKV2,TSRYS5823596,D,S,T,2024-06-13,1000000.00,4.503725,100.3359375
08:00:34,91282CKV2,TSRYS5823596,D,S,T,2024-06-13,1000000.00,4.503725,100.3359375
08:00:34,91282CKV2,TSRYS5823596,D,S,T,2024-06-13,1000000.00,4.504428,100.333984375
08:00:34,91282CKV2,TSRYS5823596,D,S,T,2024-06-13,2000000.00,4.501616,100.341796875
08:00:34,91282CKV2,TSRYS5823596,D,S,T,2024-06-13,1000000.00,4.502319,100.33984375
08:00:34,91282CKV2,TSRYS5823596,D,S,T,2024-06-13,1000000.00,4.505131,100.33203125
08:00:34,91282CKV2,TSRYS5823596,D,S,T,2024-06-13,1000000.00,4.505131,100.33203125
08:00:34,91282CKV2,TSRYS5823596,D,S,T,2024-06-13,1000000.00,4.505131,100.33203125
08:00:34,91282CKV2,TSRYS5823596,D,S,T,2024-06-13,1000000.00,4.506537,100.328125
08:00:34,91282CKV2,TSRYS5823596,D,S,T,2024-06-13,1000000.00,4.510757,100.31640625
08:00:34,91282CKV2,TSRYS5823596,D,S,T,2024-06-13,1000000.00,4.510757,100.31640625
08:00:34,91282CKV2,TSRYS5823596,D,S,T,2024-06-13,1000000.00,4.50935,100.3203125
08:00:34,91282CKV2,TSRYS5823596,D,S,T,2024-06-13,1000000.00,4.50935,100.3203125
08:00:34,91282CKV2,TSRYS5823596,D,S,T,2024-06-13,1000000.00,4.508647,100.322265625
08:00:34,91282CKV2,TSRYS5823596,D,S,T,2024-06-13,3000000.00,4.508647,100.322265625
08:00:34,91282CKV2,TSRYS5823596,D,S,T,2024-06-13,1000000.00,4.50935,100.3203125
08:00:34,91282CKV2,TSRYS5823596,D,S,T,2024-06-13,1000000.00,4.50935,100.3203125
08:00:34,91282CKV2,TSRYS5823596,D,S,T,2024-06-13,1000000.00,4.507944,100.32421875
08:00:34,91282CKV2,TSRYS5823596,D,S,T,2024-06-13,1000000.00,4.507944,100.32421875
08:00:34,91282CKV2,TSRYS5823596,D,S,T,2024-06-13,1000000.00,4.507944,100.32421875
08:00:34,91282CKV2,TSRYS5823596,D,S,T,2024-06-13,1000000.00,4.507944,100.32421875
08:00:34,91282CKV2,TSRYS5823596,D,S,T,2024-06-13,1000000.00,4.507944,100.32421875
08:00:34,91282CKV2,TSRYS5823596,D,S,T,2024-06-13,2000000.00,4.505834,100.330078125
08:00:34,91282CKV2,TSRYS5823596,D,S,T,2024-06-13,9000000.00,4.506537,100.328125
08:00:34,91282CKV2,TSRYS5823596,D,S,T,2024-06-13,1000000.00,4.506537,100.328125
08:00:34,91282CKV2,TSRYS5823596,D,S,T,2024-06-13,8000000.00,4.506537,100.328125
08:00:34,91282CKV2,TSRYS5823596,D,S,T,2024-06-13,1000000.00,4.505131,100.33203125
08:00:34,91282CKV2,TSRYS5823596,D,S,T,2024-06-13,1000000.00,4.505131,100.33203125
08:00:34,91282CKV2,TSRYS5823596,D,S,T,2024-06-13,3000000.00,4.505131,100.33203125
08:00:34,91282CKV2,TSRYS5823596,D,S,T,2024-06-13,1000000.00,4.505131,100.33203125
08:00:34,91282CKV2,TSRYS5823596,D,S,T,2024-06-13,1000000.00,4.506537,100.328125
08:00:34,91282CKV2,TSRYS5823596,D,S,T,2024-06-13,1000000.00,4.506537,100.328125
08:00:34,91282CKV2,TSRYS5823596,D,S,T,2024-06-13,1000000.00,4.506537,100.328125
08:00:34,91282CKV2,TSRYS5823596,D,S,T,2024-06-13,1000000.00,4.506537,100.328125
08:00:34,91282CKV2,TSRYS5823596,D,S,T,2024-06-13,1000000.00,4.506537,100.328125
08:00:34,91282CKV2,TSRYS5823596,D,S,T,2024-06-13,1000000.00,4.506537,100.328125
08:00:34,91282CKV2,TSRYS5823596,D,S,T,2024-06-13,1000000.00,4.506537,100.328125
08:00:34,91282CKV2,TSRYS5823596,D,S,T,2024-06-13,1000000.00,4.506537,100.328125
08:00:34,91282CKV2,TSRYS5823596,D,S,T,2024-06-13,4000000.00,4.506537,100.328125
08:00:34,91282CKV2,TSRYS5823596,D,S,T,2024-06-13,1000000.00,4.506537,100.328125
08:00:34,91282CKV2,TSRYS5823596,D,S,T,2024-06-13,1000000.00,4.506537,100.328125
08:00:34,91282CKV2,TSRYS5823596,D,S,T,2024-06-13,2000000.00,4.506537,100.328125
08:00:34,91282CKV2,TSRYS5823596,D,S,T,2024-06-13,1000000.00,4.506537,100.328125
08:00:34,91282CKV2,TSRYS5823596,D,S,T,2024-06-13,1000000.00,4.506537,100.328125
08:00:34,91282CKV2,TSRYS5823596,D,S,T,2024-06-13,1000000.00,4.506537,100.328125
08:00:34,91282CKV2,TSRYS5823596,D,S,T,2024-06-13,1000000.00,4.506537,100.328125
08:00:34,91282CKV2,TSRYS5823596,D,S,T,2024-06-13,1000000.00,4.506537,100.328125
08:00:34,91282CKV2,TSRYS5823596,D,S,T,2024-06-13,1000000.00,4.506537,100.328125
08:00:34,91282CKV2,TSRYS5823596,D,S,T,2024-06-13,1000000.00,4.506537,100.328125
08:00:34,91282CKV2,TSRYS5823596,D,S,T,2024-06-13,1000000.00,4.506537,100.328125
08:00:34,91282CKV2,TSRYS5823596,D,S,T,2024-06-13,1000000.00,4.506537,100.328125
08:00:34,91282CKV2,TSRYS5823596,D,S,T,2024-06-13,1000000.00,4.506537,100.328125
08:00:34,91282CKV2,TSRYS5823596,D,S,T,2024-06-13,1000000.00,4.506537,100.328125
08:00:34,91282CKV2,TSRYS5823596,D,S,T,2024-06-13,1000000.00,4.506537,100.328125
08:00:34,91282CKV2,TSRYS5823596,D,S,T,2024-06-13,1000000.00,4.506537,100.328125
08:00:34,91282CKV2,TSRYS5823596,D,S,T,2024-06-13,1000000.00,4.506537,100.328125
08:00:34,91282CKV2,TSRYS5823596,D,S,T,2024-06-13,1000000.00,4.50935,100.3203125
08:00:34,91282CKV2,TSRYS5823596,D,S,T,2024-06-13,1000000.00,4.50935,100.3203125
08:00:34,91282CKV2,TSRYS5823596,D,S,T,2024-06-13,1000000.00,4.50935,100.3203125
08:00:34,91282CKV2,TSRYS5823596,D,S,T,2024-06-13,1000000.00,4.50935,100.3203125
08:00:34,91282CKV2,TSRYS5823596,D,S,T,2024-06-13,1000000.00,4.50935,100.3203125
08:00:34,91282CKV2,TSRYS5823596,D,S,T,2024-06-13,1000000.00,4.50935,100.3203125
08:00:34,91282CKV2,TSRYS5823596,D,S,T,2024-06-13,1000000.00,4.507944,100.32421875
08:00:34,91282CKV2,TSRYS5823596,D,S,T,2024-06-13,1000000.00,4.507944,100.32421875
08:00:34,91282CKV2,TSRYS5823596,D,S,T,2024-06-13,1000000.00,4.50935,100.3203125
08:00:34,91282CKV2,TSRYS5823596,D,S,T,2024-06-13,1000000.00,4.50935,100.3203125
08:00:34,91282CKV2,TSRYS5823596,D,S,T,2024-06-13,1000000.00,4.512163,100.3125
08:00:34,91282CKV2,TSRYS5823596,D,S,T,2024-06-13,2000000.00,4.510757,100.31640625
08:00:34,91282CKV2,TSRYS5823596,D,S,T,2024-06-13,1000000.00,4.510757,100.31640625
08:00:34,91282CKV2,TSRYS5823596,D,S,T,2024-06-13,2000000.00,4.510757,100.31640625
08:00:34,91282CKV2,TSRYS5823596,D,S,T,2024-06-13,1000000.00,4.510757,100.31640625
08:00:34,91282CKV2,TSRYS5823596,D,S,T,2024-06-13,1000000.00,4.50935,100.3203125
08:00:34,91282CKV2,TSRYS5823596,D,S,T,2024-06-13,1000000.00,4.50935,100.3203125
08:00:34,91282CKV2,TSRYS5823596,D,S,T,2024-06-13,1000000.00,4.507944,100.32421875
08:00:34,91282CKV2,TSRYS5823596,D,S,T,2024-06-13,1000000.00,4.507944,100.32421875
08:00:34,91282CKV2,TSRYS5823596,D,S,T,2024-06-13,1000000.00,4.507944,100.32421875
08:00:34,91282CKV2,TSRYS5823596,D,S,T,2024-06-13,1000000.00,4.507944,100.32421875
08:00:34,91282CKV2,TSRYS5823596,D,S,T,2024-06-13,1000000.00,4.507944,100.32421875
08:00:34,91282CKV2,TSRYS5823596,D,S,T,2024-06-13,1000000.00,4.507944,100.32421875
08:00:34,91282CKV2,TSRYS5823596,D,S,T,2024-06-13,2000000.00,4.507944,100.32421875
08:00:34,91282CKV2,TSRYS5823596,D,S,T,2024-06-13,1000000.00,4.506537,100.328125
08:00:34,91282CKV2,TSRYS5823596,D,S,T,2024-06-13,1000000.00,4.503725,100.3359375
08:00:34,91282CKV2,TSRYS5823596,D,S,T,2024-06-13,1000000.00,4.505131,100.33203125
08:00:34,91282CKV2,TSRYS5823596,D,S,T,2024-06-13,1000000.00,4.506537,100.328125
08:00:34,91282CKV2,TSRYS5823596,D,S,T,2024-06-13,2000000.00,4.506537,100.328125
08:00:34,91282CKV2,TSRYS5823596,D,S,T,2024-06-13,1000000.00,4.506537,100.328125
08:00:34,91282CKV2,TSRYS5823596,D,S,T,2024-06-13,1000000.00,4.506537,100.328125
08:00:34,91282CKV2,TSRYS5823596,D,S,T,2024-06-13,1000000.00,4.506537,100.328125
08:00:34,91282CKV2,TSRYS5823596,D,S,T,2024-06-13,1000000.00,4.506537,100.328125
08:00:34,91282CKV2,TSRYS5823596,D,S,T,2024-06-13,1000000.00,4.506537,100.328125
08:00:34,91282CKV2,TSRYS5823596,D,S,T,2024-06-13,1000000.00,4.507944,100.32421875
08:00:34,91282CKV2,TSRYS5823596,D,S,T,2024-06-13,1000000.00,4.507944,100.32421875
08:00:34,91282CKV2,TSRYS5823596,D,S,T,2024-06-13,1000000.00,4.507944,100.32421875
08:00:34,91282CKV2,TSRYS5823596,D,S,T,2024-06-13,1000000.00,4.50935,100.3203125
08:00:34,91282CKV2,TSRYS5823596,D,S,T,2024-06-13,1000000.00,4.510757,100.31640625
08:00:34,91282CKV2,TSRYS5823596,D,S,T,2024-06-13,1000000.00,4.510757,100.31640625
08:00:34,91282CKV2,TSRYS5823596,D,S,T,2024-06-13,1000000.00,4.510757,100.31640625
08:00:34,91282CKV2,TSRYS5823596,D,S,T,2024-06-13,1000000.00,4.510757,100.31640625
08:00:34,91282CKV2,TSRYS5823596,D,S,T,2024-06-13,1000000.00,4.50935,100.3203125
08:00:34,91282CKV2,TSRYS5823596,D,S,T,2024-06-13,1000000.00,4.50935,100.3203125
08:00:34,91282CKV2,TSRYS5823596,D,S,T,2024-06-13,1000000.00,4.50935,100.3203125
08:00:34,91282CKV2,TSRYS5823596,D,S,T,2024-06-13,1000000.00,4.50935,100.3203125
08:00:34,91282CKV2,TSRYS5823596,D,S,T,2024-06-13,1000000.00,4.50935,100.3203125
08:00:34,91282CKV2,TSRYS5823596,D,S,T,2024-06-13,1000000.00,4.50935,100.3203125
08:00:34,91282CKV2,TSRYS5823596,D,S,T,2024-06-13,1000000.00,4.50935,100.3203125
08:00:34,91282CKV2,TSRYS5823596,D,S,T,2024-06-13,1000000.00,4.50935,100.3203125
08:00:34,91282CKV2,TSRYS5823596,D,S,T,2024-06-13,1000000.00,4.50935,100.3203125
08:00:34,91282CKV2,TSRYS5823596,D,S,T,2024-06-13,2000000.00,4.50935,100.3203125
08:00:34,91282CKV2,TSRYS5823596,D,S,T,2024-06-13,2000000.00,4.50935,100.3203125
08:00:34,91282CKV2,TSRYS5823596,D,S,T,2024-06-13,2000000.00,4.50935,100.3203125
08:00:34,91282CKV2,TSRYS5823596,D,S,T,2024-06-13,1000000.00,4.50935,100.3203125
08:00:34,91282CKV2,TSRYS5823596,D,S,T,2024-06-13,1000000.00,4.50935,100.3203125
08:00:34,91282CKV2,TSRYS5823596,D,S,T,2024-06-13,1000000.00,4.50935,100.3203125
08:00:34,91282CKV2,TSRYS5823596,D,S,T,2024-06-13,1000000.00,4.50935,100.3203125
08:00:34,91282CKV2,TSRYS5823596,D,S,T,2024-06-13,1000000.00,4.50935,100.3203125
08:00:34,91282CKV2,TSRYS5823596,D,S,T,2024-06-13,1000000.00,4.50935,100.3203125
08:00:34,91282CKV2,TSRYS5823596,D,S,T,2024-06-13,1000000.00,4.50935,100.3203125
08:00:34,91282CKV2,TSRYS5823596,D,S,T,2024-06-13,1000000.00,4.50935,100.3203125
08:00:34,91282CKV2,TSRYS5823596,D,S,T,2024-06-13,1000000.00,4.50935,100.3203125
08:00:34,91282CKV2,TSRYS5823596,D,S,T,2024-06-13,1000000.00,4.50935,100.3203125
08:00:34,91282CKV2,TSRYS5823596,D,S,T,2024-06-13,1000000.00,4.50935,100.3203125
08:00:34,91282CKV2,TSRYS5823596,D,S,T,2024-06-13,1000000.00,4.50935,100.3203125
08:00:34,91282CKV2,TSRYS5823596,D,S,T,2024-06-13,1000000.00,4.50935,100.3203125
08:00:34,91282CKV2,TSRYS5823596,D,S,T,2024-06-13,1000000.00,4.50935,100.3203125
08:00:34,91282CKV2,TSRYS5823596,D,S,T,2024-06-13,1000000.00,4.50935,100.3203125
08:00:34,91282CKV2,TSRYS5823596,D,S,T,2024-06-13,1000000.00,4.50935,100.3203125
08:00:34,91282CKV2,TSRYS5823596,D,S,T,2024-06-13,1000000.00,4.50935,100.3203125
08:00:34,91282CKV2,TSRYS5823596,D,S,T,2024-06-13,1000000.00,4.50935,100.3203125
08:00:34,91282CKV2,TSRYS5823596,D,S,T,2024-06-13,1000000.00,4.50935,100.3203125
08:00:34,91282CKV2,TSRYS5823596,D,S,T,2024-06-13,1000000.00,4.510757,100.31640625
08:00:34,91282CKV2,TSRYS5823596,D,S,T,2024-06-13,1000000.00,4.510757,100.31640625
08:00:34,91282CKV2,TSRYS5823596,D,S,T,2024-06-13,1000000.00,4.510757,100.31640625
08:00:34,91282CKV2,TSRYS5823596,D,S,T,2024-06-13,1000000.00,4.510757,100.31640625
08:00:34,91282CKV2,TSRYS5823596,D,S,T,2024-06-13,1000000.00,4.510757,100.31640625
08:00:34,91282CKV2,TSRYS5823596,D,S,T,2024-06-13,1000000.00,4.510757,100.31640625
08:00:34,91282CKV2,TSRYS5823596,D,S,T,2024-06-13,1000000.00,4.510757,100.31640625
08:00:34,91282CKV2,TSRYS5823596,D,S,T,2024-06-13,1000000.00,4.510757,100.31640625
08:00:34,91282CKV2,TSRYS5823596,D,S,T,2024-06-13,1000000.00,4.510757,100.31640625
08:00:34,91282CKV2,TSRYS5823596,D,S,T,2024-06-13,1000000.00,4.510757,100.31640625
08:00:34,91282CKV2,TSRYS5823596,D,S,T,2024-06-13,1000000.00,4.510757,100.31640625
08:00:34,91282CKV2,TSRYS5823596,D,S,T,2024-06-13,1000000.00,4.510757,100.31640625
08:00:34,91282CKV2,TSRYS5823596,D,S,T,2024-06-13,1000000.00,4.510757,100.31640625
08:00:34,91282CKV2,TSRYS5823596,D,S,T,2024-06-13,1000000.00,4.510757,100.31640625
08:00:34,91282CKV2,TSRYS5823596,D,S,T,2024-06-13,1000000.00,4.510757,100.31640625
08:00:34,91282CKV2,TSRYS5823596,D,S,T,2024-06-13,1000000.00,4.506537,100.328125
08:00:34,91282CKV2,TSRYS5823596,D,S,T,2024-06-13,1000000.00,4.505131,100.33203125
08:00:34,91282CKV2,TSRYS5823596,D,S,T,2024-06-13,1000000.00,4.505131,100.33203125
08:00:34,91282CKV2,TSRYS5823596,D,S,T,2024-06-13,1000000.00,4.505131,100.33203125
08:00:34,91282CKV2,TSRYS5823596,D,S,T,2024-06-13,1000000.00,4.506537,100.328125
08:00:34,91282CKV2,TSRYS5823596,D,S,T,2024-06-13,1000000.00,4.506537,100.328125
08:00:34,91282CKV2,TSRYS5823596,D,S,T,2024-06-13,2000000.00,4.506537,100.328125
08:00:34,91282CKV2,TSRYS5823596,D,S,T,2024-06-13,2000000.00,4.506537,100.328125
08:00:34,91282CKV2,TSRYS5823596,D,S,T,2024-06-13,2000000.00,4.506537,100.328125
08:00:34,91282CKV2,TSRYS5823596,D,S,T,2024-06-13,2000000.00,4.506537,100.328125
08:00:34,91282CKV2,TSRYS5823596,D,S,T,2024-06-13,2000000.00,4.506537,100.328125
08:00:34,91282CKV2,TSRYS5823596,D,S,T,2024-06-13,1000000.00,4.505131,100.33203125
08:00:34,91282CKV2,TSRYS5823596,D,S,T,2024-06-13,1000000.00,4.507944,100.32421875
08:00:34,91282CKV2,TSRYS5823596,D,S,T,2024-06-13,1000000.00,4.507944,100.32421875
08:00:34,91282CKV2,TSRYS5823596,D,S,T,2024-06-13,1000000.00,4.50935,100.3203125
08:00:34,91282CKV2,TSRYS5823596,D,S,T,2024-06-13,1000000.00,4.50935,100.3203125
08:00:34,91282CKV2,TSRYS5823596,D,S,T,2024-06-13,1000000.00,4.507944,100.32421875
08:00:34,91282CKV2,TSRYS5823596,D,S,T,2024-06-13,1000000.00,4.506537,100.328125
08:00:34,91282CKV2,TSRYS5823596,D,S,T,2024-06-13,1000000.00,4.506537,100.328125
08:00:34,91282CKV2,TSRYS5823596,D,S,T,2024-06-13,1000000.00,4.506537,100.328125
08:00:34,91282CKV2,TSRYS5823596,D,S,T,2024-06-13,1000000.00,4.506537,100.328125
08:00:34,91282CKV2,TSRYS5823596,D,S,T,2024-06-13,1000000.00,4.506537,100.328125
08:00:34,91282CKV2,TSRYS5823596,D,S,T,2024-06-13,1000000.00,4.506537,100.328125
08:00:34,91282CKV2,TSRYS5823596,D,S,T,2024-06-13,1000000.00,4.506537,100.328125
08:00:34,91282CKV2,TSRYS5823596,D,S,T,2024-06-13,1000000.00,4.506537,100.328125
08:00:34,91282CKV2,TSRYS5823596,D,S,T,2024-06-13,1000000.00,4.506537,100.328125
08:00:34,91282CKV2,TSRYS5823596,D,S,T,2024-06-13,1000000.00,4.506537,100.328125
08:00:34,91282CKV2,TSRYS5823596,D,S,T,2024-06-13,1000000.00,4.506537,100.328125
08:00:34,91282CKV2,TSRYS5823596,D,S,T,2024-06-13,1000000.00,4.506537,100.328125
08:00:34,91282CKV2,TSRYS5823596,D,S,T,2024-06-13,1000000.00,4.506537,100.328125
08:00:34,91282CKV2,TSRYS5823596,D,S,T,2024-06-13,1000000.00,4.506537,100.328125
08:00:34,91282CKV2,TSRYS5823596,D,S,T,2024-06-13,1000000.00,4.506537,100.328125
08:00:34,91282CKV2,TSRYS5823596,D,S,T,2024-06-13,1000000.00,4.506537,100.328125
08:00:34,91282CKV2,TSRYS5823596,D,S,T,2024-06-13,1000000.00,4.506537,100.328125
08:00:34,91282CKV2,TSRYS5823596,D,S,T,2024-06-13,1000000.00,4.506537,100.328125
08:00:34,91282CKV2,TSRYS5823596,D,S,T,2024-06-13,1000000.00,4.505131,100.33203125
08:00:34,91282CKV2,TSRYS5823596,D,S,T,2024-06-13,1000000.00,4.503725,100.3359375
08:00:34,91282CKV2,TSRYS5823596,D,S,T,2024-06-13,1000000.00,4.503725,100.3359375
08:00:34,91282CKV2,TSRYS5823596,D,S,T,2024-06-13,8000000.00,4.503725,100.3359375
08:00:34,91282CKV2,TSRYS5823596,D,S,T,2024-06-13,1000000.00,4.505131,100.33203125
08:00:34,91282CKV2,TSRYS5823596,D,S,T,2024-06-13,1000000.00,4.505131,100.33203125
08:00:34,91282CKV2,TSRYS5823596,D,S,T,2024-06-13,1000000.00,4.505131,100.33203125
08:00:34,91282CKV2,TSRYS5823596,D,S,T,2024-06-13,1000000.00,4.506537,100.328125
08:00:34,91282CKV2,TSRYS5823596,D,S,T,2024-06-13,1000000.00,4.506537,100.328125
08:00:34,91282CKV2,TSRYS5823596,D,S,T,2024-06-13,1000000.00,4.506537,100.328125
08:00:34,91282CKV2,TSRYS5823596,D,S,T,2024-06-13,1000000.00,4.505131,100.33203125
08:00:34,91282CKV2,TSRYS5823596,D,S,T,2024-06-13,2000000.00,4.505131,100.33203125
08:00:34,91282CKV2,TSRYS5823596,D,S,T,2024-06-13,8000000.00,4.505131,100.33203125
08:00:34,91282CKV2,TSRYS5823596,D,S,T,2024-06-13,2000000.00,4.505131,100.33203125
08:00:34,91282CKV2,TSRYS5823596,D,S,T,2024-06-13,1000000.00,4.505131,100.33203125
08:00:34,91282CKV2,TSRYS5823596,D,S,T,2024-06-13,1000000.00,4.505131,100.33203125
08:00:34,91282CKV2,TSRYS5823596,D,S,T,2024-06-13,1000000.00,4.503725,100.3359375
08:00:34,91282CKV2,TSRYS5823596,D,S,T,2024-06-13,1000000.00,4.503725,100.3359375
08:00:34,91282CKV2,TSRYS5823596,D,S,T,2024-06-13,1000000.00,4.503725,100.3359375
08:00:34,91282CKV2,TSRYS5823596,D,S,T,2024-06-13,1000000.00,4.502319,100.33984375
08:00:34,91282CKV2,TSRYS5823596,D,S,T,2024-06-13,1000000.00,4.50021,100.345703125
08:00:34,91282CKV2,TSRYS5823596,D,S,T,2024-06-13,1000000.00,4.499507,100.34765625
08:00:34,91282CKV2,TSRYS5823596,D,S,T,2024-06-13,1000000.00,4.499507,100.34765625
08:00:34,91282CKV2,TSRYS5823596,D,S,T,2024-06-13,1000000.00,4.499507,100.34765625
08:00:34,91282CKV2,TSRYS5823596,D,S,T,2024-06-13,1000000.00,4.496695,100.35546875
08:00:34,91282CKV2,TSRYS5823596,D,S,T,2024-06-13,1000000.00,4.496695,100.35546875
08:00:34,91282CKV2,TSRYS5823596,D,S,T,2024-06-13,1000000.00,4.496695,100.35546875
08:00:34,91282CKV2,TSRYS5823596,D,S,T,2024-06-13,1000000.00,4.500913,100.34375
08:00:34,91282CKV2,TSRYS5823596,D,S,T,2024-06-13,1000000.00,4.500913,100.34375
08:00:34,91282CKV2,TSRYS5823596,D,S,T,2024-06-13,1000000.00,4.499507,100.34765625
08:00:34,91282CKV2,TSRYS5823596,D,S,T,2024-06-13,1000000.00,4.496695,100.35546875
08:00:34,91282CKV2,TSRYS5823596,D,S,T,2024-06-13,1000000.00,4.496695,100.35546875
08:00:34,91282CKV2,TSRYS5823596,D,S,T,2024-06-13,1000000.00,4.498101,100.3515625
08:00:34,91282CKV2,TSRYS5823596,D,S,T,2024-06-13,1000000.00,4.496695,100.35546875
08:00:34,91282CKV2,TSRYS5823596,D,S,T,2024-06-13,1000000.00,4.496695,100.35546875
08:00:34,91282CKV2,TSRYS5823596,D,S,T,2024-06-13,4000000.00,4.496695,100.35546875
08:00:34,91282CKV2,TSRYS5823596,D,S,T,2024-06-13,1000000.00,4.496695,100.35546875
08:00:34,91282CKV2,TSRYS5823596,D,S,T,2024-06-13,2000000.00,4.496695,100.35546875
08:00:34,91282CKV2,TSRYS5823596,D,S,T,2024-06-13,1000000.00,4.499507,100.34765625
08:00:34,91282CKV2,TSRYS5823596,D,S,T,2024-06-13,1000000.00,4.499507,100.34765625
08:00:34,91282CKV2,TSRYS5823596,D,S,T,2024-06-13,1000000.00,4.499507,100.34765625
08:00:34,91282CKV2,TSRYS5823596,D,S,T,2024-06-13,2000000.00,4.499507,100.34765625
08:00:34,91282CKV2,TSRYS5823596,D,S,T,2024-06-13,1000000.00,4.499507,100.34765625
08:00:34,91282CKV2,TSRYS5823596,D,S,T,2024-06-13,2000000.00,4.499507,100.34765625
08:00:34,91282CKV2,TSRYS5823596,D,S,T,2024-06-13,2000000.00,4.499507,100.34765625
08:00:34,91282CKV2,TSRYS5823596,D,S,T,2024-06-13,1000000.00,4.499507,100.34765625
08:00:34,91282CKV2,TSRYS5823596,D,S,T,2024-06-13,1000000.00,4.499507,100.34765625
08:00:34,91282CKV2,TSRYS5823596,D,S,T,2024-06-13,1000000.00,4.499507,100.34765625
08:00:34,91282CKV2,TSRYS5823596,D,S,T,2024-06-13,1000000.00,4.496695,100.35546875
08:00:34,91282CKV2,TSRYS5823596,D,S,T,2024-06-13,1000000.00,4.49529,100.359375
08:00:34,91282CKV2,TSRYS5823596,D,S,T,2024-06-13,1000000.00,4.496695,100.35546875
08:00:34,91282CKV2,TSRYS5823596,D,S,T,2024-06-13,1000000.00,4.496695,100.35546875
08:00:34,91282CKV2,TSRYS5823596,D,S,T,2024-06-13,1000000.00,4.49529,100.359375
08:00:34,91282CKV2,TSRYS5823596,D,S,T,2024-06-13,1000000.00,4.49529,100.359375
08:00:34,91282CKV2,TSRYS5823596,D,S,T,2024-06-13,2000000.00,4.496695,100.35546875
08:00:34,91282CKV2,TSRYS5823596,D,S,T,2024-06-13,1000000.00,4.496695,100.35546875
08:00:34,91282CKV2,TSRYS5823596,D,S,T,2024-06-13,1000000.00,4.496695,100.35546875
08:00:34,91282CKV2,TSRYS5823596,D,S,T,2024-06-13,1000000.00,4.496695,100.35546875
08:00:34,91282CKV2,TSRYS5823596,D,S,T,2024-06-13,1000000.00,4.493884,100.36328125
08:00:34,91282CKV2,TSRYS5823596,D,S,T,2024-06-13,1000000.00,4.492478,100.3671875
08:00:34,91282CKV2,TSRYS5823596,D,S,T,2024-06-13,1000000.00,4.49529,100.359375
08:00:34,91282CKV2,TSRYS5823596,D,S,T,2024-06-13,1000000.00,4.498101,100.3515625
08:00:34,91282CKV2,TSRYS5823596,D,S,T,2024-06-13,1000000.00,4.497398,100.353515625
08:00:34,91282CKV2,TSRYS5823596,D,S,T,2024-06-13,2000000.00,4.497398,100.353515625
08:00:34,91282CKV2,TSRYS5823596,D,S,T,2024-06-13,2000000.00,4.497398,100.353515625
08:00:34,91282CKV2,TSRYS5823596,D,S,T,2024-06-13,2000000.00,4.498101,100.3515625
08:00:34,91282CKV2,TSRYS5823596,D,S,T,2024-06-13,1000000.00,4.498101,100.3515625
08:00:34,91282CKV2,TSRYS5823596,D,S,T,2024-06-13,2000000.00,4.498804,100.349609375
08:00:34,91282CKV2,TSRYS5823596,D,S,T,2024-06-13,1000000.00,4.498101,100.3515625
08:00:34,91282CKV2,TSRYS5823596,D,S,T,2024-06-13,1000000.00,4.498101,100.3515625
08:00:34,91282CKV2,TSRYS5823596,D,S,T,2024-06-13,1000000.00,4.498101,100.3515625
08:00:34,91282CKV2,TSRYS5823596,D,S,T,2024-06-13,1000000.00,4.500913,100.34375
08:00:34,91282CKV2,TSRYS5823596,D,S,T,2024-06-13,1000000.00,4.500913,100.34375
08:00:34,91282CKV2,TSRYS5823596,D,S,T,2024-06-13,1000000.00,4.502319,100.33984375
08:00:34,91282CKV2,TSRYS5823596,D,S,T,2024-06-13,2000000.00,4.500913,100.34375
08:00:34,91282CKV2,TSRYS5823596,D,S,T,2024-06-13,1000000.00,4.499507,100.34765625
08:00:34,91282CKV2,TSRYS5823596,D,S,T,2024-06-13,1000000.00,4.499507,100.34765625
08:00:34,91282CKV2,TSRYS5823596,D,S,T,2024-06-13,1000000.00,4.499507,100.34765625
08:00:34,91282CKV2,TSRYS5823596,D,S,T,2024-06-13,1000000.00,4.499507,100.34765625
08:00:34,91282CKV2,TSRYS5823596,D,S,T,2024-06-13,1000000.00,4.498101,100.3515625
08:00:34,91282CKV2,TSRYS5823596,D,S,T,2024-06-13,1000000.00,4.49529,100.359375
08:00:34,91282CKV2,TSRYS5823596,D,S,T,2024-06-13,1000000.00,4.491073,100.37109375
08:00:34,91282CKV2,TSRYS5823596,D,S,T,2024-06-13,1000000.00,4.491073,100.37109375
08:00:34,91282CKV2,TSRYS5823596,D,S,T,2024-06-13,1000000.00,4.491073,100.37109375
08:00:34,91282CKV2,TSRYS5823596,D,S,T,2024-06-13,1000000.00,4.493884,100.36328125
08:00:34,91282CKV2,TSRYS5823596,D,S,T,2024-06-13,1000000.00,4.493884,100.36328125
08:00:34,91282CKV2,TSRYS5823596,D,S,T,2024-06-13,1000000.00,4.493884,100.36328125
08:00:34,91282CKV2,TSRYS5823596,D,S,T,2024-06-13,1000000.00,4.493884,100.36328125
08:00:34,91282CKV2,TSRYS5823596,D,S,T,2024-06-13,1000000.00,4.492478,100.3671875
08:00:34,91282CKV2,TSRYS5823596,D,S,T,2024-06-13,1000000.00,4.491073,100.37109375
08:00:34,91282CKV2,TSRYS5823596,D,S,T,2024-06-13,1000000.00,4.492478,100.3671875
08:00:34,91282CKV2,TSRYS5823596,D,S,T,2024-06-13,1000000.00,4.491073,100.37109375
08:00:34,91282CKV2,TSRYS5823596,D,S,T,2024-06-13,1000000.00,4.491073,100.37109375
08:00:34,91282CKV2,TSRYS5823596,D,S,T,2024-06-13,1000000.00,4.491073,100.37109375
08:00:34,91282CKV2,TSRYS5823596,D,S,T,2024-06-13,1000000.00,4.492478,100.3671875
08:00:34,91282CKV2,TSRYS5823596,D,S,T,2024-06-13,1000000.00,4.492478,100.3671875
08:00:34,91282CKV2,TSRYS5823596,D,S,T,2024-06-13,1000000.00,4.493884,100.36328125
08:00:34,91282CKV2,TSRYS5823596,D,S,T,2024-06-13,1000000.00,4.493884,100.36328125
08:00:34,91282CKV2,TSRYS5823596,D,S,T,2024-06-13,1000000.00,4.49529,100.359375
08:00:34,91282CKV2,TSRYS5823596,D,S,T,2024-06-13,1000000.00,4.49529,100.359375
08:00:34,91282CKV2,TSRYS5823596,D,S,T,2024-06-13,1000000.00,4.49529,100.359375
08:00:34,91282CKV2,TSRYS5823596,D,S,T,2024-06-13,1000000.00,4.49529,100.359375
08:00:34,91282CKV2,TSRYS5823596,D,S,T,2024-06-13,1000000.00,4.496695,100.35546875
08:00:34,91282CKV2,TSRYS5823596,D,S,T,2024-06-13,1000000.00,4.496695,100.35546875
08:00:34,91282CKV2,TSRYS5823596,D,S,T,2024-06-13,1000000.00,4.496695,100.35546875
08:00:34,91282CKV2,TSRYS5823596,D,S,T,2024-06-13,1000000.00,4.496695,100.35546875
08:00:34,91282CKV2,TSRYS5823596,D,S,T,2024-06-13,1000000.00,4.496695,100.35546875
08:00:34,91282CKV2,TSRYS5823596,D,S,T,2024-06-13,1000000.00,4.496695,100.35546875
08:00:34,91282CKV2,TSRYS5823596,D,S,T,2024-06-13,1000000.00,4.496695,100.35546875
08:00:34,91282CKV2,TSRYS5823596,D,S,T,2024-06-13,2000000.00,4.496695,100.35546875
08:00:34,91282CKV2,TSRYS5823596,D,S,T,2024-06-13,1000000.00,4.496695,100.35546875
08:00:34,91282CKV2,TSRYS5823596,D,S,T,2024-06-13,1000000.00,4.496695,100.35546875
08:00:34,91282CKV2,TSRYS5823596,D,S,T,2024-06-13,1000000.00,4.496695,100.35546875
08:00:34,91282CKV2,TSRYS5823596,D,S,T,2024-06-13,1000000.00,4.497398,100.353515625
08:00:34,91282CKV2,TSRYS5823596,D,S,T,2024-06-13,1000000.00,4.492478,100.3671875
08:00:34,91282CKV2,TSRYS5823596,D,S,T,2024-06-13,1000000.00,4.493884,100.36328125
08:00:34,91282CKV2,TSRYS5823596,D,S,T,2024-06-13,1000000.00,4.493884,100.36328125
08:00:34,91282CKV2,TSRYS5823596,D,S,T,2024-06-13,1000000.00,4.493884,100.36328125
08:00:34,91282CKV2,TSRYS5823596,D,S,T,2024-06-13,1000000.00,4.493884,100.36328125
08:00:34,91282CKV2,TSRYS5823596,D,S,D,2024-06-13,6000000.00,4.493884,100.36328125
08:00:34,91282CKV2,TSRYS5823596,D,S,D,2024-06-13,2000000.00,4.493884,100.36328125
08:00:34,91282CKV2,TSRYS5823596,D,S,T,2024-06-13,1000000.00,4.493884,100.36328125
08:00:34,91282CKV2,TSRYS5823596,D,S,T,2024-06-13,1000000.00,4.493884,100.36328125
08:00:34,91282CKV2,TSRYS5823596,D,S,T,2024-06-13,1000000.00,4.493884,100.36328125
08:00:34,91282CKV2,TSRYS5823596,D,S,T,2024-06-13,1000000.00,4.494587,100.361328125
08:00:34,91282CKV2,TSRYS5823596,D,S,T,2024-06-13,1000000.00,4.493884,100.36328125
08:00:34,91282CKV2,TSRYS5823596,D,S,D,2024-06-13,1000000.00,4.485451,100.38671875
08:00:34,91282CKV2,TSRYS5823596,D,S,D,2024-06-13,1000000.00,4.488964,100.376953125
08:00:34,91282CKV2,TSRYS5823596,D,S,D,2024-06-13,1000000.00,4.494587,100.361328125
08:00:34,91282CKV2,TSRYS5823596,D,S,D,2024-06-13,1000000.00,4.502319,100.33984375
08:00:34,91282CKV2,TSRYS5823596,D,S,D,2024-06-13,1000000.00,4.500913,100.34375
08:00:34,91282CKV2,TSRYS5823596,D,S,D,2024-06-13,1000000.00,4.50935,100.3203125
08:00:34,91282CKV2,TSRYS5823596,D,S,D,2024-06-13,2000000.00,4.50935,100.3203125
08:00:34,91282CKV2,TSRYS5823596,D,S,D,2024-06-13,2000000.00,4.510053,100.318359375
08:00:34,91282CKV2,TSRYS5823596,D,S,D,2024-06-13,1000000.00,4.510053,100.318359375
08:00:34,91282CKV2,TSRYS5823596,D,S,D,2024-06-13,1000000.00,4.510053,100.318359375
08:00:34,91282CKV2,TSRYS5823596,D,S,D,2024-06-13,2000000.00,4.510053,100.318359375
08:00:34,91282CKV2,TSRYS5823596,D,S,D,2024-06-13,2000000.00,4.510053,100.318359375
08:00:34,91282CKV2,TSRYS5823596,D,S,D,2024-06-13,2000000.00,4.506537,100.328125
08:00:34,91282CKV2,TSRYS5823596,D,S,D,2024-06-13,1000000.00,4.503022,100.337890625
08:00:34,91282CKV2,TSRYS5823596,D,S,D,2024-06-13,2000000.00,4.503725,100.3359375
08:00:34,91282CKV2,TSRYS5823596,D,S,D,2024-06-13,2000000.00,4.496695,100.35546875
08:00:34,91282CKV2,TSRYS5823596,D,S,D,2024-06-13,1000000.00,4.500913,100.34375
08:00:34,91282CKV2,TSRYS5823596,D,S,D,2024-06-13,1000000.00,4.500913,100.34375
08:00:34,91282CKV2,TSRYS5823596,D,S,D,2024-06-13,2000000.00,4.500913,100.34375
08:00:34,91282CKV2,TSRYS5823596,D,S,D,2024-06-13,2000000.00,4.50021,100.345703125
08:00:34,91282CKV2,TSRYS5823596,D,S,D,2024-06-13,2000000.00,4.50021,100.345703125
08:00:34,91282CKV2,TSRYS5823596,D,S,D,2024-06-13,1000000.00,4.50021,100.345703125
08:00:34,91282CKV2,TSRYS5823596,D,S,D,2024-06-13,2000000.00,4.492478,100.3671875
08:00:34,91282CKV2,TSRYS5823596,D,S,D,2024-06-13,1000000.00,4.494587,100.361328125
08:00:34,91282CKV2,TSRYS5823596,D,S,D,2024-06-13,1000000.00,4.494587,100.361328125
08:00:34,91282CKV2,TSRYS5823596,D,S,D,2024-06-13,2000000.00,4.494587,100.361328125
08:00:34,91282CKV2,TSRYS5823596,D,S,D,2024-06-13,1000000.00,4.496695,100.35546875
08:00:34,91282CKV2,TSRYS5823596,D,S,D,2024-06-13,2000000.00,4.493884,100.36328125
08:00:34,91282CKV2,TSRYS5823596,D,S,D,2024-06-13,2000000.00,4.493884,100.36328125
08:00:34,91282CKV2,TSRYS5823596,D,S,D,2024-06-13,1000000.00,4.498804,100.349609375
08:00:34,91282CKV2,TSRYS5823596,D,S,D,2024-06-13,1000000.00,4.498804,100.349609375
08:00:34,91282CKV2,TSRYS5823596,D,S,D,2024-06-13,1000000.00,4.497398,100.353515625
08:00:34,91282CKV2,TSRYS5823596,D,S,D,2024-06-13,1000000.00,4.494587,100.361328125
08:00:34,91282CKV2,TSRYS5823596,D,S,D,2024-06-13,2000000.00,4.49529,100.359375
08:00:34,91282CKV2,TSRYS5823596,D,S,D,2024-06-13,1000000.00,4.496695,100.35546875
08:00:34,91282CKV2,TSRYS5823596,D,S,D,2024-06-13,1000000.00,4.496695,100.35546875
08:00:34,91282CKV2,TSRYS5823596,D,S,D,2024-06-13,1000000.00,4.502319,100.33984375
08:00:34,91282CKV2,TSRYS5823596,D,S,D,2024-06-13,1000000.00,4.502319,100.33984375
08:00:34,91282CKV2,TSRYS5823596,D,S,D,2024-06-13,1000000.00,4.502319,100.33984375
08:00:34,91282CKV2,TSRYS5823596,D,S,D,2024-06-13,1000000.00,4.506537,100.328125
08:00:34,91282CKV2,TSRYS5823596,D,S,D,2024-06-13,1000000.00,4.506537,100.328125
08:00:34,91282CKV2,TSRYS5823596,D,S,D,2024-06-13,1000000.00,4.50935,100.3203125
08:00:34,91282CKV2,TSRYS5823596,D,S,D,2024-06-13,1000000.00,4.50935,100.3203125
08:00:34,91282CKV2,TSRYS5823596,D,S,D,2024-06-13,1000000.00,4.507944,100.32421875
08:00:34,91282CKV2,TSRYS5823596,D,S,D,2024-06-13,1000000.00,4.504428,100.333984375
08:00:34,91282CKV2,TSRYS5823596,D,S,D,2024-06-13,2000000.00,4.504428,100.333984375
08:00:34,91282CKV2,TSRYS5823596,D,S,D,2024-06-13,1000000.00,4.500913,100.34375
08:00:34,91282CKV2,TSRYS5823596,D,S,D,2024-06-13,1000000.00,4.500913,100.34375
08:00:34,91282CKV2,TSRYS5823596,D,S,D,2024-06-13,1000000.00,4.499507,100.34765625
08:00:34,91282CKV2,TSRYS5823596,D,S,D,2024-06-13,1000000.00,4.499507,100.34765625
08:00:34,91282CKV2,TSRYS5823596,D,S,D,2024-06-13,2000000.00,4.499507,100.34765625
08:00:34,91282CKV2,TSRYS5823596,D,S,D,2024-06-13,1000000.00,4.499507,100.34765625
08:00:34,91282CKV2,TSRYS5823596,D,S,D,2024-06-13,2000000.00,4.50021,100.345703125
08:00:34,91282CKV2,TSRYS5823596,D,S,D,2024-06-13,2000000.00,4.501616,100.341796875
08:00:34,91282CKV2,TSRYS5823596,D,S,D,2024-06-13,1000000.00,4.494587,100.361328125
08:00:34,91282CKV2,TSRYS5823596,D,S,D,2024-06-13,1000000.00,4.494587,100.361328125
08:00:34,91282CKV2,TSRYS5823596,D,S,D,2024-06-13,1000000.00,4.494587,100.361328125
08:00:34,91282CKV2,TSRYS5823596,D,S,D,2024-06-13,1000000.00,4.494587,100.361328125
08:00:34,91282CKV2,TSRYS5823596,D,S,D,2024-06-13,1000000.00,4.494587,100.361328125
08:00:34,91282CKV2,TSRYS5823596,D,S,D,2024-06-13,1000000.00,4.494587,100.361328125
08:00:34,91282CKV2,TSRYS5823596,D,S,D,2024-06-13,1000000.00,4.49529,100.359375
08:00:34,91282CKV2,TSRYS5823596,D,S,D,2024-06-13,1000000.00,4.496695,100.35546875
08:00:34,91282CKV2,TSRYS5823596,D,S,D,2024-06-13,1000000.00,4.495992,100.357421875
08:00:34,91282CKV2,TSRYS5823596,D,S,D,2024-06-13,1000000.00,4.495992,100.357421875
08:00:34,91282CKV2,TSRYS5823596,D,S,D,2024-06-13,1000000.00,4.495992,100.357421875
08:00:34,91282CKV2,TSRYS5823596,D,S,D,2024-06-13,1000000.00,4.496695,100.35546875
08:00:34,91282CKV2,TSRYS5823596,D,S,D,2024-06-13,1000000.00,4.496695,100.35546875
08:00:34,91282CKV2,TSRYS5823596,D,S,T,2024-06-13,1000000.00,4.488964,100.376953125
08:00:34,91282CKV2,TSRYS5823596,D,S,T,2024-06-13,1000000.00,4.488964,100.376953125
08:00:34,91282CKV2,TSRYS5823596,D,S,T,2024-06-13,2000000.00,4.488964,100.376953125
08:00:34,91282CKV2,TSRYS5823596,D,S,T,2024-06-13,1000000.00,4.488964,100.376953125
08:00:34,91282CKV2,TSRYS5823596,D,S,T,2024-06-13,1000000.00,4.488964,100.376953125
08:00:34,91282CKV2,TSRYS5823596,D,S,T,2024-06-13,1000000.00,4.487559,100.380859375
08:00:34,91282CKV2,TSRYS5823596,D,S,T,2024-06-13,1000000.00,4.489667,100.375
08:00:34,91282CKV2,TSRYS5823596,D,S,T,2024-06-13,1000000.00,4.485451,100.38671875
08:00:34,91282CKV2,TSRYS5823596,D,S,T,2024-06-13,1000000.00,4.485451,100.38671875
08:00:34,91282CKV2,TSRYS5823596,D,S,T,2024-06-13,1000000.00,4.487559,100.380859375
08:00:34,91282CKV2,TSRYS5823596,D,S,T,2024-06-13,1000000.00,4.487559,100.380859375
08:00:34,91282CKV2,TSRYS5823596,D,S,T,2024-06-13,1000000.00,4.484749,100.388671875
08:00:34,91282CKV2,TSRYS5823596,D,S,T,2024-06-13,1000000.00,4.489667,100.375
08:00:34,91282CKV2,TSRYS5823596,D,S,T,2024-06-13,1000000.00,4.489667,100.375
08:00:34,91282CKV2,TSRYS5823596,D,S,T,2024-06-13,1000000.00,4.489667,100.375
08:00:34,91282CKV2,TSRYS5823596,D,S,T,2024-06-13,1000000.00,4.489667,100.375
08:00:34,91282CKV2,TSRYS5823596,D,S,T,2024-06-13,1000000.00,4.49037,100.373046875
08:00:34,91282CKV2,TSRYS5823596,D,S,T,2024-06-13,1000000.00,4.496695,100.35546875
08:00:34,91282CKV2,TSRYS5823596,D,S,T,2024-06-13,2000000.00,4.497398,100.353515625
08:00:34,91282CKV2,TSRYS5823596,D,S,T,2024-06-13,2000000.00,4.498804,100.349609375
08:00:34,91282CKV2,TSRYS5823596,D,S,T,2024-06-13,1000000.00,4.494587,100.361328125
08:00:34,91282CKV2,TSRYS5823596,D,S,T,2024-06-13,1000000.00,4.500913,100.34375
08:00:34,91282CKV2,TSRYS5823596,D,S,T,2024-06-13,1000000.00,4.500913,100.34375
08:00:34,91282CKV2,TSRYS5823596,D,S,T,2024-06-13,1000000.00,4.505131,100.33203125
08:00:34,91282CKV2,TSRYS5823596,D,S,T,2024-06-13,1000000.00,4.506537,100.328125
08:00:34,91282CKV2,TSRYS5823596,D,S,T,2024-06-13,1000000.00,4.506537,100.328125
08:00:34,91282CKV2,TSRYS5823596,D,S,T,2024-06-13,2000000.00,4.512163,100.3125
08:00:34,91282CKV2,TSRYS5823596,D,S,T,2024-06-13,1000000.00,4.512163,100.3125
08:00:34,91282CKV2,TSRYS5823596,D,S,T,2024-06-13,1000000.00,4.503022,100.337890625
08:00:34,91282CKV2,TSRYS5823596,D,S,T,2024-06-13,1000000.00,4.510053,100.318359375
08:00:34,91282CKV2,TSRYS5823596,D,S,T,2024-06-13,1000000.00,4.510053,100.318359375
08:00:34,91282CKV2,TSRYS5823596,D,S,T,2024-06-13,1000000.00,4.512163,100.3125
08:00:34,91282CKV2,TSRYS5823596,D,S,T,2024-06-13,1000000.00,4.510053,100.318359375
08:00:34,91282CKV2,TSRYS5823596,D,S,T,2024-06-13,1000000.00,4.510053,100.318359375
08:00:34,91282CKV2,TSRYS5823596,D,S,T,2024-06-13,2000000.00,4.510053,100.318359375
08:00:34,91282CKV2,TSRYS5823596,D,S,T,2024-06-13,2000000.00,4.503725,100.3359375
08:00:34,91282CKV2,TSRYS5823596,D,S,T,2024-06-13,2000000.00,4.503725,100.3359375
08:00:34,91282CKV2,TSRYS5823596,D,S,T,2024-06-13,1000000.00,4.497398,100.353515625
08:00:34,91282CKV2,TSRYS5823596,D,S,T,2024-06-13,2000000.00,4.497398,100.353515625
08:00:34,91282CKV2,TSRYS5823596,D,S,T,2024-06-13,1000000.00,4.498101,100.3515625
08:00:34,91282CKV2,TSRYS5823596,D,S,T,2024-06-13,1000000.00,4.498101,100.3515625
08:00:34,91282CKV2,TSRYS5823596,D,S,T,2024-06-13,1000000.00,4.498804,100.349609375
08:00:34,91282CKV2,TSRYS5823596,D,S,T,2024-06-13,2000000.00,4.498101,100.3515625
08:00:34,91282CKV2,TSRYS5823596,D,S,T,2024-06-13,2000000.00,4.500913,100.34375
08:00:34,91282CKV2,TSRYS5823596,D,S,T,2024-06-13,2000000.00,4.501616,100.341796875
08:00:34,91282CKV2,TSRYS5823596,D,S,T,2024-06-13,2000000.00,4.494587,100.361328125
08:00:34,91282CKV2,TSRYS5823596,D,S,T,2024-06-13,1000000.00,4.494587,100.361328125
08:00:34,91282CKV2,TSRYS5823596,D,S,T,2024-06-13,1000000.00,4.494587,100.361328125
08:00:34,91282CKV2,TSRYS5823596,D,S,T,2024-06-13,1000000.00,4.496695,100.35546875
08:00:34,91282CKV2,TSRYS5823596,D,S,T,2024-06-13,1000000.00,4.495992,100.357421875
08:00:34,91282CKV2,TSRYS5823596,D,S,D,2024-06-13,1000000.00,4.500913,100.34375
08:00:34,91282CKV2,TSRYS5823596,D,S,D,2024-06-13,1000000.00,4.500913,100.34375
08:00:34,91282CKV2,TSRYS5823596,D,S,D,2024-06-13,1000000.00,4.502319,100.33984375
08:00:34,91282CKV2,TSRYS5823596,D,S,D,2024-06-13,1000000.00,4.500913,100.34375
08:00:34,91282CKV2,TSRYS5823596,D,S,D,2024-06-13,100000.00,4.49529,100.359375
08:00:34,91282CKV2,TSRYS5823596,D,S,A,2024-06-13,2000000.00,4.505131,100.332031
08:00:34,91282CKV2,TSRYS5823596,D,B,A,2024-06-13,5200000.00,4.50935,100.320313
08:00:34,91282CKV2,TSRYS5823596,D,B,A,2024-06-13,200000.00,4.512163,100.3125
08:00:38,91282CKV2,TSRYS5823596,D,S,D,2024-06-13,1000000.00,4.512163,100.3125
08:00:38,91282CKV2,TSRYS5823596,D,S,T,2024-06-13,1000000.00,4.489667,100.375
08:00:38,91282CKV2,TSRYS5823596,D,S,T,2024-06-13,1000000.00,4.488964,100.376953125
08:00:38,91282CKV2,TSRYS5823596,D,S,T,2024-06-13,1000000.00,4.489667,100.375
08:00:38,91282CKV2,TSRYS5823596,D,B,C,2024-06-13,1000000.00,4.506537,100.328125
08:00:38,91282CKV2,TSRYS5823596,D,S,T,2024-06-13,1000000.00,4.506537,100.328125
08:00:38,91282CKV2,TSRYS5823596,D,S,D,2024-06-13,2000000.00,4.506537,100.328125
08:00:38,91282CKV2,TSRYS5823596,D,S,D,2024-06-13,1000000.00,4.506537,100.328125
08:00:38,91282CKV2,TSRYS5823596,D,S,D,2024-06-13,2000000.00,4.492478,100.3671875
08:00:38,91282CKV2,TSRYS5823596,D,S,T,2024-06-13,1000000.00,4.489667,100.375
08:00:38,91282CKV2,TSRYS5823596,D,S,T,2024-06-13,5000000.00,4.486856,100.3828125
08:00:38,91282CKV2,TSRYS5823596,D,S,T,2024-06-13,3000000.00,4.485451,100.38671875
08:00:38,91282CKV2,TSRYS5823596,D,S,T,2024-06-13,3000000.00,4.486154,100.384765625
08:00:38,91282CKV2,TSRYS5823596,D,S,T,2024-06-13,5000000.00,4.487559,100.380859375
08:00:38,91282CKV2,TSRYS5823596,D,S,T,2024-06-13,1000000.00,4.486154,100.384765625
08:00:38,91282CKV2,TSRYS5823596,D,S,T,2024-06-13,1000000.00,4.486856,100.3828125
08:00:38,91282CKV2,TSRYS5823596,D,S,T,2024-06-13,1000000.00,4.487559,100.380859375
08:00:38,91282CKV2,TSRYS5823596,D,S,T,2024-06-13,1000000.00,4.486856,100.3828125
08:00:38,91282CKV2,TSRYS5823596,D,S,T,2024-06-13,1000000.00,4.487559,100.380859375
08:00:38,91282CKV2,TSRYS5823596,D,S,T,2024-06-13,1000000.00,4.486856,100.3828125
08:00:38,91282CKV2,TSRYS5823596,D,S,T,2024-06-13,1000000.00,4.487559,100.380859375
08:00:38,91282CKV2,TSRYS5823596,D,S,T,2024-06-13,1000000.00,4.487559,100.380859375
08:00:38,91282CKV2,TSRYS5823596,D,S,T,2024-06-13,1000000.00,4.485451,100.38671875
08:00:38,91282CKV2,TSRYS5823596,D,S,T,2024-06-13,1000000.00,4.485451,100.38671875
08:00:38,91282CKV2,TSRYS5823596,D,S,T,2024-06-13,1000000.00,4.485451,100.38671875
08:00:38,91282CKV2,TSRYS5823596,D,S,T,2024-06-13,1000000.00,4.486856,100.3828125
08:00:38,91282CKV2,TSRYS5823596,D,S,T,2024-06-13,1000000.00,4.486856,100.3828125
08:00:38,91282CKV2,TSRYS5823596,D,S,T,2024-06-13,1000000.00,4.486856,100.3828125
08:00:38,91282CKV2,TSRYS5823596,D,S,T,2024-06-13,1000000.00,4.486856,100.3828125
08:00:38,91282CKV2,TSRYS5823596,D,S,T,2024-06-13,1000000.00,4.486856,100.3828125
08:00:38,91282CKV2,TSRYS5823596,D,S,T,2024-06-13,1000000.00,4.486856,100.3828125
08:00:38,91282CKV2,TSRYS5823596,D,S,T,2024-06-13,1000000.00,4.486856,100.3828125
08:00:38,91282CKV2,TSRYS5823596,D,S,T,2024-06-13,1000000.00,4.485451,100.38671875
08:00:38,91282CKV2,TSRYS5823596,D,S,T,2024-06-13,1000000.00,4.486856,100.3828125
08:00:38,91282CKV2,TSRYS5823596,D,S,T,2024-06-13,1000000.00,4.485451,100.38671875
08:00:38,91282CKV2,TSRYS5823596,D,S,T,2024-06-13,1000000.00,4.486856,100.3828125
08:00:38,91282CKV2,TSRYS5823596,D,S,T,2024-06-13,1000000.00,4.49037,100.373046875
08:00:38,91282CKV2,TSRYS5823596,D,S,T,2024-06-13,1000000.00,4.502319,100.33984375
08:00:38,91282CKV2,TSRYS5823596,D,S,T,2024-06-13,5000000.00,4.502319,100.33984375
08:00:38,91282CKV2,TSRYS5823596,D,S,T,2024-06-13,5000000.00,4.502319,100.33984375
08:00:38,91282CKV2,TSRYS5823596,D,S,T,2024-06-13,5000000.00,4.502319,100.33984375
08:00:38,91282CKV2,TSRYS5823596,D,S,T,2024-06-13,5000000.00,4.502319,100.33984375
08:00:38,91282CKV2,TSRYS5823596,D,S,T,2024-06-13,1000000.00,4.502319,100.33984375
08:00:38,91282CKV2,TSRYS5823596,D,S,T,2024-06-13,1000000.00,4.502319,100.33984375
08:00:38,91282CKV2,TSRYS5823596,D,S,T,2024-06-13,5000000.00,4.502319,100.33984375
08:00:38,91282CKV2,TSRYS5823596,D,S,T,2024-06-13,5000000.00,4.502319,100.33984375
08:00:38,91282CKV2,TSRYS5823596,D,S,T,2024-06-13,1000000.00,4.502319,100.33984375
08:00:38,91282CKV2,TSRYS5823596,D,S,T,2024-06-13,1000000.00,4.502319,100.33984375
08:00:38,91282CKV2,TSRYS5823596,D,S,T,2024-06-13,1000000.00,4.502319,100.33984375
08:00:38,91282CKV2,TSRYS5823596,D,S,T,2024-06-13,1000000.00,4.502319,100.33984375
08:00:38,91282CKV2,TSRYS5823596,D,S,T,2024-06-13,3000000.00,4.502319,100.33984375
08:00:38,91282CKV2,TSRYS5823596,D,S,T,2024-06-13,1000000.00,4.502319,100.33984375
08:00:38,91282CKV2,TSRYS5823596,D,S,T,2024-06-13,1000000.00,4.502319,100.33984375
08:00:38,91282CKV2,TSRYS5823596,D,S,T,2024-06-13,1000000.00,4.502319,100.33984375
08:00:38,91282CKV2,TSRYS5823596,D,S,T,2024-06-13,2000000.00,4.502319,100.33984375
08:00:38,91282CKV2,TSRYS5823596,D,S,T,2024-06-13,1000000.00,4.502319,100.33984375
08:00:38,91282CKV2,TSRYS5823596,D,S,T,2024-06-13,1000000.00,4.502319,100.33984375
08:00:38,91282CKV2,TSRYS5823596,D,S,T,2024-06-13,2000000.00,4.502319,100.33984375
08:00:38,91282CKV2,TSRYS5823596,D,S,T,2024-06-13,1000000.00,4.502319,100.33984375
08:00:38,91282CKV2,TSRYS5823596,D,S,T,2024-06-13,1000000.00,4.502319,100.33984375
08:00:38,91282CKV2,TSRYS5823596,D,S,T,2024-06-13,1000000.00,4.502319,100.33984375
08:00:38,91282CKV2,TSRYS5823596,D,S,T,2024-06-13,1000000.00,4.502319,100.33984375
08:00:38,91282CKV2,TSRYS5823596,D,S,T,2024-06-13,1000000.00,4.502319,100.33984375
08:00:38,91282CKV2,TSRYS5823596,D,S,T,2024-06-13,1000000.00,4.502319,100.33984375
08:00:38,91282CKV2,TSRYS5823596,D,S,T,2024-06-13,2000000.00,4.502319,100.33984375
08:00:38,91282CKV2,TSRYS5823596,D,S,T,2024-06-13,1000000.00,4.502319,100.33984375
08:00:38,91282CKV2,TSRYS5823596,D,S,T,2024-06-13,1000000.00,4.502319,100.33984375
08:00:38,91282CKV2,TSRYS5823596,D,S,T,2024-06-13,1000000.00,4.502319,100.33984375
08:00:38,91282CKV2,TSRYS5823596,D,S,T,2024-06-13,3000000.00,4.502319,100.33984375
08:00:38,91282CKV2,TSRYS5823596,D,S,T,2024-06-13,1000000.00,4.502319,100.33984375
08:00:38,91282CKV2,TSRYS5823596,D,S,T,2024-06-13,1000000.00,4.502319,100.33984375
08:00:38,91282CKV2,TSRYS5823596,D,S,T,2024-06-13,1000000.00,4.502319,100.33984375
08:00:38,91282CKV2,TSRYS5823596,D,S,T,2024-06-13,1000000.00,4.502319,100.33984375
08:00:38,91282CKV2,TSRYS5823596,D,S,T,2024-06-13,1000000.00,4.502319,100.33984375
08:00:38,91282CKV2,TSRYS5823596,D,S,T,2024-06-13,1000000.00,4.502319,100.33984375
08:00:38,91282CKV2,TSRYS5823596,D,S,T,2024-06-13,4000000.00,4.502319,100.33984375
08:00:38,91282CKV2,TSRYS5823596,D,S,T,2024-06-13,4000000.00,4.502319,100.33984375
08:00:38,91282CKV2,TSRYS5823596,D,S,T,2024-06-13,1000000.00,4.502319,100.33984375
08:00:38,91282CKV2,TSRYS5823596,D,S,T,2024-06-13,1000000.00,4.502319,100.33984375
08:00:38,91282CKV2,TSRYS5823596,D,S,T,2024-06-13,1000000.00,4.502319,100.33984375
08:00:38,91282CKV2,TSRYS5823596,D,S,T,2024-06-13,1000000.00,4.502319,100.33984375
08:00:38,91282CKV2,TSRYS5823596,D,S,T,2024-06-13,1000000.00,4.502319,100.33984375
08:00:38,91282CKV2,TSRYS5823596,D,S,T,2024-06-13,1000000.00,4.502319,100.33984375
08:00:38,91282CKV2,TSRYS5823596,D,S,T,2024-06-13,1000000.00,4.502319,100.33984375
08:00:38,91282CKV2,TSRYS5823596,D,S,T,2024-06-13,1000000.00,4.502319,100.33984375
08:00:38,91282CKV2,TSRYS5823596,D,S,T,2024-06-13,1000000.00,4.502319,100.33984375
08:00:38,91282CKV2,TSRYS5823596,D,S,T,2024-06-13,4000000.00,4.502319,100.33984375
08:00:38,91282CKV2,TSRYS5823596,D,S,T,2024-06-13,1000000.00,4.502319,100.33984375
08:00:38,91282CKV2,TSRYS5823596,D,S,T,2024-06-13,1000000.00,4.502319,100.33984375
08:00:38,91282CKV2,TSRYS5823596,D,S,T,2024-06-13,1000000.00,4.502319,100.33984375
08:00:42,91282CKV2,TSRYS5823596,D,S,T,2024-06-13,1000000.00,4.502319,100.33984375
08:00:42,91282CKV2,TSRYS5823596,D,S,T,2024-06-13,5000000.00,4.502319,100.33984375
08:00:42,91282CKV2,TSRYS5823596,D,S,T,2024-06-13,5000000.00,4.502319,100.33984375
08:00:42,91282CKV2,TSRYS5823596,D,S,T,2024-06-13,1000000.00,4.502319,100.33984375
08:00:42,91282CKV2,TSRYS5823596,D,S,T,2024-06-13,1000000.00,4.502319,100.33984375
08:00:42,91282CKV2,TSRYS5823596,D,S,A,2024-06-13,1400000.00,4.507944,100.32421875
08:00:42,91282CKV2,TSRYS5823596,D,S,C,2024-06-13,9000000.00,4.506537,100.328125
08:00:42,91282CKV2,TSRYS5823596,D,S,C,2024-06-13,17500000.00,4.50935,100.3203125
08:00:42,91282CKV2,TSRYS5823596,D,S,D,2024-06-13,2000000.00,4.505131,100.33203125
08:00:42,91282CKV2,TSRYS5823596,D,S,T,2024-06-13,2000000.00,4.505131,100.33203125
08:00:42,91282CKV2,TSRYS5823596,D,S,T,2024-06-13,2000000.00,4.504428,100.333984375
08:00:42,91282CKV2,TSRYS5823596,D,S,T,2024-06-13,1000000.00,4.505131,100.33203125
08:00:42,91282CKV2,TSRYS5823596,D,S,T,2024-06-13,1000000.00,4.505131,100.33203125
08:00:42,91282CKV2,TSRYS5823596,D,S,T,2024-06-13,1000000.00,4.505131,100.33203125
08:00:42,91282CKV2,TSRYS5823596,D,S,T,2024-06-13,1000000.00,4.505131,100.33203125
08:00:42,91282CKV2,TSRYS5823596,D,S,T,2024-06-13,1000000.00,4.505131,100.33203125
08:00:42,91282CKV2,TSRYS5823596,D,S,T,2024-06-13,2000000.00,4.505131,100.33203125
08:00:42,91282CKV2,TSRYS5823596,D,S,T,2024-06-13,2000000.00,4.505131,100.33203125
08:00:42,91282CKV2,TSRYS5823596,D,S,T,2024-06-13,1000000.00,4.505131,100.33203125
08:00:42,91282CKV2,TSRYS5823596,D,S,T,2024-06-13,4000000.00,4.505131,100.33203125
08:00:42,91282CKV2,TSRYS5823596,D,S,T,2024-06-13,1000000.00,4.505131,100.33203125
08:00:42,91282CKV2,TSRYS5823596,D,S,T,2024-06-13,1000000.00,4.505131,100.33203125
08:00:42,91282CKV2,TSRYS5823596,D,S,C,2024-06-13,3750000.00,4.510757,100.31640625
08:00:42,91282CKV2,TSRYS5823596,D,S,T,2024-06-13,1000000.00,4.499507,100.34765625
08:00:42,91282CKV2,TSRYS5823596,D,S,T,2024-06-13,5000000.00,4.496695,100.35546875
08:00:42,91282CKV2,TSRYS5823596,D,S,T,2024-06-13,1000000.00,4.499507,100.34765625
08:00:42,91282CKV2,TSRYS5823596,D,S,T,2024-06-13,1000000.00,4.493884,100.36328125
08:00:42,91282CKV2,TSRYS5823596,D,S,T,2024-06-13,1000000.00,4.491073,100.37109375
08:00:42,91282CKV2,TSRYS5823596,D,S,A,2024-06-13,11000000.00,4.491073,100.37109375
08:00:42,91282CKV2,TSRYS5823596,D,S,A,2024-06-13,1000000.00,4.491073,100.37109375
08:00:42,91282CKV2,TSRYS5823596,D,S,A,2024-06-13,11000000.00,4.491073,100.37109375
08:00:42,91282CKV2,TSRYS5823596,D,S,A,2024-06-13,1000000.00,4.491073,100.37109375
08:00:42,91282CKV2,TSRYS5823596,D,S,A,2024-06-13,1000000.00,4.491073,100.37109375
08:00:42,91282CKV2,TSRYS5823596,D,S,A,2024-06-13,2000000.00,4.491073,100.37109375
08:00:42,91282CKV2,TSRYS5823596,D,S,A,2024-06-13,1000000.00,4.491073,100.37109375
08:00:42,91282CKV2,TSRYS5823596,D,S,A,2024-06-13,1000000.00,4.491073,100.37109375
08:00:42,91282CKV2,TSRYS5823596,D,S,A,2024-06-13,1000000.00,4.491073,100.37109375
08:00:42,91282CKV2,TSRYS5823596,D,S,A,2024-06-13,1000000.00,4.491073,100.37109375
08:00:42,91282CKV2,TSRYS5823596,D,S,A,2024-06-13,1000000.00,4.491073,100.37109375
08:00:42,91282CKV2,TSRYS5823596,D,S,A,2024-06-13,2000000.00,4.491073,100.37109375
08:00:42,91282CKV2,TSRYS5823596,D,S,A,2024-06-13,3000000.00,4.491073,100.37109375
08:00:42,91282CKV2,TSRYS5823596,D,S,A,2024-06-13,1000000.00,4.491073,100.37109375
08:00:42,91282CKV2,TSRYS5823596,D,S,A,2024-06-13,1000000.00,4.491073,100.37109375
08:00:42,91282CKV2,TSRYS5823596,D,S,A,2024-06-13,1000000.00,4.491073,100.37109375
08:00:42,91282CKV2,TSRYS5823596,D,S,C,2024-06-13,5000000.00,4.502319,100.33984375
08:00:42,91282CKV2,TSRYS5823596,D,S,A,2024-06-13,5000000.00,4.50935,100.3203125
08:00:42,91282CKV2,TSRYS5823596,D,B,C,2024-06-13,100000000.00,4.489775,100.3747
08:00:43,91282CKV2,TSRYS5823596,D,S,D,2024-06-13,1000000.00,4.50935,100.3203125
08:00:43,91282CKV2,TSRYS5823596,D,S,T,2024-06-13,1000000.00,4.502319,100.33984375
08:00:43,91282CKV2,TSRYS5823596,D,S,T,2024-06-13,2000000.00,4.502319,100.33984375
08:00:43,91282CKV2,TSRYS5823596,D,S,T,2024-06-13,2000000.00,4.502319,100.33984375
08:00:43,91282CKV2,TSRYS5823596,D,S,T,2024-06-13,2000000.00,4.502319,100.33984375
08:00:43,91282CKV2,TSRYS5823596,D,S,T,2024-06-13,1000000.00,4.502319,100.33984375
08:00:43,91282CKV2,TSRYS5823596,D,S,T,2024-06-13,1000000.00,4.502319,100.33984375
08:00:43,91282CKV2,TSRYS5823596,D,S,T,2024-06-13,1000000.00,4.502319,100.33984375
08:00:43,91282CKV2,TSRYS5823596,D,S,T,2024-06-13,1000000.00,4.502319,100.33984375
08:00:43,91282CKV2,TSRYS5823596,D,S,T,2024-06-13,9000000.00,4.502319,100.33984375
08:00:43,91282CKV2,TSRYS5823596,D,S,T,2024-06-13,1000000.00,4.502319,100.33984375
08:00:43,91282CKV2,TSRYS5823596,D,S,T,2024-06-13,1000000.00,4.502319,100.33984375
08:00:43,91282CKV2,TSRYS5823596,D,S,T,2024-06-13,1000000.00,4.502319,100.33984375
08:00:43,91282CKV2,TSRYS5823596,D,S,T,2024-06-13,1000000.00,4.502319,100.33984375
08:00:43,91282CKV2,TSRYS5823596,D,S,T,2024-06-13,1000000.00,4.502319,100.33984375
08:00:43,91282CKV2,TSRYS5823596,D,S,T,2024-06-13,1000000.00,4.502319,100.33984375
08:00:43,91282CKV2,TSRYS5823596,D,S,T,2024-06-13,1000000.00,4.502319,100.33984375
08:00:43,91282CKV2,TSRYS5823596,D,S,T,2024-06-13,1000000.00,4.502319,100.33984375
08:00:43,91282CKV2,TSRYS5823596,D,S,T,2024-06-13,1000000.00,4.502319,100.33984375
08:00:43,91282CKV2,TSRYS5823596,D,S,T,2024-06-13,1000000.00,4.502319,100.33984375
08:00:43,91282CKV2,TSRYS5823596,D,S,T,2024-06-13,1000000.00,4.502319,100.33984375
08:00:43,91282CKV2,TSRYS5823596,D,S,T,2024-06-13,1000000.00,4.502319,100.33984375
08:00:43,91282CKV2,TSRYS5823596,D,S,T,2024-06-13,1000000.00,4.502319,100.33984375
08:00:43,91282CKV2,TSRYS5823596,D,S,T,2024-06-13,1000000.00,4.502319,100.33984375
08:00:43,91282CKV2,TSRYS5823596,D,S,T,2024-06-13,1000000.00,4.502319,100.33984375
08:00:43,91282CKV2,TSRYS5823596,D,S,T,2024-06-13,1000000.00,4.502319,100.33984375
08:00:43,91282CKV2,TSRYS5823596,D,S,T,2024-06-13,1000000.00,4.502319,100.33984375
08:00:43,91282CKV2,TSRYS5823596,D,S,T,2024-06-13,1000000.00,4.502319,100.33984375
08:00:43,91282CKV2,TSRYS5823596,D,S,T,2024-06-13,1000000.00,4.502319,100.33984375
08:00:43,91282CKV2,TSRYS5823596,D,S,T,2024-06-13,1000000.00,4.502319,100.33984375
08:00:43,91282CKV2,TSRYS5823596,D,S,T,2024-06-13,1000000.00,4.502319,100.33984375
08:00:43,91282CKV2,TSRYS5823596,D,S,T,2024-06-13,1000000.00,4.502319,100.33984375
08:00:43,91282CKV2,TSRYS5823596,D,S,T,2024-06-13,1000000.00,4.502319,100.33984375
08:00:43,91282CKV2,TSRYS5823596,D,S,T,2024-06-13,1000000.00,4.502319,100.33984375
08:00:43,91282CKV2,TSRYS5823596,D,S,T,2024-06-13,1000000.00,4.502319,100.33984375
08:00:43,91282CKV2,TSRYS5823596,D,S,T,2024-06-13,1000000.00,4.502319,100.33984375
08:00:43,91282CKV2,TSRYS5823596,D,S,T,2024-06-13,1000000.00,4.502319,100.33984375
08:00:43,91282CKV2,TSRYS5823596,D,S,T,2024-06-13,1000000.00,4.502319,100.33984375
08:00:43,91282CKV2,TSRYS5823596,D,S,T,2024-06-13,1000000.00,4.502319,100.33984375
08:00:43,91282CKV2,TSRYS5823596,D,S,T,2024-06-13,1000000.00,4.502319,100.33984375
08:00:43,91282CKV2,TSRYS5823596,D,S,T,2024-06-13,1000000.00,4.502319,100.33984375
08:00:43,91282CKV2,TSRYS5823596,D,S,T,2024-06-13,1000000.00,4.502319,100.33984375
08:00:43,91282CKV2,TSRYS5823596,D,S,T,2024-06-13,1000000.00,4.500913,100.34375
08:00:43,91282CKV2,TSRYS5823596,D,S,T,2024-06-13,1000000.00,4.502319,100.33984375
08:00:43,91282CKV2,TSRYS5823596,D,S,T,2024-06-13,1000000.00,4.502319,100.33984375
08:00:43,91282CKV2,TSRYS5823596,D,S,T,2024-06-13,1000000.00,4.502319,100.33984375
08:00:43,91282CKV2,TSRYS5823596,D,S,T,2024-06-13,1000000.00,4.502319,100.33984375
08:00:43,91282CKV2,TSRYS5823596,D,S,T,2024-06-13,1000000.00,4.502319,100.33984375
08:00:43,91282CKV2,TSRYS5823596,D,S,T,2024-06-13,1000000.00,4.502319,100.33984375
08:00:43,91282CKV2,TSRYS5823596,D,S,T,2024-06-13,1000000.00,4.502319,100.33984375
08:00:43,91282CKV2,TSRYS5823596,D,S,T,2024-06-13,1000000.00,4.502319,100.33984375
08:00:43,91282CKV2,TSRYS5823596,D,S,T,2024-06-13,1000000.00,4.502319,100.33984375
08:00:43,91282CKV2,TSRYS5823596,D,S,T,2024-06-13,1000000.00,4.502319,100.33984375
08:00:43,91282CKV2,TSRYS5823596,D,S,T,2024-06-13,1000000.00,4.502319,100.33984375
08:00:43,91282CKV2,TSRYS5823596,D,S,T,2024-06-13,1000000.00,4.502319,100.33984375
08:00:43,91282CKV2,TSRYS5823596,D,S,T,2024-06-13,1000000.00,4.502319,100.33984375
08:00:43,91282CKV2,TSRYS5823596,D,S,T,2024-06-13,1000000.00,4.502319,100.33984375
08:00:44,91282CKV2,TSRYS5823596,D,S,T,2024-06-13,1000000.00,4.502319,100.33984375
08:00:44,91282CKV2,TSRYS5823596,D,S,T,2024-06-13,1000000.00,4.502319,100.33984375
08:00:44,91282CKV2,TSRYS5823596,D,S,D,2024-06-13,2000000.00,4.50935,100.3203125
08:00:44,91282CKV2,TSRYS5823596,D,S,D,2024-06-13,2000000.00,4.510053,100.318359375
08:00:44,91282CKV2,TSRYS5823596,D,S,D,2024-06-13,2000000.00,4.50935,100.3203125
08:00:44,91282CKV2,TSRYS5823596,D,S,D,2024-06-13,1000000.00,4.512163,100.3125
08:00:44,91282CKV2,TSRYS5823596,D,S,T,2024-06-13,1000000.00,4.512163,100.3125
08:00:44,91282CKV2,TSRYS5823596,D,S,T,2024-06-13,1000000.00,4.512163,100.3125
08:00:44,91282CKV2,TSRYS5823596,D,S,T,2024-06-13,1000000.00,4.512163,100.3125
08:00:44,91282CKV2,TSRYS5823596,D,S,T,2024-06-13,2000000.00,4.512163,100.3125
08:00:44,91282CKV2,TSRYS5823596,D,S,T,2024-06-13,1000000.00,4.512163,100.3125
08:00:44,91282CKV2,TSRYS5823596,D,S,T,2024-06-13,1000000.00,4.512163,100.3125
08:00:44,91282CKV2,TSRYS5823596,D,S,T,2024-06-13,1000000.00,4.512163,100.3125
08:00:44,91282CKV2,TSRYS5823596,D,S,T,2024-06-13,1000000.00,4.512163,100.3125
08:00:44,91282CKV2,TSRYS5823596,D,S,T,2024-06-13,1000000.00,4.512163,100.3125
08:00:44,91282CKV2,TSRYS5823596,D,S,T,2024-06-13,1000000.00,4.512163,100.3125
08:00:44,91282CKV2,TSRYS5823596,D,S,T,2024-06-13,1000000.00,4.512163,100.3125
08:00:44,91282CKV2,TSRYS5823596,D,S,T,2024-06-13,1000000.00,4.512163,100.3125
08:00:44,91282CKV2,TSRYS5823596,D,S,T,2024-06-13,1000000.00,4.512163,100.3125
08:00:44,91282CKV2,TSRYS5823596,D,S,T,2024-06-13,1000000.00,4.512163,100.3125
08:00:44,91282CKV2,TSRYS5823596,D,S,T,2024-06-13,1000000.00,4.512163,100.3125
08:00:44,91282CKV2,TSRYS5823596,D,S,T,2024-06-13,1000000.00,4.512163,100.3125
08:00:44,91282CKV2,TSRYS5823596,D,S,T,2024-06-13,1000000.00,4.512163,100.3125
08:00:44,91282CKV2,TSRYS5823596,D,S,T,2024-06-13,1000000.00,4.512163,100.3125
08:00:44,91282CKV2,TSRYS5823596,D,S,T,2024-06-13,1000000.00,4.512163,100.3125
08:00:44,91282CKV2,TSRYS5823596,D,S,T,2024-06-13,1000000.00,4.507944,100.32421875
08:00:44,91282CKV2,TSRYS5823596,D,S,T,2024-06-13,1000000.00,4.507944,100.32421875
08:00:44,91282CKV2,TSRYS5823596,D,S,T,2024-06-13,1000000.00,4.507944,100.32421875
08:00:44,91282CKV2,TSRYS5823596,D,S,T,2024-06-13,1000000.00,4.507944,100.32421875
08:00:45,91282CKV2,TSRYS5823596,D,S,T,2024-06-13,1000000.00,4.507944,100.32421875
08:00:45,91282CKV2,TSRYS5823596,D,S,T,2024-06-13,2000000.00,4.507944,100.32421875
08:00:45,91282CKV2,TSRYS5823596,D,S,T,2024-06-13,1000000.00,4.507944,100.32421875
08:00:45,91282CKV2,TSRYS5823596,D,S,T,2024-06-13,1000000.00,4.507944,100.32421875
08:00:45,91282CKV2,TSRYS5823596,D,S,T,2024-06-13,1000000.00,4.507944,100.32421875
08:00:45,91282CKV2,TSRYS5823596,D,S,T,2024-06-13,1000000.00,4.507944,100.32421875
08:00:45,91282CKV2,TSRYS5823596,D,S,T,2024-06-13,1000000.00,4.507944,100.32421875
08:00:45,91282CKV2,TSRYS5823596,D,S,T,2024-06-13,1000000.00,4.507944,100.32421875
08:00:45,91282CKV2,TSRYS5823596,D,S,T,2024-06-13,1000000.00,4.507944,100.32421875
08:00:45,91282CKV2,TSRYS5823596,D,S,T,2024-06-13,1000000.00,4.507944,100.32421875
08:00:45,91282CKV2,TSRYS5823596,D,S,T,2024-06-13,1000000.00,4.507944,100.32421875
08:00:45,91282CKV2,TSRYS5823596,D,S,T,2024-06-13,1000000.00,4.507944,100.32421875
08:00:45,91282CKV2,TSRYS5823596,D,S,T,2024-06-13,1000000.00,4.507944,100.32421875
08:00:45,91282CKV2,TSRYS5823596,D,S,T,2024-06-13,1000000.00,4.507944,100.32421875
08:00:45,91282CKV2,TSRYS5823596,D,S,D,2024-06-13,2000000.00,4.510053,100.318359375
08:00:45,91282CKV2,TSRYS5823596,D,S,T,2024-06-13,1000000.00,4.507944,100.32421875
08:00:45,91282CKV2,TSRYS5823596,D,S,T,2024-06-13,1000000.00,4.507944,100.32421875
08:00:45,91282CKV2,TSRYS5823596,D,S,T,2024-06-13,1000000.00,4.507944,100.32421875
08:00:45,91282CKV2,TSRYS5823596,D,S,T,2024-06-13,1000000.00,4.507944,100.32421875
08:00:45,91282CKV2,TSRYS5823596,D,S,T,2024-06-13,1000000.00,4.507944,100.32421875
08:00:45,91282CKV2,TSRYS5823596,D,S,T,2024-06-13,1000000.00,4.507944,100.32421875
08:00:45,91282CKV2,TSRYS5823596,D,S,T,2024-06-13,1000000.00,4.507944,100.32421875
08:00:45,91282CKV2,TSRYS5823596,D,S,T,2024-06-13,1000000.00,4.507944,100.32421875
08:00:45,91282CKV2,TSRYS5823596,D,S,T,2024-06-13,1000000.00,4.507944,100.32421875
08:00:45,91282CKV2,TSRYS5823596,D,S,T,2024-06-13,1000000.00,4.507944,100.32421875
08:00:45,91282CKV2,TSRYS5823596,D,S,T,2024-06-13,1000000.00,4.507944,100.32421875
08:00:45,91282CKV2,TSRYS5823596,D,S,T,2024-06-13,1000000.00,4.507944,100.32421875
08:00:45,91282CKV2,TSRYS5823596,D,S,T,2024-06-13,1000000.00,4.507944,100.32421875
08:00:45,91282CKV2,TSRYS5823596,D,S,T,2024-06-13,1000000.00,4.507944,100.32421875
08:00:46,91282CKV2,TSRYS5823596,D,S,D,2024-06-13,2000000.00,4.510053,100.318359375
08:00:46,91282CKV2,TSRYS5823596,D,S,D,2024-06-13,32000000.00,4.508275,100.3233
08:00:47,91282CKV2,TSRYS5823596,D,S,D,2024-06-13,2000000.00,4.507944,100.32421875
08:00:47,91282CKV2,TSRYS5823596,D,S,T,2024-06-13,1000000.00,4.49392,100.36318125
08:00:47,91282CKV2,TSRYS5823596,D,S,D,2024-06-13,2000000.00,4.507944,100.32421875
08:00:47,91282CKV2,TSRYS5823596,D,S,D,2024-06-13,2000000.00,4.506537,100.328125
08:00:48,91282CKV2,TSRYS5823596,D,S,D,2024-06-13,2000000.00,4.503725,100.3359375
08:00:49,91282CKV2,TSRYS5823596,D,S,D,2024-06-13,1000000.00,4.500913,100.34375
08:00:49,91282CKV2,TSRYS5823596,D,S,D,2024-06-13,1000000.00,4.500913,100.34375
08:00:49,91282CKV2,TSRYS5823596,D,S,D,2024-06-13,1000000.00,4.500913,100.34375
08:00:49,91282CKV2,TSRYS5823596,D,S,D,2024-06-13,1000000.00,4.500913,100.34375
08:00:49,91282CKV2,TSRYS5823596,D,S,C,2024-06-13,200000.00,4.499507,100.34765625
08:00:49,91282CKV2,TSRYS5823596,D,S,C,2024-06-13,200000.00,4.500913,100.34375
08:00:50,91282CKV2,TSRYS5823596,D,S,A,2024-06-13,61241000.00,4.49529,100.359375
08:00:50,91282CKV2,TSRYS5823596,D,S,T,2024-06-13,1000000.00,4.499507,100.34765625
08:00:51,91282CKV2,TSRYS5823596,D,S,T,2024-06-13,1000000.00,4.496695,100.35546875
08:00:52,91282CKV2,TSRYS5823596,D,S,T,2024-06-13,1000000.00,4.498804,100.349609375
08:00:52,91282CKV2,TSRYS5823596,D,S,T,2024-06-13,1000000.00,4.498804,100.349609375
08:00:52,91282CKV2,TSRYS5823596,D,S,D,2024-06-13,2000000.00,4.496695,100.35546875
08:00:52,91282CKV2,TSRYS5823596,D,S,D,2024-06-13,1000000.00,4.500913,100.34375
08:00:52,91282CKV2,TSRYS5823596,D,S,D,2024-06-13,1000000.00,4.500913,100.34375
08:00:52,91282CKV2,TSRYS5823596,D,S,D,2024-06-13,1000000.00,4.500913,100.34375
08:00:52,91282CKV2,TSRYS5823596,D,S,D,2024-06-13,1000000.00,4.500913,100.34375
08:00:53,91282CKV2,TSRYS5823596,D,B,A,2024-06-13,9720000.00,4.498101,100.3515625
08:00:54,91282CKV2,TSRYS5823596,D,S,T,2024-06-13,1000000.00,4.502319,100.33984375
08:00:54,91282CKV2,TSRYS5823596,D,S,D,2024-06-13,5000.00,4.493884,100.36328125
08:00:54,91282CKV2,TSRYS5823596,D,S,T,2024-06-13,1000000.00,4.503725,100.3359375
08:00:54,91282CKV2,TSRYS5823596,D,S,T,2024-06-13,1000000.00,4.502319,100.33984375
08:00:54,91282CKV2,TSRYS5823596,D,S,T,2024-06-13,1000000.00,4.502319,100.33984375
08:00:54,91282CKV2,TSRYS5823596,D,S,T,2024-06-13,1000000.00,4.502319,100.33984375
08:00:54,91282CKV2,TSRYS5823596,D,S,T,2024-06-13,1000000.00,4.502319,100.33984375
08:00:54,91282CKV2,TSRYS5823596,D,S,T,2024-06-13,2000000.00,4.502319,100.33984375
08:00:54,91282CKV2,TSRYS5823596,D,S,T,2024-06-13,2000000.00,4.502319,100.33984375
08:00:54,91282CKV2,TSRYS5823596,D,S,T,2024-06-13,2000000.00,4.502319,100.33984375
08:00:54,91282CKV2,TSRYS5823596,D,S,T,2024-06-13,2000000.00,4.502319,100.33984375
08:00:54,91282CKV2,TSRYS5823596,D,S,T,2024-06-13,1000000.00,4.502319,100.33984375
08:00:54,91282CKV2,TSRYS5823596,D,S,T,2024-06-13,2000000.00,4.502319,100.33984375
08:00:54,91282CKV2,TSRYS5823596,D,S,T,2024-06-13,1000000.00,4.502319,100.33984375
08:00:54,91282CKV2,TSRYS5823596,D,S,T,2024-06-13,2000000.00,4.502319,100.33984375
08:00:54,91282CKV2,TSRYS5823596,D,S,T,2024-06-13,1000000.00,4.502319,100.33984375
08:00:54,91282CKV2,TSRYS5823596,D,S,A,2024-06-13,5000.00,4.493884,100.46328125
08:00:54,91282CKV2,TSRYS5823596,D,S,T,2024-06-13,1000000.00,4.502319,100.33984375
08:00:54,91282CKV2,TSRYS5823596,D,S,T,2024-06-13,1000000.00,4.502319,100.33984375
08:00:54,91282CKV2,TSRYS5823596,D,S,T,2024-06-13,1000000.00,4.502319,100.33984375
08:00:54,91282CKV2,TSRYS5823596,D,S,T,2024-06-13,1000000.00,4.502319,100.33984375
08:00:54,91282CKV2,TSRYS5823596,D,S,T,2024-06-13,1000000.00,4.502319,100.33984375
08:00:54,91282CKV2,TSRYS5823596,D,S,T,2024-06-13,1000000.00,4.502319,100.33984375
08:00:54,91282CKV2,TSRYS5823596,D,S,T,2024-06-13,1000000.00,4.502319,100.33984375
08:00:54,91282CKV2,TSRYS5823596,D,S,T,2024-06-13,1000000.00,4.502319,100.33984375
08:00:54,91282CKV2,TSRYS5823596,D,S,T,2024-06-13,1000000.00,4.502319,100.33984375
08:00:54,91282CKV2,TSRYS5823596,D,S,T,2024-06-13,1000000.00,4.502319,100.33984375
08:00:54,91282CKV2,TSRYS5823596,D,S,T,2024-06-13,1000000.00,4.502319,100.33984375
08:00:54,91282CKV2,TSRYS5823596,D,S,T,2024-06-13,1000000.00,4.502319,100.33984375
08:00:54,91282CKV2,TSRYS5823596,D,S,T,2024-06-13,1000000.00,4.502319,100.33984375
08:00:54,91282CKV2,TSRYS5823596,D,S,T,2024-06-13,1000000.00,4.502319,100.33984375
08:00:54,91282CKV2,TSRYS5823596,D,S,T,2024-06-13,1000000.00,4.502319,100.33984375
08:00:54,91282CKV2,TSRYS5823596,D,S,T,2024-06-13,1000000.00,4.502319,100.33984375
08:00:54,91282CKV2,TSRYS5823596,D,S,T,2024-06-13,1000000.00,4.502319,100.33984375
08:00:54,91282CKV2,TSRYS5823596,D,S,T,2024-06-13,1000000.00,4.502319,100.33984375
08:00:54,91282CKV2,TSRYS5823596,D,S,T,2024-06-13,1000000.00,4.502319,100.33984375
08:00:54,91282CKV2,TSRYS5823596,D,S,T,2024-06-13,1000000.00,4.502319,100.33984375
08:00:54,91282CKV2,TSRYS5823596,D,S,T,2024-06-13,1000000.00,4.502319,100.33984375
08:00:54,91282CKV2,TSRYS5823596,D,S,T,2024-06-13,1000000.00,4.502319,100.33984375
08:00:54,91282CKV2,TSRYS5823596,D,S,T,2024-06-13,1000000.00,4.502319,100.33984375
08:00:54,91282CKV2,TSRYS5823596,D,S,T,2024-06-13,1000000.00,4.502319,100.33984375
08:00:54,91282CKV2,TSRYS5823596,D,S,T,2024-06-13,1000000.00,4.502319,100.33984375
08:00:54,91282CKV2,TSRYS5823596,D,S,T,2024-06-13,1000000.00,4.502319,100.33984375
08:00:54,91282CKV2,TSRYS5823596,D,S,T,2024-06-13,1000000.00,4.502319,100.33984375
08:00:54,91282CKV2,TSRYS5823596,D,S,T,2024-06-13,1000000.00,4.502319,100.33984375
08:00:54,91282CKV2,TSRYS5823596,D,S,T,2024-06-13,1000000.00,4.502319,100.33984375
08:00:54,91282CKV2,TSRYS5823596,D,S,T,2024-06-13,1000000.00,4.502319,100.33984375
08:00:54,91282CKV2,TSRYS5823596,D,S,T,2024-06-13,1000000.00,4.500913,100.34375
08:00:54,91282CKV2,TSRYS5823596,D,S,T,2024-06-13,1000000.00,4.500913,100.34375
08:00:54,91282CKV2,TSRYS5823596,D,S,T,2024-06-13,2000000.00,4.502319,100.33984375
08:00:54,91282CKV2,TSRYS5823596,D,S,D,2024-06-13,5000000.00,4.502319,100.33984375
08:00:54,91282CKV2,TSRYS5823596,D,S,T,2024-06-13,1000000.00,4.502319,100.33984375
08:00:54,91282CKV2,TSRYS5823596,D,S,T,2024-06-13,2000000.00,4.502319,100.33984375
08:00:54,91282CKV2,TSRYS5823596,D,S,T,2024-06-13,1000000.00,4.502319,100.33984375
08:00:54,91282CKV2,TSRYS5823596,D,S,T,2024-06-13,2000000.00,4.502319,100.33984375
08:00:54,91282CKV2,TSRYS5823596,D,S,T,2024-06-13,1000000.00,4.502319,100.33984375
08:00:54,91282CKV2,TSRYS5823596,D,S,T,2024-06-13,1000000.00,4.502319,100.33984375
08:00:54,91282CKV2,TSRYS5823596,D,S,T,2024-06-13,1000000.00,4.502319,100.33984375
08:00:54,91282CKV2,TSRYS5823596,D,S,D,2024-06-13,1000000.00,4.496695,100.35546875
08:00:54,91282CKV2,TSRYS5823596,D,S,T,2024-06-13,1000000.00,4.502319,100.33984375
08:00:54,91282CKV2,TSRYS5823596,D,S,T,2024-06-13,1000000.00,4.502319,100.33984375
08:00:54,91282CKV2,TSRYS5823596,D,S,T,2024-06-13,1000000.00,4.502319,100.33984375
08:00:54,91282CKV2,TSRYS5823596,D,S,T,2024-06-13,1000000.00,4.502319,100.33984375
08:00:54,91282CKV2,TSRYS5823596,D,S,T,2024-06-13,1000000.00,4.502319,100.33984375
08:00:54,91282CKV2,TSRYS5823596,D,S,T,2024-06-13,1000000.00,4.502319,100.33984375
08:00:54,91282CKV2,TSRYS5823596,D,S,T,2024-06-13,1000000.00,4.502319,100.33984375
08:00:54,91282CKV2,TSRYS5823596,D,S,T,2024-06-13,1000000.00,4.502319,100.33984375
08:00:54,91282CKV2,TSRYS5823596,D,S,T,2024-06-13,1000000.00,4.502319,100.33984375
08:00:55,91282CKV2,TSRYS5823596,D,S,T,2024-06-13,1000000.00,4.512163,100.3125
08:00:55,91282CKV2,TSRYS5823596,D,S,T,2024-06-13,1000000.00,4.510757,100.31640625
08:00:55,91282CKV2,TSRYS5823596,D,S,T,2024-06-13,2000000.00,4.512163,100.3125
08:00:55,91282CKV2,TSRYS5823596,D,S,T,2024-06-13,1000000.00,4.512163,100.3125
08:00:55,91282CKV2,TSRYS5823596,D,S,T,2024-06-13,3000000.00,4.512163,100.3125
08:00:55,91282CKV2,TSRYS5823596,D,S,T,2024-06-13,1000000.00,4.512163,100.3125
08:00:55,91282CKV2,TSRYS5823596,D,S,T,2024-06-13,1000000.00,4.512163,100.3125
08:00:55,91282CKV2,TSRYS5823596,D,S,T,2024-06-13,1000000.00,4.512163,100.3125
08:00:55,91282CKV2,TSRYS5823596,D,S,T,2024-06-13,1000000.00,4.512163,100.3125
08:00:55,91282CKV2,TSRYS5823596,D,S,T,2024-06-13,1000000.00,4.512163,100.3125
08:00:55,91282CKV2,TSRYS5823596,D,S,T,2024-06-13,3000000.00,4.512163,100.3125
08:00:55,91282CKV2,TSRYS5823596,D,S,T,2024-06-13,1000000.00,4.512163,100.3125
08:00:55,91282CKV2,TSRYS5823596,D,S,T,2024-06-13,1000000.00,4.512163,100.3125
08:00:55,91282CKV2,TSRYS5823596,D,S,T,2024-06-13,1000000.00,4.512163,100.3125
08:00:55,91282CKV2,TSRYS5823596,D,S,T,2024-06-13,1000000.00,4.512163,100.3125
08:00:55,91282CKV2,TSRYS5823596,D,S,T,2024-06-13,1000000.00,4.512163,100.3125
08:00:55,91282CKV2,TSRYS5823596,D,S,T,2024-06-13,1000000.00,4.512163,100.3125
08:00:55,91282CKV2,TSRYS5823596,D,S,T,2024-06-13,1000000.00,4.512163,100.3125
08:00:55,91282CKV2,TSRYS5823596,D,S,T,2024-06-13,1000000.00,4.512163,100.3125
08:00:55,91282CKV2,TSRYS5823596,D,S,T,2024-06-13,1000000.00,4.512163,100.3125
08:00:55,91282CKV2,TSRYS5823596,D,S,T,2024-06-13,1000000.00,4.512163,100.3125
08:00:55,91282CKV2,TSRYS5823596,D,S,T,2024-06-13,1000000.00,4.512163,100.3125
08:00:55,91282CKV2,TSRYS5823596,D,S,D,2024-06-13,1000000.00,4.496695,100.35546875
08:00:55,91282CKV2,TSRYS5823596,D,S,D,2024-06-13,1000000.00,4.499507,100.34765625
08:00:55,91282CKV2,TSRYS5823596,D,S,T,2024-06-13,1000000.00,4.507944,100.32421875
08:00:55,91282CKV2,TSRYS5823596,D,S,T,2024-06-13,1000000.00,4.507944,100.32421875
08:00:55,91282CKV2,TSRYS5823596,D,S,T,2024-06-13,1000000.00,4.507944,100.32421875
08:00:55,91282CKV2,TSRYS5823596,D,S,T,2024-06-13,1000000.00,4.507944,100.32421875
08:00:55,91282CKV2,TSRYS5823596,D,S,T,2024-06-13,1000000.00,4.507944,100.32421875
08:00:55,91282CKV2,TSRYS5823596,D,S,T,2024-06-13,1000000.00,4.507944,100.32421875
08:00:55,91282CKV2,TSRYS5823596,D,S,T,2024-06-13,1000000.00,4.507944,100.32421875
08:00:56,91282CKV2,TSRYS5823596,D,S,T,2024-06-13,1000000.00,4.507944,100.32421875
08:00:56,91282CKV2,TSRYS5823596,D,S,T,2024-06-13,1000000.00,4.507944,100.32421875
08:00:56,91282CKV2,TSRYS5823596,D,S,T,2024-06-13,1000000.00,4.507944,100.32421875
08:00:56,91282CKV2,TSRYS5823596,D,S,T,2024-06-13,1000000.00,4.507944,100.32421875
08:00:56,91282CKV2,TSRYS5823596,D,S,T,2024-06-13,1000000.00,4.507944,100.32421875
08:00:56,91282CKV2,TSRYS5823596,D,S,T,2024-06-13,1000000.00,4.507944,100.32421875
08:00:56,91282CKV2,TSRYS5823596,D,S,T,2024-06-13,1000000.00,4.507944,100.32421875
08:00:56,91282CKV2,TSRYS5823596,D,S,T,2024-06-13,1000000.00,4.507944,100.32421875
08:00:56,91282CKV2,TSRYS5823596,D,S,T,2024-06-13,1000000.00,4.507944,100.32421875
08:00:56,91282CKV2,TSRYS5823596,D,S,T,2024-06-13,1000000.00,4.507944,100.32421875
08:00:56,91282CKV2,TSRYS5823596,D,S,T,2024-06-13,1000000.00,4.507944,100.32421875
08:00:56,91282CKV2,TSRYS5823596,D,S,T,2024-06-13,1000000.00,4.507944,100.32421875
08:00:56,91282CKV2,TSRYS5823596,D,S,T,2024-06-13,1000000.00,4.507944,100.32421875
08:00:56,91282CKV2,TSRYS5823596,D,S,T,2024-06-13,1000000.00,4.507944,100.32421875
08:00:56,91282CKV2,TSRYS5823596,D,S,T,2024-06-13,1000000.00,4.507944,100.32421875
08:00:56,91282CKV2,TSRYS5823596,D,S,T,2024-06-13,1000000.00,4.507944,100.32421875
08:00:56,91282CKV2,TSRYS5823596,D,S,T,2024-06-13,1000000.00,4.507944,100.32421875
08:00:56,91282CKV2,TSRYS5823596,D,S,T,2024-06-13,1000000.00,4.507944,100.32421875
08:00:56,91282CKV2,TSRYS5823596,D,S,T,2024-06-13,1000000.00,4.507944,100.32421875
08:00:56,91282CKV2,TSRYS5823596,D,S,T,2024-06-13,1000000.00,4.507944,100.32421875
08:00:56,91282CKV2,TSRYS5823596,D,S,T,2024-06-13,1000000.00,4.507944,100.32421875
08:00:56,91282CKV2,TSRYS5823596,D,S,T,2024-06-13,1000000.00,4.507944,100.32421875
08:00:56,91282CKV2,TSRYS5823596,D,S,T,2024-06-13,1000000.00,4.507944,100.32421875
08:00:56,91282CKV2,TSRYS5823596,D,S,T,2024-06-13,1000000.00,4.507944,100.32421875
08:00:56,91282CKV2,TSRYS5823596,D,S,T,2024-06-13,1000000.00,4.507944,100.32421875
08:00:56,91282CKV2,TSRYS5823596,D,S,D,2024-06-13,47000000.00,4.511223,100.31511
08:00:56,91282CKV2,TSRYS5823596,D,S,T,2024-06-13,1000000.00,4.507241,100.326171875
08:00:58,91282CKV2,TSRYS5823596,D,S,A,2024-06-13,29000000.00,4.496575,100.35580375
08:00:59,91282CKV2,TSRYS5823596,D,S,T,2024-06-13,1000000.00,4.498101,100.3515625
08:00:59,91282CKV2,TSRYS5823596,D,S,T,2024-06-13,1000000.00,4.498101,100.3515625
08:00:59,91282CKV2,TSRYS5823596,D,S,T,2024-06-13,1000000.00,4.498101,100.3515625
08:00:59,91282CKV2,TSRYS5823596,D,S,T,2024-06-13,1000000.00,4.499507,100.34765625
08:00:59,91282CKV2,TSRYS5823596,D,S,T,2024-06-13,1000000.00,4.498101,100.3515625
08:00:59,91282CKV2,TSRYS5823596,D,S,T,2024-06-13,1000000.00,4.498101,100.3515625
08:00:59,91282CKV2,TSRYS5823596,D,S,D,2024-06-13,2000000.00,4.499507,100.34765625
08:01:00,91282CKV2,TSRYS5823596,D,B,C,2024-06-13,1000000.00,4.49037,100.373046875
08:01:00,91282CKV2,TSRYS5823596,D,S,C,2024-06-13,1000000.00,4.49037,100.373046875
08:01:00,91282CKV2,TSRYS5823596,D,B,C,2024-06-13,2000000.00,4.489667,100.375
08:01:00,91282CKV2,TSRYS5823596,D,S,C,2024-06-13,2000000.00,4.489667,100.375
08:01:00,91282CKV2,TSRYS5823596,D,B,C,2024-06-13,2000000.00,4.489667,100.375
08:01:00,91282CKV2,TSRYS5823596,D,S,C,2024-06-13,2000000.00,4.489667,100.375
08:01:00,91282CKV2,TSRYS5823596,D,S,C,2024-06-13,1000000.00,4.485451,100.38671875
08:01:00,91282CKV2,TSRYS5823596,D,B,C,2024-06-13,1000000.00,4.485451,100.38671875
08:01:00,91282CKV2,TSRYS5823596,D,S,C,2024-06-13,1000000.00,4.485451,100.38671875
08:01:00,91282CKV2,TSRYS5823596,D,S,C,2024-06-13,2000000.00,4.485451,100.38671875
08:01:00,91282CKV2,TSRYS5823596,D,B,C,2024-06-13,1000000.00,4.486856,100.3828125
08:01:00,91282CKV2,TSRYS5823596,D,S,D,2024-06-13,1000000.00,4.486856,100.3828125
08:01:00,91282CKV2,TSRYS5823596,D,B,C,2024-06-13,1000000.00,4.488964,100.376953125
08:01:00,91282CKV2,TSRYS5823596,D,S,D,2024-06-13,1000000.00,4.49037,100.373046875
08:01:00,91282CKV2,TSRYS5823596,D,S,D,2024-06-13,1000000.00,4.486856,100.3828125
08:01:00,91282CKV2,TSRYS5823596,D,B,C,2024-06-13,1000000.00,4.487559,100.380859375
08:01:00,91282CKV2,TSRYS5823596,D,S,D,2024-06-13,1000000.00,4.487559,100.380859375
08:01:00,91282CKV2,TSRYS5823596,D,B,C,2024-06-13,1000000.00,4.486856,100.3828125
08:01:00,91282CKV2,TSRYS5823596,D,B,C,2024-06-13,1000000.00,4.49037,100.373046875
08:01:00,91282CKV2,TSRYS5823596,D,B,C,2024-06-13,1000000.00,4.487559,100.380859375
08:01:00,91282CKV2,TSRYS5823596,D,S,C,2024-06-13,1000000.00,4.486856,100.3828125
08:01:00,91282CKV2,TSRYS5823596,D,S,D,2024-06-13,1000000.00,4.487559,100.380859375
08:01:00,91282CKV2,TSRYS5823596,D,S,C,2024-06-13,1000000.00,4.485451,100.38671875
08:01:00,91282CKV2,TSRYS5823596,D,B,C,2024-06-13,1000000.00,4.486856,100.3828125
08:01:00,91282CKV2,TSRYS5823596,D,S,D,2024-06-13,1000000.00,4.488964,100.376953125
08:01:00,91282CKV2,TSRYS5823596,D,B,C,2024-06-13,1000000.00,4.485451,100.38671875
08:01:00,91282CKV2,TSRYS5823596,D,S,C,2024-06-13,1000000.00,4.485451,100.38671875
08:01:00,91282CKV2,TSRYS5823596,D,S,C,2024-06-13,1000000.00,4.49037,100.373046875
08:01:00,91282CKV2,TSRYS5823596,D,S,C,2024-06-13,1000000.00,4.484046,100.390625
08:01:00,91282CKV2,TSRYS5823596,D,S,C,2024-06-13,1000000.00,4.489667,100.375
08:01:01,91282CKV2,TSRYS5823596,D,S,C,2024-06-13,1000000.00,4.49037,100.373046875
08:01:01,91282CKV2,TSRYS5823596,D,S,C,2024-06-13,1000000.00,4.488964,100.376953125
08:01:01,91282CKV2,TSRYS5823596,D,B,C,2024-06-13,1000000.00,4.489667,100.375
08:01:01,91282CKV2,TSRYS5823596,D,B,C,2024-06-13,1000000.00,4.49037,100.373046875
08:01:01,91282CKV2,TSRYS5823596,D,B,C,2024-06-13,1000000.00,4.49037,100.373046875
08:01:01,91282CKV2,TSRYS5823596,D,S,D,2024-06-13,2000000.00,4.492478,100.3671875
08:01:01,91282CKV2,TSRYS5823596,D,B,C,2024-06-13,1000000.00,4.493181,100.365234375
08:01:01,91282CKV2,TSRYS5823596,D,S,C,2024-06-13,1000000.00,4.493181,100.365234375
08:01:01,91282CKV2,TSRYS5823596,D,S,C,2024-06-13,1000000.00,4.493181,100.365234375
08:01:01,91282CKV2,TSRYS5823596,D,S,D,2024-06-13,1000000.00,4.496695,100.35546875
08:01:01,91282CKV2,TSRYS5823596,D,S,T,2024-06-13,2000000.00,4.499507,100.34765625
08:01:01,91282CKV2,TSRYS5823596,D,S,T,2024-06-13,1000000.00,4.499507,100.34765625
08:01:01,91282CKV2,TSRYS5823596,D,S,T,2024-06-13,2000000.00,4.499507,100.34765625
08:01:01,91282CKV2,TSRYS5823596,D,S,T,2024-06-13,2000000.00,4.499507,100.34765625
08:01:01,91282CKV2,TSRYS5823596,D,S,T,2024-06-13,1000000.00,4.499507,100.34765625
08:01:01,91282CKV2,TSRYS5823596,D,S,A,2024-06-13,2000000.00,4.502319,100.33984375
08:01:01,91282CKV2,TSRYS5823596,D,S,T,2024-06-13,1000000.00,4.492478,100.3671875
08:01:01,91282CKV2,TSRYS5823596,D,S,T,2024-06-13,1000000.00,4.496695,100.35546875
08:01:01,91282CKV2,TSRYS5823596,D,S,T,2024-06-13,1000000.00,4.496695,100.35546875
08:01:02,91282CKV2,TSRYS5823596,D,S,A,2024-06-13,10000000.00,4.502319,100.33984375
08:01:02,91282CKV2,TSRYS5823596,D,B,A,2024-06-13,241000.00,4.49529,100.359375
08:01:02,91282CKV2,TSRYS5823596,D,S,T,2024-06-13,1000000.00,4.498101,100.3515625
08:01:02,91282CKV2,TSRYS5823596,D,S,D,2024-06-13,2000000.00,4.495992,100.357421875
08:01:02,91282CKV2,TSRYS5823596,D,S,D,2024-06-13,1000000.00,4.49529,100.359375
08:01:02,91282CKV2,TSRYS5823596,D,S,D,2024-06-13,200000.00,4.499507,100.34765625
08:01:02,91282CKV2,TSRYS5823596,D,S,D,2024-06-13,200000.00,4.500913,100.34375
08:01:03,91282CKV2,TSRYS5823596,D,S,D,2024-06-13,1000000.00,4.493884,100.36328125
08:01:04,91282CKV2,TSRYS5823596,D,S,T,2024-06-13,1000000.00,4.502319,100.33984375
