tradeTime,cusip,issueSymbolIdentifier,priceType,reportingSideCode,contraPartyTypeCode,tradeDate,reportedTradeVolume,lastSaleYield,lastSalePrice
08:00:01,91282CLQ2,TSRYS5906509,D,S,D,2024-10-18,1000000.00,3.885982,99.96875
08:00:01,91282CLQ2,TSRYS5906509,D,S,D,2024-10-18,3000000.00,3.883183,99.9765625
08:00:01,91282CLQ2,TSRYS5906509,D,S,D,2024-10-18,3000000.00,3.881784,99.98046875
08:00:02,91282CLQ2,TSRYS5906509,D,S,T,2024-10-18,1000000.00,3.880385,99.984375
08:00:02,91282CLQ2,TSRYS5906509,D,S,D,2024-10-18,1000000.00,3.885982,99.96875
08:00:02,91282CLQ2,TSRYS5906509,D,S,T,2024-10-18,3000000.00,3.892281,99.951171875
08:00:02,91282CLQ2,TSRYS5906509,D,S,D,2024-10-18,1000000.00,3.89858,99.93359375
08:00:02,91282CLQ2,TSRYS5906509,D,S,T,2024-10-18,1000000.00,3.89298,99.94921875
08:00:02,91282CLQ2,TSRYS5906509,D,S,D,2024-10-18,1000000.00,3.89298,99.94921875
08:00:02,91282CLQ2,TSRYS5906509,D,S,D,2024-10-18,2000000.00,3.89578,99.94140625
08:00:02,91282CLQ2,TSRYS5906509,D,S,T,2024-10-18,2000000.00,3.89578,99.94140625
08:00:02,91282CLQ2,TSRYS5906509,D,S,T,2024-10-18,2000000.00,3.89578,99.94140625
08:00:02,91282CLQ2,TSRYS5906509,D,S,T,2024-10-18,1000000.00,3.89578,99.94140625
08:00:02,91282CLQ2,TSRYS5906509,D,S,T,2024-10-18,2000000.00,3.89578,99.94140625
08:00:02,91282CLQ2,TSRYS5906509,D,S,T,2024-10-18,1000000.00,3.89578,99.94140625
08:00:02,91282CLQ2,TSRYS5906509,D,S,T,2024-10-18,2000000.00,3.89578,99.94140625
08:00:02,91282CLQ2,TSRYS5906509,D,S,T,2024-10-18,1000000.00,3.89578,99.94140625
08:00:02,91282CLQ2,TSRYS5906509,D,S,T,2024-10-18,2000000.00,3.89578,99.94140625
08:00:02,91282CLQ2,TSRYS5906509,D,S,D,2024-10-18,4000000.00,3.89508,99.943359375
08:00:02,91282CLQ2,TSRYS5906509,D,S,D,2024-10-18,4000000.00,3.89438,99.9453125
08:00:02,91282CLQ2,TSRYS5906509,D,S,T,2024-10-18,1000000.00,3.89508,99.943359375
08:00:02,91282CLQ2,TSRYS5906509,D,S,T,2024-10-18,3000000.00,3.89508,99.943359375
08:00:02,91282CLQ2,TSRYS5906509,D,S,T,2024-10-18,2000000.00,3.89578,99.94140625
08:00:02,91282CLQ2,TSRYS5906509,D,S,T,2024-10-18,1000000.00,3.89578,99.94140625
08:00:02,91282CLQ2,TSRYS5906509,D,S,T,2024-10-18,2000000.00,3.89578,99.94140625
08:00:02,91282CLQ2,TSRYS5906509,D,S,T,2024-10-18,1000000.00,3.89578,99.94140625
08:00:02,91282CLQ2,TSRYS5906509,D,S,T,2024-10-18,2000000.00,3.89578,99.94140625
08:00:02,91282CLQ2,TSRYS5906509,D,S,T,2024-10-18,1000000.00,3.89578,99.94140625
08:00:02,91282CLQ2,TSRYS5906509,D,S,T,2024-10-18,2000000.00,3.89578,99.94140625
08:00:02,91282CLQ2,TSRYS5906509,D,S,T,2024-10-18,1000000.00,3.89578,99.94140625
08:00:02,91282CLQ2,TSRYS5906509,D,S,T,2024-10-18,2000000.00,3.89578,99.94140625
08:00:02,91282CLQ2,TSRYS5906509,D,S,T,2024-10-18,2000000.00,3.89578,99.94140625
08:00:02,91282CLQ2,TSRYS5906509,D,S,T,2024-10-18,1000000.00,3.89578,99.94140625
08:00:02,91282CLQ2,TSRYS5906509,D,S,T,2024-10-18,1000000.00,3.890181,99.95703125
08:00:02,91282CLQ2,TSRYS5906509,D,S,D,2024-10-18,1000000.00,3.885982,99.96875
08:00:02,91282CLQ2,TSRYS5906509,D,S,D,2024-10-18,1000000.00,3.887382,99.96484375
08:00:02,91282CLQ2,TSRYS5906509,D,S,D,2024-10-18,2000000.00,3.887382,99.96484375
08:00:02,91282CLQ2,TSRYS5906509,D,S,T,2024-10-18,1000000.00,3.890181,99.95703125
08:00:02,91282CLQ2,TSRYS5906509,D,S,T,2024-10-18,1000000.00,3.890181,99.95703125
08:00:02,91282CLQ2,TSRYS5906509,D,S,T,2024-10-18,1000000.00,3.890181,99.95703125
08:00:02,91282CLQ2,TSRYS5906509,D,S,T,2024-10-18,2000000.00,3.890181,99.95703125
08:00:02,91282CLQ2,TSRYS5906509,D,S,T,2024-10-18,3000000.00,3.890181,99.95703125
08:00:02,91282CLQ2,TSRYS5906509,D,S,T,2024-10-18,3000000.00,3.890181,99.95703125
08:00:02,91282CLQ2,TSRYS5906509,D,S,T,2024-10-18,3000000.00,3.890181,99.95703125
08:00:02,91282CLQ2,TSRYS5906509,D,S,T,2024-10-18,3000000.00,3.890181,99.95703125
08:00:02,91282CLQ2,TSRYS5906509,D,S,T,2024-10-18,3000000.00,3.890181,99.95703125
08:00:02,91282CLQ2,TSRYS5906509,D,S,T,2024-10-18,2000000.00,3.890181,99.95703125
08:00:02,91282CLQ2,TSRYS5906509,D,S,D,2024-10-18,3000000.00,3.890181,99.95703125
08:00:02,91282CLQ2,TSRYS5906509,D,S,D,2024-10-18,3000000.00,3.890181,99.95703125
08:00:02,91282CLQ2,TSRYS5906509,D,S,D,2024-10-18,3000000.00,3.890181,99.95703125
08:00:02,91282CLQ2,TSRYS5906509,D,S,D,2024-10-18,3000000.00,3.890181,99.95703125
08:00:02,91282CLQ2,TSRYS5906509,D,S,T,2024-10-18,2000000.00,3.889481,99.958984375
08:00:02,91282CLQ2,TSRYS5906509,D,S,D,2024-10-18,2000000.00,3.890181,99.95703125
08:00:02,91282CLQ2,TSRYS5906509,D,S,D,2024-10-18,2000000.00,3.890181,99.95703125
08:00:02,91282CLQ2,TSRYS5906509,D,S,T,2024-10-18,1000000.00,3.890181,99.95703125
08:00:02,91282CLQ2,TSRYS5906509,D,S,T,2024-10-18,1000000.00,3.889481,99.958984375
08:00:02,91282CLQ2,TSRYS5906509,D,S,T,2024-10-18,2000000.00,3.889481,99.958984375
08:00:02,91282CLQ2,TSRYS5906509,D,S,T,2024-10-18,3000000.00,3.889481,99.958984375
08:00:02,91282CLQ2,TSRYS5906509,D,S,T,2024-10-18,3000000.00,3.889481,99.958984375
08:00:02,91282CLQ2,TSRYS5906509,D,S,T,2024-10-18,3000000.00,3.889481,99.958984375
08:00:02,91282CLQ2,TSRYS5906509,D,S,T,2024-10-18,2000000.00,3.889481,99.958984375
08:00:02,91282CLQ2,TSRYS5906509,D,S,D,2024-10-18,2000000.00,3.889481,99.958984375
08:00:02,91282CLQ2,TSRYS5906509,D,S,D,2024-10-18,3000000.00,3.889481,99.958984375
08:00:02,91282CLQ2,TSRYS5906509,D,S,D,2024-10-18,3000000.00,3.889481,99.958984375
08:00:02,91282CLQ2,TSRYS5906509,D,B,C,2024-10-18,1000000.00,3.891581,99.953125
08:00:02,91282CLQ2,TSRYS5906509,D,B,C,2024-10-18,1000000.00,3.891581,99.953125
08:00:02,91282CLQ2,TSRYS5906509,D,B,C,2024-10-18,1000000.00,3.891581,99.953125
08:00:02,91282CLQ2,TSRYS5906509,D,B,C,2024-10-18,1000000.00,3.891581,99.953125
08:00:02,91282CLQ2,TSRYS5906509,D,B,C,2024-10-18,1000000.00,3.891581,99.953125
08:00:02,91282CLQ2,TSRYS5906509,D,B,C,2024-10-18,1000000.00,3.891581,99.953125
08:00:02,91282CLQ2,TSRYS5906509,D,B,C,2024-10-18,1000000.00,3.891581,99.953125
08:00:02,91282CLQ2,TSRYS5906509,D,B,C,2024-10-18,1000000.00,3.891581,99.953125
08:00:02,91282CLQ2,TSRYS5906509,D,B,C,2024-10-18,1000000.00,3.891581,99.953125
08:00:02,91282CLQ2,TSRYS5906509,D,B,C,2024-10-18,1000000.00,3.891581,99.953125
08:00:02,91282CLQ2,TSRYS5906509,D,B,C,2024-10-18,1000000.00,3.891581,99.953125
08:00:02,91282CLQ2,TSRYS5906509,D,B,C,2024-10-18,1000000.00,3.891581,99.953125
08:00:02,91282CLQ2,TSRYS5906509,D,B,C,2024-10-18,1000000.00,3.891581,99.953125
08:00:02,91282CLQ2,TSRYS5906509,D,B,C,2024-10-18,1000000.00,3.891581,99.953125
08:00:02,91282CLQ2,TSRYS5906509,D,B,C,2024-10-18,2000000.00,3.891581,99.953125
08:00:02,91282CLQ2,TSRYS5906509,D,B,C,2024-10-18,2000000.00,3.891581,99.953125
08:00:02,91282CLQ2,TSRYS5906509,D,B,C,2024-10-18,1000000.00,3.891581,99.953125
08:00:02,91282CLQ2,TSRYS5906509,D,B,C,2024-10-18,1000000.00,3.891581,99.953125
08:00:02,91282CLQ2,TSRYS5906509,D,B,C,2024-10-18,1000000.00,3.891581,99.953125
08:00:02,91282CLQ2,TSRYS5906509,D,B,C,2024-10-18,1000000.00,3.891581,99.953125
08:00:02,91282CLQ2,TSRYS5906509,D,B,C,2024-10-18,1000000.00,3.891581,99.953125
08:00:02,91282CLQ2,TSRYS5906509,D,B,C,2024-10-18,1000000.00,3.891581,99.953125
08:00:02,91282CLQ2,TSRYS5906509,D,B,C,2024-10-18,1000000.00,3.89998,99.9296875
08:00:02,91282CLQ2,TSRYS5906509,D,S,T,2024-10-18,2000000.00,3.89578,99.94140625
08:00:02,91282CLQ2,TSRYS5906509,D,S,T,2024-10-18,1000000.00,3.89578,99.94140625
08:00:02,91282CLQ2,TSRYS5906509,D,S,T,2024-10-18,2000000.00,3.89578,99.94140625
08:00:02,91282CLQ2,TSRYS5906509,D,S,T,2024-10-18,1000000.00,3.89578,99.94140625
08:00:02,91282CLQ2,TSRYS5906509,D,S,T,2024-10-18,2000000.00,3.89578,99.94140625
08:00:02,91282CLQ2,TSRYS5906509,D,S,T,2024-10-18,2000000.00,3.89578,99.94140625
08:00:02,91282CLQ2,TSRYS5906509,D,S,T,2024-10-18,1000000.00,3.89578,99.94140625
08:00:02,91282CLQ2,TSRYS5906509,D,S,T,2024-10-18,2000000.00,3.89578,99.94140625
08:00:02,91282CLQ2,TSRYS5906509,D,S,D,2024-10-18,2000000.00,3.89648,99.939453125
08:00:02,91282CLQ2,TSRYS5906509,D,S,D,2024-10-18,2000000.00,3.89648,99.939453125
08:00:02,91282CLQ2,TSRYS5906509,D,S,T,2024-10-18,1000000.00,3.89648,99.939453125
08:00:02,91282CLQ2,TSRYS5906509,D,S,T,2024-10-18,2000000.00,3.89438,99.9453125
08:00:07,91282CLQ2,TSRYS5906509,D,S,A,2024-10-18,1800000.00,3.884583,99.97265625
08:00:10,91282CLQ2,TSRYS5906509,D,B,C,2024-10-18,15000000.00,3.884583,99.97265625
08:00:10,91282CLQ2,TSRYS5906509,D,B,C,2024-10-18,15000000.00,3.884583,99.97265625
08:00:10,91282CLQ2,TSRYS5906509,D,S,D,2024-10-18,15000000.00,3.884583,99.97265625
08:00:10,91282CLQ2,TSRYS5906509,D,S,T,2024-10-18,1000000.00,3.881784,99.98046875
08:00:10,91282CLQ2,TSRYS5906509,D,S,D,2024-10-18,11000000.00,3.88327,99.97632
08:00:10,91282CLQ2,TSRYS5906509,D,S,T,2024-10-18,5000000.00,3.89858,99.93359375
08:00:10,91282CLQ2,TSRYS5906509,D,S,D,2024-10-18,35294000.00,3.89578,99.94140625
08:00:10,91282CLQ2,TSRYS5906509,D,B,C,2024-10-18,35294000.00,3.89578,99.94140625
08:00:10,91282CLQ2,TSRYS5906509,D,S,A,2024-10-18,100000000.00,3.892962,99.94921875
08:00:10,91282CLQ2,TSRYS5906509,D,S,A,2024-10-18,19300000.00,3.89438,99.9453125
08:00:10,91282CLQ2,TSRYS5906509,D,S,T,2024-10-18,1000000.00,3.89438,99.9453125
08:00:11,91282CLQ2,TSRYS5906509,D,S,T,2024-10-18,1000000.00,3.885982,99.96875
08:00:11,91282CLQ2,TSRYS5906509,D,S,A,2024-10-18,237000000.00,3.901381,99.92578125
08:00:11,91282CLQ2,TSRYS5906509,D,S,T,2024-10-18,1000000.00,3.89718,99.9375
08:00:11,91282CLQ2,TSRYS5906509,D,S,T,2024-10-18,1000000.00,3.89438,99.9453125
08:00:11,91282CLQ2,TSRYS5906509,D,B,C,2024-10-18,38000000.00,3.89569,99.941657
08:00:12,91282CLQ2,TSRYS5906509,D,S,D,2024-10-18,1000000.00,3.880385,99.984375
08:00:12,91282CLQ2,TSRYS5906509,D,B,A,2024-10-18,999300.00,3.878986,99.98828125
08:00:12,91282CLQ2,TSRYS5906509,D,S,D,2024-10-18,1000000.00,3.883183,99.9765625
08:00:12,91282CLQ2,TSRYS5906509,D,S,D,2024-10-18,1000000.00,3.883183,99.9765625
08:00:12,91282CLQ2,TSRYS5906509,D,S,T,2024-10-18,10000000.00,3.890181,99.95703125
08:00:12,91282CLQ2,TSRYS5906509,D,S,C,2024-10-18,1000000.00,3.897227,99.9375
08:00:12,91282CLQ2,TSRYS5906509,D,S,D,2024-10-18,1000000.00,3.89578,99.94140625
08:00:12,91282CLQ2,TSRYS5906509,D,S,T,2024-10-18,1000000.00,3.89438,99.9453125
08:00:12,91282CLQ2,TSRYS5906509,D,S,T,2024-10-18,1000000.00,3.891581,99.953125
08:00:12,91282CLQ2,TSRYS5906509,D,S,T,2024-10-18,1000000.00,3.891581,99.953125
08:00:12,91282CLQ2,TSRYS5906509,D,S,T,2024-10-18,1000000.00,3.890181,99.95703125
08:00:12,91282CLQ2,TSRYS5906509,D,S,T,2024-10-18,1000000.00,3.890181,99.95703125
08:00:12,91282CLQ2,TSRYS5906509,D,S,D,2024-10-18,1000000.00,3.891581,99.953125
08:00:12,91282CLQ2,TSRYS5906509,D,S,A,2024-10-18,24000000.00,3.89578,99.94140625
08:00:12,91282CLQ2,TSRYS5906509,D,S,A,2024-10-18,11468400.00,3.89578,99.94140625
08:00:12,91282CLQ2,TSRYS5906509,D,S,T,2024-10-18,1000000.00,3.89438,99.9453125
08:00:12,91282CLQ2,TSRYS5906509,D,S,T,2024-10-18,1000000.00,3.89508,99.943359375
08:00:12,91282CLQ2,TSRYS5906509,D,S,T,2024-10-18,1000000.00,3.89508,99.943359375
08:00:12,91282CLQ2,TSRYS5906509,D,S,T,2024-10-18,1000000.00,3.89298,99.94921875
08:00:12,91282CLQ2,TSRYS5906509,D,S,T,2024-10-18,1000000.00,3.891581,99.953125
08:00:12,91282CLQ2,TSRYS5906509,D,S,T,2024-10-18,1000000.00,3.891581,99.953125
08:00:12,91282CLQ2,TSRYS5906509,D,S,D,2024-10-18,1000000.00,3.89438,99.9453125
08:00:12,91282CLQ2,TSRYS5906509,D,S,T,2024-10-18,1000000.00,3.89578,99.94140625
08:00:12,91282CLQ2,TSRYS5906509,D,S,T,2024-10-18,1000000.00,3.89438,99.9453125
08:00:12,91282CLQ2,TSRYS5906509,D,S,T,2024-10-18,1000000.00,3.89438,99.9453125
08:00:12,91282CLQ2,TSRYS5906509,D,S,D,2024-10-18,1000000.00,3.888781,99.9609375
08:00:12,91282CLQ2,TSRYS5906509,D,S,T,2024-10-18,1000000.00,3.887382,99.96484375
08:00:12,91282CLQ2,TSRYS5906509,D,S,A,2024-10-18,23644700.00,3.883183,99.9765625
08:00:12,91282CLQ2,TSRYS5906509,D,B,C,2024-10-18,18000000.00,3.887382,99.96484375
08:00:12,91282CLQ2,TSRYS5906509,D,S,D,2024-10-18,115000000.00,3.886828,99.96639
08:00:12,91282CLQ2,TSRYS5906509,D,B,C,2024-10-18,3000000.00,3.891581,99.953125
08:00:12,91282CLQ2,TSRYS5906509,D,S,C,2024-10-18,1500000.00,3.888781,99.9609375
08:00:12,91282CLQ2,TSRYS5906509,D,B,C,2024-10-18,3000000.00,3.891581,99.953125
08:00:13,91282CLQ2,TSRYS5906509,D,S,T,2024-10-18,1000000.00,3.89578,99.94140625
08:00:13,91282CLQ2,TSRYS5906509,D,S,C,2024-10-18,4590000.00,3.89298,99.94921875
08:00:13,91282CLQ2,TSRYS5906509,D,B,C,2024-10-18,500000.00,3.89438,99.9453125
08:00:13,91282CLQ2,TSRYS5906509,D,S,T,2024-10-18,1000000.00,3.888781,99.9609375
08:00:13,91282CLQ2,TSRYS5906509,D,S,T,2024-10-18,1000000.00,3.885282,99.970703125
08:00:13,91282CLQ2,TSRYS5906509,D,S,T,2024-10-18,1000000.00,3.878986,99.98828125
08:00:13,91282CLQ2,TSRYS5906509,D,S,T,2024-10-18,1000000.00,3.884583,99.97265625
08:00:13,91282CLQ2,TSRYS5906509,D,S,D,2024-10-18,1000000.00,3.883883,99.974609375
08:00:13,91282CLQ2,TSRYS5906509,D,S,T,2024-10-18,1000000.00,3.884583,99.97265625
08:00:13,91282CLQ2,TSRYS5906509,D,S,T,2024-10-18,1000000.00,3.884583,99.97265625
08:00:13,91282CLQ2,TSRYS5906509,D,S,T,2024-10-18,1000000.00,3.881784,99.98046875
08:00:13,91282CLQ2,TSRYS5906509,D,S,T,2024-10-18,1000000.00,3.883183,99.9765625
08:00:13,91282CLQ2,TSRYS5906509,D,S,T,2024-10-18,1000000.00,3.883183,99.9765625
08:00:13,91282CLQ2,TSRYS5906509,D,S,D,2024-10-18,1000000.00,3.89998,99.9296875
08:00:13,91282CLQ2,TSRYS5906509,D,S,T,2024-10-18,1000000.00,3.89718,99.9375
08:00:13,91282CLQ2,TSRYS5906509,D,S,T,2024-10-18,1000000.00,3.89718,99.9375
08:00:13,91282CLQ2,TSRYS5906509,D,S,T,2024-10-18,1000000.00,3.89298,99.94921875
08:00:13,91282CLQ2,TSRYS5906509,D,S,T,2024-10-18,1000000.00,3.890181,99.95703125
08:00:13,91282CLQ2,TSRYS5906509,D,S,T,2024-10-18,1000000.00,3.890181,99.95703125
08:00:13,91282CLQ2,TSRYS5906509,D,S,T,2024-10-18,1000000.00,3.890181,99.95703125
08:00:13,91282CLQ2,TSRYS5906509,D,S,T,2024-10-18,1000000.00,3.89578,99.94140625
08:00:13,91282CLQ2,TSRYS5906509,D,S,T,2024-10-18,1000000.00,3.89718,99.9375
08:00:13,91282CLQ2,TSRYS5906509,D,S,T,2024-10-18,1000000.00,3.89578,99.94140625
08:00:13,91282CLQ2,TSRYS5906509,D,S,T,2024-10-18,1000000.00,3.89368,99.947265625
08:00:13,91282CLQ2,TSRYS5906509,D,S,T,2024-10-18,1000000.00,3.89508,99.943359375
08:00:13,91282CLQ2,TSRYS5906509,D,S,T,2024-10-18,1000000.00,3.89438,99.9453125
08:00:13,91282CLQ2,TSRYS5906509,D,S,T,2024-10-18,1000000.00,3.89508,99.943359375
08:00:13,91282CLQ2,TSRYS5906509,D,S,T,2024-10-18,1000000.00,3.89438,99.9453125
08:00:13,91282CLQ2,TSRYS5906509,D,S,T,2024-10-18,1000000.00,3.89508,99.943359375
08:00:13,91282CLQ2,TSRYS5906509,D,S,T,2024-10-18,1000000.00,3.89438,99.9453125
08:00:13,91282CLQ2,TSRYS5906509,D,S,D,2024-10-18,1000000.00,3.89508,99.943359375
08:00:13,91282CLQ2,TSRYS5906509,D,S,D,2024-10-18,1000000.00,3.89438,99.9453125
08:00:13,91282CLQ2,TSRYS5906509,D,S,D,2024-10-18,1000000.00,3.89368,99.947265625
08:00:13,91282CLQ2,TSRYS5906509,D,S,T,2024-10-18,1000000.00,3.89508,99.943359375
08:00:13,91282CLQ2,TSRYS5906509,D,S,T,2024-10-18,1000000.00,3.89438,99.9453125
08:00:13,91282CLQ2,TSRYS5906509,D,S,T,2024-10-18,1000000.00,3.89508,99.943359375
08:00:13,91282CLQ2,TSRYS5906509,D,S,T,2024-10-18,1000000.00,3.89508,99.943359375
08:00:13,91282CLQ2,TSRYS5906509,D,S,T,2024-10-18,1000000.00,3.89438,99.9453125
08:00:13,91282CLQ2,TSRYS5906509,D,S,T,2024-10-18,1000000.00,3.89368,99.947265625
08:00:13,91282CLQ2,TSRYS5906509,D,S,T,2024-10-18,1000000.00,3.89508,99.943359375
08:00:13,91282CLQ2,TSRYS5906509,D,S,T,2024-10-18,1000000.00,3.89438,99.9453125
08:00:13,91282CLQ2,TSRYS5906509,D,S,T,2024-10-18,1000000.00,3.89368,99.947265625
08:00:13,91282CLQ2,TSRYS5906509,D,S,T,2024-10-18,1000000.00,3.89508,99.943359375
08:00:13,91282CLQ2,TSRYS5906509,D,S,T,2024-10-18,1000000.00,3.89438,99.9453125
08:00:13,91282CLQ2,TSRYS5906509,D,S,T,2024-10-18,1000000.00,3.89368,99.947265625
08:00:13,91282CLQ2,TSRYS5906509,D,S,D,2024-10-18,1000000.00,3.89438,99.9453125
08:00:13,91282CLQ2,TSRYS5906509,D,S,D,2024-10-18,1000000.00,3.89368,99.947265625
08:00:13,91282CLQ2,TSRYS5906509,D,S,D,2024-10-18,1000000.00,3.89508,99.943359375
08:00:13,91282CLQ2,TSRYS5906509,D,S,D,2024-10-18,1000000.00,3.89298,99.94921875
08:00:13,91282CLQ2,TSRYS5906509,D,S,T,2024-10-18,1000000.00,3.89508,99.943359375
08:00:13,91282CLQ2,TSRYS5906509,D,S,T,2024-10-18,1000000.00,3.89438,99.9453125
08:00:13,91282CLQ2,TSRYS5906509,D,S,T,2024-10-18,1000000.00,3.89368,99.947265625
08:00:13,91282CLQ2,TSRYS5906509,D,S,T,2024-10-18,1000000.00,3.89508,99.943359375
08:00:13,91282CLQ2,TSRYS5906509,D,S,T,2024-10-18,1000000.00,3.89438,99.9453125
08:00:13,91282CLQ2,TSRYS5906509,D,S,T,2024-10-18,1000000.00,3.89368,99.947265625
08:00:13,91282CLQ2,TSRYS5906509,D,S,T,2024-10-18,1000000.00,3.89508,99.943359375
08:00:13,91282CLQ2,TSRYS5906509,D,S,T,2024-10-18,1000000.00,3.89438,99.9453125
08:00:13,91282CLQ2,TSRYS5906509,D,S,T,2024-10-18,1000000.00,3.89368,99.947265625
08:00:13,91282CLQ2,TSRYS5906509,D,S,T,2024-10-18,1000000.00,3.89508,99.943359375
08:00:13,91282CLQ2,TSRYS5906509,D,S,T,2024-10-18,1000000.00,3.89438,99.9453125
08:00:13,91282CLQ2,TSRYS5906509,D,S,T,2024-10-18,1000000.00,3.89368,99.947265625
08:00:13,91282CLQ2,TSRYS5906509,D,S,T,2024-10-18,1000000.00,3.89298,99.94921875
08:00:13,91282CLQ2,TSRYS5906509,D,S,T,2024-10-18,2000000.00,3.888781,99.9609375
08:00:13,91282CLQ2,TSRYS5906509,D,S,T,2024-10-18,1000000.00,3.884583,99.97265625
08:00:13,91282CLQ2,TSRYS5906509,D,S,T,2024-10-18,1000000.00,3.89578,99.94140625
08:00:13,91282CLQ2,TSRYS5906509,D,S,T,2024-10-18,2000000.00,3.89718,99.9375
08:00:13,91282CLQ2,TSRYS5906509,D,S,T,2024-10-18,4000000.00,3.89718,99.9375
08:00:13,91282CLQ2,TSRYS5906509,D,S,T,2024-10-18,1000000.00,3.89718,99.9375
08:00:15,91282CLQ2,TSRYS5906509,D,S,T,2024-10-18,1000000.00,3.89578,99.94140625
08:00:15,91282CLQ2,TSRYS5906509,D,S,T,2024-10-18,1000000.00,3.89578,99.94140625
08:00:15,91282CLQ2,TSRYS5906509,D,S,T,2024-10-18,1000000.00,3.89578,99.94140625
08:00:15,91282CLQ2,TSRYS5906509,D,S,T,2024-10-18,1000000.00,3.89578,99.94140625
08:00:17,91282CLQ2,TSRYS5906509,D,S,D,2024-10-18,1000000.00,3.880385,99.984375
08:00:21,91282CLQ2,TSRYS5906509,D,B,A,2024-10-18,19000.00,3.89858,99.93359375
08:00:24,91282CLQ2,TSRYS5906509,D,B,C,2024-10-18,1000000.00,3.884583,99.97265625
08:00:24,91282CLQ2,TSRYS5906509,D,S,D,2024-10-18,1000000.00,3.884583,99.97265625
08:00:24,91282CLQ2,TSRYS5906509,D,S,D,2024-10-18,1000000.00,3.883883,99.974609375
08:00:24,91282CLQ2,TSRYS5906509,D,S,D,2024-10-18,1000000.00,3.883183,99.9765625
08:00:24,91282CLQ2,TSRYS5906509,D,S,D,2024-10-18,1000000.00,3.883183,99.9765625
08:00:24,91282CLQ2,TSRYS5906509,D,S,D,2024-10-18,1000000.00,3.883183,99.9765625
08:00:24,91282CLQ2,TSRYS5906509,D,S,D,2024-10-18,1000000.00,3.883183,99.9765625
08:00:24,91282CLQ2,TSRYS5906509,D,S,D,2024-10-18,1000000.00,3.883183,99.9765625
08:00:26,91282CLQ2,TSRYS5906509,D,S,A,2024-10-18,51000.00,3.89298,99.94921875
08:00:27,91282CLQ2,TSRYS5906509,D,S,T,2024-10-18,1000000.00,3.891581,99.953125
08:00:27,91282CLQ2,TSRYS5906509,D,S,T,2024-10-18,5000000.00,3.892281,99.951171875
08:00:27,91282CLQ2,TSRYS5906509,D,S,T,2024-10-18,1000000.00,3.891581,99.953125
08:00:27,91282CLQ2,TSRYS5906509,D,S,T,2024-10-18,1000000.00,3.891581,99.953125
08:00:27,91282CLQ2,TSRYS5906509,D,S,T,2024-10-18,1000000.00,3.892281,99.951171875
08:00:27,91282CLQ2,TSRYS5906509,D,S,T,2024-10-18,1000000.00,3.891581,99.953125
08:00:27,91282CLQ2,TSRYS5906509,D,S,T,2024-10-18,2000000.00,3.892281,99.951171875
08:00:27,91282CLQ2,TSRYS5906509,D,S,T,2024-10-18,2000000.00,3.891581,99.953125
08:00:27,91282CLQ2,TSRYS5906509,D,S,T,2024-10-18,5000000.00,3.892281,99.951171875
08:00:27,91282CLQ2,TSRYS5906509,D,S,T,2024-10-18,2000000.00,3.891581,99.953125
08:00:27,91282CLQ2,TSRYS5906509,D,S,T,2024-10-18,2000000.00,3.891581,99.953125
08:00:27,91282CLQ2,TSRYS5906509,D,S,T,2024-10-18,1000000.00,3.891581,99.953125
08:00:27,91282CLQ2,TSRYS5906509,D,S,T,2024-10-18,1000000.00,3.891581,99.953125
08:00:27,91282CLQ2,TSRYS5906509,D,S,T,2024-10-18,1000000.00,3.890181,99.95703125
08:00:27,91282CLQ2,TSRYS5906509,D,S,T,2024-10-18,1000000.00,3.891581,99.953125
08:00:27,91282CLQ2,TSRYS5906509,D,S,T,2024-10-18,1000000.00,3.89718,99.9375
08:00:27,91282CLQ2,TSRYS5906509,D,S,T,2024-10-18,1000000.00,3.89578,99.94140625
08:00:27,91282CLQ2,TSRYS5906509,D,S,T,2024-10-18,1000000.00,3.89438,99.9453125
08:00:27,91282CLQ2,TSRYS5906509,D,B,C,2024-10-18,1000000.00,3.880385,99.984375
08:00:27,91282CLQ2,TSRYS5906509,D,S,D,2024-10-18,1000000.00,3.880385,99.984375
08:00:28,91282CLQ2,TSRYS5906509,D,S,D,2024-10-18,1000000.00,3.881084,99.982421875
08:00:28,91282CLQ2,TSRYS5906509,D,S,D,2024-10-18,1000000.00,3.89648,99.939453125
08:00:30,91282CLQ2,TSRYS5906509,D,S,T,2024-10-18,1000000.00,3.888781,99.9609375
08:00:30,91282CLQ2,TSRYS5906509,D,S,T,2024-10-18,1000000.00,3.888781,99.9609375
08:00:30,91282CLQ2,TSRYS5906509,D,S,T,2024-10-18,1000000.00,3.888781,99.9609375
08:00:30,91282CLQ2,TSRYS5906509,D,S,T,2024-10-18,1000000.00,3.889481,99.958984375
08:00:30,91282CLQ2,TSRYS5906509,D,S,T,2024-10-18,1000000.00,3.888781,99.9609375
08:00:30,91282CLQ2,TSRYS5906509,D,S,T,2024-10-18,1000000.00,3.888781,99.9609375
08:00:30,91282CLQ2,TSRYS5906509,D,S,T,2024-10-18,1000000.00,3.888781,99.9609375
08:00:30,91282CLQ2,TSRYS5906509,D,S,D,2024-10-18,1000000.00,3.890181,99.95703125
08:00:30,91282CLQ2,TSRYS5906509,D,S,D,2024-10-18,1000000.00,3.890181,99.95703125
08:00:30,91282CLQ2,TSRYS5906509,D,S,T,2024-10-18,1000000.00,3.890881,99.955078125
08:00:30,91282CLQ2,TSRYS5906509,D,S,T,2024-10-18,1000000.00,3.890881,99.955078125
08:00:30,91282CLQ2,TSRYS5906509,D,S,T,2024-10-18,1000000.00,3.890881,99.955078125
08:00:30,91282CLQ2,TSRYS5906509,D,S,T,2024-10-18,1000000.00,3.888081,99.962890625
08:00:30,91282CLQ2,TSRYS5906509,D,S,T,2024-10-18,1000000.00,3.884583,99.97265625
08:00:30,91282CLQ2,TSRYS5906509,D,S,T,2024-10-18,1000000.00,3.884583,99.97265625
08:00:30,91282CLQ2,TSRYS5906509,D,S,T,2024-10-18,1000000.00,3.883183,99.9765625
08:00:30,91282CLQ2,TSRYS5906509,D,S,T,2024-10-18,1000000.00,3.880385,99.984375
08:00:30,91282CLQ2,TSRYS5906509,D,S,T,2024-10-18,1000000.00,3.880385,99.984375
08:00:30,91282CLQ2,TSRYS5906509,D,S,T,2024-10-18,1000000.00,3.881784,99.98046875
08:00:30,91282CLQ2,TSRYS5906509,D,S,T,2024-10-18,1000000.00,3.883183,99.9765625
08:00:30,91282CLQ2,TSRYS5906509,D,S,T,2024-10-18,1000000.00,3.883183,99.9765625
08:00:30,91282CLQ2,TSRYS5906509,D,S,T,2024-10-18,1000000.00,3.881784,99.98046875
08:00:30,91282CLQ2,TSRYS5906509,D,S,T,2024-10-18,2000000.00,3.879685,99.986328125
08:00:30,91282CLQ2,TSRYS5906509,D,S,T,2024-10-18,1000000.00,3.880385,99.984375
08:00:30,91282CLQ2,TSRYS5906509,D,S,T,2024-10-18,1000000.00,3.885982,99.96875
08:00:30,91282CLQ2,TSRYS5906509,D,S,T,2024-10-18,1000000.00,3.884583,99.97265625
08:00:30,91282CLQ2,TSRYS5906509,D,S,T,2024-10-18,1000000.00,3.884583,99.97265625
08:00:30,91282CLQ2,TSRYS5906509,D,S,T,2024-10-18,1000000.00,3.885282,99.970703125
08:00:30,91282CLQ2,TSRYS5906509,D,S,T,2024-10-18,1000000.00,3.886682,99.966796875
08:00:30,91282CLQ2,TSRYS5906509,D,S,T,2024-10-18,1000000.00,3.884583,99.97265625
08:00:30,91282CLQ2,TSRYS5906509,D,S,T,2024-10-18,1000000.00,3.885982,99.96875
08:00:30,91282CLQ2,TSRYS5906509,D,S,T,2024-10-18,1000000.00,3.884583,99.97265625
08:00:30,91282CLQ2,TSRYS5906509,D,S,T,2024-10-18,2000000.00,3.883883,99.974609375
08:00:30,91282CLQ2,TSRYS5906509,D,S,T,2024-10-18,1000000.00,3.883883,99.974609375
08:00:30,91282CLQ2,TSRYS5906509,D,S,T,2024-10-18,1000000.00,3.884583,99.97265625
08:00:30,91282CLQ2,TSRYS5906509,D,S,T,2024-10-18,2000000.00,3.884583,99.97265625
08:00:30,91282CLQ2,TSRYS5906509,D,S,T,2024-10-18,1000000.00,3.884583,99.97265625
08:00:30,91282CLQ2,TSRYS5906509,D,S,T,2024-10-18,1000000.00,3.883883,99.974609375
08:00:30,91282CLQ2,TSRYS5906509,D,S,T,2024-10-18,3000000.00,3.884583,99.97265625
08:00:30,91282CLQ2,TSRYS5906509,D,S,T,2024-10-18,1000000.00,3.883183,99.9765625
08:00:30,91282CLQ2,TSRYS5906509,D,S,T,2024-10-18,1000000.00,3.883183,99.9765625
08:00:30,91282CLQ2,TSRYS5906509,D,S,T,2024-10-18,1000000.00,3.883183,99.9765625
08:00:30,91282CLQ2,TSRYS5906509,D,S,T,2024-10-18,1000000.00,3.883183,99.9765625
08:00:30,91282CLQ2,TSRYS5906509,D,S,T,2024-10-18,1000000.00,3.883883,99.974609375
08:00:30,91282CLQ2,TSRYS5906509,D,S,T,2024-10-18,1000000.00,3.881784,99.98046875
08:00:30,91282CLQ2,TSRYS5906509,D,S,T,2024-10-18,1000000.00,3.880385,99.984375
08:00:30,91282CLQ2,TSRYS5906509,D,S,T,2024-10-18,1000000.00,3.880385,99.984375
08:00:30,91282CLQ2,TSRYS5906509,D,S,T,2024-10-18,1000000.00,3.880385,99.984375
08:00:30,91282CLQ2,TSRYS5906509,D,S,T,2024-10-18,1000000.00,3.880385,99.984375
08:00:30,91282CLQ2,TSRYS5906509,D,S,T,2024-10-18,4000000.00,3.881084,99.982421875
08:00:30,91282CLQ2,TSRYS5906509,D,S,T,2024-10-18,1000000.00,3.881084,99.982421875
08:00:30,91282CLQ2,TSRYS5906509,D,S,T,2024-10-18,1000000.00,3.881784,99.98046875
08:00:30,91282CLQ2,TSRYS5906509,D,S,T,2024-10-18,2000000.00,3.881084,99.982421875
08:00:30,91282CLQ2,TSRYS5906509,D,S,T,2024-10-18,1000000.00,3.883183,99.9765625
08:00:30,91282CLQ2,TSRYS5906509,D,S,T,2024-10-18,1000000.00,3.883183,99.9765625
08:00:30,91282CLQ2,TSRYS5906509,D,S,T,2024-10-18,1000000.00,3.883183,99.9765625
08:00:30,91282CLQ2,TSRYS5906509,D,S,T,2024-10-18,1000000.00,3.883183,99.9765625
08:00:30,91282CLQ2,TSRYS5906509,D,S,T,2024-10-18,1000000.00,3.883183,99.9765625
08:00:30,91282CLQ2,TSRYS5906509,D,S,T,2024-10-18,1000000.00,3.884583,99.97265625
08:00:30,91282CLQ2,TSRYS5906509,D,S,T,2024-10-18,1000000.00,3.884583,99.97265625
08:00:30,91282CLQ2,TSRYS5906509,D,S,T,2024-10-18,1000000.00,3.885282,99.970703125
08:00:30,91282CLQ2,TSRYS5906509,D,S,T,2024-10-18,1000000.00,3.883183,99.9765625
08:00:30,91282CLQ2,TSRYS5906509,D,S,T,2024-10-18,4000000.00,3.883883,99.974609375
08:00:30,91282CLQ2,TSRYS5906509,D,S,T,2024-10-18,1000000.00,3.883883,99.974609375
08:00:30,91282CLQ2,TSRYS5906509,D,S,T,2024-10-18,1000000.00,3.883883,99.974609375
08:00:30,91282CLQ2,TSRYS5906509,D,S,T,2024-10-18,1000000.00,3.883183,99.9765625
08:00:30,91282CLQ2,TSRYS5906509,D,S,T,2024-10-18,1000000.00,3.883183,99.9765625
08:00:30,91282CLQ2,TSRYS5906509,D,S,T,2024-10-18,2000000.00,3.883883,99.974609375
08:00:30,91282CLQ2,TSRYS5906509,D,S,T,2024-10-18,1000000.00,3.884583,99.97265625
08:00:30,91282CLQ2,TSRYS5906509,D,S,T,2024-10-18,1000000.00,3.884583,99.97265625
08:00:30,91282CLQ2,TSRYS5906509,D,S,T,2024-10-18,3000000.00,3.884583,99.97265625
08:00:30,91282CLQ2,TSRYS5906509,D,S,T,2024-10-18,1000000.00,3.884583,99.97265625
08:00:30,91282CLQ2,TSRYS5906509,D,S,T,2024-10-18,1000000.00,3.884583,99.97265625
08:00:30,91282CLQ2,TSRYS5906509,D,S,T,2024-10-18,2000000.00,3.885982,99.96875
08:00:30,91282CLQ2,TSRYS5906509,D,S,T,2024-10-18,2000000.00,3.885982,99.96875
08:00:30,91282CLQ2,TSRYS5906509,D,S,D,2024-10-18,1000000.00,3.887382,99.96484375
08:00:30,91282CLQ2,TSRYS5906509,D,B,C,2024-10-18,1000000.00,3.887382,99.96484375
08:00:30,91282CLQ2,TSRYS5906509,D,S,T,2024-10-18,2000000.00,3.886682,99.966796875
08:00:30,91282CLQ2,TSRYS5906509,D,S,T,2024-10-18,1000000.00,3.887382,99.96484375
08:00:30,91282CLQ2,TSRYS5906509,D,S,T,2024-10-18,1000000.00,3.887382,99.96484375
08:00:30,91282CLQ2,TSRYS5906509,D,S,T,2024-10-18,2000000.00,3.887382,99.96484375
08:00:30,91282CLQ2,TSRYS5906509,D,S,T,2024-10-18,1000000.00,3.887382,99.96484375
08:00:30,91282CLQ2,TSRYS5906509,D,S,T,2024-10-18,1000000.00,3.887382,99.96484375
08:00:30,91282CLQ2,TSRYS5906509,D,S,T,2024-10-18,2000000.00,3.888781,99.9609375
08:00:30,91282CLQ2,TSRYS5906509,D,S,T,2024-10-18,1000000.00,3.888781,99.9609375
08:00:30,91282CLQ2,TSRYS5906509,D,S,T,2024-10-18,1000000.00,3.885982,99.96875
08:00:30,91282CLQ2,TSRYS5906509,D,S,T,2024-10-18,1000000.00,3.885982,99.96875
08:00:30,91282CLQ2,TSRYS5906509,D,S,T,2024-10-18,1000000.00,3.887382,99.96484375
08:00:30,91282CLQ2,TSRYS5906509,D,S,T,2024-10-18,1000000.00,3.887382,99.96484375
08:00:30,91282CLQ2,TSRYS5906509,D,S,T,2024-10-18,1000000.00,3.885982,99.96875
08:00:30,91282CLQ2,TSRYS5906509,D,S,T,2024-10-18,1000000.00,3.887382,99.96484375
08:00:30,91282CLQ2,TSRYS5906509,D,S,T,2024-10-18,1000000.00,3.890181,99.95703125
08:00:30,91282CLQ2,TSRYS5906509,D,S,T,2024-10-18,1000000.00,3.890181,99.95703125
08:00:30,91282CLQ2,TSRYS5906509,D,S,T,2024-10-18,1000000.00,3.89298,99.94921875
08:00:30,91282CLQ2,TSRYS5906509,D,S,T,2024-10-18,1000000.00,3.89368,99.947265625
08:00:30,91282CLQ2,TSRYS5906509,D,S,T,2024-10-18,1000000.00,3.89298,99.94921875
08:00:30,91282CLQ2,TSRYS5906509,D,S,T,2024-10-18,1000000.00,3.89298,99.94921875
08:00:30,91282CLQ2,TSRYS5906509,D,S,T,2024-10-18,1000000.00,3.89298,99.94921875
08:00:30,91282CLQ2,TSRYS5906509,D,S,T,2024-10-18,1000000.00,3.89298,99.94921875
08:00:30,91282CLQ2,TSRYS5906509,D,S,T,2024-10-18,4000000.00,3.89298,99.94921875
08:00:30,91282CLQ2,TSRYS5906509,D,S,T,2024-10-18,1000000.00,3.89298,99.94921875
08:00:30,91282CLQ2,TSRYS5906509,D,S,T,2024-10-18,1000000.00,3.89298,99.94921875
08:00:30,91282CLQ2,TSRYS5906509,D,S,T,2024-10-18,1000000.00,3.89648,99.939453125
08:00:30,91282CLQ2,TSRYS5906509,D,S,T,2024-10-18,1000000.00,3.89648,99.939453125
08:00:30,91282CLQ2,TSRYS5906509,D,S,T,2024-10-18,1000000.00,3.89578,99.94140625
08:00:30,91282CLQ2,TSRYS5906509,D,S,T,2024-10-18,1000000.00,3.89718,99.9375
08:00:30,91282CLQ2,TSRYS5906509,D,S,T,2024-10-18,1000000.00,3.89648,99.939453125
08:00:30,91282CLQ2,TSRYS5906509,D,S,T,2024-10-18,1000000.00,3.89578,99.94140625
08:00:30,91282CLQ2,TSRYS5906509,D,S,T,2024-10-18,1000000.00,3.89578,99.94140625
08:00:30,91282CLQ2,TSRYS5906509,D,S,T,2024-10-18,1000000.00,3.89718,99.9375
08:00:30,91282CLQ2,TSRYS5906509,D,S,T,2024-10-18,2000000.00,3.89718,99.9375
08:00:30,91282CLQ2,TSRYS5906509,D,S,T,2024-10-18,1000000.00,3.89578,99.94140625
08:00:30,91282CLQ2,TSRYS5906509,D,S,T,2024-10-18,1000000.00,3.89718,99.9375
08:00:30,91282CLQ2,TSRYS5906509,D,S,T,2024-10-18,1000000.00,3.89718,99.9375
08:00:30,91282CLQ2,TSRYS5906509,D,S,T,2024-10-18,1000000.00,3.89858,99.93359375
08:00:30,91282CLQ2,TSRYS5906509,D,S,T,2024-10-18,1000000.00,3.89928,99.931640625
08:00:30,91282CLQ2,TSRYS5906509,D,S,T,2024-10-18,3000000.00,3.89788,99.935546875
08:00:30,91282CLQ2,TSRYS5906509,D,S,T,2024-10-18,1000000.00,3.89788,99.935546875
08:00:30,91282CLQ2,TSRYS5906509,D,S,T,2024-10-18,1000000.00,3.89998,99.9296875
08:00:30,91282CLQ2,TSRYS5906509,D,S,T,2024-10-18,1000000.00,3.89858,99.93359375
08:00:30,91282CLQ2,TSRYS5906509,D,S,T,2024-10-18,1000000.00,3.89858,99.93359375
08:00:30,91282CLQ2,TSRYS5906509,D,S,T,2024-10-18,1000000.00,3.89858,99.93359375
08:00:30,91282CLQ2,TSRYS5906509,D,S,T,2024-10-18,1000000.00,3.89858,99.93359375
08:00:30,91282CLQ2,TSRYS5906509,D,S,T,2024-10-18,1000000.00,3.89998,99.9296875
08:00:30,91282CLQ2,TSRYS5906509,D,S,T,2024-10-18,2000000.00,3.90068,99.927734375
08:00:30,91282CLQ2,TSRYS5906509,D,S,T,2024-10-18,2000000.00,3.89998,99.9296875
08:00:30,91282CLQ2,TSRYS5906509,D,S,T,2024-10-18,1000000.00,3.89858,99.93359375
08:00:30,91282CLQ2,TSRYS5906509,D,S,T,2024-10-18,2000000.00,3.89858,99.93359375
08:00:30,91282CLQ2,TSRYS5906509,D,S,T,2024-10-18,1000000.00,3.89858,99.93359375
08:00:30,91282CLQ2,TSRYS5906509,D,S,T,2024-10-18,1000000.00,3.89718,99.9375
08:00:30,91282CLQ2,TSRYS5906509,D,S,T,2024-10-18,1000000.00,3.89718,99.9375
08:00:30,91282CLQ2,TSRYS5906509,D,S,T,2024-10-18,1000000.00,3.89648,99.939453125
08:00:30,91282CLQ2,TSRYS5906509,D,S,T,2024-10-18,1000000.00,3.89578,99.94140625
08:00:30,91282CLQ2,TSRYS5906509,D,S,T,2024-10-18,1000000.00,3.89578,99.94140625
08:00:30,91282CLQ2,TSRYS5906509,D,S,T,2024-10-18,1000000.00,3.89578,99.94140625
08:00:30,91282CLQ2,TSRYS5906509,D,S,T,2024-10-18,1000000.00,3.89578,99.94140625
08:00:30,91282CLQ2,TSRYS5906509,D,S,T,2024-10-18,1000000.00,3.89578,99.94140625
08:00:30,91282CLQ2,TSRYS5906509,D,S,T,2024-10-18,1000000.00,3.89578,99.94140625
08:00:30,91282CLQ2,TSRYS5906509,D,S,T,2024-10-18,1000000.00,3.89578,99.94140625
08:00:30,91282CLQ2,TSRYS5906509,D,S,T,2024-10-18,1000000.00,3.89578,99.94140625
08:00:30,91282CLQ2,TSRYS5906509,D,S,T,2024-10-18,1000000.00,3.89578,99.94140625
08:00:30,91282CLQ2,TSRYS5906509,D,S,T,2024-10-18,2000000.00,3.89578,99.94140625
08:00:30,91282CLQ2,TSRYS5906509,D,S,T,2024-10-18,1000000.00,3.89578,99.94140625
08:00:30,91282CLQ2,TSRYS5906509,D,S,T,2024-10-18,1000000.00,3.89578,99.94140625
08:00:30,91282CLQ2,TSRYS5906509,D,S,T,2024-10-18,1000000.00,3.89578,99.94140625
08:00:30,91282CLQ2,TSRYS5906509,D,S,T,2024-10-18,1000000.00,3.89578,99.94140625
08:00:30,91282CLQ2,TSRYS5906509,D,S,T,2024-10-18,1000000.00,3.89578,99.94140625
08:00:30,91282CLQ2,TSRYS5906509,D,S,T,2024-10-18,1000000.00,3.89578,99.94140625
08:00:30,91282CLQ2,TSRYS5906509,D,S,T,2024-10-18,2000000.00,3.89578,99.94140625
08:00:30,91282CLQ2,TSRYS5906509,D,S,T,2024-10-18,1000000.00,3.89578,99.94140625
08:00:30,91282CLQ2,TSRYS5906509,D,S,T,2024-10-18,1000000.00,3.89578,99.94140625
08:00:30,91282CLQ2,TSRYS5906509,D,S,T,2024-10-18,1000000.00,3.89578,99.94140625
08:00:30,91282CLQ2,TSRYS5906509,D,S,T,2024-10-18,1000000.00,3.89578,99.94140625
08:00:30,91282CLQ2,TSRYS5906509,D,S,T,2024-10-18,1000000.00,3.89438,99.9453125
08:00:30,91282CLQ2,TSRYS5906509,D,S,T,2024-10-18,1000000.00,3.89298,99.94921875
08:00:30,91282CLQ2,TSRYS5906509,D,S,T,2024-10-18,1000000.00,3.890181,99.95703125
08:00:30,91282CLQ2,TSRYS5906509,D,S,T,2024-10-18,1000000.00,3.890181,99.95703125
08:00:30,91282CLQ2,TSRYS5906509,D,S,T,2024-10-18,1000000.00,3.890181,99.95703125
08:00:30,91282CLQ2,TSRYS5906509,D,S,T,2024-10-18,1000000.00,3.890181,99.95703125
08:00:30,91282CLQ2,TSRYS5906509,D,S,T,2024-10-18,1000000.00,3.890181,99.95703125
08:00:30,91282CLQ2,TSRYS5906509,D,S,T,2024-10-18,1000000.00,3.890181,99.95703125
08:00:30,91282CLQ2,TSRYS5906509,D,S,T,2024-10-18,1000000.00,3.890181,99.95703125
08:00:30,91282CLQ2,TSRYS5906509,D,S,T,2024-10-18,1000000.00,3.890181,99.95703125
08:00:30,91282CLQ2,TSRYS5906509,D,S,T,2024-10-18,1000000.00,3.890181,99.95703125
08:00:30,91282CLQ2,TSRYS5906509,D,S,T,2024-10-18,1000000.00,3.891581,99.953125
08:00:30,91282CLQ2,TSRYS5906509,D,S,T,2024-10-18,1000000.00,3.891581,99.953125
08:00:30,91282CLQ2,TSRYS5906509,D,S,T,2024-10-18,1000000.00,3.891581,99.953125
08:00:30,91282CLQ2,TSRYS5906509,D,S,T,2024-10-18,1000000.00,3.891581,99.953125
08:00:30,91282CLQ2,TSRYS5906509,D,S,T,2024-10-18,1000000.00,3.891581,99.953125
08:00:30,91282CLQ2,TSRYS5906509,D,S,T,2024-10-18,1000000.00,3.891581,99.953125
08:00:30,91282CLQ2,TSRYS5906509,D,S,T,2024-10-18,1000000.00,3.891581,99.953125
08:00:30,91282CLQ2,TSRYS5906509,D,S,T,2024-10-18,1000000.00,3.891581,99.953125
08:00:30,91282CLQ2,TSRYS5906509,D,S,T,2024-10-18,1000000.00,3.891581,99.953125
08:00:30,91282CLQ2,TSRYS5906509,D,S,T,2024-10-18,1000000.00,3.891581,99.953125
08:00:30,91282CLQ2,TSRYS5906509,D,S,T,2024-10-18,1000000.00,3.891581,99.953125
08:00:30,91282CLQ2,TSRYS5906509,D,S,T,2024-10-18,1000000.00,3.891581,99.953125
08:00:30,91282CLQ2,TSRYS5906509,D,S,T,2024-10-18,1000000.00,3.891581,99.953125
08:00:30,91282CLQ2,TSRYS5906509,D,S,T,2024-10-18,1000000.00,3.891581,99.953125
08:00:30,91282CLQ2,TSRYS5906509,D,S,T,2024-10-18,1000000.00,3.891581,99.953125
08:00:30,91282CLQ2,TSRYS5906509,D,S,T,2024-10-18,1000000.00,3.891581,99.953125
08:00:30,91282CLQ2,TSRYS5906509,D,S,T,2024-10-18,1000000.00,3.891581,99.953125
08:00:30,91282CLQ2,TSRYS5906509,D,S,T,2024-10-18,1000000.00,3.89298,99.94921875
08:00:30,91282CLQ2,TSRYS5906509,D,S,T,2024-10-18,1000000.00,3.89298,99.94921875
08:00:30,91282CLQ2,TSRYS5906509,D,S,T,2024-10-18,1000000.00,3.89438,99.9453125
08:00:30,91282CLQ2,TSRYS5906509,D,S,T,2024-10-18,1000000.00,3.89578,99.94140625
08:00:30,91282CLQ2,TSRYS5906509,D,S,T,2024-10-18,3000000.00,3.89718,99.9375
08:00:30,91282CLQ2,TSRYS5906509,D,S,T,2024-10-18,1000000.00,3.89718,99.9375
08:00:30,91282CLQ2,TSRYS5906509,D,S,T,2024-10-18,1000000.00,3.89718,99.9375
08:00:30,91282CLQ2,TSRYS5906509,D,S,T,2024-10-18,1000000.00,3.89718,99.9375
08:00:30,91282CLQ2,TSRYS5906509,D,S,T,2024-10-18,1000000.00,3.89718,99.9375
08:00:30,91282CLQ2,TSRYS5906509,D,S,T,2024-10-18,4000000.00,3.89718,99.9375
08:00:30,91282CLQ2,TSRYS5906509,D,S,T,2024-10-18,9000000.00,3.89718,99.9375
08:00:30,91282CLQ2,TSRYS5906509,D,S,T,2024-10-18,1000000.00,3.89718,99.9375
08:00:30,91282CLQ2,TSRYS5906509,D,S,T,2024-10-18,1000000.00,3.89718,99.9375
08:00:30,91282CLQ2,TSRYS5906509,D,S,T,2024-10-18,1000000.00,3.89718,99.9375
08:00:30,91282CLQ2,TSRYS5906509,D,S,T,2024-10-18,1000000.00,3.89718,99.9375
08:00:30,91282CLQ2,TSRYS5906509,D,S,T,2024-10-18,1000000.00,3.89718,99.9375
08:00:30,91282CLQ2,TSRYS5906509,D,S,T,2024-10-18,1000000.00,3.89718,99.9375
08:00:30,91282CLQ2,TSRYS5906509,D,S,T,2024-10-18,1000000.00,3.89718,99.9375
08:00:30,91282CLQ2,TSRYS5906509,D,S,T,2024-10-18,1000000.00,3.89718,99.9375
08:00:30,91282CLQ2,TSRYS5906509,D,S,T,2024-10-18,1000000.00,3.89718,99.9375
08:00:30,91282CLQ2,TSRYS5906509,D,S,T,2024-10-18,1000000.00,3.89718,99.9375
08:00:30,91282CLQ2,TSRYS5906509,D,S,T,2024-10-18,1000000.00,3.89718,99.9375
08:00:30,91282CLQ2,TSRYS5906509,D,S,T,2024-10-18,1000000.00,3.89718,99.9375
08:00:30,91282CLQ2,TSRYS5906509,D,S,T,2024-10-18,1000000.00,3.89718,99.9375
08:00:30,91282CLQ2,TSRYS5906509,D,S,T,2024-10-18,1000000.00,3.89858,99.93359375
08:00:30,91282CLQ2,TSRYS5906509,D,S,T,2024-10-18,1000000.00,3.89578,99.94140625
08:00:30,91282CLQ2,TSRYS5906509,D,S,T,2024-10-18,2000000.00,3.89578,99.94140625
08:00:30,91282CLQ2,TSRYS5906509,D,S,T,2024-10-18,1000000.00,3.89438,99.9453125
08:00:30,91282CLQ2,TSRYS5906509,D,S,T,2024-10-18,1000000.00,3.89438,99.9453125
08:00:30,91282CLQ2,TSRYS5906509,D,S,T,2024-10-18,1000000.00,3.89438,99.9453125
08:00:30,91282CLQ2,TSRYS5906509,D,S,T,2024-10-18,1000000.00,3.89578,99.94140625
08:00:30,91282CLQ2,TSRYS5906509,D,S,T,2024-10-18,1000000.00,3.89578,99.94140625
08:00:30,91282CLQ2,TSRYS5906509,D,S,T,2024-10-18,1000000.00,3.89578,99.94140625
08:00:30,91282CLQ2,TSRYS5906509,D,S,T,2024-10-18,1000000.00,3.89578,99.94140625
08:00:30,91282CLQ2,TSRYS5906509,D,S,T,2024-10-18,1000000.00,3.89578,99.94140625
08:00:30,91282CLQ2,TSRYS5906509,D,S,T,2024-10-18,1000000.00,3.89578,99.94140625
08:00:30,91282CLQ2,TSRYS5906509,D,S,T,2024-10-18,1000000.00,3.89438,99.9453125
08:00:30,91282CLQ2,TSRYS5906509,D,S,T,2024-10-18,2000000.00,3.89578,99.94140625
08:00:30,91282CLQ2,TSRYS5906509,D,S,T,2024-10-18,1000000.00,3.89438,99.9453125
08:00:30,91282CLQ2,TSRYS5906509,D,S,T,2024-10-18,1000000.00,3.89438,99.9453125
08:00:30,91282CLQ2,TSRYS5906509,D,S,T,2024-10-18,1000000.00,3.89438,99.9453125
08:00:30,91282CLQ2,TSRYS5906509,D,S,T,2024-10-18,1000000.00,3.89438,99.9453125
08:00:30,91282CLQ2,TSRYS5906509,D,S,T,2024-10-18,1000000.00,3.89438,99.9453125
08:00:30,91282CLQ2,TSRYS5906509,D,S,T,2024-10-18,1000000.00,3.89438,99.9453125
08:00:30,91282CLQ2,TSRYS5906509,D,S,T,2024-10-18,2000000.00,3.89438,99.9453125
08:00:30,91282CLQ2,TSRYS5906509,D,S,T,2024-10-18,1000000.00,3.89368,99.947265625
08:00:30,91282CLQ2,TSRYS5906509,D,S,T,2024-10-18,1000000.00,3.89438,99.9453125
08:00:30,91282CLQ2,TSRYS5906509,D,S,T,2024-10-18,2000000.00,3.89438,99.9453125
08:00:30,91282CLQ2,TSRYS5906509,D,S,T,2024-10-18,2000000.00,3.89368,99.947265625
08:00:30,91282CLQ2,TSRYS5906509,D,S,T,2024-10-18,1000000.00,3.89298,99.94921875
08:00:30,91282CLQ2,TSRYS5906509,D,S,T,2024-10-18,1000000.00,3.89298,99.94921875
08:00:30,91282CLQ2,TSRYS5906509,D,S,T,2024-10-18,2000000.00,3.89298,99.94921875
08:00:30,91282CLQ2,TSRYS5906509,D,S,T,2024-10-18,1000000.00,3.891581,99.953125
08:00:30,91282CLQ2,TSRYS5906509,D,S,T,2024-10-18,1000000.00,3.891581,99.953125
08:00:30,91282CLQ2,TSRYS5906509,D,S,T,2024-10-18,1000000.00,3.891581,99.953125
08:00:30,91282CLQ2,TSRYS5906509,D,S,T,2024-10-18,1000000.00,3.891581,99.953125
08:00:30,91282CLQ2,TSRYS5906509,D,S,T,2024-10-18,1000000.00,3.891581,99.953125
08:00:30,91282CLQ2,TSRYS5906509,D,S,T,2024-10-18,2000000.00,3.89508,99.943359375
08:00:30,91282CLQ2,TSRYS5906509,D,S,T,2024-10-18,1000000.00,3.89578,99.94140625
08:00:30,91282CLQ2,TSRYS5906509,D,S,T,2024-10-18,1000000.00,3.89578,99.94140625
08:00:30,91282CLQ2,TSRYS5906509,D,S,T,2024-10-18,1000000.00,3.89578,99.94140625
08:00:30,91282CLQ2,TSRYS5906509,D,S,T,2024-10-18,1000000.00,3.89578,99.94140625
08:00:30,91282CLQ2,TSRYS5906509,D,S,T,2024-10-18,1000000.00,3.89578,99.94140625
08:00:30,91282CLQ2,TSRYS5906509,D,S,T,2024-10-18,1000000.00,3.89578,99.94140625
08:00:31,91282CLQ2,TSRYS5906509,D,S,T,2024-10-18,1000000.00,3.89578,99.94140625
08:00:31,91282CLQ2,TSRYS5906509,D,S,T,2024-10-18,1000000.00,3.89578,99.94140625
08:00:31,91282CLQ2,TSRYS5906509,D,S,T,2024-10-18,1000000.00,3.89718,99.9375
08:00:31,91282CLQ2,TSRYS5906509,D,S,T,2024-10-18,1000000.00,3.89718,99.9375
08:00:31,91282CLQ2,TSRYS5906509,D,S,T,2024-10-18,1000000.00,3.89718,99.9375
08:00:31,91282CLQ2,TSRYS5906509,D,S,T,2024-10-18,1000000.00,3.89718,99.9375
08:00:31,91282CLQ2,TSRYS5906509,D,S,T,2024-10-18,1000000.00,3.89298,99.94921875
08:00:31,91282CLQ2,TSRYS5906509,D,S,T,2024-10-18,1000000.00,3.89508,99.943359375
08:00:31,91282CLQ2,TSRYS5906509,D,S,T,2024-10-18,1000000.00,3.89438,99.9453125
08:00:31,91282CLQ2,TSRYS5906509,D,S,T,2024-10-18,1000000.00,3.891581,99.953125
08:00:31,91282CLQ2,TSRYS5906509,D,S,T,2024-10-18,1000000.00,3.89298,99.94921875
08:00:31,91282CLQ2,TSRYS5906509,D,S,T,2024-10-18,1000000.00,3.891581,99.953125
08:00:31,91282CLQ2,TSRYS5906509,D,S,T,2024-10-18,1000000.00,3.890181,99.95703125
08:00:31,91282CLQ2,TSRYS5906509,D,S,T,2024-10-18,1000000.00,3.89298,99.94921875
08:00:31,91282CLQ2,TSRYS5906509,D,S,T,2024-10-18,1000000.00,3.89298,99.94921875
08:00:31,91282CLQ2,TSRYS5906509,D,S,T,2024-10-18,1000000.00,3.89298,99.94921875
08:00:31,91282CLQ2,TSRYS5906509,D,S,T,2024-10-18,1000000.00,3.89298,99.94921875
08:00:31,91282CLQ2,TSRYS5906509,D,S,T,2024-10-18,1000000.00,3.890181,99.95703125
08:00:31,91282CLQ2,TSRYS5906509,D,S,T,2024-10-18,1000000.00,3.888781,99.9609375
08:00:31,91282CLQ2,TSRYS5906509,D,S,T,2024-10-18,1000000.00,3.888781,99.9609375
08:00:31,91282CLQ2,TSRYS5906509,D,S,T,2024-10-18,1000000.00,3.888781,99.9609375
08:00:31,91282CLQ2,TSRYS5906509,D,S,T,2024-10-18,1000000.00,3.887382,99.96484375
08:00:31,91282CLQ2,TSRYS5906509,D,S,T,2024-10-18,1000000.00,3.884583,99.97265625
08:00:31,91282CLQ2,TSRYS5906509,D,S,T,2024-10-18,1000000.00,3.883183,99.9765625
08:00:31,91282CLQ2,TSRYS5906509,D,S,T,2024-10-18,1000000.00,3.884583,99.97265625
08:00:31,91282CLQ2,TSRYS5906509,D,S,T,2024-10-18,1000000.00,3.884583,99.97265625
08:00:31,91282CLQ2,TSRYS5906509,D,S,T,2024-10-18,1000000.00,3.887382,99.96484375
08:00:31,91282CLQ2,TSRYS5906509,D,S,T,2024-10-18,1000000.00,3.887382,99.96484375
08:00:31,91282CLQ2,TSRYS5906509,D,S,T,2024-10-18,1000000.00,3.885982,99.96875
08:00:31,91282CLQ2,TSRYS5906509,D,S,T,2024-10-18,1000000.00,3.885982,99.96875
08:00:31,91282CLQ2,TSRYS5906509,D,S,T,2024-10-18,1000000.00,3.884583,99.97265625
08:00:31,91282CLQ2,TSRYS5906509,D,S,T,2024-10-18,1000000.00,3.888781,99.9609375
08:00:31,91282CLQ2,TSRYS5906509,D,S,T,2024-10-18,1000000.00,3.888781,99.9609375
08:00:31,91282CLQ2,TSRYS5906509,D,S,T,2024-10-18,1000000.00,3.888781,99.9609375
08:00:31,91282CLQ2,TSRYS5906509,D,S,T,2024-10-18,1000000.00,3.888781,99.9609375
08:00:31,91282CLQ2,TSRYS5906509,D,S,T,2024-10-18,1000000.00,3.888781,99.9609375
08:00:31,91282CLQ2,TSRYS5906509,D,S,T,2024-10-18,1000000.00,3.888781,99.9609375
08:00:31,91282CLQ2,TSRYS5906509,D,S,T,2024-10-18,1000000.00,3.888781,99.9609375
08:00:31,91282CLQ2,TSRYS5906509,D,S,T,2024-10-18,1000000.00,3.888781,99.9609375
08:00:31,91282CLQ2,TSRYS5906509,D,S,T,2024-10-18,1000000.00,3.888781,99.9609375
08:00:31,91282CLQ2,TSRYS5906509,D,S,T,2024-10-18,1000000.00,3.888781,99.9609375
08:00:31,91282CLQ2,TSRYS5906509,D,S,T,2024-10-18,1000000.00,3.888781,99.9609375
08:00:31,91282CLQ2,TSRYS5906509,D,S,T,2024-10-18,1000000.00,3.888781,99.9609375
08:00:31,91282CLQ2,TSRYS5906509,D,S,T,2024-10-18,1000000.00,3.890181,99.95703125
08:00:31,91282CLQ2,TSRYS5906509,D,S,T,2024-10-18,1000000.00,3.887382,99.96484375
08:00:31,91282CLQ2,TSRYS5906509,D,S,T,2024-10-18,1000000.00,3.887382,99.96484375
08:00:31,91282CLQ2,TSRYS5906509,D,S,T,2024-10-18,1000000.00,3.887382,99.96484375
08:00:31,91282CLQ2,TSRYS5906509,D,S,T,2024-10-18,1000000.00,3.887382,99.96484375
08:00:31,91282CLQ2,TSRYS5906509,D,S,T,2024-10-18,1000000.00,3.887382,99.96484375
08:00:31,91282CLQ2,TSRYS5906509,D,S,T,2024-10-18,1000000.00,3.887382,99.96484375
08:00:31,91282CLQ2,TSRYS5906509,D,S,T,2024-10-18,1000000.00,3.887382,99.96484375
08:00:31,91282CLQ2,TSRYS5906509,D,S,T,2024-10-18,1000000.00,3.887382,99.96484375
08:00:31,91282CLQ2,TSRYS5906509,D,S,T,2024-10-18,1000000.00,3.887382,99.96484375
08:00:31,91282CLQ2,TSRYS5906509,D,S,T,2024-10-18,1000000.00,3.887382,99.96484375
08:00:31,91282CLQ2,TSRYS5906509,D,S,T,2024-10-18,1000000.00,3.887382,99.96484375
08:00:31,91282CLQ2,TSRYS5906509,D,S,T,2024-10-18,1000000.00,3.887382,99.96484375
08:00:31,91282CLQ2,TSRYS5906509,D,S,T,2024-10-18,1000000.00,3.887382,99.96484375
08:00:31,91282CLQ2,TSRYS5906509,D,S,T,2024-10-18,1000000.00,3.887382,99.96484375
08:00:31,91282CLQ2,TSRYS5906509,D,S,T,2024-10-18,1000000.00,3.887382,99.96484375
08:00:31,91282CLQ2,TSRYS5906509,D,S,T,2024-10-18,1000000.00,3.887382,99.96484375
08:00:31,91282CLQ2,TSRYS5906509,D,S,T,2024-10-18,1000000.00,3.887382,99.96484375
08:00:31,91282CLQ2,TSRYS5906509,D,S,T,2024-10-18,1000000.00,3.887382,99.96484375
08:00:31,91282CLQ2,TSRYS5906509,D,S,T,2024-10-18,1000000.00,3.887382,99.96484375
08:00:31,91282CLQ2,TSRYS5906509,D,S,T,2024-10-18,1000000.00,3.887382,99.96484375
08:00:31,91282CLQ2,TSRYS5906509,D,S,T,2024-10-18,1000000.00,3.887382,99.96484375
08:00:31,91282CLQ2,TSRYS5906509,D,S,T,2024-10-18,1000000.00,3.887382,99.96484375
08:00:31,91282CLQ2,TSRYS5906509,D,S,T,2024-10-18,1000000.00,3.887382,99.96484375
08:00:31,91282CLQ2,TSRYS5906509,D,S,T,2024-10-18,1000000.00,3.887382,99.96484375
08:00:31,91282CLQ2,TSRYS5906509,D,S,T,2024-10-18,1000000.00,3.887382,99.96484375
08:00:31,91282CLQ2,TSRYS5906509,D,S,T,2024-10-18,1000000.00,3.887382,99.96484375
08:00:31,91282CLQ2,TSRYS5906509,D,S,T,2024-10-18,1000000.00,3.887382,99.96484375
08:00:31,91282CLQ2,TSRYS5906509,D,S,T,2024-10-18,1000000.00,3.887382,99.96484375
08:00:31,91282CLQ2,TSRYS5906509,D,S,T,2024-10-18,1000000.00,3.887382,99.96484375
08:00:31,91282CLQ2,TSRYS5906509,D,S,T,2024-10-18,1000000.00,3.887382,99.96484375
08:00:31,91282CLQ2,TSRYS5906509,D,S,T,2024-10-18,1000000.00,3.887382,99.96484375
08:00:31,91282CLQ2,TSRYS5906509,D,S,T,2024-10-18,1000000.00,3.887382,99.96484375
08:00:31,91282CLQ2,TSRYS5906509,D,S,T,2024-10-18,1000000.00,3.887382,99.96484375
08:00:31,91282CLQ2,TSRYS5906509,D,S,T,2024-10-18,1000000.00,3.885982,99.96875
08:00:31,91282CLQ2,TSRYS5906509,D,S,T,2024-10-18,1000000.00,3.887382,99.96484375
08:00:31,91282CLQ2,TSRYS5906509,D,S,T,2024-10-18,1000000.00,3.887382,99.96484375
08:00:31,91282CLQ2,TSRYS5906509,D,S,T,2024-10-18,1000000.00,3.883183,99.9765625
08:00:31,91282CLQ2,TSRYS5906509,D,S,T,2024-10-18,1000000.00,3.883183,99.9765625
08:00:31,91282CLQ2,TSRYS5906509,D,S,T,2024-10-18,1000000.00,3.883183,99.9765625
08:00:31,91282CLQ2,TSRYS5906509,D,S,T,2024-10-18,1000000.00,3.883183,99.9765625
08:00:31,91282CLQ2,TSRYS5906509,D,S,T,2024-10-18,1000000.00,3.881784,99.98046875
08:00:31,91282CLQ2,TSRYS5906509,D,S,T,2024-10-18,1000000.00,3.890181,99.95703125
08:00:31,91282CLQ2,TSRYS5906509,D,S,T,2024-10-18,1000000.00,3.888781,99.9609375
08:00:31,91282CLQ2,TSRYS5906509,D,S,T,2024-10-18,1000000.00,3.888781,99.9609375
08:00:31,91282CLQ2,TSRYS5906509,D,S,T,2024-10-18,4000000.00,3.888781,99.9609375
08:00:31,91282CLQ2,TSRYS5906509,D,S,T,2024-10-18,1000000.00,3.890181,99.95703125
08:00:31,91282CLQ2,TSRYS5906509,D,S,T,2024-10-18,1000000.00,3.890181,99.95703125
08:00:31,91282CLQ2,TSRYS5906509,D,S,T,2024-10-18,2000000.00,3.891581,99.953125
08:00:31,91282CLQ2,TSRYS5906509,D,S,T,2024-10-18,10000000.00,3.89298,99.94921875
08:00:31,91282CLQ2,TSRYS5906509,D,S,T,2024-10-18,1000000.00,3.89578,99.94140625
08:00:31,91282CLQ2,TSRYS5906509,D,S,T,2024-10-18,1000000.00,3.89578,99.94140625
08:00:31,91282CLQ2,TSRYS5906509,D,S,T,2024-10-18,2000000.00,3.89648,99.939453125
08:00:31,91282CLQ2,TSRYS5906509,D,S,T,2024-10-18,2000000.00,3.89578,99.94140625
08:00:31,91282CLQ2,TSRYS5906509,D,S,T,2024-10-18,2000000.00,3.89578,99.94140625
08:00:31,91282CLQ2,TSRYS5906509,D,S,T,2024-10-18,1000000.00,3.89578,99.94140625
08:00:31,91282CLQ2,TSRYS5906509,D,S,T,2024-10-18,2000000.00,3.89718,99.9375
08:00:31,91282CLQ2,TSRYS5906509,D,S,T,2024-10-18,1000000.00,3.89788,99.935546875
08:00:31,91282CLQ2,TSRYS5906509,D,S,T,2024-10-18,1000000.00,3.89998,99.9296875
08:00:31,91282CLQ2,TSRYS5906509,D,S,T,2024-10-18,1000000.00,3.89998,99.9296875
08:00:31,91282CLQ2,TSRYS5906509,D,S,T,2024-10-18,1000000.00,3.89858,99.93359375
08:00:31,91282CLQ2,TSRYS5906509,D,S,T,2024-10-18,1000000.00,3.89718,99.9375
08:00:31,91282CLQ2,TSRYS5906509,D,S,T,2024-10-18,2000000.00,3.89438,99.9453125
08:00:31,91282CLQ2,TSRYS5906509,D,S,T,2024-10-18,1000000.00,3.89438,99.9453125
08:00:31,91282CLQ2,TSRYS5906509,D,S,T,2024-10-18,1000000.00,3.89578,99.94140625
08:00:31,91282CLQ2,TSRYS5906509,D,S,T,2024-10-18,1000000.00,3.89578,99.94140625
08:00:31,91282CLQ2,TSRYS5906509,D,S,T,2024-10-18,1000000.00,3.89438,99.9453125
08:00:31,91282CLQ2,TSRYS5906509,D,S,T,2024-10-18,1000000.00,3.89438,99.9453125
08:00:31,91282CLQ2,TSRYS5906509,D,S,T,2024-10-18,1000000.00,3.89578,99.94140625
08:00:31,91282CLQ2,TSRYS5906509,D,S,T,2024-10-18,1000000.00,3.89578,99.94140625
08:00:31,91282CLQ2,TSRYS5906509,D,S,T,2024-10-18,1000000.00,3.89578,99.94140625
08:00:31,91282CLQ2,TSRYS5906509,D,S,T,2024-10-18,1000000.00,3.89578,99.94140625
08:00:31,91282CLQ2,TSRYS5906509,D,S,T,2024-10-18,1000000.00,3.89438,99.9453125
08:00:31,91282CLQ2,TSRYS5906509,D,S,T,2024-10-18,1000000.00,3.89438,99.9453125
08:00:31,91282CLQ2,TSRYS5906509,D,S,T,2024-10-18,3000000.00,3.889481,99.958984375
08:00:31,91282CLQ2,TSRYS5906509,D,S,T,2024-10-18,1000000.00,3.890881,99.955078125
08:00:31,91282CLQ2,TSRYS5906509,D,S,T,2024-10-18,1000000.00,3.887382,99.96484375
08:00:31,91282CLQ2,TSRYS5906509,D,S,T,2024-10-18,1000000.00,3.883883,99.974609375
08:00:31,91282CLQ2,TSRYS5906509,D,S,T,2024-10-18,1000000.00,3.883883,99.974609375
08:00:31,91282CLQ2,TSRYS5906509,D,S,T,2024-10-18,1000000.00,3.883183,99.9765625
08:00:31,91282CLQ2,TSRYS5906509,D,S,T,2024-10-18,2000000.00,3.881784,99.98046875
08:00:31,91282CLQ2,TSRYS5906509,D,S,T,2024-10-18,2000000.00,3.879685,99.986328125
08:00:31,91282CLQ2,TSRYS5906509,D,S,T,2024-10-18,2000000.00,3.879685,99.986328125
08:00:31,91282CLQ2,TSRYS5906509,D,S,T,2024-10-18,1000000.00,3.879685,99.986328125
08:00:31,91282CLQ2,TSRYS5906509,D,B,C,2024-10-18,1000000.00,3.89298,99.94921875
08:00:31,91282CLQ2,TSRYS5906509,D,S,D,2024-10-18,1000000.00,3.89298,99.94921875
08:00:31,91282CLQ2,TSRYS5906509,D,S,T,2024-10-18,2000000.00,3.882484,99.978515625
08:00:31,91282CLQ2,TSRYS5906509,D,S,T,2024-10-18,1000000.00,3.881784,99.98046875
08:00:31,91282CLQ2,TSRYS5906509,D,S,T,2024-10-18,1000000.00,3.883183,99.9765625
08:00:31,91282CLQ2,TSRYS5906509,D,S,T,2024-10-18,2000000.00,3.883883,99.974609375
08:00:31,91282CLQ2,TSRYS5906509,D,S,T,2024-10-18,1000000.00,3.883883,99.974609375
08:00:31,91282CLQ2,TSRYS5906509,D,S,T,2024-10-18,2000000.00,3.884583,99.97265625
08:00:31,91282CLQ2,TSRYS5906509,D,S,T,2024-10-18,2000000.00,3.884583,99.97265625
08:00:31,91282CLQ2,TSRYS5906509,D,S,T,2024-10-18,1000000.00,3.883883,99.974609375
08:00:31,91282CLQ2,TSRYS5906509,D,S,T,2024-10-18,1000000.00,3.883883,99.974609375
08:00:31,91282CLQ2,TSRYS5906509,D,S,T,2024-10-18,2000000.00,3.884583,99.97265625
08:00:31,91282CLQ2,TSRYS5906509,D,S,T,2024-10-18,2000000.00,3.884583,99.97265625
08:00:31,91282CLQ2,TSRYS5906509,D,S,T,2024-10-18,2000000.00,3.884583,99.97265625
08:00:31,91282CLQ2,TSRYS5906509,D,S,T,2024-10-18,1000000.00,3.880385,99.984375
08:00:31,91282CLQ2,TSRYS5906509,D,S,T,2024-10-18,1000000.00,3.880385,99.984375
08:00:31,91282CLQ2,TSRYS5906509,D,S,T,2024-10-18,1000000.00,3.880385,99.984375
08:00:31,91282CLQ2,TSRYS5906509,D,B,C,2024-10-18,1000000.00,3.89648,99.939453125
08:00:31,91282CLQ2,TSRYS5906509,D,S,D,2024-10-18,1000000.00,3.89648,99.939453125
08:00:31,91282CLQ2,TSRYS5906509,D,B,C,2024-10-18,1000000.00,3.89648,99.939453125
08:00:31,91282CLQ2,TSRYS5906509,D,S,D,2024-10-18,1000000.00,3.89648,99.939453125
08:00:31,91282CLQ2,TSRYS5906509,D,S,D,2024-10-18,1000000.00,3.89578,99.94140625
08:00:32,91282CLQ2,TSRYS5906509,D,S,T,2024-10-18,2000000.00,3.881084,99.982421875
08:00:32,91282CLQ2,TSRYS5906509,D,S,T,2024-10-18,1000000.00,3.880385,99.984375
08:00:32,91282CLQ2,TSRYS5906509,D,S,T,2024-10-18,2000000.00,3.881084,99.982421875
08:00:32,91282CLQ2,TSRYS5906509,D,S,T,2024-10-18,2000000.00,3.881084,99.982421875
08:00:32,91282CLQ2,TSRYS5906509,D,S,T,2024-10-18,1000000.00,3.881084,99.982421875
08:00:32,91282CLQ2,TSRYS5906509,D,S,T,2024-10-18,1000000.00,3.881084,99.982421875
08:00:32,91282CLQ2,TSRYS5906509,D,S,T,2024-10-18,1000000.00,3.881784,99.98046875
08:00:32,91282CLQ2,TSRYS5906509,D,S,T,2024-10-18,1000000.00,3.881784,99.98046875
08:00:32,91282CLQ2,TSRYS5906509,D,S,T,2024-10-18,1000000.00,3.881784,99.98046875
08:00:32,91282CLQ2,TSRYS5906509,D,S,T,2024-10-18,1000000.00,3.881784,99.98046875
08:00:32,91282CLQ2,TSRYS5906509,D,S,T,2024-10-18,1000000.00,3.880385,99.984375
08:00:32,91282CLQ2,TSRYS5906509,D,S,T,2024-10-18,1000000.00,3.881784,99.98046875
08:00:32,91282CLQ2,TSRYS5906509,D,S,T,2024-10-18,1000000.00,3.884583,99.97265625
08:00:32,91282CLQ2,TSRYS5906509,D,S,T,2024-10-18,2000000.00,3.882484,99.978515625
08:00:32,91282CLQ2,TSRYS5906509,D,S,T,2024-10-18,2000000.00,3.883883,99.974609375
08:00:32,91282CLQ2,TSRYS5906509,D,S,T,2024-10-18,2000000.00,3.883883,99.974609375
08:00:32,91282CLQ2,TSRYS5906509,D,S,T,2024-10-18,2000000.00,3.883883,99.974609375
08:00:32,91282CLQ2,TSRYS5906509,D,S,T,2024-10-18,1000000.00,3.883883,99.974609375
08:00:32,91282CLQ2,TSRYS5906509,D,S,T,2024-10-18,1000000.00,3.883183,99.9765625
08:00:32,91282CLQ2,TSRYS5906509,D,S,T,2024-10-18,2000000.00,3.885982,99.96875
08:00:32,91282CLQ2,TSRYS5906509,D,S,T,2024-10-18,2000000.00,3.885982,99.96875
08:00:32,91282CLQ2,TSRYS5906509,D,S,T,2024-10-18,2000000.00,3.888781,99.9609375
08:00:32,91282CLQ2,TSRYS5906509,D,S,T,2024-10-18,1000000.00,3.89298,99.94921875
08:00:32,91282CLQ2,TSRYS5906509,D,S,T,2024-10-18,1000000.00,3.892281,99.951171875
08:00:32,91282CLQ2,TSRYS5906509,D,S,T,2024-10-18,2000000.00,3.89648,99.939453125
08:00:32,91282CLQ2,TSRYS5906509,D,S,T,2024-10-18,1000000.00,3.89648,99.939453125
08:00:32,91282CLQ2,TSRYS5906509,D,S,T,2024-10-18,3000000.00,3.89718,99.9375
08:00:32,91282CLQ2,TSRYS5906509,D,S,T,2024-10-18,1000000.00,3.90068,99.927734375
08:00:32,91282CLQ2,TSRYS5906509,D,S,T,2024-10-18,1000000.00,3.90068,99.927734375
08:00:32,91282CLQ2,TSRYS5906509,D,S,T,2024-10-18,1000000.00,3.89578,99.94140625
08:00:32,91282CLQ2,TSRYS5906509,D,S,T,2024-10-18,1000000.00,3.89578,99.94140625
08:00:32,91282CLQ2,TSRYS5906509,D,S,T,2024-10-18,1000000.00,3.89578,99.94140625
08:00:32,91282CLQ2,TSRYS5906509,D,S,T,2024-10-18,1000000.00,3.89578,99.94140625
08:00:32,91282CLQ2,TSRYS5906509,D,S,T,2024-10-18,2000000.00,3.89298,99.94921875
08:00:32,91282CLQ2,TSRYS5906509,D,S,T,2024-10-18,2000000.00,3.89298,99.94921875
08:00:32,91282CLQ2,TSRYS5906509,D,S,T,2024-10-18,2000000.00,3.89298,99.94921875
08:00:32,91282CLQ2,TSRYS5906509,D,S,T,2024-10-18,2000000.00,3.89298,99.94921875
08:00:32,91282CLQ2,TSRYS5906509,D,S,T,2024-10-18,1000000.00,3.890181,99.95703125
08:00:32,91282CLQ2,TSRYS5906509,D,S,T,2024-10-18,1000000.00,3.890181,99.95703125
08:00:32,91282CLQ2,TSRYS5906509,D,S,T,2024-10-18,1000000.00,3.890181,99.95703125
08:00:32,91282CLQ2,TSRYS5906509,D,S,T,2024-10-18,1000000.00,3.890181,99.95703125
08:00:32,91282CLQ2,TSRYS5906509,D,S,T,2024-10-18,1000000.00,3.891581,99.953125
08:00:32,91282CLQ2,TSRYS5906509,D,S,T,2024-10-18,1000000.00,3.891581,99.953125
08:00:32,91282CLQ2,TSRYS5906509,D,S,T,2024-10-18,1000000.00,3.891581,99.953125
08:00:32,91282CLQ2,TSRYS5906509,D,S,T,2024-10-18,1000000.00,3.891581,99.953125
08:00:32,91282CLQ2,TSRYS5906509,D,S,T,2024-10-18,2000000.00,3.89718,99.9375
08:00:32,91282CLQ2,TSRYS5906509,D,S,T,2024-10-18,2000000.00,3.89718,99.9375
08:00:32,91282CLQ2,TSRYS5906509,D,S,T,2024-10-18,2000000.00,3.89718,99.9375
08:00:32,91282CLQ2,TSRYS5906509,D,S,T,2024-10-18,2000000.00,3.89718,99.9375
08:00:32,91282CLQ2,TSRYS5906509,D,S,T,2024-10-18,2000000.00,3.89578,99.94140625
08:00:32,91282CLQ2,TSRYS5906509,D,S,T,2024-10-18,1000000.00,3.89578,99.94140625
08:00:32,91282CLQ2,TSRYS5906509,D,S,T,2024-10-18,1000000.00,3.89578,99.94140625
08:00:32,91282CLQ2,TSRYS5906509,D,S,T,2024-10-18,1000000.00,3.89578,99.94140625
08:00:32,91282CLQ2,TSRYS5906509,D,S,T,2024-10-18,1000000.00,3.89578,99.94140625
08:00:32,91282CLQ2,TSRYS5906509,D,S,T,2024-10-18,2000000.00,3.89438,99.9453125
08:00:32,91282CLQ2,TSRYS5906509,D,S,T,2024-10-18,2000000.00,3.89368,99.947265625
08:00:32,91282CLQ2,TSRYS5906509,D,S,T,2024-10-18,2000000.00,3.89508,99.943359375
08:00:32,91282CLQ2,TSRYS5906509,D,S,T,2024-10-18,2000000.00,3.89438,99.9453125
08:00:32,91282CLQ2,TSRYS5906509,D,S,T,2024-10-18,1000000.00,3.89368,99.947265625
08:00:32,91282CLQ2,TSRYS5906509,D,S,T,2024-10-18,2000000.00,3.89298,99.94921875
08:00:32,91282CLQ2,TSRYS5906509,D,S,T,2024-10-18,2000000.00,3.89298,99.94921875
08:00:32,91282CLQ2,TSRYS5906509,D,S,T,2024-10-18,1000000.00,3.89368,99.947265625
08:00:32,91282CLQ2,TSRYS5906509,D,S,T,2024-10-18,1000000.00,3.89368,99.947265625
08:00:32,91282CLQ2,TSRYS5906509,D,S,T,2024-10-18,1000000.00,3.89368,99.947265625
08:00:32,91282CLQ2,TSRYS5906509,D,S,T,2024-10-18,1000000.00,3.89368,99.947265625
08:00:32,91282CLQ2,TSRYS5906509,D,S,T,2024-10-18,1000000.00,3.89368,99.947265625
08:00:32,91282CLQ2,TSRYS5906509,D,S,T,2024-10-18,1000000.00,3.89368,99.947265625
08:00:32,91282CLQ2,TSRYS5906509,D,S,T,2024-10-18,2000000.00,3.89508,99.943359375
08:00:32,91282CLQ2,TSRYS5906509,D,S,T,2024-10-18,1000000.00,3.89508,99.943359375
08:00:32,91282CLQ2,TSRYS5906509,D,S,T,2024-10-18,2000000.00,3.89508,99.943359375
08:00:32,91282CLQ2,TSRYS5906509,D,S,T,2024-10-18,1000000.00,3.89508,99.943359375
08:00:32,91282CLQ2,TSRYS5906509,D,S,T,2024-10-18,1000000.00,3.89578,99.94140625
08:00:32,91282CLQ2,TSRYS5906509,D,S,T,2024-10-18,1000000.00,3.89578,99.94140625
08:00:32,91282CLQ2,TSRYS5906509,D,S,T,2024-10-18,2000000.00,3.89578,99.94140625
08:00:32,91282CLQ2,TSRYS5906509,D,S,T,2024-10-18,1000000.00,3.89578,99.94140625
08:00:32,91282CLQ2,TSRYS5906509,D,S,T,2024-10-18,2000000.00,3.89578,99.94140625
08:00:32,91282CLQ2,TSRYS5906509,D,S,T,2024-10-18,1000000.00,3.89578,99.94140625
08:00:32,91282CLQ2,TSRYS5906509,D,S,T,2024-10-18,2000000.00,3.89578,99.94140625
08:00:32,91282CLQ2,TSRYS5906509,D,S,T,2024-10-18,2000000.00,3.89648,99.939453125
08:00:32,91282CLQ2,TSRYS5906509,D,S,T,2024-10-18,2000000.00,3.89718,99.9375
08:00:32,91282CLQ2,TSRYS5906509,D,S,T,2024-10-18,2000000.00,3.89718,99.9375
08:00:32,91282CLQ2,TSRYS5906509,D,S,T,2024-10-18,1000000.00,3.89368,99.947265625
08:00:32,91282CLQ2,TSRYS5906509,D,S,T,2024-10-18,2000000.00,3.892281,99.951171875
08:00:32,91282CLQ2,TSRYS5906509,D,S,T,2024-10-18,2000000.00,3.891581,99.953125
08:00:32,91282CLQ2,TSRYS5906509,D,S,T,2024-10-18,1000000.00,3.892281,99.951171875
08:00:32,91282CLQ2,TSRYS5906509,D,S,T,2024-10-18,1000000.00,3.892281,99.951171875
08:00:32,91282CLQ2,TSRYS5906509,D,S,T,2024-10-18,2000000.00,3.89438,99.9453125
08:00:32,91282CLQ2,TSRYS5906509,D,S,T,2024-10-18,1000000.00,3.89438,99.9453125
08:00:32,91282CLQ2,TSRYS5906509,D,S,T,2024-10-18,1000000.00,3.89438,99.9453125
08:00:32,91282CLQ2,TSRYS5906509,D,S,T,2024-10-18,1000000.00,3.89438,99.9453125
08:00:32,91282CLQ2,TSRYS5906509,D,S,T,2024-10-18,1000000.00,3.89438,99.9453125
08:00:32,91282CLQ2,TSRYS5906509,D,S,T,2024-10-18,1000000.00,3.890181,99.95703125
08:00:32,91282CLQ2,TSRYS5906509,D,S,T,2024-10-18,1000000.00,3.890181,99.95703125
08:00:32,91282CLQ2,TSRYS5906509,D,S,T,2024-10-18,1000000.00,3.890181,99.95703125
08:00:32,91282CLQ2,TSRYS5906509,D,S,T,2024-10-18,1000000.00,3.890181,99.95703125
08:00:32,91282CLQ2,TSRYS5906509,D,S,T,2024-10-18,1000000.00,3.890181,99.95703125
08:00:32,91282CLQ2,TSRYS5906509,D,S,T,2024-10-18,2000000.00,3.890181,99.95703125
08:00:32,91282CLQ2,TSRYS5906509,D,S,T,2024-10-18,2000000.00,3.890181,99.95703125
08:00:32,91282CLQ2,TSRYS5906509,D,S,T,2024-10-18,1000000.00,3.890181,99.95703125
08:00:32,91282CLQ2,TSRYS5906509,D,S,T,2024-10-18,2000000.00,3.890181,99.95703125
08:00:32,91282CLQ2,TSRYS5906509,D,S,T,2024-10-18,1000000.00,3.890181,99.95703125
08:00:32,91282CLQ2,TSRYS5906509,D,S,T,2024-10-18,1000000.00,3.890181,99.95703125
08:00:32,91282CLQ2,TSRYS5906509,D,S,T,2024-10-18,1000000.00,3.890181,99.95703125
08:00:32,91282CLQ2,TSRYS5906509,D,S,T,2024-10-18,1000000.00,3.890181,99.95703125
08:00:32,91282CLQ2,TSRYS5906509,D,S,T,2024-10-18,1000000.00,3.890181,99.95703125
08:00:32,91282CLQ2,TSRYS5906509,D,S,T,2024-10-18,1000000.00,3.890181,99.95703125
08:00:32,91282CLQ2,TSRYS5906509,D,S,T,2024-10-18,1000000.00,3.888081,99.962890625
08:00:32,91282CLQ2,TSRYS5906509,D,S,T,2024-10-18,1000000.00,3.885282,99.970703125
08:00:32,91282CLQ2,TSRYS5906509,D,S,T,2024-10-18,1000000.00,3.885282,99.970703125
08:00:32,91282CLQ2,TSRYS5906509,D,S,T,2024-10-18,1000000.00,3.890881,99.955078125
08:00:32,91282CLQ2,TSRYS5906509,D,S,T,2024-10-18,1000000.00,3.890181,99.95703125
08:00:32,91282CLQ2,TSRYS5906509,D,S,T,2024-10-18,1000000.00,3.890181,99.95703125
08:00:32,91282CLQ2,TSRYS5906509,D,S,T,2024-10-18,1000000.00,3.890181,99.95703125
08:00:32,91282CLQ2,TSRYS5906509,D,S,T,2024-10-18,1000000.00,3.890181,99.95703125
08:00:32,91282CLQ2,TSRYS5906509,D,S,T,2024-10-18,1000000.00,3.889481,99.958984375
08:00:32,91282CLQ2,TSRYS5906509,D,S,T,2024-10-18,1000000.00,3.889481,99.958984375
08:00:32,91282CLQ2,TSRYS5906509,D,S,T,2024-10-18,1000000.00,3.889481,99.958984375
08:00:32,91282CLQ2,TSRYS5906509,D,S,T,2024-10-18,1000000.00,3.890181,99.95703125
08:00:32,91282CLQ2,TSRYS5906509,D,S,T,2024-10-18,1000000.00,3.890181,99.95703125
08:00:32,91282CLQ2,TSRYS5906509,D,S,T,2024-10-18,1000000.00,3.890181,99.95703125
08:00:32,91282CLQ2,TSRYS5906509,D,S,T,2024-10-18,1000000.00,3.890181,99.95703125
08:00:32,91282CLQ2,TSRYS5906509,D,S,T,2024-10-18,1000000.00,3.890181,99.95703125
08:00:32,91282CLQ2,TSRYS5906509,D,S,T,2024-10-18,1000000.00,3.889481,99.958984375
08:00:32,91282CLQ2,TSRYS5906509,D,S,T,2024-10-18,1000000.00,3.889481,99.958984375
08:00:32,91282CLQ2,TSRYS5906509,D,S,T,2024-10-18,2000000.00,3.889481,99.958984375
08:00:32,91282CLQ2,TSRYS5906509,D,S,T,2024-10-18,2000000.00,3.889481,99.958984375
08:00:32,91282CLQ2,TSRYS5906509,D,S,T,2024-10-18,1000000.00,3.890881,99.955078125
08:00:32,91282CLQ2,TSRYS5906509,D,S,T,2024-10-18,2000000.00,3.89718,99.9375
08:00:32,91282CLQ2,TSRYS5906509,D,S,T,2024-10-18,2000000.00,3.89718,99.9375
08:00:32,91282CLQ2,TSRYS5906509,D,S,T,2024-10-18,1000000.00,3.89718,99.9375
08:00:32,91282CLQ2,TSRYS5906509,D,S,T,2024-10-18,1000000.00,3.89928,99.931640625
08:00:32,91282CLQ2,TSRYS5906509,D,S,T,2024-10-18,1000000.00,3.89928,99.931640625
08:00:32,91282CLQ2,TSRYS5906509,D,S,T,2024-10-18,1000000.00,3.89928,99.931640625
08:00:32,91282CLQ2,TSRYS5906509,D,S,T,2024-10-18,1000000.00,3.89928,99.931640625
08:00:32,91282CLQ2,TSRYS5906509,D,S,T,2024-10-18,1000000.00,3.89928,99.931640625
08:00:32,91282CLQ2,TSRYS5906509,D,S,T,2024-10-18,2000000.00,3.89928,99.931640625
08:00:32,91282CLQ2,TSRYS5906509,D,S,T,2024-10-18,2000000.00,3.89928,99.931640625
08:00:32,91282CLQ2,TSRYS5906509,D,S,T,2024-10-18,2000000.00,3.89578,99.94140625
08:00:32,91282CLQ2,TSRYS5906509,D,S,T,2024-10-18,1000000.00,3.89578,99.94140625
08:00:32,91282CLQ2,TSRYS5906509,D,S,T,2024-10-18,1000000.00,3.89578,99.94140625
08:00:32,91282CLQ2,TSRYS5906509,D,S,T,2024-10-18,2000000.00,3.89508,99.943359375
08:00:32,91282CLQ2,TSRYS5906509,D,S,T,2024-10-18,1000000.00,3.89438,99.9453125
08:00:32,91282CLQ2,TSRYS5906509,D,S,D,2024-10-18,2000000.00,3.881784,99.98046875
08:00:32,91282CLQ2,TSRYS5906509,D,S,D,2024-10-18,1000000.00,3.880385,99.984375
08:00:32,91282CLQ2,TSRYS5906509,D,S,D,2024-10-18,1000000.00,3.89298,99.94921875
08:00:32,91282CLQ2,TSRYS5906509,D,S,D,2024-10-18,1000000.00,3.89298,99.94921875
08:00:32,91282CLQ2,TSRYS5906509,D,S,D,2024-10-18,1000000.00,3.89298,99.94921875
08:00:32,91282CLQ2,TSRYS5906509,D,S,D,2024-10-18,1000000.00,3.89298,99.94921875
08:00:32,91282CLQ2,TSRYS5906509,D,S,D,2024-10-18,1000000.00,3.89298,99.94921875
08:00:32,91282CLQ2,TSRYS5906509,D,S,D,2024-10-18,1000000.00,3.891581,99.953125
08:00:32,91282CLQ2,TSRYS5906509,D,S,D,2024-10-18,1000000.00,3.891581,99.953125
08:00:32,91282CLQ2,TSRYS5906509,D,S,D,2024-10-18,1000000.00,3.89718,99.9375
08:00:32,91282CLQ2,TSRYS5906509,D,S,D,2024-10-18,1000000.00,3.89718,99.9375
08:00:32,91282CLQ2,TSRYS5906509,D,S,D,2024-10-18,2000000.00,3.89718,99.9375
08:00:32,91282CLQ2,TSRYS5906509,D,S,D,2024-10-18,1000000.00,3.89578,99.94140625
08:00:32,91282CLQ2,TSRYS5906509,D,S,D,2024-10-18,1000000.00,3.89578,99.94140625
08:00:32,91282CLQ2,TSRYS5906509,D,S,D,2024-10-18,2000000.00,3.89578,99.94140625
08:00:32,91282CLQ2,TSRYS5906509,D,S,D,2024-10-18,2000000.00,3.89508,99.943359375
08:00:32,91282CLQ2,TSRYS5906509,D,S,D,2024-10-18,2000000.00,3.89438,99.9453125
08:00:32,91282CLQ2,TSRYS5906509,D,S,D,2024-10-18,2000000.00,3.89368,99.947265625
08:00:32,91282CLQ2,TSRYS5906509,D,S,D,2024-10-18,1000000.00,3.89298,99.94921875
08:00:32,91282CLQ2,TSRYS5906509,D,S,D,2024-10-18,2000000.00,3.89508,99.943359375
08:00:32,91282CLQ2,TSRYS5906509,D,S,D,2024-10-18,2000000.00,3.89578,99.94140625
08:00:32,91282CLQ2,TSRYS5906509,D,S,D,2024-10-18,2000000.00,3.89578,99.94140625
08:00:32,91282CLQ2,TSRYS5906509,D,S,D,2024-10-18,1000000.00,3.89648,99.939453125
08:00:32,91282CLQ2,TSRYS5906509,D,S,D,2024-10-18,2000000.00,3.89718,99.9375
08:00:32,91282CLQ2,TSRYS5906509,D,S,D,2024-10-18,1000000.00,3.89718,99.9375
08:00:32,91282CLQ2,TSRYS5906509,D,S,D,2024-10-18,1000000.00,3.892281,99.951171875
08:00:32,91282CLQ2,TSRYS5906509,D,S,D,2024-10-18,1000000.00,3.892281,99.951171875
08:00:32,91282CLQ2,TSRYS5906509,D,S,D,2024-10-18,1000000.00,3.890181,99.95703125
08:00:32,91282CLQ2,TSRYS5906509,D,S,D,2024-10-18,1000000.00,3.890181,99.95703125
08:00:32,91282CLQ2,TSRYS5906509,D,S,D,2024-10-18,1000000.00,3.890881,99.955078125
08:00:32,91282CLQ2,TSRYS5906509,D,S,D,2024-10-18,1000000.00,3.890181,99.95703125
08:00:32,91282CLQ2,TSRYS5906509,D,S,D,2024-10-18,1000000.00,3.890181,99.95703125
08:00:32,91282CLQ2,TSRYS5906509,D,S,D,2024-10-18,1000000.00,3.890181,99.95703125
08:00:32,91282CLQ2,TSRYS5906509,D,S,D,2024-10-18,1000000.00,3.890181,99.95703125
08:00:32,91282CLQ2,TSRYS5906509,D,S,D,2024-10-18,1000000.00,3.890181,99.95703125
08:00:32,91282CLQ2,TSRYS5906509,D,S,D,2024-10-18,1000000.00,3.890181,99.95703125
08:00:32,91282CLQ2,TSRYS5906509,D,S,D,2024-10-18,1000000.00,3.889481,99.958984375
08:00:32,91282CLQ2,TSRYS5906509,D,S,D,2024-10-18,1000000.00,3.89578,99.94140625
08:00:32,91282CLQ2,TSRYS5906509,D,S,D,2024-10-18,1000000.00,3.89578,99.94140625
08:00:32,91282CLQ2,TSRYS5906509,D,S,D,2024-10-18,1000000.00,3.89298,99.94921875
08:00:32,91282CLQ2,TSRYS5906509,D,S,D,2024-10-18,1000000.00,3.89298,99.94921875
08:00:32,91282CLQ2,TSRYS5906509,D,S,D,2024-10-18,1000000.00,3.89298,99.94921875
08:00:32,91282CLQ2,TSRYS5906509,D,S,D,2024-10-18,1000000.00,3.89298,99.94921875
08:00:32,91282CLQ2,TSRYS5906509,D,S,D,2024-10-18,1000000.00,3.89298,99.94921875
08:00:32,91282CLQ2,TSRYS5906509,D,S,D,2024-10-18,2000000.00,3.89298,99.94921875
08:00:32,91282CLQ2,TSRYS5906509,D,S,D,2024-10-18,1000000.00,3.89298,99.94921875
08:00:32,91282CLQ2,TSRYS5906509,D,S,D,2024-10-18,1000000.00,3.89298,99.94921875
08:00:32,91282CLQ2,TSRYS5906509,D,S,D,2024-10-18,2000000.00,3.89998,99.9296875
08:00:32,91282CLQ2,TSRYS5906509,D,S,D,2024-10-18,2000000.00,3.89578,99.94140625
08:00:32,91282CLQ2,TSRYS5906509,D,S,D,2024-10-18,2000000.00,3.89578,99.94140625
08:00:32,91282CLQ2,TSRYS5906509,D,S,D,2024-10-18,1000000.00,3.89578,99.94140625
08:00:32,91282CLQ2,TSRYS5906509,D,S,D,2024-10-18,1000000.00,3.89578,99.94140625
08:00:32,91282CLQ2,TSRYS5906509,D,S,D,2024-10-18,1000000.00,3.89578,99.94140625
08:00:32,91282CLQ2,TSRYS5906509,D,S,D,2024-10-18,2000000.00,3.89508,99.943359375
08:00:32,91282CLQ2,TSRYS5906509,D,S,D,2024-10-18,2000000.00,3.892281,99.951171875
08:00:32,91282CLQ2,TSRYS5906509,D,S,D,2024-10-18,2000000.00,3.892281,99.951171875
08:00:32,91282CLQ2,TSRYS5906509,D,S,D,2024-10-18,1000000.00,3.890181,99.95703125
08:00:32,91282CLQ2,TSRYS5906509,D,S,D,2024-10-18,1000000.00,3.890181,99.95703125
08:00:32,91282CLQ2,TSRYS5906509,D,S,D,2024-10-18,1000000.00,3.890181,99.95703125
08:00:32,91282CLQ2,TSRYS5906509,D,S,D,2024-10-18,1000000.00,3.890181,99.95703125
08:00:32,91282CLQ2,TSRYS5906509,D,S,D,2024-10-18,1000000.00,3.890181,99.95703125
08:00:32,91282CLQ2,TSRYS5906509,D,S,D,2024-10-18,1000000.00,3.890181,99.95703125
08:00:32,91282CLQ2,TSRYS5906509,D,S,D,2024-10-18,2000000.00,3.890181,99.95703125
08:00:32,91282CLQ2,TSRYS5906509,D,S,D,2024-10-18,1000000.00,3.890181,99.95703125
08:00:32,91282CLQ2,TSRYS5906509,D,S,D,2024-10-18,2000000.00,3.890181,99.95703125
08:00:32,91282CLQ2,TSRYS5906509,D,S,D,2024-10-18,2000000.00,3.890181,99.95703125
08:00:32,91282CLQ2,TSRYS5906509,D,S,D,2024-10-18,1000000.00,3.890181,99.95703125
08:00:32,91282CLQ2,TSRYS5906509,D,S,D,2024-10-18,1000000.00,3.890181,99.95703125
08:00:32,91282CLQ2,TSRYS5906509,D,S,D,2024-10-18,1000000.00,3.890181,99.95703125
08:00:32,91282CLQ2,TSRYS5906509,D,S,D,2024-10-18,1000000.00,3.889481,99.958984375
08:00:32,91282CLQ2,TSRYS5906509,D,S,D,2024-10-18,2000000.00,3.889481,99.958984375
08:00:32,91282CLQ2,TSRYS5906509,D,S,D,2024-10-18,1000000.00,3.889481,99.958984375
08:00:32,91282CLQ2,TSRYS5906509,D,S,D,2024-10-18,1000000.00,3.889481,99.958984375
08:00:32,91282CLQ2,TSRYS5906509,D,S,D,2024-10-18,1000000.00,3.890181,99.95703125
08:00:32,91282CLQ2,TSRYS5906509,D,S,D,2024-10-18,1000000.00,3.890181,99.95703125
08:00:32,91282CLQ2,TSRYS5906509,D,S,D,2024-10-18,1000000.00,3.890181,99.95703125
08:00:32,91282CLQ2,TSRYS5906509,D,S,D,2024-10-18,1000000.00,3.890181,99.95703125
08:00:32,91282CLQ2,TSRYS5906509,D,S,D,2024-10-18,2000000.00,3.890181,99.95703125
08:00:32,91282CLQ2,TSRYS5906509,D,S,D,2024-10-18,3000000.00,3.890181,99.95703125
08:00:32,91282CLQ2,TSRYS5906509,D,S,D,2024-10-18,1000000.00,3.889481,99.958984375
08:00:32,91282CLQ2,TSRYS5906509,D,S,D,2024-10-18,2000000.00,3.889481,99.958984375
08:00:32,91282CLQ2,TSRYS5906509,D,S,D,2024-10-18,1000000.00,3.889481,99.958984375
08:00:32,91282CLQ2,TSRYS5906509,D,S,D,2024-10-18,3000000.00,3.889481,99.958984375
08:00:32,91282CLQ2,TSRYS5906509,D,S,D,2024-10-18,3000000.00,3.889481,99.958984375
08:00:32,91282CLQ2,TSRYS5906509,D,S,D,2024-10-18,3000000.00,3.890181,99.95703125
08:00:32,91282CLQ2,TSRYS5906509,D,S,D,2024-10-18,1000000.00,3.89928,99.931640625
08:00:32,91282CLQ2,TSRYS5906509,D,S,D,2024-10-18,1000000.00,3.89928,99.931640625
08:00:32,91282CLQ2,TSRYS5906509,D,S,D,2024-10-18,1000000.00,3.89928,99.931640625
08:00:33,91282CLQ2,TSRYS5906509,D,B,C,2024-10-18,1000000.00,3.89788,99.935546875
08:00:33,91282CLQ2,TSRYS5906509,D,S,D,2024-10-18,1000000.00,3.89788,99.935546875
08:00:33,91282CLQ2,TSRYS5906509,D,B,C,2024-10-18,1000000.00,3.89858,99.93359375
08:00:33,91282CLQ2,TSRYS5906509,D,S,D,2024-10-18,1000000.00,3.89858,99.93359375
08:00:33,91282CLQ2,TSRYS5906509,D,B,C,2024-10-18,1000000.00,3.89928,99.931640625
08:00:33,91282CLQ2,TSRYS5906509,D,S,D,2024-10-18,1000000.00,3.89928,99.931640625
08:00:33,91282CLQ2,TSRYS5906509,D,S,D,2024-10-18,1000000.00,3.890181,99.95703125
08:00:33,91282CLQ2,TSRYS5906509,D,S,D,2024-10-18,1000000.00,3.891581,99.953125
08:00:33,91282CLQ2,TSRYS5906509,D,S,D,2024-10-18,1000000.00,3.891581,99.953125
08:00:34,91282CLQ2,TSRYS5906509,D,S,D,2024-10-18,1000000.00,3.891581,99.953125
08:00:34,91282CLQ2,TSRYS5906509,D,S,D,2024-10-18,1000000.00,3.891581,99.953125
08:00:34,91282CLQ2,TSRYS5906509,D,S,D,2024-10-18,1000000.00,3.891581,99.953125
08:00:34,91282CLQ2,TSRYS5906509,D,B,C,2024-10-18,1000000.00,3.89368,99.947265625
08:00:34,91282CLQ2,TSRYS5906509,D,S,D,2024-10-18,1000000.00,3.89368,99.947265625
08:00:34,91282CLQ2,TSRYS5906509,D,S,D,2024-10-18,1000000.00,3.89718,99.9375
08:00:34,91282CLQ2,TSRYS5906509,D,S,D,2024-10-18,1000000.00,3.89718,99.9375
08:00:34,91282CLQ2,TSRYS5906509,D,B,C,2024-10-18,1000000.00,3.89718,99.9375
08:00:34,91282CLQ2,TSRYS5906509,D,S,D,2024-10-18,2000000.00,3.89718,99.9375
08:00:34,91282CLQ2,TSRYS5906509,D,B,C,2024-10-18,2000000.00,3.89718,99.9375
08:00:34,91282CLQ2,TSRYS5906509,D,S,D,2024-10-18,1000000.00,3.89718,99.9375
08:00:35,91282CLQ2,TSRYS5906509,D,S,A,2024-10-18,2000000.00,3.881784,99.98046875
08:00:36,91282CLQ2,TSRYS5906509,D,B,A,2024-10-18,9000.00,3.887382,99.96484375
08:00:37,91282CLQ2,TSRYS5906509,D,S,D,2024-10-18,2000000.00,3.89718,99.9375
08:00:37,91282CLQ2,TSRYS5906509,D,B,C,2024-10-18,1000000.00,3.89578,99.94140625
08:00:37,91282CLQ2,TSRYS5906509,D,S,D,2024-10-18,1000000.00,3.89578,99.94140625
08:00:37,91282CLQ2,TSRYS5906509,D,S,D,2024-10-18,5000000.00,3.89368,99.947265625
08:00:37,91282CLQ2,TSRYS5906509,D,S,D,2024-10-18,1000000.00,3.89298,99.94921875
08:00:37,91282CLQ2,TSRYS5906509,D,B,C,2024-10-18,1000000.00,3.89298,99.94921875
08:00:37,91282CLQ2,TSRYS5906509,D,S,D,2024-10-18,5000000.00,3.89368,99.947265625
08:00:37,91282CLQ2,TSRYS5906509,D,S,D,2024-10-18,3000000.00,3.892281,99.951171875
08:00:37,91282CLQ2,TSRYS5906509,D,S,D,2024-10-18,1000000.00,3.89438,99.9453125
08:00:37,91282CLQ2,TSRYS5906509,D,S,D,2024-10-18,1000000.00,3.89718,99.9375
08:00:37,91282CLQ2,TSRYS5906509,D,S,D,2024-10-18,2000000.00,3.89718,99.9375
08:00:37,91282CLQ2,TSRYS5906509,D,S,D,2024-10-18,1000000.00,3.89718,99.9375
08:00:39,91282CLQ2,TSRYS5906509,D,S,D,2024-10-18,1000000.00,3.888781,99.9609375
08:00:42,91282CLQ2,TSRYS5906509,D,B,A,2024-10-18,2000000.00,3.881784,99.98046875
08:00:42,91282CLQ2,TSRYS5906509,D,S,C,2024-10-18,1000000.00,3.883183,99.9765625
08:00:42,91282CLQ2,TSRYS5906509,D,S,D,2024-10-18,1000000.00,3.887382,99.96484375
08:00:42,91282CLQ2,TSRYS5906509,D,S,D,2024-10-18,3000000.00,3.889481,99.958984375
08:00:42,91282CLQ2,TSRYS5906509,D,S,D,2024-10-18,2000000.00,3.889481,99.958984375
08:00:42,91282CLQ2,TSRYS5906509,D,S,D,2024-10-18,2000000.00,3.889481,99.958984375
08:00:42,91282CLQ2,TSRYS5906509,D,S,C,2024-10-18,1000000.00,3.891581,99.953125
08:00:42,91282CLQ2,TSRYS5906509,D,S,C,2024-10-18,1000000.00,3.891581,99.953125
08:00:42,91282CLQ2,TSRYS5906509,D,S,C,2024-10-18,1000000.00,3.891581,99.953125
08:00:42,91282CLQ2,TSRYS5906509,D,S,D,2024-10-18,1000000.00,3.891581,99.953125
08:00:43,91282CLQ2,TSRYS5906509,D,S,C,2024-10-18,1000000.00,3.891581,99.953125
08:00:43,91282CLQ2,TSRYS5906509,D,S,D,2024-10-18,1000000.00,3.891581,99.953125
08:00:43,91282CLQ2,TSRYS5906509,D,S,D,2024-10-18,1000000.00,3.891581,99.953125
08:00:43,91282CLQ2,TSRYS5906509,D,S,C,2024-10-18,3000000.00,3.891581,99.953125
08:00:43,91282CLQ2,TSRYS5906509,D,S,D,2024-10-18,4000000.00,3.891581,99.953125
08:00:43,91282CLQ2,TSRYS5906509,D,S,C,2024-10-18,1000000.00,3.891581,99.953125
08:00:43,91282CLQ2,TSRYS5906509,D,S,D,2024-10-18,1000000.00,3.891581,99.953125
08:00:43,91282CLQ2,TSRYS5906509,D,S,D,2024-10-18,3000000.00,3.891581,99.953125
08:00:43,91282CLQ2,TSRYS5906509,D,S,T,2024-10-18,5000000.00,3.89438,99.9453125
08:00:44,91282CLQ2,TSRYS5906509,D,S,A,2024-10-18,2000000.00,3.881784,99.98046875
08:00:46,91282CLQ2,TSRYS5906509,D,S,D,2024-10-18,5000000.00,3.89368,99.947265625
08:00:47,91282CLQ2,TSRYS5906509,D,S,D,2024-10-18,3000000.00,3.892281,99.951171875
08:00:48,91282CLQ2,TSRYS5906509,D,S,C,2024-10-18,1000000.00,3.891581,99.953125
08:00:48,91282CLQ2,TSRYS5906509,D,S,D,2024-10-18,2000000.00,3.891581,99.953125
08:00:48,91282CLQ2,TSRYS5906509,D,S,D,2024-10-18,5000000.00,3.891581,99.953125
08:00:48,91282CLQ2,TSRYS5906509,D,S,C,2024-10-18,1000000.00,3.891581,99.953125
08:00:48,91282CLQ2,TSRYS5906509,D,S,D,2024-10-18,1000000.00,3.891581,99.953125
08:00:48,91282CLQ2,TSRYS5906509,D,S,C,2024-10-18,1000000.00,3.891581,99.953125
08:00:48,91282CLQ2,TSRYS5906509,D,S,C,2024-10-18,1000000.00,3.891581,99.953125
08:00:48,91282CLQ2,TSRYS5906509,D,S,C,2024-10-18,1000000.00,3.891581,99.953125
08:00:48,91282CLQ2,TSRYS5906509,D,S,D,2024-10-18,1000000.00,3.891581,99.953125
08:00:48,91282CLQ2,TSRYS5906509,D,S,D,2024-10-18,1000000.00,3.89578,99.94140625
08:00:49,91282CLQ2,TSRYS5906509,D,S,D,2024-10-18,1000000.00,3.89438,99.9453125
08:00:49,91282CLQ2,TSRYS5906509,D,S,D,2024-10-18,1000000.00,3.89438,99.9453125
08:00:50,91282CLQ2,TSRYS5906509,D,S,A,2024-10-18,2000000.00,3.89016,99.95703125
08:00:51,91282CLQ2,TSRYS5906509,D,S,D,2024-10-18,5000000.00,3.89368,99.947265625
08:00:51,91282CLQ2,TSRYS5906509,D,B,A,2024-10-18,23000.00,3.891625,99.953
08:00:52,91282CLQ2,TSRYS5906509,D,S,C,2024-10-18,1000000.00,3.89578,99.94140625
08:00:54,91282CLQ2,TSRYS5906509,D,S,D,2024-10-18,1000000.00,3.89578,99.94140625
08:00:54,91282CLQ2,TSRYS5906509,D,S,T,2024-10-18,5000000.00,3.89438,99.9453125
08:00:55,91282CLQ2,TSRYS5906509,D,S,T,2024-10-18,1000000.00,3.881084,99.982421875
08:00:55,91282CLQ2,TSRYS5906509,D,S,T,2024-10-18,1000000.00,3.881084,99.982421875
08:00:55,91282CLQ2,TSRYS5906509,D,B,A,2024-10-18,2000000.00,3.881784,99.98046875
08:00:55,91282CLQ2,TSRYS5906509,D,S,T,2024-10-18,3000000.00,3.89298,99.94921875
08:00:56,91282CLQ2,TSRYS5906509,D,B,A,2024-10-18,4510000.00,3.89858,99.93359375
08:01:00,91282CLQ2,TSRYS5906509,D,S,C,2024-10-18,1000000.00,3.889481,99.958984375
08:01:00,91282CLQ2,TSRYS5906509,D,S,C,2024-10-18,1000000.00,3.890181,99.95703125
08:01:00,91282CLQ2,TSRYS5906509,D,S,C,2024-10-18,1000000.00,3.890181,99.95703125
08:01:00,91282CLQ2,TSRYS5906509,D,S,C,2024-10-18,1000000.00,3.890181,99.95703125
08:01:00,91282CLQ2,TSRYS5906509,D,B,C,2024-10-18,1000000.00,3.890881,99.955078125
08:01:00,91282CLQ2,TSRYS5906509,D,S,C,2024-10-18,1000000.00,3.890881,99.955078125
08:01:01,91282CLQ2,TSRYS5906509,D,S,C,2024-10-18,3000000.00,3.889481,99.958984375
08:01:01,91282CLQ2,TSRYS5906509,D,S,D,2024-10-18,1000000.00,3.890881,99.955078125
08:01:01,91282CLQ2,TSRYS5906509,D,S,D,2024-10-18,1000000.00,3.887382,99.96484375
08:01:02,91282CLQ2,TSRYS5906509,D,S,C,2024-10-18,1000000.00,3.883883,99.974609375
08:01:02,91282CLQ2,TSRYS5906509,D,S,C,2024-10-18,1000000.00,3.883883,99.974609375
08:01:02,91282CLQ2,TSRYS5906509,D,S,C,2024-10-18,1000000.00,3.883183,99.9765625
08:01:02,91282CLQ2,TSRYS5906509,D,S,C,2024-10-18,20000.00,3.893485,99.947812
08:01:02,91282CLQ2,TSRYS5906509,D,S,D,2024-10-18,1000000.00,3.883183,99.9765625
08:01:02,91282CLQ2,TSRYS5906509,D,B,C,2024-10-18,1000000.00,3.883183,99.9765625
08:01:03,91282CLQ2,TSRYS5906509,D,S,C,2024-10-18,1000000.00,3.884583,99.97265625
08:01:03,91282CLQ2,TSRYS5906509,D,B,C,2024-10-18,1000000.00,3.884583,99.97265625
08:01:03,91282CLQ2,TSRYS5906509,D,S,C,2024-10-18,1000000.00,3.885982,99.96875
08:01:03,91282CLQ2,TSRYS5906509,D,S,C,2024-10-18,3000000.00,3.881784,99.98046875
08:01:03,91282CLQ2,TSRYS5906509,D,S,D,2024-10-18,1000000.00,3.881784,99.98046875
08:01:03,91282CLQ2,TSRYS5906509,D,S,C,2024-10-18,2000000.00,3.881784,99.98046875
08:01:03,91282CLQ2,TSRYS5906509,D,S,D,2024-10-18,1000000.00,3.880385,99.984375
08:01:03,91282CLQ2,TSRYS5906509,D,B,C,2024-10-18,1000000.00,3.881784,99.98046875
08:01:04,91282CLQ2,TSRYS5906509,D,S,D,2024-10-18,1000000.00,3.884583,99.97265625
08:01:04,91282CLQ2,TSRYS5906509,D,S,D,2024-10-18,1000000.00,3.881084,99.982421875
08:01:04,91282CLQ2,TSRYS5906509,D,B,C,2024-10-18,1000000.00,3.884583,99.97265625
08:01:04,91282CLQ2,TSRYS5906509,D,B,C,2024-10-18,1000000.00,3.881084,99.982421875
08:01:04,91282CLQ2,TSRYS5906509,D,S,D,2024-10-18,2000000.00,3.884583,99.97265625
08:01:04,91282CLQ2,TSRYS5906509,D,S,D,2024-10-18,1000000.00,3.884583,99.97265625
08:01:04,91282CLQ2,TSRYS5906509,D,S,D,2024-10-18,1000000.00,3.884583,99.97265625
08:01:04,91282CLQ2,TSRYS5906509,D,S,D,2024-10-18,1000000.00,3.883183,99.9765625
08:01:04,91282CLQ2,TSRYS5906509,D,S,C,2024-10-18,1000000.00,3.883883,99.974609375
08:01:04,91282CLQ2,TSRYS5906509,D,S,C,2024-10-18,1000000.00,3.884583,99.97265625
08:01:04,91282CLQ2,TSRYS5906509,D,S,D,2024-10-18,1000000.00,3.883883,99.974609375
08:01:04,91282CLQ2,TSRYS5906509,D,S,D,2024-10-18,2000000.00,3.883183,99.9765625
08:01:04,91282CLQ2,TSRYS5906509,D,B,C,2024-10-18,1000000.00,3.883183,99.9765625
08:01:04,91282CLQ2,TSRYS5906509,D,S,D,2024-10-18,1000000.00,3.883183,99.9765625
08:01:04,91282CLQ2,TSRYS5906509,D,B,C,2024-10-18,1000000.00,3.883183,99.9765625
08:01:04,91282CLQ2,TSRYS5906509,D,S,D,2024-10-18,1000000.00,3.883183,99.9765625
08:01:04,91282CLQ2,TSRYS5906509,D,S,D,2024-10-18,1000000.00,3.883183,99.9765625
08:01:04,91282CLQ2,TSRYS5906509,D,S,D,2024-10-18,1000000.00,3.881784,99.98046875
08:01:04,91282CLQ2,TSRYS5906509,D,S,D,2024-10-18,1000000.00,3.881784,99.98046875
08:01:04,91282CLQ2,TSRYS5906509,D,S,D,2024-10-18,3000000.00,3.880385,99.984375
08:01:04,91282CLQ2,TSRYS5906509,D,S,C,2024-10-18,1000000.00,3.881084,99.982421875
08:01:04,91282CLQ2,TSRYS5906509,D,S,C,2024-10-18,1000000.00,3.880385,99.984375
08:01:04,91282CLQ2,TSRYS5906509,D,S,C,2024-10-18,1000000.00,3.880385,99.984375
08:01:04,91282CLQ2,TSRYS5906509,D,S,C,2024-10-18,1000000.00,3.884583,99.97265625
08:01:04,91282CLQ2,TSRYS5906509,D,S,C,2024-10-18,1000000.00,3.883183,99.9765625
08:01:04,91282CLQ2,TSRYS5906509,D,S,C,2024-10-18,1000000.00,3.883883,99.974609375
08:01:04,91282CLQ2,TSRYS5906509,D,S,D,2024-10-18,1000000.00,3.886682,99.966796875
08:01:04,91282CLQ2,TSRYS5906509,D,S,C,2024-10-18,1000000.00,3.886682,99.966796875
08:01:04,91282CLQ2,TSRYS5906509,D,S,C,2024-10-18,1000000.00,3.886682,99.966796875
08:01:05,91282CLQ2,TSRYS5906509,D,S,C,2024-10-18,1000000.00,3.885982,99.96875
08:01:05,91282CLQ2,TSRYS5906509,D,S,C,2024-10-18,1000000.00,3.887382,99.96484375
08:01:05,91282CLQ2,TSRYS5906509,D,B,C,2024-10-18,2000000.00,3.890181,99.95703125
08:01:05,91282CLQ2,TSRYS5906509,D,S,D,2024-10-18,2000000.00,3.890181,99.95703125
08:01:05,91282CLQ2,TSRYS5906509,D,S,C,2024-10-18,1000000.00,3.89298,99.94921875
08:01:05,91282CLQ2,TSRYS5906509,D,S,C,2024-10-18,1000000.00,3.89648,99.939453125
08:01:05,91282CLQ2,TSRYS5906509,D,S,D,2024-10-18,1000000.00,3.89648,99.939453125
08:01:05,91282CLQ2,TSRYS5906509,D,S,D,2024-10-18,1000000.00,3.89578,99.94140625
08:01:05,91282CLQ2,TSRYS5906509,D,S,C,2024-10-18,1000000.00,3.89858,99.93359375
08:01:05,91282CLQ2,TSRYS5906509,D,B,C,2024-10-18,1000000.00,3.89718,99.9375
08:01:05,91282CLQ2,TSRYS5906509,D,B,C,2024-10-18,1000000.00,3.89718,99.9375
08:01:05,91282CLQ2,TSRYS5906509,D,S,D,2024-10-18,1000000.00,3.89718,99.9375
08:01:05,91282CLQ2,TSRYS5906509,D,S,D,2024-10-18,1000000.00,3.89718,99.9375
08:01:06,91282CLQ2,TSRYS5906509,D,S,C,2024-10-18,1000000.00,3.89998,99.9296875
08:01:06,91282CLQ2,TSRYS5906509,D,S,C,2024-10-18,1000000.00,3.89578,99.94140625
08:01:06,91282CLQ2,TSRYS5906509,D,S,C,2024-10-18,1000000.00,3.89858,99.93359375
08:01:06,91282CLQ2,TSRYS5906509,D,S,D,2024-10-18,1000000.00,3.89438,99.9453125
08:01:06,91282CLQ2,TSRYS5906509,D,S,D,2024-10-18,1000000.00,3.890181,99.95703125
08:01:06,91282CLQ2,TSRYS5906509,D,B,C,2024-10-18,1000000.00,3.890181,99.95703125
08:01:06,91282CLQ2,TSRYS5906509,D,S,D,2024-10-18,1000000.00,3.891581,99.953125
08:01:06,91282CLQ2,TSRYS5906509,D,B,C,2024-10-18,1000000.00,3.891581,99.953125
08:01:06,91282CLQ2,TSRYS5906509,D,B,C,2024-10-18,1000000.00,3.891581,99.953125
08:01:06,91282CLQ2,TSRYS5906509,D,S,D,2024-10-18,1000000.00,3.891581,99.953125
08:01:06,91282CLQ2,TSRYS5906509,D,S,C,2024-10-18,1000000.00,3.89368,99.947265625
08:01:06,91282CLQ2,TSRYS5906509,D,S,C,2024-10-18,1000000.00,3.89648,99.939453125
08:01:06,91282CLQ2,TSRYS5906509,D,S,D,2024-10-18,1000000.00,3.89928,99.931640625
08:01:06,91282CLQ2,TSRYS5906509,D,B,C,2024-10-18,1000000.00,3.89928,99.931640625
08:01:06,91282CLQ2,TSRYS5906509,D,S,C,2024-10-18,2000000.00,3.881784,99.98046875
08:01:06,91282CLQ2,TSRYS5906509,D,S,T,2024-10-18,1000000.00,3.89438,99.9453125
08:01:06,91282CLQ2,TSRYS5906509,D,S,D,2024-10-18,2000000.00,3.879685,99.986328125
08:01:06,91282CLQ2,TSRYS5906509,D,S,D,2024-10-18,2000000.00,3.879685,99.986328125
08:01:06,91282CLQ2,TSRYS5906509,D,S,D,2024-10-18,1000000.00,3.879685,99.986328125
08:01:06,91282CLQ2,TSRYS5906509,D,S,C,2024-10-18,1000000.00,3.89578,99.94140625
08:01:06,91282CLQ2,TSRYS5906509,D,B,C,2024-10-18,1000000.00,3.89578,99.94140625
08:01:06,91282CLQ2,TSRYS5906509,D,S,D,2024-10-18,1000000.00,3.89578,99.94140625
08:01:06,91282CLQ2,TSRYS5906509,D,B,C,2024-10-18,1000000.00,3.89578,99.94140625
08:01:06,91282CLQ2,TSRYS5906509,D,S,D,2024-10-18,1000000.00,3.89578,99.94140625
08:01:06,91282CLQ2,TSRYS5906509,D,S,D,2024-10-18,5000000.00,3.89368,99.947265625
08:01:06,91282CLQ2,TSRYS5906509,D,S,D,2024-10-18,2000000.00,3.89508,99.943359375
08:01:06,91282CLQ2,TSRYS5906509,D,B,C,2024-10-18,1000000.00,3.89368,99.947265625
08:01:06,91282CLQ2,TSRYS5906509,D,S,D,2024-10-18,2000000.00,3.89438,99.9453125
08:01:07,91282CLQ2,TSRYS5906509,D,S,D,2024-10-18,1000000.00,3.89298,99.94921875
08:01:07,91282CLQ2,TSRYS5906509,D,B,C,2024-10-18,2000000.00,3.89438,99.9453125
08:01:07,91282CLQ2,TSRYS5906509,D,S,D,2024-10-18,2000000.00,3.89438,99.9453125
08:01:07,91282CLQ2,TSRYS5906509,D,S,D,2024-10-18,1000000.00,3.89368,99.947265625
08:01:07,91282CLQ2,TSRYS5906509,D,S,D,2024-10-18,1000000.00,3.89508,99.943359375
08:01:07,91282CLQ2,TSRYS5906509,D,S,D,2024-10-18,2000000.00,3.89368,99.947265625
08:01:07,91282CLQ2,TSRYS5906509,D,S,D,2024-10-18,1000000.00,3.89368,99.947265625
08:01:07,91282CLQ2,TSRYS5906509,D,S,D,2024-10-18,1000000.00,3.89438,99.9453125
08:01:07,91282CLQ2,TSRYS5906509,D,B,C,2024-10-18,2000000.00,3.89368,99.947265625
08:01:07,91282CLQ2,TSRYS5906509,D,S,D,2024-10-18,2000000.00,3.89368,99.947265625
08:01:07,91282CLQ2,TSRYS5906509,D,S,D,2024-10-18,4000000.00,3.89508,99.943359375
08:01:07,91282CLQ2,TSRYS5906509,D,S,D,2024-10-18,1000000.00,3.89298,99.94921875
08:01:07,91282CLQ2,TSRYS5906509,D,S,D,2024-10-18,1000000.00,3.89368,99.947265625
08:01:07,91282CLQ2,TSRYS5906509,D,B,C,2024-10-18,1000000.00,3.89508,99.943359375
08:01:07,91282CLQ2,TSRYS5906509,D,S,D,2024-10-18,1000000.00,3.89508,99.943359375
08:01:07,91282CLQ2,TSRYS5906509,D,S,D,2024-10-18,5000000.00,3.89368,99.947265625
08:01:07,91282CLQ2,TSRYS5906509,D,S,D,2024-10-18,1000000.00,3.89438,99.9453125
08:01:07,91282CLQ2,TSRYS5906509,D,B,C,2024-10-18,2000000.00,3.89298,99.94921875
08:01:07,91282CLQ2,TSRYS5906509,D,S,D,2024-10-18,2000000.00,3.89298,99.94921875
08:01:07,91282CLQ2,TSRYS5906509,D,B,C,2024-10-18,2000000.00,3.89438,99.9453125
08:01:07,91282CLQ2,TSRYS5906509,D,S,D,2024-10-18,2000000.00,3.89438,99.9453125
08:01:07,91282CLQ2,TSRYS5906509,D,S,D,2024-10-18,1000000.00,3.89368,99.947265625
08:01:07,91282CLQ2,TSRYS5906509,D,S,D,2024-10-18,1000000.00,3.89508,99.943359375
08:01:07,91282CLQ2,TSRYS5906509,D,S,D,2024-10-18,1000000.00,3.89298,99.94921875
08:01:07,91282CLQ2,TSRYS5906509,D,S,D,2024-10-18,4000000.00,3.89438,99.9453125
08:01:07,91282CLQ2,TSRYS5906509,D,B,C,2024-10-18,2000000.00,3.89368,99.947265625
08:01:07,91282CLQ2,TSRYS5906509,D,S,D,2024-10-18,1000000.00,3.89298,99.94921875
08:01:07,91282CLQ2,TSRYS5906509,D,S,D,2024-10-18,2000000.00,3.89368,99.947265625
08:01:07,91282CLQ2,TSRYS5906509,D,S,D,2024-10-18,1000000.00,3.892281,99.951171875
08:01:07,91282CLQ2,TSRYS5906509,D,B,C,2024-10-18,1000000.00,3.892281,99.951171875
08:01:07,91282CLQ2,TSRYS5906509,D,S,D,2024-10-18,1000000.00,3.892281,99.951171875
08:01:07,91282CLQ2,TSRYS5906509,D,B,C,2024-10-18,2000000.00,3.892281,99.951171875
08:01:07,91282CLQ2,TSRYS5906509,D,S,D,2024-10-18,2000000.00,3.892281,99.951171875
08:01:07,91282CLQ2,TSRYS5906509,D,S,D,2024-10-18,3000000.00,3.892281,99.951171875
08:01:07,91282CLQ2,TSRYS5906509,D,S,D,2024-10-18,1000000.00,3.89298,99.94921875
08:01:07,91282CLQ2,TSRYS5906509,D,B,C,2024-10-18,1000000.00,3.89298,99.94921875
08:01:07,91282CLQ2,TSRYS5906509,D,S,D,2024-10-18,1000000.00,3.89298,99.94921875
08:01:07,91282CLQ2,TSRYS5906509,D,B,C,2024-10-18,1000000.00,3.89298,99.94921875
08:01:07,91282CLQ2,TSRYS5906509,D,B,C,2024-10-18,1000000.00,3.89298,99.94921875
08:01:07,91282CLQ2,TSRYS5906509,D,S,D,2024-10-18,1000000.00,3.89298,99.94921875
08:01:07,91282CLQ2,TSRYS5906509,D,S,C,2024-10-18,2000000.00,3.89508,99.943359375
08:01:07,91282CLQ2,TSRYS5906509,D,S,C,2024-10-18,2000000.00,3.89578,99.94140625
08:01:07,91282CLQ2,TSRYS5906509,D,S,D,2024-10-18,1000000.00,3.89438,99.9453125
08:01:07,91282CLQ2,TSRYS5906509,D,S,C,2024-10-18,6875000.00,3.863732,100.03125
08:01:07,91282CLQ2,TSRYS5906509,D,B,A,2024-10-18,6875000.00,3.863732,100.03125
08:01:07,91282CLQ2,TSRYS5906509,D,S,D,2024-10-18,1000000.00,3.89718,99.9375
08:01:07,91282CLQ2,TSRYS5906509,D,B,C,2024-10-18,1000000.00,3.89718,99.9375
08:01:07,91282CLQ2,TSRYS5906509,D,B,C,2024-10-18,1000000.00,3.89718,99.9375
08:01:07,91282CLQ2,TSRYS5906509,D,S,D,2024-10-18,1000000.00,3.89718,99.9375
08:01:07,91282CLQ2,TSRYS5906509,D,B,C,2024-10-18,1000000.00,3.89578,99.94140625
08:01:07,91282CLQ2,TSRYS5906509,D,S,D,2024-10-18,1000000.00,3.89578,99.94140625
08:01:07,91282CLQ2,TSRYS5906509,D,S,D,2024-10-18,1000000.00,3.89298,99.94921875
08:01:07,91282CLQ2,TSRYS5906509,D,B,C,2024-10-18,1000000.00,3.89298,99.94921875
08:01:07,91282CLQ2,TSRYS5906509,D,B,C,2024-10-18,1000000.00,3.89298,99.94921875
08:01:07,91282CLQ2,TSRYS5906509,D,B,C,2024-10-18,1000000.00,3.89298,99.94921875
08:01:07,91282CLQ2,TSRYS5906509,D,S,D,2024-10-18,1000000.00,3.89298,99.94921875
08:01:07,91282CLQ2,TSRYS5906509,D,B,C,2024-10-18,1000000.00,3.89508,99.943359375
08:01:07,91282CLQ2,TSRYS5906509,D,S,D,2024-10-18,1000000.00,3.89508,99.943359375
08:01:07,91282CLQ2,TSRYS5906509,D,S,D,2024-10-18,1000000.00,3.89508,99.943359375
08:01:07,91282CLQ2,TSRYS5906509,D,B,C,2024-10-18,1000000.00,3.89508,99.943359375
08:01:07,91282CLQ2,TSRYS5906509,D,S,D,2024-10-18,1000000.00,3.89578,99.94140625
08:01:07,91282CLQ2,TSRYS5906509,D,B,C,2024-10-18,1000000.00,3.89578,99.94140625
08:01:08,91282CLQ2,TSRYS5906509,D,S,D,2024-10-18,1000000.00,3.892281,99.951171875
08:01:08,91282CLQ2,TSRYS5906509,D,B,C,2024-10-18,1000000.00,3.892281,99.951171875
08:01:08,91282CLQ2,TSRYS5906509,D,S,D,2024-10-18,1000000.00,3.89368,99.947265625
08:01:08,91282CLQ2,TSRYS5906509,D,B,C,2024-10-18,1000000.00,3.89368,99.947265625
08:01:08,91282CLQ2,TSRYS5906509,D,S,D,2024-10-18,1000000.00,3.885282,99.970703125
08:01:08,91282CLQ2,TSRYS5906509,D,S,D,2024-10-18,1000000.00,3.888781,99.9609375
08:01:08,91282CLQ2,TSRYS5906509,D,S,C,2024-10-18,1000000.00,3.885282,99.970703125
08:01:08,91282CLQ2,TSRYS5906509,D,S,C,2024-10-18,1000000.00,3.885282,99.970703125
08:01:08,91282CLQ2,TSRYS5906509,D,S,D,2024-10-18,1000000.00,3.883883,99.974609375
08:01:08,91282CLQ2,TSRYS5906509,D,B,C,2024-10-18,1000000.00,3.883883,99.974609375
08:01:08,91282CLQ2,TSRYS5906509,D,S,D,2024-10-18,1000000.00,3.883183,99.9765625
08:01:08,91282CLQ2,TSRYS5906509,D,B,C,2024-10-18,1000000.00,3.884583,99.97265625
08:01:08,91282CLQ2,TSRYS5906509,D,S,D,2024-10-18,1000000.00,3.884583,99.97265625
08:01:08,91282CLQ2,TSRYS5906509,D,B,C,2024-10-18,1000000.00,3.886682,99.966796875
08:01:08,91282CLQ2,TSRYS5906509,D,S,D,2024-10-18,1000000.00,3.886682,99.966796875
08:01:08,91282CLQ2,TSRYS5906509,D,S,D,2024-10-18,2000000.00,3.885282,99.970703125
08:01:08,91282CLQ2,TSRYS5906509,D,S,C,2024-10-18,1000000.00,3.887382,99.96484375
08:01:08,91282CLQ2,TSRYS5906509,D,S,C,2024-10-18,1000000.00,3.885982,99.96875
08:01:08,91282CLQ2,TSRYS5906509,D,S,C,2024-10-18,1000000.00,3.887382,99.96484375
08:01:08,91282CLQ2,TSRYS5906509,D,S,C,2024-10-18,2000000.00,3.887382,99.96484375
08:01:09,91282CLQ2,TSRYS5906509,D,S,D,2024-10-18,3000000.00,3.890181,99.95703125
08:01:09,91282CLQ2,TSRYS5906509,D,S,D,2024-10-18,1000000.00,3.885982,99.96875
08:01:09,91282CLQ2,TSRYS5906509,D,B,C,2024-10-18,1000000.00,3.885982,99.96875
08:01:09,91282CLQ2,TSRYS5906509,D,S,D,2024-10-18,1000000.00,3.883183,99.9765625
08:01:09,91282CLQ2,TSRYS5906509,D,B,C,2024-10-18,1000000.00,3.883183,99.9765625
08:01:09,91282CLQ2,TSRYS5906509,D,S,D,2024-10-18,1000000.00,3.890181,99.95703125
08:01:09,91282CLQ2,TSRYS5906509,D,B,C,2024-10-18,1000000.00,3.890181,99.95703125
08:01:09,91282CLQ2,TSRYS5906509,D,B,C,2024-10-18,1000000.00,3.890181,99.95703125
08:01:09,91282CLQ2,TSRYS5906509,D,S,D,2024-10-18,1000000.00,3.890181,99.95703125
08:01:09,91282CLQ2,TSRYS5906509,D,B,C,2024-10-18,1000000.00,3.889481,99.958984375
08:01:09,91282CLQ2,TSRYS5906509,D,S,D,2024-10-18,1000000.00,3.889481,99.958984375
08:01:09,91282CLQ2,TSRYS5906509,D,S,D,2024-10-18,3000000.00,3.889481,99.958984375
08:01:09,91282CLQ2,TSRYS5906509,D,S,D,2024-10-18,2000000.00,3.889481,99.958984375
08:01:09,91282CLQ2,TSRYS5906509,D,S,D,2024-10-18,2000000.00,3.889481,99.958984375
08:01:09,91282CLQ2,TSRYS5906509,D,B,C,2024-10-18,1000000.00,3.891581,99.953125
08:01:09,91282CLQ2,TSRYS5906509,D,S,D,2024-10-18,1000000.00,3.891581,99.953125
08:01:09,91282CLQ2,TSRYS5906509,D,S,D,2024-10-18,2000000.00,3.884583,99.97265625
08:01:09,91282CLQ2,TSRYS5906509,D,S,D,2024-10-18,1000000.00,3.884583,99.97265625
08:01:09,91282CLQ2,TSRYS5906509,D,S,D,2024-10-18,1000000.00,3.884583,99.97265625
08:01:09,91282CLQ2,TSRYS5906509,D,S,D,2024-10-18,2000000.00,3.883183,99.9765625
08:01:09,91282CLQ2,TSRYS5906509,D,S,D,2024-10-18,1000000.00,3.883183,99.9765625
08:01:09,91282CLQ2,TSRYS5906509,D,S,D,2024-10-18,1000000.00,3.881784,99.98046875
08:01:09,91282CLQ2,TSRYS5906509,D,S,D,2024-10-18,1000000.00,3.881784,99.98046875
08:01:09,91282CLQ2,TSRYS5906509,D,S,D,2024-10-18,3000000.00,3.880385,99.984375
08:01:10,91282CLQ2,TSRYS5906509,D,S,A,2024-10-18,300000.00,3.891581,99.953125
08:01:10,91282CLQ2,TSRYS5906509,D,S,T,2024-10-18,1000000.00,3.890181,99.95703125
08:01:10,91282CLQ2,TSRYS5906509,D,B,C,2024-10-18,2000000.00,3.882484,99.978515625
08:01:10,91282CLQ2,TSRYS5906509,D,S,D,2024-10-18,2000000.00,3.882484,99.978515625
08:01:10,91282CLQ2,TSRYS5906509,D,S,D,2024-10-18,2000000.00,3.882484,99.978515625
08:01:10,91282CLQ2,TSRYS5906509,D,B,C,2024-10-18,2000000.00,3.882484,99.978515625
08:01:10,91282CLQ2,TSRYS5906509,D,S,D,2024-10-18,2000000.00,3.882484,99.978515625
08:01:10,91282CLQ2,TSRYS5906509,D,S,D,2024-10-18,1000000.00,3.881784,99.98046875
08:01:10,91282CLQ2,TSRYS5906509,D,B,A,2024-10-18,30000000.00,3.89578,99.94140625
08:01:10,91282CLQ2,TSRYS5906509,D,S,T,2024-10-18,1000000.00,3.895827,99.94127625
08:01:10,91282CLQ2,TSRYS5906509,D,S,T,2024-10-18,1000000.00,3.895827,99.94127625
08:01:10,91282CLQ2,TSRYS5906509,D,S,T,2024-10-18,2000000.00,3.895827,99.94127625
08:01:11,91282CLQ2,TSRYS5906509,D,S,C,2024-10-18,4000000.00,3.889787,99.9581313
08:01:11,91282CLQ2,TSRYS5906509,D,S,C,2024-10-18,5000000.00,3.896366,99.9397719
08:01:11,91282CLQ2,TSRYS5906509,D,S,D,2024-10-18,1000000.00,3.882484,99.978515625
08:01:11,91282CLQ2,TSRYS5906509,D,S,D,2024-10-18,1000000.00,3.883183,99.9765625
08:01:11,91282CLQ2,TSRYS5906509,D,S,D,2024-10-18,1000000.00,3.883183,99.9765625
08:01:11,91282CLQ2,TSRYS5906509,D,S,D,2024-10-18,100000000.00,3.894193,99.9458352
08:01:11,91282CLQ2,TSRYS5906509,D,S,D,2024-10-18,100000000.00,3.893815,99.9468898
08:01:11,91282CLQ2,TSRYS5906509,D,S,D,2024-10-18,40000000.00,3.892566,99.9503762
08:01:11,91282CLQ2,TSRYS5906509,D,S,D,2024-10-18,10000000.00,3.892801,99.9497188
08:01:11,91282CLQ2,TSRYS5906509,D,B,C,2024-10-18,2000000.00,3.886222,99.9680796
08:01:11,91282CLQ2,TSRYS5906509,D,S,D,2024-10-18,2000000.00,3.883883,99.974609375
08:01:11,91282CLQ2,TSRYS5906509,D,S,D,2024-10-18,1000000.00,3.883883,99.974609375
08:01:11,91282CLQ2,TSRYS5906509,D,S,D,2024-10-18,2000000.00,3.884583,99.97265625
08:01:11,91282CLQ2,TSRYS5906509,D,S,D,2024-10-18,2000000.00,3.884583,99.97265625
08:01:11,91282CLQ2,TSRYS5906509,D,S,D,2024-10-18,1000000.00,3.884583,99.97265625
08:01:11,91282CLQ2,TSRYS5906509,D,S,D,2024-10-18,1000000.00,3.883883,99.974609375
08:01:11,91282CLQ2,TSRYS5906509,D,S,D,2024-10-18,1000000.00,3.883883,99.974609375
08:01:11,91282CLQ2,TSRYS5906509,D,S,D,2024-10-18,2000000.00,3.884583,99.97265625
08:01:11,91282CLQ2,TSRYS5906509,D,S,D,2024-10-18,2000000.00,3.884583,99.97265625
08:01:11,91282CLQ2,TSRYS5906509,D,S,C,2024-10-18,2000000.00,3.884583,99.97265625
08:01:11,91282CLQ2,TSRYS5906509,D,S,D,2024-10-18,1000000.00,3.881784,99.98046875
08:01:12,91282CLQ2,TSRYS5906509,D,S,D,2024-10-18,1000000.00,3.881784,99.98046875
08:01:12,91282CLQ2,TSRYS5906509,D,S,D,2024-10-18,1000000.00,3.881784,99.98046875
08:01:12,91282CLQ2,TSRYS5906509,D,S,D,2024-10-18,1000000.00,3.880385,99.984375
08:01:12,91282CLQ2,TSRYS5906509,D,S,D,2024-10-18,1000000.00,3.880385,99.984375
08:01:12,91282CLQ2,TSRYS5906509,D,S,D,2024-10-18,1000000.00,3.880385,99.984375
08:01:12,91282CLQ2,TSRYS5906509,D,S,D,2024-10-18,1000000.00,3.880385,99.984375
08:01:12,91282CLQ2,TSRYS5906509,D,S,D,2024-10-18,1000000.00,3.881784,99.98046875
08:01:12,91282CLQ2,TSRYS5906509,D,S,D,2024-10-18,1000000.00,3.881784,99.98046875
08:01:12,91282CLQ2,TSRYS5906509,D,S,D,2024-10-18,1000000.00,3.881784,99.98046875
08:01:12,91282CLQ2,TSRYS5906509,D,S,D,2024-10-18,1000000.00,3.881784,99.98046875
08:01:12,91282CLQ2,TSRYS5906509,D,S,D,2024-10-18,1000000.00,3.881784,99.98046875
08:01:12,91282CLQ2,TSRYS5906509,D,S,D,2024-10-18,1000000.00,3.881784,99.98046875
08:01:12,91282CLQ2,TSRYS5906509,D,S,D,2024-10-18,1000000.00,3.881784,99.98046875
08:01:12,91282CLQ2,TSRYS5906509,D,S,D,2024-10-18,1000000.00,3.881784,99.98046875
08:01:12,91282CLQ2,TSRYS5906509,D,S,D,2024-10-18,1000000.00,3.881784,99.98046875
08:01:12,91282CLQ2,TSRYS5906509,D,S,D,2024-10-18,1000000.00,3.881784,99.98046875
08:01:12,91282CLQ2,TSRYS5906509,D,S,D,2024-10-18,1000000.00,3.881784,99.98046875
08:01:12,91282CLQ2,TSRYS5906509,D,S,D,2024-10-18,1000000.00,3.881784,99.98046875
08:01:12,91282CLQ2,TSRYS5906509,D,S,D,2024-10-18,2000000.00,3.881084,99.982421875
08:01:13,91282CLQ2,TSRYS5906509,D,S,D,2024-10-18,1000000.00,3.880385,99.984375
08:01:13,91282CLQ2,TSRYS5906509,D,S,D,2024-10-18,2000000.00,3.881084,99.982421875
08:01:13,91282CLQ2,TSRYS5906509,D,S,D,2024-10-18,2000000.00,3.881084,99.982421875
08:01:13,91282CLQ2,TSRYS5906509,D,S,D,2024-10-18,1000000.00,3.881084,99.982421875
08:01:13,91282CLQ2,TSRYS5906509,D,S,C,2024-10-18,1000000.00,3.881084,99.982421875
08:01:13,91282CLQ2,TSRYS5906509,D,S,D,2024-10-18,1000000.00,3.881784,99.98046875
08:01:13,91282CLQ2,TSRYS5906509,D,S,D,2024-10-18,1000000.00,3.881784,99.98046875
08:01:13,91282CLQ2,TSRYS5906509,D,S,D,2024-10-18,1000000.00,3.881784,99.98046875
08:01:13,91282CLQ2,TSRYS5906509,D,S,D,2024-10-18,1000000.00,3.881784,99.98046875
08:01:13,91282CLQ2,TSRYS5906509,D,S,C,2024-10-18,1000000.00,3.881784,99.98046875
08:01:13,91282CLQ2,TSRYS5906509,D,S,D,2024-10-18,1000000.00,3.881784,99.98046875
08:01:13,91282CLQ2,TSRYS5906509,D,S,D,2024-10-18,1000000.00,3.881784,99.98046875
08:01:13,91282CLQ2,TSRYS5906509,D,S,D,2024-10-18,1000000.00,3.881784,99.98046875
08:01:13,91282CLQ2,TSRYS5906509,D,S,D,2024-10-18,1000000.00,3.881784,99.98046875
08:01:13,91282CLQ2,TSRYS5906509,D,S,D,2024-10-18,1000000.00,3.881784,99.98046875
08:01:13,91282CLQ2,TSRYS5906509,D,S,D,2024-10-18,1000000.00,3.881784,99.98046875
08:01:14,91282CLQ2,TSRYS5906509,D,S,D,2024-10-18,1000000.00,3.881784,99.98046875
08:01:14,91282CLQ2,TSRYS5906509,D,S,D,2024-10-18,1000000.00,3.881784,99.98046875
08:01:14,91282CLQ2,TSRYS5906509,D,S,D,2024-10-18,1000000.00,3.881784,99.98046875
08:01:14,91282CLQ2,TSRYS5906509,D,S,D,2024-10-18,1000000.00,3.882484,99.978515625
08:01:14,91282CLQ2,TSRYS5906509,D,S,D,2024-10-18,1000000.00,3.881784,99.98046875
08:01:14,91282CLQ2,TSRYS5906509,D,S,C,2024-10-18,1000000.00,3.881784,99.98046875
08:01:14,91282CLQ2,TSRYS5906509,D,S,C,2024-10-18,1000000.00,3.881784,99.98046875
08:01:14,91282CLQ2,TSRYS5906509,D,S,C,2024-10-18,1000000.00,3.881784,99.98046875
08:01:14,91282CLQ2,TSRYS5906509,D,S,D,2024-10-18,1000000.00,3.880385,99.984375
08:01:14,91282CLQ2,TSRYS5906509,D,S,D,2024-10-18,1000000.00,3.881784,99.98046875
08:01:14,91282CLQ2,TSRYS5906509,D,S,D,2024-10-18,1000000.00,3.881784,99.98046875
08:01:14,91282CLQ2,TSRYS5906509,D,S,T,2024-10-18,1000000.00,3.89508,99.943359375
08:01:14,91282CLQ2,TSRYS5906509,D,S,T,2024-10-18,1000000.00,3.89508,99.943359375
08:01:14,91282CLQ2,TSRYS5906509,D,S,D,2024-10-18,1000000.00,3.89508,99.943359375
08:01:14,91282CLQ2,TSRYS5906509,D,S,T,2024-10-18,1000000.00,3.89578,99.94140625
08:01:14,91282CLQ2,TSRYS5906509,D,S,T,2024-10-18,1000000.00,3.89578,99.94140625
08:01:14,91282CLQ2,TSRYS5906509,D,S,D,2024-10-18,1000000.00,3.881784,99.98046875
08:01:15,91282CLQ2,TSRYS5906509,D,S,C,2024-10-18,1000000.00,3.881784,99.98046875
08:01:15,91282CLQ2,TSRYS5906509,D,S,D,2024-10-18,1000000.00,3.881784,99.98046875
08:01:15,91282CLQ2,TSRYS5906509,D,S,D,2024-10-18,1000000.00,3.881784,99.98046875
