tradeTime,cusip,issueSymbolIdentifier,priceType,reportingSideCode,contraPartyTypeCode,tradeDate,reportedTradeVolume,lastSaleYield,lastSalePrice
08:00:02,91282CLL3,TSRYS5884563,D,S,D,2024-09-17,1000000.00,3.404682,99.916015625
08:00:02,91282CLL3,TSRYS5884563,D,S,D,2024-09-17,1000000.00,3.410223,99.900390625
08:00:02,91282CLL3,TSRYS5884563,D,S,D,2024-09-17,1000000.00,3.410223,99.900390625
08:00:02,91282CLL3,TSRYS5884563,D,S,T,2024-09-17,1000000.00,3.410916,99.8984375
08:00:02,91282CLL3,TSRYS5884563,D,S,T,2024-09-17,1000000.00,3.411608,99.896484375
08:00:02,91282CLL3,TSRYS5884563,D,S,T,2024-09-17,3000000.00,3.411608,99.896484375
08:00:02,91282CLL3,TSRYS5884563,D,S,T,2024-09-17,3000000.00,3.408838,99.904296875
08:00:02,91282CLL3,TSRYS5884563,D,S,T,2024-09-17,1000000.00,3.40953,99.90234375
08:00:02,91282CLL3,TSRYS5884563,D,S,T,2024-09-17,4000000.00,3.410916,99.8984375
08:00:02,91282CLL3,TSRYS5884563,D,S,D,2024-09-17,4000000.00,3.410916,99.8984375
08:00:02,91282CLL3,TSRYS5884563,D,S,D,2024-09-17,1000000.00,3.408838,99.904296875
08:00:02,91282CLL3,TSRYS5884563,D,S,D,2024-09-17,2000000.00,3.408838,99.904296875
08:00:02,91282CLL3,TSRYS5884563,D,S,T,2024-09-17,3000000.00,3.40953,99.90234375
08:00:03,91282CLL3,TSRYS5884563,D,S,T,2024-09-17,2000000.00,3.423386,99.86328125
08:00:03,91282CLL3,TSRYS5884563,D,S,T,2024-09-17,2000000.00,3.423386,99.86328125
08:00:03,91282CLL3,TSRYS5884563,D,S,T,2024-09-17,4000000.00,3.413687,99.890625
08:00:03,91282CLL3,TSRYS5884563,D,S,T,2024-09-17,4000000.00,3.421308,99.869140625
08:00:03,91282CLL3,TSRYS5884563,D,S,D,2024-09-17,1000000.00,3.421308,99.869140625
08:00:03,91282CLL3,TSRYS5884563,D,S,D,2024-09-17,2000000.00,3.421308,99.869140625
08:00:03,91282CLL3,TSRYS5884563,D,S,D,2024-09-17,1000000.00,3.421308,99.869140625
08:00:03,91282CLL3,TSRYS5884563,D,S,T,2024-09-17,2000000.00,3.421308,99.869140625
08:00:03,91282CLL3,TSRYS5884563,D,S,T,2024-09-17,2000000.00,3.421308,99.869140625
08:00:03,91282CLL3,TSRYS5884563,D,S,D,2024-09-17,1000000.00,3.421308,99.869140625
08:00:03,91282CLL3,TSRYS5884563,D,S,D,2024-09-17,1000000.00,3.421308,99.869140625
08:00:03,91282CLL3,TSRYS5884563,D,S,D,2024-09-17,2000000.00,3.421308,99.869140625
08:00:03,91282CLL3,TSRYS5884563,D,S,D,2024-09-17,1000000.00,3.421308,99.869140625
08:00:03,91282CLL3,TSRYS5884563,D,S,D,2024-09-17,2000000.00,3.421308,99.869140625
08:00:03,91282CLL3,TSRYS5884563,D,S,D,2024-09-17,2000000.00,3.421308,99.869140625
08:00:03,91282CLL3,TSRYS5884563,D,S,T,2024-09-17,1000000.00,3.421308,99.869140625
08:00:03,91282CLL3,TSRYS5884563,D,S,T,2024-09-17,2000000.00,3.421308,99.869140625
08:00:03,91282CLL3,TSRYS5884563,D,S,T,2024-09-17,1000000.00,3.421308,99.869140625
08:00:03,91282CLL3,TSRYS5884563,D,S,D,2024-09-17,2000000.00,3.421308,99.869140625
08:00:03,91282CLL3,TSRYS5884563,D,S,D,2024-09-17,2000000.00,3.421308,99.869140625
08:00:03,91282CLL3,TSRYS5884563,D,S,D,2024-09-17,1000000.00,3.421308,99.869140625
08:00:03,91282CLL3,TSRYS5884563,D,S,D,2024-09-17,2000000.00,3.421308,99.869140625
08:00:03,91282CLL3,TSRYS5884563,D,S,D,2024-09-17,1000000.00,3.421308,99.869140625
08:00:03,91282CLL3,TSRYS5884563,D,S,T,2024-09-17,2000000.00,3.421308,99.869140625
08:00:03,91282CLL3,TSRYS5884563,D,S,D,2024-09-17,2000000.00,3.421308,99.869140625
08:00:03,91282CLL3,TSRYS5884563,D,S,D,2024-09-17,1000000.00,3.420615,99.87109375
08:00:03,91282CLL3,TSRYS5884563,D,S,D,2024-09-17,1000000.00,3.422693,99.865234375
08:00:05,91282CLL3,TSRYS5884563,D,S,T,2024-09-17,1000000.00,3.405375,99.9140625
08:00:05,91282CLL3,TSRYS5884563,D,S,T,2024-09-17,1000000.00,3.422001,99.8671875
08:00:06,91282CLL3,TSRYS5884563,D,B,C,2024-09-17,1000000.00,3.453973,99.777
08:00:06,91282CLL3,TSRYS5884563,D,S,T,2024-09-17,1000000.00,3.413687,99.890625
08:00:08,91282CLL3,TSRYS5884563,D,S,D,2024-09-17,24238100.00,3.40953,99.9023438
08:00:11,91282CLL3,TSRYS5884563,D,S,T,2024-09-17,1000000.00,3.415072,99.88671875
08:00:11,91282CLL3,TSRYS5884563,D,S,T,2024-09-17,1000000.00,3.423386,99.86328125
08:00:11,91282CLL3,TSRYS5884563,D,S,T,2024-09-17,2000000.00,3.422693,99.865234375
08:00:12,91282CLL3,TSRYS5884563,D,S,D,2024-09-17,1000000.00,3.422001,99.8671875
08:00:14,91282CLL3,TSRYS5884563,D,S,T,2024-09-17,1000000.00,3.421308,99.869140625
08:00:14,91282CLL3,TSRYS5884563,D,S,T,2024-09-17,1000000.00,3.420615,99.87109375
08:00:14,91282CLL3,TSRYS5884563,D,S,T,2024-09-17,1000000.00,3.422693,99.865234375
08:00:14,91282CLL3,TSRYS5884563,D,S,T,2024-09-17,1000000.00,3.422001,99.8671875
08:00:14,91282CLL3,TSRYS5884563,D,S,T,2024-09-17,1000000.00,3.421308,99.869140625
08:00:14,91282CLL3,TSRYS5884563,D,S,T,2024-09-17,1000000.00,3.420615,99.87109375
08:00:14,91282CLL3,TSRYS5884563,D,S,T,2024-09-17,1000000.00,3.419229,99.875
08:00:14,91282CLL3,TSRYS5884563,D,S,T,2024-09-17,1000000.00,3.412994,99.892578125
08:00:14,91282CLL3,TSRYS5884563,D,S,T,2024-09-17,1000000.00,3.410223,99.900390625
08:00:14,91282CLL3,TSRYS5884563,D,S,T,2024-09-17,1000000.00,3.402605,99.921875
08:00:14,91282CLL3,TSRYS5884563,D,S,D,2024-09-17,2000000.00,3.415072,99.88671875
08:00:14,91282CLL3,TSRYS5884563,D,B,C,2024-09-17,2000000.00,3.415072,99.88671875
08:00:14,91282CLL3,TSRYS5884563,D,S,D,2024-09-17,1000000.00,3.416458,99.8828125
08:00:14,91282CLL3,TSRYS5884563,D,S,T,2024-09-17,1000000.00,3.40676,99.91015625
08:00:14,91282CLL3,TSRYS5884563,D,S,T,2024-09-17,1000000.00,3.412301,99.89453125
08:00:14,91282CLL3,TSRYS5884563,D,S,T,2024-09-17,1000000.00,3.410916,99.8984375
08:00:14,91282CLL3,TSRYS5884563,D,S,T,2024-09-17,1000000.00,3.40953,99.90234375
08:00:14,91282CLL3,TSRYS5884563,D,S,T,2024-09-17,1000000.00,3.40953,99.90234375
08:00:14,91282CLL3,TSRYS5884563,D,S,T,2024-09-17,1000000.00,3.410223,99.900390625
08:00:14,91282CLL3,TSRYS5884563,D,S,T,2024-09-17,1000000.00,3.410223,99.900390625
08:00:14,91282CLL3,TSRYS5884563,D,S,T,2024-09-17,1000000.00,3.40953,99.90234375
08:00:14,91282CLL3,TSRYS5884563,D,S,T,2024-09-17,1000000.00,3.40953,99.90234375
08:00:14,91282CLL3,TSRYS5884563,D,S,T,2024-09-17,1000000.00,3.410916,99.8984375
08:00:14,91282CLL3,TSRYS5884563,D,S,T,2024-09-17,1000000.00,3.40676,99.91015625
08:00:14,91282CLL3,TSRYS5884563,D,S,T,2024-09-17,1000000.00,3.407453,99.908203125
08:00:14,91282CLL3,TSRYS5884563,D,S,D,2024-09-17,1000000.00,3.406067,99.912109375
08:00:14,91282CLL3,TSRYS5884563,D,S,T,2024-09-17,1000000.00,3.406067,99.912109375
08:00:14,91282CLL3,TSRYS5884563,D,S,T,2024-09-17,1000000.00,3.406067,99.912109375
08:00:14,91282CLL3,TSRYS5884563,D,S,T,2024-09-17,1000000.00,3.405375,99.9140625
08:00:14,91282CLL3,TSRYS5884563,D,S,T,2024-09-17,1000000.00,3.405375,99.9140625
08:00:14,91282CLL3,TSRYS5884563,D,S,T,2024-09-17,1000000.00,3.403297,99.919921875
08:00:14,91282CLL3,TSRYS5884563,D,S,T,2024-09-17,1000000.00,3.403297,99.919921875
08:00:14,91282CLL3,TSRYS5884563,D,S,T,2024-09-17,1000000.00,3.403297,99.919921875
08:00:14,91282CLL3,TSRYS5884563,D,S,D,2024-09-17,1000000.00,3.40399,99.91796875
08:00:14,91282CLL3,TSRYS5884563,D,S,D,2024-09-17,1000000.00,3.406067,99.912109375
08:00:14,91282CLL3,TSRYS5884563,D,S,D,2024-09-17,1000000.00,3.406067,99.912109375
08:00:14,91282CLL3,TSRYS5884563,D,S,T,2024-09-17,1000000.00,3.408145,99.90625
08:00:14,91282CLL3,TSRYS5884563,D,S,D,2024-09-17,1000000.00,3.410223,99.900390625
08:00:14,91282CLL3,TSRYS5884563,D,S,D,2024-09-17,1000000.00,3.410223,99.900390625
08:00:14,91282CLL3,TSRYS5884563,D,S,T,2024-09-17,1000000.00,3.40953,99.90234375
08:00:14,91282CLL3,TSRYS5884563,D,S,T,2024-09-17,1000000.00,3.40953,99.90234375
08:00:14,91282CLL3,TSRYS5884563,D,S,T,2024-09-17,1000000.00,3.40953,99.90234375
08:00:14,91282CLL3,TSRYS5884563,D,S,T,2024-09-17,1000000.00,3.40953,99.90234375
08:00:14,91282CLL3,TSRYS5884563,D,S,T,2024-09-17,1000000.00,3.40953,99.90234375
08:00:14,91282CLL3,TSRYS5884563,D,S,T,2024-09-17,1000000.00,3.40953,99.90234375
08:00:14,91282CLL3,TSRYS5884563,D,S,T,2024-09-17,1000000.00,3.412994,99.892578125
08:00:14,91282CLL3,TSRYS5884563,D,S,T,2024-09-17,1000000.00,3.412301,99.89453125
08:00:14,91282CLL3,TSRYS5884563,D,S,T,2024-09-17,1000000.00,3.412301,99.89453125
08:00:14,91282CLL3,TSRYS5884563,D,S,T,2024-09-17,1000000.00,3.412301,99.89453125
08:00:14,91282CLL3,TSRYS5884563,D,S,T,2024-09-17,1000000.00,3.412301,99.89453125
08:00:14,91282CLL3,TSRYS5884563,D,S,T,2024-09-17,1000000.00,3.412301,99.89453125
08:00:14,91282CLL3,TSRYS5884563,D,S,T,2024-09-17,1000000.00,3.412301,99.89453125
08:00:14,91282CLL3,TSRYS5884563,D,S,T,2024-09-17,1000000.00,3.412301,99.89453125
08:00:14,91282CLL3,TSRYS5884563,D,S,T,2024-09-17,1000000.00,3.412301,99.89453125
08:00:14,91282CLL3,TSRYS5884563,D,S,T,2024-09-17,1000000.00,3.412301,99.89453125
08:00:14,91282CLL3,TSRYS5884563,D,S,T,2024-09-17,1000000.00,3.412301,99.89453125
08:00:14,91282CLL3,TSRYS5884563,D,S,T,2024-09-17,1000000.00,3.413687,99.890625
08:00:14,91282CLL3,TSRYS5884563,D,S,T,2024-09-17,1000000.00,3.413687,99.890625
08:00:14,91282CLL3,TSRYS5884563,D,S,T,2024-09-17,2000000.00,3.413687,99.890625
08:00:14,91282CLL3,TSRYS5884563,D,S,T,2024-09-17,1000000.00,3.413687,99.890625
08:00:14,91282CLL3,TSRYS5884563,D,S,T,2024-09-17,1000000.00,3.421308,99.869140625
08:00:14,91282CLL3,TSRYS5884563,D,S,T,2024-09-17,1000000.00,3.422001,99.8671875
08:00:14,91282CLL3,TSRYS5884563,D,S,T,2024-09-17,1000000.00,3.422001,99.8671875
08:00:14,91282CLL3,TSRYS5884563,D,S,T,2024-09-17,1000000.00,3.424079,99.861328125
08:00:14,91282CLL3,TSRYS5884563,D,S,T,2024-09-17,1000000.00,3.423386,99.86328125
08:00:14,91282CLL3,TSRYS5884563,D,S,T,2024-09-17,1000000.00,3.423386,99.86328125
08:00:14,91282CLL3,TSRYS5884563,D,S,T,2024-09-17,1000000.00,3.426158,99.85546875
08:00:14,91282CLL3,TSRYS5884563,D,S,T,2024-09-17,1000000.00,3.424772,99.859375
08:00:14,91282CLL3,TSRYS5884563,D,S,T,2024-09-17,1000000.00,3.423386,99.86328125
08:00:14,91282CLL3,TSRYS5884563,D,S,T,2024-09-17,1000000.00,3.424772,99.859375
08:00:14,91282CLL3,TSRYS5884563,D,S,T,2024-09-17,1000000.00,3.423386,99.86328125
08:00:14,91282CLL3,TSRYS5884563,D,S,T,2024-09-17,1000000.00,3.43309,99.8359375
08:00:14,91282CLL3,TSRYS5884563,D,S,T,2024-09-17,1000000.00,3.428931,99.84765625
08:00:14,91282CLL3,TSRYS5884563,D,S,T,2024-09-17,2000000.00,3.428931,99.84765625
08:00:14,91282CLL3,TSRYS5884563,D,S,T,2024-09-17,1000000.00,3.428238,99.849609375
08:00:14,91282CLL3,TSRYS5884563,D,S,T,2024-09-17,1000000.00,3.428238,99.849609375
08:00:14,91282CLL3,TSRYS5884563,D,S,T,2024-09-17,1000000.00,3.427545,99.8515625
08:00:14,91282CLL3,TSRYS5884563,D,S,T,2024-09-17,1000000.00,3.427545,99.8515625
08:00:14,91282CLL3,TSRYS5884563,D,S,T,2024-09-17,1000000.00,3.427545,99.8515625
08:00:14,91282CLL3,TSRYS5884563,D,S,T,2024-09-17,1000000.00,3.428238,99.849609375
08:00:14,91282CLL3,TSRYS5884563,D,S,T,2024-09-17,1000000.00,3.428238,99.849609375
08:00:14,91282CLL3,TSRYS5884563,D,S,T,2024-09-17,1000000.00,3.427545,99.8515625
08:00:14,91282CLL3,TSRYS5884563,D,S,T,2024-09-17,1000000.00,3.427545,99.8515625
08:00:14,91282CLL3,TSRYS5884563,D,S,T,2024-09-17,1000000.00,3.427545,99.8515625
08:00:14,91282CLL3,TSRYS5884563,D,S,T,2024-09-17,1000000.00,3.427545,99.8515625
08:00:14,91282CLL3,TSRYS5884563,D,S,T,2024-09-17,1000000.00,3.427545,99.8515625
08:00:14,91282CLL3,TSRYS5884563,D,S,T,2024-09-17,1000000.00,3.426158,99.85546875
08:00:14,91282CLL3,TSRYS5884563,D,S,T,2024-09-17,1000000.00,3.426158,99.85546875
08:00:14,91282CLL3,TSRYS5884563,D,S,T,2024-09-17,1000000.00,3.425465,99.857421875
08:00:14,91282CLL3,TSRYS5884563,D,S,T,2024-09-17,1000000.00,3.424772,99.859375
08:00:14,91282CLL3,TSRYS5884563,D,S,T,2024-09-17,1000000.00,3.419229,99.875
08:00:14,91282CLL3,TSRYS5884563,D,S,T,2024-09-17,1000000.00,3.418536,99.876953125
08:00:14,91282CLL3,TSRYS5884563,D,S,T,2024-09-17,1000000.00,3.418536,99.876953125
08:00:14,91282CLL3,TSRYS5884563,D,S,T,2024-09-17,1000000.00,3.418536,99.876953125
08:00:14,91282CLL3,TSRYS5884563,D,S,T,2024-09-17,1000000.00,3.412301,99.89453125
08:00:16,91282CLL3,TSRYS5884563,D,S,D,2024-09-17,2000000.00,3.422693,99.865234375
08:00:16,91282CLL3,TSRYS5884563,D,B,C,2024-09-17,2000000.00,3.422693,99.865234375
08:00:16,91282CLL3,TSRYS5884563,D,B,A,2024-09-17,28000.00,3.415072,99.88671875
08:00:17,91282CLL3,TSRYS5884563,D,B,A,2024-09-17,600000.00,3.40676,99.91015625
08:00:17,91282CLL3,TSRYS5884563,D,B,A,2024-09-17,600000.00,3.40676,99.91015625
08:00:17,91282CLL3,TSRYS5884563,D,S,T,2024-09-17,1000000.00,3.408145,99.90625
08:00:18,91282CLL3,TSRYS5884563,D,S,D,2024-09-17,1000000.00,3.419229,99.875
08:00:18,91282CLL3,TSRYS5884563,D,S,D,2024-09-17,1000000.00,3.416458,99.8828125
08:00:20,91282CLL3,TSRYS5884563,D,S,D,2024-09-17,1000000.00,3.415072,99.88671875
08:00:20,91282CLL3,TSRYS5884563,D,S,D,2024-09-17,1000000.00,3.417843,99.87890625
08:00:21,91282CLL3,TSRYS5884563,D,S,A,2024-09-17,32000.00,3.412301,99.89453125
08:00:21,91282CLL3,TSRYS5884563,D,S,D,2024-09-17,24000000.00,3.412301,99.89453125
08:00:22,91282CLL3,TSRYS5884563,D,S,A,2024-09-17,106000.00,3.40953,99.90234375
08:00:22,91282CLL3,TSRYS5884563,D,B,C,2024-09-17,1000000.00,3.414379,99.888671875
08:00:22,91282CLL3,TSRYS5884563,D,S,D,2024-09-17,1000000.00,3.414379,99.888671875
08:00:24,91282CLL3,TSRYS5884563,D,S,D,2024-09-17,2000000.00,3.40676,99.91015625
08:00:24,91282CLL3,TSRYS5884563,D,S,D,2024-09-17,1000000.00,3.40676,99.91015625
08:00:24,91282CLL3,TSRYS5884563,D,S,D,2024-09-17,1000000.00,3.40676,99.91015625
08:00:24,91282CLL3,TSRYS5884563,D,S,D,2024-09-17,1000000.00,3.408145,99.90625
08:00:25,91282CLL3,TSRYS5884563,D,S,D,2024-09-17,1000000.00,3.413687,99.890625
08:00:25,91282CLL3,TSRYS5884563,D,S,D,2024-09-17,1000000.00,3.412301,99.89453125
08:00:26,91282CLL3,TSRYS5884563,D,S,D,2024-09-17,1000000.00,3.412301,99.89453125
08:00:26,91282CLL3,TSRYS5884563,D,S,D,2024-09-17,1000000.00,3.412301,99.89453125
08:00:27,91282CLL3,TSRYS5884563,D,S,D,2024-09-17,1000000.00,3.412301,99.89453125
08:00:28,91282CLL3,TSRYS5884563,D,S,D,2024-09-17,1000000.00,3.408145,99.90625
08:00:28,91282CLL3,TSRYS5884563,D,S,D,2024-09-17,1000000.00,3.40676,99.91015625
08:00:28,91282CLL3,TSRYS5884563,D,S,D,2024-09-17,5000000.00,3.410916,99.8984375
08:00:28,91282CLL3,TSRYS5884563,D,S,D,2024-09-17,1000000.00,3.410916,99.8984375
08:00:28,91282CLL3,TSRYS5884563,D,S,D,2024-09-17,1000000.00,3.40953,99.90234375
08:00:28,91282CLL3,TSRYS5884563,D,S,D,2024-09-17,1000000.00,3.40953,99.90234375
08:00:29,91282CLL3,TSRYS5884563,D,S,D,2024-09-17,1000000.00,3.408145,99.90625
08:00:29,91282CLL3,TSRYS5884563,D,S,D,2024-09-17,1000000.00,3.405375,99.9140625
08:00:30,91282CLL3,TSRYS5884563,D,S,T,2024-09-17,1000000.00,3.423386,99.86328125
08:00:30,91282CLL3,TSRYS5884563,D,S,T,2024-09-17,1000000.00,3.423386,99.86328125
08:00:30,91282CLL3,TSRYS5884563,D,S,T,2024-09-17,3000000.00,3.423386,99.86328125
08:00:30,91282CLL3,TSRYS5884563,D,S,T,2024-09-17,1000000.00,3.415072,99.88671875
08:00:30,91282CLL3,TSRYS5884563,D,S,T,2024-09-17,1000000.00,3.41715,99.880859375
08:00:30,91282CLL3,TSRYS5884563,D,S,T,2024-09-17,3000000.00,3.417843,99.87890625
08:00:30,91282CLL3,TSRYS5884563,D,S,T,2024-09-17,1000000.00,3.418536,99.876953125
08:00:30,91282CLL3,TSRYS5884563,D,S,T,2024-09-17,1000000.00,3.417843,99.87890625
08:00:30,91282CLL3,TSRYS5884563,D,S,T,2024-09-17,1000000.00,3.417843,99.87890625
08:00:30,91282CLL3,TSRYS5884563,D,S,T,2024-09-17,1000000.00,3.417843,99.87890625
08:00:30,91282CLL3,TSRYS5884563,D,S,T,2024-09-17,1000000.00,3.417843,99.87890625
08:00:30,91282CLL3,TSRYS5884563,D,S,T,2024-09-17,2000000.00,3.417843,99.87890625
08:00:30,91282CLL3,TSRYS5884563,D,S,T,2024-09-17,1000000.00,3.419229,99.875
08:00:30,91282CLL3,TSRYS5884563,D,S,T,2024-09-17,1000000.00,3.419229,99.875
08:00:30,91282CLL3,TSRYS5884563,D,S,T,2024-09-17,3000000.00,3.421308,99.869140625
08:00:30,91282CLL3,TSRYS5884563,D,S,T,2024-09-17,1000000.00,3.421308,99.869140625
08:00:30,91282CLL3,TSRYS5884563,D,S,T,2024-09-17,1000000.00,3.420615,99.87109375
08:00:30,91282CLL3,TSRYS5884563,D,S,T,2024-09-17,1000000.00,3.421308,99.869140625
08:00:30,91282CLL3,TSRYS5884563,D,S,T,2024-09-17,1000000.00,3.422001,99.8671875
08:00:30,91282CLL3,TSRYS5884563,D,S,T,2024-09-17,1000000.00,3.422001,99.8671875
08:00:30,91282CLL3,TSRYS5884563,D,S,T,2024-09-17,1000000.00,3.422001,99.8671875
08:00:30,91282CLL3,TSRYS5884563,D,S,T,2024-09-17,1000000.00,3.422001,99.8671875
08:00:30,91282CLL3,TSRYS5884563,D,S,T,2024-09-17,1000000.00,3.422001,99.8671875
08:00:30,91282CLL3,TSRYS5884563,D,S,D,2024-09-17,1000000.00,3.40953,99.90234375
08:00:30,91282CLL3,TSRYS5884563,D,S,D,2024-09-17,1000000.00,3.40953,99.90234375
08:00:30,91282CLL3,TSRYS5884563,D,S,T,2024-09-17,4000000.00,3.422001,99.8671875
08:00:30,91282CLL3,TSRYS5884563,D,S,T,2024-09-17,1000000.00,3.422001,99.8671875
08:00:30,91282CLL3,TSRYS5884563,D,S,T,2024-09-17,1000000.00,3.422001,99.8671875
08:00:30,91282CLL3,TSRYS5884563,D,S,T,2024-09-17,1000000.00,3.420615,99.87109375
08:00:30,91282CLL3,TSRYS5884563,D,S,T,2024-09-17,1000000.00,3.423386,99.86328125
08:00:30,91282CLL3,TSRYS5884563,D,S,T,2024-09-17,1000000.00,3.423386,99.86328125
08:00:30,91282CLL3,TSRYS5884563,D,S,T,2024-09-17,1000000.00,3.423386,99.86328125
08:00:30,91282CLL3,TSRYS5884563,D,S,T,2024-09-17,1000000.00,3.424079,99.861328125
08:00:30,91282CLL3,TSRYS5884563,D,S,T,2024-09-17,1000000.00,3.423386,99.86328125
08:00:30,91282CLL3,TSRYS5884563,D,S,T,2024-09-17,3000000.00,3.423386,99.86328125
08:00:30,91282CLL3,TSRYS5884563,D,S,T,2024-09-17,1000000.00,3.423386,99.86328125
08:00:30,91282CLL3,TSRYS5884563,D,S,T,2024-09-17,1000000.00,3.423386,99.86328125
08:00:30,91282CLL3,TSRYS5884563,D,S,T,2024-09-17,1000000.00,3.422001,99.8671875
08:00:30,91282CLL3,TSRYS5884563,D,S,T,2024-09-17,1000000.00,3.420615,99.87109375
08:00:30,91282CLL3,TSRYS5884563,D,S,T,2024-09-17,1000000.00,3.419922,99.873046875
08:00:30,91282CLL3,TSRYS5884563,D,S,T,2024-09-17,1000000.00,3.419229,99.875
08:00:30,91282CLL3,TSRYS5884563,D,S,T,2024-09-17,1000000.00,3.419229,99.875
08:00:30,91282CLL3,TSRYS5884563,D,S,T,2024-09-17,1000000.00,3.416458,99.8828125
08:00:30,91282CLL3,TSRYS5884563,D,S,T,2024-09-17,1000000.00,3.415072,99.88671875
08:00:30,91282CLL3,TSRYS5884563,D,S,T,2024-09-17,1000000.00,3.415072,99.88671875
08:00:30,91282CLL3,TSRYS5884563,D,S,T,2024-09-17,1000000.00,3.415072,99.88671875
08:00:30,91282CLL3,TSRYS5884563,D,S,T,2024-09-17,1000000.00,3.415072,99.88671875
08:00:30,91282CLL3,TSRYS5884563,D,S,T,2024-09-17,1000000.00,3.415072,99.88671875
08:00:30,91282CLL3,TSRYS5884563,D,S,T,2024-09-17,1000000.00,3.415072,99.88671875
08:00:30,91282CLL3,TSRYS5884563,D,S,T,2024-09-17,1000000.00,3.415072,99.88671875
08:00:30,91282CLL3,TSRYS5884563,D,S,T,2024-09-17,1000000.00,3.415072,99.88671875
08:00:30,91282CLL3,TSRYS5884563,D,S,T,2024-09-17,1000000.00,3.415072,99.88671875
08:00:30,91282CLL3,TSRYS5884563,D,S,T,2024-09-17,1000000.00,3.415072,99.88671875
08:00:30,91282CLL3,TSRYS5884563,D,S,T,2024-09-17,1000000.00,3.415072,99.88671875
08:00:30,91282CLL3,TSRYS5884563,D,S,T,2024-09-17,1000000.00,3.415765,99.884765625
08:00:30,91282CLL3,TSRYS5884563,D,S,T,2024-09-17,1000000.00,3.413687,99.890625
08:00:30,91282CLL3,TSRYS5884563,D,S,T,2024-09-17,1000000.00,3.419922,99.873046875
08:00:30,91282CLL3,TSRYS5884563,D,S,T,2024-09-17,1000000.00,3.421308,99.869140625
08:00:30,91282CLL3,TSRYS5884563,D,S,T,2024-09-17,1000000.00,3.420615,99.87109375
08:00:30,91282CLL3,TSRYS5884563,D,S,T,2024-09-17,1000000.00,3.420615,99.87109375
08:00:30,91282CLL3,TSRYS5884563,D,S,T,2024-09-17,1000000.00,3.420615,99.87109375
08:00:30,91282CLL3,TSRYS5884563,D,S,T,2024-09-17,1000000.00,3.420615,99.87109375
08:00:30,91282CLL3,TSRYS5884563,D,S,T,2024-09-17,1000000.00,3.420615,99.87109375
08:00:30,91282CLL3,TSRYS5884563,D,S,T,2024-09-17,1000000.00,3.420615,99.87109375
08:00:30,91282CLL3,TSRYS5884563,D,S,T,2024-09-17,1000000.00,3.420615,99.87109375
08:00:30,91282CLL3,TSRYS5884563,D,S,T,2024-09-17,1000000.00,3.420615,99.87109375
08:00:30,91282CLL3,TSRYS5884563,D,S,T,2024-09-17,1000000.00,3.420615,99.87109375
08:00:30,91282CLL3,TSRYS5884563,D,S,T,2024-09-17,1000000.00,3.420615,99.87109375
08:00:30,91282CLL3,TSRYS5884563,D,S,T,2024-09-17,1000000.00,3.424772,99.859375
08:00:30,91282CLL3,TSRYS5884563,D,S,T,2024-09-17,1000000.00,3.422001,99.8671875
08:00:30,91282CLL3,TSRYS5884563,D,S,T,2024-09-17,1000000.00,3.422001,99.8671875
08:00:30,91282CLL3,TSRYS5884563,D,S,T,2024-09-17,1000000.00,3.422001,99.8671875
08:00:30,91282CLL3,TSRYS5884563,D,S,T,2024-09-17,1000000.00,3.422001,99.8671875
08:00:30,91282CLL3,TSRYS5884563,D,S,T,2024-09-17,1000000.00,3.420615,99.87109375
08:00:30,91282CLL3,TSRYS5884563,D,S,T,2024-09-17,1000000.00,3.420615,99.87109375
08:00:30,91282CLL3,TSRYS5884563,D,S,T,2024-09-17,2000000.00,3.421308,99.869140625
08:00:30,91282CLL3,TSRYS5884563,D,S,T,2024-09-17,1000000.00,3.420615,99.87109375
08:00:30,91282CLL3,TSRYS5884563,D,S,T,2024-09-17,1000000.00,3.419229,99.875
08:00:30,91282CLL3,TSRYS5884563,D,S,T,2024-09-17,1000000.00,3.419229,99.875
08:00:30,91282CLL3,TSRYS5884563,D,S,T,2024-09-17,1000000.00,3.419229,99.875
08:00:30,91282CLL3,TSRYS5884563,D,S,T,2024-09-17,1000000.00,3.415072,99.88671875
08:00:30,91282CLL3,TSRYS5884563,D,S,T,2024-09-17,1000000.00,3.416458,99.8828125
08:00:30,91282CLL3,TSRYS5884563,D,S,T,2024-09-17,1000000.00,3.415072,99.88671875
08:00:30,91282CLL3,TSRYS5884563,D,S,T,2024-09-17,1000000.00,3.416458,99.8828125
08:00:30,91282CLL3,TSRYS5884563,D,S,T,2024-09-17,1000000.00,3.417843,99.87890625
08:00:30,91282CLL3,TSRYS5884563,D,S,T,2024-09-17,1000000.00,3.422001,99.8671875
08:00:30,91282CLL3,TSRYS5884563,D,S,T,2024-09-17,1000000.00,3.423386,99.86328125
08:00:30,91282CLL3,TSRYS5884563,D,S,T,2024-09-17,1000000.00,3.424079,99.861328125
08:00:30,91282CLL3,TSRYS5884563,D,S,T,2024-09-17,1000000.00,3.422693,99.865234375
08:00:30,91282CLL3,TSRYS5884563,D,S,T,2024-09-17,1000000.00,3.412301,99.89453125
08:00:30,91282CLL3,TSRYS5884563,D,S,T,2024-09-17,1000000.00,3.412301,99.89453125
08:00:30,91282CLL3,TSRYS5884563,D,S,T,2024-09-17,1000000.00,3.412301,99.89453125
08:00:30,91282CLL3,TSRYS5884563,D,S,T,2024-09-17,1000000.00,3.412301,99.89453125
08:00:30,91282CLL3,TSRYS5884563,D,S,T,2024-09-17,1000000.00,3.413687,99.890625
08:00:30,91282CLL3,TSRYS5884563,D,S,T,2024-09-17,1000000.00,3.413687,99.890625
08:00:30,91282CLL3,TSRYS5884563,D,S,T,2024-09-17,1000000.00,3.405375,99.9140625
08:00:30,91282CLL3,TSRYS5884563,D,S,T,2024-09-17,1000000.00,3.405375,99.9140625
08:00:30,91282CLL3,TSRYS5884563,D,S,T,2024-09-17,1000000.00,3.412301,99.89453125
08:00:30,91282CLL3,TSRYS5884563,D,S,T,2024-09-17,1000000.00,3.412301,99.89453125
08:00:30,91282CLL3,TSRYS5884563,D,S,T,2024-09-17,1000000.00,3.426158,99.85546875
08:00:30,91282CLL3,TSRYS5884563,D,S,T,2024-09-17,1000000.00,3.426158,99.85546875
08:00:30,91282CLL3,TSRYS5884563,D,S,T,2024-09-17,1000000.00,3.426158,99.85546875
08:00:30,91282CLL3,TSRYS5884563,D,S,T,2024-09-17,1000000.00,3.422001,99.8671875
08:00:30,91282CLL3,TSRYS5884563,D,S,T,2024-09-17,2000000.00,3.415072,99.88671875
08:00:30,91282CLL3,TSRYS5884563,D,S,T,2024-09-17,1000000.00,3.422001,99.8671875
08:00:30,91282CLL3,TSRYS5884563,D,S,T,2024-09-17,1000000.00,3.422001,99.8671875
08:00:30,91282CLL3,TSRYS5884563,D,S,T,2024-09-17,1000000.00,3.422001,99.8671875
08:00:30,91282CLL3,TSRYS5884563,D,S,T,2024-09-17,1000000.00,3.422001,99.8671875
08:00:30,91282CLL3,TSRYS5884563,D,S,T,2024-09-17,1000000.00,3.422001,99.8671875
08:00:30,91282CLL3,TSRYS5884563,D,S,T,2024-09-17,1000000.00,3.424079,99.861328125
08:00:30,91282CLL3,TSRYS5884563,D,S,T,2024-09-17,1000000.00,3.424079,99.861328125
08:00:30,91282CLL3,TSRYS5884563,D,S,T,2024-09-17,1000000.00,3.424772,99.859375
08:00:30,91282CLL3,TSRYS5884563,D,S,T,2024-09-17,1000000.00,3.424772,99.859375
08:00:30,91282CLL3,TSRYS5884563,D,S,T,2024-09-17,1000000.00,3.424772,99.859375
08:00:30,91282CLL3,TSRYS5884563,D,S,T,2024-09-17,1000000.00,3.427545,99.8515625
08:00:30,91282CLL3,TSRYS5884563,D,S,T,2024-09-17,1000000.00,3.428931,99.84765625
08:00:30,91282CLL3,TSRYS5884563,D,S,T,2024-09-17,1000000.00,3.428931,99.84765625
08:00:30,91282CLL3,TSRYS5884563,D,S,T,2024-09-17,1000000.00,3.422001,99.8671875
08:00:30,91282CLL3,TSRYS5884563,D,S,T,2024-09-17,1000000.00,3.423386,99.86328125
08:00:30,91282CLL3,TSRYS5884563,D,S,T,2024-09-17,1000000.00,3.422001,99.8671875
08:00:30,91282CLL3,TSRYS5884563,D,S,T,2024-09-17,1000000.00,3.422001,99.8671875
08:00:30,91282CLL3,TSRYS5884563,D,S,T,2024-09-17,1000000.00,3.422001,99.8671875
08:00:30,91282CLL3,TSRYS5884563,D,S,T,2024-09-17,1000000.00,3.417843,99.87890625
08:00:30,91282CLL3,TSRYS5884563,D,S,T,2024-09-17,1000000.00,3.415072,99.88671875
08:00:30,91282CLL3,TSRYS5884563,D,S,T,2024-09-17,3000000.00,3.412994,99.892578125
08:00:30,91282CLL3,TSRYS5884563,D,S,T,2024-09-17,1000000.00,3.412301,99.89453125
08:00:30,91282CLL3,TSRYS5884563,D,S,T,2024-09-17,2000000.00,3.413687,99.890625
08:00:30,91282CLL3,TSRYS5884563,D,S,T,2024-09-17,2000000.00,3.415072,99.88671875
08:00:30,91282CLL3,TSRYS5884563,D,S,T,2024-09-17,1000000.00,3.415072,99.88671875
08:00:30,91282CLL3,TSRYS5884563,D,S,T,2024-09-17,1000000.00,3.415072,99.88671875
08:00:30,91282CLL3,TSRYS5884563,D,S,T,2024-09-17,1000000.00,3.415072,99.88671875
08:00:30,91282CLL3,TSRYS5884563,D,S,T,2024-09-17,1000000.00,3.415072,99.88671875
08:00:30,91282CLL3,TSRYS5884563,D,S,T,2024-09-17,1000000.00,3.415072,99.88671875
08:00:30,91282CLL3,TSRYS5884563,D,S,T,2024-09-17,2000000.00,3.415072,99.88671875
08:00:30,91282CLL3,TSRYS5884563,D,S,T,2024-09-17,1000000.00,3.415072,99.88671875
08:00:30,91282CLL3,TSRYS5884563,D,S,T,2024-09-17,1000000.00,3.415072,99.88671875
08:00:30,91282CLL3,TSRYS5884563,D,S,T,2024-09-17,1000000.00,3.415072,99.88671875
08:00:30,91282CLL3,TSRYS5884563,D,S,T,2024-09-17,13000000.00,3.415072,99.88671875
08:00:30,91282CLL3,TSRYS5884563,D,S,T,2024-09-17,1000000.00,3.412301,99.89453125
08:00:30,91282CLL3,TSRYS5884563,D,S,T,2024-09-17,1000000.00,3.408145,99.90625
08:00:30,91282CLL3,TSRYS5884563,D,S,T,2024-09-17,1000000.00,3.408145,99.90625
08:00:30,91282CLL3,TSRYS5884563,D,S,T,2024-09-17,1000000.00,3.405375,99.9140625
08:00:30,91282CLL3,TSRYS5884563,D,S,T,2024-09-17,1000000.00,3.40676,99.91015625
08:00:30,91282CLL3,TSRYS5884563,D,S,T,2024-09-17,1000000.00,3.40676,99.91015625
08:00:30,91282CLL3,TSRYS5884563,D,S,T,2024-09-17,2000000.00,3.40676,99.91015625
08:00:30,91282CLL3,TSRYS5884563,D,S,T,2024-09-17,1000000.00,3.405375,99.9140625
08:00:30,91282CLL3,TSRYS5884563,D,S,T,2024-09-17,1000000.00,3.40399,99.91796875
08:00:30,91282CLL3,TSRYS5884563,D,S,T,2024-09-17,1000000.00,3.40399,99.91796875
08:00:30,91282CLL3,TSRYS5884563,D,S,T,2024-09-17,1000000.00,3.40399,99.91796875
08:00:30,91282CLL3,TSRYS5884563,D,S,T,2024-09-17,1000000.00,3.40399,99.91796875
08:00:30,91282CLL3,TSRYS5884563,D,S,T,2024-09-17,1000000.00,3.40676,99.91015625
08:00:30,91282CLL3,TSRYS5884563,D,S,T,2024-09-17,1000000.00,3.40676,99.91015625
08:00:30,91282CLL3,TSRYS5884563,D,S,T,2024-09-17,1000000.00,3.40676,99.91015625
08:00:30,91282CLL3,TSRYS5884563,D,S,T,2024-09-17,3000000.00,3.40676,99.91015625
08:00:30,91282CLL3,TSRYS5884563,D,S,T,2024-09-17,1000000.00,3.40676,99.91015625
08:00:30,91282CLL3,TSRYS5884563,D,S,T,2024-09-17,1000000.00,3.40676,99.91015625
08:00:30,91282CLL3,TSRYS5884563,D,S,T,2024-09-17,1000000.00,3.408145,99.90625
08:00:30,91282CLL3,TSRYS5884563,D,S,T,2024-09-17,1000000.00,3.408145,99.90625
08:00:30,91282CLL3,TSRYS5884563,D,S,T,2024-09-17,1000000.00,3.408145,99.90625
08:00:30,91282CLL3,TSRYS5884563,D,S,T,2024-09-17,1000000.00,3.40953,99.90234375
08:00:30,91282CLL3,TSRYS5884563,D,S,T,2024-09-17,1000000.00,3.413687,99.890625
08:00:30,91282CLL3,TSRYS5884563,D,S,T,2024-09-17,1000000.00,3.413687,99.890625
08:00:30,91282CLL3,TSRYS5884563,D,S,T,2024-09-17,1000000.00,3.410916,99.8984375
08:00:30,91282CLL3,TSRYS5884563,D,S,T,2024-09-17,1000000.00,3.410916,99.8984375
08:00:30,91282CLL3,TSRYS5884563,D,S,T,2024-09-17,1000000.00,3.412301,99.89453125
08:00:30,91282CLL3,TSRYS5884563,D,S,T,2024-09-17,1000000.00,3.410916,99.8984375
08:00:30,91282CLL3,TSRYS5884563,D,S,T,2024-09-17,1000000.00,3.410916,99.8984375
08:00:30,91282CLL3,TSRYS5884563,D,S,T,2024-09-17,1000000.00,3.40953,99.90234375
08:00:30,91282CLL3,TSRYS5884563,D,S,T,2024-09-17,2000000.00,3.412301,99.89453125
08:00:30,91282CLL3,TSRYS5884563,D,S,T,2024-09-17,1000000.00,3.412301,99.89453125
08:00:30,91282CLL3,TSRYS5884563,D,S,T,2024-09-17,1000000.00,3.412301,99.89453125
08:00:30,91282CLL3,TSRYS5884563,D,S,T,2024-09-17,1000000.00,3.412301,99.89453125
08:00:30,91282CLL3,TSRYS5884563,D,S,T,2024-09-17,1000000.00,3.412301,99.89453125
08:00:30,91282CLL3,TSRYS5884563,D,S,D,2024-09-17,1000000.00,3.412301,99.89453125
08:00:30,91282CLL3,TSRYS5884563,D,S,D,2024-09-17,1000000.00,3.413687,99.890625
08:00:30,91282CLL3,TSRYS5884563,D,S,D,2024-09-17,10000000.00,3.413687,99.890625
08:00:31,91282CLL3,TSRYS5884563,D,S,D,2024-09-17,1000000.00,3.419229,99.875
08:00:31,91282CLL3,TSRYS5884563,D,S,T,2024-09-17,1000000.00,3.413687,99.890625
08:00:31,91282CLL3,TSRYS5884563,D,S,T,2024-09-17,1000000.00,3.410916,99.8984375
08:00:31,91282CLL3,TSRYS5884563,D,S,T,2024-09-17,1000000.00,3.410916,99.8984375
08:00:31,91282CLL3,TSRYS5884563,D,S,T,2024-09-17,1000000.00,3.410916,99.8984375
08:00:31,91282CLL3,TSRYS5884563,D,S,T,2024-09-17,1000000.00,3.410916,99.8984375
08:00:31,91282CLL3,TSRYS5884563,D,S,T,2024-09-17,1000000.00,3.412301,99.89453125
08:00:31,91282CLL3,TSRYS5884563,D,S,T,2024-09-17,1000000.00,3.412301,99.89453125
08:00:31,91282CLL3,TSRYS5884563,D,S,T,2024-09-17,1000000.00,3.412301,99.89453125
08:00:31,91282CLL3,TSRYS5884563,D,S,T,2024-09-17,1000000.00,3.412301,99.89453125
08:00:31,91282CLL3,TSRYS5884563,D,S,T,2024-09-17,1000000.00,3.412301,99.89453125
08:00:31,91282CLL3,TSRYS5884563,D,S,T,2024-09-17,1000000.00,3.412301,99.89453125
08:00:31,91282CLL3,TSRYS5884563,D,S,T,2024-09-17,1000000.00,3.412301,99.89453125
08:00:31,91282CLL3,TSRYS5884563,D,S,T,2024-09-17,1000000.00,3.412301,99.89453125
08:00:31,91282CLL3,TSRYS5884563,D,S,T,2024-09-17,1000000.00,3.413687,99.890625
08:00:31,91282CLL3,TSRYS5884563,D,S,T,2024-09-17,1000000.00,3.413687,99.890625
08:00:31,91282CLL3,TSRYS5884563,D,S,T,2024-09-17,1000000.00,3.413687,99.890625
08:00:31,91282CLL3,TSRYS5884563,D,S,T,2024-09-17,1000000.00,3.413687,99.890625
08:00:31,91282CLL3,TSRYS5884563,D,S,T,2024-09-17,1000000.00,3.413687,99.890625
08:00:31,91282CLL3,TSRYS5884563,D,S,T,2024-09-17,1000000.00,3.413687,99.890625
08:00:31,91282CLL3,TSRYS5884563,D,S,T,2024-09-17,1000000.00,3.413687,99.890625
08:00:31,91282CLL3,TSRYS5884563,D,S,T,2024-09-17,1000000.00,3.413687,99.890625
08:00:31,91282CLL3,TSRYS5884563,D,S,T,2024-09-17,1000000.00,3.413687,99.890625
08:00:31,91282CLL3,TSRYS5884563,D,S,T,2024-09-17,1000000.00,3.413687,99.890625
08:00:31,91282CLL3,TSRYS5884563,D,S,T,2024-09-17,1000000.00,3.413687,99.890625
08:00:31,91282CLL3,TSRYS5884563,D,S,T,2024-09-17,1000000.00,3.413687,99.890625
08:00:31,91282CLL3,TSRYS5884563,D,S,T,2024-09-17,2000000.00,3.413687,99.890625
08:00:31,91282CLL3,TSRYS5884563,D,S,T,2024-09-17,1000000.00,3.413687,99.890625
08:00:31,91282CLL3,TSRYS5884563,D,S,T,2024-09-17,1000000.00,3.413687,99.890625
08:00:31,91282CLL3,TSRYS5884563,D,S,T,2024-09-17,1000000.00,3.413687,99.890625
08:00:31,91282CLL3,TSRYS5884563,D,S,T,2024-09-17,1000000.00,3.414379,99.888671875
08:00:31,91282CLL3,TSRYS5884563,D,S,T,2024-09-17,1000000.00,3.413687,99.890625
08:00:31,91282CLL3,TSRYS5884563,D,S,T,2024-09-17,1000000.00,3.413687,99.890625
08:00:31,91282CLL3,TSRYS5884563,D,S,T,2024-09-17,1000000.00,3.412301,99.89453125
08:00:31,91282CLL3,TSRYS5884563,D,S,T,2024-09-17,1000000.00,3.410916,99.8984375
08:00:31,91282CLL3,TSRYS5884563,D,S,T,2024-09-17,1000000.00,3.419922,99.873046875
08:00:31,91282CLL3,TSRYS5884563,D,S,T,2024-09-17,1000000.00,3.419229,99.875
08:00:31,91282CLL3,TSRYS5884563,D,S,D,2024-09-17,1000000.00,3.419229,99.875
08:00:31,91282CLL3,TSRYS5884563,D,S,D,2024-09-17,1000000.00,3.415072,99.88671875
08:00:31,91282CLL3,TSRYS5884563,D,S,D,2024-09-17,1000000.00,3.417843,99.87890625
08:00:31,91282CLL3,TSRYS5884563,D,S,C,2024-09-17,1000000.00,3.420615,99.87109375
08:00:31,91282CLL3,TSRYS5884563,D,S,D,2024-09-17,2000000.00,3.422001,99.8671875
08:00:31,91282CLL3,TSRYS5884563,D,S,D,2024-09-17,1000000.00,3.40676,99.91015625
08:00:31,91282CLL3,TSRYS5884563,D,S,D,2024-09-17,1000000.00,3.40676,99.91015625
08:00:31,91282CLL3,TSRYS5884563,D,S,D,2024-09-17,1000000.00,3.408145,99.90625
08:00:31,91282CLL3,TSRYS5884563,D,S,D,2024-09-17,1000000.00,3.413687,99.890625
08:00:31,91282CLL3,TSRYS5884563,D,S,D,2024-09-17,1000000.00,3.412994,99.892578125
08:00:31,91282CLL3,TSRYS5884563,D,S,D,2024-09-17,2000000.00,3.412994,99.892578125
08:00:31,91282CLL3,TSRYS5884563,D,S,D,2024-09-17,1000000.00,3.412301,99.89453125
08:00:31,91282CLL3,TSRYS5884563,D,S,D,2024-09-17,1000000.00,3.412301,99.89453125
08:00:31,91282CLL3,TSRYS5884563,D,S,D,2024-09-17,1000000.00,3.410916,99.8984375
08:00:31,91282CLL3,TSRYS5884563,D,S,T,2024-09-17,1000000.00,3.410223,99.900390625
08:00:31,91282CLL3,TSRYS5884563,D,S,T,2024-09-17,1000000.00,3.408145,99.90625
08:00:31,91282CLL3,TSRYS5884563,D,S,T,2024-09-17,1000000.00,3.410916,99.8984375
08:00:31,91282CLL3,TSRYS5884563,D,S,T,2024-09-17,2000000.00,3.410916,99.8984375
08:00:31,91282CLL3,TSRYS5884563,D,S,T,2024-09-17,1000000.00,3.410916,99.8984375
08:00:31,91282CLL3,TSRYS5884563,D,S,T,2024-09-17,1000000.00,3.410916,99.8984375
08:00:31,91282CLL3,TSRYS5884563,D,S,T,2024-09-17,2000000.00,3.410223,99.900390625
08:00:31,91282CLL3,TSRYS5884563,D,S,T,2024-09-17,1000000.00,3.410223,99.900390625
08:00:31,91282CLL3,TSRYS5884563,D,S,T,2024-09-17,1000000.00,3.410223,99.900390625
08:00:31,91282CLL3,TSRYS5884563,D,S,T,2024-09-17,2000000.00,3.410223,99.900390625
08:00:31,91282CLL3,TSRYS5884563,D,S,T,2024-09-17,1000000.00,3.40953,99.90234375
08:00:31,91282CLL3,TSRYS5884563,D,S,T,2024-09-17,1000000.00,3.408145,99.90625
08:00:31,91282CLL3,TSRYS5884563,D,S,T,2024-09-17,1000000.00,3.40953,99.90234375
08:00:31,91282CLL3,TSRYS5884563,D,S,T,2024-09-17,1000000.00,3.40953,99.90234375
08:00:31,91282CLL3,TSRYS5884563,D,S,T,2024-09-17,1000000.00,3.40953,99.90234375
08:00:31,91282CLL3,TSRYS5884563,D,S,T,2024-09-17,1000000.00,3.40953,99.90234375
08:00:31,91282CLL3,TSRYS5884563,D,S,T,2024-09-17,1000000.00,3.408145,99.90625
08:00:31,91282CLL3,TSRYS5884563,D,S,T,2024-09-17,1000000.00,3.408145,99.90625
08:00:31,91282CLL3,TSRYS5884563,D,S,T,2024-09-17,1000000.00,3.408145,99.90625
08:00:31,91282CLL3,TSRYS5884563,D,S,T,2024-09-17,1000000.00,3.408145,99.90625
08:00:31,91282CLL3,TSRYS5884563,D,S,T,2024-09-17,1000000.00,3.410223,99.900390625
08:00:31,91282CLL3,TSRYS5884563,D,S,T,2024-09-17,1000000.00,3.410223,99.900390625
08:00:31,91282CLL3,TSRYS5884563,D,S,T,2024-09-17,1000000.00,3.410223,99.900390625
08:00:31,91282CLL3,TSRYS5884563,D,S,T,2024-09-17,1000000.00,3.410223,99.900390625
08:00:31,91282CLL3,TSRYS5884563,D,S,T,2024-09-17,1000000.00,3.410223,99.900390625
08:00:31,91282CLL3,TSRYS5884563,D,S,T,2024-09-17,2000000.00,3.410223,99.900390625
08:00:31,91282CLL3,TSRYS5884563,D,S,T,2024-09-17,1000000.00,3.40953,99.90234375
08:00:31,91282CLL3,TSRYS5884563,D,S,T,2024-09-17,1000000.00,3.40953,99.90234375
08:00:31,91282CLL3,TSRYS5884563,D,S,T,2024-09-17,1000000.00,3.40953,99.90234375
08:00:31,91282CLL3,TSRYS5884563,D,S,T,2024-09-17,1000000.00,3.40953,99.90234375
08:00:31,91282CLL3,TSRYS5884563,D,S,D,2024-09-17,2000000.00,3.414379,99.888671875
08:00:31,91282CLL3,TSRYS5884563,D,S,D,2024-09-17,1000000.00,3.414379,99.888671875
08:00:31,91282CLL3,TSRYS5884563,D,S,D,2024-09-17,2000000.00,3.412994,99.892578125
08:00:31,91282CLL3,TSRYS5884563,D,S,T,2024-09-17,2000000.00,3.412301,99.89453125
08:00:31,91282CLL3,TSRYS5884563,D,S,T,2024-09-17,6000000.00,3.412301,99.89453125
08:00:31,91282CLL3,TSRYS5884563,D,S,T,2024-09-17,1000000.00,3.428238,99.849609375
08:00:31,91282CLL3,TSRYS5884563,D,S,T,2024-09-17,1000000.00,3.427545,99.8515625
08:00:31,91282CLL3,TSRYS5884563,D,S,T,2024-09-17,1000000.00,3.422693,99.865234375
08:00:31,91282CLL3,TSRYS5884563,D,S,D,2024-09-17,10000000.00,3.413687,99.890625
08:00:31,91282CLL3,TSRYS5884563,D,S,T,2024-09-17,1000000.00,3.40953,99.90234375
08:00:31,91282CLL3,TSRYS5884563,D,S,T,2024-09-17,2000000.00,3.40953,99.90234375
08:00:31,91282CLL3,TSRYS5884563,D,S,T,2024-09-17,1000000.00,3.412301,99.89453125
08:00:31,91282CLL3,TSRYS5884563,D,S,T,2024-09-17,2000000.00,3.410916,99.8984375
08:00:31,91282CLL3,TSRYS5884563,D,S,T,2024-09-17,1000000.00,3.410916,99.8984375
08:00:31,91282CLL3,TSRYS5884563,D,S,T,2024-09-17,2000000.00,3.410916,99.8984375
08:00:31,91282CLL3,TSRYS5884563,D,S,T,2024-09-17,1000000.00,3.408145,99.90625
08:00:31,91282CLL3,TSRYS5884563,D,S,T,2024-09-17,1000000.00,3.40676,99.91015625
08:00:31,91282CLL3,TSRYS5884563,D,S,T,2024-09-17,1000000.00,3.40676,99.91015625
08:00:31,91282CLL3,TSRYS5884563,D,S,T,2024-09-17,1000000.00,3.40676,99.91015625
08:00:31,91282CLL3,TSRYS5884563,D,S,T,2024-09-17,1000000.00,3.408838,99.904296875
08:00:31,91282CLL3,TSRYS5884563,D,S,T,2024-09-17,1000000.00,3.40953,99.90234375
08:00:31,91282CLL3,TSRYS5884563,D,S,T,2024-09-17,1000000.00,3.408838,99.904296875
08:00:31,91282CLL3,TSRYS5884563,D,S,T,2024-09-17,1000000.00,3.408145,99.90625
08:00:31,91282CLL3,TSRYS5884563,D,S,T,2024-09-17,2000000.00,3.405375,99.9140625
08:00:31,91282CLL3,TSRYS5884563,D,S,T,2024-09-17,1000000.00,3.405375,99.9140625
08:00:31,91282CLL3,TSRYS5884563,D,S,T,2024-09-17,1000000.00,3.405375,99.9140625
08:00:31,91282CLL3,TSRYS5884563,D,S,T,2024-09-17,1000000.00,3.405375,99.9140625
08:00:31,91282CLL3,TSRYS5884563,D,S,T,2024-09-17,2000000.00,3.406067,99.912109375
08:00:31,91282CLL3,TSRYS5884563,D,S,T,2024-09-17,2000000.00,3.406067,99.912109375
08:00:31,91282CLL3,TSRYS5884563,D,S,D,2024-09-17,1000000.00,3.406067,99.912109375
08:00:31,91282CLL3,TSRYS5884563,D,S,D,2024-09-17,1000000.00,3.406067,99.912109375
08:00:31,91282CLL3,TSRYS5884563,D,S,D,2024-09-17,1000000.00,3.406067,99.912109375
08:00:31,91282CLL3,TSRYS5884563,D,S,D,2024-09-17,1000000.00,3.406067,99.912109375
08:00:31,91282CLL3,TSRYS5884563,D,S,D,2024-09-17,1000000.00,3.406067,99.912109375
08:00:31,91282CLL3,TSRYS5884563,D,S,T,2024-09-17,1000000.00,3.405375,99.9140625
08:00:31,91282CLL3,TSRYS5884563,D,S,T,2024-09-17,1000000.00,3.405375,99.9140625
08:00:31,91282CLL3,TSRYS5884563,D,S,T,2024-09-17,1000000.00,3.405375,99.9140625
08:00:31,91282CLL3,TSRYS5884563,D,S,T,2024-09-17,1000000.00,3.405375,99.9140625
08:00:31,91282CLL3,TSRYS5884563,D,S,T,2024-09-17,1000000.00,3.405375,99.9140625
08:00:31,91282CLL3,TSRYS5884563,D,S,T,2024-09-17,1000000.00,3.405375,99.9140625
08:00:31,91282CLL3,TSRYS5884563,D,S,T,2024-09-17,1000000.00,3.405375,99.9140625
08:00:31,91282CLL3,TSRYS5884563,D,S,T,2024-09-17,1000000.00,3.405375,99.9140625
08:00:31,91282CLL3,TSRYS5884563,D,S,T,2024-09-17,1000000.00,3.405375,99.9140625
08:00:31,91282CLL3,TSRYS5884563,D,S,T,2024-09-17,1000000.00,3.405375,99.9140625
08:00:31,91282CLL3,TSRYS5884563,D,S,T,2024-09-17,2000000.00,3.405375,99.9140625
08:00:31,91282CLL3,TSRYS5884563,D,S,T,2024-09-17,1000000.00,3.405375,99.9140625
08:00:31,91282CLL3,TSRYS5884563,D,S,T,2024-09-17,2000000.00,3.405375,99.9140625
08:00:31,91282CLL3,TSRYS5884563,D,S,T,2024-09-17,1000000.00,3.40399,99.91796875
08:00:31,91282CLL3,TSRYS5884563,D,S,T,2024-09-17,2000000.00,3.403297,99.919921875
08:00:31,91282CLL3,TSRYS5884563,D,S,T,2024-09-17,1000000.00,3.406067,99.912109375
08:00:31,91282CLL3,TSRYS5884563,D,S,T,2024-09-17,1000000.00,3.405375,99.9140625
08:00:31,91282CLL3,TSRYS5884563,D,S,T,2024-09-17,1000000.00,3.410916,99.8984375
08:00:31,91282CLL3,TSRYS5884563,D,S,T,2024-09-17,1000000.00,3.40953,99.90234375
08:00:31,91282CLL3,TSRYS5884563,D,S,T,2024-09-17,2000000.00,3.40953,99.90234375
08:00:31,91282CLL3,TSRYS5884563,D,S,T,2024-09-17,2000000.00,3.40953,99.90234375
08:00:31,91282CLL3,TSRYS5884563,D,S,T,2024-09-17,2000000.00,3.40953,99.90234375
08:00:31,91282CLL3,TSRYS5884563,D,S,T,2024-09-17,1000000.00,3.40953,99.90234375
08:00:31,91282CLL3,TSRYS5884563,D,S,T,2024-09-17,1000000.00,3.426158,99.85546875
08:00:31,91282CLL3,TSRYS5884563,D,S,T,2024-09-17,1000000.00,3.412301,99.89453125
08:00:31,91282CLL3,TSRYS5884563,D,S,T,2024-09-17,1000000.00,3.412301,99.89453125
08:00:31,91282CLL3,TSRYS5884563,D,S,T,2024-09-17,1000000.00,3.412301,99.89453125
08:00:31,91282CLL3,TSRYS5884563,D,S,T,2024-09-17,1000000.00,3.412301,99.89453125
08:00:31,91282CLL3,TSRYS5884563,D,S,T,2024-09-17,1000000.00,3.412301,99.89453125
08:00:31,91282CLL3,TSRYS5884563,D,S,T,2024-09-17,1000000.00,3.412994,99.892578125
08:00:31,91282CLL3,TSRYS5884563,D,S,T,2024-09-17,1000000.00,3.412994,99.892578125
08:00:31,91282CLL3,TSRYS5884563,D,S,T,2024-09-17,1000000.00,3.412994,99.892578125
08:00:31,91282CLL3,TSRYS5884563,D,S,T,2024-09-17,1000000.00,3.412994,99.892578125
08:00:31,91282CLL3,TSRYS5884563,D,S,T,2024-09-17,2000000.00,3.412994,99.892578125
08:00:31,91282CLL3,TSRYS5884563,D,S,T,2024-09-17,1000000.00,3.413687,99.890625
08:00:31,91282CLL3,TSRYS5884563,D,S,T,2024-09-17,6000000.00,3.413687,99.890625
08:00:31,91282CLL3,TSRYS5884563,D,S,T,2024-09-17,11000000.00,3.413687,99.890625
08:00:31,91282CLL3,TSRYS5884563,D,S,T,2024-09-17,8000000.00,3.413687,99.890625
08:00:31,91282CLL3,TSRYS5884563,D,S,T,2024-09-17,1000000.00,3.414379,99.888671875
08:00:31,91282CLL3,TSRYS5884563,D,S,T,2024-09-17,1000000.00,3.413687,99.890625
08:00:31,91282CLL3,TSRYS5884563,D,S,T,2024-09-17,1000000.00,3.413687,99.890625
08:00:31,91282CLL3,TSRYS5884563,D,S,T,2024-09-17,1000000.00,3.412301,99.89453125
08:00:31,91282CLL3,TSRYS5884563,D,S,T,2024-09-17,1000000.00,3.412301,99.89453125
08:00:31,91282CLL3,TSRYS5884563,D,S,T,2024-09-17,3000000.00,3.413687,99.890625
08:00:31,91282CLL3,TSRYS5884563,D,S,T,2024-09-17,2000000.00,3.412301,99.89453125
08:00:31,91282CLL3,TSRYS5884563,D,S,T,2024-09-17,7000000.00,3.412301,99.89453125
08:00:31,91282CLL3,TSRYS5884563,D,S,T,2024-09-17,3000000.00,3.413687,99.890625
08:00:31,91282CLL3,TSRYS5884563,D,S,T,2024-09-17,10000000.00,3.413687,99.890625
08:00:31,91282CLL3,TSRYS5884563,D,S,T,2024-09-17,2000000.00,3.413687,99.890625
08:00:31,91282CLL3,TSRYS5884563,D,S,T,2024-09-17,4000000.00,3.413687,99.890625
08:00:31,91282CLL3,TSRYS5884563,D,S,T,2024-09-17,9000000.00,3.413687,99.890625
08:00:31,91282CLL3,TSRYS5884563,D,S,T,2024-09-17,3000000.00,3.413687,99.890625
08:00:31,91282CLL3,TSRYS5884563,D,S,T,2024-09-17,2000000.00,3.413687,99.890625
08:00:31,91282CLL3,TSRYS5884563,D,S,T,2024-09-17,2000000.00,3.413687,99.890625
08:00:31,91282CLL3,TSRYS5884563,D,S,T,2024-09-17,2000000.00,3.412301,99.89453125
08:00:31,91282CLL3,TSRYS5884563,D,S,T,2024-09-17,4000000.00,3.412301,99.89453125
08:00:31,91282CLL3,TSRYS5884563,D,S,T,2024-09-17,8000000.00,3.412301,99.89453125
08:00:31,91282CLL3,TSRYS5884563,D,S,T,2024-09-17,2000000.00,3.412301,99.89453125
08:00:31,91282CLL3,TSRYS5884563,D,S,T,2024-09-17,3000000.00,3.412301,99.89453125
08:00:31,91282CLL3,TSRYS5884563,D,S,T,2024-09-17,1000000.00,3.412301,99.89453125
08:00:31,91282CLL3,TSRYS5884563,D,S,T,2024-09-17,2000000.00,3.412301,99.89453125
08:00:31,91282CLL3,TSRYS5884563,D,S,T,2024-09-17,1000000.00,3.413687,99.890625
08:00:31,91282CLL3,TSRYS5884563,D,S,T,2024-09-17,1000000.00,3.413687,99.890625
08:00:31,91282CLL3,TSRYS5884563,D,S,T,2024-09-17,1000000.00,3.413687,99.890625
08:00:31,91282CLL3,TSRYS5884563,D,S,T,2024-09-17,1000000.00,3.413687,99.890625
08:00:31,91282CLL3,TSRYS5884563,D,S,T,2024-09-17,2000000.00,3.415072,99.88671875
08:00:31,91282CLL3,TSRYS5884563,D,S,T,2024-09-17,2000000.00,3.416458,99.8828125
08:00:31,91282CLL3,TSRYS5884563,D,S,T,2024-09-17,2000000.00,3.416458,99.8828125
08:00:31,91282CLL3,TSRYS5884563,D,S,T,2024-09-17,1000000.00,3.416458,99.8828125
08:00:31,91282CLL3,TSRYS5884563,D,S,T,2024-09-17,1000000.00,3.416458,99.8828125
08:00:31,91282CLL3,TSRYS5884563,D,S,T,2024-09-17,1000000.00,3.416458,99.8828125
08:00:31,91282CLL3,TSRYS5884563,D,S,T,2024-09-17,1000000.00,3.416458,99.8828125
08:00:31,91282CLL3,TSRYS5884563,D,S,T,2024-09-17,2000000.00,3.419229,99.875
08:00:31,91282CLL3,TSRYS5884563,D,S,T,2024-09-17,1000000.00,3.419229,99.875
08:00:31,91282CLL3,TSRYS5884563,D,S,T,2024-09-17,1000000.00,3.419229,99.875
08:00:31,91282CLL3,TSRYS5884563,D,S,T,2024-09-17,1000000.00,3.419229,99.875
08:00:31,91282CLL3,TSRYS5884563,D,S,T,2024-09-17,2000000.00,3.419229,99.875
08:00:31,91282CLL3,TSRYS5884563,D,S,T,2024-09-17,2000000.00,3.419229,99.875
08:00:31,91282CLL3,TSRYS5884563,D,S,T,2024-09-17,1000000.00,3.419229,99.875
08:00:31,91282CLL3,TSRYS5884563,D,S,T,2024-09-17,1000000.00,3.419229,99.875
08:00:31,91282CLL3,TSRYS5884563,D,S,T,2024-09-17,2000000.00,3.419229,99.875
08:00:31,91282CLL3,TSRYS5884563,D,S,T,2024-09-17,1000000.00,3.419922,99.873046875
08:00:31,91282CLL3,TSRYS5884563,D,S,T,2024-09-17,2000000.00,3.422001,99.8671875
08:00:31,91282CLL3,TSRYS5884563,D,S,T,2024-09-17,1000000.00,3.422001,99.8671875
08:00:31,91282CLL3,TSRYS5884563,D,S,T,2024-09-17,1000000.00,3.422001,99.8671875
08:00:31,91282CLL3,TSRYS5884563,D,S,T,2024-09-17,1000000.00,3.422001,99.8671875
08:00:31,91282CLL3,TSRYS5884563,D,S,T,2024-09-17,1000000.00,3.422001,99.8671875
08:00:31,91282CLL3,TSRYS5884563,D,S,T,2024-09-17,1000000.00,3.422001,99.8671875
08:00:31,91282CLL3,TSRYS5884563,D,S,T,2024-09-17,1000000.00,3.422001,99.8671875
08:00:31,91282CLL3,TSRYS5884563,D,S,T,2024-09-17,2000000.00,3.422001,99.8671875
08:00:31,91282CLL3,TSRYS5884563,D,S,T,2024-09-17,3000000.00,3.422693,99.865234375
08:00:31,91282CLL3,TSRYS5884563,D,S,T,2024-09-17,3000000.00,3.422001,99.8671875
08:00:31,91282CLL3,TSRYS5884563,D,S,T,2024-09-17,2000000.00,3.422001,99.8671875
08:00:31,91282CLL3,TSRYS5884563,D,S,T,2024-09-17,1000000.00,3.422001,99.8671875
08:00:31,91282CLL3,TSRYS5884563,D,S,T,2024-09-17,2000000.00,3.422001,99.8671875
08:00:31,91282CLL3,TSRYS5884563,D,S,T,2024-09-17,1000000.00,3.422001,99.8671875
08:00:31,91282CLL3,TSRYS5884563,D,S,T,2024-09-17,1000000.00,3.422001,99.8671875
08:00:31,91282CLL3,TSRYS5884563,D,S,T,2024-09-17,1000000.00,3.422001,99.8671875
08:00:31,91282CLL3,TSRYS5884563,D,S,T,2024-09-17,2000000.00,3.422001,99.8671875
08:00:31,91282CLL3,TSRYS5884563,D,S,T,2024-09-17,1000000.00,3.422001,99.8671875
08:00:31,91282CLL3,TSRYS5884563,D,S,T,2024-09-17,1000000.00,3.422001,99.8671875
08:00:31,91282CLL3,TSRYS5884563,D,S,T,2024-09-17,1000000.00,3.422001,99.8671875
08:00:31,91282CLL3,TSRYS5884563,D,S,T,2024-09-17,2000000.00,3.422001,99.8671875
08:00:31,91282CLL3,TSRYS5884563,D,S,T,2024-09-17,1000000.00,3.422001,99.8671875
08:00:31,91282CLL3,TSRYS5884563,D,S,T,2024-09-17,1000000.00,3.422001,99.8671875
08:00:31,91282CLL3,TSRYS5884563,D,S,T,2024-09-17,2000000.00,3.422001,99.8671875
08:00:31,91282CLL3,TSRYS5884563,D,S,T,2024-09-17,2000000.00,3.424079,99.861328125
08:00:31,91282CLL3,TSRYS5884563,D,S,T,2024-09-17,2000000.00,3.424079,99.861328125
08:00:31,91282CLL3,TSRYS5884563,D,S,T,2024-09-17,3000000.00,3.424079,99.861328125
08:00:31,91282CLL3,TSRYS5884563,D,S,T,2024-09-17,1000000.00,3.424772,99.859375
08:00:31,91282CLL3,TSRYS5884563,D,S,T,2024-09-17,1000000.00,3.424772,99.859375
08:00:31,91282CLL3,TSRYS5884563,D,S,T,2024-09-17,1000000.00,3.424772,99.859375
08:00:31,91282CLL3,TSRYS5884563,D,S,T,2024-09-17,1000000.00,3.424772,99.859375
08:00:31,91282CLL3,TSRYS5884563,D,S,T,2024-09-17,2000000.00,3.426158,99.85546875
08:00:31,91282CLL3,TSRYS5884563,D,S,T,2024-09-17,2000000.00,3.426158,99.85546875
08:00:31,91282CLL3,TSRYS5884563,D,S,T,2024-09-17,1000000.00,3.424772,99.859375
08:00:31,91282CLL3,TSRYS5884563,D,S,T,2024-09-17,1000000.00,3.424772,99.859375
08:00:31,91282CLL3,TSRYS5884563,D,S,T,2024-09-17,1000000.00,3.426158,99.85546875
08:00:31,91282CLL3,TSRYS5884563,D,S,T,2024-09-17,1000000.00,3.426158,99.85546875
08:00:31,91282CLL3,TSRYS5884563,D,S,T,2024-09-17,2000000.00,3.427545,99.8515625
08:00:31,91282CLL3,TSRYS5884563,D,S,T,2024-09-17,2000000.00,3.427545,99.8515625
08:00:31,91282CLL3,TSRYS5884563,D,S,T,2024-09-17,2000000.00,3.427545,99.8515625
08:00:31,91282CLL3,TSRYS5884563,D,S,T,2024-09-17,2000000.00,3.426158,99.85546875
08:00:31,91282CLL3,TSRYS5884563,D,S,T,2024-09-17,2000000.00,3.426158,99.85546875
08:00:31,91282CLL3,TSRYS5884563,D,B,A,2024-09-17,38000.00,3.413687,99.890625
08:00:31,91282CLL3,TSRYS5884563,D,S,T,2024-09-17,2000000.00,3.423386,99.86328125
08:00:31,91282CLL3,TSRYS5884563,D,S,T,2024-09-17,1000000.00,3.423386,99.86328125
08:00:31,91282CLL3,TSRYS5884563,D,S,T,2024-09-17,1000000.00,3.423386,99.86328125
08:00:31,91282CLL3,TSRYS5884563,D,S,T,2024-09-17,2000000.00,3.425465,99.857421875
08:00:31,91282CLL3,TSRYS5884563,D,S,T,2024-09-17,1000000.00,3.426158,99.85546875
08:00:31,91282CLL3,TSRYS5884563,D,S,T,2024-09-17,1000000.00,3.426158,99.85546875
08:00:31,91282CLL3,TSRYS5884563,D,S,T,2024-09-17,1000000.00,3.426158,99.85546875
08:00:31,91282CLL3,TSRYS5884563,D,S,T,2024-09-17,2000000.00,3.426158,99.85546875
08:00:31,91282CLL3,TSRYS5884563,D,S,T,2024-09-17,1000000.00,3.426158,99.85546875
08:00:31,91282CLL3,TSRYS5884563,D,S,T,2024-09-17,2000000.00,3.426158,99.85546875
08:00:31,91282CLL3,TSRYS5884563,D,S,T,2024-09-17,1000000.00,3.426158,99.85546875
08:00:31,91282CLL3,TSRYS5884563,D,S,T,2024-09-17,2000000.00,3.426158,99.85546875
08:00:31,91282CLL3,TSRYS5884563,D,S,T,2024-09-17,2000000.00,3.428931,99.84765625
08:00:31,91282CLL3,TSRYS5884563,D,S,T,2024-09-17,2000000.00,3.430317,99.84375
08:00:31,91282CLL3,TSRYS5884563,D,S,T,2024-09-17,2000000.00,3.431703,99.83984375
08:00:31,91282CLL3,TSRYS5884563,D,S,T,2024-09-17,1000000.00,3.431703,99.83984375
08:00:31,91282CLL3,TSRYS5884563,D,S,T,2024-09-17,2000000.00,3.430317,99.84375
08:00:31,91282CLL3,TSRYS5884563,D,S,T,2024-09-17,2000000.00,3.430317,99.84375
08:00:31,91282CLL3,TSRYS5884563,D,S,T,2024-09-17,3000000.00,3.43309,99.8359375
08:00:31,91282CLL3,TSRYS5884563,D,S,T,2024-09-17,2000000.00,3.43309,99.8359375
08:00:31,91282CLL3,TSRYS5884563,D,S,T,2024-09-17,2000000.00,3.43309,99.8359375
08:00:31,91282CLL3,TSRYS5884563,D,S,T,2024-09-17,1000000.00,3.432396,99.837890625
08:00:31,91282CLL3,TSRYS5884563,D,S,T,2024-09-17,2000000.00,3.427545,99.8515625
08:00:31,91282CLL3,TSRYS5884563,D,S,T,2024-09-17,2000000.00,3.428931,99.84765625
08:00:31,91282CLL3,TSRYS5884563,D,S,T,2024-09-17,2000000.00,3.428238,99.849609375
08:00:31,91282CLL3,TSRYS5884563,D,S,T,2024-09-17,2000000.00,3.427545,99.8515625
08:00:31,91282CLL3,TSRYS5884563,D,S,T,2024-09-17,2000000.00,3.427545,99.8515625
08:00:31,91282CLL3,TSRYS5884563,D,S,T,2024-09-17,2000000.00,3.427545,99.8515625
08:00:31,91282CLL3,TSRYS5884563,D,S,T,2024-09-17,2000000.00,3.427545,99.8515625
08:00:31,91282CLL3,TSRYS5884563,D,S,T,2024-09-17,1000000.00,3.427545,99.8515625
08:00:31,91282CLL3,TSRYS5884563,D,S,T,2024-09-17,1000000.00,3.427545,99.8515625
08:00:31,91282CLL3,TSRYS5884563,D,S,T,2024-09-17,2000000.00,3.426158,99.85546875
08:00:31,91282CLL3,TSRYS5884563,D,S,T,2024-09-17,2000000.00,3.426158,99.85546875
08:00:31,91282CLL3,TSRYS5884563,D,S,T,2024-09-17,2000000.00,3.426158,99.85546875
08:00:31,91282CLL3,TSRYS5884563,D,S,T,2024-09-17,1000000.00,3.426158,99.85546875
08:00:31,91282CLL3,TSRYS5884563,D,S,T,2024-09-17,2000000.00,3.426158,99.85546875
08:00:31,91282CLL3,TSRYS5884563,D,S,T,2024-09-17,2000000.00,3.426158,99.85546875
08:00:31,91282CLL3,TSRYS5884563,D,S,T,2024-09-17,1000000.00,3.426158,99.85546875
08:00:31,91282CLL3,TSRYS5884563,D,S,T,2024-09-17,1000000.00,3.426158,99.85546875
08:00:31,91282CLL3,TSRYS5884563,D,S,T,2024-09-17,1000000.00,3.426158,99.85546875
08:00:31,91282CLL3,TSRYS5884563,D,S,T,2024-09-17,1000000.00,3.426158,99.85546875
08:00:31,91282CLL3,TSRYS5884563,D,S,T,2024-09-17,3000000.00,3.426158,99.85546875
08:00:31,91282CLL3,TSRYS5884563,D,S,T,2024-09-17,1000000.00,3.426158,99.85546875
08:00:31,91282CLL3,TSRYS5884563,D,S,T,2024-09-17,2000000.00,3.424772,99.859375
08:00:31,91282CLL3,TSRYS5884563,D,S,T,2024-09-17,1000000.00,3.423386,99.86328125
08:00:31,91282CLL3,TSRYS5884563,D,S,T,2024-09-17,2000000.00,3.422001,99.8671875
08:00:31,91282CLL3,TSRYS5884563,D,S,T,2024-09-17,1000000.00,3.421308,99.869140625
08:00:31,91282CLL3,TSRYS5884563,D,S,T,2024-09-17,2000000.00,3.420615,99.87109375
08:00:31,91282CLL3,TSRYS5884563,D,S,T,2024-09-17,2000000.00,3.422001,99.8671875
08:00:31,91282CLL3,TSRYS5884563,D,S,T,2024-09-17,3000000.00,3.422001,99.8671875
08:00:31,91282CLL3,TSRYS5884563,D,S,T,2024-09-17,2000000.00,3.422001,99.8671875
08:00:31,91282CLL3,TSRYS5884563,D,S,T,2024-09-17,2000000.00,3.422001,99.8671875
08:00:31,91282CLL3,TSRYS5884563,D,S,T,2024-09-17,1000000.00,3.422001,99.8671875
08:00:31,91282CLL3,TSRYS5884563,D,S,T,2024-09-17,2000000.00,3.422001,99.8671875
08:00:31,91282CLL3,TSRYS5884563,D,S,T,2024-09-17,2000000.00,3.422001,99.8671875
08:00:31,91282CLL3,TSRYS5884563,D,S,T,2024-09-17,1000000.00,3.422001,99.8671875
08:00:31,91282CLL3,TSRYS5884563,D,S,T,2024-09-17,1000000.00,3.422001,99.8671875
08:00:31,91282CLL3,TSRYS5884563,D,S,T,2024-09-17,1000000.00,3.422001,99.8671875
08:00:31,91282CLL3,TSRYS5884563,D,S,T,2024-09-17,3000000.00,3.422001,99.8671875
08:00:31,91282CLL3,TSRYS5884563,D,S,T,2024-09-17,2000000.00,3.422001,99.8671875
08:00:31,91282CLL3,TSRYS5884563,D,S,T,2024-09-17,1000000.00,3.422001,99.8671875
08:00:31,91282CLL3,TSRYS5884563,D,S,T,2024-09-17,3000000.00,3.422001,99.8671875
08:00:31,91282CLL3,TSRYS5884563,D,S,T,2024-09-17,1000000.00,3.419229,99.875
08:00:31,91282CLL3,TSRYS5884563,D,S,T,2024-09-17,3000000.00,3.417843,99.87890625
08:00:31,91282CLL3,TSRYS5884563,D,S,T,2024-09-17,2000000.00,3.417843,99.87890625
08:00:31,91282CLL3,TSRYS5884563,D,S,T,2024-09-17,1000000.00,3.417843,99.87890625
08:00:31,91282CLL3,TSRYS5884563,D,S,T,2024-09-17,2000000.00,3.412301,99.89453125
08:00:31,91282CLL3,TSRYS5884563,D,S,T,2024-09-17,1000000.00,3.419229,99.875
08:00:31,91282CLL3,TSRYS5884563,D,S,T,2024-09-17,1000000.00,3.419229,99.875
08:00:31,91282CLL3,TSRYS5884563,D,S,T,2024-09-17,1000000.00,3.419229,99.875
08:00:31,91282CLL3,TSRYS5884563,D,S,T,2024-09-17,1000000.00,3.419229,99.875
08:00:31,91282CLL3,TSRYS5884563,D,S,T,2024-09-17,2000000.00,3.419229,99.875
08:00:31,91282CLL3,TSRYS5884563,D,S,T,2024-09-17,1000000.00,3.419229,99.875
08:00:31,91282CLL3,TSRYS5884563,D,S,T,2024-09-17,1000000.00,3.417843,99.87890625
08:00:31,91282CLL3,TSRYS5884563,D,S,T,2024-09-17,1000000.00,3.41715,99.880859375
08:00:31,91282CLL3,TSRYS5884563,D,S,T,2024-09-17,2000000.00,3.416458,99.8828125
08:00:31,91282CLL3,TSRYS5884563,D,S,T,2024-09-17,1000000.00,3.416458,99.8828125
08:00:31,91282CLL3,TSRYS5884563,D,S,T,2024-09-17,1000000.00,3.416458,99.8828125
08:00:31,91282CLL3,TSRYS5884563,D,S,T,2024-09-17,1000000.00,3.416458,99.8828125
08:00:31,91282CLL3,TSRYS5884563,D,S,T,2024-09-17,1000000.00,3.416458,99.8828125
08:00:31,91282CLL3,TSRYS5884563,D,S,T,2024-09-17,1000000.00,3.416458,99.8828125
08:00:31,91282CLL3,TSRYS5884563,D,S,T,2024-09-17,1000000.00,3.416458,99.8828125
08:00:31,91282CLL3,TSRYS5884563,D,S,T,2024-09-17,2000000.00,3.413687,99.890625
08:00:31,91282CLL3,TSRYS5884563,D,S,T,2024-09-17,1000000.00,3.413687,99.890625
08:00:31,91282CLL3,TSRYS5884563,D,S,T,2024-09-17,1000000.00,3.413687,99.890625
08:00:31,91282CLL3,TSRYS5884563,D,S,T,2024-09-17,2000000.00,3.413687,99.890625
08:00:31,91282CLL3,TSRYS5884563,D,S,T,2024-09-17,1000000.00,3.413687,99.890625
08:00:31,91282CLL3,TSRYS5884563,D,S,T,2024-09-17,1000000.00,3.410916,99.8984375
08:00:31,91282CLL3,TSRYS5884563,D,S,T,2024-09-17,2000000.00,3.412301,99.89453125
08:00:31,91282CLL3,TSRYS5884563,D,S,T,2024-09-17,1000000.00,3.413687,99.890625
08:00:31,91282CLL3,TSRYS5884563,D,S,T,2024-09-17,1000000.00,3.412301,99.89453125
08:00:31,91282CLL3,TSRYS5884563,D,S,T,2024-09-17,1000000.00,3.412301,99.89453125
08:00:31,91282CLL3,TSRYS5884563,D,S,T,2024-09-17,1000000.00,3.412301,99.89453125
08:00:31,91282CLL3,TSRYS5884563,D,S,T,2024-09-17,1000000.00,3.416458,99.8828125
08:00:31,91282CLL3,TSRYS5884563,D,S,T,2024-09-17,1000000.00,3.41715,99.880859375
08:00:31,91282CLL3,TSRYS5884563,D,S,T,2024-09-17,2000000.00,3.416458,99.8828125
08:00:31,91282CLL3,TSRYS5884563,D,S,T,2024-09-17,1000000.00,3.41715,99.880859375
08:00:31,91282CLL3,TSRYS5884563,D,S,D,2024-09-17,1000000.00,3.424772,99.859375
08:00:31,91282CLL3,TSRYS5884563,D,S,D,2024-09-17,1000000.00,3.426158,99.85546875
08:00:32,91282CLL3,TSRYS5884563,D,S,D,2024-09-17,1000000.00,3.40399,99.91796875
08:00:32,91282CLL3,TSRYS5884563,D,S,D,2024-09-17,1000000.00,3.40399,99.91796875
08:00:32,91282CLL3,TSRYS5884563,D,S,D,2024-09-17,2000000.00,3.410223,99.900390625
08:00:32,91282CLL3,TSRYS5884563,D,S,D,2024-09-17,1000000.00,3.408838,99.904296875
08:00:32,91282CLL3,TSRYS5884563,D,S,D,2024-09-17,1000000.00,3.408838,99.904296875
08:00:32,91282CLL3,TSRYS5884563,D,S,D,2024-09-17,1000000.00,3.408838,99.904296875
08:00:32,91282CLL3,TSRYS5884563,D,S,D,2024-09-17,2000000.00,3.421308,99.869140625
08:00:32,91282CLL3,TSRYS5884563,D,S,D,2024-09-17,1000000.00,3.421308,99.869140625
08:00:32,91282CLL3,TSRYS5884563,D,S,D,2024-09-17,2000000.00,3.421308,99.869140625
08:00:32,91282CLL3,TSRYS5884563,D,S,D,2024-09-17,1000000.00,3.421308,99.869140625
08:00:32,91282CLL3,TSRYS5884563,D,S,T,2024-09-17,2000000.00,3.416458,99.8828125
08:00:32,91282CLL3,TSRYS5884563,D,S,T,2024-09-17,2000000.00,3.417843,99.87890625
08:00:32,91282CLL3,TSRYS5884563,D,S,T,2024-09-17,1000000.00,3.417843,99.87890625
08:00:32,91282CLL3,TSRYS5884563,D,S,T,2024-09-17,1000000.00,3.419229,99.875
08:00:32,91282CLL3,TSRYS5884563,D,S,T,2024-09-17,1000000.00,3.419229,99.875
08:00:32,91282CLL3,TSRYS5884563,D,S,T,2024-09-17,1000000.00,3.419229,99.875
08:00:32,91282CLL3,TSRYS5884563,D,S,T,2024-09-17,2000000.00,3.419229,99.875
08:00:32,91282CLL3,TSRYS5884563,D,S,T,2024-09-17,1000000.00,3.420615,99.87109375
08:00:32,91282CLL3,TSRYS5884563,D,S,T,2024-09-17,1000000.00,3.420615,99.87109375
08:00:32,91282CLL3,TSRYS5884563,D,S,T,2024-09-17,2000000.00,3.420615,99.87109375
08:00:32,91282CLL3,TSRYS5884563,D,S,T,2024-09-17,1000000.00,3.420615,99.87109375
08:00:32,91282CLL3,TSRYS5884563,D,S,T,2024-09-17,2000000.00,3.420615,99.87109375
08:00:32,91282CLL3,TSRYS5884563,D,S,T,2024-09-17,1000000.00,3.421308,99.869140625
08:00:32,91282CLL3,TSRYS5884563,D,S,T,2024-09-17,1000000.00,3.420615,99.87109375
08:00:32,91282CLL3,TSRYS5884563,D,S,T,2024-09-17,1000000.00,3.420615,99.87109375
08:00:32,91282CLL3,TSRYS5884563,D,S,T,2024-09-17,1000000.00,3.426158,99.85546875
08:00:32,91282CLL3,TSRYS5884563,D,S,T,2024-09-17,2000000.00,3.426158,99.85546875
08:00:32,91282CLL3,TSRYS5884563,D,S,T,2024-09-17,1000000.00,3.426158,99.85546875
08:00:32,91282CLL3,TSRYS5884563,D,S,T,2024-09-17,1000000.00,3.426158,99.85546875
08:00:32,91282CLL3,TSRYS5884563,D,S,D,2024-09-17,1000000.00,3.415765,99.884765625
08:00:32,91282CLL3,TSRYS5884563,D,S,D,2024-09-17,1000000.00,3.412994,99.892578125
08:00:32,91282CLL3,TSRYS5884563,D,S,D,2024-09-17,1000000.00,3.412994,99.892578125
08:00:32,91282CLL3,TSRYS5884563,D,S,D,2024-09-17,1000000.00,3.412994,99.892578125
08:00:32,91282CLL3,TSRYS5884563,D,S,D,2024-09-17,1000000.00,3.412994,99.892578125
08:00:32,91282CLL3,TSRYS5884563,D,S,D,2024-09-17,2000000.00,3.411608,99.896484375
08:00:32,91282CLL3,TSRYS5884563,D,S,D,2024-09-17,2000000.00,3.411608,99.896484375
08:00:32,91282CLL3,TSRYS5884563,D,S,T,2024-09-17,1000000.00,3.40399,99.91796875
08:00:32,91282CLL3,TSRYS5884563,D,S,D,2024-09-17,1000000.00,3.407453,99.908203125
08:00:32,91282CLL3,TSRYS5884563,D,S,D,2024-09-17,2000000.00,3.40676,99.91015625
08:00:32,91282CLL3,TSRYS5884563,D,S,D,2024-09-17,2000000.00,3.415765,99.884765625
08:00:32,91282CLL3,TSRYS5884563,D,S,T,2024-09-17,1000000.00,3.419922,99.873046875
08:00:32,91282CLL3,TSRYS5884563,D,S,T,2024-09-17,1000000.00,3.415072,99.88671875
08:00:32,91282CLL3,TSRYS5884563,D,S,T,2024-09-17,1000000.00,3.415072,99.88671875
08:00:32,91282CLL3,TSRYS5884563,D,S,T,2024-09-17,1000000.00,3.420615,99.87109375
08:00:32,91282CLL3,TSRYS5884563,D,S,T,2024-09-17,1000000.00,3.420615,99.87109375
08:00:32,91282CLL3,TSRYS5884563,D,S,T,2024-09-17,1000000.00,3.422001,99.8671875
08:00:32,91282CLL3,TSRYS5884563,D,S,T,2024-09-17,1000000.00,3.422001,99.8671875
08:00:32,91282CLL3,TSRYS5884563,D,S,D,2024-09-17,1000000.00,3.415072,99.88671875
08:00:32,91282CLL3,TSRYS5884563,D,S,D,2024-09-17,1000000.00,3.415072,99.88671875
08:00:32,91282CLL3,TSRYS5884563,D,S,D,2024-09-17,1000000.00,3.413687,99.890625
08:00:32,91282CLL3,TSRYS5884563,D,S,T,2024-09-17,1000000.00,3.417843,99.87890625
08:00:32,91282CLL3,TSRYS5884563,D,S,T,2024-09-17,1000000.00,3.417843,99.87890625
08:00:32,91282CLL3,TSRYS5884563,D,S,T,2024-09-17,1000000.00,3.424079,99.861328125
08:00:32,91282CLL3,TSRYS5884563,D,S,T,2024-09-17,1000000.00,3.423386,99.86328125
08:00:32,91282CLL3,TSRYS5884563,D,S,T,2024-09-17,1000000.00,3.423386,99.86328125
08:00:32,91282CLL3,TSRYS5884563,D,S,T,2024-09-17,1000000.00,3.423386,99.86328125
08:00:32,91282CLL3,TSRYS5884563,D,S,T,2024-09-17,1000000.00,3.423386,99.86328125
08:00:32,91282CLL3,TSRYS5884563,D,S,T,2024-09-17,1000000.00,3.423386,99.86328125
08:00:32,91282CLL3,TSRYS5884563,D,S,T,2024-09-17,1000000.00,3.424772,99.859375
08:00:32,91282CLL3,TSRYS5884563,D,S,T,2024-09-17,1000000.00,3.424772,99.859375
08:00:32,91282CLL3,TSRYS5884563,D,S,T,2024-09-17,2000000.00,3.412994,99.892578125
08:00:32,91282CLL3,TSRYS5884563,D,S,T,2024-09-17,1000000.00,3.412994,99.892578125
08:00:32,91282CLL3,TSRYS5884563,D,S,T,2024-09-17,1000000.00,3.412994,99.892578125
08:00:32,91282CLL3,TSRYS5884563,D,S,T,2024-09-17,1000000.00,3.40676,99.91015625
08:00:32,91282CLL3,TSRYS5884563,D,S,T,2024-09-17,1000000.00,3.40676,99.91015625
08:00:32,91282CLL3,TSRYS5884563,D,S,T,2024-09-17,1000000.00,3.40676,99.91015625
08:00:32,91282CLL3,TSRYS5884563,D,S,T,2024-09-17,1000000.00,3.40676,99.91015625
08:00:32,91282CLL3,TSRYS5884563,D,S,T,2024-09-17,1000000.00,3.403297,99.919921875
08:00:32,91282CLL3,TSRYS5884563,D,S,T,2024-09-17,1000000.00,3.40399,99.91796875
08:00:32,91282CLL3,TSRYS5884563,D,S,T,2024-09-17,1000000.00,3.40399,99.91796875
08:00:32,91282CLL3,TSRYS5884563,D,S,T,2024-09-17,1000000.00,3.410916,99.8984375
08:00:32,91282CLL3,TSRYS5884563,D,S,T,2024-09-17,2000000.00,3.40953,99.90234375
08:00:32,91282CLL3,TSRYS5884563,D,S,T,2024-09-17,1000000.00,3.40953,99.90234375
08:00:32,91282CLL3,TSRYS5884563,D,S,T,2024-09-17,1000000.00,3.40953,99.90234375
08:00:32,91282CLL3,TSRYS5884563,D,S,T,2024-09-17,1000000.00,3.40953,99.90234375
08:00:32,91282CLL3,TSRYS5884563,D,S,T,2024-09-17,1000000.00,3.40953,99.90234375
08:00:32,91282CLL3,TSRYS5884563,D,S,T,2024-09-17,1000000.00,3.408145,99.90625
08:00:32,91282CLL3,TSRYS5884563,D,S,T,2024-09-17,1000000.00,3.410223,99.900390625
08:00:32,91282CLL3,TSRYS5884563,D,S,T,2024-09-17,2000000.00,3.410223,99.900390625
08:00:32,91282CLL3,TSRYS5884563,D,S,T,2024-09-17,1000000.00,3.410223,99.900390625
08:00:32,91282CLL3,TSRYS5884563,D,S,T,2024-09-17,1000000.00,3.410223,99.900390625
08:00:32,91282CLL3,TSRYS5884563,D,S,T,2024-09-17,1000000.00,3.40953,99.90234375
08:00:32,91282CLL3,TSRYS5884563,D,S,T,2024-09-17,2000000.00,3.40953,99.90234375
08:00:32,91282CLL3,TSRYS5884563,D,S,T,2024-09-17,2000000.00,3.40953,99.90234375
08:00:32,91282CLL3,TSRYS5884563,D,S,T,2024-09-17,3000000.00,3.40953,99.90234375
08:00:32,91282CLL3,TSRYS5884563,D,S,T,2024-09-17,1000000.00,3.410916,99.8984375
08:00:32,91282CLL3,TSRYS5884563,D,S,T,2024-09-17,2000000.00,3.410916,99.8984375
08:00:32,91282CLL3,TSRYS5884563,D,S,T,2024-09-17,2000000.00,3.410916,99.8984375
08:00:32,91282CLL3,TSRYS5884563,D,S,T,2024-09-17,1000000.00,3.407453,99.908203125
08:00:32,91282CLL3,TSRYS5884563,D,S,T,2024-09-17,2000000.00,3.405375,99.9140625
08:00:32,91282CLL3,TSRYS5884563,D,S,T,2024-09-17,2000000.00,3.405375,99.9140625
08:00:32,91282CLL3,TSRYS5884563,D,S,T,2024-09-17,2000000.00,3.406067,99.912109375
08:00:32,91282CLL3,TSRYS5884563,D,S,T,2024-09-17,1000000.00,3.406067,99.912109375
08:00:32,91282CLL3,TSRYS5884563,D,S,T,2024-09-17,1000000.00,3.406067,99.912109375
08:00:32,91282CLL3,TSRYS5884563,D,S,T,2024-09-17,1000000.00,3.406067,99.912109375
08:00:32,91282CLL3,TSRYS5884563,D,S,T,2024-09-17,1000000.00,3.403297,99.919921875
08:00:32,91282CLL3,TSRYS5884563,D,S,T,2024-09-17,2000000.00,3.403297,99.919921875
08:00:32,91282CLL3,TSRYS5884563,D,S,T,2024-09-17,1000000.00,3.410223,99.900390625
08:00:32,91282CLL3,TSRYS5884563,D,S,T,2024-09-17,1000000.00,3.410223,99.900390625
08:00:32,91282CLL3,TSRYS5884563,D,S,T,2024-09-17,1000000.00,3.410223,99.900390625
08:00:32,91282CLL3,TSRYS5884563,D,S,T,2024-09-17,1000000.00,3.410223,99.900390625
08:00:32,91282CLL3,TSRYS5884563,D,S,T,2024-09-17,2000000.00,3.410916,99.8984375
08:00:32,91282CLL3,TSRYS5884563,D,S,T,2024-09-17,1000000.00,3.410223,99.900390625
08:00:32,91282CLL3,TSRYS5884563,D,S,T,2024-09-17,2000000.00,3.408838,99.904296875
08:00:32,91282CLL3,TSRYS5884563,D,S,T,2024-09-17,2000000.00,3.408838,99.904296875
08:00:32,91282CLL3,TSRYS5884563,D,S,T,2024-09-17,1000000.00,3.408838,99.904296875
08:00:32,91282CLL3,TSRYS5884563,D,S,T,2024-09-17,1000000.00,3.408838,99.904296875
08:00:32,91282CLL3,TSRYS5884563,D,S,T,2024-09-17,2000000.00,3.40953,99.90234375
08:00:32,91282CLL3,TSRYS5884563,D,S,T,2024-09-17,2000000.00,3.40953,99.90234375
08:00:32,91282CLL3,TSRYS5884563,D,S,T,2024-09-17,2000000.00,3.412994,99.892578125
08:00:32,91282CLL3,TSRYS5884563,D,S,T,2024-09-17,2000000.00,3.412994,99.892578125
08:00:32,91282CLL3,TSRYS5884563,D,S,T,2024-09-17,2000000.00,3.412994,99.892578125
08:00:32,91282CLL3,TSRYS5884563,D,S,T,2024-09-17,1000000.00,3.413687,99.890625
08:00:32,91282CLL3,TSRYS5884563,D,S,T,2024-09-17,2000000.00,3.414379,99.888671875
08:00:32,91282CLL3,TSRYS5884563,D,S,T,2024-09-17,1000000.00,3.414379,99.888671875
08:00:33,91282CLL3,TSRYS5884563,D,S,D,2024-09-17,2000000.00,3.427545,99.8515625
08:00:33,91282CLL3,TSRYS5884563,D,S,D,2024-09-17,1922000.00,3.420615,99.87109375
08:00:33,91282CLL3,TSRYS5884563,D,S,T,2024-09-17,3000000.00,3.413687,99.890625
08:00:33,91282CLL3,TSRYS5884563,D,S,T,2024-09-17,3000000.00,3.413687,99.890625
08:00:33,91282CLL3,TSRYS5884563,D,S,T,2024-09-17,4000000.00,3.412301,99.89453125
08:00:33,91282CLL3,TSRYS5884563,D,S,T,2024-09-17,3000000.00,3.412301,99.89453125
08:00:33,91282CLL3,TSRYS5884563,D,S,T,2024-09-17,3000000.00,3.416458,99.8828125
08:00:33,91282CLL3,TSRYS5884563,D,S,T,2024-09-17,3000000.00,3.416458,99.8828125
08:00:33,91282CLL3,TSRYS5884563,D,S,T,2024-09-17,2000000.00,3.416458,99.8828125
08:00:33,91282CLL3,TSRYS5884563,D,S,T,2024-09-17,1000000.00,3.419229,99.875
08:00:33,91282CLL3,TSRYS5884563,D,S,T,2024-09-17,1000000.00,3.419229,99.875
08:00:33,91282CLL3,TSRYS5884563,D,S,T,2024-09-17,1000000.00,3.419922,99.873046875
08:00:33,91282CLL3,TSRYS5884563,D,S,T,2024-09-17,2000000.00,3.424079,99.861328125
08:00:33,91282CLL3,TSRYS5884563,D,S,T,2024-09-17,2000000.00,3.424079,99.861328125
08:00:33,91282CLL3,TSRYS5884563,D,S,T,2024-09-17,2000000.00,3.424079,99.861328125
08:00:33,91282CLL3,TSRYS5884563,D,S,T,2024-09-17,2000000.00,3.424079,99.861328125
08:00:33,91282CLL3,TSRYS5884563,D,S,T,2024-09-17,2000000.00,3.424079,99.861328125
08:00:33,91282CLL3,TSRYS5884563,D,S,T,2024-09-17,2000000.00,3.424079,99.861328125
08:00:33,91282CLL3,TSRYS5884563,D,S,D,2024-09-17,1000000.00,3.427545,99.8515625
08:00:33,91282CLL3,TSRYS5884563,D,S,T,2024-09-17,2000000.00,3.431703,99.83984375
08:00:33,91282CLL3,TSRYS5884563,D,S,T,2024-09-17,2000000.00,3.43309,99.8359375
08:00:33,91282CLL3,TSRYS5884563,D,S,T,2024-09-17,2000000.00,3.428238,99.849609375
08:00:33,91282CLL3,TSRYS5884563,D,S,T,2024-09-17,2000000.00,3.428238,99.849609375
08:00:33,91282CLL3,TSRYS5884563,D,S,T,2024-09-17,2000000.00,3.427545,99.8515625
08:00:33,91282CLL3,TSRYS5884563,D,S,T,2024-09-17,1000000.00,3.427545,99.8515625
08:00:33,91282CLL3,TSRYS5884563,D,S,T,2024-09-17,2000000.00,3.427545,99.8515625
08:00:33,91282CLL3,TSRYS5884563,D,S,T,2024-09-17,2000000.00,3.427545,99.8515625
08:00:33,91282CLL3,TSRYS5884563,D,S,T,2024-09-17,2000000.00,3.426158,99.85546875
08:00:33,91282CLL3,TSRYS5884563,D,S,T,2024-09-17,2000000.00,3.426158,99.85546875
08:00:33,91282CLL3,TSRYS5884563,D,S,T,2024-09-17,2000000.00,3.426158,99.85546875
08:00:33,91282CLL3,TSRYS5884563,D,S,T,2024-09-17,3000000.00,3.424772,99.859375
08:00:33,91282CLL3,TSRYS5884563,D,S,T,2024-09-17,1000000.00,3.424772,99.859375
08:00:33,91282CLL3,TSRYS5884563,D,S,T,2024-09-17,2000000.00,3.421308,99.869140625
08:00:33,91282CLL3,TSRYS5884563,D,S,T,2024-09-17,2000000.00,3.420615,99.87109375
08:00:33,91282CLL3,TSRYS5884563,D,S,T,2024-09-17,3000000.00,3.417843,99.87890625
08:00:33,91282CLL3,TSRYS5884563,D,S,T,2024-09-17,3000000.00,3.417843,99.87890625
08:00:33,91282CLL3,TSRYS5884563,D,S,T,2024-09-17,1000000.00,3.416458,99.8828125
08:00:33,91282CLL3,TSRYS5884563,D,S,D,2024-09-17,2000000.00,3.40676,99.91015625
08:00:33,91282CLL3,TSRYS5884563,D,S,D,2024-09-17,2000000.00,3.410916,99.8984375
08:00:33,91282CLL3,TSRYS5884563,D,S,D,2024-09-17,2000000.00,3.405375,99.9140625
08:00:33,91282CLL3,TSRYS5884563,D,S,D,2024-09-17,2000000.00,3.406067,99.912109375
08:00:33,91282CLL3,TSRYS5884563,D,S,D,2024-09-17,2000000.00,3.406067,99.912109375
08:00:33,91282CLL3,TSRYS5884563,D,S,D,2024-09-17,1000000.00,3.406067,99.912109375
08:00:33,91282CLL3,TSRYS5884563,D,S,D,2024-09-17,1000000.00,3.40399,99.91796875
08:00:33,91282CLL3,TSRYS5884563,D,S,D,2024-09-17,1000000.00,3.40399,99.91796875
08:00:33,91282CLL3,TSRYS5884563,D,S,D,2024-09-17,2000000.00,3.403297,99.919921875
08:00:33,91282CLL3,TSRYS5884563,D,S,D,2024-09-17,2000000.00,3.410223,99.900390625
08:00:33,91282CLL3,TSRYS5884563,D,S,D,2024-09-17,1000000.00,3.410223,99.900390625
08:00:33,91282CLL3,TSRYS5884563,D,S,D,2024-09-17,1000000.00,3.410223,99.900390625
08:00:33,91282CLL3,TSRYS5884563,D,S,D,2024-09-17,1000000.00,3.408838,99.904296875
08:00:33,91282CLL3,TSRYS5884563,D,S,D,2024-09-17,2000000.00,3.408838,99.904296875
08:00:33,91282CLL3,TSRYS5884563,D,S,D,2024-09-17,3000000.00,3.422693,99.865234375
08:00:33,91282CLL3,TSRYS5884563,D,S,D,2024-09-17,2000000.00,3.424079,99.861328125
08:00:33,91282CLL3,TSRYS5884563,D,S,D,2024-09-17,2000000.00,3.424079,99.861328125
08:00:33,91282CLL3,TSRYS5884563,D,S,D,2024-09-17,1000000.00,3.424079,99.861328125
08:00:33,91282CLL3,TSRYS5884563,D,S,D,2024-09-17,2000000.00,3.427545,99.8515625
08:00:33,91282CLL3,TSRYS5884563,D,S,D,2024-09-17,2000000.00,3.426158,99.85546875
08:00:33,91282CLL3,TSRYS5884563,D,S,D,2024-09-17,2000000.00,3.421308,99.869140625
08:00:33,91282CLL3,TSRYS5884563,D,S,D,2024-09-17,1000000.00,3.421308,99.869140625
08:00:33,91282CLL3,TSRYS5884563,D,S,D,2024-09-17,1000000.00,3.421308,99.869140625
08:00:33,91282CLL3,TSRYS5884563,D,S,D,2024-09-17,2000000.00,3.421308,99.869140625
08:00:33,91282CLL3,TSRYS5884563,D,S,D,2024-09-17,791000.00,3.420615,99.87109375
08:00:33,91282CLL3,TSRYS5884563,D,S,D,2024-09-17,849000.00,3.420615,99.87109375
08:00:33,91282CLL3,TSRYS5884563,D,S,D,2024-09-17,1923000.00,3.420615,99.87109375
08:00:34,91282CLL3,TSRYS5884563,D,S,A,2024-09-17,165000.00,3.419229,99.875
08:00:34,91282CLL3,TSRYS5884563,D,S,T,2024-09-17,2000000.00,3.410916,99.8984375
08:00:34,91282CLL3,TSRYS5884563,D,S,D,2024-09-17,1000000.00,3.43309,99.8359375
08:00:34,91282CLL3,TSRYS5884563,D,S,D,2024-09-17,1000000.00,3.43309,99.8359375
08:00:35,91282CLL3,TSRYS5884563,D,S,D,2024-09-17,1000000.00,3.43309,99.8359375
08:00:35,91282CLL3,TSRYS5884563,D,S,D,2024-09-17,1000000.00,3.431703,99.83984375
08:00:35,91282CLL3,TSRYS5884563,D,S,D,2024-09-17,4000000.00,3.428931,99.84765625
08:00:35,91282CLL3,TSRYS5884563,D,S,D,2024-09-17,1000000.00,3.428931,99.84765625
08:00:36,91282CLL3,TSRYS5884563,D,S,T,2024-09-17,1000000.00,3.427545,99.8515625
08:00:36,91282CLL3,TSRYS5884563,D,S,D,2024-09-17,1000000.00,3.427545,99.8515625
08:00:36,91282CLL3,TSRYS5884563,D,S,D,2024-09-17,1000000.00,3.427545,99.8515625
08:00:36,91282CLL3,TSRYS5884563,D,S,D,2024-09-17,12000000.00,3.427545,99.8515625
08:00:36,91282CLL3,TSRYS5884563,D,B,A,2024-09-17,1485000.00,3.410916,99.8984375
08:00:37,91282CLL3,TSRYS5884563,D,S,D,2024-09-17,1000000.00,3.427545,99.8515625
08:00:37,91282CLL3,TSRYS5884563,D,S,D,2024-09-17,1000000.00,3.426158,99.85546875
08:00:37,91282CLL3,TSRYS5884563,D,S,D,2024-09-17,1000000.00,3.426158,99.85546875
08:00:37,91282CLL3,TSRYS5884563,D,S,D,2024-09-17,4000000.00,3.426158,99.85546875
08:00:37,91282CLL3,TSRYS5884563,D,S,C,2024-09-17,1000000.00,3.426851,99.853515625
08:00:37,91282CLL3,TSRYS5884563,D,S,D,2024-09-17,2000000.00,3.426158,99.85546875
08:00:37,91282CLL3,TSRYS5884563,D,S,D,2024-09-17,1000000.00,3.426158,99.85546875
08:00:37,91282CLL3,TSRYS5884563,D,S,D,2024-09-17,1000000.00,3.424772,99.859375
08:00:37,91282CLL3,TSRYS5884563,D,S,D,2024-09-17,1000000.00,3.423386,99.86328125
08:00:37,91282CLL3,TSRYS5884563,D,S,D,2024-09-17,1000000.00,3.423386,99.86328125
08:00:37,91282CLL3,TSRYS5884563,D,S,C,2024-09-17,1000000.00,3.420615,99.87109375
08:00:37,91282CLL3,TSRYS5884563,D,S,C,2024-09-17,1000000.00,3.420615,99.87109375
08:00:37,91282CLL3,TSRYS5884563,D,S,D,2024-09-17,1000000.00,3.422001,99.8671875
08:00:37,91282CLL3,TSRYS5884563,D,S,D,2024-09-17,1000000.00,3.420615,99.87109375
08:00:37,91282CLL3,TSRYS5884563,D,S,D,2024-09-17,9000000.00,3.420615,99.87109375
08:00:37,91282CLL3,TSRYS5884563,D,S,C,2024-09-17,2000000.00,3.422693,99.865234375
08:00:37,91282CLL3,TSRYS5884563,D,S,C,2024-09-17,1000000.00,3.422693,99.865234375
08:00:38,91282CLL3,TSRYS5884563,D,B,C,2024-09-17,1200000.00,3.417843,99.87890625
08:00:38,91282CLL3,TSRYS5884563,D,S,D,2024-09-17,1000000.00,3.422001,99.8671875
08:00:38,91282CLL3,TSRYS5884563,D,S,D,2024-09-17,1000000.00,3.416458,99.8828125
08:00:38,91282CLL3,TSRYS5884563,D,S,D,2024-09-17,1000000.00,3.416458,99.8828125
08:00:38,91282CLL3,TSRYS5884563,D,S,T,2024-09-17,97900000.00,3.463606,99.75
08:00:38,91282CLL3,TSRYS5884563,D,S,C,2024-09-17,1000000.00,3.422693,99.865234375
08:00:38,91282CLL3,TSRYS5884563,D,S,C,2024-09-17,890000.00,3.413687,99.890625
08:00:39,91282CLL3,TSRYS5884563,D,S,T,2024-09-17,1000000.00,3.412301,99.89453125
08:00:39,91282CLL3,TSRYS5884563,D,S,D,2024-09-17,1000000.00,3.410916,99.8984375
08:00:39,91282CLL3,TSRYS5884563,D,S,D,2024-09-17,1000000.00,3.40953,99.90234375
08:00:39,91282CLL3,TSRYS5884563,D,S,D,2024-09-17,1000000.00,3.40953,99.90234375
08:00:39,91282CLL3,TSRYS5884563,D,S,D,2024-09-17,1000000.00,3.408145,99.90625
08:00:39,91282CLL3,TSRYS5884563,D,S,C,2024-09-17,480000.00,3.405375,99.9140625
08:00:39,91282CLL3,TSRYS5884563,D,S,T,2024-09-17,1000000.00,3.405375,99.9140625
08:00:39,91282CLL3,TSRYS5884563,D,S,D,2024-09-17,1000000.00,3.405375,99.9140625
08:00:39,91282CLL3,TSRYS5884563,D,S,T,2024-09-17,1000000.00,3.405375,99.9140625
08:00:39,91282CLL3,TSRYS5884563,D,S,D,2024-09-17,1000000.00,3.423386,99.86328125
08:00:39,91282CLL3,TSRYS5884563,D,S,T,2024-09-17,1000000.00,3.422001,99.8671875
08:00:39,91282CLL3,TSRYS5884563,D,S,T,2024-09-17,1000000.00,3.420615,99.87109375
08:00:39,91282CLL3,TSRYS5884563,D,S,T,2024-09-17,1000000.00,3.420615,99.87109375
08:00:39,91282CLL3,TSRYS5884563,D,S,D,2024-09-17,1000000.00,3.422001,99.8671875
08:00:39,91282CLL3,TSRYS5884563,D,S,T,2024-09-17,1000000.00,3.422001,99.8671875
08:00:39,91282CLL3,TSRYS5884563,D,S,D,2024-09-17,1000000.00,3.420615,99.87109375
08:00:39,91282CLL3,TSRYS5884563,D,S,D,2024-09-17,1000000.00,3.417843,99.87890625
08:00:39,91282CLL3,TSRYS5884563,D,S,C,2024-09-17,250MM+,3.463606,99.75
08:00:39,91282CLL3,TSRYS5884563,D,B,A,2024-09-17,4125000.00,3.416458,99.8828125
08:00:39,91282CLL3,TSRYS5884563,D,S,T,2024-09-17,1000000.00,3.40953,99.90234375
08:00:39,91282CLL3,TSRYS5884563,D,S,T,2024-09-17,1000000.00,3.40953,99.90234375
08:00:39,91282CLL3,TSRYS5884563,D,S,T,2024-09-17,1000000.00,3.40953,99.90234375
08:00:39,91282CLL3,TSRYS5884563,D,S,T,2024-09-17,1000000.00,3.40953,99.90234375
08:00:39,91282CLL3,TSRYS5884563,D,S,T,2024-09-17,1000000.00,3.40953,99.90234375
08:00:39,91282CLL3,TSRYS5884563,D,S,T,2024-09-17,1000000.00,3.40953,99.90234375
08:00:39,91282CLL3,TSRYS5884563,D,S,T,2024-09-17,1000000.00,3.40953,99.90234375
08:00:39,91282CLL3,TSRYS5884563,D,S,T,2024-09-17,1000000.00,3.40953,99.90234375
08:00:39,91282CLL3,TSRYS5884563,D,S,T,2024-09-17,1000000.00,3.412301,99.89453125
08:00:39,91282CLL3,TSRYS5884563,D,S,D,2024-09-17,1000000.00,3.412301,99.89453125
08:00:39,91282CLL3,TSRYS5884563,D,S,D,2024-09-17,1000000.00,3.408145,99.90625
08:00:39,91282CLL3,TSRYS5884563,D,S,D,2024-09-17,1000000.00,3.40676,99.91015625
08:00:39,91282CLL3,TSRYS5884563,D,S,C,2024-09-17,111000.00,3.408145,99.90625
08:00:39,91282CLL3,TSRYS5884563,D,S,T,2024-09-17,1000000.00,3.40953,99.90234375
08:00:39,91282CLL3,TSRYS5884563,D,S,T,2024-09-17,1000000.00,3.40953,99.90234375
08:00:39,91282CLL3,TSRYS5884563,D,S,T,2024-09-17,2000000.00,3.40953,99.90234375
08:00:39,91282CLL3,TSRYS5884563,D,S,T,2024-09-17,1000000.00,3.40953,99.90234375
08:00:39,91282CLL3,TSRYS5884563,D,S,T,2024-09-17,1000000.00,3.40953,99.90234375
08:00:39,91282CLL3,TSRYS5884563,D,S,T,2024-09-17,1000000.00,3.40953,99.90234375
08:00:39,91282CLL3,TSRYS5884563,D,S,A,2024-09-17,400000.00,3.40953,99.90234375
08:00:39,91282CLL3,TSRYS5884563,D,S,T,2024-09-17,1000000.00,3.40953,99.90234375
08:00:39,91282CLL3,TSRYS5884563,D,S,T,2024-09-17,2000000.00,3.410916,99.8984375
08:00:39,91282CLL3,TSRYS5884563,D,S,T,2024-09-17,2000000.00,3.410916,99.8984375
08:00:39,91282CLL3,TSRYS5884563,D,S,T,2024-09-17,1000000.00,3.410916,99.8984375
08:00:39,91282CLL3,TSRYS5884563,D,S,T,2024-09-17,1000000.00,3.40953,99.90234375
08:00:39,91282CLL3,TSRYS5884563,D,S,T,2024-09-17,1000000.00,3.40953,99.90234375
08:00:39,91282CLL3,TSRYS5884563,D,S,T,2024-09-17,1000000.00,3.40953,99.90234375
08:00:39,91282CLL3,TSRYS5884563,D,S,T,2024-09-17,2000000.00,3.40953,99.90234375
08:00:39,91282CLL3,TSRYS5884563,D,S,T,2024-09-17,1000000.00,3.40953,99.90234375
08:00:39,91282CLL3,TSRYS5884563,D,S,T,2024-09-17,1000000.00,3.40953,99.90234375
08:00:39,91282CLL3,TSRYS5884563,D,S,T,2024-09-17,1000000.00,3.40953,99.90234375
08:00:39,91282CLL3,TSRYS5884563,D,S,T,2024-09-17,1000000.00,3.40953,99.90234375
08:00:39,91282CLL3,TSRYS5884563,D,S,T,2024-09-17,1000000.00,3.40953,99.90234375
08:00:39,91282CLL3,TSRYS5884563,D,S,D,2024-09-17,1000000.00,3.40953,99.90234375
08:00:39,91282CLL3,TSRYS5884563,D,S,D,2024-09-17,1000000.00,3.40953,99.90234375
08:00:39,91282CLL3,TSRYS5884563,D,S,T,2024-09-17,1000000.00,3.413687,99.890625
08:00:39,91282CLL3,TSRYS5884563,D,S,T,2024-09-17,1000000.00,3.413687,99.890625
08:00:39,91282CLL3,TSRYS5884563,D,S,T,2024-09-17,1000000.00,3.412301,99.89453125
08:00:39,91282CLL3,TSRYS5884563,D,S,T,2024-09-17,1000000.00,3.412301,99.89453125
08:00:39,91282CLL3,TSRYS5884563,D,S,D,2024-09-17,1000000.00,3.412301,99.89453125
08:00:39,91282CLL3,TSRYS5884563,D,S,T,2024-09-17,1000000.00,3.413687,99.890625
08:00:39,91282CLL3,TSRYS5884563,D,B,C,2024-09-17,27000000.00,3.415765,99.884765625
08:00:39,91282CLL3,TSRYS5884563,D,S,A,2024-09-17,10000000.00,3.415072,99.88671875
08:00:39,91282CLL3,TSRYS5884563,D,S,D,2024-09-17,1000000.00,3.419229,99.875
08:00:39,91282CLL3,TSRYS5884563,D,S,T,2024-09-17,1000000.00,3.422001,99.8671875
08:00:39,91282CLL3,TSRYS5884563,D,S,T,2024-09-17,1000000.00,3.422001,99.8671875
08:00:39,91282CLL3,TSRYS5884563,D,S,T,2024-09-17,1000000.00,3.423386,99.86328125
08:00:39,91282CLL3,TSRYS5884563,D,S,T,2024-09-17,1000000.00,3.423386,99.86328125
08:00:39,91282CLL3,TSRYS5884563,D,S,T,2024-09-17,1000000.00,3.423386,99.86328125
08:00:39,91282CLL3,TSRYS5884563,D,S,T,2024-09-17,1000000.00,3.423386,99.86328125
08:00:39,91282CLL3,TSRYS5884563,D,S,T,2024-09-17,1000000.00,3.423386,99.86328125
08:00:39,91282CLL3,TSRYS5884563,D,S,T,2024-09-17,1000000.00,3.423386,99.86328125
08:00:39,91282CLL3,TSRYS5884563,D,S,T,2024-09-17,1000000.00,3.423386,99.86328125
08:00:39,91282CLL3,TSRYS5884563,D,S,D,2024-09-17,1000000.00,3.424772,99.859375
08:00:39,91282CLL3,TSRYS5884563,D,S,D,2024-09-17,1000000.00,3.426158,99.85546875
08:00:39,91282CLL3,TSRYS5884563,D,S,D,2024-09-17,1000000.00,3.427545,99.8515625
08:00:39,91282CLL3,TSRYS5884563,D,S,D,2024-09-17,1000000.00,3.43309,99.8359375
08:00:39,91282CLL3,TSRYS5884563,D,S,D,2024-09-17,1000000.00,3.43309,99.8359375
08:00:39,91282CLL3,TSRYS5884563,D,S,D,2024-09-17,1000000.00,3.431703,99.83984375
08:00:39,91282CLL3,TSRYS5884563,D,S,T,2024-09-17,1000000.00,3.427545,99.8515625
08:00:39,91282CLL3,TSRYS5884563,D,S,T,2024-09-17,1000000.00,3.427545,99.8515625
08:00:39,91282CLL3,TSRYS5884563,D,S,D,2024-09-17,1000000.00,3.427545,99.8515625
08:00:39,91282CLL3,TSRYS5884563,D,S,T,2024-09-17,1000000.00,3.427545,99.8515625
08:00:39,91282CLL3,TSRYS5884563,D,S,D,2024-09-17,1000000.00,3.427545,99.8515625
08:00:39,91282CLL3,TSRYS5884563,D,S,T,2024-09-17,1000000.00,3.427545,99.8515625
08:00:39,91282CLL3,TSRYS5884563,D,S,D,2024-09-17,1000000.00,3.427545,99.8515625
08:00:39,91282CLL3,TSRYS5884563,D,S,T,2024-09-17,1000000.00,3.426158,99.85546875
08:00:39,91282CLL3,TSRYS5884563,D,S,D,2024-09-17,1000000.00,3.426158,99.85546875
08:00:39,91282CLL3,TSRYS5884563,D,S,T,2024-09-17,1000000.00,3.426158,99.85546875
08:00:39,91282CLL3,TSRYS5884563,D,S,D,2024-09-17,1000000.00,3.426158,99.85546875
08:00:39,91282CLL3,TSRYS5884563,D,S,T,2024-09-17,1000000.00,3.426158,99.85546875
08:00:39,91282CLL3,TSRYS5884563,D,S,D,2024-09-17,1000000.00,3.426158,99.85546875
08:00:39,91282CLL3,TSRYS5884563,D,S,T,2024-09-17,1000000.00,3.426158,99.85546875
08:00:39,91282CLL3,TSRYS5884563,D,S,D,2024-09-17,1000000.00,3.424772,99.859375
08:00:39,91282CLL3,TSRYS5884563,D,S,D,2024-09-17,1000000.00,3.423386,99.86328125
08:00:39,91282CLL3,TSRYS5884563,D,S,T,2024-09-17,1000000.00,3.422001,99.8671875
08:00:39,91282CLL3,TSRYS5884563,D,S,T,2024-09-17,1000000.00,3.422001,99.8671875
08:00:39,91282CLL3,TSRYS5884563,D,S,D,2024-09-17,1000000.00,3.417843,99.87890625
08:00:39,91282CLL3,TSRYS5884563,D,S,D,2024-09-17,1000000.00,3.417843,99.87890625
08:00:39,91282CLL3,TSRYS5884563,D,S,C,2024-09-17,17030000.00,3.415072,99.88671875
08:00:39,91282CLL3,TSRYS5884563,D,S,D,2024-09-17,1000000.00,3.412301,99.89453125
08:00:39,91282CLL3,TSRYS5884563,D,S,T,2024-09-17,1000000.00,3.412301,99.89453125
08:00:39,91282CLL3,TSRYS5884563,D,B,C,2024-09-17,13241000.00,3.413687,99.890625
08:00:39,91282CLL3,TSRYS5884563,D,S,D,2024-09-17,1000000.00,3.416458,99.8828125
08:00:40,91282CLL3,TSRYS5884563,D,S,C,2024-09-17,1000000.00,3.422693,99.865234375
08:00:40,91282CLL3,TSRYS5884563,D,S,C,2024-09-17,1000000.00,3.422693,99.865234375
08:00:40,91282CLL3,TSRYS5884563,D,S,C,2024-09-17,2000000.00,3.423386,99.86328125
08:00:40,91282CLL3,TSRYS5884563,D,S,C,2024-09-17,1000000.00,3.422693,99.865234375
08:00:40,91282CLL3,TSRYS5884563,D,S,C,2024-09-17,1000000.00,3.423386,99.86328125
08:00:40,91282CLL3,TSRYS5884563,D,S,D,2024-09-17,1000000.00,3.417843,99.87890625
08:00:41,91282CLL3,TSRYS5884563,D,S,D,2024-09-17,1000000.00,3.417843,99.87890625
08:00:41,91282CLL3,TSRYS5884563,D,B,A,2024-09-17,150000.00,3.428931,99.84765625
08:00:41,91282CLL3,TSRYS5884563,D,S,T,2024-09-17,1000000.00,3.427545,99.8515625
08:00:42,91282CLL3,TSRYS5884563,D,B,A,2024-09-17,5000.00,3.419229,99.875
08:00:43,91282CLL3,TSRYS5884563,D,S,C,2024-09-17,1000000.00,3.412301,99.89453125
08:00:43,91282CLL3,TSRYS5884563,D,S,D,2024-09-17,10000000.00,3.412301,99.89453125
08:00:43,91282CLL3,TSRYS5884563,D,S,D,2024-09-17,1000000.00,3.412301,99.89453125
08:00:43,91282CLL3,TSRYS5884563,D,S,T,2024-09-17,1000000.00,3.419922,99.873046875
08:00:44,91282CLL3,TSRYS5884563,D,S,D,2024-09-17,1000000.00,3.416458,99.8828125
08:00:45,91282CLL3,TSRYS5884563,D,S,D,2024-09-17,1000000.00,3.417843,99.87890625
08:00:45,91282CLL3,TSRYS5884563,D,S,D,2024-09-17,15000.00,3.419922,99.873046875
08:00:45,91282CLL3,TSRYS5884563,D,S,C,2024-09-17,1000000.00,3.421308,99.869140625
08:00:46,91282CLL3,TSRYS5884563,D,B,A,2024-09-17,12400000.00,3.415072,99.88671875
08:00:46,91282CLL3,TSRYS5884563,D,S,A,2024-09-17,200000.00,3.417843,99.87890625
08:00:46,91282CLL3,TSRYS5884563,D,S,A,2024-09-17,200000.00,3.417843,99.87890625
08:00:46,91282CLL3,TSRYS5884563,D,B,A,2024-09-17,200000.00,3.417843,99.87890625
08:00:46,91282CLL3,TSRYS5884563,D,S,D,2024-09-17,10000000.00,3.412301,99.89453125
08:00:47,91282CLL3,TSRYS5884563,D,B,A,2024-09-17,5885000.00,3.419229,99.875
08:00:49,91282CLL3,TSRYS5884563,D,B,A,2024-09-17,776000.00,3.413687,99.890625
08:00:49,91282CLL3,TSRYS5884563,D,S,A,2024-09-17,250MM+,3.412182,99.89486625
08:00:51,91282CLL3,TSRYS5884563,D,S,T,2024-09-17,1000000.00,3.410916,99.8984375
08:00:51,91282CLL3,TSRYS5884563,D,S,T,2024-09-17,6000000.00,3.410916,99.8984375
08:00:51,91282CLL3,TSRYS5884563,D,S,T,2024-09-17,4000000.00,3.410916,99.8984375
08:00:51,91282CLL3,TSRYS5884563,D,S,T,2024-09-17,1000000.00,3.410916,99.8984375
08:00:51,91282CLL3,TSRYS5884563,D,S,T,2024-09-17,3000000.00,3.410916,99.8984375
08:00:51,91282CLL3,TSRYS5884563,D,S,T,2024-09-17,2000000.00,3.410916,99.8984375
08:00:51,91282CLL3,TSRYS5884563,D,S,T,2024-09-17,2000000.00,3.410916,99.8984375
08:00:51,91282CLL3,TSRYS5884563,D,S,T,2024-09-17,1000000.00,3.410916,99.8984375
08:00:51,91282CLL3,TSRYS5884563,D,S,D,2024-09-17,1000000.00,3.410916,99.8984375
08:00:51,91282CLL3,TSRYS5884563,D,S,T,2024-09-17,1000000.00,3.410916,99.8984375
08:00:51,91282CLL3,TSRYS5884563,D,S,D,2024-09-17,1000000.00,3.410916,99.8984375
08:00:51,91282CLL3,TSRYS5884563,D,S,D,2024-09-17,1000000.00,3.410916,99.8984375
08:00:51,91282CLL3,TSRYS5884563,D,S,T,2024-09-17,2000000.00,3.410916,99.8984375
08:00:51,91282CLL3,TSRYS5884563,D,S,T,2024-09-17,2000000.00,3.410916,99.8984375
08:00:51,91282CLL3,TSRYS5884563,D,S,T,2024-09-17,5000000.00,3.410916,99.8984375
08:00:51,91282CLL3,TSRYS5884563,D,S,T,2024-09-17,1000000.00,3.410916,99.8984375
08:00:51,91282CLL3,TSRYS5884563,D,S,T,2024-09-17,15000000.00,3.410916,99.8984375
08:00:51,91282CLL3,TSRYS5884563,D,S,T,2024-09-17,1000000.00,3.410916,99.8984375
08:00:51,91282CLL3,TSRYS5884563,D,S,T,2024-09-17,3000000.00,3.416458,99.8828125
08:00:51,91282CLL3,TSRYS5884563,D,S,T,2024-09-17,1000000.00,3.418536,99.876953125
08:00:52,91282CLL3,TSRYS5884563,D,S,T,2024-09-17,1000000.00,3.416458,99.8828125
08:00:52,91282CLL3,TSRYS5884563,D,S,T,2024-09-17,1000000.00,3.416494,99.8827105
08:00:52,91282CLL3,TSRYS5884563,D,S,T,2024-09-17,3000000.00,3.423386,99.86328125
08:00:53,91282CLL3,TSRYS5884563,D,S,T,2024-09-17,1000000.00,3.416458,99.8828125
08:00:53,91282CLL3,TSRYS5884563,D,S,T,2024-09-17,2000000.00,3.416458,99.8828125
08:00:53,91282CLL3,TSRYS5884563,D,S,T,2024-09-17,1000000.00,3.416458,99.8828125
08:00:53,91282CLL3,TSRYS5884563,D,S,T,2024-09-17,1000000.00,3.416458,99.8828125
08:00:53,91282CLL3,TSRYS5884563,D,S,T,2024-09-17,1000000.00,3.416494,99.8827105
08:00:53,91282CLL3,TSRYS5884563,D,S,T,2024-09-17,1000000.00,3.416494,99.8827105
08:00:53,91282CLL3,TSRYS5884563,D,S,T,2024-09-17,1000000.00,3.416494,99.8827105
08:00:53,91282CLL3,TSRYS5884563,D,S,T,2024-09-17,2000000.00,3.416494,99.8827105
08:00:53,91282CLL3,TSRYS5884563,D,S,T,2024-09-17,3000000.00,3.416494,99.8827105
08:00:53,91282CLL3,TSRYS5884563,D,S,T,2024-09-17,4000000.00,3.416494,99.8827105
08:00:53,91282CLL3,TSRYS5884563,D,S,T,2024-09-17,1000000.00,3.416494,99.8827105
08:00:53,91282CLL3,TSRYS5884563,D,S,T,2024-09-17,1000000.00,3.416494,99.8827105
08:00:53,91282CLL3,TSRYS5884563,D,S,T,2024-09-17,2000000.00,3.423386,99.86328125
08:00:53,91282CLL3,TSRYS5884563,D,S,T,2024-09-17,1000000.00,3.423386,99.86328125
08:00:53,91282CLL3,TSRYS5884563,D,S,T,2024-09-17,1000000.00,3.416494,99.8827105
08:00:53,91282CLL3,TSRYS5884563,D,S,T,2024-09-17,2000000.00,3.423386,99.86328125
08:00:53,91282CLL3,TSRYS5884563,D,S,T,2024-09-17,1000000.00,3.423386,99.86328125
08:00:53,91282CLL3,TSRYS5884563,D,S,T,2024-09-17,2000000.00,3.423386,99.86328125
08:00:53,91282CLL3,TSRYS5884563,D,S,T,2024-09-17,1000000.00,3.415765,99.884765625
08:00:53,91282CLL3,TSRYS5884563,D,S,T,2024-09-17,1000000.00,3.415765,99.884765625
08:00:53,91282CLL3,TSRYS5884563,D,S,T,2024-09-17,1000000.00,3.415765,99.884765625
08:00:53,91282CLL3,TSRYS5884563,D,S,T,2024-09-17,1000000.00,3.415765,99.884765625
08:00:53,91282CLL3,TSRYS5884563,D,S,A,2024-09-17,1000000.00,3.426158,99.85546875
08:00:54,91282CLL3,TSRYS5884563,D,S,T,2024-09-17,1000000.00,3.423386,99.86328125
08:01:00,91282CLL3,TSRYS5884563,D,S,T,2024-09-17,1000000.00,3.412994,99.892578125
08:01:00,91282CLL3,TSRYS5884563,D,S,D,2024-09-17,1000000.00,3.43309,99.8359375
08:01:00,91282CLL3,TSRYS5884563,D,S,T,2024-09-17,1000000.00,3.412994,99.892578125
08:01:00,91282CLL3,TSRYS5884563,D,S,T,2024-09-17,1000000.00,3.412994,99.892578125
08:01:02,91282CLL3,TSRYS5884563,D,S,D,2024-09-17,12000000.00,3.427545,99.8515625
08:01:02,91282CLL3,TSRYS5884563,D,S,A,2024-09-17,1500000.00,3.410916,99.8984375
08:01:03,91282CLL3,TSRYS5884563,D,S,D,2024-09-17,4000000.00,3.426158,99.85546875
08:01:03,91282CLL3,TSRYS5884563,D,S,T,2024-09-17,1000000.00,3.412301,99.89453125
08:01:04,91282CLL3,TSRYS5884563,D,S,T,2024-09-17,1000000.00,3.412301,99.89453125
08:01:04,91282CLL3,TSRYS5884563,D,S,T,2024-09-17,2000000.00,3.420615,99.87109375
08:01:04,91282CLL3,TSRYS5884563,D,S,T,2024-09-17,1000000.00,3.412301,99.89453125
08:01:05,91282CLL3,TSRYS5884563,D,B,C,2024-09-17,10000000.00,3.412301,99.89453125
08:01:05,91282CLL3,TSRYS5884563,D,S,T,2024-09-17,1000000.00,3.412301,99.89453125
08:01:05,91282CLL3,TSRYS5884563,D,S,A,2024-09-17,10000000.00,3.412301,99.89453125
08:01:05,91282CLL3,TSRYS5884563,D,S,T,2024-09-17,1000000.00,3.412301,99.89453125
08:01:05,91282CLL3,TSRYS5884563,D,S,T,2024-09-17,1000000.00,3.412301,99.89453125
08:01:06,91282CLL3,TSRYS5884563,D,S,T,2024-09-17,1000000.00,3.412301,99.89453125
08:01:06,91282CLL3,TSRYS5884563,D,S,T,2024-09-17,1000000.00,3.420615,99.87109375
08:01:06,91282CLL3,TSRYS5884563,D,S,T,2024-09-17,1000000.00,3.412301,99.89453125
08:01:06,91282CLL3,TSRYS5884563,D,S,T,2024-09-17,2000000.00,3.420615,99.87109375
08:01:07,91282CLL3,TSRYS5884563,D,S,T,2024-09-17,1000000.00,3.412301,99.89453125
08:01:07,91282CLL3,TSRYS5884563,D,S,T,2024-09-17,1000000.00,3.412301,99.89453125
08:01:08,91282CLL3,TSRYS5884563,D,S,T,2024-09-17,1000000.00,3.412301,99.89453125
08:01:08,91282CLL3,TSRYS5884563,D,S,T,2024-09-17,1000000.00,3.412301,99.89453125
08:01:08,91282CLL3,TSRYS5884563,D,S,T,2024-09-17,1000000.00,3.422693,99.865234375
08:01:09,91282CLL3,TSRYS5884563,D,S,T,2024-09-17,1000000.00,3.412301,99.89453125
08:01:09,91282CLL3,TSRYS5884563,D,S,D,2024-09-17,1000000.00,3.422001,99.8671875
08:01:09,91282CLL3,TSRYS5884563,D,B,C,2024-09-17,1000000.00,3.417843,99.87890625
08:01:09,91282CLL3,TSRYS5884563,D,S,D,2024-09-17,1000000.00,3.417843,99.87890625
08:01:09,91282CLL3,TSRYS5884563,D,S,C,2024-09-17,1000000.00,3.416458,99.8828125
08:01:09,91282CLL3,TSRYS5884563,D,S,D,2024-09-17,2000000.00,3.426158,99.85546875
08:01:09,91282CLL3,TSRYS5884563,D,S,T,2024-09-17,1000000.00,3.412301,99.89453125
08:01:09,91282CLL3,TSRYS5884563,D,S,T,2024-09-17,5000000.00,3.433136,99.8358075
08:01:09,91282CLL3,TSRYS5884563,D,S,T,2024-09-17,15000000.00,3.433136,99.8358075
08:01:09,91282CLL3,TSRYS5884563,D,B,C,2024-09-17,1000000.00,3.420615,99.87109375
08:01:09,91282CLL3,TSRYS5884563,D,S,D,2024-09-17,1000000.00,3.420615,99.87109375
08:01:09,91282CLL3,TSRYS5884563,D,S,D,2024-09-17,1000000.00,3.419229,99.875
08:01:09,91282CLL3,TSRYS5884563,D,S,C,2024-09-17,1000000.00,3.416458,99.8828125
08:01:10,91282CLL3,TSRYS5884563,D,S,T,2024-09-17,1000000.00,3.433136,99.8358075
08:01:10,91282CLL3,TSRYS5884563,D,S,T,2024-09-17,1000000.00,3.412301,99.89453125
08:01:10,91282CLL3,TSRYS5884563,D,S,D,2024-09-17,1000000.00,3.417843,99.87890625
08:01:10,91282CLL3,TSRYS5884563,D,S,D,2024-09-17,1000000.00,3.415072,99.88671875
08:01:10,91282CLL3,TSRYS5884563,D,S,T,2024-09-17,2000000.00,3.433136,99.8358075
08:01:10,91282CLL3,TSRYS5884563,D,S,T,2024-09-17,1000000.00,3.412301,99.89453125
08:01:10,91282CLL3,TSRYS5884563,D,S,T,2024-09-17,1000000.00,3.420615,99.87109375
08:01:10,91282CLL3,TSRYS5884563,D,S,C,2024-09-17,2000000.00,3.422001,99.8671875
08:01:10,91282CLL3,TSRYS5884563,D,S,T,2024-09-17,1000000.00,3.412301,99.89453125
08:01:10,91282CLL3,TSRYS5884563,D,S,T,2024-09-17,1000000.00,3.422001,99.8671875
08:01:10,91282CLL3,TSRYS5884563,D,S,C,2024-09-17,1000000.00,3.414379,99.888671875
08:01:10,91282CLL3,TSRYS5884563,D,S,T,2024-09-17,1000000.00,3.426887,99.853415625
08:01:10,91282CLL3,TSRYS5884563,D,S,T,2024-09-17,1000000.00,3.426887,99.853415625
08:01:10,91282CLL3,TSRYS5884563,D,S,D,2024-09-17,9000000.00,3.420615,99.87109375
08:01:11,91282CLL3,TSRYS5884563,D,S,D,2024-09-17,1000000.00,3.40676,99.91015625
08:01:11,91282CLL3,TSRYS5884563,D,S,D,2024-09-17,1000000.00,3.40676,99.91015625
08:01:11,91282CLL3,TSRYS5884563,D,S,D,2024-09-17,4000000.00,3.428931,99.84765625
08:01:11,91282CLL3,TSRYS5884563,D,S,D,2024-09-17,1000000.00,3.408145,99.90625
08:01:11,91282CLL3,TSRYS5884563,D,S,D,2024-09-17,1000000.00,3.408145,99.90625
08:01:11,91282CLL3,TSRYS5884563,D,B,C,2024-09-17,1000000.00,3.408145,99.90625
08:01:11,91282CLL3,TSRYS5884563,D,S,D,2024-09-17,1000000.00,3.412994,99.892578125
08:01:11,91282CLL3,TSRYS5884563,D,S,C,2024-09-17,2000000.00,3.412994,99.892578125
08:01:11,91282CLL3,TSRYS5884563,D,S,D,2024-09-17,1000000.00,3.413687,99.890625
08:01:11,91282CLL3,TSRYS5884563,D,S,D,2024-09-17,1000000.00,3.412301,99.89453125
08:01:11,91282CLL3,TSRYS5884563,D,S,T,2024-09-17,1000000.00,3.426914,99.853340625
08:01:11,91282CLL3,TSRYS5884563,D,S,D,2024-09-17,1000000.00,3.412301,99.89453125
08:01:11,91282CLL3,TSRYS5884563,D,S,T,2024-09-17,1000000.00,3.412301,99.89453125
08:01:11,91282CLL3,TSRYS5884563,D,S,D,2024-09-17,1000000.00,3.412301,99.89453125
08:01:11,91282CLL3,TSRYS5884563,D,B,C,2024-09-17,1000000.00,3.412301,99.89453125
08:01:11,91282CLL3,TSRYS5884563,D,S,D,2024-09-17,1000000.00,3.412301,99.89453125
08:01:11,91282CLL3,TSRYS5884563,D,S,C,2024-09-17,1000000.00,3.412301,99.89453125
08:01:11,91282CLL3,TSRYS5884563,D,B,C,2024-09-17,1000000.00,3.412301,99.89453125
08:01:11,91282CLL3,TSRYS5884563,D,S,D,2024-09-17,1000000.00,3.412301,99.89453125
08:01:11,91282CLL3,TSRYS5884563,D,S,T,2024-09-17,1000000.00,3.412301,99.89453125
08:01:11,91282CLL3,TSRYS5884563,D,B,C,2024-09-17,1000000.00,3.412301,99.89453125
08:01:11,91282CLL3,TSRYS5884563,D,S,D,2024-09-17,1000000.00,3.412301,99.89453125
08:01:11,91282CLL3,TSRYS5884563,D,S,T,2024-09-17,2000000.00,3.412301,99.89453125
08:01:11,91282CLL3,TSRYS5884563,D,S,D,2024-09-17,1000000.00,3.410916,99.8984375
08:01:11,91282CLL3,TSRYS5884563,D,S,D,2024-09-17,1000000.00,3.410916,99.8984375
08:01:11,91282CLL3,TSRYS5884563,D,S,D,2024-09-17,1000000.00,3.410916,99.8984375
08:01:11,91282CLL3,TSRYS5884563,D,S,D,2024-09-17,1000000.00,3.410916,99.8984375
08:01:11,91282CLL3,TSRYS5884563,D,B,C,2024-09-17,3000000.00,3.427242,99.8524156
08:01:11,91282CLL3,TSRYS5884563,D,S,C,2024-09-17,1000000.00,3.408145,99.90625
08:01:11,91282CLL3,TSRYS5884563,D,S,C,2024-09-17,1000000.00,3.40676,99.91015625
08:01:12,91282CLL3,TSRYS5884563,D,S,D,2024-09-17,10000000.00,3.409353,99.9028438
08:01:12,91282CLL3,TSRYS5884563,D,S,D,2024-09-17,90000000.00,3.410765,99.8988625
08:01:12,91282CLL3,TSRYS5884563,D,S,D,2024-09-17,36000000.00,3.405224,99.9144875
08:01:12,91282CLL3,TSRYS5884563,D,S,D,2024-09-17,30000000.00,3.403645,99.9189418
08:01:12,91282CLL3,TSRYS5884563,D,S,T,2024-09-17,1000000.00,3.412301,99.89453125
08:01:12,91282CLL3,TSRYS5884563,D,S,D,2024-09-17,2000000.00,3.410916,99.8984375
08:01:12,91282CLL3,TSRYS5884563,D,S,D,2024-09-17,4000000.00,3.410916,99.8984375
08:01:12,91282CLL3,TSRYS5884563,D,S,D,2024-09-17,5000000.00,3.410916,99.8984375
08:01:12,91282CLL3,TSRYS5884563,D,S,D,2024-09-17,1000000.00,3.410916,99.8984375
08:01:12,91282CLL3,TSRYS5884563,D,S,D,2024-09-17,1000000.00,3.40953,99.90234375
08:01:12,91282CLL3,TSRYS5884563,D,S,T,2024-09-17,1000000.00,3.412301,99.89453125
08:01:12,91282CLL3,TSRYS5884563,D,S,D,2024-09-17,1000000.00,3.40953,99.90234375
08:01:12,91282CLL3,TSRYS5884563,D,S,D,2024-09-17,1000000.00,3.408145,99.90625
08:01:12,91282CLL3,TSRYS5884563,D,S,D,2024-09-17,2000000.00,3.405375,99.9140625
08:01:12,91282CLL3,TSRYS5884563,D,S,D,2024-09-17,2000000.00,3.405375,99.9140625
08:01:12,91282CLL3,TSRYS5884563,D,B,C,2024-09-17,2000000.00,3.405375,99.9140625
08:01:12,91282CLL3,TSRYS5884563,D,S,D,2024-09-17,2000000.00,3.405375,99.9140625
08:01:12,91282CLL3,TSRYS5884563,D,S,D,2024-09-17,1000000.00,3.405375,99.9140625
08:01:12,91282CLL3,TSRYS5884563,D,B,C,2024-09-17,2000000.00,3.405375,99.9140625
08:01:12,91282CLL3,TSRYS5884563,D,B,C,2024-09-17,1000000.00,3.405375,99.9140625
08:01:12,91282CLL3,TSRYS5884563,D,S,T,2024-09-17,1000000.00,3.420615,99.87109375
08:01:12,91282CLL3,TSRYS5884563,D,S,C,2024-09-17,1000000.00,3.403297,99.919921875
08:01:12,91282CLL3,TSRYS5884563,D,S,C,2024-09-17,1000000.00,3.403297,99.919921875
08:01:12,91282CLL3,TSRYS5884563,D,S,D,2024-09-17,1000000.00,3.405375,99.9140625
08:01:12,91282CLL3,TSRYS5884563,D,S,C,2024-09-17,1000000.00,3.406067,99.912109375
08:01:12,91282CLL3,TSRYS5884563,D,B,C,2024-09-17,1000000.00,3.406067,99.912109375
08:01:12,91282CLL3,TSRYS5884563,D,S,C,2024-09-17,1000000.00,3.406067,99.912109375
08:01:12,91282CLL3,TSRYS5884563,D,B,C,2024-09-17,1000000.00,3.406067,99.912109375
08:01:12,91282CLL3,TSRYS5884563,D,B,C,2024-09-17,1000000.00,3.406067,99.912109375
08:01:12,91282CLL3,TSRYS5884563,D,S,C,2024-09-17,1000000.00,3.406067,99.912109375
08:01:12,91282CLL3,TSRYS5884563,D,B,C,2024-09-17,2000000.00,3.406067,99.912109375
08:01:12,91282CLL3,TSRYS5884563,D,S,C,2024-09-17,2000000.00,3.406067,99.912109375
08:01:12,91282CLL3,TSRYS5884563,D,S,C,2024-09-17,2000000.00,3.406067,99.912109375
08:01:12,91282CLL3,TSRYS5884563,D,S,C,2024-09-17,2000000.00,3.406067,99.912109375
08:01:12,91282CLL3,TSRYS5884563,D,S,C,2024-09-17,1000000.00,3.406067,99.912109375
08:01:12,91282CLL3,TSRYS5884563,D,S,C,2024-09-17,1000000.00,3.406067,99.912109375
08:01:12,91282CLL3,TSRYS5884563,D,S,C,2024-09-17,1000000.00,3.406067,99.912109375
08:01:12,91282CLL3,TSRYS5884563,D,S,C,2024-09-17,1000000.00,3.406067,99.912109375
08:01:12,91282CLL3,TSRYS5884563,D,S,C,2024-09-17,1000000.00,3.406067,99.912109375
08:01:12,91282CLL3,TSRYS5884563,D,S,C,2024-09-17,1000000.00,3.406067,99.912109375
08:01:12,91282CLL3,TSRYS5884563,D,S,C,2024-09-17,1000000.00,3.406067,99.912109375
08:01:12,91282CLL3,TSRYS5884563,D,S,C,2024-09-17,1000000.00,3.404682,99.916015625
08:01:12,91282CLL3,TSRYS5884563,D,S,C,2024-09-17,1000000.00,3.404682,99.916015625
08:01:12,91282CLL3,TSRYS5884563,D,S,T,2024-09-17,1000000.00,3.412301,99.89453125
08:01:12,91282CLL3,TSRYS5884563,D,S,C,2024-09-17,1000000.00,3.406067,99.912109375
08:01:12,91282CLL3,TSRYS5884563,D,S,D,2024-09-17,1000000.00,3.405375,99.9140625
08:01:12,91282CLL3,TSRYS5884563,D,B,C,2024-09-17,1000000.00,3.405375,99.9140625
08:01:12,91282CLL3,TSRYS5884563,D,B,C,2024-09-17,1000000.00,3.406067,99.912109375
08:01:12,91282CLL3,TSRYS5884563,D,S,D,2024-09-17,2000000.00,3.403297,99.919921875
08:01:12,91282CLL3,TSRYS5884563,D,S,D,2024-09-17,1000000.00,3.404682,99.916015625
08:01:12,91282CLL3,TSRYS5884563,D,S,C,2024-09-17,1000000.00,3.406067,99.912109375
08:01:12,91282CLL3,TSRYS5884563,D,S,D,2024-09-17,1000000.00,3.408145,99.90625
08:01:12,91282CLL3,TSRYS5884563,D,B,C,2024-09-17,1000000.00,3.408145,99.90625
08:01:12,91282CLL3,TSRYS5884563,D,B,C,2024-09-17,1000000.00,3.410223,99.900390625
08:01:12,91282CLL3,TSRYS5884563,D,S,D,2024-09-17,1000000.00,3.410223,99.900390625
08:01:12,91282CLL3,TSRYS5884563,D,S,D,2024-09-17,1000000.00,3.410223,99.900390625
08:01:12,91282CLL3,TSRYS5884563,D,S,C,2024-09-17,1000000.00,3.411608,99.896484375
08:01:12,91282CLL3,TSRYS5884563,D,B,C,2024-09-17,1000000.00,3.411608,99.896484375
08:01:13,91282CLL3,TSRYS5884563,D,B,C,2024-09-17,1000000.00,3.410223,99.900390625
08:01:13,91282CLL3,TSRYS5884563,D,S,D,2024-09-17,1000000.00,3.40953,99.90234375
08:01:13,91282CLL3,TSRYS5884563,D,S,D,2024-09-17,1000000.00,3.410223,99.900390625
08:01:13,91282CLL3,TSRYS5884563,D,S,D,2024-09-17,1000000.00,3.40953,99.90234375
08:01:13,91282CLL3,TSRYS5884563,D,B,C,2024-09-17,1000000.00,3.410223,99.900390625
08:01:13,91282CLL3,TSRYS5884563,D,S,D,2024-09-17,1000000.00,3.410223,99.900390625
08:01:13,91282CLL3,TSRYS5884563,D,B,C,2024-09-17,1000000.00,3.410223,99.900390625
08:01:13,91282CLL3,TSRYS5884563,D,S,D,2024-09-17,1000000.00,3.410223,99.900390625
08:01:13,91282CLL3,TSRYS5884563,D,B,C,2024-09-17,1000000.00,3.412301,99.89453125
08:01:13,91282CLL3,TSRYS5884563,D,S,D,2024-09-17,1000000.00,3.412301,99.89453125
08:01:13,91282CLL3,TSRYS5884563,D,S,D,2024-09-17,1000000.00,3.412994,99.892578125
08:01:13,91282CLL3,TSRYS5884563,D,B,C,2024-09-17,1000000.00,3.412994,99.892578125
08:01:13,91282CLL3,TSRYS5884563,D,B,C,2024-09-17,1000000.00,3.414379,99.888671875
08:01:13,91282CLL3,TSRYS5884563,D,S,D,2024-09-17,2000000.00,3.414379,99.888671875
08:01:13,91282CLL3,TSRYS5884563,D,S,D,2024-09-17,1000000.00,3.414379,99.888671875
08:01:13,91282CLL3,TSRYS5884563,D,S,C,2024-09-17,1000000.00,3.414379,99.888671875
08:01:13,91282CLL3,TSRYS5884563,D,B,C,2024-09-17,1000000.00,3.412994,99.892578125
08:01:13,91282CLL3,TSRYS5884563,D,B,C,2024-09-17,1000000.00,3.412301,99.89453125
