tradeTime,cusip,issueSymbolIdentifier,priceType,reportingSideCode,contraPartyTypeCode,tradeDate,reportedTradeVolume,lastSaleYield,lastSalePrice
08:00:03,91282CKR1,TSRYS5802848,D,S,T,2024-05-30,1000000.00,4.797989,99.185546875
08:00:03,91282CKR1,TSRYS5802848,D,S,D,2024-05-30,2000000.00,4.797989,99.185546875
08:00:03,91282CKR1,TSRYS5802848,D,S,D,2024-05-30,3000000.00,4.797989,99.185546875
08:00:03,91282CKR1,TSRYS5802848,D,S,D,2024-05-30,3000000.00,4.797989,99.185546875
08:00:03,91282CKR1,TSRYS5802848,D,S,T,2024-05-30,1000000.00,4.797989,99.185546875
08:00:03,91282CKR1,TSRYS5802848,D,S,T,2024-05-30,1000000.00,4.797989,99.185546875
08:00:03,91282CKR1,TSRYS5802848,D,S,D,2024-05-30,1000000.00,4.803029,99.171875
08:00:03,91282CKR1,TSRYS5802848,D,S,D,2024-05-30,1000000.00,4.797989,99.185546875
08:00:03,91282CKR1,TSRYS5802848,D,S,D,2024-05-30,1000000.00,4.79439,99.1953125
08:00:03,91282CKR1,TSRYS5802848,D,S,D,2024-05-30,1000000.00,4.79439,99.1953125
08:00:03,91282CKR1,TSRYS5802848,D,S,T,2024-05-30,4000000.00,4.797269,99.1875
08:00:03,91282CKR1,TSRYS5802848,D,S,D,2024-05-30,4000000.00,4.797269,99.1875
08:00:07,91282CKR1,TSRYS5802848,D,S,D,2024-05-30,1000000.00,4.79439,99.1953125
08:00:07,91282CKR1,TSRYS5802848,D,S,D,2024-05-30,1000000.00,4.798709,99.18359375
08:00:07,91282CKR1,TSRYS5802848,D,S,D,2024-05-30,1000000.00,4.800149,99.1796875
08:00:07,91282CKR1,TSRYS5802848,D,S,T,2024-05-30,4000000.00,4.797269,99.1875
08:00:07,91282CKR1,TSRYS5802848,D,S,T,2024-05-30,3000000.00,4.797269,99.1875
08:00:07,91282CKR1,TSRYS5802848,D,S,T,2024-05-30,8000000.00,4.79439,99.1953125
08:00:07,91282CKR1,TSRYS5802848,D,S,T,2024-05-30,6000000.00,4.79439,99.1953125
08:00:07,91282CKR1,TSRYS5802848,D,S,T,2024-05-30,8000000.00,4.79439,99.1953125
08:00:07,91282CKR1,TSRYS5802848,D,S,T,2024-05-30,1000000.00,4.782875,99.2265625
08:00:07,91282CKR1,TSRYS5802848,D,S,D,2024-05-30,1000000.00,4.782875,99.2265625
08:00:07,91282CKR1,TSRYS5802848,D,S,D,2024-05-30,3000000.00,4.782875,99.2265625
08:00:07,91282CKR1,TSRYS5802848,D,S,D,2024-05-30,2000000.00,4.778558,99.23828125
08:00:07,91282CKR1,TSRYS5802848,D,S,D,2024-05-30,2000000.00,4.77568,99.24609375
08:00:07,91282CKR1,TSRYS5802848,D,S,D,2024-05-30,1000000.00,4.773522,99.251953125
08:00:07,91282CKR1,TSRYS5802848,D,S,D,2024-05-30,2000000.00,4.773522,99.251953125
08:00:07,91282CKR1,TSRYS5802848,D,S,D,2024-05-30,1000000.00,4.773522,99.251953125
08:00:07,91282CKR1,TSRYS5802848,D,S,D,2024-05-30,2000000.00,4.773522,99.251953125
08:00:07,91282CKR1,TSRYS5802848,D,S,D,2024-05-30,2000000.00,4.773522,99.251953125
08:00:07,91282CKR1,TSRYS5802848,D,S,D,2024-05-30,1000000.00,4.771365,99.2578125
08:00:07,91282CKR1,TSRYS5802848,D,S,D,2024-05-30,2000000.00,4.771365,99.2578125
08:00:07,91282CKR1,TSRYS5802848,D,S,D,2024-05-30,2000000.00,4.771365,99.2578125
08:00:07,91282CKR1,TSRYS5802848,D,S,D,2024-05-30,1000000.00,4.771365,99.2578125
08:00:07,91282CKR1,TSRYS5802848,D,S,D,2024-05-30,1000000.00,4.771365,99.2578125
08:00:07,91282CKR1,TSRYS5802848,D,S,D,2024-05-30,1000000.00,4.771365,99.2578125
08:00:07,91282CKR1,TSRYS5802848,D,S,D,2024-05-30,1000000.00,4.771365,99.2578125
08:00:07,91282CKR1,TSRYS5802848,D,S,D,2024-05-30,1000000.00,4.771365,99.2578125
08:00:07,91282CKR1,TSRYS5802848,D,S,D,2024-05-30,1000000.00,4.771365,99.2578125
08:00:07,91282CKR1,TSRYS5802848,D,S,D,2024-05-30,1000000.00,4.771365,99.2578125
08:00:07,91282CKR1,TSRYS5802848,D,S,D,2024-05-30,1000000.00,4.771365,99.2578125
08:00:07,91282CKR1,TSRYS5802848,D,S,T,2024-05-30,2000000.00,4.769926,99.26171875
08:00:07,91282CKR1,TSRYS5802848,D,S,D,2024-05-30,2000000.00,4.769207,99.263671875
08:00:07,91282CKR1,TSRYS5802848,D,S,D,2024-05-30,1000000.00,4.769926,99.26171875
08:00:07,91282CKR1,TSRYS5802848,D,S,D,2024-05-30,2000000.00,4.769926,99.26171875
08:00:07,91282CKR1,TSRYS5802848,D,S,D,2024-05-30,2000000.00,4.769926,99.26171875
08:00:07,91282CKR1,TSRYS5802848,D,S,D,2024-05-30,2000000.00,4.769926,99.26171875
08:00:07,91282CKR1,TSRYS5802848,D,S,D,2024-05-30,3000000.00,4.769926,99.26171875
08:00:07,91282CKR1,TSRYS5802848,D,S,D,2024-05-30,1000000.00,4.770645,99.259765625
08:00:07,91282CKR1,TSRYS5802848,D,S,D,2024-05-30,1000000.00,4.771365,99.2578125
08:00:07,91282CKR1,TSRYS5802848,D,S,D,2024-05-30,1000000.00,4.777119,99.2421875
08:00:07,91282CKR1,TSRYS5802848,D,S,D,2024-05-30,4000000.00,4.777119,99.2421875
08:00:07,91282CKR1,TSRYS5802848,D,S,D,2024-05-30,1000000.00,4.777119,99.2421875
08:00:07,91282CKR1,TSRYS5802848,D,S,D,2024-05-30,1000000.00,4.777119,99.2421875
08:00:07,91282CKR1,TSRYS5802848,D,S,D,2024-05-30,1000000.00,4.774961,99.248046875
08:00:07,91282CKR1,TSRYS5802848,D,S,T,2024-05-30,3000000.00,4.77568,99.24609375
08:00:07,91282CKR1,TSRYS5802848,D,S,D,2024-05-30,3000000.00,4.77568,99.24609375
08:00:07,91282CKR1,TSRYS5802848,D,S,D,2024-05-30,1000000.00,4.77568,99.24609375
08:00:07,91282CKR1,TSRYS5802848,D,S,D,2024-05-30,1000000.00,4.77568,99.24609375
08:00:07,91282CKR1,TSRYS5802848,D,S,D,2024-05-30,3000000.00,4.774961,99.248046875
08:00:07,91282CKR1,TSRYS5802848,D,S,T,2024-05-30,1000000.00,4.774961,99.248046875
08:00:07,91282CKR1,TSRYS5802848,D,S,T,2024-05-30,1000000.00,4.774242,99.25
08:00:07,91282CKR1,TSRYS5802848,D,S,D,2024-05-30,2000000.00,4.774961,99.248046875
08:00:07,91282CKR1,TSRYS5802848,D,S,D,2024-05-30,1000000.00,4.77568,99.24609375
08:00:07,91282CKR1,TSRYS5802848,D,S,T,2024-05-30,1000000.00,4.777119,99.2421875
08:00:07,91282CKR1,TSRYS5802848,D,S,T,2024-05-30,1000000.00,4.777119,99.2421875
08:00:07,91282CKR1,TSRYS5802848,D,S,D,2024-05-30,2000000.00,4.772803,99.25390625
08:00:07,91282CKR1,TSRYS5802848,D,S,D,2024-05-30,4000000.00,4.773522,99.251953125
08:00:07,91282CKR1,TSRYS5802848,D,S,D,2024-05-30,4000000.00,4.772803,99.25390625
08:00:07,91282CKR1,TSRYS5802848,D,S,T,2024-05-30,1000000.00,4.772803,99.25390625
08:00:07,91282CKR1,TSRYS5802848,D,S,T,2024-05-30,1000000.00,4.772803,99.25390625
08:00:07,91282CKR1,TSRYS5802848,D,S,T,2024-05-30,1000000.00,4.772803,99.25390625
08:00:07,91282CKR1,TSRYS5802848,D,S,T,2024-05-30,1000000.00,4.772803,99.25390625
08:00:07,91282CKR1,TSRYS5802848,D,S,T,2024-05-30,1000000.00,4.772803,99.25390625
08:00:07,91282CKR1,TSRYS5802848,D,S,T,2024-05-30,1000000.00,4.772803,99.25390625
08:00:07,91282CKR1,TSRYS5802848,D,S,T,2024-05-30,1000000.00,4.772803,99.25390625
08:00:07,91282CKR1,TSRYS5802848,D,S,T,2024-05-30,1000000.00,4.772803,99.25390625
08:00:07,91282CKR1,TSRYS5802848,D,S,T,2024-05-30,1000000.00,4.772803,99.25390625
08:00:07,91282CKR1,TSRYS5802848,D,S,T,2024-05-30,1000000.00,4.777119,99.2421875
08:00:07,91282CKR1,TSRYS5802848,D,S,T,2024-05-30,1000000.00,4.77568,99.24609375
08:00:07,91282CKR1,TSRYS5802848,D,S,T,2024-05-30,1000000.00,4.77568,99.24609375
08:00:07,91282CKR1,TSRYS5802848,D,S,T,2024-05-30,1000000.00,4.77568,99.24609375
08:00:07,91282CKR1,TSRYS5802848,D,S,T,2024-05-30,1000000.00,4.774242,99.25
08:00:07,91282CKR1,TSRYS5802848,D,S,T,2024-05-30,1000000.00,4.774242,99.25
08:00:07,91282CKR1,TSRYS5802848,D,S,T,2024-05-30,1000000.00,4.774242,99.25
08:00:12,91282CKR1,TSRYS5802848,D,S,A,2024-05-30,2100000.00,4.800149,99.1796875
08:00:12,91282CKR1,TSRYS5802848,D,S,A,2024-05-30,492000.00,4.798709,99.1835938
08:00:13,91282CKR1,TSRYS5802848,D,S,D,2024-05-30,2000000.00,4.795829,99.19140625
08:00:13,91282CKR1,TSRYS5802848,D,S,D,2024-05-30,1000000.00,4.79439,99.1953125
08:00:13,91282CKR1,TSRYS5802848,D,S,D,2024-05-30,1000000.00,4.79439,99.1953125
08:00:13,91282CKR1,TSRYS5802848,D,S,D,2024-05-30,1000000.00,4.797269,99.1875
08:00:13,91282CKR1,TSRYS5802848,D,S,D,2024-05-30,1000000.00,4.797269,99.1875
08:00:13,91282CKR1,TSRYS5802848,D,S,D,2024-05-30,2000000.00,4.797269,99.1875
08:00:13,91282CKR1,TSRYS5802848,D,S,A,2024-05-30,10000000.00,4.79379,99.19921875
08:00:13,91282CKR1,TSRYS5802848,D,S,T,2024-05-30,2000000.00,4.800149,99.1796875
08:00:13,91282CKR1,TSRYS5802848,D,S,T,2024-05-30,1000000.00,4.797989,99.185546875
08:00:13,91282CKR1,TSRYS5802848,D,S,T,2024-05-30,1000000.00,4.797989,99.185546875
08:00:13,91282CKR1,TSRYS5802848,D,S,T,2024-05-30,1000000.00,4.797269,99.1875
08:00:14,91282CKR1,TSRYS5802848,D,S,T,2024-05-30,1000000.00,4.796549,99.189453125
08:00:14,91282CKR1,TSRYS5802848,D,B,A,2024-05-30,223000.00,4.785753,99.21875
08:00:14,91282CKR1,TSRYS5802848,D,S,T,2024-05-30,1000000.00,4.798709,99.18359375
08:00:14,91282CKR1,TSRYS5802848,D,S,T,2024-05-30,1000000.00,4.795829,99.19140625
08:00:14,91282CKR1,TSRYS5802848,D,S,T,2024-05-30,1000000.00,4.800869,99.177734375
08:00:14,91282CKR1,TSRYS5802848,D,S,T,2024-05-30,1000000.00,4.801589,99.17578125
08:00:14,91282CKR1,TSRYS5802848,D,S,T,2024-05-30,1000000.00,4.795829,99.19140625
08:00:14,91282CKR1,TSRYS5802848,D,S,T,2024-05-30,1000000.00,4.79439,99.1953125
08:00:14,91282CKR1,TSRYS5802848,D,S,T,2024-05-30,1000000.00,4.79367,99.197265625
08:00:14,91282CKR1,TSRYS5802848,D,S,T,2024-05-30,1000000.00,4.79367,99.197265625
08:00:14,91282CKR1,TSRYS5802848,D,S,T,2024-05-30,1000000.00,4.79295,99.19921875
08:00:14,91282CKR1,TSRYS5802848,D,S,T,2024-05-30,1000000.00,4.79295,99.19921875
08:00:14,91282CKR1,TSRYS5802848,D,S,T,2024-05-30,1000000.00,4.79295,99.19921875
08:00:14,91282CKR1,TSRYS5802848,D,S,T,2024-05-30,1000000.00,4.790791,99.205078125
08:00:14,91282CKR1,TSRYS5802848,D,S,D,2024-05-30,1000000.00,4.782875,99.2265625
08:00:14,91282CKR1,TSRYS5802848,D,S,T,2024-05-30,1000000.00,4.782875,99.2265625
08:00:14,91282CKR1,TSRYS5802848,D,S,T,2024-05-30,1000000.00,4.782875,99.2265625
08:00:14,91282CKR1,TSRYS5802848,D,S,T,2024-05-30,1000000.00,4.782875,99.2265625
08:00:14,91282CKR1,TSRYS5802848,D,S,T,2024-05-30,1000000.00,4.783594,99.224609375
08:00:14,91282CKR1,TSRYS5802848,D,S,T,2024-05-30,1000000.00,4.782875,99.2265625
08:00:14,91282CKR1,TSRYS5802848,D,S,T,2024-05-30,1000000.00,4.782875,99.2265625
08:00:14,91282CKR1,TSRYS5802848,D,S,D,2024-05-30,1000000.00,4.782875,99.2265625
08:00:14,91282CKR1,TSRYS5802848,D,S,T,2024-05-30,1000000.00,4.782875,99.2265625
08:00:14,91282CKR1,TSRYS5802848,D,S,T,2024-05-30,1000000.00,4.782875,99.2265625
08:00:14,91282CKR1,TSRYS5802848,D,S,T,2024-05-30,1000000.00,4.782875,99.2265625
08:00:14,91282CKR1,TSRYS5802848,D,S,T,2024-05-30,1000000.00,4.782875,99.2265625
08:00:14,91282CKR1,TSRYS5802848,D,S,D,2024-05-30,1000000.00,4.784314,99.22265625
08:00:14,91282CKR1,TSRYS5802848,D,S,T,2024-05-30,1000000.00,4.784314,99.22265625
08:00:14,91282CKR1,TSRYS5802848,D,S,T,2024-05-30,1000000.00,4.784314,99.22265625
08:00:14,91282CKR1,TSRYS5802848,D,S,T,2024-05-30,1000000.00,4.784314,99.22265625
08:00:14,91282CKR1,TSRYS5802848,D,S,T,2024-05-30,1000000.00,4.784314,99.22265625
08:00:14,91282CKR1,TSRYS5802848,D,S,T,2024-05-30,1000000.00,4.778558,99.23828125
08:00:14,91282CKR1,TSRYS5802848,D,S,T,2024-05-30,1000000.00,4.7764,99.244140625
08:00:14,91282CKR1,TSRYS5802848,D,S,T,2024-05-30,1000000.00,4.7764,99.244140625
08:00:14,91282CKR1,TSRYS5802848,D,S,T,2024-05-30,5000000.00,4.77568,99.24609375
08:00:14,91282CKR1,TSRYS5802848,D,S,T,2024-05-30,1000000.00,4.77568,99.24609375
08:00:14,91282CKR1,TSRYS5802848,D,S,T,2024-05-30,1000000.00,4.77568,99.24609375
08:00:14,91282CKR1,TSRYS5802848,D,S,T,2024-05-30,1000000.00,4.774242,99.25
08:00:14,91282CKR1,TSRYS5802848,D,S,T,2024-05-30,2000000.00,4.774242,99.25
08:00:14,91282CKR1,TSRYS5802848,D,S,T,2024-05-30,1000000.00,4.774242,99.25
08:00:14,91282CKR1,TSRYS5802848,D,S,T,2024-05-30,1000000.00,4.774242,99.25
08:00:14,91282CKR1,TSRYS5802848,D,S,T,2024-05-30,1000000.00,4.774242,99.25
08:00:14,91282CKR1,TSRYS5802848,D,S,T,2024-05-30,1000000.00,4.774242,99.25
08:00:14,91282CKR1,TSRYS5802848,D,S,T,2024-05-30,1000000.00,4.772803,99.25390625
08:00:14,91282CKR1,TSRYS5802848,D,S,T,2024-05-30,1000000.00,4.772803,99.25390625
08:00:14,91282CKR1,TSRYS5802848,D,S,T,2024-05-30,2000000.00,4.774242,99.25
08:00:14,91282CKR1,TSRYS5802848,D,S,T,2024-05-30,1000000.00,4.777119,99.2421875
08:00:14,91282CKR1,TSRYS5802848,D,S,T,2024-05-30,1000000.00,4.777119,99.2421875
08:00:14,91282CKR1,TSRYS5802848,D,S,T,2024-05-30,1000000.00,4.777119,99.2421875
08:00:14,91282CKR1,TSRYS5802848,D,S,D,2024-05-30,1000000.00,4.774961,99.248046875
08:00:14,91282CKR1,TSRYS5802848,D,S,T,2024-05-30,1000000.00,4.774961,99.248046875
08:00:14,91282CKR1,TSRYS5802848,D,S,T,2024-05-30,1000000.00,4.774242,99.25
08:00:14,91282CKR1,TSRYS5802848,D,S,T,2024-05-30,1000000.00,4.773522,99.251953125
08:00:14,91282CKR1,TSRYS5802848,D,S,T,2024-05-30,1000000.00,4.774242,99.25
08:00:14,91282CKR1,TSRYS5802848,D,S,T,2024-05-30,1000000.00,4.772803,99.25390625
08:00:14,91282CKR1,TSRYS5802848,D,S,T,2024-05-30,2000000.00,4.778558,99.23828125
08:00:14,91282CKR1,TSRYS5802848,D,S,T,2024-05-30,1000000.00,4.7764,99.244140625
08:00:14,91282CKR1,TSRYS5802848,D,S,D,2024-05-30,1000000.00,4.774961,99.248046875
08:00:14,91282CKR1,TSRYS5802848,D,S,T,2024-05-30,1000000.00,4.777839,99.240234375
08:00:14,91282CKR1,TSRYS5802848,D,S,T,2024-05-30,1000000.00,4.774961,99.248046875
08:00:16,91282CKR1,TSRYS5802848,D,B,A,2024-05-30,2100000.00,4.800149,99.1796875
08:00:19,91282CKR1,TSRYS5802848,D,S,D,2024-05-30,1000000.00,4.798709,99.18359375
08:00:19,91282CKR1,TSRYS5802848,D,S,D,2024-05-30,1000000.00,4.798709,99.18359375
08:00:20,91282CKR1,TSRYS5802848,D,B,A,2024-05-30,2000000.00,4.801589,99.17578125
08:00:21,91282CKR1,TSRYS5802848,D,S,A,2024-05-30,2000000.00,4.801589,99.17578125
08:00:22,91282CKR1,TSRYS5802848,D,S,D,2024-05-30,1000000.00,4.784314,99.22265625
08:00:22,91282CKR1,TSRYS5802848,D,S,D,2024-05-30,1000000.00,4.801589,99.17578125
08:00:22,91282CKR1,TSRYS5802848,D,S,D,2024-05-30,1000000.00,4.801589,99.17578125
08:00:22,91282CKR1,TSRYS5802848,D,S,D,2024-05-30,1000000.00,4.801589,99.17578125
08:00:23,91282CKR1,TSRYS5802848,D,S,D,2024-05-30,1000000.00,4.797269,99.1875
08:00:23,91282CKR1,TSRYS5802848,D,S,D,2024-05-30,1000000.00,4.797269,99.1875
08:00:25,91282CKR1,TSRYS5802848,D,S,D,2024-05-30,1000000.00,4.777839,99.240234375
08:00:25,91282CKR1,TSRYS5802848,D,S,D,2024-05-30,1000000.00,4.7764,99.244140625
08:00:26,91282CKR1,TSRYS5802848,D,S,D,2024-05-30,2000000.00,4.79367,99.197265625
08:00:30,91282CKR1,TSRYS5802848,D,S,T,2024-05-30,3000000.00,4.800869,99.177734375
08:00:30,91282CKR1,TSRYS5802848,D,S,T,2024-05-30,1000000.00,4.800869,99.177734375
08:00:30,91282CKR1,TSRYS5802848,D,S,T,2024-05-30,1000000.00,4.799429,99.181640625
08:00:30,91282CKR1,TSRYS5802848,D,S,T,2024-05-30,2000000.00,4.800149,99.1796875
08:00:30,91282CKR1,TSRYS5802848,D,S,T,2024-05-30,3000000.00,4.800149,99.1796875
08:00:30,91282CKR1,TSRYS5802848,D,S,T,2024-05-30,1000000.00,4.800869,99.177734375
08:00:30,91282CKR1,TSRYS5802848,D,S,T,2024-05-30,1000000.00,4.797989,99.185546875
08:00:30,91282CKR1,TSRYS5802848,D,S,T,2024-05-30,1000000.00,4.797989,99.185546875
08:00:30,91282CKR1,TSRYS5802848,D,S,T,2024-05-30,1000000.00,4.797989,99.185546875
08:00:30,91282CKR1,TSRYS5802848,D,S,T,2024-05-30,1000000.00,4.797989,99.185546875
08:00:30,91282CKR1,TSRYS5802848,D,S,T,2024-05-30,1000000.00,4.797989,99.185546875
08:00:30,91282CKR1,TSRYS5802848,D,S,T,2024-05-30,1000000.00,4.797989,99.185546875
08:00:30,91282CKR1,TSRYS5802848,D,S,T,2024-05-30,1000000.00,4.797989,99.185546875
08:00:30,91282CKR1,TSRYS5802848,D,S,T,2024-05-30,1000000.00,4.797989,99.185546875
08:00:30,91282CKR1,TSRYS5802848,D,S,T,2024-05-30,1000000.00,4.797989,99.185546875
08:00:30,91282CKR1,TSRYS5802848,D,S,T,2024-05-30,1000000.00,4.797989,99.185546875
08:00:30,91282CKR1,TSRYS5802848,D,S,T,2024-05-30,1000000.00,4.798709,99.18359375
08:00:30,91282CKR1,TSRYS5802848,D,S,T,2024-05-30,1000000.00,4.798709,99.18359375
08:00:30,91282CKR1,TSRYS5802848,D,S,T,2024-05-30,1000000.00,4.798709,99.18359375
08:00:30,91282CKR1,TSRYS5802848,D,S,T,2024-05-30,1000000.00,4.798709,99.18359375
08:00:30,91282CKR1,TSRYS5802848,D,S,T,2024-05-30,1000000.00,4.798709,99.18359375
08:00:30,91282CKR1,TSRYS5802848,D,S,T,2024-05-30,2000000.00,4.795829,99.19140625
08:00:30,91282CKR1,TSRYS5802848,D,S,T,2024-05-30,1000000.00,4.796549,99.189453125
08:00:30,91282CKR1,TSRYS5802848,D,S,T,2024-05-30,1000000.00,4.79295,99.19921875
08:00:30,91282CKR1,TSRYS5802848,D,S,T,2024-05-30,1000000.00,4.79295,99.19921875
08:00:30,91282CKR1,TSRYS5802848,D,S,T,2024-05-30,1000000.00,4.79295,99.19921875
08:00:30,91282CKR1,TSRYS5802848,D,S,T,2024-05-30,1000000.00,4.79295,99.19921875
08:00:30,91282CKR1,TSRYS5802848,D,S,T,2024-05-30,1000000.00,4.79295,99.19921875
08:00:30,91282CKR1,TSRYS5802848,D,S,T,2024-05-30,1000000.00,4.79295,99.19921875
08:00:30,91282CKR1,TSRYS5802848,D,S,T,2024-05-30,1000000.00,4.79295,99.19921875
08:00:30,91282CKR1,TSRYS5802848,D,S,T,2024-05-30,1000000.00,4.79295,99.19921875
08:00:30,91282CKR1,TSRYS5802848,D,S,T,2024-05-30,1000000.00,4.79295,99.19921875
08:00:30,91282CKR1,TSRYS5802848,D,S,T,2024-05-30,1000000.00,4.79295,99.19921875
08:00:30,91282CKR1,TSRYS5802848,D,S,T,2024-05-30,1000000.00,4.79439,99.1953125
08:00:30,91282CKR1,TSRYS5802848,D,S,T,2024-05-30,1000000.00,4.795829,99.19140625
08:00:30,91282CKR1,TSRYS5802848,D,S,T,2024-05-30,1000000.00,4.796549,99.189453125
08:00:30,91282CKR1,TSRYS5802848,D,S,T,2024-05-30,1000000.00,4.796549,99.189453125
08:00:30,91282CKR1,TSRYS5802848,D,S,T,2024-05-30,1000000.00,4.797269,99.1875
08:00:30,91282CKR1,TSRYS5802848,D,S,T,2024-05-30,1000000.00,4.797269,99.1875
08:00:30,91282CKR1,TSRYS5802848,D,S,T,2024-05-30,1000000.00,4.797269,99.1875
08:00:30,91282CKR1,TSRYS5802848,D,S,T,2024-05-30,1000000.00,4.797269,99.1875
08:00:30,91282CKR1,TSRYS5802848,D,S,T,2024-05-30,1000000.00,4.797269,99.1875
08:00:30,91282CKR1,TSRYS5802848,D,S,T,2024-05-30,1000000.00,4.797269,99.1875
08:00:30,91282CKR1,TSRYS5802848,D,S,T,2024-05-30,1000000.00,4.798709,99.18359375
08:00:30,91282CKR1,TSRYS5802848,D,S,T,2024-05-30,1000000.00,4.797269,99.1875
08:00:30,91282CKR1,TSRYS5802848,D,S,T,2024-05-30,1000000.00,4.798709,99.18359375
08:00:30,91282CKR1,TSRYS5802848,D,S,T,2024-05-30,1000000.00,4.798709,99.18359375
08:00:30,91282CKR1,TSRYS5802848,D,S,T,2024-05-30,1000000.00,4.798709,99.18359375
08:00:30,91282CKR1,TSRYS5802848,D,S,T,2024-05-30,1000000.00,4.797269,99.1875
08:00:30,91282CKR1,TSRYS5802848,D,S,T,2024-05-30,1000000.00,4.796549,99.189453125
08:00:30,91282CKR1,TSRYS5802848,D,S,T,2024-05-30,1000000.00,4.795109,99.193359375
08:00:30,91282CKR1,TSRYS5802848,D,S,T,2024-05-30,1000000.00,4.795109,99.193359375
08:00:30,91282CKR1,TSRYS5802848,D,S,T,2024-05-30,1000000.00,4.795109,99.193359375
08:00:30,91282CKR1,TSRYS5802848,D,S,T,2024-05-30,1000000.00,4.800149,99.1796875
08:00:30,91282CKR1,TSRYS5802848,D,S,T,2024-05-30,1000000.00,4.801589,99.17578125
08:00:30,91282CKR1,TSRYS5802848,D,S,T,2024-05-30,1000000.00,4.801589,99.17578125
08:00:30,91282CKR1,TSRYS5802848,D,S,T,2024-05-30,1000000.00,4.801589,99.17578125
08:00:30,91282CKR1,TSRYS5802848,D,S,T,2024-05-30,1000000.00,4.797269,99.1875
08:00:30,91282CKR1,TSRYS5802848,D,S,T,2024-05-30,1000000.00,4.800869,99.177734375
08:00:30,91282CKR1,TSRYS5802848,D,S,T,2024-05-30,1000000.00,4.800869,99.177734375
08:00:30,91282CKR1,TSRYS5802848,D,S,T,2024-05-30,2000000.00,4.800149,99.1796875
08:00:30,91282CKR1,TSRYS5802848,D,S,T,2024-05-30,3000000.00,4.800149,99.1796875
08:00:30,91282CKR1,TSRYS5802848,D,S,T,2024-05-30,1000000.00,4.801589,99.17578125
08:00:30,91282CKR1,TSRYS5802848,D,S,T,2024-05-30,1000000.00,4.801589,99.17578125
08:00:30,91282CKR1,TSRYS5802848,D,S,T,2024-05-30,1000000.00,4.801589,99.17578125
08:00:30,91282CKR1,TSRYS5802848,D,S,T,2024-05-30,1000000.00,4.801589,99.17578125
08:00:30,91282CKR1,TSRYS5802848,D,S,T,2024-05-30,1000000.00,4.801589,99.17578125
08:00:30,91282CKR1,TSRYS5802848,D,S,T,2024-05-30,1000000.00,4.801589,99.17578125
08:00:30,91282CKR1,TSRYS5802848,D,S,T,2024-05-30,1000000.00,4.801589,99.17578125
08:00:30,91282CKR1,TSRYS5802848,D,S,T,2024-05-30,1000000.00,4.801589,99.17578125
08:00:30,91282CKR1,TSRYS5802848,D,S,T,2024-05-30,1000000.00,4.795829,99.19140625
08:00:30,91282CKR1,TSRYS5802848,D,S,T,2024-05-30,1000000.00,4.800149,99.1796875
08:00:30,91282CKR1,TSRYS5802848,D,S,T,2024-05-30,1000000.00,4.800149,99.1796875
08:00:30,91282CKR1,TSRYS5802848,D,S,T,2024-05-30,2000000.00,4.800149,99.1796875
08:00:30,91282CKR1,TSRYS5802848,D,S,T,2024-05-30,1000000.00,4.798709,99.18359375
08:00:30,91282CKR1,TSRYS5802848,D,S,T,2024-05-30,1000000.00,4.798709,99.18359375
08:00:30,91282CKR1,TSRYS5802848,D,S,T,2024-05-30,1000000.00,4.797269,99.1875
08:00:30,91282CKR1,TSRYS5802848,D,S,T,2024-05-30,1000000.00,4.797269,99.1875
08:00:30,91282CKR1,TSRYS5802848,D,S,T,2024-05-30,1000000.00,4.797269,99.1875
08:00:30,91282CKR1,TSRYS5802848,D,S,T,2024-05-30,1000000.00,4.797269,99.1875
08:00:30,91282CKR1,TSRYS5802848,D,S,T,2024-05-30,1000000.00,4.797269,99.1875
08:00:30,91282CKR1,TSRYS5802848,D,S,T,2024-05-30,1000000.00,4.797269,99.1875
08:00:30,91282CKR1,TSRYS5802848,D,S,T,2024-05-30,1000000.00,4.797269,99.1875
08:00:30,91282CKR1,TSRYS5802848,D,S,T,2024-05-30,1000000.00,4.797269,99.1875
08:00:30,91282CKR1,TSRYS5802848,D,S,T,2024-05-30,1000000.00,4.797269,99.1875
08:00:30,91282CKR1,TSRYS5802848,D,S,T,2024-05-30,1000000.00,4.797269,99.1875
08:00:30,91282CKR1,TSRYS5802848,D,S,T,2024-05-30,1000000.00,4.797269,99.1875
08:00:30,91282CKR1,TSRYS5802848,D,S,T,2024-05-30,1000000.00,4.797269,99.1875
08:00:30,91282CKR1,TSRYS5802848,D,S,T,2024-05-30,1000000.00,4.797269,99.1875
08:00:30,91282CKR1,TSRYS5802848,D,S,T,2024-05-30,1000000.00,4.797269,99.1875
08:00:30,91282CKR1,TSRYS5802848,D,S,T,2024-05-30,1000000.00,4.797269,99.1875
08:00:30,91282CKR1,TSRYS5802848,D,S,T,2024-05-30,1000000.00,4.797269,99.1875
08:00:30,91282CKR1,TSRYS5802848,D,S,T,2024-05-30,2000000.00,4.797269,99.1875
08:00:30,91282CKR1,TSRYS5802848,D,S,T,2024-05-30,1000000.00,4.79439,99.1953125
08:00:30,91282CKR1,TSRYS5802848,D,S,T,2024-05-30,1000000.00,4.79439,99.1953125
08:00:30,91282CKR1,TSRYS5802848,D,S,T,2024-05-30,1000000.00,4.79439,99.1953125
08:00:30,91282CKR1,TSRYS5802848,D,S,T,2024-05-30,1000000.00,4.79439,99.1953125
08:00:30,91282CKR1,TSRYS5802848,D,S,T,2024-05-30,1000000.00,4.79439,99.1953125
08:00:30,91282CKR1,TSRYS5802848,D,S,T,2024-05-30,1000000.00,4.79439,99.1953125
08:00:30,91282CKR1,TSRYS5802848,D,S,T,2024-05-30,1000000.00,4.79439,99.1953125
08:00:30,91282CKR1,TSRYS5802848,D,S,T,2024-05-30,1000000.00,4.79439,99.1953125
08:00:30,91282CKR1,TSRYS5802848,D,S,T,2024-05-30,1000000.00,4.79439,99.1953125
08:00:30,91282CKR1,TSRYS5802848,D,S,T,2024-05-30,1000000.00,4.79439,99.1953125
08:00:30,91282CKR1,TSRYS5802848,D,S,T,2024-05-30,1000000.00,4.79439,99.1953125
08:00:30,91282CKR1,TSRYS5802848,D,S,T,2024-05-30,1000000.00,4.79439,99.1953125
08:00:30,91282CKR1,TSRYS5802848,D,S,T,2024-05-30,1000000.00,4.79439,99.1953125
08:00:30,91282CKR1,TSRYS5802848,D,S,T,2024-05-30,1000000.00,4.79439,99.1953125
08:00:30,91282CKR1,TSRYS5802848,D,S,T,2024-05-30,1000000.00,4.79439,99.1953125
08:00:30,91282CKR1,TSRYS5802848,D,S,T,2024-05-30,1000000.00,4.79439,99.1953125
08:00:30,91282CKR1,TSRYS5802848,D,S,T,2024-05-30,1000000.00,4.79439,99.1953125
08:00:30,91282CKR1,TSRYS5802848,D,S,T,2024-05-30,2000000.00,4.795109,99.193359375
08:00:30,91282CKR1,TSRYS5802848,D,S,T,2024-05-30,2000000.00,4.79439,99.1953125
08:00:30,91282CKR1,TSRYS5802848,D,S,T,2024-05-30,2000000.00,4.79439,99.1953125
08:00:30,91282CKR1,TSRYS5802848,D,S,T,2024-05-30,1000000.00,4.79439,99.1953125
08:00:30,91282CKR1,TSRYS5802848,D,S,T,2024-05-30,2000000.00,4.79439,99.1953125
08:00:30,91282CKR1,TSRYS5802848,D,S,T,2024-05-30,1000000.00,4.791511,99.203125
08:00:30,91282CKR1,TSRYS5802848,D,S,T,2024-05-30,2000000.00,4.791511,99.203125
08:00:30,91282CKR1,TSRYS5802848,D,S,T,2024-05-30,1000000.00,4.791511,99.203125
08:00:30,91282CKR1,TSRYS5802848,D,S,T,2024-05-30,2000000.00,4.790071,99.20703125
08:00:30,91282CKR1,TSRYS5802848,D,S,T,2024-05-30,1000000.00,4.790071,99.20703125
08:00:30,91282CKR1,TSRYS5802848,D,S,T,2024-05-30,1000000.00,4.788632,99.2109375
08:00:30,91282CKR1,TSRYS5802848,D,S,T,2024-05-30,1000000.00,4.788632,99.2109375
08:00:30,91282CKR1,TSRYS5802848,D,S,T,2024-05-30,1000000.00,4.789351,99.208984375
08:00:30,91282CKR1,TSRYS5802848,D,S,T,2024-05-30,1000000.00,4.790071,99.20703125
08:00:30,91282CKR1,TSRYS5802848,D,S,T,2024-05-30,1000000.00,4.790071,99.20703125
08:00:30,91282CKR1,TSRYS5802848,D,S,T,2024-05-30,2000000.00,4.790071,99.20703125
08:00:30,91282CKR1,TSRYS5802848,D,S,T,2024-05-30,2000000.00,4.788632,99.2109375
08:00:30,91282CKR1,TSRYS5802848,D,S,T,2024-05-30,3000000.00,4.785753,99.21875
08:00:30,91282CKR1,TSRYS5802848,D,S,T,2024-05-30,1000000.00,4.785753,99.21875
08:00:30,91282CKR1,TSRYS5802848,D,S,T,2024-05-30,3000000.00,4.785753,99.21875
08:00:30,91282CKR1,TSRYS5802848,D,S,T,2024-05-30,2000000.00,4.785753,99.21875
08:00:30,91282CKR1,TSRYS5802848,D,S,T,2024-05-30,2000000.00,4.784314,99.22265625
08:00:30,91282CKR1,TSRYS5802848,D,S,T,2024-05-30,1000000.00,4.782875,99.2265625
08:00:30,91282CKR1,TSRYS5802848,D,S,T,2024-05-30,2000000.00,4.784314,99.22265625
08:00:30,91282CKR1,TSRYS5802848,D,S,T,2024-05-30,2000000.00,4.784314,99.22265625
08:00:30,91282CKR1,TSRYS5802848,D,S,T,2024-05-30,1000000.00,4.782875,99.2265625
08:00:33,91282CKR1,TSRYS5802848,D,S,D,2024-05-30,1000000.00,4.774242,99.25
08:00:33,91282CKR1,TSRYS5802848,D,S,T,2024-05-30,2000000.00,4.783594,99.224609375
08:00:33,91282CKR1,TSRYS5802848,D,S,T,2024-05-30,1000000.00,4.788632,99.2109375
08:00:33,91282CKR1,TSRYS5802848,D,S,T,2024-05-30,1000000.00,4.789351,99.208984375
08:00:33,91282CKR1,TSRYS5802848,D,S,T,2024-05-30,1000000.00,4.785034,99.220703125
08:00:33,91282CKR1,TSRYS5802848,D,S,T,2024-05-30,3000000.00,4.785034,99.220703125
08:00:33,91282CKR1,TSRYS5802848,D,S,T,2024-05-30,1000000.00,4.785753,99.21875
08:00:33,91282CKR1,TSRYS5802848,D,S,T,2024-05-30,1000000.00,4.782155,99.228515625
08:00:33,91282CKR1,TSRYS5802848,D,S,T,2024-05-30,1000000.00,4.778558,99.23828125
08:00:33,91282CKR1,TSRYS5802848,D,S,T,2024-05-30,1000000.00,4.778558,99.23828125
08:00:33,91282CKR1,TSRYS5802848,D,S,T,2024-05-30,1000000.00,4.778558,99.23828125
08:00:33,91282CKR1,TSRYS5802848,D,S,T,2024-05-30,1000000.00,4.778558,99.23828125
08:00:33,91282CKR1,TSRYS5802848,D,S,T,2024-05-30,1000000.00,4.778558,99.23828125
08:00:33,91282CKR1,TSRYS5802848,D,S,T,2024-05-30,1000000.00,4.777119,99.2421875
08:00:33,91282CKR1,TSRYS5802848,D,S,T,2024-05-30,1000000.00,4.77568,99.24609375
08:00:33,91282CKR1,TSRYS5802848,D,S,T,2024-05-30,1000000.00,4.77568,99.24609375
08:00:33,91282CKR1,TSRYS5802848,D,S,T,2024-05-30,1000000.00,4.77568,99.24609375
08:00:33,91282CKR1,TSRYS5802848,D,S,T,2024-05-30,2000000.00,4.77568,99.24609375
08:00:33,91282CKR1,TSRYS5802848,D,S,T,2024-05-30,4000000.00,4.77568,99.24609375
08:00:33,91282CKR1,TSRYS5802848,D,S,T,2024-05-30,4000000.00,4.77568,99.24609375
08:00:33,91282CKR1,TSRYS5802848,D,S,T,2024-05-30,4000000.00,4.77568,99.24609375
08:00:33,91282CKR1,TSRYS5802848,D,S,T,2024-05-30,4000000.00,4.77568,99.24609375
08:00:33,91282CKR1,TSRYS5802848,D,S,T,2024-05-30,4000000.00,4.77568,99.24609375
08:00:33,91282CKR1,TSRYS5802848,D,S,T,2024-05-30,2000000.00,4.77568,99.24609375
08:00:33,91282CKR1,TSRYS5802848,D,S,T,2024-05-30,3000000.00,4.77568,99.24609375
08:00:33,91282CKR1,TSRYS5802848,D,S,T,2024-05-30,4000000.00,4.77568,99.24609375
08:00:33,91282CKR1,TSRYS5802848,D,S,T,2024-05-30,5000000.00,4.77568,99.24609375
08:00:33,91282CKR1,TSRYS5802848,D,S,T,2024-05-30,3000000.00,4.77568,99.24609375
08:00:33,91282CKR1,TSRYS5802848,D,S,T,2024-05-30,1000000.00,4.77568,99.24609375
08:00:33,91282CKR1,TSRYS5802848,D,S,T,2024-05-30,3000000.00,4.77568,99.24609375
08:00:33,91282CKR1,TSRYS5802848,D,S,T,2024-05-30,2000000.00,4.77568,99.24609375
08:00:33,91282CKR1,TSRYS5802848,D,S,T,2024-05-30,4000000.00,4.77568,99.24609375
08:00:33,91282CKR1,TSRYS5802848,D,S,T,2024-05-30,1000000.00,4.77568,99.24609375
08:00:33,91282CKR1,TSRYS5802848,D,S,T,2024-05-30,1000000.00,4.77568,99.24609375
08:00:33,91282CKR1,TSRYS5802848,D,S,T,2024-05-30,1000000.00,4.77568,99.24609375
08:00:33,91282CKR1,TSRYS5802848,D,S,T,2024-05-30,1000000.00,4.77568,99.24609375
08:00:33,91282CKR1,TSRYS5802848,D,S,T,2024-05-30,1000000.00,4.77568,99.24609375
08:00:33,91282CKR1,TSRYS5802848,D,S,T,2024-05-30,2000000.00,4.77568,99.24609375
08:00:33,91282CKR1,TSRYS5802848,D,S,T,2024-05-30,3000000.00,4.77568,99.24609375
08:00:33,91282CKR1,TSRYS5802848,D,S,T,2024-05-30,4000000.00,4.77568,99.24609375
08:00:33,91282CKR1,TSRYS5802848,D,S,T,2024-05-30,2000000.00,4.77568,99.24609375
08:00:33,91282CKR1,TSRYS5802848,D,S,T,2024-05-30,4000000.00,4.77568,99.24609375
08:00:33,91282CKR1,TSRYS5802848,D,S,T,2024-05-30,1000000.00,4.77568,99.24609375
08:00:33,91282CKR1,TSRYS5802848,D,S,T,2024-05-30,2000000.00,4.77568,99.24609375
08:00:33,91282CKR1,TSRYS5802848,D,S,T,2024-05-30,3000000.00,4.77568,99.24609375
08:00:33,91282CKR1,TSRYS5802848,D,S,T,2024-05-30,1000000.00,4.77568,99.24609375
08:00:33,91282CKR1,TSRYS5802848,D,S,T,2024-05-30,1000000.00,4.77568,99.24609375
08:00:33,91282CKR1,TSRYS5802848,D,S,T,2024-05-30,1000000.00,4.77568,99.24609375
08:00:33,91282CKR1,TSRYS5802848,D,S,T,2024-05-30,1000000.00,4.77568,99.24609375
08:00:33,91282CKR1,TSRYS5802848,D,S,T,2024-05-30,1000000.00,4.77568,99.24609375
08:00:33,91282CKR1,TSRYS5802848,D,S,T,2024-05-30,1000000.00,4.77568,99.24609375
08:00:33,91282CKR1,TSRYS5802848,D,S,T,2024-05-30,1000000.00,4.77568,99.24609375
08:00:33,91282CKR1,TSRYS5802848,D,S,T,2024-05-30,1000000.00,4.77568,99.24609375
08:00:33,91282CKR1,TSRYS5802848,D,S,T,2024-05-30,1000000.00,4.77568,99.24609375
08:00:33,91282CKR1,TSRYS5802848,D,S,T,2024-05-30,1000000.00,4.77568,99.24609375
08:00:33,91282CKR1,TSRYS5802848,D,S,T,2024-05-30,1000000.00,4.77568,99.24609375
08:00:33,91282CKR1,TSRYS5802848,D,S,T,2024-05-30,1000000.00,4.77568,99.24609375
08:00:33,91282CKR1,TSRYS5802848,D,S,T,2024-05-30,1000000.00,4.77568,99.24609375
08:00:33,91282CKR1,TSRYS5802848,D,S,T,2024-05-30,1000000.00,4.77568,99.24609375
08:00:33,91282CKR1,TSRYS5802848,D,S,T,2024-05-30,1000000.00,4.77568,99.24609375
08:00:33,91282CKR1,TSRYS5802848,D,S,T,2024-05-30,1000000.00,4.77568,99.24609375
08:00:33,91282CKR1,TSRYS5802848,D,S,T,2024-05-30,1000000.00,4.774242,99.25
08:00:33,91282CKR1,TSRYS5802848,D,S,T,2024-05-30,1000000.00,4.774242,99.25
08:00:33,91282CKR1,TSRYS5802848,D,S,T,2024-05-30,1000000.00,4.774242,99.25
08:00:33,91282CKR1,TSRYS5802848,D,S,T,2024-05-30,1000000.00,4.774242,99.25
08:00:33,91282CKR1,TSRYS5802848,D,S,T,2024-05-30,1000000.00,4.774242,99.25
08:00:33,91282CKR1,TSRYS5802848,D,S,T,2024-05-30,1000000.00,4.774242,99.25
08:00:33,91282CKR1,TSRYS5802848,D,S,T,2024-05-30,1000000.00,4.774242,99.25
08:00:33,91282CKR1,TSRYS5802848,D,S,T,2024-05-30,1000000.00,4.774242,99.25
08:00:33,91282CKR1,TSRYS5802848,D,S,T,2024-05-30,1000000.00,4.774242,99.25
08:00:33,91282CKR1,TSRYS5802848,D,S,T,2024-05-30,1000000.00,4.774242,99.25
08:00:33,91282CKR1,TSRYS5802848,D,S,T,2024-05-30,1000000.00,4.774242,99.25
08:00:33,91282CKR1,TSRYS5802848,D,S,T,2024-05-30,1000000.00,4.774242,99.25
08:00:33,91282CKR1,TSRYS5802848,D,S,T,2024-05-30,1000000.00,4.774242,99.25
08:00:33,91282CKR1,TSRYS5802848,D,S,T,2024-05-30,1000000.00,4.774242,99.25
08:00:33,91282CKR1,TSRYS5802848,D,S,T,2024-05-30,4000000.00,4.774242,99.25
08:00:33,91282CKR1,TSRYS5802848,D,S,T,2024-05-30,5000000.00,4.774242,99.25
08:00:33,91282CKR1,TSRYS5802848,D,S,T,2024-05-30,5000000.00,4.774242,99.25
08:00:33,91282CKR1,TSRYS5802848,D,S,T,2024-05-30,1000000.00,4.774242,99.25
08:00:33,91282CKR1,TSRYS5802848,D,S,T,2024-05-30,1000000.00,4.774242,99.25
08:00:33,91282CKR1,TSRYS5802848,D,S,T,2024-05-30,1000000.00,4.774242,99.25
08:00:33,91282CKR1,TSRYS5802848,D,S,T,2024-05-30,1000000.00,4.774242,99.25
08:00:33,91282CKR1,TSRYS5802848,D,S,T,2024-05-30,1000000.00,4.774242,99.25
08:00:33,91282CKR1,TSRYS5802848,D,S,T,2024-05-30,1000000.00,4.774242,99.25
08:00:33,91282CKR1,TSRYS5802848,D,S,T,2024-05-30,1000000.00,4.774242,99.25
08:00:33,91282CKR1,TSRYS5802848,D,S,T,2024-05-30,1000000.00,4.774242,99.25
08:00:33,91282CKR1,TSRYS5802848,D,S,T,2024-05-30,1000000.00,4.774242,99.25
08:00:33,91282CKR1,TSRYS5802848,D,S,T,2024-05-30,1000000.00,4.774242,99.25
08:00:33,91282CKR1,TSRYS5802848,D,S,T,2024-05-30,1000000.00,4.774242,99.25
08:00:33,91282CKR1,TSRYS5802848,D,S,T,2024-05-30,1000000.00,4.774242,99.25
08:00:33,91282CKR1,TSRYS5802848,D,S,T,2024-05-30,1000000.00,4.774242,99.25
08:00:33,91282CKR1,TSRYS5802848,D,S,T,2024-05-30,1000000.00,4.774242,99.25
08:00:33,91282CKR1,TSRYS5802848,D,S,T,2024-05-30,1000000.00,4.774242,99.25
08:00:33,91282CKR1,TSRYS5802848,D,S,T,2024-05-30,1000000.00,4.774242,99.25
08:00:33,91282CKR1,TSRYS5802848,D,S,T,2024-05-30,1000000.00,4.772084,99.255859375
08:00:33,91282CKR1,TSRYS5802848,D,S,T,2024-05-30,1000000.00,4.772084,99.255859375
08:00:33,91282CKR1,TSRYS5802848,D,S,T,2024-05-30,1000000.00,4.771365,99.2578125
08:00:33,91282CKR1,TSRYS5802848,D,S,T,2024-05-30,1000000.00,4.770645,99.259765625
08:00:33,91282CKR1,TSRYS5802848,D,S,T,2024-05-30,1000000.00,4.770645,99.259765625
08:00:33,91282CKR1,TSRYS5802848,D,S,T,2024-05-30,1000000.00,4.771365,99.2578125
08:00:33,91282CKR1,TSRYS5802848,D,S,T,2024-05-30,1000000.00,4.769926,99.26171875
08:00:33,91282CKR1,TSRYS5802848,D,S,T,2024-05-30,1000000.00,4.769926,99.26171875
08:00:33,91282CKR1,TSRYS5802848,D,S,T,2024-05-30,1000000.00,4.769926,99.26171875
08:00:33,91282CKR1,TSRYS5802848,D,S,T,2024-05-30,1000000.00,4.769207,99.263671875
08:00:33,91282CKR1,TSRYS5802848,D,S,T,2024-05-30,1000000.00,4.771365,99.2578125
08:00:33,91282CKR1,TSRYS5802848,D,S,T,2024-05-30,1000000.00,4.769926,99.26171875
08:00:33,91282CKR1,TSRYS5802848,D,S,T,2024-05-30,1000000.00,4.772803,99.25390625
08:00:33,91282CKR1,TSRYS5802848,D,S,T,2024-05-30,1000000.00,4.772803,99.25390625
08:00:33,91282CKR1,TSRYS5802848,D,S,T,2024-05-30,1000000.00,4.772803,99.25390625
08:00:33,91282CKR1,TSRYS5802848,D,S,T,2024-05-30,1000000.00,4.774242,99.25
08:00:33,91282CKR1,TSRYS5802848,D,S,T,2024-05-30,1000000.00,4.773522,99.251953125
08:00:33,91282CKR1,TSRYS5802848,D,S,T,2024-05-30,1000000.00,4.774242,99.25
08:00:33,91282CKR1,TSRYS5802848,D,S,T,2024-05-30,1000000.00,4.772803,99.25390625
08:00:33,91282CKR1,TSRYS5802848,D,S,T,2024-05-30,1000000.00,4.772803,99.25390625
08:00:33,91282CKR1,TSRYS5802848,D,S,T,2024-05-30,1000000.00,4.772803,99.25390625
08:00:33,91282CKR1,TSRYS5802848,D,S,T,2024-05-30,1000000.00,4.772803,99.25390625
08:00:33,91282CKR1,TSRYS5802848,D,S,T,2024-05-30,1000000.00,4.772803,99.25390625
08:00:33,91282CKR1,TSRYS5802848,D,S,T,2024-05-30,1000000.00,4.772803,99.25390625
08:00:33,91282CKR1,TSRYS5802848,D,S,T,2024-05-30,1000000.00,4.772803,99.25390625
08:00:33,91282CKR1,TSRYS5802848,D,S,T,2024-05-30,1000000.00,4.772803,99.25390625
08:00:33,91282CKR1,TSRYS5802848,D,S,T,2024-05-30,3000000.00,4.777119,99.2421875
08:00:33,91282CKR1,TSRYS5802848,D,S,T,2024-05-30,3000000.00,4.777119,99.2421875
08:00:33,91282CKR1,TSRYS5802848,D,S,T,2024-05-30,5000000.00,4.777119,99.2421875
08:00:33,91282CKR1,TSRYS5802848,D,S,T,2024-05-30,1000000.00,4.777119,99.2421875
08:00:33,91282CKR1,TSRYS5802848,D,S,T,2024-05-30,1000000.00,4.777119,99.2421875
08:00:33,91282CKR1,TSRYS5802848,D,S,T,2024-05-30,3000000.00,4.777119,99.2421875
08:00:33,91282CKR1,TSRYS5802848,D,S,T,2024-05-30,2000000.00,4.777119,99.2421875
08:00:33,91282CKR1,TSRYS5802848,D,S,T,2024-05-30,3000000.00,4.777119,99.2421875
08:00:33,91282CKR1,TSRYS5802848,D,S,T,2024-05-30,2000000.00,4.777119,99.2421875
08:00:33,91282CKR1,TSRYS5802848,D,S,T,2024-05-30,2000000.00,4.777119,99.2421875
08:00:33,91282CKR1,TSRYS5802848,D,S,T,2024-05-30,1000000.00,4.777119,99.2421875
08:00:33,91282CKR1,TSRYS5802848,D,S,T,2024-05-30,2000000.00,4.777119,99.2421875
08:00:33,91282CKR1,TSRYS5802848,D,S,T,2024-05-30,1000000.00,4.777119,99.2421875
08:00:33,91282CKR1,TSRYS5802848,D,S,T,2024-05-30,3000000.00,4.777119,99.2421875
08:00:33,91282CKR1,TSRYS5802848,D,S,T,2024-05-30,2000000.00,4.777119,99.2421875
08:00:33,91282CKR1,TSRYS5802848,D,S,T,2024-05-30,1000000.00,4.777119,99.2421875
08:00:33,91282CKR1,TSRYS5802848,D,S,T,2024-05-30,1000000.00,4.777119,99.2421875
08:00:33,91282CKR1,TSRYS5802848,D,S,T,2024-05-30,1000000.00,4.777119,99.2421875
08:00:33,91282CKR1,TSRYS5802848,D,S,T,2024-05-30,1000000.00,4.777119,99.2421875
08:00:33,91282CKR1,TSRYS5802848,D,S,T,2024-05-30,1000000.00,4.777119,99.2421875
08:00:33,91282CKR1,TSRYS5802848,D,S,T,2024-05-30,2000000.00,4.777119,99.2421875
08:00:33,91282CKR1,TSRYS5802848,D,S,T,2024-05-30,3000000.00,4.777119,99.2421875
08:00:33,91282CKR1,TSRYS5802848,D,S,T,2024-05-30,1000000.00,4.777119,99.2421875
08:00:33,91282CKR1,TSRYS5802848,D,S,T,2024-05-30,1000000.00,4.777119,99.2421875
08:00:33,91282CKR1,TSRYS5802848,D,S,T,2024-05-30,1000000.00,4.777119,99.2421875
08:00:33,91282CKR1,TSRYS5802848,D,S,T,2024-05-30,1000000.00,4.777119,99.2421875
08:00:33,91282CKR1,TSRYS5802848,D,S,T,2024-05-30,3000000.00,4.777119,99.2421875
08:00:33,91282CKR1,TSRYS5802848,D,S,T,2024-05-30,2000000.00,4.777119,99.2421875
08:00:33,91282CKR1,TSRYS5802848,D,S,T,2024-05-30,2000000.00,4.777119,99.2421875
08:00:33,91282CKR1,TSRYS5802848,D,S,T,2024-05-30,3000000.00,4.777119,99.2421875
08:00:33,91282CKR1,TSRYS5802848,D,S,T,2024-05-30,2000000.00,4.7764,99.244140625
08:00:33,91282CKR1,TSRYS5802848,D,S,T,2024-05-30,4000000.00,4.77568,99.24609375
08:00:33,91282CKR1,TSRYS5802848,D,S,T,2024-05-30,3000000.00,4.77568,99.24609375
08:00:33,91282CKR1,TSRYS5802848,D,S,T,2024-05-30,2000000.00,4.77568,99.24609375
08:00:33,91282CKR1,TSRYS5802848,D,S,T,2024-05-30,1000000.00,4.774242,99.25
08:00:33,91282CKR1,TSRYS5802848,D,S,T,2024-05-30,1000000.00,4.774242,99.25
08:00:33,91282CKR1,TSRYS5802848,D,S,T,2024-05-30,1000000.00,4.774242,99.25
08:00:33,91282CKR1,TSRYS5802848,D,S,T,2024-05-30,1000000.00,4.77568,99.24609375
08:00:33,91282CKR1,TSRYS5802848,D,S,T,2024-05-30,3000000.00,4.772803,99.25390625
08:00:33,91282CKR1,TSRYS5802848,D,S,T,2024-05-30,1000000.00,4.772803,99.25390625
08:00:33,91282CKR1,TSRYS5802848,D,S,T,2024-05-30,5000000.00,4.772803,99.25390625
08:00:33,91282CKR1,TSRYS5802848,D,S,T,2024-05-30,2000000.00,4.772803,99.25390625
08:00:33,91282CKR1,TSRYS5802848,D,S,T,2024-05-30,3000000.00,4.772803,99.25390625
08:00:33,91282CKR1,TSRYS5802848,D,S,T,2024-05-30,5000000.00,4.772803,99.25390625
08:00:33,91282CKR1,TSRYS5802848,D,S,T,2024-05-30,1000000.00,4.772803,99.25390625
08:00:33,91282CKR1,TSRYS5802848,D,S,T,2024-05-30,1000000.00,4.772803,99.25390625
08:00:33,91282CKR1,TSRYS5802848,D,S,T,2024-05-30,1000000.00,4.772803,99.25390625
08:00:33,91282CKR1,TSRYS5802848,D,S,T,2024-05-30,1000000.00,4.772803,99.25390625
08:00:33,91282CKR1,TSRYS5802848,D,S,T,2024-05-30,1000000.00,4.772803,99.25390625
08:00:33,91282CKR1,TSRYS5802848,D,S,T,2024-05-30,1000000.00,4.772803,99.25390625
08:00:33,91282CKR1,TSRYS5802848,D,S,T,2024-05-30,1000000.00,4.772803,99.25390625
08:00:33,91282CKR1,TSRYS5802848,D,S,T,2024-05-30,1000000.00,4.772803,99.25390625
08:00:33,91282CKR1,TSRYS5802848,D,S,T,2024-05-30,1000000.00,4.772803,99.25390625
08:00:33,91282CKR1,TSRYS5802848,D,S,T,2024-05-30,1000000.00,4.772803,99.25390625
08:00:33,91282CKR1,TSRYS5802848,D,S,T,2024-05-30,1000000.00,4.772803,99.25390625
08:00:33,91282CKR1,TSRYS5802848,D,S,T,2024-05-30,1000000.00,4.774242,99.25
08:00:33,91282CKR1,TSRYS5802848,D,S,T,2024-05-30,4000000.00,4.774242,99.25
08:00:33,91282CKR1,TSRYS5802848,D,S,T,2024-05-30,4000000.00,4.774242,99.25
08:00:33,91282CKR1,TSRYS5802848,D,S,T,2024-05-30,1000000.00,4.774242,99.25
08:00:33,91282CKR1,TSRYS5802848,D,S,T,2024-05-30,1000000.00,4.77568,99.24609375
08:00:33,91282CKR1,TSRYS5802848,D,S,T,2024-05-30,2000000.00,4.77568,99.24609375
08:00:33,91282CKR1,TSRYS5802848,D,S,T,2024-05-30,1000000.00,4.777119,99.2421875
08:00:33,91282CKR1,TSRYS5802848,D,S,T,2024-05-30,1000000.00,4.777119,99.2421875
08:00:33,91282CKR1,TSRYS5802848,D,S,T,2024-05-30,1000000.00,4.777119,99.2421875
08:00:33,91282CKR1,TSRYS5802848,D,S,T,2024-05-30,1000000.00,4.774242,99.25
08:00:33,91282CKR1,TSRYS5802848,D,S,T,2024-05-30,1000000.00,4.777119,99.2421875
08:00:33,91282CKR1,TSRYS5802848,D,S,T,2024-05-30,1000000.00,4.77568,99.24609375
08:00:33,91282CKR1,TSRYS5802848,D,S,T,2024-05-30,1000000.00,4.77568,99.24609375
08:00:33,91282CKR1,TSRYS5802848,D,S,T,2024-05-30,1000000.00,4.77568,99.24609375
08:00:33,91282CKR1,TSRYS5802848,D,S,T,2024-05-30,1000000.00,4.77568,99.24609375
08:00:33,91282CKR1,TSRYS5802848,D,S,T,2024-05-30,1000000.00,4.77568,99.24609375
08:00:33,91282CKR1,TSRYS5802848,D,S,T,2024-05-30,1000000.00,4.774242,99.25
08:00:33,91282CKR1,TSRYS5802848,D,S,T,2024-05-30,1000000.00,4.772803,99.25390625
08:00:33,91282CKR1,TSRYS5802848,D,S,T,2024-05-30,1000000.00,4.774242,99.25
08:00:33,91282CKR1,TSRYS5802848,D,S,T,2024-05-30,1000000.00,4.774242,99.25
08:00:33,91282CKR1,TSRYS5802848,D,S,T,2024-05-30,3000000.00,4.774242,99.25
08:00:33,91282CKR1,TSRYS5802848,D,S,T,2024-05-30,3000000.00,4.774242,99.25
08:00:33,91282CKR1,TSRYS5802848,D,S,T,2024-05-30,4000000.00,4.77568,99.24609375
08:00:33,91282CKR1,TSRYS5802848,D,S,T,2024-05-30,4000000.00,4.77568,99.24609375
08:00:33,91282CKR1,TSRYS5802848,D,S,T,2024-05-30,1000000.00,4.77568,99.24609375
08:00:33,91282CKR1,TSRYS5802848,D,S,T,2024-05-30,1000000.00,4.77568,99.24609375
08:00:33,91282CKR1,TSRYS5802848,D,S,T,2024-05-30,1000000.00,4.77568,99.24609375
08:00:33,91282CKR1,TSRYS5802848,D,S,T,2024-05-30,1000000.00,4.77568,99.24609375
08:00:33,91282CKR1,TSRYS5802848,D,S,T,2024-05-30,3000000.00,4.77568,99.24609375
08:00:33,91282CKR1,TSRYS5802848,D,S,T,2024-05-30,1000000.00,4.77568,99.24609375
08:00:33,91282CKR1,TSRYS5802848,D,S,T,2024-05-30,1000000.00,4.77568,99.24609375
08:00:33,91282CKR1,TSRYS5802848,D,S,T,2024-05-30,1000000.00,4.777119,99.2421875
08:00:33,91282CKR1,TSRYS5802848,D,S,T,2024-05-30,1000000.00,4.777119,99.2421875
08:00:33,91282CKR1,TSRYS5802848,D,S,T,2024-05-30,1000000.00,4.777119,99.2421875
08:00:33,91282CKR1,TSRYS5802848,D,S,T,2024-05-30,2000000.00,4.777119,99.2421875
08:00:33,91282CKR1,TSRYS5802848,D,S,T,2024-05-30,1000000.00,4.77568,99.24609375
08:00:33,91282CKR1,TSRYS5802848,D,S,T,2024-05-30,1000000.00,4.777119,99.2421875
08:00:33,91282CKR1,TSRYS5802848,D,S,T,2024-05-30,1000000.00,4.777119,99.2421875
08:00:33,91282CKR1,TSRYS5802848,D,S,T,2024-05-30,1000000.00,4.777119,99.2421875
08:00:33,91282CKR1,TSRYS5802848,D,S,T,2024-05-30,1000000.00,4.777119,99.2421875
08:00:33,91282CKR1,TSRYS5802848,D,S,T,2024-05-30,1000000.00,4.77568,99.24609375
08:00:33,91282CKR1,TSRYS5802848,D,S,T,2024-05-30,1000000.00,4.77568,99.24609375
08:00:33,91282CKR1,TSRYS5802848,D,S,T,2024-05-30,2000000.00,4.77568,99.24609375
08:00:33,91282CKR1,TSRYS5802848,D,S,T,2024-05-30,1000000.00,4.777119,99.2421875
08:00:33,91282CKR1,TSRYS5802848,D,S,T,2024-05-30,1000000.00,4.777119,99.2421875
08:00:33,91282CKR1,TSRYS5802848,D,S,T,2024-05-30,1000000.00,4.777119,99.2421875
08:00:33,91282CKR1,TSRYS5802848,D,S,T,2024-05-30,1000000.00,4.777119,99.2421875
08:00:33,91282CKR1,TSRYS5802848,D,S,T,2024-05-30,1000000.00,4.777119,99.2421875
08:00:33,91282CKR1,TSRYS5802848,D,S,T,2024-05-30,1000000.00,4.777119,99.2421875
08:00:33,91282CKR1,TSRYS5802848,D,S,T,2024-05-30,1000000.00,4.778558,99.23828125
08:00:33,91282CKR1,TSRYS5802848,D,S,T,2024-05-30,1000000.00,4.77568,99.24609375
08:00:33,91282CKR1,TSRYS5802848,D,S,T,2024-05-30,1000000.00,4.777119,99.2421875
08:00:33,91282CKR1,TSRYS5802848,D,S,T,2024-05-30,1000000.00,4.777839,99.240234375
08:00:33,91282CKR1,TSRYS5802848,D,S,T,2024-05-30,1000000.00,4.778558,99.23828125
08:00:33,91282CKR1,TSRYS5802848,D,S,T,2024-05-30,1000000.00,4.778558,99.23828125
08:00:33,91282CKR1,TSRYS5802848,D,S,T,2024-05-30,1000000.00,4.778558,99.23828125
08:00:33,91282CKR1,TSRYS5802848,D,S,T,2024-05-30,1000000.00,4.77568,99.24609375
08:00:33,91282CKR1,TSRYS5802848,D,S,T,2024-05-30,1000000.00,4.77568,99.24609375
08:00:33,91282CKR1,TSRYS5802848,D,S,T,2024-05-30,1000000.00,4.777119,99.2421875
08:00:33,91282CKR1,TSRYS5802848,D,S,T,2024-05-30,1000000.00,4.777119,99.2421875
08:00:33,91282CKR1,TSRYS5802848,D,S,T,2024-05-30,1000000.00,4.777119,99.2421875
08:00:33,91282CKR1,TSRYS5802848,D,S,T,2024-05-30,1000000.00,4.777119,99.2421875
08:00:33,91282CKR1,TSRYS5802848,D,S,T,2024-05-30,1000000.00,4.77568,99.24609375
08:00:33,91282CKR1,TSRYS5802848,D,S,T,2024-05-30,1000000.00,4.77568,99.24609375
08:00:33,91282CKR1,TSRYS5802848,D,S,T,2024-05-30,1000000.00,4.777119,99.2421875
08:00:33,91282CKR1,TSRYS5802848,D,S,T,2024-05-30,1000000.00,4.777119,99.2421875
08:00:33,91282CKR1,TSRYS5802848,D,S,T,2024-05-30,1000000.00,4.77568,99.24609375
08:00:33,91282CKR1,TSRYS5802848,D,S,T,2024-05-30,1000000.00,4.774961,99.248046875
08:00:33,91282CKR1,TSRYS5802848,D,S,T,2024-05-30,1000000.00,4.77568,99.24609375
08:00:33,91282CKR1,TSRYS5802848,D,S,T,2024-05-30,1000000.00,4.774961,99.248046875
08:00:33,91282CKR1,TSRYS5802848,D,S,T,2024-05-30,4000000.00,4.77568,99.24609375
08:00:33,91282CKR1,TSRYS5802848,D,S,T,2024-05-30,2000000.00,4.77568,99.24609375
08:00:33,91282CKR1,TSRYS5802848,D,S,T,2024-05-30,4000000.00,4.77568,99.24609375
08:00:33,91282CKR1,TSRYS5802848,D,S,T,2024-05-30,4000000.00,4.77568,99.24609375
08:00:33,91282CKR1,TSRYS5802848,D,S,T,2024-05-30,4000000.00,4.77568,99.24609375
08:00:33,91282CKR1,TSRYS5802848,D,S,T,2024-05-30,1000000.00,4.77568,99.24609375
08:00:33,91282CKR1,TSRYS5802848,D,S,T,2024-05-30,1000000.00,4.777119,99.2421875
08:00:33,91282CKR1,TSRYS5802848,D,S,T,2024-05-30,1000000.00,4.777119,99.2421875
08:00:33,91282CKR1,TSRYS5802848,D,S,T,2024-05-30,1000000.00,4.77568,99.24609375
08:00:33,91282CKR1,TSRYS5802848,D,S,T,2024-05-30,1000000.00,4.772803,99.25390625
08:00:33,91282CKR1,TSRYS5802848,D,S,T,2024-05-30,1000000.00,4.772803,99.25390625
08:00:33,91282CKR1,TSRYS5802848,D,S,T,2024-05-30,1000000.00,4.769926,99.26171875
08:00:33,91282CKR1,TSRYS5802848,D,S,T,2024-05-30,1000000.00,4.772803,99.25390625
08:00:33,91282CKR1,TSRYS5802848,D,S,T,2024-05-30,1000000.00,4.772803,99.25390625
08:00:33,91282CKR1,TSRYS5802848,D,S,T,2024-05-30,1000000.00,4.772084,99.255859375
08:00:33,91282CKR1,TSRYS5802848,D,S,T,2024-05-30,2000000.00,4.774242,99.25
08:00:33,91282CKR1,TSRYS5802848,D,S,T,2024-05-30,2000000.00,4.774242,99.25
08:00:33,91282CKR1,TSRYS5802848,D,S,D,2024-05-30,1000000.00,4.797269,99.1875
08:00:33,91282CKR1,TSRYS5802848,D,S,D,2024-05-30,1000000.00,4.797269,99.1875
08:00:33,91282CKR1,TSRYS5802848,D,S,D,2024-05-30,1000000.00,4.803029,99.171875
08:00:33,91282CKR1,TSRYS5802848,D,S,D,2024-05-30,1000000.00,4.797269,99.1875
08:00:33,91282CKR1,TSRYS5802848,D,S,D,2024-05-30,2000000.00,4.790071,99.20703125
08:00:33,91282CKR1,TSRYS5802848,D,S,D,2024-05-30,2000000.00,4.790071,99.20703125
08:00:33,91282CKR1,TSRYS5802848,D,S,D,2024-05-30,2000000.00,4.790071,99.20703125
08:00:33,91282CKR1,TSRYS5802848,D,S,D,2024-05-30,1000000.00,4.786473,99.216796875
08:00:33,91282CKR1,TSRYS5802848,D,S,D,2024-05-30,2000000.00,4.783594,99.224609375
08:00:33,91282CKR1,TSRYS5802848,D,S,D,2024-05-30,2000000.00,4.782875,99.2265625
08:00:33,91282CKR1,TSRYS5802848,D,S,D,2024-05-30,2000000.00,4.782875,99.2265625
08:00:33,91282CKR1,TSRYS5802848,D,S,D,2024-05-30,2000000.00,4.783594,99.224609375
08:00:33,91282CKR1,TSRYS5802848,D,S,D,2024-05-30,2000000.00,4.782875,99.2265625
08:00:33,91282CKR1,TSRYS5802848,D,S,D,2024-05-30,1000000.00,4.770645,99.259765625
08:00:33,91282CKR1,TSRYS5802848,D,S,D,2024-05-30,1000000.00,4.770645,99.259765625
08:00:33,91282CKR1,TSRYS5802848,D,S,D,2024-05-30,1000000.00,4.7764,99.244140625
08:00:33,91282CKR1,TSRYS5802848,D,S,D,2024-05-30,1000000.00,4.77568,99.24609375
08:00:33,91282CKR1,TSRYS5802848,D,S,D,2024-05-30,1000000.00,4.7764,99.244140625
08:00:33,91282CKR1,TSRYS5802848,D,S,D,2024-05-30,2000000.00,4.777839,99.240234375
08:00:33,91282CKR1,TSRYS5802848,D,S,D,2024-05-30,2000000.00,4.774961,99.248046875
08:00:33,91282CKR1,TSRYS5802848,D,S,D,2024-05-30,2000000.00,4.774961,99.248046875
08:00:33,91282CKR1,TSRYS5802848,D,S,D,2024-05-30,1000000.00,4.77568,99.24609375
08:00:33,91282CKR1,TSRYS5802848,D,S,D,2024-05-30,1000000.00,4.777119,99.2421875
08:00:33,91282CKR1,TSRYS5802848,D,S,D,2024-05-30,2000000.00,4.777119,99.2421875
08:00:33,91282CKR1,TSRYS5802848,D,S,D,2024-05-30,1000000.00,4.772803,99.25390625
08:00:33,91282CKR1,TSRYS5802848,D,S,D,2024-05-30,1000000.00,4.772803,99.25390625
08:00:33,91282CKR1,TSRYS5802848,D,S,D,2024-05-30,1000000.00,4.770645,99.259765625
08:00:33,91282CKR1,TSRYS5802848,D,S,D,2024-05-30,2000000.00,4.770645,99.259765625
08:00:33,91282CKR1,TSRYS5802848,D,S,D,2024-05-30,1000000.00,4.770645,99.259765625
08:00:33,91282CKR1,TSRYS5802848,D,S,D,2024-05-30,2000000.00,4.770645,99.259765625
08:00:33,91282CKR1,TSRYS5802848,D,S,D,2024-05-30,2000000.00,4.769926,99.26171875
08:00:33,91282CKR1,TSRYS5802848,D,S,D,2024-05-30,1000000.00,4.772803,99.25390625
08:00:33,91282CKR1,TSRYS5802848,D,S,D,2024-05-30,2000000.00,4.773522,99.251953125
08:00:33,91282CKR1,TSRYS5802848,D,S,D,2024-05-30,1000000.00,4.7764,99.244140625
08:00:33,91282CKR1,TSRYS5802848,D,S,D,2024-05-30,1000000.00,4.7764,99.244140625
08:00:33,91282CKR1,TSRYS5802848,D,S,D,2024-05-30,1000000.00,4.777839,99.240234375
08:00:33,91282CKR1,TSRYS5802848,D,S,D,2024-05-30,2000000.00,4.777839,99.240234375
08:00:33,91282CKR1,TSRYS5802848,D,S,D,2024-05-30,2000000.00,4.774961,99.248046875
08:00:33,91282CKR1,TSRYS5802848,D,S,D,2024-05-30,2000000.00,4.774961,99.248046875
08:00:33,91282CKR1,TSRYS5802848,D,S,D,2024-05-30,2000000.00,4.774961,99.248046875
08:00:33,91282CKR1,TSRYS5802848,D,S,D,2024-05-30,1000000.00,4.774961,99.248046875
08:00:33,91282CKR1,TSRYS5802848,D,S,D,2024-05-30,3000000.00,4.774961,99.248046875
08:00:33,91282CKR1,TSRYS5802848,D,S,D,2024-05-30,1000000.00,4.7764,99.244140625
08:00:33,91282CKR1,TSRYS5802848,D,S,D,2024-05-30,1000000.00,4.7764,99.244140625
08:00:33,91282CKR1,TSRYS5802848,D,S,D,2024-05-30,2000000.00,4.7764,99.244140625
08:00:33,91282CKR1,TSRYS5802848,D,S,D,2024-05-30,2000000.00,4.77568,99.24609375
08:00:33,91282CKR1,TSRYS5802848,D,S,D,2024-05-30,3000000.00,4.797989,99.185546875
08:00:33,91282CKR1,TSRYS5802848,D,S,D,2024-05-30,1000000.00,4.797989,99.185546875
08:00:33,91282CKR1,TSRYS5802848,D,S,D,2024-05-30,1000000.00,4.797989,99.185546875
08:00:33,91282CKR1,TSRYS5802848,D,S,T,2024-05-30,2000000.00,4.79439,99.1953125
08:00:33,91282CKR1,TSRYS5802848,D,S,T,2024-05-30,2000000.00,4.79439,99.1953125
08:00:33,91282CKR1,TSRYS5802848,D,S,T,2024-05-30,2000000.00,4.79439,99.1953125
08:00:33,91282CKR1,TSRYS5802848,D,S,T,2024-05-30,2000000.00,4.79439,99.1953125
08:00:33,91282CKR1,TSRYS5802848,D,S,T,2024-05-30,2000000.00,4.79439,99.1953125
08:00:33,91282CKR1,TSRYS5802848,D,S,T,2024-05-30,2000000.00,4.79439,99.1953125
08:00:33,91282CKR1,TSRYS5802848,D,S,T,2024-05-30,2000000.00,4.79439,99.1953125
08:00:33,91282CKR1,TSRYS5802848,D,S,T,2024-05-30,2000000.00,4.791511,99.203125
08:00:33,91282CKR1,TSRYS5802848,D,S,T,2024-05-30,2000000.00,4.790071,99.20703125
08:00:33,91282CKR1,TSRYS5802848,D,S,T,2024-05-30,2000000.00,4.790071,99.20703125
08:00:33,91282CKR1,TSRYS5802848,D,S,T,2024-05-30,2000000.00,4.783594,99.224609375
08:00:33,91282CKR1,TSRYS5802848,D,S,T,2024-05-30,2000000.00,4.782875,99.2265625
08:00:33,91282CKR1,TSRYS5802848,D,S,T,2024-05-30,2000000.00,4.783594,99.224609375
08:00:33,91282CKR1,TSRYS5802848,D,S,T,2024-05-30,2000000.00,4.782875,99.2265625
08:00:33,91282CKR1,TSRYS5802848,D,S,T,2024-05-30,2000000.00,4.782875,99.2265625
08:00:33,91282CKR1,TSRYS5802848,D,S,T,2024-05-30,2000000.00,4.782875,99.2265625
08:00:33,91282CKR1,TSRYS5802848,D,S,T,2024-05-30,2000000.00,4.783594,99.224609375
08:00:33,91282CKR1,TSRYS5802848,D,S,T,2024-05-30,2000000.00,4.783594,99.224609375
08:00:33,91282CKR1,TSRYS5802848,D,S,T,2024-05-30,2000000.00,4.782875,99.2265625
08:00:33,91282CKR1,TSRYS5802848,D,S,T,2024-05-30,2000000.00,4.782875,99.2265625
08:00:33,91282CKR1,TSRYS5802848,D,S,T,2024-05-30,1000000.00,4.784314,99.22265625
08:00:33,91282CKR1,TSRYS5802848,D,S,T,2024-05-30,1000000.00,4.770645,99.259765625
08:00:33,91282CKR1,TSRYS5802848,D,S,T,2024-05-30,2000000.00,4.770645,99.259765625
08:00:33,91282CKR1,TSRYS5802848,D,S,T,2024-05-30,2000000.00,4.774961,99.248046875
08:00:33,91282CKR1,TSRYS5802848,D,S,T,2024-05-30,1000000.00,4.774961,99.248046875
08:00:33,91282CKR1,TSRYS5802848,D,S,T,2024-05-30,2000000.00,4.774961,99.248046875
08:00:33,91282CKR1,TSRYS5802848,D,S,T,2024-05-30,2000000.00,4.77568,99.24609375
08:00:33,91282CKR1,TSRYS5802848,D,S,T,2024-05-30,1000000.00,4.7764,99.244140625
08:00:33,91282CKR1,TSRYS5802848,D,S,T,2024-05-30,2000000.00,4.778558,99.23828125
08:00:33,91282CKR1,TSRYS5802848,D,S,T,2024-05-30,1000000.00,4.778558,99.23828125
08:00:33,91282CKR1,TSRYS5802848,D,S,T,2024-05-30,1000000.00,4.778558,99.23828125
08:00:33,91282CKR1,TSRYS5802848,D,S,T,2024-05-30,1000000.00,4.777119,99.2421875
08:00:33,91282CKR1,TSRYS5802848,D,S,T,2024-05-30,2000000.00,4.777119,99.2421875
08:00:33,91282CKR1,TSRYS5802848,D,S,T,2024-05-30,1000000.00,4.773522,99.251953125
08:00:33,91282CKR1,TSRYS5802848,D,S,T,2024-05-30,1000000.00,4.774242,99.25
08:00:33,91282CKR1,TSRYS5802848,D,S,T,2024-05-30,1000000.00,4.77568,99.24609375
08:00:33,91282CKR1,TSRYS5802848,D,S,T,2024-05-30,2000000.00,4.774961,99.248046875
08:00:33,91282CKR1,TSRYS5802848,D,S,T,2024-05-30,1000000.00,4.774961,99.248046875
08:00:33,91282CKR1,TSRYS5802848,D,S,T,2024-05-30,1000000.00,4.777839,99.240234375
08:00:33,91282CKR1,TSRYS5802848,D,S,T,2024-05-30,1000000.00,4.777119,99.2421875
08:00:33,91282CKR1,TSRYS5802848,D,S,T,2024-05-30,1000000.00,4.770645,99.259765625
08:00:33,91282CKR1,TSRYS5802848,D,S,T,2024-05-30,1000000.00,4.772803,99.25390625
08:00:33,91282CKR1,TSRYS5802848,D,S,T,2024-05-30,1000000.00,4.772803,99.25390625
08:00:33,91282CKR1,TSRYS5802848,D,S,T,2024-05-30,1000000.00,4.772803,99.25390625
08:00:33,91282CKR1,TSRYS5802848,D,S,T,2024-05-30,1000000.00,4.772803,99.25390625
08:00:33,91282CKR1,TSRYS5802848,D,S,T,2024-05-30,1000000.00,4.772803,99.25390625
08:00:33,91282CKR1,TSRYS5802848,D,S,T,2024-05-30,1000000.00,4.772803,99.25390625
08:00:33,91282CKR1,TSRYS5802848,D,S,T,2024-05-30,1000000.00,4.772803,99.25390625
08:00:33,91282CKR1,TSRYS5802848,D,S,T,2024-05-30,1000000.00,4.772803,99.25390625
08:00:33,91282CKR1,TSRYS5802848,D,S,T,2024-05-30,1000000.00,4.772803,99.25390625
08:00:33,91282CKR1,TSRYS5802848,D,S,T,2024-05-30,1000000.00,4.771365,99.2578125
08:00:33,91282CKR1,TSRYS5802848,D,S,T,2024-05-30,1000000.00,4.772084,99.255859375
08:00:33,91282CKR1,TSRYS5802848,D,S,T,2024-05-30,2000000.00,4.772084,99.255859375
08:00:33,91282CKR1,TSRYS5802848,D,S,T,2024-05-30,1000000.00,4.772084,99.255859375
08:00:33,91282CKR1,TSRYS5802848,D,S,D,2024-05-30,1000000.00,4.803029,99.171875
08:00:33,91282CKR1,TSRYS5802848,D,S,T,2024-05-30,1000000.00,4.79439,99.1953125
08:00:33,91282CKR1,TSRYS5802848,D,S,T,2024-05-30,1000000.00,4.79439,99.1953125
08:00:33,91282CKR1,TSRYS5802848,D,S,T,2024-05-30,4000000.00,4.777119,99.2421875
08:00:33,91282CKR1,TSRYS5802848,D,S,T,2024-05-30,1000000.00,4.77568,99.24609375
08:00:34,91282CKR1,TSRYS5802848,D,S,T,2024-05-30,1000000.00,4.796549,99.189453125
08:00:34,91282CKR1,TSRYS5802848,D,S,T,2024-05-30,1000000.00,4.798709,99.18359375
08:00:34,91282CKR1,TSRYS5802848,D,S,T,2024-05-30,1000000.00,4.801589,99.17578125
08:00:34,91282CKR1,TSRYS5802848,D,S,T,2024-05-30,1000000.00,4.79439,99.1953125
08:00:34,91282CKR1,TSRYS5802848,D,S,T,2024-05-30,1000000.00,4.791511,99.203125
08:00:34,91282CKR1,TSRYS5802848,D,S,T,2024-05-30,1000000.00,4.79295,99.19921875
08:00:34,91282CKR1,TSRYS5802848,D,S,T,2024-05-30,1000000.00,4.790071,99.20703125
08:00:34,91282CKR1,TSRYS5802848,D,S,T,2024-05-30,1000000.00,4.783594,99.224609375
08:00:34,91282CKR1,TSRYS5802848,D,S,T,2024-05-30,1000000.00,4.782875,99.2265625
08:00:34,91282CKR1,TSRYS5802848,D,S,T,2024-05-30,1000000.00,4.782875,99.2265625
08:00:34,91282CKR1,TSRYS5802848,D,S,T,2024-05-30,1000000.00,4.777119,99.2421875
08:00:34,91282CKR1,TSRYS5802848,D,S,T,2024-05-30,1000000.00,4.77568,99.24609375
08:00:34,91282CKR1,TSRYS5802848,D,S,T,2024-05-30,1000000.00,4.774242,99.25
08:00:34,91282CKR1,TSRYS5802848,D,S,C,2024-05-30,5000000.00,4.768488,99.265625
08:00:34,91282CKR1,TSRYS5802848,D,B,C,2024-05-30,5000000.00,4.77568,99.24609375
08:00:34,91282CKR1,TSRYS5802848,D,S,T,2024-05-30,1000000.00,4.777839,99.240234375
08:00:34,91282CKR1,TSRYS5802848,D,S,T,2024-05-30,1000000.00,4.777839,99.240234375
08:00:34,91282CKR1,TSRYS5802848,D,S,T,2024-05-30,1000000.00,4.773522,99.251953125
08:00:34,91282CKR1,TSRYS5802848,D,S,T,2024-05-30,1000000.00,4.772803,99.25390625
08:00:34,91282CKR1,TSRYS5802848,D,S,T,2024-05-30,1000000.00,4.769926,99.26171875
08:00:39,91282CKR1,TSRYS5802848,D,S,D,2024-05-30,1000000.00,4.797269,99.1875
08:00:40,91282CKR1,TSRYS5802848,D,S,T,2024-05-30,1000000.00,4.800149,99.1796875
08:00:40,91282CKR1,TSRYS5802848,D,S,T,2024-05-30,1000000.00,4.800149,99.1796875
08:00:41,91282CKR1,TSRYS5802848,D,S,T,2024-05-30,3000000.00,4.771401,99.2577125
08:00:41,91282CKR1,TSRYS5802848,D,B,A,2024-05-30,492000.00,4.798709,99.18359375
08:00:41,91282CKR1,TSRYS5802848,D,S,A,2024-05-30,4700000.00,4.798709,99.18359375
08:00:41,91282CKR1,TSRYS5802848,D,S,T,2024-05-30,1000000.00,4.77568,99.24609375
08:00:41,91282CKR1,TSRYS5802848,D,S,T,2024-05-30,1000000.00,4.77568,99.24609375
08:00:41,91282CKR1,TSRYS5802848,D,S,T,2024-05-30,1000000.00,4.77568,99.24609375
08:00:41,91282CKR1,TSRYS5802848,D,S,T,2024-05-30,1000000.00,4.77568,99.24609375
08:00:41,91282CKR1,TSRYS5802848,D,S,T,2024-05-30,1000000.00,4.77568,99.24609375
08:00:41,91282CKR1,TSRYS5802848,D,S,T,2024-05-30,1000000.00,4.77568,99.24609375
08:00:41,91282CKR1,TSRYS5802848,D,S,T,2024-05-30,1000000.00,4.77568,99.24609375
08:00:41,91282CKR1,TSRYS5802848,D,S,D,2024-05-30,2000000.00,4.790071,99.20703125
08:00:41,91282CKR1,TSRYS5802848,D,S,D,2024-05-30,1000000.00,4.790071,99.20703125
08:00:41,91282CKR1,TSRYS5802848,D,S,D,2024-05-30,7000000.00,4.790071,99.20703125
08:00:41,91282CKR1,TSRYS5802848,D,S,D,2024-05-30,1000000.00,4.790071,99.20703125
08:00:41,91282CKR1,TSRYS5802848,D,S,D,2024-05-30,1000000.00,4.790071,99.20703125
08:00:41,91282CKR1,TSRYS5802848,D,S,D,2024-05-30,7000000.00,4.790071,99.20703125
08:00:41,91282CKR1,TSRYS5802848,D,S,D,2024-05-30,4000000.00,4.790071,99.20703125
08:00:41,91282CKR1,TSRYS5802848,D,S,D,2024-05-30,2000000.00,4.790071,99.20703125
08:00:41,91282CKR1,TSRYS5802848,D,S,D,2024-05-30,1000000.00,4.790071,99.20703125
08:00:41,91282CKR1,TSRYS5802848,D,S,D,2024-05-30,7000000.00,4.790071,99.20703125
08:00:42,91282CKR1,TSRYS5802848,D,S,A,2024-05-30,10000000.00,4.788632,99.2109375
08:00:42,91282CKR1,TSRYS5802848,D,S,D,2024-05-30,2000000.00,4.790071,99.20703125
08:00:42,91282CKR1,TSRYS5802848,D,S,D,2024-05-30,1000000.00,4.790071,99.20703125
08:00:42,91282CKR1,TSRYS5802848,D,S,T,2024-05-30,1000000.00,4.798709,99.18359375
08:00:42,91282CKR1,TSRYS5802848,D,S,T,2024-05-30,1000000.00,4.798709,99.18359375
08:00:42,91282CKR1,TSRYS5802848,D,S,D,2024-05-30,3000000.00,4.790071,99.20703125
08:00:42,91282CKR1,TSRYS5802848,D,S,T,2024-05-30,1000000.00,4.798709,99.18359375
08:00:42,91282CKR1,TSRYS5802848,D,S,C,2024-05-30,2100000.00,4.800149,99.1796875
08:00:42,91282CKR1,TSRYS5802848,D,S,A,2024-05-30,450000.00,4.800149,99.1796875
08:00:43,91282CKR1,TSRYS5802848,D,S,T,2024-05-30,1000000.00,4.79439,99.1953125
08:00:43,91282CKR1,TSRYS5802848,D,S,T,2024-05-30,1000000.00,4.79439,99.1953125
08:00:43,91282CKR1,TSRYS5802848,D,S,T,2024-05-30,1000000.00,4.791511,99.203125
08:00:43,91282CKR1,TSRYS5802848,D,S,T,2024-05-30,1000000.00,4.791511,99.203125
08:00:43,91282CKR1,TSRYS5802848,D,S,T,2024-05-30,1000000.00,4.791511,99.203125
08:00:43,91282CKR1,TSRYS5802848,D,S,T,2024-05-30,1000000.00,4.79295,99.19921875
08:00:43,91282CKR1,TSRYS5802848,D,S,D,2024-05-30,1000000.00,4.790071,99.20703125
08:00:43,91282CKR1,TSRYS5802848,D,S,T,2024-05-30,1000000.00,4.790071,99.20703125
08:00:43,91282CKR1,TSRYS5802848,D,S,T,2024-05-30,1000000.00,4.790071,99.20703125
08:00:43,91282CKR1,TSRYS5802848,D,S,D,2024-05-30,1000000.00,4.790071,99.20703125
08:00:43,91282CKR1,TSRYS5802848,D,S,T,2024-05-30,1000000.00,4.790071,99.20703125
08:00:43,91282CKR1,TSRYS5802848,D,S,D,2024-05-30,1000000.00,4.790071,99.20703125
08:00:43,91282CKR1,TSRYS5802848,D,S,D,2024-05-30,1000000.00,4.790071,99.20703125
08:00:43,91282CKR1,TSRYS5802848,D,S,T,2024-05-30,1000000.00,4.790071,99.20703125
08:00:43,91282CKR1,TSRYS5802848,D,S,T,2024-05-30,1000000.00,4.790071,99.20703125
08:00:43,91282CKR1,TSRYS5802848,D,S,T,2024-05-30,1000000.00,4.790071,99.20703125
08:00:43,91282CKR1,TSRYS5802848,D,S,D,2024-05-30,1000000.00,4.790071,99.20703125
08:00:43,91282CKR1,TSRYS5802848,D,S,T,2024-05-30,1000000.00,4.791511,99.203125
08:00:43,91282CKR1,TSRYS5802848,D,S,T,2024-05-30,1000000.00,4.788632,99.2109375
08:00:43,91282CKR1,TSRYS5802848,D,S,T,2024-05-30,1000000.00,4.782875,99.2265625
08:00:43,91282CKR1,TSRYS5802848,D,S,T,2024-05-30,1000000.00,4.782875,99.2265625
08:00:43,91282CKR1,TSRYS5802848,D,S,T,2024-05-30,1000000.00,4.782875,99.2265625
08:00:43,91282CKR1,TSRYS5802848,D,S,T,2024-05-30,1000000.00,4.787192,99.21484375
08:00:43,91282CKR1,TSRYS5802848,D,S,D,2024-05-30,4000000.00,4.784314,99.22265625
08:00:43,91282CKR1,TSRYS5802848,D,S,D,2024-05-30,4000000.00,4.784314,99.22265625
08:00:43,91282CKR1,TSRYS5802848,D,S,D,2024-05-30,4000000.00,4.784314,99.22265625
08:00:43,91282CKR1,TSRYS5802848,D,S,D,2024-05-30,1000000.00,4.784314,99.22265625
08:00:43,91282CKR1,TSRYS5802848,D,S,D,2024-05-30,2000000.00,4.784314,99.22265625
08:00:43,91282CKR1,TSRYS5802848,D,S,T,2024-05-30,1000000.00,4.781436,99.23046875
08:00:43,91282CKR1,TSRYS5802848,D,S,T,2024-05-30,1000000.00,4.779997,99.234375
08:00:44,91282CKR1,TSRYS5802848,D,B,C,2024-05-30,5071000.00,4.768488,99.265625
08:00:44,91282CKR1,TSRYS5802848,D,S,D,2024-05-30,1000000.00,4.786473,99.216796875
08:00:44,91282CKR1,TSRYS5802848,D,S,T,2024-05-30,1000000.00,4.772803,99.25390625
08:00:44,91282CKR1,TSRYS5802848,D,S,A,2024-05-30,15000000.00,4.785753,99.21875
08:00:44,91282CKR1,TSRYS5802848,D,B,A,2024-05-30,21000000.00,4.778558,99.23828125
08:00:44,91282CKR1,TSRYS5802848,D,S,A,2024-05-30,2300000.00,4.77568,99.24609375
08:00:44,91282CKR1,TSRYS5802848,D,S,A,2024-05-30,197000.00,4.772803,99.25390625
08:00:44,91282CKR1,TSRYS5802848,D,S,A,2024-05-30,1000000.00,4.774242,99.25
08:00:44,91282CKR1,TSRYS5802848,D,S,A,2024-05-30,3000000.00,4.774242,99.25
08:00:44,91282CKR1,TSRYS5802848,D,S,A,2024-05-30,1000000.00,4.774242,99.25
08:00:44,91282CKR1,TSRYS5802848,D,S,D,2024-05-30,48000000.00,4.775512,99.24655
08:00:44,91282CKR1,TSRYS5802848,D,S,T,2024-05-30,1000000.00,4.77568,99.24609375
08:00:44,91282CKR1,TSRYS5802848,D,S,A,2024-05-30,3456000.00,4.777119,99.2421875
08:00:44,91282CKR1,TSRYS5802848,D,S,D,2024-05-30,4000000.00,4.777119,99.2421875
08:00:44,91282CKR1,TSRYS5802848,D,S,D,2024-05-30,15000000.00,4.784314,99.22265625
08:00:45,91282CKR1,TSRYS5802848,D,B,A,2024-05-30,3700000.00,4.777119,99.2421875
08:00:45,91282CKR1,TSRYS5802848,D,S,D,2024-05-30,2000000.00,4.782875,99.2265625
08:00:45,91282CKR1,TSRYS5802848,D,S,D,2024-05-30,2000000.00,4.783594,99.224609375
08:00:45,91282CKR1,TSRYS5802848,D,S,D,2024-05-30,2000000.00,4.782875,99.2265625
08:00:45,91282CKR1,TSRYS5802848,D,S,D,2024-05-30,1000000.00,4.784314,99.22265625
08:00:45,91282CKR1,TSRYS5802848,D,S,D,2024-05-30,1000000.00,4.784314,99.22265625
08:00:45,91282CKR1,TSRYS5802848,D,S,D,2024-05-30,2000000.00,4.772803,99.25390625
08:00:45,91282CKR1,TSRYS5802848,D,S,A,2024-05-30,1000000.00,4.77568,99.24609375
08:00:45,91282CKR1,TSRYS5802848,D,S,T,2024-05-30,1000000.00,4.769926,99.26171875
08:00:45,91282CKR1,TSRYS5802848,D,S,D,2024-05-30,1000000.00,4.772803,99.25390625
08:00:45,91282CKR1,TSRYS5802848,D,S,C,2024-05-30,1010000.00,4.774242,99.25
08:00:45,91282CKR1,TSRYS5802848,D,S,T,2024-05-30,1000000.00,4.771365,99.2578125
08:00:45,91282CKR1,TSRYS5802848,D,B,C,2024-05-30,2762000.00,4.772803,99.25390625
08:00:45,91282CKR1,TSRYS5802848,D,S,D,2024-05-30,3450000.00,4.772803,99.25390625
08:00:46,91282CKR1,TSRYS5802848,D,S,D,2024-05-30,2000000.00,4.783594,99.224609375
08:00:46,91282CKR1,TSRYS5802848,D,S,D,2024-05-30,2000000.00,4.782875,99.2265625
08:00:46,91282CKR1,TSRYS5802848,D,S,D,2024-05-30,1000000.00,4.77568,99.24609375
08:00:46,91282CKR1,TSRYS5802848,D,S,D,2024-05-30,1000000.00,4.774961,99.248046875
08:00:46,91282CKR1,TSRYS5802848,D,S,T,2024-05-30,2000000.00,4.777839,99.240234375
08:00:47,91282CKR1,TSRYS5802848,D,B,C,2024-05-30,11051000.00,4.778558,99.23828125
08:00:47,91282CKR1,TSRYS5802848,D,S,T,2024-05-30,1000000.00,4.778558,99.23828125
08:00:47,91282CKR1,TSRYS5802848,D,S,T,2024-05-30,1000000.00,4.778558,99.23828125
08:00:47,91282CKR1,TSRYS5802848,D,S,T,2024-05-30,1000000.00,4.778558,99.23828125
08:00:47,91282CKR1,TSRYS5802848,D,S,T,2024-05-30,1000000.00,4.777839,99.240234375
08:00:47,91282CKR1,TSRYS5802848,D,S,D,2024-05-30,1000000.00,4.779277,99.236328125
08:00:47,91282CKR1,TSRYS5802848,D,S,T,2024-05-30,4000000.00,4.777119,99.2421875
08:00:47,91282CKR1,TSRYS5802848,D,S,T,2024-05-30,1000000.00,4.777119,99.2421875
08:00:47,91282CKR1,TSRYS5802848,D,S,T,2024-05-30,1000000.00,4.777119,99.2421875
08:00:48,91282CKR1,TSRYS5802848,D,S,T,2024-05-30,4000000.00,4.782875,99.2265625
08:00:48,91282CKR1,TSRYS5802848,D,S,D,2024-05-30,1000000.00,4.778558,99.23828125
08:00:48,91282CKR1,TSRYS5802848,D,S,T,2024-05-30,5000000.00,4.772803,99.25390625
08:00:48,91282CKR1,TSRYS5802848,D,S,T,2024-05-30,3000000.00,4.772803,99.25390625
08:00:48,91282CKR1,TSRYS5802848,D,S,D,2024-05-30,1000000.00,4.778558,99.23828125
08:00:48,91282CKR1,TSRYS5802848,D,S,D,2024-05-30,1000000.00,4.7764,99.244140625
08:00:48,91282CKR1,TSRYS5802848,D,S,D,2024-05-30,1000000.00,4.785753,99.21875
08:00:49,91282CKR1,TSRYS5802848,D,S,T,2024-05-30,1000000.00,4.800149,99.1796875
08:00:49,91282CKR1,TSRYS5802848,D,S,A,2024-05-30,500000.00,4.79439,99.1953125
08:00:50,91282CKR1,TSRYS5802848,D,S,D,2024-05-30,1000000.00,4.777119,99.2421875
08:00:50,91282CKR1,TSRYS5802848,D,S,D,2024-05-30,1000000.00,4.777119,99.2421875
08:00:50,91282CKR1,TSRYS5802848,D,S,D,2024-05-30,1000000.00,4.777119,99.2421875
08:00:51,91282CKR1,TSRYS5802848,D,S,A,2024-05-30,7000000.00,4.790071,99.20703125
08:00:51,91282CKR1,TSRYS5802848,D,S,A,2024-05-30,350000.00,4.785753,99.21875
08:00:52,91282CKR1,TSRYS5802848,D,S,D,2024-05-30,1000000.00,4.777119,99.2421875
08:00:52,91282CKR1,TSRYS5802848,D,S,D,2024-05-30,2000000.00,4.777119,99.2421875
08:00:52,91282CKR1,TSRYS5802848,D,S,D,2024-05-30,5000000.00,4.777119,99.2421875
08:00:52,91282CKR1,TSRYS5802848,D,S,T,2024-05-30,1000000.00,4.781436,99.23046875
08:00:52,91282CKR1,TSRYS5802848,D,S,A,2024-05-30,800000.00,4.779997,99.234375
08:00:52,91282CKR1,TSRYS5802848,D,S,D,2024-05-30,1000000.00,4.777119,99.2421875
08:00:52,91282CKR1,TSRYS5802848,D,S,D,2024-05-30,1000000.00,4.777119,99.2421875
08:00:52,91282CKR1,TSRYS5802848,D,S,T,2024-05-30,1000000.00,4.777119,99.2421875
08:00:52,91282CKR1,TSRYS5802848,D,S,D,2024-05-30,1000000.00,4.777119,99.2421875
08:00:52,91282CKR1,TSRYS5802848,D,S,D,2024-05-30,4000000.00,4.777119,99.2421875
08:00:52,91282CKR1,TSRYS5802848,D,S,T,2024-05-30,1000000.00,4.777839,99.240234375
08:00:52,91282CKR1,TSRYS5802848,D,S,D,2024-05-30,6000000.00,4.777119,99.2421875
08:00:52,91282CKR1,TSRYS5802848,D,S,D,2024-05-30,1000000.00,4.777119,99.2421875
08:00:53,91282CKR1,TSRYS5802848,D,S,D,2024-05-30,2000000.00,4.777119,99.2421875
08:00:53,91282CKR1,TSRYS5802848,D,S,D,2024-05-30,2000000.00,4.7764,99.244140625
08:00:53,91282CKR1,TSRYS5802848,D,S,D,2024-05-30,1000000.00,4.77568,99.24609375
08:00:53,91282CKR1,TSRYS5802848,D,S,D,2024-05-30,4000000.00,4.77568,99.24609375
08:00:53,91282CKR1,TSRYS5802848,D,S,D,2024-05-30,2000000.00,4.77568,99.24609375
08:00:53,91282CKR1,TSRYS5802848,D,S,D,2024-05-30,3000000.00,4.77568,99.24609375
08:00:53,91282CKR1,TSRYS5802848,D,S,D,2024-05-30,2000000.00,4.77568,99.24609375
08:00:53,91282CKR1,TSRYS5802848,D,S,D,2024-05-30,3000000.00,4.77568,99.24609375
08:00:53,91282CKR1,TSRYS5802848,D,S,D,2024-05-30,1000000.00,4.777119,99.2421875
08:00:53,91282CKR1,TSRYS5802848,D,S,D,2024-05-30,2000000.00,4.777119,99.2421875
08:00:53,91282CKR1,TSRYS5802848,D,S,D,2024-05-30,4000000.00,4.777119,99.2421875
08:00:53,91282CKR1,TSRYS5802848,D,S,D,2024-05-30,3000000.00,4.777119,99.2421875
08:00:53,91282CKR1,TSRYS5802848,D,S,D,2024-05-30,5000000.00,4.777119,99.2421875
08:00:54,91282CKR1,TSRYS5802848,D,S,T,2024-05-30,1000000.00,4.774242,99.25
08:00:54,91282CKR1,TSRYS5802848,D,S,T,2024-05-30,1000000.00,4.774242,99.25
08:00:54,91282CKR1,TSRYS5802848,D,S,D,2024-05-30,6000000.00,4.773522,99.251953125
08:00:54,91282CKR1,TSRYS5802848,D,S,T,2024-05-30,1000000.00,4.774242,99.25
08:00:54,91282CKR1,TSRYS5802848,D,S,T,2024-05-30,2000000.00,4.774242,99.25
08:00:55,91282CKR1,TSRYS5802848,D,S,T,2024-05-30,1000000.00,4.774242,99.25
08:00:55,91282CKR1,TSRYS5802848,D,S,T,2024-05-30,1000000.00,4.772803,99.25390625
08:00:55,91282CKR1,TSRYS5802848,D,S,T,2024-05-30,1000000.00,4.772803,99.25390625
08:00:55,91282CKR1,TSRYS5802848,D,S,D,2024-05-30,1000000.00,4.774242,99.25
08:00:56,91282CKR1,TSRYS5802848,D,S,D,2024-05-30,1000000.00,4.77568,99.24609375
08:00:56,91282CKR1,TSRYS5802848,D,S,D,2024-05-30,1000000.00,4.77568,99.24609375
08:00:56,91282CKR1,TSRYS5802848,D,S,D,2024-05-30,1000000.00,4.77568,99.24609375
08:00:56,91282CKR1,TSRYS5802848,D,S,D,2024-05-30,1000000.00,4.77568,99.24609375
08:00:56,91282CKR1,TSRYS5802848,D,S,T,2024-05-30,5000000.00,4.777839,99.240234375
08:00:56,91282CKR1,TSRYS5802848,D,B,A,2024-05-30,190000.00,4.77568,99.24609375
08:00:56,91282CKR1,TSRYS5802848,D,B,A,2024-05-30,99775000.00,4.781436,99.23046875
08:00:56,91282CKR1,TSRYS5802848,D,S,D,2024-05-30,1000000.00,4.777119,99.2421875
08:00:56,91282CKR1,TSRYS5802848,D,S,D,2024-05-30,5000000.00,4.774961,99.248046875
08:00:56,91282CKR1,TSRYS5802848,D,S,D,2024-05-30,1000000.00,4.774961,99.248046875
08:00:56,91282CKR1,TSRYS5802848,D,S,D,2024-05-30,1000000.00,4.774961,99.248046875
08:00:56,91282CKR1,TSRYS5802848,D,S,D,2024-05-30,1000000.00,4.774961,99.248046875
08:00:56,91282CKR1,TSRYS5802848,D,S,D,2024-05-30,2000000.00,4.774961,99.248046875
08:00:57,91282CKR1,TSRYS5802848,D,S,D,2024-05-30,1000000.00,4.774961,99.248046875
08:00:57,91282CKR1,TSRYS5802848,D,S,D,2024-05-30,3000000.00,4.7764,99.244140625
08:00:57,91282CKR1,TSRYS5802848,D,S,D,2024-05-30,3000000.00,4.7764,99.244140625
08:00:57,91282CKR1,TSRYS5802848,D,S,T,2024-05-30,3000000.00,4.777119,99.2421875
08:00:57,91282CKR1,TSRYS5802848,D,S,T,2024-05-30,1000000.00,4.777119,99.2421875
08:00:57,91282CKR1,TSRYS5802848,D,S,D,2024-05-30,2000000.00,4.774242,99.25
08:00:57,91282CKR1,TSRYS5802848,D,S,D,2024-05-30,4000000.00,4.77568,99.24609375
08:00:57,91282CKR1,TSRYS5802848,D,S,D,2024-05-30,6000000.00,4.774242,99.25
08:00:57,91282CKR1,TSRYS5802848,D,S,T,2024-05-30,1000000.00,4.772803,99.25390625
08:00:57,91282CKR1,TSRYS5802848,D,S,A,2024-05-30,13000000.00,4.774242,99.25
08:00:58,91282CKR1,TSRYS5802848,D,S,T,2024-05-30,2000000.00,4.772084,99.255859375
08:00:58,91282CKR1,TSRYS5802848,D,S,D,2024-05-30,1000000.00,4.774242,99.25
08:00:58,91282CKR1,TSRYS5802848,D,S,D,2024-05-30,1000000.00,4.774242,99.25
08:00:58,91282CKR1,TSRYS5802848,D,S,D,2024-05-30,1000000.00,4.774242,99.25
08:00:58,91282CKR1,TSRYS5802848,D,S,C,2024-05-30,3000000.00,4.77568,99.24609375
08:00:58,91282CKR1,TSRYS5802848,D,B,C,2024-05-30,3000000.00,4.77568,99.24609375
08:00:59,91282CKR1,TSRYS5802848,D,S,C,2024-05-30,2000000.00,4.7764,99.244140625
08:00:59,91282CKR1,TSRYS5802848,D,S,C,2024-05-30,1000000.00,4.7764,99.244140625
08:01:00,91282CKR1,TSRYS5802848,D,S,D,2024-05-30,2000000.00,4.797269,99.1875
08:01:00,91282CKR1,TSRYS5802848,D,S,D,2024-05-30,1000000.00,4.777119,99.2421875
08:01:00,91282CKR1,TSRYS5802848,D,S,D,2024-05-30,1000000.00,4.777119,99.2421875
08:01:00,91282CKR1,TSRYS5802848,D,S,D,2024-05-30,1000000.00,4.777119,99.2421875
08:01:00,91282CKR1,TSRYS5802848,D,S,D,2024-05-30,1000000.00,4.79439,99.1953125
08:01:00,91282CKR1,TSRYS5802848,D,S,D,2024-05-30,2000000.00,4.79439,99.1953125
08:01:00,91282CKR1,TSRYS5802848,D,S,D,2024-05-30,1000000.00,4.79439,99.1953125
08:01:00,91282CKR1,TSRYS5802848,D,S,D,2024-05-30,1000000.00,4.795829,99.19140625
08:01:00,91282CKR1,TSRYS5802848,D,S,D,2024-05-30,1000000.00,4.795829,99.19140625
08:01:00,91282CKR1,TSRYS5802848,D,S,C,2024-05-30,1000000.00,4.795829,99.19140625
08:01:00,91282CKR1,TSRYS5802848,D,S,D,2024-05-30,1000000.00,4.777119,99.2421875
08:01:00,91282CKR1,TSRYS5802848,D,S,D,2024-05-30,1000000.00,4.777119,99.2421875
08:01:00,91282CKR1,TSRYS5802848,D,S,D,2024-05-30,1000000.00,4.777119,99.2421875
08:01:00,91282CKR1,TSRYS5802848,D,S,D,2024-05-30,1000000.00,4.777119,99.2421875
08:01:00,91282CKR1,TSRYS5802848,D,S,D,2024-05-30,1000000.00,4.777119,99.2421875
08:01:00,91282CKR1,TSRYS5802848,D,S,D,2024-05-30,1000000.00,4.77568,99.24609375
08:01:00,91282CKR1,TSRYS5802848,D,S,C,2024-05-30,1000000.00,4.795829,99.19140625
08:01:00,91282CKR1,TSRYS5802848,D,S,D,2024-05-30,2000000.00,4.795829,99.19140625
08:01:00,91282CKR1,TSRYS5802848,D,S,C,2024-05-30,2000000.00,4.795829,99.19140625
08:01:00,91282CKR1,TSRYS5802848,D,S,D,2024-05-30,2000000.00,4.771365,99.2578125
08:01:00,91282CKR1,TSRYS5802848,D,S,D,2024-05-30,2000000.00,4.795829,99.19140625
08:01:00,91282CKR1,TSRYS5802848,D,S,D,2024-05-30,2000000.00,4.771365,99.2578125
08:01:00,91282CKR1,TSRYS5802848,D,S,D,2024-05-30,1000000.00,4.771365,99.2578125
08:01:00,91282CKR1,TSRYS5802848,D,S,C,2024-05-30,2000000.00,4.795829,99.19140625
08:01:00,91282CKR1,TSRYS5802848,D,S,C,2024-05-30,2000000.00,4.795829,99.19140625
08:01:00,91282CKR1,TSRYS5802848,D,S,T,2024-05-30,3000000.00,4.771365,99.2578125
08:01:00,91282CKR1,TSRYS5802848,D,S,C,2024-05-30,1000000.00,4.795829,99.19140625
08:01:00,91282CKR1,TSRYS5802848,D,S,T,2024-05-30,1000000.00,4.771365,99.2578125
08:01:00,91282CKR1,TSRYS5802848,D,S,C,2024-05-30,1000000.00,4.795829,99.19140625
08:01:00,91282CKR1,TSRYS5802848,D,S,C,2024-05-30,1000000.00,4.795829,99.19140625
08:01:00,91282CKR1,TSRYS5802848,D,S,T,2024-05-30,2000000.00,4.772084,99.255859375
08:01:00,91282CKR1,TSRYS5802848,D,S,T,2024-05-30,8000000.00,4.772084,99.255859375
08:01:00,91282CKR1,TSRYS5802848,D,S,T,2024-05-30,2000000.00,4.772084,99.255859375
08:01:00,91282CKR1,TSRYS5802848,D,S,D,2024-05-30,1000000.00,4.79439,99.1953125
08:01:00,91282CKR1,TSRYS5802848,D,S,D,2024-05-30,1000000.00,4.79439,99.1953125
08:01:00,91282CKR1,TSRYS5802848,D,S,D,2024-05-30,2000000.00,4.79439,99.1953125
08:01:00,91282CKR1,TSRYS5802848,D,S,D,2024-05-30,1000000.00,4.79439,99.1953125
08:01:00,91282CKR1,TSRYS5802848,D,S,D,2024-05-30,1000000.00,4.79439,99.1953125
08:01:00,91282CKR1,TSRYS5802848,D,S,D,2024-05-30,1000000.00,4.79439,99.1953125
08:01:00,91282CKR1,TSRYS5802848,D,S,D,2024-05-30,1000000.00,4.79439,99.1953125
08:01:00,91282CKR1,TSRYS5802848,D,S,D,2024-05-30,1000000.00,4.772084,99.255859375
08:01:00,91282CKR1,TSRYS5802848,D,S,D,2024-05-30,2000000.00,4.797269,99.1875
08:01:00,91282CKR1,TSRYS5802848,D,S,D,2024-05-30,2000000.00,4.772084,99.255859375
08:01:00,91282CKR1,TSRYS5802848,D,S,D,2024-05-30,1000000.00,4.797269,99.1875
08:01:00,91282CKR1,TSRYS5802848,D,S,D,2024-05-30,1000000.00,4.797269,99.1875
08:01:00,91282CKR1,TSRYS5802848,D,S,D,2024-05-30,1000000.00,4.797269,99.1875
08:01:00,91282CKR1,TSRYS5802848,D,S,D,2024-05-30,2000000.00,4.772084,99.255859375
08:01:00,91282CKR1,TSRYS5802848,D,S,D,2024-05-30,1000000.00,4.797269,99.1875
08:01:00,91282CKR1,TSRYS5802848,D,S,D,2024-05-30,1000000.00,4.797269,99.1875
08:01:00,91282CKR1,TSRYS5802848,D,S,D,2024-05-30,1000000.00,4.772084,99.255859375
08:01:00,91282CKR1,TSRYS5802848,D,S,D,2024-05-30,1000000.00,4.797269,99.1875
08:01:01,91282CKR1,TSRYS5802848,D,S,T,2024-05-30,1000000.00,4.772803,99.25390625
08:01:01,91282CKR1,TSRYS5802848,D,S,T,2024-05-30,4000000.00,4.772803,99.25390625
08:01:01,91282CKR1,TSRYS5802848,D,S,T,2024-05-30,2000000.00,4.772084,99.255859375
08:01:01,91282CKR1,TSRYS5802848,D,S,T,2024-05-30,2000000.00,4.772084,99.255859375
08:01:01,91282CKR1,TSRYS5802848,D,S,D,2024-05-30,1000000.00,4.770645,99.259765625
08:01:01,91282CKR1,TSRYS5802848,D,S,D,2024-05-30,2000000.00,4.771365,99.2578125
08:01:01,91282CKR1,TSRYS5802848,D,S,D,2024-05-30,1000000.00,4.771365,99.2578125
08:01:01,91282CKR1,TSRYS5802848,D,S,D,2024-05-30,1000000.00,4.771365,99.2578125
08:01:02,91282CKR1,TSRYS5802848,D,S,T,2024-05-30,1000000.00,4.771365,99.2578125
08:01:02,91282CKR1,TSRYS5802848,D,S,T,2024-05-30,1000000.00,4.771365,99.2578125
08:01:02,91282CKR1,TSRYS5802848,D,S,T,2024-05-30,1000000.00,4.771365,99.2578125
08:01:02,91282CKR1,TSRYS5802848,D,S,T,2024-05-30,2000000.00,4.771365,99.2578125
08:01:02,91282CKR1,TSRYS5802848,D,S,T,2024-05-30,3000000.00,4.774242,99.25
08:01:02,91282CKR1,TSRYS5802848,D,S,T,2024-05-30,1000000.00,4.77429,99.24987
08:01:02,91282CKR1,TSRYS5802848,D,S,T,2024-05-30,9000000.00,4.774242,99.25
08:01:02,91282CKR1,TSRYS5802848,D,S,T,2024-05-30,1000000.00,4.77429,99.24987
08:01:02,91282CKR1,TSRYS5802848,D,S,T,2024-05-30,1000000.00,4.77429,99.24987
08:01:02,91282CKR1,TSRYS5802848,D,S,D,2024-05-30,1000000.00,4.7764,99.244140625
08:01:02,91282CKR1,TSRYS5802848,D,S,T,2024-05-30,4000000.00,4.774242,99.25
08:01:02,91282CKR1,TSRYS5802848,D,S,T,2024-05-30,1000000.00,4.77429,99.24987
08:01:02,91282CKR1,TSRYS5802848,D,S,T,2024-05-30,1000000.00,4.77429,99.24987
08:01:02,91282CKR1,TSRYS5802848,D,S,T,2024-05-30,2000000.00,4.77429,99.24987
08:01:02,91282CKR1,TSRYS5802848,D,S,T,2024-05-30,2000000.00,4.77429,99.24987
08:01:03,91282CKR1,TSRYS5802848,D,S,T,2024-05-30,2000000.00,4.77429,99.24987
08:01:03,91282CKR1,TSRYS5802848,D,S,T,2024-05-30,1000000.00,4.77429,99.24987
08:01:03,91282CKR1,TSRYS5802848,D,S,T,2024-05-30,1000000.00,4.77429,99.24987
08:01:03,91282CKR1,TSRYS5802848,D,S,T,2024-05-30,1000000.00,4.77429,99.24987
08:01:03,91282CKR1,TSRYS5802848,D,S,T,2024-05-30,8000000.00,4.774242,99.25
08:01:03,91282CKR1,TSRYS5802848,D,S,T,2024-05-30,5000000.00,4.774242,99.25
08:01:04,91282CKR1,TSRYS5802848,D,S,D,2024-05-30,2000000.00,4.77568,99.24609375
08:01:04,91282CKR1,TSRYS5802848,D,S,D,2024-05-30,1000000.00,4.77568,99.24609375
08:01:04,91282CKR1,TSRYS5802848,D,S,D,2024-05-30,2000000.00,4.774961,99.248046875
08:01:04,91282CKR1,TSRYS5802848,D,S,D,2024-05-30,2000000.00,4.774961,99.248046875
08:01:04,91282CKR1,TSRYS5802848,D,S,T,2024-05-30,5000000.00,4.774242,99.25
08:01:04,91282CKR1,TSRYS5802848,D,S,T,2024-05-30,1000000.00,4.774242,99.25
08:01:04,91282CKR1,TSRYS5802848,D,S,T,2024-05-30,9000000.00,4.774242,99.25
08:01:04,91282CKR1,TSRYS5802848,D,S,D,2024-05-30,1000000.00,4.797989,99.185546875
08:01:05,91282CKR1,TSRYS5802848,D,S,C,2024-05-30,1000000.00,4.803029,99.171875
08:01:05,91282CKR1,TSRYS5802848,D,S,D,2024-05-30,3000000.00,4.797989,99.185546875
08:01:05,91282CKR1,TSRYS5802848,D,S,D,2024-05-30,2000000.00,4.797989,99.185546875
08:01:05,91282CKR1,TSRYS5802848,D,S,D,2024-05-30,1000000.00,4.798709,99.18359375
08:01:05,91282CKR1,TSRYS5802848,D,B,C,2024-05-30,1000000.00,4.798709,99.18359375
08:01:05,91282CKR1,TSRYS5802848,D,B,C,2024-05-30,3000000.00,4.797989,99.185546875
08:01:05,91282CKR1,TSRYS5802848,D,S,D,2024-05-30,1000000.00,4.798709,99.18359375
08:01:05,91282CKR1,TSRYS5802848,D,B,C,2024-05-30,1000000.00,4.798709,99.18359375
08:01:05,91282CKR1,TSRYS5802848,D,B,C,2024-05-30,1000000.00,4.798709,99.18359375
08:01:05,91282CKR1,TSRYS5802848,D,B,C,2024-05-30,1000000.00,4.798709,99.18359375
08:01:05,91282CKR1,TSRYS5802848,D,S,C,2024-05-30,1000000.00,4.797989,99.185546875
08:01:05,91282CKR1,TSRYS5802848,D,S,D,2024-05-30,1000000.00,4.798709,99.18359375
08:01:05,91282CKR1,TSRYS5802848,D,B,C,2024-05-30,1000000.00,4.798709,99.18359375
08:01:05,91282CKR1,TSRYS5802848,D,S,D,2024-05-30,1000000.00,4.798709,99.18359375
08:01:05,91282CKR1,TSRYS5802848,D,S,C,2024-05-30,1000000.00,4.798709,99.18359375
08:01:05,91282CKR1,TSRYS5802848,D,S,C,2024-05-30,1000000.00,4.798709,99.18359375
08:01:05,91282CKR1,TSRYS5802848,D,S,C,2024-05-30,1000000.00,4.798709,99.18359375
08:01:05,91282CKR1,TSRYS5802848,D,S,C,2024-05-30,1000000.00,4.797989,99.185546875
08:01:05,91282CKR1,TSRYS5802848,D,B,C,2024-05-30,1000000.00,4.798709,99.18359375
08:01:05,91282CKR1,TSRYS5802848,D,B,C,2024-05-30,1000000.00,4.798709,99.18359375
08:01:05,91282CKR1,TSRYS5802848,D,B,C,2024-05-30,1000000.00,4.798709,99.18359375
08:01:05,91282CKR1,TSRYS5802848,D,B,C,2024-05-30,1000000.00,4.797269,99.1875
08:01:05,91282CKR1,TSRYS5802848,D,S,C,2024-05-30,1000000.00,4.796549,99.189453125
08:01:05,91282CKR1,TSRYS5802848,D,B,C,2024-05-30,1000000.00,4.797989,99.185546875
08:01:05,91282CKR1,TSRYS5802848,D,B,C,2024-05-30,1000000.00,4.797989,99.185546875
08:01:05,91282CKR1,TSRYS5802848,D,S,D,2024-05-30,1000000.00,4.798709,99.18359375
08:01:05,91282CKR1,TSRYS5802848,D,B,C,2024-05-30,1000000.00,4.796549,99.189453125
08:01:05,91282CKR1,TSRYS5802848,D,S,C,2024-05-30,1000000.00,4.797989,99.185546875
08:01:05,91282CKR1,TSRYS5802848,D,S,C,2024-05-30,1000000.00,4.797269,99.1875
08:01:05,91282CKR1,TSRYS5802848,D,B,C,2024-05-30,1000000.00,4.797989,99.185546875
08:01:05,91282CKR1,TSRYS5802848,D,S,C,2024-05-30,1000000.00,4.797989,99.185546875
08:01:05,91282CKR1,TSRYS5802848,D,S,C,2024-05-30,1000000.00,4.79439,99.1953125
08:01:05,91282CKR1,TSRYS5802848,D,S,C,2024-05-30,1000000.00,4.79439,99.1953125
08:01:05,91282CKR1,TSRYS5802848,D,S,D,2024-05-30,1000000.00,4.801589,99.17578125
08:01:05,91282CKR1,TSRYS5802848,D,B,C,2024-05-30,1000000.00,4.797269,99.1875
08:01:05,91282CKR1,TSRYS5802848,D,S,C,2024-05-30,1000000.00,4.797269,99.1875
08:01:05,91282CKR1,TSRYS5802848,D,S,C,2024-05-30,1000000.00,4.799429,99.181640625
08:01:05,91282CKR1,TSRYS5802848,D,S,D,2024-05-30,1000000.00,4.800869,99.177734375
08:01:05,91282CKR1,TSRYS5802848,D,B,C,2024-05-30,1000000.00,4.801589,99.17578125
08:01:05,91282CKR1,TSRYS5802848,D,S,D,2024-05-30,1000000.00,4.801589,99.17578125
08:01:05,91282CKR1,TSRYS5802848,D,B,C,2024-05-30,1000000.00,4.799429,99.181640625
08:01:05,91282CKR1,TSRYS5802848,D,S,D,2024-05-30,2000000.00,4.801589,99.17578125
08:01:05,91282CKR1,TSRYS5802848,D,B,C,2024-05-30,1000000.00,4.801589,99.17578125
08:01:05,91282CKR1,TSRYS5802848,D,B,C,2024-05-30,1000000.00,4.801589,99.17578125
08:01:05,91282CKR1,TSRYS5802848,D,B,C,2024-05-30,1000000.00,4.800869,99.177734375
08:01:05,91282CKR1,TSRYS5802848,D,S,C,2024-05-30,1000000.00,4.801589,99.17578125
08:01:05,91282CKR1,TSRYS5802848,D,B,C,2024-05-30,2000000.00,4.801589,99.17578125
08:01:05,91282CKR1,TSRYS5802848,D,B,C,2024-05-30,1000000.00,4.801589,99.17578125
08:01:05,91282CKR1,TSRYS5802848,D,B,C,2024-05-30,1000000.00,4.800869,99.177734375
08:01:05,91282CKR1,TSRYS5802848,D,S,C,2024-05-30,2000000.00,4.800869,99.177734375
08:01:05,91282CKR1,TSRYS5802848,D,S,T,2024-05-30,4000000.00,4.772803,99.25390625
08:01:05,91282CKR1,TSRYS5802848,D,S,D,2024-05-30,1000000.00,4.801589,99.17578125
08:01:05,91282CKR1,TSRYS5802848,D,S,C,2024-05-30,2000000.00,4.800869,99.177734375
08:01:05,91282CKR1,TSRYS5802848,D,S,D,2024-05-30,1000000.00,4.801589,99.17578125
08:01:05,91282CKR1,TSRYS5802848,D,S,T,2024-05-30,1000000.00,4.772803,99.25390625
08:01:05,91282CKR1,TSRYS5802848,D,S,C,2024-05-30,1000000.00,4.800869,99.177734375
08:01:05,91282CKR1,TSRYS5802848,D,B,C,2024-05-30,2000000.00,4.800869,99.177734375
08:01:05,91282CKR1,TSRYS5802848,D,B,C,2024-05-30,1000000.00,4.801589,99.17578125
08:01:05,91282CKR1,TSRYS5802848,D,B,C,2024-05-30,2000000.00,4.800869,99.177734375
08:01:05,91282CKR1,TSRYS5802848,D,S,D,2024-05-30,1000000.00,4.797269,99.1875
08:01:05,91282CKR1,TSRYS5802848,D,B,C,2024-05-30,1000000.00,4.797989,99.185546875
08:01:05,91282CKR1,TSRYS5802848,D,S,D,2024-05-30,1000000.00,4.797269,99.1875
08:01:05,91282CKR1,TSRYS5802848,D,S,D,2024-05-30,4000000.00,4.797269,99.1875
08:01:05,91282CKR1,TSRYS5802848,D,B,C,2024-05-30,1000000.00,4.797989,99.185546875
08:01:05,91282CKR1,TSRYS5802848,D,S,C,2024-05-30,1000000.00,4.797989,99.185546875
08:01:06,91282CKR1,TSRYS5802848,D,S,C,2024-05-30,1000000.00,4.797989,99.185546875
08:01:06,91282CKR1,TSRYS5802848,D,B,C,2024-05-30,1000000.00,4.797989,99.185546875
08:01:06,91282CKR1,TSRYS5802848,D,S,C,2024-05-30,1000000.00,4.797989,99.185546875
08:01:06,91282CKR1,TSRYS5802848,D,S,C,2024-05-30,1000000.00,4.79439,99.1953125
08:01:06,91282CKR1,TSRYS5802848,D,S,C,2024-05-30,1000000.00,4.798709,99.18359375
08:01:07,91282CKR1,TSRYS5802848,D,S,A,2024-05-30,200000000.00,4.782875,99.2265625
08:01:07,91282CKR1,TSRYS5802848,D,S,D,2024-05-30,1000000.00,4.77568,99.24609375
08:01:07,91282CKR1,TSRYS5802848,D,S,D,2024-05-30,1000000.00,4.803029,99.171875
08:01:07,91282CKR1,TSRYS5802848,D,S,D,2024-05-30,1000000.00,4.777119,99.2421875
08:01:07,91282CKR1,TSRYS5802848,D,S,C,2024-05-30,3000000.00,4.801589,99.17578125
08:01:07,91282CKR1,TSRYS5802848,D,B,C,2024-05-30,3000000.00,4.801589,99.17578125
08:01:08,91282CKR1,TSRYS5802848,D,B,C,2024-05-30,1000000.00,4.801589,99.17578125
08:01:08,91282CKR1,TSRYS5802848,D,S,C,2024-05-30,1000000.00,4.801589,99.17578125
08:01:08,91282CKR1,TSRYS5802848,D,S,C,2024-05-30,1000000.00,4.801589,99.17578125
08:01:08,91282CKR1,TSRYS5802848,D,B,C,2024-05-30,1000000.00,4.801589,99.17578125
08:01:08,91282CKR1,TSRYS5802848,D,B,C,2024-05-30,1000000.00,4.801589,99.17578125
08:01:08,91282CKR1,TSRYS5802848,D,S,D,2024-05-30,1000000.00,4.801589,99.17578125
08:01:08,91282CKR1,TSRYS5802848,D,S,T,2024-05-30,3000000.00,4.774242,99.25
08:01:08,91282CKR1,TSRYS5802848,D,S,C,2024-05-30,1000000.00,4.800149,99.1796875
08:01:08,91282CKR1,TSRYS5802848,D,S,T,2024-05-30,1000000.00,4.774242,99.25
08:01:08,91282CKR1,TSRYS5802848,D,S,T,2024-05-30,9000000.00,4.774242,99.25
08:01:08,91282CKR1,TSRYS5802848,D,B,C,2024-05-30,1000000.00,4.800149,99.1796875
08:01:08,91282CKR1,TSRYS5802848,D,S,C,2024-05-30,1000000.00,4.800149,99.1796875
08:01:09,91282CKR1,TSRYS5802848,D,S,T,2024-05-30,1000000.00,4.774242,99.25
08:01:09,91282CKR1,TSRYS5802848,D,S,D,2024-05-30,1000000.00,4.774242,99.25
08:01:09,91282CKR1,TSRYS5802848,D,S,T,2024-05-30,1000000.00,4.774242,99.25
08:01:09,91282CKR1,TSRYS5802848,D,S,C,2024-05-30,1000000.00,4.795109,99.193359375
08:01:09,91282CKR1,TSRYS5802848,D,B,C,2024-05-30,1000000.00,4.795109,99.193359375
08:01:09,91282CKR1,TSRYS5802848,D,S,C,2024-05-30,1000000.00,4.795109,99.193359375
08:01:09,91282CKR1,TSRYS5802848,D,B,C,2024-05-30,1000000.00,4.795109,99.193359375
08:01:09,91282CKR1,TSRYS5802848,D,S,T,2024-05-30,4000000.00,4.774242,99.25
08:01:09,91282CKR1,TSRYS5802848,D,S,T,2024-05-30,3000000.00,4.774242,99.25
08:01:09,91282CKR1,TSRYS5802848,D,B,C,2024-05-30,1000000.00,4.790071,99.20703125
08:01:09,91282CKR1,TSRYS5802848,D,S,C,2024-05-30,1000000.00,4.790071,99.20703125
08:01:09,91282CKR1,TSRYS5802848,D,S,C,2024-05-30,2000000.00,4.790071,99.20703125
08:01:09,91282CKR1,TSRYS5802848,D,S,T,2024-05-30,1000000.00,4.774242,99.25
08:01:09,91282CKR1,TSRYS5802848,D,B,C,2024-05-30,4000000.00,4.790071,99.20703125
08:01:09,91282CKR1,TSRYS5802848,D,S,C,2024-05-30,4000000.00,4.790071,99.20703125
08:01:09,91282CKR1,TSRYS5802848,D,S,C,2024-05-30,1000000.00,4.790071,99.20703125
08:01:09,91282CKR1,TSRYS5802848,D,S,C,2024-05-30,7000000.00,4.790071,99.20703125
08:01:09,91282CKR1,TSRYS5802848,D,S,T,2024-05-30,1000000.00,4.774242,99.25
08:01:09,91282CKR1,TSRYS5802848,D,S,C,2024-05-30,1000000.00,4.790071,99.20703125
08:01:09,91282CKR1,TSRYS5802848,D,B,C,2024-05-30,1000000.00,4.790071,99.20703125
08:01:09,91282CKR1,TSRYS5802848,D,S,C,2024-05-30,1000000.00,4.790071,99.20703125
08:01:09,91282CKR1,TSRYS5802848,D,B,C,2024-05-30,4000000.00,4.790071,99.20703125
08:01:09,91282CKR1,TSRYS5802848,D,S,C,2024-05-30,4000000.00,4.790071,99.20703125
08:01:09,91282CKR1,TSRYS5802848,D,S,C,2024-05-30,1000000.00,4.790071,99.20703125
08:01:09,91282CKR1,TSRYS5802848,D,S,C,2024-05-30,7000000.00,4.790071,99.20703125
08:01:09,91282CKR1,TSRYS5802848,D,S,C,2024-05-30,4000000.00,4.790071,99.20703125
08:01:09,91282CKR1,TSRYS5802848,D,B,C,2024-05-30,4000000.00,4.790071,99.20703125
08:01:09,91282CKR1,TSRYS5802848,D,S,C,2024-05-30,4000000.00,4.790071,99.20703125
08:01:09,91282CKR1,TSRYS5802848,D,S,C,2024-05-30,2000000.00,4.790071,99.20703125
08:01:09,91282CKR1,TSRYS5802848,D,S,C,2024-05-30,1000000.00,4.790071,99.20703125
08:01:09,91282CKR1,TSRYS5802848,D,S,T,2024-05-30,1000000.00,4.774242,99.25
08:01:09,91282CKR1,TSRYS5802848,D,S,C,2024-05-30,7000000.00,4.790071,99.20703125
08:01:09,91282CKR1,TSRYS5802848,D,S,C,2024-05-30,4000000.00,4.790071,99.20703125
08:01:09,91282CKR1,TSRYS5802848,D,B,C,2024-05-30,4000000.00,4.790071,99.20703125
08:01:09,91282CKR1,TSRYS5802848,D,S,C,2024-05-30,2000000.00,4.790071,99.20703125
08:01:09,91282CKR1,TSRYS5802848,D,S,C,2024-05-30,1000000.00,4.790071,99.20703125
08:01:09,91282CKR1,TSRYS5802848,D,S,C,2024-05-30,3000000.00,4.790071,99.20703125
08:01:09,91282CKR1,TSRYS5802848,D,S,T,2024-05-30,8000000.00,4.774242,99.25
08:01:09,91282CKR1,TSRYS5802848,D,S,T,2024-05-30,1000000.00,4.772803,99.25390625
08:01:10,91282CKR1,TSRYS5802848,D,S,A,2024-05-30,184000.00,4.772803,99.25390625
08:01:10,91282CKR1,TSRYS5802848,D,S,T,2024-05-30,1000000.00,4.774242,99.25
08:01:10,91282CKR1,TSRYS5802848,D,S,C,2024-05-30,1000000.00,4.787912,99.212890625
08:01:10,91282CKR1,TSRYS5802848,D,B,C,2024-05-30,1000000.00,4.787912,99.212890625
08:01:10,91282CKR1,TSRYS5802848,D,S,T,2024-05-30,3000000.00,4.774242,99.25
08:01:10,91282CKR1,TSRYS5802848,D,S,D,2024-05-30,1000000.00,4.786473,99.216796875
08:01:10,91282CKR1,TSRYS5802848,D,S,D,2024-05-30,1000000.00,4.774242,99.25
08:01:10,91282CKR1,TSRYS5802848,D,S,D,2024-05-30,2000000.00,4.774961,99.248046875
08:01:10,91282CKR1,TSRYS5802848,D,S,T,2024-05-30,1000000.00,4.774242,99.25
08:01:10,91282CKR1,TSRYS5802848,D,S,D,2024-05-30,1000000.00,4.772803,99.25390625
08:01:10,91282CKR1,TSRYS5802848,D,S,D,2024-05-30,1000000.00,4.772803,99.25390625
08:01:10,91282CKR1,TSRYS5802848,D,B,C,2024-05-30,1000000.00,4.783594,99.224609375
08:01:10,91282CKR1,TSRYS5802848,D,S,D,2024-05-30,1000000.00,4.782875,99.2265625
08:01:10,91282CKR1,TSRYS5802848,D,B,C,2024-05-30,1000000.00,4.782875,99.2265625
08:01:10,91282CKR1,TSRYS5802848,D,S,D,2024-05-30,1000000.00,4.783594,99.224609375
08:01:10,91282CKR1,TSRYS5802848,D,S,D,2024-05-30,1000000.00,4.782875,99.2265625
08:01:10,91282CKR1,TSRYS5802848,D,B,C,2024-05-30,1000000.00,4.782875,99.2265625
08:01:10,91282CKR1,TSRYS5802848,D,S,D,2024-05-30,1000000.00,4.782875,99.2265625
08:01:10,91282CKR1,TSRYS5802848,D,S,D,2024-05-30,1000000.00,4.782875,99.2265625
08:01:10,91282CKR1,TSRYS5802848,D,S,D,2024-05-30,2000000.00,4.782875,99.2265625
08:01:10,91282CKR1,TSRYS5802848,D,S,D,2024-05-30,2000000.00,4.783594,99.224609375
08:01:10,91282CKR1,TSRYS5802848,D,S,D,2024-05-30,3000000.00,4.782875,99.2265625
08:01:10,91282CKR1,TSRYS5802848,D,S,D,2024-05-30,2000000.00,4.784314,99.22265625
08:01:10,91282CKR1,TSRYS5802848,D,S,D,2024-05-30,1000000.00,4.784314,99.22265625
08:01:10,91282CKR1,TSRYS5802848,D,S,C,2024-05-30,1000000.00,4.783594,99.224609375
08:01:10,91282CKR1,TSRYS5802848,D,S,C,2024-05-30,1000000.00,4.783594,99.224609375
08:01:10,91282CKR1,TSRYS5802848,D,S,C,2024-05-30,1000000.00,4.782875,99.2265625
08:01:10,91282CKR1,TSRYS5802848,D,S,D,2024-05-30,2000000.00,4.783594,99.224609375
08:01:10,91282CKR1,TSRYS5802848,D,S,D,2024-05-30,2000000.00,4.782875,99.2265625
08:01:10,91282CKR1,TSRYS5802848,D,S,D,2024-05-30,2000000.00,4.782875,99.2265625
08:01:10,91282CKR1,TSRYS5802848,D,B,C,2024-05-30,1000000.00,4.782875,99.2265625
08:01:10,91282CKR1,TSRYS5802848,D,S,D,2024-05-30,1000000.00,4.782875,99.2265625
08:01:10,91282CKR1,TSRYS5802848,D,S,D,2024-05-30,1000000.00,4.782875,99.2265625
08:01:10,91282CKR1,TSRYS5802848,D,S,D,2024-05-30,2000000.00,4.784314,99.22265625
08:01:10,91282CKR1,TSRYS5802848,D,S,D,2024-05-30,1000000.00,4.784314,99.22265625
08:01:10,91282CKR1,TSRYS5802848,D,S,D,2024-05-30,1000000.00,4.784314,99.22265625
08:01:10,91282CKR1,TSRYS5802848,D,B,C,2024-05-30,1000000.00,4.784314,99.22265625
08:01:10,91282CKR1,TSRYS5802848,D,S,C,2024-05-30,4000000.00,4.784314,99.22265625
08:01:10,91282CKR1,TSRYS5802848,D,S,C,2024-05-30,1000000.00,4.784314,99.22265625
08:01:10,91282CKR1,TSRYS5802848,D,S,D,2024-05-30,5000000.00,4.784314,99.22265625
08:01:10,91282CKR1,TSRYS5802848,D,S,T,2024-05-30,3000000.00,4.774242,99.25
08:01:10,91282CKR1,TSRYS5802848,D,S,D,2024-05-30,2000000.00,4.784314,99.22265625
08:01:10,91282CKR1,TSRYS5802848,D,S,D,2024-05-30,1000000.00,4.784314,99.22265625
08:01:10,91282CKR1,TSRYS5802848,D,S,D,2024-05-30,1000000.00,4.784314,99.22265625
08:01:10,91282CKR1,TSRYS5802848,D,S,D,2024-05-30,1000000.00,4.784314,99.22265625
08:01:10,91282CKR1,TSRYS5802848,D,B,C,2024-05-30,1000000.00,4.784314,99.22265625
08:01:10,91282CKR1,TSRYS5802848,D,S,D,2024-05-30,2000000.00,4.784314,99.22265625
08:01:10,91282CKR1,TSRYS5802848,D,S,C,2024-05-30,2000000.00,4.782875,99.2265625
08:01:10,91282CKR1,TSRYS5802848,D,S,D,2024-05-30,1000000.00,4.783594,99.224609375
08:01:10,91282CKR1,TSRYS5802848,D,S,D,2024-05-30,1000000.00,4.783594,99.224609375
08:01:10,91282CKR1,TSRYS5802848,D,B,C,2024-05-30,1000000.00,4.783594,99.224609375
08:01:11,91282CKR1,TSRYS5802848,D,S,D,2024-05-30,2000000.00,4.783594,99.224609375
08:01:11,91282CKR1,TSRYS5802848,D,S,D,2024-05-30,1000000.00,4.783594,99.224609375
08:01:11,91282CKR1,TSRYS5802848,D,S,D,2024-05-30,2000000.00,4.783594,99.224609375
08:01:11,91282CKR1,TSRYS5802848,D,B,C,2024-05-30,2000000.00,4.783594,99.224609375
08:01:11,91282CKR1,TSRYS5802848,D,S,D,2024-05-30,2000000.00,4.782875,99.2265625
08:01:11,91282CKR1,TSRYS5802848,D,B,C,2024-05-30,1000000.00,4.782875,99.2265625
08:01:11,91282CKR1,TSRYS5802848,D,S,D,2024-05-30,1000000.00,4.782875,99.2265625
08:01:11,91282CKR1,TSRYS5802848,D,S,T,2024-05-30,1000000.00,4.777156,99.2420875
08:01:11,91282CKR1,TSRYS5802848,D,S,T,2024-05-30,1000000.00,4.777156,99.2420875
08:01:11,91282CKR1,TSRYS5802848,D,S,T,2024-05-30,1000000.00,4.774279,99.2499
08:01:11,91282CKR1,TSRYS5802848,D,S,T,2024-05-30,1000000.00,4.774279,99.2499
08:01:11,91282CKR1,TSRYS5802848,D,S,T,2024-05-30,2000000.00,4.774998,99.247946875
08:01:11,91282CKR1,TSRYS5802848,D,S,T,2024-05-30,2000000.00,4.774998,99.247946875
08:01:11,91282CKR1,TSRYS5802848,D,S,T,2024-05-30,1000000.00,4.774998,99.247946875
08:01:11,91282CKR1,TSRYS5802848,D,S,T,2024-05-30,1000000.00,4.777184,99.2420125
08:01:11,91282CKR1,TSRYS5802848,D,S,T,2024-05-30,1000000.00,4.774306,99.249825
08:01:11,91282CKR1,TSRYS5802848,D,S,T,2024-05-30,2000000.00,4.775026,99.247871875
08:01:11,91282CKR1,TSRYS5802848,D,S,C,2024-05-30,3000000.00,4.782875,99.2265625
08:01:11,91282CKR1,TSRYS5802848,D,S,C,2024-05-30,1000000.00,4.782875,99.2265625
08:01:11,91282CKR1,TSRYS5802848,D,S,T,2024-05-30,1000000.00,4.771411,99.2576875
08:01:11,91282CKR1,TSRYS5802848,D,S,C,2024-05-30,2000000.00,4.784314,99.22265625
08:01:11,91282CKR1,TSRYS5802848,D,S,T,2024-05-30,2000000.00,4.771365,99.2578125
08:01:11,91282CKR1,TSRYS5802848,D,S,T,2024-05-30,1000000.00,4.774242,99.25
08:01:11,91282CKR1,TSRYS5802848,D,S,D,2024-05-30,1000000.00,4.785753,99.21875
08:01:11,91282CKR1,TSRYS5802848,D,S,C,2024-05-30,3000000.00,4.786473,99.216796875
08:01:11,91282CKR1,TSRYS5802848,D,S,C,2024-05-30,3000000.00,4.786473,99.216796875
08:01:11,91282CKR1,TSRYS5802848,D,S,T,2024-05-30,1000000.00,4.771365,99.2578125
08:01:11,91282CKR1,TSRYS5802848,D,S,C,2024-05-30,1000000.00,4.788632,99.2109375
08:01:11,91282CKR1,TSRYS5802848,D,S,T,2024-05-30,1000000.00,4.777202,99.2419625
08:01:11,91282CKR1,TSRYS5802848,D,S,T,2024-05-30,1000000.00,4.777202,99.2419625
08:01:11,91282CKR1,TSRYS5802848,D,S,T,2024-05-30,1000000.00,4.777202,99.2419625
08:01:11,91282CKR1,TSRYS5802848,D,S,T,2024-05-30,9000000.00,4.774242,99.25
08:01:11,91282CKR1,TSRYS5802848,D,S,T,2024-05-30,1000000.00,4.777202,99.2419625
08:01:11,91282CKR1,TSRYS5802848,D,S,T,2024-05-30,1000000.00,4.774325,99.249775
08:01:11,91282CKR1,TSRYS5802848,D,S,T,2024-05-30,1000000.00,4.774325,99.249775
08:01:11,91282CKR1,TSRYS5802848,D,S,T,2024-05-30,1000000.00,4.774325,99.249775
08:01:11,91282CKR1,TSRYS5802848,D,S,T,2024-05-30,1000000.00,4.774325,99.249775
08:01:11,91282CKR1,TSRYS5802848,D,S,T,2024-05-30,3000000.00,4.774242,99.25
08:01:11,91282CKR1,TSRYS5802848,D,S,D,2024-05-30,90000000.00,4.78291,99.2264667
08:01:11,91282CKR1,TSRYS5802848,D,S,D,2024-05-30,24000000.00,4.782691,99.2270625
08:01:11,91282CKR1,TSRYS5802848,D,S,D,2024-05-30,12000000.00,4.78413,99.2231563
08:01:11,91282CKR1,TSRYS5802848,D,S,D,2024-05-30,4000000.00,4.784056,99.2233563
08:01:11,91282CKR1,TSRYS5802848,D,S,D,2024-05-30,24000000.00,4.78341,99.2251094
08:01:11,91282CKR1,TSRYS5802848,D,S,D,2024-05-30,30000000.00,4.782718,99.2269875
08:01:11,91282CKR1,TSRYS5802848,D,S,T,2024-05-30,1000000.00,4.774242,99.25
08:01:11,91282CKR1,TSRYS5802848,D,B,C,2024-05-30,1000000.00,4.778558,99.23828125
08:01:11,91282CKR1,TSRYS5802848,D,S,D,2024-05-30,1000000.00,4.778558,99.23828125
08:01:11,91282CKR1,TSRYS5802848,D,S,T,2024-05-30,1000000.00,4.771365,99.2578125
08:01:11,91282CKR1,TSRYS5802848,D,S,D,2024-05-30,2000000.00,4.777119,99.2421875
08:01:11,91282CKR1,TSRYS5802848,D,S,D,2024-05-30,1000000.00,4.777119,99.2421875
08:01:11,91282CKR1,TSRYS5802848,D,S,T,2024-05-30,9000000.00,4.774242,99.25
08:01:11,91282CKR1,TSRYS5802848,D,S,D,2024-05-30,2000000.00,4.777119,99.2421875
08:01:11,91282CKR1,TSRYS5802848,D,S,D,2024-05-30,2000000.00,4.777119,99.2421875
08:01:11,91282CKR1,TSRYS5802848,D,S,D,2024-05-30,2000000.00,4.777119,99.2421875
08:01:11,91282CKR1,TSRYS5802848,D,S,D,2024-05-30,2000000.00,4.777119,99.2421875
08:01:12,91282CKR1,TSRYS5802848,D,S,D,2024-05-30,5000000.00,4.777119,99.2421875
08:01:12,91282CKR1,TSRYS5802848,D,S,C,2024-05-30,1000000.00,4.77568,99.24609375
08:01:12,91282CKR1,TSRYS5802848,D,B,C,2024-05-30,1000000.00,4.77568,99.24609375
08:01:12,91282CKR1,TSRYS5802848,D,S,D,2024-05-30,4000000.00,4.77568,99.24609375
08:01:12,91282CKR1,TSRYS5802848,D,S,C,2024-05-30,2000000.00,4.77568,99.24609375
08:01:12,91282CKR1,TSRYS5802848,D,S,D,2024-05-30,1000000.00,4.77568,99.24609375
08:01:12,91282CKR1,TSRYS5802848,D,S,D,2024-05-30,2000000.00,4.77568,99.24609375
08:01:12,91282CKR1,TSRYS5802848,D,S,C,2024-05-30,2000000.00,4.77568,99.24609375
08:01:12,91282CKR1,TSRYS5802848,D,S,D,2024-05-30,2000000.00,4.77568,99.24609375
08:01:12,91282CKR1,TSRYS5802848,D,S,D,2024-05-30,3000000.00,4.77568,99.24609375
08:01:12,91282CKR1,TSRYS5802848,D,S,D,2024-05-30,3000000.00,4.77568,99.24609375
08:01:12,91282CKR1,TSRYS5802848,D,S,C,2024-05-30,2000000.00,4.774961,99.248046875
08:01:12,91282CKR1,TSRYS5802848,D,B,C,2024-05-30,2000000.00,4.774961,99.248046875
08:01:12,91282CKR1,TSRYS5802848,D,S,C,2024-05-30,1000000.00,4.774961,99.248046875
08:01:12,91282CKR1,TSRYS5802848,D,S,T,2024-05-30,1000000.00,4.774242,99.25
08:01:12,91282CKR1,TSRYS5802848,D,S,T,2024-05-30,1000000.00,4.774242,99.25
08:01:12,91282CKR1,TSRYS5802848,D,S,D,2024-05-30,1000000.00,4.773522,99.251953125
08:01:12,91282CKR1,TSRYS5802848,D,S,T,2024-05-30,1000000.00,4.769207,99.263671875
08:01:12,91282CKR1,TSRYS5802848,D,S,C,2024-05-30,1000000.00,4.773522,99.251953125
08:01:12,91282CKR1,TSRYS5802848,D,S,T,2024-05-30,1000000.00,4.774242,99.25
08:01:12,91282CKR1,TSRYS5802848,D,S,D,2024-05-30,1000000.00,4.772084,99.255859375
08:01:12,91282CKR1,TSRYS5802848,D,S,D,2024-05-30,1000000.00,4.772084,99.255859375
08:01:12,91282CKR1,TSRYS5802848,D,S,D,2024-05-30,1000000.00,4.772084,99.255859375
08:01:12,91282CKR1,TSRYS5802848,D,S,D,2024-05-30,1000000.00,4.772084,99.255859375
08:01:12,91282CKR1,TSRYS5802848,D,S,D,2024-05-30,1000000.00,4.772084,99.255859375
08:01:12,91282CKR1,TSRYS5802848,D,S,D,2024-05-30,1000000.00,4.772084,99.255859375
08:01:12,91282CKR1,TSRYS5802848,D,S,T,2024-05-30,2000000.00,4.769207,99.263671875
08:01:12,91282CKR1,TSRYS5802848,D,S,D,2024-05-30,1000000.00,4.772084,99.255859375
08:01:12,91282CKR1,TSRYS5802848,D,S,D,2024-05-30,1000000.00,4.772084,99.255859375
08:01:12,91282CKR1,TSRYS5802848,D,S,D,2024-05-30,1000000.00,4.772084,99.255859375
08:01:12,91282CKR1,TSRYS5802848,D,S,T,2024-05-30,1000000.00,4.769253,99.263546875
08:01:12,91282CKR1,TSRYS5802848,D,S,D,2024-05-30,2000000.00,4.771365,99.2578125
08:01:12,91282CKR1,TSRYS5802848,D,S,T,2024-05-30,2000000.00,4.770691,99.259640625
08:01:12,91282CKR1,TSRYS5802848,D,S,C,2024-05-30,1000000.00,4.771365,99.2578125
08:01:12,91282CKR1,TSRYS5802848,D,S,T,2024-05-30,3000000.00,4.774242,99.25
08:01:13,91282CKR1,TSRYS5802848,D,S,D,2024-05-30,1000000.00,4.777119,99.2421875
08:01:13,91282CKR1,TSRYS5802848,D,S,D,2024-05-30,1000000.00,4.777119,99.2421875
08:01:13,91282CKR1,TSRYS5802848,D,S,D,2024-05-30,1000000.00,4.777119,99.2421875
08:01:13,91282CKR1,TSRYS5802848,D,S,T,2024-05-30,4000000.00,4.774242,99.25
08:01:13,91282CKR1,TSRYS5802848,D,S,C,2024-05-30,1000000.00,4.771365,99.2578125
08:01:13,91282CKR1,TSRYS5802848,D,S,T,2024-05-30,1000000.00,4.774242,99.25
08:01:13,91282CKR1,TSRYS5802848,D,S,C,2024-05-30,1000000.00,4.770645,99.259765625
08:01:13,91282CKR1,TSRYS5802848,D,S,T,2024-05-30,1000000.00,4.770691,99.259640625
08:01:13,91282CKR1,TSRYS5802848,D,S,T,2024-05-30,1000000.00,4.774242,99.25
08:01:13,91282CKR1,TSRYS5802848,D,S,C,2024-05-30,1000000.00,4.774242,99.25
08:01:13,91282CKR1,TSRYS5802848,D,S,C,2024-05-30,2000000.00,4.774242,99.25
