tradeTime,cusip,issueSymbolIdentifier,priceType,reportingSideCode,contraPartyTypeCode,tradeDate,reportedTradeVolume,lastSaleYield,lastSalePrice
08:00:01,91282CLL3,TSRYS5884563,D,S,T,2024-09-23,2000000.00,3.490434,99.67578125
08:00:01,91282CLL3,TSRYS5884563,D,S,T,2024-09-23,1000000.00,3.490434,99.67578125
08:00:01,91282CLL3,TSRYS5884563,D,S,T,2024-09-23,2000000.00,3.490434,99.67578125
08:00:01,91282CLL3,TSRYS5884563,D,S,T,2024-09-23,1000000.00,3.490434,99.67578125
08:00:01,91282CLL3,TSRYS5884563,D,S,T,2024-09-23,1000000.00,3.490434,99.67578125
08:00:01,91282CLL3,TSRYS5884563,D,S,T,2024-09-23,1000000.00,3.490434,99.67578125
08:00:01,91282CLL3,TSRYS5884563,D,S,D,2024-09-23,1000000.00,3.490434,99.67578125
08:00:01,91282CLL3,TSRYS5884563,D,S,D,2024-09-23,1000000.00,3.490434,99.67578125
08:00:01,91282CLL3,TSRYS5884563,D,S,T,2024-09-23,1000000.00,3.490434,99.67578125
08:00:01,91282CLL3,TSRYS5884563,D,S,T,2024-09-23,2000000.00,3.490434,99.67578125
08:00:01,91282CLL3,TSRYS5884563,D,S,T,2024-09-23,1000000.00,3.490434,99.67578125
08:00:01,91282CLL3,TSRYS5884563,D,S,T,2024-09-23,1000000.00,3.490434,99.67578125
08:00:01,91282CLL3,TSRYS5884563,D,S,T,2024-09-23,1000000.00,3.490434,99.67578125
08:00:01,91282CLL3,TSRYS5884563,D,S,T,2024-09-23,2000000.00,3.490434,99.67578125
08:00:01,91282CLL3,TSRYS5884563,D,S,T,2024-09-23,1000000.00,3.490434,99.67578125
08:00:01,91282CLL3,TSRYS5884563,D,S,T,2024-09-23,2000000.00,3.490434,99.67578125
08:00:01,91282CLL3,TSRYS5884563,D,S,T,2024-09-23,1000000.00,3.490434,99.67578125
08:00:01,91282CLL3,TSRYS5884563,D,S,T,2024-09-23,1000000.00,3.490434,99.67578125
08:00:01,91282CLL3,TSRYS5884563,D,S,T,2024-09-23,1000000.00,3.490434,99.67578125
08:00:01,91282CLL3,TSRYS5884563,D,S,T,2024-09-23,2000000.00,3.491831,99.671875
08:00:01,91282CLL3,TSRYS5884563,D,S,T,2024-09-23,2000000.00,3.490434,99.67578125
08:00:01,91282CLL3,TSRYS5884563,D,S,T,2024-09-23,1000000.00,3.490434,99.67578125
08:00:01,91282CLL3,TSRYS5884563,D,S,T,2024-09-23,2000000.00,3.490434,99.67578125
08:00:01,91282CLL3,TSRYS5884563,D,S,T,2024-09-23,1000000.00,3.490434,99.67578125
08:00:01,91282CLL3,TSRYS5884563,D,S,T,2024-09-23,2000000.00,3.491831,99.671875
08:00:01,91282CLL3,TSRYS5884563,D,S,T,2024-09-23,2000000.00,3.491831,99.671875
08:00:01,91282CLL3,TSRYS5884563,D,S,D,2024-09-23,1000000.00,3.492529,99.669921875
08:00:01,91282CLL3,TSRYS5884563,D,S,D,2024-09-23,1000000.00,3.492529,99.669921875
08:00:01,91282CLL3,TSRYS5884563,D,S,T,2024-09-23,2000000.00,3.491831,99.671875
08:00:01,91282CLL3,TSRYS5884563,D,S,T,2024-09-23,2000000.00,3.491831,99.671875
08:00:01,91282CLL3,TSRYS5884563,D,S,T,2024-09-23,2000000.00,3.491831,99.671875
08:00:01,91282CLL3,TSRYS5884563,D,S,T,2024-09-23,2000000.00,3.492529,99.669921875
08:00:01,91282CLL3,TSRYS5884563,D,S,T,2024-09-23,2000000.00,3.496718,99.658203125
08:00:01,91282CLL3,TSRYS5884563,D,S,T,2024-09-23,2000000.00,3.49602,99.66015625
08:00:01,91282CLL3,TSRYS5884563,D,S,T,2024-09-23,2000000.00,3.484849,99.69140625
08:00:01,91282CLL3,TSRYS5884563,D,S,D,2024-09-23,1000000.00,3.484151,99.693359375
08:00:01,91282CLL3,TSRYS5884563,D,S,T,2024-09-23,2000000.00,3.484849,99.69140625
08:00:01,91282CLL3,TSRYS5884563,D,S,T,2024-09-23,2000000.00,3.484849,99.69140625
08:00:01,91282CLL3,TSRYS5884563,D,S,D,2024-09-23,2000000.00,3.484849,99.69140625
08:00:01,91282CLL3,TSRYS5884563,D,S,D,2024-09-23,1000000.00,3.484849,99.69140625
08:00:01,91282CLL3,TSRYS5884563,D,S,T,2024-09-23,2000000.00,3.486245,99.6875
08:00:01,91282CLL3,TSRYS5884563,D,S,T,2024-09-23,2000000.00,3.484849,99.69140625
08:00:01,91282CLL3,TSRYS5884563,D,S,T,2024-09-23,1000000.00,3.484849,99.69140625
08:00:01,91282CLL3,TSRYS5884563,D,S,T,2024-09-23,1000000.00,3.484849,99.69140625
08:00:01,91282CLL3,TSRYS5884563,D,S,T,2024-09-23,1000000.00,3.484849,99.69140625
08:00:01,91282CLL3,TSRYS5884563,D,S,D,2024-09-23,1000000.00,3.480661,99.703125
08:00:01,91282CLL3,TSRYS5884563,D,S,T,2024-09-23,2000000.00,3.482057,99.69921875
08:00:01,91282CLL3,TSRYS5884563,D,S,T,2024-09-23,1000000.00,3.482755,99.697265625
08:00:01,91282CLL3,TSRYS5884563,D,S,T,2024-09-23,1000000.00,3.482755,99.697265625
08:00:01,91282CLL3,TSRYS5884563,D,S,T,2024-09-23,2000000.00,3.484849,99.69140625
08:00:01,91282CLL3,TSRYS5884563,D,S,T,2024-09-23,2000000.00,3.484849,99.69140625
08:00:01,91282CLL3,TSRYS5884563,D,S,T,2024-09-23,1000000.00,3.484849,99.69140625
08:00:01,91282CLL3,TSRYS5884563,D,S,T,2024-09-23,1000000.00,3.484849,99.69140625
08:00:01,91282CLL3,TSRYS5884563,D,S,D,2024-09-23,4000000.00,3.484849,99.69140625
08:00:01,91282CLL3,TSRYS5884563,D,S,T,2024-09-23,2000000.00,3.484849,99.69140625
08:00:01,91282CLL3,TSRYS5884563,D,S,T,2024-09-23,1000000.00,3.486943,99.685546875
08:00:01,91282CLL3,TSRYS5884563,D,S,T,2024-09-23,1000000.00,3.486943,99.685546875
08:00:01,91282CLL3,TSRYS5884563,D,S,T,2024-09-23,2000000.00,3.486943,99.685546875
08:00:01,91282CLL3,TSRYS5884563,D,S,T,2024-09-23,1000000.00,3.486943,99.685546875
08:00:01,91282CLL3,TSRYS5884563,D,S,T,2024-09-23,1000000.00,3.486943,99.685546875
08:00:01,91282CLL3,TSRYS5884563,D,S,T,2024-09-23,1000000.00,3.486943,99.685546875
08:00:01,91282CLL3,TSRYS5884563,D,S,T,2024-09-23,1000000.00,3.486943,99.685546875
08:00:01,91282CLL3,TSRYS5884563,D,S,T,2024-09-23,2000000.00,3.486943,99.685546875
08:00:01,91282CLL3,TSRYS5884563,D,S,T,2024-09-23,2000000.00,3.486943,99.685546875
08:00:01,91282CLL3,TSRYS5884563,D,S,T,2024-09-23,1000000.00,3.486943,99.685546875
08:00:01,91282CLL3,TSRYS5884563,D,S,T,2024-09-23,1000000.00,3.486943,99.685546875
08:00:01,91282CLL3,TSRYS5884563,D,S,D,2024-09-23,1000000.00,3.486943,99.685546875
08:00:01,91282CLL3,TSRYS5884563,D,S,T,2024-09-23,1000000.00,3.486943,99.685546875
08:00:01,91282CLL3,TSRYS5884563,D,S,T,2024-09-23,1000000.00,3.486943,99.685546875
08:00:03,91282CLL3,TSRYS5884563,D,S,D,2024-09-23,1000000.00,3.461823,99.755859375
08:00:03,91282CLL3,TSRYS5884563,D,S,D,2024-09-23,1000000.00,3.468799,99.736328125
08:00:03,91282CLL3,TSRYS5884563,D,S,D,2024-09-23,1000000.00,3.468799,99.736328125
08:00:03,91282CLL3,TSRYS5884563,D,S,D,2024-09-23,1000000.00,3.468799,99.736328125
08:00:03,91282CLL3,TSRYS5884563,D,S,D,2024-09-23,1000000.00,3.463915,99.75
08:00:03,91282CLL3,TSRYS5884563,D,S,D,2024-09-23,1000000.00,3.461823,99.755859375
08:00:03,91282CLL3,TSRYS5884563,D,S,T,2024-09-23,4000000.00,3.472287,99.7265625
08:00:03,91282CLL3,TSRYS5884563,D,S,T,2024-09-23,2000000.00,3.471589,99.728515625
08:00:03,91282CLL3,TSRYS5884563,D,S,D,2024-09-23,4000000.00,3.471589,99.728515625
08:00:03,91282CLL3,TSRYS5884563,D,S,D,2024-09-23,1000000.00,3.466706,99.7421875
08:00:03,91282CLL3,TSRYS5884563,D,S,D,2024-09-23,1000000.00,3.466706,99.7421875
08:00:03,91282CLL3,TSRYS5884563,D,S,T,2024-09-23,4000000.00,3.460428,99.759765625
08:00:03,91282CLL3,TSRYS5884563,D,S,T,2024-09-23,1000000.00,3.460428,99.759765625
08:00:03,91282CLL3,TSRYS5884563,D,S,T,2024-09-23,2000000.00,3.466706,99.7421875
08:00:03,91282CLL3,TSRYS5884563,D,S,D,2024-09-23,1000000.00,3.468101,99.73828125
08:00:03,91282CLL3,TSRYS5884563,D,S,D,2024-09-23,1000000.00,3.464613,99.748046875
08:00:03,91282CLL3,TSRYS5884563,D,S,T,2024-09-23,1000000.00,3.468799,99.736328125
08:00:03,91282CLL3,TSRYS5884563,D,S,D,2024-09-23,1000000.00,3.468799,99.736328125
08:00:03,91282CLL3,TSRYS5884563,D,S,D,2024-09-23,2000000.00,3.472287,99.7265625
08:00:03,91282CLL3,TSRYS5884563,D,S,D,2024-09-23,2000000.00,3.472287,99.7265625
08:00:05,91282CLL3,TSRYS5884563,D,S,T,2024-09-23,1000000.00,3.483453,99.6953125
08:00:05,91282CLL3,TSRYS5884563,D,S,T,2024-09-23,2000000.00,3.465311,99.74609375
08:00:05,91282CLL3,TSRYS5884563,D,S,T,2024-09-23,1000000.00,3.466706,99.7421875
08:00:05,91282CLL3,TSRYS5884563,D,S,T,2024-09-23,1000000.00,3.465311,99.74609375
08:00:07,91282CLL3,TSRYS5884563,D,B,A,2024-09-23,43000.00,3.486305,99.687332
08:00:08,91282CLL3,TSRYS5884563,D,S,T,2024-09-23,4000000.00,3.476474,99.71484375
08:00:08,91282CLL3,TSRYS5884563,D,S,T,2024-09-23,2000000.00,3.476474,99.71484375
08:00:08,91282CLL3,TSRYS5884563,D,S,T,2024-09-23,1000000.00,3.476474,99.71484375
08:00:10,91282CLL3,TSRYS5884563,D,S,D,2024-09-23,2000000.00,3.466706,99.7421875
08:00:10,91282CLL3,TSRYS5884563,D,S,D,2024-09-23,1000000.00,3.467403,99.740234375
08:00:10,91282CLL3,TSRYS5884563,D,S,D,2024-09-23,1000000.00,3.467403,99.740234375
08:00:10,91282CLL3,TSRYS5884563,D,S,D,2024-09-23,1000000.00,3.467403,99.740234375
08:00:10,91282CLL3,TSRYS5884563,D,S,D,2024-09-23,1000000.00,3.467403,99.740234375
08:00:10,91282CLL3,TSRYS5884563,D,S,D,2024-09-23,1000000.00,3.467403,99.740234375
08:00:10,91282CLL3,TSRYS5884563,D,S,D,2024-09-23,1000000.00,3.467403,99.740234375
08:00:10,91282CLL3,TSRYS5884563,D,S,D,2024-09-23,1000000.00,3.472287,99.7265625
08:00:10,91282CLL3,TSRYS5884563,D,S,D,2024-09-23,1000000.00,3.472287,99.7265625
08:00:10,91282CLL3,TSRYS5884563,D,S,D,2024-09-23,1000000.00,3.472287,99.7265625
08:00:10,91282CLL3,TSRYS5884563,D,S,D,2024-09-23,1000000.00,3.472287,99.7265625
08:00:10,91282CLL3,TSRYS5884563,D,S,D,2024-09-23,1000000.00,3.472985,99.724609375
08:00:10,91282CLL3,TSRYS5884563,D,S,D,2024-09-23,1000000.00,3.472287,99.7265625
08:00:10,91282CLL3,TSRYS5884563,D,S,D,2024-09-23,1000000.00,3.472985,99.724609375
08:00:10,91282CLL3,TSRYS5884563,D,S,D,2024-09-23,1000000.00,3.472287,99.7265625
08:00:10,91282CLL3,TSRYS5884563,D,S,D,2024-09-23,1000000.00,3.472287,99.7265625
08:00:10,91282CLL3,TSRYS5884563,D,S,D,2024-09-23,1000000.00,3.472985,99.724609375
08:00:10,91282CLL3,TSRYS5884563,D,S,D,2024-09-23,1000000.00,3.472985,99.724609375
08:00:10,91282CLL3,TSRYS5884563,D,S,D,2024-09-23,1000000.00,3.472985,99.724609375
08:00:10,91282CLL3,TSRYS5884563,D,S,D,2024-09-23,1000000.00,3.472287,99.7265625
08:00:10,91282CLL3,TSRYS5884563,D,S,D,2024-09-23,1000000.00,3.472985,99.724609375
08:00:10,91282CLL3,TSRYS5884563,D,S,D,2024-09-23,2000000.00,3.472287,99.7265625
08:00:10,91282CLL3,TSRYS5884563,D,S,D,2024-09-23,1000000.00,3.472985,99.724609375
08:00:10,91282CLL3,TSRYS5884563,D,S,D,2024-09-23,1000000.00,3.472985,99.724609375
08:00:10,91282CLL3,TSRYS5884563,D,S,D,2024-09-23,1000000.00,3.472985,99.724609375
08:00:10,91282CLL3,TSRYS5884563,D,S,D,2024-09-23,1000000.00,3.472985,99.724609375
08:00:10,91282CLL3,TSRYS5884563,D,S,D,2024-09-23,1000000.00,3.472287,99.7265625
08:00:10,91282CLL3,TSRYS5884563,D,S,D,2024-09-23,2000000.00,3.472287,99.7265625
08:00:10,91282CLL3,TSRYS5884563,D,S,D,2024-09-23,1000000.00,3.472287,99.7265625
08:00:10,91282CLL3,TSRYS5884563,D,S,D,2024-09-23,1000000.00,3.473683,99.72265625
08:00:10,91282CLL3,TSRYS5884563,D,S,D,2024-09-23,1000000.00,3.472287,99.7265625
08:00:10,91282CLL3,TSRYS5884563,D,S,D,2024-09-23,1000000.00,3.473683,99.72265625
08:00:10,91282CLL3,TSRYS5884563,D,S,D,2024-09-23,1000000.00,3.472985,99.724609375
08:00:10,91282CLL3,TSRYS5884563,D,S,D,2024-09-23,1000000.00,3.472985,99.724609375
08:00:10,91282CLL3,TSRYS5884563,D,S,D,2024-09-23,1000000.00,3.472287,99.7265625
08:00:10,91282CLL3,TSRYS5884563,D,S,D,2024-09-23,1000000.00,3.472287,99.7265625
08:00:10,91282CLL3,TSRYS5884563,D,S,D,2024-09-23,1000000.00,3.472985,99.724609375
08:00:10,91282CLL3,TSRYS5884563,D,S,D,2024-09-23,1000000.00,3.472287,99.7265625
08:00:10,91282CLL3,TSRYS5884563,D,S,D,2024-09-23,1000000.00,3.472287,99.7265625
08:00:10,91282CLL3,TSRYS5884563,D,S,D,2024-09-23,1000000.00,3.472985,99.724609375
08:00:10,91282CLL3,TSRYS5884563,D,S,D,2024-09-23,1000000.00,3.472985,99.724609375
08:00:10,91282CLL3,TSRYS5884563,D,S,D,2024-09-23,1000000.00,3.473683,99.72265625
08:00:10,91282CLL3,TSRYS5884563,D,S,D,2024-09-23,1000000.00,3.470194,99.732421875
08:00:10,91282CLL3,TSRYS5884563,D,S,D,2024-09-23,1000000.00,3.470194,99.732421875
08:00:10,91282CLL3,TSRYS5884563,D,S,D,2024-09-23,2000000.00,3.469496,99.734375
08:00:10,91282CLL3,TSRYS5884563,D,S,D,2024-09-23,1000000.00,3.469496,99.734375
08:00:10,91282CLL3,TSRYS5884563,D,S,D,2024-09-23,1000000.00,3.469496,99.734375
08:00:10,91282CLL3,TSRYS5884563,D,S,D,2024-09-23,1000000.00,3.469496,99.734375
08:00:12,91282CLL3,TSRYS5884563,D,S,T,2024-09-23,1000000.00,3.494623,99.6640625
08:00:12,91282CLL3,TSRYS5884563,D,S,T,2024-09-23,1000000.00,3.493227,99.66796875
08:00:12,91282CLL3,TSRYS5884563,D,S,T,2024-09-23,1000000.00,3.484849,99.69140625
08:00:12,91282CLL3,TSRYS5884563,D,S,T,2024-09-23,1000000.00,3.47438,99.720703125
08:00:12,91282CLL3,TSRYS5884563,D,S,T,2024-09-23,1000000.00,3.472985,99.724609375
08:00:12,91282CLL3,TSRYS5884563,D,S,T,2024-09-23,1000000.00,3.468101,99.73828125
08:00:12,91282CLL3,TSRYS5884563,D,S,T,2024-09-23,1000000.00,3.468101,99.73828125
08:00:12,91282CLL3,TSRYS5884563,D,S,T,2024-09-23,2000000.00,3.468101,99.73828125
08:00:12,91282CLL3,TSRYS5884563,D,S,T,2024-09-23,1000000.00,3.468101,99.73828125
08:00:12,91282CLL3,TSRYS5884563,D,S,T,2024-09-23,1000000.00,3.468101,99.73828125
08:00:12,91282CLL3,TSRYS5884563,D,S,T,2024-09-23,1000000.00,3.468101,99.73828125
08:00:12,91282CLL3,TSRYS5884563,D,S,T,2024-09-23,1000000.00,3.465311,99.74609375
08:00:12,91282CLL3,TSRYS5884563,D,S,T,2024-09-23,1000000.00,3.465311,99.74609375
08:00:12,91282CLL3,TSRYS5884563,D,S,T,2024-09-23,1000000.00,3.465311,99.74609375
08:00:12,91282CLL3,TSRYS5884563,D,S,T,2024-09-23,1000000.00,3.472287,99.7265625
08:00:12,91282CLL3,TSRYS5884563,D,S,T,2024-09-23,1000000.00,3.472287,99.7265625
08:00:12,91282CLL3,TSRYS5884563,D,S,T,2024-09-23,1000000.00,3.471589,99.728515625
08:00:12,91282CLL3,TSRYS5884563,D,S,T,2024-09-23,1000000.00,3.461125,99.7578125
08:00:12,91282CLL3,TSRYS5884563,D,S,T,2024-09-23,1000000.00,3.460428,99.759765625
08:00:12,91282CLL3,TSRYS5884563,D,S,T,2024-09-23,1000000.00,3.460428,99.759765625
08:00:12,91282CLL3,TSRYS5884563,D,S,T,2024-09-23,1000000.00,3.465311,99.74609375
08:00:12,91282CLL3,TSRYS5884563,D,S,D,2024-09-23,250MM+,3.46252,99.75390625
08:00:12,91282CLL3,TSRYS5884563,D,S,T,2024-09-23,1000000.00,3.465311,99.74609375
08:00:12,91282CLL3,TSRYS5884563,D,S,T,2024-09-23,1000000.00,3.461125,99.7578125
08:00:12,91282CLL3,TSRYS5884563,D,S,T,2024-09-23,1000000.00,3.46252,99.75390625
08:00:12,91282CLL3,TSRYS5884563,D,S,T,2024-09-23,1000000.00,3.45973,99.76171875
08:00:12,91282CLL3,TSRYS5884563,D,S,T,2024-09-23,1000000.00,3.472287,99.7265625
08:00:12,91282CLL3,TSRYS5884563,D,S,T,2024-09-23,1000000.00,3.472287,99.7265625
08:00:12,91282CLL3,TSRYS5884563,D,S,T,2024-09-23,1000000.00,3.475078,99.71875
08:00:12,91282CLL3,TSRYS5884563,D,S,T,2024-09-23,1000000.00,3.466706,99.7421875
08:00:13,91282CLL3,TSRYS5884563,D,S,D,2024-09-23,2000000.00,3.469496,99.734375
08:00:13,91282CLL3,TSRYS5884563,D,S,D,2024-09-23,1000000.00,3.469496,99.734375
08:00:13,91282CLL3,TSRYS5884563,D,S,D,2024-09-23,1000000.00,3.469496,99.734375
08:00:13,91282CLL3,TSRYS5884563,D,S,D,2024-09-23,1000000.00,3.469496,99.734375
08:00:13,91282CLL3,TSRYS5884563,D,S,D,2024-09-23,2000000.00,3.467403,99.740234375
08:00:13,91282CLL3,TSRYS5884563,D,S,D,2024-09-23,1000000.00,3.464613,99.748046875
08:00:13,91282CLL3,TSRYS5884563,D,S,D,2024-09-23,1000000.00,3.464613,99.748046875
08:00:13,91282CLL3,TSRYS5884563,D,S,D,2024-09-23,1000000.00,3.464613,99.748046875
08:00:13,91282CLL3,TSRYS5884563,D,S,D,2024-09-23,1000000.00,3.464613,99.748046875
08:00:13,91282CLL3,TSRYS5884563,D,S,D,2024-09-23,1000000.00,3.464613,99.748046875
08:00:13,91282CLL3,TSRYS5884563,D,S,D,2024-09-23,1000000.00,3.464613,99.748046875
08:00:13,91282CLL3,TSRYS5884563,D,S,D,2024-09-23,1000000.00,3.464613,99.748046875
08:00:13,91282CLL3,TSRYS5884563,D,S,D,2024-09-23,1000000.00,3.467403,99.740234375
08:00:13,91282CLL3,TSRYS5884563,D,S,D,2024-09-23,1000000.00,3.466706,99.7421875
08:00:13,91282CLL3,TSRYS5884563,D,S,D,2024-09-23,1000000.00,3.464613,99.748046875
08:00:13,91282CLL3,TSRYS5884563,D,S,D,2024-09-23,1000000.00,3.464613,99.748046875
08:00:13,91282CLL3,TSRYS5884563,D,S,D,2024-09-23,1000000.00,3.464613,99.748046875
08:00:13,91282CLL3,TSRYS5884563,D,S,D,2024-09-23,1000000.00,3.464613,99.748046875
08:00:13,91282CLL3,TSRYS5884563,D,S,D,2024-09-23,1000000.00,3.464613,99.748046875
08:00:13,91282CLL3,TSRYS5884563,D,S,D,2024-09-23,1000000.00,3.464613,99.748046875
08:00:13,91282CLL3,TSRYS5884563,D,S,D,2024-09-23,1000000.00,3.464613,99.748046875
08:00:13,91282CLL3,TSRYS5884563,D,S,D,2024-09-23,1000000.00,3.464613,99.748046875
08:00:13,91282CLL3,TSRYS5884563,D,S,D,2024-09-23,1000000.00,3.464613,99.748046875
08:00:13,91282CLL3,TSRYS5884563,D,S,D,2024-09-23,1000000.00,3.464613,99.748046875
08:00:13,91282CLL3,TSRYS5884563,D,S,D,2024-09-23,1000000.00,3.464613,99.748046875
08:00:13,91282CLL3,TSRYS5884563,D,S,D,2024-09-23,1000000.00,3.464613,99.748046875
08:00:13,91282CLL3,TSRYS5884563,D,S,D,2024-09-23,1000000.00,3.464613,99.748046875
08:00:13,91282CLL3,TSRYS5884563,D,S,D,2024-09-23,1000000.00,3.464613,99.748046875
08:00:13,91282CLL3,TSRYS5884563,D,S,D,2024-09-23,1000000.00,3.464613,99.748046875
08:00:13,91282CLL3,TSRYS5884563,D,S,T,2024-09-23,1000000.00,3.467403,99.740234375
08:00:13,91282CLL3,TSRYS5884563,D,S,D,2024-09-23,1000000.00,3.464613,99.748046875
08:00:13,91282CLL3,TSRYS5884563,D,S,D,2024-09-23,2000000.00,3.464613,99.748046875
08:00:13,91282CLL3,TSRYS5884563,D,S,T,2024-09-23,1000000.00,3.467403,99.740234375
08:00:13,91282CLL3,TSRYS5884563,D,S,D,2024-09-23,1000000.00,3.464613,99.748046875
08:00:13,91282CLL3,TSRYS5884563,D,S,D,2024-09-23,2000000.00,3.464613,99.748046875
08:00:13,91282CLL3,TSRYS5884563,D,S,T,2024-09-23,1000000.00,3.467403,99.740234375
08:00:13,91282CLL3,TSRYS5884563,D,S,D,2024-09-23,2000000.00,3.464613,99.748046875
08:00:13,91282CLL3,TSRYS5884563,D,S,D,2024-09-23,1000000.00,3.464613,99.748046875
08:00:13,91282CLL3,TSRYS5884563,D,S,D,2024-09-23,1000000.00,3.464613,99.748046875
08:00:13,91282CLL3,TSRYS5884563,D,S,D,2024-09-23,1000000.00,3.464613,99.748046875
08:00:13,91282CLL3,TSRYS5884563,D,S,T,2024-09-23,1000000.00,3.467403,99.740234375
08:00:13,91282CLL3,TSRYS5884563,D,S,D,2024-09-23,1000000.00,3.461823,99.755859375
08:00:13,91282CLL3,TSRYS5884563,D,S,D,2024-09-23,1000000.00,3.461823,99.755859375
08:00:13,91282CLL3,TSRYS5884563,D,S,D,2024-09-23,1000000.00,3.461823,99.755859375
08:00:13,91282CLL3,TSRYS5884563,D,S,D,2024-09-23,2000000.00,3.461823,99.755859375
08:00:13,91282CLL3,TSRYS5884563,D,S,T,2024-09-23,1000000.00,3.467403,99.740234375
08:00:13,91282CLL3,TSRYS5884563,D,S,D,2024-09-23,1000000.00,3.461823,99.755859375
08:00:13,91282CLL3,TSRYS5884563,D,S,D,2024-09-23,1000000.00,3.46252,99.75390625
08:00:14,91282CLL3,TSRYS5884563,D,S,T,2024-09-23,1000000.00,3.467403,99.740234375
08:00:14,91282CLL3,TSRYS5884563,D,S,D,2024-09-23,1000000.00,3.464613,99.748046875
08:00:14,91282CLL3,TSRYS5884563,D,S,T,2024-09-23,1000000.00,3.472287,99.7265625
08:00:14,91282CLL3,TSRYS5884563,D,S,T,2024-09-23,1000000.00,3.472287,99.7265625
08:00:14,91282CLL3,TSRYS5884563,D,S,T,2024-09-23,1000000.00,3.472287,99.7265625
08:00:14,91282CLL3,TSRYS5884563,D,S,D,2024-09-23,1000000.00,3.464613,99.748046875
08:00:14,91282CLL3,TSRYS5884563,D,S,D,2024-09-23,2000000.00,3.464613,99.748046875
08:00:14,91282CLL3,TSRYS5884563,D,S,D,2024-09-23,1000000.00,3.464613,99.748046875
08:00:14,91282CLL3,TSRYS5884563,D,S,D,2024-09-23,1000000.00,3.464613,99.748046875
08:00:14,91282CLL3,TSRYS5884563,D,S,D,2024-09-23,1000000.00,3.464613,99.748046875
08:00:14,91282CLL3,TSRYS5884563,D,S,D,2024-09-23,1000000.00,3.464613,99.748046875
08:00:14,91282CLL3,TSRYS5884563,D,S,D,2024-09-23,1000000.00,3.464613,99.748046875
08:00:14,91282CLL3,TSRYS5884563,D,S,D,2024-09-23,2000000.00,3.464613,99.748046875
08:00:14,91282CLL3,TSRYS5884563,D,S,D,2024-09-23,2000000.00,3.464613,99.748046875
08:00:14,91282CLL3,TSRYS5884563,D,S,T,2024-09-23,1000000.00,3.472287,99.7265625
08:00:14,91282CLL3,TSRYS5884563,D,S,D,2024-09-23,2000000.00,3.464613,99.748046875
08:00:14,91282CLL3,TSRYS5884563,D,S,D,2024-09-23,9000000.00,3.464613,99.748046875
08:00:14,91282CLL3,TSRYS5884563,D,S,T,2024-09-23,1000000.00,3.472985,99.724609375
08:00:14,91282CLL3,TSRYS5884563,D,S,D,2024-09-23,1000000.00,3.464613,99.748046875
08:00:14,91282CLL3,TSRYS5884563,D,S,D,2024-09-23,5000000.00,3.464613,99.748046875
08:00:14,91282CLL3,TSRYS5884563,D,S,D,2024-09-23,1000000.00,3.461823,99.755859375
08:00:14,91282CLL3,TSRYS5884563,D,S,D,2024-09-23,1000000.00,3.463218,99.751953125
08:00:14,91282CLL3,TSRYS5884563,D,S,D,2024-09-23,1000000.00,3.46252,99.75390625
08:00:14,91282CLL3,TSRYS5884563,D,S,D,2024-09-23,1000000.00,3.46252,99.75390625
08:00:14,91282CLL3,TSRYS5884563,D,S,D,2024-09-23,1000000.00,3.46252,99.75390625
08:00:14,91282CLL3,TSRYS5884563,D,S,D,2024-09-23,1000000.00,3.46252,99.75390625
08:00:14,91282CLL3,TSRYS5884563,D,S,D,2024-09-23,1000000.00,3.465311,99.74609375
08:00:14,91282CLL3,TSRYS5884563,D,S,D,2024-09-23,1000000.00,3.465311,99.74609375
08:00:14,91282CLL3,TSRYS5884563,D,S,D,2024-09-23,1000000.00,3.465311,99.74609375
08:00:14,91282CLL3,TSRYS5884563,D,S,D,2024-09-23,1000000.00,3.464613,99.748046875
08:00:14,91282CLL3,TSRYS5884563,D,S,D,2024-09-23,2000000.00,3.465311,99.74609375
08:00:14,91282CLL3,TSRYS5884563,D,S,D,2024-09-23,1000000.00,3.465311,99.74609375
08:00:14,91282CLL3,TSRYS5884563,D,S,D,2024-09-23,1000000.00,3.465311,99.74609375
08:00:14,91282CLL3,TSRYS5884563,D,S,D,2024-09-23,1000000.00,3.465311,99.74609375
08:00:14,91282CLL3,TSRYS5884563,D,S,D,2024-09-23,2000000.00,3.465311,99.74609375
08:00:14,91282CLL3,TSRYS5884563,D,S,D,2024-09-23,1000000.00,3.465311,99.74609375
08:00:14,91282CLL3,TSRYS5884563,D,S,D,2024-09-23,1000000.00,3.461823,99.755859375
08:00:14,91282CLL3,TSRYS5884563,D,S,D,2024-09-23,1000000.00,3.465311,99.74609375
08:00:14,91282CLL3,TSRYS5884563,D,S,D,2024-09-23,1000000.00,3.465311,99.74609375
08:00:14,91282CLL3,TSRYS5884563,D,S,D,2024-09-23,1000000.00,3.465311,99.74609375
08:00:14,91282CLL3,TSRYS5884563,D,S,D,2024-09-23,1000000.00,3.465311,99.74609375
08:00:14,91282CLL3,TSRYS5884563,D,S,D,2024-09-23,1000000.00,3.465311,99.74609375
08:00:14,91282CLL3,TSRYS5884563,D,S,D,2024-09-23,1000000.00,3.465311,99.74609375
08:00:14,91282CLL3,TSRYS5884563,D,S,D,2024-09-23,2000000.00,3.467403,99.740234375
08:00:14,91282CLL3,TSRYS5884563,D,S,D,2024-09-23,1000000.00,3.468101,99.73828125
08:00:14,91282CLL3,TSRYS5884563,D,S,D,2024-09-23,1000000.00,3.468101,99.73828125
08:00:14,91282CLL3,TSRYS5884563,D,S,D,2024-09-23,1000000.00,3.468101,99.73828125
08:00:14,91282CLL3,TSRYS5884563,D,S,D,2024-09-23,1000000.00,3.468101,99.73828125
08:00:14,91282CLL3,TSRYS5884563,D,S,D,2024-09-23,1000000.00,3.468101,99.73828125
08:00:14,91282CLL3,TSRYS5884563,D,S,D,2024-09-23,2000000.00,3.468101,99.73828125
08:00:14,91282CLL3,TSRYS5884563,D,S,D,2024-09-23,1000000.00,3.469496,99.734375
08:00:15,91282CLL3,TSRYS5884563,D,S,D,2024-09-23,1000000.00,3.493227,99.66796875
08:00:16,91282CLL3,TSRYS5884563,D,S,T,2024-09-23,1000000.00,3.473683,99.72265625
08:00:16,91282CLL3,TSRYS5884563,D,S,C,2024-09-23,1000000.00,3.48834,99.681640625
08:00:16,91282CLL3,TSRYS5884563,D,S,D,2024-09-23,1000000.00,3.486245,99.6875
08:00:16,91282CLL3,TSRYS5884563,D,S,D,2024-09-23,1000000.00,3.483453,99.6953125
08:00:17,91282CLL3,TSRYS5884563,D,S,T,2024-09-23,1000000.00,3.472287,99.7265625
08:00:17,91282CLL3,TSRYS5884563,D,S,T,2024-09-23,1000000.00,3.472985,99.724609375
08:00:17,91282CLL3,TSRYS5884563,D,S,T,2024-09-23,1000000.00,3.472287,99.7265625
08:00:17,91282CLL3,TSRYS5884563,D,S,T,2024-09-23,1000000.00,3.472287,99.7265625
08:00:17,91282CLL3,TSRYS5884563,D,S,T,2024-09-23,1000000.00,3.472985,99.724609375
08:00:17,91282CLL3,TSRYS5884563,D,S,T,2024-09-23,1000000.00,3.472985,99.724609375
08:00:17,91282CLL3,TSRYS5884563,D,S,T,2024-09-23,1000000.00,3.472985,99.724609375
08:00:17,91282CLL3,TSRYS5884563,D,S,T,2024-09-23,1000000.00,3.472287,99.7265625
08:00:17,91282CLL3,TSRYS5884563,D,S,T,2024-09-23,1000000.00,3.472985,99.724609375
08:00:17,91282CLL3,TSRYS5884563,D,S,T,2024-09-23,2000000.00,3.472287,99.7265625
08:00:17,91282CLL3,TSRYS5884563,D,S,T,2024-09-23,1000000.00,3.472985,99.724609375
08:00:17,91282CLL3,TSRYS5884563,D,S,T,2024-09-23,1000000.00,3.472985,99.724609375
08:00:17,91282CLL3,TSRYS5884563,D,S,T,2024-09-23,1000000.00,3.472985,99.724609375
08:00:17,91282CLL3,TSRYS5884563,D,S,T,2024-09-23,1000000.00,3.472985,99.724609375
08:00:17,91282CLL3,TSRYS5884563,D,S,T,2024-09-23,1000000.00,3.472287,99.7265625
08:00:17,91282CLL3,TSRYS5884563,D,S,T,2024-09-23,2000000.00,3.472287,99.7265625
08:00:17,91282CLL3,TSRYS5884563,D,S,T,2024-09-23,1000000.00,3.472287,99.7265625
08:00:17,91282CLL3,TSRYS5884563,D,S,T,2024-09-23,1000000.00,3.473683,99.72265625
08:00:17,91282CLL3,TSRYS5884563,D,S,T,2024-09-23,1000000.00,3.472287,99.7265625
08:00:18,91282CLL3,TSRYS5884563,D,S,T,2024-09-23,1000000.00,3.473683,99.72265625
08:00:18,91282CLL3,TSRYS5884563,D,S,T,2024-09-23,1000000.00,3.472985,99.724609375
08:00:18,91282CLL3,TSRYS5884563,D,S,T,2024-09-23,1000000.00,3.472985,99.724609375
08:00:18,91282CLL3,TSRYS5884563,D,S,T,2024-09-23,1000000.00,3.472287,99.7265625
08:00:18,91282CLL3,TSRYS5884563,D,S,T,2024-09-23,1000000.00,3.472287,99.7265625
08:00:18,91282CLL3,TSRYS5884563,D,S,T,2024-09-23,1000000.00,3.472985,99.724609375
08:00:18,91282CLL3,TSRYS5884563,D,S,D,2024-09-23,1000000.00,3.484849,99.69140625
08:00:18,91282CLL3,TSRYS5884563,D,S,D,2024-09-23,1000000.00,3.476474,99.71484375
08:00:18,91282CLL3,TSRYS5884563,D,S,T,2024-09-23,1000000.00,3.472287,99.7265625
08:00:18,91282CLL3,TSRYS5884563,D,S,D,2024-09-23,1000000.00,3.473683,99.72265625
08:00:18,91282CLL3,TSRYS5884563,D,S,D,2024-09-23,1000000.00,3.466706,99.7421875
08:00:18,91282CLL3,TSRYS5884563,D,S,T,2024-09-23,1000000.00,3.472287,99.7265625
08:00:18,91282CLL3,TSRYS5884563,D,S,T,2024-09-23,1000000.00,3.472985,99.724609375
08:00:18,91282CLL3,TSRYS5884563,D,S,T,2024-09-23,1000000.00,3.472985,99.724609375
08:00:18,91282CLL3,TSRYS5884563,D,S,D,2024-09-23,1000000.00,3.468101,99.73828125
08:00:18,91282CLL3,TSRYS5884563,D,S,T,2024-09-23,1000000.00,3.473683,99.72265625
08:00:18,91282CLL3,TSRYS5884563,D,S,T,2024-09-23,1000000.00,3.470194,99.732421875
08:00:18,91282CLL3,TSRYS5884563,D,S,T,2024-09-23,1000000.00,3.470194,99.732421875
08:00:18,91282CLL3,TSRYS5884563,D,S,D,2024-09-23,1000000.00,3.461125,99.7578125
08:00:19,91282CLL3,TSRYS5884563,D,S,T,2024-09-23,1000000.00,3.464613,99.748046875
08:00:19,91282CLL3,TSRYS5884563,D,S,T,2024-09-23,1000000.00,3.464613,99.748046875
08:00:19,91282CLL3,TSRYS5884563,D,S,T,2024-09-23,1000000.00,3.464613,99.748046875
08:00:19,91282CLL3,TSRYS5884563,D,S,D,2024-09-23,4000000.00,3.461823,99.755859375
08:00:19,91282CLL3,TSRYS5884563,D,S,D,2024-09-23,3000000.00,3.461823,99.755859375
08:00:19,91282CLL3,TSRYS5884563,D,S,D,2024-09-23,2000000.00,3.461823,99.755859375
08:00:19,91282CLL3,TSRYS5884563,D,S,D,2024-09-23,2000000.00,3.461823,99.755859375
08:00:19,91282CLL3,TSRYS5884563,D,S,D,2024-09-23,8000000.00,3.463915,99.75
08:00:19,91282CLL3,TSRYS5884563,D,S,D,2024-09-23,1000000.00,3.463915,99.75
08:00:19,91282CLL3,TSRYS5884563,D,S,D,2024-09-23,1000000.00,3.468101,99.73828125
08:00:19,91282CLL3,TSRYS5884563,D,S,D,2024-09-23,1000000.00,3.465311,99.74609375
08:00:19,91282CLL3,TSRYS5884563,D,S,D,2024-09-23,1000000.00,3.469496,99.734375
08:00:20,91282CLL3,TSRYS5884563,D,S,D,2024-09-23,1000000.00,3.45973,99.76171875
08:00:20,91282CLL3,TSRYS5884563,D,S,D,2024-09-23,1000000.00,3.461125,99.7578125
08:00:20,91282CLL3,TSRYS5884563,D,S,D,2024-09-23,1000000.00,3.461125,99.7578125
08:00:20,91282CLL3,TSRYS5884563,D,S,D,2024-09-23,1000000.00,3.463915,99.75
08:00:22,91282CLL3,TSRYS5884563,D,S,T,2024-09-23,1000000.00,3.46252,99.75390625
08:00:22,91282CLL3,TSRYS5884563,D,S,T,2024-09-23,1000000.00,3.46252,99.75390625
08:00:22,91282CLL3,TSRYS5884563,D,S,T,2024-09-23,1000000.00,3.46252,99.75390625
08:00:22,91282CLL3,TSRYS5884563,D,S,T,2024-09-23,1000000.00,3.46252,99.75390625
08:00:22,91282CLL3,TSRYS5884563,D,S,T,2024-09-23,1000000.00,3.46252,99.75390625
08:00:22,91282CLL3,TSRYS5884563,D,S,T,2024-09-23,1000000.00,3.46252,99.75390625
08:00:22,91282CLL3,TSRYS5884563,D,S,T,2024-09-23,1000000.00,3.46252,99.75390625
08:00:22,91282CLL3,TSRYS5884563,D,S,T,2024-09-23,1000000.00,3.46252,99.75390625
08:00:22,91282CLL3,TSRYS5884563,D,S,T,2024-09-23,1000000.00,3.46252,99.75390625
08:00:22,91282CLL3,TSRYS5884563,D,S,T,2024-09-23,1000000.00,3.461125,99.7578125
08:00:22,91282CLL3,TSRYS5884563,D,S,T,2024-09-23,1000000.00,3.461823,99.755859375
08:00:22,91282CLL3,TSRYS5884563,D,S,T,2024-09-23,1000000.00,3.461823,99.755859375
08:00:22,91282CLL3,TSRYS5884563,D,S,T,2024-09-23,1000000.00,3.464613,99.748046875
08:00:22,91282CLL3,TSRYS5884563,D,S,T,2024-09-23,1000000.00,3.467403,99.740234375
08:00:22,91282CLL3,TSRYS5884563,D,S,T,2024-09-23,1000000.00,3.466706,99.7421875
08:00:22,91282CLL3,TSRYS5884563,D,S,T,2024-09-23,1000000.00,3.464613,99.748046875
08:00:22,91282CLL3,TSRYS5884563,D,S,T,2024-09-23,1000000.00,3.464613,99.748046875
08:00:23,91282CLL3,TSRYS5884563,D,S,T,2024-09-23,1000000.00,3.464613,99.748046875
08:00:23,91282CLL3,TSRYS5884563,D,S,T,2024-09-23,1000000.00,3.464613,99.748046875
08:00:23,91282CLL3,TSRYS5884563,D,S,T,2024-09-23,1000000.00,3.464613,99.748046875
08:00:23,91282CLL3,TSRYS5884563,D,S,T,2024-09-23,1000000.00,3.464613,99.748046875
08:00:23,91282CLL3,TSRYS5884563,D,S,T,2024-09-23,1000000.00,3.464613,99.748046875
08:00:23,91282CLL3,TSRYS5884563,D,S,D,2024-09-23,1000000.00,3.464613,99.748046875
08:00:23,91282CLL3,TSRYS5884563,D,S,D,2024-09-23,8000000.00,3.464613,99.748046875
08:00:23,91282CLL3,TSRYS5884563,D,S,T,2024-09-23,1000000.00,3.464613,99.748046875
08:00:23,91282CLL3,TSRYS5884563,D,S,T,2024-09-23,1000000.00,3.464613,99.748046875
08:00:23,91282CLL3,TSRYS5884563,D,S,T,2024-09-23,1000000.00,3.464613,99.748046875
08:00:23,91282CLL3,TSRYS5884563,D,S,T,2024-09-23,1000000.00,3.464613,99.748046875
08:00:23,91282CLL3,TSRYS5884563,D,S,D,2024-09-23,6000000.00,3.464613,99.748046875
08:00:23,91282CLL3,TSRYS5884563,D,S,D,2024-09-23,1000000.00,3.464613,99.748046875
08:00:23,91282CLL3,TSRYS5884563,D,S,T,2024-09-23,1000000.00,3.464613,99.748046875
08:00:23,91282CLL3,TSRYS5884563,D,S,T,2024-09-23,1000000.00,3.464613,99.748046875
08:00:23,91282CLL3,TSRYS5884563,D,S,T,2024-09-23,1000000.00,3.464613,99.748046875
08:00:23,91282CLL3,TSRYS5884563,D,S,D,2024-09-23,1000000.00,3.469496,99.734375
08:00:23,91282CLL3,TSRYS5884563,D,S,D,2024-09-23,2000000.00,3.470892,99.73046875
08:00:23,91282CLL3,TSRYS5884563,D,S,D,2024-09-23,3000000.00,3.470892,99.73046875
08:00:23,91282CLL3,TSRYS5884563,D,S,T,2024-09-23,1000000.00,3.464613,99.748046875
08:00:23,91282CLL3,TSRYS5884563,D,S,D,2024-09-23,1000000.00,3.468799,99.736328125
08:00:23,91282CLL3,TSRYS5884563,D,S,D,2024-09-23,1000000.00,3.466706,99.7421875
08:00:23,91282CLL3,TSRYS5884563,D,S,T,2024-09-23,1000000.00,3.464613,99.748046875
08:00:23,91282CLL3,TSRYS5884563,D,S,D,2024-09-23,4000000.00,3.466706,99.7421875
08:00:23,91282CLL3,TSRYS5884563,D,S,T,2024-09-23,2000000.00,3.464613,99.748046875
08:00:23,91282CLL3,TSRYS5884563,D,S,D,2024-09-23,2000000.00,3.466706,99.7421875
08:00:23,91282CLL3,TSRYS5884563,D,S,D,2024-09-23,1000000.00,3.466706,99.7421875
08:00:23,91282CLL3,TSRYS5884563,D,S,T,2024-09-23,1000000.00,3.464613,99.748046875
08:00:23,91282CLL3,TSRYS5884563,D,S,D,2024-09-23,1000000.00,3.466706,99.7421875
08:00:23,91282CLL3,TSRYS5884563,D,S,D,2024-09-23,1000000.00,3.466706,99.7421875
08:00:23,91282CLL3,TSRYS5884563,D,S,T,2024-09-23,2000000.00,3.464613,99.748046875
08:00:23,91282CLL3,TSRYS5884563,D,S,D,2024-09-23,50000000.00,3.467403,99.740234375
08:00:23,91282CLL3,TSRYS5884563,D,S,D,2024-09-23,1000000.00,3.467403,99.740234375
08:00:23,91282CLL3,TSRYS5884563,D,S,D,2024-09-23,1000000.00,3.467403,99.740234375
08:00:23,91282CLL3,TSRYS5884563,D,S,T,2024-09-23,2000000.00,3.464613,99.748046875
08:00:23,91282CLL3,TSRYS5884563,D,S,D,2024-09-23,1000000.00,3.467403,99.740234375
08:00:23,91282CLL3,TSRYS5884563,D,S,D,2024-09-23,1000000.00,3.467403,99.740234375
08:00:23,91282CLL3,TSRYS5884563,D,S,D,2024-09-23,1000000.00,3.467403,99.740234375
08:00:23,91282CLL3,TSRYS5884563,D,S,D,2024-09-23,1000000.00,3.467403,99.740234375
08:00:23,91282CLL3,TSRYS5884563,D,S,D,2024-09-23,1000000.00,3.467403,99.740234375
08:00:23,91282CLL3,TSRYS5884563,D,S,D,2024-09-23,1000000.00,3.467403,99.740234375
08:00:23,91282CLL3,TSRYS5884563,D,S,D,2024-09-23,1000000.00,3.466706,99.7421875
08:00:23,91282CLL3,TSRYS5884563,D,S,D,2024-09-23,1000000.00,3.466706,99.7421875
08:00:23,91282CLL3,TSRYS5884563,D,S,D,2024-09-23,1000000.00,3.466706,99.7421875
08:00:23,91282CLL3,TSRYS5884563,D,S,D,2024-09-23,1000000.00,3.466706,99.7421875
08:00:23,91282CLL3,TSRYS5884563,D,S,D,2024-09-23,1000000.00,3.466706,99.7421875
08:00:23,91282CLL3,TSRYS5884563,D,S,D,2024-09-23,1000000.00,3.466706,99.7421875
08:00:23,91282CLL3,TSRYS5884563,D,S,D,2024-09-23,1000000.00,3.466706,99.7421875
08:00:23,91282CLL3,TSRYS5884563,D,S,D,2024-09-23,1000000.00,3.466706,99.7421875
08:00:23,91282CLL3,TSRYS5884563,D,S,D,2024-09-23,1000000.00,3.466706,99.7421875
08:00:23,91282CLL3,TSRYS5884563,D,S,D,2024-09-23,1000000.00,3.466706,99.7421875
08:00:23,91282CLL3,TSRYS5884563,D,S,D,2024-09-23,1000000.00,3.466706,99.7421875
08:00:23,91282CLL3,TSRYS5884563,D,S,D,2024-09-23,1000000.00,3.466706,99.7421875
08:00:23,91282CLL3,TSRYS5884563,D,S,D,2024-09-23,1000000.00,3.466706,99.7421875
08:00:23,91282CLL3,TSRYS5884563,D,S,D,2024-09-23,1000000.00,3.466706,99.7421875
08:00:23,91282CLL3,TSRYS5884563,D,S,D,2024-09-23,1000000.00,3.466706,99.7421875
08:00:23,91282CLL3,TSRYS5884563,D,S,D,2024-09-23,1000000.00,3.466706,99.7421875
08:00:23,91282CLL3,TSRYS5884563,D,S,D,2024-09-23,1000000.00,3.466706,99.7421875
08:00:23,91282CLL3,TSRYS5884563,D,S,D,2024-09-23,1000000.00,3.466706,99.7421875
08:00:23,91282CLL3,TSRYS5884563,D,S,D,2024-09-23,1000000.00,3.466706,99.7421875
08:00:23,91282CLL3,TSRYS5884563,D,S,D,2024-09-23,1000000.00,3.466706,99.7421875
08:00:23,91282CLL3,TSRYS5884563,D,S,D,2024-09-23,1000000.00,3.466706,99.7421875
08:00:23,91282CLL3,TSRYS5884563,D,S,D,2024-09-23,1000000.00,3.466706,99.7421875
08:00:23,91282CLL3,TSRYS5884563,D,S,D,2024-09-23,1000000.00,3.466706,99.7421875
08:00:23,91282CLL3,TSRYS5884563,D,S,D,2024-09-23,1000000.00,3.466706,99.7421875
08:00:23,91282CLL3,TSRYS5884563,D,S,D,2024-09-23,1000000.00,3.466706,99.7421875
08:00:23,91282CLL3,TSRYS5884563,D,S,D,2024-09-23,1000000.00,3.466706,99.7421875
08:00:23,91282CLL3,TSRYS5884563,D,S,D,2024-09-23,1000000.00,3.466706,99.7421875
08:00:23,91282CLL3,TSRYS5884563,D,S,D,2024-09-23,1000000.00,3.466706,99.7421875
08:00:23,91282CLL3,TSRYS5884563,D,S,D,2024-09-23,1000000.00,3.466706,99.7421875
08:00:23,91282CLL3,TSRYS5884563,D,S,D,2024-09-23,1000000.00,3.466706,99.7421875
08:00:23,91282CLL3,TSRYS5884563,D,S,D,2024-09-23,1000000.00,3.466706,99.7421875
08:00:24,91282CLL3,TSRYS5884563,D,S,D,2024-09-23,1000000.00,3.466706,99.7421875
08:00:24,91282CLL3,TSRYS5884563,D,S,D,2024-09-23,1000000.00,3.466706,99.7421875
08:00:24,91282CLL3,TSRYS5884563,D,S,D,2024-09-23,1000000.00,3.466706,99.7421875
08:00:24,91282CLL3,TSRYS5884563,D,S,D,2024-09-23,1000000.00,3.466706,99.7421875
08:00:24,91282CLL3,TSRYS5884563,D,S,D,2024-09-23,1000000.00,3.466706,99.7421875
08:00:24,91282CLL3,TSRYS5884563,D,S,D,2024-09-23,1000000.00,3.466706,99.7421875
08:00:24,91282CLL3,TSRYS5884563,D,S,D,2024-09-23,1000000.00,3.466706,99.7421875
08:00:24,91282CLL3,TSRYS5884563,D,S,D,2024-09-23,1000000.00,3.466706,99.7421875
08:00:24,91282CLL3,TSRYS5884563,D,S,D,2024-09-23,1000000.00,3.466706,99.7421875
08:00:24,91282CLL3,TSRYS5884563,D,S,D,2024-09-23,1000000.00,3.466706,99.7421875
08:00:24,91282CLL3,TSRYS5884563,D,S,D,2024-09-23,1000000.00,3.466706,99.7421875
08:00:24,91282CLL3,TSRYS5884563,D,S,D,2024-09-23,8000000.00,3.469496,99.734375
08:00:24,91282CLL3,TSRYS5884563,D,S,D,2024-09-23,1000000.00,3.468101,99.73828125
08:00:24,91282CLL3,TSRYS5884563,D,S,D,2024-09-23,1000000.00,3.468101,99.73828125
08:00:24,91282CLL3,TSRYS5884563,D,S,D,2024-09-23,1000000.00,3.468101,99.73828125
08:00:24,91282CLL3,TSRYS5884563,D,S,D,2024-09-23,1000000.00,3.468101,99.73828125
08:00:24,91282CLL3,TSRYS5884563,D,S,D,2024-09-23,8000000.00,3.468101,99.73828125
08:00:24,91282CLL3,TSRYS5884563,D,S,D,2024-09-23,1000000.00,3.468101,99.73828125
08:00:24,91282CLL3,TSRYS5884563,D,S,D,2024-09-23,1000000.00,3.468101,99.73828125
08:00:24,91282CLL3,TSRYS5884563,D,S,D,2024-09-23,1000000.00,3.468101,99.73828125
08:00:24,91282CLL3,TSRYS5884563,D,S,D,2024-09-23,2000000.00,3.468101,99.73828125
08:00:24,91282CLL3,TSRYS5884563,D,S,D,2024-09-23,1000000.00,3.468101,99.73828125
08:00:24,91282CLL3,TSRYS5884563,D,S,D,2024-09-23,1000000.00,3.468101,99.73828125
08:00:24,91282CLL3,TSRYS5884563,D,S,D,2024-09-23,1000000.00,3.468101,99.73828125
08:00:24,91282CLL3,TSRYS5884563,D,S,D,2024-09-23,1000000.00,3.468101,99.73828125
08:00:24,91282CLL3,TSRYS5884563,D,S,D,2024-09-23,1000000.00,3.468101,99.73828125
08:00:24,91282CLL3,TSRYS5884563,D,S,D,2024-09-23,1000000.00,3.468101,99.73828125
08:00:24,91282CLL3,TSRYS5884563,D,S,D,2024-09-23,1000000.00,3.468101,99.73828125
08:00:24,91282CLL3,TSRYS5884563,D,S,D,2024-09-23,1000000.00,3.468101,99.73828125
08:00:24,91282CLL3,TSRYS5884563,D,S,D,2024-09-23,1000000.00,3.468101,99.73828125
08:00:24,91282CLL3,TSRYS5884563,D,S,D,2024-09-23,1000000.00,3.468101,99.73828125
08:00:24,91282CLL3,TSRYS5884563,D,S,D,2024-09-23,1000000.00,3.468101,99.73828125
08:00:24,91282CLL3,TSRYS5884563,D,S,D,2024-09-23,1000000.00,3.468101,99.73828125
08:00:24,91282CLL3,TSRYS5884563,D,S,D,2024-09-23,1000000.00,3.468101,99.73828125
08:00:24,91282CLL3,TSRYS5884563,D,S,D,2024-09-23,1000000.00,3.458336,99.765625
08:00:24,91282CLL3,TSRYS5884563,D,S,D,2024-09-23,1000000.00,3.463915,99.75
08:00:24,91282CLL3,TSRYS5884563,D,S,D,2024-09-23,1000000.00,3.461125,99.7578125
08:00:24,91282CLL3,TSRYS5884563,D,S,D,2024-09-23,1000000.00,3.469496,99.734375
08:00:25,91282CLL3,TSRYS5884563,D,S,D,2024-09-23,1000000.00,3.468101,99.73828125
08:00:25,91282CLL3,TSRYS5884563,D,S,D,2024-09-23,1000000.00,3.469496,99.734375
08:00:26,91282CLL3,TSRYS5884563,D,S,T,2024-09-23,1000000.00,3.472287,99.7265625
08:00:26,91282CLL3,TSRYS5884563,D,S,T,2024-09-23,1000000.00,3.472287,99.7265625
08:00:26,91282CLL3,TSRYS5884563,D,S,T,2024-09-23,1000000.00,3.472287,99.7265625
08:00:26,91282CLL3,TSRYS5884563,D,B,C,2024-09-23,1000000.00,3.468799,99.736328125
08:00:26,91282CLL3,TSRYS5884563,D,S,D,2024-09-23,1000000.00,3.468799,99.736328125
08:00:26,91282CLL3,TSRYS5884563,D,S,D,2024-09-23,1000000.00,3.469496,99.734375
08:00:26,91282CLL3,TSRYS5884563,D,S,D,2024-09-23,1000000.00,3.469496,99.734375
08:00:26,91282CLL3,TSRYS5884563,D,S,T,2024-09-23,1000000.00,3.465311,99.74609375
08:00:26,91282CLL3,TSRYS5884563,D,S,T,2024-09-23,1000000.00,3.465311,99.74609375
08:00:26,91282CLL3,TSRYS5884563,D,S,T,2024-09-23,1000000.00,3.472287,99.7265625
08:00:26,91282CLL3,TSRYS5884563,D,S,T,2024-09-23,1000000.00,3.475078,99.71875
08:00:27,91282CLL3,TSRYS5884563,D,S,T,2024-09-23,1000000.00,3.464613,99.748046875
08:00:27,91282CLL3,TSRYS5884563,D,S,T,2024-09-23,1000000.00,3.464613,99.748046875
08:00:27,91282CLL3,TSRYS5884563,D,S,T,2024-09-23,1000000.00,3.464613,99.748046875
08:00:27,91282CLL3,TSRYS5884563,D,S,T,2024-09-23,1000000.00,3.480661,99.703125
08:00:27,91282CLL3,TSRYS5884563,D,S,T,2024-09-23,1000000.00,3.484151,99.693359375
08:00:27,91282CLL3,TSRYS5884563,D,S,D,2024-09-23,1000000.00,3.476474,99.71484375
08:00:27,91282CLL3,TSRYS5884563,D,S,D,2024-09-23,2000000.00,3.468101,99.73828125
08:00:27,91282CLL3,TSRYS5884563,D,S,D,2024-09-23,2000000.00,3.470194,99.732421875
08:00:27,91282CLL3,TSRYS5884563,D,S,D,2024-09-23,1000000.00,3.468101,99.73828125
08:00:27,91282CLL3,TSRYS5884563,D,S,D,2024-09-23,1000000.00,3.465311,99.74609375
08:00:27,91282CLL3,TSRYS5884563,D,S,D,2024-09-23,2000000.00,3.469496,99.734375
08:00:27,91282CLL3,TSRYS5884563,D,S,D,2024-09-23,1000000.00,3.469496,99.734375
08:00:27,91282CLL3,TSRYS5884563,D,S,D,2024-09-23,2000000.00,3.459033,99.763671875
08:00:27,91282CLL3,TSRYS5884563,D,S,D,2024-09-23,1000000.00,3.45973,99.76171875
08:00:27,91282CLL3,TSRYS5884563,D,S,D,2024-09-23,1000000.00,3.461125,99.7578125
08:00:27,91282CLL3,TSRYS5884563,D,S,D,2024-09-23,1000000.00,3.461125,99.7578125
08:00:27,91282CLL3,TSRYS5884563,D,S,D,2024-09-23,1000000.00,3.471589,99.728515625
08:00:27,91282CLL3,TSRYS5884563,D,S,D,2024-09-23,1000000.00,3.463218,99.751953125
08:00:27,91282CLL3,TSRYS5884563,D,S,D,2024-09-23,1000000.00,3.461125,99.7578125
08:00:27,91282CLL3,TSRYS5884563,D,S,D,2024-09-23,2000000.00,3.467403,99.740234375
08:00:27,91282CLL3,TSRYS5884563,D,S,D,2024-09-23,1000000.00,3.468101,99.73828125
08:00:27,91282CLL3,TSRYS5884563,D,S,D,2024-09-23,1000000.00,3.469496,99.734375
08:00:27,91282CLL3,TSRYS5884563,D,S,D,2024-09-23,1000000.00,3.470194,99.732421875
08:00:27,91282CLL3,TSRYS5884563,D,S,D,2024-09-23,1000000.00,3.469496,99.734375
08:00:27,91282CLL3,TSRYS5884563,D,S,T,2024-09-23,1000000.00,3.475078,99.71875
08:00:27,91282CLL3,TSRYS5884563,D,S,T,2024-09-23,1000000.00,3.464613,99.748046875
08:00:27,91282CLL3,TSRYS5884563,D,S,T,2024-09-23,1000000.00,3.464613,99.748046875
08:00:27,91282CLL3,TSRYS5884563,D,S,T,2024-09-23,2000000.00,3.464613,99.748046875
08:00:27,91282CLL3,TSRYS5884563,D,S,T,2024-09-23,1000000.00,3.464613,99.748046875
08:00:27,91282CLL3,TSRYS5884563,D,S,T,2024-09-23,1000000.00,3.464613,99.748046875
08:00:27,91282CLL3,TSRYS5884563,D,S,T,2024-09-23,1000000.00,3.464613,99.748046875
08:00:27,91282CLL3,TSRYS5884563,D,S,T,2024-09-23,1000000.00,3.464613,99.748046875
08:00:27,91282CLL3,TSRYS5884563,D,S,T,2024-09-23,2000000.00,3.464613,99.748046875
08:00:27,91282CLL3,TSRYS5884563,D,S,T,2024-09-23,2000000.00,3.464613,99.748046875
08:00:27,91282CLL3,TSRYS5884563,D,S,T,2024-09-23,2000000.00,3.464613,99.748046875
08:00:27,91282CLL3,TSRYS5884563,D,S,T,2024-09-23,9000000.00,3.464613,99.748046875
08:00:27,91282CLL3,TSRYS5884563,D,S,T,2024-09-23,1000000.00,3.464613,99.748046875
08:00:27,91282CLL3,TSRYS5884563,D,S,T,2024-09-23,5000000.00,3.464613,99.748046875
08:00:27,91282CLL3,TSRYS5884563,D,B,A,2024-09-23,13000.00,3.463915,99.75
08:00:27,91282CLL3,TSRYS5884563,D,S,T,2024-09-23,1000000.00,3.461823,99.755859375
08:00:27,91282CLL3,TSRYS5884563,D,S,T,2024-09-23,1000000.00,3.463218,99.751953125
08:00:27,91282CLL3,TSRYS5884563,D,S,T,2024-09-23,1000000.00,3.46252,99.75390625
08:00:27,91282CLL3,TSRYS5884563,D,S,T,2024-09-23,1000000.00,3.46252,99.75390625
08:00:27,91282CLL3,TSRYS5884563,D,S,T,2024-09-23,1000000.00,3.46252,99.75390625
08:00:28,91282CLL3,TSRYS5884563,D,S,T,2024-09-23,1000000.00,3.46252,99.75390625
08:00:28,91282CLL3,TSRYS5884563,D,S,T,2024-09-23,1000000.00,3.465311,99.74609375
08:00:28,91282CLL3,TSRYS5884563,D,S,T,2024-09-23,1000000.00,3.465311,99.74609375
08:00:28,91282CLL3,TSRYS5884563,D,S,T,2024-09-23,1000000.00,3.465311,99.74609375
08:00:28,91282CLL3,TSRYS5884563,D,S,T,2024-09-23,1000000.00,3.464613,99.748046875
08:00:28,91282CLL3,TSRYS5884563,D,S,T,2024-09-23,2000000.00,3.465311,99.74609375
08:00:28,91282CLL3,TSRYS5884563,D,S,D,2024-09-23,1000000.00,3.468101,99.73828125
08:00:28,91282CLL3,TSRYS5884563,D,S,T,2024-09-23,1000000.00,3.465311,99.74609375
08:00:28,91282CLL3,TSRYS5884563,D,S,D,2024-09-23,1000000.00,3.468101,99.73828125
08:00:28,91282CLL3,TSRYS5884563,D,S,D,2024-09-23,1000000.00,3.468101,99.73828125
08:00:28,91282CLL3,TSRYS5884563,D,S,T,2024-09-23,1000000.00,3.465311,99.74609375
08:00:28,91282CLL3,TSRYS5884563,D,S,D,2024-09-23,1000000.00,3.468101,99.73828125
08:00:28,91282CLL3,TSRYS5884563,D,S,D,2024-09-23,1000000.00,3.468101,99.73828125
08:00:28,91282CLL3,TSRYS5884563,D,S,D,2024-09-23,1000000.00,3.468101,99.73828125
08:00:28,91282CLL3,TSRYS5884563,D,S,T,2024-09-23,1000000.00,3.465311,99.74609375
08:00:28,91282CLL3,TSRYS5884563,D,S,D,2024-09-23,1000000.00,3.468101,99.73828125
08:00:28,91282CLL3,TSRYS5884563,D,S,D,2024-09-23,1000000.00,3.468101,99.73828125
08:00:28,91282CLL3,TSRYS5884563,D,S,D,2024-09-23,1000000.00,3.468101,99.73828125
08:00:28,91282CLL3,TSRYS5884563,D,S,D,2024-09-23,1000000.00,3.468101,99.73828125
08:00:28,91282CLL3,TSRYS5884563,D,S,T,2024-09-23,2000000.00,3.465311,99.74609375
08:00:28,91282CLL3,TSRYS5884563,D,S,D,2024-09-23,1000000.00,3.468799,99.736328125
08:00:28,91282CLL3,TSRYS5884563,D,S,T,2024-09-23,1000000.00,3.465311,99.74609375
08:00:28,91282CLL3,TSRYS5884563,D,B,C,2024-09-23,18000000.00,3.468101,99.73828125
08:00:29,91282CLL3,TSRYS5884563,D,S,C,2024-09-23,3000000.00,3.47438,99.720703125
08:00:30,91282CLL3,TSRYS5884563,D,S,T,2024-09-23,1000000.00,3.484849,99.69140625
08:00:30,91282CLL3,TSRYS5884563,D,S,T,2024-09-23,1000000.00,3.483453,99.6953125
08:00:30,91282CLL3,TSRYS5884563,D,S,T,2024-09-23,1000000.00,3.486245,99.6875
08:00:30,91282CLL3,TSRYS5884563,D,S,T,2024-09-23,1000000.00,3.476474,99.71484375
08:00:30,91282CLL3,TSRYS5884563,D,S,T,2024-09-23,1000000.00,3.475078,99.71875
08:00:30,91282CLL3,TSRYS5884563,D,S,T,2024-09-23,1000000.00,3.469496,99.734375
08:00:30,91282CLL3,TSRYS5884563,D,S,T,2024-09-23,1000000.00,3.468101,99.73828125
08:00:30,91282CLL3,TSRYS5884563,D,S,T,2024-09-23,1000000.00,3.468101,99.73828125
08:00:30,91282CLL3,TSRYS5884563,D,S,T,2024-09-23,1000000.00,3.468101,99.73828125
08:00:30,91282CLL3,TSRYS5884563,D,S,T,2024-09-23,1000000.00,3.466706,99.7421875
08:00:30,91282CLL3,TSRYS5884563,D,S,T,2024-09-23,1000000.00,3.466706,99.7421875
08:00:30,91282CLL3,TSRYS5884563,D,S,T,2024-09-23,1000000.00,3.466706,99.7421875
08:00:30,91282CLL3,TSRYS5884563,D,S,T,2024-09-23,1000000.00,3.466706,99.7421875
08:00:30,91282CLL3,TSRYS5884563,D,S,T,2024-09-23,1000000.00,3.466706,99.7421875
08:00:30,91282CLL3,TSRYS5884563,D,S,T,2024-09-23,1000000.00,3.468101,99.73828125
08:00:30,91282CLL3,TSRYS5884563,D,S,T,2024-09-23,2000000.00,3.468101,99.73828125
08:00:30,91282CLL3,TSRYS5884563,D,S,T,2024-09-23,1000000.00,3.465311,99.74609375
08:00:30,91282CLL3,TSRYS5884563,D,S,T,2024-09-23,1000000.00,3.465311,99.74609375
08:00:30,91282CLL3,TSRYS5884563,D,S,T,2024-09-23,1000000.00,3.466008,99.744140625
08:00:30,91282CLL3,TSRYS5884563,D,S,T,2024-09-23,1000000.00,3.465311,99.74609375
08:00:30,91282CLL3,TSRYS5884563,D,S,T,2024-09-23,1000000.00,3.466706,99.7421875
08:00:30,91282CLL3,TSRYS5884563,D,S,T,2024-09-23,1000000.00,3.468101,99.73828125
08:00:30,91282CLL3,TSRYS5884563,D,S,T,2024-09-23,1000000.00,3.468101,99.73828125
08:00:30,91282CLL3,TSRYS5884563,D,S,T,2024-09-23,1000000.00,3.469496,99.734375
08:00:30,91282CLL3,TSRYS5884563,D,S,T,2024-09-23,1000000.00,3.468101,99.73828125
08:00:30,91282CLL3,TSRYS5884563,D,S,T,2024-09-23,1000000.00,3.466706,99.7421875
08:00:30,91282CLL3,TSRYS5884563,D,S,T,2024-09-23,1000000.00,3.466706,99.7421875
08:00:30,91282CLL3,TSRYS5884563,D,S,T,2024-09-23,1000000.00,3.469496,99.734375
08:00:30,91282CLL3,TSRYS5884563,D,S,T,2024-09-23,1000000.00,3.469496,99.734375
08:00:30,91282CLL3,TSRYS5884563,D,S,T,2024-09-23,1000000.00,3.468101,99.73828125
08:00:30,91282CLL3,TSRYS5884563,D,S,T,2024-09-23,1000000.00,3.465311,99.74609375
08:00:30,91282CLL3,TSRYS5884563,D,S,T,2024-09-23,1000000.00,3.466706,99.7421875
08:00:30,91282CLL3,TSRYS5884563,D,S,T,2024-09-23,1000000.00,3.465311,99.74609375
08:00:30,91282CLL3,TSRYS5884563,D,S,T,2024-09-23,1000000.00,3.465311,99.74609375
08:00:30,91282CLL3,TSRYS5884563,D,S,T,2024-09-23,1000000.00,3.463915,99.75
08:00:30,91282CLL3,TSRYS5884563,D,S,T,2024-09-23,1000000.00,3.46252,99.75390625
08:00:30,91282CLL3,TSRYS5884563,D,S,T,2024-09-23,1000000.00,3.463915,99.75
08:00:30,91282CLL3,TSRYS5884563,D,S,T,2024-09-23,1000000.00,3.465311,99.74609375
08:00:30,91282CLL3,TSRYS5884563,D,S,T,2024-09-23,1000000.00,3.465311,99.74609375
08:00:30,91282CLL3,TSRYS5884563,D,S,T,2024-09-23,1000000.00,3.461125,99.7578125
08:00:30,91282CLL3,TSRYS5884563,D,S,T,2024-09-23,1000000.00,3.46252,99.75390625
08:00:30,91282CLL3,TSRYS5884563,D,S,T,2024-09-23,1000000.00,3.463915,99.75
08:00:30,91282CLL3,TSRYS5884563,D,B,C,2024-09-23,1000000.00,3.472287,99.7265625
08:00:30,91282CLL3,TSRYS5884563,D,S,D,2024-09-23,1000000.00,3.472287,99.7265625
08:00:30,91282CLL3,TSRYS5884563,D,S,T,2024-09-23,1000000.00,3.466706,99.7421875
08:00:30,91282CLL3,TSRYS5884563,D,S,T,2024-09-23,1000000.00,3.466706,99.7421875
08:00:30,91282CLL3,TSRYS5884563,D,S,D,2024-09-23,1000000.00,3.470194,99.732421875
08:00:30,91282CLL3,TSRYS5884563,D,S,D,2024-09-23,1000000.00,3.470194,99.732421875
08:00:30,91282CLL3,TSRYS5884563,D,S,T,2024-09-23,1000000.00,3.468101,99.73828125
08:00:30,91282CLL3,TSRYS5884563,D,S,T,2024-09-23,1000000.00,3.461125,99.7578125
08:00:30,91282CLL3,TSRYS5884563,D,S,T,2024-09-23,1000000.00,3.46252,99.75390625
08:00:30,91282CLL3,TSRYS5884563,D,S,T,2024-09-23,1000000.00,3.46252,99.75390625
08:00:30,91282CLL3,TSRYS5884563,D,S,T,2024-09-23,1000000.00,3.46252,99.75390625
08:00:30,91282CLL3,TSRYS5884563,D,S,T,2024-09-23,1000000.00,3.460428,99.759765625
08:00:30,91282CLL3,TSRYS5884563,D,S,T,2024-09-23,1000000.00,3.46252,99.75390625
08:00:30,91282CLL3,TSRYS5884563,D,S,T,2024-09-23,1000000.00,3.46252,99.75390625
08:00:30,91282CLL3,TSRYS5884563,D,S,T,2024-09-23,1000000.00,3.46252,99.75390625
08:00:30,91282CLL3,TSRYS5884563,D,S,T,2024-09-23,1000000.00,3.46252,99.75390625
08:00:30,91282CLL3,TSRYS5884563,D,S,T,2024-09-23,1000000.00,3.465311,99.74609375
08:00:30,91282CLL3,TSRYS5884563,D,S,T,2024-09-23,1000000.00,3.465311,99.74609375
08:00:30,91282CLL3,TSRYS5884563,D,S,T,2024-09-23,1000000.00,3.466706,99.7421875
08:00:30,91282CLL3,TSRYS5884563,D,S,T,2024-09-23,1000000.00,3.466706,99.7421875
08:00:30,91282CLL3,TSRYS5884563,D,S,T,2024-09-23,1000000.00,3.468101,99.73828125
08:00:30,91282CLL3,TSRYS5884563,D,S,T,2024-09-23,1000000.00,3.463915,99.75
08:00:30,91282CLL3,TSRYS5884563,D,S,T,2024-09-23,1000000.00,3.465311,99.74609375
08:00:30,91282CLL3,TSRYS5884563,D,S,D,2024-09-23,1000000.00,3.473683,99.72265625
08:00:30,91282CLL3,TSRYS5884563,D,B,C,2024-09-23,3000000.00,3.472287,99.7265625
08:00:30,91282CLL3,TSRYS5884563,D,S,D,2024-09-23,3000000.00,3.472287,99.7265625
08:00:30,91282CLL3,TSRYS5884563,D,S,D,2024-09-23,3000000.00,3.472287,99.7265625
08:00:30,91282CLL3,TSRYS5884563,D,S,T,2024-09-23,1000000.00,3.465311,99.74609375
08:00:30,91282CLL3,TSRYS5884563,D,S,T,2024-09-23,1000000.00,3.465311,99.74609375
08:00:30,91282CLL3,TSRYS5884563,D,S,T,2024-09-23,1000000.00,3.465311,99.74609375
08:00:30,91282CLL3,TSRYS5884563,D,S,T,2024-09-23,1000000.00,3.465311,99.74609375
08:00:30,91282CLL3,TSRYS5884563,D,S,T,2024-09-23,1000000.00,3.465311,99.74609375
08:00:30,91282CLL3,TSRYS5884563,D,S,T,2024-09-23,1000000.00,3.463915,99.75
08:00:30,91282CLL3,TSRYS5884563,D,S,T,2024-09-23,1000000.00,3.463915,99.75
08:00:30,91282CLL3,TSRYS5884563,D,S,T,2024-09-23,1000000.00,3.465311,99.74609375
08:00:30,91282CLL3,TSRYS5884563,D,S,T,2024-09-23,1000000.00,3.466706,99.7421875
08:00:30,91282CLL3,TSRYS5884563,D,S,T,2024-09-23,1000000.00,3.466706,99.7421875
08:00:30,91282CLL3,TSRYS5884563,D,S,T,2024-09-23,1000000.00,3.466706,99.7421875
08:00:30,91282CLL3,TSRYS5884563,D,S,T,2024-09-23,1000000.00,3.467403,99.740234375
08:00:30,91282CLL3,TSRYS5884563,D,S,T,2024-09-23,2000000.00,3.468101,99.73828125
08:00:30,91282CLL3,TSRYS5884563,D,S,T,2024-09-23,2000000.00,3.468101,99.73828125
08:00:30,91282CLL3,TSRYS5884563,D,S,T,2024-09-23,1000000.00,3.468101,99.73828125
08:00:30,91282CLL3,TSRYS5884563,D,S,T,2024-09-23,1000000.00,3.466008,99.744140625
08:00:30,91282CLL3,TSRYS5884563,D,S,T,2024-09-23,1000000.00,3.465311,99.74609375
08:00:30,91282CLL3,TSRYS5884563,D,S,T,2024-09-23,1000000.00,3.463915,99.75
08:00:30,91282CLL3,TSRYS5884563,D,S,T,2024-09-23,1000000.00,3.463915,99.75
08:00:30,91282CLL3,TSRYS5884563,D,S,D,2024-09-23,2000000.00,3.472287,99.7265625
08:00:30,91282CLL3,TSRYS5884563,D,S,D,2024-09-23,1000000.00,3.471589,99.728515625
08:00:30,91282CLL3,TSRYS5884563,D,B,C,2024-09-23,1000000.00,3.471589,99.728515625
08:00:30,91282CLL3,TSRYS5884563,D,S,T,2024-09-23,1000000.00,3.469496,99.734375
08:00:30,91282CLL3,TSRYS5884563,D,S,T,2024-09-23,1000000.00,3.472287,99.7265625
08:00:30,91282CLL3,TSRYS5884563,D,S,T,2024-09-23,1000000.00,3.469496,99.734375
08:00:30,91282CLL3,TSRYS5884563,D,S,T,2024-09-23,2000000.00,3.472985,99.724609375
08:00:30,91282CLL3,TSRYS5884563,D,S,T,2024-09-23,1000000.00,3.472287,99.7265625
08:00:30,91282CLL3,TSRYS5884563,D,S,T,2024-09-23,1000000.00,3.472287,99.7265625
08:00:30,91282CLL3,TSRYS5884563,D,S,T,2024-09-23,1000000.00,3.470892,99.73046875
08:00:30,91282CLL3,TSRYS5884563,D,S,T,2024-09-23,4000000.00,3.470892,99.73046875
08:00:30,91282CLL3,TSRYS5884563,D,S,T,2024-09-23,1000000.00,3.470892,99.73046875
08:00:30,91282CLL3,TSRYS5884563,D,S,D,2024-09-23,1000000.00,3.465311,99.74609375
08:00:30,91282CLL3,TSRYS5884563,D,S,T,2024-09-23,2000000.00,3.465311,99.74609375
08:00:30,91282CLL3,TSRYS5884563,D,S,T,2024-09-23,1000000.00,3.465311,99.74609375
08:00:30,91282CLL3,TSRYS5884563,D,S,T,2024-09-23,2000000.00,3.465311,99.74609375
08:00:30,91282CLL3,TSRYS5884563,D,S,T,2024-09-23,1000000.00,3.465311,99.74609375
08:00:30,91282CLL3,TSRYS5884563,D,S,T,2024-09-23,1000000.00,3.468799,99.736328125
08:00:30,91282CLL3,TSRYS5884563,D,S,T,2024-09-23,1000000.00,3.467403,99.740234375
08:00:30,91282CLL3,TSRYS5884563,D,S,T,2024-09-23,1000000.00,3.466008,99.744140625
08:00:30,91282CLL3,TSRYS5884563,D,S,T,2024-09-23,1000000.00,3.465311,99.74609375
08:00:30,91282CLL3,TSRYS5884563,D,S,T,2024-09-23,1000000.00,3.464613,99.748046875
08:00:30,91282CLL3,TSRYS5884563,D,S,T,2024-09-23,1000000.00,3.465311,99.74609375
08:00:30,91282CLL3,TSRYS5884563,D,S,T,2024-09-23,1000000.00,3.463915,99.75
08:00:30,91282CLL3,TSRYS5884563,D,S,T,2024-09-23,1000000.00,3.465311,99.74609375
08:00:30,91282CLL3,TSRYS5884563,D,S,T,2024-09-23,1000000.00,3.463915,99.75
08:00:30,91282CLL3,TSRYS5884563,D,S,T,2024-09-23,1000000.00,3.463915,99.75
08:00:30,91282CLL3,TSRYS5884563,D,S,T,2024-09-23,1000000.00,3.45973,99.76171875
08:00:30,91282CLL3,TSRYS5884563,D,S,T,2024-09-23,1000000.00,3.45973,99.76171875
08:00:30,91282CLL3,TSRYS5884563,D,S,T,2024-09-23,1000000.00,3.45973,99.76171875
08:00:30,91282CLL3,TSRYS5884563,D,S,T,2024-09-23,1000000.00,3.45973,99.76171875
08:00:30,91282CLL3,TSRYS5884563,D,S,T,2024-09-23,1000000.00,3.46252,99.75390625
08:00:30,91282CLL3,TSRYS5884563,D,S,T,2024-09-23,1000000.00,3.463915,99.75
08:00:30,91282CLL3,TSRYS5884563,D,S,T,2024-09-23,1000000.00,3.463915,99.75
08:00:30,91282CLL3,TSRYS5884563,D,S,T,2024-09-23,1000000.00,3.461125,99.7578125
08:00:30,91282CLL3,TSRYS5884563,D,S,T,2024-09-23,1000000.00,3.45973,99.76171875
08:00:30,91282CLL3,TSRYS5884563,D,S,T,2024-09-23,1000000.00,3.45973,99.76171875
08:00:30,91282CLL3,TSRYS5884563,D,S,T,2024-09-23,4000000.00,3.461125,99.7578125
08:00:30,91282CLL3,TSRYS5884563,D,S,T,2024-09-23,1000000.00,3.461125,99.7578125
08:00:30,91282CLL3,TSRYS5884563,D,S,T,2024-09-23,2000000.00,3.46252,99.75390625
08:00:30,91282CLL3,TSRYS5884563,D,S,T,2024-09-23,1000000.00,3.46252,99.75390625
08:00:30,91282CLL3,TSRYS5884563,D,S,T,2024-09-23,2000000.00,3.46252,99.75390625
08:00:30,91282CLL3,TSRYS5884563,D,S,T,2024-09-23,1000000.00,3.46252,99.75390625
08:00:30,91282CLL3,TSRYS5884563,D,S,T,2024-09-23,1000000.00,3.461125,99.7578125
08:00:30,91282CLL3,TSRYS5884563,D,S,T,2024-09-23,1000000.00,3.46252,99.75390625
08:00:30,91282CLL3,TSRYS5884563,D,S,T,2024-09-23,1000000.00,3.46252,99.75390625
08:00:30,91282CLL3,TSRYS5884563,D,S,T,2024-09-23,1000000.00,3.46252,99.75390625
08:00:30,91282CLL3,TSRYS5884563,D,S,T,2024-09-23,1000000.00,3.46252,99.75390625
08:00:30,91282CLL3,TSRYS5884563,D,S,T,2024-09-23,1000000.00,3.461125,99.7578125
08:00:30,91282CLL3,TSRYS5884563,D,S,T,2024-09-23,1000000.00,3.460428,99.759765625
08:00:30,91282CLL3,TSRYS5884563,D,S,T,2024-09-23,1000000.00,3.45973,99.76171875
08:00:30,91282CLL3,TSRYS5884563,D,S,T,2024-09-23,1000000.00,3.45973,99.76171875
08:00:30,91282CLL3,TSRYS5884563,D,S,T,2024-09-23,1000000.00,3.45973,99.76171875
08:00:30,91282CLL3,TSRYS5884563,D,S,T,2024-09-23,2000000.00,3.461125,99.7578125
08:00:30,91282CLL3,TSRYS5884563,D,S,T,2024-09-23,2000000.00,3.461125,99.7578125
08:00:30,91282CLL3,TSRYS5884563,D,S,T,2024-09-23,1000000.00,3.459033,99.763671875
08:00:30,91282CLL3,TSRYS5884563,D,S,T,2024-09-23,2000000.00,3.460428,99.759765625
08:00:30,91282CLL3,TSRYS5884563,D,S,T,2024-09-23,1000000.00,3.463915,99.75
08:00:30,91282CLL3,TSRYS5884563,D,S,T,2024-09-23,2000000.00,3.465311,99.74609375
08:00:30,91282CLL3,TSRYS5884563,D,S,T,2024-09-23,1000000.00,3.465311,99.74609375
08:00:30,91282CLL3,TSRYS5884563,D,S,T,2024-09-23,1000000.00,3.46252,99.75390625
08:00:30,91282CLL3,TSRYS5884563,D,S,T,2024-09-23,1000000.00,3.46252,99.75390625
08:00:30,91282CLL3,TSRYS5884563,D,S,T,2024-09-23,1000000.00,3.46252,99.75390625
08:00:30,91282CLL3,TSRYS5884563,D,S,T,2024-09-23,1000000.00,3.45973,99.76171875
08:00:30,91282CLL3,TSRYS5884563,D,S,T,2024-09-23,1000000.00,3.463915,99.75
08:00:30,91282CLL3,TSRYS5884563,D,S,T,2024-09-23,2000000.00,3.463915,99.75
08:00:30,91282CLL3,TSRYS5884563,D,S,T,2024-09-23,2000000.00,3.463915,99.75
08:00:30,91282CLL3,TSRYS5884563,D,S,T,2024-09-23,1000000.00,3.465311,99.74609375
08:00:30,91282CLL3,TSRYS5884563,D,S,T,2024-09-23,1000000.00,3.466706,99.7421875
08:00:30,91282CLL3,TSRYS5884563,D,S,T,2024-09-23,1000000.00,3.465311,99.74609375
08:00:30,91282CLL3,TSRYS5884563,D,S,T,2024-09-23,1000000.00,3.465311,99.74609375
08:00:30,91282CLL3,TSRYS5884563,D,S,T,2024-09-23,1000000.00,3.465311,99.74609375
08:00:30,91282CLL3,TSRYS5884563,D,S,T,2024-09-23,1000000.00,3.463915,99.75
08:00:30,91282CLL3,TSRYS5884563,D,S,T,2024-09-23,1000000.00,3.463915,99.75
08:00:30,91282CLL3,TSRYS5884563,D,S,T,2024-09-23,2000000.00,3.465311,99.74609375
08:00:30,91282CLL3,TSRYS5884563,D,S,T,2024-09-23,1000000.00,3.465311,99.74609375
08:00:30,91282CLL3,TSRYS5884563,D,S,T,2024-09-23,1000000.00,3.461125,99.7578125
08:00:30,91282CLL3,TSRYS5884563,D,S,T,2024-09-23,1000000.00,3.463218,99.751953125
08:00:30,91282CLL3,TSRYS5884563,D,S,T,2024-09-23,3000000.00,3.463218,99.751953125
08:00:30,91282CLL3,TSRYS5884563,D,S,T,2024-09-23,2000000.00,3.46252,99.75390625
08:00:30,91282CLL3,TSRYS5884563,D,S,T,2024-09-23,1000000.00,3.46252,99.75390625
08:00:30,91282CLL3,TSRYS5884563,D,S,T,2024-09-23,1000000.00,3.46252,99.75390625
08:00:30,91282CLL3,TSRYS5884563,D,S,T,2024-09-23,1000000.00,3.463218,99.751953125
08:00:30,91282CLL3,TSRYS5884563,D,S,T,2024-09-23,1000000.00,3.463915,99.75
08:00:30,91282CLL3,TSRYS5884563,D,S,T,2024-09-23,3000000.00,3.463915,99.75
08:00:30,91282CLL3,TSRYS5884563,D,S,T,2024-09-23,6000000.00,3.463915,99.75
08:00:30,91282CLL3,TSRYS5884563,D,S,T,2024-09-23,2000000.00,3.466008,99.744140625
08:00:30,91282CLL3,TSRYS5884563,D,S,T,2024-09-23,1000000.00,3.465311,99.74609375
08:00:30,91282CLL3,TSRYS5884563,D,S,T,2024-09-23,1000000.00,3.465311,99.74609375
08:00:30,91282CLL3,TSRYS5884563,D,S,T,2024-09-23,1000000.00,3.465311,99.74609375
08:00:30,91282CLL3,TSRYS5884563,D,S,T,2024-09-23,1000000.00,3.465311,99.74609375
08:00:30,91282CLL3,TSRYS5884563,D,S,T,2024-09-23,1000000.00,3.463915,99.75
08:00:30,91282CLL3,TSRYS5884563,D,S,T,2024-09-23,1000000.00,3.46252,99.75390625
08:00:30,91282CLL3,TSRYS5884563,D,S,T,2024-09-23,1000000.00,3.460428,99.759765625
08:00:30,91282CLL3,TSRYS5884563,D,S,T,2024-09-23,1000000.00,3.461125,99.7578125
08:00:30,91282CLL3,TSRYS5884563,D,S,T,2024-09-23,1000000.00,3.46252,99.75390625
08:00:30,91282CLL3,TSRYS5884563,D,S,T,2024-09-23,1000000.00,3.466706,99.7421875
08:00:30,91282CLL3,TSRYS5884563,D,S,T,2024-09-23,1000000.00,3.465311,99.74609375
08:00:30,91282CLL3,TSRYS5884563,D,S,T,2024-09-23,1000000.00,3.466706,99.7421875
08:00:30,91282CLL3,TSRYS5884563,D,S,T,2024-09-23,1000000.00,3.465311,99.74609375
08:00:30,91282CLL3,TSRYS5884563,D,S,T,2024-09-23,1000000.00,3.468101,99.73828125
08:00:30,91282CLL3,TSRYS5884563,D,S,T,2024-09-23,1000000.00,3.468101,99.73828125
08:00:30,91282CLL3,TSRYS5884563,D,S,T,2024-09-23,2000000.00,3.470892,99.73046875
08:00:30,91282CLL3,TSRYS5884563,D,S,T,2024-09-23,3000000.00,3.470892,99.73046875
08:00:30,91282CLL3,TSRYS5884563,D,S,T,2024-09-23,1000000.00,3.470892,99.73046875
08:00:30,91282CLL3,TSRYS5884563,D,S,T,2024-09-23,1000000.00,3.470892,99.73046875
08:00:30,91282CLL3,TSRYS5884563,D,S,T,2024-09-23,1000000.00,3.470194,99.732421875
08:00:30,91282CLL3,TSRYS5884563,D,S,T,2024-09-23,1000000.00,3.468101,99.73828125
08:00:30,91282CLL3,TSRYS5884563,D,S,T,2024-09-23,1000000.00,3.467403,99.740234375
08:00:30,91282CLL3,TSRYS5884563,D,S,T,2024-09-23,1000000.00,3.467403,99.740234375
08:00:30,91282CLL3,TSRYS5884563,D,S,T,2024-09-23,1000000.00,3.468101,99.73828125
08:00:30,91282CLL3,TSRYS5884563,D,S,T,2024-09-23,2000000.00,3.465311,99.74609375
08:00:30,91282CLL3,TSRYS5884563,D,S,T,2024-09-23,1000000.00,3.465311,99.74609375
08:00:30,91282CLL3,TSRYS5884563,D,S,T,2024-09-23,1000000.00,3.466706,99.7421875
08:00:30,91282CLL3,TSRYS5884563,D,S,T,2024-09-23,1000000.00,3.466706,99.7421875
08:00:30,91282CLL3,TSRYS5884563,D,S,T,2024-09-23,1000000.00,3.466706,99.7421875
08:00:30,91282CLL3,TSRYS5884563,D,S,T,2024-09-23,1000000.00,3.465311,99.74609375
08:00:30,91282CLL3,TSRYS5884563,D,S,T,2024-09-23,1000000.00,3.46252,99.75390625
08:00:30,91282CLL3,TSRYS5884563,D,S,T,2024-09-23,1000000.00,3.46252,99.75390625
08:00:30,91282CLL3,TSRYS5884563,D,S,T,2024-09-23,1000000.00,3.458336,99.765625
08:00:30,91282CLL3,TSRYS5884563,D,S,T,2024-09-23,1000000.00,3.461125,99.7578125
08:00:30,91282CLL3,TSRYS5884563,D,S,T,2024-09-23,1000000.00,3.45973,99.76171875
08:00:30,91282CLL3,TSRYS5884563,D,S,T,2024-09-23,1000000.00,3.45973,99.76171875
08:00:30,91282CLL3,TSRYS5884563,D,S,T,2024-09-23,1000000.00,3.45973,99.76171875
08:00:30,91282CLL3,TSRYS5884563,D,S,T,2024-09-23,1000000.00,3.45973,99.76171875
08:00:30,91282CLL3,TSRYS5884563,D,S,T,2024-09-23,1000000.00,3.45973,99.76171875
08:00:30,91282CLL3,TSRYS5884563,D,S,T,2024-09-23,1000000.00,3.461125,99.7578125
08:00:30,91282CLL3,TSRYS5884563,D,S,T,2024-09-23,1000000.00,3.461125,99.7578125
08:00:30,91282CLL3,TSRYS5884563,D,S,T,2024-09-23,1000000.00,3.46252,99.75390625
08:00:31,91282CLL3,TSRYS5884563,D,S,T,2024-09-23,1000000.00,3.466706,99.7421875
08:00:31,91282CLL3,TSRYS5884563,D,S,T,2024-09-23,1000000.00,3.469496,99.734375
08:00:31,91282CLL3,TSRYS5884563,D,S,T,2024-09-23,1000000.00,3.468799,99.736328125
08:00:31,91282CLL3,TSRYS5884563,D,S,T,2024-09-23,1000000.00,3.468101,99.73828125
08:00:31,91282CLL3,TSRYS5884563,D,S,T,2024-09-23,1000000.00,3.465311,99.74609375
08:00:31,91282CLL3,TSRYS5884563,D,S,T,2024-09-23,1000000.00,3.468101,99.73828125
08:00:31,91282CLL3,TSRYS5884563,D,S,T,2024-09-23,1000000.00,3.466706,99.7421875
08:00:31,91282CLL3,TSRYS5884563,D,S,T,2024-09-23,1000000.00,3.468101,99.73828125
08:00:31,91282CLL3,TSRYS5884563,D,S,T,2024-09-23,1000000.00,3.468101,99.73828125
08:00:31,91282CLL3,TSRYS5884563,D,S,T,2024-09-23,1000000.00,3.468101,99.73828125
08:00:31,91282CLL3,TSRYS5884563,D,S,T,2024-09-23,1000000.00,3.468101,99.73828125
08:00:31,91282CLL3,TSRYS5884563,D,S,T,2024-09-23,1000000.00,3.469496,99.734375
08:00:31,91282CLL3,TSRYS5884563,D,S,T,2024-09-23,1000000.00,3.469496,99.734375
08:00:31,91282CLL3,TSRYS5884563,D,S,T,2024-09-23,1000000.00,3.469496,99.734375
08:00:31,91282CLL3,TSRYS5884563,D,S,T,2024-09-23,1000000.00,3.469496,99.734375
08:00:31,91282CLL3,TSRYS5884563,D,S,T,2024-09-23,1000000.00,3.469496,99.734375
08:00:31,91282CLL3,TSRYS5884563,D,S,T,2024-09-23,7000000.00,3.469496,99.734375
08:00:31,91282CLL3,TSRYS5884563,D,S,T,2024-09-23,1000000.00,3.470892,99.73046875
08:00:31,91282CLL3,TSRYS5884563,D,S,T,2024-09-23,1000000.00,3.470892,99.73046875
08:00:31,91282CLL3,TSRYS5884563,D,S,T,2024-09-23,1000000.00,3.468101,99.73828125
08:00:31,91282CLL3,TSRYS5884563,D,S,T,2024-09-23,1000000.00,3.469496,99.734375
08:00:31,91282CLL3,TSRYS5884563,D,S,T,2024-09-23,1000000.00,3.469496,99.734375
08:00:31,91282CLL3,TSRYS5884563,D,S,T,2024-09-23,1000000.00,3.469496,99.734375
08:00:31,91282CLL3,TSRYS5884563,D,S,T,2024-09-23,2000000.00,3.469496,99.734375
08:00:31,91282CLL3,TSRYS5884563,D,S,T,2024-09-23,1000000.00,3.470892,99.73046875
08:00:31,91282CLL3,TSRYS5884563,D,S,T,2024-09-23,1000000.00,3.470892,99.73046875
08:00:31,91282CLL3,TSRYS5884563,D,S,T,2024-09-23,1000000.00,3.468101,99.73828125
08:00:31,91282CLL3,TSRYS5884563,D,S,T,2024-09-23,1000000.00,3.467403,99.740234375
08:00:31,91282CLL3,TSRYS5884563,D,S,T,2024-09-23,1000000.00,3.468101,99.73828125
08:00:31,91282CLL3,TSRYS5884563,D,S,T,2024-09-23,1000000.00,3.469496,99.734375
08:00:31,91282CLL3,TSRYS5884563,D,S,T,2024-09-23,1000000.00,3.470892,99.73046875
08:00:31,91282CLL3,TSRYS5884563,D,S,T,2024-09-23,1000000.00,3.470892,99.73046875
08:00:31,91282CLL3,TSRYS5884563,D,S,T,2024-09-23,1000000.00,3.469496,99.734375
08:00:31,91282CLL3,TSRYS5884563,D,S,T,2024-09-23,1000000.00,3.469496,99.734375
08:00:31,91282CLL3,TSRYS5884563,D,S,T,2024-09-23,1000000.00,3.472287,99.7265625
08:00:31,91282CLL3,TSRYS5884563,D,S,T,2024-09-23,1000000.00,3.475078,99.71875
08:00:31,91282CLL3,TSRYS5884563,D,S,T,2024-09-23,1000000.00,3.473683,99.72265625
08:00:31,91282CLL3,TSRYS5884563,D,S,T,2024-09-23,1000000.00,3.475078,99.71875
08:00:31,91282CLL3,TSRYS5884563,D,S,T,2024-09-23,1000000.00,3.475078,99.71875
08:00:31,91282CLL3,TSRYS5884563,D,S,T,2024-09-23,1000000.00,3.473683,99.72265625
08:00:31,91282CLL3,TSRYS5884563,D,S,T,2024-09-23,1000000.00,3.472287,99.7265625
08:00:31,91282CLL3,TSRYS5884563,D,S,T,2024-09-23,1000000.00,3.475078,99.71875
08:00:31,91282CLL3,TSRYS5884563,D,S,T,2024-09-23,2000000.00,3.47438,99.720703125
08:00:31,91282CLL3,TSRYS5884563,D,S,T,2024-09-23,1000000.00,3.473683,99.72265625
08:00:31,91282CLL3,TSRYS5884563,D,S,T,2024-09-23,2000000.00,3.472985,99.724609375
08:00:31,91282CLL3,TSRYS5884563,D,S,T,2024-09-23,1000000.00,3.473683,99.72265625
08:00:31,91282CLL3,TSRYS5884563,D,S,T,2024-09-23,1000000.00,3.473683,99.72265625
08:00:31,91282CLL3,TSRYS5884563,D,S,T,2024-09-23,1000000.00,3.473683,99.72265625
08:00:31,91282CLL3,TSRYS5884563,D,S,T,2024-09-23,1000000.00,3.473683,99.72265625
08:00:31,91282CLL3,TSRYS5884563,D,S,T,2024-09-23,1000000.00,3.473683,99.72265625
08:00:31,91282CLL3,TSRYS5884563,D,S,T,2024-09-23,1000000.00,3.473683,99.72265625
08:00:31,91282CLL3,TSRYS5884563,D,S,T,2024-09-23,1000000.00,3.473683,99.72265625
08:00:31,91282CLL3,TSRYS5884563,D,S,T,2024-09-23,1000000.00,3.472287,99.7265625
08:00:31,91282CLL3,TSRYS5884563,D,S,T,2024-09-23,1000000.00,3.472287,99.7265625
08:00:31,91282CLL3,TSRYS5884563,D,S,T,2024-09-23,8000000.00,3.472287,99.7265625
08:00:31,91282CLL3,TSRYS5884563,D,S,T,2024-09-23,1000000.00,3.472287,99.7265625
08:00:31,91282CLL3,TSRYS5884563,D,S,T,2024-09-23,1000000.00,3.472287,99.7265625
08:00:31,91282CLL3,TSRYS5884563,D,S,T,2024-09-23,3000000.00,3.472287,99.7265625
08:00:31,91282CLL3,TSRYS5884563,D,S,T,2024-09-23,1000000.00,3.472287,99.7265625
08:00:31,91282CLL3,TSRYS5884563,D,S,T,2024-09-23,1000000.00,3.472287,99.7265625
08:00:31,91282CLL3,TSRYS5884563,D,S,T,2024-09-23,1000000.00,3.472287,99.7265625
08:00:31,91282CLL3,TSRYS5884563,D,S,T,2024-09-23,1000000.00,3.472287,99.7265625
08:00:31,91282CLL3,TSRYS5884563,D,S,T,2024-09-23,1000000.00,3.472287,99.7265625
08:00:31,91282CLL3,TSRYS5884563,D,S,T,2024-09-23,1000000.00,3.475078,99.71875
08:00:31,91282CLL3,TSRYS5884563,D,S,T,2024-09-23,1000000.00,3.475078,99.71875
08:00:31,91282CLL3,TSRYS5884563,D,S,T,2024-09-23,2000000.00,3.475078,99.71875
08:00:31,91282CLL3,TSRYS5884563,D,S,T,2024-09-23,1000000.00,3.475078,99.71875
08:00:31,91282CLL3,TSRYS5884563,D,S,T,2024-09-23,2000000.00,3.475776,99.716796875
08:00:31,91282CLL3,TSRYS5884563,D,S,T,2024-09-23,2000000.00,3.475078,99.71875
08:00:31,91282CLL3,TSRYS5884563,D,S,T,2024-09-23,1000000.00,3.475078,99.71875
08:00:31,91282CLL3,TSRYS5884563,D,S,T,2024-09-23,1000000.00,3.475078,99.71875
08:00:31,91282CLL3,TSRYS5884563,D,S,T,2024-09-23,1000000.00,3.475078,99.71875
08:00:31,91282CLL3,TSRYS5884563,D,S,T,2024-09-23,1000000.00,3.475078,99.71875
08:00:31,91282CLL3,TSRYS5884563,D,S,T,2024-09-23,2000000.00,3.475078,99.71875
08:00:31,91282CLL3,TSRYS5884563,D,S,T,2024-09-23,1000000.00,3.475078,99.71875
08:00:31,91282CLL3,TSRYS5884563,D,S,D,2024-09-23,1000000.00,3.472287,99.7265625
08:00:31,91282CLL3,TSRYS5884563,D,S,D,2024-09-23,1000000.00,3.472287,99.7265625
08:00:31,91282CLL3,TSRYS5884563,D,S,D,2024-09-23,1000000.00,3.472287,99.7265625
08:00:31,91282CLL3,TSRYS5884563,D,S,D,2024-09-23,1000000.00,3.471589,99.728515625
08:00:31,91282CLL3,TSRYS5884563,D,S,T,2024-09-23,1000000.00,3.484849,99.69140625
08:00:31,91282CLL3,TSRYS5884563,D,S,T,2024-09-23,1000000.00,3.484849,99.69140625
08:00:31,91282CLL3,TSRYS5884563,D,S,T,2024-09-23,1000000.00,3.484849,99.69140625
08:00:31,91282CLL3,TSRYS5884563,D,S,T,2024-09-23,1000000.00,3.484849,99.69140625
08:00:31,91282CLL3,TSRYS5884563,D,S,T,2024-09-23,1000000.00,3.484849,99.69140625
08:00:31,91282CLL3,TSRYS5884563,D,S,T,2024-09-23,1000000.00,3.480661,99.703125
08:00:31,91282CLL3,TSRYS5884563,D,S,T,2024-09-23,1000000.00,3.484151,99.693359375
08:00:31,91282CLL3,TSRYS5884563,D,S,T,2024-09-23,1000000.00,3.484849,99.69140625
08:00:31,91282CLL3,TSRYS5884563,D,S,T,2024-09-23,1000000.00,3.484849,99.69140625
08:00:31,91282CLL3,TSRYS5884563,D,S,T,2024-09-23,1000000.00,3.486245,99.6875
08:00:31,91282CLL3,TSRYS5884563,D,S,T,2024-09-23,1000000.00,3.486245,99.6875
08:00:31,91282CLL3,TSRYS5884563,D,S,T,2024-09-23,1000000.00,3.486245,99.6875
08:00:31,91282CLL3,TSRYS5884563,D,S,T,2024-09-23,1000000.00,3.466008,99.744140625
08:00:31,91282CLL3,TSRYS5884563,D,S,T,2024-09-23,1000000.00,3.466008,99.744140625
08:00:31,91282CLL3,TSRYS5884563,D,S,T,2024-09-23,1000000.00,3.460428,99.759765625
08:00:31,91282CLL3,TSRYS5884563,D,S,T,2024-09-23,2000000.00,3.472287,99.7265625
08:00:31,91282CLL3,TSRYS5884563,D,S,T,2024-09-23,2000000.00,3.460428,99.759765625
08:00:31,91282CLL3,TSRYS5884563,D,S,T,2024-09-23,2000000.00,3.460428,99.759765625
08:00:31,91282CLL3,TSRYS5884563,D,S,T,2024-09-23,2000000.00,3.460428,99.759765625
08:00:31,91282CLL3,TSRYS5884563,D,S,T,2024-09-23,2000000.00,3.460428,99.759765625
08:00:31,91282CLL3,TSRYS5884563,D,S,T,2024-09-23,1000000.00,3.460428,99.759765625
08:00:31,91282CLL3,TSRYS5884563,D,S,T,2024-09-23,1000000.00,3.463915,99.75
08:00:31,91282CLL3,TSRYS5884563,D,S,T,2024-09-23,2000000.00,3.463915,99.75
08:00:31,91282CLL3,TSRYS5884563,D,S,T,2024-09-23,1000000.00,3.463915,99.75
08:00:31,91282CLL3,TSRYS5884563,D,S,T,2024-09-23,1000000.00,3.46252,99.75390625
08:00:31,91282CLL3,TSRYS5884563,D,S,T,2024-09-23,2000000.00,3.463218,99.751953125
08:00:31,91282CLL3,TSRYS5884563,D,S,T,2024-09-23,1000000.00,3.466008,99.744140625
08:00:31,91282CLL3,TSRYS5884563,D,S,T,2024-09-23,1000000.00,3.465311,99.74609375
08:00:31,91282CLL3,TSRYS5884563,D,S,T,2024-09-23,1000000.00,3.45973,99.76171875
08:00:31,91282CLL3,TSRYS5884563,D,S,T,2024-09-23,2000000.00,3.47438,99.720703125
08:00:31,91282CLL3,TSRYS5884563,D,S,T,2024-09-23,1000000.00,3.47438,99.720703125
08:00:31,91282CLL3,TSRYS5884563,D,S,T,2024-09-23,1000000.00,3.471589,99.728515625
08:00:31,91282CLL3,TSRYS5884563,D,S,D,2024-09-23,1000000.00,3.484849,99.69140625
08:00:31,91282CLL3,TSRYS5884563,D,S,D,2024-09-23,1000000.00,3.484849,99.69140625
08:00:31,91282CLL3,TSRYS5884563,D,S,D,2024-09-23,1000000.00,3.486245,99.6875
08:00:31,91282CLL3,TSRYS5884563,D,S,D,2024-09-23,1000000.00,3.468101,99.73828125
08:00:31,91282CLL3,TSRYS5884563,D,S,D,2024-09-23,1000000.00,3.465311,99.74609375
08:00:31,91282CLL3,TSRYS5884563,D,S,D,2024-09-23,1000000.00,3.472287,99.7265625
08:00:31,91282CLL3,TSRYS5884563,D,S,D,2024-09-23,10000.00,3.470892,99.73046875
08:00:32,91282CLL3,TSRYS5884563,D,S,A,2024-09-23,1000000.00,3.493227,99.66796875
08:00:32,91282CLL3,TSRYS5884563,D,B,A,2024-09-23,1000000.00,3.494623,99.6640625
08:00:32,91282CLL3,TSRYS5884563,D,S,A,2024-09-23,1000000.00,3.494623,99.6640625
08:00:32,91282CLL3,TSRYS5884563,D,S,A,2024-09-23,1000000.00,3.494623,99.6640625
08:00:32,91282CLL3,TSRYS5884563,D,B,A,2024-09-23,1000000.00,3.49602,99.66015625
08:00:32,91282CLL3,TSRYS5884563,D,S,A,2024-09-23,1000000.00,3.49602,99.66015625
08:00:32,91282CLL3,TSRYS5884563,D,B,A,2024-09-23,1000000.00,3.49602,99.66015625
08:00:32,91282CLL3,TSRYS5884563,D,S,A,2024-09-23,1000000.00,3.49602,99.66015625
08:00:32,91282CLL3,TSRYS5884563,D,B,A,2024-09-23,1000000.00,3.49602,99.66015625
08:00:32,91282CLL3,TSRYS5884563,D,S,D,2024-09-23,1000000.00,3.493227,99.66796875
08:00:32,91282CLL3,TSRYS5884563,D,B,A,2024-09-23,1000000.00,3.491831,99.671875
08:00:32,91282CLL3,TSRYS5884563,D,S,C,2024-09-23,276000.00,3.487642,99.68359375
08:00:32,91282CLL3,TSRYS5884563,D,S,T,2024-09-23,5000000.00,3.486245,99.6875
08:00:32,91282CLL3,TSRYS5884563,D,S,D,2024-09-23,1000000.00,3.486245,99.6875
08:00:32,91282CLL3,TSRYS5884563,D,S,T,2024-09-23,1000000.00,3.486245,99.6875
08:00:32,91282CLL3,TSRYS5884563,D,S,T,2024-09-23,1000000.00,3.486245,99.6875
08:00:32,91282CLL3,TSRYS5884563,D,S,T,2024-09-23,1000000.00,3.486245,99.6875
08:00:32,91282CLL3,TSRYS5884563,D,S,T,2024-09-23,1000000.00,3.486245,99.6875
08:00:32,91282CLL3,TSRYS5884563,D,S,T,2024-09-23,1000000.00,3.486245,99.6875
08:00:32,91282CLL3,TSRYS5884563,D,S,D,2024-09-23,1000000.00,3.483453,99.6953125
08:00:32,91282CLL3,TSRYS5884563,D,S,T,2024-09-23,1000000.00,3.484849,99.69140625
08:00:32,91282CLL3,TSRYS5884563,D,S,T,2024-09-23,1000000.00,3.484849,99.69140625
08:00:32,91282CLL3,TSRYS5884563,D,S,C,2024-09-23,33000000.00,3.484151,99.693359375
08:00:32,91282CLL3,TSRYS5884563,D,S,T,2024-09-23,1000000.00,3.484849,99.69140625
08:00:32,91282CLL3,TSRYS5884563,D,S,A,2024-09-23,1000000.00,3.485547,99.689453125
08:00:32,91282CLL3,TSRYS5884563,D,S,D,2024-09-23,1000000.00,3.484849,99.69140625
08:00:32,91282CLL3,TSRYS5884563,D,S,D,2024-09-23,1000000.00,3.473683,99.72265625
08:00:32,91282CLL3,TSRYS5884563,D,S,D,2024-09-23,1000000.00,3.461125,99.7578125
08:00:32,91282CLL3,TSRYS5884563,D,S,D,2024-09-23,1000000.00,3.468101,99.73828125
08:00:32,91282CLL3,TSRYS5884563,D,S,T,2024-09-23,1000000.00,3.468101,99.73828125
08:00:32,91282CLL3,TSRYS5884563,D,S,C,2024-09-23,17900000.00,3.468101,99.73828125
08:00:32,91282CLL3,TSRYS5884563,D,S,T,2024-09-23,1000000.00,3.468101,99.73828125
08:00:32,91282CLL3,TSRYS5884563,D,S,D,2024-09-23,1000000.00,3.463915,99.75
08:00:32,91282CLL3,TSRYS5884563,D,S,A,2024-09-23,6000000.00,3.465311,99.74609375
08:00:32,91282CLL3,TSRYS5884563,D,S,A,2024-09-23,4000000.00,3.465311,99.74609375
08:00:32,91282CLL3,TSRYS5884563,D,S,D,2024-09-23,1000000.00,3.458336,99.765625
08:00:32,91282CLL3,TSRYS5884563,D,S,A,2024-09-23,1000000.00,3.461125,99.7578125
08:00:32,91282CLL3,TSRYS5884563,D,S,D,2024-09-23,1000000.00,3.469496,99.734375
08:00:32,91282CLL3,TSRYS5884563,D,S,C,2024-09-23,15000000.00,3.469496,99.734375
08:00:32,91282CLL3,TSRYS5884563,D,S,C,2024-09-23,17900000.00,3.468101,99.73828125
08:00:32,91282CLL3,TSRYS5884563,D,S,D,2024-09-23,1000000.00,3.469496,99.734375
08:00:32,91282CLL3,TSRYS5884563,D,S,T,2024-09-23,1000000.00,3.469496,99.734375
08:00:32,91282CLL3,TSRYS5884563,D,S,T,2024-09-23,1000000.00,3.473683,99.72265625
08:00:32,91282CLL3,TSRYS5884563,D,S,T,2024-09-23,1000000.00,3.475078,99.71875
08:00:32,91282CLL3,TSRYS5884563,D,S,T,2024-09-23,1000000.00,3.475078,99.71875
08:00:32,91282CLL3,TSRYS5884563,D,S,T,2024-09-23,1000000.00,3.475078,99.71875
08:00:32,91282CLL3,TSRYS5884563,D,S,T,2024-09-23,1000000.00,3.475078,99.71875
08:00:32,91282CLL3,TSRYS5884563,D,S,T,2024-09-23,2000000.00,3.475078,99.71875
08:00:32,91282CLL3,TSRYS5884563,D,S,T,2024-09-23,1000000.00,3.475078,99.71875
08:00:32,91282CLL3,TSRYS5884563,D,S,T,2024-09-23,1000000.00,3.475078,99.71875
08:00:32,91282CLL3,TSRYS5884563,D,S,T,2024-09-23,3000000.00,3.475078,99.71875
08:00:32,91282CLL3,TSRYS5884563,D,S,T,2024-09-23,2000000.00,3.475078,99.71875
08:00:32,91282CLL3,TSRYS5884563,D,S,T,2024-09-23,1000000.00,3.475078,99.71875
08:00:32,91282CLL3,TSRYS5884563,D,S,T,2024-09-23,1000000.00,3.475078,99.71875
08:00:32,91282CLL3,TSRYS5884563,D,S,T,2024-09-23,3000000.00,3.475078,99.71875
08:00:32,91282CLL3,TSRYS5884563,D,S,T,2024-09-23,2000000.00,3.475078,99.71875
08:00:32,91282CLL3,TSRYS5884563,D,S,T,2024-09-23,1000000.00,3.475078,99.71875
08:00:32,91282CLL3,TSRYS5884563,D,S,T,2024-09-23,1000000.00,3.475078,99.71875
08:00:32,91282CLL3,TSRYS5884563,D,S,T,2024-09-23,1000000.00,3.475078,99.71875
08:00:32,91282CLL3,TSRYS5884563,D,S,D,2024-09-23,1000000.00,3.473683,99.72265625
08:00:32,91282CLL3,TSRYS5884563,D,B,C,2024-09-23,15897000.00,3.476474,99.71484375
08:00:32,91282CLL3,TSRYS5884563,D,S,T,2024-09-23,1000000.00,3.475078,99.71875
08:00:32,91282CLL3,TSRYS5884563,D,S,T,2024-09-23,1000000.00,3.475078,99.71875
08:00:32,91282CLL3,TSRYS5884563,D,S,T,2024-09-23,1000000.00,3.475078,99.71875
08:00:32,91282CLL3,TSRYS5884563,D,S,T,2024-09-23,1000000.00,3.475078,99.71875
08:00:32,91282CLL3,TSRYS5884563,D,S,A,2024-09-23,200000.00,3.463915,99.75
08:00:32,91282CLL3,TSRYS5884563,D,S,A,2024-09-23,200000.00,3.463915,99.75
08:00:32,91282CLL3,TSRYS5884563,D,S,T,2024-09-23,1000000.00,3.461823,99.755859375
08:00:32,91282CLL3,TSRYS5884563,D,S,A,2024-09-23,82000.00,3.45973,99.76171875
08:00:32,91282CLL3,TSRYS5884563,D,S,T,2024-09-23,1000000.00,3.465311,99.74609375
08:00:32,91282CLL3,TSRYS5884563,D,S,T,2024-09-23,1000000.00,3.465311,99.74609375
08:00:32,91282CLL3,TSRYS5884563,D,S,T,2024-09-23,1000000.00,3.465311,99.74609375
08:00:32,91282CLL3,TSRYS5884563,D,S,D,2024-09-23,1000000.00,3.476474,99.71484375
08:00:32,91282CLL3,TSRYS5884563,D,S,T,2024-09-23,1000000.00,3.465311,99.74609375
08:00:32,91282CLL3,TSRYS5884563,D,S,T,2024-09-23,1000000.00,3.465311,99.74609375
08:00:32,91282CLL3,TSRYS5884563,D,S,T,2024-09-23,1000000.00,3.465311,99.74609375
08:00:32,91282CLL3,TSRYS5884563,D,S,D,2024-09-23,1000000.00,3.476474,99.71484375
08:00:32,91282CLL3,TSRYS5884563,D,S,T,2024-09-23,2000000.00,3.467403,99.740234375
08:00:32,91282CLL3,TSRYS5884563,D,S,T,2024-09-23,1000000.00,3.468101,99.73828125
08:00:32,91282CLL3,TSRYS5884563,D,S,T,2024-09-23,1000000.00,3.468101,99.73828125
08:00:33,91282CLL3,TSRYS5884563,D,S,T,2024-09-23,1000000.00,3.468101,99.73828125
08:00:33,91282CLL3,TSRYS5884563,D,S,T,2024-09-23,1000000.00,3.468101,99.73828125
08:00:33,91282CLL3,TSRYS5884563,D,S,T,2024-09-23,1000000.00,3.468101,99.73828125
08:00:33,91282CLL3,TSRYS5884563,D,S,T,2024-09-23,2000000.00,3.468101,99.73828125
08:00:33,91282CLL3,TSRYS5884563,D,S,T,2024-09-23,1000000.00,3.469496,99.734375
08:00:33,91282CLL3,TSRYS5884563,D,S,T,2024-09-23,1000000.00,3.470194,99.732421875
08:00:33,91282CLL3,TSRYS5884563,D,S,T,2024-09-23,1000000.00,3.470892,99.73046875
08:00:33,91282CLL3,TSRYS5884563,D,S,D,2024-09-23,10000.00,3.456499,99.77076875
08:00:36,91282CLL3,TSRYS5884563,D,B,A,2024-09-23,1000000.00,3.472985,99.724609375
08:00:36,91282CLL3,TSRYS5884563,D,B,A,2024-09-23,14000000.00,3.473683,99.72265625
08:00:36,91282CLL3,TSRYS5884563,D,B,A,2024-09-23,1000000.00,3.473683,99.72265625
08:00:36,91282CLL3,TSRYS5884563,D,B,A,2024-09-23,1000000.00,3.472985,99.724609375
08:00:36,91282CLL3,TSRYS5884563,D,B,A,2024-09-23,8000000.00,3.473683,99.72265625
08:00:37,91282CLL3,TSRYS5884563,D,S,T,2024-09-23,2000000.00,3.470892,99.73046875
08:00:37,91282CLL3,TSRYS5884563,D,S,T,2024-09-23,1000000.00,3.470892,99.73046875
08:00:37,91282CLL3,TSRYS5884563,D,S,T,2024-09-23,1000000.00,3.467403,99.740234375
08:00:38,91282CLL3,TSRYS5884563,D,S,T,2024-09-23,1000000.00,3.484849,99.69140625
08:00:40,91282CLL3,TSRYS5884563,D,S,T,2024-09-23,1000000.00,3.475776,99.716796875
08:00:40,91282CLL3,TSRYS5884563,D,B,C,2024-09-23,967000.00,3.475078,99.71875
08:00:40,91282CLL3,TSRYS5884563,D,S,D,2024-09-23,967000.00,3.475078,99.71875
08:00:42,91282CLL3,TSRYS5884563,D,S,T,2024-09-23,1000000.00,3.465311,99.74609375
08:00:42,91282CLL3,TSRYS5884563,D,S,T,2024-09-23,1000000.00,3.465311,99.74609375
08:00:42,91282CLL3,TSRYS5884563,D,S,T,2024-09-23,2000000.00,3.465311,99.74609375
08:00:44,91282CLL3,TSRYS5884563,D,S,D,2024-09-23,1000.00,3.472287,99.7265625
08:00:44,91282CLL3,TSRYS5884563,D,S,D,2024-09-23,907000.00,3.473683,99.72265625
08:00:44,91282CLL3,TSRYS5884563,D,S,D,2024-09-23,1958000.00,3.472287,99.7265625
08:00:44,91282CLL3,TSRYS5884563,D,S,D,2024-09-23,1958000.00,3.472287,99.7265625
08:00:44,91282CLL3,TSRYS5884563,D,S,D,2024-09-23,907000.00,3.472287,99.7265625
08:00:46,91282CLL3,TSRYS5884563,D,S,T,2024-09-23,1000000.00,3.475078,99.71875
08:00:46,91282CLL3,TSRYS5884563,D,S,T,2024-09-23,2000000.00,3.472287,99.7265625
08:00:47,91282CLL3,TSRYS5884563,D,S,A,2024-09-23,600000.00,3.483453,99.6953125
08:00:47,91282CLL3,TSRYS5884563,D,S,T,2024-09-23,1000000.00,3.463218,99.751953125
08:00:47,91282CLL3,TSRYS5884563,D,S,C,2024-09-23,17900000.00,3.46252,99.75390625
08:00:51,91282CLL3,TSRYS5884563,D,S,T,2024-09-23,1000000.00,3.465311,99.74609375
08:00:51,91282CLL3,TSRYS5884563,D,S,T,2024-09-23,1000000.00,3.465311,99.74609375
08:00:51,91282CLL3,TSRYS5884563,D,S,T,2024-09-23,1000000.00,3.465311,99.74609375
08:00:52,91282CLL3,TSRYS5884563,D,S,T,2024-09-23,1000000.00,3.468799,99.736328125
08:00:52,91282CLL3,TSRYS5884563,D,S,T,2024-09-23,1000000.00,3.466706,99.7421875
08:00:52,91282CLL3,TSRYS5884563,D,S,T,2024-09-23,4000000.00,3.466706,99.7421875
08:00:52,91282CLL3,TSRYS5884563,D,S,T,2024-09-23,2000000.00,3.466706,99.7421875
08:00:52,91282CLL3,TSRYS5884563,D,S,T,2024-09-23,1000000.00,3.466706,99.7421875
08:00:52,91282CLL3,TSRYS5884563,D,S,T,2024-09-23,1000000.00,3.466706,99.7421875
08:00:52,91282CLL3,TSRYS5884563,D,S,T,2024-09-23,1000000.00,3.466706,99.7421875
08:00:52,91282CLL3,TSRYS5884563,D,S,T,2024-09-23,1000000.00,3.467403,99.740234375
08:00:52,91282CLL3,TSRYS5884563,D,S,T,2024-09-23,1000000.00,3.467403,99.740234375
08:00:52,91282CLL3,TSRYS5884563,D,S,T,2024-09-23,1000000.00,3.467403,99.740234375
08:00:52,91282CLL3,TSRYS5884563,D,S,T,2024-09-23,1000000.00,3.467403,99.740234375
08:00:52,91282CLL3,TSRYS5884563,D,S,T,2024-09-23,1000000.00,3.467403,99.740234375
08:00:52,91282CLL3,TSRYS5884563,D,S,T,2024-09-23,1000000.00,3.467403,99.740234375
08:00:52,91282CLL3,TSRYS5884563,D,S,T,2024-09-23,1000000.00,3.467403,99.740234375
08:00:52,91282CLL3,TSRYS5884563,D,S,T,2024-09-23,1000000.00,3.467403,99.740234375
08:00:52,91282CLL3,TSRYS5884563,D,S,T,2024-09-23,1000000.00,3.466706,99.7421875
08:00:52,91282CLL3,TSRYS5884563,D,S,T,2024-09-23,1000000.00,3.466706,99.7421875
08:00:52,91282CLL3,TSRYS5884563,D,S,T,2024-09-23,1000000.00,3.466706,99.7421875
08:00:52,91282CLL3,TSRYS5884563,D,S,T,2024-09-23,1000000.00,3.466706,99.7421875
08:00:52,91282CLL3,TSRYS5884563,D,S,T,2024-09-23,1000000.00,3.466706,99.7421875
08:00:53,91282CLL3,TSRYS5884563,D,S,T,2024-09-23,1000000.00,3.466706,99.7421875
08:00:53,91282CLL3,TSRYS5884563,D,S,T,2024-09-23,1000000.00,3.466706,99.7421875
08:00:53,91282CLL3,TSRYS5884563,D,S,T,2024-09-23,1000000.00,3.466706,99.7421875
08:00:53,91282CLL3,TSRYS5884563,D,S,T,2024-09-23,1000000.00,3.466706,99.7421875
08:00:53,91282CLL3,TSRYS5884563,D,S,T,2024-09-23,1000000.00,3.466706,99.7421875
08:00:53,91282CLL3,TSRYS5884563,D,S,T,2024-09-23,1000000.00,3.466706,99.7421875
08:00:53,91282CLL3,TSRYS5884563,D,S,T,2024-09-23,1000000.00,3.466706,99.7421875
08:00:53,91282CLL3,TSRYS5884563,D,S,T,2024-09-23,1000000.00,3.466706,99.7421875
08:00:53,91282CLL3,TSRYS5884563,D,S,T,2024-09-23,1000000.00,3.466706,99.7421875
08:00:53,91282CLL3,TSRYS5884563,D,S,T,2024-09-23,1000000.00,3.466706,99.7421875
08:00:53,91282CLL3,TSRYS5884563,D,S,T,2024-09-23,1000000.00,3.466706,99.7421875
08:00:53,91282CLL3,TSRYS5884563,D,S,T,2024-09-23,1000000.00,3.466706,99.7421875
08:00:53,91282CLL3,TSRYS5884563,D,S,T,2024-09-23,1000000.00,3.466706,99.7421875
08:00:53,91282CLL3,TSRYS5884563,D,S,T,2024-09-23,1000000.00,3.466706,99.7421875
08:00:53,91282CLL3,TSRYS5884563,D,S,T,2024-09-23,1000000.00,3.466706,99.7421875
08:00:53,91282CLL3,TSRYS5884563,D,S,T,2024-09-23,1000000.00,3.466706,99.7421875
08:00:53,91282CLL3,TSRYS5884563,D,S,T,2024-09-23,1000000.00,3.466706,99.7421875
08:00:53,91282CLL3,TSRYS5884563,D,S,T,2024-09-23,1000000.00,3.466706,99.7421875
08:00:54,91282CLL3,TSRYS5884563,D,S,T,2024-09-23,2000000.00,3.475078,99.71875
08:00:54,91282CLL3,TSRYS5884563,D,S,T,2024-09-23,1000000.00,3.475078,99.71875
08:00:54,91282CLL3,TSRYS5884563,D,B,A,2024-09-23,510000.00,3.46252,99.75390625
08:00:55,91282CLL3,TSRYS5884563,D,B,C,2024-09-23,2000000.00,3.461125,99.7578125
08:00:56,91282CLL3,TSRYS5884563,D,S,A,2024-09-23,5000000.00,3.482057,99.69921875
08:00:56,91282CLL3,TSRYS5884563,D,S,A,2024-09-23,3234000.00,3.484849,99.69140625
08:00:57,91282CLL3,TSRYS5884563,D,S,T,2024-09-23,1000000.00,3.466706,99.7421875
08:00:57,91282CLL3,TSRYS5884563,D,S,T,2024-09-23,1000000.00,3.466706,99.7421875
08:00:57,91282CLL3,TSRYS5884563,D,S,T,2024-09-23,1000000.00,3.466706,99.7421875
08:00:57,91282CLL3,TSRYS5884563,D,S,T,2024-09-23,1000000.00,3.466706,99.7421875
08:00:57,91282CLL3,TSRYS5884563,D,S,T,2024-09-23,1000000.00,3.466706,99.7421875
08:00:57,91282CLL3,TSRYS5884563,D,S,T,2024-09-23,1000000.00,3.466706,99.7421875
08:00:57,91282CLL3,TSRYS5884563,D,S,T,2024-09-23,1000000.00,3.466706,99.7421875
08:00:57,91282CLL3,TSRYS5884563,D,S,T,2024-09-23,1000000.00,3.466706,99.7421875
08:00:57,91282CLL3,TSRYS5884563,D,S,T,2024-09-23,1000000.00,3.466706,99.7421875
08:00:57,91282CLL3,TSRYS5884563,D,S,T,2024-09-23,1000000.00,3.466706,99.7421875
08:00:57,91282CLL3,TSRYS5884563,D,S,T,2024-09-23,1000000.00,3.466706,99.7421875
08:00:57,91282CLL3,TSRYS5884563,D,S,T,2024-09-23,1000000.00,3.466706,99.7421875
08:00:57,91282CLL3,TSRYS5884563,D,S,T,2024-09-23,1000000.00,3.466706,99.7421875
08:00:57,91282CLL3,TSRYS5884563,D,S,T,2024-09-23,1000000.00,3.466706,99.7421875
08:00:57,91282CLL3,TSRYS5884563,D,S,T,2024-09-23,1000000.00,3.466706,99.7421875
08:00:57,91282CLL3,TSRYS5884563,D,S,T,2024-09-23,1000000.00,3.466706,99.7421875
08:00:57,91282CLL3,TSRYS5884563,D,S,T,2024-09-23,1000000.00,3.466706,99.7421875
08:00:57,91282CLL3,TSRYS5884563,D,S,T,2024-09-23,1000000.00,3.466706,99.7421875
08:00:57,91282CLL3,TSRYS5884563,D,S,T,2024-09-23,1000000.00,3.466706,99.7421875
08:00:57,91282CLL3,TSRYS5884563,D,S,T,2024-09-23,1000000.00,3.466706,99.7421875
08:00:57,91282CLL3,TSRYS5884563,D,S,T,2024-09-23,1000000.00,3.468101,99.73828125
08:00:57,91282CLL3,TSRYS5884563,D,S,T,2024-09-23,1000000.00,3.468101,99.73828125
08:00:57,91282CLL3,TSRYS5884563,D,S,T,2024-09-23,1000000.00,3.468101,99.73828125
08:00:57,91282CLL3,TSRYS5884563,D,S,T,2024-09-23,1000000.00,3.468101,99.73828125
08:00:57,91282CLL3,TSRYS5884563,D,S,T,2024-09-23,8000000.00,3.468101,99.73828125
08:00:57,91282CLL3,TSRYS5884563,D,S,T,2024-09-23,1000000.00,3.468101,99.73828125
08:00:57,91282CLL3,TSRYS5884563,D,S,T,2024-09-23,1000000.00,3.468101,99.73828125
08:00:57,91282CLL3,TSRYS5884563,D,S,T,2024-09-23,1000000.00,3.468101,99.73828125
08:00:57,91282CLL3,TSRYS5884563,D,S,T,2024-09-23,2000000.00,3.468101,99.73828125
08:00:58,91282CLL3,TSRYS5884563,D,S,T,2024-09-23,1000000.00,3.468101,99.73828125
08:00:58,91282CLL3,TSRYS5884563,D,S,T,2024-09-23,1000000.00,3.468101,99.73828125
08:00:58,91282CLL3,TSRYS5884563,D,S,T,2024-09-23,1000000.00,3.468101,99.73828125
08:00:58,91282CLL3,TSRYS5884563,D,S,T,2024-09-23,1000000.00,3.468101,99.73828125
08:00:58,91282CLL3,TSRYS5884563,D,S,T,2024-09-23,1000000.00,3.468101,99.73828125
08:00:58,91282CLL3,TSRYS5884563,D,S,T,2024-09-23,1000000.00,3.468101,99.73828125
08:00:58,91282CLL3,TSRYS5884563,D,S,T,2024-09-23,1000000.00,3.468101,99.73828125
08:00:58,91282CLL3,TSRYS5884563,D,S,T,2024-09-23,1000000.00,3.468101,99.73828125
08:00:58,91282CLL3,TSRYS5884563,D,S,T,2024-09-23,1000000.00,3.468101,99.73828125
08:00:58,91282CLL3,TSRYS5884563,D,S,T,2024-09-23,1000000.00,3.468101,99.73828125
08:00:58,91282CLL3,TSRYS5884563,D,S,T,2024-09-23,1000000.00,3.468101,99.73828125
08:00:58,91282CLL3,TSRYS5884563,D,S,T,2024-09-23,1000000.00,3.468101,99.73828125
08:00:58,91282CLL3,TSRYS5884563,D,S,T,2024-09-23,1000000.00,3.468101,99.73828125
08:00:58,91282CLL3,TSRYS5884563,D,S,T,2024-09-23,1000000.00,3.468101,99.73828125
08:00:58,91282CLL3,TSRYS5884563,D,S,T,2024-09-23,1000000.00,3.468101,99.73828125
08:00:58,91282CLL3,TSRYS5884563,D,S,T,2024-09-23,1000000.00,3.468101,99.73828125
08:00:58,91282CLL3,TSRYS5884563,D,S,T,2024-09-23,1000000.00,3.468101,99.73828125
08:00:58,91282CLL3,TSRYS5884563,D,S,T,2024-09-23,1000000.00,3.468101,99.73828125
08:00:58,91282CLL3,TSRYS5884563,D,S,T,2024-09-23,1000000.00,3.468101,99.73828125
08:01:01,91282CLL3,TSRYS5884563,D,S,T,2024-09-23,1000000.00,3.491132,99.673828125
08:01:02,91282CLL3,TSRYS5884563,D,S,T,2024-09-23,1000000.00,3.468101,99.73828125
08:01:02,91282CLL3,TSRYS5884563,D,S,T,2024-09-23,1000000.00,3.468101,99.73828125
08:01:02,91282CLL3,TSRYS5884563,D,S,T,2024-09-23,1000000.00,3.468101,99.73828125
08:01:02,91282CLL3,TSRYS5884563,D,S,T,2024-09-23,1000000.00,3.468101,99.73828125
08:01:02,91282CLL3,TSRYS5884563,D,S,T,2024-09-23,1000000.00,3.468799,99.736328125
08:01:02,91282CLL3,TSRYS5884563,D,S,A,2024-09-23,20000.00,3.468101,99.73828125
08:01:02,91282CLL3,TSRYS5884563,D,B,A,2024-09-23,100000.00,3.469496,99.734375
08:01:02,91282CLL3,TSRYS5884563,D,B,A,2024-09-23,9000000.00,3.46252,99.75390625
08:01:03,91282CLL3,TSRYS5884563,D,S,A,2024-09-23,2000.00,3.462572,99.75390625
08:01:03,91282CLL3,TSRYS5884563,D,B,A,2024-09-23,8200000.00,3.469496,99.734375
08:01:03,91282CLL3,TSRYS5884563,D,S,T,2024-09-23,1000000.00,3.463218,99.751953125
08:01:03,91282CLL3,TSRYS5884563,D,S,T,2024-09-23,1000000.00,3.463218,99.751953125
08:01:03,91282CLL3,TSRYS5884563,D,S,T,2024-09-23,1000000.00,3.463218,99.751953125
08:01:03,91282CLL3,TSRYS5884563,D,S,T,2024-09-23,1000000.00,3.463218,99.751953125
08:01:03,91282CLL3,TSRYS5884563,D,S,T,2024-09-23,1000000.00,3.463218,99.751953125
08:01:03,91282CLL3,TSRYS5884563,D,S,T,2024-09-23,1000000.00,3.463218,99.751953125
08:01:03,91282CLL3,TSRYS5884563,D,S,T,2024-09-23,1000000.00,3.463218,99.751953125
08:01:03,91282CLL3,TSRYS5884563,D,S,T,2024-09-23,1000000.00,3.463952,99.749898
08:01:05,91282CLL3,TSRYS5884563,D,S,A,2024-09-23,200000.00,3.466706,99.7421875
08:01:05,91282CLL3,TSRYS5884563,D,S,D,2024-09-23,7000000.00,3.471922,99.7275845
08:01:06,91282CLL3,TSRYS5884563,D,S,T,2024-09-23,2000000.00,3.459033,99.763671875
08:01:06,91282CLL3,TSRYS5884563,D,S,T,2024-09-23,2000000.00,3.45973,99.76171875
08:01:06,91282CLL3,TSRYS5884563,D,S,T,2024-09-23,1000000.00,3.45973,99.76171875
08:01:06,91282CLL3,TSRYS5884563,D,S,T,2024-09-23,1000000.00,3.45973,99.76171875
08:01:06,91282CLL3,TSRYS5884563,D,S,T,2024-09-23,1000000.00,3.45973,99.76171875
08:01:06,91282CLL3,TSRYS5884563,D,S,T,2024-09-23,1000000.00,3.45973,99.76171875
08:01:06,91282CLL3,TSRYS5884563,D,S,T,2024-09-23,1000000.00,3.459767,99.76161675
08:01:06,91282CLL3,TSRYS5884563,D,S,T,2024-09-23,1000000.00,3.459767,99.76161675
08:01:06,91282CLL3,TSRYS5884563,D,S,T,2024-09-23,1000000.00,3.459767,99.76161675
08:01:06,91282CLL3,TSRYS5884563,D,S,T,2024-09-23,1000000.00,3.459767,99.76161675
08:01:06,91282CLL3,TSRYS5884563,D,S,T,2024-09-23,1000000.00,3.459767,99.76161675
08:01:06,91282CLL3,TSRYS5884563,D,S,T,2024-09-23,1000000.00,3.459767,99.76161675
08:01:06,91282CLL3,TSRYS5884563,D,S,T,2024-09-23,1000000.00,3.459767,99.76161675
08:01:06,91282CLL3,TSRYS5884563,D,S,T,2024-09-23,1000000.00,3.459767,99.76161675
08:01:06,91282CLL3,TSRYS5884563,D,S,T,2024-09-23,1000000.00,3.459767,99.76161675
08:01:06,91282CLL3,TSRYS5884563,D,S,T,2024-09-23,1000000.00,3.459767,99.76161675
08:01:06,91282CLL3,TSRYS5884563,D,S,T,2024-09-23,2000000.00,3.45973,99.76171875
08:01:06,91282CLL3,TSRYS5884563,D,S,T,2024-09-23,2000000.00,3.459767,99.76161675
08:01:06,91282CLL3,TSRYS5884563,D,S,T,2024-09-23,1000000.00,3.459767,99.76161675
08:01:06,91282CLL3,TSRYS5884563,D,S,T,2024-09-23,1000000.00,3.459767,99.76161675
08:01:06,91282CLL3,TSRYS5884563,D,S,T,2024-09-23,1000000.00,3.459767,99.76161675
08:01:06,91282CLL3,TSRYS5884563,D,S,T,2024-09-23,1000000.00,3.459767,99.76161675
08:01:06,91282CLL3,TSRYS5884563,D,S,T,2024-09-23,1000000.00,3.459767,99.76161675
08:01:06,91282CLL3,TSRYS5884563,D,S,T,2024-09-23,1000000.00,3.459767,99.76161675
08:01:06,91282CLL3,TSRYS5884563,D,S,T,2024-09-23,1000000.00,3.459767,99.76161675
08:01:06,91282CLL3,TSRYS5884563,D,S,T,2024-09-23,1000000.00,3.461125,99.7578125
08:01:06,91282CLL3,TSRYS5884563,D,S,T,2024-09-23,1000000.00,3.461125,99.7578125
08:01:06,91282CLL3,TSRYS5884563,D,S,T,2024-09-23,2000000.00,3.461125,99.7578125
08:01:06,91282CLL3,TSRYS5884563,D,S,D,2024-09-23,7000000.00,3.47523,99.7183268
08:01:06,91282CLL3,TSRYS5884563,D,S,T,2024-09-23,1000000.00,3.461125,99.7578125
08:01:06,91282CLL3,TSRYS5884563,D,S,T,2024-09-23,2000000.00,3.461125,99.7578125
08:01:06,91282CLL3,TSRYS5884563,D,S,T,2024-09-23,1000000.00,3.461125,99.7578125
08:01:06,91282CLL3,TSRYS5884563,D,S,T,2024-09-23,1000000.00,3.461162,99.7577105
08:01:06,91282CLL3,TSRYS5884563,D,S,T,2024-09-23,1000000.00,3.461162,99.7577105
08:01:06,91282CLL3,TSRYS5884563,D,S,T,2024-09-23,1000000.00,3.461162,99.7577105
08:01:06,91282CLL3,TSRYS5884563,D,S,T,2024-09-23,1000000.00,3.461162,99.7577105
08:01:06,91282CLL3,TSRYS5884563,D,S,T,2024-09-23,1000000.00,3.461162,99.7577105
08:01:06,91282CLL3,TSRYS5884563,D,S,T,2024-09-23,1000000.00,3.461162,99.7577105
08:01:06,91282CLL3,TSRYS5884563,D,S,T,2024-09-23,1000000.00,3.461162,99.7577105
08:01:06,91282CLL3,TSRYS5884563,D,S,T,2024-09-23,2000000.00,3.461162,99.7577105
08:01:06,91282CLL3,TSRYS5884563,D,S,T,2024-09-23,1000000.00,3.461162,99.7577105
08:01:07,91282CLL3,TSRYS5884563,D,S,T,2024-09-23,2000000.00,3.461162,99.7577105
08:01:07,91282CLL3,TSRYS5884563,D,S,T,2024-09-23,1000000.00,3.461162,99.7577105
08:01:07,91282CLL3,TSRYS5884563,D,S,A,2024-09-23,9000000.00,3.46252,99.75390625
08:01:07,91282CLL3,TSRYS5884563,D,S,T,2024-09-23,1000000.00,3.460428,99.759765625
08:01:07,91282CLL3,TSRYS5884563,D,S,T,2024-09-23,1000000.00,3.460428,99.759765625
08:01:07,91282CLL3,TSRYS5884563,D,S,T,2024-09-23,1000000.00,3.460428,99.759765625
08:01:07,91282CLL3,TSRYS5884563,D,S,T,2024-09-23,1000000.00,3.460428,99.759765625
08:01:07,91282CLL3,TSRYS5884563,D,S,T,2024-09-23,2000000.00,3.460428,99.759765625
08:01:07,91282CLL3,TSRYS5884563,D,S,T,2024-09-23,1000000.00,3.460428,99.759765625
08:01:07,91282CLL3,TSRYS5884563,D,S,T,2024-09-23,1000000.00,3.460428,99.759765625
08:01:07,91282CLL3,TSRYS5884563,D,S,T,2024-09-23,1000000.00,3.460428,99.759765625
08:01:07,91282CLL3,TSRYS5884563,D,S,T,2024-09-23,11000000.00,3.460428,99.759765625
08:01:07,91282CLL3,TSRYS5884563,D,S,T,2024-09-23,1000000.00,3.460428,99.759765625
08:01:07,91282CLL3,TSRYS5884563,D,S,T,2024-09-23,1000000.00,3.461125,99.7578125
08:01:07,91282CLL3,TSRYS5884563,D,S,T,2024-09-23,1000000.00,3.461125,99.7578125
08:01:07,91282CLL3,TSRYS5884563,D,S,T,2024-09-23,2000000.00,3.461125,99.7578125
08:01:07,91282CLL3,TSRYS5884563,D,S,T,2024-09-23,1000000.00,3.461125,99.7578125
08:01:07,91282CLL3,TSRYS5884563,D,S,T,2024-09-23,1000000.00,3.461162,99.7577105
08:01:07,91282CLL3,TSRYS5884563,D,S,T,2024-09-23,1000000.00,3.461125,99.7578125
08:01:07,91282CLL3,TSRYS5884563,D,S,T,2024-09-23,1000000.00,3.461125,99.7578125
08:01:07,91282CLL3,TSRYS5884563,D,S,T,2024-09-23,1000000.00,3.461162,99.7577105
08:01:07,91282CLL3,TSRYS5884563,D,S,T,2024-09-23,1000000.00,3.461162,99.7577105
08:01:07,91282CLL3,TSRYS5884563,D,S,T,2024-09-23,2000000.00,3.461125,99.7578125
08:01:07,91282CLL3,TSRYS5884563,D,S,T,2024-09-23,1000000.00,3.461162,99.7577105
08:01:07,91282CLL3,TSRYS5884563,D,S,T,2024-09-23,1000000.00,3.461125,99.7578125
08:01:07,91282CLL3,TSRYS5884563,D,S,T,2024-09-23,1000000.00,3.461162,99.7577105
08:01:07,91282CLL3,TSRYS5884563,D,S,T,2024-09-23,1000000.00,3.461162,99.7577105
08:01:07,91282CLL3,TSRYS5884563,D,S,T,2024-09-23,1000000.00,3.461162,99.7577105
08:01:07,91282CLL3,TSRYS5884563,D,S,T,2024-09-23,1000000.00,3.461162,99.7577105
08:01:07,91282CLL3,TSRYS5884563,D,S,T,2024-09-23,2000000.00,3.461162,99.7577105
08:01:07,91282CLL3,TSRYS5884563,D,S,T,2024-09-23,1000000.00,3.461162,99.7577105
08:01:07,91282CLL3,TSRYS5884563,D,S,T,2024-09-23,2000000.00,3.461162,99.7577105
08:01:07,91282CLL3,TSRYS5884563,D,S,T,2024-09-23,1000000.00,3.461162,99.7577105
08:01:07,91282CLL3,TSRYS5884563,D,S,T,2024-09-23,1000000.00,3.461162,99.7577105
08:01:07,91282CLL3,TSRYS5884563,D,S,T,2024-09-23,1000000.00,3.460428,99.759765625
08:01:07,91282CLL3,TSRYS5884563,D,S,T,2024-09-23,1000000.00,3.460428,99.759765625
08:01:08,91282CLL3,TSRYS5884563,D,S,T,2024-09-23,1000000.00,3.475776,99.716796875
08:01:08,91282CLL3,TSRYS5884563,D,S,T,2024-09-23,1000000.00,3.475078,99.71875
08:01:08,91282CLL3,TSRYS5884563,D,S,T,2024-09-23,1000000.00,3.475078,99.71875
08:01:08,91282CLL3,TSRYS5884563,D,S,T,2024-09-23,1000000.00,3.475776,99.716796875
08:01:10,91282CLL3,TSRYS5884563,D,S,D,2024-09-23,3000000.00,3.475078,99.71875
08:01:11,91282CLL3,TSRYS5884563,D,S,D,2024-09-23,3000000.00,3.473683,99.72265625
08:01:12,91282CLL3,TSRYS5884563,D,S,D,2024-09-23,1000000.00,3.489736,99.677734375
08:01:12,91282CLL3,TSRYS5884563,D,S,D,2024-09-23,1000000.00,3.493227,99.66796875
08:01:12,91282CLL3,TSRYS5884563,D,B,C,2024-09-23,1000000.00,3.489736,99.677734375
08:01:12,91282CLL3,TSRYS5884563,D,S,D,2024-09-23,1000000.00,3.493227,99.66796875
08:01:12,91282CLL3,TSRYS5884563,D,B,C,2024-09-23,1000000.00,3.48834,99.681640625
08:01:12,91282CLL3,TSRYS5884563,D,S,D,2024-09-23,1000000.00,3.48834,99.681640625
08:01:12,91282CLL3,TSRYS5884563,D,S,T,2024-09-23,1000000.00,3.47438,99.720703125
08:01:12,91282CLL3,TSRYS5884563,D,S,C,2024-09-23,1000000.00,3.486245,99.6875
08:01:12,91282CLL3,TSRYS5884563,D,S,D,2024-09-23,1000000.00,3.484849,99.69140625
08:01:12,91282CLL3,TSRYS5884563,D,B,C,2024-09-23,1000000.00,3.485547,99.689453125
08:01:12,91282CLL3,TSRYS5884563,D,S,D,2024-09-23,1000000.00,3.485547,99.689453125
08:01:12,91282CLL3,TSRYS5884563,D,S,D,2024-09-23,1000000.00,3.480661,99.703125
08:01:12,91282CLL3,TSRYS5884563,D,S,D,2024-09-23,1000000.00,3.483453,99.6953125
08:01:12,91282CLL3,TSRYS5884563,D,B,C,2024-09-23,1000000.00,3.480661,99.703125
08:01:12,91282CLL3,TSRYS5884563,D,S,D,2024-09-23,1000000.00,3.483453,99.6953125
08:01:12,91282CLL3,TSRYS5884563,D,B,C,2024-09-23,1000000.00,3.483453,99.6953125
08:01:12,91282CLL3,TSRYS5884563,D,S,D,2024-09-23,1000000.00,3.483453,99.6953125
08:01:12,91282CLL3,TSRYS5884563,D,S,D,2024-09-23,1000000.00,3.484151,99.693359375
08:01:12,91282CLL3,TSRYS5884563,D,B,C,2024-09-23,1000000.00,3.482057,99.69921875
08:01:12,91282CLL3,TSRYS5884563,D,B,C,2024-09-23,1000000.00,3.483453,99.6953125
08:01:12,91282CLL3,TSRYS5884563,D,S,D,2024-09-23,1000000.00,3.483453,99.6953125
08:01:12,91282CLL3,TSRYS5884563,D,S,D,2024-09-23,1000000.00,3.480661,99.703125
08:01:12,91282CLL3,TSRYS5884563,D,B,C,2024-09-23,1000000.00,3.480661,99.703125
08:01:13,91282CLL3,TSRYS5884563,D,S,D,2024-09-23,1000000.00,3.482755,99.697265625
08:01:13,91282CLL3,TSRYS5884563,D,S,D,2024-09-23,2000000.00,3.479963,99.705078125
08:01:13,91282CLL3,TSRYS5884563,D,S,D,2024-09-23,1000000.00,3.482057,99.69921875
08:01:13,91282CLL3,TSRYS5884563,D,S,D,2024-09-23,1000000.00,3.483453,99.6953125
08:01:13,91282CLL3,TSRYS5884563,D,B,C,2024-09-23,1000000.00,3.483453,99.6953125
08:01:13,91282CLL3,TSRYS5884563,D,S,D,2024-09-23,1000000.00,3.483453,99.6953125
08:01:13,91282CLL3,TSRYS5884563,D,B,C,2024-09-23,1000000.00,3.483453,99.6953125
08:01:13,91282CLL3,TSRYS5884563,D,S,D,2024-09-23,1000000.00,3.486245,99.6875
08:01:13,91282CLL3,TSRYS5884563,D,S,D,2024-09-23,1000000.00,3.483453,99.6953125
08:01:13,91282CLL3,TSRYS5884563,D,S,D,2024-09-23,1000000.00,3.486245,99.6875
08:01:13,91282CLL3,TSRYS5884563,D,B,C,2024-09-23,1000000.00,3.483453,99.6953125
08:01:13,91282CLL3,TSRYS5884563,D,S,D,2024-09-23,1000000.00,3.484849,99.69140625
08:01:13,91282CLL3,TSRYS5884563,D,B,C,2024-09-23,1000000.00,3.486943,99.685546875
08:01:13,91282CLL3,TSRYS5884563,D,B,C,2024-09-23,1000000.00,3.484849,99.69140625
08:01:13,91282CLL3,TSRYS5884563,D,S,D,2024-09-23,1000000.00,3.486943,99.685546875
08:01:13,91282CLL3,TSRYS5884563,D,B,C,2024-09-23,1000000.00,3.486245,99.6875
08:01:13,91282CLL3,TSRYS5884563,D,S,D,2024-09-23,1000000.00,3.486943,99.685546875
08:01:13,91282CLL3,TSRYS5884563,D,S,D,2024-09-23,1000000.00,3.484849,99.69140625
08:01:13,91282CLL3,TSRYS5884563,D,B,C,2024-09-23,1000000.00,3.486943,99.685546875
08:01:13,91282CLL3,TSRYS5884563,D,S,D,2024-09-23,9800000.00,3.463915,99.75
08:01:13,91282CLL3,TSRYS5884563,D,S,D,2024-09-23,14700000.00,3.463915,99.75
08:01:13,91282CLL3,TSRYS5884563,D,S,D,2024-09-23,24450000.00,3.463915,99.75
08:01:13,91282CLL3,TSRYS5884563,D,B,C,2024-09-23,14700000.00,3.463915,99.75
08:01:13,91282CLL3,TSRYS5884563,D,B,C,2024-09-23,9800000.00,3.463915,99.75
08:01:13,91282CLL3,TSRYS5884563,D,S,D,2024-09-23,1000000.00,3.475078,99.71875
08:01:13,91282CLL3,TSRYS5884563,D,B,C,2024-09-23,24450000.00,3.463915,99.75
08:01:13,91282CLL3,TSRYS5884563,D,S,D,2024-09-23,1000000.00,3.475776,99.716796875
08:01:13,91282CLL3,TSRYS5884563,D,S,D,2024-09-23,1000000.00,3.476474,99.71484375
08:01:13,91282CLL3,TSRYS5884563,D,S,C,2024-09-23,1000000.00,3.473683,99.72265625
08:01:13,91282CLL3,TSRYS5884563,D,B,C,2024-09-23,1000000.00,3.475776,99.716796875
