tradeTime,cusip,issueSymbolIdentifier,priceType,reportingSideCode,contraPartyTypeCode,tradeDate,reportedTradeVolume,lastSaleYield,lastSalePrice
08:00:03,91282CKZ3,TSRYS5842943,D,S,D,2024-07-23,1000000.00,4.287754,100.240234375
08:00:03,91282CKZ3,TSRYS5842943,D,S,T,2024-07-23,1000000.00,4.287049,100.2421875
08:00:03,91282CKZ3,TSRYS5842943,D,S,T,2024-07-23,1000000.00,4.284229,100.25
08:00:03,91282CKZ3,TSRYS5842943,D,S,D,2024-07-23,2000000.00,4.283524,100.251953125
08:00:03,91282CKZ3,TSRYS5842943,D,S,D,2024-07-23,1000000.00,4.287754,100.240234375
08:00:03,91282CKZ3,TSRYS5842943,D,S,D,2024-07-23,1000000.00,4.287754,100.240234375
08:00:04,91282CKZ3,TSRYS5842943,D,S,T,2024-07-23,1000000.00,4.287049,100.2421875
08:00:04,91282CKZ3,TSRYS5842943,D,S,D,2024-07-23,1000000.00,4.287049,100.2421875
08:00:04,91282CKZ3,TSRYS5842943,D,S,D,2024-07-23,2000000.00,4.291279,100.23046875
08:00:04,91282CKZ3,TSRYS5842943,D,S,D,2024-07-23,3000000.00,4.291279,100.23046875
08:00:04,91282CKZ3,TSRYS5842943,D,S,D,2024-07-23,2000000.00,4.29269,100.2265625
08:00:04,91282CKZ3,TSRYS5842943,D,S,D,2024-07-23,1000000.00,4.284229,100.25
08:00:04,91282CKZ3,TSRYS5842943,D,S,D,2024-07-23,1000000.00,4.284229,100.25
08:00:04,91282CKZ3,TSRYS5842943,D,S,D,2024-07-23,1000000.00,4.284229,100.25
08:00:04,91282CKZ3,TSRYS5842943,D,S,D,2024-07-23,1000000.00,4.284934,100.248046875
08:00:04,91282CKZ3,TSRYS5842943,D,S,D,2024-07-23,1000000.00,4.284934,100.248046875
08:00:04,91282CKZ3,TSRYS5842943,D,S,T,2024-07-23,4000000.00,4.284229,100.25
08:00:04,91282CKZ3,TSRYS5842943,D,S,T,2024-07-23,1000000.00,4.281409,100.2578125
08:00:04,91282CKZ3,TSRYS5842943,D,S,T,2024-07-23,4000000.00,4.281409,100.2578125
08:00:04,91282CKZ3,TSRYS5842943,D,S,T,2024-07-23,1000000.00,4.282819,100.25390625
08:00:04,91282CKZ3,TSRYS5842943,D,S,T,2024-07-23,1000000.00,4.282819,100.25390625
08:00:04,91282CKZ3,TSRYS5842943,D,S,D,2024-07-23,1000000.00,4.287049,100.2421875
08:00:04,91282CKZ3,TSRYS5842943,D,S,D,2024-07-23,1000000.00,4.286344,100.244140625
08:00:04,91282CKZ3,TSRYS5842943,D,S,T,2024-07-23,1000000.00,4.284229,100.25
08:00:04,91282CKZ3,TSRYS5842943,D,S,T,2024-07-23,1000000.00,4.283524,100.251953125
08:00:04,91282CKZ3,TSRYS5842943,D,S,T,2024-07-23,1000000.00,4.283524,100.251953125
08:00:04,91282CKZ3,TSRYS5842943,D,S,T,2024-07-23,1000000.00,4.283524,100.251953125
08:00:04,91282CKZ3,TSRYS5842943,D,S,T,2024-07-23,1000000.00,4.283524,100.251953125
08:00:04,91282CKZ3,TSRYS5842943,D,S,D,2024-07-23,1000000.00,4.283524,100.251953125
08:00:04,91282CKZ3,TSRYS5842943,D,S,D,2024-07-23,1000000.00,4.283524,100.251953125
08:00:04,91282CKZ3,TSRYS5842943,D,S,D,2024-07-23,1000000.00,4.283524,100.251953125
08:00:04,91282CKZ3,TSRYS5842943,D,S,D,2024-07-23,1000000.00,4.283524,100.251953125
08:00:04,91282CKZ3,TSRYS5842943,D,S,D,2024-07-23,1000000.00,4.283524,100.251953125
08:00:07,91282CKZ3,TSRYS5842943,D,S,T,2024-07-23,1000000.00,4.285639,100.24609375
08:00:08,91282CKZ3,TSRYS5842943,D,S,A,2024-07-23,200000.00,4.284229,100.25
08:00:09,91282CKZ3,TSRYS5842943,D,S,T,2024-07-23,1000000.00,4.284229,100.25
08:00:09,91282CKZ3,TSRYS5842943,D,S,T,2024-07-23,1000000.00,4.284229,100.25
08:00:10,91282CKZ3,TSRYS5842943,D,S,T,2024-07-23,1000000.00,4.282819,100.25390625
08:00:10,91282CKZ3,TSRYS5842943,D,S,T,2024-07-23,1000000.00,4.282819,100.25390625
08:00:10,91282CKZ3,TSRYS5842943,D,S,T,2024-07-23,1000000.00,4.284229,100.25
08:00:10,91282CKZ3,TSRYS5842943,D,S,T,2024-07-23,1000000.00,4.283524,100.251953125
08:00:10,91282CKZ3,TSRYS5842943,D,S,T,2024-07-23,1000000.00,4.284229,100.25
08:00:10,91282CKZ3,TSRYS5842943,D,S,T,2024-07-23,1000000.00,4.282819,100.25390625
08:00:10,91282CKZ3,TSRYS5842943,D,S,T,2024-07-23,1000000.00,4.287049,100.2421875
08:00:10,91282CKZ3,TSRYS5842943,D,S,D,2024-07-23,1000000.00,4.287049,100.2421875
08:00:10,91282CKZ3,TSRYS5842943,D,S,T,2024-07-23,1000000.00,4.282819,100.25390625
08:00:10,91282CKZ3,TSRYS5842943,D,S,T,2024-07-23,1000000.00,4.282819,100.25390625
08:00:10,91282CKZ3,TSRYS5842943,D,S,T,2024-07-23,6000000.00,4.285639,100.24609375
08:00:10,91282CKZ3,TSRYS5842943,D,S,T,2024-07-23,1000000.00,4.289869,100.234375
08:00:10,91282CKZ3,TSRYS5842943,D,S,T,2024-07-23,1000000.00,4.289869,100.234375
08:00:10,91282CKZ3,TSRYS5842943,D,S,D,2024-07-23,1000000.00,4.287754,100.240234375
08:00:10,91282CKZ3,TSRYS5842943,D,S,T,2024-07-23,1000000.00,4.287754,100.240234375
08:00:10,91282CKZ3,TSRYS5842943,D,S,T,2024-07-23,1000000.00,4.288459,100.23828125
08:00:10,91282CKZ3,TSRYS5842943,D,S,T,2024-07-23,1000000.00,4.291279,100.23046875
08:00:10,91282CKZ3,TSRYS5842943,D,S,T,2024-07-23,1000000.00,4.291279,100.23046875
08:00:10,91282CKZ3,TSRYS5842943,D,S,T,2024-07-23,1000000.00,4.291279,100.23046875
08:00:10,91282CKZ3,TSRYS5842943,D,S,T,2024-07-23,1000000.00,4.285639,100.24609375
08:00:10,91282CKZ3,TSRYS5842943,D,S,T,2024-07-23,1000000.00,4.285639,100.24609375
08:00:10,91282CKZ3,TSRYS5842943,D,S,D,2024-07-23,1000000.00,4.284229,100.25
08:00:10,91282CKZ3,TSRYS5842943,D,S,T,2024-07-23,1000000.00,4.284229,100.25
08:00:10,91282CKZ3,TSRYS5842943,D,S,T,2024-07-23,1000000.00,4.282114,100.255859375
08:00:10,91282CKZ3,TSRYS5842943,D,S,T,2024-07-23,1000000.00,4.282819,100.25390625
08:00:10,91282CKZ3,TSRYS5842943,D,S,T,2024-07-23,1000000.00,4.282819,100.25390625
08:00:10,91282CKZ3,TSRYS5842943,D,S,T,2024-07-23,1000000.00,4.282819,100.25390625
08:00:10,91282CKZ3,TSRYS5842943,D,S,T,2024-07-23,1000000.00,4.284229,100.25
08:00:11,91282CKZ3,TSRYS5842943,D,S,T,2024-07-23,1000000.00,4.27436,100.27734375
08:00:11,91282CKZ3,TSRYS5842943,D,S,T,2024-07-23,1000000.00,4.27436,100.27734375
08:00:11,91282CKZ3,TSRYS5842943,D,S,T,2024-07-23,2000000.00,4.278589,100.265625
08:00:11,91282CKZ3,TSRYS5842943,D,S,T,2024-07-23,1000000.00,4.27718,100.26953125
08:00:11,91282CKZ3,TSRYS5842943,D,S,T,2024-07-23,1000000.00,4.27718,100.26953125
08:00:11,91282CKZ3,TSRYS5842943,D,S,T,2024-07-23,1000000.00,4.27718,100.26953125
08:00:11,91282CKZ3,TSRYS5842943,D,S,T,2024-07-23,9000000.00,4.27718,100.26953125
08:00:11,91282CKZ3,TSRYS5842943,D,S,T,2024-07-23,1000000.00,4.278589,100.265625
08:00:11,91282CKZ3,TSRYS5842943,D,S,T,2024-07-23,2000000.00,4.278589,100.265625
08:00:11,91282CKZ3,TSRYS5842943,D,S,T,2024-07-23,1000000.00,4.281409,100.2578125
08:00:11,91282CKZ3,TSRYS5842943,D,S,T,2024-07-23,1000000.00,4.279999,100.26171875
08:00:11,91282CKZ3,TSRYS5842943,D,S,T,2024-07-23,1000000.00,4.282819,100.25390625
08:00:11,91282CKZ3,TSRYS5842943,D,S,D,2024-07-23,1000000.00,4.287049,100.2421875
08:00:11,91282CKZ3,TSRYS5842943,D,S,T,2024-07-23,1000000.00,4.285639,100.24609375
08:00:11,91282CKZ3,TSRYS5842943,D,S,T,2024-07-23,1000000.00,4.283524,100.251953125
08:00:11,91282CKZ3,TSRYS5842943,D,S,T,2024-07-23,1000000.00,4.284229,100.25
08:00:11,91282CKZ3,TSRYS5842943,D,S,T,2024-07-23,1000000.00,4.284229,100.25
08:00:11,91282CKZ3,TSRYS5842943,D,S,T,2024-07-23,1000000.00,4.285639,100.24609375
08:00:11,91282CKZ3,TSRYS5842943,D,S,T,2024-07-23,1000000.00,4.287049,100.2421875
08:00:12,91282CKZ3,TSRYS5842943,D,S,D,2024-07-23,1000000.00,4.284229,100.25
08:00:12,91282CKZ3,TSRYS5842943,D,S,D,2024-07-23,1000000.00,4.284934,100.248046875
08:00:13,91282CKZ3,TSRYS5842943,D,S,T,2024-07-23,1000000.00,4.288459,100.23828125
08:00:13,91282CKZ3,TSRYS5842943,D,S,T,2024-07-23,1000000.00,4.287049,100.2421875
08:00:13,91282CKZ3,TSRYS5842943,D,S,T,2024-07-23,1000000.00,4.288459,100.23828125
08:00:13,91282CKZ3,TSRYS5842943,D,S,T,2024-07-23,1000000.00,4.287049,100.2421875
08:00:13,91282CKZ3,TSRYS5842943,D,S,T,2024-07-23,1000000.00,4.284229,100.25
08:00:13,91282CKZ3,TSRYS5842943,D,S,T,2024-07-23,1000000.00,4.284229,100.25
08:00:16,91282CKZ3,TSRYS5842943,D,B,A,2024-07-23,16400000.00,4.284229,100.25
08:00:17,91282CKZ3,TSRYS5842943,D,S,D,2024-07-23,1000000.00,4.279999,100.26171875
08:00:17,91282CKZ3,TSRYS5842943,D,S,T,2024-07-23,1000000.00,4.282114,100.255859375
08:00:17,91282CKZ3,TSRYS5842943,D,S,D,2024-07-23,2000000.00,4.279294,100.263671875
08:00:17,91282CKZ3,TSRYS5842943,D,S,D,2024-07-23,1000000.00,4.279294,100.263671875
08:00:17,91282CKZ3,TSRYS5842943,D,S,D,2024-07-23,2000000.00,4.279999,100.26171875
08:00:17,91282CKZ3,TSRYS5842943,D,S,D,2024-07-23,5000000.00,4.279999,100.26171875
08:00:17,91282CKZ3,TSRYS5842943,D,S,D,2024-07-23,5000000.00,4.279999,100.26171875
08:00:17,91282CKZ3,TSRYS5842943,D,S,D,2024-07-23,1000000.00,4.279999,100.26171875
08:00:17,91282CKZ3,TSRYS5842943,D,S,D,2024-07-23,3000000.00,4.279999,100.26171875
08:00:17,91282CKZ3,TSRYS5842943,D,S,D,2024-07-23,1000000.00,4.279999,100.26171875
08:00:17,91282CKZ3,TSRYS5842943,D,S,D,2024-07-23,1000000.00,4.279999,100.26171875
08:00:17,91282CKZ3,TSRYS5842943,D,S,D,2024-07-23,1000000.00,4.279999,100.26171875
08:00:17,91282CKZ3,TSRYS5842943,D,S,D,2024-07-23,1000000.00,4.279999,100.26171875
08:00:17,91282CKZ3,TSRYS5842943,D,S,D,2024-07-23,2000000.00,4.279999,100.26171875
08:00:17,91282CKZ3,TSRYS5842943,D,S,D,2024-07-23,1000000.00,4.279999,100.26171875
08:00:17,91282CKZ3,TSRYS5842943,D,S,D,2024-07-23,1000000.00,4.280704,100.259765625
08:00:17,91282CKZ3,TSRYS5842943,D,S,D,2024-07-23,1000000.00,4.280704,100.259765625
08:00:17,91282CKZ3,TSRYS5842943,D,S,D,2024-07-23,2000000.00,4.280704,100.259765625
08:00:17,91282CKZ3,TSRYS5842943,D,S,D,2024-07-23,1000000.00,4.280704,100.259765625
08:00:17,91282CKZ3,TSRYS5842943,D,S,T,2024-07-23,1000000.00,4.285639,100.24609375
08:00:17,91282CKZ3,TSRYS5842943,D,S,D,2024-07-23,2000000.00,4.280704,100.259765625
08:00:17,91282CKZ3,TSRYS5842943,D,S,D,2024-07-23,3000000.00,4.280704,100.259765625
08:00:17,91282CKZ3,TSRYS5842943,D,S,T,2024-07-23,1000000.00,4.287049,100.2421875
08:00:17,91282CKZ3,TSRYS5842943,D,S,D,2024-07-23,1000000.00,4.285639,100.24609375
08:00:17,91282CKZ3,TSRYS5842943,D,S,T,2024-07-23,1000000.00,4.287049,100.2421875
08:00:17,91282CKZ3,TSRYS5842943,D,S,T,2024-07-23,1000000.00,4.287049,100.2421875
08:00:17,91282CKZ3,TSRYS5842943,D,S,D,2024-07-23,5000000.00,4.280704,100.259765625
08:00:17,91282CKZ3,TSRYS5842943,D,S,D,2024-07-23,2000000.00,4.280704,100.259765625
08:00:17,91282CKZ3,TSRYS5842943,D,S,D,2024-07-23,1000000.00,4.280704,100.259765625
08:00:18,91282CKZ3,TSRYS5842943,D,S,D,2024-07-23,2000000.00,4.280704,100.259765625
08:00:18,91282CKZ3,TSRYS5842943,D,S,D,2024-07-23,1000000.00,4.280704,100.259765625
08:00:18,91282CKZ3,TSRYS5842943,D,S,D,2024-07-23,2000000.00,4.280704,100.259765625
08:00:18,91282CKZ3,TSRYS5842943,D,S,D,2024-07-23,1000000.00,4.280704,100.259765625
08:00:18,91282CKZ3,TSRYS5842943,D,S,D,2024-07-23,1000000.00,4.280704,100.259765625
08:00:18,91282CKZ3,TSRYS5842943,D,S,D,2024-07-23,9000000.00,4.280704,100.259765625
08:00:18,91282CKZ3,TSRYS5842943,D,S,D,2024-07-23,2000000.00,4.284229,100.25
08:00:18,91282CKZ3,TSRYS5842943,D,S,D,2024-07-23,6000000.00,4.284229,100.25
08:00:19,91282CKZ3,TSRYS5842943,D,S,D,2024-07-23,1000000.00,4.287049,100.2421875
08:00:19,91282CKZ3,TSRYS5842943,D,S,D,2024-07-23,1000000.00,4.287049,100.2421875
08:00:21,91282CKZ3,TSRYS5842943,D,S,D,2024-07-23,1000000.00,4.282819,100.25390625
08:00:21,91282CKZ3,TSRYS5842943,D,S,T,2024-07-23,1000000.00,4.282114,100.255859375
08:00:21,91282CKZ3,TSRYS5842943,D,S,T,2024-07-23,1000000.00,4.282819,100.25390625
08:00:21,91282CKZ3,TSRYS5842943,D,B,A,2024-07-23,41400000.00,4.282819,100.253906
08:00:21,91282CKZ3,TSRYS5842943,D,S,T,2024-07-23,1000000.00,4.283524,100.251953125
08:00:21,91282CKZ3,TSRYS5842943,D,B,A,2024-07-23,22200000.00,4.282819,100.253906
08:00:22,91282CKZ3,TSRYS5842943,D,S,D,2024-07-23,3000000.00,4.284229,100.25
08:00:22,91282CKZ3,TSRYS5842943,D,S,D,2024-07-23,5000000.00,4.284229,100.25
08:00:22,91282CKZ3,TSRYS5842943,D,S,D,2024-07-23,23000000.00,4.284229,100.25
08:00:22,91282CKZ3,TSRYS5842943,D,S,D,2024-07-23,1000000.00,4.282819,100.25390625
08:00:22,91282CKZ3,TSRYS5842943,D,S,T,2024-07-23,1000000.00,4.287754,100.240234375
08:00:22,91282CKZ3,TSRYS5842943,D,S,T,2024-07-23,1000000.00,4.286344,100.244140625
08:00:23,91282CKZ3,TSRYS5842943,D,S,T,2024-07-23,1000000.00,4.285639,100.24609375
08:00:23,91282CKZ3,TSRYS5842943,D,S,D,2024-07-23,1000000.00,4.283524,100.251953125
08:00:23,91282CKZ3,TSRYS5842943,D,S,T,2024-07-23,1000000.00,4.282819,100.25390625
08:00:24,91282CKZ3,TSRYS5842943,D,S,D,2024-07-23,1000000.00,4.288459,100.23828125
08:00:25,91282CKZ3,TSRYS5842943,D,S,D,2024-07-23,3000000.00,4.291279,100.23046875
08:00:26,91282CKZ3,TSRYS5842943,D,S,D,2024-07-23,2000000.00,4.291279,100.23046875
08:00:26,91282CKZ3,TSRYS5842943,D,S,T,2024-07-23,1000000.00,4.286344,100.244140625
08:00:26,91282CKZ3,TSRYS5842943,D,S,T,2024-07-23,1000000.00,4.286344,100.244140625
08:00:26,91282CKZ3,TSRYS5842943,D,S,T,2024-07-23,1000000.00,4.282819,100.25390625
08:00:26,91282CKZ3,TSRYS5842943,D,S,T,2024-07-23,1000000.00,4.286344,100.244140625
08:00:26,91282CKZ3,TSRYS5842943,D,S,T,2024-07-23,1000000.00,4.286344,100.244140625
08:00:26,91282CKZ3,TSRYS5842943,D,S,T,2024-07-23,1000000.00,4.285639,100.24609375
08:00:26,91282CKZ3,TSRYS5842943,D,S,T,2024-07-23,1000000.00,4.285639,100.24609375
08:00:27,91282CKZ3,TSRYS5842943,D,S,D,2024-07-23,1000000.00,4.291279,100.23046875
08:00:27,91282CKZ3,TSRYS5842943,D,S,D,2024-07-23,1000000.00,4.282819,100.25390625
08:00:27,91282CKZ3,TSRYS5842943,D,S,D,2024-07-23,1000000.00,4.284229,100.25
08:00:27,91282CKZ3,TSRYS5842943,D,S,D,2024-07-23,1000000.00,4.285639,100.24609375
08:00:27,91282CKZ3,TSRYS5842943,D,S,D,2024-07-23,1000000.00,4.284229,100.25
08:00:27,91282CKZ3,TSRYS5842943,D,S,D,2024-07-23,1000000.00,4.285639,100.24609375
08:00:27,91282CKZ3,TSRYS5842943,D,S,D,2024-07-23,1000000.00,4.27718,100.26953125
08:00:27,91282CKZ3,TSRYS5842943,D,S,D,2024-07-23,1000000.00,4.281409,100.2578125
08:00:27,91282CKZ3,TSRYS5842943,D,S,D,2024-07-23,1000000.00,4.284229,100.25
08:00:27,91282CKZ3,TSRYS5842943,D,S,T,2024-07-23,1000000.00,4.284229,100.25
08:00:27,91282CKZ3,TSRYS5842943,D,S,T,2024-07-23,1000000.00,4.284229,100.25
08:00:27,91282CKZ3,TSRYS5842943,D,S,T,2024-07-23,1000000.00,4.284229,100.25
08:00:27,91282CKZ3,TSRYS5842943,D,S,T,2024-07-23,1000000.00,4.284229,100.25
08:00:27,91282CKZ3,TSRYS5842943,D,S,T,2024-07-23,1000000.00,4.282819,100.25390625
08:00:27,91282CKZ3,TSRYS5842943,D,S,T,2024-07-23,1000000.00,4.282819,100.25390625
08:00:29,91282CKZ3,TSRYS5842943,D,S,D,2024-07-23,2318000.00,4.288459,100.23828125
08:00:30,91282CKZ3,TSRYS5842943,D,S,T,2024-07-23,1000000.00,4.291279,100.23046875
08:00:30,91282CKZ3,TSRYS5842943,D,S,T,2024-07-23,1000000.00,4.291279,100.23046875
08:00:30,91282CKZ3,TSRYS5842943,D,S,T,2024-07-23,1000000.00,4.291279,100.23046875
08:00:30,91282CKZ3,TSRYS5842943,D,S,T,2024-07-23,1000000.00,4.291984,100.228515625
08:00:30,91282CKZ3,TSRYS5842943,D,S,T,2024-07-23,1000000.00,4.288459,100.23828125
08:00:30,91282CKZ3,TSRYS5842943,D,S,T,2024-07-23,1000000.00,4.289869,100.234375
08:00:30,91282CKZ3,TSRYS5842943,D,S,T,2024-07-23,1000000.00,4.288459,100.23828125
08:00:30,91282CKZ3,TSRYS5842943,D,S,T,2024-07-23,1000000.00,4.288459,100.23828125
08:00:30,91282CKZ3,TSRYS5842943,D,S,T,2024-07-23,1000000.00,4.288459,100.23828125
08:00:30,91282CKZ3,TSRYS5842943,D,S,T,2024-07-23,1000000.00,4.288459,100.23828125
08:00:30,91282CKZ3,TSRYS5842943,D,S,T,2024-07-23,1000000.00,4.288459,100.23828125
08:00:30,91282CKZ3,TSRYS5842943,D,S,T,2024-07-23,1000000.00,4.288459,100.23828125
08:00:30,91282CKZ3,TSRYS5842943,D,S,T,2024-07-23,1000000.00,4.282819,100.25390625
08:00:30,91282CKZ3,TSRYS5842943,D,S,T,2024-07-23,1000000.00,4.281409,100.2578125
08:00:30,91282CKZ3,TSRYS5842943,D,S,T,2024-07-23,1000000.00,4.284229,100.25
08:00:30,91282CKZ3,TSRYS5842943,D,S,T,2024-07-23,1000000.00,4.285639,100.24609375
08:00:30,91282CKZ3,TSRYS5842943,D,S,T,2024-07-23,1000000.00,4.285639,100.24609375
08:00:30,91282CKZ3,TSRYS5842943,D,S,T,2024-07-23,1000000.00,4.284229,100.25
08:00:30,91282CKZ3,TSRYS5842943,D,S,T,2024-07-23,1000000.00,4.285639,100.24609375
08:00:30,91282CKZ3,TSRYS5842943,D,S,T,2024-07-23,1000000.00,4.286344,100.244140625
08:00:30,91282CKZ3,TSRYS5842943,D,S,D,2024-07-23,1000000.00,4.291279,100.23046875
08:00:30,91282CKZ3,TSRYS5842943,D,S,T,2024-07-23,1000000.00,4.287049,100.2421875
08:00:30,91282CKZ3,TSRYS5842943,D,S,T,2024-07-23,1000000.00,4.287049,100.2421875
08:00:30,91282CKZ3,TSRYS5842943,D,S,T,2024-07-23,1000000.00,4.288459,100.23828125
08:00:30,91282CKZ3,TSRYS5842943,D,S,T,2024-07-23,1000000.00,4.288459,100.23828125
08:00:30,91282CKZ3,TSRYS5842943,D,S,T,2024-07-23,1000000.00,4.287049,100.2421875
08:00:30,91282CKZ3,TSRYS5842943,D,S,T,2024-07-23,1000000.00,4.285639,100.24609375
08:00:30,91282CKZ3,TSRYS5842943,D,S,T,2024-07-23,1000000.00,4.287049,100.2421875
08:00:30,91282CKZ3,TSRYS5842943,D,S,T,2024-07-23,1000000.00,4.288459,100.23828125
08:00:30,91282CKZ3,TSRYS5842943,D,S,T,2024-07-23,3000000.00,4.288459,100.23828125
08:00:30,91282CKZ3,TSRYS5842943,D,S,T,2024-07-23,1000000.00,4.287049,100.2421875
08:00:30,91282CKZ3,TSRYS5842943,D,S,T,2024-07-23,1000000.00,4.287049,100.2421875
08:00:30,91282CKZ3,TSRYS5842943,D,S,T,2024-07-23,1000000.00,4.283524,100.251953125
08:00:30,91282CKZ3,TSRYS5842943,D,S,T,2024-07-23,1000000.00,4.282819,100.25390625
08:00:30,91282CKZ3,TSRYS5842943,D,S,T,2024-07-23,1000000.00,4.282819,100.25390625
08:00:30,91282CKZ3,TSRYS5842943,D,S,T,2024-07-23,1000000.00,4.284229,100.25
08:00:30,91282CKZ3,TSRYS5842943,D,S,T,2024-07-23,1000000.00,4.284229,100.25
08:00:30,91282CKZ3,TSRYS5842943,D,S,T,2024-07-23,1000000.00,4.284229,100.25
08:00:30,91282CKZ3,TSRYS5842943,D,S,T,2024-07-23,1000000.00,4.284229,100.25
08:00:30,91282CKZ3,TSRYS5842943,D,S,T,2024-07-23,1000000.00,4.282819,100.25390625
08:00:30,91282CKZ3,TSRYS5842943,D,S,T,2024-07-23,1000000.00,4.282819,100.25390625
08:00:30,91282CKZ3,TSRYS5842943,D,S,T,2024-07-23,1000000.00,4.282819,100.25390625
08:00:30,91282CKZ3,TSRYS5842943,D,S,T,2024-07-23,1000000.00,4.282819,100.25390625
08:00:30,91282CKZ3,TSRYS5842943,D,S,T,2024-07-23,1000000.00,4.282819,100.25390625
08:00:30,91282CKZ3,TSRYS5842943,D,S,T,2024-07-23,1000000.00,4.282819,100.25390625
08:00:30,91282CKZ3,TSRYS5842943,D,S,T,2024-07-23,1000000.00,4.282819,100.25390625
08:00:30,91282CKZ3,TSRYS5842943,D,S,T,2024-07-23,1000000.00,4.282819,100.25390625
08:00:30,91282CKZ3,TSRYS5842943,D,S,T,2024-07-23,1000000.00,4.282819,100.25390625
08:00:30,91282CKZ3,TSRYS5842943,D,S,T,2024-07-23,1000000.00,4.282819,100.25390625
08:00:30,91282CKZ3,TSRYS5842943,D,S,T,2024-07-23,1000000.00,4.282819,100.25390625
08:00:30,91282CKZ3,TSRYS5842943,D,S,T,2024-07-23,1000000.00,4.284229,100.25
08:00:30,91282CKZ3,TSRYS5842943,D,S,T,2024-07-23,1000000.00,4.285639,100.24609375
08:00:30,91282CKZ3,TSRYS5842943,D,S,T,2024-07-23,1000000.00,4.284229,100.25
08:00:30,91282CKZ3,TSRYS5842943,D,S,T,2024-07-23,1000000.00,4.284229,100.25
08:00:30,91282CKZ3,TSRYS5842943,D,S,T,2024-07-23,1000000.00,4.284229,100.25
08:00:30,91282CKZ3,TSRYS5842943,D,S,T,2024-07-23,1000000.00,4.285639,100.24609375
08:00:30,91282CKZ3,TSRYS5842943,D,S,T,2024-07-23,1000000.00,4.285639,100.24609375
08:00:30,91282CKZ3,TSRYS5842943,D,S,T,2024-07-23,1000000.00,4.287049,100.2421875
08:00:30,91282CKZ3,TSRYS5842943,D,S,T,2024-07-23,1000000.00,4.285639,100.24609375
08:00:30,91282CKZ3,TSRYS5842943,D,S,T,2024-07-23,1000000.00,4.287049,100.2421875
08:00:30,91282CKZ3,TSRYS5842943,D,S,T,2024-07-23,1000000.00,4.288459,100.23828125
08:00:30,91282CKZ3,TSRYS5842943,D,S,T,2024-07-23,1000000.00,4.288459,100.23828125
08:00:30,91282CKZ3,TSRYS5842943,D,S,T,2024-07-23,1000000.00,4.288459,100.23828125
08:00:30,91282CKZ3,TSRYS5842943,D,S,T,2024-07-23,1000000.00,4.288459,100.23828125
08:00:30,91282CKZ3,TSRYS5842943,D,S,T,2024-07-23,1000000.00,4.289869,100.234375
08:00:30,91282CKZ3,TSRYS5842943,D,S,T,2024-07-23,2000000.00,4.289869,100.234375
08:00:30,91282CKZ3,TSRYS5842943,D,S,T,2024-07-23,1000000.00,4.289869,100.234375
08:00:30,91282CKZ3,TSRYS5842943,D,S,T,2024-07-23,1000000.00,4.289869,100.234375
08:00:30,91282CKZ3,TSRYS5842943,D,S,T,2024-07-23,1000000.00,4.288459,100.23828125
08:00:30,91282CKZ3,TSRYS5842943,D,S,T,2024-07-23,1000000.00,4.288459,100.23828125
08:00:30,91282CKZ3,TSRYS5842943,D,S,T,2024-07-23,1000000.00,4.287049,100.2421875
08:00:30,91282CKZ3,TSRYS5842943,D,S,T,2024-07-23,1000000.00,4.288459,100.23828125
08:00:30,91282CKZ3,TSRYS5842943,D,S,D,2024-07-23,1000000.00,4.287754,100.240234375
08:00:30,91282CKZ3,TSRYS5842943,D,S,D,2024-07-23,1000000.00,4.287754,100.240234375
08:00:30,91282CKZ3,TSRYS5842943,D,S,D,2024-07-23,1000000.00,4.287754,100.240234375
08:00:30,91282CKZ3,TSRYS5842943,D,S,C,2024-07-23,250MM+,4.29551,100.21875
08:00:30,91282CKZ3,TSRYS5842943,D,S,T,2024-07-23,1000000.00,4.288459,100.23828125
08:00:30,91282CKZ3,TSRYS5842943,D,S,T,2024-07-23,1000000.00,4.289869,100.234375
08:00:30,91282CKZ3,TSRYS5842943,D,S,T,2024-07-23,1000000.00,4.289869,100.234375
08:00:30,91282CKZ3,TSRYS5842943,D,S,T,2024-07-23,1000000.00,4.289869,100.234375
08:00:30,91282CKZ3,TSRYS5842943,D,S,T,2024-07-23,1000000.00,4.289869,100.234375
08:00:30,91282CKZ3,TSRYS5842943,D,S,T,2024-07-23,1000000.00,4.291279,100.23046875
08:00:30,91282CKZ3,TSRYS5842943,D,S,T,2024-07-23,1000000.00,4.289869,100.234375
08:00:30,91282CKZ3,TSRYS5842943,D,S,T,2024-07-23,1000000.00,4.289869,100.234375
08:00:30,91282CKZ3,TSRYS5842943,D,S,C,2024-07-23,250MM+,4.284229,100.25
08:00:30,91282CKZ3,TSRYS5842943,D,S,T,2024-07-23,1000000.00,4.29269,100.2265625
08:00:30,91282CKZ3,TSRYS5842943,D,S,T,2024-07-23,1000000.00,4.291279,100.23046875
08:00:30,91282CKZ3,TSRYS5842943,D,S,T,2024-07-23,2000000.00,4.2941,100.22265625
08:00:30,91282CKZ3,TSRYS5842943,D,S,T,2024-07-23,1000000.00,4.2941,100.22265625
08:00:30,91282CKZ3,TSRYS5842943,D,S,T,2024-07-23,1000000.00,4.298332,100.2109375
08:00:30,91282CKZ3,TSRYS5842943,D,S,T,2024-07-23,1000000.00,4.299037,100.208984375
08:00:30,91282CKZ3,TSRYS5842943,D,S,T,2024-07-23,1000000.00,4.299037,100.208984375
08:00:30,91282CKZ3,TSRYS5842943,D,S,T,2024-07-23,1000000.00,4.299037,100.208984375
08:00:30,91282CKZ3,TSRYS5842943,D,S,T,2024-07-23,1000000.00,4.299037,100.208984375
08:00:30,91282CKZ3,TSRYS5842943,D,S,T,2024-07-23,1000000.00,4.298332,100.2109375
08:00:30,91282CKZ3,TSRYS5842943,D,S,T,2024-07-23,1000000.00,4.296921,100.21484375
08:00:30,91282CKZ3,TSRYS5842943,D,S,T,2024-07-23,1000000.00,4.2941,100.22265625
08:00:30,91282CKZ3,TSRYS5842943,D,S,T,2024-07-23,1000000.00,4.2941,100.22265625
08:00:30,91282CKZ3,TSRYS5842943,D,S,T,2024-07-23,1000000.00,4.2941,100.22265625
08:00:30,91282CKZ3,TSRYS5842943,D,S,T,2024-07-23,1000000.00,4.2941,100.22265625
08:00:30,91282CKZ3,TSRYS5842943,D,S,T,2024-07-23,1000000.00,4.2941,100.22265625
08:00:30,91282CKZ3,TSRYS5842943,D,S,T,2024-07-23,1000000.00,4.29269,100.2265625
08:00:31,91282CKZ3,TSRYS5842943,D,S,T,2024-07-23,1000000.00,4.29269,100.2265625
08:00:31,91282CKZ3,TSRYS5842943,D,S,T,2024-07-23,1000000.00,4.29269,100.2265625
08:00:31,91282CKZ3,TSRYS5842943,D,S,T,2024-07-23,1000000.00,4.29269,100.2265625
08:00:31,91282CKZ3,TSRYS5842943,D,S,T,2024-07-23,1000000.00,4.29269,100.2265625
08:00:31,91282CKZ3,TSRYS5842943,D,S,T,2024-07-23,1000000.00,4.291279,100.23046875
08:00:31,91282CKZ3,TSRYS5842943,D,S,T,2024-07-23,1000000.00,4.291279,100.23046875
08:00:31,91282CKZ3,TSRYS5842943,D,S,T,2024-07-23,1000000.00,4.289869,100.234375
08:00:31,91282CKZ3,TSRYS5842943,D,S,T,2024-07-23,2000000.00,4.289869,100.234375
08:00:31,91282CKZ3,TSRYS5842943,D,S,T,2024-07-23,1000000.00,4.289869,100.234375
08:00:31,91282CKZ3,TSRYS5842943,D,S,T,2024-07-23,1000000.00,4.289869,100.234375
08:00:31,91282CKZ3,TSRYS5842943,D,S,T,2024-07-23,1000000.00,4.288459,100.23828125
08:00:31,91282CKZ3,TSRYS5842943,D,S,T,2024-07-23,1000000.00,4.288459,100.23828125
08:00:31,91282CKZ3,TSRYS5842943,D,S,T,2024-07-23,1000000.00,4.288459,100.23828125
08:00:31,91282CKZ3,TSRYS5842943,D,S,T,2024-07-23,1000000.00,4.288459,100.23828125
08:00:31,91282CKZ3,TSRYS5842943,D,S,T,2024-07-23,1000000.00,4.288459,100.23828125
08:00:31,91282CKZ3,TSRYS5842943,D,S,T,2024-07-23,1000000.00,4.288459,100.23828125
08:00:31,91282CKZ3,TSRYS5842943,D,S,T,2024-07-23,1000000.00,4.287049,100.2421875
08:00:31,91282CKZ3,TSRYS5842943,D,S,T,2024-07-23,2000000.00,4.284934,100.248046875
08:00:31,91282CKZ3,TSRYS5842943,D,S,T,2024-07-23,1000000.00,4.284934,100.248046875
08:00:31,91282CKZ3,TSRYS5842943,D,S,T,2024-07-23,1000000.00,4.285639,100.24609375
08:00:31,91282CKZ3,TSRYS5842943,D,S,T,2024-07-23,1000000.00,4.285639,100.24609375
08:00:31,91282CKZ3,TSRYS5842943,D,S,T,2024-07-23,1000000.00,4.285639,100.24609375
08:00:31,91282CKZ3,TSRYS5842943,D,S,T,2024-07-23,1000000.00,4.285639,100.24609375
08:00:31,91282CKZ3,TSRYS5842943,D,S,T,2024-07-23,1000000.00,4.285639,100.24609375
08:00:31,91282CKZ3,TSRYS5842943,D,S,T,2024-07-23,1000000.00,4.287049,100.2421875
08:00:31,91282CKZ3,TSRYS5842943,D,S,T,2024-07-23,1000000.00,4.287049,100.2421875
08:00:31,91282CKZ3,TSRYS5842943,D,S,T,2024-07-23,2000000.00,4.289164,100.236328125
08:00:31,91282CKZ3,TSRYS5842943,D,S,T,2024-07-23,1000000.00,4.289869,100.234375
08:00:31,91282CKZ3,TSRYS5842943,D,S,T,2024-07-23,1000000.00,4.289869,100.234375
08:00:31,91282CKZ3,TSRYS5842943,D,S,T,2024-07-23,1000000.00,4.289869,100.234375
08:00:31,91282CKZ3,TSRYS5842943,D,S,T,2024-07-23,1000000.00,4.289869,100.234375
08:00:31,91282CKZ3,TSRYS5842943,D,S,T,2024-07-23,1000000.00,4.287049,100.2421875
08:00:31,91282CKZ3,TSRYS5842943,D,S,T,2024-07-23,1000000.00,4.287049,100.2421875
08:00:31,91282CKZ3,TSRYS5842943,D,S,T,2024-07-23,2000000.00,4.287049,100.2421875
08:00:31,91282CKZ3,TSRYS5842943,D,S,T,2024-07-23,1000000.00,4.285639,100.24609375
08:00:31,91282CKZ3,TSRYS5842943,D,S,T,2024-07-23,1000000.00,4.285639,100.24609375
08:00:31,91282CKZ3,TSRYS5842943,D,S,T,2024-07-23,7000000.00,4.285639,100.24609375
08:00:31,91282CKZ3,TSRYS5842943,D,S,T,2024-07-23,1000000.00,4.285639,100.24609375
08:00:31,91282CKZ3,TSRYS5842943,D,S,T,2024-07-23,1000000.00,4.285639,100.24609375
08:00:31,91282CKZ3,TSRYS5842943,D,S,T,2024-07-23,1000000.00,4.284229,100.25
08:00:31,91282CKZ3,TSRYS5842943,D,S,T,2024-07-23,1000000.00,4.282819,100.25390625
08:00:31,91282CKZ3,TSRYS5842943,D,S,T,2024-07-23,1000000.00,4.282819,100.25390625
08:00:31,91282CKZ3,TSRYS5842943,D,S,T,2024-07-23,1000000.00,4.282819,100.25390625
08:00:31,91282CKZ3,TSRYS5842943,D,S,T,2024-07-23,1000000.00,4.282819,100.25390625
08:00:31,91282CKZ3,TSRYS5842943,D,S,T,2024-07-23,1000000.00,4.282819,100.25390625
08:00:31,91282CKZ3,TSRYS5842943,D,S,T,2024-07-23,1000000.00,4.281409,100.2578125
08:00:31,91282CKZ3,TSRYS5842943,D,S,T,2024-07-23,1000000.00,4.283524,100.251953125
08:00:31,91282CKZ3,TSRYS5842943,D,S,T,2024-07-23,1000000.00,4.282819,100.25390625
08:00:31,91282CKZ3,TSRYS5842943,D,S,T,2024-07-23,2000000.00,4.282114,100.255859375
08:00:31,91282CKZ3,TSRYS5842943,D,S,T,2024-07-23,1000000.00,4.282819,100.25390625
08:00:31,91282CKZ3,TSRYS5842943,D,S,T,2024-07-23,4000000.00,4.284229,100.25
08:00:31,91282CKZ3,TSRYS5842943,D,S,T,2024-07-23,1000000.00,4.285639,100.24609375
08:00:31,91282CKZ3,TSRYS5842943,D,S,T,2024-07-23,1000000.00,4.285639,100.24609375
08:00:31,91282CKZ3,TSRYS5842943,D,S,T,2024-07-23,2000000.00,4.283524,100.251953125
08:00:31,91282CKZ3,TSRYS5842943,D,S,T,2024-07-23,1000000.00,4.282819,100.25390625
08:00:31,91282CKZ3,TSRYS5842943,D,S,T,2024-07-23,1000000.00,4.285639,100.24609375
08:00:31,91282CKZ3,TSRYS5842943,D,S,T,2024-07-23,1000000.00,4.285639,100.24609375
08:00:31,91282CKZ3,TSRYS5842943,D,S,T,2024-07-23,1000000.00,4.285639,100.24609375
08:00:31,91282CKZ3,TSRYS5842943,D,S,T,2024-07-23,1000000.00,4.285639,100.24609375
08:00:31,91282CKZ3,TSRYS5842943,D,S,T,2024-07-23,1000000.00,4.285639,100.24609375
08:00:31,91282CKZ3,TSRYS5842943,D,S,T,2024-07-23,1000000.00,4.284229,100.25
08:00:31,91282CKZ3,TSRYS5842943,D,S,T,2024-07-23,1000000.00,4.282819,100.25390625
08:00:31,91282CKZ3,TSRYS5842943,D,S,T,2024-07-23,1000000.00,4.284229,100.25
08:00:31,91282CKZ3,TSRYS5842943,D,S,T,2024-07-23,1000000.00,4.284229,100.25
08:00:31,91282CKZ3,TSRYS5842943,D,S,T,2024-07-23,1000000.00,4.284229,100.25
08:00:31,91282CKZ3,TSRYS5842943,D,S,T,2024-07-23,1000000.00,4.284229,100.25
08:00:31,91282CKZ3,TSRYS5842943,D,S,T,2024-07-23,1000000.00,4.282819,100.25390625
08:00:31,91282CKZ3,TSRYS5842943,D,S,T,2024-07-23,1000000.00,4.282819,100.25390625
08:00:31,91282CKZ3,TSRYS5842943,D,S,T,2024-07-23,2000000.00,4.282819,100.25390625
08:00:31,91282CKZ3,TSRYS5842943,D,S,T,2024-07-23,1000000.00,4.284229,100.25
08:00:31,91282CKZ3,TSRYS5842943,D,S,T,2024-07-23,1000000.00,4.284229,100.25
08:00:31,91282CKZ3,TSRYS5842943,D,S,T,2024-07-23,1000000.00,4.284229,100.25
08:00:31,91282CKZ3,TSRYS5842943,D,S,T,2024-07-23,1000000.00,4.284229,100.25
08:00:31,91282CKZ3,TSRYS5842943,D,S,T,2024-07-23,1000000.00,4.284229,100.25
08:00:31,91282CKZ3,TSRYS5842943,D,S,T,2024-07-23,1000000.00,4.284229,100.25
08:00:31,91282CKZ3,TSRYS5842943,D,S,T,2024-07-23,1000000.00,4.284229,100.25
08:00:31,91282CKZ3,TSRYS5842943,D,S,T,2024-07-23,1000000.00,4.279999,100.26171875
08:00:31,91282CKZ3,TSRYS5842943,D,S,T,2024-07-23,1000000.00,4.279999,100.26171875
08:00:31,91282CKZ3,TSRYS5842943,D,S,T,2024-07-23,1000000.00,4.281409,100.2578125
08:00:31,91282CKZ3,TSRYS5842943,D,S,T,2024-07-23,1000000.00,4.281409,100.2578125
08:00:31,91282CKZ3,TSRYS5842943,D,S,T,2024-07-23,1000000.00,4.282819,100.25390625
08:00:31,91282CKZ3,TSRYS5842943,D,S,T,2024-07-23,1000000.00,4.281409,100.2578125
08:00:31,91282CKZ3,TSRYS5842943,D,S,T,2024-07-23,1000000.00,4.280704,100.259765625
08:00:31,91282CKZ3,TSRYS5842943,D,S,T,2024-07-23,1000000.00,4.278589,100.265625
08:00:31,91282CKZ3,TSRYS5842943,D,S,T,2024-07-23,1000000.00,4.279999,100.26171875
08:00:31,91282CKZ3,TSRYS5842943,D,S,T,2024-07-23,1000000.00,4.278589,100.265625
08:00:31,91282CKZ3,TSRYS5842943,D,S,T,2024-07-23,1000000.00,4.279999,100.26171875
08:00:31,91282CKZ3,TSRYS5842943,D,S,T,2024-07-23,1000000.00,4.279999,100.26171875
08:00:31,91282CKZ3,TSRYS5842943,D,S,T,2024-07-23,1000000.00,4.279999,100.26171875
08:00:31,91282CKZ3,TSRYS5842943,D,S,T,2024-07-23,1000000.00,4.279294,100.263671875
08:00:31,91282CKZ3,TSRYS5842943,D,S,T,2024-07-23,2000000.00,4.277884,100.267578125
08:00:31,91282CKZ3,TSRYS5842943,D,S,T,2024-07-23,1000000.00,4.277884,100.267578125
08:00:31,91282CKZ3,TSRYS5842943,D,S,T,2024-07-23,1000000.00,4.27577,100.2734375
08:00:31,91282CKZ3,TSRYS5842943,D,S,T,2024-07-23,1000000.00,4.27577,100.2734375
08:00:31,91282CKZ3,TSRYS5842943,D,S,T,2024-07-23,1000000.00,4.27577,100.2734375
08:00:31,91282CKZ3,TSRYS5842943,D,S,T,2024-07-23,1000000.00,4.27718,100.26953125
08:00:31,91282CKZ3,TSRYS5842943,D,S,T,2024-07-23,1000000.00,4.27718,100.26953125
08:00:31,91282CKZ3,TSRYS5842943,D,S,T,2024-07-23,1000000.00,4.27718,100.26953125
08:00:31,91282CKZ3,TSRYS5842943,D,S,T,2024-07-23,1000000.00,4.27718,100.26953125
08:00:31,91282CKZ3,TSRYS5842943,D,S,T,2024-07-23,1000000.00,4.27718,100.26953125
08:00:31,91282CKZ3,TSRYS5842943,D,S,T,2024-07-23,1000000.00,4.279999,100.26171875
08:00:31,91282CKZ3,TSRYS5842943,D,S,T,2024-07-23,1000000.00,4.279999,100.26171875
08:00:31,91282CKZ3,TSRYS5842943,D,S,T,2024-07-23,1000000.00,4.279999,100.26171875
08:00:31,91282CKZ3,TSRYS5842943,D,S,T,2024-07-23,1000000.00,4.279999,100.26171875
08:00:31,91282CKZ3,TSRYS5842943,D,S,T,2024-07-23,1000000.00,4.281409,100.2578125
08:00:31,91282CKZ3,TSRYS5842943,D,S,T,2024-07-23,1000000.00,4.281409,100.2578125
08:00:31,91282CKZ3,TSRYS5842943,D,S,T,2024-07-23,1000000.00,4.281409,100.2578125
08:00:31,91282CKZ3,TSRYS5842943,D,S,T,2024-07-23,1000000.00,4.281409,100.2578125
08:00:31,91282CKZ3,TSRYS5842943,D,S,T,2024-07-23,1000000.00,4.281409,100.2578125
08:00:31,91282CKZ3,TSRYS5842943,D,S,T,2024-07-23,1000000.00,4.281409,100.2578125
08:00:31,91282CKZ3,TSRYS5842943,D,S,T,2024-07-23,1000000.00,4.281409,100.2578125
08:00:31,91282CKZ3,TSRYS5842943,D,S,T,2024-07-23,1000000.00,4.281409,100.2578125
08:00:31,91282CKZ3,TSRYS5842943,D,S,T,2024-07-23,3000000.00,4.281409,100.2578125
08:00:31,91282CKZ3,TSRYS5842943,D,S,T,2024-07-23,1000000.00,4.281409,100.2578125
08:00:31,91282CKZ3,TSRYS5842943,D,S,T,2024-07-23,1000000.00,4.281409,100.2578125
08:00:31,91282CKZ3,TSRYS5842943,D,S,T,2024-07-23,1000000.00,4.281409,100.2578125
08:00:31,91282CKZ3,TSRYS5842943,D,S,T,2024-07-23,1000000.00,4.281409,100.2578125
08:00:31,91282CKZ3,TSRYS5842943,D,S,T,2024-07-23,1000000.00,4.281409,100.2578125
08:00:31,91282CKZ3,TSRYS5842943,D,S,T,2024-07-23,1000000.00,4.281409,100.2578125
08:00:31,91282CKZ3,TSRYS5842943,D,S,T,2024-07-23,1000000.00,4.281409,100.2578125
08:00:31,91282CKZ3,TSRYS5842943,D,S,T,2024-07-23,1000000.00,4.281409,100.2578125
08:00:31,91282CKZ3,TSRYS5842943,D,S,T,2024-07-23,1000000.00,4.279999,100.26171875
08:00:31,91282CKZ3,TSRYS5842943,D,S,T,2024-07-23,1000000.00,4.279999,100.26171875
08:00:31,91282CKZ3,TSRYS5842943,D,S,T,2024-07-23,1000000.00,4.278589,100.265625
08:00:31,91282CKZ3,TSRYS5842943,D,S,T,2024-07-23,1000000.00,4.278589,100.265625
08:00:31,91282CKZ3,TSRYS5842943,D,S,T,2024-07-23,1000000.00,4.27718,100.26953125
08:00:31,91282CKZ3,TSRYS5842943,D,S,T,2024-07-23,1000000.00,4.276475,100.271484375
08:00:31,91282CKZ3,TSRYS5842943,D,S,T,2024-07-23,1000000.00,4.27718,100.26953125
08:00:31,91282CKZ3,TSRYS5842943,D,S,T,2024-07-23,2000000.00,4.27718,100.26953125
08:00:31,91282CKZ3,TSRYS5842943,D,S,T,2024-07-23,1000000.00,4.278589,100.265625
08:00:31,91282CKZ3,TSRYS5842943,D,S,T,2024-07-23,1000000.00,4.278589,100.265625
08:00:31,91282CKZ3,TSRYS5842943,D,S,T,2024-07-23,1000000.00,4.278589,100.265625
08:00:31,91282CKZ3,TSRYS5842943,D,S,T,2024-07-23,1000000.00,4.278589,100.265625
08:00:31,91282CKZ3,TSRYS5842943,D,S,T,2024-07-23,1000000.00,4.278589,100.265625
08:00:31,91282CKZ3,TSRYS5842943,D,S,T,2024-07-23,1000000.00,4.278589,100.265625
08:00:31,91282CKZ3,TSRYS5842943,D,S,T,2024-07-23,1000000.00,4.27718,100.26953125
08:00:31,91282CKZ3,TSRYS5842943,D,S,T,2024-07-23,1000000.00,4.279294,100.263671875
08:00:31,91282CKZ3,TSRYS5842943,D,S,T,2024-07-23,1000000.00,4.279294,100.263671875
08:00:31,91282CKZ3,TSRYS5842943,D,S,T,2024-07-23,1000000.00,4.279294,100.263671875
08:00:31,91282CKZ3,TSRYS5842943,D,S,T,2024-07-23,1000000.00,4.279294,100.263671875
08:00:31,91282CKZ3,TSRYS5842943,D,S,T,2024-07-23,1000000.00,4.278589,100.265625
08:00:31,91282CKZ3,TSRYS5842943,D,S,T,2024-07-23,1000000.00,4.278589,100.265625
08:00:31,91282CKZ3,TSRYS5842943,D,S,T,2024-07-23,2000000.00,4.27718,100.26953125
08:00:31,91282CKZ3,TSRYS5842943,D,S,T,2024-07-23,1000000.00,4.27718,100.26953125
08:00:31,91282CKZ3,TSRYS5842943,D,S,T,2024-07-23,1000000.00,4.278589,100.265625
08:00:31,91282CKZ3,TSRYS5842943,D,S,T,2024-07-23,1000000.00,4.278589,100.265625
08:00:31,91282CKZ3,TSRYS5842943,D,S,T,2024-07-23,1000000.00,4.278589,100.265625
08:00:31,91282CKZ3,TSRYS5842943,D,S,T,2024-07-23,1000000.00,4.278589,100.265625
08:00:31,91282CKZ3,TSRYS5842943,D,S,T,2024-07-23,1000000.00,4.278589,100.265625
08:00:31,91282CKZ3,TSRYS5842943,D,S,T,2024-07-23,1000000.00,4.27718,100.26953125
08:00:31,91282CKZ3,TSRYS5842943,D,S,T,2024-07-23,1000000.00,4.27718,100.26953125
08:00:31,91282CKZ3,TSRYS5842943,D,S,T,2024-07-23,2000000.00,4.27718,100.26953125
08:00:31,91282CKZ3,TSRYS5842943,D,S,T,2024-07-23,5000000.00,4.27718,100.26953125
08:00:31,91282CKZ3,TSRYS5842943,D,S,T,2024-07-23,1000000.00,4.27718,100.26953125
08:00:31,91282CKZ3,TSRYS5842943,D,S,T,2024-07-23,1000000.00,4.278589,100.265625
08:00:31,91282CKZ3,TSRYS5842943,D,S,T,2024-07-23,1000000.00,4.278589,100.265625
08:00:31,91282CKZ3,TSRYS5842943,D,S,T,2024-07-23,1000000.00,4.278589,100.265625
08:00:31,91282CKZ3,TSRYS5842943,D,S,T,2024-07-23,1000000.00,4.278589,100.265625
08:00:31,91282CKZ3,TSRYS5842943,D,S,T,2024-07-23,1000000.00,4.278589,100.265625
08:00:31,91282CKZ3,TSRYS5842943,D,S,T,2024-07-23,1000000.00,4.278589,100.265625
08:00:31,91282CKZ3,TSRYS5842943,D,S,T,2024-07-23,1000000.00,4.278589,100.265625
08:00:31,91282CKZ3,TSRYS5842943,D,S,T,2024-07-23,1000000.00,4.278589,100.265625
08:00:31,91282CKZ3,TSRYS5842943,D,S,T,2024-07-23,1000000.00,4.278589,100.265625
08:00:31,91282CKZ3,TSRYS5842943,D,S,T,2024-07-23,1000000.00,4.278589,100.265625
08:00:31,91282CKZ3,TSRYS5842943,D,S,T,2024-07-23,1000000.00,4.278589,100.265625
08:00:31,91282CKZ3,TSRYS5842943,D,S,T,2024-07-23,1000000.00,4.278589,100.265625
08:00:31,91282CKZ3,TSRYS5842943,D,S,T,2024-07-23,1000000.00,4.278589,100.265625
08:00:31,91282CKZ3,TSRYS5842943,D,S,T,2024-07-23,1000000.00,4.278589,100.265625
08:00:31,91282CKZ3,TSRYS5842943,D,S,T,2024-07-23,1000000.00,4.27718,100.26953125
08:00:31,91282CKZ3,TSRYS5842943,D,S,T,2024-07-23,1000000.00,4.27718,100.26953125
08:00:31,91282CKZ3,TSRYS5842943,D,S,T,2024-07-23,2000000.00,4.27718,100.26953125
08:00:31,91282CKZ3,TSRYS5842943,D,S,T,2024-07-23,1000000.00,4.27718,100.26953125
08:00:31,91282CKZ3,TSRYS5842943,D,S,T,2024-07-23,1000000.00,4.27577,100.2734375
08:00:31,91282CKZ3,TSRYS5842943,D,S,T,2024-07-23,1000000.00,4.27577,100.2734375
08:00:31,91282CKZ3,TSRYS5842943,D,S,T,2024-07-23,1000000.00,4.27577,100.2734375
08:00:31,91282CKZ3,TSRYS5842943,D,S,T,2024-07-23,3000000.00,4.27577,100.2734375
08:00:31,91282CKZ3,TSRYS5842943,D,S,T,2024-07-23,1000000.00,4.27577,100.2734375
08:00:31,91282CKZ3,TSRYS5842943,D,S,T,2024-07-23,1000000.00,4.27577,100.2734375
08:00:31,91282CKZ3,TSRYS5842943,D,S,T,2024-07-23,1000000.00,4.27718,100.26953125
08:00:31,91282CKZ3,TSRYS5842943,D,S,T,2024-07-23,4000000.00,4.27718,100.26953125
08:00:31,91282CKZ3,TSRYS5842943,D,S,T,2024-07-23,1000000.00,4.27718,100.26953125
08:00:31,91282CKZ3,TSRYS5842943,D,S,T,2024-07-23,6000000.00,4.27718,100.26953125
08:00:31,91282CKZ3,TSRYS5842943,D,S,T,2024-07-23,1000000.00,4.27718,100.26953125
08:00:31,91282CKZ3,TSRYS5842943,D,S,T,2024-07-23,9000000.00,4.27718,100.26953125
08:00:31,91282CKZ3,TSRYS5842943,D,S,T,2024-07-23,1000000.00,4.27718,100.26953125
08:00:31,91282CKZ3,TSRYS5842943,D,S,T,2024-07-23,7000000.00,4.27718,100.26953125
08:00:31,91282CKZ3,TSRYS5842943,D,S,T,2024-07-23,1000000.00,4.27718,100.26953125
08:00:31,91282CKZ3,TSRYS5842943,D,S,T,2024-07-23,1000000.00,4.27718,100.26953125
08:00:31,91282CKZ3,TSRYS5842943,D,S,T,2024-07-23,4000000.00,4.27718,100.26953125
08:00:31,91282CKZ3,TSRYS5842943,D,S,T,2024-07-23,1000000.00,4.278589,100.265625
08:00:31,91282CKZ3,TSRYS5842943,D,S,T,2024-07-23,1000000.00,4.278589,100.265625
08:00:31,91282CKZ3,TSRYS5842943,D,S,T,2024-07-23,1000000.00,4.278589,100.265625
08:00:31,91282CKZ3,TSRYS5842943,D,S,T,2024-07-23,1000000.00,4.278589,100.265625
08:00:31,91282CKZ3,TSRYS5842943,D,S,T,2024-07-23,1000000.00,4.277884,100.267578125
08:00:31,91282CKZ3,TSRYS5842943,D,S,T,2024-07-23,1000000.00,4.279999,100.26171875
08:00:31,91282CKZ3,TSRYS5842943,D,S,T,2024-07-23,1000000.00,4.281409,100.2578125
08:00:31,91282CKZ3,TSRYS5842943,D,S,T,2024-07-23,4000000.00,4.281409,100.2578125
08:00:31,91282CKZ3,TSRYS5842943,D,S,T,2024-07-23,5000000.00,4.281409,100.2578125
08:00:31,91282CKZ3,TSRYS5842943,D,S,T,2024-07-23,5000000.00,4.281409,100.2578125
08:00:31,91282CKZ3,TSRYS5842943,D,S,T,2024-07-23,1000000.00,4.281409,100.2578125
08:00:31,91282CKZ3,TSRYS5842943,D,S,T,2024-07-23,1000000.00,4.281409,100.2578125
08:00:31,91282CKZ3,TSRYS5842943,D,S,T,2024-07-23,9000000.00,4.281409,100.2578125
08:00:31,91282CKZ3,TSRYS5842943,D,S,T,2024-07-23,6000000.00,4.281409,100.2578125
08:00:31,91282CKZ3,TSRYS5842943,D,S,T,2024-07-23,5000000.00,4.281409,100.2578125
08:00:31,91282CKZ3,TSRYS5842943,D,S,T,2024-07-23,4000000.00,4.281409,100.2578125
08:00:31,91282CKZ3,TSRYS5842943,D,S,T,2024-07-23,1000000.00,4.281409,100.2578125
08:00:31,91282CKZ3,TSRYS5842943,D,S,T,2024-07-23,1000000.00,4.281409,100.2578125
08:00:31,91282CKZ3,TSRYS5842943,D,S,T,2024-07-23,1000000.00,4.281409,100.2578125
08:00:31,91282CKZ3,TSRYS5842943,D,S,T,2024-07-23,1000000.00,4.281409,100.2578125
08:00:31,91282CKZ3,TSRYS5842943,D,S,T,2024-07-23,1000000.00,4.281409,100.2578125
08:00:31,91282CKZ3,TSRYS5842943,D,S,T,2024-07-23,1000000.00,4.281409,100.2578125
08:00:31,91282CKZ3,TSRYS5842943,D,S,T,2024-07-23,1000000.00,4.281409,100.2578125
08:00:31,91282CKZ3,TSRYS5842943,D,S,T,2024-07-23,1000000.00,4.279999,100.26171875
08:00:31,91282CKZ3,TSRYS5842943,D,S,T,2024-07-23,1000000.00,4.279999,100.26171875
08:00:31,91282CKZ3,TSRYS5842943,D,S,T,2024-07-23,1000000.00,4.279999,100.26171875
08:00:31,91282CKZ3,TSRYS5842943,D,S,T,2024-07-23,1000000.00,4.281409,100.2578125
08:00:31,91282CKZ3,TSRYS5842943,D,S,T,2024-07-23,1000000.00,4.282819,100.25390625
08:00:31,91282CKZ3,TSRYS5842943,D,S,T,2024-07-23,1000000.00,4.282819,100.25390625
08:00:31,91282CKZ3,TSRYS5842943,D,S,T,2024-07-23,1000000.00,4.282819,100.25390625
08:00:31,91282CKZ3,TSRYS5842943,D,S,T,2024-07-23,1000000.00,4.282819,100.25390625
08:00:31,91282CKZ3,TSRYS5842943,D,S,T,2024-07-23,1000000.00,4.282819,100.25390625
08:00:31,91282CKZ3,TSRYS5842943,D,S,T,2024-07-23,1000000.00,4.282819,100.25390625
08:00:31,91282CKZ3,TSRYS5842943,D,S,T,2024-07-23,1000000.00,4.282819,100.25390625
08:00:31,91282CKZ3,TSRYS5842943,D,S,T,2024-07-23,1000000.00,4.282819,100.25390625
08:00:31,91282CKZ3,TSRYS5842943,D,S,T,2024-07-23,1000000.00,4.282819,100.25390625
08:00:31,91282CKZ3,TSRYS5842943,D,S,T,2024-07-23,1000000.00,4.282819,100.25390625
08:00:31,91282CKZ3,TSRYS5842943,D,S,T,2024-07-23,1000000.00,4.279999,100.26171875
08:00:32,91282CKZ3,TSRYS5842943,D,S,T,2024-07-23,1000000.00,4.281409,100.2578125
08:00:32,91282CKZ3,TSRYS5842943,D,S,T,2024-07-23,1000000.00,4.279999,100.26171875
08:00:32,91282CKZ3,TSRYS5842943,D,S,T,2024-07-23,1000000.00,4.279999,100.26171875
08:00:32,91282CKZ3,TSRYS5842943,D,S,T,2024-07-23,1000000.00,4.281409,100.2578125
08:00:32,91282CKZ3,TSRYS5842943,D,S,T,2024-07-23,2000000.00,4.281409,100.2578125
08:00:32,91282CKZ3,TSRYS5842943,D,S,T,2024-07-23,1000000.00,4.281409,100.2578125
08:00:32,91282CKZ3,TSRYS5842943,D,S,T,2024-07-23,1000000.00,4.282819,100.25390625
08:00:32,91282CKZ3,TSRYS5842943,D,S,T,2024-07-23,1000000.00,4.281409,100.2578125
08:00:32,91282CKZ3,TSRYS5842943,D,S,T,2024-07-23,1000000.00,4.281409,100.2578125
08:00:32,91282CKZ3,TSRYS5842943,D,S,T,2024-07-23,1000000.00,4.281409,100.2578125
08:00:32,91282CKZ3,TSRYS5842943,D,S,T,2024-07-23,1000000.00,4.281409,100.2578125
08:00:32,91282CKZ3,TSRYS5842943,D,S,T,2024-07-23,1000000.00,4.279999,100.26171875
08:00:32,91282CKZ3,TSRYS5842943,D,S,T,2024-07-23,1000000.00,4.279999,100.26171875
08:00:32,91282CKZ3,TSRYS5842943,D,S,T,2024-07-23,1000000.00,4.281409,100.2578125
08:00:32,91282CKZ3,TSRYS5842943,D,S,T,2024-07-23,1000000.00,4.281409,100.2578125
08:00:32,91282CKZ3,TSRYS5842943,D,S,T,2024-07-23,1000000.00,4.281409,100.2578125
08:00:32,91282CKZ3,TSRYS5842943,D,S,T,2024-07-23,1000000.00,4.281409,100.2578125
08:00:32,91282CKZ3,TSRYS5842943,D,S,T,2024-07-23,1000000.00,4.281409,100.2578125
08:00:32,91282CKZ3,TSRYS5842943,D,S,T,2024-07-23,1000000.00,4.284229,100.25
08:00:32,91282CKZ3,TSRYS5842943,D,S,T,2024-07-23,1000000.00,4.285639,100.24609375
08:00:32,91282CKZ3,TSRYS5842943,D,S,T,2024-07-23,1000000.00,4.285639,100.24609375
08:00:32,91282CKZ3,TSRYS5842943,D,S,T,2024-07-23,1000000.00,4.289164,100.236328125
08:00:32,91282CKZ3,TSRYS5842943,D,S,T,2024-07-23,1000000.00,4.288459,100.23828125
08:00:32,91282CKZ3,TSRYS5842943,D,S,T,2024-07-23,1000000.00,4.288459,100.23828125
08:00:32,91282CKZ3,TSRYS5842943,D,S,T,2024-07-23,1000000.00,4.288459,100.23828125
08:00:32,91282CKZ3,TSRYS5842943,D,S,T,2024-07-23,1000000.00,4.288459,100.23828125
08:00:32,91282CKZ3,TSRYS5842943,D,S,T,2024-07-23,1000000.00,4.287049,100.2421875
08:00:32,91282CKZ3,TSRYS5842943,D,S,T,2024-07-23,1000000.00,4.287049,100.2421875
08:00:32,91282CKZ3,TSRYS5842943,D,S,T,2024-07-23,1000000.00,4.288459,100.23828125
08:00:32,91282CKZ3,TSRYS5842943,D,S,T,2024-07-23,1000000.00,4.287049,100.2421875
08:00:32,91282CKZ3,TSRYS5842943,D,S,T,2024-07-23,1000000.00,4.287049,100.2421875
08:00:32,91282CKZ3,TSRYS5842943,D,S,T,2024-07-23,1000000.00,4.285639,100.24609375
08:00:32,91282CKZ3,TSRYS5842943,D,S,T,2024-07-23,1000000.00,4.282819,100.25390625
08:00:32,91282CKZ3,TSRYS5842943,D,S,T,2024-07-23,2000000.00,4.287049,100.2421875
08:00:32,91282CKZ3,TSRYS5842943,D,S,T,2024-07-23,1000000.00,4.287049,100.2421875
08:00:32,91282CKZ3,TSRYS5842943,D,S,T,2024-07-23,1000000.00,4.284229,100.25
08:00:32,91282CKZ3,TSRYS5842943,D,S,T,2024-07-23,1000000.00,4.282819,100.25390625
08:00:32,91282CKZ3,TSRYS5842943,D,S,T,2024-07-23,1000000.00,4.284229,100.25
08:00:32,91282CKZ3,TSRYS5842943,D,S,T,2024-07-23,1000000.00,4.285639,100.24609375
08:00:32,91282CKZ3,TSRYS5842943,D,S,T,2024-07-23,1000000.00,4.285639,100.24609375
08:00:32,91282CKZ3,TSRYS5842943,D,S,T,2024-07-23,1000000.00,4.285639,100.24609375
08:00:32,91282CKZ3,TSRYS5842943,D,S,T,2024-07-23,3000000.00,4.285639,100.24609375
08:00:32,91282CKZ3,TSRYS5842943,D,S,T,2024-07-23,1000000.00,4.285639,100.24609375
08:00:32,91282CKZ3,TSRYS5842943,D,S,T,2024-07-23,5000000.00,4.285639,100.24609375
08:00:32,91282CKZ3,TSRYS5842943,D,S,T,2024-07-23,1000000.00,4.285639,100.24609375
08:00:32,91282CKZ3,TSRYS5842943,D,S,T,2024-07-23,5000000.00,4.285639,100.24609375
08:00:32,91282CKZ3,TSRYS5842943,D,S,T,2024-07-23,1000000.00,4.285639,100.24609375
08:00:32,91282CKZ3,TSRYS5842943,D,S,T,2024-07-23,1000000.00,4.285639,100.24609375
08:00:32,91282CKZ3,TSRYS5842943,D,S,T,2024-07-23,1000000.00,4.285639,100.24609375
08:00:32,91282CKZ3,TSRYS5842943,D,S,T,2024-07-23,1000000.00,4.285639,100.24609375
08:00:32,91282CKZ3,TSRYS5842943,D,S,T,2024-07-23,1000000.00,4.284229,100.25
08:00:32,91282CKZ3,TSRYS5842943,D,S,T,2024-07-23,1000000.00,4.284229,100.25
08:00:32,91282CKZ3,TSRYS5842943,D,S,T,2024-07-23,1000000.00,4.284229,100.25
08:00:32,91282CKZ3,TSRYS5842943,D,S,T,2024-07-23,1000000.00,4.284229,100.25
08:00:32,91282CKZ3,TSRYS5842943,D,S,T,2024-07-23,1000000.00,4.285639,100.24609375
08:00:32,91282CKZ3,TSRYS5842943,D,S,T,2024-07-23,1000000.00,4.287049,100.2421875
08:00:32,91282CKZ3,TSRYS5842943,D,S,T,2024-07-23,1000000.00,4.287049,100.2421875
08:00:32,91282CKZ3,TSRYS5842943,D,S,T,2024-07-23,1000000.00,4.285639,100.24609375
08:00:32,91282CKZ3,TSRYS5842943,D,S,T,2024-07-23,1000000.00,4.285639,100.24609375
08:00:32,91282CKZ3,TSRYS5842943,D,S,D,2024-07-23,1000000.00,4.285639,100.24609375
08:00:32,91282CKZ3,TSRYS5842943,D,S,D,2024-07-23,1000000.00,4.287754,100.240234375
08:00:32,91282CKZ3,TSRYS5842943,D,S,D,2024-07-23,1000000.00,4.287049,100.2421875
08:00:32,91282CKZ3,TSRYS5842943,D,S,D,2024-07-23,1000000.00,4.287049,100.2421875
08:00:32,91282CKZ3,TSRYS5842943,D,S,D,2024-07-23,1000000.00,4.282819,100.25390625
08:00:32,91282CKZ3,TSRYS5842943,D,S,D,2024-07-23,2000000.00,4.282819,100.25390625
08:00:32,91282CKZ3,TSRYS5842943,D,S,D,2024-07-23,1000000.00,4.282819,100.25390625
08:00:32,91282CKZ3,TSRYS5842943,D,S,D,2024-07-23,1000000.00,4.288459,100.23828125
08:00:32,91282CKZ3,TSRYS5842943,D,S,D,2024-07-23,1000000.00,4.287754,100.240234375
08:00:32,91282CKZ3,TSRYS5842943,D,S,D,2024-07-23,1000000.00,4.291279,100.23046875
08:00:32,91282CKZ3,TSRYS5842943,D,S,D,2024-07-23,2000000.00,4.285639,100.24609375
08:00:32,91282CKZ3,TSRYS5842943,D,S,D,2024-07-23,2000000.00,4.282819,100.25390625
08:00:32,91282CKZ3,TSRYS5842943,D,S,D,2024-07-23,2000000.00,4.282819,100.25390625
08:00:32,91282CKZ3,TSRYS5842943,D,S,T,2024-07-23,1000000.00,4.282819,100.25390625
08:00:32,91282CKZ3,TSRYS5842943,D,S,T,2024-07-23,1000000.00,4.282819,100.25390625
08:00:32,91282CKZ3,TSRYS5842943,D,S,A,2024-07-23,205000.00,4.284229,100.25
08:00:32,91282CKZ3,TSRYS5842943,D,S,D,2024-07-23,2000000.00,4.287049,100.2421875
08:00:32,91282CKZ3,TSRYS5842943,D,S,D,2024-07-23,2000000.00,4.287049,100.2421875
08:00:32,91282CKZ3,TSRYS5842943,D,S,D,2024-07-23,3000000.00,4.285639,100.24609375
08:00:32,91282CKZ3,TSRYS5842943,D,S,D,2024-07-23,1000000.00,4.284934,100.248046875
08:00:32,91282CKZ3,TSRYS5842943,D,S,D,2024-07-23,1000000.00,4.287754,100.240234375
08:00:32,91282CKZ3,TSRYS5842943,D,B,C,2024-07-23,3500000.00,4.287049,100.2421875
08:00:33,91282CKZ3,TSRYS5842943,D,S,D,2024-07-23,1000000.00,4.286344,100.244140625
08:00:33,91282CKZ3,TSRYS5842943,D,S,D,2024-07-23,1000000.00,4.286344,100.244140625
08:00:33,91282CKZ3,TSRYS5842943,D,S,D,2024-07-23,1000000.00,4.283524,100.251953125
08:00:33,91282CKZ3,TSRYS5842943,D,S,D,2024-07-23,1000000.00,4.281409,100.2578125
08:00:33,91282CKZ3,TSRYS5842943,D,S,T,2024-07-23,1000000.00,4.286344,100.244140625
08:00:33,91282CKZ3,TSRYS5842943,D,S,T,2024-07-23,1000000.00,4.286344,100.244140625
08:00:33,91282CKZ3,TSRYS5842943,D,S,T,2024-07-23,1000000.00,4.284934,100.248046875
08:00:33,91282CKZ3,TSRYS5842943,D,S,T,2024-07-23,1000000.00,4.285639,100.24609375
08:00:33,91282CKZ3,TSRYS5842943,D,S,T,2024-07-23,1000000.00,4.285639,100.24609375
08:00:33,91282CKZ3,TSRYS5842943,D,S,T,2024-07-23,1000000.00,4.287754,100.240234375
08:00:33,91282CKZ3,TSRYS5842943,D,S,T,2024-07-23,1000000.00,4.287049,100.2421875
08:00:33,91282CKZ3,TSRYS5842943,D,S,T,2024-07-23,1000000.00,4.287049,100.2421875
08:00:33,91282CKZ3,TSRYS5842943,D,S,T,2024-07-23,1000000.00,4.282819,100.25390625
08:00:33,91282CKZ3,TSRYS5842943,D,S,T,2024-07-23,1000000.00,4.282819,100.25390625
08:00:33,91282CKZ3,TSRYS5842943,D,S,T,2024-07-23,1000000.00,4.282819,100.25390625
08:00:33,91282CKZ3,TSRYS5842943,D,S,T,2024-07-23,2000000.00,4.282819,100.25390625
08:00:33,91282CKZ3,TSRYS5842943,D,S,D,2024-07-23,2000000.00,4.287049,100.2421875
08:00:33,91282CKZ3,TSRYS5842943,D,S,D,2024-07-23,3000000.00,4.287754,100.240234375
08:00:33,91282CKZ3,TSRYS5842943,D,S,D,2024-07-23,1000000.00,4.287754,100.240234375
08:00:33,91282CKZ3,TSRYS5842943,D,S,D,2024-07-23,1000000.00,4.287754,100.240234375
08:00:33,91282CKZ3,TSRYS5842943,D,S,D,2024-07-23,1000000.00,4.287754,100.240234375
08:00:33,91282CKZ3,TSRYS5842943,D,S,D,2024-07-23,1000000.00,4.287754,100.240234375
08:00:33,91282CKZ3,TSRYS5842943,D,S,D,2024-07-23,4000000.00,4.287754,100.240234375
08:00:33,91282CKZ3,TSRYS5842943,D,S,D,2024-07-23,4000000.00,4.287754,100.240234375
08:00:33,91282CKZ3,TSRYS5842943,D,S,D,2024-07-23,3000000.00,4.287754,100.240234375
08:00:33,91282CKZ3,TSRYS5842943,D,S,D,2024-07-23,4000000.00,4.287754,100.240234375
08:00:33,91282CKZ3,TSRYS5842943,D,S,D,2024-07-23,3000000.00,4.287754,100.240234375
08:00:33,91282CKZ3,TSRYS5842943,D,S,D,2024-07-23,3000000.00,4.287754,100.240234375
08:00:33,91282CKZ3,TSRYS5842943,D,S,D,2024-07-23,1000000.00,4.288459,100.23828125
08:00:33,91282CKZ3,TSRYS5842943,D,S,D,2024-07-23,1000000.00,4.288459,100.23828125
08:00:33,91282CKZ3,TSRYS5842943,D,S,D,2024-07-23,1000000.00,4.291279,100.23046875
08:00:33,91282CKZ3,TSRYS5842943,D,S,D,2024-07-23,1000000.00,4.291279,100.23046875
08:00:33,91282CKZ3,TSRYS5842943,D,S,D,2024-07-23,2000000.00,4.291279,100.23046875
08:00:33,91282CKZ3,TSRYS5842943,D,S,D,2024-07-23,2000000.00,4.291279,100.23046875
08:00:33,91282CKZ3,TSRYS5842943,D,S,D,2024-07-23,2000000.00,4.291279,100.23046875
08:00:33,91282CKZ3,TSRYS5842943,D,S,D,2024-07-23,1000000.00,4.291279,100.23046875
08:00:33,91282CKZ3,TSRYS5842943,D,S,T,2024-07-23,1000000.00,4.291279,100.23046875
08:00:33,91282CKZ3,TSRYS5842943,D,S,T,2024-07-23,1000000.00,4.284229,100.25
08:00:33,91282CKZ3,TSRYS5842943,D,S,T,2024-07-23,1000000.00,4.284229,100.25
08:00:33,91282CKZ3,TSRYS5842943,D,S,T,2024-07-23,1000000.00,4.284229,100.25
08:00:33,91282CKZ3,TSRYS5842943,D,S,T,2024-07-23,1000000.00,4.284229,100.25
08:00:33,91282CKZ3,TSRYS5842943,D,S,T,2024-07-23,1000000.00,4.284229,100.25
08:00:33,91282CKZ3,TSRYS5842943,D,S,T,2024-07-23,1000000.00,4.284229,100.25
08:00:33,91282CKZ3,TSRYS5842943,D,S,T,2024-07-23,1000000.00,4.284229,100.25
08:00:33,91282CKZ3,TSRYS5842943,D,S,T,2024-07-23,2000000.00,4.284229,100.25
08:00:33,91282CKZ3,TSRYS5842943,D,S,T,2024-07-23,1000000.00,4.284229,100.25
08:00:33,91282CKZ3,TSRYS5842943,D,S,T,2024-07-23,1000000.00,4.284229,100.25
08:00:33,91282CKZ3,TSRYS5842943,D,S,T,2024-07-23,1000000.00,4.284229,100.25
08:00:33,91282CKZ3,TSRYS5842943,D,S,T,2024-07-23,2000000.00,4.284229,100.25
08:00:33,91282CKZ3,TSRYS5842943,D,S,T,2024-07-23,2000000.00,4.284229,100.25
08:00:33,91282CKZ3,TSRYS5842943,D,S,T,2024-07-23,1000000.00,4.282819,100.25390625
08:00:33,91282CKZ3,TSRYS5842943,D,S,T,2024-07-23,1000000.00,4.279294,100.263671875
08:00:33,91282CKZ3,TSRYS5842943,D,S,T,2024-07-23,1000000.00,4.27577,100.2734375
08:00:33,91282CKZ3,TSRYS5842943,D,S,T,2024-07-23,6000000.00,4.279294,100.263671875
08:00:33,91282CKZ3,TSRYS5842943,D,S,T,2024-07-23,2000000.00,4.280704,100.259765625
08:00:33,91282CKZ3,TSRYS5842943,D,S,T,2024-07-23,1000000.00,4.280704,100.259765625
08:00:33,91282CKZ3,TSRYS5842943,D,S,T,2024-07-23,1000000.00,4.280704,100.259765625
08:00:33,91282CKZ3,TSRYS5842943,D,S,T,2024-07-23,1000000.00,4.280704,100.259765625
08:00:33,91282CKZ3,TSRYS5842943,D,S,T,2024-07-23,1000000.00,4.280704,100.259765625
08:00:33,91282CKZ3,TSRYS5842943,D,S,T,2024-07-23,1000000.00,4.280704,100.259765625
08:00:33,91282CKZ3,TSRYS5842943,D,S,T,2024-07-23,2000000.00,4.281409,100.2578125
08:00:33,91282CKZ3,TSRYS5842943,D,S,T,2024-07-23,2000000.00,4.281409,100.2578125
08:00:33,91282CKZ3,TSRYS5842943,D,S,T,2024-07-23,1000000.00,4.280704,100.259765625
08:00:33,91282CKZ3,TSRYS5842943,D,S,T,2024-07-23,2000000.00,4.281409,100.2578125
08:00:33,91282CKZ3,TSRYS5842943,D,S,T,2024-07-23,2000000.00,4.281409,100.2578125
08:00:33,91282CKZ3,TSRYS5842943,D,S,T,2024-07-23,1000000.00,4.281409,100.2578125
08:00:33,91282CKZ3,TSRYS5842943,D,S,T,2024-07-23,1000000.00,4.27718,100.26953125
08:00:33,91282CKZ3,TSRYS5842943,D,S,T,2024-07-23,1000000.00,4.27718,100.26953125
08:00:33,91282CKZ3,TSRYS5842943,D,S,T,2024-07-23,1000000.00,4.27718,100.26953125
08:00:33,91282CKZ3,TSRYS5842943,D,S,T,2024-07-23,1000000.00,4.27718,100.26953125
08:00:33,91282CKZ3,TSRYS5842943,D,S,T,2024-07-23,1000000.00,4.27718,100.26953125
08:00:33,91282CKZ3,TSRYS5842943,D,S,T,2024-07-23,2000000.00,4.27577,100.2734375
08:00:33,91282CKZ3,TSRYS5842943,D,S,T,2024-07-23,2000000.00,4.278589,100.265625
08:00:33,91282CKZ3,TSRYS5842943,D,S,T,2024-07-23,2000000.00,4.278589,100.265625
08:00:33,91282CKZ3,TSRYS5842943,D,S,T,2024-07-23,1000000.00,4.278589,100.265625
08:00:33,91282CKZ3,TSRYS5842943,D,S,T,2024-07-23,1000000.00,4.278589,100.265625
08:00:33,91282CKZ3,TSRYS5842943,D,S,T,2024-07-23,1000000.00,4.278589,100.265625
08:00:33,91282CKZ3,TSRYS5842943,D,S,T,2024-07-23,2000000.00,4.277884,100.267578125
08:00:33,91282CKZ3,TSRYS5842943,D,S,T,2024-07-23,2000000.00,4.287049,100.2421875
08:00:33,91282CKZ3,TSRYS5842943,D,S,T,2024-07-23,1000000.00,4.287049,100.2421875
08:00:33,91282CKZ3,TSRYS5842943,D,S,T,2024-07-23,3000000.00,4.287049,100.2421875
08:00:33,91282CKZ3,TSRYS5842943,D,S,T,2024-07-23,3000000.00,4.287049,100.2421875
08:00:33,91282CKZ3,TSRYS5842943,D,S,T,2024-07-23,2000000.00,4.287049,100.2421875
08:00:33,91282CKZ3,TSRYS5842943,D,S,T,2024-07-23,3000000.00,4.285639,100.24609375
08:00:33,91282CKZ3,TSRYS5842943,D,S,T,2024-07-23,3000000.00,4.285639,100.24609375
08:00:33,91282CKZ3,TSRYS5842943,D,S,D,2024-07-23,1000000.00,4.282819,100.25390625
08:00:33,91282CKZ3,TSRYS5842943,D,S,D,2024-07-23,1000000.00,4.284229,100.25
08:00:33,91282CKZ3,TSRYS5842943,D,S,D,2024-07-23,1000000.00,4.285639,100.24609375
08:00:33,91282CKZ3,TSRYS5842943,D,S,D,2024-07-23,1000000.00,4.284229,100.25
08:00:33,91282CKZ3,TSRYS5842943,D,S,D,2024-07-23,1000000.00,4.285639,100.24609375
08:00:34,91282CKZ3,TSRYS5842943,D,S,D,2024-07-23,1000000.00,4.284229,100.25
08:00:34,91282CKZ3,TSRYS5842943,D,S,D,2024-07-23,1000000.00,4.285639,100.24609375
08:00:34,91282CKZ3,TSRYS5842943,D,S,A,2024-07-23,10945000.00,4.2941,100.22265625
08:00:34,91282CKZ3,TSRYS5842943,D,S,D,2024-07-23,1000000.00,4.285639,100.24609375
08:00:34,91282CKZ3,TSRYS5842943,D,S,C,2024-07-23,3000000.00,4.284229,100.25
08:00:34,91282CKZ3,TSRYS5842943,D,S,T,2024-07-23,1000000.00,4.282819,100.25390625
08:00:34,91282CKZ3,TSRYS5842943,D,S,T,2024-07-23,1000000.00,4.282819,100.25390625
08:00:34,91282CKZ3,TSRYS5842943,D,S,T,2024-07-23,1000000.00,4.282819,100.25390625
08:00:34,91282CKZ3,TSRYS5842943,D,S,T,2024-07-23,1000000.00,4.282819,100.25390625
08:00:34,91282CKZ3,TSRYS5842943,D,S,C,2024-07-23,300000.00,4.281409,100.2578125
08:00:34,91282CKZ3,TSRYS5842943,D,S,D,2024-07-23,1000000.00,4.278589,100.265625
08:00:34,91282CKZ3,TSRYS5842943,D,B,C,2024-07-23,2000000.00,4.282819,100.25390625
08:00:34,91282CKZ3,TSRYS5842943,D,S,D,2024-07-23,2000000.00,4.282819,100.25390625
08:00:34,91282CKZ3,TSRYS5842943,D,S,T,2024-07-23,1000000.00,4.27577,100.2734375
08:00:34,91282CKZ3,TSRYS5842943,D,S,T,2024-07-23,8400000.00,4.194127,100.5
08:00:34,91282CKZ3,TSRYS5842943,D,S,T,2024-07-23,8400000.00,4.194127,100.5
08:00:34,91282CKZ3,TSRYS5842943,D,S,T,2024-07-23,8800000.00,4.194127,100.5
08:00:34,91282CKZ3,TSRYS5842943,D,B,C,2024-07-23,1000000.00,4.282819,100.25390625
08:00:34,91282CKZ3,TSRYS5842943,D,S,D,2024-07-23,1000000.00,4.282819,100.25390625
08:00:34,91282CKZ3,TSRYS5842943,D,S,C,2024-07-23,5600000.00,4.281409,100.2578125
08:00:35,91282CKZ3,TSRYS5842943,D,S,T,2024-07-23,1000000.00,4.284229,100.25
08:00:35,91282CKZ3,TSRYS5842943,D,S,T,2024-07-23,1000000.00,4.284229,100.25
08:00:35,91282CKZ3,TSRYS5842943,D,S,T,2024-07-23,1000000.00,4.284229,100.25
08:00:35,91282CKZ3,TSRYS5842943,D,S,C,2024-07-23,9951000.00,4.287049,100.2421875
08:00:35,91282CKZ3,TSRYS5842943,D,S,T,2024-07-23,1000000.00,4.287049,100.2421875
08:00:36,91282CKZ3,TSRYS5842943,D,S,T,2024-07-23,1000000.00,4.285639,100.24609375
08:00:36,91282CKZ3,TSRYS5842943,D,S,T,2024-07-23,1000000.00,4.284229,100.25
08:00:37,91282CKZ3,TSRYS5842943,D,S,T,2024-07-23,1000000.00,4.285639,100.24609375
08:00:37,91282CKZ3,TSRYS5842943,D,S,T,2024-07-23,1000000.00,4.285639,100.24609375
08:00:37,91282CKZ3,TSRYS5842943,D,S,D,2024-07-23,3000000.00,4.291279,100.23046875
08:00:37,91282CKZ3,TSRYS5842943,D,S,D,2024-07-23,2000000.00,4.291279,100.23046875
08:00:37,91282CKZ3,TSRYS5842943,D,S,T,2024-07-23,1000000.00,4.299037,100.208984375
08:00:37,91282CKZ3,TSRYS5842943,D,S,D,2024-07-23,2000000.00,4.279999,100.26171875
08:00:37,91282CKZ3,TSRYS5842943,D,S,D,2024-07-23,2000000.00,4.279999,100.26171875
08:00:37,91282CKZ3,TSRYS5842943,D,S,D,2024-07-23,1000000.00,4.278589,100.265625
08:00:40,91282CKZ3,TSRYS5842943,D,S,A,2024-07-23,1700000.00,4.282819,100.25390625
08:00:41,91282CKZ3,TSRYS5842943,D,S,D,2024-07-23,1000000.00,4.291279,100.23046875
08:00:44,91282CKZ3,TSRYS5842943,D,S,C,2024-07-23,220000.00,4.284229,100.25
08:00:46,91282CKZ3,TSRYS5842943,D,S,T,2024-07-23,1000000.00,4.287049,100.2421875
08:00:47,91282CKZ3,TSRYS5842943,D,S,D,2024-07-23,4000000.00,4.288459,100.23828125
08:00:47,91282CKZ3,TSRYS5842943,D,B,A,2024-07-23,3000000.00,4.279999,100.26171875
08:00:47,91282CKZ3,TSRYS5842943,D,S,D,2024-07-23,1000000.00,4.27718,100.26953125
08:00:47,91282CKZ3,TSRYS5842943,D,S,D,2024-07-23,1000000.00,4.281409,100.2578125
08:00:47,91282CKZ3,TSRYS5842943,D,S,A,2024-07-23,10000.00,4.288459,100.23828125
08:00:49,91282CKZ3,TSRYS5842943,D,S,T,2024-07-23,1000000.00,4.289906,100.234273
08:00:49,91282CKZ3,TSRYS5842943,D,S,T,2024-07-23,3000000.00,4.289906,100.234273
08:00:50,91282CKZ3,TSRYS5842943,D,S,T,2024-07-23,1000000.00,4.289906,100.234273
08:00:50,91282CKZ3,TSRYS5842943,D,S,T,2024-07-23,1000000.00,4.291316,100.23036675
08:00:50,91282CKZ3,TSRYS5842943,D,S,T,2024-07-23,1000000.00,4.291316,100.23036675
08:00:50,91282CKZ3,TSRYS5842943,D,S,D,2024-07-23,1000000.00,4.280704,100.259765625
08:00:50,91282CKZ3,TSRYS5842943,D,S,T,2024-07-23,1000000.00,4.291316,100.23036675
08:00:50,91282CKZ3,TSRYS5842943,D,S,T,2024-07-23,1000000.00,4.291316,100.23036675
08:00:50,91282CKZ3,TSRYS5842943,D,S,T,2024-07-23,3000000.00,4.291316,100.23036675
08:00:50,91282CKZ3,TSRYS5842943,D,S,T,2024-07-23,3000000.00,4.291316,100.23036675
08:00:50,91282CKZ3,TSRYS5842943,D,S,T,2024-07-23,1000000.00,4.291316,100.23036675
08:00:50,91282CKZ3,TSRYS5842943,D,S,T,2024-07-23,1000000.00,4.291316,100.23036675
08:00:50,91282CKZ3,TSRYS5842943,D,S,T,2024-07-23,1000000.00,4.291316,100.23036675
08:00:50,91282CKZ3,TSRYS5842943,D,S,T,2024-07-23,1000000.00,4.291316,100.23036675
08:00:50,91282CKZ3,TSRYS5842943,D,S,T,2024-07-23,1000000.00,4.291316,100.23036675
08:00:50,91282CKZ3,TSRYS5842943,D,S,T,2024-07-23,1000000.00,4.291279,100.23046875
08:00:50,91282CKZ3,TSRYS5842943,D,S,T,2024-07-23,1000000.00,4.291316,100.23036675
08:00:50,91282CKZ3,TSRYS5842943,D,S,T,2024-07-23,1000000.00,4.291316,100.23036675
08:00:50,91282CKZ3,TSRYS5842943,D,S,T,2024-07-23,1000000.00,4.291316,100.23036675
08:00:50,91282CKZ3,TSRYS5842943,D,S,T,2024-07-23,1000000.00,4.291316,100.23036675
08:00:50,91282CKZ3,TSRYS5842943,D,S,T,2024-07-23,1000000.00,4.291316,100.23036675
08:00:50,91282CKZ3,TSRYS5842943,D,S,T,2024-07-23,1000000.00,4.291316,100.23036675
08:00:50,91282CKZ3,TSRYS5842943,D,S,T,2024-07-23,1000000.00,4.291316,100.23036675
08:00:50,91282CKZ3,TSRYS5842943,D,S,T,2024-07-23,2000000.00,4.291316,100.23036675
08:00:50,91282CKZ3,TSRYS5842943,D,S,T,2024-07-23,1000000.00,4.291316,100.23036675
08:00:50,91282CKZ3,TSRYS5842943,D,S,T,2024-07-23,1000000.00,4.291316,100.23036675
08:00:50,91282CKZ3,TSRYS5842943,D,S,T,2024-07-23,1000000.00,4.291316,100.23036675
08:00:50,91282CKZ3,TSRYS5842943,D,S,T,2024-07-23,1000000.00,4.291316,100.23036675
08:00:50,91282CKZ3,TSRYS5842943,D,S,T,2024-07-23,1000000.00,4.291316,100.23036675
08:00:50,91282CKZ3,TSRYS5842943,D,S,T,2024-07-23,1000000.00,4.291316,100.23036675
08:00:50,91282CKZ3,TSRYS5842943,D,S,T,2024-07-23,1000000.00,4.291316,100.23036675
08:00:50,91282CKZ3,TSRYS5842943,D,S,T,2024-07-23,1000000.00,4.291316,100.23036675
08:00:51,91282CKZ3,TSRYS5842943,D,S,T,2024-07-23,3000000.00,4.291316,100.23036675
08:00:51,91282CKZ3,TSRYS5842943,D,S,T,2024-07-23,8000000.00,4.291316,100.23036675
08:00:51,91282CKZ3,TSRYS5842943,D,S,T,2024-07-23,1000000.00,4.291316,100.23036675
08:00:51,91282CKZ3,TSRYS5842943,D,S,T,2024-07-23,1000000.00,4.291316,100.23036675
08:00:51,91282CKZ3,TSRYS5842943,D,S,T,2024-07-23,1000000.00,4.291316,100.23036675
08:00:51,91282CKZ3,TSRYS5842943,D,S,T,2024-07-23,2000000.00,4.291316,100.23036675
08:00:51,91282CKZ3,TSRYS5842943,D,S,T,2024-07-23,1000000.00,4.291316,100.23036675
08:00:51,91282CKZ3,TSRYS5842943,D,S,D,2024-07-23,1000000.00,4.27577,100.2734375
08:00:51,91282CKZ3,TSRYS5842943,D,S,T,2024-07-23,1000000.00,4.291279,100.23046875
08:00:51,91282CKZ3,TSRYS5842943,D,S,C,2024-07-23,29970000.00,4.285639,100.24609375
08:00:52,91282CKZ3,TSRYS5842943,D,S,T,2024-07-23,1000000.00,4.291316,100.23036675
08:00:52,91282CKZ3,TSRYS5842943,D,S,T,2024-07-23,1000000.00,4.291316,100.23036675
08:00:52,91282CKZ3,TSRYS5842943,D,S,T,2024-07-23,1000000.00,4.291316,100.23036675
08:00:52,91282CKZ3,TSRYS5842943,D,S,T,2024-07-23,1000000.00,4.291316,100.23036675
08:00:52,91282CKZ3,TSRYS5842943,D,S,T,2024-07-23,1000000.00,4.291316,100.23036675
08:00:52,91282CKZ3,TSRYS5842943,D,S,T,2024-07-23,1000000.00,4.291316,100.23036675
08:00:52,91282CKZ3,TSRYS5842943,D,S,T,2024-07-23,1000000.00,4.291316,100.23036675
08:00:52,91282CKZ3,TSRYS5842943,D,S,T,2024-07-23,1000000.00,4.291316,100.23036675
08:00:52,91282CKZ3,TSRYS5842943,D,S,T,2024-07-23,1000000.00,4.291316,100.23036675
08:00:52,91282CKZ3,TSRYS5842943,D,S,T,2024-07-23,1000000.00,4.291316,100.23036675
08:00:52,91282CKZ3,TSRYS5842943,D,S,T,2024-07-23,1000000.00,4.285639,100.24609375
08:00:52,91282CKZ3,TSRYS5842943,D,S,T,2024-07-23,1000000.00,4.291316,100.23036675
08:00:52,91282CKZ3,TSRYS5842943,D,S,T,2024-07-23,1000000.00,4.291316,100.23036675
08:00:52,91282CKZ3,TSRYS5842943,D,S,T,2024-07-23,1000000.00,4.291316,100.23036675
08:00:52,91282CKZ3,TSRYS5842943,D,S,T,2024-07-23,1000000.00,4.291316,100.23036675
08:00:52,91282CKZ3,TSRYS5842943,D,S,T,2024-07-23,1000000.00,4.291316,100.23036675
08:00:52,91282CKZ3,TSRYS5842943,D,S,T,2024-07-23,1000000.00,4.291316,100.23036675
08:00:52,91282CKZ3,TSRYS5842943,D,S,T,2024-07-23,1000000.00,4.291316,100.23036675
08:00:52,91282CKZ3,TSRYS5842943,D,S,T,2024-07-23,1000000.00,4.291316,100.23036675
08:00:52,91282CKZ3,TSRYS5842943,D,S,T,2024-07-23,1000000.00,4.291316,100.23036675
08:00:54,91282CKZ3,TSRYS5842943,D,S,D,2024-07-23,2000000.00,4.279999,100.26171875
08:00:54,91282CKZ3,TSRYS5842943,D,S,D,2024-07-23,2000000.00,4.279999,100.26171875
08:00:55,91282CKZ3,TSRYS5842943,D,S,D,2024-07-23,5000000.00,4.288459,100.23828125
08:00:55,91282CKZ3,TSRYS5842943,D,S,D,2024-07-23,2000000.00,4.288459,100.23828125
08:00:55,91282CKZ3,TSRYS5842943,D,S,D,2024-07-23,1303000.00,4.27718,100.26953125
08:00:55,91282CKZ3,TSRYS5842943,D,S,D,2024-07-23,1000000.00,4.287049,100.2421875
08:00:55,91282CKZ3,TSRYS5842943,D,S,D,2024-07-23,2000000.00,4.287049,100.2421875
08:00:55,91282CKZ3,TSRYS5842943,D,S,T,2024-07-23,1000000.00,4.281409,100.2578125
08:00:55,91282CKZ3,TSRYS5842943,D,S,T,2024-07-23,4000000.00,4.291279,100.23046875
08:00:55,91282CKZ3,TSRYS5842943,D,S,T,2024-07-23,2000000.00,4.291279,100.23046875
08:00:55,91282CKZ3,TSRYS5842943,D,S,T,2024-07-23,1000000.00,4.291279,100.23046875
08:00:55,91282CKZ3,TSRYS5842943,D,S,T,2024-07-23,1000000.00,4.291279,100.23046875
08:00:55,91282CKZ3,TSRYS5842943,D,S,T,2024-07-23,2000000.00,4.291279,100.23046875
08:00:55,91282CKZ3,TSRYS5842943,D,S,T,2024-07-23,5000000.00,4.291279,100.23046875
08:00:55,91282CKZ3,TSRYS5842943,D,S,T,2024-07-23,1000000.00,4.291279,100.23046875
08:00:55,91282CKZ3,TSRYS5842943,D,S,T,2024-07-23,1000000.00,4.291316,100.23036675
08:00:55,91282CKZ3,TSRYS5842943,D,S,T,2024-07-23,1000000.00,4.291316,100.23036675
08:00:56,91282CKZ3,TSRYS5842943,D,S,T,2024-07-23,1000000.00,4.291316,100.23036675
08:00:56,91282CKZ3,TSRYS5842943,D,S,T,2024-07-23,1000000.00,4.291316,100.23036675
08:00:56,91282CKZ3,TSRYS5842943,D,S,T,2024-07-23,1000000.00,4.291316,100.23036675
08:00:56,91282CKZ3,TSRYS5842943,D,S,T,2024-07-23,1000000.00,4.291316,100.23036675
08:00:56,91282CKZ3,TSRYS5842943,D,S,T,2024-07-23,1000000.00,4.29269,100.2265625
08:00:56,91282CKZ3,TSRYS5842943,D,S,T,2024-07-23,1000000.00,4.29269,100.2265625
08:00:56,91282CKZ3,TSRYS5842943,D,S,T,2024-07-23,2000000.00,4.29269,100.2265625
08:00:56,91282CKZ3,TSRYS5842943,D,S,T,2024-07-23,1000000.00,4.29269,100.2265625
08:00:56,91282CKZ3,TSRYS5842943,D,S,T,2024-07-23,1000000.00,4.292726,100.2264605
08:00:56,91282CKZ3,TSRYS5842943,D,S,T,2024-07-23,1000000.00,4.29269,100.2265625
08:00:56,91282CKZ3,TSRYS5842943,D,S,T,2024-07-23,1000000.00,4.292726,100.2264605
08:00:56,91282CKZ3,TSRYS5842943,D,S,D,2024-07-23,1000000.00,4.287049,100.2421875
08:00:56,91282CKZ3,TSRYS5842943,D,S,D,2024-07-23,2000000.00,4.287049,100.2421875
08:00:56,91282CKZ3,TSRYS5842943,D,S,T,2024-07-23,3000000.00,4.292726,100.2264605
08:00:56,91282CKZ3,TSRYS5842943,D,S,D,2024-07-23,1000000.00,4.287049,100.2421875
08:00:56,91282CKZ3,TSRYS5842943,D,S,T,2024-07-23,1000000.00,4.292726,100.2264605
08:00:56,91282CKZ3,TSRYS5842943,D,S,T,2024-07-23,1000000.00,4.292726,100.2264605
08:00:56,91282CKZ3,TSRYS5842943,D,S,T,2024-07-23,1000000.00,4.292726,100.2264605
08:00:56,91282CKZ3,TSRYS5842943,D,S,T,2024-07-23,1000000.00,4.292726,100.2264605
08:00:56,91282CKZ3,TSRYS5842943,D,S,T,2024-07-23,1000000.00,4.292726,100.2264605
08:00:56,91282CKZ3,TSRYS5842943,D,S,T,2024-07-23,9000000.00,4.292726,100.2264605
08:00:56,91282CKZ3,TSRYS5842943,D,S,T,2024-07-23,1000000.00,4.29269,100.2265625
08:00:56,91282CKZ3,TSRYS5842943,D,S,T,2024-07-23,2000000.00,4.29269,100.2265625
08:00:56,91282CKZ3,TSRYS5842943,D,S,T,2024-07-23,1000000.00,4.29269,100.2265625
08:00:56,91282CKZ3,TSRYS5842943,D,S,T,2024-07-23,2000000.00,4.292726,100.2264605
08:00:56,91282CKZ3,TSRYS5842943,D,S,T,2024-07-23,1000000.00,4.292726,100.2264605
08:00:56,91282CKZ3,TSRYS5842943,D,S,T,2024-07-23,1000000.00,4.292726,100.2264605
08:00:56,91282CKZ3,TSRYS5842943,D,S,T,2024-07-23,1000000.00,4.292726,100.2264605
08:00:56,91282CKZ3,TSRYS5842943,D,S,T,2024-07-23,1000000.00,4.292726,100.2264605
08:00:56,91282CKZ3,TSRYS5842943,D,S,T,2024-07-23,6000000.00,4.292726,100.2264605
08:00:56,91282CKZ3,TSRYS5842943,D,S,T,2024-07-23,3000000.00,4.292726,100.2264605
08:00:56,91282CKZ3,TSRYS5842943,D,S,T,2024-07-23,2000000.00,4.292726,100.2264605
08:00:57,91282CKZ3,TSRYS5842943,D,S,T,2024-07-23,1000000.00,4.292726,100.2264605
08:00:57,91282CKZ3,TSRYS5842943,D,S,T,2024-07-23,3000000.00,4.292726,100.2264605
08:00:57,91282CKZ3,TSRYS5842943,D,S,T,2024-07-23,1000000.00,4.291279,100.23046875
08:00:57,91282CKZ3,TSRYS5842943,D,S,T,2024-07-23,1000000.00,4.291279,100.23046875
08:00:57,91282CKZ3,TSRYS5842943,D,S,T,2024-07-23,1000000.00,4.291316,100.23036675
08:00:57,91282CKZ3,TSRYS5842943,D,S,T,2024-07-23,1000000.00,4.291279,100.23046875
08:00:57,91282CKZ3,TSRYS5842943,D,S,T,2024-07-23,1000000.00,4.291316,100.23036675
08:00:57,91282CKZ3,TSRYS5842943,D,S,T,2024-07-23,1000000.00,4.291279,100.23046875
08:00:57,91282CKZ3,TSRYS5842943,D,S,D,2024-07-23,1000000.00,4.288459,100.23828125
08:00:57,91282CKZ3,TSRYS5842943,D,S,T,2024-07-23,2000000.00,4.291279,100.23046875
08:00:57,91282CKZ3,TSRYS5842943,D,S,T,2024-07-23,1000000.00,4.291316,100.23036675
08:00:57,91282CKZ3,TSRYS5842943,D,S,T,2024-07-23,1000000.00,4.291316,100.23036675
08:00:57,91282CKZ3,TSRYS5842943,D,S,T,2024-07-23,1000000.00,4.291316,100.23036675
08:00:57,91282CKZ3,TSRYS5842943,D,S,T,2024-07-23,1000000.00,4.291316,100.23036675
08:00:57,91282CKZ3,TSRYS5842943,D,S,T,2024-07-23,1000000.00,4.291316,100.23036675
08:00:57,91282CKZ3,TSRYS5842943,D,S,T,2024-07-23,1000000.00,4.291316,100.23036675
08:00:57,91282CKZ3,TSRYS5842943,D,S,T,2024-07-23,1000000.00,4.291316,100.23036675
08:00:57,91282CKZ3,TSRYS5842943,D,S,T,2024-07-23,1000000.00,4.291316,100.23036675
08:00:57,91282CKZ3,TSRYS5842943,D,S,T,2024-07-23,1000000.00,4.291316,100.23036675
08:00:57,91282CKZ3,TSRYS5842943,D,S,T,2024-07-23,3000000.00,4.291316,100.23036675
08:00:57,91282CKZ3,TSRYS5842943,D,S,T,2024-07-23,1000000.00,4.291316,100.23036675
08:00:57,91282CKZ3,TSRYS5842943,D,S,T,2024-07-23,1000000.00,4.291316,100.23036675
08:00:57,91282CKZ3,TSRYS5842943,D,S,T,2024-07-23,1000000.00,4.291316,100.23036675
08:00:57,91282CKZ3,TSRYS5842943,D,S,T,2024-07-23,1000000.00,4.291316,100.23036675
08:00:57,91282CKZ3,TSRYS5842943,D,S,D,2024-07-23,2000000.00,4.285639,100.24609375
08:00:57,91282CKZ3,TSRYS5842943,D,S,D,2024-07-23,2000000.00,4.285639,100.24609375
08:00:57,91282CKZ3,TSRYS5842943,D,S,T,2024-07-23,1000000.00,4.291316,100.23036675
08:00:57,91282CKZ3,TSRYS5842943,D,S,T,2024-07-23,1000000.00,4.291279,100.23046875
08:00:57,91282CKZ3,TSRYS5842943,D,S,T,2024-07-23,1000000.00,4.291279,100.23046875
08:00:58,91282CKZ3,TSRYS5842943,D,S,T,2024-07-23,1000000.00,4.291316,100.23036675
08:00:58,91282CKZ3,TSRYS5842943,D,S,T,2024-07-23,1000000.00,4.291316,100.23036675
08:00:58,91282CKZ3,TSRYS5842943,D,S,T,2024-07-23,9000000.00,4.291316,100.23036675
08:00:58,91282CKZ3,TSRYS5842943,D,S,T,2024-07-23,1000000.00,4.291316,100.23036675
08:00:58,91282CKZ3,TSRYS5842943,D,S,T,2024-07-23,1000000.00,4.291316,100.23036675
08:00:58,91282CKZ3,TSRYS5842943,D,S,T,2024-07-23,1000000.00,4.291316,100.23036675
08:00:58,91282CKZ3,TSRYS5842943,D,S,T,2024-07-23,1000000.00,4.291316,100.23036675
08:00:58,91282CKZ3,TSRYS5842943,D,S,T,2024-07-23,1000000.00,4.291316,100.23036675
08:00:58,91282CKZ3,TSRYS5842943,D,S,T,2024-07-23,1000000.00,4.291316,100.23036675
08:00:58,91282CKZ3,TSRYS5842943,D,S,T,2024-07-23,1000000.00,4.291316,100.23036675
08:00:59,91282CKZ3,TSRYS5842943,D,S,D,2024-07-23,2000000.00,4.285639,100.24609375
08:00:59,91282CKZ3,TSRYS5842943,D,S,D,2024-07-23,3000000.00,4.285639,100.24609375
08:00:59,91282CKZ3,TSRYS5842943,D,S,D,2024-07-23,3000000.00,4.285639,100.24609375
08:00:59,91282CKZ3,TSRYS5842943,D,S,D,2024-07-23,3000000.00,4.285639,100.24609375
08:01:01,91282CKZ3,TSRYS5842943,D,B,A,2024-07-23,1000000.00,4.276122,100.272460938
08:01:02,91282CKZ3,TSRYS5842943,D,S,T,2024-07-23,2000000.00,4.284934,100.248046875
08:01:02,91282CKZ3,TSRYS5842943,D,S,T,2024-07-23,2000000.00,4.284934,100.248046875
08:01:02,91282CKZ3,TSRYS5842943,D,S,T,2024-07-23,2000000.00,4.284229,100.25
08:01:02,91282CKZ3,TSRYS5842943,D,S,T,2024-07-23,1000000.00,4.284229,100.25
08:01:02,91282CKZ3,TSRYS5842943,D,S,T,2024-07-23,1000000.00,4.284229,100.25
08:01:03,91282CKZ3,TSRYS5842943,D,S,T,2024-07-23,1000000.00,4.284229,100.25
08:01:03,91282CKZ3,TSRYS5842943,D,S,T,2024-07-23,1000000.00,4.284229,100.25
08:01:04,91282CKZ3,TSRYS5842943,D,S,C,2024-07-23,1000000.00,4.287754,100.240234375
08:01:04,91282CKZ3,TSRYS5842943,D,S,D,2024-07-23,1000000.00,4.284229,100.25
08:01:04,91282CKZ3,TSRYS5842943,D,S,T,2024-07-23,1000000.00,4.294137,100.22255425
08:01:04,91282CKZ3,TSRYS5842943,D,B,C,2024-07-23,1000000.00,4.284934,100.248046875
08:01:04,91282CKZ3,TSRYS5842943,D,S,T,2024-07-23,1000000.00,4.294137,100.22255425
08:01:04,91282CKZ3,TSRYS5842943,D,S,D,2024-07-23,1000000.00,4.287754,100.240234375
08:01:04,91282CKZ3,TSRYS5842943,D,S,D,2024-07-23,1000000.00,4.284934,100.248046875
08:01:04,91282CKZ3,TSRYS5842943,D,S,T,2024-07-23,1000000.00,4.294137,100.22255425
08:01:04,91282CKZ3,TSRYS5842943,D,S,T,2024-07-23,1000000.00,4.294137,100.22255425
08:01:04,91282CKZ3,TSRYS5842943,D,S,T,2024-07-23,1000000.00,4.294137,100.22255425
08:01:04,91282CKZ3,TSRYS5842943,D,S,T,2024-07-23,1000000.00,4.294137,100.22255425
08:01:04,91282CKZ3,TSRYS5842943,D,S,T,2024-07-23,5000000.00,4.294137,100.22255425
08:01:04,91282CKZ3,TSRYS5842943,D,S,T,2024-07-23,1000000.00,4.294137,100.22255425
08:01:04,91282CKZ3,TSRYS5842943,D,S,T,2024-07-23,1000000.00,4.294137,100.22255425
08:01:04,91282CKZ3,TSRYS5842943,D,S,D,2024-07-23,1000000.00,4.285639,100.24609375
08:01:04,91282CKZ3,TSRYS5842943,D,S,T,2024-07-23,1000000.00,4.294137,100.22255425
08:01:04,91282CKZ3,TSRYS5842943,D,S,T,2024-07-23,1000000.00,4.294137,100.22255425
08:01:04,91282CKZ3,TSRYS5842943,D,S,D,2024-07-23,1000000.00,4.287049,100.2421875
08:01:04,91282CKZ3,TSRYS5842943,D,S,T,2024-07-23,2000000.00,4.294137,100.22255425
08:01:04,91282CKZ3,TSRYS5842943,D,S,D,2024-07-23,1000000.00,4.287049,100.2421875
08:01:04,91282CKZ3,TSRYS5842943,D,S,D,2024-07-23,1000000.00,4.287049,100.2421875
08:01:04,91282CKZ3,TSRYS5842943,D,S,T,2024-07-23,1000000.00,4.294137,100.22255425
08:01:04,91282CKZ3,TSRYS5842943,D,S,D,2024-07-23,1000000.00,4.287049,100.2421875
08:01:04,91282CKZ3,TSRYS5842943,D,S,D,2024-07-23,1000000.00,4.285639,100.24609375
08:01:04,91282CKZ3,TSRYS5842943,D,S,T,2024-07-23,1000000.00,4.294137,100.22255425
08:01:04,91282CKZ3,TSRYS5842943,D,S,T,2024-07-23,1000000.00,4.294137,100.22255425
08:01:05,91282CKZ3,TSRYS5842943,D,S,D,2024-07-23,1000000.00,4.282819,100.25390625
08:01:05,91282CKZ3,TSRYS5842943,D,S,D,2024-07-23,1000000.00,4.284934,100.248046875
08:01:05,91282CKZ3,TSRYS5842943,D,S,D,2024-07-23,1000000.00,4.284934,100.248046875
08:01:05,91282CKZ3,TSRYS5842943,D,S,C,2024-07-23,1000000.00,4.291279,100.23046875
08:01:05,91282CKZ3,TSRYS5842943,D,S,C,2024-07-23,1000000.00,4.291279,100.23046875
08:01:05,91282CKZ3,TSRYS5842943,D,S,C,2024-07-23,1000000.00,4.284934,100.248046875
08:01:05,91282CKZ3,TSRYS5842943,D,S,D,2024-07-23,1000000.00,4.284934,100.248046875
08:01:05,91282CKZ3,TSRYS5842943,D,S,D,2024-07-23,1000000.00,4.284934,100.248046875
08:01:05,91282CKZ3,TSRYS5842943,D,S,D,2024-07-23,1000000.00,4.284934,100.248046875
08:01:05,91282CKZ3,TSRYS5842943,D,S,D,2024-07-23,1000000.00,4.284934,100.248046875
08:01:05,91282CKZ3,TSRYS5842943,D,S,D,2024-07-23,1000000.00,4.284934,100.248046875
08:01:05,91282CKZ3,TSRYS5842943,D,S,D,2024-07-23,1000000.00,4.284934,100.248046875
08:01:05,91282CKZ3,TSRYS5842943,D,S,D,2024-07-23,1000000.00,4.284934,100.248046875
08:01:05,91282CKZ3,TSRYS5842943,D,S,D,2024-07-23,1000000.00,4.284934,100.248046875
08:01:05,91282CKZ3,TSRYS5842943,D,S,D,2024-07-23,1000000.00,4.284934,100.248046875
08:01:05,91282CKZ3,TSRYS5842943,D,S,D,2024-07-23,1000000.00,4.284934,100.248046875
08:01:05,91282CKZ3,TSRYS5842943,D,S,C,2024-07-23,1000000.00,4.291984,100.228515625
08:01:05,91282CKZ3,TSRYS5842943,D,S,D,2024-07-23,1000000.00,4.282819,100.25390625
08:01:05,91282CKZ3,TSRYS5842943,D,S,T,2024-07-23,1000000.00,4.298332,100.2109375
08:01:05,91282CKZ3,TSRYS5842943,D,S,D,2024-07-23,1000000.00,4.283524,100.251953125
08:01:05,91282CKZ3,TSRYS5842943,D,B,C,2024-07-23,1000000.00,4.283524,100.251953125
08:01:05,91282CKZ3,TSRYS5842943,D,S,T,2024-07-23,1000000.00,4.298332,100.2109375
08:01:05,91282CKZ3,TSRYS5842943,D,S,T,2024-07-23,1000000.00,4.298332,100.2109375
08:01:05,91282CKZ3,TSRYS5842943,D,S,T,2024-07-23,1000000.00,4.298332,100.2109375
08:01:05,91282CKZ3,TSRYS5842943,D,S,T,2024-07-23,1000000.00,4.298368,100.2108355
08:01:05,91282CKZ3,TSRYS5842943,D,S,T,2024-07-23,1000000.00,4.298332,100.2109375
08:01:05,91282CKZ3,TSRYS5842943,D,S,D,2024-07-23,4000000.00,4.288459,100.23828125
08:01:05,91282CKZ3,TSRYS5842943,D,S,T,2024-07-23,1000000.00,4.298368,100.2108355
08:01:05,91282CKZ3,TSRYS5842943,D,S,D,2024-07-23,1000000.00,4.288459,100.23828125
08:01:05,91282CKZ3,TSRYS5842943,D,S,T,2024-07-23,1000000.00,4.298368,100.2108355
08:01:05,91282CKZ3,TSRYS5842943,D,S,T,2024-07-23,1000000.00,4.298368,100.2108355
08:01:05,91282CKZ3,TSRYS5842943,D,S,D,2024-07-23,1000000.00,4.287754,100.240234375
08:01:05,91282CKZ3,TSRYS5842943,D,B,C,2024-07-23,1000000.00,4.289869,100.234375
08:01:05,91282CKZ3,TSRYS5842943,D,S,D,2024-07-23,1000000.00,4.289869,100.234375
08:01:05,91282CKZ3,TSRYS5842943,D,S,T,2024-07-23,1000000.00,4.298332,100.2109375
08:01:06,91282CKZ3,TSRYS5842943,D,S,D,2024-07-23,1000000.00,4.285639,100.24609375
08:01:06,91282CKZ3,TSRYS5842943,D,S,T,2024-07-23,1000000.00,4.298368,100.2108355
08:01:06,91282CKZ3,TSRYS5842943,D,S,T,2024-07-23,1000000.00,4.298332,100.2109375
08:01:06,91282CKZ3,TSRYS5842943,D,S,C,2024-07-23,1000000.00,4.291279,100.23046875
08:01:06,91282CKZ3,TSRYS5842943,D,S,D,2024-07-23,3000000.00,4.291279,100.23046875
08:01:06,91282CKZ3,TSRYS5842943,D,S,T,2024-07-23,1000000.00,4.298368,100.2108355
08:01:06,91282CKZ3,TSRYS5842943,D,S,T,2024-07-23,2000000.00,4.298368,100.2108355
08:01:06,91282CKZ3,TSRYS5842943,D,S,D,2024-07-23,2000000.00,4.291279,100.23046875
08:01:06,91282CKZ3,TSRYS5842943,D,B,C,2024-07-23,1000000.00,4.291279,100.23046875
08:01:06,91282CKZ3,TSRYS5842943,D,S,D,2024-07-23,1000000.00,4.291279,100.23046875
08:01:06,91282CKZ3,TSRYS5842943,D,S,T,2024-07-23,4000000.00,4.298368,100.2108355
08:01:06,91282CKZ3,TSRYS5842943,D,S,T,2024-07-23,1000000.00,4.298368,100.2108355
08:01:06,91282CKZ3,TSRYS5842943,D,S,T,2024-07-23,1000000.00,4.298368,100.2108355
08:01:06,91282CKZ3,TSRYS5842943,D,S,T,2024-07-23,1000000.00,4.298368,100.2108355
08:01:06,91282CKZ3,TSRYS5842943,D,S,T,2024-07-23,1000000.00,4.298368,100.2108355
08:01:06,91282CKZ3,TSRYS5842943,D,S,T,2024-07-23,1000000.00,4.298368,100.2108355
08:01:06,91282CKZ3,TSRYS5842943,D,S,T,2024-07-23,1000000.00,4.298368,100.2108355
08:01:06,91282CKZ3,TSRYS5842943,D,S,T,2024-07-23,9000000.00,4.298368,100.2108355
08:01:06,91282CKZ3,TSRYS5842943,D,S,T,2024-07-23,1000000.00,4.298368,100.2108355
08:01:06,91282CKZ3,TSRYS5842943,D,S,T,2024-07-23,7000000.00,4.298368,100.2108355
08:01:06,91282CKZ3,TSRYS5842943,D,S,T,2024-07-23,1000000.00,4.298368,100.2108355
08:01:06,91282CKZ3,TSRYS5842943,D,S,T,2024-07-23,1000000.00,4.298368,100.2108355
08:01:06,91282CKZ3,TSRYS5842943,D,S,D,2024-07-23,1000000.00,4.291279,100.23046875
08:01:06,91282CKZ3,TSRYS5842943,D,S,T,2024-07-23,1000000.00,4.298368,100.2108355
08:01:06,91282CKZ3,TSRYS5842943,D,S,T,2024-07-23,1000000.00,4.298368,100.2108355
08:01:06,91282CKZ3,TSRYS5842943,D,S,T,2024-07-23,1000000.00,4.298368,100.2108355
08:01:06,91282CKZ3,TSRYS5842943,D,S,D,2024-07-23,1000000.00,4.287754,100.240234375
08:01:06,91282CKZ3,TSRYS5842943,D,S,T,2024-07-23,1000000.00,4.298368,100.2108355
08:01:06,91282CKZ3,TSRYS5842943,D,S,T,2024-07-23,1000000.00,4.298368,100.2108355
08:01:06,91282CKZ3,TSRYS5842943,D,S,D,2024-07-23,1000000.00,4.282819,100.25390625
08:01:06,91282CKZ3,TSRYS5842943,D,S,T,2024-07-23,1000000.00,4.298368,100.2108355
08:01:06,91282CKZ3,TSRYS5842943,D,S,D,2024-07-23,1000000.00,4.284229,100.25
08:01:06,91282CKZ3,TSRYS5842943,D,S,T,2024-07-23,1000000.00,4.298368,100.2108355
08:01:06,91282CKZ3,TSRYS5842943,D,S,T,2024-07-23,1000000.00,4.298368,100.2108355
08:01:06,91282CKZ3,TSRYS5842943,D,S,T,2024-07-23,1000000.00,4.298368,100.2108355
08:01:06,91282CKZ3,TSRYS5842943,D,S,D,2024-07-23,1000000.00,4.284229,100.25
08:01:06,91282CKZ3,TSRYS5842943,D,S,D,2024-07-23,1000000.00,4.285639,100.24609375
08:01:06,91282CKZ3,TSRYS5842943,D,S,T,2024-07-23,1000000.00,4.298368,100.2108355
08:01:07,91282CKZ3,TSRYS5842943,D,S,T,2024-07-23,1000000.00,4.298368,100.2108355
08:01:07,91282CKZ3,TSRYS5842943,D,B,C,2024-07-23,1000000.00,4.285639,100.24609375
08:01:07,91282CKZ3,TSRYS5842943,D,S,T,2024-07-23,1000000.00,4.298368,100.2108355
08:01:07,91282CKZ3,TSRYS5842943,D,S,D,2024-07-23,1000000.00,4.285639,100.24609375
08:01:07,91282CKZ3,TSRYS5842943,D,B,C,2024-07-23,1000000.00,4.284229,100.25
08:01:07,91282CKZ3,TSRYS5842943,D,S,C,2024-07-23,1000000.00,4.284229,100.25
08:01:07,91282CKZ3,TSRYS5842943,D,S,C,2024-07-23,1000000.00,4.284229,100.25
08:01:07,91282CKZ3,TSRYS5842943,D,S,C,2024-07-23,1000000.00,4.284229,100.25
08:01:07,91282CKZ3,TSRYS5842943,D,S,T,2024-07-23,1000000.00,4.298368,100.2108355
08:01:07,91282CKZ3,TSRYS5842943,D,S,C,2024-07-23,1000000.00,4.284229,100.25
08:01:07,91282CKZ3,TSRYS5842943,D,S,T,2024-07-23,1000000.00,4.298368,100.2108355
08:01:07,91282CKZ3,TSRYS5842943,D,S,C,2024-07-23,1000000.00,4.284229,100.25
08:01:07,91282CKZ3,TSRYS5842943,D,S,T,2024-07-23,1000000.00,4.298368,100.2108355
08:01:07,91282CKZ3,TSRYS5842943,D,S,C,2024-07-23,1000000.00,4.284934,100.248046875
08:01:07,91282CKZ3,TSRYS5842943,D,S,T,2024-07-23,1000000.00,4.298368,100.2108355
08:01:07,91282CKZ3,TSRYS5842943,D,S,C,2024-07-23,1000000.00,4.282819,100.25390625
08:01:07,91282CKZ3,TSRYS5842943,D,S,T,2024-07-23,1000000.00,4.298368,100.2108355
08:01:07,91282CKZ3,TSRYS5842943,D,S,T,2024-07-23,1000000.00,4.298368,100.2108355
08:01:07,91282CKZ3,TSRYS5842943,D,S,T,2024-07-23,1000000.00,4.298368,100.2108355
08:01:07,91282CKZ3,TSRYS5842943,D,S,T,2024-07-23,1000000.00,4.298368,100.2108355
08:01:07,91282CKZ3,TSRYS5842943,D,S,T,2024-07-23,1000000.00,4.298368,100.2108355
08:01:07,91282CKZ3,TSRYS5842943,D,S,T,2024-07-23,1000000.00,4.298368,100.2108355
08:01:07,91282CKZ3,TSRYS5842943,D,S,T,2024-07-23,1000000.00,4.298368,100.2108355
08:01:07,91282CKZ3,TSRYS5842943,D,S,T,2024-07-23,1000000.00,4.298368,100.2108355
08:01:07,91282CKZ3,TSRYS5842943,D,S,D,2024-07-23,1000000.00,4.277884,100.267578125
08:01:07,91282CKZ3,TSRYS5842943,D,S,T,2024-07-23,1000000.00,4.298332,100.2109375
08:01:07,91282CKZ3,TSRYS5842943,D,B,C,2024-07-23,1000000.00,4.277884,100.267578125
08:01:07,91282CKZ3,TSRYS5842943,D,S,T,2024-07-23,1000000.00,4.298368,100.2108355
08:01:07,91282CKZ3,TSRYS5842943,D,S,T,2024-07-23,1000000.00,4.298368,100.2108355
08:01:07,91282CKZ3,TSRYS5842943,D,S,T,2024-07-23,1000000.00,4.298368,100.2108355
08:01:07,91282CKZ3,TSRYS5842943,D,S,T,2024-07-23,1000000.00,4.298368,100.2108355
08:01:07,91282CKZ3,TSRYS5842943,D,S,T,2024-07-23,1000000.00,4.298368,100.2108355
08:01:07,91282CKZ3,TSRYS5842943,D,S,T,2024-07-23,2000000.00,4.298332,100.2109375
08:01:07,91282CKZ3,TSRYS5842943,D,S,T,2024-07-23,1000000.00,4.298332,100.2109375
08:01:07,91282CKZ3,TSRYS5842943,D,S,T,2024-07-23,1000000.00,4.298332,100.2109375
08:01:07,91282CKZ3,TSRYS5842943,D,S,T,2024-07-23,1000000.00,4.298332,100.2109375
08:01:07,91282CKZ3,TSRYS5842943,D,S,T,2024-07-23,1000000.00,4.298368,100.2108355
08:01:07,91282CKZ3,TSRYS5842943,D,S,T,2024-07-23,8000000.00,4.298368,100.2108355
08:01:07,91282CKZ3,TSRYS5842943,D,S,C,2024-07-23,2000000.00,4.279999,100.26171875
08:01:07,91282CKZ3,TSRYS5842943,D,S,T,2024-07-23,1000000.00,4.298368,100.2108355
08:01:07,91282CKZ3,TSRYS5842943,D,B,C,2024-07-23,2000000.00,4.279999,100.26171875
08:01:07,91282CKZ3,TSRYS5842943,D,S,D,2024-07-23,2000000.00,4.279999,100.26171875
08:01:07,91282CKZ3,TSRYS5842943,D,S,D,2024-07-23,2000000.00,4.279999,100.26171875
08:01:07,91282CKZ3,TSRYS5842943,D,S,D,2024-07-23,1000000.00,4.278589,100.265625
08:01:07,91282CKZ3,TSRYS5842943,D,S,T,2024-07-23,1000000.00,4.298368,100.2108355
08:01:08,91282CKZ3,TSRYS5842943,D,S,C,2024-07-23,1000000.00,4.280704,100.259765625
08:01:08,91282CKZ3,TSRYS5842943,D,S,T,2024-07-23,1000000.00,4.298368,100.2108355
08:01:08,91282CKZ3,TSRYS5842943,D,S,T,2024-07-23,1000000.00,4.298368,100.2108355
08:01:08,91282CKZ3,TSRYS5842943,D,S,T,2024-07-23,1000000.00,4.298368,100.2108355
08:01:08,91282CKZ3,TSRYS5842943,D,S,T,2024-07-23,1000000.00,4.298368,100.2108355
08:01:08,91282CKZ3,TSRYS5842943,D,S,T,2024-07-23,1000000.00,4.298368,100.2108355
08:01:08,91282CKZ3,TSRYS5842943,D,S,T,2024-07-23,1000000.00,4.298368,100.2108355
08:01:08,91282CKZ3,TSRYS5842943,D,S,T,2024-07-23,1000000.00,4.298368,100.2108355
08:01:08,91282CKZ3,TSRYS5842943,D,S,T,2024-07-23,1000000.00,4.298368,100.2108355
08:01:08,91282CKZ3,TSRYS5842943,D,S,T,2024-07-23,1000000.00,4.298368,100.2108355
08:01:08,91282CKZ3,TSRYS5842943,D,S,T,2024-07-23,1000000.00,4.298368,100.2108355
08:01:08,91282CKZ3,TSRYS5842943,D,S,D,2024-07-23,1000000.00,4.27718,100.26953125
08:01:08,91282CKZ3,TSRYS5842943,D,S,T,2024-07-23,1000000.00,4.298368,100.2108355
08:01:08,91282CKZ3,TSRYS5842943,D,S,D,2024-07-23,1000000.00,4.281409,100.2578125
08:01:08,91282CKZ3,TSRYS5842943,D,S,T,2024-07-23,1000000.00,4.298368,100.2108355
08:01:08,91282CKZ3,TSRYS5842943,D,S,C,2024-07-23,1000000.00,4.282114,100.255859375
08:01:08,91282CKZ3,TSRYS5842943,D,S,D,2024-07-23,1000000.00,4.282819,100.25390625
08:01:08,91282CKZ3,TSRYS5842943,D,S,C,2024-07-23,1000000.00,4.282819,100.25390625
08:01:08,91282CKZ3,TSRYS5842943,D,B,C,2024-07-23,1000000.00,4.282819,100.25390625
08:01:08,91282CKZ3,TSRYS5842943,D,S,T,2024-07-23,1000000.00,4.298368,100.2108355
08:01:08,91282CKZ3,TSRYS5842943,D,S,D,2024-07-23,1000000.00,4.283524,100.251953125
08:01:08,91282CKZ3,TSRYS5842943,D,S,T,2024-07-23,1000000.00,4.298368,100.2108355
08:01:08,91282CKZ3,TSRYS5842943,D,B,C,2024-07-23,1000000.00,4.283524,100.251953125
08:01:08,91282CKZ3,TSRYS5842943,D,S,T,2024-07-23,1000000.00,4.298368,100.2108355
08:01:08,91282CKZ3,TSRYS5842943,D,S,T,2024-07-23,1000000.00,4.298368,100.2108355
08:01:08,91282CKZ3,TSRYS5842943,D,B,C,2024-07-23,3000000.00,4.281409,100.2578125
08:01:08,91282CKZ3,TSRYS5842943,D,S,C,2024-07-23,1000000.00,4.280704,100.259765625
08:01:08,91282CKZ3,TSRYS5842943,D,S,D,2024-07-23,1000000.00,4.282114,100.255859375
08:01:08,91282CKZ3,TSRYS5842943,D,S,C,2024-07-23,3000000.00,4.281409,100.2578125
08:01:08,91282CKZ3,TSRYS5842943,D,B,C,2024-07-23,1000000.00,4.282114,100.255859375
08:01:08,91282CKZ3,TSRYS5842943,D,S,T,2024-07-23,1000000.00,4.298368,100.2108355
08:01:08,91282CKZ3,TSRYS5842943,D,S,C,2024-07-23,1000000.00,4.282114,100.255859375
08:01:08,91282CKZ3,TSRYS5842943,D,B,C,2024-07-23,1000000.00,4.282114,100.255859375
08:01:08,91282CKZ3,TSRYS5842943,D,S,D,2024-07-23,1000000.00,4.282114,100.255859375
08:01:08,91282CKZ3,TSRYS5842943,D,S,T,2024-07-23,1000000.00,4.298368,100.2108355
08:01:08,91282CKZ3,TSRYS5842943,D,B,C,2024-07-23,1000000.00,4.282114,100.255859375
08:01:08,91282CKZ3,TSRYS5842943,D,S,D,2024-07-23,1000000.00,4.282114,100.255859375
08:01:08,91282CKZ3,TSRYS5842943,D,B,C,2024-07-23,1000000.00,4.282114,100.255859375
08:01:08,91282CKZ3,TSRYS5842943,D,S,T,2024-07-23,1000000.00,4.298368,100.2108355
08:01:08,91282CKZ3,TSRYS5842943,D,S,T,2024-07-23,1000000.00,4.298368,100.2108355
08:01:08,91282CKZ3,TSRYS5842943,D,S,T,2024-07-23,1000000.00,4.298368,100.2108355
08:01:08,91282CKZ3,TSRYS5842943,D,S,T,2024-07-23,1000000.00,4.298368,100.2108355
08:01:08,91282CKZ3,TSRYS5842943,D,S,T,2024-07-23,1000000.00,4.298368,100.2108355
08:01:08,91282CKZ3,TSRYS5842943,D,S,D,2024-07-23,1000000.00,4.287049,100.2421875
08:01:09,91282CKZ3,TSRYS5842943,D,S,D,2024-07-23,1000000.00,4.287049,100.2421875
08:01:09,91282CKZ3,TSRYS5842943,D,S,T,2024-07-23,2000000.00,4.298332,100.2109375
08:01:09,91282CKZ3,TSRYS5842943,D,S,T,2024-07-23,5000000.00,4.298332,100.2109375
08:01:09,91282CKZ3,TSRYS5842943,D,S,T,2024-07-23,1000000.00,4.298332,100.2109375
08:01:09,91282CKZ3,TSRYS5842943,D,S,T,2024-07-23,1000000.00,4.298332,100.2109375
08:01:09,91282CKZ3,TSRYS5842943,D,S,D,2024-07-23,2000000.00,4.287049,100.2421875
08:01:09,91282CKZ3,TSRYS5842943,D,S,T,2024-07-23,1000000.00,4.298332,100.2109375
08:01:09,91282CKZ3,TSRYS5842943,D,S,T,2024-07-23,2000000.00,4.298332,100.2109375
08:01:09,91282CKZ3,TSRYS5842943,D,S,T,2024-07-23,1000000.00,4.298368,100.2108355
08:01:09,91282CKZ3,TSRYS5842943,D,S,T,2024-07-23,1000000.00,4.298368,100.2108355
08:01:09,91282CKZ3,TSRYS5842943,D,S,T,2024-07-23,1000000.00,4.298368,100.2108355
08:01:09,91282CKZ3,TSRYS5842943,D,S,T,2024-07-23,1000000.00,4.298368,100.2108355
08:01:09,91282CKZ3,TSRYS5842943,D,S,T,2024-07-23,1000000.00,4.298368,100.2108355
08:01:09,91282CKZ3,TSRYS5842943,D,S,T,2024-07-23,1000000.00,4.298368,100.2108355
08:01:09,91282CKZ3,TSRYS5842943,D,S,T,2024-07-23,1000000.00,4.298368,100.2108355
08:01:09,91282CKZ3,TSRYS5842943,D,S,T,2024-07-23,1000000.00,4.298368,100.2108355
08:01:09,91282CKZ3,TSRYS5842943,D,S,T,2024-07-23,1000000.00,4.298368,100.2108355
08:01:09,91282CKZ3,TSRYS5842943,D,S,T,2024-07-23,1000000.00,4.298368,100.2108355
08:01:09,91282CKZ3,TSRYS5842943,D,S,T,2024-07-23,3000000.00,4.298368,100.2108355
08:01:09,91282CKZ3,TSRYS5842943,D,S,T,2024-07-23,1000000.00,4.298368,100.2108355
08:01:09,91282CKZ3,TSRYS5842943,D,S,T,2024-07-23,2000000.00,4.298332,100.2109375
08:01:09,91282CKZ3,TSRYS5842943,D,S,T,2024-07-23,1000000.00,4.298332,100.2109375
08:01:09,91282CKZ3,TSRYS5842943,D,S,T,2024-07-23,1000000.00,4.298332,100.2109375
08:01:09,91282CKZ3,TSRYS5842943,D,S,T,2024-07-23,1000000.00,4.298368,100.2108355
08:01:09,91282CKZ3,TSRYS5842943,D,S,T,2024-07-23,1000000.00,4.298368,100.2108355
08:01:10,91282CKZ3,TSRYS5842943,D,S,T,2024-07-23,1000000.00,4.298368,100.2108355
08:01:10,91282CKZ3,TSRYS5842943,D,S,T,2024-07-23,1000000.00,4.298368,100.2108355
08:01:10,91282CKZ3,TSRYS5842943,D,S,T,2024-07-23,2000000.00,4.298368,100.2108355
08:01:10,91282CKZ3,TSRYS5842943,D,S,T,2024-07-23,1000000.00,4.298368,100.2108355
08:01:10,91282CKZ3,TSRYS5842943,D,S,T,2024-07-23,1000000.00,4.298368,100.2108355
08:01:10,91282CKZ3,TSRYS5842943,D,B,A,2024-07-23,60000000.00,4.287049,100.2421875
08:01:10,91282CKZ3,TSRYS5842943,D,S,T,2024-07-23,9000000.00,4.296958,100.21474175
08:01:10,91282CKZ3,TSRYS5842943,D,S,T,2024-07-23,1000000.00,4.296958,100.21474175
08:01:10,91282CKZ3,TSRYS5842943,D,S,T,2024-07-23,1000000.00,4.296958,100.21474175
08:01:10,91282CKZ3,TSRYS5842943,D,S,T,2024-07-23,1000000.00,4.29551,100.21875
08:01:10,91282CKZ3,TSRYS5842943,D,S,T,2024-07-23,1000000.00,4.29551,100.21875
08:01:10,91282CKZ3,TSRYS5842943,D,S,T,2024-07-23,1000000.00,4.295547,100.218648
08:01:10,91282CKZ3,TSRYS5842943,D,S,T,2024-07-23,1000000.00,4.295547,100.218648
08:01:10,91282CKZ3,TSRYS5842943,D,S,T,2024-07-23,1000000.00,4.295547,100.218648
08:01:10,91282CKZ3,TSRYS5842943,D,S,T,2024-07-23,1000000.00,4.295547,100.218648
08:01:10,91282CKZ3,TSRYS5842943,D,S,T,2024-07-23,2000000.00,4.29551,100.21875
08:01:10,91282CKZ3,TSRYS5842943,D,S,T,2024-07-23,1000000.00,4.295547,100.218648
08:01:10,91282CKZ3,TSRYS5842943,D,S,T,2024-07-23,1000000.00,4.29551,100.21875
08:01:10,91282CKZ3,TSRYS5842943,D,S,T,2024-07-23,1000000.00,4.295547,100.218648
08:01:10,91282CKZ3,TSRYS5842943,D,S,T,2024-07-23,1000000.00,4.295547,100.218648
08:01:10,91282CKZ3,TSRYS5842943,D,S,T,2024-07-23,1000000.00,4.29551,100.21875
08:01:10,91282CKZ3,TSRYS5842943,D,S,D,2024-07-23,6000000.00,4.286796,100.2428875
08:01:10,91282CKZ3,TSRYS5842943,D,S,D,2024-07-23,3000000.00,4.286796,100.2428875
08:01:10,91282CKZ3,TSRYS5842943,D,S,T,2024-07-23,1000000.00,4.295547,100.218648
08:01:10,91282CKZ3,TSRYS5842943,D,S,D,2024-07-23,5000000.00,4.288206,100.2389813
08:01:10,91282CKZ3,TSRYS5842943,D,S,T,2024-07-23,1000000.00,4.295547,100.218648
08:01:11,91282CKZ3,TSRYS5842943,D,S,T,2024-07-23,1000000.00,4.295547,100.218648
08:01:11,91282CKZ3,TSRYS5842943,D,S,T,2024-07-23,1000000.00,4.295547,100.218648
08:01:11,91282CKZ3,TSRYS5842943,D,S,T,2024-07-23,1000000.00,4.295547,100.218648
08:01:11,91282CKZ3,TSRYS5842943,D,S,T,2024-07-23,1000000.00,4.295547,100.218648
08:01:11,91282CKZ3,TSRYS5842943,D,S,T,2024-07-23,1000000.00,4.295547,100.218648
08:01:11,91282CKZ3,TSRYS5842943,D,S,T,2024-07-23,1000000.00,4.295547,100.218648
08:01:11,91282CKZ3,TSRYS5842943,D,S,T,2024-07-23,1000000.00,4.295547,100.218648
08:01:11,91282CKZ3,TSRYS5842943,D,S,T,2024-07-23,2000000.00,4.295547,100.218648
08:01:11,91282CKZ3,TSRYS5842943,D,S,T,2024-07-23,1000000.00,4.295547,100.218648
08:01:11,91282CKZ3,TSRYS5842943,D,S,T,2024-07-23,1000000.00,4.295547,100.218648
08:01:11,91282CKZ3,TSRYS5842943,D,S,T,2024-07-23,1000000.00,4.295547,100.218648
08:01:11,91282CKZ3,TSRYS5842943,D,S,T,2024-07-23,1000000.00,4.295547,100.218648
08:01:11,91282CKZ3,TSRYS5842943,D,S,T,2024-07-23,1000000.00,4.295547,100.218648
08:01:11,91282CKZ3,TSRYS5842943,D,B,C,2024-07-23,1000000.00,4.284934,100.248046875
08:01:11,91282CKZ3,TSRYS5842943,D,S,C,2024-07-23,1000000.00,4.284934,100.248246875
08:01:11,91282CKZ3,TSRYS5842943,D,B,C,2024-07-23,1000000.00,4.284229,100.25
08:01:11,91282CKZ3,TSRYS5842943,D,S,C,2024-07-23,1000000.00,4.284229,100.2502
08:01:11,91282CKZ3,TSRYS5842943,D,S,C,2024-07-23,1000000.00,4.284229,100.2502
08:01:11,91282CKZ3,TSRYS5842943,D,S,C,2024-07-23,1000000.00,4.283524,100.252153125
08:01:11,91282CKZ3,TSRYS5842943,D,B,C,2024-07-23,1000000.00,4.283524,100.251778125
08:01:11,91282CKZ3,TSRYS5842943,D,S,C,2024-07-23,1000000.00,4.283524,100.252153125
08:01:12,91282CKZ3,TSRYS5842943,D,S,T,2024-07-23,2000000.00,4.279294,100.263671875
08:01:12,91282CKZ3,TSRYS5842943,D,S,T,2024-07-23,1000000.00,4.279294,100.263671875
08:01:12,91282CKZ3,TSRYS5842943,D,S,T,2024-07-23,2000000.00,4.279999,100.26171875
08:01:12,91282CKZ3,TSRYS5842943,D,S,T,2024-07-23,5000000.00,4.279999,100.26171875
08:01:12,91282CKZ3,TSRYS5842943,D,S,T,2024-07-23,5000000.00,4.279999,100.26171875
08:01:13,91282CKZ3,TSRYS5842943,D,S,T,2024-07-23,1000000.00,4.279999,100.26171875
08:01:13,91282CKZ3,TSRYS5842943,D,S,T,2024-07-23,1000000.00,4.279999,100.26171875
08:01:13,91282CKZ3,TSRYS5842943,D,S,T,2024-07-23,3000000.00,4.279999,100.26171875
08:01:13,91282CKZ3,TSRYS5842943,D,S,T,2024-07-23,1000000.00,4.279999,100.26171875
08:01:13,91282CKZ3,TSRYS5842943,D,S,T,2024-07-23,1000000.00,4.279999,100.26171875
08:01:13,91282CKZ3,TSRYS5842943,D,S,T,2024-07-23,1000000.00,4.279999,100.26171875
08:01:13,91282CKZ3,TSRYS5842943,D,S,T,2024-07-23,1000000.00,4.279999,100.26171875
08:01:13,91282CKZ3,TSRYS5842943,D,S,T,2024-07-23,2000000.00,4.279999,100.26171875
08:01:13,91282CKZ3,TSRYS5842943,D,S,T,2024-07-23,1000000.00,4.279999,100.26171875
08:01:13,91282CKZ3,TSRYS5842943,D,S,D,2024-07-23,1000000.00,4.282819,100.25390625
08:01:13,91282CKZ3,TSRYS5842943,D,B,C,2024-07-23,1000000.00,4.282819,100.25390625
08:01:15,91282CKZ3,TSRYS5842943,D,S,D,2024-07-23,2000000.00,4.288459,100.23828125
08:01:15,91282CKZ3,TSRYS5842943,D,S,D,2024-07-23,5000000.00,4.288459,100.23828125
08:01:15,91282CKZ3,TSRYS5842943,D,S,D,2024-07-23,8800000.00,4.194127,100.5
08:01:15,91282CKZ3,TSRYS5842943,D,B,C,2024-07-23,1000000.00,4.288459,100.23828125
08:01:15,91282CKZ3,TSRYS5842943,D,S,C,2024-07-23,1000000.00,4.288459,100.23828125
08:01:15,91282CKZ3,TSRYS5842943,D,S,D,2024-07-23,8400000.00,4.194127,100.5
08:01:15,91282CKZ3,TSRYS5842943,D,S,D,2024-07-23,8400000.00,4.194127,100.5
08:01:15,91282CKZ3,TSRYS5842943,D,S,T,2024-07-23,2000000.00,4.291326,100.23033875
08:01:15,91282CKZ3,TSRYS5842943,D,S,T,2024-07-23,1000000.00,4.291326,100.23033875
08:01:15,91282CKZ3,TSRYS5842943,D,S,D,2024-07-23,2000000.00,4.287049,100.2421875
08:01:15,91282CKZ3,TSRYS5842943,D,S,D,2024-07-23,1000000.00,4.287049,100.2421875
08:01:15,91282CKZ3,TSRYS5842943,D,S,D,2024-07-23,1000000.00,4.287049,100.2421875
08:01:15,91282CKZ3,TSRYS5842943,D,S,D,2024-07-23,2000000.00,4.287049,100.2421875
08:01:15,91282CKZ3,TSRYS5842943,D,S,D,2024-07-23,1000000.00,4.287049,100.2421875
08:01:15,91282CKZ3,TSRYS5842943,D,S,D,2024-07-23,1000000.00,4.287049,100.2421875
08:01:15,91282CKZ3,TSRYS5842943,D,S,D,2024-07-23,1000000.00,4.287049,100.2421875
08:01:16,91282CKZ3,TSRYS5842943,D,S,D,2024-07-23,2000000.00,4.285639,100.24609375
08:01:16,91282CKZ3,TSRYS5842943,D,S,D,2024-07-23,2000000.00,4.285639,100.24609375
08:01:16,91282CKZ3,TSRYS5842943,D,B,C,2024-07-23,3000000.00,4.285639,100.24609375
08:01:16,91282CKZ3,TSRYS5842943,D,S,D,2024-07-23,2000000.00,4.285639,100.24609375
08:01:16,91282CKZ3,TSRYS5842943,D,S,D,2024-07-23,3000000.00,4.285639,100.24609375
08:01:16,91282CKZ3,TSRYS5842943,D,B,C,2024-07-23,2000000.00,4.285639,100.24609375
08:01:16,91282CKZ3,TSRYS5842943,D,S,D,2024-07-23,1000000.00,4.285639,100.24609375
08:01:16,91282CKZ3,TSRYS5842943,D,B,C,2024-07-23,1000000.00,4.285639,100.24609375
08:01:16,91282CKZ3,TSRYS5842943,D,S,D,2024-07-23,1000000.00,4.287049,100.2421875
08:01:16,91282CKZ3,TSRYS5842943,D,S,C,2024-07-23,1000000.00,4.287049,100.2421875
08:01:16,91282CKZ3,TSRYS5842943,D,B,C,2024-07-23,68000000.00,4.285333,100.24694
08:01:16,91282CKZ3,TSRYS5842943,D,S,D,2024-07-23,1000000.00,4.287049,100.2421875
08:01:16,91282CKZ3,TSRYS5842943,D,B,C,2024-07-23,2000000.00,4.287754,100.24023437
08:01:16,91282CKZ3,TSRYS5842943,D,S,D,2024-07-23,1000000.00,4.282114,100.255859375
08:01:16,91282CKZ3,TSRYS5842943,D,S,D,2024-07-23,1000000.00,4.282114,100.255859375
08:01:16,91282CKZ3,TSRYS5842943,D,S,D,2024-07-23,1000000.00,4.286344,100.244140625
08:01:17,91282CKZ3,TSRYS5842943,D,S,T,2024-07-23,1000000.00,4.279294,100.263671875
08:01:17,91282CKZ3,TSRYS5842943,D,B,C,2024-07-23,1000000.00,4.283524,100.251953125
08:01:17,91282CKZ3,TSRYS5842943,D,S,D,2024-07-23,1000000.00,4.286344,100.244140625
08:01:17,91282CKZ3,TSRYS5842943,D,S,D,2024-07-23,1000000.00,4.283524,100.251953125
08:01:17,91282CKZ3,TSRYS5842943,D,S,T,2024-07-23,1000000.00,4.280704,100.259765625
08:01:17,91282CKZ3,TSRYS5842943,D,S,T,2024-07-23,1000000.00,4.280704,100.259765625
08:01:17,91282CKZ3,TSRYS5842943,D,S,T,2024-07-23,1000000.00,4.279999,100.26171875
08:01:17,91282CKZ3,TSRYS5842943,D,S,D,2024-07-23,1000000.00,4.286344,100.244140625
08:01:17,91282CKZ3,TSRYS5842943,D,S,D,2024-07-23,1000000.00,4.286344,100.244140625
08:01:17,91282CKZ3,TSRYS5842943,D,S,T,2024-07-23,2000000.00,4.280704,100.259765625
08:01:17,91282CKZ3,TSRYS5842943,D,S,T,2024-07-23,1000000.00,4.279999,100.26171875
08:01:17,91282CKZ3,TSRYS5842943,D,S,T,2024-07-23,1000000.00,4.280704,100.259765625
08:01:17,91282CKZ3,TSRYS5842943,D,S,T,2024-07-23,2000000.00,4.280704,100.259765625
08:01:17,91282CKZ3,TSRYS5842943,D,S,T,2024-07-23,3000000.00,4.280704,100.259765625
08:01:17,91282CKZ3,TSRYS5842943,D,S,T,2024-07-23,3000000.00,4.283524,100.25195312
08:01:17,91282CKZ3,TSRYS5842943,D,S,T,2024-07-23,5000000.00,4.280704,100.259765625
08:01:17,91282CKZ3,TSRYS5842943,D,S,T,2024-07-23,2000000.00,4.280704,100.259765625
08:01:17,91282CKZ3,TSRYS5842943,D,S,T,2024-07-23,1000000.00,4.280704,100.259765625
08:01:17,91282CKZ3,TSRYS5842943,D,S,T,2024-07-23,2000000.00,4.280704,100.259765625
08:01:17,91282CKZ3,TSRYS5842943,D,S,T,2024-07-23,1000000.00,4.280704,100.259765625
08:01:17,91282CKZ3,TSRYS5842943,D,S,T,2024-07-23,2000000.00,4.280704,100.259765625
08:01:17,91282CKZ3,TSRYS5842943,D,S,T,2024-07-23,1000000.00,4.280704,100.259765625
08:01:17,91282CKZ3,TSRYS5842943,D,S,C,2024-07-23,10000.00,4.283168,100.252937
08:01:17,91282CKZ3,TSRYS5842943,D,S,T,2024-07-23,1000000.00,4.280704,100.259765625
08:01:17,91282CKZ3,TSRYS5842943,D,S,T,2024-07-23,9000000.00,4.280704,100.259765625
08:01:17,91282CKZ3,TSRYS5842943,D,S,C,2024-07-23,30000000.00,4.286272,100.24434
08:01:17,91282CKZ3,TSRYS5842943,D,S,C,2024-07-23,1000000.00,4.283524,100.25195312
08:01:17,91282CKZ3,TSRYS5842943,D,S,C,2024-07-23,1000000.00,4.283524,100.25195312
08:01:17,91282CKZ3,TSRYS5842943,D,S,D,2024-07-23,2000000.00,4.284229,100.25
08:01:18,91282CKZ3,TSRYS5842943,D,B,C,2024-07-23,2000000.00,4.289869,100.234375
08:01:18,91282CKZ3,TSRYS5842943,D,B,C,2024-07-23,1000000.00,4.285639,100.24609375
08:01:18,91282CKZ3,TSRYS5842943,D,B,C,2024-07-23,2000000.00,4.285639,100.24609375
08:01:18,91282CKZ3,TSRYS5842943,D,B,C,2024-07-23,1000000.00,4.283524,100.25195312
08:01:19,91282CKZ3,TSRYS5842943,D,B,C,2024-07-23,3000000.00,4.291279,100.23046875
08:01:19,91282CKZ3,TSRYS5842943,D,B,C,2024-07-23,2000000.00,4.284229,100.25
08:01:19,91282CKZ3,TSRYS5842943,D,S,D,2024-07-23,1000000.00,4.287754,100.24023437
08:01:19,91282CKZ3,TSRYS5842943,D,B,C,2024-07-23,1000000.00,4.287754,100.24023437
08:01:20,91282CKZ3,TSRYS5842943,D,S,T,2024-07-23,1000000.00,4.287103,100.2420375
08:01:20,91282CKZ3,TSRYS5842943,D,S,T,2024-07-23,1000000.00,4.294137,100.22255425
08:01:20,91282CKZ3,TSRYS5842943,D,S,D,2024-07-23,1000000.00,4.287754,100.24023437
08:01:20,91282CKZ3,TSRYS5842943,D,S,T,2024-07-23,1000000.00,4.294137,100.22255425
08:01:20,91282CKZ3,TSRYS5842943,D,S,T,2024-07-23,1000000.00,4.294137,100.22255425
08:01:20,91282CKZ3,TSRYS5842943,D,S,T,2024-07-23,1000000.00,4.294137,100.22255425
08:01:20,91282CKZ3,TSRYS5842943,D,S,T,2024-07-23,1000000.00,4.294137,100.22255425
