tradeTime,cusip,issueSymbolIdentifier,priceType,reportingSideCode,contraPartyTypeCode,tradeDate,reportedTradeVolume,lastSaleYield,lastSalePrice
08:00:03,91282CKR1,TSRYS5802848,D,S,D,2024-05-29,2000000.00,4.759679,99.2890625
08:00:03,91282CKR1,TSRYS5802848,D,S,D,2024-05-29,1000000.00,4.766864,99.26953125
08:00:03,91282CKR1,TSRYS5802848,D,S,T,2024-05-29,4000000.00,4.767582,99.267578125
08:00:03,91282CKR1,TSRYS5802848,D,S,D,2024-05-29,1000000.00,4.771175,99.2578125
08:00:03,91282CKR1,TSRYS5802848,D,S,T,2024-05-29,1000000.00,4.771175,99.2578125
08:00:03,91282CKR1,TSRYS5802848,D,S,D,2024-05-29,2000000.00,4.759679,99.2890625
08:00:03,91282CKR1,TSRYS5802848,D,S,D,2024-05-29,1000000.00,4.766864,99.26953125
08:00:03,91282CKR1,TSRYS5802848,D,S,T,2024-05-29,4000000.00,4.767582,99.267578125
08:00:03,91282CKR1,TSRYS5802848,D,S,D,2024-05-29,1000000.00,4.771175,99.2578125
08:00:03,91282CKR1,TSRYS5802848,D,S,T,2024-05-29,1000000.00,4.771175,99.2578125
08:00:07,91282CKR1,TSRYS5802848,D,S,T,2024-05-29,3000000.00,4.768301,99.265625
08:00:07,91282CKR1,TSRYS5802848,D,S,D,2024-05-29,1000000.00,4.768301,99.265625
08:00:07,91282CKR1,TSRYS5802848,D,S,D,2024-05-29,1000000.00,4.765427,99.2734375
08:00:07,91282CKR1,TSRYS5802848,D,S,D,2024-05-29,4000000.00,4.766864,99.26953125
08:00:07,91282CKR1,TSRYS5802848,D,S,D,2024-05-29,3000000.00,4.765427,99.2734375
08:00:07,91282CKR1,TSRYS5802848,D,S,D,2024-05-29,1000000.00,4.765427,99.2734375
08:00:07,91282CKR1,TSRYS5802848,D,S,D,2024-05-29,1000000.00,4.765427,99.2734375
08:00:07,91282CKR1,TSRYS5802848,D,S,D,2024-05-29,1000000.00,4.765427,99.2734375
08:00:07,91282CKR1,TSRYS5802848,D,S,D,2024-05-29,1000000.00,4.765427,99.2734375
08:00:07,91282CKR1,TSRYS5802848,D,S,D,2024-05-29,1000000.00,4.765427,99.2734375
08:00:07,91282CKR1,TSRYS5802848,D,S,D,2024-05-29,1000000.00,4.762553,99.28125
08:00:07,91282CKR1,TSRYS5802848,D,S,D,2024-05-29,4000000.00,4.765427,99.2734375
08:00:07,91282CKR1,TSRYS5802848,D,S,D,2024-05-29,2000000.00,4.768301,99.265625
08:00:07,91282CKR1,TSRYS5802848,D,S,D,2024-05-29,3000000.00,4.768301,99.265625
08:00:07,91282CKR1,TSRYS5802848,D,S,D,2024-05-29,2000000.00,4.768301,99.265625
08:00:07,91282CKR1,TSRYS5802848,D,S,D,2024-05-29,1000000.00,4.767582,99.267578125
08:00:07,91282CKR1,TSRYS5802848,D,S,T,2024-05-29,4000000.00,4.763271,99.279296875
08:00:07,91282CKR1,TSRYS5802848,D,S,T,2024-05-29,1000000.00,4.763271,99.279296875
08:00:07,91282CKR1,TSRYS5802848,D,S,T,2024-05-29,2000000.00,4.763271,99.279296875
08:00:07,91282CKR1,TSRYS5802848,D,S,T,2024-05-29,2000000.00,4.763271,99.279296875
08:00:07,91282CKR1,TSRYS5802848,D,S,T,2024-05-29,3000000.00,4.763271,99.279296875
08:00:07,91282CKR1,TSRYS5802848,D,S,T,2024-05-29,2000000.00,4.763271,99.279296875
08:00:07,91282CKR1,TSRYS5802848,D,S,T,2024-05-29,1000000.00,4.763271,99.279296875
08:00:07,91282CKR1,TSRYS5802848,D,S,T,2024-05-29,1000000.00,4.763271,99.279296875
08:00:07,91282CKR1,TSRYS5802848,D,S,T,2024-05-29,4000000.00,4.76399,99.27734375
08:00:07,91282CKR1,TSRYS5802848,D,S,T,2024-05-29,1000000.00,4.76399,99.27734375
08:00:07,91282CKR1,TSRYS5802848,D,S,T,2024-05-29,4000000.00,4.76399,99.27734375
08:00:07,91282CKR1,TSRYS5802848,D,S,T,2024-05-29,4000000.00,4.76399,99.27734375
08:00:07,91282CKR1,TSRYS5802848,D,S,T,2024-05-29,1000000.00,4.76399,99.27734375
08:00:07,91282CKR1,TSRYS5802848,D,S,D,2024-05-29,1000000.00,4.763271,99.279296875
08:00:07,91282CKR1,TSRYS5802848,D,S,D,2024-05-29,4000000.00,4.766145,99.271484375
08:00:07,91282CKR1,TSRYS5802848,D,S,D,2024-05-29,2000000.00,4.765427,99.2734375
08:00:07,91282CKR1,TSRYS5802848,D,S,T,2024-05-29,2000000.00,4.763271,99.279296875
08:00:07,91282CKR1,TSRYS5802848,D,S,D,2024-05-29,2000000.00,4.763271,99.279296875
08:00:07,91282CKR1,TSRYS5802848,D,S,D,2024-05-29,2000000.00,4.758242,99.29296875
08:00:07,91282CKR1,TSRYS5802848,D,S,T,2024-05-29,4000000.00,4.763271,99.279296875
08:00:07,91282CKR1,TSRYS5802848,D,S,D,2024-05-29,1000000.00,4.771175,99.2578125
08:00:07,91282CKR1,TSRYS5802848,D,S,D,2024-05-29,2000000.00,4.771175,99.2578125
08:00:07,91282CKR1,TSRYS5802848,D,S,D,2024-05-29,2000000.00,4.771175,99.2578125
08:00:07,91282CKR1,TSRYS5802848,D,S,D,2024-05-29,1000000.00,4.771175,99.2578125
08:00:07,91282CKR1,TSRYS5802848,D,S,D,2024-05-29,2000000.00,4.771175,99.2578125
08:00:07,91282CKR1,TSRYS5802848,D,S,D,2024-05-29,2000000.00,4.770457,99.259765625
08:00:07,91282CKR1,TSRYS5802848,D,S,D,2024-05-29,2000000.00,4.770457,99.259765625
08:00:07,91282CKR1,TSRYS5802848,D,S,D,2024-05-29,2000000.00,4.770457,99.259765625
08:00:07,91282CKR1,TSRYS5802848,D,S,D,2024-05-29,1000000.00,4.770457,99.259765625
08:00:07,91282CKR1,TSRYS5802848,D,S,D,2024-05-29,2000000.00,4.770457,99.259765625
08:00:07,91282CKR1,TSRYS5802848,D,S,D,2024-05-29,1000000.00,4.770457,99.259765625
08:00:07,91282CKR1,TSRYS5802848,D,S,D,2024-05-29,2000000.00,4.770457,99.259765625
08:00:07,91282CKR1,TSRYS5802848,D,S,D,2024-05-29,2000000.00,4.770457,99.259765625
08:00:07,91282CKR1,TSRYS5802848,D,S,D,2024-05-29,2000000.00,4.770457,99.259765625
08:00:07,91282CKR1,TSRYS5802848,D,S,D,2024-05-29,3000000.00,4.770457,99.259765625
08:00:07,91282CKR1,TSRYS5802848,D,S,D,2024-05-29,1000000.00,4.770457,99.259765625
08:00:07,91282CKR1,TSRYS5802848,D,S,D,2024-05-29,2000000.00,4.770457,99.259765625
08:00:07,91282CKR1,TSRYS5802848,D,S,T,2024-05-29,1000000.00,4.770457,99.259765625
08:00:07,91282CKR1,TSRYS5802848,D,S,T,2024-05-29,1000000.00,4.770457,99.259765625
08:00:07,91282CKR1,TSRYS5802848,D,S,D,2024-05-29,3000000.00,4.770457,99.259765625
08:00:07,91282CKR1,TSRYS5802848,D,S,D,2024-05-29,2000000.00,4.770457,99.259765625
08:00:07,91282CKR1,TSRYS5802848,D,S,D,2024-05-29,2000000.00,4.770457,99.259765625
08:00:07,91282CKR1,TSRYS5802848,D,S,T,2024-05-29,1000000.00,4.769738,99.26171875
08:00:07,91282CKR1,TSRYS5802848,D,S,D,2024-05-29,2000000.00,4.769738,99.26171875
08:00:07,91282CKR1,TSRYS5802848,D,S,D,2024-05-29,2000000.00,4.769738,99.26171875
08:00:07,91282CKR1,TSRYS5802848,D,S,D,2024-05-29,1000000.00,4.769738,99.26171875
08:00:07,91282CKR1,TSRYS5802848,D,S,D,2024-05-29,3000000.00,4.769738,99.26171875
08:00:07,91282CKR1,TSRYS5802848,D,S,D,2024-05-29,1000000.00,4.769738,99.26171875
08:00:07,91282CKR1,TSRYS5802848,D,S,D,2024-05-29,3000000.00,4.769738,99.26171875
08:00:07,91282CKR1,TSRYS5802848,D,S,D,2024-05-29,3000000.00,4.769738,99.26171875
08:00:07,91282CKR1,TSRYS5802848,D,S,D,2024-05-29,3000000.00,4.769738,99.26171875
08:00:07,91282CKR1,TSRYS5802848,D,S,D,2024-05-29,3000000.00,4.768301,99.265625
08:00:07,91282CKR1,TSRYS5802848,D,S,D,2024-05-29,3000000.00,4.768301,99.265625
08:00:07,91282CKR1,TSRYS5802848,D,S,D,2024-05-29,2000000.00,4.768301,99.265625
08:00:07,91282CKR1,TSRYS5802848,D,S,D,2024-05-29,3000000.00,4.768301,99.265625
08:00:07,91282CKR1,TSRYS5802848,D,S,D,2024-05-29,2000000.00,4.768301,99.265625
08:00:07,91282CKR1,TSRYS5802848,D,S,D,2024-05-29,2000000.00,4.768301,99.265625
08:00:07,91282CKR1,TSRYS5802848,D,S,D,2024-05-29,1000000.00,4.776925,99.2421875
08:00:07,91282CKR1,TSRYS5802848,D,S,T,2024-05-29,2000000.00,4.776925,99.2421875
08:00:07,91282CKR1,TSRYS5802848,D,S,T,2024-05-29,1000000.00,4.776206,99.244140625
08:00:07,91282CKR1,TSRYS5802848,D,S,T,2024-05-29,1000000.00,4.769738,99.26171875
08:00:07,91282CKR1,TSRYS5802848,D,S,T,2024-05-29,1000000.00,4.765427,99.2734375
08:00:07,91282CKR1,TSRYS5802848,D,S,T,2024-05-29,1000000.00,4.762553,99.28125
08:00:07,91282CKR1,TSRYS5802848,D,S,T,2024-05-29,1000000.00,4.76399,99.27734375
08:00:07,91282CKR1,TSRYS5802848,D,S,T,2024-05-29,1000000.00,4.758242,99.29296875
08:00:07,91282CKR1,TSRYS5802848,D,S,T,2024-05-29,1000000.00,4.76399,99.27734375
08:00:07,91282CKR1,TSRYS5802848,D,S,T,2024-05-29,1000000.00,4.758242,99.29296875
08:00:07,91282CKR1,TSRYS5802848,D,S,T,2024-05-29,2000000.00,4.761116,99.28515625
08:00:07,91282CKR1,TSRYS5802848,D,S,T,2024-05-29,3000000.00,4.76399,99.27734375
08:00:07,91282CKR1,TSRYS5802848,D,S,T,2024-05-29,1000000.00,4.762553,99.28125
08:00:07,91282CKR1,TSRYS5802848,D,S,T,2024-05-29,1000000.00,4.765427,99.2734375
08:00:07,91282CKR1,TSRYS5802848,D,S,T,2024-05-29,1000000.00,4.775488,99.24609375
08:00:07,91282CKR1,TSRYS5802848,D,S,T,2024-05-29,3000000.00,4.768301,99.265625
08:00:07,91282CKR1,TSRYS5802848,D,S,D,2024-05-29,1000000.00,4.768301,99.265625
08:00:07,91282CKR1,TSRYS5802848,D,S,D,2024-05-29,1000000.00,4.765427,99.2734375
08:00:07,91282CKR1,TSRYS5802848,D,S,D,2024-05-29,4000000.00,4.766864,99.26953125
08:00:07,91282CKR1,TSRYS5802848,D,S,D,2024-05-29,3000000.00,4.765427,99.2734375
08:00:07,91282CKR1,TSRYS5802848,D,S,D,2024-05-29,1000000.00,4.765427,99.2734375
08:00:07,91282CKR1,TSRYS5802848,D,S,D,2024-05-29,1000000.00,4.765427,99.2734375
08:00:07,91282CKR1,TSRYS5802848,D,S,D,2024-05-29,1000000.00,4.765427,99.2734375
08:00:07,91282CKR1,TSRYS5802848,D,S,D,2024-05-29,1000000.00,4.765427,99.2734375
08:00:07,91282CKR1,TSRYS5802848,D,S,D,2024-05-29,1000000.00,4.765427,99.2734375
08:00:07,91282CKR1,TSRYS5802848,D,S,D,2024-05-29,1000000.00,4.762553,99.28125
08:00:07,91282CKR1,TSRYS5802848,D,S,D,2024-05-29,4000000.00,4.765427,99.2734375
08:00:07,91282CKR1,TSRYS5802848,D,S,D,2024-05-29,2000000.00,4.768301,99.265625
08:00:07,91282CKR1,TSRYS5802848,D,S,D,2024-05-29,3000000.00,4.768301,99.265625
08:00:07,91282CKR1,TSRYS5802848,D,S,D,2024-05-29,2000000.00,4.768301,99.265625
08:00:07,91282CKR1,TSRYS5802848,D,S,D,2024-05-29,1000000.00,4.767582,99.267578125
08:00:07,91282CKR1,TSRYS5802848,D,S,T,2024-05-29,4000000.00,4.763271,99.279296875
08:00:07,91282CKR1,TSRYS5802848,D,S,T,2024-05-29,1000000.00,4.763271,99.279296875
08:00:07,91282CKR1,TSRYS5802848,D,S,T,2024-05-29,2000000.00,4.763271,99.279296875
08:00:07,91282CKR1,TSRYS5802848,D,S,T,2024-05-29,2000000.00,4.763271,99.279296875
08:00:07,91282CKR1,TSRYS5802848,D,S,T,2024-05-29,3000000.00,4.763271,99.279296875
08:00:07,91282CKR1,TSRYS5802848,D,S,T,2024-05-29,2000000.00,4.763271,99.279296875
08:00:07,91282CKR1,TSRYS5802848,D,S,T,2024-05-29,1000000.00,4.763271,99.279296875
08:00:07,91282CKR1,TSRYS5802848,D,S,T,2024-05-29,1000000.00,4.763271,99.279296875
08:00:07,91282CKR1,TSRYS5802848,D,S,T,2024-05-29,4000000.00,4.76399,99.27734375
08:00:07,91282CKR1,TSRYS5802848,D,S,T,2024-05-29,1000000.00,4.76399,99.27734375
08:00:07,91282CKR1,TSRYS5802848,D,S,T,2024-05-29,4000000.00,4.76399,99.27734375
08:00:07,91282CKR1,TSRYS5802848,D,S,T,2024-05-29,4000000.00,4.76399,99.27734375
08:00:07,91282CKR1,TSRYS5802848,D,S,T,2024-05-29,1000000.00,4.76399,99.27734375
08:00:07,91282CKR1,TSRYS5802848,D,S,D,2024-05-29,1000000.00,4.763271,99.279296875
08:00:07,91282CKR1,TSRYS5802848,D,S,D,2024-05-29,4000000.00,4.766145,99.271484375
08:00:07,91282CKR1,TSRYS5802848,D,S,D,2024-05-29,2000000.00,4.765427,99.2734375
08:00:07,91282CKR1,TSRYS5802848,D,S,T,2024-05-29,2000000.00,4.763271,99.279296875
08:00:07,91282CKR1,TSRYS5802848,D,S,D,2024-05-29,2000000.00,4.763271,99.279296875
08:00:07,91282CKR1,TSRYS5802848,D,S,D,2024-05-29,2000000.00,4.758242,99.29296875
08:00:07,91282CKR1,TSRYS5802848,D,S,T,2024-05-29,4000000.00,4.763271,99.279296875
08:00:07,91282CKR1,TSRYS5802848,D,S,D,2024-05-29,1000000.00,4.771175,99.2578125
08:00:07,91282CKR1,TSRYS5802848,D,S,D,2024-05-29,2000000.00,4.771175,99.2578125
08:00:07,91282CKR1,TSRYS5802848,D,S,D,2024-05-29,2000000.00,4.771175,99.2578125
08:00:07,91282CKR1,TSRYS5802848,D,S,D,2024-05-29,1000000.00,4.771175,99.2578125
08:00:07,91282CKR1,TSRYS5802848,D,S,D,2024-05-29,2000000.00,4.771175,99.2578125
08:00:07,91282CKR1,TSRYS5802848,D,S,D,2024-05-29,2000000.00,4.770457,99.259765625
08:00:07,91282CKR1,TSRYS5802848,D,S,D,2024-05-29,2000000.00,4.770457,99.259765625
08:00:07,91282CKR1,TSRYS5802848,D,S,D,2024-05-29,2000000.00,4.770457,99.259765625
08:00:07,91282CKR1,TSRYS5802848,D,S,D,2024-05-29,1000000.00,4.770457,99.259765625
08:00:07,91282CKR1,TSRYS5802848,D,S,D,2024-05-29,2000000.00,4.770457,99.259765625
08:00:07,91282CKR1,TSRYS5802848,D,S,D,2024-05-29,1000000.00,4.770457,99.259765625
08:00:07,91282CKR1,TSRYS5802848,D,S,D,2024-05-29,2000000.00,4.770457,99.259765625
08:00:07,91282CKR1,TSRYS5802848,D,S,D,2024-05-29,2000000.00,4.770457,99.259765625
08:00:07,91282CKR1,TSRYS5802848,D,S,D,2024-05-29,2000000.00,4.770457,99.259765625
08:00:07,91282CKR1,TSRYS5802848,D,S,D,2024-05-29,3000000.00,4.770457,99.259765625
08:00:07,91282CKR1,TSRYS5802848,D,S,D,2024-05-29,1000000.00,4.770457,99.259765625
08:00:07,91282CKR1,TSRYS5802848,D,S,D,2024-05-29,2000000.00,4.770457,99.259765625
08:00:07,91282CKR1,TSRYS5802848,D,S,T,2024-05-29,1000000.00,4.770457,99.259765625
08:00:07,91282CKR1,TSRYS5802848,D,S,T,2024-05-29,1000000.00,4.770457,99.259765625
08:00:07,91282CKR1,TSRYS5802848,D,S,D,2024-05-29,3000000.00,4.770457,99.259765625
08:00:07,91282CKR1,TSRYS5802848,D,S,D,2024-05-29,2000000.00,4.770457,99.259765625
08:00:07,91282CKR1,TSRYS5802848,D,S,D,2024-05-29,2000000.00,4.770457,99.259765625
08:00:07,91282CKR1,TSRYS5802848,D,S,T,2024-05-29,1000000.00,4.769738,99.26171875
08:00:07,91282CKR1,TSRYS5802848,D,S,D,2024-05-29,2000000.00,4.769738,99.26171875
08:00:07,91282CKR1,TSRYS5802848,D,S,D,2024-05-29,2000000.00,4.769738,99.26171875
08:00:07,91282CKR1,TSRYS5802848,D,S,D,2024-05-29,1000000.00,4.769738,99.26171875
08:00:07,91282CKR1,TSRYS5802848,D,S,D,2024-05-29,3000000.00,4.769738,99.26171875
08:00:07,91282CKR1,TSRYS5802848,D,S,D,2024-05-29,1000000.00,4.769738,99.26171875
08:00:07,91282CKR1,TSRYS5802848,D,S,D,2024-05-29,3000000.00,4.769738,99.26171875
08:00:07,91282CKR1,TSRYS5802848,D,S,D,2024-05-29,3000000.00,4.769738,99.26171875
08:00:07,91282CKR1,TSRYS5802848,D,S,D,2024-05-29,3000000.00,4.769738,99.26171875
08:00:07,91282CKR1,TSRYS5802848,D,S,D,2024-05-29,3000000.00,4.768301,99.265625
08:00:07,91282CKR1,TSRYS5802848,D,S,D,2024-05-29,3000000.00,4.768301,99.265625
08:00:07,91282CKR1,TSRYS5802848,D,S,D,2024-05-29,2000000.00,4.768301,99.265625
08:00:07,91282CKR1,TSRYS5802848,D,S,D,2024-05-29,3000000.00,4.768301,99.265625
08:00:07,91282CKR1,TSRYS5802848,D,S,D,2024-05-29,2000000.00,4.768301,99.265625
08:00:07,91282CKR1,TSRYS5802848,D,S,D,2024-05-29,2000000.00,4.768301,99.265625
08:00:07,91282CKR1,TSRYS5802848,D,S,D,2024-05-29,1000000.00,4.776925,99.2421875
08:00:07,91282CKR1,TSRYS5802848,D,S,T,2024-05-29,2000000.00,4.776925,99.2421875
08:00:07,91282CKR1,TSRYS5802848,D,S,T,2024-05-29,1000000.00,4.776206,99.244140625
08:00:07,91282CKR1,TSRYS5802848,D,S,T,2024-05-29,1000000.00,4.769738,99.26171875
08:00:07,91282CKR1,TSRYS5802848,D,S,T,2024-05-29,1000000.00,4.765427,99.2734375
08:00:07,91282CKR1,TSRYS5802848,D,S,T,2024-05-29,1000000.00,4.762553,99.28125
08:00:07,91282CKR1,TSRYS5802848,D,S,T,2024-05-29,1000000.00,4.76399,99.27734375
08:00:07,91282CKR1,TSRYS5802848,D,S,T,2024-05-29,1000000.00,4.758242,99.29296875
08:00:07,91282CKR1,TSRYS5802848,D,S,T,2024-05-29,1000000.00,4.76399,99.27734375
08:00:07,91282CKR1,TSRYS5802848,D,S,T,2024-05-29,1000000.00,4.758242,99.29296875
08:00:07,91282CKR1,TSRYS5802848,D,S,T,2024-05-29,2000000.00,4.761116,99.28515625
08:00:07,91282CKR1,TSRYS5802848,D,S,T,2024-05-29,3000000.00,4.76399,99.27734375
08:00:07,91282CKR1,TSRYS5802848,D,S,T,2024-05-29,1000000.00,4.762553,99.28125
08:00:07,91282CKR1,TSRYS5802848,D,S,T,2024-05-29,1000000.00,4.765427,99.2734375
08:00:07,91282CKR1,TSRYS5802848,D,S,T,2024-05-29,1000000.00,4.775488,99.24609375
08:00:09,91282CKR1,TSRYS5802848,D,S,T,2024-05-29,1000000.00,4.775553,99.24591675
08:00:09,91282CKR1,TSRYS5802848,D,S,T,2024-05-29,1000000.00,4.775553,99.24591675
08:00:11,91282CKR1,TSRYS5802848,D,S,T,2024-05-29,1000000.00,4.763271,99.279296875
08:00:11,91282CKR1,TSRYS5802848,D,S,T,2024-05-29,1000000.00,4.763271,99.279296875
08:00:12,91282CKR1,TSRYS5802848,D,S,T,2024-05-29,1000000.00,4.761834,99.283203125
08:00:12,91282CKR1,TSRYS5802848,D,S,T,2024-05-29,1000000.00,4.761116,99.28515625
08:00:12,91282CKR1,TSRYS5802848,D,S,T,2024-05-29,1000000.00,4.762553,99.28125
08:00:12,91282CKR1,TSRYS5802848,D,S,T,2024-05-29,1000000.00,4.762553,99.28125
08:00:12,91282CKR1,TSRYS5802848,D,S,T,2024-05-29,1000000.00,4.763271,99.279296875
08:00:12,91282CKR1,TSRYS5802848,D,S,T,2024-05-29,1000000.00,4.767582,99.267578125
08:00:12,91282CKR1,TSRYS5802848,D,S,T,2024-05-29,1000000.00,4.766145,99.271484375
08:00:12,91282CKR1,TSRYS5802848,D,S,T,2024-05-29,1000000.00,4.766145,99.271484375
08:00:12,91282CKR1,TSRYS5802848,D,S,T,2024-05-29,1000000.00,4.767582,99.267578125
08:00:12,91282CKR1,TSRYS5802848,D,S,T,2024-05-29,1000000.00,4.769019,99.263671875
08:00:12,91282CKR1,TSRYS5802848,D,S,T,2024-05-29,1000000.00,4.767582,99.267578125
08:00:12,91282CKR1,TSRYS5802848,D,S,T,2024-05-29,1000000.00,4.767582,99.267578125
08:00:12,91282CKR1,TSRYS5802848,D,S,T,2024-05-29,1000000.00,4.766145,99.271484375
08:00:12,91282CKR1,TSRYS5802848,D,S,T,2024-05-29,1000000.00,4.766145,99.271484375
08:00:12,91282CKR1,TSRYS5802848,D,S,T,2024-05-29,1000000.00,4.768301,99.265625
08:00:12,91282CKR1,TSRYS5802848,D,S,T,2024-05-29,1000000.00,4.768301,99.265625
08:00:12,91282CKR1,TSRYS5802848,D,S,T,2024-05-29,1000000.00,4.771175,99.2578125
08:00:12,91282CKR1,TSRYS5802848,D,S,T,2024-05-29,1000000.00,4.775488,99.24609375
08:00:12,91282CKR1,TSRYS5802848,D,S,T,2024-05-29,1000000.00,4.775488,99.24609375
08:00:12,91282CKR1,TSRYS5802848,D,S,T,2024-05-29,1000000.00,4.7798,99.234375
08:00:12,91282CKR1,TSRYS5802848,D,S,T,2024-05-29,1000000.00,4.769738,99.26171875
08:00:12,91282CKR1,TSRYS5802848,D,S,T,2024-05-29,1000000.00,4.771894,99.255859375
08:00:12,91282CKR1,TSRYS5802848,D,S,T,2024-05-29,1000000.00,4.769738,99.26171875
08:00:12,91282CKR1,TSRYS5802848,D,S,T,2024-05-29,1000000.00,4.769019,99.263671875
08:00:12,91282CKR1,TSRYS5802848,D,S,T,2024-05-29,1000000.00,4.769019,99.263671875
08:00:12,91282CKR1,TSRYS5802848,D,S,T,2024-05-29,1000000.00,4.769019,99.263671875
08:00:12,91282CKR1,TSRYS5802848,D,S,T,2024-05-29,1000000.00,4.769019,99.263671875
08:00:12,91282CKR1,TSRYS5802848,D,S,T,2024-05-29,1000000.00,4.769019,99.263671875
08:00:12,91282CKR1,TSRYS5802848,D,S,T,2024-05-29,1000000.00,4.763271,99.279296875
08:00:12,91282CKR1,TSRYS5802848,D,S,T,2024-05-29,1000000.00,4.769019,99.263671875
08:00:12,91282CKR1,TSRYS5802848,D,S,T,2024-05-29,1000000.00,4.769019,99.263671875
08:00:12,91282CKR1,TSRYS5802848,D,S,T,2024-05-29,2000000.00,4.772613,99.25390625
08:00:12,91282CKR1,TSRYS5802848,D,S,T,2024-05-29,1000000.00,4.771894,99.255859375
08:00:12,91282CKR1,TSRYS5802848,D,S,T,2024-05-29,1000000.00,4.766864,99.26953125
08:00:12,91282CKR1,TSRYS5802848,D,S,T,2024-05-29,1000000.00,4.763271,99.279296875
08:00:12,91282CKR1,TSRYS5802848,D,S,T,2024-05-29,1000000.00,4.768301,99.265625
08:00:12,91282CKR1,TSRYS5802848,D,S,T,2024-05-29,1000000.00,4.767582,99.267578125
08:00:12,91282CKR1,TSRYS5802848,D,S,T,2024-05-29,1000000.00,4.768301,99.265625
08:00:12,91282CKR1,TSRYS5802848,D,S,T,2024-05-29,1000000.00,4.762553,99.28125
08:00:12,91282CKR1,TSRYS5802848,D,S,T,2024-05-29,1000000.00,4.762553,99.28125
08:00:12,91282CKR1,TSRYS5802848,D,S,T,2024-05-29,1000000.00,4.762553,99.28125
08:00:12,91282CKR1,TSRYS5802848,D,S,T,2024-05-29,1000000.00,4.759679,99.2890625
08:00:12,91282CKR1,TSRYS5802848,D,S,T,2024-05-29,1000000.00,4.763271,99.279296875
08:00:12,91282CKR1,TSRYS5802848,D,S,T,2024-05-29,1000000.00,4.763271,99.279296875
08:00:12,91282CKR1,TSRYS5802848,D,S,T,2024-05-29,1000000.00,4.763271,99.279296875
08:00:12,91282CKR1,TSRYS5802848,D,S,T,2024-05-29,1000000.00,4.763271,99.279296875
08:00:12,91282CKR1,TSRYS5802848,D,S,T,2024-05-29,1000000.00,4.763271,99.279296875
08:00:12,91282CKR1,TSRYS5802848,D,S,D,2024-05-29,1000000.00,4.762553,99.28125
08:00:12,91282CKR1,TSRYS5802848,D,B,A,2024-05-29,842000.00,4.765427,99.2734375
08:00:12,91282CKR1,TSRYS5802848,D,S,T,2024-05-29,1000000.00,4.761834,99.283203125
08:00:12,91282CKR1,TSRYS5802848,D,S,T,2024-05-29,1000000.00,4.769019,99.263671875
08:00:12,91282CKR1,TSRYS5802848,D,S,T,2024-05-29,1000000.00,4.771175,99.2578125
08:00:12,91282CKR1,TSRYS5802848,D,S,T,2024-05-29,1000000.00,4.761834,99.283203125
08:00:12,91282CKR1,TSRYS5802848,D,S,T,2024-05-29,1000000.00,4.761116,99.28515625
08:00:12,91282CKR1,TSRYS5802848,D,S,T,2024-05-29,1000000.00,4.762553,99.28125
08:00:12,91282CKR1,TSRYS5802848,D,S,T,2024-05-29,1000000.00,4.762553,99.28125
08:00:12,91282CKR1,TSRYS5802848,D,S,T,2024-05-29,1000000.00,4.763271,99.279296875
08:00:12,91282CKR1,TSRYS5802848,D,S,T,2024-05-29,1000000.00,4.767582,99.267578125
08:00:12,91282CKR1,TSRYS5802848,D,S,T,2024-05-29,1000000.00,4.766145,99.271484375
08:00:12,91282CKR1,TSRYS5802848,D,S,T,2024-05-29,1000000.00,4.766145,99.271484375
08:00:12,91282CKR1,TSRYS5802848,D,S,T,2024-05-29,1000000.00,4.767582,99.267578125
08:00:12,91282CKR1,TSRYS5802848,D,S,T,2024-05-29,1000000.00,4.769019,99.263671875
08:00:12,91282CKR1,TSRYS5802848,D,S,T,2024-05-29,1000000.00,4.767582,99.267578125
08:00:12,91282CKR1,TSRYS5802848,D,S,T,2024-05-29,1000000.00,4.767582,99.267578125
08:00:12,91282CKR1,TSRYS5802848,D,S,T,2024-05-29,1000000.00,4.766145,99.271484375
08:00:12,91282CKR1,TSRYS5802848,D,S,T,2024-05-29,1000000.00,4.766145,99.271484375
08:00:12,91282CKR1,TSRYS5802848,D,S,T,2024-05-29,1000000.00,4.768301,99.265625
08:00:12,91282CKR1,TSRYS5802848,D,S,T,2024-05-29,1000000.00,4.768301,99.265625
08:00:12,91282CKR1,TSRYS5802848,D,S,T,2024-05-29,1000000.00,4.771175,99.2578125
08:00:12,91282CKR1,TSRYS5802848,D,S,T,2024-05-29,1000000.00,4.775488,99.24609375
08:00:12,91282CKR1,TSRYS5802848,D,S,T,2024-05-29,1000000.00,4.775488,99.24609375
08:00:12,91282CKR1,TSRYS5802848,D,S,T,2024-05-29,1000000.00,4.7798,99.234375
08:00:12,91282CKR1,TSRYS5802848,D,S,T,2024-05-29,1000000.00,4.769738,99.26171875
08:00:12,91282CKR1,TSRYS5802848,D,S,T,2024-05-29,1000000.00,4.771894,99.255859375
08:00:12,91282CKR1,TSRYS5802848,D,S,T,2024-05-29,1000000.00,4.769738,99.26171875
08:00:12,91282CKR1,TSRYS5802848,D,S,T,2024-05-29,1000000.00,4.769019,99.263671875
08:00:12,91282CKR1,TSRYS5802848,D,S,T,2024-05-29,1000000.00,4.769019,99.263671875
08:00:12,91282CKR1,TSRYS5802848,D,S,T,2024-05-29,1000000.00,4.769019,99.263671875
08:00:12,91282CKR1,TSRYS5802848,D,S,T,2024-05-29,1000000.00,4.769019,99.263671875
08:00:12,91282CKR1,TSRYS5802848,D,S,T,2024-05-29,1000000.00,4.769019,99.263671875
08:00:12,91282CKR1,TSRYS5802848,D,S,T,2024-05-29,1000000.00,4.763271,99.279296875
08:00:12,91282CKR1,TSRYS5802848,D,S,T,2024-05-29,1000000.00,4.769019,99.263671875
08:00:12,91282CKR1,TSRYS5802848,D,S,T,2024-05-29,1000000.00,4.769019,99.263671875
08:00:12,91282CKR1,TSRYS5802848,D,S,T,2024-05-29,2000000.00,4.772613,99.25390625
08:00:12,91282CKR1,TSRYS5802848,D,S,T,2024-05-29,1000000.00,4.771894,99.255859375
08:00:12,91282CKR1,TSRYS5802848,D,S,T,2024-05-29,1000000.00,4.766864,99.26953125
08:00:12,91282CKR1,TSRYS5802848,D,S,T,2024-05-29,1000000.00,4.763271,99.279296875
08:00:12,91282CKR1,TSRYS5802848,D,S,T,2024-05-29,1000000.00,4.768301,99.265625
08:00:12,91282CKR1,TSRYS5802848,D,S,T,2024-05-29,1000000.00,4.767582,99.267578125
08:00:12,91282CKR1,TSRYS5802848,D,S,T,2024-05-29,1000000.00,4.768301,99.265625
08:00:12,91282CKR1,TSRYS5802848,D,S,T,2024-05-29,1000000.00,4.762553,99.28125
08:00:12,91282CKR1,TSRYS5802848,D,S,T,2024-05-29,1000000.00,4.762553,99.28125
08:00:12,91282CKR1,TSRYS5802848,D,S,T,2024-05-29,1000000.00,4.762553,99.28125
08:00:12,91282CKR1,TSRYS5802848,D,S,T,2024-05-29,1000000.00,4.759679,99.2890625
08:00:12,91282CKR1,TSRYS5802848,D,S,T,2024-05-29,1000000.00,4.763271,99.279296875
08:00:12,91282CKR1,TSRYS5802848,D,S,T,2024-05-29,1000000.00,4.763271,99.279296875
08:00:12,91282CKR1,TSRYS5802848,D,S,T,2024-05-29,1000000.00,4.763271,99.279296875
08:00:12,91282CKR1,TSRYS5802848,D,S,T,2024-05-29,1000000.00,4.763271,99.279296875
08:00:12,91282CKR1,TSRYS5802848,D,S,T,2024-05-29,1000000.00,4.763271,99.279296875
08:00:12,91282CKR1,TSRYS5802848,D,S,D,2024-05-29,1000000.00,4.762553,99.28125
08:00:12,91282CKR1,TSRYS5802848,D,B,A,2024-05-29,842000.00,4.765427,99.2734375
08:00:12,91282CKR1,TSRYS5802848,D,S,T,2024-05-29,1000000.00,4.761834,99.283203125
08:00:12,91282CKR1,TSRYS5802848,D,S,T,2024-05-29,1000000.00,4.769019,99.263671875
08:00:12,91282CKR1,TSRYS5802848,D,S,T,2024-05-29,1000000.00,4.771175,99.2578125
08:00:13,91282CKR1,TSRYS5802848,D,S,D,2024-05-29,1000000.00,4.770457,99.259765625
08:00:13,91282CKR1,TSRYS5802848,D,S,D,2024-05-29,1000000.00,4.770457,99.259765625
08:00:13,91282CKR1,TSRYS5802848,D,S,D,2024-05-29,1000000.00,4.770457,99.259765625
08:00:13,91282CKR1,TSRYS5802848,D,S,D,2024-05-29,1000000.00,4.770457,99.259765625
08:00:13,91282CKR1,TSRYS5802848,D,S,D,2024-05-29,1000000.00,4.770457,99.259765625
08:00:13,91282CKR1,TSRYS5802848,D,S,T,2024-05-29,1000000.00,4.770457,99.259765625
08:00:13,91282CKR1,TSRYS5802848,D,S,T,2024-05-29,1000000.00,4.770457,99.259765625
08:00:13,91282CKR1,TSRYS5802848,D,S,T,2024-05-29,1000000.00,4.769738,99.26171875
08:00:13,91282CKR1,TSRYS5802848,D,S,T,2024-05-29,2000000.00,4.769738,99.26171875
08:00:13,91282CKR1,TSRYS5802848,D,S,D,2024-05-29,1000000.00,4.769738,99.26171875
08:00:13,91282CKR1,TSRYS5802848,D,S,D,2024-05-29,1000000.00,4.768301,99.265625
08:00:13,91282CKR1,TSRYS5802848,D,S,D,2024-05-29,1000000.00,4.768301,99.265625
08:00:13,91282CKR1,TSRYS5802848,D,S,D,2024-05-29,1000000.00,4.768301,99.265625
08:00:13,91282CKR1,TSRYS5802848,D,S,D,2024-05-29,1000000.00,4.768301,99.265625
08:00:13,91282CKR1,TSRYS5802848,D,S,T,2024-05-29,1000000.00,4.768301,99.265625
08:00:13,91282CKR1,TSRYS5802848,D,S,T,2024-05-29,1000000.00,4.775488,99.24609375
08:00:13,91282CKR1,TSRYS5802848,D,S,T,2024-05-29,1000000.00,4.77405,99.25
08:00:13,91282CKR1,TSRYS5802848,D,S,D,2024-05-29,1000000.00,4.770457,99.259765625
08:00:13,91282CKR1,TSRYS5802848,D,S,D,2024-05-29,1000000.00,4.770457,99.259765625
08:00:13,91282CKR1,TSRYS5802848,D,S,D,2024-05-29,1000000.00,4.770457,99.259765625
08:00:13,91282CKR1,TSRYS5802848,D,S,D,2024-05-29,1000000.00,4.770457,99.259765625
08:00:13,91282CKR1,TSRYS5802848,D,S,D,2024-05-29,1000000.00,4.770457,99.259765625
08:00:13,91282CKR1,TSRYS5802848,D,S,T,2024-05-29,1000000.00,4.770457,99.259765625
08:00:13,91282CKR1,TSRYS5802848,D,S,T,2024-05-29,1000000.00,4.770457,99.259765625
08:00:13,91282CKR1,TSRYS5802848,D,S,T,2024-05-29,1000000.00,4.769738,99.26171875
08:00:13,91282CKR1,TSRYS5802848,D,S,T,2024-05-29,2000000.00,4.769738,99.26171875
08:00:13,91282CKR1,TSRYS5802848,D,S,D,2024-05-29,1000000.00,4.769738,99.26171875
08:00:13,91282CKR1,TSRYS5802848,D,S,D,2024-05-29,1000000.00,4.768301,99.265625
08:00:13,91282CKR1,TSRYS5802848,D,S,D,2024-05-29,1000000.00,4.768301,99.265625
08:00:13,91282CKR1,TSRYS5802848,D,S,D,2024-05-29,1000000.00,4.768301,99.265625
08:00:13,91282CKR1,TSRYS5802848,D,S,D,2024-05-29,1000000.00,4.768301,99.265625
08:00:13,91282CKR1,TSRYS5802848,D,S,T,2024-05-29,1000000.00,4.768301,99.265625
08:00:13,91282CKR1,TSRYS5802848,D,S,T,2024-05-29,1000000.00,4.775488,99.24609375
08:00:13,91282CKR1,TSRYS5802848,D,S,T,2024-05-29,1000000.00,4.77405,99.25
08:00:14,91282CKR1,TSRYS5802848,D,B,C,2024-05-29,1070000.00,4.765427,99.2734375
08:00:14,91282CKR1,TSRYS5802848,D,B,C,2024-05-29,1070000.00,4.765427,99.2734375
08:00:19,91282CKR1,TSRYS5802848,D,S,T,2024-05-29,1000000.00,4.778363,99.23828125
08:00:19,91282CKR1,TSRYS5802848,D,S,T,2024-05-29,1000000.00,4.778363,99.23828125
08:00:19,91282CKR1,TSRYS5802848,D,S,T,2024-05-29,3000000.00,4.778363,99.23828125
08:00:19,91282CKR1,TSRYS5802848,D,S,T,2024-05-29,1000000.00,4.778363,99.23828125
08:00:19,91282CKR1,TSRYS5802848,D,S,T,2024-05-29,1000000.00,4.778363,99.23828125
08:00:19,91282CKR1,TSRYS5802848,D,S,T,2024-05-29,1000000.00,4.778363,99.23828125
08:00:19,91282CKR1,TSRYS5802848,D,S,T,2024-05-29,1000000.00,4.778363,99.23828125
08:00:19,91282CKR1,TSRYS5802848,D,S,T,2024-05-29,1000000.00,4.778363,99.23828125
08:00:19,91282CKR1,TSRYS5802848,D,S,T,2024-05-29,1000000.00,4.778363,99.23828125
08:00:19,91282CKR1,TSRYS5802848,D,S,T,2024-05-29,1000000.00,4.778363,99.23828125
08:00:19,91282CKR1,TSRYS5802848,D,S,T,2024-05-29,3000000.00,4.778363,99.23828125
08:00:19,91282CKR1,TSRYS5802848,D,S,T,2024-05-29,1000000.00,4.778363,99.23828125
08:00:19,91282CKR1,TSRYS5802848,D,S,T,2024-05-29,1000000.00,4.778363,99.23828125
08:00:19,91282CKR1,TSRYS5802848,D,S,T,2024-05-29,1000000.00,4.778363,99.23828125
08:00:19,91282CKR1,TSRYS5802848,D,S,T,2024-05-29,1000000.00,4.778363,99.23828125
08:00:19,91282CKR1,TSRYS5802848,D,S,T,2024-05-29,1000000.00,4.778363,99.23828125
08:00:21,91282CKR1,TSRYS5802848,D,S,D,2024-05-29,500000.00,4.758242,99.29296875
08:00:21,91282CKR1,TSRYS5802848,D,S,D,2024-05-29,500000.00,4.758242,99.29296875
08:00:22,91282CKR1,TSRYS5802848,D,S,T,2024-05-29,1000000.00,4.778363,99.23828125
08:00:22,91282CKR1,TSRYS5802848,D,S,T,2024-05-29,1000000.00,4.778363,99.23828125
08:00:22,91282CKR1,TSRYS5802848,D,S,T,2024-05-29,1000000.00,4.778363,99.23828125
08:00:22,91282CKR1,TSRYS5802848,D,S,T,2024-05-29,1000000.00,4.778363,99.23828125
08:00:25,91282CKR1,TSRYS5802848,D,S,C,2024-05-29,1000000.00,4.752496,99.30859375
08:00:25,91282CKR1,TSRYS5802848,D,B,C,2024-05-29,1000000.00,4.752496,99.30859375
08:00:25,91282CKR1,TSRYS5802848,D,S,C,2024-05-29,1000000.00,4.752496,99.30859375
08:00:25,91282CKR1,TSRYS5802848,D,B,C,2024-05-29,1000000.00,4.752496,99.30859375
08:00:27,91282CKR1,TSRYS5802848,D,S,T,2024-05-29,1000000.00,4.773331,99.251953125
08:00:27,91282CKR1,TSRYS5802848,D,S,T,2024-05-29,1000000.00,4.773331,99.251953125
08:00:28,91282CKR1,TSRYS5802848,D,S,D,2024-05-29,1000000.00,4.768301,99.265625
08:00:28,91282CKR1,TSRYS5802848,D,S,D,2024-05-29,1000000.00,4.769738,99.26171875
08:00:28,91282CKR1,TSRYS5802848,D,S,D,2024-05-29,1000000.00,4.768301,99.265625
08:00:28,91282CKR1,TSRYS5802848,D,S,D,2024-05-29,1000000.00,4.769738,99.26171875
08:00:29,91282CKR1,TSRYS5802848,D,S,A,2024-05-29,5000000.00,4.766145,99.271484375
08:00:29,91282CKR1,TSRYS5802848,D,S,D,2024-05-29,1000000.00,4.769738,99.26171875
08:00:29,91282CKR1,TSRYS5802848,D,S,D,2024-05-29,2000000.00,4.771175,99.2578125
08:00:29,91282CKR1,TSRYS5802848,D,S,D,2024-05-29,2000000.00,4.771175,99.2578125
08:00:29,91282CKR1,TSRYS5802848,D,S,D,2024-05-29,1000000.00,4.769738,99.26171875
08:00:29,91282CKR1,TSRYS5802848,D,S,D,2024-05-29,1000000.00,4.769738,99.26171875
08:00:29,91282CKR1,TSRYS5802848,D,S,A,2024-05-29,5000000.00,4.766145,99.271484375
08:00:29,91282CKR1,TSRYS5802848,D,S,D,2024-05-29,1000000.00,4.769738,99.26171875
08:00:29,91282CKR1,TSRYS5802848,D,S,D,2024-05-29,2000000.00,4.771175,99.2578125
08:00:29,91282CKR1,TSRYS5802848,D,S,D,2024-05-29,2000000.00,4.771175,99.2578125
08:00:29,91282CKR1,TSRYS5802848,D,S,D,2024-05-29,1000000.00,4.769738,99.26171875
08:00:29,91282CKR1,TSRYS5802848,D,S,D,2024-05-29,1000000.00,4.769738,99.26171875
08:00:30,91282CKR1,TSRYS5802848,D,S,T,2024-05-29,1000000.00,4.757524,99.294921875
08:00:30,91282CKR1,TSRYS5802848,D,S,T,2024-05-29,1000000.00,4.758242,99.29296875
08:00:30,91282CKR1,TSRYS5802848,D,S,T,2024-05-29,1000000.00,4.757524,99.294921875
08:00:30,91282CKR1,TSRYS5802848,D,S,T,2024-05-29,1000000.00,4.757524,99.294921875
08:00:30,91282CKR1,TSRYS5802848,D,S,T,2024-05-29,1000000.00,4.757524,99.294921875
08:00:30,91282CKR1,TSRYS5802848,D,S,T,2024-05-29,1000000.00,4.757524,99.294921875
08:00:30,91282CKR1,TSRYS5802848,D,S,T,2024-05-29,1000000.00,4.759679,99.2890625
08:00:30,91282CKR1,TSRYS5802848,D,S,T,2024-05-29,1000000.00,4.758961,99.291015625
08:00:30,91282CKR1,TSRYS5802848,D,S,T,2024-05-29,1000000.00,4.759679,99.2890625
08:00:30,91282CKR1,TSRYS5802848,D,S,T,2024-05-29,1000000.00,4.759679,99.2890625
08:00:30,91282CKR1,TSRYS5802848,D,S,T,2024-05-29,1000000.00,4.761116,99.28515625
08:00:30,91282CKR1,TSRYS5802848,D,S,T,2024-05-29,1000000.00,4.758961,99.291015625
08:00:30,91282CKR1,TSRYS5802848,D,S,T,2024-05-29,1000000.00,4.760398,99.287109375
08:00:30,91282CKR1,TSRYS5802848,D,S,T,2024-05-29,1000000.00,4.761116,99.28515625
08:00:30,91282CKR1,TSRYS5802848,D,S,T,2024-05-29,1000000.00,4.761116,99.28515625
08:00:30,91282CKR1,TSRYS5802848,D,S,T,2024-05-29,1000000.00,4.761834,99.283203125
08:00:30,91282CKR1,TSRYS5802848,D,S,T,2024-05-29,1000000.00,4.762553,99.28125
08:00:30,91282CKR1,TSRYS5802848,D,S,T,2024-05-29,1000000.00,4.763271,99.279296875
08:00:30,91282CKR1,TSRYS5802848,D,S,T,2024-05-29,1000000.00,4.761116,99.28515625
08:00:30,91282CKR1,TSRYS5802848,D,S,T,2024-05-29,1000000.00,4.761116,99.28515625
08:00:30,91282CKR1,TSRYS5802848,D,S,T,2024-05-29,4000000.00,4.761116,99.28515625
08:00:30,91282CKR1,TSRYS5802848,D,S,T,2024-05-29,1000000.00,4.761116,99.28515625
08:00:30,91282CKR1,TSRYS5802848,D,S,T,2024-05-29,3000000.00,4.761116,99.28515625
08:00:30,91282CKR1,TSRYS5802848,D,S,T,2024-05-29,1000000.00,4.761834,99.283203125
08:00:30,91282CKR1,TSRYS5802848,D,S,T,2024-05-29,1000000.00,4.762553,99.28125
08:00:30,91282CKR1,TSRYS5802848,D,S,T,2024-05-29,5000000.00,4.762553,99.28125
08:00:30,91282CKR1,TSRYS5802848,D,S,T,2024-05-29,1000000.00,4.762553,99.28125
08:00:30,91282CKR1,TSRYS5802848,D,S,T,2024-05-29,1000000.00,4.761116,99.28515625
08:00:30,91282CKR1,TSRYS5802848,D,S,T,2024-05-29,1000000.00,4.76399,99.27734375
08:00:30,91282CKR1,TSRYS5802848,D,S,T,2024-05-29,1000000.00,4.76399,99.27734375
08:00:30,91282CKR1,TSRYS5802848,D,S,T,2024-05-29,1000000.00,4.765427,99.2734375
08:00:30,91282CKR1,TSRYS5802848,D,S,T,2024-05-29,1000000.00,4.765427,99.2734375
08:00:30,91282CKR1,TSRYS5802848,D,S,T,2024-05-29,1000000.00,4.766864,99.26953125
08:00:30,91282CKR1,TSRYS5802848,D,S,T,2024-05-29,3000000.00,4.765427,99.2734375
08:00:30,91282CKR1,TSRYS5802848,D,S,T,2024-05-29,1000000.00,4.765427,99.2734375
08:00:30,91282CKR1,TSRYS5802848,D,S,T,2024-05-29,1000000.00,4.766864,99.26953125
08:00:30,91282CKR1,TSRYS5802848,D,S,T,2024-05-29,1000000.00,4.765427,99.2734375
08:00:30,91282CKR1,TSRYS5802848,D,S,T,2024-05-29,1000000.00,4.765427,99.2734375
08:00:30,91282CKR1,TSRYS5802848,D,S,T,2024-05-29,1000000.00,4.765427,99.2734375
08:00:30,91282CKR1,TSRYS5802848,D,S,T,2024-05-29,1000000.00,4.765427,99.2734375
08:00:30,91282CKR1,TSRYS5802848,D,S,T,2024-05-29,1000000.00,4.765427,99.2734375
08:00:30,91282CKR1,TSRYS5802848,D,S,T,2024-05-29,1000000.00,4.766864,99.26953125
08:00:30,91282CKR1,TSRYS5802848,D,S,T,2024-05-29,1000000.00,4.768301,99.265625
08:00:30,91282CKR1,TSRYS5802848,D,S,T,2024-05-29,1000000.00,4.768301,99.265625
08:00:30,91282CKR1,TSRYS5802848,D,S,T,2024-05-29,1000000.00,4.768301,99.265625
08:00:30,91282CKR1,TSRYS5802848,D,S,T,2024-05-29,1000000.00,4.768301,99.265625
08:00:30,91282CKR1,TSRYS5802848,D,S,T,2024-05-29,1000000.00,4.768301,99.265625
08:00:30,91282CKR1,TSRYS5802848,D,S,T,2024-05-29,1000000.00,4.768301,99.265625
08:00:30,91282CKR1,TSRYS5802848,D,S,T,2024-05-29,1000000.00,4.768301,99.265625
08:00:30,91282CKR1,TSRYS5802848,D,S,T,2024-05-29,4000000.00,4.768301,99.265625
08:00:30,91282CKR1,TSRYS5802848,D,S,T,2024-05-29,1000000.00,4.768301,99.265625
08:00:30,91282CKR1,TSRYS5802848,D,S,T,2024-05-29,1000000.00,4.768301,99.265625
08:00:30,91282CKR1,TSRYS5802848,D,S,T,2024-05-29,1000000.00,4.768301,99.265625
08:00:30,91282CKR1,TSRYS5802848,D,S,T,2024-05-29,1000000.00,4.768301,99.265625
08:00:30,91282CKR1,TSRYS5802848,D,S,T,2024-05-29,1000000.00,4.768301,99.265625
08:00:30,91282CKR1,TSRYS5802848,D,S,T,2024-05-29,1000000.00,4.768301,99.265625
08:00:30,91282CKR1,TSRYS5802848,D,S,T,2024-05-29,1000000.00,4.768301,99.265625
08:00:30,91282CKR1,TSRYS5802848,D,S,T,2024-05-29,1000000.00,4.768301,99.265625
08:00:30,91282CKR1,TSRYS5802848,D,S,T,2024-05-29,1000000.00,4.768301,99.265625
08:00:30,91282CKR1,TSRYS5802848,D,S,T,2024-05-29,1000000.00,4.768301,99.265625
08:00:30,91282CKR1,TSRYS5802848,D,S,T,2024-05-29,1000000.00,4.768301,99.265625
08:00:30,91282CKR1,TSRYS5802848,D,S,T,2024-05-29,1000000.00,4.768301,99.265625
08:00:30,91282CKR1,TSRYS5802848,D,S,T,2024-05-29,1000000.00,4.768301,99.265625
08:00:30,91282CKR1,TSRYS5802848,D,S,T,2024-05-29,1000000.00,4.768301,99.265625
08:00:30,91282CKR1,TSRYS5802848,D,S,T,2024-05-29,1000000.00,4.768301,99.265625
08:00:30,91282CKR1,TSRYS5802848,D,S,T,2024-05-29,1000000.00,4.769738,99.26171875
08:00:30,91282CKR1,TSRYS5802848,D,S,T,2024-05-29,1000000.00,4.769738,99.26171875
08:00:30,91282CKR1,TSRYS5802848,D,S,T,2024-05-29,1000000.00,4.771175,99.2578125
08:00:30,91282CKR1,TSRYS5802848,D,S,T,2024-05-29,1000000.00,4.771175,99.2578125
08:00:30,91282CKR1,TSRYS5802848,D,S,T,2024-05-29,1000000.00,4.771175,99.2578125
08:00:30,91282CKR1,TSRYS5802848,D,S,T,2024-05-29,1000000.00,4.771175,99.2578125
08:00:30,91282CKR1,TSRYS5802848,D,S,T,2024-05-29,1000000.00,4.771175,99.2578125
08:00:30,91282CKR1,TSRYS5802848,D,S,T,2024-05-29,1000000.00,4.771175,99.2578125
08:00:30,91282CKR1,TSRYS5802848,D,S,T,2024-05-29,1000000.00,4.771175,99.2578125
08:00:30,91282CKR1,TSRYS5802848,D,S,T,2024-05-29,1000000.00,4.771175,99.2578125
08:00:30,91282CKR1,TSRYS5802848,D,S,T,2024-05-29,1000000.00,4.771175,99.2578125
08:00:30,91282CKR1,TSRYS5802848,D,S,T,2024-05-29,1000000.00,4.771175,99.2578125
08:00:30,91282CKR1,TSRYS5802848,D,S,T,2024-05-29,1000000.00,4.757524,99.294921875
08:00:30,91282CKR1,TSRYS5802848,D,S,T,2024-05-29,1000000.00,4.758242,99.29296875
08:00:30,91282CKR1,TSRYS5802848,D,S,T,2024-05-29,1000000.00,4.757524,99.294921875
08:00:30,91282CKR1,TSRYS5802848,D,S,T,2024-05-29,1000000.00,4.757524,99.294921875
08:00:30,91282CKR1,TSRYS5802848,D,S,T,2024-05-29,1000000.00,4.757524,99.294921875
08:00:30,91282CKR1,TSRYS5802848,D,S,T,2024-05-29,1000000.00,4.757524,99.294921875
08:00:30,91282CKR1,TSRYS5802848,D,S,T,2024-05-29,1000000.00,4.759679,99.2890625
08:00:30,91282CKR1,TSRYS5802848,D,S,T,2024-05-29,1000000.00,4.758961,99.291015625
08:00:30,91282CKR1,TSRYS5802848,D,S,T,2024-05-29,1000000.00,4.759679,99.2890625
08:00:30,91282CKR1,TSRYS5802848,D,S,T,2024-05-29,1000000.00,4.759679,99.2890625
08:00:30,91282CKR1,TSRYS5802848,D,S,T,2024-05-29,1000000.00,4.761116,99.28515625
08:00:30,91282CKR1,TSRYS5802848,D,S,T,2024-05-29,1000000.00,4.758961,99.291015625
08:00:30,91282CKR1,TSRYS5802848,D,S,T,2024-05-29,1000000.00,4.760398,99.287109375
08:00:30,91282CKR1,TSRYS5802848,D,S,T,2024-05-29,1000000.00,4.761116,99.28515625
08:00:30,91282CKR1,TSRYS5802848,D,S,T,2024-05-29,1000000.00,4.761116,99.28515625
08:00:30,91282CKR1,TSRYS5802848,D,S,T,2024-05-29,1000000.00,4.761834,99.283203125
08:00:30,91282CKR1,TSRYS5802848,D,S,T,2024-05-29,1000000.00,4.762553,99.28125
08:00:30,91282CKR1,TSRYS5802848,D,S,T,2024-05-29,1000000.00,4.763271,99.279296875
08:00:30,91282CKR1,TSRYS5802848,D,S,T,2024-05-29,1000000.00,4.761116,99.28515625
08:00:30,91282CKR1,TSRYS5802848,D,S,T,2024-05-29,1000000.00,4.761116,99.28515625
08:00:30,91282CKR1,TSRYS5802848,D,S,T,2024-05-29,4000000.00,4.761116,99.28515625
08:00:30,91282CKR1,TSRYS5802848,D,S,T,2024-05-29,1000000.00,4.761116,99.28515625
08:00:30,91282CKR1,TSRYS5802848,D,S,T,2024-05-29,3000000.00,4.761116,99.28515625
08:00:30,91282CKR1,TSRYS5802848,D,S,T,2024-05-29,1000000.00,4.761834,99.283203125
08:00:30,91282CKR1,TSRYS5802848,D,S,T,2024-05-29,1000000.00,4.762553,99.28125
08:00:30,91282CKR1,TSRYS5802848,D,S,T,2024-05-29,5000000.00,4.762553,99.28125
08:00:30,91282CKR1,TSRYS5802848,D,S,T,2024-05-29,1000000.00,4.762553,99.28125
08:00:30,91282CKR1,TSRYS5802848,D,S,T,2024-05-29,1000000.00,4.761116,99.28515625
08:00:30,91282CKR1,TSRYS5802848,D,S,T,2024-05-29,1000000.00,4.76399,99.27734375
08:00:30,91282CKR1,TSRYS5802848,D,S,T,2024-05-29,1000000.00,4.76399,99.27734375
08:00:30,91282CKR1,TSRYS5802848,D,S,T,2024-05-29,1000000.00,4.765427,99.2734375
08:00:30,91282CKR1,TSRYS5802848,D,S,T,2024-05-29,1000000.00,4.765427,99.2734375
08:00:30,91282CKR1,TSRYS5802848,D,S,T,2024-05-29,1000000.00,4.766864,99.26953125
08:00:30,91282CKR1,TSRYS5802848,D,S,T,2024-05-29,3000000.00,4.765427,99.2734375
08:00:30,91282CKR1,TSRYS5802848,D,S,T,2024-05-29,1000000.00,4.765427,99.2734375
08:00:30,91282CKR1,TSRYS5802848,D,S,T,2024-05-29,1000000.00,4.766864,99.26953125
08:00:30,91282CKR1,TSRYS5802848,D,S,T,2024-05-29,1000000.00,4.765427,99.2734375
08:00:30,91282CKR1,TSRYS5802848,D,S,T,2024-05-29,1000000.00,4.765427,99.2734375
08:00:30,91282CKR1,TSRYS5802848,D,S,T,2024-05-29,1000000.00,4.765427,99.2734375
08:00:30,91282CKR1,TSRYS5802848,D,S,T,2024-05-29,1000000.00,4.765427,99.2734375
08:00:30,91282CKR1,TSRYS5802848,D,S,T,2024-05-29,1000000.00,4.765427,99.2734375
08:00:30,91282CKR1,TSRYS5802848,D,S,T,2024-05-29,1000000.00,4.766864,99.26953125
08:00:30,91282CKR1,TSRYS5802848,D,S,T,2024-05-29,1000000.00,4.768301,99.265625
08:00:30,91282CKR1,TSRYS5802848,D,S,T,2024-05-29,1000000.00,4.768301,99.265625
08:00:30,91282CKR1,TSRYS5802848,D,S,T,2024-05-29,1000000.00,4.768301,99.265625
08:00:30,91282CKR1,TSRYS5802848,D,S,T,2024-05-29,1000000.00,4.768301,99.265625
08:00:30,91282CKR1,TSRYS5802848,D,S,T,2024-05-29,1000000.00,4.768301,99.265625
08:00:30,91282CKR1,TSRYS5802848,D,S,T,2024-05-29,1000000.00,4.768301,99.265625
08:00:30,91282CKR1,TSRYS5802848,D,S,T,2024-05-29,1000000.00,4.768301,99.265625
08:00:30,91282CKR1,TSRYS5802848,D,S,T,2024-05-29,4000000.00,4.768301,99.265625
08:00:30,91282CKR1,TSRYS5802848,D,S,T,2024-05-29,1000000.00,4.768301,99.265625
08:00:30,91282CKR1,TSRYS5802848,D,S,T,2024-05-29,1000000.00,4.768301,99.265625
08:00:30,91282CKR1,TSRYS5802848,D,S,T,2024-05-29,1000000.00,4.768301,99.265625
08:00:30,91282CKR1,TSRYS5802848,D,S,T,2024-05-29,1000000.00,4.768301,99.265625
08:00:30,91282CKR1,TSRYS5802848,D,S,T,2024-05-29,1000000.00,4.768301,99.265625
08:00:30,91282CKR1,TSRYS5802848,D,S,T,2024-05-29,1000000.00,4.768301,99.265625
08:00:30,91282CKR1,TSRYS5802848,D,S,T,2024-05-29,1000000.00,4.768301,99.265625
08:00:30,91282CKR1,TSRYS5802848,D,S,T,2024-05-29,1000000.00,4.768301,99.265625
08:00:30,91282CKR1,TSRYS5802848,D,S,T,2024-05-29,1000000.00,4.768301,99.265625
08:00:30,91282CKR1,TSRYS5802848,D,S,T,2024-05-29,1000000.00,4.768301,99.265625
08:00:30,91282CKR1,TSRYS5802848,D,S,T,2024-05-29,1000000.00,4.768301,99.265625
08:00:30,91282CKR1,TSRYS5802848,D,S,T,2024-05-29,1000000.00,4.768301,99.265625
08:00:30,91282CKR1,TSRYS5802848,D,S,T,2024-05-29,1000000.00,4.768301,99.265625
08:00:30,91282CKR1,TSRYS5802848,D,S,T,2024-05-29,1000000.00,4.768301,99.265625
08:00:30,91282CKR1,TSRYS5802848,D,S,T,2024-05-29,1000000.00,4.768301,99.265625
08:00:30,91282CKR1,TSRYS5802848,D,S,T,2024-05-29,1000000.00,4.769738,99.26171875
08:00:30,91282CKR1,TSRYS5802848,D,S,T,2024-05-29,1000000.00,4.769738,99.26171875
08:00:30,91282CKR1,TSRYS5802848,D,S,T,2024-05-29,1000000.00,4.771175,99.2578125
08:00:30,91282CKR1,TSRYS5802848,D,S,T,2024-05-29,1000000.00,4.771175,99.2578125
08:00:30,91282CKR1,TSRYS5802848,D,S,T,2024-05-29,1000000.00,4.771175,99.2578125
08:00:30,91282CKR1,TSRYS5802848,D,S,T,2024-05-29,1000000.00,4.771175,99.2578125
08:00:30,91282CKR1,TSRYS5802848,D,S,T,2024-05-29,1000000.00,4.771175,99.2578125
08:00:30,91282CKR1,TSRYS5802848,D,S,T,2024-05-29,1000000.00,4.771175,99.2578125
08:00:30,91282CKR1,TSRYS5802848,D,S,T,2024-05-29,1000000.00,4.771175,99.2578125
08:00:30,91282CKR1,TSRYS5802848,D,S,T,2024-05-29,1000000.00,4.771175,99.2578125
08:00:30,91282CKR1,TSRYS5802848,D,S,T,2024-05-29,1000000.00,4.771175,99.2578125
08:00:30,91282CKR1,TSRYS5802848,D,S,T,2024-05-29,1000000.00,4.771175,99.2578125
08:00:33,91282CKR1,TSRYS5802848,D,S,T,2024-05-29,1000000.00,4.77405,99.25
08:00:33,91282CKR1,TSRYS5802848,D,S,T,2024-05-29,1000000.00,4.77405,99.25
08:00:33,91282CKR1,TSRYS5802848,D,S,T,2024-05-29,1000000.00,4.77405,99.25
08:00:33,91282CKR1,TSRYS5802848,D,S,T,2024-05-29,1000000.00,4.77405,99.25
08:00:33,91282CKR1,TSRYS5802848,D,S,T,2024-05-29,1000000.00,4.776206,99.244140625
08:00:33,91282CKR1,TSRYS5802848,D,S,T,2024-05-29,1000000.00,4.775488,99.24609375
08:00:33,91282CKR1,TSRYS5802848,D,S,T,2024-05-29,1000000.00,4.776206,99.244140625
08:00:33,91282CKR1,TSRYS5802848,D,S,T,2024-05-29,1000000.00,4.775488,99.24609375
08:00:33,91282CKR1,TSRYS5802848,D,S,T,2024-05-29,3000000.00,4.776925,99.2421875
08:00:33,91282CKR1,TSRYS5802848,D,S,T,2024-05-29,1000000.00,4.776925,99.2421875
08:00:33,91282CKR1,TSRYS5802848,D,S,T,2024-05-29,3000000.00,4.776925,99.2421875
08:00:33,91282CKR1,TSRYS5802848,D,S,T,2024-05-29,2000000.00,4.776925,99.2421875
08:00:33,91282CKR1,TSRYS5802848,D,S,T,2024-05-29,1000000.00,4.776925,99.2421875
08:00:33,91282CKR1,TSRYS5802848,D,S,T,2024-05-29,2000000.00,4.778363,99.23828125
08:00:33,91282CKR1,TSRYS5802848,D,S,T,2024-05-29,1000000.00,4.778363,99.23828125
08:00:33,91282CKR1,TSRYS5802848,D,S,T,2024-05-29,4000000.00,4.778363,99.23828125
08:00:33,91282CKR1,TSRYS5802848,D,S,T,2024-05-29,3000000.00,4.778363,99.23828125
08:00:33,91282CKR1,TSRYS5802848,D,S,T,2024-05-29,1000000.00,4.778363,99.23828125
08:00:33,91282CKR1,TSRYS5802848,D,S,T,2024-05-29,1000000.00,4.778363,99.23828125
08:00:33,91282CKR1,TSRYS5802848,D,S,T,2024-05-29,1000000.00,4.776925,99.2421875
08:00:33,91282CKR1,TSRYS5802848,D,S,T,2024-05-29,1000000.00,4.778363,99.23828125
08:00:33,91282CKR1,TSRYS5802848,D,S,T,2024-05-29,1000000.00,4.778363,99.23828125
08:00:33,91282CKR1,TSRYS5802848,D,S,T,2024-05-29,1000000.00,4.778363,99.23828125
08:00:33,91282CKR1,TSRYS5802848,D,S,T,2024-05-29,1000000.00,4.778363,99.23828125
08:00:33,91282CKR1,TSRYS5802848,D,S,T,2024-05-29,1000000.00,4.778363,99.23828125
08:00:33,91282CKR1,TSRYS5802848,D,S,T,2024-05-29,1000000.00,4.776925,99.2421875
08:00:33,91282CKR1,TSRYS5802848,D,S,T,2024-05-29,1000000.00,4.776925,99.2421875
08:00:33,91282CKR1,TSRYS5802848,D,S,T,2024-05-29,1000000.00,4.776925,99.2421875
08:00:33,91282CKR1,TSRYS5802848,D,S,T,2024-05-29,1000000.00,4.776925,99.2421875
08:00:33,91282CKR1,TSRYS5802848,D,S,T,2024-05-29,1000000.00,4.776925,99.2421875
08:00:33,91282CKR1,TSRYS5802848,D,S,T,2024-05-29,1000000.00,4.775488,99.24609375
08:00:33,91282CKR1,TSRYS5802848,D,S,T,2024-05-29,2000000.00,4.771175,99.2578125
08:00:33,91282CKR1,TSRYS5802848,D,S,T,2024-05-29,2000000.00,4.771175,99.2578125
08:00:33,91282CKR1,TSRYS5802848,D,S,T,2024-05-29,2000000.00,4.771175,99.2578125
08:00:33,91282CKR1,TSRYS5802848,D,S,T,2024-05-29,1000000.00,4.771175,99.2578125
08:00:33,91282CKR1,TSRYS5802848,D,S,T,2024-05-29,2000000.00,4.771175,99.2578125
08:00:33,91282CKR1,TSRYS5802848,D,S,T,2024-05-29,2000000.00,4.771175,99.2578125
08:00:33,91282CKR1,TSRYS5802848,D,S,T,2024-05-29,1000000.00,4.771175,99.2578125
08:00:33,91282CKR1,TSRYS5802848,D,S,T,2024-05-29,2000000.00,4.771175,99.2578125
08:00:33,91282CKR1,TSRYS5802848,D,S,T,2024-05-29,1000000.00,4.769019,99.263671875
08:00:33,91282CKR1,TSRYS5802848,D,S,T,2024-05-29,2000000.00,4.769738,99.26171875
08:00:33,91282CKR1,TSRYS5802848,D,S,T,2024-05-29,1000000.00,4.769738,99.26171875
08:00:33,91282CKR1,TSRYS5802848,D,S,T,2024-05-29,1000000.00,4.769738,99.26171875
08:00:33,91282CKR1,TSRYS5802848,D,S,T,2024-05-29,1000000.00,4.768301,99.265625
08:00:33,91282CKR1,TSRYS5802848,D,S,T,2024-05-29,4000000.00,4.768301,99.265625
08:00:33,91282CKR1,TSRYS5802848,D,S,T,2024-05-29,2000000.00,4.768301,99.265625
08:00:33,91282CKR1,TSRYS5802848,D,S,T,2024-05-29,1000000.00,4.768301,99.265625
08:00:33,91282CKR1,TSRYS5802848,D,S,T,2024-05-29,2000000.00,4.768301,99.265625
08:00:33,91282CKR1,TSRYS5802848,D,S,T,2024-05-29,3000000.00,4.768301,99.265625
08:00:33,91282CKR1,TSRYS5802848,D,S,T,2024-05-29,1000000.00,4.768301,99.265625
08:00:33,91282CKR1,TSRYS5802848,D,S,T,2024-05-29,2000000.00,4.768301,99.265625
08:00:33,91282CKR1,TSRYS5802848,D,S,T,2024-05-29,4000000.00,4.768301,99.265625
08:00:33,91282CKR1,TSRYS5802848,D,S,T,2024-05-29,1000000.00,4.768301,99.265625
08:00:33,91282CKR1,TSRYS5802848,D,S,T,2024-05-29,2000000.00,4.768301,99.265625
08:00:33,91282CKR1,TSRYS5802848,D,S,T,2024-05-29,2000000.00,4.766864,99.26953125
08:00:33,91282CKR1,TSRYS5802848,D,S,T,2024-05-29,1000000.00,4.766145,99.271484375
08:00:33,91282CKR1,TSRYS5802848,D,S,T,2024-05-29,1000000.00,4.76399,99.27734375
08:00:33,91282CKR1,TSRYS5802848,D,S,T,2024-05-29,1000000.00,4.761834,99.283203125
08:00:33,91282CKR1,TSRYS5802848,D,S,T,2024-05-29,2000000.00,4.761834,99.283203125
08:00:33,91282CKR1,TSRYS5802848,D,S,T,2024-05-29,2000000.00,4.762553,99.28125
08:00:33,91282CKR1,TSRYS5802848,D,S,T,2024-05-29,1000000.00,4.76399,99.27734375
08:00:33,91282CKR1,TSRYS5802848,D,S,T,2024-05-29,1000000.00,4.765427,99.2734375
08:00:33,91282CKR1,TSRYS5802848,D,S,D,2024-05-29,2000000.00,4.775488,99.24609375
08:00:33,91282CKR1,TSRYS5802848,D,S,T,2024-05-29,1000000.00,4.76399,99.27734375
08:00:33,91282CKR1,TSRYS5802848,D,S,T,2024-05-29,1000000.00,4.762553,99.28125
08:00:33,91282CKR1,TSRYS5802848,D,S,T,2024-05-29,1000000.00,4.762553,99.28125
08:00:33,91282CKR1,TSRYS5802848,D,S,T,2024-05-29,1000000.00,4.762553,99.28125
08:00:33,91282CKR1,TSRYS5802848,D,S,T,2024-05-29,1000000.00,4.762553,99.28125
08:00:33,91282CKR1,TSRYS5802848,D,S,T,2024-05-29,1000000.00,4.762553,99.28125
08:00:33,91282CKR1,TSRYS5802848,D,S,T,2024-05-29,1000000.00,4.759679,99.2890625
08:00:33,91282CKR1,TSRYS5802848,D,S,T,2024-05-29,1000000.00,4.759679,99.2890625
08:00:33,91282CKR1,TSRYS5802848,D,S,T,2024-05-29,3000000.00,4.762553,99.28125
08:00:33,91282CKR1,TSRYS5802848,D,S,T,2024-05-29,1000000.00,4.76399,99.27734375
08:00:33,91282CKR1,TSRYS5802848,D,S,T,2024-05-29,3000000.00,4.765427,99.2734375
08:00:33,91282CKR1,TSRYS5802848,D,S,T,2024-05-29,1000000.00,4.76399,99.27734375
08:00:33,91282CKR1,TSRYS5802848,D,S,T,2024-05-29,1000000.00,4.762553,99.28125
08:00:33,91282CKR1,TSRYS5802848,D,S,T,2024-05-29,1000000.00,4.761116,99.28515625
08:00:33,91282CKR1,TSRYS5802848,D,S,T,2024-05-29,1000000.00,4.761116,99.28515625
08:00:33,91282CKR1,TSRYS5802848,D,S,T,2024-05-29,2000000.00,4.761834,99.283203125
08:00:33,91282CKR1,TSRYS5802848,D,S,T,2024-05-29,1000000.00,4.762553,99.28125
08:00:33,91282CKR1,TSRYS5802848,D,S,T,2024-05-29,2000000.00,4.762553,99.28125
08:00:33,91282CKR1,TSRYS5802848,D,S,T,2024-05-29,1000000.00,4.762553,99.28125
08:00:33,91282CKR1,TSRYS5802848,D,S,T,2024-05-29,1000000.00,4.762553,99.28125
08:00:33,91282CKR1,TSRYS5802848,D,S,T,2024-05-29,1000000.00,4.76399,99.27734375
08:00:33,91282CKR1,TSRYS5802848,D,S,T,2024-05-29,2000000.00,4.764708,99.275390625
08:00:33,91282CKR1,TSRYS5802848,D,S,T,2024-05-29,2000000.00,4.764708,99.275390625
08:00:33,91282CKR1,TSRYS5802848,D,S,T,2024-05-29,1000000.00,4.763271,99.279296875
08:00:33,91282CKR1,TSRYS5802848,D,S,T,2024-05-29,1000000.00,4.763271,99.279296875
08:00:33,91282CKR1,TSRYS5802848,D,S,T,2024-05-29,1000000.00,4.763271,99.279296875
08:00:33,91282CKR1,TSRYS5802848,D,S,T,2024-05-29,1000000.00,4.76399,99.27734375
08:00:33,91282CKR1,TSRYS5802848,D,S,T,2024-05-29,1000000.00,4.762553,99.28125
08:00:33,91282CKR1,TSRYS5802848,D,S,T,2024-05-29,4000000.00,4.763271,99.279296875
08:00:33,91282CKR1,TSRYS5802848,D,S,T,2024-05-29,1000000.00,4.762553,99.28125
08:00:33,91282CKR1,TSRYS5802848,D,S,T,2024-05-29,2000000.00,4.763271,99.279296875
08:00:33,91282CKR1,TSRYS5802848,D,S,T,2024-05-29,2000000.00,4.76399,99.27734375
08:00:33,91282CKR1,TSRYS5802848,D,S,T,2024-05-29,1000000.00,4.76399,99.27734375
08:00:33,91282CKR1,TSRYS5802848,D,S,T,2024-05-29,1000000.00,4.76399,99.27734375
08:00:33,91282CKR1,TSRYS5802848,D,S,T,2024-05-29,1000000.00,4.765427,99.2734375
08:00:33,91282CKR1,TSRYS5802848,D,S,T,2024-05-29,1000000.00,4.765427,99.2734375
08:00:33,91282CKR1,TSRYS5802848,D,S,T,2024-05-29,1000000.00,4.765427,99.2734375
08:00:33,91282CKR1,TSRYS5802848,D,S,T,2024-05-29,1000000.00,4.766145,99.271484375
08:00:33,91282CKR1,TSRYS5802848,D,S,T,2024-05-29,1000000.00,4.766864,99.26953125
08:00:33,91282CKR1,TSRYS5802848,D,S,T,2024-05-29,1000000.00,4.766864,99.26953125
08:00:33,91282CKR1,TSRYS5802848,D,S,T,2024-05-29,1000000.00,4.766864,99.26953125
08:00:33,91282CKR1,TSRYS5802848,D,S,T,2024-05-29,1000000.00,4.766864,99.26953125
08:00:33,91282CKR1,TSRYS5802848,D,S,T,2024-05-29,4000000.00,4.766864,99.26953125
08:00:33,91282CKR1,TSRYS5802848,D,S,T,2024-05-29,2000000.00,4.766864,99.26953125
08:00:33,91282CKR1,TSRYS5802848,D,S,T,2024-05-29,2000000.00,4.766864,99.26953125
08:00:33,91282CKR1,TSRYS5802848,D,S,T,2024-05-29,3000000.00,4.766864,99.26953125
08:00:33,91282CKR1,TSRYS5802848,D,S,T,2024-05-29,4000000.00,4.766864,99.26953125
08:00:33,91282CKR1,TSRYS5802848,D,S,T,2024-05-29,1000000.00,4.766864,99.26953125
08:00:33,91282CKR1,TSRYS5802848,D,S,T,2024-05-29,1000000.00,4.766864,99.26953125
08:00:33,91282CKR1,TSRYS5802848,D,S,T,2024-05-29,1000000.00,4.766145,99.271484375
08:00:33,91282CKR1,TSRYS5802848,D,S,T,2024-05-29,1000000.00,4.76399,99.27734375
08:00:33,91282CKR1,TSRYS5802848,D,S,T,2024-05-29,3000000.00,4.76399,99.27734375
08:00:33,91282CKR1,TSRYS5802848,D,S,T,2024-05-29,3000000.00,4.76399,99.27734375
08:00:33,91282CKR1,TSRYS5802848,D,S,T,2024-05-29,1000000.00,4.765427,99.2734375
08:00:33,91282CKR1,TSRYS5802848,D,S,T,2024-05-29,1000000.00,4.766864,99.26953125
08:00:33,91282CKR1,TSRYS5802848,D,S,T,2024-05-29,6000000.00,4.766864,99.26953125
08:00:33,91282CKR1,TSRYS5802848,D,S,T,2024-05-29,9000000.00,4.766864,99.26953125
08:00:33,91282CKR1,TSRYS5802848,D,S,T,2024-05-29,3000000.00,4.766864,99.26953125
08:00:33,91282CKR1,TSRYS5802848,D,S,T,2024-05-29,1000000.00,4.766864,99.26953125
08:00:33,91282CKR1,TSRYS5802848,D,S,T,2024-05-29,2000000.00,4.766864,99.26953125
08:00:33,91282CKR1,TSRYS5802848,D,S,T,2024-05-29,3000000.00,4.766864,99.26953125
08:00:33,91282CKR1,TSRYS5802848,D,S,T,2024-05-29,2000000.00,4.767582,99.267578125
08:00:33,91282CKR1,TSRYS5802848,D,S,T,2024-05-29,3000000.00,4.767582,99.267578125
08:00:33,91282CKR1,TSRYS5802848,D,S,T,2024-05-29,1000000.00,4.768301,99.265625
08:00:33,91282CKR1,TSRYS5802848,D,S,T,2024-05-29,2000000.00,4.769019,99.263671875
08:00:33,91282CKR1,TSRYS5802848,D,S,T,2024-05-29,1000000.00,4.769019,99.263671875
08:00:33,91282CKR1,TSRYS5802848,D,S,T,2024-05-29,1000000.00,4.768301,99.265625
08:00:33,91282CKR1,TSRYS5802848,D,S,T,2024-05-29,2000000.00,4.768301,99.265625
08:00:33,91282CKR1,TSRYS5802848,D,S,T,2024-05-29,1000000.00,4.768301,99.265625
08:00:33,91282CKR1,TSRYS5802848,D,S,T,2024-05-29,1000000.00,4.766864,99.26953125
08:00:33,91282CKR1,TSRYS5802848,D,S,T,2024-05-29,3000000.00,4.769019,99.263671875
08:00:33,91282CKR1,TSRYS5802848,D,S,T,2024-05-29,3000000.00,4.768301,99.265625
08:00:33,91282CKR1,TSRYS5802848,D,S,T,2024-05-29,3000000.00,4.768301,99.265625
08:00:33,91282CKR1,TSRYS5802848,D,S,T,2024-05-29,3000000.00,4.768301,99.265625
08:00:33,91282CKR1,TSRYS5802848,D,S,T,2024-05-29,3000000.00,4.768301,99.265625
08:00:33,91282CKR1,TSRYS5802848,D,S,T,2024-05-29,3000000.00,4.768301,99.265625
08:00:33,91282CKR1,TSRYS5802848,D,S,T,2024-05-29,1000000.00,4.768301,99.265625
08:00:33,91282CKR1,TSRYS5802848,D,S,T,2024-05-29,2000000.00,4.768301,99.265625
08:00:33,91282CKR1,TSRYS5802848,D,S,T,2024-05-29,1000000.00,4.769019,99.263671875
08:00:33,91282CKR1,TSRYS5802848,D,S,T,2024-05-29,1000000.00,4.768301,99.265625
08:00:33,91282CKR1,TSRYS5802848,D,S,T,2024-05-29,1000000.00,4.768301,99.265625
08:00:33,91282CKR1,TSRYS5802848,D,S,T,2024-05-29,2000000.00,4.768301,99.265625
08:00:33,91282CKR1,TSRYS5802848,D,S,T,2024-05-29,1000000.00,4.769738,99.26171875
08:00:33,91282CKR1,TSRYS5802848,D,S,T,2024-05-29,1000000.00,4.769738,99.26171875
08:00:33,91282CKR1,TSRYS5802848,D,S,T,2024-05-29,1000000.00,4.769738,99.26171875
08:00:33,91282CKR1,TSRYS5802848,D,S,T,2024-05-29,1000000.00,4.769738,99.26171875
08:00:33,91282CKR1,TSRYS5802848,D,S,T,2024-05-29,3000000.00,4.769738,99.26171875
08:00:33,91282CKR1,TSRYS5802848,D,S,T,2024-05-29,3000000.00,4.769738,99.26171875
08:00:33,91282CKR1,TSRYS5802848,D,S,T,2024-05-29,1000000.00,4.769738,99.26171875
08:00:33,91282CKR1,TSRYS5802848,D,S,T,2024-05-29,1000000.00,4.771175,99.2578125
08:00:33,91282CKR1,TSRYS5802848,D,S,T,2024-05-29,1000000.00,4.771175,99.2578125
08:00:33,91282CKR1,TSRYS5802848,D,S,T,2024-05-29,1000000.00,4.771175,99.2578125
08:00:33,91282CKR1,TSRYS5802848,D,S,T,2024-05-29,1000000.00,4.771175,99.2578125
08:00:33,91282CKR1,TSRYS5802848,D,S,T,2024-05-29,1000000.00,4.768301,99.265625
08:00:33,91282CKR1,TSRYS5802848,D,S,T,2024-05-29,1000000.00,4.769738,99.26171875
08:00:33,91282CKR1,TSRYS5802848,D,S,T,2024-05-29,1000000.00,4.769738,99.26171875
08:00:33,91282CKR1,TSRYS5802848,D,S,T,2024-05-29,1000000.00,4.769738,99.26171875
08:00:33,91282CKR1,TSRYS5802848,D,S,T,2024-05-29,4000000.00,4.769738,99.26171875
08:00:33,91282CKR1,TSRYS5802848,D,S,T,2024-05-29,1000000.00,4.769738,99.26171875
08:00:33,91282CKR1,TSRYS5802848,D,S,T,2024-05-29,1000000.00,4.769019,99.263671875
08:00:33,91282CKR1,TSRYS5802848,D,S,T,2024-05-29,1000000.00,4.769738,99.26171875
08:00:33,91282CKR1,TSRYS5802848,D,S,T,2024-05-29,3000000.00,4.769738,99.26171875
08:00:33,91282CKR1,TSRYS5802848,D,S,T,2024-05-29,3000000.00,4.769738,99.26171875
08:00:33,91282CKR1,TSRYS5802848,D,S,T,2024-05-29,3000000.00,4.769738,99.26171875
08:00:33,91282CKR1,TSRYS5802848,D,S,T,2024-05-29,3000000.00,4.769738,99.26171875
08:00:33,91282CKR1,TSRYS5802848,D,S,T,2024-05-29,2000000.00,4.769738,99.26171875
08:00:33,91282CKR1,TSRYS5802848,D,S,T,2024-05-29,2000000.00,4.769738,99.26171875
08:00:33,91282CKR1,TSRYS5802848,D,S,T,2024-05-29,2000000.00,4.769738,99.26171875
08:00:33,91282CKR1,TSRYS5802848,D,S,T,2024-05-29,2000000.00,4.769738,99.26171875
08:00:33,91282CKR1,TSRYS5802848,D,S,T,2024-05-29,1000000.00,4.769738,99.26171875
08:00:33,91282CKR1,TSRYS5802848,D,S,T,2024-05-29,1000000.00,4.769738,99.26171875
08:00:33,91282CKR1,TSRYS5802848,D,S,T,2024-05-29,1000000.00,4.769738,99.26171875
08:00:33,91282CKR1,TSRYS5802848,D,S,T,2024-05-29,1000000.00,4.771175,99.2578125
08:00:33,91282CKR1,TSRYS5802848,D,S,T,2024-05-29,2000000.00,4.771175,99.2578125
08:00:33,91282CKR1,TSRYS5802848,D,S,T,2024-05-29,2000000.00,4.771175,99.2578125
08:00:33,91282CKR1,TSRYS5802848,D,S,T,2024-05-29,2000000.00,4.771175,99.2578125
08:00:33,91282CKR1,TSRYS5802848,D,S,T,2024-05-29,1000000.00,4.771175,99.2578125
08:00:33,91282CKR1,TSRYS5802848,D,S,T,2024-05-29,1000000.00,4.771175,99.2578125
08:00:33,91282CKR1,TSRYS5802848,D,S,T,2024-05-29,1000000.00,4.771175,99.2578125
08:00:33,91282CKR1,TSRYS5802848,D,S,T,2024-05-29,2000000.00,4.771175,99.2578125
08:00:33,91282CKR1,TSRYS5802848,D,S,T,2024-05-29,2000000.00,4.771175,99.2578125
08:00:33,91282CKR1,TSRYS5802848,D,S,T,2024-05-29,1000000.00,4.771175,99.2578125
08:00:33,91282CKR1,TSRYS5802848,D,S,T,2024-05-29,1000000.00,4.771175,99.2578125
08:00:33,91282CKR1,TSRYS5802848,D,S,T,2024-05-29,1000000.00,4.771175,99.2578125
08:00:33,91282CKR1,TSRYS5802848,D,S,T,2024-05-29,1000000.00,4.771175,99.2578125
08:00:33,91282CKR1,TSRYS5802848,D,S,T,2024-05-29,1000000.00,4.771175,99.2578125
08:00:33,91282CKR1,TSRYS5802848,D,S,T,2024-05-29,1000000.00,4.772613,99.25390625
08:00:33,91282CKR1,TSRYS5802848,D,S,T,2024-05-29,3000000.00,4.772613,99.25390625
08:00:33,91282CKR1,TSRYS5802848,D,S,T,2024-05-29,5000000.00,4.771175,99.2578125
08:00:33,91282CKR1,TSRYS5802848,D,S,T,2024-05-29,1000000.00,4.770457,99.259765625
08:00:33,91282CKR1,TSRYS5802848,D,S,T,2024-05-29,1000000.00,4.771175,99.2578125
08:00:33,91282CKR1,TSRYS5802848,D,S,T,2024-05-29,1000000.00,4.77405,99.25
08:00:33,91282CKR1,TSRYS5802848,D,S,T,2024-05-29,1000000.00,4.77405,99.25
08:00:33,91282CKR1,TSRYS5802848,D,S,T,2024-05-29,1000000.00,4.77405,99.25
08:00:33,91282CKR1,TSRYS5802848,D,S,T,2024-05-29,1000000.00,4.77405,99.25
08:00:33,91282CKR1,TSRYS5802848,D,S,T,2024-05-29,1000000.00,4.776206,99.244140625
08:00:33,91282CKR1,TSRYS5802848,D,S,T,2024-05-29,1000000.00,4.775488,99.24609375
08:00:33,91282CKR1,TSRYS5802848,D,S,T,2024-05-29,1000000.00,4.776206,99.244140625
08:00:33,91282CKR1,TSRYS5802848,D,S,T,2024-05-29,1000000.00,4.775488,99.24609375
08:00:33,91282CKR1,TSRYS5802848,D,S,T,2024-05-29,3000000.00,4.776925,99.2421875
08:00:33,91282CKR1,TSRYS5802848,D,S,T,2024-05-29,1000000.00,4.776925,99.2421875
08:00:33,91282CKR1,TSRYS5802848,D,S,T,2024-05-29,3000000.00,4.776925,99.2421875
08:00:33,91282CKR1,TSRYS5802848,D,S,T,2024-05-29,2000000.00,4.776925,99.2421875
08:00:33,91282CKR1,TSRYS5802848,D,S,T,2024-05-29,1000000.00,4.776925,99.2421875
08:00:33,91282CKR1,TSRYS5802848,D,S,T,2024-05-29,2000000.00,4.778363,99.23828125
08:00:33,91282CKR1,TSRYS5802848,D,S,T,2024-05-29,1000000.00,4.778363,99.23828125
08:00:33,91282CKR1,TSRYS5802848,D,S,T,2024-05-29,4000000.00,4.778363,99.23828125
08:00:33,91282CKR1,TSRYS5802848,D,S,T,2024-05-29,3000000.00,4.778363,99.23828125
08:00:33,91282CKR1,TSRYS5802848,D,S,T,2024-05-29,1000000.00,4.778363,99.23828125
08:00:33,91282CKR1,TSRYS5802848,D,S,T,2024-05-29,1000000.00,4.778363,99.23828125
08:00:33,91282CKR1,TSRYS5802848,D,S,T,2024-05-29,1000000.00,4.776925,99.2421875
08:00:33,91282CKR1,TSRYS5802848,D,S,T,2024-05-29,1000000.00,4.778363,99.23828125
08:00:33,91282CKR1,TSRYS5802848,D,S,T,2024-05-29,1000000.00,4.778363,99.23828125
08:00:33,91282CKR1,TSRYS5802848,D,S,T,2024-05-29,1000000.00,4.778363,99.23828125
08:00:33,91282CKR1,TSRYS5802848,D,S,T,2024-05-29,1000000.00,4.778363,99.23828125
08:00:33,91282CKR1,TSRYS5802848,D,S,T,2024-05-29,1000000.00,4.778363,99.23828125
08:00:33,91282CKR1,TSRYS5802848,D,S,T,2024-05-29,1000000.00,4.776925,99.2421875
08:00:33,91282CKR1,TSRYS5802848,D,S,T,2024-05-29,1000000.00,4.776925,99.2421875
08:00:33,91282CKR1,TSRYS5802848,D,S,T,2024-05-29,1000000.00,4.776925,99.2421875
08:00:33,91282CKR1,TSRYS5802848,D,S,T,2024-05-29,1000000.00,4.776925,99.2421875
08:00:33,91282CKR1,TSRYS5802848,D,S,T,2024-05-29,1000000.00,4.776925,99.2421875
08:00:33,91282CKR1,TSRYS5802848,D,S,T,2024-05-29,1000000.00,4.775488,99.24609375
08:00:33,91282CKR1,TSRYS5802848,D,S,T,2024-05-29,2000000.00,4.771175,99.2578125
08:00:33,91282CKR1,TSRYS5802848,D,S,T,2024-05-29,2000000.00,4.771175,99.2578125
08:00:33,91282CKR1,TSRYS5802848,D,S,T,2024-05-29,2000000.00,4.771175,99.2578125
08:00:33,91282CKR1,TSRYS5802848,D,S,T,2024-05-29,1000000.00,4.771175,99.2578125
08:00:33,91282CKR1,TSRYS5802848,D,S,T,2024-05-29,2000000.00,4.771175,99.2578125
08:00:33,91282CKR1,TSRYS5802848,D,S,T,2024-05-29,2000000.00,4.771175,99.2578125
08:00:33,91282CKR1,TSRYS5802848,D,S,T,2024-05-29,1000000.00,4.771175,99.2578125
08:00:33,91282CKR1,TSRYS5802848,D,S,T,2024-05-29,2000000.00,4.771175,99.2578125
08:00:33,91282CKR1,TSRYS5802848,D,S,T,2024-05-29,1000000.00,4.769019,99.263671875
08:00:33,91282CKR1,TSRYS5802848,D,S,T,2024-05-29,2000000.00,4.769738,99.26171875
08:00:33,91282CKR1,TSRYS5802848,D,S,T,2024-05-29,1000000.00,4.769738,99.26171875
08:00:33,91282CKR1,TSRYS5802848,D,S,T,2024-05-29,1000000.00,4.769738,99.26171875
08:00:33,91282CKR1,TSRYS5802848,D,S,T,2024-05-29,1000000.00,4.768301,99.265625
08:00:33,91282CKR1,TSRYS5802848,D,S,T,2024-05-29,4000000.00,4.768301,99.265625
08:00:33,91282CKR1,TSRYS5802848,D,S,T,2024-05-29,2000000.00,4.768301,99.265625
08:00:33,91282CKR1,TSRYS5802848,D,S,T,2024-05-29,1000000.00,4.768301,99.265625
08:00:33,91282CKR1,TSRYS5802848,D,S,T,2024-05-29,2000000.00,4.768301,99.265625
08:00:33,91282CKR1,TSRYS5802848,D,S,T,2024-05-29,3000000.00,4.768301,99.265625
08:00:33,91282CKR1,TSRYS5802848,D,S,T,2024-05-29,1000000.00,4.768301,99.265625
08:00:33,91282CKR1,TSRYS5802848,D,S,T,2024-05-29,2000000.00,4.768301,99.265625
08:00:33,91282CKR1,TSRYS5802848,D,S,T,2024-05-29,4000000.00,4.768301,99.265625
08:00:33,91282CKR1,TSRYS5802848,D,S,T,2024-05-29,1000000.00,4.768301,99.265625
08:00:33,91282CKR1,TSRYS5802848,D,S,T,2024-05-29,2000000.00,4.768301,99.265625
08:00:33,91282CKR1,TSRYS5802848,D,S,T,2024-05-29,2000000.00,4.766864,99.26953125
08:00:33,91282CKR1,TSRYS5802848,D,S,T,2024-05-29,1000000.00,4.766145,99.271484375
08:00:33,91282CKR1,TSRYS5802848,D,S,T,2024-05-29,1000000.00,4.76399,99.27734375
08:00:33,91282CKR1,TSRYS5802848,D,S,T,2024-05-29,1000000.00,4.761834,99.283203125
08:00:33,91282CKR1,TSRYS5802848,D,S,T,2024-05-29,2000000.00,4.761834,99.283203125
08:00:33,91282CKR1,TSRYS5802848,D,S,T,2024-05-29,2000000.00,4.762553,99.28125
08:00:33,91282CKR1,TSRYS5802848,D,S,T,2024-05-29,1000000.00,4.76399,99.27734375
08:00:33,91282CKR1,TSRYS5802848,D,S,T,2024-05-29,1000000.00,4.765427,99.2734375
08:00:33,91282CKR1,TSRYS5802848,D,S,D,2024-05-29,2000000.00,4.775488,99.24609375
08:00:33,91282CKR1,TSRYS5802848,D,S,T,2024-05-29,1000000.00,4.76399,99.27734375
08:00:33,91282CKR1,TSRYS5802848,D,S,T,2024-05-29,1000000.00,4.762553,99.28125
08:00:33,91282CKR1,TSRYS5802848,D,S,T,2024-05-29,1000000.00,4.762553,99.28125
08:00:33,91282CKR1,TSRYS5802848,D,S,T,2024-05-29,1000000.00,4.762553,99.28125
08:00:33,91282CKR1,TSRYS5802848,D,S,T,2024-05-29,1000000.00,4.762553,99.28125
08:00:33,91282CKR1,TSRYS5802848,D,S,T,2024-05-29,1000000.00,4.762553,99.28125
08:00:33,91282CKR1,TSRYS5802848,D,S,T,2024-05-29,1000000.00,4.759679,99.2890625
08:00:33,91282CKR1,TSRYS5802848,D,S,T,2024-05-29,1000000.00,4.759679,99.2890625
08:00:33,91282CKR1,TSRYS5802848,D,S,T,2024-05-29,3000000.00,4.762553,99.28125
08:00:33,91282CKR1,TSRYS5802848,D,S,T,2024-05-29,1000000.00,4.76399,99.27734375
08:00:33,91282CKR1,TSRYS5802848,D,S,T,2024-05-29,3000000.00,4.765427,99.2734375
08:00:33,91282CKR1,TSRYS5802848,D,S,T,2024-05-29,1000000.00,4.76399,99.27734375
08:00:33,91282CKR1,TSRYS5802848,D,S,T,2024-05-29,1000000.00,4.762553,99.28125
08:00:33,91282CKR1,TSRYS5802848,D,S,T,2024-05-29,1000000.00,4.761116,99.28515625
08:00:33,91282CKR1,TSRYS5802848,D,S,T,2024-05-29,1000000.00,4.761116,99.28515625
08:00:33,91282CKR1,TSRYS5802848,D,S,T,2024-05-29,2000000.00,4.761834,99.283203125
08:00:33,91282CKR1,TSRYS5802848,D,S,T,2024-05-29,1000000.00,4.762553,99.28125
08:00:33,91282CKR1,TSRYS5802848,D,S,T,2024-05-29,2000000.00,4.762553,99.28125
08:00:33,91282CKR1,TSRYS5802848,D,S,T,2024-05-29,1000000.00,4.762553,99.28125
08:00:33,91282CKR1,TSRYS5802848,D,S,T,2024-05-29,1000000.00,4.762553,99.28125
08:00:33,91282CKR1,TSRYS5802848,D,S,T,2024-05-29,1000000.00,4.76399,99.27734375
08:00:33,91282CKR1,TSRYS5802848,D,S,T,2024-05-29,2000000.00,4.764708,99.275390625
08:00:33,91282CKR1,TSRYS5802848,D,S,T,2024-05-29,2000000.00,4.764708,99.275390625
08:00:33,91282CKR1,TSRYS5802848,D,S,T,2024-05-29,1000000.00,4.763271,99.279296875
08:00:33,91282CKR1,TSRYS5802848,D,S,T,2024-05-29,1000000.00,4.763271,99.279296875
08:00:33,91282CKR1,TSRYS5802848,D,S,T,2024-05-29,1000000.00,4.763271,99.279296875
08:00:33,91282CKR1,TSRYS5802848,D,S,T,2024-05-29,1000000.00,4.76399,99.27734375
08:00:33,91282CKR1,TSRYS5802848,D,S,T,2024-05-29,1000000.00,4.762553,99.28125
08:00:33,91282CKR1,TSRYS5802848,D,S,T,2024-05-29,4000000.00,4.763271,99.279296875
08:00:33,91282CKR1,TSRYS5802848,D,S,T,2024-05-29,1000000.00,4.762553,99.28125
08:00:33,91282CKR1,TSRYS5802848,D,S,T,2024-05-29,2000000.00,4.763271,99.279296875
08:00:33,91282CKR1,TSRYS5802848,D,S,T,2024-05-29,2000000.00,4.76399,99.27734375
08:00:33,91282CKR1,TSRYS5802848,D,S,T,2024-05-29,1000000.00,4.76399,99.27734375
08:00:33,91282CKR1,TSRYS5802848,D,S,T,2024-05-29,1000000.00,4.76399,99.27734375
08:00:33,91282CKR1,TSRYS5802848,D,S,T,2024-05-29,1000000.00,4.765427,99.2734375
08:00:33,91282CKR1,TSRYS5802848,D,S,T,2024-05-29,1000000.00,4.765427,99.2734375
08:00:33,91282CKR1,TSRYS5802848,D,S,T,2024-05-29,1000000.00,4.765427,99.2734375
08:00:33,91282CKR1,TSRYS5802848,D,S,T,2024-05-29,1000000.00,4.766145,99.271484375
08:00:33,91282CKR1,TSRYS5802848,D,S,T,2024-05-29,1000000.00,4.766864,99.26953125
08:00:33,91282CKR1,TSRYS5802848,D,S,T,2024-05-29,1000000.00,4.766864,99.26953125
08:00:33,91282CKR1,TSRYS5802848,D,S,T,2024-05-29,1000000.00,4.766864,99.26953125
08:00:33,91282CKR1,TSRYS5802848,D,S,T,2024-05-29,1000000.00,4.766864,99.26953125
08:00:33,91282CKR1,TSRYS5802848,D,S,T,2024-05-29,4000000.00,4.766864,99.26953125
08:00:33,91282CKR1,TSRYS5802848,D,S,T,2024-05-29,2000000.00,4.766864,99.26953125
08:00:33,91282CKR1,TSRYS5802848,D,S,T,2024-05-29,2000000.00,4.766864,99.26953125
08:00:33,91282CKR1,TSRYS5802848,D,S,T,2024-05-29,3000000.00,4.766864,99.26953125
08:00:33,91282CKR1,TSRYS5802848,D,S,T,2024-05-29,4000000.00,4.766864,99.26953125
08:00:33,91282CKR1,TSRYS5802848,D,S,T,2024-05-29,1000000.00,4.766864,99.26953125
08:00:33,91282CKR1,TSRYS5802848,D,S,T,2024-05-29,1000000.00,4.766864,99.26953125
08:00:33,91282CKR1,TSRYS5802848,D,S,T,2024-05-29,1000000.00,4.766145,99.271484375
08:00:33,91282CKR1,TSRYS5802848,D,S,T,2024-05-29,1000000.00,4.76399,99.27734375
08:00:33,91282CKR1,TSRYS5802848,D,S,T,2024-05-29,3000000.00,4.76399,99.27734375
08:00:33,91282CKR1,TSRYS5802848,D,S,T,2024-05-29,3000000.00,4.76399,99.27734375
08:00:33,91282CKR1,TSRYS5802848,D,S,T,2024-05-29,1000000.00,4.765427,99.2734375
08:00:33,91282CKR1,TSRYS5802848,D,S,T,2024-05-29,1000000.00,4.766864,99.26953125
08:00:33,91282CKR1,TSRYS5802848,D,S,T,2024-05-29,6000000.00,4.766864,99.26953125
08:00:33,91282CKR1,TSRYS5802848,D,S,T,2024-05-29,9000000.00,4.766864,99.26953125
08:00:33,91282CKR1,TSRYS5802848,D,S,T,2024-05-29,3000000.00,4.766864,99.26953125
08:00:33,91282CKR1,TSRYS5802848,D,S,T,2024-05-29,1000000.00,4.766864,99.26953125
08:00:33,91282CKR1,TSRYS5802848,D,S,T,2024-05-29,2000000.00,4.766864,99.26953125
08:00:33,91282CKR1,TSRYS5802848,D,S,T,2024-05-29,3000000.00,4.766864,99.26953125
08:00:33,91282CKR1,TSRYS5802848,D,S,T,2024-05-29,2000000.00,4.767582,99.267578125
08:00:33,91282CKR1,TSRYS5802848,D,S,T,2024-05-29,3000000.00,4.767582,99.267578125
08:00:33,91282CKR1,TSRYS5802848,D,S,T,2024-05-29,1000000.00,4.768301,99.265625
08:00:33,91282CKR1,TSRYS5802848,D,S,T,2024-05-29,2000000.00,4.769019,99.263671875
08:00:33,91282CKR1,TSRYS5802848,D,S,T,2024-05-29,1000000.00,4.769019,99.263671875
08:00:33,91282CKR1,TSRYS5802848,D,S,T,2024-05-29,1000000.00,4.768301,99.265625
08:00:33,91282CKR1,TSRYS5802848,D,S,T,2024-05-29,2000000.00,4.768301,99.265625
08:00:33,91282CKR1,TSRYS5802848,D,S,T,2024-05-29,1000000.00,4.768301,99.265625
08:00:33,91282CKR1,TSRYS5802848,D,S,T,2024-05-29,1000000.00,4.766864,99.26953125
08:00:33,91282CKR1,TSRYS5802848,D,S,T,2024-05-29,3000000.00,4.769019,99.263671875
08:00:33,91282CKR1,TSRYS5802848,D,S,T,2024-05-29,3000000.00,4.768301,99.265625
08:00:33,91282CKR1,TSRYS5802848,D,S,T,2024-05-29,3000000.00,4.768301,99.265625
08:00:33,91282CKR1,TSRYS5802848,D,S,T,2024-05-29,3000000.00,4.768301,99.265625
08:00:33,91282CKR1,TSRYS5802848,D,S,T,2024-05-29,3000000.00,4.768301,99.265625
08:00:33,91282CKR1,TSRYS5802848,D,S,T,2024-05-29,3000000.00,4.768301,99.265625
08:00:33,91282CKR1,TSRYS5802848,D,S,T,2024-05-29,1000000.00,4.768301,99.265625
08:00:33,91282CKR1,TSRYS5802848,D,S,T,2024-05-29,2000000.00,4.768301,99.265625
08:00:33,91282CKR1,TSRYS5802848,D,S,T,2024-05-29,1000000.00,4.769019,99.263671875
08:00:33,91282CKR1,TSRYS5802848,D,S,T,2024-05-29,1000000.00,4.768301,99.265625
08:00:33,91282CKR1,TSRYS5802848,D,S,T,2024-05-29,1000000.00,4.768301,99.265625
08:00:33,91282CKR1,TSRYS5802848,D,S,T,2024-05-29,2000000.00,4.768301,99.265625
08:00:33,91282CKR1,TSRYS5802848,D,S,T,2024-05-29,1000000.00,4.769738,99.26171875
08:00:33,91282CKR1,TSRYS5802848,D,S,T,2024-05-29,1000000.00,4.769738,99.26171875
08:00:33,91282CKR1,TSRYS5802848,D,S,T,2024-05-29,1000000.00,4.769738,99.26171875
08:00:33,91282CKR1,TSRYS5802848,D,S,T,2024-05-29,1000000.00,4.769738,99.26171875
08:00:33,91282CKR1,TSRYS5802848,D,S,T,2024-05-29,3000000.00,4.769738,99.26171875
08:00:33,91282CKR1,TSRYS5802848,D,S,T,2024-05-29,3000000.00,4.769738,99.26171875
08:00:33,91282CKR1,TSRYS5802848,D,S,T,2024-05-29,1000000.00,4.769738,99.26171875
08:00:33,91282CKR1,TSRYS5802848,D,S,T,2024-05-29,1000000.00,4.771175,99.2578125
08:00:33,91282CKR1,TSRYS5802848,D,S,T,2024-05-29,1000000.00,4.771175,99.2578125
08:00:33,91282CKR1,TSRYS5802848,D,S,T,2024-05-29,1000000.00,4.771175,99.2578125
08:00:33,91282CKR1,TSRYS5802848,D,S,T,2024-05-29,1000000.00,4.771175,99.2578125
08:00:33,91282CKR1,TSRYS5802848,D,S,T,2024-05-29,1000000.00,4.768301,99.265625
08:00:33,91282CKR1,TSRYS5802848,D,S,T,2024-05-29,1000000.00,4.769738,99.26171875
08:00:33,91282CKR1,TSRYS5802848,D,S,T,2024-05-29,1000000.00,4.769738,99.26171875
08:00:33,91282CKR1,TSRYS5802848,D,S,T,2024-05-29,1000000.00,4.769738,99.26171875
08:00:33,91282CKR1,TSRYS5802848,D,S,T,2024-05-29,4000000.00,4.769738,99.26171875
08:00:33,91282CKR1,TSRYS5802848,D,S,T,2024-05-29,1000000.00,4.769738,99.26171875
08:00:33,91282CKR1,TSRYS5802848,D,S,T,2024-05-29,1000000.00,4.769019,99.263671875
08:00:33,91282CKR1,TSRYS5802848,D,S,T,2024-05-29,1000000.00,4.769738,99.26171875
08:00:33,91282CKR1,TSRYS5802848,D,S,T,2024-05-29,3000000.00,4.769738,99.26171875
08:00:33,91282CKR1,TSRYS5802848,D,S,T,2024-05-29,3000000.00,4.769738,99.26171875
08:00:33,91282CKR1,TSRYS5802848,D,S,T,2024-05-29,3000000.00,4.769738,99.26171875
08:00:33,91282CKR1,TSRYS5802848,D,S,T,2024-05-29,3000000.00,4.769738,99.26171875
08:00:33,91282CKR1,TSRYS5802848,D,S,T,2024-05-29,2000000.00,4.769738,99.26171875
08:00:33,91282CKR1,TSRYS5802848,D,S,T,2024-05-29,2000000.00,4.769738,99.26171875
08:00:33,91282CKR1,TSRYS5802848,D,S,T,2024-05-29,2000000.00,4.769738,99.26171875
08:00:33,91282CKR1,TSRYS5802848,D,S,T,2024-05-29,2000000.00,4.769738,99.26171875
08:00:33,91282CKR1,TSRYS5802848,D,S,T,2024-05-29,1000000.00,4.769738,99.26171875
08:00:33,91282CKR1,TSRYS5802848,D,S,T,2024-05-29,1000000.00,4.769738,99.26171875
08:00:33,91282CKR1,TSRYS5802848,D,S,T,2024-05-29,1000000.00,4.769738,99.26171875
08:00:33,91282CKR1,TSRYS5802848,D,S,T,2024-05-29,1000000.00,4.771175,99.2578125
08:00:33,91282CKR1,TSRYS5802848,D,S,T,2024-05-29,2000000.00,4.771175,99.2578125
08:00:33,91282CKR1,TSRYS5802848,D,S,T,2024-05-29,2000000.00,4.771175,99.2578125
08:00:33,91282CKR1,TSRYS5802848,D,S,T,2024-05-29,2000000.00,4.771175,99.2578125
08:00:33,91282CKR1,TSRYS5802848,D,S,T,2024-05-29,1000000.00,4.771175,99.2578125
08:00:33,91282CKR1,TSRYS5802848,D,S,T,2024-05-29,1000000.00,4.771175,99.2578125
08:00:33,91282CKR1,TSRYS5802848,D,S,T,2024-05-29,1000000.00,4.771175,99.2578125
08:00:33,91282CKR1,TSRYS5802848,D,S,T,2024-05-29,2000000.00,4.771175,99.2578125
08:00:33,91282CKR1,TSRYS5802848,D,S,T,2024-05-29,2000000.00,4.771175,99.2578125
08:00:33,91282CKR1,TSRYS5802848,D,S,T,2024-05-29,1000000.00,4.771175,99.2578125
08:00:33,91282CKR1,TSRYS5802848,D,S,T,2024-05-29,1000000.00,4.771175,99.2578125
08:00:33,91282CKR1,TSRYS5802848,D,S,T,2024-05-29,1000000.00,4.771175,99.2578125
08:00:33,91282CKR1,TSRYS5802848,D,S,T,2024-05-29,1000000.00,4.771175,99.2578125
08:00:33,91282CKR1,TSRYS5802848,D,S,T,2024-05-29,1000000.00,4.771175,99.2578125
08:00:33,91282CKR1,TSRYS5802848,D,S,T,2024-05-29,1000000.00,4.772613,99.25390625
08:00:33,91282CKR1,TSRYS5802848,D,S,T,2024-05-29,3000000.00,4.772613,99.25390625
08:00:33,91282CKR1,TSRYS5802848,D,S,T,2024-05-29,5000000.00,4.771175,99.2578125
08:00:33,91282CKR1,TSRYS5802848,D,S,T,2024-05-29,1000000.00,4.770457,99.259765625
08:00:33,91282CKR1,TSRYS5802848,D,S,T,2024-05-29,1000000.00,4.771175,99.2578125
08:00:34,91282CKR1,TSRYS5802848,D,S,T,2024-05-29,1000000.00,4.766864,99.26953125
08:00:34,91282CKR1,TSRYS5802848,D,S,T,2024-05-29,1000000.00,4.766864,99.26953125
08:00:34,91282CKR1,TSRYS5802848,D,S,T,2024-05-29,1000000.00,4.764708,99.275390625
08:00:34,91282CKR1,TSRYS5802848,D,S,T,2024-05-29,1000000.00,4.765427,99.2734375
08:00:34,91282CKR1,TSRYS5802848,D,S,T,2024-05-29,2000000.00,4.765427,99.2734375
08:00:34,91282CKR1,TSRYS5802848,D,S,T,2024-05-29,1000000.00,4.765427,99.2734375
08:00:34,91282CKR1,TSRYS5802848,D,S,T,2024-05-29,1000000.00,4.765427,99.2734375
08:00:34,91282CKR1,TSRYS5802848,D,S,T,2024-05-29,1000000.00,4.765427,99.2734375
08:00:34,91282CKR1,TSRYS5802848,D,S,T,2024-05-29,1000000.00,4.765427,99.2734375
08:00:34,91282CKR1,TSRYS5802848,D,S,T,2024-05-29,1000000.00,4.763271,99.279296875
08:00:34,91282CKR1,TSRYS5802848,D,S,T,2024-05-29,1000000.00,4.763271,99.279296875
08:00:34,91282CKR1,TSRYS5802848,D,S,T,2024-05-29,1000000.00,4.763271,99.279296875
08:00:34,91282CKR1,TSRYS5802848,D,S,T,2024-05-29,1000000.00,4.765427,99.2734375
08:00:34,91282CKR1,TSRYS5802848,D,S,T,2024-05-29,1000000.00,4.758242,99.29296875
08:00:34,91282CKR1,TSRYS5802848,D,S,T,2024-05-29,1000000.00,4.758242,99.29296875
08:00:34,91282CKR1,TSRYS5802848,D,S,T,2024-05-29,1000000.00,4.756806,99.296875
08:00:34,91282CKR1,TSRYS5802848,D,S,T,2024-05-29,1000000.00,4.756806,99.296875
08:00:34,91282CKR1,TSRYS5802848,D,S,T,2024-05-29,1000000.00,4.759679,99.2890625
08:00:34,91282CKR1,TSRYS5802848,D,S,T,2024-05-29,1000000.00,4.759679,99.2890625
08:00:34,91282CKR1,TSRYS5802848,D,S,T,2024-05-29,4000000.00,4.757524,99.294921875
08:00:34,91282CKR1,TSRYS5802848,D,S,T,2024-05-29,1000000.00,4.757524,99.294921875
08:00:34,91282CKR1,TSRYS5802848,D,S,T,2024-05-29,1000000.00,4.756806,99.296875
08:00:34,91282CKR1,TSRYS5802848,D,S,T,2024-05-29,2000000.00,4.756806,99.296875
08:00:34,91282CKR1,TSRYS5802848,D,S,T,2024-05-29,1000000.00,4.756806,99.296875
08:00:34,91282CKR1,TSRYS5802848,D,S,T,2024-05-29,2000000.00,4.756806,99.296875
08:00:34,91282CKR1,TSRYS5802848,D,S,T,2024-05-29,2000000.00,4.756806,99.296875
08:00:34,91282CKR1,TSRYS5802848,D,S,T,2024-05-29,1000000.00,4.756806,99.296875
08:00:34,91282CKR1,TSRYS5802848,D,S,T,2024-05-29,1000000.00,4.756806,99.296875
08:00:34,91282CKR1,TSRYS5802848,D,S,T,2024-05-29,2000000.00,4.756806,99.296875
08:00:34,91282CKR1,TSRYS5802848,D,S,T,2024-05-29,2000000.00,4.756806,99.296875
08:00:34,91282CKR1,TSRYS5802848,D,S,T,2024-05-29,1000000.00,4.756806,99.296875
08:00:34,91282CKR1,TSRYS5802848,D,S,T,2024-05-29,1000000.00,4.756806,99.296875
08:00:34,91282CKR1,TSRYS5802848,D,S,T,2024-05-29,1000000.00,4.756806,99.296875
08:00:34,91282CKR1,TSRYS5802848,D,S,T,2024-05-29,1000000.00,4.756806,99.296875
08:00:34,91282CKR1,TSRYS5802848,D,S,T,2024-05-29,2000000.00,4.758242,99.29296875
08:00:34,91282CKR1,TSRYS5802848,D,S,T,2024-05-29,2000000.00,4.758242,99.29296875
08:00:34,91282CKR1,TSRYS5802848,D,S,T,2024-05-29,2000000.00,4.758242,99.29296875
08:00:34,91282CKR1,TSRYS5802848,D,S,T,2024-05-29,2000000.00,4.758242,99.29296875
08:00:34,91282CKR1,TSRYS5802848,D,S,T,2024-05-29,2000000.00,4.758242,99.29296875
08:00:34,91282CKR1,TSRYS5802848,D,S,T,2024-05-29,2000000.00,4.758242,99.29296875
08:00:34,91282CKR1,TSRYS5802848,D,S,T,2024-05-29,1000000.00,4.758242,99.29296875
08:00:34,91282CKR1,TSRYS5802848,D,S,T,2024-05-29,2000000.00,4.758242,99.29296875
08:00:34,91282CKR1,TSRYS5802848,D,S,T,2024-05-29,1000000.00,4.758242,99.29296875
08:00:34,91282CKR1,TSRYS5802848,D,S,T,2024-05-29,1000000.00,4.758242,99.29296875
08:00:34,91282CKR1,TSRYS5802848,D,S,T,2024-05-29,1000000.00,4.758242,99.29296875
08:00:34,91282CKR1,TSRYS5802848,D,S,T,2024-05-29,1000000.00,4.759679,99.2890625
08:00:34,91282CKR1,TSRYS5802848,D,S,T,2024-05-29,1000000.00,4.762553,99.28125
08:00:34,91282CKR1,TSRYS5802848,D,S,T,2024-05-29,1000000.00,4.763271,99.279296875
08:00:34,91282CKR1,TSRYS5802848,D,S,T,2024-05-29,1000000.00,4.763271,99.279296875
08:00:34,91282CKR1,TSRYS5802848,D,S,T,2024-05-29,1000000.00,4.763271,99.279296875
08:00:34,91282CKR1,TSRYS5802848,D,S,T,2024-05-29,1000000.00,4.768301,99.265625
08:00:34,91282CKR1,TSRYS5802848,D,S,T,2024-05-29,3000000.00,4.766864,99.26953125
08:00:34,91282CKR1,TSRYS5802848,D,S,T,2024-05-29,1000000.00,4.766864,99.26953125
08:00:34,91282CKR1,TSRYS5802848,D,S,T,2024-05-29,1000000.00,4.762553,99.28125
08:00:34,91282CKR1,TSRYS5802848,D,S,T,2024-05-29,1000000.00,4.76399,99.27734375
08:00:34,91282CKR1,TSRYS5802848,D,S,T,2024-05-29,1000000.00,4.76399,99.27734375
08:00:34,91282CKR1,TSRYS5802848,D,S,T,2024-05-29,1000000.00,4.76399,99.27734375
08:00:34,91282CKR1,TSRYS5802848,D,S,T,2024-05-29,1000000.00,4.76399,99.27734375
08:00:34,91282CKR1,TSRYS5802848,D,S,T,2024-05-29,1000000.00,4.762553,99.28125
08:00:34,91282CKR1,TSRYS5802848,D,S,T,2024-05-29,1000000.00,4.76399,99.27734375
08:00:34,91282CKR1,TSRYS5802848,D,S,T,2024-05-29,1000000.00,4.764708,99.275390625
08:00:34,91282CKR1,TSRYS5802848,D,S,T,2024-05-29,1000000.00,4.764708,99.275390625
08:00:34,91282CKR1,TSRYS5802848,D,S,T,2024-05-29,1000000.00,4.764708,99.275390625
08:00:34,91282CKR1,TSRYS5802848,D,S,T,2024-05-29,1000000.00,4.761116,99.28515625
08:00:34,91282CKR1,TSRYS5802848,D,S,T,2024-05-29,1000000.00,4.760398,99.287109375
08:00:34,91282CKR1,TSRYS5802848,D,S,T,2024-05-29,1000000.00,4.762553,99.28125
08:00:34,91282CKR1,TSRYS5802848,D,S,T,2024-05-29,1000000.00,4.76399,99.27734375
08:00:34,91282CKR1,TSRYS5802848,D,S,T,2024-05-29,1000000.00,4.76399,99.27734375
08:00:34,91282CKR1,TSRYS5802848,D,S,T,2024-05-29,1000000.00,4.76399,99.27734375
08:00:34,91282CKR1,TSRYS5802848,D,S,T,2024-05-29,1000000.00,4.76399,99.27734375
08:00:34,91282CKR1,TSRYS5802848,D,S,T,2024-05-29,2000000.00,4.76399,99.27734375
08:00:34,91282CKR1,TSRYS5802848,D,S,T,2024-05-29,1000000.00,4.76399,99.27734375
08:00:34,91282CKR1,TSRYS5802848,D,S,T,2024-05-29,1000000.00,4.76399,99.27734375
08:00:34,91282CKR1,TSRYS5802848,D,S,T,2024-05-29,1000000.00,4.76399,99.27734375
08:00:34,91282CKR1,TSRYS5802848,D,S,T,2024-05-29,1000000.00,4.764708,99.275390625
08:00:34,91282CKR1,TSRYS5802848,D,S,T,2024-05-29,1000000.00,4.764708,99.275390625
08:00:34,91282CKR1,TSRYS5802848,D,S,T,2024-05-29,1000000.00,4.764708,99.275390625
08:00:34,91282CKR1,TSRYS5802848,D,S,T,2024-05-29,1000000.00,4.76399,99.27734375
08:00:34,91282CKR1,TSRYS5802848,D,S,T,2024-05-29,1000000.00,4.76399,99.27734375
08:00:34,91282CKR1,TSRYS5802848,D,S,T,2024-05-29,1000000.00,4.76399,99.27734375
08:00:34,91282CKR1,TSRYS5802848,D,S,T,2024-05-29,1000000.00,4.76399,99.27734375
08:00:34,91282CKR1,TSRYS5802848,D,S,T,2024-05-29,2000000.00,4.76399,99.27734375
08:00:34,91282CKR1,TSRYS5802848,D,S,T,2024-05-29,2000000.00,4.759679,99.2890625
08:00:34,91282CKR1,TSRYS5802848,D,S,T,2024-05-29,1000000.00,4.758242,99.29296875
08:00:34,91282CKR1,TSRYS5802848,D,S,T,2024-05-29,1000000.00,4.759679,99.2890625
08:00:34,91282CKR1,TSRYS5802848,D,S,T,2024-05-29,1000000.00,4.759679,99.2890625
08:00:34,91282CKR1,TSRYS5802848,D,S,T,2024-05-29,1000000.00,4.759679,99.2890625
08:00:34,91282CKR1,TSRYS5802848,D,S,T,2024-05-29,1000000.00,4.759679,99.2890625
08:00:34,91282CKR1,TSRYS5802848,D,S,T,2024-05-29,2000000.00,4.759679,99.2890625
08:00:34,91282CKR1,TSRYS5802848,D,S,T,2024-05-29,1000000.00,4.759679,99.2890625
08:00:34,91282CKR1,TSRYS5802848,D,S,T,2024-05-29,2000000.00,4.758242,99.29296875
08:00:34,91282CKR1,TSRYS5802848,D,S,T,2024-05-29,1000000.00,4.758242,99.29296875
08:00:34,91282CKR1,TSRYS5802848,D,S,T,2024-05-29,1000000.00,4.758242,99.29296875
08:00:34,91282CKR1,TSRYS5802848,D,S,T,2024-05-29,1000000.00,4.758961,99.291015625
08:00:34,91282CKR1,TSRYS5802848,D,S,T,2024-05-29,1000000.00,4.761116,99.28515625
08:00:34,91282CKR1,TSRYS5802848,D,S,T,2024-05-29,4000000.00,4.761116,99.28515625
08:00:34,91282CKR1,TSRYS5802848,D,S,T,2024-05-29,4000000.00,4.761116,99.28515625
08:00:34,91282CKR1,TSRYS5802848,D,S,T,2024-05-29,1000000.00,4.761116,99.28515625
08:00:34,91282CKR1,TSRYS5802848,D,S,T,2024-05-29,1000000.00,4.761116,99.28515625
08:00:34,91282CKR1,TSRYS5802848,D,S,T,2024-05-29,2000000.00,4.761116,99.28515625
08:00:34,91282CKR1,TSRYS5802848,D,S,T,2024-05-29,1000000.00,4.76399,99.27734375
08:00:34,91282CKR1,TSRYS5802848,D,S,T,2024-05-29,1000000.00,4.765427,99.2734375
08:00:34,91282CKR1,TSRYS5802848,D,S,T,2024-05-29,3000000.00,4.765427,99.2734375
08:00:34,91282CKR1,TSRYS5802848,D,S,T,2024-05-29,3000000.00,4.765427,99.2734375
08:00:34,91282CKR1,TSRYS5802848,D,S,T,2024-05-29,2000000.00,4.76399,99.27734375
08:00:34,91282CKR1,TSRYS5802848,D,S,T,2024-05-29,1000000.00,4.760398,99.287109375
08:00:34,91282CKR1,TSRYS5802848,D,S,T,2024-05-29,1000000.00,4.759679,99.2890625
08:00:34,91282CKR1,TSRYS5802848,D,S,T,2024-05-29,1000000.00,4.76399,99.27734375
08:00:34,91282CKR1,TSRYS5802848,D,S,T,2024-05-29,1000000.00,4.76399,99.27734375
08:00:34,91282CKR1,TSRYS5802848,D,S,T,2024-05-29,1000000.00,4.763271,99.279296875
08:00:34,91282CKR1,TSRYS5802848,D,S,T,2024-05-29,1000000.00,4.76399,99.27734375
08:00:34,91282CKR1,TSRYS5802848,D,S,T,2024-05-29,1000000.00,4.76399,99.27734375
08:00:34,91282CKR1,TSRYS5802848,D,S,T,2024-05-29,1000000.00,4.76399,99.27734375
08:00:34,91282CKR1,TSRYS5802848,D,S,T,2024-05-29,1000000.00,4.76399,99.27734375
08:00:34,91282CKR1,TSRYS5802848,D,S,T,2024-05-29,1000000.00,4.76399,99.27734375
08:00:34,91282CKR1,TSRYS5802848,D,S,T,2024-05-29,1000000.00,4.76399,99.27734375
08:00:34,91282CKR1,TSRYS5802848,D,S,T,2024-05-29,1000000.00,4.76399,99.27734375
08:00:34,91282CKR1,TSRYS5802848,D,S,T,2024-05-29,1000000.00,4.76399,99.27734375
08:00:34,91282CKR1,TSRYS5802848,D,S,T,2024-05-29,1000000.00,4.76399,99.27734375
08:00:34,91282CKR1,TSRYS5802848,D,S,T,2024-05-29,1000000.00,4.76399,99.27734375
08:00:34,91282CKR1,TSRYS5802848,D,S,T,2024-05-29,1000000.00,4.762553,99.28125
08:00:34,91282CKR1,TSRYS5802848,D,S,T,2024-05-29,1000000.00,4.758242,99.29296875
08:00:34,91282CKR1,TSRYS5802848,D,S,T,2024-05-29,3000000.00,4.758242,99.29296875
08:00:34,91282CKR1,TSRYS5802848,D,S,T,2024-05-29,2000000.00,4.758242,99.29296875
08:00:34,91282CKR1,TSRYS5802848,D,S,T,2024-05-29,1000000.00,4.758242,99.29296875
08:00:34,91282CKR1,TSRYS5802848,D,S,T,2024-05-29,1000000.00,4.762553,99.28125
08:00:34,91282CKR1,TSRYS5802848,D,S,T,2024-05-29,3000000.00,4.762553,99.28125
08:00:34,91282CKR1,TSRYS5802848,D,S,T,2024-05-29,1000000.00,4.762553,99.28125
08:00:34,91282CKR1,TSRYS5802848,D,S,T,2024-05-29,3000000.00,4.762553,99.28125
08:00:34,91282CKR1,TSRYS5802848,D,S,T,2024-05-29,3000000.00,4.762553,99.28125
08:00:34,91282CKR1,TSRYS5802848,D,S,T,2024-05-29,1000000.00,4.762553,99.28125
08:00:34,91282CKR1,TSRYS5802848,D,S,T,2024-05-29,3000000.00,4.762553,99.28125
08:00:34,91282CKR1,TSRYS5802848,D,S,T,2024-05-29,1000000.00,4.762553,99.28125
08:00:34,91282CKR1,TSRYS5802848,D,S,T,2024-05-29,2000000.00,4.762553,99.28125
08:00:34,91282CKR1,TSRYS5802848,D,S,T,2024-05-29,2000000.00,4.762553,99.28125
08:00:34,91282CKR1,TSRYS5802848,D,S,T,2024-05-29,2000000.00,4.762553,99.28125
08:00:34,91282CKR1,TSRYS5802848,D,S,T,2024-05-29,1000000.00,4.762553,99.28125
08:00:34,91282CKR1,TSRYS5802848,D,S,T,2024-05-29,2000000.00,4.762553,99.28125
08:00:34,91282CKR1,TSRYS5802848,D,S,T,2024-05-29,2000000.00,4.762553,99.28125
08:00:34,91282CKR1,TSRYS5802848,D,S,T,2024-05-29,3000000.00,4.762553,99.28125
08:00:34,91282CKR1,TSRYS5802848,D,S,T,2024-05-29,1000000.00,4.762553,99.28125
08:00:34,91282CKR1,TSRYS5802848,D,S,T,2024-05-29,1000000.00,4.76399,99.27734375
08:00:34,91282CKR1,TSRYS5802848,D,S,T,2024-05-29,2000000.00,4.763271,99.279296875
08:00:34,91282CKR1,TSRYS5802848,D,S,T,2024-05-29,2000000.00,4.762553,99.28125
08:00:34,91282CKR1,TSRYS5802848,D,S,T,2024-05-29,2000000.00,4.765427,99.2734375
08:00:34,91282CKR1,TSRYS5802848,D,S,T,2024-05-29,1000000.00,4.765427,99.2734375
08:00:34,91282CKR1,TSRYS5802848,D,S,T,2024-05-29,3000000.00,4.765427,99.2734375
08:00:34,91282CKR1,TSRYS5802848,D,S,T,2024-05-29,1000000.00,4.765427,99.2734375
08:00:34,91282CKR1,TSRYS5802848,D,S,T,2024-05-29,4000000.00,4.765427,99.2734375
08:00:34,91282CKR1,TSRYS5802848,D,S,T,2024-05-29,1000000.00,4.76399,99.27734375
08:00:34,91282CKR1,TSRYS5802848,D,S,T,2024-05-29,1000000.00,4.76399,99.27734375
08:00:34,91282CKR1,TSRYS5802848,D,S,T,2024-05-29,1000000.00,4.76399,99.27734375
08:00:34,91282CKR1,TSRYS5802848,D,S,T,2024-05-29,1000000.00,4.76399,99.27734375
08:00:34,91282CKR1,TSRYS5802848,D,S,T,2024-05-29,1000000.00,4.76399,99.27734375
08:00:34,91282CKR1,TSRYS5802848,D,S,T,2024-05-29,1000000.00,4.76399,99.27734375
08:00:34,91282CKR1,TSRYS5802848,D,S,T,2024-05-29,1000000.00,4.766864,99.26953125
08:00:34,91282CKR1,TSRYS5802848,D,S,T,2024-05-29,1000000.00,4.766864,99.26953125
08:00:34,91282CKR1,TSRYS5802848,D,S,T,2024-05-29,1000000.00,4.768301,99.265625
08:00:34,91282CKR1,TSRYS5802848,D,S,T,2024-05-29,2000000.00,4.768301,99.265625
08:00:34,91282CKR1,TSRYS5802848,D,S,T,2024-05-29,2000000.00,4.772613,99.25390625
08:00:34,91282CKR1,TSRYS5802848,D,S,T,2024-05-29,1000000.00,4.771175,99.2578125
08:00:34,91282CKR1,TSRYS5802848,D,S,T,2024-05-29,2000000.00,4.769738,99.26171875
08:00:34,91282CKR1,TSRYS5802848,D,S,D,2024-05-29,1000000.00,4.769019,99.263671875
08:00:34,91282CKR1,TSRYS5802848,D,S,D,2024-05-29,1000000.00,4.769019,99.263671875
08:00:34,91282CKR1,TSRYS5802848,D,S,D,2024-05-29,1000000.00,4.769019,99.263671875
08:00:34,91282CKR1,TSRYS5802848,D,S,D,2024-05-29,1000000.00,4.769019,99.263671875
08:00:34,91282CKR1,TSRYS5802848,D,S,T,2024-05-29,1000000.00,4.768301,99.265625
08:00:34,91282CKR1,TSRYS5802848,D,S,T,2024-05-29,1000000.00,4.768301,99.265625
08:00:34,91282CKR1,TSRYS5802848,D,S,T,2024-05-29,1000000.00,4.771175,99.2578125
08:00:34,91282CKR1,TSRYS5802848,D,S,T,2024-05-29,1000000.00,4.771175,99.2578125
08:00:34,91282CKR1,TSRYS5802848,D,S,T,2024-05-29,1000000.00,4.771175,99.2578125
08:00:34,91282CKR1,TSRYS5802848,D,S,T,2024-05-29,1000000.00,4.771175,99.2578125
08:00:34,91282CKR1,TSRYS5802848,D,S,T,2024-05-29,1000000.00,4.771175,99.2578125
08:00:34,91282CKR1,TSRYS5802848,D,S,T,2024-05-29,1000000.00,4.771175,99.2578125
08:00:34,91282CKR1,TSRYS5802848,D,S,T,2024-05-29,1000000.00,4.771175,99.2578125
08:00:34,91282CKR1,TSRYS5802848,D,S,T,2024-05-29,1000000.00,4.771175,99.2578125
08:00:34,91282CKR1,TSRYS5802848,D,S,T,2024-05-29,1000000.00,4.771175,99.2578125
08:00:34,91282CKR1,TSRYS5802848,D,S,T,2024-05-29,1000000.00,4.771175,99.2578125
08:00:34,91282CKR1,TSRYS5802848,D,S,T,2024-05-29,1000000.00,4.771175,99.2578125
08:00:34,91282CKR1,TSRYS5802848,D,S,T,2024-05-29,1000000.00,4.771175,99.2578125
08:00:34,91282CKR1,TSRYS5802848,D,S,T,2024-05-29,1000000.00,4.771175,99.2578125
08:00:34,91282CKR1,TSRYS5802848,D,S,T,2024-05-29,1000000.00,4.77405,99.25
08:00:34,91282CKR1,TSRYS5802848,D,S,T,2024-05-29,1000000.00,4.77405,99.25
08:00:34,91282CKR1,TSRYS5802848,D,S,T,2024-05-29,1000000.00,4.77405,99.25
08:00:34,91282CKR1,TSRYS5802848,D,S,T,2024-05-29,1000000.00,4.77405,99.25
08:00:34,91282CKR1,TSRYS5802848,D,S,T,2024-05-29,1000000.00,4.77405,99.25
08:00:34,91282CKR1,TSRYS5802848,D,S,T,2024-05-29,1000000.00,4.77405,99.25
08:00:34,91282CKR1,TSRYS5802848,D,S,T,2024-05-29,1000000.00,4.77405,99.25
08:00:34,91282CKR1,TSRYS5802848,D,S,T,2024-05-29,1000000.00,4.772613,99.25390625
08:00:34,91282CKR1,TSRYS5802848,D,S,T,2024-05-29,1000000.00,4.77405,99.25
08:00:34,91282CKR1,TSRYS5802848,D,S,T,2024-05-29,1000000.00,4.77405,99.25
08:00:34,91282CKR1,TSRYS5802848,D,S,T,2024-05-29,1000000.00,4.77405,99.25
08:00:34,91282CKR1,TSRYS5802848,D,S,T,2024-05-29,1000000.00,4.77405,99.25
08:00:34,91282CKR1,TSRYS5802848,D,S,T,2024-05-29,1000000.00,4.77405,99.25
08:00:34,91282CKR1,TSRYS5802848,D,S,T,2024-05-29,1000000.00,4.77405,99.25
08:00:34,91282CKR1,TSRYS5802848,D,S,T,2024-05-29,1000000.00,4.77405,99.25
08:00:34,91282CKR1,TSRYS5802848,D,S,T,2024-05-29,1000000.00,4.77405,99.25
08:00:34,91282CKR1,TSRYS5802848,D,S,T,2024-05-29,1000000.00,4.77405,99.25
08:00:34,91282CKR1,TSRYS5802848,D,S,T,2024-05-29,1000000.00,4.77405,99.25
08:00:34,91282CKR1,TSRYS5802848,D,S,T,2024-05-29,1000000.00,4.77405,99.25
08:00:34,91282CKR1,TSRYS5802848,D,S,T,2024-05-29,1000000.00,4.77405,99.25
08:00:34,91282CKR1,TSRYS5802848,D,S,T,2024-05-29,1000000.00,4.77405,99.25
08:00:34,91282CKR1,TSRYS5802848,D,S,T,2024-05-29,1000000.00,4.77405,99.25
08:00:34,91282CKR1,TSRYS5802848,D,S,T,2024-05-29,1000000.00,4.77405,99.25
08:00:34,91282CKR1,TSRYS5802848,D,S,T,2024-05-29,1000000.00,4.77405,99.25
08:00:34,91282CKR1,TSRYS5802848,D,S,T,2024-05-29,1000000.00,4.77405,99.25
08:00:34,91282CKR1,TSRYS5802848,D,S,T,2024-05-29,1000000.00,4.77405,99.25
08:00:34,91282CKR1,TSRYS5802848,D,S,T,2024-05-29,1000000.00,4.77405,99.25
08:00:34,91282CKR1,TSRYS5802848,D,S,T,2024-05-29,1000000.00,4.774769,99.248046875
08:00:34,91282CKR1,TSRYS5802848,D,S,T,2024-05-29,1000000.00,4.77405,99.25
08:00:34,91282CKR1,TSRYS5802848,D,S,T,2024-05-29,1000000.00,4.77405,99.25
08:00:34,91282CKR1,TSRYS5802848,D,S,T,2024-05-29,1000000.00,4.775488,99.24609375
08:00:34,91282CKR1,TSRYS5802848,D,S,T,2024-05-29,1000000.00,4.775488,99.24609375
08:00:34,91282CKR1,TSRYS5802848,D,S,T,2024-05-29,1000000.00,4.775488,99.24609375
08:00:34,91282CKR1,TSRYS5802848,D,S,D,2024-05-29,2000000.00,4.771175,99.2578125
08:00:34,91282CKR1,TSRYS5802848,D,S,D,2024-05-29,2000000.00,4.771175,99.2578125
08:00:34,91282CKR1,TSRYS5802848,D,S,D,2024-05-29,1000000.00,4.765427,99.2734375
08:00:34,91282CKR1,TSRYS5802848,D,S,D,2024-05-29,1000000.00,4.765427,99.2734375
08:00:34,91282CKR1,TSRYS5802848,D,S,D,2024-05-29,1000000.00,4.765427,99.2734375
08:00:34,91282CKR1,TSRYS5802848,D,S,D,2024-05-29,1000000.00,4.766145,99.271484375
08:00:34,91282CKR1,TSRYS5802848,D,S,D,2024-05-29,1000000.00,4.766145,99.271484375
08:00:34,91282CKR1,TSRYS5802848,D,S,D,2024-05-29,2000000.00,4.768301,99.265625
08:00:34,91282CKR1,TSRYS5802848,D,S,D,2024-05-29,2000000.00,4.771175,99.2578125
08:00:34,91282CKR1,TSRYS5802848,D,S,D,2024-05-29,1000000.00,4.764708,99.275390625
08:00:34,91282CKR1,TSRYS5802848,D,S,D,2024-05-29,2000000.00,4.765427,99.2734375
08:00:34,91282CKR1,TSRYS5802848,D,S,D,2024-05-29,1000000.00,4.769019,99.263671875
08:00:34,91282CKR1,TSRYS5802848,D,S,D,2024-05-29,2000000.00,4.772613,99.25390625
08:00:34,91282CKR1,TSRYS5802848,D,S,D,2024-05-29,1000000.00,4.771175,99.2578125
08:00:34,91282CKR1,TSRYS5802848,D,S,D,2024-05-29,1000000.00,4.771175,99.2578125
08:00:34,91282CKR1,TSRYS5802848,D,S,D,2024-05-29,1000000.00,4.771175,99.2578125
08:00:34,91282CKR1,TSRYS5802848,D,S,D,2024-05-29,2000000.00,4.771175,99.2578125
08:00:34,91282CKR1,TSRYS5802848,D,S,D,2024-05-29,1000000.00,4.771175,99.2578125
08:00:34,91282CKR1,TSRYS5802848,D,S,D,2024-05-29,1000000.00,4.771175,99.2578125
08:00:34,91282CKR1,TSRYS5802848,D,S,D,2024-05-29,1000000.00,4.770457,99.259765625
08:00:34,91282CKR1,TSRYS5802848,D,S,D,2024-05-29,1000000.00,4.769738,99.26171875
08:00:34,91282CKR1,TSRYS5802848,D,S,D,2024-05-29,1000000.00,4.769738,99.26171875
08:00:34,91282CKR1,TSRYS5802848,D,S,D,2024-05-29,2000000.00,4.769738,99.26171875
08:00:34,91282CKR1,TSRYS5802848,D,S,D,2024-05-29,1000000.00,4.769738,99.26171875
08:00:34,91282CKR1,TSRYS5802848,D,S,D,2024-05-29,2000000.00,4.769738,99.26171875
08:00:34,91282CKR1,TSRYS5802848,D,S,D,2024-05-29,1000000.00,4.769738,99.26171875
08:00:34,91282CKR1,TSRYS5802848,D,S,D,2024-05-29,2000000.00,4.769738,99.26171875
08:00:34,91282CKR1,TSRYS5802848,D,S,D,2024-05-29,1000000.00,4.768301,99.265625
08:00:34,91282CKR1,TSRYS5802848,D,S,D,2024-05-29,1000000.00,4.768301,99.265625
08:00:34,91282CKR1,TSRYS5802848,D,S,D,2024-05-29,1000000.00,4.768301,99.265625
08:00:34,91282CKR1,TSRYS5802848,D,S,D,2024-05-29,1000000.00,4.768301,99.265625
08:00:34,91282CKR1,TSRYS5802848,D,S,D,2024-05-29,1000000.00,4.768301,99.265625
08:00:34,91282CKR1,TSRYS5802848,D,S,D,2024-05-29,2000000.00,4.768301,99.265625
08:00:34,91282CKR1,TSRYS5802848,D,S,D,2024-05-29,1000000.00,4.768301,99.265625
08:00:34,91282CKR1,TSRYS5802848,D,S,D,2024-05-29,3000000.00,4.768301,99.265625
08:00:34,91282CKR1,TSRYS5802848,D,S,D,2024-05-29,2000000.00,4.768301,99.265625
08:00:34,91282CKR1,TSRYS5802848,D,S,D,2024-05-29,1000000.00,4.768301,99.265625
08:00:34,91282CKR1,TSRYS5802848,D,S,D,2024-05-29,2000000.00,4.768301,99.265625
08:00:34,91282CKR1,TSRYS5802848,D,S,D,2024-05-29,1000000.00,4.768301,99.265625
08:00:34,91282CKR1,TSRYS5802848,D,S,D,2024-05-29,1000000.00,4.768301,99.265625
08:00:34,91282CKR1,TSRYS5802848,D,S,D,2024-05-29,1000000.00,4.767582,99.267578125
08:00:34,91282CKR1,TSRYS5802848,D,S,D,2024-05-29,2000000.00,4.767582,99.267578125
08:00:34,91282CKR1,TSRYS5802848,D,S,D,2024-05-29,1000000.00,4.766145,99.271484375
08:00:34,91282CKR1,TSRYS5802848,D,S,D,2024-05-29,1000000.00,4.766145,99.271484375
08:00:34,91282CKR1,TSRYS5802848,D,S,D,2024-05-29,1000000.00,4.766145,99.271484375
08:00:34,91282CKR1,TSRYS5802848,D,S,D,2024-05-29,1000000.00,4.766145,99.271484375
08:00:34,91282CKR1,TSRYS5802848,D,S,D,2024-05-29,1000000.00,4.766145,99.271484375
08:00:34,91282CKR1,TSRYS5802848,D,S,D,2024-05-29,1000000.00,4.766145,99.271484375
08:00:34,91282CKR1,TSRYS5802848,D,S,D,2024-05-29,1000000.00,4.766145,99.271484375
08:00:34,91282CKR1,TSRYS5802848,D,S,D,2024-05-29,1000000.00,4.775488,99.24609375
08:00:34,91282CKR1,TSRYS5802848,D,S,D,2024-05-29,2000000.00,4.775488,99.24609375
08:00:34,91282CKR1,TSRYS5802848,D,S,D,2024-05-29,1000000.00,4.775488,99.24609375
08:00:34,91282CKR1,TSRYS5802848,D,S,D,2024-05-29,1000000.00,4.775488,99.24609375
08:00:34,91282CKR1,TSRYS5802848,D,S,D,2024-05-29,4000000.00,4.774769,99.248046875
08:00:34,91282CKR1,TSRYS5802848,D,S,T,2024-05-29,1000000.00,4.759679,99.2890625
08:00:34,91282CKR1,TSRYS5802848,D,S,T,2024-05-29,1000000.00,4.758961,99.291015625
08:00:34,91282CKR1,TSRYS5802848,D,S,T,2024-05-29,1000000.00,4.761834,99.283203125
08:00:34,91282CKR1,TSRYS5802848,D,S,T,2024-05-29,1000000.00,4.762553,99.28125
08:00:34,91282CKR1,TSRYS5802848,D,S,T,2024-05-29,1000000.00,4.762553,99.28125
08:00:34,91282CKR1,TSRYS5802848,D,S,T,2024-05-29,1000000.00,4.767582,99.267578125
08:00:34,91282CKR1,TSRYS5802848,D,S,T,2024-05-29,1000000.00,4.767582,99.267578125
08:00:34,91282CKR1,TSRYS5802848,D,S,T,2024-05-29,1000000.00,4.769738,99.26171875
08:00:34,91282CKR1,TSRYS5802848,D,S,T,2024-05-29,1000000.00,4.769738,99.26171875
08:00:34,91282CKR1,TSRYS5802848,D,S,T,2024-05-29,1000000.00,4.769738,99.26171875
08:00:34,91282CKR1,TSRYS5802848,D,S,T,2024-05-29,1000000.00,4.769738,99.26171875
08:00:34,91282CKR1,TSRYS5802848,D,S,T,2024-05-29,2000000.00,4.766145,99.271484375
08:00:34,91282CKR1,TSRYS5802848,D,S,T,2024-05-29,2000000.00,4.763271,99.279296875
08:00:34,91282CKR1,TSRYS5802848,D,S,T,2024-05-29,3000000.00,4.763271,99.279296875
08:00:34,91282CKR1,TSRYS5802848,D,S,T,2024-05-29,2000000.00,4.763271,99.279296875
08:00:34,91282CKR1,TSRYS5802848,D,S,T,2024-05-29,2000000.00,4.763271,99.279296875
08:00:34,91282CKR1,TSRYS5802848,D,S,T,2024-05-29,2000000.00,4.763271,99.279296875
08:00:34,91282CKR1,TSRYS5802848,D,S,T,2024-05-29,2000000.00,4.763271,99.279296875
08:00:34,91282CKR1,TSRYS5802848,D,S,T,2024-05-29,2000000.00,4.762553,99.28125
08:00:34,91282CKR1,TSRYS5802848,D,S,T,2024-05-29,2000000.00,4.769019,99.263671875
08:00:34,91282CKR1,TSRYS5802848,D,S,T,2024-05-29,2000000.00,4.758242,99.29296875
08:00:34,91282CKR1,TSRYS5802848,D,S,T,2024-05-29,1000000.00,4.763271,99.279296875
08:00:34,91282CKR1,TSRYS5802848,D,S,T,2024-05-29,2000000.00,4.762553,99.28125
08:00:34,91282CKR1,TSRYS5802848,D,S,T,2024-05-29,1000000.00,4.76399,99.27734375
08:00:34,91282CKR1,TSRYS5802848,D,S,T,2024-05-29,1000000.00,4.76399,99.27734375
08:00:34,91282CKR1,TSRYS5802848,D,S,T,2024-05-29,1000000.00,4.76399,99.27734375
08:00:34,91282CKR1,TSRYS5802848,D,S,T,2024-05-29,1000000.00,4.765427,99.2734375
08:00:34,91282CKR1,TSRYS5802848,D,S,T,2024-05-29,1000000.00,4.765427,99.2734375
08:00:34,91282CKR1,TSRYS5802848,D,S,T,2024-05-29,2000000.00,4.765427,99.2734375
08:00:34,91282CKR1,TSRYS5802848,D,S,T,2024-05-29,1000000.00,4.765427,99.2734375
08:00:34,91282CKR1,TSRYS5802848,D,S,T,2024-05-29,1000000.00,4.771175,99.2578125
08:00:34,91282CKR1,TSRYS5802848,D,S,T,2024-05-29,1000000.00,4.770457,99.259765625
08:00:34,91282CKR1,TSRYS5802848,D,S,T,2024-05-29,1000000.00,4.766145,99.271484375
08:00:34,91282CKR1,TSRYS5802848,D,S,T,2024-05-29,1000000.00,4.766145,99.271484375
08:00:34,91282CKR1,TSRYS5802848,D,S,T,2024-05-29,1000000.00,4.766145,99.271484375
08:00:34,91282CKR1,TSRYS5802848,D,S,T,2024-05-29,1000000.00,4.766145,99.271484375
08:00:34,91282CKR1,TSRYS5802848,D,S,T,2024-05-29,1000000.00,4.766145,99.271484375
08:00:34,91282CKR1,TSRYS5802848,D,S,T,2024-05-29,1000000.00,4.766145,99.271484375
08:00:34,91282CKR1,TSRYS5802848,D,S,T,2024-05-29,1000000.00,4.766145,99.271484375
08:00:34,91282CKR1,TSRYS5802848,D,S,T,2024-05-29,1000000.00,4.766145,99.271484375
08:00:34,91282CKR1,TSRYS5802848,D,S,T,2024-05-29,2000000.00,4.771175,99.2578125
08:00:34,91282CKR1,TSRYS5802848,D,S,T,2024-05-29,2000000.00,4.771175,99.2578125
08:00:34,91282CKR1,TSRYS5802848,D,S,T,2024-05-29,2000000.00,4.771175,99.2578125
08:00:34,91282CKR1,TSRYS5802848,D,S,T,2024-05-29,1000000.00,4.771175,99.2578125
08:00:34,91282CKR1,TSRYS5802848,D,S,T,2024-05-29,2000000.00,4.77405,99.25
08:00:34,91282CKR1,TSRYS5802848,D,S,T,2024-05-29,2000000.00,4.77405,99.25
08:00:34,91282CKR1,TSRYS5802848,D,S,T,2024-05-29,2000000.00,4.77405,99.25
08:00:34,91282CKR1,TSRYS5802848,D,S,T,2024-05-29,2000000.00,4.775488,99.24609375
08:00:34,91282CKR1,TSRYS5802848,D,S,T,2024-05-29,1000000.00,4.776206,99.244140625
08:00:34,91282CKR1,TSRYS5802848,D,S,T,2024-05-29,2000000.00,4.776206,99.244140625
08:00:34,91282CKR1,TSRYS5802848,D,S,D,2024-05-29,1000000.00,4.778363,99.23828125
08:00:34,91282CKR1,TSRYS5802848,D,S,D,2024-05-29,1000000.00,4.778363,99.23828125
08:00:34,91282CKR1,TSRYS5802848,D,S,D,2024-05-29,1000000.00,4.778363,99.23828125
08:00:34,91282CKR1,TSRYS5802848,D,S,D,2024-05-29,3000000.00,4.778363,99.23828125
08:00:34,91282CKR1,TSRYS5802848,D,B,C,2024-05-29,1000000.00,4.76399,99.27734375
08:00:34,91282CKR1,TSRYS5802848,D,B,C,2024-05-29,1000000.00,4.762553,99.28125
08:00:34,91282CKR1,TSRYS5802848,D,B,A,2024-05-29,153450000.00,4.763807,99.27734375
08:00:34,91282CKR1,TSRYS5802848,D,S,T,2024-05-29,1000000.00,4.766864,99.26953125
08:00:34,91282CKR1,TSRYS5802848,D,S,T,2024-05-29,1000000.00,4.766864,99.26953125
08:00:34,91282CKR1,TSRYS5802848,D,S,T,2024-05-29,1000000.00,4.764708,99.275390625
