tradeTime,cusip,issueSymbolIdentifier,priceType,reportingSideCode,contraPartyTypeCode,tradeDate,reportedTradeVolume,lastSaleYield,lastSalePrice
08:00:04,91282CKE0,TSRYS5765705,D,S,T,2024-03-28,1000000.00,4.388894,99.6171875
08:00:04,91282CKE0,TSRYS5765705,D,S,T,2024-03-28,1000000.00,4.387466,99.62109375
08:00:04,91282CKE0,TSRYS5765705,D,S,D,2024-03-28,1000000.00,4.395318,99.599609375
08:00:04,91282CKE0,TSRYS5765705,D,S,T,2024-03-28,1000000.00,4.395318,99.599609375
08:00:04,91282CKE0,TSRYS5765705,D,S,T,2024-03-28,1000000.00,4.391035,99.611328125
08:00:04,91282CKE0,TSRYS5765705,D,S,D,2024-03-28,1000000.00,4.39389,99.603515625
08:00:04,91282CKE0,TSRYS5765705,D,S,D,2024-03-28,1000000.00,4.39389,99.603515625
08:00:04,91282CKE0,TSRYS5765705,D,S,D,2024-03-28,2000000.00,4.39389,99.603515625
08:00:04,91282CKE0,TSRYS5765705,D,S,D,2024-03-28,1000000.00,4.394604,99.6015625
08:00:04,91282CKE0,TSRYS5765705,D,S,D,2024-03-28,2000000.00,4.394604,99.6015625
08:00:04,91282CKE0,TSRYS5765705,D,S,D,2024-03-28,2000000.00,4.394604,99.6015625
08:00:04,91282CKE0,TSRYS5765705,D,S,D,2024-03-28,1000000.00,4.394604,99.6015625
08:00:04,91282CKE0,TSRYS5765705,D,S,T,2024-03-28,1000000.00,4.39746,99.59375
08:00:04,91282CKE0,TSRYS5765705,D,S,D,2024-03-28,1000000.00,4.398174,99.591796875
08:00:04,91282CKE0,TSRYS5765705,D,S,T,2024-03-28,4000000.00,4.40103,99.583984375
08:00:04,91282CKE0,TSRYS5765705,D,S,T,2024-03-28,4000000.00,4.40103,99.583984375
08:00:04,91282CKE0,TSRYS5765705,D,S,D,2024-03-28,1000000.00,4.401744,99.58203125
08:00:04,91282CKE0,TSRYS5765705,D,S,D,2024-03-28,1000000.00,4.401744,99.58203125
08:00:04,91282CKE0,TSRYS5765705,D,S,D,2024-03-28,1000000.00,4.401744,99.58203125
08:00:04,91282CKE0,TSRYS5765705,D,S,D,2024-03-28,1000000.00,4.401744,99.58203125
08:00:04,91282CKE0,TSRYS5765705,D,S,D,2024-03-28,1000000.00,4.401744,99.58203125
08:00:04,91282CKE0,TSRYS5765705,D,S,D,2024-03-28,1000000.00,4.401744,99.58203125
08:00:04,91282CKE0,TSRYS5765705,D,S,D,2024-03-28,1000000.00,4.401744,99.58203125
08:00:04,91282CKE0,TSRYS5765705,D,S,D,2024-03-28,1000000.00,4.401744,99.58203125
08:00:04,91282CKE0,TSRYS5765705,D,S,D,2024-03-28,1000000.00,4.401744,99.58203125
08:00:04,91282CKE0,TSRYS5765705,D,S,D,2024-03-28,1000000.00,4.401744,99.58203125
08:00:04,91282CKE0,TSRYS5765705,D,S,D,2024-03-28,1000000.00,4.401744,99.58203125
08:00:04,91282CKE0,TSRYS5765705,D,S,D,2024-03-28,1000000.00,4.401744,99.58203125
08:00:04,91282CKE0,TSRYS5765705,D,S,D,2024-03-28,1000000.00,4.402458,99.580078125
08:00:04,91282CKE0,TSRYS5765705,D,S,T,2024-03-28,1000000.00,4.402458,99.580078125
08:00:04,91282CKE0,TSRYS5765705,D,S,D,2024-03-28,1000000.00,4.403172,99.578125
08:00:04,91282CKE0,TSRYS5765705,D,S,D,2024-03-28,1000000.00,4.407457,99.56640625
08:00:04,91282CKE0,TSRYS5765705,D,S,T,2024-03-28,4000000.00,4.406743,99.568359375
08:00:04,91282CKE0,TSRYS5765705,D,S,T,2024-03-28,3000000.00,4.402458,99.580078125
08:00:04,91282CKE0,TSRYS5765705,D,S,T,2024-03-28,3000000.00,4.402458,99.580078125
08:00:07,91282CKE0,TSRYS5765705,D,S,T,2024-03-28,1000000.00,4.40103,99.583984375
08:00:07,91282CKE0,TSRYS5765705,D,S,T,2024-03-28,1000000.00,4.40103,99.583984375
08:00:07,91282CKE0,TSRYS5765705,D,S,D,2024-03-28,1000000.00,4.40103,99.583984375
08:00:07,91282CKE0,TSRYS5765705,D,S,D,2024-03-28,2000000.00,4.398174,99.591796875
08:00:07,91282CKE0,TSRYS5765705,D,S,D,2024-03-28,2000000.00,4.398174,99.591796875
08:00:07,91282CKE0,TSRYS5765705,D,S,D,2024-03-28,2000000.00,4.398888,99.58984375
08:00:07,91282CKE0,TSRYS5765705,D,S,D,2024-03-28,2000000.00,4.399602,99.587890625
08:00:07,91282CKE0,TSRYS5765705,D,S,D,2024-03-28,1000000.00,4.398174,99.591796875
08:00:07,91282CKE0,TSRYS5765705,D,S,D,2024-03-28,1000000.00,4.398174,99.591796875
08:00:07,91282CKE0,TSRYS5765705,D,S,D,2024-03-28,2000000.00,4.402458,99.580078125
08:00:07,91282CKE0,TSRYS5765705,D,S,D,2024-03-28,1000000.00,4.402458,99.580078125
08:00:07,91282CKE0,TSRYS5765705,D,S,D,2024-03-28,1000000.00,4.402458,99.580078125
08:00:07,91282CKE0,TSRYS5765705,D,S,T,2024-03-28,3000000.00,4.403886,99.576171875
08:00:07,91282CKE0,TSRYS5765705,D,S,D,2024-03-28,1000000.00,4.403886,99.576171875
08:00:07,91282CKE0,TSRYS5765705,D,S,D,2024-03-28,1000000.00,4.403886,99.576171875
08:00:07,91282CKE0,TSRYS5765705,D,S,D,2024-03-28,1000000.00,4.403886,99.576171875
08:00:07,91282CKE0,TSRYS5765705,D,S,D,2024-03-28,1000000.00,4.403886,99.576171875
08:00:07,91282CKE0,TSRYS5765705,D,S,D,2024-03-28,1000000.00,4.403886,99.576171875
08:00:07,91282CKE0,TSRYS5765705,D,S,D,2024-03-28,1000000.00,4.403886,99.576171875
08:00:07,91282CKE0,TSRYS5765705,D,S,T,2024-03-28,2000000.00,4.412457,99.552734375
08:00:07,91282CKE0,TSRYS5765705,D,S,D,2024-03-28,3000000.00,4.418887,99.53515625
08:00:07,91282CKE0,TSRYS5765705,D,S,D,2024-03-28,2000000.00,4.418887,99.53515625
08:00:07,91282CKE0,TSRYS5765705,D,S,D,2024-03-28,1000000.00,4.418887,99.53515625
08:00:07,91282CKE0,TSRYS5765705,D,S,T,2024-03-28,3000000.00,4.416029,99.54296875
08:00:07,91282CKE0,TSRYS5765705,D,S,T,2024-03-28,1000000.00,4.416029,99.54296875
08:00:07,91282CKE0,TSRYS5765705,D,S,T,2024-03-28,4000000.00,4.412457,99.552734375
08:00:07,91282CKE0,TSRYS5765705,D,S,T,2024-03-28,1000000.00,4.412457,99.552734375
08:00:07,91282CKE0,TSRYS5765705,D,S,T,2024-03-28,4000000.00,4.412457,99.552734375
08:00:07,91282CKE0,TSRYS5765705,D,S,T,2024-03-28,1000000.00,4.412457,99.552734375
08:00:07,91282CKE0,TSRYS5765705,D,S,T,2024-03-28,4000000.00,4.412457,99.552734375
08:00:07,91282CKE0,TSRYS5765705,D,S,T,2024-03-28,2000000.00,4.412457,99.552734375
08:00:07,91282CKE0,TSRYS5765705,D,S,T,2024-03-28,4000000.00,4.412457,99.552734375
08:00:07,91282CKE0,TSRYS5765705,D,S,T,2024-03-28,2000000.00,4.412457,99.552734375
08:00:07,91282CKE0,TSRYS5765705,D,S,T,2024-03-28,4000000.00,4.412457,99.552734375
08:00:07,91282CKE0,TSRYS5765705,D,S,T,2024-03-28,1000000.00,4.412457,99.552734375
08:00:07,91282CKE0,TSRYS5765705,D,S,T,2024-03-28,4000000.00,4.412457,99.552734375
08:00:07,91282CKE0,TSRYS5765705,D,S,T,2024-03-28,2000000.00,4.412457,99.552734375
08:00:07,91282CKE0,TSRYS5765705,D,S,T,2024-03-28,3000000.00,4.411743,99.5546875
08:00:07,91282CKE0,TSRYS5765705,D,S,T,2024-03-28,2000000.00,4.411743,99.5546875
08:00:07,91282CKE0,TSRYS5765705,D,S,D,2024-03-28,2000000.00,4.411028,99.556640625
08:00:07,91282CKE0,TSRYS5765705,D,S,T,2024-03-28,1000000.00,4.413171,99.55078125
08:00:07,91282CKE0,TSRYS5765705,D,S,T,2024-03-28,3000000.00,4.413171,99.55078125
08:00:07,91282CKE0,TSRYS5765705,D,S,D,2024-03-28,1000000.00,4.413171,99.55078125
08:00:07,91282CKE0,TSRYS5765705,D,S,D,2024-03-28,1000000.00,4.415314,99.544921875
08:00:07,91282CKE0,TSRYS5765705,D,S,D,2024-03-28,1000000.00,4.415314,99.544921875
08:00:07,91282CKE0,TSRYS5765705,D,S,D,2024-03-28,2000000.00,4.413886,99.548828125
08:00:07,91282CKE0,TSRYS5765705,D,S,D,2024-03-28,1000000.00,4.413886,99.548828125
08:00:07,91282CKE0,TSRYS5765705,D,S,T,2024-03-28,1000000.00,4.413886,99.548828125
08:00:08,91282CKE0,TSRYS5765705,D,S,T,2024-03-28,4000000.00,4.394604,99.6015625
08:00:08,91282CKE0,TSRYS5765705,D,S,T,2024-03-28,1000000.00,4.39746,99.59375
08:00:08,91282CKE0,TSRYS5765705,D,S,T,2024-03-28,1000000.00,4.396746,99.595703125
08:00:08,91282CKE0,TSRYS5765705,D,S,T,2024-03-28,5000000.00,4.396032,99.59765625
08:00:08,91282CKE0,TSRYS5765705,D,S,T,2024-03-28,1000000.00,4.39389,99.603515625
08:00:09,91282CKE0,TSRYS5765705,D,S,T,2024-03-28,1000000.00,4.394604,99.6015625
08:00:09,91282CKE0,TSRYS5765705,D,S,T,2024-03-28,2000000.00,4.39389,99.603515625
08:00:09,91282CKE0,TSRYS5765705,D,S,T,2024-03-28,8000000.00,4.395318,99.599609375
08:00:09,91282CKE0,TSRYS5765705,D,S,T,2024-03-28,1000000.00,4.395318,99.599609375
08:00:09,91282CKE0,TSRYS5765705,D,S,T,2024-03-28,1000000.00,4.398174,99.591796875
08:00:09,91282CKE0,TSRYS5765705,D,S,T,2024-03-28,1000000.00,4.398888,99.58984375
08:00:09,91282CKE0,TSRYS5765705,D,S,T,2024-03-28,1000000.00,4.396032,99.59765625
08:00:09,91282CKE0,TSRYS5765705,D,S,T,2024-03-28,2000000.00,4.398888,99.58984375
08:00:09,91282CKE0,TSRYS5765705,D,S,T,2024-03-28,1000000.00,4.391749,99.609375
08:00:09,91282CKE0,TSRYS5765705,D,S,T,2024-03-28,1000000.00,4.391749,99.609375
08:00:09,91282CKE0,TSRYS5765705,D,S,T,2024-03-28,1000000.00,4.391749,99.609375
08:00:09,91282CKE0,TSRYS5765705,D,S,T,2024-03-28,1000000.00,4.391749,99.609375
08:00:09,91282CKE0,TSRYS5765705,D,S,T,2024-03-28,1000000.00,4.391749,99.609375
08:00:09,91282CKE0,TSRYS5765705,D,S,T,2024-03-28,1000000.00,4.391749,99.609375
08:00:09,91282CKE0,TSRYS5765705,D,S,T,2024-03-28,5000000.00,4.391749,99.609375
08:00:09,91282CKE0,TSRYS5765705,D,S,D,2024-03-28,1000000.00,4.398888,99.58984375
08:00:09,91282CKE0,TSRYS5765705,D,S,D,2024-03-28,1000000.00,4.398888,99.58984375
08:00:09,91282CKE0,TSRYS5765705,D,S,T,2024-03-28,4000000.00,4.391749,99.609375
08:00:09,91282CKE0,TSRYS5765705,D,S,D,2024-03-28,1000000.00,4.398888,99.58984375
08:00:09,91282CKE0,TSRYS5765705,D,S,D,2024-03-28,8000000.00,4.398174,99.591796875
08:00:09,91282CKE0,TSRYS5765705,D,S,T,2024-03-28,1000000.00,4.391749,99.609375
08:00:09,91282CKE0,TSRYS5765705,D,S,T,2024-03-28,1000000.00,4.391749,99.609375
08:00:09,91282CKE0,TSRYS5765705,D,S,T,2024-03-28,2000000.00,4.391749,99.609375
08:00:09,91282CKE0,TSRYS5765705,D,S,T,2024-03-28,1000000.00,4.391749,99.609375
08:00:10,91282CKE0,TSRYS5765705,D,S,T,2024-03-28,3000000.00,4.391749,99.609375
08:00:10,91282CKE0,TSRYS5765705,D,S,T,2024-03-28,1000000.00,4.391749,99.609375
08:00:10,91282CKE0,TSRYS5765705,D,S,T,2024-03-28,2000000.00,4.39389,99.603515625
08:00:10,91282CKE0,TSRYS5765705,D,S,T,2024-03-28,2000000.00,4.396746,99.595703125
08:00:10,91282CKE0,TSRYS5765705,D,S,T,2024-03-28,1000000.00,4.39746,99.59375
08:00:10,91282CKE0,TSRYS5765705,D,S,T,2024-03-28,1000000.00,4.39746,99.59375
08:00:10,91282CKE0,TSRYS5765705,D,S,T,2024-03-28,1000000.00,4.39746,99.59375
08:00:10,91282CKE0,TSRYS5765705,D,S,D,2024-03-28,1000000.00,4.393176,99.60546875
08:00:10,91282CKE0,TSRYS5765705,D,S,T,2024-03-28,1000000.00,4.39746,99.59375
08:00:10,91282CKE0,TSRYS5765705,D,S,D,2024-03-28,1000000.00,4.393176,99.60546875
08:00:10,91282CKE0,TSRYS5765705,D,S,T,2024-03-28,1000000.00,4.39746,99.59375
08:00:10,91282CKE0,TSRYS5765705,D,S,T,2024-03-28,1000000.00,4.39746,99.59375
08:00:10,91282CKE0,TSRYS5765705,D,S,D,2024-03-28,1000000.00,4.393176,99.60546875
08:00:10,91282CKE0,TSRYS5765705,D,S,D,2024-03-28,1000000.00,4.393176,99.60546875
08:00:10,91282CKE0,TSRYS5765705,D,S,D,2024-03-28,3000000.00,4.393176,99.60546875
08:00:10,91282CKE0,TSRYS5765705,D,S,D,2024-03-28,1000000.00,4.393176,99.60546875
08:00:10,91282CKE0,TSRYS5765705,D,S,D,2024-03-28,1000000.00,4.393176,99.60546875
08:00:10,91282CKE0,TSRYS5765705,D,S,D,2024-03-28,2000000.00,4.391749,99.609375
08:00:10,91282CKE0,TSRYS5765705,D,S,D,2024-03-28,4000000.00,4.393176,99.60546875
08:00:10,91282CKE0,TSRYS5765705,D,S,D,2024-03-28,2000000.00,4.393176,99.60546875
08:00:10,91282CKE0,TSRYS5765705,D,S,D,2024-03-28,2000000.00,4.391749,99.609375
08:00:10,91282CKE0,TSRYS5765705,D,S,D,2024-03-28,2000000.00,4.391749,99.609375
08:00:10,91282CKE0,TSRYS5765705,D,S,D,2024-03-28,1000000.00,4.393176,99.60546875
08:00:10,91282CKE0,TSRYS5765705,D,S,D,2024-03-28,1000000.00,4.393176,99.60546875
08:00:10,91282CKE0,TSRYS5765705,D,S,D,2024-03-28,1000000.00,4.391749,99.609375
08:00:10,91282CKE0,TSRYS5765705,D,S,D,2024-03-28,1000000.00,4.393176,99.60546875
08:00:10,91282CKE0,TSRYS5765705,D,S,D,2024-03-28,2000000.00,4.393176,99.60546875
08:00:10,91282CKE0,TSRYS5765705,D,S,D,2024-03-28,1000000.00,4.393176,99.60546875
08:00:10,91282CKE0,TSRYS5765705,D,S,D,2024-03-28,2000000.00,4.39389,99.603515625
08:00:10,91282CKE0,TSRYS5765705,D,S,D,2024-03-28,1000000.00,4.394604,99.6015625
08:00:11,91282CKE0,TSRYS5765705,D,S,D,2024-03-28,1000000.00,4.394604,99.6015625
08:00:11,91282CKE0,TSRYS5765705,D,S,D,2024-03-28,2000000.00,4.39389,99.603515625
08:00:11,91282CKE0,TSRYS5765705,D,S,D,2024-03-28,2000000.00,4.394604,99.6015625
08:00:11,91282CKE0,TSRYS5765705,D,S,T,2024-03-28,2000000.00,4.406029,99.5703125
08:00:11,91282CKE0,TSRYS5765705,D,S,T,2024-03-28,1000000.00,4.406029,99.5703125
08:00:11,91282CKE0,TSRYS5765705,D,S,D,2024-03-28,1000000.00,4.393176,99.60546875
08:00:11,91282CKE0,TSRYS5765705,D,S,D,2024-03-28,1000000.00,4.393176,99.60546875
08:00:11,91282CKE0,TSRYS5765705,D,S,D,2024-03-28,1000000.00,4.393176,99.60546875
08:00:11,91282CKE0,TSRYS5765705,D,S,D,2024-03-28,1000000.00,4.393176,99.60546875
08:00:11,91282CKE0,TSRYS5765705,D,S,D,2024-03-28,2000000.00,4.406029,99.5703125
08:00:11,91282CKE0,TSRYS5765705,D,S,D,2024-03-28,1000000.00,4.406029,99.5703125
08:00:11,91282CKE0,TSRYS5765705,D,S,A,2024-03-28,25000000.00,4.873317,98.296875
08:00:11,91282CKE0,TSRYS5765705,D,S,D,2024-03-28,1000000.00,4.406029,99.5703125
08:00:11,91282CKE0,TSRYS5765705,D,S,D,2024-03-28,2000000.00,4.406029,99.5703125
08:00:11,91282CKE0,TSRYS5765705,D,S,D,2024-03-28,1000000.00,4.406029,99.5703125
08:00:11,91282CKE0,TSRYS5765705,D,S,D,2024-03-28,2000000.00,4.406029,99.5703125
08:00:12,91282CKE0,TSRYS5765705,D,S,D,2024-03-28,1000000.00,4.406029,99.5703125
08:00:12,91282CKE0,TSRYS5765705,D,S,D,2024-03-28,1000000.00,4.406029,99.5703125
08:00:12,91282CKE0,TSRYS5765705,D,S,D,2024-03-28,3000000.00,4.402458,99.580078125
08:00:13,91282CKE0,TSRYS5765705,D,S,D,2024-03-28,1000000.00,4.383184,99.6328125
08:00:13,91282CKE0,TSRYS5765705,D,S,D,2024-03-28,2000000.00,4.383898,99.630859375
08:00:13,91282CKE0,TSRYS5765705,D,S,T,2024-03-28,3000000.00,4.396032,99.59765625
08:00:13,91282CKE0,TSRYS5765705,D,S,T,2024-03-28,1000000.00,4.398888,99.58984375
08:00:13,91282CKE0,TSRYS5765705,D,S,T,2024-03-28,8000000.00,4.39746,99.59375
08:00:13,91282CKE0,TSRYS5765705,D,S,D,2024-03-28,2000000.00,4.386752,99.623046875
08:00:13,91282CKE0,TSRYS5765705,D,S,D,2024-03-28,1000000.00,4.386752,99.623046875
08:00:13,91282CKE0,TSRYS5765705,D,S,D,2024-03-28,1000000.00,4.396746,99.595703125
08:00:13,91282CKE0,TSRYS5765705,D,S,D,2024-03-28,1000000.00,4.396746,99.595703125
08:00:13,91282CKE0,TSRYS5765705,D,S,D,2024-03-28,1000000.00,4.39746,99.59375
08:00:14,91282CKE0,TSRYS5765705,D,S,T,2024-03-28,1000000.00,4.391749,99.609375
08:00:14,91282CKE0,TSRYS5765705,D,S,T,2024-03-28,3000000.00,4.391749,99.609375
08:00:14,91282CKE0,TSRYS5765705,D,S,T,2024-03-28,2000000.00,4.391749,99.609375
08:00:14,91282CKE0,TSRYS5765705,D,S,T,2024-03-28,2000000.00,4.391749,99.609375
08:00:14,91282CKE0,TSRYS5765705,D,S,T,2024-03-28,2000000.00,4.391749,99.609375
08:00:14,91282CKE0,TSRYS5765705,D,S,D,2024-03-28,8000000.00,4.39746,99.59375
08:00:14,91282CKE0,TSRYS5765705,D,S,T,2024-03-28,1000000.00,4.391749,99.609375
08:00:14,91282CKE0,TSRYS5765705,D,S,D,2024-03-28,4000000.00,4.398888,99.58984375
08:00:14,91282CKE0,TSRYS5765705,D,S,T,2024-03-28,2000000.00,4.391749,99.609375
08:00:14,91282CKE0,TSRYS5765705,D,S,T,2024-03-28,1000000.00,4.393176,99.60546875
08:00:14,91282CKE0,TSRYS5765705,D,S,T,2024-03-28,1000000.00,4.393176,99.60546875
08:00:14,91282CKE0,TSRYS5765705,D,S,T,2024-03-28,1000000.00,4.394604,99.6015625
08:00:14,91282CKE0,TSRYS5765705,D,S,T,2024-03-28,1000000.00,4.394604,99.6015625
08:00:15,91282CKE0,TSRYS5765705,D,S,D,2024-03-28,1000000.00,4.396032,99.59765625
08:00:15,91282CKE0,TSRYS5765705,D,S,D,2024-03-28,1000000.00,4.395318,99.599609375
08:00:15,91282CKE0,TSRYS5765705,D,S,D,2024-03-28,1000000.00,4.395318,99.599609375
08:00:15,91282CKE0,TSRYS5765705,D,S,D,2024-03-28,1000000.00,4.394604,99.6015625
08:00:15,91282CKE0,TSRYS5765705,D,S,D,2024-03-28,1000000.00,4.394604,99.6015625
08:00:15,91282CKE0,TSRYS5765705,D,S,D,2024-03-28,1000000.00,4.394604,99.6015625
08:00:15,91282CKE0,TSRYS5765705,D,S,D,2024-03-28,1000000.00,4.39389,99.603515625
08:00:15,91282CKE0,TSRYS5765705,D,S,D,2024-03-28,2000000.00,4.394604,99.6015625
08:00:15,91282CKE0,TSRYS5765705,D,S,D,2024-03-28,1000000.00,4.39389,99.603515625
08:00:15,91282CKE0,TSRYS5765705,D,S,D,2024-03-28,1000000.00,4.39389,99.603515625
08:00:15,91282CKE0,TSRYS5765705,D,S,T,2024-03-28,2000000.00,4.39389,99.603515625
08:00:15,91282CKE0,TSRYS5765705,D,S,T,2024-03-28,2000000.00,4.394604,99.6015625
08:00:15,91282CKE0,TSRYS5765705,D,S,D,2024-03-28,2000000.00,4.391749,99.609375
08:00:15,91282CKE0,TSRYS5765705,D,S,D,2024-03-28,1000000.00,4.391749,99.609375
08:00:15,91282CKE0,TSRYS5765705,D,S,D,2024-03-28,2000000.00,4.391749,99.609375
08:00:15,91282CKE0,TSRYS5765705,D,S,D,2024-03-28,1000000.00,4.391749,99.609375
08:00:15,91282CKE0,TSRYS5765705,D,S,D,2024-03-28,4000000.00,4.391749,99.609375
08:00:15,91282CKE0,TSRYS5765705,D,S,D,2024-03-28,1000000.00,4.391749,99.609375
08:00:15,91282CKE0,TSRYS5765705,D,S,D,2024-03-28,3000000.00,4.391749,99.609375
08:00:15,91282CKE0,TSRYS5765705,D,S,D,2024-03-28,1000000.00,4.391749,99.609375
08:00:15,91282CKE0,TSRYS5765705,D,S,T,2024-03-28,1000000.00,4.406029,99.5703125
08:00:15,91282CKE0,TSRYS5765705,D,S,D,2024-03-28,2000000.00,4.391749,99.609375
08:00:15,91282CKE0,TSRYS5765705,D,S,D,2024-03-28,2000000.00,4.391749,99.609375
08:00:15,91282CKE0,TSRYS5765705,D,S,T,2024-03-28,2000000.00,4.406029,99.5703125
08:00:15,91282CKE0,TSRYS5765705,D,S,D,2024-03-28,4000000.00,4.391749,99.609375
08:00:16,91282CKE0,TSRYS5765705,D,S,T,2024-03-28,1000000.00,4.406029,99.5703125
08:00:16,91282CKE0,TSRYS5765705,D,S,T,2024-03-28,2000000.00,4.406029,99.5703125
08:00:16,91282CKE0,TSRYS5765705,D,S,D,2024-03-28,3000000.00,4.391749,99.609375
08:00:16,91282CKE0,TSRYS5765705,D,S,D,2024-03-28,1000000.00,4.391749,99.609375
08:00:16,91282CKE0,TSRYS5765705,D,S,T,2024-03-28,1000000.00,4.406029,99.5703125
08:00:16,91282CKE0,TSRYS5765705,D,S,T,2024-03-28,1000000.00,4.406029,99.5703125
08:00:16,91282CKE0,TSRYS5765705,D,B,A,2024-03-28,250MM+,4.395558,99.599685
08:00:16,91282CKE0,TSRYS5765705,D,S,D,2024-03-28,2000000.00,4.391749,99.609375
08:00:16,91282CKE0,TSRYS5765705,D,S,D,2024-03-28,2000000.00,4.391749,99.609375
08:00:16,91282CKE0,TSRYS5765705,D,S,D,2024-03-28,1000000.00,4.39389,99.603515625
08:00:16,91282CKE0,TSRYS5765705,D,S,D,2024-03-28,1000000.00,4.39389,99.603515625
08:00:16,91282CKE0,TSRYS5765705,D,S,D,2024-03-28,1000000.00,4.39389,99.603515625
08:00:16,91282CKE0,TSRYS5765705,D,S,D,2024-03-28,1000000.00,4.396746,99.595703125
08:00:16,91282CKE0,TSRYS5765705,D,S,D,2024-03-28,1000000.00,4.39389,99.603515625
08:00:16,91282CKE0,TSRYS5765705,D,S,D,2024-03-28,3000000.00,4.391749,99.609375
08:00:16,91282CKE0,TSRYS5765705,D,S,D,2024-03-28,1000000.00,4.39389,99.603515625
08:00:16,91282CKE0,TSRYS5765705,D,S,D,2024-03-28,2000000.00,4.39389,99.603515625
08:00:16,91282CKE0,TSRYS5765705,D,S,D,2024-03-28,1000000.00,4.39389,99.603515625
08:00:16,91282CKE0,TSRYS5765705,D,S,D,2024-03-28,2000000.00,4.39389,99.603515625
08:00:16,91282CKE0,TSRYS5765705,D,S,D,2024-03-28,1000000.00,4.394604,99.6015625
08:00:16,91282CKE0,TSRYS5765705,D,S,D,2024-03-28,1000000.00,4.394604,99.6015625
08:00:16,91282CKE0,TSRYS5765705,D,S,D,2024-03-28,2000000.00,4.394604,99.6015625
08:00:16,91282CKE0,TSRYS5765705,D,S,D,2024-03-28,1000000.00,4.394604,99.6015625
08:00:16,91282CKE0,TSRYS5765705,D,S,D,2024-03-28,1000000.00,4.400316,99.5859375
08:00:16,91282CKE0,TSRYS5765705,D,S,D,2024-03-28,3000000.00,4.400316,99.5859375
08:00:16,91282CKE0,TSRYS5765705,D,S,D,2024-03-28,1000000.00,4.400316,99.5859375
08:00:16,91282CKE0,TSRYS5765705,D,S,D,2024-03-28,1000000.00,4.400316,99.5859375
08:00:16,91282CKE0,TSRYS5765705,D,S,D,2024-03-28,1000000.00,4.400316,99.5859375
08:00:16,91282CKE0,TSRYS5765705,D,S,D,2024-03-28,1000000.00,4.400316,99.5859375
08:00:16,91282CKE0,TSRYS5765705,D,S,D,2024-03-28,2000000.00,4.400316,99.5859375
08:00:16,91282CKE0,TSRYS5765705,D,S,D,2024-03-28,16000000.00,4.400316,99.5859375
08:00:16,91282CKE0,TSRYS5765705,D,S,D,2024-03-28,1000000.00,4.400316,99.5859375
08:00:16,91282CKE0,TSRYS5765705,D,S,D,2024-03-28,1000000.00,4.400316,99.5859375
08:00:16,91282CKE0,TSRYS5765705,D,S,D,2024-03-28,1000000.00,4.400316,99.5859375
08:00:16,91282CKE0,TSRYS5765705,D,S,D,2024-03-28,2000000.00,4.400316,99.5859375
08:00:16,91282CKE0,TSRYS5765705,D,S,D,2024-03-28,4000000.00,4.400316,99.5859375
08:00:16,91282CKE0,TSRYS5765705,D,S,D,2024-03-28,2000000.00,4.400316,99.5859375
08:00:16,91282CKE0,TSRYS5765705,D,S,D,2024-03-28,2000000.00,4.406029,99.5703125
08:00:16,91282CKE0,TSRYS5765705,D,S,D,2024-03-28,1000000.00,4.406029,99.5703125
08:00:16,91282CKE0,TSRYS5765705,D,S,D,2024-03-28,1000000.00,4.403172,99.578125
08:00:16,91282CKE0,TSRYS5765705,D,S,D,2024-03-28,1000000.00,4.403172,99.578125
08:00:16,91282CKE0,TSRYS5765705,D,S,D,2024-03-28,1000000.00,4.403886,99.576171875
08:00:16,91282CKE0,TSRYS5765705,D,S,D,2024-03-28,2000000.00,4.402458,99.580078125
08:00:16,91282CKE0,TSRYS5765705,D,S,D,2024-03-28,5000000.00,4.403172,99.578125
08:00:16,91282CKE0,TSRYS5765705,D,S,D,2024-03-28,1000000.00,4.402458,99.580078125
08:00:16,91282CKE0,TSRYS5765705,D,S,D,2024-03-28,2000000.00,4.402458,99.580078125
08:00:16,91282CKE0,TSRYS5765705,D,S,D,2024-03-28,1000000.00,4.402458,99.580078125
08:00:17,91282CKE0,TSRYS5765705,D,S,C,2024-03-28,4000000.00,4.396032,99.59765625
08:00:17,91282CKE0,TSRYS5765705,D,B,C,2024-03-28,4000000.00,4.396032,99.59765625
08:00:17,91282CKE0,TSRYS5765705,D,S,C,2024-03-28,2000000.00,4.39746,99.59375
08:00:17,91282CKE0,TSRYS5765705,D,S,C,2024-03-28,1000000.00,4.39746,99.59375
08:00:17,91282CKE0,TSRYS5765705,D,S,C,2024-03-28,1000000.00,4.39746,99.59375
08:00:17,91282CKE0,TSRYS5765705,D,S,C,2024-03-28,4000000.00,4.396032,99.59765625
08:00:17,91282CKE0,TSRYS5765705,D,B,C,2024-03-28,4000000.00,4.396032,99.59765625
08:00:17,91282CKE0,TSRYS5765705,D,S,C,2024-03-28,2000000.00,4.396746,99.595703125
08:00:17,91282CKE0,TSRYS5765705,D,S,C,2024-03-28,1000000.00,4.396746,99.595703125
08:00:17,91282CKE0,TSRYS5765705,D,S,C,2024-03-28,1000000.00,4.396746,99.595703125
08:00:17,91282CKE0,TSRYS5765705,D,S,C,2024-03-28,4000000.00,4.398174,99.591796875
08:00:18,91282CKE0,TSRYS5765705,D,B,C,2024-03-28,4000000.00,4.398174,99.591796875
08:00:18,91282CKE0,TSRYS5765705,D,S,C,2024-03-28,4000000.00,4.398888,99.58984375
08:00:18,91282CKE0,TSRYS5765705,D,S,C,2024-03-28,2000000.00,4.398888,99.58984375
08:00:18,91282CKE0,TSRYS5765705,D,S,C,2024-03-28,2000000.00,4.398888,99.58984375
08:00:18,91282CKE0,TSRYS5765705,D,S,T,2024-03-28,6000000.00,4.398888,99.58984375
08:00:18,91282CKE0,TSRYS5765705,D,S,T,2024-03-28,10000000.00,4.396746,99.595703125
08:00:18,91282CKE0,TSRYS5765705,D,S,T,2024-03-28,3000000.00,4.394604,99.6015625
08:00:18,91282CKE0,TSRYS5765705,D,S,T,2024-03-28,4000000.00,4.398888,99.58984375
08:00:19,91282CKE0,TSRYS5765705,D,S,T,2024-03-28,1000000.00,4.398888,99.58984375
08:00:19,91282CKE0,TSRYS5765705,D,S,T,2024-03-28,1000000.00,4.398888,99.58984375
08:00:19,91282CKE0,TSRYS5765705,D,S,T,2024-03-28,8000000.00,4.398174,99.591796875
08:00:19,91282CKE0,TSRYS5765705,D,S,T,2024-03-28,2000000.00,4.391749,99.609375
08:00:19,91282CKE0,TSRYS5765705,D,S,T,2024-03-28,1000000.00,4.391749,99.609375
08:00:19,91282CKE0,TSRYS5765705,D,S,T,2024-03-28,1000000.00,4.393176,99.60546875
08:00:19,91282CKE0,TSRYS5765705,D,S,T,2024-03-28,2000000.00,4.391749,99.609375
08:00:19,91282CKE0,TSRYS5765705,D,S,T,2024-03-28,1000000.00,4.391749,99.609375
08:00:19,91282CKE0,TSRYS5765705,D,S,T,2024-03-28,1000000.00,4.391749,99.609375
08:00:19,91282CKE0,TSRYS5765705,D,S,T,2024-03-28,1000000.00,4.392463,99.607421875
08:00:19,91282CKE0,TSRYS5765705,D,S,T,2024-03-28,1000000.00,4.393176,99.60546875
08:00:19,91282CKE0,TSRYS5765705,D,S,C,2024-03-28,2000000.00,4.405315,99.572265625
08:00:19,91282CKE0,TSRYS5765705,D,B,C,2024-03-28,2000000.00,4.405315,99.572265625
08:00:19,91282CKE0,TSRYS5765705,D,S,T,2024-03-28,1000000.00,4.393176,99.60546875
08:00:19,91282CKE0,TSRYS5765705,D,S,T,2024-03-28,3000000.00,4.393176,99.60546875
08:00:19,91282CKE0,TSRYS5765705,D,S,T,2024-03-28,1000000.00,4.393176,99.60546875
08:00:19,91282CKE0,TSRYS5765705,D,S,T,2024-03-28,1000000.00,4.393176,99.60546875
08:00:20,91282CKE0,TSRYS5765705,D,S,T,2024-03-28,1000000.00,4.393176,99.60546875
08:00:20,91282CKE0,TSRYS5765705,D,S,T,2024-03-28,1000000.00,4.393176,99.60546875
08:00:20,91282CKE0,TSRYS5765705,D,S,T,2024-03-28,1000000.00,4.393176,99.60546875
08:00:20,91282CKE0,TSRYS5765705,D,S,T,2024-03-28,1000000.00,4.393176,99.60546875
08:00:20,91282CKE0,TSRYS5765705,D,S,D,2024-03-28,1000000.00,4.391749,99.609375
08:00:20,91282CKE0,TSRYS5765705,D,S,T,2024-03-28,2000000.00,4.391749,99.609375
08:00:20,91282CKE0,TSRYS5765705,D,S,T,2024-03-28,1000000.00,4.400316,99.5859375
08:00:20,91282CKE0,TSRYS5765705,D,S,T,2024-03-28,3000000.00,4.400316,99.5859375
08:00:20,91282CKE0,TSRYS5765705,D,S,T,2024-03-28,3000000.00,4.402458,99.580078125
08:00:20,91282CKE0,TSRYS5765705,D,S,T,2024-03-28,1000000.00,4.403172,99.578125
08:00:20,91282CKE0,TSRYS5765705,D,S,T,2024-03-28,1000000.00,4.403172,99.578125
08:00:20,91282CKE0,TSRYS5765705,D,S,D,2024-03-28,1000000.00,4.391749,99.609375
08:00:20,91282CKE0,TSRYS5765705,D,S,D,2024-03-28,2000000.00,4.391749,99.609375
08:00:20,91282CKE0,TSRYS5765705,D,S,D,2024-03-28,8000000.00,4.391749,99.609375
08:00:20,91282CKE0,TSRYS5765705,D,S,D,2024-03-28,2000000.00,4.391749,99.609375
08:00:20,91282CKE0,TSRYS5765705,D,S,D,2024-03-28,1000000.00,4.391749,99.609375
08:00:20,91282CKE0,TSRYS5765705,D,S,D,2024-03-28,1000000.00,4.391749,99.609375
08:00:20,91282CKE0,TSRYS5765705,D,S,D,2024-03-28,1000000.00,4.391749,99.609375
08:00:20,91282CKE0,TSRYS5765705,D,S,D,2024-03-28,3000000.00,4.391749,99.609375
08:00:20,91282CKE0,TSRYS5765705,D,S,D,2024-03-28,1000000.00,4.391749,99.609375
08:00:20,91282CKE0,TSRYS5765705,D,S,D,2024-03-28,7000000.00,4.391749,99.609375
08:00:20,91282CKE0,TSRYS5765705,D,S,D,2024-03-28,3000000.00,4.391749,99.609375
08:00:20,91282CKE0,TSRYS5765705,D,S,D,2024-03-28,1000000.00,4.391749,99.609375
08:00:20,91282CKE0,TSRYS5765705,D,S,D,2024-03-28,1000000.00,4.391749,99.609375
08:00:20,91282CKE0,TSRYS5765705,D,S,D,2024-03-28,4000000.00,4.391749,99.609375
08:00:20,91282CKE0,TSRYS5765705,D,S,D,2024-03-28,1000000.00,4.394604,99.6015625
08:00:20,91282CKE0,TSRYS5765705,D,S,D,2024-03-28,2000000.00,4.393176,99.60546875
08:00:20,91282CKE0,TSRYS5765705,D,S,D,2024-03-28,1000000.00,4.393176,99.60546875
08:00:20,91282CKE0,TSRYS5765705,D,S,D,2024-03-28,1000000.00,4.393176,99.60546875
08:00:20,91282CKE0,TSRYS5765705,D,S,D,2024-03-28,1000000.00,4.393176,99.60546875
08:00:20,91282CKE0,TSRYS5765705,D,S,D,2024-03-28,1000000.00,4.393176,99.60546875
08:00:20,91282CKE0,TSRYS5765705,D,S,D,2024-03-28,2000000.00,4.393176,99.60546875
08:00:21,91282CKE0,TSRYS5765705,D,S,D,2024-03-28,1000000.00,4.400316,99.5859375
08:00:21,91282CKE0,TSRYS5765705,D,S,D,2024-03-28,1000000.00,4.400316,99.5859375
08:00:21,91282CKE0,TSRYS5765705,D,S,D,2024-03-28,1000000.00,4.400316,99.5859375
08:00:21,91282CKE0,TSRYS5765705,D,S,D,2024-03-28,1000000.00,4.400316,99.5859375
08:00:21,91282CKE0,TSRYS5765705,D,S,D,2024-03-28,7000000.00,4.400316,99.5859375
08:00:21,91282CKE0,TSRYS5765705,D,S,D,2024-03-28,2000000.00,4.400316,99.5859375
08:00:21,91282CKE0,TSRYS5765705,D,S,D,2024-03-28,50000000.00,4.406029,99.5703125
08:00:21,91282CKE0,TSRYS5765705,D,S,D,2024-03-28,1000000.00,4.406743,99.568359375
08:00:21,91282CKE0,TSRYS5765705,D,S,D,2024-03-28,2000000.00,4.40103,99.583984375
08:00:21,91282CKE0,TSRYS5765705,D,S,D,2024-03-28,1000000.00,4.40103,99.583984375
08:00:21,91282CKE0,TSRYS5765705,D,S,D,2024-03-28,1000000.00,4.406029,99.5703125
08:00:21,91282CKE0,TSRYS5765705,D,S,D,2024-03-28,2000000.00,4.406029,99.5703125
08:00:21,91282CKE0,TSRYS5765705,D,S,D,2024-03-28,3000000.00,4.406029,99.5703125
08:00:21,91282CKE0,TSRYS5765705,D,S,D,2024-03-28,2000000.00,4.403172,99.578125
08:00:21,91282CKE0,TSRYS5765705,D,S,D,2024-03-28,1000000.00,4.40103,99.583984375
08:00:21,91282CKE0,TSRYS5765705,D,S,D,2024-03-28,1000000.00,4.40103,99.583984375
08:00:21,91282CKE0,TSRYS5765705,D,S,D,2024-03-28,1000000.00,4.40103,99.583984375
08:00:21,91282CKE0,TSRYS5765705,D,S,D,2024-03-28,1000000.00,4.40103,99.583984375
08:00:21,91282CKE0,TSRYS5765705,D,S,D,2024-03-28,1000000.00,4.403172,99.578125
08:00:21,91282CKE0,TSRYS5765705,D,S,D,2024-03-28,1000000.00,4.405315,99.572265625
08:00:21,91282CKE0,TSRYS5765705,D,S,D,2024-03-28,1000000.00,4.4046,99.57421875
08:00:21,91282CKE0,TSRYS5765705,D,S,D,2024-03-28,2000000.00,4.401744,99.58203125
08:00:21,91282CKE0,TSRYS5765705,D,S,D,2024-03-28,1000000.00,4.40103,99.583984375
08:00:21,91282CKE0,TSRYS5765705,D,S,D,2024-03-28,1000000.00,4.401744,99.58203125
08:00:21,91282CKE0,TSRYS5765705,D,S,D,2024-03-28,2000000.00,4.401744,99.58203125
08:00:21,91282CKE0,TSRYS5765705,D,S,D,2024-03-28,1000000.00,4.40103,99.583984375
08:00:21,91282CKE0,TSRYS5765705,D,S,D,2024-03-28,1000000.00,4.40103,99.583984375
08:00:21,91282CKE0,TSRYS5765705,D,S,D,2024-03-28,1000000.00,4.40103,99.583984375
08:00:21,91282CKE0,TSRYS5765705,D,S,D,2024-03-28,1000000.00,4.400316,99.5859375
08:00:23,91282CKE0,TSRYS5765705,D,S,T,2024-03-28,1000000.00,4.388894,99.6171875
08:00:23,91282CKE0,TSRYS5765705,D,S,T,2024-03-28,1000000.00,4.413171,99.55078125
08:00:23,91282CKE0,TSRYS5765705,D,S,T,2024-03-28,1000000.00,4.417458,99.5390625
08:00:23,91282CKE0,TSRYS5765705,D,S,T,2024-03-28,1000000.00,4.424603,99.51953125
08:00:23,91282CKE0,TSRYS5765705,D,S,T,2024-03-28,1000000.00,4.423174,99.5234375
08:00:23,91282CKE0,TSRYS5765705,D,S,T,2024-03-28,1000000.00,4.4146,99.546875
08:00:23,91282CKE0,TSRYS5765705,D,S,T,2024-03-28,1000000.00,4.413171,99.55078125
08:00:23,91282CKE0,TSRYS5765705,D,S,T,2024-03-28,1000000.00,4.411743,99.5546875
08:00:23,91282CKE0,TSRYS5765705,D,S,T,2024-03-28,1000000.00,4.411743,99.5546875
08:00:23,91282CKE0,TSRYS5765705,D,S,T,2024-03-28,1000000.00,4.411743,99.5546875
08:00:23,91282CKE0,TSRYS5765705,D,S,T,2024-03-28,1000000.00,4.413171,99.55078125
08:00:23,91282CKE0,TSRYS5765705,D,S,T,2024-03-28,1000000.00,4.416029,99.54296875
08:00:24,91282CKE0,TSRYS5765705,D,S,T,2024-03-28,2000000.00,4.391749,99.609375
08:00:24,91282CKE0,TSRYS5765705,D,S,T,2024-03-28,4000000.00,4.393176,99.60546875
08:00:24,91282CKE0,TSRYS5765705,D,S,T,2024-03-28,2000000.00,4.393176,99.60546875
08:00:24,91282CKE0,TSRYS5765705,D,S,T,2024-03-28,2000000.00,4.391749,99.609375
08:00:24,91282CKE0,TSRYS5765705,D,S,T,2024-03-28,2000000.00,4.391749,99.609375
08:00:24,91282CKE0,TSRYS5765705,D,S,D,2024-03-28,1000000.00,4.383184,99.6328125
08:00:24,91282CKE0,TSRYS5765705,D,S,T,2024-03-28,1000000.00,4.383184,99.6328125
08:00:24,91282CKE0,TSRYS5765705,D,S,D,2024-03-28,1000000.00,4.386752,99.623046875
08:00:24,91282CKE0,TSRYS5765705,D,S,T,2024-03-28,1000000.00,4.388894,99.6171875
08:00:24,91282CKE0,TSRYS5765705,D,S,T,2024-03-28,1000000.00,4.388894,99.6171875
08:00:24,91282CKE0,TSRYS5765705,D,S,T,2024-03-28,1000000.00,4.396746,99.595703125
08:00:24,91282CKE0,TSRYS5765705,D,S,D,2024-03-28,1000000.00,4.396746,99.595703125
08:00:24,91282CKE0,TSRYS5765705,D,S,D,2024-03-28,1000000.00,4.39389,99.603515625
08:00:24,91282CKE0,TSRYS5765705,D,S,T,2024-03-28,1000000.00,4.392463,99.607421875
08:00:24,91282CKE0,TSRYS5765705,D,S,T,2024-03-28,1000000.00,4.407457,99.56640625
08:00:24,91282CKE0,TSRYS5765705,D,S,T,2024-03-28,1000000.00,4.400316,99.5859375
08:00:24,91282CKE0,TSRYS5765705,D,S,D,2024-03-28,1000000.00,4.398888,99.58984375
08:00:24,91282CKE0,TSRYS5765705,D,S,C,2024-03-28,9000000.00,4.401744,99.58203125
08:00:24,91282CKE0,TSRYS5765705,D,S,T,2024-03-28,1000000.00,4.407457,99.56640625
08:00:24,91282CKE0,TSRYS5765705,D,S,D,2024-03-28,1000000.00,4.4096,99.560546875
08:00:24,91282CKE0,TSRYS5765705,D,S,T,2024-03-28,1000000.00,4.413171,99.55078125
08:00:24,91282CKE0,TSRYS5765705,D,S,T,2024-03-28,1000000.00,4.413171,99.55078125
08:00:24,91282CKE0,TSRYS5765705,D,S,T,2024-03-28,1000000.00,4.423888,99.521484375
08:00:24,91282CKE0,TSRYS5765705,D,S,T,2024-03-28,1000000.00,4.424603,99.51953125
08:00:24,91282CKE0,TSRYS5765705,D,S,T,2024-03-28,1000000.00,4.424603,99.51953125
08:00:24,91282CKE0,TSRYS5765705,D,S,T,2024-03-28,1000000.00,4.424603,99.51953125
08:00:24,91282CKE0,TSRYS5765705,D,S,T,2024-03-28,1000000.00,4.424603,99.51953125
08:00:24,91282CKE0,TSRYS5765705,D,S,T,2024-03-28,1000000.00,4.424603,99.51953125
08:00:24,91282CKE0,TSRYS5765705,D,S,T,2024-03-28,1000000.00,4.424603,99.51953125
08:00:24,91282CKE0,TSRYS5765705,D,S,T,2024-03-28,1000000.00,4.423174,99.5234375
08:00:24,91282CKE0,TSRYS5765705,D,S,T,2024-03-28,1000000.00,4.421745,99.52734375
08:00:24,91282CKE0,TSRYS5765705,D,S,T,2024-03-28,1000000.00,4.417458,99.5390625
08:00:24,91282CKE0,TSRYS5765705,D,S,T,2024-03-28,1000000.00,4.416029,99.54296875
08:00:24,91282CKE0,TSRYS5765705,D,S,D,2024-03-28,1000000.00,4.413171,99.55078125
08:00:24,91282CKE0,TSRYS5765705,D,S,T,2024-03-28,1000000.00,4.413171,99.55078125
08:00:24,91282CKE0,TSRYS5765705,D,S,T,2024-03-28,1000000.00,4.411743,99.5546875
08:00:24,91282CKE0,TSRYS5765705,D,S,T,2024-03-28,1000000.00,4.4146,99.546875
08:00:24,91282CKE0,TSRYS5765705,D,S,T,2024-03-28,1000000.00,4.416029,99.54296875
08:00:24,91282CKE0,TSRYS5765705,D,S,D,2024-03-28,1000000.00,4.416029,99.54296875
08:00:24,91282CKE0,TSRYS5765705,D,S,T,2024-03-28,1000000.00,4.415314,99.544921875
08:00:24,91282CKE0,TSRYS5765705,D,S,D,2024-03-28,1000000.00,4.408886,99.5625
08:00:24,91282CKE0,TSRYS5765705,D,S,D,2024-03-28,1000000.00,4.39389,99.603515625
08:00:24,91282CKE0,TSRYS5765705,D,S,T,2024-03-28,1000000.00,4.39389,99.603515625
08:00:24,91282CKE0,TSRYS5765705,D,S,T,2024-03-28,1000000.00,4.39389,99.603515625
08:00:24,91282CKE0,TSRYS5765705,D,S,D,2024-03-28,6000000.00,4.398888,99.58984375
08:00:24,91282CKE0,TSRYS5765705,D,S,D,2024-03-28,10000000.00,4.396746,99.595703125
08:00:24,91282CKE0,TSRYS5765705,D,S,D,2024-03-28,3000000.00,4.394604,99.6015625
08:00:24,91282CKE0,TSRYS5765705,D,S,D,2024-03-28,4000000.00,4.394604,99.6015625
08:00:24,91282CKE0,TSRYS5765705,D,S,D,2024-03-28,1000000.00,4.39746,99.59375
08:00:25,91282CKE0,TSRYS5765705,D,S,D,2024-03-28,1000000.00,4.391749,99.609375
08:00:25,91282CKE0,TSRYS5765705,D,S,D,2024-03-28,1000000.00,4.391749,99.609375
08:00:25,91282CKE0,TSRYS5765705,D,S,D,2024-03-28,1000000.00,4.391749,99.609375
08:00:25,91282CKE0,TSRYS5765705,D,S,D,2024-03-28,1000000.00,4.391749,99.609375
08:00:25,91282CKE0,TSRYS5765705,D,S,T,2024-03-28,2000000.00,4.406029,99.5703125
08:00:25,91282CKE0,TSRYS5765705,D,S,D,2024-03-28,1000000.00,4.391749,99.609375
08:00:25,91282CKE0,TSRYS5765705,D,S,D,2024-03-28,5000000.00,4.391749,99.609375
08:00:25,91282CKE0,TSRYS5765705,D,S,D,2024-03-28,4000000.00,4.391749,99.609375
08:00:25,91282CKE0,TSRYS5765705,D,S,T,2024-03-28,1000000.00,4.406029,99.5703125
08:00:25,91282CKE0,TSRYS5765705,D,S,D,2024-03-28,1000000.00,4.391749,99.609375
08:00:25,91282CKE0,TSRYS5765705,D,S,T,2024-03-28,1000000.00,4.403886,99.576171875
08:00:25,91282CKE0,TSRYS5765705,D,S,D,2024-03-28,1000000.00,4.391749,99.609375
08:00:25,91282CKE0,TSRYS5765705,D,S,D,2024-03-28,1000000.00,4.391749,99.609375
08:00:25,91282CKE0,TSRYS5765705,D,S,T,2024-03-28,2000000.00,4.402458,99.580078125
08:00:25,91282CKE0,TSRYS5765705,D,S,D,2024-03-28,3000000.00,4.391749,99.609375
08:00:25,91282CKE0,TSRYS5765705,D,S,D,2024-03-28,2000000.00,4.391749,99.609375
08:00:25,91282CKE0,TSRYS5765705,D,S,D,2024-03-28,2000000.00,4.391749,99.609375
08:00:25,91282CKE0,TSRYS5765705,D,S,T,2024-03-28,1000000.00,4.402458,99.580078125
08:00:25,91282CKE0,TSRYS5765705,D,S,D,2024-03-28,2000000.00,4.391749,99.609375
08:00:25,91282CKE0,TSRYS5765705,D,S,D,2024-03-28,1000000.00,4.391749,99.609375
08:00:25,91282CKE0,TSRYS5765705,D,S,D,2024-03-28,2000000.00,4.391749,99.609375
08:00:25,91282CKE0,TSRYS5765705,D,S,D,2024-03-28,1000000.00,4.391749,99.609375
08:00:25,91282CKE0,TSRYS5765705,D,S,D,2024-03-28,4000000.00,4.391749,99.609375
08:00:25,91282CKE0,TSRYS5765705,D,S,D,2024-03-28,4000000.00,4.391749,99.609375
08:00:25,91282CKE0,TSRYS5765705,D,S,D,2024-03-28,1000000.00,4.391749,99.609375
08:00:25,91282CKE0,TSRYS5765705,D,S,D,2024-03-28,4000000.00,4.391749,99.609375
08:00:25,91282CKE0,TSRYS5765705,D,S,D,2024-03-28,1000000.00,4.391749,99.609375
08:00:25,91282CKE0,TSRYS5765705,D,S,D,2024-03-28,1000000.00,4.391749,99.609375
08:00:25,91282CKE0,TSRYS5765705,D,S,D,2024-03-28,4000000.00,4.391749,99.609375
08:00:25,91282CKE0,TSRYS5765705,D,S,D,2024-03-28,2000000.00,4.391749,99.609375
08:00:25,91282CKE0,TSRYS5765705,D,S,D,2024-03-28,1000000.00,4.391749,99.609375
08:00:25,91282CKE0,TSRYS5765705,D,S,D,2024-03-28,2000000.00,4.39389,99.603515625
08:00:25,91282CKE0,TSRYS5765705,D,S,D,2024-03-28,1000000.00,4.39389,99.603515625
08:00:25,91282CKE0,TSRYS5765705,D,S,D,2024-03-28,1000000.00,4.39389,99.603515625
08:00:25,91282CKE0,TSRYS5765705,D,S,D,2024-03-28,2000000.00,4.39389,99.603515625
08:00:25,91282CKE0,TSRYS5765705,D,S,D,2024-03-28,1000000.00,4.39389,99.603515625
08:00:25,91282CKE0,TSRYS5765705,D,S,D,2024-03-28,2000000.00,4.394604,99.6015625
08:00:25,91282CKE0,TSRYS5765705,D,S,D,2024-03-28,3000000.00,4.406743,99.568359375
08:00:25,91282CKE0,TSRYS5765705,D,S,D,2024-03-28,1000000.00,4.407457,99.56640625
08:00:25,91282CKE0,TSRYS5765705,D,S,D,2024-03-28,1000000.00,4.405315,99.572265625
08:00:25,91282CKE0,TSRYS5765705,D,S,D,2024-03-28,1000000.00,4.40103,99.583984375
08:00:25,91282CKE0,TSRYS5765705,D,S,D,2024-03-28,1000000.00,4.40103,99.583984375
08:00:25,91282CKE0,TSRYS5765705,D,S,D,2024-03-28,1000000.00,4.40103,99.583984375
08:00:25,91282CKE0,TSRYS5765705,D,S,D,2024-03-28,1000000.00,4.400316,99.5859375
08:00:25,91282CKE0,TSRYS5765705,D,S,D,2024-03-28,2000000.00,4.400316,99.5859375
08:00:26,91282CKE0,TSRYS5765705,D,S,D,2024-03-28,2000000.00,4.400316,99.5859375
08:00:26,91282CKE0,TSRYS5765705,D,S,D,2024-03-28,2000000.00,4.400316,99.5859375
08:00:26,91282CKE0,TSRYS5765705,D,S,D,2024-03-28,1000000.00,4.40103,99.583984375
08:00:26,91282CKE0,TSRYS5765705,D,S,D,2024-03-28,3000000.00,4.40103,99.583984375
08:00:26,91282CKE0,TSRYS5765705,D,S,D,2024-03-28,1000000.00,4.40103,99.583984375
08:00:26,91282CKE0,TSRYS5765705,D,S,D,2024-03-28,1000000.00,4.400316,99.5859375
08:00:26,91282CKE0,TSRYS5765705,D,S,D,2024-03-28,2000000.00,4.40103,99.583984375
08:00:26,91282CKE0,TSRYS5765705,D,S,D,2024-03-28,2000000.00,4.40103,99.583984375
08:00:26,91282CKE0,TSRYS5765705,D,S,D,2024-03-28,1000000.00,4.4046,99.57421875
08:00:28,91282CKE0,TSRYS5765705,D,S,D,2024-03-28,2000000.00,4.4146,99.546875
08:00:28,91282CKE0,TSRYS5765705,D,S,D,2024-03-28,2000000.00,4.4146,99.546875
08:00:29,91282CKE0,TSRYS5765705,D,S,D,2024-03-28,3000000.00,4.418887,99.53515625
08:00:29,91282CKE0,TSRYS5765705,D,S,D,2024-03-28,2000000.00,4.418887,99.53515625
08:00:29,91282CKE0,TSRYS5765705,D,S,D,2024-03-28,2000000.00,4.416029,99.54296875
08:00:29,91282CKE0,TSRYS5765705,D,S,D,2024-03-28,2000000.00,4.416029,99.54296875
08:00:29,91282CKE0,TSRYS5765705,D,S,D,2024-03-28,5000000.00,4.416029,99.54296875
08:00:29,91282CKE0,TSRYS5765705,D,S,T,2024-03-28,2000000.00,4.391749,99.609375
08:00:29,91282CKE0,TSRYS5765705,D,S,T,2024-03-28,1000000.00,4.391749,99.609375
08:00:29,91282CKE0,TSRYS5765705,D,S,T,2024-03-28,2000000.00,4.391749,99.609375
08:00:29,91282CKE0,TSRYS5765705,D,S,T,2024-03-28,2000000.00,4.391749,99.609375
08:00:29,91282CKE0,TSRYS5765705,D,S,T,2024-03-28,1000000.00,4.393176,99.60546875
08:00:29,91282CKE0,TSRYS5765705,D,S,T,2024-03-28,1000000.00,4.393176,99.60546875
08:00:29,91282CKE0,TSRYS5765705,D,S,T,2024-03-28,1000000.00,4.391749,99.609375
08:00:29,91282CKE0,TSRYS5765705,D,S,T,2024-03-28,1000000.00,4.393176,99.60546875
08:00:29,91282CKE0,TSRYS5765705,D,S,T,2024-03-28,2000000.00,4.393176,99.60546875
08:00:29,91282CKE0,TSRYS5765705,D,S,D,2024-03-28,1000000.00,4.396746,99.595703125
08:00:29,91282CKE0,TSRYS5765705,D,S,T,2024-03-28,1000000.00,4.393176,99.60546875
08:00:29,91282CKE0,TSRYS5765705,D,S,D,2024-03-28,5000000.00,4.396032,99.59765625
08:00:29,91282CKE0,TSRYS5765705,D,S,D,2024-03-28,1000000.00,4.39389,99.603515625
08:00:29,91282CKE0,TSRYS5765705,D,S,D,2024-03-28,1000000.00,4.394604,99.6015625
08:00:29,91282CKE0,TSRYS5765705,D,S,T,2024-03-28,1000000.00,4.391749,99.609375
08:00:29,91282CKE0,TSRYS5765705,D,S,D,2024-03-28,2000000.00,4.39389,99.603515625
08:00:29,91282CKE0,TSRYS5765705,D,S,D,2024-03-28,8000000.00,4.395318,99.599609375
08:00:29,91282CKE0,TSRYS5765705,D,S,D,2024-03-28,1000000.00,4.395318,99.599609375
08:00:29,91282CKE0,TSRYS5765705,D,S,T,2024-03-28,2000000.00,4.39389,99.603515625
08:00:29,91282CKE0,TSRYS5765705,D,S,T,2024-03-28,1000000.00,4.39389,99.603515625
08:00:29,91282CKE0,TSRYS5765705,D,S,D,2024-03-28,1000000.00,4.398174,99.591796875
08:00:29,91282CKE0,TSRYS5765705,D,S,T,2024-03-28,2000000.00,4.39389,99.603515625
08:00:29,91282CKE0,TSRYS5765705,D,S,D,2024-03-28,1000000.00,4.398888,99.58984375
08:00:29,91282CKE0,TSRYS5765705,D,S,D,2024-03-28,1000000.00,4.396032,99.59765625
08:00:29,91282CKE0,TSRYS5765705,D,S,T,2024-03-28,1000000.00,4.394604,99.6015625
08:00:29,91282CKE0,TSRYS5765705,D,S,D,2024-03-28,2000000.00,4.398888,99.58984375
08:00:29,91282CKE0,TSRYS5765705,D,S,D,2024-03-28,3000000.00,4.396032,99.59765625
08:00:29,91282CKE0,TSRYS5765705,D,B,A,2024-03-28,250MM+,4.398528,99.58984375
08:00:29,91282CKE0,TSRYS5765705,D,S,T,2024-03-28,1000000.00,4.394604,99.6015625
08:00:29,91282CKE0,TSRYS5765705,D,S,T,2024-03-28,2000000.00,4.394604,99.6015625
08:00:30,91282CKE0,TSRYS5765705,D,S,T,2024-03-28,1000000.00,4.38818,99.619140625
08:00:30,91282CKE0,TSRYS5765705,D,S,T,2024-03-28,1000000.00,4.38818,99.619140625
08:00:30,91282CKE0,TSRYS5765705,D,S,T,2024-03-28,1000000.00,4.38818,99.619140625
08:00:30,91282CKE0,TSRYS5765705,D,S,T,2024-03-28,1000000.00,4.388894,99.6171875
08:00:30,91282CKE0,TSRYS5765705,D,S,T,2024-03-28,1000000.00,4.388894,99.6171875
08:00:30,91282CKE0,TSRYS5765705,D,S,T,2024-03-28,1000000.00,4.388894,99.6171875
08:00:30,91282CKE0,TSRYS5765705,D,S,T,2024-03-28,1000000.00,4.387466,99.62109375
08:00:30,91282CKE0,TSRYS5765705,D,S,T,2024-03-28,1000000.00,4.383184,99.6328125
08:00:30,91282CKE0,TSRYS5765705,D,S,T,2024-03-28,1000000.00,4.385325,99.626953125
08:00:30,91282CKE0,TSRYS5765705,D,S,T,2024-03-28,2000000.00,4.387466,99.62109375
08:00:30,91282CKE0,TSRYS5765705,D,S,T,2024-03-28,2000000.00,4.387466,99.62109375
08:00:30,91282CKE0,TSRYS5765705,D,S,T,2024-03-28,1000000.00,4.394604,99.6015625
08:00:30,91282CKE0,TSRYS5765705,D,S,T,2024-03-28,2000000.00,4.396032,99.59765625
08:00:30,91282CKE0,TSRYS5765705,D,S,T,2024-03-28,1000000.00,4.396032,99.59765625
08:00:30,91282CKE0,TSRYS5765705,D,S,T,2024-03-28,1000000.00,4.396032,99.59765625
08:00:30,91282CKE0,TSRYS5765705,D,S,T,2024-03-28,1000000.00,4.39746,99.59375
08:00:30,91282CKE0,TSRYS5765705,D,S,T,2024-03-28,1000000.00,4.39746,99.59375
08:00:30,91282CKE0,TSRYS5765705,D,S,T,2024-03-28,1000000.00,4.39746,99.59375
08:00:30,91282CKE0,TSRYS5765705,D,S,T,2024-03-28,1000000.00,4.39746,99.59375
08:00:30,91282CKE0,TSRYS5765705,D,S,T,2024-03-28,1000000.00,4.394604,99.6015625
08:00:30,91282CKE0,TSRYS5765705,D,S,T,2024-03-28,1000000.00,4.395318,99.599609375
08:00:30,91282CKE0,TSRYS5765705,D,S,T,2024-03-28,1000000.00,4.395318,99.599609375
08:00:30,91282CKE0,TSRYS5765705,D,S,T,2024-03-28,1000000.00,4.394604,99.6015625
08:00:30,91282CKE0,TSRYS5765705,D,S,T,2024-03-28,1000000.00,4.394604,99.6015625
08:00:30,91282CKE0,TSRYS5765705,D,S,T,2024-03-28,1000000.00,4.393176,99.60546875
08:00:30,91282CKE0,TSRYS5765705,D,S,T,2024-03-28,1000000.00,4.391749,99.609375
08:00:30,91282CKE0,TSRYS5765705,D,S,T,2024-03-28,1000000.00,4.391749,99.609375
08:00:30,91282CKE0,TSRYS5765705,D,S,T,2024-03-28,1000000.00,4.391749,99.609375
08:00:30,91282CKE0,TSRYS5765705,D,S,D,2024-03-28,390000.00,4.414225,99.547900641
08:00:30,91282CKE0,TSRYS5765705,D,S,T,2024-03-28,1000000.00,4.391749,99.609375
08:00:30,91282CKE0,TSRYS5765705,D,S,T,2024-03-28,2000000.00,4.391035,99.611328125
08:00:30,91282CKE0,TSRYS5765705,D,S,T,2024-03-28,1000000.00,4.391749,99.609375
08:00:30,91282CKE0,TSRYS5765705,D,S,T,2024-03-28,2000000.00,4.393176,99.60546875
08:00:30,91282CKE0,TSRYS5765705,D,S,T,2024-03-28,1000000.00,4.393176,99.60546875
08:00:30,91282CKE0,TSRYS5765705,D,S,T,2024-03-28,1000000.00,4.391749,99.609375
08:00:30,91282CKE0,TSRYS5765705,D,S,T,2024-03-28,1000000.00,4.391749,99.609375
08:00:30,91282CKE0,TSRYS5765705,D,S,T,2024-03-28,1000000.00,4.391749,99.609375
08:00:30,91282CKE0,TSRYS5765705,D,S,T,2024-03-28,1000000.00,4.393176,99.60546875
08:00:30,91282CKE0,TSRYS5765705,D,S,T,2024-03-28,1000000.00,4.39389,99.603515625
08:00:30,91282CKE0,TSRYS5765705,D,S,T,2024-03-28,1000000.00,4.39389,99.603515625
08:00:30,91282CKE0,TSRYS5765705,D,S,T,2024-03-28,1000000.00,4.393176,99.60546875
08:00:30,91282CKE0,TSRYS5765705,D,S,T,2024-03-28,1000000.00,4.391749,99.609375
08:00:30,91282CKE0,TSRYS5765705,D,S,T,2024-03-28,2000000.00,4.39389,99.603515625
08:00:30,91282CKE0,TSRYS5765705,D,S,T,2024-03-28,1000000.00,4.394604,99.6015625
08:00:30,91282CKE0,TSRYS5765705,D,S,T,2024-03-28,1000000.00,4.394604,99.6015625
08:00:30,91282CKE0,TSRYS5765705,D,S,T,2024-03-28,1000000.00,4.394604,99.6015625
08:00:30,91282CKE0,TSRYS5765705,D,S,T,2024-03-28,1000000.00,4.394604,99.6015625
08:00:30,91282CKE0,TSRYS5765705,D,S,T,2024-03-28,1000000.00,4.394604,99.6015625
08:00:30,91282CKE0,TSRYS5765705,D,S,T,2024-03-28,2000000.00,4.395318,99.599609375
08:00:30,91282CKE0,TSRYS5765705,D,S,T,2024-03-28,2000000.00,4.395318,99.599609375
08:00:30,91282CKE0,TSRYS5765705,D,S,T,2024-03-28,1000000.00,4.395318,99.599609375
08:00:30,91282CKE0,TSRYS5765705,D,S,T,2024-03-28,1000000.00,4.395318,99.599609375
08:00:30,91282CKE0,TSRYS5765705,D,S,T,2024-03-28,1000000.00,4.39746,99.59375
08:00:30,91282CKE0,TSRYS5765705,D,S,T,2024-03-28,1000000.00,4.39746,99.59375
08:00:30,91282CKE0,TSRYS5765705,D,S,T,2024-03-28,2000000.00,4.396746,99.595703125
08:00:30,91282CKE0,TSRYS5765705,D,S,T,2024-03-28,1000000.00,4.396746,99.595703125
08:00:30,91282CKE0,TSRYS5765705,D,S,T,2024-03-28,1000000.00,4.396746,99.595703125
08:00:30,91282CKE0,TSRYS5765705,D,S,T,2024-03-28,1000000.00,4.396746,99.595703125
08:00:30,91282CKE0,TSRYS5765705,D,S,T,2024-03-28,1000000.00,4.39746,99.59375
08:00:30,91282CKE0,TSRYS5765705,D,S,T,2024-03-28,1000000.00,4.39746,99.59375
08:00:30,91282CKE0,TSRYS5765705,D,S,T,2024-03-28,1000000.00,4.39746,99.59375
08:00:30,91282CKE0,TSRYS5765705,D,S,T,2024-03-28,1000000.00,4.39746,99.59375
08:00:30,91282CKE0,TSRYS5765705,D,S,T,2024-03-28,1000000.00,4.39746,99.59375
08:00:30,91282CKE0,TSRYS5765705,D,S,T,2024-03-28,1000000.00,4.398888,99.58984375
08:00:30,91282CKE0,TSRYS5765705,D,S,T,2024-03-28,2000000.00,4.398888,99.58984375
08:00:30,91282CKE0,TSRYS5765705,D,S,T,2024-03-28,1000000.00,4.398888,99.58984375
08:00:30,91282CKE0,TSRYS5765705,D,S,T,2024-03-28,1000000.00,4.402458,99.580078125
08:00:30,91282CKE0,TSRYS5765705,D,S,T,2024-03-28,1000000.00,4.402458,99.580078125
08:00:30,91282CKE0,TSRYS5765705,D,S,T,2024-03-28,1000000.00,4.403172,99.578125
08:00:30,91282CKE0,TSRYS5765705,D,S,T,2024-03-28,1000000.00,4.403172,99.578125
08:00:30,91282CKE0,TSRYS5765705,D,S,T,2024-03-28,1000000.00,4.401744,99.58203125
08:00:30,91282CKE0,TSRYS5765705,D,S,T,2024-03-28,1000000.00,4.401744,99.58203125
08:00:30,91282CKE0,TSRYS5765705,D,S,T,2024-03-28,3000000.00,4.403172,99.578125
08:00:30,91282CKE0,TSRYS5765705,D,S,T,2024-03-28,1000000.00,4.403172,99.578125
08:00:30,91282CKE0,TSRYS5765705,D,S,T,2024-03-28,2000000.00,4.401744,99.58203125
08:00:30,91282CKE0,TSRYS5765705,D,S,T,2024-03-28,2000000.00,4.402458,99.580078125
08:00:30,91282CKE0,TSRYS5765705,D,S,T,2024-03-28,1000000.00,4.401744,99.58203125
08:00:30,91282CKE0,TSRYS5765705,D,S,T,2024-03-28,1000000.00,4.401744,99.58203125
08:00:30,91282CKE0,TSRYS5765705,D,S,T,2024-03-28,1000000.00,4.401744,99.58203125
08:00:30,91282CKE0,TSRYS5765705,D,S,T,2024-03-28,1000000.00,4.401744,99.58203125
08:00:30,91282CKE0,TSRYS5765705,D,S,T,2024-03-28,1000000.00,4.401744,99.58203125
08:00:30,91282CKE0,TSRYS5765705,D,S,T,2024-03-28,1000000.00,4.401744,99.58203125
08:00:30,91282CKE0,TSRYS5765705,D,S,T,2024-03-28,2000000.00,4.401744,99.58203125
08:00:30,91282CKE0,TSRYS5765705,D,S,T,2024-03-28,2000000.00,4.401744,99.58203125
08:00:30,91282CKE0,TSRYS5765705,D,S,T,2024-03-28,2000000.00,4.401744,99.58203125
08:00:30,91282CKE0,TSRYS5765705,D,S,T,2024-03-28,2000000.00,4.401744,99.58203125
08:00:30,91282CKE0,TSRYS5765705,D,S,T,2024-03-28,1000000.00,4.401744,99.58203125
08:00:30,91282CKE0,TSRYS5765705,D,S,T,2024-03-28,1000000.00,4.401744,99.58203125
08:00:30,91282CKE0,TSRYS5765705,D,S,T,2024-03-28,1000000.00,4.401744,99.58203125
08:00:30,91282CKE0,TSRYS5765705,D,S,T,2024-03-28,1000000.00,4.401744,99.58203125
08:00:30,91282CKE0,TSRYS5765705,D,S,T,2024-03-28,1000000.00,4.401744,99.58203125
08:00:30,91282CKE0,TSRYS5765705,D,S,T,2024-03-28,1000000.00,4.401744,99.58203125
08:00:30,91282CKE0,TSRYS5765705,D,S,T,2024-03-28,1000000.00,4.401744,99.58203125
08:00:30,91282CKE0,TSRYS5765705,D,S,T,2024-03-28,2000000.00,4.401744,99.58203125
08:00:30,91282CKE0,TSRYS5765705,D,S,T,2024-03-28,1000000.00,4.401744,99.58203125
08:00:30,91282CKE0,TSRYS5765705,D,S,T,2024-03-28,1000000.00,4.401744,99.58203125
08:00:30,91282CKE0,TSRYS5765705,D,S,T,2024-03-28,1000000.00,4.401744,99.58203125
08:00:30,91282CKE0,TSRYS5765705,D,S,T,2024-03-28,1000000.00,4.401744,99.58203125
08:00:30,91282CKE0,TSRYS5765705,D,S,T,2024-03-28,1000000.00,4.401744,99.58203125
08:00:30,91282CKE0,TSRYS5765705,D,S,T,2024-03-28,1000000.00,4.401744,99.58203125
08:00:30,91282CKE0,TSRYS5765705,D,S,T,2024-03-28,2000000.00,4.401744,99.58203125
08:00:30,91282CKE0,TSRYS5765705,D,S,T,2024-03-28,2000000.00,4.402458,99.580078125
08:00:30,91282CKE0,TSRYS5765705,D,S,T,2024-03-28,2000000.00,4.402458,99.580078125
08:00:30,91282CKE0,TSRYS5765705,D,S,T,2024-03-28,2000000.00,4.402458,99.580078125
08:00:30,91282CKE0,TSRYS5765705,D,S,T,2024-03-28,1000000.00,4.401744,99.58203125
08:00:30,91282CKE0,TSRYS5765705,D,S,T,2024-03-28,2000000.00,4.40103,99.583984375
08:00:30,91282CKE0,TSRYS5765705,D,S,T,2024-03-28,2000000.00,4.400316,99.5859375
08:00:30,91282CKE0,TSRYS5765705,D,S,T,2024-03-28,1000000.00,4.401744,99.58203125
08:00:30,91282CKE0,TSRYS5765705,D,S,T,2024-03-28,2000000.00,4.401744,99.58203125
08:00:30,91282CKE0,TSRYS5765705,D,S,T,2024-03-28,2000000.00,4.401744,99.58203125
08:00:30,91282CKE0,TSRYS5765705,D,S,T,2024-03-28,2000000.00,4.407457,99.56640625
08:00:30,91282CKE0,TSRYS5765705,D,S,T,2024-03-28,1000000.00,4.407457,99.56640625
08:00:30,91282CKE0,TSRYS5765705,D,S,T,2024-03-28,1000000.00,4.406743,99.568359375
08:00:30,91282CKE0,TSRYS5765705,D,S,T,2024-03-28,1000000.00,4.406029,99.5703125
08:00:30,91282CKE0,TSRYS5765705,D,S,T,2024-03-28,2000000.00,4.406029,99.5703125
08:00:30,91282CKE0,TSRYS5765705,D,S,T,2024-03-28,2000000.00,4.405315,99.572265625
08:00:30,91282CKE0,TSRYS5765705,D,S,T,2024-03-28,1000000.00,4.4046,99.57421875
08:00:30,91282CKE0,TSRYS5765705,D,S,T,2024-03-28,1000000.00,4.4046,99.57421875
08:00:30,91282CKE0,TSRYS5765705,D,S,T,2024-03-28,2000000.00,4.4046,99.57421875
08:00:30,91282CKE0,TSRYS5765705,D,S,T,2024-03-28,1000000.00,4.4046,99.57421875
08:00:30,91282CKE0,TSRYS5765705,D,S,T,2024-03-28,1000000.00,4.4046,99.57421875
08:00:30,91282CKE0,TSRYS5765705,D,S,T,2024-03-28,2000000.00,4.405315,99.572265625
08:00:30,91282CKE0,TSRYS5765705,D,S,T,2024-03-28,2000000.00,4.405315,99.572265625
08:00:30,91282CKE0,TSRYS5765705,D,S,T,2024-03-28,1000000.00,4.4046,99.57421875
08:00:30,91282CKE0,TSRYS5765705,D,S,T,2024-03-28,1000000.00,4.403172,99.578125
08:00:30,91282CKE0,TSRYS5765705,D,S,T,2024-03-28,2000000.00,4.402458,99.580078125
08:00:30,91282CKE0,TSRYS5765705,D,S,T,2024-03-28,1000000.00,4.401744,99.58203125
08:00:30,91282CKE0,TSRYS5765705,D,S,T,2024-03-28,1000000.00,4.401744,99.58203125
08:00:30,91282CKE0,TSRYS5765705,D,S,T,2024-03-28,1000000.00,4.400316,99.5859375
08:00:30,91282CKE0,TSRYS5765705,D,S,T,2024-03-28,1000000.00,4.400316,99.5859375
08:00:30,91282CKE0,TSRYS5765705,D,S,T,2024-03-28,1000000.00,4.400316,99.5859375
08:00:30,91282CKE0,TSRYS5765705,D,S,T,2024-03-28,1000000.00,4.400316,99.5859375
08:00:30,91282CKE0,TSRYS5765705,D,S,T,2024-03-28,1000000.00,4.400316,99.5859375
08:00:30,91282CKE0,TSRYS5765705,D,S,T,2024-03-28,1000000.00,4.400316,99.5859375
08:00:30,91282CKE0,TSRYS5765705,D,S,T,2024-03-28,1000000.00,4.400316,99.5859375
08:00:30,91282CKE0,TSRYS5765705,D,S,T,2024-03-28,1000000.00,4.400316,99.5859375
08:00:30,91282CKE0,TSRYS5765705,D,S,T,2024-03-28,1000000.00,4.400316,99.5859375
08:00:30,91282CKE0,TSRYS5765705,D,S,T,2024-03-28,1000000.00,4.400316,99.5859375
08:00:30,91282CKE0,TSRYS5765705,D,S,T,2024-03-28,1000000.00,4.400316,99.5859375
08:00:30,91282CKE0,TSRYS5765705,D,S,T,2024-03-28,1000000.00,4.400316,99.5859375
08:00:30,91282CKE0,TSRYS5765705,D,S,T,2024-03-28,1000000.00,4.400316,99.5859375
08:00:30,91282CKE0,TSRYS5765705,D,S,T,2024-03-28,1000000.00,4.400316,99.5859375
08:00:30,91282CKE0,TSRYS5765705,D,S,T,2024-03-28,1000000.00,4.400316,99.5859375
08:00:30,91282CKE0,TSRYS5765705,D,S,T,2024-03-28,4000000.00,4.400316,99.5859375
08:00:30,91282CKE0,TSRYS5765705,D,S,T,2024-03-28,1000000.00,4.400316,99.5859375
08:00:30,91282CKE0,TSRYS5765705,D,S,T,2024-03-28,1000000.00,4.400316,99.5859375
08:00:30,91282CKE0,TSRYS5765705,D,S,T,2024-03-28,1000000.00,4.400316,99.5859375
08:00:30,91282CKE0,TSRYS5765705,D,S,T,2024-03-28,1000000.00,4.400316,99.5859375
08:00:30,91282CKE0,TSRYS5765705,D,S,T,2024-03-28,1000000.00,4.400316,99.5859375
08:00:30,91282CKE0,TSRYS5765705,D,S,T,2024-03-28,1000000.00,4.400316,99.5859375
08:00:30,91282CKE0,TSRYS5765705,D,S,T,2024-03-28,1000000.00,4.400316,99.5859375
08:00:30,91282CKE0,TSRYS5765705,D,S,T,2024-03-28,1000000.00,4.398888,99.58984375
08:00:30,91282CKE0,TSRYS5765705,D,S,T,2024-03-28,1000000.00,4.39746,99.59375
08:00:30,91282CKE0,TSRYS5765705,D,S,T,2024-03-28,1000000.00,4.398174,99.591796875
08:00:30,91282CKE0,TSRYS5765705,D,S,T,2024-03-28,1000000.00,4.398888,99.58984375
08:00:30,91282CKE0,TSRYS5765705,D,S,T,2024-03-28,2000000.00,4.398888,99.58984375
08:00:30,91282CKE0,TSRYS5765705,D,S,T,2024-03-28,2000000.00,4.398888,99.58984375
08:00:30,91282CKE0,TSRYS5765705,D,S,T,2024-03-28,1000000.00,4.398888,99.58984375
08:00:30,91282CKE0,TSRYS5765705,D,S,T,2024-03-28,1000000.00,4.398888,99.58984375
08:00:30,91282CKE0,TSRYS5765705,D,S,T,2024-03-28,1000000.00,4.398888,99.58984375
08:00:30,91282CKE0,TSRYS5765705,D,S,T,2024-03-28,1000000.00,4.398888,99.58984375
08:00:30,91282CKE0,TSRYS5765705,D,S,T,2024-03-28,1000000.00,4.398888,99.58984375
08:00:30,91282CKE0,TSRYS5765705,D,S,T,2024-03-28,1000000.00,4.398888,99.58984375
08:00:30,91282CKE0,TSRYS5765705,D,S,T,2024-03-28,2000000.00,4.398888,99.58984375
08:00:30,91282CKE0,TSRYS5765705,D,S,T,2024-03-28,2000000.00,4.400316,99.5859375
08:00:30,91282CKE0,TSRYS5765705,D,S,T,2024-03-28,1000000.00,4.400316,99.5859375
08:00:30,91282CKE0,TSRYS5765705,D,S,T,2024-03-28,1000000.00,4.400316,99.5859375
08:00:30,91282CKE0,TSRYS5765705,D,S,T,2024-03-28,1000000.00,4.400316,99.5859375
08:00:30,91282CKE0,TSRYS5765705,D,S,T,2024-03-28,3000000.00,4.401744,99.58203125
08:00:30,91282CKE0,TSRYS5765705,D,S,T,2024-03-28,1000000.00,4.401744,99.58203125
08:00:30,91282CKE0,TSRYS5765705,D,S,T,2024-03-28,1000000.00,4.400316,99.5859375
08:00:30,91282CKE0,TSRYS5765705,D,S,T,2024-03-28,1000000.00,4.400316,99.5859375
08:00:30,91282CKE0,TSRYS5765705,D,S,T,2024-03-28,1000000.00,4.400316,99.5859375
08:00:30,91282CKE0,TSRYS5765705,D,S,T,2024-03-28,1000000.00,4.400316,99.5859375
08:00:30,91282CKE0,TSRYS5765705,D,S,T,2024-03-28,1000000.00,4.400316,99.5859375
08:00:30,91282CKE0,TSRYS5765705,D,S,T,2024-03-28,1000000.00,4.400316,99.5859375
08:00:30,91282CKE0,TSRYS5765705,D,S,T,2024-03-28,2000000.00,4.400316,99.5859375
08:00:30,91282CKE0,TSRYS5765705,D,S,T,2024-03-28,3000000.00,4.40103,99.583984375
08:00:30,91282CKE0,TSRYS5765705,D,S,T,2024-03-28,1000000.00,4.400316,99.5859375
08:00:30,91282CKE0,TSRYS5765705,D,S,T,2024-03-28,1000000.00,4.400316,99.5859375
08:00:30,91282CKE0,TSRYS5765705,D,S,T,2024-03-28,1000000.00,4.399602,99.587890625
08:00:30,91282CKE0,TSRYS5765705,D,S,T,2024-03-28,1000000.00,4.39746,99.59375
08:00:30,91282CKE0,TSRYS5765705,D,S,T,2024-03-28,2000000.00,4.398888,99.58984375
08:00:30,91282CKE0,TSRYS5765705,D,S,T,2024-03-28,1000000.00,4.398888,99.58984375
08:00:30,91282CKE0,TSRYS5765705,D,S,T,2024-03-28,2000000.00,4.398888,99.58984375
08:00:30,91282CKE0,TSRYS5765705,D,S,T,2024-03-28,1000000.00,4.398888,99.58984375
08:00:30,91282CKE0,TSRYS5765705,D,S,T,2024-03-28,2000000.00,4.398888,99.58984375
08:00:33,91282CKE0,TSRYS5765705,D,S,T,2024-03-28,1000000.00,4.400316,99.5859375
08:00:33,91282CKE0,TSRYS5765705,D,S,T,2024-03-28,2000000.00,4.400316,99.5859375
08:00:33,91282CKE0,TSRYS5765705,D,S,T,2024-03-28,2000000.00,4.400316,99.5859375
08:00:33,91282CKE0,TSRYS5765705,D,S,T,2024-03-28,2000000.00,4.40103,99.583984375
08:00:33,91282CKE0,TSRYS5765705,D,S,T,2024-03-28,1000000.00,4.400316,99.5859375
08:00:33,91282CKE0,TSRYS5765705,D,S,T,2024-03-28,2000000.00,4.403886,99.576171875
08:00:33,91282CKE0,TSRYS5765705,D,S,T,2024-03-28,2000000.00,4.401744,99.58203125
08:00:33,91282CKE0,TSRYS5765705,D,S,T,2024-03-28,2000000.00,4.401744,99.58203125
08:00:33,91282CKE0,TSRYS5765705,D,S,T,2024-03-28,1000000.00,4.398888,99.58984375
08:00:33,91282CKE0,TSRYS5765705,D,S,T,2024-03-28,1000000.00,4.39746,99.59375
08:00:33,91282CKE0,TSRYS5765705,D,S,T,2024-03-28,2000000.00,4.39746,99.59375
08:00:33,91282CKE0,TSRYS5765705,D,S,T,2024-03-28,1000000.00,4.398888,99.58984375
08:00:33,91282CKE0,TSRYS5765705,D,S,T,2024-03-28,1000000.00,4.398888,99.58984375
08:00:33,91282CKE0,TSRYS5765705,D,S,T,2024-03-28,1000000.00,4.398888,99.58984375
08:00:33,91282CKE0,TSRYS5765705,D,S,T,2024-03-28,1000000.00,4.398174,99.591796875
08:00:33,91282CKE0,TSRYS5765705,D,S,T,2024-03-28,2000000.00,4.399602,99.587890625
08:00:33,91282CKE0,TSRYS5765705,D,S,T,2024-03-28,2000000.00,4.399602,99.587890625
08:00:33,91282CKE0,TSRYS5765705,D,S,T,2024-03-28,1000000.00,4.400316,99.5859375
08:00:33,91282CKE0,TSRYS5765705,D,S,T,2024-03-28,4000000.00,4.400316,99.5859375
08:00:33,91282CKE0,TSRYS5765705,D,S,T,2024-03-28,2000000.00,4.400316,99.5859375
08:00:33,91282CKE0,TSRYS5765705,D,S,T,2024-03-28,1000000.00,4.400316,99.5859375
08:00:33,91282CKE0,TSRYS5765705,D,S,T,2024-03-28,1000000.00,4.400316,99.5859375
08:00:33,91282CKE0,TSRYS5765705,D,S,T,2024-03-28,2000000.00,4.401744,99.58203125
08:00:33,91282CKE0,TSRYS5765705,D,S,T,2024-03-28,3000000.00,4.401744,99.58203125
08:00:33,91282CKE0,TSRYS5765705,D,S,T,2024-03-28,1000000.00,4.401744,99.58203125
08:00:33,91282CKE0,TSRYS5765705,D,S,T,2024-03-28,1000000.00,4.401744,99.58203125
08:00:33,91282CKE0,TSRYS5765705,D,S,T,2024-03-28,1000000.00,4.401744,99.58203125
08:00:33,91282CKE0,TSRYS5765705,D,S,T,2024-03-28,1000000.00,4.40103,99.583984375
08:00:33,91282CKE0,TSRYS5765705,D,S,T,2024-03-28,1000000.00,4.401744,99.58203125
08:00:33,91282CKE0,TSRYS5765705,D,S,T,2024-03-28,1000000.00,4.401744,99.58203125
08:00:33,91282CKE0,TSRYS5765705,D,S,T,2024-03-28,1000000.00,4.401744,99.58203125
08:00:33,91282CKE0,TSRYS5765705,D,S,T,2024-03-28,1000000.00,4.401744,99.58203125
08:00:33,91282CKE0,TSRYS5765705,D,S,T,2024-03-28,2000000.00,4.40103,99.583984375
08:00:33,91282CKE0,TSRYS5765705,D,S,T,2024-03-28,1000000.00,4.401744,99.58203125
08:00:33,91282CKE0,TSRYS5765705,D,S,T,2024-03-28,1000000.00,4.400316,99.5859375
08:00:33,91282CKE0,TSRYS5765705,D,S,T,2024-03-28,2000000.00,4.400316,99.5859375
08:00:33,91282CKE0,TSRYS5765705,D,S,T,2024-03-28,1000000.00,4.400316,99.5859375
08:00:33,91282CKE0,TSRYS5765705,D,S,T,2024-03-28,1000000.00,4.400316,99.5859375
08:00:33,91282CKE0,TSRYS5765705,D,S,T,2024-03-28,1000000.00,4.400316,99.5859375
08:00:33,91282CKE0,TSRYS5765705,D,S,T,2024-03-28,1000000.00,4.4046,99.57421875
08:00:33,91282CKE0,TSRYS5765705,D,S,T,2024-03-28,1000000.00,4.403886,99.576171875
08:00:33,91282CKE0,TSRYS5765705,D,S,T,2024-03-28,1000000.00,4.403172,99.578125
08:00:33,91282CKE0,TSRYS5765705,D,S,T,2024-03-28,1000000.00,4.401744,99.58203125
08:00:33,91282CKE0,TSRYS5765705,D,S,T,2024-03-28,2000000.00,4.401744,99.58203125
08:00:33,91282CKE0,TSRYS5765705,D,S,T,2024-03-28,1000000.00,4.401744,99.58203125
08:00:33,91282CKE0,TSRYS5765705,D,S,T,2024-03-28,1000000.00,4.401744,99.58203125
08:00:33,91282CKE0,TSRYS5765705,D,S,T,2024-03-28,1000000.00,4.401744,99.58203125
08:00:33,91282CKE0,TSRYS5765705,D,S,T,2024-03-28,2000000.00,4.401744,99.58203125
08:00:33,91282CKE0,TSRYS5765705,D,S,T,2024-03-28,1000000.00,4.403172,99.578125
08:00:33,91282CKE0,TSRYS5765705,D,S,T,2024-03-28,2000000.00,4.403172,99.578125
08:00:33,91282CKE0,TSRYS5765705,D,S,T,2024-03-28,2000000.00,4.403172,99.578125
08:00:33,91282CKE0,TSRYS5765705,D,S,T,2024-03-28,2000000.00,4.403172,99.578125
08:00:33,91282CKE0,TSRYS5765705,D,S,T,2024-03-28,1000000.00,4.403172,99.578125
08:00:33,91282CKE0,TSRYS5765705,D,S,T,2024-03-28,1000000.00,4.403172,99.578125
08:00:33,91282CKE0,TSRYS5765705,D,S,T,2024-03-28,1000000.00,4.403172,99.578125
08:00:33,91282CKE0,TSRYS5765705,D,S,T,2024-03-28,3000000.00,4.403172,99.578125
08:00:33,91282CKE0,TSRYS5765705,D,S,T,2024-03-28,1000000.00,4.403172,99.578125
08:00:33,91282CKE0,TSRYS5765705,D,S,T,2024-03-28,1000000.00,4.403172,99.578125
08:00:33,91282CKE0,TSRYS5765705,D,S,T,2024-03-28,1000000.00,4.403172,99.578125
08:00:33,91282CKE0,TSRYS5765705,D,S,T,2024-03-28,1000000.00,4.403172,99.578125
08:00:33,91282CKE0,TSRYS5765705,D,S,T,2024-03-28,1000000.00,4.403172,99.578125
08:00:37,91282CKE0,TSRYS5765705,D,S,T,2024-03-28,3000000.00,4.403172,99.578125
08:00:37,91282CKE0,TSRYS5765705,D,S,T,2024-03-28,1000000.00,4.403172,99.578125
08:00:37,91282CKE0,TSRYS5765705,D,S,T,2024-03-28,1000000.00,4.403172,99.578125
08:00:37,91282CKE0,TSRYS5765705,D,S,T,2024-03-28,1000000.00,4.403172,99.578125
08:00:37,91282CKE0,TSRYS5765705,D,S,T,2024-03-28,3000000.00,4.403172,99.578125
08:00:37,91282CKE0,TSRYS5765705,D,S,T,2024-03-28,3000000.00,4.403172,99.578125
08:00:37,91282CKE0,TSRYS5765705,D,S,T,2024-03-28,1000000.00,4.403172,99.578125
08:00:37,91282CKE0,TSRYS5765705,D,S,T,2024-03-28,1000000.00,4.403172,99.578125
08:00:37,91282CKE0,TSRYS5765705,D,S,T,2024-03-28,1000000.00,4.4046,99.57421875
08:00:37,91282CKE0,TSRYS5765705,D,S,T,2024-03-28,2000000.00,4.4046,99.57421875
08:00:37,91282CKE0,TSRYS5765705,D,S,T,2024-03-28,1000000.00,4.4046,99.57421875
08:00:37,91282CKE0,TSRYS5765705,D,S,T,2024-03-28,2000000.00,4.406029,99.5703125
08:00:37,91282CKE0,TSRYS5765705,D,S,T,2024-03-28,1000000.00,4.406029,99.5703125
08:00:37,91282CKE0,TSRYS5765705,D,S,T,2024-03-28,1000000.00,4.4046,99.57421875
08:00:37,91282CKE0,TSRYS5765705,D,S,T,2024-03-28,3000000.00,4.406029,99.5703125
08:00:37,91282CKE0,TSRYS5765705,D,S,T,2024-03-28,1000000.00,4.403172,99.578125
08:00:37,91282CKE0,TSRYS5765705,D,S,T,2024-03-28,1000000.00,4.400316,99.5859375
08:00:37,91282CKE0,TSRYS5765705,D,S,T,2024-03-28,1000000.00,4.403886,99.576171875
08:00:37,91282CKE0,TSRYS5765705,D,S,T,2024-03-28,1000000.00,4.4046,99.57421875
08:00:37,91282CKE0,TSRYS5765705,D,S,T,2024-03-28,1000000.00,4.4046,99.57421875
08:00:37,91282CKE0,TSRYS5765705,D,S,T,2024-03-28,1000000.00,4.4046,99.57421875
08:00:37,91282CKE0,TSRYS5765705,D,S,T,2024-03-28,2000000.00,4.403172,99.578125
08:00:37,91282CKE0,TSRYS5765705,D,S,T,2024-03-28,2000000.00,4.403172,99.578125
08:00:37,91282CKE0,TSRYS5765705,D,S,T,2024-03-28,1000000.00,4.403172,99.578125
08:00:37,91282CKE0,TSRYS5765705,D,S,T,2024-03-28,1000000.00,4.403172,99.578125
08:00:37,91282CKE0,TSRYS5765705,D,S,T,2024-03-28,4000000.00,4.4046,99.57421875
08:00:37,91282CKE0,TSRYS5765705,D,S,T,2024-03-28,2000000.00,4.4046,99.57421875
08:00:37,91282CKE0,TSRYS5765705,D,S,T,2024-03-28,1000000.00,4.407457,99.56640625
08:00:37,91282CKE0,TSRYS5765705,D,S,T,2024-03-28,2000000.00,4.408886,99.5625
08:00:37,91282CKE0,TSRYS5765705,D,S,T,2024-03-28,2000000.00,4.4096,99.560546875
08:00:37,91282CKE0,TSRYS5765705,D,S,T,2024-03-28,2000000.00,4.4096,99.560546875
08:00:37,91282CKE0,TSRYS5765705,D,S,T,2024-03-28,1000000.00,4.408886,99.5625
08:00:37,91282CKE0,TSRYS5765705,D,S,T,2024-03-28,3000000.00,4.4096,99.560546875
08:00:37,91282CKE0,TSRYS5765705,D,S,T,2024-03-28,1000000.00,4.408886,99.5625
08:00:37,91282CKE0,TSRYS5765705,D,S,T,2024-03-28,1000000.00,4.405315,99.572265625
08:00:37,91282CKE0,TSRYS5765705,D,S,T,2024-03-28,2000000.00,4.406029,99.5703125
08:00:37,91282CKE0,TSRYS5765705,D,S,T,2024-03-28,1000000.00,4.406029,99.5703125
08:00:37,91282CKE0,TSRYS5765705,D,S,T,2024-03-28,2000000.00,4.406029,99.5703125
08:00:37,91282CKE0,TSRYS5765705,D,S,T,2024-03-28,1000000.00,4.406029,99.5703125
08:00:37,91282CKE0,TSRYS5765705,D,S,T,2024-03-28,1000000.00,4.400316,99.5859375
08:00:37,91282CKE0,TSRYS5765705,D,S,T,2024-03-28,1000000.00,4.400316,99.5859375
08:00:37,91282CKE0,TSRYS5765705,D,S,T,2024-03-28,2000000.00,4.400316,99.5859375
08:00:37,91282CKE0,TSRYS5765705,D,S,T,2024-03-28,1000000.00,4.408171,99.564453125
08:00:37,91282CKE0,TSRYS5765705,D,S,T,2024-03-28,1000000.00,4.408886,99.5625
08:00:37,91282CKE0,TSRYS5765705,D,S,T,2024-03-28,1000000.00,4.408886,99.5625
08:00:37,91282CKE0,TSRYS5765705,D,S,T,2024-03-28,1000000.00,4.408886,99.5625
08:00:37,91282CKE0,TSRYS5765705,D,S,T,2024-03-28,1000000.00,4.408886,99.5625
08:00:37,91282CKE0,TSRYS5765705,D,S,T,2024-03-28,1000000.00,4.408886,99.5625
08:00:37,91282CKE0,TSRYS5765705,D,S,T,2024-03-28,1000000.00,4.411028,99.556640625
08:00:37,91282CKE0,TSRYS5765705,D,S,T,2024-03-28,1000000.00,4.411028,99.556640625
08:00:37,91282CKE0,TSRYS5765705,D,S,T,2024-03-28,1000000.00,4.411743,99.5546875
08:00:37,91282CKE0,TSRYS5765705,D,S,T,2024-03-28,1000000.00,4.411028,99.556640625
08:00:37,91282CKE0,TSRYS5765705,D,S,T,2024-03-28,2000000.00,4.411743,99.5546875
08:00:37,91282CKE0,TSRYS5765705,D,S,T,2024-03-28,2000000.00,4.411743,99.5546875
08:00:37,91282CKE0,TSRYS5765705,D,S,T,2024-03-28,1000000.00,4.411743,99.5546875
08:00:37,91282CKE0,TSRYS5765705,D,S,T,2024-03-28,2000000.00,4.412457,99.552734375
08:00:37,91282CKE0,TSRYS5765705,D,S,T,2024-03-28,1000000.00,4.411743,99.5546875
08:00:37,91282CKE0,TSRYS5765705,D,S,T,2024-03-28,1000000.00,4.413171,99.55078125
08:00:37,91282CKE0,TSRYS5765705,D,S,T,2024-03-28,1000000.00,4.413171,99.55078125
08:00:37,91282CKE0,TSRYS5765705,D,S,T,2024-03-28,1000000.00,4.411743,99.5546875
08:00:37,91282CKE0,TSRYS5765705,D,S,T,2024-03-28,1000000.00,4.411743,99.5546875
08:00:37,91282CKE0,TSRYS5765705,D,S,T,2024-03-28,1000000.00,4.413171,99.55078125
08:00:37,91282CKE0,TSRYS5765705,D,S,T,2024-03-28,3000000.00,4.415314,99.544921875
08:00:37,91282CKE0,TSRYS5765705,D,S,T,2024-03-28,2000000.00,4.419601,99.533203125
08:00:37,91282CKE0,TSRYS5765705,D,S,T,2024-03-28,1000000.00,4.420315,99.53125
08:00:37,91282CKE0,TSRYS5765705,D,S,T,2024-03-28,1000000.00,4.420315,99.53125
08:00:37,91282CKE0,TSRYS5765705,D,S,T,2024-03-28,1000000.00,4.420315,99.53125
08:00:37,91282CKE0,TSRYS5765705,D,S,T,2024-03-28,1000000.00,4.420315,99.53125
08:00:37,91282CKE0,TSRYS5765705,D,S,T,2024-03-28,1000000.00,4.42103,99.529296875
08:00:37,91282CKE0,TSRYS5765705,D,S,T,2024-03-28,2000000.00,4.42103,99.529296875
08:00:37,91282CKE0,TSRYS5765705,D,S,T,2024-03-28,1000000.00,4.418887,99.53515625
08:00:37,91282CKE0,TSRYS5765705,D,S,T,2024-03-28,1000000.00,4.418887,99.53515625
08:00:37,91282CKE0,TSRYS5765705,D,S,T,2024-03-28,1000000.00,4.417458,99.5390625
08:00:37,91282CKE0,TSRYS5765705,D,S,T,2024-03-28,1000000.00,4.4146,99.546875
08:00:37,91282CKE0,TSRYS5765705,D,S,T,2024-03-28,1000000.00,4.4146,99.546875
08:00:37,91282CKE0,TSRYS5765705,D,S,T,2024-03-28,2000000.00,4.4146,99.546875
08:00:37,91282CKE0,TSRYS5765705,D,S,T,2024-03-28,1000000.00,4.4146,99.546875
08:00:37,91282CKE0,TSRYS5765705,D,S,T,2024-03-28,1000000.00,4.4146,99.546875
08:00:37,91282CKE0,TSRYS5765705,D,S,T,2024-03-28,1000000.00,4.416029,99.54296875
08:00:37,91282CKE0,TSRYS5765705,D,S,T,2024-03-28,1000000.00,4.415314,99.544921875
08:00:37,91282CKE0,TSRYS5765705,D,S,T,2024-03-28,1000000.00,4.416743,99.541015625
08:00:37,91282CKE0,TSRYS5765705,D,S,T,2024-03-28,1000000.00,4.416029,99.54296875
08:00:37,91282CKE0,TSRYS5765705,D,S,T,2024-03-28,1000000.00,4.417458,99.5390625
08:00:37,91282CKE0,TSRYS5765705,D,S,T,2024-03-28,1000000.00,4.417458,99.5390625
08:00:37,91282CKE0,TSRYS5765705,D,S,T,2024-03-28,1000000.00,4.417458,99.5390625
08:00:37,91282CKE0,TSRYS5765705,D,S,T,2024-03-28,1000000.00,4.417458,99.5390625
08:00:37,91282CKE0,TSRYS5765705,D,S,T,2024-03-28,2000000.00,4.417458,99.5390625
08:00:37,91282CKE0,TSRYS5765705,D,S,T,2024-03-28,1000000.00,4.4146,99.546875
08:00:37,91282CKE0,TSRYS5765705,D,S,T,2024-03-28,1000000.00,4.4146,99.546875
08:00:37,91282CKE0,TSRYS5765705,D,S,T,2024-03-28,2000000.00,4.4146,99.546875
08:00:37,91282CKE0,TSRYS5765705,D,S,T,2024-03-28,1000000.00,4.413171,99.55078125
08:00:37,91282CKE0,TSRYS5765705,D,S,T,2024-03-28,1000000.00,4.412457,99.552734375
08:00:37,91282CKE0,TSRYS5765705,D,S,T,2024-03-28,1000000.00,4.413886,99.548828125
08:00:37,91282CKE0,TSRYS5765705,D,S,T,2024-03-28,1000000.00,4.4146,99.546875
08:00:37,91282CKE0,TSRYS5765705,D,S,T,2024-03-28,1000000.00,4.4146,99.546875
08:00:37,91282CKE0,TSRYS5765705,D,S,T,2024-03-28,1000000.00,4.4146,99.546875
08:00:37,91282CKE0,TSRYS5765705,D,S,T,2024-03-28,1000000.00,4.4146,99.546875
08:00:37,91282CKE0,TSRYS5765705,D,S,T,2024-03-28,1000000.00,4.417458,99.5390625
08:00:37,91282CKE0,TSRYS5765705,D,S,T,2024-03-28,1000000.00,4.417458,99.5390625
08:00:37,91282CKE0,TSRYS5765705,D,S,T,2024-03-28,1000000.00,4.418887,99.53515625
08:00:37,91282CKE0,TSRYS5765705,D,S,T,2024-03-28,1000000.00,4.418887,99.53515625
08:00:37,91282CKE0,TSRYS5765705,D,S,T,2024-03-28,1000000.00,4.422459,99.525390625
08:00:37,91282CKE0,TSRYS5765705,D,S,T,2024-03-28,1000000.00,4.423174,99.5234375
08:00:37,91282CKE0,TSRYS5765705,D,S,T,2024-03-28,2000000.00,4.423174,99.5234375
08:00:37,91282CKE0,TSRYS5765705,D,S,T,2024-03-28,1000000.00,4.423174,99.5234375
08:00:37,91282CKE0,TSRYS5765705,D,S,T,2024-03-28,1000000.00,4.424603,99.51953125
08:00:37,91282CKE0,TSRYS5765705,D,S,T,2024-03-28,2000000.00,4.423888,99.521484375
08:00:37,91282CKE0,TSRYS5765705,D,S,T,2024-03-28,2000000.00,4.423888,99.521484375
08:00:37,91282CKE0,TSRYS5765705,D,S,T,2024-03-28,1000000.00,4.423888,99.521484375
08:00:37,91282CKE0,TSRYS5765705,D,S,T,2024-03-28,2000000.00,4.424603,99.51953125
08:00:37,91282CKE0,TSRYS5765705,D,S,T,2024-03-28,2000000.00,4.424603,99.51953125
08:00:37,91282CKE0,TSRYS5765705,D,S,T,2024-03-28,1000000.00,4.424603,99.51953125
08:00:37,91282CKE0,TSRYS5765705,D,S,T,2024-03-28,1000000.00,4.424603,99.51953125
08:00:37,91282CKE0,TSRYS5765705,D,S,T,2024-03-28,1000000.00,4.424603,99.51953125
08:00:37,91282CKE0,TSRYS5765705,D,S,T,2024-03-28,2000000.00,4.424603,99.51953125
08:00:37,91282CKE0,TSRYS5765705,D,S,T,2024-03-28,2000000.00,4.424603,99.51953125
08:00:37,91282CKE0,TSRYS5765705,D,S,T,2024-03-28,2000000.00,4.424603,99.51953125
08:00:37,91282CKE0,TSRYS5765705,D,S,T,2024-03-28,6000000.00,4.424603,99.51953125
08:00:37,91282CKE0,TSRYS5765705,D,S,T,2024-03-28,2000000.00,4.424603,99.51953125
08:00:37,91282CKE0,TSRYS5765705,D,S,T,2024-03-28,2000000.00,4.424603,99.51953125
08:00:37,91282CKE0,TSRYS5765705,D,S,T,2024-03-28,1000000.00,4.424603,99.51953125
08:00:37,91282CKE0,TSRYS5765705,D,S,T,2024-03-28,1000000.00,4.424603,99.51953125
08:00:37,91282CKE0,TSRYS5765705,D,S,T,2024-03-28,1000000.00,4.406029,99.5703125
08:00:37,91282CKE0,TSRYS5765705,D,S,T,2024-03-28,1000000.00,4.426032,99.515625
08:00:37,91282CKE0,TSRYS5765705,D,S,T,2024-03-28,1000000.00,4.426032,99.515625
08:00:37,91282CKE0,TSRYS5765705,D,S,T,2024-03-28,1000000.00,4.426032,99.515625
08:00:37,91282CKE0,TSRYS5765705,D,S,T,2024-03-28,1000000.00,4.424603,99.51953125
08:00:37,91282CKE0,TSRYS5765705,D,S,T,2024-03-28,1000000.00,4.423174,99.5234375
08:00:37,91282CKE0,TSRYS5765705,D,S,T,2024-03-28,1000000.00,4.424603,99.51953125
08:00:37,91282CKE0,TSRYS5765705,D,S,T,2024-03-28,1000000.00,4.423174,99.5234375
08:00:37,91282CKE0,TSRYS5765705,D,S,T,2024-03-28,1000000.00,4.423174,99.5234375
08:00:37,91282CKE0,TSRYS5765705,D,S,T,2024-03-28,1000000.00,4.423174,99.5234375
08:00:37,91282CKE0,TSRYS5765705,D,S,T,2024-03-28,1000000.00,4.423174,99.5234375
08:00:37,91282CKE0,TSRYS5765705,D,S,T,2024-03-28,1000000.00,4.421745,99.52734375
08:00:37,91282CKE0,TSRYS5765705,D,S,T,2024-03-28,1000000.00,4.423174,99.5234375
08:00:37,91282CKE0,TSRYS5765705,D,S,T,2024-03-28,1000000.00,4.423174,99.5234375
08:00:37,91282CKE0,TSRYS5765705,D,S,T,2024-03-28,1000000.00,4.423174,99.5234375
08:00:37,91282CKE0,TSRYS5765705,D,S,T,2024-03-28,1000000.00,4.423888,99.521484375
08:00:37,91282CKE0,TSRYS5765705,D,S,T,2024-03-28,1000000.00,4.418172,99.537109375
08:00:37,91282CKE0,TSRYS5765705,D,S,T,2024-03-28,1000000.00,4.418887,99.53515625
08:00:37,91282CKE0,TSRYS5765705,D,S,T,2024-03-28,1000000.00,4.418887,99.53515625
08:00:37,91282CKE0,TSRYS5765705,D,S,T,2024-03-28,1000000.00,4.418887,99.53515625
08:00:37,91282CKE0,TSRYS5765705,D,S,T,2024-03-28,1000000.00,4.418887,99.53515625
08:00:37,91282CKE0,TSRYS5765705,D,S,T,2024-03-28,1000000.00,4.418887,99.53515625
08:00:37,91282CKE0,TSRYS5765705,D,S,T,2024-03-28,1000000.00,4.418887,99.53515625
08:00:37,91282CKE0,TSRYS5765705,D,S,T,2024-03-28,1000000.00,4.418887,99.53515625
08:00:37,91282CKE0,TSRYS5765705,D,S,T,2024-03-28,1000000.00,4.418887,99.53515625
08:00:37,91282CKE0,TSRYS5765705,D,S,T,2024-03-28,1000000.00,4.418887,99.53515625
08:00:37,91282CKE0,TSRYS5765705,D,S,D,2024-03-28,2000000.00,4.391749,99.609375
08:00:37,91282CKE0,TSRYS5765705,D,S,D,2024-03-28,1000000.00,4.391749,99.609375
08:00:37,91282CKE0,TSRYS5765705,D,S,D,2024-03-28,1000000.00,4.393176,99.60546875
08:00:37,91282CKE0,TSRYS5765705,D,S,D,2024-03-28,2000000.00,4.391749,99.609375
08:00:37,91282CKE0,TSRYS5765705,D,S,D,2024-03-28,1000000.00,4.391749,99.609375
08:00:37,91282CKE0,TSRYS5765705,D,S,D,2024-03-28,1000000.00,4.391749,99.609375
08:00:37,91282CKE0,TSRYS5765705,D,S,D,2024-03-28,1000000.00,4.392463,99.607421875
08:00:37,91282CKE0,TSRYS5765705,D,S,D,2024-03-28,3000000.00,4.391749,99.609375
08:00:37,91282CKE0,TSRYS5765705,D,S,D,2024-03-28,1000000.00,4.391749,99.609375
08:00:37,91282CKE0,TSRYS5765705,D,S,T,2024-03-28,1000000.00,4.417458,99.5390625
08:00:37,91282CKE0,TSRYS5765705,D,S,T,2024-03-28,1000000.00,4.417458,99.5390625
08:00:37,91282CKE0,TSRYS5765705,D,S,T,2024-03-28,1000000.00,4.416743,99.541015625
08:00:37,91282CKE0,TSRYS5765705,D,S,T,2024-03-28,1000000.00,4.417458,99.5390625
08:00:37,91282CKE0,TSRYS5765705,D,S,T,2024-03-28,1000000.00,4.416743,99.541015625
08:00:37,91282CKE0,TSRYS5765705,D,S,T,2024-03-28,1000000.00,4.416743,99.541015625
08:00:37,91282CKE0,TSRYS5765705,D,S,T,2024-03-28,1000000.00,4.418172,99.537109375
08:00:37,91282CKE0,TSRYS5765705,D,S,T,2024-03-28,1000000.00,4.418172,99.537109375
08:00:37,91282CKE0,TSRYS5765705,D,S,T,2024-03-28,1000000.00,4.418172,99.537109375
08:00:37,91282CKE0,TSRYS5765705,D,S,T,2024-03-28,1000000.00,4.418172,99.537109375
08:00:37,91282CKE0,TSRYS5765705,D,S,T,2024-03-28,1000000.00,4.418172,99.537109375
08:00:37,91282CKE0,TSRYS5765705,D,S,T,2024-03-28,1000000.00,4.417458,99.5390625
08:00:37,91282CKE0,TSRYS5765705,D,S,T,2024-03-28,1000000.00,4.417458,99.5390625
08:00:37,91282CKE0,TSRYS5765705,D,S,T,2024-03-28,1000000.00,4.416029,99.54296875
08:00:37,91282CKE0,TSRYS5765705,D,S,T,2024-03-28,1000000.00,4.4146,99.546875
08:00:37,91282CKE0,TSRYS5765705,D,S,T,2024-03-28,1000000.00,4.416029,99.54296875
08:00:37,91282CKE0,TSRYS5765705,D,S,T,2024-03-28,1000000.00,4.416029,99.54296875
08:00:37,91282CKE0,TSRYS5765705,D,S,T,2024-03-28,1000000.00,4.416029,99.54296875
08:00:37,91282CKE0,TSRYS5765705,D,S,T,2024-03-28,1000000.00,4.416029,99.54296875
08:00:37,91282CKE0,TSRYS5765705,D,S,T,2024-03-28,1000000.00,4.4146,99.546875
08:00:37,91282CKE0,TSRYS5765705,D,S,T,2024-03-28,1000000.00,4.416743,99.541015625
08:00:37,91282CKE0,TSRYS5765705,D,S,T,2024-03-28,1000000.00,4.416743,99.541015625
08:00:37,91282CKE0,TSRYS5765705,D,S,T,2024-03-28,1000000.00,4.416029,99.54296875
08:00:37,91282CKE0,TSRYS5765705,D,S,T,2024-03-28,1000000.00,4.4146,99.546875
08:00:37,91282CKE0,TSRYS5765705,D,S,T,2024-03-28,1000000.00,4.4146,99.546875
08:00:37,91282CKE0,TSRYS5765705,D,S,T,2024-03-28,1000000.00,4.416029,99.54296875
08:00:37,91282CKE0,TSRYS5765705,D,S,T,2024-03-28,1000000.00,4.416029,99.54296875
08:00:37,91282CKE0,TSRYS5765705,D,S,T,2024-03-28,1000000.00,4.416743,99.541015625
08:00:37,91282CKE0,TSRYS5765705,D,S,T,2024-03-28,1000000.00,4.416743,99.541015625
08:00:37,91282CKE0,TSRYS5765705,D,S,T,2024-03-28,1000000.00,4.416743,99.541015625
08:00:37,91282CKE0,TSRYS5765705,D,S,T,2024-03-28,1000000.00,4.418172,99.537109375
08:00:37,91282CKE0,TSRYS5765705,D,S,T,2024-03-28,1000000.00,4.418172,99.537109375
08:00:37,91282CKE0,TSRYS5765705,D,S,T,2024-03-28,1000000.00,4.416029,99.54296875
08:00:37,91282CKE0,TSRYS5765705,D,S,T,2024-03-28,2000000.00,4.416029,99.54296875
08:00:37,91282CKE0,TSRYS5765705,D,S,T,2024-03-28,1000000.00,4.416029,99.54296875
08:00:37,91282CKE0,TSRYS5765705,D,S,T,2024-03-28,1000000.00,4.416029,99.54296875
08:00:37,91282CKE0,TSRYS5765705,D,S,T,2024-03-28,1000000.00,4.4146,99.546875
08:00:37,91282CKE0,TSRYS5765705,D,S,T,2024-03-28,1000000.00,4.4146,99.546875
08:00:37,91282CKE0,TSRYS5765705,D,S,T,2024-03-28,1000000.00,4.413171,99.55078125
08:00:37,91282CKE0,TSRYS5765705,D,S,T,2024-03-28,2000000.00,4.413171,99.55078125
08:00:37,91282CKE0,TSRYS5765705,D,S,T,2024-03-28,1000000.00,4.411743,99.5546875
08:00:37,91282CKE0,TSRYS5765705,D,S,T,2024-03-28,2000000.00,4.411743,99.5546875
08:00:37,91282CKE0,TSRYS5765705,D,S,T,2024-03-28,1000000.00,4.411743,99.5546875
08:00:37,91282CKE0,TSRYS5765705,D,S,T,2024-03-28,1000000.00,4.413171,99.55078125
08:00:37,91282CKE0,TSRYS5765705,D,S,T,2024-03-28,1000000.00,4.413171,99.55078125
08:00:37,91282CKE0,TSRYS5765705,D,S,T,2024-03-28,2000000.00,4.413171,99.55078125
08:00:37,91282CKE0,TSRYS5765705,D,S,T,2024-03-28,1000000.00,4.413171,99.55078125
08:00:37,91282CKE0,TSRYS5765705,D,S,T,2024-03-28,1000000.00,4.413171,99.55078125
08:00:37,91282CKE0,TSRYS5765705,D,S,T,2024-03-28,1000000.00,4.411743,99.5546875
08:00:37,91282CKE0,TSRYS5765705,D,S,T,2024-03-28,1000000.00,4.411743,99.5546875
08:00:37,91282CKE0,TSRYS5765705,D,S,T,2024-03-28,1000000.00,4.413171,99.55078125
08:00:37,91282CKE0,TSRYS5765705,D,S,T,2024-03-28,1000000.00,4.413171,99.55078125
08:00:37,91282CKE0,TSRYS5765705,D,S,T,2024-03-28,4000000.00,4.413171,99.55078125
08:00:37,91282CKE0,TSRYS5765705,D,S,T,2024-03-28,1000000.00,4.413171,99.55078125
08:00:37,91282CKE0,TSRYS5765705,D,S,T,2024-03-28,2000000.00,4.413171,99.55078125
08:00:37,91282CKE0,TSRYS5765705,D,S,T,2024-03-28,2000000.00,4.413171,99.55078125
08:00:37,91282CKE0,TSRYS5765705,D,S,T,2024-03-28,2000000.00,4.413171,99.55078125
08:00:37,91282CKE0,TSRYS5765705,D,S,T,2024-03-28,3000000.00,4.413171,99.55078125
08:00:37,91282CKE0,TSRYS5765705,D,S,T,2024-03-28,2000000.00,4.413171,99.55078125
08:00:37,91282CKE0,TSRYS5765705,D,S,T,2024-03-28,2000000.00,4.413171,99.55078125
08:00:37,91282CKE0,TSRYS5765705,D,S,T,2024-03-28,2000000.00,4.413171,99.55078125
08:00:37,91282CKE0,TSRYS5765705,D,S,T,2024-03-28,1000000.00,4.413171,99.55078125
08:00:37,91282CKE0,TSRYS5765705,D,S,T,2024-03-28,3000000.00,4.413171,99.55078125
08:00:37,91282CKE0,TSRYS5765705,D,S,T,2024-03-28,1000000.00,4.413171,99.55078125
08:00:37,91282CKE0,TSRYS5765705,D,S,T,2024-03-28,1000000.00,4.413171,99.55078125
08:00:37,91282CKE0,TSRYS5765705,D,S,T,2024-03-28,2000000.00,4.413171,99.55078125
08:00:37,91282CKE0,TSRYS5765705,D,S,T,2024-03-28,1000000.00,4.413171,99.55078125
08:00:37,91282CKE0,TSRYS5765705,D,S,T,2024-03-28,1000000.00,4.413171,99.55078125
08:00:37,91282CKE0,TSRYS5765705,D,S,T,2024-03-28,1000000.00,4.413171,99.55078125
08:00:37,91282CKE0,TSRYS5765705,D,S,T,2024-03-28,3000000.00,4.413171,99.55078125
08:00:37,91282CKE0,TSRYS5765705,D,S,T,2024-03-28,2000000.00,4.413171,99.55078125
08:00:37,91282CKE0,TSRYS5765705,D,S,T,2024-03-28,1000000.00,4.413171,99.55078125
08:00:37,91282CKE0,TSRYS5765705,D,S,T,2024-03-28,3000000.00,4.413171,99.55078125
08:00:37,91282CKE0,TSRYS5765705,D,S,T,2024-03-28,2000000.00,4.413171,99.55078125
08:00:37,91282CKE0,TSRYS5765705,D,S,T,2024-03-28,1000000.00,4.413171,99.55078125
08:00:37,91282CKE0,TSRYS5765705,D,S,T,2024-03-28,1000000.00,4.413171,99.55078125
08:00:37,91282CKE0,TSRYS5765705,D,S,T,2024-03-28,1000000.00,4.4146,99.546875
08:00:37,91282CKE0,TSRYS5765705,D,S,T,2024-03-28,2000000.00,4.4146,99.546875
08:00:37,91282CKE0,TSRYS5765705,D,S,T,2024-03-28,1000000.00,4.4146,99.546875
08:00:37,91282CKE0,TSRYS5765705,D,S,T,2024-03-28,1000000.00,4.4146,99.546875
08:00:37,91282CKE0,TSRYS5765705,D,S,T,2024-03-28,1000000.00,4.4146,99.546875
08:00:37,91282CKE0,TSRYS5765705,D,S,T,2024-03-28,1000000.00,4.4146,99.546875
08:00:37,91282CKE0,TSRYS5765705,D,S,T,2024-03-28,1000000.00,4.416029,99.54296875
08:00:37,91282CKE0,TSRYS5765705,D,S,T,2024-03-28,1000000.00,4.416029,99.54296875
08:00:37,91282CKE0,TSRYS5765705,D,S,T,2024-03-28,1000000.00,4.416029,99.54296875
08:00:37,91282CKE0,TSRYS5765705,D,S,T,2024-03-28,2000000.00,4.416029,99.54296875
08:00:37,91282CKE0,TSRYS5765705,D,S,T,2024-03-28,2000000.00,4.416029,99.54296875
08:00:37,91282CKE0,TSRYS5765705,D,S,T,2024-03-28,3000000.00,4.416029,99.54296875
08:00:37,91282CKE0,TSRYS5765705,D,S,T,2024-03-28,1000000.00,4.416029,99.54296875
08:00:37,91282CKE0,TSRYS5765705,D,S,T,2024-03-28,3000000.00,4.415314,99.544921875
08:00:37,91282CKE0,TSRYS5765705,D,S,T,2024-03-28,1000000.00,4.4146,99.546875
08:00:37,91282CKE0,TSRYS5765705,D,S,T,2024-03-28,1000000.00,4.413171,99.55078125
08:00:37,91282CKE0,TSRYS5765705,D,S,T,2024-03-28,1000000.00,4.413171,99.55078125
08:00:37,91282CKE0,TSRYS5765705,D,S,T,2024-03-28,2000000.00,4.413171,99.55078125
08:00:37,91282CKE0,TSRYS5765705,D,S,T,2024-03-28,2000000.00,4.413171,99.55078125
08:00:37,91282CKE0,TSRYS5765705,D,S,T,2024-03-28,1000000.00,4.413171,99.55078125
08:00:37,91282CKE0,TSRYS5765705,D,S,T,2024-03-28,1000000.00,4.413171,99.55078125
08:00:37,91282CKE0,TSRYS5765705,D,S,T,2024-03-28,1000000.00,4.413171,99.55078125
08:00:37,91282CKE0,TSRYS5765705,D,S,T,2024-03-28,1000000.00,4.413171,99.55078125
08:00:37,91282CKE0,TSRYS5765705,D,S,T,2024-03-28,1000000.00,4.413171,99.55078125
08:00:37,91282CKE0,TSRYS5765705,D,S,T,2024-03-28,1000000.00,4.410314,99.55859375
08:00:37,91282CKE0,TSRYS5765705,D,S,T,2024-03-28,1000000.00,4.410314,99.55859375
08:00:37,91282CKE0,TSRYS5765705,D,S,T,2024-03-28,1000000.00,4.410314,99.55859375
08:00:37,91282CKE0,TSRYS5765705,D,S,T,2024-03-28,3000000.00,4.408886,99.5625
08:00:37,91282CKE0,TSRYS5765705,D,S,T,2024-03-28,1000000.00,4.408886,99.5625
08:00:37,91282CKE0,TSRYS5765705,D,S,D,2024-03-28,1000000.00,4.396746,99.595703125
08:00:37,91282CKE0,TSRYS5765705,D,S,D,2024-03-28,1000000.00,4.39746,99.59375
08:00:37,91282CKE0,TSRYS5765705,D,S,D,2024-03-28,1000000.00,4.396032,99.59765625
08:00:37,91282CKE0,TSRYS5765705,D,S,D,2024-03-28,1000000.00,4.395318,99.599609375
08:00:37,91282CKE0,TSRYS5765705,D,S,D,2024-03-28,1000000.00,4.394604,99.6015625
08:00:37,91282CKE0,TSRYS5765705,D,S,D,2024-03-28,1000000.00,4.39389,99.603515625
08:00:37,91282CKE0,TSRYS5765705,D,S,D,2024-03-28,1000000.00,4.39389,99.603515625
08:00:37,91282CKE0,TSRYS5765705,D,S,D,2024-03-28,1000000.00,4.396746,99.595703125
08:00:37,91282CKE0,TSRYS5765705,D,S,D,2024-03-28,2000000.00,4.394604,99.6015625
08:00:37,91282CKE0,TSRYS5765705,D,S,D,2024-03-28,2000000.00,4.39746,99.59375
08:00:37,91282CKE0,TSRYS5765705,D,S,D,2024-03-28,2000000.00,4.396746,99.595703125
08:00:37,91282CKE0,TSRYS5765705,D,S,D,2024-03-28,2000000.00,4.398888,99.58984375
08:00:37,91282CKE0,TSRYS5765705,D,S,D,2024-03-28,2000000.00,4.398888,99.58984375
08:00:37,91282CKE0,TSRYS5765705,D,S,D,2024-03-28,2000000.00,4.403172,99.578125
08:00:37,91282CKE0,TSRYS5765705,D,S,D,2024-03-28,2000000.00,4.403172,99.578125
08:00:37,91282CKE0,TSRYS5765705,D,S,D,2024-03-28,2000000.00,4.40103,99.583984375
08:00:37,91282CKE0,TSRYS5765705,D,S,D,2024-03-28,2000000.00,4.403172,99.578125
08:00:37,91282CKE0,TSRYS5765705,D,S,D,2024-03-28,1000000.00,4.417458,99.5390625
08:00:37,91282CKE0,TSRYS5765705,D,S,D,2024-03-28,1000000.00,4.417458,99.5390625
08:00:37,91282CKE0,TSRYS5765705,D,S,D,2024-03-28,1000000.00,4.423888,99.521484375
08:00:37,91282CKE0,TSRYS5765705,D,S,D,2024-03-28,1000000.00,4.416743,99.541015625
08:00:37,91282CKE0,TSRYS5765705,D,S,D,2024-03-28,2000000.00,4.416029,99.54296875
08:00:37,91282CKE0,TSRYS5765705,D,S,D,2024-03-28,390000.00,4.4146,99.546875
08:00:37,91282CKE0,TSRYS5765705,D,S,D,2024-03-28,2000000.00,4.413171,99.55078125
08:00:37,91282CKE0,TSRYS5765705,D,S,D,2024-03-28,1000000.00,4.412457,99.552734375
08:00:37,91282CKE0,TSRYS5765705,D,S,D,2024-03-28,3000000.00,4.416029,99.54296875
08:00:37,91282CKE0,TSRYS5765705,D,S,D,2024-03-28,1000000.00,4.416029,99.54296875
08:00:37,91282CKE0,TSRYS5765705,D,S,D,2024-03-28,1000000.00,4.395318,99.599609375
08:00:37,91282CKE0,TSRYS5765705,D,S,D,2024-03-28,1000000.00,4.395318,99.599609375
08:00:37,91282CKE0,TSRYS5765705,D,S,D,2024-03-28,2000000.00,4.392463,99.607421875
08:00:37,91282CKE0,TSRYS5765705,D,S,D,2024-03-28,1000000.00,4.393176,99.60546875
08:00:37,91282CKE0,TSRYS5765705,D,S,D,2024-03-28,1000000.00,4.393176,99.60546875
08:00:37,91282CKE0,TSRYS5765705,D,S,D,2024-03-28,1000000.00,4.401744,99.58203125
08:00:37,91282CKE0,TSRYS5765705,D,S,D,2024-03-28,1000000.00,4.401744,99.58203125
08:00:37,91282CKE0,TSRYS5765705,D,S,D,2024-03-28,1000000.00,4.401744,99.58203125
08:00:37,91282CKE0,TSRYS5765705,D,S,D,2024-03-28,1000000.00,4.401744,99.58203125
08:00:37,91282CKE0,TSRYS5765705,D,S,D,2024-03-28,1000000.00,4.401744,99.58203125
08:00:37,91282CKE0,TSRYS5765705,D,S,D,2024-03-28,1000000.00,4.401744,99.58203125
08:00:37,91282CKE0,TSRYS5765705,D,S,D,2024-03-28,1000000.00,4.401744,99.58203125
08:00:37,91282CKE0,TSRYS5765705,D,S,D,2024-03-28,1000000.00,4.401744,99.58203125
08:00:37,91282CKE0,TSRYS5765705,D,S,D,2024-03-28,1000000.00,4.401744,99.58203125
08:00:37,91282CKE0,TSRYS5765705,D,S,D,2024-03-28,1000000.00,4.401744,99.58203125
08:00:37,91282CKE0,TSRYS5765705,D,S,D,2024-03-28,1000000.00,4.401744,99.58203125
08:00:37,91282CKE0,TSRYS5765705,D,S,D,2024-03-28,1000000.00,4.401744,99.58203125
08:00:37,91282CKE0,TSRYS5765705,D,S,D,2024-03-28,1000000.00,4.401744,99.58203125
08:00:37,91282CKE0,TSRYS5765705,D,S,D,2024-03-28,1000000.00,4.401744,99.58203125
08:00:37,91282CKE0,TSRYS5765705,D,S,D,2024-03-28,1000000.00,4.401744,99.58203125
08:00:37,91282CKE0,TSRYS5765705,D,S,D,2024-03-28,1000000.00,4.401744,99.58203125
08:00:37,91282CKE0,TSRYS5765705,D,S,D,2024-03-28,1000000.00,4.401744,99.58203125
08:00:37,91282CKE0,TSRYS5765705,D,S,D,2024-03-28,1000000.00,4.401744,99.58203125
08:00:37,91282CKE0,TSRYS5765705,D,S,D,2024-03-28,1000000.00,4.401744,99.58203125
08:00:37,91282CKE0,TSRYS5765705,D,S,D,2024-03-28,1000000.00,4.401744,99.58203125
08:00:37,91282CKE0,TSRYS5765705,D,S,D,2024-03-28,2000000.00,4.400316,99.5859375
08:00:37,91282CKE0,TSRYS5765705,D,S,D,2024-03-28,1000000.00,4.401744,99.58203125
08:00:37,91282CKE0,TSRYS5765705,D,S,D,2024-03-28,1000000.00,4.401744,99.58203125
08:00:37,91282CKE0,TSRYS5765705,D,S,D,2024-03-28,1000000.00,4.401744,99.58203125
08:00:37,91282CKE0,TSRYS5765705,D,S,D,2024-03-28,1000000.00,4.401744,99.58203125
08:00:37,91282CKE0,TSRYS5765705,D,S,D,2024-03-28,1000000.00,4.401744,99.58203125
08:00:37,91282CKE0,TSRYS5765705,D,S,D,2024-03-28,1000000.00,4.401744,99.58203125
08:00:37,91282CKE0,TSRYS5765705,D,S,D,2024-03-28,1000000.00,4.401744,99.58203125
08:00:37,91282CKE0,TSRYS5765705,D,S,D,2024-03-28,1000000.00,4.401744,99.58203125
08:00:37,91282CKE0,TSRYS5765705,D,S,D,2024-03-28,1000000.00,4.407457,99.56640625
08:00:37,91282CKE0,TSRYS5765705,D,S,D,2024-03-28,1000000.00,4.407457,99.56640625
08:00:37,91282CKE0,TSRYS5765705,D,S,D,2024-03-28,1000000.00,4.406029,99.5703125
08:00:37,91282CKE0,TSRYS5765705,D,S,D,2024-03-28,1000000.00,4.398174,99.591796875
08:00:37,91282CKE0,TSRYS5765705,D,S,D,2024-03-28,1000000.00,4.401744,99.58203125
08:00:37,91282CKE0,TSRYS5765705,D,S,D,2024-03-28,1000000.00,4.401744,99.58203125
08:00:37,91282CKE0,TSRYS5765705,D,S,D,2024-03-28,1000000.00,4.398888,99.58984375
08:00:37,91282CKE0,TSRYS5765705,D,S,D,2024-03-28,1000000.00,4.398888,99.58984375
08:00:37,91282CKE0,TSRYS5765705,D,S,D,2024-03-28,2000000.00,4.398888,99.58984375
08:00:37,91282CKE0,TSRYS5765705,D,S,D,2024-03-28,2000000.00,4.399602,99.587890625
08:00:37,91282CKE0,TSRYS5765705,D,S,D,2024-03-28,2000000.00,4.398888,99.58984375
08:00:37,91282CKE0,TSRYS5765705,D,S,D,2024-03-28,2000000.00,4.398174,99.591796875
08:00:37,91282CKE0,TSRYS5765705,D,S,D,2024-03-28,1000000.00,4.401744,99.58203125
08:00:37,91282CKE0,TSRYS5765705,D,S,D,2024-03-28,1000000.00,4.401744,99.58203125
08:00:37,91282CKE0,TSRYS5765705,D,S,D,2024-03-28,1000000.00,4.399602,99.587890625
08:00:37,91282CKE0,TSRYS5765705,D,S,D,2024-03-28,1000000.00,4.403172,99.578125
08:00:37,91282CKE0,TSRYS5765705,D,S,D,2024-03-28,1000000.00,4.408886,99.5625
08:00:37,91282CKE0,TSRYS5765705,D,S,D,2024-03-28,1000000.00,4.416029,99.54296875
08:00:37,91282CKE0,TSRYS5765705,D,S,D,2024-03-28,1000000.00,4.416029,99.54296875
08:00:37,91282CKE0,TSRYS5765705,D,S,D,2024-03-28,2000000.00,4.413171,99.55078125
08:00:37,91282CKE0,TSRYS5765705,D,S,D,2024-03-28,1000000.00,4.413171,99.55078125
08:00:37,91282CKE0,TSRYS5765705,D,S,D,2024-03-28,1000000.00,4.413171,99.55078125
08:00:37,91282CKE0,TSRYS5765705,D,S,D,2024-03-28,1000000.00,4.413171,99.55078125
08:00:37,91282CKE0,TSRYS5765705,D,S,D,2024-03-28,1000000.00,4.413171,99.55078125
08:00:37,91282CKE0,TSRYS5765705,D,S,D,2024-03-28,3000000.00,4.413171,99.55078125
08:00:37,91282CKE0,TSRYS5765705,D,S,D,2024-03-28,3000000.00,4.413171,99.55078125
08:00:37,91282CKE0,TSRYS5765705,D,S,D,2024-03-28,2000000.00,4.411028,99.556640625
08:00:37,91282CKE0,TSRYS5765705,D,S,D,2024-03-28,2000000.00,4.411028,99.556640625
08:00:37,91282CKE0,TSRYS5765705,D,S,D,2024-03-28,1000000.00,4.411028,99.556640625
08:00:37,91282CKE0,TSRYS5765705,D,S,D,2024-03-28,1000000.00,4.411028,99.556640625
08:00:37,91282CKE0,TSRYS5765705,D,S,D,2024-03-28,1000000.00,4.411028,99.556640625
08:00:37,91282CKE0,TSRYS5765705,D,S,D,2024-03-28,2000000.00,4.411028,99.556640625
08:00:37,91282CKE0,TSRYS5765705,D,S,D,2024-03-28,2000000.00,4.413171,99.55078125
08:00:37,91282CKE0,TSRYS5765705,D,S,D,2024-03-28,1000000.00,4.415314,99.544921875
08:00:37,91282CKE0,TSRYS5765705,D,S,D,2024-03-28,2000000.00,4.415314,99.544921875
08:00:37,91282CKE0,TSRYS5765705,D,S,D,2024-03-28,1000000.00,4.416029,99.54296875
08:00:37,91282CKE0,TSRYS5765705,D,S,D,2024-03-28,1000000.00,4.416029,99.54296875
08:00:37,91282CKE0,TSRYS5765705,D,S,D,2024-03-28,1000000.00,4.415314,99.544921875
08:00:37,91282CKE0,TSRYS5765705,D,S,D,2024-03-28,1000000.00,4.413886,99.548828125
08:00:37,91282CKE0,TSRYS5765705,D,S,D,2024-03-28,1000000.00,4.413886,99.548828125
08:00:37,91282CKE0,TSRYS5765705,D,S,D,2024-03-28,2000000.00,4.413886,99.548828125
08:00:37,91282CKE0,TSRYS5765705,D,S,D,2024-03-28,2000000.00,4.413886,99.548828125
08:00:37,91282CKE0,TSRYS5765705,D,S,D,2024-03-28,2000000.00,4.413886,99.548828125
08:00:37,91282CKE0,TSRYS5765705,D,S,D,2024-03-28,2000000.00,4.413171,99.55078125
08:00:37,91282CKE0,TSRYS5765705,D,S,T,2024-03-28,1000000.00,4.38818,99.619140625
08:00:37,91282CKE0,TSRYS5765705,D,S,T,2024-03-28,1000000.00,4.396032,99.59765625
08:00:37,91282CKE0,TSRYS5765705,D,S,T,2024-03-28,1000000.00,4.396032,99.59765625
08:00:37,91282CKE0,TSRYS5765705,D,S,T,2024-03-28,1000000.00,4.396746,99.595703125
08:00:37,91282CKE0,TSRYS5765705,D,S,T,2024-03-28,1000000.00,4.39746,99.59375
08:00:37,91282CKE0,TSRYS5765705,D,S,T,2024-03-28,1000000.00,4.396746,99.595703125
08:00:37,91282CKE0,TSRYS5765705,D,S,T,2024-03-28,1000000.00,4.39746,99.59375
08:00:37,91282CKE0,TSRYS5765705,D,S,T,2024-03-28,1000000.00,4.39746,99.59375
08:00:37,91282CKE0,TSRYS5765705,D,S,T,2024-03-28,1000000.00,4.396032,99.59765625
08:00:37,91282CKE0,TSRYS5765705,D,S,T,2024-03-28,1000000.00,4.396032,99.59765625
08:00:37,91282CKE0,TSRYS5765705,D,S,T,2024-03-28,1000000.00,4.394604,99.6015625
08:00:37,91282CKE0,TSRYS5765705,D,S,T,2024-03-28,1000000.00,4.39389,99.603515625
08:00:37,91282CKE0,TSRYS5765705,D,S,T,2024-03-28,1000000.00,4.39389,99.603515625
08:00:37,91282CKE0,TSRYS5765705,D,S,T,2024-03-28,1000000.00,4.396032,99.59765625
08:00:37,91282CKE0,TSRYS5765705,D,S,T,2024-03-28,1000000.00,4.396032,99.59765625
08:00:37,91282CKE0,TSRYS5765705,D,S,T,2024-03-28,1000000.00,4.39746,99.59375
08:00:37,91282CKE0,TSRYS5765705,D,S,T,2024-03-28,1000000.00,4.391749,99.609375
08:00:37,91282CKE0,TSRYS5765705,D,S,T,2024-03-28,1000000.00,4.391035,99.611328125
08:00:37,91282CKE0,TSRYS5765705,D,S,T,2024-03-28,2000000.00,4.392463,99.607421875
08:00:37,91282CKE0,TSRYS5765705,D,S,T,2024-03-28,2000000.00,4.392463,99.607421875
08:00:37,91282CKE0,TSRYS5765705,D,S,T,2024-03-28,2000000.00,4.392463,99.607421875
08:00:37,91282CKE0,TSRYS5765705,D,S,T,2024-03-28,1000000.00,4.392463,99.607421875
08:00:37,91282CKE0,TSRYS5765705,D,S,T,2024-03-28,2000000.00,4.391035,99.611328125
08:00:37,91282CKE0,TSRYS5765705,D,S,T,2024-03-28,2000000.00,4.391035,99.611328125
08:00:37,91282CKE0,TSRYS5765705,D,S,T,2024-03-28,2000000.00,4.391035,99.611328125
08:00:37,91282CKE0,TSRYS5765705,D,S,T,2024-03-28,1000000.00,4.391035,99.611328125
08:00:37,91282CKE0,TSRYS5765705,D,S,T,2024-03-28,1000000.00,4.392463,99.607421875
08:00:37,91282CKE0,TSRYS5765705,D,S,T,2024-03-28,1000000.00,4.394604,99.6015625
08:00:37,91282CKE0,TSRYS5765705,D,S,T,2024-03-28,1000000.00,4.394604,99.6015625
08:00:37,91282CKE0,TSRYS5765705,D,S,T,2024-03-28,1000000.00,4.401744,99.58203125
08:00:37,91282CKE0,TSRYS5765705,D,S,T,2024-03-28,1000000.00,4.401744,99.58203125
08:00:37,91282CKE0,TSRYS5765705,D,S,T,2024-03-28,1000000.00,4.401744,99.58203125
08:00:37,91282CKE0,TSRYS5765705,D,S,T,2024-03-28,1000000.00,4.401744,99.58203125
08:00:37,91282CKE0,TSRYS5765705,D,S,T,2024-03-28,1000000.00,4.401744,99.58203125
08:00:37,91282CKE0,TSRYS5765705,D,S,T,2024-03-28,1000000.00,4.401744,99.58203125
08:00:37,91282CKE0,TSRYS5765705,D,S,T,2024-03-28,1000000.00,4.401744,99.58203125
08:00:37,91282CKE0,TSRYS5765705,D,S,T,2024-03-28,1000000.00,4.401744,99.58203125
08:00:37,91282CKE0,TSRYS5765705,D,S,T,2024-03-28,1000000.00,4.401744,99.58203125
08:00:37,91282CKE0,TSRYS5765705,D,S,T,2024-03-28,1000000.00,4.401744,99.58203125
08:00:37,91282CKE0,TSRYS5765705,D,S,T,2024-03-28,1000000.00,4.401744,99.58203125
08:00:37,91282CKE0,TSRYS5765705,D,S,T,2024-03-28,1000000.00,4.401744,99.58203125
08:00:37,91282CKE0,TSRYS5765705,D,S,T,2024-03-28,1000000.00,4.401744,99.58203125
08:00:37,91282CKE0,TSRYS5765705,D,S,T,2024-03-28,1000000.00,4.401744,99.58203125
08:00:37,91282CKE0,TSRYS5765705,D,S,T,2024-03-28,1000000.00,4.401744,99.58203125
08:00:37,91282CKE0,TSRYS5765705,D,S,T,2024-03-28,1000000.00,4.401744,99.58203125
08:00:37,91282CKE0,TSRYS5765705,D,S,T,2024-03-28,1000000.00,4.401744,99.58203125
08:00:37,91282CKE0,TSRYS5765705,D,S,T,2024-03-28,1000000.00,4.403172,99.578125
08:00:37,91282CKE0,TSRYS5765705,D,S,T,2024-03-28,1000000.00,4.403172,99.578125
08:00:37,91282CKE0,TSRYS5765705,D,S,T,2024-03-28,2000000.00,4.403172,99.578125
08:00:37,91282CKE0,TSRYS5765705,D,S,T,2024-03-28,2000000.00,4.406029,99.5703125
08:00:37,91282CKE0,TSRYS5765705,D,S,T,2024-03-28,2000000.00,4.406029,99.5703125
08:00:37,91282CKE0,TSRYS5765705,D,S,T,2024-03-28,1000000.00,4.406029,99.5703125
08:00:37,91282CKE0,TSRYS5765705,D,S,T,2024-03-28,1000000.00,4.403172,99.578125
08:00:37,91282CKE0,TSRYS5765705,D,S,T,2024-03-28,1000000.00,4.402458,99.580078125
08:00:37,91282CKE0,TSRYS5765705,D,S,T,2024-03-28,2000000.00,4.402458,99.580078125
08:00:37,91282CKE0,TSRYS5765705,D,S,T,2024-03-28,2000000.00,4.402458,99.580078125
08:00:37,91282CKE0,TSRYS5765705,D,S,T,2024-03-28,1000000.00,4.402458,99.580078125
08:00:37,91282CKE0,TSRYS5765705,D,S,T,2024-03-28,2000000.00,4.402458,99.580078125
08:00:37,91282CKE0,TSRYS5765705,D,S,T,2024-03-28,2000000.00,4.398174,99.591796875
08:00:37,91282CKE0,TSRYS5765705,D,S,T,2024-03-28,1000000.00,4.398174,99.591796875
08:00:37,91282CKE0,TSRYS5765705,D,S,T,2024-03-28,2000000.00,4.40103,99.583984375
08:00:37,91282CKE0,TSRYS5765705,D,S,T,2024-03-28,2000000.00,4.40103,99.583984375
08:00:37,91282CKE0,TSRYS5765705,D,S,T,2024-03-28,1000000.00,4.40103,99.583984375
08:00:37,91282CKE0,TSRYS5765705,D,S,T,2024-03-28,2000000.00,4.40103,99.583984375
08:00:37,91282CKE0,TSRYS5765705,D,S,T,2024-03-28,1000000.00,4.40103,99.583984375
08:00:37,91282CKE0,TSRYS5765705,D,S,T,2024-03-28,2000000.00,4.40103,99.583984375
08:00:37,91282CKE0,TSRYS5765705,D,S,T,2024-03-28,2000000.00,4.400316,99.5859375
08:00:37,91282CKE0,TSRYS5765705,D,S,T,2024-03-28,1000000.00,4.399602,99.587890625
08:00:37,91282CKE0,TSRYS5765705,D,S,D,2024-03-28,2000000.00,4.395318,99.599609375
08:00:37,91282CKE0,TSRYS5765705,D,S,D,2024-03-28,1000000.00,4.396032,99.59765625
08:00:37,91282CKE0,TSRYS5765705,D,S,D,2024-03-28,2000000.00,4.395318,99.599609375
08:00:37,91282CKE0,TSRYS5765705,D,S,D,2024-03-28,2000000.00,4.396746,99.595703125
08:00:37,91282CKE0,TSRYS5765705,D,S,T,2024-03-28,2000000.00,4.398174,99.591796875
08:00:37,91282CKE0,TSRYS5765705,D,S,T,2024-03-28,1000000.00,4.40103,99.583984375
08:00:37,91282CKE0,TSRYS5765705,D,S,T,2024-03-28,1000000.00,4.40103,99.583984375
08:00:37,91282CKE0,TSRYS5765705,D,S,T,2024-03-28,1000000.00,4.399602,99.587890625
08:00:37,91282CKE0,TSRYS5765705,D,S,T,2024-03-28,1000000.00,4.399602,99.587890625
08:00:37,91282CKE0,TSRYS5765705,D,S,T,2024-03-28,1000000.00,4.399602,99.587890625
08:00:37,91282CKE0,TSRYS5765705,D,S,T,2024-03-28,1000000.00,4.400316,99.5859375
08:00:37,91282CKE0,TSRYS5765705,D,S,T,2024-03-28,2000000.00,4.400316,99.5859375
08:00:37,91282CKE0,TSRYS5765705,D,S,T,2024-03-28,1000000.00,4.400316,99.5859375
08:00:37,91282CKE0,TSRYS5765705,D,S,T,2024-03-28,1000000.00,4.399602,99.587890625
08:00:37,91282CKE0,TSRYS5765705,D,S,T,2024-03-28,2000000.00,4.402458,99.580078125
08:00:37,91282CKE0,TSRYS5765705,D,S,T,2024-03-28,1000000.00,4.402458,99.580078125
08:00:37,91282CKE0,TSRYS5765705,D,S,T,2024-03-28,1000000.00,4.403172,99.578125
08:00:37,91282CKE0,TSRYS5765705,D,S,T,2024-03-28,1000000.00,4.403172,99.578125
08:00:37,91282CKE0,TSRYS5765705,D,S,T,2024-03-28,1000000.00,4.403172,99.578125
08:00:37,91282CKE0,TSRYS5765705,D,S,T,2024-03-28,1000000.00,4.403172,99.578125
08:00:37,91282CKE0,TSRYS5765705,D,S,T,2024-03-28,2000000.00,4.407457,99.56640625
08:00:37,91282CKE0,TSRYS5765705,D,S,T,2024-03-28,1000000.00,4.407457,99.56640625
08:00:37,91282CKE0,TSRYS5765705,D,S,T,2024-03-28,1000000.00,4.407457,99.56640625
08:00:37,91282CKE0,TSRYS5765705,D,S,T,2024-03-28,2000000.00,4.413171,99.55078125
08:00:37,91282CKE0,TSRYS5765705,D,S,T,2024-03-28,1000000.00,4.413171,99.55078125
08:00:37,91282CKE0,TSRYS5765705,D,S,T,2024-03-28,2000000.00,4.413171,99.55078125
08:00:37,91282CKE0,TSRYS5765705,D,S,T,2024-03-28,1000000.00,4.4146,99.546875
08:00:37,91282CKE0,TSRYS5765705,D,S,T,2024-03-28,1000000.00,4.416029,99.54296875
08:00:37,91282CKE0,TSRYS5765705,D,S,T,2024-03-28,1000000.00,4.420315,99.53125
08:00:37,91282CKE0,TSRYS5765705,D,S,T,2024-03-28,1000000.00,4.420315,99.53125
08:00:37,91282CKE0,TSRYS5765705,D,S,T,2024-03-28,1000000.00,4.423888,99.521484375
08:00:37,91282CKE0,TSRYS5765705,D,S,T,2024-03-28,1000000.00,4.422459,99.525390625
08:00:37,91282CKE0,TSRYS5765705,D,S,T,2024-03-28,2000000.00,4.423888,99.521484375
08:00:37,91282CKE0,TSRYS5765705,D,S,T,2024-03-28,1000000.00,4.423888,99.521484375
08:00:37,91282CKE0,TSRYS5765705,D,S,T,2024-03-28,1000000.00,4.423888,99.521484375
08:00:37,91282CKE0,TSRYS5765705,D,S,T,2024-03-28,2000000.00,4.417458,99.5390625
08:00:37,91282CKE0,TSRYS5765705,D,S,T,2024-03-28,2000000.00,4.416743,99.541015625
08:00:37,91282CKE0,TSRYS5765705,D,S,T,2024-03-28,2000000.00,4.416743,99.541015625
08:00:37,91282CKE0,TSRYS5765705,D,S,T,2024-03-28,1000000.00,4.416743,99.541015625
08:00:37,91282CKE0,TSRYS5765705,D,S,T,2024-03-28,2000000.00,4.418172,99.537109375
08:00:37,91282CKE0,TSRYS5765705,D,S,T,2024-03-28,2000000.00,4.418172,99.537109375
08:00:37,91282CKE0,TSRYS5765705,D,S,T,2024-03-28,2000000.00,4.416743,99.541015625
08:00:37,91282CKE0,TSRYS5765705,D,S,T,2024-03-28,1000000.00,4.416743,99.541015625
08:00:37,91282CKE0,TSRYS5765705,D,S,T,2024-03-28,2000000.00,4.416029,99.54296875
08:00:37,91282CKE0,TSRYS5765705,D,S,T,2024-03-28,2000000.00,4.416029,99.54296875
08:00:37,91282CKE0,TSRYS5765705,D,S,T,2024-03-28,1000000.00,4.413171,99.55078125
08:00:37,91282CKE0,TSRYS5765705,D,S,T,2024-03-28,1000000.00,4.413171,99.55078125
08:00:37,91282CKE0,TSRYS5765705,D,S,T,2024-03-28,1000000.00,4.413171,99.55078125
08:00:37,91282CKE0,TSRYS5765705,D,S,T,2024-03-28,1000000.00,4.413171,99.55078125
08:00:37,91282CKE0,TSRYS5765705,D,S,T,2024-03-28,2000000.00,4.412457,99.552734375
08:00:37,91282CKE0,TSRYS5765705,D,S,T,2024-03-28,2000000.00,4.412457,99.552734375
08:00:37,91282CKE0,TSRYS5765705,D,S,T,2024-03-28,2000000.00,4.412457,99.552734375
08:00:37,91282CKE0,TSRYS5765705,D,S,T,2024-03-28,2000000.00,4.412457,99.552734375
