tradeTime,cusip,issueSymbolIdentifier,priceType,reportingSideCode,contraPartyTypeCode,tradeDate,reportedTradeVolume,lastSaleYield,lastSalePrice
08:00:07,91282CLQ2,TSRYS5906509,D,S,D,2024-10-22,2000000.00,3.951193,99.787109375
08:00:07,91282CLQ2,TSRYS5906509,D,S,D,2024-10-22,4000000.00,3.949086,99.79296875
08:00:07,91282CLQ2,TSRYS5906509,D,S,D,2024-10-22,4000000.00,3.949086,99.79296875
08:00:07,91282CLQ2,TSRYS5906509,D,S,D,2024-10-22,2000000.00,3.949086,99.79296875
08:00:07,91282CLQ2,TSRYS5906509,D,S,D,2024-10-22,4000000.00,3.949086,99.79296875
08:00:07,91282CLQ2,TSRYS5906509,D,S,T,2024-10-22,4000000.00,3.944872,99.8046875
08:00:07,91282CLQ2,TSRYS5906509,D,S,D,2024-10-22,4000000.00,3.965949,99.74609375
08:00:07,91282CLQ2,TSRYS5906509,D,S,D,2024-10-22,4000000.00,3.965949,99.74609375
08:00:07,91282CLQ2,TSRYS5906509,D,S,D,2024-10-22,1000000.00,3.965949,99.74609375
08:00:07,91282CLQ2,TSRYS5906509,D,S,D,2024-10-22,4000000.00,3.965949,99.74609375
08:00:07,91282CLQ2,TSRYS5906509,D,S,D,2024-10-22,4000000.00,3.965949,99.74609375
08:00:07,91282CLQ2,TSRYS5906509,D,S,D,2024-10-22,1000000.00,3.965949,99.74609375
08:00:07,91282CLQ2,TSRYS5906509,D,S,D,2024-10-22,1000000.00,3.972978,99.7265625
08:00:07,91282CLQ2,TSRYS5906509,D,S,D,2024-10-22,1000000.00,3.973681,99.724609375
08:00:07,91282CLQ2,TSRYS5906509,D,S,D,2024-10-22,1000000.00,3.972978,99.7265625
08:00:07,91282CLQ2,TSRYS5906509,D,S,D,2024-10-22,1000000.00,3.967355,99.7421875
08:00:07,91282CLQ2,TSRYS5906509,D,S,D,2024-10-22,1000000.00,3.970167,99.734375
08:00:07,91282CLQ2,TSRYS5906509,D,S,T,2024-10-22,1000000.00,3.974384,99.72265625
08:00:08,91282CLQ2,TSRYS5906509,D,S,D,2024-10-22,1000000.00,3.970167,99.734375
08:00:08,91282CLQ2,TSRYS5906509,D,S,D,2024-10-22,1000000.00,3.970869,99.732421875
08:00:08,91282CLQ2,TSRYS5906509,D,S,D,2024-10-22,1000000.00,3.970167,99.734375
08:00:08,91282CLQ2,TSRYS5906509,D,S,D,2024-10-22,1000000.00,3.970167,99.734375
08:00:08,91282CLQ2,TSRYS5906509,D,S,T,2024-10-22,4000000.00,3.972978,99.7265625
08:00:08,91282CLQ2,TSRYS5906509,D,S,T,2024-10-22,4000000.00,3.972978,99.7265625
08:00:08,91282CLQ2,TSRYS5906509,D,S,T,2024-10-22,4000000.00,3.972978,99.7265625
08:00:08,91282CLQ2,TSRYS5906509,D,S,D,2024-10-22,3000000.00,3.975791,99.71875
08:00:08,91282CLQ2,TSRYS5906509,D,S,D,2024-10-22,2000000.00,3.975791,99.71875
08:00:08,91282CLQ2,TSRYS5906509,D,S,D,2024-10-22,1000000.00,3.971572,99.73046875
08:00:08,91282CLQ2,TSRYS5906509,D,S,D,2024-10-22,1000000.00,3.972275,99.728515625
08:00:08,91282CLQ2,TSRYS5906509,D,S,D,2024-10-22,1000000.00,3.973681,99.724609375
08:00:08,91282CLQ2,TSRYS5906509,D,S,D,2024-10-22,1000000.00,3.968761,99.73828125
08:00:08,91282CLQ2,TSRYS5906509,D,S,D,2024-10-22,1000000.00,3.972978,99.7265625
08:00:08,91282CLQ2,TSRYS5906509,D,S,D,2024-10-22,1000000.00,3.973681,99.724609375
08:00:08,91282CLQ2,TSRYS5906509,D,S,D,2024-10-22,1000000.00,3.970167,99.734375
08:00:08,91282CLQ2,TSRYS5906509,D,S,D,2024-10-22,1000000.00,3.970167,99.734375
08:00:08,91282CLQ2,TSRYS5906509,D,S,D,2024-10-22,1000000.00,3.970167,99.734375
08:00:08,91282CLQ2,TSRYS5906509,D,S,D,2024-10-22,1000000.00,3.970167,99.734375
08:00:08,91282CLQ2,TSRYS5906509,D,S,D,2024-10-22,1000000.00,3.970167,99.734375
08:00:08,91282CLQ2,TSRYS5906509,D,S,D,2024-10-22,1000000.00,3.970167,99.734375
08:00:08,91282CLQ2,TSRYS5906509,D,S,D,2024-10-22,1000000.00,3.970167,99.734375
08:00:08,91282CLQ2,TSRYS5906509,D,S,D,2024-10-22,1000000.00,3.970167,99.734375
08:00:08,91282CLQ2,TSRYS5906509,D,S,D,2024-10-22,1000000.00,3.970167,99.734375
08:00:08,91282CLQ2,TSRYS5906509,D,S,D,2024-10-22,1000000.00,3.970167,99.734375
08:00:08,91282CLQ2,TSRYS5906509,D,S,D,2024-10-22,1000000.00,3.970167,99.734375
08:00:08,91282CLQ2,TSRYS5906509,D,S,D,2024-10-22,1000000.00,3.970167,99.734375
08:00:08,91282CLQ2,TSRYS5906509,D,S,D,2024-10-22,1000000.00,3.978603,99.7109375
08:00:08,91282CLQ2,TSRYS5906509,D,S,D,2024-10-22,1000000.00,3.978603,99.7109375
08:00:08,91282CLQ2,TSRYS5906509,D,S,D,2024-10-22,1000000.00,3.978603,99.7109375
08:00:08,91282CLQ2,TSRYS5906509,D,S,D,2024-10-22,3000000.00,3.979306,99.708984375
08:00:08,91282CLQ2,TSRYS5906509,D,S,T,2024-10-22,1000000.00,3.979306,99.708984375
08:00:08,91282CLQ2,TSRYS5906509,D,S,T,2024-10-22,1000000.00,3.979306,99.708984375
08:00:08,91282CLQ2,TSRYS5906509,D,S,T,2024-10-22,2000000.00,3.979306,99.708984375
08:00:08,91282CLQ2,TSRYS5906509,D,S,D,2024-10-22,1000000.00,3.979306,99.708984375
08:00:11,91282CLQ2,TSRYS5906509,D,B,A,2024-10-22,19324000.00,3.958922,99.765625
08:00:11,91282CLQ2,TSRYS5906509,D,S,A,2024-10-22,15800000.00,3.958922,99.765625
08:00:12,91282CLQ2,TSRYS5906509,D,S,T,2024-10-22,1000000.00,3.971572,99.73046875
08:00:12,91282CLQ2,TSRYS5906509,D,B,A,2024-10-22,2375000.00,3.974384,99.72265625
08:00:12,91282CLQ2,TSRYS5906509,D,S,T,2024-10-22,1000000.00,3.974384,99.72265625
08:00:12,91282CLQ2,TSRYS5906509,D,S,T,2024-10-22,2000000.00,3.974384,99.72265625
08:00:12,91282CLQ2,TSRYS5906509,D,S,D,2024-10-22,2000000.00,3.974384,99.72265625
08:00:12,91282CLQ2,TSRYS5906509,D,S,T,2024-10-22,1000000.00,3.972978,99.7265625
08:00:12,91282CLQ2,TSRYS5906509,D,S,T,2024-10-22,3000000.00,3.972978,99.7265625
08:00:12,91282CLQ2,TSRYS5906509,D,S,T,2024-10-22,4000000.00,3.972978,99.7265625
08:00:12,91282CLQ2,TSRYS5906509,D,S,T,2024-10-22,1000000.00,3.972978,99.7265625
08:00:12,91282CLQ2,TSRYS5906509,D,S,T,2024-10-22,5000000.00,3.972978,99.7265625
08:00:12,91282CLQ2,TSRYS5906509,D,S,D,2024-10-22,5000000.00,3.971291,99.73125
08:00:13,91282CLQ2,TSRYS5906509,D,S,D,2024-10-22,1000000.00,3.950491,99.7890625
08:00:13,91282CLQ2,TSRYS5906509,D,S,D,2024-10-22,1000000.00,3.952598,99.783203125
08:00:13,91282CLQ2,TSRYS5906509,D,S,T,2024-10-22,1000000.00,3.952598,99.783203125
08:00:13,91282CLQ2,TSRYS5906509,D,S,T,2024-10-22,1000000.00,3.952598,99.783203125
08:00:13,91282CLQ2,TSRYS5906509,D,S,T,2024-10-22,1000000.00,3.953301,99.78125
08:00:13,91282CLQ2,TSRYS5906509,D,S,D,2024-10-22,1000000.00,3.951193,99.787109375
08:00:13,91282CLQ2,TSRYS5906509,D,S,T,2024-10-22,1000000.00,3.951193,99.787109375
08:00:13,91282CLQ2,TSRYS5906509,D,S,T,2024-10-22,1000000.00,3.949788,99.791015625
08:00:13,91282CLQ2,TSRYS5906509,D,S,D,2024-10-22,1000000.00,3.949086,99.79296875
08:00:13,91282CLQ2,TSRYS5906509,D,S,T,2024-10-22,1000000.00,3.949788,99.791015625
08:00:13,91282CLQ2,TSRYS5906509,D,S,D,2024-10-22,1000000.00,3.949788,99.791015625
08:00:13,91282CLQ2,TSRYS5906509,D,S,D,2024-10-22,1000000.00,3.949086,99.79296875
08:00:13,91282CLQ2,TSRYS5906509,D,S,D,2024-10-22,1000000.00,3.949086,99.79296875
08:00:13,91282CLQ2,TSRYS5906509,D,S,T,2024-10-22,1000000.00,3.949788,99.791015625
08:00:13,91282CLQ2,TSRYS5906509,D,S,T,2024-10-22,1000000.00,3.949788,99.791015625
08:00:13,91282CLQ2,TSRYS5906509,D,S,T,2024-10-22,1000000.00,3.949788,99.791015625
08:00:13,91282CLQ2,TSRYS5906509,D,S,T,2024-10-22,1000000.00,3.951193,99.787109375
08:00:13,91282CLQ2,TSRYS5906509,D,S,D,2024-10-22,1000000.00,3.949788,99.791015625
08:00:13,91282CLQ2,TSRYS5906509,D,S,D,2024-10-22,1000000.00,3.949086,99.79296875
08:00:13,91282CLQ2,TSRYS5906509,D,S,T,2024-10-22,1000000.00,3.949086,99.79296875
08:00:13,91282CLQ2,TSRYS5906509,D,S,T,2024-10-22,1000000.00,3.949086,99.79296875
08:00:13,91282CLQ2,TSRYS5906509,D,S,T,2024-10-22,1000000.00,3.945574,99.802734375
08:00:13,91282CLQ2,TSRYS5906509,D,S,T,2024-10-22,1000000.00,3.946276,99.80078125
08:00:13,91282CLQ2,TSRYS5906509,D,S,T,2024-10-22,1000000.00,3.946276,99.80078125
08:00:13,91282CLQ2,TSRYS5906509,D,S,T,2024-10-22,2000000.00,3.946276,99.80078125
08:00:13,91282CLQ2,TSRYS5906509,D,S,T,2024-10-22,1000000.00,3.946276,99.80078125
08:00:13,91282CLQ2,TSRYS5906509,D,S,T,2024-10-22,1000000.00,3.945574,99.802734375
08:00:13,91282CLQ2,TSRYS5906509,D,S,T,2024-10-22,1000000.00,3.945574,99.802734375
08:00:13,91282CLQ2,TSRYS5906509,D,S,T,2024-10-22,1000000.00,3.954706,99.77734375
08:00:14,91282CLQ2,TSRYS5906509,D,S,T,2024-10-22,1000000.00,3.958922,99.765625
08:00:14,91282CLQ2,TSRYS5906509,D,S,T,2024-10-22,1000000.00,3.964544,99.75
08:00:14,91282CLQ2,TSRYS5906509,D,S,T,2024-10-22,1000000.00,3.964544,99.75
08:00:14,91282CLQ2,TSRYS5906509,D,S,T,2024-10-22,1000000.00,3.964544,99.75
08:00:14,91282CLQ2,TSRYS5906509,D,S,T,2024-10-22,2000000.00,3.970167,99.734375
08:00:14,91282CLQ2,TSRYS5906509,D,S,D,2024-10-22,1000000.00,3.970869,99.732421875
08:00:14,91282CLQ2,TSRYS5906509,D,S,C,2024-10-22,10000000.00,3.977197,99.71484375
08:00:14,91282CLQ2,TSRYS5906509,D,S,D,2024-10-22,10000000.00,3.977197,99.71484375
08:00:14,91282CLQ2,TSRYS5906509,D,S,T,2024-10-22,1000000.00,3.970869,99.732421875
08:00:14,91282CLQ2,TSRYS5906509,D,S,T,2024-10-22,1000000.00,3.970167,99.734375
08:00:14,91282CLQ2,TSRYS5906509,D,S,T,2024-10-22,1000000.00,3.970869,99.732421875
08:00:14,91282CLQ2,TSRYS5906509,D,S,D,2024-10-22,10000000.00,3.949086,99.79296875
08:00:14,91282CLQ2,TSRYS5906509,D,S,D,2024-10-22,1000000.00,3.949086,99.79296875
08:00:14,91282CLQ2,TSRYS5906509,D,S,D,2024-10-22,1000000.00,3.949086,99.79296875
08:00:14,91282CLQ2,TSRYS5906509,D,S,D,2024-10-22,1000000.00,3.949086,99.79296875
08:00:14,91282CLQ2,TSRYS5906509,D,S,D,2024-10-22,1000000.00,3.949086,99.79296875
08:00:14,91282CLQ2,TSRYS5906509,D,S,D,2024-10-22,4000000.00,3.949086,99.79296875
08:00:14,91282CLQ2,TSRYS5906509,D,S,D,2024-10-22,1000000.00,3.970869,99.732421875
08:00:14,91282CLQ2,TSRYS5906509,D,S,T,2024-10-22,1000000.00,3.974384,99.72265625
08:00:14,91282CLQ2,TSRYS5906509,D,S,T,2024-10-22,1000000.00,3.972978,99.7265625
08:00:14,91282CLQ2,TSRYS5906509,D,S,T,2024-10-22,1000000.00,3.977197,99.71484375
08:00:14,91282CLQ2,TSRYS5906509,D,S,T,2024-10-22,1000000.00,3.977197,99.71484375
08:00:14,91282CLQ2,TSRYS5906509,D,S,T,2024-10-22,1000000.00,3.976494,99.716796875
08:00:14,91282CLQ2,TSRYS5906509,D,S,T,2024-10-22,1000000.00,3.978603,99.7109375
08:00:14,91282CLQ2,TSRYS5906509,D,S,T,2024-10-22,1000000.00,3.971572,99.73046875
08:00:14,91282CLQ2,TSRYS5906509,D,S,T,2024-10-22,1000000.00,3.971572,99.73046875
08:00:14,91282CLQ2,TSRYS5906509,D,S,T,2024-10-22,1000000.00,3.970167,99.734375
08:00:14,91282CLQ2,TSRYS5906509,D,S,T,2024-10-22,2000000.00,3.972978,99.7265625
08:00:14,91282CLQ2,TSRYS5906509,D,S,T,2024-10-22,1000000.00,3.971572,99.73046875
08:00:14,91282CLQ2,TSRYS5906509,D,S,T,2024-10-22,1000000.00,3.971572,99.73046875
08:00:14,91282CLQ2,TSRYS5906509,D,S,T,2024-10-22,1000000.00,3.971572,99.73046875
08:00:14,91282CLQ2,TSRYS5906509,D,S,T,2024-10-22,1000000.00,3.972978,99.7265625
08:00:14,91282CLQ2,TSRYS5906509,D,S,T,2024-10-22,1000000.00,3.972978,99.7265625
08:00:15,91282CLQ2,TSRYS5906509,D,S,T,2024-10-22,1000000.00,3.972978,99.7265625
08:00:15,91282CLQ2,TSRYS5906509,D,S,T,2024-10-22,1000000.00,3.974384,99.72265625
08:00:15,91282CLQ2,TSRYS5906509,D,S,T,2024-10-22,2000000.00,3.974384,99.72265625
08:00:15,91282CLQ2,TSRYS5906509,D,S,T,2024-10-22,1000000.00,3.974384,99.72265625
08:00:15,91282CLQ2,TSRYS5906509,D,S,D,2024-10-22,1000000.00,3.949086,99.79296875
08:00:15,91282CLQ2,TSRYS5906509,D,S,D,2024-10-22,1000000.00,3.949086,99.79296875
08:00:15,91282CLQ2,TSRYS5906509,D,S,D,2024-10-22,1000000.00,3.949086,99.79296875
08:00:15,91282CLQ2,TSRYS5906509,D,S,D,2024-10-22,1000000.00,3.951896,99.78515625
08:00:15,91282CLQ2,TSRYS5906509,D,S,D,2024-10-22,1000000.00,3.953301,99.78125
08:00:15,91282CLQ2,TSRYS5906509,D,S,T,2024-10-22,2000000.00,3.977197,99.71484375
08:00:15,91282CLQ2,TSRYS5906509,D,S,D,2024-10-22,1000000.00,3.955409,99.775390625
08:00:18,91282CLQ2,TSRYS5906509,D,S,D,2024-10-22,1000000.00,3.960327,99.76171875
08:00:18,91282CLQ2,TSRYS5906509,D,S,D,2024-10-22,1000000.00,3.961733,99.7578125
08:00:19,91282CLQ2,TSRYS5906509,D,S,D,2024-10-22,1000000.00,3.963138,99.75390625
08:00:19,91282CLQ2,TSRYS5906509,D,S,D,2024-10-22,1000000.00,3.965949,99.74609375
08:00:26,91282CLQ2,TSRYS5906509,D,S,D,2024-10-22,1500000.00,3.949086,99.79296875
08:00:27,91282CLQ2,TSRYS5906509,D,S,D,2024-10-22,1000000.00,3.974384,99.72265625
08:00:27,91282CLQ2,TSRYS5906509,D,S,D,2024-10-22,1000000.00,3.974384,99.72265625
08:00:27,91282CLQ2,TSRYS5906509,D,S,D,2024-10-22,1000000.00,3.974384,99.72265625
08:00:27,91282CLQ2,TSRYS5906509,D,S,D,2024-10-22,4000000.00,3.974384,99.72265625
08:00:27,91282CLQ2,TSRYS5906509,D,S,D,2024-10-22,4000000.00,3.974384,99.72265625
08:00:27,91282CLQ2,TSRYS5906509,D,B,C,2024-10-22,800000.00,3.946276,99.80078125
08:00:28,91282CLQ2,TSRYS5906509,D,S,C,2024-10-22,600000.00,3.946276,99.80078125
08:00:28,91282CLQ2,TSRYS5906509,D,S,D,2024-10-22,1000000.00,3.969464,99.736328125
08:00:28,91282CLQ2,TSRYS5906509,D,S,D,2024-10-22,1000000.00,3.970167,99.734375
08:00:30,91282CLQ2,TSRYS5906509,D,S,T,2024-10-22,1000000.00,3.954003,99.779296875
08:00:30,91282CLQ2,TSRYS5906509,D,S,T,2024-10-22,1000000.00,3.954003,99.779296875
08:00:30,91282CLQ2,TSRYS5906509,D,S,T,2024-10-22,1000000.00,3.950491,99.7890625
08:00:30,91282CLQ2,TSRYS5906509,D,S,T,2024-10-22,1000000.00,3.951896,99.78515625
08:00:30,91282CLQ2,TSRYS5906509,D,S,T,2024-10-22,1000000.00,3.953301,99.78125
08:00:30,91282CLQ2,TSRYS5906509,D,S,T,2024-10-22,1000000.00,3.953301,99.78125
08:00:30,91282CLQ2,TSRYS5906509,D,S,T,2024-10-22,1000000.00,3.953301,99.78125
08:00:30,91282CLQ2,TSRYS5906509,D,S,T,2024-10-22,1000000.00,3.953301,99.78125
08:00:30,91282CLQ2,TSRYS5906509,D,S,T,2024-10-22,1000000.00,3.953301,99.78125
08:00:30,91282CLQ2,TSRYS5906509,D,S,T,2024-10-22,1000000.00,3.953301,99.78125
08:00:30,91282CLQ2,TSRYS5906509,D,S,T,2024-10-22,1000000.00,3.953301,99.78125
08:00:30,91282CLQ2,TSRYS5906509,D,S,T,2024-10-22,1000000.00,3.953301,99.78125
08:00:30,91282CLQ2,TSRYS5906509,D,S,T,2024-10-22,1000000.00,3.953301,99.78125
08:00:30,91282CLQ2,TSRYS5906509,D,S,T,2024-10-22,1000000.00,3.953301,99.78125
08:00:30,91282CLQ2,TSRYS5906509,D,S,T,2024-10-22,1000000.00,3.953301,99.78125
08:00:30,91282CLQ2,TSRYS5906509,D,S,T,2024-10-22,1000000.00,3.953301,99.78125
08:00:30,91282CLQ2,TSRYS5906509,D,S,T,2024-10-22,1000000.00,3.950491,99.7890625
08:00:30,91282CLQ2,TSRYS5906509,D,S,T,2024-10-22,1000000.00,3.949086,99.79296875
08:00:30,91282CLQ2,TSRYS5906509,D,S,T,2024-10-22,1000000.00,3.949086,99.79296875
08:00:30,91282CLQ2,TSRYS5906509,D,S,T,2024-10-22,1000000.00,3.949788,99.791015625
08:00:30,91282CLQ2,TSRYS5906509,D,S,T,2024-10-22,1000000.00,3.949086,99.79296875
08:00:30,91282CLQ2,TSRYS5906509,D,S,T,2024-10-22,1000000.00,3.949086,99.79296875
08:00:30,91282CLQ2,TSRYS5906509,D,S,T,2024-10-22,2000000.00,3.949086,99.79296875
08:00:30,91282CLQ2,TSRYS5906509,D,S,T,2024-10-22,2000000.00,3.949086,99.79296875
08:00:30,91282CLQ2,TSRYS5906509,D,S,T,2024-10-22,1000000.00,3.949086,99.79296875
08:00:30,91282CLQ2,TSRYS5906509,D,S,T,2024-10-22,3000000.00,3.950491,99.7890625
08:00:30,91282CLQ2,TSRYS5906509,D,S,T,2024-10-22,6000000.00,3.950491,99.7890625
08:00:30,91282CLQ2,TSRYS5906509,D,S,T,2024-10-22,1000000.00,3.950491,99.7890625
08:00:30,91282CLQ2,TSRYS5906509,D,S,T,2024-10-22,1000000.00,3.950491,99.7890625
08:00:30,91282CLQ2,TSRYS5906509,D,S,T,2024-10-22,1000000.00,3.949086,99.79296875
08:00:30,91282CLQ2,TSRYS5906509,D,S,T,2024-10-22,1000000.00,3.949086,99.79296875
08:00:30,91282CLQ2,TSRYS5906509,D,S,T,2024-10-22,1000000.00,3.950491,99.7890625
08:00:30,91282CLQ2,TSRYS5906509,D,S,T,2024-10-22,1000000.00,3.950491,99.7890625
08:00:30,91282CLQ2,TSRYS5906509,D,S,T,2024-10-22,2000000.00,3.949788,99.791015625
08:00:30,91282CLQ2,TSRYS5906509,D,S,T,2024-10-22,1000000.00,3.950491,99.7890625
08:00:30,91282CLQ2,TSRYS5906509,D,S,T,2024-10-22,1000000.00,3.950491,99.7890625
08:00:30,91282CLQ2,TSRYS5906509,D,S,T,2024-10-22,2000000.00,3.951193,99.787109375
08:00:30,91282CLQ2,TSRYS5906509,D,S,D,2024-10-22,1000000.00,3.951193,99.787109375
08:00:30,91282CLQ2,TSRYS5906509,D,S,T,2024-10-22,1000000.00,3.951896,99.78515625
08:00:30,91282CLQ2,TSRYS5906509,D,S,T,2024-10-22,1000000.00,3.951896,99.78515625
08:00:30,91282CLQ2,TSRYS5906509,D,S,T,2024-10-22,1000000.00,3.950491,99.7890625
08:00:30,91282CLQ2,TSRYS5906509,D,S,T,2024-10-22,1000000.00,3.949086,99.79296875
08:00:30,91282CLQ2,TSRYS5906509,D,S,T,2024-10-22,1000000.00,3.946276,99.80078125
08:00:30,91282CLQ2,TSRYS5906509,D,S,T,2024-10-22,1000000.00,3.946276,99.80078125
08:00:30,91282CLQ2,TSRYS5906509,D,S,T,2024-10-22,4000000.00,3.947681,99.796875
08:00:30,91282CLQ2,TSRYS5906509,D,S,T,2024-10-22,1000000.00,3.944872,99.8046875
08:00:30,91282CLQ2,TSRYS5906509,D,S,T,2024-10-22,1000000.00,3.944872,99.8046875
08:00:30,91282CLQ2,TSRYS5906509,D,B,C,2024-10-22,1000000.00,3.970869,99.732421875
08:00:30,91282CLQ2,TSRYS5906509,D,S,D,2024-10-22,1000000.00,3.970869,99.732421875
08:00:30,91282CLQ2,TSRYS5906509,D,S,T,2024-10-22,1000000.00,3.961733,99.7578125
08:00:30,91282CLQ2,TSRYS5906509,D,S,T,2024-10-22,1000000.00,3.977197,99.71484375
08:00:30,91282CLQ2,TSRYS5906509,D,S,T,2024-10-22,1000000.00,3.972978,99.7265625
08:00:30,91282CLQ2,TSRYS5906509,D,S,T,2024-10-22,1000000.00,3.972978,99.7265625
08:00:30,91282CLQ2,TSRYS5906509,D,S,T,2024-10-22,1000000.00,3.974384,99.72265625
08:00:30,91282CLQ2,TSRYS5906509,D,S,T,2024-10-22,1000000.00,3.974384,99.72265625
08:00:30,91282CLQ2,TSRYS5906509,D,S,T,2024-10-22,1000000.00,3.971572,99.73046875
08:00:30,91282CLQ2,TSRYS5906509,D,S,T,2024-10-22,1000000.00,3.974384,99.72265625
08:00:30,91282CLQ2,TSRYS5906509,D,S,T,2024-10-22,1000000.00,3.944872,99.8046875
08:00:30,91282CLQ2,TSRYS5906509,D,S,T,2024-10-22,1000000.00,3.944872,99.8046875
08:00:30,91282CLQ2,TSRYS5906509,D,S,T,2024-10-22,1000000.00,3.944872,99.8046875
08:00:30,91282CLQ2,TSRYS5906509,D,S,T,2024-10-22,1000000.00,3.944872,99.8046875
08:00:30,91282CLQ2,TSRYS5906509,D,S,T,2024-10-22,1000000.00,3.946276,99.80078125
08:00:30,91282CLQ2,TSRYS5906509,D,S,T,2024-10-22,1000000.00,3.946276,99.80078125
08:00:30,91282CLQ2,TSRYS5906509,D,S,T,2024-10-22,1000000.00,3.949086,99.79296875
08:00:30,91282CLQ2,TSRYS5906509,D,S,T,2024-10-22,1000000.00,3.949086,99.79296875
08:00:30,91282CLQ2,TSRYS5906509,D,S,D,2024-10-22,1000000.00,3.973681,99.724609375
08:00:30,91282CLQ2,TSRYS5906509,D,S,T,2024-10-22,2000000.00,3.951896,99.78515625
08:00:30,91282CLQ2,TSRYS5906509,D,S,T,2024-10-22,1000000.00,3.951896,99.78515625
08:00:30,91282CLQ2,TSRYS5906509,D,S,T,2024-10-22,1000000.00,3.951896,99.78515625
08:00:30,91282CLQ2,TSRYS5906509,D,S,T,2024-10-22,1000000.00,3.953301,99.78125
08:00:31,91282CLQ2,TSRYS5906509,D,S,T,2024-10-22,1000000.00,3.957516,99.76953125
08:00:31,91282CLQ2,TSRYS5906509,D,S,T,2024-10-22,1000000.00,3.956111,99.7734375
08:00:31,91282CLQ2,TSRYS5906509,D,S,T,2024-10-22,1000000.00,3.954706,99.77734375
08:00:31,91282CLQ2,TSRYS5906509,D,S,T,2024-10-22,1000000.00,3.956111,99.7734375
08:00:31,91282CLQ2,TSRYS5906509,D,S,T,2024-10-22,1000000.00,3.956111,99.7734375
08:00:31,91282CLQ2,TSRYS5906509,D,S,T,2024-10-22,1000000.00,3.956111,99.7734375
08:00:31,91282CLQ2,TSRYS5906509,D,S,T,2024-10-22,1000000.00,3.956111,99.7734375
08:00:31,91282CLQ2,TSRYS5906509,D,S,T,2024-10-22,1000000.00,3.957516,99.76953125
08:00:31,91282CLQ2,TSRYS5906509,D,S,T,2024-10-22,1000000.00,3.958922,99.765625
08:00:31,91282CLQ2,TSRYS5906509,D,S,T,2024-10-22,1000000.00,3.960327,99.76171875
08:00:31,91282CLQ2,TSRYS5906509,D,S,T,2024-10-22,1000000.00,3.960327,99.76171875
08:00:31,91282CLQ2,TSRYS5906509,D,S,T,2024-10-22,1000000.00,3.960327,99.76171875
08:00:31,91282CLQ2,TSRYS5906509,D,S,T,2024-10-22,1000000.00,3.960327,99.76171875
08:00:31,91282CLQ2,TSRYS5906509,D,S,T,2024-10-22,1000000.00,3.961733,99.7578125
08:00:31,91282CLQ2,TSRYS5906509,D,S,T,2024-10-22,1000000.00,3.961733,99.7578125
08:00:31,91282CLQ2,TSRYS5906509,D,S,T,2024-10-22,1000000.00,3.964544,99.75
08:00:31,91282CLQ2,TSRYS5906509,D,S,T,2024-10-22,1000000.00,3.964544,99.75
08:00:31,91282CLQ2,TSRYS5906509,D,S,T,2024-10-22,1000000.00,3.964544,99.75
08:00:31,91282CLQ2,TSRYS5906509,D,S,T,2024-10-22,1000000.00,3.965246,99.748046875
08:00:31,91282CLQ2,TSRYS5906509,D,S,T,2024-10-22,1000000.00,3.964544,99.75
08:00:31,91282CLQ2,TSRYS5906509,D,S,T,2024-10-22,2000000.00,3.964544,99.75
08:00:31,91282CLQ2,TSRYS5906509,D,S,T,2024-10-22,1000000.00,3.963138,99.75390625
08:00:31,91282CLQ2,TSRYS5906509,D,S,T,2024-10-22,1000000.00,3.963138,99.75390625
08:00:31,91282CLQ2,TSRYS5906509,D,S,T,2024-10-22,1000000.00,3.963138,99.75390625
08:00:31,91282CLQ2,TSRYS5906509,D,S,T,2024-10-22,2000000.00,3.963138,99.75390625
08:00:31,91282CLQ2,TSRYS5906509,D,S,T,2024-10-22,1000000.00,3.963138,99.75390625
08:00:31,91282CLQ2,TSRYS5906509,D,S,T,2024-10-22,1000000.00,3.963138,99.75390625
08:00:31,91282CLQ2,TSRYS5906509,D,S,T,2024-10-22,3000000.00,3.963138,99.75390625
08:00:31,91282CLQ2,TSRYS5906509,D,S,T,2024-10-22,1000000.00,3.963138,99.75390625
08:00:31,91282CLQ2,TSRYS5906509,D,S,T,2024-10-22,1000000.00,3.963138,99.75390625
08:00:31,91282CLQ2,TSRYS5906509,D,S,T,2024-10-22,1000000.00,3.964544,99.75
08:00:31,91282CLQ2,TSRYS5906509,D,S,T,2024-10-22,1000000.00,3.964544,99.75
08:00:31,91282CLQ2,TSRYS5906509,D,S,T,2024-10-22,1000000.00,3.964544,99.75
08:00:31,91282CLQ2,TSRYS5906509,D,S,T,2024-10-22,1000000.00,3.964544,99.75
08:00:31,91282CLQ2,TSRYS5906509,D,S,T,2024-10-22,1000000.00,3.964544,99.75
08:00:31,91282CLQ2,TSRYS5906509,D,S,T,2024-10-22,1000000.00,3.963138,99.75390625
08:00:31,91282CLQ2,TSRYS5906509,D,S,T,2024-10-22,1000000.00,3.963138,99.75390625
08:00:31,91282CLQ2,TSRYS5906509,D,S,T,2024-10-22,1000000.00,3.963138,99.75390625
08:00:31,91282CLQ2,TSRYS5906509,D,S,T,2024-10-22,1000000.00,3.963138,99.75390625
08:00:31,91282CLQ2,TSRYS5906509,D,S,T,2024-10-22,1000000.00,3.964544,99.75
08:00:31,91282CLQ2,TSRYS5906509,D,S,T,2024-10-22,1000000.00,3.964544,99.75
08:00:31,91282CLQ2,TSRYS5906509,D,S,T,2024-10-22,1000000.00,3.965949,99.74609375
08:00:31,91282CLQ2,TSRYS5906509,D,S,T,2024-10-22,2000000.00,3.965949,99.74609375
08:00:31,91282CLQ2,TSRYS5906509,D,S,T,2024-10-22,2000000.00,3.965949,99.74609375
08:00:31,91282CLQ2,TSRYS5906509,D,S,T,2024-10-22,1000000.00,3.964544,99.75
08:00:31,91282CLQ2,TSRYS5906509,D,S,T,2024-10-22,1000000.00,3.964544,99.75
08:00:31,91282CLQ2,TSRYS5906509,D,S,T,2024-10-22,1000000.00,3.965949,99.74609375
08:00:31,91282CLQ2,TSRYS5906509,D,S,T,2024-10-22,2000000.00,3.965949,99.74609375
08:00:31,91282CLQ2,TSRYS5906509,D,S,T,2024-10-22,1000000.00,3.965949,99.74609375
08:00:31,91282CLQ2,TSRYS5906509,D,S,T,2024-10-22,2000000.00,3.965949,99.74609375
08:00:31,91282CLQ2,TSRYS5906509,D,S,T,2024-10-22,2000000.00,3.965949,99.74609375
08:00:31,91282CLQ2,TSRYS5906509,D,S,T,2024-10-22,2000000.00,3.965949,99.74609375
08:00:31,91282CLQ2,TSRYS5906509,D,S,T,2024-10-22,2000000.00,3.965949,99.74609375
08:00:31,91282CLQ2,TSRYS5906509,D,S,T,2024-10-22,2000000.00,3.965949,99.74609375
08:00:31,91282CLQ2,TSRYS5906509,D,S,T,2024-10-22,1000000.00,3.965949,99.74609375
08:00:31,91282CLQ2,TSRYS5906509,D,S,T,2024-10-22,1000000.00,3.965949,99.74609375
08:00:31,91282CLQ2,TSRYS5906509,D,S,T,2024-10-22,1000000.00,3.965949,99.74609375
08:00:31,91282CLQ2,TSRYS5906509,D,S,T,2024-10-22,1000000.00,3.968761,99.73828125
08:00:31,91282CLQ2,TSRYS5906509,D,S,T,2024-10-22,1000000.00,3.967355,99.7421875
08:00:31,91282CLQ2,TSRYS5906509,D,S,T,2024-10-22,1000000.00,3.968761,99.73828125
08:00:31,91282CLQ2,TSRYS5906509,D,S,T,2024-10-22,1000000.00,3.968761,99.73828125
08:00:31,91282CLQ2,TSRYS5906509,D,S,T,2024-10-22,1000000.00,3.967355,99.7421875
08:00:31,91282CLQ2,TSRYS5906509,D,S,T,2024-10-22,1000000.00,3.967355,99.7421875
08:00:31,91282CLQ2,TSRYS5906509,D,S,T,2024-10-22,1000000.00,3.967355,99.7421875
08:00:31,91282CLQ2,TSRYS5906509,D,S,T,2024-10-22,1000000.00,3.967355,99.7421875
08:00:31,91282CLQ2,TSRYS5906509,D,S,T,2024-10-22,1000000.00,3.969464,99.736328125
08:00:31,91282CLQ2,TSRYS5906509,D,S,T,2024-10-22,1000000.00,3.968761,99.73828125
08:00:31,91282CLQ2,TSRYS5906509,D,S,T,2024-10-22,1000000.00,3.968761,99.73828125
08:00:31,91282CLQ2,TSRYS5906509,D,S,T,2024-10-22,1000000.00,3.968761,99.73828125
08:00:31,91282CLQ2,TSRYS5906509,D,S,T,2024-10-22,1000000.00,3.968761,99.73828125
08:00:31,91282CLQ2,TSRYS5906509,D,S,T,2024-10-22,1000000.00,3.968761,99.73828125
08:00:31,91282CLQ2,TSRYS5906509,D,S,T,2024-10-22,1000000.00,3.968761,99.73828125
08:00:31,91282CLQ2,TSRYS5906509,D,S,T,2024-10-22,6000000.00,3.970167,99.734375
08:00:31,91282CLQ2,TSRYS5906509,D,S,T,2024-10-22,1000000.00,3.968761,99.73828125
08:00:31,91282CLQ2,TSRYS5906509,D,S,T,2024-10-22,1000000.00,3.970167,99.734375
08:00:31,91282CLQ2,TSRYS5906509,D,S,T,2024-10-22,1000000.00,3.970167,99.734375
08:00:31,91282CLQ2,TSRYS5906509,D,S,T,2024-10-22,6000000.00,3.970167,99.734375
08:00:31,91282CLQ2,TSRYS5906509,D,S,T,2024-10-22,1000000.00,3.970167,99.734375
08:00:31,91282CLQ2,TSRYS5906509,D,S,T,2024-10-22,1000000.00,3.970167,99.734375
08:00:31,91282CLQ2,TSRYS5906509,D,S,T,2024-10-22,5000000.00,3.970167,99.734375
08:00:31,91282CLQ2,TSRYS5906509,D,S,T,2024-10-22,1000000.00,3.970167,99.734375
08:00:31,91282CLQ2,TSRYS5906509,D,S,T,2024-10-22,1000000.00,3.970167,99.734375
08:00:31,91282CLQ2,TSRYS5906509,D,S,T,2024-10-22,1000000.00,3.970167,99.734375
08:00:31,91282CLQ2,TSRYS5906509,D,S,T,2024-10-22,1000000.00,3.970167,99.734375
08:00:31,91282CLQ2,TSRYS5906509,D,S,T,2024-10-22,1000000.00,3.970167,99.734375
08:00:31,91282CLQ2,TSRYS5906509,D,S,T,2024-10-22,1000000.00,3.970167,99.734375
08:00:31,91282CLQ2,TSRYS5906509,D,S,T,2024-10-22,1000000.00,3.970167,99.734375
08:00:31,91282CLQ2,TSRYS5906509,D,S,T,2024-10-22,1000000.00,3.971572,99.73046875
08:00:31,91282CLQ2,TSRYS5906509,D,S,T,2024-10-22,1000000.00,3.971572,99.73046875
08:00:31,91282CLQ2,TSRYS5906509,D,S,T,2024-10-22,1000000.00,3.971572,99.73046875
08:00:31,91282CLQ2,TSRYS5906509,D,S,T,2024-10-22,1000000.00,3.970869,99.732421875
08:00:31,91282CLQ2,TSRYS5906509,D,S,T,2024-10-22,1000000.00,3.972978,99.7265625
08:00:31,91282CLQ2,TSRYS5906509,D,S,T,2024-10-22,1000000.00,3.972978,99.7265625
08:00:31,91282CLQ2,TSRYS5906509,D,S,T,2024-10-22,1000000.00,3.972978,99.7265625
08:00:31,91282CLQ2,TSRYS5906509,D,S,T,2024-10-22,1000000.00,3.972978,99.7265625
08:00:31,91282CLQ2,TSRYS5906509,D,S,T,2024-10-22,2000000.00,3.972978,99.7265625
08:00:31,91282CLQ2,TSRYS5906509,D,S,T,2024-10-22,1000000.00,3.972978,99.7265625
08:00:31,91282CLQ2,TSRYS5906509,D,S,T,2024-10-22,1000000.00,3.972978,99.7265625
08:00:31,91282CLQ2,TSRYS5906509,D,S,T,2024-10-22,1000000.00,3.971572,99.73046875
08:00:31,91282CLQ2,TSRYS5906509,D,S,T,2024-10-22,1000000.00,3.971572,99.73046875
08:00:31,91282CLQ2,TSRYS5906509,D,S,T,2024-10-22,1000000.00,3.971572,99.73046875
08:00:31,91282CLQ2,TSRYS5906509,D,S,T,2024-10-22,1000000.00,3.971572,99.73046875
08:00:31,91282CLQ2,TSRYS5906509,D,S,T,2024-10-22,1000000.00,3.971572,99.73046875
08:00:31,91282CLQ2,TSRYS5906509,D,S,T,2024-10-22,1000000.00,3.971572,99.73046875
08:00:31,91282CLQ2,TSRYS5906509,D,S,T,2024-10-22,1000000.00,3.971572,99.73046875
08:00:31,91282CLQ2,TSRYS5906509,D,S,T,2024-10-22,2000000.00,3.972275,99.728515625
08:00:31,91282CLQ2,TSRYS5906509,D,S,T,2024-10-22,1000000.00,3.972978,99.7265625
08:00:31,91282CLQ2,TSRYS5906509,D,S,T,2024-10-22,1000000.00,3.970167,99.734375
08:00:31,91282CLQ2,TSRYS5906509,D,S,T,2024-10-22,1000000.00,3.971572,99.73046875
08:00:31,91282CLQ2,TSRYS5906509,D,S,T,2024-10-22,1000000.00,3.974384,99.72265625
08:00:31,91282CLQ2,TSRYS5906509,D,S,T,2024-10-22,1000000.00,3.972978,99.7265625
08:00:31,91282CLQ2,TSRYS5906509,D,S,T,2024-10-22,1000000.00,3.971572,99.73046875
08:00:31,91282CLQ2,TSRYS5906509,D,S,T,2024-10-22,3000000.00,3.971572,99.73046875
08:00:31,91282CLQ2,TSRYS5906509,D,S,T,2024-10-22,1000000.00,3.971572,99.73046875
08:00:31,91282CLQ2,TSRYS5906509,D,S,T,2024-10-22,1000000.00,3.974384,99.72265625
08:00:31,91282CLQ2,TSRYS5906509,D,S,T,2024-10-22,1000000.00,3.974384,99.72265625
08:00:31,91282CLQ2,TSRYS5906509,D,S,T,2024-10-22,1000000.00,3.974384,99.72265625
08:00:31,91282CLQ2,TSRYS5906509,D,S,T,2024-10-22,1000000.00,3.975791,99.71875
08:00:31,91282CLQ2,TSRYS5906509,D,S,T,2024-10-22,1000000.00,3.975791,99.71875
08:00:31,91282CLQ2,TSRYS5906509,D,S,T,2024-10-22,1000000.00,3.975791,99.71875
08:00:31,91282CLQ2,TSRYS5906509,D,S,T,2024-10-22,1000000.00,3.977197,99.71484375
08:00:31,91282CLQ2,TSRYS5906509,D,S,T,2024-10-22,1000000.00,3.977197,99.71484375
08:00:31,91282CLQ2,TSRYS5906509,D,S,T,2024-10-22,1000000.00,3.977197,99.71484375
08:00:31,91282CLQ2,TSRYS5906509,D,S,T,2024-10-22,1000000.00,3.972978,99.7265625
08:00:31,91282CLQ2,TSRYS5906509,D,S,T,2024-10-22,1000000.00,3.972978,99.7265625
08:00:31,91282CLQ2,TSRYS5906509,D,S,T,2024-10-22,1000000.00,3.972978,99.7265625
08:00:31,91282CLQ2,TSRYS5906509,D,S,T,2024-10-22,1000000.00,3.972978,99.7265625
08:00:31,91282CLQ2,TSRYS5906509,D,S,T,2024-10-22,1000000.00,3.972978,99.7265625
08:00:31,91282CLQ2,TSRYS5906509,D,S,T,2024-10-22,1000000.00,3.972978,99.7265625
08:00:31,91282CLQ2,TSRYS5906509,D,S,T,2024-10-22,2000000.00,3.972978,99.7265625
08:00:31,91282CLQ2,TSRYS5906509,D,S,T,2024-10-22,1000000.00,3.972978,99.7265625
08:00:31,91282CLQ2,TSRYS5906509,D,S,T,2024-10-22,1000000.00,3.971572,99.73046875
08:00:31,91282CLQ2,TSRYS5906509,D,S,T,2024-10-22,2000000.00,3.970167,99.734375
08:00:31,91282CLQ2,TSRYS5906509,D,S,T,2024-10-22,2000000.00,3.970167,99.734375
08:00:31,91282CLQ2,TSRYS5906509,D,S,T,2024-10-22,2000000.00,3.970167,99.734375
08:00:31,91282CLQ2,TSRYS5906509,D,S,T,2024-10-22,1000000.00,3.965949,99.74609375
08:00:31,91282CLQ2,TSRYS5906509,D,S,T,2024-10-22,2000000.00,3.967355,99.7421875
08:00:31,91282CLQ2,TSRYS5906509,D,S,T,2024-10-22,1000000.00,3.967355,99.7421875
08:00:31,91282CLQ2,TSRYS5906509,D,S,T,2024-10-22,1000000.00,3.967355,99.7421875
08:00:31,91282CLQ2,TSRYS5906509,D,S,T,2024-10-22,2000000.00,3.968761,99.73828125
08:00:31,91282CLQ2,TSRYS5906509,D,S,T,2024-10-22,1000000.00,3.968761,99.73828125
08:00:31,91282CLQ2,TSRYS5906509,D,S,T,2024-10-22,1000000.00,3.968761,99.73828125
08:00:31,91282CLQ2,TSRYS5906509,D,S,T,2024-10-22,7000000.00,3.968761,99.73828125
08:00:31,91282CLQ2,TSRYS5906509,D,S,T,2024-10-22,2000000.00,3.970167,99.734375
08:00:31,91282CLQ2,TSRYS5906509,D,S,T,2024-10-22,1000000.00,3.970167,99.734375
08:00:31,91282CLQ2,TSRYS5906509,D,S,T,2024-10-22,7000000.00,3.970167,99.734375
08:00:31,91282CLQ2,TSRYS5906509,D,S,T,2024-10-22,1000000.00,3.970167,99.734375
08:00:31,91282CLQ2,TSRYS5906509,D,S,T,2024-10-22,1000000.00,3.970167,99.734375
08:00:31,91282CLQ2,TSRYS5906509,D,S,T,2024-10-22,1000000.00,3.970167,99.734375
08:00:31,91282CLQ2,TSRYS5906509,D,S,T,2024-10-22,1000000.00,3.970167,99.734375
08:00:31,91282CLQ2,TSRYS5906509,D,S,T,2024-10-22,1000000.00,3.971572,99.73046875
08:00:31,91282CLQ2,TSRYS5906509,D,S,T,2024-10-22,1000000.00,3.971572,99.73046875
08:00:31,91282CLQ2,TSRYS5906509,D,S,T,2024-10-22,1000000.00,3.971572,99.73046875
08:00:31,91282CLQ2,TSRYS5906509,D,S,T,2024-10-22,1000000.00,3.971572,99.73046875
08:00:31,91282CLQ2,TSRYS5906509,D,S,T,2024-10-22,1000000.00,3.971572,99.73046875
08:00:31,91282CLQ2,TSRYS5906509,D,S,T,2024-10-22,1000000.00,3.971572,99.73046875
08:00:31,91282CLQ2,TSRYS5906509,D,S,T,2024-10-22,2000000.00,3.970869,99.732421875
08:00:31,91282CLQ2,TSRYS5906509,D,S,T,2024-10-22,2000000.00,3.968058,99.740234375
08:00:32,91282CLQ2,TSRYS5906509,D,S,T,2024-10-22,1000000.00,3.970167,99.734375
08:00:32,91282CLQ2,TSRYS5906509,D,S,T,2024-10-22,1000000.00,3.970167,99.734375
08:00:32,91282CLQ2,TSRYS5906509,D,S,T,2024-10-22,1000000.00,3.970167,99.734375
08:00:32,91282CLQ2,TSRYS5906509,D,S,T,2024-10-22,1000000.00,3.970167,99.734375
08:00:32,91282CLQ2,TSRYS5906509,D,S,T,2024-10-22,1000000.00,3.970167,99.734375
08:00:32,91282CLQ2,TSRYS5906509,D,S,T,2024-10-22,1000000.00,3.970167,99.734375
08:00:32,91282CLQ2,TSRYS5906509,D,S,T,2024-10-22,1000000.00,3.968761,99.73828125
08:00:32,91282CLQ2,TSRYS5906509,D,S,T,2024-10-22,1000000.00,3.974384,99.72265625
08:00:32,91282CLQ2,TSRYS5906509,D,S,T,2024-10-22,1000000.00,3.974384,99.72265625
08:00:32,91282CLQ2,TSRYS5906509,D,S,T,2024-10-22,1000000.00,3.974384,99.72265625
08:00:32,91282CLQ2,TSRYS5906509,D,S,T,2024-10-22,1000000.00,3.974384,99.72265625
08:00:32,91282CLQ2,TSRYS5906509,D,S,T,2024-10-22,1000000.00,3.975791,99.71875
08:00:32,91282CLQ2,TSRYS5906509,D,S,T,2024-10-22,1000000.00,3.972978,99.7265625
08:00:32,91282CLQ2,TSRYS5906509,D,S,T,2024-10-22,1000000.00,3.972978,99.7265625
08:00:32,91282CLQ2,TSRYS5906509,D,S,T,2024-10-22,1000000.00,3.970167,99.734375
08:00:32,91282CLQ2,TSRYS5906509,D,S,T,2024-10-22,1000000.00,3.970167,99.734375
08:00:32,91282CLQ2,TSRYS5906509,D,S,T,2024-10-22,1000000.00,3.970167,99.734375
08:00:32,91282CLQ2,TSRYS5906509,D,S,T,2024-10-22,1000000.00,3.970167,99.734375
08:00:32,91282CLQ2,TSRYS5906509,D,S,T,2024-10-22,1000000.00,3.970167,99.734375
08:00:32,91282CLQ2,TSRYS5906509,D,S,T,2024-10-22,2000000.00,3.968761,99.73828125
08:00:32,91282CLQ2,TSRYS5906509,D,S,T,2024-10-22,1000000.00,3.971572,99.73046875
08:00:32,91282CLQ2,TSRYS5906509,D,S,T,2024-10-22,1000000.00,3.971572,99.73046875
08:00:32,91282CLQ2,TSRYS5906509,D,S,T,2024-10-22,1000000.00,3.970167,99.734375
08:00:32,91282CLQ2,TSRYS5906509,D,B,C,2024-10-22,1000000.00,3.973681,99.724609375
08:00:32,91282CLQ2,TSRYS5906509,D,S,D,2024-10-22,1000000.00,3.973681,99.724609375
08:00:32,91282CLQ2,TSRYS5906509,D,S,D,2024-10-22,1000000.00,3.975791,99.71875
08:00:32,91282CLQ2,TSRYS5906509,D,S,T,2024-10-22,1000000.00,3.970167,99.734375
08:00:32,91282CLQ2,TSRYS5906509,D,S,T,2024-10-22,1000000.00,3.970167,99.734375
08:00:32,91282CLQ2,TSRYS5906509,D,S,T,2024-10-22,1000000.00,3.970167,99.734375
08:00:32,91282CLQ2,TSRYS5906509,D,S,T,2024-10-22,1000000.00,3.974384,99.72265625
08:00:32,91282CLQ2,TSRYS5906509,D,S,T,2024-10-22,1000000.00,3.972978,99.7265625
08:00:32,91282CLQ2,TSRYS5906509,D,S,T,2024-10-22,1000000.00,3.972978,99.7265625
08:00:32,91282CLQ2,TSRYS5906509,D,S,T,2024-10-22,1000000.00,3.972978,99.7265625
08:00:32,91282CLQ2,TSRYS5906509,D,S,T,2024-10-22,1000000.00,3.972978,99.7265625
08:00:32,91282CLQ2,TSRYS5906509,D,S,T,2024-10-22,1000000.00,3.975791,99.71875
08:00:32,91282CLQ2,TSRYS5906509,D,S,T,2024-10-22,1000000.00,3.975791,99.71875
08:00:32,91282CLQ2,TSRYS5906509,D,S,T,2024-10-22,1000000.00,3.975791,99.71875
08:00:32,91282CLQ2,TSRYS5906509,D,S,T,2024-10-22,1000000.00,3.975791,99.71875
08:00:32,91282CLQ2,TSRYS5906509,D,S,T,2024-10-22,1000000.00,3.975791,99.71875
08:00:32,91282CLQ2,TSRYS5906509,D,S,T,2024-10-22,1000000.00,3.975791,99.71875
08:00:32,91282CLQ2,TSRYS5906509,D,S,T,2024-10-22,1000000.00,3.975791,99.71875
08:00:32,91282CLQ2,TSRYS5906509,D,S,T,2024-10-22,1000000.00,3.975791,99.71875
08:00:32,91282CLQ2,TSRYS5906509,D,S,T,2024-10-22,1000000.00,3.975791,99.71875
08:00:32,91282CLQ2,TSRYS5906509,D,S,T,2024-10-22,1000000.00,3.975791,99.71875
08:00:32,91282CLQ2,TSRYS5906509,D,S,T,2024-10-22,1000000.00,3.975791,99.71875
08:00:32,91282CLQ2,TSRYS5906509,D,S,T,2024-10-22,1000000.00,3.975791,99.71875
08:00:32,91282CLQ2,TSRYS5906509,D,S,T,2024-10-22,1000000.00,3.977197,99.71484375
08:00:32,91282CLQ2,TSRYS5906509,D,S,T,2024-10-22,1000000.00,3.977197,99.71484375
08:00:32,91282CLQ2,TSRYS5906509,D,S,T,2024-10-22,1000000.00,3.977197,99.71484375
08:00:32,91282CLQ2,TSRYS5906509,D,S,T,2024-10-22,1000000.00,3.977197,99.71484375
08:00:32,91282CLQ2,TSRYS5906509,D,S,T,2024-10-22,1000000.00,3.977197,99.71484375
08:00:32,91282CLQ2,TSRYS5906509,D,S,T,2024-10-22,1000000.00,3.977197,99.71484375
08:00:32,91282CLQ2,TSRYS5906509,D,S,T,2024-10-22,1000000.00,3.977197,99.71484375
08:00:32,91282CLQ2,TSRYS5906509,D,S,T,2024-10-22,1000000.00,3.977197,99.71484375
08:00:32,91282CLQ2,TSRYS5906509,D,S,T,2024-10-22,1000000.00,3.977197,99.71484375
08:00:32,91282CLQ2,TSRYS5906509,D,S,T,2024-10-22,1000000.00,3.977197,99.71484375
08:00:32,91282CLQ2,TSRYS5906509,D,S,T,2024-10-22,1000000.00,3.977197,99.71484375
08:00:32,91282CLQ2,TSRYS5906509,D,S,T,2024-10-22,1000000.00,3.977197,99.71484375
08:00:32,91282CLQ2,TSRYS5906509,D,S,T,2024-10-22,1000000.00,3.977197,99.71484375
08:00:32,91282CLQ2,TSRYS5906509,D,S,T,2024-10-22,1000000.00,3.977197,99.71484375
08:00:32,91282CLQ2,TSRYS5906509,D,S,T,2024-10-22,1000000.00,3.977197,99.71484375
08:00:32,91282CLQ2,TSRYS5906509,D,S,T,2024-10-22,1000000.00,3.977197,99.71484375
08:00:32,91282CLQ2,TSRYS5906509,D,S,T,2024-10-22,1000000.00,3.977197,99.71484375
08:00:32,91282CLQ2,TSRYS5906509,D,S,T,2024-10-22,1000000.00,3.977197,99.71484375
08:00:32,91282CLQ2,TSRYS5906509,D,S,T,2024-10-22,2000000.00,3.977197,99.71484375
08:00:32,91282CLQ2,TSRYS5906509,D,S,T,2024-10-22,2000000.00,3.977197,99.71484375
08:00:32,91282CLQ2,TSRYS5906509,D,S,T,2024-10-22,1000000.00,3.975791,99.71875
08:00:32,91282CLQ2,TSRYS5906509,D,S,T,2024-10-22,1000000.00,3.975791,99.71875
08:00:32,91282CLQ2,TSRYS5906509,D,S,T,2024-10-22,4000000.00,3.975791,99.71875
08:00:32,91282CLQ2,TSRYS5906509,D,S,T,2024-10-22,1000000.00,3.975791,99.71875
08:00:32,91282CLQ2,TSRYS5906509,D,S,T,2024-10-22,1000000.00,3.975791,99.71875
08:00:32,91282CLQ2,TSRYS5906509,D,S,T,2024-10-22,1000000.00,3.975791,99.71875
08:00:32,91282CLQ2,TSRYS5906509,D,S,T,2024-10-22,1000000.00,3.975791,99.71875
08:00:32,91282CLQ2,TSRYS5906509,D,S,T,2024-10-22,1000000.00,3.975791,99.71875
08:00:32,91282CLQ2,TSRYS5906509,D,S,T,2024-10-22,1000000.00,3.975791,99.71875
08:00:32,91282CLQ2,TSRYS5906509,D,S,T,2024-10-22,1000000.00,3.975791,99.71875
08:00:32,91282CLQ2,TSRYS5906509,D,S,T,2024-10-22,1000000.00,3.974384,99.72265625
08:00:32,91282CLQ2,TSRYS5906509,D,S,T,2024-10-22,1000000.00,3.975791,99.71875
08:00:32,91282CLQ2,TSRYS5906509,D,S,T,2024-10-22,1000000.00,3.975791,99.71875
08:00:32,91282CLQ2,TSRYS5906509,D,S,T,2024-10-22,1000000.00,3.975791,99.71875
08:00:32,91282CLQ2,TSRYS5906509,D,S,T,2024-10-22,2000000.00,3.975791,99.71875
08:00:32,91282CLQ2,TSRYS5906509,D,S,T,2024-10-22,1000000.00,3.975791,99.71875
08:00:32,91282CLQ2,TSRYS5906509,D,S,T,2024-10-22,1000000.00,3.975791,99.71875
08:00:32,91282CLQ2,TSRYS5906509,D,S,T,2024-10-22,1000000.00,3.974384,99.72265625
08:00:32,91282CLQ2,TSRYS5906509,D,S,T,2024-10-22,1000000.00,3.977197,99.71484375
08:00:32,91282CLQ2,TSRYS5906509,D,S,T,2024-10-22,1000000.00,3.977197,99.71484375
08:00:32,91282CLQ2,TSRYS5906509,D,S,T,2024-10-22,1000000.00,3.977197,99.71484375
08:00:32,91282CLQ2,TSRYS5906509,D,S,T,2024-10-22,1000000.00,3.977197,99.71484375
08:00:32,91282CLQ2,TSRYS5906509,D,S,T,2024-10-22,1000000.00,3.977197,99.71484375
08:00:32,91282CLQ2,TSRYS5906509,D,S,T,2024-10-22,1000000.00,3.977197,99.71484375
08:00:32,91282CLQ2,TSRYS5906509,D,S,T,2024-10-22,1000000.00,3.977197,99.71484375
08:00:32,91282CLQ2,TSRYS5906509,D,S,T,2024-10-22,1000000.00,3.977197,99.71484375
08:00:32,91282CLQ2,TSRYS5906509,D,S,T,2024-10-22,1000000.00,3.977197,99.71484375
08:00:32,91282CLQ2,TSRYS5906509,D,S,T,2024-10-22,1000000.00,3.977197,99.71484375
08:00:32,91282CLQ2,TSRYS5906509,D,S,T,2024-10-22,1000000.00,3.977197,99.71484375
08:00:32,91282CLQ2,TSRYS5906509,D,S,T,2024-10-22,1000000.00,3.977197,99.71484375
08:00:32,91282CLQ2,TSRYS5906509,D,S,T,2024-10-22,1000000.00,3.977197,99.71484375
08:00:32,91282CLQ2,TSRYS5906509,D,S,T,2024-10-22,1000000.00,3.977197,99.71484375
08:00:32,91282CLQ2,TSRYS5906509,D,S,T,2024-10-22,1000000.00,3.977197,99.71484375
08:00:32,91282CLQ2,TSRYS5906509,D,S,T,2024-10-22,1000000.00,3.977197,99.71484375
08:00:32,91282CLQ2,TSRYS5906509,D,S,T,2024-10-22,1000000.00,3.977197,99.71484375
08:00:32,91282CLQ2,TSRYS5906509,D,S,T,2024-10-22,1000000.00,3.977197,99.71484375
08:00:32,91282CLQ2,TSRYS5906509,D,S,T,2024-10-22,1000000.00,3.977197,99.71484375
08:00:32,91282CLQ2,TSRYS5906509,D,S,T,2024-10-22,1000000.00,3.977197,99.71484375
08:00:32,91282CLQ2,TSRYS5906509,D,S,T,2024-10-22,1000000.00,3.977197,99.71484375
08:00:32,91282CLQ2,TSRYS5906509,D,S,T,2024-10-22,1000000.00,3.977197,99.71484375
08:00:32,91282CLQ2,TSRYS5906509,D,S,T,2024-10-22,1000000.00,3.977197,99.71484375
08:00:32,91282CLQ2,TSRYS5906509,D,S,T,2024-10-22,1000000.00,3.978603,99.7109375
08:00:32,91282CLQ2,TSRYS5906509,D,S,T,2024-10-22,1000000.00,3.978603,99.7109375
08:00:32,91282CLQ2,TSRYS5906509,D,S,T,2024-10-22,1000000.00,3.978603,99.7109375
08:00:32,91282CLQ2,TSRYS5906509,D,S,T,2024-10-22,1000000.00,3.978603,99.7109375
08:00:32,91282CLQ2,TSRYS5906509,D,S,T,2024-10-22,1000000.00,3.978603,99.7109375
08:00:32,91282CLQ2,TSRYS5906509,D,S,T,2024-10-22,1000000.00,3.978603,99.7109375
08:00:32,91282CLQ2,TSRYS5906509,D,S,T,2024-10-22,1000000.00,3.978603,99.7109375
08:00:32,91282CLQ2,TSRYS5906509,D,S,T,2024-10-22,1000000.00,3.978603,99.7109375
08:00:32,91282CLQ2,TSRYS5906509,D,S,T,2024-10-22,1000000.00,3.978603,99.7109375
08:00:32,91282CLQ2,TSRYS5906509,D,S,T,2024-10-22,1000000.00,3.978603,99.7109375
08:00:32,91282CLQ2,TSRYS5906509,D,S,T,2024-10-22,1000000.00,3.978603,99.7109375
08:00:32,91282CLQ2,TSRYS5906509,D,S,T,2024-10-22,1000000.00,3.978603,99.7109375
08:00:32,91282CLQ2,TSRYS5906509,D,S,T,2024-10-22,1000000.00,3.978603,99.7109375
08:00:32,91282CLQ2,TSRYS5906509,D,S,T,2024-10-22,1000000.00,3.978603,99.7109375
08:00:32,91282CLQ2,TSRYS5906509,D,S,T,2024-10-22,1000000.00,3.978603,99.7109375
08:00:32,91282CLQ2,TSRYS5906509,D,S,T,2024-10-22,1000000.00,3.978603,99.7109375
08:00:32,91282CLQ2,TSRYS5906509,D,S,T,2024-10-22,1000000.00,3.978603,99.7109375
08:00:32,91282CLQ2,TSRYS5906509,D,S,T,2024-10-22,1000000.00,3.978603,99.7109375
08:00:32,91282CLQ2,TSRYS5906509,D,S,T,2024-10-22,1000000.00,3.978603,99.7109375
08:00:32,91282CLQ2,TSRYS5906509,D,S,T,2024-10-22,1000000.00,3.978603,99.7109375
08:00:32,91282CLQ2,TSRYS5906509,D,S,T,2024-10-22,1000000.00,3.978603,99.7109375
08:00:32,91282CLQ2,TSRYS5906509,D,S,T,2024-10-22,1000000.00,3.980009,99.70703125
08:00:32,91282CLQ2,TSRYS5906509,D,S,T,2024-10-22,1000000.00,3.980009,99.70703125
08:00:32,91282CLQ2,TSRYS5906509,D,S,T,2024-10-22,1000000.00,3.980009,99.70703125
08:00:32,91282CLQ2,TSRYS5906509,D,S,T,2024-10-22,1000000.00,3.980009,99.70703125
08:00:32,91282CLQ2,TSRYS5906509,D,S,T,2024-10-22,1000000.00,3.978603,99.7109375
08:00:32,91282CLQ2,TSRYS5906509,D,S,T,2024-10-22,1000000.00,3.977197,99.71484375
08:00:32,91282CLQ2,TSRYS5906509,D,S,T,2024-10-22,1000000.00,3.978603,99.7109375
08:00:32,91282CLQ2,TSRYS5906509,D,S,T,2024-10-22,2000000.00,3.978603,99.7109375
08:00:32,91282CLQ2,TSRYS5906509,D,S,T,2024-10-22,2000000.00,3.978603,99.7109375
08:00:32,91282CLQ2,TSRYS5906509,D,S,T,2024-10-22,1000000.00,3.978603,99.7109375
08:00:32,91282CLQ2,TSRYS5906509,D,S,T,2024-10-22,1000000.00,3.977197,99.71484375
08:00:32,91282CLQ2,TSRYS5906509,D,S,T,2024-10-22,1000000.00,3.975791,99.71875
08:00:32,91282CLQ2,TSRYS5906509,D,S,T,2024-10-22,1000000.00,3.977197,99.71484375
08:00:32,91282CLQ2,TSRYS5906509,D,S,T,2024-10-22,2000000.00,3.974384,99.72265625
08:00:32,91282CLQ2,TSRYS5906509,D,S,T,2024-10-22,2000000.00,3.972978,99.7265625
08:00:32,91282CLQ2,TSRYS5906509,D,S,T,2024-10-22,1000000.00,3.972978,99.7265625
08:00:32,91282CLQ2,TSRYS5906509,D,S,T,2024-10-22,1000000.00,3.972978,99.7265625
08:00:32,91282CLQ2,TSRYS5906509,D,S,T,2024-10-22,1000000.00,3.972978,99.7265625
08:00:32,91282CLQ2,TSRYS5906509,D,S,T,2024-10-22,1000000.00,3.972978,99.7265625
08:00:32,91282CLQ2,TSRYS5906509,D,S,T,2024-10-22,1000000.00,3.972978,99.7265625
08:00:32,91282CLQ2,TSRYS5906509,D,S,T,2024-10-22,1000000.00,3.971572,99.73046875
08:00:32,91282CLQ2,TSRYS5906509,D,S,T,2024-10-22,1000000.00,3.971572,99.73046875
08:00:32,91282CLQ2,TSRYS5906509,D,S,T,2024-10-22,1000000.00,3.971572,99.73046875
08:00:32,91282CLQ2,TSRYS5906509,D,S,T,2024-10-22,1000000.00,3.971572,99.73046875
08:00:32,91282CLQ2,TSRYS5906509,D,S,T,2024-10-22,1000000.00,3.971572,99.73046875
08:00:32,91282CLQ2,TSRYS5906509,D,S,T,2024-10-22,1000000.00,3.971572,99.73046875
08:00:32,91282CLQ2,TSRYS5906509,D,S,T,2024-10-22,1000000.00,3.972978,99.7265625
08:00:32,91282CLQ2,TSRYS5906509,D,S,T,2024-10-22,1000000.00,3.972978,99.7265625
08:00:32,91282CLQ2,TSRYS5906509,D,S,T,2024-10-22,1000000.00,3.971572,99.73046875
08:00:32,91282CLQ2,TSRYS5906509,D,S,T,2024-10-22,2000000.00,3.970167,99.734375
08:00:32,91282CLQ2,TSRYS5906509,D,S,T,2024-10-22,1000000.00,3.970167,99.734375
08:00:32,91282CLQ2,TSRYS5906509,D,S,T,2024-10-22,1000000.00,3.970167,99.734375
08:00:32,91282CLQ2,TSRYS5906509,D,S,T,2024-10-22,3000000.00,3.970167,99.734375
08:00:32,91282CLQ2,TSRYS5906509,D,S,T,2024-10-22,1000000.00,3.970167,99.734375
08:00:32,91282CLQ2,TSRYS5906509,D,S,T,2024-10-22,1000000.00,3.970167,99.734375
08:00:32,91282CLQ2,TSRYS5906509,D,S,T,2024-10-22,1000000.00,3.970167,99.734375
08:00:32,91282CLQ2,TSRYS5906509,D,S,T,2024-10-22,1000000.00,3.970167,99.734375
08:00:32,91282CLQ2,TSRYS5906509,D,S,T,2024-10-22,1000000.00,3.970167,99.734375
08:00:32,91282CLQ2,TSRYS5906509,D,S,T,2024-10-22,1000000.00,3.970167,99.734375
08:00:32,91282CLQ2,TSRYS5906509,D,S,T,2024-10-22,1000000.00,3.970167,99.734375
08:00:32,91282CLQ2,TSRYS5906509,D,S,T,2024-10-22,2000000.00,3.970869,99.732421875
08:00:32,91282CLQ2,TSRYS5906509,D,S,T,2024-10-22,1000000.00,3.971572,99.73046875
08:00:32,91282CLQ2,TSRYS5906509,D,S,T,2024-10-22,1000000.00,3.972978,99.7265625
08:00:32,91282CLQ2,TSRYS5906509,D,S,T,2024-10-22,1000000.00,3.972978,99.7265625
08:00:32,91282CLQ2,TSRYS5906509,D,S,T,2024-10-22,2000000.00,3.972275,99.728515625
08:00:32,91282CLQ2,TSRYS5906509,D,S,T,2024-10-22,2000000.00,3.971572,99.73046875
08:00:32,91282CLQ2,TSRYS5906509,D,S,T,2024-10-22,1000000.00,3.971572,99.73046875
08:00:32,91282CLQ2,TSRYS5906509,D,S,T,2024-10-22,1000000.00,3.971572,99.73046875
08:00:32,91282CLQ2,TSRYS5906509,D,S,T,2024-10-22,1000000.00,3.971572,99.73046875
08:00:32,91282CLQ2,TSRYS5906509,D,S,T,2024-10-22,2000000.00,3.971572,99.73046875
08:00:32,91282CLQ2,TSRYS5906509,D,S,T,2024-10-22,2000000.00,3.971572,99.73046875
08:00:32,91282CLQ2,TSRYS5906509,D,S,T,2024-10-22,1000000.00,3.971572,99.73046875
08:00:32,91282CLQ2,TSRYS5906509,D,S,T,2024-10-22,2000000.00,3.971572,99.73046875
08:00:32,91282CLQ2,TSRYS5906509,D,S,T,2024-10-22,1000000.00,3.971572,99.73046875
08:00:32,91282CLQ2,TSRYS5906509,D,S,T,2024-10-22,1000000.00,3.971572,99.73046875
08:00:32,91282CLQ2,TSRYS5906509,D,S,T,2024-10-22,1000000.00,3.971572,99.73046875
08:00:32,91282CLQ2,TSRYS5906509,D,S,T,2024-10-22,1000000.00,3.971572,99.73046875
08:00:32,91282CLQ2,TSRYS5906509,D,S,T,2024-10-22,1000000.00,3.971572,99.73046875
08:00:32,91282CLQ2,TSRYS5906509,D,S,T,2024-10-22,2000000.00,3.971572,99.73046875
08:00:32,91282CLQ2,TSRYS5906509,D,S,T,2024-10-22,1000000.00,3.971572,99.73046875
08:00:32,91282CLQ2,TSRYS5906509,D,S,T,2024-10-22,1000000.00,3.971572,99.73046875
08:00:32,91282CLQ2,TSRYS5906509,D,S,T,2024-10-22,2000000.00,3.971572,99.73046875
08:00:32,91282CLQ2,TSRYS5906509,D,S,T,2024-10-22,1000000.00,3.971572,99.73046875
08:00:32,91282CLQ2,TSRYS5906509,D,S,T,2024-10-22,1000000.00,3.971572,99.73046875
08:00:32,91282CLQ2,TSRYS5906509,D,S,T,2024-10-22,1000000.00,3.971572,99.73046875
08:00:32,91282CLQ2,TSRYS5906509,D,S,T,2024-10-22,1000000.00,3.971572,99.73046875
08:00:32,91282CLQ2,TSRYS5906509,D,S,T,2024-10-22,1000000.00,3.971572,99.73046875
08:00:32,91282CLQ2,TSRYS5906509,D,S,T,2024-10-22,1000000.00,3.971572,99.73046875
08:00:32,91282CLQ2,TSRYS5906509,D,S,T,2024-10-22,1000000.00,3.971572,99.73046875
08:00:32,91282CLQ2,TSRYS5906509,D,S,T,2024-10-22,1000000.00,3.971572,99.73046875
08:00:32,91282CLQ2,TSRYS5906509,D,S,T,2024-10-22,1000000.00,3.971572,99.73046875
08:00:32,91282CLQ2,TSRYS5906509,D,S,T,2024-10-22,1000000.00,3.971572,99.73046875
08:00:32,91282CLQ2,TSRYS5906509,D,S,T,2024-10-22,1000000.00,3.971572,99.73046875
08:00:32,91282CLQ2,TSRYS5906509,D,S,T,2024-10-22,1000000.00,3.971572,99.73046875
08:00:32,91282CLQ2,TSRYS5906509,D,S,T,2024-10-22,1000000.00,3.971572,99.73046875
08:00:32,91282CLQ2,TSRYS5906509,D,S,T,2024-10-22,1000000.00,3.971572,99.73046875
08:00:32,91282CLQ2,TSRYS5906509,D,S,T,2024-10-22,2000000.00,3.971572,99.73046875
08:00:32,91282CLQ2,TSRYS5906509,D,S,T,2024-10-22,1000000.00,3.971572,99.73046875
08:00:32,91282CLQ2,TSRYS5906509,D,S,T,2024-10-22,1000000.00,3.971572,99.73046875
08:00:32,91282CLQ2,TSRYS5906509,D,S,T,2024-10-22,1000000.00,3.971572,99.73046875
08:00:32,91282CLQ2,TSRYS5906509,D,S,T,2024-10-22,1000000.00,3.971572,99.73046875
08:00:32,91282CLQ2,TSRYS5906509,D,S,T,2024-10-22,1000000.00,3.972978,99.7265625
08:00:32,91282CLQ2,TSRYS5906509,D,S,T,2024-10-22,1000000.00,3.974384,99.72265625
08:00:32,91282CLQ2,TSRYS5906509,D,S,T,2024-10-22,1000000.00,3.974384,99.72265625
08:00:32,91282CLQ2,TSRYS5906509,D,S,T,2024-10-22,1000000.00,3.974384,99.72265625
08:00:32,91282CLQ2,TSRYS5906509,D,S,T,2024-10-22,1000000.00,3.974384,99.72265625
08:00:32,91282CLQ2,TSRYS5906509,D,S,T,2024-10-22,1000000.00,3.975791,99.71875
08:00:32,91282CLQ2,TSRYS5906509,D,S,T,2024-10-22,1000000.00,3.975791,99.71875
08:00:32,91282CLQ2,TSRYS5906509,D,S,T,2024-10-22,1000000.00,3.975791,99.71875
08:00:32,91282CLQ2,TSRYS5906509,D,S,T,2024-10-22,1000000.00,3.975791,99.71875
08:00:32,91282CLQ2,TSRYS5906509,D,S,T,2024-10-22,1000000.00,3.974384,99.72265625
08:00:32,91282CLQ2,TSRYS5906509,D,S,T,2024-10-22,2000000.00,3.972978,99.7265625
08:00:32,91282CLQ2,TSRYS5906509,D,S,T,2024-10-22,1000000.00,3.974384,99.72265625
08:00:32,91282CLQ2,TSRYS5906509,D,S,T,2024-10-22,1000000.00,3.975791,99.71875
08:00:32,91282CLQ2,TSRYS5906509,D,S,T,2024-10-22,1000000.00,3.975791,99.71875
08:00:32,91282CLQ2,TSRYS5906509,D,S,T,2024-10-22,1000000.00,3.975791,99.71875
08:00:32,91282CLQ2,TSRYS5906509,D,S,T,2024-10-22,1000000.00,3.975791,99.71875
08:00:32,91282CLQ2,TSRYS5906509,D,S,T,2024-10-22,1000000.00,3.973681,99.724609375
08:00:32,91282CLQ2,TSRYS5906509,D,S,T,2024-10-22,1000000.00,3.972978,99.7265625
08:00:32,91282CLQ2,TSRYS5906509,D,S,T,2024-10-22,1000000.00,3.972978,99.7265625
08:00:32,91282CLQ2,TSRYS5906509,D,S,T,2024-10-22,1000000.00,3.972978,99.7265625
08:00:32,91282CLQ2,TSRYS5906509,D,S,T,2024-10-22,1000000.00,3.974384,99.72265625
08:00:32,91282CLQ2,TSRYS5906509,D,S,T,2024-10-22,1000000.00,3.974384,99.72265625
08:00:32,91282CLQ2,TSRYS5906509,D,S,T,2024-10-22,1000000.00,3.975791,99.71875
08:00:32,91282CLQ2,TSRYS5906509,D,S,T,2024-10-22,1000000.00,3.975791,99.71875
08:00:32,91282CLQ2,TSRYS5906509,D,S,T,2024-10-22,1000000.00,3.975791,99.71875
08:00:32,91282CLQ2,TSRYS5906509,D,S,T,2024-10-22,1000000.00,3.975791,99.71875
08:00:32,91282CLQ2,TSRYS5906509,D,S,T,2024-10-22,1000000.00,3.975791,99.71875
08:00:32,91282CLQ2,TSRYS5906509,D,S,T,2024-10-22,1000000.00,3.975791,99.71875
08:00:32,91282CLQ2,TSRYS5906509,D,S,T,2024-10-22,1000000.00,3.974384,99.72265625
08:00:32,91282CLQ2,TSRYS5906509,D,S,T,2024-10-22,1000000.00,3.974384,99.72265625
08:00:32,91282CLQ2,TSRYS5906509,D,S,T,2024-10-22,1000000.00,3.974384,99.72265625
08:00:32,91282CLQ2,TSRYS5906509,D,S,T,2024-10-22,1000000.00,3.974384,99.72265625
08:00:32,91282CLQ2,TSRYS5906509,D,S,T,2024-10-22,1000000.00,3.972978,99.7265625
08:00:32,91282CLQ2,TSRYS5906509,D,S,T,2024-10-22,3000000.00,3.971572,99.73046875
08:00:32,91282CLQ2,TSRYS5906509,D,S,T,2024-10-22,1000000.00,3.971572,99.73046875
08:00:32,91282CLQ2,TSRYS5906509,D,S,T,2024-10-22,2000000.00,3.971572,99.73046875
08:00:32,91282CLQ2,TSRYS5906509,D,S,T,2024-10-22,4000000.00,3.971572,99.73046875
08:00:32,91282CLQ2,TSRYS5906509,D,S,T,2024-10-22,1000000.00,3.971572,99.73046875
08:00:32,91282CLQ2,TSRYS5906509,D,S,T,2024-10-22,1000000.00,3.970167,99.734375
08:00:32,91282CLQ2,TSRYS5906509,D,S,T,2024-10-22,1000000.00,3.971572,99.73046875
08:00:32,91282CLQ2,TSRYS5906509,D,S,T,2024-10-22,1000000.00,3.972978,99.7265625
08:00:32,91282CLQ2,TSRYS5906509,D,S,T,2024-10-22,1000000.00,3.972978,99.7265625
08:00:32,91282CLQ2,TSRYS5906509,D,S,T,2024-10-22,1000000.00,3.972978,99.7265625
08:00:32,91282CLQ2,TSRYS5906509,D,S,T,2024-10-22,1000000.00,3.971572,99.73046875
08:00:32,91282CLQ2,TSRYS5906509,D,S,T,2024-10-22,1000000.00,3.971572,99.73046875
08:00:32,91282CLQ2,TSRYS5906509,D,S,T,2024-10-22,1000000.00,3.971572,99.73046875
08:00:32,91282CLQ2,TSRYS5906509,D,S,T,2024-10-22,1000000.00,3.971572,99.73046875
08:00:32,91282CLQ2,TSRYS5906509,D,S,T,2024-10-22,1000000.00,3.975791,99.71875
08:00:32,91282CLQ2,TSRYS5906509,D,S,T,2024-10-22,1000000.00,3.972978,99.7265625
08:00:32,91282CLQ2,TSRYS5906509,D,S,T,2024-10-22,1000000.00,3.971572,99.73046875
08:00:32,91282CLQ2,TSRYS5906509,D,S,T,2024-10-22,1000000.00,3.971572,99.73046875
08:00:32,91282CLQ2,TSRYS5906509,D,S,T,2024-10-22,2000000.00,3.971572,99.73046875
08:00:32,91282CLQ2,TSRYS5906509,D,S,T,2024-10-22,1000000.00,3.971572,99.73046875
08:00:32,91282CLQ2,TSRYS5906509,D,S,T,2024-10-22,1000000.00,3.971572,99.73046875
08:00:32,91282CLQ2,TSRYS5906509,D,S,T,2024-10-22,1000000.00,3.972978,99.7265625
08:00:32,91282CLQ2,TSRYS5906509,D,S,T,2024-10-22,1000000.00,3.972978,99.7265625
08:00:32,91282CLQ2,TSRYS5906509,D,S,T,2024-10-22,3000000.00,3.972978,99.7265625
08:00:32,91282CLQ2,TSRYS5906509,D,S,T,2024-10-22,1000000.00,3.971572,99.73046875
08:00:32,91282CLQ2,TSRYS5906509,D,S,T,2024-10-22,1000000.00,3.970167,99.734375
08:00:32,91282CLQ2,TSRYS5906509,D,S,T,2024-10-22,1000000.00,3.970167,99.734375
08:00:32,91282CLQ2,TSRYS5906509,D,S,T,2024-10-22,1000000.00,3.970167,99.734375
08:00:32,91282CLQ2,TSRYS5906509,D,S,T,2024-10-22,1000000.00,3.970167,99.734375
08:00:32,91282CLQ2,TSRYS5906509,D,S,T,2024-10-22,1000000.00,3.974384,99.72265625
08:00:32,91282CLQ2,TSRYS5906509,D,S,T,2024-10-22,1000000.00,3.972978,99.7265625
08:00:32,91282CLQ2,TSRYS5906509,D,S,T,2024-10-22,1000000.00,3.972978,99.7265625
08:00:32,91282CLQ2,TSRYS5906509,D,S,T,2024-10-22,1000000.00,3.972978,99.7265625
08:00:32,91282CLQ2,TSRYS5906509,D,S,T,2024-10-22,2000000.00,3.972978,99.7265625
08:00:32,91282CLQ2,TSRYS5906509,D,S,T,2024-10-22,1000000.00,3.972978,99.7265625
08:00:32,91282CLQ2,TSRYS5906509,D,S,T,2024-10-22,1000000.00,3.972978,99.7265625
08:00:32,91282CLQ2,TSRYS5906509,D,S,T,2024-10-22,1000000.00,3.972978,99.7265625
08:00:32,91282CLQ2,TSRYS5906509,D,S,T,2024-10-22,1000000.00,3.970167,99.734375
08:00:32,91282CLQ2,TSRYS5906509,D,S,T,2024-10-22,1000000.00,3.971572,99.73046875
08:00:32,91282CLQ2,TSRYS5906509,D,S,T,2024-10-22,1000000.00,3.971572,99.73046875
08:00:32,91282CLQ2,TSRYS5906509,D,S,T,2024-10-22,2000000.00,3.971572,99.73046875
08:00:32,91282CLQ2,TSRYS5906509,D,S,T,2024-10-22,1000000.00,3.971572,99.73046875
08:00:32,91282CLQ2,TSRYS5906509,D,S,T,2024-10-22,1000000.00,3.971572,99.73046875
08:00:32,91282CLQ2,TSRYS5906509,D,S,D,2024-10-22,1000000.00,3.965246,99.748046875
08:00:32,91282CLQ2,TSRYS5906509,D,S,T,2024-10-22,1000000.00,3.972978,99.7265625
08:00:32,91282CLQ2,TSRYS5906509,D,S,T,2024-10-22,1000000.00,3.972978,99.7265625
08:00:32,91282CLQ2,TSRYS5906509,D,S,T,2024-10-22,1000000.00,3.968761,99.73828125
08:00:32,91282CLQ2,TSRYS5906509,D,S,T,2024-10-22,1000000.00,3.968761,99.73828125
08:00:32,91282CLQ2,TSRYS5906509,D,S,T,2024-10-22,1000000.00,3.968761,99.73828125
08:00:32,91282CLQ2,TSRYS5906509,D,S,T,2024-10-22,1000000.00,3.970167,99.734375
08:00:32,91282CLQ2,TSRYS5906509,D,S,T,2024-10-22,1000000.00,3.971572,99.73046875
08:00:32,91282CLQ2,TSRYS5906509,D,S,T,2024-10-22,1000000.00,3.972978,99.7265625
08:00:32,91282CLQ2,TSRYS5906509,D,S,T,2024-10-22,1000000.00,3.971572,99.73046875
08:00:32,91282CLQ2,TSRYS5906509,D,S,T,2024-10-22,1000000.00,3.970167,99.734375
08:00:32,91282CLQ2,TSRYS5906509,D,S,T,2024-10-22,1000000.00,3.970167,99.734375
08:00:32,91282CLQ2,TSRYS5906509,D,S,T,2024-10-22,1000000.00,3.970167,99.734375
08:00:32,91282CLQ2,TSRYS5906509,D,S,D,2024-10-22,1000000.00,3.967355,99.7421875
08:00:32,91282CLQ2,TSRYS5906509,D,S,D,2024-10-22,1000000.00,3.966652,99.744140625
08:00:32,91282CLQ2,TSRYS5906509,D,S,D,2024-10-22,1000000.00,3.965949,99.74609375
08:00:32,91282CLQ2,TSRYS5906509,D,S,D,2024-10-22,1000000.00,3.946276,99.80078125
08:00:32,91282CLQ2,TSRYS5906509,D,S,D,2024-10-22,2000000.00,3.960327,99.76171875
08:00:32,91282CLQ2,TSRYS5906509,D,S,D,2024-10-22,1000000.00,3.960327,99.76171875
08:00:32,91282CLQ2,TSRYS5906509,D,S,T,2024-10-22,1000000.00,3.968761,99.73828125
08:00:32,91282CLQ2,TSRYS5906509,D,S,T,2024-10-22,1000000.00,3.967355,99.7421875
08:00:32,91282CLQ2,TSRYS5906509,D,S,T,2024-10-22,1000000.00,3.967355,99.7421875
08:00:32,91282CLQ2,TSRYS5906509,D,S,T,2024-10-22,1000000.00,3.968761,99.73828125
08:00:32,91282CLQ2,TSRYS5906509,D,S,T,2024-10-22,1000000.00,3.971572,99.73046875
08:00:32,91282CLQ2,TSRYS5906509,D,S,T,2024-10-22,1000000.00,3.971572,99.73046875
08:00:32,91282CLQ2,TSRYS5906509,D,S,T,2024-10-22,1000000.00,3.972275,99.728515625
08:00:32,91282CLQ2,TSRYS5906509,D,S,T,2024-10-22,1000000.00,3.972275,99.728515625
08:00:32,91282CLQ2,TSRYS5906509,D,S,T,2024-10-22,1000000.00,3.972978,99.7265625
08:00:32,91282CLQ2,TSRYS5906509,D,S,D,2024-10-22,1000000.00,3.972978,99.7265625
08:00:32,91282CLQ2,TSRYS5906509,D,S,D,2024-10-22,1000000.00,3.975791,99.71875
08:00:32,91282CLQ2,TSRYS5906509,D,S,T,2024-10-22,1000000.00,3.972978,99.7265625
08:00:32,91282CLQ2,TSRYS5906509,D,S,D,2024-10-22,1000000.00,3.970869,99.732421875
08:00:32,91282CLQ2,TSRYS5906509,D,S,D,2024-10-22,1000000.00,3.974384,99.72265625
08:00:32,91282CLQ2,TSRYS5906509,D,S,D,2024-10-22,1000000.00,3.981416,99.703125
08:00:32,91282CLQ2,TSRYS5906509,D,S,D,2024-10-22,1000000.00,3.977197,99.71484375
08:00:32,91282CLQ2,TSRYS5906509,D,S,T,2024-10-22,1000000.00,3.974384,99.72265625
08:00:32,91282CLQ2,TSRYS5906509,D,S,T,2024-10-22,1000000.00,3.972978,99.7265625
08:00:32,91282CLQ2,TSRYS5906509,D,S,T,2024-10-22,1000000.00,3.974384,99.72265625
08:00:32,91282CLQ2,TSRYS5906509,D,S,T,2024-10-22,1000000.00,3.974384,99.72265625
08:00:32,91282CLQ2,TSRYS5906509,D,S,T,2024-10-22,1000000.00,3.974384,99.72265625
08:00:32,91282CLQ2,TSRYS5906509,D,S,T,2024-10-22,1000000.00,3.975791,99.71875
08:00:32,91282CLQ2,TSRYS5906509,D,S,T,2024-10-22,1000000.00,3.974384,99.72265625
08:00:32,91282CLQ2,TSRYS5906509,D,S,T,2024-10-22,1000000.00,3.974384,99.72265625
08:00:32,91282CLQ2,TSRYS5906509,D,S,T,2024-10-22,1000000.00,3.974384,99.72265625
08:00:32,91282CLQ2,TSRYS5906509,D,S,T,2024-10-22,1000000.00,3.974384,99.72265625
08:00:32,91282CLQ2,TSRYS5906509,D,S,T,2024-10-22,1000000.00,3.974384,99.72265625
08:00:32,91282CLQ2,TSRYS5906509,D,S,T,2024-10-22,1000000.00,3.974384,99.72265625
08:00:32,91282CLQ2,TSRYS5906509,D,S,T,2024-10-22,1000000.00,3.974384,99.72265625
08:00:32,91282CLQ2,TSRYS5906509,D,S,T,2024-10-22,1000000.00,3.974384,99.72265625
08:00:32,91282CLQ2,TSRYS5906509,D,S,T,2024-10-22,1000000.00,3.974384,99.72265625
08:00:32,91282CLQ2,TSRYS5906509,D,S,T,2024-10-22,1000000.00,3.974384,99.72265625
08:00:32,91282CLQ2,TSRYS5906509,D,S,T,2024-10-22,1000000.00,3.974384,99.72265625
08:00:32,91282CLQ2,TSRYS5906509,D,S,T,2024-10-22,1000000.00,3.972978,99.7265625
08:00:32,91282CLQ2,TSRYS5906509,D,S,T,2024-10-22,2000000.00,3.972978,99.7265625
08:00:32,91282CLQ2,TSRYS5906509,D,S,T,2024-10-22,1000000.00,3.972978,99.7265625
08:00:32,91282CLQ2,TSRYS5906509,D,S,T,2024-10-22,1000000.00,3.972978,99.7265625
08:00:32,91282CLQ2,TSRYS5906509,D,S,T,2024-10-22,1000000.00,3.972978,99.7265625
08:00:32,91282CLQ2,TSRYS5906509,D,S,T,2024-10-22,1000000.00,3.973681,99.724609375
08:00:32,91282CLQ2,TSRYS5906509,D,S,T,2024-10-22,1000000.00,3.974384,99.72265625
08:00:32,91282CLQ2,TSRYS5906509,D,S,T,2024-10-22,1000000.00,3.971572,99.73046875
08:00:32,91282CLQ2,TSRYS5906509,D,S,T,2024-10-22,1000000.00,3.971572,99.73046875
08:00:32,91282CLQ2,TSRYS5906509,D,S,T,2024-10-22,1000000.00,3.970167,99.734375
08:00:32,91282CLQ2,TSRYS5906509,D,S,T,2024-10-22,1000000.00,3.970167,99.734375
08:00:32,91282CLQ2,TSRYS5906509,D,S,T,2024-10-22,1000000.00,3.970167,99.734375
08:00:32,91282CLQ2,TSRYS5906509,D,S,T,2024-10-22,2000000.00,3.970167,99.734375
08:00:32,91282CLQ2,TSRYS5906509,D,S,T,2024-10-22,1000000.00,3.970167,99.734375
08:00:32,91282CLQ2,TSRYS5906509,D,S,T,2024-10-22,1000000.00,3.972978,99.7265625
08:00:32,91282CLQ2,TSRYS5906509,D,S,T,2024-10-22,2000000.00,3.973681,99.724609375
08:00:32,91282CLQ2,TSRYS5906509,D,S,T,2024-10-22,1000000.00,3.972978,99.7265625
08:00:32,91282CLQ2,TSRYS5906509,D,S,T,2024-10-22,1000000.00,3.972978,99.7265625
08:00:32,91282CLQ2,TSRYS5906509,D,S,T,2024-10-22,1000000.00,3.974384,99.72265625
08:00:32,91282CLQ2,TSRYS5906509,D,S,T,2024-10-22,1000000.00,3.972978,99.7265625
08:00:33,91282CLQ2,TSRYS5906509,D,S,T,2024-10-22,1000000.00,3.974384,99.72265625
08:00:33,91282CLQ2,TSRYS5906509,D,S,T,2024-10-22,1000000.00,3.975791,99.71875
08:00:33,91282CLQ2,TSRYS5906509,D,S,T,2024-10-22,1000000.00,3.981416,99.703125
08:00:33,91282CLQ2,TSRYS5906509,D,S,T,2024-10-22,1000000.00,3.981416,99.703125
08:00:33,91282CLQ2,TSRYS5906509,D,S,T,2024-10-22,1000000.00,3.981416,99.703125
08:00:33,91282CLQ2,TSRYS5906509,D,S,T,2024-10-22,2000000.00,3.981416,99.703125
08:00:33,91282CLQ2,TSRYS5906509,D,S,T,2024-10-22,1000000.00,3.980009,99.70703125
08:00:33,91282CLQ2,TSRYS5906509,D,S,T,2024-10-22,1000000.00,3.980009,99.70703125
08:00:33,91282CLQ2,TSRYS5906509,D,S,T,2024-10-22,1000000.00,3.980009,99.70703125
08:00:33,91282CLQ2,TSRYS5906509,D,S,T,2024-10-22,1000000.00,3.977197,99.71484375
08:00:33,91282CLQ2,TSRYS5906509,D,S,T,2024-10-22,2000000.00,3.977197,99.71484375
08:00:33,91282CLQ2,TSRYS5906509,D,S,T,2024-10-22,2000000.00,3.977197,99.71484375
08:00:33,91282CLQ2,TSRYS5906509,D,S,T,2024-10-22,1000000.00,3.977197,99.71484375
08:00:33,91282CLQ2,TSRYS5906509,D,S,T,2024-10-22,1000000.00,3.977197,99.71484375
08:00:33,91282CLQ2,TSRYS5906509,D,S,T,2024-10-22,1000000.00,3.977197,99.71484375
08:00:33,91282CLQ2,TSRYS5906509,D,S,T,2024-10-22,1000000.00,3.977197,99.71484375
08:00:33,91282CLQ2,TSRYS5906509,D,S,T,2024-10-22,1000000.00,3.975791,99.71875
08:00:33,91282CLQ2,TSRYS5906509,D,S,T,2024-10-22,1000000.00,3.977197,99.71484375
08:00:33,91282CLQ2,TSRYS5906509,D,S,T,2024-10-22,1000000.00,3.977197,99.71484375
08:00:33,91282CLQ2,TSRYS5906509,D,S,T,2024-10-22,2000000.00,3.977197,99.71484375
08:00:33,91282CLQ2,TSRYS5906509,D,S,T,2024-10-22,1000000.00,3.977197,99.71484375
08:00:33,91282CLQ2,TSRYS5906509,D,S,T,2024-10-22,1000000.00,3.977197,99.71484375
08:00:33,91282CLQ2,TSRYS5906509,D,S,T,2024-10-22,1000000.00,3.975791,99.71875
08:00:33,91282CLQ2,TSRYS5906509,D,S,T,2024-10-22,1000000.00,3.977197,99.71484375
08:00:33,91282CLQ2,TSRYS5906509,D,S,T,2024-10-22,1000000.00,3.977197,99.71484375
08:00:33,91282CLQ2,TSRYS5906509,D,S,T,2024-10-22,1000000.00,3.978603,99.7109375
08:00:33,91282CLQ2,TSRYS5906509,D,S,T,2024-10-22,1000000.00,3.978603,99.7109375
08:00:33,91282CLQ2,TSRYS5906509,D,S,T,2024-10-22,1000000.00,3.978603,99.7109375
08:00:33,91282CLQ2,TSRYS5906509,D,S,T,2024-10-22,1000000.00,3.978603,99.7109375
08:00:33,91282CLQ2,TSRYS5906509,D,S,T,2024-10-22,1000000.00,3.975791,99.71875
08:00:33,91282CLQ2,TSRYS5906509,D,S,T,2024-10-22,1000000.00,3.975791,99.71875
08:00:33,91282CLQ2,TSRYS5906509,D,S,T,2024-10-22,1000000.00,3.977197,99.71484375
08:00:33,91282CLQ2,TSRYS5906509,D,S,T,2024-10-22,1000000.00,3.977197,99.71484375
08:00:33,91282CLQ2,TSRYS5906509,D,S,T,2024-10-22,1000000.00,3.977197,99.71484375
08:00:33,91282CLQ2,TSRYS5906509,D,S,T,2024-10-22,1000000.00,3.977197,99.71484375
08:00:33,91282CLQ2,TSRYS5906509,D,S,T,2024-10-22,1000000.00,3.977197,99.71484375
08:00:33,91282CLQ2,TSRYS5906509,D,S,T,2024-10-22,1000000.00,3.977197,99.71484375
08:00:33,91282CLQ2,TSRYS5906509,D,S,T,2024-10-22,1000000.00,3.977197,99.71484375
08:00:33,91282CLQ2,TSRYS5906509,D,S,T,2024-10-22,1000000.00,3.977197,99.71484375
08:00:33,91282CLQ2,TSRYS5906509,D,S,T,2024-10-22,1000000.00,3.977197,99.71484375
08:00:33,91282CLQ2,TSRYS5906509,D,S,T,2024-10-22,1000000.00,3.977197,99.71484375
08:00:33,91282CLQ2,TSRYS5906509,D,S,T,2024-10-22,2000000.00,3.977197,99.71484375
08:00:33,91282CLQ2,TSRYS5906509,D,S,T,2024-10-22,1000000.00,3.977197,99.71484375
08:00:33,91282CLQ2,TSRYS5906509,D,S,T,2024-10-22,1000000.00,3.977197,99.71484375
08:00:33,91282CLQ2,TSRYS5906509,D,S,T,2024-10-22,1000000.00,3.977197,99.71484375
08:00:33,91282CLQ2,TSRYS5906509,D,S,T,2024-10-22,1000000.00,3.977197,99.71484375
08:00:33,91282CLQ2,TSRYS5906509,D,S,D,2024-10-22,1000000.00,3.953301,99.78125
08:00:33,91282CLQ2,TSRYS5906509,D,S,D,2024-10-22,1000000.00,3.949086,99.79296875
08:00:33,91282CLQ2,TSRYS5906509,D,S,D,2024-10-22,1000000.00,3.949086,99.79296875
08:00:33,91282CLQ2,TSRYS5906509,D,S,D,2024-10-22,2000000.00,3.96103,99.759765625
08:00:33,91282CLQ2,TSRYS5906509,D,S,D,2024-10-22,1000000.00,3.969464,99.736328125
08:00:33,91282CLQ2,TSRYS5906509,D,S,D,2024-10-22,1000000.00,3.970167,99.734375
08:00:33,91282CLQ2,TSRYS5906509,D,S,D,2024-10-22,1000000.00,3.969464,99.736328125
08:00:33,91282CLQ2,TSRYS5906509,D,S,D,2024-10-22,1000000.00,3.969464,99.736328125
08:00:33,91282CLQ2,TSRYS5906509,D,S,D,2024-10-22,2000000.00,3.969464,99.736328125
08:00:33,91282CLQ2,TSRYS5906509,D,S,D,2024-10-22,1000000.00,3.969464,99.736328125
08:00:33,91282CLQ2,TSRYS5906509,D,S,D,2024-10-22,1000000.00,3.971572,99.73046875
08:00:33,91282CLQ2,TSRYS5906509,D,S,D,2024-10-22,1000000.00,3.971572,99.73046875
08:00:33,91282CLQ2,TSRYS5906509,D,S,D,2024-10-22,1000000.00,3.973681,99.724609375
08:00:33,91282CLQ2,TSRYS5906509,D,S,D,2024-10-22,2000000.00,3.969464,99.736328125
08:00:33,91282CLQ2,TSRYS5906509,D,S,D,2024-10-22,1000000.00,3.970167,99.734375
08:00:33,91282CLQ2,TSRYS5906509,D,S,D,2024-10-22,1000000.00,3.970167,99.734375
08:00:33,91282CLQ2,TSRYS5906509,D,S,D,2024-10-22,1000000.00,3.970167,99.734375
08:00:33,91282CLQ2,TSRYS5906509,D,S,D,2024-10-22,1000000.00,3.970167,99.734375
08:00:33,91282CLQ2,TSRYS5906509,D,S,D,2024-10-22,1000000.00,3.970167,99.734375
08:00:33,91282CLQ2,TSRYS5906509,D,S,D,2024-10-22,1000000.00,3.970167,99.734375
08:00:33,91282CLQ2,TSRYS5906509,D,S,D,2024-10-22,1000000.00,3.975791,99.71875
08:00:33,91282CLQ2,TSRYS5906509,D,S,D,2024-10-22,1000000.00,3.975791,99.71875
08:00:33,91282CLQ2,TSRYS5906509,D,S,D,2024-10-22,1000000.00,3.952598,99.783203125
08:00:33,91282CLQ2,TSRYS5906509,D,S,D,2024-10-22,1000000.00,3.952598,99.783203125
08:00:33,91282CLQ2,TSRYS5906509,D,S,D,2024-10-22,1000000.00,3.952598,99.783203125
08:00:33,91282CLQ2,TSRYS5906509,D,S,D,2024-10-22,2000000.00,3.952598,99.783203125
08:00:33,91282CLQ2,TSRYS5906509,D,S,D,2024-10-22,2000000.00,3.977197,99.71484375
08:00:33,91282CLQ2,TSRYS5906509,D,S,D,2024-10-22,1000000.00,3.978603,99.7109375
08:00:33,91282CLQ2,TSRYS5906509,D,S,D,2024-10-22,1000000.00,3.978603,99.7109375
08:00:33,91282CLQ2,TSRYS5906509,D,S,D,2024-10-22,1000000.00,3.969464,99.736328125
08:00:33,91282CLQ2,TSRYS5906509,D,S,D,2024-10-22,1000000.00,3.969464,99.736328125
08:00:33,91282CLQ2,TSRYS5906509,D,S,D,2024-10-22,1000000.00,3.969464,99.736328125
08:00:33,91282CLQ2,TSRYS5906509,D,S,D,2024-10-22,1000000.00,3.969464,99.736328125
08:00:33,91282CLQ2,TSRYS5906509,D,S,D,2024-10-22,1000000.00,3.969464,99.736328125
08:00:33,91282CLQ2,TSRYS5906509,D,S,D,2024-10-22,1000000.00,3.969464,99.736328125
08:00:33,91282CLQ2,TSRYS5906509,D,S,D,2024-10-22,1000000.00,3.969464,99.736328125
08:00:33,91282CLQ2,TSRYS5906509,D,S,D,2024-10-22,2000000.00,3.969464,99.736328125
08:00:33,91282CLQ2,TSRYS5906509,D,S,D,2024-10-22,1000000.00,3.972978,99.7265625
08:00:33,91282CLQ2,TSRYS5906509,D,S,D,2024-10-22,1000000.00,3.972275,99.728515625
08:00:33,91282CLQ2,TSRYS5906509,D,S,D,2024-10-22,1000000.00,3.972275,99.728515625
08:00:33,91282CLQ2,TSRYS5906509,D,S,D,2024-10-22,2000000.00,3.971572,99.73046875
08:00:33,91282CLQ2,TSRYS5906509,D,S,D,2024-10-22,2000000.00,3.970167,99.734375
08:00:33,91282CLQ2,TSRYS5906509,D,S,D,2024-10-22,1000000.00,3.970167,99.734375
08:00:33,91282CLQ2,TSRYS5906509,D,S,D,2024-10-22,1000000.00,3.970167,99.734375
08:00:33,91282CLQ2,TSRYS5906509,D,S,D,2024-10-22,1000000.00,3.970167,99.734375
08:00:33,91282CLQ2,TSRYS5906509,D,S,D,2024-10-22,1000000.00,3.970167,99.734375
08:00:33,91282CLQ2,TSRYS5906509,D,S,D,2024-10-22,1000000.00,3.970167,99.734375
08:00:33,91282CLQ2,TSRYS5906509,D,S,D,2024-10-22,1000000.00,3.970167,99.734375
08:00:33,91282CLQ2,TSRYS5906509,D,S,D,2024-10-22,1000000.00,3.972978,99.7265625
08:00:33,91282CLQ2,TSRYS5906509,D,S,D,2024-10-22,2000000.00,3.978603,99.7109375
08:00:33,91282CLQ2,TSRYS5906509,D,S,D,2024-10-22,1000000.00,3.975087,99.720703125
08:00:33,91282CLQ2,TSRYS5906509,D,S,D,2024-10-22,1000000.00,3.975087,99.720703125
08:00:33,91282CLQ2,TSRYS5906509,D,S,D,2024-10-22,1000000.00,3.975791,99.71875
08:00:33,91282CLQ2,TSRYS5906509,D,S,D,2024-10-22,1000000.00,3.975791,99.71875
08:00:33,91282CLQ2,TSRYS5906509,D,S,D,2024-10-22,1000000.00,3.975791,99.71875
08:00:33,91282CLQ2,TSRYS5906509,D,S,D,2024-10-22,1000000.00,3.975791,99.71875
08:00:33,91282CLQ2,TSRYS5906509,D,S,D,2024-10-22,2000000.00,3.977197,99.71484375
08:00:33,91282CLQ2,TSRYS5906509,D,S,D,2024-10-22,2000000.00,3.977197,99.71484375
08:00:33,91282CLQ2,TSRYS5906509,D,S,D,2024-10-22,2000000.00,3.979306,99.708984375
08:00:33,91282CLQ2,TSRYS5906509,D,S,T,2024-10-22,2000000.00,3.952598,99.783203125
08:00:33,91282CLQ2,TSRYS5906509,D,S,T,2024-10-22,4000000.00,3.952598,99.783203125
08:00:33,91282CLQ2,TSRYS5906509,D,S,T,2024-10-22,1000000.00,3.953301,99.78125
08:00:33,91282CLQ2,TSRYS5906509,D,S,T,2024-10-22,1000000.00,3.953301,99.78125
08:00:33,91282CLQ2,TSRYS5906509,D,S,T,2024-10-22,1000000.00,3.953301,99.78125
08:00:33,91282CLQ2,TSRYS5906509,D,S,T,2024-10-22,1000000.00,3.953301,99.78125
08:00:33,91282CLQ2,TSRYS5906509,D,S,T,2024-10-22,1000000.00,3.953301,99.78125
08:00:33,91282CLQ2,TSRYS5906509,D,S,T,2024-10-22,1000000.00,3.952598,99.783203125
08:00:33,91282CLQ2,TSRYS5906509,D,S,T,2024-10-22,1000000.00,3.952598,99.783203125
08:00:33,91282CLQ2,TSRYS5906509,D,S,T,2024-10-22,1000000.00,3.952598,99.783203125
08:00:33,91282CLQ2,TSRYS5906509,D,S,T,2024-10-22,1000000.00,3.949086,99.79296875
08:00:33,91282CLQ2,TSRYS5906509,D,S,T,2024-10-22,1000000.00,3.949086,99.79296875
08:00:33,91282CLQ2,TSRYS5906509,D,S,T,2024-10-22,1000000.00,3.949086,99.79296875
08:00:33,91282CLQ2,TSRYS5906509,D,S,T,2024-10-22,2000000.00,3.949086,99.79296875
08:00:33,91282CLQ2,TSRYS5906509,D,S,T,2024-10-22,2000000.00,3.950491,99.7890625
08:00:33,91282CLQ2,TSRYS5906509,D,S,D,2024-10-22,1000000.00,3.976494,99.716796875
08:00:33,91282CLQ2,TSRYS5906509,D,S,T,2024-10-22,2000000.00,3.950491,99.7890625
08:00:33,91282CLQ2,TSRYS5906509,D,S,T,2024-10-22,2000000.00,3.951193,99.787109375
08:00:33,91282CLQ2,TSRYS5906509,D,S,T,2024-10-22,1000000.00,3.951896,99.78515625
08:00:33,91282CLQ2,TSRYS5906509,D,S,T,2024-10-22,1000000.00,3.951896,99.78515625
08:00:33,91282CLQ2,TSRYS5906509,D,S,T,2024-10-22,1000000.00,3.944872,99.8046875
08:00:33,91282CLQ2,TSRYS5906509,D,S,T,2024-10-22,1000000.00,3.944872,99.8046875
08:00:33,91282CLQ2,TSRYS5906509,D,S,T,2024-10-22,1000000.00,3.957516,99.76953125
08:00:33,91282CLQ2,TSRYS5906509,D,S,T,2024-10-22,1000000.00,3.964544,99.75
08:00:33,91282CLQ2,TSRYS5906509,D,S,T,2024-10-22,1000000.00,3.965949,99.74609375
08:00:33,91282CLQ2,TSRYS5906509,D,S,T,2024-10-22,1000000.00,3.972275,99.728515625
08:00:33,91282CLQ2,TSRYS5906509,D,S,T,2024-10-22,1000000.00,3.972275,99.728515625
08:00:33,91282CLQ2,TSRYS5906509,D,S,T,2024-10-22,1000000.00,3.972978,99.7265625
08:00:33,91282CLQ2,TSRYS5906509,D,S,T,2024-10-22,1000000.00,3.974384,99.72265625
08:00:33,91282CLQ2,TSRYS5906509,D,S,T,2024-10-22,1000000.00,3.976494,99.716796875
08:00:33,91282CLQ2,TSRYS5906509,D,S,T,2024-10-22,1000000.00,3.972978,99.7265625
08:00:33,91282CLQ2,TSRYS5906509,D,S,T,2024-10-22,1000000.00,3.968058,99.740234375
08:00:33,91282CLQ2,TSRYS5906509,D,S,T,2024-10-22,1000000.00,3.968058,99.740234375
08:00:33,91282CLQ2,TSRYS5906509,D,S,T,2024-10-22,1000000.00,3.965949,99.74609375
08:00:33,91282CLQ2,TSRYS5906509,D,S,T,2024-10-22,1000000.00,3.970869,99.732421875
08:00:33,91282CLQ2,TSRYS5906509,D,S,T,2024-10-22,1000000.00,3.970167,99.734375
08:00:33,91282CLQ2,TSRYS5906509,D,S,T,2024-10-22,1000000.00,3.970167,99.734375
08:00:33,91282CLQ2,TSRYS5906509,D,S,T,2024-10-22,1000000.00,3.972978,99.7265625
08:00:33,91282CLQ2,TSRYS5906509,D,S,T,2024-10-22,1000000.00,3.972978,99.7265625
08:00:33,91282CLQ2,TSRYS5906509,D,S,T,2024-10-22,1000000.00,3.975791,99.71875
08:00:33,91282CLQ2,TSRYS5906509,D,S,T,2024-10-22,1000000.00,3.975791,99.71875
08:00:33,91282CLQ2,TSRYS5906509,D,S,T,2024-10-22,1000000.00,3.975791,99.71875
08:00:33,91282CLQ2,TSRYS5906509,D,S,T,2024-10-22,1000000.00,3.975791,99.71875
08:00:33,91282CLQ2,TSRYS5906509,D,S,T,2024-10-22,1000000.00,3.975791,99.71875
08:00:33,91282CLQ2,TSRYS5906509,D,S,T,2024-10-22,1000000.00,3.9779,99.712890625
08:00:33,91282CLQ2,TSRYS5906509,D,S,T,2024-10-22,1000000.00,3.976494,99.716796875
08:00:33,91282CLQ2,TSRYS5906509,D,S,T,2024-10-22,1000000.00,3.980009,99.70703125
08:00:33,91282CLQ2,TSRYS5906509,D,S,T,2024-10-22,1000000.00,3.977197,99.71484375
08:00:33,91282CLQ2,TSRYS5906509,D,S,T,2024-10-22,1000000.00,3.978603,99.7109375
08:00:33,91282CLQ2,TSRYS5906509,D,S,T,2024-10-22,1000000.00,3.974384,99.72265625
08:00:33,91282CLQ2,TSRYS5906509,D,S,T,2024-10-22,2000000.00,3.973681,99.724609375
08:00:33,91282CLQ2,TSRYS5906509,D,S,T,2024-10-22,2000000.00,3.973681,99.724609375
08:00:33,91282CLQ2,TSRYS5906509,D,S,T,2024-10-22,2000000.00,3.970869,99.732421875
08:00:33,91282CLQ2,TSRYS5906509,D,S,T,2024-10-22,1000000.00,3.970869,99.732421875
08:00:33,91282CLQ2,TSRYS5906509,D,S,T,2024-10-22,1000000.00,3.969464,99.736328125
08:00:33,91282CLQ2,TSRYS5906509,D,S,T,2024-10-22,1000000.00,3.971572,99.73046875
08:00:33,91282CLQ2,TSRYS5906509,D,S,T,2024-10-22,1000000.00,3.974384,99.72265625
08:00:33,91282CLQ2,TSRYS5906509,D,S,T,2024-10-22,15000000.00,3.975791,99.71875
08:00:33,91282CLQ2,TSRYS5906509,D,S,T,2024-10-22,1000000.00,3.975087,99.720703125
08:00:33,91282CLQ2,TSRYS5906509,D,S,T,2024-10-22,2000000.00,3.969464,99.736328125
08:00:33,91282CLQ2,TSRYS5906509,D,S,T,2024-10-22,1000000.00,3.969464,99.736328125
08:00:33,91282CLQ2,TSRYS5906509,D,S,T,2024-10-22,1000000.00,3.969464,99.736328125
08:00:33,91282CLQ2,TSRYS5906509,D,S,T,2024-10-22,1000000.00,3.969464,99.736328125
08:00:33,91282CLQ2,TSRYS5906509,D,S,T,2024-10-22,1000000.00,3.969464,99.736328125
08:00:33,91282CLQ2,TSRYS5906509,D,S,T,2024-10-22,1000000.00,3.969464,99.736328125
08:00:33,91282CLQ2,TSRYS5906509,D,S,T,2024-10-22,1000000.00,3.969464,99.736328125
08:00:33,91282CLQ2,TSRYS5906509,D,S,T,2024-10-22,1000000.00,3.969464,99.736328125
08:00:33,91282CLQ2,TSRYS5906509,D,S,T,2024-10-22,1000000.00,3.969464,99.736328125
08:00:33,91282CLQ2,TSRYS5906509,D,S,T,2024-10-22,1000000.00,3.969464,99.736328125
08:00:33,91282CLQ2,TSRYS5906509,D,S,T,2024-10-22,2000000.00,3.969464,99.736328125
08:00:33,91282CLQ2,TSRYS5906509,D,S,T,2024-10-22,1000000.00,3.969464,99.736328125
08:00:33,91282CLQ2,TSRYS5906509,D,S,T,2024-10-22,1000000.00,3.969464,99.736328125
08:00:33,91282CLQ2,TSRYS5906509,D,S,T,2024-10-22,1000000.00,3.969464,99.736328125
08:00:33,91282CLQ2,TSRYS5906509,D,S,T,2024-10-22,1000000.00,3.970869,99.732421875
08:00:33,91282CLQ2,TSRYS5906509,D,S,T,2024-10-22,2000000.00,3.975791,99.71875
08:00:33,91282CLQ2,TSRYS5906509,D,S,T,2024-10-22,1000000.00,3.971572,99.73046875
08:00:33,91282CLQ2,TSRYS5906509,D,S,T,2024-10-22,1000000.00,3.971572,99.73046875
08:00:33,91282CLQ2,TSRYS5906509,D,S,T,2024-10-22,1000000.00,3.971572,99.73046875
08:00:33,91282CLQ2,TSRYS5906509,D,S,T,2024-10-22,1000000.00,3.971572,99.73046875
08:00:33,91282CLQ2,TSRYS5906509,D,S,T,2024-10-22,1000000.00,3.971572,99.73046875
08:00:33,91282CLQ2,TSRYS5906509,D,S,T,2024-10-22,1000000.00,3.974384,99.72265625
08:00:33,91282CLQ2,TSRYS5906509,D,S,T,2024-10-22,1000000.00,3.972275,99.728515625
08:00:33,91282CLQ2,TSRYS5906509,D,S,T,2024-10-22,1000000.00,3.972275,99.728515625
08:00:33,91282CLQ2,TSRYS5906509,D,S,T,2024-10-22,1000000.00,3.972275,99.728515625
08:00:33,91282CLQ2,TSRYS5906509,D,S,T,2024-10-22,1000000.00,3.972275,99.728515625
08:00:33,91282CLQ2,TSRYS5906509,D,S,T,2024-10-22,1000000.00,3.971572,99.73046875
08:00:33,91282CLQ2,TSRYS5906509,D,S,T,2024-10-22,1000000.00,3.970167,99.734375
08:00:33,91282CLQ2,TSRYS5906509,D,S,T,2024-10-22,1000000.00,3.970167,99.734375
08:00:33,91282CLQ2,TSRYS5906509,D,S,T,2024-10-22,2000000.00,3.970167,99.734375
08:00:33,91282CLQ2,TSRYS5906509,D,S,T,2024-10-22,1000000.00,3.970167,99.734375
08:00:33,91282CLQ2,TSRYS5906509,D,S,T,2024-10-22,1000000.00,3.970167,99.734375
08:00:33,91282CLQ2,TSRYS5906509,D,S,T,2024-10-22,1000000.00,3.970167,99.734375
08:00:33,91282CLQ2,TSRYS5906509,D,S,T,2024-10-22,1000000.00,3.970167,99.734375
08:00:33,91282CLQ2,TSRYS5906509,D,S,T,2024-10-22,1000000.00,3.970167,99.734375
08:00:33,91282CLQ2,TSRYS5906509,D,S,T,2024-10-22,1000000.00,3.970167,99.734375
08:00:33,91282CLQ2,TSRYS5906509,D,S,T,2024-10-22,1000000.00,3.970167,99.734375
08:00:33,91282CLQ2,TSRYS5906509,D,S,T,2024-10-22,1000000.00,3.970167,99.734375
08:00:33,91282CLQ2,TSRYS5906509,D,S,T,2024-10-22,1000000.00,3.970167,99.734375
08:00:33,91282CLQ2,TSRYS5906509,D,S,T,2024-10-22,1000000.00,3.970167,99.734375
08:00:33,91282CLQ2,TSRYS5906509,D,S,T,2024-10-22,1000000.00,3.970167,99.734375
08:00:33,91282CLQ2,TSRYS5906509,D,S,T,2024-10-22,1000000.00,3.970167,99.734375
08:00:33,91282CLQ2,TSRYS5906509,D,S,T,2024-10-22,2000000.00,3.981416,99.703125
08:00:33,91282CLQ2,TSRYS5906509,D,S,T,2024-10-22,2000000.00,3.981416,99.703125
08:00:33,91282CLQ2,TSRYS5906509,D,S,T,2024-10-22,1000000.00,3.975087,99.720703125
08:00:33,91282CLQ2,TSRYS5906509,D,S,T,2024-10-22,1000000.00,3.975791,99.71875
08:00:33,91282CLQ2,TSRYS5906509,D,S,T,2024-10-22,1000000.00,3.975791,99.71875
08:00:33,91282CLQ2,TSRYS5906509,D,S,T,2024-10-22,1000000.00,3.977197,99.71484375
08:00:33,91282CLQ2,TSRYS5906509,D,S,T,2024-10-22,2000000.00,3.9779,99.712890625
08:00:33,91282CLQ2,TSRYS5906509,D,S,T,2024-10-22,2000000.00,3.9779,99.712890625
08:00:33,91282CLQ2,TSRYS5906509,D,S,T,2024-10-22,2000000.00,3.9779,99.712890625
08:00:33,91282CLQ2,TSRYS5906509,D,S,T,2024-10-22,2000000.00,3.976494,99.716796875
08:00:33,91282CLQ2,TSRYS5906509,D,S,T,2024-10-22,2000000.00,3.977197,99.71484375
08:00:33,91282CLQ2,TSRYS5906509,D,S,T,2024-10-22,2000000.00,3.979306,99.708984375
08:00:33,91282CLQ2,TSRYS5906509,D,S,T,2024-10-22,2000000.00,3.979306,99.708984375
08:00:33,91282CLQ2,TSRYS5906509,D,S,D,2024-10-22,1000000.00,3.977197,99.71484375
08:00:36,91282CLQ2,TSRYS5906509,D,S,D,2024-10-22,2000000.00,3.971572,99.73046875
08:00:36,91282CLQ2,TSRYS5906509,D,S,D,2024-10-22,1000000.00,3.971572,99.73046875
08:00:36,91282CLQ2,TSRYS5906509,D,S,D,2024-10-22,1000000.00,3.971572,99.73046875
08:00:36,91282CLQ2,TSRYS5906509,D,S,D,2024-10-22,2000000.00,3.971572,99.73046875
08:00:36,91282CLQ2,TSRYS5906509,D,S,D,2024-10-22,2000000.00,3.971572,99.73046875
08:00:36,91282CLQ2,TSRYS5906509,D,S,D,2024-10-22,1000000.00,3.971572,99.73046875
08:00:36,91282CLQ2,TSRYS5906509,D,S,D,2024-10-22,1000000.00,3.971572,99.73046875
08:00:36,91282CLQ2,TSRYS5906509,D,S,D,2024-10-22,1000000.00,3.971572,99.73046875
08:00:36,91282CLQ2,TSRYS5906509,D,S,D,2024-10-22,1000000.00,3.970167,99.734375
08:00:37,91282CLQ2,TSRYS5906509,D,S,D,2024-10-22,1000000.00,3.970167,99.734375
08:00:37,91282CLQ2,TSRYS5906509,D,S,D,2024-10-22,1000000.00,3.970869,99.732421875
08:00:37,91282CLQ2,TSRYS5906509,D,S,D,2024-10-22,1000000.00,3.970869,99.732421875
08:00:37,91282CLQ2,TSRYS5906509,D,S,D,2024-10-22,2000000.00,3.971572,99.73046875
08:00:37,91282CLQ2,TSRYS5906509,D,S,D,2024-10-22,1000000.00,3.972978,99.7265625
08:00:38,91282CLQ2,TSRYS5906509,D,S,D,2024-10-22,1000000.00,3.973681,99.724609375
08:00:38,91282CLQ2,TSRYS5906509,D,S,A,2024-10-22,7378000.00,3.974384,99.72265625
08:00:42,91282CLQ2,TSRYS5906509,D,S,D,2024-10-22,2000000.00,3.975791,99.71875
08:00:42,91282CLQ2,TSRYS5906509,D,S,D,2024-10-22,1000000.00,3.971572,99.73046875
08:00:42,91282CLQ2,TSRYS5906509,D,S,D,2024-10-22,1000000.00,3.971572,99.73046875
08:00:43,91282CLQ2,TSRYS5906509,D,S,D,2024-10-22,1000000.00,3.972978,99.7265625
08:00:43,91282CLQ2,TSRYS5906509,D,B,A,2024-10-22,8000000.00,3.946276,99.80078125
08:00:43,91282CLQ2,TSRYS5906509,D,S,D,2024-10-22,1000000.00,3.950491,99.7890625
08:00:44,91282CLQ2,TSRYS5906509,D,S,A,2024-10-22,1150000.00,3.950491,99.7890625
08:00:44,91282CLQ2,TSRYS5906509,D,S,D,2024-10-22,1000000.00,3.949086,99.79296875
08:00:44,91282CLQ2,TSRYS5906509,D,S,A,2024-10-22,22000000.00,3.944872,99.8046875
08:00:44,91282CLQ2,TSRYS5906509,D,S,T,2024-10-22,1000000.00,3.944872,99.8046875
08:00:44,91282CLQ2,TSRYS5906509,D,S,T,2024-10-22,1000000.00,3.944872,99.8046875
08:00:44,91282CLQ2,TSRYS5906509,D,S,T,2024-10-22,1000000.00,3.944872,99.8046875
08:00:44,91282CLQ2,TSRYS5906509,D,S,D,2024-10-22,1000000.00,3.949086,99.79296875
08:00:44,91282CLQ2,TSRYS5906509,D,S,D,2024-10-22,1000000.00,3.951896,99.78515625
08:00:44,91282CLQ2,TSRYS5906509,D,S,D,2024-10-22,1000000.00,3.953301,99.78125
08:00:44,91282CLQ2,TSRYS5906509,D,S,D,2024-10-22,1891000.00,3.978603,99.7109375
08:00:44,91282CLQ2,TSRYS5906509,D,S,D,2024-10-22,1000000.00,3.963138,99.75390625
08:00:44,91282CLQ2,TSRYS5906509,D,S,D,2024-10-22,1000000.00,3.970167,99.734375
08:00:44,91282CLQ2,TSRYS5906509,D,S,C,2024-10-22,5000000.00,3.979952,99.70703125
08:00:44,91282CLQ2,TSRYS5906509,D,S,A,2024-10-22,20000000.00,3.974384,99.72265625
08:00:44,91282CLQ2,TSRYS5906509,D,S,T,2024-10-22,1000000.00,3.970167,99.734375
08:00:44,91282CLQ2,TSRYS5906509,D,S,T,2024-10-22,1000000.00,3.970167,99.734375
08:00:44,91282CLQ2,TSRYS5906509,D,S,A,2024-10-22,5600000.00,3.968761,99.73828125
08:00:44,91282CLQ2,TSRYS5906509,D,S,T,2024-10-22,1000000.00,3.971572,99.73046875
08:00:44,91282CLQ2,TSRYS5906509,D,S,D,2024-10-22,1000000.00,3.970167,99.734375
08:00:45,91282CLQ2,TSRYS5906509,D,S,A,2024-10-22,240000.00,3.968761,99.73828125
08:00:45,91282CLQ2,TSRYS5906509,D,B,C,2024-10-22,390000.00,3.974384,99.72265625
08:00:45,91282CLQ2,TSRYS5906509,D,B,C,2024-10-22,43000000.00,3.974384,99.72265625
08:00:45,91282CLQ2,TSRYS5906509,D,S,C,2024-10-22,1720000.00,3.975791,99.71875
08:00:48,91282CLQ2,TSRYS5906509,D,S,D,2024-10-22,2000000.00,3.974384,99.72265625
08:00:50,91282CLQ2,TSRYS5906509,D,S,A,2024-10-22,250000.00,3.970265,99.734375
08:00:51,91282CLQ2,TSRYS5906509,D,S,D,2024-10-22,1000000.00,3.977197,99.71484375
08:00:51,91282CLQ2,TSRYS5906509,D,S,D,2024-10-22,1000000.00,3.977197,99.71484375
08:00:52,91282CLQ2,TSRYS5906509,D,S,D,2024-10-22,1000000.00,3.976494,99.716796875
08:00:59,91282CLQ2,TSRYS5906509,D,S,D,2024-10-22,1000000.00,3.974384,99.72265625
08:00:59,91282CLQ2,TSRYS5906509,D,S,D,2024-10-22,1000000.00,3.974384,99.72265625
08:00:59,91282CLQ2,TSRYS5906509,D,S,D,2024-10-22,3000000.00,3.971572,99.73046875
08:00:59,91282CLQ2,TSRYS5906509,D,S,D,2024-10-22,1000000.00,3.970167,99.734375
08:00:59,91282CLQ2,TSRYS5906509,D,S,D,2024-10-22,1000000.00,3.970167,99.734375
08:00:59,91282CLQ2,TSRYS5906509,D,S,D,2024-10-22,1000000.00,3.970167,99.734375
08:00:59,91282CLQ2,TSRYS5906509,D,S,C,2024-10-22,1000000.00,3.970869,99.732421875
08:01:00,91282CLQ2,TSRYS5906509,D,S,D,2024-10-22,1000000.00,3.967355,99.7421875
08:01:00,91282CLQ2,TSRYS5906509,D,S,D,2024-10-22,1000000.00,3.965949,99.74609375
08:01:00,91282CLQ2,TSRYS5906509,D,S,D,2024-10-22,1000000.00,3.965246,99.748046875
08:01:00,91282CLQ2,TSRYS5906509,D,S,D,2024-10-22,1000000.00,3.966652,99.744140625
08:01:00,91282CLQ2,TSRYS5906509,D,S,D,2024-10-22,1000000.00,3.953301,99.78125
08:01:00,91282CLQ2,TSRYS5906509,D,B,C,2024-10-22,1000000.00,3.951193,99.787109375
08:01:00,91282CLQ2,TSRYS5906509,D,S,D,2024-10-22,1000000.00,3.951193,99.787109375
08:01:00,91282CLQ2,TSRYS5906509,D,B,C,2024-10-22,2000000.00,3.954003,99.779296875
08:01:00,91282CLQ2,TSRYS5906509,D,S,D,2024-10-22,2000000.00,3.954003,99.779296875
08:01:00,91282CLQ2,TSRYS5906509,D,S,C,2024-10-22,1000000.00,3.971572,99.73046875
08:01:01,91282CLQ2,TSRYS5906509,D,S,A,2024-10-22,376000.00,3.951896,99.78515625
08:01:01,91282CLQ2,TSRYS5906509,D,S,D,2024-10-22,1000000.00,3.972978,99.7265625
08:01:01,91282CLQ2,TSRYS5906509,D,S,D,2024-10-22,5000000.00,3.976494,99.716796875
08:01:01,91282CLQ2,TSRYS5906509,D,S,D,2024-10-22,4000000.00,3.976494,99.716796875
08:01:01,91282CLQ2,TSRYS5906509,D,S,D,2024-10-22,4000000.00,3.976494,99.716796875
08:01:01,91282CLQ2,TSRYS5906509,D,S,D,2024-10-22,1000000.00,3.976494,99.716796875
08:01:01,91282CLQ2,TSRYS5906509,D,S,D,2024-10-22,5000000.00,3.976494,99.716796875
08:01:01,91282CLQ2,TSRYS5906509,D,S,D,2024-10-22,4000000.00,3.976494,99.716796875
08:01:01,91282CLQ2,TSRYS5906509,D,S,D,2024-10-22,4000000.00,3.976494,99.716796875
08:01:01,91282CLQ2,TSRYS5906509,D,S,D,2024-10-22,3000000.00,3.976494,99.716796875
08:01:01,91282CLQ2,TSRYS5906509,D,S,D,2024-10-22,3000000.00,3.976494,99.716796875
08:01:01,91282CLQ2,TSRYS5906509,D,S,D,2024-10-22,1000000.00,3.976494,99.716796875
08:01:01,91282CLQ2,TSRYS5906509,D,S,D,2024-10-22,3000000.00,3.976494,99.716796875
08:01:01,91282CLQ2,TSRYS5906509,D,S,D,2024-10-22,4000000.00,3.976494,99.716796875
08:01:01,91282CLQ2,TSRYS5906509,D,S,D,2024-10-22,3000000.00,3.976494,99.716796875
08:01:01,91282CLQ2,TSRYS5906509,D,S,D,2024-10-22,1000000.00,3.976494,99.716796875
08:01:01,91282CLQ2,TSRYS5906509,D,S,D,2024-10-22,2000000.00,3.976494,99.716796875
08:01:01,91282CLQ2,TSRYS5906509,D,S,D,2024-10-22,5000000.00,3.976494,99.716796875
08:01:01,91282CLQ2,TSRYS5906509,D,S,D,2024-10-22,4000000.00,3.976494,99.716796875
08:01:01,91282CLQ2,TSRYS5906509,D,S,D,2024-10-22,1000000.00,3.972275,99.728515625
08:01:02,91282CLQ2,TSRYS5906509,D,S,D,2024-10-22,1000000.00,3.972275,99.728515625
08:01:02,91282CLQ2,TSRYS5906509,D,S,D,2024-10-22,1000000.00,3.972275,99.728515625
08:01:02,91282CLQ2,TSRYS5906509,D,S,D,2024-10-22,1000000.00,3.972275,99.728515625
08:01:02,91282CLQ2,TSRYS5906509,D,S,D,2024-10-22,1000000.00,3.972275,99.728515625
08:01:02,91282CLQ2,TSRYS5906509,D,S,D,2024-10-22,3000000.00,3.972275,99.728515625
08:01:02,91282CLQ2,TSRYS5906509,D,S,D,2024-10-22,3000000.00,3.972275,99.728515625
08:01:02,91282CLQ2,TSRYS5906509,D,S,D,2024-10-22,1000000.00,3.972275,99.728515625
08:01:02,91282CLQ2,TSRYS5906509,D,S,D,2024-10-22,1000000.00,3.972275,99.728515625
08:01:02,91282CLQ2,TSRYS5906509,D,S,D,2024-10-22,1000000.00,3.972275,99.728515625
08:01:02,91282CLQ2,TSRYS5906509,D,S,D,2024-10-22,3000000.00,3.972275,99.728515625
08:01:02,91282CLQ2,TSRYS5906509,D,S,D,2024-10-22,3000000.00,3.972275,99.728515625
08:01:02,91282CLQ2,TSRYS5906509,D,S,D,2024-10-22,3000000.00,3.972275,99.728515625
08:01:02,91282CLQ2,TSRYS5906509,D,S,D,2024-10-22,3000000.00,3.972275,99.728515625
08:01:02,91282CLQ2,TSRYS5906509,D,S,D,2024-10-22,1000000.00,3.972275,99.728515625
08:01:02,91282CLQ2,TSRYS5906509,D,S,D,2024-10-22,1000000.00,3.972275,99.728515625
08:01:02,91282CLQ2,TSRYS5906509,D,S,D,2024-10-22,3000000.00,3.972275,99.728515625
08:01:02,91282CLQ2,TSRYS5906509,D,S,D,2024-10-22,1000000.00,3.972978,99.7265625
08:01:02,91282CLQ2,TSRYS5906509,D,S,D,2024-10-22,13000000.00,3.972978,99.7265625
08:01:02,91282CLQ2,TSRYS5906509,D,S,D,2024-10-22,1000000.00,3.972978,99.7265625
08:01:02,91282CLQ2,TSRYS5906509,D,S,D,2024-10-22,1000000.00,3.972978,99.7265625
08:01:02,91282CLQ2,TSRYS5906509,D,S,D,2024-10-22,2000000.00,3.972978,99.7265625
08:01:02,91282CLQ2,TSRYS5906509,D,S,D,2024-10-22,1000000.00,3.972978,99.7265625
08:01:02,91282CLQ2,TSRYS5906509,D,S,D,2024-10-22,7000000.00,3.972978,99.7265625
08:01:02,91282CLQ2,TSRYS5906509,D,S,D,2024-10-22,2000000.00,3.972978,99.7265625
08:01:02,91282CLQ2,TSRYS5906509,D,S,D,2024-10-22,1000000.00,3.972978,99.7265625
08:01:02,91282CLQ2,TSRYS5906509,D,S,D,2024-10-22,1000000.00,3.972978,99.7265625
08:01:02,91282CLQ2,TSRYS5906509,D,S,D,2024-10-22,1000000.00,3.972978,99.7265625
08:01:02,91282CLQ2,TSRYS5906509,D,S,D,2024-10-22,1000000.00,3.972978,99.7265625
08:01:02,91282CLQ2,TSRYS5906509,D,S,D,2024-10-22,1000000.00,3.972978,99.7265625
08:01:02,91282CLQ2,TSRYS5906509,D,S,D,2024-10-22,1000000.00,3.972978,99.7265625
08:01:02,91282CLQ2,TSRYS5906509,D,S,D,2024-10-22,2000000.00,3.972275,99.728515625
08:01:02,91282CLQ2,TSRYS5906509,D,S,D,2024-10-22,6000000.00,3.972978,99.7265625
08:01:02,91282CLQ2,TSRYS5906509,D,S,D,2024-10-22,1000000.00,3.972275,99.728515625
08:01:02,91282CLQ2,TSRYS5906509,D,S,D,2024-10-22,1000000.00,3.972275,99.728515625
08:01:02,91282CLQ2,TSRYS5906509,D,S,D,2024-10-22,2000000.00,3.972275,99.728515625
08:01:02,91282CLQ2,TSRYS5906509,D,S,D,2024-10-22,1000000.00,3.972275,99.728515625
08:01:02,91282CLQ2,TSRYS5906509,D,S,D,2024-10-22,1000000.00,3.972275,99.728515625
08:01:02,91282CLQ2,TSRYS5906509,D,S,D,2024-10-22,2000000.00,3.972275,99.728515625
08:01:02,91282CLQ2,TSRYS5906509,D,S,D,2024-10-22,2000000.00,3.972275,99.728515625
08:01:02,91282CLQ2,TSRYS5906509,D,S,D,2024-10-22,1000000.00,3.972275,99.728515625
08:01:02,91282CLQ2,TSRYS5906509,D,S,D,2024-10-22,1000000.00,3.972275,99.728515625
08:01:02,91282CLQ2,TSRYS5906509,D,S,D,2024-10-22,2000000.00,3.972275,99.728515625
08:01:02,91282CLQ2,TSRYS5906509,D,S,D,2024-10-22,1000000.00,3.972275,99.728515625
08:01:02,91282CLQ2,TSRYS5906509,D,S,D,2024-10-22,1000000.00,3.972275,99.728515625
08:01:02,91282CLQ2,TSRYS5906509,D,S,D,2024-10-22,2000000.00,3.972275,99.728515625
08:01:02,91282CLQ2,TSRYS5906509,D,S,D,2024-10-22,1000000.00,3.972275,99.728515625
08:01:02,91282CLQ2,TSRYS5906509,D,S,D,2024-10-22,1000000.00,3.972275,99.728515625
08:01:02,91282CLQ2,TSRYS5906509,D,S,D,2024-10-22,3000000.00,3.975791,99.71875
08:01:02,91282CLQ2,TSRYS5906509,D,S,D,2024-10-22,1000000.00,3.975087,99.720703125
08:01:02,91282CLQ2,TSRYS5906509,D,S,D,2024-10-22,1000000.00,3.975087,99.720703125
08:01:02,91282CLQ2,TSRYS5906509,D,S,D,2024-10-22,1000000.00,3.975791,99.71875
08:01:02,91282CLQ2,TSRYS5906509,D,S,D,2024-10-22,1000000.00,3.975791,99.71875
08:01:02,91282CLQ2,TSRYS5906509,D,S,C,2024-10-22,25000.00,3.975791,99.71875
08:01:03,91282CLQ2,TSRYS5906509,D,S,D,2024-10-22,1000000.00,3.952598,99.783203125
08:01:03,91282CLQ2,TSRYS5906509,D,B,C,2024-10-22,1000000.00,3.952598,99.783203125
08:01:03,91282CLQ2,TSRYS5906509,D,S,D,2024-10-22,1000000.00,3.949788,99.791015625
08:01:03,91282CLQ2,TSRYS5906509,D,S,C,2024-10-22,2000000.00,3.951193,99.787109375
08:01:03,91282CLQ2,TSRYS5906509,D,B,C,2024-10-22,1000000.00,3.949788,99.791015625
08:01:03,91282CLQ2,TSRYS5906509,D,S,C,2024-10-22,1000000.00,3.951193,99.787109375
08:01:03,91282CLQ2,TSRYS5906509,D,S,C,2024-10-22,1000000.00,3.949086,99.79296875
08:01:03,91282CLQ2,TSRYS5906509,D,S,D,2024-10-22,1000000.00,3.949086,99.79296875
08:01:03,91282CLQ2,TSRYS5906509,D,S,C,2024-10-22,1000000.00,3.949086,99.79296875
08:01:03,91282CLQ2,TSRYS5906509,D,S,C,2024-10-22,1000000.00,3.949788,99.791015625
08:01:03,91282CLQ2,TSRYS5906509,D,S,C,2024-10-22,1000000.00,3.949086,99.79296875
08:01:03,91282CLQ2,TSRYS5906509,D,S,D,2024-10-22,1000000.00,3.951193,99.787109375
08:01:03,91282CLQ2,TSRYS5906509,D,B,C,2024-10-22,1000000.00,3.951193,99.787109375
08:01:03,91282CLQ2,TSRYS5906509,D,S,C,2024-10-22,1000000.00,3.949788,99.791015625
08:01:03,91282CLQ2,TSRYS5906509,D,S,D,2024-10-22,1000000.00,3.972978,99.7265625
08:01:03,91282CLQ2,TSRYS5906509,D,S,C,2024-10-22,1000000.00,3.951193,99.787109375
08:01:03,91282CLQ2,TSRYS5906509,D,S,C,2024-10-22,1000000.00,3.950491,99.7890625
08:01:04,91282CLQ2,TSRYS5906509,D,S,D,2024-10-22,1000000.00,3.949086,99.79296875
08:01:04,91282CLQ2,TSRYS5906509,D,B,C,2024-10-22,1000000.00,3.949086,99.79296875
08:01:04,91282CLQ2,TSRYS5906509,D,S,D,2024-10-22,1000000.00,3.949086,99.79296875
08:01:04,91282CLQ2,TSRYS5906509,D,S,D,2024-10-22,4000000.00,3.949086,99.79296875
08:01:04,91282CLQ2,TSRYS5906509,D,S,D,2024-10-22,1000000.00,3.947681,99.796875
08:01:04,91282CLQ2,TSRYS5906509,D,B,C,2024-10-22,1000000.00,3.947681,99.796875
08:01:04,91282CLQ2,TSRYS5906509,D,S,C,2024-10-22,1000000.00,3.947681,99.796875
08:01:04,91282CLQ2,TSRYS5906509,D,S,D,2024-10-22,1000000.00,3.946979,99.798828125
08:01:04,91282CLQ2,TSRYS5906509,D,B,C,2024-10-22,1000000.00,3.946979,99.798828125
08:01:04,91282CLQ2,TSRYS5906509,D,B,C,2024-10-22,1000000.00,3.947681,99.796875
08:01:04,91282CLQ2,TSRYS5906509,D,S,C,2024-10-22,1000000.00,3.946276,99.80078125
08:01:04,91282CLQ2,TSRYS5906509,D,B,C,2024-10-22,1000000.00,3.946276,99.80078125
08:01:04,91282CLQ2,TSRYS5906509,D,S,C,2024-10-22,1000000.00,3.946276,99.80078125
08:01:04,91282CLQ2,TSRYS5906509,D,S,D,2024-10-22,1000000.00,3.946276,99.80078125
08:01:04,91282CLQ2,TSRYS5906509,D,B,C,2024-10-22,1000000.00,3.946276,99.80078125
08:01:04,91282CLQ2,TSRYS5906509,D,S,D,2024-10-22,1000000.00,3.946276,99.80078125
08:01:04,91282CLQ2,TSRYS5906509,D,B,C,2024-10-22,1000000.00,3.946276,99.80078125
08:01:04,91282CLQ2,TSRYS5906509,D,S,D,2024-10-22,1000000.00,3.946276,99.80078125
08:01:04,91282CLQ2,TSRYS5906509,D,B,C,2024-10-22,1000000.00,3.946276,99.80078125
08:01:04,91282CLQ2,TSRYS5906509,D,S,D,2024-10-22,1000000.00,3.943467,99.80859375
08:01:04,91282CLQ2,TSRYS5906509,D,S,D,2024-10-22,1000000.00,3.945574,99.802734375
08:01:04,91282CLQ2,TSRYS5906509,D,B,C,2024-10-22,1000000.00,3.943467,99.80859375
08:01:04,91282CLQ2,TSRYS5906509,D,B,C,2024-10-22,1000000.00,3.945574,99.802734375
08:01:04,91282CLQ2,TSRYS5906509,D,S,D,2024-10-22,1000000.00,3.944872,99.8046875
08:01:04,91282CLQ2,TSRYS5906509,D,S,D,2024-10-22,1000000.00,3.943467,99.80859375
08:01:04,91282CLQ2,TSRYS5906509,D,B,C,2024-10-22,1000000.00,3.944872,99.8046875
08:01:04,91282CLQ2,TSRYS5906509,D,B,C,2024-10-22,1000000.00,3.944872,99.8046875
08:01:04,91282CLQ2,TSRYS5906509,D,B,C,2024-10-22,1000000.00,3.944872,99.8046875
08:01:04,91282CLQ2,TSRYS5906509,D,S,D,2024-10-22,1000000.00,3.944872,99.8046875
08:01:04,91282CLQ2,TSRYS5906509,D,B,C,2024-10-22,1000000.00,3.943467,99.80859375
08:01:04,91282CLQ2,TSRYS5906509,D,S,D,2024-10-22,1000000.00,3.944872,99.8046875
08:01:04,91282CLQ2,TSRYS5906509,D,S,D,2024-10-22,1000000.00,3.946276,99.80078125
08:01:04,91282CLQ2,TSRYS5906509,D,B,C,2024-10-22,1000000.00,3.944872,99.8046875
08:01:04,91282CLQ2,TSRYS5906509,D,B,C,2024-10-22,1000000.00,3.946276,99.80078125
08:01:04,91282CLQ2,TSRYS5906509,D,S,D,2024-10-22,1000000.00,3.946276,99.80078125
08:01:04,91282CLQ2,TSRYS5906509,D,S,D,2024-10-22,1000000.00,3.944872,99.8046875
08:01:04,91282CLQ2,TSRYS5906509,D,B,C,2024-10-22,1000000.00,3.946276,99.80078125
08:01:05,91282CLQ2,TSRYS5906509,D,S,D,2024-10-22,2000000.00,3.974384,99.72265625
08:01:05,91282CLQ2,TSRYS5906509,D,S,D,2024-10-22,1000000.00,3.975087,99.720703125
08:01:05,91282CLQ2,TSRYS5906509,D,S,D,2024-10-22,2000000.00,3.975791,99.71875
08:01:05,91282CLQ2,TSRYS5906509,D,S,D,2024-10-22,1000000.00,3.949086,99.79296875
08:01:05,91282CLQ2,TSRYS5906509,D,B,C,2024-10-22,1000000.00,3.949086,99.79296875
08:01:05,91282CLQ2,TSRYS5906509,D,S,D,2024-10-22,1000000.00,3.949086,99.79296875
08:01:05,91282CLQ2,TSRYS5906509,D,S,D,2024-10-22,1000000.00,3.951896,99.78515625
08:01:05,91282CLQ2,TSRYS5906509,D,S,D,2024-10-22,1000000.00,3.951896,99.78515625
08:01:05,91282CLQ2,TSRYS5906509,D,B,C,2024-10-22,1000000.00,3.951896,99.78515625
08:01:05,91282CLQ2,TSRYS5906509,D,B,C,2024-10-22,1000000.00,3.951896,99.78515625
08:01:05,91282CLQ2,TSRYS5906509,D,S,D,2024-10-22,1000000.00,3.951896,99.78515625
08:01:05,91282CLQ2,TSRYS5906509,D,B,C,2024-10-22,1000000.00,3.952598,99.783203125
08:01:05,91282CLQ2,TSRYS5906509,D,S,D,2024-10-22,1000000.00,3.952598,99.783203125
08:01:05,91282CLQ2,TSRYS5906509,D,S,D,2024-10-22,1000000.00,3.953301,99.78125
08:01:05,91282CLQ2,TSRYS5906509,D,B,C,2024-10-22,1000000.00,3.953301,99.78125
08:01:05,91282CLQ2,TSRYS5906509,D,S,D,2024-10-22,1000000.00,3.953301,99.78125
08:01:05,91282CLQ2,TSRYS5906509,D,B,C,2024-10-22,1000000.00,3.953301,99.78125
08:01:05,91282CLQ2,TSRYS5906509,D,S,C,2024-10-22,1000000.00,3.953301,99.78125
08:01:05,91282CLQ2,TSRYS5906509,D,B,C,2024-10-22,1000000.00,3.954003,99.779296875
08:01:05,91282CLQ2,TSRYS5906509,D,S,D,2024-10-22,1000000.00,3.954003,99.779296875
08:01:05,91282CLQ2,TSRYS5906509,D,S,D,2024-10-22,1000000.00,3.955409,99.775390625
08:01:05,91282CLQ2,TSRYS5906509,D,B,C,2024-10-22,1000000.00,3.955409,99.775390625
08:01:05,91282CLQ2,TSRYS5906509,D,S,D,2024-10-22,1000000.00,3.956111,99.7734375
08:01:05,91282CLQ2,TSRYS5906509,D,B,C,2024-10-22,1000000.00,3.956111,99.7734375
08:01:05,91282CLQ2,TSRYS5906509,D,S,D,2024-10-22,1000000.00,3.956814,99.771484375
08:01:05,91282CLQ2,TSRYS5906509,D,B,C,2024-10-22,1000000.00,3.956814,99.771484375
08:01:05,91282CLQ2,TSRYS5906509,D,B,C,2024-10-22,1000000.00,3.957516,99.76953125
08:01:05,91282CLQ2,TSRYS5906509,D,S,D,2024-10-22,1000000.00,3.957516,99.76953125
08:01:05,91282CLQ2,TSRYS5906509,D,S,D,2024-10-22,1000000.00,3.958219,99.767578125
08:01:05,91282CLQ2,TSRYS5906509,D,B,C,2024-10-22,1000000.00,3.958219,99.767578125
08:01:06,91282CLQ2,TSRYS5906509,D,S,A,2024-10-22,2989000.00,3.971572,99.73046875
08:01:06,91282CLQ2,TSRYS5906509,D,S,D,2024-10-22,1000000.00,3.975087,99.720703125
08:01:06,91282CLQ2,TSRYS5906509,D,S,D,2024-10-22,1000000.00,3.975791,99.71875
08:01:08,91282CLQ2,TSRYS5906509,D,S,D,2024-10-22,1000000.00,3.978603,99.7109375
08:01:08,91282CLQ2,TSRYS5906509,D,S,T,2024-10-22,1000000.00,3.977197,99.71484375
08:01:08,91282CLQ2,TSRYS5906509,D,S,D,2024-10-22,2000000.00,3.978603,99.7109375
08:01:08,91282CLQ2,TSRYS5906509,D,S,D,2024-10-22,1000000.00,3.981416,99.703125
08:01:08,91282CLQ2,TSRYS5906509,D,S,D,2024-10-22,1000000.00,3.981416,99.703125
08:01:08,91282CLQ2,TSRYS5906509,D,S,D,2024-10-22,2000000.00,3.9779,99.712890625
08:01:08,91282CLQ2,TSRYS5906509,D,S,D,2024-10-22,2000000.00,3.976494,99.716796875
08:01:09,91282CLQ2,TSRYS5906509,D,S,C,2024-10-22,1000000.00,3.976494,99.716796875
08:01:09,91282CLQ2,TSRYS5906509,D,S,D,2024-10-22,1000000.00,3.976494,99.716796875
08:01:09,91282CLQ2,TSRYS5906509,D,S,D,2024-10-22,1000000.00,3.976494,99.716796875
08:01:09,91282CLQ2,TSRYS5906509,D,S,D,2024-10-22,1000000.00,3.976494,99.716796875
08:01:09,91282CLQ2,TSRYS5906509,D,S,C,2024-10-22,1000000.00,3.976494,99.716796875
08:01:09,91282CLQ2,TSRYS5906509,D,S,D,2024-10-22,1000000.00,3.976494,99.716796875
08:01:09,91282CLQ2,TSRYS5906509,D,S,D,2024-10-22,2000000.00,3.977197,99.71484375
08:01:09,91282CLQ2,TSRYS5906509,D,S,D,2024-10-22,1000000.00,3.977197,99.71484375
08:01:09,91282CLQ2,TSRYS5906509,D,S,D,2024-10-22,1000000.00,3.9779,99.712890625
08:01:09,91282CLQ2,TSRYS5906509,D,S,D,2024-10-22,3000000.00,3.9779,99.712890625
08:01:09,91282CLQ2,TSRYS5906509,D,S,D,2024-10-22,2000000.00,3.9779,99.712890625
08:01:10,91282CLQ2,TSRYS5906509,D,S,D,2024-10-22,1000000.00,3.977197,99.71484375
08:01:10,91282CLQ2,TSRYS5906509,D,S,D,2024-10-22,3000000.00,3.976494,99.716796875
08:01:10,91282CLQ2,TSRYS5906509,D,S,C,2024-10-22,1000000.00,3.977197,99.71484375
08:01:16,91282CLQ2,TSRYS5906509,D,B,C,2024-10-22,1000000.00,3.953301,99.78125
08:01:16,91282CLQ2,TSRYS5906509,D,B,C,2024-10-22,1000000.00,3.953301,99.78125
08:01:16,91282CLQ2,TSRYS5906509,D,B,C,2024-10-22,1000000.00,3.953301,99.78125
08:01:18,91282CLQ2,TSRYS5906509,D,S,D,2024-10-22,25000000.00,3.952599,99.7832
08:01:18,91282CLQ2,TSRYS5906509,D,S,C,2024-10-22,20000.00,3.975791,99.71875
08:01:18,91282CLQ2,TSRYS5906509,D,B,C,2024-10-22,1000000.00,3.955409,99.775390625
08:01:18,91282CLQ2,TSRYS5906509,D,S,D,2024-10-22,1000000.00,3.955409,99.775390625
08:01:18,91282CLQ2,TSRYS5906509,D,S,D,2024-10-22,1000000.00,3.958219,99.767578125
08:01:18,91282CLQ2,TSRYS5906509,D,B,C,2024-10-22,1000000.00,3.958219,99.767578125
08:01:18,91282CLQ2,TSRYS5906509,D,S,D,2024-10-22,4000000.00,3.960327,99.76171875
08:01:18,91282CLQ2,TSRYS5906509,D,B,C,2024-10-22,4000000.00,3.960327,99.76171875
08:01:18,91282CLQ2,TSRYS5906509,D,B,C,2024-10-22,1000000.00,3.959624,99.763671875
08:01:18,91282CLQ2,TSRYS5906509,D,S,D,2024-10-22,1000000.00,3.959624,99.763671875
08:01:18,91282CLQ2,TSRYS5906509,D,S,D,2024-10-22,2000000.00,3.960327,99.76171875
08:01:18,91282CLQ2,TSRYS5906509,D,S,D,2024-10-22,1000000.00,3.960327,99.76171875
08:01:18,91282CLQ2,TSRYS5906509,D,S,D,2024-10-22,1000000.00,3.96103,99.759765625
08:01:18,91282CLQ2,TSRYS5906509,D,S,D,2024-10-22,3000000.00,3.96103,99.759765625
08:01:18,91282CLQ2,TSRYS5906509,D,B,C,2024-10-22,1000000.00,3.96103,99.759765625
08:01:18,91282CLQ2,TSRYS5906509,D,S,D,2024-10-22,1000000.00,3.96103,99.759765625
08:01:18,91282CLQ2,TSRYS5906509,D,B,C,2024-10-22,3000000.00,3.96103,99.759765625
08:01:18,91282CLQ2,TSRYS5906509,D,S,D,2024-10-22,2000000.00,3.96103,99.759765625
08:01:18,91282CLQ2,TSRYS5906509,D,B,C,2024-10-22,1000000.00,3.96103,99.759765625
08:01:18,91282CLQ2,TSRYS5906509,D,S,D,2024-10-22,1000000.00,3.96103,99.759765625
08:01:18,91282CLQ2,TSRYS5906509,D,B,C,2024-10-22,1000000.00,3.96103,99.759765625
08:01:18,91282CLQ2,TSRYS5906509,D,S,D,2024-10-22,1000000.00,3.96103,99.759765625
08:01:18,91282CLQ2,TSRYS5906509,D,B,C,2024-10-22,1000000.00,3.96103,99.759765625
08:01:18,91282CLQ2,TSRYS5906509,D,B,C,2024-10-22,1000000.00,3.961733,99.7578125
08:01:18,91282CLQ2,TSRYS5906509,D,S,D,2024-10-22,1000000.00,3.961733,99.7578125
08:01:19,91282CLQ2,TSRYS5906509,D,S,D,2024-10-22,1000000.00,3.963138,99.75390625
08:01:19,91282CLQ2,TSRYS5906509,D,S,D,2024-10-22,1000000.00,3.965949,99.74609375
08:01:19,91282CLQ2,TSRYS5906509,D,S,D,2024-10-22,1000000.00,3.966652,99.744140625
08:01:19,91282CLQ2,TSRYS5906509,D,B,C,2024-10-22,1000000.00,3.966652,99.744140625
08:01:19,91282CLQ2,TSRYS5906509,D,B,C,2024-10-22,1000000.00,3.965949,99.74609375
08:01:19,91282CLQ2,TSRYS5906509,D,S,C,2024-10-22,1000000.00,3.970869,99.732421875
08:01:19,91282CLQ2,TSRYS5906509,D,S,C,2024-10-22,2000000.00,3.952598,99.783203125
